code,internal_code,name,manufacturer_name,manufacture_country,manufacturer_item_description,unit_qty,quantity,unit_of_measure,weighted,qty_in_package,price,unit_of_measure_price,allow_discount,status,item_id
40084107,false,ביצת שוקולד הפתעה קינדר,פרדי קונדטוריה אס פי,IT,פררו,גרמים,20.00,100 גרם,false,,5.20,0.2600,true,1,60063
54051157,false,מעדן סויה טעם שוקו אלפרו רביעיה 125 ג',קריות זול,BE,אלפרו,מיליליטרים,500.00,"100 מ""ל",false,,16.90,0.0338,true,1,46265
59092513,false,"רקסונה דאו' רול-און לנשים בניחוח אלוורה, 50 מ""ל",יוניליוור HPC,GB,REXONA,מיליליטרים,50.00,"100 מ""ל",false,,11.90,0.2380,true,1,51178
72917367,false,טעמי חטיף במילוי קרם נוגט וקרמל,"שטראוס גרופ בע""מ",IL,עלית,גרמים,40.00,100 גרם,false,,3.90,0.0975,true,1,46268
72940754,false,"מילקי מעדן וניל עם קצפת שטראוס 133 מ""ל","שטראוס גרופ בע""\מ",IL,שטראוס,גרמים,134.00,100 גרם,false,,2.80,0.0209,true,1,48709
72940761,false,"מילקי מעדן שוקולד עם קצפת שטראוס 133 מ""ל",מיוצר עי קונדיטוריית,IL,שטראוס,גרמים,134.00,100 גרם,false,,2.80,0.0209,true,1,48710
72940952,false,מעדן מילקי בטעם שוקולד עם אקסטרה קצפת,"שטראוס גרופ בע""\מ",IL,שטראוס,גרמים,111.00,100 גרם,false,,3.50,0.0315,true,1,48711
72940976,false,סלט כרוב אדום אחלה 250 גרם,מיוצר עי קונדיטוריית,IL,שטראוס,גרמים,250.00,100 גרם,false,,7.50,0.0300,true,1,48712
72940983,false,סלט חומוס 250 גר אחל,אחלה - שטראוס,IL,שטראוס,גרמים,250.00,100 גרם,false,,6.90,0.0276,true,1,48713
72941041,false,מעדן מילקי מיני בטעם שוקולד עם קצפת,"שטראוס גרופ בע""\מ",IL,שטראוס,גרמים,71.00,100 גרם,false,,2.00,0.0282,true,1,48714
72945308,false,קוביית שמרים טריים לאפיה שמרית 50 גרם,"פאקא תעשיות בע""\מ",IL,תוצרת מסחרית,גרמים,50.00,100 גרם,false,,3.40,0.0680,true,1,48715
72961506,false,יוגורט עם תות 1.5% שומן 125 ג' פרילי,מיוצר עי קונדיטוריית,IL,פרילי,גרמים,125.00,100 גרם,false,,3.30,0.0264,true,1,52476
72961520,false,"פרילי יוגורט עם אננס 1.5% תנובה 125 מ""ל",מיוצר עי קונדיטוריית,IL,פרילי,גרמים,125.00,100 גרם,false,,3.30,0.0264,true,1,52478
72961544,false,"באדי יוגורט בטעם תות שדה 3% תנובה 125 מ""ל",מחלבת אלון תבור,IL,באדי,גרמים,125.00,100 גרם,false,,2.90,0.0232,true,1,52479
72963753,false,שמנת אורגינל של פעם 27% שומן 200 ג' תנובה,תנובה מרכז שיתופי לש,IL,תנובה,מיליליטרים,200.00,"100 מ""ל",false,,3.90,0.0195,true,1,52483
72964132,false,פרילי טבע יוגורט עם גרנולה 200 גרם,מיוצר עי קונדיטוריית,IL,פרילי,גרמים,200.00,100 גרם,false,,4.70,0.0235,true,1,52485
72964422,false,יוגורט פרחים 4.5% שומן 200 גרם,מחלבת תנובה,IL,פרחים,מיליליטרים,200.00,"100 מ""ל",false,,2.60,0.0130,true,1,52486
72986233,false,באדי מעדן וניל גביע 1.5%שומן 125 גרם בדצ,מחלבת אלון תבור,IL,באדי,גרמים,125.00,100 גרם,false,,2.90,0.0232,true,1,52487
72986240,false,באדי מעדן חלב בטעם שוקולד תנובה 125 גרם,מחלבת אלון תבור,IL,באדי,גרמים,125.00,100 גרם,false,,2.90,0.0232,true,1,52488
72986370,false,"גלידת בן & ג'ריס פיינטים וניל 500מ""ל",מוצרי איכות אמריקאיים,IL,בן & ג'ריס,מיליליטרים,500.00,"100 מ""ל",false,,17.40,0.0348,true,1,55576
72986424,false,"גלידת בן & ג'ריס פיינטים קרם עוגיות 500מ""ל",מוצרי איכות אמריקאיים בע,IL,בן & ג'ריס,מיליליטרים,500.00,"100 מ""ל",false,,17.40,0.0348,true,1,55577
72986448,false,"גלידת בן & ג'ריס פיינטים טופי קראנץ 500מ""ל",מוצרי איכות אמריקאיים בע,IL,בן & ג'ריס,מיליליטרים,500.00,"100 מ""ל",false,,17.40,0.0348,true,1,55578
72986455,false,"ניו יורק סופר גלידת שוקולד, חתיכות פאדג' ואגוזים",מוצרי איכות אמריקאיים בע,IL,בן & ג'ריס,מיליליטרים,500.00,"100 מ""ל",false,,17.40,0.0348,true,1,55579
72986479,false,"צ'אנקי מנקי גלידת וניל, בננות, חתיכות פאדג' ואגוזים",מוצרי איכות אמריקאיים בע,IL,בן & ג'ריס,גרמים,500.00,100 גרם,false,,17.40,0.0348,true,1,55580
72989425,false,"גלידת בן & ג'ריס פיינטים שוקולד בראוניז 500מ""ל",מוצרי איכות אמריקאיים בע,IL,בן & ג'ריס,מיליליטרים,500.00,"100 מ""ל",false,,17.40,0.0348,true,1,55581
72991008,false,חטיף פסק זמן במילוי ופל מגולגל 45 גרם,"שטראוס גרופ בע""מ",IL,עלית,גרמים,45.00,100 גרם,false,,4.90,0.1089,true,1,46274
72993637,false,מעדן חלב בטעם שוקולד 125 ג' דני,"שטראוס גרופ בע""\מ",IL,שטראוס,גרמים,125.00,100 גרם,false,,2.60,0.0208,true,1,48718
80042556,false,POLPA עגבניות חתוכות דק 400 גרם MUTTI,מוטי Mutti,IT,עגבניות חתוכות דק 40,יחידה,0.00,יחידה,false,,6.00,0.0000,true,1,72408
80042563,false,רסק עגבניות MUTTI{צהוב} 700 גרם,"איי, בי, אינבוו",IT,mutti,גרמים,700.00,100 גרם,false,,12.90,0.0184,true,1,60778
80050025,false,סוכריות טיק טק תפוז 16 גרם,פררו - אלבה,ZA,פררו,גרמים,16.00,100 גרם,false,,3.20,0.2000,true,1,60065
80050124,false,סוכריות טיק טק מנטה 16 גרם,פררו - אלבה,ZA,פררו,גרמים,16.00,100 גרם,false,,3.20,0.2000,true,1,60066
80050278,false,פררו רושר חטיף כדורים שלישיה 40ג',פררו - אלבה,IT,פררו,גרמים,37.50,100 גרם,false,,5.50,0.1467,true,1,60067
80052760,false,קינדר בואנו Kinder Bueno עם חלב ואגוזי לוז,פררו - אלבה,PL,פררו,גרמים,43.00,100 גרם,false,,3.90,0.0907,true,1,60072
80136194,false,חטיפי הפי היפו Happy Hippo במילוי קרם חלבי ואגוזי לוז,קינדר Kinder,DE,פררו,גרמים,103.00,100 גרם,false,,12.90,0.1252,true,1,60074
80176800,false,נוטלה ממרח שוקולד 750 גרם,פררו תעשיות איטליה ס,IT,פררו,גרמים,750.00,100 גרם,false,,25.90,0.0345,true,1,60075
80177173,false,ממרח שוקולד נוטלה 350 גרם,פררו - אלבה,IT,פררו,גרמים,350.00,100 גרם,false,,14.90,0.0426,true,1,60076
80177609,false,אצבעות שוקולד קינדר Kinder ארבע יחידות,פררו - אלבה,IT,פררו,גרמים,50.00,100 גרם,false,,3.90,0.0780,true,1,60078
80177616,false,אצבעות שוקולד קינדר Kinder שמונה יחידות,פררו - אלבה,IT,פררו,גרמים,100.00,100 גרם,false,,7.50,0.0750,true,1,60079
80310891,false,ג'וי ביצת הפתעה קינדר 20 גרם,קריות זול,ZA,ביצת קינדר גוי,גרמים,20.00,100 גרם,false,,5.20,0.2600,true,1,72029
80761761,false,קינדר בואנו חטיף לבן בודד,ליימן שליסל,PL,פררו,גרמים,39.00,100 גרם,false,,3.90,0.1000,true,1,60081
80773429,false,מנטוס בקבוק מעוגל - מסטיק ללא סוכר בטעם תות 60 גרם,"פרפטי ואן מלה ג'\ידה,סאן",TR,מנטוס,גרמים,60.00,100 גרם,false,,9.90,0.1650,true,1,43792
80773443,false,מנטוס בקבוק מעוגל - מסטיק ללא סוכר בטעם מנטה 60 גרם,"פרפטי ואן מלה ג'\ידה,סאן",TR,מנטוס,גרמים,60.00,100 גרם,false,,9.90,0.1650,true,1,43793
80776307,false,מסטיק מנטוס ביג בבקבוק מעוגל טעם פירות מנטה 90 ג',פרפטי ואן מלה הולנד,TR,מנטוס,גרמים,90.00,100 גרם,false,,12.90,0.1433,true,1,43794
80790990,false,מסטיק מנטוס בבקבוק מעוגל בטעם פירות -מנטה 60 ג',"פרפטי ואן מלה ג'\ידה,סאן",TR,מנטוס,גרמים,60.00,100 גרם,false,,9.90,0.1650,true,1,43797
80794233,false,מסטיק מנטוס ביג בבקבוק מעוגל טעם מנטה 90 ג',פרפטי ואן מלה הולנד,TR,מנטוס,גרמים,90.00,100 גרם,false,,12.90,0.1433,true,1,43799
80832560,false,"סוכריות מנטוס קלין ברט פירות יער לל""ס21",פרפטי ואן מלה,TR,מנטוס,גרמים,21.00,100 גרם,false,,6.90,0.3286,true,1,43810
80843184,false,מנטוס מסטיק פיור פרש בטעם ענבים 60גר,פרפטי ואן מלה הולנד,TR,מנטוס,גרמים,60.00,100 גרם,false,,9.90,0.1650,true,1,43811
80854753,false,סוכרית מנטוס מנטה ללא סוכר 21 גרם Clean Breath,פרפטי ואן מלה,NL,מנטוס,גרמים,21.00,100 גרם,false,,6.90,0.3286,true,1,43814
80862260,false,מסטיק מנטוס פיור וויט מנטה מתוקה 150 גר,"פרפטי ואן מלה ג'ידה,סאן",TR,מסטיק פיור וויט XXL,גרמים,150.00,100 גרם,false,,16.90,0.1127,true,1,43817
80896081,false,מנטוס בקבוק מעוגל - מסטיק ללא סוכר בטעם אבטיח 60 גרם,"פרפטי ואן מלה ג'\ידה,סאן",TR,מנטוס,גרמים,60.00,100 גרם,false,,9.90,0.1650,true,1,43821
80913467,false,מנטוס בקבוק מעוגל - מסטיק ללא סוכר בטעם מנטה,פרפטי ואן מלה הולנד,TR,מנטוס,גרמים,60.00,100 גרם,false,,9.90,0.1650,true,1,43822
80929277,false,מסטיק מנטוס פיור וויט מנטה עדינה 150 גר,"פרפטי ואן מלה ג'ידה,סאן",TR,מסטיק פיור וויט XXL,גרמים,150.00,100 גרם,false,,16.90,0.1127,true,1,43825
80936848,false,סוכריות טיק טק תות שדה 24 יח',ליימן-שליסל,ZA,פררו,גרמים,16.00,100 גרם,false,,3.20,0.2000,true,1,60083
80957706,false,מסטיק מנטוס פיור וויט מנטה 150 גר,"פרפטי ואן מלה ג'ידה,סאן",TR,מסטיק פיור וויט XXL,גרמים,150.00,100 גרם,false,,16.90,0.1127,true,1,43833
80974215,false,מסטיק מנטוס פיור פרש בבקבוק ביג בטעם תות 90ג',"פרפטי ואן מלה ג'ידה,סאן",TR,מנטוס,גרמים,90.00,100 גרם,false,,12.90,0.1433,true,1,43835
80995128,false,מנטוס בקבוק עגול בטעם הדרים בתוספת ויטמינים 60 גרם,פרפטי ואן מלה הולנד,TR,מנטוס,גרמים,60.00,100 גרם,false,,9.90,0.1650,true,1,43841
87108651,false,סוכריות בטעם מנטה מנטוס 4*37.5 גרם,הדקלאים אגודת שיתופי,NL,מנטוס,גרמים,160.00,100 גרם,false,,10.90,0.0681,true,1,43844
87108712,false,סוכריות בטעם פירות מנטוס 4*37.5 גרם,פרפטי ואן מלה ברדה,NL,מנטוס,גרמים,160.00,100 גרם,false,,10.90,0.0681,true,1,43845
88888000,true,Temp SuperDept,,,Temp SuperDept,,0.00,,false,,0.00,0.0000,true,1,30353
88888001,true,מכולת,,,מכולת,,0.00,,false,,0.00,0.0000,true,1,30354
88888002,true,פירות וירקות,,,פירות וירקות,,0.00,,false,,0.00,0.0000,true,1,30355
88888003,true,קצביה,,,קצביה,,0.00,,false,,0.00,0.0000,true,1,30356
88888004,true,קפואים,,,קפואים,,0.00,,false,,0.00,0.0000,true,1,30357
88888005,true,מעדניה,,,מעדניה,,0.00,,false,,0.00,0.0000,true,1,30358
88888006,true,משקאות,,,משקאות,,0.00,,false,,0.00,0.0000,true,1,30359
88888007,true,תינוקות,,,תינוקות,,0.00,,false,,0.00,0.0000,true,1,30360
88888008,true,חומרי ניקוי,,,חומרי ניקוי,,0.00,,false,,0.00,0.0000,true,1,30361
88888009,true,טיפוח והגינה,,,טיפוח והגינה,,0.00,,false,,0.00,0.0000,true,1,30362
88888010,true,לא מזון,,,לא מזון,,0.00,,false,,0.00,0.0000,true,1,30363
88888011,true,קופונים/מבצעים,,,קופונים/מבצעים,,0.00,,false,,0.00,0.0000,true,1,30364
88888013,true,מאפית,,,מאפית,,0.00,,false,,0.00,0.0000,true,1,30365
88888014,true,דין שיווק זכיינות,,,דין שיווק זכיינות,,0.00,,false,,0.00,0.0000,true,1,30366
88888015,true,"ווק זכיינות ללא מע""מ",,,"ווק זכיינות ללא מע""מ",,0.00,,false,,0.00,0.0000,true,1,30367
88888016,true,תרומות,,,תרומות,,0.00,,false,,0.00,0.0000,true,1,30368
88888017,true,י מחפוד ארוז זכיינות,,,י מחפוד ארוז זכיינות,,0.00,,false,,0.00,0.0000,true,1,30369
88888018,true,קפואים מחפוד זכיינות,,,קפואים מחפוד זכיינות,,0.00,,false,,0.00,0.0000,true,1,30370
88888020,true,מחלקת חלב,,,מחלקת חלב,,0.00,,false,,0.00,0.0000,true,1,30371
88888021,true,אוכל מוכן,,,אוכל מוכן,,0.00,,false,,0.00,0.0000,true,1,30372
88888022,true,אוכל מוכן - חדש,,,אוכל מוכן - חדש,,0.00,,false,,0.00,0.0000,true,1,30373
88888023,true,שימוש פנימי,,,שימוש פנימי,,0.00,,false,,0.00,0.0000,true,1,30374
88888024,true,אריזות כללי,,,אריזות כללי,,0.00,,false,,0.00,0.0000,true,1,30375
88888025,true,ביגוד,,,ביגוד,,0.00,,false,,0.00,0.0000,true,1,30376
88888026,true,אחזקה,,,אחזקה,,0.00,,false,,0.00,0.0000,true,1,30377
88888027,true,כלים מתכלים,,,כלים מתכלים,,0.00,,false,,0.00,0.0000,true,1,30378
88888028,true,צרכי משרד,,,צרכי משרד,,0.00,,false,,0.00,0.0000,true,1,30379
88888029,true,אחזקת קופות ומחשבים,,,אחזקת קופות ומחשבים,,0.00,,false,,0.00,0.0000,true,1,30380
88888030,true,אריזות שקיות גופיה,,,אריזות שקיות גופיה,,0.00,,false,,0.00,0.0000,true,1,30381
88888031,true,"פירות וירקות עם מע""מ",,,"פירות וירקות עם מע""מ",,0.00,,false,,0.00,0.0000,true,1,30382
88888032,true,פיצוחיה יוחננוף,,,פיצוחיה יוחננוף,,0.00,,false,,0.00,0.0000,true,1,30383
88888033,true,"חיה יוחננוף ללא מע""מ",,,"חיה יוחננוף ללא מע""מ",,0.00,,false,,0.00,0.0000,true,1,69503
88888035,true,סנדוויצים,,,סנדוויצים,,0.00,,false,,0.00,0.0000,true,1,30384
88888040,true,צביה זכיינות - גורמה,,,צביה זכיינות - גורמה,,0.00,,false,,0.00,0.0000,true,1,30385
88888041,true,קפואים זכיינות גורמה,,,קפואים זכיינות גורמה,,0.00,,false,,0.00,0.0000,true,1,30386
88888042,true,עופות זכיינות גורמה,,,זכיינות מעדני גורמה,,0.00,,false,,0.00,0.0000,true,1,30387
88888043,true,דגים טריים גורמה,,,דגים טריים גורמה,,0.00,,false,,0.00,0.0000,true,1,30388
88888044,true,דגת הארץ קונסיגנציה,,,דגת הארץ קונסיגנציה,,0.00,,false,,0.00,0.0000,true,1,30389
88888050,true,לחמים ומאפים,,,לחמים ומאפים,,0.00,,false,,0.00,0.0000,true,1,30390
88888052,true,סלטים ונקניקים,,,סלטים ונקניקים,,0.00,,false,,0.00,0.0000,true,1,30391
88888053,true,ללא גלוטן וללא סוכר,,,ללא גלוטן וללא סוכר,,0.00,,false,,0.00,0.0000,true,1,30392
88888054,true,בעלי חיים,,,בעלי חיים,,0.00,,false,,0.00,0.0000,true,1,30393
88888055,true,זול סטוק,,,זול סטוק,,0.00,,false,,0.00,0.0000,true,1,30394
88888090,true,עגלות לקוחות ומחסן,,,עגלות לקוחות ומחסן,,0.00,,false,,0.00,0.0000,true,1,30395
88888099,true,שווה פלוס,,,שווה פלוס,,0.00,,false,,0.00,0.0000,true,1,30396
88888100,true,א. יעקב,,,א. יעקב,,0.00,,false,,0.00,0.0000,true,1,30400
88888101,true,עמלת משיכת מזומן,,,עמלת משיכת מזומן,,0.00,,false,,0.00,0.0000,true,1,30397
88888991,true,שחר ריטייל סיגריות,,,שחר ריטייל סיגריות,,0.00,,false,,0.00,0.0000,true,1,30398
88888992,true,יתן ספקים לבתי מרקחת,,,יתן ספקים לבתי מרקחת,,0.00,,false,,0.00,0.0000,true,1,30399
90034107,false,"בירה שטיגל גולדברו 500 מ""ל",מבשלת שטיגל,AT,שטיגל,מיליליטרים,500.00,"100 מ""ל",false,,10.90,0.0218,true,1,62274
90087011,false,מיץ תפוחים 100% קרטונית ראוך,Rauch fruchtsafte gm,HU,מיץ תפוחים 1 ל,ליטרים,1.00,ליטר,false,,11.20,11.2000,true,1,53555
90087769,false,מיץ אננס 100% קרטונית ראוך,Rauch fruchtsafte gm,HU,מיץ אננס 100% טרי 1,ליטרים,1.00,ליטר,false,,11.20,11.2000,true,1,53559
90087974,false,"חומץ תפוחים 5% 750 מֿֿֿֿ""ל 12X",ראוך פרוכטסאפה,AT,ראוך,מיליליטרים,750.00,"100 מ""ל",false,,11.90,0.0159,true,1,53561
90162602,false,רד בול משקה אנרגיה פקדון 30 אג,רד בול ג'י.אם.בי. אץ,IL,משקה רד בול,מיליליטרים,250.00,"100 מ""ל",false,,5.90,0.0236,true,1,56445
90446269,false,"משקה רד בול אבטיח מוגז פחית 250 מ""ל",ראון פרוכטסאפה,AT,רד בול,מיליליטרים,250.00,"100 מ""ל",false,,5.90,0.0236,true,1,56447
8112100298,false,"שמן שומשום טהור מזרח ומערב 185 מ""ל",Flavor full foods in,TW,flavor,מיליליטרים,185.00,"100 מ""ל",false,,14.90,0.0805,true,1,60272
9800800056,false,חטיף שוקולד עם מקלות לחם אנד גו,פררו - אלבה,DE,נוטלה,גרמים,52.00,100 גרם,false,,5.50,0.1058,true,1,60088
11210000094,false,רוטב טבסקו אדום 60 גרם,מקאילהייני אייבורי,US,טבסקו,מיליליטרים,60.00,"100 מ""ל",false,,10.90,0.1817,true,1,47915
11210009387,false,"רוטב פלפל ירוק טבסקו 60 מ""ל",מקאילהייני אייבורי,US,טבסקו,מיליליטרים,60.00,"100 מ""ל",false,,10.90,0.1817,true,1,47917
11210607040,false,טבסקו פלפל צפוטלי חריף 60 מל,מקאילהייני Mc.Ilhenn,US,טבסקו,מיליליטרים,60.00,"100 מ""ל",false,,10.90,0.1817,true,1,47918
16000185517,false,דגני בוקר פייבר וואן עתירי סובין FIBRE1,בטר אנד דיפרנט,US,FIBER ONE,גרמים,555.00,100 גרם,false,,24.90,0.0449,true,1,33265
16000423534,false,חטיפי גרנולה קראנצ'י עם שיבולת שועל ושוקולד מריר נייצ'ר ואלי 5*42 גרם,ג'נרל מילס סאן אדריאן,ES,נייטשר ואלי,גרמים,210.00,100 גרם,false,,18.90,0.0900,true,1,43858
16000548404,false,חטיפי גרנולה קראנצ'י עם שיבולת שועל ודבש נייצ'ר ואלי 5*42 גרם,ג'נרל מילס סאן אדריאן,ES,נייטשר ואלי,גרמים,210.00,100 גרם,false,,18.90,0.0900,true,1,43860
16000548503,false,חטיפי גרנולה קראנצ'י עם מייפל וסוכר חום נייצ'ר ואלי 5*42 גרם,ג'נרל מילס סאן אדריאן,ES,נייטשר ואלי,גרמים,210.00,100 גרם,false,,18.90,0.0900,true,1,43861
16000548602,false,חטיפי גרנולה קראנצ'י קינמון נייצ'ר ואלי 5*24 גרם,ג'נרל מילס סאן אדריאן,ES,נייטשר ואלי,גרמים,210.00,100 גרם,false,,18.90,0.0900,true,1,43862
16000548909,false,חטיפי גרנולה קראנצ'י במגוון טעמים נייצ'ר ואלי 5*42 גרם,ג'נרל מילס סאן אדריאן,ES,נייטשר ואלי,גרמים,210.00,100 גרם,false,,18.90,0.0900,true,1,43863
16229924263,false,"ארוי-די קרם קוקוס 250 מ""ל",תאי אגרי פוד פובליק קו'\,VN,קרם קוקוס 250 מ,מיליליטרים,250.00,"100 מ""ל",false,,9.90,0.0396,true,1,36517
18000701223,false,"פילסברי, עוגה בטעם שוקולד, תערובת להכנת עוגה בטעם שוקולד. 500 גרם",הדקלאים אגודת שיתופי,IL,פילסברי,גרמים,500.00,100 גרם,false,,16.90,0.0338,true,1,43865
18000703494,false,"פילסברי, עוגה בטעם וניל, תערובת להכנת עוגה בטעם וניל. 500 גרם.",הדקלאים אגודת שיתופי,IL,פילסברי,גרמים,500.00,100 גרם,false,,16.90,0.0338,true,1,43866
18000766413,false,"פילסברי, עוגה בטעם שוקולד, תערובת להכנת עוגה בטעם שוקולד. 550 גרם.",הדקלאים אגודת שיתופי,IL,פילסברי,גרמים,550.00,100 גרם,false,,16.90,0.0307,true,1,43868
29424000854,false,גלילי וופל שוקולד מנעמים 100 גרם,,,גלילי וופל מנעמית,גרמים,100.00,100 גרם,false,,3.90,0.0390,true,1,59646
31200001597,false,חמוציות אושן ספריי קליית גת בשקית 170 גרם,אושן ספריי,US,חמוציות,גרמים,170.00,100 גרם,false,,9.90,0.0582,true,1,43872
33617000026,false,קרקר ואזה 203-275 גרם מקמח מלא 260,כלורוקס אוקלנד,SE,פת מקמח מלא 260 גרם,גרמים,260.00,100 גרם,false,,12.90,0.0496,true,1,36518
33617340610,false,קרקר ואזה 203-275 גרם מקמח שיפון 275,כלורוקס אוקלנד,SE,פת מקמח שיפון 275 גרם,גרמים,275.00,100 גרם,false,,12.90,0.0469,true,1,36521
34000544028,false,סוכריות ארוכות בטעם תות טוויזלרס Twizzlers,ליימן מותגים,US,הרשי,גרמים,198.00,100 גרם,false,,6.90,0.0348,true,1,43881
35000458476,true,קולגייט מברשת ילדים,קולגייט פלמוליב,VN,קולגייט,יח',4.00,יח',false,,17.90,4.4750,true,1,54031
35000689535,false,קולגייט מברשת שיניים מקס וייט סופט זוג,קולגייט-פלמוליב,CN,קולגייט,יח',2.00,יח',false,,19.90,9.9500,true,1,54033
35051551300,false,לול הפתעות לבן זוהר,,IL,לול הפתעות לבן זוהר,יח',1.00,יח',false,,29.90,29.9000,true,1,72785
36000516890,false,ממחטות אף עם אלוורה + ויטמין E תלת שכבתי,חוגלה קימברלי,US,קלינקס,100 יח,120.00,100 יח,false,,17.90,0.1492,true,1,41750
37600207188,false,חמאת בוטנים קלאסי סקיפי 462 גרם,חברת המזון אלגוד,US,סקיפי,גרמים,462.00,100 גרם,false,,17.90,0.0387,true,1,56449
37600207256,false,חמאת בוטנים עם שברי בוטנים סקיפי 462 גרם,חברת המזון אלגוד,US,סקיפי,גרמים,462.00,100 גרם,false,,17.90,0.0387,true,1,56450
37600297943,false,מטבל סלסה חריף- צ'י צ'י 439 גר,מותגים,US,מטבל סלסה חריף 439 ג,גרמים,439.00,100 גרם,false,,18.90,0.0431,true,1,70417
38000138638,false,חטיף צ'יפס פרינגלס פיצה 158 גרם,פרינגלס מנופקצ'ורינג קונ,US,פרינגלס,גרמים,158.00,100 גרם,false,,8.90,0.0563,true,1,56453
38000183928,false,פרינגלס חרדל ודבש 158 גרם,פרינגלס מניופקצ'ורינ,US,פרינגלס,גרמים,158.00,100 גרם,false,,8.90,0.0563,true,1,56456
38000197840,false,פרינגלס גלי בטעם חריף מתוק 137 ג',פרינגלס מניופקצ'\ורינג ק,US,פרינגלס,גרמים,137.00,100 גרם,false,,8.90,0.0650,true,1,56457
38000232152,false,פרינגלס חטיפי תפוח אדמה בטעם ברביקיו 158 גרם,פרינגלס מנופקצ'ורינג קומ,US,פרינגלס,גרמים,158.00,100 גרם,false,,8.90,0.0563,true,1,56459
38000232176,false,פרינגלס ביג שמנת בצל 158 גרם,פרינגלס מנופקצ'ורינג קונ,US,פרינגלס,גרמים,158.00,100 גרם,false,,8.90,0.0563,true,1,56460
38000232183,false,פרינגלס ביג אורגינל 149 גרם,פרינגלס מנופקצ'ורינג קונ,US,פרינגלס,גרמים,149.00,100 גרם,false,,8.90,0.0597,true,1,56461
38527591053,false,קואקר דגנים מרובעים שיבולת שועל וקינמון,קוואקר אוטס קומפני,US,קוואקר,גרמים,411.00,100 גרם,false,,15.90,0.0387,true,1,47410
38527591060,false,דגני קוואקר מרובעים Quaker Squares עם סוכר חום,קוואקר אוטס קומפני,US,קוואקר,גרמים,411.00,100 גרם,false,,15.90,0.0387,true,1,47411
40000513056,false,M&M's בוטנים אריזה 300 גרם,General,US,אמ אנד אמס,גרמים,303.00,100 גרם,false,,19.90,0.0657,true,1,62887
40000513568,false,סוכריות אם אנד אמס M&M שוקולד חלב,M&M אם אנד אם,US,M&M's שוקולד 156 גרם,גרמים,156.00,100 גרם,false,,9.90,0.0635,true,1,62888
40000513582,false,M&M's בוטנים אריזה גדול 156 גרם,מארס,US,M&M's בוטנים 156 גרם,גרמים,156.00,100 גרם,false,,9.90,0.0635,true,1,62889
40000513629,false,M&M's חמאת בוטנים אריזה גדולה 152 גרם,מארס,US,M&M's חמאת בוטנים 14,גרמים,142.00,100 גרם,false,,9.90,0.0697,true,1,62890
40000514480,false,M&M אריזה קטנה's שוקולד אריזה קטנה 48 גרם,M&M אם אנד אם,US,מ&מ'ס,גרמים,48.00,100 גרם,false,,4.90,0.1021,true,1,62891
40000514510,false,M&M אריזה קטנה's בוטנים אריזה קטנה 49 גרם,M&M אם אנד אם,US,מ&מ'ס,גרמים,49.00,100 גרם,false,,4.90,0.1000,true,1,62892
41390001079,false,"רוטב סויה קיקומן מופחת נתרן 444 מ""ל",קיקומן פודז אינק,US,קיקומן,מיליליטרים,444.00,"100 מ""ל",false,,19.90,0.0448,true,1,56469
41390010309,false,"רוטב טריאקי קיקומן 444 מ""ל",קיקומן פודז אינק,US,קיקומן,מיליליטרים,444.00,"100 מ""ל",false,,19.90,0.0448,true,1,56470
41844000016,false,חמאה צרפתית פרימיום ללא מלח מכבי 250 גרם,קוופרטיב ליאטיאר דה,FR,מכבי,גרמים,250.00,100 גרם,false,,22.90,0.0916,true,1,30469
42400108153,false,דגני בוקר צבעוניים בטעם פירות טוטי פרוטיס,פוסט ארצות הברית,US,*מבצע* דגני פוסט טוט,גרמים,354.00,100 גרם,false,,18.90,0.0534,true,1,55817
44164063914,false,פתיל צף מוכן שרגא יחי',,IL,פתיל צף עגול מוכן,יחידה,0.00,יחידה,false,,4.90,0.0000,true,1,61006
46214731552,false,עוגיות שוקולד צ'יפס 37% גודיס 225 גרם,קריניציה ויטמינה אס,NL,מרבה,גרמים,225.00,100 גרם,false,,9.90,0.0440,true,1,54037
54881000055,false,תה שחור מבחר פירות 20 שקיות אחמד,אחמד תה אנגליה,,*מבצע* תה שחור מבחר,יח',20.00,יח',false,,8.90,0.4450,true,1,53566
54881000062,false,תה שחור לימונית וקמומיל 20 שקיות אחמד,אחמד תה אנגליה,AE,*מבצע* תה שחור לימונ,יח',20.00,יח',false,,8.90,0.4450,true,1,53567
54881005654,false,תה ירוק יסמין 20 שקיות AHMAD TEA,אחמד תה אנגליה,AE,*מבצע* תה ירוק יסמי,יח',20.00,יח',false,,9.90,0.4950,true,1,53572
54881006958,false,תה שחור קינמון 20 שקיקים אחמד,אחמד תה אנגליה,,*מבצע* תה שחור קינמו,יח',20.00,יח',false,,8.90,0.4450,true,1,53573
54881007115,false,תה אהמאד שחור וניל מארז 2X20ג',אחמד תה אנגליה,,*מבצע* תה שחור וניל,יח',20.00,יח',false,,8.90,0.4450,true,1,53575
54881008945,false,תה ירוק 20 שקיות AHMAD TEA,אחמד תה אנגליה,AE,*מבצע* תה ירוק אחמד,יח',20.00,יח',false,,9.90,0.4950,true,1,53579
54881009522,false,תה אהמאד שחור פטל מארז 2X20ג',אחמד תה אנגליה,,*מבצע* תה שחור פטל א,יח',20.00,יח',false,,8.90,0.4450,true,1,53580
54881012423,false,תה ירוק בטעם פטל רימונים 20 שקים 40 גרם,אחמד תה אנגליה,AE,*מבצע* תה ירוק בטעם,יח',20.00,יח',false,,9.90,0.4950,true,1,53581
55023684812,false,בובת פרווה פוקימון (4 דגמים),,IL,בובת פוקימון פרווה,יחידה,0.00,יחידה,false,,29.90,0.0000,true,1,71852
55369902557,false,אפלסנקס רביעיות רסק תפוחי עץ ממותק בסגנון ביתי עברית,ליייהי אורצ'רדס,CA,אפלסנקס,גרמים,452.00,100 גרם,false,,13.90,0.0308,true,1,47921
55369902564,false,אפלסנקס רביעיות רסק תפוחי עץ ללא תוספת סוכר עברית,ליייהי אורצ'רדס,CA,אפלסנקס,גרמים,452.00,100 גרם,false,,13.90,0.0308,true,1,47922
62558202381,false,"ארגני טהור 236 מ""ל {12 כשר} b סירופ מייפל",דיקסר קוויבק,CA,סירופ מייפל אורגני 2,מיליליטרים,250.00,"100 מ""ל",false,,26.90,0.1076,true,1,47923
64144090020,false,"ספריי שמן PAM בטעם שמן זית 141 מ""ל",קונאגרה פודס,US,פאם,מיליליטרים,148.00,"100 מ""ל",false,,17.90,0.1209,true,1,43889
64144090051,false,"ספריי שמן PAM קנולה אורגינל 148 מ""ל",קונאגרה פודס,US,פאם,מיליליטרים,148.00,"100 מ""ל",false,,17.90,0.1209,true,1,43890
70080000016,false,חרדל אמריקאי פלוכמן Plochman's,"פלוקמן בע""מ",US,חרדל לחיץ 297 אמריקא,גרמים,297.00,100 גרם,false,,7.90,0.0266,true,1,47924
76840002542,false,"גלידת בן & ג'ריס פיינט נטפליקס וצ'ילד 500מ""ל",מוצרי איכות אמריקאיים בע,IL,בן & ג'ריס,מיליליטרים,500.00,"100 מ""ל",false,,17.40,0.0348,true,1,55587
76840100583,false,"גלידת וניל עם בצק עוגיות בן וג'ירי 473 מ""ל",מוצרי איכות אמריקאיים בע,IL,בן & ג'ריס,מיליליטרים,473.00,"100 מ""ל",false,,17.40,0.0368,true,1,55590
77245110610,false,סוכריות מאסט ללא סוכר בטעם מנטה 80 ג'עלית,MIESZKO S.A - MS. JO,PL,עלית,גרמים,80.00,100 גרם,false,,6.90,0.0863,true,1,46282
77343000233,false,נרות חימום 50 יחידות,"מנורה שי נר בע""מ",IL,מנורה,יח',50.00,יח',false,,8.90,0.1780,true,1,61008
77975094624,false,"סניידרס סנדוויץ בייגלה במילוי חמאת בוטנים , 226 ג'",סניידרס Snyder's,US,סניידרס,גרמים,283.50,100 גרם,false,,15.90,0.0561,true,1,43910
77975094631,false,סניידרס סנדוויץ' בייגלה במילוי קרם בטעם צ'דר 226 גרם,סניידרס לאנס,US,סניידרס,גרמים,226.00,100 גרם,false,,15.90,0.0704,true,1,43911
77975094761,false,סניידרס חטיפים על בסיס קמח חיטה בטעם גבינת צ'דר,סניידרס אוף האנובר,US,סניידרס,גרמים,340.00,100 גרם,false,,15.90,0.0468,true,1,43912
77975094778,false,שברי בייגלה סניידרס בטעם דבש חרדל 340 גר,סניידרס אוף האנובר,US,סניידרס,גרמים,340.00,100 גרם,false,,15.90,0.0468,true,1,43913
77975095164,false,שברי בייגלה בטעם פרמז'ן ושום 318 ג' סניידרס,סניידרס,US,סניידרס,גרמים,318.00,100 גרם,false,,15.90,0.0500,true,1,70419
85696608044,false,טופו ללא גלוטן 349ג' (כ) Morinaga,Morinaga nutritional,US,טופו ללא גלוטן 349 ג,גרמים,349.00,100 גרם,false,,13.90,0.0398,true,1,60288
611745285685,false,אבוקדו בשל מארז 2יחידות,"מור בריאות בע""מ",IL,פטריות פורטובלה,יח',1.00,יח',false,,8.90,8.9000,true,1,64653
613008742348,false,בקבוק אריזונה ג'נסינג ודבש 1 ליטר,"נטורלה גטרנק בע""\מn\",BG,אריזונה,ליטרים,1.00,ליטר,false,,10.90,10.9000,true,1,42404
628154383659,false,דגני בוקר פרוטי פבלס פוסט 311 גרם,פוסט ארצות הברית,US,פוסט,גרמים,311.00,100 גרם,false,,18.90,0.0608,true,1,55837
645173911038,false,מלפפון קורנישון מיני בצנצנת 720ג',קלמן אינדיה פי וי סי,IN,תומר,גרמים,720.00,100 גרם,false,,10.90,0.0151,true,1,53582
651080161510,false,פלקרס פולסר לשיניים צפופות-מנטה 35 יחידו,מיוצר עי קונדיטוריית,CN,קיסמים בשילוב חוט דנ,יח',36.00,יח',false,,9.90,0.2750,true,1,37796
693493034517,false,פילה אנשובי בשמן חמניות וצלפים 50 גר,פאטינה פוד,MA,י.מ. ויצמן,גרמים,50.00,100 גרם,false,,5.90,0.1180,true,1,55513
693493168786,false,"תמר מג'הול משובח 1 ק""ג",,IL,"תמר מג'הול 1 ק""ג פרמ",קילוגרמים,1.00,"ק""ג",false,,24.90,24.9000,true,1,69079
693493168823,false,תמר דקל נור פיצוחי מזרחי,,IL,תמר דקל נור 400 גרם,גרמים,400.00,100 גרם,false,,10.90,0.0273,true,1,69080
693493179102,false,שרי אשכולות,,,שרי אשכולות,יח',1.00,יח',false,,8.90,8.9000,true,1,30837
728229123590,false,טרה אורגינל חטיף על בסיס ירקות שורש בטעם טבעי 110 גרם,הונדורס צ'יפס יצור א,HN,טרה,גרמים,110.00,100 גרם,false,,14.90,0.1355,true,1,32862
728229123811,false,טרה חטיף על בסיס ירקות שורש בתיבול ים תיכוני 110 גרם,הונדורס צ'יפס יצור א,HN,טרה,גרמים,110.00,100 גרם,false,,14.90,0.1355,true,1,32864
728229124764,false,טרה חטיף על בסיס בטטה עם מלח ים 110 גרם,היין פיוצ'ור נטורל פ,IN,טרה,גרמים,110.00,100 גרם,false,,14.90,0.1355,true,1,32865
728229124771,false,טרה חטיף על בסיס בטטה בטעם ברביקיו 110 גרם,היין פיוצ'ור נטורל פ,IN,טרה,גרמים,110.00,100 גרם,false,,14.90,0.1355,true,1,32866
728229130154,false,טרה חטיף על בסיס בטטה וסלק בטעם טבעי 110 גרם,הונדורס צ'יפס יצור א,HN,טרה,גרמים,110.00,100 גרם,false,,14.90,0.1355,true,1,32868
753182231761,false,"משקה אנרגיה BLU ללא תוספת סוכר 250 מ""ל",אקווה ויט,PL,בלו,מיליליטרים,250.00,"100 מ""ל",false,,4.20,0.0168,true,1,37364
768404001640,false,"גלידה בן&ג'ריס קפה משפחתית 500מ""ל",מוצרי איכות אמריקאיים בע,IL,בן & ג'ריס,גרמים,500.00,100 גרם,false,,17.40,0.0348,true,1,55603
769904000607,false,שקדי מרק משובח 200 גרם כשלפ,גיי אפ פי ייצור מזון,IL,b&d,גרמים,200.00,100 גרם,false,,9.90,0.0495,true,1,32953
769904000997,false,שקדי מרק ללא גלוטן200גרם,משובח תעשיות מזון,IL,משובח,גרמים,200.00,100 גרם,false,,13.90,0.0695,true,1,68881
783495196686,false,תות שדה יח',,,תות שדה יח',יח',1.00,יח',false,,15.90,15.9000,true,1,72132
787269088481,false,עגבניות צ'רי לובלו,יגור חקלאות ועסקים,IL,עגבניות צ'רי לובלו,יח',1.00,יח',false,,14.90,14.9000,true,1,30841
816733023854,false,מנורת לילה ספיידרמן,,,מנורת לילה ספיידרמן,יח',1.00,יח',false,,59.90,59.9000,true,1,72772
818570007066,false,"פיור וניל טהור 29 מ""ל ""ווטקינס""","ג'יי אר ווטקינס בע""מ",US,תמצית וניל טהור ווטק,מיליליטרים,29.00,"100 מ""ל",false,,29.90,1.0310,true,1,32869
833949000264,false,"סירופ מייפל אמיתי 100% אורגני 250 מ""ל",דיקסר קוויבק,CA,סירופ מייפל אמיתי 10,מיליליטרים,330.00,"100 מ""ל",false,,26.90,0.0815,true,1,68882
835811000396,false,נייר אפיה לתבנית מוארכת - מארז 30 ניירות,יבוא ושיווק: הנמל אריזות,CN,נייר אפיה לתבנית מוא,יח,30.00,יח,false,,9.90,0.3300,true,1,40095
835811001140,false,שומשום הנמל 400 גרם,הנמל אריזות.,IL,שומשום 400 גר`,גרמים,400.00,100 גרם,false,,9.90,0.0248,true,1,40103
835811003427,false,"צלחות גדול מקנה סוכר 1 ק""ג כ-67 יח` הנמל",,IN,*מבצע* צלחות גדול מק,יח,67.00,יח,false,,29.90,0.4463,true,1,40145
835811004189,false,פרורי לחם מוזהבים בתוספת שומשום 800 גר',הנמל,IL,פירורי לחם מוזהבים 8,גרמים,800.00,100 גרם,false,,9.90,0.0124,true,1,40154
835811004202,false,מפות ניילון עבות הנמ,זמזמ תעשיות פלסטיק,IL,מפה שולחן 6 יח` עבה,יח',6.00,יח',false,,8.90,1.4833,true,1,40155
835811004219,false,מפות שולחן ניילון עבה הנמל 8 יח',זמזמ תעשיות פלסטיק,IL,מפה שולחן 8 יח עבה נ,יח',8.00,יח',false,,8.90,1.1125,true,1,40156
835811004226,false,מפת ניילון בגליל 45 מטר,,IL,מפת ניילון בגליל 4,מטרים,45.00,מטר,false,,29.90,0.6644,true,1,40157
835811004455,false,קישקשים מנייר הנמל 125 יחידות,הנג טונג,CN,קש מנייר 125 יח',יח',1.00,יח',false,,8.90,8.9000,true,1,40167
835811004707,false,פירורי לחם מוזהבים 440 ג' הנמל,ברמן שוקולד ועוגיות,IL,הנמל,גרמים,440.00,100 גרם,false,,6.90,0.0157,true,1,40171
835811004790,false,"מגש הגשה עגול מחולק שקוף בינוני ח""פ הנמל",פולין חד פעמי סין,CN,הנמל,יח',1.00,יח',false,,8.90,8.9000,true,1,40172
835811004813,false,"מגש מאורך מחולק שקוף 4 תאים 1 י""ח",הנג טונג,CN,הנמל,יח',1.00,יח',false,,7.90,7.9000,true,1,40173
835811005117,false,קערה מעוטרת קטנה יחי,בי רייט,CN,הנמל,יח',1.00,יח',false,,4.90,4.9000,true,1,40178
835811005247,false,קערות מהודרות משובחות ואיכותיות,הנג טונג,CN,הנמל,יח',4.00,יח',false,,7.90,1.9750,true,1,40180
835811005339,false,זוג שקיות אוכל ארוז בקרטון הנמל,,,שקיות אוכל זוג בקרטו,יח',300.00,יח',false,,7.90,0.0263,true,1,40181
835811005407,false,כוס קפה לדרך ענק + מכסה הנמל 12 יח',"צח ייבוא ושיווק בע""מ",IL,הנמל,יח',12.00,יח',false,,11.90,0.9917,true,1,40182
835811005728,false,עלים לקרמשניט הנמל 400 גרם,"רונית מאפים בע""מ",IL,הנמל,גרמים,400.00,100 גרם,false,,14.90,0.0373,true,1,40187
835811006176,false,כוס קינוח קריסטל 24 יח',מיקרון מקינה,TR,כוס קינוח קריסטל 60,יח',24.00,יח',false,,12.90,0.5375,true,1,40202
835811006237,false,צלחות קטנות מקנה סוכר טבעי 25 יח,הנמל,,צלחות קטנות מקנה סוכ,יח',25.00,יח',false,,9.90,0.3960,true,1,40207
835811006244,false,צלחות גדולות מקנה סוכר טבעי 25 יח,הנמל,,צלחות גדולות מקנה סו,יח',25.00,יח',false,,13.90,0.5560,true,1,40208
835811007166,false,כוסות חד פעמיות מקרטון עם מכסה פלסטיק,"צח ייבוא ושיווק בע""מ",IL,הנמל,יח',16.00,יח',false,,11.90,0.7438,true,1,40231
835811007494,false,ג'לטין טהור מדגים14X2גרם,גואנגדונג מיניאנג,TW,גלטין טהור מדגים 2,גרמים,28.00,100 גרם,false,,8.90,0.3179,true,1,40237
835811008699,false,כפות שקוף/קרם עבה במיוחד הנמל 50 יח,"גרנג יוניברס , הונג",TR,הנמל,יח',50.00,יח',false,,12.90,0.2580,true,1,40242
835811008910,false,ליפתניות הגשה 8יח הנ,בי רייט,CN,הנמל,יח',8.00,יח',false,,7.90,0.9875,true,1,40247
835811008934,false,מזלגות 50 יח שקוף/קרם עבה במיוחד,"גרנג יוניברס , הונג",TR,הנמל,יח',50.00,יח',false,,12.90,0.2580,true,1,40248
835811008941,false,סכינים 50 יח שקוף/קרם עבה במיוחד,"איטיליאן פוד, אס.פי.",TR,הנמל,יח',50.00,יח',false,,12.90,0.2580,true,1,40249
835811008958,false,כפיות 50 יח שקוף/קרם עבה במיוחד,"גרנג יוניברס , הונג",TR,הנמל,יח',50.00,יח',false,,12.90,0.2580,true,1,40250
835811008996,false,"כוסות חד פעמי קרטון 295 מ""ל",הנמל,CN,כוסות קרטון 50 10O,יח',50.00,יח',false,,14.90,0.2980,true,1,40252
839066008251,false,חמאה מנורמנדי מכבי 125 גרם ארצינו,קואופרטיב לטיטורי,FR,מכבי,גרמים,125.00,100 גרם,false,,11.90,0.0952,true,1,30470
839762000641,false,משקה איילנד מנגו נקטר 1 ל',"פאראגאלה,דה אג'יפשן קו פ",EG,??????,ליטרים,1.00,ליטר,false,,11.50,11.5000,true,1,42411
839762000658,false,איילנד גויאבה המשקה של חופי סיני 1 ליטר,The Egyptian Co. for,EG,איילנד,ליטרים,1.00,ליטר,false,,11.50,11.5000,true,1,42412
856591000055,false,עוגיות מזרחיות קריספי שרוף במיוחד,מאפיית יוסף ושמחה עבאדי,IL,עבאדי,גרמים,400.00,100 גרם,false,,15.80,0.0395,true,1,50736
856591000062,false,עוגיות מזרחיות עם מלח עבאדי 400 גרם,מאפיית יוסף ושמחה עבאדי,IL,עבאדי,גרמים,400.00,100 גרם,false,,15.80,0.0395,true,1,50737
856591000109,false,עוגיות מזרחיות פריך במיוחד עבאדי 400 גרם,מאפיית יוסף ושמחה עבאדי,IL,עבאדי,גרמים,400.00,100 גרם,false,,15.80,0.0395,true,1,50740
856591000512,false,עוגיות מזרחיות מקלונים עם שומשום עבאדי 400 גרם,מאפיית יוסף ושמחה עבאדי,IL,עבאדי,גרמים,400.00,100 גרם,false,,16.90,0.0422,true,1,50747
856591000949,false,"מאפה חיטה מלוח ""קטנטנים"" עבאדי 350 גרם",עבאדי,IL,*מבצע* חטיף טבעי קטנ,גרמים,350.00,100 גרם,false,,13.90,0.0397,true,1,50757
883929450398,false,לגו באטמן 300 יח',,,לגו באטמן 300 יח',יח',1.00,יח',false,,79.90,79.9000,true,1,69045
884912129512,false,דגני בוקר קוקו פוסט פלינסטונס 311 גרם,פוסט לקיוויל,US,פוסט,גרמים,311.00,100 גרם,false,,18.90,0.0608,true,1,55847
884912359155,false,דגני בוקר האני באנצ'ס האני רוסטד פוסט 340 גרם,פוסט ארצות הברית,US,האניבנצס רוסטד,גרמים,340.00,100 גרם,false,,17.80,0.0524,true,1,55861
884912359162,false,האני באנצ' דגני בוקר עם שקדים פוסט 411 גרם,פוסט ארצות הברית,US,האניבנצס אלמונד,גרמים,340.00,100 גרם,false,,17.80,0.0524,true,1,55862
884912359421,false,דגני בוקר האני באנצ'ס מייפל ופקאן פוסט 340 גרם,פוסט ארצות הברית,US,האניבנצס רוסטד,גרמים,340.00,100 גרם,false,,17.80,0.0524,true,1,55863
884912365200,false,דגני בוקר אוראו שחור ולבן 311 גרם,פוסט ארצות הברית,US,דגני אוראו 311 גרם,גרמים,311.00,100 גרם,false,,19.90,0.0640,true,1,55864
898193001252,false,בונומלי - חליטת קמומיל 28 גרם,הייר ליבינג,IT,בונומלי - חליטת קמומ,גרמים,28.00,100 גרם,false,,15.90,0.5679,true,1,68883
2122607011109,false,עמק לייט חריץ במשקל,תנובה,IL,תנובה,קילוגרמים,1.00,"ק""ג",true,,70.00,70.0000,true,1,52489
3014260228842,false,"קצף גילוח ג'ילט לעור רגיל 200 מ""ל",פרוקטר אנד גמבל,GB,Gillette,מיליליטרים,200.00,"100 מ""ל",false,,13.90,0.0695,true,1,38078
3014260287030,false,סכיני גילוח חד פעמי חמישיה gullette,פרוקטר אנד גמבל,MD,Gillette,יח',5.00,יח',false,,7.90,1.5800,true,1,38086
3014260289287,false,סכין גילוח גילט בלו 2 לנשים-חמישייה,פרוקטר אנד גמבל,RU,Gillette,יח',5.00,יח',false,,12.90,2.5800,true,1,38087
3046920029674,false,שוקולד לינדט אקסלנס סולט 100 גרם,לינדט ושפרונגלי קילשברג,DE,לינדט,גרמים,100.00,100 גרם,false,,14.90,0.1490,true,1,32880
3059943015104,false,"אירוויק מבשם אויר נטול גז בניחוח פריסיה ויסמין 345 מ""ל",איירוויק Air Wick,PL,איירויק,מיליליטרים,345.00,"100 מ""ל",false,,12.90,0.0374,true,1,36946
3059943016507,false,"אירוויק ספריי בניחוח לבנדר וקמומיל 240 מ""ל",איירוויק Air Wick,GB,איירויק,מיליליטרים,240.00,"100 מ""ל",false,,9.90,0.0413,true,1,36948
3073781161663,false,גבינה מותכת 18.5% שומן לה וואש קירי,לה וואש קירי La Vache qui rit,FR,לואש קירי,גרמים,128.00,100 גרם,false,,11.90,0.0930,true,1,59051
3073781161687,false,גבינה מותכת לוואש קירי 256 גרם,פרומאג'רי בל דום סאם,FR,לואש קירי,גרמים,256.00,100 גרם,false,,22.90,0.0895,true,1,59052
3073781161700,false,מותכת לה וואש קירי 32יח,פרומאג'רי בל דום סאם,FR,לואש קירי,גרמים,480.00,100 גרם,false,,37.90,0.0790,true,1,59053
3073781177220,false,גבינה בייבי בל אדום 102גר,מחלבות בל,FR,*מבצע* בייבי בל רול,גרמים,102.00,100 גרם,false,,16.90,0.1657,true,1,65974
3141360054405,false,פיניש מפיץ ריח למדיח בניחוח לימון וליים,הדקלאים אגודת שיתופי,HU,פיניש,יח',1.00,יח',false,,14.90,14.9000,true,1,36956
3161911229199,false,חמאה צרפתית רכה למריחה אל & ויר 250 גרם,אלל אה וויר,FR,אלוויר,גרמים,250.00,100 גרם,false,,17.90,0.0716,true,1,65975
3161911366429,false,חמאה צרפתית מלוחה רכה למריחה אלוויר 250 גר',ארזינא,FR,אלוויר,גרמים,250.00,100 גרם,false,,17.90,0.0716,true,1,65976
3178530402353,false,עוגות מיני מדלן קלאסי סאן מישל 175 גרם,סאן מישל ביסוויט,FR,סן מישל,גרמים,175.00,100 גרם,false,,10.90,0.0623,true,1,65980
3178530407938,false,עוגיות מיני מדליין עם שוקוצ'יפס סאן מישל 175 גרם,סן מישל St Michel,FR,סן מישל,גרמים,175.00,100 גרם,false,,11.90,0.0680,true,1,65981
3178530412703,false,דונאט עם שוקולד 180 גרם סן מישל,סן מישל St Michel,FR,סן מישל,גרמים,180.00,100 גרם,false,,11.90,0.0661,true,1,65983
3179732348913,false,פרייה מים מינרליים טבעיים מבעבעים 1 ליטר פלסטיק,נסטלה ווטרס ספלאי,FR,פרייה,ליטרים,1.00,ליטר,false,,8.90,8.9000,true,1,42417
3227134010201,false,גבינה אמנטל מגורדת 28% מכבי 200 גרם ארצינו,פרומגרי ליס דהור אוב,FR,מכבי,גרמים,200.00,100 גרם,false,,31.90,0.1595,true,1,55693
3267031070663,false,גבינת קממבר גראנד טראואר 250 גרם ארצינו,פרומאגי' ליס דהאור,FR,מכבי,גרמים,250.00,100 גרם,false,,29.90,0.1196,true,1,55694
3267031070670,false,קממבר פן נורמנד גבינה בשלה עם עובש 250 גרם,פרומאגי' ליס דהאור,FR,מכבי,גרמים,250.00,100 גרם,false,,29.90,0.1196,true,1,55695
3267031330514,false,קממבר מכבי גבינה בשלה עם עובש 150 גרם,מיאטר לייטיאר,FR,מקבי,גרמים,150.00,100 גרם,false,,22.90,0.1527,true,1,55697
3267682136176,false,ויסקי היילנד קווין בלנדד 1 ליטר,היילנד קווין קומפני,GB,ויסקי היילנד קווין ב,מיליליטרים,1000.00,"100 מ""ל",false,,84.90,0.0849,true,1,37443
3387390525960,false,קראנץ' דגני בוקר עם שוקולד חלב נסטלה 500 גרם,הנסיך- מפעל לייצור ט,FR,CRUNCH,גרמים,500.00,100 גרם,false,,19.90,0.0398,true,1,33268
3523230025638,false,"גבינת עיזים בושה טבעי, 125 גרם",אוריאל,FR,בושה עיזים טבעי 125,גרמים,125.00,100 גרם,false,,24.90,0.1992,true,1,65990
3523230025652,false,"גבינת מיני בושה עם שום ועשי תיבול ועשבי, 125 גרם",סואניון,FR,בושה עיזים שום 125 ג,גרמים,125.00,100 גרם,false,,24.90,0.1992,true,1,65991
3523230026888,false,"גבינת עיזים שום ועשבי תיבול למריחה פירמידה, 140 גרם",סואניון SOIGNON,FR,מרסי שף,גרמים,140.00,100 גרם,false,,17.90,0.1279,true,1,65993
3523230038959,false,גב.בושה עיזים מפוחם125גר,אוריאל,FR,בושה עיזים מפוחם 125,גרמים,125.00,100 גרם,false,,24.90,0.1992,true,1,65994
3523230045827,false,גבינת סנט מור עיזים160גר,סואניון,FR,סנט מור,גרמים,160.00,100 גרם,false,,27.90,0.1744,true,1,65995
3574660115154,false,או-בה טמפונים קלאסי סופר 32יח',ג'\ונסון אנד ג'\ונסון,GR,אובה,יח',32.00,יח',false,,24.90,0.7781,true,1,54046
3574661003924,false,שטיפת פה טוטאל קר בטעם מנטה צלול,ג'\ונסון אנד ג'\ונסון,IT,ליסטרין,מיליליטרים,500.00,"100 מ""ל",false,,17.90,0.0358,true,1,49824
3574661352275,false,ליסטירין מי פה פירות יער 250 מל,ג'\ונסון אנד ג'\ונסון,IT,ליסטרין קידס ברי,מיליליטרים,250.00,"100 מ""ל",false,,9.90,0.0396,true,1,49833
3574661363998,false,"מי פה ליסטרין תה ירוק 500 מ""ל",ג'\ונסון אנד ג'\ונסון,IT,ליסטרין,מיליליטרים,500.00,"100 מ""ל",false,,17.90,0.0358,true,1,49837
3574661487328,false,קרפרי מגני תחתון אורגינל פלוס 56 יח',הדקלאים אגודת שיתופי,IT,קרפרי,יח',56.00,יח',false,,15.90,0.2839,true,1,54113
3574661487618,false,קרפרי מגן תחתון מקסי לארג'' מבושם 48 יח'',הדקלאים אגודת שיתופי,IT,קרפרי,יח',48.00,יח',false,,15.90,0.3313,true,1,54115
3574661491806,false,מי פה אדבנס וויט מנטה מסירה כתמים קשים,ג'\ונסון אנד ג'\ונסון,IT,ליסטרין,מיליליטרים,500.00,"100 מ""ל",false,,17.90,0.0358,true,1,49839
3574661552576,false,קרפרי מגן תחתון רגיל טנגה לבן 56 יח חדש,הדקלאים אגודת שיתופי,GR,קרפרי,יח',56.00,יח',false,,15.90,0.2839,true,1,54120
3574661552804,false,מגן תחתון קרפרי אלוורה 56 יחידות,הדקלאים אגודת שיתופי,IT,קרפרי,יח',56.00,יח',false,,15.90,0.2839,true,1,54121
3574661552811,false,מגן תחתון קרפרי כותון אוורירי 56 יחידות,הדקלאים אגודת שיתופי,GR,קרפרי,יח',56.00,יח',false,,15.90,0.2839,true,1,54122
3574661554877,false,מגן תחתון קרפרי כותון מבושם 56 יחידות,הנסיך- מפעל לייצור ט,GR,קרפרי,יח',56.00,יח',false,,15.90,0.2839,true,1,54123
3574661554884,false,קרפרי מגן תחתון רגיל טנגה מבושם 56 יח,הדקלאים אגודת שיתופי,IT,קרפרי,יח',56.00,יח',false,,15.90,0.2839,true,1,54124
3600522550167,false,קרם אנטי-אייג'ינג לילה אייג' ספשיאליסט +45,"קרלסרו, גרמניה",DE,*מבצע* קרם לחות לילה,מיליליטרים,50.00,"100 מ""ל",false,,49.90,0.9980,true,1,69334
3600523652259,false,"לוריאל - אלביב מרכך קולור פרוטקט 550 מ""ל",קוסמטיקס,TR,מרכך שיער מטפח קולור,מיליליטרים,550.00,"100 מ""ל",false,,15.90,0.0289,true,1,35515
3600523652280,false,"לוריאל אלביב שמפו מועשר ב 6 שמנים, 550 מ""ל",לוריאל - אלביב Elvive,TR,שמפו 6 שמנים מופלאים,מיליליטרים,550.00,"100 מ""ל",false,,15.90,0.0289,true,1,35517
3600523652297,false,"מרכך לשיער אלביב זהב 6 שמנים , 550 מ""ל",לוריאל - אלביב Elvive,TR,מרכך שיער 6 שמנים מו,מיליליטרים,550.00,"100 מ""ל",false,,15.90,0.0289,true,1,35518
3600523782567,false,"לוריאל - אלביב שמפו דרים לונג 500 מ""ל",קוסמטיקס,FR,שמפו משקם לשיער ארוך,מיליליטרים,500.00,"100 מ""ל",false,,15.90,0.0318,true,1,35523
3600523782581,false,מרכך מתיר קשרים לשיער ארוך ופגום Dream Long,לוריאל - אלביב Elvive,FR,מרכך שיער מתיר קשרים,מיליליטרים,500.00,"100 מ""ל",false,,15.90,0.0318,true,1,35525
3600524051334,false,"לוריאל - אלביב מרכך היאלורונית 400 מ""ל",לוריאל,FR,מרכך אלביב יאלורונית,מיליליטרים,400.00,"100 מ""ל",false,,13.90,0.0348,true,1,35528
3600524055400,false,לוריאל - אלביב שמפו היאלורונית 500 מ''ל,לוריאל,FR,שמפו אלביב יאלורונית,מיליליטרים,500.00,"100 מ""ל",false,,15.90,0.0318,true,1,35530
3600541382930,false,גרנייה - מים מיסלרים לכל סוגי העור,"קוסמופול, פולין",PL,גרנייה,מיליליטרים,400.00,"100 מ""ל",false,,29.90,0.0747,true,1,35552
3600542431828,false,גרנייה - קולור נטורלס 1 שחור טבעי חדש,לוריאל ישראל קוסמטיקס בע,PL,גרנייה,יח',1.00,יח',false,,19.90,19.9000,true,1,35593
3600542431835,false,גרנייה - קולור נטורלס 3 חום כהה מאוד חדש,לוריאל ישראל קוסמטיקס בע,PL,גרנייה,יח',1.00,יח',false,,19.90,19.9000,true,1,35594
3600542431859,false,גרנייה - קולור נטורלס 5 חום טבעי חדש,לוריאל ישראל קוסמטיקס בע,PL,גרנייה,יח',1.00,יח',false,,19.90,19.9000,true,1,35596
3607343817547,false,"אדידס - דאודורנט ספריי לגבר קליימקול 150 מ""ל",קולפ,PT,דאודורנט ספריי קליימ,מיליליטרים,150.00,"100 מ""ל",false,,12.90,0.0860,true,1,70292
3607345264912,false,"אדידס בודי ספריי לגבר אייס דייב, ללא אלומיניום, 150 מל",אגריפק אס איי לגרדה,ES,פיוזן ספריי גוף,מיליליטרים,150.00,"100 מ""ל",false,,16.90,0.1127,true,1,37801
3614223736003,false,"אדידס - דאודורנט ספריי לגבר אדיפיור 150 מ""ל",איגפק אס.איי,PT,דאודורנט ספריי אדיפא,מיליליטרים,150.00,"100 מ""ל",false,,12.90,0.0860,true,1,70294
3838824367682,false,גליס מסכה פרוטאין 4 ב-1 חמאת קקאו,שוורצקופף והנקל,DE,*מבצע* מסכת פרוטאין,מיליליטרים,400.00,"100 מ""ל",false,,34.90,0.0872,true,1,70180
4000417022004,false,ריטר ספורט שוקולד חלב מעולה עם צימוקים ואגוזי לוז 100 גרם,ריטר ספורט Ritter sport,DE,ריטר ספורט,גרמים,100.00,100 גרם,false,,7.90,0.0790,true,1,43928
4000417023001,false,ריטר ספורט שוקולד חלב מעולה עם שקדים שלמים,ריטר ספורט Ritter sport,DE,ריטר ספורט,גרמים,100.00,100 גרם,false,,10.90,0.1090,true,1,43929
4000417025005,false,שוקולד מריר במילוי מרציפן ריטר ספורט 100 גרם,ריטר ספורט Ritter sport,DE,ריטר ספורט,גרמים,100.00,100 גרם,false,,7.90,0.0790,true,1,43931
4000417026002,false,שוקולד חלב ממולא קרם פרלין אגוזי לוז,ריטר ספורט Ritter sport,DE,ריטר ספורט,גרמים,100.00,100 גרם,false,,7.90,0.0790,true,1,43932
4000417101211,false,גלילי וופל עם קרם אגוזי לוז בציפוי שוקולד חלב,אמיצ'לי Amicelli,AT,גלילי וופל אמיצ'לי,גרמים,150.00,100 גרם,false,,17.90,0.1193,true,1,43934
4000417211002,false,שוקולד חלב מעולה ממולא קרם קרמל מוקצף ושברי שקדים מומלחים,ריטר ספורט Ritter sport,DE,ריטר ספורט,גרמים,100.00,100 גרם,false,,7.90,0.0790,true,1,43935
4000417212009,false,ריטר ספורט שוקולד מריר מעולה עם שקדים קצוצים וקליפות תפוז מסוכרות,ריטר ספורט Ritter sport,DE,ריטר ספורט,גרמים,100.00,100 גרם,false,,7.90,0.0790,true,1,43936
4000417222008,false,ריטר ספורט שוקולד חלב עם שברי אגוזים 100 גרם,ריטר ספורט Ritter sport,DE,ריטר ספורט,גרמים,100.00,100 גרם,false,,7.90,0.0790,true,1,43942
4000417224002,false,"ריטר ספורט טבלת שוקולד מריר אגוזים, 100 גרם",ריטר ספורט Ritter sport,DE,ריטר ספורט,גרמים,100.00,100 גרם,false,,10.90,0.1090,true,1,43943
4000417294005,false,ריטר שקולד חלב במילוי קרם קקאו מוקצף,ריטר ספורט Ritter sport,DE,ריטר ספורט,גרמים,100.00,100 גרם,false,,7.90,0.0790,true,1,43948
4000417708007,false,"שוקולד ריטר ספורט מריר שקד, 100 גרם",ריטר ספורט Ritter sport,DE,ריטר ספורט,גרמים,100.00,100 גרם,false,,10.90,0.1090,true,1,43955
4001432773230,false,בלו ווין מוסקטו 1 ליטר,יקב רמת הגולן,DE,בלו ווין,מיליליטרים,1000.00,"100 מ""ל",false,,44.90,0.0449,true,1,60194
4002448017684,false,"סיליט באנג ספריי ניקוי כללי מסיר אבנית 750 מ""ל",הדקלאים אגודת שיתופי,PL,סיליט,מיליליטרים,750.00,"100 מ""ל",false,,12.90,0.0172,true,1,36959
4002448019480,false,"סיליט באנג מסיר שומנים רב שימושי 750 מ""ל",סיליט באנג Cillit Bang,PL,סיליט,מיליליטרים,750.00,"100 מ""ל",false,,12.90,0.0172,true,1,36960
4002590000022,false,סוכריות קלפני פירות יער אוכמניות 150 ג',ליימן מותגים,DE,קלפני,גרמים,150.00,100 גרם,false,,9.90,0.0660,true,1,43964
4004666042004,false,"מלרוד מרסס משמיד עובש יעקבי 500 מ""ל",יעקובי,DE,מלרוד,מיליליטרים,500.00,"100 מ""ל",false,,29.90,0.0598,true,1,43516
4004715020755,false,קישוטי עוגה פרינס אנד פרינסס 75 ג',היינץ צפון אמריקה מק,DE,קישוטי עוגה פרינסס,גרמים,75.00,100 גרם,false,,12.90,0.1720,true,1,43970
4005808128273,false,ג'ל רחצה לגבר אנרג'י עם תמציות מנטה בניחוח ממריץ,טרופיקל דגיל תעשיות,DE,ניוואה,מיליליטרים,500.00,"100 מ""ל",false,,14.90,0.0298,true,1,62161
4005808229390,false,"ניוואה - ג'ל רחצה קול לגבר 500 מ""ל",ניוואה Nivea,DE,ניוואה,מיליליטרים,500.00,"100 מ""ל",false,,14.90,0.0298,true,1,62163
4005900036445,false,"ניוואה - דאודורנט רול און לאישה בלק&וויט פיור 50 מ""ל",ביירסדורץ,DE,ניוואה,מיליליטרים,200.00,"100 מ""ל",false,,19.90,0.0995,true,1,62182
4005900036506,false,"ניוואה - דאודורנט רול און לגבר שקוף בלק 50 מ""ל",טרופיקל דגיל תעשיות,DE,ניוואה,מיליליטרים,50.00,"100 מ""ל",false,,19.90,0.3980,true,1,62185
4005900513069,false,"ניוואה - דאודורנט רול און לגבר דיפ 50 מ""ל",ביירסדורף,DE,ניוואה,מיליליטרים,50.00,"100 מ""ל",false,,19.90,0.3980,true,1,62195
4005900648181,false,"ניוואה - תחליב רחצה אלוורה 750 מ""ל",ביירסדורף AG,DE,ניוואה,מיליליטרים,750.00,"100 מ""ל",false,,13.90,0.0185,true,1,62200
4005900730336,false,"ניוואה דאו רול און לגבר בלק אנד וויט אימפקט 50 מ""ל",ביירסדורף,DE,ניוואה,מיליליטרים,50.00,"100 מ""ל",false,,19.90,0.3980,true,1,71277
4006387085407,false,שלישיית פילטר מקסטרא סודהסטרים,סודה קלאב,DE,בריטה,יח',3.00,יח',false,,99.00,33.0000,true,1,46196
4006592016487,false,דמות פיג'יי,,,דמות פיג'יי,יח',1.00,יח',false,,11.90,11.9000,true,1,72783
4009300522935,false,תה ירוק פומפדור לימונית ולואיזה 20 יחידות,"איטיליאן פוד, אס.פי.",DE,פומפדור,גרמים,30.00,100 גרם,false,,16.90,0.5633,true,1,54145
4009300525684,false,חליטת צמחים פומפדור ג'ינג'ר ולימון 20 יחידות,פומפדור Pompadour,DE,פומפדור חליטת פירות,גרמים,30.00,100 גרם,false,,11.90,0.3967,true,1,54150
4009300527909,false,חליטת צמחים ג'ינג'ר כורכום ללא קפאין,פומפדור Pompadour,DE,פומפדור,גרמים,40.00,100 גרם,false,,11.90,0.2975,true,1,54153
4009900402965,false,אורביט וויט בטעם פירות בקבוקון 46מלבניות,ריגלי פולין,PL,אורביט,יח',46.00,יח',false,,9.90,0.2152,true,1,62902
4009900403023,false,אורביט וויט בטעם מנטה בקבוקון 46 מלבניות,"ב.א מזון בע""מ",PL,אורביט,יח',46.00,יח',false,,9.90,0.2152,true,1,62903
4009900420129,false,מסטיק אורביט פרופשנל פפרמינט בקבוקון 64 גר',מרס נדרלנד,PL,אורביט,יח',46.00,יח',false,,9.90,0.2152,true,1,62907
4009900455299,false,"סוכרית ג'לי אדומה 174 גרם ""סקיטלס""",ריגלי ממתקים,CZ,סקיטלס,גרמים,174.00,100 גרם,false,,8.90,0.0511,true,1,62911
4009900465304,false,סוכריות סקיטלס בטעם פירות חמוצים,ריגלי ממתקים,CZ,סקיטלס,גרמים,174.00,100 גרם,false,,8.90,0.0511,true,1,62915
4009900479998,false,אורביט וויט אוכמניות בקבוקון 46 מלבניות,ריגלי פולין,PL,אורביט,יח',46.00,יח',false,,9.90,0.2152,true,1,62916
4009900482417,false,מסטיק אורביט פירות מנטה בקבוקון באבל מינט 45יח,ריגלי פולין,PL,אורביט,גרמים,14.00,100 גרם,false,,9.90,0.7071,true,1,62918
4009900483803,false,מסטיק איירובס מנטה אקליפטוס בקבוקון 60יח',איירוויבס Airwaves,PL,אורביט,גרמים,84.00,100 גרם,false,,12.90,0.1536,true,1,62919
4009900484305,false,מסטיק אורביט פרופשיונל סוויטמינט ביגי לבן 60יח',אורביט Orbit,GB,אורביט,גרמים,64.00,100 גרם,false,,12.90,0.2016,true,1,62923
4009900514996,false,אורביט בקבוקון תות הסדרה הצבעונית 46 מלב,חברת ריגלי בעמ,PL,אורביט,יח',46.00,יח',false,,9.90,0.2152,true,1,62937
4009900531122,false,"מסטיק בטעם מנטה ספירמינט, 64 ג' פרופשיונל אורביט",מרס נדרלנד,PL,אורביט,יח',46.00,יח',false,,9.90,0.2152,true,1,62945
4009900531573,false,סוכריות סקיטלס סמודיס בטעמי יוגורט ופירות,סקיטלס Skittles,CZ,סקיטלס,גרמים,174.00,100 גרם,false,,8.90,0.0511,true,1,62946
4009900534611,false,איירוויבס בקבוקון מלון ומנטה 46 מלבני,ריגלי,IL,איירוויבז,יח',46.00,יח',false,,9.90,0.2152,true,1,62949
4009900534918,false,סקיטלס גאיינט פירות 141 גרם,ריגלי,CZ,סקיטלס,גרמים,174.00,100 גרם,false,,8.90,0.0511,true,1,62950
4009900539340,false,סוכריות סקיטלס ג'יינט סאוור 141 גרם,מרס ריגלי קונפקשונרי,CZ,סקיטלס,גרמים,141.00,100 גרם,false,,8.90,0.0631,true,1,62955
4009900539685,false,"מסטיק פייב באונס בטעם מנטה בקבוקון, 61.8 גרם",ריגלי בעמ רוסיה,PL,מסטיק פייב באונס בטע,גרמים,61.80,100 גרם,false,,11.90,0.1926,true,1,62956
4009900539746,false,"מסטיק פייב באונס בטעם אבטיח בקבוקון, 61.8 גרם",ריגלי בעמ רוסיה,PL,מסטיק פייב באונס בטע,גרמים,61.80,100 גרם,false,,11.90,0.1926,true,1,62957
4009900540551,false,מסטיק אורביט רפרשרס טרופיקל בקבוקון ללא סוכר,מרס פולין,PL,מרס ריגלי,גרמים,67.00,100 גרם,false,,11.90,0.1776,true,1,62959
4011100001220,false,מרסי חטיפי מיני שקית 403ג',לינדט ושפרונגלי קילשברג,NL,מרס,גרמים,403.00,100 גרם,false,,19.90,0.0494,true,1,62960
4011800528416,false,קורני חטיף דגנים עם בוטנים מתוק-מלוח*6,שוורטאוור וורקה,DE,קורני,גרמים,150.00,100 גרם,false,,12.90,0.0860,true,1,32887
4011800628512,false,חטיף קורני שוקולד חלב 6 יח 150 גר,מיוצר עי קונדיטוריית,DE,קורני,גרמים,150.00,100 גרם,false,,12.90,0.0860,true,1,32893
4011800630515,false,חטיף קורני שוקולד חלב ובננה 6 יח 150 גר,מיוצר עי קונדיטוריית,DE,קורני,גרמים,150.00,100 גרם,false,,12.90,0.0860,true,1,32895
4011800632519,false,"מארז חטיפי שוקולד חלב וקוקוס ""קורני""",מיוצר עי קונדיטוריית,DE,קורני,גרמים,150.00,100 גרם,false,,12.90,0.0860,true,1,32896
4011800633516,false,קורני שוקולד מריר מעולה 58% קקאו 6*1,שוורטאוור וורקה,DE,קורני,גרמים,138.00,100 גרם,false,,12.90,0.0935,true,1,32897
4011800636517,false,קורני פרי שוקולד חלב מעולה ללא סוכר 6*1,מיוצר עי קונדיטוריית,DE,קורני,גרמים,120.00,100 גרם,false,,12.90,0.1075,true,1,32899
4013044100182,false,ליקרס מקריש צמחי טבעי אורגני 30,ליקרס,DE,ליקר - מקריש צמחי טב,גרמים,30.00,100 גרם,false,,24.90,0.8300,true,1,68893
4014400900217,false,בונבונריית מרסי מבחר ממתקי שוקולד 400 גרם,קריניציה ויטמינה אס,DE,מרסי,גרמים,400.00,100 גרם,false,,39.90,0.0997,true,1,43974
4014400901191,false,בונבונריית מרסי מבחר ממתקי שוקולד 250 גרם,ליימן מותגים,DE,מרסי,גרמים,250.00,100 גרם,false,,24.90,0.0996,true,1,43976
4014400904277,false,סוכריות בטעם מנטה אייס פרש סטורק 425 גרם,תות ממתקי איכות,DE,שטורק,גרמים,425.00,100 גרם,false,,14.90,0.0351,true,1,43980
4014400904376,false,סוכריות טופי בטעם שוקולד סטורק 325 גרם,קריניציה ויטמינה אס,DE,שטורק,גרמים,325.00,100 גרם,false,,14.90,0.0458,true,1,43981
4014400904390,false,סוכריות טופי ממולא חלב סטורק 325 גרם,קריניציה ויטמינה אס,DE,שטורק,גרמים,325.00,100 גרם,false,,14.90,0.0458,true,1,43982
4014400907902,false,"וורטרס אורגינל סוכריות חמאה ללא סוכר בקופסה
42 גרם",תות ממתקי איכות,DE,וורטרס אורגינל,גרמים,42.00,100 גרם,false,,5.90,0.1405,true,1,43983
4014400910063,false,סוכריות חמאה וורטרס אורגינל 135 גרם,וורטר'ס אורגינל,DE,וורטרס אורגינל,גרמים,135.00,100 גרם,false,,7.90,0.0585,true,1,43987
4014400913910,false,וורטרס אורגינל סוכריות חמאה ממולאות קרם קרמל בשקית,תות ממתקי איכות,DE,וורטרס אורגינל,גרמים,125.00,100 גרם,false,,7.90,0.0632,true,1,43988
4014400914696,false,וורטרס אורגינל סוכריות ללא סוכר 80 גרם,ליימן מותגים,DE,וורטרס אורגינל,גרמים,80.00,100 גרם,false,,7.90,0.0988,true,1,43992
4014400914924,false,"סוכריות בטעם קפה וורטר אורגינל לל""ס 80 גרם",ליימן מותגים,DE,וורטרס אורגינל,גרמים,80.00,100 גרם,false,,7.90,0.0988,true,1,43993
4014400920857,false,וורטר אורגינל ללא סוכר בטעם שוקולד-שקית 70 גרם,קריניציה ויטמינה אס,DE,וורטר,גרמים,70.00,100 גרם,false,,7.90,0.1129,true,1,43996
4014400923711,false,בונבוניירה שוקולד אגוזים טופיפי 125 גרם,ליימן מותגים,DE,טופיפי,גרמים,125.00,100 גרם,false,,11.90,0.0952,true,1,43997
4014400925319,false,וורטרס אורגינל פופקורן קרמל 140 גרם,וורטרס Werther's,DE,פופקורן קרמל וורטר 1,גרמים,140.00,100 גרם,false,,14.90,0.1064,true,1,43998
4014400931327,false,וורטר פופקורן קרמל עם תערובת גרעינים 140 גרם,וורטרס Werther's,DE,פופקורן קרמל וורטר א,גרמים,140.00,100 גרם,false,,14.90,0.1064,true,1,44000
4015000031394,false,"ספטיל - משחה להסרת כתמים 200 מ""ל",קריות זול,HU,הנקל סוד,מיליליטרים,200.00,"100 מ""ל",false,,14.90,0.0745,true,1,56846
4015000280211,false,"פה - דאודורנט רול און לאישה קאריביין לימון 50 מ""ל",שוורצקופף והנקל,DE,פה,מיליליטרים,50.00,"100 מ""ל",false,,10.90,0.2180,true,1,34997
4015000280372,false,"דאודורנט רול און בניחוח לימון פה 50 מ""ל",שוורצקופף והנקל,DE,פה,מיליליטרים,50.00,"100 מ""ל",false,,10.90,0.2180,true,1,34998
4015000519915,false,"פה - דאודורנט ספריי לאישה פינק פרדייס 200 מ""ל",שוורצקופף והנקל,TR,פה,מיליליטרים,200.00,"100 מ""ל",false,,10.90,0.0545,true,1,34999
4015400564034,false,מגן תחתון אולוויז מגה פק לונג פלוס 58 יחידות,פרוקטר אנד גמבל,DE,אולוויז,יח',68.00,יח',false,,17.90,0.2632,true,1,38096
4015400564454,false,מגני תחתון אולוויז לארג' עם ניחוח מגה פק,פרוקטר אנד גמבל,DE,אולוויז,יח',68.00,יח',false,,17.90,0.2632,true,1,38097
4015400681670,false,תחבושות אולוויז וליו פק לילה בטוח 18 יחידות,פרוקטר אנד גמבל,UA,אולוויז,יח',18.00,יח',false,,17.90,0.9944,true,1,38105
4015400731719,false,תחבושות היגייניות אולוויז יום ולילה Day & Night,פרוקטר אנד גמבל,UA,Fem Care,יח',20.00,יח',false,,17.90,0.8950,true,1,38111
4015400746812,false,מגני תחתון אולוויז נורמל עם ניחוח מגה פק,פרוקטר אנד גמבל,UA,אולוויז,יח',80.00,יח',false,,17.90,0.2237,true,1,38118
4015400755241,false,תחבושות היגייניות אולוויז אולטרה נורמל - 28 יח',פרוקטר אנד גמבל,UA,Fem Care,יח',28.00,יח',false,,17.90,0.6393,true,1,38120
4015400755487,false,תחבושות היגייניות אולוויז אולטרה לונג - 24 יח',פרוקטר אנד גמבל,DE,Fem Care,יח',24.00,יח',false,,17.90,0.7458,true,1,38122
4015600763251,false,שמפו הד&שולדרס קלאסי600מ,פרוקטר אנד גמבל,RO,הד אנד שולדרס,מיליליטרים,600.00,"100 מ""ל",false,,21.90,0.0365,true,1,71928
4015600763299,false,הד&שולדרס 600 שמפו 2ב1 קלאסי,פרוקטר אנד גמבל,RO,הד אנד שולדרס,מיליליטרים,600.00,"100 מ""ל",false,,21.90,0.0365,true,1,71934
4015600763459,false,שמפו הד&שולדרס תפוח600מל,פרוקטר אנד גמבל,RO,הד אנד שולדרס,מיליליטרים,600.00,"100 מ""ל",false,,21.90,0.0365,true,1,71936
4015600763534,false,הד&שולדרס 600 שמפו מגע משי,פרוקטר אנד גמבל,RO,הד אנד שולדרס,מיליליטרים,600.00,"100 מ""ל",false,,21.90,0.0365,true,1,71937
4015600766658,false,"הד אנד שולדרס שמפו2 ב 1 מנטול 600 מ""ל",פרוקטר אנד גמבל,RO,הד אנד שולדרס,מיליליטרים,600.00,"100 מ""ל",false,,21.90,0.0365,true,1,71938
4017100160417,false,בלזן גלילי וופל במילוי קרם בטעם וניל 75 גר',בלזן פולסקה,DE,בלזן,גרמים,75.00,100 גרם,false,,7.90,0.1053,true,1,44007
4017100198151,false,בלזן היט ביסקוויט עם מלית קרם בטעם וניל (41%) 220 גרם,הדקלאים אגודת שיתופי,PL,עוגיות היט וניל 220 גרם,גרמים,220.00,100 גרם,false,,7.90,0.0359,true,1,44008
4017100216800,false,וופל מיניס קלאסי בשוקולד 100 גר בלזן,ליימן שליסל,DE,בלזן,גרמים,100.00,100 גרם,false,,7.90,0.0790,true,1,44015
4017100290008,false,בלזן בסקויט חמאה מצופה שוקולד חלב 125 גרם,הדקלאים אגודת שיתופי,DE,בלזן,גרמים,125.00,100 גרם,false,,7.90,0.0632,true,1,44017
4017100291005,false,בלזן לייבניז בסקויט חמאה מצופה שוקולד מריר 125 גרם,הדקלאים אגודת שיתופי,DE,בלזן,גרמים,125.00,100 גרם,false,,7.90,0.0632,true,1,44019
4017100364112,false,בלזן היט בסקוויט סנדביץ עם מלית קרם בטעם שוקולד קקאו (41%) 220 גרם,הדקלאים אגודת שיתופי,PL,עוגיות היט שוקולד 220 גרם,גרמים,220.00,100 גרם,false,,7.90,0.0359,true,1,44023
4018722100188,false,אלב גולד-אטריות רחבות כוסמין וביצים 250 גרם,אלב גולד,DE,אלב גולד - אטריות כו,גרמים,250.00,100 גרם,false,,14.90,0.0596,true,1,68894
4018722102656,false,ספגטי כוסמין אורגני 500 גרם,אלב גולד,DE,אלב גולד - ספגטי כוס,גרמים,500.00,100 גרם,false,,15.90,0.0318,true,1,68895
4018722343141,false,פסטה פנה אורגנית כוס,אלב גולד,DE,אלב גולד - פנה כוסמי,גרמים,500.00,100 גרם,false,,19.90,0.0398,true,1,68896
4022025001905,false,"בלו ווין מבעבע זהב 750 מ""ל",היי סישל סוהן טראבן,DE,*מבצע* בלו ווין מבעב,מיליליטרים,750.00,"100 מ""ל",false,,49.90,0.0665,true,1,60199
4022025261002,false,"בלו ווין גוורצטרמינר 750 מ""ל",לנגוט טראבן,DE,בלו ווין,מיליליטרים,750.00,"100 מ""ל",false,,44.90,0.0599,true,1,60203
4023800012109,false,מרציפן שלוקוורד מצופ,,DE,מרציפן מצופה 100 גרם,גרמים,100.00,100 גרם,false,,7.50,0.0750,true,1,48146
4023800122105,false,מרציפן לא מצופה 82 גרם,,DE,מרציפן לא מצופה 82 ג,גרמים,82.00,100 גרם,false,,7.50,0.0915,true,1,48147
4025700001962,false,מילקה טבלת שוקולד לבן 100 גרם,פי אר ג'יי אס סי מונ,HU,מילקה,גרמים,100.00,100 גרם,false,,5.90,0.0590,true,1,56489
4053700288205,false,"וייט קרם להסרת שיער לעור רגיש 100 מ""ל",רקיט בנקיזר צרפת,FR,ויט,מיליליטרים,100.00,"100 מ""ל",false,,19.90,0.1990,true,1,36961
4053700292455,false,ויט רצועות שעווה מוכנות להסרת שיער לעור רגיל 12 יחידות,רקיט בנקיזר צרפת,FR,ויט,יח',12.00,יח',false,,19.90,1.6583,true,1,36962
4066600999614,false,"בירה פאולנר, בירת חיטה מעוננת, בקבוק 500 מ""ל",מבשלת פאולנר,DE,פאולנר,מיליליטרים,500.00,"100 מ""ל",false,,10.90,0.0218,true,1,42421
4067700014849,false,ליקר ייגרמייסטר כשר,מסט-יגרמייסטר,DE,יגרמייסטר,מיליליטרים,700.00,"100 מ""ל",false,,79.90,0.1141,true,1,42098
4072700003649,false,"פרנזיסקאנר בירה מעוננת 500 מ""ל","איי, בי, אינבוו",DE,Franziskaner,מיליליטרים,500.00,"100 מ""ל",false,,10.90,0.0218,true,1,42100
4084500853836,false,"נוזל כלים פיירי ורדים ומשי 515 מ""ל בד""צ",פרוקטר אנד גמבל,GB,פיירי,מיליליטרים,515.00,"100 מ""ל",false,,8.90,0.0173,true,1,38174
4084500853898,false,"נוזל כלים פיירי אלוורה ומלפפונים 515 מ""ל בד""צ",פרוקטר אנד גמבל,GB,פיירי,מיליליטרים,515.00,"100 מ""ל",false,,8.90,0.0173,true,1,38175
4100130937163,false,בירה בקס שישייה 6*275 מל,"איי, בי, אינבוו",DE,Beck and Co,ליטרים,1.65,ליטר,false,,24.90,15.0909,true,1,42101
4100470106700,false,חומץ תפוחים אורגני 750 מל,נטורפוד,DE,חומץ תפוחים אורגני ל,גרמים,750.00,100 גרם,false,,21.90,0.0292,true,1,68897
4105120623941,false,"בירה ויינשטפן בק' ח""פ 500 מ""ל","ויינשטפן, ת.ד 1155 פרייז",DE,"בירה ויינשטפן 500 מ""",מיליליטרים,500.00,"100 מ""ל",false,,10.90,0.0218,true,1,38637
4603400000043,false,"וודקה רוסקיי סטנדרט 700 מ""ל",רוסקי סטנדרט וודקה,RU,וודקה רוסקי סטנדרט 700,מיליליטרים,700.00,"100 מ""ל",false,,59.90,0.0856,true,1,36484
4605561010305,false,"חתיכות פילה הרינג עם שמיר בשמן 17.6 אונקיה, 500 גרם",LTD BREMOR SANTA SD,RU,פילה הרינג עם שמיר ב,גרמים,500.00,100 גרם,false,,25.90,0.0518,true,1,61413
4605561010343,false,פילה דג הרינג חתיכות בשמן 500 גרם,LTD BREMOR SANTA SD,RU,פילה הרינג בשמן חתיכ,גרמים,500.00,100 גרם,false,,25.90,0.0518,true,1,61415
4605561011975,false,חתיכות פילה דג הרינג בשמן מצונן 150 גרם,LTD BREMOR SANTA SD,BY,חתיכות פילה הרינג בש,גרמים,150.00,100 גרם,false,,7.90,0.0527,true,1,61417
4607012351005,false,גרעיני חמניות מרטין ללא מלח 200 גרם,"נארז ע""י : א.ג. גילר",RU,מרטין,גרמים,200.00,100 גרם,false,,12.90,0.0645,true,1,62283
4607012351999,false,גרעיני חמניות מרטין עם מלח 200 גרם,"נארז ע""י : א.ג. גילר",RU,מרטין,גרמים,200.00,100 גרם,false,,12.90,0.0645,true,1,62284
4607012352453,false,גרעיני חמניות מרטין פסים עם מלח 150 גר,אל אל סי מרטין,RU,מרטין,גרמים,150.00,100 גרם,false,,9.90,0.0660,true,1,62285
4640018993398,false,פיניש קוואנטום 60 יח' קפסולות ג'ל למדיח כלים,רקיט בנקיזר,PL,פיניש קוואנטום 60 יח,יח',60.00,יח',false,,59.90,0.9983,true,1,36969
4710068001715,false,"מאסטר קפה טירמיסו פחית 240 מ""ל",יוני פרזינדנט אנטרפר,TW,מאסטר קפה,מיליליטרים,240.00,"100 מ""ל",false,,5.90,0.0246,true,1,42424
4710068001739,false,"מאסטר קפה קולומביאני 250 מ""ל",יוני פרזינדנט אנטרפר,TW,מאסטר קפה,מיליליטרים,240.00,"100 מ""ל",false,,5.90,0.0246,true,1,42425
4710068002798,false,מאסטר קפה וונילה פחית 240 מל,מאיטה פוד אינדוסטריאל קו,TW,מאסטר קפה,מיליליטרים,240.00,"100 מ""ל",false,,5.90,0.0246,true,1,42427
4710964104916,false,"שמן שומשום טהור 370 מ""ל (כ)",פלייבור פול פודס טיי,TW,מזרח ומערב,מיליליטרים,370.00,"100 מ""ל",false,,22.90,0.0619,true,1,60292
4710964170799,false,שומשום שחור קלוי 91 גרם,פלייבור פול פודס טיי,TW,מזרח ומערב,גרמים,91.00,100 גרם,false,,16.90,0.1857,true,1,60293
4740098098331,false,"קוקטייל בלו לגון אה לה קוק 330 מ""ל",אה לי קוק,EE,אה לי קוק,מיליליטרים,330.00,"100 מ""ל",false,,9.90,0.0300,true,1,62296
4740098098355,false,"קוקטייל מוחיטו אה לה קוק 330 מ""ל",אה לי קוק,EE,אה לי קוק,מיליליטרים,330.00,"100 מ""ל",false,,9.90,0.0300,true,1,62297
4740098098379,false,"קוקטייל מרגריטה אה לה קוק 330 מ""ל",אה לי קוק,EE,אה לי קוק,מיליליטרים,330.00,"100 מ""ל",false,,9.90,0.0300,true,1,62298
4740098098393,false,"קוקטייל און דה ביץ אה לה קוק 330 מ""ל",אה לי קוק,EE,אה לי קוק,מיליליטרים,330.00,"100 מ""ל",false,,9.90,0.0300,true,1,62299
4750142003426,false,"בירה פילסנר פחית 500 מ""ל אקסטרה",צ'סו אלוס,LV,פילזנר,מיליליטרים,500.00,"100 מ""ל",false,,6.90,0.0138,true,1,62300
4750142021505,false,"בירה PILSENER בהירה 4.7% פחית 500 מ""ל",צ'סו אלוס,LV,פילזנר,מיליליטרים,500.00,"100 מ""ל",false,,6.90,0.0138,true,1,62302
4770237049313,false,גלידת שמנת בטעם וניל עם שקדים בציפוי צימקאו על מקל SVALYA,פיאנו זיואיגזדס,LV,גלידה אסקימו פלומביר,גרמים,63.00,100 גרם,false,,4.90,0.0778,true,1,64728
4770237049443,false,גלידה בטעם קרמל קרם בורלה פלומביר 70 גרם,פיאנו זיואיגזדס,LV,גלידה קרם ברולה פלומ,גרמים,70.00,100 גרם,false,,4.90,0.0700,true,1,64729
4770237049450,false,גלידה בטעם וניל בגביע וופל פלומביר 70 גרם,פיאנו זיואיגזדס,LV,גלידה וניל פלומביר ב,גרמים,70.00,100 גרם,false,,4.90,0.0700,true,1,64730
4770237050432,false,גלידה בטעם שוקולד בגביע וופל פלומביר 70 גרם,פיאנו זיואיגזדס,LV,גלידה שוקולד פלומביר,גרמים,70.00,100 גרם,false,,4.90,0.0700,true,1,64731
4770237052092,false,גלידת שמנת בטעם וניל בציפוי צימקאו בגביע SVALYA,פיאנו זיואיגזדס,LV,גלידה סליבויצ'נויה ב,גרמים,85.00,100 גרם,false,,4.90,0.0576,true,1,64732
4770237054423,false,גלידת שרבט מנגו עם אפרסק בגביע פלומביר,פיאנו זיואיגזדס,LV,גלידה יוגורט עם מנגו,גרמים,85.00,100 גרם,false,,4.90,0.0576,true,1,64733
4791021002789,false,תה ירוק אימפרה 100 ש,IMPERIAL TEA EXPORT,,תה ירוק 200 גרם,גרמים,200.00,100 גרם,false,,21.90,0.1095,true,1,32833
4791021003588,false,תה שחור אימפרה 100 ש,IMPERIAL TEA EXPORT,LK,תה צהוב 150ג,גרמים,150.00,100 גרם,false,,12.90,0.0860,true,1,32834
4791021944720,false,תה ארל גריי ספיישל 2,IMPERIAL TEA EXPORT,,תה ארל גריי ספיישל 200 גר,גרמים,200.00,100 גרם,false,,23.90,0.1195,true,1,32843
4792032060454,false,"גרין קוקו - מי קוקוס אורגניים 330 מ""ל",גרין קוקו,VN,גרין קוקו - מי קוקוס,גרמים,330.00,100 גרם,false,,8.90,0.0270,true,1,68898
4796019790020,false,"גרין קוקו - שמן קוקוס אורגני 500 מ""ל",גרין קוקו,LK,גרין קוקו - שמן קוקו,גרמים,500.00,100 גרם,false,,27.90,0.0558,true,1,68900
4800888150080,false,"דאב - דאודורנט רול און לאישה פרש טאצ' מלפפונים 50 מ""ל",יוניליוור פיליפינים,PH,DOVE,מיליליטרים,50.00,"100 מ""ל",false,,14.90,0.2980,true,1,51212
4800888219510,false,דאב - דאודורנט סטיק לאישה פרש מלפפונים 50 גרם,יוניליוור פיליפינים,PH,DOVE,גרמים,50.00,100 גרם,false,,14.90,0.2980,true,1,51223
4800888219534,false,דאב - דאודורנט סטיק לאישה אנטי פרספירמט 50 גרם,יוניליוור פיליפינים,PH,דאב דאו סטיק לאישה,גרמים,50.00,100 גרם,false,,14.90,0.2980,true,1,51225
4810168000011,false,פילה דג הרינג מלוח מצונן 250 גרם,סנטה ברמור,BY,פילה דג הרינג מלוח מ,גרמים,250.00,100 גרם,false,,12.90,0.0516,true,1,61422
4810168000066,false,פילה דג הרינג מלוח מצונן עם תבלינים 250 גרם,סנטה ברמור,BY,פילה דג הרינג מלוח מ,גרמים,250.00,100 גרם,false,,12.90,0.0516,true,1,61423
4810168001056,false,פילה דג הרינג מלוח מצונן בצנצנת חתיכות 260גרם,סנטה ברמור,BY,חתיכות פילה דג הרינג,גרמים,260.00,100 גרם,false,,17.90,0.0688,true,1,61425
4810168018795,false,חתיכות פילה דג הרינג מלוח מצונן 200גרם,סנטה ברמור,BY,חתיכות פילה דג הרינג,גרמים,200.00,100 גרם,false,,12.90,0.0645,true,1,61426
4810168019051,false,חתיכות פילה דג הרינג מלוח מצונן עם תבלין 200גרם,סנטה ברמור,BY,חתיכות פילה דג הרינג,גרמים,200.00,100 גרם,false,,12.90,0.0645,true,1,61427
4810168024512,false,פילה דג הרינג מלוח מצונן עם תבלין בצנצנת חתיכות 260 גרם,סנטה ברמור,BY,חתיכות פילה דג הרינג,גרמים,260.00,100 גרם,false,,17.90,0.0688,true,1,61428
4810168038267,false,גלידת שמנת בטעם וניל פלומביר בציפוי צימקאו אסקימו 65 גר YUKKI,Santa Bremor,BY,גלידה פלומביר אסקימו,גרמים,65.00,100 גרם,false,,4.90,0.0754,true,1,64738
4810168038977,false,גלידת שמנת בטעם וניל בגביע וופל אישי פלומביר 75 גרם YUKKI,Santa Bremor,BY,גלידה פלומביר בכוס י,גרמים,75.00,100 גרם,false,,4.90,0.0653,true,1,64739
4810168038984,false,גלידת שמנת משובחת בטעם וניל וופל בין השכבות 80 גר YUKKI,Santa Bremor,BY,גלידה פלומביר בריקט,גרמים,80.00,100 גרם,false,,4.90,0.0613,true,1,64740
4810168038991,false,גלידת שמנת בטעם שוקולד בגביע וופל אישי פלומביר 75 גר YUKKI,Santa Bremor,BY,גלידה שוקולד פלומביר,גרמים,75.00,100 גרם,false,,4.90,0.0653,true,1,64741
4810168058999,false,פילה דג הרינג סקנדינבי מלוח מצונן 250 גרם,סנטה ברמור,BY,פילה דג הרינג מלוח מ,גרמים,250.00,100 גרם,false,,12.90,0.0516,true,1,61432
4820015165206,false,גלידת שמנת משובחת בטעם וניל בגביע וופל אישי פלומביר 70 גר',ז'יטומרסקי זאבוד,LT,גלידה שמנת פלומביר ב,גרמים,70.00,100 גרם,false,,4.90,0.0700,true,1,64746
4820015165213,false,גלידת שמנת משובחת בטעם וניל פלומביר שכבות וופל 90 גרם,ז'יטומרסקי זאבוד,LV,גלידה פלומביר בריקט,גרמים,0.00,100 גרם,false,,4.90,0.0000,true,1,64747
4820080720768,false,"וודקה חלבני 700 מ""ל דאר פשניצ'ניה 700מל כ",NATIONAL ALCOHOL COM,,וודקה פשניצניה 700 מיל,מיליליטרים,700.00,"100 מ""ל",false,,54.90,0.0784,true,1,36489
4823077602863,false,רושן סוכריות ג'לי קרייזי פצ'ולקה 200 גרם,רושן,UA,רושן סוכריות ג'לי ממ,גרמים,200.00,100 גרם,false,,6.90,0.0345,true,1,37512
4823077612732,false,רושן סוכריות ממולאות בטעם פירות ביים בום 200 גרם,קייב קרמנציק,UA,רושן סוכריות בטעם פי,גרמים,200.00,100 גרם,false,,4.90,0.0245,true,1,37515
4823077614675,false,ביסקוויט לקפה רושן בטעם חלב 185 גרם,קייב קרמנציק,,רושן ביסקוויט לקפה ב,גרמים,185.00,100 גרם,false,,3.90,0.0211,true,1,70261
4823077614699,false,ביסקוויט לקפה רושן בטעם חמאה וניל 185 גרם,קייב קרמנציק,,רושן ביסקוויט לקפה ב,גרמים,185.00,100 גרם,false,,3.90,0.0211,true,1,70262
4823077625145,false,ממתקי שוקולד מריר עם דובדבן בליקר דובדבן,רושן Roshen,UA,רושן בונבוניירה דובד,גרמים,150.00,100 גרם,false,,12.90,0.0860,true,1,37535
4823077625589,false,וופל וואפרס חלב רושן 216 גר,,UA,רושן וופל בטעם חלב 2,גרמים,216.00,100 גרם,false,,6.90,0.0319,true,1,70264
4823077631467,false,קרקר עם מלח ים רושן 168 גר HI DAY,רושן,UA,רושן קרקר עם מלח ים,גרמים,168.00,100 גרם,false,,4.90,0.0292,true,1,70267
4823077631474,false,קרקר קלאסי רושן 168 גר HI DAY,רושן,UA,רושן קרקר קלאסי 168,גרמים,168.00,100 גרם,false,,4.90,0.0292,true,1,70268
4823077632112,false,וופל רושן בטעם קקאו חלב 216 גרם,,,רושן וופל בטעם קקאו,גרמים,216.00,100 גרם,false,,6.90,0.0319,true,1,70269
4823077633317,false,עוגיות שוקוצ'יפס LOVITA שוקולד עם חתיכות שוקולד 150 גרם,,UA,עוגיות לוביטה שוקולד,גרמים,150.00,100 גרם,false,,6.90,0.0460,true,1,70270
4823077633324,false,עוגיות שוקוצ'יפס LOVITA עם חתיכות שוקולד 150 גרם,,UA,עוגיות שוקוצ'יפס לוב,גרמים,150.00,100 גרם,false,,6.90,0.0460,true,1,70271
4823077633331,false,עוגיות שוקוצ'יפס LOVITA בטעם תפוז 150 גרם,,UA,רושן עוגיות לוביטה ב,גרמים,150.00,100 גרם,false,,6.90,0.0460,true,1,70272
4823077633348,false,עוגיות שוקוצ'יפס LOVITA עם חתיכות בוטנים 150 גרם,,UA,רושן עוגיות לוביטה ע,גרמים,150.00,100 גרם,false,,6.90,0.0460,true,1,70273
4823077634192,false,עוגיות רושן LOVITA במילוי דובדבן וניל 168 גרם,,UA,רושן עוגיות עם מילוי,גרמים,168.00,100 גרם,false,,6.90,0.0411,true,1,70275
4823077634222,false,עוגיות Lovita ממולאות ג'לי תפוז מצופות צימקאו,רושן Roshen,,עוגיות תפוז 135 גרם,גרמים,135.00,100 גרם,false,,6.90,0.0511,true,1,70276
4823077634246,false,עוגיות Lovita ממולאות ג'לי פטל מצופות צימקאו,רושן Roshen,,עוגיות פטל 135 גרם,גרמים,135.00,100 גרם,false,,6.90,0.0511,true,1,70277
4823077634277,false,עוגיות Lovita ממולאות ג'לי תות שדה מצופות צימקאו,רושן Roshen,,עוגיות תות שדה 135 ג,גרמים,135.00,100 גרם,false,,6.90,0.0511,true,1,70278
4823077635793,false,"וופלים דקיקים רושן ""THINS"" בטעם חלב וניל 55 גר",Unknown,UA,רושן וופלים דקיקים ב,גרמים,55.00,100 גרם,false,,4.90,0.0891,true,1,70280
4823077635809,false,"וופלים דקיקים רושן ""THINS"" בטעם קקאו 55 גר",Unknown,UA,רושן וופלים דקיקים ב,גרמים,55.00,100 גרם,false,,4.90,0.0891,true,1,70281
4823077636004,false,עוגיות Lovita ממולאות ג'לי דובדבן מצופות צימקאו,רושן Roshen,,עוגיות קקאו דובדבן 1,גרמים,135.00,100 גרם,false,,6.90,0.0511,true,1,70283
4891228430061,false,סכיני גילוח שיק אקזקטה 2 לנשים ורוד 10 יח',הנסיך- מפעל לייצור ט,CN,שיק,יח',10.00,יח',false,,23.90,2.3900,true,1,54176
4891228430092,false,סכיני גילוח שיק אקסטרים קומפורט לנשים 3 להבים 4 יחידות,אנרג'יזר Energizer,CN,שיק,יח',4.00,יח',false,,14.90,3.7250,true,1,54178
4903001904192,false,"רוטב סויה יאמסה פרימיום 500 מ""ל",הדקלאים אגודת שיתופי,JP,"רוטב סויה 500 מ""ל",מיליליטרים,500.00,"100 מ""ל",false,,14.90,0.0298,true,1,44030
4903001925784,false,"רוטב סויה יאמאסה פרמיום דל מלח 500 מ""ל",הדקלאים אגודת שיתופי,JP,*מבצע* רוטב סויה פרי,מיליליטרים,500.00,"100 מ""ל",false,,14.90,0.0298,true,1,44031
4903001930993,false,"רוטב טריאקי יאמאסה 500 מ""ל",ליימן מותגים,JP,"רוטב סויה 500 מ""ל",מיליליטרים,500.00,"100 מ""ל",false,,14.90,0.0298,true,1,44032
5000054359500,false,פריסקיז פטה כבד עוף 156 ג,נסטלה פורינה USA קר,US,פריסקיז פטה כבד ועוף,גרמים,156.00,100 גרם,false,,6.90,0.0442,true,1,63626
5000159409179,false,מארז חטיפי מיני סניקרס Snickers,מרס הולנד בי.וי.,NL,מרס,גרמים,403.00,100 גרם,false,,19.90,0.0494,true,1,62972
5000159414197,false,מלטיזרס בציפוי שוקולד 135 גרם,מרס שוקולד צ.אמריקה,NL,מלטיזרס 135 גרם,גרמים,135.00,100 גרם,false,,9.90,0.0733,true,1,62973
5000159536400,false,טוויקס מארז עשריה 99 קלוריות,מרס,NL,מרס,גרמים,200.00,100 גרם,false,,16.90,0.0845,true,1,62999
5000168199245,false,שוקולד חלב מעולה בתוספת קרמל מלוח פיור גודייבה 90 ג',"אולקר מקבוצת פלאדיס, ציק",TR,גודייבה,גרמים,90.00,100 גרם,false,,11.90,0.1322,true,1,50763
5000204151053,false,"פלדג' אירוסול לניקוי רהיטים קלאסי 250 מ""ל","אס.סי ג'\ונסון, אירופלנט",NL,פלדג,מיליליטרים,250.00,"100 מ""ל",false,,13.90,0.0556,true,1,37832
5000299609347,false,"וויסקי גלנליווט פאונדרס ריזרב 700 מ""ל",ג'ורג' וג'יי ג'יי סמית,GB,וויסקי גלנליווט 700,מיליליטרים,700.00,"100 מ""ל",false,,144.90,0.2070,true,1,42429
5000394137516,false,רביעיות סוללות אופטימום AAA דורסל,פרוקטר אנד גמבל,BE,דורסל,יח,4.00,יח,false,,17.90,4.4750,true,1,38217
5000394140820,false,שישיות סוללות AA פלוס פאוור דורסל,דורסל,BE,דורסל,יח,6.00,יח,false,,16.90,2.8167,true,1,38218
5000394141209,false,שישיות סוללות AAA פלוס פאוור דורסל,דיפלומט,BE,דורסל,יח,6.00,יח,false,,16.90,2.8167,true,1,38219
5000394141827,false,סוללה דורסל C פלוס 2יח,פרוקטר אנד גמבל,US,דורסל,יח',2.00,יח',false,,24.90,12.4500,true,1,38220
5000394141988,false,סוללות דורסל D פלוס 2 יח,פרוקטר אנד גמבל,US,דורסל,יח',2.00,יח',false,,24.90,12.4500,true,1,38221
5000396037531,false,מקוויטיס ביסקוויט מצופה שוקולד חלב 200 גרם,ברנדס סרטרה נשיונל,GB,MCVITIES DIGESTIVE,גרמים,200.00,100 גרם,false,,10.90,0.0545,true,1,50773
5000396037548,false,מקוויטיס ביסקוויט מצופה שוקולד מריר 200 גרם,ברנדס סרטרה נשיונל,GB,MCVITIES DIGESTIVE,גרמים,200.00,100 גרם,false,,10.90,0.0545,true,1,50774
5010123703585,false,ליסטרין שטיפת פה קולמינט 500 מל,גונסון אנד גונסון,IT,ליסטרין,מיליליטרים,500.00,"100 מ""ל",false,,14.90,0.0298,true,1,35856
5010182996799,false,ג'ל אסלה מנטרל ריחות בניחוח פרחי בר ורודים,דאופלור אס.פי.אי איט,IT,דאק,מיליליטרים,55.00,"100 מ""ל",false,,7.40,0.1345,true,1,37862
5010182997338,false,דאק ג'ל לניקוי אסלות בניחוח רענן 55 מל,"איטיליאן פוד, אס.פי.",IT,דאק,מיליליטרים,55.00,"100 מ""ל",false,,7.40,0.1345,true,1,37865
5010182997918,false,דאק ג'ל לניקוי אסלות בניחוח ים 55 מל,"איטיליאן פוד, אס.פי.",IT,דאק,גרמים,55.00,100 גרם,false,,7.40,0.1345,true,1,37867
5010182998861,false,דאק נוזל לניקוי אסלות בניחוח רענן 750 מל,מיוצר עי קונדיטוריית,NL,"דאק נוזל רענן 750 מ""",מיליליטרים,750.00,"100 מ""ל",false,,8.90,0.0119,true,1,37869
5010327000046,false,וויסקי גרנט'ס סקוטי,"וויליאם גראנט ובניו בע""\",GB,וויסקי גרנטס,מיליליטרים,700.00,"100 מ""ל",false,,69.90,0.0999,true,1,42112
5010327399614,false,"גלנפידיך 12 אמריקן אווק כשר 700 מ""ל",וויליאם גרנטס ובניו,GB,*מבצע* גלנפידיך 12 א,מיליליטרים,700.00,"100 מ""ל",false,,149.00,0.2129,true,1,42116
5010677551281,false,בקרדי בריזר לימון 275 בקבוק,בקרדי בריזר Bacardi Breezer,BE,בקרדי,מיליליטרים,275.00,"100 מ""ל",false,,13.90,0.0505,true,1,42434
5010677552387,false,בריזר ט.אננס בקבוק 275מל,בקרדי בריזר Bacardi Breezer,BE,בקרדי,מיליליטרים,275.00,"100 מ""ל",false,,13.90,0.0505,true,1,42436
5010677554398,false,בקרדי בריזר אבטיח 275 בקבוק,בקרדי בריזר Bacardi Breezer,BE,בקרדי,מיליליטרים,275.00,"100 מ""ל",false,,13.90,0.0505,true,1,42437
5010677850100,false,וודקה גריי גוס בקבוק,בקרדי מרטיני,FR,"וודקה גרייגוס 700 מ""",מיליליטרים,700.00,"100 מ""ל",false,,109.90,0.1570,true,1,45034
5011157630281,false,אורז לבן ארוך בסמטי טילדה Tilda,אלסקה/ טילדה,GB,טילדה,קילוגרמים,1.00,"ק""ג",false,,19.90,19.9000,true,1,54188
5014271002675,false,מעדן פרי תפוח וקינמון סנדלפור 284 גרם,סאן דלפור - שמבור,FR,סאנטדלפור,גרמים,284.00,100 גרם,false,,19.90,0.0701,true,1,65997
5014271003979,false,סופר פרוט מעדן פרי אוכמניות ואסאי סנדלפור 170 גרם,סאן דלפור - שמבור,FR,סאנט דלפור סופר פרוט,גרמים,170.00,100 גרם,false,,14.90,0.0876,true,1,71403
5014271004228,false,סופר פרוט מעדן פרי דובדבן ואסרולה סנדלפור 170 גרם,סאן דלפור - שמבור,FR,סאנט דלפור סופר פרוט,גרמים,170.00,100 גרם,false,,14.90,0.0876,true,1,71405
5014271300429,false,"מעדן משמש 100% פרי סנטדלפור 284 גרם לל""ס",סאן דלפור - שמבור,FR,סאנטדלפור,גרמים,284.00,100 גרם,false,,19.90,0.0701,true,1,65999
5014271310428,false,מעדן דובדבנים שחורים ללא תוספת סוכר 284 גרם,סאן דלפור - שמבור,FR,סאנטדלפור,גרמים,284.00,100 גרם,false,,19.90,0.0701,true,1,66000
5014271330426,false,מעדן אוכמניות כחולות ללא תוספת סוכר 284 גרם,סאן דלפור - שמבור,FR,סאנטדלפור,גרמים,284.00,100 גרם,false,,19.90,0.0701,true,1,66001
5014271360423,false,"מעדן תפוזים לל""ס סאן דלפור 284 גרם",סאן דלפור - שמבור,FR,סאנטדלפור,גרמים,284.00,100 גרם,false,,19.90,0.0701,true,1,66003
5014271370422,false,סן דלפו מעדן אפרסק ללא סוכר 284גר,סאן דלפור - שמבור,FR,סאנטדלפור,גרמים,284.00,100 גרם,false,,19.90,0.0701,true,1,66004
5014271400426,false,"מעדן בטעם תות שדה לל""ס סאן דלפור 284 גרם",סאן דלפור - שמבור,FR,סאנטדלפור,גרמים,284.00,100 גרם,false,,19.90,0.0701,true,1,66005
5024546366609,false,"וויסקי 700 מ""ל LAUDERS SCOTCH",מקדוף אינטרנשנל דיסט,GB,וויסקי לאודרס,מיליליטרים,700.00,"100 מ""ל",false,,79.90,0.1141,true,1,37477
5026489483993,false,חטיף עדשים בטעם מלח ים40,לקסמי אנד סונס סי/\אי קו,GB,חטיף עדשים סיסולט 40,גרמים,40.00,100 גרם,false,,6.90,0.1725,true,1,32902
5026489484778,false,חטיף קינואה טומטו איט ריל 30 גרם,איט ריל,GB,חטיף קינואה טומטו 30,גרמים,30.00,100 גרם,false,,6.90,0.2300,true,1,32904
5028349100316,false,ויסקי היילנד צ'יף 0.7 ליטר,CAMPBELL MEYER,,וויסקי היילנד ציף 0.7,מיליליטרים,700.00,"100 מ""ל",false,,59.90,0.0856,true,1,36495
5029053535227,false,קוטקס טמפון עם מוליך נורמל 16 יחידות,קימברלי קלארק,CZ,קוטקס,יח',16.00,יח',false,,19.90,1.2437,true,1,41773
5029054220085,false,האגיס - מגבוני האגיס אקסטרה קר לא מבושם 56 יח' * 4,קימברלי קלארק,IL,האגיס,יח',224.00,יח',false,,24.90,0.1112,true,1,41779
5050083559761,false,דגני בוקר קלוגס קוקו פופס שוקוס 500 גרם,קלוגס מניופקטורינג אספנה,ES,קלוגס,גרמים,500.00,100 גרם,false,,14.90,0.0298,true,1,71988
5050624090654,false,בובת פרווה מיניון 1,,,בובת פרווה מיניון 1,יח',1.00,יח',false,,59.90,59.9000,true,1,72776
5053827215862,false,קלוגס קוקו פופס שוקו 500ג',קלוגס מניופקטורינג אספנה,GB,קלוגס קוקו פופס 500,גרמים,500.00,100 גרם,false,,14.90,0.0298,true,1,71990
5060517886486,false,"משקה אנרגיה מונסטר אנרג'י בפחית 500 מ""ל",מונסטר אנרג'י Monster Energy,RS,מונסטר,מיליליטרים,500.00,"100 מ""ל",false,,6.50,0.0130,true,1,38638
5060517886516,false,"משקה אנרגיה מונסטר אנרג'י זירו בפחית 500 מ""ל",מונסטר אנרג'י Monster Energy,RS,משקה אנרגיה מונסטר א,מיליליטרים,500.00,"100 מ""ל",false,,6.50,0.0130,true,1,38639
5060639128051,false,"משקה אנרגיה מונסטר אולטרה בפחית 500 מ""ל",מונסטר אנרג'י Monster Energy,RS,משקה אנרגיה מונסטר א,מיליליטרים,500.00,"100 מ""ל",false,,6.50,0.0130,true,1,38641
5060639129102,false,"משקה אנרגיה מונסטר אנרג'י מנגו בפחית 500 מ""ל",מונסטר אנרג'י Monster Energy,RS,משקה אנרגיה מונסטר מ,מיליליטרים,500.00,"100 מ""ל",false,,6.50,0.0130,true,1,38642
5060751218173,false,"משקה אנרגיה מונסטר אנרג'י piplin punch בפחית 500 מ""ל",מונסטר אנרג'י לימטד,RS,משקה אנרגיה מונסטר א,מיליליטרים,500.00,"100 מ""ל",false,,6.50,0.0130,true,1,38643
5060751219033,false,"משקה אנרגיה מונסטר אנרג'י זירו paradise בפחית 500 מ""ל",מונסטר אנרג'י לימטד,RS,משקה אנרגיה מונסטר א,מיליליטרים,500.00,"100 מ""ל",false,,6.50,0.0130,true,1,38644
5099864006391,false,תחליף חלב למהדרין שלב 3 סימילאק 900 גרם,אבוט מעבדות רפואיות,ES,סימילאק,גרמים,900.00,100 גרם,false,,69.90,0.0777,true,1,66061
5099873017623,false,"וויסקי גק דניאלס טנסי אפל 700 מ""ל",ג'ק דניאלס Jack Daniel's,BE,*מבצע* ג'ק דניאלס תפ,מיליליטרים,700.00,"100 מ""ל",false,,99.90,0.1427,true,1,69341
5200133120476,false,גלילות וופלים ממולאים קרם אגוזים וקקאו 400 ג',יוניליוור גרמניה Gm,GR,גולדן ברייק,גרמים,400.00,100 גרם,false,,15.90,0.0398,true,1,56497
5201004020338,false,קפריס וופל רול ממולא קרם אגוזי לוז 400 ג',א.ג פאפאגופולוס,GR,גליליות עם קרם אגוזי,גרמים,400.00,100 גרם,false,,19.90,0.0497,true,1,32906
5201347160326,false,גל לשמירה על חיי מכונת הכביסה קלגון 750מ,רקיט בנקיזר,IT,קלגון,מיליליטרים,750.00,"100 מ""ל",false,,29.90,0.0399,true,1,36987
5201347400545,false,רצועות שעווה מוכנות לשימוש לפנים ולאזורים רגישים,רקיט בנקיזר צרפת,FR,ויט,יח',20.00,יח',false,,19.90,0.9950,true,1,36988
5202390020407,false,פטה טבעונית גוש ויולייף 200 ג',ביוט איילנד פודס בעמ,GR,בסגנון פטה טבעונית 2,גרמים,200.00,100 גרם,false,,23.90,0.1195,true,1,56511
5391523057929,false,סימילאק גולד שלב 1 תרכובת מזון על בסיס חלב,אבוט מעבדות רפואיות,IE,סימילאק,גרמים,700.00,100 גרם,false,,69.90,0.0999,true,1,66062
5391523057936,false,סימילאק גולד שלב 2 תרכובת מזון על בסיס חלב,אבוט מעבדות רפואיות,IE,סימילאק,גרמים,700.00,100 גרם,false,,69.90,0.0999,true,1,66063
5391523057943,false,סימילאק גולד שלב 3 תרכובת מזון על בסיס חלב,אבוט מעבדות רפואיות,IE,סימילאק,גרמים,700.00,100 גרם,false,,69.90,0.0999,true,1,66064
5391523058063,false,סימילאק אדבנס פלוס 1 תרכובת מזון על בסיס חלב,טרופיקל דגיל תעשיות,IE,סימילאק,גרמים,700.00,100 גרם,false,,64.90,0.0927,true,1,66065
5391523058070,false,סימילאק אדבנס פלוס 3 תרכובת מזון על בסיס חלב,טרופיקל דגיל תעשיות,IE,סימילאק,גרמים,700.00,100 גרם,false,,64.90,0.0927,true,1,66066
5391523058087,false,סימילאק אדבנס פלוס 2 תרכובת מזון על בסיס חלב,טרופיקל דגיל תעשיות,IE,סימילאק,גרמים,700.00,100 גרם,false,,64.90,0.0927,true,1,66067
5410103161518,false,קרם יום עם פעולה משולשת לעור רגיל ומעורב,"לוריאל ישראל בע""מ",DE,לוריאל דרמו,מיליליטרים,50.00,"100 מ""ל",false,,46.90,0.9380,true,1,35622
5410103161617,false,קרם יום עם פעולה משולשת Triple active לעור יבש ועדין,"לוריאל ישראל בע""מ",DE,לוריאל דרמו,מיליליטרים,50.00,"100 מ""ל",false,,46.90,0.9380,true,1,35623
5410126006087,false,עוגיות לוטוס ארוזות בתפזורת 700 גרם,לוטוס ביקרי נ.וי.,BE,לוטוס,גרמים,700.00,100 גרם,false,,23.90,0.0341,true,1,56515
5410126106022,false,מארז עוגיות לוטוס 250 גר*2,לוטוס ביקרי נ.וי.,BE,לוטוס,גרמים,500.00,100 גרם,false,,17.90,0.0358,true,1,71991
5410126116953,false,ממרח ביסקוויט קרמל לוטוס 400 גרם,לוטוס בייקרי בלגיה נ,BE,לוטוס,גרמים,400.00,100 גרם,false,,19.90,0.0497,true,1,56522
5410126666038,false,"ביסקוויט קרמל לוטוס 279 גרם בד""צ",לוטוס ביקרי נ.וי.,BE,לוטוס,גרמים,279.00,100 גרם,false,,9.90,0.0355,true,1,56523
5410126716016,false,"עוגיות לוטוס ביסקויט קרמל בד""צ 250 גרם",לוטוס ביקרי בלגיה,BE,לוטוס,גרמים,250.00,100 גרם,false,,10.90,0.0436,true,1,56524
5410126726947,false,ממרח ביסקוויט קרמל קראנץ' לוטוס 380 גרם,לוטוס בייקרי בלגיה נ,BE,לוטוס,גרמים,380.00,100 גרם,false,,19.90,0.0524,true,1,56525
5410173210055,false,רומבוסט קפה טחון וקלוי לפילטר 70 גרם,קופי רומבוטס,BE,רומבוטס,גרמים,70.00,100 גרם,false,,14.90,0.2129,true,1,44036
5410291021991,false,צוקטה ממרח אגוזי לוז וקקאו 700 גר,צ'וקטה Chocketa,BE,צוקטה,גרמים,700.00,100 גרם,false,,19.90,0.0284,true,1,54190
5410316983693,false,"סמירנוף אייס בקבוק 275 מ""ל",סמירנוף אייס Smirnoff ice,IT,סמירנוף אייס,מיליליטרים,250.00,"100 מ""ל",false,,12.90,0.0516,true,1,38646
5411188081852,false,אלפרו משקה סויה בטעם וניל 1 ל',הנסיך- מפעל לייצור ט,BE,אלפרו,ליטרים,1.00,ליטר,false,,14.90,14.9000,true,1,46288
5411188094159,false,רביעיית מעדן סויה שוקו מריר אלפרו 125 גרם,הנסיך- מפעל לייצור ט,BE,אלפרו,מיליליטרים,500.00,"100 מ""ל",false,,16.90,0.0338,true,1,46289
5411188110835,false,אלפרו חלב סויה שקדים וניל 1ל',הנסיך- מפעל לייצור ט,BE,אלפרו,ליטרים,1.00,ליטר,false,,13.90,13.9000,true,1,46291
5411188112709,false,"משקה קוקוס אלפרו 1 ליטר משקה שקדים לל""ס",הנסיך- מפעל לייצור ט,BE,אלפרו,ליטרים,1.00,ליטר,false,,13.90,13.9000,true,1,46295
5411188115366,false,משקה קוקוס אלפרו 1 ליטר משקה שיבולת שועל 1 ליטר,הנסיך- מפעל לייצור ט,BE,אלפרו,ליטרים,1.00,ליטר,false,,13.90,13.9000,true,1,46297
5411188115434,false,משקה אלפרו בריסטה סויה 1 ליטר,אלפרו C.V.A,BE,אלפרו,ליטרים,1.00,ליטר,false,,13.90,13.9000,true,1,46299
5411188120742,false,משקה קוקוס אלפרו 1 ליטר שקדים וניל 1 ל',הנסיך- מפעל לייצור ט,BE,אלפרו,ליטרים,1.00,ליטר,false,,13.90,13.9000,true,1,46305
5411188120957,false,"אלפרו תערובת לבישול על בסיס קוקוס 250 מ""ל",אלפרו C.V.A,BE,אלפרו,מיליליטרים,250.00,"100 מ""ל",false,,9.90,0.0396,true,1,48720
5411188121923,false,"משקה סויה מועשר סידן אלפרו 3*250 מ""ל",הנסיך- מפעל לייצור ט,BE,אלפרו,מיליליטרים,750.00,"100 מ""ל",false,,14.90,0.0199,true,1,46308
5411188124689,false,משקה אלפרו שיבולת שועל ללא סוכר 1 ליטר,אלפרו C.V.A,BE,אלפרו,ליטרים,1.00,ליטר,false,,13.90,13.9000,true,1,46313
5411188127697,false,אלפרו משקה בריסטה שיבולת שועל 1 ליטר,הנסיך- מפעל לייצור ט,BE,אלפרו,ליטרים,1.00,ליטר,false,,13.90,13.9000,true,1,46318
5411188129899,false,משקה אלפרו בריסטה שקדים 1 ליטר,הנסיך- מפעל לייצור ט,BE,אלפרו,ליטרים,1.00,ליטר,false,,13.90,13.9000,true,1,46319
5411188133476,false,משקה סויה שוקו עם חלבון אלפרו 250 גרם,אלפרו C.V.A,BE,*מבצע* משקה סויה שוק,גרמים,250.00,100 גרם,false,,5.90,0.0236,true,1,48721
5411188133490,false,משקה סויה קפה קרמל עם חלבון אלפרו 250 גרם,אלפרו C.V.A,BE,*מבצע* משקה סויה קפה,גרמים,250.00,100 גרם,false,,5.90,0.0236,true,1,48722
5411188134985,false,משקה NOT MILK שיבולת שועל 3.5% אלפרו 1 ליטר,הנסיך- מפעל לייצור ט,BE,אלפרו 3.5% שומן שבול,ליטרים,1.00,ליטר,false,,13.90,13.9000,true,1,48723
5411188135005,false,משקה NOT MILK שיבולת שועל 1.8% אלפרו 1 ליטר,הנסיך- מפעל לייצור ט,BE,אלפרו 1.8% שומן שבול,ליטרים,1.00,ליטר,false,,13.90,13.9000,true,1,48724
5411188300328,false,אלפרו סויה שוקו 1 ליטר * 8 יחי,הנסיך- מפעל לייצור ט,BE,אלפרו,ליטרים,1.00,ליטר,false,,11.90,11.9000,true,1,46322
5411188513483,false,"סויה לבישול 14% שומן אלפרו 250 מ""ל",אלפרו C.V.A,BE,אלפרו סויה לבישול 14,מיליליטרים,250.00,"100 מ""ל",false,,9.90,0.0396,true,1,48725
5411188543398,false,משקה סויה ללא סוכר אלפרו 1 ליטר,הנסיך- מפעל לייצור ט,BE,אלפרו,ליטרים,1.00,ליטר,false,,13.90,13.9000,true,1,46324
5413548280189,false,קינדר שוקו בון 1 יחידות 125 גרם,פררו - אלבה,BE,פררו,גרמים,125.00,100 גרם,false,,12.90,0.1032,true,1,60094
5601008200468,false,עוגיות גודיס טבעות מצופות שוקולד לבו מרבה 150 גרם,קריניציה ויטמינה אס,PT,מרבה,גרמים,150.00,100 גרם,false,,5.90,0.0393,true,1,54200
5601217129420,false,וולייט דפים למניעת העברת צבע 20 יחידות,רקיט בן קיזר,IT,וולייט,יח',20.00,יח',false,,19.90,0.9950,true,1,36989
5701932026971,false,הוטפופ גרעיני תירס להכנת פופקורן במיקרוגל בטעם חמאה 600 גרם,ליימן מותגים,US,הוטפופ,גרמים,600.00,100 גרם,false,,14.90,0.0248,true,1,44043
5701932026995,false,"הוטפופ גרעיני תירס להכנת פופקורן במיקרוגל בטעם טבעי מופחת שומן, 510 גרם",קריניציה ויטמינה אס,US,הוטפופ,גרמים,510.00,100 גרם,false,,14.90,0.0292,true,1,44044
5711953103285,true,פטינה 21% שומן במשקל,ארלה,DK,פטינה,קילוגרמים,1.00,"ק""ג",true,,29.00,29.0000,true,1,48732
5711953105807,false,בלוז בסגנון דנאבלו במשקל,ארלה פודס אמבה,DK,בלוז,קילוגרמים,1.00,"ק""ג",true,,69.00,69.0000,true,1,48733
5711953106583,false,גבינת שמנת בטעם טבעי 200 ג' ארלה,ארלה פודס אמבה,DK,ארלה,גרמים,200.00,100 גרם,false,,14.90,0.0745,true,1,48735
5711953106590,false,גבינת שמנת ארלה שמנת שום 200 גרם,ארלה פודס אמבה,DK,ארלה,גרמים,200.00,100 גרם,false,,14.90,0.0745,true,1,48736
5711953106606,false,גבינת שמנת עם תבלינים ועשבי תיבול 23.5%,ארלה פודס אמבה,DK,ארלה,גרמים,200.00,100 גרם,false,,14.90,0.0745,true,1,48737
5711953148347,false,"גבינת שמנת טבעי ארלה, 300 גרם",ארלה,DK,*מבצע* ארלה גבינת שמ,גרמים,300.00,100 גרם,false,,17.90,0.0597,true,1,70494
5740900108264,false,ממרח חמאה לורפק במשקל,ארלה פודס אמבה,DK,חמאה,קילוגרמים,1.00,"ק""ג",true,,39.00,39.0000,true,1,48740
5740900403215,false,ממרח מחמאת לורפק עם מלח 250 ג',ארלה פודס אמבה,DK,ארלה,גרמים,250.00,100 גרם,false,,13.80,0.0552,true,1,48741
5740900403222,false,ממרח לורפק חמאה עם מלח מופחת שומן 250 ג,ארלה פודס אמבה,DK,ארלה,גרמים,250.00,100 גרם,false,,13.80,0.0552,true,1,48742
5740900403239,false,ממרח לורפק ללא תוספת מלח 250 גר,ארלה פודס אמבה,DK,ארלה,גרמים,250.00,100 גרם,false,,13.80,0.0552,true,1,48743
5740900403246,false,ממרח לורפק ללא תוספת מלח 500 גר,ארלה פודס אמבה,DK,ארלה,גרמים,500.00,100 גרם,false,,27.90,0.0558,true,1,48744
5740900403253,false,ממרח מחמאת לורפק עם מלח 500 ג',ארלה פודס אמבה,DK,ארלה,גרמים,500.00,100 גרם,false,,27.90,0.0558,true,1,48745
5740900403260,false,ממרח מחמאת לורפק ללא מלח 27% פחות שומן,ארלה פודס אמבה,DK,ארלה,גרמים,250.00,100 גרם,false,,13.80,0.0552,true,1,48746
5900020012814,false,דגנים תפוחים בטעם שוקולד נסקוויק נסטלה 500 גרם,מיוצר עי קונדיטוריית,PL,NESQUIK,גרמים,500.00,100 גרם,false,,19.90,0.0398,true,1,33278
5900020015174,false,פיטנס חטיפי אנרגיה דגנים בטעם שוקולד נסטלה 6*23.5 גרם,מיוצר עי קונדיטוריית,PL,FITNESS,גרמים,141.00,100 גרם,false,,9.70,0.0688,true,1,33279
5900020018908,false,פיטנס חטיפי אנרגיה דגנים בטעם קרם עוגיות נסטלה 6*23.5 גרם,מיוצר עי קונדיטוריית,PL,FITNESS,גרמים,141.00,100 גרם,false,,9.70,0.0688,true,1,33280
5900020024770,false,פיטנס - דליס חטיף דגנים שוקולד אגוז 22.50 גרם * 6,נסטלה פולין ברים,PL,FITNESS,גרמים,135.00,100 גרם,false,,9.70,0.0719,true,1,33286
5900020024817,false,פיטנס דליס Fitness Delice חטיף דגנים עם שוקולד לבן,נסטלה פולין ברים,PL,FITNESS,גרמים,135.00,100 גרם,false,,9.70,0.0719,true,1,33287
5900020026552,false,דגני בוקר האני נאט צ'יריוס בטעם דבש ושקדים,נסטלה צרפת איטנקורט,FR,CHEERIOS,גרמים,625.00,100 גרם,false,,19.90,0.0318,true,1,33292
5900020029669,false,פיטנס - חטיף דגנים פירות יער 23.50 גרם * 6,נסטלה פולין דגני בוק,PL,FITNESS,גרמים,141.00,100 גרם,false,,9.70,0.0688,true,1,33294
5900020031877,false,נסטלה האני ציריוס חטיף דגני בוקר שישייה,נסטלה פולין דגני בוק,PL,CINI-MINIS,גרמים,132.00,100 גרם,false,,14.90,0.1129,true,1,33296
5900020033314,false,חטיף דגני בוקר Lion בטעם קרמל ושוקולד על קרם חלב,נסטלה פולין דגני בוק,PL,CINI-MINIS,גרמים,150.00,100 גרם,false,,14.90,0.0993,true,1,33299
5900020034021,false,חטיף דגנים פיטנס שוקולד בננה 141 גרם,מיוצר עי קונדיטוריית,PL,FITNESS,גרמים,141.00,100 גרם,false,,9.70,0.0688,true,1,33301
5900020036407,false,ליון דגני בוקר שוקולד וקרמל נסטלה 480 גרם,נסטלה פולין דגני בוק,PL,CHEERIOS,גרמים,480.00,100 גרם,false,,19.90,0.0415,true,1,33304
5900020037916,false,דגני בוקר שיבולת שועל צ'ריוס 375ג',ג'נרל מילס סאן אדריא,PL,CHEERIOS,גרמים,375.00,100 גרם,false,,14.90,0.0397,true,1,33305
5900020039590,false,פיטנס חטיף דגנים קלאסי פרווה 8 6*23.5 ג,נסטלה פולין דגני בוק,PL,FITNESS,גרמים,141.00,100 גרם,false,,9.70,0.0688,true,1,33307
5900020039620,false,פיטנס חטיף דגנים שקדים ודבש פרווה 8 6*23 ג,נסטלה פולין ברים,PL,FITNESS,גרמים,141.00,100 גרם,false,,9.70,0.0688,true,1,33308
5900020041142,false,קורנפלקס פיטנס 500 ג' אסם,נסטלה צרפת איטנקורט,PL,פיטנס קורנפלקס 500 ג,גרמים,500.00,100 גרם,false,,12.90,0.0258,true,1,70170
5900020041371,false,פיטנס חטיף שוקולד מריר ושקדים 23.50 גרם,נסטלה פולין ברים,PL,FITNESS,גרמים,141.00,100 גרם,false,,9.70,0.0688,true,1,33309
5900352014449,false,וופל בלגי וניל 130 גרם,,,וופל בלגי וניל 130 ג,גרמים,130.00,100 גרם,false,,3.90,0.0300,true,1,55242
5900352014456,false,וופל בלגי שוקולד 130 גרם,,,וופל בלגי שוקולד 130,גרמים,130.00,100 גרם,false,,3.90,0.0300,true,1,55243
5900352014470,false,וופל בלגי קרמל 140 גרם,,,וופל בלגי קרמל 130 ג,גרמים,130.00,100 גרם,false,,3.90,0.0300,true,1,55244
5900627063233,false,טבליות למדיח הכל ב-1 פיניש מקס 50 יחידות,רקיט בנקיזר,PL,?????,יח',50.00,יח',false,,39.90,0.7980,true,1,36997
5900907000583,false,מלפפונים שלמים בחומץ900ג,סגל דברים טובים,PL,מלפפון בחוצץ 430ג,גרמים,430.00,100 גרם,false,,15.50,0.0360,true,1,32844
5900907000965,false,פטיסונים בחומץ 860 גרם,סגל דברים טובים,PL,פטיסון בחומץ 430ג,גרמים,430.00,100 גרם,false,,18.90,0.0440,true,1,32845
5900907001429,false,תערובת ירקות כבושים920גר,סגל דברים טובים,PL,אסורטי 460 גרם,גרמים,460.00,100 גרם,false,,15.50,0.0337,true,1,32846
5901414200411,false,בלזן היט מיני ביסקוויט סנדוויץ' עם מילוי קרם בטעם שוקולד 130 גרם,ליימן שליסל,PL,בלזן,גרמים,130.00,100 גרם,false,,5.90,0.0454,true,1,44047
5901483060022,false,חליטת עלי מרווה ביופ,bifix,,חליטת תה מרווה 40ג,גרמים,40.00,100 גרם,false,,8.90,0.2225,true,1,32855
5901483060206,false,חליטת מנטה 20 שקיקים,bifix,,חליטת תה מנטה 40ג,גרמים,40.00,100 גרם,false,,8.90,0.2225,true,1,32857
5901483060305,false,תה מליסה 2 גרם 20 שק,BIFIX,,חליטת תה מליסה 40ג,גרמים,40.00,100 גרם,false,,8.90,0.2225,true,1,32858
5901483060404,false,חליטת בבונג 20 שקיקי,bifix,,חליטת תה בבונג 35ג,גרמים,35.00,100 גרם,false,,8.90,0.2543,true,1,32859
5901483081027,false,חליטת לואיזה 20 שקיק,bifix,,חליטת לואיזה 35ג,גרמים,35.00,100 גרם,false,,8.90,0.2543,true,1,32860
5902198160403,false,XL משקה אנרגיה מוגז ללא סוכר עד 10 קלוריות לפחית 250 מל,"טמפו משקאות בע""\מ",IL,XL,מיליליטרים,250.00,"100 מ""ל",false,,3.80,0.0152,true,1,42451
5904941750312,false,"משקה אנרגיה BLU מוחיטו בודד 250 מ""ל",אקו - ביט,PL,בלו,מיליליטרים,250.00,"100 מ""ל",false,,4.20,0.0168,true,1,37369
5904941751302,false,"משקה אנרגיה בלו 250 מ""ל- בודד",אקו - ביט,PL,בלו,מיליליטרים,250.00,"100 מ""ל",false,,3.90,0.0156,true,1,37371
5904941751524,false,"משקה אנרגיה BLU DAY אבטיח בודד 250 מ""ל",אקו - ביט,PL,בלו,מיליליטרים,250.00,"100 מ""ל",false,,4.20,0.0168,true,1,37374
5904941751920,false,"משקה אנרגיה BLU day רגיל 250 מ""ל",אקו - ביט,PL,בלו,מיליליטרים,250.00,"100 מ""ל",false,,4.20,0.0168,true,1,37380
5904941751975,false,"בלו משקה אנרגיה דיי ענבים 250 מ""ל",אקו - ביט,PL,בלו,מיליליטרים,250.00,"100 מ""ל",false,,4.20,0.0168,true,1,37381
5906485301012,false,"משקה אנרגיה XL פחית 250 מ""ל","טמפו משקאות בע""מ",IL,XL,מיליליטרים,250.00,"100 מ""ל",false,,4.00,0.0160,true,1,42452
5949152110821,false,"איירוויק מבשם אוויר ומנטרל ריחות – לילות לבנים 237 מ""ל",רקיט בנקיזר,PL,מבשם אוויר איירוויק,מיליליטרים,237.00,"100 מ""ל",false,,14.90,0.0629,true,1,37000
5949152110838,false,"איירוויק מבשם אוויר ומנטרל ריחות - גשמים סגולים 237 מ""ל",רקיט בנקיזר,PL,מבשם אוויר איירוויק,מיליליטרים,237.00,"100 מ""ל",false,,14.90,0.0629,true,1,37001
5998623526739,false,"יין הונגרי גוורצטרמינר 750 מ""ל כשר",דנוביאנה,HU,*מבצע* גוורצטרמינר 7,מיליליטרים,750.00,"100 מ""ל",false,,29.90,0.0399,true,1,45037
6001067017530,false,מברשת שיניים קולגייט לילדים מגיל שנתיים עד חמש 1 יחידה,יבואן ומשווק: ש. שסט,CN,קולגייט,יח',1.00,יח',false,,9.90,9.9000,true,1,54202
6111049002055,false,סרדין מרוקאי בשמן סו,אטלנטיק הום סרדינס א,MA,U.P.A,גרמים,125.00,100 גרם,false,,4.90,0.0392,true,1,55528
6111094000013,false,"קוסקוס דארי בינוני תומר 1 ק""ג",דארי קוספאט אס. איי. או,MA,תומר,קילוגרמים,1.00,"ק""ג",false,,17.90,17.9000,true,1,53597
6111094000198,false,קוסקוס דארי בינוני 350 גרם,דארי קוספאט אס. איי. או,MA,דארי,גרמים,350.00,100 גרם,false,,6.90,0.0197,true,1,53598
6111094000228,false,"קוסקוס דארי דק תומר 1 ק""ג",דארי קוספאט אס. איי. או,MA,"קוסקוס 1ק""ג+10%",קילוגרמים,1.00,"ק""ג",false,,17.90,17.9000,true,1,53599
6111094000808,false,"קוסקוס דארי בינוני תומר 1 ק""ג + 10% תוספת",דארי קוספטה אל-זהרה,MA,"קוסקוס 1ק""ג+10%",קילוגרמים,1.10,"ק""ג",false,,17.90,16.2727,true,1,53600
6111094002123,false,דארי אטריות דקות תוספת 10% 550 גרם,דארי,MA,דארי אט' מרוקאיות 50,גרמים,550.00,100 גרם,false,,8.90,0.0162,true,1,53602
6111119000011,false,"קוסקוס מרוקאי פרידה 1 ק""ג",אטלס קוסקוס,MA,אטלס קוסקוס,קילוגרמים,1.00,"ק""ג",false,,12.90,12.9000,true,1,55531
6112015100508,false,מברשת לאסלה דגם 17,,,מברשת לאסלה,יח',1.00,יח',false,,3.90,3.9000,true,1,57333
6112017102838,false,מברשת אסלה לשירותים,,,מברשת לאסלה,יח',1.00,יח',false,,16.90,16.9000,true,1,57404
6112017103491,false,קולפן איכותי,,,קולפן,יח',1.00,יח',false,,8.90,8.9000,true,1,57412
6112017106614,false,מקל מטאטא,,,מקל מטאטא,יח',1.00,יח',false,,5.90,5.9000,true,1,57445
6910191800287,false,אצות נורי בלו 10 דף (ננגטונג),ננטונג היידה אקווטוק,CN,מזרח ומערב,יח',10.00,יח',false,,11.90,1.1900,true,1,60294
6912977000140,false,אטריות שעועית 250 גר' ( Yantai)ללא גלוטן(כ),יאנטאי ינסידה לנוגקא,CN,אטריות שעועית 250ג,גרמים,250.00,100 גרם,false,,8.90,0.0356,true,1,60295
6921052701001,false,אצות וואקמה 40 גרם (רונגצ'אנג)(כ),ננטונג הידה אקוטיק פ,CN,אצות וואקמה 40 גרם,גרמים,40.00,100 גרם,false,,8.90,0.2225,true,1,60296
6934731200078,false,אטריות טריות דקות מזרח מערב 200 גרם,יאנטאי ינסידה לנוגקא,CN,אטריות טריות דקות 20,גרמים,200.00,100 גרם,false,,6.90,0.0345,true,1,60300
6934931264658,false,קופסא לתבנית אלומיניום,,,קופסא לתבנית גדולה,יח',1.00,יח',false,,14.90,14.9000,true,1,62702
6934931264726,false,קופסת אחסון אניגליש קייק,,,קופסא לתבנית אינגליש,יח',1.00,יח',false,,9.90,9.9000,true,1,62703
6936065430442,false,כבל USB אורך 2 מטר,,,כבל USB אורך 2 מטר,1,1.00,1,false,,12.90,12.9000,true,1,69030
6936745600462,false,רוטב מירין לתיבול מז,דאנינג יוה פודס קו,CN,daniyan,מיליליטרים,500.00,"100 מ""ל",false,,19.90,0.0398,true,1,60302
6936745600783,false,"חומץ אורז מזרח מערב 500 מ""ל",דאנינג יוה פודס קו,CN,daniyan,מיליליטרים,500.00,"100 מ""ל",false,,15.90,0.0318,true,1,60303
6974640730167,false,פטריות שיטאקה 100 גר (כ) (Zhejiang),CO FOOD FOREST .ZHEJIANG,CN,dried shitake,גרמים,100.00,100 גרם,false,,13.90,0.1390,true,1,60305
6985425120028,false,ספוגים רחצה רביעייה,,,רביעיית ספוגי רחצה,יח',4.00,יח',false,,9.90,2.4750,true,1,57522
6985425120301,false,אטבי כביסה 30 יחידות,,,אטבי כביסה 30 יחידות,יח',30.00,יח',false,,8.90,0.2967,true,1,57532
7271730901261,false,ווקי מאק ארוחת אטריות עם גבינה 156 גרם,ניו וורלד פסטה קומפנ,US,פסטה עם גבינה,גרמים,156.00,100 גרם,false,,10.90,0.0699,true,1,47940
7290000000005,false,חלה רגילה 500 גרם.,,IL,חלה רגילה 500 גרם.,יח',1.00,יח',false,,4.50,4.5000,true,1,60541
7290000000015,false,עיתון ידיעות שבת,,,עיתון ידיעות שבת,יח',1.00,יח',false,,16.50,16.5000,true,1,43508
7290000000251,false,שינקן פולני חצי,ישרקו שיווק מותגי מז,,ערמונים,קילוגרמים,1.00,"ק""ג",true,,12.90,12.9000,true,1,71047
7290000000311,false,קרואסון ביס בטעמים ח,,,"תפו""א אדום אפייה",קילוגרמים,1.00,"ק""ג",true,,2.90,2.9000,true,1,30771
7290000000343,false,גזר בתפזורת,משתנה,IL,גזר בתפזורת,קילוגרמים,1.00,"ק""ג",true,,5.90,5.9000,true,1,30772
7290000000344,false,"תפו""א אדום בתפזורת",משתנה,IL,"תפו""א אדום בתפזורת",קילוגרמים,1.00,"ק""ג",true,,5.90,5.9000,true,1,30773
7290000000345,false,"תפו""א לבן בתפזורת",משתנה,IL,"תפו""א לבן בתפזורת",קילוגרמים,1.00,"ק""ג",true,,4.90,4.9000,true,1,30774
7290000000374,false,"פטריות שמפיניון בד""ץ (רביבים)",חוות השמפיניון,IL,פטריות שמפניון,יח',1.00,יח',false,,8.90,8.9000,true,1,62337
7290000000473,false,קבנוס בווארסקיי,"ולדמן ביח""ר לנקניק ו",IL,קישוא זוקיני,קילוגרמים,1.00,"ק""ג",true,,8.90,8.9000,true,1,30776
7290000000503,false,תפוח אדמה אדום לאפיה,,,"תפו""א אדום אפייה",קילוגרמים,1.00,"ק""ג",true,,2.90,2.9000,true,1,30844
7290000000594,false,תפוח עץ נאשי,,,תפוח עץ נאשי,קילוגרמים,1.00,"ק""ג",true,,13.90,13.9000,true,1,57751
7290000000602,false,נקניק מוסקובסקיה חצי,קרלברג ייצור ושיווק,IL,אגס,קילוגרמים,1.00,"ק""ג",true,,11.90,11.9000,true,1,57753
7290000000606,false,תמרים פרימיום 3.5 ק,משתנה,IL,אבוקדו,קילוגרמים,1.00,"ק""ג",true,,7.90,7.9000,true,1,30777
7290000000608,false,פחית שתיה קרה,קוקה קולה,,אפרסמון,קילוגרמים,1.00,"ק""ג",true,,8.90,8.9000,true,1,69378
7290000000610,false,חבוש,,,חבוש,קילוגרמים,1.00,"ק""ג",true,,12.90,12.9000,true,1,69086
7290000000613,false,פריזר עוף ליאונסקיה,קרלברג ייצור ושיווק,,רימון,קילוגרמים,1.00,"ק""ג",true,,7.90,7.9000,true,1,69090
7290000000619,false,פסטרמה הודו מרובע,קרלברג ייצור ושיווק,IL,בצל אדום,קילוגרמים,1.00,"ק""ג",true,,4.90,4.9000,true,1,30779
7290000000620,false,פסטרמה הודו עם פלפל,קרלברג ייצור ושיווק,IL,בצל יבש,קילוגרמים,1.00,"ק""ג",true,,3.90,3.9000,true,1,30780
7290000000622,false,פסטרמה הודו פרפר עם,קרלברג ייצור ושיווק,IL,בטטה,קילוגרמים,1.00,"ק""ג",true,,4.90,4.9000,true,1,30781
7290000000623,false,סלמי גביאזי בקר פרוס,קרלברג ייצור ושיווק,IL,בננה,קילוגרמים,1.00,"ק""ג",true,,3.90,3.9000,true,1,30782
7290000000625,false,דלורית,משתנה,IL,דלורית,קילוגרמים,1.00,"ק""ג",true,,4.90,4.9000,true,1,30783
7290000000635,false,גזר ארוז,משתנה,IL,גזר ארוז,קילוגרמים,1.00,"ק""ג",true,,1.90,1.9000,true,1,30785
7290000000643,false,ארטישוק,משתנה,IL,ארטישוק,קילוגרמים,1.00,"ק""ג",true,,9.90,9.9000,true,1,70120
7290000000644,false,דלעת ערמונים,משתנה,IL,דלעת ערמונים,קילוגרמים,1.00,"ק""ג",true,,12.90,12.9000,true,1,30786
7290000000646,false,נוס מעושן,קרלברג ייצור ושיווק,,פומלית,קילוגרמים,1.00,"ק""ג",true,,3.90,3.9000,true,1,69422
7290000000648,false,פלפל כתום,משתנה,IL,פלפל כתום,קילוגרמים,1.00,"ק""ג",true,,7.90,7.9000,true,1,69423
7290000000660,false,חסה ערבית,משתנה,IL,חסה,יח',1.00,יח',false,,3.90,3.9000,true,1,62339
7290000000661,false,חציל,משתנה,IL,חציל,קילוגרמים,1.00,"ק""ג",true,,4.90,4.9000,true,1,30789
7290000000662,false,חסה עגולה,משתנה,IL,חסה עגולה,יח',1.00,יח',false,,4.90,4.9000,true,1,30790
7290000000665,false,נבטים/אלפפא,משתנה,IL,חציל בלאדי,קילוגרמים,1.00,"ק""ג",true,,5.90,5.9000,true,1,69424
7290000000666,false,פטריות בתפזורת,משתנה,IL,פטריות בתפזורת,קילוגרמים,1.00,"ק""ג",true,,31.90,31.9000,true,1,62772
7290000000681,false,כרוב לבן,משתנה,IL,כרוב לבן,קילוגרמים,1.00,"ק""ג",true,,1.90,1.9000,true,1,30791
7290000000682,false,כרוב אדום,משתנה,IL,כרוב אדום,קילוגרמים,1.00,"ק""ג",true,,2.90,2.9000,true,1,30792
7290000000691,false,תפוח עץ סמיט,משתנה,IL,לימון,קילוגרמים,1.00,"ק""ג",true,,3.90,3.9000,true,1,30793
7290000000692,false,לפת,משתנה,IL,לפת,קילוגרמים,1.00,"ק""ג",true,,4.90,4.9000,true,1,70121
7290000000695,false,אספרגוס רמי לוי,משתנה,IL,מלפפון,קילוגרמים,1.00,"ק""ג",true,,4.90,4.9000,true,1,30794
7290000000696,false,מלון,משתנה,IL,מלון,קילוגרמים,1.00,"ק""ג",true,,4.90,4.9000,true,1,65007
7290000000715,false,מגש משקה אנרגיה בלו,משתנה,IL,סלק,קילוגרמים,1.00,"ק""ג",true,,4.90,4.9000,true,1,30798
7290000000725,false,עגבניה,משתנה,IL,עגבניה,קילוגרמים,1.00,"ק""ג",true,,4.90,4.9000,true,1,30800
7290000000728,false,עגבניות שרי שקיל,משתנה,IL,עגבניה שרי במשקל,קילוגרמים,1.00,"ק""ג",true,,14.90,14.9000,true,1,30801
7290000000734,false,ניצנית עציץ,משתנה,IL,פלפל צהוב,קילוגרמים,1.00,"ק""ג",true,,7.90,7.9000,true,1,30803
7290000000735,false,פלפל ירוק,משתנה,IL,פלפל ירוק,קילוגרמים,1.00,"ק""ג",true,,6.90,6.9000,true,1,30804
7290000000737,false,פלפל בהיר,משתנה,IL,פלפל בהיר,קילוגרמים,1.00,"ק""ג",true,,6.90,6.9000,true,1,30805
7290000000739,false,פלפל חריף,משתנה,IL,פלפל חריף,קילוגרמים,1.00,"ק""ג",true,,4.90,4.9000,true,1,30806
7290000000741,false,ענבים שחורים במשקל,משתנה,IL,ענבים שחורים,קילוגרמים,1.00,"ק""ג",true,,14.90,14.9000,true,1,30808
7290000000742,false,פלפל אדום,משתנה,IL,פלפל אדום,קילוגרמים,1.00,"ק""ג",true,,7.90,7.9000,true,1,30809
7290000000744,false,פומלה,,,פומלה,קילוגרמים,1.00,"ק""ג",true,,4.90,4.9000,true,1,69425
7290000000751,false,שום ברשת,,,צנון,קילוגרמים,1.00,"ק""ג",true,,4.90,4.9000,true,1,70122
7290000000753,false,קישוא עגול,משתנה,IL,קישוא עגול,קילוגרמים,1.00,"ק""ג",true,,9.90,9.9000,true,1,30811
7290000000754,false,קלמנטינה,משתנה,IL,קלמנטינה,קילוגרמים,1.00,"ק""ג",true,,3.90,3.9000,true,1,69427
7290000000755,false,קישואים,משתנה,IL,קישואים,קילוגרמים,1.00,"ק""ג",true,,4.90,4.9000,true,1,30812
7290000000756,false,קולורבי,משתנה,IL,קולורבי,קילוגרמים,1.00,"ק""ג",true,,5.90,5.9000,true,1,30813
7290000000757,false,קיווי,משתנה,IL,קיווי,קילוגרמים,1.00,"ק""ג",true,,11.90,11.9000,true,1,69428
7290000000764,false,אשכולית אדומה,משתנה,IL,אשכולית אדומה,קילוגרמים,1.00,"ק""ג",true,,3.90,3.9000,true,1,70123
7290000000775,false,דלעת יפנית,משתנה,IL,שומר,קילוגרמים,1.00,"ק""ג",true,,5.90,5.9000,true,1,30815
7290000000783,false,"תפו""א אדום ארוז",משתנה,IL,"תפו""א אדום ארוז",קילוגרמים,1.00,"ק""ג",true,,4.90,4.9000,true,1,30817
7290000000785,false,"תפו""א לבן ארוז",משתנה,IL,"תפו""א לבן ארוז",קילוגרמים,1.00,"ק""ג",true,,3.90,3.9000,true,1,30818
7290000000787,false,תפוח עץ חרמון,אראל תוצרת חקלאית בע,IL,"תפו""ע חרמון",קילוגרמים,1.00,"ק""ג",true,,9.90,9.9000,true,1,57755
7290000000788,false,תפוח עץ סמיט,משתנה,IL,"תפו""ע סמיט",קילוגרמים,1.00,"ק""ג",true,,9.90,9.9000,true,1,57756
7290000000789,false,תירס.,משתנה,IL,תירס,קילוגרמים,1.00,"ק""ג",true,,7.90,7.9000,true,1,30819
7290000000792,false,תפוח עץ מוזהב,משתנה,IL,"תפו""ע מוזהב",קילוגרמים,1.00,"ק""ג",true,,9.90,9.9000,true,1,57757
7290000000797,false,תפוח עץ פינק,ביכורי השקמה,IL,תפוז גדול,קילוגרמים,1.00,"ק""ג",true,,3.90,3.9000,true,1,30820
7290000000890,false,ראש קוקוס,,,ראש קוקוס,יח',1.00,יח',false,,4.90,4.9000,true,1,57760
7290000000896,false,פלפל שושקה,נסטלה פולין ברים,IL,פלפל רומרו שושקה,קילוגרמים,1.00,"ק""ג",true,,9.90,9.9000,true,1,30822
7290000000897,false,תפוח עץ פינק ליידי,משתנה,IL,"תפו""ע פינק ליידי",קילוגרמים,1.00,"ק""ג",true,,14.90,14.9000,true,1,57761
7290000002217,false,מארז 3 לחמון מחמצת,,,מים מינרלים קטן,יח',1.00,יח',false,,2.50,2.5000,true,1,43103
7290000006550,false,שקית גופיה יוחננוף,,,שקית גופיה יוחננוף,יח',1.00,יח',false,,0.10,0.1000,true,1,32755
7290000006888,false,שום יבש יחידה,משתנה,IL,שום יבש יחידה,יח',1.00,יח',false,,3.90,3.9000,true,1,30827
7290000014050,false,לחמניה מאפית 3.9,,,לחמניה מאפית 3.9,יח,1.00,יח,false,,3.90,3.9000,true,1,71299
7290000014067,false,פטיט פאן 10ב10,,,פטיט פאן 10ב10,יח,10.00,יח,false,,10.00,1.0000,true,1,64453
7290000014074,false,חלה מאפית,,,חלה מאפית,יח,1.00,יח,false,,10.90,10.9000,true,1,71300
7290000014081,false,מאפים במשקל,,,מאפים במשקל,קילוגרמים,1.00,"ק""ג",true,,42.00,42.0000,true,1,71301
7290000014098,false,בייגלה מאפית בטעמים,,,בייגלה מאפית בטעמים,יח,1.00,יח,false,,3.90,3.9000,true,1,71302
7290000014104,false,מאפים במשקל פרימיום,,,מאפים במשקל פרימיום,קילוגרמים,1.00,"ק""ג",true,,47.00,47.0000,true,1,71303
7290000014128,false,גבטה מאפית,,,גבטה מאפית,יח,1.00,יח,false,,3.90,3.9000,true,1,71304
7290000014258,false,קוקיס בטעמים במשקל,,,קוקיס בטעמים במשקל,קילוגרמים,1.00,"ק""ג",true,,47.00,47.0000,true,1,71306
7290000014265,false,מארז בייגלה 3 יח,,,מארז בייגלה 3 יח,יח,3.00,יח,false,,11.00,3.6667,true,1,71307
7290000015255,false,חצי באגט 4 יח,,,חצי באגט 4 יח,יחידה,0.00,יחידה,false,,10.90,0.0000,true,1,71312
7290000015354,false,חליות 8 יח,,,חליות 8 יח,יח,8.00,יח,false,,13.90,1.7375,true,1,71313
7290000015521,false,דונטס א.ח נוכרי,,,דונטס א.ח נוכרי,יח,1.00,יח,false,,7.50,7.5000,true,1,71314
7290000022109,false,חליטות בטעמים,סוד הקסם פרוטק,,חליטות בטעמים,קילוגרמים,1.00,"ק""ג",true,,99.00,99.0000,true,1,72718
7290000022376,false,אגוזי מלך יבוא במשקל,,,אגוזי מלך יבוא במשקל,קילוגרמים,1.00,"ק""ג",true,,39.90,39.9000,true,1,69508
7290000022420,false,רצועות תפוז בשוקולד,ניצני הדר,,רצועות תפוז בשוקולד,קילוגרמים,1.00,"ק""ג",true,,69.00,69.0000,true,1,69510
7290000022444,false,בננית בשוקולד במשקל,ניצני הדר,,בננית בשוקולד במשקל,קילוגרמים,1.00,"ק""ג",true,,59.00,59.0000,true,1,69512
7290000023007,false,"ברנדי שטוק 84 37 % 750 מ""ל","יקבי ברקן בע""ם",IL,שטוק,מיליליטרים,750.00,"100 מ""ל",false,,64.90,0.0865,true,1,42456
7290000023083,false,ערק אשקלון בקבוק 700,"יקבי ברקן בע""\מ",IL,ערק אשקלון,מיליליטרים,700.00,"100 מ""ל",false,,49.90,0.0713,true,1,42457
7290000023809,false,"יין קלאסיק קברנה סוביניון ברקן 750 מ""ל",יקבי ברקן שיווק והפצה בע,IL,קלאסיק,מיליליטרים,750.00,"100 מ""ל",false,,32.90,0.0439,true,1,42458
7290000023816,false,"יין קלאסיק אמרלד ריזלינג ברקן 750 מ""ל",יקבי ברקן שיווק והפצה בע,IL,קלאסיק,מיליליטרים,750.00,"100 מ""ל",false,,32.90,0.0439,true,1,42459
7290000023830,false,יין קלאסיק שיראז רוזה 750 מל,יקבי ברקן שיווק והפצה בע,IL,קלאסיק,מיליליטרים,750.00,"100 מ""ל",false,,32.90,0.0439,true,1,42460
7290000023847,false,"יין קלאסיק שרדונה ברקן 750 מ""ל",יקבי ברקן שיווק והפצה בע,IL,יין קלאסיק שרדונה,מיליליטרים,750.00,"100 מ""ל",false,,32.90,0.0439,true,1,42461
7290000023977,false,"יין קלאסיק מרלו ברקן 750 מ""ל",יקבי ברקן שיווק והפצה בע,IL,קלאסיק,מיליליטרים,750.00,"100 מ""ל",false,,32.90,0.0439,true,1,42463
7290000024530,false,"יין אדום מתוק לקידוש סגל 750 מ""ל","כרמי צבי - אחים סגל בע""\",IL,סגל,מיליליטרים,750.00,"100 מ""ל",false,,12.90,0.0172,true,1,42470
7290000024851,false,חלת באגט,,,חלת באגט,יח',1.00,יח',false,,7.90,7.9000,true,1,72077
7290000040035,false,פרגית עם עצם לתנור,משתנה,IL,פרגית לתנור גורמה,קילוגרמים,1.00,"ק""ג",true,,59.90,59.9000,true,1,58045
7290000040042,false,יופלה יוגורט תות 3% שומן 150 גרם,תנובה חלב,IL,יופלה,גרמים,150.00,100 גרם,false,,4.80,0.0320,true,1,52493
7290000040066,false,יופלה יוגורט דובדבן %3 גביע 150 גרם,תנובה מרכז שיתופי לש,IL,יופלה,גרמים,150.00,100 גרם,false,,4.80,0.0320,true,1,52494
7290000040080,false,יופלה יוגורט אפרסק 3% שומן 150 גרם,תנובה חלב,IL,יופלה,גרמים,150.00,100 גרם,false,,4.80,0.0320,true,1,52495
7290000040301,false,תנובה עין גדי קממבר מחלב בקר 24% שומן,תנובה מרכז שיתופי לש,IL,קולאז,גרמים,125.00,100 גרם,false,,17.90,0.1432,true,1,52496
7290000040318,false,גבינת ברי 24% קולאז עדי תנובה 125 ג',תנובה מרכז שיתופי לש,IL,קולאז,גרמים,125.00,100 גרם,false,,18.90,0.1512,true,1,52497
7290000040974,false,חלב דל לקטוז 2% תנובה קרטון 1 ליטר,תנובה מרכז שיתופי לש,IL,תנובה,ליטרים,1.00,ליטר,false,,6.80,6.8000,true,1,52499
7290000041858,false,"שמנת חמוצה 15% מועשרת יטבתה 200 מ""ל",שטראוס גרופ,IL,יטבתה,מיליליטרים,200.00,"100 מ""ל",false,,2.50,0.0125,true,1,48751
7290000041865,false,"לבן 4.5% שומן מהדרין ""יטבתה""",שטראוס גרופ,IL,יטבתה,גרמים,207.00,100 גרם,false,,2.00,0.0097,true,1,48752
7290000041872,false,"לבן 3% יטבתה 200מ""ל מהדרין",שטראוס גרופ,IL,יטבתה,גרמים,206.00,100 גרם,false,,2.00,0.0097,true,1,48753
7290000042435,false,חלב דל שומן בקרטון+פקק תנובה 1 ליטר,תנובה מרכז שיתופי לש,IL,תנובה,ליטרים,1.00,ליטר,false,,5.80,5.8000,true,1,52511
7290000042640,false,"חלב תנובה עמיד 3% קרטון 250 מ""ל",תנובה מרכז שיתופי לש,IL,תנובה,מיליליטרים,250.00,"100 מ""ל",false,,2.50,0.0100,true,1,52516
7290000042855,false,"שוקו בשקית 250 מ""ל ""יטבתה""",שטראוס גרופ,IL,יטבתה,מיליליטרים,225.00,"100 מ""ל",false,,2.50,0.0111,true,1,48755
7290000043012,false,"שוקו עמיד 2% בקרטון 250 מ""ל תנובה",תנובה מרכז שיתופי לש,IL,תנובה,מיליליטרים,250.00,"100 מ""ל",false,,4.50,0.0180,true,1,52519
7290000043814,false,השף הלבן שמנת להקצפה 38% שומן 250 מל - מוצר בפיקוח,תנובה מרכז שיתופי לש,IL,השף הלבן,מיליליטרים,250.00,"100 מ""ל",false,,6.40,0.0256,true,1,52522
7290000043890,false,תנובה רויון לבן מחלב מפסוטר 1.5%,תנובה מרכז שיתופי לש,IL,רוויון,ליטרים,1.00,ליטר,false,,10.90,10.9000,true,1,52523
7290000044712,false,יוגורט עם תות 1.5% שומן 500 ג' פרילי,מיוצר עי קונדיטוריית,IL,פרילי,גרמים,500.00,100 גרם,false,,9.90,0.0198,true,1,52526
7290000044880,false,באדי יוגורט תות 3% שומן 500 ג' תנובה,מיוצר עי קונדיטוריית,IL,באדי,גרמים,500.00,100 גרם,false,,8.90,0.0178,true,1,52528
7290000045283,false,לחמניות יאמיס 8 יח,,,לחמניות יאמיס 8 יח,יח,8.00,יח,false,,13.90,1.7375,true,1,71316
7290000045573,false,גבינת מותכת משולשים 25% שומן 200 ג' נעמה,תנובה חלב,IL,נעמה,גרמים,200.00,100 גרם,false,,13.90,0.0695,true,1,52530
7290000045771,false,יוגורט לבן 4% תנובה 3 ליטר,מיוצר עי קונדיטוריית,IL,תנובה,ליטרים,3.00,ליטר,false,,26.90,8.9667,true,1,52532
7290000045917,false,תנובה פרומעז גבינה מותכת מחלב עיזים 23% שומן,תנובה חלב,IL,קולאז,גרמים,200.00,100 גרם,false,,24.90,0.1245,true,1,52533
7290000046006,false,גבינה צהובה עמק בלוק,תנובה מרכז שיתופי לש,IL,עמק,קילוגרמים,1.00,"ק""ג",true,,44.79,44.7900,true,1,52416
7290000046020,false,גלבוע גבינה שמנה במש,תנובה מרכז שיתופי לש,IL,גלבוע,קילוגרמים,1.00,"ק""ג",true,,42.50,42.5000,true,1,52534
7290000046327,false,גלבוע גבינה צהובה פרוסה 22% תנובה 200 גרם,תנובה מרכז שיתופי לש,IL,גלבוע,גרמים,200.00,100 גרם,false,,12.90,0.0645,true,1,52535
7290000046549,false,גבינת מוצרלה 20% במשקל,תנובה מרכז שיתופי לש,IL,קולאז,קילוגרמים,1.00,"ק""ג",true,,79.00,79.0000,true,1,52536
7290000046563,false,גב.קולאז' פרמזן 23%במשקל,תנובה מרכז שיתופי לש,IL,קולאז,קילוגרמים,1.00,"ק""ג",true,,110.00,110.0000,true,1,52421
7290000047485,false,גבינה בולגרית במשקל,תנובה מרכז שיתופי לש,IL,פיראוס,קילוגרמים,1.00,"ק""ג",true,,59.00,59.0000,true,1,52537
7290000047546,false,השף הלבן כנען גבינה לבנה דלת נתרן 5% תנובה 500 גרם,תנובה מרכז שיתופי לש,IL,השף הלבן,גרמים,500.00,100 גרם,false,,22.90,0.0458,true,1,52538
7290000048185,false,גבינה לבנה 5% תנובה 250 גרם מהדרין,מיוצר עי קונדיטוריית,IL,תנובה,גרמים,250.00,100 גרם,false,,4.95,0.0198,true,1,52541
7290000048192,false,גבינה לבנה 9% תנובה 250 גרם מהדרין,מחלבת אלון תבור,IL,תנובה,גרמים,250.00,100 גרם,false,,4.70,0.0188,true,1,52542
7290000048413,false,פיראוס חמד גבינה מלוחה 16% שומן,תנובה מרכז שיתופי לש,IL,פיראוס,גרמים,250.00,100 גרם,false,,17.90,0.0716,true,1,52544
7290000048437,false,פיראוס צפתית 5% שומן 200 גרם,פארייפאבה אגרואינדוס,IL,פיראוס,גרמים,200.00,100 גרם,false,,11.90,0.0595,true,1,52545
7290000049458,false,גבינת פטה עיזים 16% גביע פיראוס 250 ג',תנובה מרכז שיתופי לש,IL,פיראוס,גרמים,250.00,100 גרם,false,,26.90,0.1076,true,1,52548
7290000050454,false,יוגורט יופלה אפרסק 3% שומן 500 גרם,מיוצר עי קונדיטוריית,IL,יופלה,גרמים,500.00,100 גרם,false,,12.90,0.0258,true,1,52554
7290000051307,false,"מארז הפסקת אוכל עם דגני עוגי ומשקה חלב עמיד בטעם וניל 150 מ""ל",תנובה מרכז שיתופי לש,IL,תנובה,קילוגרמים,1.00,"ק""ג",false,,8.90,8.9000,true,1,52558
7290000051352,false,חלב מלא בטעם של פעם 3.4% תנובה קרטון 1 ל',תנובה מרכז שיתופי לש,IL,תנובה,ליטרים,1.00,ליטר,false,,7.40,7.4000,true,1,52559
7290000051376,false,יוגורט יופלה דיאט אננס 0% שומן 150 גרם,תנובה מרכז שיתופי לש,IL,יופלה,גרמים,150.00,100 גרם,false,,4.80,0.0320,true,1,52560
7290000051710,false,פיראוס גבינת לאבנה אסלית על בסיס יוגורט תנובה 263 גרם,"תנובה, מחלבת אלון תב",IL,פיראוס,גרמים,263.00,100 גרם,false,,12.90,0.0490,true,1,52561
7290000052311,false,גבינה צהובה עמק לייט 15% שומן 200 גרם,תנובה מרכז שיתופי לש,IL,תנובה,גרמים,200.00,100 גרם,false,,15.90,0.0795,true,1,52567
7290000055206,false,גבינה לבנה 5% בטעם בצל מטוגן 250 ג' תנובה,תנובה מרכז שיתופי לש,IL,תנובה,גרמים,250.00,100 גרם,false,,5.30,0.0212,true,1,52580
7290000055329,false,"משקה בוקר יוגורט 1.5% בטעם תות מלון יופלה 250 מ""ל",תנובה מרכז שיתופי לש,IL,יופלה,גרמים,250.00,100 גרם,false,,4.90,0.0196,true,1,52581
7290000055336,false,"משקה יוגורט 1.5% בטעם בננה אפרסק יופלה 250 מ""ל",תנובה מרכז שיתופי לש,IL,יופלה,גרמים,250.00,100 גרם,false,,4.90,0.0196,true,1,52582
7290000055893,false,חמאה משמנת מפוסטרת 200גרם 82% כ.מהדרין - מוצר בפיקוח,תנובה מרכז שיתופי לש,IL,תנובה,גרמים,200.00,100 גרם,false,,7.80,0.0390,true,1,52588
7290000056272,false,גבינה לבנה 5% עם זיתים ירוקים 250 ג' תנובה,תנובה מרכז שיתופי לש,IL,תנובה,גרמים,250.00,100 גרם,false,,5.30,0.0212,true,1,52591
7290000056883,false,שמיניית יוגורט יופלה 3% טעמים שונים 150 גרם,תנובה מרכז שיתופי לש,IL,יופלה,ליטרים,1.20,ליטר,false,,28.90,24.0833,true,1,52596
7290000056890,false,שמיניית דיאט יופלה 0% טעמים שונים 150 גרם,מיוצר עי קונדיטוריית,IL,יופלה,ליטרים,1.20,ליטר,false,,28.90,24.0833,true,1,52597
7290000056906,false,מאגדת לבן טבעי 1.5% שומן 8 יח' * 150 ג' יופלה,מחלבת אלון תבור,IL,יופלה,ליטרים,1.20,ליטר,false,,16.90,14.0833,true,1,52598
7290000057088,false,עמק גבינה צהובה פרוסה דק דק 28% תנובה 200 גרם,תנובה מרכז שיתופי לש,IL,תנובה,גרמים,200.00,100 גרם,false,,15.90,0.0795,true,1,52602
7290000057118,false,גבינה צהובה עמק 28% שומן ואקום 400 גרם,תנובה מרכז שיתופי לש,IL,תנובה,גרמים,400.00,100 גרם,false,,20.90,0.0522,true,1,52603
7290000057132,false,יוגורט תנובה טבעי 1.5% גביע 200 גרם,מחלבת אלון תבור,IL,תנובה,גרמים,200.00,100 גרם,false,,3.00,0.0150,true,1,52604
7290000057149,false,יוגורט תנובה טבעי 3% גביע 200 גרם,מיוצר עי קונדיטוריית,IL,תנובה,גרמים,200.00,100 גרם,false,,3.00,0.0150,true,1,52605
7290000057453,false,גבינת עמק בדץ 28% במ,תנובה,IL,תנובה,קילוגרמים,1.00,"ק""ג",true,,44.79,44.7900,true,1,52434
7290000057552,false,יופלה דיאט עוגת גבינה ותות 0% גביע 150ג',תנובה חלב,IL,יופלה,גרמים,150.00,100 גרם,false,,4.80,0.0320,true,1,52607
7290000058030,false,"שמיניית יופלה שטוזים משקה יוגורט תות 100 מ""ל",מיוצר עי קונדיטוריית,IL,יופלה,מיליליטרים,800.00,"100 מ""ל",false,,19.90,0.0249,true,1,52610
7290000058047,false,שמנת להקצפה 38% 500מל מהדרין עמיד השף הלבן,תנובה מרכז שיתופי לש,IL,השף הלבן,מיליליטרים,500.00,"100 מ""ל",false,,12.80,0.0256,true,1,52611
7290000060163,false,אטריות דקות אסם 400 גרם,"אסם תעשיות בע""מ",IL,אסם,גרמים,400.00,100 גרם,false,,4.90,0.0123,true,1,33315
7290000060200,false,אוסם - פתיתים אפויים קוסקוס 500 גרם,"אסם תעשיות בע""מ",IL,אסם,גרמים,500.00,100 גרם,false,,6.90,0.0138,true,1,33316
7290000060217,false,פסטה מקרוני מספר 7 אסם 500 גרם,קריות זול,IT,אסם,גרמים,500.00,100 גרם,false,,5.40,0.0108,true,1,33317
7290000060248,false,פסטה אסם פתיתים תלתלים 500 גר',קריות זול,IT,אסם,גרמים,500.00,100 גרם,false,,5.40,0.0108,true,1,33318
7290000060781,false,פסטה מסולסלים אסם 500 גרם,קריות זול,IT,אסם,גרמים,500.00,100 גרם,false,,5.40,0.0108,true,1,33328
7290000060828,false,פסטה קרניים בינוניות אסם 500 גרם,קריות זול,IT,אסם,גרמים,500.00,100 גרם,false,,5.40,0.0108,true,1,33329
7290000060842,false,פסטה צדפים גדולים אסם 500 גרם,קריות זול,IT,אסם,גרמים,500.00,100 גרם,false,,5.40,0.0108,true,1,33330
7290000060880,false,פסטה ספגטי מספר 8 אסם 500 גרם,קריות זול,IT,אסם,גרמים,500.00,100 גרם,false,,5.40,0.0108,true,1,33332
7290000060903,false,אוסם - פתיתים אפויים אורז 500 גרם,"אסם השקעות בע""\מ",IL,אסם,גרמים,500.00,100 גרם,false,,6.90,0.0138,true,1,33333
7290000060965,false,איטריות מובחר רחבות 400 ג',"אסם השקעות בע""\מ",IL,אסם,גרמים,400.00,100 גרם,false,,4.90,0.0123,true,1,33335
7290000061061,false,קרקר חיטה עם בצל אסם,"אסם השקעות בע""\מ",IL,אסם,גרמים,250.00,100 גרם,false,,9.90,0.0396,true,1,33337
7290000061108,false,"רוטב טריאקי 290 מ""ל-בקבוק","אסם השקעות בע""\מ",IL,אסם,מיליליטרים,290.00,"100 מ""ל",false,,8.90,0.0307,true,1,33339
7290000063140,false,שקדי מרק רכיבים טבעיים בשקית 400 ג' אסם,"אסם תעשיות בע""מ",IL,אסם,גרמים,400.00,100 גרם,false,,9.90,0.0248,true,1,33354
7290000063157,false,"קמח עוגה תופח מאליו אסם 1 ק""ג","אסם השקעות בע""\מ",IL,אסם,קילוגרמים,1.00,"ק""ג",false,,8.90,8.9000,true,1,33355
7290000064758,false,קוסקוס בינוני אמיתי אסם 350 ג',"מיוצר ע""י קוד יצרן K",IL,אסם,גרמים,350.00,100 גרם,false,,7.50,0.0214,true,1,33361
7290000065090,false,מיני קרוטונים מתובלים למרק ולסלט אסם 400 גרם,עינת תעשיות מזון אגו,IL,אסם,גרמים,400.00,100 גרם,false,,21.90,0.0547,true,1,33363
7290000065540,false,אוסם - מנה חמה פסטה מוקרמת בטעם עוף 55 גרם,"אסם תעשיות בע""מ",IL,מנה חמה,גרמים,55.00,100 גרם,false,,4.90,0.0891,true,1,33365
7290000065557,false,אוסם - מנה חמה קוסקוס עם ירקות 84 גרם,"אסם תעשיות מזון בע""מ",IL,מנה חמה,גרמים,84.00,100 גרם,false,,4.90,0.0583,true,1,33366
7290000066141,false,ביסלי חטיף בטעם גריל אסם 70 גרם,"אסם השקעות בע""\מ",IL,ביסלי,גרמים,70.00,100 גרם,false,,3.90,0.0557,true,1,33374
7290000066172,false,ביסלי חטיף בטעם פיצה אסם 70 גרם,"אסם השקעות בע""\מ",IL,ביסלי,גרמים,70.00,100 גרם,false,,3.90,0.0557,true,1,33377
7290000066196,false,ביסלי חטיף בטעם גריל אסם 200 גרם,מיוצר עי קונדיטוריית,IL,ביסלי,גרמים,200.00,100 גרם,false,,6.90,0.0345,true,1,33379
7290000066295,false,במבה מתוקה מחומרים טבעיים 30 גרם,מיוצר עי קונדיטוריית,IL,במבה,גרמים,30.00,100 גרם,false,,2.50,0.0833,true,1,33384
7290000066318,false,במבה חטיף בוטנים אסם 80 גרם,"אסם השקעות בע""\מ",IL,במבה,גרמים,80.00,100 גרם,false,,3.90,0.0487,true,1,33386
7290000066332,false,אפרופו חטיף תירס אסם 50 גרם,מיוצר עי קונדיטוריית,IL,אפרופו,גרמים,50.00,100 גרם,false,,3.90,0.0780,true,1,33387
7290000066349,false,אפרופו חטיף תירס אסם 100 גרם,מיוצר עי קונדיטוריית,IL,אפרופו,גרמים,100.00,100 גרם,false,,7.90,0.0790,true,1,33388
7290000066431,false,פופקו חטיף פופקורן בטעם חמאה ודבש אסם 80 גרם,מיוצר עי קונדיטוריית,IL,פופקו,גרמים,80.00,100 גרם,false,,4.50,0.0563,true,1,33389
7290000068138,false,אינסטנט פודינג בטעם וניל אסם 80 גרם,מיוצר עי קונדיטוריית,IL,אסם,גרמים,80.00,100 גרם,false,,4.90,0.0613,true,1,33406
7290000068237,false,אבקה להכנת ג'לי בטעם פטל אסם 85 גרם,מיוצר עי קונדיטוריית,IL,אסם,גרמים,85.00,100 גרם,false,,5.90,0.0694,true,1,33411
7290000068343,false,אסם פריכונים פרוסות קלויות מלא,"פרח תעשיות מזון בע""מ.",IL,אסם,גרמים,140.00,100 גרם,false,,6.90,0.0493,true,1,33415
7290000068770,false,במבה יום הולדת חטיף בוטנים אסם 80 גרם,"אסם השקעות בע""\מ",IL,במבה,גרמים,80.00,100 גרם,false,,3.90,0.0487,true,1,33417
7290000070308,false,אבקת מרק עוף אמיתי בשרי אסם 400 גרם,"אסם השקעות בע""\מ",IL,אסם,גרמים,400.00,100 גרם,false,,16.90,0.0422,true,1,33430
7290000070353,false,אבקת מרק בצל רכיבים טבעיים אסם 400 גרם,"אסם השקעות בע""\מ",IL,אסם,גרמים,400.00,100 גרם,false,,23.90,0.0597,true,1,33432
7290000072067,false,במבה חטיף בוטנים במילוי קרם חלבה 60 גרם,מיוצר עי קונדיטוריית,IL,במבה,גרמים,60.00,100 גרם,false,,4.90,0.0817,true,1,33435
7290000072241,false,"רוטב פיצה 290 מ""ל-בקבוק","אסם השקעות בע""\מ",IL,אסם,מיליליטרים,290.00,"100 מ""ל",false,,8.90,0.0307,true,1,33439
7290000072623,false,קטשופ אסם בקבוק לחיץ 750 גרם,"אסם תעשיות בע""מ",IL,אסם,גרמים,750.00,100 גרם,false,,8.80,0.0117,true,1,33441
7290000072753,false,קפה נמס מגורען טסטרס צ'ויס 200 גרם-,נסטלה קוריאה - קפה,KR,TASTER'S CHOICE,גרמים,200.00,100 גרם,false,,29.90,0.1495,true,1,33444
7290000072777,false,קפה נמס מגורען נטול קפאין טסטרס צ'ויס 200 גרם,נסטלה קוריאה - קפה,KR,טסטרס צויס נטול קופאין 20,גרמים,200.00,100 גרם,false,,35.90,0.1795,true,1,33445
7290000072968,false,דגני בוקר סיני מיניס חיטה מלאה וקינמון נסטלה 500 גרם,נסטלה פולין דגני בוק,PL,CINI-MINIS,גרמים,500.00,100 גרם,false,,14.80,0.0296,true,1,33448
7290000073125,false,מנה חמה פסטה ברוטב עגבניות אסם 62 גרם,"אסם השקעות בע""\מ",IL,מנה חמה,גרמים,62.00,100 גרם,false,,4.90,0.0790,true,1,33449
7290000073415,false,אוסם - מנה חמה פסטה ברוטב פיצה 61 גרם,"אסם השקעות בע""\מ",IL,מנה חמה,גרמים,61.00,100 גרם,false,,4.90,0.0803,true,1,33450
7290000073750,false,מנה חמה נודלס אטר+ירקות טעם עוף 70 גרם,PUB FOODS PRESIDENT THAI,TH,מנה חמה,גרמים,70.00,100 גרם,false,,4.90,0.0700,true,1,33452
7290000073774,false,מנה חמה נודלס אטר+ירקות טעם צילי 70 גרם,טאי רזידנט,TH,מנה חמה,גרמים,70.00,100 גרם,false,,4.90,0.0700,true,1,33454
7290000074153,false,ביסקוויט פתי בר שוקולד אסם 500 גרם,מיוצר עי קונדיטוריית,IL,אסם,גרמים,500.00,100 גרם,false,,9.90,0.0198,true,1,33458
7290000074184,false,ביסקויט פתיבר קלאסי 500 גרם,"אסם השקעות בע""\מ",IL,אסם,גרמים,500.00,100 גרם,false,,9.90,0.0198,true,1,33459
7290000074245,false,אוסם - קרם קרקר אסם 250 גרם,"אסם השקעות בע""\מ",IL,אסם,גרמים,250.00,100 גרם,false,,8.90,0.0356,true,1,33460
7290000074276,false,קרקר פיקנטי טבעון 250 ג' אסם,"אסם השקעות בע""\מ",IL,אסם,גרמים,250.00,100 גרם,false,,9.90,0.0396,true,1,33462
7290000074375,false,אוסם - קרקר זהב 150 גרם,"אסם השקעות בע""\מ",IL,אסם,גרמים,150.00,100 גרם,false,,6.90,0.0460,true,1,33465
7290000074481,false,לחמית אגוזים אסם 160 גרם,"אסם השקעות בע""\מ",IL,לחמית,גרמים,160.00,100 גרם,false,,9.90,0.0619,true,1,33467
7290000074696,false,אסם קרם קרקר 4*1קג ח,"אסם השקעות בע""\מ",IL,אסם,קילוגרמים,1.00,"ק""ג",false,,22.90,22.9000,true,1,33468
7290000074764,false,קרקר הזהב אסם 900 גרם,"אסם השקעות בע""\מ",IL,אסם,גרמים,900.00,100 גרם,false,,26.90,0.0299,true,1,33472
7290000075204,false,אוסם - לחמית חיטה מלאה 250 גרם,"אסם השקעות בע""\מ",IL,לחמית,גרמים,250.00,100 גרם,false,,7.90,0.0316,true,1,33475
7290000075693,false,עוגת הבית שמרים בריוש שוקולד אסם 360 גרם,מיוצר עי קונדיטוריית,IL,הבית,גרמים,350.00,100 גרם,false,,14.90,0.0426,true,1,33476
7290000076133,false,בייגלה שמיניות קטנות עם מלח אסם 400 גרם,"אסם השקעות בע""\מ",IL,אסם,גרמים,400.00,100 גרם,false,,9.90,0.0248,true,1,33478
7290000076645,false,טוסטעים פת קלויה חיטה מלאה אסם 100 גרם,ון דר מולן האלום,NL,אסם,גרמים,100.00,100 גרם,false,,9.90,0.0990,true,1,33480
7290000077253,false,אוסם - לחמית כפרית עם דגנים מלאים 190 גרם,"אסם השקעות בע""\מ",IL,לחמית,גרמים,190.00,100 גרם,false,,9.90,0.0521,true,1,33482
7290000078762,false,אוסם - חטיפי פריכונים מאורז מלא בטעם דבש 80גר,סנורייס בלגיום אן. ו,GB,אסם,גרמים,80.00,100 גרם,false,,7.50,0.0938,true,1,33485
7290000080758,false,אוסם - טוסטעים פת קלוי 100 גרם,ון דר מולן האלום,NL,אסם,גרמים,100.00,100 גרם,false,,9.90,0.0990,true,1,33492
7290000080765,false,טוסטעים פת קלויה עם שומשום אסם 100 גרם,ון דר מולן האלום,NL,אסם,גרמים,100.00,100 גרם,false,,9.90,0.0990,true,1,33493
7290000090580,false,תירס ברביקיו במשקל,,,תירס ברביקיו במשקל,קילוגרמים,1.00,"ק""ג",true,,49.00,49.0000,true,1,69524
7290000092003,false,גרעין שחור קלוי במלח,,,גרעין שחור קלוי במלח,קילוגרמים,1.00,"ק""ג",true,,29.00,29.0000,true,1,69537
7290000092034,false,קשיו קלוי במשקל,,,קשיו קלוי במשקל,קילוגרמים,1.00,"ק""ג",true,,89.00,89.0000,true,1,69540
7290000092041,false,פיסטוק קלוי במשקל,,,פיסטוק קלוי במשקל,קילוגרמים,1.00,"ק""ג",true,,89.00,89.0000,true,1,69541
7290000092072,false,בוטן קלוי במשקל,,,בוטן קלוי במשקל,קילוגרמים,1.00,"ק""ג",true,,39.00,39.0000,true,1,69544
7290000092157,false,אגוזי מלך קלופים פרי,,,אגוזי מלך קלופים פרי,קילוגרמים,1.00,"ק""ג",true,,64.90,64.9000,true,1,69551
7290000092164,false,שקד טבעי במשקל,,,שקד טבעי במשקל,קילוגרמים,1.00,"ק""ג",true,,69.00,69.0000,true,1,69552
7290000092188,false,קשיו טבעי במשקל,,,קשיו טבעי במשקל,קילוגרמים,1.00,"ק""ג",true,,85.00,85.0000,true,1,69554
7290000092218,false,משמש מיובש במשקל,,,משמש מיובש במשקל,קילוגרמים,1.00,"ק""ג",true,,53.00,53.0000,true,1,69557
7290000092225,false,שזיף מגולען מיובש במ,,,שזיף מגולען מיובש במ,קילוגרמים,1.00,"ק""ג",true,,45.00,45.0000,true,1,69558
7290000092249,false,צימוק כהה במשקל,,,צימוק כהה במשקל,קילוגרמים,1.00,"ק""ג",true,,29.00,29.0000,true,1,69560
7290000092270,false,צנובר טבעי במשקל,,,צנובר טבעי במשקל,קילוגרמים,1.00,"ק""ג",true,,180.00,180.0000,true,1,69563
7290000092287,false,תמר מג'הול ענק במשקל,,,תמר מג'הול ענק במשקל,קילוגרמים,1.00,"ק""ג",true,,54.90,54.9000,true,1,69564
7290000092294,false,שקד מולבן משובב במשק,,,שקד מולבן משובב במשק,קילוגרמים,1.00,"ק""ג",true,,79.00,79.0000,true,1,69565
7290000092300,false,שקד מולבן פרוס במשקל,,,שקד מולבן פרוס במשקל,קילוגרמים,1.00,"ק""ג",true,,79.00,79.0000,true,1,69566
7290000092317,false,שקד מולבן חצוי במשקל,,,שקד מולבן חצוי במשקל,קילוגרמים,1.00,"ק""ג",true,,79.00,79.0000,true,1,69567
7290000092331,false,גרעיני דלעת קלופים ב,,,גרעיני דלעת קלופים ב,קילוגרמים,1.00,"ק""ג",true,,39.00,39.0000,true,1,69569
7290000092355,false,פקאן סיני במשקל,,,פקאן סיני במשקל,קילוגרמים,1.00,"ק""ג",true,,99.00,99.0000,true,1,69570
7290000092362,false,קבוקים במשקל,,,קבוקים במשקל,קילוגרמים,1.00,"ק""ג",true,,25.00,25.0000,true,1,69571
7290000092386,false,רביולי במשקל,,,רביולי במשקל,קילוגרמים,1.00,"ק""ג",true,,65.00,65.0000,true,1,69573
7290000092393,false,מאנצס במשקל,,,מאנצס במשקל,קילוגרמים,1.00,"ק""ג",true,,59.00,59.0000,true,1,69574
7290000092409,false,תאילנדי סושי במשקל,,,תאילנדי סושי במשקל,קילוגרמים,1.00,"ק""ג",true,,65.00,65.0000,true,1,69575
7290000092423,false,חטיף אפונה במשקל,,,חטיף אפונה במשקל,קילוגרמים,1.00,"ק""ג",true,,39.00,39.0000,true,1,69576
7290000092447,false,חטיף פול במשקל,,,חטיף פול במשקל,קילוגרמים,1.00,"ק""ג",true,,49.00,49.0000,true,1,69577
7290000092454,false,תירס קלוי במשקל,,,תירס קלוי במשקל,קילוגרמים,1.00,"ק""ג",true,,49.00,49.0000,true,1,69578
7290000092515,false,פיסטוק טבעי קלוף במש,,,פיסטוק טבעי קלוף במש,קילוגרמים,1.00,"ק""ג",true,,130.00,130.0000,true,1,69581
7290000092553,false,פפריקה חריפה במשקל,,,פפריקה חריפה במשקל,קילוגרמים,1.00,"ק""ג",true,,40.00,40.0000,true,1,69583
7290000092584,false,פפריקה מתוקה בשמן במ,,,פפריקה מתוקה בשמן במ,קילוגרמים,1.00,"ק""ג",true,,40.00,40.0000,true,1,69586
7290000092607,false,פלפל מתוק שלם במשקל,,,פלפל מתוק שלם במשקל,קילוגרמים,1.00,"ק""ג",true,,50.00,50.0000,true,1,69588
7290000092690,false,פלפל אנגלי שלם במשקל,,,פלפל אנגלי שלם במשקל,קילוגרמים,1.00,"ק""ג",true,,60.00,60.0000,true,1,69597
7290000092706,false,פלפל חריף גרוס במשקל,,,פלפל חריף גרוס במשקל,קילוגרמים,1.00,"ק""ג",true,,60.00,60.0000,true,1,69598
7290000092799,false,טוסקנה במשקל,,,טוסקנה במשקל,קילוגרמים,1.00,"ק""ג",true,,60.00,60.0000,true,1,69607
7290000092805,false,כוסברה טחונה במשקל,,,כוסברה טחונה במשקל,קילוגרמים,1.00,"ק""ג",true,,60.00,60.0000,true,1,69608
7290000092812,false,כורכום טחון במשקל,,,כורכום טחון במשקל,קילוגרמים,1.00,"ק""ג",true,,60.00,60.0000,true,1,69609
7290000092867,false,קימל טחון במשקל,,,קימל טחון במשקל,קילוגרמים,1.00,"ק""ג",true,,60.00,60.0000,true,1,69614
7290000092874,false,תבלין לדג במשקל,,,תבלין לדג במשקל,קילוגרמים,1.00,"ק""ג",true,,60.00,60.0000,true,1,69615
7290000092881,false,תבלין לפיצה במשקל,,,תבלין לפיצה במשקל,קילוגרמים,1.00,"ק""ג",true,,60.00,60.0000,true,1,69616
7290000092928,false,תבלין על האש במשקל,,,תבלין על האש במשקל,קילוגרמים,1.00,"ק""ג",true,,70.00,70.0000,true,1,69619
7290000093000,false,כוסברה עלים במשקל,,,כוסברה עלים במשקל,קילוגרמים,1.00,"ק""ג",true,,100.00,100.0000,true,1,69627
7290000093062,false,טימין במשקל,,,טימין במשקל,קילוגרמים,1.00,"ק""ג",true,,70.00,70.0000,true,1,69633
7290000093079,false,"תערובת לתפו""א אפוי (",,,"תערובת לתפו""א אפוי (",קילוגרמים,1.00,"ק""ג",true,,80.00,80.0000,true,1,69634
7290000093109,false,פלפל שחור גרוס במשקל,,,פלפל שחור גרוס במשקל,קילוגרמים,1.00,"ק""ג",true,,80.00,80.0000,true,1,69637
7290000093383,false,תערובת לאורז אושפלו,,,תערובת לאורז אושפלו,קילוגרמים,1.00,"ק""ג",true,,90.00,90.0000,true,1,69660
7290000093475,false,חוויא'ג מרק במשקל,,,חוויא'ג מרק במשקל,קילוגרמים,1.00,"ק""ג",true,,90.00,90.0000,true,1,69669
7290000093499,false,שומשום לבן במשקל,,,שומשום לבן במשקל,קילוגרמים,1.00,"ק""ג",true,,25.00,25.0000,true,1,69671
7290000093505,false,גרעיני חמניה קלופים,,,גרעיני חמניה קלופים,קילוגרמים,1.00,"ק""ג",true,,25.00,25.0000,true,1,69672
7290000093512,false,פופקורן מוכן,,,פופקורן מוכן,יחידה,0.00,יחידה,false,,6.00,0.0000,true,1,69673
7290000093529,false,סוכריות גומי במשקל,,,סוכריות גומי במשקל,קילוגרמים,1.00,"ק""ג",true,,39.00,39.0000,true,1,69674
7290000093536,false,גרעין שחור קלוי ללא,,,גרעין שחור קלוי ללא,קילוגרמים,1.00,"ק""ג",true,,29.00,29.0000,true,1,69675
7290000093543,false,מעורב קלוי עם מלח,,,מעורב קלוי עם מלח,קילוגרמים,1.00,"ק""ג",true,,89.00,89.0000,true,1,69676
7290000093550,false,תאנים מיובשות במשקל,,,תאנים מיובשות במשקל,קילוגרמים,1.00,"ק""ג",true,,49.00,49.0000,true,1,69677
7290000093628,false,לקט ירקות,,,לקט ירקות,קילוגרמים,1.00,"ק""ג",true,,120.00,120.0000,true,1,69683
7290000093642,false,תערובת בריאות במשקל,,,תערובת בריאות במשקל,קילוגרמים,1.00,"ק""ג",true,,89.00,89.0000,true,1,69685
7290000093680,false,צימוק בהיר קטן במשקל,,,צימוק בהיר קטן במשקל,קילוגרמים,1.00,"ק""ג",true,,39.00,39.0000,true,1,69688
7290000093710,false,פישתן במשקל,,,פישתן במשקל,קילוגרמים,1.00,"ק""ג",true,,14.00,14.0000,true,1,69691
7290000093802,false,אננס מסוכר במשקל,,,אננס מסוכר במשקל,קילוגרמים,1.00,"ק""ג",true,,49.00,49.0000,true,1,69697
7290000093864,false,זרעי צ'יה במשקל,,,זרעי צ'יה במשקל,קילוגרמים,1.00,"ק""ג",true,,39.00,39.0000,true,1,69702
7290000093963,false,בננה צ'יפס במשקל,,,בננה צ'יפס במשקל,קילוגרמים,1.00,"ק""ג",true,,39.00,39.0000,true,1,69712
7290000093987,false,זיתי קלמטה מגולען גד,,,זיתי קלמטה מגולען גד,קילוגרמים,1.00,"ק""ג",true,,40.00,40.0000,true,1,69807
7290000093994,false,זיתי קלמטה עם חרצן ג,,,זיתי קלמטה עם חרצן ג,קילוגרמים,1.00,"ק""ג",true,,54.00,54.0000,true,1,69808
7290000094014,false,מיקס זיתים ירוק שחו,,,מיקס זיתים ירוק שחו,קילוגרמים,1.00,"ק""ג",true,,54.00,54.0000,true,1,69810
7290000094021,false,זית ירוק מבוקע במשקל,,,זית ירוק מבוקע במשקל,קילוגרמים,1.00,"ק""ג",true,,45.00,45.0000,true,1,69811
7290000094038,false,זיתי טסוס במשקל,,,זיתי טסוס במשקל,קילוגרמים,1.00,"ק""ג",true,,49.00,49.0000,true,1,69812
7290000094052,false,מיאסי תירס במשקל,,,מיאסי תירס במשקל,קילוגרמים,1.00,"ק""ג",true,,69.00,69.0000,true,1,69714
7290000094069,false,קריספי סויה במשקל,,,קריספי סויה במשקל,קילוגרמים,1.00,"ק""ג",true,,89.00,89.0000,true,1,69715
7290000094106,false,מלח לימון במשקל,,,מלח לימון במשקל,קילוגרמים,1.00,"ק""ג",true,,29.00,29.0000,true,1,69717
7290000094113,false,סודה לשתיה במשקל,,,סודה לשתיה במשקל,קילוגרמים,1.00,"ק""ג",true,,25.00,25.0000,true,1,69718
7290000094434,false,פרוטאין מיקס במשקל,,,פרוטאין מיקס במשקל,קילוגרמים,1.00,"ק""ג",true,,55.00,55.0000,true,1,69720
7290000095509,false,זית ענק ירוק מגולען,,,זית ענק ירוק מגולען,קילוגרמים,1.00,"ק""ג",true,,54.00,54.0000,true,1,69815
7290000095516,false,זית ענק ירוק שלם במש,,,זית ענק ירוק שלם במש,קילוגרמים,1.00,"ק""ג",true,,54.00,54.0000,true,1,69816
7290000095707,false,קבוקים מבצע,,,קבוקים מבצע,גרמים,400.00,100 גרם,false,,10.00,0.0250,true,1,72831
7290000095745,false,מנצ'ס מבצע,,,מנצ'ס מבצע,גרמים,185.00,100 גרם,false,,10.00,0.0541,true,1,72835
7290000095752,false,רביולי מבצע,,,רביולי מבצע,גרמים,180.00,100 גרם,false,,10.00,0.0556,true,1,72836
7290000096278,false,חרדל צהוב גרגרים במש,,,חרדל צהוב גרגרים במש,קילוגרמים,1.00,"ק""ג",true,,50.00,50.0000,true,1,69739
7290000096421,false,גבינת עמק מגורדת 28%,תנובה,IL,עמק,קילוגרמים,1.00,"ק""ג",true,,44.79,44.7900,true,1,52446
7290000097992,false,קוקוס טחון במשקל,,,קוקוס טחון במשקל,קילוגרמים,1.00,"ק""ג",true,,29.00,29.0000,true,1,69745
7290000098012,false,פול מקולף במשקל,,,פול מקולף במשקל,קילוגרמים,1.00,"ק""ג",true,,49.00,49.0000,true,1,69746
7290000098074,false,גבינה גלבוע 22% מגור,תנובה,IL,גלבוע,קילוגרמים,1.00,"ק""ג",true,,42.50,42.5000,true,1,52452
7290000098104,false,שיפקונית במשקל,,,שיפקונית במשקל,קילוגרמים,1.00,"ק""ג",true,,42.00,42.0000,true,1,69818
7290000098128,false,רביולי פלאפל במשקל,,,רביולי פלאפל במשקל,קילוגרמים,1.00,"ק""ג",true,,65.00,65.0000,true,1,69749
7290000098456,false,סנדביץ עובד,,,סנדביץ עובד,יח',1.00,יח',false,,2.00,2.0000,true,1,30764
7290000100128,false,פירות קפואים תות סנפרוסט 300 ג',"סנפרוסט בע""מ",IL,סנפרוסט,גרמים,300.00,100 גרם,false,,12.90,0.0430,true,1,58659
7290000100135,false,פירות קפואים סנפרוסט דובדבן 300 גר,"סנפרוסט בע""מ",IL,סנפרוסט,גרמים,300.00,100 גרם,false,,12.90,0.0430,true,1,58660
7290000101132,false,לקט קטניות לחמין סנפרוסט 800 גר,"סנפרוסט בע""\מ",IL,סנפרוסט,גרמים,800.00,100 גרם,false,,21.90,0.0274,true,1,58675
7290000101927,false,אוכמניות כחולות מוקפאות סנפרוסט 300 גרם,"איי, בי, אינבוו",IL,סנפרוסט,גרמים,300.00,100 גרם,false,,12.90,0.0430,true,1,58678
7290000101934,false,מיקס פירות יער מוקפאות 300 ג' סנפרוסט,"סנפרוסט בע""\מ",IL,סנפרוסט,גרמים,300.00,100 גרם,false,,12.90,0.0430,true,1,58679
7290000101941,false,אננס חתוך מוקפא סנפרוסט 300ג',"סנפרוסט בע""\מ",IL,סנפרוסט,גרמים,300.00,100 גרם,false,,12.90,0.0430,true,1,58680
7290000101958,false,מנגו חתוך מוקפא סנפרוסט 300ג',"סנפרוסט בע""\מ",IL,סנפרוסט,גרמים,300.00,100 גרם,false,,12.90,0.0430,true,1,58681
7290000103433,false,"לקט ירקות לתנור 800 גרם ""סנפרוסט""","איי, בי, אינבוו",IL,סנפרוסט,גרמים,800.00,100 גרם,false,,16.90,0.0211,true,1,58689
7290000103457,false,"מיני כרובית 600 גרם ""סנפרוסט""","סנפרוסט בע""\מ",IL,סנפרוסט,גרמים,600.00,100 גרם,false,,15.90,0.0265,true,1,58691
7290000103471,false,מיני ברוקולי סנפרוסט 600 גרם,"סנפרוסט בע""\מ",IL,סנפרוסט,גרמים,600.00,100 גרם,false,,15.90,0.0265,true,1,58693
7290000103730,false,לקט להקפצה עם פסטה פוזילי סנפרוסט 800 גרם,"איי, בי, אינבוו",IL,סנפרוסט,גרמים,800.00,100 גרם,false,,22.90,0.0286,true,1,58697
7290000103815,false,לקט להקפצה בסגנון תאילנדי סנפרוסט 800 גרם,"סנפרוסט בע""\מ",IL,סנפרוסט,גרמים,800.00,100 גרם,false,,22.90,0.0286,true,1,58699
7290000103839,false,מרק כתום עשיר בירקות סנפרוסט 570 גרם,"סנפרוסט בע""\מ",IL,סנפרוסט,גרמים,570.00,100 גרם,false,,16.90,0.0296,true,1,58701
7290000103860,false,מרק עדשים עשיר בירקות סנפרוסט 570 גרם,"איי, בי, אינבוו",IL,סנפרוסט,גרמים,570.00,100 גרם,false,,16.90,0.0296,true,1,30428
7290000103877,false,מרק שעועית עשיר בירקות סנפרוסט 640 גרם,"סנפרוסט בע""\מ",IL,סנפרוסט,גרמים,640.00,100 גרם,false,,16.90,0.0264,true,1,30429
7290000104072,false,עדשים ירוקות מבושלות מוקפאות 800 ג' סנפרוסט,"איי, בי, אינבוו",IL,סנפרוסט,גרמים,800.00,100 גרם,false,,19.90,0.0249,true,1,58702
7290000104188,false,שעועית אדומה מוקפאת מבושלת מוכנה לאכילה,"סנפרוסט בע""\מ",IL,סנפרוסט,גרמים,800.00,100 גרם,false,,18.90,0.0236,true,1,58703
7290000104201,false,אפונה עדינה סנפרוסט 600 גרם,"איי, בי, אינבוו",IL,סנפרוסט,גרמים,600.00,100 גרם,false,,16.90,0.0282,true,1,58704
7290000104676,false,אפונה קפואה סנפרוסט 800 גרם,"איי, בי, אינבוו",IL,סנפרוסט,גרמים,800.00,100 גרם,false,,14.90,0.0186,true,1,58708
7290000104683,false,שעועית ירוקה שלמה סנפרוסט 800 גרם,"סנפרוסט בע""\מ",IL,סנפרוסט,גרמים,800.00,100 גרם,false,,19.90,0.0249,true,1,58709
7290000104690,false,תירס גרעינים 800 גרם סנפרוסט,"איי, בי, אינבוו",IL,סנפרוסט,גרמים,800.00,100 גרם,false,,17.90,0.0224,true,1,58710
7290000104706,false,גזר גמדי סנפרוסט 800 גרם,"סנפרוסט בע""\מ",IL,סנפרוסט,גרמים,800.00,100 גרם,false,,16.90,0.0211,true,1,58711
7290000104713,false,פול ירוק סנפרוסט 800 גרם,"איי, בי, אינבוו",IL,סנפרוסט,גרמים,800.00,100 גרם,false,,20.90,0.0261,true,1,58712
7290000104720,false,שעועית ירוקה חתוכה סנפרוסט 800 גרם,"סנפרוסט בע""\מ",IL,סנפרוסט,גרמים,800.00,100 גרם,false,,17.90,0.0224,true,1,58713
7290000104737,false,שעועית צהובה חתוכה סנפרוסט 800 גרם,"סנפרוסט בע""\מ",IL,סנפרוסט,גרמים,800.00,100 גרם,false,,17.90,0.0224,true,1,58714
7290000104744,false,כרובית סנפרוסט 800 גרם,"סנפרוסט בע""\מ",IL,סנפרוסט,גרמים,800.00,100 גרם,false,,23.90,0.0299,true,1,58715
7290000104751,false,"כרוב ניצנים 800 גרם ""סנפרוסט""","איי, בי, אינבוו",IL,סנפרוסט,גרמים,800.00,100 גרם,false,,16.90,0.0211,true,1,58716
7290000104768,false,תרד עלים סנפרוסט 800 ג ',"איי, בי, אינבוו",IL,סנפרוסט,גרמים,800.00,100 גרם,false,,19.90,0.0249,true,1,58717
7290000104775,false,תרד מדליונים סנפרוסט 800 גרם,"איי, בי, אינבוו",IL,סנפרוסט,גרמים,800.00,100 גרם,false,,23.90,0.0299,true,1,58718
7290000104799,false,שעועית לבנה מבושלת סנפרוסט 800 גרם,"איי, בי, אינבוו",IL,סנפרוסט,גרמים,800.00,100 גרם,false,,14.90,0.0186,true,1,58719
7290000104805,false,גרגירי חומוס מבושלים סנפרוסט 800 גרם,"איי, בי, אינבוו",IL,סנפרוסט,גרמים,800.00,100 גרם,false,,18.90,0.0236,true,1,58720
7290000104829,false,קלחי תירס חתוכים סנפרוסט 1 קילו,"סנפרוסט בע""\מ",IL,סנפרוסט,קילוגרמים,1.00,"ק""ג",false,,19.90,19.9000,true,1,58721
7290000104836,false,שעועית ירוקה עדינה שלמה סנפרוסט 600 גרם,"סנפרוסט בע""\מ",IL,סנפרוסט,גרמים,600.00,100 גרם,false,,19.90,0.0332,true,1,58722
7290000104881,false,לקט אפונה וגזר סנפרוסט 800 גרם,"איי, בי, אינבוו",IL,סנפרוסט,גרמים,800.00,100 גרם,false,,14.90,0.0186,true,1,58724
7290000104911,false,לקט נורמנדי סנפרוסט 800 גרם,"איי, בי, אינבוו",IL,סנפרוסט,גרמים,800.00,100 גרם,false,,16.90,0.0211,true,1,58726
7290000106526,false,ירקות מעורבים מוקפאים חגיגה ירוקה להקפצה,"איי, בי, אינבוו",IL,סנפרוסט,גרמים,800.00,100 גרם,false,,22.90,0.0286,true,1,58729
7290000107189,false,תחתיות ארטישוק סנפרוסט 400 גרם,"איי, בי, אינבוו",IL,סנפרוסט,גרמים,400.00,100 גרם,false,,20.90,0.0522,true,1,58732
7290000107295,false,תפרחות ברוקולי סנפרוסט 800 גרם,"איי, בי, אינבוו",IL,סנפרוסט,גרמים,800.00,100 גרם,false,,24.90,0.0311,true,1,58733
7290000110844,false,"כיפלי גריל בד""צ תלמה 70 ג'",יוניליור ישראל מזון,IL,TELMA,גרמים,70.00,100 גרם,false,,4.90,0.0700,true,1,51230
7290000110851,false,חטיף כיפלי בטעם בצל 70גר,יוניליוור מזון,IL,TELMA,גרמים,70.00,100 גרם,false,,4.90,0.0700,true,1,51231
7290000111063,false,מיונז תלמה אמיתי250 גרם,יוניליוור ישראל מזון בע\,IL,TELMA,גרמים,250.00,100 גרם,false,,6.50,0.0260,true,1,51232
7290000111186,false,"מיונז אמיתי תלמה 500 גרם בד""צ",יוניליוור ישראל מזון בע\,IL,TELMA,גרמים,500.00,100 גרם,false,,8.90,0.0178,true,1,51235
7290000111360,false,חרדל תלמה 250 גרם-צנצנת,יוניליוור ישראל מזו,IL,TELMA,גרמים,250.00,100 גרם,false,,5.90,0.0236,true,1,51237
7290000112220,false,טחינה גולמית שומשום טהור בארכה 500 גרם,"רושדי תעשיות מזון בע""\מ",IL,טחינה בארכה 500 גרם,גרמים,500.00,100 גרם,false,,13.90,0.0278,true,1,33496
7290000112619,false,מרק עוף לתיבול והעשרה קנור 400 ג',יוניליוור ישראל מזון בע\,IL,KNORR,גרמים,400.00,100 גרם,false,,18.90,0.0472,true,1,51243
7290000113180,false,"כיפלי צ'יפס בד""צ תלמה 50 ג'",יוניליור ישראל מזון,IL,TELMA,גרמים,50.00,100 גרם,false,,4.90,0.0980,true,1,51245
7290000116204,false,"אבקת מרק דגש בטעם עוף 1ק""ג קנור",יוניליוור ישראל מזון בע\,IL,KNORR,קילוגרמים,1.00,"ק""ג",false,,16.90,16.9000,true,1,51252
7290000116921,false,רוטב צ'ילי מתוק 340 גרם קנור,יוניליוור ישראל מזון בע\,IL,KNORR,מיליליטרים,300.00,"100 מ""ל",false,,9.90,0.0330,true,1,51254
7290000116945,false,"רוטב סויה קלאסי קנור בד""צ 350 גרם",יוניליוור ישראל מזון בע\,IL,KNORR,מיליליטרים,300.00,"100 מ""ל",false,,9.90,0.0330,true,1,51255
7290000117720,false,נמס בכוס פטריות קנור 21.5 גרם מארז זוגי,יוניליוור ישראל מזון בע\,IL,KNORR,גרמים,43.00,100 גרם,false,,6.50,0.1512,true,1,51261
7290000118277,false,כופתאות מצה להכנת מהירה 65 ג' קנור,יוניליוור ישראל מזון בע\,IL,KNORR,גרמים,130.00,100 גרם,false,,8.90,0.0685,true,1,51263
7290000120836,false,"מיונז אמיתי 394 גרם ""הלמנס""",קונפקו אינק' די.בי.א,CA,HELLMANNS,גרמים,394.00,100 גרם,false,,11.90,0.0302,true,1,51270
7290000120874,false,ממרח הלמנס לייט מופחת קלוריות,"יונילוור ארה""ב - HPC",US,HELLMANNS,גרמים,424.00,100 גרם,false,,11.90,0.0281,true,1,51271
7290000121031,false,החתול המחייך גבינה מותכת 14% מון בלאן 120 גרם,שלושת האופים,IL,מון בלאן,גרמים,120.00,100 גרם,false,,8.90,0.0742,true,1,45407
7290000121093,false,גבינה מותכת לייט בטעם שוויצרי 7% מון בלאן 120 גר',האי נאם סי או אל.טי.,IL,מון בלאן,גרמים,120.00,100 גרם,false,,8.90,0.0742,true,1,45410
7290000121109,false,גבינה מותכת לייט עם זיתים 7% מון בלאן 120 גרם,האי נאם סי או אל.טי.,IL,מון בלאן,גרמים,120.00,100 גרם,false,,8.90,0.0742,true,1,45411
7290000121239,false,מיוקל5% ללא כולסטרול500ג,יוניליוור ישראל מזון בע\,IL,TELMA,גרמים,500.00,100 גרם,false,,11.90,0.0238,true,1,51272
7290000122830,false,"רוטב מקסיקני סצ'ואן קנור 300 מ""ל",יוניליוור ישראל מזון בע\,IL,KNORR,מיליליטרים,300.00,"100 מ""ל",false,,9.90,0.0330,true,1,51281
7290000129457,false,אבקת רוטב פטריות קנור 28 ג' שקית,יוניליוור ישראל מזון בע\,IL,KNORR,גרמים,28.00,100 גרם,false,,3.90,0.1393,true,1,51292
7290000129785,false,מרכך כביסה ירוק בדין 4 ליטר,יוניליור ישראל טיפוח איש,IL,BADIN,ליטרים,4.00,ליטר,false,,19.90,4.9750,true,1,51293
7290000133645,false,שלישיית משחת שיניים סודה אורביטול 145 גרם,טרופיקל דגיל תעשיות קוסמ,IL,אורביטול,גרמים,435.00,100 גרם,false,,14.90,0.0343,true,1,38996
7290000134307,false,קינמון טחון 50 גרם טעם וריח,"תבליני טעם וריח בע""מ",IL,"תבליני טעם וריח בע""מ",גרמים,50.00,100 גרם,false,,5.90,0.1180,true,1,56032
7290000134376,false,פפריקה בשמן בקופ' 90 גר' טעם וריח,"תבליני טעם וריח בע""מ",IL,"תבליני טעם וריח בע""מ",גרמים,90.00,100 גרם,false,,9.90,0.1100,true,1,56036
7290000134673,false,זנגויל טחון מיכל 30 גרם,"תבליני טעם וריח בע""מ",IL,"תבליני טעם וריח בע""מ",גרמים,30.00,100 גרם,false,,6.90,0.2300,true,1,56038
7290000134826,false,זעתר מעורב בקופ' 100 גר' טעם וריח,"תבליני טעם וריח בע""מ",IL,"תבליני טעם וריח בע""מ",גרמים,100.00,100 גרם,false,,9.90,0.0990,true,1,56040
7290000134840,false,כורכום טחון בקופ' 100 גר' טעם וריח,"תבליני טעם וריח בע""מ",IL,"תבליני טעם וריח בע""מ",גרמים,100.00,100 גרם,false,,9.90,0.0990,true,1,56042
7290000134857,false,פפריקה מתוקה בקופ' 100 גר' טעם וריח,"תבליני טעם וריח בע""מ",IL,"תבליני טעם וריח בע""מ",גרמים,100.00,100 גרם,false,,9.90,0.0990,true,1,56043
7290000135045,false,"XL TEN משקה אנרגיה פתוח ללא סוכר 250 מ""ל","טמפו משקאות בע""\מ",IL,XL,מיליליטרים,250.00,"100 מ""ל",false,,3.80,0.0152,true,1,42479
7290000135151,false,"טמפו סודה למון ליים בקבוק 250 מ""ל",טמפו משקאות בעמ,IL,סודה טמפו,מיליליטרים,275.00,"100 מ""ל",false,,4.00,0.0145,true,1,42484
7290000135311,false,פפסי קולה ליים 1.5 ללא סוכר,"טמפו משקאות בע""\מ",IL,פפסי מקס,ליטרים,1.50,ליטר,false,,6.90,4.6000,true,1,42486
7290000136158,false,פפסי מקס משקה מוגז דל קלוריות בטעם קולה,"טמפו משקאות בע""\מ",IL,פפסי מקס 1.5 ליטר,ליטרים,1.50,ליטר,false,,6.90,4.6000,true,1,42499
7290000136165,false,משקה מירינדה 1.5ליטר,"טמפו משקאות בע""\מ",IL,מירנדה 1.5 ליטר,ליטרים,1.50,ליטר,false,,7.40,4.9333,true,1,42500
7290000136172,false,סבן אפ בקבוק 1.5 ליט,"טמפו משקאות בע""\מ",IL,סבן אפ 1.5 ליטר,ליטרים,1.50,ליטר,false,,7.40,4.9333,true,1,42501
7290000136240,false,סודה 1.5 ליטר שישייה בודד,"טמפו משקאות בע""\מ",IL,סודה 1.5 ליטר,ליטרים,1.50,ליטר,false,,2.90,1.9333,true,1,42503
7290000136264,false,מי טוניק טמפו 1.5 ליטר,"טמפו משקאות בע""\מ",IL,מי טוניק 1.5 ליטר,ליטרים,1.50,ליטר,false,,8.90,5.9333,true,1,42505
7290000136288,false,"סירופ בטעם תפוחים ג'ויסר סיידר הגליל 330 מ""ל","טמפו משקאות בע""\מ",IL,סיידר,מיליליטרים,330.00,"100 מ""ל",false,,11.90,0.0361,true,1,42507
7290000136295,false,"סירופ בטעם פטל ג'ויסר סיידר הגליל 330 מ""ל","טמפו משקאות בע""\מ",IL,סיידר,מיליליטרים,330.00,"100 מ""ל",false,,11.90,0.0361,true,1,42508
7290000136301,false,"סירופ בטעם ענבים ג'ויסר סיידר הגליל 330 מ""ל","טמפו משקאות בע""\מ",IL,סיידר,מיליליטרים,330.00,"100 מ""ל",false,,11.90,0.0361,true,1,42509
7290000136431,false,משקה בטעם אפרסק צלול תריסר 1.5 ל' ג'אמפ,"טמפו משקאות בע""\מ",IL,ג'אמפ,ליטרים,1.50,ליטר,false,,7.50,5.0000,true,1,42512
7290000136455,false,משקה בטעם אשכוליות תריסר 1.5 ל' ג'אמפ,"טמפו משקאות בע""\ם.",IL,ג'אמפ,ליטרים,1.50,ליטר,false,,7.50,5.0000,true,1,42513
7290000136486,false,משקה בטעם אשכוליות דיאט תריסר 1.5 ל' ג'אמפ,"טמפו משקאות בע""\ם.",IL,ג'אמפ,ליטרים,1.50,ליטר,false,,7.50,5.0000,true,1,42514
7290000136523,false,משקה בטעם ענבים תריסר 1.5 ל' ג'אמפ,"טמפו משקאות בע""\ם.",IL,ג'אמפ,ליטרים,1.50,ליטר,false,,7.50,5.0000,true,1,42516
7290000136653,false,דיאט נשר מאלט ללא אלכוהול 1.5 ליטר,"טמפו משקאות בע""\מ",IL,נשר מאלט דיאט 1.5 ל,ליטרים,1.50,ליטר,false,,8.90,5.9333,true,1,42521
7290000136776,false,שישיית פפסי מקס דל קלוריות 1.5 ליטר,פפסי Pepsi,IL,פפסי מקס שישייה 1.5,ליטרים,9.00,ליטר,false,,35.90,3.9889,true,1,42527
7290000136790,false,שישיית מי סודה טמפו 1.5 ליטר,"טמפו משקאות בע""\מ",IL,סודה 1.5 ליטר שישייה,ליטרים,9.00,ליטר,false,,16.70,1.8556,true,1,42528
7290000136806,false,מארז סודה רביעייה לימון ליים 1.5 ל' טמפו,טמפו משקאות בעמ,IL,רביעיית סודה לימון ל,ליטרים,6.00,ליטר,false,,11.10,1.8500,true,1,42529
7290000136813,false,סודה בטעם אננס מארז רביעייה 1.5 ל' טמפו,טמפו משקאות בע''מn\,IL,רביעיית סודה אננס 1.,ליטרים,6.00,ליטר,false,,11.10,1.8500,true,1,42530
7290000136837,false,רביעיית מי סודה נגיעות אפרסק טמפו 1.5 ליטר,טמפו משקאות בע''מn\,IL,רביעיית סודה אפרסק 1,ליטרים,6.00,ליטר,false,,11.10,1.8500,true,1,42532
7290000136844,false,מארז מים מזוככים אקווה נובה שישיית 2 ליטר,"טמפו משקאות בע""\מ",IL,אקווה נובה,ליטרים,12.00,ליטר,false,,11.30,0.9417,true,1,42533
7290000136868,false,סאן בנדטו - מים מינרלים - מארז שישיית 1.5 ליטר,אקווה מינרלה סאן בנדטו ב,IT,סאן בנדטו,ליטרים,9.00,ליטר,false,,18.90,2.1000,true,1,42534
7290000136875,false,שישיית מים מינרליים מוגזים סן בנדטו 1.5 ליטר,סאן בנדטו San Benedetto,IT,סאן בנדטו,ליטרים,9.00,ליטר,false,,18.90,2.1000,true,1,42535
7290000137513,false,גלידונית גלידה וניל בציפוי שוקולד 60 יח' קרמיסימו,"גלידת שטראוס בע""\מ, רחוב",IL,קרמיסימו,מיליליטרים,950.00,"100 מ""ל",false,,44.90,0.0473,true,1,37260
7290000137643,false,שלגוני טעמקור בטעם שוקו וניל שטראוס 8*50 גרם,"גלידת שטראוס בע""\מ, רחוב",IL,שטראוס,גרמים,400.00,100 גרם,false,,37.90,0.0947,true,1,37261
7290000139104,false,שלווה חיטה תפוחה מתוקה אשבול 230 גרם,"אשב""ל בע""מ",IL,אשבול,גרמים,230.00,100 גרם,false,,7.90,0.0343,true,1,37578
7290000139227,false,דגן לבן משפחתי 150 גר' אשבול,אשבל מזון פונקציונלי,IL,אשבול,גרמים,150.00,100 גרם,false,,7.90,0.0527,true,1,37579
7290000144467,false,שמן חמניות מועשר בנוגדי חמצון 1 ל' עץ הזית,"נארז ע""י : א.ג. גילר",GR,עץ הזית,ליטרים,1.00,ליטר,false,,13.90,13.9000,true,1,30485
7290000144474,false,שמן עץ הזית קנולה 1 ליטר בריאות מהטבע,שמן תעשיות בעמ,EE,עץ הזית,ליטרים,1.00,ליטר,false,,15.90,15.9000,true,1,30486
7290000146645,false,הוואי - סבון מוצק שחור מסתורי 100 גרם רביעייה,טרופיקל דגיל קוסמטיק,IL,הוואי,גרמים,400.00,100 גרם,false,,12.90,0.0323,true,1,35059
7290000146652,false,הוואי סבון מוצק רביעיה ורוד רומנטי 4*100 גרם,טרופיקל דגיל קוסמטיק,PL,הוואי,גרמים,400.00,100 גרם,false,,12.90,0.0323,true,1,35060
7290000146669,false,הוואי - סבון מוצק שמיים כחולים 100 גרם רביעייה,טרופיקל דגיל קוסמטיק,IL,הוואי,גרמים,400.00,100 גרם,false,,12.90,0.0323,true,1,35061
7290000146683,false,הוואי - סבון מוצק אפקט דאודורנט 100 גרם רביעייה,טרופיקל דגיל קוסמטיק,PL,הוואי,יח',4.00,יח',false,,12.90,3.2250,true,1,35063
7290000146928,false,"משחת שיניים לילדים בטעם ענבים טום וג'רי 50 מ""ל",טרופיקל דגיל קוסמטיק,IL,טום וגרי,מיליליטרים,50.00,"100 מ""ל",false,,9.90,0.1980,true,1,35064
7290000146997,false,משחת שיניים לילדים מסטיק טום וג'רי 50 מל,טרופיקל דגיל קוסמטיק,IL,טום וגרי,מיליליטרים,50.00,"100 מ""ל",false,,9.90,0.1980,true,1,35065
7290000148380,false,פיסטוקים קלוים קליית גת 200 גרם,"ג'י אנד ג'י בע""מ",IL,קליית גת,גרמים,200.00,100 גרם,false,,18.90,0.0945,true,1,44056
7290000148748,false,קליית גת גרעיני חמניה קלויים ומומלחים200,"ג'י אנד ג'י בע""מ",IL,קליית גת,גרמים,200.00,100 גרם,false,,5.90,0.0295,true,1,44059
7290000148939,false,שקדים קלויים 200 גרם קליית גת,"ג'י אנד ג'י בע""מ",IL,קליית גת,גרמים,200.00,100 גרם,false,,15.90,0.0795,true,1,44060
7290000149615,false,רביעיית סבון מוצק קלאסי לתינוק נקה 7 4*100 גרם,גליל כימיקלים בעממשו,IL,נקה 7,גרמים,400.00,100 גרם,false,,10.90,0.0273,true,1,39000
7290000149851,false,סבון לניקוי והסרת כתמים סינטבון 460 גרם,יבואן ומשווק: ש. שסט,IL,סינטבון,גרמים,460.00,100 גרם,false,,9.50,0.0207,true,1,39001
7290000149905,false,טקסטיל נוזל לכביסה עדינה נקה 1 ליטר,מיוצר עי קונדיטוריית,IL,טקסטיל,ליטרים,1.00,ליטר,false,,13.90,13.9000,true,1,39002
7290000149943,false,"טקסטיל אבקת כביסה ביד נקה 1 ק""ג",קריות זול,IL,טקסטיל,ליטרים,1.00,ליטר,false,,13.90,13.9000,true,1,39003
7290000158150,false,צידנית מתקפלת יוחננו,,,צידנית מתקפלת יוחננו,יח',1.00,יח',false,,19.90,19.9000,true,1,60050
7290000161358,false,תלמה מיונז אמיתי משמן קנולה 500 גרם,יוניליוור ישראל מזון בע\,IL,TELMA,גרמים,500.00,100 גרם,false,,12.90,0.0258,true,1,51300
7290000168173,false,"ברנפלקס קרנצ'ים תלמה 375 גרם בד""צ",יוניליור ישראל מזון,IL,TELMA,גרמים,375.00,100 גרם,false,,21.90,0.0584,true,1,51336
7290000169538,false,"נמס בכוס עגבניות וקרוטונים מרק כשרות בד""ץ 62 ג' קנור",יוניליוור ישראל מזון בע\,IL,KNORR,גרמים,17.00,100 גרם,false,,6.50,0.3824,true,1,51351
7290000170053,false,"שוקולד פרה חלב 100 גרם בד""צ לל""ג","שטראוס גרופ בע""\מ.",IL,עלית,גרמים,100.00,100 גרם,false,,5.90,0.0590,true,1,46329
7290000174099,false,בפלות ופלים בטעם שוקולד 500 גרם,"שטראוס גרופ בע""מ",IL,עלית,גרמים,500.00,100 גרם,false,,11.90,0.0238,true,1,46335
7290000174723,false,שוקולית אבקה להכנת משקה שוקו 500 גרם,הנסיך- מפעל לייצור ט,IL,עלית,גרמים,500.00,100 גרם,false,,11.90,0.0238,true,1,46336
7290000176062,false,קפה טורקי בשקית 100 ג' עלית,שטראוס קפה בי.ויn\.,IL,עלית,גרמים,100.00,100 גרם,false,,8.90,0.0890,true,1,46338
7290000176079,false,קפה עלית טורקי עם הל 100 גרם,הנסיך- מפעל לייצור ט,IL,עלית,גרמים,100.00,100 גרם,false,,8.90,0.0890,true,1,46339
7290000176147,false,קפה לפילטר קלוי וטחון מוקה מספר 1 עלית 500 גרם,ELITE CAFE SP. ZO.O,PL,עלית,גרמים,500.00,100 גרם,false,,49.90,0.0998,true,1,46342
7290000176413,false,קפה נמס אבקתי 50 ג' עלית,הנסיך- מפעל לייצור ט,IL,עלית,גרמים,50.00,100 גרם,false,,8.90,0.1780,true,1,46344
7290000176420,false,קפה נמס פחית עלית 200 גרם,שטראוס קפה בי.וי,IL,עלית,גרמים,200.00,100 גרם,false,,18.90,0.0945,true,1,46345
7290000176468,false,קפה נמס נטול קפאין 50 ג' קפה האג,"איי, בי, אינבוו",IL,האג,גרמים,50.00,100 גרם,false,,10.90,0.2180,true,1,46346
7290000176475,false,האג קפה נמס נטול קפאין עלית 200 גרם,שטראוס גרופ,VN,האג,גרמים,200.00,100 גרם,false,,34.90,0.1745,true,1,46347
7290000178707,false,תפוצ'יפס בטעם טבעי 50 גרם,"שטראוס פריטו ליי בע""\מ )",IL,עלית,גרמים,50.00,100 גרם,false,,3.50,0.0700,true,1,47417
7290000178721,false,תפוצ'יפס בטעם טבעי 200 גרם,"שטראוס פריטו ליי בע""\מ )",IL,עלית,גרמים,200.00,100 גרם,false,,9.90,0.0495,true,1,47418
7290000180212,false,שוקולוד פרה מריר אגוזים 100ג' עלית,"שטראוס גרופ בע""מ",IL,עלית,גרמים,100.00,100 גרם,false,,5.90,0.0590,true,1,46354
7290000186030,false,מארז רביעייה מגבוני בתחליב וויטמין E האגיס,קימברלי קלארק,IL,האגיס,יח',224.00,יח',false,,24.90,0.1112,true,1,41783
7290000186931,false,ניקול כריות קרצוף חתוכות 12 יח',ניקול,US,ניקול,יח',12.00,יח',false,,9.90,0.8250,true,1,41786
7290000188355,false,מגבות מטבח ניקול לבנה שישייה,קימברלי-קלארק,IL,ניקול,מטרים,64.80,מטר,false,,10.90,0.1682,true,1,41792
7290000189550,false,"שקיות אשפה ענקיות עם שרוך 78 * 90 ס""מ ניקול 2 * 10 יחידות","אשפלסט תעשיות בע""מ",IL,ניקול,יח',20.00,יח',false,,22.90,1.1450,true,1,41815
7290000189598,false,מטליות לחות חד פעמיות לניקוי כללי 50 יח' ניקול,עלבד משואות יצחק בעמ,IL,ניקול,יח',50.00,יח',false,,9.90,0.1980,true,1,41816
7290000189734,false,מטליות לחות לניקוי פרקט ניקול 10 יחידות,עלבד משואות יצחק בעמ,IL,ניקול,יח',10.00,יח',false,,11.90,1.1900,true,1,41819
7290000193014,false,מגן תחתון פדיות אינטרלוד לילי 50 יחידות,חוגלה קימברלי,CZ,אינטרלוד,יח',50.00,יח',false,,9.90,0.1980,true,1,41839
7290000193083,false,נובה-לי תחבושות היגייניות לילי 28 יחידות,חוגלה קימברלי,CZ,נובה לי,יח',28.00,יח',false,,9.90,0.3536,true,1,41841
7290000193205,false,תחבושות עם כנפיים ללילה נטורל לילי 20 יחידות,חוגלה קימברלי,BE,לילי נטורל,יח',20.00,יח',false,,15.90,0.7950,true,1,41842
7290000193540,false,מגן תחתון לונג נטורל לילי 52 יחידות,חוגלה קימברלי,ES,לילי פדיות,יח',52.00,יח',false,,15.90,0.3058,true,1,41844
7290000193649,false,תחבושות עם כנפיים נורמל פלוס לילי 24 יחידות,חוגלה קימברלי,ES,לילי תחבושת בודד,יח',24.00,יח',false,,15.90,0.6625,true,1,41846
7290000193656,false,תחבושות עם כנפיים סופר פלוס לילי 24 יחידות,חוגלה קימברלי,ES,לילי תחבושת בודד,יח',24.00,יח',false,,15.90,0.6625,true,1,41847
7290000193793,false,לילי תחבושות אינטימי נורמל אולט' 24 יח',חוגלה קימברלי,BE,לילי נטורל,יח',20.00,יח',false,,15.90,0.7950,true,1,41849
7290000195537,false,מגבונים לחים לעור רגיש ללא בישום האגיס 4*64 יחידות,חוגלה קימברלי,IL,האגיס,יח',256.00,יח',false,,18.90,0.0738,true,1,41855
7290000195773,false,רביעיית מגבון אלוורה ושקד האגיס 64 יחידות,חוגלה קימברלי,IL,האגיס,יח',288.00,יח',false,,18.90,0.0656,true,1,41857
7290000196039,false,"מפות שולחן איריס ח""פ ניקול 2 יח'",חוגלה קימברלי,IL,ניקול,יח',2.00,יח',false,,9.90,4.9500,true,1,41858
7290000197012,false,שקיות ריצ'רץ' אחסון למזון ניקול 15 יחידות,חוגלה קימברלי,IL,ניקול,יח',15.00,יח',false,,12.90,0.8600,true,1,41861
7290000197029,false,שקיות ריצ'רץ' רב תכליתיות ניקול 12 יחידות,קריות זול,IL,ניקול,יח',12.00,יח',false,,12.90,1.0750,true,1,41862
7290000197425,false,חיתולים פרידום דריי שלב 3 האגיס 52 יחידות,קימברלי קלארק ישראל,IL,האגיס פרידום דריי שלב 3,יח',52.00,יח',false,,41.90,0.8058,true,1,41872
7290000197456,false,חיתולים פרידום דריי שלב 4 האגיס 44 יחידות,קימברלי קלארק ישראל,IL,האגיס פרידום דריי שלב 4,יח',44.00,יח',false,,41.90,0.9523,true,1,41874
7290000197463,false,חיתולים פרידום דריי שלב +4 האגיס 40 יחידות,קימברלי קלארק ישראל,IL,האגיס פרידום דריי שלב +4,יח',40.00,יח',false,,41.90,1.0475,true,1,41875
7290000197470,false,שקיות רב שימושיות מתכלות ניקול 250 יחידות,"אשפלסט תעשיות בע""מ",IL,ניקול,יח',250.00,יח',false,,13.90,0.0556,true,1,41876
7290000197548,false,חיתולים פרידום דריי שלב 5 האגיס 36 יחידות,קימברלי קלארק ישראל,IL,האגיס פרידום דריי שלב 5,יח',36.00,יח',false,,41.90,1.1639,true,1,41877
7290000197678,false,חיתולי האגיס פרידום דריי שלב 6 30 יחידות,קימברלי קלארק ישראל,IL,האגיס פרידום דריי שלב 6,יח',30.00,יח',false,,41.90,1.3967,true,1,41879
7290000197876,false,תבניות אלומיניום קטנות עם מכסה ניקול 4 יחידות,חוגלה קימברלי,CN,ניקול,יח',4.00,יח',false,,8.90,2.2250,true,1,41882
7290000197883,false,תבנית אלומיניום 100 גדולה ניקול 4 יחידות,חוגלה קימברלי,CN,ניקול,יח',5.00,יח',false,,8.90,1.7800,true,1,41883
7290000197951,false,תבנית אלומיניום 200 ענק ניקול 2 יחידות,חוגלה קימברלי,CN,ניקול,יח',3.00,יח',false,,8.90,2.9667,true,1,41884
7290000201818,false,טיטולים פרימיום שלב 2 64 יחידות,חוגלה קימברלי,IL,טיטולים פרימיום שלב 2 64,יח',52.00,יח',false,,29.90,0.5750,true,1,41889
7290000201832,false,טיטולים פרימיום שלב 3 50 יחידות,חוגלה קימברלי,IL,טיטולים פרימיום שלב 3 52,יח',50.00,יח',false,,29.90,0.5980,true,1,41890
7290000201849,false,טיטולים פרימיום שלב 4 42 יח' (8-14),חוגלה קימברלי,IL,טיטולים פרימיום שלב 4 42,יח',40.00,יח',false,,29.90,0.7475,true,1,41891
7290000201856,false,טיטולים פרימיום שלב4+ 38 יחידות .,חוגלה קימברלי,IL,טיטולים פרימיום שלב 4+ 40,יח',38.00,יח',false,,29.90,0.7868,true,1,41892
7290000201863,false,טיטולים פרימיום שלב 5 34 יחידות,חוגלה קימברלי,IL,טיטולים פרימיום שלב 5 36,יח',34.00,יח',false,,29.90,0.8794,true,1,41893
7290000201870,false,טיטולים פרימיום שלב 6 30 יחידות,חוגלה קימברלי,IL,טיטולים פרימיום שלב 6 34,יח',30.00,יח',false,,29.90,0.9967,true,1,41894
7290000204086,false,ניקול כרית קרצוף מארז שלישייה,חוגלה קימברלי,US,ניקול,יח',3.00,יח',false,,9.90,3.3000,true,1,41897
7290000204147,false,רביעיית כרית יפנית עבה ניקול 4 יחידות,פלסטו פוליש (ברקן),IL,ניקול,יח',4.00,יח',false,,9.90,2.4750,true,1,41898
7290000204215,false,שישיית כרית יפנית ניקול 6 יחידות,פלסטו פוליש (ברקן),IL,ניקול,יח',8.00,יח',false,,9.90,1.2375,true,1,41899
7290000204253,false,מטליות רב שימושיות לניקיון ניקול 9 יחידות,נועם אורים-קיבוץ אור,IL,ניקול,יח',9.00,יח',false,,9.90,1.1000,true,1,41901
7290000204307,false,ניקול מטליות רב שימושיות בגליל 40 יח',נועם אורים-קיבוץ אור,IL,ניקול,יח',40.00,יח',false,,20.90,0.5225,true,1,41902
7290000204512,false,מטליות לחות לניקוי רצפה בריח לימון ניקול 10 יחידות,עלבד משואות יצחק בעמ,IL,ניקול,יח',10.00,יח',false,,9.90,0.9900,true,1,41903
7290000204611,false,שישיית ספוגית הקסם ניקול 6 יחידות,חוגלה קימברלי,US,ניקול,יח',6.00,יח',false,,9.90,1.6500,true,1,41904
7290000205915,false,חיתולי האגיס אקסטרה קייר מידה 4 40 יחידות,חוגלה קימברלי,IL,האגיס,יח',40.00,יח',false,,46.90,1.1725,true,1,41906
7290000207063,false,רוטב עגבניות פריכוז 28% 260 ג' יכין,היינץ צפון אמריקה מק,IL,רסק עגבניות 260 גרם,גרמים,240.00,100 גרם,false,,4.90,0.0204,true,1,41568
7290000207162,false,רוטב עגבניות מרכיב טבעי 100 ג' יכין,"זנלכל בע""\מ",IL,רסק עגבניות 100 גרם,גרמים,100.00,100 גרם,false,,2.50,0.0250,true,1,41570
7290000207438,false,עגבניות 2.5 A קוביות 850 גרם יכין,"זנלכל בע""\מ",IL,עגבניות קוביות יכין 800 ג,גרמים,800.00,100 גרם,false,,9.90,0.0124,true,1,41571
7290000208022,false,עגבניות מרוסקות פריכוז 800 ג' יכין,"זנלכל בע""\מ",IL,עגבניות מרוסקות יכין,גרמים,800.00,100 גרם,false,,9.90,0.0124,true,1,41573
7290000208077,false,אפונת גינה רגילה 550 גרם יכין,"זנלכל בע""\מ",IL,אפונה גדולה 550 גרם,גרמים,550.00,100 גרם,false,,8.50,0.0155,true,1,41574
7290000208114,false,"אפונה וגזר יכין A2 פ""ק בית יוסף","זנלכל בע""\מ",IL,אפונה וגזר יכין 550 גרם,גרמים,550.00,100 גרם,false,,8.50,0.0155,true,1,41576
7290000208138,false,סירופ דיאט בטעם ענבים יכין 1 ליטר,"זנלכל בע""\מ",IL,סירופ דיאט ענבים 1 ל,מיליליטרים,1000.00,"100 מ""ל",false,,16.90,0.0169,true,1,41577
7290000208145,false,גרעיני תירס מתוק לייט 550 גרם יכין,"זנלכל בע""\מ",IL,תירס לייט יכין 550 ג,גרמים,550.00,100 גרם,false,,9.90,0.0180,true,1,41578
7290000208176,false,"תפוח אדמה יכין A2 פ""מ בית יוסף","זנלכל בע""מ",IL,תפוא בקופסא 550 גרם יכין,גרמים,550.00,100 גרם,false,,9.90,0.0180,true,1,41579
7290000208213,false,שעועית לבנה אפויה A2 ברוטב עגבניות יכין 560ג',היינץ צפון אמריקה מק,IL,שעועית אפויה יכין 580 גרם,גרמים,580.00,100 גרם,false,,8.90,0.0153,true,1,41580
7290000208220,false,"שעועית צ'לי יכין פ""ק A2 בית יוסף",היינץ צפון אמריקה מק,IL,שעועית צילי חריפה,גרמים,580.00,100 גרם,false,,9.90,0.0171,true,1,41581
7290000208268,false,שעועית צהובה יכין 300 גרם,"זנלכל בע""מ",IL,שעועית צהובה יכין,גרמים,550.00,100 גרם,false,,9.90,0.0180,true,1,41584
7290000208312,false,גרעיני תירס מתוק בואקום יכין 400 גר',"זנלכל בע""\מ",IL,*מבצע* תירס מתוק יכי,גרמים,400.00,100 גרם,false,,5.90,0.0148,true,1,41585
7290000208329,false,גרעיני תירס מתוק 550 גרם יכין,"זנלכל בע""\מ",IL,תירס יכין 550 גרם,גרמים,550.00,100 גרם,false,,8.50,0.0155,true,1,41586
7290000208336,false,רסק יכין 240גר 22% יכין בית יוסף,"זנלכל בע""\מ",IL,רסק עגבניות 260 גרם,גרמים,240.00,100 גרם,false,,4.50,0.0188,true,1,41587
7290000208343,false,עגבניות מרוסקות שום יכין A2.5 בית יוסף,היינץ צפון אמריקה מק,IL,עגבניות מרוסקות עם שום 80,גרמים,800.00,100 גרם,false,,9.90,0.0124,true,1,41588
7290000208367,false,עגבניות מרוסקות בתוספת בזיליקום 800 ג' יכין,זנלכל,IL,עגבניות מרוסקות 800 גרם,גרמים,800.00,100 גרם,false,,9.90,0.0124,true,1,41590
7290000208404,false,פול מצרי יכין 350 גרם,"זנלכל בע""\מ",IL,פול 550 גרם,גרמים,550.00,100 גרם,false,,8.90,0.0162,true,1,41591
7290000208428,false,יכין חומוס בשימורים 550 גרם,"זנלכל בע""\מ",IL,חומוס 550 גרם,גרמים,550.00,100 גרם,false,,8.90,0.0162,true,1,41592
7290000208459,false,"לקט אפונה, תפוחי אדמה וגזר יכין 550 גרם","זנלכל בע""\מ",IL,"לקט תפו""א יכין 550 ג",גרמים,550.00,100 גרם,false,,9.90,0.0180,true,1,41593
7290000208800,false,גרעיני תירס מתוק לילדים 400 גרם יכין,זנלכל,IL,תירס ואקום קיד יכין,גרמים,400.00,100 גרם,false,,6.50,0.0163,true,1,41596
7290000208855,false,רוטב לפסטה קלאסי 240 גרם יכין,"זנלכל בע""\מ",IL,רוטב פסטה 260 גרם,גרמים,240.00,100 גרם,false,,5.50,0.0229,true,1,41597
7290000208893,false,גרעיני תירס מתוק לייט 400 גרם יכין,היינץ צפון אמריקה מק,IL,תירס לייט יכין 400 ג,גרמים,400.00,100 גרם,false,,6.50,0.0163,true,1,41598
7290000208930,false,עגבניות מרוסקות בתוספת שום 240 גרם יכין,"זנלכל בע""מ",IL,רוטב פסטה 260 גרם,גרמים,240.00,100 גרם,false,,5.50,0.0229,true,1,41599
7290000208947,false,עגבניות מרוסקות יכין 260 גרם,היינץ צפון אמריקה מק,IL,רוטב פסטה 260 גרם,גרמים,240.00,100 גרם,false,,5.50,0.0229,true,1,41600
7290000209043,false,מיץ לימון לתיבול יכין 1 ליטר,היינץ צפון אמריקה מק,IL,מיץ לימון משומר 1 ליטר,ליטרים,1.00,ליטר,false,,6.90,6.9000,true,1,41603
7290000209371,false,תירס מתוק יכין 200 גרם מארז 3 יח',היינץ צפון אמריקה מק,IL,מארז שלישיית תירס מת,גרמים,600.00,100 גרם,false,,14.90,0.0248,true,1,41605
7290000209388,false,תירס מתוק לייט יכין 200 גרם מארז 3 יח',"זנלכל בע""\מ",IL,תירס לייט יכין 200*3,גרמים,600.00,100 גרם,false,,14.90,0.0248,true,1,41606
7290000209524,false,סירופ דיאט בטעם פטל יכין 1 ליטר,"זנלכל בע""\מ",IL,סירופ דיאט פטל 1 ליטר,ליטרים,1.00,ליטר,false,,16.90,16.9000,true,1,41607
7290000209555,false,סירופ דיאט בטעם תפוחים יכין 1 ליטר,"זנלכל בע""\מ",IL,סירופ דיאט תפוחים 1,מיליליטרים,1000.00,"100 מ""ל",false,,16.90,0.0169,true,1,41609
7290000209579,false,סירופ דיאט בטעם אננס יכין 1 ליטר,"זנלכל בע""\מ",IL,סירופ דיאט אננס 1 לי,מיליליטרים,1000.00,"100 מ""ל",false,,16.90,0.0169,true,1,41610
7290000209708,false,עגבניות מרוסקות עם בזיליקום יכין 240 גרם,היינץ צפון אמריקה מק,IL,רוטב פסטה 260 גרם,גרמים,240.00,100 גרם,false,,5.50,0.0229,true,1,41611
7290000209722,false,רוטב עגבניות פריכוז יכין 580 גרם,"זנלכל בע""\מ",IL,פריכוז עגבניות 580 גרם,גרמים,580.00,100 גרם,false,,10.90,0.0188,true,1,41612
7290000209913,false,עגבניות חתוכות לקוביות 240 גרם יכין,"זנלכל בע""\מ",IL,רוטב פסטה 260 גרם,גרמים,240.00,100 גרם,false,,5.50,0.0229,true,1,41614
7290000209944,false,רוטב לעגבניות בסיס לשקשוקה 240 ג' יכין,"זנלכל בע""\מ",IL,רוטב שקשוקה 260 גרם,גרמים,240.00,100 גרם,false,,5.50,0.0229,true,1,41615
7290000209968,false,רוטב עגבניות ללזניה יכין 240 גרם,"זנלכל בע""\מ",IL,רוטב לזניה 260 גרם,גרמים,240.00,100 גרם,false,,5.50,0.0229,true,1,41617
7290000210469,false,עגבניות שלמות יכין A2.5 בית יוסף,זנלכל,IL,עגבניות שלמות 800 גרם,גרמים,800.00,100 גרם,false,,9.90,0.0124,true,1,41618
7290000210896,false,רוטב לפסטה בולונז 240 גרם יכין,"זנלכל בע""מ",IL,רוטב פסטה בולונז 260 גרם,גרמים,240.00,100 גרם,false,,5.50,0.0229,true,1,41619
7290000211169,false,"אורז תאילנדי אחד אחד סוגת 1 ק""ג",האי נאם סי או אל.טי.,IL,סוגת,קילוגרמים,1.00,"ק""ג",false,,6.90,6.9000,true,1,30487
7290000211312,false,"אורז מלא ארוך סוגת 1 ק""ג",האי נאם סי או אל.טי.,IL,סוגת,קילוגרמים,1.00,"ק""ג",false,,7.90,7.9000,true,1,30488
7290000211374,false,"קמח חיטה מלא סוגת 1 ק""ג",טחנת קמח דגן-שטיבל,IL,סוגת,קילוגרמים,1.00,"ק""ג",false,,6.90,6.9000,true,1,30489
7290000211381,false,"סוכר חום כהה בשקית סוגת 1 ק""ג","טונגט היולט שוגר בע""",ZA,סוגת,קילוגרמים,1.00,"ק""ג",false,,10.90,10.9000,true,1,30490
7290000211442,false,"אורז פרסי קלאסי סוגת 1 ק""ג",האי נאם סי או אל.טי.,IL,סוגת,קילוגרמים,1.00,"ק""ג",false,,10.90,10.9000,true,1,30491
7290000211503,false,סוכר לבן ארוז בשקית,"סוגת תעשיות בע""\מ",IL,סוגת,קילוגרמים,1.00,"ק""ג",false,,3.90,3.9000,true,1,30492
7290000211626,false,"סוגת אורז חיש 1 ק""ג","סוגת תעשיות בע""\מ",IL,"אורז חיש 1 ק""ג",קילוגרמים,1.00,"ק""ג",false,,7.90,7.9000,true,1,30493
7290000211985,false,"סוגת אורז עגול ריזוטו 1 ק""ג","סוגת תעשיות בע""\מ",IL,סוגת,קילוגרמים,1.00,"ק""ג",false,,12.90,12.9000,true,1,30495
7290000222363,false,לחמניות 4 יח,,,לחמניות 4 יח,יח,4.00,יח,false,,13.90,3.4750,true,1,71322
7290000231785,false,מארז פחיות קוקה קולה,,,מארז פחיות קוקה קולה,ליטרים,4.95,ליטר,false,,34.90,7.0505,true,1,62651
7290000238029,false,"בצק עלים צרפתי מרודד מעדנות 1 ק""ג",מיוצר עי קונדיטוריית,IL,מעדנות,קילוגרמים,1.00,"ק""ג",false,,15.90,15.9000,true,1,58530
7290000238036,false,מלאווח בקופסא מעדנות 700 גרם,מיוצר עי קונדיטוריית,IL,מעדנות,גרמים,700.00,100 גרם,false,,12.90,0.0184,true,1,58531
7290000238173,false,בורקס גבינה מעדנות 800 גרם,מיוצר עי קונדיטוריית,IL,מעדנות,גרמים,800.00,100 גרם,false,,16.90,0.0211,true,1,58532
7290000238180,false,בורקס תפוחי אדמה מעדנות 800 גרם,מיוצר עי קונדיטוריית,IL,מעדנות,גרמים,800.00,100 גרם,false,,16.90,0.0211,true,1,58533
7290000244143,false,"הוואי - קרם לאחר גילוח 120 מ""ל",טרופיקל דגיל קוסמטיק,IL,הוואי,מיליליטרים,120.00,"100 מ""ל",false,,14.90,0.1242,true,1,35068
7290000244761,false,"קרם ידיים ולווטה 100 מ""ל",טרופיקל דגיל קוסמטיק,IL,הוואי,מיליליטרים,100.00,"100 מ""ל",false,,6.90,0.0690,true,1,35069
7290000245270,false,"פרסיל אבקה לכביסה רגיל שקית 1.25 ק""ג","הנקל סוד בע""מ",IL,הנקל סוד,קילוגרמים,1.25,"ק""ג",false,,14.90,11.9200,true,1,56852
7290000245287,false,"אבקת כביסה פרסיל קולור שקית 1.250 ק""ג","הנקל סוד בע""מ",IL,הנקל סוד,קילוגרמים,1.25,"ק""ג",false,,14.90,11.9200,true,1,56853
7290000245508,false,"אב.כביסה סוד פרפקט 1.25ק""ג-שקית כחולה","הנקל סוד בע""\מ",IL,הנקל סוד,קילוגרמים,1.25,"ק""ג",false,,12.90,10.3200,true,1,56856
7290000245515,false,"א.כ סוד קומפקט ביואקטיב פרפריום 1.25 ק""ג","הנקל סוד בע""מ",IL,הנקל סוד,קילוגרמים,1.25,"ק""ג",false,,12.90,10.3200,true,1,56857
7290000245539,false,"אבקת כביסה קומפקט קולור 1.25 ק""ג סוד","הנקל סוד בע""מ",IL,הנקל סוד,קילוגרמים,1.25,"ק""ג",false,,12.90,10.3200,true,1,56858
7290000253220,false,שוקולד צ'יפס חום אופנהיימר 260 גר',אופנהיימר,IL,אופנהיימר,גרמים,300.00,100 גרם,false,,10.90,0.0363,true,1,50783
7290000253251,false,שוקולד צ'יפס לבן אופנהיימר 250 גרם,אופנהיימר,IL,אופנהיימר,גרמים,250.00,100 גרם,false,,10.90,0.0436,true,1,50784
7290000253374,false,מיני שוקולד צ'יפס 250 גרם- 66% מוצקי קקאו,אופנהיימר,IL,מיני שוקולד צ'יפס 66,גרמים,250.00,100 גרם,false,,14.90,0.0596,true,1,50785
7290000253459,false,נטיפי צ'יפס בטעם קרמל אופנהיימר 250 גרם,אופנהיימר,IL,אופנהיימר,גרמים,250.00,100 גרם,false,,10.90,0.0436,true,1,50786
7290000262413,false,חיתולי האגיס אקסטרה קייר מידה 5 34 יחידות,חוגלה קימברלי,IL,האגיס,יח',34.00,יח',false,,46.90,1.3794,true,1,41914
7290000272696,false,עסיס מיץ לימון טבעי משומר 1 ל' אסם,בית-השיטה עסיס תעשיות מז,IL,עסיס,ליטרים,1.00,ליטר,false,,8.90,8.9000,true,1,33532
7290000272726,false,חומץ רכיבים רכיבים טבעיים 5% עסיס 1 ליטר,בית-השיטה עסיס תעשיות מז,IL,עסיס,ליטרים,1.00,ליטר,false,,5.90,5.9000,true,1,33533
7290000284316,false,קוקה -קולה בקבוק 1.5 ליטר,החברה המרכזית לייצור משקאות,IL,קוקה קולה,ליטרים,1.50,ליטר,false,,8.60,5.7333,true,1,38652
7290000286228,false,ספוגיות לניקוי כללי סנו סושי 6 יחידות,סנו מפעלי ברונו בעמ,IL,סנו סושי,יח',6.00,יח',false,,9.90,1.6500,true,1,39008
7290000286297,false,"אנטי קאלק מסיר אבנית מקומקום סנו 700 מ""ל",סנו מפעלי ברונוס בעמ,IL,אנטי קאלק,מיליליטרים,700.00,"100 מ""ל",false,,9.90,0.0141,true,1,39009
7290000286549,false,מטליות לניקוי כללי סנו סושי 9 יחידות,נועם אורים תעשיות בע,IL,סנו סושי,יח',9.00,יח',false,,9.90,1.1000,true,1,39013
7290000286594,false,אבקה לניקוי במיכל לימון X סנו 600 גרם,סנו מפעלי ברונוס בעמ,IL,סנו,גרמים,600.00,100 גרם,false,,9.90,0.0165,true,1,39015
7290000286631,false,"סנו אבקה לניקוי ומירוק בריח לימון 600 מ""ל",קריות זול,IL,סנו,גרמים,600.00,100 גרם,false,,6.90,0.0115,true,1,39016
7290000286761,false,ניילון נצמד סנו סושי פלסטיק מארז 30X2 מ',מיוצר עי קונדיטוריית,CN,סנו סושי,מטרים,60.00,מטר,false,,9.90,0.1650,true,1,39017
7290000286921,false,"ספריי להסרת כתמים סנו קל 750 מ""ל",סנו מפעלי ברונוס בעמ,IL,סנו,מיליליטרים,750.00,"100 מ""ל",false,,11.90,0.0159,true,1,39021
7290000286945,false,"נוזל+אקדח לניקוי רהיט ""סנו""","סנו מפעלי ברונוס בע""\מ",IL,סנו,מיליליטרים,500.00,"100 מ""ל",false,,25.90,0.0518,true,1,39022
7290000287102,false,"ספריי שמפו לניקוי שטיחים סנו 600 מ""ל",מיוצר עי קונדיטוריית,IL,סנו,מיליליטרים,600.00,"100 מ""ל",false,,19.90,0.0332,true,1,39023
7290000287195,false,"סנו רהיט ספריי עשיר בווקס להברקה 305 מ""ל",מיוצר עי קונדיטוריית,IL,סנו,מיליליטרים,300.00,"100 מ""ל",false,,13.90,0.0463,true,1,39024
7290000287355,false,פוליש נוזל מבריק רצפות סנו 1 ליטר,קריות זול,IL,סנו,ליטרים,1.00,ליטר,false,,27.90,27.9000,true,1,39025
7290000287430,false,סנובון צבעוני לאסלה בריח לימון שלישייה,סנו מפעלי ברונו בעמ,IL,סנובון,יח',3.00,יח',false,,10.90,3.6333,true,1,39027
7290000287485,false,סנובון סבון אסלה בריח לובר סנו 3 יחידות,סנו מפעלי ברונו בעמ,IL,סנובון,גרמים,165.00,100 גרם,false,,10.90,0.0661,true,1,39028
7290000287621,false,"אנטי קאלק נוזל לניקוי אסלות סנו 750 מ""ל",מיוצר עי קונדיטוריית,IL,סנו,מיליליטרים,750.00,"100 מ""ל",false,,9.90,0.0132,true,1,39030
7290000288017,false,אקונומיקה בריח לימון סנו ז'אוול 1 ליטר,"סנו מפעלי ברונוס בע""",IL,סנו ז'אוול,ליטרים,1.00,ליטר,false,,8.90,8.9000,true,1,39033
7290000288024,false,סנו - ז'אוול אקונומיקה בריח לימון 4 ליטר,"סנו מפעלי ברונוס בע""מ",IL,סנו ז'אוול,ליטרים,4.00,ליטר,false,,16.90,4.2250,true,1,39034
7290000288048,false,סנו זאוול מרסס מונבלאן 1 ליטר,"סנו מפעלי ברונוס בע""מ",IL,סנו ז'אוול,ליטרים,1.00,ליטר,false,,16.90,16.9000,true,1,39036
7290000288086,false,אבקת ניקוי עם אקונומיקה בריח לימון סנו ז'אוול 600 ג',מיוצר עי קונדיטוריית,IL,סנו,גרמים,600.00,100 גרם,false,,9.90,0.0165,true,1,39037
7290000288109,false,"אבקת כביסה מקסימה אפקט ג''אוול 1.25 ק""ג סנו",סנו מפעלי ברונוס בעמ,IL,מקסימה,קילוגרמים,1.25,"ק""ג",false,,13.90,11.1200,true,1,39038
7290000288253,false,"קוטל חרקים מעופפים K-400 סנו 630 מ""ל",מיוצר עי קונדיטוריית,IL,סנו,מיליליטרים,630.00,"100 מ""ל",false,,19.90,0.0316,true,1,39039
7290000288352,false,"קוטל חרקים וזוחלים K-300 סנו 630 מ""ל","סנו מפעלי ברונוס בע""מ",IL,סנו,מיליליטרים,630.00,"100 מ""ל",false,,19.90,0.0316,true,1,39042
7290000288727,false,סנו מקסימה אבקת כביסה מאסק מילוי 1.25,קריות זול,IL,מקסימה,קילוגרמים,1.25,"ק""ג",false,,13.90,11.1200,true,1,39050
7290000289069,false,סנו - ז'אוול מרסס קצף ניקוי בתוספת אקונומיקה בריח לימון 1 ליטר,"סנו מפעלי ברונוס בע""מ",IL,סנו ז'אוול,ליטרים,1.00,ליטר,false,,16.90,16.9000,true,1,39054
7290000289472,false,סנו סושי שקיות אשפה - 50 יחידות,מיוצר עי קונדיטוריית,IL,סנו סושי,יח',50.00,יח',false,,17.90,0.3580,true,1,39057
7290000289748,false,"מסיר שומנים לתנורים פורטה פלוס סנו 750 מ""ל","סנו מפעלי ברונוס בע""\מ",IL,סנו,מיליליטרים,750.00,"100 מ""ל",false,,13.90,0.0185,true,1,39061
7290000289915,false,"סנו פרש ענק קוקו וניל צהוב 375 מ""ל",סנו fresh,IL,סנופרש,מיליליטרים,375.00,"100 מ""ל",false,,9.90,0.0264,true,1,39064
7290000291932,false,"סנובון נוזל לניקוי אסלה בניחוח לבנדר סנו 750 מ""ל","סנו מפעלי ברונוס בע""מ",IL,סנובון,מיליליטרים,750.00,"100 מ""ל",false,,8.90,0.0119,true,1,39065
7290000292137,false,"נוזל לניקוי וטיפול מוצרי עור סנו 500 מ""ל",מיוצר עי קונדיטוריית,IL,סנו,מיליליטרים,500.00,"100 מ""ל",false,,29.90,0.0598,true,1,39068
7290000292311,false,פוליויקס נוזל רצפות בניחוח סחלבים סנו 2 ליטר,"סנו מפעלי ברונוס בע""\מ",IL,פוליויקס,ליטרים,2.00,ליטר,false,,20.90,10.4500,true,1,39069
7290000292434,false,"נוזל להברקת רהיטים מילוי סנו 500 מ""ל",סנו,IL,סנו,מיליליטרים,500.00,"100 מ""ל",false,,14.90,0.0298,true,1,39070
7290000292687,false,סנובון מוצק לניקוי אסלה קלאסיק כחול סנו 3 יחידות,מיוצר עי קונדיטוריית,IL,סנובון,יח',3.00,יח',false,,12.90,4.3000,true,1,39073
7290000292694,false,מגן קריסטל לרצפות סנו 2 ליטר,סנו,IL,סנו,ליטרים,2.00,ליטר,false,,39.90,19.9500,true,1,39074
7290000292915,false,"תרסיס לניקוי כללי רסס ונגב סנו 750 מ""ל","סנו מפעלי ברונוס בע""\מ",IL,סנו,מיליליטרים,750.00,"100 מ""ל",false,,10.90,0.0145,true,1,39075
7290000292939,false,אקווה בלו למיכל אסלה100ג,סנו מפעלי ברונוס בעמ,IL,סנו,גרמים,100.00,100 גרם,false,,12.90,0.1290,true,1,39076
7290000293516,false,"מתקן סופג לחות ומונע עובש ""סנופרש""","סנו מפעלי ברונוס בע""\מ",IL,סנו,גרמים,340.00,100 גרם,false,,25.90,0.0762,true,1,39078
7290000293530,false,סנו פרש סופג לחות שקית מילוי 340 גרם,סנו מפעלי ברונו בעמ,IL,סנו,גרמים,340.00,100 גרם,false,,11.90,0.0350,true,1,39079
7290000293837,false,"קרמה מן דאודורנט ג'ל אנטיפרספירנט 70 מ""ל",קוסמופארם בעמ,IL,כיף,יח',1.00,יח',false,,13.90,13.9000,true,1,39082
7290000293943,false,"מרסס לבן מסיר אבנית 1 ליטר אנטי קאלק ""סנו""",מיוצר עי קונדיטוריית,IL,אנטי קאלק,ליטרים,1.00,ליטר,false,,16.90,16.9000,true,1,39083
7290000294391,false,נוזל לניקוי כללי בניחוח סחלבים סנו ג'ט 4 ליטר,סנו מפעלי ברונוס בעמ,IL,סנו ג'ט,ליטרים,4.00,ליטר,false,,17.90,4.4750,true,1,39084
7290000294773,false,אקונומיקה בריח לבנדר סנו ז'אוול 4 ליטר,"סנו מפעלי ברונוס בע""\מ",IL,סנו ז'אוול,יח',1.00,יח',false,,16.90,16.9000,true,1,39087
7290000294780,false,אקונומיקה סמיכה בריח לימון סנו ז'אוול 4 ליטר,"סנו מפעלי ברונוס בע""מ",IL,סנו ז'אוול,ליטרים,4.00,ליטר,false,,16.90,4.2250,true,1,39088
7290000295404,false,שקיות אשפה עם שרוך 54 * 65 סנו סושי 60 יחידות,מיוצר עי קונדיטוריית,IL,סנו סושי,יח',60.00,יח',false,,19.90,0.3317,true,1,39093
7290000295503,false,זוג שקיות מזון טבע 19*25 סנו סושי 150 יחידות,"אשפלסט תעשיות בע""מ",CN,סנו סושי,יח',300.00,יח',false,,13.90,0.0463,true,1,39094
7290000295541,false,רב מגבת ג'מבו סנו סושי 75 יחידות,מיוצר עי קונדיטוריית,IL,סנו סושי,גרמים,390.00,100 גרם,false,,17.90,0.0459,true,1,39095
7290000295558,false,"רדיד אלומיניום רוחב 30 ס""מ סנו סושי 2 יח' 7.5 מטר",מולינו ניקולי s.p.a,TR,סנו סושי,מטרים,15.00,מטר,false,,9.90,0.6600,true,1,39096
7290000295565,false,"רדיד אלומיניום רוחב 45 ס""מ סנו 2 יח' 7.5 מטר",בורסה פאזרי,TR,סנו סושי,מטרים,15.00,מטר,false,,15.90,1.0600,true,1,39097
7290000300900,false,שניצל תירס מרכיבים טבעיים טבעול 750 גרם,עיצובים 2020 (4.8),IL,טבעול,גרמים,750.00,100 גרם,false,,21.80,0.0291,true,1,33540
7290000303581,false,פול מצרי פרי הגליל 560 גרם,"פרי הגליל בע""""מ",IL,פרי הגליל,גרמים,340.00,100 גרם,false,,7.90,0.0232,true,1,47726
7290000303598,false,שעועית לבנה ברוטב עגבניות פרי הגליל 570 גרם,"פרי הגליל בע""""מ",IL,פרי הגליל,גרמים,580.00,100 גרם,false,,7.90,0.0136,true,1,47727
7290000303604,false,חומוס שלם מוכן לאכילה פרי הגליל 550 גרם,השוואת מחירונים,IL,פרי הגליל,גרמים,550.00,100 גרם,false,,7.90,0.0144,true,1,47728
7290000307015,false,אפונת גינה בינונית פרי הגליל 550 גרם,"פרי הגליל בע""""מ",IL,פרי הגליל,גרמים,550.00,100 גרם,false,,7.90,0.0144,true,1,47729
7290000307046,false,אפונת גינה וגזר פרי הגליל 550 גרם,"פרי הגליל בע""""מ",IL,פרי הגליל,גרמים,550.00,100 גרם,false,,7.90,0.0144,true,1,47730
7290000307220,false,גרעיני תירס מתוק בואקום פרי הגליל 285 גרם,"פרי הגליל בע""""מ",IL,פרי הגליל,גרמים,340.00,100 גרם,false,,4.90,0.0144,true,1,47731
7290000307237,false,גרעיני תירס מתוק פרי הגליל 550 גרם,"פרי הגליל בע""""מ",IL,פרי הגליל,גרמים,550.00,100 גרם,false,,7.90,0.0144,true,1,47732
7290000307343,false,שעועית ירוקה חתוכה פרי הגליל 550 גרם,"פרי הגליל בע""""מ",IL,פרי הגליל,גרמים,550.00,100 גרם,false,,6.90,0.0125,true,1,47737
7290000307800,false,פול ירוק פרי הגליל 800 גרם,"פרי הגליל בע""""מ",IL,פרי הגליל,גרמים,800.00,100 גרם,false,,11.90,0.0149,true,1,47738
7290000311128,false,מן עוגיות בטעם חמאה 300 גרם*נ.ל.פ,תות ממתקי איכות,IL,מן,גרמים,300.00,100 גרם,false,,6.50,0.0217,true,1,48111
7290000311135,false,מן עוגיות סטיקס בטעם שוקולד 300 גרם*,"רוקחמן בע""מ",IL,מן,גרמים,300.00,100 גרם,false,,6.50,0.0217,true,1,48112
7290000311203,false,"וופלים בטעם שוקולד ""מן"" 200 גרם",תות ממתקי איכות,IL,מן,גרמים,200.00,100 גרם,false,,4.30,0.0215,true,1,48114
7290000311210,false,"וופלים בטעם לימון ""מן"" 200 גרם","רוקחמן בע""מ",IL,מן,גרמים,200.00,100 גרם,false,,4.30,0.0215,true,1,48115
7290000311227,false,"וופלים במילוי קרם קפה ""מן"" 200 גרם","רוקחמן בע""מ",IL,מן,גרמים,200.00,100 גרם,false,,4.30,0.0215,true,1,48116
7290000311234,false,מן וופלים וניל 200 גרם,"רוקחמן בע""מ",IL,מן,גרמים,200.00,100 גרם,false,,4.30,0.0215,true,1,48117
7290000311272,false,מן-וופלים במילוי חלבה 180 ג,"רוקחמן בע""מ",IL,מן,גרמים,180.00,100 גרם,false,,4.30,0.0239,true,1,48119
7290000311357,false,מן וופלים בטעם אגוזים 10*28 גר-נ.ל.פ,"רוקחמן בע""מ",IL,מן,גרמים,200.00,100 גרם,false,,9.90,0.0495,true,1,48121
7290000311425,false,ופל מצופה עשיריות מן 220 גרם מארז 10 יחידות,תות ממתקי איכות,IL,מן,גרמים,220.00,100 גרם,false,,6.90,0.0314,true,1,48124
7290000311432,false,עוגיות גרנולה קינמון ללא תוספת סוכר 200ג,"רוקחמן בע""מ",IL,מן,גרמים,200.00,100 גרם,false,,8.90,0.0445,true,1,48125
7290000311463,false,מן עוגיות חיטה מלאה חמאה ללא סוכר 200 גרם,"רוקחמן בע""מ",IL,מן,גרמים,200.00,100 גרם,false,,8.90,0.0445,true,1,48126
7290000311470,false,מיני ופלים בטעם שוקולד ללא סוכר מן 200 גרם,"רוקחמן בע""מ",IL,מיני וופלים בטעם שוק,גרמים,200.00,100 גרם,false,,8.90,0.0445,true,1,48127
7290000311487,false,מאגדת ופל מקמח מלא בטעם שוקולד ללא תוספת סוכר,"רוקחמן בע""מ",IL,וופל מקמח מלא בטעם ש,גרמים,140.00,100 גרם,false,,7.90,0.0564,true,1,70487
7290000311500,false,מן וופלים בטעם שוקולד 500 ג-נ.ל.פ,"רוקחמן בע""מ",IL,מן,גרמים,500.00,100 גרם,false,,8.90,0.0178,true,1,48128
7290000311708,false,מן עוגיות מחיטה מלאה 300 גרם*נ.ל.פ,תות ממתקי איכות,IL,מן,גרמים,300.00,100 גרם,false,,6.50,0.0217,true,1,48129
7290000311715,false,מן עוגיות כוכבים בטעם שוקולד 300 גרם*נ.ל.פ,תות ממתקי איכות,IL,מן,גרמים,500.00,100 גרם,false,,6.50,0.0130,true,1,48130
7290000311722,false,מן עוגיות כוכבים וניל 300 גרם,תות ממתקי איכות,IL,מן,גרמים,300.00,100 גרם,false,,6.50,0.0217,true,1,48131
7290000311746,false,עוגיות מן בטעם קרמל 300 גר',"רוקחמן בע""מ",IL,מן,גרמים,300.00,100 גרם,false,,6.50,0.0217,true,1,48132
7290000311753,false,עוגיות חיטה מלאה בטעם חלווה מן 250 גר',"רוקחמן בע""מ",IL,מן,גרמים,250.00,100 גרם,false,,6.50,0.0260,true,1,48133
7290000311791,false,ופלים קקאו בטעם וניל 200 גרם מן,"רוקחמן בע""מ",IL,וופל קקאו בטעם וניל,גרמים,200.00,100 גרם,false,,6.90,0.0345,true,1,70489
7290000311807,false,מן וופל פרימיום קרם אגוזי לוז-חדש,"רוקחמן בע""מ",IL,וופל קרם אגוזים 200,גרמים,200.00,100 גרם,false,,6.90,0.0345,true,1,70490
7290000311845,false,מן עוגיות חיטה מלאה ללא תוספת סוכר 200 ג,"רוקחמן בע""מ",IL,מן,גרמים,200.00,100 גרם,false,,8.90,0.0445,true,1,48134
7290000311869,false,מן-וופלים בטעם שוק ללא תוספת סוכר 180ג,תות ממתקי איכות,IL,מן,גרמים,180.00,100 גרם,false,,7.90,0.0439,true,1,48135
7290000311876,false,מן-וופלים בטעם וניל ללא תוספת סוכר 180ג,"רוקחמן בע""מ",IL,מן,גרמים,180.00,100 גרם,false,,7.90,0.0439,true,1,48136
7290000311883,false,מן עוגיות גרנולה ללא תוספת סוכר 200 גר,תות ממתקי איכות,IL,מן,גרמים,200.00,100 גרם,false,,8.90,0.0445,true,1,48137
7290000313160,false,זהבה ושלושת הדובים עוגיות בטעם שוקולד אסם 350 גרם,"הגביע מוצרי וופלים בע""\מ",IL,אסם,גרמים,250.00,100 גרם,false,,7.90,0.0316,true,1,33544
7290000313184,false,עוגיות חברים גן חיות וניל אסם 250 גר',"הגביע מוצרי וופלים בע""\מ",IL,אסם,גרמים,250.00,100 גרם,false,,7.90,0.0316,true,1,33545
7290000315133,false,קנור ציר בקר משחתי 300ג,יוניליוור ישראל מזון בע\,IL,KNORR,גרמים,300.00,100 גרם,false,,24.90,0.0830,true,1,51362
7290000318103,false,פסטרמה ברביקיו במשקל,מעדני יחיעם,IL,יחיעם,קילוגרמים,1.00,"ק""ג",true,,69.00,69.0000,true,1,32582
7290000318165,false,פסטרמה צלויה על גחלי,מעדני יחיעם,IL,יחיעם,קילוגרמים,1.00,"ק""ג",true,,79.00,79.0000,true,1,32583
7290000318288,false,פסטרמה חזה הודו בדבש,מעדני יחיעם,IL,יחיעם,קילוגרמים,1.00,"ק""ג",true,,79.00,79.0000,true,1,32584
7290000318493,false,נקניק כתף בקר מפולפל,מעדני יחיעם,IL,יחיעם,קילוגרמים,1.00,"ק""ג",true,,99.00,99.0000,true,1,32585
7290000318530,false,רוסטביף צלי בקר במשק,מעדני יחיעם,IL,יחיעם,קילוגרמים,1.00,"ק""ג",true,,134.00,134.0000,true,1,32586
7290000318677,false,נקניק סלמי סרוולט יחיעם 150 גרם,מעדני יחיעם 1993,IL,יחיעם,גרמים,150.00,100 גרם,false,,22.90,0.1527,true,1,32605
7290000318806,false,סלמי סרוולד אמיתי במשקל,מעדני יחיעם,IL,יחיעם,קילוגרמים,1.00,"ק""ג",true,,139.00,139.0000,true,1,32587
7290000318837,false,קורנדביף בקר במשקל,מעדני יחיעם,IL,יחיעם,קילוגרמים,1.00,"ק""ג",true,,99.00,99.0000,true,1,32588
7290000318929,false,סלמי צרפתי מובחר במשקל,מעדני יחיעם,IL,יחיעם,קילוגרמים,1.00,"ק""ג",true,,139.00,139.0000,true,1,32589
7290000318943,false,פסטרמה של פעם מעושן 1.5% יחיעם 200 גרם,תאי פרזידנט פוד פאבל,IL,יחיעם,גרמים,200.00,100 גרם,false,,21.90,0.1095,true,1,32610
7290000319063,false,כתף בקר מפולפל יחיעם 150 גרם,מעדני יחיעם,IL,כתף בקר מפולפל 150 ג,גרמים,150.00,100 גרם,false,,22.90,0.1527,true,1,32611
7290000319131,false,נקניקיות עוף יחיעם 400 גרם,מעדני יחיעם 1993,IL,יחיעם,גרמים,400.00,100 גרם,false,,10.90,0.0273,true,1,32613
7290000319292,false,"נקנקיות וינר פלוס יחיעם 10 /ק""ג",מעדני יחיעם,IL,יחיעם,קילוגרמים,1.00,"ק""ג",false,,19.90,19.9000,true,1,32614
7290000319520,false,נקניק סלמי צרפתי יחיעם 100 גרם,מעדני יחיעם 1993,IL,יחיעם,גרמים,100.00,100 גרם,false,,19.90,0.1990,true,1,32617
7290000319704,false,נקניק כתף בקר מעושן,מעדני יחיעם,IL,יחיעם,קילוגרמים,1.00,"ק""ג",true,,109.00,109.0000,true,1,32592
7290000319728,false,סלמי איטלקי מפולפל ב,מעדני יחיעם,IL,יחיעם,קילוגרמים,1.00,"ק""ג",true,,69.00,69.0000,true,1,32593
7290000319759,false,נקניק סלמי תה מעדניי,מעדני יחיעם,IL,יחיעם,קילוגרמים,1.00,"ק""ג",true,,44.00,44.0000,true,1,32594
7290000321554,false,קופון יוחננוף מולר מ,,,קופון יוחננוף מולר מ,יח',1.00,יח',false,,0.01,0.0100,true,1,72748
7290000339191,false,אבקת הלבנה רן ללא כל,זוהר דליה - 3P Local,IL,BADIN,גרמים,350.00,100 גרם,false,,17.90,0.0511,true,1,51370
7290000341071,false,בדין - מרכך כביסה בייבי לבן 2 ליטר,יוניליור ישראל טיפוח איש,IL,BADIN,ליטרים,2.00,ליטר,false,,15.90,7.9500,true,1,51376
7290000342856,false,מרכך כביסה כחול בדין 4 ליטר,יוניליור ישראל טיפוח איש,IL,BADIN,ליטרים,4.00,ליטר,false,,19.90,4.9750,true,1,51378
7290000345048,false,תה ויסוצקי 74 - 125 גרם,תה ויסוצקי,IL,ויסוצקי,גרמים,125.00,100 גרם,false,,12.90,0.1032,true,1,50789
7290000345116,false,תה ירוק ויסוצקי 125 גרם,תה ויסוצקי,IL,ויסוצקי,גרמים,125.00,100 גרם,false,,12.90,0.1032,true,1,50791
7290000345260,false,תה קלאסיק מעטפות ויסוצקי 25 יחידות,מולינו ניקולי s.p.a,IL,ויסוצקי,גרמים,38.00,100 גרם,false,,6.90,0.1816,true,1,50794
7290000345284,false,תה ויסוצקי קלאסי אריזה ירוקה מרובעת (100 שקיקים),מולינו ניקולי s.p.a,IL,ויסוצקי,גרמים,150.00,100 גרם,false,,16.90,0.1127,true,1,50795
7290000345291,false,תה ארל גריי ויסוצקי 25 יחידות,תה ויסוצקי,IL,ויסוצקי,גרמים,38.00,100 גרם,false,,14.90,0.3921,true,1,50796
7290000345307,false,תה ארל גריי ויסוצקי 50 יחידות,תה ויסוצקי,IL,ויסוצקי,גרמים,75.00,100 גרם,false,,21.90,0.2920,true,1,50797
7290000345536,false,תה נענע ויסוצקי 25 יחידות,מולינו ניקולי s.p.a,IL,ויסוצקי,גרמים,38.00,100 גרם,false,,17.90,0.4711,true,1,50798
7290000346021,false,חליטת קמומיל הגן הקסום ויסוצקי 50 יחידות,בית ויסוצקי,IL,ויסוצקי,גרמים,70.00,100 גרם,false,,31.90,0.4557,true,1,50800
7290000346120,false,חליטת קינמון הגן הקסום ויסוצקי 25 יחידות,תה ויסוצקי,IL,ויסוצקי,גרמים,75.00,100 גרם,false,,16.90,0.2253,true,1,50801
7290000346137,false,חליטת הילולי פירות הגן הקסום ויסוצקי 25 יחידות,תה ויסוצקי,IL,ויסוצקי,גרמים,75.00,100 גרם,false,,16.90,0.2253,true,1,50802
7290000346168,false,חליטת שומר הגן הקסום ויסוצקי 25 יחידות,תה ויסוצקי,IL,ויסוצקי,גרמים,50.00,100 גרם,false,,16.90,0.3380,true,1,50805
7290000346199,false,חליטת פירות יער הגן הקסום ויסוצקי 25 יחידות,תה ויסוצקי,IL,ויסוצקי,גרמים,75.00,100 גרם,false,,16.90,0.2253,true,1,50806
7290000346205,false,חליטת קמומיל הגן הקסום ויסוצקי 25 יחידות,תה ויסוצקי,IL,ויסוצקי,גרמים,38.00,100 גרם,false,,16.90,0.4447,true,1,50807
7290000346212,false,חליטת מנטה הגן הקסום ויסוצקי 25 יחידות,תה ויסוצקי,IL,ויסוצקי,גרמים,50.00,100 גרם,false,,16.90,0.3380,true,1,50808
7290000346236,false,חליטת לואיזה וורבנה הגן הקסום ויסוצקי 25 יחידות,תה ויסוצקי,IL,ויסוצקי,גרמים,50.00,100 גרם,false,,16.90,0.3380,true,1,50810
7290000347738,false,תה ירוק נענע ויסוצקי 25 יחידות,תה ויסוצקי,IL,ויסוצקי,גרמים,937.00,100 גרם,false,,19.90,0.0212,true,1,50812
7290000347752,false,תה ירוק לימונית ולואיזה 25 שקיקים *1.5 ג'' ויסוצקי,תה ויסוצקי,IL,ויסוצקי,גרמים,937.50,100 גרם,false,,19.90,0.0212,true,1,50813
7290000355382,false,עגבניות מרוסקות בזיליקום טל 800 גרם,"מילוז(1989)בע""""מ",IL,טל,גרמים,800.00,100 גרם,false,,6.90,0.0086,true,1,47740
7290000355757,false,עגבניות מרוסקות טל וטרי 800 גרם,"מילוז(1989)בע""""מ",IL,טל,גרמים,800.00,100 גרם,false,,6.90,0.0086,true,1,47748
7290000363462,false,נקניק סלמי מעושן איט,טירת- צבי,IL,טירת- צבי,קילוגרמים,1.00,"ק""ג",true,,79.00,79.0000,true,1,58401
7290000363486,false,נקניק סלמי תה במשקל,טירת- צבי,IL,טירת- צבי,קילוגרמים,1.00,"ק""ג",true,,50.00,50.0000,true,1,58402
7290000363899,false,נקניקיות פיקנטיות טירת צבי 400 גרם,טירת צבי - מדף,IL,טירת- צבי,גרמים,400.00,100 גרם,false,,10.90,0.0273,true,1,58435
7290000364278,false,דקניקים סלסולי סלמי איטלקי משובח טירת צבי 120 גרם,הנסיך- מפעל לייצור ט,IL,טירת- צבי,גרמים,120.00,100 גרם,false,,12.90,0.1075,true,1,58438
7290000364285,false,דקניקים סלסולי פסטרמה הודו טירת צבי 120 גרם,הנסיך- מפעל לייצור ט,IL,טירת- צבי,גרמים,120.00,100 גרם,false,,12.90,0.1075,true,1,58439
7290000364292,false,דקניקים סלסולי פסטרמה הודו על גחלים 1% טירת צבי 120 גרם,הנסיך- מפעל לייצור ט,IL,טירת- צבי,גרמים,120.00,100 גרם,false,,12.90,0.1075,true,1,58440
7290000364803,false,נקניקיות בקר אמריקאיות טירת צבי 500 גרם,הנסיך- מפעל לייצור ט,IL,נקניקיות בקר בסגנון,גרמים,500.00,100 גרם,false,,26.90,0.0538,true,1,58442
7290000364810,false,נקניקיות עגל 500 גרםטירת צבי,הנסיך- מפעל לייצור ט,IL,נקניקיות עגל 500 גרם,גרמים,500.00,100 גרם,false,,26.90,0.0538,true,1,58443
7290000364858,false,"נקניקיות עוף טרי טירת צבי 1 ק""ג",הנסיך- מפעל לייצור ט,IL,טירת- צבי,קילוגרמים,1.00,"ק""ג",false,,22.90,22.9000,true,1,58444
7290000364872,false,נקניקיות עוף טירת צבי 400 גרם,טיב טירת צבי 2000,IL,טירת- צבי,גרמים,400.00,100 גרם,false,,10.90,0.0273,true,1,58445
7290000364957,false,נקניקיות עוף מיני מיני טירת צבי 700 גרם,הנסיך- מפעל לייצור ט,IL,טירת- צבי,גרמים,700.00,100 גרם,false,,24.90,0.0356,true,1,58446
7290000365046,false,פסטרמה כתף בקר מעושן,טירת- צבי,IL,טירת- צבי,קילוגרמים,1.00,"ק""ג",true,,87.00,87.0000,true,1,58407
7290000365107,false,כתף בקר מפולפל במשקל,טירת- צבי,IL,טירת- צבי,קילוגרמים,1.00,"ק""ג",true,,87.00,87.0000,true,1,58409
7290000365398,false,חזה הודו בדבשטירת צבי,טירת- צבי,IL,טירת- צבי,קילוגרמים,1.00,"ק""ג",true,,79.00,79.0000,true,1,58412
7290000365909,false,פסטרמה הודו מעושנתטירת צבי,טירת- צבי,IL,טירת- צבי,קילוגרמים,1.00,"ק""ג",true,,79.00,79.0000,true,1,58416
7290000365954,false,פסטרמה על גחלים משקל,טירת- צבי,IL,טירת- צבי,קילוגרמים,1.00,"ק""ג",true,,79.00,79.0000,true,1,58417
7290000367590,false,פסטרמה כפרית וסלמי פריזר כפרי טירת צבי 2*400 גרם,טיב טירת צבי 2000,IL,טירת- צבי,גרמים,800.00,100 גרם,false,,25.90,0.0324,true,1,58450
7290000369297,false,מעדן עגבניות מיובשות,גבינות אמיר ניצן בעמ,IL,גבינות ניצן,קילוגרמים,1.00,"ק""ג",true,,45.00,45.0000,true,1,35933
7290000369341,false,לבנה אבו גוש ירוק15%משקל,גבינות אמיר ניצן בעמ,IL,גבינות ניצן,קילוגרמים,1.00,"ק""ג",true,,50.00,50.0000,true,1,35934
7290000369365,false,מעדן גבינה בולגרית עם חציל 9% ניצן 200 גרם,גבינות אמיר ניצן בעמ,IL,גבינות ניצן,גרמים,200.00,100 גרם,false,,13.90,0.0695,true,1,35942
7290000369617,false,מעדן כדורי פטה בשמן מתובל ניצן 230 גרם,גבינות אמיר ניצן בעמ,IL,גבינות ניצן,גרמים,150.00,100 גרם,false,,16.90,0.1127,true,1,35943
7290000369709,false,חמאה עירונית בתוספת ריחן ושום טרי גבינות ניצן 100 גרם,גבינות אמיר ניצן בעמ,IL,גבינות ניצן,גרמים,100.00,100 גרם,false,,13.90,0.1390,true,1,35944
7290000377209,false,בוטן מטוגן קליית גת 200 גרם,"ג'י אנד ג'י בע""מ",IL,קליית גת,גרמים,200.00,100 גרם,false,,6.90,0.0345,true,1,44063
7290000379258,false,"חלה מתוקה קונדטוריה ארוזה ""אנג'ל""",מאפיית שלמה א. אנג'\ל בע,IL,אנג'ל,גרמים,500.00,100 גרם,false,,12.90,0.0258,true,1,35403
7290000400013,false,עוף טרי שלם,משתנה,IL,עוף שלם גורמה,קילוגרמים,1.00,"ק""ג",true,,19.90,19.9000,true,1,58046
7290000400020,false,עוף טרי מפורק,משתנה,IL,עוף מפורק גורמה,קילוגרמים,1.00,"ק""ג",true,,21.90,21.9000,true,1,58047
7290000400037,false,כרעיים עוף טרי פרימי,משתנה,IL,כרעיים עוף גורמה,קילוגרמים,1.00,"ק""ג",true,,29.90,29.9000,true,1,58048
7290000400044,false,שוקיים עוף טרי פרימי,משתנה,IL,שוקיים עוף גורמה,קילוגרמים,1.00,"ק""ג",true,,39.90,39.9000,true,1,58049
7290000400051,false,ירכיים עוף טרי פרימי,משתנה,IL,ירכיים עוף גורמה,קילוגרמים,1.00,"ק""ג",true,,29.90,29.9000,true,1,58050
7290000400068,false,כנפיים עוף טרי פרימי,משתנה,IL,כנפיים עוף גורמה,קילוגרמים,1.00,"ק""ג",true,,16.90,16.9000,true,1,58051
7290000400075,false,חזה עוף חצוי טרי נקי,משתנה,IL,חזה עוף שלם גורמה,קילוגרמים,1.00,"ק""ג",true,,42.90,42.9000,true,1,58052
7290000400082,false,פילה עוף טרי פרימיום,משתנה,IL,פילה שניצל גורמה,קילוגרמים,1.00,"ק""ג",true,,49.90,49.9000,true,1,58053
7290000400099,false,שניצל עוף טרי פרימיו,משתנה,IL,שניצל עוף גורמה,קילוגרמים,1.00,"ק""ג",true,,49.90,49.9000,true,1,58054
7290000400112,false,שיפודי פרגיות טרי,משתנה,IL,שיפודי פרגיות גורמה,קילוגרמים,1.00,"ק""ג",true,,69.90,69.9000,true,1,58055
7290000400129,false,סטייק פרגית טרי פרימ,משתנה,IL,סטייק פרגיות גורמה,קילוגרמים,1.00,"ק""ג",true,,69.90,69.9000,true,1,58056
7290000400174,false,קורקבן עוף טרי,משתנה,IL,קורקבן עוף גורמה,קילוגרמים,1.00,"ק""ג",true,,9.90,9.9000,true,1,58058
7290000400228,false,טחון עוף טרי,משתנה,IL,טחון עוף גורמה,קילוגרמים,1.00,"ק""ג",true,,49.90,49.9000,true,1,58059
7290000400341,false,צלעות בקר עם עצם טרי,,,צלעות בקר עם עצם טרי,קילוגרמים,1.00,"ק""ג",true,,64.90,64.9000,true,1,71884
7290000400617,false,חזה כבש טרי,משתנה,IL,חזה טלה גורמה,קילוגרמים,1.00,"ק""ג",true,,69.90,69.9000,true,1,58069
7290000400679,false,לבבות עוף טרי,משתנה,IL,לבבות עוף גורמה,קילוגרמים,1.00,"ק""ג",true,,29.90,29.9000,true,1,58074
7290000400693,false,פרגיות טרי פרימיום,משתנה,IL,פרגיות גורמה,קילוגרמים,1.00,"ק""ג",true,,69.90,69.9000,true,1,58076
7290000400709,false,צוואר כבש טרי,משתנה,IL,צוואר טלה גורמה,קילוגרמים,1.00,"ק""ג",true,,74.90,74.9000,true,1,58077
7290000400716,false,צלעות כבש טרי,משתנה,IL,צלעות טלה גורמה,קילוגרמים,1.00,"ק""ג",true,,189.90,189.9000,true,1,58078
7290000400761,false,כבד עוף טרי,משתנה,IL,כבד עוף טרי גורמה,קילוגרמים,1.00,"ק""ג",true,,24.90,24.9000,true,1,58079
7290000400785,false,גרון עוף טרי,משתנה,IL,גרון עוף גורמה,קילוגרמים,1.00,"ק""ג",true,,12.90,12.9000,true,1,58081
7290000401027,false,חזה הודו טרי,משתנה,IL,חזה הודו נקבה גורמה,קילוגרמים,1.00,"ק""ג",true,,34.90,34.9000,true,1,58085
7290000401034,false,כנפיים הודו טרי,משתנה,IL,כנפיים הודו נקבה גורמה,קילוגרמים,1.00,"ק""ג",true,,15.90,15.9000,true,1,58086
7290000401041,false,גרון הודו טרי פרימיו,משתנה,IL,גרון הודו גורמה,קילוגרמים,1.00,"ק""ג",true,,34.90,34.9000,true,1,58087
7290000401058,false,הודו אדום טרי נקבה,משתנה,IL,הודו אדום נקבה גורמה,קילוגרמים,1.00,"ק""ג",true,,59.90,59.9000,true,1,58088
7290000401089,false,שווארמה הודו טרי,משתנה,IL,שווארמה הודו נקבה גורמה,קילוגרמים,1.00,"ק""ג",true,,69.90,69.9000,true,1,58089
7290000401096,false,רצועות שווארמה טרי,משתנה,IL,רצועות שווארמה גורמה,קילוגרמים,1.00,"ק""ג",true,,74.90,74.9000,true,1,58090
7290000401171,false,טחון הודו אדום טרי,משתנה,IL,טחון הודו אדום גורמה,קילוגרמים,1.00,"ק""ג",true,,59.90,59.9000,true,1,58092
7290000401225,false,שוקיים הודו טרי נקבה,משתנה,IL,שוקיים הודו נקבה גורמה,קילוגרמים,1.00,"ק""ג",true,,29.90,29.9000,true,1,58093
7290000402086,false,שריר עגל מעובד מופשר,משתנה,IL,שריר עגל מיושן מובחר גורמ,קילוגרמים,1.00,"ק""ג",true,,59.90,59.9000,true,1,58098
7290000402130,false,אונטריב מעובד מופשר,משתנה,IL,אונטריב מיושן מובחר גורמה,קילוגרמים,1.00,"ק""ג",true,,69.90,69.9000,true,1,58102
7290000402246,false,אצבעות נגיסי עוף טרי,משתנה,,אצבעות נגיסי עוף טרי,קילוגרמים,1.00,"ק""ג",true,,49.90,49.9000,true,1,72028
7290000403021,false,צלעות בקר טרי,משתנה,IL,צלעות בקר טרי גורמה,קילוגרמים,1.00,"ק""ג",true,,79.90,79.9000,true,1,58108
7290000403045,false,כתף בקר טרי,משתנה,IL,כתף בקר טרי גורמה,קילוגרמים,1.00,"ק""ג",true,,79.90,79.9000,true,1,58109
7290000403052,false,צלי כתף טרי,משתנה,IL,צלי כתף טרי גורמה,קילוגרמים,1.00,"ק""ג",true,,96.90,96.9000,true,1,58110
7290000403069,false,פילה מדומה טרי,משתנה,IL,פילה מדומה טרי גורמה,קילוגרמים,1.00,"ק""ג",true,,79.90,79.9000,true,1,58111
7290000403076,false,שריר הזרוע טרי,משתנה,IL,שריר הזרוע טרי גורמה,קילוגרמים,1.00,"ק""ג",true,,69.90,69.9000,true,1,58112
7290000403106,false,פילה בקר טרי,משתנה,IL,פילה בקר טרי גורמה,קילוגרמים,1.00,"ק""ג",true,,199.90,199.9000,true,1,58115
7290000403175,false,אנטריקוט טרי עם עצם,משתנה,IL,סטייק אנטריקוט עם עצם טרי,קילוגרמים,1.00,"ק""ג",true,,119.90,119.9000,true,1,58116
7290000403199,false,אסאדו טרי עם עצם,משתנה,IL,אסאדו\ שפונדרה טרי גורמה,קילוגרמים,1.00,"ק""ג",true,,64.90,64.9000,true,1,58118
7290000403205,false,צוואר בקר טרי עם עצם,משתנה,IL,צוואר עם עצם טרי גורמה,קילוגרמים,1.00,"ק""ג",true,,59.90,59.9000,true,1,58119
7290000403236,false,עצמות מח,משתנה,IL,עצמות מח גורמה,קילוגרמים,1.00,"ק""ג",true,,34.90,34.9000,true,1,58121
7290000405551,false,מעורב ירושלמי,משתנה,IL,מעורב ירושלמי גורמה,קילוגרמים,1.00,"ק""ג",true,,69.90,69.9000,true,1,58141
7290000405568,false,קוקטייל עוף מקוצב,משתנה,IL,מעורב ירושלמי גורמה,קילוגרמים,1.00,"ק""ג",true,,59.90,59.9000,true,1,58142
7290000405674,false,שייטל טרי,משתנה,IL,שייטל טרי,קילוגרמים,1.00,"ק""ג",true,,99.90,99.9000,true,1,58148
7290000405698,false,שפיץ צאך טרי,משתנה,IL,שייטל טרי,קילוגרמים,1.00,"ק""ג",true,,139.90,139.9000,true,1,58150
7290000405728,false,אונטריב טרי,משתנה,IL,פרגית לתנור גורמה,קילוגרמים,1.00,"ק""ג",true,,79.90,79.9000,true,1,58152
7290000405735,false,אשכי הודו טרי,משתנה,IL,אשכי הודו גורמה,קילוגרמים,1.00,"ק""ג",true,,154.90,154.9000,true,1,58153
7290000405759,false,כבד הודו טרי,משתנה,IL,כבד הודו טרי גורמה,קילוגרמים,1.00,"ק""ג",true,,16.90,16.9000,true,1,58155
7290000405780,false,אסאדו טרי ללא עצם,משתנה,,שפונדרה טרי ללא עצם,קילוגרמים,1.00,"ק""ג",true,,69.90,69.9000,true,1,58158
7290000405865,false,חזה בקר טרי ללא עצם,משתנה,IL,חזה בקר ללא עצם גורמה,קילוגרמים,1.00,"ק""ג",true,,59.90,59.9000,true,1,58162
7290000405896,false,כתף כבש טרי,משתנה,IL,כתף כבש טרי גורמה,קילוגרמים,1.00,"ק""ג",true,,119.90,119.9000,true,1,58164
7290000407227,false,סינטה דק דק טרי,משתנה,,סינטה דק דק טרי,קילוגרמים,1.00,"ק""ג",true,,149.90,149.9000,true,1,58180
7290000407326,false,טחון בקר פרימיום טרי,מעדני גורמה,IL,טחון בקר פרימיום טרי,קילוגרמים,1.00,"ק""ג",true,,59.90,59.9000,true,1,58184
7290000407340,false,שניצל הודו טרי,משתנה,IL,שניצל הודו טרי,קילוגרמים,1.00,"ק""ג",true,,34.90,34.9000,true,1,58185
7290000407470,false,רוסטביף טרי לתנור,משתנה,,רוסטביף טרי לתנור,קילוגרמים,1.00,"ק""ג",true,,84.90,84.9000,true,1,58195
7290000407517,false,כנפית עוף טרי,משתנה,IL,כנפית עוף טרי,קילוגרמים,1.00,"ק""ג",true,,19.90,19.9000,true,1,58197
7290000407524,false,שוקית כנף עוף טרי,משתנה,IL,שוקית כנף עוף טרי,קילוגרמים,1.00,"ק""ג",true,,19.90,19.9000,true,1,58198
7290000407739,false,מעורב ישראלי,,,מעורב ישראלי,קילוגרמים,1.00,"ק""ג",true,,69.90,69.9000,true,1,58208
7290000408156,false,רצועות חזה להקפצה,משתנה,,רצועות חזה להקפצה,קילוגרמים,1.00,"ק""ג",true,,49.90,49.9000,true,1,58212
7290000408262,false,רוסטביף לתנור מעובד,משתנה,,רוסטביף לתנור מעובד,קילוגרמים,1.00,"ק""ג",true,,79.90,79.9000,true,1,58221
7290000408316,false,יוגורט דנונה דל לקטוז 200 גרם,מיוצר עי קונדיטוריית,IL,שטראוס,גרמים,200.00,100 גרם,false,,3.50,0.0175,true,1,48766
7290000408354,false,יוגורט עם אורז מצופה שוקולד קקאו 175 ג' דנונה,"שטראוס בריאות בע""\מ",IL,שטראוס,גרמים,175.00,100 גרם,false,,4.30,0.0246,true,1,48767
7290000409214,false,שווארמה פרגית חתוך ט,,,שווארמה פרגית חתוך ט,קילוגרמים,1.00,"ק""ג",true,,69.90,69.9000,true,1,58230
7290000409252,false,טחון בקר טרי גס פרימ,מעדני גורמה,IL,טחון בקר טרי גס פרימ,קילוגרמים,1.00,"ק""ג",true,,59.90,59.9000,true,1,58231
7290000409344,false,אנטריקוט טרי פרימיום,,,אנטריקוט טרי פרימיום,קילוגרמים,1.00,"ק""ג",true,,179.90,179.9000,true,1,58236
7290000409351,false,אנטריקוט טרי דק פרימ,,,אנטריקוט טרי דק פרימ,קילוגרמים,1.00,"ק""ג",true,,179.90,179.9000,true,1,58237
7290000409900,false,כבד עוף טרי ארוז,משתנה,IL,כבד עוף טרי גורמה,קילוגרמים,1.00,"ק""ג",true,,24.90,24.9000,true,1,58260
7290000409917,false,לבבות עוף טרי ארוז,משתנה,IL,לבבות עוף גורמה,קילוגרמים,1.00,"ק""ג",true,,29.90,29.9000,true,1,58261
7290000411521,false,קופון יוחננוף שלישיי,,,קופון יוחננוף שלישיי,יח',1.00,יח',false,,0.01,0.0100,true,1,72744
7290000412481,false,נוזל לניקוי אסלות 00 סנו 1 ליטר,מיוצר עי קונדיטוריית,IL,OO,ליטרים,1.00,ליטר,false,,7.90,7.9000,true,1,39105
7290000416021,false,ממרח בטעם שוקולד השחר חלבי 500,השחר העולה,IL,ממרח השחר 500 גרם,גרמים,500.00,100 גרם,false,,11.90,0.0238,true,1,38620
7290000416045,false,"קרם מובחר למריחה השחר 1 ק""ג",השחר העולה תעשייות מ,IL,השחר העולה,קילוגרמים,1.00,"ק""ג",false,,23.90,23.9000,true,1,38621
7290000416076,false,"צימקאו לאפייה וציפוי השחר 400 גרם כשל""פ",השחר העולה תעשייות מ,IL,השחר העולה,גרמים,400.00,100 גרם,false,,10.90,0.0273,true,1,38622
7290000416618,false,קרם מובחר בטעם שוקולד פרווה השחר למהדרין,השחר העולה תעשייות מ,IL,השחר העולה,גרמים,400.00,100 גרם,false,,11.50,0.0288,true,1,38625
7290000416632,false,קרם מובחר בטעם שוקולד פרווה השחר למהדרין,השחר העולה תעשית ממת,IL,השחר העולה,קילוגרמים,1.00,"ק""ג",false,,22.90,22.9000,true,1,38626
7290000416809,false,ממרח חלב קרם חצי מובחרלמריחה 350 ג' השחר,השחר העולה תעשייות מ,IL,ממרח חלב חצי חצי 350,גרמים,350.00,100 גרם,false,,10.90,0.0311,true,1,38627
7290000416854,false,אבקת קקאו השחר העולה 150ג',השחר העולה תעשייות מ,IL,השחר העולה,גרמים,150.00,100 גרם,false,,8.90,0.0593,true,1,38628
7290000416878,false,קקאו השחר 500 גרם,השחר העולה תעשייות מ,IL,השחר העולה,גרמים,500.00,100 גרם,false,,20.90,0.0418,true,1,38629
7290000416922,false,השחר ממרח חלב 350 גרם,השחר העולה תעשייות מ,IL,ממרח חלב 350 גרם,גרמים,350.00,100 גרם,false,,10.90,0.0311,true,1,38631
7290000418131,false,תחבושות טופ פד מקופלת 18 יח',מוצרי נייר עמיר,IL,DPL,יח',18.00,יח',false,,5.90,0.3278,true,1,49845
7290000418155,false,תחבושות טופ-פד סופר-פלוס 16 יחידות,מוצרי נייר עמיר,IL,DPL,יח',16.00,יח',false,,5.90,0.3688,true,1,49846
7290000419107,false,לנדוור קפה מקורי לבוקר טחון טורקי 100 גרם,קפה לנדוור בע''מ,IL,לנדוור,גרמים,100.00,100 גרם,false,,7.90,0.0790,true,1,54224
7290000419220,false,מארז קפה לנדוור לבוקר 3 יח 100 גרם,קפה לנדוור,IL,לנדוור,גרמים,300.00,100 גרם,false,,18.90,0.0630,true,1,54226
7290000419374,false,שלישיית קפה טחון טורקי לנדוור 100 גרם,קפה לנדוור,IL,לנדוור,גרמים,300.00,100 גרם,false,,18.90,0.0630,true,1,54227
7290000419909,false,לנדוור קפה שחור לבוקר טחון טורקי 100 גרם,מולינו ניקולי s.p.a,IL,לנדוור,גרמים,100.00,100 גרם,false,,7.90,0.0790,true,1,54228
7290000420325,false,"פופסטאר פופקורן למקירוגל בטעם טבעי 5 שקיות,500 גרם",פרסטון פארמס,US,פופפסטאר,גרמים,500.00,100 גרם,false,,13.90,0.0278,true,1,37872
7290000420332,false,פופסטאר פופקורן למיקרוגל בטעם חמאה 5 יחידות 500 גרם,פרסטון פארמס,US,פופפסטאר,גרמים,500.00,100 גרם,false,,13.90,0.0278,true,1,37873
7290000420417,false,גלילונית שקיות אשפה 52X65 עם שרוך 60 יחידות,"איטיליאן פוד, אס.פי.",IL,גלילונית,יח',60.00,יח',false,,17.90,0.2983,true,1,37874
7290000446127,false,פירכיות אורז ללא מלח בטר אנד דיפרנט 100 גרם,בטר אנד דיפרנט B&D,IL,פריכיות ללא מלח ללא,גרמים,100.00,100 גרם,false,,3.90,0.0390,true,1,32956
7290000446547,false,חמאת בוטנים טבעית בטר אנד דיפרנט 350 גרם,"בטר אנד דיפרנט בע""מ",IL,בטר אנד דיפרנט,גרמים,350.00,100 גרם,false,,13.90,0.0397,true,1,32959
7290000446554,false,"חמאת בוטנים טבעית בטר אנד דיפרנט 1 ק""ג",בטר אנד דיפרנט B&D,IL,חמאת בוטנים טבעית 1,קילוגרמים,1.00,"ק""ג",false,,26.90,26.9000,true,1,32960
7290000446776,false,פיצפוצי אורז מלא ללא סוכר ומלח בשקית 450 גרם,בטר אנד דיפרנט,IL,בטר אנד דיפרנט,גרמים,500.00,100 גרם,false,,18.90,0.0378,true,1,32963
7290000446936,false,ציפוי עדיף מפתיתי קורנפלקס טחון דק בטר אנד דיפרנט 300 גרם,בטר אנד דיפרנט,IL,b&d,גרמים,300.00,100 גרם,false,,9.90,0.0330,true,1,32965
7290000448855,false,קופון יוחננוף פסטה ב,,,קופון יוחננוף פסטה ב,יח',1.00,יח',false,,0.01,0.0100,true,1,72749
7290000449128,false,סיף פנטסטיק לימון ניקוי רב תכליתי 4ל',יוניליוור ישראל טיפוח אי,IL,CIF,ליטרים,4.00,ליטר,false,,22.90,5.7250,true,1,51380
7290000450209,false,פוסידון טונה בהירה בשמן 77 גרם,"מיוצר עי וליגר בעמ,",IL,פוסידון,גרמים,108.00,100 גרם,false,,5.50,0.0509,true,1,45416
7290000453019,false,שמרים טריים לאפייה שקית שמרית 50 ג',"פאקא תעשיות בע""\מ",IL,תוצרת מסחרית,גרמים,50.00,100 גרם,false,,4.20,0.0840,true,1,48769
7290000453125,false,שמרים ומשפר אפיה ביתי שמרית 100ג',"פאקא תעשיות בע""\מ",IL,תוצרת מסחרית,גרמים,100.00,100 גרם,false,,7.40,0.0740,true,1,48770
7290000453408,false,בצק פיצה דק מצונן ומוכן לאפייה שמרית 415 גרם,"פאקא תעשיות בע""מ",FR,שמרית,גרמים,415.00,100 גרם,false,,16.90,0.0407,true,1,48774
7290000453415,false,בצק עלים מצונן ומוכן לאפייה שמרית 300 גרם,"פאקא תעשיות בע""מ",FR,שמרית,גרמים,300.00,100 גרם,false,,14.90,0.0497,true,1,48775
7290000453422,false,בצק פילו מצונן ומוכן לאפייה שמרית 300 גרם,"פאקא תעשיות בע""מ",GR,שמרית,גרמים,300.00,100 גרם,false,,14.90,0.0497,true,1,48776
7290000453446,false,פיצה קראסט בצק שמרים מצונן להכנת פיצה ופוקצ'ה,"פאקא תעשיות בע""מ",IL,בצק פיצה קראסט שמרית,גרמים,500.00,100 גרם,false,,19.90,0.0398,true,1,48778
7290000453798,false,שמרית שמרים יבשים אקטיביים 500 גר',"גי' בי' רכיבים בע""מ",IL,פאקא,גרמים,500.00,100 גרם,false,,12.90,0.0258,true,1,46368
7290000453866,false,נטורינה תחליף מרגרינה לבישול ואפיה קוקוס שמרית 200 גרם,גרונבאנג- גרונדנסק א,DK,שמרית,גרמים,200.00,100 גרם,false,,7.50,0.0375,true,1,48780
7290000453880,false,מרגרינה ללא מלח לאפיה ובישול שמרית 200גר,"פאקא תעשיות בע""מ",IL,שמרית,גרמים,200.00,100 גרם,false,,4.90,0.0245,true,1,48782
7290000453897,false,מרגרינה בטעם חמאה שמרית 200 גרם,גרונבאנג- גרונדנסק א,IL,שמרית,גרמים,200.00,100 גרם,false,,4.90,0.0245,true,1,48783
7290000461625,false,בייגלה שמיניות מלח בייגל בייגל 400 ג',בייגל את בייגל מזון 198),IL,B&B,גרמים,400.00,100 גרם,false,,9.90,0.0248,true,1,51383
7290000461656,false,בייגלה מקלות מלוחים בייגל בייגל 400 גרם,בייגל את בייגל מזון 198),IL,B&B,גרמים,400.00,100 גרם,false,,9.90,0.0248,true,1,51384
7290000461700,false,בייגלה גדול גדול בייגל בייגל 400 גרם,בייגל את בייגל מזון 198),IL,B&B,גרמים,400.00,100 גרם,false,,13.90,0.0348,true,1,51385
7290000461793,false,בייגלה ארוך ארוך סידרה ירוקה 150 ג',בייגל את בייגל מזון 198),IL,B&B,גרמים,150.00,100 גרם,false,,5.90,0.0393,true,1,51388
7290000462141,false,סחוג אדום תימני מקורי חריף מאוד זהבי 150 גרם,קריניסה ויטמין אס אי,IL,תוצרת מסחרית,גרמים,150.00,100 גרם,false,,7.90,0.0527,true,1,48787
7290000462172,false,סחוג תימני ירוק חריף זהבי הכרם 150 גרם,קריניסה ויטמין אס אי,IL,תוצרת מסחרית,גרמים,150.00,100 גרם,false,,7.90,0.0527,true,1,48790
7290000462981,false,סחוג חריף אש זהבי 150 גרם,"זהבי הכרם בועז בע""מ-",IL,שטראוס,גרמים,150.00,100 גרם,false,,8.90,0.0593,true,1,48794
7290000467153,false,מלך החומוס סמיר הגדול 400 גרם צבר,סלטי צבר,IL,סלטי צבר,גרמים,400.00,100 גרם,false,,13.90,0.0348,true,1,33575
7290000474502,false,גבינה לבנה טרה 5% מרכיבים טבעיים,הפריט בפיקוח,IL,טרה,גרמים,250.00,100 גרם,false,,4.95,0.0198,true,1,48208
7290000474540,false,טוב טעם גבינה לבנה 3% טרה 250 גרם,קריות זול,IL,גבינות טרה,גרמים,250.00,100 גרם,false,,10.20,0.0408,true,1,48209
7290000474830,false,נעם גבינה צהובה מגורדת 28% טרה 500 גרם,מילקו תעשיות בעמ,IL,גבינות קשות,גרמים,500.00,100 גרם,false,,27.90,0.0558,true,1,48210
7290000474908,false,ג.נעם 28% מהדרין,טרה,IL,טרה,קילוגרמים,1.00,"ק""ג",true,,44.70,44.7000,true,1,48173
7290000474960,false,ג.נעם 9% מהדרין,,,ג.נעם 9% מהדרין,קילוגרמים,1.00,"ק""ג",true,,70.00,70.0000,true,1,48175
7290000474977,false,ג.נעם 22% מהדרין,,,ג.נעם 22% מהדרין,קילוגרמים,1.00,"ק""ג",true,,42.50,42.5000,true,1,48176
7290000480107,false,קוואקר שיבולת שועל פחית 500 גרם,וולקרס סנקס לימיטד,GB,קוואקר,גרמים,500.00,100 גרם,false,,9.90,0.0198,true,1,47420
7290000480442,false,קוואקר שיבולת שועל בשקית 500 גרם,פריטו ליי FRITO-LAY,IL,קוואקר,גרמים,500.00,100 גרם,false,,9.80,0.0196,true,1,47421
7290000481029,false,פיתות בטעם ביתי 10 יחידו,דגנית עין בר תעשיות מזון,IL,פיתות מארז 10 יח,יח,10.00,יח,false,,9.90,0.9900,true,1,60542
7290000481043,false,10 פיתות מקמח כוסמין מלא דגנית,דגנית עין בר תעשיות מזון,IL,דגנית,גרמים,700.00,100 גרם,false,,13.90,0.0199,true,1,60543
7290000484747,false,"ארק איילות 40% 700 מ""ל",יקב הגליל יוסף גולד ובניו,IL,עראק עלית,מיליליטרים,700.00,"100 מ""ל",false,,54.90,0.0784,true,1,43683
7290000493176,false,אסם אבקת רוטב צלי לבשר 22 ג',"אסם השקעות בע""\מ",IL,אסם,גרמים,22.00,100 גרם,false,,3.90,0.1773,true,1,33583
7290000493183,false,אבקת רוטב פטריות לבשר-30 גרם,"אסם השקעות בע""\מ",IL,אסם,גרמים,30.00,100 גרם,false,,3.90,0.1300,true,1,33584
7290000501253,false,בס טרי,משתנה,IL,בס טרי גורמה,קילוגרמים,1.00,"ק""ג",true,,49.90,49.9000,true,1,71054
7290000501277,false,אדמונית טרי,משתנה,IL,אדמונית טרי גורמה,קילוגרמים,1.00,"ק""ג",true,,34.90,34.9000,true,1,71056
7290000501291,false,קרפיון טרי,משתנה,IL,קרפיון טרי מנוקה,קילוגרמים,1.00,"ק""ג",true,,29.90,29.9000,true,1,71058
7290000501314,false,בורי טרי,משתנה,IL,בורי טרי גורמה,קילוגרמים,1.00,"ק""ג",true,,49.90,49.9000,true,1,71060
7290000501420,false,פורל טרי,משתנה,IL,פורל טרי גורמה,קילוגרמים,1.00,"ק""ג",true,,69.90,69.9000,true,1,71066
7290000501499,false,מוסר ים טרי,משתנה,IL,מוסר ים טרי גורמה,קילוגרמים,1.00,"ק""ג",true,,69.90,69.9000,true,1,71069
7290000501581,false,אמנון טרי במשקל,משתנה,IL,אמנון טרי גורמה,קילוגרמים,1.00,"ק""ג",true,,38.90,38.9000,true,1,71073
7290000501697,false,דג ברמונדי טרי,משתנה,,דג ברמונדי טרי,קילוגרמים,1.00,"ק""ג",true,,54.90,54.9000,true,1,71076
7290000501826,false,פילה נסיכת הנילוס טר,משתנה,IL,פילה נסיכת הנילוס טר,קילוגרמים,1.00,"ק""ג",true,,84.90,84.9000,true,1,71078
7290000501901,false,פילה דניס טרי יחידה,,,פילה דניס טרי יחידה,יח',1.00,יח',false,,17.90,17.9000,true,1,71083
7290000501925,false,פילה אמנון טרי יחידה,,IL,פילה אמנון טרי יחידה,יח',1.00,יח',false,,14.90,14.9000,true,1,71084
7290000501963,false,פילה לברק טרי יחידה,,,פילה לברק טרי יחידה,יח',1.00,יח',false,,17.90,17.9000,true,1,71086
7290000501987,false,דניס טרי יחידה,,,דניס טרי יחידה,גרמים,400.00,100 גרם,false,,29.90,0.0747,true,1,71087
7290000501994,false,לברק טרי יחידה כ-400,,,לברק טרי יחידה כ-400,גרמים,400.00,100 גרם,false,,34.90,0.0872,true,1,71088
7290000502175,false,נסיכת הנילוס טרי פרו,,,נסיכת הנילוס טרי פרו,קילוגרמים,1.00,"ק""ג",true,,84.90,84.9000,true,1,71099
7290000502311,false,פילה סלמון טרי,,,פילה סלמון טרי,קילוגרמים,1.00,"ק""ג",true,,119.90,119.9000,true,1,71107
7290000502410,false,אדמונית טרי מבצע,,,אדמונית טרי מבצע,קילוגרמים,1.00,"ק""ג",true,,24.90,24.9000,true,1,71116
7290000502533,false,פורל טרי מבצע,,,פורל טרי מבצע,קילוגרמים,1.00,"ק""ג",true,,49.90,49.9000,true,1,71127
7290000504049,false,סוכרזית קלאסי קנקן 1200 טבליות,אף.סי תבליני בגליל ב,IL,סוכרזית,גרמים,98.00,100 גרם,false,,17.90,0.1827,true,1,46378
7290000504278,false,ממתיק סוכרזית אריזת פטנט 700 טבליות,אף.סי תבליני בגליל ב,IL,סוכרזית,גרמים,57.00,100 גרם,false,,13.90,0.2439,true,1,46381
7290000515373,false,לחם שום,,,לחם שום,יח',1.00,יח',false,,3.90,3.9000,true,1,71324
7290000518169,false,ממתיק מתוק וקל 1000 טבליות,קריות זול,IL,מתוק וקל,גרמים,80.00,100 גרם,false,,6.90,0.0863,true,1,31868
7290000518176,false,ממתיק מתוק וקל 250 שקיות,מתוק וקל בעמ,IL,מתוק וקל,גרמים,250.00,100 גרם,false,,16.90,0.0676,true,1,31869
7290000518190,false,מתוק וקל סטיביה 100 יחידות,מתוק וקל,IL,מתוק וקל,גרמים,200.00,100 גרם,false,,24.90,0.1245,true,1,31870
7290000518220,false,ממתיק סוכרה דיאט 100 יחידות,פתח תקווה,IL,סוכרה דיאט,גרמים,80.00,100 גרם,false,,23.90,0.2987,true,1,31871
7290000518251,false,ממתיק זהב מתוק וקל 100 יחידות,קריות זול,IL,מתוק וקל,גרמים,100.00,100 גרם,false,,10.90,0.1090,true,1,31872
7290000518336,false,ממתק צמר גפן מתוק מסיבים תזונתיים,מתוק וקל בעמ,IL,MOOSH צמר גפן מתוק,גרמים,10.00,100 גרם,false,,4.90,0.4900,true,1,31873
7290000521008,false,יין אדום יבש של סגל750מל,"כרמי צבי - אחים סגל בע""\",IL,סגל רגיל,מיליליטרים,750.00,"100 מ""ל",false,,21.90,0.0292,true,1,42560
7290000521404,false,"יין מרום גליל קברנה סוביניון סינגל 750 מ""ל",כרמי צבי אחים סגל בע,IL,מרום גליל,מיליליטרים,750.00,"100 מ""ל",false,,27.90,0.0372,true,1,42567
7290000521411,false,יין מרום גליל סינגל מרלו 750 מל,כרמי צבי אחים סגל בע,IL,מרום גליל,מיליליטרים,750.00,"100 מ""ל",false,,27.90,0.0372,true,1,42568
7290000523125,false,מלח הארץ הים האדום 250 ג' עדין,"חברת מלח הארץ אילת בע""\מ",IL,מלח הארץ,גרמים,250.00,100 גרם,false,,5.40,0.0216,true,1,30496
7290000523224,false,מלח הארץ הים האדום 500 ג' עדין,"חברת מלח הארץ אילת בע""\מ",IL,מלח הארץ,גרמים,500.00,100 גרם,false,,7.90,0.0158,true,1,30497
7290000523521,false,מלח ים מלח הארץ 250 גרם מועשר ביוד,חברת מלח הארץ אילת ב,IL,מלח הארץ,גרמים,250.00,100 גרם,false,,5.90,0.0236,true,1,30499
7290000523804,false,"מלח עדין צנצנת 1 ק""ג מלח הארץ","חברת מלח הארץ אילת בע""\מ",IL,מלח הארץ,קילוגרמים,1.00,"ק""ג",false,,6.90,6.9000,true,1,30500
7290000523811,false,"צנצנת מלח גס 1 ק""ג מלח הארץ","חברת מלח הארץ אילת בע""\מ",IL,מלח הארץ,קילוגרמים,1.00,"ק""ג",false,,6.90,6.9000,true,1,30501
7290000525662,false,לחמניות קשר 5 יח,,,לחמניות קשר 5 יח,יח',5.00,יח',false,,11.90,2.3800,true,1,71325
7290000525969,false,מיץ תפוזים סחוט רכיבים טבעיים פרימור 1 ליטר,"גניר (1992) בע""מ",IL,תוצרת מסחרית,ליטרים,1.00,ליטר,false,,15.90,15.9000,true,1,48796
7290000530024,false,נקניק תה מעושן רחב במשקל,זוגלובק,IL,זוגלובק,קילוגרמים,1.00,"ק""ג",true,,46.00,46.0000,true,1,59277
7290000530048,false,נקניק סלמי פפרוני במ,זוגלובק,IL,זוגלובק,קילוגרמים,1.00,"ק""ג",true,,56.00,56.0000,true,1,59278
7290000530062,false,נקניק מעושן איטלקי במשקל,זוגלובק,IL,זוגלובק,קילוגרמים,1.00,"ק""ג",true,,80.00,80.0000,true,1,59279
7290000530086,false,נקניק סלמי מעושן זוגלובק 600 גרם,נקניק נהריה כשר זוגל,IL,זוגלובק,גרמים,600.00,100 גרם,false,,27.90,0.0465,true,1,59308
7290000530116,false,נקניק סלמי מעושן בשן 470 ג' זוגלובק,נקניק נהריה כשר זוגל,IL,זוגלובק,גרמים,470.00,100 גרם,false,,24.90,0.0530,true,1,59310
7290000530178,false,נקניק קוניאק זוגלובק,זוגלובק,IL,זוגלובק,קילוגרמים,1.00,"ק""ג",true,,83.00,83.0000,true,1,59280
7290000530260,false,נקניק מרטדלה רחב במשקל,זוגלובק,IL,זוגלובק,קילוגרמים,1.00,"ק""ג",true,,35.00,35.0000,true,1,59282
7290000530291,false,נקניק מבשר הודו קטן זוגלובק 750 גרם,נקניק נהריה כשר זוגל,IL,זוגלובק,גרמים,750.00,100 גרם,false,,18.90,0.0252,true,1,59311
7290000530369,false,גולן ח.הודו מעוש.שלם משק,זוגלובק,IL,זוגלובק,קילוגרמים,1.00,"ק""ג",true,,79.00,79.0000,true,1,59283
7290000530413,false,המבורגר זהב זוגלובק 400 גרם,נקניק נהריה כשר זוגל,IL,זוגלובק,גרמים,400.00,100 גרם,false,,19.90,0.0497,true,1,59312
7290000530444,false,כתף בקר מעושן אורלנדו מש,זוגלובק,IL,זוגלובק,קילוגרמים,1.00,"ק""ג",true,,109.00,109.0000,true,1,59284
7290000530468,false,"נקניקיות וינר זוגלובק 1 ק""ג",זוגלובק,IL,זוגלובק,קילוגרמים,1.00,"ק""ג",false,,23.90,23.9000,true,1,59313
7290000530703,false,פסטרמה חרמון כפרית ונקניק תה מעושן זוגלובק 2*400 גרם,נקניק נהריה כשר זוגל,IL,זוגלובק,גרמים,800.00,100 גרם,false,,25.90,0.0324,true,1,59316
7290000531410,false,פסטרממיה בדבש טהור במשקל,זוגלובק,IL,זוגלובק,קילוגרמים,1.00,"ק""ג",true,,79.00,79.0000,true,1,59286
7290000531601,false,סטייקבורגר זהב זוגלובק 400 גרם,נקניק נהריה כשר זוגל,IL,זוגלובק,גרמים,400.00,100 גרם,false,,19.90,0.0497,true,1,59317
7290000532400,false,חזה הודו ברביקיו במשקל,זוגלובק,IL,זוגלובק,קילוגרמים,1.00,"ק""ג",true,,79.00,79.0000,true,1,59288
7290000532721,false,כתף בקר בפלפל טורו במשקל,זוגלובק,IL,זוגלובק,קילוגרמים,1.00,"ק""ג",true,,99.00,99.0000,true,1,59289
7290000533681,false,פסטרמה הודו מעושנת הבית,זוגלובק,IL,זוגלובק,קילוגרמים,1.00,"ק""ג",true,,79.00,79.0000,true,1,59290
7290000534718,false,חזה הודו תבור דל שומן מש,זוגלובק,IL,זוגלובק,קילוגרמים,1.00,"ק""ג",true,,79.00,79.0000,true,1,59291
7290000536743,false,שניצלונים קריספי ט. תירס 500 גר' זוגלובק,נקניק נהריה כשר זוגל,IL,זוגלובק,גרמים,500.00,100 גרם,false,,11.90,0.0238,true,1,59325
7290000537566,false,נקניקיות עוף טרי 400 ג' זוגלובק,נקניק נהריה כשר זוגל,IL,זוגלובק,גרמים,400.00,100 גרם,false,,9.90,0.0248,true,1,59329
7290000537603,false,"נקניקיות עוף זוגלובק 1 ק""ג",זוגלובק,IL,זוגלובק,קילוגרמים,1.00,"ק""ג",false,,23.90,23.9000,true,1,59330
7290000551234,false,שאריות נקניק,,,שאריות נקניק,קילוגרמים,1.00,"ק""ג",true,,25.00,25.0000,true,1,57109
7290000552569,false,סטייקבורגר בקר טיבון ויל 400 גרם,"טיבון ויל אחזקות בע""\מ",IL,טיבון ויל,גרמים,400.00,100 גרם,false,,17.90,0.0447,true,1,45424
7290000554006,false,גבינה קשקבלו משולשים,מחלבות גד,IL,מחלבות גד,קילוגרמים,1.00,"ק""ג",true,,119.00,119.0000,true,1,45154
7290000554402,false,מעדן חלב מלבי 5% גד 170 גרם,"מיוצר ע""\י קוד יצרן EDNK",IL,מחלבות גד,גרמים,160.00,100 גרם,false,,6.00,0.0375,true,1,45155
7290000554457,false,גבינה צפתית במליחות עדינה 5% גד 350 גרם,"מחלבות גד בע""\מ",IL,מחלבות גד,גרמים,350.00,100 גרם,false,,21.50,0.0614,true,1,45156
7290000554471,false,נקניק מוצרלה 22 אחוז 180גרם גד מהדרין,"מחלבות גד בע""\מ",IL,מחלבות גד,גרמים,180.00,100 גרם,false,,17.00,0.0944,true,1,45157
7290000554532,false,גבינה צפתית מעודנת מלח ים 5% גד 200ג',הנסיך- מפעל לייצור ט,IL,מחלבות גד,גרמים,200.00,100 גרם,false,,11.80,0.0590,true,1,45158
7290000554600,false,מוצרלה מגורדת 22 אחוז 300גרם גד מהדרין,מחלבות גד בעמ,IL,מחלבות גד,גרמים,300.00,100 גרם,false,,26.00,0.0867,true,1,45159
7290000554624,false,מעדן חלב ירח מתוק עם אורז 3% גד 150 גרם,"מיוצר ע""\י קוד יצרן EDNK",IL,מחלבות גד,גרמים,150.00,100 גרם,false,,6.00,0.0400,true,1,45160
7290000554655,false,גד מוצרלה נקניק מעושן 22% במשקל,מחלבות גד,IL,מחלבות גד,קילוגרמים,1.00,"ק""ג",true,,84.00,84.0000,true,1,45161
7290000554686,false,גבינת לאבנה בתוספת שמן זית וזעתר 5% גד 250 גרם,מחלבות גד בעמ,IL,מחלבות גד,גרמים,250.00,100 גרם,false,,12.90,0.0516,true,1,45162
7290000554754,false,גבינה מוצרלה כדורקטן,מחלבות גד,IL,מחלבות גד,קילוגרמים,1.00,"ק""ג",true,,98.00,98.0000,true,1,45163
7290000554792,false,גבינה בולגרית 5%במשקל,מחלבות גד,IL,מחלבות גד,קילוגרמים,1.00,"ק""ג",true,,59.00,59.0000,true,1,45082
7290000554815,false,מוצרלה נקניק 22% במשקל,מחלבות גד,IL,מחלבות גד,קילוגרמים,1.00,"ק""ג",true,,82.00,82.0000,true,1,45164
7290000554822,false,ריקוטה גבינה לבנה בסגנון איטלקי 5% גד 250 גרם,מחלבות גד בעמ,IL,מחלבות גד,גרמים,250.00,100 גרם,false,,14.30,0.0572,true,1,45165
7290000554839,false,מסקרפונה שמנת מתוקה קשה בסגנון איטלקי 40% גד 250 גרם,מחלבות גד בעמ,IL,מחלבות גד,גרמים,250.00,100 גרם,false,,21.90,0.0876,true,1,45166
7290000554891,false,גב.בולגרית %16 במשקל,מחלבות גד,IL,מחלבות גד,קילוגרמים,1.00,"ק""ג",true,,59.00,59.0000,true,1,45083
7290000554921,false,גבינת ריקוטה איטלקית,מחלבות גד,IL,מחלבות גד,קילוגרמים,1.00,"ק""ג",true,,60.00,60.0000,true,1,45084
7290000554969,false,גב.שמנת 30%שומן1קג משקל,מחלבות גד,IL,מחלבות גד,קילוגרמים,1.00,"ק""ג",true,,43.00,43.0000,true,1,45086
7290000554976,false,גבינת שמנת זיתים גד,מחלבות גד,IL,מחלבות גד,קילוגרמים,1.00,"ק""ג",true,,43.00,43.0000,true,1,45087
7290000554983,false,גבינה לאבנה גד במשקל,מחלבות גד,IL,מחלבות גד,קילוגרמים,1.00,"ק""ג",true,,39.00,39.0000,true,1,45088
7290000554990,false,מוצרלה כדורים גדולים,מחלבות גד,IL,מחלבות גד,קילוגרמים,1.00,"ק""ג",true,,85.00,85.0000,true,1,45089
7290000560021,false,אדג' ג'ל ורוד נגד חתכים 198ג',המאפיה של הרמן,US,אדג',מיליליטרים,200.00,"100 מ""ל",false,,15.90,0.0795,true,1,37877
7290000560533,false,אדג' ג'ל גילוח ירוק לעור רגיל 198גרם,אס.סי ג'ונסון ובניו,US,אדג',מיליליטרים,200.00,"100 מ""ל",false,,15.90,0.0795,true,1,37878
7290000560540,false,אדג' ג'ל גילוח כתום לעור רגיש 198גרם,המאפיה של הרמן,US,אדג',מיליליטרים,200.00,"100 מ""ל",false,,15.90,0.0795,true,1,37879
7290000571119,false,גאודה טבעי בית יצחק,תנובה מרכז שיתופי לש,IL,בית יצחק,קילוגרמים,1.00,"ק""ג",true,,99.00,99.0000,true,1,45090
7290000571188,false,גבינת גאודה תום עיזים במשקל,תנובה מרכז שיתופי לש,IL,בית יצחק,קילוגרמים,1.00,"ק""ג",true,,139.00,139.0000,true,1,45092
7290000571294,false,גבינת גאודה מעושנת ב,מחלבה בית יצחק,IL,בית יצחק,קילוגרמים,1.00,"ק""ג",true,,99.00,99.0000,true,1,45093
7290000571386,false,המחלבה יוגורמה יוגורט מחלב כבשים 5% 850 גרם,גבינות משק אחים מאיר בית,IL,בית יצחק,גרמים,850.00,100 גרם,false,,23.90,0.0281,true,1,45170
7290000571478,false,גבינת תום עיזים פרוס המחלבה 200 גרם,גבינות משק אחים מאיר בית,IL,בית יצחק,גרמים,200.00,100 גרם,false,,35.20,0.1760,true,1,45172
7290000571812,false,גבינת פרמז'ן מגורד 200 גרם,גבינות משק אחים מאיר,IL,בית יצחק,גרמים,200.00,100 גרם,false,,21.90,0.1095,true,1,45174
7290000571881,false,"משקה יוגורט מחלב עיזים 3.6% 500 מ""ל",גבינות משק אחים מאיר,IL,תנובה,מיליליטרים,500.00,"100 מ""ל",false,,12.90,0.0258,true,1,45176
7290000572208,false,חלוה בטעם וניל אחווה 100 גרם,שוורצקוף& הנקל דיסלד,IL,אחוה,גרמים,100.00,100 גרם,false,,2.90,0.0290,true,1,33147
7290000572222,false,חלווה בלוק וניל אחוה 500 גרם,שוורצקוף& הנקל דיסלד,IL,אחוה,גרמים,500.00,100 גרם,false,,10.90,0.0218,true,1,33149
7290000572628,false,חטיפי חלווה ללא סוכר בקופסא 250 גרם,שוורצקוף& הנקל דיסלד,IL,אחוה,גרמים,275.00,100 גרם,false,,12.90,0.0469,true,1,33153
7290000572673,false,מארז חלווה אחוה 12 יחידות 300 גרם,שוורצקוף& הנקל דיסלד,IL,אחוה,גרמים,300.00,100 גרם,false,,12.90,0.0430,true,1,33154
7290000574028,false,לחם שחור מועשר בחומצה פולית וויטמינים דגנים 750 גרם,יוניליוור גרמניה Gm,IL,דגנית עין בר,גרמים,750.00,100 גרם,false,,6.90,0.0092,true,1,60548
7290000574035,false,לחם אחיד פרוס 750גרם דגנית עין בר,יוניליוור גרמניה Gm,IL,לחם אחיד פרוס 750 גר,גרמים,750.00,100 גרם,false,,6.50,0.0087,true,1,60549
7290000574141,false,לחם חיטה מלא 750ג' דגנית עין בר,דגנית עין בר תעשיות מזון,IL,לחם חיטה מלא,גרמים,750.00,100 גרם,false,,11.90,0.0159,true,1,60553
7290000574172,false,לחם קל מחיטה מלאה 750 ג' דגנית עין בר,דגנית עין בר תעשיות מזון,IL,לחם קל מחיטה מלאה,גרמים,750.00,100 גרם,false,,11.90,0.0159,true,1,60555
7290000585659,false,עוגת קראנץ מאפית,,,עוגת קראנץ מאפית,יח',1.00,יח',false,,24.90,24.9000,true,1,65502
7290000599434,false,סחבות לרצפה גרניט 3י,נועם אורים תעשיות בע,IL,Shiny,יח',3.00,יח',false,,7.90,2.6333,true,1,35230
7290000599564,false,צמר פלדה קלאסיק יחידה,מ.א,IL,צמר פלדה Classic,1,70.00,1,false,,2.90,0.0414,true,1,35232
7290000599946,false,ספוג הפלא שייני 6 יחידות,מ.א ייצור ושיווק מטל,IL,Shiny,יח',6.00,יח',false,,4.90,0.8167,true,1,35233
7290000622545,false,קופון יוחננוף קפסולו,,,קופון יוחננוף קפסולו,יח',1.00,יח',false,,0.01,0.0100,true,1,72740
7290000623559,false,צדר אנגלי כתום,שבינגטון,GB,שבינגטון,קילוגרמים,1.00,"ק""ג",true,,129.00,129.0000,true,1,65951
7290000644783,false,נתחי פילה סלמון קפוא קג,דגי תנובה,DK,דגי תנובה,קילוגרמים,1.00,"ק""ג",true,,79.90,79.9000,true,1,58369
7290000646299,false,פילה נסיכת הנילוס 100% דג קפוא תנובה,דגי תנובה,IL,פילה נסיכת הנילוס תנ,קילוגרמים,1.00,"ק""ג",true,,39.90,39.9000,true,1,58371
7290000652177,false,נתחי פילה נסיכה 100% דג קפוא תנובה,דגי תנובה,IL,נתחי פילה נסיכה 100%,קילוגרמים,1.00,"ק""ג",true,,54.90,54.9000,true,1,58372
7290000659312,false,פילה סלמון פרימיום דגי תנובה,דגי תנובה,IL,תנובה,קילוגרמים,1.00,"ק""ג",true,,69.90,69.9000,true,1,58384
7290000662213,false,נתח פילה סלמון קפוא תנובה,תנובה,IL,תנובה,קילוגרמים,1.00,"ק""ג",true,,79.90,79.9000,true,1,58385
7290000688374,false,"מים מינרליים מי עדן בייבי 6*330 מ""ל","מופק ממקור בזלתי עדן ,1",IL,מי עדן,ליטרים,1.98,ליטר,false,,14.90,7.5253,true,1,43132
7290000688381,false,שישיית מי עדן פקק ספורט 0.5 ליטר,"מופק ממקור בזלתי עדן ,1",IL,מי עדן,ליטרים,3.00,ליטר,false,,12.90,4.3000,true,1,43133
7290000692203,false,נוזל לניקוי כללי ורצפות בניחוח לימון אג'קס 2 ליטר,הנסיך- מפעל לייצור ט,GR,אג'קס,ליטרים,2.00,ליטר,false,,19.90,9.9500,true,1,54254
7290000692210,false,נוזל לניקוי כללי ורצפות בניחוח לבנדר אג'קס 2 ליטר,הנסיך- מפעל לייצור ט,GR,אג'קס,ליטרים,2.00,ליטר,false,,19.90,9.9500,true,1,54255
7290000692227,false,נוזל כלים פלמוליב צילינדר קלאסי 1 ליטר,יבואן ומשווק: ש. שסט,GR,פלמוליב כלים,ליטרים,1.00,ליטר,false,,13.90,13.9000,true,1,54256
7290000749853,false,מארז פחיות קוקה קולה,,,מארז פחיות קוקה קולה,ליטרים,4.95,ליטר,false,,34.90,7.0505,true,1,62652
7290000846132,false,קופון יוחננוף סוכר ד,,,קופון יוחננוף סוכר ד,יח',1.00,יח',false,,0.01,0.0100,true,1,72747
7290000912349,false,כדורי מוצרלה 22%,מחלבת פרי זה לי,IL,מחלבת פרי זה לי,קילוגרמים,1.00,"ק""ג",true,,69.00,69.0000,true,1,36435
7290000946580,false,תיק רב פעמי יוחננוף,,,תיק רב פעמי יוחננוף,יח',1.00,יח',false,,3.90,3.9000,true,1,60052
7290000963631,false,משטח עץ,,,משטח עץ,יח',1.00,יח',false,,6.00,6.0000,true,1,57135
7290000995410,false,נבטים סיניים נבטי העמק,נסטלה פורינה USA קר,IL,נבטים סיניים,1,1.00,1,false,,5.90,5.9000,true,1,62378
7290000996608,false,גבינה גרוזינית/ערקית,מחלבת פרי זה לי,IL,מחלבת פרי זה לי,קילוגרמים,1.00,"ק""ג",true,,60.00,60.0000,true,1,36440
7290000996615,false,צפתית קשה 5%,מחלבת פרי זה לי,IL,מחלבת פרי זה לי,קילוגרמים,1.00,"ק""ג",true,,69.00,69.0000,true,1,36441
7290000997728,false,טבורוג 5%,מחלבת פרי זה לי,IL,מחלבת פרי זה לי,קילוגרמים,1.00,"ק""ג",true,,35.00,35.0000,true,1,36444
7290000999524,false,ג.סולוגוני 18%,מחלבת פרי זה לי,IL,מחלבת פרי זה לי,קילוגרמים,1.00,"ק""ג",true,,69.00,69.0000,true,1,36446
7290000999548,false,צפתית 5%,מחלבת פרי זה לי,IL,מחלבת פרי זה לי,קילוגרמים,1.00,"ק""ג",true,,40.00,40.0000,true,1,36448
7290001009123,false,לחם כוסמין לחמנו 600 גרם,לחמנו,IL,לחם 100% כוסמין 600,גרמים,600.00,100 גרם,false,,14.90,0.0248,true,1,44548
7290001022085,false,גב.פקורינו כבשים36% משקל,היחוס דה סלבדור,ES,פקורינו מחלב כבשים 3,קילוגרמים,1.00,"ק""ג",true,,100.00,100.0000,true,1,40768
7290001022146,false,גבינת פרמזן 27%,זנטי,IT,וילי פוד,קילוגרמים,1.00,"ק""ג",true,,85.00,85.0000,true,1,40769
7290001041147,false,חומוס גדול יבש מיה 1 ק'ג,מיה תעשיות מזון מ.ת.מ. ב,IL,מיה,קילוגרמים,1.00,"ק""ג",false,,10.90,10.9000,true,1,44621
7290001041185,false,"פופקורן גרעינים מיה 1 ק""ג",מיה תעשיות מזון מ.ת.מ. ב,IL,מיה,קילוגרמים,1.00,"ק""ג",false,,8.90,8.9000,true,1,44625
7290001041192,false,"עדשים אדומים יבשים מיה 1 ק""ג",מיה תעשיות מזון מ.ת.מ. ב,IL,מיה,קילוגרמים,1.00,"ק""ג",false,,11.90,11.9000,true,1,44626
7290001041208,false,"עדשים ירוקים יבשים מיה 1 ק""ג",מיה תעשיות מזון מ.ת.מ. ב,IL,מיה,קילוגרמים,1.00,"ק""ג",false,,11.90,11.9000,true,1,44627
7290001041215,false,"מיה חיטה 1 ק""ג",מיה תעשיות מזון מ.ת.מ. ב,IL,מיה,קילוגרמים,1.00,"ק""ג",false,,5.90,5.9000,true,1,44628
7290001041222,false,"חומוס לבן ענק ק''ג מיה 1 ק""ג",מיה תעשיות מזון מ.ת.מ. ב,IL,מיה,קילוגרמים,1.00,"ק""ג",false,,15.90,15.9000,true,1,44629
7290001041260,false,שומשום מיה 400 גרם,מיה תעשיות מזון מ.ת.מ. ב,IL,מיה,גרמים,400.00,100 גרם,false,,8.90,0.0223,true,1,44630
7290001041994,false,"סוכר דמררה בצנצנת מיה 1 ק""ג",מיה תעשיות מזון מ.ת.מ. ב,IL,סוכר דמררה צנצנת 1 ק,קילוגרמים,1.00,"ק""ג",false,,9.90,9.9000,true,1,44635
7290001045169,false,מיץ תפוחי עץ צלול פרימור 1 ליטר,"גניר (1992) בע""מ",IL,תוצרת מסחרית,ליטרים,1.00,ליטר,false,,15.90,15.9000,true,1,48815
7290001045633,false,"פרימור משקה לימונים ונענע 400מ""ל",פרימור,IL,*מבצע* משקה קל לימונ,מיליליטרים,400.00,"100 מ""ל",false,,6.90,0.0173,true,1,48818
7290001045657,false,"פרימור סחוט תפוחים צלול 400 מ""ל",פרימור,IL,*מבצע* מיץ תפוחים צל,מיליליטרים,400.00,"100 מ""ל",false,,6.90,0.0173,true,1,48819
7290001045688,false,"מיץ תפוזים סחוט פרימור 400 מ""ל",פרימור,IL,*מבצע* מיץ תפוזים סח,מיליליטרים,400.00,"100 מ""ל",false,,6.90,0.0173,true,1,48706
7290001121023,false,פסטרמה של פעם יחיעם,מעדני יחיעם,IL,יחיעם,קילוגרמים,1.00,"ק""ג",true,,79.00,79.0000,true,1,32596
7290001121054,false,צמד חמד פסטרמה וסלמי יחיעם 700 גרם,תאי פרזידנט פוד פאבל,IL,יחיעם,גרמים,700.00,100 גרם,false,,24.90,0.0356,true,1,32624
7290001121238,false,נקניק קורנדביף 4% יחיעם 180 גרם,מעדני יחיעם 1993,IL,יחיעם,גרמים,180.00,100 גרם,false,,22.90,0.1272,true,1,32626
7290001121672,false,פסטרמה מעודנת בפפריקה 300 ג' יחיעם,מעדני יחיעם 1993,IL,יחיעם,גרמים,300.00,100 גרם,false,,19.90,0.0663,true,1,32627
7290001121979,false,נקניק סלמי הרץ מעדני יחיעם 150 גרם,תאי פרזידנט פוד פאבל,IL,יחיעם,גרמים,150.00,100 גרם,false,,22.90,0.1527,true,1,32631
7290001136287,false,"שמפו לשיער רגיל בבושם פרחים נקה 7 750 מ""ל","אמיליה קוסמטיקס בע""מ",IL,נקה 7,מיליליטרים,750.00,"100 מ""ל",false,,10.90,0.0145,true,1,39127
7290001136683,false,"מרכך לשיער רגיל בבושם פרחים נקה 7 750 מ""ל","אמיליה קוסמטיקס בע""מ",IL,נקה 7,מיליליטרים,750.00,"100 מ""ל",false,,10.90,0.0145,true,1,39131
7290001172827,false,מארז 10 יח' גביע עגו,אורשני,IL,אור שני,יח',1.00,יח',false,,6.90,6.9000,true,1,35658
7290001177570,false,תבניות מזון מחולקת+מ,,,תבנית מחולקת + מכסה,יח',3.00,יח',false,,7.90,2.6333,true,1,35663
7290001216040,false,טחינה גולמית שומשום טהור אל ארז 500 גרם,אגס ירוק מסחר ושירותים,IL,טחינה 500 ג אל ארז,גרמים,500.00,100 גרם,false,,15.90,0.0318,true,1,30509
7290001216057,false,"טחינה שומשום טהור אל ארז 1 ק""ג",אגס ירוק מסחר ושירותים,IL,"טחינה 1 ק""ג אל ארז",קילוגרמים,1.00,"ק""ג",false,,28.90,28.9000,true,1,30510
7290001216231,false,טחינה גולמית שומשום מלא אל ארז 500 גרם,אגס ירוק מסחר ושירותים,IL,טחינה מלאה 500 ג אל,גרמים,500.00,100 גרם,false,,16.90,0.0338,true,1,30511
7290001247068,false,קרטונית נקטר ספרינג תות בננה 1 ליטר,יפאורה שותפות מובגלת לשיווק,IL,ספרינג,ליטרים,1.00,ליטר,false,,6.70,6.7000,true,1,43153
7290001247099,false,קרטונית נקטר ספרינג מנגו 1 ליטר,יפאורה שותפות מובגלת לשיווק,IL,ספרינג,ליטרים,1.00,ליטר,false,,6.70,6.7000,true,1,43155
7290001247112,false,קרטונית נקטר ספרינג לימונענע 1 ליטר,יפאורה שותפות מובגלת לשיווק,IL,ספרינג,ליטרים,1.00,ליטר,false,,6.70,6.7000,true,1,43157
7290001247129,false,נקטר ספרינג תפוזים קרטונית 1 ל',יפאורה שותפות מובגלת לשיווק,IL,ספרינג,ליטרים,1.00,ליטר,false,,6.70,6.7000,true,1,43158
7290001247143,false,קרטונית נקטר ספרינג תפוחים 1 ליטר,יפאורה שותפות מובגלת לשיווק,IL,ספרינג,ליטרים,1.00,ליטר,false,,6.70,6.7000,true,1,43159
7290001247723,false,"ספרינג נקטר תות בננה פחית 330 מ""ל",יפאורה תבורי בעמ,IL,ספרינג נקטר תות בננה,מיליליטרים,330.00,"100 מ""ל",false,,4.50,0.0136,true,1,43161
7290001247730,false,"נקטר ספרינג בטעם מנגו פחית 330 מ""ל",יפאורה תבורי בעמ,IL,ספרינג נקטר מנגו פחי,מיליליטרים,330.00,"100 מ""ל",false,,4.50,0.0136,true,1,43162
7290001247747,false,"ספרינג נקטר תפוחים פחית 330 מ""ל",יפאורה תבורי בעמ,IL,ספרינג נקטר תפוחים פ,מיליליטרים,330.00,"100 מ""ל",false,,4.50,0.0136,true,1,43163
7290001247891,false,"ספרינג נקטר אפרסקים פחית 330 מ""ל",יפאורה תבורי בעמ,IL,ספרינג נקטר אפרסקים,מיליליטרים,330.00,"100 מ""ל",false,,4.50,0.0136,true,1,43165
7290001258101,false,גבינת גאודה טבעית במ,מחלבת משק יעקובס,IL,גבינת גאודה 30%,קילוגרמים,1.00,"ק""ג",true,,95.00,95.0000,true,1,47634
7290001258255,false,משולש גבינת גאודה28%משקל,גבינות משק יעקבס,IL,גבינת גאודה 30%,קילוגרמים,1.00,"ק""ג",true,,95.00,95.0000,true,1,47643
7290001258323,false,משולש גאודה כמון משקל,משק יעקבס,IL,גבינת גאודה 30%,קילוגרמים,1.00,"ק""ג",true,,95.00,95.0000,true,1,47647
7290001258439,false,גבינת שמנת עז מה במש,גבינות משק יעקבס,,גבינת עז מה 5%,קילוגרמים,1.00,"ק""ג",true,,59.00,59.0000,true,1,47649
7290001258514,false,גב.רכה ריקוטה במשקל,גבינות משק יעקבס,IL,משק יעקבס,קילוגרמים,1.00,"ק""ג",true,,39.00,39.0000,true,1,47652
7290001258552,false,גבינה לאבנה בקר 250 גרם,בטר אנד דיפרנט,IL,משק יעקבס,גרמים,250.00,100 גרם,false,,9.90,0.0396,true,1,47673
7290001258576,false,גאודה ואקום יעקובס 200 גרם,גבינות משק יעקבס,IL,משק יעקבס,גרמים,200.00,100 גרם,false,,19.70,0.0985,true,1,47674
7290001258668,false,גבינת עז מה 5% יעקבס 250 גרם,גבינות משק יעקבס,IL,משק יעקבס,גרמים,250.00,100 גרם,false,,14.90,0.0596,true,1,47677
7290001258682,false,"יוגורט עיזים באריזה 500 מ""ל",גבינות משק יעקבס,IL,משק יעקבס,מיליליטרים,500.00,"100 מ""ל",false,,13.30,0.0266,true,1,47678
7290001258729,false,לאבנה עיזים יעקובס 250 גרם,גבינות משק יעקבס,IL,משק יעקבס,גרמים,250.00,100 גרם,false,,13.90,0.0556,true,1,47679
7290001258736,false,משולש גבינת קשקבל27%משקל,גבינות משק יעקבס,IL,מארז קשקבל 27%,קילוגרמים,1.00,"ק""ג",true,,115.00,115.0000,true,1,47658
7290001258774,false,מוצרלה בייבי 150 גרם יעקובס,גבינות משק יעקבס,IL,משק יעקבס,גרמים,150.00,100 גרם,false,,12.90,0.0860,true,1,47680
7290001258958,false,מוצרלה מגורדת יעקבס 200 גרם,גבינות משק יעקבס,IL,משק יעקבס,גרמים,200.00,100 גרם,false,,22.50,0.1125,true,1,47683
7290001258972,false,גבינת חלומי בואקום 2,גבינות משק יעקבס,IL,משק יעקבס,גרמים,200.00,100 גרם,false,,17.90,0.0895,true,1,47684
7290001305188,false,"נוזל לניקוי כלים בריח לימון פלמוליב 750 מ""ל",יבואן ומשווק: ש. שסט,GR,פלמוליב כלים,מיליליטרים,750.00,"100 מ""ל",false,,8.80,0.0117,true,1,54272
7290001419618,false,וופל בלגי עלמה שחור לבן וניל 200ג',"גילרו בע""מ",IL,גילרו,גרמים,200.00,100 גרם,false,,2.90,0.0145,true,1,37589
7290001419779,false,"וופל קלאסי בטעם שוקולד ""עלמה"" 200 גרם","גילרו בע""מ",IL,גילרו,גרמים,200.00,100 גרם,false,,2.90,0.0145,true,1,37590
7290001419892,false,ופל קלאסי לימון עלמה 200 גרם,"גילרו בע""מ",IL,וופל עלמה לימון 200,גרמים,200.00,100 גרם,false,,2.90,0.0145,true,1,37592
7290001461105,false,לחם מחמצת לבן (ברקוד,פילסברי,,לחם רוסטיק לבן,יח',1.00,יח',false,,16.90,16.9000,true,1,64456
7290001461457,false,בגט רוסטיק קמח מלא ו,פילסברי,,בגט רוסטיק קמח מלא ודגנים,יח',1.00,יח',false,,7.90,7.9000,true,1,64458
7290001476208,false,גד ברי פקאן משולשים צאן 22% במשקל,מחלבות גד,IL,מחלבות גד,קילוגרמים,1.00,"ק""ג",true,,125.00,125.0000,true,1,45187
7290001482094,false,גבינה פרמז'נו משולשים ויליפוד 200ג',זנטי אס. אי לאלין,IT,וילי פוד,גרמים,200.00,100 גרם,false,,17.90,0.0895,true,1,40859
7290001484487,false,בשר מס 4 חלק קפוא,קונספסיון,PY,בלדי,קילוגרמים,1.00,"ק""ג",true,,34.90,34.9000,true,1,55313
7290001485019,false,גבינת קרם שמנת טבעי 5% טרה 200 גרם,קריות זול,IL,טרה,גרמים,200.00,100 גרם,false,,10.90,0.0545,true,1,48229
7290001491010,false,תה ירוק יסמין ויסוצקי 25 יחידות,תה ויסוצקי,IL,ויסוצקי,גרמים,937.50,100 גרם,false,,19.90,0.0212,true,1,50835
7290001491096,false,תה ירוק בתוספת לימונית ולואיזה 50 שקיקים ויסוצקי,תה ויסוצקי,IL,ויסוצקי,גרמים,75.00,100 גרם,false,,39.90,0.5320,true,1,50836
7290001515310,false,שש כריות קרצוף יפניות סקוטש ברייט,3m,,כרית קרצוף יפנית סקו,יח',6.00,יח',false,,11.90,1.9833,true,1,38540
7290001515631,false,שלושה ספוגי קרצוף קשיחים ארוכים אדומים,שיוך למחסן 17,ES,סקוטש-ברייט,יח',3.00,יח',false,,10.90,3.6333,true,1,38542
7290001567555,false,פסטרמה מעודנת עם דבש 300 ג' יחיעם,מעדני יחיעם,IL,יחיעם,גרמים,300.00,100 גרם,false,,19.90,0.0663,true,1,32632
7290001567708,false,נקניקיות וינר יחיעם 400 גרם,מעדני יחיעם,IL,יחיעם,גרמים,400.00,100 גרם,false,,13.90,0.0348,true,1,32633
7290001567760,false,פסטרמה של פעם יחיעם 300 גרם,מעדני יחיעם,IL,יחיעם,גרמים,300.00,100 גרם,false,,24.90,0.0830,true,1,32636
7290001567814,false,סלמי מעושן בסגנון איטלקי 300 ג' יחיעם,מעדני יחיעם,IL,יחיעם,גרמים,300.00,100 גרם,false,,19.90,0.0663,true,1,32640
7290001594377,false,פריגת תפוזים 0.5 ליטר חייב בפקדון,מבשלות בירה בינלאומיות ב,IL,פריגת,מיליליטרים,500.00,"100 מ""ל",false,,5.00,0.0100,true,1,38675
7290001594391,false,"פריגת משקה קל ענבים בבקבוק אישי 500 מ""ל",מבשלות בירה בינלאומיות ב,IL,פריגת,מיליליטרים,500.00,"100 מ""ל",false,,5.00,0.0100,true,1,38677
7290001594568,false,"קרלסברג פחית 500 מ""ל פקדון",מבשלות בירה בינלאומיות ב,RO,קרלסברג,מיליליטרים,500.00,"100 מ""ל",false,,8.90,0.0178,true,1,38678
7290001594810,false,"בירה שחורה מאלטי בקב' מארז 330X6מ""ל",החברה המרכזית לייצור משקאות,IL,מאלטי בירה שחורה מאר,יחידה,0.00,יחידה,false,,24.90,0.0000,true,1,38680
7290001594858,false,"שישייה בירה טובורג רד בקבוק 330 מ""ל",מבשלות בירה בינלאומיות ב,IL,טובורג,ליטרים,1.98,ליטר,false,,29.90,15.1010,true,1,38681
7290001594865,false,"שישייה בירה קרלסברג בקבוק 330 מ""ל",מבשלות בירה בינלאומיות ב,IL,קרלסברג,ליטרים,1.98,ליטר,false,,29.90,15.1010,true,1,38682
7290001598085,false,לחם משפחתי עם דגנים מקמח מלא,מאפית יוסף בראון,IL,לחם משפחתי עם דגנים,קילוגרמים,1.10,"ק""ג",false,,14.90,13.5455,true,1,62685
7290001598276,false,"לחם 7 דגנים קל מקמח חיטה מלא ללא שמרים 1.1 ק""ג הברון",מאפיית יוסף ברון,IL,לחם 7 דגנים קל מקמח,קילוגרמים,1.10,"ק""ג",false,,14.90,13.5455,true,1,62686
7290001598580,false,פיתות כוסמין 6יח 99 קלוריות,מאפיית יוסף ברון בעמ,IL,פיתות כוסמין 100% 37,גרמים,372.00,100 גרם,false,,14.90,0.0401,true,1,62691
7290001598597,false,פיתה כוסמין 99 קלוריות,,,פיתות כוסמין מלא 100,גרמים,300.00,100 גרם,false,,14.90,0.0497,true,1,62692
7290001648995,false,"מארז קפה טורקי ""רג'ואן"" 100X3 גרם",רוני רג'ואן ושות,IL,קפה רגואן שלישיה,גרמים,300.00,100 גרם,false,,12.90,0.0430,true,1,55636
7290001670057,false,כפיות לבן 100 יחידות,הנמל אריזות ושיווק ב,IL,הנמל,יח',100.00,יח',false,,9.90,0.0990,true,1,40278
7290001670064,false,סכין חד פעמי לבן הנמל 100 יחידות,בי רייט,CN,הנמל,יח',100.00,יח',false,,9.90,0.0990,true,1,40279
7290001670071,false,כפות חד פעמי לבן 100 יח',הנמל אריזות ושיווק ב,IL,הנמל,יח',100.00,יח',false,,9.90,0.0990,true,1,40280
7290001670224,false,מלית פרג פוליבה 400 גרם,"פוליבה בע""מ",IL,הנמל,גרמים,400.00,100 גרם,false,,9.90,0.0248,true,1,40281
7290001670255,false,כוס קרטון לשתייה חמה 50 יחידות,הנמל,,כוסות קרטון 8B 50,יח',50.00,יח',false,,8.90,0.1780,true,1,40283
7290001670668,false,קרחונית שקיות להכנת קרח הנמל 12 יחידות,"איטיליאן פוד, אס.פי.",TR,הנמל,יח',12.00,יח',false,,3.90,0.3250,true,1,40287
7290001670736,false,כפפות ניילון שקוף 100 יח',יבוא ושיווק: הנמל אר,IL,כפפות נילון שקוף 100,יח,100.00,יח,false,,4.90,0.0490,true,1,40288
7290001670873,false,"צלחות גדולות לבנות קשיח ח""פ הנמל 66יח'",הנמל אריזות ושיווק ב,IL,הנמל,יח',66.00,יח',false,,38.90,0.5894,true,1,40291
7290001710159,false,גולש עגל ואקום במשקל,לאטי עזרא גלם ודגים,IL,מעדני הטלה,קילוגרמים,1.00,"ק""ג",true,,34.90,34.9000,true,1,72664
7290001713082,false,תרסיס מסיר שומנים קר,,IL,תרסיס מסיר שומנים קר,ליטרים,1.00,ליטר,false,,9.90,9.9000,true,1,65123
7290001713112,false,תרסיס מסיר אבנית יוח,,IL,תרסיס מסיר אבנית יוח,ליטרים,1.00,ליטר,false,,8.90,8.9000,true,1,65124
7290001713150,false,סנט מוריץ מתז אקונומיקה Bleach קצף לימון 1 ליטר,קומפלקס כימיקלים בעמ,IL,סנט מוריץ,ליטרים,1.00,ליטר,false,,9.90,9.9000,true,1,40703
7290001713310,false,קצף אקונומיקה בריח ל,,,קצף אקונומיקה בריח ל,ליטרים,1.00,ליטר,false,,8.90,8.9000,true,1,65125
7290001713440,false,תרסיס לניקוי חלונות,"קומפלקס בע""מ",IL,תרסיס לניקוי חלונות,ליטרים,1.00,ליטר,false,,5.90,5.9000,true,1,65126
7290001713457,false,סבון אסלה מרוכז כחול,"קומפלקס בע""מ",TR,סבון אסלה מרוכז כחול,יח',3.00,יח',false,,10.90,3.6333,true,1,65127
7290001713518,false,"סנט מוריץ נוזל לניקוי רהיטים 750 מ""ל",קומפלקס כימיקלים בעמ,IL,נוזל לניקוי רהיטים,מיליליטרים,750.00,"100 מ""ל",false,,11.90,0.0159,true,1,40709
7290001713884,false,עלמה מטליות מיקרופייבר שלישייה לרצפה,קומפלקס כימיקלים,CN,מטליות מיקרופייבר לר,יח',1.00,יח',false,,12.90,12.9000,true,1,40720
7290001713921,false,אקונומיקה bleach מבושמת 4 ל' סנט מוריץ,קומפלקס כימיקלים בעמ,IL,סנט מוריץ,ליטרים,4.00,ליטר,false,,8.90,2.2250,true,1,40722
7290001780428,false,גלידיאט שלגון מצופה נסטלה 312 גרם מארז 6 יחידות,גלידות נסטלה )נגה גלידות,IL,גלידות נסטלה,יח',6.00,יח',false,,28.90,4.8167,true,1,46011
7290001791349,false,פיסגה אקונומיקה ריחנית סנו 4 ליטר,"סנו מפעלי ברונוס בע""מ",IL,פסגה,ליטרים,4.00,ליטר,false,,9.90,2.4750,true,1,39137
7290001817728,false,צ'יטוס אפוי כאפה בטעם קטשופ 55 גרם,"שטראוס פריטו ליי בע""\מ )",IL,עלית,גרמים,55.00,100 גרם,false,,3.10,0.0564,true,1,47433
7290001855232,false,שמן למאור מרום הגליל,ירושלים שיווק שמן זית וזיתים,IL,שמן למאור 1 ליטר,ליטרים,1.00,ליטר,false,,12.90,12.9000,true,1,37391
7290001865453,false,פמילי לקשרי 1 ליטר לבנדר ארומטי+משאבה,מיוצר עי קונדיטוריית,TR,פמלי,ליטרים,1.00,ליטר,false,,11.90,11.9000,true,1,37888
7290001989272,false,איקרה לבנה/אדומה במשקל,"סלטי שמיר 2006 בע""מ",IL,מעדני מיקי,קילוגרמים,1.00,"ק""ג",true,,49.00,49.0000,true,1,50584
7290001989364,false,מקרל פרוס בשמן במשקל,"סלטי שמיר 2006 בע""מ",IL,מעדני מיקי,קילוגרמים,1.00,"ק""ג",true,,119.00,119.0000,true,1,50585
7290001989388,false,מעדן מטיאס הולנדי משקל,"סלטי שמיר 2006 בע""מ",IL,מעדני מיקי,קילוגרמים,1.00,"ק""ג",true,,55.00,55.0000,true,1,50586
7290001990117,false,שומשום סוגת 100 גרם,האי נאם סי או אל.טי.,IL,סוגת,גרמים,100.00,100 גרם,false,,3.90,0.0390,true,1,30513
7290001990261,false,"סוגת חומוס 1 ק""ג","סוגת תעשיות בע""\מ",IL,סוגת,קילוגרמים,1.00,"ק""ג",false,,14.90,14.9000,true,1,30514
7290001990391,false,אפונה יבשה 1קג סוגת,"סוגת תעשיות בע""\מ",IL,סוגת,קילוגרמים,1.00,"ק""ג",false,,10.90,10.9000,true,1,30517
7290001990407,false,"עדשים ירוקים 1 ק""ג סוגת","סוגת תעשיות בע""\מ",IL,סוגת,קילוגרמים,1.00,"ק""ג",false,,13.80,13.8000,true,1,30518
7290001990414,false,"עדשים אדומים 1 ק""ג סוגת","סוגת תעשיות בע""\מ",IL,סוגת,קילוגרמים,1.00,"ק""ג",false,,13.80,13.8000,true,1,30519
7290001990421,false,"פופקורן גרעינים סוגת 1 ק""ג","סוגת תעשיות בע""\מ",IL,סוגת,קילוגרמים,1.00,"ק""ג",false,,9.90,9.9000,true,1,30520
7290002000143,false,"חדש -פנג'ל ק.ידיים קלאסיק 80מ""ל",מיוצר עי קונדיטוריית,IL,פנג'ל,מיליליטרים,80.00,"100 מ""ל",false,,7.90,0.0988,true,1,37892
7290002007234,false,אבקת סוכר הנמל 100 גרם,"מיוצר וארוז ע""י: ר.ס",IL,אבקת סוכר 100 גרם,גרמים,100.00,100 גרם,false,,1.60,0.0160,true,1,40294
7290002007241,false,סודה לשתיה הנמל 50 גרם,"מיוצר וארוז ע""י: BAS",IL,סודה לשתיה 50 גרם,גרמים,50.00,100 גרם,false,,1.70,0.0340,true,1,40295
7290002007371,false,פירורי לחם הנמל 500 ג',הנמל אריזות ושיווק ב,IL,הנמל,גרמים,500.00,100 גרם,false,,6.50,0.0130,true,1,40297
7290002007623,false,כוסות ליין 50 יחידות,יבוא ושיווק: הנמל אריזות,TR,כוסות יין 50 יח,יח',50.00,יח',false,,3.90,0.0780,true,1,40303
7290002007852,false,"תמצית אפייה בטעמים שונים 55 מ""ל הנמל",ממתקי עלה יצור ושיוו,IL,עלה,מיליליטרים,55.00,"100 מ""ל",false,,2.90,0.0527,true,1,40307
7290002007890,false,כוס חד פעמי הנמל 100 יח',אריזות מדף - פלזית,IL,הנמל,יח',100.00,יח',false,,8.90,0.0890,true,1,40308
7290002007975,false,"צלחות קטנות ח""פ הנמל 50 יח'",אריזות מדף - פלזית,IL,הנמל,יח',50.00,יח',false,,8.90,0.1780,true,1,40311
7290002007982,false,מזלגות חד פעמי 100 י,הנמל אריזות ושיווק ב,IL,הנמל,יח',100.00,יח',false,,9.90,0.0990,true,1,40312
7290002007999,false,"צלחות גדולות ח""פ הנמל 50 יח'",אריזות מדף - פלזית,IL,הנמל,יח',50.00,יח',false,,12.90,0.2580,true,1,40313
7290002008019,false,סוכריות לקישוט בטעם שוקולד הנמל 200 גרם,ממתקי עלה יצור ושיוו,IL,הנמל,גרמים,200.00,100 גרם,false,,6.90,0.0345,true,1,40315
7290002008057,false,"תמצית אפייה בטעם רום 55 מ""ל הנמל",ממתקי עלה יצור שיווק,IL,עלה,מיליליטרים,55.00,"100 מ""ל",false,,2.90,0.0527,true,1,40317
7290002008507,false,נייר אפיה הנמל 50 יחידות,"הנמל אריזות ושיווק בע""\מ",IL,הנמל,יח',50.00,יח',false,,7.90,0.1580,true,1,40328
7290002008651,false,קמח תפוחי אדמה הנמל 500 גרם,ר.ס. חברה ליבוא וייצ,IL,הנמל,גרמים,500.00,100 גרם,false,,5.90,0.0118,true,1,40330
7290002008743,false,סוכר וניל עשירייה הנמל 100 גרם,"מיוצר וארוז ע""י: ר.ס",IL,סוכר וניל 10 יחידות,גרמים,100.00,100 גרם,false,,1.90,0.0190,true,1,40331
7290002008750,false,אבקת אפיה עשירייה הנמל 100 גרם,"מיוצר ע""י:ר.ס. חברה",IL,אבקת אפיה 10 יחידות,יח',10.00,יח',false,,1.90,0.1900,true,1,40332
7290002008828,false,סוכריות שוקולד לבן ג'מבו לקישוט הנמל 200ג' בדצ,ממתקי עלה ייצור שיוו,IL,הנמל,גרמים,200.00,100 גרם,false,,6.90,0.0345,true,1,40334
7290002008934,false,סוכריות צבעוניות לקישוט הנמל 200ג',ממתקי עלה יצור שיווק,IL,הנמל,גרמים,200.00,100 גרם,false,,6.90,0.0345,true,1,40335
7290002008989,false,קישקשים קשים לשתיה 225יח הנמל,שיווק: הנמל אריזות ושיוו,CN,קישקשים 225 יחידות,יח',225.00,יח',false,,6.90,0.0307,true,1,40336
7290002013006,false,פסטרמה מקסיקנית במשקל,זוגלובק,IL,זוגלובק,קילוגרמים,1.00,"ק""ג",true,,79.00,79.0000,true,1,59295
7290002013037,false,פסטרמה פרגית זוגלובק,זוגלובק,IL,זוגלובק,קילוגרמים,1.00,"ק""ג",true,,79.00,79.0000,true,1,59296
7290002013174,false,פסטרמה של פעם זוגלוב,זוגלובק,IL,זוגלובק,קילוגרמים,1.00,"ק""ג",true,,79.00,79.0000,true,1,59297
7290002019787,false,רוטב עגבניות מרוכז מאוד 260 גרם פריניר,פריניר ( הדס 1987) ב,IL,פריניר,גרמים,260.00,100 גרם,false,,3.90,0.0150,true,1,37593
7290002019794,false,רוטב עגבניות מרוכז מאוד 100 גרם פריניר,פריניר ( הדס 1987) ב,IL,פריניר,גרמים,100.00,100 גרם,false,,1.90,0.0190,true,1,37594
7290002026402,false,בלינצס גבינה בראנץ אנד קראנץ 350 ג',מוצרי איכות אמריקאיים בע,IL,בראנץ וקראנץ,גרמים,350.00,100 גרם,false,,14.90,0.0426,true,1,55609
7290002026440,false,פרצלס בייגלה בראנץ אנד קראנץ 280 ג',מוצרי איכות אמריקאיים בע,IL,בראנץ וקראנץ,גרמים,280.00,100 גרם,false,,14.90,0.0532,true,1,55610
7290002026587,false,וופל בלגי פרווה בראנץ אנד קראנץ 8 יח',בראנץ' אנד קראנץ Brunch& Crunch,BE,בראנץ וקראנץ,גרמים,280.00,100 גרם,false,,10.90,0.0389,true,1,55611
7290002040019,false,קוסקוס רגיל הנמל 350 גרם,"קוסקוס מזון בע""מ",IL,הנמל,גרמים,350.00,100 גרם,false,,4.80,0.0137,true,1,40337
7290002040064,false,קוסקוס דק הנמל 350 גרם,קוסקוס מזון,IL,הנמל,גרמים,350.00,100 גרם,false,,4.80,0.0137,true,1,40338
7290002040071,false,קוסקוס עבה שקית 350 גרם הנמל,קוסקוס מזון,IL,הנמל,גרמים,350.00,100 גרם,false,,4.80,0.0137,true,1,40339
7290002043188,false,אקסטרה צ'יפס אורז חום מלא צ'ילי חריף 60 גרם,נוהלס ג'\י אס סי.,BG,ציפס פריכיות,גרמים,60.00,גרם,false,,6.90,0.1150,true,1,36167
7290002043218,false,אקסטרה צ'יפס אורז חום מלא מלח 60 גרם,נוהלס ג'\י אס סי.,BG,ציפס פריכיות,גרמים,60.00,גרם,false,,6.90,0.1150,true,1,36168
7290002043225,false,אקסטרה צ'יפס אורז חום מלא פפריקה 60 גרם,נוהלס ג'\י אס סי.,BG,ציפס פריכיות,גרמים,60.00,גרם,false,,6.90,0.1150,true,1,36169
7290002043232,false,אקסטרה ציפס משפחתי טקסס ברביקיו 120 גר,נוהלס ג'\י אס סי.,BG,ציפס אורז חום מלא,גרמים,120.00,גרם,false,,11.90,0.0992,true,1,36170
7290002043591,false,אקסטרה צ'יפס אורז חום מלא פפריקה 120 גרם,נוהלס ג'\י אס סי.,BG,ציפס אורז חום מלא,גרמים,120.00,גרם,false,,11.90,0.0992,true,1,36171
7290002043782,false,אקסטרה צ'יפס אורז חום מלא טקסס ברביקיו 60 גרם,נוהלס ג'\י אס סי.,BG,ציפס פריכיות,גרמים,60.00,גרם,false,,6.90,0.1150,true,1,36172
7290002057017,false,זיתים נובו ענק A2 יבנה 330ג',שיוך למחסן 17,IL,קבוצת יבנה,גרמים,330.00,100 גרם,false,,8.90,0.0270,true,1,48032
7290002057031,false,זיתים מבוקעים פיקנטי קבוצת יבנה 340 גרם,קבוצת יבנה,IL,קבוצת יבנה,גרמים,540.00,100 גרם,false,,8.90,0.0165,true,1,48033
7290002057062,false,זיתים מנזנילו ירוק בינוני קבוצת יבנה 340 גרם,קבוצת יבנה,IL,קבוצת יבנה,גרמים,540.00,100 גרם,false,,6.90,0.0128,true,1,48036
7290002057093,false,זיתים מנזנילו גדול קבוצת יבנה 340 גרם,קבוצת יבנה,IL,קבוצת יבנה,גרמים,540.00,100 גרם,false,,7.90,0.0146,true,1,48039
7290002057109,false,זיתים יבנה ירוקים גדולים מאוד שום מנזלינ,קבוצת יבנה,IL,קבוצת יבנה,גרמים,540.00,100 גרם,false,,8.90,0.0165,true,1,48040
7290002057123,false,זיתים ירוקים מנזנילו קבוצת יבנה 560 גרם,קבוצת יבנה,IL,קבוצת יבנה,גרמים,540.00,100 גרם,false,,9.50,0.0176,true,1,48041
7290002057130,false,זיתים חרוזית קבוצת יבנה 650 גרם,קבוצת יבנה,IL,קבוצת יבנה,קילוגרמים,1.25,"ק""ג",false,,19.90,15.9200,true,1,48042
7290002057161,false,זיתים מרינט ביין גדול מאד קבוצת יבנה 340 גרם,קבוצת יבנה,IL,קבוצת יבנה,גרמים,540.00,100 גרם,false,,8.90,0.0165,true,1,48045
7290002057185,false,טבעות זיתים ירוקים קבוצת יבנה 560 גרם,קבוצת יבנה,IL,קבוצת יבנה,גרמים,540.00,100 גרם,false,,9.20,0.0170,true,1,48047
7290002057314,false,"מלפפון במלח ‏20‏-‏15‏ ‏‏ 1.3 ק""ג ‏‏ יבנה",קבוצת יבנה,IL,קבוצת יבנה,קילוגרמים,1.30,"ק""ג",false,,13.90,10.6923,true,1,48049
7290002057321,false,"מלפפון במלח ‏25‏-‏21‏ יבנה 1.3 ק""ג",קבוצת יבנה,IL,קבוצת יבנה,קילוגרמים,1.30,"ק""ג",false,,15.90,12.2308,true,1,48050
7290002057352,false,מלפפונים במלח ‏9‏-‏7‏ קבוצת יבנה 320 גרם,קבוצת יבנה מוצרי מזון,IL,קבוצת יבנה,גרמים,540.00,100 גרם,false,,6.50,0.0120,true,1,48052
7290002057369,false,מלפפונים במלח ‏12‏-‏10‏ קבוצת יבנה 320 גרם,קבוצת יבנה,IL,קבוצת יבנה,גרמים,540.00,100 גרם,false,,7.50,0.0139,true,1,48053
7290002057376,false,מלפפונים במלח ‏17‏-‏13‏ קבוצת יבנה 320 גרם,קבוצת יבנה,IL,קבוצת יבנה,גרמים,540.00,100 גרם,false,,9.90,0.0183,true,1,48054
7290002057383,false,מלפפונים במלח ‏25‏-‏18‏ קבוצת יבנה 320 גרם,קבוצת יבנה,IL,קבוצת יבנה,גרמים,540.00,100 גרם,false,,12.90,0.0239,true,1,48055
7290002057413,false,"מלפפון חומץ ‏20‏-‏15‏ 1.3 ק""ג יבנה",קבוצת יבנה,IL,קבוצת יבנה,קילוגרמים,1.30,"ק""ג",false,,13.90,10.6923,true,1,48057
7290002057437,false,פלפל שיפקונית קבוצת יבנה 225 גרם,קבוצת יבנה,IL,שיפקונית 560 גרם,גרמים,560.00,100 גרם,false,,9.90,0.0177,true,1,48058
7290002057451,false,מלפפונים בחומץ ‏9‏-‏7 קבוצת יבנה 290 גרם,קבוצת יבנה מוצרי מזון,IL,קבוצת יבנה,גרמים,540.00,100 גרם,false,,6.50,0.0120,true,1,48059
7290002057468,false,מלפפון יבנה בחומץ בינוניים 10-12 290 גרם,קבוצת יבנה,IL,קבוצת יבנה,גרמים,540.00,100 גרם,false,,7.50,0.0139,true,1,48060
7290002057475,false,מלפפונים בחומץ ‏17‏-‏13 קבוצת יבנה 290 גרם,קבוצת יבנה,IL,קבוצת יבנה,גרמים,540.00,100 גרם,false,,9.90,0.0183,true,1,48061
7290002057482,false,מלפפונים קטנים בחומץ קבוצת יבנה 560 גרם,קבוצת יבנה,IL,קבוצת יבנה,גרמים,540.00,100 גרם,false,,12.90,0.0239,true,1,48062
7290002057604,false,פלפל חריף שיפקה קבוצת יבנה 225 גרם.,קבוצת יבנה,IL,קבוצת יבנה,גרמים,540.00,100 גרם,false,,5.50,0.0102,true,1,48065
7290002057628,false,טבעות זיתים מושחר קבוצת יבנה 275 גרם,קבוצת יבנה,IL,קבוצת יבנה,גרמים,560.00,100 גרם,false,,8.90,0.0159,true,1,48066
7290002057703,false,חצילים במלח קבוצת יבנה 320 גרם,קבוצת יבנה,IL,קבוצת יבנה,גרמים,540.00,100 גרם,false,,6.90,0.0128,true,1,48067
7290002057734,false,זיתים חרוזית מושחר קבוצת יבנה 275 גרם,קבוצת יבנה,IL,קבוצת יבנה,גרמים,540.00,100 גרם,false,,8.90,0.0165,true,1,48068
7290002057819,false,גמבה רצועות פלפל אדום A2 יבנה 300 גרם,קבוצת יבנה,IL,קבוצת יבנה,גרמים,300.00,100 גרם,false,,6.90,0.0230,true,1,48069
7290002065555,false,שישיית לחמנייה הכי רכה בהפסקה אנג'ל 450 גרם,מאפיית שלמה א. אנג'\ל בע,IL,אנג'ל,גרמים,450.00,100 גרם,false,,9.90,0.0220,true,1,35406
7290002065616,false,לחם שיפון גרעינים פרוס אחדות 750 גרם,מאפיית שלמה א. אנג'\ל בע,IL,אנג'ל,גרמים,750.00,100 גרם,false,,12.50,0.0167,true,1,35407
7290002077725,false,סלומון נורווגי מצונן דלידג 100ג',וי קינג V King,IL,דלידג,גרמים,100.00,100 גרם,false,,17.90,0.1790,true,1,45467
7290002105312,false,שריר הזרוע קפוא מחפו,,IL,בשר מס 8 מחפוד קפוא,קילוגרמים,1.00,"ק""ג",true,,54.90,54.9000,true,1,64575
7290002105510,false,קבב מזרחי מתובל וקפוא גלאט הדר בשר 500ג',עוף ירושלים,,קבב מזרחי מחפוד 500 גרם,גרמים,500.00,100 גרם,false,,18.90,0.0378,true,1,64578
7290002107385,false,גליל גבינת עיזים מה עז משק צוריאל 180 גרם,מחלבת משק צוריאל,IL,משק צוריאל,גרמים,180.00,100 גרם,false,,20.90,0.1161,true,1,48234
7290002107491,false,גבינה לבנה מחלב עיזים למריחה 5% משק צוריאל 250 גרם,מחלבת משק צוריאל,IL,משק צוריאל,גרמים,250.00,100 גרם,false,,14.90,0.0596,true,1,48235
7290002107798,false,גבינה בולגרית מעודנת 5% משק צוריאל 250 גרם,מחלבת משק צוריאל,IL,משק צוריאל,גרמים,250.00,100 גרם,false,,17.90,0.0716,true,1,48237
7290002107965,false,טבורוג גבינה לאפייה 5% צוריאל 500 ג',מחלבת משק צוריאל,IL,משק צוריאל,גרמים,500.00,100 גרם,false,,20.90,0.0418,true,1,48238
7290002109372,false,בורקס פילו אצבעות בולגרי 700 ג' שלושת האופים,שלושת האופים שגמור,IL,שגמור,גרמים,700.00,100 גרם,false,,16.90,0.0241,true,1,45469
7290002128014,false,נרות שבת מס 4 מנורה,"מנורה שי נר בע""מ",IL,מנורה,יח',4.00,יח',false,,3.90,0.9750,true,1,61015
7290002128045,false,נר הבדלה שטוח רגיל,"מנורה שי נר בע""מ",IL,מנורה,יח',1.00,יח',false,,4.90,4.9000,true,1,61018
7290002128250,false,"נרות שבת מ""ס 16",מנורה,IL,מנורה,יח',1.00,יח',false,,3.90,3.9000,true,1,61025
7290002128267,false,"נרות שבת מ""ס 20",מנורה,IL,מנורה,יח',1.00,יח',false,,3.90,3.9000,true,1,61026
7290002128311,false,נר נשמה בכוס ל-7 ימי,"מנורה שי נר בע""מ",IL,מנורה,יח',1.00,יח',false,,9.90,9.9000,true,1,61028
7290002128700,false,נרות חימום 50 יח' מנורה,"מנורה שי נר בע""מ",IL,מנורה,יח',50.00,יח',false,,11.90,0.2380,true,1,61033
7290002128762,false,נר נשמה בכוס 72 שעות,"מנורה שי נר בע""מ",IL,מנורה,יח',1.00,יח',false,,4.90,4.9000,true,1,61035
7290002128786,false,זוג כוסיות לנריות,"מנורה שי נר בע""מ",IL,מנורה,יח',2.00,יח',false,,3.90,1.9500,true,1,61036
7290002128946,false,נר נשמה בכוס 48 שעות,"מנורה שי נר בע""מ",IL,מנורה,יח',1.00,יח',false,,4.50,4.5000,true,1,61037
7290002130567,false,דבש דבורים טהור פרחי בר יד מרדכי 350 גרם,מכוורת יד מרדכי שטראוס ב,IL,יד מרדכי,גרמים,350.00,100 גרם,false,,14.90,0.0426,true,1,46407
7290002130581,false,"דבש טהור יד מרדכי 1 ק""ג",מכוורת יד מרדכי שטראוס ב,IL,יד מרדכי,קילוגרמים,1.00,"ק""ג",false,,42.90,42.9000,true,1,46409
7290002132011,false,עוגיות מזרחיות מלוחות עבאדי 400 גרם,מאפיית יוסף ושמחה עבאדי,IL,עבאדי,גרמים,400.00,100 גרם,false,,15.80,0.0395,true,1,50837
7290002150077,false,פלאפל חמים וטעים 400,"חמים וטעים בע""מ",IL,"חמים וטעים בע""מ",גרמים,400.00,100 גרם,false,,12.90,0.0323,true,1,42037
7290002150718,false,קרפלך כיסוני בצק במי,"חמים וטעים בע""מ",IL,"חמים וטעים בע""מ",גרמים,400.00,100 גרם,false,,12.90,0.0323,true,1,42041
7290002150732,false,קרפלך במילוי בשר 400גרם,"חמים וטעים בע""מ",IL,"חמים וטעים בע""מ",גרמים,400.00,100 גרם,false,,12.90,0.0323,true,1,42042
7290002150794,false,סיגרים במילוי בשר 40,"חמים וטעים בע""מ",IL,"חמים וטעים בע""מ",גרמים,400.00,100 גרם,false,,12.90,0.0323,true,1,42043
7290002150817,false,"סיגר תפו""א חמים וטעי","חמים וטעים בע""מ",IL,"חמים וטעים בע""מ",גרמים,400.00,100 גרם,false,,12.90,0.0323,true,1,42044
7290002150831,false,"פסטל תפו""א חמים וטעי","חמים וטעים בע""מ",IL,"חמים וטעים בע""מ",גרמים,400.00,100 גרם,false,,12.90,0.0323,true,1,42045
7290002150848,false,אגרול סיני חמים וטעי,"חמים וטעים בע""מ",IL,"חמים וטעים בע""מ",גרמים,400.00,100 גרם,false,,12.90,0.0323,true,1,42046
7290002150862,false,קובה בורגול בשר 400 גרם,"חמים וטעים בע""מ",IL,"חמים וטעים בע""מ",גרמים,400.00,100 גרם,false,,12.90,0.0323,true,1,42047
7290002157960,false,רביעיית טונה במים ויליגר 140 גרם,ויליגר,IL,ויליגר,גרמים,560.00,100 גרם,false,,19.90,0.0355,true,1,45480
7290002195078,false,קבב כבש בלדי קפוא 400 ג',בלדי,IL,בלדי,גרמים,400.00,100 גרם,false,,11.90,0.0298,true,1,55318
7290002195085,false,קבב מזרחי בלדי 400 ג'- 8 יח',יוליניבר,IL,בלדי,גרמים,400.00,100 גרם,false,,11.90,0.0298,true,1,55319
7290002195092,false,קבב רומני 400 גרם בלדי,בלדי,IL,בלדי,גרמים,400.00,100 גרם,false,,11.90,0.0298,true,1,55320
7290002198031,false,פסטרמה פרגיות ללחמניה,זוגלובק,IL,זוגלובק,קילוגרמים,1.00,"ק""ג",true,,79.00,79.0000,true,1,59333
7290002198048,false,פסטרמה הודו בתיבול שוואר,זוגלובק,IL,זוגלובק,קילוגרמים,1.00,"ק""ג",true,,79.00,79.0000,true,1,59334
7290002198109,false,צלעות אסאדו מעושנות קג,זוגלובק,IL,זוגלובק,קילוגרמים,1.00,"ק""ג",true,,124.00,124.0000,true,1,59339
7290002232995,false,פירורים לציפוי פז לל,פ.פ.ח. שאביט,IL,דגש,גרמים,500.00,100 גרם,false,,28.90,0.0578,true,1,68908
7290002239215,false,אפונה וגזר קפוא פרי גליל 800 גרם,"פרי הגליל בע""""מ",IL,פרי הגליל,גרמים,800.00,100 גרם,false,,9.90,0.0124,true,1,47760
7290002239307,false,שעועית צהובה 800 ג ' פרי הגליל,"פרי הגליל בע""""מ",IL,פרי הגליל,גרמים,800.00,100 גרם,false,,9.90,0.0124,true,1,47762
7290002239338,false,שעועית ירוקה פרי הגליל 800 גרם,"פרי הגליל בע""""מ",IL,פרי הגליל,גרמים,800.00,100 גרם,false,,9.90,0.0124,true,1,47763
7290002239369,false,שעועית ירוקה שלמה 800 גרם פרי הגליל,"פרי הגליל בע""""מ",IL,פרי הגליל,גרמים,800.00,100 גרם,false,,9.90,0.0124,true,1,47764
7290002239420,false,תירס גרעינים 800 ג ' פרי הגליל,"פרי הגליל בע""""מ",IL,פרי הגליל,גרמים,800.00,100 גרם,false,,9.90,0.0124,true,1,47765
7290002253006,false,שום כתוש דורות בצנצנת 200 גרם,עיצובים 2020 (3.8),IL,דורות,גרמים,200.00,100 גרם,false,,16.90,0.0845,true,1,33623
7290002253105,false,קוביות שום כתוש טרי דורות 80 גרם,עיצובים 2020 (3.8),IL,דורות,גרמים,80.00,100 גרם,false,,10.90,0.1363,true,1,33625
7290002253150,false,קוביות בזיליקום קצוץ דורות 70 גרם,עיצובים 2020 (3.8),IL,דורות,גרמים,70.00,100 גרם,false,,9.90,0.1414,true,1,33626
7290002253167,false,פטרוזיליה קצוצה דורות 70 גרם,עיצובים 2020 (3.8),IL,דורות,גרמים,70.00,100 גרם,false,,9.90,0.1414,true,1,33627
7290002253181,false,קוביות כוסברה קצוצה דורות 70 גרם,עיצובים 2020 (3.8),IL,דורות,גרמים,70.00,100 גרם,false,,9.90,0.1414,true,1,33629
7290002253198,false,ג'ינג'ר טרי כתוש במגשית 70 ג' דורות,עיצובים 2020 (3.8),IL,דורות,גרמים,90.00,100 גרם,false,,9.90,0.1100,true,1,33630
7290002259640,false,דיימונד רדיד אלומיניום צר 30 ס''מ 7.5 מ'-,ריינולדס מוצרי צריכה,US,דיימונד,מטרים,7.60,מטר,false,,11.90,1.5658,true,1,40404
7290002259664,false,רדיד אלומיניום דיימונד גדול 60X0.60מ',ריינולדס מוצרי צריכה,US,דיימונד,מטרים,60.40,מטר,false,,54.90,0.9089,true,1,40406
7290002265153,false,פלמידה בעישון קר ווא,אס.פי.פיש האוס,IL,אס.פי.פיש האוס,קילוגרמים,1.00,"ק""ג",true,,80.00,80.0000,true,1,54016
7290002265160,false,פלמידה בשמן,אס.פי.פיש האוס,IL,אס.פי.פיש האוס,קילוגרמים,1.00,"ק""ג",true,,95.00,95.0000,true,1,54005
7290002265191,false,מקרוסקה בואקום,,,מקרוסקה בואקום,קילוגרמים,1.00,"ק""ג",true,,99.00,99.0000,true,1,54017
7290002265214,false,פילה הרינג לבן בשמן,אס.פי.פיש האוס,IL,אס.פי.פיש האוס,קילוגרמים,1.00,"ק""ג",true,,50.00,50.0000,true,1,54007
7290002265245,false,פילה הרינג כבוש,אס.פי.פיש האוס,IL,אס.פי.פיש האוס,קילוגרמים,1.00,"ק""ג",true,,50.00,50.0000,true,1,54008
7290002277248,false,גבינת מון בלאן עם זעתר 120ג',שלושת האופים,IL,מון בלאן,גרמים,120.00,100 גרם,false,,8.90,0.0742,true,1,45483
7290002278528,false,כריות ניקוי שבתכלין ביאנקו שייני 2 יחידות,מ.א ייצור ושיווק מטל,IL,Bianco,יח',2.00,יח',false,,6.90,3.4500,true,1,35235
7290002281405,false,זוג סלט סלמון מעושן פיקנטי ויליגר 2*160 גרם,"ויליגר תעשיות בע""\מ",IL,ויליגר,גרמים,320.00,100 גרם,false,,9.90,0.0309,true,1,45487
7290002291046,false,המבורגר מסעדות 480 גרם הקצביה בלדי,יוליניבר,IL,בלדי,גרמים,480.00,100 גרם,false,,22.90,0.0477,true,1,55322
7290002319016,false,אבקת אפיה עשיריות מיה 100 גרם,מיה תעשיות מזון מ.ת.מ. ב,IL,מיה,גרמים,100.00,100 גרם,false,,1.90,0.0190,true,1,44636
7290002319023,false,סוכר וניל עשיריות מיה 100 גרם,מיה תעשיות מזון מ.ת.מ. ב,IL,מיה,גרמים,100.00,100 גרם,false,,1.90,0.0190,true,1,44637
7290002319054,false,פרג טחון מיה 100 גרם,מיה תעשיות מזון מ.ת.מ. ב,IL,פרג טחון 100 גרם,גרמים,100.00,100 גרם,false,,4.90,0.0490,true,1,44639
7290002319061,false,קוקוס טחון מיה 100 גרם,מיה תעשיות מזון מ.ת.מ. ב,IL,קוקוס טחון 100 גרם,גרמים,100.00,100 גרם,false,,3.70,0.0370,true,1,44640
7290002319078,false,שומשום מיה 100 גרם,"מיה תעשיות מזון בע""מ",IL,מיה,גרמים,100.00,100 גרם,false,,2.90,0.0290,true,1,44641
7290002319115,false,חומוס גדול יבש מיה 500 גר',מיה תעשיות מזון מ.ת.מ. ב,IL,מיה,גרמים,500.00,100 גרם,false,,6.90,0.0138,true,1,44643
7290002319139,false,שעועית לבנה יבשה מיה 500 ג',מיה תעשיות מזון מ.ת.מ. ב,IL,מיה,גרמים,500.00,100 גרם,false,,7.90,0.0158,true,1,44645
7290002319146,false,שעועית אדומה מיה 500 גרם,מיה תעשיות מזון מ.ת.מ. ב,IL,מיה,גרמים,500.00,100 גרם,false,,7.90,0.0158,true,1,44646
7290002319177,false,פופקורן גרעינים מיה 500 גר',מיה תעשיות מזון מ.ת.מ. ב,IL,מיה,גרמים,500.00,100 גרם,false,,4.90,0.0098,true,1,44648
7290002319191,false,עדשים ירוקים יבשים מיה 500 גר',מיה תעשיות מזון מ.ת.מ. ב,IL,מיה,גרמים,500.00,100 גרם,false,,6.90,0.0138,true,1,44650
7290002319207,false,מיה כוסמת 500 גרם,מיה תעשיות מזון מ.ת.מ. ב,IL,מיה,גרמים,500.00,100 גרם,false,,5.90,0.0118,true,1,44651
7290002319375,false,"קורנפלור 200 ג' בד""ץ מיה",מיה תעשיות מזון מ.ת.מ. ב,IL,מיה,גרמים,200.00,100 גרם,false,,2.90,0.0145,true,1,44656
7290002319771,false,"תמצית אפיה בטעם וניל מיה 50 מ""ל",מיה תעשיות מזון מ.ת.מ. ב,IL,מיה,מיליליטרים,50.00,"100 מ""ל",false,,2.90,0.0580,true,1,44667
7290002319788,false,"תמצית אפיה רום מיה 50 מ""ל",מיה תעשיות מזון מ.ת.מ. ב,IL,מיה,מיליליטרים,50.00,"100 מ""ל",false,,2.90,0.0580,true,1,44668
7290002319795,false,"תמצית אפיה שקדים מיה 50 מ""ל",מיה,IL,תמצית אפיה שקדים 60,מיליליטרים,60.00,"100 מ""ל",false,,3.90,0.0650,true,1,44669
7290002319825,false,אבקת סוכר מיה 100 גרם,מיה תעשיות מזון מ.ת.מ. ב,IL,מיה,גרמים,100.00,100 גרם,false,,1.90,0.0190,true,1,44670
7290002327028,false,ג'חנון תימני 3 האופים 650 גר',קריות זול,IL,אופרה,גרמים,650.00,100 גרם,false,,13.90,0.0214,true,1,45493
7290002327042,false,"בורקס תפו""א 800 גרם שלושת האופים",שלושת האופים,IL,אופרה,גרמים,800.00,100 גרם,false,,15.90,0.0199,true,1,45494
7290002327059,false,"בצק עלים 1 ק""ג שלושת האופים",שלושת האופים,IL,אופרה,קילוגרמים,1.00,"ק""ג",false,,16.90,16.9000,true,1,45495
7290002327066,false,קונכיות בצק למילוי 625 גרם שלושת האופים,שלושת האופים,IL,אופרה,גרמים,625.00,100 גרם,false,,14.90,0.0238,true,1,45496
7290002327073,false,בורקס גבינה 800 גרם שלושת האופים,שלושת האופים,IL,אופרה,גרמים,800.00,100 גרם,false,,16.90,0.0211,true,1,45497
7290002331360,false,"נביעות מים מינרליים טו גו מארז 500X6מ""ל",נביעות טבע,IL,נביעות,ליטרים,3.00,ליטר,false,,12.90,4.3000,true,1,38690
7290002331421,false,"שישיית מים מינרליים GO TO נביעות 755 מ""ל",נביעות טבע הגליל בעמ,IL,נביעות,ליטרים,4.53,ליטר,false,,16.90,3.7307,true,1,38691
7290002331483,false,"שישיית נביעות אישי בייבי 320 מ""ל",נביעות טבע הגליל בעמ,IL,נביעות,ליטרים,1.92,ליטר,false,,13.90,7.2396,true,1,38692
7290002331490,false,מים מינרליים נביעות 1 ליטר,נביעות טבע הגליל בעמ,IL,נביעות,ליטרים,1.00,ליטר,false,,2.90,2.9000,true,1,38693
7290002345015,false,סינטה דק דק אל גאוצ'ו 250ג' מינוט,"טיבון ויל אחזקות בע""\מ",IL,אל גאוצו,גרמים,250.00,100 גרם,false,,16.90,0.0676,true,1,45500
7290002345022,false,אנטריקוט דק דק מינוט סטייק אל גאוצ'ו 250 גרם,"טיבון ויל אחזקות בע""\מ",IL,אל גאוצו,גרמים,250.00,100 גרם,false,,15.90,0.0636,true,1,45501
7290002345060,false,גב.מאסדם הולנדי 29% משקל,סר קאשנדל בי.וי,NL,גבינת מאסדם הולנדי,קילוגרמים,1.00,"ק""ג",true,,75.00,75.0000,true,1,45337
7290002349914,false,מטליות מיקרופייבר יו,,IL,מטליות מיקרופייבר יו,יח',5.00,יח',false,,5.90,1.1800,true,1,65128
7290002349938,false,מטליות מיקרופייבר מק,,IL,מטליות מיקרופייבר מק,יח',5.00,יח',false,,11.90,2.3800,true,1,65130
7290002349945,false,כריות יפניות יוחננוף,,IL,כריות יפניות יוחננוף,יח',12.00,יח',false,,11.90,0.9917,true,1,65131
7290002349969,false,כריות קרצוף ללכלוך ק,,IL,כריות קרצוף ללכלוך ק,יח',3.00,יח',false,,6.90,2.3000,true,1,65133
7290002349983,false,מטליות רצפה מיקרופיי,,IL,מטליות רצפה מיקרופיי,יח',3.00,יח',false,,12.90,4.3000,true,1,65134
7290002353836,false,סרדינים רוברט בשמן זית 115 גרם,קונסרבס פורטוגל נורטה,PT,סרדין רוברט,גרמים,140.00,100 גרם,false,,8.90,0.0636,true,1,66009
7290002360124,false,חליטת צמחים ורד הבר והיביסקוס פומפדור 20 יחידות,TEEKANNE- POMPADOU,DE,פומפדור,גרמים,30.00,100 גרם,false,,11.90,0.3967,true,1,54273
7290002360155,false,חליטת תה פרחי שומר פומפדור 20 שקיקים,TEEKANNE- POMPADOU,DE,פומפדור,גרמים,30.00,100 גרם,false,,11.90,0.3967,true,1,54274
7290002360285,false,חליטת צמחים פומפדור קמומיל 20 יחידות,TEEKANNE- POMPADOU,DE,פומפדור,גרמים,30.00,100 גרם,false,,11.90,0.3967,true,1,54278
7290002370123,false,גבינת עיזים רכה 29% משקל,היחוס דה סאלבאדור,ES,וילי פוד,קילוגרמים,1.00,"ק""ג",true,,80.00,80.0000,true,1,40778
7290002370161,false,גבינת צדר בשלה MATURED ORANGE במשקל,ווייקה פארמס,GB,וילי פוד,קילוגרמים,1.00,"ק""ג",true,,95.00,95.0000,true,1,40780
7290002370239,false,גבינה פיקנטית29% משקל,אל פסטור,DE,say cheese,קילוגרמים,1.00,"ק""ג",true,,80.00,80.0000,true,1,40785
7290002370420,false,גבינת גאודה מהולנד 30% שומן שקיל (גלגל),איוויאן,NL,וילי פוד,קילוגרמים,1.00,"ק""ג",true,,69.00,69.0000,true,1,40791
7290002370475,false,גבינת דנהבלו בשלה31%משקל,קסרייס,ES,יורו צ'יז,קילוגרמים,1.00,"ק""ג",true,,55.00,55.0000,true,1,40792
7290002370789,false,גבינת כבשים עם פטריות כמהין במשקל 36% שו,אל פסטור,ES,*מבצע* גבינת כבשים ע,קילוגרמים,1.00,"ק""ג",true,,120.00,120.0000,true,1,40796
7290002370994,false,גבינת גאודה עם פטריות כמהין שקיל,רובין הולנד,NL,*מבצע* גאודה עם פטרי,קילוגרמים,1.00,"ק""ג",true,,110.00,110.0000,true,1,40801
7290002371533,false,דקניקים סלסולי פסטרמה דבש טירת צבי 120 גרם,הנסיך- מפעל לייצור ט,IL,טירת- צבי,גרמים,120.00,100 גרם,false,,12.90,0.1075,true,1,58457
7290002371540,false,דקניקים קורנדביף ללא גלוטן טירת צבי 120 גרם,הנסיך- מפעל לייצור ט,IL,טירת- צבי,גרמים,120.00,100 גרם,false,,12.90,0.1075,true,1,58458
7290002371571,false,פסטרמה פרגיות לבאגט במשקלטירת צבי,טירת- צבי,IL,טירת- צבי,קילוגרמים,1.00,"ק""ג",true,,79.00,79.0000,true,1,58422
7290002371854,false,נקניקיות עוף חריפות טירת צבי 2 * 500 גרם,הנסיך- מפעל לייצור ט,IL,טירת- צבי,קילוגרמים,1.00,"ק""ג",false,,22.90,22.9000,true,1,58459
7290002374268,false,שמן חמניות מילומור 1 ליטר,שמן תעשיות,IL,שמן חמניות מילומור,ליטרים,1.00,ליטר,false,,10.90,10.9000,true,1,30522
7290002374312,true,"שמן קנולה ""מילומור""",שמן תעשיות,IL,עץ הזית,ליטרים,1.00,ליטר,false,,10.90,10.9000,true,1,30523
7290002374640,false,שמן בריאות קנולה פלוס אומגה 3 עץ הזית 1 ליטר,שמן תעשיות,EE,עץ הזית,ליטרים,1.00,ליטר,false,,16.50,16.5000,true,1,30525
7290002385127,false,לבנה שמן זית וזעתר ב,מחלבות גד,IL,מחלבות גד,קילוגרמים,1.00,"ק""ג",true,,41.00,41.0000,true,1,45097
7290002385431,false,גבינה בולגרית 16% רכ,דשן,IL,מחלבות גד,קילוגרמים,1.00,"ק""ג",true,,59.00,59.0000,true,1,45102
7290002385455,false,בולגרית מעודנת 24% במשקל,מחלבות גד,IL,מחלבות גד,קילוגרמים,1.00,"ק""ג",true,,61.00,61.0000,true,1,45104
7290002385738,false,גבינת מנצ'גו משולשים גד,מחלבות גד,IL,מחלבות גד,קילוגרמים,1.00,"ק""ג",true,,130.00,130.0000,true,1,45189
7290002385745,false,גבינת פיקורינו משולשים גד,מחלבות גד,IL,מחלבות גד,קילוגרמים,1.00,"ק""ג",true,,130.00,130.0000,true,1,45190
7290002404583,false,"יין בראשית קברנה ארזה 750 מ""ל",יקבי ארזה,IL,יין קברנה בראשית- הי,מיליליטרים,750.00,"100 מ""ל",false,,39.90,0.0532,true,1,43582
7290002404590,false,"יין בראשית מרלו ארזה 750 מ""ל",יקבי ארזה,IL,ארזה,מיליליטרים,750.00,"100 מ""ל",false,,39.90,0.0532,true,1,43583
7290002404613,false,"היוצר וירטואוזו קברנה 750 מ""ל",יקבי ארזה,IL,ארזה,מיליליטרים,750.00,"100 מ""ל",false,,42.90,0.0572,true,1,43585
7290002404637,false,"היוצר וירטואוזו שיראז 750 מ""ל",יקבי ארזה,IL,ארזה,מיליליטרים,750.00,"100 מ""ל",false,,42.90,0.0572,true,1,43587
7290002410713,false,קישקע ממולא קפוא 500גרם,לאטי עזרא גלם ודגים,IL,מעדני הטלה,גרמים,500.00,100 גרם,false,,9.90,0.0198,true,1,36151
7290002479109,false,"דבש פרחי בר עמק חפר 1 ק""ג",מכוורת עמק חפר,IL,"דבש 1 ק""ג עמק חפר",גרמים,1000.00,100 גרם,false,,39.90,0.0399,true,1,63121
7290002479352,false,דבש טהור מפרחי בר עמק חפר 350 גרם,מכוורת עמק חפר,IL,דבש 350 גר עמק חפר,גרמים,350.00,100 גרם,false,,15.90,0.0454,true,1,63122
7290002479925,false,דבש מפרחי הדרים לחיץ 350 גרם,מכוורת עמק חפר,IL,דבש לחיץ 350 גרם עמק,גרמים,350.00,100 גרם,false,,16.90,0.0483,true,1,63123
7290002485025,false,סלט חומוס מסעדות 500 גרם,"סלטי שמיר 2006 בע""מ",IL,סלטי שמיר,גרמים,500.00,100 גרם,false,,13.90,0.0278,true,1,50588
7290002485049,false,סלט חומוס מסבחה 500 גרם,"סלטי שמיר 2006 בע""מ",IL,סלטי שמיר,גרמים,500.00,100 גרם,false,,13.90,0.0278,true,1,50589
7290002485063,false,סלט חומוס אבו גוש בי,"סלטי שמיר 2006 בע""מ",IL,סלטי שמיר,גרמים,500.00,100 גרם,false,,13.90,0.0278,true,1,50590
7290002487364,false,בורקס פילו גבינה זיתים 700 ג' שלושת האופים,שלושת האופים שגמור,IL,שגמור,גרמים,700.00,100 גרם,false,,16.90,0.0241,true,1,45528
7290002507383,false,גבינה בולגרית 5% במש,מחלבות בכר,IL,פנחס,קילוגרמים,1.00,"ק""ג",true,,75.00,75.0000,true,1,45338
7290002507390,false,גבינה בולגרית 16%משקל,פנחס,IL,פנחס,קילוגרמים,1.00,"ק""ג",true,,75.00,75.0000,true,1,45339
7290002507451,false,קציצות דג סלמון דלידג 750 גר',דלידג בעמ,IL,דלידג,גרמים,750.00,100 גרם,false,,24.90,0.0332,true,1,45534
7290002507604,false,פיצה שגב השף מאיטליה 350 גרם,האי נאם סי או אל.טי.,IT,שלושת האופים,גרמים,320.00,100 גרם,false,,14.90,0.0466,true,1,45535
7290002511229,false,בולגרית מעודנת 16% במשקל,"מחלבת המושבה בע""מ",IL,מחלבת המושבה,קילוגרמים,1.00,"ק""ג",true,,40.00,40.0000,true,1,53989
7290002511236,false,בולגרית מעודנת5% במשקל,"מחלבת המושבה בע""מ",IL,מחלבת המושבה,קילוגרמים,1.00,"ק""ג",true,,40.00,40.0000,true,1,53990
7290002511243,false,בולגרית מסורתית 16% משקל,"מחלבת המושבה בע""מ",IL,מחלבת המושבה,קילוגרמים,1.00,"ק""ג",true,,45.00,45.0000,true,1,53958
7290002511250,false,גב.שמנת שום שמיר30% משקל,"מחלבת המושבה בע""מ",IL,מחלבת המושבה,קילוגרמים,1.00,"ק""ג",true,,39.00,39.0000,true,1,53959
7290002511274,false,גבינת שמנת זיתים30%משקל,"מחלבת המושבה בע""מ",IL,מחלבת המושבה,קילוגרמים,1.00,"ק""ג",true,,39.00,39.0000,true,1,53961
7290002511281,false,גבינת ברינזה צאן18% משקל,"מחלבת המושבה בע""מ",IL,מחלבת המושבה,קילוגרמים,1.00,"ק""ג",true,,80.00,80.0000,true,1,53962
7290002512004,false,מלוואח צנעני 900 גרם,צנעני מוצרי בצק,IL,צנעני,גרמים,900.00,100 גרם,false,,19.90,0.0221,true,1,37554
7290002512011,false,צנעני גחנון 900 גרם,צנעני מוצרי בצק,IL,צנעני,גרמים,900.00,100 גרם,false,,19.90,0.0221,true,1,37555
7290002512035,false,"בצק עלים צנעני 1 ק""ג",צנעני מוצרי בצק,IL,צנעני,קילוגרמים,1.00,"ק""ג",false,,17.90,17.9000,true,1,37556
7290002512509,false,מלוואח אלפא 700 גרם,,,מלוואח אלפא 700 גרם,גרמים,700.00,100 גרם,false,,9.90,0.0141,true,1,37561
7290002512547,false,בצק עלים אלפא 750 גר,צנעני,IL,בצק עלים אלפא,גרמים,750.00,100 גרם,false,,9.90,0.0132,true,1,37562
7290002512554,false,גחנון אלפא 700 גרם,,,גחנון אלפא 700 גרם,גרמים,700.00,100 גרם,false,,9.90,0.0141,true,1,37563
7290002515333,false,"ד""ר פישר - קמיל בלו סנסיטיב אל סבון עדין לתינוק 500 מ""ל",פישר מעבדות פרמצבטיות בע,IL,קמיל בלו סנסיטיב,מיליליטרים,500.00,"100 מ""ל",false,,17.90,0.0358,true,1,44844
7290002515371,false,"קמיל בלו אל סבון לתינוקות ד""ר פישר 1 ליטר",פישר מעבדות פרמצבטיות בע,IL,קמיל בלו,ליטרים,1.00,ליטר,false,,26.90,26.9000,true,1,44845
7290002517337,false,אורגנו עלים 20 גר' טעם וריח,"תבליני טעם וריח בע""מ",IL,"תבליני טעם וריח בע""מ",גרמים,20.00,100 גרם,false,,5.90,0.2950,true,1,56052
7290002517375,false,בזילקום עלים 30 גר' טעם וריח,"תבליני טעם וריח בע""מ",IL,"תבליני טעם וריח בע""מ",גרמים,30.00,100 גרם,false,,5.90,0.1967,true,1,56053
7290002542780,false,"שישייה בירה סטלה ארטואה בקבוק 330X6 מ""ל","אינבב, ברוורייפליין",BE,שישיית בירה סטלה 330,ליטרים,1.98,ליטר,false,,34.90,17.6263,true,1,53912
7290002560135,false,נורמה ניילון נצמד 15,,,ניילון נצמד 150 מטר,יח,1.00,יח,false,,14.90,14.9000,true,1,32773
7290002560333,false,שקיות אוכל מארז שלשה,,,שקיות אוכל מארז שלשה,יח,3.00,יח,false,,7.90,2.6333,true,1,32776
7290002564515,false,"קליפות הדר מצופות בשוקולד מריר, 100 גרם",אופנהיימר,US,קליפות הדר מצופות בש,גרמים,100.00,100 גרם,false,,9.90,0.0990,true,1,50838
7290002564539,false,"דרז`ה פקאן בשוקולד מריר, 100 גרם",אופנהיימר,US,דרז'ה פקאן בשוקולד מ,גרמים,100.00,100 גרם,false,,9.90,0.0990,true,1,50840
7290002623007,false,"גבינה אמנטל 26% גוש 1 ק""ג ארצינו",פרומגרי ליס דהור אוב,FR,מכבי,קילוגרמים,1.00,"ק""ג",true,,159.00,159.0000,true,1,55700
7290002623311,false,גבינת ברי שקיל,פרומגרי גילו,FR,מכבי,קילוגרמים,1.00,"ק""ג",true,,149.00,149.0000,true,1,55687
7290002623373,false,גבינת עיזים עם עובש לבן,קוופרטיב ליאטיאר דה,FR,מכבי,קילוגרמים,1.00,"ק""ג",true,,189.00,189.0000,true,1,55689
7290002623427,false,ג.כחולה עדינה 33%,לקאוי,FR,מכבי,קילוגרמים,1.00,"ק""ג",true,,149.00,149.0000,true,1,55691
7290002627753,false,פיצה זוג יוחננוף 320,סוילה אס.אר.אל ויטו,IT,יוחננוף,גרמים,640.00,100 גרם,false,,20.90,0.0327,true,1,45554
7290002628170,false,צלי כתף מס' 5 - חלק - ברזיל,בלדי,BR,בשר מס 5 חלק קפוא,קילוגרמים,1.00,"ק""ג",true,,69.90,69.9000,true,1,71961
7290002651116,false,גחנון חמסי 1 קג לא א,מאפיית אריאל,IL,חמסי,קילוגרמים,1.00,"ק""ג",false,,15.90,15.9000,true,1,36157
7290002674221,false,"אקווה פרש משחת שינים משאבה מנטה 100 מ""ל",גלקסו סמית קליין,GB,אקווה פרש,מיליליטרים,100.00,"100 מ""ל",false,,11.90,0.1190,true,1,40407
7290002692393,false,שמן קנולה מזוכך מועשר עץ הזית 1 ליטר,שמן תעשיות בעמ,EE,עץ הזית,ליטרים,1.00,ליטר,false,,15.90,15.9000,true,1,30526
7290002692478,false,"שמן זית כתית מעולה מעודן עץ הזית 750 מ""ל","מרקאולאו, ספרד.אבסה,",IT,עץ הזית,מיליליטרים,750.00,"100 מ""ל",false,,32.90,0.0439,true,1,30527
7290002692768,false,"תרסיס שמן קנולה מזוכך ללא תוספת גז עץ הזית 200 מ""ל",טרנסומס פוד איי בי,IT,עץ הזית,מיליליטרים,200.00,"100 מ""ל",false,,13.90,0.0695,true,1,30528
7290002715504,false,ארוחת נודלס בטעם עוף מג'יק 70 גרם,טאט הוי פוד בעמ,SG,מג'יק,גרמים,70.00,100 גרם,false,,4.50,0.0643,true,1,45558
7290002715511,false,ארוחת נודלס בטעם בשר מג'יק 70 גרם,טאט הוי פוד בעמ,SG,מג'יק,גרמים,70.00,100 גרם,false,,4.50,0.0643,true,1,45559
7290002715528,false,ארוחת נודלס בטעם ירקות מג'יק 70 גרם,טאט הוי פוד בעמ,SG,מג'יק,גרמים,70.00,100 גרם,false,,4.50,0.0643,true,1,45560
7290002715580,false,ארוחת נודלס בטעם סיני חריף מג'יק 70 גרם,טאט הוי פוד בעמ,SG,מג'יק,גרמים,70.00,100 גרם,false,,4.50,0.0643,true,1,45561
7290002730262,false,"נוזל לניקוי כלים קלאסי פלמוליב 750 מ""ל",יבואן ומשווק: ש. שסט,GR,פלמוליב כלים,מיליליטרים,750.00,"100 מ""ל",false,,8.80,0.0117,true,1,54280
7290002730521,false,צימרוני אוזניים בלונס בקופסא 200 יח',קריות זול,GR,בלונס,יח',200.00,יח',false,,6.90,0.0345,true,1,54283
7290002730538,false,פדיות להסרת איפור בלונס 80 יחידות,הנסיך- מפעל לייצור ט,GR,בלונס,יח',80.00,יח',false,,8.90,0.1113,true,1,54284
7290002730811,false,"משחת שיניים ג'ל פסים מרעננים קולגייט 100 מ""ל",הנסיך- מפעל לייצור ט,PL,קולגייט,מיליליטרים,100.00,"100 מ""ל",false,,11.90,0.1190,true,1,54287
7290002730941,false,כדורי צמר גפן בלונס 100 יחידות,הנסיך- מפעל לייצור ט,GR,בלונס,גרמים,100.00,100 גרם,false,,6.90,0.0690,true,1,54290
7290002735014,false,מלווח ארוז ינון 800ג,ג'נרל מילס סאן אדריא,IL,יינון,גרמים,750.00,100 גרם,false,,13.90,0.0185,true,1,32786
7290002735021,false,ג'חנון קפוא ינון 750 גרם,ג'נרל מילס סאן אדריא,IL,יינון,גרמים,750.00,100 גרם,false,,13.90,0.0185,true,1,32787
7290002735274,false,ג'חנון אפוי ינון 600 גרם,ג'נרל מילס סאן אדריא,IL,יינון,גרמים,600.00,100 גרם,false,,16.90,0.0282,true,1,32792
7290002752332,false,"סוכריות מנטוס פירות בגליל, 37.5 גרם",הדקלאים אגודת שיתופי,NL,מנטוס,גרמים,37.50,100 גרם,false,,2.90,0.0773,true,1,44080
7290002752349,false,סוכריות מנטוס מנטה 40יח' בגליל 38ג',פרפטי ואן מלה,NL,מנטוס,גרמים,37.50,100 גרם,false,,2.90,0.0773,true,1,44081
7290002752493,false,רביעיה סוכריות מנטה 4* 16 ג' טיק טק,פררו - אלבה,ZA,פררו,גרמים,64.00,100 גרם,false,,10.90,0.1703,true,1,60099
7290002753223,false,רביעייה סוכריות תפוז 4*16 ג' טיק טק,פררו - אלבה,ZA,פררו,גרמים,64.00,100 גרם,false,,10.90,0.1703,true,1,60100
7290002753995,false,סוכריות עדשים לקישוט עוגה וורנר 6*25 גרם,היינץ צפון אמריקה מק,DE,וורנר,גרמים,150.00,100 גרם,false,,15.90,0.1060,true,1,44083
7290002757139,false,מלאווח תימני מקורי 3 האופים 700 גר',שלושת האופים,IL,אופרה,גרמים,700.00,100 גרם,false,,12.90,0.0184,true,1,45563
7290002757511,false,קציצות דג לבישול דלידג 750 גרם,האי נאם סי או אל.טי.,IL,דלידג,גרמים,750.00,100 גרם,false,,26.90,0.0359,true,1,45565
7290002757528,false,"בורקס פילו-תפו""א 700 גרם",שלושת האופים שגמור,IL,שגמור,גרמים,500.00,100 גרם,false,,16.90,0.0338,true,1,45566
7290002757535,false,בורקס פילו אצבעות גבינה שלושת האופים 700 גרם,שלושת האופים שגמור,IL,שגמור,גרמים,700.00,100 גרם,false,,16.90,0.0241,true,1,45567
7290002768043,false,"תיאדנט מי-פה ענק פלאוריד 150 מ""ל",אמיליה קוסמטיקס בע'\'\מ,IL,תיאדנט גדול,מיליליטרים,150.00,"100 מ""ל",false,,14.90,0.0993,true,1,39144
7290002768074,false,אל סבון נוזלי רגיל דרמפון 1 ליטר,"אמיליה קוסמטיקס בע""מ",IL,דרמפון,ליטרים,1.00,ליטר,false,,17.90,17.9000,true,1,39145
7290002771104,false,קפה עם הל אל נחלה 500 גרם,מולינו ניקולי s.p.a,IL,קפה אלנחלה הל 500 גרם,גרמים,500.00,100 גרם,false,,29.90,0.0598,true,1,30767
7290002771111,false,קפה עם הל אל נחלה 250 גרם,מולינו ניקולי s.p.a,IL,קפה אלנחלה הל 250 גרם,גרמים,250.00,100 גרם,false,,15.90,0.0636,true,1,30768
7290002782131,false,"פנינה רוזנבלום - דאודורנט ספריי לאישה מס' 1 150 מ""ל",פנינה רוזנבלום,IL,פנינה רוזנבלום בע'מ,מיליליטרים,150.00,"100 מ""ל",false,,24.90,0.1660,true,1,47859
7290002782735,false,"דאודורנט ספריי לגבר מס' 1 180 מ""ל פנינה רוזנבלום",פנינה רוזנבלום,IL,פנינה רוזנבלום בע'מ,מיליליטרים,150.00,"100 מ""ל",false,,14.90,0.0993,true,1,47860
7290002782759,false,"פנינה קרם גוף רוזנבלום 400 מ""ל",פנינה רוזנבלום,IL,פנינה רוזנבלום בע'מ,מיליליטרים,340.00,"100 מ""ל",false,,20.90,0.0615,true,1,47862
7290002793311,false,שירות והחלפה מילוי גז 60 סודהסטרים,סודה סטרים,IL,סודה סטרים,יח',1.00,יח',false,,56.90,56.9000,true,1,46208
7290002805151,false,סיף פנטסטיק לרצפות בניחוח סחלבים 4ל',יוניליוור ישראל טיפו,IL,CIF,ליטרים,4.00,ליטר,false,,22.90,5.7250,true,1,51436
7290002814016,false,"מסיר שומנים מתז 750 מ""ל סנט מוריץ כשל""פ עד""ח","קומפלקס כימיקלים בע""",IL,סנט מוריץ,מיליליטרים,750.00,"100 מ""ל",false,,12.90,0.0172,true,1,40723
7290002814054,false,סנט מוריץ מתז אנטרטיק מתז 1 ליטר,קומפלקס כימיקלים בעמ,IL,סנט מוריץ,ליטרים,1.00,ליטר,false,,9.90,9.9000,true,1,40726
7290002814078,false,סנט מוריץ נוזל לניקוי אמבט אנטרטיק 1ל',"קומפלקס כימיקלים בע""",IL,סנט מוריץ,ליטרים,1.00,ליטר,false,,4.90,4.9000,true,1,40727
7290002814306,false,כדוריות סבון אסלה עם,,TR,כדוריות סבון אסלה עם,יח',3.00,יח',false,,9.90,3.3000,true,1,71390
7290002814351,false,"מילוי מכשיר אוויר 250 מ""ל fashion sweetie סנט מוריץ",סורה קוסמטיקס,TR,מילוי למבשם אוויר או,מיליליטרים,250.00,"100 מ""ל",false,,9.90,0.0396,true,1,70351
7290002814528,false,נוזל לניקוי האסלה סנט מוריץ 1 ליטר,קומפלקס כימיקלים בעמ,IL,סנט מוריץ,ליטרים,1.00,ליטר,false,,4.90,4.9000,true,1,40737
7290002814580,false,טורנדו גרגירים לפתיחת סתימות 200 גרם,"קומפלקס כימיקלים בע""",IL,טורנדו,גרמים,200.00,100 גרם,false,,9.90,0.0495,true,1,40739
7290002814603,false,"סנט מוריץ - מרסס מסיר שומנים קר מבושם לימון 750 מ""ל",קומפלקס כימיקלים בעמ,IL,סנט מוריץ,מיליליטרים,750.00,"100 מ""ל",false,,9.90,0.0132,true,1,40741
7290002814795,false,כדוריות סבון אסלה לי,,TR,כדוריות סבון אסלה לי,יח',3.00,יח',false,,9.90,3.3000,true,1,71391
7290002814801,false,כדוריות סבון אסלה פר,,TR,כדוריות סבון אסלה פר,יח',3.00,יח',false,,9.90,3.3000,true,1,71392
7290002814818,false,כדוריות סבון אסלה עם,,TR,כדוריות סבון אסלה עם,יח',3.00,יח',false,,9.90,3.3000,true,1,71393
7290002814917,false,תכשיר ס.מוריץ מרוכז לרצפות לוונדר 4 ל',קומפלקס כימיקלים,IL,נוזל רצפות 4 ליטר,ליטרים,4.00,ליטר,false,,9.90,2.4750,true,1,40749
7290002814931,false,נוזל רצפות שמפו פרחים סנט מוריץ 4 ליטר,"קומפלקס כימיקלים בע""",IL,סנט מוריץ,ליטרים,4.00,ליטר,false,,9.90,2.4750,true,1,40750
7290002824183,false,"גבינה לבנה סקי 500 גרם 5% ""שטראוס"" -מוצר בפיקוח",מיוצר עי קונדיטוריית,IL,שטראוס,גרמים,500.00,100 גרם,false,,9.30,0.0186,true,1,48821
7290002824466,false,יוגורט דנונה ביו לבן 0% שומן 200 גרם,"שטראוס בריאות בע""\מ",IL,שטראוס,מיליליטרים,200.00,"100 מ""ל",false,,3.50,0.0175,true,1,48822
7290002824640,false,"גבינת סקי 250 גרם 5% ""שטראוס"" -מוצר בפיקוח",מיוצר עי קונדיטוריית,IL,שטראוס,גרמים,250.00,100 גרם,false,,4.95,0.0198,true,1,48823
7290002825722,false,סלט כרוב אדום אחלה 500 גרם,מיוצר עי קונדיטוריית,IL,שטראוס,גרמים,500.00,100 גרם,false,,13.90,0.0278,true,1,48825
7290002842002,false,פתיתי שיבולת שועל קוואקר אנגלי מורנפלייק,מורנינג פוד,GB,מורפלקס,גרמים,500.00,100 גרם,false,,9.90,0.0198,true,1,44084
7290002862222,false,פירורי לחם לבנים 1 ק,,,*מבצע* פירורי לחם לב,יח',1.00,יח',false,,9.00,9.0000,true,1,62037
7290002862444,false,פירורי לחם מוזהבים 1,,,פירורי לחם מוזהב 800ג,קילוגרמים,1.00,"ק""ג",false,,9.00,9.0000,true,1,62045
7290002862482,false,פירורי לחם לשניצל בטעם קלאסי 500 גרם,הררית הגליל,,פירורי לחם מתובלים 500ג,גרמים,500.00,100 גרם,false,,7.90,0.0158,true,1,62046
7290002868996,false,"קוטג' 5% שומן, רכיבים טבעיים, 250 גרם",קריות זול,IL,טרה,גרמים,250.00,100 גרם,false,,5.30,0.0212,true,1,48239
7290002871361,false,"בירה קרלסברג בקבוק 500 מ""ל חוזר",מבשלות בירה בינלאומיות ב,IL,קרלסברג,מיליליטרים,500.00,"100 מ""ל",false,,7.90,0.0158,true,1,38697
7290002881209,false,רסק תפוחי עץ דיאט 700 ג' תומר,KONSERVENFABRIEK BALTUSSEN,NL,רסק תפוחי עץ,גרמים,720.00,100 גרם,false,,11.90,0.0165,true,1,53633
7290002881247,false,פרוסות אננס בסירופ קל תומר 850 גרם,"אניס פארם בע""מ",VN,אננס פרוס 820 גרם,גרמים,820.00,100 גרם,false,,9.90,0.0121,true,1,53636
7290002881407,false,נודלס אטריות ביצים דק תומר 400ג',קריות זול,CN,תומר,גרמים,400.00,100 גרם,false,,7.90,0.0198,true,1,30351
7290002881414,false,תומר-אטריות ביציםעבו,אופאל,CN,תומר,גרמים,400.00,100 גרם,false,,7.90,0.0198,true,1,30352
7290002881506,false,חמאת בוטנים תומר 510 ג',Niza s a,,חמאת בוטנים,גרמים,510.00,100 גרם,false,,12.90,0.0253,true,1,53643
7290002881612,false,לפתן דובדבנים חמוצים ללא חרצן תומר 720 ג',Fructo sliven jsc,BG,תומר,גרמים,700.00,100 גרם,false,,8.90,0.0127,true,1,53648
7290002881940,false,סרדינים מרוקאי בשמן חמניות 125ג' תומר,Union des pecheries,,סרדין מרוקאי בשמן 125 גרם,גרמים,125.00,100 גרם,false,,4.90,0.0392,true,1,53656
7290002900313,false,פסטרמה ספרדיתטירת צבי,טירת- צבי,IL,טירת- צבי,קילוגרמים,1.00,"ק""ג",true,,79.00,79.0000,true,1,58423
7290002900436,false,פסטרמה איטלקי מילנו משקל,טירת- צבי,IL,טירת- צבי,קילוגרמים,1.00,"ק""ג",true,,79.00,79.0000,true,1,58424
7290002900566,false,פסטרמה ברביקיו דל שומן טירת צבי 400 גרם,הנסיך- מפעל לייצור ט,IL,טירת- צבי,גרמים,360.00,100 גרם,false,,25.90,0.0719,true,1,58464
7290002904694,false,"טיטניום דאודורנט ספריי לגברים 150 מ""ל","אמיליה קוסמטיקס בע""מ",IL,טיטניום,מיליליטרים,180.00,"100 מ""ל",false,,14.90,0.0828,true,1,39147
7290002919926,false,בשר מס 4 חלק קפוא,JBS S.A,BR,בלדי,קילוגרמים,1.00,"ק""ג",true,,34.90,34.9000,true,1,55348
7290002921165,false,"חלב לניקוי רהיטי עור הזלין יעקבי 400 מ""ל",אסטוניש -לידס,CH,הזלין,מיליליטרים,400.00,"100 מ""ל",false,,37.90,0.0947,true,1,43520
7290002921240,false,"קרבונה שמפוזר לניקוי שטיחים וריפוד יעקבי 650 מ""ל",קרבונה Carbona,MX,קרבונה,מיליליטרים,651.00,"100 מ""ל",false,,26.90,0.0413,true,1,43521
7290002925729,false,"גם וגם משחת שיניים כחול ומי פה בטעם פפרמינט 120 מ""ל","אמיליה קוסמטיקס בע""מ",IL,מ.שיניים גם וגם,מיליליטרים,120.00,"100 מ""ל",false,,14.90,0.1242,true,1,39148
7290002925798,false,"גם וגם משחת שיניים ירוק מי פה לייט 120 מ""ל",אמיליה קוסמטיקס,IL,מ.שיניים גם וגם,מיליליטרים,120.00,"100 מ""ל",false,,14.90,0.1242,true,1,39149
7290002929642,false,רביעיית טונה בשמן ויליגר 140 גרם,דיאמנט פוד פרודקט קו,TH,ויליגר,גרמים,560.00,100 גרם,false,,19.90,0.0355,true,1,45587
7290002971955,false,"קמח שטיבל 650 ללא ניפוי 1 ק""ג",טחנת קמח דגן-שטיבל,IL,קמח שטיבל 650 ל.צ.נ,קילוגרמים,1.00,"ק""ג",false,,7.90,7.9000,true,1,41727
7290002971962,false,"קמח שטיבל חיטה מלא ללא ניפוי 1 ק""ג",טחנת קמח דגן-שטיבל,IL,קמח חיטה מלא % 100 ל,קילוגרמים,1.00,"ק""ג",false,,7.90,7.9000,true,1,41728
7290002971986,false,קמח שיפון ללא צורך ב,טחנת קמח דגן-שטיבל,IL,קמח שיפון מלא ל.צ.נ,קילוגרמים,1.00,"ק""ג",false,,7.90,7.9000,true,1,41729
7290002971993,false,"קמח כוסמין מס 14 ללא ניפוי 1 ק""ג",טחנת קמח דגן-שטיבל,IL,קמח כוסמין מלא שטיבל,קילוגרמים,1.00,"ק""ג",false,,12.90,12.9000,true,1,41730
7290002972006,false,"קמח שטיבל 405 ללא ניפוי 1 ק""ג",טחנת קמח דגן-שטיבל,IL,קמח שטיבל 405 ל.צ.נ,קילוגרמים,1.00,"ק""ג",false,,7.90,7.9000,true,1,41731
7290002972365,false,קמח תופח שטיבל 13 ללא צורך בניפוי 1 קג,מיוצר עי קונדיטוריית,IL,קמח שטיבל 13 תופחל.צ,קילוגרמים,1.00,"ק""ג",false,,7.90,7.9000,true,1,41732
7290002972426,false,"קמח חיטה 80% ללא ניפוי שטיבל 1ק""ג",טחנת קמח דגן-שטיבל,IL,קמח שטיבל 80% ל.צ.נ,קילוגרמים,1.00,"ק""ג",false,,7.90,7.9000,true,1,41733
7290002972518,false,קמח רב תכליתי 2.27 ק,טחנת קמח דגן-שטיבל,IL,קמח רב תכליתי 2.27 ק,גרמים,2270.00,100 גרם,false,,14.90,0.0066,true,1,41734
7290002973669,false,"קמח שטיבל ללחם 2 ללא ניפוי 1 ק""ג",טחנת קמח דגן-שטיבל,IL,שטיבל,קילוגרמים,1.00,"ק""ג",false,,7.90,7.9000,true,1,41735
7290002973676,false,"קמח שטיבל לחלה 18 ללא ניפוי 1 ק""ג",טחנת קמח דגן-שטיבל,IL,שטיבל,קילוגרמים,1.00,"ק""ג",false,,7.90,7.9000,true,1,41736
7290002973829,false,"קמח כוסמין לבן ללא ניפוי שטיבל 1 ק""ג","שטיבל בע""מ",IL,שטיבל,קילוגרמים,1.00,"ק""ג",false,,13.90,13.9000,true,1,41738
7290002974116,false,"קמח שטיבל כפרי 3 ללא ניפוי 1 ק""ג","שטיבל בע""מ",IL,שטיבל,קילוגרמים,1.00,"ק""ג",false,,8.90,8.9000,true,1,41739
7290002974222,false,"קמח שטיבל לעוגיות 4 ללא ניפוי 1 ק""ג","שטיבל בע""מ",IL,שטיבל,קילוגרמים,1.00,"ק""ג",false,,7.90,7.9000,true,1,41740
7290002974239,false,קמח עוגות שטיבל 5 ל.,"שטיבל בע""מ",IL,שטיבל,קילוגרמים,1.00,"ק""ג",false,,7.90,7.9000,true,1,41741
7290002974314,false,"קמח פיצה שטיבל 1 ק""ג",טחנת קמח דגן-שטיבל,IL,שטיבל,קילוגרמים,1.00,"ק""ג",false,,9.90,9.9000,true,1,41742
7290002974352,false,קמח מלא חיטה ישראלית,טחנת קמח דגן-שטיבל,IL,קמח מלא חיטה ישראלית,קילוגרמים,1.00,"ק""ג",false,,8.50,8.5000,true,1,41744
7290002986294,false,פתיבר ג'מבו גטניו 600 גרם,אחים גטניו,IL,פתיבר גמבו 600 גרם,גרמים,600.00,100 גרם,false,,10.90,0.0182,true,1,37604
7290002986300,false,פתיבר ג'מבו שוקו גטניו 600 גרם,,,פתיבר גמבו שוקו 600 גרם,גרמים,600.00,100 גרם,false,,10.90,0.0182,true,1,37605
7290002987963,false,"סלט חומוס אחלה 1 ק""ג",מיוצר עי קונדיטוריית,IL,אחלה,קילוגרמים,1.00,"ק""ג",false,,13.90,13.9000,true,1,48826
7290003006021,false,סלט קוביות בולגרי25%משקל,גבינות אמיר ניצן בעמ,IL,גבינות ניצן,קילוגרמים,1.00,"ק""ג",true,,70.00,70.0000,true,1,35936
7290003006120,false,פינצ'וס פלפלונים+גב.משקל,גבינות אמיר ניצן בעמ,IL,גבינות ניצן,קילוגרמים,1.00,"ק""ג",true,,159.00,159.0000,true,1,35937
7290003009183,false,"סירופ דיאט תפוחים פריגת 750 מ""ל",סירופ - גבעת חיים,IL,סירופ דיאט,מיליליטרים,750.00,"100 מ""ל",false,,21.90,0.0292,true,1,38705
7290003009312,false,בוטן קלוי קליית גת 200 גרם,הדקלאים אגודת שיתופי,IL,קליית גת,גרמים,200.00,100 גרם,false,,6.90,0.0345,true,1,44085
7290003009329,false,בוטנים אמריקאיים קליית גת 200 גרם,הדקלאים אגודת שיתופי,IL,קליית גת,גרמים,200.00,100 גרם,false,,5.90,0.0295,true,1,44086
7290003009336,false,קבוקים קליית גת 200 גרם,הדקלאים אגודת שיתופי,IL,קליית גת,גרמים,200.00,100 גרם,false,,5.90,0.0295,true,1,44087
7290003009640,false,מיץ תפוזים סחוט רכיבים טבעיים פריגת 1 ליטר,פריגת מצוננים,IL,סחוט טבעי,ליטרים,1.00,ליטר,false,,15.90,15.9000,true,1,48240
7290003015627,false,"נוזל רצפות אפרסק 2 ליטר ""ריצפז פרש""","סנו מפעלי ברונוס בע""",IL,ריצפז,ליטרים,2.00,ליטר,false,,14.90,7.4500,true,1,39152
7290003015634,false,סנו ריצפז פרש 2 ליטר פסיפלורה,קריות זול,IL,ריצפז,ליטרים,2.00,ליטר,false,,14.90,7.4500,true,1,39153
7290003026036,false,"ד""ר פישר - קמיל בלו סנסיטיב אל סבון עדין לתינוק 1 ליטר",פישר מעבדות פרמצבטיות בע,IL,קמיל בלו סנסיטיב,ליטרים,1.00,ליטר,false,,24.90,24.9000,true,1,44847
7290003026227,false,"קמיל בלו שמפו לתינוק סנסיטיב אל דמע ד""ר פישר 1 ליטר",פישר מעבדות פרמצבטיות בע,IL,קמיל בלו סנסיטיב,ליטרים,1.00,ליטר,false,,24.90,24.9000,true,1,44849
7290003029181,false,משקה יטבתה שוקו' בקבוק 1ל מהדרין,שטראוס גרופ,IL,יטבתה,ליטרים,1.00,ליטר,false,,9.90,9.9000,true,1,48830
7290003029372,false,משקה חלב בטעם בננה יטבתה 1 ליטר,שטראוס גרופ,IL,יטבתה,ליטרים,1.00,ליטר,false,,9.90,9.9000,true,1,48832
7290003029389,false,"משקה חלב בננה פקק ספורט 250 מ""ל יוטבתה",שטראוס גרופ,IL,יטבתה,מיליליטרים,250.00,"100 מ""ל",false,,5.50,0.0220,true,1,48833
7290003029433,false,"משקה יטבתה שוקו פקק 250 מ""ל מהדרין",שטראוס גרופ,IL,יטבתה,מיליליטרים,250.00,"100 מ""ל",false,,5.50,0.0220,true,1,48834
7290003029532,false,מוקה בבקבוק יטבתה 1 ליטר מהדרין,שטראוס גרופ,IL,יטבתה,ליטרים,1.00,ליטר,false,,9.90,9.9000,true,1,48835
7290003029617,false,שמנת מנה אישית 100 גרם מהדרין,שטראוס גרופ,IL,יטבתה,גרמים,100.00,100 גרם,false,,2.00,0.0200,true,1,48836
7290003029792,false,"משקה יטבתה שוקו שקיות מהדרין מארז 225X8מ""ל",שטראוס גרופ,IL,יטבתה,ליטרים,1.80,ליטר,false,,18.90,10.5000,true,1,48837
7290003029815,false,כד חלב 3% יטבתה 2 ליטר מהדרין,שטראוס גרופ,IL,יטבתה,ליטרים,2.00,ליטר,false,,14.90,7.4500,true,1,48838
7290003029907,false,אייס קפה יטבתה 1 ליטר מהדרין,שטראוס גרופ,IL,יטבתה,ליטרים,1.00,ליטר,false,,9.90,9.9000,true,1,48840
7290003031702,false,"נקניקיות הודו מחפוד וואקום 1 ק""ג טירת צבי",טיב טירת צבי 2000,IL,טירת צבי,קילוגרמים,1.00,"ק""ג",false,,24.90,24.9000,true,1,58465
7290003031740,false,פסטרמה הודו בדבש 3% טירת צבי 400 גרם,טיב טירת צבי 2000,IL,טירת צבי,גרמים,400.00,100 גרם,false,,27.90,0.0697,true,1,58467
7290003031788,false,צמד כפרי סלמי+פסטרמה טירת צבי 400X2ג' מחפוד,טיב טירת צבי 2000,IL,טירת צבי,גרמים,800.00,100 גרם,false,,24.90,0.0311,true,1,58468
7290003054657,false,חרדל ריין דיז'ון אקסטרה פורטה 370 גרם,ריין דיז'ון reine dijon,FR,ריין דיז'ון,גרמים,370.00,100 גרם,false,,9.90,0.0268,true,1,56594
7290003055050,false,"מ.אף ""סיון 150"" דף ר",חי,IL,סיון,יח',150.00,יח',false,,5.90,0.0393,true,1,42054
7290003055081,false,טישו סיון נילון 100,חי,IL,סיון,יח',100.00,יח',false,,2.90,0.0290,true,1,42056
7290003055142,false,מפיות 39X39 סיון קול,חי,IL,סיון,יח',50.00,יח',false,,8.90,0.1780,true,1,42057
7290003055166,false,מפיות פנסי מעורב פסטל 100 חד שכבתי,חי,IL,פנסי,יח',100.00,יח',false,,4.90,0.0490,true,1,42058
7290003055203,false,מפיותסיון קולקשיין 20 תלת שכבתי,maki,PL,סיון,יח',20.00,יח',false,,6.90,0.3450,true,1,42060
7290003055227,false,"מפיות ""שבת שלום"" 50 דו שכ' 24/50 זהב",חי,IL,חי,יח',50.00,יח',false,,9.90,0.1980,true,1,42061
7290003055524,false,"מפיות ""PARTY 85"" חד",חי,IL,פארטי,יח',85.00,יח',false,,3.90,0.0459,true,1,42063
7290003055548,false,פיור שביעייה ממחטות אף צץ רץ בניילון,חי,IL,פיור,יח',7.00,יח',false,,14.90,2.1286,true,1,42064
7290003072811,false,נקניקיות בראטוורסט 320 גרם טירת צבי ללא גלוטן,טיב טירת צבי 2000,IL,טירת צבי,גרמים,320.00,100 גרם,false,,19.90,0.0622,true,1,58484
7290003072828,false,נקניקיות פרנקפורטר 320 גרם טירת צבי,טיב טירת צבי 2000,IL,טירת צבי,גרמים,320.00,100 גרם,false,,19.90,0.0622,true,1,58485
7290003072835,false,נקניקיות קנאקוורסט טירת צבי 320 גרם,טיב טירת צבי 2000,IL,טירת צבי,גרמים,320.00,100 גרם,false,,19.90,0.0622,true,1,58486
7290003072859,false,רוסטביף טירת צבי 120 גרם,הנסיך- מפעל לייצור ט,IL,טירת- צבי,גרמים,120.00,100 גרם,false,,23.90,0.1992,true,1,58488
7290003072965,false,קבנוס חריף מעושן טירת צבי 120 גרם,טיב טירת צבי 2000,IL,טירת- צבי,גרמים,120.00,100 גרם,false,,8.90,0.0742,true,1,58493
7290003072972,false,קבנוס בתיבול מעושן טירת צבי 120 גרם,טיב טירת צבי 2000,IL,טירת- צבי,גרמים,120.00,100 גרם,false,,8.90,0.0742,true,1,58494
7290003102136,false,צמר גפן COTTON SOFT רפואי 100 גר' 3102136,הדקלאים אגודת שיתופי,TR,כוטון סופט,גרמים,100.00,100 גרם,false,,4.50,0.0450,true,1,35129
7290003102587,false,טוליפס מברשת בקבוק+פ,N.L. Product,CN,טוליפס,יח',1.00,יח',false,,5.00,5.0000,true,1,35131
7290003102891,false,שקיות צליה הוסטס בקופסה 10יח',הוסטס,TR,הוסטס,יח',10.00,יח',false,,3.50,0.3500,true,1,35132
7290003102976,false,צימרוני אוזניים פלסטיק בקופסה 200 יחידות,הדקלאים אגודת שיתופי,CN,כוטון סופט,יח',200.00,יח',false,,3.90,0.0195,true,1,35133
7290003107148,false,קמח לבן 1 קג,טחנות קמח דגן בעמ,IL,דגן,קילוגרמים,1.00,"ק""ג",false,,3.90,3.9000,true,1,42940
7290003107216,false,קמח 1 קג שימורי איכ,טחנת קמח דגן לישראל,IL,דגן,קילוגרמים,1.00,"ק""ג",false,,5.90,5.9000,true,1,42941
7290003107223,false,"סולת לנדא ארוז 1 ק""ג",טחנת קמח דגן לישראל,IL,דגן,קילוגרמים,1.00,"ק""ג",false,,6.00,6.0000,true,1,42942
7290003107230,false,"קמח תופח דגן 1 ק""ג",טחנת קמח דגן-שטיבל,IL,דגן,קילוגרמים,1.00,"ק""ג",false,,5.90,5.9000,true,1,42943
7290003107315,false,"סולת בד""צ ארוז 1 ק""ג",טחנת קמח דגן לישראל,IL,"סולת בד""צ ארוז 1 ק""ג",קילוגרמים,1.00,"ק""ג",false,,3.90,3.9000,true,1,42945
7290003107353,false,משפר אפיה ביתי שטיבל 30 גרם,ט.ק דגן טכנולוגיות ב,IL,משפר אפיה שלישיה,גרמים,30.00,100 גרם,false,,5.90,0.1967,true,1,42947
7290003107360,false,קמח לבן בהיר ללא ניפוי1ק,טחנת קמח דגן לישראל,IL,"קמח בהיר1 ק""ג דגן מנ",קילוגרמים,1.00,"ק""ג",false,,7.90,7.9000,true,1,42948
7290003107445,false,"קמח לבן 1 ק""ג דגן לל",טחנת קמח דגן-שטיבל,IL,דגן,קילוגרמים,1.00,"ק""ג",false,,5.90,5.9000,true,1,71883
7290003121083,false,ארוחת נודלס בטעם בשר בשקית מג'יק 85 גרם,טאט הוי פוד בעמ,SG,מג'יק,גרמים,85.00,100 גרם,false,,2.50,0.0294,true,1,45597
7290003121090,false,ארוחת נודלס ירקות בשקית מג'יק 85 גרם,זנטי אס. אי לאלין,SG,מג'יק,גרמים,85.00,100 גרם,false,,2.50,0.0294,true,1,45598
7290003121106,false,ארוחת נודלס טעם עוף בשקית מג'יק 85 גרם,"טאט פוד הוי בע""מ",SG,מג'יק,גרמים,85.00,100 גרם,false,,2.50,0.0294,true,1,45599
7290003126712,false,יוגורט עיזים מחלב מלא 3.7% משק צוריאל 150 גרם,מחלבת משק צוריאל,IL,משק צוריאל,גרמים,150.00,100 גרם,false,,5.80,0.0387,true,1,48242
7290003126958,false,טופו גבינה גוש בואקום צוריאל 300 ג',א.י.ן תעשיות מזון בע,IL,משק צוריאל,גרמים,300.00,100 גרם,false,,11.90,0.0397,true,1,48243
7290003130399,false,מברשת שיניים לילדים שלב 2 אקווה פרש.,גלקסו סמית קליין,IN,אקווה פרש,יח',1.00,יח',false,,7.90,7.9000,true,1,40409
7290003141159,false,יוגטה מרשמלו ממתק מוקצף בטעמי תות שדה ווניל 180 גרם,יוגוטה,IL,יוגטה,גרמים,180.00,100 גרם,false,,6.90,0.0383,true,1,44091
7290003142361,false,פופקורן בטעם מתוק מלוח הוטפופ 100 גרם 5 יחידות,הוט פופ,US,הוטפופ,גרמים,500.00,100 גרם,false,,14.90,0.0298,true,1,44093
7290003142422,false,גרעיני חמניה בשקית ללא מלח קליית גת 180 גרם,"ג'י אנד ג'י בע""מ",IL,קליית גת,גרמים,180.00,100 גרם,false,,5.90,0.0328,true,1,44094
7290003143139,false,סילאן תמרים קלית גת 900 ג',"טעמי הגליל בע""\מ",IL,סילאן 900 גרם,גרמים,900.00,100 גרם,false,,12.90,0.0143,true,1,44098
7290003143146,false,ממרח תמרים קליית גת 450 גרם,הדקלאים אגודת שיתופי,IL,ממרח תמרים 450 גרם,גרמים,450.00,100 גרם,false,,4.90,0.0109,true,1,44099
7290003143337,false,סילאן רכיבים טבעיים לחיץ קליית גת 350 גרם,ליימן מותגים,IL,סילאן 900 גרם,גרמים,350.00,100 גרם,false,,14.90,0.0426,true,1,44103
7290003144419,false,סילאן טבעי קליית גת 710 גרם,"טעמי הגליל בע""\מ",IL,סילאן 900 גרם,גרמים,710.00,100 גרם,false,,19.90,0.0280,true,1,44116
7290003145959,false,פקאן טבעי קליית גת 150 גרם,ליימן מותגים,IL,פקאן טבעי 150 גרם,גרמים,150.00,100 גרם,false,,15.90,0.1060,true,1,44157
7290003185726,false,קבב מזרחי טיבון ויל 500 גרם,טיבון ויל אחזקות בעמ,IL,טיבון ויל,גרמים,500.00,100 גרם,false,,17.90,0.0358,true,1,45601
7290003189045,false,צהובה הולנדית מחיר לפי מ,צי תעשיות מזון יבנה,IL,כפיר,קילוגרמים,1.00,"ק""ג",true,,35.00,35.0000,true,1,65934
7290003189076,false,פיצרלה הצהובה הטובה מגורדת 22% כפיר 500 גרם,צי תעשיות מזון יבנה,IL,כפיר,גרמים,500.00,100 גרם,false,,18.90,0.0378,true,1,65935
7290003189137,false,"גבינה שוורצית 1 ק""ג כפיר",צי תעשיות מזון יבנה,IL,כפיר,קילוגרמים,1.00,"ק""ג",false,,33.90,33.9000,true,1,65936
7290003189144,false,"גבינה הולנדית 22% שומן 1 ק""ג כפיר",צי תעשיות מזון יבנה,IL,כפיר,קילוגרמים,1.00,"ק""ג",false,,33.90,33.9000,true,1,65937
7290003189168,false,"צהובה מעושנת כפיר 1 ק""ג",צי תעשיות מזון יבנה,IL,כפיר,קילוגרמים,1.00,"ק""ג",false,,35.90,35.9000,true,1,65938
7290003189199,false,צהובה טובה חריפה במש,צי תעשיות מזון יבנה,IL,כפיר,קילוגרמים,1.00,"ק""ג",true,,35.00,35.0000,true,1,65930
7290003189267,false,הצהובה הטובה לייט קלאסית 5% כפיר 200 גרם,צי תעשיות מזון יבנה,IL,כפיר,גרמים,200.00,100 גרם,false,,13.90,0.0695,true,1,65939
7290003189274,false,בנוסח מעושנת גליל26%משקל,צי תעשיות מזון יבנה,IL,כפיר,קילוגרמים,1.00,"ק""ג",true,,40.00,40.0000,true,1,65940
7290003189380,false,מעדן עם שום ושמיר26%משקל,צי תעשיות מזון יבנה,IL,כפיר,קילוגרמים,1.00,"ק""ג",true,,40.00,40.0000,true,1,65931
7290003208586,false,"וורמוט מרטיני לבן 750 מ""ל",מרטיני ורוסי,IT,"מרטיני וורמוט לבן 750 מ""ל",מיליליטרים,750.00,"100 מ""ל",false,,44.90,0.0599,true,1,45047
7290003220380,false,"עוגיות סנדויץ' במילוי קרם שוקולד ""מעדני המלך"" 150 גרם",אחים פפושדו,IL,מעדני מלך,גרמים,150.00,100 גרם,false,,3.50,0.0233,true,1,37611
7290003220397,false,"עוגיות סנדויץ' במילוי קרם וניל ""מעדני המלך"" 150 גרם",אחים פפושדו,IL,מעדני מלך,גרמים,150.00,100 גרם,false,,3.50,0.0233,true,1,37612
7290003220403,false,מעדני המלך- קרקר מלוח 110 גרם,מגדנית הדר,IL,מעדני מלך,גרמים,110.00,100 גרם,false,,2.90,0.0264,true,1,37613
7290003220410,false,קרקר שומשום 110 ג' נאפה מעדני מלך,מגדנית הדר,IL,מעדני מלך,גרמים,110.00,100 גרם,false,,2.90,0.0264,true,1,37614
7290003220434,false,פתי פר מעדני המלך וניל 110 גרם,מגדנית הדר,IL,מעדני מלך,גרמים,110.00,100 גרם,false,,2.90,0.0264,true,1,37616
7290003220441,false,פתי בר מעדני המלך שוקו 110 גרם,מגדנית הדר,IL,מעדני מלך,גרמים,110.00,100 גרם,false,,2.90,0.0264,true,1,37617
7290003220458,false,מעדני המלך- פתי בר וניל 500 גרם,מגדנית הדר,IL,מעדני מלך,גרמים,500.00,100 גרם,false,,7.90,0.0158,true,1,37618
7290003220465,false,פתי בר שוקו' מעדני המלך 500 גר',מגדנית הדר,IL,מעדני מלך,גרמים,500.00,100 גרם,false,,7.90,0.0158,true,1,37619
7290003220779,false,"ווק אטריות אורז עובי 3 מ""מ 400 גרם",אסיאן סופירה פודס חב,TH,WOK,גרמים,400.00,100 גרם,false,,8.90,0.0223,true,1,37634
7290003220939,false,אטריות אורז דקיקות ללא גלוטן 400 ג' WOK,אסיאן סופירה פודס חב,TH,WOK,גרמים,400.00,100 גרם,false,,8.90,0.0223,true,1,37641
7290003220977,false,עוגיות חצי ירח מצופה 175 נאפה מעדני מלך,מגדנית הדר,IL,הדר,גרמים,175.00,100 גרם,false,,5.90,0.0337,true,1,37643
7290003222070,false,פיתות חומרים טבעי100*13ג,מאפיית המכבים,IL,פיתה תימנית 3+10,יח',13.00,יח',false,,9.90,0.7615,true,1,70438
7290003222094,false,פיתה ביס 11 יח' המכבים,מאפיית טעמי הכפר,IL,פיתה ביס 12 יח,יח',11.00,יח',false,,8.90,0.8091,true,1,70439
7290003222780,false,פיתות מקמח מלא מאפיית המכבים 5 יחידות,מאפיית המכבים,IL,פיתה 5 יח מכבים חיטה,יח',5.00,יח',false,,3.90,0.7800,true,1,70442
7290003229109,false,פסטרמה הודו בפפריקה טירת צבי 400 גרם,הנסיך- מפעל לייצור ט,IL,טירת- צבי,גרמים,400.00,100 גרם,false,,25.90,0.0647,true,1,58496
7290003229116,false,פסטרמה הודו בדבש שומן טירת צבי 400 גרם,הנסיך- מפעל לייצור ט,IL,טירת- צבי,גרמים,400.00,100 גרם,false,,25.90,0.0647,true,1,58497
7290003229123,false,פסטרמה הודו על גחלים 2% טירת צבי 400 גרם,הנסיך- מפעל לייצור ט,IL,טירת- צבי,גרמים,400.00,100 גרם,false,,13.80,0.0345,true,1,58498
7290003229147,false,נקניק סלמי איטלקי מעושן טירת צבי 300 גרם,הנסיך- מפעל לייצור ט,IL,טירת- צבי,גרמים,300.00,100 גרם,false,,25.90,0.0863,true,1,58499
7290003229154,false,נקניק סלמי קוניאק טירת צבי 300 גרם,הנסיך- מפעל לייצור ט,IL,טירת- צבי,גרמים,300.00,100 גרם,false,,25.90,0.0863,true,1,58500
7290003229192,false,נקניק כתף בקר מעושן 2% טירת צבי 400 גרם,טיב טירת צבי 2000,IL,טירת- צבי,גרמים,400.00,100 גרם,false,,25.90,0.0647,true,1,58501
7290003229208,false,פסטרמה ספרדית 2% טירת צבי 360 גרם,טירת צבי - מדף,IL,טירת- צבי,גרמים,360.00,100 גרם,false,,25.90,0.0719,true,1,58502
7290003229215,false,פסטרמה איטלקית 3.5% טירת צבי 360 גרם,טירת צבי - מדף,IL,טירת- צבי,גרמים,360.00,100 גרם,false,,25.90,0.0719,true,1,58503
7290003229222,false,נקניק סלמי תה טירת צבי 300 גרם,הנסיך- מפעל לייצור ט,IL,טירת- צבי,גרמים,300.00,100 גרם,false,,21.90,0.0730,true,1,58504
7290003268252,false,לחם חיטה מלא לילדים 750 ג' דגנית עין בר,דגנית עין בר תעשיות מזון,IL,לחם חיטה לילדים,גרמים,750.00,100 גרם,false,,12.90,0.0172,true,1,60561
7290003287123,false,צלעות מס' 22 איגוד האברכים,JBS S.A,BR,בלדי,קילוגרמים,1.00,"ק""ג",true,,39.90,39.9000,true,1,71897
7290003287253,false,נקניקיות מרגז הקצביה 500 גרם בלדי,בלדי,IL,בלדי,גרמים,500.00,100 גרם,false,,27.90,0.0558,true,1,55352
7290003287284,false,קבב ביתי קצביה ארוז 600 ג' - 8 יח',בלדי,IL,בלדי,גרמים,600.00,100 גרם,false,,27.90,0.0465,true,1,55354
7290003318131,false,וופל שוקו זהב מנעמית 200ג',מנעמים תעשיות מזון,IL,וופל מנעמית 200 גרם,גרמים,200.00,100 גרם,false,,3.50,0.0175,true,1,59672
7290003318155,false,וופל טעם לימון מנעמים 200 ג',מנעמים תעשיות מזון,IL,וופל מנעמים לימון 200 גרם,גרמים,200.00,100 גרם,false,,3.50,0.0175,true,1,59673
7290003318599,false,וופלים וניל מנעמים 200 גרם,מנעמים תעשיות מזון,IL,וופל מנעמית 200 גרם,גרמים,200.00,100 גרם,false,,3.50,0.0175,true,1,59674
7290003321155,false,יוגורט בר עם פקאן מצופה שוקולד 183 ג' דנונה,"שטראוס בריאות בע""\מ",IL,שטראוס,גרמים,183.00,100 גרם,false,,4.30,0.0235,true,1,48841
7290003321292,false,גבינה לבנה 9% שומן 250 ג' שטראוס,מיוצר עי קונדיטוריית,IL,שטראוס,גרמים,250.00,100 גרם,false,,4.70,0.0188,true,1,48842
7290003387205,false,דאו' ספיד סטיק בסיסי ירוק רגיל לגבר 63ג',הנסיך- מפעל לייצור ט,US,ספיד סטיק,גרמים,56.00,100 גרם,false,,16.90,0.3018,true,1,54304
7290003400500,false,חטיף הרשי ריזס נאטרייגיס 47 גרם,ליימן מותגים,US,חטיף קרמל נאטרייגס 4,גרמים,47.00,100 גרם,false,,4.90,0.1043,true,1,43771
7290003401369,false,"קרם לחות לשיער חוחובה נטורל פורמולה 400 מ""ל",מיוצר עי אמיליה קוסמ,IL,נטורל פורמולה,מיליליטרים,400.00,"100 מ""ל",false,,17.90,0.0447,true,1,39155
7290003401420,false,"קרם לחות לשיער סיליקון כתום נטורל 400 מ""ל",מיוצר עי אמיליה קוסמ,IL,נטורל פורמולה,מיליליטרים,400.00,"100 מ""ל",false,,17.90,0.0447,true,1,39157
7290003402809,false,חטיף הרשי ריזס שוקולד לבן 39 גר,ליימן מותגים,US,חטיף ריזס שוקולד לבן,גרמים,39.00,100 גרם,false,,3.90,0.1000,true,1,43772
7290003411573,false,"צלחות עמוקות ח""פ 30 יח'",אריזות מדף - פלזית,IL,הנמל,יח',30.00,יח',false,,14.90,0.4967,true,1,40346
7290003411696,false,"מרקיות לבן ח""פ הנמל 25 יח'",פלסטכים תורכיה,IL,הנמל,יח',25.00,יח',false,,6.90,0.2760,true,1,40348
7290003423909,false,חטיף קוקיס אנד קרים לבן 43 גרם,ליימן מותגים,US,חטיף שוקולד לבן עם שברי ע,גרמים,43.00,100 גרם,false,,4.90,0.1140,true,1,44158
7290003427154,false,"שמן זית כתית מעולה טעם מעודן זיתא 750 מ""ל",זיתא תעשיות שמן זיתt\,IL,זיתא,מיליליטרים,750.00,"100 מ""ל",false,,27.90,0.0372,true,1,50841
7290003438006,false,ממרח אולביה פסטו וצנובר איטלקי 190ג',מיוצר עי קונדיטוריית,IL,אוליביה,גרמים,190.00,100 גרם,false,,12.90,0.0679,true,1,50844
7290003438020,false,ממרח עגבניות מיובשות אוליביה 190 גרם,מיוצר עי קונדיטוריית,IL,אוליביה,גרמים,190.00,100 גרם,false,,12.90,0.0679,true,1,50846
7290003438853,false,אוליביה ממרח אריסה חריפה 185 גר ',אוליביה,IL,אוליביה אריסה חריפה 180 ג,גרמים,180.00,100 גרם,false,,12.90,0.0717,true,1,50848
7290003438990,false,עיטורי עגבניות מיובשות וזיתים אוליביה 280 ג',אוליביה גורמה בעמ,IL,אוליביה,גרמים,280.00,100 גרם,false,,15.90,0.0568,true,1,50851
7290003444009,false,הרשי ריזס חטיף במילוי בוטנים 42 גרם,ליימן מותגים,US,חטיף ריזס במילוי חמאת בוט,גרמים,42.00,100 גרם,false,,3.90,0.0929,true,1,44160
7290003450602,false,ממרח חרדל היינץ לחיץ 255 גרם,היינץ צפון אמריקה מקבוצת ה.י.היינץ,US,היינץ,גרמים,255.00,100 גרם,false,,7.90,0.0310,true,1,56596
7290003461677,false,"חומוס אסלי שמיר 1 ק""ג","סלטי שמיר 2006 בע""מ",IL,אסלי,קילוגרמים,1.00,"ק""ג",false,,12.90,12.9000,true,1,50592
7290003461868,false,"חציל במיונז אסלי שמיר 1 ק""ג","סלטי שמיר 2006 בע""מ",IL,אסלי,קילוגרמים,1.00,"ק""ג",false,,12.90,12.9000,true,1,50593
7290003514007,false,מנה שקדי מרק מנה 400 גרם,מנה Mana,IL,מנה,גרמים,400.00,100 גרם,false,,8.90,0.0223,true,1,54307
7290003521074,false,"ד""ר פישר - סרקל מרכך שיער לילדים 1 ליטר",פישר מעבדות פרמצבטיות בע,IL,סרקל,ליטרים,1.00,ליטר,false,,22.80,22.8000,true,1,44853
7290003521081,false,"סרקל שמפו אל דמע לילדים ד""ר פישר 1 ליטר",פישר מעבדות פרמצבטיות בע,IL,סרקל,ליטרים,1.00,ליטר,false,,22.80,22.8000,true,1,44854
7290003521166,false,"ד""ר פישר - סרקל קרם רוזמרין לילדים 325 מ""ל",פישר מעבדות פרמצבטיות בע,IL,סרקל,מיליליטרים,325.00,"100 מ""ל",false,,24.90,0.0766,true,1,44855
7290003521197,false,"ד""ר פישר - סרקל תרסיס מתיר קשרים 340 מ""ל",פישר מעבדות פרמצבטיות בע,IL,סרקל,מיליליטרים,340.00,"100 מ""ל",false,,24.90,0.0732,true,1,44856
7290003550753,false,רביעיית טונה בשמן פוסידון 108 גרם,"מיוצר עי וליגר בעמ,",IL,פוסידון,גרמים,432.00,100 גרם,false,,19.90,0.0461,true,1,45609
7290003578061,false,לבבות דקל שלמים ויליפוד 400 גרם,אלימנטוס אי קונסרבס,EC,וילי פוד,גרמים,400.00,100 גרם,false,,11.90,0.0298,true,1,40868
7290003578085,false,גבינת מוצרלה 21%שומן,ויליפוד,LT,מוצרלה 21%,קילוגרמים,1.00,"ק""ג",true,,52.00,52.0000,true,1,40802
7290003578108,false,חתיכות אננס בסירופ קל וילי פוד 850 גרם,טקרנג פינאפל אינדסטר,TH,וילי פוד,גרמים,850.00,100 גרם,false,,8.90,0.0105,true,1,40871
7290003578177,false,תירס צעיר שלם וילי פוד 210 גרם,מגסטיק פוד אידסטרי ק,TH,וילי פוד,גרמים,410.00,100 גרם,false,,6.90,0.0168,true,1,40874
7290003578313,false,דובדבנים ללא חרצנים ויליפוד 680 גרם,דל מונטה היילס אס.אי,HR,וילי פוד,גרמים,680.00,100 גרם,false,,9.90,0.0146,true,1,40877
7290003578412,false,לפתן חצאי אפרסק 820 גרם ויליפוד,וילי פוד,GR,וילי פוד,גרמים,820.00,100 גרם,false,,9.90,0.0121,true,1,40878
7290003578931,false,גבינת ראסטה חצי רכה,מוראטביי,TR,וילי פוד,קילוגרמים,1.00,"ק""ג",true,,100.00,100.0000,true,1,40805
7290003598311,false,מינוט סטייק חלק ריאה 300 ג',"בלדי בע""\מ",IL,בלדי,גרמים,300.00,100 גרם,false,,26.90,0.0897,true,1,55389
7290003643004,false,"סוגת אורז בסמטי קלאסי 1 ק""ג",האי נאם סי או אל.טי.,IL,סוגת,קילוגרמים,1.00,"ק""ג",false,,12.90,12.9000,true,1,30531
7290003643158,false,קורנפולר שקית 200 ג' סוגת,המאפיה של הרמן,IL,סוגת,גרמים,200.00,100 גרם,false,,2.90,0.0145,true,1,30535
7290003643387,false,"סוכר לבן בצנצנת 1 ק""ג סוגת",האי נאם סי או אל.טי.,IL,סוגת,קילוגרמים,1.00,"ק""ג",false,,9.90,9.9000,true,1,30540
7290003643646,false,"סוכר דמררה קלאסי בצנצנת סוגת 1 ק""ג",האי נאם סי או אל.טי.,IL,סוגת,קילוגרמים,1.00,"ק""ג",false,,10.90,10.9000,true,1,30541
7290003643684,false,אפונה יבשה סוגת 500 גר',האי נאם סי או אל.טי.,IL,סוגת,גרמים,500.00,100 גרם,false,,5.90,0.0118,true,1,30542
7290003643714,false,חומוס גרגירים 500 גרם סוגת,האי נאם סי או אל.טי.,IL,סוגת,גרמים,500.00,100 גרם,false,,7.90,0.0158,true,1,30544
7290003643738,false,סוגת חיטה 500 גרם,האי נאם סי או אל.טי.,IL,סוגת,גרמים,500.00,100 גרם,false,,4.90,0.0098,true,1,30545
7290003643745,false,סוגת כוסמת 500 גרם,האי נאם סי או אל.טי.,IL,סוגת,גרמים,500.00,100 גרם,false,,6.90,0.0138,true,1,30546
7290003643752,false,עדשים ירוקים יבש סוגת 500 גר',האי נאם סי או אל.טי.,IL,סוגת,גרמים,500.00,100 גרם,false,,6.90,0.0138,true,1,30547
7290003643769,false,עדשים אדומים יבש סוגת 500 גר',"סוגת תעשיות בע""\מ",IL,סוגת,גרמים,500.00,100 גרם,false,,6.90,0.0138,true,1,30548
7290003643776,false,"פופקורן גרעינים סוגת 500 ג' כשל""פ",האי נאם סי או אל.טי.,IL,סוגת,גרמים,500.00,100 גרם,false,,5.50,0.0110,true,1,30549
7290003643783,false,קוקוס טחון סוגת 100 גרם,האי נאם סי או אל.טי.,IL,סוגת,גרמים,100.00,100 גרם,false,,3.90,0.0390,true,1,30550
7290003643806,false,שעועית לבנה יבשה סוגת 500 ג',האי נאם סי או אל.טי.,IL,סוגת,גרמים,500.00,100 גרם,false,,10.90,0.0218,true,1,30551
7290003643813,false,שעועית אדומה יבשה סוגת 500 גר',האי נאם סי או אל.טי.,IL,סוגת,גרמים,500.00,100 גרם,false,,10.90,0.0218,true,1,30552
7290003648207,false,פילה הרינג בשמן בסגנ,"סלטי שמיר 2006 בע""מ",IL,מעדני מיקי,קילוגרמים,1.00,"ק""ג",true,,55.00,55.0000,true,1,50595
7290003681303,false,שעועית מעורבת יבשה מיה 500 גר',מיה תעשיות מזון מ.ת.מ. ב,IL,מיה,גרמים,500.00,100 גרם,false,,7.90,0.0158,true,1,44675
7290003681334,false,קוקוס טחון 400 גרם ב,מיה תעשיות מזון מ.ת.מ. ב,IL,קוקוס טחון 400 גרם,גרמים,400.00,100 גרם,false,,9.90,0.0248,true,1,44676
7290003681365,false,קישוט לעוגה צבעוני בבצנצנת מיה 80 גרם,מיה תעשיות מזון מ.ת.מ. ב,IL,מיה,גרמים,70.00,100 גרם,false,,4.90,0.0700,true,1,44678
7290003681693,false,חומוס לבן ענק יבש מיה 500 גר',מיה תעשיות מזון מ.ת.מ. ב,IL,מיה,גרמים,500.00,100 גרם,false,,9.90,0.0198,true,1,44680
7290003681716,false,גריסי פנינה מיה 500 גרם,מיה תעשיות מזון מ.ת.מ. ב,IL,מיה,גרמים,500.00,100 גרם,false,,4.50,0.0090,true,1,44681
7290003726141,false,טופו אמיתי כפרי בריא 300 גרם,ג'נרל מילס סאן אדריא,IL,גבינת טופו טבעי 300 גרם,גרמים,300.00,100 גרם,false,,11.90,0.0397,true,1,45192
7290003726615,true,טופו ויילר 300 גרם,משק ויילר,IL,משק ויילר,גרמים,300.00,100 גרם,false,,9.70,0.0323,true,1,48844
7290003781850,false,גבינת קשקבל פרוסות 200 גרם - דיספליי (18),סאסו פטוראגס קומטויס אף,TR,קשקבל פרוסות 200 גרם,גרמים,200.00,100 גרם,false,,19.90,0.0995,true,1,40883
7290003804320,false,תיבולית שום ופטרוזיליה קנור 72 גרם,יוניליוור ישראל מזון בע\,IL,KNORR,גרמים,72.00,100 גרם,false,,9.90,0.1375,true,1,51448
7290003804368,false,"תיבוליות בזיליקום קנור 72 גרם בד""צ",יוניליוור ישראל מזון בע\,IL,KNORR,גרמים,72.00,100 גרם,false,,9.90,0.1375,true,1,51451
7290003804382,false,"תיבוליות פטריות קנור 72 גרם בד""צ",יוניליוור ישראל מזון בע\,IL,KNORR,גרמים,72.00,100 גרם,false,,9.90,0.1375,true,1,51453
7290003805501,false,"פתית שוודי חסכוני בד""צ 300 גרם",יוניליוור ישראל מזון בע\,IL,PATIT,גרמים,300.00,100 גרם,false,,14.90,0.0497,true,1,51461
7290003805587,false,"פתית חיטה מלאה בד""צ 250 גרם-קופסא",יוניליוור ישראל מזון בע\,IL,PATIT,גרמים,250.00,100 גרם,false,,14.90,0.0596,true,1,51465
7290003807178,false,"רוטב קנור סויה בסגנון סיני 300 מ""ל",יוניליוור ישראל מזון בע\,IL,KNORR,מיליליטרים,300.00,"100 מ""ל",false,,9.90,0.0330,true,1,51481
7290003807482,false,קנור רוטב טריאקי מופחת נתרן 370 גרם,יוניליוור ישראל מזון בע\,IL,KNORR,מיליליטרים,300.00,"100 מ""ל",false,,9.90,0.0330,true,1,51484
7290003864478,false,סרדינים בשמן צמחי פתח קל ויליפוד 110 גרם,גולדן פרייז קאנינג א,TH,וילי פוד,גרמים,110.00,100 גרם,false,,4.90,0.0445,true,1,40887
7290003864485,false,סרדינים ברוטב עגבנ יות ויליפוד 110ג' פתח קל,גולדן פרייז קאנינג א,TH,וילי פוד,גרמים,110.00,100 גרם,false,,4.90,0.0445,true,1,40888
7290003864492,false,סרדינים בשמן צמחי חריף פתח קל ויליפוד 110ג',גולדן פרייז קאנינג א,TH,וילי פוד,גרמים,110.00,100 גרם,false,,4.90,0.0445,true,1,40889
7290003882922,false,עלי גפן ממולאים באורז וילי פוד 360 גרם,הזה פלאקספו פוד קו ב,CN,עלי גפן ממולאים 400 גרם,גרמים,400.00,100 גרם,false,,8.90,0.0223,true,1,40892
7290003893027,false,מרלוזה ארוז קפוא וונירפוד,פארגיפקו דל סאדסטה,AR,ווינר פוד,קילוגרמים,1.00,"ק""ג",true,,29.90,29.9000,true,1,36909
7290003896141,false,חטיף ספרדי פיקנטי אלמנדוס 200 גרם,הדקלאים אגודת שיתופי,IL,קליית גת,גרמים,200.00,100 גרם,false,,8.90,0.0445,true,1,44162
7290003989096,false,סלט חצילים פיקנטי אחלה 500 גרם,מיוצר עי קונדיטוריית,IL,שטראוס,גרמים,500.00,100 גרם,false,,15.90,0.0318,true,1,48850
7290003989539,false,לורנצו רביולי במילוי גבינה,מיוצר עי קונדיטוריית,IL,שטראוס,גרמים,400.00,100 גרם,false,,16.80,0.0420,true,1,48851
7290003989553,false,פסטה טורטליני גבינה ופטריות 400 גרם,מיוצר עי קונדיטוריית,IL,שטראוס,גרמים,400.00,100 גרם,false,,16.80,0.0420,true,1,48852
7290003996018,false,חסה ערבית (שקית ) חסלט,נסטלה קוריאה - קפה,IL,חסה ערבית חסלט,יח',1.00,יח',false,,7.90,7.9000,true,1,63030
7290003996049,false,פטרוזיליה טרי ארוז חסלט,נסטלה שוויץ - רורשאך,IL,פטרוזיליה חסלט,יח',1.00,יח',false,,6.90,6.9000,true,1,63018
7290003996056,false,כוסברה טריה מהדרין ח,יעל ירק עלים,IL,כוסברה חסלט,יח',1.00,יח',false,,6.90,6.9000,true,1,63019
7290003996063,false,שמיר חסלט כפרי טרי,יעל ירק עלים,IL,שמיר חסלט,יח',1.00,יח',false,,6.90,6.9000,true,1,63020
7290003996070,false,נענע חסלט כפרי טרי,יעל ירק עלים,IL,נענע חסלט,יח',1.00,יח',false,,6.90,6.9000,true,1,63021
7290003996087,false,בצל ירוק חסלט כפרי טרי,יעל ירק עלים,IL,בצל ירוק חסלט,יח',1.00,יח',false,,7.90,7.9000,true,1,63022
7290003996094,false,סלרי אמריקאי חסלט כפרי טרי,יעל ירק עלים,IL,סלרי חסלט,יח',1.00,יח',false,,7.90,7.9000,true,1,63023
7290003996186,false,בזיליקום חסלט כפרי טרי,נסטלה קוריאה - קפה,IL,חסה ערבית חסלט,יח',1.00,יח',false,,7.90,7.9000,true,1,63031
7290003996209,false,פטריות שמפיניון חסלט ללא חרקים א.א,נסטלה קוריאה - קפה,IL,חסה ערבית חסלט,יח',1.00,יח',false,,9.90,9.9000,true,1,63032
7290003996537,false,גזר קצוץ 400 גרם חסלט כפרי טרי,יעל ירק עלים,IL,שבבי גזר חסלט,גרמים,400.00,100 גרם,false,,11.90,0.0298,true,1,72073
7290003996605,false,לקט ירקות ים תיכוני חסלט 400 גרם,יעל ירק עלים,IL,לקט ים תיכוני,גרמים,350.00,100 גרם,false,,12.90,0.0369,true,1,72075
7290003996742,false,עלי סלק תרדי מהדרין כפרי טרי חסלט 200 גרם,סוגת תעשיות בעמ,IL,תרד שלם 200 גרם,גרמים,200.00,100 גרם,false,,13.90,0.0695,true,1,63029
7290004011284,false,"ריץ' בסיס להכנת קצפת 212 מ""ל",ריצ' פרודקטס קורפריי,US,ריץ',מיליליטרים,212.00,"100 מ""ל",false,,6.90,0.0325,true,1,45613
7290004011819,false,המבורגר ריב אנטריקוט אל גאוצ'ו 360 גרם,האי נאם סי או אל.טי.,IL,טיבון ויל,גרמים,360.00,100 גרם,false,,21.90,0.0608,true,1,45619
7290004011826,false,מיני המבורגר ריב אנטריקוט,טיבון ויל אחזקות בעמ,IL,טיבון ויל,גרמים,320.00,100 גרם,false,,21.90,0.0684,true,1,45620
7290004014407,false,עדשי מ&מ'ס חמאת בוטנים46,מרס נדרלנד,US,מ&מ'ס,גרמים,48.00,100 גרם,false,,4.90,0.1021,true,1,63006
7290004030018,false,"מיץ לימון סחוט לסלטים 500 מ""ל פרי העץ",הנסיך- מפעל לייצור ט,IL,פרי ניב,מיליליטרים,500.00,"100 מ""ל",false,,6.90,0.0138,true,1,60945
7290004030223,false,מיץ תפוחים סחוט רכיבים טבעיים 100% פרי ניב 1 ליטר,פריניב בעמ,IL,פרי ניב,ליטרים,1.00,ליטר,false,,16.90,16.9000,true,1,60954
7290004030445,false,מיץ תפוזים סחוט רכיבים טבעיים 1 ליטר פרי ניב,פריניב בעמ,IL,פרי ניב,ליטרים,1.00,ליטר,false,,13.90,13.9000,true,1,60958
7290004030834,false,מיץ רימונים סחוט 100% רכיבים טבעיים פרי ניב 1 ליטר,פריניב בעמ,IL,פרי ניב,ליטרים,1.00,ליטר,false,,22.90,22.9000,true,1,60973
7290004063016,false,"מלח שולחן דק סלית 1 ק""ג בדץ",האי נאם סי או אל.טי.,IL,מלח שולחן,קילוגרמים,1.00,"ק""ג",false,,1.70,1.7000,true,1,30553
7290004063115,false,"מלח מטבח עבה להמלחת בשר ובישול 1 ק""ג",האי נאם סי או אל.טי.,IL,מלח מטבח,קילוגרמים,1.00,"ק""ג",false,,1.70,1.7000,true,1,30555
7290004064082,false,מטחנה מלח ים טבעי מלח הארץ 100 גרם,חברת מלח הארץ אילת ב,IL,מלח הארץ,גרמים,250.00,100 גרם,false,,12.90,0.0516,true,1,30557
7290004064099,false,מטחנה מלח ים מהרי ההימלאיה מלח הארץ 100 גרם,"חברת מלח הארץ אילת בע""\מ",IL,מלח הארץ,גרמים,300.00,100 גרם,false,,15.90,0.0530,true,1,30558
7290004064105,false,מטחנה מלח עשבי תיבול מלח הארץ 100 גרם,"מלח הארץ אילת בע""מ",IL,מלח הארץ,גרמים,250.00,100 גרם,false,,15.90,0.0636,true,1,30559
7290004064174,false,"תבלין מלח ההימלאיה דק בצנצנת 1 ק""ג","חברת מלח הארץ אילת בע""\מ",PK,מלח ההימלאיה דק בצנצ,קילוגרמים,1.00,"ק""ג",false,,14.90,14.9000,true,1,30560
7290004064181,false,"תבלין מלח ההימלאיה גס בצנצנת 1 ק""ג","חברת מלח הארץ אילת בע""\מ",PK,מלח ההימלאיה גס בצנצ,קילוגרמים,1.00,"ק""ג",false,,14.90,14.9000,true,1,30561
7290004064198,false,מלח במטחנה אקסטרא תבלינים ספייסי 115 גר',"מלח הארץ אילת בע""מ",IL,מלח הארץ,גרמים,115.00,100 גרם,false,,15.90,0.1383,true,1,30562
7290004064228,false,מלח במטחנה אקסטרא תבלינים שום ופלפל 125 גר',"חברת מלח הארץ אילת בע""\מ",IL,מלח הארץ,גרמים,250.00,100 גרם,false,,15.90,0.0636,true,1,30563
7290004064297,false,"מלח מועשר ביוד בצנצנת מלח הארץ 1 ק""ג","חברת מלח הארץ אילת בע""\מ",IL,מלח הארץ,קילוגרמים,1.00,"ק""ג",false,,8.90,8.9000,true,1,30565
7290004064303,false,מלח אטלנטי בצנצנת מלח הארץ 800 גרם,"חברת מלח הארץ אילת בע""\מ",IL,מלח הארץ,גרמים,800.00,100 גרם,false,,17.90,0.0224,true,1,30566
7290004064365,false,"מלח דק מועשר ביוד מלח הארץ קרטון 1 ק""ג","חברת מלח הארץ אילת בע""\מ",IL,מלח הארץ,קילוגרמים,1.00,"ק""ג",false,,5.90,5.9000,true,1,30571
7290004064372,false,מטחנת מלח הארץ איטלקי אקסטרא תבלינים ספייסי,"חברת מלח הארץ בע""\מ",IL,מלח הארץ,גרמים,250.00,100 גרם,false,,15.90,0.0636,true,1,30572
7290004064389,false,מלח הימלאייה דק מלחייה 250 גרם,"חברת מלח הארץ אילת בע""\מ",IL,מלח הארץ,גרמים,250.00,100 גרם,false,,9.90,0.0396,true,1,30573
7290004068011,false,"יוגורט כבשים בדלי 5 אחוז 60 מ""ל גד","מיוצר ע""י קוד יצרן M",IL,מחלבות גד,גרמים,600.00,100 גרם,false,,18.00,0.0300,true,1,45193
7290004068028,false,"ציזיקי יוגורט לשתיה גד 500 מ""ל",מיוצר על ידי קוד יצר,IL,מחלבות גד,גרמים,500.00,100 גרם,false,,9.90,0.0198,true,1,45194
7290004068035,false,"יוגורט לשתייה איירן 3% גד 500 מ""ל","מיוצר ע""י קוד יצרן M",IL,מחלבות גד,מיליליטרים,500.00,"100 מ""ל",false,,8.50,0.0170,true,1,45195
7290004068172,false,יוגורט עזים בדלי 5% שומן 600 ג' גד,קוד יצרן MKN,IL,מחלבות גד,גרמים,600.00,100 גרם,false,,18.00,0.0300,true,1,45196
7290004068332,false,גבינה קממבר בקר משולשים גד,מחלבות גד,IL,מחלבות גד,קילוגרמים,1.00,"ק""ג",true,,115.00,115.0000,true,1,45201
7290004068424,false,גבינה גאודה משולשים,מחלבות גד,IL,מחלבות גד,קילוגרמים,1.00,"ק""ג",true,,110.00,110.0000,true,1,45202
7290004068585,false,גאודה עיזים משולשים משקל,מחלבת אמלטי הולנד,NL,מחלבות גד,קילוגרמים,1.00,"ק""ג",true,,132.00,132.0000,true,1,45203
7290004068912,false,גרנה פדנו משולש במשקל,מחלבות גד,IL,מחלבות גד,קילוגרמים,1.00,"ק""ג",true,,130.00,130.0000,true,1,45204
7290004075231,false,סטייק אנטריקוט 300 גרם מחפוד,עוף ירושלים מהדרין ב,IL,אנטריקוט דק מחפוד 30,גרמים,300.00,100 גרם,false,,29.90,0.0997,true,1,64554
7290004078690,false,"גל אקונומיקה אגקס ניחוח רענן 750 מ""ל",הנסיך- מפעל לייצור ט,GR,אג'קס,גרמים,750.00,100 גרם,false,,9.90,0.0132,true,1,54322
7290004119133,false,כד יוגורט תנובה 6.5% שומן 1.5 ליטר,מיוצר עי קונדיטוריית,IL,תנובה,ליטרים,1.50,ליטר,false,,16.90,11.2667,true,1,52659
7290004119225,false,יופלה יוגורט אננס %3 גביע 150 גרם,תנובה מרכז שיתופי לש,IL,יופלה,גרמים,150.00,100 גרם,false,,4.80,0.0320,true,1,52660
7290004119928,false,מעדן חלב בטעם וניל 2% קרלו תנובה 125 גרם,מחלבת אלון תבור,IL,קרלו,גרמים,125.00,100 גרם,false,,2.90,0.0232,true,1,52662
7290004119973,false,קרלו מעדן שוקו רביעיה גביע 1.5% 125 גרם,תנובה מרכז שיתופי לש,IL,קרלו,גרמים,125.00,100 גרם,false,,2.90,0.0232,true,1,52663
7290004120061,false,מעדן חלב בטעם שוקו וניל שוניל 2% קרלו 125 גרם,תנובה מרכז שיתופי לש,IL,קרלו,גרמים,125.00,100 גרם,false,,2.90,0.0232,true,1,52664
7290004120108,false,יופלה דיאט יוגורט דובדבן %0 גביע 150גרם,תנובה מרכז שיתופי לש,IL,יופלה,גרמים,150.00,100 גרם,false,,4.80,0.0320,true,1,52665
7290004120566,false,פיראוס 24% גבינה בולגרית 250 גרם,תנובה חלב,IL,פיראוס,גרמים,250.00,100 גרם,false,,17.80,0.0712,true,1,52669
7290004120573,false,פיראוס 16% גבינה בולגרית 250 גרם,תנובה מרכז שיתופי לש,IL,פיראוס,גרמים,250.00,100 גרם,false,,17.80,0.0712,true,1,52670
7290004120634,false,גבינה פיראוס בולגרית 5% 250 גרם,תנובה מרכז שיתופי לש,IL,פיראוס,גרמים,250.00,100 גרם,false,,17.80,0.0712,true,1,52671
7290004120832,false,"חלב 2 ליטר 3% כד ""תנובה""- מוצר בפיקוח",תנובה מרכז שיתופי לש,IL,תנובה,ליטרים,2.00,ליטר,false,,12.40,6.2000,true,1,52672
7290004121488,false,יופלה דיאט אפרסק 0% גביע 150 גרם,תנובה מרכז שיתופי לש,IL,יופלה,גרמים,150.00,100 גרם,false,,4.80,0.0320,true,1,52673
7290004121525,false,יופלה מאגדת פרי 4 תות 4 אפרסק 3% 8 יח'*150 ג',תנובה מרכז שיתופי לש,IL,יופלה,ליטרים,1.20,ליטר,false,,28.90,24.0833,true,1,52674
7290004121754,false,יוגורט ביו עוגת גבינה ותות 3% יופלה 150 גרם,תנובה חלב,IL,יופלה,גרמים,150.00,100 גרם,false,,4.80,0.0320,true,1,52675
7290004121853,false,גבינה בולגרית פיראוס 5% קוביות 200 גרם,תנובה מרכז שיתופי לש,IL,פיראוס,גרמים,200.00,100 גרם,false,,17.50,0.0875,true,1,52677
7290004122119,false,פתיתי פרמזן לפסטה 23% השף הלבן 100 גרם,פ.פ.ח. שאביט,IL,השף הלבן,גרמים,100.00,100 גרם,false,,10.90,0.1090,true,1,52679
7290004122195,false,גוש חלב גבינה צהובה פרוסה 28% תנובה 200 גרם,תנובה חלב,IL,תנובה,גרמים,200.00,100 גרם,false,,12.90,0.0645,true,1,52680
7290004122270,false,עמק קלאסית פרוסות גבינה חצי קשה 28% 200 גרם,תנובה מרכז שיתופי לש,IL,תנובה,גרמים,200.00,100 גרם,false,,15.90,0.0795,true,1,52681
7290004122348,false,גבינת עמק לייט פרוס בקופסא 200 גרם,תנובה מרכז שיתופי לש,IL,תנובה,גרמים,200.00,100 גרם,false,,16.90,0.0845,true,1,52682
7290004122676,false,גבינת חמד לייט 5% פיראוס 250 ג',"תנובה,מחלבת טנא נוגה",IL,פיראוס,גרמים,250.00,100 גרם,false,,17.90,0.0716,true,1,52684
7290004122683,false,עמק חטיף אצבעות גבינה חצי קשה 28% שומן,תנובה מרכז שיתופי לש,IL,תנובה,גרמים,172.00,100 גרם,false,,15.90,0.0924,true,1,52685
7290004124205,false,יופלה דיאט יוגורט תות %0 גביע 150 גרם,תנובה מרכז שיתופי לש,IL,יופלה,גרמים,150.00,100 גרם,false,,4.80,0.0320,true,1,52691
7290004124847,false,"קצפת צמחית השף הלבן 500 מ""ל תנובה",תנובה מרכז שיתופי לש,IL,השף הלבן,מיליליטרים,500.00,"100 מ""ל",false,,14.90,0.0298,true,1,52692
7290004125370,false,"שמנת חמוצה 9% מופחתת שומן תנובה 200 מ""ל מהדרין",תנובה מרכז שיתופי לש,IL,תנובה,מיליליטרים,200.00,"100 מ""ל",false,,3.50,0.0175,true,1,52694
7290004125400,false,"אשל שלי מהדרין 200 מ""ל 4.5% ""תנובה""- מוצר בפיקוח",פארייפאבה אגרואינדוס,IL,תנובה,מיליליטרים,206.00,"100 מ""ל",false,,1.65,0.0080,true,1,52695
7290004125417,false,"גיל 3% שלי 200 מ""ל ""תנובה"" -מוצר בפיקוח",תנובה מרכז שיתופי לש,IL,תנובה,מיליליטרים,206.00,"100 מ""ל",false,,1.51,0.0073,true,1,52696
7290004125455,false,"שמנת חמוצה 200 מ""ל 15% ""תנובה"" -מוצר בפיקוח",תנובה מרכז שיתופי לש,IL,תנובה,מיליליטרים,200.00,"100 מ""ל",false,,2.40,0.0120,true,1,52697
7290004125462,false,"שמנת חמוצה 15% תנובה 500 מ""ל מהדרין",תנובה מרכז שיתופי לש,IL,תנובה,מיליליטרים,500.00,"100 מ""ל",false,,6.00,0.0120,true,1,52698
7290004125509,false,"שמנת חמוצה 15% מועשרת תנובה 100 מ""ל",תנובה מרכז שיתופי לש,IL,תנובה,מיליליטרים,100.00,"100 מ""ל",false,,1.60,0.0160,true,1,52699
7290004125578,false,משקה סויה מעושר בסידן תנובה 1ל',תנובה מרכז שיתופי לש,IL,תנובה,ליטרים,1.00,ליטר,false,,9.90,9.9000,true,1,52700
7290004125585,false,משקה סויה בטעם וניל תנובה 1 ליטר,תנובה מרכז שיתופי לש,IL,תנובה,ליטרים,1.00,ליטר,false,,9.90,9.9000,true,1,52701
7290004125721,false,"השף הלבן שמנת עמידה לבישול 15% תנובה 250 מ""ל",תנובה מרכז שיתופי לש,IL,השף הלבן,מיליליטרים,250.00,"100 מ""ל",false,,7.90,0.0316,true,1,52703
7290004125738,false,שמנת מתוקה להקצפה32% 250מל עמיד השף הלבן,תנובה מרכז שיתופי לש,IL,השף הלבן,מיליליטרים,250.00,"100 מ""ל",false,,6.00,0.0240,true,1,52704
7290004125776,false,גבינה צהובה עמק 28% 400 גרם בקופסא,תנובה חלב,IL,תנובה,גרמים,400.00,100 גרם,false,,27.90,0.0697,true,1,52705
7290004126674,false,טל העמק פרוסות גבינה חצי קשה לייט %9 200 גרם בקופסא,תנובה מרכז שיתופי לש,IL,תנובה,גרמים,200.00,100 גרם,false,,18.90,0.0945,true,1,52707
7290004126759,false,יוגורט דיאט יופלה פירות יער 150 גרם,תנובה חלב,IL,יופלה,גרמים,150.00,100 גרם,false,,4.80,0.0320,true,1,52708
7290004126872,false,"שוקו תנובה בבקבוק 250 מ""ל תנובה",תנובה חלב,IL,תנובה,גרמים,250.00,100 גרם,false,,5.30,0.0212,true,1,52709
7290004127077,false,קוטג תנובה 3% גביע 250 גרם מהדרין,מיוצר עי קונדיטוריית,IL,תנובה,גרמים,250.00,100 גרם,false,,5.50,0.0220,true,1,52710
7290004127329,false,קוטג תנובה גביע 250 גרם %5 ו.מהדרין,מיוצר עי קונדיטוריית,IL,תנובה,גרמים,250.00,100 גרם,false,,5.50,0.0220,true,1,52711
7290004127336,false,קוטג תנובה גביע 250 גרם %9 ו.מהדרין,מיוצר עי קונדיטוריית,IL,תנובה,גרמים,250.00,100 גרם,false,,5.50,0.0220,true,1,52712
7290004127800,false,"גבינה לבנה 500 גרם 5% ""תנובה"" -מוצר בפיקוח",מיוצר עי קונדיטוריית,IL,תנובה,גרמים,500.00,100 גרם,false,,9.90,0.0198,true,1,52713
7290004127817,false,גבינה לבנה 9% שומן 500 ג' תנובה,מיוצר עי קונדיטוריית,IL,תנובה,גרמים,500.00,100 גרם,false,,9.30,0.0186,true,1,52714
7290004127862,false,גבינה לבנה 5% שומן 750 ג' תנובה,תנובה מרכז שיתופי לש,IL,תנובה,גרמים,750.00,100 גרם,false,,14.70,0.0196,true,1,52715
7290004127916,false,גבינה לבנה 0.5% שומן 500 ג' תנובה,תנובה מרכז שיתופי לש,IL,תנובה,גרמים,500.00,100 גרם,false,,9.30,0.0186,true,1,52716
7290004128333,false,לאבנה על בסיס יוגורט %9 שומן 500 ג' פיראוס,תנובה חלב,IL,פיראוס,גרמים,500.00,100 גרם,false,,18.90,0.0378,true,1,52718
7290004128364,false,קרם גבינת שמנת 5% עם זיתים ירוקים 200 ג' תנובה,"תנובה, מחלבת תל יוסף",IL,תנובה,גרמים,200.00,100 גרם,false,,10.90,0.0545,true,1,52720
7290004128401,false,גבינת פטה פיראוס במש,תנובה חלב,IL,פיראוס,קילוגרמים,1.00,"ק""ג",true,,100.00,100.0000,true,1,52457
7290004128432,false,פתיתים מיוחדים לפיצה על בסיס גבינה 500 ג',תנובה חלב,IL,השף הלבן,גרמים,500.00,100 גרם,false,,21.90,0.0438,true,1,52721
7290004129101,false,גבינת שמנת 25% בטעם טבעי 225 ג' נפוליאון,תנובה מרכז שיתופי לש,IL,נפוליאון,גרמים,225.00,100 גרם,false,,12.80,0.0569,true,1,52722
7290004129118,false,גבינת שמנת 24% עם זיתים ירוקים 225 ג' נפוליאון,תנובה מרכז שיתופי לש,IL,נפוליאון,גרמים,225.00,100 גרם,false,,12.80,0.0569,true,1,52723
7290004129156,false,גבינת שמנת25% עם שום שמיר 225 ג' נפוליאון,תנובה מרכז שיתופי לש,IL,נפוליאון,גרמים,225.00,100 גרם,false,,12.80,0.0569,true,1,52724
7290004129545,false,גבינה לבנה 3% 250 גרם ועדת מהדרין,מחלבת אלון תבור,IL,תנובה,גרמים,250.00,100 גרם,false,,4.70,0.0188,true,1,52725
7290004129736,false,יוגורט במתיקות מעודנת 1.5% שומן 200 ג' יופלה,תנובה מרכז שיתופי לש,IL,יופלה,מיליליטרים,200.00,"100 מ""ל",false,,4.20,0.0210,true,1,52727
7290004129767,false,"3% 'יופלה לבן מארז שמינייה 1.2 ק""ג",מחלבת אלון תבור,IL,יופלה,ליטרים,1.20,ליטר,false,,16.90,14.0833,true,1,52728
7290004130794,false,משקה סויה במתיקות מופחתת תנובה 1 ליטר,תנובה מרכז שיתופי לש,IL,תנובה,ליטרים,1.00,ליטר,false,,9.90,9.9000,true,1,52730
7290004130916,false,יוגורט יופלה פירות יער בשמנת 3% 150 גרם,תנובה מרכז שיתופי לש,IL,יופלה,גרמים,150.00,100 גרם,false,,4.80,0.0320,true,1,52731
7290004131074,false,"חלב 1 ליטר 3% קרטון ""תנובה""- מוצר בפיקוח",תנובה מרכז שיתופי לש,IL,תנובה,ליטרים,1.00,ליטר,false,,6.20,6.2000,true,1,52733
7290004131227,false,גבינה לבנה 3% שומן 500 גרם מהדרין,תנובה מרכז שיתופי לש,IL,תנובה,גרמים,500.00,100 גרם,false,,9.30,0.0186,true,1,52735
7290004131432,false,יוגורט יופלה לבן ביו 3% 200 גרם,מיוצר עי קונדיטוריית,IL,יופלה,גרמים,200.00,100 גרם,false,,3.70,0.0185,true,1,52737
7290004131456,false,יוגורט ביו 1.5% שומן 200 ג' יופלה,מיוצר עי קונדיטוריית,IL,יופלה,גרמים,200.00,100 גרם,false,,3.70,0.0185,true,1,52738
7290004131814,false,גבינה צפתית 5% מעודנת 200 ג' פיראוס,פארייפאבה אגרואינדוס,IL,פיראוס,גרמים,200.00,100 גרם,false,,11.90,0.0595,true,1,52741
7290004131845,false,גבינת לאבנה 9% שומן 750 ג' פיראוס,תנובה מרכז שיתופי לש,IL,פיראוס,גרמים,750.00,100 גרם,false,,20.90,0.0279,true,1,52742
7290004132231,false,"חלב מיוחד לקפה 3% תנובה קרטון 800 מ""ל",תנובה מרכז שיתופי לש,IL,תנובה,מיליליטרים,800.00,"100 מ""ל",false,,6.40,0.0080,true,1,52745
7290004132552,false,משקה סויה בטעם טבעי לייט תנובה 1 ליטר,תנובה מרכז שיתופי לש,IL,תנובה,ליטרים,1.00,ליטר,false,,9.90,9.9000,true,1,52748
7290004133511,false,יופלה מאגדת לבן 1.5% מעודן 8 יח' * 150 ג',מיוצר עי קונדיטוריית,IL,יופלה,ליטרים,1.20,ליטר,false,,19.90,16.5833,true,1,52756
7290004133627,false,משקה חלב בטעם וניל בתוספת ויטמין A+D 3% ליטר,תנובה מרכז שיתופי לש,IL,תנובה,ליטרים,1.00,ליטר,false,,7.90,7.9000,true,1,52757
7290004134945,false,יוגורט מוקה 3% שומן 150 ג' יופלה,תנובה מרכז שיתופי לש,IL,יופלה,גרמים,150.00,100 גרם,false,,4.80,0.0320,true,1,52760
7290004135058,false,שמיניית קרלו מיני שוקולד 100 גרם מהדרין,תנובה מרכז שיתופי לש,IL,קרלו,גרמים,800.00,100 גרם,false,,11.90,0.0149,true,1,52762
7290004135225,false,מעדן חלב דל קלוריות בטעם שוקולד 0.2שומ,תנובה מרכז שיתופי לש,IL,תנובה,גרמים,150.00,100 גרם,false,,3.80,0.0253,true,1,52765
7290004135324,false,פיראוס בולגרית מע5%משקל,תנובה מרכז שיתופי לש,IL,פיראוס,קילוגרמים,1.00,"ק""ג",true,,43.00,43.0000,true,1,52767
7290004135614,false,גבינה בולגרית מעודנת 5% פיראוס 250 גרם,תנובה חלב,IL,פיראוס,גרמים,250.00,100 גרם,false,,18.90,0.0756,true,1,52768
7290004136598,false,מארז הפסקת אוכל עם קורנפלקס ומשקה חלב עמיד בטעם וניל,פארייפאבה אגרואינדוס,IL,תנובה,יח',1.00,יח',false,,8.90,8.9000,true,1,52775
7290004136857,false,מעדן גלי פטל תנובה 125 גרם,תנובה מרכז שיתופי לש,IL,תנובה,גרמים,125.00,100 גרם,false,,2.20,0.0176,true,1,52776
7290004136864,false,מעדן ג'לי בטעם אננס עם חתיכות תנובה 125 גרם,תנובה חלב,IL,תנובה,גרמים,125.00,100 גרם,false,,2.60,0.0208,true,1,52777
7290004137021,false,"שמנת עמידה לבישול מופחת שומן 10% השף הלבן 250 מ""ל",תנובה מרכז שיתופי לש,IL,השף הלבן,מיליליטרים,250.00,"100 מ""ל",false,,7.90,0.0316,true,1,52780
7290004137311,false,גבינה צהובה לייט 9% שומן 400 ג' עמק,תנובה חלב,IL,תנובה,גרמים,400.00,100 גרם,false,,29.90,0.0747,true,1,52781
7290004137809,false,פיראוס לאבנה 5% גביע 250 גרם,"תנובה, מחלבת אלון תב",IL,פיראוס,גרמים,250.00,100 גרם,false,,11.90,0.0476,true,1,52782
7290004147150,false,ליפות גב לרחצה + רצו,מיה טריידינג,CN,מגוון ספוגי רחצה,יח',1.00,יח',false,,9.90,9.9000,true,1,55256
7290004150129,false,טחינה פיקנטי פרימיום 300 גרם שמיר,"סלטי שמיר 2006 בע""\מ",IL,טחינה פיקנטי פרימיום,גרמים,300.00,100 גרם,false,,14.90,0.0497,true,1,50600
7290004150136,false,חציל על האש פיקנטי פרימיום 300 גרם שמיר,"סלטי שמיר 2006 בע""\מ",IL,חציל על האש פיקנטי פ,גרמים,300.00,100 גרם,false,,14.90,0.0497,true,1,50601
7290004150150,false,חציל בטחינה פיקנטי פרימיום 300 גרם שמיר,"סלטי שמיר 2006 בע""\מ",IL,חציל בטחינה פיקנטי פ,גרמים,300.00,100 גרם,false,,14.90,0.0497,true,1,50603
7290004150181,false,חמוצים סיני פיקנטי פרימיום 300 גרם,"סלטי שמיר 2006 בע""\מ",IL,חמוצים סיני פיקנטי פ,גרמים,300.00,100 גרם,false,,14.90,0.0497,true,1,50606
7290004150235,false,חומוס עם חריף פיקנטי פרימיום 300 גרם שמיר,"סלטי שמיר 2006 בע""\מ",IL,חומוס עם חריף פיקנטי,גרמים,300.00,100 גרם,false,,14.90,0.0497,true,1,50611
7290004194208,false,כרעיים עוף חלק רב מחפוד קפוא,עוף ירושלים,IL,כרעיים עוף מחפוד,קילוגרמים,1.00,"ק""ג",true,,29.90,29.9000,true,1,64599
7290004194239,false,מחפוד-חזה עוף קפוא מהדרין,עוף ירושלים,IL,חזה עוף קפוא מחפוד,קילוגרמים,1.00,"ק""ג",true,,29.90,29.9000,true,1,64600
7290004194253,false,כנפיים עוף קפוא ארוז חלק מחפוד.,עוף ירושלים,IL,כנפיים עוף מחפוד,קילוגרמים,1.00,"ק""ג",true,,11.90,11.9000,true,1,64601
7290004194260,false,מחפוד-שוקיים עוף קפוא מהדרין,עוף ירושלים,IL,שוקיים עוף מחפוד,קילוגרמים,1.00,"ק""ג",true,,31.90,31.9000,true,1,64602
7290004194345,false,שניצל עוף קפוא פרוס מחפוד,עוף ירושלים,IL,שניצל עוף מחפוד קפוא,קילוגרמים,1.00,"ק""ג",true,,32.90,32.9000,true,1,64606
7290004194550,false,כנפיים עוף טרי ארוז מחפוד,עוף ירושלים מהדרין ב,IL,כנפיים מחפוד טרי ארוז,קילוגרמים,1.00,"ק""ג",true,,12.90,12.9000,true,1,64611
7290004194567,false,ירכיים עוף טרי מחפוד,עוף ירושלים מהדרין,,יריכיים עוף טרי ארוז מחפו,קילוגרמים,1.00,"ק""ג",true,,29.90,29.9000,true,1,64612
7290004194574,false,מחפוד שוקיים עוף טרי ארוז,עוף ירושלים מהדרין ב,IL,שוקיים מחפוד טרי ארוז,קילוגרמים,1.00,"ק""ג",true,,32.90,32.9000,true,1,64613
7290004199203,false,קיסמי שיניים מבמבוק מלחיה 300 יחידות,הדקלאים אגודת שיתופי,CN,הוסטס,יח',300.00,יח',false,,3.50,0.0117,true,1,35140
7290004199579,false,פלסטר מעורב 100 יח' - SUNNY PLASTER,הדקלאים אגודת שיתופי,CN,סאני פלסטר,יח',100.00,יח',false,,9.90,0.0990,true,1,35144
7290004199784,false,כפפות S לטקס עם איבוק עדין 100 יח- SAFE TOUCH,סייף טאצ,TH,סייף טאצ,יח',100.00,יח',false,,17.90,0.1790,true,1,35145
7290004199791,false,כפפות M לטקס עם איבוק עדין 100 יח- SAFE TOUCH,סייף טאצ,TH,סייף טאצ,יח',100.00,יח',false,,17.90,0.1790,true,1,35146
7290004199807,false,כפפות L לטקס עם איבוק עדין 100 יח- SAFE TOUCH,סייף טאצ,TH,סייף טאצ,יח',100.00,יח',false,,17.90,0.1790,true,1,35147
7290004219079,false,לבבות דקל פרוסות ויליפוד 400 גרם,אלימנטוס אי קונסרבס דל א,EC,וילי פוד,גרמים,400.00,100 גרם,false,,10.90,0.0273,true,1,40893
7290004219277,false,אנשובי ארוך בצנצנת ויליפוד 80 גרם,קונסרבאס פרדו,IT,וילי פוד,גרמים,45.00,100 גרם,false,,10.90,0.2422,true,1,40894
7290004219284,false,אנשובי עגול בצנצנת ויליפוד 80 גרם,קונסרבאס פרדו,IT,וילי פוד,גרמים,45.00,100 גרם,false,,10.90,0.2422,true,1,40895
7290004228804,false,עלי בצק לסיגרים שלושת האופים 450 גרם.,"שלושת האופים בע""\מ",IL,עלי סיגר שלושת האופי,גרמים,450.00,100 גרם,false,,11.90,0.0264,true,1,45632
7290004230944,false,מקלות בורקס פילו גבינה שלושת האופים 600,שלושת האופים שגמור,IL,מקלות בורקס פילו גבינה,גרמים,600.00,100 גרם,false,,16.90,0.0282,true,1,45641
7290004255305,false,נר נשמה שבועי בפלסטיק מנורה,"מנורה שי נר בע""מ",IL,מנורה,יח',1.00,יח',false,,8.90,8.9000,true,1,61043
7290004255343,false,נריות 72 בקופסא - 4 שעות,"מנורה שי נר בע""מ",IL,מנורה,יח',1.00,יח',false,,19.90,19.9000,true,1,61044
7290004255428,false,נר נשמה 24 שעות-מנורה,"מנורה שי נר בע""מ",IL,מנורה,יח',1.00,יח',false,,1.50,1.5000,true,1,61046
7290004255602,false,נרות חימום 50 יח' בלוק מנורה,,,נרות חימום מנורה 8 ש,יח',50.00,יח',false,,24.90,0.4980,true,1,61047
7290004255619,false,נרות חימום 100 יח' מנורה,"מנורה שי נר בע""מ",IL,מנורה,יח',100.00,יח',false,,21.90,0.2190,true,1,61048
7290004255824,false,פתיל צף מתומן 50 יח,"מנורה שי נר בע""מ",,פתיל שמן מנורה,יח',1.00,יח',false,,2.90,2.9000,true,1,61049
7290004255879,false,נר הבדלה דקורטיבי פי,,IL,מנורה,יח',1.00,יח',false,,10.90,10.9000,true,1,61050
7290004324605,false,גבינה מותכת למריחה בטעם רוקפור 7% מון בלאן 120 ג',האי נאם סי או אל.טי.,IL,מון בלאן,גרמים,120.00,100 גרם,false,,8.90,0.0742,true,1,45653
7290004324858,false,קבב כבש טיבון ויל 500 גרם,"טיבון ויל אחזקות בע""",IL,טיבון ויל,גרמים,500.00,100 גרם,false,,17.90,0.0358,true,1,45654
7290004480349,false,"משולש גבינת גאודה עיזים ""גד""",מחלבת אמלטי הולנד,IL,מחלבות גד,קילוגרמים,1.00,"ק""ג",true,,125.00,125.0000,true,1,45207
7290004480363,false,גבינת קשקבל קשה במשק,מחלבות גד,IL,מחלבות גד,קילוגרמים,1.00,"ק""ג",true,,119.00,119.0000,true,1,45209
7290004492274,false,בייגלה טבעות מלוחות בייגל בייגל 400 גרם,יוניליוור מזון,IL,B&B,גרמים,400.00,100 גרם,false,,9.90,0.0248,true,1,51488
7290004492762,false,"נשנושים תירס אפוי טעם טבעי בייגל בייגל 325 גרם בד""צ",בייגל את בייגל מזון 198),IL,B&B,גרמים,325.00,100 גרם,false,,13.90,0.0428,true,1,51492
7290004494131,false,יין דלתון קברנה סוביניון גליל,"יקב דלתון בע""\מ",IL,גליל קברנה סוביניון,מיליליטרים,750.00,"100 מ""ל",false,,54.90,0.0732,true,1,42144
7290004494148,false,"דלתון גליל מרלו 750 מ""ל","יקב דלתון בע""\מ",IL,גליל מרלו ( דלתון),מיליליטרים,750.00,"100 מ""ל",false,,54.90,0.0732,true,1,42145
7290004537241,false,אפונת גינה שדה בשקית,בסט מייסטר,IL,אפונה 800 גרם,גרמים,800.00,100 גרם,false,,8.90,0.0111,true,1,61440
7290004555122,false,גרנולה בלי תוספת סוכ,שוק הפיצוחים,,גרנולה בלי תוספת סוכ,יחידה,0.00,יחידה,false,,19.90,0.0000,true,1,69773
7290004584351,false,גבינה לבנה סימפוניה עם תוספות 200 ג' חמישית 200,"שטראוס בריאות בע""\מ",IL,שטראוס,גרמים,200.00,100 גרם,false,,9.90,0.0495,true,1,48854
7290004584528,false,יוגורט דנונה ביו לבן 1.7% שומן 200 גרם,מיוצר עי קונדיטוריית,IL,שטראוס,גרמים,200.00,100 גרם,false,,3.50,0.0175,true,1,48855
7290004585907,false,דני ועדן וניל 1.5% 125ג' שטראוס,מיוצר עי קונדיטוריית,IL,שטראוס,גרמים,125.00,100 גרם,false,,2.60,0.0208,true,1,48856
7290004603175,false,מלח הים האדום גס מלח הארץ 500 גרם,"חברת מלח הארץ אילת בע""\מ",IL,מלח הארץ,גרמים,500.00,100 גרם,false,,7.90,0.0158,true,1,30575
7290004645298,false,פילה סלמון רוזנרס קפ,,NO,רוזנרס,קילוגרמים,1.00,"ק""ג",true,,89.90,89.9000,true,1,72131
7290004645809,false,סלמון מנות עם עור רו,,,סלמון מנות עם עור רו,קילוגרמים,1.00,"ק""ג",true,,89.90,89.9000,true,1,62069
7290004645816,false,סלמון ללא עור מארז 4,,,סלמון ללא עור מארז 4,קילוגרמים,1.00,"ק""ג",true,,94.90,94.9000,true,1,62070
7290004645823,false,נסיכת הנילוס פרוס קג,רוזנרס,IL,נילוס פרוס רוזנרס,קילוגרמים,1.00,"ק""ג",true,,49.90,49.9000,true,1,62071
7290004652401,false,ג'חנון ללא מרגרינה שגב 650 גרם,"שגמור בע""\מ",IL,ג'חנון ללא מרגרינה ש,גרמים,650.00,100 גרם,false,,18.90,0.0291,true,1,45660
7290004658953,false,יין סוביניון בלאן פרייבט קולקשן יקבי כרמל,"כד בני דרום בע""מ",IL,Private collection,מיליליטרים,750.00,"100 מ""ל",false,,32.40,0.0432,true,1,35273
7290004658960,false,יין אמרלד ריזלינג פרייבט קולקשן יקבי כרמל,אגודת הכורמים הקואופרטיב,IL,Private collection,מיליליטרים,750.00,"100 מ""ל",false,,32.40,0.0432,true,1,35274
7290004731410,false,"שלישיית כריות קרצוף ירוקות סנו סושי 25X10.6 ס""מ",קריות זול,IL,סנו סושי,יח',3.00,יח',false,,9.90,3.3000,true,1,39165
7290004731472,false,"שלישיית אלסבון צבעוני כיף 500 מ""ל",טרופיקל דגיל תעשיות,IL,כיף,ליטרים,1.50,ליטר,false,,18.90,12.6000,true,1,39166
7290004731519,false,"מקסימה מרכך ומבשם כביסה למייבש סנסיטיב סנו 750 מ""ל",סנו מקסימה,IL,סנו,מיליליטרים,750.00,"100 מ""ל",false,,17.90,0.0239,true,1,39167
7290004731557,false,"מקסימה תרסיס מרכך ומבשם כביסה במייבש מאסק סנו 750 מ""ל",סנו מקסימה,IL,סנו,מיליליטרים,750.00,"100 מ""ל",false,,17.90,0.0239,true,1,39168
7290004731564,false,"מקסימה מבשם ומרכך למייבש הכביסה בלו בלוסום 750 מ""ל",סנו מקסימה,IL,סנו,מיליליטרים,750.00,"100 מ""ל",false,,17.90,0.0239,true,1,39169
7290004731670,false,"מטהר אוויר דואופרש פצ'ולי לבנדר סנו 300 מ""ל","סנו מפעלי ברונוס בע""\מ",IL,דואופרש,מיליליטרים,300.00,"100 מ""ל",false,,10.90,0.0363,true,1,39171
7290004737900,false,חלב כחוש מרוכז וממותק בתוספת שמן צמחי ויליפוד 397 גרם,יו.איי.בי מאריג'אמפו,LT,חלב ממותק,גרמים,397.00,100 גרם,false,,9.90,0.0249,true,1,40903
7290004861025,false,גבינה בולגרית 5% במשקל,"מחלבת המושבה בע""מ",IL,מחלבת המושבה,קילוגרמים,1.00,"ק""ג",true,,45.00,45.0000,true,1,53994
7290004861056,false,צפתית/ברינזה 5% המוש,"מחלבת המושבה בע""מ",IL,מחלבת המושבה,קילוגרמים,1.00,"ק""ג",true,,42.00,42.0000,true,1,53995
7290004861278,false,שמנת 30% טבעי המושבה,"מחלבת המושבה בע""מ",IL,מחלבת המושבה,קילוגרמים,1.00,"ק""ג",true,,39.00,39.0000,true,1,53978
7290004861285,false,גבינה טבורוג המושבה,"מחלבת המושבה בע""מ",IL,מחלבת המושבה,קילוגרמים,1.00,"ק""ג",true,,35.00,35.0000,true,1,53979
7290004861315,false,מעדניה-גבינה לאבנה ט,"מחלבת המושבה בע""מ",IL,מחלבת המושבה,קילוגרמים,1.00,"ק""ג",true,,35.00,35.0000,true,1,53980
7290004861520,false,גבינת שמנת 5% מושבה,"מחלבת המושבה בע""מ",IL,מחלבת המושבה,קילוגרמים,1.00,"ק""ג",true,,30.00,30.0000,true,1,53985
7290004944032,false,חומוס אמיתי אסלי שמיר 400 גרם,"סלטי שמיר 2006 בע""מ",IL,אסלי,גרמים,400.00,100 גרם,false,,9.90,0.0248,true,1,50630
7290004977016,false,ממרח לימון 300 גר',סלטי משני,,טחינה ירוקה 300 גרם,גרמים,300.00,100 גרם,false,,12.90,0.0430,true,1,72676
7290004982355,false,צדר טריפל סיימן במשק,כושר דיירי,GB,*מבצע* גבינת צ'דר טר,קילוגרמים,1.00,"ק""ג",true,,109.00,109.0000,true,1,65952
7290005041198,false,מעדני הטלה קבב ביתי,לאטי עזרא גלם ודגים,IL,מעדני הטלה,קילוגרמים,1.00,"ק""ג",false,,44.90,44.9000,true,1,36163
7290005068058,false,גרעיני תירס קל - תירס מזן מתוק מופחת קלוריות,"פרי הגליל בע""""מ",IL,פרי הגליל,גרמים,550.00,100 גרם,false,,6.90,0.0125,true,1,47772
7290005079290,false,נעם גבינה צהובה15% משקל,טרה,IL,טרה,קילוגרמים,1.00,"ק""ג",true,,64.00,64.0000,true,1,48182
7290005079344,false,מוצרלה נועם רכיבים ט,מחלבת משק צוריאל,IL,נעם,קילוגרמים,1.00,"ק""ג",true,,77.00,77.0000,true,1,48185
7290005079412,false,גבינה אמנטל נעם 30% משקל,טרה,IL,נעם,קילוגרמים,1.00,"ק""ג",true,,57.00,57.0000,true,1,48186
7290005084355,false,סנסודין משחת שיניים דואל קר פלואוריד 75,גלקסו סמית קליין,GB,סנסודיין,גרמים,75.00,100 גרם,false,,21.90,0.2920,true,1,40411
7290005113222,false,זיתים קוקטייל וגמבה יבנה 350ג',קבוצת יבנה,IL,קבוצת יבנה,גרמים,540.00,100 גרם,false,,9.90,0.0183,true,1,48076
7290005168475,false,מיץ ענבים מובחר אדום 100% טבעי 1 ליטר,יקבי ציון,IL,תירוש מובחר 100% 1 ל,ליטרים,1.00,ליטר,false,,16.90,16.9000,true,1,66097
7290005174513,false,חציל אחלה במיונז 500 ג' אחלה+ 33% תוספת,מיוצר עי קונדיטוריית,IL,שטראוס,גרמים,500.00,100 גרם,false,,14.90,0.0298,true,1,48857
7290005174551,false,סלט חומוס עם צנוברים 125 ג' אחלה,מיוצר עי קונדיטוריית,IL,שטראוס,גרמים,125.00,100 גרם,false,,4.70,0.0376,true,1,48858
7290005174568,false,סלט חצילים במיונז אחלה 125 גרם,"שטראוס גרופ בע""\מ",IL,שטראוס,גרמים,125.00,100 גרם,false,,4.70,0.0376,true,1,48859
7290005174575,false,טחינה אחלה יום יום משובחת 125ג',מיוצר עי קונדיטוריית,IL,שטראוס,גרמים,125.00,100 גרם,false,,4.70,0.0376,true,1,48860
7290005197758,false,"עוגיות חיוכים שוקולד עלית 150 גרם בד""צ",אפיפית נצרת תעשיות ב,IL,עלית,גרמים,150.00,100 גרם,false,,4.90,0.0327,true,1,46420
7290005200786,false,תפוצ'יפס בטעם שמנת בצל עלית 50 גרם,"שטראוס פריטו ליי בע""\מ )",IL,עלית,גרמים,50.00,100 גרם,false,,3.50,0.0700,true,1,47435
7290005201882,false,קפה טורקי בצלופן עלית 200 גרם,הנסיך- מפעל לייצור ט,IL,עלית,גרמים,200.00,100 גרם,false,,14.90,0.0745,true,1,46430
7290005287206,false,רביעיית טונה בשמן סטארקיסט 160 גרם,"סטארקיסט פודור בע""מ",VN,סטארקיסט,גרמים,640.00,100 גרם,false,,24.90,0.0389,true,1,56598
7290005287251,false,רביעיית טונה במים סטארקיסט 160 גרם,"סטארקיסט פודור בע""מ",VN,סטארקיסט,גרמים,640.00,100 גרם,false,,24.90,0.0389,true,1,56600
7290005287657,false,"סטארקיסט ממרח טונה 160 גרם בד""צ","סטארקיסט פודור בע""מ",TH,סטארקיסט,גרמים,160.00,100 גרם,false,,5.90,0.0369,true,1,56606
7290005296260,false,"אסטוניש ספריי רסס ונגב לניקוי כללי יעקבי 750 מ""ל",יעקובי אסטוניש,GB,אסטוניש,מיליליטרים,750.00,"100 מ""ל",false,,11.90,0.0159,true,1,43525
7290005326387,false,עגבניות מיובשות בשמן זית אוליביה 270 גרם,אוליביה,IL,אוליביה,גרמים,270.00,100 גרם,false,,15.90,0.0589,true,1,50859
7290005326523,false,ממרח פסטו פטרוזיליה ונענע אוליביה 180 גרם,אוליביה,IL,אוליביה פסטו פטרוזיליה ונ,גרמים,180.00,100 גרם,false,,12.90,0.0717,true,1,50860
7290005326585,false,ממרח אוליביה פסטו בזיליקום 180 ג',"אוליביה גורמה בע""מ",IL,אוליביה,גרמים,180.00,100 גרם,false,,11.90,0.0661,true,1,52786
7290005358579,false,בשר מס 8 שריר קפוא ח,,,בשר מס 8 חלק קפוא,קילוגרמים,1.00,"ק""ג",true,,29.90,29.9000,true,1,45665
7290005358869,false,בשר בקר חלק מס 6 קפו,פניסקור,,בשר מס 6 חלק קפוא,קילוגרמים,1.00,"ק""ג",true,,39.90,39.9000,true,1,35391
7290005358883,false,שריר מס' 8 חלק קפוא קג,טאק טורו,BR,בשר מס 8 חלק קפוא,קילוגרמים,1.00,"ק""ג",true,,29.90,29.9000,true,1,35398
7290005384851,false,"מיץ לימון משומר 200 מ""ל",קריות זול,IT,מיץ לימון משומר 200,מיליליטרים,200.00,"100 מ""ל",false,,2.90,0.0145,true,1,40909
7290005423253,false,"סנו - מקסימה מרסס למייבש כביסה אולטרה פרש 750 מ""ל","סנו מפעלי ברונוס בע""\מ",IL,סנו,מיליליטרים,750.00,"100 מ""ל",false,,17.90,0.0239,true,1,39181
7290005423499,false,"תרסיס לניקוי משטחי נירוסטה אירוסל סנו 500 מ""ל",מיוצר עי קונדיטוריית,IL,סנו,מיליליטרים,500.00,"100 מ""ל",false,,19.90,0.0398,true,1,39186
7290005423543,false,משחת שיניים מלבינה לבן אורביטול 145 גרם,טרופיקל דגיל קוסמטיק,IL,אורביטול,גרמים,145.00,100 גרם,false,,7.90,0.0545,true,1,39188
7290005423567,false,מטליות ניקוי רב שימושיות בגליל סנו סושי 40 יחידות,אסותא תעשיות אלבד בע,IL,סנו סושי,יח',40.00,יח',false,,18.90,0.4725,true,1,39189
7290005423635,false,ריצפז נוזל רצפות דוחה תיקנים סנו 2 ליטר,מיוצר עי קונדיטוריית,IL,ריצפז,ליטרים,2.00,ליטר,false,,20.90,10.4500,true,1,39190
7290005423871,false,שלישיית משחת שיניים מנטול אורביטול 145 גרם,טרופיקל דגיל תעשיות קוסמ,IL,אורביטול,גרמים,435.00,100 גרם,false,,14.90,0.0343,true,1,39193
7290005424403,false,"אל סבון כיף אצות ים קטיפתי 1ליטר,",טרופיקל דגיל תעשיות,IL,כיף,ליטרים,1.00,ליטר,false,,11.90,11.9000,true,1,39200
7290005424700,false,סנו - פורטה פלוס מרסס מסיר שומנים 1 ליטר,"סנו מפעלי ברונוס בע""\מ",IL,*מבצע* סנו פורטה פלו,מיליליטרים,1000.00,"100 מ""ל",false,,16.90,0.0169,true,1,39203
7290005424809,false,כריות קרצוף ענקיות לניקוי כללי סנו סושי 3 יחידות,קריות זול,IL,סנו סושי,יח',3.00,יח',false,,9.90,3.3000,true,1,39208
7290005425110,false,"חיטוי משטחים 99.9% מתז מחטא ומשמיד 750 מ""ל","סנו מפעלי ברונוס בע""\מ",IL,מרסס חיטוי משטחים סט,מיליליטרים,750.00,"100 מ""ל",false,,13.90,0.0185,true,1,39214
7290005425127,false,"חיטוי משטחים 99.9% מתז לשומנים ואבנית 750 מ""ל","סנו מפעלי ברונוס בע""\מ",IL,מרסס מנקה שומנים ואב,מיליליטרים,750.00,"100 מ""ל",false,,13.90,0.0185,true,1,39215
7290005425646,false,קליר נוזל לניקוי חלונות רב תכליתי סנו 1 ליטר,"סנו מפעלי ברונוס בע""\מ",IL,סנוקליר,ליטרים,1.00,ליטר,false,,10.90,10.9000,true,1,39218
7290005425714,false,"שמפו שטיחים סנו פלוס 600 מ""ל","סנו מפעלי ברונוס בע""\מ",IL,סנו,מיליליטרים,600.00,"100 מ""ל",false,,25.90,0.0432,true,1,39219
7290005426193,false,ספוגית הפלא סנו סושי 6 יחידות,טרופיקל דגיל תעשיות,IL,סנו סושי,יח',6.00,יח',false,,9.90,1.6500,true,1,39224
7290005426230,false,מטלית הפלא לרצפה מיקרופייבר סנו 1יח',סנו סושי,CN,סנו סושי,יח',1.00,יח',false,,10.90,10.9000,true,1,39225
7290005426384,false,"סנומוד מבשם אויר מיס מיליון סטטוס סנו 150 מ""ל",סנומוד,IL,סנומוד,מיליליטרים,150.00,"100 מ""ל",false,,9.90,0.0660,true,1,39227
7290005426568,false,"קרמה - קרם לחות לשיער רגיל 400 מ""ל",טרופיקל דגיל תעשיות,IL,קרמה,מיליליטרים,400.00,"100 מ""ל",false,,16.90,0.0422,true,1,39229
7290005427725,false,"חמישיית מגבונים מבושם ""ליטופים""",טרופיקל דגיל קוסמטיק,IL,ליטופים,יח',5.00,יח',false,,17.90,3.5800,true,1,39248
7290005427787,false,"קרמה - קרם לחות לשיער מתולתל 400 מ""ל",טרופיקל דגיל תעשיות,IL,קרמה,מיליליטרים,400.00,"100 מ""ל",false,,16.90,0.0422,true,1,39250
7290005427978,false,"תחליב רחצה לפנים פילינג קרמה 180 מ""ל",גוד פוד פרודקטס S.p,IL,קרמה,מיליליטרים,180.00,"100 מ""ל",false,,12.90,0.0717,true,1,39253
7290005429286,false,"אבקת כביסה מקסימה ביו 6 ק""ג סנו",סנו מקסימה,IL,מקסימה,קילוגרמים,6.00,"ק""ג",false,,44.90,7.4833,true,1,39260
7290005430602,false,"סנו אוקסיג'ן ספריי להסרת כתמים עם חמצן פעיל 750 מ""ל","סנו מפעלי ברונוס בע""",IL,אוקסיג'ן,מיליליטרים,750.00,"100 מ""ל",false,,14.90,0.0199,true,1,39262
7290005430671,false,פוליויקס נוזל לניקוי קרמיקה סנו 2 ליטר,סנו מפעלי ברונו בעמ,IL,פוליויקס,ליטרים,2.00,ליטר,false,,19.90,9.9500,true,1,39263
7290005431159,false,תותים בקצפת לייט עדן קינוחים 80 גרם,עדן קינוחים,IL,תנובה,גרמים,80.00,100 גרם,false,,5.90,0.0738,true,1,52787
7290005431883,false,מלבי חלבי עדן קינוחים 165 גרם,עדן קינוחים Eden,IL,תנובה,גרמים,165.00,100 גרם,false,,5.90,0.0358,true,1,52798
7290005431906,false,קדאיף עדן קינוחים 82 גרם,עדן קינוחים Eden,IL,תנובה,גרמים,82.00,100 גרם,false,,5.90,0.0720,true,1,52800
7290005431913,false,עוגת גבינה פירורים עדן קינוחים 92 גרם,עדן קינוחים Eden,IL,תנובה,גרמים,92.00,100 גרם,false,,5.90,0.0641,true,1,52801
7290005431920,false,עוגת גבינה פירורים לייט עדן קינוחים 78 גרם,עדן קינוחים Eden,IL,תנובה,גרמים,78.00,100 גרם,false,,5.90,0.0756,true,1,52802
7290005431937,false,טירמיסו עדן קינוחים 82 גרם,עדן קינוחים Eden,IL,תנובה,גרמים,82.00,100 גרם,false,,5.90,0.0720,true,1,52803
7290005431968,false,מלבי שמנת עדן קינוחים 150 גרם,עדן קינוחים Eden,IL,תנובה,גרמים,150.00,100 גרם,false,,6.90,0.0460,true,1,52805
7290005477669,false,סבון נוזלי דרמפון מועשר לחות קרליין 1 ליטר,"אמיליה קוסמטיקס בע""מ",IL,דרמפון,ליטרים,1.00,ליטר,false,,17.90,17.9000,true,1,39265
7290005500558,false,ג'ל חזק לעיצוב שיער 1 ליטר פנינה רוזנבלום,פנינה רוזנבלום,IL,פנינה רוזנבלום בע'מ,קילוגרמים,1.00,"ק""ג",false,,15.90,15.9000,true,1,47865
7290005500688,false,"פנינה רוזנבלום מסיכה לשיקום ורודה , 1 ק""ג",פנינה רוזנבלום,IL,פנינה רוזנבלום בע'מ,קילוגרמים,1.00,"ק""ג",false,,26.90,26.9000,true,1,47866
7290005500978,false,מסיר לק ריחני פנינה רוזנבלום 220 מ''ל,פנינה רוזנבלום,,פנינה,מיליליטרים,200.00,"100 מ""ל",false,,9.90,0.0495,true,1,47869
7290005509445,false,עוגיות מיני קוקיס חמאה בצנצנת כרמית 600 גרם,כרמית תעשיות ממתקים,IL,כרמית,גרמים,600.00,100 גרם,false,,15.90,0.0265,true,1,42226
7290005559587,false,מאפה נקניקיה בבצק מעדנות 800ג',מיוצר עי קונדיטוריית,IL,מעדנות,גרמים,800.00,100 גרם,false,,28.90,0.0361,true,1,58549
7290005559709,false,בורקס פיצה מעדנות 700 גרם,"מעדנות בע""\מ",IL,מעדנות,גרמים,700.00,100 גרם,false,,25.90,0.0370,true,1,58551
7290005559907,false,פיצה משפחתית 100% גבינה מעדנות 500 גרם,מיוצר עי קונדיטוריית,IL,מעדנות,גרמים,500.00,100 גרם,false,,15.80,0.0316,true,1,58553
7290005559914,false,פיצה משפחתית עם 100% גבינה בתוספת זיתים מעדנות 550 גרם,מיוצר עי קונדיטוריית,IL,מעדנות,גרמים,550.00,100 גרם,false,,15.80,0.0287,true,1,58554
7290005559990,false,בצק פילאס תורכי מעדנות 600 גרם,מיוצר עי קונדיטוריית,IL,מעדנות,גרמים,600.00,100 גרם,false,,19.90,0.0332,true,1,58556
7290005591761,false,דבש טהור מפרחי בר בלחיץ 400 ג' יד מרדכי,מכוורת יד מרדכי שטראוס ב,IL,יד מרדכי,גרמים,400.00,100 גרם,false,,19.90,0.0497,true,1,46431
7290005680052,false,טמפונים סופר פלוס אובה 32 יחידות,גונסון אנד גונסון,GR,אובה,יח',32.00,יח',false,,24.90,0.7781,true,1,54330
7290005838002,false,מעדן גבינה ויוגורט בטעם וניל 88 ג' דניאלה,"שטראוס בריאות בע""מ",IL,שטראוס,מיליליטרים,150.00,"100 מ""ל",false,,3.90,0.0260,true,1,48862
7290005838613,false,"סקי וניל בודד 125 גרם ""שטראוס""","שטראוס בריאות בע""\מ",IL,שטראוס,גרמים,125.00,100 גרם,false,,3.70,0.0296,true,1,48863
7290005838972,false,גבינת יום יום 5% שטראוס 125ג',מיוצר עי קונדיטוריית,IL,שטראוס,גרמים,125.00,100 גרם,false,,3.10,0.0248,true,1,48864
7290005839078,false,שמיניית יוגורט לבן 3% ביו דנונה 150 גרם,מיוצר עי קונדיטוריית,IL,שטראוס,קילוגרמים,1.20,"ק""ג",false,,15.90,13.2500,true,1,48865
7290005839108,false,גבינה לבנה סימפוניה עם תוספות 200 ג'+זיתים 5%,"שטראוס בריאות בע""\מ",IL,שטראוס,גרמים,200.00,100 גרם,false,,9.90,0.0495,true,1,48866
7290005839313,false,"מילקי טופ מגולגלת שטראוס 170 מ""ל",מיוצר עי קונדיטוריית,IL,שטראוס,גרמים,134.00,100 גרם,false,,4.50,0.0336,true,1,48867
7290005896453,false,"בירה מכבי 7.9%, בירה חזקה, בקבוק חוזר 500 מ''ל",טמפו משקאות בע''מ,IL,מכבי,מיליליטרים,500.00,"100 מ""ל",false,,6.90,0.0138,true,1,42590
7290005938238,false,ממרח צ'ימצ'ורי פרסקו 220ג' מצונן,"פרסקו חצבה 2006 בע""מ",IL,פרסקו חצבה,גרמים,220.00,100 גרם,false,,17.90,0.0814,true,1,45670
7290005938245,false,ממרח פסטו קלאסי פרסקו 220ג' מצונן,מיוצר עי פרסקו חצבה,IL,פרסקו חצבה,גרמים,220.00,100 גרם,false,,17.90,0.0814,true,1,45671
7290005938603,false,טפאנד זיתים ירוקים 220גר,פרסקו חצבה,IL,פרסקו,גרמים,220.00,100 גרם,false,,17.90,0.0814,true,1,45672
7290005938627,false,ממרח עגבניות מיובשות פרסקו 220 גרם,פרסקו חצבה 2006 בעמ,IL,פרסקו,גרמים,220.00,100 גרם,false,,17.90,0.0814,true,1,45674
7290005992247,false,"גבינה חלומי גד ק""ג.",מחלבות גד,IL,מחלבות גד,קילוגרמים,1.00,"ק""ג",true,,99.00,99.0000,true,1,45131
7290005992575,false,גבינה בולגרית למריחה 5% גד 250 גרם,מחלבות גד בעמ,IL,מחלבות גד,גרמים,250.00,100 גרם,false,,17.00,0.0680,true,1,45212
7290005992735,false,לאבנה טבעי 5 אחוז 250גרם גד,הנסיך- מפעל לייצור ט,IL,מחלבות גד,גרמים,250.00,100 גרם,false,,12.90,0.0516,true,1,45213
7290005992858,false,גבינת פטה עיזים במשק,יושלם,IL,מחלבות גד,קילוגרמים,1.00,"ק""ג",true,,110.00,110.0000,true,1,45133
7290005992872,false,גב.צפתית במים 5% במשקל,מחלבות גד,IL,מחלבות גד,קילוגרמים,1.00,"ק""ג",true,,64.00,64.0000,true,1,45214
7290005992889,false,גב.שמנת שום שמיר 30%משקל,מחלבות גד,IL,מחלבות גד,קילוגרמים,1.00,"ק""ג",true,,43.00,43.0000,true,1,45134
7290005992957,false,גבינת פטה עיזים במשק,טבע עז,IL,מחלבות גד,קילוגרמים,1.00,"ק""ג",true,,110.00,110.0000,true,1,45137
7290005996078,false,סרוולט בסגנון הונגרי יחיעם 125 גרם,מעדני יחיעם,IL,יחיעם,גרמים,125.00,100 גרם,false,,25.90,0.2072,true,1,32646
7290005996221,false,פסטרמה של פעם דקדק יחיעם 120 גרם,מעדני יחיעם,IL,יחיעם,גרמים,120.00,גרם,false,,12.90,0.1075,true,1,32649
7290005996238,false,פסטרמה בדבש דקדק יחיעם 120 גרם,מעדני יחיעם,IL,יחיעם,גרמים,120.00,גרם,false,,12.90,0.1075,true,1,32650
7290005996276,false,פסטרמה ברביקיו דקדק יחיעם 120 גרם,מעדני יחיעם,IL,יחיעם,גרמים,120.00,גרם,false,,12.90,0.1075,true,1,32651
7290006185501,false,"פנינה רוזנבלום -אל סבון נוזלי ורוד,1 ליטר",פנינה רוזנבלום,IL,פנינה רוזנבלום בע'מ,ליטרים,1.00,ליטר,false,,8.90,8.9000,true,1,47870
7290006185518,false,אל סבון נוזלי כחול 1 ליטר פנינה רוזנבלום,פנינה רוזנבלום,IL,פנינה רוזנבלום בע'מ,ליטרים,1.00,ליטר,false,,8.90,8.9000,true,1,47871
7290006229588,false,בירה איגל לאגר פרימיום חזקה 6.3% 500 מל,"טמפו משקאות בע""מ",IL,טמפו,מיליליטרים,500.00,"100 מ""ל",false,,5.90,0.0118,true,1,42605
7290006241191,false,אגוזי מלך קליית גת 150 גר,הדקלאים אגודת שיתופי,US,גאשרס,גרמים,150.00,100 גרם,false,,9.90,0.0660,true,1,44165
7290006241214,false,שקד טבעי קליית גת 200 גרם,הדקלאים אגודת שיתופי,IL,קליית גת,גרמים,200.00,100 גרם,false,,15.90,0.0795,true,1,44166
7290006241504,false,"משקה תפוזים קפוא פריגת 340 מ""ל",פריגת מצוננים,IL,פריז_א,גרמים,345.00,100 גרם,false,,9.90,0.0287,true,1,48247
7290006241511,false,"משקה לימונענע מרוכז קפוא פריגת 280 מ""ל",היינץ צפון אמריקה מק,IL,פריז_א,גרמים,340.00,100 גרם,false,,9.90,0.0291,true,1,48248
7290006241535,false,"משקה מנגו קפוא פריגת 340 מ""ל",היינץ צפון אמריקה מק,IL,פריז_א,גרמים,350.00,100 גרם,false,,9.90,0.0283,true,1,48249
7290006241689,false,"משקה לימונים מרוכז קפוא פריגת 280 מ""ל",היינץ צפון אמריקה מק,IL,פריז_א,גרמים,340.00,100 גרם,false,,9.90,0.0291,true,1,48250
7290006251107,false,תה צ'אי מסאלה ויסוצקי 25 יחידות,מולינו ניקולי s.p.a,IL,ויסוצקי,גרמים,50.00,100 גרם,false,,18.90,0.3780,true,1,50862
7290006251275,false,תה ירוק סיני קלאסי ויסוצקי 25 יחידות,תה ויסוצקי,IL,ויסוצקי,גרמים,937.50,100 גרם,false,,19.90,0.0212,true,1,50863
7290006251343,false,חליטת פסיפלורה מנגו הגן הקסום ויסוצקי 25 יחידות,תה ויסוצקי,IL,ויסוצקי,גרמים,38.00,100 גרם,false,,16.90,0.4447,true,1,50865
7290006251589,false,תה ירוק עם עלי נענע 50 שקיקים ויסוצקי,בית ויסוצקי,IL,ויסוצקי,גרמים,50.00,100 גרם,false,,39.90,0.7980,true,1,50867
7290006265500,false,פטריות שמפיניון ארוז מרינה,"מרינה פטריות הגליל בע""מ",IL,פטריות שמפניון,יח',1.00,יח',false,,8.90,8.9000,true,1,62774
7290006271174,false,ג'חנון לאפיה בתנור מעדנות 700 גרם,מיוצר עי קונדיטוריית,IL,מעדנות,גרמים,700.00,100 גרם,false,,17.90,0.0256,true,1,58557
7290006271181,false,ג'חנון אפוי למיקרוגל מעדנות 750 גרם,מיוצר עי קונדיטוריית,IL,מעדנות,גרמים,750.00,100 גרם,false,,21.90,0.0292,true,1,58558
7290006271648,false,מיני בורקס תפוחי אדמה מעדנות 800 גרם,"מעדנות בע""\מ",IL,מעדנות,גרמים,800.00,100 גרם,false,,22.90,0.0286,true,1,58560
7290006271655,false,מיני בורקס גבינה מעדנות 800 גרם,מיוצר עי קונדיטוריית,IL,מעדנות,גרמים,800.00,100 גרם,false,,24.90,0.0311,true,1,58561
7290006271761,false,מיני ג'חנון אפוי מעדנות 600 גרם,מיוצר עי קונדיטוריית,IL,מעדנות,גרמים,600.00,100 גרם,false,,21.90,0.0365,true,1,58562
7290006272072,false,חטיפי פיצה גבינה מעדנות 650 גרם,"מעדנות בע""\מ",IL,מעדנות,גרמים,650.00,100 גרם,false,,29.90,0.0460,true,1,58563
7290006272430,false,בצק עלים חמאה מעדנות 600 גרם,מיוצר עי קונדיטוריית,IL,מעדנות,גרמים,600.00,100 גרם,false,,27.90,0.0465,true,1,58564
7290006306296,false,רביולי במילוי גבינה לילדים פסטה נונה גד 400 גרם,דורום תעשיות מזון ופסטה,IL,פסטה נונה,גרמים,400.00,100 גרם,false,,25.90,0.0647,true,1,45219
7290006306302,false,רביולי במילוי פרמזן ריקוטה גד 400 גרם,דורום תעשיות מזון ופסטה,IL,פסטה נונה,גרמים,400.00,100 גרם,false,,25.90,0.0647,true,1,45220
7290006306319,false,רביולי במילוי בטטה 400 ג' פסטה נונה,דורום תעשיות מזון ופסטה,IL,פסטה נונה,גרמים,400.00,100 גרם,false,,25.90,0.0647,true,1,45221
7290006306326,false,רביולי במילוי פטריות וגבינת פרמזן פסטה נונה 400 ג',דורום תעשיות מזון ופסטה,IL,פסטה נונה,גרמים,400.00,100 גרם,false,,25.90,0.0647,true,1,45222
7290006306333,false,רביולי במילוי תרד וריקוטה גד 400 גרם,דורום תעשיות מזון ופסטה,IL,פסטה נונה,גרמים,400.00,100 גרם,false,,25.90,0.0647,true,1,45223
7290006342645,false,טורטיה גדולה שקדיה 840 גרם 12 יחידות,אלקטי קוראבייכיסיגיד,TR,טורטיה גדולה 840 גרם,גרמים,840.00,100 גרם,false,,14.90,0.0177,true,1,65288
7290006374738,false,קונפיטורית תות 340 גר' יד מרדכי,אף.סי תבליני בגליל ב,IL,יד מרדכי,גרמים,340.00,100 גרם,false,,9.80,0.0288,true,1,46435
7290006376046,false,סוכר דמררה פירימיום 1קג,ר.ס-.חברה ליבוא וייצור מ,IL,פרמיום,קילוגרמים,1.00,"ק""ג",false,,8.90,8.9000,true,1,47953
7290006492432,false,גבינת מוצרלה בייבי 18% גד 150 גרם,מחלבות גד בעמ,IL,מחלבות גד,גרמים,150.00,100 גרם,false,,13.90,0.0927,true,1,45229
7290006492616,false,גבינה בולגרית מעודנת פרוסות 5% גד 250 גרם,DSH עבור מחלבות גד ב,IL,מחלבות גד,גרמים,250.00,100 גרם,false,,27.90,0.1116,true,1,45230
7290006492630,false,גבינת פרומעז עיזים 22% גד 180 גרם,מחלבות גד בעמ,IL,מחלבות גד,גרמים,180.00,100 גרם,false,,23.90,0.1328,true,1,45231
7290006492647,false,מטבעות גבינה עזים 22 אחוז 150גרם גד,"מיוצר ע""י קוד יצרן t",IL,מחלבות גד,גרמים,150.00,100 גרם,false,,24.20,0.1613,true,1,45232
7290006492685,false,גבינת לאבנה 5% מחלב עזים גד 250 גרם,מחלבות גד בעמ,IL,מחלבות גד,גרמים,250.00,100 גרם,false,,18.00,0.0720,true,1,45233
7290006492852,false,גבינת עיזים למריחה 5% שומן 250 ג' גד,גבינות מדף,IL,מחלבות גד,גרמים,250.00,100 גרם,false,,17.80,0.0712,true,1,45234
7290006492913,false,גבינת לאבנה ציזיקי 5% מחלבות גד 250 גרם,מחלבות גד בעמ,IL,מחלבות גד,גרמים,250.00,100 גרם,false,,13.90,0.0556,true,1,45235
7290006496225,false,"משקד מי ורדים 650 מ""ל",משקד,IL,משקד,מיליליטרים,750.00,"100 מ""ל",false,,11.90,0.0159,true,1,47956
7290006511157,false,פטריות שמפיניון שלמות ויליפוד,אוקצ'מפס אס.איי אויי,PL,וילי פוד,גרמים,400.00,100 גרם,false,,7.90,0.0198,true,1,40912
7290006511706,false,גבינת גאודה עם כמון שקיל,רובין הולנד,NL,בטעם גאודה כמון 30.4%,קילוגרמים,1.00,"ק""ג",true,,80.00,80.0000,true,1,40813
7290006511751,false,פטריות שמפניון חתוך ויליפוד 290X3 ג' בד”צ,לוטס,NL,וילי פוד,גרמים,290.00,100 גרם,false,,11.90,0.0410,true,1,40914
7290006511904,false,גבינת אדם כדורים במשקל,ברגלנדמיל,NL,וילי פוד,קילוגרמים,1.00,"ק""ג",true,,55.00,55.0000,true,1,40815
7290006546012,false,שעועית בנוסח מקסיקני בטעם חריף 580 ג' פרי הגליל,"פרי הגליל בע""""מ",IL,פרי הגליל,גרמים,580.00,100 גרם,false,,6.90,0.0119,true,1,47776
7290006546388,false,תחתיות ארטישוק פרי הגליל 400 גרם,"פרי הגליל בע""""מ",IL,פרי הגליל,גרמים,400.00,100 גרם,false,,10.90,0.0273,true,1,47780
7290006546395,false,לקט העונה פרי הגליל 800 גרם,"פרי הגליל בע""""מ",IL,פרי הגליל,גרמים,800.00,100 גרם,false,,9.90,0.0124,true,1,47781
7290006554017,false,עוגיות מרוקאיות 500 גרם ארקד,"ארקד מוצרי אפיה בע""מ",IL,ארקד,גרמים,500.00,100 גרם,false,,17.90,0.0358,true,1,55477
7290006554024,false,עוגיות ביתיות תמרים,"ארקד מוצרי אפיה בע""מ",IL,ארקד,גרמים,500.00,100 גרם,false,,17.90,0.0358,true,1,55478
7290006554031,false,עוגיות ביתיות אגוזים,"ארקד מוצרי אפיה בע""מ",IL,ארקד,גרמים,500.00,100 גרם,false,,17.90,0.0358,true,1,55479
7290006554048,false,עוגיות חיתוכיות בטעם,"ארקד מוצרי אפיה בע""מ",IL,ארקד,גרמים,250.00,100 גרם,false,,17.90,0.0716,true,1,55480
7290006554079,false,עוגיות גרנולה ללא תו,"ארקד מוצרי אפיה בע""מ",IL,ארקד,גרמים,250.00,100 גרם,false,,17.90,0.0716,true,1,55483
7290006554093,false,עוגיות סהרונים ביתיו,"ארקד מוצרי אפיה בע""מ",IL,ארקד,גרמים,300.00,100 גרם,false,,17.90,0.0597,true,1,55484
7290006554123,false,עוגיות פריכות עם שקד,"ארקד מוצרי אפיה בע""מ",IL,ארקד,גרמים,250.00,100 גרם,false,,17.90,0.0716,true,1,55486
7290006554161,false,עוגיות משקפיים קינמו,"ארקד מוצרי אפיה בע""מ",IL,ארקד,גרמים,250.00,100 גרם,false,,17.90,0.0716,true,1,55489
7290006554307,false,עוגיות מרוקאית ללא ס,"ארקד מוצרי אפיה בע""מ",IL,ארקד,גרמים,350.00,100 גרם,false,,17.90,0.0511,true,1,55493
7290006554321,false,עוגיות אגוזי לוז ללא,"ארקד מוצרי אפיה בע""מ",IL,ארקד,גרמים,250.00,100 גרם,false,,17.90,0.0716,true,1,55495
7290006554345,false,עוגיות תמרים ללא סוכ,"ארקד מוצרי אפיה בע""מ",IL,ארקד,גרמים,250.00,100 גרם,false,,17.90,0.0716,true,1,55496
7290006554413,false,עוגיות מרוקאיות ארקד,"ארקד מוצרי אפיה בע""מ",IL,ארקד,גרמים,500.00,100 גרם,false,,17.90,0.0358,true,1,55497
7290006578266,false,הנרי וויליך גבינת פיור גולד במשקל,kaasmakerij henri wi,NL,גבינת פיור גולד,קילוגרמים,1.00,"ק""ג",true,,180.00,180.0000,true,1,65957
7290006578853,false,הנרי וויליך גבינת טרמנדס כמהין במשקל,kaasmakerij henri wi,NL,גבינת טרמנדס כמהין,קילוגרמים,1.00,"ק""ג",true,,205.00,205.0000,true,1,65960
7290006582355,false,סילאן סירופ 900 גרם שקדיה,"דין שיווק וקליה בע""מ",TR,שקדיה,גרמים,900.00,100 גרם,false,,9.90,0.0110,true,1,65290
7290006618085,false,"אסטוניש תרסיס ניקוי אמבטיה וכיורים יעקבי 750 מ""ל",יעקובי אסטוניש,GB,אסטוניש,מיליליטרים,750.00,"100 מ""ל",false,,11.90,0.0159,true,1,43529
7290006644480,false,תפוזינה תפוזים 0.5 ליטר,יפאורה שותפות מובגלת לשיווק,IL,תפוזינה,מיליליטרים,500.00,"100 מ""ל",false,,5.00,0.0100,true,1,43188
7290006644510,false,"מיץ ענבים 500 מ""ל תפוזינה",יפאורה שותפות מובגלת לשיווק,IL,תפוזינה,מיליליטרים,500.00,"100 מ""ל",false,,5.00,0.0100,true,1,43189
7290006644527,false,תפוזינה תות בננה 0.5 ליטר,יפאורה שותפות מובגלת לשיווק,IL,תפוזינה,מיליליטרים,500.00,"100 מ""ל",false,,5.00,0.0100,true,1,43190
7290006652027,false,במבה חטיף בוטנים אסם 20*15 גרם,מיוצר עי קונדיטוריית,IL,במבה,גרמים,300.00,100 גרם,false,,23.90,0.0797,true,1,33643
7290006653819,false,פתיתי קוסקוס דק 350 גרם,"מיוצר ע""י קוד יצרן K",IL,אסם,גרמים,350.00,100 גרם,false,,7.50,0.0214,true,1,33646
7290006664037,false,גמדים דגנים ארוחת בוקר מארז 100X4ג',"שטראוס בריאות בע""\מ",IL,שטראוס,גרמים,400.00,100 גרם,false,,10.90,0.0273,true,1,48868
7290006664051,false,"אקטימל לבן 1.51 ק""ג מארז 14 יחידות",מיוצר עי קונדיטוריית,IL,שטראוס,ליטרים,1.40,ליטר,false,,29.90,21.3571,true,1,48869
7290006664402,false,גבינה לבנה סקי 5% שומן 750 גרם,מיוצר עי קונדיטוריית,IL,שטראוס,גרמים,750.00,100 גרם,false,,13.90,0.0185,true,1,48872
7290006664655,false,"אקטימל לבן טבעי מארז 100X8 מ""ל",מיוצר עי קונדיטוריית,IL,שטראוס,מיליליטרים,864.00,"100 מ""ל",false,,19.80,0.0229,true,1,48875
7290006664693,false,יוגורט עם אפרסק 3% שומן 150 ג' דנונה,מיוצר עי קונדיטוריית,IL,שטראוס,גרמים,150.00,100 גרם,false,,3.50,0.0233,true,1,48876
7290006664990,false,"יוגורט דנונה ביו לבן 1.7% שומן 8*150 מ""ל",מיוצר עי קונדיטוריית,IL,שטראוס,קילוגרמים,1.20,"ק""ג",false,,15.90,13.2500,true,1,48878
7290006666314,false,סלט טחינה משומשום טהור,סלטי משני,IL,סלט טחינה 300 גרם,גרמים,300.00,100 גרם,false,,11.90,0.0397,true,1,55563
7290006666338,false,סלט טחינה ירוקה עם פטרוזיליה,סלטי משני,IL,טחינה ירוקה 300 גרם,גרמים,300.00,100 גרם,false,,12.90,0.0430,true,1,55564
7290006666345,false,סלט חצילים במיונז על האש,סלטי משני,IL,חציל במיונז 300 גרם,גרמים,300.00,100 גרם,false,,17.90,0.0597,true,1,55565
7290006666352,false,סלט חצילים על האש בטחינה,סלטי משני,IL,חציל בטחינה 300 גרם,גרמים,300.00,100 גרם,false,,17.90,0.0597,true,1,55566
7290006666369,false,סלט חצילים יווני אמיתי על האש,משני,,פלפל מרוקאי,גרמים,300.00,100 גרם,false,,18.90,0.0630,true,1,72668
7290006666376,false,סלט חצילים אמיתי רומני על האש,משני,,פלפל מרוקאי,גרמים,300.00,100 גרם,false,,18.90,0.0630,true,1,72669
7290006666406,false,סלט חציל טבעי סלטי מ,סלטי משני,IL,פלפל מרוקאי,גרמים,300.00,100 גרם,false,,18.90,0.0630,true,1,72671
7290006666420,false,סלט כרוב קולסלאו בסגנון אמריקאי,סלטי משני,IL,כרוב קולסלו 300 גרם,גרמים,300.00,100 גרם,false,,13.90,0.0463,true,1,55568
7290006666437,false,סלט טורקי סלטי משני,סלטי משני,IL,סלט טורקי 300 גרם,גרמים,300.00,100 גרם,false,,14.90,0.0497,true,1,55569
7290006666451,false,סלט עגבניות סלסה חריף,סלטי משני,IL,סלט סלסה 300 גרם,גרמים,300.00,100 גרם,false,,17.90,0.0597,true,1,55571
7290006666468,false,סלט גזר חריף במיץ לימון,סלטי משני,IL,גזר בלימון 300 גרם,גרמים,300.00,100 גרם,false,,17.90,0.0597,true,1,55572
7290006666567,false,סלט חציל נוסח מרוקאי,סלטי משני,,חציל בנוסח מרוקאי,גרמים,300.00,100 גרם,false,,19.90,0.0663,true,1,55575
7290006666819,false,פלפל שומה סלטי משני,סלטי משני,IL,פלפל צ'ומה 150 גרם,גרמים,150.00,100 גרם,false,,12.90,0.0860,true,1,72681
7290006666826,false,סחוג ירוק סלט פלפלים,סלטי משני,IL,סחוג ירוק 150 גרם,גרמים,150.00,100 גרם,false,,12.90,0.0860,true,1,72673
7290006666833,false,סחוג אדום סלט פלפלים,סלטי משני,IL,סחוג אדום 150 גרם,גרמים,150.00,100 גרם,false,,12.90,0.0860,true,1,72674
7290006681003,false,גלידה תות לימון סורבה 1.33 ל' קרמיסימו,"גלידת שטראוס בע""\מ, רחוב",IL,קרמיסימו,ליטרים,1.33,ליטר,false,,18.90,14.2105,true,1,37278
7290006681553,false,קרמבו בטעם וניל שטראוס 8 יחידות,"גלידת שטראוס בע""\מ",IL,שטראוס,יח',8.00,יח',false,,12.90,1.6125,true,1,37281
7290006681560,false,קרמבו בטעם מוקה שטראוס 8 יחידות,"גלידת שטראוס בע""מ",IL,שטראוס,יח',8.00,יח',false,,12.90,1.6125,true,1,37282
7290006704542,false,תרד לא שטוף יח ( ניוזילנדי ),"סנפרוסט בע""מ",IL,תרד שטוף,יח',1.00,יח',false,,8.90,8.9000,true,1,62777
7290006714824,false,עצמות עגל פרוס קפוא ארוז,מעדני הטלה והעגל,IL,מעדני הטלה,קילוגרמים,1.00,"ק""ג",true,,16.90,16.9000,true,1,36165
7290006739346,false,נקניקיות פרגיות טרי 400 גרם זוגלובק,נקניק נהריה כשר זוגל,IL,זוגלובק,גרמים,400.00,100 גרם,false,,13.90,0.0348,true,1,59353
7290006739414,false,נקניק סלמי קוניאק זוגלובק 300 גרם,נקניק נהריה כשר זוגל,IL,זוגלובק,גרמים,300.00,100 גרם,false,,25.90,0.0863,true,1,59355
7290006739421,false,נקניק סלמי מעושן איטלקי זוגלובק 300 גרם,נקניק נהריה כשר זוגל,IL,זוגלובק,גרמים,300.00,100 גרם,false,,25.90,0.0863,true,1,59356
7290006739445,false,שניצל תירס קלאסי 750 ג' זוגלובק,נקניק נהריה כשר זוגל,IL,זוגלובק,גרמים,750.00,100 גרם,false,,21.90,0.0292,true,1,59357
7290006739544,false,נקניק כתף בקר 3% 300 גרם,זוגלובק,IL,זוגלובק,גרמים,300.00,100 גרם,false,,25.90,0.0863,true,1,59358
7290006742278,false,פסטרמה הודו צלויה על לבנים 330 ג' זוגלובק,נקניק נהריה כשר זוגל,IL,זוגלובק,גרמים,330.00,100 גרם,false,,25.90,0.0785,true,1,59371
7290006742292,false,פסטרמה הודו בדבש 330 ג' זוגלובק,נקניק נהריה כשר זוגל,IL,זוגלובק,גרמים,330.00,100 גרם,false,,25.90,0.0785,true,1,59372
7290006742315,false,פסטרמה חזה הודו ברביקיו 2% זוגלובק 330 גרם,נקניק נהריה כשר זוגל,IL,זוגלובק,גרמים,330.00,100 גרם,false,,25.90,0.0785,true,1,59374
7290006764072,false,"בירה גולדסטאר בקבוק 500 מ""ל חוזר","טמפו משקאות בע""\מ",IL,גולדסטאר,מיליליטרים,500.00,"100 מ""ל",false,,6.90,0.0138,true,1,42608
7290006764096,false,"בירה איגל 500 מ""ל 3.8% בקבוק חוזר","טמפו משקאות בע""\מ",IL,איגל,מיליליטרים,500.00,"100 מ""ל",false,,4.90,0.0098,true,1,42609
7290006764157,false,"בירה גולדסטאר Unfiltered, בירה לא מסוננת, בקבוק חוזר 500 מ""ל",טמפו משקאות בע''מ,IL,גולדסטאר לא מסונן בק,מיליליטרים,500.00,"100 מ""ל",false,,7.90,0.0158,true,1,42613
7290006764485,false,"בירה שחורה נשר מאלט שישייה ח""פ 330*6 מ''ל","טמפו משקאות בע""\ם.",IL,נ.מאלט,ליטרים,1.98,ליטר,false,,26.90,13.5859,true,1,42617
7290006764737,false,בירה נשר מאלט דלת קלוריות ללא אלכוהול 500 מל,"טמפו משקאות בע""\ם.",IL,נ.מאלט,מיליליטרים,500.00,"100 מ""ל",false,,4.90,0.0098,true,1,42618
7290006765000,false,טורטיה מקמח מלא שקדיה 540 גרם,אלקטי קוראבייכיסיגיד,TR,טורטיה מקמח מלא 540ג,גרמים,540.00,100 גרם,false,,9.90,0.0183,true,1,65293
7290006775016,false,אחווה עוגת תפוז 450 גרם,אחדות ביחר לטחינה חל,IL,אחוה,גרמים,450.00,100 גרם,false,,9.90,0.0220,true,1,33158
7290006775030,false,עוגת שוקולד צ'יפס 450 ג אחוה,אחדות ביחר לטחינה חל,IL,אחוה,גרמים,450.00,100 גרם,false,,9.90,0.0220,true,1,33160
7290006775047,false,עוגת שוקולד אחוה 450 גרם,אחדות ביחר לטחינה חל,IL,אחוה,גרמים,450.00,100 גרם,false,,9.90,0.0220,true,1,33161
7290006775054,false,עוגת שיש אחווה 450 ג' אחוה,אחדות ביחר לטחינה חל,IL,אחוה,גרמים,450.00,100 גרם,false,,9.90,0.0220,true,1,33162
7290006775085,false,עוגת שמרים במילוי שוקולד אחוה,אחדות ביחר לטחינה חל,IL,אחוה,גרמים,400.00,100 גרם,false,,8.90,0.0223,true,1,33164
7290006775344,false,עוגת שמרים במילוי קרם קינמון אחוה 400 גרם,אחדות ביחר לטחינה חל,IL,אחוה,גרמים,400.00,100 גרם,false,,8.90,0.0223,true,1,33166
7290006784377,false,מרכך כביסה פיור נייטשר כחול 1 ליטר,"קומפלקס כימיקלים בע""",TR,מרכך כביסה פיור כחול,ליטרים,1.00,ליטר,false,,9.90,9.9000,true,1,40755
7290006784414,false,"PURE מבשם כביסה בניחוח מלון ספא 500 מ""ל",קומפלקס כימיקלים,TR,מבשם כביסה בניחוח מל,מיליליטרים,500.00,"100 מ""ל",false,,9.90,0.0198,true,1,40757
7290006784643,false,"מילוי מכשיר אוויר 250 מ""ל fashion rose gold סנט מוריץ",קומפלקס כימיקלים בעמ,TR,מילוי למבשם אוויר או,מיליליטרים,250.00,"100 מ""ל",false,,9.90,0.0396,true,1,70355
7290006788405,false,"קרליין - נושם אקטיב דאודורנט רול און לאישה ברודו 75 מ""ל",מיוצר עי : אמיליה קוסמטי,IL,קרליין,מיליליטרים,75.00,"100 מ""ל",false,,11.90,0.1587,true,1,39279
7290006788429,false,"קרליין - נושם סאן רייס דאודורנט רול און לאישה כתום 75 מ""ל","אמיליה קוסמטיקס בע""מ",IL,קרליין,מיליליטרים,75.00,"100 מ""ל",false,,11.90,0.1587,true,1,39281
7290006788436,false,"קרליין - נושם פיור דאודורנט רול און לאישה ורוד 75 מ""ל",משווק: קוסמופארם בעמ,IL,קרליין,מיליליטרים,75.00,"100 מ""ל",false,,11.90,0.1587,true,1,39282
7290006788443,false,"קרליין - נושם אוקסיג'ן דאודורנט רול און לאישה סגול 75 מ""ל","אמיליה קוסמטיקס בע""מ",IL,קרליין,מיליליטרים,75.00,"100 מ""ל",false,,11.90,0.1587,true,1,39283
7290006788467,false,"קרליין - נושם אקטיב דאודורנט ספריי לאישה בורדו 200 מ""ל",מיוצר עי : אמיליה קוסמטי,IL,קרליין,מיליליטרים,200.00,"100 מ""ל",false,,11.90,0.0595,true,1,39285
7290006788498,false,"קרליין - נושם פיור דאודורנט ספריי לאישה ורוד 200 מ""ל",מיוצר עי : אמיליה קוסמטי,IL,קרליין,מיליליטרים,200.00,"100 מ""ל",false,,11.90,0.0595,true,1,39287
7290006788559,false,"טיטניום ICE דאודורנט תרסיס ספריי 180 מ""ל",אמיליה קוסמטיקס בעמ,IL,טיטניום דאו ספריי בל,מיליליטרים,180.00,"100 מ""ל",false,,14.90,0.0828,true,1,39289
7290006789631,false,קרליין קרם לחות לשיער רגיל 400 גרם,מיוצר עי : אמיליה קוסמטי,IL,קרליין,מיליליטרים,400.00,"100 מ""ל",false,,16.90,0.0422,true,1,39291
7290006789648,false,"קרם לחות לשיער יבש 10 קרליין 400 מ""ל","אמיליה קוסמטיקס בע""מ",IL,קרליין,מיליליטרים,400.00,"100 מ""ל",false,,16.90,0.0422,true,1,39292
7290006789655,false,"קרם לחות לסירוק קל לשיער מתולתל ומקורזל 10 קרליין 400 מ""ל",מיוצר עי : אמיליה קוסמטי,IL,קרליין,מיליליטרים,400.00,"100 מ""ל",false,,16.90,0.0422,true,1,39293
7290006805355,false,"פילסברי, כדורים בטעם שוקולד, תערובת להכנת כדורים בטעם שוקולד. 500 גרם.",הדקלאים אגודת שיתופי,IL,פילסברי,גרמים,500.00,100 גרם,false,,16.90,0.0338,true,1,44167
7290006805362,false,חצי באגט מאפית,פילסברי,,חצי בגט לבן,יח',1.00,יח',false,,3.30,3.3000,true,1,71333
7290006805850,false,פילסברי פנקייק תערובת להכנת חביתיות,הדקלאים אגודת שיתופי,IL,פילסברי,גרמים,450.00,100 גרם,false,,16.90,0.0376,true,1,44168
7290006822192,false,נקטר דיאט חמוציות אושן ספריי פריגת 1 ליטר,מבשלות בירה בינלאומיות ב,IL,אושן ספריי,ליטרים,1.00,ליטר,false,,11.90,11.9000,true,1,38722
7290006891006,false,סלט חומוס במשקל,סלטי משני,IL,סלטי משני,קילוגרמים,1.00,"ק""ג",true,,35.00,35.0000,true,1,55536
7290006891013,false,טחינה,סלטי משני,IL,סלטי משני,קילוגרמים,1.00,"ק""ג",true,,35.00,35.0000,true,1,55537
7290006891037,false,טחינה ירוקה,סלטי משני,IL,סלטי משני,קילוגרמים,1.00,"ק""ג",true,,35.00,35.0000,true,1,55538
7290006891105,false,חציל במיונז במשקל,סלטי משני,IL,סלטי משני,קילוגרמים,1.00,"ק""ג",true,,45.00,45.0000,true,1,55539
7290006891129,false,חציל יווני,סלטי משני,IL,סלטי משני,קילוגרמים,1.00,"ק""ג",true,,50.00,50.0000,true,1,55540
7290006891136,false,חציל רומני,סלטי משני,IL,סלטי משני,קילוגרמים,1.00,"ק""ג",true,,50.00,50.0000,true,1,55541
7290006891174,false,חציל בטעם כבד,סלטי משני,IL,סלטי משני,קילוגרמים,1.00,"ק""ג",true,,55.00,55.0000,true,1,55543
7290006891198,false,חציל פרוס בחומץ,סלטי משני,IL,סלטי משני,קילוגרמים,1.00,"ק""ג",true,,55.00,55.0000,true,1,55545
7290006891846,false,כרוב לבן עם גזר במשקל,סלטי משני,IL,סלטי משני,קילוגרמים,1.00,"ק""ג",true,,40.00,40.0000,true,1,55551
7290006892201,false,סחוג אדום במשקל,סלטי משני,IL,סלטי משני,קילוגרמים,1.00,"ק""ג",true,,50.00,50.0000,true,1,55553
7290006892270,false,סלט טורקי במשקל,סלטי משני,IL,סלטי משני,קילוגרמים,1.00,"ק""ג",true,,40.00,40.0000,true,1,55554
7290006892294,false,סלט עגבניות מבושל,סלטי משני,IL,סלטי משני,קילוגרמים,1.00,"ק""ג",true,,50.00,50.0000,true,1,55555
7290006892317,false,פלפל סיני במשקל,סלטי משני,IL,סלטי משני,קילוגרמים,1.00,"ק""ג",true,,50.00,50.0000,true,1,55556
7290006892331,false,גזר חריף בלימון במשקל,סלטי משני,IL,סלטי משני,קילוגרמים,1.00,"ק""ג",true,,50.00,50.0000,true,1,55557
7290006892379,false,סלסה,סלטי משני,IL,סלטי משני,קילוגרמים,1.00,"ק""ג",true,,50.00,50.0000,true,1,55558
7290006892386,false,פלפל מרוקאי במשקל,סלטי משני,IL,סלטי משני,קילוגרמים,1.00,"ק""ג",true,,50.00,50.0000,true,1,55559
7290006920836,false,"תחליפי גבינ""צ מעושן פרוס 350 גר'",צי תעשיות מזון יבנה,IL,כפיר,גרמים,350.00,100 גרם,false,,14.90,0.0426,true,1,65942
7290006920911,false,הולנדית פרוס 350ג' כפיר,צי תעשיות מזון יבנה,IL,כפיר,גרמים,350.00,100 גרם,false,,14.90,0.0426,true,1,65944
7290006920942,false,הצהובה הטובה 5% פרוס350ג,צי תעשיות מזון יבנה,IL,כפיר,גרמים,350.00,100 גרם,false,,14.90,0.0426,true,1,65945
7290006983176,false,אוסם - לחמית שיפון 250 גרם,"אסם השקעות בע""\מ",IL,לחמית,גרמים,230.00,100 גרם,false,,7.90,0.0343,true,1,33651
7290006983770,false,עוגת הבית שיש אסם 400 גרם,מיוצר עי קונדיטוריית,IL,הבית,גרמים,400.00,100 גרם,false,,10.90,0.0273,true,1,33655
7290006983787,false,עוגת הבית שוקולד צ'יפס אסם 400 גרם,מיוצר עי קונדיטוריית,IL,הבית,גרמים,400.00,100 גרם,false,,10.90,0.0273,true,1,33656
7290006992161,false,מטרנה - דייסת קורנפלור פרוביוטי 200 גרם,מולינו ניקולי s.p.a,IL,מטרנה,גרמים,200.00,100 גרם,false,,12.90,0.0645,true,1,33659
7290006992185,false,"מטרנה - דייסת אורז פרוביוטי כשל""פ 200 גרם",מולינו ניקולי s.p.a,IL,מטרנה,גרמים,200.00,100 גרם,false,,12.90,0.0645,true,1,33660
7290006992208,false,מטרנה דייסת 8 דגנים מעורבים 200 גרם,מטרנה תעשיות ש.מ,IL,מטרנה,גרמים,200.00,100 גרם,false,,12.90,0.0645,true,1,33662
7290006992390,false,"מטרנה - דייסת וניל פרוביוטי כשל""פ 200 גרם",מולינו ניקולי s.p.a,IL,מטרנה,גרמים,200.00,100 גרם,false,,12.90,0.0645,true,1,33663
7290008000796,false,"סופרמן משחת שיניים לילדים בטעם פירות כצט 50 מ""ל",כצט נוביס,IL,כצט,גרמים,50.00,100 גרם,false,,10.90,0.2180,true,1,40417
7290008000826,false,"משחת שיניים לילדים בטעם פירות לגילאים 2-6 כצט 50 מ""ל",כצט נוביס,IL,כצט,גרמים,50.00,100 גרם,false,,10.90,0.2180,true,1,40418
7290008101318,false,קריספ פירורי לחם זהוב 300 גרם מיימונס,א.ל ייצור ושיווק תבל,IL,קריספ פירורי לחם זהו,גרמים,300.00,100 גרם,false,,6.90,0.0230,true,1,36174
7290008101356,false,קריספ פאנקו זהב 300 גרם מיימונס,א.ל ייצור ושיווק תבל,IL,*מבצע* קריספ פנקו זה,גרמים,300.00,100 גרם,false,,8.90,0.0297,true,1,36175
7290008154222,false,שניצלונים עוף טוב 700 גרם,"מוצרי עוף טוב (2001) בע""",IL,עוף טוב,גרמים,700.00,100 גרם,false,,12.90,0.0184,true,1,33664
7290008175760,false,מנצגו חלב כבשים מעדניה שקיל,אלפסטור,ES,וילי פוד,קילוגרמים,1.00,"ק""ג",true,,99.00,99.0000,true,1,40816
7290008175777,false,גבינת איבריקו31% במשקל,יושלם,ES,גבינת איבריקו 31%,קילוגרמים,1.00,"ק""ג",true,,80.00,80.0000,true,1,40817
7290008175814,false,וילי פוד פטריות שמפניון חתיכות 400 גר`,"אוקצ'מפ אס, איי אויי",PL,וילי פוד,גרמים,400.00,100 גרם,false,,4.90,0.0123,true,1,40923
7290008190909,false,עוגיות מיני קוקיס שוקולד צ'יפס בצנצנת כרמית 600 גרם,כרמית תעשיות ממתקים,IL,כרמית,גרמים,600.00,100 גרם,false,,15.90,0.0265,true,1,42232
7290008330107,false,מרכך כביסה בדין סגול 4 ליטר,יוניליור ישראל טיפוח איש,IL,BADIN,ליטרים,4.00,ליטר,false,,19.90,4.9750,true,1,51509
7290008333115,false,אבקת ג'לטין טהור נטו 28 גרם,מאיר עזרא ובניו,IL,ויינברג,גרמים,28.00,100 גרם,false,,9.50,0.3393,true,1,45676
7290008343466,false,בצק פילו 500 גרם שלושת האופים,שלושת האופים שגמור,IL,שגמור,גרמים,500.00,100 גרם,false,,14.50,0.0290,true,1,45681
7290008344272,false,המבורגר 100% טיבון ויל 400 גרם,טיבון ויל אחזקות בעמ,IL,טיבון ויל,גרמים,400.00,100 גרם,false,,17.90,0.0447,true,1,45691
7290008345576,false,סלט איקרה ביתית לבנה 300 גרם דלידג,כלורוקס אוקלנד,IL,דלידג,גרמים,300.00,100 גרם,false,,18.90,0.0630,true,1,45694
7290008345583,false,איקרה ביתית ורוד 300 גרם דלידג,כלורוקס אוקלנד,IL,דלידג,גרמים,300.00,100 גרם,false,,18.90,0.0630,true,1,45695
7290008403191,false,גבינת קשקבל בשלה במשקל,לקטיס סאן וינשנטה,ES,ברדי ביר,קילוגרמים,1.00,"ק""ג",true,,115.00,115.0000,true,1,65961
7290008403238,false,גבינת ברי צרפתית32% משקל,קואופורטיב איסיני סנט מר,FR,סנט מר,קילוגרמים,1.00,"ק""ג",true,,115.00,115.0000,true,1,65962
7290008403832,false,אולד רוטרדם בקר במשקל,הנרי ויליך,NL,הגבינות של נני,קילוגרמים,1.00,"ק""ג",true,,170.00,170.0000,true,1,65966
7290008409049,false,שניצלונים בציפוי שומשום מיני מיני דק מאמא עוף 500 גרם,תנובה גליל שותפות מוגבלת,IL,מאמא עוף,גרמים,500.00,100 גרם,false,,25.90,0.0518,true,1,58770
7290008409100,false,אצבעות שניצל בציפוי שומשום מאמא עוף 700 גרם,תנובה גליל שותפות מוגבלת,IL,מאמא עוף,גרמים,700.00,100 גרם,false,,34.90,0.0499,true,1,58771
7290008409124,false,שניצל ג'ונגל פריך 700 ג' מאמא עוף,תנובה גליל שותפות מוגבלת,IL,מאמא עוף,גרמים,700.00,100 גרם,false,,34.90,0.0499,true,1,58772
7290008409216,false,שניצל דק דק פריך מאמא עוף 700 גרם,תנובה גליל,IL,מאמא עוף,גרמים,700.00,100 גרם,false,,34.90,0.0499,true,1,58773
7290008409223,false,שניצל דק דק מתובל מאמא עוף 700 גרם,תנובה גליל שותפות מוגבלת,IL,מאמא עוף,גרמים,700.00,100 גרם,false,,34.90,0.0499,true,1,58774
7290008409315,false,שניצלונים בציפוי פריך מיני מיני דק מאמא עוף 500 גרם,תנובה גליל,IL,מאמא עוף,גרמים,500.00,100 גרם,false,,25.90,0.0518,true,1,58775
7290008409407,false,שניצל דק צ'יפס מאמא עוף 700 גרם,תנובה גליל שותפות מוגבלת,IL,מאמא עוף,גרמים,700.00,100 גרם,false,,34.90,0.0499,true,1,58779
7290008409551,false,שניצל עוף אמיתי בציפוי מעודן 700 ג' מאמא עוף,תנובה גליל שותפות מוגבלת,IL,מאמא עוף,גרמים,700.00,100 גרם,false,,39.90,0.0570,true,1,58784
7290008409568,false,שניצל עוף אמיתי בציפוי שבבי ציפס 700 גר,תנובה גליל שותפות מוגבלת,IL,מאמא עוף,גרמים,700.00,100 גרם,false,,39.90,0.0570,true,1,58785
7290008409605,false,כוכבי עוף בציפוי מעודן מאמא עוף 700 גרם,תנובה גליל שותפות מוגבלת,IL,מאמא עוף,גרמים,700.00,100 גרם,false,,34.90,0.0499,true,1,58787
7290008409773,false,קציצות עוף אמיתיות מאמא עוף 700 גרם,תנובה גליל שותפות מוגבלת,IL,מאמא עוף,גרמים,700.00,100 גרם,false,,27.90,0.0399,true,1,58789
7290008443616,false,"מרכך לשיער יבש אדום נקה 7 750 מ""ל","אמיליה קוסמטיקס בע""מ",IL,נקה 7,מיליליטרים,750.00,"100 מ""ל",false,,10.90,0.0145,true,1,39296
7290008443647,false,"מרכך לשיער מתולתל סגול, 750 מ""ל נקה 7","אמיליה קוסמטיקס בע""מ",IL,נקה 7,מיליליטרים,750.00,"100 מ""ל",false,,10.90,0.0145,true,1,39298
7290008461221,false,סרדינים רוברט בשמן חמניות 115 גרם,"רמירז, מטוסינוס",PT,סרדין רוברט שמן חמני,גרמים,140.00,100 גרם,false,,6.90,0.0493,true,1,66012
7290008461238,false,סרדינים בשמן חמניות ופלפל חריף רוברט 84 גרם,"רמירז, מטוסינוס",PT,סרדין רוברט חריף,גרמים,140.00,100 גרם,false,,6.90,0.0493,true,1,66013
7290008461283,false,גבינת טריפל צ'דר חצי קשה הגבינות של נני 200 גרם,דאוליי צ'סמייקרס,GB,שבינגטון,גרמים,200.00,100 גרם,false,,23.90,0.1195,true,1,66014
7290008462310,false,גבינת סנט מור עיזים משקל,סואניון,FR,מרסי שף,קילוגרמים,1.00,"ק""ג",true,,175.00,175.0000,true,1,65970
7290008464130,false,"בירה גולדסטאר Unfiltered, בירה לא מסוננת, מארז שישייה, בקבוק 330 מ""ל",טמפו,IL,גולדסטאר לא מסונן,ליטרים,1.98,ליטר,false,,29.90,15.1010,true,1,42624
7290008464611,false,"הסודה של טמפו, מי סודה בגיזוז חזק, 275 מל",טמפו משקאות בעמ,IL,סודה טמפו,מיליליטרים,275.00,"100 מ""ל",false,,4.00,0.0145,true,1,42639
7290008464628,false,"טמפו ביטר למון גזוז בטעם ביטר לימון, 275 מל","טמפו משקאות בע""\מ",IL,סודה מיקסרים,מיליליטרים,275.00,"100 מ""ל",false,,4.90,0.0178,true,1,42640
7290008464635,false,"מי טוניק, גזוז בטעם טוניק 275 מל",טמפו משקאות בעמ,IL,סודה מיקסרים,מיליליטרים,275.00,"100 מ""ל",false,,4.90,0.0178,true,1,42641
7290008464642,false,"טמפו ג'ינג'ר אייל גזוז בטעם ג'ינג'ר, 275 מל","טמפו משקאות בע""מ",IL,סודה מיקסרים,מיליליטרים,275.00,"100 מ""ל",false,,4.90,0.0178,true,1,42642
7290008464697,false,"בירה מכבי 7.9%, בירה חזקה, מארז שישייה, בקבוק 330 מ""ל",טמפו,IL,מכבי,ליטרים,1.98,ליטר,false,,29.90,15.1010,true,1,42645
7290008464741,false,"בירה גולדסטאר, מארז שישייה, בקבוק 330 מ''ל","טמפו משקאות בע""\מ",IL,גולדסטאר,ליטרים,1.98,ליטר,false,,29.90,15.1010,true,1,42648
7290008464796,false,"בירה היינקן, מארז שישייה, בקבוק 330 מ''ל",טמפו משקאות בע''מ,IL,היינקן,ליטרים,1.98,ליטר,false,,32.90,16.6162,true,1,42649
7290008493710,false,פרורי גריסני זהב פירורי לחם מאיר בייגל 200 גרם,מאיר את ביגל,IL,מאיר בייגל,גרמים,200.00,100 גרם,false,,5.90,0.0295,true,1,37901
7290008611046,false,פילה סלמון נורווגי ק,באבורד וואפ,NO,פילה סלמון נורווגי ק,קילוגרמים,1.00,"ק""ג",true,,64.90,64.9000,true,1,61453
7290008611091,false,פילה סלמון מנות קפוא,סיבורן,NO,סלמון מנות נורבגי קפ,קילוגרמים,1.00,"ק""ג",true,,74.90,74.9000,true,1,61455
7290008634045,false,"פלסטר שקוף 30 יחידות ""SUNNY PLASTER""",A.U. In,CN,סאני פלסטר,יח',30.00,יח',false,,6.90,0.2300,true,1,35149
7290008634700,false,כפפות XL לטקס עם איבוק עדין 100 יח- SAFE TOUCH,סייף טאצ,TH,סייף טאצ,יח',100.00,יח',false,,17.90,0.1790,true,1,35151
7290008636650,false,קמח מצה מיה 500 גרם,מיה תעשיות מזון,IL,קמח מצה 500 גרם,גרמים,500.00,100 גרם,false,,5.90,0.0118,true,1,44688
7290008636919,false,קקאו הולנדי בבשקית מיה 200 גרם,מיה תעשיות מזון מ.ת.מ. ב,IL,קקאו הולנדי 200 גרם,גרמים,200.00,100 גרם,false,,8.90,0.0445,true,1,44690
7290008636926,false,קקאו הולנדי בשקית מיה 500 גרם,מיה תעשיות מזון מ.ת.מ. ב,IL,קקאו הולנדי 500 גרם,גרמים,500.00,100 גרם,false,,13.90,0.0278,true,1,44691
7290008644112,false,סלט מטבוחה יום יום אחלה 125 גרם,"שטראוס גרופ בע""\מ",IL,שטראוס,גרמים,125.00,100 גרם,false,,4.70,0.0376,true,1,48880
7290008644235,false,עלי בייבי שטראוס 120 גרם,שטראוס בריאות ירקות טריי,IL,שטראוס,גרמים,120.00,100 גרם,false,,9.90,0.0825,true,1,48708
7290008644945,false,לקט לסלט המושבה שטראוס 450 גרם,שטראוס בריאות ירקות טריי,IL,שטראוס,גרמים,450.00,100 גרם,false,,10.90,0.0242,true,1,48882
7290008670012,false,"יין אדום קברנה סוביניון רקנאטי 750 מ""ל",תות ממתקי איכות,IL,רקנאטי,מיליליטרים,750.00,"100 מ""ל",false,,49.90,0.0665,true,1,60219
7290008679428,false,כפפות הנדי לבית ולמטבח בינוני,קריות זול,TW,כפפות רנדי בינוני,יח,1.00,יח,false,,4.90,4.9000,true,1,36615
7290008690713,false,נקטר חמוציות אושן ספריי פריגת 1 ליטר,מבשלות בירה בינלאומיות ב,IL,אושן ספריי,ליטרים,1.00,ליטר,false,,11.90,11.9000,true,1,38726
7290008693134,false,מעדן גבינה ויוגורט בטעם תות 5% שומן 88 ג' דניאלה,"שטראוס בריאות בע""מ",IL,שטראוס,גרמים,88.00,100 גרם,false,,3.90,0.0443,true,1,48884
7290008713917,false,לחם שיפון כהה פרוס מאפיית אחדות 750 גרם,מאפיית שלמה א. אנג'\ל בע,IL,אנג'ל,גרמים,750.00,100 גרם,false,,12.50,0.0167,true,1,35415
7290008745239,false,תפוצ'יפס קראנצ' בטעם טבעי עלית 50 גרם,"שטראוס פריטו ליי בע""\מ )",IL,עלית,גרמים,50.00,100 גרם,false,,3.50,0.0700,true,1,47436
7290008747547,false,תפוצ'יפס קראנץ' בטעם טבעי עלית 200 גרם,"שטראוס פריטו ליי בע""\מ )",IL,עלית,גרמים,200.00,100 גרם,false,,9.90,0.0495,true,1,47438
7290008752244,false,תפוצ'יפס קראנץ' בטעם גריל עלית 50 גרם,"שטראוס פריטו ליי בע""\מ )",IL,עלית,גרמים,50.00,100 גרם,false,,3.50,0.0700,true,1,47439
7290008753111,false,תפוצ'יפס קראנץ' בטעם מקסיקני עלית 50 גרם,"שטראוס פריטו ליי בע""\מ )",IL,עלית,גרמים,50.00,100 גרם,false,,3.50,0.0700,true,1,47440
7290008754040,false,ממרח בטעם שוקולד פרה מגדים עלית 850 גרם,שטראוס גרופ,IL,עלית,גרמים,850.00,100 גרם,false,,14.90,0.0175,true,1,46451
7290008754415,false,גומי מאסט בטעם ספירמינט עדין פליפטופ 28 ג' עלית,"שטראוס גרופ בע""מ",IL,עלית,גרמים,28.00,100 גרם,false,,4.00,0.1429,true,1,46452
7290008775816,false,ערגליות עוגיות במילוי שוקולד אסם 300 גרם,מיוצר עי קונדיטוריית,IL,ערגליות,גרמים,300.00,100 גרם,false,,9.90,0.0330,true,1,33671
7290008775823,false,ערגליות עוגיות תות שדה אסם 300 גרם,מיוצר עי קונדיטוריית,IL,ערגליות,גרמים,300.00,100 גרם,false,,9.90,0.0330,true,1,33672
7290008784542,false,ספוג רחצה קויוטה מסג,סודובסקי,IL,סאקי מסאג',יח',1.00,יח',false,,7.90,7.9000,true,1,55261
7290008801010,false,"יין קברנה סוביניון מרלו פרייוט קולקשן 750 מ""ל",אגודת הכורמים הקאופו,IL,Private collection,מיליליטרים,750.00,"100 מ""ל",false,,32.40,0.0432,true,1,35275
7290008801119,false,"יין סוביניון בלאן סלקטד כרמל 750 מ""ל",אגודת הכורמים הקואופרטיב,IL,סלקטד,מיליליטרים,750.00,"100 מ""ל",false,,29.90,0.0399,true,1,35277
7290008801157,false,"יין מרלו סלקטד כרמל כרמל 750 מ""ל",כרמל מזרחי,IL,סלקטד,מיליליטרים,750.00,"100 מ""ל",false,,29.90,0.0399,true,1,35278
7290008801539,false,יין כרמל 120 קינג דיוויד יקבי כרמל,אגודת הכורמים הקואופרטיב,IL,קינג דויד,מיליליטרים,750.00,"100 מ""ל",false,,19.90,0.0265,true,1,35283
7290008801546,false,יין מוסקט מתוק קינג דיוויד יקבי כרמל,אגודת הכורמים הקואופרטיב,IL,קינג דויד,מיליליטרים,750.00,"100 מ""ל",false,,19.90,0.0265,true,1,35284
7290008801843,false,"יין קברנה סוביניון סלקטד כרמל 750 מ""ל","כד בני דרום בע""מ",IL,סלקטד,מיליליטרים,750.00,"100 מ""ל",false,,29.90,0.0399,true,1,35285
7290008801850,false,סלקטד אמרלד ריזלינג לבן חצי יבש 750 מל,אגודת הכורמים הקואופרטיב,IL,סלקטד,מיליליטרים,750.00,"100 מ""ל",false,,29.90,0.0399,true,1,35286
7290008802291,false,יין מרלו פרייבט קולקשן יקבי כרמל,אגודת הכורמים הקואופרטיב,IL,Private collection,מיליליטרים,750.00,"100 מ""ל",false,,32.40,0.0432,true,1,35287
7290008802512,false,"יין וינו אדום ""כרמל מזרחי""","כד בני דרום בע""מ",IL,וינו,מיליליטרים,750.00,"100 מ""ל",false,,19.90,0.0265,true,1,35288
7290008802529,false,"יין לבן חצי יבש וינו 750 מ""ל",כרמל מזרחי,IL,וינו,מיליליטרים,750.00,"100 מ""ל",false,,19.90,0.0265,true,1,35289
7290008802895,false,יין קברנה סוביניון פרייבט קולקשן יקבי כרמל,אגודת הכורמים הקאופורטיב,IL,Private collection,מיליליטרים,750.00,"100 מ""ל",false,,32.40,0.0432,true,1,35290
7290008803090,false,"יין מרלו קולקשיין הסדרה האזורית כרמל 750 מ""ל",אגודת הכורמים הקואופרטיב,IL,גליל עליון,מיליליטרים,750.00,"100 מ""ל",false,,54.90,0.0732,true,1,35291
7290008804332,false,יין שיראז פרייבט קולקשן יקבי כרמל,אגודת הכורמים הקואופרטיב,IL,Private collection,מיליליטרים,750.00,"100 מ""ל",false,,32.40,0.0432,true,1,35293
7290008805049,false,יין רוזה חצי יבש סלקטד 2016 750 מל,"כד בני דרום בע""מ",IL,סלקטד,מיליליטרים,750.00,"100 מ""ל",false,,29.90,0.0399,true,1,35299
7290008805384,false,סלקטד מוסקטו לבן מבעבע 750 מל 2016,אגודת הכורמים הקואופרטיב,IL,סלקטד,מיליליטרים,750.00,"100 מ""ל",false,,29.90,0.0399,true,1,35300
7290008805520,false,"יין קברנה/סוביניון סלקטד כרמל 750 מ""ל","כד בני דרום בע""מ",IL,סלקטד,מיליליטרים,750.00,"100 מ""ל",false,,29.90,0.0399,true,1,35301
7290008805964,false,יין קברנה שיראז גליל עליון סדרה אזורית יקבי כרמל,אגודת הכורמים הקואופרטיב,IL,גליל עליון,מיליליטרים,750.00,"100 מ""ל",false,,54.90,0.0732,true,1,35302
7290008806961,false,גלידה שוקולד שבבי שוקולד פרה 1.33 ל' קרמיסימו,"גלידת שטראוס בע""\מ, רחוב",IL,קרמיסימו,ליטרים,1.33,ליטר,false,,18.90,14.2105,true,1,37286
7290008835961,false,"אמנון פילה 7-9 בוואקום - בד""ץ עדה חרדית",היינאן קשינגטאי,CN,בלדי,קילוגרמים,1.00,"ק""ג",true,,19.90,19.9000,true,1,55408
7290008836401,false,יין אדום מתוק ישן נושן אפרת 1 ליטר,יקב טפרברג 1870 בעמ,IL,ישן נושן 1 ל,ליטרים,1.00,ליטר,false,,16.90,16.9000,true,1,43632
7290008849586,false,רוטב לעוף ריבת בצל אוליביה 310 גרם,קריות זול,IL,אוליביה,גרמים,310.00,100 גרם,false,,12.90,0.0416,true,1,50876
7290008849609,false,רוטב לעוף שום דבש אוליביה 330 גרם,אוליביה גורמה (1996),IL,אוליביה,גרמים,330.00,100 גרם,false,,12.90,0.0391,true,1,50877
7290008849661,false,ממרח אוליביה עגבניות מיובשות פיקנטי 180 גר',טרופיקל דגיל תעשיות,IL,אוליביה,גרמים,180.00,100 גרם,false,,11.90,0.0661,true,1,52808
7290008849845,false,ממרח אוליביה אריסה פיקנטי 180 ג',"אוליביה גרומה בע""מ",IL,אוליביה,גרמים,185.00,100 גרם,false,,11.90,0.0643,true,1,52811
7290008899055,false,אוזניים מתוקות פילסב,פילסברי,,מאפה קרם שניט,קילוגרמים,1.00,"ק""ג",true,,29.00,29.0000,true,1,71335
7290008899505,false,בגט לבן פילסברי 250,פילסברי,,בגט לבן,יח',1.00,יח',false,,4.80,4.8000,true,1,71337
7290008909860,false,קוקה קולה זירו 1.5 ליטר,החברה המרכזית לייצור משקאות,IL,קוקה קולה ZERO,ליטרים,1.50,ליטר,false,,8.10,5.4000,true,1,38734
7290008945202,false,גלילונית שקיות אשפה ענק 90/75 50 יח,"קילט ניהול פרוייקטים בע""מ",IL,גלילונית,יח',50.00,יח',false,,13.90,0.2780,true,1,37902
7290008975551,false,תחליף חלב מטרנה מהדרין שלב 3 חלבי 700 גרם,מולינו ניקולי s.p.a,IL,מטרנה,גרמים,700.00,100 גרם,false,,47.90,0.0684,true,1,33674
7290008989091,false,שלישיית פירכוני אורז בטר אנד דיפרנט 310 גרם,"בטר אנד דיפרנט בע""מ",IL,בטר אנד דיפרנט,גרמים,310.00,100 גרם,false,,11.90,0.0384,true,1,32966
7290008989671,false,"ציפוי עדיף פריך ""ללא גלוטן"" בטר אנד דיפרנט 250 גרם",בטר אנד דיפרנט,IL,b&d,גרמים,250.00,100 גרם,false,,7.90,0.0316,true,1,32972
7290010023141,false,תה לימונענע הגן הקסום ויסוצקי 25 יחידות,תה ויסוצקי,IL,ויסוצקי,גרמים,50.00,100 גרם,false,,16.90,0.3380,true,1,50881
7290010050109,false,עירית ארוזה א.אדמה,,,עירית יח',יח',1.00,יח',false,,4.90,4.9000,true,1,62379
7290010051021,false,בזיליקום ארוז א.אדמה,,,בזיליקום יח',יח',1.00,יח',false,,4.90,4.9000,true,1,62380
7290010051045,false,עלי בייבי ארוז א.אדמה,חקלאי,IL,עלי בייבי - ארוז,יח',1.00,יח',false,,7.90,7.9000,true,1,62381
7290010051076,false,לבבות חסה ארוז א.אדמה,אדמה,,לבבות חסה ארוז,יח',1.00,יח',false,,10.90,10.9000,true,1,62383
7290010051113,false,קורנית טימין ארוז א.,חקלאי,IL,טימין - קורנית יח',יח',1.00,יח',false,,4.90,4.9000,true,1,62384
7290010051144,false,תרד עלים יח א.אדמה,אדמה,,תרד עלים - ארוז,יח',1.00,יח',false,,5.90,5.9000,true,1,62386
7290010051168,false,כוסברה ארוזה א.אדמה,אדמה,,כוסברה יח',יח',1.00,יח',false,,3.90,3.9000,true,1,62387
7290010051182,false,נענע ארוז א.אדמה,אדמה,,נענע יח',יח',1.00,יח',false,,3.90,3.9000,true,1,62389
7290010051199,false,שורש פטרוזיליה ארוז א.אדמה,אדמה,,שורש פטרוזיליה יח',יח',1.00,יח',false,,5.90,5.9000,true,1,62390
7290010051267,false,לוף בשקית א.אדמה,חקלאי,IL,פרסה יח',יח',1.00,יח',false,,5.90,5.9000,true,1,62396
7290010051311,false,סלרי עלים ארוז א.אדמ,,,סלרי חתוך יח',יח',1.00,יח',false,,5.90,5.9000,true,1,62399
7290010051373,false,לבבות חסה בשקית א.אדמה,קטיף.,IL,לבבות חסה שקית,יח',1.00,יח',false,,10.90,10.9000,true,1,62401
7290010051403,false,סלרי אמריקאי ביכורי שדה ארוז,חקלאי,IL,שיבה יח',יח',1.00,יח',false,,3.90,3.9000,true,1,62402
7290010051434,false,חסה סלנובה ארוז א.אדמה,,,חסה סלנובה,יח',1.00,יח',false,,9.90,9.9000,true,1,62403
7290010051687,false,רוזמרין ארוז א.אדמה,אדמה,,רוזמרין יח',יח',1.00,יח',false,,4.90,4.9000,true,1,62413
7290010065332,false,מחית תפוח עץ בננה ג'וניור פרינוק 190 גרם,פרוטה פודווין איי.אס,CZ,רנדי,גרמים,190.00,100 גרם,false,,5.90,0.0311,true,1,36635
7290010065349,false,מחית סלט פירות ג'וניור פרינוק 190 גרם,פרוטה פודווין איי.אס,CZ,רנדי,גרמים,190.00,100 גרם,false,,5.90,0.0311,true,1,36636
7290010065745,false,מחית לפתן פירות ג'וניור פרינוק 190 גרם,פרוטה פודווין איי.אס,CZ,רנדי,גרמים,190.00,100 גרם,false,,5.90,0.0311,true,1,36638
7290010066513,false,נתחי טונה בשמן צמחי רביעיה *158ג' פילטונה,תעשיות פילטונה,IL,פילטונה בשמן רביעיה 158 ג,גרמים,632.00,100 גרם,false,,22.90,0.0362,true,1,59021
7290010066575,false,נתחי טונה במים רביעיה *158ג' פילטונה,תעשיות פילטונה,IL,פילטונה במים רביעיה 158 ג,גרמים,632.00,100 גרם,false,,22.90,0.0362,true,1,59022
7290010066582,false,נתחי טונה בשמן קנולה רביעיה * 158 ג' פילטונה,תעשיות פילטונה,IL,פילטונה רביעיה בשמן קנולה,גרמים,632.00,100 גרם,false,,22.90,0.0362,true,1,59023
7290010066599,false,מארז רביעיית טונה בשמן זית 4*160 גרם,תעשיות פילטונה,IL,פילטונה רביעיה בשמן זית 1,גרמים,632.00,100 גרם,false,,27.90,0.0441,true,1,59024
7290010066957,false,נתחי טונה קטנה בשמן צמחי 960ג' פרינס,תעשיות פילטונה,IL,פרינס,גרמים,960.00,100 גרם,false,,29.90,0.0311,true,1,59025
7290010116980,false,אבקת שוקולית שקית עלית 850 ג',הנסיך- מפעל לייצור ט,IL,עלית,גרמים,850.00,100 גרם,false,,14.90,0.0175,true,1,46464
7290010117864,false,דוריטוס חטיף תירס בטעם חריף אש עלית 70 גרם,"שטראוס פריטו ליי בע""\מ )",IL,עלית,גרמים,70.00,100 גרם,false,,3.20,0.0457,true,1,47441
7290010118328,false,תפוצ'יפס בטעם טבעי עלית מארז 6*40 גרם,שטראוס פריטו ליי (מל,IL,תפוציפס,גרמים,240.00,100 גרם,false,,11.90,0.0496,true,1,47444
7290010124107,false,סטייקבורגר זהב 400 גרם הקצביה בלדי,בלדי,IL,בלדי,גרמים,400.00,100 גרם,false,,15.90,0.0398,true,1,55410
7290010124503,false,שומן כבש מעובד ארוז בלדי 200גר,בלדי,IL,בלדי,גרמים,200.00,100 גרם,false,,10.90,0.0545,true,1,55415
7290010153503,false,שעועית בובס יבשה מיה 400 גר',מיה תעשיות מזון מ.ת.מ. ב,IL,מיה,גרמים,400.00,100 גרם,false,,7.90,0.0198,true,1,44699
7290010153510,false,בורגול יבש מיה 500 גר',מיה תעשיות מזון מ.ת.מ. ב,IL,מיה,גרמים,500.00,100 גרם,false,,3.90,0.0078,true,1,44700
7290010153695,false,"פול גדול יבש מיה 400 גר' כשל""פ",מיה תעשיות מזון מ.ת.מ. ב,IL,מיה,גרמים,400.00,100 גרם,false,,7.90,0.0198,true,1,44703
7290010154005,false,סחוג תימני יוחאי ביטון 250 גרם,תבליני יוחאי ביטון,IL,תבליני יוחאי ביטון,גרמים,250.00,100 גרם,false,,12.90,0.0516,true,1,45700
7290010154012,false,לימון בלאדי כבוש תבליני ביטון 250 גרם,תבליני יוחאי ביטון,IL,תבליני יוחאי ביטון,גרמים,250.00,100 גרם,false,,12.90,0.0516,true,1,45701
7290010154036,false,עמבה תבליני ביטון 250 גרם,תבליני יוחאי ביטון,IL,תבליני יוחאי ביטון,גרמים,250.00,100 גרם,false,,12.90,0.0516,true,1,45703
7290010154050,false,ממרח שיפקה כבוש חריף 250,תבליני יוחאי ביטון,IL,תבליני יוחאי ביטון,גרמים,250.00,100 גרם,false,,12.90,0.0516,true,1,45704
7290010154241,false,סלט חזרת ריף ביטון 250 ג',תבליני יוחאי ביטון,IL,תבליני יוחאי ביטון,גרמים,250.00,100 גרם,false,,12.90,0.0516,true,1,45705
7290010154265,false,פלפל צ'ומה תבליני ביטון 250 גרם,תבליני יוחאי ביטון,IL,תבליני יוחאי ביטון,גרמים,250.00,100 גרם,false,,12.90,0.0516,true,1,45706
7290010154418,false,סחוג אדום תבליני ביטון 130 גרם,תבליני יוחאי ביטון,IL,ביטון,גרמים,130.00,100 גרם,false,,7.90,0.0608,true,1,45707
7290010154425,false,סחוג ירוק תבליני ביטון 130 גרם,תבליני יוחאי ביטון,IL,ביטון,גרמים,130.00,100 גרם,false,,7.90,0.0608,true,1,45708
7290010154548,false,ממרח שום טבעי יוחאי ביטון 235 גרם,תבליני יוחאי ביטון,IL,תבליני יוחאי ביטון,גרמים,235.00,100 גרם,false,,12.90,0.0549,true,1,45709
7290010154555,false,ממרח לימון כבוש יוחאי ביטון 250 גרם,תבליני יוחאי ביטון,IL,תבליני יוחאי ביטון,גרמים,250.00,100 גרם,false,,12.90,0.0516,true,1,45710
7290010154685,false,שום כתוש יוחאי ביטון 250 גרם,תבליני יוחאי ביטון,IL,תבליני יוחאי ביטון,גרמים,250.00,100 גרם,false,,12.90,0.0516,true,1,45712
7290010154692,false,סחוג אדום יוחאי ביטון 250 גרם,תבליני יוחאי ביטון,IL,תבליני יוחאי ביטון,גרמים,250.00,100 גרם,false,,12.90,0.0516,true,1,45713
7290010192120,false,צנונית ארוזה א.אדמה,חקלאי,IL,צנונית ארוזה,יח',1.00,יח',false,,4.90,4.9000,true,1,62414
7290010195268,false,פופקורן פופסטאר חמישייה מופחת שומן טבעי,פופ סטאר,US,פופקורן מופחת שומן ט,גרמים,425.00,100 גרם,false,,13.90,0.0327,true,1,37906
7290010237531,false,"פפסי קולה פלסטיק 500 מ""ל","טמפו משקאות בע""ם.",IL,פפסי,מיליליטרים,500.00,"100 מ""ל",false,,3.90,0.0078,true,1,42653
7290010237548,false,"פפסי מקס דל קלוריות 500 מ""ל בקבוק",טמפו משקאות בעמ,IL,פפסי מקס,מיליליטרים,500.00,"100 מ""ל",false,,3.90,0.0078,true,1,42654
7290010237562,false,משקה פפסי מרינדה קוו,"טמפו משקאות בע""מ",IL,מירינדה,מיליליטרים,500.00,"100 מ""ל",false,,3.90,0.0078,true,1,42655
7290010237579,false,משקה סבן אפ קוול 500,"טמפו משקאות בע""מ",IL,סבן אפ,מיליליטרים,500.00,"100 מ""ל",false,,3.90,0.0078,true,1,42656
7290010237586,false,"סבן אפ דיאט בקבוק 500 מ""ל",טמפו 7.5%,IL,ד.סבן אפ,מיליליטרים,500.00,"100 מ""ל",false,,3.90,0.0078,true,1,42657
7290010237890,false,"בירה הייניקן בקבוק 500 מ""ל חוזר",טמפו משקאות בע''מ,IL,היינקן,מיליליטרים,500.00,"100 מ""ל",false,,8.90,0.0178,true,1,42665
7290010259359,false,אטריות נודלס ביצים להקפצה ו.פוד 200 ג',פוג'יאן לונגהאי אנלי,CN,וילי פוד,גרמים,200.00,100 גרם,false,,4.90,0.0245,true,1,40929
7290010259366,false,אטריות נודלס ביצים מסולסלות ו.פוד 200 ג',פוג'יאן לונגהאי אנלי,CN,וילי פוד,גרמים,200.00,100 גרם,false,,4.90,0.0245,true,1,40930
7290010259823,false,מנת השף 70 גרם ויליפוד מרק עם נודלס בטעם עוף,נמצ'או(תאילנד) בעמ,TH,וילי פוד,גרמים,70.00,100 גרם,false,,4.90,0.0700,true,1,40931
7290010259830,false,מנת השף נודלס בסגנון סיני פיקנטי וילי פוד 70 גרם,נמצ'או(תאילנד) בעמ,TH,וילי פוד,גרמים,70.00,100 גרם,false,,4.90,0.0700,true,1,40932
7290010259847,false,מנת השף מרק עם נודלס בטעם תירס ויליפוד 70 גרם,קריות זול,TH,וילי פוד,גרמים,70.00,100 גרם,false,,4.90,0.0700,true,1,40933
7290010259854,false,מנת השף מרק עם נודלס בטעם פטריות ויליפוד 70 גרם,נמצ'או(תאילנד) בעמ,TH,וילי פוד,גרמים,70.00,100 גרם,false,,4.90,0.0700,true,1,40934
7290010259861,false,מנת השף מרק עם נודלס בטעם ירקות ויליפוד 70 גרם,קריות זול,TH,וילי פוד,גרמים,70.00,100 גרם,false,,4.90,0.0700,true,1,40935
7290010328093,false,ממרח חלווה אחווה 400 ג' מהדרין,אחדות בית חרושת לטחי,IL,אחוה,גרמים,400.00,100 גרם,false,,10.70,0.0267,true,1,33167
7290010328246,false,טחינה גולמית שומשום מלא אחווה 500 ג',"אחדות ביח""ר לטחינה ח",IL,אחוה,גרמים,500.00,100 גרם,false,,9.90,0.0198,true,1,33170
7290010328253,false,טחינה גולמית משומשום טבעי אחווה 500 גרם,"אחדות ביח""ר לטחינה ח",IL,אחוה,גרמים,500.00,100 גרם,false,,9.90,0.0198,true,1,33171
7290010328468,false,מארז מיני חלווה אחוה בטעמים 18 יחידות 216 גרם,שוורצקוף& הנקל דיסלד,IL,אחוה,גרמים,216.00,100 גרם,false,,9.90,0.0458,true,1,33172
7290010328505,false,"מארז מיני חלווה 15 יחידות לל""ס אחוה 150 גרם",אחדות ביחר לטחינה חל,IL,אחוה,גרמים,150.00,100 גרם,false,,9.90,0.0660,true,1,33174
7290010328680,false,עוגה בטעם שוקולד עם שוקוצ'יפס מריר ולבן 450 גרם,אחדות ביחר לטחינה חל,IL,אחוה,גרמים,450.00,100 גרם,false,,9.90,0.0220,true,1,33175
7290010328819,false,ממרח טחינה עם שוקולד משומשום מלא אחווה 400 גרם,אחדות ביחר לטחינה חל,IL,אחוה,גרמים,400.00,100 גרם,false,,10.70,0.0267,true,1,33179
7290010471669,false,יוגורט תות עם קורנפלקס מצופה שוקולד ללא גלוטן 3.9%,"שטראוס בריאות בע""\מ",IL,שטראוס,גרמים,175.00,100 גרם,false,,4.30,0.0246,true,1,48885
7290010513727,false,פנקו פרורי לחם 200 גרם (קינגדאו),קינגדאו גוניון פודס,CN,מזרח ומערב,גרמים,200.00,100 גרם,false,,7.90,0.0395,true,1,60307
7290010535378,false,שלישית כדורי רחצה,,,ספוג רחצה שלישיה,יח',3.00,יח',false,,9.90,3.3000,true,1,55263
7290010589227,false,כדורי שוקולד טעם שוק,וישם דברי מתיקה,IL,כדורים וופר - קרם שו,גרמים,300.00,100 גרם,false,,29.90,0.0997,true,1,66082
7290010589388,false,עוגת וופל במילוי ריב,וישם דברי מתיקה,IL,עוגת וופל במילוי ריב,גרמים,270.00,100 גרם,false,,29.90,0.1107,true,1,66089
7290010627004,false,טחינה גולמית מסורתית ירושלים 500 ג',"בראשית ירושלים בע""מ",IL,טחינה ירושלים,גרמים,500.00,100 גרם,false,,15.90,0.0318,true,1,50884
7290010632657,false,מוצץ בבליסטר גדול 3 יח',WORKS B.R,IN,טוליפס,יח',3.00,יח',false,,12.90,4.3000,true,1,35166
7290010632787,false,צימרוני אוזניים מעץ 300 יח,הדקלאים אגודת שיתופי,CN,כוטון סופט,יח',300.00,יח',false,,3.50,0.0117,true,1,35168
7290010650019,false,אנדיב בלגי אמיתי חוות תקוע,מרינה פטריות הגליל,IL,אנדיב/עולש,גרמים,220.00,100 גרם,false,,11.90,0.0541,true,1,63081
7290010650033,false,בצלצלי שאלוט תקוע אר,חוות פטריות תקוע,NL,בצלי שלוט,גרמים,350.00,100 גרם,false,,10.90,0.0311,true,1,63083
7290010650194,false,זנגוויל (ג'ינג'ר)ארוז מגשית,"פסח בא בע""מ",CN,גינגר מגשית 250 גרם,גרמים,250.00,100 גרם,false,,7.90,0.0316,true,1,63089
7290010650828,false,פטריות שימג'י חוות תקוע 150 גרם,שנגחאי פינק פוד קומפני,CN,פטריות שי-מגי,גרמים,150.00,100 גרם,false,,11.90,0.0793,true,1,63107
7290010672851,false,מאפין חמישיות שוקו שוקו,פילסברי,,מאפינס שוקו צ'יפס חמ,גרמים,350.00,100 גרם,false,,11.90,0.0340,true,1,64483
7290010672868,false,מאפין חמישיות שוקו וניל,פילסברי,,מאפינס וניל שוקו ציפ,גרמים,350.00,100 גרם,false,,11.90,0.0340,true,1,64484
7290010711123,false,כריות מתכת שייני 4 יחידות,מ.א ייצור ושיווק מטל,CN,Shiny,יח',4.00,יח',false,,6.90,1.7250,true,1,35236
7290010711208,false,שייני גליל מטליות צהוב 33 יח',נועם אורים תעשיות בע,IL,Shiny,יח',40.00,יח',false,,16.90,0.4225,true,1,35237
7290010711932,false,מטליות רב שימושיות פרימיום שייני 9 יחידות,נועם אורים תעשיות בע,IL,Shiny,יח',9.00,יח',false,,6.90,0.7667,true,1,35241
7290010718627,false,פנינה רוזנבלום אל סבון נוזלי ירוק 1 ליטר,פנינה רוזנבלום,IL,פנינה רוזנבלום בע'מ,ליטרים,1.00,ליטר,false,,8.90,8.9000,true,1,47873
7290010718634,false,"פנינה רוזנבלום -אל סבון נוזלי לבן,1 ליטר",פנינה רוזנבלום,IL,פנינה רוזנבלום בע'מ,ליטרים,1.00,ליטר,false,,8.90,8.9000,true,1,47874
7290010748860,false,"ד""ר פישר - אפקטיב קר קרם ידיים אינטנסיב 150 מ""ל",פישר מעבדות פרמצבטיות בע,IL,אפקטיב קר,מיליליטרים,150.00,"100 מ""ל",false,,15.90,0.1060,true,1,44869
7290010757893,false,"בורקס תפו""א ללא גלוטן פרווה - מוקפא",מאפיית ישראל חיפה,IL,"בורקס תפו""א ללא גלוט",גרמים,500.00,100 גרם,false,,19.90,0.0398,true,1,45811
7290010766734,false,רוטב פיצה אוליביה אסם 430 ג',אוליביה,IL,אוליביה,גרמים,430.00,100 גרם,false,,12.90,0.0300,true,1,50889
7290010766949,false,ממרח תחתיות ארטישוק 180ג' אוליביה,אוליביה,IL,אוליביה,גרמים,180.00,100 גרם,false,,12.90,0.0717,true,1,50890
7290010777082,false,פיתות עשיריה אופים,פיתה אקספרס,IL,פיתה אקספרס,יח',10.00,יח',false,,12.90,1.2900,true,1,36422
7290010777099,false,פיתות בעבודת יד פיתה אקספרס 8 יחידות,מגוון שיווק והפצת מא,IL,פיתה אקספרס,יח',8.00,יח',false,,10.70,1.3375,true,1,36423
7290010777150,false,שמניית פיתה בריבוע מחיטה מלאה פיתה אקספרס,מגוון שיווק והפצת מא,IL,פיתה אקספרס,יח',6.00,יח',false,,13.90,2.3167,true,1,36424
7290010777242,false,עשיירית פיתה מחמצת פיתה אקספרס,מאפיית ביכורים מזון,IL,פיתות 10 יח,יח',10.00,יח',false,,15.90,1.5900,true,1,36426
7290010777297,false,פיתות עבודת יד10 יח'/ פיתה ביס לבן 12 יח',מגוון שיווק והפצת מא,IL,פיתה אקספרס,יח',10.00,יח',false,,12.90,1.2900,true,1,36428
7290010777358,false,מארז שמיניית פיתות 100% כוסמין מלא,מגוון שיווק והפצת מא,IL,פיתה אקספרס,יח',8.00,יח',false,,15.90,1.9875,true,1,36430
7290010777488,false,פיתה מחמצת 100% קמח מלא פיתה אקספרס,מאפיית ביכורים מזון,IL,שאשא,יח,10.00,יח,false,,15.90,1.5900,true,1,36432
7290010777525,false,מארז שישייה פיתות כוסמין פיתה אקספרס,מאפיית ביכורים מזון,IL,פיתות 100% כוסמין מל,גרמים,300.00,100 גרם,false,,15.90,0.0530,true,1,36433
7290010814701,false,"שוקולד חלב כרמית 85 גרם ללת""ס","כרמית תעשיות ממתקים בע""\",IL,אגו,גרמים,85.00,100 גרם,false,,4.90,0.0576,true,1,42241
7290010838219,false,ממתיק על בסיס צמח הסטיביה - שקיות,"קיפל טבליות וממתיקים בע""מ",IL,מרמולייט,יח',100.00,יח',false,,29.90,0.2990,true,1,37909
7290010838431,false,ג'ל לניקוי מתקדם בניחוח ים - מארז זוג,מיוצר עי קונדיטוריית,NL,דאק,ליטרים,1.50,ליטר,false,,18.90,12.6000,true,1,37911
7290010883356,false,כפפות אלוורה רב שימושיות גדולות L סנו סושי,סנו סושי,CN,סנו סושי,יח',2.00,יח',false,,8.90,4.4500,true,1,39304
7290010883363,false,כפפות אלוורה רב שימושיות קטנות S סנו סושי,האי נאם סי או אל.טי.,CN,סנו סושי,יח',2.00,יח',false,,8.90,4.4500,true,1,39305
7290010883370,false,כפפות אלוורה רב שימושיות בינוניות M סנו סושי,האי נאם סי או אל.טי.,CN,סנו סושי,יח',2.00,יח',false,,8.90,4.4500,true,1,39306
7290010903917,false,שניצל תירס שף הטבע,משק ויילר,IL,שניצל תירס תפוגן,גרמים,1000.00,100 גרם,false,,21.90,0.0219,true,1,32802
7290010931330,false,סלט מטבוחה אחלה 500 גרם,מיוצר עי קונדיטוריית,IL,שטראוס,גרמים,500.00,100 גרם,false,,13.90,0.0278,true,1,48890
7290010945450,false,גבינה לבנה 3% 250 גר מועשר בסידן וויטמין,הפריט בפיקוח,IL,טרה,גרמים,250.00,100 גרם,false,,4.70,0.0188,true,1,48260
7290010945481,false,גבינה לבנה טרה 5% מרכיבים טבעיים,הפריט בפיקוח,IL,טרה,גרמים,500.00,100 גרם,false,,9.90,0.0198,true,1,48261
7290011017866,false,קוקה קולה קלאסי בפחית,החברה המרכזית לייצור משקאות,IL,קוקה קולה,מיליליטרים,330.00,"100 מ""ל",false,,5.00,0.0152,true,1,38740
7290011018443,false,"פנטה אורנג פחית סליק 330 מ""ל",החברה המרכזית לייצור משקאות,IL,פאנטה,מיליליטרים,330.00,"100 מ""ל",false,,5.00,0.0152,true,1,38750
7290011026066,false,"ד""ר פישר - סרקל שמפו + מרכך לילדים 1 ליטר",פישר מעבדות פרמצבטיות בע,IL,סרקל,ליטרים,1.00,ליטר,false,,22.80,22.8000,true,1,44872
7290011045623,false,געלה תערובת גרעינים,ניצני הדר,,ג'עלה 350 גרם בקופסא,גרמים,350.00,100 גרם,false,,24.90,0.0711,true,1,69835
7290011064020,false,בולגרית למריחה בטעמים 200 גר,גבינות אמיר ניצן בעמ,IL,גבינות עמיר ניצן,גרמים,200.00,100 גרם,false,,13.90,0.0695,true,1,35945
7290011064075,false,מעדן לבנה מסבחה -אבו גוש 200 גרם,גבינות אמיר ניצן בעמ,IL,גבינות עמיר ניצן,גרמים,200.00,100 גרם,false,,13.90,0.0695,true,1,35946
7290011064099,false,ירקות או פרות ממולאים במעדן גבינה ניצן 125 גרם,גבינות אמיר ניצן בעמ,IL,גבינות ניצן,גרמים,125.00,100 גרם,false,,19.90,0.1592,true,1,35947
7290011081492,false,גלידה בטעם שלושה שוקולדים 1.33ל' קרמיסימו,"גלידת שטראוס בע""\מ, רחוב",IL,קרמיסימו 1.33 ליטר,ליטרים,1.33,ליטר,false,,18.90,14.2105,true,1,37289
7290011081690,false,קרמיסימו פרווה שוקו ציפ+וניל ציפ 1.33ל,"גלידת שטראוס בע""\מ, רחוב",IL,קרמיסימו,ליטרים,1.33,ליטר,false,,18.90,14.2105,true,1,37290
7290011090920,false,כרוב סיני,קבוצת יבנה,IL,כרוב סיני,יח',1.00,יח',false,,6.90,6.9000,true,1,70124
7290011115203,false,אל סבון מוצק מבושם בניחוח עדין קלאסיק - מארז רביעיה,טרופיקל דגיל תעשיות,IL,נקה 7,גרמים,400.00,100 גרם,false,,10.90,0.0273,true,1,39309
7290011115241,false,אל סבון ארומטי מוצק ורוד ורד ויסמין - מארז רביעיה,"גליל כימיכלים בע""מ",IL,נקה 7,גרמים,400.00,100 גרם,false,,10.90,0.0273,true,1,39310
7290011115258,false,אל סבון מוצק מבושם בניחוח עדין קלאסיק - מארז רביעיה,"גליל כימיכלים בע""מ",IL,נקה 7,גרמים,400.00,100 גרם,false,,10.90,0.0273,true,1,39311
7290011115265,false,מארז סבון מוצק ארומה אל סבון מועשר בשמנים ארומטיים,"גליל כימיכלים בע""מ",IL,נקה 7,גרמים,400.00,100 גרם,false,,10.90,0.0273,true,1,39312
7290011115289,false,אל סבון מוצק מבושם בניחוח עדין קלאסיק - מארז רביעיה,"גליל כימיכלים בע""מ",IL,נקה 7,גרמים,400.00,100 גרם,false,,10.90,0.0273,true,1,39314
7290011115296,false,אל סבון מוצק מועשר בקרם לחות לבנדר - מארז רביעיה,נקה 7,,סבון נקה מוצק רביעיה,גרמים,400.00,100 גרם,false,,10.90,0.0273,true,1,39315
7290011126209,false,הגן הקסום תה טעם תפוח וקינמון סיידר ויסוצקי 25 יח',תה ויסוצקי,IL,ויסוצקי,גרמים,115.00,100 גרם,false,,16.90,0.1470,true,1,50892
7290011126452,false,הגן הקסום תה בטעם קמומיל ונענע ויסוצקי 25 יחידות,תה ויסוצקי,IL,ויסוצקי,גרמים,37.50,100 גרם,false,,16.90,0.4507,true,1,50897
7290011126957,false,תה ירוק ויסוצקי ארל גריי 25 שקיקים,ויסוצקי ירוק,IL,ויסוצקי,גרמים,937.50,100 גרם,false,,19.90,0.0212,true,1,50902
7290011131371,false,"מוזלי שקדים ואגוזים 1 ק""ג גרין",ויטליאה ניקולה דו,MK,גרין,קילוגרמים,1.00,"ק""ג",false,,24.90,24.9000,true,1,32908
7290011131654,false,מוזלי קראנצ'י ביג מיקס עם פירות ואגוזים,ויטליה ניקולא דו,MK,גרין,קילוגרמים,1.00,"ק""ג",false,,24.90,24.9000,true,1,32910
7290011142001,false,לחם שיפון בורודינסקי,מאפיית דואט,,לחם דואט 550 גרם,גרמים,550.00,100 גרם,false,,11.90,0.0216,true,1,61530
7290011142049,false,לחם ביתי עם סובין לל,מאפיית דואט,,לחם קל לבריאות 630 גרם,גרמים,630.00,100 גרם,false,,11.90,0.0189,true,1,61534
7290011142148,false,שישיית לחמניות אצבע מאפיית דואט,מאפיית דואט,,לחמניות עגולות 8 יח,גרמים,450.00,100 גרם,false,,10.90,0.0242,true,1,61538
7290011142193,false,לחמניות קלועות מתוקות עם צימוקים 400 גרם,מאפיית דואט,,לחמניות עם צימוקים רביעיה,גרמים,400.00,100 גרם,false,,11.90,0.0298,true,1,61540
7290011142315,false,פרנה מאורך רביעיה 550 גר,מאפיית דואט,IL,לחם פרנה רביעייה 550 גרם,גרמים,550.00,100 גרם,false,,13.90,0.0253,true,1,61541
7290011142650,false,לחם שיפון 100% 900 גרם מאפיית דואט,,IL,לחם 100% שיפון 900 ג,גרמים,900.00,100 גרם,false,,15.90,0.0177,true,1,61551
7290011194215,false,מעדן גבינה ויוגורט בטעם בננה 5% שומן 88 ג' דניאלה,"שטראוס בריאות בע""מ",IL,שטראוס,מיליליטרים,150.00,"100 מ""ל",false,,3.90,0.0260,true,1,48891
7290011223038,false,בונומי עלים לקרמשניט שכבות אפויות מבצק עלים 300 גרם,בונומי ס.פ.א,IT,וונט וונט,גרמים,300.00,100 גרם,false,,14.90,0.0497,true,1,37912
7290011223045,false,בישקוטים בונומי 200 גרם,בונומי ס.פ.א,IT,דנש,גרמים,200.00,100 גרם,false,,5.90,0.0295,true,1,37913
7290011223229,false,"טואלט דאק ג'ל לאסלה טיפות טל רעננות 55 מ""ל","איטיליאן פוד, אס.פי.",IT,דאק,מיליליטרים,55.00,"100 מ""ל",false,,7.40,0.1345,true,1,37917
7290011239251,false,חטיפי חלביצה 330 גרם,"בני ריאד מחרום בע""מ",IL,חטיפי חלביצה 330 גרם,גרמים,330.00,100 גרם,false,,14.90,0.0452,true,1,69786
7290011239268,false,חטיפי קוקוס 330 גרם,"בני ריאד מחרום בע""מ",IL,חטיפי קוקוס 330 גרם,גרמים,330.00,100 גרם,false,,14.90,0.0452,true,1,69787
7290011239275,false,חטיפי קוקוס 330 גרם,"בני ריאד מחרום בע""מ",IL,חטיפי קוקוס 330 גרם,גרמים,330.00,100 גרם,false,,14.90,0.0452,true,1,69788
7290011239282,false,חטיפי בוטנים 330 גרם,"בני ריאד מחרום בע""מ",IL,חטיפי בוטנים 330 גרם,גרמים,330.00,100 גרם,false,,14.90,0.0452,true,1,69789
7290011239299,false,חטיפי בוטנים 330 גרם,"בני ריאד מחרום בע""מ",IL,חטיפי בוטנים 330 גרם,גרמים,330.00,100 גרם,false,,14.90,0.0452,true,1,69790
7290011239305,false,חטיפי שומשום 330 גרם,"בני ריאד מחרום בע""מ",IL,חטיפי שומשום 330 גרם,גרמים,330.00,100 גרם,false,,14.90,0.0452,true,1,69791
7290011239312,false,חטיפי שומשום 330 גרם,"בני ריאד מחרום בע""מ",IL,חטיפי שומשום 330 גרם,גרמים,330.00,100 גרם,false,,14.90,0.0452,true,1,69792
7290011239329,false,חטיפי מרמלדה 330 גרם,"בני ריאד מחרום בע""מ",IL,חטיפי מרמלדה 330 גרם,גרמים,330.00,100 גרם,false,,14.90,0.0452,true,1,69793
7290011239336,false,"חלבה מחרום ללת""ס 400 גרם","בני ריאד מחרום בע""מ",IL,חטיף חמניות 330 גרם,גרמים,330.00,100 גרם,false,,14.90,0.0452,true,1,69794
7290011239343,false,חטיף שומשום 330 גרם,"בני ריאד מחרום בע""מ",IL,חטיף שומשום 330 גרם,גרמים,330.00,100 גרם,false,,14.90,0.0452,true,1,69795
7290011239404,false,חטיפים שונים ארוזים330ג,"בני ריאד מחרום בע""מ",IL,בקלאווה 330 גרם בקופ,גרמים,330.00,100 גרם,false,,14.90,0.0452,true,1,69796
7290011239657,false,רחת לוקום ארוז קוביות500,"בני ריאד מחרום בע""מ",IL,רחת לוקום 500 גרם בק,יחידה,0.00,יחידה,false,,14.90,0.0000,true,1,69797
7290011240318,false,"יין שאטו דה למר קברנה סוביניון יקבי ציון 750 מ""ל",יקבי ציון,IL,"שאטו דה למר 750 מ""ל",מיליליטרים,750.00,"100 מ""ל",false,,18.90,0.0252,true,1,66098
7290011249212,false,וופל עלמה בלגי לימון 200 גר' ללא סוכר,"גילרו בע""מ",IL,וופל בלגי עלמה 200 ג,גרמים,200.00,100 גרם,false,,2.90,0.0145,true,1,37647
7290011249748,false,רולים גלילי ופל במילוי קרם שוקולד 100 ג' עלמה,"גילרו בע""מ",IL,גילרו,גרמים,100.00,100 גרם,false,,2.90,0.0290,true,1,37651
7290011249755,false,רולים גלילי ופל במילוי קרם אגוזים 100 ג' עלמה,"גילרו בע""מ",IL,גילרו,גרמים,100.00,100 גרם,false,,2.90,0.0290,true,1,37652
7290011254018,false,שעועית מש מיה 500 גר',מיה תעשיות מזון מ.ת.מ. ב,IL,מיה,גרמים,500.00,100 גרם,false,,7.90,0.0158,true,1,44717
7290011254032,false,קינואה מיה 500 גרם,מיה תעשיות מזון מ.ת.מ. ב,IL,מיה,גרמים,500.00,100 גרם,false,,9.90,0.0198,true,1,44719
7290011254346,false,מיה קטניות קינואה בד,מיה תעשיות מזון מ.ת.מ. ב,IL,מיה,קילוגרמים,1.00,"ק""ג",false,,15.90,15.9000,true,1,44738
7290011254605,false,תערובת לקדירה לקט חמין מיה 600 גרם,מיה תעשיות מזון מ.ת.מ. ב,IL,מיה,גרמים,600.00,100 גרם,false,,9.90,0.0165,true,1,44740
7290011254612,false,"לקט תערובת לקדירה 600 גרם ""מיה"" קדירה לקט בריאות",מיה תעשיות מזון מ.ת.מ. ב,IL,מיה,גרמים,600.00,100 גרם,false,,9.90,0.0165,true,1,44741
7290011254759,false,שעועית שחורה יבשה מיה 500 גר',מיה תעשיות מזון מ.ת.מ. ב,IL,מיה,גרמים,500.00,100 גרם,false,,7.90,0.0158,true,1,44745
7290011254766,false,"שעועית לוביה יבשה מיה 400 גר'בד""צ",מיה תעשיות מזון מ.ת.מ. ב,IL,מיה,גרמים,500.00,100 גרם,false,,7.90,0.0158,true,1,44746
7290011254773,false,שעועית ארגנטינאית מיה 500 גרם,מיה תעשיות מזון מ.ת.מ. ב,IL,מיה,גרמים,500.00,100 גרם,false,,7.90,0.0158,true,1,44747
7290011254780,false,"שעועית ארגנטינאית יבשה מיה 1 ק""ג",מיה תעשיות מזון מ.ת.מ. ב,IL,מיה,קילוגרמים,1.00,"ק""ג",false,,14.90,14.9000,true,1,44748
7290011300975,false,פנינה סבון נוזלי ורוד פרדייז 500 מל,סאסא קוסמטיקס,IL,פנינה רוזנבלום בע'מ,מיליליטרים,500.00,"100 מ""ל",false,,5.90,0.0118,true,1,47875
7290011300982,false,סבון נוזלי כחול 500 מ''ל פנינה רוזנבלום,פנינה רוזנבלום,IL,פנינה רוזנבלום בע'מ,מיליליטרים,500.00,"100 מ""ל",false,,5.90,0.0118,true,1,47876
7290011300999,false,סבון נוזלי בז' 500 מ''ל פנינה רוזנבלום,פנינה רוזנבלום,IL,פנינה רוזנבלום בע'מ,מיליליטרים,500.00,"100 מ""ל",false,,5.90,0.0118,true,1,47877
7290011379018,false,מארז משפחתי שמפיניון 500 ג' מרינה,מרינה פטריות הגליל,IL,מארז פטריות זוג,יח',1.00,יח',false,,15.90,15.9000,true,1,62792
7290011438142,false,"משקה יטבתה אייס קפה בבקבוק אישי 350 מ""ל",שטראוס גרופ,IL,יטבתה,מיליליטרים,350.00,"100 מ""ל",false,,6.20,0.0177,true,1,48895
7290011447014,false,מטרנה דייסת סלט פירות 200 גרם,מטרנה תעשיות ש.מ,IL,מטרנה,גרמים,200.00,100 גרם,false,,12.90,0.0645,true,1,33688
7290011447267,false,מטרנה פרימיום חלבי שלב 1 700 גרם חיסכון,מטרנה תעשיות ש.מ,IL,מטרנה,גרמים,700.00,100 גרם,false,,47.90,0.0684,true,1,33689
7290011447281,false,מטרנה פרימיום חלבי שלב 2 700 גרם חיסכון,מטרנה תעשיות ש.מ,IL,מטרנה,גרמים,700.00,100 גרם,false,,47.90,0.0684,true,1,33690
7290011447304,false,מטרנה פרימיום חלבי שלב 3 700 גרם חיסכון,מטרנה תעשיות ש.מ,IL,מטרנה,גרמים,700.00,100 גרם,false,,47.90,0.0684,true,1,33691
7290011447359,false,תחליף חלב מטרנה מהדרין שלב 1 חלבי 700 גרם,מולינו ניקולי s.p.a,IL,מטרנה,גרמים,700.00,100 גרם,false,,47.90,0.0684,true,1,33692
7290011447373,false,תחליף חלב מטרנה מהדרין שלב 2 חלבי 700 גרם,מטרנה תעשיות ש.מ,IL,מטרנה,גרמים,700.00,100 גרם,false,,47.90,0.0684,true,1,33693
7290011473051,false,קוואקר עבה אורגני 500 גרם,ארוז ע' תבואות,GB,??????,גרמים,500.00,100 גרם,false,,10.90,0.0218,true,1,36659
7290011473211,false,"עדשים אדומים אורגני 500 גרם ""תבואות""",אורז ע'י,TR,תבואות,גרמים,500.00,100 גרם,false,,12.90,0.0258,true,1,36669
7290011473433,false,תבואת בר כוסמת אורגנ,אורז ע'י,CN,תבואות,גרמים,500.00,100 גרם,false,,9.90,0.0198,true,1,36679
7290011473655,false,סוכר קנים אורגני 1 קילו,ארוז ע' תבואות,BR,תבואות,קילוגרמים,1.00,"ק""ג",false,,10.90,10.9000,true,1,36682
7290011488017,false,שיני שום קלופות 1 קג,,,"שיני שום קלופות 1 ק""",גרמים,1000.00,100 גרם,false,,29.90,0.0299,true,1,72838
7290011498177,false,ממרח שקד לבן מקולף 700 ג,שקד תבור,IL,שקד לבן 700 גרם,גרמים,700.00,100 גרם,false,,64.90,0.0927,true,1,69342
7290011498870,false,מארז חטיפי תמר במילוי חמאת שקדים 150 גרם,"אלמנדוס בע""מ",IL,חטיפי תמר במילוי חמא,גרמים,150.00,100 גרם,false,,17.90,0.1193,true,1,71810
7290011498887,false,מארז חטיפי תמר במילוי חמאת קוקוס 150 גרם,"אלמנדוס בע""מ",IL,חטיפי תמר במילוי חמא,גרמים,150.00,100 גרם,false,,17.90,0.1193,true,1,71811
7290011498948,false,מארז חטיפי תמר מצופה שוקולד 100% קקאו 150 גרם,"אלמנדוס בע""מ",IL,חטיפי תמר מצופה שוקו,גרמים,150.00,100 גרם,false,,17.90,0.1193,true,1,71813
7290011498955,false,אגוזי אדמה חמאת בוטנ300ג,שקד תבור,IL,*מבצע* חמאת בוטנים 3,גרמים,300.00,100 גרם,false,,9.90,0.0330,true,1,69344
7290011498962,false,שקד לבן בכבישה קרה 300 ג,"אלמונדס בע""מ",IL,*מבצע* ממרח שקד לבן,גרמים,300.00,100 גרם,false,,26.90,0.0897,true,1,72000
7290011499051,false,פטה כבשים מסורתית 20% בגביע מחלבות גד,MKN עבור מחלבות גד ב,IL,מחלבות גד,גרמים,250.00,100 גרם,false,,26.90,0.1076,true,1,45236
7290011499105,false,גבינה בולגרית מלוחה 5% 250 ג' גד,ג'נרל מילס סאן אדריא,IL,מחלבות גד,גרמים,250.00,100 גרם,false,,23.50,0.0940,true,1,45237
7290011499112,false,גבינה בולגרית 165 גד 250 גרם,"מיוצר ע""י dsh",IL,מחלבות גד,גרמים,250.00,100 גרם,false,,23.50,0.0940,true,1,45238
7290011499129,false,גבינה בולגרית מעודנת קוביות קטנות 5% גד 200 גרם,קוד יצרן DSH,IL,מחלבות גד,גרמים,200.00,100 גרם,false,,21.90,0.1095,true,1,45239
7290011499303,false,גבינה בולגרית עזים 5% גד מעודנת 250 גרם,ג'נרל מילס סאן אדריא,IL,מחלבות גד,גרמים,250.00,100 גרם,false,,31.80,0.1272,true,1,45242
7290011499327,false,גבינה בולגרית מעודנת חלב בקר 250 גר,מיוצר על ידי DSH עבו,IL,מחלבות גד,גרמים,250.00,100 גרם,false,,23.50,0.0940,true,1,45243
7290011499341,false,גבינת קשקבל ארוז 26 אחוז 250גרם גד,הנסיך- מפעל לייצור ט,IL,מחלבות גד,גרמים,200.00,100 גרם,false,,26.70,0.1335,true,1,45245
7290011499365,false,גבינת חלומי 24% גד 200 גרם,"מחלבות גד בע""\מ",IL,מחלבות גד,גרמים,200.00,100 גרם,false,,21.90,0.1095,true,1,45247
7290011499419,false,גבינה במרקם שמנת בטעם טבעי 5% ניו יורק,גבינות מדף,IL,מחלבות גד,גרמים,200.00,100 גרם,false,,12.90,0.0645,true,1,45248
7290011499525,false,גבינת לאבנה דרוזית 9% גד 500 גרם,מחלבות גד בעמ,IL,מחלבות גד,גרמים,500.00,100 גרם,false,,21.50,0.0430,true,1,45249
7290011499624,false,גבינת שמנת בטעם טבעי גד 30% 200 גרם,גבינות מדף,IL,מחלבות גד,גרמים,200.00,100 גרם,false,,14.10,0.0705,true,1,45250
7290011499846,false,גבינת ריקוטה פרסקה 9% גד 300 גרם,מחלבות גד בעמ,IL,מחלבות גד,גרמים,300.00,100 גרם,false,,14.90,0.0497,true,1,45257
7290011502867,false,גרנולה אגוזים בשקית שקדיה 500 גרם,"דין שיווק וקלייה בע""",IL,ששון הקולה,גרמים,500.00,100 גרם,false,,12.90,0.0258,true,1,65307
7290011502874,false,דלישס גרנולה עם פירות יבשים 500גר,"דין שיווק וקלייה בע""",IL,שקדיה,גרמים,500.00,100 גרם,false,,12.90,0.0258,true,1,65308
7290011505806,false,קיסמי שיניים דנטאליים מפלסטיק 200 יחידות בחבית,הוסטס Hostess,CN,הוסטס,יח',200.00,יח',false,,7.90,0.0395,true,1,35176
7290011514280,false,וואקום סקוטש פתוח,,,וואקום סקוטש פתוח,יח',1.00,יח',false,,6.90,6.9000,true,1,57565
7290011514464,false,גומיות צבעוניות,,,גומיות צבעוניות,יח',1.00,יח',false,,7.90,7.9000,true,1,57567
7290011515683,false,מאגדת טילון אקסטרים וניל נסטלה 6 יחידות,תות תעשיות מזון (201,IL,אקסטרים,יח',6.00,יח',false,,25.90,4.3167,true,1,46023
7290011515911,false,שלגונים מופחתי קלוריות בטעם ריבת חלב - 6 יח',גלידות נסטלה )נגה גלידות,IL,גלידות נסטלה,יח',6.00,יח',false,,28.90,4.8167,true,1,46024
7290011518561,false,"אקטימל תות 1.51 ק""ג מארז 14 יחידות",מיוצר עי קונדיטוריית,IL,שטראוס,ליטרים,1.40,ליטר,false,,29.90,21.3571,true,1,48900
7290011524548,false,גרגירי חומוס פרי הגליל 800 גרם,"פרי הגליל בע""""מ",IL,פרי הגליל,גרמים,800.00,100 גרם,false,,10.90,0.0136,true,1,47805
7290011524555,false,שעועית לבנה אפויה 800 ג' פרי הגליל,"פרי הגליל בע""""מ",IL,פרי הגליל,גרמים,800.00,100 גרם,false,,11.90,0.0149,true,1,47806
7290011524968,false,פולי סויה מוקפאים Green & Fresh,גרין אנד פרש Green & Fresh,IL,GREEN @ FRESH,קילוגרמים,1.00,"ק""ג",false,,14.90,14.9000,true,1,47808
7290011525712,false,"קמיל בלו אל סבון סנסיטיב לפני השינה ד""ר פישר 1 ליטר",פישר מעבדות פרמצבטיות בע,IL,קמיל בלו סנסיטיב,ליטרים,1.00,ליטר,false,,24.90,24.9000,true,1,44879
7290011530358,false,שייק איט יום שישי כתום 3*150 גרם בלדי,"הבו-קדו בע""מ",IL,שייק איט FRIDAY כתום,גרמים,450.00,100 גרם,false,,29.90,0.0664,true,1,55417
7290011530525,false,מיקס פירות קפואים שייק איט צהוב - 3*150 ג',"הבו-קדו בע""מ",IL,שייק איט TUESDAY צהו,גרמים,450.00,100 גרם,false,,29.90,0.0664,true,1,55419
7290011530532,false,מיקס פירות קפואים שייק איט ירוק - 3*150 ג',"הבו-קדו בע""מ",IL,שייק איט MONDAY ירוק,גרמים,450.00,100 גרם,false,,29.90,0.0664,true,1,55420
7290011530747,false,מיקס פירות קפואים שייק איט סגול - 3*150 ג',"הבו-קדו בע""מ",IL,שייק איט WEDNESDAY ס,גרמים,450.00,100 גרם,false,,29.90,0.0664,true,1,55424
7290011530945,false,קרפצ'יו עגל פרימיום 210 גרם בלדי,בלדי,IL,בלדי,גרמים,210.00,100 גרם,false,,39.90,0.1900,true,1,55426
7290011587444,false,מוזלי קראנצי בתוספת פירות ויטליה 600 גרם,Vitalia nikola ltd,MK,תומר,גרמים,600.00,100 גרם,false,,12.90,0.0215,true,1,53680
7290011587451,false,מוזלי קראנצי בתוספת פירות ואגוזים ויטליה 600 גרם,ויטליה,IL,גרנולה פירות ואגוזים,גרמים,600.00,100 גרם,false,,12.90,0.0215,true,1,53681
7290011587468,false,מוזלי קראנצי בתוספת אגוזים ויטליה 600 גרם,Vitalia nikola ltd,MK,תומר,גרמים,600.00,100 גרם,false,,12.90,0.0215,true,1,53682
7290011587581,false,פילה אנשובי צנצנת 100גרם,אינוורסינס פריסקו,PE,תומר,גרמים,100.00,100 גרם,false,,10.90,0.1090,true,1,53683
7290011587697,false,ממרח עגבניות מיובשות פסטו תומר 340 ג',Sunto gida sun ve ti,TR,תומר,גרמים,360.00,100 גרם,false,,11.90,0.0331,true,1,53689
7290011587840,false,עגבניות קצוצות בשמן תומר 340 ג',תומר,,עגבניות מיובשות בשמן 370,גרמים,370.00,100 גרם,false,,11.90,0.0322,true,1,53694
7290011593087,false,"שמן זית כתית מעולה 750 מ""ל סבא חביב",סאן אויל עיבוד ושיוו,IL,סבא חביב,מיליליטרים,750.00,"100 מ""ל",false,,29.90,0.0399,true,1,37392
7290011598211,false,"סנו - אנטי קאלק מרסס ניקוי כללי 4 ב-1 700 מ""ל",מיוצר עי קונדיטוריית,IL,אנטי קאלק,מיליליטרים,700.00,"100 מ""ל",false,,15.90,0.0227,true,1,39320
7290011607180,false,"אבקת כביסה קולון 101 1.25 ק""ג",ריקט בנקיזר ( ניר אי,IL,קולון,קילוגרמים,1.25,"ק""ג",false,,12.90,10.3200,true,1,37033
7290011615260,false,"טורטייה 20 ס""מ קוטר וילי פוד 540 גר",מוטלוקל גידה סאנאי ט,TR,וילי פוד,גרמים,540.00,100 גרם,false,,8.90,0.0165,true,1,40943
7290011618025,false,בייבי ביס הוט קידס נגיסי אורז לתינוק,גואנז'ו יונג וואנט פ,CN,וונט וונט,גרמים,50.00,100 גרם,false,,14.90,0.2980,true,1,37921
7290011618216,false,נגיסי אורז בייבי ביס בננה 50 גרם,גואנז'ו יונג וואנט פ,CN,וונט וונט,גרמים,50.00,100 גרם,false,,14.90,0.2980,true,1,37925
7290011622428,false,כתמטמינים-חטיף בריאות לתינוקות וילדים 45 ג',מיוצר עבור גולדן האר,IL,גולדן הארט,גרמים,45.00,100 גרם,false,,5.90,0.1311,true,1,36694
7290011622442,false,טבעונים - חטיף טבעות דגנים מלאים בטעם טבעי 45 גרם,הארט Heart,IL,גולדן הארט,גרמים,45.00,100 גרם,false,,5.90,0.1311,true,1,36695
7290011622701,false,טבעונים - חטיף טבעות דגנים מלאים בטעם גזר וסלק 45 גרם,אשבול,IL,גולדן הארט,גרמים,45.00,100 גרם,false,,5.90,0.1311,true,1,36699
7290011622763,false,ביסקוויטמינים פלוס בטעם וניל 150 גרם,מולינו ניקולי s.p.a,IL,ביסקוויטמינים פלוס ו,גרמים,150.00,100 גרם,false,,15.90,0.1060,true,1,36700
7290011622817,false,חטיף דגנים במילוי קרם בטעם שוקולד 70 גרם,אשבול,IL,חטיף דגנים במילוי קר,גרמים,70.00,100 גרם,false,,15.90,0.2271,true,1,69144
7290011644000,false,מקלות תירס ממותקים 80 גרם,סנקי,IL,חטיף מקלות תירס מתוק,גרמים,80.00,100 גרם,false,,4.90,0.0613,true,1,62303
7290011668143,false,מסיכה משקמת ומטפחת לשיער צבוע ופגום,פנינה רוזנבלום PR,IL,פנינה רוזנבלום בע'מ,קילוגרמים,1.00,"ק""ג",false,,26.90,26.9000,true,1,47879
7290011668419,false,"שמפו אובלפיחה לשיער רגיל 750 מ""ל פנינה רוזנבלום",פנינה רוזנבלום,IL,פנינה רוזנבלום בע'מ,מיליליטרים,750.00,"100 מ""ל",false,,8.90,0.0119,true,1,47883
7290011668426,false,"מרכך אובלפיחה לשיער רגיל 750 מ""ל פנינה רוזנבלום",פנינה רוזנבלום,IL,פנינה רוזנבלום בע'מ,מיליליטרים,750.00,"100 מ""ל",false,,8.90,0.0119,true,1,47884
7290011668570,false,בריא מהטבע גרנולה פירות יבשים 450 גרם פנינה רוזנבלום,בריא מהטבע פנינה רוזנבלום,IL,פנינה רוזנבלום בע'מ,גרמים,500.00,100 גרם,false,,24.90,0.0498,true,1,47890
7290011668587,false,בריא מהטבע גרנולה בטעם עשיר 500 גרם פנינה רוזנבלום,בריא מהטבע פנינה רוזנבלום,IL,פנינה רוזנבלום בע'מ,גרמים,500.00,100 גרם,false,,24.90,0.0498,true,1,47891
7290011668594,false,בריא מהטבע תוספת בריאה לסלט 550 גרם פנינה רוזנבלום,בריא מהטבע פנינה רוזנבלום,IL,פנינה רוזנבלום,גרמים,550.00,100 גרם,false,,37.90,0.0689,true,1,47892
7290011723200,false,טחינה הר ברכה 100% שומשום טהור 500 גר,טחינה הר ברכה בעמ,IL,הר ברכה,גרמים,500.00,100 גרם,false,,17.90,0.0358,true,1,37661
7290011725006,false,פטרוזיליה אפרתי ברכת דויד,קונספסיון/ פניסקור/,IL,פטרוזיליה מהדרין,יח',1.00,יח',false,,5.90,5.9000,true,1,72023
7290011725013,false,כוסברה אפרתי-ברכת דויד,קונסרבאס פרדו,IL,כוסברה מהדרין,יח',1.00,יח',false,,5.90,5.9000,true,1,72111
7290011725020,false,שמיר אפרתי ברכת דויד,ברכת קטיף,IL,שמיר מהדרין,יח',1.00,יח',false,,5.90,5.9000,true,1,72024
7290011725037,false,נענע אפרתי ברכת דויד,קונסרווס אל.ג'י. זאס,IL,נענע מהדרין,יח',1.00,יח',false,,5.90,5.9000,true,1,72056
7290011725044,false,סלרי עלים אמריקאי אפרתי ברכת דויד,ברכת קטיף,IL,סלרי עלים מהדרין,יח',1.00,יח',false,,6.90,6.9000,true,1,72057
7290011725051,false,חסה אפרתי ברכת דויד/הארץ,קוסטר - תורכיה,IL,חסה מהדרין,יח',1.00,יח',false,,6.90,6.9000,true,1,71993
7290011725068,false,מנגולד אפרתי ברכת דויד,קוסמופארם,IL,עלי סלק מהדרין,יח',1.00,יח',false,,6.90,6.9000,true,1,72112
7290011725143,false,לבבות חסה ברכת דוד,קילט ניהול פרוייקטים,IL,רוזמרין מהדרין,יח',1.00,יח',false,,12.90,12.9000,true,1,72026
7290011725167,false,בצל ירוק אפרתי בירכת דויד,קלדש הולמן,IL,בצל ירוק מהדרין,יח',1.00,יח',false,,6.90,6.9000,true,1,72796
7290011725488,false,כרוב לבן למהדרין הית,קוסמופול,IL,כרוב לבן מהדרין,קילוגרמים,1.00,"ק""ג",true,,11.90,11.9000,true,1,57224
7290011743833,false,"סנסודיין משחת שיניים פרונאמל 75 מ""ל",גלקסו סמית קליין,GB,סנסודיין,גרמים,75.00,100 גרם,false,,18.90,0.2520,true,1,40439
7290011765095,false,קרמה מן גל גילוח אלוורה ירוק 200 מל,טרופיקל דגיל תעשיות,TR,קרמה מן,מיליליטרים,200.00,"100 מ""ל",false,,13.90,0.0695,true,1,39326
7290011765392,false,"בוב ספוג שמפו לשיער לסירוק קל כיף 750 מ""ל",טרופיקל דגיל תעשיות,IL,כיף,מיליליטרים,750.00,"100 מ""ל",false,,9.90,0.0132,true,1,39338
7290011765408,false,"בוב ספוג שמפו ומרכך לשיער לסירוק קל כיף 750 מ""ל",קוסמופארם בע''מ,IL,כיף,מיליליטרים,750.00,"100 מ""ל",false,,9.90,0.0132,true,1,39339
7290011765446,false,משחת שיניים לילדים בוב ספוג בטעם מיץ ענבים עם פלואוריד למניעת עששת,טרופיקל דגיל תעשיות קוסמ,IL,אורביטול,גרמים,70.00,100 גרם,false,,7.90,0.1129,true,1,39342
7290011765613,false,סנו מסיר עובש בניחות לימון מתז 1 ל',"סנו מפעלי ברונוס בע""\מ",IL,מסיר עובש בניחוח לימ,מיליליטרים,1000.00,"100 מ""ל",false,,15.90,0.0159,true,1,39344
7290011800840,false,רפי כהן סלט טחינה בלאדי צבר 400 גרם,רפי כהן / צבר,IL,סלטי צבר,גרמים,400.00,100 גרם,false,,14.90,0.0373,true,1,33697
7290011877088,false,"רדיד אלומיניום רוחב 30 ס""מ, 18 מיקרון - מארז זוג",בורסה פאזרי,TR,צמד רדיד אלומניום 30,מטרים,15.00,מטר,false,,14.90,0.9933,true,1,39345
7290011877095,false,"רדיד אלומיניום רוחב 45 ס""מ סנו סושי 2*7.5 מטר",בורסה פאזרי,TR,סנו סושי,מטרים,15.00,מטר,false,,19.90,1.3267,true,1,39346
7290011877446,false,"קרם למניעת גירויים בייבי כיף 100 מ""ל",קוסמופארם בע'\'\מ,IL,בייבי כיף,מיליליטרים,100.00,"100 מ""ל",false,,9.90,0.0990,true,1,39349
7290011877859,false,סנו אינסטלטור חדש פותח סתימות 200ג',מיוצר עי קונדיטוריית,IL,סנו אינסטלטור,גרמים,200.00,100 גרם,false,,13.90,0.0695,true,1,39352
7290011931162,false,סוכרלייט ממתיק נוזלי על בסיס סוכרלוז,אף.סי תבליני בגליל ב,IL,סוכרזית,גרמים,220.00,100 גרם,false,,22.90,0.1041,true,1,46477
7290011947309,false,זיתים מצוננים סורי מבוקע ולימון כבוש זיתא 230 ג',זיתא – י.ט.ב תעשיות,IL,זיתא,גרמים,220.00,100 גרם,false,,11.90,0.0541,true,1,50906
7290011947316,false,זיתים קלמטה 215 גר מעדניה זיתא,זיתא - י.ט.ב תעשיות,IL,זיתא,גרמים,215.00,100 גרם,false,,11.90,0.0553,true,1,50907
7290011947781,false,מיקס זית ירוק וזית קלמטה ללא גלעין עם שמן זית כתית מעולה,זיתא - י.ט.ב תעשיות,IL,זיתא,גרמים,190.00,100 גרם,false,,13.90,0.0732,true,1,50925
7290011947798,false,זית קלמטה ללא גלעין עם שמן זית כתית מעולה,זיתא - י.ט.ב תעשיות,IL,זיתא,גרמים,190.00,100 גרם,false,,13.90,0.0732,true,1,50926
7290011947903,false,מיקס זיתים יווני זיתא 215 ג',זיתא - י.ט.ב תעשיות,IL,זיתא,גרמים,232.00,100 גרם,false,,11.90,0.0513,true,1,50933
7290011964344,false,שום גבישי בקופ' 120 גר' טעם וריח,"תבליני טעם וריח בע""מ",IL,"תבליני טעם וריח בע""מ",גרמים,120.00,100 גרם,false,,9.90,0.0825,true,1,56059
7290011964689,false,על האש לא מונוסודיום 100 גרם 100 גרם מיכל גדול,"תבליני טעם וריח בע""מ",IL,"תבליני טעם וריח בע""מ",גרמים,100.00,100 גרם,false,,9.90,0.0990,true,1,56068
7290011964702,false,שווארמה ללא מונסודיום 100 גרם מיכל גדול,"תבליני טעם וריח בע""מ",IL,"תבליני טעם וריח בע""מ",גרמים,100.00,100 גרם,false,,9.90,0.0990,true,1,56069
7290011987015,false,פילה הרינג בוואקם 200 גר,אס.פי.פיש האוס,IL,אס.פי.פיש האוס,גרמים,200.00,100 גרם,false,,10.90,0.0545,true,1,54023
7290011987466,false,סלמון פרוס בוואקום 200 גר,אס.פי.פיש האוס,IL,אס.פי.פיש האוס,גרמים,200.00,100 גרם,false,,38.90,0.1945,true,1,54024
7290011987480,false,סלמון פרוס 300 גרם,אס.פי.פיש האוס,IL,אס.פי.פיש,גרמים,300.00,100 גרם,false,,56.90,0.1897,true,1,54025
7290012001994,false,חרדל דיז'ון גרעינים 350 ג' ריין דיזון,ריין דיז'ון reine dijon,FR,ריין דיז'ון,גרמים,350.00,100 גרם,false,,9.90,0.0283,true,1,56623
7290012019258,false,מחית תפוחי עץ רביעיה 4 * 113 ג' תומר,אינדיאן סאמר קו אופ אינק,US,תומר,גרמים,452.00,100 גרם,false,,10.90,0.0241,true,1,53702
7290012019265,false,רביעיית מחית תפוח עץ ללא תוספת סוכר תומר 113 גרם,אינדיאן סאמר קו אופ אינק,US,רסק תפוחי עץ דיאט רביעיה,גרמים,452.00,100 גרם,false,,10.90,0.0241,true,1,53703
7290012022203,false,פריכיות קליליות חיטה,דילייט 2005,IL,קליליות,גרמים,100.00,100 גרם,false,,13.90,0.1390,true,1,57230
7290012022272,false,פריכיות קליליות קידס,דילייט 2005,IL,קליליות,גרמים,30.00,100 גרם,false,,10.50,0.3500,true,1,57233
7290012025495,false,"טחינה אסלי שמיר 1 ק""ג","סלטי שמיר 2006 בע""מ",IL,אסלי,קילוגרמים,1.00,"ק""ג",false,,12.90,12.9000,true,1,50635
7290012116063,false,"כיף אל סבון פיות בתמציות קמומיל 750 מ""ל",טרופיקל דגיל תעשיות,IL,כיף,מיליליטרים,750.00,"100 מ""ל",false,,10.90,0.0145,true,1,39360
7290012116551,false,אנטי קאלק נוזל לניקוי כללי סנו 2 ליטר,מיוצר עי קונדיטוריית,IL,אנטי קאלק,ליטרים,2.00,ליטר,false,,19.90,9.9500,true,1,39367
7290012116612,false,אורביטול מברשת שיניים מארז 4 יח',ג'נרל מילס סאן אדריא,CN,אורביטול,יח',4.00,יח',false,,10.90,2.7250,true,1,39368
7290012117275,false,"קליר שקית מילוי לניקוי חלונות סנו 750 מ""ל",טרופיקל דגיל תעשיות,IL,סנוקליר,מיליליטרים,750.00,"100 מ""ל",false,,5.90,0.0079,true,1,39379
7290012117350,false,"נוזל רצפות לילך 2 ליטר ""ריצפז פרש""","סנו מפעלי ברונוס בע""\מ",IL,ריצפז,ליטרים,2.00,ליטר,false,,14.90,7.4500,true,1,39380
7290012117435,false,"קרמה - שמפו וג'ל רחצה 2 ב-1 אלוורה 700 מ""ל",טרופיקל דגיל תעשיות,IL,קרמה מן,מיליליטרים,700.00,"100 מ""ל",false,,15.90,0.0227,true,1,39383
7290012117466,false,"תחליב רחצה לפנים תה ירוק קרמה 180 מ""ל",קוסמופארם,IL,קרמה,יח',1.00,יח',false,,12.90,12.9000,true,1,39384
7290012117732,false,מקסימה מרכך כביסה ארומתרפי קול סנו 4 ליטר,"סנו מפעלי ברונוס בע""\מ",IL,מקסימה,ליטרים,4.00,ליטר,false,,21.90,5.4750,true,1,39394
7290012117916,false,אינסטלטור נוזל לפתיחת סתימות סנו 1 ליטר,"סנו מפעלי ברונוס בע""",IL,סנו אינסטלטור,ליטרים,1.00,ליטר,false,,26.90,26.9000,true,1,39396
7290012191985,false,גפרור קטן מנורה,S.M.P.L,IN,S.M.P.L,יח',10.00,יח',false,,2.50,0.2500,true,1,61056
7290012191992,false,גפרורי בטיחות - גפרורים ארוכים,מנורה,IN,S.M.P.L,יח',45.00,יח',false,,4.90,0.1089,true,1,61057
7290012226120,false,"קבנוס 135 גרם ""זוגלובק""",נקניק נהריה כשר זוגל,IL,זוגלובק,גרמים,135.00,100 גרם,false,,9.90,0.0733,true,1,59380
7290012226922,false,קבנוס בטעם שום זוגלובק 135 גרם,נקניק נהריה כשר זוגל,IL,זוגלובק,גרמים,135.00,100 גרם,false,,9.90,0.0733,true,1,59386
7290012226939,false,קבנוס עם צ'ילי חריף זוגלובק 135 גרם,נקניק נהריה כשר זוגל,IL,זוגלובק,גרמים,135.00,100 גרם,false,,9.90,0.0733,true,1,59387
7290012227172,false,חרמן הודו בדבש וברביקיו זוג במארז 600 ג' זוגלובק,נקניק נהריה כשר זוגל,IL,זוגלובק,גרמים,600.00,100 גרם,false,,25.90,0.0432,true,1,59394
7290012227325,false,סלמי דק דק מעושן איטלקי 120 ג' זוגלובק,זוגלובק,IL,זוגלובק,גרמים,120.00,100 גרם,false,,12.90,0.1075,true,1,59396
7290012227615,false,נקניקיות עוף זוגלובק 800 ג' מחפוד,זוגלובק,IL,זוגלובק,גרמים,800.00,100 גרם,false,,23.90,0.0299,true,1,59402
7290012227776,false,פסטרמה חרמון הודו מחפוד 400 גר',זוגלובק,IL,זוגלובק,גרמים,400.00,100 גרם,false,,19.90,0.0497,true,1,59406
7290012227912,false,קבנוס מעודן זוגלובק 135 גרם,זוגלובק,IL,זוגלובק,גרמים,135.00,100 גרם,false,,9.90,0.0733,true,1,59410
7290012227974,false,פסטרמה הודו בדבש טהור דק דק דק,זוגלובק,IL,זוגלובק,גרמים,120.00,100 גרם,false,,12.90,0.1075,true,1,59411
7290012227981,false,פסטרמה דק דק ברביקיו 120 ג' זוגלובק,זוגלובק,IL,זוגלובק,גרמים,120.00,100 גרם,false,,12.90,0.1075,true,1,59412
7290012227998,false,פסטרמה דק דק חזה בקר 120 ג' זוגלובק,זוגלובק,IL,זוגלובק,גרמים,120.00,100 גרם,false,,12.90,0.1075,true,1,59413
7290012228124,false,קבנוס סטיקס עם נגיעות מלח ים סדרת ריינהולד'ס,זוגלובק,IL,זוגלובק,גרמים,50.00,100 גרם,false,,9.90,0.1980,true,1,59416
7290012228261,false,נקנקיות קנקרס הודו ועוף ריינהולד'ס זוגלובק 300 ג',זוגלובק,IL,זוגלובק,גרמים,300.00,100 גרם,false,,19.90,0.0663,true,1,59423
7290012228766,false,קבנוס מחפוד זוגלובק 120 גרם,זוגלובק,IL,קבנוס מחפוד 120 גרם,גרמים,120.00,100 גרם,false,,9.90,0.0825,true,1,59444
7290012275401,false,"בירה מולר בקבוק 500 מ""ל תוצרת יוון","סולימר מבשלת בירה בע""מ",GR,????,מיליליטרים,500.00,"100 מ""ל",false,,3.90,0.0078,true,1,37393
7290012309878,false,חלוה פיסטוק ששון הקולה 500 גרם,ששון הקולה,IL,ששון הקולה,גרמים,500.00,100 גרם,false,,14.90,0.0298,true,1,65311
7290012313073,false,מיקס זיתים מגולענים מרינד קבוצת יבנה 340 גרם,קבוצת יבנה,IL,מיקס זיתים מגולענים,גרמים,560.00,100 גרם,false,,10.90,0.0195,true,1,48081
7290012313240,false,מיקס זית ירוק וקלמטה קבוצת יבנה 560 גרם,קבוצת יבנה,IL,מיקס זית ירוק וקמלטה,גרמים,560.00,100 גרם,false,,11.50,0.0205,true,1,48084
7290012343148,false,גבינת שמנת 42%,מחלבת פרי זה לי,IL,מחלבת פרי זה לי,קילוגרמים,1.00,"ק""ג",true,,39.00,39.0000,true,1,30465
7290012367700,false,קרם גוף אינטנסיב רליף Intensive relief לעור יבש ומגורה,פישר מעבדות פרמצבטיות בע,IL,אפקטיב קר,מיליליטרים,700.00,"100 מ""ל",false,,32.90,0.0470,true,1,44883
7290012367717,false,קרם ידיים וציפורניים Intensive relief לעור יבש ומגורה,פישר מעבדות פרמצבטיות בע,IL,אפקטיב קר,מיליליטרים,150.00,"100 מ""ל",false,,15.90,0.1060,true,1,44884
7290012384479,false,עוגת שמרים תפוחים La Farina.,,,עוגת שמרים תפוחים פר,יח,1.00,יח,false,,29.90,29.9000,true,1,71360
7290012384493,false,עוגת שמרים חלבה שוקולד La Farina,General,IL,עוגת שמרים פרימיום ח,יח,1.00,יח,false,,29.90,29.9000,true,1,71361
7290012384561,false,עוגת שמרים גבינה La Farina,פילסברי,IL,עוגת שמרים פרימיום ג,יח,1.00,יח,false,,29.90,29.9000,true,1,71362
7290012384592,false,עוגת שמרים שוקולד La Farina,פילסברי,IL,עוגת שמרים פרימיום ש,יח,1.00,יח,false,,29.90,29.9000,true,1,71364
7290012404955,false,נקטר חמוציות ספרינג קולקשן 1.25 ליטר,יפאורה שותפות מובגלת לשיווק,IL,ספרינג,ליטרים,1.25,ליטר,false,,12.40,9.9200,true,1,43232
7290012413643,false,תה ירוק קמומיל ויסוצקי 25 יחידות,ויסוצקי ירוק,IL,ויסוצקי,גרמים,937.50,100 גרם,false,,19.90,0.0212,true,1,50942
7290012483233,false,אנשובי ארוך בשמן זית בצנצנת ויליפוד 80 גרם,קונסרבס,ES,אנשובי בשמן זית 80 ג,גרמים,80.00,100 גרם,false,,13.90,0.1738,true,1,40946
7290012483608,false,"אורז בסמטי DAAWAT מהדרין 5 ק""ג.",הנסיך- מפעל לייצור ט,IN,DAAWAT,קילוגרמים,5.00,"ק""ג",false,,49.90,9.9800,true,1,40948
7290012576362,false,יין ספיישל רזרב קברנה סוביניון 750 מל,יקבי ברקן שיווק והפצה בע,IL,ספיישל רזרב קברנה סו,מיליליטרים,750.00,"100 מ""ל",false,,54.90,0.0732,true,1,42679
7290012576607,false,"יין קברנה סוביניון פרמייר מלבק אדום ברקן 750 מ""ל","ברקן שיווק והפצה בע""",IL,פרמייר,מיליליטרים,750.00,"100 מ""ל",false,,22.90,0.0305,true,1,42683
7290012642036,false,"פסטה ""לה פסטה"" 400 ג' ספגטי 400 ג'",מוטלו,TR,לה פסטה,גרמים,400.00,100 גרם,false,,3.50,0.0088,true,1,53704
7290012642586,false,ערמונים קלופים תומר 100 ג',Tangshan huiyuan foo,CN,תומר,גרמים,100.00,100 גרם,false,,4.90,0.0490,true,1,53707
7290012645020,false,"יוגורט עיזים טבעי בבקבוק חלב הארץ 500 מ""ל",מחלבת סוסיא,IL,חלב הארץ,גרמים,500.00,100 גרם,false,,12.90,0.0258,true,1,48904
7290012645075,false,יוגורט כבשים יווני גביע 350 גרם חלב הארץ,חלב הארץ,IL,חלב הארץ,גרמים,350.00,100 גרם,false,,11.90,0.0340,true,1,48909
7290012645174,false,גבינת עיזים 5% חלב הארץ 200 גרם,חלב הארץ,IL,גבינת עיזים 5% 200 ג,גרמים,200.00,100 גרם,false,,13.90,0.0695,true,1,48916
7290012645280,false,יוגורט כבשים בסגנון יוני 5% חלב הארץ 150 גרם,מחלבות סוסיא,IL,חלב הארץ,גרמים,150.00,100 גרם,false,,4.90,0.0327,true,1,48918
7290012645297,false,יוגורט עיזים ביו 2.8% טעם טבעי חלב הארץ 150 גרם,מחלבות סוסיא,IL,חלב הארץ,גרמים,150.00,100 גרם,false,,4.90,0.0327,true,1,48919
7290012645389,false,יוגורט עיזים 3.7%בבקבוק חלב הארץ 1 ליטר,מחלבות סוסיא,IL,חלב הארץ,ליטרים,1.00,ליטר,false,,21.90,21.9000,true,1,48922
7290012665059,false,קובה למרק חמים וטעים,"חמים וטעים בע""מ",IL,"חמים וטעים בע""מ",גרמים,400.00,100 גרם,false,,12.90,0.0323,true,1,42049
7290012803055,false,סוכרלוז מרמולייט- 100שקיות אישיות,"קיפל טבליות וממתיקים בע""מ",IL,מרמולייט,גרמים,100.00,100 גרם,false,,19.90,0.1990,true,1,37931
7290012803215,false,וופל בלגי בטעם שוקולד ללא תוספת סוכר,בטר אנד דיפרנט,IL,טוסו,גרמים,200.00,100 גרם,false,,9.90,0.0495,true,1,37932
7290012803451,false,טוסו שוקולד מריר 62% מוצקי קקאו ללא תוספת סוכר 100 גרם,אלטינמארקה,TR,טוסו,גרמים,100.00,100 גרם,false,,8.90,0.0890,true,1,37937
7290012803789,false,טוסו שוקולד מריר עם אגוזים ללא תוספת סוכר 100 גרם,אלטינמארקה גידה סאן,TR,טוסו,גרמים,100.00,100 גרם,false,,8.90,0.0890,true,1,37942
7290012823381,false,מקסימה מרכך כביסה מרוכז סנסטיב בייבי סנו 1 ליטר,"סנו מפעלי ברונוס בע""\מ",IL,מקסימה,ליטרים,1.00,ליטר,false,,17.90,17.9000,true,1,39401
7290012823398,false,מטליות חד פעמיות לניקוי הרצפה בניחוח מרכך כביסה 10יח' סנו,סנו מפעלי ברונו בעמ,IL,ריצפז,יח',10.00,יח',false,,9.90,0.9900,true,1,39402
7290012823565,false,פוליויקס מטליות ענק לחות לפרקט סנו 10 יחידות,דינאמיק תעשיות,IL,פוליויקס,יח',10.00,יח',false,,14.90,1.4900,true,1,39405
7290012823589,false,ריצפז פרש בניחוח לימון מרענן,סנו פרש Fresh,IL,ריצפז,ליטרים,2.00,ליטר,false,,14.90,7.4500,true,1,39406
7290012850073,false,מחית בוליווד סלט פירות 190 גרם,בילובד Beloved,SK,BELOVED,גרמים,190.00,100 גרם,false,,5.90,0.0311,true,1,49882
7290012864001,false,נבטי חמנייה ארוז א.אדמה,קרונוס,IL,נבטי חמניה,1,1.00,1,false,,8.90,8.9000,true,1,62443
7290012864025,false,נבטי אלפא אלפא ארוז א.אדמה,קרלסברג יבוא יצוא,IL,נבטים אלפלפא,1,1.00,1,false,,5.90,5.9000,true,1,62444
7290012931925,false,זוג ננסים כסף זהב יח,מ.א ייצור ושיווק מטל,CN,Shiny,יח',2.00,יח',false,,4.90,2.4500,true,1,35244
7290012938580,false,"סנסודיין משחת שיניים להלבנה עדינה 75 מ""ל",גלקסוסמית'\קליין קונסיומ,GB,סנסודיין הלבנה עדינה,גרמים,75.00,100 גרם,false,,21.90,0.2920,true,1,40442
7290012938740,false,"משחת שיניים פרש מינט מנטה 75מ""ל סנסודיין",גלקסו סמית קליין,GB,סנסודיין,מיליליטרים,75.00,"100 מ""ל",false,,21.90,0.2920,true,1,40444
7290012938924,false,אקוהפרש מי פה ללא אלכוהול 500 מל,מולינו ניקולי s.p.a,GB,*מבצע* אקווה פרש מי,מיליליטרים,500.00,"100 מ""ל",false,,12.90,0.0258,true,1,40445
7290012962165,false,כפפות משק בית איזי טאץ אינטרסאן,B.H.R. & P.P,CN,איזי טאצ',יח',2.00,יח',false,,3.90,1.9500,true,1,35179
7290012962578,false,צימרוני אוזניים עץ בקופסא 300 יחידות אינטרסאן,הדקלאים אגודת שיתופי,CN,כוטון סופט,יח',300.00,יח',false,,6.90,0.0230,true,1,35185
7290012962684,false,"הוסטס שקיות צליה ג'מבו 50X35 ס""מ בקופסה 5 יח'",הוסטס Hostess,TR,הוסטס,יח',5.00,יח',false,,3.50,0.7000,true,1,35186
7290012982927,false,פילה לברק 5-7 קפוא.,"יאנגגינג סיפורט בע""מ",CN,פילה לברק 5-7 קפוא.,קילוגרמים,1.00,"ק""ג",true,,44.90,44.9000,true,1,36918
7290013068361,false,שמן זית אליעד כתית מ,אליעד בית בד בגולן,IL,שמן זית אליעד 750 מל,מיליליטרים,750.00,"100 מ""ל",false,,31.90,0.0425,true,1,55619
7290013068682,false,שמן זית כתית מעולה 750 מ,אליעד בית בד בגולן,IL,שמן זית אליעד 750 מל,מיליליטרים,750.00,"100 מ""ל",false,,31.90,0.0425,true,1,55621
7290013068705,false,שמן זית ישראלי כתית750מ,אליעד בית בד בגולן,IL,שמן זית אליעד 750 מל,מיליליטרים,750.00,"100 מ""ל",false,,31.90,0.0425,true,1,55623
7290013083661,false,"מטרנה אקסטרה קר שלב 1 חסכון 700 גרם תמ""ל",מטרנה תעשיות ש.מ,IL,מטרנה,גרמים,700.00,100 גרם,false,,58.90,0.0841,true,1,33712
7290013117212,false,בורקס פילו במילוי גבינה מעדנות 600 גר,מיוצר עי קונדיטוריית,IL,מעדנות,גרמים,600.00,100 גרם,false,,19.90,0.0332,true,1,58566
7290013117229,false,"בורקס פילו במילוי תפו""א מעדנות 600 גר",מיוצר עי קונדיטוריית,IL,מעדנות,גרמים,600.00,100 גרם,false,,19.90,0.0332,true,1,58567
7290013117236,false,בורקס פילו פיצה מעדנות 600 גרם,מיוצר עי קונדיטוריית,IL,מעדנות,גרמים,600.00,100 גרם,false,,19.90,0.0332,true,1,58568
7290013117243,false,בורקס פילו בולגרית מעדנות 600 גרם,מיוצר עי קונדיטוריית,IL,מעדנות,גרמים,600.00,100 גרם,false,,19.90,0.0332,true,1,58569
7290013117410,false,בצק פריך מרודד למאפים מתוקים 900 ג' מעדנות,מיוצר עי קונדיטוריית,IL,מעדנות,גרמים,900.00,100 גרם,false,,19.90,0.0221,true,1,58570
7290013117427,false,בצק פריך מרודד למאפים מלוחים מעדנות 2*450 גרם,מיוצר עי קונדיטוריית,IL,מעדנות,גרמים,900.00,100 גרם,false,,19.90,0.0221,true,1,58571
7290013117526,false,בצק שמרים מרודד למאפים מתוקים מעדנות 900 גרם,"מעדנות בע""\מ",IL,מעדנות,גרמים,900.00,100 גרם,false,,19.90,0.0221,true,1,58572
7290013121028,false,לחם לבן 500 גרם ללא גלוטן גרין לייט,אביב קונדיטוריה מעול,IL,גרין לייט,גרמים,500.00,100 גרם,false,,17.90,0.0358,true,1,40446
7290013121035,false,לחם פשתן ללא גלוטן 500 גר קפוא,אביב קונדיטוריה מעול,IL,גרין לייט,גרמים,500.00,100 גרם,false,,18.90,0.0378,true,1,40447
7290013121103,false,רביעיית לחמניות סנדויץ ללא גלוטן 460 גרם,אביב קונדיטוריה מעול,IL,גרין לייט,גרמים,400.00,100 גרם,false,,17.90,0.0447,true,1,40448
7290013121127,false,לחמניות מיני ללא גלוטן גרין לייט 6 יחידות,אביב קונדיטוריה מעול,IL,גרין לייט,גרמים,420.00,100 גרם,false,,15.80,0.0376,true,1,40449
7290013121158,false,לחמניות סנדוויץ ללא גלוטן גרין לייט 4 * 115 גרם,אביב קונדיטוריה מעול,IL,גרין לייט,גרמים,460.00,100 גרם,false,,17.90,0.0389,true,1,40450
7290013121165,false,לחמניות נקניקיה ללא גלוטן גרין לייט 6 * 77 גרם,אביב קונדיטוריה מעול,IL,גרין לייט,גרמים,460.00,100 גרם,false,,17.90,0.0389,true,1,40451
7290013121776,false,לחם כפרי ללא תוספת סוכר וללא גלוטן,אביב קונדיטוריה מעול,IL,גרין לייט,גרמים,700.00,100 גרם,false,,18.90,0.0270,true,1,40452
7290013144157,false,תערובת להכנת סחלב 130גרם,א.ל ייצור ושיווק תבלינים,IL,א.ל ייצור ושיווק תבלינים,גרמים,130.00,100 גרם,false,,6.90,0.0531,true,1,36176
7290013144171,false,מיימונס תערובת עוגת שוקולד 560 גרם.,א.ל ייצור ושיווק תבלינים,IL,א.ל ייצור ושיווק תבלינים,גרמים,560.00,100 גרם,false,,16.90,0.0302,true,1,36177
7290013144232,false,מיימונס פודינג בטעם וניל 80 גרם,א.ל ייצור ושיווק תבלינים,IL,א.ל ייצור ושיווק תבלינים,גרמים,80.00,100 גרם,false,,4.90,0.0613,true,1,36179
7290013144263,false,תערובת מאלבי להכנה מהירה מיימונס 112 גרם,א.ל ייצור ושיווק תבלינים,IL,א.ל ייצור ושיווק תבלינים,גרמים,112.00,100 גרם,false,,9.90,0.0884,true,1,36181
7290013144270,false,תערובת להכנת קרם פטיסייר מיימונס 100 גרם,א.ל ייצור ושיווק תבלינים,IL,א.ל ייצור ושיווק תבלינים,גרמים,100.00,100 גרם,false,,9.90,0.0990,true,1,36182
7290013144317,false,מימונס ג'וני גלילית וופל למילוי 18 יחידות,הנסיך- מפעל לייצור ט,IL,הגביע,יח',18.00,יח',false,,17.90,0.9944,true,1,36184
7290013144393,false,"תמצית בטעם וניל מימונס 50 מ""ל",א.ל ייצור ושיווק תבלינים,IL,א.ל ייצור ושיווק תבלינים,גרמים,50.00,100 גרם,false,,4.90,0.0980,true,1,36185
7290013144409,false,תמצית בטעם רום מימונס 50 גרם,א.ל ייצור ושיווק תבלינים,IL,א.ל ייצור ושיווק תבלינים,גרמים,50.00,100 גרם,false,,4.90,0.0980,true,1,36186
7290013144539,false,צבע מאכל אדום מימונס 50 גרם,א.ל ייצור ושיווק תבלינים,IL,א.ל ייצור ושיווק תבלינים,מיליליטרים,50.00,"100 מ""ל",false,,4.30,0.0860,true,1,36191
7290013144614,false,"מיימונס סירופ מייפל אמיתי 100% מקנדה 236 מ""ל",הנסיך- מפעל לייצור ט,DK,LES INDUSRIES,מיליליטרים,236.00,"100 מ""ל",false,,29.90,0.1267,true,1,36193
7290013144751,false,סירופ בטעם מייפל מימונס 500 גרם,א.ל ייצור ושיווק תבלינים,IL,א.ל ייצור ושיווק תבלינים,גרמים,500.00,100 גרם,false,,13.90,0.0278,true,1,36194
7290013145024,false,מיימונס אגוז מלך טחון 100 גרם,א.ל ייצור ושיווק תבלינים,IL,א.ל ייצור ושיווק תבלינים,גרמים,100.00,100 גרם,false,,13.80,0.1380,true,1,36197
7290013145031,false,אגוזי לוז מסוכרים מיימונס 100 גרם,א.ל ייצור ושיווק תבלינים,IL,א.ל ייצור ושיווק תבלינים,גרמים,100.00,100 גרם,false,,13.90,0.1390,true,1,36198
7290013145055,false,פרג שלם מיימונס 100 גרם,א.ל ייצור ושיווק תבלינים,IL,א.ל ייצור ושיווק תבלינים,גרמים,100.00,100 גרם,false,,6.90,0.0690,true,1,36199
7290013145093,false,שקד מולבן גרוס מיימונס 100 גרם,א.ל ייצור ושיווק תבלינים,IL,א.ל ייצור ושיווק תבלינים,גרמים,100.00,100 גרם,false,,12.90,0.1290,true,1,36201
7290013145109,false,שקד מולבון טחון מימונס 100 גרם,א.ל ייצור ושיווק תבלינים,IL,א.ל ייצור ושיווק תבלינים,גרמים,100.00,100 גרם,false,,12.90,0.1290,true,1,36202
7290013145116,false,מיימונס שקד מולבן מקלות 100 גרם.,א.ל ייצור ושיווק תבלינים,IL,א.ל ייצור ושיווק תבלינים,גרמים,100.00,100 גרם,false,,12.90,0.1290,true,1,36203
7290013145123,false,מיימונס שקד מולבן פרוס 100 גרם,א.ל ייצור ושיווק תבלינים,IL,א.ל ייצור ושיווק תבלינים,גרמים,100.00,100 גרם,false,,12.90,0.1290,true,1,36204
7290013145178,false,קוקוס טחון לבן מיימונס 100 גרם,א.ל ייצור ושיווק תבלינים,IL,א.ל ייצור ושיווק תבלינים,גרמים,100.00,100 גרם,false,,4.50,0.0450,true,1,36207
7290013145192,false,שומשום מיימונס 100 גרם,א.ל ייצור ושיווק תבלינים,IL,א.ל ייצור ושיווק תבלינים,גרמים,100.00,100 גרם,false,,4.60,0.0460,true,1,36208
7290013145215,false,שומשום מימונס 400 גרם,א.ל ייצור ושיווק תבלינים,IL,א.ל ייצור ושיווק תבלינים,גרמים,400.00,100 גרם,false,,14.90,0.0373,true,1,36209
7290013145277,false,עלים לקרמשניט מימונס 300 גרם,מימונס אפייה,IT,מימונס,גרמים,300.00,100 גרם,false,,14.90,0.0497,true,1,36211
7290013145390,false,שוקולד צ'יפס מיימונס 250 גרם,אינטרגטה תעשיות מזון 19),IL,אינטרגטה,גרמים,250.00,100 גרם,false,,6.90,0.0276,true,1,36212
7290013145437,false,שוקולד מריר מעולה ציפס מימונס 250 ג',אינטרגטה תעשיות מזון 19),IL,אינטרגטה,גרמים,250.00,100 גרם,false,,13.90,0.0556,true,1,36214
7290013145444,false,שוקולד מריר מעולה ציפס 66% מימונס 250 ג',המאפיה של הרמן,IL,אינטרגטה,גרמים,250.00,100 גרם,false,,15.90,0.0636,true,1,36215
7290013145628,false,סוכריות צבעוניות לקישוט מימונס 200 גרם,א.ל ייצור ושיווק תבלינים,IL,א.ל ייצור ושיווק תבלינים,גרמים,200.00,100 גרם,false,,8.90,0.0445,true,1,36220
7290013145710,false,מיימונס דובדבנים מסוכרים 100 גרם,א.ל ייצור ושיווק תבלינים,IL,א.ל ייצור ושיווק תבלינים,גרמים,100.00,100 גרם,false,,9.90,0.0990,true,1,36221
7290013145826,false,פודניג בטעם וניל לבן במיוחד מימונס 80 ג',א.ל ייצור ושיווק תבלינים,IL,א.ל ייצור ושיווק תבלינים,גרמים,80.00,100 גרם,false,,4.90,0.0613,true,1,36222
7290013145840,false,סוכר וניל מיימונס 10 יחידות,א.ל ייצור ושיווק תבלינים,IL,י. כהן,גרמים,100.00,100 גרם,false,,2.20,0.0220,true,1,36224
7290013145857,false,אבקת אפיה מיימונס 10 יחידות,מימונס אפייה,IL,י. כהן,גרמים,100.00,100 גרם,false,,2.20,0.0220,true,1,36225
7290013145901,false,סודה לשתיה מיימונס 100 גרם,א.ל ייצור ושיווק תבלינים,IL,א.ל ייצור ושיווק תבלינים,גרמים,100.00,100 גרם,false,,1.90,0.0190,true,1,36228
7290013145918,false,אבקת סוכר מיימונס 100 גרם,א.ל ייצור ושיווק תבלינים,IL,א.ל ייצור ושיווק תבלינים,גרמים,100.00,100 גרם,false,,1.90,0.0190,true,1,36229
7290013145949,false,אבקת סוכר פטנט מימונס 250 גרם,א.ל ייצור ושיווק תבלינים,IL,א.ל ייצור ושיווק תבלינים,גרמים,250.00,100 גרם,false,,15.90,0.0636,true,1,36230
7290013145956,false,שמרים יבשים בוואקום מיימונס 500 גרם,הנסיך- מפעל לייצור ט,CN,ANGEL YEAST,גרמים,500.00,100 גרם,false,,13.90,0.0278,true,1,36231
7290013145963,false,שמרים יבשים בוואקום מיימונס 125 גרם,מימונס אפייה,CN,ANGEL YEAST,גרמים,125.00,100 גרם,false,,5.90,0.0472,true,1,36232
7290013145970,false,קורנפלור מימונס בשקית 200 ג',א.ל ייצור ושיווק תבלינים,IL,א.ל ייצור ושיווק תבלינים,גרמים,200.00,100 גרם,false,,3.90,0.0195,true,1,36233
7290013146007,false,מיימונס מלית פרג 400 גרם,א.ל ייצור ושיווק תבלינים,IL,א.ל ייצור ושיווק תבלינים,גרמים,400.00,100 גרם,false,,15.90,0.0398,true,1,36234
7290013146274,false,מארז תחתיות מרנג 8 יחידות 100 גרם,סטולורגן - פארק תעשיה בל,IE,מימוס,גרמים,100.00,100 גרם,false,,15.90,0.1590,true,1,36236
7290013146663,false,אטריות צבעוניות לקישוט מימונס 55 גרם,"מימונס אפיה בע""מ",IL,מימונס,גרמים,55.00,100 גרם,false,,11.90,0.2164,true,1,36242
7290013153586,false,"משקה פירות יער קפוא פריגת 340 מ""ל",היינץ צפון אמריקה מק,IL,פריז_א,גרמים,345.00,100 גרם,false,,9.90,0.0287,true,1,48272
7290013153593,false,תפוזים מתקתק 100% פריגת 1 ליטר,"גת גבעת חיים,",IL,פריגת,ליטרים,1.00,ליטר,false,,11.90,11.9000,true,1,48273
7290013261038,false,קממבר גבינה בשלה עם עובש 250 גרם,פרומאגי' ליס דהאור,FR,מכבי,גרמים,250.00,100 גרם,false,,29.90,0.1196,true,1,55703
7290013267665,false,סולרו מיני קלאסי - פירות טרופיים (חלבי),"מיוצר ע""\י גלידת שטראוס",IL,סולרו,גרמים,354.00,100 גרם,false,,23.90,0.0675,true,1,37291
7290013268020,false,מקסימה מרכך כביסה מרוכז בניחוח אולטרא פרש סנו 1 ליטר,"סנו מפעלי ברונוס בע""\מ",IL,מקסימה,ליטרים,1.00,ליטר,false,,17.90,17.9000,true,1,39417
7290013268037,false,מקסימה מרכך כביסה מרוכז בניחוח לבנדר פצ'ולי סנו 1 ליטר,"סנו מפעלי ברונוס בע""\מ",IL,מקסימה,ליטרים,1.00,ליטר,false,,17.90,17.9000,true,1,39418
7290013268242,false,תרכיז ריחני לניקוי רצפות בריח מלון מפנק ריצפז פרש,"סנו מפעלו ברונוס בע""\מ",IL,ריצפז,ליטרים,2.00,ליטר,false,,21.90,10.9500,true,1,39423
7290013268440,false,אורביטול צמד מברשות שיניים בובספוג+פיגור,החברה הדרומית,CN,אורביטול,יח',2.00,יח',false,,16.90,8.4500,true,1,39425
7290013268563,false,"קרמה - דאודורנט ספריי לגבר ללא אלומיניום כחול קול 200 מ""ל",מיוצר עי אמיליה קוסמ,IL,קרמה מן,מיליליטרים,200.00,"100 מ""ל",false,,12.90,0.0645,true,1,39427
7290013268839,false,פוליויקס פרקט-תרכיז ריחני לניקוי רצפות עץ,"סנו מפעלי ברונוס בע""\מ",IL,פוליויקס,ליטרים,2.00,ליטר,false,,19.90,9.9500,true,1,39437
7290013268884,false,"נוזל רצפות מאסק 2 ליטר ""ריצפז פרש""",מיוצר עי קונדיטוריית,IL,ריצפז,ליטרים,2.00,ליטר,false,,14.90,7.4500,true,1,39438
7290013268891,false,אוקסיג'ן ג'ל ללא אקונומיקה עם חמצן פעיל סנו 3 ליטר,"סנו מפעלי ברונוס בע""\מ",IL,אוקסיג'ן,ליטרים,3.00,ליטר,false,,26.90,8.9667,true,1,39439
7290013268907,false,ג'ל כביסה ביו בטמפרטורות נמוכות,"סנו מפעלי ברונוס בע""\מ",IL,מקסימה,ליטרים,3.00,ליטר,false,,28.90,9.6333,true,1,39440
7290013268983,false,מרכך כביסה סופר מרוכז בבישום עוצמתי סנו מקסימה 1 ל',"סנו מפעלי ברונוס בע""\מ",IL,מקסימה,ליטרים,1.00,ליטר,false,,17.90,17.9000,true,1,39442
7290013268990,false,מרכך כביסה מרוכז לבן ביו סנו מקסימה 1 ליטר,"סנו מפעלי ברונוס בע""\מ",IL,מקסימה,ליטרים,1.00,ליטר,false,,17.90,17.9000,true,1,39443
7290013269003,false,מרכך כביסה סופר מרוכז בייבי לתינוקות ולעור רגיש,"סנו מפעלי ברונוס בע""\מ",IL,מקסימה,ליטרים,1.00,ליטר,false,,17.90,17.9000,true,1,39444
7290013269157,false,"מרכך מבשם למייבש כביסה לבנדר סנו מקסימה 750 מ""ל",סנו מקסימה,,מקסימה למייבש,מיליליטרים,750.00,"100 מ""ל",false,,17.90,0.0239,true,1,39446
7290013269263,false,ג'ל כביסה מרוכז מקסימה בבישום קריסטל נואר,סנו מפעלי ברונוס בעמ,IL,מקסימה,ליטרים,3.00,ליטר,false,,28.90,9.6333,true,1,39447
7290013269287,false,סנו - מקסימה ג'ל כביסה מרוכז מאסק 3 ליטר,"סנו מפעלי ברונוס בע""\מ",IL,מקסימה,ליטרים,3.00,ליטר,false,,28.90,9.6333,true,1,39448
7290013269300,false,ניילון נצמד פלוס סנו סושי 150 מטר,"מיוצר בהונג קונג, סי",IL,סנו סושי,מטרים,150.00,מטר,false,,20.90,0.1393,true,1,39449
7290013269621,false,ריצפז פרש לניקוי רצפות בניחוח מלון בוטיק,מיוצר עי קונדיטוריית,IL,ריצפז,ליטרים,2.00,ליטר,false,,21.90,10.9500,true,1,39452
7290013269638,false,ספוג הפלא אקסטרה Extra- מארז 6 יח',החברה הדרומית,IL,סנו סושי,יח',6.00,יח',false,,9.90,1.6500,true,1,39453
7290013269645,false,ריצפז פרש מטליות לחות לריצפה בניחוח מאסק 10 יחידות,סנו מפעלי ברונוס בעמ,IL,ריצפז,יח',10.00,יח',false,,9.90,0.9900,true,1,39454
7290013269751,false,מטליות לחותריצפז פרש לניקוי ריצפה בניחות מלון בוטיק 10 יח' סנו,טרופיקל דגיל תעשיות,IL,ריצפז,יח',10.00,יח',false,,9.90,0.9900,true,1,39459
7290013269850,false,נייר אפיה אקולוגי סנו סושי 50 יחידות,מולינו ניקולי s.p.a,IL,סנו סושי,יח',50.00,יח',false,,14.90,0.2980,true,1,39462
7290013269867,false,סנו סושי זוג מפות אירוח צבעים שונים,מיוצר עי קונדיטוריית,IL,סנו סושי,יח',2.00,יח',false,,9.90,4.9500,true,1,39463
7290013284310,false,רוטב פסטה לילדים פריניר 240 גרם,פריניר ( הדס 1987) ב,IL,פריניר,גרמים,240.00,100 גרם,false,,4.90,0.0204,true,1,37662
7290013284662,false,רוטב פיצה פיתה לילדים 240 ג' פריניר,פריניר ( הדס 1987) ב,IL,פריניר,גרמים,240.00,100 גרם,false,,4.90,0.0204,true,1,37663
7290013310378,false,כפפות ניטריל S כחולות ללא אבקה 80 יח' EASY TOUCH,איזי טאץ' Easy touch,TH,איזי טאצ',יח',80.00,יח',false,,24.90,0.3112,true,1,35196
7290013310385,false,כפפות ניטריל M כחולות ללא אבקה 80 יח' EASY TOUCH,איזי טאץ' Easy touch,TH,איזי טאצ',יח',80.00,יח',false,,24.90,0.3112,true,1,35197
7290013358356,false,מאסטר שף - פירורי לחם מוזהבים 320 גרם,מנה י.א בעמ,IL,מנה,גרמים,320.00,100 גרם,false,,6.90,0.0216,true,1,54341
7290013358431,false,מאסטר שף קרוטונים לסלט עגבניות ובזיליקום,עינת תעשיות מזון אגו,IL,קרוטונים לסלט 200ג,גרמים,200.00,100 גרם,false,,11.90,0.0595,true,1,54348
7290013358462,false,"מיני קרוטונים למרק בתיבול שום, בצל ופטרוזיליה","עינת תעשיות מזון, אגשח ב",IL,מאסטר שף,גרמים,350.00,100 גרם,false,,15.90,0.0454,true,1,54350
7290013358547,false,מאסטר שף אסייאתי רוטב צ'ילי חריף 700 מל,קי.אר.אס. ספייסי פוד,TH,מנה מאסטר שף,מיליליטרים,700.00,"100 מ""ל",false,,11.90,0.0170,true,1,54357
7290013358578,false,מנה אסייאתי אטריות אורז רחבות 400 ג מ.שף,ליינג טונג רייספלוור,TH,מנה מאסטר שף,גרמים,400.00,100 גרם,false,,7.90,0.0198,true,1,54358
7290013358585,false,מנה אסייאתי נודלס ביצים להקפצה 400 מ.שף,הנסיך- מפעל לייצור ט,CN,נודלס ביצים להקפצה מנה,גרמים,400.00,100 גרם,false,,7.90,0.0198,true,1,54359
7290013412409,false,טופ פד סופגנית מקסי,DPL,IL,די פי אל,יח,15.00,יח,false,,8.90,0.5933,true,1,49885
7290013440648,false,מאגדת שלגוני אבטיח נסטלה 5 יחידות,גלידות נסטלה )נגה גלידות,IL,גלידות נסטלה,גרמים,540.00,100 גרם,false,,25.90,0.0480,true,1,46028
7290013472199,false,ערמונים קלופים וקלויים 105 גרם,בייג'גג פוינונג,CN,וילי פוד,גרמים,100.00,100 גרם,false,,4.90,0.0490,true,1,40950
7290013492005,false,אמא אדמה תפוח אדמה למיקרו 700 גר',שרווין ווליאמס,IL,"תפו""א אדום/לבן למיקרו",יח',1.00,יח',false,,6.90,6.9000,true,1,62454
7290013520067,false,לחמניות אצבע ארוז 10 יח,מאפיית אגמי,IL,לחמניה עשיריה ארוז,יח',10.00,יח',false,,13.90,1.3900,true,1,59192
7290013520111,false,מארז לחמניות המבורגר,מאפיית אגמי,IL,אגמי,גרמים,600.00,100 גרם,false,,13.90,0.0232,true,1,59195
7290013520142,false,לחמניה קלה ביס 8 יחידות,מאפיית אגמי,,לחם בריאות זיתים,100 יח',8.00,100 יח',false,,13.90,1.7375,true,1,59197
7290013520463,false,לחם בריאות ושובע כוס,מאפיית אגמי,,לחם כוסמין 600 גרם,גרמים,600.00,100 גרם,false,,15.90,0.0265,true,1,59199
7290013520500,false,לחמניה ביס כוסמין מלא 8יח,מאפיית אגמי,IL,לחמניות כוסמין 8 יח,גרמים,400.00,100 גרם,false,,15.90,0.0398,true,1,59201
7290013525253,false,שמיר טחינה מיוחדת 16,"סלטי שמיר 2006 בע""מ",IL,סלטי שמיר,גרמים,160.00,100 גרם,false,,5.90,0.0369,true,1,50638
7290013525260,false,שמיר חציל במיונז 160,"סלטי שמיר 2006 בע""מ",IL,סלטי שמיר,גרמים,160.00,100 גרם,false,,5.90,0.0369,true,1,50639
7290013525710,false,חומוס עם טחינה 160 גרם,"סלטי שמיר 2006 בע""מ",IL,סלטי שמיר,גרמים,160.00,100 גרם,false,,5.90,0.0369,true,1,50640
7290013525789,false,אריסה מרוקאית שמיר 150 גר',"סלטי שמיר 2006 בע""מ",IL,סלטי שמיר,גרמים,150.00,100 גרם,false,,9.90,0.0660,true,1,50641
7290013525802,false,סחוג תימני אדום 150 גר' שמיר,"סלטי שמיר 2006 בע""מ",IL,סלטי שמיר,גרמים,150.00,100 גרם,false,,9.90,0.0660,true,1,50643
7290013525819,false,סלט שום כתוש שמיר 15,"סלטי שמיר 2006 בע""מ",IL,סלטי שמיר,גרמים,150.00,100 גרם,false,,9.90,0.0660,true,1,50644
7290013531117,false,רוטב פסטה לילדים 240 גרם יכין,"זנלכל בע""\מ",IL,רוטב פסטה בולונז 260 גרם,גרמים,240.00,100 גרם,false,,5.50,0.0229,true,1,41643
7290013531490,false,שעועית לבנה אפויה יכין,זנלכל,IL,פול מתובל יכין 550 ג,גרמים,550.00,100 גרם,false,,9.90,0.0180,true,1,41645
7290013531612,false,רוטב לפסטה נפוליטנה יכין 240 גרם,זנלכל,IL,רוטב פסטה 260 גרם,גרמים,240.00,100 גרם,false,,5.50,0.0229,true,1,41647
7290013531759,false,שעועית אפויה במים יכין 330 גרם,"זנלכל בע""\מ",IL,שעועית אפויה יכין 580 גרם,גרמים,550.00,100 גרם,false,,9.90,0.0180,true,1,41654
7290013540874,false,נתחי טונה בשמן קנולה414,תעשיות פילטונה,IL,פילטונה בשמן 414 גרם,גרמים,414.00,100 גרם,false,,13.90,0.0336,true,1,59029
7290013558824,false,תבלין רוקולה /בזיליקום 100 גר,ל. פלמינגו ישראל,IL,בזיליקום,גרמים,100.00,100 גרם,false,,7.50,0.0750,true,1,57734
7290013558855,false,לבבות חסה פלמינגו,ל. פלמינגו ישראל,IL,עלי רומית,יח',1.00,יח',false,,10.90,10.9000,true,1,57735
7290013580009,false,המבורגר זהב 400 גרם הקצביה בלדי,בלדי,IL,בלדי,גרמים,400.00,100 גרם,false,,15.90,0.0398,true,1,55432
7290013585233,false,"ספרייט ZERO פחית סליק 330 מ""ל",החברה המרכזית לייצור משקאות,IL,ספרייט,מיליליטרים,330.00,"100 מ""ל",false,,5.00,0.0152,true,1,38766
7290013585394,false,קוקה קולה 1ליטר בודד,החברה המרכזית לייצור משקאות,IL,קוקה קולה,ליטרים,1.00,ליטר,false,,6.90,6.9000,true,1,38775
7290013608260,false,מיץ רימונים 100%מיץ סחוט טרי מצונן 1ליט,"גניר (1992) בע""מ",IL,תוצרת מסחרית,ליטרים,1.00,ליטר,false,,22.90,22.9000,true,1,48925
7290013677822,false,"גריסי פנינה מיה 1 ק""ג",מיה תעשיות מזון מ.ת.מ. ב,IL,מיה,קילוגרמים,1.00,"ק""ג",false,,6.90,6.9000,true,1,44775
7290013677839,false,"בורגול יבש מיה 1 ק""ג","מיה תעשיות מזון בע""מ",IL,מיה,קילוגרמים,1.00,"ק""ג",false,,6.90,6.9000,true,1,44776
7290013702036,false,"שוופס ווטר 500 מ""ל- אפרסק",יפאורה שותפות מובגלת לשיווק,IL,שוופס,מיליליטרים,500.00,"100 מ""ל",false,,5.00,0.0100,true,1,43237
7290013702388,false,"שוופס מים ט.תפוח 500 מ""ל",יפאורה שותפות מובגלת לשיווק,IL,שוופס,מיליליטרים,500.00,"100 מ""ל",false,,5.00,0.0100,true,1,43242
7290013713049,false,"בירה גמס 8.8 איל בלגי מחוזקת 330 מ""ל","אביר הבר בע""מ",IL,בירה גיימס 0.33 ליטר,מיליליטרים,330.00,"100 מ""ל",false,,12.90,0.0391,true,1,35309
7290013787392,false,רביולי גבינות קלאסי פסטה ריקו 330 גרם,דודו איטליאן פרודקטס בע\,IL,פסטה ריקו,גרמים,330.00,100 גרם,false,,21.90,0.0664,true,1,52817
7290013787415,false,רביולי ריקוטה תרד פסטה ריקו 330 גרם,דודו איטליאן פרודקטס בע\,IL,פסטה ריקו,גרמים,330.00,100 גרם,false,,21.90,0.0664,true,1,52819
7290013847102,false,נתחי טונה בהירה בשמן - מארז שלישיה,סטארקיסט Starkist,TR,סטארקיסט,גרמים,240.00,100 גרם,false,,12.90,0.0538,true,1,56627
7290013847454,false,טונה סטארקיסט שמן קנולה רביעיות 4*160 גר,"טונה ויאטנם קו,. אל.טי.ד",VN,סטארקיסט,גרמים,640.00,100 גרם,false,,24.90,0.0389,true,1,56635
7290013847553,false,נתחי טונה בהירה במים דל נתרן - מארז רביעיה,"סטארקיסט פודור בע""מ",TH,סטארקיסט,גרמים,640.00,100 גרם,false,,24.90,0.0389,true,1,56637
7290013848017,false,תרסיס ניקוי והברקת נירוסטה,"סנו מפעלי ברונוס בע""מ",IL,סנו נירוסטה מתז 500,מיליליטרים,500.00,"100 מ""ל",false,,19.90,0.0398,true,1,39465
7290013848345,false,מארז מטליות לחיטוי וניקוי יסודי אנטיבקטריאלי 99.9%,סנו מפעלי ברונוס בעמ,IL,מטליות לחות לחיטוי ו,יח',150.00,יח',false,,17.80,0.1187,true,1,39467
7290013848611,false,רדיד אלומיניום עבה וחזק 61 מטר,סנו סושי,IL,רדיד אלומיניום צר עב,יחידה,0.00,יחידה,false,,39.90,0.0000,true,1,69415
7290013848758,false,מקסימה גל כביסה מרוכז בייבי 3ליטר סנסטיב,"סנו מפעלי ברונוס בע""\מ",IL,מקסימה,ליטרים,3.00,ליטר,false,,34.90,11.6333,true,1,39475
7290013883407,false,"דזיטול מרסס לחיטוי כללי יעקבי 750 מ""ל",יעקבי - דזיטול Desytol,ES,דזיטול,מיליליטרים,750.00,"100 מ""ל",false,,12.90,0.0172,true,1,43534
7290013906052,false,נקניקיות פרגיות טירת צבי 300 גרם,הנסיך- מפעל לייצור ט,IL,טירת צבי,גרמים,300.00,100 גרם,false,,10.90,0.0363,true,1,58505
7290013906205,false,פסטרמה עם שום וצילי טירת צבי 400 ג',הנסיך- מפעל לייצור ט,IL,טירת- צבי,גרמים,400.00,100 גרם,false,,25.90,0.0647,true,1,58506
7290013906212,false,"נקנקיות וינר טירת 1 ק""ג טירת צבי",הנסיך- מפעל לייצור ט,IL,טירת- צבי,קילוגרמים,1.00,"ק""ג",false,,22.90,22.9000,true,1,58507
7290013906236,false,סלמי גלבוע טירת צבי 400 גרם,הנסיך- מפעל לייצור ט,IL,טירת צבי,גרמים,400.00,100 גרם,false,,19.90,0.0497,true,1,58508
7290013906489,false,חטיפי מיני קבנוס טירת צבי 120 גרם,הנסיך- מפעל לייצור ט,IL,טירת- צבי,גרמים,120.00,100 גרם,false,,8.90,0.0742,true,1,58513
7290013906496,false,פסטרמה עגל בסגנון רומני טירת צבי 120 גר,הנסיך- מפעל לייצור ט,IL,טירת- צבי,גרמים,120.00,100 גרם,false,,12.90,0.1075,true,1,58514
7290013906694,false,נקניקיות שקית קילו וחצי טירת צבי,הנסיך- מפעל לייצור ט,IL,*מבצע* נקניקיות עוף,קילוגרמים,1.50,"ק""ג",false,,29.90,19.9333,true,1,58517
7290013906700,false,"נקניקיות הודו טירת צבי כשרות הרב מחפוד 1.5 ק""ג",טיב טירת צבי 2000,IL,"נקניקיות 1.5 ק""ג מחפ",קילוגרמים,1.50,"ק""ג",false,,37.90,25.2667,true,1,58518
7290013927101,false,"עוגת תפוחים לל""ס 450 גר' אחדות",אחדות ביחר לטחינה חל,IL,עוגת תפוחים ללא סוכר,גרמים,450.00,100 גרם,false,,11.90,0.0264,true,1,33180
7290013927200,false,עוגת שוקולד צ'יפס עשירה אחווה 400ג',אחדות ביחר לטחינה חל,IL,אחוה,גרמים,400.00,100 גרם,false,,10.90,0.0273,true,1,33185
7290013927996,false,עוגת שמרים קרנץ בטעם שוקולד אחוה 400 גרם,אחדות ביחר לטחינה חל,IL,אחוה,גרמים,400.00,100 גרם,false,,8.90,0.0223,true,1,33194
7290014002197,false,חליטת קמומיל ולימונית הגן הקסום ויסוצקי 25 יחידות,תה ויסוצקי,IL,ויסוצקי,גרמים,50.00,100 גרם,false,,16.90,0.3380,true,1,50953
7290014002203,false,חליטת לימונית ולואיזה הגן הקסום ויסוצקי 25 יחידות,תה ויסוצקי,IL,ויסוצקי,גרמים,50.00,100 גרם,false,,16.90,0.3380,true,1,50954
7290014002944,false,גן קסום חליטת פירות וצמחים חמדת שקד 25 שקיקים,תה ויסוצקי,IL,ויסוצקי,גרמים,75.00,100 גרם,false,,16.90,0.2253,true,1,50964
7290014002982,false,תה ירוק לימונית ולואיזה ויסוצקי 25 יחידות תוספת סטיביה,ויסוצקי ירוק,IL,ויסוצקי,גרמים,937.50,100 גרם,false,,19.90,0.0212,true,1,50965
7290014046016,false,פסטרמה של פעם דל שומן 2% רכיבים טבעיים,מעדני יחיעם,IL,יחיעם,גרמים,250.00,100 גרם,false,,24.90,0.0996,true,1,32654
7290014046047,false,צמד פסטרמות יחיעם 600 גרם,מעדני יחיעם 1993,IL,יחיעם,גרמים,600.00,100 גרם,false,,24.90,0.0415,true,1,32657
7290014046474,false,"נקניקיות עוף יחיעם 1.5 ק""ג",מעדני יחיעם,IL,יחיעם,קילוגרמים,1.50,"ק""ג",false,,26.90,17.9333,true,1,32659
7290014046757,false,סלמי תה מעדני יחיעם,מעדני יחיעם,IL,יחיעם,גרמים,300.00,100 גרם,false,,19.90,0.0663,true,1,32666
7290014066366,false,לנדוור-קפסולות אספרסו ריסטרטו(08) - 10יח'12X יח,קפה לנדוור,IL,לנדוור,גרמים,50.00,100 גרם,false,,16.90,0.3380,true,1,54368
7290014066373,false,לנדוור-קפסולות אספרסו קלאסיק(09) - 10יח'12X יח,קפה לנדוור,IL,לנדוור,גרמים,50.00,100 גרם,false,,16.90,0.3380,true,1,54369
7290014066380,false,לנדוור-קפסולות אספרסו סופרימו(10) - 10יח'12X יח,קפה לנדוור,IL,לנדוור,גרמים,50.00,100 גרם,false,,16.90,0.3380,true,1,54370
7290014066526,false,לנדוור-קפסולות אספרסו תערובת הבית(11) - 10יח'12X יח,קפה לנדוור,IL,לנדוור,גרמים,50.00,100 גרם,false,,16.90,0.3380,true,1,54376
7290014066533,false,לנדוור-קפסולות אספרסו קלייה כפולה(12) - 10יח'12X יח,קפה לנדוור,IL,לנדוור,גרמים,50.00,100 גרם,false,,16.90,0.3380,true,1,54377
7290014079014,false,לבבות קיסר ארוז נספק,"מרינה פטריות הגליל בע""מ",IL,לבבות קיסר,יח',1.00,יח',false,,9.90,9.9000,true,1,62800
7290014079540,false,שיני שום קלופות יחידה,"מרינה פטריות הגליל בע""מ",IL,שום מקולף ארוז,גרמים,1000.00,100 גרם,false,,29.90,0.0299,true,1,62805
7290014079847,false,פטריות בייבי בלה צמד מרינה,"מרינה פטריות הגליל בע""מ",IL,צמד פטריות בייבי בלה,יח',2.00,יח',false,,15.90,7.9500,true,1,62807
7290014079854,false,לבבות חסה ארץ הגליל מרינה,"מרינה פטריות הגליל בע""מ",IL,לבבות חסה ארוז,יח',1.00,יח',false,,10.90,10.9000,true,1,62808
7290014083806,false,עוגיות בטעם חמאה 350 גרם בפח,וילי פוד,PT,וילי פוד,גרמים,350.00,100 גרם,false,,10.90,0.0311,true,1,40973
7290014083813,false,שפרוטים מעושנים בשמן מריגה 190 גר',הנסיך- מפעל לייצור ט,LV,וילי פוד,גרמים,190.00,100 גרם,false,,7.90,0.0416,true,1,40974
7290014094260,false,שיני שום קלוף קמעונאי,יאנונינגלנאגג פרודיס לטד,CN,שום מקולף ארוז,גרמים,170.00,100 גרם,false,,9.90,0.0582,true,1,62810
7290014094543,false,"תרסיס שמן קנולה שקדיה 186 מ""ל",שקדיה,TR,שקדיה,מיליליטרים,170.00,"100 מ""ל",false,,9.90,0.0582,true,1,72082
7290014095861,false,שיבולת שועל דקה בשקית שקדיה 500 גרם,"דין שיווק וקלייה בע""",IL,"דין שיווק וקלייה בע""מ",גרמים,500.00,100 גרם,false,,5.90,0.0118,true,1,65365
7290014095960,false,שיבולת שועל עבה בשקית שקדיה 500 גרם,"דין שיווק וקלייה בע""",IL,"דין שיווק וקלייה בע""מ",גרמים,500.00,100 גרם,false,,5.90,0.0118,true,1,65368
7290014126343,false,בישוקטים בונומי וניל קקאו קקאו 200 גרם,דנשר,IT,דנש,גרמים,200.00,100 גרם,false,,5.90,0.0295,true,1,37944
7290014204010,false,"מרכך לשיער צבוע 750 מ""ל פנינה רוזנבלום",פנינה רוזנבלום,IL,פנינה רוזנבלום בע'מ,מיליליטרים,750.00,"100 מ""ל",false,,8.90,0.0119,true,1,47894
7290014204027,false,"שמפו לשיער חפיפה יומיומית 750 מ""ל פנינה רוזנבלום",פנינה רוזנבלום,IL,פנינה רוזנבלום בע'מ,מיליליטרים,750.00,"100 מ""ל",false,,8.90,0.0119,true,1,47895
7290014204683,false,"פנינה רוזנבלום- סבון נוזלי משאבה סגול,1 ליטר",פנינה רוזנבלום,IL,פנינה רוזנבלום בע'מ,ליטרים,1.00,ליטר,false,,9.90,9.9000,true,1,47904
7290014205000,false,צלחות גדולות 50 יחידות,,IL,צלחת גדולה לבן 50 יח,יח',50.00,יח',false,,12.90,0.2580,true,1,59690
7290014205017,false,צלחות קטנות 50 יחידות,,TR,צלחת קטנה לבן 50 יח,יח',50.00,יח',false,,8.90,0.1780,true,1,59691
7290014205024,false,קעריות אובלי לבן 25 יח,,TR,קעריות אובליות לבן 2,יח',25.00,יח',false,,5.90,0.2360,true,1,59692
7290014205031,false,לפתניה לבנה 25 יחי',,IL,לפתניות לבן 25 יח,יח',25.00,יח',false,,3.90,0.1560,true,1,59693
7290014205062,false,כוסות שקוף עובי1.7 100יח,,IL,כוסות שקוף 100 יח',יח',100.00,יח',false,,7.90,0.0790,true,1,59696
7290014205130,false,"צלחות גדול צבעוני ""שווה""",שווה,IL,צלחת גדולה צבעוני 25,יח',25.00,יח',false,,9.90,0.3960,true,1,59700
7290014205147,false,"צלחת קטן צבעוני ""שווה""",שווה,IL,צלחת קטנה צבעוני 25,יח',25.00,יח',false,,5.90,0.2360,true,1,59701
7290014205154,false,קערות אובליות צבעוני 25,שווה,IL,קעריות אובלי צבעוני,יח',25.00,יח',false,,5.90,0.2360,true,1,59702
7290014205161,false,ליפתניות צבעוני 25 י,שווה,IL,ליפתניות צבעוני 25 י,יח',25.00,יח',false,,3.90,0.1560,true,1,59703
7290014205659,false,לבבות דקל שלמים 400 גרם,CANNING INTERNATIONAL,MA,לבבות דקל שלם 400 גר,גרמים,400.00,100 גרם,false,,9.90,0.0248,true,1,59723
7290014206267,false,מפיות נייר מוטבעות 1,,,מפיות נייר מוטבעות 1,יח',15.00,יח',false,,4.90,0.3267,true,1,59725
7290014206519,false,שקיות הקפאה 200 יח,,,שקיות הקפאה 200 יח,יח',1.00,יח',false,,6.90,6.9000,true,1,59736
7290014217119,false,תערובת לצ'יפס בקופ' 100 גר' טעם וריח,"תבליני טעם וריח בע""מ",IL,"תבליני טעם וריח בע""מ",גרמים,100.00,100 גרם,false,,9.90,0.0990,true,1,56074
7290014217171,false,תערובת תיבול תיבול גריל דג מיכל 100ג',"תבליני טעם וריח בע""מ",IL,"תבליני טעם וריח בע""מ",גרמים,100.00,100 גרם,false,,9.90,0.0990,true,1,56078
7290014217225,false,גריל עוף בקופ' 120 גר' טעם וריח,"תבליני טעם וריח בע""מ",IL,"תבליני טעם וריח בע""מ",גרמים,120.00,100 גרם,false,,9.90,0.0825,true,1,56080
7290014217362,false,תיבול לקציצות בקופ' 100 גר' טעם וריח,"תבליני טעם וריח בע""מ",IL,"תבליני טעם וריח בע""מ",גרמים,100.00,100 גרם,false,,9.90,0.0990,true,1,56084
7290014217485,false,תיבול קייג'ון בקופ' 100 גר' טעם וריח,"תבליני טעם וריח בע""מ",IL,"תבליני טעם וריח בע""מ",גרמים,100.00,100 גרם,false,,9.90,0.0990,true,1,56088
7290014218321,false,בורקס אישי יפו גבינה מעדנות 600 גרם,מיוצר עי קונדיטוריית,IL,מעדנות,גרמים,600.00,100 גרם,false,,17.90,0.0298,true,1,58580
7290014218338,false,"בורקס אישי יפו תפו""א מעדנות 600 גרם",מיוצר עי קונדיטוריית,IL,מעדנות,גרמים,600.00,100 גרם,false,,15.90,0.0265,true,1,58581
7290014218932,false,חטיפי פיצה בתוספ זיתים בשקית מעדנות 710 גרם,מיוצר עי קונדיטוריית,IL,מעדנות,גרמים,650.00,100 גרם,false,,29.90,0.0460,true,1,58613
7290014256637,false,"יין מבעבע מוסקטו באזז יקבי כרמל 750 מ""ל",יקבי כרמל Carmel Winery,IL,סלקטד,מיליליטרים,750.00,"100 מ""ל",false,,27.90,0.0372,true,1,35312
7290014258723,false,תרכובת מזון צמחי לתינוקות מגיל 0 עד גיל שנה,מטרנה תעשיות ש.מ,IL,מטרנה,גרמים,700.00,100 גרם,false,,66.90,0.0956,true,1,33721
7290014288614,false,רדיד אלומיניום 30 מט,,,רדיד אלומיניום 30 מט,מטרים,30.00,מטר,false,,15.90,0.5300,true,1,59750
7290014288621,false,רדיד אלומיניום כוכבי,,,רדיד אלומיניום כוכבי,מטרים,30.00,מטר,false,,24.90,0.8300,true,1,59751
7290014288676,false,מגש אובלי בינוני צבעוני,שווה,IL,מגש אובלי בינוני צבע,יח',20.00,יח',false,,12.90,0.6450,true,1,59752
7290014288706,false,קערות סלט ענקיות 10 יחי',שווה,IL,קערה לסלט ענקית 10 י,יח',10.00,יח',false,,7.90,0.7900,true,1,59754
7290014288720,false,"כוסות ח""פ 40 יח 330CC",,IL,"כוסות 330 מ""ל 40 יח",יח',40.00,יח',false,,7.90,0.1975,true,1,59755
7290014288737,false,כוסות מעוטרות 40 יח',,,כוסות מעוטרות 40 יח',יח',40.00,יח',false,,11.90,0.2975,true,1,59756
7290014288980,false,נייר טישו חמישייה 10,,,נייר טישו חמישייה 10,יח',5.00,יח',false,,9.90,1.9800,true,1,59766
7290014338593,false,שמן קנולה 1 ליטר יוח,ברוקלמן,DE,יוחננוף,ליטרים,1.00,ליטר,false,,8.90,8.9000,true,1,60485
7290014350120,false,שמיכת חורף זוגית כבש,,,שמיכת חורף זוגית כבש,יחידה,1.00,יחידה,false,,79.90,79.9000,true,1,61164
7290014397163,false,"מטהר אוויר פרש הום פריחת השקד, ורד אנגלי וכותנה",סנו מפעלי ברונוס בעמ,IL,סנו פרש מילוי,יח',1.00,יח',false,,12.90,12.9000,true,1,39489
7290014397170,false,"פרש מיכל מילוי אוטומטיק סופט בלאנס 250 מ""ל סנו",מיוצר עי קונדיטוריית,IL,סנו פרש מילוי סופט ב,יח',1.00,יח',false,,12.90,12.9000,true,1,39490
7290014397200,false,שלשיית מברשות שיניים אורביטול פרמיום,אורביטול Orbitol,CN,אורביטול,יח',3.00,יח',false,,10.90,3.6333,true,1,39491
7290014397279,false,שקיות מזון גדולות XL סנו סושי 300 יחידות,"אשפלסט תעשיות בע""מ",CN,סנו סושי,יח',300.00,יח',false,,11.90,0.0397,true,1,39493
7290014397286,false,מרכך כביסה מרוכז חלב ודבש סנו מקסימה 1 ליטר,סנו-מקסימה,IL,מקסימה,ליטרים,1.00,ליטר,false,,17.90,17.9000,true,1,39494
7290014397453,false,סנו אוקסיגן גל מסיר כתמים כביסה לבנה 3 ל,סנו אוקסיג'ן,IL,אוקסיג'ן,ליטרים,3.00,ליטר,false,,26.90,8.9667,true,1,39495
7290014397538,false,"מבשם אויר סנו פרש הום בניחוח אביב 350 מ""ל",סנו מפעלי ברונוס בעמ,IL,סנופרש,מיליליטרים,350.00,"100 מ""ל",false,,10.90,0.0311,true,1,39500
7290014397767,false,סנו ריצפז פרש הום כותנה מלטפת 2 ליטר,"סנו מפעלי ברונוס בע""",IL,ריצפז,ליטרים,2.00,ליטר,false,,21.90,10.9500,true,1,39510
7290014435391,false,חומוס אורגינל עם גרגירים שמיר 400 גרם,"סלטי שמיר 2006 בע""מ",IL,סלטי שמיר,גרמים,400.00,100 גרם,false,,10.90,0.0273,true,1,50648
7290014435704,false,סלמון מעושן שמיר 100 גרם,שבעת הימים - שמיר,IL,שמיר,גרמים,100.00,100 גרם,false,,19.90,0.1990,true,1,50649
7290014435803,false,פילה מטיאס הולנדי פרובנציאל שמיר 200 גרם,שבעת הימים - שמיר,IL,שמיר,גרמים,180.00,100 גרם,false,,18.90,0.1050,true,1,50651
7290014435810,false,נתחי הרינג כבוש עם בצל במרינת חמוץ מתוק שמיר 220 גרם,שבעת הימים - שמיר,IL,שמיר,גרמים,180.00,100 גרם,false,,18.90,0.1050,true,1,50652
7290014435827,false,פילה מקרל מעושן בשמן ויטהול 180 גר,שבעת הימים - שמיר,IL,שמיר,גרמים,180.00,100 גרם,false,,24.90,0.1383,true,1,50653
7290014435841,false,פילה הרינג עם בצל בשמן מטיאס הולנדי שמיר 200 גרם,סלטי שמיר 2006 בעמ,IL,שמיר,גרמים,180.00,100 גרם,false,,18.90,0.1050,true,1,50655
7290014435889,false,סלט מטיאס עם מיונז שמיר 200 גרם,שבעת הימים - שמיר,IL,שמיר,גרמים,200.00,100 גרם,false,,18.90,0.0945,true,1,50657
7290014455245,false,גבינה גרנה פדנו משולש גד 200 גר',מחלבת סוציאלה מנטובה,IT,גד,גרמים,200.00,100 גרם,false,,24.60,0.1230,true,1,45260
7290014455252,false,גבינה קשה מגורדת גרנה פדנו 29% שומן,מחלבות גד שיווק 1992,IT,גד,גרמים,100.00,100 גרם,false,,11.90,0.1190,true,1,45261
7290014455320,false,גבינה כדורי מוצרלה פרסקה גד 100ג',מחלבות גד בעמ,IL,מוצרלה פרסקה 100גרם,גרמים,100.00,100 גרם,false,,9.90,0.0990,true,1,45264
7290014455467,false,ירח מתוק מעדן חלב 2% ושיבולת שועל גד 150ג',גבינות מדף,IL,מעדני גד,גרמים,150.00,100 גרם,false,,5.50,0.0367,true,1,45266
7290014455610,false,"יוגורט עיזים תות 125 גרם ""גד""",מיוצר על ידי קוד יצר,IL,מחלבות גד,גרמים,125.00,100 גרם,false,,6.50,0.0520,true,1,45270
7290014459472,false,"צ'יפס קפוא תפוגן 2 ק""ג כשל""פ","תעשיות תפוגן בע""מ",IL,תפוגן,קילוגרמים,2.00,"ק""ג",false,,24.90,12.4500,true,1,33731
7290014471436,false,"מוזלי צימוקים תפוח קינמון וגרעיני חמניה 1 ק""ג כחול שקדיה","דין שיווק וקלייה בע""",IL,שקדיה,קילוגרמים,1.00,"ק""ג",false,,19.90,19.9000,true,1,65371
7290014480216,false,תפוח עץ סמיט ברשת,משתנה,IL,"תפו""ע סמיט",קילוגרמים,1.00,"ק""ג",true,,5.90,5.9000,true,1,57768
7290014480223,false,תפוח עץ חרמון ברשת,משתנה,IL,"תפו""ע סמיט",קילוגרמים,1.00,"ק""ג",true,,5.90,5.9000,true,1,57769
7290014501829,false,"יין גליל קברנה סוביניון 750 מ""ל",יקב הרי גליל,IL,קברנה סוביניון גליל,מיליליטרים,750.00,"100 מ""ל",false,,64.90,0.0865,true,1,60240
7290014503137,false,"יין כנען אדום דלתון 750 מ""ל","יקב דלתון בע""\מ",IL,יובלים,מיליליטרים,750.00,"100 מ""ל",false,,37.90,0.0505,true,1,42165
7290014503144,false,יין כנען לבן דלתון 750 מל,"יקב דלתון בע""\מ",IL,יובלים,מיליליטרים,750.00,"100 מ""ל",false,,37.90,0.0505,true,1,42166
7290014525290,false,חטיפי סלים דליס קריספי תות מרבה 125 גרם,סלים דליס Slim Delis,NL,מרבה,גרמים,125.00,100 גרם,false,,10.90,0.0872,true,1,54383
7290014525306,false,חטיפי סלים דליס קריספי אוכמניות מרבה 125 גרם,סלים דליס Slim Delis,NL,מרבה,גרמים,125.00,100 גרם,false,,10.90,0.0872,true,1,54384
7290014525313,false,חטיפי סלים דליס קריספי שוקולד מרבה 125 גרם,סלים דליס Slim Delis,NL,מרבה,גרמים,125.00,100 גרם,false,,10.90,0.0872,true,1,54385
7290014525665,false,מרבה על חלל עוגיות קקאו וסוכריות שוק חלב 140 יח',"מרבה בע""\מ",NL,מרבה על חלל עוגיות ק,גרמים,140.00,100 גרם,false,,9.90,0.0707,true,1,54401
7290014525672,false,מרבה על חלל עוגיות קקאו וסוכריות שוקולד חלב 140 גרם,"מרבה בע""\מ",NL,מרבה על חלל עוגיות ע,גרמים,140.00,100 גרם,false,,9.90,0.0707,true,1,54402
7290014534650,false,"פסטה ""לה פסטה"" 400 ג' צינור 400 ג'",מוטלו,TR,לה פסטה,גרמים,400.00,100 גרם,false,,3.50,0.0088,true,1,53734
7290014534667,false,"פסטה ""לה פסטה"" 400 ג' קונכיה 400 ג'",מוטלו,TR,לה פסטה,גרמים,400.00,100 גרם,false,,3.50,0.0088,true,1,53735
7290014534681,false,"פסטה ""לה פסטה"" 400 ג' בורג 400 ג'",מוטלו,TR,לה פסטה,גרמים,400.00,100 גרם,false,,3.50,0.0088,true,1,53737
7290014534698,false,"פסטה ""לה פסטה"" 400 ג' תלתל 400 ג'",מוטלו,TR,לה פסטה,גרמים,400.00,100 גרם,false,,3.50,0.0088,true,1,53738
7290014534704,false,"פסטה ""לה פסטה"" 400 ג' אטריות מרק 400 ג'",מוטלו,TR,לה פסטה,גרמים,400.00,100 גרם,false,,3.50,0.0088,true,1,53739
7290014547322,false,סנסודין זוג מברשות שיניים שיקום כחול+תכל,סנסודיין,CN,*מבצע* זוג מברשות שי,יח',2.00,יח',false,,24.90,12.4500,true,1,40464
7290014547353,false,סנסודין זוג מברשות שיניים דואלקר ירוק+יר,"L Co., Industrial Shummi",CN,*מבצע* זוג מברשות שי,יח',2.00,יח',false,,17.90,8.9500,true,1,40466
7290014634046,false,ריבת רוסמן לייט אוכמניות 500 גרם,הדרום תעשיות מזון בע,IL,ריבה לייט אוכמניות 5,גרמים,500.00,100 גרם,false,,21.90,0.0438,true,1,42887
7290014634060,false,ריבת רוסמן לייט פירות 500 גרם,הדרום תעשיות מזון בע,IL,ריבה לייט פירות יער,גרמים,500.00,100 גרם,false,,21.90,0.0438,true,1,42889
7290014674004,false,קריספ פירורי לחם שומשום ומלח ים 300 גרם מיימונס,א.ל ייצור ושיווק תבל,IL,קריספ פירורי לחם שומ,גרמים,300.00,100 גרם,false,,7.80,0.0260,true,1,36245
7290014692299,false,גבינת ברי EURO CHEESE ויליפוד 125 גרם,יורו צ'יז Euro Cheese,DK,וילי פוד,גרמים,125.00,100 גרם,false,,14.90,0.1192,true,1,40976
7290014692541,false,צהובה מגורדת גולדן 500 גרם ויליפוד,ג.וילי פוד אינטרנשיו,IL,אודם מגורדת,גרמים,500.00,100 גרם,false,,19.50,0.0390,true,1,40980
7290014692565,false,גרעיני תירס מתוק וילי פוד 320 גרם,אקו קונסרויפרי קי.אפ,HU,וילי פוד,גרמים,320.00,100 גרם,false,,4.90,0.0153,true,1,40981
7290014692817,false,גבינת מוצרלה מגורדתEURO CHEESE ויליפוד 200 גרם,הנסיך- מפעל לייצור ט,IL,גבינת מוצרלה מגורדת 200 ג,גרמים,200.00,100 גרם,false,,10.90,0.0545,true,1,40984
7290014704572,false,קפה טורקי יוחננוף 10,רג'ואן,IL,קפה טורקי יוחננוף 10,גרמים,100.00,100 גרם,false,,5.90,0.0590,true,1,55637
7290014704602,false,מארז קפה טורקי יוחננ,רג'ואן,IL,מארז קפה טורקי יוחננ,גרמים,255.00,100 גרם,false,,13.90,0.0545,true,1,55639
7290014758117,false,מאגדת יוגורט ביו 1.5% שומן 8 יח' *150 ג' תנובה,מיוצר עי קונדיטוריית,IL,תנובה,ליטרים,1.20,ליטר,false,,13.50,11.2500,true,1,52824
7290014758681,false,קוטג תנובה 1% גביע 250 גרם,מיוצר עי קונדיטוריית,IL,תנובה,גרמים,250.00,100 גרם,false,,5.50,0.0220,true,1,52839
7290014759084,false,גבינת שמנת נפוליאון 16% מופחת שומן תנובה 225 גרם,תנובה מרכז שיתופי לש,IL,נפוליאון,גרמים,225.00,100 גרם,false,,12.80,0.0569,true,1,52840
7290014759909,false,פטה עיזים 5% פיראוס גביע 250 גרם,"תנובה, מחלבת טנא נוג",IL,פיראוס,גרמים,250.00,100 גרם,false,,26.90,0.1076,true,1,52848
7290014759992,false,גבינת רוקפור גליל פלח 140 ג' תנובה,"תנובה, מחלבת תל יוסף",IL,קולאז,גרמים,140.00,100 גרם,false,,18.90,0.1350,true,1,52851
7290014760141,false,משקה שקדים טרי תנובה 1 ליטר,תנובה Alternative,IL,משקה שקדים טרי 1 ליט,ליטרים,1.00,ליטר,false,,11.90,11.9000,true,1,52857
7290014760448,false,גבינה צהובה גלבוע פרוסה 22%,מיוצר בסין.יבוא ושיו,IL,תנובה,גרמים,400.00,100 גרם,false,,22.90,0.0572,true,1,52862
7290014760912,false,פרוסות גבינה 28% שומן 400 ג' גוש חלב,תנובה מרכז שיתופי לש,IL,תנובה,גרמים,400.00,100 גרם,false,,24.90,0.0622,true,1,52876
7290014761056,false,מעדן שוקולד חלב יולו תנובה 123 גרם,מיוצר עי קונדיטוריית,IL,YOLO,גרמים,123.00,100 גרם,false,,4.30,0.0350,true,1,52879
7290014761070,false,מעדן שוקולד לבן יולו תנובה 123 גרם,מיוצר עי קונדיטוריית,IL,YOLO,גרמים,123.00,100 גרם,false,,4.30,0.0350,true,1,52881
7290014761193,false,יוגורט עם פירות יער 1.5% שומן 125 ג' פרילי,תנובה מרכז שיתופי לש,IL,פרילי,גרמים,125.00,100 גרם,false,,3.30,0.0264,true,1,52882
7290014761414,false,יולו מעדן שכבות שוקולד חלב ולבן 123 גר,מיוצר עי קונדיטוריית,IL,יולו,גרמים,122.00,100 גרם,false,,4.30,0.0352,true,1,52890
7290014761612,false,מעדן שכבות שוקולד מריר ולבן יולו 122 גרם,מיוצר עי קונדיטוריית,IL,יולו,גרמים,122.00,100 גרם,false,,4.30,0.0352,true,1,52894
7290014762756,false,גבינת שמנת נפוליאון 16% עם בצל תנובה 225 גרם,תנובה חלב,IL,נפוליאון,גרמים,225.00,100 גרם,false,,12.80,0.0569,true,1,52916
7290014762800,false,"מעדן סויה בטעם שוקולד תנובה 125 מ""ל",תנובה מרכז שיתופי לש,IL,תנובה,מיליליטרים,125.00,"100 מ""ל",false,,3.70,0.0296,true,1,52921
7290014762831,false,גבינת שמנת נפוליאון 16% עם פלפל חלפיניו תנובה 225 גרם,תנובה מרכז שיתופי לש,IL,נפוליאון,גרמים,225.00,100 גרם,false,,12.80,0.0569,true,1,52922
7290014762909,false,פתיתי מוצרלה השף הלבן 10% תוספת מתנה,"תנובה, מחלבת תל יוסף",IL,תנובה,גרמים,200.00,100 גרם,false,,15.90,0.0795,true,1,52926
7290014763272,false,"משקה סויה ביו בטעם תות בננה ""תנובה""",תות תעשיות מזון (201,IL,משקה סויה,מיליליטרים,236.00,"100 מ""ל",false,,4.90,0.0208,true,1,52932
7290014763395,false,גבינה צהובה עמק פרוס 28% 600 גרם מהדרין,תנובה מרכז שיתופי לש,IL,עמק,גרמים,600.00,100 גרם,false,,29.90,0.0498,true,1,52937
7290014791091,false,"שוויפס לימונייד 500 מ""ל",יפאורה שותפות מובגלת לשיווק,IL,שוופס מוגז פירות למו,מיליליטרים,500.00,"100 מ""ל",false,,5.00,0.0100,true,1,43254
7290014791725,false,"שוויפס תפוחים מוגז 500 מ""ל",יפאורה שותפות מובגלת לשיווק,IL,שוופס מוגז פירות תפו,מיליליטרים,500.00,"100 מ""ל",false,,5.00,0.0100,true,1,43265
7290014855434,false,מגבונים בייביסיטר פרפורמנס מבושם רביעיה,בייביסיטר Babysitter,IL,בייביסיטר פרופורמנס,יח',288.00,יח',false,,14.90,0.0517,true,1,49901
7290014855458,false,מגבוני בייביסיטר פרפורמנס ללא בישום מארז 72X4יח',בייביסיטר Babysitter,IL,בייביסיטר פרופורמנס,יח',288.00,יח',false,,14.90,0.0517,true,1,49902
7290014860063,false,מקלוני אורז ללא גלוטן 454 גר,oriental food co.ltd,TH,oriental,גרמים,454.00,100 גרם,false,,10.90,0.0240,true,1,60308
7290014860070,false,"מקלוני אורז ללא גלוטן 5 מ""מ 454גר' (אור)",ניינטי נודל קו,TH,oriental,גרמים,454.00,100 גרם,false,,10.90,0.0240,true,1,60309
7290014860094,false,"מקלוני אורז ללא גלוטן 3מ""מ 454גר' (אור)",ניינטי נודל קו,TH,oriental,גרמים,454.00,100 גרם,false,,10.90,0.0240,true,1,60311
7290014860155,false,מחצלת במבו שטוחה 24X24 ס'מ,גולין פנגזו,CN,מזרח ומערב,יח',1.00,יח',false,,7.90,7.9000,true,1,60313
7290014860247,false,שבבי אורז מרובעים ללא גלוטן 227 גרם (Oriental),ליאן תאי רייס,TH,מזרח ומערב,גרמים,227.00,100 גרם,false,,9.90,0.0436,true,1,60314
7290014860988,false,"שימורי קרם קוקוס 17% 400 מ""ל (TCC) כשר",theppadungporn cocon,TH,מזרח ומערב,מיליליטרים,400.00,"100 מ""ל",false,,7.90,0.0198,true,1,60315
7290014890145,false,גבינת שמנת טבעי 225 גרם יעקובס,גבינות משק יעקבס,IL,משק יעקבס,גרמים,225.00,100 גרם,false,,9.90,0.0440,true,1,47692
7290014890152,false,גבינת שמנת זיתים 225 גרם יעקובס,גבינות משק יעקבס,IL,משק יעקבס,גרמים,225.00,100 גרם,false,,9.90,0.0440,true,1,47693
7290014890169,false,גבינת שמנת שום שמיר 225 גרם יעקובס,גבינות משק יעקבס,IL,משק יעקבס,גרמים,225.00,100 גרם,false,,9.90,0.0440,true,1,47694
7290014890176,false,ריקוטה סגנון איטלק5% 250,מחלבת משק יעקובס,IL,משק יעקבס,גרמים,250.00,100 גרם,false,,11.90,0.0476,true,1,47695
7290014890206,false,קרם פרש 250גרם יעקוב,מחלבת משק יעקובס,IL,קרם פרש 40% 250 גרם,גרמים,250.00,100 גרם,false,,14.90,0.0596,true,1,47697
7290014901247,false,"שמפו קרטין לאחר החלקה ועיצוב בחום סטייל 750 מ""ל",א.ל. ארמן ייצור תמרו,IL,סטייל,מיליליטרים,750.00,"100 מ""ל",false,,24.90,0.0332,true,1,40470
7290014901254,false,"מרכך קרטין לאחר החלקה ועיצוב בחום סטייל 750 מ""ל",א.ל ארמן ייצור תמרוק,IL,סטייל,מיליליטרים,750.00,"100 מ""ל",false,,24.90,0.0332,true,1,40471
7290014901261,false,"מסכה קרטין לאחר החלקה ועיצוב בחום סטייל 500 מ""ל",א.ל ארמן ייצור תמרוק,IL,סטייל,מיליליטרים,500.00,"100 מ""ל",false,,36.90,0.0738,true,1,40472
7290014901315,false,סנסודיין משחה הגנה מלאה אקסטרה פרש 75 מל,"סמית קליין ביצ'ם בע""",GB,סנסודיין,מיליליטרים,75.00,"100 מ""ל",false,,18.90,0.2520,true,1,40474
7290014901896,false,"מי פה סנסודיין מנטה מרענן 500 מ""ל",גלקסוסמיתקליין,GB,סנסודיין,מיליליטרים,500.00,"100 מ""ל",false,,19.90,0.0398,true,1,40479
7290014905160,false,"הפי מטהר אוויר פניני ריח בניחוחות, 130 גרם",יוליניבר,IT,הפי,גרמים,130.00,100 גרם,false,,10.90,0.0838,true,1,43535
7290014905207,false,"הג'ל הכחול לניקוי האסלה יעקבי 750 מ""ל",איי פי אס,IL,הפי,מיליליטרים,750.00,"100 מ""ל",false,,7.90,0.0105,true,1,43536
7290014905733,false,"הפי פרפקט לניקוי שמשות 750 מ""ל",יעקובי הפי,TR,הפי,מיליליטרים,750.00,"100 מ""ל",false,,6.90,0.0092,true,1,43538
7290014931053,false,בזיליקום עם השורש יחידה,גדי מרדכי-מושב שלוש,IL,בזיליקום,יח',1.00,יח',false,,7.50,7.5000,true,1,57739
7290014940901,false,לחם פשוט מלא אנג'ל 750 גרם,מאפיית שלמה א. אנג'\ל בע,IL,לחם פשוט מלא 750 גרם,גרמים,750.00,100 גרם,false,,11.90,0.0159,true,1,35428
7290014974562,false,גביעי גלידה רגיל טילון עלמה גילרו 24 יח',"א.ג גילרו בע""מ",IL,גילרו,גרמים,120.00,100 גרם,false,,5.90,0.0492,true,1,37671
7290015037235,false,חסה אייסברג קצוצה 300 גרם חסלט,קטיף,IL,חסה אייסברג,גרמים,280.00,100 גרם,false,,12.90,0.0461,true,1,63043
7290015037242,false,לקט ים תיכוני 350 גרם אוצר הארץ,קטיף,IL,לקט ים תיכוני,גרמים,350.00,100 גרם,false,,12.90,0.0369,true,1,63044
7290015037440,false,"כרוב לבן שלם 1 ק""ג -א. הארץ",סאסאטק,IL,כרוב לבן שלם חסלט,קילוגרמים,1.00,"ק""ג",true,,14.90,14.9000,true,1,63056
7290015037655,false,כרובית 600 גרם מהדרין אוצר הארץ י.ע.ל.,י.ש. ירקות עליים,IL,כרובית קפוא 600 גרם,גרמים,600.00,100 גרם,false,,29.90,0.0498,true,1,63061
7290015037662,false,ברוקולי 600 גרם מהדרין אוצר הארץ י.ע.ל.,י.ש. ירקות עליים,IL,ברוקולי קפוא 600 גרם,גרמים,600.00,100 גרם,false,,29.90,0.0498,true,1,63062
7290015039246,false,נתחי טונה בשמן צמחי רביעיה * 160 ג' וילי פוד,וילי פוד,TH,וילי פוד,גרמים,640.00,100 גרם,false,,19.90,0.0311,true,1,40990
7290015039253,false,עלי גפן במי מלח ויליפוד 620 גרם,קוראהן פזלרמה וי דיס,TR,וילי פוד,גרמים,620.00,100 גרם,false,,8.90,0.0144,true,1,40991
7290015039338,false,נתחי טונה במי מלח רביעיה * 160 ג' וילי פוד,וילי פוד,TH,טונה במים רביעיה 160*4 גר,גרמים,640.00,100 גרם,false,,19.90,0.0311,true,1,40992
7290015129121,false,אטריות קונג'אק בתוספת טפיוקה בצורת נודלס,הוויזאי וואנגייה פוד,CN,סקיני פסטה,גרמים,270.00,100 גרם,false,,10.90,0.0404,true,1,68912
7290015129145,false,אטריות קונג'אק בתוספת טפיוקה בצורת ספגטי,הוויזאי וואנגייה פוד,CN,סקיני פסטה,גרמים,270.00,100 גרם,false,,10.90,0.0404,true,1,68913
7290015129220,false,איטריות קונגאק ללא גלוטן 270 גרם skinny,אף.סי תבליני בגליל ב,CN,סקיני פסטה,גרמים,270.00,100 גרם,false,,10.90,0.0404,true,1,68914
7290015129251,false,איטריות קונגאק ללא גלוטן 270 גרם skinny,אף.סי תבליני בגליל ב,CN,סקיני פסטה,גרמים,270.00,100 גרם,false,,10.90,0.0404,true,1,68915
7290015129312,false,סקיני סופ תבשיל מרק בטעם עוף 214 גרם,אף.סי תבליני בגליל ב,CN,סקיני סופ - תבשיל מר,גרמים,234.00,100 גרם,false,,19.90,0.0850,true,1,68916
7290015129428,false,מאגדת סקיני אגוזי לו,מנדלז סי.אר. פרודקשן,IL,סקיני מארז חמישיה -,גרמים,121.00,100 גרם,false,,26.90,0.2223,true,1,68919
7290015129657,false,סקיני פסטה פנה אורגנ,סקיני פסטה,CN,סקיני פסטה פנה,גרמים,270.00,100 גרם,false,,10.90,0.0404,true,1,68921
7290015129749,false,סקיני פסטה שיבולת שועל נודלס 270 גרם,הוויזאי וואנגייה,CN,סקיני פסטה,גרמים,270.00,100 גרם,false,,10.90,0.0404,true,1,68922
7290015139250,false,"שוקולד מריר פצפוצי אורז כרמית 85 גרם לל""ס","כרמית תעשיות ממתקים בע""\",IL,כרמית,גרמים,85.00,100 גרם,false,,4.90,0.0576,true,1,42251
7290015139267,false,"שוקולד מריר שקדים אורז כרמית 85 גרם לל""ס","כרמית תעשיות ממתקים בע""\",IL,כרמית,גרמים,85.00,100 גרם,false,,4.90,0.0576,true,1,42252
7290015150088,false,מחית עגבניות קלה גרנד איטליה 700 גרם,שוורצקוף& הנקל דיסלד,IT,מחית עגבניות,גרמים,700.00,100 גרם,false,,12.90,0.0184,true,1,50977
7290015150118,false,שלישיית עגבניות חתוכות דק גרנד איטליה 400 גרם,אמיליאנה קונסרב ס.פ.,IT,עגבניות חתוכות דק,קילוגרמים,1.20,"ק""ג",false,,16.90,14.0833,true,1,50980
7290015150361,false,תה ירוק נענע סטיביה ויסוצקי 25 יחידות,ויסוצקי ירוק,IL,תה ירוק נענע סטיביה,גרמים,937.50,100 גרם,false,,19.90,0.0212,true,1,50982
7290015150590,false,תה ירוק ג'ינג'ר חריף ויסוצקי 25 יחידות,ויסוצקי ירוק,IL,ויסוצקי,גרמים,937.50,100 גרם,false,,19.90,0.0212,true,1,50987
7290015150903,false,תה ירוק קינמון ודבש ויסוצקי 25 יחידות,ויסוצקי ירוק,IL,ויסוצקי,גרמים,937.50,100 גרם,false,,19.90,0.0212,true,1,50994
7290015155823,false,מחית תפוחי עץ חטיפטף ללא תוספת סוכר,פרוטה פודיווין איי.א,CZ,רנדי,גרמים,120.00,100 גרם,false,,5.90,0.0492,true,1,36717
7290015155830,false,מחית תפוחי עץ ובננה חטיפטף ללא תוספת סוכר,פרוטה פודווין איי.אס,CZ,רנדי,גרמים,120.00,100 גרם,false,,5.90,0.0492,true,1,36718
7290015155847,false,מחית סלט פירות חטיפטף ללא תוספת סוכר,פרוטה פודיווין איי.א,CZ,רנדי,גרמים,120.00,100 גרם,false,,5.90,0.0492,true,1,36719
7290015156769,false,מחית פרינוק פאוץ' תפוח ואוכמניות 120 גרם,פרוטה פודווין איי.אס,CZ,רנדי,גרמים,120.00,100 גרם,false,,5.90,0.0492,true,1,36728
7290015156790,false,מחית לפתן פירות חטיפטף ללא תוספת סוכר,פרוטה פודווין איי.אס,CZ,רנדי,גרמים,120.00,100 גרם,false,,5.90,0.0492,true,1,36730
7290015164818,false,רוטב קארי צהובה 400 גרם SUREE כשר,Theppadungporn cocon,TH,מחית קארי צהובה 400,גרמים,400.00,100 גרם,false,,19.90,0.0497,true,1,60316
7290015164832,false,מחית קארי ירוק 400 גרם SUREE כשר,טאפאדונגפורן קוקינט,TH,mae ploy,גרמים,400.00,100 גרם,false,,19.90,0.0497,true,1,60317
7290015164856,false,רוטב קארי אדומה 400 גרם SUREE כשר,טאפאדונגפורן קוקינט,TH,mae ploy,גרמים,400.00,100 גרם,false,,19.90,0.0497,true,1,60318
7290015178266,false,רוטב פלפלת אוליביה 270 גר,אוליביה,IL,אוליביה,גרמים,480.00,100 גרם,false,,12.90,0.0269,true,1,51002
7290015193139,false,"WOK רוטב צ'ילי מתוק 300 מ""ל לל""ס",תאי פרידה אינדסטרי ב,TH,WOK,מיליליטרים,300.00,"100 מ""ל",false,,8.90,0.0297,true,1,37699
7290015193573,false,"ווק אטריות אורז עובי 2 מ""מ 400 גרם",אסיאן סופירה פודס חב,TH,WOK,גרמים,400.00,100 גרם,false,,8.90,0.0223,true,1,37718
7290015193665,false,קמח מצה חמץ מעדני מלך 500 גרם,אם החיטה,,קמח מצה 500 גרם,גרמים,500.00,100 גרם,false,,5.90,0.0118,true,1,37724
7290015282000,false,איקרא אדומה SEVEN SEAS 200 גרם,שבעת הימים - שמיר,IL,שמיר,גרמים,200.00,100 גרם,false,,12.90,0.0645,true,1,50659
7290015282024,false,איקרא לבנה SEVEN SEAS 200 גרם,שבעת הימים - שמיר,IL,שמיר,גרמים,200.00,100 גרם,false,,12.90,0.0645,true,1,50661
7290015282390,false,סלט תורכי 200 גרם שמיר,"סלטי שמיר 2006 בע""מ",IL,סלטי שמיר,גרמים,200.00,100 גרם,false,,11.90,0.0595,true,1,50667
7290015282581,false,חומוס אבו גוש עם חריף שמיר 200 גרם,"סלטי שמיר 2006 בע""מ",IL,סלטי שמיר,גרמים,200.00,100 גרם,false,,9.90,0.0495,true,1,50668
7290015282598,false,חומוס מסעדות גורמה שמיר 200 גרם,"סלטי שמיר 2006 בע""מ",IL,סלטי שמיר,גרמים,200.00,100 גרם,false,,9.90,0.0495,true,1,50669
7290015282604,false,טחינה מיוחדת גורמה שמיר 200 גרם,"סלטי שמיר 2006 בע""מ",IL,סלטי שמיר,גרמים,200.00,100 גרם,false,,9.90,0.0495,true,1,50670
7290015282628,false,חציל בטעם כבד גורמה שמיר 200 גרם,"סלטי שמיר 2006 בע""מ",IL,סלטי שמיר,גרמים,200.00,100 גרם,false,,11.90,0.0595,true,1,50672
7290015282635,false,חומוס מסבחה גורמה שמיר 200 גרם,"סלטי שמיר 2006 בע""מ",IL,סלטי שמיר,גרמים,200.00,100 גרם,false,,9.90,0.0495,true,1,50673
7290015282642,false,חומוס אבו גוש גורמה שמיר 200 גרם,"סלטי שמיר 2006 בע""מ",IL,סלטי שמיר,גרמים,200.00,100 גרם,false,,9.90,0.0495,true,1,50674
7290015282673,false,חציל במיונז ביתי גורמה שמיר 200 גרם,"סלטי שמיר 2006 בע""מ",IL,סלטי שמיר,גרמים,200.00,100 גרם,false,,9.90,0.0495,true,1,50676
7290015282680,false,קישוא בטעם כבד גורמה שמיר 200 גרם,"סלטי שמיר 2006 בע""מ",IL,סלטי שמיר,גרמים,200.00,100 גרם,false,,11.90,0.0595,true,1,50677
7290015282710,false,קוביות סלק גורמה שמיר 200 גרם,"סלטי שמיר 2006 בע""מ",IL,סלטי שמיר,גרמים,200.00,100 גרם,false,,9.90,0.0495,true,1,50679
7290015282734,false,מטבוחה ביתית גורמה שמיר 200 גרם,"סלטי שמיר 2006 בע""מ",IL,סלטי שמיר,גרמים,200.00,100 גרם,false,,11.90,0.0595,true,1,50681
7290015282741,false,חציל תאילנדי אסלי שמיר 200 ג',"סלטי שמיר 2006 בע""מ",IL,סלטי שמיר,גרמים,200.00,100 גרם,false,,11.90,0.0595,true,1,50682
7290015282796,false,"סלט תפו""א שמיר במיונז 200ג'","סלטי שמיר 2006 בע""מ",IL,סלטי שמיר,גרמים,200.00,100 גרם,false,,11.90,0.0595,true,1,50686
7290015324007,false,פלפל שחור גרוס 80 גר' טעם וריח,"תבליני טעם וריח בע""מ",IL,"תבליני טעם וריח בע""מ",גרמים,80.00,100 גרם,false,,9.90,0.1238,true,1,56094
7290015324014,false,"פלפל שחור טחון בשקית 80 גרם ""טעם וריח""","תבליני טעם וריח בע""מ",IL,"תבליני טעם וריח בע""מ",גרמים,80.00,100 גרם,false,,9.90,0.1238,true,1,56095
7290015324038,false,פפריקה מתוקה בשמן 100 גרם טעם וריח,"תבליני טעם וריח בע""מ",IL,"תבליני טעם וריח בע""מ",גרמים,80.00,100 גרם,false,,5.90,0.0738,true,1,56096
7290015324045,false,תבלין פפריקה חריפה 80 גר' שק',"תבליני טעם וריח בע""מ",IL,"תבליני טעם וריח בע""מ",גרמים,80.00,100 גרם,false,,5.90,0.0738,true,1,56097
7290015324052,false,פפריקה מתוקה 80 גר' טעם וריח,"תבליני טעם וריח בע""מ",IL,"תבליני טעם וריח בע""מ",גרמים,80.00,100 גרם,false,,5.90,0.0738,true,1,56098
7290015324069,false,גריל עוף 80 גר' טעם וריח,"תבליני טעם וריח בע""מ",IL,"תבליני טעם וריח בע""מ",גרמים,80.00,100 גרם,false,,5.90,0.0738,true,1,56099
7290015324076,false,זעתר מעורב 80 גר' טעם וריח,"תבליני טעם וריח בע""מ",IL,"תבליני טעם וריח בע""מ",גרמים,80.00,100 גרם,false,,5.90,0.0738,true,1,56100
7290015324083,false,מלח לימון 80 גר' טעם וריח,"תבליני טעם וריח בע""מ",IL,"תבליני טעם וריח בע""מ",גרמים,80.00,100 גרם,false,,5.90,0.0738,true,1,56101
7290015324090,false,כמון טחון 80 גר' טעם וריח,"תבליני טעם וריח בע""מ",IL,"תבליני טעם וריח בע""מ",גרמים,80.00,100 גרם,false,,5.90,0.0738,true,1,56102
7290015324106,false,כורכום טחון 80 גר' טעם וריח,"תבליני טעם וריח בע""מ",IL,"תבליני טעם וריח בע""מ",גרמים,80.00,100 גרם,false,,5.90,0.0738,true,1,56103
7290015324113,false,טעם וריח בהרט שקית 8,"תבליני טעם וריח בע""מ",IL,"תבליני טעם וריח בע""מ",גרמים,80.00,100 גרם,false,,5.90,0.0738,true,1,56104
7290015324120,false,שום גבישי 80 גר' טעם וריח,"תבליני טעם וריח בע""מ",IL,"תבליני טעם וריח בע""מ",גרמים,80.00,100 גרם,false,,7.90,0.0988,true,1,56105
7290015324151,false,חוואיג' למרק 80 גר' טעם וריח,"תבליני טעם וריח בע""מ",IL,"תבליני טעם וריח בע""מ",גרמים,80.00,100 גרם,false,,5.90,0.0738,true,1,56106
7290015324168,false,תבלין על האש תיבול 80 גר' שק',"תבליני טעם וריח בע""מ",IL,"תבליני טעם וריח בע""מ",גרמים,80.00,100 גרם,false,,5.90,0.0738,true,1,56107
7290015324175,false,תיבול לשווארמה 80 גר' טעם וריח,"תבליני טעם וריח בע""מ",IL,"תבליני טעם וריח בע""מ",גרמים,80.00,100 גרם,false,,5.90,0.0738,true,1,56108
7290015324526,false,תערובת תיבול לפרגיות 80 גרם,"תבליני טעם וריח בע""מ",IL,טעם וריח,גרמים,80.00,100 גרם,false,,5.90,0.0738,true,1,56113
7290015324557,false,בהרט לבישול מיכל גדול 80 גרם,"תבליני טעם וריח בע""מ",IL,טעם וריח,גרמים,80.00,100 גרם,false,,9.90,0.1238,true,1,56116
7290015324571,false,פפריקה מתוקה בשמן בסגנון מרוקאי 400 גרם,"תבליני טעם וריח בע""\מ",IL,טעם וריח,גרמים,400.00,100 גרם,false,,19.90,0.0497,true,1,56118
7290015324663,false,צ'ילי גרוס חריף אש טעם ו,"תבליני טעם וריח בע""מ",IL,"תבליני טעם וריח בע""מ",גרמים,70.00,100 גרם,false,,9.90,0.1414,true,1,56123
7290015324670,false,מטחנת פלפל שחור שלם 50 ג' טעם וריח,קייפ הרב אנד ספייס,ZA,*מבצע* מטחנת פלפל שח,גרמים,50.00,100 גרם,false,,9.90,0.1980,true,1,56124
7290015324687,false,מטחנת לקט פלפל 50 ג' טעם וריח,קייפ הרב אנד ספייס,ZA,*מבצע* מטחנת לקט פלפ,גרמים,50.00,100 גרם,false,,9.90,0.1980,true,1,56125
7290015347273,false,נטיפי שוקולד אמיתי לאפיה 250 גר',מיה תעשיות מזון מ.ת.מ. ב,IL,נטיפי שוקולד אמיתי 2,גרמים,250.00,100 גרם,false,,8.90,0.0356,true,1,44785
7290015347464,false,מיה קינואה מעורבת 400 גרם,מיה תעשיות מזון מ.ת.מ. ב,IL,מיה,גרמים,400.00,100 גרם,false,,14.90,0.0373,true,1,44792
7290015347488,false,"סוכר דמררה חום שקית מיה 1 ק""ג",מיה תעשיות מזון מ.ת.מ. ב,IL,"סוכר דמררה שקית 1 ק""",קילוגרמים,1.00,"ק""ג",false,,8.90,8.9000,true,1,44793
7290015350150,false,"יין אדום חצי יבש סגל 750 מ""ל","כרמי צבי - אחים סגל בע""\",IL,סגל רגיל,מיליליטרים,750.00,"100 מ""ל",false,,21.90,0.0292,true,1,42697
7290015366663,false,"משחת שיניים מנטה עדין אקווה פרש 100 מ""ל",גלקסוסמיתקליין,SK,אקווה פרש,גרמים,100.00,100 גרם,false,,5.90,0.0590,true,1,40497
7290015366670,false,משחת שיניים הגנה משולשת מנטה מרענן,גלקסוסמיתקליין,SK,אקווה פרש,גרמים,100.00,100 גרם,false,,5.90,0.0590,true,1,40498
7290015470094,false,טוסו שוקולד מריר תפוז ללא סוכר 100גרם,אלטינמארקה,TR,טוסו,גרמים,100.00,100 גרם,false,,8.90,0.0890,true,1,37956
7290015514866,false,שקית גופיה בודד.,,,שקית גופיה בודד.,יח',1.00,יח',false,,0.10,0.1000,true,1,32760
7290015596831,false,"ד""ר פישר EFFECTIVE CARE קרם גוף בשמן אבוקדו 450 מ""ל",פישר מעבדות פרמצבטיות בע,IL,"ד""ר פישר",מיליליטרים,450.00,"100 מ""ל",false,,21.90,0.0487,true,1,44903
7290015603188,false,אטריות ביצים 454ג' (כ) (fu),פוגיאן לונגהי אנלידה אינ,CN,מזרח ומערב,גרמים,454.00,100 גרם,false,,10.90,0.0240,true,1,60319
7290015603195,false,איטריות בתוספת תרד 454 גרם,פוגיאן לונגהי אנלידה אינ,CN,מזרח ומערב,גרמים,454.00,100 גרם,false,,10.90,0.0240,true,1,60320
7290015603218,false,אטריות עם עגבניה מזרח מערב 454 גרם,פוגקן לונגהי אנלידה,CN,מזרח ומערב,גרמים,454.00,100 גרם,false,,10.90,0.0240,true,1,60322
7290015603522,false,"נוזל אגוזי קוקוס 5%-7% 400 מ""ל",אסי אטיק גרו אינדוסט,TH,asiatic,מיליליטרים,400.00,"100 מ""ל",false,,6.90,0.0173,true,1,60325
7290015603546,false,שימורי קרם קוקוס 17-19% 400 מל ASIATIC,אסיאטיק אגרו אינדסטר,TH,מזרח ומערב,מיליליטרים,400.00,"100 מ""ל",false,,8.90,0.0223,true,1,60326
7290015603560,false,"שימורי קרם קוקוס 20-22% 400 מ""ל (ASIATIC)(כ)",אסיאטיק אגרו אינדוסטרי,TH,מזרח ומערב,מיליליטרים,400.00,"100 מ""ל",false,,9.90,0.0248,true,1,60327
7290015603584,false,ג'ינגר לבן כבוש ללא מונוסודיום 190 גרם (כ),לאיווי איפנג פודס קו,CN,ג'ינג'ר לבן כבוש ללא,גרמים,160.00,100 גרם,false,,7.90,0.0494,true,1,60328
7290015603638,false,"אורז קלרוז 1 ק""ג (כ) (Minh)",מינה פונג גרין אגריק,VN,"אורז קלרוז 1 ק""ג",קילוגרמים,1.00,"ק""ג",false,,11.90,11.9000,true,1,60330
7290015699730,false,סבון דה מארסיי יעקבי 1.5 ליטר *חדש-,יעקובי הפי,BE,הפי,ליטרים,1.50,ליטר,false,,11.90,7.9333,true,1,43540
7290015733205,false,תרכובת מזון לתינוקות חלבי שלב 1 אקסטרה קר מהדרין,נסטלה,IL,מטרנה,גרמים,700.00,100 גרם,false,,58.90,0.0841,true,1,33809
7290015733229,false,תרכובת מזון לתינוקות חלבי שלב 2 אקסטרה קר מהדרין,מטרנה,IL,מטרנה,גרמים,700.00,100 גרם,false,,58.90,0.0841,true,1,33810
7290015733243,false,מטרנה אקסטרה קייר מהדרין שלב 3 700 גרם,מטרנה תעשיות ש.מ.,IL,מטרנה,גרמים,700.00,100 גרם,false,,58.90,0.0841,true,1,33811
7290015733977,false,תרכובת מזון קומפורט על בסיס חלבי דל לקטוז,מטרנה תעשיות ש.מ.,IL,מטרנה,גרמים,700.00,100 גרם,false,,67.90,0.0970,true,1,33816
7290015766005,false,עגבניות שרי וויטני,אראל תוצרת חקלאית בע,IL,שרי תמר וויטני,יח',1.00,יח',false,,8.90,8.9000,true,1,30861
7290015766012,false,עגבניה שרי נחומי יחידה,אראל תוצרת חקלאית בע,IL,שרי ליקופן,יח',1.00,יח',false,,8.90,8.9000,true,1,30862
7290015766029,false,עגבניות שרי כתומות 4,אראל תוצרת חקלאית בע,IL,שרי כתום,יח',1.00,יח',false,,8.90,8.9000,true,1,30863
7290015766043,false,עגבניות שרי מיקס,,IL,עגבניות שרי מיקס,יח',1.00,יח',false,,8.90,8.9000,true,1,30864
7290015781008,false,"יין VISION מרלו אדום טפרברג 750 מ""ל","יקב טפרברג 1870 בע""מ",IL,טפרברג,מיליליטרים,750.00,"100 מ""ל",false,,39.90,0.0532,true,1,43641
7290015781091,false,"יין VISION קברנה סוביניון טפרברג 750 מ""ל","יקב טפרברג 1870 בע""מ",IL,טפרברג,מיליליטרים,750.00,"100 מ""ל",false,,39.90,0.0532,true,1,43647
7290015781114,false,"יין IMPRESSION מרלו טפרברג 750 מ""ל","יקב טפרברג 1870 בע""מ",IL,טפרברג,מיליליטרים,750.00,"100 מ""ל",false,,49.90,0.0665,true,1,43649
7290015781138,false,"יין שרדונה 750 מ""ל IMPRESSION","יקב טפרברג 1870 בע""מ",IL,טפרברג,מיליליטרים,750.00,"100 מ""ל",false,,49.90,0.0665,true,1,43651
7290015781169,false,"יין IMPRESSION קברנה סוביניון חצי יבש טפרברג 750 מ""ל","יקב טפרברג 1870 בע""מ",IL,טפרברג,מיליליטרים,750.00,"100 מ""ל",false,,49.90,0.0665,true,1,43654
7290015781299,false,"יין VISION שיראז אדום טפרברג 750 מ""ל","יקב טפרברג 1870 בע""מ",IL,טפרברג,מיליליטרים,750.00,"100 מ""ל",false,,39.90,0.0532,true,1,43659
7290015781305,false,"יין אימפרשן סירה 750 מ""ל","יקב טפרברג 1870 בע""מ",IL,טפרברג,מיליליטרים,750.00,"100 מ""ל",false,,49.90,0.0665,true,1,43660
7290015804424,false,עגבניות מרוסקות ובזיליקום ועשבי תיבול טל 260 ג',טל וטרי,IL,טל וטרי,גרמים,250.00,100 גרם,false,,2.90,0.0116,true,1,47825
7290015809214,false,דגש תערובת להכנת פלא,,,דגש - תערובת להכנת פ,גרמים,180.00,100 גרם,false,,12.90,0.0717,true,1,68924
7290015821179,false,כוסות נייר שתיה חמה,,,כוסות קרטון 50 יח 8B,יח',50.00,יח',false,,8.90,0.1780,true,1,71145
7290015855013,false,פלפלים מתוקים בצבעים,,,פלפל טינקרבל ארוז,יח',1.00,יח',false,,8.90,8.9000,true,1,62464
7290015855037,false,פלפל צילי חריף ארוז,,,פלפל צילי יח',יח',1.00,יח',false,,5.90,5.9000,true,1,62465
7290015855051,false,מלפפון מיני ארוז א.אדמה,,,מלפפון בייבי ארוז,יח',1.00,יח',false,,7.90,7.9000,true,1,62466
7290015855082,false,ברוקולי ארוז רעננים,,,ברוקולי ארוז,יח',1.00,יח',false,,8.90,8.9000,true,1,62467
7290015855129,false,כרוב קייל ארוז א.אדמ,רעננים,,קייל יח',יח',1.00,יח',false,,10.90,10.9000,true,1,62469
7290015855143,false,שיני שום קלופות בנספ,,,שום קלוף יח',יח',1.00,יח',false,,9.90,9.9000,true,1,62470
7290015855181,false,גינגר ארוז א.אדמה,,,גינגר יח',יח',1.00,יח',false,,7.90,7.9000,true,1,62471
7290015855228,false,אספרגוס ארוז א.אדמה,אדמה,,אספרגוס יח',יח',1.00,יח',false,,27.90,27.9000,true,1,62472
7290015855303,false,דלעת ארוז,,,דלעת ארוז,קילוגרמים,1.00,"ק""ג",true,,7.90,7.9000,true,1,62474
7290015855495,false,חסה לאליק ארוז א.אדמה,פריסלנד,IL,חסה לאליק,יח',1.00,יח',false,,12.90,12.9000,true,1,62478
7290015855914,false,חסה ערבית,משתנה,IL,חסה,יח',1.00,יח',false,,3.90,3.9000,true,1,62480
7290015855938,false,עלי בייבי 250 גרם ארוז א.אדמה,,,עלי בייבי,יחידה,0.00,יחידה,false,,9.90,0.0000,true,1,62481
7290015855952,false,כרובית ארוזה יחידה,,,כרובית ארוזה יחידה,יחידה,0.00,יחידה,false,,9.90,0.0000,true,1,62482
7290015858106,false,"ממרח פסטו ביתי 180 גרם ""עללחם""","מדשא תעשיות מזון בע""\מ",IL,עללחם,גרמים,180.00,100 גרם,false,,15.90,0.0883,true,1,48935
7290015858113,false,"ממרח עגבניות מיובשות 180 גרם ""טריטרי""","מדשא תעשיות מזון בע""\מ",IL,עללחם,גרמים,180.00,100 גרם,false,,15.90,0.0883,true,1,48936
7290015858144,false,ממרח ארטישוק עללחם 180 גרם,"מדשא תעשיות מזון בע""\מ",IL,עללחם,גרמים,180.00,100 גרם,false,,15.90,0.0883,true,1,48937
7290015858151,false,"ממרח שום 180 גרם ""טריטרי""",מדשא תעשיות מזון בעמ,IL,עללחם,גרמים,180.00,100 גרם,false,,15.90,0.0883,true,1,48938
7290015858175,false,ממרח פלפלים קלויים עללחם 180 גרם,"מדשא תעשיות מזון בע""\מ",IL,עללחם,גרמים,180.00,100 גרם,false,,15.90,0.0883,true,1,48939
7290015858212,false,ממרח לימון כבוש עללחם 180 גרם,"מדשא תעשיות מזון בע""\מ",IL,עללחם,גרמים,180.00,100 גרם,false,,15.90,0.0883,true,1,48940
7290015858328,false,"ממרח עגבניות מיובשות 180 גרם ""טריטרי""","מדשא תעשיות מזון בע""\מ",IL,איולי פסטו עללחם 295,גרמים,295.00,100 גרם,false,,14.90,0.0505,true,1,70464
7290015858441,false,עללחם ממרח איולי פלפלים 295 גרם,"מדשא תעשיות מזון בע""\מ",IL,איולי פלפלים עללחם 2,גרמים,295.00,100 גרם,false,,14.90,0.0505,true,1,70465
7290015858687,false,עללחם ממרח איולי שום 295 גרם,"מדשא תעשיות מזון בע""\מ",IL,איולי שום עללחם 295,גרמים,295.00,100 גרם,false,,14.90,0.0505,true,1,70466
7290015872096,false,חומוס סלטי שמיר 700 גרם,"סלטי שמיר 2006 בע""מ",IL,אסלי,גרמים,700.00,100 גרם,false,,9.90,0.0141,true,1,50688
7290015968102,false,קיסמי שיניים רפויים עם חוט דנטאלי 100 יחידות,W.H.J.C. Co,CN,הוסטס,יח',100.00,יח',false,,9.90,0.0990,true,1,35204
7290016006148,false,"שוופס מוגז עדין ענבים בקבוק 500מ""ל",יפאורה שותפות מובגלת לשיווק,IL,שוופס מוגז פירות ענב,מיליליטרים,500.00,"100 מ""ל",false,,5.00,0.0100,true,1,43274
7290016077759,false,רוטב ברביקיו קלאסי היינץ 480 גרם,היינץ Heinz,NL,רוטב ברביקיו קלאסי 4,גרמים,480.00,100 גרם,false,,16.90,0.0352,true,1,56659
7290016083323,false,מעמול תמרים שקד 500 גרם,מאפיית ישראל חיפה,IL,מעמול תמרים 500 גרם,גרמים,500.00,100 גרם,false,,11.90,0.0238,true,1,45907
7290016083378,false,עוגיות במילוי בטעם שוקולד שקד 500 גרם,מאפיית ישראל חיפה,IL,"עוגיות ""תמר"" במילוי",גרמים,500.00,100 גרם,false,,11.90,0.0238,true,1,45911
7290016087123,false,רוטב מתובל לפסטה בסגנון קלאסי פריניר 240 גרם,פריניר,IL,פריניר,גרמים,240.00,100 גרם,false,,4.90,0.0204,true,1,37735
7290016087147,false,רוטב עגבניות מתובל לפיצה מרגריטה 240 גרם,פריניר,IL,פריניר,גרמים,240.00,100 גרם,false,,4.90,0.0204,true,1,37736
7290016096811,false,רביעיית ממרח טונה פילטונה - 160 גרם ליחידה,תעשיות פילטונה,IL,רביעיית ממרח טונה 16,גרמים,640.00,100 גרם,false,,19.90,0.0311,true,1,59039
7290016144000,false,"קמח חיטה מלאה נפלאות 80% 1 ק""ג","קמח מלכים בע""\מ",IL,קמח חיטה 80% ללא צור,קילוגרמים,1.00,"ק""ג",false,,9.90,9.9000,true,1,51004
7290016144024,false,"קמח כוסמין מלא נפלאות 100% 1 ק""ג","קמח מלכים בע""מ",IL,קמח כוסמין מלא 100%,קילוגרמים,1.00,"ק""ג",false,,14.90,14.9000,true,1,51006
7290016144031,false,קמח חיטה לבן מנופה נפלאות,קמח מלכים,IL,קמח חיטה לבן מנופה 1,קילוגרמים,1.00,"ק""ג",false,,6.90,6.9000,true,1,51007
7290016144048,false,"קמח כוסמין לבן נפלאות 1 ק""ג","קמח מלכים בע""מ",IL,קמח כוסמין לבן ללא צ,קילוגרמים,1.00,"ק""ג",false,,16.90,16.9000,true,1,51008
7290016144055,false,קמח כוסמין בהיר 80%-נפלאות,קמח מלכים,IL,קמח כוסמין 80% ללא צ,קילוגרמים,1.00,"ק""ג",false,,14.90,14.9000,true,1,51009
7290016146004,false,קמח שקד מולבן 300 גרם,שקד תבור,IL,*מבצע* קמח שקד מולבן,גרמים,300.00,100 גרם,false,,20.90,0.0697,true,1,69345
7290016150117,false,סלק מבושל ארוז ברכת קטיף 500 גרם,ג'ואבג'י יואייבי,LE,סלק וואקום 500 גרם,יח',1.00,יח',false,,4.90,4.9000,true,1,30867
7290016162264,false,עוגת גבינה רנסנס קפולסקי 450 גרם,קפולסקי שיווק וקמעונ,IL,קפולסקי,גרמים,450.00,100 גרם,false,,39.90,0.0887,true,1,59965
7290016197488,false,מטליות מיקרופייבר למשטחים ניקול 3יח',חוגלה קימברלי,CN,ניקול,יח',1.00,יח',false,,9.90,9.9000,true,1,41952
7290016197495,false,ניקול זוג מטליות הקסם מיקרופייבר לרצפה,חוגלה קימברלי,CN,ניקול,יח',1.00,יח',false,,15.90,15.9000,true,1,41953
7290016217643,false,חמוצים סיני אסלי שמיר 400 גרם,"סלטי שמיר 2006 בע""מ",IL,אסלי,גרמים,400.00,100 גרם,false,,10.90,0.0273,true,1,50690
7290016217735,false,חציל על האש 200גרם גורמה,"סלטי שמיר 2006 בע""מ",IL,סלטי שמיר,גרמים,200.00,100 גרם,false,,9.90,0.0495,true,1,50691
7290016217742,false,חציל בטחינה 200גרם גורמה,"סלטי שמיר 2006 בע""מ",IL,סלטי שמיר,גרמים,200.00,100 גרם,false,,9.90,0.0495,true,1,50692
7290016217759,false,חציל מרוקאי 200גרם גורמה,"סלטי שמיר 2006 בע""מ",IL,סלטי שמיר,גרמים,200.00,100 גרם,false,,11.90,0.0595,true,1,50693
7290016217988,false,גרבלקס-סלמון כבוש שמיר 100 גרם,"סלטי שמיר 2006 בע""מ",IL,שמיר,גרמים,100.00,100 גרם,false,,19.90,0.1990,true,1,50696
7290016233384,false,גפילטע פיש 7 קציצות תומר 555 גרם,דג טעים ירושלים,IL,תומר,גרמים,550.00,100 גרם,false,,14.90,0.0271,true,1,53755
7290016234008,false,אנשובי בשמן זית צנצנת 100 גרם,אינוורסינס פריסקו,PE,תומר,גרמים,100.00,100 גרם,false,,10.90,0.1090,true,1,53764
7290016277470,false,שיבולת שועל דקה 350 גר',"דין שיווק וקלייה בע""",IL,שיבולת שועל דקה 350,גרמים,350.00,100 גרם,false,,3.90,0.0111,true,1,65430
7290016277487,false,שיבולת שועל עבה 350 גר',"דין שיווק וקלייה בע""",IL,שיבולת שועל עבה 350,גרמים,350.00,100 גרם,false,,3.90,0.0111,true,1,65431
7290016319187,false,טוסו עוגיות סנדוויץ שוקו במילוי קרם שוקולד *זוג* 300 גרם,בטר אנד דיפרנט,IL,טוסו,גרמים,300.00,100 גרם,false,,16.90,0.0563,true,1,37958
7290016319194,false,טוסו עוגיות סנדוויץ שוקו במילוי קרם וניל *זוג* 300 גרם,אפיפית,IL,טוסו,גרמים,300.00,100 גרם,false,,16.90,0.0563,true,1,37959
7290016319309,false,סבון נוזלי מאסק קלאסי+משאבה פמלי 1 ל,הנסיך- מפעל לייצור ט,IL,פמלי,ליטרים,1.00,ליטר,false,,11.90,11.9000,true,1,37962
7290016320343,false,"דאק נוזל ג'ל לניקוי מתקדם בניחות לבנדר זוג * 750 מ""ל",אס. סי. ג'\ונסון מידרכט,NL,דאק,ליטרים,1.50,ליטר,false,,18.90,12.6000,true,1,37963
7290016321678,false,מגבונים לחים בניחוח מרענן עם תמציות קמומיל ואלוורה,עלבד משואות יצחק,IL,פרשוואנס,יח',4.00,יח',false,,15.90,3.9750,true,1,37969
7290016321890,false,פרשוואנס נייר טואלט מתכלה למבוגרים -מארז שלישייה,עלבד משואות יצחק,IL,פרשוואנס,יח',3.00,יח',false,,14.90,4.9667,true,1,37972
7290016329308,false,"ד""ר פישר - סרקל קרם רוזמרין לשיער מתולתל 325 מ""ל",פישר מעבדות פרמצבטיות בע,IL,"ד""ר פישר",מיליליטרים,325.00,"100 מ""ל",false,,27.90,0.0858,true,1,44925
7290016370317,false,זית קלמטה ללא גלעין 560 גרם צנצנת יבנה,קוזט אס.אי. פיין פודס,GR,זית קלמטה ללא גלעין,גרמים,560.00,100 גרם,false,,13.90,0.0248,true,1,48097
7290016370959,false,חציל קלוי (פירה) בצנצנת קבוצת יבנה 530 גרם,תאי פרזידנט פוד פאבל,GR,קבוצת יבנה,גרמים,530.00,100 גרם,false,,9.90,0.0187,true,1,48107
7290016370973,false,פלפל קלוי (גמביה) בצנצנת קבוצת יבנה 390 גרם,קוזט אס.אי. פיין פודס,GR,קבוצת יבנה,גרמים,540.00,100 גרם,false,,9.90,0.0183,true,1,48109
7290016372342,false,עגבניות חתוך קוביות גראנד איטליה מארז 400X3ג',גרנד איטליה Grand Italia,IT,גרנד איטליה,קילוגרמים,1.20,"ק""ג",false,,16.90,14.0833,true,1,51018
7290016372373,false,רסק עגבניות ללא תוספת סוכר ומלח - מארז זוג,גרנד איטליה Grand Italia,IT,גרנד איטליה,גרמים,280.00,100 גרם,false,,7.90,0.0282,true,1,51020
7290016372397,false,"תה ויסוצקי ירוק תפוז,ג'ינגר וכורכום 25 יח'",ויסוצקי ירוק,IL,ויסוצקי,גרמים,937.50,100 גרם,false,,19.90,0.0212,true,1,51021
7290016372458,false,חליטת לימונית ולואיזה הגן הקסום ויסוצקי 50 יחידות,תה ויסוצקי,IL,ויסוצקי,גרמים,70.00,100 גרם,false,,31.90,0.4557,true,1,51023
7290016400243,false,מפיות נייר מעוטרות 2,,,מפיות נייר מעוטרות 2,יח',20.00,יח',false,,5.90,0.2950,true,1,59777
7290016400793,false,"מפיות נייר ""שווה"" 10",,IL,"מפיות נייר ""שווה"" 10",יח',100.00,יח',false,,4.90,0.0490,true,1,59793
7290016400960,false,מפת פלנל חלקה שווה,,,מפת פלנל חלקה שווה,יח',1.00,יח',false,,6.90,6.9000,true,1,59795
7290016401820,false,תבניות רוסטר עבות 4,,,תבניות רוסטר עבות 4,יח',4.00,יח',false,,7.90,1.9750,true,1,59802
7290016401844,false,תבניות רוסטר גדול עב,,,תבניות רוסטר גדול עב,יח',2.00,יח',false,,7.90,3.9500,true,1,59803
7290016401851,false,תבניות אובן עבות 4 י,,,תבניות אובן עבות 4 י,יח',1.00,יח',false,,7.90,7.9000,true,1,59804
7290016408119,false,טרליני כעכים בטעם קלאסי 225 גר' - בדץ,אפוליה פוד,IT,טרליני כעכים,גרמים,225.00,100 גרם,false,,6.90,0.0307,true,1,42280
7290016408133,false,טרליני כעכים בטעם בצל וזיתים 225 גר' - בדץ,אפוליה פוד,IT,טרליני כעכים,גרמים,225.00,100 גרם,false,,6.90,0.0307,true,1,42282
7290016408140,false,טריליני כעכים רוטב פיצה כרמית 225 גרם,אפוליה פוד,IT,טרליני כעכים,גרמים,225.00,100 גרם,false,,6.90,0.0307,true,1,42283
7290016408157,false,טריליני כעכים קמח מלא כרמית 225 גרם,אפוליה פוד,IT,טרליני כעכים,גרמים,225.00,100 גרם,false,,6.90,0.0307,true,1,42284
7290016408164,false,טרליני כעכים בטעם שום וצי'לי פיקנטי 225 גר' - בדץ,אפוליה פוד,IT,טרליני כעכים,גרמים,225.00,100 גרם,false,,6.90,0.0307,true,1,42285
7290016408294,false,"מרשמלו ורוד לבן וסטהיים 150 ג', 26 בקרטון",מנדלז סי.אר. פרודקשן,IL,כרמית,גרמים,150.00,100 גרם,false,,4.50,0.0300,true,1,42288
7290016408393,false,חטיף קרקר עם שומשום פניני 130 ג',דנוויטה ג'\יי. אס. סי,LT,קרקר עם שומשום 130 ג,גרמים,130.00,100 גרם,false,,5.90,0.0454,true,1,42291
7290016408423,false,חטיף קרקר עם זיתים שחורים ושום 130 גר,תות תעשיות מזון (201,LT,קרקר עם זיתים שחורים,גרמים,130.00,100 גרם,false,,5.90,0.0454,true,1,42294
7290016408447,false,חטיף קרקר עם עגבניות ובזיליקום פניני 130 ג',דנוויטה ג'\יי. אס. סי,LT,קרקר עם עגבניות ובזי,גרמים,130.00,100 גרם,false,,5.90,0.0454,true,1,42296
7290016437652,false,חיתולי האגיס פרידום דריי pants מידה 6 30 יחידות,קימברלי קלארק צ'כיה,CZ,האגיס,יח',26.00,יח',false,,41.90,1.6115,true,1,41967
7290016440218,false,עמבה פרי מעדני עופר,,,עמבה 500 גרם,גרמים,500.00,100 גרם,false,,12.90,0.0258,true,1,65010
7290016475067,false,מארז 4 לאפות במלאכת יד,מאפיית המכבים,IL,פיתה עראקית 4 יח,יח',4.00,יח',false,,10.90,2.7250,true,1,70443
7290016509342,false,סוד מארז טריו כדוריות לאסלה כחול אקטיבי אקונומיקה,הנקל סוד,HU,סוד,גרמים,150.00,100 גרם,false,,16.90,0.1127,true,1,56890
7290016509786,false,פרסיל גל לכביסה לבנה וצבעונית-ירוק 2.5 ל,"הנקל סוד בע""\מ",IL,פרסיל,ליטרים,2.50,ליטר,false,,27.90,11.1600,true,1,56894
7290016509823,false,ג'ל לכביסה לבנה וצבעונית בניחוח רענן,"הנקל סוד בע""\מ",IL,פרסיל,ליטרים,2.50,ליטר,false,,27.90,11.1600,true,1,56898
7290016509830,false,ג'ל כביסה לבגדי תינוקות ובעלי עור רגיש Sensitive,"הנקל סוד בע""\מ",IL,פרסיל,ליטרים,2.50,ליטר,false,,27.90,11.1600,true,1,56899
7290016509847,false,פרסיל ג'ל לכביסה כהה בלאק 2.5 ליטר,"הנקל סוד בע""\מ",IL,הנקל סוד,ליטרים,2.50,ליטר,false,,27.90,11.1600,true,1,56900
7290016564266,false,מבריקל הפלא כיסוי הפלא 3,פארמה דיל,IL,כיסוי הפלא מבריקל 30,יח',30.00,יח',false,,9.90,0.3300,true,1,59811
7290016584004,false,חטיפוני גזר 130 גרם,"מרינה פטריות הגליל בע""מ",IL,חטיפוני גזר 130 גרם,גרמים,130.00,100 גרם,false,,5.90,0.0454,true,1,62811
7290016584011,false,חטיפוני גזר 350 גרם גיזרונים,"מרינה פטריות הגליל בע""מ",IL,חטיפוני גזר 350 גרם,גרמים,350.00,100 גרם,false,,11.90,0.0340,true,1,62812
7290016584103,false,גזר ציבעוני מובחר,,,גזר צבעוני ארוז,יח',1.00,יח',false,,10.90,10.9000,true,1,62813
7290016584219,false,שעועית שלמה ירוקה וטריה 400 גרם,מרינה,IL,שעועית ירוקה שלמה טר,יח',1.00,יח',false,,14.90,14.9000,true,1,62814
7290016621341,false,אל סבון היגייני לניקוי יסודי קמיל Clean & Moisture,פישר מעבדות פרמצבטיות בע,IL,דר פישר,ליטרים,1.00,ליטר,false,,11.90,11.9000,true,1,44931
7290016621358,false,"ד""ר פישר - קמיל אל סבון ניקיון והזנה ורוד 1 ליטר",פישר מעבדות פרמצבטיות בע,IL,דר פישר,ליטרים,1.00,ליטר,false,,11.90,11.9000,true,1,44932
7290016651362,false,קיסמי שיניים עם חוט,,,קיסם + חוט דנטאלי 10,יח',1.00,יח',false,,9.90,9.9000,true,1,55272
7290016682335,false,מיץ תפוזים סחוט פריניב 2 ליטר,פרי ניב,IL,פרי ניב,ליטרים,2.00,ליטר,false,,24.90,12.4500,true,1,60995
7290016682342,false,מיץ תפוזים וולנסיה פרי ניב 2 ליטר-,פרי ניב,IL,פרי ניב,ליטרים,2.00,ליטר,false,,24.90,12.4500,true,1,60996
7290016682359,false,מיץ תפוזים שמוטי פרי ניב 2 ליטר-,פרי ניב,IL,פרי ניב,ליטרים,2.00,ליטר,false,,24.90,12.4500,true,1,60997
7290016682366,false,מיץ תפוח צלול פרי ניב 2 ליטר-,פריניב,IL,פרי ניב,ליטרים,2.00,ליטר,false,,19.50,9.7500,true,1,60998
7290016682373,false,משקה קל לימונדה בלאדי 2 ליטר פריניב,פריניב,IL,פרי ניב,ליטרים,2.00,ליטר,false,,19.50,9.7500,true,1,60999
7290016682380,false,מיץ טבעי לימונדה ולואיזה פרי ניב 2 ליטר-,פרי ניב,IL,פרי ניב,ליטרים,2.00,ליטר,false,,19.50,9.7500,true,1,61000
7290016682397,false,מיץ חמוציות פרי ניב 2 ליטר-,פרי ניב,IL,פרי ניב,ליטרים,2.00,ליטר,false,,17.90,8.9500,true,1,61001
7290016693041,false,"יין אמירים רזרב קברנה 750 מ""ל",יקבי ארזה,IL,אמירים,מיליליטרים,750.00,"100 מ""ל",false,,17.90,0.0239,true,1,43603
7290016693058,false,"יין אמירים רזרב מרלו 750 מ""ל",יקבי ארזה,IL,אמירים,מיליליטרים,750.00,"100 מ""ל",false,,17.90,0.0239,true,1,43604
7290016693072,false,"יין אמירים רזרב ריזלינג 750 מ""ל",יקבי ארזה,IL,אמירים,מיליליטרים,750.00,"100 מ""ל",false,,17.90,0.0239,true,1,43606
7290016693577,false,"סדרת עונות אמרלד ריזלינג 750 מ""ל",יקבי ארזה,IL,עונות,מיליליטרים,750.00,"100 מ""ל",false,,22.90,0.0305,true,1,43611
7290016693751,false,מיץ תירוש טללים 1 לי,יקבי ארזה,IL,מיץ תירוש טללים 1 לי,מיליליטרים,1000.00,"100 מ""ל",false,,10.90,0.0109,true,1,43613
7290016717044,false,"יין מוסקטו סלקטד באז כרמל 750 מ""ל",כרמל מזרחי,IL,סלקטד,מיליליטרים,750.00,"100 מ""ל",false,,27.90,0.0372,true,1,35345
7290016717099,false,"יין כרמל סלקטד אדום חצי יבש, 750 מ""ל",יקבי כרמל Carmel Winery,IL,סלקטד,מיליליטרים,750.00,"100 מ""ל",false,,29.90,0.0399,true,1,35348
7290016717631,false,יין מוסקטו בעל חוזק אלכוהול נמוך פרייבט קולקשן,אגודת הכורמים הקואופרטיב,IL,Private collection,מיליליטרים,750.00,"100 מ""ל",false,,32.40,0.0432,true,1,35353
7290016717754,false,"יין ישן נושן יקבי כרמל 750 מ""ל ^^^",אגודת הכורמים הקואופרטיב,IL,"ישן נושן 750 מ""ל",מיליליטרים,750.00,"100 מ""ל",false,,18.90,0.0252,true,1,35354
7290016717976,false,"יין סלקטד באז אפרסק כרמל 750 מ""ל",כרמל מזרחי,IL,סלקטד,מיליליטרים,750.00,"100 מ""ל",false,,27.90,0.0372,true,1,35357
7290016866643,false,פרודונטקס מ.שיניים אקסטרה פרש 75 מל,פרודונטקס Parodontax,SK,פרודונטקס,מיליליטרים,75.00,"100 מ""ל",false,,30.90,0.4120,true,1,40532
7290016866650,false,"פרודונטקס - משחת שיניים אוריג'ינל 75 מ""ל",פרודונטקס Parodontax,SK,פרודונטקס,מיליליטרים,75.00,"100 מ""ל",false,,30.90,0.4120,true,1,40533
7290016866667,false,"פרודונטקס - משחת שיניים ללא פלאוריד 75 מ""ל",פרודונטקס Parodontax,SK,פרודונטקס,מיליליטרים,75.00,"100 מ""ל",false,,30.90,0.4120,true,1,40534
7290016866674,false,"פרודונטקס - משחת שיניים מלבינה 75 מ""ל",פרודונטקס Parodontax,SK,פרודונטקס,מיליליטרים,75.00,"100 מ""ל",false,,30.90,0.4120,true,1,40535
7290016866704,false,"סטייל שמפו לאחר החלקה מועשר בויטמין אי, 750 מ""ל",סטייל Style,IL,סטייל,מיליליטרים,750.00,"100 מ""ל",false,,24.90,0.0332,true,1,40537
7290016866711,false,"סטייל מרכך לשיער קרטין פלוס לאחר החלקה, 750 מ""ל",סטייל Style,IL,סטייל,מיליליטרים,750.00,"100 מ""ל",false,,24.90,0.0332,true,1,40538
7290016912494,false,"ד""ר פישר - אפקטיב קר תרחיץ פנים לכל סוגי העור 180 מ""ל",פישר מעבדות פרמצבטיות בע,IL,דר פישר,מיליליטרים,180.00,"100 מ""ל",false,,12.90,0.0717,true,1,44941
7290016967074,false,לחם חיטה מלאה עם גרעינים ודגנים,מאפיית שלמה א. אנג'\ל בע,IL,אנגל,גרמים,750.00,100 גרם,false,,15.90,0.0212,true,1,35433
7290016980103,false,בייבי בטטה שקיל,אראל תוצרת חקלאית בע,IL,פטל אדום,יח',1.00,יח',false,,5.90,5.9000,true,1,30870
7290017023809,true,ספרינג אגס סברס תפוח,יפאורה תבורי,IL,ספרינג,ליטרים,1.00,ליטר,false,,11.20,11.2000,true,1,43322
7290017023823,true,ספרינג תות בננה 250,יפאורה תבורי,IL,ספרינג,ליטרים,1.00,ליטר,false,,11.20,11.2000,true,1,43324
7290017031477,false,"סנסודיין משחת שיניים רפיד רליף להלבנה 75 מ""ל","סמיתקליין ביצ'ם בע""מ",GB,סנסודיין,מיליליטרים,75.00,"100 מ""ל",false,,18.90,0.2520,true,1,40543
7290017031705,false,"סנסודיין משחת שיניים קלין & פרש 75 מ""ל",גלקסוס סמית קליין,SK,סנסודיין,גרמים,75.00,100 גרם,false,,21.90,0.2920,true,1,40546
7290017031811,false,פרודונטקס מברשת שיניים אקסטרא סופט א.זוג,גלקסוסמיתקליין,CN,פרדונטקס,יח',2.00,יח',false,,17.90,8.9500,true,1,40547
7290017058139,false,רביעיית מחית תפוח עץ ותות שדה תומר 113 גרם,אינדיאן סאמר קו אופ אינק,US,רסק תפוחי עץ דיאט רביעיה,גרמים,452.00,100 גרם,false,,10.90,0.0241,true,1,53767
7290017058689,false,זית שחור טבעי תומר 4,מסנוי גידה רעהס,TR,*מבצע* זית שחור טבעי,גרמים,400.00,100 גרם,false,,12.90,0.0323,true,1,53783
7290017058795,false,תירס גמדי שלם במי מלח בצנצנת 340 גרם,אינדיה אגרו אקספורט,IN,תומר,גרמים,340.00,100 גרם,false,,7.90,0.0232,true,1,53788
7290017065007,false,פרוסות גבינה מוצרלה חצי קשה 22% שומן 200 ג' גד,מחלבות גד בעמ,IL,מחלבות גד,גרמים,200.00,100 גרם,false,,18.00,0.0900,true,1,45282
7290017065137,false,גבינת ריקוטה למריחה 5% טבעית 200ג' גד,האי נאם סי או אל.טי.,IL,מחלבות גד,גרמים,200.00,100 גרם,false,,10.20,0.0510,true,1,45284
7290017065175,false,גבינה חצי קשה במעטפת סידן 36% שומן,הנסיך- מפעל לייצור ט,ES,מחלבות גד,גרמים,150.00,100 גרם,false,,21.90,0.1460,true,1,45288
7290017065212,false,גבינת קרם מסקרפונה מחלבות גד 250 גר,מיוצר עי קוד יצרן ED,IL,מחלבות גד,גרמים,250.00,100 גרם,false,,21.10,0.0844,true,1,45290
7290017065236,false,גבינה בולגרית מעודנת 24% גד 250 גרם,הנסיך- מפעל לייצור ט,IL,מחלבות גד,גרמים,250.00,100 גרם,false,,23.50,0.0940,true,1,45291
7290017065311,false,פרוסות גבינה מוצרלה מעושנת 200 ג',מחלבות גד בעמ,IL,מחלבות גד,גרמים,200.00,100 גרם,false,,18.90,0.0945,true,1,45294
7290017065380,false,גבינת גרנה פדנו שבבים גד 100 גרם,גבינות מדף,IT,גד,גרמים,100.00,100 גרם,false,,14.60,0.1460,true,1,45298
7290017065441,false,גבינה גאודה עיזים פרוסה הולנדית 200 גר',גבינות מדף,NL,מחלבות גד,גרמים,200.00,100 גרם,false,,31.90,0.1595,true,1,45302
7290017065526,false,קוואטרו פורמאג'י 4 גבינות מגוררות 26%,מחלבות גד בעמ,IL,מחלבות גד,גרמים,300.00,100 גרם,false,,29.90,0.0997,true,1,45309
7290017065588,false,יוגורט יווני 10% שומן 600 ג' גד,"מיוצר ע""\י קוד יצרן MKN",IL,מחלבות גד,גרמים,600.00,100 גרם,false,,17.00,0.0283,true,1,45310
7290017065618,false,גבינת פקורינו פרוס מחלב כבשים,הנסיך- מפעל לייצור ט,ES,מחלבות גד,גרמים,150.00,100 גרם,false,,22.90,0.1527,true,1,45312
7290017065649,false,קרם פטיסייר מחלבות ג,מיוצר עי קוד יצרן ED,IL,מחלבות גד,גרמים,250.00,100 גרם,false,,21.10,0.0844,true,1,45314
7290017065731,false,גבינת שמנת עם כמהין 30% ניו יורק 200 ג',פ.פ.ח. שאביט,IL,מחלבות גד,גרמים,200.00,100 גרם,false,,14.10,0.0705,true,1,45320
7290017065786,false,"גבינת צ`דר מחלבות גד , 210 גרם","מחלבות גד בע""\מ",IL,צ'דר,גרמים,210.00,100 גרם,false,,21.90,0.1043,true,1,45323
7290017065861,false,רוטב פקורינו ופלפל שחור קאצ'יו אה פפה 200 ג' גד,גבינות מדף,IL,קאצ'יו אה פפה - רוטב,גרמים,200.00,100 גרם,false,,16.10,0.0805,true,1,45327
7290017065960,false,רוטב פורצ'יני מחלבות גד 200 גרם,גבינות מדף,IL,רוטב פורצ'יני 200 ג,גרמים,200.00,100 גרם,false,,15.90,0.0795,true,1,70452
7290017068367,false,שמרים בוואקום 125 גרם,מיה,IL,שמרים יבשים 125 גרם,גרמים,125.00,100 גרם,false,,3.90,0.0312,true,1,44802
7290017068374,false,שמרים יבשים בואקום מיה 500 גרם,angle yeast co ltd,IL,שמרים יבשים 500 גרם,גרמים,500.00,100 גרם,false,,11.90,0.0238,true,1,44803
7290017068848,false,סוכריות קישוט לעוגה צבעוני מיה 200 גרם,מיה,IL,קישוט לעוגה צבעוני 2,גרמים,200.00,100 גרם,false,,7.90,0.0395,true,1,44807
7290017088051,false,בייביסיטר - חיתולי סטנדרט מידה 3 - 52 יח',די.פי.אל תעשיות מוצרים ח,IL,בייביסיטר,יח',50.00,יח',false,,32.90,0.6580,true,1,49914
7290017088068,false,בייביסיטר - חיתולי סטנדרט מידה 4 - 42 יח',די.פי.אל תעשיות מוצרים ח,IL,בייביסיטר,יח',42.00,יח',false,,32.90,0.7833,true,1,49915
7290017088075,false,בייביסיטר - חיתולי סטנדרט מידה 4+ - 40 יח',די.פי.אל תעשיות מוצרים ח,IL,בייביסיטר,יח',40.00,יח',false,,32.90,0.8225,true,1,49916
7290017088082,false,בייביסיטר - חיתולי סטנדרט מידה 5 - 36 יח',די.פי.אל תעשיות מוצרים ח,IL,בייביסיטר,יח',36.00,יח',false,,32.90,0.9139,true,1,49917
7290017088099,false,בייביסיטר - חיתולי סטנדרט מידה 6 - 30 יח',די.פי.אל תעשיות מוצרים ח,IL,בייביסיטר,יח',34.00,יח',false,,32.90,0.9676,true,1,49918
7290017088815,false,בריז תחבושות לבריחת שתן נורמל 12 יח,ניאופארם,IT,BREEZE,יח',12.00,יח',false,,14.90,1.2417,true,1,49929
7290017088822,false,BREEZE תחבושות לבריחת שתן אקסטרה (10 יח'),ניאופארם,IT,BREEZE,יח',10.00,יח',false,,14.90,1.4900,true,1,49930
7290017088839,false,BREEZE תחבושות לבריחת שתן אקסטרה פלוס (8 יח'),ניאופארם,IT,BREEZE,יח',8.00,יח',false,,14.90,1.8625,true,1,49931
7290017088969,false,חיתולים בייביסיטר NB מידה 1 -42 יחידות,די.פי.אל תעשיות מוצרים ח,IL,חיתולי בייביסיטר מיד,יח',42.00,יח',false,,25.90,0.6167,true,1,49937
7290017088983,false,חיתולים בייביסיטר NB מידה 2- 38 יחידות,די.פי.אל תעשיות מוצרים ח,IL,חיתולי בייביסיטר מיד,יח',38.00,יח',false,,25.90,0.6816,true,1,49938
7290017094830,false,סלט גזר ברוטב פיקנטי אסלי שמיר 400 ג',"סלטי שמיר 2006 בע""מ",IL,אסלי,גרמים,400.00,100 גרם,false,,10.90,0.0273,true,1,50701
7290017094847,false,סלט תפוחי אדמה אסלי שמיר 400 ג',"סלטי שמיר 2006 בע""מ",IL,אסלי,גרמים,400.00,100 גרם,false,,10.90,0.0273,true,1,50702
7290017094861,false,חומוס עם רוטב מסבחה אסלי שמיר 400 ג',"סלטי שמיר 2006 בע""מ",IL,אסלי,גרמים,400.00,100 גרם,false,,9.90,0.0248,true,1,50704
7290017105062,false,גרגירי חומוס שלם יכין הקטניה הטובה 200 ג,היינץ צפון אמריקה מק,IL,חומוס יכין 200 גרם,גרמים,200.00,100 גרם,false,,4.90,0.0245,true,1,41659
7290017105079,false,שעועית לבנה ברוטב עגבניות יכין הקטניה הט,היינץ צפון אמריקה מק,IL,שעועית ברוטב יכין 20,גרמים,200.00,100 גרם,false,,4.90,0.0245,true,1,41660
7290017105086,false,שימורי יכין שעועית צילי 200 גר,"זנלכל בע""\מ",IL,שעועית צ'ילי יכין 20,גרמים,200.00,100 גרם,false,,4.90,0.0245,true,1,41661
7290017105116,false,תורמוס הקטניה הטובה יכין 200/105 גרם,"זנלכל בע""\מ",IL,תורמוס יכין 200 גרם,גרמים,200.00,100 גרם,false,,4.90,0.0245,true,1,41664
7290017105123,false,פול מצרי הקטניה הטובה יכין 200/105 גרם,היינץ צפון אמריקה מק,IL,פול יכין 200 גרם,גרמים,200.00,100 גרם,false,,4.90,0.0245,true,1,41665
7290017105468,false,אפונה גינה עדינה ואקום יכין שלישיה * 200 ג',קשקמט קונסרב הונגריה,IL,שלישיית אפונה קטנה י,גרמים,600.00,100 גרם,false,,14.90,0.0248,true,1,41674
7290017105550,false,רביעיית רסק עגבניות 100% יכין 4X100 גרם,היינץ צפון אמריקה מק,IL,יכין,גרמים,400.00,100 גרם,false,,11.90,0.0298,true,1,41676
7290017105895,false,גרגרי חומוס להכנת חומוס משובח יכין 560 ג,זנלכל,IL,יכין,גרמים,560.00,100 גרם,false,,9.90,0.0177,true,1,41686
7290017121048,false,"פלפל צ'ומה 250 גרם ""עללחם""","מדשא תעשיות מזון בע""\מ",IL,עללחם,גרמים,250.00,100 גרם,false,,12.90,0.0516,true,1,48945
7290017121093,false,"אריסה חריפה 250 גרם ""עללחם""","מדשא תעשיות מזון בע""\מ",IL,עללחם,גרמים,250.00,100 גרם,false,,12.90,0.0516,true,1,48947
7290017129884,false,חמישיות שוקולד מריר 44% 85 גר*5*12 בקרטון,"כרמית תעשיות ממתקים בע""\",IL,מאגדת שוקולד מריר 44,גרמים,85.00,100 גרם,false,,14.90,0.1753,true,1,42339
7290017129983,false,שוקולד צ'יפס לבן פרווה כרמית 250 גרם,"כרמית תעשיות ממתקים בע""\",IL,כרמית,גרמים,250.00,100 גרם,false,,9.90,0.0396,true,1,42343
7290017140056,false,קמח חומוס ללא גלוטן 500 גרם,אופק מן הטבע,IL,קמח חומוס 500 גרם,גרמים,500.00,100 גרם,false,,14.90,0.0298,true,1,36799
7290017140308,false,קמח שקדים-שי של הטבע,אופק מן הטבע,IL,קמח שקדים 250 גרם,גרמים,250.00,100 גרם,false,,24.90,0.0996,true,1,36800
7290017140650,false,תערובת לעוגת שוקולד 400 גר,אופק מן הטבע,IL,תערובת לעוגת שוקולד,גרמים,500.00,100 גרם,false,,17.90,0.0358,true,1,36801
7290017140667,false,תערובת לפנקייק וקרפ 500 גר,אופק מן הטבע,IL,תערובת לפנקייק וקרפ,גרמים,500.00,100 גרם,false,,17.90,0.0358,true,1,36802
7290017142005,false,"שמן קוקוס אורגני עץ הזית צנצנת 320מ""ל",אקספלונקה,LK,עץ הזית,מיליליטרים,320.00,"100 מ""ל",false,,19.90,0.0622,true,1,30576
7290017142111,false,פתיתי טונה בשמן זית טו גו עץ הזית 85 גרם,"יוניקורד ח.צ בע""מ",TH,עץ הזית,גרמים,85.00,100 גרם,false,,9.90,0.1165,true,1,30577
7290017142128,false,"שמן זית כתית מעולה קלאסי עץ הזית 750 מ""ל",שמן תעשיות בעמ,IT,עץ הזית,מיליליטרים,750.00,"100 מ""ל",false,,32.90,0.0439,true,1,30578
7290017142159,false,"שלישיית נתחי טונה בהירה בשמן זית 80 גרם ""עץ הזית""",יוניקורד ח.צ בעמ,TH,עץ הזית,גרמים,240.00,100 גרם,false,,19.90,0.0829,true,1,30579
7290017142166,false,"פילה טונה פרוס עם שמן זית 120 גרם ""עץ הזית""","יוניקורד ח.צ בע""מ",TH,עץ הזית,גרמים,120.00,100 גרם,false,,14.90,0.1242,true,1,30580
7290017142203,false,"פילה טונה פרוס עם שמן זית בטעם מעושן 120 גרם ""עץ הזית""","יוניקורד ח.צ בע""מ",TH,עץ הזית,גרמים,120.00,100 גרם,false,,14.90,0.1242,true,1,30582
7290017142371,false,"שמן שומשום לא מזוכך עץ הזית 250 מ""ל",גאה די. או. או.,SI,עץ הזית,גרמים,250.00,100 גרם,false,,29.90,0.1196,true,1,30587
7290017142388,false,שמן חמניות פלוס אומגה 3 עץ הזית 1 ליטר,שמן תעשיות בעמ,IL,עץ הזית,ליטרים,1.00,ליטר,false,,14.90,14.9000,true,1,30588
7290017142395,false,"LUNCH TO GO פסטה עם טונה בשמן זית 160 גרם ""עץ הזית""",יוניקורד ח.צ בעמ,TH,עץ הזית,גרמים,160.00,100 גרם,false,,13.90,0.0869,true,1,30589
7290017142401,false,"LUNCH TO GO קינואה לבנה ואדומה טונה בשמן זית 160 גרם ""עץ הזית""",ג'נרל מילס סאן אדריא,TH,עץ הזית,גרמים,160.00,100 גרם,false,,13.90,0.0869,true,1,30590
7290017142418,false,"LUNCH TO GO אורז עם עדשים טונה בשמן זית 160 גרם ""עץ הזית""",יוניקורד ח.צ בעמ,TH,עץ הזית,גרמים,160.00,100 גרם,false,,13.90,0.0869,true,1,30591
7290017142456,false,מארז נתחי טונה בהירה בשמן זית 2 * 160 ג' עץ הזית,יוניקורד ח.צ בעמ,TH,עץ הזית,גרמים,320.00,100 גרם,false,,19.90,0.0622,true,1,30592
7290017229256,false,גריסיני שומשום 200 ג,מונביסו גרופ אס.אר.א,IT,monviso,גרמים,200.00,100 גרם,false,,4.90,0.0245,true,1,71146
7290017229379,false,גריסיני עם שמן זית 2,מונביסו גרופ אס.אר.א,IT,monviso,גרמים,200.00,100 גרם,false,,4.90,0.0245,true,1,71931
7290017275482,false,"סירופ בטעם ענבים אחוה 900 מ""ל",אחדות ביחר לטחינה חל,IL,סירופ בטעם ענבים 900,מיליליטרים,900.00,"100 מ""ל",false,,15.90,0.0177,true,1,33199
7290017275499,false,"סירופ בטעם אננס אחוה 900 מ""ל",אחדות ביחר לטחינה חל,IL,סירופ בטעם אננס 900,מיליליטרים,900.00,"100 מ""ל",false,,15.90,0.0177,true,1,33200
7290017275505,false,"סירופ בטעם פטל אחוה 900 מ""ל",אחדות ביחר לטחינה חל,IL,סירופ בטעם פטל 900 מ,מיליליטרים,900.00,"100 מ""ל",false,,15.90,0.0177,true,1,33201
7290017289595,false,"יין אינספייר בלנד אדום יבש 150 שנה 750 מ""ל",יקב טפרברג 1870 בעמ,IL,יקב טפרברג,מיליליטרים,750.00,"100 מ""ל",false,,74.90,0.0999,true,1,43675
7290017289618,false,"יין IMPRESSION פטיט סירה 150 שנה טפרברג 750 מ""ל",יקב טפרברג 1870 בעמ,IL,טפרברג,מיליליטרים,750.00,"100 מ""ל",false,,49.90,0.0665,true,1,43677
7290017296159,false,גרנולה תפוח וקינמון 400 גר',אפקט טבעי,IL,פנינה רוזנבלום בע'מ,גרמים,500.00,100 גרם,false,,24.90,0.0498,true,1,47911
7290017297149,false,גרגירי חומוס להכנת חומוס ביתי פרי הגליל 550 גרם,"פרי הגליל בע""""מ",IL,פרי הגליל,גרמים,550.00,100 גרם,false,,7.90,0.0144,true,1,47832
7290017297323,false,רוטב עגבניות מרוכז 22% טל וטרי 100 גרם,"מילוז(1989)בע""""מ",IL,טל,גרמים,100.00,100 גרם,false,,1.50,0.0150,true,1,47838
7290017297330,false,"טל רוטב עגבניות מרוכז, 240 גרם",טל וטרי,IL,טל וטרי,גרמים,240.00,100 גרם,false,,2.90,0.0121,true,1,47839
7290017303567,false,עוגיות מלוחות עם קצח 500 גר' אריאל,,,"מלוחים קצח ""תמר"" 500",גרמים,500.00,100 גרם,false,,11.90,0.0238,true,1,45926
7290017303574,false,עוגיות בטעמים שונים בקופ' 500 גר' אריאל,,,"מלוחים שומשום ""תמר""",גרמים,500.00,100 גרם,false,,11.90,0.0238,true,1,45927
7290017303604,false,עוגיות גרנולה 600 גר' אריאל,,,"עוגיות גרנולה ""תמר""",גרמים,600.00,100 גרם,false,,11.90,0.0198,true,1,45930
7290017303611,false,עוגיות כעכים קקאו 500 גר' אריאל,,,"כעכים קקאו ""תמר"" 500",גרמים,500.00,100 גרם,false,,11.90,0.0238,true,1,45931
7290017303628,false,עוגיות כתר במילוי בטעם תות 600 גר' אריאל,,,"עוגיות כתר תות ""תמר""",גרמים,600.00,100 גרם,false,,11.90,0.0198,true,1,45932
7290017303642,false,מקלות מסוכרים במילוי קינמון 400 גר' אריאל,,,עוגיות מקלות קינמון,גרמים,400.00,100 גרם,false,,11.90,0.0298,true,1,45934
7290017303659,false,עוגיות מיני מרוקאיות 500 גר' אריאל,,,עוגיות מרוקאיות מיני,גרמים,500.00,100 גרם,false,,11.90,0.0238,true,1,45935
7290017303666,false,עוגיות שוקוצ'יפס מצופה 600 גר' אריאל,,,"עוגיות שוקוציפס ""תמר",גרמים,600.00,100 גרם,false,,11.90,0.0198,true,1,45936
7290017303673,false,עוגיות שוקוצ'יפס לבן 600 גר' אריאל,,,עוגיות שוקוציפס לבן,גרמים,600.00,100 גרם,false,,11.90,0.0198,true,1,45937
7290017303680,false,עוגיות כעכים מרוקאיות 500 גר' אריאל,,,"כעכים מרוקאי ""תמר"" 5",גרמים,500.00,100 גרם,false,,11.90,0.0238,true,1,45938
7290017303758,false,בישקוטים בטעם חמאה בציפוי טעם שוקולד 500 גר' אריאל,,,"בישקוטים מצופים ""תמר",גרמים,500.00,100 גרם,false,,11.90,0.0238,true,1,45945
7290017303864,false,עוגיות כעכים/פריכות בטעם שוקולד/חמאה 500 גר' אריאל,,,"כעכים מצופים ""תמר"" 5",גרמים,500.00,100 גרם,false,,11.90,0.0238,true,1,45956
7290017304885,false,לחם שיפון מחיטה מלאה ללא תוספת סוכר 750 ג' אנג'ל,מאפיית שלמה א. אנג'\ל בע,IL,אנגל,גרמים,750.00,100 גרם,false,,16.90,0.0225,true,1,35445
7290017386348,false,שקד מולבן טחון 250 גרם,,PE,שקד מולבן טחון 250 ג,גרמים,250.00,100 גרם,false,,16.90,0.0676,true,1,69821
7290017406381,false,פירורי לחם מתובלים ג,,,פירורי לחם מתובלים 500ג,גרמים,500.00,100 גרם,false,,7.90,0.0158,true,1,62049
7290017406398,false,פירורי לחם מתובלים ש,,,פירורי לחם מתובלים 500ג,גרמים,500.00,100 גרם,false,,7.90,0.0158,true,1,62050
7290017440231,false,סרקל שמפו לילדים לשיער מתולתל 1 ליטר,פישר מעבדות פרמצבטיות בע,IL,סרקל,ליטרים,1.00,ליטר,false,,22.80,22.8000,true,1,44948
7290017440248,false,סרקל מרכך לילדים לשיער מתולתל 1 ליטר,פישר מעבדות פרמצבטיות בע,IL,סרקל,ליטרים,1.00,ליטר,false,,22.80,22.8000,true,1,44949
7290017440279,false,"ד""ר פישר - קידס אל סבון ויטמינים 750 מ""ל",פישר תעשיות,IL,אל סבון לילדים 750 מ,מיליליטרים,750.00,"100 מ""ל",false,,16.90,0.0225,true,1,44950
7290017440323,false,"ד""ר פישר - קידס שמפו + מרכך ויטמינים 750 מ""ל","ד""ר פישר Dr fischer",IL,שמפו ומרכך לילדים וי,מיליליטרים,750.00,"100 מ""ל",false,,16.90,0.0225,true,1,44953
7290017457574,false,כדוריות סבון נתלה לאסלה בניחוח פרחים - 3 יח',הנקל סוד,RS,סוד,גרמים,150.00,100 גרם,false,,16.90,0.1127,true,1,56907
7290017457727,false,"סוד כחול מרכך כביסה מרוכז20%+בישום 900 מ""ל",הנקל סוד,IL,סוד,מיליליטרים,900.00,"100 מ""ל",false,,11.90,0.0132,true,1,56916
7290017457932,false,סוד מרכך כביסה מרוכז פרש קונטרול כחול,הנקל סוד,IL,סוד,מיליליטרים,900.00,"100 מ""ל",false,,11.90,0.0132,true,1,56929
7290017513485,false,מחית עגבניות רוסטיקה גרנד איטליה 680 גרם,היצרן: ס.פ. פודנצנו -10,IT,מחית עגבניות,גרמים,680.00,100 גרם,false,,12.90,0.0190,true,1,51044
7290017513775,false,פליפז בייגלה מצופה שוקולד חלב מקוויטיס 140 גרם,אולקר מקבוצת פלאדיס,TR,פליפז,גרמים,140.00,100 גרם,false,,8.90,0.0636,true,1,51047
7290017513782,false,פליפז בייגלה מצופה שוקולד מריר מקוויטיס 140 גרם,אולקר מקבוצת פלאדיס,TR,פליפז,גרמים,140.00,100 גרם,false,,8.90,0.0636,true,1,51048
7290017589565,false,"ברקן, גוורצטרמינר לבן חצי יבש 750 מל",יקבי ברקן שיווק והפצ,IL,קלאסיק,מיליליטרים,750.00,"100 מ""ל",false,,32.90,0.0439,true,1,42700
7290017589633,false,"רזרב גולד אדישיין קברנה סוביניון 750 מ""ל",יקבי ברקן Barkan,IL,ספיישל רזרב,מיליליטרים,750.00,"100 מ""ל",false,,48.90,0.0652,true,1,42701
7290017599229,false,ממתיק סוכרלוז 200 טבליות סוכרזית,"סוכרזית בע""מ",IL,סוכרזית סוכרלוז 200,יח',200.00,יח',false,,19.90,0.0995,true,1,46503
7290017599236,false,סוכריות סטיוויה 200 טבליות,סנו מפעלי ברונוס.,IL,סוכרזית סטיוויה 200,יח',200.00,יח',false,,22.90,0.1145,true,1,46504
7290017599250,false,סוכרזית קלאסי 120 שקיות,ביסקול בע''מ,IL,סוכרזית קלאסי 120 שק,גרמים,100.00,100 גרם,false,,15.90,0.1590,true,1,46505
7290017599267,false,סוכרלוז 120 שקיות ממתיק שולחני,סוכרזית Sucrazit,IL,סוכרזית סוכרלוז 120,גרמים,120.00,100 גרם,false,,24.90,0.2075,true,1,46506
7290017599281,false,סוכרזית סטייויה פלוס 100 שקיות,ביסקול,IL,סוכרזית סטיוויה פלוס,גרמים,100.00,100 גרם,false,,34.90,0.3490,true,1,70468
7290017616223,false,שעועית ירוקה שלמה יו,,,שעועית ירוקה שלמה יו,גרמים,800.00,100 גרם,false,,6.90,0.0086,true,1,61478
7290017616278,false,שעועית ירוקה חתוכה 8,,,שעועית ירוקה חתוכה 8,גרמים,800.00,100 גרם,false,,6.90,0.0086,true,1,61479
7290017616315,false,שעועית ירוקה שלמה עד,,,שעועית ירוקה שלמה עד,גרמים,600.00,100 גרם,false,,9.90,0.0165,true,1,61481
7290017616339,false,אפונה עדינה 600 גרם,,,אפונה עדינה 600 גרם,גרמים,600.00,100 גרם,false,,9.90,0.0165,true,1,61483
7290017616452,false,אפונה וגזר 800 גרם,,,אפונה וגזר 800 גרם,גרמים,800.00,100 גרם,false,,8.90,0.0111,true,1,61488
7290017616483,false,לקט ירקות מעורבים קפ,,,לקט ירקות מעורבים קפ,גרמים,800.00,100 גרם,false,,8.90,0.0111,true,1,61490
7290017616490,false,פילה ברבוניה 400 גרם,,,פילה ברבוניה 400 גרם,גרמים,400.00,100 גרם,false,,24.90,0.0622,true,1,61491
7290017616759,false,לקט לקוסקוס 800 גרם,,,לקט לקוסקוס 800 גרם,גרמים,800.00,100 גרם,false,,8.90,0.0111,true,1,61494
7290017616964,false,במיה 600 גרם,,,במיה 600 גרם,גרמים,600.00,100 גרם,false,,7.90,0.0132,true,1,61499
7290017616971,false,תחתיות ארטישוק 400 ג,,,תחתיות ארטישוק 400 ג,גרמים,400.00,100 גרם,false,,7.90,0.0198,true,1,61500
7290017616988,false,פול 800 גרם,,,פול 800 גרם,גרמים,800.00,100 גרם,false,,9.90,0.0124,true,1,61501
7290017616995,false,פולי סויה אדממה 600,,,פולי סויה אדממה 600,גרמים,600.00,100 גרם,false,,9.90,0.0165,true,1,61502
7290017617411,false,סטארקיסט מיקס סלמון עם אורז מלא וירקות 160 גרם,סטארקיסט Starkist,PL,סטארקיסט מיקס סלמון,גרמים,160.00,100 גרם,false,,14.90,0.0931,true,1,71014
7290017617428,false,"סטארקיסט נתחי סלמון עם פסטה, עגבניות וזיתים פיקנטי",סטארקיסט Starkist,PL,סטארקיסט מיקס סלמון,גרמים,160.00,100 גרם,false,,14.90,0.0931,true,1,71015
7290017617435,false,סטארקיסט מיקס סלמון עם עדשים קינואה וירק 160 גרם,סטארקיסט Starkist,PL,סטארקיסט מיקס סלמון,גרמים,160.00,100 גרם,false,,14.90,0.0931,true,1,71016
7290017641096,false,"שוקולד פרימיום 70% לל""ס 100גרם בדצ *12יח*2 בדיס","כרמית תעשיות ממתקים בע""\",IL,שוקולד פרימיום70% לל,גרמים,100.00,100 גרם,false,,7.90,0.0790,true,1,42344
7290017641102,false,"שוקולד פרימיום 70% לל""ס תפוז 100ג' 12יח*2 בדיס",כרמית תעשיות ממתקים,IL,שוקולד פרימיום70% לל,גרמים,100.00,100 גרם,false,,7.90,0.0790,true,1,42345
7290017641188,false,קרקר עם שיפון מלא וסלק כרמית 130 גרם,דנוויטה ג'\יי. אס. סי,LT,קרקר עם שיפון מלא וס,גרמים,130.00,100 גרם,false,,5.90,0.0454,true,1,42352
7290017641379,false,חמישיות שוקולד חלב בדצ 85 ג*5 בלמינט*12 בקרט בדצ,"כרמית תעשיות ממתקים בע""\",IL,מאגדת שוקולד חלב 44,גרמים,85.00,100 גרם,false,,14.90,0.1753,true,1,42358
7290017641997,false,"שוקולד מריר עם שברי אגוזי לוז פרימיום 70% לל""ס כרמית","כרמית תעשיות ממתקים בע""\",IL,שוקולד פרימיום70% לל,גרמים,100.00,100 גרם,false,,7.90,0.0790,true,1,42377
7290017677804,false,"רוטב סויה ללא חומרים משמרים קיקומן 444 מ""ל",קיקומן פודז אינק,US,קיקומן,מיליליטרים,444.00,"100 מ""ל",false,,19.90,0.0448,true,1,56670
7290017712307,false,חטיף פרמיו 150ג מיני,לנגי,CN,חטיף פרמיו מיני 150,גרמים,150.00,100 גרם,false,,12.90,0.0860,true,1,63972
7290017712758,false,פרמיו סלמון לחתול,פרמיו Premio,FR,פרמיו סלמון 100 ג',גרמים,100.00,100 גרם,false,,4.90,0.0490,true,1,63995
7290017715285,false,רביעיית מחית תפוח עץ עם דובדבן תומר 113 גרם,Cherry growers inc,US,רסק תפוחי עץ דיאט רביעיה,גרמים,452.00,100 גרם,false,,10.90,0.0241,true,1,53801
7290017729275,false,סיון גליל נייר למטבח מודפס 3 שכ' 235 מטליות 1/6,,,סיון גליל נייר מודפס,יח',6.00,יח',false,,14.90,2.4833,true,1,42066
7290017729657,false,ליב מפיות לבן 150 חד שכבתי,חי,IL,פנסי,יח',150.00,יח',false,,5.90,0.0393,true,1,42068
7290017729695,false,ליב מטליות מיקרופייבר חכמות 1/4,סמארט דנמרק,CN,חי מוצרי נייר,יח',4.00,יח',false,,16.90,4.2250,true,1,70384
7290017812052,false,יין שיראז-קברנה סוביניון אקסלנס יקבי כרמל,יקבי כרמל Carmel Winery,IL,יקבי כרמל,מיליליטרים,750.00,"100 מ""ל",false,,24.90,0.0332,true,1,35358
7290017812571,false,מיץ ענבים תירוש אדום 100% טבעי כרמל 1 ליטר,יקבי כרמל Carmel Winery,IL,מיץ ענבים,ליטרים,1.00,ליטר,false,,19.90,19.9000,true,1,35365
7290017812588,false,מיץ ענבים תירוש לבן 100% טבעי כרמל 1 ליטר,יקבי כרמל Carmel Winery,IL,מיץ ענבים,ליטרים,1.00,ליטר,false,,19.90,19.9000,true,1,35366
7290017812618,false,מיץ ענבים תירוש אדום רוזה כרמל 1 ליטר,כרמל מזרחי,IL,מיץ ענבים,ליטרים,1.00,ליטר,false,,19.90,19.9000,true,1,35367
7290017812830,false,יין רוזה פרייבט קולקשיין 750מל יקבי כרמל,"כד בני דרום בע""מ",IL,Private collection,מיליליטרים,750.00,"100 מ""ל",false,,32.40,0.0432,true,1,35370
7290017812885,false,"יין P.C סוביניון בלאן גוורצטרמינר כרמל 750 מ""ל",אגודת הכורמים א.ת אל,IL,Private collection,מיליליטרים,750.00,"100 מ""ל",false,,32.40,0.0432,true,1,35373
7290017812977,false,"יין קריניאנו סלקטדאננס באז כרמל 750 מ""ל",כרמל מזרחי,IL,סלקטד,מיליליטרים,750.00,"100 מ""ל",false,,27.90,0.0372,true,1,35374
7290017841595,false,חושן קערה עגולה לסלט,,,חושן קערה עגולה לסלט,יח',1.00,יח',false,,5.90,5.9000,true,1,59828
7290017841601,false,חושן קערה עגולה לסלט,,,חושן קערה עגולה לסלט,יח',1.00,יח',false,,7.90,7.9000,true,1,59829
7290017842127,false,נייר לעטיפת סנדוויץ',מ.ב.נייר,IL,אמנון ותמר,יח',100.00,יח',false,,8.90,0.0890,true,1,59832
7290017842806,false,צלחות ענקיות מעלי דק,,,צלחות ענקיות מעלי דק,יח',10.00,יח',false,,14.90,1.4900,true,1,59836
7290017842813,false,צלחות גדולות מעלי דק,,,צלחות גדולות מעלי דק,יח',10.00,יח',false,,12.90,1.2900,true,1,59837
7290017842837,false,מרקיות מעלי דקל שווה,,,מרקיות מעלי דקל שווה,יח',10.00,יח',false,,9.90,0.9900,true,1,59839
7290017842851,false,מגשים עגולים ענקיים,,,מגשים עגולים ענקיים,יח',5.00,יח',false,,9.90,1.9800,true,1,59841
7290017871974,false,טוסו אבקת ג'לי טעם תות 30גרם,אשבל מזון פונקציונלי בע\,IL,טוסו,גרמים,25.00,100 גרם,false,,9.90,0.3960,true,1,37996
7290017872056,false,פמלי אל סבון 3*1 הסדרה הלבנה-מעורב 500 גרם*3,אברנסל קוסמטיקס,TR,פמלי,ליטרים,1.50,ליטר,false,,13.90,9.2667,true,1,38000
7290017872162,false,טוסו - עוגיות אגוזי לוז ללא סוכר 200 גרם,"הגביע מוצרי וופלים בע""\מ",IL,טוסו,גרמים,200.00,100 גרם,false,,14.90,0.0745,true,1,38003
7290017872186,false,טוסו - עוגיות פקאן ללא סוכר 200 גרם,"הגביע מוצרי וופלים בע""\מ",IL,טוסו,גרמים,200.00,100 גרם,false,,14.90,0.0745,true,1,38005
7290017872193,false,טוסו עוגיות שקדים וקינמון ללא סוכר 200 גרם,"הגביע מוצרי וופלים בע""\מ",IL,טוסו,גרמים,200.00,100 גרם,false,,14.90,0.0745,true,1,38006
7290017873008,false,גלילונית הקפאה זוג 275 יחידות,"אשפלסט תעשיות בע""מ",IL,גלילונית,יח',275.00,יח',false,,11.90,0.0433,true,1,38013
7290017873039,false,מארז זוג שקיות לסנדוויץ גלילונית 2*160 יח',"קינג באג בע""מ",TH,גלילונית,יח',320.00,יח',false,,9.90,0.0309,true,1,38014
7290017888019,false,"משקה תפוח רימון סלק גינגיר פרות &ווג 350 מ""ל",פרוט אנד וג' Fruit & Veg,IL,פרוט & וג' תפוח רימו,מיליליטרים,350.00,"100 מ""ל",false,,7.50,0.0214,true,1,43336
7290017888026,false,"משקה אננס תפוח גזר פרות & ווג 350 מ""ל",פרוט אנד וג' Fruit & Veg,IL,פרוט & וג' אננס תפוח,מיליליטרים,350.00,"100 מ""ל",false,,7.50,0.0214,true,1,43337
7290017888033,false,"משקה בננה מלון נענע פרות &ווג 350 מ""ל",פרוט אנד וג' Fruit & Veg,IL,פרוט & וג' בננה מלון,מיליליטרים,350.00,"100 מ""ל",false,,7.50,0.0214,true,1,43338
7290017888729,false,שוופס סודה בקבוק 1 ל',"יפאורה תבורי בע""\מ",IL,יפאורה,ליטרים,1.00,ליטר,false,,3.90,3.9000,true,1,43360
7290017894058,false,דגש תערובת להכנת לחם 500 גרם,"אף סי, תבליני הגליל",IL,דגש - תערובת להכנת ל,יחידה,500.00,יחידה,false,,17.90,0.0358,true,1,68928
7290017894089,false,קמח שיבולת שועל דגש 400 גרם,אף. סי תבליני הגליל,IL,דגש קמח שיבולת שועל,יחידה,500.00,יחידה,false,,19.90,0.0398,true,1,68930
7290017894102,false,פנה אורז תירס דגש 400 גרם,אנדריאני,IL,דגש - פנה אורז תירס,יחידה,400.00,יחידה,false,,9.90,0.0248,true,1,68931
7290017894119,false,פוזילי אורז תירס דגש 400 גרם,אנדריאני,IL,דגש - פוזילי אורז תי,יחידה,400.00,יחידה,false,,9.90,0.0248,true,1,68932
7290017894126,false,פוזילי טריקולור דגש 400 גרם,אנדריאני,IL,דגש - פוזילי טריקולו,יחידה,400.00,יחידה,false,,9.90,0.0248,true,1,68933
7290017894201,false,סודה לשתייה ללא אלומיניום דגש 500 גרם,,IL,דגש - סודה לשתיה ללא,יחידה,500.00,יחידה,false,,16.90,0.0338,true,1,68935
7290017894270,false,אבקת אפייה ללא אלומיניום דגש 500 גרם,,IL,דגש - אבקת אפייה ללא,יחידה,500.00,יחידה,false,,17.60,0.0352,true,1,68937
7290017917467,false,אל סבון טיפולי לתינוק קמיל בלו שיבולת שועל,"ד""ר פישר Dr fischer",IL,קמיל בלו אל סבון שיב,ליטרים,1.00,ליטר,false,,32.90,32.9000,true,1,44967
7290017928036,false,מקלות גריסיני שומשום מאיר בייגל 175 גרם,מאיר את בייגל,IL,מאיר בייגל,גרמים,175.00,100 גרם,false,,8.90,0.0509,true,1,38015
7290017928043,false,מקלות גריסיני קראנץ' מלח מאיר בייגל 175 גרם,מאיר את בייגל,IL,מאיר בייגל,גרמים,175.00,100 גרם,false,,8.90,0.0509,true,1,38016
7290017928098,false,שטוחלה מלח מאיר בייגל 330 גרם,מאיר את בייגל,IL,מאיר בייגל,גרמים,330.00,100 גרם,false,,10.90,0.0330,true,1,38017
7290017928227,false,שטוחלה פינוקים מאיר בייגל 300 גרם,מאיר את בייגל,IL,מאיר בייגל,גרמים,300.00,100 גרם,false,,10.90,0.0363,true,1,38019
7290017928463,false,מאיר בייגל -סמאש-שבורים בטעם דבש חרדל ובצל 300 גרם,מאיר בייגל,BG,*מבצע* שברי בייגלה ב,גרמים,300.00,100 גרם,false,,9.90,0.0330,true,1,38021
7290017928616,false,שטוחלה שומשום מאיר בייגל 300 גרם,מאיר את בייגל,IL,מאיר בייגל,גרמים,300.00,100 גרם,false,,10.90,0.0363,true,1,38023
7290017928661,false,מאיר בייגל -סמאש-שבורים בטעם צ'דר 300 גרם,מאיר בייגל,BG,*מבצע* שברי בייגלה ב,גרמים,300.00,100 גרם,false,,9.90,0.0330,true,1,38025
7290017947495,false,6 לחמניות כוסמין 450 גרם אנג'ל,מאפיית שלמה א.אנג'\ל,IL,לחמניות כוסמין,גרמים,450.00,100 גרם,false,,14.90,0.0331,true,1,35453
7290017947891,false,לחם אנג'ל כוסמין וחיטה מלאה 750 גרם,מאפיית שלמה א. אנג'\ל בע,IL,אנגל,גרמים,750.00,100 גרם,false,,16.90,0.0225,true,1,35455
7290017947921,false,לחמניות המבורגר בסגנון אמריקאי מארז 6 יח',מאפיית שלמה א. אנג'\ל בע,IL,אנגל,יח,6.00,יח,false,,14.90,2.4833,true,1,35457
7290017947938,false,מיני לחמניות המבורגר בסגנון אמריקה 400 ג' אנג'ל,מאפיית שלמה א. אנג'\ל בע,IL,לחמניות,גרמים,400.00,100 גרם,false,,14.90,0.0373,true,1,35458
7290017973005,false,קונפיטורה אוכמניות מעובדות רוסמן 900 גרם,"י.א.א עולם הפרי בע""מ",IL,רוסמן,גרמים,900.00,100 גרם,false,,19.90,0.0221,true,1,42908
7290017973029,false,קונפיטורה תות שדה רוסמן 900 גרם,"י.א.א עולם הפרי בע""מ",IL,רוסמן,גרמים,900.00,100 גרם,false,,19.90,0.0221,true,1,42909
7290017973043,false,קונפיטורה דובדבנים רוסמן 900 גרם,"י.א.א עולם הפרי בע""מ",IL,רוסמן,גרמים,900.00,100 גרם,false,,19.90,0.0221,true,1,42911
7290018045497,false,בון בון דגנים במילוי קרם שוקולד 480 גרם,מונדיי Monday,DE,*מבצע* דגנים במילוי,גרמים,480.00,100 גרם,false,,19.90,0.0415,true,1,55903
7290018071434,false,בקבוק מימיה עם קש סיליקון ומכסה TULIPS,J.B. Comp Lt,CN,טוליפס,יח',1.00,יח',false,,15.00,15.0000,true,1,35222
7290018091029,false,מקלות פילו תפוחי אדמה מעדנות 450 ג',תנובה מעדנות,IL,מעדנות,גרמים,450.00,100 גרם,false,,17.90,0.0398,true,1,58617
7290018091616,false,מקלות פילו גבינה מעדנות 450 גרם,מיוצר עי קונדיטוריית,IL,מעדנות,גרמים,450.00,100 גרם,false,,17.90,0.0398,true,1,58638
7290018091876,false,"מאפה פילו גבינה, 320 גרם מעדנות","מעדנות בע""\מ",IL,מאפה פילו גבינה 320,גרמים,320.00,100 גרם,false,,19.90,0.0622,true,1,58650
7290018098585,false,קציצות צמחוניות 300 גרם,"אופק מן הטבע בע""\מ",IL,*מבצע* קציצות 300 גר,גרמים,300.00,100 גרם,false,,19.90,0.0663,true,1,36816
7290018099001,false,מאסטר פיתה עשיריה בר ולחם,מאסטר פייתה,IL,עשיריית פיתות אפייה,יחידה,0.00,יחידה,false,,13.50,0.0000,true,1,71365
7290018131855,false,אקסטרים טילון בראוניז בדצ מאגדת 6*72 גרם נסטלה,גלידות נסטלה )נגה גלידות,IL,אקסטרים,יח',6.00,יח',false,,25.90,4.3167,true,1,46065
7290018131879,false,אקסטרים טילון חלב בדצ מאגדת 6*72 גרם נסטלה,גלידות נסטלה )נגה גלידות,IL,אקסטרים,יח',6.00,יח',false,,25.90,4.3167,true,1,46066
7290018131893,false,אקסטרים טילון פקאן בדצ מאגדת 6*72 גרם נסטלה,גלידות נסטלה )נגה גלידות,IL,אקסטרים,יח',6.00,יח',false,,25.90,4.3167,true,1,46067
7290018132340,false,"מטרנה גולד בד""ץ שלב 1 700 גרם",מטרנה תעשיות ש.מ.,IL,מטרנה גולד 700 גרם ש,גרמים,700.00,100 גרם,false,,74.90,0.1070,true,1,33830
7290018132425,false,מטרנה גולד שלב 3 תרכובת מזון על בסיס חלבי,מטרנה תעשיות ש.מ.,IL,מטרנה גולד 700 גרם ש,גרמים,700.00,100 גרם,false,,74.90,0.1070,true,1,33832
7290018156124,false,"אל סבון קמיל צבעוני ד""ר פישר שלישיה* 500 מ""ל",פישר תעשיות,IL,קמיל,גרמים,1.50,100 גרם,false,,19.90,13.2667,true,1,44981
7290018165010,false,"יין רזרב GOLD EDITION גווצטרמינר ברקן 750 מ""ל",יקבי ברקן שיווק והפצה בע,IL,ספיישל רזרב,מיליליטרים,750.00,"100 מ""ל",false,,48.90,0.0652,true,1,42702
7290018165447,false,"יין רזרב GOLD מרלו ברקן 750 מ""ל",יקבי ברקן שיווק והפצה בע,IL,ספיישל רזרב,מיליליטרים,750.00,"100 מ""ל",false,,48.90,0.0652,true,1,42704
7290018186008,false,שרי אשכולות ארוז,,,שרי אשכולות ארוז,גרמים,460.00,100 גרם,false,,8.90,0.0193,true,1,30871
7290018192023,false,מקלות סלרי ארוז יח',"מרינה פטריות הגליל בע""מ",IL,סלרי חתוך יח',יח',1.00,יח',false,,5.90,5.9000,true,1,62833
7290018192658,false,מארז זוג פטריות פורטובלה ושמפיניון מרינה,"מרינה פטריות הגליל בע""מ",IL,מארז פטריות זוג,יח',1.00,יח',false,,15.90,15.9000,true,1,62836
7290018249123,false,אינסטנט פודינג סוויטאנגו בטעם וניל,מתבל תעשיות מזון,IL,סוויטאנגו אינסטנט פו,גרמים,50.00,100 גרם,false,,11.90,0.2380,true,1,47994
7290018249154,false,סוויטאנגו ממרח אגוזי לוז 350 גרם,"אחדות ביח""ר לטחינה ח",IL,סוויטאנגו ממרח קקאו,גרמים,350.00,100 גרם,false,,32.90,0.0940,true,1,47995
7290018249994,false,ממתיק סוויטאנגו אריזת חיסכון,מתבל תעשיות מזון,IL,סוויטאנגו ממתיק 700,גרמים,700.00,100 גרם,false,,59.90,0.0856,true,1,47999
7290018282038,false,מגבוני טואלט לחים של,,,מגבוני טואלט לחים של,יח,3.00,יח,false,,9.90,3.3000,true,1,65135
7290018282199,false,אל סבון משאבה יוחננו,,,אל סבון משאבה יוחננו,ליטרים,1.00,ליטר,false,,8.90,8.9000,true,1,65136
7290018282397,false,אל סבון משאבה יוחננו,,,אל סבון משאבה יוחננו,ליטרים,1.00,ליטר,false,,8.90,8.9000,true,1,65137
7290018282595,false,אל סבון משאבה יוחננו,,,אל סבון משאבה יוחננו,ליטרים,1.00,ליטר,false,,8.90,8.9000,true,1,65138
7290018282793,false,מטליות לניקוי רצפה י,,,מטליות לניקוי רצפה י,יח,1.00,יח,false,,7.90,7.9000,true,1,65139
7290018282847,false,אל סבון משאבה יוחננו,,,אל סבון משאבה יוחננו,ליטרים,1.00,ליטר,false,,8.90,8.9000,true,1,65140
7290018294192,false,פרייבט קולקשין בלנד היינן 700מל,כרמל מזרחי,IL,Private collection,מיליליטרים,750.00,"100 מ""ל",false,,32.40,0.0432,true,1,35376
7290018296042,false,לחם טוסט אמריקה אגמי,מאפיית אגמי,IL,לחם טוסט אמריקה 500,גרמים,500.00,100 גרם,false,,12.90,0.0258,true,1,59205
7290018296448,false,לחם בריוש 500 גרם,מאפיית אגמי,IL,אגמי,גרמים,500.00,100 גרם,false,,13.90,0.0278,true,1,59209
7290018296455,false,לחם דגנים קל מרובע חלי ממן 750גר,מאפיית אגמי,IL,אגמי,גרמים,750.00,100 גרם,false,,16.90,0.0225,true,1,59210
7290018296608,false,לחם בריאות ושובע 9 דגנים קל,מאפיית אגמי,IL,לחם בריאות תשע דגנים,גרמים,600.00,100 גרם,false,,13.90,0.0232,true,1,59211
7290018296615,false,פיתה ביס כוסמין מלא 10יח,"מאפיית אגמי בע""מ",IL,10 פיתה ביס כוסמין מ,גרמים,450.00,100 גרם,false,,15.90,0.0353,true,1,59212
7290018296653,false,לחם אחיד פלוס כוסמין מרובע 700גר,מאפיית אגמי,IL,אגמי,גרמים,700.00,100 גרם,false,,16.90,0.0241,true,1,59214
7290018296806,false,לחם בריאות ושובע מועשר בסיבים,מאפיית אגמי,IL,לחם בריאות קל,גרמים,600.00,100 גרם,false,,13.90,0.0232,true,1,59215
7290018296813,false,פיתה ביס קלה 10 יח 4,"מאפיית אגמי בע""מ",,לחם בריאות זיתים,יח',450.00,יח',false,,13.90,0.0309,true,1,59216
7290018333006,false,"שוקולד מריר עם שברי שקדים פרימיום 70% לל""ס כרמית","כרמית תעשיות ממתקים בע""\",IL,שוקולד פרימיום70% לל,גרמים,100.00,100 גרם,false,,7.90,0.0790,true,1,42378
7290018343296,false,דר פישר אלכוגל H לידיים 100 מל,מדי פישר,IL,"ד""ר פישר",מיליליטרים,100.00,"100 מ""ל",false,,14.90,0.1490,true,1,44985
7290018359334,false,רכז עגבניות טבעי פריכוז שף יכין 580 גרם,זנלכל,IL,פריכוז שף,גרמים,580.00,100 גרם,false,,9.90,0.0171,true,1,41696
7290018359495,false,תירס מהשדה בלי תוספת סוכר יכין 550 גרם,היינץ צפון אמריקה מק,IL,תירס מהשדה יכין 550,גרמים,550.00,100 גרם,false,,9.90,0.0180,true,1,41703
7290018359518,false,תירס מהשדה בלי תוספת סוכר יכין מארז 200X3 גר',"זנלכל בע""\מ",IL,שלישיית תירס מהשדה י,גרמים,600.00,100 גרם,false,,14.90,0.0248,true,1,41704
7290018359556,false,תירס מהשדה בלי תוספת סוכר יכין 400 גרם,היינץ צפון אמריקה מק,IL,תירס מהשדה יכין 400,גרמים,400.00,100 גרם,false,,7.90,0.0198,true,1,41705
7290018359716,false,רוטב עגבניות פיצה טוסקנה 240 גרם יכין,"זנלכל בע""\מ",IL,רוטב פיצה 260 גרם,גרמים,240.00,100 גרם,false,,5.50,0.0229,true,1,41709
7290018359938,false,"רוטב עגבניות לשקשוקה יכין, 400 גרם",זנלכל,IL,*מבצע* רוטב עגבניות,גרמים,400.00,100 גרם,false,,9.90,0.0248,true,1,41714
7290018359945,false,רוטב עגבניות פיקנטי מפלפלים וירקות יכין 400 גרם,זנלכל,IL,*מבצע* חאריפה -רוטב,גרמים,400.00,100 גרם,false,,9.90,0.0248,true,1,41715
7290018359952,false,רוטב עגבניות לפסטה יכין 400 גרם,זנלכל,IL,*מבצע* רוטב עגבניות,גרמים,400.00,100 גרם,false,,9.90,0.0248,true,1,41716
7290018359969,false,רוטב עגבניות לפיצה יכין 400 גרם,זנלכל,IL,*מבצע* רוטב עגבניות,גרמים,400.00,100 גרם,false,,9.90,0.0248,true,1,41717
7290018400647,false,סמודיז בננה תמר סנפרוסט 300 גרם,"סנפרוסט בע""\מ",IL,סנפרוסט,גרמים,300.00,100 גרם,false,,12.90,0.0430,true,1,58753
7290018440070,false,תרכיז עגבניות בשפורפרת 28BX בלה איטליה 200 ג',בלה איטליה Bella Italia,IT,תרכיז עגבניות בשפורפ,מיליליטרים,200.00,"100 מ""ל",false,,8.90,0.0445,true,1,51067
7290018440209,false,פליפז בייגלה בציפוי פאדג' לבן מקוויטיס 140 גרם,אולקר מקבוצת פלאדיס,TR,פליפז,גרמים,140.00,100 גרם,false,,8.90,0.0636,true,1,51069
7290018440230,false,תה צ'אי ורדים 25 שקיקים ויסוצקי,תה ויסוצקי,IL,*מבצע* צ'אי ורדים וי,יח',25.00,יח',false,,17.90,0.7160,true,1,51071
7290018440247,false,תה צ'אי שקדים0 25 שקיקים ויסוצקי,תה ויסוצקי,IL,*מבצע* צ'אי שקדים וי,יח',25.00,יח',false,,17.90,0.7160,true,1,51072
7290018440254,false,תה צ'אי קרמל מלוח 25 שקיקים ויסוצקי,תה ויסוצקי,IL,*מבצע* צ'אי קרמל מלו,יח',25.00,יח',false,,17.90,0.7160,true,1,51073
7290018440438,false,Calvo טונה בשמן זית פתיחה קלה 3 * 65 גרם,"קאלוו קונסרבס ס.ל.יו. ,",ES,*מבצע* טונה EASY בש,גרמים,195.00,100 גרם,false,,22.90,0.1174,true,1,51077
7290018440490,false,סלט טונה קאלוו עם קוסקוס 150 גר,"קאלוו קונסרבס ס.ל.יו. ,",ES,*מבצע* סלט טונה עם ק,גרמים,150.00,100 גרם,false,,12.90,0.0860,true,1,51082
7290018440513,false,סלט קליפורנייה קאלוו עם טונה 150 גר,"קאלוו קונסרבס ס.ל.יו. ,",ES,*מבצע* סלט קליפורניה,גרמים,150.00,100 גרם,false,,12.90,0.0860,true,1,51084
7290018468401,false,פסטרמה צמחונית בטעם גריל 100 גר טירת צבי,טיב טירת צבי 2000,IL,פסטרמה צמחונית בטעם,גרמים,120.00,100 גרם,false,,17.90,0.1492,true,1,69095
7290018468425,false,נקניק טבעוני בטעם פיקנטי 100 גרם טירת צבי,טיב טירת צבי 2000,IL,נקניק טבעוני בטעם פי,גרמים,100.00,100 גרם,false,,17.90,0.1790,true,1,69097
7290018471029,false,"סודה בטעם לימון - מארז 6 בקבוקים 500 מ""ל",יפאורה תבורי בעמ,IL,שוופס,מיליליטרים,500.00,"100 מ""ל",false,,13.90,0.0278,true,1,43375
7290018471043,false,"ספרינג נקטר פירות טרופיים פחית 330 מ""ל",יפאורה תבורי בעמ,IL,ספרינג נקטר פירות טר,מיליליטרים,330.00,"100 מ""ל",false,,4.50,0.0136,true,1,43376
7290018471180,false,משקה פרוט& ווג' אננס תפוח גזר 1 ליטר,פרוט אנד וג' Fruit & Veg,IL,פרוט & ווג' אננס תפו,ליטרים,1.00,ליטר,false,,12.50,12.5000,true,1,43380
7290018471197,false,פרוט & ווג' תפוח בננה מלון נענע 1 ליטר,פרוט אנד וג' Fruit & Veg,IL,פרוט & ווג' תפוח בננ,ליטרים,1.00,ליטר,false,,12.50,12.5000,true,1,43381
7290018471395,false,משקה פרוט& ווג' תפוח רימון ג'ינג'ר 1 ליטר,פרוט אנד וג' Fruit & Veg,IL,פרוט & ווג' תפוח רימ,ליטרים,1.00,ליטר,false,,12.50,12.5000,true,1,43387
7290018471401,false,משקה פרוט& ווג' אננס בננה כורכום 1 ליטר,פרוט אנד וג' Fruit & Veg,IL,פרוט & ווג' אננס בננ,ליטרים,1.00,ליטר,false,,12.50,12.5000,true,1,43388
7290018471463,false,תפוזינה נקטר תפוז מנגו קרטונית 1 ליטר,"יפאורה תבורי בע""\מ",IL,תפוזינה נקטר קרטונית,ליטרים,1.00,ליטר,false,,6.80,6.8000,true,1,43391
7290018471470,false,תפוזינה נקטר תפוז פסיפלורה קרטונית 1 ליטר,"יפאורה תבורי בע""\מ",IL,תפוזינה נקטר קרטונית,ליטרים,1.00,ליטר,false,,6.80,6.8000,true,1,43392
7290018471487,false,תפוזינה נקטר תפוז אננס קרטונית 1 ליטר,"יפאורה תבורי בע""\מ",IL,תפוזינה נקטר קרטונית,ליטרים,1.00,ליטר,false,,6.80,6.8000,true,1,43393
7290018471494,false,קרטונית נקטר ספרינג תפוז גזר 1 ליטר,"יפאורה תבורי בע""\מ",IL,תפוזינה קרטונית תפוז,ליטרים,1.00,ליטר,false,,6.80,6.8000,true,1,43394
7290018471616,false,שוופס אינדיאן טוניק 1 ליטר,"יפאורה תבורי בע""\מ",IL,שוופס אינדיאן טוניק,ליטרים,1.00,ליטר,false,,9.10,9.1000,true,1,43398
7290018471906,false,שוופס מוגז פירות לימונדה ורודה 1.5 ליטר פיקדון,"יפאורה תבורי בע""\מ",IL,שוופס פרוטס,ליטרים,1.50,ליטר,false,,8.80,5.8667,true,1,43413
7290018471913,false,משקה מוגז פירות תפוחים שוופס 1.5 ליטר,"יפאורה תבורי בע""\מ",IL,שוופס פרוטס,ליטרים,1.50,ליטר,false,,8.80,5.8667,true,1,43414
7290018471920,false,שוופס מוגז פירות ענבים 1.5 ליטר פיקדון,"יפאורה תבורי בע""\מ",IL,שוופס פרוטס,ליטרים,1.50,ליטר,false,,8.80,5.8667,true,1,43415
7290018471937,false,שוופס מוגז פירות תות ליים 1.5 ליטר פיקדון,"יפאורה תבורי בע""\מ",IL,שוופס פרוטס,ליטרים,1.50,ליטר,false,,8.80,5.8667,true,1,43416
7290018471944,false,שוופס מוגז פירות לימונייד 1.5 ליטר פיקדון,"יפאורה תבורי בע""\מ",IL,שוופס פרוטס,ליטרים,1.50,ליטר,false,,8.80,5.8667,true,1,43417
7290018471951,false,שוופס מוגז פירות אשכולית אדומה 1.5 ליטר פיקדון,"יפאורה תבורי בע""\מ",IL,שוופס פרוטס,ליטרים,1.50,ליטר,false,,8.80,5.8667,true,1,43418
7290018493144,false,קמיל קלין &נוריש אל סבון מועשר בשמן ארגן 1 ליטר,פישר מעבדות פרמצבטיות,IL,דר פישר,ליטרים,1.00,ליטר,false,,11.90,11.9000,true,1,45000
7290018493748,false,"ד""ר פישר - מגבונים להסרת איפור אקסטרה סופט 30 יח' * 3",פישר מעבדות פרמצבטיות בע,IL,*מבצע* שלישיית מגבונ,יח',3.00,יח',false,,22.90,7.6333,true,1,45005
7290018493977,false,קמיל לניקוי והרגעת העור מועשר בשיבולת שועל 1 ל',פישר מעבדות פרמצבטיות,IL,דר פישר,ליטרים,1.00,ליטר,false,,11.90,11.9000,true,1,45011
7290018500361,false,"לחם שחור פרוס 900 גרם ""אנג'ל"" -מוצר בפיקוח",מאפיית שלמה א. אנג'\ל בע,IL,לחם אחיד פרוס אנגל 9,גרמים,900.00,100 גרם,false,,8.30,0.0092,true,1,35461
7290018500385,false,"חלה רגילה 650 גרם ""אנגל""-מוצר בפיקוח",מאפיית שלמה א. אנגל,IL,חלה רגילה אנג'ל 650,גרמים,650.00,100 גרם,false,,5.50,0.0085,true,1,35462
7290018500460,false,לחם חצי מלא אנג'ל 700 גרם,אנג'ל,IL,אנג'ל,גרמים,700.00,100 גרם,false,,10.90,0.0156,true,1,35464
7290018516324,false,פאוץ' פרינוק תפוח עץ עם שיבולת שועל 120 גרם,פרוטה פודווין איי.אס,CZ,רנדי,גרמים,120.00,100 גרם,false,,5.90,0.0492,true,1,36818
7290018516355,false,מחיט תפוח עץ ושבולות שועל 190 ג' פרינוק גוניור,פרוטה פודווין איי.אס,CZ,רנדי,גרמים,190.00,100 גרם,false,,5.90,0.0311,true,1,36821
7290018516379,false,מחיט סלט פירות ושבולות שועל 190 ג' פרינוק גוניור,פרוטה פודווין איי.אס,CZ,רנדי,גרמים,190.00,100 גרם,false,,5.90,0.0311,true,1,36823
7290018571231,false,"עדשי שוקולד לאפיה ""מיה"" 400 גרם",מיה,IL,עדשי שוקולד 400 גרם,גרמים,400.00,100 גרם,false,,19.90,0.0497,true,1,44819
7290018571507,false,סוכריות ויטמין סי לילדים דובונים יד למעלה 175 גרם מיה פלוס,מיה תעשיות מזון בעמ,IL,סוכריות ויטמין סי יל,גרמים,175.00,100 גרם,false,,39.90,0.2280,true,1,44820
7290018571514,false,סוכריות ויטמין די ילדים דובונים יד למעלה 175 גרם מיה פלוס,מיה תעשיות מזון בעמ,IL,סוכריות ויטמין די יל,גרמים,175.00,100 גרם,false,,39.90,0.2280,true,1,44821
7290018571521,false,סוכריות מולטי ויטמין ילדים דובונים יד למעלה 175 גרם מיה פלוס,מיה תעשיות מזון בעמ,IL,סוכריות מולטי ויטמין,גרמים,175.00,100 גרם,false,,39.90,0.2280,true,1,44822
7290018571538,false,סוכריות חורף פרופוליס אכיניציה ילדים דובונים יד למעלה 175 גרם מיה פלוס,מיה תעשיות מזון בעמ,IL,סוכריות חורף פרופולי,גרמים,175.00,100 גרם,false,,39.90,0.2280,true,1,44823
7290018571613,false,סוכריות אומגה 3 מבוגרים אצבעות מיה פלוס 210 גרם ללס,מיה תעשיות מזון בעמ,IL,סוכריות אומגה 3 מבוג,גרמים,210.00,100 גרם,false,,39.90,0.1900,true,1,44826
7290018652039,false,לה קרמריה קרמל מלוח ונוגט בדצ 6*1.4 ליטר,גלידות נסטלה )נגה גלידות,IL,לה קרמריה,ליטרים,1.40,ליטר,false,,18.90,13.5000,true,1,46072
7290018652886,false,שלגונים בשומן צמחי בטעמי שוקו ובננה מצופים צימקאו,גלידות נסטלה,IL,גלידות נסטלה,יח',8.00,יח',false,,27.90,3.4875,true,1,46085
7290018652923,false,פרוייקט סער-תות עוגת גבינה נסטלה 5*43 גרם,גלידות נסטלה,IL,גלידות נסטלה,יח',6.00,יח',false,,28.90,4.8167,true,1,46087
7290018687567,false,נוזל רצפה 2 ליטר יוח,,,נוזל רצפה 2 ליטר יוח,ליטרים,2.00,ליטר,false,,9.90,4.9500,true,1,65141
7290018687574,false,נוזל רצפה 2 ליטר יוח,,,נוזל רצפה 2 ליטר יוח,ליטרים,2.00,ליטר,false,,9.90,4.9500,true,1,65142
7290018687581,false,נוזל רצפה 2 ליטר יוח,,,נוזל רצפה 2 ליטר יוח,ליטרים,2.00,ליטר,false,,9.90,4.9500,true,1,65143
7290018687598,false,ג'ל כביסה 3 ליטר יוח,,,ג'ל כביסה 3 ליטר יוח,ליטרים,3.00,ליטר,false,,17.90,5.9667,true,1,65144
7290018687604,false,ג'ל כביסה 3 ליטר יוח,,,ג'ל כביסה 3 ליטר יוח,ליטרים,3.00,ליטר,false,,17.90,5.9667,true,1,65145
7290018687611,false,מרכך כביסה מרוכז יוח,,,מרכך כביסה מרוכז יוח,ליטרים,1.00,ליטר,false,,8.90,8.9000,true,1,65146
7290018687628,false,מרכך כביסה מרוכז יוח,,,מרכך כביסה מרוכז יוח,ליטרים,1.00,ליטר,false,,8.90,8.9000,true,1,65147
7290018687635,false,מרכך כביסה מרוכז יוח,,,מרכך כביסה מרוכז יוח,ליטרים,1.00,ליטר,false,,8.90,8.9000,true,1,65148
7290018687840,false,ג'ל כביסה ירוק 5 ליט,,,ג'ל כביסה ירוק 5 ליט,ליטרים,5.00,ליטר,false,,26.90,5.3800,true,1,65149
7290018687857,false,ג'ל כביסה כחול 5 ליט,,,ג'ל כביסה כחול 5 ליט,ליטרים,5.00,ליטר,false,,26.90,5.3800,true,1,65150
7290018687895,false,קפסולות ג'ל מ,,,*מבצע* קפסולות ג'ל מ,יח',36.00,יח',false,,22.90,0.6361,true,1,65151
7290018687918,false,נוזל כלים יוחננוף לי,,,נוזל כלים יוחננוף לי,מיליליטרים,750.00,"100 מ""ל",false,,6.90,0.0092,true,1,65152
7290018687925,false,נוזל כלים יוחננוף תפ,,,נוזל כלים יוחננוף תפ,מיליליטרים,750.00,"100 מ""ל",false,,6.90,0.0092,true,1,65153
7290018687932,false,נוזל כלים יוחננוף לב,,,נוזל כלים יוחננוף לב,מיליליטרים,750.00,"100 מ""ל",false,,6.90,0.0092,true,1,65154
7290018687949,false,נוזל כלים יוחננוף לי,,,נוזל כלים יוחננוף לי,ליטרים,1.50,ליטר,false,,9.90,6.6000,true,1,65155
7290018687956,false,נוזל כלים יוחננוף תפ,,,נוזל כלים יוחננוף תפ,ליטרים,1.50,ליטר,false,,9.90,6.6000,true,1,65156
7290018687963,false,נוזל כלים יוחננוף לב,,,נוזל כלים יוחננוף לב,ליטרים,1.50,ליטר,false,,9.90,6.6000,true,1,65157
7290018687987,false,קפסולות ג'ל מ,,,*מבצע* קפסולות ג'ל מ,יח',36.00,יח',false,,22.90,0.6361,true,1,65158
7290018687994,false,ג'ל מרוכז לכביסה צבע,"גליל כימיכלים בע""מ",IL,ג'ל מרוכז לכביסה צבע,ליטרים,3.00,ליטר,false,,17.90,5.9667,true,1,65159
7290018720011,false,ביסקוויט קרנבל חיות בטעם וניל 250 ג' מעדני מלך,הגביע מוצרי וופלים,IL,ביסקוויט קרנבל חיות,גרמים,250.00,100 גרם,false,,5.90,0.0236,true,1,37771
7290018720028,false,קרנבל אותיות ביסקוויט בטעם חמאה 250 ג' מעדני מלך,הגביע מוצרי וופלים,IL,ביסקוויט אותיות 250,גרמים,250.00,100 גרם,false,,5.90,0.0236,true,1,37772
7290018720103,false,"אפיפיות וופל בטעם שוקו לל""ס הדר 250 גרם","א.ג גילרו בע""\מ",IL,מעדני המלך,גרמים,250.00,100 גרם,false,,7.90,0.0316,true,1,37774
7290018720219,false,פצפוצי אורז ללא סוכר מעדני מלך 250 גרם,אשבל מזון פונקציונלי,IL,פצפוצי אורז ללא סוכר,גרמים,250.00,100 גרם,false,,10.90,0.0436,true,1,37780
7290018720226,false,פצפוצי אורז מעדני מלך 250 גרם,אשבל מזון פונקציונלי,IL,פצפוצי אורז 250 ג,גרמים,250.00,100 גרם,false,,10.90,0.0436,true,1,37781
7290018757147,false,"קמח ש.שועל מלאה לל""ג אורגני 400 גרם",נוטרה זן,FI,נוטרה זן,גרמים,400.00,100 גרם,false,,26.90,0.0672,true,1,48003
7290018795460,false,תרד טורקי,מרינה,IL,תרד טורקי,יח,1.00,יח,false,,11.90,11.9000,true,1,72036
7290018824016,false,מגבונים לחים יוחננוף,,IL,מגבונים לחים יוחננוף,יח,1.00,יח,false,,16.90,16.9000,true,1,65160
7290018825020,false,תפוח אדמה גורמה דוד משה,חבל מעון,IL,"תפו""א לבן ארוז",קילוגרמים,1.00,"ק""ג",true,,5.90,5.9000,true,1,30875
7290018825624,false,תפוח אדמה ציפס הולנדי,חבל מעון,IL,"תפו""א לבן ארוז",קילוגרמים,1.00,"ק""ג",true,,4.90,4.9000,true,1,30877
7290018825815,false,תפוח אדמהלבן בייבי גורמה,חבל מעון,IL,"תפו""א לבן ארוז",קילוגרמים,1.00,"ק""ג",true,,4.90,4.9000,true,1,30878
7290018835029,false,מרק בטעם עוף 400 גרם תבליני מימון,"מימונס אפיה בע""מ",IL,*מבצע* מרק בטעם עוף,גרמים,400.00,100 גרם,false,,9.90,0.0248,true,1,70215
7290018860724,false,מקלוני אורז עבות ללא,סא ג'אנג אוספורט,VN,אטריות אורז ללא גלוט,גרמים,454.00,100 גרם,false,,10.90,0.0240,true,1,60335
7290018860984,false,אטריות ביצים דקות 400 גרם,xiamen zhongshi impo,CN,אטריות ביצים דקות 40,גרמים,400.00,100 גרם,false,,9.90,0.0248,true,1,60336
7290018878477,false,טופי שטוח בטעם קולה 50 יחידות,כרמית,IL,סוכריות טופי שטוח בט,גרמים,300.00,100 גרם,false,,9.90,0.0330,true,1,70394
7290018878644,false,שוקולד מריר חמישייה,כרמית,IL,שוקולד מריר חמישייה,גרמים,500.00,100 גרם,false,,13.90,0.0278,true,1,71864
7290018878651,false,שוקולד מריר מילק 100,כרמית,IL,שוקולד מריר מילק 100,גרמים,100.00,100 גרם,false,,3.50,0.0350,true,1,71888
7290018878668,false,שוקולד לבן מי,כרמית,IL,*מבצע* שוקולד לבן מי,גרמים,300.00,100 גרם,false,,9.90,0.0330,true,1,71865
7290018878682,false,שוקולד חלב של,כרמית,IL,*מבצע* שוקולד חלב של,גרמים,300.00,100 גרם,false,,9.90,0.0330,true,1,71866
7290018878699,false,שוקולד חלב יוחננוף 1,כרמית,IL,שוקולד חלב יוחננוף 1,גרמים,100.00,100 גרם,false,,3.90,0.0390,true,1,71890
7290018878705,false,שוקולד מריר 60% שליש,כרמית,IL,שוקולד מריר 60% שליש,גרמים,300.00,100 גרם,false,,9.90,0.0330,true,1,71867
7290018893005,false,"חטיפי בייגלה אפוי בטעם חרדל ודבש, 160 גרם",צ'וקטה Chocketa,RO,צוקטה,גרמים,160.00,100 גרם,false,,6.90,0.0431,true,1,54404
7290018893036,false,צ'וקטה ביסקוויט בטעם שוקוטלד במילוי קרם בטעם וניל 176 גרם,צ'וקטה Chocketa,ES,צ'וקטה,גרמים,176.00,100 גרם,false,,6.90,0.0392,true,1,54405
7290018893098,false,צ'וקטה עוגויות ביסקוויט מצופה שוקולד חלב 100 גרם,דיסטרופר אוליבייר,ES,צ'וקטה ביסקוויט מצופ,גרמים,100.00,100 גרם,false,,7.90,0.0790,true,1,54408
7290018893258,false,צ'וקטה עוגות אישיות במילוי קרם קרמל ובציפוי בטעם שוקולד 300 גרם,פרדי קונדיטוריה אס.פ,IT,יוגטה,גרמים,300.00,100 גרם,false,,11.90,0.0397,true,1,54412
7290018893265,false,"צ'וקטה עוגות אישיות מריר שכבות בד""צ 240 גרם",פרדי קונדיטוריה אס פ,IT,יוגטה,גרמים,240.00,100 גרם,false,,10.90,0.0454,true,1,54413
7290018893456,false,צ'וקטה עוגות אישיות במילוי קרם ובציפוי בטעם שוקולד 300 גרם,"פרדי קונדיטוריה אס,פי.אי",IT,יוגטה,גרמים,300.00,100 גרם,false,,11.90,0.0397,true,1,54420
7290018893487,false,צ'וקטה עוגות אישיות עם קוקוס-מארז עשירייה,פרדי קונדטוריה אס פי,IT,יוגטה,גרמים,350.00,100 גרם,false,,11.90,0.0340,true,1,54421
7290018893746,false,צ'וקטה בייגלה עגבניות ועשבי תיבול 180 גרם,SC ALKA TRADING CO S,RO,צוקטה,גרמים,180.00,100 גרם,false,,6.90,0.0383,true,1,54434
7290018893852,false,חטיפי בייגלה דקיקים ופריכים שומשום צ'וקטה 200 ג',צ'וקטה Chocketa,RO,צוקטה,גרמים,200.00,100 גרם,false,,6.90,0.0345,true,1,54437
7290018893906,false,עוגיות סנדוויץ' במילוי קרם בטעם וניל,צ'וקטה Chocketa,ES,צ'וקטה עוגיות סנדווי,גרמים,250.00,100 גרם,false,,7.90,0.0316,true,1,54439
7290018904404,false,שערות קדאיף מזאווי 4,"ממתקי מזוואי בע""מ",IL,קדאיף 450 גרם,גרמים,450.00,100 גרם,false,,13.90,0.0309,true,1,71193
7290018921166,false,קמיל אל סבון להזנת העור מועשר באצות-ים 1 ליטר,פישר מעבדות פרמצבטיות בע,IL,דר פישר,ליטרים,1.00,ליטר,false,,11.90,11.9000,true,1,45014
7290018921807,false,"קמיל בלו משחת החתלה צמחי מרפא 120 ג' ד""ר פישר",פישר מעבדות פרמצבטיות בע,IL,קמיל בלו משחת החתלה,גרמים,120.00,100 גרם,false,,21.90,0.1825,true,1,45022
7290018925065,false,מיץ פרימור תפוזים סחוט 2 ליטר-,"גניר (1992) בע""מ",IL,תוצרת מסחרית,ליטרים,2.00,ליטר,false,,25.90,12.9500,true,1,48952
7290018925089,false,מיץ תפוחים 100% מיץ צלול מיוצר מרכז,"גניר (1992) בע""מ",IL,תוצרת מסחרית,ליטרים,2.00,ליטר,false,,25.90,12.9500,true,1,48954
7290018925102,false,משקה קל ענבים פרימור 1.5 ליטר,פרימור,IL,משקה קל ענבים,ליטרים,1.50,ליטר,false,,7.90,5.2667,true,1,62329
7290018925133,false,פרימור משקה קל מנגו ‏5‏.‏1‏ ליטר,פרימור,IL,משקה קל מנגו,ליטרים,1.50,ליטר,false,,7.90,5.2667,true,1,62331
7290018925157,false,משקה קל לימונים פרימור 1.5 ליטר,פרימור,IL,משקה קל לימונים,ליטרים,1.50,ליטר,false,,7.90,5.2667,true,1,62333
7290018925164,false,משקה קל תות בננה פרימור 1.5 ליטר,פרימור,IL,משקה קל תות בננה,ליטרים,1.50,ליטר,false,,7.90,5.2667,true,1,62334
7290018925409,false,"מיץ לימון ואננס 400 מ""ל פרימור",קריות זול,IL,*מבצע* מיץ לימון ואנ,מיליליטרים,400.00,"100 מ""ל",false,,6.90,0.0173,true,1,48955
7290018989135,false,סירופ בטעם פטל יכין 1 ליטר,"זנלכל בע""\מ",IL,סירופ בטעם פטל יכין,ליטרים,1.00,ליטר,false,,18.90,18.9000,true,1,41722
7290019036531,false,שמן זית יוחננוף 0.8%,"אופאל יאצא בע""מ",TR,שמן זית יוחננוף 0.8%,מיליליטרים,750.00,"100 מ""ל",false,,14.80,0.0197,true,1,71366
7290019039198,false,נר זיכרון 9 ימים מנורה,,IL,מנורה,יח',1.00,יח',false,,9.90,9.9000,true,1,61060
7290019056027,false,שוופס מוגז פירות תפוחים ללא סוכר 1.5 ליטר פיקדון,"יפאורה תבורי בע""\מ",IL,שוופס פרוטס,ליטרים,1.50,ליטר,false,,7.90,5.2667,true,1,43419
7290019056034,false,שוופס מוגז פירות אננס ללא סוכר 1.5 ליטר פיקדון,"יפאורה תבורי בע""מ",IL,שוופס פרוטס,ליטרים,1.50,ליטר,false,,7.90,5.2667,true,1,43420
7290019056041,false,שוופס מוגז פירות לימונייד ללא סוכר 1.5 ליטר פיקדון,"יפאורה תבורי בע""מ",IL,שוופס פרוטס,ליטרים,1.50,ליטר,false,,7.90,5.2667,true,1,43421
7290019056058,false,שוופס מוגז עדין תפוח ליים 1.5 ליטר פיקדון,"יפאורה תבורי בע""\מ",IL,שוופס,ליטרים,1.50,ליטר,false,,8.30,5.5333,true,1,43422
7290019056065,false,שוופס מוגז עדין פירות יער 1.5 ליטר פיקדון,"יפאורה תבורי בע""\מ",IL,שוופס,ליטרים,1.50,ליטר,false,,8.30,5.5333,true,1,43423
7290019056072,false,שוופס מוגז עדין אננס 1.5 ליטר פיקדון,"יפאורה תבורי בע""מ",IL,שוופס,ליטרים,1.50,ליטר,false,,8.30,5.5333,true,1,43424
7290019056089,false,שוופס מוגז עדין ענבי ריזלינג 1.5 ליטר פיקדון,"יפאורה תבורי בע""\מ",IL,שוופס,ליטרים,1.50,ליטר,false,,8.30,5.5333,true,1,43425
7290019056096,false,שוופס מוגז עדין אפרסק 1.5 ליטר פיקדון,"יפאורה תבורי בע""\מ",IL,שוופס,ליטרים,1.50,ליטר,false,,8.30,5.5333,true,1,43426
7290019056164,false,שוופס סודה 1.5 ליטר רביעייה פיקדון,"יפאורה תבורי בע""\מ",IL,שוופס,ליטרים,6.00,ליטר,false,,11.50,1.9167,true,1,43432
7290019056171,false,שוופס סודה לימון 1.5 ליטר רביעייה פיקדון,"יפאורה תבורי בע""\מ",IL,שוופס,ליטרים,6.00,ליטר,false,,11.50,1.9167,true,1,43433
7290019056188,false,שוופס סודה נענע ליים 1.5 ליטר רביעייה פיקדון,"יפאורה תבורי בע""\מ",IL,שוופס,ליטרים,6.00,ליטר,false,,11.50,1.9167,true,1,43434
7290019056201,false,שוופס סודה פירות יער 1.5 ליטר רביעייה פיקדון,"יפאורה תבורי בע""\מ",IL,שוופס,ליטרים,6.00,ליטר,false,,11.50,1.9167,true,1,43436
7290019056232,false,משקה מוגז בטעם ליים מוחיטו 1.5 ל' שוופס,"יפאורה תבורי בע""\מ",IL,שוופס,ליטרים,1.50,ליטר,false,,8.50,5.6667,true,1,43437
7290019056249,false,שוופס מים בטעמים ענבים 1.5 ליטר פיקדון,"יפאורה תבורי בע""מ",IL,שוופס,ליטרים,1.50,ליטר,false,,7.90,5.2667,true,1,43438
7290019056256,false,שוופס מים בטעמים תפוחים 1.5 ליטר פיקדון,"יפאורה תבורי בע""מ",IL,שוופס,ליטרים,1.50,ליטר,false,,7.90,5.2667,true,1,43439
7290019056263,false,שוופס מים בטעמים אפרסק 1.5 ליטר פיקדון,"יפאורה תבורי בע""מ",IL,שוופס,ליטרים,1.50,ליטר,false,,7.90,5.2667,true,1,43440
7290019056270,false,שוופס מים בטעמים פירות יער 1.5 ליטר פיקדון,"יפאורה תבורי בע""\מ",IL,שוופס,ליטרים,1.50,ליטר,false,,7.90,5.2667,true,1,43441
7290019056287,false,שוופס מים בטעמים אפרסק ללא סוכר 1.5 ליטר פיקדון,יפאורה שותפות מובגלת לשי,IL,שוופס,ליטרים,1.50,ליטר,false,,7.90,5.2667,true,1,43442
7290019056300,false,משקה בטעם ביטר לימון 1.5 ל' שוויפס,"יפאורה תבורי בע""\מ",IL,שוופס,ליטרים,1.50,ליטר,false,,12.00,8.0000,true,1,43443
7290019056317,false,שוופס ראשן 1.5 ליטר פיקדון,"יפאורה תבורי בע""\מ",IL,שוופס,ליטרים,1.50,ליטר,false,,12.00,8.0000,true,1,43444
7290019056355,false,תפוזינה לימונדה MIX לימונענע 1.5 ליטר,"יפאורה תבורי בע""\מ",IL,תפוזינה,ליטרים,1.50,ליטר,false,,8.30,5.5333,true,1,43447
7290019056362,false,תפוזינה ענבים 1.5 ליטר פיקדון,"יפאורה תבורי בע""\מ",IL,תפוזינה,ליטרים,1.50,ליטר,false,,8.30,5.5333,true,1,43448
7290019056379,false,תפוזינה תפוזים 1.5 ליטר פיקדון,"יפאורה תבורי בע""\מ",IL,תפוזינה,ליטרים,1.50,ליטר,false,,8.30,5.5333,true,1,43449
7290019056386,false,פתוזינה אשכולית 1.5 ליטר פיקדון,"יפאורה תבורי בע""\מ",IL,תפוזינה,ליטרים,1.50,ליטר,false,,8.30,5.5333,true,1,43450
7290019056393,false,תפוזינה תות בננה 1.5 ליטר פיקדון,"יפאורה תבורי בע""\מ",IL,תפוזינה,ליטרים,1.50,ליטר,false,,8.30,5.5333,true,1,43451
7290019056409,false,תפוזינה מנגו 1.5 ליטר פיקדון,"יפאורה תבורי בע""\מ",IL,תפוזינה,ליטרים,1.50,ליטר,false,,8.30,5.5333,true,1,43452
7290019056416,false,מיץ בטעם לימונדה ורודה 1.5 ל' תפוזינה,"יפאורה תבורי בע""\מ",IL,תפוזינה,ליטרים,1.50,ליטר,false,,8.30,5.5333,true,1,43453
7290019056423,false,מיץ בטעם תפוח רענן 1.5ל' תפוזינה,"יפאורה תבורי בע""\מ",IL,תפוזינה,ליטרים,1.50,ליטר,false,,8.30,5.5333,true,1,43454
7290019056430,false,תפוזינה תפוזים לייט 1.5 ליטר פיקדון,"יפאורה תבורי בע""\מ",IL,תפוזינה,ליטרים,1.50,ליטר,false,,7.80,5.2000,true,1,43455
7290019056447,false,תפוזינה אשכוליות לייט 1.5 ליטר פיקדון,"יפאורה תבורי בע""\מ",IL,תפוזינה,ליטרים,1.50,ליטר,false,,7.80,5.2000,true,1,43456
7290019056478,false,ספרינג טי קר אפרסק 1.5ליטר פיקדון,"יפאורה תבורי בע""\מ",IL,ספרינג תה,ליטרים,1.50,ליטר,false,,7.50,5.0000,true,1,43459
7290019056485,false,ספריג תה ירוק לימון לואיזה 1.5 ליטר פיקדון,"יפאורה תבורי בע""\מ",IL,ספרינג תה,ליטרים,1.50,ליטר,false,,7.50,5.0000,true,1,43460
7290019056492,false,ספרינג תה מנגו אפרסק 1.5 ליטר פיקדון,"יפאורה תבורי בע""\מ",IL,ספרינג תה,ליטרים,1.50,ליטר,false,,7.50,5.0000,true,1,43461
7290019056508,false,פרוט ווטר ענבים 1.5 ליטר פיקדון,"יפאורה תבורי בע""\מ",IL,פרוט ווטר,ליטרים,1.50,ליטר,false,,8.30,5.5333,true,1,43462
7290019056515,false,פרוט ווטר אננס 1.5 ליטר פיקדון,"יפאורה תבורי בע""\מ",IL,פרוט ווטר,ליטרים,1.50,ליטר,false,,8.30,5.5333,true,1,43463
7290019056522,false,פרוט ווטר תות 1.5 ליטר פיקדון,"יפאורה תבורי בע""\מ",IL,פרוט ווטר,ליטרים,1.50,ליטר,false,,8.30,5.5333,true,1,43464
7290019056539,false,פרוט ווטר אפרסק 1.5 ליטר פיקדון,"יפאורה תבורי בע""\מ",IL,פרוט ווטר,ליטרים,1.50,ליטר,false,,8.30,5.5333,true,1,43465
7290019056546,false,פרוט ווטר אבטיח 1.5 ליטר פיקדון,"יפאורה תבורי בע""\מ",IL,פרוט ווטר,ליטרים,1.50,ליטר,false,,8.30,5.5333,true,1,43466
7290019056553,false,שישיית מים מינרלים עין גדי 2 ליטר,עין גדי מים מינרליים,IL,עין גדי,ליטרים,12.00,ליטר,false,,12.70,1.0583,true,1,43467
7290019056577,false,משקה קל מנגו ספרינג 1.5 ליטר,"יפאורה תבורי בע""\מ",IL,ספרינג,ליטרים,1.50,ליטר,false,,8.30,5.5333,true,1,43468
7290019056584,false,משקה קל תפוזים ספרינג 1.5 ליטר,"יפאורה תבורי בע""\מ",IL,ספרינג,ליטרים,1.50,ליטר,false,,8.30,5.5333,true,1,43469
7290019056591,false,משקה קל ענבים ספרינג 1.5 ליטר,"יפאורה תבורי בע""\מ",IL,ספרינג,ליטרים,1.50,ליטר,false,,8.30,5.5333,true,1,43470
7290019056607,false,משקה קל תפוחים ספרינג 1.5 ליטר,"יפאורה תבורי בע""\מ",IL,ספרינג,ליטרים,1.50,ליטר,false,,8.30,5.5333,true,1,43471
7290019056614,false,משקה קל אפרסק ספרינג 1.5 ליטר,"יפאורה תבורי בע""\מ",IL,ספרינג,ליטרים,1.50,ליטר,false,,8.30,5.5333,true,1,43472
7290019056621,false,משקה קל פירות טרופיים ספרינג 1.5 ליטר,"יפאורה תבורי בע""\מ",IL,ספרינג,ליטרים,1.50,ליטר,false,,8.30,5.5333,true,1,43473
7290019056638,false,משקה קל תות בננה ספרינג 1.5 ליטר,"יפאורה תבורי בע""\מ",IL,ספרינג,ליטרים,1.50,ליטר,false,,8.30,5.5333,true,1,43474
7290019056645,false,משקה קל אגס תפוח סברס ספרינג 1.5 ליטר,"יפאורה תבורי בע""\מ",IL,ספרינג,ליטרים,1.50,ליטר,false,,8.30,5.5333,true,1,43475
7290019056652,false,משקה קל אננס בננה ספרינג 1.5 ליטר,"יפאורה תבורי בע""\מ",IL,ספרינג,ליטרים,1.50,ליטר,false,,8.30,5.5333,true,1,43476
7290019056669,false,משקה קל תפוחים דיאט ספרינג 1.5 ליטר,"יפאורה תבורי בע""\מ",IL,ספרינג,ליטרים,1.50,ליטר,false,,7.80,5.2000,true,1,43477
7290019056973,false,שישיית מי עדן 1.5 ליטר משפחתי,"מופק ממקור בזלתי עדן ,1",IL,מי עדן,ליטרים,9.00,ליטר,false,,12.70,1.4111,true,1,43488
7290019075295,false,"ד""ר פישר - אפקטיב קר תחליב רחצה עדין לידיים מועשר בש""ש 350 מ""ל",פישר מעבדות פרמצבטיות בע,IL,*מבצע* אל סבון לידיי,מיליליטרים,350.00,"100 מ""ל",false,,7.90,0.0226,true,1,70444
7290019075400,false,"אפקטיב קר תחליב רחצה מועשר בשיבולת שועל 700 מ""ל",פישר מעבדות פרמצבטיות בע,IL,*מבצע* תחליב רחצה מו,מיליליטרים,700.00,"100 מ""ל",false,,11.90,0.0170,true,1,45029
7290019075493,false,"אפקטיב קר אל סבון עדין לידיים מועשר בתה ירוק ויסמין 350 מ""ל",פישר מעבדות פרמצבטיות בע,IL,*מבצע* אל סבון לידיי,מיליליטרים,350.00,"100 מ""ל",false,,7.90,0.0226,true,1,70446
7290019075608,false,"אפקטיב קר תחליב רחצה מועשר בתה ירוק ויסמין 700 מ""ל",פישר מעבדות פרמצבטיות בע,IL,*מבצע* תחליב רחצה מו,מיליליטרים,700.00,"100 מ""ל",false,,11.90,0.0170,true,1,45030
7290019075691,false,"ד""ר פישר - אפקטיב קר תחליב רחצה עדין לידיים מועשר בלבנדר 350 מ""ל",פישר מעבדות פרמצבטיות,IL,*מבצע* אל סבון לידיי,מיליליטרים,350.00,"100 מ""ל",false,,7.90,0.0226,true,1,70448
7290019105077,false,מארז מטליות לחות יוח,טרופיקל,,מארז מטליות לחות יוח,יח',3.00,יח',false,,14.90,4.9667,true,1,65161
7290019105084,false,אל סבון יוחננוף מרענ,טרופיקל,,אל סבון יוחננוף מרענ,ליטרים,1.50,ליטר,false,,10.90,7.2667,true,1,65162
7290019105145,false,מארז מטליות לחות יוח,טרופיקל,IL,מארז מטליות לחות יוח,יח',3.00,יח',false,,14.90,4.9667,true,1,69360
7290019105282,false,אל סבון יוחננוף מרענ,טרופיקל,,אל סבון יוחננוף מרענ,ליטרים,1.50,ליטר,false,,10.90,7.2667,true,1,65163
7290019105343,false,מארז מטליות לחות לני,טרופיקל,IL,מארז מטליות לחות לני,יח',3.00,יח',false,,19.90,6.6333,true,1,71957
7290019105473,false,אל סבון יוחננוף מרענ,טרופיקל,,אל סבון יוחננוף מרענ,ליטרים,1.50,ליטר,false,,10.90,7.2667,true,1,65164
7290019105671,false,אל סבון יוחננוף מרענ,טרופיקל,,אל סבון יוחננוף מרענ,ליטרים,1.50,ליטר,false,,10.90,7.2667,true,1,65166
7290019105824,false,מטליות לניקוי רצפה י,,,מטליות לניקוי רצפה י,יח',10.00,יח',false,,7.90,0.7900,true,1,65167
7290019105862,false,מגבונים לחים מארז חמ,טרופיקל,,מגבונים לחים מארז חמ,יח',5.00,יח',false,,10.90,2.1800,true,1,65168
7290019105879,false,אל סבון יוחננוף מרענ,טרופיקל,,אל סבון יוחננוף מרענ,ליטרים,1.50,ליטר,false,,10.90,7.2667,true,1,65169
7290019153078,false,"שוופס ביטר למון לייט, 1.5 ליטר פקדון","יפאורה תבורי בע""\מ",IL,שוופס,ליטרים,1.50,ליטר,false,,11.50,7.6667,true,1,43489
7290019153085,false,שוופס מוגז ליים מוחיטו ללא סוכר 1.5 ליטר-,"יפאורה תבורי בע""\מ",IL,שוופס,ליטרים,1.50,ליטר,false,,8.30,5.5333,true,1,43490
7290019153252,false,שוופס סודה תפוח 1.5 ליטר רביעייה פיקדון,"יפאורה תבורי בע""\מ",IL,שוופס,ליטרים,6.00,ליטר,false,,11.50,1.9167,true,1,43495
7290019153269,false,שוופס סודה אננס 1.5 ליטר רביעייה פיקדון,"יפאורה תבורי בע""\מ",IL,שוופס,ליטרים,6.00,ליטר,false,,11.50,1.9167,true,1,43496
7290019153344,false,מיץ בטעם סנגרייה 1.5 ל' תפוזינה,"יפאורה תבורי בע""\מ",IL,תפוזינה,ליטרים,1.50,ליטר,false,,8.30,5.5333,true,1,43500
7290019153351,false,מיץ בטעם פינק אוזו 1.5 ל' תפוזינה,"יפאורה תבורי בע""\מ",IL,תפוזינה,ליטרים,1.50,ליטר,false,,8.30,5.5333,true,1,43501
7290019153535,false,"רביעיית שוופס מוגז פירות למונייד ללא סוכר 330 מ""ל פחיות",יפאורה תבורי,IL,שוופס מוגז פירות לימ,מיליליטרים,1320.00,"100 מ""ל",false,,11.90,0.0090,true,1,43503
7290019153696,false,שוופס סודה לימון 1 ליטר בק' בודד,"יפאורה תבורי בע""\מ",IL,יפאורה,ליטרים,1.00,ליטר,false,,3.90,3.9000,true,1,72655
7290019167037,false,תותים בקצפת עדן קינוחים 82 גרם,עדן קינוחים Eden,IL,תותים בקצפת,גרמים,82.00,100 גרם,false,,5.90,0.0720,true,1,72051
7290019167044,false,קצפת עם קרם בייגלה מתוק מלוח עדן קינוחים 82 גרם,עדן קינוחים Eden,IL,קצפת עם קרם בייגלה מ,גרמים,82.00,100 גרם,false,,5.90,0.0720,true,1,72052
7290019229001,false,נוזל רצפה יוחננוף בנ,"גליל כימיכלים בע""מ",IL,נוזל רצפה יוחננוף בנ,ליטרים,2.00,ליטר,false,,9.90,4.9500,true,1,65170
7290019229025,false,נוזל לניקוי פרקט יוח,"גליל כימיכלים בע""מ",IL,נוזל לניקוי פרקט יוח,ליטרים,2.00,ליטר,false,,12.90,6.4500,true,1,65171
7290019229049,false,ג'ל כביסה לתינוק יוח,"גליל כימיכלים בע""מ",IL,ג'ל כביסה לתינוק יוח,ליטרים,3.00,ליטר,false,,22.90,7.6333,true,1,65173
7290019229346,false,נוזל כלים יוחננוף לי,"גליל כימיכלים בע""מ",IL,נוזל כלים יוחננוף לי,ליטרים,1.00,ליטר,false,,7.90,7.9000,true,1,65175
7290019229353,false,מרכך כביסה מרוכז לתי,"גליל כימיכלים בע""מ",IL,מרכך כביסה מרוכז לתי,ליטרים,1.00,ליטר,false,,8.90,8.9000,true,1,65176
7290019229377,false,נוזל כלים תפוח יוחננ,"גליל כימיכלים בע""מ",IL,נוזל כלים תפוח יוחננ,ליטרים,1.00,ליטר,false,,7.90,7.9000,true,1,65178
7290019229407,false,מטליות לחות יוחננוף,"גליל כימיכלים בע""מ",IL,מטליות לחות יוחננוף,יח',400.00,יח',false,,17.90,0.0447,true,1,65179
7290019232155,false,"חליטת ""לילה טוב"" קמומיל לבנדר ו25 שקיקים ויסוצקי",תה ויסוצקי,IL,*מבצע* חליטת לילה טו,יח',25.00,יח',false,,19.90,0.7960,true,1,69386
7290019232162,false,"חליטת ""לילה טוב"" קמומיל מליסה 25 שקיקים ויסוצקי",תה ויסוצקי,IL,*מבצע* חליטת לילה טו,יח',25.00,יח',false,,19.90,0.7960,true,1,69387
7290019232179,false,חליטת לילה טוב נענע 25 שקיקים ויסוצקי,תה ויסוצקי,IL,*מבצע* סטיי וול תה י,יח',25.00,יח',false,,19.90,0.7960,true,1,69383
7290019232186,false,תה ירוק לימונית לואיזהSTAY WELL 25 שקיקים ויסוצקי,תה ויסוצקי,IL,*מבצע* סטיי וול תה י,יח',25.00,יח',false,,19.90,0.7960,true,1,69384
7290019232353,false,תה ירוק סיני 50 שקיקים ויסוצקי,תה ויסוצקי,IL,ויסוצקי,גרמים,75.00,100 גרם,false,,39.90,0.5320,true,1,51096
7290019232377,false,חווית הצ'איתה שחור בטעם וניל והל 25 יח' ויסוצקי,תה ויסוצקי,IL,*מבצע* צ'אי וניל הל,יח',25.00,יח',false,,17.90,0.7160,true,1,70513
7290019232384,false,חווית הצ'אי תה שחור בטעם מוקה 25*50 ג' ויסוצקי,תה ויסוצקי,IL,*מבצע* צ'אי מוקה,יח',25.00,יח',false,,17.90,0.7160,true,1,70514
7290019232803,false,הולגריין ביסקוייט עם קרם חלב ושוקולד חלב 300 גרם,"אולקר ביסקווי סנאי, א.ס.",TR,הולגריין ביסקוויט עם,גרמים,300.00,100 גרם,false,,10.90,0.0363,true,1,51097
7290019232827,false,הולגריין ביסקוייט במילוי אגוזי לוז 300 גרם,"אולקר ביסקווי סנאי, א.ס.",TR,הולגריין ביסקוויט במ,גרמים,300.00,100 גרם,false,,10.90,0.0363,true,1,51099
7290019297161,false,טורטיה ראפ מקמח תירס שקדיה 450 גרם,דין שיווק,TR,טורטיה מקמח תירס 540,גרמים,540.00,100 גרם,false,,9.90,0.0183,true,1,65451
7290019297512,false,"רוטב רימונים שקדיה 340 מ""ל בדץ",סיטוגלוגידה,TR,שקדיה,גרמים,350.00,100 גרם,false,,9.90,0.0283,true,1,65460
7290019302315,false,"ייו buzz אבטיח מלון 750 מ""ל",יקבי כרמל,IL,סלקטד,מיליליטרים,750.00,"100 מ""ל",false,,27.90,0.0372,true,1,35383
7290019308003,false,גרגירי חומוס 800 גרם,,,גרגירי חומוס 800 גרם,גרמים,800.00,100 גרם,false,,8.90,0.0111,true,1,61504
7290019308188,false,ציפס קלאסי בסט צ'יפס,גרין האוס,EG,"צ'יפס קלאסי 1.5 ק""ג",קילוגרמים,1.50,"ק""ג",false,,18.90,12.6000,true,1,72116
7290022005111,false,רוטב עגבניות שרי לפיצה 400 גרם,תבליני מימון,IL,רוטב עגבניות שרי לפי,גרמים,400.00,100 גרם,false,,14.90,0.0373,true,1,70219
7290032147230,false,"מיץ לימור משומר סיציליה 200 מ""ל",סידג,CH,מיץ לימון משומר,מיליליטרים,200.00,"100 מ""ל",false,,6.90,0.0345,true,1,38030
7290042051921,false,כוסות יהלום 40 יח,,,כוסות יהלום 40 יח,יח',40.00,יח',false,,8.90,0.2225,true,1,59853
7290055090801,false,כרמית שוקולד לבן ללא תוספת סוכר 85 גרם,"כרמית תעשיות ממתקים בע""\",IL,אגו,גרמים,85.00,100 גרם,false,,4.90,0.0576,true,1,42394
7290100240632,false,קרקר פתית 200-300ג' 6 דגנים 250 גרם,יוניליוור ישראל מזון בע\,IL,PATIT,גרמים,250.00,100 גרם,false,,14.90,0.0596,true,1,51531
7290100240656,false,"פתית שיפון בד""צ חדש 300X24 גר'",יוניליוור ישראל מזון בע\,IL,PATIT,גרמים,300.00,100 גרם,false,,14.90,0.0497,true,1,51532
7290100243671,false,"מרכך כביסה מרוכז אקסטרה כחול בדין 960 מ""ל",יוניליוור סנאיי וי טיקאר,TR,BADIN,מיליליטרים,960.00,"100 מ""ל",false,,15.90,0.0166,true,1,51539
7290100245231,false,נמס בכוס מרק בטעם עוף עם אטריות ושקדי מרק-2 שקיות,יוניליוור ישראל מזון בע\,IL,KNORR,גרמים,50.00,100 גרם,false,,6.50,0.1300,true,1,51545
7290100249598,false,"רוטב לעוף שום ודבש קנור 320 גרם בד""צ",יוניליוור ישראל מזון בע\,IL,KNORR,גרמים,320.00,100 גרם,false,,9.90,0.0309,true,1,51569
7290100249659,false,"רוטב לעוף צ'ילי מתוק ושום קנור 320 גרם בד""צ",יוניליוור ישראל מזון בע\,IL,קנור,גרמים,320.00,100 גרם,false,,9.90,0.0309,true,1,51572
7290100411254,false,מחית בוליווד תפוח ובננה 190 גרם ללא תוספ,בילובד Beloved,SK,BELOVED,גרמים,190.00,100 גרם,false,,5.90,0.0311,true,1,49943
7290100412343,false,קוויק מטליות לחות 99.9% לניקוי כללי בריח לימון 50 יחידות,די.פי.אל,IL,קוויק,יח',50.00,יח',false,,8.90,0.1780,true,1,49947
7290100412800,false,"תחליב רחצה לעור יבש וילד פלאור דר עור 700 מ""ל","אמיליה קוסמטיקס בע""מ",IL,"ד""ר עור",מיליליטרים,700.00,"100 מ""ל",false,,14.90,0.0213,true,1,49965
7290100412831,false,תחליב רחצה אנטי אייג'ינג בניחוח וניל טרופי,"אמיליה קוסמטיקס בע""מ",IL,"ד""ר עור",מיליליטרים,700.00,"100 מ""ל",false,,14.90,0.0213,true,1,49967
7290100680650,false,מנה חמה נודלס-אטריות ירקות טעם תאילנדי אסם 76 ג',PUB FOODS PRESIDENT THAI,TH,מנה חמה,גרמים,76.00,100 גרם,false,,4.90,0.0645,true,1,33875
7290100680667,false,מנה חמה נודלס בסגנון סצ'ואן אסם 76 גרם,PUB FOODS PRESIDENT THAI,TH,מנה חמה,גרמים,76.00,100 גרם,false,,4.90,0.0645,true,1,33876
7290100680711,false,פירורית זהב אסם זהב 350ג',עינת תעשיות מזון אגו,IL,אסם,גרמים,350.00,100 גרם,false,,7.90,0.0226,true,1,33877
7290100680728,false,פירורית רגילה 350 ג' אוסם,מיוצר עי קונדיטוריית,IL,אסם,גרמים,350.00,100 גרם,false,,6.90,0.0197,true,1,33878
7290100683880,false,פירה אסם ללא צורך בבישול 260 גרם,"אסם השקעות בע""\מ",IL,אסם,גרמים,260.00,100 גרם,false,,13.90,0.0535,true,1,33891
7290100685136,false,"אבקת מרק בטעם עוף אסם 1 ק""ג","אסם השקעות בע""\מ",IL,אסם,קילוגרמים,1.00,"ק""ג",false,,14.90,14.9000,true,1,33896
7290100685334,false,אבקת מרק עוף אמיתי בשרי רכיבים טבעיים אסם 400 גרם,"אסם השקעות בע""\מ",IL,אסם,גרמים,400.00,100 גרם,false,,19.90,0.0497,true,1,33897
7290100685341,false,אבקת מרק טעם עוף זך רכיבים טבעיים אסם 400 גרם,"אסם השקעות בע""\מ",IL,אסם,גרמים,400.00,100 גרם,false,,14.90,0.0373,true,1,33898
7290100686171,false,מארז מולטיפק ביסלי גריל 6 יח 35 גר ליח,"אסם השקעות בע""\מ",IL,ביסלי,גרמים,210.00,100 גרם,false,,12.90,0.0614,true,1,33904
7290100687109,false,אוסם - במבה במילוי קרם נוגט 60 גרם,"אסם השקעות בע""\מ",IL,במבה,גרמים,60.00,100 גרם,false,,4.90,0.0817,true,1,33907
7290100689301,false,אבקת מרק בטעם עוף זך עדיף אסם 400 גרם,"אסם השקעות בע""\מ",IL,אסם,גרמים,400.00,100 גרם,false,,13.90,0.0348,true,1,33910
7290100700006,false,"חיטה סוגת 1 ק""ג","סוגת תעשיות בע""\מ",IL,סוגת,קילוגרמים,1.00,"ק""ג",false,,8.90,8.9000,true,1,30597
7290100700020,false,סוגת גריסי פנינה 500 גרם,האי נאם סי או אל.טי.,IL,סוגת,גרמים,500.00,100 גרם,false,,4.90,0.0098,true,1,30598
7290100700075,false,פירורי לחם מוזהבים סוגת 200 גרם,"סוגת תעשיות בע""\מ",IL,סוגת,גרמים,200.00,100 גרם,false,,3.90,0.0195,true,1,30600
7290100700242,false,"סוגת אורז מלא עגול 1 ק""ג","סוגת תעשיות בע""\מ",IL,סוגת,קילוגרמים,1.00,"ק""ג",false,,9.90,9.9000,true,1,30601
7290100700273,false,קינואה לבנה 500 ג סו,האי נאם סי או אל.טי.,IL,סוגת,גרמים,500.00,100 גרם,false,,12.90,0.0258,true,1,30603
7290100700310,false,"סוגת כוסמת סוגת 1ק""ג","סוגת תעשיות בע""מ",IL,סוגת,קילוגרמים,1.00,"ק""ג",false,,13.90,13.9000,true,1,30605
7290100700327,false,"גריסי פנינה סוגת 1 ק""ג","סוגת תעשיות בע""\מ",IL,סוגת,קילוגרמים,1.00,"ק""ג",false,,7.90,7.9000,true,1,30606
7290100700334,false,קינואה לבנה 1 קג סוג,"סוגת תעשיות בע""מ",IL,סוגת,גרמים,500.00,100 גרם,false,,19.90,0.0398,true,1,30607
7290100700389,false,"סוגת אורז אדום 1 ק""ג","סוגת תעשיות בע""\מ",IL,סוגת,קילוגרמים,1.00,"ק""ג",false,,9.90,9.9000,true,1,30609
7290100700396,false,"סוגת אורז יסמין קלאסי 1 ק""ג",האי נאם סי או אל.טי.,IL,סוגת,קילוגרמים,1.00,"ק""ג",false,,11.90,11.9000,true,1,30610
7290100700419,false,"סוגת בורגול 1 ק""ג","סוגת תעשיות בע""\מ",IL,סוגת,קילוגרמים,1.00,"ק""ג",false,,7.50,7.5000,true,1,30611
7290100700563,false,"סוגת אורז מיקס קלאסי 1 ק""ג",סוגת תעשיות בעמ,IL,סוגת,קילוגרמים,1.00,"ק""ג",false,,9.90,9.9000,true,1,30612
7290100700587,false,"בורגול ""סוגת"" 500 גרם",האי נאם סי או אל.טי.,IL,סוגת,גרמים,500.00,100 גרם,false,,4.90,0.0098,true,1,30613
7290100701140,false,"אורז ריזוטו ארבוריו 1 ק""ג ""סוגת""","סוגת תעשיות בע""מ",IL,סוגת,קילוגרמים,1.00,"ק""ג",false,,13.90,13.9000,true,1,30615
7290100701157,false,"אורז להכנת סושי סוגת 1 ק""ג","סוגת תעשיות בע""\מ",IL,סוגת,קילוגרמים,1.00,"ק""ג",false,,11.90,11.9000,true,1,30616
7290100701331,false,קמח רב תכליתי שטיבל קמח חיטה לבן בהיר,"שטיבל בע""\מ - טחנות קמח",IL,סוגת,קילוגרמים,1.00,"ק""ג",false,,6.90,6.9000,true,1,30619
7290100701348,false,"קמח שיפון מלא סוגת 1 ק""ג",טחנות קמח שטיבל באר,IL,סוגת,קילוגרמים,1.00,"ק""ג",false,,6.90,6.9000,true,1,30620
7290100701454,false,גרישה בורגול דק סוגת 500 גרם,"סוגת תעשיות בע""\מ",IL,סוגת,גרמים,500.00,100 גרם,false,,4.90,0.0098,true,1,30626
7290100701577,false,קמח לחם קמח חיטה לבן שטיבל,טחנות קמח שטיבל באר שבע,IL,סוגת,קילוגרמים,1.00,"ק""ג",false,,6.90,6.9000,true,1,30627
7290100701881,false,קמח פיצה ופוקצ'ה- קמח חיטה לבן בהיר שטיבל,"שטיבל בע""\מ - טחנת קמח",IL,סוגת,קילוגרמים,1.00,"ק""ג",false,,6.90,6.9000,true,1,30631
7290100702260,false,קוסקוס דק סוגת 350 גרם,"אסיף תעשיות מזון בע""\מ",IL,סוגת,גרמים,350.00,100 גרם,false,,4.90,0.0140,true,1,30636
7290100702277,false,קוסקוס עבה סוגת 350 גרם,"אסיף תעשיות מזון בע""",IL,סוגת,גרמים,350.00,100 גרם,false,,4.90,0.0140,true,1,30637
7290100702383,false,קמח תופח מס' 13 סוגת,"שטיבל בע""\מ - טחנות קמח",IL,סוגת,קילוגרמים,1.00,"ק""ג",false,,6.90,6.9000,true,1,30643
7290100702611,false,פתיתים אפויים אורז סוגת 500 גרם,"אסיף תעשיות מזון בע""\מ",IL,סוגת,גרמים,500.00,100 גרם,false,,5.90,0.0118,true,1,30650
7290100702628,false,פתיתים אפויים קוסקוס סוגת 500 גרם,"אסיף תעשיות מזון בע""\מ",IL,סוגת,גרמים,500.00,100 גרם,false,,5.90,0.0118,true,1,30651
7290100702635,false,פתיתים אפויים כוכבים סוגת 500 גרם,"אסיף תעשיות מזון בע""",IL,סוגת,גרמים,500.00,100 גרם,false,,5.90,0.0118,true,1,30652
7290100702642,false,פתיתים אפויים טבעות סוגת 500 גרם,"אסיף תעשיות מזון בע""",IL,סוגת,גרמים,500.00,100 גרם,false,,5.90,0.0118,true,1,30653
7290100702659,false,פתיתים קוסקוס קמח מלא סוגת 400 גרם,"אסיף תעשיות מזון בע""",IL,פתיתים מקמח מלא 400ג,גרמים,400.00,100 גרם,false,,5.90,0.0148,true,1,30654
7290100702666,false,פתיתים אפויים עם בצל 400 גר גרם סוגת,"אסיף תעשיות מזון בע""",IL,פתיתים עם בצל 400ג,גרמים,400.00,100 גרם,false,,5.90,0.0148,true,1,30655
7290100702673,false,פתיתים אפויים 3 צבעים 400 גר גרם סוגת,"אסיף תעשיות מזון בע""",IL,פתיתים 3 צבעים 400ג,גרמים,400.00,100 גרם,false,,5.90,0.0148,true,1,30656
7290100703007,false,"עדשים שחורות בלוגה 500 גרם ""סוגת""",האי נאם סי או אל.טי.,IL,סוגת,גרמים,500.00,100 גרם,false,,7.90,0.0158,true,1,30679
7290100703458,false,כוסמת לא קלוי 500 ג' סוגת,"סוגת תעשיות בע""\מ",IL,סוגת,גרמים,500.00,100 גרם,false,,7.90,0.0158,true,1,30692
7290100703533,false,קמח קסם תערובת קמח עם שמרים,טחנות קמח שטיבל באר שבע,IL,שטיבל,קילוגרמים,1.00,"ק""ג",false,,7.90,7.9000,true,1,30696
7290100703670,false,"קמח כוסמין ללא ניפוי 1 ק""ג סוגת","שטיבל בע""מ",IL,סוגת,קילוגרמים,1.00,"ק""ג",false,,14.90,14.9000,true,1,30706
7290100703847,false,"קוביות סוכר לבן 500 גרם ""סוגת""",טרופיקל,,קוביות סוכר לבן 500,גרמים,500.00,100 גרם,false,,9.90,0.0198,true,1,30708
7290100703854,false,קוביות סוכר לבן דמררה 500 ג' סוגת,טרופיקל,,קוביות סוכר דמררה 50,גרמים,500.00,100 גרם,false,,9.90,0.0198,true,1,30709
7290100703908,false,"סוכר דמררה 1 ק""ג בלמינט סוגת",סוגת תעשיות בעמ,IL,סוגת,קילוגרמים,1.00,"ק""ג",false,,8.90,8.9000,true,1,30714
7290100704493,false,קמח שמרים פיצה ללא צורך בניפוי 1 קג,"שטיבל בע""\מ - טחנת קמח",IL,שטיבל,קילוגרמים,1.00,"ק""ג",false,,7.90,7.9000,true,1,30751
7290100704578,false,"קמח כוסמין לבן תופח סוגת 1 ק""ג","שטיבל בע""\מ - טחנת קמח",IL,"קמח כוסמין לבן 1 ק""ג",קילוגרמים,1.00,"ק""ג",false,,14.90,14.9000,true,1,30754
7290100704615,false,סוכר לבן דק דק בצנצנת סוגת 500 גרם,"סוגת תעשיות בע""\מ",IL,סוכר לבן דמררה דק דק,גרמים,500.00,100 גרם,false,,7.90,0.0158,true,1,30756
7290100704622,false,סוכר דמררה דק דק בצנצנת סוגת 500 גרם,"סוגת תעשיות בע""\מ",IL,סוכר דמררה דק דק בצנ,גרמים,500.00,100 גרם,false,,7.90,0.0158,true,1,30757
7290100704684,false,"קמח שמרים כוסמין סוגת רב תכליתי 1 ק""ג סוגת",סוגת,IL,קמח שמרים כוסמין רב,קילוגרמים,1.00,"ק""ג",false,,19.90,19.9000,true,1,30762
7290100850909,false,דוריטוס נאצ'ו מקסיקני 70 גרם,"שטראוס פריטו ליי בע""\מ",IL,עלית,גרמים,70.00,100 גרם,false,,3.20,0.0457,true,1,47446
7290100850916,false,דוריטוס חמוץ חריף מעודן 70 גרם כשר לפסח,"שטראוס פריטו ליי בע""\מ )",IL,עלית,גרמים,70.00,100 גרם,false,,3.20,0.0457,true,1,47447
7290100850923,false,דוריטוס בטעם גריל 70 גרם,"שטראוס פריטו ליי בע""\מ )",IL,עלית,גרמים,70.00,100 גרם,false,,3.20,0.0457,true,1,47448
7290100858592,false,אבקת קקאו עלית שקית 150 ג',הנסיך- מפעל לייצור ט,IL,עלית,גרמים,150.00,100 גרם,false,,9.90,0.0660,true,1,46523
7290100858608,false,אבקת קקאו עלית שקית 500 ג',שטראוס קפה בי.ויn\.,IL,עלית,גרמים,500.00,100 גרם,false,,23.90,0.0478,true,1,46524
7290100924457,false,שלישיית כדוריות סבון לאסלה לימון סוד 50 גרם,הנקל סוד,RS,הנקל סוד,גרמים,150.00,100 גרם,false,,16.90,0.1127,true,1,56950
7290100924464,false,כדוריות סבון נתלה לאסלה עם אקונומיקה - 3 יח',הנקל סוד,HU,הנקל סוד,גרמים,150.00,100 גרם,false,,16.90,0.1127,true,1,56951
7290100924693,false,סוד סבון לאסלה 4 כדוריות בניחוח אוקנומיקה 50 ג',"הנקל סוד בע""\מ",HU,הנקל סוד,מיליליטרים,50.00,"100 מ""ל",false,,7.90,0.1580,true,1,56961
7290101486688,false,חטיף דגנים עם שוקולד ללא גלוטן וסוכר פרי 5*20 גרם,טבעית מוצרים מן הטבע בעמ,IL,פרי,גרמים,90.00,100 גרם,false,,16.90,0.1878,true,1,54458
7290101488248,false,"ליידי ספיד סטיק - דאודורנט רול און לאישה ורוד פרש פיושן 50 מ""ל",ליידי ספיד סטיק Lady Speed Stick,IT,ליידי רול און,מיליליטרים,50.00,"100 מ""ל",false,,14.90,0.2980,true,1,54460
7290101488316,false,ליידי ספיד סטיק - דאודורנט סטיק לאישה ללא סימן ורוד סטיק 65 גרם,ליידי ספיד סטיק Lady Speed Stick,US,ליידי ספיד סטיק,גרמים,65.00,100 גרם,false,,21.90,0.3369,true,1,54463
7290101501237,false,עגבניה מגי מובחרת ארוזה,יגור חקלאות ועסקים,IL,עגבניה,קילוגרמים,1.00,"ק""ג",true,,13.90,13.9000,true,1,30880
7290101551027,false,קפסולות קפה אספרסו חזק במיוחד 14 עלית 10 יח',הנסיך- מפעל לייצור ט,IL,עלית,גרמים,50.00,100 גרם,false,,15.90,0.3180,true,1,46529
7290101551263,false,סילאן טבעי ללא תוספת סוכר,מכוורת יד מרדכי,IL,יד מרדכי,גרמים,700.00,100 גרם,false,,19.90,0.0284,true,1,46531
7290101551300,false,סילאן טבעי ללא תוספת סוכר בקבוק לחיץ,מכוורת יד מרדכי שטראוס ב,IL,יד מרדכי,גרמים,380.00,100 גרם,false,,14.90,0.0392,true,1,46532
7290101551539,false,יוגורט PRO בטעם אפרסק 0% 20 גרם חלבון בגביע,"שטראוס בריאות בע""מ",IL,דנונה פרו,גרמים,200.00,100 גרם,false,,5.90,0.0295,true,1,48960
7290101551584,false,תפוצ'יפס קידס מארז 10 יח' * 20 ג',"שטראוס פריטו ליי בע""מ )פ",IL,עלית,גרמים,200.00,100 גרם,false,,12.90,0.0645,true,1,47451
7290101551638,false,חטיף צ'יטוס כאפה בטעם קטשופ - מארז 10 יח',"שטראוס פריטו ליי בע""מ )פ",IL,עלית,גרמים,200.00,100 גרם,false,,12.90,0.0645,true,1,47455
7290101863410,false,"סיליט באנג ספריי ניקוי עוצמתי מכיל אקונומיקה 750 מ""ל",סיליט באנג Cillit Bang,PL,סיליט,מיליליטרים,750.00,"100 מ""ל",false,,12.90,0.0172,true,1,37036
7290101864127,false,"ספריי להסרת כתמים 750 מ""ל וניש קליה",קליה וניש Kalia Vanish,IL,וניש,מיליליטרים,750.00,"100 מ""ל",false,,16.90,0.0225,true,1,37037
7290101865261,false,"פיניש נוזל הברקה למדיח 800 מ""ל",רקיט בנקיזר,PL,פיניש,מיליליטרים,800.00,"100 מ""ל",false,,19.90,0.0249,true,1,37038
7290101866633,false,וניש קליה גל להסרת כתמים 3 ליטר אוקסיפרש,קליה וניש Kalia Vanish,IL,וניש,ליטרים,3.00,ליטר,false,,29.90,9.9667,true,1,37041
7290101866787,false,וניש קליה נוזל מסיר כתמים לכביסה לבנה 3 ליטר,קליה וניש Kalia Vanish,IL,וניש,ליטרים,3.00,ליטר,false,,29.90,9.9667,true,1,37042
7290101868460,false,"קולון 101 אבקת כביסה 8 ק""ג",רקיט בנקיזר,IL,קולון,קילוגרמים,8.00,"ק""ג",false,,54.90,6.8625,true,1,37046
7290101868958,false,"פיניש נוזל הברקה למדיח בניחוח לימון 800 מ""ל",רקיט בנקיזר,PL,פיניש,מיליליטרים,800.00,"100 מ""ל",false,,19.90,0.0249,true,1,37047
7290101869733,false,פיניש ג'ל למדיח כלים בניחוח לימון 1 ליטר ALL IN 1,רקיט בנקיזר,PL,פיניש,ליטרים,1.00,ליטר,false,,42.90,42.9000,true,1,37055
7290101869788,false,"אירוויק ספריי אוטומטי מילוי בניחוח אואזיס 250 מ""ל*",איירוויק Air Wick,HU,איירויק,מיליליטרים,250.00,"100 מ""ל",false,,14.90,0.0596,true,1,37060
7290101869795,false,"מטהר אוויר אירוויק ספריי מילוי חלום ליל קיץ 250 מ""ל",איירוויק Air Wick,GB,איירויק,מיליליטרים,250.00,"100 מ""ל",false,,14.90,0.0596,true,1,37061
7290101869801,false,"אירוויק מכשיר חשמלי+מילוי בניחוח אואזיס 19 מ""ל",רקיט בנקיזר,HU,איירויק,מיליליטרים,19.00,"100 מ""ל",false,,26.90,1.4158,true,1,37062
7290101869818,false,"אירוויק מכשיר חשמלי+מילוי בניחוח חלום ליל קיץ 19 מ""ל",איירוויק Air Wick,HU,איירויק,מיליליטרים,19.00,"100 מ""ל",false,,26.90,1.4158,true,1,37063
7290101869917,false,"אירוויק מילוי מבשם אויר אטומטי היער הקסום 19 מ""ל",איירוויק Air Wick,GB,איירויק,מיליליטרים,250.00,"100 מ""ל",false,,14.90,0.0596,true,1,37067
7290102030330,false,תפוצ'יפס קראנצ' בטעם מקסיקני 200 גרם,"שטראוס פריטו ליי בע""\מ )",IL,עלית,גרמים,200.00,100 גרם,false,,9.90,0.0495,true,1,47464
7290102060764,false,מרידול מברשת שיניים אריזת זוג,יבואן ומשווק: ש. שסט,CH,מברשת שיניים מרידול זוג,יח',2.00,יח',false,,24.90,12.4500,true,1,54465
7290102062195,false,"משחת שיניים לילדים לגילאי 6-12 אלמקס 75 מ""ל",יבואן ומשווק: ש. שסט,PE,אלמקס,מיליליטרים,75.00,"100 מ""ל",false,,15.90,0.2120,true,1,54469
7290102300822,false,גבינה צ'דר אנגלית כתומה 200 גרם,דאולי צ'יסמייקרס,GB,שבינגטון,גרמים,200.00,100 גרם,false,,23.90,0.1195,true,1,66018
7290102300860,false,"גבינת צ'דר אנגלית לבן, 200 גרם",דאוליי צ'יסמייקרס,GB,שבינגטון,גרמים,200.00,100 גרם,false,,23.90,0.1195,true,1,66019
7290102302246,false,גבינת גאודה הולנדית 200 גרם,מיוצר עי קונדיטוריית,NL,הנרי ויליך,גרמים,200.00,100 גרם,false,,24.90,0.1245,true,1,66021
7290102302833,false,גבינת גאודה פרוסה נני 150 גרם,קאסמאקרי הנרי ויליך,NL,הגבינות של נני,יחידה,0.00,יחידה,false,,16.90,0.0000,true,1,66024
7290102302840,false,גבינת עיזים הולנדית פרוסה 34%,מיוצר עי קונדיטוריית,NL,הגבינות של נני,יחידה,0.00,יחידה,false,,21.90,0.0000,true,1,66025
7290102302864,false,גבינה הולנדית עם פסטו ירוק 34%,הנרי ויליך Henri Willig,NL,הגבינות של נני,גרמים,200.00,100 גרם,false,,35.90,0.1795,true,1,66027
7290102304714,false,גלוריוס עיזים 180 גרם,הנרי ויליך,NL,גלוריוס עיזים 180 גר,גרמים,180.00,100 גרם,false,,49.90,0.2772,true,1,66040
7290102304721,false,גבינת טרמנדס כמהין 1,הנרי ויליך,NL,טרמנדס כמהין 180 גרם,גרמים,180.00,100 גרם,false,,49.90,0.2772,true,1,66041
7290102390427,false,יוגורט ביו עם קציפת תות 3% שומן 150 ג' מולר,מולר Muller,IL,Muller Froop תות 150,גרמים,150.00,100 גרם,false,,4.80,0.0320,true,1,48282
7290102390465,false,יוגורט ביו עם קציפת אפרסק ופסיפלורה 3% שומן 150 ג' מולר,מולר Muller,IL,MULLER,גרמים,150.00,100 גרם,false,,4.80,0.0320,true,1,48283
7290102390489,false,יוגורט ביו עם קציפת לימון 3% שומן 150 ג' מולר,מולר Muller,IL,MULLER,גרמים,150.00,100 גרם,false,,4.80,0.0320,true,1,48284
7290102391844,false,יוגורט ביו עם קציפת פירות יער3% שומן 150 ג' מולר,מולר Muller,IL,MULLER,גרמים,150.00,100 גרם,false,,4.80,0.0320,true,1,48287
7290102392049,false,גבינה לאפיה תבור ללא תוספת מלח 5% משק צוריאל 500 גרם,מחלבת משק צוריאל,IL,משק צוריאל,גרמים,500.00,100 גרם,false,,20.90,0.0418,true,1,48288
7290102392094,false,חלב עיזים 3.7% בקרטון משק צוריאל 1 ליטר,מילקו תעשיות בעמ,IL,משק צוריאל,ליטרים,1.00,ליטר,false,,14.90,14.9000,true,1,48289
7290102393039,false,"יוגורט ביו קרמי מיקס פצפוצי שוקולד 7.6% מולר 170 מ""ל",קריות זול,IL,MULLER,גרמים,170.00,100 גרם,false,,5.50,0.0324,true,1,48294
7290102393060,false,"יוגורט ביו קרמי מיקס גלילי ופל ואגוזים 5.9% מולר 170 מ""ל",קריות זול,IL,MULLER,גרמים,170.00,100 גרם,false,,5.50,0.0324,true,1,48295
7290102393169,false,"יוגורט סימפלי פרוט בטעם תות 3% מולר 150 מ""ל",מולר Muller,IL,MULLER,גרמים,150.00,100 גרם,false,,4.80,0.0320,true,1,48297
7290102393176,false,סימפלי פרוט יוגורט אפרסק 3% שומן 150 ג' מולר,מילקו תעשיות בעמ,IL,MULLER,גרמים,150.00,100 גרם,false,,4.80,0.0320,true,1,48298
7290102393190,false,"יוגורט סימפלי פרוט בטעם פירות יער 3% מולר 150 מ""ל",מילקו תעשיות בעמ,IL,MULLER,גרמים,150.00,100 גרם,false,,4.80,0.0320,true,1,48299
7290102393268,false,גבינה לבנה 5% שומן 750 ג' טרה,הפריט בפיקוח,IL,טרה,גרמים,750.00,100 גרם,false,,14.70,0.0196,true,1,48300
7290102393299,false,יוגורט עיזים לשתייה 3% משק צוריאל 500 גרם,מיוצר עי קוד יצרן HG,IL,משק צוריאל,גרמים,500.00,100 גרם,false,,11.90,0.0238,true,1,48301
7290102393848,false,יוגורט עיזים 2.4% עם תות משק צוריאל 150 גרם,מחלבת משק צוריאל,IL,משק צוריאל,גרמים,150.00,100 גרם,false,,5.80,0.0387,true,1,48303
7290102393855,false,יוגורט עיזים 2.5% עם אפרסק משק צוריאל 150 גרם,מחלבת משק צוריאל,IL,משק צוריאל,גרמים,150.00,100 גרם,false,,5.80,0.0387,true,1,48304
7290102393947,false,סימפלי פרוט יוגורט בטעם קיווי 3% שומן 150 ג' מולר,מילקו תעשיות בעמ,IL,MULLER,גרמים,150.00,100 גרם,false,,4.80,0.0320,true,1,48305
7290102394081,false,"יוגורט ביו קרמי מיקס קורנפלקס מצופה שוקולד מולר 170 מ""ל",מילקו תעשייה בעמ,IL,MULLER,גרמים,170.00,100 גרם,false,,5.50,0.0324,true,1,48306
7290102394463,false,נעם גבינה צהובה פרוסה ואקום 28% טרה 500 גרם,Unknown,IL,טרה,גרמים,500.00,100 גרם,false,,23.90,0.0478,true,1,48309
7290102394821,false,נעם גבינה צהובה פרוסה 28% טרה 200 גרם,מילקו תעשיות בעמ,IL,טרה,גרמים,200.00,100 גרם,false,,15.20,0.0760,true,1,48311
7290102394845,false,נעם גבינה צהובה לייט פרוסה דק דק 9% טרה 200 גרם,מילקו תעשיות בעמ,IL,טרה,גרמים,200.00,100 גרם,false,,16.90,0.0845,true,1,48312
7290102395101,false,ממרח גבינה ושוקולד מוו טרה 200 גרם,מילקו תעשיות בעמ,IL,טרה,גרמים,200.00,100 גרם,false,,10.90,0.0545,true,1,48313
7290102395217,false,מאגדת שמיניה מולר במתיקות מעודנת 1.2% 8*150 ג',מולר Muller,IL,MULLER,קילוגרמים,1.20,"ק""ג",false,,18.20,15.1667,true,1,48315
7290102395224,false,שמיניית יוגורט ביו ביאנקו 1.7% מולר 150 גרם,מולר Muller,IL,MULLER,ליטרים,1.20,ליטר,false,,16.50,13.7500,true,1,48316
7290102395262,false,מארז 8 גביעים יוגורט בטעם תות שדה ואפרסק 3% Simply Fruit,מולר Muller,IL,MULLER,קילוגרמים,1.20,"ק""ג",false,,29.90,24.9167,true,1,48318
7290102395378,false,נעם גבינה צהובה פרוסה ואקום 28% טרה 360 גרם,טרה,IL,טרה,גרמים,360.00,100 גרם,false,,19.90,0.0553,true,1,48321
7290102395439,false,מארז 8 גביעים יוגורט בטעם פירות יער וקיווי 3% Simply Fruit,מילקו תעשיות בעמ,IL,MULLER,קילוגרמים,1.20,"ק""ג",false,,29.90,24.9167,true,1,48322
7290102395477,false,מעדן חלב בטעם שוקולד עם קצפת 123 ג' טרה,Unknown,IL,טרה,גרמים,123.00,100 גרם,false,,2.90,0.0236,true,1,48324
7290102396399,false,שמיניית מעדן שוקולד מוו 1.5% טרה 100 גרם,Unknown,IL,טרה,גרמים,800.00,100 גרם,false,,10.90,0.0136,true,1,48342
7290102396405,false,שמיניית מעדן וניל מוו 1.5% טרה 100 גרם,Unknown,IL,טרה,גרמים,800.00,100 גרם,false,,10.90,0.0136,true,1,48343
7290102396436,false,מעדן שוקולד מוו 1.5% טרה 125 גרם,מילקו תעשיות בעמ,IL,טרה,גרמים,125.00,100 גרם,false,,2.70,0.0216,true,1,48346
7290102396443,false,מעדן וניל מוו 1.5% טרה 125 גרם,מילקו תעשיות בעמ,IL,טרה,גרמים,125.00,100 גרם,false,,2.70,0.0216,true,1,48347
7290102396580,false,מעדן מוו שוקולד ומוס שוקולד טרה 118 גרם,טרה,IL,טרה,גרמים,123.00,100 גרם,false,,2.90,0.0236,true,1,48354
7290102396597,false,מעדן מוו וניל ומוס שוקולד טרה 118 גרם,טרה,IL,טרה,גרמים,123.00,100 גרם,false,,2.90,0.0236,true,1,48355
7290102396665,false,נעם גבינה צהובה דק דק 15% טרה 200 גרם,מילקו תעשיות בעמ,IL,טרה,גרמים,200.00,100 גרם,false,,15.20,0.0760,true,1,48357
7290102396672,false,"גבנ""צ דק דק נעם פתיחה חוזרת 9% 360 גרם",מילקו תעשיות בעמ,IL,טרה,גרמים,360.00,100 גרם,false,,25.90,0.0719,true,1,48358
7290102396740,false,מארז 8 גביעים יוגורט בטעם תות שדה ואפרסק 0% Simply Fruit,מילקו תעשיות בעמ,IL,MULLER,קילוגרמים,1.20,"ק""ג",false,,29.90,24.9167,true,1,48362
7290102397204,false,"גבנ""צ דק דק נעם פתיחה חוזרת 22% 200 גרם",מילקו תעשיות בעמ,IL,טרה,גרמים,200.00,100 גרם,false,,15.20,0.0760,true,1,48383
7290102397310,false,מעדן מיני בטעם שוקולד קצפת מוו מאגדת 8 יח' * 70 ג',מילקו תעשיות בעמ,IL,טרה,גרמים,560.00,100 גרם,false,,10.90,0.0195,true,1,48386
7290102397334,false,גבינה בולגרית גלילית 5% משק צוריאל 250 גרם,מחלבת משק צוריאל,IL,משק צוריאל,גרמים,250.00,100 גרם,false,,17.90,0.0716,true,1,48388
7290102397464,false,יוגורט ביו בתוספת גרעינים אגוזים וחמוציות 170 ג' מולר,מולר Muller,IL,מולר נטורל,גרמים,170.00,100 גרם,false,,5.50,0.0324,true,1,48396
7290102397600,false,מיקס יוגורט בתוספת שקדים ובוטנים מקורמלים 170 ג' מולר,מילקו תעשייה בעמ,IL,MULLER,גרמים,170.00,100 גרם,false,,5.50,0.0324,true,1,48405
7290102397617,false,יוגורט ביו קרמי עם כדורים מצופים שוקולד חום לבן,מולר Muller,IL,MULLER,גרמים,170.00,100 גרם,false,,5.50,0.0324,true,1,48406
7290102397679,false,קוטג' וחצי 5% מהדרין טרה 375 גרם,מילקו,IL,טרה,גרמים,375.00,100 גרם,false,,7.50,0.0200,true,1,48408
7290102397730,false,פרוסות גבינה אמנטל חצי קשה 30% שומן 200 ג' נעם,Unknown,IL,נעם,גרמים,200.00,100 גרם,false,,16.90,0.0845,true,1,48413
7290102397747,false,פרוסות גבינת מוצרלה נעם מחלב בקר 22%,טרה,IL,טרה,גרמים,200.00,100 גרם,false,,17.90,0.0895,true,1,48414
7290102397891,false,גבינה מותכת משק צוריאל 100 גרם,משק צוריאל,IL,גבינות קשות,גרמים,100.00,100 גרם,false,,6.90,0.0690,true,1,48421
7290102398065,false,חלב טרה בקרטון 2 ליטר מהדרין 3% - מוצר בפיקוח,הפריט בפיקוח,IL,טרה,ליטרים,2.00,ליטר,false,,12.40,6.2000,true,1,48430
7290102398072,false,"חלב קרטון 3%-1 ליטר "" טרה"" -מוצר פיקוח",הפריט בפיקוח,IL,טרה,ליטרים,1.00,ליטר,false,,6.20,6.2000,true,1,48431
7290102398331,false,חלב מועשר דל לקטוז 2% שומן טרה 1 ליטר,Unknown,IL,חלב טרה,ליטרים,1.00,ליטר,false,,7.40,7.4000,true,1,48451
7290102398560,false,שוקו טרה מועשר בבקבוק 1 ליטר,מילקו תעשיות בעמ,IL,טרה,ליטרים,1.00,ליטר,false,,11.00,11.0000,true,1,48466
7290102398577,false,משקה חלב בטעם שוקו 2% בבקבוק אישי,מילקו תעשיות בעמ,IL,טרה,מיליליטרים,250.00,"100 מ""ל",false,,5.30,0.0212,true,1,48467
7290102398614,false,משקה חלב בטעם בננה טרה 1 ליטר,מילקו תעשיות בעמ,IL,טרה,ליטרים,1.00,ליטר,false,,11.00,11.0000,true,1,48470
7290102398638,false,משקה חלב בטעם מוקה טרה 1 ליטר,מילקו תעשיות בעמ,IL,טרה,ליטרים,1.00,ליטר,false,,11.00,11.0000,true,1,48471
7290102398669,false,משקה חלב אייס קפוצ'ינו טרה 1 ליטר,מילקו תעשיות בעמ,IL,טרה,ליטרים,1.00,ליטר,false,,11.00,11.0000,true,1,48473
7290102398782,false,משקה סויה קלאסי משק צוריאל 1 ליטר,מחלבת משק צוריאל,IT,משק,ליטרים,1.00,ליטר,false,,9.90,9.9000,true,1,48479
7290102398799,false,משקה סויה במתיקות מופחתת משק צוריאל 1 ליטר,מחלבת משק צוריאל,IT,משק,ליטרים,1.00,ליטר,false,,9.90,9.9000,true,1,48480
7290102398805,false,משקה סויה בטעם וניל משק צוריאל 1 ליטר,מחלבת משק צוריאל,IT,משק,ליטרים,1.00,ליטר,false,,9.90,9.9000,true,1,48481
7290102398836,false,משקה שקדים קלאסי משק צוריאל 1 ליטר,מחלבת משק צוריאל,IT,משק,ליטרים,1.00,ליטר,false,,12.90,12.9000,true,1,48483
7290102399048,false,פרוסות גבינת קשקבל נעם 200 ג' טרה,מילקו,IL,טרה,גרמים,200.00,100 גרם,false,,22.90,0.1145,true,1,48494
7290102399635,false,"מולר פרופ יוגורט ביו עם קציפת קוקוס ואננס 150 מ""ל",מולר Muller,IL,מולר,גרמים,150.00,100 גרם,false,,4.80,0.0320,true,1,48541
7290102399796,false,מעדן יוגורט לבן מועשר בחלבון 200 ג' מולר אקטיב,מולר Muller,IL,מולר,גרמים,200.00,100 גרם,false,,5.50,0.0275,true,1,48548
7290102399819,false,יוגורט עם פירות יער מולר אקטיב מועשר בחלבון 200 גר',מולר Muller,IL,מולר,גרמים,20.00,100 גרם,false,,5.90,0.2950,true,1,48550
7290102399857,false,מולר אקטיב לייט 20 גרם חלבון 0% שומן עם תות 200 גרם,מולר Muller,IL,מולר,מיליליטרים,200.00,"100 מ""ל",false,,5.90,0.0295,true,1,48553
7290102840175,false,אינסטנט פודינג בטעם וניל מיה 85 גרם,מיה תעשיות מזון מ.ת.מ. ב,IL,מיה,גרמים,85.00,100 גרם,false,,2.90,0.0341,true,1,44832
7290102840205,false,אבקה להכנת ג'לי בטעם תות מיה 90 גרם,מיה תעשיות מזון מ.ת.מ. ב,IL,מיה,גרמים,90.00,100 גרם,false,,2.90,0.0322,true,1,44835
7290103124588,false,"סבון נוזלי ארומה בניחוח לבנדר פטצ'ולי פלמוליב 750 מ""ל",הנסיך- מפעל לייצור ט,TR,פלמוליב ארומה סנסייש,מיליליטרים,750.00,"100 מ""ל",false,,19.90,0.0265,true,1,54474
7290103124601,false,"תחליב רחצה נוזל חלב ודבש משאבה 750מ""ל פלמוליב",הנסיך- מפעל לייצור ט,TR,פלמוליב חלב ודבש 750,מיליליטרים,750.00,"100 מ""ל",false,,19.90,0.0265,true,1,54476
7290103128739,false,מקלוני כותנה לתינוק בלונס 50 יחידות,הנסיך- מפעל לייצור ט,GR,בלונס,יח',50.00,יח',false,,6.90,0.1380,true,1,54481
7290103129378,false,ספיד סטיק - דאודורנט ג'ל לגבר איקס 5 85 גרם,הנסיך- מפעל לייצור ט,US,ספיד סטיק,גרמים,85.00,100 גרם,false,,19.90,0.2341,true,1,54485
7290103129392,false,ליידי ספיד סטיק פרש אסנס פרח הפרזיה סטיק 65 גר,ליידי ספיד סטיק Lady Speed Stick,US,לסס פרש,גרמים,65.00,100 גרם,false,,21.90,0.3369,true,1,54486
7290103129637,false,בלונס פדים אובליים להסרת איפור 40 יחידות,הנסיך- מפעל לייצור ט,GR,בלונס,יח',40.00,יח',false,,8.90,0.2225,true,1,54488
7290103400194,false,"כרוב לבן 400 גר בד""צ ירקות שטראוס",שטראוס בריאות ירקות טריי,IL,שטראוס,גרמים,400.00,100 גרם,false,,8.90,0.0223,true,1,48982
7290103400231,false,"גזר מגורד שטראוס 400 גרם בד""צ",שטראוס בריאות ירקות טריי,IL,שטראוס,גרמים,400.00,100 גרם,false,,8.90,0.0223,true,1,48983
7290103400255,false,"סלט קולסלאו 400 גרם בד""צ ירקות שטראוס",שטראוס בריאות ירקות טריי,IL,שטראוס,גרמים,400.00,100 גרם,false,,8.90,0.0223,true,1,48984
7290103401429,false,קפה קצב ברזילאי אוריגינס 200 גר,הנסיך- מפעל לייצור ט,IL,עלית,גרמים,200.00,100 גרם,false,,19.80,0.0990,true,1,46545
7290103404758,false,סלט כרוב אדום במיונז אחלה 120 גרם,מיוצר עי קונדיטוריית,IL,שטראוס,גרמים,125.00,100 גרם,false,,4.70,0.0376,true,1,48986
7290103408206,false,עלי חסה ערבית שטופים שטראוס 250 גרם,שטראוס בריאות ירקות טריי,IL,שטראוס,גרמים,250.00,100 גרם,false,,9.90,0.0396,true,1,48989
7290103681210,false,"יין הר שרדונה מיתוג תנשמת 750 מ""ל",מיוצר על ידי יקב תבור,IL,הר לבן,מיליליטרים,750.00,"100 מ""ל",false,,35.90,0.0479,true,1,48572
7290103681227,false,"יין הר גוורצטרמינר מיתוג תנשמת 750 מ""ל",מיוצר על ידי יקב תבור,IL,הר לבן,מיליליטרים,750.00,"100 מ""ל",false,,35.90,0.0479,true,1,48573
7290103681234,false,"יין הר רוזה מיתוג תנשמת 750 מ""ל",מיוצר על ידי יקב תבור,IL,הר לבן,מיליליטרים,750.00,"100 מ""ל",false,,35.90,0.0479,true,1,48574
7290104061417,false,סלט חומוס עם טחינה אחלה 400 גרם,"שטראוס גרופ בע""\מ",IL,שטראוס,גרמים,400.00,100 גרם,false,,10.90,0.0273,true,1,48990
7290104061431,false,סלט חומוס עם צנובר אחלה 400 גרם,"שטראוס גרופ בע""\מ",IL,שטראוס,גרמים,400.00,100 גרם,false,,10.90,0.0273,true,1,48992
7290104061448,false,סלט חומוס עם חריף אחלה 400 גרם,מיוצר עי קונדיטוריית,IL,שטראוס,גרמים,400.00,100 גרם,false,,10.90,0.0273,true,1,48993
7290104062599,false,מארז 8 יחידות מעדן גמדים בטעמי תות ובננה,"שטראוס בריאות בע""\מ",IL,שטראוס,גרמים,800.00,100 גרם,false,,17.90,0.0224,true,1,48994
7290104065934,false,עלי רוקט שטראוס 150 גרם,שטראוס בריאות ירקות טריי,IL,שטראוס,גרמים,150.00,100 גרם,false,,9.90,0.0660,true,1,48995
7290104066566,false,טחינה משומשום מלא אח,מיוצר עי קונדיטוריית,IL,שטראוס,גרמים,500.00,100 גרם,false,,13.90,0.0278,true,1,48998
7290104500572,false,אפרופו חטיף תירס איטליאנו אסם 50 גרם,מיוצר עי קונדיטוריית,IL,אפרופו,גרמים,50.00,100 גרם,false,,3.90,0.0780,true,1,33911
7290104508943,false,במבה חטיף בוטנים אסם 200 גרם,"אסם השקעות בע""\מ",IL,במבה,גרמים,200.00,100 גרם,false,,8.90,0.0445,true,1,33922
7290104570513,false,"תמר מג'הול בד""ץ 1 ק""ג",פרי וירק טמרה ושותפי,IL,"תמר מגהול 1 ק""ג",קילוגרמים,1.00,"ק""ג",false,,16.90,16.9000,true,1,30881
7290104721533,false,רצועות פלפלים קלויים אחלה 400 ג',מיוצר עי קונדיטוריית,IL,שטראוס,גרמים,400.00,100 גרם,false,,14.90,0.0373,true,1,49002
7290104721762,false,מארז שלשות קפה טורקי עלית 85 ג',שטראוס גרופ,IL,עלית,גרמים,255.00,100 גרם,false,,18.90,0.0741,true,1,46571
7290104721953,false,לקט מסולסלים ירקות שטראוס 350 גרם,שטראוס בריאות ירקות טריי,IL,שטראוס,גרמים,350.00,100 גרם,false,,12.90,0.0369,true,1,49003
7290104722530,false,תפוצ'יפס בטעם שמנת בצל עלית 200 גרם,"שטראוס פריטו ליי בע""\מ )",IL,עלית,גרמים,200.00,100 גרם,false,,9.90,0.0495,true,1,47469
7290104726262,false,רביעייה מעדן דני שוקולד דיסני לבנים 125 גרם,מיוצר עי קונדיטוריית,IL,שטראוס,גרמים,500.00,100 גרם,false,,10.90,0.0218,true,1,49008
7290104726712,false,מארז 8 יחידות מעדן מילקי בטעם שוקולד עם קצפת,"שטראוס גרופ בע""\מ",IL,שטראוס,ליטרים,1.36,ליטר,false,,19.90,14.6324,true,1,49009
7290104728310,false,"שמנת מתוקה עמידה 38% שומן ""יטבתה"" -מוצר בפיקוח",שטראוס גרופ,IL,יטבתה,מיליליטרים,250.00,"100 מ""ל",false,,6.40,0.0256,true,1,49012
7290104729003,false,"יד מרדכי - שמן זית כתית מעולה 2 קלאסי 750 מ""ל",מכוורת יד מרדכי שטרא,IL,יד מרדכי,מיליליטרים,750.00,"100 מ""ל",false,,29.90,0.0399,true,1,46580
7290104729010,false,"לבן בטעם תות יטבתה 100 מ""ל מהדרין",שטראוס גרופ,IL,יטבתה,מיליליטרים,100.00,"100 מ""ל",false,,1.40,0.0140,true,1,49014
7290104960239,false,"תחליב רחצה נקה 7 ארומה לבן 750 מ""ל",טרופיקל דגיל תעשיות קוסמ,IL,נקה 7,מיליליטרים,750.00,"100 מ""ל",false,,9.90,0.0132,true,1,39523
7290104960253,false,"תחליב רחצה נקה 7 לבנדר סגול 750מ""ל",טרופיקל דגיל תעשיות קוסמ,IL,נקה 7,מיליליטרים,750.00,"100 מ""ל",false,,9.90,0.0132,true,1,39525
7290104960338,false,"נקה 7 תחליב רחצה ארומה אלוורה ותה ירוק 750מ""ל",טרופיקל דגיל תעשיות קוסמ,IL,נקה 7,מיליליטרים,750.00,"100 מ""ל",false,,9.90,0.0132,true,1,39526
7290104960352,false,"נקה 7 תחליב רחצה ארומה שקד וניל 750מ""ל","אמיליה קוסמטיקס בע""מ",IL,נקה 7,מיליליטרים,750.00,"100 מ""ל",false,,9.90,0.0132,true,1,39527
7290104961205,false,"נקה 7 תחליב רחצה מגע קטיפה מ""לפפון קיווי 750 מ""ל",טרופיקל דגיל תעשיות קוסמ,IL,נקה 7,מיליליטרים,750.00,"100 מ""ל",false,,9.90,0.0132,true,1,39529
7290104961243,false,"נקה 7 תחליב רחצה מגע קטיפה קוקוס ליים 750 מ""ל",טרופיקל דגיל תעשיות קוסמ,IL,נקה 7,מיליליטרים,750.00,"100 מ""ל",false,,9.90,0.0132,true,1,39531
7290104961557,false,"טיטניום - דאודורנט ספריי לגבר בלו 150 מ""ל","אמיליה קוסמטיקס בע""מ",IL,טיטניום,מיליליטרים,150.00,"100 מ""ל",false,,9.90,0.0660,true,1,39541
7290104961878,false,"שמפו לשיער קרטין אינטנס פורמולה 400 מ""ל נטורל",נטורל פורמולה Natural Formula,IL,נטורל פורמולה,מיליליטרים,400.00,"100 מ""ל",false,,29.90,0.0747,true,1,39542
7290104961885,false,מרכך קרטין טהור לשיער שעבר החלקה או עיצוב בחום,נטורל פורמולה Natural Formula,IL,נטורל פורמולה,מיליליטרים,400.00,"100 מ""ל",false,,29.90,0.0747,true,1,39543
7290104961892,false,מסכת קרטין טהור לשיער שעבר החלקה או עיצוב בחום,נטורל פורמולה Natural Formula,IL,נטורל פורמולה,מיליליטרים,350.00,"100 מ""ל",false,,39.90,0.1140,true,1,39544
7290104962004,false,"סבון בניחוח וניל ומאסק נקה 7 שלישייה * 500 מ""ל",אמיליה קוסמטיקס,IL,נקה 7,ליטרים,1.50,ליטר,false,,19.90,13.2667,true,1,39547
7290104962073,false,דאודורנט ספריי גוף טיטניום גולד Titanium Gold,"אמיליה קוסמטיקס בע""מ",IL,טיטניום,מיליליטרים,180.00,"100 מ""ל",false,,14.90,0.0828,true,1,39552
7290104962080,false,"טיטניום - דאודורנט ספריי לגבר גולד 150 מ""ל",משווק: קוסמופארם בעמ,IL,טיטניום,מיליליטרים,150.00,"100 מ""ל",false,,9.90,0.0660,true,1,39553
7290104963155,false,"סופטקר שמן לתינוקות 500 מ""ל",קוסמופארם בע'\'\מ,IL,סופטקר,מיליליטרים,500.00,"100 מ""ל",false,,24.90,0.0498,true,1,39577
7290104963216,false,סופטקר - אל סבון עדין לתינוק לעור רגיש 1 ליטר,קוסמופארם בע'\'\מ,IL,סופטקר,ליטרים,1.00,ליטר,false,,15.90,15.9000,true,1,39581
7290104964350,false,אל סבון עשיר בלחות בניחוח פרחי מים - מארז 3 יח',נקה 7,IL,נקה 7,ליטרים,1.50,ליטר,false,,19.90,13.2667,true,1,39601
7290104965647,false,קרליין דאו רול און נושם סוויט קיס לנערות,מיוצר עי : אמיליה קוסמטי,IL,קרליין,מיליליטרים,75.00,"100 מ""ל",false,,11.90,0.1587,true,1,39608
7290105360250,false,קפסולות 09 עשיר וארומטי למכונת נספרסו עלית 10יח',הנסיך- מפעל לייצור ט,IL,עלית,גרמים,50.00,100 גרם,false,,15.90,0.3180,true,1,46584
7290105360328,false,קפסולות אספרסו חזק למכונות נספרסו 10 יח',הנסיך- מפעל לייצור ט,IL,עלית,גרמים,50.00,100 גרם,false,,15.90,0.3180,true,1,46585
7290105360335,false,קפסולות אספרסו למכונות נספרסו 50 גר,הנסיך- מפעל לייצור ט,IL,עלית,גרמים,50.00,100 גרם,false,,15.90,0.3180,true,1,46586
7290105362339,false,"שמנת לבישול 15% 250 מ""ל יטבתה מהדרין",שטראוס גרופ,IL,יטבתה,מיליליטרים,250.00,"100 מ""ל",false,,7.90,0.0316,true,1,49016
7290105363602,false,מקלות כיף כף קלאסי עלית 40 גרם,שולן צ'\יקולטה גידה סאן.,TR,עלית,גרמים,40.00,100 גרם,false,,4.70,0.1175,true,1,46594
7290105364289,false,מקלות כיף כף פצפוצים עלית 40 גרם,שולן צ'\יקולטה גידה סאן.,TR,עלית,גרמים,40.00,100 גרם,false,,4.70,0.1175,true,1,46595
7290105364302,false,"עלית חטיף שוקולד כיף כף מקלות אגוזים, 40 גרם",שולן צ'\יקולטה גידה סאן.,TR,כיף כף מקלות 42 גרם,גרמים,42.00,100 גרם,false,,4.70,0.1119,true,1,46596
7290105364678,false,"אקטיביה משקה יוגורט בטעם אפרסק שטראוס 250 מ""ל",מיוצר עי קונדיטוריית,IL,שטראוס,גרמים,265.00,100 גרם,false,,5.10,0.0192,true,1,49017
7290105366023,false,סלט חצילים בטעם כבד אחלה 400 גרם,מיוצר עי קונדיטוריית,IL,שטראוס,גרמים,400.00,100 גרם,false,,14.90,0.0373,true,1,49019
7290105366047,false,טחינה לבנה אחלה 400 גרם,מיוצר עי קונדיטוריית,IL,שטראוס,גרמים,400.00,100 גרם,false,,14.90,0.0373,true,1,49021
7290105366993,false,סימפוניה גבינת שמנת פלפל שיפקה 5% שטראוס 200 גרם,"שטראוס בריאות בע""מ",IL,שטראוס,גרמים,200.00,100 גרם,false,,9.90,0.0495,true,1,49023
7290105368331,false,מעדן מילקי בטעם תות עם קצפת,מחלבת אחיהוד,IL,שטראוס,גרמים,133.00,100 גרם,false,,2.80,0.0211,true,1,49028
7290105368904,false,"שמנת מתוקה להקצפה 32% שומן 250 מ""ל יוטבתה",שטראוס גרופ,IL,יטבתה,מיליליטרים,250.00,"100 מ""ל",false,,7.30,0.0292,true,1,49031
7290105368928,false,"שמנת 9% שומן 200 מ""ל יוטבתה",שטראוס גרופ,IL,יטבתה,מיליליטרים,200.00,"100 מ""ל",false,,3.10,0.0155,true,1,49032
7290105369130,false,סימפוניה גבינת שמנת בצל ירוק 5% שטראוס 200 גרם,"שטראוס בריאות בע""\מ",IL,שטראוס,גרמים,200.00,100 גרם,false,,9.90,0.0495,true,1,49034
7290105430441,false,תחליב רחצה סחלב שחור וקרם לחות Naturals משאבה,הנסיך- מפעל לייצור ט,TR,פלמוליב סחלב שחור 75,מיליליטרים,750.00,"100 מ""ל",false,,19.90,0.0265,true,1,54489
7290105430458,false,תחליב רחצה מועשר בשקדים וקרם לחות Naturals משאבה,הנסיך- מפעל לייצור ט,TR,פלמוליב שקדים 750 מל,מיליליטרים,750.00,"100 מ""ל",false,,19.90,0.0265,true,1,54490
7290105431516,false,מארז חטיף פריי תמרים ובוטנים ללא גלוטן ותוספת סוכר 125 גרם,טבעית מוצרים מן הטבע בעמ,IL,פרי,גרמים,90.00,100 גרם,false,,16.90,0.1878,true,1,54498
7290105434050,false,ספיד סטיק - דאודורנט סטיק לגבר XL ירוק רגיולר 85 גרם,קולגייט פלמוליב,US,ספיד סטיק,גרמים,85.00,100 גרם,false,,21.90,0.2576,true,1,54511
7290105438539,false,קוקי נייר אפייה 40 דפים,אופל אריזות,IL,קוקי,יח',40.00,יח',false,,9.90,0.2475,true,1,54519
7290105439505,false,מאסטר שף קרם בטעם מיונז לייט 479 גר כשלפ,רמיה סי.וי. הולנד,NL,מאסטר שף,גרמים,521.00,100 גרם,false,,11.90,0.0228,true,1,54522
7290105439581,false,מנה מאסטר שף חרדל דיזיון צרפתי 370 גר,רמיה סי.וי.הולנד,FR,מאסטר שף,גרמים,370.00,100 גרם,false,,9.90,0.0268,true,1,54523
7290105500151,false,וודקה פינלנדיה בקבוק,"אלטיה קורפ, הלסינקי,",FI,וודקה פינלנדיה,מיליליטרים,700.00,"100 מ""ל",false,,59.90,0.0856,true,1,45053
7290105500236,false,וויסקי ג'ק דניאלס מס' 7 Brand No,ג'ק דניאלס Jack Daniel's,US,וויסקי גק דניאלס,מיליליטרים,700.00,"100 מ""ל",false,,99.90,0.1427,true,1,45054
7290105500953,false,"וויסקי ג'ק דניאלס דבש 700 מ""ל",ג'ק דניאל'ס,BE,וויסקי גק דניאלס דבש,מיליליטרים,700.00,"100 מ""ל",false,,99.90,0.1427,true,1,45056
7290105691248,false,אסם חטיפי פריכונים טורטייה תירס 60 גרם,"פרח תעשיות מזון בע""מ.",IL,אסם,גרמים,60.00,100 גרם,false,,6.90,0.1150,true,1,33935
7290105693341,false,מארז עשיריית במבה אסם 25*10 גרם,"אסם השקעות בע""\מ",IL,במבה,גרמים,250.00,100 גרם,false,,13.90,0.0556,true,1,33948
7290105694614,false,פסטה ספגטי מהיר הכנה אסם 500 גרם,זארה,IT,אסם,גרמים,500.00,100 גרם,false,,5.40,0.0108,true,1,33952
7290105695024,false,פתיתים אפויים אורז עם אטריות אסם 500 גרם,"אסם השקעות בע""\מ",IL,אסם,גרמים,500.00,100 גרם,false,,6.90,0.0138,true,1,33958
7290105695321,false,עוגת הבית בראוניס פאדג' אסם 380 גרם,מיוצר עי קונדיטוריית,IL,הבית,גרמים,350.00,100 גרם,false,,14.90,0.0426,true,1,33962
7290105961181,false,משקה פונץ' בננה יטבתה 1 ליטר מהדרין,שטראוס גרופ,IL,יטבתה,ליטרים,1.00,ליטר,false,,9.90,9.9000,true,1,49035
7290105962331,false,סחוג תימני אדום חריף מאוד זהבי הכרם 220 גרם,קריניסה ויטמין אס אי,IL,תוצרת מסחרית,גרמים,220.00,100 גרם,false,,10.90,0.0495,true,1,49036
7290105964564,false,סלט חומוס אחלה 400גר,מיוצר עי קונדיטוריית,IL,שטראוס,גרמים,400.00,100 גרם,false,,8.90,0.0223,true,1,49038
7290105965738,false,יוגורט לשתיה בטעם תות בננה267 ג' דנונה,מיוצר עי קונדיטוריית,IL,שטראוס,גרמים,267.00,100 גרם,false,,4.80,0.0180,true,1,49040
7290105966469,false,"חומץ בלסמי ממודנה יד מרדכי 250 מ""ל",אצטייה ג'וזפה קרמוני,IT,יד מרדכי,מיליליטרים,250.00,"100 מ""ל",false,,11.90,0.0476,true,1,46617
7290105968654,false,רביולי בטטה פרווה פסטה נונה 400 ג',מיוצר עי קונדיטוריית,IL,שטראוס,גרמים,400.00,100 גרם,false,,16.80,0.0420,true,1,49043
7290105968777,false,פריכיות 5 דגנים עם תחתית שוקולד מריר 70 גרם,"טחנת האבן תעשיות בע""",IL,עלית,גרמים,80.00,100 גרם,false,,7.90,0.0988,true,1,46619
7290106520066,false,"רבע לשבע שוקולד חלב במילוי אגוזים עלית 160 גרם בד""צ","הגביע מוצרי וופלים בע""\מ",IL,עלית,גרמים,120.00,100 גרם,false,,9.80,0.0817,true,1,46620
7290106520288,false,יוגורט פרו חלבון עם תות 2.4% שומן 150 ג' דנונה,"שטראוס בריאות בע""מ",IL,דנונה פרו,גרמים,150.00,100 גרם,false,,4.60,0.0307,true,1,49044
7290106520912,false,"שמנת 9% לבישול יטבתה 250 מ""ל מהדרין",שטראוס גרופ,IL,יטבתה,מיליליטרים,250.00,"100 מ""ל",false,,7.90,0.0316,true,1,49050
7290106521049,false,אחלה טעמי השוק קוביות סלק 400 גר,מיוצר עי קונדיטוריית,IL,שטראוס,גרמים,400.00,100 גרם,false,,14.90,0.0373,true,1,49051
7290106521926,false,קפה טורקי בצלופן עלית 150 גרם,שטראוס קפה בי.ויn\.,IL,עלית,גרמים,150.00,100 גרם,false,,12.90,0.0860,true,1,46626
7290106524439,false,"תפוצ'יפס פופס 60 גרם ""עלית""","שטראוס פריטו ליי בע""\מ )",IL,עלית,גרמים,60.00,100 גרם,false,,3.50,0.0583,true,1,47478
7290106525320,false,אבקת שוקולית לאפייה קופסא 500ג' עלית,הנסיך- מפעל לייצור ט,IL,עלית,גרמים,500.00,100 גרם,false,,14.90,0.0298,true,1,46629
7290106525399,false,קפסולות 06 ברזיל למכונות נספרסו עלית 10יח',הנסיך- מפעל לייצור ט,IL,עלית,גרמים,50.00,100 גרם,false,,15.90,0.3180,true,1,46631
7290106525405,false,קפסולות 07 נטול נספרסו עלית 10 יח',שטראוס קפה בי.וי.,IL,עלית,גרמים,50.00,100 גרם,false,,15.90,0.3180,true,1,46632
7290106526822,false,פריכיות אורז חום מלא תחתית שוקולד חלב 80 גרם,"טחנת האבן תעשיות בע""",IL,אנרג'י,גרמים,70.00,100 גרם,false,,7.90,0.1129,true,1,46636
7290106528567,false,"דוריטוס גריל 185 גרם ""עלית""","שטראוס פריטו ליי בע""\מ )",IL,עלית,גרמים,185.00,100 גרם,false,,6.90,0.0373,true,1,47480
7290106528628,false,"דוריטוס טבעי 185 גרם ""עלית""","שטראוס פריטו ליי בע""\מ )",IL,עלית,גרמים,185.00,100 גרם,false,,6.90,0.0373,true,1,47481
7290106528949,false,לקט ערוגות 450 גרם שטראוס,שטראוס בריאות ירקות טריי,IL,שטראוס,גרמים,450.00,100 גרם,false,,10.90,0.0242,true,1,49063
7290106572027,false,אוסם - לחמית חמישה דגנים 190 גרם,"אסם השקעות בע""\מ",IL,לחמית,גרמים,190.00,100 גרם,false,,7.90,0.0416,true,1,33979
7290106573628,false,צבר חומוס עם טחינה 400 גרם,סלטי צבר,IL,סלטי צבר,גרמים,400.00,100 גרם,false,,11.90,0.0298,true,1,33994
7290106574953,false,בייגלה שטוחים כעכים שטוחים עם שומשום,מיוצר עי קונדיטוריית,IL,אסם,גרמים,300.00,100 גרם,false,,10.90,0.0363,true,1,34008
7290106574977,false,בייגלה שטוחים כעכים שטוחים עם מלח,מיוצר עי קונדיטוריית,IL,אסם,גרמים,300.00,100 גרם,false,,10.90,0.0363,true,1,34009
7290106576223,false,"אפרופו שוקולד 40 גרם ""אסם""",מיוצר עי קונדיטוריית,IL,אפרופו,גרמים,40.00,100 גרם,false,,3.90,0.0975,true,1,34020
7290106576513,false,סלט חומוס צבר 400 גר,סלטי צבר,IL,סלטי צבר,גרמים,400.00,100 גרם,false,,8.90,0.0223,true,1,34023
7290106576537,false,חומוס מסעדות צבר 700 גרם,סלטי צבר,IL,סלטי צבר,גרמים,700.00,100 גרם,false,,10.90,0.0156,true,1,34024
7290106576797,false,"לה קרמריה גלידת וניל איטלקי כשל""פ 1.4ל'",תות תעשיות מזון (201,IL,לה קרמריה,ליטרים,1.40,ליטר,false,,18.90,13.5000,true,1,46092
7290106576810,false,גלידה לה קרמריה ריבת חלב 1.4 ל' נסטלה,לה קרמריה- נסטלה,IL,לה קרמריה,ליטרים,1.40,ליטר,false,,18.90,13.5000,true,1,46093
7290106576834,false,גלידה לה קרמריה פונטש בננה1.4 ל' נסטלה,תות תעשיות מזון (201,IL,לה קרמריה,ליטרים,1.40,ליטר,false,,18.90,13.5000,true,1,46094
7290106576858,false,גלידה לה קרמריה תותים בשמנת 1.4 ל' נסטלה,גלידות נסטלה )נגה גלידות,IL,לה קרמריה,ליטרים,1.40,ליטר,false,,18.90,13.5000,true,1,46095
7290106576971,false,גלידה לה קרמריה שוקולד בלגי 1.4 ל' נסטלה,תות תעשיות מזון (201,IL,לה קרמריה,ליטרים,1.40,ליטר,false,,18.90,13.5000,true,1,46098
7290106577039,false,גלידה לה קרמריה שוקו וניל פליק 1.4 ל' נסטלה,תות תעשיות מזון (201,IL,לה קרמריה,ליטרים,1.40,ליטר,false,,18.90,13.5000,true,1,46100
7290106577527,false,סלט קולסלאו כרוב לבן וגזר 400 ג' צבר,סלטי צבר,IL,סלטי צבר,גרמים,400.00,100 גרם,false,,11.90,0.0298,true,1,34029
7290106577541,false,כרוב אדום מרובע 400 גר' צבר,סלטי צבר,IL,סלטי צבר,גרמים,400.00,100 גרם,false,,11.90,0.0298,true,1,34030
7290106578241,false,"חטיף דובונים בטעם תפו""א 100 ג' אסם","אסם תעשיות בע""מ",IL,דובונים,גרמים,100.00,100 גרם,false,,8.90,0.0890,true,1,34040
7290106578692,false,ביסלי במבה מיקס מהדורת אליפות אסם 80 גרם,פרו מן יו פתרונות אר,IL,ביסלי,גרמים,80.00,100 גרם,false,,3.90,0.0487,true,1,34042
7290106578821,false,עוגת הבית שמרים קלאסית שוקולד אסם 350 גרם,מיוצר עי קונדיטוריית,IL,הבית,גרמים,350.00,100 גרם,false,,14.90,0.0426,true,1,34043
7290106652996,false,מקלות כיף כף קוקוס עלית 40 גרם,סולן בעבור שטראוס,TR,עלית,גרמים,40.00,100 גרם,false,,4.70,0.1175,true,1,72019
7290106653689,false,לקט לסלט אסייתי שטראוס 350 גרם,שטראוס בריאות ירקות טריי,IL,שטראוס,גרמים,350.00,100 גרם,false,,10.90,0.0311,true,1,49064
7290106656727,false,"עוגיות חיוכים שוקולד עלית 600 גרם בד""צ",אפיפית נצרת תעשיות ב,IL,עלית,גרמים,600.00,100 גרם,false,,16.90,0.0282,true,1,46646
7290106656734,false,"עוגיות חיוכים וניל עלית 600 גרם בד""צ",אפיפית נצרת תעשיות ב,IL,עלית,גרמים,600.00,100 גרם,false,,16.90,0.0282,true,1,46647
7290106658479,false,וופל טורטית שוקלד מגדים 40ג',"שטראוס גרופ בע""\מ",IL,עלית,גרמים,40.00,100 גרם,false,,3.90,0.0975,true,1,46652
7290106663091,false,"לאבנה 9 % עם שמן זית 500 גר' ""שטראוס""",הדקלאים אגודת שיתופי,IL,לאבנה,גרמים,500.00,100 גרם,false,,18.90,0.0378,true,1,49074
7290106663121,false,"עוגה אישית במילוי קרם חלב ""מילקי קייק"" שטראוס",בובארד איטליה אס.פי.איי,IT,מאגדת מילקי cake,גרמים,34.00,100 גרם,false,,2.90,0.0853,true,1,49075
7290106663503,false,קונפיטורה לייט תות יד מרדכי 230 גרם,אף.סי תבליני בגליל ב,IL,יד מרדכי,גרמים,230.00,100 גרם,false,,9.80,0.0426,true,1,46674
7290106663558,false,"רוטב טריאקי ורימון יד מרדכי 280מ""ל",אף.סי תבליני בגליל ב,IL,עלית,מיליליטרים,280.00,"100 מ""ל",false,,12.90,0.0461,true,1,46679
7290106664067,false,לאבנה עם שמן זית וזעתר 10% שטראוס 400 ג',הדקלאים אגודת שיתופי,IL,לאבנה,גרמים,400.00,100 גרם,false,,15.90,0.0398,true,1,49076
7290106664555,false,"רוטב שמנת עם עגבניות 9% שומן 250 מ""ל יוטבתה",שטראוס גרופ,IL,יטבתה,מיליליטרים,250.00,"100 מ""ל",false,,10.90,0.0436,true,1,49078
7290106667266,false,"דוריטוס חמוץ חריף 185 גרם ""עלית""","שטראוס פריטו ליי בע""\מ )",IL,עלית,גרמים,185.00,100 גרם,false,,6.90,0.0373,true,1,47507
7290106668577,false,"מיץ לימון טיבעי 250 מ""ל יד מרדכי",האי נאם סי או אל.טי.,IT,מיץ לימון טבעי,מיליליטרים,250.00,"100 מ""ל",false,,7.90,0.0316,true,1,46691
7290106668713,false,יוגורט עם פירות יער 3% שומן 150 ג' דנונה,מיוצר עי קונדיטוריית,IL,שטראוס,גרמים,150.00,100 גרם,false,,3.50,0.0233,true,1,49091
7290106669857,false,קפסולות אספרסו בטעם וניל עלית 10 יחידות,הנסיך- מפעל לייצור ט,IL,עלית,גרמים,50.00,100 גרם,false,,15.90,0.3180,true,1,46700
7290106720626,false,צ'יטוס קראנצ' בטעם גבינה - חלבי,"שטראוס פריטו ליי בע""\מ )",IL,עלית,גרמים,80.00,100 גרם,false,,4.50,0.0563,true,1,47510
7290106721913,false,מסטיק מאסט MUST ללא סוכר בטעם מנטה מרעננת,"שטראוס גרופ בע""מ",IL,עלית,גרמים,66.00,100 גרם,false,,9.90,0.1500,true,1,46706
7290106721920,false,צנצנת מסטיק מאסט בטעם ספירמינט עדין 66 ג' עלית,"שטראוס גרופ בע""\מ.",IL,עלית,גרמים,66.00,100 גרם,false,,9.90,0.1500,true,1,46707
7290106723689,false,עלי תרד בייבי שטראוס 200 גרם,שטראוס בריאות ירקות טריי,IL,שטראוס,גרמים,200.00,100 גרם,false,,10.90,0.0545,true,1,49097
7290106725867,false,"סירופ מייפל טבעי 189 מ""ל ""יד מרדכי""",קוסלסי פוד,CA,סירופ מייפל טבעי 189,מיליליטרים,189.00,"100 מ""ל",false,,29.90,0.1582,true,1,46725
7290106726178,false,יוגורט PRO עם פירות יער 2.4% 10 גרם חלבון בגביע,מיוצר עי קונדיטוריית,IL,דנונה פרו,גרמים,150.00,100 גרם,false,,4.60,0.0307,true,1,49099
7290106727984,false,"כיף כף פצפצים בגביע 135 גרם ""עלית""",שולן צ'\יקולטה גידה סאן.,TR,גביע פצפצים 135 גר,גרמים,135.00,100 גרם,false,,9.90,0.0733,true,1,46728
7290106729650,false,יוגורט עם תות מאגדת 8 יח' * 150ג' דנונה,"שטראוס גרופ בע""\מ",IL,דנונה,קילוגרמים,1.20,"ק""ג",false,,23.90,19.9167,true,1,49108
7290106772472,false,גרוסליין - בלגה ממרח שוקולד 350 גרם,"אלמנדוס בע""מ",IL,ממרח בלגה פרווה 350,גרמים,350.00,100 גרם,false,,12.90,0.0369,true,1,69346
7290106775053,false,מחית נוגט פרווה אלמנדוס,"אלמנדוס בע""מ",IL,*מבצע* מחית נוגט פרו,גרמים,400.00,100 גרם,false,,19.90,0.0497,true,1,69350
7290106775091,false,מחית פיסטוק אלמנדוס,שקד תבור,IL,*מבצע* מחית פיסטוק 2,גרמים,200.00,100 גרם,false,,30.90,0.1545,true,1,69351
7290107280020,false,שלישיית מטליות לחות לניקוי כללי סנו סושי 50 יחידות,טרופיקל דגיל- תעשיות,IL,סנו סושי,יח',150.00,יח',false,,17.90,0.1193,true,1,39611
7290107280068,false,סנו סושי תבנית אלומיניום ענק א.לארג 2 יח,סנו מפעלי ברונוס בעמ,CN,זוג תבניות אלומיניום לאפי,יח',2.00,יח',false,,8.90,4.4500,true,1,39613
7290107280075,false,סנו סושי תבנית אלומיניום לארג 4יח,סנו מפעלי ברונוס בעמ,CN,תבנית אלומיניום סנו סושי,יח',4.00,יח',false,,8.90,2.2250,true,1,39614
7290107280082,false,מארז 7 תבניות אלומיניום מוארכות לאפייה אינגליש קייק,סנו מפעלי ברונוס בעמ,CN,תבנית אלומיניום סנו סושי,יח',7.00,יח',false,,8.90,1.2714,true,1,39615
7290107280099,false,שלישיית מגובנים נשטפים באסלה סופט סוד 48 יחידות,טרופיקל דגיל- תעשיות,IL,סנו סופט,יח',144.00,יח',false,,14.90,0.1035,true,1,39616
7290107280112,false,נייר טואלט סופט סילק 24 גליל,סנו סופט,IL,נייר טואלט סנו סופט,מטרים,441.60,מטר,false,,24.90,0.0564,true,1,70309
7290107280341,false,ריצפז מטליות לחות לניקוי הרצפה בניחוח מלון מפנק,"סנו מפעלי ברונוס סע""",IL,ריצפז,יח',10.00,יח',false,,9.90,0.9900,true,1,39622
7290107280563,false,ג'ל אוקסיג'ן בייבי סנו 3 ליטר,"איי, בי, אינבוו",IL,אוקסיג'ן,ליטרים,3.00,ליטר,false,,26.90,8.9667,true,1,39630
7290107280570,false,סנו - מקסימה ג'ל כביסה מרוכז לכביסה צבעונית 3 ליטר,מיוצר עי קונדיטוריית,IL,מקסימה,ליטרים,3.00,ליטר,false,,28.90,9.6333,true,1,39631
7290107280723,false,נוזל לניקוי כלים סנו ספארק Spark בניחוח לימון רענן,סנו כימיקלים,IL,ספארק,מיליליטרים,700.00,"100 מ""ל",false,,8.90,0.0127,true,1,39640
7290107280730,false,נוזל לניקוי כלים סנו ספארק Spark בניחוח לבנדר,מיוצר עי קונדיטוריית,IL,ספארק,מיליליטרים,700.00,"100 מ""ל",false,,8.90,0.0127,true,1,39641
7290107280747,false,נוזל לניקוי כלים סנו ספארק Spark קלאסי,סנו כימיקלים,IL,ספארק,מיליליטרים,700.00,"100 מ""ל",false,,8.90,0.0127,true,1,39642
7290107645584,false,אבקת מרק עוף אמיתי רכיבים טיבעיים קנור 400ג',יוניליוור ישראל מזון בע\,IL,קנור עוף אמיתי ר.טבע,גרמים,400.00,100 גרם,false,,22.90,0.0572,true,1,51632
7290107645591,false,אבקת מרק טעם עוף רכביים טבעיים קנור 400ג',יוניליוור ישראל מזון בע\,IL,KNORR,גרמים,400.00,100 גרם,false,,12.90,0.0323,true,1,51633
7290107646147,false,"חטיף שוגי קורנפלקס תלמה 156 גרם מארז 6 יחידות בד""צ",יוניליוור ישראל מזון בעמ,IL,תלמה,גרמים,156.00,100 גרם,false,,12.90,0.0827,true,1,51644
7290107646154,false,"חטיף קוקומן פצפוצים תלמה 126 גרם מארז 6 יחידות בד""צ",יוניליוור ישראל מזון בעמ,IL,תלמה,גרמים,126.00,100 גרם,false,,12.90,0.1024,true,1,51645
7290107646826,false,שוגי חטיף פתיתי תירס קלויים בטעם שוקולד,יוניליוור ישראל מזון בעמ,IL,תלמה,גרמים,156.00,100 גרם,false,,12.90,0.0827,true,1,51658
7290107646833,false,שוגי חטיף עם פצפוצי שוקולד לבן ושוקולד חלב,יוניליוור ישראל מזון בעמ,IL,תלמה,גרמים,138.00,100 גרם,false,,12.90,0.0935,true,1,51659
7290107646918,false,רוטב עגבניות ופלפלים לשקשוקה 415 ג' קנור,קונסורזיו קאסאלאסקו דל פ,IT,קנור רוטב שקשוקה 415,גרמים,415.00,100 גרם,false,,9.90,0.0239,true,1,51665
7290107646925,false,ברנפלקס אקסטרה פייבר 410 גרם,יוניליוור ישראל מזון בע\,IL,תלמה,גרמים,410.00,100 גרם,false,,21.90,0.0534,true,1,51666
7290107647656,false,מאגדת מיני סולרו קוקוס אננס 245 ג',"מיוצר ע""\י גלידת שטראוס",IL,סולרו,גרמים,290.00,100 גרם,false,,23.90,0.0824,true,1,37302
7290107647731,false,קוקומן חום לבן 20% פחות סוכר 375 גרם,יוניליוור ישראל מזון בעמ,IL,TELMA,גרמים,375.00,100 גרם,false,,19.90,0.0531,true,1,51687
7290107647816,false,"דגני ברנפלקס ללא תוספת סוכר 500 גרם בד""צ",יוניליוור ישראל מזון בעמ,IL,TELMA,גרמים,500.00,100 גרם,false,,21.90,0.0438,true,1,51693
7290107649100,false,בייגלה טבעות שומשום 300 גרם.,בייגל את בייגל מזון 198),IL,B&B,גרמים,300.00,100 גרם,false,,9.90,0.0330,true,1,51727
7290107649605,false,קליק אקסטרא לארג שוקולד חלב עם פתיתי תירס ודגנים,יוניליוור ישראל מזון בעמ,IL,KLIK,גרמים,85.00,100 גרם,false,,4.90,0.0576,true,1,51732
7290107871990,false,"פסטה צינורות 500 גרם ""אסם""",פסטה זארה,IT,אסם,גרמים,500.00,100 גרם,false,,5.40,0.0108,true,1,34060
7290107874502,false,ביסלי גריל קדמ. מארז אחיד 10 4*55 גרם,מיוצר עי קונדיטוריית,IL,אסם,גרמים,220.00,100 גרם,false,,10.90,0.0495,true,1,34074
7290107875271,false,ביסלי ברביקיו קדמ. מארז אחיד10 4*55 גרם,"אסם השקעות בע""\מ",IL,אסם,גרמים,220.00,100 גרם,false,,10.90,0.0495,true,1,34079
7290107875400,false,גלידה לה קרמריה פיסטוק מוקה 1.4 ל' נסטלה,גלידות נסטלה )נגה גלידות,IL,לה קרמריה,ליטרים,1.40,ליטר,false,,18.90,13.5000,true,1,46107
7290107877619,false,מארז במבה במילוי קרם נוגט 5*30ג' אסם,"אסם השקעות בע""\מ",IL,במבה,גרמים,150.00,100 גרם,false,,12.90,0.0860,true,1,34100
7290107879521,false,קרחוני לה פרוטה La Frutta תות שדה - 5 יח',גלידות נסטלה )נגה גלידות,IL,לה פרוטה,גרמים,350.00,100 גרם,false,,23.90,0.0683,true,1,46114
7290107879569,false,קרחון לה פרוטה שרבט מנגו מאגדת 5יח',גלידות נסטלה )נגה גלידות,IL,לה פרוטה,גרמים,350.00,100 גרם,false,,23.90,0.0683,true,1,46115
7290107930321,false,קונפיטורת יד מרדכי דובדובן 340 גרם,"בית אל מזון בע""מ",IL,יד מרדכי,גרמים,340.00,100 גרם,false,,9.80,0.0288,true,1,46738
7290107931397,false,כיף כף פצפוצים במילוי שוקולד 40 גרם,שולן צ'\יקולטה גידה סאן.,TR,עלית,גרמים,40.00,100 גרם,false,,4.70,0.1175,true,1,46739
7290107932080,false,חלב מועשר יוטבתה בבקבוק 3% 1 ליטר,מחלבת יטבתה,IL,יטבתה,ליטרים,1.00,ליטר,false,,7.30,7.3000,true,1,49113
7290107932134,false,חלב מועשר יוטבתה בבקבוק 1% 1 ליטר,מחלבת יטבתה,IL,יטבתה,ליטרים,1.00,ליטר,false,,7.30,7.3000,true,1,49115
7290107933155,false,לקט סלנובה שטראוס 200 גרם,שטראוס בריאות ירקות טריי,IL,שטראוס,גרמים,200.00,100 גרם,false,,12.90,0.0645,true,1,49116
7290107934473,false,שמינייה יוגורט לבן אקטיביה 1.5% דנונה 150 גרם,"שטראוס גרופ בע""\מ",IL,שטראוס,ליטרים,1.20,ליטר,false,,20.90,17.4167,true,1,49127
7290107936309,false,דנונה יוגורט 7% יווני לבן 130 ג',"שטראוס בריאות בע""מ",IL,דנונה,גרמים,130.00,100 גרם,false,,3.20,0.0246,true,1,49132
7290107936958,false,עד חצות ביסקוויט אצבעות שוקולד 125 גרם,ביסקוויטס טור ד'\אלבון,FR,עד חצות,גרמים,125.00,100 גרם,false,,9.90,0.0792,true,1,46769
7290107936965,false,עיגולים עד חצות עם שוקולד חלב 225 גר,ביסקווטרי עוגיות סנט,FR,עד חצות,גרמים,225.00,100 גרם,false,,11.90,0.0529,true,1,46770
7290107937542,false,משקה יוגורט אקטיביה עם תות 1.2% שומן,מיוצר עי קונדיטוריית,IL,שטראוס,גרמים,268.00,100 גרם,false,,5.10,0.0190,true,1,49135
7290107937856,false,קפסולות 11חזק למכונות נספרסו עלית 10יח',הנסיך- מפעל לייצור ט,IL,עלית,גרמים,50.00,100 גרם,false,,15.90,0.3180,true,1,46781
7290107938396,false,שמיניית אקטימל תות דיסני בנים 108 גרם,מיוצר עי קונדיטוריית,IL,שטראוס,גרמים,864.00,100 גרם,false,,19.80,0.0229,true,1,49137
7290107939027,false,גזר דק דק שטראוס 250 גרם,שטראוס בריאות ירקות טריי,IL,גזר דקדק 250 גרם,גרמים,250.00,100 גרם,false,,6.50,0.0260,true,1,49141
7290107940030,false,חומוס אחלה 650 גרם,שטראוס גרופ,IL,שטראוס,גרמים,650.00,100 גרם,false,,8.90,0.0137,true,1,49150
7290107940467,false,אקטיביה יוגורט 1.5% שומן 200 ג' דנונה,מיוצר עי קונדיטוריית,IL,אקטיביה,גרמים,200.00,100 גרם,false,,4.10,0.0205,true,1,49155
7290107941259,false,עדשים ירוקות מבושלות שטראוס 475 גרם,הורקסה לס לגונס דה ס,ES,טעם הטבע,גרמים,475.00,100 גרם,false,,10.90,0.0229,true,1,49159
7290107941266,false,שעועית אדומה מבושלת שטראוס 475 גרם,הורקסה לס לגונס דה ס,ES,טעם הטבע,גרמים,475.00,100 גרם,false,,12.90,0.0272,true,1,49160
7290107941273,false,חומוס מבושל שטראוס 475 גרם,הורקסה לס לגונס דה ס,ES,טעם הטבע,גרמים,475.00,100 גרם,false,,10.90,0.0229,true,1,49161
7290107942454,false,ממרח פסק זמן אגוזי לוז עם קקאו 700 גרם,"שטראוס גרופ בע""\מ",IL,פסק זמן,גרמים,700.00,100 גרם,false,,21.90,0.0313,true,1,46804
7290107943192,false,"שמנת חמוצה מהערבה 27% שומן 200 מ""ל יטבתה",מחלבת יטבתה,IL,יטבתה,מיליליטרים,200.00,"100 מ""ל",false,,4.10,0.0205,true,1,49185
7290107944472,false,סימפוניה גבינה במרקם שמנת 5% שום שמיר,"שטראוס בריאות בע""\מ",IL,שטראוס,גרמים,200.00,100 גרם,false,,9.90,0.0495,true,1,49191
7290107945165,false,קונפיטורת משמש יד מרדכי 340 גרם,אף.סי תבליני בגליל ב,IL,יד מרדכי,גרמים,340.00,100 גרם,false,,9.80,0.0288,true,1,46823
7290107950190,false,מעדן חלב דל קלוריות בטעם שוקולד מריר 0.5% שומן,מיוצר עי קונדיטוריית,IL,שטראוס,גרמים,130.00,100 גרם,false,,3.50,0.0269,true,1,49249
7290107950206,false,מעדן חלב דל קלוריות בטעם שוקולד 0% שומן,מיוצר עי קונדיטוריית,IL,שטראוס,גרמים,130.00,100 גרם,false,,3.50,0.0269,true,1,49250
7290107951104,false,בפלות ופלים ארוכים בטעם שוקולד,"שטראוס גרופ בע""\מ",IL,עלית,גרמים,200.00,100 גרם,false,,3.90,0.0195,true,1,46852
7290107953559,false,"מארז קפה טורקי עלית לדרך כשל""פ 168 גרם",הנסיך- מפעל לייצור ט,IL,עלית,גרמים,168.00,100 גרם,false,,16.90,0.1006,true,1,46878
7290107954976,false,משקה חלב PRO עם קפה 1.5% 25 גרם חלבון בבקבוק,מחלבת יטבתה,DE,יטבתה,מיליליטרים,350.00,"100 מ""ל",false,,6.80,0.0194,true,1,49297
7290107956642,false,"תרסיס שמן זית 150 מ""ל יד מרדכי כשלפ",פארייפאבה אגרואינדוס,ES,*מבצע* תרסיס שמן זית,מיליליטרים,150.00,"100 מ""ל",false,,14.90,0.0993,true,1,46917
7290107956895,false,קפסולות 07 אספרסו בטעם קרמל עלית 10יח',שטראוס קפה בי.וי.,IL,עלית,גרמים,50.00,100 גרם,false,,15.90,0.3180,true,1,46923
7290107956901,false,קפסולות בטעם אגוזים למכונת נספרסו עלית 10 יחידות,שטראוס קפה בי.וי.,IL,עלית,גרמים,50.00,100 גרם,false,,15.90,0.3180,true,1,46924
7290107956932,false,קפסולות אספרסו אידונזיה למכונות 50 גר,שטראוס קפה בי.וי.,IL,עלית,גרמים,50.00,100 גרם,false,,15.90,0.3180,true,1,46926
7290107957076,false,"מסטיק ""עלמה"" בטעם ספירמנט 66 גרם צנצנת ""עלית""","שטראוס גרופ בע""\מ",IL,עלית,גרמים,66.00,100 גרם,false,,9.90,0.1500,true,1,46930
7290107957113,false,גבינת סימפוניה 5% עם זיתים פיקנטים 200 גרם,"שטראוס בריאות בע""\מ",IL,שטראוס,גרמים,200.00,100 גרם,false,,9.90,0.0495,true,1,49307
7290107957229,false,שוקולד צ'יפס מריר מעולה לאפיה עלית 250 ג',"פוליבה בע""מ",IL,עלית,גרמים,250.00,100 גרם,false,,10.90,0.0436,true,1,46931
7290107958035,false,יוגורט במתיקות מעודנת 2% ללא תוספת סוכר- מארז 8 יח,"שטראוס בריאות בע""\מ",IL,שטראוס,ליטרים,1.20,ליטר,false,,17.90,14.9167,true,1,49327
7290107958639,false,"מטבוחה מרוקאית חריפה 400 גרם ""אחלה""",מיוצר עי קונדיטוריית,IL,שטראוס,גרמים,400.00,100 גרם,false,,14.90,0.0373,true,1,49333
7290107970129,false,"ליידי ספיד סטיק - דאודורנט רול און לאישה פרש אסנס סחלב שחור 50 מ""ל",קולגייט-פלמוליב,IT,ליידי ספיד סטיק,מיליליטרים,50.00,"100 מ""ל",false,,14.90,0.2980,true,1,54527
7290107971744,false,"קולגייט - מי פה טוטל ירוק ספרמינט 500 מ""ל",יבואן ומשווק: ש. שסט,PL,קולגייט מי פה פלאקס 500מל,מיליליטרים,500.00,"100 מ""ל",false,,14.90,0.0298,true,1,54541
7290107973014,false,"סבון ידיים משאבה פלמוליב חלב ודבש 300 מ""ל",הנסיך- מפעל לייצור ט,TR,פלמוליב,מיליליטרים,300.00,"100 מ""ל",false,,10.90,0.0363,true,1,54549
7290107973861,false,מאסטר שף עגבניות קצוצות דק שלישיה 400ג*3 כשלפ,קונסרזיו קאסאלאסקו ד,IT,מאסטר שף,גרמים,1200.00,100 גרם,false,,15.90,0.0133,true,1,54561
7290107974066,false,"עלי טורטיה קמח מלא 20ס""מ 8יח' מאסטר שף 320ג'",אלקאטי קורביישיסי גי,ES,מאסטר שף,גרמים,320.00,100 גרם,false,,7.90,0.0247,true,1,54566
7290107975544,false,"קולגייט משחת שיניים סמיילס ברבי לגילאי 6 50מ""ל",קולגייט- פלמוליב,PL,קולגייט,מיליליטרים,50.00,"100 מ""ל",false,,9.90,0.1980,true,1,54590
7290107977456,false,"פלמוליב - ג'ל רחצה ושמפו ספורט לגבר 750 מ""ל",קולגייט פלמוליב,TR,פלמוליב לגבר ג'ל רחצ,מיליליטרים,750.00,"100 מ""ל",false,,19.90,0.0265,true,1,54609
7290107978101,false,מש.שיניים קולגייט א.וויט אקסטרה פאוור 75,קולגייט-פלמוליב,PL,קולגייט,מיליליטרים,75.00,"100 מ""ל",false,,29.90,0.3987,true,1,54611
7290107978347,false,איטריות בינוניות מאסטר שף 400 גרם,הדקלאים אגודת שיתופי,PL,מאסטר שף,גרמים,400.00,100 גרם,false,,3.90,0.0097,true,1,54614
7290108350128,false,סנו סושי שקיות אשפה חזקות במיוחד 40 יח',מיוצר עי קונדיטוריית,IL,סנו סושי,יח',40.00,יח',false,,22.90,0.5725,true,1,39655
7290108350210,false,סנו סושי 30 שקיות אשפה XL חזקות במיוחד,מיוצר עי קונדיטוריית,IL,סנו סושי,יח',30.00,יח',false,,24.90,0.8300,true,1,39661
7290108350524,false,טבליות בניחוח לבנדר לבישום ורענון ארונות בגדים,"סנו מפעלי ברונוס בע""",IL,טבליות ריחניות לארון,יח',1.00,יח',false,,15.90,15.9000,true,1,39667
7290108350531,false,סנו ספארק נוזל כלים בניחוח קלאסי עם משאבה 1 ל',מיוצר עי קונדיטוריית,IL,ספארק,ליטרים,1.00,ליטר,false,,10.90,10.9000,true,1,39668
7290108350548,false,סנו ספארק נוזל כלים בניחוח לבנדר עם משאבה 1 ל',מיוצר עי קונדיטוריית,IL,ספארק,ליטרים,1.00,ליטר,false,,10.90,10.9000,true,1,39669
7290108350555,false,נוזל כלים סנו ספארק Spark היפואלרגני פריחת השקד,סנו ספארק,IL,ספארק,ליטרים,1.00,ליטר,false,,10.90,10.9000,true,1,39670
7290108350586,false,נוזל לניקוי כלים סנו ספארק Spark בניחוח לימון רענן,"סנו מפעלי ברונוס בע""\מ",IL,ספארק,ליטרים,1.50,ליטר,false,,13.90,9.2667,true,1,39671
7290108350616,false,סנו - מקסימה מרכך כביסה מרוכז פריחה כחולה 1 ליטר,"סנו מפעלי ברונוס בע""\מ",IL,מקסימה,ליטרים,1.00,ליטר,false,,17.90,17.9000,true,1,39674
7290108350623,false,מרכך כביסה סופר מרוכז סופט סילק מקסימה 1 ל' סנו,"סנו מפעלי ברונוס בע""\מ",IL,מקסימה,ליטרים,1.00,ליטר,false,,17.90,17.9000,true,1,39675
7290108350739,false,משחת שיניים אורביטול קידס סטעם סוכריות ג'לי 70 גרם,טרופיקל דגיל תעשיות קוסמ,IL,אורביטול,גרמים,70.00,100 גרם,false,,8.90,0.1271,true,1,39684
7290108351552,false,"סנו - ג'ט לניקוי כללי בתוספת חומץ בניחוח לבנדר 750 מ""ל","סנו מפעלי ברונוס בע""\מ",IL,מרסס סנו ג'ט חומץ 75,מיליליטרים,750.00,"100 מ""ל",false,,11.90,0.0159,true,1,39716
7290108351569,false,מבשם ומרכך למייבש כביסה Baby לתינוקות ולעור רגיש,"סנו מפעלי ברונוס בע""\מ",IL,סנו,מיליליטרים,750.00,"100 מ""ל",false,,17.90,0.0239,true,1,39717
7290108351583,false,"סנו - ג'ט פלוס חומץ ג'ל לניקוי אסלות לבנדר 750 מ""ל",טרופיקל דגיל תעשיות,IL,סנו ג'ט,מיליליטרים,750.00,"100 מ""ל",false,,9.90,0.0132,true,1,39719
7290108351606,false,מטהר אוויר בלו בלוסום סנו פרש הום 350 מל,סנו מפעלי ברונוס בעמ,IL,סנופרש,מיליליטרים,350.00,"100 מ""ל",false,,10.90,0.0311,true,1,39721
7290108351613,false,סנו ריצפז פרש הום בניחוח מלון חלומי 2 ל,"סנו מפעלי ברונוס בע""\מ",IL,ריצפז,ליטרים,2.00,ליטר,false,,21.90,10.9500,true,1,39722
7290108351699,false,סנו - ג'ט מטליות לחות לניקוי כללי בתוספת חומץ לבנדר שלישיה,סנו מפעלי ברונוס על,IL,*מבצע* מגבוני ניקוי,יח',3.00,יח',false,,17.90,5.9667,true,1,39730
7290108351712,false,פניני בישום לכביסה 275 ג' מקסימה,inc prodacts smart value,IL,מקסימה,גרמים,275.00,100 גרם,false,,19.90,0.0724,true,1,39732
7290108351781,false,ג'ל לניקוי אסלות + חומץ ומלח לימון בריח הדרים,"סנו מפעלי ברונוס בע""",IL,סנו ג'ט,מיליליטרים,750.00,"100 מ""ל",false,,9.90,0.0132,true,1,39738
7290108351804,false,מרכך כביסה סופר מרוכז Gentl Breeze סנו מקסימה 1 ליטר,מיוצר עי קונדיטוריית,IL,מקסימה,ליטרים,1.00,ליטר,false,,17.90,17.9000,true,1,39739
7290108351811,false,מרכך כביסה סופר מרוכז Floral touch סנו מקסימה 1 ליטר,מיוצר עי קונדיטוריית,IL,מקסימה,ליטרים,1.00,ליטר,false,,17.90,17.9000,true,1,39740
7290108351859,false,"סנו מקסימה בושם מרוכז לכביסה FOREVER ורוד 600 מ""ל",סנו מקסימה,IL,מקסימה בושם כביסה ור,מיליליטרים,600.00,"100 מ""ל",false,,19.90,0.0332,true,1,39743
7290108351934,false,סנובון סבון אסלה מוצק RINGS בניחוח לימון שלישיה,החברה הדרומית,PL,סנו,יח',3.00,יח',false,,12.90,4.3000,true,1,39748
7290108351972,false,סנופרש הום מבשם לבית בניחוח מלון בוטיק,מיוצר עי קונדיטוריית,IL,מבשם יבש סנו פרש הום,מיליליטרים,200.00,"100 מ""ל",false,,10.90,0.0545,true,1,39752
7290108351989,false,סנופרש הום מבשם לבית בניחוח מלון מפנק,מיוצר עי קונדיטוריית,IL,מבשם יבש סנו פרש הום,מיליליטרים,200.00,"100 מ""ל",false,,10.90,0.0545,true,1,39753
7290108351996,false,"חיטוי בייבי 99.9% לחיטוי וניקוי בסביבת תינוקות 750 מ""ל","סנו מפעלי ברונוס בע""\מ",IL,מרסס חיטוי משטחים בי,מיליליטרים,750.00,"100 מ""ל",false,,13.90,0.0185,true,1,39754
7290108352061,false,משחת שיניים Go White אורביט 145 גרם עם פחם,טרופיקל דגיל תעשיות קוסמ,IL,*מבצע* משחת שיניים א,גרמים,145.00,100 גרם,false,,9.90,0.0683,true,1,39760
7290108352078,false,"שטיפת פה Protective salt אורביטול 500 מ""ל",טרופיקל דגיל תעשיות,IL,*מבצע* מי פה אורביטו,מיליליטרים,500.00,"100 מ""ל",false,,18.90,0.0378,true,1,39761
7290108352207,false,מקסימה 40 קפסולות לכביסה בניחוח fresh burst,"גליל כימיקלים, א.ת. צפונ",IL,קפסולות לכביסה מקסימ,יחי,40.00,יחי,false,,34.90,0.8725,true,1,39767
7290108352214,false,סנו - מקסימה קפסולות כביסה בניחוח בריזה מרעננת 40 יח',טרופיקל דגיל תעשיות,IL,קפסולות לכביסה מקסימ,יחי,40.00,יחי,false,,34.90,0.8725,true,1,39768
7290108352252,false,נוזל לניקוי כלים מתאים לניקוי ירקות ופירות סנו ספארק,"סנו מפעלי ברונוס בע""\מ",IL,ספארק,ליטרים,1.00,ליטר,false,,10.90,10.9000,true,1,39770
7290108352399,false,ריצפז פרש הום בניחוח מרכך כביסה פלורל טאצ',"סנו מפעלי ברונוס בע""\מ",IL,ריצפז,ליטרים,2.00,ליטר,false,,21.90,10.9500,true,1,39781
7290108352412,false,"סנו - פרש הום מבשם לבית ולטקסטיל ורד אנגלי ועלים 300 מ""ל",מיוצר עי קונדיטוריית,IL,מבשם אויר סנו פרש הו,מיליליטרים,300.00,"100 מ""ל",false,,12.90,0.0430,true,1,39783
7290108352429,false,מטהר אוויר סנו פרש הום נוזלי כחול ארומטי,סנו מפעלי ברונוס בעמ,IL,מבשם אויר סנו פרש הו,מיליליטרים,300.00,"100 מ""ל",false,,12.90,0.0430,true,1,39784
7290108352436,false,סנובון מוצק בניחוח נגוליה ונרולי שלישייה,סנו מפעלי ברונוס בעמ,IL,סנובון,יח',3.00,יח',false,,12.90,4.3000,true,1,39785
7290108352443,false,סנובון מוצק לניקוי אסלה כחול סנו 3 יחידות,סנו מפעלי ברונוס בעמ,IL,סנובון,יח',3.00,יח',false,,12.90,4.3000,true,1,39786
7290108352450,false,ריצפז פרש הום בניחוח מרכך כביסה בלו בלוסום,סנו מפעלי ברונוס בעמ,IL,ריצפז,ליטרים,2.00,ליטר,false,,21.90,10.9500,true,1,39787
7290108352498,false,מכשיר אוטומטי מעוצב ואלגנטי עם מילוי מלון בוטיק סנו פרש,"יצרן מכשיר: זובלה, יצרן",IL,סנו פרש מכשיר אוטומט,יח',1.00,יח',false,,44.90,44.9000,true,1,39790
7290108352511,false,ניקוי וחיטוי מכונת הכביסה בתוספת חומץ סנו מקסימה,"סנו מפעלי ברונוס בע""\מ",IL,מקסימה לניקוי וחיטוי,מיליליטרים,500.00,"100 מ""ל",false,,11.90,0.0238,true,1,39791
7290108352528,false,"מתז לחיטוי וניקוי חדר האמבטיה 99.9% 750 מ""ל","סנו מפעלי ברונוס בע""\מ",IL,מרסס לחיטוי וניקוי ח,מיליליטרים,750.00,"100 מ""ל",false,,13.90,0.0185,true,1,39792
7290108352535,false,סנו - מקסימה דפי בישום לחים למייבש הכביסה בניחוח מרכך כביסה,טרופיגל דגיל תעשיות קוסמ,IL,דפי בישום לחים למייב,יח',20.00,יח',false,,12.90,0.6450,true,1,39793
7290108352672,false,צמד מטליות הפלא לרצפה מיקרפייבר סנו סושי,סנו מפעלי ברונוס.,CN,מטליות הפלא לריצפה ז,יח',2.00,יח',false,,19.90,9.9500,true,1,39804
7290108352689,false,כריות קרצוף ללכלוך קשה סנו סושי 9 יחידות,טרופיקל דגיל תעשיות,US,כריות קירצוף סנו סוש,יח',9.00,יח',false,,9.50,1.0556,true,1,39805
7290108352788,false,סנו סושי שקיות זיפר לאוכל L 20 יחידות,פיין ונטג,IL,שקיות זיפר 20 יח סנו,יח',20.00,יח',false,,9.90,0.4950,true,1,39812
7290108352795,false,סנו סושי שקיות M זיפר 50 יחידות,פיין ונטג,CN,שקיות זיפר 50 יח סנו,יח',50.00,יח',false,,9.90,0.1980,true,1,39813
7290108352801,false,"שקיות אשפה לפחים קטנים 45 * 56 ס""מ סנו סושי 100 יחידות","סנו מפעלי ברונוס בע""מ",IL,סנו סושי,יח',100.00,יח',false,,18.90,0.1890,true,1,39814
7290108352825,false,ספוג הפלא נירוסטה סנו סושי 3יח',ltdn s.k.a.tסנו מפעלי בר,CN,סנו,יח',3.00,יח',false,,9.90,3.3000,true,1,39816
7290108352849,false,שלישיית מטליות הפלא לניקוי כללי דקור סנו סושי,טרופיקל דגיל תעשיות,CN,מטלית הפלא לניקוי כל,יח',3.00,יח',false,,14.90,4.9667,true,1,39817
7290108352863,false,סנו סושי שקיות צלייה 20יח' מידה L,סנו מפעלי ברונוס בעמ . ח,TR,סנו סושי,יח',20.00,יח',false,,7.90,0.3950,true,1,39819
7290108352870,false,סנו סושי שקיות צלייה 10יח' מידה XL,סנו מפעלי ברונוס בעמ . ח,IL,סנו סושי,יח',10.00,יח',false,,7.90,0.7900,true,1,39820
7290108352894,false,סנו סושי מפת שולחן חגיגית,שואוגאנג,CN,מפת שולחן חגיגית סנו,יח',1.00,יח',false,,7.90,7.9000,true,1,39821
7290108352955,false,"4 תבניות אקסטרא חזקות 31*16ס""מ סנו",יויו טינואט,IL,תבניות אינגליש 4 יח,יח',4.00,יח',false,,10.90,2.7250,true,1,39827
7290108352962,false,"סנו סושי 3 תבניות עמוקות אקסטרה חזקות 25*30 ס""מ",יויו טינואט,IL,תבניות עמוקות 3 יח ח,יח',3.00,יח',false,,10.90,3.6333,true,1,39828
7290108352986,false,"3 תבניות XL אקסטרא חזקות 40*29ס""מ סנו",יויו טינואט,IL,תבניות ענקיות 3 יח,יח',3.00,יח',false,,10.90,3.6333,true,1,39830
7290108353068,false,ספוג הפלא נירוסטה עם סיבי קירצוף סנו סושי 2 יח',מיוצר עי קונדיטוריית,IL,זוג כריות קירצוף עם,יח',2.00,יח',false,,9.90,4.9500,true,1,39837
7290108353099,false,ממחטות אף במארז ניילון סנו סופט 5 יח' * 100 דף,טרופיקל דגיל תעשיות,IL,סנו סופט,יח',5.00,יח',false,,12.90,2.5800,true,1,39839
7290108353372,false,אורביטול צמד מברשות שיניים 12000 סיבי פחם,"קוסמופארם בע""\מ",IL,מארז זוג מברשות שיני,יח',2.00,יח',false,,29.90,14.9500,true,1,39842
7290108353389,false,"אורביטול - מי פה ג'וניור לגילאי 8+ 250 מ""ל",קוסמופארם בעמ,IL,אורביטול,מיליליטרים,250.00,"100 מ""ל",false,,9.90,0.0396,true,1,39843
7290108353495,false,אורביטול - חוט דנטאלי 50 מטר בתוספת שעווה ופלואוריד,אורביטול,IL,חוט דנטאלי בתוספת שע,מטרים,50.00,מטר,false,,9.90,0.1980,true,1,39852
7290108353525,false,סנו סושי - תבניות אלומיניום עם ידיות אחיזה,קריניסה ויטמין אס אי,CN,תבניות גדולות 4 יח ע,יח',4.00,יח',false,,10.90,2.7250,true,1,39855
7290108353532,false,"שקיות אשפה חזקות עם שרוך לארג' 54 * 65 ס""מ סנו סושי 100 יחידות",סנו סושי,IL,שקיות אשפה 100 יח' ב,יח',100.00,יח',false,,29.90,0.2990,true,1,39856
7290108353549,false,נייר אפייה סנו סושי 100 יח,"טופ פלסט 2002 בע""\מ",IL,נייר אפייה סנו סושי,יח',100.00,יח',false,,19.90,0.1990,true,1,39857
7290108353648,false,סנו סושי - שקיות אוכל מנייר 70 יחידות,איי טיי אריזות טורקיה,TR,סנו סושי,יח',70.00,יח',false,,10.90,0.1557,true,1,39862
7290108353679,false,סנו סושי – ניילון שקופות 10 מפות,מיוצר עי קונדיטוריית,IL,סנו סושי,יח',1.00,יח',false,,14.90,14.9000,true,1,39865
7290108353686,false,מטלית חלומית לרצפה סנו סושי 1 יחידה,נינגבו סנבנג,CN,סנו סושי,יח',1.00,יח',false,,10.90,10.9000,true,1,39866
7290108353709,false,סושי כפפות ניטריל שחורות 80 יחידות S,סנו סושי,IL,כפפות ניטריל מידה s,יח',80.00,יח',false,,28.90,0.3612,true,1,39868
7290108353778,false,"תחליב רחצה שוודיה נקה 7 בניחוח פיטנגו 750 מ""ל","אמיליה קוסמטיקס בע""מ",IL,נקה 7,מיליליטרים,750.00,"100 מ""ל",false,,9.90,0.0132,true,1,39874
7290108353785,false,תחליב רחצה נקה 7 מרוקו בניחוח טונקה 750,"אמיליה קוסמטיקס בע""מ",IL,נקה 7,מיליליטרים,750.00,"100 מ""ל",false,,9.90,0.0132,true,1,39875
7290108353792,false,"תחליב רחצה יפן נקה 7 בניחוח פריחת הדובדבן 750 מ""ל","אמיליה קוסמטיקס בע""מ",IL,נקה 7,מיליליטרים,750.00,"100 מ""ל",false,,9.90,0.0132,true,1,39876
7290108353808,false,"תחליב רחצה מדגסקר נקה 7 בניחוח אמבר 750 מ""ל","אמיליה קוסמטיקס בע""מ",IL,נקה 7,מיליליטרים,750.00,"100 מ""ל",false,,9.90,0.0132,true,1,39877
7290108353846,false,סושי כפפות ניטריל שחורות 80 יחידות L,החברה הדרומית,IL,כפפות ניטריל מידה L,יח',80.00,יח',false,,28.90,0.3612,true,1,39880
7290108353891,false,"קרמה - דאודורנט רול און לאישה קרמה מאסק 75 מ""ל","קוסמופארם בע""\מ",IL,קרמה,מיליליטרים,75.00,"100 מ""ל",false,,12.90,0.1720,true,1,39882
7290108353952,false,"קרמה - דאודורנט ספריי לאישה קרמה קלאסי 150 מ""ל",מיוצר עי : אמיליה קוסמטי,IL,קרמה,מיליליטרים,150.00,"100 מ""ל",false,,12.90,0.0860,true,1,39884
7290108354034,false,"סבון ידיים קרמה חמאת שיאה וקוקוי 300 מ""ל",טרופיקל דגיל תעשיות,IL,קרמה,גרמים,300.00,100 גרם,false,,9.90,0.0330,true,1,39889
7290108354065,false,קרמה מן גל רחצה פילינג 700 מל לגבר,קוסמופארם בע'\'\מ,IL,קרמה מן,מיליליטרים,700.00,"100 מ""ל",false,,15.90,0.0227,true,1,39890
7290108354164,false,"כיף שלישיית אל סבון קטיפתי מועשר בשמנים 3*500 מ""ל",טרופיקל דגיל תעשיות,IL,סבון נוזלי כיף שלשה,מיליליטרים,1500.00,"100 מ""ל",false,,19.90,0.0133,true,1,39893
7290108354263,false,אורביטול גוניור משחת שיניים חד קרן 70גרם,טרופיקל דגיל תעשיות קוסמ,IL,אורביטול,גרמים,70.00,100 גרם,false,,8.90,0.1271,true,1,39895
7290108354270,false,מרכך כביסה מרוכז בבישום עוצמתי 1 ל' סנו מקסימה,מיוצר עי קונדיטוריית,IL,מקסימה,ליטרים,1.00,ליטר,false,,17.90,17.9000,true,1,39896
7290108354430,false,"שמפו כיף לשיקום והזנה שמן קוקוס וקרטין 700 מ""ל",קוסמופארם בעמ,IL,שמפו כיף שמן קוקוס ו,מיליליטרים,700.00,"100 מ""ל",false,,11.90,0.0170,true,1,39900
7290108354447,false,"מרכך כיף לשיקום והזנה שמן קוקוס וקרטין 700 מ""ל",גוד פוד פרודקטס S.p,IL,מרכך כיף קוקוס וקרטי,מיליליטרים,700.00,"100 מ""ל",false,,11.90,0.0170,true,1,39901
7290108354485,false,"קרליין מרכך 10 לשיער שמן ארגן 700 מ""ל","קוסמופארם בע""\מ",IL,מרכך 10 שמן ארגן קרל,מיליליטרים,700.00,"100 מ""ל",false,,12.90,0.0184,true,1,39902
7290108354492,false,"קרליין שמפו 10 לשיער שמן ארגן 700 מ""ל","קוסמופארם בע""\מ",IL,שמפו 10 שמן ארגן קרל,מיליליטרים,700.00,"100 מ""ל",false,,12.90,0.0184,true,1,39903
7290108354591,false,"תחליב רחצה בניחוח מי קקטוס ושמן באבאסו 750 מ""ל נקה 7","אמיליה קוסמטיקס בע""מ",IL,נקה 7,מיליליטרים,750.00,"100 מ""ל",false,,9.90,0.0132,true,1,39905
7290108354614,false,"מרכך בניחוח מי קקטוס ושמן באבאסו 750 מ""ל נקה 7","אמיליה קוסמטיקס בע""מ",IL,נקה 7,מיליליטרים,750.00,"100 מ""ל",false,,10.90,0.0145,true,1,39907
7290108354720,false,סנו פרש הום מקלות ריחניים בניחוח ליידי קוקו 100מל',סנו fresh,IL,מקלות ריחניים לבית ל,מיליליטרים,100.00,"100 מ""ל",false,,19.90,0.1990,true,1,71901
7290108354751,false,"סנו - ג'ט מרסס לניקוי כללי בתוספת אבקת סודה 750 מ""ל","סנו מפעלי ברונוס בע""\מ",IL,מרסס סנו ג'ט +סודה 7,מיליליטרים,750.00,"100 מ""ל",false,,11.90,0.0159,true,1,39911
7290108354829,false,"קרם ידיים קרמה ורד וניל 100 מ""ל מ""ל",קוסמופארם,IL,קרמה,מיליליטרים,100.00,"100 מ""ל",false,,9.90,0.0990,true,1,39912
7290108354836,false,קרם ידיים מרוכז לידיים יבשות מאוד בבישום עדין,קוסמופארם,IL,קרם ידיים מרוכז קרמה,מיליליטרים,50.00,"100 מ""ל",false,,14.90,0.2980,true,1,70311
7290108354911,false,"שמפו, ג'ל רחצה וגילוח מועשר בתמצית אלוורה",טרופיקל דגיל תעשיות,IL,קרמה מן 3 ב-1 שמפו ג,מיליליטרים,700.00,"100 מ""ל",false,,15.90,0.0227,true,1,39918
7290108355000,false,"שמפו מיניונים לילדים נקה 7 750 מ""ל",אמיליה קוסמטיקס,IL,נקה 7,מיליליטרים,750.00,"100 מ""ל",false,,10.90,0.0145,true,1,39921
7290108355024,false,"נקה 7 שמפו ומרכך לילדים מיניונים 750 מ""ל",קוסמופארם בע'\'\מ,IL,נקה 7,מיליליטרים,750.00,"100 מ""ל",false,,10.90,0.0145,true,1,39923
7290108355055,false,לחו.לשיער מקצועי גלייז נטורל פורמולה 400,נטורל פורמולה Natural Formula,IL,נטורל פורמולה,מיליליטרים,400.00,"100 מ""ל",false,,29.90,0.0747,true,1,39926
7290108355079,false,לחו.לשיער מקצועי קוקוס נטורל פורמולה 400,נטורל פורמולה,IL,נטורל פורמולה,מיליליטרים,400.00,"100 מ""ל",false,,29.90,0.0747,true,1,39928
7290108355130,false,"בייבי כיף שמן גוף לפני שינה 500 מ""ל",קוסמופארם,IL,כיף,מיליליטרים,500.00,"100 מ""ל",false,,24.90,0.0498,true,1,39933
7290108355147,false,"תחליב רחצה שמני הזנה נקה 7 750 מ""ל",טרופיקל דגיל תעשיות קוסמ,IL,נקה 7,מיליליטרים,750.00,"100 מ""ל",false,,9.90,0.0132,true,1,39934
7290108355154,false,"שמפו שמני הזנה נקה 7 750 מ""ל","אמיליה קוסמטיקס בע""מ",IL,נקה 7,מיליליטרים,750.00,"100 מ""ל",false,,10.90,0.0145,true,1,39935
7290108355161,false,"מרכך שיער שמני הזנה 750 מ""ל נקה 7","אמיליה קוסמטיקס בע""מ",IL,נקה 7,מיליליטרים,750.00,"100 מ""ל",false,,10.90,0.0145,true,1,39936
7290108355178,false,"קרמה - קרם ידיים חמאת שיאה וקוקוי 100 מ""ל",החברה הדרומית,IL,קרמה,מיליליטרים,100.00,"100 מ""ל",false,,9.90,0.0990,true,1,39937
7290108355208,false,"שמפו קרטין אינטנס למניעת קשקשים נטורל 400 מ""ל",נטורל פורמולה Natural Formula,IL,נטורל פורמולה,מיליליטרים,400.00,"100 מ""ל",false,,29.90,0.0747,true,1,39940
7290108355253,false,ג'ל רחצה לגבר אקסטרה פרש 800 גם נקה 7 men,"אמיליה קוסמטיקס בע""מ",IL,נקה 7,מיליליטרים,750.00,"100 מ""ל",false,,10.90,0.0145,true,1,39942
7290108355277,false,"נקה 7 - שמפו ומרכך לגבר 2 ב-1 750 מ""ל","אמיליה קוסמטיקס בע""מ",IL,נקה 7,מיליליטרים,750.00,"100 מ""ל",false,,10.90,0.0145,true,1,39944
7290108355284,false,"תרסיס לשיער נקה 7 להתרת קשרים 750 מ""ל",קוסמופארם בעמ,IL,תרסיס קרם/תרסיס נקה,מיליליטרים,350.00,"100 מ""ל",false,,14.90,0.0426,true,1,39945
7290108355307,false,"נקה 7 - שמפו סירוק קל רוזמרין 750 מ""ל",גוד פוד פרודקטס S.p,IL,שמפו נקה 7 סירוק קל,מיליליטרים,750.00,"100 מ""ל",false,,12.90,0.0172,true,1,39947
7290108355314,false,מרכך לסירוק קל בתוספת רוזמרין,גוד פוד פרודקטס S.p,IL,מרכך קרם/תרסיס נקה 7,מיליליטרים,750.00,"100 מ""ל",false,,12.90,0.0172,true,1,39948
7290108355451,false,"קרמה - דאודורנט רול און לאישה קרמה ורד ווניל 75 מ""ל","קוסמופארם בע""\מ",IL,קרמה,מיליליטרים,75.00,"100 מ""ל",false,,12.90,0.1720,true,1,39949
7290108355536,false,"קרמה - דאודורנט ספריי לאישה קרמה ורד וניל 150 מ""ל",מיוצר עי : אמיליה קוסמטי,IL,קרמה,מיליליטרים,150.00,"100 מ""ל",false,,12.90,0.0860,true,1,39953
7290108356045,false,"כיף תחליב רחצה בניחוח גלידת סוכריות ג'לי 700 מ""ל",החברה הדרומית,IL,כיף,מיליליטרים,700.00,"100 מ""ל",false,,10.90,0.0156,true,1,39976
7290108356106,false,כיף תחליב רחצה חלב שקדים 700 מל,החברה הדרומית,IL,כיף,מיליליטרים,700.00,"100 מ""ל",false,,10.90,0.0156,true,1,39981
7290108356113,false,כיף תחליב רחצה חלב ודבש 700 מל,קוסמופארם בעמ,IL,כיף,מיליליטרים,700.00,"100 מ""ל",false,,10.90,0.0156,true,1,39982
7290108356120,false,"תחליב רחצה כיף קוקוס וניל 700 מ""ל",קוסמופארם,IL,כיף,מיליליטרים,700.00,"100 מ""ל",false,,10.90,0.0156,true,1,39983
7290108356137,false,"כיף - תחליב רחצה לבנדר 700 מ""ל",קוסמופארם,IL,כיף,מיליליטרים,700.00,"100 מ""ל",false,,10.90,0.0156,true,1,39984
7290108356151,false,"תחליב רחצה כיף מאסק יסמין 700 מ""ל",גוד פוד פרודקטס S.p,IL,כיף,מיליליטרים,700.00,"100 מ""ל",false,,10.90,0.0156,true,1,39986
7290108356168,false,"כיף - תחליב רחצה אוקיינוס 700 מ""ל",גוד פוד פרודקטס S.p,IL,כיף,מיליליטרים,700.00,"100 מ""ל",false,,10.90,0.0156,true,1,39987
7290108356182,false,כיף אל סבון תאנה ותה ירוק 1 ליטר משאבה,קוסמופארם בע'\'\מ,IL,כיף,ליטרים,1.00,ליטר,false,,11.90,11.9000,true,1,39989
7290108356489,false,"כיף - תחליב רחצה אפרסק וחמאת מורומורו 700 מ""ל",קוסמופארם בעמ,IL,כיף,מיליליטרים,700.00,"100 מ""ל",false,,10.90,0.0156,true,1,40003
7290108356519,false,קרליין שמפו 10למניעת קשקשים 700מל,"קוסמופארם בע""\מ",IL,שמפו 10 לשיער רגיל ק,מיליליטרים,700.00,"100 מ""ל",false,,12.90,0.0184,true,1,40004
7290108356526,false,"קרליין - שמפו 10 לשיער יבש 700 מ""ל","קוסמופארם בע""\מ",IL,שמפו 10 לשיער יבש קר,מיליליטרים,700.00,"100 מ""ל",false,,12.90,0.0184,true,1,40005
7290108356533,false,קרוליין 10 שמפו לשיער מתולתל 700 מל,"קוסמופארם בע""\מ",IL,שמפו 10 לשיער מתולתל,מיליליטרים,700.00,"100 מ""ל",false,,12.90,0.0184,true,1,40006
7290108356540,false,"שמפו 10 לשיער צבוע 700 מ""ל קרליין","קוסמופארם בע""\מ",IL,שמפו 10 לשיער צבוע ק,מיליליטרים,700.00,"100 מ""ל",false,,12.90,0.0184,true,1,40007
7290108356564,false,"קרליין - מרכך 10 לשיער רגיל 700 מ""ל","קוסמופארם בע""\מn\",IL,מרכך 10 לשיער רגיל ק,מיליליטרים,700.00,"100 מ""ל",false,,12.90,0.0184,true,1,40009
7290108356571,false,"קרליין - מרכך 10 לשיער יבש 700 מ""ל","קוסמופארם בע""\מ",IL,מרכך 10 לשיער יבש קר,מיליליטרים,700.00,"100 מ""ל",false,,12.90,0.0184,true,1,40010
7290108356588,false,קרוליין 10 מרכך לשיער מתולתל 700 מל,"קוסמופארם בע""\מ",IL,מרכך 10 לשיער מתולתל,מיליליטרים,700.00,"100 מ""ל",false,,12.90,0.0184,true,1,40011
7290108356595,false,קרוליין 10 מרכך לשיער צבוע 700 מל,"קוסמופארם בע""\מ",IL,מרכך 10 לשיער צבוע ק,מיליליטרים,700.00,"100 מ""ל",false,,12.90,0.0184,true,1,40012
7290108356717,false,לגבר 3 ב-1 שמפו גל רחצה וסבון - קפאין,קוסמופארם בעמ,IL,כיף לגבר קפאין 3ב1 ש,מיליליטרים,700.00,"100 מ""ל",false,,11.90,0.0170,true,1,70321
7290108356724,false,לגבר 3 ב-1 שמפו גל רחצה וסבון - אלוורה,קוסמופארם בעמ,IL,כיף לגבר אלוורה 3ב1,מיליליטרים,700.00,"100 מ""ל",false,,11.90,0.0170,true,1,70322
7290108356892,false,ריצפז פרש הום 2ליטר בניחוח מלון אקזוטי,סנו ריצפז,IL,ריצפז,ליטרים,2.00,ליטר,false,,21.90,10.9500,true,1,71902
7290108357004,false,כיף שמפו ורד ושמן קוקוי לרכות וברק,טרופיקל דגיל תעשיות,IL,שמפו כיף ושמן קוקוי,מיליליטרים,700.00,"100 מ""ל",false,,11.90,0.0170,true,1,40017
7290108357011,false,כיף קונדישינר לשיער שמן קוקוי 700 מל,טרופיקל דגיל תעשיות,IL,מרכך כיף ושמן קוקוי,מיליליטרים,700.00,"100 מ""ל",false,,11.90,0.0170,true,1,40018
7290108357028,false,"תחליב רחצה כיף ורד ושמן קוקוי 700 מ""ל",קוסמופארם בעמ,IL,כיף,מיליליטרים,700.00,"100 מ""ל",false,,10.90,0.0156,true,1,40019
7290108357097,false,"קרליין - נושם ביו דאודורנט ספריי 150 מ""ל Velvet Rose לאישה",קוסטר אירוסול,IL,קרליין נושם ביו דאוד,מיליליטרים,150.00,"100 מ""ל",false,,12.90,0.0860,true,1,40024
7290108357196,false,"ג'ט פלוס לניקוי כללי בתוספת תמצית עץ התה 750 מ""ל סנו",מיוצר עי קונדיטוריית,IL,מרסס סנו ג'ט תמצית ע,מיליליטרים,750.00,"100 מ""ל",false,,11.90,0.0159,true,1,40027
7290108357202,false,סנוקליר לניקוי בניחוח בלו בלוסום 1 ליטר,"סנו מפעלי ברונוס בע""\מ",IL,סנוקליר,ליטרים,1.00,ליטר,false,,10.90,10.9000,true,1,40028
7290108357226,false,"אוקסיגן POWER אבקה לכביסה לבנה והסרת כתמים 1.4 ק""ג סנו",החברה הדרומית,IL,אבקה להלבנה עוצמתית,קילוגרמים,1.40,"ק""ג",false,,29.90,21.3571,true,1,40029
7290108357233,false,סנוקליר מטליות לחות לניקוי והברקה 50יח,"סנו מפעלי ברונוס בע""\מ",IL,מטליות לחות לניקוי ו,יח',50.00,יח',false,,11.90,0.2380,true,1,40030
7290108357240,false,סנו אוקסיג'ן אבקה לכביסה להסרת כתמים קשים,החברה הדרומית,IL,אבקה עוצמתית להסרת כ,קילוגרמים,1.40,"ק""ג",false,,29.90,21.3571,true,1,40031
7290108357271,false,סנובון ג'ל לניקוי אסלות עם חמצן פעיל לניקוי עוצמתי,סנו מפעלי ברונוס בעמ,IL,סנובון,מיליליטרים,750.00,"100 מ""ל",false,,8.90,0.0119,true,1,40034
7290108357288,false,אקונומיקה ז'אוול בניחוח פריחה לבנה 4 ל' סנו,סנו ז'אוול Javel,IL,סנו ז'אוול,ליטרים,4.00,ליטר,false,,16.90,4.2250,true,1,40035
7290108357295,false,"מרסס אוקסיג'ן מסיר כתמים סנו לכביסה לבנה 750 מ""ל","סנו מפעלי ברונוס בע""\מ",IL,אוקסיג'ן,מיליליטרים,750.00,"100 מ""ל",false,,16.90,0.0225,true,1,40036
7290108357301,false,"סנו - K300 קוטל חרקים תיקנים ונמלים 300 מ""ל","סנו מפעלי ברונוס בע""\מ",IL,מרסס K301,מיליליטרים,300.00,"100 מ""ל",false,,11.90,0.0397,true,1,40037
7290108357417,false,"קרמה - קרם גוף קרמה ורד ווניל 500 מ""ל",טרופיקל דגיל תעשיות,IL,קרמה,מיליליטרים,500.00,"100 מ""ל",false,,19.90,0.0398,true,1,40040
7290108357660,false,סנובון Bubbles שלישיית כדוריות ג'ל אסלה ניחוח לבנדר,סנו סנובון,CZ,סנובון באבלס בניחוח,יח',3.00,יח',false,,14.90,4.9667,true,1,69397
7290108357707,false,"כיף שמפו לשיער רגיל- תפוח זרעי צ'יה 700 מ""ל",גוד פוד פרודקטס S.p,IL,שמפו כיף תפוח זרעי צ,מיליליטרים,700.00,"100 מ""ל",false,,11.90,0.0170,true,1,40045
7290108357714,false,"כיף שמפו לשיער יבש -רימונים ושמן ארגן 700 מ""ל",גוד פוד פרודקטס S.p,IL,שמפו כיף רימונים ושמ,מיליליטרים,700.00,"100 מ""ל",false,,11.90,0.0170,true,1,40046
7290108357745,false,שמפו ומרכך 2 ב-1 תאנה ומנטה לכל סוגי השיער,גוד פוד פרודקטס S.p,IL,שמפו+מרכך כיף תאנה ו,מיליליטרים,700.00,"100 מ""ל",false,,11.90,0.0170,true,1,40048
7290108357769,false,"מרכך לשיער רגיל תפוח וזרעי צ'יה 700 מ""ל כיף",גוד פוד פרודקטס S.p,IL,מרכך כיף תפוח זרעי צ,מיליליטרים,700.00,"100 מ""ל",false,,11.90,0.0170,true,1,40050
7290108357776,false,"כיף מרכך לשיער יבש -רימונים ושמן ארגן 700 מ""ל",גוד פוד פרודקטס S.p,IL,מרכך כיף רימונים ושמ,מיליליטרים,700.00,"100 מ""ל",false,,11.90,0.0170,true,1,40051
7290108357837,false,כיף אל סבון 1 ליטר ג'נסינג שקית מילוי + פקק,"קוסמופארם בע""\מ",IL,כיף אל סבון כחול שקי,ליטרים,1.00,ליטר,false,,7.90,7.9000,true,1,40054
7290108357851,false,"כיף - ג'ל רחצה אליקסיר אוילס מועשר בשמן קוקוס 700 מ""ל","קוסמופארם בע""\מ",IL,כיף,מיליליטרים,700.00,"100 מ""ל",false,,10.90,0.0156,true,1,40056
7290108357875,false,"כיף - שמפו לחות מוגברת עם אפרסק וחמאת מורומורו 700 מ""ל",קוסמופארם בעמ,IL,שמפו לחות מוגברת עם,מיליליטרים,700.00,"100 מ""ל",false,,11.90,0.0170,true,1,40058
7290108357882,false,"כיף - מרכך לחות מוגברת עם אפרסק וחמאת מורומורו 700 מ""ל",קוסמופארם בעמ,IL,מרכך לחות מוגברת עם,מיליליטרים,700.00,"100 מ""ל",false,,11.90,0.0170,true,1,40059
7290108358070,false,"תחליב רחצה קרמה קלאסי 700 מ""ל",גוד פוד פרודקטס S.p,IL,קרמה,מיליליטרים,700.00,"100 מ""ל",false,,16.90,0.0241,true,1,40060
7290108358124,false,דפי בישום לחים למייבש הכביסה בניחוח מרכך כביסה 20 יח' מקסימה,טרופיגל דגיל תעשיות קוסמ,IL,דפי בישום לחים למייב,יח',20.00,יח',false,,12.90,0.6450,true,1,40065
7290108359008,false,סושי שקיות זיפר עם סליידר 15 יח לארג',החברה הדרומית,CN,שקיות זיפר 15 יח' L,יח',20.00,יח',false,,13.90,0.6950,true,1,40066
7290108359015,false,סושי שקיות זיפר עם סליידר 20 יח מדיום,החברה הדרומית,CN,שקיות זיפר 20 יח' M,יח',20.00,יח',false,,13.90,0.6950,true,1,40067
7290108359084,false,סנו סושי כיסוי ניילון עם גומי 30 יחידות M,תאיזו ווילד,IL,כיסוי ניילון עם גומי,יח',30.00,יח',false,,9.90,0.3300,true,1,40072
7290108359091,false,סנו סושי כיסוי ניילון עם גומי 30 יחידות L,תאיזו ווילד,IL,כיסוי ניילון עם גומי,יח',30.00,יח',false,,9.90,0.3300,true,1,40073
7290108359114,false,סנו סושי – 10 חמגשית אלומיניום עם מכסה,סנו סושי,IL,חמגשית אלומיניום עם,יח',10.00,יח',false,,9.90,0.9900,true,1,40074
7290108359145,false,סנו סושי דפי ספוג הפלא12,קריות זול,CN,סנו סושי,יח',12.00,יח',false,,9.90,0.8250,true,1,69398
7290108359152,false,"תבנית אלומיניום עגולה 25 ס""מ -6 יחי סנו סושי","אופל אריזות בע""\מ",IL,תבניות אלומיניום עגו,יח',6.00,יח',false,,9.90,1.6500,true,1,40077
7290108359169,false,"תבנית אלומיניום עגולה 628 ס""מ יחי סנו סושי","אופל אריזות בע""\מ",IL,תבניות אלומיניום עגו,יח',6.00,יח',false,,9.90,1.6500,true,1,40078
7290108359183,false,שקית אשפה חזקות 70*50 60 יח' סנו סושי,סנו סושי,IL,סנו סושי,יח',60.00,יח',false,,21.90,0.3650,true,1,40079
7290108359190,false,סנו סושי מגבות הפלא 4=12 גליל ארוך פי 3,החברה הדרומית,IL,מגבות נייר 4=12 סנו,מטרים,126.96,מטר,false,,24.90,0.1961,true,1,70323
7290108359213,false,נייר טואלט סופט דו שכבתי 18 גלילים כפולים,סנו סופט Soft,IL,נייר טואלט סופט ג'מב,מטרים,674.80,מטר,false,,39.90,0.0591,true,1,71903
7290108359824,false,"כיף - בייבי כיף קרם 500 מ""ל",קוסמופארם בעמ,IL,כיף,מיליליטרים,500.00,"100 מ""ל",false,,19.90,0.0398,true,1,40080
7290108359879,false,"אלסבון בייבי כיף+משאבה 750 מ""ל",קוסמופארם בעמ,IL,כיף,מיליליטרים,750.00,"100 מ""ל",false,,14.90,0.0199,true,1,40083
7290108359985,false,סנו - ז'אוול מרסס קצף לניקוי וחינו בניחוח פריחה לבנה 1 ליטר,סנו ז'אוול Javel,IL,סנו ז'אוול,ליטרים,1.00,ליטר,false,,16.90,16.9000,true,1,40086
7290108501346,false,גבינה מגורדת גאודה 28% שומן EURO CHEESE ויליפוד 500 גרם,ג. וילי פוד אינטרנשיונל,IL,סיי צייז,גרמים,500.00,100 גרם,false,,24.90,0.0498,true,1,41028
7290108501490,false,גבינת מוצרלה פרוסות 150גרם RO CHEESE,ג.וילי פוד אינטרנשיונל ב,IL,גבינת מוצרלה פרוסות,גרמים,150.00,100 גרם,false,,12.90,0.0860,true,1,41040
7290108502305,false,גבינת גרנה פדנו משולש ויליפוד 150 גרם,וילי פוד,IT,וילי פוד,גרמים,150.00,100 גרם,false,,16.90,0.1127,true,1,41091
7290108502329,false,רביעיית טונה בשמן זית ויליפוד 4*160 גרם,גולדן פרייז קאנינג אל טי,TH,רביעית נתחי טונה בשמ,גרמים,640.00,100 גרם,false,,26.90,0.0420,true,1,41092
7290108502725,false,גבינת גאודה פרוסות 400 גר`וילי פוד,ג.וילי פוד אינטרנשיונל ב,IL,גבינת גאודה פרוסות 4,גרמים,400.00,100 גרם,false,,19.90,0.0497,true,1,41118
7290108502763,false,גבינת קממבר ויליפוד 200 גרם,פטוראז',FR,גבינת קממבר 200 גרם,גרמים,200.00,100 גרם,false,,19.90,0.0995,true,1,41121
7290108503043,false,תפוחונים חטיף פלחים מיובשים מארז 22X4ג',הביי דונגפנג פוד קו. בעמ,CN,תפוחונים,גרמים,88.00,100 גרם,false,,12.90,0.1466,true,1,41134
7290108503067,false,פרמז'נו משולש ויליפוד 150 גרם,וילי פוד,IT,וילי פוד,גרמים,150.00,100 גרם,false,,13.90,0.0927,true,1,41136
7290108503647,false,"DAAWAT אורז בסמטי מהדרין ויליפוד 1 ק""ג",אל.טי.פודס בעמ,IN,DAAWAT,קילוגרמים,1.00,"ק""ג",false,,11.90,11.9000,true,1,41175
7290108504293,false,מנצ'גו צ'אנק ויליפוד 150 גרם,ג.וילי פוד אינטרנשיו,ES,*מבצע* מנצגו צאנק 15,גרמים,150.00,100 גרם,false,,15.90,0.1060,true,1,41215
7290108504699,false,רביעיית טונה בשמן קנולה פתח קל ויליפוד 4*160 גרם,גולדן פרייז קאנינג אל טי,TH,וילי פוד,גרמים,640.00,100 גרם,false,,21.90,0.0342,true,1,41236
7290108505160,false,יוגורט עם אגסים 4% שומן ויליפוד 150 גרם,Euro יורו מחלבות אירופה,GR,יורו,גרמים,150.00,100 גרם,false,,4.90,0.0327,true,1,41259
7290108505177,false,יוגורט עם אננס 0% שומן ויליפוד 150 גרם,Euro יורו מחלבות אירופה,GR,יורו,גרמים,150.00,100 גרם,false,,4.90,0.0327,true,1,41260
7290108505184,false,יוגורט עם קוקוס 5% שומן ויליפוד 150 גרם,Euro יורו מחלבות אירופה,GR,יורו,גרמים,150.00,100 גרם,false,,4.90,0.0327,true,1,41261
7290108505191,false,יוגורט עם פצפוצי שוקולד 5% שומן ויליפוד 150 גרם,Euro יורו מחלבות אירופה,GR,יורו,גרמים,150.00,100 גרם,false,,4.90,0.0327,true,1,41262
7290108505207,false,יוגורט עם אוכמניות 0% שומן ויליפוד 150 גרם,Euro יורו מחלבות אירופה,GR,יורו,גרמים,150.00,100 גרם,false,,4.90,0.0327,true,1,41263
7290108505214,false,יוגורט עם אפרסק 0% שומן ויליפוד 150 גרם,Euro יורו מחלבות אירופה,GR,יורו,גרמים,150.00,100 גרם,false,,4.90,0.0327,true,1,41264
7290108505719,false,גבינת מוצרלה מגורדת EURO CHEESE ויליפוד 200 גרם,סאסו פטוראגס קומטויס אף,TR,יורו,גרמים,200.00,100 גרם,false,,12.90,0.0645,true,1,41278
7290108505726,false,אצבעות גבינת חצי קשה EURO CHEESE ויליפוד 200 גרם,סאסו פטוראגס קומטויס אף,TR,יורו,גרמים,200.00,100 גרם,false,,14.90,0.0745,true,1,41279
7290108505733,false,צמות-גבינה חצי קשה 25% שומן 200 גרם,סאסו פטוראגס קומטויס אף,TR,יורו,גרמים,200.00,100 גרם,false,,12.90,0.0645,true,1,41280
7290108506426,false,בייגלה קראנצ'י טורקי אותנטי - מוקפא,וילי פוד,TR,סימיט בייגלה קפוא 40,גרמים,400.00,100 גרם,false,,13.90,0.0348,true,1,69352
7290108506495,false,"כנאפה מאפה בצק ""שערות"" קדאיף וגבינה",ארמה גרופ,TR,פינוקים,גרמים,192.50,100 גרם,false,,12.90,0.0670,true,1,41308
7290108506624,false,גבינת עיזים צ'אנק ויליפוד 150 גרם,אל פסטור,ES,*מבצע* עיזים צאנק 15,גרמים,150.00,100 גרם,false,,15.90,0.1060,true,1,41313
7290108506709,false,משולש גבינת פרמז'נו רג'אנו ZANETI,וילי פוד,IT,וילי פוד,גרמים,150.00,100 גרם,false,,17.90,0.1193,true,1,41320
7290108506969,false,מאפה בורקס מים תורכי גבינה ויליפוד 300 גרם,וילי פוד,TR,EURO,גרמים,300.00,100 גרם,false,,14.90,0.0497,true,1,41325
7290108508031,false,ויליפוד אננס שלם 830 גרם,נטריישן,TH,אננס שלם 830 גרם,גרמים,830.00,100 גרם,false,,10.90,0.0131,true,1,41357
7290108508499,false,"איירן משקה יוגורט בסגנון טורקי יורו 293 מ""ל",Euro יורו מחלבות אירופה,TR,איירן משקה יוגורט בג,מיליליטרים,293.00,"100 מ""ל",false,,4.90,0.0167,true,1,41375
7290108508901,false,דלתא יוגורט עם דובדבנים ושקדים 0.6% ויליפוד 150 גרם,Euro יורו מחלבות אירופה,GR,יורו,גרמים,150.00,100 גרם,false,,4.90,0.0327,true,1,41383
7290108509113,false,גבינה בולגרית 18% מעודנת EUROויליפוד 250 גרם,Euro יורו מחלבות אירופה,TR,יורו,גרמים,250.00,100 גרם,false,,8.90,0.0356,true,1,41394
7290108509571,false,גבינה פטה 24% עם צ'ילי ופפריקה 153 גרם ויליפוד,,GR,גבינה מלוחה עם צילי,גרמים,153.00,100 גרם,false,,15.90,0.1039,true,1,70367
7290108509700,false,"אורז פרסי DAAWAT מהדרין 1 ק""ג",אל.טי.פודס לימיטד,IN,"אורז פרסי דוואט 1 ק""",קילוגרמים,1.00,"ק""ג",false,,9.90,9.9000,true,1,41414
7290108509755,false,EURO גבינת חלומי 23% שומן 250 גרם,סאסו פטוראגס קומטויס אף,CY,גבינת חלומי 250 ג 23,גרמים,250.00,100 גרם,false,,24.90,0.0996,true,1,69488
7290108509816,false,גבינת בייבי מוצרלה EURO CHEESE ויליפוד 200 גרם,אונטד גידה,TR,גבינת בייבי מוצרלה 2,גרמים,200.00,100 גרם,false,,15.90,0.0795,true,1,41421
7290108620061,false,יין אסטייט שיראז יבש אדום 750 מל,יקבי ציון,IL,"אסטייט שיראז 750 מ""ל",מיליליטרים,750.00,"100 מ""ל",false,,39.90,0.0532,true,1,71407
7290108620207,false,"יין ריזלינג גוורצטרמינר אימפריאל 750 מ""ל",יקבי ציון,IL,אימפריאל ריזלינג גוו,מיליליטרים,750.00,"100 מ""ל",false,,29.90,0.0399,true,1,66112
7290108620245,false,מיץ ענבים מובחר לבן 100% טבעי 1 ליטר,יקבי ציון,IL,תירוש לבן מובחר 100%,ליטרים,1.00,ליטר,false,,16.90,16.9000,true,1,66113
7290109351025,false,מלך החומוס חומוסטחינה 40% טחינה גולמית,סלטי צבר,IL,צבר,גרמים,400.00,100 גרם,false,,13.90,0.0348,true,1,34125
7290109354057,false,קרחוני לה פרוטה La Frutta בטעמי אננס תפוז- 5 יח',תות תעשיות מזון (201,IL,לה פרוטה,גרמים,350.00,100 גרם,false,,23.90,0.0683,true,1,46124
7290109358765,false,דגני בוקר קראנץ' רולס נוגט 450 גרם,"אסם השקעות בע""\מ",IL,CRUNCH,גרמים,450.00,100 גרם,false,,19.90,0.0442,true,1,34205
7290109580043,false,"שניצל תירס קלאסי זוגלובק 1.75 ק""ג",זוגלובק,IL,זוגלובק,קילוגרמים,1.75,"ק""ג",false,,49.90,28.5143,true,1,59458
7290109580098,false,קבנוס בטעם סרירצ'ה זוגלובק 135 גרם,זוגלובק,IL,זוגלובק,גרמים,135.00,100 גרם,false,,9.90,0.0733,true,1,59459
7290109580111,false,צלעות אסאדו מעושנות פרימיום זוגלובק 120 גרם,זוגלובק,IL,זוגלובק,גרמים,120.00,100 גרם,false,,22.90,0.1908,true,1,59461
7290109580166,false,סרוולד קלאסי פרימיום זוגלובק 150 גרם,זוגלובק,IL,זוגלובק,גרמים,150.00,100 גרם,false,,22.90,0.1527,true,1,59465
7290109580210,false,נקנקיות ריינהולד'ס הצרפתיה זוגלובק 300 ג',זוגלובק,IL,זוגלובק,גרמים,300.00,100 גרם,false,,19.90,0.0663,true,1,59467
7290109580227,false,נקניקיות עוף ובקר בסגנון ברלינאי קאריוורסט,זוגלובק,IL,זוגלובק,גרמים,300.00,100 גרם,false,,19.90,0.0663,true,1,59468
7290109580319,false,"בורגר וונדרס 0% בשר , טבעוני",זוגלובק וונדרס Wonders,IL,בורגר וונדרס 280 גרם,גרמים,280.00,100 גרם,false,,26.90,0.0961,true,1,64984
7290109580432,false,פסטרמה חזה הודו מעושן דק דק זוגלובק 120 גרם,זוגלובק,IL,זוגלובק,גרמים,120.00,100 גרם,false,,12.90,0.1075,true,1,59469
7290109920153,false,"מלבין לכביסה לבנה לובן צח, 790 גרם יעקבי",יעקובי,US,יעקבי,גרמים,790.00,100 גרם,false,,27.90,0.0353,true,1,43542
7290109920313,false,"אסטוניש מרסס לניקוי חלונות 750 מ""ל",יעקבי- אסטוניש Astonish,GB,אסטוניש,מיליליטרים,750.00,"100 מ""ל",false,,11.90,0.0159,true,1,43544
7290109920597,false,"אסטוניש - מרסס לניקוי המקלחון 750 מ""ל",יעקבי- אסטוניש Astonish,GB,אסטוניש,מיליליטרים,750.00,"100 מ""ל",false,,11.90,0.0159,true,1,43547
7290109920665,false,"אסטוניש - מרסס מסיר אוכל שרוף במטבח 750 מ""ל",יעקבי- אסטוניש Astonish,GB,אסטוניש,מיליליטרים,750.00,"100 מ""ל",false,,11.90,0.0159,true,1,43551
7290109921075,false,"נוזל דזיטול מחטא בגדים בכביסה 500 מ""ל",מרקה,BE,דזיטול נוזל מחטא בגד,מיליליטרים,500.00,"100 מ""ל",false,,12.90,0.0258,true,1,70416
7290109921334,false,אידיאל פרוטקט יעקבי 15 דפי כביסה,יעקובי,ES,אידאל,יח',15.00,יח',false,,14.90,0.9933,true,1,43560
7290109921372,false,אסטוניש משחה לניקוי תנורים וגריל+ספוג 250 גרם,יעקובי אסטוניש,GB,אסטוניש משחה לניקוי,מיליליטרים,250.00,"100 מ""ל",false,,17.90,0.0716,true,1,43561
7290109921853,false,אסטוניש המשחה המקורית לניקוי עם עוצמה,יעקבי- אסטוניש Astonish,GB,יעקבי,גרמים,150.00,100 גרם,false,,17.90,0.1193,true,1,43564
7290109923048,false,"אסטוניש מרסס פרימיום ארומטיק לכל הבית 750 מ""ל",יעקובי אסטוניש,GB,*מבצע* אסטוניש מרסס,מיליליטרים,750.00,"100 מ""ל",false,,13.90,0.0185,true,1,43567
7290110000493,false,חמאת בוטנים טבעית קראנצ'י 350 גר',"בטר אנד דיפרנט בע""מ",IL,בטר אנד דיפרנט,גרמים,350.00,100 גרם,false,,13.90,0.0397,true,1,32984
7290110002107,false,דגניות בטעם נוגט ללא גלוטן 550 גרם,נטורל קייקס,IL,דגניות בטעם נוגט ללא,גרמים,550.00,100 גרם,false,,21.90,0.0398,true,1,70169
7290110110659,false,"ספרייט לימון ליים פחית 330מ""ל",החברה המרכזית לייצור משק,IL,פחית פאנטה,מיליליטרים,330.00,"100 מ""ל",false,,5.00,0.0152,true,1,38833
7290110110703,false,מארז ספרייט שישייה פחיות FRIDGE PACK,החברה המרכזית לייצור משק,IL,קוקה קולה,ליטרים,1.98,ליטר,false,,22.00,11.1111,true,1,38836
7290110111809,false,"מארז פחיות פאנטה אורנג' שישייה 330 מ""ל",החברה המרכזית לייצור משק,IL,קוקה קולה,ליטרים,1.98,ליטר,false,,22.00,11.1111,true,1,38863
7290110114787,false,נביעות+ מים מינרליים בטעם תפוח 1.5 ליטר,נביעות טבע הגליל בעמ,IL,נביעות+ תפוח 1.5 ליט,ליטרים,1.50,ליטר,false,,8.00,5.3333,true,1,38914
7290110114794,false,נביעות+ מים מינרליים בטעם אפרסק 1.5 ליטר,"נביעות טבע הגליל בע""\מ ,",IL,נביעות+ אפרסק 1.5 לי,ליטרים,1.50,ליטר,false,,8.00,5.3333,true,1,38915
7290110114824,false,נביעות+רכיבי פרי אבטיח 1.5 ליטר פיקדון,"נביעות טבע הגליל בע""\מ",IL,נביעות + רכיבי פרי א,ליטרים,1.50,ליטר,false,,8.60,5.7333,true,1,38918
7290110114855,false,"נביעות מים מינרליים, שישיה 6 * 1.5 ליטר פקדון",נביעות טבע הגליל בעמ,IL,נביעות שישייה 1.5 לי,ליטרים,9.00,ליטר,false,,12.40,1.3778,true,1,38921
7290110114893,false,פריגת סחוט טרי תפוז 2 ליטר,פריגת מצוננים,IL,סחוט טבעי,ליטרים,2.00,ליטר,false,,23.70,11.8500,true,1,48591
7290110114954,false,מיץ תפוזים מתקתקים פריגת 2 ליטר,פריגת מצוננים,IL,פריגת,ליטרים,2.00,ליטר,false,,22.90,11.4500,true,1,48594
7290110114961,false,משקה קל תפוזים פריגת 1.5 ליטר,מבשלות בירה בינלאומיות ב,IL,פריגת,ליטרים,1.50,ליטר,false,,8.80,5.8667,true,1,38922
7290110114985,false,משקה קל אשכוליות פריגת 1.5 ליטר,מבשלות בירה בינלאומיות ב,IL,פריגת,ליטרים,1.50,ליטר,false,,8.80,5.8667,true,1,38924
7290110114992,false,משקה קל לייט אשכוליות פריגת 1.5 ליטר,מבשלות בירה בינלאומיות ב,IL,פריגת,ליטרים,1.50,ליטר,false,,8.30,5.5333,true,1,38925
7290110115005,false,משקה קל ענבים פריגת 1.5 ליטר,מבשלות בירה בינלאומיות ב,IL,פריגת,ליטרים,1.50,ליטר,false,,8.80,5.8667,true,1,38926
7290110115012,false,מיץ ענבים בניחוח מרלו 1.5 ל' פריגת,פריגת,IL,פריגת,ליטרים,1.50,ליטר,false,,8.80,5.8667,true,1,38927
7290110115036,false,משקה קל מנגו פריגת 1.5 ליטר,מבשלות בירה בינלאומיות ב,IL,פריגת,ליטרים,1.50,ליטר,false,,8.80,5.8667,true,1,38929
7290110115043,false,משקה קל לימונענע פריגת 1.5 ליטר,מבשלות בירה בינלאומיות ב,IL,פריגת,ליטרים,1.50,ליטר,false,,8.80,5.8667,true,1,38930
7290110115050,false,פריגת מיקס תות בננה 1.5 ליטר פיקדון,מבשלות בירה בינלאומיות ב,IL,פריגת,ליטרים,1.50,ליטר,false,,8.80,5.8667,true,1,38931
7290110115067,false,פריגת אפרסק 1.5 ליטר פיקדון,מבשלות בירה בינלאומיות ב,IL,פריגת,ליטרים,1.50,ליטר,false,,8.80,5.8667,true,1,38932
7290110115074,false,פריגת תפוח דובדבן 1.5 ליטר פיקדון,מבשלות בירה בינלאומיות ב,IL,פריגת,ליטרים,1.50,ליטר,false,,8.80,5.8667,true,1,38933
7290110115081,false,פריגת צלול ענבים 1.5 ליטר פיקדון,"מבשלות בירה לישראל בע""\מ",IL,פריגת צלול ענבים 1.5,ליטרים,1.50,ליטר,false,,8.30,5.5333,true,1,38934
7290110115098,false,פריגת צלול תפוחים 1.5 ליטר פיקדון,"מבשלות בירה לישראל בע""\מ",IL,פריגת צלול תפוחים 1.,ליטרים,1.50,ליטר,false,,8.30,5.5333,true,1,38935
7290110115203,false,קוקה קולה 1.5 ליטר פיקדון,החברה המרכזית לייצור משק,IL,קוקה קולה 1.5 ליטר,ליטרים,1.50,ליטר,false,,8.60,5.7333,true,1,38941
7290110115210,false,דיאט קוקה קולה 1.5 ליטר פיקדון,החברה המרכזית לייצור משק,IL,DIET COKE,ליטרים,1.50,ליטר,false,,8.10,5.4000,true,1,38942
7290110115227,false,קוקה-קולה זירו בקבוק 1.5 ליטר,החברה המרכזית לייצור משק,IL,DIET COKE,ליטרים,1.50,ליטר,false,,8.30,5.5333,true,1,38943
7290110115241,false,קוקה-קולה זירו לימון בקבוק 1.5 ליטר,החברה המרכזית לייצור משק,IL,DIET COKE,ליטרים,1.50,ליטר,false,,8.30,5.5333,true,1,38945
7290110115265,false,ספרייט לימון ליים 1.5 ליטר-,החברה המרכזית לייצור משק,IL,ספרייט,ליטרים,1.50,ליטר,false,,8.80,5.8667,true,1,38947
7290110115272,false,ZERO ספרייט 1.5 ליטר פיקדון,החברה המרכזית לייצור משק,IL,ספרייט,ליטרים,1.50,ליטר,false,,8.30,5.5333,true,1,38948
7290110115296,false,משקה מוגז אורנג' פאנטה 1.5 ליטר,החברה המרכזית לייצור משק,IL,פאנטה,ליטרים,1.50,ליטר,false,,8.80,5.8667,true,1,38950
7290110115340,false,פאנטה ענבים 1.5 ליטר פיקדון,החברה המרכזית לייצור משק,IL,פאנטה,ליטרים,1.50,ליטר,false,,8.80,5.8667,true,1,38955
7290110115364,false,שישייה קוקה קולה 1.5 ליטר פיקדון,החברה המרכזית לייצור משק,IL,קוקה קולה שישייה 1.5,ליטרים,9.00,ליטר,false,,49.30,5.4778,true,1,38957
7290110115388,false,ספרייט ליים שישיות 1.5 ליטר פיקדון,החברה המרכזית לייצור משק,IL,ספרייט,ליטרים,9.00,ליטר,false,,49.30,5.4778,true,1,38959
7290110115395,false,ZERO ספרייט שישיות 1.5 ליטר פיקדון,החברה המרכזית לייצור משק,IL,ספרייט,ליטרים,9.00,ליטר,false,,46.10,5.1222,true,1,38960
7290110115418,false,מארז שישייה קוקה קולה זירו 1.5 ל',החברה המרכזית לייצור משק,IL,קוקה קולה זירו שישיי,ליטרים,9.00,ליטר,false,,46.10,5.1222,true,1,38962
7290110115425,false,FUZE TEA גרין לימונענע -נענע 1.5 ליטר פיקדון,מבשלות בירה בינלאומיות ב,IL,פיוזטי,ליטרים,1.50,ליטר,false,,8.50,5.6667,true,1,38963
7290110115463,false,פיוז טי אפרסק 1.5 ליטר פיקדון,מבשלות בירה בינלאומיות ב,IL,פיוזטי,ליטרים,1.50,ליטר,false,,9.00,6.0000,true,1,38967
7290110115494,false,תה קר בטעם ענבים פיוז טי 1.5 ליטר,מבשלות בירה בינלאומית בע,IL,פיוזטי,ליטרים,1.50,ליטר,false,,9.00,6.0000,true,1,38970
7290110115593,false,פריגת אשכוליות 40% פחות סוכר 1.5 ליטר פיקדון,מבשלות בירה בינלאומיות ב,IL,פריגת אשכוליות 19 קל,ליטרים,1.50,ליטר,false,,8.30,5.5333,true,1,38973
7290110115609,false,פריגת ענבים 40% פחות סוכר 1.5 ליטר פיקדון,מבשלות בירה בינלאומיות ב,IL,פריגת ענבים 19 קלורי,ליטרים,1.50,ליטר,false,,8.30,5.5333,true,1,38974
7290110115616,false,אייס תה בטעם גרין אננס 1.5ל' FUZE TEA,מבשלות בירה בינלאומיות ב,IL,FUZE TEA,ליטרים,1.50,ליטר,false,,8.50,5.6667,true,1,38975
7290110115623,false,משקה פיוז טי זירו ZERO בטעם אפרסק,מבשלות בירה בינלאומיות ב,IL,FUZE TEA,ליטרים,1.50,ליטר,false,,8.50,5.6667,true,1,38976
7290110116132,false,"סירופ בטעם לימון פריגת 750 מ""ל",סירופ - גבעת חיים,IL,סירופ בטעם לימון 750,מיליליטרים,750.00,"100 מ""ל",false,,22.90,0.0305,true,1,38982
7290110116170,false,נביעות+רכיבי פרי אננס-קוקוס 1.5 ליטר-,"נביעות טבע הגליל בע""\מ",IL,נביעות + בטעם אננס ק,ליטרים,1.50,ליטר,false,,8.60,5.7333,true,1,38985
7290110116194,false,נביעות+ סדרת 0 קלוריות לימון-ליים 1.5 ליטר,"נביעות טבע הגליל בע""\מ",IL,נביעות + לימון ליים,ליטרים,1.50,ליטר,false,,8.60,5.7333,true,1,38986
7290110116217,false,נביעות+ סדרת 0 קלוריות אשכוליות 1.5 ליטר,"נביעות טבע הגליל בע""\מ",IL,נביעות + אשכולית 0 ק,ליטרים,1.50,ליטר,false,,8.60,5.7333,true,1,38987
7290110116484,false,פריגת סחוט מיקס תות בננה 1ליטר,פריגת מצוננים,IL,סחוט טבעי,ליטרים,1.00,ליטר,false,,16.10,16.1000,true,1,70491
7290110116491,false,פריגת סחוט מיקס אפרסק משמש 1ליטר,פריגת מצוננים,IL,סחוט טבעי,ליטרים,1.00,ליטר,false,,16.10,16.1000,true,1,70492
7290110116507,false,פריגת סחוט מיקס אננס בננה אגס 1ליטר,פריגת מצוננים,IL,סחוט טבעי,ליטרים,1.00,ליטר,false,,16.10,16.1000,true,1,70493
7290110320591,false,גבינה בולגרית במרקם מעודן 16% פיראוס,תנובה חלב,IL,פיראוס,גרמים,250.00,100 גרם,false,,18.90,0.0756,true,1,52987
7290110320850,false,פתיתים גבינה חצי קשה מגורדת 28% שומן,תנובה מרכז שיתופי לש,IL,עמק,גרמים,200.00,100 גרם,false,,14.90,0.0745,true,1,53003
7290110320867,false,פתיתים גבינה חצי קשה מגורדת 28% שומן,תנובה מרכז שיתופי לש,IL,עמק,גרמים,500.00,100 גרם,false,,28.90,0.0578,true,1,53004
7290110321031,false,מעדן חלב GO יוגורט מועשר בחלבון טבעי 200 ג' יופלה,"תנובה, מחלבת אלון תב",IL,תנובה,גרמים,200.00,100 גרם,false,,5.20,0.0260,true,1,53016
7290110321277,false,קוטג' בקטנה 5% תנובה 100 גרם מהדרין,פארייפאבה אגרואינדוס,IL,תנובה,גרמים,100.00,100 גרם,false,,2.50,0.0250,true,1,53033
7290110321284,false,קוטג' בקטנה 9% תנובה 100 גרם מהדרין,פארייפאבה אגרואינדוס,IL,תנובה,גרמים,100.00,100 גרם,false,,2.50,0.0250,true,1,53034
7290110321604,false,קוביות בולגרית מעודנת 5%+גרעינים,תנובה חלב,IL,פיראוס,גרמים,200.00,100 גרם,false,,17.50,0.0875,true,1,53049
7290110321680,false,יוגורט GO בטעם תות 20 גרם חלבון בגביע,מיוצר עי קונדיטוריית,IL,יופלה GO יוגורט מועש,גרמים,200.00,100 גרם,false,,5.50,0.0275,true,1,53055
7290110321697,false,יוגורט GO בטעם אפרסק 20 גרם חלבון בגביע,מיוצר עי קונדיטוריית,IL,יופלה GO יוגורט מועש,גרמים,200.00,100 גרם,false,,5.50,0.0275,true,1,53056
7290110321703,false,יוגורט עם פירות יער בתוספת חלבוני חלב 2% שומן,מיוצר עי קונדיטוריית,IL,יופלה גו פירות יער,גרמים,200.00,100 גרם,false,,5.50,0.0275,true,1,53057
7290110321789,false,גבינת מסקרפונה 38% השף הלבן 250 גרם,תנובה חלב,IL,גבינת מסקרפונה השף ה,גרמים,250.00,100 גרם,false,,18.90,0.0756,true,1,53063
7290110322014,false,"תנובה טופו טבעי 300 גר' בד""צ",שוורצקוף& הנקל דיסלד,IL,טופו טבעי 300 גרם,גרמים,300.00,100 גרם,false,,11.90,0.0397,true,1,53077
7290110322038,false,"תנובה טופו פיקנטי 300 גר' בד""צ",שוורצקוף& הנקל דיסלד,IL,טופו פיקנטי 300 גרם,גרמים,300.00,100 גרם,false,,11.90,0.0397,true,1,53079
7290110322946,false,יופלה טיוב יוגורט במרקם חלק בטעם תות בננה כשרות רבנות 348 ג',תנובה חלב,IL,יופלה,גרמים,348.00,100 גרם,false,,9.90,0.0284,true,1,53099
7290110323301,false,טל העמק בסגנון אמנטל 32% שומן 200 גרם,עמק - תנובה,IL,תנובה,גרמים,200.00,100 גרם,false,,17.90,0.0895,true,1,53121
7290110323585,false,יופלה יוגורט עם דובדבן מופחת קלוריות 200 ג' GO,יופלה Yoplait,IL,יופלה GO יוגורט לייט,גרמים,200.00,100 גרם,false,,5.50,0.0275,true,1,53138
7290110323592,false,יופלה יוגורט עם אפרסק מופחת קלוריות 200 ג' GO,יופלה Yoplait,IL,יופלה GO יוגורט לייט,גרמים,200.00,100 גרם,false,,5.50,0.0275,true,1,53139
7290110323714,false,משקה קוקוס שקדים תנובה 1 ליטר,מיוצר עי קונדיטוריית,IL,משקה קוקוס שקדים 1לי,ליטרים,1.00,ליטר,false,,11.90,11.9000,true,1,53149
7290110324070,false,גבינת חלומי מחלב בקר תנובה 200 גרם,"תנובה בע""\מ",IL,גבינת חלומי מחלב בקר,גרמים,200.00,100 גרם,false,,17.90,0.0895,true,1,53168
7290110324353,false,יוגורט GO לייט בטעם אננס 20 גרם חלבון בגביע,מיוצר עי קונדיטוריית,IL,יופלה GO לייט אננס,גרמים,200.00,100 גרם,false,,5.50,0.0275,true,1,53184
7290110324551,false,יופלה טיוב יוגורט במרקם חלק תות כשרות מהדרין,"תנובה בע""\מ",IL,יופלה,גרמים,348.00,100 גרם,false,,9.90,0.0284,true,1,53201
7290110324711,false,ממרח סויה 9% שומן בטעם טבעי תנובה 250 גרם,מיוצר עי קונדיטוריית,IL,תנובה,גרמים,250.00,100 גרם,false,,7.90,0.0316,true,1,53214
7290110324728,false,ממרח סויה 9% שומן עם שום שמיר תנובה 250 גרם,מיוצר עי קונדיטוריית,IL,תנובה,גרמים,250.00,100 גרם,false,,7.90,0.0316,true,1,53215
7290110324841,false,מעדן שקדים עם שוקולד מריר תנובה 125 גרם,מיוצר עי קונדיטוריית,IL,תנובה,גרמים,125.00,100 גרם,false,,3.90,0.0312,true,1,53224
7290110324858,false,מעדן שקדים בטעם אגוזי לוז תנובה 125 גרם,תנובה Alternative,IL,תנובה,גרמים,125.00,100 גרם,false,,3.90,0.0312,true,1,53225
7290110324872,false,פרוסות גבינה צהובה גלבוע 5%,גלבוע - תנובה,IL,גלבוע,גרמים,200.00,100 גרם,false,,17.90,0.0895,true,1,53226
7290110324926,false,משקה סויה ללא תוספת סוכר 1 ליטר,תנובה מרכז שיתופי לש,IL,תנובה,ליטרים,1.00,ליטר,false,,9.90,9.9000,true,1,53231
7290110325084,false,מאגדת שמינייה מיני קרלו שוניל 8*100גרם,"תנובה בע""\מ",IL,תנובה,גרמים,800.00,100 גרם,false,,11.90,0.0149,true,1,53240
7290110325169,false,פרוסות גאודה תנובה 170 גרם,תנובה חלב,IL,תנובה,גרמים,170.00,100 גרם,false,,17.90,0.1053,true,1,53245
7290110325305,false,יופלה GO סויה 20 גרם חלבון במתיקות מעודנת תנובה 200 גרם,מיוצר עי קונדיטוריית,IL,מעדן סויה GO 20 גרם,גרמים,200.00,100 גרם,false,,5.50,0.0275,true,1,53250
7290110325312,false,יופלה GO סויה 20 גרם חלבון בטעם תות תנובה 200 גרם,"תנובה בע""\מ",IL,מעדן סויה GO 20 גרם,גרמים,200.00,100 גרם,false,,5.50,0.0275,true,1,53251
7290110325510,false,יופלה טיוב יוגורט במרקם חלק בטעם וניל-יוניקור,"תנובה בע""\מ",IL,יופלה,גרמים,348.00,100 גרם,false,,9.90,0.0284,true,1,53264
7290110325619,false,אלטרנטיב משקה שיבולת שועל 1 ליטר,מיוצר עי קונדיטוריית,IL,משקה שיבולת שועל 1 ל,ליטרים,1.00,ליטר,false,,11.90,11.9000,true,1,53268
7290110325879,false,פתיתי גאודה תנובה 200 גרם,תנובה- השף הלבן,IL,תנובה,גרמים,200.00,100 גרם,false,,15.90,0.0795,true,1,53290
7290110325893,false,משקה חלב GO מועשר בחלבון בטעם אייס קפה,מיוצר עי קונדיטוריית,IL,גו,מיליליטרים,340.00,"100 מ""ל",false,,7.50,0.0221,true,1,53292
7290110326173,false,שוקולד לבן yolo coocies קרם עוגיות בתוספת עוגיות ונטיפי שוקולד,תנובה חלב,IL,YOLO,גרמים,120.00,100 גרם,false,,4.60,0.0383,true,1,53304
7290110326210,false,יופלה און טופ פצפוצים תנובה 157 גרם,מיוצר עי קונדיטוריית,IL,תנובה,גרמים,157.00,100 גרם,false,,4.90,0.0312,true,1,53308
7290110326234,false,יופלה און טופ כוכבים תנובה 157 גרם,מיוצר עי קונדיטוריית,IL,תנובה,גרמים,157.00,100 גרם,false,,4.90,0.0312,true,1,53310
7290110326333,false,פרוסות גבינה סקנדינבית תנובה 170 גרם,פ.פ.ח. שאביט,IL,תנובה,גרמים,175.00,100 גרם,false,,17.90,0.1023,true,1,53318
7290110326906,false,חלב נטול לקטוז 3% שומן תנובה 1 ליטר,מיוצר עי קונדיטוריית,IL,תנובה,ליטרים,1.00,ליטר,false,,7.20,7.2000,true,1,53348
7290110327033,false,משקה סויה תנובה גו מועשר בחלבון במתיקות מופחתת,מיוצר עי קונדיטוריית,IL,משקה סויה גו במתיקות,ליטרים,1.00,ליטר,false,,11.90,11.9000,true,1,53357
7290110327279,false,גבינת שמנת בסגנון טוסקנה נפוליאון 24% שומן 225 ג',תנובה מרכז שיתופי לש,IL,נפוליאון,גרמים,225.00,100 גרם,false,,12.80,0.0569,true,1,53378
7290110327514,false,alternative משקה שיבולת שועל בטעם אגוזי לוז תנובה 1 ליטר,תנובה מרכז שיתופי לש,IL,משקה שיבולת שועל בטע,ליטרים,1.00,ליטר,false,,11.90,11.9000,true,1,53389
7290110327545,false,יופלה און טופ בטעם תות בתוספת פצפוצים מצופים שוקולד 157 גרם,מיוצר עי קונדיטוריית,IL,תנובה,גרמים,157.00,100 גרם,false,,4.90,0.0312,true,1,53392
7290110327637,false,יוגורט דיאט יופלה קיווי 0% שומן 150 ג' יופלה,תנובה מרכז שיתופי לש,IL,יופלה,גרמים,150.00,100 גרם,false,,4.80,0.0320,true,1,53394
7290110327798,false,חטיף חלבון GO בטעם שוקולד 20 גרם חלבון,"בלמונט קונפקציות בע""\מ.",US,חטיף חלבון GO בטעם ש,גרמים,60.00,100 גרם,false,,11.90,0.1983,true,1,49972
7290110327804,false,חטיף חלבון GO בטעם בצק עוגיות 20 גרם חלבון,"בלמונט קונפקציות בע""\מ.",US,חטיף חלבון GO בטעם ב,גרמים,60.00,100 גרם,false,,11.90,0.1983,true,1,49973
7290110327811,false,חטיף חלבון GO בטעם קוקוס 20 גרם חלבון,"בלמונט קונפקציות בע""\מ.",US,חטיף חלבון GO בטעם ק,גרמים,60.00,100 גרם,false,,11.90,0.1983,true,1,49974
7290110328016,false,משקה סויה מועשר בחלבון בטעם אגוזי לוז 250 גרם,תנובה מרכז שיתופי לש,IL,תנובה GO,גרמים,250.00,100 גרם,false,,5.90,0.0236,true,1,53413
7290110328023,false,משקה סויה מועשר בחלבון בטעם קפה 250 גרם,תנובה מרכז שיתופי לש,IL,תנובה GO,גרמים,250.00,100 גרם,false,,5.90,0.0236,true,1,53414
7290110328221,false,יוגורט נטול לקטוז תנובה 200 גרם,מיוצר עי קונדיטוריית,IL,תנובה,גרמים,200.00,100 גרם,false,,3.90,0.0195,true,1,53424
7290110328580,false,יוגורט תנובה טבעי 5% גביע 200 גרם,מיוצר עי קונדיטוריית,IL,תנובה,גרמים,200.00,100 גרם,false,,3.00,0.0150,true,1,53444
7290110328627,false,יוגורט יופלה GO במרקם סמיך בטעם בננה קרמל 0%,מיוצר עי קונדיטוריית,IL,יוגורט גו סמיך 0% בנ,גרמים,200.00,100 גרם,false,,4.90,0.0245,true,1,53446
7290110328641,false,טופו טבעי 500 גרם 2 ALTERNATIVE יחידות *250 גרם,תנובה חלב,IL,טופו טבעי אלטרנטיב ז,גרמים,500.00,100 גרם,false,,17.90,0.0358,true,1,53447
7290110328764,false,יוגורט יופלה GO במרקם סמיך עם תות 0%,מיוצר עי קונדיטוריית,IL,יוגורט גו סמיך 0% תו,גרמים,200.00,100 גרם,false,,4.90,0.0245,true,1,53452
7290110328771,false,יוגורט יופלה GO במרקם סמיך עם פירות יער 0%,מיוצר עי קונדיטוריית,IL,יוגורט גו סמיך 0% פי,גרמים,200.00,100 גרם,false,,4.90,0.0245,true,1,53453
7290110328788,false,יוגורט יופלה GO במרקם סמיך בטעם אפרסק 0%,תנובה מרכז שיתופי לש,IL,יוגורט גו סמיך 0% אפ,גרמים,200.00,100 גרם,false,,4.90,0.0245,true,1,53454
7290110329136,false,מעדן חלב מעושר בחלבון בטעם שוקולד 120 ג' GO,תנובה מרכז שיתופי לש,IL,מעדן חלב גו בטעם שוק,גרמים,120.00,100 גרם,false,,4.50,0.0375,true,1,53469
7290110329143,false,מעדן חלב מעושר בחלבון בטעם וניל גביע 120 ג' GO,תנובה מרכז שיתופי לש,IL,מעדן חלב גו בטעם וני,גרמים,120.00,100 גרם,false,,4.50,0.0375,true,1,53470
7290110329266,false,יוגורט תנובה מחלב עיזים מלא תנובה 140 ג',קריות זול,IL,יוגורט תנובה מחלב עי,גרמים,140.00,100 גרם,false,,5.50,0.0393,true,1,53478
7290110329273,false,יוגורט תנובה מחלב עיזים מלא 750 גרם,תנובה,IL,יוגורט תנובה מחלב עי,גרמים,750.00,100 גרם,false,,19.90,0.0265,true,1,53479
7290110329303,false,פרוסות בטעם צהובה קלאסית אלטרנטיב 200 גר,תנובה Alternative,IL,פרוסות בטעם צהובה קל,גרמים,200.00,100 גרם,false,,21.90,0.1095,true,1,53480
7290110329686,false,"משקה חלב גו בטעם עוגיות 340 מ""ל",מיוצר עי קונדיטוריית,IL,גו,מיליליטרים,340.00,"100 מ""ל",false,,7.50,0.0221,true,1,53500
7290110329709,false,יוגורט תנובה טבעי 0% גביע 200 גרם,מיוצר עי קונדיטוריית,IL,תנובה,גרמים,200.00,100 גרם,false,,3.00,0.0150,true,1,53502
7290110329716,false,משקה חלב קר בטעם קפוצ'ינו 230 גרם תנובה,תנובה מרכז שיתופי לש,IL,משקה קפה קר בטעם קפו,מיליליטרים,230.00,"100 מ""ל",false,,6.90,0.0300,true,1,53503
7290110329730,false,"משקה חלב עם שוקולד וקפה בסגנון לאטה 2.7%  230 מ""ל תנובה",תנובה מרכז שיתופי לש,IL,משקה חלב עם שוקולד ו,מיליליטרים,230.00,"100 מ""ל",false,,6.90,0.0300,true,1,53505
7290110329792,false,יוגורט סויה BIO Alternative אפרסק 150 ג' תנובה,מיוצר עי קונדיטוריית,IL,סויה BIO אפרסק גביע,גרמים,150.00,100 גרם,false,,4.20,0.0280,true,1,53508
7290110329808,false,יוגורט סויה BIO Alternative תות 150 ג' תנובה,מיוצר עי קונדיטוריית,IL,סויה BIO תות גביע אל,גרמים,150.00,100 גרם,false,,4.20,0.0280,true,1,53509
7290110329815,false,סויה BIO מתיקות מעודנת גביע 150 גרם Alternative,מיוצר עי קונדיטוריית,IL,סויה BIO מתיקות מעוד,גרמים,150.00,100 גרם,false,,4.20,0.0280,true,1,53510
7290110329822,false,יוגורט סויה BIO Alternative פירות יער 150 ג' תנובה,מיוצר עי קונדיטוריית,IL,סויה BIO פירות יער ג,גרמים,150.00,100 גרם,false,,4.20,0.0280,true,1,53511
7290110329839,false,alternative פרוסות בטעם צהובה עם זיתים 200 גרם,מיוצר עי קונדיטוריית,IL,פרוסות בטעם צהובה בט,גרמים,200.00,100 גרם,false,,21.90,0.1095,true,1,53512
7290110329846,false,יוגורט סויה BIO Alternative בטעם טבעי 150 ג' תנובה,מיוצר עי קונדיטוריית,IL,סויה BIO טבעי גביע א,גרמים,150.00,100 גרם,false,,4.20,0.0280,true,1,53513
7290110551261,false,טעם הטבע נשנושי תירס 500 גרם,"מיוצר ע""\י או.וי אינטרנש",TH,נשנושי תירס 500 גרם,גרמים,500.00,100 גרם,false,,11.90,0.0238,true,1,70497
7290110552121,false,יוגורט בתוספת סידן וויטמין ד 100 ג' דנונה,תנובה מרכז שיתופי לש,IL,היוגורט הראשון שלי 1,גרמים,100.00,100 גרם,false,,2.30,0.0230,true,1,49345
7290110552220,false,יוגורט PRO בטעם תות 0% סוכר לבן 20 גרם חלבון בגביע,"שטראוס בריאות בע""\מ",IL,דנונה פרו,גרמים,200.00,100 גרם,false,,5.90,0.0295,true,1,49346
7290110552237,false,יוגורט פרו בטעם אפרסק מנגו ללא סוכר 200 ג' דנונה,"שטראוס בריאות בע""\מ",IL,דנונה פרו,גרמים,200.00,100 גרם,false,,5.90,0.0295,true,1,49347
7290110552251,false,יוגורט אקטיביה עם צ'יה ואוכמניות 150 גרם,"שטראוס בריאות בע""\מ",IL,אקטיביה,גרמים,150.00,100 גרם,false,,4.60,0.0307,true,1,49348
7290110553036,false,קריספס-פריכיות עם אפונה ובטטה סגולה בטעם בצל מקורמל,"פרח תעשיו מזון בע""מ",IL,פריכיות חלבון בטטה ס,גרמים,60.00,100 גרם,false,,9.90,0.1650,true,1,46976
7290110553098,false,מאגדת חטיפים אנרג'י מיקס צימוקים אגוזים 100X4 גרם,אנרג'י Energy - שטראוס,GB,*מבצע* אנרג'י מיקס צ,גרמים,100.00,100 גרם,false,,12.90,0.1290,true,1,46977
7290110553104,false,נסקפה קפוצ'ינו סטיק קלאסי 130 ג' עלית,מוקטה אס.פי.,PL,קפוצ'ינו סטיק קלאסי,גרמים,130.00,100 גרם,false,,16.90,0.1300,true,1,70470
7290110553135,false,נסקפה קפוצ'ינו סטיק וניל 130 ג' עלית,מוקטה אס.פי.,PL,קפוצ'ינו סטיק וניל 1,גרמים,130.00,100 גרם,false,,16.90,0.1300,true,1,70471
7290110553623,false,צ'יטוס קראנצ'י בטעם צ'דר חלפיניו - חלבי,"שטראוס פריטו ליי בע""\מ )",IL,עלית,גרמים,80.00,100 גרם,false,,4.50,0.0563,true,1,47551
7290110554583,false,מארז חטיפי צ'יטוס פאפס בטעם גבינה - 10 יחידות,"שטראוס פריטו ליי בע""\מ )",IL,עלית,גרמים,200.00,100 גרם,false,,12.90,0.0645,true,1,47553
7290110554729,false,קפסולות עלית אספרסו 04 תואמות למכונות NESPRESSO,שטראוס קפה בי.וי.,IL,עלית,גרמים,50.00,100 גרם,false,,15.90,0.3180,true,1,46995
7290110555078,false,לאבנה עם שמן זית ועשבי תיבול שטראוס 250 גרם,"מחלבות בר בכפר בע""\מ",IL,לאבנה עם שמן זית ועש,גרמים,250.00,100 גרם,false,,10.90,0.0436,true,1,49355
7290110555092,false,לאבנה עם שמן זית וצ'ילי שטראוס 250 גרם,"מחלבות בר בכפר בע""\מ",IL,לאבנה עם שמן זית וצ',גרמים,250.00,100 גרם,false,,10.90,0.0436,true,1,49356
7290110555146,false,מעדן הגולן בטעם מוקה125ג,"שטראוס בריאות בע""\מ",IL,מעדן הגולן מוקה 125,גרמים,125.00,100 גרם,false,,3.20,0.0256,true,1,69189
7290110555597,false,אבקת קקאו פרימיום בקופסא עלית 250 גרם,גיאלוסיס,GR,קקאו פרימיום בקופסא,גרמים,250.00,100 גרם,false,,22.90,0.0916,true,1,71878
7290110555665,false,קקאו דל שומן עלית בקופסא 220 גרם,"ג'אלוסיס י. בע""\מ",GR,קקאו דל שומן קופסא 2,גרמים,220.00,100 גרם,false,,17.90,0.0814,true,1,70473
7290110556242,false,עלית - שוקולד מריר פרווה בדץ 100 גרם,"שטראוס גרופ בע""מ.",FR,עלית,גרמים,100.00,100 גרם,false,,5.90,0.0590,true,1,47002
7290110557027,false,חומוס עשיר 50% טחינה גולמית 400 ג' אחלה,מיוצר עי קונדיטוריית,IL,שטראוס,גרמים,400.00,100 גרם,false,,12.90,0.0323,true,1,49361
7290110557102,false,מעדן חלב עם שוקולד מועשר בחלבון 150 ג' שטראוס,מיוצר עי קונדיטוריית,IL,מעדן חלב עם שוקולד מ,גרמים,150.00,100 גרם,false,,5.00,0.0333,true,1,49362
7290110557133,false,מעדן הגולן וניל 125 ג' שטראוס,מיוצר עי קונדיטוריית,IL,מעדן הגולן וניל,גרמים,125.00,100 גרם,false,,3.20,0.0256,true,1,49365
7290110557317,false,יוגורט בתוספת סידן וויטמין ד עם שיבולת שועל 100 ג' דנונה,תנובה מרכז שיתופי לש,IL,היוגורט הראשון שלי ש,גרמים,100.00,100 גרם,false,,2.30,0.0230,true,1,49367
7290110557416,false,מילקי טופ לבבות 144 גרם,מיוצר עי קונדיטוריית,IL,שטראוס,גרמים,144.00,100 גרם,false,,4.50,0.0313,true,1,49369
7290110557478,false,חומוס גלילי במרקם ותיבול מעודן,"שטראוס גרופ בע""\מ",IL,חומוס גלילי 600 גרם,גרמים,600.00,100 גרם,false,,12.90,0.0215,true,1,49372
7290110557645,false,מאגדת חטיפים אנרג'י מיקס צימוקים חמוציות 100X4 גרם,קונסרב איטליה,GB,*מבצע* אנרג'י מיקס צ,גרמים,100.00,100 גרם,false,,12.90,0.1290,true,1,47006
7290110558130,false,יוגורט אקטיביה עם שיבולת שועל ודבש 150 גרם,"שטראוס בריאות בע""\מ",IL,אקטיביה,גרמים,150.00,100 גרם,false,,4.60,0.0307,true,1,49380
7290110558154,false,דנונה לייט אנד פרי עוגת תפוחים 150ג דנונה,"שטראוס בריאות בע""\מ",IL,דנונה,גרמים,150.00,100 גרם,false,,4.50,0.0300,true,1,49381
7290110558284,false,דנונה ביו מולטי שטראוס 200 גרם,"שטראוס בריאות בע""\מ",IL,דנונה ביו מולטי 200,גרמים,200.00,100 גרם,false,,4.20,0.0210,true,1,49387
7290110558307,false,יוגורט דנונה PRO עם שיבולת שועל במתיקות מעודנת,"שטראוס בריאות בע""\מ",IL,דנונה פרו 20 גרם עם,גרמים,200.00,100 גרם,false,,6.30,0.0315,true,1,49389
7290110558314,false,דנונה פרו 20 גרם חלבון ללא סוכר פיסטוק 200 גרם,"שטראוס בריאות בע""\מ",IL,דנונה פרו,גרמים,200.00,100 גרם,false,,5.90,0.0295,true,1,49390
7290110558338,false,יוגורט PRO בטעם מתיקות מעודנת 1.5% שומן,"שטראוס בריאות בע""\מ",IL,דנונה פרו 25 גרם חלב,גרמים,200.00,100 גרם,false,,5.90,0.0295,true,1,49391
7290110558741,false,"גמדים פאוץ תפוח בננה, 100 ג' שטראוס","שטראוס בריאות בע""\מ",IL,גמדים,גרמים,100.00,100 גרם,false,,5.90,0.0590,true,1,70498
7290110558918,true,עלי חסה קראנצ שטופים,שטראוס בריאות ירקות,IL,עלי חסה קראנצ שטופים,גרמים,150.00,100 גרם,false,,9.90,0.0660,true,1,49393
7290110558925,false,לקט מיקס אורגולה צבעוני 300ג שטראוס,שטראוס בריאות ירקות טריי,IL,שטראוס,גרמים,300.00,100 גרם,false,,10.90,0.0363,true,1,72634
7290110559014,false,שעועית שחורה מבושלת טעם הטבע 380 גרם,קונסרב איטליה,IT,טעם הטבע,גרמים,380.00,100 גרם,false,,6.90,0.0182,true,1,47008
7290110560300,false,"הפריכיות הטעימות חומוס, עדשים שחורות, קינואה ופלפל שחור",אנרג'י Energy - שטראוס,IL,פריכיות משולשות פלפל,גרמים,30.00,100 גרם,false,,4.90,0.1633,true,1,47013
7290110560317,false,"הפריכיות הטעימות חומוס, עדשים שחורות, קינואה ומלח ים","פרח תעשיו מזון בע""מ",IL,פריכיות משולשות מלח,גרמים,30.00,100 גרם,false,,4.90,0.1633,true,1,47014
7290110560324,false,"הפריכיות הטעימות תפו""א, אורז, אפונה ומלח ים","פרח תעשיו מזון בע""מ",IL,פריכיות משולשות אפונ,גרמים,30.00,100 גרם,false,,4.90,0.1633,true,1,47015
7290110560836,false,"מילקי טעם פסק זמן שטראוס 133 מ""ל",מיוצר עי קונדיטוריית,IL,שטראוס,גרמים,133.00,100 גרם,false,,2.80,0.0211,true,1,49402
7290110561352,false,דנונה יוגורט ביו פרוביוטי 3% דל לקטוז 150ג',"שטראוס בריאות בע""\מ",IL,שטראוס,גרמים,200.00,100 גרם,false,,3.50,0.0175,true,1,49419
7290110561604,false,מארז 8 יחידות מעדן גמדים בטעם תות בננה,"שטראוס בריאות בע""\מ",IL,שטראוס,גרמים,800.00,100 גרם,false,,17.90,0.0224,true,1,49429
7290110563431,false,"משקה קפה קר בסגנון קלאסי 230 מ""ל 1.6% יוטבתה",האי נאם סי או אל.טי.,AT,משקה קפה קר בסגנון ק,מיליליטרים,230.00,"100 מ""ל",false,,7.90,0.0343,true,1,49432
7290110563448,false,"משקה קפה קר בסגנון מעודן 230 מ""ל 1.6% יוטבתה",האי נאם סי או אל.טי.,AT,משקה קפה קר בסגנון מ,מיליליטרים,230.00,"100 מ""ל",false,,7.90,0.0343,true,1,49433
7290110563462,false,חלב 2% דל לקטוז בבקבוק יטבתה 1 ליטר.,מחלבת יטבתה,IL,יטבתה,ליטרים,1.00,ליטר,false,,7.90,7.9000,true,1,49435
7290110564339,false,חומוס אחלה הסידרה המובחר 30% טחינה 400 גר',מיוצר עי קונדיטוריית,IL,שטראוס,גרמים,400.00,100 גרם,false,,12.90,0.0323,true,1,49442
7290110564360,false,חומוס אחלה הסידרה המובחר 40% טחינה 400 גר',מיוצר עי קונדיטוריית,IL,שטראוס,גרמים,400.00,100 גרם,false,,12.90,0.0323,true,1,49443
7290110564414,false,חומוס אחלה הסידרה המובחר 30% טחינה 600 גר',מיוצר עי קונדיטוריית,IL,שטראוס,גרמים,600.00,100 גרם,false,,14.90,0.0248,true,1,49447
7290110564742,false,"משקה קפה קר בסגנון חזק 230 מ""ל 1.2% יוטבתה",האי נאם סי או אל.טי.,AT,משקה קפה קר בסגנון ח,מיליליטרים,230.00,"100 מ""ל",false,,7.90,0.0343,true,1,49453
7290110565435,false,"לימבו ג'לי פטל 125 גרם חלבי ""שטראוס""","שטראוס גרופ בע""\מ",IL,שטראוס,גרמים,125.00,100 גרם,false,,2.00,0.0160,true,1,49459
7290110565527,false,יוגורט PRO פרו 1.5% 20 גרם חלבון בגביע,"שטראוס בריאות בע""מ",IL,דנונה פרו,גרמים,200.00,100 גרם,false,,5.90,0.0295,true,1,49461
7290110565572,false,מארז קפה טורקי עלית לדרך עם הל 168 גרם,שטראוס קפה בי.וי.,IL,עלית,גרמים,168.00,100 גרם,false,,16.90,0.1006,true,1,47042
7290110566623,false,קפסולות קולומביה עלית 08 למכונת נספרסו מארז 5X10ג',שטראוס קפה בי.וי.,IL,עלית,גרמים,50.00,100 גרם,false,,15.90,0.3180,true,1,47054
7290110566975,false,דנונה פרו יוגורט 0% תות עשיר בחלבון 200ג',"שטראוס בריאות בע""\מ",IL,דנונה פרו,גרמים,200.00,100 גרם,false,,5.90,0.0295,true,1,49470
7290110568238,false,"קצפת צמחית 21% שומן 250 מ""ל יוטבתה",מחלבת יטבתה,IL,יטבתה,מיליליטרים,250.00,"100 מ""ל",false,,7.90,0.0316,true,1,49483
7290110568276,false,משקה וניל פרו Pro מועשר בחלבון 1.5%,מחלבת יטבתה,DE,יטבתה,מיליליטרים,350.00,"100 מ""ל",false,,6.80,0.0194,true,1,49484
7290110568627,false,עלית - פסק זמן רול שוקולד חלב עם קרם אגוזים 26 גרם,שולן צ'\יקולטה גידה סאן.,TR,פסק זמן רול שוקולד ח,גרמים,28.00,100 גרם,false,,3.90,0.1393,true,1,47073
7290110568924,false,עלית - פסק זמן רול שוקולד חלב עם קרם חלב וקוקוס 26 גרם,שולן צ'\יקולטה גידה סאן.,TR,פסק זמן רול שוקולד ע,גרמים,28.00,100 גרם,false,,3.90,0.1393,true,1,47075
7290110570125,false,"משקה קפה קר בטעם אייריש קרים230 מ""ל יוטבתה",אנסטל מילק kg,AT,משקה קפה קר בטעם איי,מיליליטרים,230.00,"100 מ""ל",false,,7.90,0.0343,true,1,69167
7290110570224,false,"משקה קפה קר בטעם עוגיות יטבתה 230 מ""ל",אנסטל מילק kg,AT,משקה קפה קר בטעם עוג,מיליליטרים,230.00,"100 מ""ל",false,,7.90,0.0343,true,1,49488
7290110571184,false,עדשים חומות 380 גר שטראוס טעם הטבע,קונסרב איטליה,IT,טעם הטבע,גרמים,380.00,100 גרם,false,,6.90,0.0182,true,1,47085
7290110571375,false,"אנרג'י מיקס תערובת צימוקים, תמרים, טופי ושברי פקאן",אנרג'י Energy - שטראוס,GB,*מבצע* אנרג'י מיקס צ,גרמים,100.00,100 גרם,false,,12.90,0.1290,true,1,47086
7290110571382,false,מעדן חלב בטעם וניל מעושר בחלבון 150 ג' שטראוס,"שטראוס בריאות בע""\מ",IL,מעדן חלב בטעם וניל מ,גרמים,150.00,100 גרם,false,,5.00,0.0333,true,1,49494
7290110572129,false,כיף כף מקלות שוקולד לבן 40 ג' עלית,סולן בעבור שטראוס,TR,עלית,גרמים,40.00,100 גרם,false,,4.70,0.1175,true,1,70478
7290110572969,false,כיף כף פצפצים עקרם לבן 40ג' עלית,שולן צ'\יקולטה גידה סאן.,TR,עלית,גרמים,40.00,100 גרם,false,,4.70,0.1175,true,1,47090
7290110572976,false,כיף כף פצפצים בגביע במילוי קרם בטעם שוקולד לבן,שולן צ'\יקולטה גידה סאן.,TR,כיף כף פצפצים קרם לב,גרמים,135.00,100 גרם,false,,9.90,0.0733,true,1,47091
7290110574413,false,עלית - פופקורן בטעם טעמי 70 גרם,סראנו בעבור שטראוס,קפריסין,פופקורן בטעם טעמי 70,גרמים,70.00,100 גרם,false,,6.90,0.0986,true,1,70480
7290110574420,false,עלית - פופקורן בטעם פסק זמן 70 גרם,סראנו בעבור שטראוס,קפריסין,פופקורן בטעם פסק זמן,גרמים,70.00,100 גרם,false,,6.90,0.0986,true,1,70481
7290110574437,false,עלית - פופקורן בטעם טורטית 70 גרם,סראנו בעבור שטראוס,קפריסין,פופקורן בטעם טורטית,גרמים,70.00,100 גרם,false,,6.90,0.0986,true,1,71873
7290110576493,false,עלית - פופקורן בטעם בלונדי 70 גרם,סראנו בעבור שטראוס,קפריסין,פופקורן בטעם בלונדי,גרמים,70.00,100 גרם,false,,6.90,0.0986,true,1,71874
7290110576752,false,טבלאות שוקולד ספלנדיד מריר 70% 100 ג' עלית,קימ'ס גריפלנן,BE,שוקולד ספלנדיד מריר,גרמים,100.00,100 גרם,false,,9.90,0.0990,true,1,70482
7290110576776,false,טבלאות שוקולד ספלנדיד מריר 85% 100 ג' עלית,קימ'ס גריפלנן,BE,שוקולד ספלנדיד מריר,גרמים,100.00,100 גרם,false,,9.90,0.0990,true,1,70483
7290110576790,false,גבינת סקי 3% בטעם מוקה 125 גרם,"שטראוס בריאות בע""\מ",IL,שטראוס,גרמים,125.00,100 גרם,false,,3.70,0.0296,true,1,69178
7290110576851,false,מארז שמינייה גמדים לשתייה בטעם סלט פירות,"שטראוס בריאות בע""\מ",IL,שטראוס,גרמים,864.00,100 גרם,false,,19.90,0.0230,true,1,69183
7290110577629,false,עלית - רבע לשבע טבעוני טורטית 125 גרם,"הגביע מוצרי וופלים בע""\מ",IL,עלית,גרמים,125.00,100 גרם,false,,9.80,0.0784,true,1,71875
7290110577636,false,עלית - רבע לשבע טבעוני חמאת בוטנים 125 גרם,"הגביע מוצרי וופלים בע""\מ",IL,עלית,גרמים,125.00,100 גרם,false,,9.80,0.0784,true,1,71876
7290110577711,false,"משקה שייק חלבון מי גבינה עם אפרסק ומנגו350מ""ל יטבתה",מחלבת יטבתה,IL,שייק חלבון מי גבינה,מיליליטרים,350.00,"100 מ""ל",false,,7.90,0.0226,true,1,70499
7290110577728,false,"משקה שייק חלבון מי גבינה עם פירות יער 350מ""ל יטבתה",מחלבת יטבתה,IL,שייק חלבון מי גבינה,מיליליטרים,350.00,"100 מ""ל",false,,7.90,0.0226,true,1,70500
7290110578398,false,מסטיק מאסט מנטה בנגיעות אלוורה צנצנת מגדים 66 גרם,אסקום בעבור שטראוס,DE,עלית,גרמים,66.00,100 גרם,false,,9.90,0.1500,true,1,71877
7290110579319,false,חומוס גלילי אחלה 400 גרם,שטראוס גרופ,IL,חומוס גלילי 400 גרם,גרמים,400.00,100 גרם,false,,10.90,0.0273,true,1,72635
7290110856144,false,אוזניות אלחוטיול,,,אוזניות אלחוטיול,יח',1.00,יח',false,,59.90,59.9000,true,1,69038
7290111091520,false,"דר' עור תחליב רחצה קלאסי -קוקוס 700 מ""ל","אמיליה קוסמטיקס בע""מ",IL,"ד""ר עור",מיליליטרים,700.00,"100 מ""ל",false,,14.90,0.0213,true,1,49984
7290111093982,false,"טרופיקל תחליב רחצה פסיפלורה ואינקה אינצ'י 700 מ""ל דר' עור","אמיליה קוסמטיקס בע""\מ",IL,"ד""ר עור",מיליליטרים,700.00,"100 מ""ל",false,,14.90,0.0213,true,1,49989
7290111094392,false,"טרופיקל תחליב רחצה קוקוס וליים 700 מ""ל דר' עור","אמיליה קוסמטיקס בע""\מ",IL,"ד""ר עור",מיליליטרים,700.00,"100 מ""ל",false,,14.90,0.0213,true,1,49991
7290111096921,false,קוויק מגבונים לניקוי כללי בתוספת חומץ ומלח לימון 50 יח',די.פי.אל,IL,קוויק,יח',50.00,יח',false,,8.90,0.1780,true,1,49995
7290111097041,false,מגבוני בייביסיטר מבושמים 66*8,קיבוץ עמיר dpl,IL,ביבי סיטר,יח',528.00,יח',false,,19.90,0.0377,true,1,49996
7290111340185,false,מטליות לחות רצפה ניחוח מרכך כביסה ניקול 10 יחידות,חוגלה קימברלי,IL,ניקול,יח',10.00,יח',false,,9.90,0.9900,true,1,41976
7290111341373,false,"לילי נייר טואלט דו-שכבתי מארז פסטל, 30 גלילים",לילי נייר טואלט חוגלה,IL,לילי פסטל,מטרים,883.00,מטר,false,,32.90,0.0373,true,1,41981
7290111342042,false,ניקול כריות יפניות אנטיבקטריאלי 4 יחידות,פלסטו פוליש,IL,כריות יפניות אנטיבקט,יח',4.00,יח',false,,9.90,2.4750,true,1,41993
7290111342059,false,50 מטליות מיקרופייבר לשטחים אנטיבקטריאלי ניקול,ניקול,IL,מטליות לחות אנטיבקטר,יח',50.00,יח',false,,9.90,0.1980,true,1,41994
7290111343117,false,"קלינקס לושן סופט פק זוגות 140 דף ""חדש""",קימברלי קלארק,IL,קלינקס,יח,140.00,יח,false,,13.90,0.0993,true,1,41998
7290111343841,false,ספוגית הקסם נירוסטה - מארז 3 יחידות,ניקול,CN,ניקול,יח',3.00,יח',false,,9.90,3.3000,true,1,42003
7290111343858,false,ניקול מטליות לחות לרצפה אנטיבקרטריאלי 10 יחידות,עלבד משואות יצחק,IL,ניקול,יח',10.00,יח',false,,9.90,0.9900,true,1,42004
7290111344206,false,-מגבונים לחים לעור רגיש ללא בישום האגיס 4*64 יחידות,חוגלה קימברלי,IL,האגיס,יח',256.00,יח',false,,18.90,0.0738,true,1,42008
7290111344732,false,קלינקס - טיישו אלרג'י קומפורט ניילון זוגות 140 דף,קימברלי קלארק,IL,קלינקס,יח,140.00,יח,false,,13.90,0.0993,true,1,42017
7290111344930,false,מטליות לחות לרצפה בניחוח כביסה ארומתרפיה ניקול 10 יח',ניקול,IL,ניקול,יח',10.00,יח',false,,9.90,0.9900,true,1,42021
7290111345814,false,נייר טואלט לילי נטורל קר 30 גלילים מהדורה,לילי נייר טואלט חוגלה,IL,לילי,מטרים,150.00,מטר,false,,32.90,0.2193,true,1,42028
7290111346347,false,ממחטות אף קלינקס טישו אורגינל מארז חמישייה,קימברלי קלארק,IL,טישו קלינקס חמישייה,יח',5.00,יח',false,,14.90,2.9800,true,1,70382
7290111350030,false,רסק תפוחי עץ טבעי בצנצנת 670 גרם קלית גת,"ג'י אנד ג'י בע""מ",IL,קליית גת,גרמים,670.00,100 גרם,false,,10.90,0.0163,true,1,44181
7290111350047,false,תמרים מזן מגהול ללא חרצנים 500 גרם,טעמי הגליל,IL,תמרים ללא חרצנים קלי,גרמים,500.00,100 גרם,false,,12.90,0.0258,true,1,44182
7290111350719,false,חטיף נאצוס הוטפופ בסגנון מסעדות 322 גר,ליימן מותגים,US,נאצ'וס בסגנון מסעדות,גרמים,322.00,100 גרם,false,,16.90,0.0525,true,1,44199
7290111350726,false,חטיף נאצוס הוטפופ בסגנון מקסיקני 322 גר,ליימן מותגים,US,נאצ'וס בסגנון מקסיקנ,גרמים,322.00,100 גרם,false,,16.90,0.0525,true,1,44200
7290111351747,false,צ'וקטה טורטיה מקמח חיטה 320 גרם,צ'וקטה,DE,טורטיה 320 גרם 8 יח,גרמים,320.00,100 גרם,false,,7.90,0.0247,true,1,44233
7290111352430,false,ממרח תמרים טבעי קליית גת 440 גרם,"כד בני דרום בע""מ",IL,קליית גת,גרמים,440.00,100 גרם,false,,11.90,0.0270,true,1,44240
7290111352508,false,סילאן טבעי לחיץ קליית גת 840 גרם,"ששון ושות' בע""מ",IL,קלית גת,גרמים,840.00,100 גרם,false,,24.90,0.0296,true,1,44243
7290111352966,false,יוגטה סוכריות ממולאות בטעם פירות 250 גרם ללא ג'לטין,ליימן שליסל,TR,יוגטה,גרמים,250.00,100 גרם,false,,5.90,0.0236,true,1,44258
7290111352973,false,יוגוטה קוביות חמוצות ממולאות בטעם פירות,יוגטה yogueta,TR,יוגטה,גרמים,220.00,100 גרם,false,,5.90,0.0268,true,1,44259
7290111534010,false,פס גבינה שמנת פירורים קפולסקי 400 גרם,תופינים מקבוצת קפולסקי,IL,קפולסקי,גרמים,400.00,100 גרם,false,,39.90,0.0997,true,1,59972
7290111564277,false,פריכיות דקות ונימוחות 3 דגנים פיטנס Fitness,פרח תעשיות בעמ,IL,פיטנס פריכיות 3 דגני,גרמים,120.00,100 גרם,false,,9.90,0.0825,true,1,34263
7290111564291,false,פריכיות דקות ונימוחות 3 דגנים וקינואה פיטנס Fitness,פרח תעשיות בעמ,IL,פיטנס פריכיות דקות ע,גרמים,120.00,100 גרם,false,,9.90,0.0825,true,1,34264
7290111564956,false,"ביסלי במבה מיקס 200 גרם ""אסם""",פרו מן יו פתרונות אריזה,IL,במבה,גרמים,200.00,100 גרם,false,,8.90,0.0445,true,1,34277
7290111566271,false,חטיפי תירס טבעול 657 גרם,עיצובים 2020 (4.8),IL,חטיפי תירס טבעול,גרמים,657.00,100 גרם,false,,29.90,0.0455,true,1,34304
7290111566318,false,שניצל דק מן הצומח בטעם ביתי 700 גרם,עיצובים 2020 (4.8),IL,שניצל דק טבעול,גרמים,564.00,100 גרם,false,,29.90,0.0530,true,1,34306
7290111566752,false,טבעול שניצל תירס 99 קלוריות 693 גרם,עיצובים 2020 (4.8),IL,שניצל תירס טבעול 99,גרמים,693.00,100 גרם,false,,29.90,0.0431,true,1,34321
7290111568206,false,"מיקס ביסלי, אפרופו ופיצוחים מתובלים",פרו מן יו פתרונות אר,IL,ביסלי,גרמים,150.00,100 גרם,false,,6.90,0.0460,true,1,34336
7290111568466,false,רוטב אסייתי למוקפץ הסדרה האסייתית,אסיף תעשיות מזון בעמ,IL,אסם,גרמים,360.00,100 גרם,false,,12.90,0.0358,true,1,34345
7290111930898,false,חטיף פוף כוכבים גריל אמריקאי 40 גרם,פוף POOF,IL,פוף כוכבים גריל אמרי,גרמים,40.00,100 גרם,false,,3.90,0.0975,true,1,54653
7290111930904,false,חטיף פוף כוכבים בצל 40 גרם,פוף POOF,IL,פוף כוכבים בצל 40 גר,גרמים,40.00,100 גרם,false,,3.90,0.0975,true,1,54654
7290111930928,false,חטיף פוף לבבות גריל 40 גרם,פוף POOF,IL,פוף לבבות גריל 40 גר,גרמים,40.00,100 גרם,false,,3.90,0.0975,true,1,54656
7290111930935,false,חטיף פוף טבעות קלאסי 40 גרם,פוף POOF,IL,פוף טבעות קלאסי 40 ג,גרמים,40.00,100 גרם,false,,3.90,0.0975,true,1,54657
7290111931321,false,"קולגייט משחת שיניים ילדים 6+ מיניונים 50 מ""ל",קולגייט- פלמוליב,PL,קולגייט,מיליליטרים,50.00,"100 מ""ל",false,,9.90,0.1980,true,1,54662
7290111932380,false,"מרידול משחת שיניים מארז 75X2מ""ל כשל""פ",GABA LOER GER,PL,מרידול,גרמים,150.00,100 גרם,false,,24.90,0.1660,true,1,54672
7290111932502,false,"משחת שיניים קולגייט אופטיק וייט אקספרט וויט 75 מ""ל",קולגייט Colgate,MX,קולגייט,מיליליטרים,75.00,"100 מ""ל",false,,29.90,0.3987,true,1,54673
7290111933554,false,שלישייה עגבניות קוביות מאסטר שף 400 גרם,קונסוריזיו קאסאלסקו,IT,מאסטר שף,גרמים,1200.00,100 גרם,false,,15.90,0.0133,true,1,54686
7290111933561,false,מאסטר שף תערובת ציפוי נגטס 250 גרם,טסט וסנט קו.לטד,TH,מאסטר שף,גרמים,250.00,100 גרם,false,,7.90,0.0316,true,1,54687
7290111935961,false,מאסטר שף מחית עגבניות 690 גרם כשלפ,פראנו אנריקו ופיגלי,IT,מאסטר שף,גרמים,690.00,100 גרם,false,,10.90,0.0158,true,1,54707
7290111935992,false,אטריות להקפצה מאסטר שף 350 גרם,לינגהאנג פוד,CN,מאסטר שף,גרמים,350.00,100 גרם,false,,7.90,0.0226,true,1,54709
7290111936296,false,"פלמוליב סבון נוזלי בניחוח סנסיישן מסאז' ,750 מ""ל",קולגייט פלמוליב,TR,פלמוליב,מיליליטרים,750.00,"100 מ""ל",false,,19.90,0.0265,true,1,54716
7290111936784,false,פרי מארז חטיפים 5 יחידות תמרים ואגוזי לוז כשלפ,"טבעית מוצרים מהטבע בע""\מ",IL,פרי מארז 5 חטיפים תמ,יח',5.00,יח',false,,14.90,2.9800,true,1,54722
7290111937248,false,פרי מארז חטיפים 5 יחידות תמרים קשיו ונגיעות לוז כשלפ,"טבעית מוצרים מהטבע בע""\מ",IL,פרי מארז חטיפי תמרים,יח',5.00,יח',false,,14.90,2.9800,true,1,54728
7290111937255,false,פרי מארז חטיפים 5 יחידות תמרים בוטנים ואגוזי לוז כשלפ,"טבעית מוצרים מהטבע בע""\מ",IL,פרי מארז 5 חטיפים תמ,יח',5.00,יח',false,,14.90,2.9800,true,1,54729
7290111937262,false,מארז חמישיית חטיפי תמרים אגוזים ושברי קקאו פרי 125 גרם,"טבעית מוצרים מהטבע בע""\מ",IL,פרי מארז חטיפי תמרים,יח',5.00,יח',false,,14.90,2.9800,true,1,54730
7290111938481,false,"רוטב סויה בהירה מאסטר שף 300 מ""ל",מאסטר שף,TH,מאסטר שף,מיליליטרים,300.00,"100 מ""ל",false,,8.90,0.0297,true,1,54739
7290112000286,false,"גל לניקוי אסלות סיליט באנג לימון 750 מ""ל",סיליט באנג Cillit Bang,PL,סיליט ג'ל אסלות לימו,מיליליטרים,750.00,"100 מ""ל",false,,9.90,0.0132,true,1,37126
7290112000293,false,"סיליט באנג ג'ל לחיטוי וניקוי האסלה פרש, 750 מ""ל",סיליט באנג Cillit Bang,PL,סיליט ג'ל אסלות פרש,מיליליטרים,750.00,"100 מ""ל",false,,9.90,0.0132,true,1,37127
7290112000408,false,מנקה ומחטא עוצמתי לניקוי כללי בניחוח לימון,רקיט בנקיזר,US,דטול,מיליליטרים,750.00,"100 מ""ל",false,,9.90,0.0132,true,1,37132
7290112000736,false,פיניש טבליות aio 80 יח אריזת חסכון,רקיט בנקיזר,PL,פיניש,יח',80.00,יח',false,,59.90,0.7487,true,1,37142
7290112000798,false,"דיטול תרסיסי חיטוי וניקוי אנטי בקטריאלי 750 מ""ל",רקיט בנקיזר,GB,דטול,מיליליטרים,750.00,"100 מ""ל",false,,9.90,0.0132,true,1,37143
7290112001023,false,"אירוויק ספרי אוטמטי מילוי תענוגות האביב 250 מ""ל","יצרן המכשיר: זובלה, שנזן",HU,איירויק,מיליליטרים,250.00,"100 מ""ל",false,,14.90,0.0596,true,1,37154
7290112001030,false,"אירוויק ספרי אוטמטי מילוי פריחת הדובדבן 250 מ""ל","יצרן המכשיר: זובלה, שנזן",HU,איירויק,מיליליטרים,250.00,"100 מ""ל",false,,14.90,0.0596,true,1,37155
7290112001221,false,מנקה מכונת כביסה בניחוח נקי ורענן,רקיט בנקיזר,PT,קולון,מיליליטרים,250.00,"100 מ""ל",false,,19.90,0.0796,true,1,37156
7290112001436,false,"פיניש מנקה מדיח כלים בניחוח לימון 250 מ""ל",רקיט בנקיזר,PL,פיניש,מיליליטרים,250.00,"100 מ""ל",false,,14.90,0.0596,true,1,37159
7290112002099,true,קולון ג'ל כביסה 2.5,זוהר,IL,קולון,ליטרים,2.50,ליטר,false,,24.90,9.9600,true,1,37171
7290112002112,true,קולון ג'ל כביסה 2.5,זוהר,IL,קולון,ליטרים,2.50,ליטר,false,,24.90,9.9600,true,1,37173
7290112002136,false,ג'ל כביסה מרוכז קולון 101 קלאסי,רקיט בנקיזר,IL,קולון,ליטרים,4.00,ליטר,false,,34.90,8.7250,true,1,37175
7290112002457,false,דטול - שלישיית מגבונים לניקוי וחיטוי בניחוח לימון,רקיט בנקיזר,PL,דטול,יח,1.00,יח,false,,21.90,21.9000,true,1,37197
7290112002983,false,"סיליט באנג ניקוי כללי רכיבים טבעיים 750 מ""ל",רקיט בנקיזר,PL,סיליט,מיליליטרים,750.00,"100 מ""ל",false,,17.90,0.0239,true,1,37199
7290112003140,false,"אירוויק ספרי אוטמטי מילוי מנגו מרענן 250 מ""ל",RECKITT BENCKISER UK,GB,איירויק,מיליליטרים,250.00,"100 מ""ל",false,,14.90,0.0596,true,1,37205
7290112003256,false,אבקת כביסה קולון 101 בניחוח לבנדר,זוהר דליה,IL,קולון,קילוגרמים,1.25,"ק""ג",false,,12.90,10.3200,true,1,37207
7290112003843,false,"קלגון גל אנטי בקטריאלי 750 מ""ל",רקיט בנקיזר,IT,קלגון,מיליליטרים,750.00,"100 מ""ל",false,,29.90,0.0399,true,1,37218
7290112004109,false,מטליות לחות לניקוי כללי וחיטוי בריח ליים ונענע- מארז,רקיט בנקיזר,PL,דטול,יח,1.00,יח,false,,21.90,21.9000,true,1,37225
7290112004208,false,פיניש טבליות למדיח הכל ב 1 לימון 50 יחידות,רקיט בנקיזר,PL,?????,יח',50.00,יח',false,,39.90,0.7980,true,1,37230
7290112004314,false,"דטול - תרסיס חיטוי וניקוי בניחוח לימון רימונים 750 מ""ל",רקיט בנקיזר,PL,????,מיליליטרים,750.00,"100 מ""ל",false,,9.90,0.0132,true,1,37231
7290112004413,false,"ספריי וניש קליה להסרת כתמים לבגדים לבנים 750 מ""ל",רקיט בנקיזר,PL,וניש,מיליליטרים,750.00,"100 מ""ל",false,,16.90,0.0225,true,1,37232
7290112004970,false,פיניש אולטימייט קוואנטום 50 טבליות למדיח,רקיט בנקיזר,IL,טבליות פיניש אולטימי,יח',50.00,יח',false,,59.90,1.1980,true,1,37239
7290112005045,false,וניש תוסף כביסה רב תכליתי לבגדים לבנים,קליה וניש Kalia Vanish,IT,וניש אבקה להסרת כביס,גרמים,480.00,100 גרם,false,,16.90,0.0352,true,1,37242
7290112005076,false,וניש תוסף כביסה רב תכליתי לכביסה צבעונית,קליה וניש Kalia Vanish,IT,וניש אבקה לכביסה צבע,גרמים,480.00,100 גרם,false,,16.90,0.0352,true,1,37244
7290112005083,false,וניש תוסף כביסה רב תכליתי לכביסה צבעונית,קליה וניש Kalia Vanish,IT,וניש אבקה לכביסה צבע,גרמים,1500.00,100 גרם,false,,39.90,0.0266,true,1,37245
7290112192295,false,עוגיות סנדוויץ במילוי שוקולד ללא גלוטן ג'י פרי 200 גרם,"מוצרי הכט בע""מ",IL,עוגיות סנדוויץ תות ל,גרמים,200.00,100 גרם,false,,16.90,0.0845,true,1,36833
7290112193315,false,"סטייל - מתולתלות קרם לחות להורדת פריז 400 מ""ל",א.ל.ארמן ייצור תמרוקים ב,IL,קרם לחות מתולתלות 40,מיליליטרים,400.00,"100 מ""ל",false,,29.90,0.0747,true,1,40572
7290112194916,false,סבון שלישיה,,,סבון שלישיה,ליטרים,1.50,ליטר,false,,8.90,5.9333,true,1,60690
7290112195579,false,שמן זית כתית מעולה 7,אסאס דל סור,ES,אוליב אויל,מיליליטרים,750.00,"100 מ""ל",false,,24.90,0.0332,true,1,60691
7290112196880,false,זוג סנסודיין משאבה,G.S.K,GB,זוג סנסודיין משאבה,מיליליטרים,200.00,"100 מ""ל",false,,29.90,0.1495,true,1,40580
7290112197191,false,דגני בוקר כהים במילוי קרם וניל ללא גלוטן 375 ג' G FREE,נטורל קייקס,IL,דגני בוקר כהים במילו,גרמים,375.00,100 גרם,false,,19.90,0.0531,true,1,36850
7290112197207,false,G FREE מיני כריות בציםוי שוקולד חלב 65 גרם,נטורל קייקס,IL,חטיף דגנים פריכים בצ,גרמים,65.00,100 גרם,false,,7.90,0.1215,true,1,36851
7290112197443,false,טרו שוקולד חלב מופחת,אימפריאל,PT,טרו שוקולד חלב 100 ג,גרמים,100.00,100 גרם,false,,11.90,0.1190,true,1,70244
7290112197450,false,שוקולד חלב+אגוזים טרו 100 גר,אימפריאל,PT,טרו שוקולד חלב+אגוזי,גרמים,100.00,100 גרם,false,,11.90,0.1190,true,1,70245
7290112197467,false,טרו שוקולד מריר 100 גרם,אימפריאל,PT,טרו שוקולד מריר 100,גרמים,100.00,100 גרם,false,,11.90,0.1190,true,1,70246
7290112197474,false,שוקולד מריר+אגוזים טרו 100 גר,אימפריאל,PT,טרו שוקולד מריר+אגוז,גרמים,100.00,100 גרם,false,,11.90,0.1190,true,1,70247
7290112197481,false,טרו שוקולד מריר+מלח 100 גר,אימפריאל,PT,טרו שוקולד מריר+מלח,גרמים,100.00,100 גרם,false,,11.90,0.1190,true,1,70248
7290112197573,false,טרו ריבת תות מופחת,סימה,BG,טרו ריבת תות 250 גרם,גרמים,250.00,100 גרם,false,,14.90,0.0596,true,1,70249
7290112197597,false,טרו ריבת פירות יער 250 גרם,סימה,BG,טרו ריבת פירות יער 2,גרמים,250.00,100 גרם,false,,14.90,0.0596,true,1,70251
7290112330352,false,"יוגורט PRO בטעם וניל 0% , 20 גרם חלבון בגביע","שטראוס בריאות בע""\מ",IL,דנונה פרו,גרמים,200.00,100 גרם,false,,5.90,0.0295,true,1,49502
7290112330390,false,דנונה פרו פירות יער 20 גרם חלבון 0% שומן 200 גרם,"שטראוס בריאות בע""\מ",IL,דנונה פרו,גרמים,200.00,100 גרם,false,,5.90,0.0295,true,1,49504
7290112330420,false,יוגורט במרקם עשיר 2.9% 12 גרם חלבון בגביע,מיוצר עי קונדיטוריית,IL,דנונה פרו,גרמים,150.00,100 גרם,false,,4.60,0.0307,true,1,49506
7290112332585,false,פריכיות משולש תפוא אורז בתיבול סלק ומלח ים אנרג'י 30 גרם,"פרח תעשיו מזון בע""מ",IL,"פריכיות משולשות תפו""",גרמים,30.00,100 גרם,false,,4.90,0.1633,true,1,47111
7290112332691,false,פינוקיות עוגיות קרם פסק זמן אגוזים 200 גרם,"הגביע מוצרי וופלים בע""\מ",IL,עלית,גרמים,200.00,100 גרם,false,,9.90,0.0495,true,1,47117
7290112332875,false,מסטיק מאסט קוביות בטעם מנטה עדינה 86 ג' עלית,אסקום קונפקשיין,DE,שטראוס עלית,גרמים,86.00,100 גרם,false,,12.90,0.1500,true,1,47121
7290112334305,false,סלט כרובית בטחינה אחלה 330 ג',"שטראוס גרופ בע""\מ",IL,שטראוס,גרמים,330.00,100 גרם,false,,14.90,0.0452,true,1,49517
7290112334596,false,שוקולית 935 גר עלית,שטראוס קפה בי.וי.,IL,עלית,גרמים,935.00,100 גרם,false,,14.90,0.0159,true,1,47123
7290112335111,false,מסטיק מאסט קוביות בזוקה ללא גלוטן 86 גר,אסקום קונפקשיין,DE,שטראוס עלית,גרמים,86.00,100 גרם,false,,12.90,0.1500,true,1,47131
7290112335487,false,הפריכיות הטעימות קצח ודגנים אנרג'י 135 גרם,"פרח תעשיות מזון בע""\מ",IL,פרכיות גדולות 3 דגני,גרמים,135.00,100 גרם,false,,7.80,0.0578,true,1,47132
7290112335494,false,הפריכיות הטעימות תפוחי אדמה בטעם פוטטוס,"פרח תעשיות מזון בע""\מ",IL,פרכיות גדולות פוטטוס,גרמים,135.00,100 גרם,false,,7.80,0.0578,true,1,47133
7290112335500,false,"פרכיות אנרג'י חומוס,אורז,עדשים שחורות וקינואה 135 גרם","פרח תעשיות מזון בע""\מ",IL,פרכיות גדולות חלבון,גרמים,135.00,100 גרם,false,,7.80,0.0578,true,1,47134
7290112336637,false,סוכריות מאסט Must ללא סוכר יוגורט תות ואוכניות,שטראוס גרופ,PL,סוכריות מאסט ללא סוכר,גרמים,80.00,100 גרם,false,,6.90,0.0863,true,1,47148
7290112336644,false,סוכריות מאסט ללא סוכר לימון 80 ג' עלית,שטראוס גרופ,PL,סוכריות מאסט ללא סוכר,גרמים,80.00,100 גרם,false,,6.90,0.0863,true,1,47149
7290112336651,false,סוכריות מאסט ללא סוכר ריבת חלב 80 ג' עלית,שטראוס גרופ,PL,סוכריות מאסט ללא סוכר,גרמים,80.00,100 גרם,false,,6.90,0.0863,true,1,47150
7290112336712,false,יוגורט PRO לבן 0% 21 גרם חלבון בגביע,"שטראוס בריאות בע""מ",IL,דנונה פרו,גרמים,200.00,100 גרם,false,,5.90,0.0295,true,1,49535
7290112337474,false,סוכריות מאסט ללא סוכר פטל לימון 80 ג' עלית,שטראוס גרופ,PL,סוכריות מאסט ללא סוכר,גרמים,80.00,100 גרם,false,,6.90,0.0863,true,1,47153
7290112337481,false,סוכריות מאסט ללא סוכר קפצ''ינו 80 ג' עלית,שטראוס גרופ,PL,סוכריות מאסט ללא סוכר,גרמים,80.00,100 גרם,false,,6.90,0.0863,true,1,47154
7290112338877,false,מעדן גבינה בטעם תות 3% 125ג' סקי,"שטראוס בריאות בע""\מ",IL,שטראוס,גרמים,125.00,100 גרם,false,,3.70,0.0296,true,1,49537
7290112339171,false,מילקי מוס עם שוקולד וקצפת,מיוצר עי קונדיטוריית,IL,מילקי,גרמים,81.00,100 גרם,false,,3.30,0.0407,true,1,49545
7290112339362,false,דנונה לייט אנד פריי בטעם קפוצ'ינו 150 גרם,"שטראוס בריאות בע""\מ",IL,דנונה,גרמים,150.00,100 גרם,false,,4.50,0.0300,true,1,49552
7290112339867,false,גמדים לדרך גבינה לבנה עם מחית תות,"שטראוס בריאות בע""\מ",IL,גמדים,גרמים,100.00,100 גרם,false,,5.90,0.0590,true,1,49568
7290112339874,false,גמדים לדרך גבינה לבנה עם מחיות תות ובננה,"שטראוס בריאות בע""\מ",IL,גמדים,גרמים,100.00,100 גרם,false,,5.90,0.0590,true,1,49569
7290112340122,false,הפריכיות הטעימות 3 דגנים אנרג'י 135 גרם,"פרח תעשיות מזון בע""\מ",IL,פרכיות גדולות 3 דגני,גרמים,135.00,100 גרם,false,,7.80,0.0578,true,1,47163
7290112340276,false,פינוקיות עוגיות קרם קפה 200 גרם,"הגביע מוצרי וופלים בע""\מ",IL,עלית,גרמים,200.00,100 גרם,false,,9.90,0.0495,true,1,47168
7290112340900,false,קפה טורקי האג נטול קפאין 200 גרם,הנסיך- מפעל לייצור ט,IL,האג,גרמים,200.00,100 גרם,false,,24.90,0.1245,true,1,47170
7290112341006,false,מארז מילקי קצפת כפיות שוקולד 176 גרם,"שטראוס גרופ בע""\מ",IL,שטראוס,גרמים,172.00,100 גרם,false,,8.50,0.0494,true,1,49578
7290112341556,false,יוגורט אקטיביה עם צ'יה ותות 150 גרם,"שטראוס בריאות בע""\מ",IL,אקטיביה,גרמים,150.00,100 גרם,false,,4.60,0.0307,true,1,49582
7290112341679,false,דנונה אקטיביה 3% שומן 200 גרם,מיוצר עי קונדיטוריית,IL,אקטיביה,גרמים,200.00,100 גרם,false,,4.10,0.0205,true,1,49583
7290112341686,false,שמינייה יוגורט לבן אקטיביה 3% דנונה 150 גרם.,מיוצר עי קונדיטוריית,IL,שטראוס,ליטרים,1.20,ליטר,false,,20.90,17.4167,true,1,49584
7290112342102,false,סימפוניה גבינה במרקם שמנת בצל מקורמל 5%,"שטראוס בריאות בע""\מ",IL,שטראוס,גרמים,200.00,100 גרם,false,,9.90,0.0495,true,1,49592
7290112342270,false,קפה פלטינום אינטנס מחוזק ב- 10% אספרסו,שטראוס קפה בי.וי,IL,עלית,גרמים,125.00,100 גרם,false,,15.90,0.1272,true,1,47189
7290112342508,false,דוריטוס צ'יזי טוויסט 70 גרם,"שטראוס פריטו ליי בע""\מ",IL,עלית,גרמים,70.00,100 גרם,false,,3.20,0.0457,true,1,47588
7290112343260,false,יטבתה רוטב שמנת עם פטריות 9% 250 גר,שטראוס גרופ,IL,יטבתה,מיליליטרים,260.00,"100 מ""ל",false,,10.90,0.0419,true,1,49600
7290112343406,false,שוקו ספלנדיד בבקבוק יטבתה 1 ליטר,שטראוס גרופ,IL,יטבתה,ליטרים,1.00,ליטר,false,,9.90,9.9000,true,1,49601
7290112343413,false,"משקה שוקו ספלנדיד יטבתה 350 מ""ל",שטראוס גרופ,IL,יטבתה,מיליליטרים,350.00,"100 מ""ל",false,,6.20,0.0177,true,1,49602
7290112343420,false,"משקה חלב עם דגנים מלאים ובננה פרו יטבתה 350מ""ל",מחלבת יטבתה,IL,יטבתה פרו ארוחת בוקר,מיליליטרים,350.00,"100 מ""ל",false,,7.90,0.0226,true,1,49603
7290112343499,false,חטיף צ'יטוס פאפס אפוי בטעם גבינה,"שטראוס פריטו ליי בע""\מ )",IL,עלית,גרמים,55.00,100 גרם,false,,3.10,0.0564,true,1,47589
7290112344564,false,רביולי גבינה קלאסי שטראוס 400 ג',"שטראוס גרופ בע""\מ",IL,שטראוס,גרמים,400.00,100 גרם,false,,16.80,0.0420,true,1,49605
7290112344724,false,מעדן בטעם שוקולד בלונדי 170 ג' מילקי,מיוצר עי קונדיטוריית,IL,שטראוס,גרמים,133.00,100 גרם,false,,3.30,0.0248,true,1,49610
7290112344755,false,מילקי עם 26% פחות סוכר 135 גרם,מיוצר עי קונדיטוריית,IL,שטראוס,גרמים,135.00,100 גרם,false,,2.80,0.0207,true,1,49613
7290112344786,false,קפה פלטינום קלאסיק עלית 200 גרם,שטראוס קפה בי.וי.,IL,עלית,גרמים,200.00,100 גרם,false,,19.80,0.0990,true,1,47202
7290112344861,false,מעדן חלב בטעם קפה עם קצפת,"שטראוס גרופ בע""\מ",IL,מילקי,גרמים,133.00,100 גרם,false,,3.30,0.0248,true,1,49618
7290112344953,false,סימפוניה חציל קלוי גבינה במקרם שמנת 5%,"שטראוס בריאות בע""\מ",IL,שטראוס,גרמים,200.00,100 גרם,false,,9.90,0.0495,true,1,49623
7290112346360,false,בפלות אחת אחת ופל בטעם שוקולד מצופה שוקולד,הגביע מוצרי וופלים ב,GR,עלית,גרמים,180.00,100 גרם,false,,12.90,0.0717,true,1,47215
7290112346537,false,עוגיות פינוקיות בטעם טורטית 200 ג' עלית,"הגביע מוצרי ופלים בע""\מ",IL,עלית,גרמים,200.00,100 גרם,false,,9.90,0.0495,true,1,47216
7290112346629,false,"יוגורט עם קורנפלקס מצופה שוקולד חלב ולבן 172 מ""ל דנונה","שטראוס בריאות בע""\מ",IL,שטראוס,גרמים,172.00,100 גרם,false,,4.30,0.0250,true,1,49638
7290112346681,false,דנונה משקה יוגורט בטעם פירות יער 267 גר',"שטראוס בריאות בע""\מ",IL,שטראוס,גרמים,267.00,100 גרם,false,,4.80,0.0180,true,1,49641
7290112346773,false,יוגורט בטעם וניל 0% לייט אנד פרי 10 גרם חלבון בגביע,מיוצר עי קונדיטוריית,IL,דנונה,גרמים,150.00,100 גרם,false,,4.50,0.0300,true,1,49647
7290112346797,false,יוגורט אקטיביה שיבולת שועל ושזיף 150 גרם,מיוצר עי קונדיטוריית,IL,אקטיביה,גרמים,150.00,100 גרם,false,,4.60,0.0307,true,1,49649
7290112346827,false,שמיניית אקטימל ויטמין C פטל 108 גרם,"שטראוס בריאות בע""\מ",IL,שטראוס,מיליליטרים,864.00,"100 מ""ל",false,,19.80,0.0229,true,1,49651
7290112347008,false,גמדים לדרך גבינה לבנה עם מחית תות ושיבולת שועל,מיוצר עי קונדיטוריית,IL,גמדים,גרמים,100.00,100 גרם,false,,5.90,0.0590,true,1,49658
7290112348142,false,שעועית לבנה 380 ט.הטבע קופסה 380 גרם,שטראוס טעם הטבע,IT,טעם הטבע,גרמים,380.00,100 גרם,false,,6.90,0.0182,true,1,47224
7290112348999,false,הפריכיות הטעימות תירס דקות אנרג'י 135 גרם,"פרח תעשיות מזון בע""\מ",IL,פרכיות גדולות תירס ד,גרמים,135.00,100 גרם,false,,7.80,0.0578,true,1,47234
7290112349606,false,מעדן גבינה ויוגורט תות בננה 88 ג' דניאלה,"שטראוס בריאות בע""\מ",IL,שטראוס,גרמים,88.00,100 גרם,false,,3.90,0.0443,true,1,49685
7290112349637,false,מעדן גבינה בטעם ענבים 88 ג' דניאלה,"שטראוס בריאות בע""\מ",IL,שטראוס,גרמים,88.00,100 גרם,false,,3.90,0.0443,true,1,49688
7290112349705,false,פומודורו רוטב עגבניות קלאסי לפסטה יד מרדכי 350 גרם,אמיליאנה קונסרב סוסייטה,IT,יד מרדכי,גרמים,350.00,100 גרם,false,,10.90,0.0311,true,1,47245
7290112349750,false,פיצה רוטב עגבניות לפיצה יד מרדכי 350 גרם,אמיליאנה קונסרב סוסייטה,IT,יד מרדכי,גרמים,350.00,100 גרם,false,,10.90,0.0311,true,1,47248
7290112349897,false,מסטיק מאסט Must קוביות בטעם מנטה ללא סוכר,אסקום קונפקשיין,DE,שטראוס עלית,גרמים,86.00,100 גרם,false,,12.90,0.1500,true,1,47249
7290112350312,false,קפסולות 15 קפה יותר למכונות נספרסו עלית 10יח',הנסיך- מפעל לייצור ט,IL,עלית,גרמים,50.00,100 גרם,false,,15.90,0.3180,true,1,47252
7290112350589,false,ציקו אבקה להכנת משקה ציקוריה 65 גר,שטראוס קפה בי.וי,IL,עלית,גרמים,65.00,100 גרם,false,,11.90,0.1831,true,1,47254
7290112351067,false,סילאן טבעי 100% תמר מג'הול ללא תוספת סוכר,יד מרדכי,IL,סילאן טבעי לחיץ 630,גרמים,630.00,100 גרם,false,,24.90,0.0395,true,1,47255
7290112351104,false,שוקולד פרה ממולא פיצפוצי אורז 100 ג' עלית,"שטראוס גרופ בע""\מ",IL,שוקולד פרה פצפוצי או,גרמים,100.00,100 גרם,false,,5.90,0.0590,true,1,47257
7290112351128,false,שוקולד פרה סוכריות קופצות וועסטהייים,"שטראוס גרופ בע""\מ",IL,שוקולד פרה סוכריות ק,גרמים,90.00,100 גרם,false,,5.90,0.0656,true,1,47258
7290112351524,false,עלי סלנובה 200 גר' שטראוס טעם הטבע,שטראוס בריאות ירקות טריי,IL,טעם הטבע,גרמים,200.00,100 גרם,false,,12.90,0.0645,true,1,49706
7290112351753,false,עלית שלישיית פסק זמן קראנץ' 96 גרם,שולן צ'\קולטה גידה סאן,IL,עלית,גרמים,105.00,גרם,false,,11.90,0.1133,true,1,47273
7290112353887,false,"משקה קפה קר בטעם אגוזים יטבתה 230 מ""ל",אנסטל מילק kg,AT,משקה קפה קר בטעם אגו,מיליליטרים,230.00,"100 מ""ל",false,,7.90,0.0343,true,1,49711
7290112354945,false,תפוצ'יפס WAVY בטעם טבעי 50 גרם,שטראוס פריטו ליי בע”,IL,עלית,גרמים,50.00,100 גרם,false,,3.50,0.0700,true,1,69451
7290112355027,false,דנונה פרו 20 גרם חלבון בטעם קרמל מלוח 200 גרם,"שטראוס בריאות בע""\מ",IL,דנונה פרו,גרמים,200.00,100 גרם,false,,5.90,0.0295,true,1,49724
7290112355102,false,גמדים סקוויז 100 גרם פאוץ סלט פירות 100 גרם,"שטראוס בריאות בע""\מ",IL,?????,גרמים,100.00,100 גרם,false,,5.90,0.0590,true,1,49729
7290112355393,false,יטבתה רוטב שמנת עם בטטה 9% 250 גרם,שטראוס גרופ,IL,יטבתה,מיליליטרים,257.00,"100 מ""ל",false,,10.90,0.0424,true,1,69170
7290112355812,false,מעדן מילקי עם טופ קורנפלקס מצופה שוקולד,"שטראוס גרופ בע""\מ",IL,שטראוס,גרמים,141.00,100 גרם,false,,4.50,0.0319,true,1,49745
7290112357045,false,עגבניות איטלקיות מרוסקות ט.הטבע קופסה 390 גר',שטראוס טעם הטבע,IT,טעם הטבע,גרמים,390.00,100 גרם,false,,6.50,0.0167,true,1,47299
7290112357069,false,מחית עגבניות איטלקיות 500 גרם ט.הטבע קופסה,שטראוס טעם הטבע,IT,טעם הטבע,גרמים,500.00,100 גרם,false,,6.50,0.0130,true,1,47300
7290112357083,false,טעם הטבע אפונה ירוקה 380 גרם קופסה,שטראוס טעם הטבע,IT,טעם הטבע,גרמים,380.00,100 גרם,false,,6.90,0.0182,true,1,47302
7290112357106,false,שעועית אדומה מבושלת טעם הטבע 380 ג',שטראוס טעם הטבע,IT,טעם הטבע,גרמים,380.00,100 גרם,false,,6.90,0.0182,true,1,47303
7290112357113,false,טעם הטבע גרגרי חומוס 380 גרם קופסה,שטראוס טעם הטבע,IT,טעם הטבע,גרמים,380.00,100 גרם,false,,6.90,0.0182,true,1,47304
7290112357892,false,סוכריות ללא סוכר בטעם מנטה מאסט פרש,"הליקון גידה בע""\מ",TR,עלית,גרמים,45.00,100 גרם,false,,7.90,0.1756,true,1,47307
7290112358004,false,פסק זמן קראנצ' עלית 32 גרם,שולן צ'\יקולטה גידה סאן.,TR,עלית,גרמים,32.00,100 גרם,false,,4.90,0.1531,true,1,47308
7290112358127,false,יוגורט PRO בטעם וניל עוגיות פלוס מגנזיום,מיוצר עי קונדיטוריית,IL,דנונה פרו 20 גרם עם,גרמים,20.00,100 גרם,false,,6.30,0.3150,true,1,49760
7290112358219,false,רוטב צ'ילי מתוק יד מרדכי 300 גרם,אף.סי תבליני בגליל ב,IL,עלית,מיליליטרים,300.00,"100 מ""ל",false,,12.90,0.0430,true,1,47313
7290112358240,false,רוטב גריל יד מרדכי 300 גרם,"בית אל מזון בע""מ",IL,עלית,גרמים,300.00,100 גרם,false,,12.90,0.0430,true,1,47315
7290112358431,false,עד חצות דאבל ביסקוויט עם שוקולד חלב -8 אריזות אישיות,ביסקוויטס טור ד'\אלבון,FR,עלית,גרמים,200.00,100 גרם,false,,11.90,0.0595,true,1,47317
7290112358554,false,מארז קפה נמס מנות אישיות לדרך 50.4 גר,שטראוס רומניה,RO,נמס לדרך,יח',26.00,יח',false,,10.90,0.4192,true,1,47318
7290112415400,false,עוגיות אלפחורס קפולסקי 280 גרם,תופינים מקבוצת קפולסקי,IL,קפולסקי,גרמים,280.00,100 גרם,false,,29.90,0.1068,true,1,59982
7290112490117,false,קליק אקסטרא לארג שוקולד חלב עם וופל ואגוזים,יוניליוור ישראל מזון בעמ,IL,KLIK,גרמים,85.00,100 גרם,false,,4.90,0.0576,true,1,51742
7290112490209,false,נמס בכוס מרק עגבניות עם קרוטונים רכיבים טבעיים,יוניליוור ישראל מזון בעמ,IL,KNORR,גרמים,56.00,100 גרם,false,,6.50,0.1161,true,1,51744
7290112490216,false,מרק נמס בכוס בטעם עוף קנור 100% רכיבים טבעיים,יוניליוור ישראל מזון בעמ,IL,KNORR,גרמים,48.00,100 גרם,false,,6.50,0.1354,true,1,51745
7290112490230,false,מרק נמס בכוס אפונה קנור 100% רכיבים טבעיים,יוניליוור ישראל מזון בעמ,IL,KNORR,גרמים,50.00,100 גרם,false,,6.50,0.1300,true,1,51746
7290112490650,false,קונפיטורה תות שדה 340 גרם-צנצנת,קונפיטורות לה-ארדניי,BE,778,גרמים,340.00,100 גרם,false,,11.90,0.0350,true,1,51754
7290112490698,false,קונפיטורה תות שדה לייט 300 גרם-צנצנת,יוניליוור מזון,IL,778,גרמים,260.00,100 גרם,false,,12.90,0.0496,true,1,51758
7290112491701,false,ברנפלקס אקסטרה פרוטין תלמה 375 גרם,יוניליוור ישראל מזון בעמ,IL,TELMA,גרמים,375.00,100 גרם,false,,21.90,0.0584,true,1,51798
7290112491770,false,בייגלה דקים דקים מלח ים בייגל בייגל 300 גרם.,בייגל את בייגל מזון 198),IL,B&B,גרמים,300.00,100 גרם,false,,9.90,0.0330,true,1,51799
7290112491787,false,בייגלה דקים דקים עם שומשום בייגל בייגל 300 גרם,בייגל את בייגל מזון 198),IL,B&B,גרמים,300.00,100 גרם,false,,9.90,0.0330,true,1,51800
7290112491794,false,בייגלה דקים דקים בטעם שמנת ובצל בייגל בייגל 300 גרם,בייגל את בייגל מזון 198),IL,B&B,גרמים,300.00,100 גרם,false,,9.90,0.0330,true,1,51801
7290112492449,false,פינוק שמפו שיער רגיל 700 מל-חדש,יוניליוור ישראל טיפוח אי,IL,PINUK,מיליליטרים,700.00,"100 מ""ל",false,,11.90,0.0170,true,1,51813
7290112492456,false,"שמפו פינוק לשיער יבש/פגום 700 מ""ל",יוניליוור ישראל טיפוח אי,IL,PINUK,מיליליטרים,700.00,"100 מ""ל",false,,11.90,0.0170,true,1,51814
7290112492463,false,"שמפו ומרכך 2 ב-1 לשיער רגיל פינוק 700 מ""ל.",יוניליוור ישראל טיפו,IL,PINUK,מיליליטרים,700.00,"100 מ""ל",false,,11.90,0.0170,true,1,51815
7290112492470,false,"שמפו ומרכך 2 ב-1 לשיער יבש פינוק 700 מ""ל.",יוניליוור פארם,IL,PINUK,מיליליטרים,700.00,"100 מ""ל",false,,11.90,0.0170,true,1,51816
7290112492487,false,פינוק שמפו לשיער עם שמן מרוקאי 700 מל,יוניליוור ישראל טיפוח אי,IL,PINUK,מיליליטרים,700.00,"100 מ""ל",false,,11.90,0.0170,true,1,51817
7290112492531,false,פינוק מרכך שיער רגיל 700 מל-חדש,יוניליוור פארם,IL,PINUK,מיליליטרים,700.00,"100 מ""ל",false,,11.90,0.0170,true,1,51821
7290112492548,false,"מרכך פינוק עם שמן חוחובה 700 מ""ל",יוניליוור פארם,IL,PINUK,מיליליטרים,700.00,"100 מ""ל",false,,11.90,0.0170,true,1,51822
7290112492579,false,פינוק מרכך בתוספת שמן קוקוס 700 מל-חדש,יוניליוור ישראל טיפוח אי,IL,PINUK,מיליליטרים,700.00,"100 מ""ל",false,,11.90,0.0170,true,1,51825
7290112492609,false,"תחליב רחצה פינוק 700 מ""ל לבנדר ווניל",יוניליוור ישראל טיפוח אי,IL,PINUK,מיליליטרים,700.00,"100 מ""ל",false,,9.90,0.0141,true,1,51827
7290112492715,false,"פינוק - לילדים שמפו אל דמע לסירוק קל 700 מ""ל",יוניליוור ישראל טיפוח אי,IL,פינוק,מיליליטרים,700.00,"100 מ""ל",false,,12.90,0.0184,true,1,51832
7290112492746,false,"מרכך פינוק אל דמע לסירוק קל לילדים 700 מ""ל",יוניליוור ישראל טיפוח אי,IL,פינוק,מיליליטרים,700.00,"100 מ""ל",false,,12.90,0.0184,true,1,51834
7290112492753,false,"אל סבון לרחצה פינוק לילדים 700 מ""ל",יוניליוור ישראל טיפוח אי,IL,PINUK,מיליליטרים,700.00,"100 מ""ל",false,,9.90,0.0141,true,1,51835
7290112492999,false,קנור מרק עוף אמיתי 400 גרם פרווה,יוניליוור ישראל מזון בע\,IL,KNORR,גרמים,400.00,100 גרם,false,,12.90,0.0323,true,1,51852
7290112493293,false,קנור - נמס ירקות וקרוטונים ר.טבעי 44 גרם,יוניליוור ישראל מזון בעמ,IL,KNORR,גרמים,44.00,100 גרם,false,,6.50,0.1477,true,1,51866
7290112493934,false,גלידת וניל צרפתי קרמיסימו 1.33 ל,"גלידת שטראוס בע""\מ, רחוב",IL,קרמיסימו,ליטרים,1.33,ליטר,false,,18.90,14.2105,true,1,37309
7290112494016,false,מיונז תלמה מופחת שומן 500 גרם,יוניליוור ישראל מזון בעמ,IL,תלמה,גרמים,500.00,100 גרם,false,,9.90,0.0198,true,1,51871
7290112494153,false,תיבולית בניחוח צלי קנור 72 גרם,יוניליוור ישראל מזון בע\,IL,KNORR,גרמים,72.00,100 גרם,false,,9.90,0.1375,true,1,51874
7290112494221,false,קליק - ביסקויט תפזורת 65 גרם,יוניליוור ישראל מזון בע\,IL,KLIK,גרמים,65.00,100 גרם,false,,4.90,0.0754,true,1,51877
7290112494238,false,קליק - כדורים חלב תפזורת 65 גרם,יוניליוור ישראל מזון בע\,IL,KLIK,גרמים,65.00,100 גרם,false,,4.90,0.0754,true,1,51878
7290112494276,false,קליק כריות תפזורת 65 גר,יוניליוור ישראל מזון בע\,IL,KLIK,גרמים,65.00,100 גרם,false,,4.90,0.0754,true,1,51880
7290112494283,false,קליק - מעורב חום לבן תפזורת 65 גרם,יוניליוור ישראל מזון בע\,IL,KLIK,גרמים,65.00,100 גרם,false,,4.90,0.0754,true,1,51881
7290112494313,false,קליק - קורנפלקס תפזורת 65 גרם,יוניליוור ישראל מזון בע\,IL,KLIK,גרמים,65.00,100 גרם,false,,4.90,0.0754,true,1,51883
7290112494351,false,"קורנפלקס אלופים תלמה 850 ג בד""ץ","יוניליוור שפע ישראל בע""\",IL,"קורנפלקס צהוב בד""ץ 8",גרמים,850.00,100 גרם,false,,16.90,0.0199,true,1,51885
7290112494382,false,פירה בטעם ביתי 260 גרם-קופסא,יוניליוור ישראל מזון בע\,IL,KNORR,גרמים,260.00,100 גרם,false,,10.90,0.0419,true,1,51886
7290112494825,false,תרחיץ פנים לעור רגיש מכיל 25% קרם לחות,יוניליוור ישראל טיפוח אי,IL,DOVE,מיליליטרים,180.00,"100 מ""ל",false,,11.90,0.0661,true,1,51903
7290112494832,false,"דאב - תרחיץ פנים לעור רגיל 180 מ""ל",יוניליוור ישראל טיפוח אי,IL,DOVE,מיליליטרים,180.00,"100 מ""ל",false,,11.90,0.0661,true,1,51904
7290112495006,false,כריות נוגט 686 גרם - קופסא,"יוניליוור ישראל מזון בע""",IL,TELMA,גרמים,686.00,100 גרם,false,,24.90,0.0363,true,1,51910
7290112495020,false,כריות צוקולדה 686 גרם קופסא,"יוניליוור ישראל מזון בע""",IL,TELMA,גרמים,686.00,100 גרם,false,,23.90,0.0348,true,1,51912
7290112495037,false,דגני בוקר בטעם שוקולד כדורים 375 ג' קוקומן,יוניליוור שפע ישראל בעמ,IL,TELMA,גרמים,375.00,100 גרם,false,,19.90,0.0531,true,1,51913
7290112495044,false,ציפי (פצפוצים) גריין בדצ 500גר,"יוניליור שפע ישראל בע""\מ",IL,TELMA,גרמים,375.00,100 גרם,false,,19.90,0.0531,true,1,51914
7290112495105,false,נשנושים חטיף בטעם שמנת בצל,בייגל את בייגל מזון 198),IL,B&B,גרמים,260.00,100 גרם,false,,13.90,0.0535,true,1,51916
7290112495112,false,נשנושים טעם זעתר בייגל בייגל 260 גרם,בייגל את בייגל מזון 198),IL,B&B,גרמים,260.00,100 גרם,false,,13.90,0.0535,true,1,51917
7290112495143,false,נשנושי קרקר קוקטייל מלוח בייגל בייגל 300 גרם,בייגל את בייגל מזון 198),IL,B&B,גרמים,300.00,100 גרם,false,,13.90,0.0463,true,1,51919
7290112495150,false,נשנושים קרקר עגול מלוח 300 גרם נ.ל.פ,בייגל את בייגל מזון 198),IL,B&B,גרמים,300.00,100 גרם,false,,13.90,0.0463,true,1,51920
7290112495167,false,נשנושי קרקר משולשי שומשום בייגל בייגל 300 גרם,בייגל את בייגל מזון 198),IL,B&B,גרמים,300.00,100 גרם,false,,13.90,0.0463,true,1,51921
7290112495174,false,נשנושי קרקר קוקטייל שומשום בייגל בייגל 300 גרם,בייגל את בייגל מזון 198),IL,B&B,גרמים,300.00,100 גרם,false,,13.90,0.0463,true,1,51922
7290112495228,false,"קורנפלקס דבש תלמה 448 ג' בד""צ","יוניליוור שפע ישראל בע""\",IL,TELMA,גרמים,448.00,100 גרם,false,,17.90,0.0400,true,1,51923
7290112495280,false,ריבועי ברנפלקס קינמון תלמה 400 גרם,"יוניליוור שפע ישראל בע""\",IL,TELMA,גרמים,400.00,100 גרם,false,,21.90,0.0547,true,1,51928
7290112495433,false,דגני דליפקאן תוספת אגוזי פקאן ושקדים 400 גר,"יוניליור שפע ישראל בע""\מ",IL,TELMA,גרמים,400.00,100 גרם,false,,21.90,0.0547,true,1,51933
7290112495488,false,קורנפלקס פתיתי תירס קלויים ללא גלוטן 500,"מולינו ניקולי S.p.A,",IT,TELMA,גרמים,500.00,100 גרם,false,,14.90,0.0298,true,1,51937
7290112495662,false,קרקר חיטה מלאה ופשתן בייגל בייגל 300 גרם,"מיוצר ע""י קוד יצרן A",IL,B&B,גרמים,300.00,100 גרם,false,,8.90,0.0297,true,1,51942
7290112495686,false,"קרקר שומשום בייגל בייגל 220 גרם בד""צ","מיוצר ע""\י קוד יצרן AF",IL,B&B,גרמים,220.00,100 גרם,false,,8.90,0.0405,true,1,51944
7290112495747,false,רוטב צ''ילי מתוק כ 70% פחות סוכר 340 ג' קנור,יוניליוור ישראל מזון בע\,IL,KNORR,מיליליטרים,300.00,"100 מ""ל",false,,9.90,0.0330,true,1,51947
7290112495754,false,"רטבי הלמנס לסלט 300 מ""ל אלף האיים",יוניליוור ישראל מזון בעמ,IL,HELLMANNS,מיליליטרים,305.00,"100 מ""ל",false,,9.90,0.0325,true,1,51948
7290112495761,false,"רטבי הלמנס לסלט 300 מ""ל אלף האיים לייט",יוניליוור ישראל מזון בעמ,IL,HELLMANNS,מיליליטרים,305.00,"100 מ""ל",false,,9.90,0.0325,true,1,51949
7290112495792,false,הלמנס רוטב לסלט שום לייט 300 גר',יוניליוור ישראל מזון בעמ,IL,הלמנס רוטב לסלט שום,גרמים,300.00,100 גרם,false,,9.90,0.0330,true,1,51952
7290112495815,false,רוטב סלט חרדל דבש לייט הלמנס 305ג',יוניליוור ישראל מזון בעמ,IL,HELLMANNS,גרמים,305.00,100 גרם,false,,9.90,0.0325,true,1,51954
7290112495822,false,כריות BLACK בטעם שוקולד וניל תלמה 686 גרם,"יוניליוור שפע ישראל בע""\",IL,TELMA,גרמים,686.00,100 גרם,false,,23.90,0.0348,true,1,51955
7290112495938,false,קרקר 6 דגנים בייגל בייגל 250 גרם,"מיוצר ע""\י קוד יצרן AF",IL,B&B,גרמים,200.00,100 גרם,false,,8.90,0.0445,true,1,51963
7290112496027,false,סירופ שוקולד אפיכל 580 גרם,יוניליוור ישראל מזון בע\,IL,EFICOL,גרמים,580.00,100 גרם,false,,11.90,0.0205,true,1,51966
7290112496034,false,סירופ מייפל אפיכל 580 גרם,יוניליוור ישראל מזון בע\,IL,EFICOL,גרמים,580.00,100 גרם,false,,11.90,0.0205,true,1,51967
7290112496218,false,קנור רוטב טריאקי הפחתה של מעל 50% סוכר ונתרן 310 ג',יוניליוור ישראל מזון בעמ,IL,KNORR,מיליליטרים,340.00,"100 מ""ל",false,,9.90,0.0291,true,1,51970
7290112496270,false,"פתית צ'יפס תפו""א בתוספת עגבניות ועשבי תיבול 22 גרם",JLM גלובל פודסn37\ דרך א,GB,פתית צ'יפס עגבניות ו,גרמים,22.00,100 גרם,false,,4.90,0.2227,true,1,51971
7290112496287,false,פתית צ'יפס בטטה בטעם טבעי 22 גרם,JLM גלובל פודסn37\ דרך א,GB,פתית צ'יפס בטטה 21 ג,גרמים,21.00,100 גרם,false,,4.90,0.2333,true,1,51972
7290112496430,false,נמס בכוס אקסטרה מרק עגבניות עם המון אטריות,יוניליוור ישראל מזון בע\,IL,KNORR,גרמים,37.00,100 גרם,false,,3.90,0.1054,true,1,51975
7290112496447,false,נמס בכוס אקסטרה טעם עוף עם המון אטריות 27ג',יוניליוור ישראל מזון בע\,IL,KNORR,גרמים,27.00,100 גרם,false,,3.90,0.1444,true,1,51976
7290112496461,false,נמס בכוס אקסטרה מרק ירקות עם המון אטריות,יוניליוור ישראל מזון בע\,IL,KNORR,גרמים,35.00,100 גרם,false,,3.90,0.1114,true,1,51977
7290112497499,false,טבלה שוקולד לבן ועוגיות קליק 85 ג',אתר צפת טבלאות ותעשי,IL,קליק טבלאות עם פצפוצים,גרמים,85.00,100 גרם,false,,4.90,0.0576,true,1,52000
7290112497864,false,מרק בטעם עוף פרווה רכיבים טבעיים 33% פחות נתרן,יוניליוור מזון,IL,מרק טעם עוף רכיבים ט,גרמים,400.00,100 גרם,false,,22.90,0.0572,true,1,52005
7290112498052,false,פתית ציפס עם בטטה מארז רביעייה,JLM גלובל פודסn37\ דרך א,IL,מארז פתית צ'יפס בטטה,גרמים,84.00,100 גרם,false,,14.90,0.1774,true,1,52013
7290112498267,false,פינוק אל סבון לידיים בניחוח פינוק קלאסי,קוסטר אירוסול ולף סנ,TR,אל סבון ידיים פינוק,מיליליטרים,950.00,"100 מ""ל",false,,11.90,0.0125,true,1,52021
7290112498526,false,"פתית צ'יפס עם בטטה סגולה בטעם שמנת ובצל, 22 גרם",JLM גלובל פודסn37\ דרך א,GB,פתית צ'יפס עם בטטה ס,גרמים,22.00,100 גרם,false,,4.90,0.2227,true,1,52029
7290112498748,false,מיני סולרו וניל תות שדה 350 גרם,"מיוצר ע""\י גלידת שטראוס",IL,סולרו,גרמים,325.00,100 גרם,false,,23.90,0.0735,true,1,37315
7290112498915,false,מאגדת מיני מגנום שקדים מובחרים 250 ג',"מיוצר ע""\י גלידת שטראוס",IL,מגנום,גרמים,250.00,100 גרם,false,,26.90,0.1076,true,1,37320
7290112498922,false,מאגדת מיני מגנום לבן שטראוס 250 גרם,"מיוצר ע""\י גלידת שטראוס",IL,מגנום,גרמים,250.00,100 גרם,false,,26.90,0.1076,true,1,37321
7290112499097,false,מאגדת מיני מגנום שוקולד מריר 240 גרם,"מיוצר ע""\י גלידת שטראוס",IL,מגנום,גרמים,240.00,100 גרם,false,,26.90,0.1121,true,1,37325
7290112499189,false,"גלידת קרמיסימו חד קרן וניל תות, 1.33 ליטר","גלידת שטראוס בע""\מ, רחוב",IL,קרמיסימו,ליטרים,1.33,ליטר,false,,18.90,14.2105,true,1,37326
7290112499219,false,שלגון שמנת מופחת שומן וקלוריות בטעם פיסטוק עם ריפל בטעם שוקולד מריר וציפוי חלקי של שוקולד חלב מעולה,"גלידת שטראוס בע""\מ, רחוב",IL,שטראוס,גרמים,235.00,100 גרם,false,,21.90,0.0932,true,1,37328
7290112499448,false,"מרכך פינוק בתוספת שמן מרוקאי 700 מ""ל",יוניליוור ישראל טיפוח אי,IL,PINUK,מיליליטרים,700.00,"100 מ""ל",false,,11.90,0.0170,true,1,52033
7290112499455,false,פינוק תחליב רחצה 700 בתוספת שמן מרוקאי,יוניליוור ישראל טיפוח אי,IL,PINUK,מיליליטרים,700.00,"100 מ""ל",false,,9.90,0.0141,true,1,52034
7290112499462,false,פינוק תחליב רחצה 700 בתוספת שמן קוקוס,יוניליוור ישראל טיפוח אי,IL,PINUK,מיליליטרים,700.00,"100 מ""ל",false,,9.90,0.0141,true,1,52035
7290112499479,false,"שמפו פינוק בתוספת קרטין 700 מ""ל",יוניליוור ישראל טיפוח אי,IL,PINUK,מיליליטרים,700.00,"100 מ""ל",false,,11.90,0.0170,true,1,52036
7290112499486,false,"פינוק מרכך בתוספת קרטין 700 מ""ל",יוניליוור ישראל טיפוח אי,IL,PINUK,מיליליטרים,700.00,"100 מ""ל",false,,11.90,0.0170,true,1,52037
7290112499776,false,גלידת שמנת מופחתת שומן וקלוריות בטעם שוקולד לבן 240 גרם,"גלידת שטראוס בע""\מ, רח'\",IL,שטראוס,מיליליטרים,350.00,"100 מ""ל",false,,21.90,0.0626,true,1,37335
7290112499844,false,מאגדת מיני מגנום דואט שוקולד עם נוגט שטראוס 310 גרם,"מיוצר ע""\י גלידת שטראוס",IL,מגנום,גרמים,310.00,100 גרם,false,,26.90,0.0868,true,1,37338
7290112499943,false,מיני מאגדת מיני מגנום טעמים שונים וניל+שוקו,"מיוצר ע""\י גלידת שטראוס",IL,מגנום,גרמים,250.00,100 גרם,false,,26.90,0.1076,true,1,37340
7290112962546,false,מאגדת לה פרוטה מלון תפוח 350 גרם 5 יחידות,שוורצקוף& הנקל דיסלד,IL,לה פרוטה,גרמים,350.00,100 גרם,false,,23.90,0.0683,true,1,46166
7290112963529,false,מאגדת טילון אקסטרים שוקו וניל פרווה נסטלה,גלידות נסטלה )נגה גלידות,IL,אקסטרים,יח',6.00,יח',false,,25.90,4.3167,true,1,46169
7290112963918,false,פיטנס חטיפי קרקר דק רוזמרין 140 גרם,נסטלה Nestle,IL,קרקר דק רוזמרין פיטנ,גרמים,140.00,100 גרם,false,,11.90,0.0850,true,1,34441
7290112964410,false,אסם רוטב אלף האיים חדש לסלט 290 גרם,"אסם תעשיות בע""מ",IL,אסם,מיליליטרים,290.00,"100 מ""ל",false,,8.90,0.0307,true,1,34453
7290112964434,false,אסם רוטב קיסר חדש לסלט 295 גרם,"אסם תעשיות בע""מ",IL,אסם,מיליליטרים,290.00,"100 מ""ל",false,,8.90,0.0307,true,1,34454
7290112964458,false,רוטב ויניגרט חדש לסלט 295 גרם אסם,"אסם תעשיות בע""מ",IL,אסם,מיליליטרים,290.00,"100 מ""ל",false,,8.90,0.0307,true,1,34455
7290112964472,false,אסם רוטב שום חדש לסלט 290 גרם,"אסם תעשיות בע""מ",IL,אסם,מיליליטרים,290.00,"100 מ""ל",false,,8.90,0.0307,true,1,34456
7290112964564,false,"רוטב אלף האיים לייט לסלט אסם 295 מ""ל","אסם תעשיות בע""מ",IL,אסם,מיליליטרים,290.00,"100 מ""ל",false,,8.90,0.0307,true,1,34459
7290112964625,false,אסם רוטב שום לייט חדש לסלט 310 גרם,"אסם תעשיות בע""מ",IL,אסם,מיליליטרים,290.00,"100 מ""ל",false,,8.90,0.0307,true,1,34462
7290112965264,false,אבקת מרק נמס אפונה אסם בדצ 52 גרם מארז זוגי,"אסם תעשיות בע""מ",IL,אסם,גרמים,30.00,100 גרם,false,,5.50,0.1833,true,1,34475
7290112965745,false,אוסם - ביסלי פריסטייל בצל מעושן 60 גרם,"אסם השקעות בע""\מ",IL,ביסלי,גרמים,60.00,100 גרם,false,,3.90,0.0650,true,1,34491
7290112965806,false,אוסם - ביסלי פריסטייל חמוץ חריף 60 גרם,"אסם תעשיות בע""מ",IL,ביסלי,גרמים,60.00,100 גרם,false,,3.90,0.0650,true,1,34494
7290112966247,false,לחמית כוסמין אסם 200 גרם,"אסם תעשיות בע""מ",IL,לחמית,גרמים,200.00,100 גרם,false,,9.90,0.0495,true,1,34513
7290112966803,false,אסם פודינג אינסטנט שוקולד 95 גרם,"אסם השקעות בע""\מ",IL,אסם,גרמים,88.00,100 גרם,false,,5.50,0.0625,true,1,34529
7290112967572,false,"אסם רוטב ברביקיו 290 מ""ל אסם",Unknown,IL,אסם,גרמים,335.00,100 גרם,false,,8.90,0.0266,true,1,34538
7290112967848,false,ג'לי תות שדה מופחת סוכר אסם 90 גרם,מיוצר עי קונדיטוריית,IL,אסם,גרמים,90.00,100 גרם,false,,5.90,0.0656,true,1,34545
7290112968807,false,פיטנס - קרקר דק סלק 140 גרם,מפעל אסם יקנעם,IL,קרקר דק סלק פיטנס 14,גרמים,140.00,100 גרם,false,,11.90,0.0850,true,1,34569
7290112968821,false,פיטנס - קרקר דק בטטה 140 גרם,מפעל אסם יקנעם,IL,קרקר דק בטטה פיטנס 1,גרמים,140.00,100 גרם,false,,11.90,0.0850,true,1,34570
7290113190450,false,ממרח תמרים 450 גר' שקדיה,"תמר העמקים בע""מ",IL,ירדן,גרמים,450.00,100 גרם,false,,5.90,0.0131,true,1,65472
7290113190757,false,חלבה מסולסלת וניל שקדיה 300 גר,חיאל עמר שומרון,IL,חלבה תלתלים בטעם וני,גרמים,300.00,100 גרם,false,,13.90,0.0463,true,1,65473
7290113192881,false,"טורטיה חיטה מופחת קלוריות, קוטר 20 ס""מ - 6 יח'",דין שיווק,TR,טורטיה חיטה מופחתת ק,גרמים,270.00,100 גרם,false,,9.90,0.0367,true,1,65481
7290113195479,false,קמח שקדים שקדיה 200 גרם,"שקדיה גבע תעשיות בע""",IL,קמח שקדים 200 גרם,גרמים,200.00,100 גרם,false,,13.90,0.0695,true,1,71394
7290113196063,false,לחם מחמצת מאפית,,,לחם מחמצת מאפית,יח',1.00,יח',false,,16.90,16.9000,true,1,65520
7290113196070,false,חלה מאפית,,,חלה מאפית,יחידה,0.00,יחידה,false,,10.90,0.0000,true,1,72592
7290113196100,false,באגט מאפית,,,באגט מאפית,יחידה,0.00,יחידה,false,,4.80,0.0000,true,1,72595
7290113196117,false,בייגלה מאפית,,,בייגלה מאפית,יחידה,0.00,יחידה,false,,4.30,0.0000,true,1,72596
7290113196414,false,"אורז בסמטי 1 ק""ג - שקדיה כחול מטאלי",דאבה סינג שאם סינג,IN,"אורז בסמטי 1 ק""ג שקד",קילוגרמים,1.00,"ק""ג",false,,9.90,9.9000,true,1,65483
7290113197169,false,חמאת בוטנים טבעית 510 גר,סופר נוטרי פודס,IN,חמאת בוטנים טבעית עם,גרמים,510.00,100 גרם,false,,15.90,0.0312,true,1,65488
7290113199323,false,עלי טורטילוס בוריטו150גר,אלקטי קוראבייכיסיגידה טו,TR,טורטיה מיני 150 גרם,גרמים,150.00,100 גרם,false,,4.90,0.0327,true,1,65490
7290113199378,false,פרכיות כוסמת דקות בתוספת שיבולת שועל שקדיה 95 גרם,זנבר המכללה לטבעונות,IL,פרכיות כוסמת דקות בת,גרמים,95.00,100 גרם,false,,9.90,0.1042,true,1,65491
7290113199880,false,טורטיה בתוספת קמח כוסמין ושיבול שועל שקדיה 360 גרם,אקס ולאו,IL,טורטיה בתוספת קמח כו,גרמים,360.00,100 גרם,false,,9.90,0.0275,true,1,65495
7290113251533,false,חלווה אגוזי מלך 400,אבו נור,,חלווה אגוזי מלך 400,גרמים,400.00,100 גרם,false,,19.90,0.0497,true,1,69778
7290113251540,false,חלווה פקאן 400 גרם,אבו נור,,חלווה פקאן 400 גרם,גרמים,400.00,100 גרם,false,,19.90,0.0497,true,1,69779
7290113251564,false,חלווה קקאו 400 גרם,אבו נור,,חלווה קקאו 400 גרם,גרמים,400.00,100 גרם,false,,19.90,0.0497,true,1,69780
7290113284524,false,מגבת נייר 6 גלילים,,,מגבות נייר שישיה,מטרים,63.00,מטר,false,,9.90,0.1571,true,1,59857
7290113302303,false,חטיף בונזו סטיקים תרד ותרד 80 גר,שינייה פט פוד,CN,חטיף בונזו סטיקים עם,גרמים,80.00,100 גרם,false,,12.90,0.1613,true,1,64162
7290113305830,false,סופרים עוף לחתול 400ג,,TR,סופרים עוף לחתול 400,גרמים,400.00,100 גרם,false,,4.00,0.0100,true,1,71295
7290113305847,false,סופרים סלמון לחתול 400ג,,TR,סופרים סלמון לחתול 4,גרמים,400.00,100 גרם,false,,4.00,0.0100,true,1,71296
7290113560109,false,פרודונטקס מ.שיניים בטעם צמחי 75 מל,פרודונטקס Parodontax,SK,פרודונטקס,מיליליטרים,75.00,"100 מ""ל",false,,30.90,0.4120,true,1,40586
7290113634787,false,קציצות אנטריקוט 800ג,משתנה,IL,קציצות אנטריקוט 800גר' גו,גרמים,800.00,100 גרם,false,,54.90,0.0686,true,1,58336
7290113635999,false,קישקע 500 גרם יוחננו,מעדני גורמה,,קישקע 500 גרם יוחננו,גרמים,500.00,100 גרם,false,,16.90,0.0338,true,1,58349
7290113660595,false,8 יח' מיכל מלבני 650,,,8 יח' מיכל מלבני 650,יח',1.00,יח',false,,14.90,14.9000,true,1,35748
7290113660601,false,7 יח' מיכל מלבני 1 ל,,,7 יח' מיכל מלבני 1 ל,יח',1.00,יח',false,,14.90,14.9000,true,1,35749
7290113660618,false,6 יח' מיכל מלבני 2 ל,,,6 יח' מיכל מלבני 2 ל,יח',1.00,יח',false,,14.90,14.9000,true,1,35750
7290113660724,false,תבנית נייר עגול 22 ס,קורקנט,CN,מנגט,יח',3.00,יח',false,,10.90,3.6333,true,1,35753
7290113660779,false,תבנית נייר עגול גדול לאפיית עוגה אישית 20יח',קורקנט,CN,מנגט,יח',12.00,יח',false,,6.90,0.5750,true,1,35755
7290113660786,false,תבנית נייר עגול קטן לאפיית עוגה אישית 20 יח',קורקנט,CN,מנגט,יח',12.00,יח',false,,6.90,0.5750,true,1,35756
7290113660793,false,תבנית נייר מאפינס עט,קורקנט,CN,מנגט,יח',12.00,יח',false,,6.90,0.5750,true,1,35757
7290113660847,false,מפת שולחן מהודרת הדפ,עיסאוי,CN,כלניות,יח',1.00,יח',false,,6.90,6.9000,true,1,35760
7290114310215,false,"שמנת מתוקה 38% רמת הגולן 250 מ""ל ווסטהיים - מוצר בפיקוח",מילקו תעשיות בעמ,IL,טרה,מיליליטרים,250.00,"100 מ""ל",false,,6.40,0.0256,true,1,48613
7290114310222,false,חלב מועשר בסידן וויטמין Dי 3% 1.5 ל' טרה,מילקו תעשיות בעמ,IL,טרה,ליטרים,1.50,ליטר,false,,10.90,7.2667,true,1,48614
7290114310239,false,חלב נטול לקטוז מועשר בוויטמין D י 2% 1.5 ל' טרה,מילקו תעשיות בעמ,IL,טרה,ליטרים,1.50,ליטר,false,,10.90,7.2667,true,1,48615
7290114310338,false,צפתית מעודנת 5% בגביע 225 גרם משק צוריאל,מחלבת משק צוריאל,IL,משק צוריאל,גרמים,225.00,100 גרם,false,,13.90,0.0618,true,1,48622
7290114310383,false,Muller Froop מולר יוגורט מוקצף בטעם וניל 90 גרם,מולר Muller,IL,מולר wip יוגורט מוקצ,גרמים,95.00,100 גרם,false,,5.30,0.0558,true,1,48627
7290114310390,false,מולר פרופ קציפת יוגורט בטעם בננה לוטי 97 גרם,מולר Muller,IL,מולר wip יוגורט מוקצ,גרמים,95.00,100 גרם,false,,5.30,0.0558,true,1,48628
7290114310536,false,יוגורט לייט מעושר חלבון 25 גרם חלבון וניל MULLER ACTIVE,מולר Muller,IL,מולר,מיליליטרים,200.00,"100 מ""ל",false,,5.90,0.0295,true,1,48636
7290114310550,false,גבינת פטה עיזים מעודנת 5% משק צוריאל 200 גרם,מחלבת משק צוריאל,IL,*מבצע* פטה עיזים מעו,גרמים,200.00,100 גרם,false,,17.90,0.0895,true,1,48638
7290114310567,false,לאבנה עיזים 5% טרה 200 גרם,מחלבת משק צוריאל,IL,לאבנה עיזים 5% שומן,גרמים,200.00,100 גרם,false,,14.90,0.0745,true,1,48639
7290114310574,false,גבינת קרם שמנת עיזים 5% 200 גר',מחלבת משק צוריאל,IL,קרם שמנת עיזים 5% שו,גרמים,200.00,100 גרם,false,,13.90,0.0695,true,1,48640
7290114310611,false,"משקה חלב בננה בבקבוק פקק ספורט טרה 250 מ""ל",מילקו תעשיות בעמ,IL,טרה,מיליליטרים,250.00,"100 מ""ל",false,,5.30,0.0212,true,1,48644
7290114310628,false,משקה חלב וניל ועוגיות בקבוק 1 ליטר,מילקו תעשיות בעמ,IL,טרה,ליטרים,1.00,ליטר,false,,11.00,11.0000,true,1,48645
7290114310895,false,"סימפלי פרוט יוגורט עם מנגו תות, שמיניה 8 * 150 גרם",מולר Muller,IL,MULLER,קילוגרמים,1.20,"ק""ג",false,,29.90,24.9167,true,1,48658
7290114311021,false,"משקה חלב וניל עוגיות פקק ספורט טרה 250 מ""ל",מילקו תעשיות בעמ,IL,טרה,מיליליטרים,250.00,"100 מ""ל",false,,5.30,0.0212,true,1,48670
7290114311038,false,"שמנת מתוקה 32% עמידה בבקבוק טרה 250 מ""ל",מילקו תעשיות בעמ,IL,שמנת מתוקה להקצפה 32,מיליליטרים,250.00,"100 מ""ל",false,,6.90,0.0276,true,1,48671
7290114311069,false,מעדן יוגורט בטעם טבעי חלבון 200 ג' מולר אקטיב,מולר Muller,IL,מולר,גרמים,200.00,100 גרם,false,,5.50,0.0275,true,1,48674
7290114311076,false,"חמאת מולר צהובה עם שום, 200 גרם",מולר Muller,IL,*מבצע* מולר חמאה עם,גרמים,200.00,100 גרם,false,,10.90,0.0545,true,1,48675
7290114311106,false,יוגורט נטורל בתוספת גרנולה וסירופ סילאן 177 ג' MULLER,מילקו,IL,מולר נטורל+יוגורט בי,גרמים,170.00,100 גרם,false,,6.50,0.0382,true,1,48678
7290114311298,false,יוגורט מולר פרופ בטעם תות בננה מלון 150,מולר Muller,IL,MULLER,גרמים,150.00,100 גרם,false,,4.80,0.0320,true,1,48693
7290114311304,false,יוגורט קציפת מנגו פסיפלורה בננה 150 ג' מולר,מולר Muller,IL,MULLER,גרמים,150.00,100 גרם,false,,4.80,0.0320,true,1,48694
7290114311328,false,חלב מועשר דל לקטוז מעושר בויטמין Dי 2% שומן טרה 1 ליטר,ג'י.אר.אמ.גרופו אלימ,IL,חלב טרה,ליטרים,1.00,ליטר,false,,7.40,7.4000,true,1,48695
7290114311359,false,יוגורט עם קציפת מנגו 3% שומן פרופ 150 ג' מולר,מולר Muller,IL,MULLER,גרמים,150.00,100 גרם,false,,4.80,0.0320,true,1,48696
7290114311441,false,מולר אקטיב יוגורט חלבון עוגיות חמאה 200 גרם,מולר Muller,IL,מולר,מיליליטרים,200.00,"100 מ""ל",false,,5.90,0.0295,true,1,48698
7290114311526,false,יוגורט פרופ קציפת תפוז גי'נג'ר 3% מולר 150 גרם,מולר Muller,IL,Muller Froop קציפת ת,גרמים,150.00,100 גרם,false,,4.80,0.0320,true,1,72100
7290114311533,false,יוגורט פרופ קציפת פרי בטעם סנגריה 3% מולר 150 גרם,מולר Muller,IL,Muller Froop קציפת פ,גרמים,150.00,100 גרם,false,,4.80,0.0320,true,1,72101
7290114311557,false,יוגורט נטורל ו גרנולה בתוספת סירופ מייפל 170 ג' מולר,מולר Muller,IL,מולר נטורל+גרנולה בת,גרמים,170.00,100 גרם,false,,6.50,0.0382,true,1,72103
7290114603508,false,"רוטב להקצפה מאסטר שף 300 מ""ל",סיטי פוד,TH,מנה,מיליליטרים,300.00,"100 מ""ל",false,,7.90,0.0263,true,1,54779
7290114604895,false,ממרח ספייסי לחיץ מאסטר שף 446 גרם,מאסטר שף,NL,מאסטר שף,גרמים,446.00,100 גרם,false,,12.90,0.0289,true,1,54790
7290114604901,false,ממרח שום לחיץ מאסטר שף 444 גרם,מאסטר שף,NL,מאסטר שף,גרמים,444.00,100 גרם,false,,12.90,0.0291,true,1,54791
7290114604925,false,קרם קוקוס לייט מאסטר שף 400 גרם,"תאי קוקונאט חברה בע""",TH,מנה מאסטר שף,מיליליטרים,400.00,"100 מ""ל",false,,8.90,0.0223,true,1,54792
7290114604963,false,פירורי לחם מתובלים מאסטר שף 230 גרם,מאסטר שף,IL,מנה,גרמים,230.00,100 גרם,false,,6.90,0.0300,true,1,54795
7290114605557,false,נייר עטיפה לסנדוויץ קוקי 80 יח',פישל,IL,נייר עטיפה לסנדוויץ,יח',1.00,יח',false,,11.90,11.9000,true,1,54796
7290114606530,false,רוטב בטעם מיונז וקטשופ מאסטר שף 515 גרם,מאסטר שף,NL,מאסטר שף,גרמים,515.00,100 גרם,false,,12.90,0.0250,true,1,54799
7290114606547,false,מיונז פטריות כמהין לחיץ מאסטר שף 242 גרם,מאסטר שף,NL,מאסטר שף,גרמים,242.00,100 גרם,false,,12.90,0.0533,true,1,54800
7290114606554,false,מיונז מופחת קלוריות בקבוק לחיץ,מאסטר שף,NL,מאסטר שף,גרמים,470.00,100 גרם,false,,12.90,0.0274,true,1,54801
7290114606561,false,מאסטר שף אטריות אורז דקות ורמיצ'לי 400 ג,לינג טונג רייס ורמיצ'ילי,TH,מנה מאסטר שף,גרמים,400.00,100 גרם,false,,7.90,0.0198,true,1,54802
7290114606578,false,שקדי מרק מאסטר שף 400 גרם,מאסטר שף,IL,שקדי מרק מאסטר שף 40,גרמים,400.00,100 גרם,false,,9.90,0.0248,true,1,54803
7290114607391,false,"קולגייט משחת לילדים ברבי 2-5 שנים, 75 מ""ל",קולגייט פלמוליב,PL,משחת ילדים ברבי 2-5,מיליליטרים,75.00,"100 מ""ל",false,,15.90,0.2120,true,1,54806
7290114608640,false,קרוטונים לסלט כוסמין מאסטר שף 260 גרם,עינת תעשיות מזון אגו,IL,*מבצע* קרוטונים כוסמ,גרמים,260.00,100 גרם,false,,15.90,0.0612,true,1,54816
7290114750813,false,דאו גילט קליר גל Cool Wave מארז זוג לגברלגבר,פרוקטר אנד גמבל,GB,ג'ילט,יח,2.00,יח,false,,24.90,12.4500,true,1,38282
7290114821469,false,כבד דג שיבוט מעושן במיץ טבעי אופיסר 120 גרם,אופיסר Officer,IS,אופיסר,גרמים,120.00,100 גרם,false,,13.90,0.1158,true,1,56682
7290115062823,false,סליים במבה וכדוריות,,,סליים במבה וכדוריות,יח',1.00,יח',false,,11.90,11.9000,true,1,72778
7290115062830,false,סליים כדוריות וסקווצ,,,סליים כדוריות וסקווצ,יח',1.00,יח',false,,11.90,11.9000,true,1,72779
7290115200713,false,במבה קלאסי מארז אחיד 8 50*5 ג',"אסם השקעות בע""\מ",IL,מארז במבה 5*50 גרם,גרמים,250.00,100 גרם,false,,11.90,0.0476,true,1,34656
7290115201680,false,ביסלי בטעם ברביקיו אסם 70 גרם,"אסם השקעות בע""\מ",IL,ביסלי,גרמים,67.00,100 גרם,false,,3.90,0.0582,true,1,34673
7290115201703,false,ביסלי ברביקיו גדול אסם 200 גרם,מיוצר עי קונדיטוריית,IL,ביסלי,גרמים,200.00,100 גרם,false,,6.90,0.0345,true,1,34674
7290115201727,false,ביסלי חטיף בטעם בצל אסם 200 גרם,מיוצר עי קונדיטוריית,IL,ביסלי,גרמים,200.00,100 גרם,false,,6.90,0.0345,true,1,34675
7290115203134,false,פופקו פופקורן במבה - פופקורן בציפוי קרמל ובוטנים,"אסם השקעות בע""\מ",IL,פופקו,גרמים,80.00,100 גרם,false,,4.50,0.0563,true,1,34697
7290115203172,false,במבה PRO מכיל 18 גרם חלבון בשקית,"אסם השקעות בע""\מ",IL,במבה,גרמים,80.00,100 גרם,false,,3.90,0.0487,true,1,34699
7290115204056,false,"קטשופ מופחת סוכר אסם 690 גרם כשל""פ","אסם תעשיות בע""מ",IL,אסם,גרמים,690.00,100 גרם,false,,8.80,0.0128,true,1,34712
7290115205176,false,פיטנס - קרקר דק כפרי פיטנס 140 גרם,נסטלה Nestle,IL,קרקר דק כפרי פיטנס 1,גרמים,140.00,100 גרם,false,,11.90,0.0850,true,1,34730
7290115205312,false,קרקר פיטנס דק עם זיתי קלמטה ועשבי תיבול,"אסם השקעות בע""\מ",IL,קרקר דק זיתים פיטנס,גרמים,140.00,100 גרם,false,,11.90,0.0850,true,1,34733
7290115207620,false,"רוטב בסגנון סויה קלאסי 290 מ""ל אסם","אסם השקעות בע""\מ",IL,אסם,מיליליטרים,290.00,"100 מ""ל",false,,12.90,0.0445,true,1,34772
7290115207682,false,אסם רוטב בסגנון סויה סיני 9*290מל חדש,"אסם השקעות בע""\מ",IL,אסם,מיליליטרים,330.00,"100 מ""ל",false,,8.90,0.0270,true,1,34774
7290115207941,false,סירופ אננס ויטמינצ'יק 1 ליטר,בית-השיטה עסיס תעשיות מז,IL,ויטמינציק אננס 1 ליט,ליטרים,1.00,ליטר,false,,18.90,18.9000,true,1,34780
7290115208009,false,סירופ ענבים ויטמינצ'יק 1 ליטר,בית-השיטה עסיס תעשיות מז,IL,ויטמינציק ענבים 1 לי,ליטרים,1.00,ליטר,false,,18.90,18.9000,true,1,34783
7290115208047,false,סירופ פטל ויטמינצ'יק 1 ליטר,בית-השיטה עסיס תעשיות מז,IL,ויטמינציק פטל 1 ליטר,ליטרים,1.00,ליטר,false,,18.90,18.9000,true,1,34784
7290115209198,false,במבה אוורירית אסם 80 גרם,"אסם תעשיות בע""מ",IL,במבה,גרמים,80.00,100 גרם,false,,3.90,0.0487,true,1,34791
7290115405774,false,פחזניות ממולאות בטעם וניל קפולסקי 180 גרם,תופינים מקבוצת קפולס,IL,פחזניות ממולאות בטעם,גרמים,180.00,100 גרם,false,,13.90,0.0772,true,1,60017
7290115405781,false,פחזניות ממולאות בטעם שוקולד קפולסקי 180 גרם,תופינים מקבוצת קפולס,IL,פחזניות ממולאות בטעם,גרמים,180.00,100 גרם,false,,13.90,0.0772,true,1,60018
7290115405798,false,פחזניות ממולאות בטעם ריבת חלב קפולסקי 180 גרם,קפולסקי אדל בעמ,IL,פחזניות ממולאות בטעם,גרמים,180.00,100 גרם,false,,13.90,0.0772,true,1,60019
7290115405804,false,פחזניות ממולאות בטעם תות קפולסקי 180 גרם,קפולסקי אדל בעמ,IL,פחזניות ממולאות בטעם,גרמים,180.00,100 גרם,false,,13.90,0.0772,true,1,60020
7290115405828,false,קינוח אישי גבינה אוכמניות קפולסקי 200 גרם,תופינים מקבוצת קפולסקי,IL,קפולסקי,גרמים,200.00,100 גרם,false,,14.90,0.0745,true,1,60022
7290115671155,false,שלישיית סוכריות מאסט FRESH ענבים 45 גרם,הליקון גידה,TR,עלית,גרמים,45.00,100 גרם,false,,7.90,0.1756,true,1,47352
7290115671223,false,מאסט פאן מסטיק אבטיח מנגו 58 גרם,אסקום קונפקשיין,DE,עלית,גרמים,58.00,100 גרם,false,,9.90,0.1707,true,1,47356
7290115671308,false,מסטיק מאסט פאן תות דובדבן צנצנת 58 גרם,אסקום קונפשטיין,DE,עלית,גרמים,58.00,100 גרם,false,,9.90,0.1707,true,1,47358
7290115675559,false,מארז קפה טורקי לדרך 10 יחידות,שטראוס קפה בי.וי.,IL,קפה טורקי לדרך עלית,גרמים,70.00,100 גרם,false,,8.90,0.1271,true,1,47384
7290115675696,false,דגני בוקר קראנצ'ים שיבולת שועל עם אגוזים ושקדים,גלידות שטראוס,PL,קוואקר,גרמים,375.00,100 גרם,false,,15.90,0.0424,true,1,47615
7290115675702,false,דגני בוקר קראנצ'ים שיבולת שועל עם פירות מיובשים,גלידות שטראוס,PL,קוואקר,גרמים,375.00,100 גרם,false,,15.90,0.0424,true,1,47616
7290115675719,false,דגני בוקר קראנצ'ים שיבולת שועל וחתיכות שוקולד מריר,BEVERAGES FOODS & SE,PL,קוואקר,גרמים,375.00,100 גרם,false,,15.90,0.0424,true,1,47617
7290115675733,false,קפסולות אספרסו עם הל למכונות נספרסו 50 ג,שטראוס קפה בי.וי.,IL,עלית,גרמים,50.00,100 גרם,false,,15.90,0.3180,true,1,47385
7290115675986,false,דנונה יוגורט בר עם אגוזים מקורמלים 173 גרם,"שטראוס בריאות בע""\מ",IL,שטראוס,גרמים,173.00,100 גרם,false,,4.30,0.0249,true,1,49769
7290115676037,false,דנונה ריפרש יוגורט עם תות ודומדמניות 1.6% שומן,מיוצר עי קונדיטוריית,IL,דנונה ריפרש תות דומד,גרמים,250.00,100 גרם,false,,5.50,0.0220,true,1,49772
7290115676051,false,"משקה אקטיביה שיבולת שועל במתיקות מעודנת 250 מ""ל",מיוצר עי קונדיטוריית,IL,שטראוס,גרמים,265.00,100 גרם,false,,5.10,0.0192,true,1,49774
7290115676082,false,משקה יוגורט בטעם תות פרו 20 דנונה 255 ג',"שטראוס בריאות בע""\מ.",IL,משקה דנונה פרו 20 תו,גרמים,255.00,100 גרם,false,,6.90,0.0271,true,1,49775
7290115676099,false,משקה יוגורט בטעם וניל פרו 20 דנונה 255 ג',"שטראוס בריאות בע""\מ.",IL,משקה דנונה פרו 20 ונ,גרמים,255.00,100 גרם,false,,6.90,0.0271,true,1,49776
7290115677089,false,קונפיטורת תפוח וקינמון יד מרדכי 340 גרם,"בית אל מזון בע""מ",IL,יד מרדכי,גרמים,340.00,100 גרם,false,,9.80,0.0288,true,1,47398
7290115677140,false,תפוצ'יפס בטעם פפריקה 200 גרם היתר מכירה,שטראוס פריטו ליי בע”,IL,עלית,גרמים,200.00,100 גרם,false,,9.90,0.0495,true,1,69454
7290115677676,false,חומוס עשיר בטחינה גולמית עם מלא חריף 400 גר אחלה,"שטראוס גרופ בע""\מ",IL,אחלה,גרמים,400.00,100 גרם,false,,12.90,0.0323,true,1,49779
7290115677966,false,ממרח אבוקדו טעם הטבע 200 גרם,ג'י. אר. סימפלוט,MX,ממרח אבוקדו,גרמים,200.00,100 גרם,false,,14.90,0.0745,true,1,49790
7290115678222,false,מארז 8 גביעים יוגורט Greek בסגנון יווני 6.5% שומן,"שטראוס בריאות בע""\מ",IL,מארז יוגורט יווני שמ,גרמים,1040.00,100 גרם,false,,25.90,0.0249,true,1,49799
7290115678376,false,מעדן הגולן שוקולד 125 גרם,מיוצר עי קונדיטוריית,IL,מעדן הגולן שוקולד 12,גרמים,125.00,100 גרם,false,,3.20,0.0256,true,1,49807
7290115678383,false,מעדן הגולן שוקולד מריר 125 גרם,מיוצר עי קונדיטוריית,IL,מעדן הגולן שוקולד מר,גרמים,125.00,100 גרם,false,,3.20,0.0256,true,1,49808
7290115678598,false,חסה אייסברג שטראוס טעם הטבע,שטראוס בריאות ירקות טריי,IL,שטראוס,גרמים,300.00,100 גרם,false,,9.90,0.0330,true,1,49817
7290115678970,false,מארז סוכריות FRESH בטעם בזוקה עלית 3*15 ג',"הליקון גידה בע""\מ",TR,שלישיית סוכריות בטעם,גרמים,45.00,100 גרם,false,,8.90,0.1978,true,1,47402
7290116530062,false,רוטב ויניגרט לסלט הלמנס 295 גרם,יוניליוור ישראל מזון בע\,IL,HELLMANNS,גרמים,295.00,100 גרם,false,,9.90,0.0336,true,1,52046
7290116530147,false,"תחליב רחצה שייק פירות יער ירוקים ומאצה פינוק 700 מ""ל",יוניליוור ישראל טיפוח אי,IL,PINUK,מיליליטרים,700.00,"100 מ""ל",false,,9.90,0.0141,true,1,52048
7290116530161,false,"פינוק ת. רחצה שייק אננס, מלון וחלב שיבולת שועל 750מ""ל",יוניליוור ישראל טיפוח אי,IL,PINUK,מיליליטרים,700.00,"100 מ""ל",false,,9.90,0.0141,true,1,52050
7290116530185,false,"קורנפלקס דלישקד קרמל מלוח 400 גרם בד""ץ","יוניליוור שפע ישראל בע""\",IL,TELMA,גרמים,400.00,100 גרם,false,,21.90,0.0547,true,1,52052
7290116530482,false,מארז קורנפלקס של אלופים 5*30 ג' תלמה,פרו מן-יו פתרנות ארי,IL,מארז קורנפלקס של אלו,גרמים,150.00,100 גרם,false,,12.90,0.0860,true,1,52059
7290116530871,false,נשנושים מיקס בייגל בייגל 240 גרם,"דרך השוקולד ,1 צפת 13404",IL,B&B,גרמים,240.00,100 גרם,false,,13.90,0.0579,true,1,52064
7290116531083,false,"דגני ברנפלקס דבש ושקדים ללת""ס 400 גרם","יוניליוור שפע ישראל בע""\",IL,TELMA,גרמים,500.00,100 גרם,false,,21.90,0.0438,true,1,52075
7290116531090,false,בייגל בייגל דג דג במליחות עדינה 250 גרם,"דרך השוקולד ,1 צפת 13404",IL,חטיף אפוי במליחות עד,גרמים,250.00,100 גרם,false,,9.90,0.0396,true,1,52076
7290116531496,false,קינמונים דגנים פריכים מצופים 375 גרם,"נאוג'\אזיס נווזיס ,UAB ג",LT,דגנים פריכים מצופים,גרמים,375.00,100 גרם,false,,19.90,0.0531,true,1,52086
7290116531564,false,מאגדת פריכיות קינואה ובזיליקום דקות פתית 150 גרם,גוד פוד פרודקטס,PL,מאגדת פתית פריכיות ק,גרמים,150.00,100 גרם,false,,11.90,0.0793,true,1,52090
7290116531762,false,דפים ריחניים למייבש כביסה בדין ורוד 40 יחידות,"קלינטסט - 3p ארה""ב",US,BADIN,יח',40.00,יח',false,,16.90,0.4225,true,1,52097
7290116531793,false,הלמנ'ס רוטב לסלט קיסר 295 גרם,יוניליוור ישראל מזון בע\,IL,HELLMANNS,גרמים,295.00,100 גרם,false,,9.90,0.0336,true,1,52099
7290116531854,false,"תחליב רחצה שייק קיווי פסיפלורה ואשכולית אדומה פינוק 700 מ""ל",יוניליוור ישראל טיפוח אי,IL,PINUK,מיליליטרים,700.00,"100 מ""ל",false,,9.90,0.0141,true,1,52104
7290116532240,false,קליק טבלת שוקולד חלב פצפוצים דגנים ועוגיות 85 גרם,יוניליוור ישראל מזון בע\,IL,קליק טבלאות עם פצפוצים,גרמים,85.00,100 גרם,false,,4.90,0.0576,true,1,52117
7290116532264,false,מאגדת גודיז פרי אפרסק יוגורט בציפוי 300 ג' שטראוס,"גלידת שטראוס בע""\מ, רחוב",IL,שטראוס,גרמים,300.00,100 גרם,false,,21.90,0.0730,true,1,37349
7290116532271,false,סנדוויץ לייט גודיז שוקולד וניל 270 ג' שטראוס,"גלידת שטראוס בע""\מ, רחוב",IL,שטראוס,גרמים,270.00,100 גרם,false,,27.90,0.1033,true,1,37350
7290116532479,false,קליק גלידת שמנת בטעמי שוקולד לבן עוגיות 384 ג' שטראוס,"גלידת שטראוס בע""\מ, רחוב",IL,גלידת פיינט קליק שוק,מיליליטרים,520.00,"100 מ""ל",false,,21.90,0.0421,true,1,37352
7290116532899,false,נישנושים איירביס פלאפל 155 גרם,"דרך השוקולד ,1 צפת 13404",IL,B&B,גרמים,155.00,100 גרם,false,,13.90,0.0897,true,1,69371
7290116533094,false,"פינוק שמפו בניחוח ורדים לבנים 960 מ""ל",יוניליוור ישראל טיפוח אי,IL,PINUK,מיליליטרים,700.00,"100 מ""ל",false,,11.90,0.0170,true,1,52129
7290116533100,false,פינוק מרכך בניחוח ורדים לבנים 700 מ'ל,יוניליוור ישראל טיפוח אי,IL,PINUK,מיליליטרים,700.00,"100 מ""ל",false,,11.90,0.0170,true,1,52130
7290116533117,false,"פינוק תחליב רחצה בניחוח ורדים לבנים 400 מ""ל",יוניליוור ישראל טיפוח אי,IL,PINUK,מיליליטרים,700.00,"100 מ""ל",false,,9.90,0.0141,true,1,52131
7290116851181,false,תליון ריחני לרכב אוקיינוס,,,תליון ריחני לרכב אוק,יח',1.00,יח',false,,2.90,2.9000,true,1,57628
7290116851372,false,כף אשפה קטן,,,כף אשפה קטן,יח',1.00,יח',false,,5.90,5.9000,true,1,57634
7290116853666,false,כף הגשה מרובעת מעץ,,,כף הגשה מרובעת מעץ,יח',1.00,יח',false,,9.90,9.9000,true,1,71033
7290116930015,false,GO חטיף חלבון חטיף בוטנים קריספי 20 גרם חלבון,"בלמונט קונפקציות בע""\מ.",US,חטיף חלבון GO קרמל ח,גרמים,60.00,100 גרם,false,,11.90,0.1983,true,1,50002
7290116930435,false,יוגורט יופלה GO במרקם סמיך עם דובדבן 0%,תנובה מרכז שיתופי לש,IL,יוגורט גו סמיך 0% דו,גרמים,200.00,100 גרם,false,,4.90,0.0245,true,1,53525
7290116930459,false,"יופלה שייק מנגו בננה אננס וקוקוס 230 מ""ל",קבוצת המזון אקטשלאר,IL,יופלה שייק מנגו בננה,מיליליטרים,230.00,"100 מ""ל",false,,7.90,0.0343,true,1,53527
7290116930466,false,"משקה SHAKE בננה מנגן פסיפלורה והל 230 מ""ל יופלה",קבוצת המזון אקטשלאר,IL,יופלה שייק מנגו בננה,מיליליטרים,230.00,"100 מ""ל",false,,7.90,0.0343,true,1,53528
7290116930480,false,"משקה SHAKE בננה קיווי תפוח 230 מ""ל יופלה",קבוצת המזון אקטשלאר,IL,יופלה שייק בננה קיוו,מיליליטרים,230.00,"100 מ""ל",false,,7.90,0.0343,true,1,53529
7290116930657,false,"משקה חלב גו בטעם בננה תמר בתוספת שיבולת שועל במרקם חלק 340 מ""ל",תנובה מרכז שיתופי לש,IL,גו,מיליליטרים,340.00,"100 מ""ל",false,,7.50,0.0221,true,1,69465
7290116930701,false,מעדן חלב GO מועשר בחלבון בטעם קרמל מלוח,תנובה מרכז שיתופי לש,IL,מעדן חלב גו בטעם קרמ,גרמים,120.00,100 גרם,false,,4.50,0.0375,true,1,53542
7290116930718,false,מעדן תנובה דיאט בטעם שוקולד וקרמל מלוח 0% 150ג' תנובה,"תנובה בע""\מ",IL,תנובה,גרמים,150.00,100 גרם,false,,3.80,0.0253,true,1,53543
7290116930954,false,יוגורט טעם פאי תפוחים 3% 150 ג' יופלה,"תנובה בע""\מ",IL,יופלה,גרמים,150.00,100 גרם,false,,4.80,0.0320,true,1,69461
7290116931012,false,יוגורט דיאט 0% שומן תפוח וקינמון 150 ג' יופלה,תנובה מרכז שיתופי לש,IL,יופלה,גרמים,150.00,100 גרם,false,,4.80,0.0320,true,1,69462
7290116931081,false,גביע מעדן סויה בטעם טופי קרמל 125 גרם,תנובה מרכז שיתופי לש,IL,תנובה,מיליליטרים,125.00,"100 מ""ל",false,,3.70,0.0296,true,1,53551
7290116931104,false,יופלה GO במרקם סמיך עם אננס 0% תנובה 200 גרם,תנובה חלב,IL,יוגורט גו סמיך 0% אנ,גרמים,200.00,100 גרם,false,,4.90,0.0245,true,1,53552
7290116931159,false,יוגורט דיאט 0% שומן תות בננה 150 ג' יופלה,תנובה מרכז שיתופי לש,IL,יופלה,גרמים,150.00,100 גרם,false,,4.80,0.0320,true,1,69463
7290116931289,false,יופלה גו במרקם סמיך אלפחורס 200מל,תנובה מרכז שיתופי לש,IL,יוגורט גו סמיך אלפחו,גרמים,200.00,100 גרם,false,,4.90,0.0245,true,1,70517
7290116931562,false,יוגורט תנובה גולד ביו לבן 170 גרם,תנובה חלב,IL,יוגורט גולד ביו לבן,גרמים,170.00,100 גרם,false,,5.40,0.0318,true,1,71969
7290116931579,false,יוגורט תנובה גולד ביו תות 170 גרם,תנובה חלב,IL,יוגורט גולד ביו תות,גרמים,170.00,100 גרם,false,,5.40,0.0318,true,1,71970
7290116931586,false,יוגורט תנובה גולד ביו פירות יער 170 גרם,תנובה חלב,IL,יוגורט גולד ביו פירו,גרמים,170.00,100 גרם,false,,5.40,0.0318,true,1,71971
7290117030752,false,מארז תבניות אלומיניו,,,מארז תבניות אלומיניו,יח',7.00,יח',false,,6.90,0.9857,true,1,59876
7290117030769,false,מארז תבניות אלומיניו,,,מארז תבניות אלומיניו,יח',7.00,יח',false,,6.90,0.9857,true,1,59877
7290117030776,false,מארז תבניות אלומיניו,,,מארז תבניות אלומיניו,יח',7.00,יח',false,,6.90,0.9857,true,1,59878
7290117030783,false,מארז תבניות אלומיניו,,,מארז תבניות אלומיניו,יח',4.00,יח',false,,6.90,1.7250,true,1,59879
7290117030790,false,מארז תבניות אלומיניו,,,מארז תבניות אלומיניו,יח',10.00,יח',false,,6.90,0.6900,true,1,59880
7290117030806,false,מארז תבניות אלומיניו,,,מארז תבניות אלומיניו,יח',10.00,יח',false,,6.90,0.6900,true,1,59881
7290117030813,false,מארז תבניות אלומיניו,,,מארז תבניות אלומיניו,יח',4.00,יח',false,,6.90,1.7250,true,1,59882
7290117030820,false,מארז תבניות אלומיניו,,,מארז תבניות אלומיניו,יח',4.00,יח',false,,6.90,1.7250,true,1,59883
7290117031506,false,כוסות נייר 40 יח' 8B,,CN,כוסות נייר 40 יח' 8B,יח',40.00,יח',false,,7.90,0.1975,true,1,59884
7290117031513,false,כוסות נייר גודל 10 4,,,כוסות נייר גודל 10 4,יח',40.00,יח',false,,10.90,0.2725,true,1,59885
7290117031537,false,כוסות נייר גודל 16 4,,,כוסות נייר גודל 16 4,יח',40.00,יח',false,,17.90,0.4475,true,1,59887
7290117031544,false,כוסות נייר גודל 4 40,,,כוסות נייר גודל 4 40,יח',40.00,יח',false,,6.90,0.1725,true,1,59888
7290117031865,false,צלחת ענקית חושן שקוף,,,צלחת ענקית חושן שקוף,יח',8.00,יח',false,,18.90,2.3625,true,1,59905
7290117032008,false,מזלגות איכותי 40 יח,,,מזלגות איכותי 40 יח,יח',40.00,יח',false,,5.90,0.1475,true,1,59907
7290117032015,false,מזלגות איכותי 40 יח,,,מזלגות איכותי 40 יח,יח',40.00,יח',false,,5.90,0.1475,true,1,59908
7290117032039,false,סכינים איכותי 40 יח,,,סכינים איכותי 40 יח,יח',40.00,יח',false,,5.90,0.1475,true,1,59910
7290117032046,false,סכינים איכותי 40 יח,,,סכינים איכותי 40 יח,יח',40.00,יח',false,,5.90,0.1475,true,1,59911
7290117032060,false,כפות איכותי 40 יח קר,,,כפות איכותי 40 יח קר,יח',40.00,יח',false,,5.90,0.1475,true,1,59913
7290117032077,false,כפות איכותי 40 יח שק,,,כפות איכותי 40 יח שק,יח',40.00,יח',false,,5.90,0.1475,true,1,59914
7290117032091,false,כפיות איכותי 40 יח ק,,,כפיות איכותי 40 יח ק,יח',40.00,יח',false,,5.90,0.1475,true,1,59916
7290117032107,false,כפיות איכותי 40 יח ש,,,כפיות איכותי 40 יח ש,יח',40.00,יח',false,,5.90,0.1475,true,1,59917
7290117032589,false,צלחת גדולה 60 יח' לב,,,צלחת גדולה 60 יח' לב,יח',60.00,יח',false,,22.90,0.3817,true,1,59919
7290117032596,false,צלחת גדולה 60 יח' קר,,,צלחת גדולה 60 יח' קר,יח',60.00,יח',false,,22.90,0.3817,true,1,59920
7290117032619,false,צלחת ענקית 35 יח' קר,,,צלחת ענקית 35 יח' קר,יח',35.00,יח',false,,22.90,0.6543,true,1,72644
7290117035009,false,גרעיני תירס לפופקורן,איי אס טי פופקורן,BG,גרעיני תירס לפופקורן,גרמים,500.00,100 גרם,false,,9.90,0.0198,true,1,65181
7290117035016,false,גרעיני תירס לפופקורן,איי אס טי פופקורן,BG,גרעיני תירס לפופקורן,גרמים,500.00,100 גרם,false,,9.90,0.0198,true,1,65182
7290117260005,false,קונפיטורה תות שדה ויליפוד 380 גרם,גסאס גנל גידה,TR,קונפיטורה תות שדה 38,גרמים,380.00,100 גרם,false,,7.90,0.0208,true,1,41426
7290117260029,false,קונפיטורה דובדבנים ויליפוד 380 גרם,גסאס גנל גידה,TR,קונפיטורה דובדבנים 3,גרמים,380.00,100 גרם,false,,7.90,0.0208,true,1,41428
7290117260036,false,קונפיטורה משמש ויליפוד 380 גרם,גסאס גנל גידה,TR,קונפיטורה משמש 380 ג,גרמים,380.00,100 גרם,false,,7.90,0.0208,true,1,41429
7290117260395,false,מאפה פילו יווני מסורתי ממולא תרד וגבינת פטה,וילי פוד,GR,מאפה פילו ממולא תרד,גרמים,400.00,100 גרם,false,,19.90,0.0497,true,1,72711
7290117261088,false,בוראטה גבינת מוצרלה רכה 125ג' 18%שומן,קסריה להפואנטה,ES,בוראטה גבינת מוצרלה,גרמים,125.00,100 גרם,false,,19.90,0.1592,true,1,41467
7290117261415,false,יוגורט פרוביוטי 2.7% שומן 125 גרם,Euro יורו מחלבות אירופה,TR,יוגורט פרוביוטי 2.7%,גרמים,125.00,100 גרם,false,,2.90,0.0232,true,1,69138
7290117261422,false,euro cheese יוגורט פרוביוטי תות שדה 2% שומן 125 גרם,Euro יורו מחלבות אירופה,TR,יוגורט פרוביוטי עם ת,גרמים,125.00,100 גרם,false,,2.90,0.0232,true,1,69139
7290117261439,false,euro cheese יוגורט פרוביוטי פירות יער 2% שומן 125 גרם,Euro יורו מחלבות אירופה,TR,יוגורט פרוביוטי עם פ,גרמים,125.00,100 גרם,false,,2.90,0.0232,true,1,69140
7290117261446,false,יוגורט פרוביוטי עם אפרסק ומשמש 2% שומן 125 גרם,Euro יורו מחלבות אירופה,TR,יוגורט פרוביוטי עם א,גרמים,125.00,100 גרם,false,,2.90,0.0232,true,1,69141
7290117261774,false,כדורי גבינת בייבי מוצרלה 14% שומן 150 גרםeuro cheese,קסריה להפואנטה,ES,כדורי גבינה בייבי מו,גרמים,150.00,100 גרם,false,,14.90,0.0993,true,1,41497
7290117261927,false,גבינת פקורינו מחלב כבשים צ'אנק 150 EURO CHEESE,ג.וילי פוד אינטרנשיונל ב,ES,גבינת פקורינו מחלב כ,גרמים,150.00,100 גרם,false,,19.90,0.1327,true,1,41499
7290117262290,false,פרלינים אגוזים מצופים פצפוצי שוקולד 50 גרם,מודרן צוקולטה,TR,פרלינים אגוזים במילו,גרמים,50.00,100 גרם,false,,4.90,0.0980,true,1,70373
7290117262306,false,"קורנפלקס מצופה שוקולד חלב ד, 50 גרם",מודרן צוקולטה,TR,קורנפלקס מצופים שוקו,גרמים,50.00,100 גרם,false,,4.90,0.0980,true,1,70374
7290117262313,false,פצפוצי דגנים פריכים מצופים שוקולד חלב 50 גרם,מודרן צוקולטה,TR,פצפוצי דגנים פריכים,גרמים,50.00,100 גרם,false,,4.90,0.0980,true,1,70375
7290117262320,false,ביסקוויט מצופה שוקולד חלב 50 גר JAZZY,מודרן צוקולטה,TR,ביסקוויט מצופה שוקול,גרמים,40.00,100 גרם,false,,4.90,0.1225,true,1,70376
7290117262931,false,קינוח בטעם מנגו 85 גרם,איטלג'לטו,IT,קינוח בטעם מנגו 85 ג,גרמים,85.00,100 גרם,false,,9.90,0.1165,true,1,72012
7290117262948,false,קינוח בטעם טירימיסו 85 גרם,איטלג'לטו,IT,קינוח בטעם טירמיסו 8,גרמים,85.00,100 גרם,false,,9.90,0.1165,true,1,72046
7290117262955,false,"קינוח בטעם שוקולד בלגי, 85 גרם",איטלג'לטו,IT,קינוח בטעם שוקולד בל,גרמים,85.00,100 גרם,false,,9.90,0.1165,true,1,72013
7290117262962,false,קינוח בטעם שוקולד קרמל 85 גרם,איטלג'לטו,IT,קינוח בטעם שוקולד קר,גרמים,85.00,100 גרם,false,,9.90,0.1165,true,1,72095
7290117262979,false,קינוח בטעם שוקולד ופירות יער 85 גרם,איטלג'לטו,IT,קינוח בטעם שוקולד ופ,גרמים,85.00,100 גרם,false,,9.90,0.1165,true,1,72047
7290117380192,false,חטיף פוף קראנץ בטעם גריל 60 גרם,מנה,IL,פוף משולש אפוי בטעם,גרמים,60.00,100 גרם,false,,3.90,0.0650,true,1,54820
7290117380864,false,סלים דליס פייבר עוגות בראוניס אישיות בטעם שוקולד 120 גרם,הלמה הלום,NL,מרבה,גרמים,120.00,100 גרם,false,,10.90,0.0908,true,1,54824
7290117380871,false,סלים דליס פייבר עוגות אישיות בטעם אוכמניות 120 גרם,הלמה הלום,NL,מרבה,גרמים,120.00,100 גרם,false,,10.90,0.0908,true,1,54825
7290117825662,false,כפפות ניטריל שחורות,,,כפפות ניטריל שחורות,יח',100.00,יח',false,,24.90,0.2490,true,1,50491
7290117825679,false,כפפות ניטריל שחורות,,,כפפות ניטריל שחורות,יח',100.00,יח',false,,24.90,0.2490,true,1,50492
7290117825754,false,כפפות ניטריל שחורות,,,כפפות ניטריל שחורות,יח',100.00,יח',false,,24.90,0.2490,true,1,50494
7290117860038,false,"הוואי - תחליב רחצה יוגורט בניחוח אוכמניות 700 מ""ל","טרופיקל דגיל בע""\מ",IL,תחליב רחצה יוגורט בנ,מיליליטרים,700.00,"100 מ""ל",false,,13.90,0.0199,true,1,70186
7290117860045,false,שמפו תמציות אלוורה ותה ירוק לשיער רגיל,"טרופיקל דגיל בע""\מ",IL,שמפו מטפח לשיער רגיל,מיליליטרים,700.00,"100 מ""ל",false,,13.90,0.0199,true,1,70187
7290117860083,false,"הוואי קרם רחצה יוגורט בניחוח אירוס זהוב ודבש 700 מ""ל","טרופיקל דגיל בע""\מ",IL,קרם רחצה בניחוח אירו,מיליליטרים,700.00,"100 מ""ל",false,,13.90,0.0199,true,1,70188
7290117860090,false,מרכך תמציות אלוורה ותה ירוק לשיער רגיל,"טרופיקל דגיל בע""\מ",IL,מרכך מטפח לשיער רגיל,מיליליטרים,700.00,"100 מ""ל",false,,13.90,0.0199,true,1,70189
7290117860137,false,"הוואי קרם רחצה יוגורט בניחוח פרח הקמליה 700 מ""ל","טרופיקל גליל בע""מ",IL,קרם רחצה בניחוח פרח,מיליליטרים,700.00,"100 מ""ל",false,,13.90,0.0199,true,1,70190
7290117860144,false,הוואי שמפו פירות אקזוטיים וקלנדולה 700,"טרופיקל דגיל בע""\מ",IL,שמפו למניעת קשקשים,מיליליטרים,700.00,"100 מ""ל",false,,13.90,0.0199,true,1,70191
7290117860397,false,שמפו תמצית פריחת הדובדבן לשיער רגיל,"טרופיקל דגיל בע""\מ",IL,שמפו פריחת הדובדבן,מיליליטרים,700.00,"100 מ""ל",false,,13.90,0.0199,true,1,70201
7290117860441,false,"מרכך פריחת הדובדבן 700 מ""ל הוואי","טרופיקל דגיל בע""\מ",IL,מרכך פריחת הדובדבן,מיליליטרים,700.00,"100 מ""ל",false,,13.90,0.0199,true,1,70202
7290117860496,false,"הוואי שמפו + מרכך 2 ב-1 לגבר 700 מ""ל-חדש","טרופיקל גליל בע""מ",IL,שמפו + מרכך לגבר 2 ב,מיליליטרים,700.00,"100 מ""ל",false,,13.90,0.0199,true,1,70203
7290117860540,false,הוואי שמפו לילדים רוזמרין מנגו ומשמש 700,"טרופיקל דגיל בע""\מ",IL,שמפו עדין לילדים,מיליליטרים,700.00,"100 מ""ל",false,,13.90,0.0199,true,1,70204
7290117860748,false,הוואי שמפו תמצית יסמין מעניק נפח 700 מל,"טרופיקל דגיל בע""\מ",IL,שמפו מעניק נפח,מיליליטרים,700.00,"100 מ""ל",false,,13.90,0.0199,true,1,70208
7290117860892,false,"הוואי - תחליב רחצה יוגורט בניחוח וניל ודבש 700 מ""ל","טרופיקל דגיל בע""\מ",IL,תחליב רחצה יוגורט בנ,מיליליטרים,700.00,"100 מ""ל",false,,13.90,0.0199,true,1,70211
7290117860991,false,"תחליב רחצה יוגורט בניחוח שקדים 700 מ""ל הוואי","טרופיקל דגיל בע""\מ",IL,תחליב רחצה יוגורט בנ,מיליליטרים,700.00,"100 מ""ל",false,,13.90,0.0199,true,1,70213
7290117901199,false,טורטיה על גחלים שקדיה 520 גרם,מוטלוקל,TR,טורטיה על גחלים 520,גרמים,520.00,100 גרם,false,,9.90,0.0190,true,1,65496
7290117901205,false,טורטיה דגנים בתוספת שומשום ופשתן שקדיה 420 גרם,מוטלוקל,TR,טורטיה דגנים 420 ג,גרמים,420.00,100 גרם,false,,9.90,0.0236,true,1,65497
7290118420415,false,אסם קטשופ קלאסי היתר מכירה 750 גרם,"אסם תעשיות מזון בע""מ",IL,אסם,גרמים,750.00,100 גרם,false,,8.80,0.0117,true,1,70177
7290589856775,false,נייס שבלולים לשיער,,IL,מוצרי נייס,יח',1.00,יח',false,,5.90,5.9000,true,1,55466
7291044098624,false,קומקום נירוסטה אדום,,,קומקום נירוסטה אדום,יח',1.00,יח',false,,59.90,59.9000,true,1,70127
7291044098631,false,קומקום נירוסטה כסוף 1.7 יונדאי,,,קומקום נירוסטה כסוף,יח',1.00,יח',false,,59.90,59.9000,true,1,70128
7296021015182,false,כפיות פריז שישיה,,,כפיות פריז שישיה,יח',6.00,יח',false,,22.90,3.8167,true,1,30972
7296021015229,false,סט 6 כפות דגם פריז,נעמן,,כפות פריז שישיה,יח',6.00,יח',false,,29.90,4.9833,true,1,30975
7296021015236,false,סט 6 מזלגות דגם פריז,נעמן,,מזלגות פריז שישיה,יח',6.00,יח',false,,29.90,4.9833,true,1,30976
7296021023347,false,מיכל 1.1 ליטר 71504 Biokips מלבן פלסטיק,נעמן,,מיכל מלבן 1.1 ליטר,יח',1.00,יח',false,,24.90,24.9000,true,1,30997
7296021040023,false,ספטולה פרפקטו,נעמן,,ספטולה פרפקטו,יח',1.00,יח',false,,19.90,19.9000,true,1,31016
7296021040047,false,מקצפת ביצים פרפקטו,,,מקצפת ביצים פרפקטו,יח',1.00,יח',false,,22.90,22.9000,true,1,31018
7296021040580,false,"קערת נירוסטה 26 ס""מ",,,"קערת נירוסטה 26 ס""מ",יח',1.00,יח',false,,27.90,27.9000,true,1,31025
7296021046889,false,מאג ידית אליפסה זכוכ,,,מאג זכוכית,יח',1.00,יח',false,,4.90,4.9000,true,1,31036
7296021047053,false,מצת לגז,נעמן,,מצית גז,יח',1.00,יח',false,,11.90,11.9000,true,1,31037
7296021108952,false,"כד מידה 300 מ""ל נעמן",,,כד מידה פטיסרי,יח',1.00,יח',false,,17.90,17.9000,true,1,31069
7296021122750,false,מזלג סט 6 - תמר סכום,,,מזלג סט 6 - תמר סכום,יח',1.00,יח',false,,14.90,14.9000,true,1,31119
7296021122767,false,כפית סט 6 - תמר סכום,,,כפית סט 6 - תמר סכום,יח',1.00,יח',false,,10.90,10.9000,true,1,31120
7296021122774,false,סכין סט 3 - תמר סכום,,,סכין סט 3 - תמר סכום,יח',1.00,יח',false,,14.90,14.9000,true,1,31121
7296021125713,false,מיכל אחסון 0.50ל' נע,,,מיכל אחסון 0.5 ליטר,יח,1.00,יח,false,,11.90,11.9000,true,1,31139
7296021131394,false,סכין מולטי משוננת מ,,,סכין רב שימושית,יח',1.00,יח',false,,10.90,10.9000,true,1,31172
7296021136580,false,כף עץ עם ידית סיליקו,,,כף עץ עם ידית סיליקו,יח,1.00,יח,false,,16.90,16.9000,true,1,31212
7296021137280,false,בוצ'ר בלוק 35*25*1.5,,,בוצ'ר בלוק 35*25*1.5,יח',1.00,יח',false,,39.90,39.9000,true,1,31226
7296021137860,false,קולפן רחב חותך לרצועות כרוב,נעמן,,חותך רצועות כרוב,יח',1.00,יח',false,,17.90,17.9000,true,1,31230
7296021141850,false,פורס ביצים יחיד,,,פורס ביצים יחיד,יח',1.00,יח',false,,13.90,13.9000,true,1,31251
7296021152221,false,סוחט לימון ידני פלסט,,,סוחט לימון ידני פלס,יח',1.00,יח',false,,11.90,11.9000,true,1,31290
7296021160875,false,מספריים למטבח עם מגנ,,,מספריים למטבח עם מגנ,יח',1.00,יח',false,,23.90,23.9000,true,1,31306
7296021161193,false,צנצנת זכוכית מרובעת,,,צנצנת זכוכית מרובעת,יח',1.00,יח',false,,14.90,14.9000,true,1,31312
7296021161605,false,קופסאת אחסון זכוכית,,,קופסאת אחסון זכוכית,יח,1.00,יח,false,,16.90,16.9000,true,1,31320
7296021166266,false,קערת בול פלסטיק 330,,,קערת בול פלסטיק 330,יח',1.00,יח',false,,5.90,5.9000,true,1,31328
7296021170799,false,- מסחטת לימון 7*22 צהוב ALUMINIUM,,,סוחט הדרים בינוני,יח',1.00,יח',false,,26.90,26.9000,true,1,31363
7296021170812,false,מגן להבה עם ידית מתק,,,מגן להבה עם ידית מתק,יח',1.00,יח',false,,17.90,17.9000,true,1,31365
7296021170881,false,מסננת תה רשת כפולה נ,,,מסננת תה רשת כפולה נ,יח,1.00,יח,false,,9.90,9.9000,true,1,31367
7296021170997,false,מכסה טיגון מונע התזת,נעמן,,מגן שמן בליסימו,יח',1.00,יח',false,,11.90,11.9000,true,1,31370
7296021171031,false,קולפנים סט (3) בדיספ,,,סט 3 קולפנים,יח',1.00,יח',false,,14.90,14.9000,true,1,31371
7296021172380,false,"סכין ידית מעץ 20 ס""מ",,,"סכין 20 ס""מ ידית עץ",יח',1.00,יח',false,,19.90,19.9000,true,1,31376
7296021191367,false,תבנית לקוביות קרח עם,,,תבנית לקוביות קרח עם,יח',1.00,יח',false,,10.90,10.9000,true,1,31429
7296021228551,false,קופסאת אחסון ביצים ל,,,קופסאת אחסון ביצים ל,יח,1.00,יח,false,,29.90,29.9000,true,1,31448
7296021232251,false,צנצנת נעמן.,נעמן,,"צנצנת 750 מ""ל",יח',1.00,יח',false,,16.90,16.9000,true,1,31477
7296021249488,false,"מיכל אחסון 700 מ""ל א",,,"מיכל אחסון 700 מ""ל א",יח,1.00,יח,false,,18.90,18.9000,true,1,31485
7296021249495,false,"מיכל אחסון פלסטיק 900 מ""ל גונדול",נעמן,,"מיכל אחסון 900 מ""ל א",יח,1.00,יח,false,,21.90,21.9000,true,1,31486
7296021249501,false,מיכל אחסון 1.2 ליטר,,,מיכל אחסון 1.2 ליטר,יח,1.00,יח,false,,24.90,24.9000,true,1,31487
7296021256745,false,הופכן סיליקון אפור 2,,,הופכן סיליקון אפור,יח',1.00,יח',false,,17.90,17.9000,true,1,31505
7296021256868,false,"מחבת לטיגון 30 ס""מ א",,,"מחבת לטיגון 30 ס""מ א",יח,1.00,יח,false,,59.90,59.9000,true,1,31514
7296021259821,false,"כוס מאג נעמן 355 מ""ל",,,"כוס מאג נעמן 355 מ""ל",יח,1.00,יח,false,,8.90,8.9000,true,1,31519
7296021265969,false,"מחבת 26 ס""מ",,,"מחבת 26 ס""מ",יח',1.00,יח',false,,54.90,54.9000,true,1,31544
7296021265976,false,"מחבת 28 ס""מ",,,"מחבת 28 ס""מ",יח',1.00,יח',false,,59.90,59.9000,true,1,31545
7296021266690,false,מסננת ידית עץ פרפקטו,,,מסננת ידית עץ פרפקטו,יח',1.00,יח',false,,16.90,16.9000,true,1,31552
7296021266720,false,מסננת ידית עץ פרפקטו,,,מסננת ידית עץ פרפקטו,יח',1.00,יח',false,,29.90,29.9000,true,1,31554
7296021266959,false,"מועך תפו""א ידית אפו",,,"מועך תפו""א ידית אפו",יח',1.00,יח',false,,14.90,14.9000,true,1,31561
7296021271564,false,"מאג 385 מ""ל 4 עיצובי",,,"מאג 385 מ""ל 4 עיצובי",יח',1.00,יח',false,,10.90,10.9000,true,1,31573
7296021273636,false,סכין סט 6 ירקות כחול,,,סכין סט 6 ירקות כחול,יח',1.00,יח',false,,13.90,13.9000,true,1,31577
7296021273650,false,סט שישיית סכינים לחי,,,סכין סט 6 ירקות שחור,יח',1.00,יח',false,,13.90,13.9000,true,1,31579
7296021409554,false,מועך שום אלומיניום,,,מועך שום,יח',1.00,יח',false,,16.90,16.9000,true,1,31624
7296021633621,false,קרש חיתוך במבוק 24*3,,,קרש חיתוך במבוק 24*3,יח',1.00,יח',false,,39.90,39.9000,true,1,31656
7296021669514,false,מגרדת מרובעת,נעמן,,מגרדת 4 צדדים,יח',1.00,יח',false,,29.90,29.9000,true,1,31703
7296058000069,false,פריכיות פרח מארז חיסכון 310 גרם,פרח תעשיות,IL,מארז פריכיות 310 גרם,גרמים,310.00,100 גרם,false,,13.50,0.0435,true,1,60700
7296058110010,false,פריכיות אורז 110 גר' קשת,פרח תעשיות,IL,פריכיות אורז מלא 110,גרמים,110.00,100 גרם,false,,4.90,0.0445,true,1,60704
7296082000035,false,"ביצים ""פלוס"" 6 יחידות",המכון למיון ושיווק ב,IL,ביצה פלוס אומגה L 6,יח',6.00,יח',false,,13.90,2.3167,true,1,61138
7296082000080,false,ביצי חופש 12 יחידות,המכון למיון ושיווק ביצים,IL,ביצי חופש 12 יח,יח',12.00,יח',false,,19.90,1.6583,true,1,61139
7296082000103,false,ביצים סופר טריות מדי,,,ביצים סופר טרי M 30,יח',30.00,יח',false,,27.80,0.9267,true,1,61140
7296082000110,false,ביצים סופר טריות 30י,,,בצים סופר טרי L 30,יח',30.00,יח',false,,30.10,1.0033,true,1,61141
7296082000134,false,ביצים רגילות לארג' 1,המכון למיון ושיווק ב,IL,ביצים גדול L 12,יח',12.00,יח',false,,12.05,1.0042,true,1,61143
7296082000141,false,ביצים רגילות מדיום 1,המכון למיון ושיווק ב,IL,ביצים בינוני M12,יח',12.00,יח',false,,11.15,0.9292,true,1,61144
7296082000165,false,ביצים אורגניות תריסר,המכון למיון ושיווק ב,IL,ביצים אורגניות 12 יח,יח',12.00,יח',false,,22.90,1.9083,true,1,61145
7296107000002,false,מלפפון 9-7 במלח 600 ג' פרי חן,פרי חן,IL,פרי חן,גרמים,670.00,100 גרם,false,,5.50,0.0082,true,1,64626
7296107000033,false,מלפפונים בחומץ 7-9 670גר,פרי חן,IL,פרי חן,גרמים,670.00,100 גרם,false,,5.50,0.0082,true,1,64628
7296107000439,false,זיתים חרוזית ירוק 56,פרי חן,IL,פרי חן,גרמים,560.00,100 גרם,false,,7.90,0.0141,true,1,64630
7296155150698,false,דלי פיה סופר,YIWU-KAI-WUN,CN,דלי,יח',1.00,יח',false,,9.90,9.9000,true,1,57657
7297395000019,false,בדי בדיקה 20 יח',בת מלך,,בדי בדיקה 20 יח',יח',20.00,יח',false,,7.90,0.3950,true,1,57666
7297461005191,false,שמיכת פלאנל זוגית 20,,,שמיכת פלאנל זוגית 20,יח,1.00,יח,false,,29.90,29.9000,true,1,61172
7297488098152,false,דגש קמח חומוס ללא גל,אף.סי תבליני בגליל ב,IL,דגש,גרמים,500.00,100 גרם,false,,18.90,0.0378,true,1,68940
7297488098183,false,קמח אורז ללא גלוטן 500 ג,"תבליני העליון בע""מ",IL,דגש,גרמים,500.00,100 גרם,false,,12.90,0.0258,true,1,68943
7297488098190,false,0 קמח אורז מלא ללא גלוטן,אף.סי תבליני בגליל ב,FR,דגש,גרמים,500.00,100 גרם,false,,15.90,0.0318,true,1,68944
7297488098688,false,דגש פצפוצי אורז מלא ללא תוספת סוכר ומלח 450 גרם,משובח תעשיות מזון,IL,דגש,גרמים,450.00,100 גרם,false,,20.90,0.0464,true,1,68950
7312040017683,false,"אבסולוט וודקה, 700 מ''ל",חברת אבסולוט,SE,"וודקה אבסולוט 700 מ""ל",מיליליטרים,700.00,"100 מ""ל",false,,59.90,0.0856,true,1,42708
7380580005255,false,נייס שבלולים לשיער,,IL,מוצרי נייס,יח',1.00,יח',false,,7.90,7.9000,true,1,55472
7394376616778,false,אוטלי משקה שיבולת שועל להקצפה בריסטה 1 ליטר,טרנסומס פוד,SE,אוטלי,ליטרים,1.00,ליטר,false,,15.90,15.9000,true,1,54833
7480588956563,false,נייס שבלולים לשיער,,IL,מוצרי נייס,יח',1.00,יח',false,,9.90,9.9000,true,1,55473
7501013122039,true,נקטר ג'ומקס קרטונית,תומקס קומרסאליזדורה,MX,ג'ומקס,ליטרים,1.00,ליטר,false,,9.50,9.5000,true,1,42720
7501013122053,true,נקטר ג'ומקס קרטונית,תומקס קומרסאליזדורה,MX,ג'ומקס,ליטרים,1.00,ליטר,false,,9.50,9.5000,true,1,42721
7501013122114,true,נקטר ג'ומקס קרטונית,תומקס קומרסאליזדורה,MX,ג'ומקס,ליטרים,1.00,ליטר,false,,9.50,9.5000,true,1,42722
7501013122992,true,נקטר ג'ומקס קרטונית,תומקס קומרסאליזדורה,MX,ג'ומקס,ליטרים,1.00,ליטר,false,,9.50,9.5000,true,1,42724
7501013138047,false,משקה רימונים יוניקו פרסקו ג'ומקס בקרטונית 1 ליטר,חומקס קומר קומרסאליזדורה,MX,משקה רימונים יוניקו,מיליליטרים,1000.00,"100 מ""ל",false,,11.50,0.0115,true,1,42729
7501013138184,false,משקה חמוציות יוניקו פרסקו ג'ומקס קרטונית 1 ליטר,חומקס קומר קומרסאליזדורה,MX,משקה חמוציות יוניקו,מיליליטרים,1000.00,"100 מ""ל",false,,11.50,0.0115,true,1,42730
7501064191398,false,"שישיית בירה קורונה 355 מ""ל בקבוק",קריניציה ויטמינה אס,MX,corona extra,ליטרים,2.13,ליטר,false,,34.90,16.3850,true,1,53917
7509546061672,false,דאודורנט סטיק אקסטרים אינטנס,קולגייט פלמוליב,US,ספיד סטיק,גרמים,50.00,100 גרם,false,,16.90,0.3380,true,1,54836
7509546666846,false,"קולגייט טוטאל משחת שיניים פחם 75 מ""ל",קולגייט פלמוליב,MX,קולגייט טוטאל משחת ש,מיליליטרים,75.00,"100 מ""ל",false,,19.90,0.2653,true,1,54839
7509546678702,false,קולגייט משחת שיניים טוטל אנטי טרטר 100 מ,קולגייט-פלמוליב,PL,קולגייט,מיליליטרים,100.00,"100 מ""ל",false,,16.90,0.1690,true,1,54840
7610113000175,false,"רום בקרדי מוחיטו 700 מ""ל",בקרדי מרטיני,DE,בקרדי,מיליליטרים,700.00,"100 מ""ל",false,,74.90,0.1070,true,1,45062
7610113011652,false,בריזר - משקה כוהלי מוגז בטעם תפוח,בקרדי בריזר Bacardi Breezer,BE,בקרדי,מיליליטרים,275.00,"100 מ""ל",false,,13.90,0.0505,true,1,42732
7610211130804,false,"הרמזית טבליות, 800 גרם",,CH,הרמזית,יח',800.00,יח',false,,24.90,0.0311,true,1,56684
7610243004463,false,"דורגול - מרסס להסרת אבנית במקלחון 600 מ""ל",יעקבי- דורגול Durgol,CH,דורגול מרסס להסרת אב,מיליליטרים,600.00,"100 מ""ל",false,,19.90,0.0332,true,1,43569
7610400014649,false,לינדור קוביות במילוי קרם שוקולד חלב 100 גרם,לינדט ושפרונגלי קילשברג,CH,שוקולד לינדור 100 גרם,גרמים,100.00,100 גרם,false,,14.90,0.1490,true,1,32921
7610400068505,false,לינדט לינדור בונבוניירה שוקולד חלב 200 גרם,לינדט ושפרונגלי קילשברג,CH,בונבוניירה לינדור 200 גרם,גרמים,200.00,100 גרם,false,,22.90,0.1145,true,1,32924
7610400068529,false,לינדט לינדור בונבוניירה כדורי שוקולד מטעמים 200 גרם,לינדט ושפרונגלי קילשברג,CH,בונבוניירה לינדור 200 גרם,גרמים,200.00,100 גרם,false,,22.90,0.1145,true,1,32925
7610400074155,false,לינדט לינדור קוביות במילוי קרם שוקולד 60% מוצקי קקאו 100 גרם,לינדט ושפרונגלי קילשברג,CH,שוקולד לינדור 100 גרם,גרמים,100.00,100 גרם,false,,14.90,0.1490,true,1,32927
7610400075770,false,לינדט לה גרנד שוקולד מריר אגוז 150 גרם,לינדט ושפרונגלי קילשברג,CH,לינדט,גרמים,150.00,100 גרם,false,,19.90,0.1327,true,1,32928
7610400075787,false,לינדט לה גרנד שוקולד חלב אגוז 150 גרם,לינדט ושפרונגלי קילשברג,CH,לינדט,גרמים,150.00,100 גרם,false,,19.90,0.1327,true,1,32929
7610400091060,false,שוקולד מריר לינדט אקסלנס בתוספת תפוז ושקדים,לינדט ושפרונגלי קילש,CH,שוקולד לינדט תפוז,גרמים,100.00,100 גרם,false,,14.90,0.1490,true,1,32933
7613030979647,false,דגני בוקר טריקס פירות עולם היורה 480 ג',ג'נרל מילס סאן אדריא,CL,TRIX,גרמים,480.00,100 גרם,false,,19.90,0.0415,true,1,34814
7613032045753,false,פיטנס - דגני בוקר שוקולד 375 גרם,נסטלה צרפת איטנקורט,FR,FITNESS,גרמים,375.00,100 גרם,false,,19.90,0.0531,true,1,34819
7613033548192,false,פיטנס - דגני בוקר שוקולד מריר 375 גרם,נסטלה צרפת איטנקורט,FR,FITNESS,גרמים,375.00,100 גרם,false,,19.90,0.0531,true,1,34833
7613035548374,false,דגני בוקר גולדן מיניס מחיטה מלאה ותירס,נסטלה פולין דגני בוק,FR,CINI-MINIS,גרמים,570.00,100 גרם,false,,19.90,0.0349,true,1,34847
7613037012200,false,גרבר מחית תפוח גזר ומנגו 90 גרם פאוץ,"מפעל סברס, נסטלה ספרד ס.",PL,גרבר פאוצ' בטעם תפוח,גרמים,90.00,100 גרם,false,,5.90,0.0656,true,1,34885
7613037276091,false,נסטלה מיקס מיני אריזות דגני בוקר 200 גרם,נסטלה Nestle,FR,נסטלה מיקס מיני אריז,גרמים,200.00,100 גרם,false,,16.90,0.0845,true,1,34893
7613037686906,false,פיטנס שקדים ודבש 355 גרם מופחת סוכר,נסטלה צרפת איטנקורט,FR,FITNESS,גרמים,355.00,100 גרם,false,,19.90,0.0561,true,1,34894
7613038268262,false,דגני בוקר צ'יריוס דבש ושקדים במתיקות מעודנת,נסטלה פולין דגני בוק,FR,CHEERIOS,גרמים,410.00,100 גרם,false,,19.90,0.0485,true,1,34899
7613038451954,false,דגני בוקר שוקולד מופחת סוכר 410 ג' קראנץ',נסטלה צרפת איטנקורט,FR,CRUNCH,גרמים,410.00,100 גרם,false,,19.90,0.0485,true,1,34900
7613039547632,false,גרבר מחית תפוח בננה ותות 90 גרם פאוץ,שוורצקוף& הנקל דיסלד,ES,גרבר פאוצ' בטעם תפוח,גרמים,90.00,100 גרם,false,,5.90,0.0656,true,1,34902
7613039547731,false,גרבר מחית תפוח עץ ומשמש 90 גרם פאוץ,"מפעל סברס, נסטלה ספרד ס.",ES,גרבר פאוצ' בטעם תפוח,גרמים,90.00,100 גרם,false,,5.90,0.0656,true,1,34903
7613287155863,false,מטרנה מחית אגס פאוץ' 90 גר',"מפעל סברס, נסטלה ספרד ס.",ES,גרבר פאוצ' בטעם אגס,גרמים,90.00,100 גרם,false,,5.90,0.0656,true,1,34916
7613287394323,false,דגני בוקר מולטי צ'יריוס 600 גרם,נסטלה פולין דגני בוק,GB,CHEERIOS,גרמים,600.00,100 גרם,false,,19.90,0.0332,true,1,34933
7613287476678,false,דגני בוקר סינימיניס צ'ורוס נסטלה 360 ג',נסטלה אוונקה,PT,TRIX,גרמים,360.00,100 גרם,false,,14.80,0.0411,true,1,34935
7622010001858,false,עוגיות אוראו ממולאות קרם וניל 176 גרם.,פי אר ג'\יי אס אי מנדלז,UA,אוראו,גרמים,176.00,100 גרם,false,,8.90,0.0506,true,1,56687
7622201050757,false,שוקולד מילקה טבלת חלב עם קרמל 100 ג',מילקה Milka,DE,מילקה,גרמים,100.00,100 גרם,false,,5.90,0.0590,true,1,56688
7622201137052,false,אוראו מיני קוקיס - עוגיות שוקולד צ'יפס ותחתית מצופה שוקולד חלב,מונדלז אספנה גלטאס פ,ES,מילקה מיני קוקיז 110,גרמים,110.00,100 גרם,false,,7.90,0.0718,true,1,56694
7622201139278,false,גבינת שמנת 27% שומן 150 ג' פילדלפיה,מיודלז אספניה פרודוק,ES,פילדלפיה,גרמים,150.00,100 גרם,false,,11.90,0.0793,true,1,45751
7622201401900,false,עוגיות סנסיישן אוראו מילקה 156 גרם,מונדלז פולסקה פרודקש,PL,מילקה,גרמים,156.00,100 גרם,false,,10.90,0.0699,true,1,56696
7622201521493,false,גבינת פילדלפיה שום ועשבי תיבול 150 גרם,מיודלז אספניה פרודוק,ES,פילדלפיה,גרמים,150.00,100 גרם,false,,11.90,0.0793,true,1,45752
7622201801809,false,מילקה שוקולד חלב עם אגוזים 100 גרם חדש,מנדלז דויצ'\לנד סנקס פרו,DE,מילקה,גרמים,100.00,100 גרם,false,,5.90,0.0590,true,1,56698
7622201802363,false,מילקה טבלת שוקולד חלב וצימוקים ואגוזים 100ג',מנדלז דויצ'\לנד סנקס פרו,DE,מילקה,גרמים,100.00,100 גרם,false,,5.90,0.0590,true,1,56699
7622201802394,false,שוקולד מילקה חלב מסרונים 100 גרם,מנדלז דויצ'\לנד סנקס פרו,DE,מילקה,גרמים,100.00,100 גרם,false,,5.90,0.0590,true,1,56700
7622201808631,false,אוראו מיני עוגיות ממולאות קרם וניל 67גרם,פי.טי. מונדלז אינדונ,ID,אוראו,גרמים,67.00,100 גרם,false,,6.90,0.1030,true,1,56701
7622201813390,false,עוגיות מילקה וואפל במילוי קרם קקאו 150 ג,מונדליז סי.אר. ביסקוויט,CZ,מילקה,גרמים,150.00,100 גרם,false,,10.90,0.0727,true,1,56703
7622201823733,false,עוגיות מילקה ת'ינס - דקות 151 גרם,מונדלייז,ES,מילקה,גרמים,151.00,100 גרם,false,,10.90,0.0722,true,1,71017
7622210078131,false,שוקולד חלב עם שבבי קרמל מילקה דיים 100 גרם,מנדלז דויצ'\לנד סנקס פרו,DE,מילקה,גרמים,100.00,100 גרם,false,,5.90,0.0590,true,1,56704
7622210137234,false,עוגיות אוראו עם דאבל קרים וניל 170 גר,מונדלייז,ES,אוראו,גרמים,170.00,100 גרם,false,,9.90,0.0582,true,1,56705
7622210163899,false,שוקולד חלב במילוי סוכריות עדשים,מונדלז דויצ'לנד סנקס,DE,מילקה,גרמים,100.00,100 גרם,false,,5.90,0.0590,true,1,56706
7622210453327,false,עוגיות שוקוצ'יפס במילוי שוקולד סנסיישן,מנדלז פולסקה פרודקשן,PL,מילקה,גרמים,156.00,100 גרם,false,,10.90,0.0699,true,1,56707
7622210637994,false,מיני עוגיות אוראו קראנצ'י בייטס אורגינל,מונדלז אספניה ג'לאטס,ES,אוראו,גרמים,110.00,100 גרם,false,,7.90,0.0718,true,1,56711
7622210638021,false,מיני עוגיות אוראו קראנצ'י בייטס מצופים,מונדלז אספניה ג'לאטס,ES,אוראו,גרמים,110.00,100 גרם,false,,7.90,0.0718,true,1,56712
7622210664150,false,"עוגיות אוראו וניל, 396 גרם",מונדלייז,CZ,אוראו,גרמים,396.00,100 גרם,false,,14.90,0.0376,true,1,56719
7622210826053,false,שוקולד מילקה אוראו סנדוויץ 92 גר',גיאורי קאקסז קייאףטי,HU,מילקה,גרמים,92.00,100 גרם,false,,5.90,0.0641,true,1,56723
7622300270506,false,מילקה גריינס - עוגיות שיבולת שועל מצופות שוקולד 168 ג',מונדלז פולסקה פרודקש,PL,מילקה,גרמים,168.00,100 גרם,false,,10.90,0.0649,true,1,56730
7622300441715,false,מילקה - עוגיות שוקומינס 150 גרם,מוביל בעל מוניטין,CZ,מילקה,גרמים,150.00,100 גרם,false,,10.90,0.0727,true,1,56733
7622300489427,false,עוגיות אוראו בציפוי בטעם שוקולד לבן 246 גרם,מנדלז אספנה גאלטס פר,ES,אוראו,גרמים,246.00,100 גרם,false,,14.90,0.0606,true,1,56734
7622300489434,false,עוגיות אוראו בציפוי שוקולד חלב 246 גרם,מנדלז אספנה גאלטס פר,ES,אוראו,גרמים,246.00,100 גרם,false,,14.90,0.0606,true,1,56735
7622300495046,false,מילקה שוקולד חלב עם אקסטרה קקאו 100 גרם,מנדלז דויצ'\לנד סנקס פרו,DE,מילקה,גרמים,100.00,100 גרם,false,,5.90,0.0590,true,1,56736
7622300503079,false,עוגיות ביסקוויט מצופה שוקולד חלב מילקה 200 גרם,מונדלז פולסקה פרודקש,PL,מילקה,גרמים,168.00,100 גרם,false,,10.90,0.0649,true,1,56737
7622300617820,false,מילקה שוקולד חלב במילוי קרם חלב ווניל ושבבי עוגיות אוראו 100 גרם,מנדלז דויצ'\לנד סנקס פרו,DE,מילקה,גרמים,100.00,100 גרם,false,,5.90,0.0590,true,1,56738
7622400005190,false,שוקולד חלב נגיעות שוקולד לבן מילקה 100 ג,מנדלז דויצ'\לנד סנקס פרו,DE,מילקה,גרמים,100.00,100 גרם,false,,5.90,0.0590,true,1,56740
7638900083071,false,סוללות אנרג'ייזר זוג,אנרג'ייזר,CN,סוללות A76 זוג,יח',1.00,יח',false,,14.90,14.9000,true,1,38032
7690589856667,false,נייס שבלולים לשיער,,IL,מוצרי נייס,יח',1.00,יח',false,,12.90,12.9000,true,1,55474
7702018469802,false,ג'ילט - ונוס סווירל ידית ו3 סכינים 5 להבים,פרוקטר אנד גמבל,PL,מארז גילט ונוס סוויר,יח,1.00,יח,false,,39.90,39.9000,true,1,38304
7702018489619,false,גילט בלו 3 סכין גילוח חד פעמי לגבר 3 יח,פרוקטר אנד גמבל,PL,Gillette,יח',3.00,יח',false,,16.90,5.6333,true,1,38306
7702018866984,false,גילט פיוזן ידני סכיני גילוח 4 יחידות,תות ממתקי איכות,PL,Gillette,יח',4.00,יח',false,,59.90,14.9750,true,1,38314
7702024074625,false,פיטנס - חטיפי קרקר חיטה מלאה 234 גרם,קומסטיבלס לה רוזה אס.איי,CO,חטיפי קרקר פיטנס חיט,גרמים,234.00,100 גרם,false,,11.90,0.0509,true,1,34949
7702174066631,false,לקקן יוגטה פין פופ במילוי מסטיק 170 גר,הדקלאים אגודת שיתופי,EC,יוגטה,יח',10.00,יח',false,,7.90,0.7900,true,1,44292
7702174068826,false,יוגטה מבחר סוכריות לקקן קשות ממולאות טופי בטעמי יוגורט ופירות 204 גרם,יוגטה yogueta,CO,יוגטה,גרמים,300.00,100 גרם,false,,8.90,0.0297,true,1,44295
7702174070201,false,יוגטה לקקן בטעם מסטיק ממולא טופי בטעם תות 12 יח' 204 גרם,ליימן שליסל,CO,יוגטה,גרמים,216.00,100 גרם,false,,8.90,0.0412,true,1,44298
7702174073783,false,סוכריות על מקל בטעם קולה במילוי גומי לעיסה,הדקלאים אגודת שיתופי,CO,יוגטה לקקנים,גרמים,180.00,100 גרם,false,,7.90,0.0439,true,1,44299
7791875005353,false,ריבת חלב הוואנה דוצה דה לצה 450 גרם,מיגה פוד קומרס,ES,הוואנה דולצה דה לצה,גרמים,450.00,100 גרם,false,,18.90,0.0420,true,1,32934
7804667480082,false,אוכמניות טריות יחידה,אראל תוצרת חקלאית בע,CL,אוכמניות 125 גרם,יח,1.00,יח,false,,9.90,9.9000,true,1,71863
7891024030974,false,"קולגייט משחת שיניים טריפל אקשן 75 מ""ל",הנסיך- מפעל לייצור ט,BR,קולגייט,מיליליטרים,75.00,"100 מ""ל",false,,5.90,0.0787,true,1,54844
7891024124826,false,קולגייט משחת אופטיק ספרקלינג וייט 75מל,הנסיך- מפעל לייצור ט,BR,קולגייט,מיליליטרים,75.00,"100 מ""ל",false,,19.90,0.2653,true,1,54846
7900250001006,false,NICE אביזרי שיער,,IL,מברשת שיער,יח',1.00,יח',false,,15.90,15.9000,true,1,55475
8000070003811,false,קפסולות אספרסו לוואצה פסיונלה 11 16 יח,לואיג'י לוואצה,IT,קפסולות לוואצה אמודו,גרמים,120.00,100 גרם,false,,29.90,0.2492,true,1,44303
8000070059832,false,קפסולות קרמה גוסטו ריקו חוזק 11 55 ג' לוואצה,לואיג'י לוואצה,IT,קפסולות קפה לוואצה ק,גרמים,55.00,100 גרם,false,,19.90,0.3618,true,1,69477
8000215204219,false,ויטאריז משקה אורז אורגני 1 ליטר,בטר אנד דיפרנט,IT,משקה אורז אורגני,ליטרים,1.00,ליטר,false,,11.90,11.9000,true,1,68962
8000215204240,false,ויטאריז משקה שקדים ואורז אורגני 1 ליטר,בטר אנד דיפרנט,IT,משקה שקדים אורגני,ליטרים,1.00,ליטר,false,,11.90,11.9000,true,1,68963
8000215204677,false,ויטריז - משקה שיבולת שועל בריסטה אורגני,בטר אנד דיפרנט,IT,Vitariz - משקה שיבול,ליטרים,1.00,ליטר,false,,12.90,12.9000,true,1,68969
8000380003723,false,וופל אגוזים בציפוי שוקולד לואקר 100 גרם,קריניציה ויטמינה אס,IT,לואקר,גרמים,100.00,100 גרם,false,,11.90,0.1190,true,1,44333
8000380003761,false,וופל גרנד פטיסרי שוקולד וקוקוס לואקר 100 גרם,קריניציה ויטמינה אס,IT,לואקר קוקוס,גרמים,100.00,100 גרם,false,,11.90,0.1190,true,1,44335
8000380004669,false,וופל לואקר סנדוויץ קוביות ושוקולד 200ג',"א. לואקר, קונפקט ג'י",AT,לואקר,גרמים,200.00,100 גרם,false,,11.90,0.0595,true,1,44337
8000380004676,false,קוביות וופל סנדוויץ Sandwich עם וניל וחלב,"א. לואקר, קונפקט ג'י",AT,לואקר,גרמים,200.00,100 גרם,false,,11.90,0.0595,true,1,44338
8000380004881,false,וופל קוארדטיני לואקר קוביות טרמיסו 220ג',קריניציה ויטמינה אס,IT,לואקר,גרמים,220.00,100 גרם,false,,13.90,0.0632,true,1,44339
8000380004911,false,קוביות וופל קואדרטיני Quadratini קרם אגוזים,קריניציה ויטמינה אס,AT,לואקר,גרמים,250.00,100 גרם,false,,13.90,0.0556,true,1,44340
8000380004942,false,וופל לואקר קוארדטיני קוביות ווניל 250ג',ליימן מותגים,AT,לואקר,גרמים,250.00,100 גרם,false,,13.90,0.0556,true,1,44342
8000380004966,false,וופל קוארדטיני לואקר קוביות שוקולד 250ג',קריניציה ויטמינה אס,AT,לואקר,גרמים,250.00,100 גרם,false,,13.90,0.0556,true,1,44343
8000380005598,false,מארז וופל שוקולד טורטינה Tortina שוקולד מריר,א. לואקר אס. פי. אי-אי.,IT,לואקר,גרמים,125.00,100 גרם,false,,15.90,0.1272,true,1,44344
8000380007219,false,וופלים בטעם אגוזים לואקר 175 גרם,ליימן מותגים,AT,לואקר,גרמים,175.00,100 גרם,false,,10.90,0.0623,true,1,44350
8000380007257,false,וופל גרדנה אגוזים לואקר 200 גרם,קריניציה ויטמינה אס,IT,לואקר,גרמים,200.00,100 גרם,false,,13.90,0.0695,true,1,44352
8000380007264,false,וופלים בטעם קקאו לואקר 175 גרם,קריניציה ויטמינה אס,AT,לואקר,גרמים,175.00,100 גרם,false,,10.90,0.0623,true,1,44353
8000380007271,false,וופל במילוי קרם חלב לואקר 175 גרם,ליימן מותגים,AT,לואקר,גרמים,175.00,100 גרם,false,,10.90,0.0623,true,1,44354
8000380106028,false,טורטינה לואקר וופל שוקולד ואגוזים שישיה 125ג',קריניציה ויטמינה אס,IT,לואקר,גרמים,125.00,100 גרם,false,,15.90,0.1272,true,1,44356
8000380144044,false,גרדנה וופל מצופה שוקולד חלב לואקר 200 גרם,"א. לואקר , AG/SpA, ו",IT,וופל גרדנה שוקולד 200גר,גרמים,200.00,100 גרם,false,,13.90,0.0695,true,1,44359
8000380148035,false,וופל אגוזי לוג שוקולד מריר גראן פטיסרי Gran Pasticceria,קריניציה ויטמינה אס,IT,לואקר מריר אגוזים,גרמים,100.00,100 גרם,false,,11.90,0.1190,true,1,44360
8000380153534,false,מארז וופל שוקולד טורטינה Tortina שוקולד לבן,א. לואקר אס. פי. אי-אי.,IT,לואקר,גרמים,125.00,100 גרם,false,,15.90,0.1272,true,1,44368
8000380180721,false,לואקר וופל קקאו במילוי קרם חלבי 175 גר,קריניציה ויטמינה אס,AT,לואקר,גרמים,175.00,100 גרם,false,,10.90,0.0623,true,1,44389
8000380180745,false,וופל קוביות קקאו במילוי קרם חלב לואקר 250 גרם,"א. לואקר, קונפקט ג'י",AT,לואקר,גרמים,250.00,100 גרם,false,,13.90,0.0556,true,1,44390
8000380180837,false,וופל גרנד פטיסרי קוקוס לבן מצופה שוקולד לבן לואקר 100 גרם,"אינסטנטה בע""מ",IT,לואקר,גרמים,100.00,100 גרם,false,,11.90,0.1190,true,1,44392
8000380187119,false,עוגיות במילוי קרם אגוזי לוז לואקר 100 גר,לואקר Loacker,AT,עוגיות לואקר,גרמים,100.00,100 גרם,false,,14.90,0.1490,true,1,44402
8000380187249,false,עוגיות עם מילוי קרם שקדים ושוקולד חלב,לואקר Loacker,AT,עוגיות לואקר,גרמים,100.00,100 גרם,false,,14.90,0.1490,true,1,44403
8000380189281,false,מארז מיני מיקס לואקר בשקית 210 גרם,ליימן מותגים,AT,לואקר,גרמים,210.00,100 גרם,false,,19.90,0.0948,true,1,44405
8000380192199,false,וופל לואקר דאבל שוקולד 175 גרם,ליימן מותגים,AT,לואקר,גרמים,175.00,100 גרם,false,,10.90,0.0623,true,1,44407
8000380192588,false,וופלים קואדרטיני דאבל שוקולד לואקר 250 גרם,קריניציה ויטמינה אס,AT,לואקר,גרמים,250.00,100 גרם,false,,13.90,0.0556,true,1,44410
8000380205400,false,וופלים קואדרטיני חמאת בוטנים לואקר 250 גרם,ליימן מותגים,AT,לואקר,גרמים,250.00,100 גרם,false,,13.90,0.0556,true,1,44419
8000380205523,false,וופלים בטעם חמאת בוטנים לואקר 175 גרם,ליימן מותגים,AT,לואקר,גרמים,175.00,100 גרם,false,,10.90,0.0623,true,1,44420
8000500009673,false,בונבונרייה פררו רושר 300 גרם,פררו - אלבה,IT,פררו,גרמים,300.00,100 גרם,false,,44.90,0.1497,true,1,60101
8000500023624,false,חטיפי הפי היפו Happy Hippo במילוי קרם חלב וקקאו,פררו - אלבה,IT,פררו,גרמים,103.00,100 גרם,false,,12.90,0.1252,true,1,60103
8000500026731,false,שוקולד ביצי הפתעה קינדר שלישייה,פררו אס.פי.אי,IT,פררו,יח',3.00,יח',false,,14.90,4.9667,true,1,60105
8000500029350,false,מארז קינדר בואנו Kinder Bueno שלוש יחידות,פררו - אלבה,PL,פררו,גרמים,129.00,100 גרם,false,,10.90,0.0845,true,1,60106
8000500037874,false,בונבונרייה פררו רושר 200 גרם,פררו - אלבה,IT,פררו,גרמים,200.00,100 גרם,false,,23.90,0.1195,true,1,60110
8000500071083,false,אצבעות שוקולד קינדר Kinder שש עשרה יחידות,פררו - אלבה,IT,פררו,גרמים,200.00,100 גרם,false,,12.90,0.0645,true,1,60112
8000500121436,false,מארז קינדר בואנו Kinder Bueno לבן שלוש יחידות,פררו - אלבה,PL,פררו,גרמים,129.00,100 גרם,false,,10.90,0.0845,true,1,60116
8000500167656,false,קינדר שוקולד עם דגנים סיריאל 94 ג',פררו,IT,קינדר שוקולד עם דגני,גרמים,94.00,100 גרם,false,,7.90,0.0840,true,1,60122
8000500172810,false,סוכריות בטעם תות שדה מנטה- מארז רביעייה,פררו - אלבה,EC,יוגטה,גרמים,64.00,100 גרם,false,,10.90,0.1703,true,1,60125
8000500217740,false,קינדר בואנו מיני 86 גרם,פררו,PL,קינדר,גרמים,86.00,100 גרם,false,,10.90,0.1267,true,1,60130
8000500249352,false,קינדר בואנו מיני מיקס שקית 205 ג',פררו - אלבה,PL,קינדר,גרמים,205.00,100 גרם,false,,19.90,0.0971,true,1,60141
8000500256213,false,שוקולד מיני קינדר 120 גרם,פררו - אלבה,IT,שוקולד קינדר מיני 12,גרמים,120.00,100 גרם,false,,10.90,0.0908,true,1,60143
8000500267103,false,קינדר דליס עוגת ספוג קקאו במילוי חלבי*10,קינדר Kinder,IT,קינדר דליס 10 יח',יח',10.00,יח',false,,19.90,1.9900,true,1,60145
8000500269169,false,קינדר קארדס Kinder Cards - חמישייה,קריות זול,IT,קינדר קארדס חמישייה,גרמים,128.00,100 גרם,false,,12.90,0.1008,true,1,60147
8000500353738,false,רביעיה סוכריות בטעם מנטה חזק 4 * 16 ג' טחק טק,פררו,ZA,פררו,גרמים,64.00,100 גרם,false,,10.90,0.1703,true,1,60157
8001010062844,false,"פונטי חומץ בלסמי כשר 500 מ""ל",מודנצטי ויה פראדה,IT,חומץ בלסמי ממודנה 50,מיליליטרים,500.00,"100 מ""ל",false,,16.90,0.0338,true,1,71195
8001090033512,false,"אבקת כביסה קולור 8 ק""ג טייד",פרוקטור אנד גמבל,TR,Tide,קילוגרמים,8.00,"ק""ג",false,,41.90,5.2375,true,1,38325
8001090222725,false,"הרבל אסנסס - שמפו שמן מורינגה 400 מ""ל",הרבל אסנס Herbal Essences,FR,הרבל אסנסס,מיליליטרים,400.00,"100 מ""ל",false,,14.90,0.0373,true,1,38341
8001090734044,false,אולוויז מגן תחתון גיגה פק לארג' אקסטרה פרוטקט 64 יח',פרוקטר אנד גמבל,DE,אולוייז,יח',64.00,יח',false,,17.90,0.2797,true,1,38390
8001090740717,false,מגני תחתון אולוויז נורמל עם ניחוח רענן Fresh Scent,פרוקטר אנד גמבל )ראה קוד,UA,Fem Care,יח',76.00,יח',false,,17.90,0.2355,true,1,38392
8001090832450,false,"שמפו פנטן הנוסחה הקלאסית 660 מ""ל",פרוקטר אנד גמבל,RO,פנטן,מיליליטרים,660.00,"100 מ""ל",false,,19.90,0.0302,true,1,38407
8001090832535,false,"שמפו פנטן שמן מרוקאי משקם 660 מ""ל",פרוקטר אנד גמבל,RO,פנטן,מיליליטרים,660.00,"100 מ""ל",false,,19.90,0.0302,true,1,38408
8001090832573,false,"שמפו פנטן לחות מוגברת 660 מ""ל",פרוקטר אנד גמבל,RO,פנטן,מיליליטרים,660.00,"100 מ""ל",false,,19.90,0.0302,true,1,38409
8001090832610,false,"שמפו פנטן למגע רך כמשי 660 מ""ל",פרוקטר אנד גמבל,RO,פנטן,מיליליטרים,660.00,"100 מ""ל",false,,19.90,0.0302,true,1,38410
8001090832696,false,"פנטן שמפו לתלתלים מושלמים 660 מ""ל",פרוקטר אנד גמבל,RO,פנטן,מיליליטרים,660.00,"100 מ""ל",false,,19.90,0.0302,true,1,38411
8001090832771,false,"פנטן שמפו להזנת קרטין 660 מ""ל",פרוקטר אנד גמבל,RO,פנטן,מיליליטרים,660.00,"100 מ""ל",false,,19.90,0.0302,true,1,38412
8001090832818,false,מרכך פנטן הנוסחה הקלאסית לשיער רגיל ומעורב,פרוקטר אנד גמבל,RO,פנטן,מיליליטרים,660.00,"100 מ""ל",false,,19.90,0.0302,true,1,38413
8001090832856,false,"פנטן 660 מ""ל קונדישינר מרוקאי משקם",פרוקטר אנד גמבל,RO,פנטן,מיליליטרים,660.00,"100 מ""ל",false,,19.90,0.0302,true,1,38414
8001090832894,false,מרכך לשיער חלש ופגום לחות מוגברת,פרוקטר אנד גמבל,RO,פנטן,מיליליטרים,660.00,"100 מ""ל",false,,19.90,0.0302,true,1,38415
8001090832931,false,"פנטן 660 מ""ל קונדישינר למגע רך כמשי",פרוקטר אנד גמבל,RO,פנטן,מיליליטרים,660.00,"100 מ""ל",false,,19.90,0.0302,true,1,38416
8001090832979,false,"פנטן 660 מ""ל קונדישינר לתלתלים מושלמים",פנטן שמפו ומרכך ב 17,RO,פנטן,מיליליטרים,660.00,"100 מ""ל",false,,19.90,0.0302,true,1,38417
8001090891273,false,לנור כדוריות בושם בניחוח סחלב 210 גרם,פרוקטר אנד גמבל,US,לנור,גרמים,210.00,100 גרם,false,,24.90,0.1186,true,1,38430
8001090899194,false,תחבושות אולוויז פלטינום נורמל 24 יחידות,פרוקטר אנד גמבל,DE,אולוויז,יח,24.00,יח,false,,17.90,0.7458,true,1,38431
8001090899224,false,תחבושות אולוויז פלטינום לונג 20 יחידות,פרוקטר אנד גמבל,DE,אולוויז,יח,20.00,יח,false,,17.90,0.8950,true,1,38432
8001090899255,false,תחבושות אולוויז פלטינום לילה 16 יחידות,פרוקטר אנד גמבל,DE,אולוויז,יח,16.00,יח,false,,17.90,1.1187,true,1,38433
8001160001786,false,"משקה אנרגיה גטורייד ספורט כחול 500מ""ל",אקווה מינרלה סאן בנדטו,IT,גטורייד,מיליליטרים,500.00,"100 מ""ל",false,,9.90,0.0198,true,1,70398
8001160001892,false,"משקה אנרגיה גטורייד ספורט תפוז אדום 500מ""ל",אקווה מינרלה סאן בנדטו,IT,גטורייד,מיליליטרים,500.00,"100 מ""ל",false,,9.90,0.0198,true,1,70399
8001620015636,false,"משקה פרוטה מיקס פירות 400 מ""ל",אקווה מינרלה סאן בנדטו ב,IT,פרוטה מיקס פירות 400,מיליליטרים,400.00,"100 מ""ל",false,,6.50,0.0163,true,1,42739
8001620017456,false,"סן בנדטו ספורט, מים מינרלים טבעיים 500 מ""ל שישייה",אקווה מינרלה סאן בנדטו ב,IT,סאן בנדטו שישייה 500,מיליליטרים,3000.00,"100 מ""ל",false,,13.90,0.0046,true,1,42740
8001841006710,false,לנור כדוריות הריח בניחוח רענן 210 גרם,פרוקטר אנד גמבל,US,לנור,גרמים,210.00,100 גרם,false,,24.90,0.1186,true,1,38448
8001841410524,false,שמפו הד&שולדרס קוקוס600מ,פרוקטר אנד גמבל,RO,הד אנד שולדרס,מיליליטרים,600.00,"100 מ""ל",false,,21.90,0.0365,true,1,71940
8001841500799,false,"הרבל אסנסס - שמפו ללא סולפטים אלוורה ומנגו 380 מ""ל",הרבל אסנס Herbal Essences,FR,הרבל אסנסס,מיליליטרים,380.00,"100 מ""ל",false,,14.90,0.0392,true,1,38467
8001841500942,false,"הרבל אסנסס - שמפו ללא סולפטים אלוורה ובמבוק 380 מ""ל",הרבל אסנס Herbal Essences,FR,הרבל אסנסס,מיליליטרים,380.00,"100 מ""ל",false,,14.90,0.0392,true,1,38468
8001841502601,false,"הרבל אסנסס - מרכך ללא סולפטים אלוורה ובמבוק 275 מ""ל",הרבל אסנס Herbal Essences,FR,הרבל אסנסס,מיליליטרים,380.00,"100 מ""ל",false,,14.90,0.0392,true,1,38470
8001841625188,false,סבון כלים פלטינום לימון X3 פעולות להסרת שומנים,פרוקטר אנד גמבל,GB,פיירי,מיליליטרים,515.00,"100 מ""ל",false,,8.90,0.0173,true,1,38473
8001841625362,false,"נוזל כלים בניחוח לימון פלטינום 780 מ""ל פיירי",פרוקטר אנד גמבל,GB,פיירי,מיליליטרים,780.00,"100 מ""ל",false,,11.90,0.0153,true,1,38475
8001841625461,false,סבון כלים פלטינום X3 פעולות להסרת שומנים,פרוקטר אנד גמבל,GB,פיירי,מיליליטרים,515.00,"100 מ""ל",false,,8.90,0.0173,true,1,38476
8001841669465,false,קפסולות לכביסה אריאל בניחוח לנור 24 יחידות,פרוקטר אנד גמבל,FR,Ariel,יח',24.00,יח',false,,29.90,1.2458,true,1,38481
8001841941929,false,אולוויז וליו פק לילה בטוח אקסטרא 16 יחידות,פרוקטר אנד גמבל,DE,אולוויז,יח',16.00,יח',false,,17.90,1.1187,true,1,38489
8001841943961,false,לנור כדוריות בושם בניחוח אוקיינוס 210 גר,פרוקטר אנד גמבל,US,לנור,גרמים,210.00,100 גרם,false,,24.90,0.1186,true,1,38490
8002270015656,false,מים מינרליים טבעיים מוגזים סן פלגרינו 750 מל זכוכית,סן פלגרינו ס.פ.א לוק,IT,ס.פלגרינו,מיליליטרים,750.00,"100 מ""ל",false,,9.50,0.0127,true,1,42742
8002270866524,false,סן פלגרינו מים מינרליים טבעיים מוגזים,סן פלגרינו San Pellegrino,IT,ס.פלגרינו,ליטרים,1.00,ליטר,false,,8.90,8.9000,true,1,42745
8002450201008,false,"רספברי ספרקלטיני 750 מ""ל",איטליה בוסקה,IT,ורדי,מיליליטרים,750.00,"100 מ""ל",false,,22.90,0.0305,true,1,42196
8002450208007,false,ורדי גרין אפל ספרקלטיני,איטליה בוסקה,IT,ורדי,מיליליטרים,750.00,"100 מ""ל",false,,22.90,0.0305,true,1,42205
8003340091280,false,לינדט לינדור בונבוניירה 60% מוצקי קקאו 200 גרם,לינדט ושפרונגלי קילשברג,IT,בונבוניירה לינדור 200 גרם,גרמים,200.00,100 גרם,false,,22.90,0.1145,true,1,32937
8004030026018,false,"מקסיקני עם טונה ריו מרה אינסלטיסימי, 160 ג'","בולטון אלימנטרי בע""\מ",IT,ריו מרה טונה מקסיקני 160,גרמים,160.00,100 גרם,false,,16.90,0.1056,true,1,54861
8004030044005,false,נתחי טונה בהירה בשמן זית ריו מרה 112גרם,"בולטון אלימנטרי בע""\מ",IT,ריו מרה,גרמים,160.00,100 גרם,false,,18.90,0.1181,true,1,54862
8004030180000,false,ריו מרה טונה בשמן זית כתית מעולה 3*80 גרם,"בולטון אלימנטרי בע""\מ",IT,ריו מרה בשמן זית 3*8,גרמים,240.00,100 גרם,false,,25.90,0.1079,true,1,54868
8004030344938,false,"ריו מרה טונה בשמן זית 3X80 גרם מתכון חדש כשל""פ","בולטון אלימנטרי בע""\מ",IT,ריו מרה,גרמים,240.00,100 גרם,false,,27.90,0.1162,true,1,54871
8004800000064,false,לאגו פלאסיר- גלילי ופל קרם קקאו בציפוי ש.חלב - 100 ג',לגו גרופ ס.פ.א.,IT,גלילי וופל לאגו במיל,גרמים,100.00,100 גרם,false,,11.90,0.1190,true,1,51106
8004800000071,false,לאגו פלאסיר- גלילי ופל במילוי קרם אגוזי לוז שוקולד חלב - 100 ג',לגו גרופ ס.פ.א.,IT,גלילי וופל לאגו במיל,גרמים,100.00,100 גרם,false,,11.90,0.1190,true,1,51107
8004800005519,false,וופל רול גלילי במילוי קרם אגוזי לוז- 125 ג' לאגו,לגו גרופ ס.פ.א.,IT,*מבצע* גלילי וופל לא,גרמים,125.00,100 גרם,false,,6.90,0.0552,true,1,51112
8005110000416,false,MUTTI עגבניות חתוכות במיץ פולפה 2*300 ג,מוטי אס.פי.איי,IT,פולפה דטריני מארז זו,גרמים,600.00,100 גרם,false,,12.90,0.0215,true,1,71964
8005110002243,false,רכז עגבניות Doppio Concentr בשפופרת 185 ג' MUTTI,"איי, בי, אינבוו",IT,MUTTI,גרמים,185.00,100 גרם,false,,8.20,0.0443,true,1,60779
8005110060007,false,מוטי עגבניות מקולפות 400 גר,מוטי אס.פי.איי,IT,עגבניות מקולפות 400,גרמים,400.00,100 גרם,false,,6.50,0.0163,true,1,72651
8005110170300,false,עגבניות חתוכות דק Polpa - מארז שלישייה,מוטי Mutti,IT,MUTTI,גרמים,400.00,100 גרם,false,,17.90,0.0447,true,1,60781
8005110171215,false,מוטי עגבניות חתוכות פולפפזי 690 גרם{בקבוק},"איי, בי, אינבוו",IT,עגבניות חתוכות 690 ג,גרמים,690.00,100 גרם,false,,13.90,0.0201,true,1,60782
8005110551253,false,רוטב לפיצה להכנת פיצה איטלקית קלאסית,"איי, בי, אינבוו",IT,MUTTI,גרמים,400.00,100 גרם,false,,8.90,0.0223,true,1,60785
8005200256587,false,נסטי - תה קר בטעם אפרסק 1.5 ליטר,מפעל סאנפלגרינו S.P.A,IT,נסטי,ליטרים,1.50,ליטר,false,,8.30,5.5333,true,1,42746
8005200286584,false,נסטי- תה קר - בטעם מנגו אננס 1.5 ליטר,מפעל סאנפלגרינו S.P.A,IT,נסטי,ליטרים,1.50,ליטר,false,,8.30,5.5333,true,1,42747
8005360004639,false,דה לה נונה-רוטב עגבניות אורגני-עם פלפלים 350 גרם,אף.סי תבליני בגליל ב,IT,דה לה נונה - רוטב עג,גרמים,350.00,100 גרם,false,,12.90,0.0369,true,1,68980
8005803010586,false,"מקלות אפויים עם שמן זית, מלח, עגבניות ואורגנו, 125 גרם, אמור די פאן","הוסטה איטליה, ס.ר.ל.",IT,גריסיני פיצה 125 גרם,גרמים,125.00,100 גרם,false,,5.90,0.0472,true,1,44435
8006540091937,false,לנור כדוריות הבושם בניחוח אריאל 210 גרם,פטר קרמר עבור פרוקטור אנ,US,לנור,גרמים,210.00,100 גרם,false,,24.90,0.1186,true,1,38497
8006540112793,false,"מרכך כביסה מרוכז בניחוח יסמין לנור 900 מ""ל",פרוקטר אנד גמבל,US,לנור,מיליליטרים,900.00,"100 מ""ל",false,,14.90,0.0166,true,1,38499
8006540112854,false,"מרכך כביסה מרוכז בניחוח סחלב לנור 900 מ""ל",פרוקטר אנד גמבל,FR,לנור,מיליליטרים,900.00,"100 מ""ל",false,,14.90,0.0166,true,1,38501
8006540404935,false,דיסקריט תחבושות לבריחת שתן נורמל 12 יח,פרוקטר & גמבל,DE,תחבושות אולוויז דיסק,יח',12.00,יח',false,,14.90,1.2417,true,1,38510
8006540405031,false,דיסקריט תחבושות לבריחת שתן סמול פלוס 16,פרוקטר & גמבל,DE,תחבושות אולוויז דיסק,יח',16.00,יח',false,,14.90,0.9313,true,1,38511
8006540425930,false,אריאל קפסולות לכביסה ג'ל 24 יח' לכתמים קשים,פרוקטר אנד גמבל,FR,Ariel,יח',24.00,יח',false,,29.90,1.2458,true,1,38512
8006540491539,false,"נוזל כלים פיירי פלטינום אוריגינל 780 מ""ל",פרוקטר אנד גמבל,GB,פיירי,מיליליטרים,780.00,"100 מ""ל",false,,11.90,0.0153,true,1,38515
8006540495216,false,"מרכך כביסה לנור בניחוח אמאטיסט 900 מ""ל",פרוקטר אנד גמבל,FR,לנור,מיליליטרים,900.00,"100 מ""ל",false,,14.90,0.0166,true,1,38517
8006540495247,false,"לנור מרכך כביסה מרוכז בניחוח פרחי בר 900 מ""ל",פרוקטר אנד גמבל,FR,לנור,מיליליטרים,900.00,"100 מ""ל",false,,14.90,0.0166,true,1,69369
8006540620403,false,"טייד אבקת כביסה אפקט פיירי 7 ק""ג",פרוקטר אנד גמבל,TR,טייד,קילוגרמים,7.00,"ק""ג",false,,54.90,7.8429,true,1,72130
8007178120310,false,חומץ בלסמי ד'מודנה Giacobazzi,פטורייה ג'יאקובאזי ס,IT,ז'קובזי,מיליליטרים,500.00,"100 מ""ל",false,,17.90,0.0358,true,1,56758
8008245004847,false,ממרח אגוזי לוז וקקאו מובנפיק 300 גרם,נאטקו,IT,ממרח אגוזי לוז וקקאו,גרמים,300.00,100 גרם,false,,14.90,0.0497,true,1,66048
8008245004861,false,ממרח אגוזי לוז עם חלב מובנפיק 300 גרם,יבואן ומשווק: ש. שסט,IT,ממרח אגוזי לוז עם חל,גרמים,300.00,100 גרם,false,,14.90,0.0497,true,1,66049
8008660210021,false,מעדן ריבה מנץ אנד גאססר דובדבן 300 גר,שוורצקוף& הנקל דיסלד,IT,*מבצע* מעדן דובדבן מ,גרמים,300.00,100 גרם,false,,12.90,0.0430,true,1,51115
8008660210038,false,מעדן ריבה מנץ אנד גאססר תות שדה 300 גר,קריניציה ויטמינה אס,IT,*מבצע* מעדן תות שדה,גרמים,300.00,100 גרם,false,,12.90,0.0430,true,1,51116
8008660210045,false,מעדן פירות יער מנז אנד גאסר ויסוצקי 300 גרם,שוורצקוף& הנקל דיסלד,IT,*מבצע* מעדן פירות יע,גרמים,300.00,100 גרם,false,,12.90,0.0430,true,1,51117
8008857200057,false,פסטה רג'ייה ספגטי שטוח 500 גר',רגיה,IT,תומר,גרמים,500.00,100 גרם,false,,4.90,0.0098,true,1,53839
8008857200194,false,פסטה רגיה 19 ספגטי תומר 500 גרם,רגיה,IT,תומר,גרמים,500.00,100 גרם,false,,4.90,0.0098,true,1,53840
8008857200200,false,פסטה רגיה 20 ספגטי דק תומר 500 גרם,,IT,פסטה רג'יה איטלקית 500 גר,גרמים,500.00,100 גרם,false,,4.90,0.0098,true,1,53841
8008857300344,false,פסטה רגיה 34. צינור תומר 500 גרם,רגיה,IT,תומר,גרמים,500.00,100 גרם,false,,4.90,0.0098,true,1,53843
8008857300481,false,פסטה רגיה 48 בורג תומר 500 גרם,רגיה,IT,תומר,גרמים,500.00,100 גרם,false,,4.90,0.0098,true,1,53845
8008857300580,false,פסטה רגיה 58 סהרון תומר 500 גרם,,IT,פסטה רג'יה איטלקית 5,גרמים,500.00,100 גרם,false,,4.90,0.0098,true,1,53847
8008857300603,false,פסטה רגיה 60 קונכיה 500 גרם,פאסטופיציו אנטוניו,IT,פסטה רג'יה איטלקית 5,גרמים,500.00,100 גרם,false,,4.90,0.0098,true,1,53848
8008857300634,false,פסטה רגיה 19 תלתל תומר 500 גרם,פאסטופיציו אנטוניו,IT,תומר,גרמים,500.00,100 גרם,false,,4.90,0.0098,true,1,53849
8008857300641,false,פסטה רג'ייה כובע 500גר',רגיה,IT,תומר,גרמים,500.00,100 גרם,false,,4.90,0.0098,true,1,53850
8008857601052,false,פסטה לזניה דפים רג'יה 500ג',פסטה רג'יה Pasta Reggia,IT,לזניה רג'יה 500 גרם,גרמים,500.00,100 גרם,false,,8.90,0.0178,true,1,53856
8008912010034,false,ליגורי- ספגטי מספר 3 500גר,מנז'\ אנד גאסר ס.פ.א,IT,ליגורי,גרמים,500.00,100 גרם,false,,7.90,0.0158,true,1,51120
8008912010072,false,ליגורי- לינגוויני מספר 7 500גר,מנז'\ אנד גאסר ס.פ.א,IT,ליגורי,גרמים,500.00,100 גרם,false,,7.90,0.0158,true,1,51121
8008912010270,false,LIGUORI פסטה קסרצ'ה מספר 27 500 גרם,מנז'\ אנד גאסר ס.פ.א,IT,ליגורי,גרמים,500.00,100 גרם,false,,7.90,0.0158,true,1,51122
8008912010331,false,פסטה ניוקטי סרדי בצורת קונכיות מס' 33,מנז'\ אנד גאסר ס.פ.א,IT,ליגורי,גרמים,500.00,100 גרם,false,,7.90,0.0158,true,1,51125
8008912010423,false,"ליגורי פסטה פנה ריגטה מספר 42, 500 גר'",מנז'\ אנד גאסר ס.פ.א,IT,ליגורי,גרמים,500.00,100 גרם,false,,7.90,0.0158,true,1,51126
8008990002167,false,יעה עם מקל מתכת ארוך טונקיטה,טונקיטה,IT,יעה עם מקל מתכת,יח',1.00,יח',false,,16.90,16.9000,true,1,38563
8009470009164,false,סימבה שימורים לכלבים כבש 415 ג',אמ.או.אן.ג'י.אי.אמונ,,סימבה לכלב כבש 415 ג,גרמים,415.00,100 גרם,false,,4.00,0.0096,true,1,64277
8024985000116,false,מחית תפוח אוכמ 100% פרי 200 ג נטורה נובה,"נטורפוד בע""מ",IT,נטורה נובה - מחית תפ,גרמים,200.00,100 גרם,false,,8.90,0.0445,true,1,68994
8024985002783,false,סמוזי נטורה נובה גזר ודלעת 100 גרם,נטורה נובה Natura Nuova,IT,נטורה נובה - סמוזי ג,גרמים,100.00,100 גרם,false,,4.90,0.0490,true,1,68995
8024985002912,false,סמוזי אגס בטטה 100 גר נטורה נובה,נטורה נובה,IT,נטורה נובה - סמוזי ת,גרמים,100.00,100 גרם,false,,4.90,0.0490,true,1,68996
8024985002943,false,סמוזי נטורה נובה תפוח אננס קוקוס 100 גרם,נטורה נובה,IT,נטורה נובה - סמוזי א,גרמים,100.00,100 גרם,false,,4.90,0.0490,true,1,68997
8024985002950,false,נטורה נובה-סמוזי שזיף אורגני 100 גרם,נטורה נובה,IT,נטורה נובה - סמוזי ש,גרמים,100.00,100 גרם,false,,4.90,0.0490,true,1,68998
8024985002967,false,סמוזי נטורה נובה בננה תרד 100 גרם,נטורה נובה,IT,נטורה נובה - סמוזי ב,גרמים,100.00,100 גרם,false,,4.90,0.0490,true,1,68999
8024985003988,false,נטורה נובה סמוזי תפוח בננה 100 גרם,נטורה נובה Natura Nuova,IT,נטורה נובה - סמוזי ת,גרמים,100.00,100 גרם,false,,4.90,0.0490,true,1,69000
8024985005234,false,סמוזי נטורה נובה סמוצי תפוח מנגו 100 גרם,נטורה נובה,IT,נטורה נובה - סמוזי מ,גרמים,100.00,100 גרם,false,,4.90,0.0490,true,1,69003
8024985008051,false,סמוזי נטורה נובה סמוצי פירות אדומים 100,נטורה נובה Natura Nuova,IT,נטורה נובה - סמוזי פ,גרמים,100.00,100 גרם,false,,4.90,0.0490,true,1,69010
8032793342458,false,עגבניות מרוסקות דק ומסוננות בבקבוק 700 ג',קונסוריזיו קאסאלסקו דל פ,IT,עגבניות מרוסקות בבקב,גרמים,700.00,100 גרם,false,,12.90,0.0184,true,1,36868
8032793344292,false,עגבניות חתוכות דק בבקבוק 700ג,קונסוריזיו קאסאלסקו דל פ,IT,עגבניות חתוכות דק פו,גרמים,700.00,100 גרם,false,,12.90,0.0184,true,1,36871
8032793344520,false,תרכיז עגבניות רסק עגבניות מרוכז מאוד,קונסוריזיו דל פרומוד,IT,רסק עגבניות בשפורפרת,גרמים,200.00,100 גרם,false,,7.90,0.0395,true,1,36872
8032804432017,false,פוזילי פליסיה כוסמת אורגני 340 גר,מולינו אנדריאני,IT,פליסיה קופסא - פוזיל,גרמים,340.00,100 גרם,false,,14.90,0.0438,true,1,69021
8056379079934,false,דמות סרט פרוזן אור,,,דמות סרט פרוזן אור,יח',1.00,יח',false,,11.90,11.9000,true,1,72784
8076800195019,false,ברילה - צ.א ספגטי מס1 קפליני 500 גרם,ברילה גי.אי.אר פרטלי ס.פ,IT,ברילה,גרמים,500.00,100 גרם,false,,6.90,0.0138,true,1,54880
8076800195033,false,ברילה - צ.א ספגטיני מס3 חדש 500 גרם,ברילה גי.אי.אר פרטלי ס.פ,IT,ברילה,גרמים,500.00,100 גרם,false,,6.90,0.0138,true,1,54881
8076800195057,false,ברילה - צ.א ספגטי מס5 חדש 500 גרם,ברילה גי.אי.אר פרטלי ס.פ,IT,ברילה,גרמים,500.00,100 גרם,false,,6.90,0.0138,true,1,54882
8076800195132,false,ברילה - צ.א בבטה מס13 500 גרם,ברילה גי.אי.אר פרטלי ס.פ,IT,ברילה,גרמים,500.00,100 גרם,false,,6.90,0.0138,true,1,54883
8076800315097,false,פסטה מקרוני בוקטיני מספר 9 ברילה 500 גרם,ברילה גי.אי.אר פרטלי ס.פ,IT,ברילה,גרמים,500.00,100 גרם,false,,6.90,0.0138,true,1,54884
8076802085738,false,ברילה צ.ק פנה רגטה מס' 73 500 גרם,ברילה גי.אי.אר פרטלי ס.פ,IT,ברילה,גרמים,500.00,100 גרם,false,,6.90,0.0138,true,1,54888
8076802085837,false,ברילה - צ.ק טורטליוני מס83 500 גרם,הנסיך- מפעל לייצור ט,IT,ברילה,גרמים,500.00,100 גרם,false,,6.90,0.0138,true,1,54889
8076802085936,false,פסטה ברילה קונצ'יגלי ריגטה 500 גרם,ברילה גי.אי.אר פרטלי ס.פ,IT,ברילה,גרמים,500.00,100 גרם,false,,6.90,0.0138,true,1,54890
8076802085981,false,ברילה - צ.ק פוזילי חדש 500 גרם,ברילה גי.אי.אר פרטלי ס.פ,IT,ברילה,גרמים,500.00,100 גרם,false,,6.90,0.0138,true,1,54891
8076808060654,false,פסטה פרפלה מספר 65 ברילה 500 גרם,ברילה גי.אי.אר פרטלי ס.פ,IT,ברילה,גרמים,500.00,100 גרם,false,,6.90,0.0138,true,1,54893
8076808070882,false,קנלוני מספר 88 ברילה 250 גרם,פאסטיפיקו ריגו אס.אר,IT,ברילה,גרמים,500.00,100 גרם,false,,10.90,0.0218,true,1,54894
8076808150072,false,ברילה - צ.א ספגטוני מס7 חדש 500 גרם,ברילה גי.אי.אר פרטלי ס.פ,IT,ברילה,גרמים,500.00,100 גרם,false,,6.90,0.0138,true,1,54895
8076809501415,false,ברילה קנלוני/פנה 500 ג' מצה פנה טרקולור 500 גרם,"ש. שסטוביץ בע""\מ",IT,ברילה,גרמים,500.00,100 גרם,false,,12.90,0.0258,true,1,54896
8076809512268,false,פסטה גירנדולה טורסדס מספר 34 ברילה 500 גרם,ברילה גי.אי.אר פרטלי ס.פ,IT,ברילה,גרמים,500.00,100 גרם,false,,6.90,0.0138,true,1,54897
8076809513388,false,רוטב לפסטה ארביאטה ברילה 400 גרם,ברילה גי.אי.אר פרטלי ס.פ,IT,ברילה,גרמים,400.00,100 גרם,false,,14.90,0.0373,true,1,54898
8076809513395,false,ברילה פומודורו רוטב עגבניות קלאסי 400 גר,ברילה גי.אי.אר פרטלי ס.פ,IT,ברילה,מיליליטרים,333.00,"100 מ""ל",false,,14.90,0.0447,true,1,54899
8076809513654,false,בסיס רוטב עגבניות לבולונז ברילה 400 גרם,ברילה גי.אי.אר פרטלי ס.פ,IT,ברילה,גרמים,400.00,100 גרם,false,,14.90,0.0373,true,1,54901
8076809513692,false,רוטב עגבניות נפולטנה בתוספת ירקות,ברילה גי.אי.אר פרטלי ס.פ,IT,ברילה,מיליליטרים,333.00,"100 מ""ל",false,,14.90,0.0447,true,1,54902
8076809513739,false,ברילה רוטב עגבניות עם בזיליקום 400 גרם,ברילה גי.אי.אר פרטלי ס.פ,IT,ברילה,גרמים,400.00,100 גרם,false,,14.90,0.0373,true,1,54904
8076809523561,false,רוטב עגבניות עם עשבי תיבול 400 ג' ברילה,ברילה גי.אי.אר פרטלי ס.פ,IT,ברילה,גרמים,400.00,100 גרם,false,,14.90,0.0373,true,1,54910
8076809523714,false,איטריות טליאטלה ברילה 500 גרם,"ש. שסטוביץ בע""\מ",IT,ברילה,גרמים,500.00,100 גרם,false,,20.90,0.0418,true,1,54912
8076809523738,false,דפי לזניה ברילה 500 גרם,ברילה גי.אי.אר פרטלי ס.פ,IT,ברילה,גרמים,500.00,100 גרם,false,,19.90,0.0398,true,1,54913
8076809529419,false,ספגטי מחיטה מלאה מס' 5 500 ג' ברילה,ברילה גי. אי. אר פרט,IT,ברילה,גרמים,500.00,100 גרם,false,,11.90,0.0238,true,1,54915
8076809529433,false,פסטה פנה ריגטה חיטה מלאה ברילה 500 גרם,"ש. שסטוביץ בע""\מ",IT,ברילה,גרמים,500.00,100 גרם,false,,11.90,0.0238,true,1,54916
8076809545440,false,ברילה איטריות ללא גלוטן 400 גר,ברילה ג'.אי.אר פרטלי,IT,ברילה,גרמים,400.00,100 גרם,false,,14.90,0.0373,true,1,54921
8076809545457,false,ברילה אטריות ללא גלוטן 400 ג' צינורות 400 ג',ברילה ג'.אי.אר פרטלי,IT,ברילה,גרמים,400.00,100 גרם,false,,14.90,0.0373,true,1,54922
8076809547956,false,ברילה - צ.ק קיפרי 500 גרם,ברילה ג'.אי.אר פרטלי,IT,ברילה,גרמים,500.00,100 גרם,false,,6.90,0.0138,true,1,54928
8121300206946,false,ממתיק סיטיביה טרוביה 80 שקיות אישיות,הרתסייד פוד,US,טרוביה,גרמים,80.00,100 גרם,false,,19.90,0.2487,true,1,40588
8121300209466,false,טרוביה-תחליף סוכר חום 320 גרם,טרוביה Truvia,US,*מבצע* טרוביה תחליף,גרמים,320.00,100 גרם,false,,27.90,0.0872,true,1,40592
8410076600622,false,חטיפי גרנולה קראנצ'י עם שוקולד מריר נייצ'ר ואלי 210 גרם,ג'נרל מילס סאן אדריאן,ES,נייטשר ואלי,גרמים,210.00,100 גרם,false,,18.90,0.0900,true,1,44441
8410076610379,false,"חטיף בוטנים, חלבון סויה ושוקולד מריר עם ציפוי בטעם שוקולד",סריילטו ספיין פודס,ES,נייצר ואלי,גרמים,160.00,100 גרם,false,,23.90,0.1494,true,1,44445
8410076610386,false,נייטשר ואלי פרוטאין בוטנים עם ציפוי בטעם קרמל מלוח 160 ג',ג'\נרל מילס סאן אדריאן S,ES,נייצר ואלי,גרמים,160.00,100 גרם,false,,23.90,0.1494,true,1,44446
8410076621047,false,עוגות אישיות בטעם שוקולד עם חתיכות בטעם שוקולד,"גלאטס סירו בע""\מ",ES,פייבר,גרמים,120.00,100 גרם,false,,12.90,0.1075,true,1,44466
8410104039134,false,"מנקה ומחדש מדיח כלים פיניש 250 מ""ל",הדקלאים אגודת שיתופי,PL,פיניש,מיליליטרים,250.00,"100 מ""ל",false,,14.90,0.0596,true,1,37251
8410104044916,false,פיניש אבקה למדיח 2.7 לימון,רקיט בנקיזר,PL,פיניש,קילוגרמים,2.70,"ק""ג",false,,39.90,14.7778,true,1,37252
8410104045111,false,"פיניש מלח למדיח כלים 2ק""ג",רקיט בנקיזר,IL,פיניש,קילוגרמים,2.00,"ק""ג",false,,14.90,7.4500,true,1,37253
8410104511340,false,ויט רצועות שעווה מוכנות לעור יבש 12 יחידות,רקיט בנקיזר צרפת,FR,ויט,יח',12.00,יח',false,,19.90,1.6583,true,1,37257
8410179100043,false,שמן זית בורחס מעולה750מל,בורחס אגריקולטורל וא,ES,שמן זית כתית מעולה,מיליליטרים,750.00,"100 מ""ל",false,,36.90,0.0492,true,1,55625
8420708012822,false,"גבינת קשקבל ספרדי, 200 גרם",מיוצר עי קונדיטוריית,ES,סאן ויסנצ'אה,גרמים,200.00,100 גרם,false,,24.90,0.1245,true,1,66053
8420822130600,false,"ספריי סופר מסיר שומנים 750מ""ל יעקבי",קה לורדה,ES,סופר מסיר שומנים 750,מיליליטרים,750.00,"100 מ""ל",false,,16.90,0.0225,true,1,43571
8420822130624,false,"ספריי סופר מסיר כתמים 750מ""ל יעקבי",קה לורדה,ES,סופר מסיר כתמים 750,מיליליטרים,750.00,"100 מ""ל",false,,18.90,0.0252,true,1,43572
8423207206488,false,סלים דליס חטיף דגנים מצופה שוקולד חלב מרבה 6*20 גרם,אף.סי תבליני בגליל ב,ES,מרבה,גרמים,120.00,100 גרם,false,,10.90,0.0908,true,1,54937
8423207206495,false,סלים דליס חטיף דגנים מצופה שוקולד מריר מרבה 6*20 גרם,אף.סי תבליני בגליל ב,ES,מרבה,גרמים,120.00,100 גרם,false,,10.90,0.0908,true,1,54938
8423207206501,false,סלים דליס חטיף דגנים עם שוקולד חלב מרבה 6*13 גרם,סלים דליס Slim Delis,ES,מרבה,גרמים,120.00,100 גרם,false,,10.90,0.0908,true,1,54939
8423207207362,false,חטיפי סלים דליס שוקולד לבן מרבה 6 יחידות,ביסנצ'ורי אס.אל.יו,ES,מרבה,גרמים,120.00,100 גרם,false,,10.90,0.0908,true,1,54940
8423207208260,false,מרבה סלים דליס 125 ג' ללא גלוטן שוקולד חלב,ביסנצ'ורי אס.אל.יו,ES,מרבה,גרמים,120.00,100 גרם,false,,10.90,0.0908,true,1,54941
8423207208680,false,חטיף דגנים שוקולד סלים דליס לילדים מרבה 6 יחידות,ביסנצ'ורי אס.אל.יו,ES,מרבה,גרמים,120.00,100 גרם,false,,10.90,0.0908,true,1,54942
8423207208697,false,חטיפי סלים דליס לילדים שוקולד לבן מרבה 6 יחידות,ביסנצ'ורי אס.אל.יו,ES,מרבה,גרמים,120.00,100 גרם,false,,10.90,0.0908,true,1,54943
8423207208703,false,חטיפי סלים דליס שוקולד מריר מרבה 6 יחידות,ביסנצ'ורי אס.אל.יו,ES,מרבה,גרמים,120.00,100 גרם,false,,10.90,0.0908,true,1,54944
8423207208871,false,פריכיות תירס בטעם טבעי סלים דליס 130 גרם,ביסנצ'ורי אס.אל.יו,ES,סלים דליס,גרמים,130.00,100 גרם,false,,8.90,0.0685,true,1,36873
8423207208888,false,פריכיות תירס בטעם עגבניות ועשבי תיבול סלים דליס 123 ג',ביסנצ'ורי אס.אל.יו,ES,סלים דליס,גרמים,123.50,100 גרם,false,,8.90,0.0721,true,1,36874
8423207208895,false,פריכיות תירס בטעם זיתים ועירית סלים דליס 123 ג',ביסנצורי אס.אל.יו. ג,ES,סלים דליס,גרמים,123.50,100 גרם,false,,8.90,0.0721,true,1,36875
8423207209885,false,מרבה חטיפי סלים דליס מהדורה מיוחדת שוקולד חלב,סלים דליס Slim Delis,ES,מרבה,גרמים,120.00,100 גרם,false,,10.90,0.0908,true,1,54948
8423207210287,false,מרבה סלים דליס שוקולד לבן בטעם יוגורט 120 ג',סלים דליס Slim Delis,ES,מרבה,גרמים,120.00,100 גרם,false,,10.90,0.0908,true,1,54949
8423207210928,false,חטיף דגנים מצופה שוקולד חלב ואגוזי לוז - 5 במארז,נוטרישן אנד סנטה קוב,ES,מרבה,גרמים,90.00,100 גרם,false,,10.90,0.1211,true,1,54950
8423207210942,false,חטיף דגנים מצופה שוקולד לבן ופירות יער,נוטרישן אנד סנטה קוב,ES,מרבה,גרמים,90.00,100 גרם,false,,10.90,0.1211,true,1,54951
8423207210966,false,חטיף רב דגנים מצופה שוקולד לבן קוקוס ולימון,נוטרישן אנד סנטה קוב,ES,מרבה,גרמים,90.00,100 גרם,false,,10.90,0.1211,true,1,54952
8423207210980,false,סלים דליס טופינג קליפת תפוז 90 גרם,נוטרישן אנד סנטה קוב,ES,מרבה,גרמים,90.00,100 גרם,false,,10.90,0.1211,true,1,54953
8424842050016,false,צ'יפס בטעם כמהין 125 גרם רביו,רביו,ES,צ'יפס בטעם כמהין 125,גרמים,125.00,100 גרם,false,,12.90,0.1032,true,1,69087
8424842050085,false,צ'יפס בטעם חרדל ודבש 125 גרם רביו,רביו,ES,צ'יפס בטעם חרדל ודבש,גרמים,125.00,100 גרם,false,,12.90,0.1032,true,1,69089
8425206000081,false,ריבת חלב מרדל 450 גרם,כלורוקס אוקלנד,ES,רנדי,גרמים,450.00,100 גרם,false,,16.90,0.0376,true,1,36876
8425206000142,false,ריבת חלב מרדל בקבוק לחיץ 370 גרם,MARDEL,ES,רנדי,גרמים,370.00,100 גרם,false,,16.90,0.0457,true,1,36877
8435495805199,false,"אבקת כביסה תינוקלין שקית 3 ק""ג.",מולינו ניקולי s.p.a,TR,Tinokleen,קילוגרמים,3.00,"ק""ג",false,,39.90,13.3000,true,1,44471
8435495807605,false,תינוקלין מרכך כביסה היפואלרגני מרוכז 1 ליטר,מולינו ניקולי s.p.a,TR,*מבצע* מרכך תינוקלין,מיליליטרים,1000.00,"100 מ""ל",false,,14.90,0.0149,true,1,44473
8435495807636,false,"תינוקלין ג'ל כביסה בייבי סנסטיב היפואלרגני, 2 ליטר",פרוקטר אנד גמבל,TR,תינוקלין,ליטרים,2.00,ליטר,false,,29.90,14.9500,true,1,44474
8435495819363,false,תינוקלין מרכך כביסה היפואלרגני 1 ליטר,פרוקטר אנד גמבל,TR,*מבצע* מרכך תינוקלין,מיליליטרים,1000.00,"100 מ""ל",false,,14.90,0.0149,true,1,44475
8445290341587,false,פנסי פיסט פטה דג לבן ועוף 85גר,נסטלה פורינה USA ג',US,פנסי פטה דג לבן ועוף,גרמים,85.00,100 גרם,false,,5.90,0.0694,true,1,64346
8445290341655,false,פנסי פיסט פטה עוף 85 גרם,נסטלה פורינה USA ג',US,פנסי פטה עוף 85 ג,גרמים,85.00,100 גרם,false,,5.90,0.0694,true,1,64348
8606018615827,false,גלידת וניל עם שברי עוגיות אוראו 480 גרם,פרונרי סרביה,RS,פיינט אוראו,יח',1.00,יח',false,,18.90,18.9000,true,1,46176
8606018615841,false,גלידה וניל עם ליבת שוקולד חלב מעולה 480 גרם,פרונרי סרביה,RS,פיינט מילקה וניל ליב,יח',1.00,יח',false,,18.90,18.9000,true,1,46177
8606018615865,false,פיינט מילקה קרמל ליבת שוקולד 480 גרם,פרונרי סרביה,RS,פיינט מילקה קרמל ליב,יח',1.00,יח',false,,18.90,18.9000,true,1,46178
8681982062372,false,סט 3 קופסאות אחסון,,,סט 3 קופסאות אחסון,יח',3.00,יח',false,,24.90,8.3000,true,1,71045
8682376710435,false,נייר טואלט 32 גלילים BELINNO,,TR,נייר טואלט בלינו 32,מטרים,512.00,מטר,false,,26.90,0.0525,true,1,72063
8683130008355,false,מיונז עם שום הלמנס לחיץ 400 גרם,יוניליוור ישראל שיווק בע,TR,HELLMANNS,גרמים,400.00,100 גרם,false,,14.90,0.0373,true,1,52138
8683130008935,false,"הלמנס קטשיונז 425 גר{הרב רלב""ג}",יוניליוור ישראל שיווק בע,TR,HELLMANNS,גרמים,425.00,100 גרם,false,,14.90,0.0351,true,1,52139
8683130025581,false,"מרכך כביסה מרוכז אקסטרה ענבר בדין 960 מ""ל",יבוא ושיווק: יוניליוור י,TR,BADIN,מיליליטרים,960.00,"100 מ""ל",false,,15.90,0.0166,true,1,52141
8683323063024,false,יוגטה שטיחים בטעם תותי פרוטי 220 גרם,ליימן מותגים,TR,יוגטה,גרמים,220.00,100 גרם,false,,5.90,0.0268,true,1,44479
8690325106093,false,פסטה פוזילי 400 גרם,TAT MAKARNA,TR,פסטה פוזילי 400 גרם,גרמים,400.00,100 גרם,false,,3.50,0.0088,true,1,68845
8690325116092,false,פסטה 400 גרם סטריפד,TAT MAKARNA,TR,פסטה 400 גרם סטריפד,גרמים,400.00,100 גרם,false,,3.50,0.0088,true,1,68846
8690325118096,false,פסטה פנה 400 גרם,TAT MAKARNA,TR,פסטה פנה 400 גרם,גרמים,400.00,100 גרם,false,,3.50,0.0088,true,1,68847
8690325122093,false,פסטה ספגטי 400 גרם,TAT MAKARNA,TR,פסטה ספגטי 400 גרם,גרמים,400.00,100 גרם,false,,3.50,0.0088,true,1,68848
8690504081920,false,מקוויטיס טינס מצופה שוקולד מריר 150 גרם,"אולקר ביסקווי סנאי, א.ס.",TR,ויסוצקי,גרמים,150.00,100 גרם,false,,9.90,0.0660,true,1,51135
8690504081937,false,טינס מצופה ש.חלב וקפוצ'ינו מקוויטיס 150 גרם,"אולקר ביסקווי סנאי,",TR,ויסוצקי,גרמים,150.00,100 גרם,false,,9.90,0.0660,true,1,51136
8690504153740,false,גודייבה שוקולד מריר במילוי קרם גנאש 86 גרם,ביסקוט ביסקווי סילבר,TR,*מבצע* טבלת ש. מריר,גרמים,86.00,100 גרם,false,,12.90,0.1500,true,1,51138
8690526009353,false,אי טי אי - מיני חטיף בוטנים נוגט קרמל מצופה שוקולד חלב 140 גרם,"GIDA ETI , טורקיה n\",TR,ETI,גרמים,140.00,100 גרם,false,,7.90,0.0564,true,1,40600
8690526019185,false,אי טי אי - וופל במילוי קרם שוקולד חלב 142 גרם,מולינו ניקולי s.p.a,TR,ETI,גרמים,142.00,100 גרם,false,,4.90,0.0345,true,1,40604
8690526029238,false,אתי מארז וופלים במילוי שוקולד מריר 50גרם,"GIDA ETI , טורקיה n\",TR,ETI,גרמים,150.00,100 גרם,false,,7.90,0.0527,true,1,40606
8690531032377,false,פלפלים קטנים חריפים במי מלח 340 גרם,גנגיר גידה,TR,דין שיווק,גרמים,350.00,100 גרם,false,,9.90,0.0283,true,1,65499
8690572783931,false,"פה - דאודורנט ספריי לגבר אינוויזיבל פאוואר 200 מ""ל",שוורצקופף והנקל,DE,פה,מיליליטרים,200.00,"100 מ""ל",false,,10.90,0.0545,true,1,35099
8690572784303,false,שמפו גליס Gliss לשיער ארוך Supreme Length,שוורצקופף והנקל,TR,גליס,מיליליטרים,400.00,"100 מ""ל",false,,16.90,0.0422,true,1,35100
8690572799529,false,"סאיוס - שמפו קרטין 500 מ""ל","הובי קוסמטיק, אנקרה, תור",TR,שמפו קרטין לוטוס כחו,מיליליטרים,500.00,"100 מ""ל",false,,12.90,0.0258,true,1,35120
8690637503856,false,ממרח הלמנס כ- 40% פחות שומן לעומת מיונז,אפפילד איסטנבול ייצור מז,TR,HELLMANNS,גרמים,355.00,100 גרם,false,,14.90,0.0420,true,1,52147
8690637504426,false,"קרם ניקוי סיף בניחוח לימון 500 מ""ל",יוניליוור סנאיי וי טיקאר,TR,CIF,מיליליטרים,500.00,"100 מ""ל",false,,10.90,0.0218,true,1,52148
8690637505607,false,בדין אקסטרה מרכך כביסה בניחוח פינוק כחול,יוניליוור סנאיי וי טיקאר,TR,BADIN,מיליליטרים,960.00,"100 מ""ל",false,,15.90,0.0166,true,1,52149
8690637555084,false,"מרכך כביסה מרוכז אקסטרה פריחת התפוז בדין 960 מ""ל",יוניליוור סנאיי וי טיקאר,TR,BADIN,מיליליטרים,960.00,"100 מ""ל",false,,15.90,0.0166,true,1,52155
8690637704277,false,"שמפו ומרכך לשיער רגיל 600 מ""ל דאב",יוניליוור טורקיה. אזור ת,TR,DOVE,מיליליטרים,600.00,"100 מ""ל",false,,15.90,0.0265,true,1,52171
8690637704291,false,שמפו לשיקום אינטנסיבי לשיער פגום,יוניליוור טורקיה. אזור ת,TR,DOVE,מיליליטרים,600.00,"100 מ""ל",false,,15.90,0.0265,true,1,52172
8690637704376,false,"שמפו לטיפוח יום יומי דאב 600 מ""ל",יוניליוור סנאיי וי טיקאר,TR,DOVE,מיליליטרים,600.00,"100 מ""ל",false,,15.90,0.0265,true,1,52173
8690637858734,false,גל לנ.כללי סיף אקונומיקה בנ.לימון 750 מל,יוניליוור ניקיון,IL,CIF,מיליליטרים,750.00,"100 מ""ל",false,,10.90,0.0145,true,1,52186
8690637858741,false,פנטסטיק סיף גל אקונמיקה בריח רוח ים 750,יונילוור - תורכיה,IL,CIF,מיליליטרים,750.00,"100 מ""ל",false,,10.90,0.0145,true,1,52187
8690637858758,false,פנטסטיק סיף גל אקונמיקה בריח אורנים 750,יונילוור - תורכיה,IL,CIF,מיליליטרים,750.00,"100 מ""ל",false,,10.90,0.0145,true,1,52188
8690637866654,false,תה ירוק קלאסי ליפטון 50 שקיקים 75ג',יוניליוור מזון,TR,ליפטון תה ירוק קלאסי,יח',50.00,יח',false,,24.90,0.4980,true,1,52191
8690637871061,false,"דאב שמפו עם שמן אבוקדו ותמצית קלנדולה 600 מ""ל",יונילוור - תורכיה,TR,DOVE,מיליליטרים,600.00,"100 מ""ל",false,,15.90,0.0265,true,1,52195
8690637871085,false,הלמנ'ס רוטב ברביקיו 285 גרם,יוניליוור,IL,הלמנס,גרמים,285.00,100 גרם,false,,11.90,0.0418,true,1,52197
8690637871108,false,הלמנ'ס ממרח חרדל 250 גרם,יוניליוור,IL,הלמנס,גרמים,250.00,100 גרם,false,,11.90,0.0476,true,1,52199
8690637916991,false,מרכך דאב עם שמן אבוקדו ותמצית קלנדולה600,יונילוור - תורכיה,TR,DOVE,מיליליטרים,600.00,"100 מ""ל",false,,15.90,0.0265,true,1,52207
8690637976995,false,"מרכך כביסה מרוכז אקסטרה ורוד סחלבים פראי בדין 960 מ""ל",יוניליוור סנאיי וי טיקאר,TR,BADIN,מיליליטרים,960.00,"100 מ""ל",false,,15.90,0.0166,true,1,52218
8690637989612,false,שלגון שמנת בטעם וניל עם ריפל בטעם שוקולד 246 גרם,יונילוור סנאיי וי טיג'\,TR,מגנום,גרמים,246.00,100 גרם,false,,31.90,0.1297,true,1,37358
8690766156367,false,גודייבה שוקולד חלב מעולה 90 גרם,"אולקר מקבוצת פלאדיס,",TR,גודייבה,גרמים,90.00,100 גרם,false,,11.90,0.1322,true,1,51151
8690766156381,false,גודייבה שוקולד מריר 90% מוצקי קקאו 90 גרם,"אולקר מקבוצת פלאדיס,",TR,גודייבה,גרמים,90.00,100 גרם,false,,11.90,0.1322,true,1,51153
8690766156404,false,שוקולד מריר גודייבה בטעם תפוז אדום 90 גר,גודייבה,TR,גודייבה,גרמים,90.00,100 גרם,false,,11.90,0.1322,true,1,51155
8690777203012,false,פלפלים ירוקים כבושים לא חריפים סרה ויליפוד 600 גרם,יוליניבר,TR,SERA,גרמים,300.00,100 גרם,false,,10.90,0.0363,true,1,41538
8690777204071,false,פלפלים כבושים חריפים סרה 320 גרם,יוליניבר,TR,SERA,גרמים,640.00,100 גרם,false,,10.90,0.0170,true,1,41539
8690777206051,false,חציל קלוי על האש סרה ויליפוד 650 גרם,קוראהן פזלרמה וי דיס,TR,SERA,גרמים,650.00,100 גרם,false,,10.90,0.0168,true,1,41540
8690777221405,false,פלפל אדום קלוי סרה ויליפוד 650 גרם,קוראהן פזלרמה וי דיס,TR,SERA,גרמים,650.00,100 גרם,false,,10.90,0.0168,true,1,41542
8690784516440,false,דאק נוזל לניקוי מתקדם בניחוח לבנדה בודד 750מל,"אס.סי.ג'\ונסון מידרכט, ה",NL,טואלט דאק נוזל,מיליליטרים,750.00,"100 מ""ל",false,,8.90,0.0119,true,1,38049
8691459106805,false,סט 3 קופסאות אטומות,,,סט 3 קופסאות אחסון,יח',3.00,יח',false,,24.90,8.3000,true,1,57704
8693357092518,false,שישיית כוסות מים שופ,,TR,שישיית כוסות מים שופ,יח',6.00,יח',false,,9.90,1.6500,true,1,31754
8697826469092,false,טורטיה קטנה שקדיה 540 גרם 12 יחידות,דין שיווק,TR,טורטיה קטנה 540 גרם,גרמים,540.00,100 גרם,false,,9.90,0.0183,true,1,65500
8698996001150,false,ממחטות כיס עשיריה מיילו,לילה,TR,מיילו,יח',100.00,יח',false,,5.90,0.0590,true,1,42069
8710428005762,false,תרכובת מזון לתינוקות על בסיס חלבון סויה איזומיל טף שלב 2,"אבוט מעבדות רפואיות בע""מ",NL,סימילאק,גרמים,400.00,100 גרם,false,,39.90,0.0997,true,1,66069
8710447224342,false,טרזמה שמפו עם קרטין 400 מל,"יוניליוור פולין, רחוב קר",PL,טרזמה,מיליליטרים,400.00,"100 מ""ל",false,,14.90,0.0373,true,1,52227
8710447284117,false,"ג'ל רחצה אקס בלאק 400 מ""ל",יוניליוור גרמניה (בו,DE,AXE,מיליליטרים,400.00,"100 מ""ל",false,,13.90,0.0348,true,1,52237
8710502064814,false,עוגיות מרבה שוקולד ציפס במרקם רך 175 גר,בנקטבקריי מרבה בי.וי,NL,עוגיות שוקולד ציפס,גרמים,225.00,100 גרם,false,,9.90,0.0440,true,1,54974
8710502139017,false,עוגיות מרבה טריפל שוקולד שוקוצ'יפס 180ג',בנקטבקריי מרבה בי.וי,NL,מרבה,גרמים,180.00,100 גרם,false,,9.90,0.0550,true,1,54976
8710502194801,false,"עוגיות שוקלד ציפס רכה פירות יער ""מרבה"" 175 גרם",בנקטבקריי מרבה בי.וי,NL,מרבה,גרמים,225.00,100 גרם,false,,9.90,0.0440,true,1,54977
8710502231018,false,מרבה מיני עוגיות שוקולד צ'יפס 175 גרם,"מרבה בע""\מ",NL,מרבה עוגיות שוקולד צ,גרמים,175.00,100 גרם,false,,10.90,0.0623,true,1,54979
8710502279010,false,מרבה עוגיות שוקולד צ'יפס מצופות שוקולד 175 גרם,"י.מרבה ישראל בע""מ",NL,עוגיות שוקולד ציפס,גרמים,225.00,100 גרם,false,,9.90,0.0440,true,1,54982
8710502285509,false,עוגיות לימון ושוקולד צ'יפס במרקם רך 175 ג' מרבה,בנקטבקריי מרבה בי.וי,NL,מרבה,גרמים,175.00,100 גרם,false,,9.90,0.0566,true,1,54983
8710502405204,false,עוגיות שוקולד צ'יפס עם קרם שוקולד מרבה 175 גרם,קריניציה ויטמינה אס,NL,מרבה,גרמים,225.00,100 גרם,false,,9.90,0.0440,true,1,54987
8710502470028,false,עוגיות שוקולד צ'יפס ממולאות בקרם נוגט,"מרבה בע""\מ",NL,מרבה,גרמים,160.00,100 גרם,false,,9.90,0.0619,true,1,54988
8710552274614,false,שמפו קצף לנ.שטיחים וניש קליה גולד 600 מל,קליה וניש Kalia Vanish,GB,וניש,מיליליטרים,600.00,"100 מ""ל",false,,29.90,0.0498,true,1,37259
8710800961310,false,סוכריות בטעם תות מנטוס 4*375 גרם,פרפטי ואן מלה ברדה,NL,מנטוס,גרמים,160.00,100 גרם,false,,10.90,0.0681,true,1,44525
8710847973970,false,"תחליב רחצה דאב אלוורה מי עץ שדר, 750 מ""ל","יוניליוור גרמניה, Gmbh &",DE,DOVE,מיליליטרים,750.00,"100 מ""ל",false,,15.90,0.0212,true,1,52266
8710908326691,false,"תחליב רחצה פרח האדמונית דאב 750 מ""ל",יוניליוור גרמניה (בו,DE,DOVE,מיליליטרים,750.00,"100 מ""ל",false,,15.90,0.0212,true,1,52284
8711000362631,false,קפסולות קפה תואמות נספרסו אוניקס 12 ל'אור 10 יחידות,גיקובס דאו אגברטס צרפת,FR,L'OR,גרמים,52.00,100 גרם,false,,16.90,0.3250,true,1,56776
8711000362679,false,קפסולות קפה תואמות נספרסו קולומביה 8 ל'אור 10 יחידות,ג'\ייקובס דאו אגרבטס צרפ,FR,L'OR,גרמים,52.00,100 גרם,false,,16.90,0.3250,true,1,56777
8711000362747,false,קפסולות קפה תואמות נספרסו ריסטרטו 11 ל'אור 10 יחידות,גיקובס דאו אגברטס צרפת,FR,L'OR,גרמים,52.00,100 גרם,false,,16.90,0.3250,true,1,56779
8711000371183,false,ג'ייקובס קפסולות קפה אספרסו אינטסו עוצמה 10,ג'ייקובס דאו אגברטס צרפת,FR,גייקובס,גרמים,52.00,100 גרם,false,,14.90,0.2865,true,1,56781
8711000371206,false,ג'ייקובס קפסולות קפה אספרסו ריסטרטו עוצמה 12,ג'ייקובס דאו אגברטס צרפת,FR,גייקובס,גרמים,52.00,100 גרם,false,,14.90,0.2865,true,1,56782
8711000397466,false,לור קפסולות קפה אספרסו נטול קפאית ריסטרטו 52 גרם,ג'ייקובס דאו אגברטס צרפת,FR,L'OR,גרמים,52.00,100 גרם,false,,16.90,0.3250,true,1,56784
8711327475663,false,"מגנום פיינט וניל שוקולד לבן 440 מ""ל","מפעל גלידות בווספרם, רחו",HU,פנטסיה,גרמים,260.00,100 גרם,false,,21.90,0.0842,true,1,37360
8711327475717,false,מגנום פיינט וניל שקדים 260 גרם,"מפעל גלידות בווספרם, רחו",HU,פנטסיה,גרמים,260.00,100 גרם,false,,21.90,0.0842,true,1,37361
8711327475762,false,"מגנום פיינט שוקולד לבן עוגיות 440 מ""ל","מפעל גלידות בווספרם, רחו",HU,פנטסיה,גרמים,260.00,100 גרם,false,,21.90,0.0842,true,1,37362
8712400802499,false,תרכובת מזון המשך לפעוטות על בסיס חלב שלב 1,נוטרישיה קאלק ב. ו.,NL,נוטרישה-נוטרילון,גרמים,800.00,100 גרם,false,,59.90,0.0749,true,1,56788
8712400802512,false,תרכובת מזון המשך לפעוטות על בסיס חלב שלב 2,נוטרישיה קאלק ב. ו.,NL,נוטרישה-נוטרילון,גרמים,800.00,100 גרם,false,,59.90,0.0749,true,1,56789
8712400802536,false,תרכובת מזון המשך לפעוטות על בסיס חלב שלב 3,נוטרישיה קאלק ב. ו.,NL,נוטרישה-נוטרילון,גרמים,800.00,100 גרם,false,,59.90,0.0749,true,1,56790
8712561594608,false,"דאב תחליב רחיצה להזנה עמוקה 750 מ""ל","יוניליוור גרמניה, Gmbh &",DE,DOVE,מיליליטרים,750.00,"100 מ""ל",false,,15.90,0.0212,true,1,52319
8712561611183,false,דאב סבון נוזלי 500 תמציות מלפפונים ותה,"יוניליוור גרמניה, Gmbh &",DE,DOVE,מיליליטרים,500.00,"100 מ""ל",false,,13.90,0.0278,true,1,52320
8712561611411,false,"תחליב רחצה בניחוח מלפפון ותה ירוק דאב 750 מ""ל","יוניליוור גרמניה, Gmbh &",DE,DOVE,מיליליטרים,750.00,"100 מ""ל",false,,15.90,0.0212,true,1,52321
8712561626286,false,"תחליב רחצה דאב זוהר כמשי 750 מ""ל",יוניליוור גרמניה (בו,DE,DOVE,מיליליטרים,750.00,"100 מ""ל",false,,15.90,0.0212,true,1,52323
8712561631570,false,"תחליב רחצה קוקוס ויסמין דאב 750 מ""ל",יוניליוור גרמניה (בו,DE,DOVE,מיליליטרים,750.00,"100 מ""ל",false,,15.90,0.0212,true,1,52324
8714599513781,false,"קפה נמס מיובש בהקפאה זהב צנצנת ג'ייקובס 200 גרם לל""ס",אל.אל. סי ג''יקובס דאו א,RU,ג'ייקובס,גרמים,200.00,100 גרם,false,,24.90,0.1245,true,1,56798
8714599513835,false,גי'קובס קרונונג נייט אנד דיי - נטול קופיאין,ג'ייקובס Jacobs,DE,ג'ייקובס נטול קפאין,גרמים,200.00,100 גרם,false,,32.90,0.1645,true,1,56799
8714599513866,false,"קפה נמס מיובש בהקפאה קרונג צנצנת ג'ייקובס 200 גרם לל""ס",אל.אל.סי גייקובס דאו,RU,ג'ייקובס,גרמים,200.00,100 גרם,false,,24.90,0.1245,true,1,56800
8714599630440,false,ג'ייקובס קפה נמס מיובש בהקפאה,ג'ייקובס Jacobs,,גייקובס,גרמים,270.00,100 גרם,false,,29.90,0.1107,true,1,72643
8714789177229,false,רבעיית מברשות שיניים קולגייט אקסטרה קלין 1 יחידה,הנסיך- מפעל לייצור ט,CN,קולגייט,יח',4.00,יח',false,,9.90,2.4750,true,1,54995
8714789402932,false,נוזל לניקוי כללי ורצפות בניחוח ורדי בוקר אג'קס 1.5 ליטר,הנסיך- מפעל לייצור ט,GR,אג'קס,ליטרים,1.50,ליטר,false,,15.90,10.6000,true,1,55003
8714789529561,false,"משחת שיניים סנסטיב פרו ריליף להלבנה קולגייט 75 מ""ל",קולגייט-פלמוליב,BR,קולגייט,מיליליטרים,75.00,"100 מ""ל",false,,17.90,0.2387,true,1,55007
8714789582764,false,אג'קס ספריי לניקוי חלונות ומשטחים,קולגייט-פלמוליב,GR,אג'קס,מיליליטרים,750.00,"100 מ""ל",false,,14.90,0.0199,true,1,55009
8714789930848,false,"משחת שיניים אופטיק וייט הלבנה מיידית קולגייט 75 מ""ל",הנסיך- מפעל לייצור ט,PL,קולגייט,מיליליטרים,75.00,"100 מ""ל",false,,19.90,0.2653,true,1,55019
8715700110141,false,מיונז קרמי היינץ צנצנת 460ג',ה.י.היינץ הולדינג בי.וי,NL,היינץ,גרמים,460.00,100 גרם,false,,10.90,0.0237,true,1,56808
8715700110158,false,היינץ ממרח במרקם קרמי צנצנת 490 גרם,ה.י.היינץ הולדינג בי.וי,NL,היינץ,גרמים,490.00,100 גרם,false,,10.90,0.0222,true,1,56809
8715700115641,false,ממרח מיונז לחיץ לייט במרקם קרמי 420 ג' היינץ,"פודליצקי ספ.ז.או.או,.",PL,היינץ,גרמים,420.00,100 גרם,false,,14.90,0.0355,true,1,56811
8715700118925,false,קטשופ היינץ חריף 460 גרם,ה.י. היינץ,NL,HEINZ,גרמים,460.00,100 גרם,false,,11.90,0.0259,true,1,72734
8715700419732,false,מתבל עגבניות היינץ 700 גרם,ה.י. היינץ,NL,היינץ,גרמים,700.00,100 גרם,false,,10.90,0.0156,true,1,56819
8715700422473,false,ממרח לכריכים וסלטים ללא ח. משמרים היינץ 395 גרם,ה.י. היינץ,NL,היינץ,גרמים,395.00,100 גרם,false,,14.90,0.0377,true,1,56824
8717163648667,false,"גל רחצה אקס לגבר אייס ציל 400 מ""ל",יוניליוור גרמניה (בו,GB,AXE,מיליליטרים,400.00,"100 מ""ל",false,,13.90,0.0348,true,1,52362
8717163655764,false,"רקסונה - דאודורנט ספריי לאישה שוואר פרש 150 מ""ל","קוסטר אירוסול, גבזה 4140",GB,REXONA,מיליליטרים,150.00,"100 מ""ל",false,,11.90,0.0793,true,1,52364
8717163655825,false,"רקסונה דאו' ספריי לנשים בניחוח כותנה, 150 מ""ל","קוסטר אירוסול, גבזה 4140",GB,REXONA,מיליליטרים,150.00,"100 מ""ל",false,,11.90,0.0793,true,1,52365
8717677336593,false,שוקולד חלב טוניס' שוקולונלי 180 גרם,טוניס/שוקולונלי,NL,טבלאות שוקולד חלב טו,גרמים,180.00,100 גרם,false,,17.90,0.0994,true,1,44526
8717677336630,false,שוקולד חלב עם שקדים ודבש טוניס' שוקולונלי 180 גרם,טוניס/שוקולונלי,NL,טבלאות שוקולד חלב עם,גרמים,180.00,100 גרם,false,,17.90,0.0994,true,1,44528
8717677338436,false,שוקולד חלב עם אגוזי לוז טוניס' שוקולונלי 180 גרם,טוניס/שוקולונלי,NL,טבלאות שוקולד חלב עם,גרמים,180.00,100 גרם,false,,17.90,0.0994,true,1,44531
8718114724485,false,מיונז לחיץ הלמנס 705,יוניליוור,GB,מיונז לחיץ הלמנס 705,גרמים,705.00,100 גרם,false,,15.90,0.0226,true,1,71909
8718114734484,false,מיונז מאילי 320 גר צ,יונילבר צרפת,FR,בונגראן,גרמים,320.00,100 גרם,false,,16.90,0.0528,true,1,66058
8718951030169,false,"קולגייט סנסיטיב הלבנה המסייעת בהגנה לשיניים רגישות 75 מ""ל",קולגייט Colgate,PL,קולגייט,מיליליטרים,75.00,"100 מ""ל",false,,17.90,0.2387,true,1,55025
8718951030206,false,"קולגייט סנסיטיב פרוטקשן משחת שיניים לשיניים רגישות 75 מ""ל",קולגייט-פלמוליב,PL,קולגייט,מיליליטרים,75.00,"100 מ""ל",false,,17.90,0.2387,true,1,55026
8718951044913,false,מרידול משחת שיניים להלבנה 75 מל,קולגייט פלמוליב,PL,מרידול,מיליליטרים,75.00,"100 מ""ל",false,,21.90,0.2920,true,1,55028
8718951144064,false,מרידול מברשת שיניים פרודונט אקספרט זוג,"ש. שסטוביץ בע""\מ",CH,מברשת שיניים מרידול זוג,יח',2.00,יח',false,,24.90,12.4500,true,1,55044
8718951159808,false,מברשות שיניים 360 מדיום- מארז שלישייה,קולגייט-פלמוליב,CN,קולגייט,יח',3.00,יח',false,,24.90,8.3000,true,1,55046
8718951166288,false,"משחת שיניים קולגייט מקס וייט 125 מ""ל",הנסיך- מפעל לייצור ט,PL,קולגייט,מיליליטרים,125.00,"100 מ""ל",false,,12.90,0.1032,true,1,55050
8718951166561,false,משחת שיניים לרעננות מוגברת max fresh cooling crystals,הנסיך- מפעל לייצור ט,PL,קולגייט,מיליליטרים,125.00,"100 מ""ל",false,,12.90,0.1032,true,1,55051
8718951176874,false,קולגייט שטיפת פה לילדים מיניונים 250 מל,קולגייט-פלמוליב,PL,*מבצע* מי פה קולגייט,מיליליטרים,250.00,"100 מ""ל",false,,9.90,0.0396,true,1,55059
8718951236790,false,"קולגייט טוטאל משחת שיניים קלין מינט לפה בריא 100 מ""ל",קולגייט פלמוליב,PL,קולגייט,מיליליטרים,100.00,"100 מ""ל",false,,16.90,0.1690,true,1,55069
8718951236813,false,"קולגייט טוטאל משחת שיניים ניקוי מתקדם לפה בריא יותר 100 מ""ל",קולגייט פלמוליב,PL,קולגייט,מיליליטרים,100.00,"100 מ""ל",false,,16.90,0.1690,true,1,55071
8718951259409,false,"פלמוליב תחליב רחצה נטורלס לעור עדין 750 מ""ל",קולגייט פלמוליב,IT,פלמוליב תחליב רחצה נ,מיליליטרים,750.00,"100 מ""ל",false,,19.90,0.0265,true,1,69295
8718951264618,false,"קולגייט אופטיק וייט פחם צ'רקול משחת שיניים, 75 מ""ל",קולגייט-פלמוליב,PL,קולגייט,מיליליטרים,75.00,"100 מ""ל",false,,24.90,0.3320,true,1,55078
8718951286672,false,"משחת שיניים לחניכיים, 75 מ""ל קולגייט",קולגייט פלמוליב,PL,משחת שיניים קולגייט,מיליליטרים,75.00,"100 מ""ל",false,,24.90,0.3320,true,1,70536
8718951286733,false,"קולגייט אופטיק וייט לסטינג וייט משחת שיניים 75 מ""ל",קולגייט Colgate,PL,קולגייט,מיליליטרים,75.00,"100 מ""ל",false,,29.90,0.3987,true,1,55082
8718951290150,false,מי פה לחניכיים Gum Invigorate רעננות וטיהור החניכיים קולגייט 360ג',שסטוביץ,PL,מי פה קולגייט גאם לח,מיליליטרים,500.00,"100 מ""ל",false,,24.90,0.0498,true,1,70537
8718951313927,false,"סבון ידיים משאבה פלמוליב חימר טונוס 300 מ""ל",פלמוליב Palmolive,TR,פלמוליב,מיליליטרים,300.00,"100 מ""ל",false,,10.90,0.0363,true,1,55091
8718951315303,false,"קולגייט אדומה משחת שיניים להגנה מפני עששת 2*100 מ""ל",קולגייט-פלמוליב,PL,קולגייט,מיליליטרים,200.00,"100 מ""ל",false,,16.90,0.0845,true,1,55093
8718951381292,false,"משחת שיניים מקס דיטוקס פואם קולגייט 125 מ""ל",קולגייט Colgate,PL,קולגייט,מיליליטרים,125.00,"100 מ""ל",false,,12.90,0.1032,true,1,55120
8718951382787,false,"משחת שיניים אופטיק וויט חימר ומינרלים 75 מ""ל קולגייט",קולגייט Colgate,PL,קולגייט,מיליליטרים,75.00,"100 מ""ל",false,,29.90,0.3987,true,1,55124
8718951385290,false,נוזל לניקוי כללי ורצפות אג'קס 2 ליטר,קולגייט פלמוליב,GR,אג'קס,ליטרים,2.00,ליטר,false,,19.90,9.9500,true,1,55125
8718951400474,false,"תחליב רחצה קמליה ושקדים ללא משאבה750 מ""ל פלמולי",קולגייט פלמוליב,TR,פלמוליב תחליב רחצה ק,מיליליטרים,750.00,"100 מ""ל",false,,19.90,0.0265,true,1,55129
8718951409798,false,זוג מברשות שיניים מקס וויט פחם קולגייט,הנסיך- מפעל לייצור ט,PL,קולגייט מברשת מקס וו,יח',2.00,יח',false,,24.90,12.4500,true,1,55131
8718951412378,false,משחת שיניים לחניכיים רגישות ולנשימה רעננה,קולגייט פלמוליב,PL,*מבצע* מרידול משחת ש,מיליליטרים,75.00,"100 מ""ל",false,,19.90,0.2653,true,1,55132
8718951428492,false,"פלמוליב סבון רחצה לגבר 4ב1 מועשר בפחם 750 מ""ל",שסטוביץ,TR,סבון רחצה לגבר 4 ב-,מיליליטרים,750.00,"100 מ""ל",false,,19.90,0.0265,true,1,55135
8718951428522,false,"פלמוליב סבון רחצה לגבר 4 ב-1 המפ 750 מ""ל",שסטוביץ,TR,סבון רחצה לגבר 4ב1פל,מיליליטרים,750.00,"100 מ""ל",false,,19.90,0.0265,true,1,55136
8718951433120,false,קולגייט טוטאל משחת שיניים לילדים לגילאי,קולגייט פלמוליב,PL,קולגייט טוטאל ג'וניו,מיליליטרים,50.00,"100 מ""ל",false,,16.90,0.3380,true,1,55138
8718951466371,false,"משחת שיניים מרידול 75 מ""ל",קולגייט פלמוליב,PL,מרידול,גרמים,75.00,100 גרם,false,,19.90,0.2653,true,1,55145
8718951470538,false,קולגייט משחת שיניים מקס פרש ביטיוב 125*2 כשלפ,קולגייט פלמוליב,PL,קולגייט מקס פרש 2*12,מיליליטרים,250.00,"100 מ""ל",false,,29.90,0.1196,true,1,55147
8718951509627,false,"קולגייט אופטיק וייט לאוהבי קפה ותה משחת שיניים 75 מ""ל",קולגייט פלמוליב,PL,קולגייט,מיליליטרים,75.00,"100 מ""ל",false,,24.90,0.3320,true,1,55150
8719128117256,false,"סירופ סבן אפ 440 מ""ל סודהסטרים",סודה סטרים,IL,*מבצע* סירופ סבן אפ,מיליליטרים,440.00,"100 מ""ל",false,,19.90,0.0452,true,1,46228
8719128117263,false,"סירופ מירנדה 440 מ""ל סודהסטרים",סודה סטרים,IL,*מבצע* סירופ מירנדה,מיליליטרים,440.00,"100 מ""ל",false,,19.90,0.0452,true,1,46229
8719200997998,false,מרגרינה למריחה בישול וטיגון 200 ג' בלו בנד,אתר חיפה מרגרינה - F,IL,BLUE BAND,גרמים,200.00,100 גרם,false,,4.50,0.0225,true,1,56827
8719200998001,false,מרגרינה לאפיה ובישול בלי מלח 200 ג' בלו בנד,יוניליוור ישראל מזון בע\,IL,BLUE BAND,גרמים,200.00,100 גרם,false,,4.50,0.0225,true,1,56828
8719200998018,false,מחמאה מרגרינה בטעם חמאה בלובנד 200 גרם,"מיוצר ע""\י יוניליוור ישר",IL,BLUE BAND,גרמים,200.00,100 גרם,false,,4.60,0.0230,true,1,56829
8720181046605,false,דאב - דאודורנט ספריי לאישה אורגינל כחול 150מל,"יוניליוור אנגליה, דרך קו",TR,DOVE,מיליליטרים,150.00,"100 מ""ל",false,,14.90,0.0993,true,1,52395
8720181046612,false,"דאב - דאודורנט רול און לאישה אורגינל 50 מ""ל","יוניליוור אנגליה, דרך קו",GB,DOVE,מיליליטרים,50.00,"100 מ""ל",false,,14.90,0.2980,true,1,52396
8720181114489,false,"אקס - דאודורנט ספריי לגבר בלק 150 מ""ל",יוניליוור,GB,דאו אקס ספריי שחור,מיליליטרים,150.00,"100 מ""ל",false,,9.90,0.0660,true,1,64682
8720181114496,false,"אקס - דאודורנט ספריי לגבר שוקולד 150 מ""ל",יוניליוור,GB,דאו אקס ספריי חום,מיליליטרים,150.00,"100 מ""ל",false,,9.90,0.0660,true,1,64683
8723400756552,false,מארז סוכריות מנטוס Mentos ריינבואו,פרפטי ואן מלה ברדה,NL,מנטוס,גרמים,160.00,100 גרם,false,,10.90,0.0681,true,1,44532
8723400782520,false,מנטוס סוכריות לעיסה בתפזורת בטעם פירות 160 ג',פרפטי ואן מלה,NL,סוכריות מנטוס בשקית,גרמים,160.00,100 גרם,false,,9.90,0.0619,true,1,44537
8801055707966,false,קפה טייסטר צו'יס נס קפה בריסטה 180ג',נסטלה קוריאה - קפה,KR,TASTER'S CHOICE,גרמים,180.00,100 גרם,false,,29.90,0.1661,true,1,34958
8801055709472,false,נסטלה - נסקפה קפוצ'ינו קלאסי 12.50 גרם * 10,נסטלה קוריאה - קפה,KR,נסקפה קפוצ'ינו קלאסיק 10*,גרמים,125.00,100 גרם,false,,17.90,0.1432,true,1,34966
8809168840471,false,חטיף אצות מיובשות 9*4.5 גרם,ג'י וואן גלובול נאט,KR,חטיף אצות מיובשות,יח',9.00,יח',false,,24.90,2.7667,true,1,60341
8850180040028,false,קמח טמפורה להכנת בלי,קרנחם אוטאי פחרה,TH,gogi,גרמים,500.00,100 גרם,false,,10.90,0.0218,true,1,60342
8850206250592,false,רוטב צ'ילי סריראצ'ה 540 גרם,יאן וואל יון קו.לטד,TH,רוטב צ'ילי סיראצ'ה 5,גרמים,530.00,100 גרם,false,,19.90,0.0375,true,1,60343
8850367300266,false,תערובת חמשת תבלינים 50 גרם,theppadungporn cocon,TH,תערובת חמשת תבלינים,גרמים,50.00,100 גרם,false,,9.90,0.1980,true,1,60346
8850367992164,false,קרם קוקוס 250 מל 20-22% ללא חומר משמר,טאפאדונגפורן קוקנט,TH,chaokkou,מיליליטרים,250.00,"100 מ""ל",false,,7.90,0.0316,true,1,60349
8850367992171,false,קרם קוקוס 1 ליטר 20-22% ללא חומר משמר,טאפאדונגפורן קוקינט,TH,chaokkou,מיליליטרים,1000.00,"100 מ""ל",false,,24.90,0.0249,true,1,60350
8850367994786,false,מחית קארי אדומה 50 גרם,טאפאדונגפורן קוקינט,TH,מחית קארי אדומה 50 ג,גרמים,50.00,100 גרם,false,,5.90,0.1180,true,1,60360
8850389103111,false,סאפי משקה אלוורה בטעם ענבים 300מל,סאפה פובליק קומפני ל,TH,משקה סאפה ענבים 300,מיליליטרים,300.00,"100 מ""ל",false,,6.90,0.0230,true,1,42762
8850389104637,false,"משקה קל סאפה אלוורה אפרסק 300 מ""ל",סאפה פובליק קומפני ל,TH,משקה סאפה אפרסק 300,מיליליטרים,300.00,"100 מ""ל",false,,6.90,0.0230,true,1,42764
8850389105825,false,משקה אלוורה בטעם ענבים סאפה 1 ליטר,סאפה פובליק קומפני לימיט,TH,סאפה,ליטרים,1.00,ליטר,false,,12.70,12.7000,true,1,42765
8850389105832,false,סאפה משקה אלוורה בטעם תפוח עם קוביות אלוורה 1 ליטר,סאפה פובליק קומפני לימיט,TH,סאפה,ליטרים,1.00,ליטר,false,,12.70,12.7000,true,1,42766
8850389105849,false,סאפה משקה אלוורה מופחת קלוריות בטעם אפרסק 1 ליטר,סאפה פובליק קומפני לימיט,TH,סאפה,ליטרים,1.00,ליטר,false,,12.70,12.7000,true,1,42767
8850389115336,false,משקה אלוורה בטעם מלון סאפה 1 ליטר,סאפה פובליק קומפני לימיט,TH,סאפה,ליטרים,1.00,ליטר,false,,12.70,12.7000,true,1,42772
8850632604259,false,"יוגטה, חיספוסים, ממתק חמוץ בצורת מקלות בטעם תות שדה,50 גרם",ג'נרל קנדי בעמ,TH,יוגטה,יח',24.00,יח',false,,3.90,0.1625,true,1,44540
8850632604266,false,"יוגטה, ממתק חמוץ בצורת מקלות בטעם קולה, 50 גרם",ג'נרל קנדי בעמ,TH,יוגטה,יח',24.00,יח',false,,3.90,0.1625,true,1,44541
8850632604372,false,"יוגטה, חיספוסים בצורת שטיח בטעם תות שדה 50 גרם",ג'נרל קנדי בעמ,TH,יוגטה,יח',24.00,יח',false,,3.90,0.1625,true,1,44542
8850632604402,false,יוגטה חיספוסים בטעם מעורב תות שדה אבטיח ענבים בננה 50 גרם,"ג'נרל קנדי בע""מ",TH,יוגטה,יח',24.00,יח',false,,3.90,0.1625,true,1,44543
8850632605201,false,"יוגטה, חיספוסים, ממתק חמוץ בצורת שטיח, בטעם מעורב- תות בננה, תפוח, תפוז, 50 גרם",הדקלאים אגודת שיתופי,TR,יוגטה,יח',24.00,יח',false,,3.90,0.1625,true,1,44544
8852633020403,false,פניני טפיוקה 500 גרם (כשר),super j internationa,TH,פניני טפיוקה 500 גרם,גרמים,500.00,100 גרם,false,,11.90,0.0238,true,1,60365
8858271002887,false,רוטב טריאקי 250 מ'ל - מקסצ'אפ,דאנינג יוה פודס קו,TH,מזרח ומערב,מיליליטרים,250.00,"100 מ""ל",false,,9.90,0.0396,true,1,60369
8858271003020,false,רוטב סויה פורמולה 1 - 700 מ'ל מקסצ'אפ,יאן ונזל יון,TH,רוטב סויה פורמולה 1,מיליליטרים,700.00,"100 מ""ל",false,,15.90,0.0227,true,1,60370
8858271003075,false,"רוטב סויה מתוקה מקסצ'אפ 700 מ""ל",דאנינג יוה פודס קו,TH,maxchup,מיליליטרים,700.00,"100 מ""ל",false,,16.90,0.0241,true,1,60373
8858271003136,false,רוטב פטריות צמחוני 250 מ'ל - מקסצ'אפ,מזרח ומערב,TH,MAXCHUP,מיליליטרים,250.00,"100 מ""ל",false,,10.90,0.0436,true,1,60374
8858271004126,false,רוטב חמוץ מתוק 700 מ'ל - מקסצ'אפ,יאן ונזל יון,TH,maxchup,מיליליטרים,700.00,"100 מ""ל",false,,15.90,0.0227,true,1,60379
8858271004300,false,רוטב טריאקי 700 מ'ל מקסצ'אפ,דאנינג יוה פודס קו,TH,maxchup,מיליליטרים,700.00,"100 מ""ל",false,,19.90,0.0284,true,1,60380
8888111030053,false,"מיץ אננס SW טבעי מארז 240X4מ""ל פרימיום",אקו - ביט,PH,S&W,מיליליטרים,960.00,"100 מ""ל",false,,14.90,0.0155,true,1,37433
8901138825591,false,"משחת שיניים הימלאיה מלבינה 75 מ""ל",הימלאיה Himalaya,IN,הימלאיה,מיליליטרים,75.00,"100 מ""ל",false,,14.90,0.1987,true,1,50009
8901537024014,false,DAAWAT אורז בסמטי מובחר ויליפוד 1 קג,הנסיך- מפעל לייצור ט,IN,DAAWAT,קילוגרמים,1.00,"ק""ג",false,,11.90,11.9000,true,1,41559
8997206332016,false,סוכר קוקוס אורגני 454 גרם אינדונזיה,קוקו שוגאר,ID,סוכר קוקוס אורגני,גרמים,454.00,100 גרם,false,,19.90,0.0438,true,1,69023
9000100760591,false,"פה - דאודורנט רול און לגבר אינוויזיבל פאוואר 50 מ""ל",שוורצקופף והנקל,TR,פה,מיליליטרים,50.00,"100 מ""ל",false,,10.90,0.2180,true,1,35124
9000101375268,false,ברף דלקס שלישייה ניחוח יסמין,הנקל,RS,ברף דלקס סבון אסלה ב,גרמים,193.00,100 גרם,false,,19.90,0.1031,true,1,57005
9000101375299,false,ברף דלקס שלישייה ניחוח מגנוליה,הנקל,RS,ברף דלקס סבון אסלה ב,גרמים,193.00,100 גרם,false,,19.90,0.1031,true,1,57006
9000101418163,false,"סבון אסלה בניחוח מתחלף תפוח ירוק נופר, 3 יחידות",ברף Bref,RS,ברף בניחוח מתחלף תפו,גרמים,193.00,100 גרם,false,,19.90,0.1031,true,1,57010
9000101509151,false,ברף - סבון אסלה ג'ל אוקיינוס הקרח הצפוני שלשות,הנקל,RS,ברף בריליאנט ג'ל סבו,גרמים,126.00,100 גרם,false,,19.90,0.1579,true,1,57012
9000101537550,false,פרסיל קאפסולות לכביסה לבנה וצבעונית 52 יח',הנקל סוד,HU,*מבצע* פרסיל פאוור ק,יח',52.00,יח',false,,47.90,0.9212,true,1,57017
9000101548211,false,קולור קאצ'ר לוכד צבעים40,הנקל סוד,IE,דפים למכונת כביסה 40,יח',40.00,יח',false,,29.90,0.7475,true,1,71021
9000133236735,false,מיני בול מכבי כדורי גבינה מותכת 29% 100 ג' ארצינו,"שרייבר אנד רופ בע""מ",AT,מכבי,גרמים,100.00,100 גרם,false,,22.90,0.2290,true,1,55710
9001395807015,false,שוקולד בננית בטעם שוקו בננה 300 גרם,פרנס הואו סווירט,AT,חטיף בננה מצופה,גרמים,300.00,100 גרם,false,,9.90,0.0330,true,1,55252
9001616702976,false,"בקבוק לתינוק מאם 270 מ""ל",General,HU,מאמ,יח',1.00,יח',false,,39.90,39.9000,true,1,60815
9008700128575,false,נקטר פסיפלורה 1 ל' RAUCH,ראוך Rauch,AT,נקטר פסיפלורה 1 ליטר,ליטרים,1.00,ליטר,false,,11.20,11.2000,true,1,53883
9120025834723,false,חטיף אוראו מצונן 120 גרם,בובארד איטליה אס.פי.,IT,חטיף אוראו מצונן 120,גרמים,120.00,100 גרם,false,,14.90,0.1242,true,1,41561
9120025839896,false,חטיף מילקה מצונן 128 גרם,בובארד איטליה אס.פי.,IT,חטיף מילקה מצונן 128,גרמים,128.00,100 גרם,false,,14.90,0.1164,true,1,41562
9120097310545,false,חטיף מיני מיניונים מצונן 102.5 ג' CHOCO BITE,בובארד,IT,חטיף מיני מיניונים מ,גרמים,102.50,100 גרם,false,,14.90,0.1454,true,1,70378
9310072028750,false,טים טם Tim Tam וופל שוקולד ציפוי כפול,"ארנוטס ביסקוויטס בע""",AU,טים טם,גרמים,200.00,100 גרם,false,,19.90,0.0995,true,1,32947
9720188050109,false,ממרח על בסיס סויה בסגנון גבינה טופוטי 225 גרם,טופוטי ברנדס אינק.ג',IL,משק צוריאל,גרמים,225.00,100 גרם,false,,19.90,0.0884,true,1,48704
9720188060108,false,ממרח על בסיס סויה בסגון שמנת טופוטי 340 גרם,טופוטי ברנדס אינק.ג',IL,משק צוריאל,גרמים,340.00,100 גרם,false,,19.90,0.0585,true,1,48705
