code,internal_code,name,manufacturer_name,manufacture_country,manufacturer_item_description,unit_qty,quantity,unit_of_measure,weighted,qty_in_package,price,unit_of_measure_price,allow_discount,status,item_id
319,true,תו סיבוס פטור מעמ,ספקים שונים,,,יח`,1,,false,1,0.01,0.01,false,1,
321,true,תן ביס פטור מעמ,ספקים שונים,,,יח`,1,,false,1,0.01,0.01,false,1,
600,true,סנדוויץ`עובד,קבוצת אסם סחר שות. מוגבלת,,,יח`,1,,false,1,3,3,false,1,
2001,true,אשכולית,פירות בני דרור בעמ,,,"ק""ג",1,,true,1,6.90,6.90,false,1,
2002,true,אשכולית אדומה,תעשיות תוצרת חקלאית אביטן בני,,,"ק""ג",1,,true,1,6.90,6.90,false,1,
2003,true,אבוקדו,גליל שוק מקומי אגשח*שיק ל60 יו,,,"ק""ג",1,,true,1,9.90,9.90,false,1,
2006,true,ארטישוק,אנונה שיווק בעמ*שיק 45 יום*,,,"ק""ג",1,,true,1,29.90,29.90,false,1,
2007,true,בטטה,משק כרמי ייצור ושיווק תוצרת*שי,,,"ק""ג",1,,true,1,9.90,9.90,false,1,
2009,true,בננות,גליל שוק מקומי אגשח*שיק ל60 יו,,,"ק""ג",1,,true,1,7.90,7.90,false,1,
2010,true,בצל יבש,רביבו יהודה חקלאות ונכסים בעמ,,,"ק""ג",1,,true,1,6.90,6.90,true,1,
2012,true,אננס,פירות הכרמל אגשח בעמ*שיק 45 יו,,,יח`,1,,false,1,30,30,false,1,
2013,true,גויאבה,אלדד קליימן שיווק בעמ*שיק 40 י,,,"ק""ג",1,,true,1,12.90,12.90,false,1,
2015,true,דלעת,שוסטר תעשיות מזון בעמ*שיק ל 60,,,"ק""ג",1,,true,1,9.90,9.90,false,1,
2016,true,דלורית,שוסטר תעשיות מזון בעמ*שיק ל 60,,,"ק""ג",1,,true,1,7.90,7.90,false,1,
2017,true,תפוח זהוב,בראשית - אגודה שיתופית*שיק 45,,,"ק""ג",1,,true,1,10.90,10.90,false,1,
2019,true,חסה עגולה,הירוקים של רצון בעמ,,,יח`,1,,false,1,5.90,5.90,false,1,
2020,true,חסה רגילה,הירוקים של רצון בעמ,,,יח`,1,,false,1,5.90,5.90,false,1,
2021,true,חצילים,שיווק העשור ירקות הזהב*שיק 30,,,"ק""ג",1,,true,1,8.90,8.90,false,1,
2023,true,תפוח יונתן,בראשית - אגודה שיתופית*שיק 45,,,"ק""ג",1,,true,1,14.90,14.90,false,1,
2024,true,כרוב לבן,תעשיות תוצרת חקלאית אביטן בני,,,"ק""ג",1,,true,1,3.90,3.90,true,1,
2025,true,כרובית,ד.ע. ימין גידול ושיווק ירקות*ש,,,"ק""ג",1,,true,1,8.90,8.90,false,1,
2027,true,לימון,גליל שוק מקומי אגשח*שיק ל60 יו,,,"ק""ג",1,,true,1,9.90,9.90,false,1,
2028,true,מלפפון,נסים מאיר חקלאי בעמ*שיק 30 יום,,,"ק""ג",1,,true,1,6.90,6.90,false,1,
2029,true,מלון,בננות החוף אגשח בעמ,,,"ק""ג",1,,true,1,9.90,9.90,false,1,
2033,true,תפוח סמיט,בראשית - אגודה שיתופית*שיק 45,,,"ק""ג",1,,true,1,10.90,10.90,false,1,
2034,true,תפוח סטארקינג חרמון,בראשית - אגודה שיתופית*שיק 45,,,"ק""ג",1,,true,1,10.90,10.90,false,1,
2035,true,סלק,מלוא הסל שיווק ירקות בעמ*שיק 3,,,"ק""ג",1,,true,1,6.90,6.90,false,1,
2036,true,עגבניה,שיווק העשור ירקות הזהב*שיק 30,,,"ק""ג",1,,true,1,6.90,6.90,true,1,
2039,true,פומלה,מהדרין תנופורט יצוא *שיק 30 יו,,,"ק""ג",1,,true,1,9.90,9.90,false,1,
2040,true,פלפל ירוק,ינאי - מרכז פרי והירק בעמ*שיק,,,"ק""ג",1,,true,1,10.90,10.90,false,1,
2041,true,פלפל חריף,שיווק העשור ירקות הזהב*שיק 30,,,"ק""ג",1,,true,1,10.90,10.90,false,1,
2044,true,צנון,עמית בראון שיווק עמ*שיק 40 יום,,,"ק""ג",1,,true,1,6.90,6.90,false,1,
2046,true,קולורבי,תעשיות תוצרת חקלאית אביטן בני,,,"ק""ג",1,,true,1,9.90,9.90,false,1,
2047,true,קלמנטינה,תעשיות תוצרת חקלאית אביטן בני,,,"ק""ג",1,,true,1,7.90,7.90,false,1,
2048,true,קישואים,אשר שי אלבז *שיק 30 יום*,,,"ק""ג",1,,true,1,9.90,9.90,false,1,
2049,true,קיווי,בראשית - אגודה שיתופית*שיק 45,,,"ק""ג",1,,true,1,9.90,9.90,false,1,
2050,true,פומלית,תעשיות תוצרת חקלאית אביטן בני,,,"ק""ג",1,,true,1,9.90,9.90,false,1,
2051,true,לפת,מלוא הסל שיווק ירקות בעמ*שיק 3,,,"ק""ג",1,,true,1,6.90,6.90,false,1,
2054,true,שומר,תעשיות תוצרת חקלאית אביטן בני,,,"ק""ג",1,,true,1,7.90,7.90,false,1,
2058,true,תפוא לבן,עוגן שיווק ואריזות בעמ,,,"ק""ג",1,,true,1,3.90,3.90,true,1,
2059,true,תפוזים,הדרי קטיף אריזה ושיווק בעמ*שיק,,,"ק""ג",1,,true,1,6.90,6.90,false,1,
2060,true,תירס ארוז,צמח שיווק תוצרת חקלאית *שיק 30,,,"ק""ג",1,,true,1,10.90,10.90,false,1,
2061,true,פלפל אדום,י.ל. החקלאים שיווק והפצה בעמ*ש,,,"ק""ג",1,,true,1,10.90,10.90,false,1,
2063,true,אגס,טריפל סל בעמ,,,"ק""ג",1,,true,1,13.90,13.90,false,1,
2064,true,כרוב אדום,תעשיות תוצרת חקלאית אביטן בני,,,"ק""ג",1,,true,1,6.90,6.90,false,1,
2065,true,פלפל חריף אדום,דובדבן שיווק בעמ*שיק 60 יום*,,,"ק""ג",1,,true,1,10.90,10.90,false,1,
2066,true,פלפל בהיר,שיווק העשור ירקות הזהב*שיק 30,,,"ק""ג",1,,true,1,10.90,10.90,false,1,
2067,true,פלפל צהוב,ב.ד. גידול ירקות בעמ*שיק 30 יו,,,"ק""ג",1,,true,1,10.90,10.90,false,1,
2068,true,אפרסמון,מור פירות השרון בעמ* שיק 45 יו,,,"ק""ג",1,,true,1,9.90,9.90,false,1,
2072,true,בצל אדום,רביבו יהודה חקלאות ונכסים בעמ,,,"ק""ג",1,,true,1,7.90,7.90,false,1,
2074,true,שרי ארוז,*218504,,,יח`,1,,false,1,9.90,9.90,false,1,
2082,true,תפוח פינק,בראשית - אגודה שיתופית*שיק 45,,,"ק""ג",1,,true,1,13.90,13.90,false,1,
2092,true,פלפל שושקה,י.ל. החקלאים שיווק והפצה בעמ*ש,,,"ק""ג",1,,true,1,13.90,13.90,false,1,
2094,true,תפוח ענה,ח.ע בסד שיווק פירות בעמ,,,"ק""ג",1,,true,1,10.90,10.90,false,1,
2095,true,סברס,מהדרין תנופורט יצוא *שיק 30 יו,,,"ק""ג",1,,true,1,29.90,29.90,false,1,
2099,true,שזיף אדום,בועז את עמיר בעמ*שיק 40 יום*,,,"ק""ג",1,,true,1,15.90,15.90,false,1,
2100,true,דלעת יפנית,שוסטר תעשיות מזון בעמ*שיק ל 60,,,"ק""ג",1,,true,1,18.90,18.90,false,1,
2111,true,בטטה ירושלמית כסביה,הררי מאיר ובניו הובלות בקרור ב,,,"ק""ג",1,,true,1,13.90,13.90,false,1,
2113,true,פלפל כתום,י.ל. החקלאים שיווק והפצה בעמ*ש,,,"ק""ג",1,,true,1,10.90,10.90,false,1,
2114,true,ערמונים תפזורת,בכורי שדה דרום 2002 בעמ,,,"ק""ג",1,,true,1,19.90,19.90,false,1,
2116,true,קישואים עגולים,עמית בראון שיווק עמ*שיק 40 יום,,,"ק""ג",1,,true,1,10.90,10.90,false,1,
2120,true,תפוא אדום,עוגן שיווק ואריזות בעמ,,,"ק""ג",1,,true,1,4.90,4.90,false,1,
2122,true,רימון,אלדד קליימן שיווק בעמ*שיק 40 י,,,"ק""ג",1,,true,1,8.90,8.90,false,1,
2127,true,ענבים ירוקים טלי,לכיש מושב עובדים להתישבות*30 י,,,"ק""ג",1,,true,1,29.90,29.90,false,1,
2132,true,ברוקולי ארוז,בננות החוף אגשח בעמ,,,יח`,1,,false,1,10,10,false,1,
2134,true,תפוח נאשי,בראשית - אגודה שיתופית*שיק 45,,,"ק""ג",1,,true,1,15.90,15.90,false,1,
2144,true,קישוא זוקיני,שיווק העשור ירקות הזהב*שיק 30,,,"ק""ג",1,,true,1,10.90,10.90,false,1,
2158,true,תפוזים ברשת,מהדרין תנופורט יצוא *שיק 30 יו,,,"ק""ג",1,,true,1,5.90,5.90,false,1,
2165,true,פטריות תפזורת גדולות למילוי,חוות השמפיניון בעמ,,,"ק""ג",1,,true,1,39.90,39.90,false,1,
2168,true,תפוח ברשת,אמצע השוק בעמ,,,"ק""ג",1,,true,1,9.90,9.90,false,1,
2170,true,שעועית ירוקה,בננות החוף אגשח בעמ,,,יח`,1,,false,1,9.90,9.90,false,1,
2178,true,חצילונים,נווה ירק בעמ,,,"ק""ג",1,,true,1,7.90,7.90,false,1,
2186,true,תפוח גלה,בראשית - אגודה שיתופית*שיק 45,,,"ק""ג",1,,true,1,10.90,10.90,false,1,
2252,true,פטיה,טריג חברה ליבוא ומסחר בעמ,,,"ק""ג",1,,true,1,19.90,19.90,false,1,
6007,true,חלה פרג/שומשום,י.את א. ברמן בעמ,,,יח`,1,,false,1,6.10,6.10,false,1,
9209,true,כף עגל טרי חלק,אדום אדום - תנובה בקר,,,"ק""ג",1,,true,1,79.90,79.90,true,1,
11004,true,הולנדית+שויצרית+צ`דר,גבינות הכפר בעמ,,,"ק""ג",10,100 גרם,true,1,40,4,false,1,
12001,true,מעושנת,גבינות הכפר בעמ,,,"ק""ג",10,100 גרם,true,1,41,4.10,false,1,
12124,true,חזה עגל חלק מו,אדום אדום - תנובה בקר,,,"ק""ג",1,"ק""ג",true,1,49.90,49.90,true,1,
14005,true,מקסיקנית,גבינות הכפר בעמ,,,"ק""ג",10,100 גרם,true,1,39,3.90,false,1,
15002,true,גבינה שום שמיר+זיתים במישקל,גבינות הכפר בעמ,,,"ק""ג",10,100 גרם,true,1,39,3.90,false,1,
17006,true,אדם לייט,גבינות הכפר בעמ,,,"ק""ג",10,100 גרם,true,1,39,3.90,false,1,
18218,true,שייטל עגל טרי חלק,אדום אדום - תנובה בקר,,,"ק""ג",1,,true,1,89.90,89.90,false,1,
23489,true,דג סלמון נורבגי טרי  שלם- נקי,מאסטרפוד בעמ,,,"ק""ג",0,100 גרם,true,1,79,79,true,1,
24240,true,שאריות נקניק,זוגלובק שיווק בעמ,,,"ק""ג",0,100 גרם,true,1,28.60,28.60,false,1,
46549,true,מוצרלה חריץ תנובה,תנובה - חלב,,,"ק""ג",10,100 גרם,true,1,76,7.60,false,1,
46662,true,סקנדינבית 31% תנובה,תנובה - חלב,,,"ק""ג",10,100 גרם,true,1,76,7.60,false,1,
47027,true,קשקבל (27% גלעד) תנובה,תנובה - חלב,,,"ק""ג",10,100 גרם,true,1,121,12.10,false,1,
47485,true,בולגרית פיראוס 24% פח 3  קג`תנובה,תנובה - חלב,,,"ק""ג",10,100 גרם,true,1,56,5.60,false,1,
50001,true,אבוקדו וולט,ספקים שונים,,,יח`,1,,false,1,2.90,2.90,true,1,
50002,true,ארטישוק וולט,ספקים שונים,,,יח`,1,,false,1,9.90,9.90,false,1,
50003,true,בטטה וולט,ספקים שונים,,,יח`,10,100 גרם,false,1,2.30,0.23,false,1,
50004,true,בצל אדום וולט,ספקים שונים,,,יח`,1,,false,1,2,2,false,1,
50005,true,בצל וולט,ספקים שונים,,,יח`,1,,false,1,1.10,1.10,false,1,
50007,true,גזר וולט,ספקים שונים,,,יח`,1,,false,1,1,1,false,1,
50008,true,דלורית וולט,ספקים שונים,,,יח`,1,,false,1,9.50,9.50,false,1,
50009,true,דלעת וולט,ספקים שונים,,,יח`,1,,false,1,13.50,13.50,false,1,
50012,true,חסה קיסר וולט,ספקים שונים,,,יח`,1,,false,1,11.90,11.90,true,1,
50013,true,חצילים וולט,ספקים שונים,,,יח`,1,,false,1,2,2,false,1,
50015,true,כרוב לבן וולט,ספקים שונים,,,יח`,1,,false,1,4.90,4.90,false,1,
50016,true,כרובית וולט,ספקים שונים,,,יח`,1,,false,1,12,12,false,1,
50017,true,לימון וולט,ספקים שונים,,,יח`,1,,false,1,1.50,1.50,false,1,
50019,true,מלפפון וולט,ספקים שונים,,,יח`,1,,false,1,0.70,0.70,false,1,
50022,true,עגבניה וולט,ספקים שונים,,,יח`,1,,false,1,1,1,false,1,
50023,true,עגבניה שרי וולט,ספקים שונים,,,יח`,1,,false,1,10.80,10.80,false,1,
50025,true,פלפל אדום וולט,ספקים שונים,,,יח`,1,,false,1,2,2,false,1,
50026,true,פלפל בהיר וולט,ספקים שונים,,,יח`,1,,false,1,2.50,2.50,false,1,
50027,true,פלפל חריף ירוק וולט,ספקים שונים,,,יח`,1,,false,1,0.50,0.50,false,1,
50028,true,פלפל ירוק וולט,ספקים שונים,,,יח`,1,,false,1,3,3,false,1,
50029,true,פלפל כתום וולט,ספקים שונים,,,יח`,1,,false,1,2.30,2.30,false,1,
50030,true,פלפל צהוב וולט,ספקים שונים,,,יח`,1,,false,1,3,3,false,1,
50033,true,קולורבי וולט,ספקים שונים,,,יח`,1,,false,1,3.50,3.50,false,1,
50035,true,קישואים וולט,ספקים שונים,,,יח`,1,,false,1,1.70,1.70,false,1,
50036,true,שום יבש וולט,ספקים שונים,,,יח`,1,,false,1,9,9,false,1,
50040,true,תפוא אדום וולט,ספקים שונים,,,יח`,1,,false,1,1.50,1.50,false,1,
50042,true,תפוא לבן וולט,ספקים שונים,,,יח`,1,,false,1,1.40,1.40,false,1,
50044,true,אגסים וולט,ספקים שונים,,,יח`,1,,false,1,2.80,2.80,false,1,
50046,true,בננות וולט,ספקים שונים,,,יח`,1,,false,1,1,1,false,1,
50049,true,תפוזים וולט,ספקים שונים,,,יח`,1,,false,1,1.70,1.70,false,1,
50051,true,תפוח חרמון וולט,ספקים שונים,,,יח`,1,,false,1,2,2,false,1,
50052,true,תפוח יונתן וולט,ספקים שונים,,,יח`,1,,false,1,1.90,1.90,false,1,
50053,true,תפוח ליידי וולט,ספקים שונים,,,יח`,1,,false,1,2.50,2.50,false,1,
50054,true,תפוח סמיט וולט,ספקים שונים,,,יח`,1,,false,1,2.50,2.50,false,1,
50056,true,אפרסק וולט,ספקים שונים,,,יח`,1,,false,1,2.50,2.50,false,1,
50060,true,ענבים ירוקים וולט,ספקים שונים,,,יח`,1,,false,1,26.90,26.90,true,1,
50064,true,אננס וולט,ספקים שונים,,,יח`,1,,false,1,40,40,true,1,
50067,true,שזיף אדום וולט,ספקים שונים,,,יח`,1,,false,1,2,2,false,1,
50081,true,בצל ירוק וולט,ספקים שונים,,,יח`,1,,false,1,5.90,5.90,false,1,
50082,true,מלפפון בייבי וולט,ספקים שונים,,,יח`,1,,false,1,9.90,9.90,false,1,
50088,true,קלמנטינה וולט,ספקים שונים,,,יח`,1,,false,1,1,1,false,1,
55183,true,צפתית מלבנית 5% פיראוס מעודנת,תנובה - חלב,,,"ק""ג",10,100 גרם,true,1,42,4.20,false,1,
81816,true,אוסובוקו עגל טרי חלק,אדום אדום - תנובה בקר,,,"ק""ג",1,"ק""ג",true,1,49.90,49.90,false,1,
89652,true,סטייק עם עצם חלק,אדום אדום - תנובה בקר,,,"ק""ג",1,"ק""ג",true,1,118,118,true,1,
254630,true,ויסברטן עגל טרי חלק,אדום אדום - תנובה בקר,,,"ק""ג",1,"ק""ג",true,1,79.90,79.90,true,1,
269870,true,צ`אך עגל טרי חלק,אדום אדום - תנובה בקר,,,"ק""ג",1,,true,1,89.90,89.90,false,1,
282305,true,דג לברק טרי נקי,מאסטרפוד בעמ,,,"ק""ג",1,,true,1,69,69,true,1,
318707,true,סלמי מעושן 500גרם,מעדני יחיעם (1993) בעמ,,,יח`,5,100 גרם,false,1,30.90,6.18,true,1,
319759,true,סלמי תה יחיעם מעדנייה,מעדני יחיעם (1993) בעמ,,,"ק""ג",10,100 גרם,true,1,50,5,true,1,
344478,true,פילה מדומה טרי חלק,אדום אדום - תנובה בקר,,,"ק""ג",1,,true,1,79.90,79.90,true,1,
352145,true,שריר עגל טרי חלק,אדום אדום - תנובה בקר,,,"ק""ג",1,,true,1,64.90,64.90,false,1,
363462,true,סלמי איטלקי טירת צבי,תנובה קפואים,,,"ק""ג",10,100 גרם,true,1,89,8.90,true,1,
363486,true,נקניק תה טירת צבי,תנובה קפואים,,,"ק""ג",10,100 גרם,true,1,57,5.70,true,1,
364094,true,נקניק מורטדלה נפולי טיב מעדנייה,תנובה קפואים,,,"ק""ג",0,100 גרם,true,1,42,42,false,1,
364100,true,סלמי פריזר טירת צבי,תנובה קפואים,,,"ק""ג",10,100 גרם,true,1,62,6.20,true,1,
365046,true,כתף בקר מעושן טירת צבי,תנובה קפואים,,,"ק""ג",10,100 גרם,true,1,107,10.70,false,1,
365398,true,חזה הודו בדבש טירת צבי,תנובה קפואים,,,"ק""ג",10,100 גרם,true,1,89,8.90,true,1,
365510,true,צלי כתף טרי חלק,אדום אדום - תנובה בקר,,,"ק""ג",1,,true,1,89.90,89.90,false,1,
365954,true,פסטרמה גחלים טירת צבי,תנובה קפואים,,,"ק""ג",10,100 גרם,true,1,89,8.90,true,1,
370734,true,גבינת צמות במי מלח במשקל 25% שומן מעדנ,ג.וילי-פוד אינטרנשיונל **גבינו,,,"ק""ג",10,100 גרם,true,1,70,7,false,1,
395408,true,גבנצ 28% נעם חריץ פיקוח מעדנייה,החב` המרכזית - טרה,,,"ק""ג",10,100 גרם,true,1,44.79,4.48,false,1,
395415,true,גבנצ 9% נעם חריץ מעדנייה,החב` המרכזית - טרה,,,"ק""ג",10,100 גרם,true,1,76,7.60,false,1,
395422,true,גבנצ 22% נעם חריץ פיקוח מעדנייה,החב` המרכזית - טרה,,,"ק""ג",10,100 גרם,true,1,42.58,4.26,false,1,
530260,true,מרטודלה רחב זוגלובק,זוגלובק שיווק בעמ,,,"ק""ג",10,100 גרם,true,1,36,3.60,false,1,
531625,true,חזה הודו בדבש זוגלובק,זוגלובק שיווק בעמ,,,"ק""ג",10,100 גרם,true,1,81,8.10,false,1,
532721,true,טורו-כתף בקר זוגלובק,זוגלובק שיווק בעמ,,,"ק""ג",10,100 גרם,true,1,118,11.80,false,1,
536057,true,מרטודלה+זיתים זוגלובק,זוגלובק שיווק בעמ,,,"ק""ג",10,100 גרם,true,1,36,3.60,false,1,
550089,true,תפוז וולט,ספקים שונים,,,יח`,1,,false,1,1.50,1.50,false,1,
554655,true,מוצרלה נקניק מעושן 22% מעדנייה גד,מחלבות גד שיווק 1992 בעמ,,,"ק""ג",10,100 גרם,true,1,86,8.60,false,1,
554792,true,בולגרית 5% 16%  מעודנת- גד מעדניה,מחלבות גד שיווק 1992 בעמ,,,"ק""ג",10,100 גרם,true,1,58,5.80,false,1,
554914,true,גבינה צפתית רכה 5% מעדנייה גד,מחלבות גד שיווק 1992 בעמ,,,"ק""ג",10,100 גרם,true,1,62,6.20,false,1,
554969,true,שמנות 30% גד,מחלבות גד שיווק 1992 בעמ,,,"ק""ג",10,100 גרם,true,1,47,4.70,false,1,
554983,true,לאבנה גד,מחלבות גד שיווק 1992 בעמ,,,"ק""ג",10,100 גרם,true,1,39,3.90,false,1,
554990,true,כדורי מוצרלה במים גד פרסקה מעדניה,מחלבות גד שיווק 1992 בעמ,,,"ק""ג",10,100 גרם,true,1,95,9.50,false,1,
560915,true,דג דניס טרי נקי,מאסטרפוד בעמ,,,"ק""ג",1,,true,1,65,65,true,1,
571126,true,גאודה כמון 30%,מחלבות גד שיווק 1992 בעמ,,,"ק""ג",10,100 גרם,true,1,105,10.50,false,1,
571294,true,גאודה מעושנת 30% במשקל,מחלבות גד שיווק 1992 בעמ,,,"ק""ג",10,100 גרם,true,1,105,10.50,false,1,
571515,true,פילה סלמון נורבגי שלם-טרי,מאסטרפוד בעמ,,,"ק""ג",1,,true,1,109,109,true,1,
659312,true,פילה סלמון תנובה בואקום קפוא,תנובה קפואים,,,"ק""ג",1,,true,1,74.90,74.90,false,1,
662213,true,נתח פילה סלמון קפוא,תנובה קפואים,,,"ק""ג",1,,true,1,89.90,89.90,false,1,
663135,true,קוביות סלומון קפוא,תנובה קפואים,,,יח`,1,,false,1,29.90,29.90,false,1,
684123,true,כתף טרי חלק ללא עצם,אדום אדום - תנובה בקר,,,"ק""ג",1,,true,1,79.90,79.90,true,1,
821009,true,אצבעות אנטריקוט קפוא,נחמיה לחוביץ בעמ,,,"ק""ג",1,,true,1,56.90,56.90,false,1,
1022085,true,גבינת פקורינו מחלב כבשים 36% שומן,ג.וילי-פוד אינטרנשיונל **גבינו,,,"ק""ג",0.01,100 גרם,true,1,110,11000,false,1,
1121672,true,פסטרמה מעודנת בפפריקה 300  גר`יחיעם,מעדני יחיעם (1993) בעמ,,,יח`,3,100 גרם,false,1,22.40,7.47,true,1,
1121788,true,נקנקיות עוף טבעיות יחיעם (400 גרם),מעדני יחיעם (1993) בעמ,,,יח`,4,100 גרם,false,1,15.20,3.80,false,1,
1231932,true,וינסטון כחול בוקס,גלוברנדס בעמ - שיווק סיגריות,,,יח`,1,,false,1,33.50,33.50,true,1,
1319161,true,בשר  מס`3 חזה,נחמיה לחוביץ בעמ,,,"ק""ג",1,,true,1,29.90,29.90,false,1,
1322888,true,פילה בקר קפוא,נחמיה לחוביץ בעמ,,,"ק""ג",0.01,100 גרם,true,1,159,15900,false,1,
1423711,true,שניצל עגל טרי,אדום אדום - תנובה בקר,,,"ק""ג",1,,true,1,79.90,79.90,true,1,
1476208,true,ברי פקאן בלוק מעדנייה גד,מחלבות גד שיווק 1992 בעמ,,,"ק""ג",10,100 גרם,true,1,131,13.10,false,1,
1516065,true,חזה עוף פרוס דק דק טרי ארוז,קורניש חן (1987) בעמ,,,"ק""ג",1,,true,1,37.90,37.90,true,1,
1710289,true,דג מקרל ארוז,בלדי בעמ,,,"ק""ג",1,,true,1,20.30,20.30,false,1,
2013006,true,פסטרמה מקסיקנית זוגלובק,זוגלובק שיווק בעמ,,,"ק""ג",10,100 גרם,true,1,88,8.80,true,1,
2013037,true,פסטרמה פרגיות זוגלובק על לבנים 2% שומן ז,זוגלובק שיווק בעמ,,,"ק""ג",10,100 גרם,true,1,88,8.80,true,1,
2013174,true,פסטרמה של פעם זוגלובק,זוגלובק שיווק בעמ,,,"ק""ג",10,100 גרם,true,1,88,8.80,true,1,
2013891,true,פסטרמה ברביקיו ללא חומרים משמרים,זוגלובק שיווק בעמ,,,"ק""ג",10,100 גרם,true,1,81,8.10,false,1,
2129226,true,צלי כתף טרי יבוא חלק ארגנטיני,בלדי בעמ,,,"ק""ג",1,,true,1,89.90,89.90,false,1,
2198055,true,סרוולד בנוסח איטלקי זוגלובק,זוגלובק שיווק בעמ,,,"ק""ג",10,100 גרם,true,1,149,14.90,false,1,
2198062,true,פסט. הודו אקסטרה מעושנת,זוגלובק שיווק בעמ,,,"ק""ג",10,100 גרם,true,1,88,8.80,true,1,
2206019,true,כרעיים עוף טרי ארוז,קורניש חן (1987) בעמ,,,"ק""ג",1,,true,1,25.90,25.90,true,1,
2206026,true,ירך עוף טרי ארוז,קורניש חן (1987) בעמ,,,"ק""ג",1,,true,1,25.90,25.90,true,1,
2206033,true,שוקיים עוף טרי ארוז,קורניש חן (1987) בעמ,,,"ק""ג",1,,true,1,29.90,29.90,false,1,
2206040,true,כנפיים עוף טרי ארוז,קורניש חן (1987) בעמ,,,"ק""ג",1,,true,1,12.90,12.90,true,1,
2206057,true,חזה עוף טרי שלם ארוז,קורניש חן (1987) בעמ,,,"ק""ג",1,,true,1,32.90,32.90,true,1,
2206088,true,פרגיות עוף טרי ארוז,קורניש חן (1987) בעמ,,,"ק""ג",1,,true,1,59.90,59.90,false,1,
2206101,true,סטייק פרגית ללא עור,קורניש חן (1987) בעמ,,,"ק""ג",1,,true,1,54.90,54.90,true,1,
2206118,true,כבד עוף לצליה טרי ארוז,קורניש חן (1987) בעמ,,,"ק""ג",1,,true,1,15.90,15.90,false,1,
2206125,true,לבבות עוף טרי ארוז,קורניש חן (1987) בעמ,,,"ק""ג",1,,true,1,26.90,26.90,false,1,
2206385,true,גרון הודו נקבה טרי ארוז,קורניש חן (1987) בעמ,,,"ק""ג",1,,true,1,25.90,25.90,false,1,
2206408,true,חזה הודו נקבה טרי ארוז מוביל,קורניש חן (1987) בעמ,,,"ק""ג",1,,true,1,25.90,25.90,false,1,
2209071,true,פילה עוף טרי ארוז,קורניש חן (1987) בעמ,,,"ק""ג",1,,true,1,34.90,34.90,false,1,
2300878,true,גבינת צדר אנגלית במשקל,א. סיימן סחר בעמ,,,"ק""ג",10,100 גרם,true,1,130,13,false,1,
2300885,true,גבינת צ`דר אנגלי כתום משקל,א. סיימן סחר בעמ,,,"ק""ג",10,100 גרם,true,1,130,13,false,1,
2370024,true,גבינת גאודה בתוספת תערובת עגבניות זיתים,ג.וילי-פוד אינטרנשיונל **גבינו,,,"ק""ג",10,100 גרם,true,1,103,10.30,false,1,
2370055,true,גבינת גאודה עיזים חצי קשה 32% שומן,ג.וילי-פוד אינטרנשיונל **גבינו,,,"ק""ג",10,100 גרם,true,1,118,11.80,false,1,
2370284,true,גבינת קשקבל חצי קשה 31% שומן וילי פוד,ג.וילי-פוד אינטרנשיונל **גבינו,,,"ק""ג",10,100 גרם,true,1,104,10.40,false,1,
2371571,true,פסטרמה פרגיות טירת צבי,תנובה קפואים,,,"ק""ג",10,100 גרם,true,1,89,8.90,true,1,
2385158,true,בולגרית 24%  מעודנת- גד מעדניה,מחלבות גד שיווק 1992 בעמ,,,"ק""ג",10,100 גרם,true,1,61,6.10,false,1,
2385264,true,פטה בלקנית 16% גד מעדנייה,מחלבות גד שיווק 1992 בעמ,,,"ק""ג",10,100 גרם,true,1,37,3.70,false,1,
2385424,true,בולגרית מסורתית/מעודנת 5% מעדנייה גד,מחלבות גד שיווק 1992 בעמ,,,"ק""ג",10,100 גרם,true,1,60,6,false,1,
2385455,true,בולגרית מעודנת 24% מעדנייה גד,מחלבות גד שיווק 1992 בעמ,,,"ק""ג",10,100 גרם,true,1,65,6.50,false,1,
2385479,true,צפתית 5% מלבן מעדנייה גד,מחלבות גד שיווק 1992 בעמ,,,"ק""ג",10,100 גרם,true,1,64,6.40,false,1,
2385486,true,שמנות 30% טעמים מהדרין מעדנייה גד,מחלבות גד שיווק 1992 בעמ,,,"ק""ג",10,100 גרם,true,1,47,4.70,false,1,
2385738,true,מנצ`גו משולשים מעדנייה גד,מחלבות גד שיווק 1992 בעמ,,,"ק""ג",10,100 גרם,true,1,150,15,false,1,
2385745,true,פקורינו משולשים מעדנייה גד,מחלבות גד שיווק 1992 בעמ,,,"ק""ג",10,100 גרם,true,1,155,15.50,false,1,
2461098,true,נילוס פרוס,נ.ת.נ.ג.ב החזקות יעוץ וניהול ב,,,"ק""ג",1,,true,1,64.90,64.90,false,1,
2519409,true,צוואר ללא עצם חלק טרי מו,אדום אדום - תנובה בקר,,,"ק""ג",1,,true,1,59.90,59.90,true,1,
2519461,true,אסאדו טרי חלק,אדום אדום - תנובה בקר,,,"ק""ג",0,"ק""ג",true,1,59.90,59.90,false,1,
2519546,true,אנטריקוט עגל טרי חלק ללא עצם סטייק,אדום אדום - תנובה בקר,,,"ק""ג",1,"ק""ג",true,1,138,138,false,1,
2519607,true,קיט נתחים לקצב טחון חלק,אדום אדום - תנובה בקר,,,"ק""ג",1,,true,1,49.90,49.90,true,1,
2519980,true,צלעות ללא עצם חלק טרי מוב,אדום אדום - תנובה בקר,,,"ק""ג",1,,true,1,59.90,59.90,true,1,
2612087,true,סטייק אנטריקוט טרי יבוא חלק ארגנטיני,בלדי בעמ,,,"ק""ג",1,,true,1,149,149,false,1,
2750406,true,סופגניה פילסברי,קונסיגנציה ג`נרל מילס ישראל בע,,,יח`,1,,false,1,4.90,4.90,false,1,
2757535,true,בורקס פילו אצבעות גבינה 700 שלושת האופים,נטו מלינדה סחר בעמ,,,יח`,7,100 גרם,false,1,20.90,2.99,true,1,
2827634,true,צלעות כבש פרוס ארוז מחפוד קפוא,עוף ירושלים שיווק בעמ,,,"ק""ג",1,,true,1,199.90,199.90,false,1,
2900436,true,פסטרמה איטלקית טירת צבי,תנובה קפואים,,,"ק""ג",10,100 גרם,true,1,89,8.90,true,1,
2919612,true,אסאדו עגל קפוא 9 גלם מוביל קשתית,נחמיה לחוביץ בעמ,,,"ק""ג",1,,true,1,43.90,43.90,false,1,
2930808,true,רבע כבש חלק קפוא,מאסטרפוד בעמ,,,"ק""ג",1,,true,1,79.90,79.90,false,1,
3006021,true,ניצן פטה סלט קוביות מעדן,הגבינות של ניצן,,,"ק""ג",10,100 גרם,true,1,77,7.70,false,1,
3006120,true,טאמפס  שכונתי- פלפל ממולא בגבינה,הגבינות של ניצן,,,"ק""ג",10,100 גרם,true,1,152,15.20,false,1,
3072743,true,פסטרמה כתף בקר מעושנת טירת צבי,תנובה קפואים,,,"ק""ג",10,100 גרם,true,1,89,8.90,false,1,
3163847,true,בשר  מס`4 כתף בקר .,נחמיה לחוביץ בעמ,,,"ק""ג",1,,true,1,33.90,33.90,false,1,
3414406,true,נטיפי אפייה חמאת בוטנים ריסז (283 גרם),ליימן שליסל בעמ,,,יח`,2.83,100 גרם,false,1,16.30,5.76,false,1,
3423909,true,חטיף שוקולד לבן עם שברי עוגיות הרשי 43 ג,ליימן שליסל בעמ,,,יח`,1,,false,1,5.70,5.70,false,1,
3444009,true,חטיף שוקולד חלב עם חמאת בוטנים הרשי 42 ג,ליימן שליסל בעמ,,,יח`,1,,false,1,4.60,4.60,false,1,
3571154,true,סטייק טונה בוואקום מוביל,נ.ת.נ.ג.ב החזקות יעוץ וניהול ב,,,"ק""ג",1,,true,1,49.90,49.90,false,1,
3572557,true,סינטה טרי חלק יבוא ארג,בלדי בעמ,,,"ק""ג",0,100 גרם,true,1,119,119,true,1,
3578917,true,גבינה מעושנת ומותכת וילי פוד מעדנייה,ג.וילי-פוד אינטרנשיונל **גבינו,,,"ק""ג",10,100 גרם,true,1,89,8.90,false,1,
3593163,true,בשר מס 6 בדץ נווה ציון אשפר מוביל פילה,בלדי בעמ,,,"ק""ג",1,,true,1,39.90,39.90,false,1,
3593187,true,בשר מס 2 בדץ נווה ציון צלעות קפוא,ישראל פלדמן בעמ,,,"ק""ג",1,,true,1,39.90,39.90,false,1,
3632367,true,פילה ברבוניה,נ.ת.נ.ג.ב החזקות יעוץ וניהול ב,,,יח`,4,100 גרם,false,1,19.90,4.98,false,1,
3632404,true,פילה מרלוזה ארגנטיני ללא עור מוביל,בלדי בעמ,,,"ק""ג",1,,true,1,32.90,32.90,false,1,
3796021,true,רצועות לטחינה /בשר לחמין קפוא,נחמיה לחוביץ בעמ,,,"ק""ג",1,,true,1,19.90,19.90,false,1,
3893843,true,פילה מושט ללא עור,בלו פיש גורמה סולושנס בעמ,,,"ק""ג",1,,true,1,29.90,29.90,false,1,
4033705,true,הבורגריה לחמניות המבוגר ביג לוקס 6 יח`,י.את א. ברמן בעמ,,,יח`,6,100 גרם,false,1,13.50,2.25,false,1,
4033736,true,לחם עננים בסגנון בריוש 500 גר`,י.את א. ברמן בעמ,,,יח`,5,100 גרם,false,1,14.90,2.98,true,1,
4068424,true,גאודה בקר משולש מעדנייה גד,מחלבות גד שיווק 1992 בעמ,,,"ק""ג",10,100 גרם,true,1,111,11.10,false,1,
4068585,true,גאודה עיזים משולש מעדנייה גד,מחלבות גד שיווק 1992 בעמ,,,"ק""ג",10,100 גרם,true,1,133,13.30,false,1,
4128401,true,פטה פיראוס 20%,תנובה - חלב,,,"ק""ג",10,100 גרם,true,1,105,10.50,false,1,
4135324,true,פיראוס בולגרית 5% מעודנת,תנובה - חלב,,,"ק""ג",10,100 גרם,true,1,43,4.30,false,1,
4136291,true,צפתית/מעודנת 5%,תנובה - חלב,,,"ק""ג",10,100 גרם,true,1,51,5.10,false,1,
4136833,true,בולגרית פיראוס %16למעדניה,תנובה - חלב,,,"ק""ג",10,100 גרם,true,1,58,5.80,false,1,
4193324,true,כתף כבש קפוא חלק מוביל,עוף ירושלים שיווק בעמ,,,"ק""ג",1,,true,1,79.90,79.90,false,1,
4194529,true,מחפוד עוף טרי ארוז,קורניש חן (1987) בעמ,,,"ק""ג",1,,true,1,22.90,22.90,false,1,
4194536,true,מחפוד חזה עוף טרי ארוז,קורניש חן (1987) בעמ,,,"ק""ג",1,,true,1,33.90,33.90,true,1,
4194543,true,מחפוד כרעיים עוף טרי ארוז,קורניש חן (1987) בעמ,,,"ק""ג",1,,true,1,34.90,34.90,true,1,
4194574,true,מחפוד שוקיים עוף טרי ארוז,קורניש חן (1987) בעמ,,,"ק""ג",1,,true,1,32.90,32.90,false,1,
4194635,true,מחפוד שניצל עוף טרי ארוז,קורניש חן (1987) בעמ,,,"ק""ג",1,,true,1,34.90,34.90,false,1,
4256685,true,סטייק אנטריקוט טרי יבוא מוכשר ארגנטיני,בלדי בעמ,,,"ק""ג",1,,true,1,149,149,false,1,
4456351,true,שריר הזרוע מס 8 אשפר נווה ציון .,ישראל פלדמן בעמ,,,"ק""ג",1,,true,1,44.90,44.90,false,1,
4480059,true,גאודה בקר מעדניה מחלבות גד,מחלבות גד שיווק 1992 בעמ,,,"ק""ג",3,"ק""ג",true,1,130,43.33,false,1,
4649159,true,בשר  מס`5 צלי כתף חלק מוביל,נחמיה לחוביץ בעמ,,,"ק""ג",1,,true,1,59.90,59.90,false,1,
4725846,true,חריץ גאודה קולקשן תנובה,תנובה - חלב,,,"ק""ג",10,100 גרם,true,1,76,7.60,false,1,
5079474,true,מוצרלה-נעם  מעדנייה,החב` המרכזית - טרה,,,"ק""ג",10,100 גרם,true,1,84,8.40,false,1,
5358005,true,נסיכת הנילוס שלם,נ.ת.נ.ג.ב החזקות יעוץ וניהול ב,,,"ק""ג",1,,true,1,44.90,44.90,false,1,
5387227,true,בשר מס 8 שריר זרוע,נחמיה לחוביץ בעמ,,,"ק""ג",1,,true,1,39.90,39.90,false,1,
5992247,true,חלומי 24% מעדנייה גד,מחלבות גד שיווק 1992 בעמ,,,"ק""ג",10,100 גרם,true,1,99,9.90,false,1,
5992667,true,בולגרית מסורתית מעודנת 5%-16% מעדניה גד,מחלבות גד שיווק 1992 בעמ,,,"ק""ג",10,100 גרם,true,1,58,5.80,false,1,
5992858,true,פטה עיזים 5%-20% גד מעדניה,מחלבות גד שיווק 1992 בעמ,,,"ק""ג",10,100 גרם,true,1,115,11.50,false,1,
5996054,true,נקניק סרוולט הונגרי מעדנייה יחיעם,מעדני יחיעם (1993) בעמ,,,"ק""ג",10,100 גרם,true,1,186,18.60,false,1,
6040619,true,גבינת טבורוג 5% יבנה,גבינות הכפר בעמ,,,"ק""ג",10,100 גרם,true,1,24,2.40,false,1,
6131706,true,פילה  אמנון(מושט) קפוא,נחמיה לחוביץ בעמ,,,"ק""ג",1,,true,1,24.90,24.90,false,1,
6714213,true,בשר צלי כתף מס 5 מוכשר מוביל,נחמיה לחוביץ בעמ,,,"ק""ג",1,,true,1,59.90,59.90,false,1,
6739247,true,פסט. איטלקית זוגלובק,זוגלובק שיווק בעמ,,,"ק""ג",10,100 גרם,true,1,88,8.80,true,1,
6739810,true,לשון בקר מוביל חלק קפוא,נחמיה לחוביץ בעמ,,,"ק""ג",1,,true,1,39.90,39.90,false,1,
6741806,true,בולגרית 16% מחלב  בקר- מעדנייה,נטו מלינדה סחר בעמ,,,"ק""ג",10,100 גרם,true,1,76,7.60,false,1,
8175906,true,גאודה מחלב עיזים חצי קשה 32%,ג.וילי-פוד אינטרנשיונל **גבינו,,,"ק""ג",10,100 גרם,true,1,103,10.30,false,1,
8211147,true,גבינת גאודה חצי קשה,א. סיימן סחר בעמ,,,"ק""ג",10,100 גרם,true,1,125,12.50,false,1,
8403917,true,גאודה פסטו ירוק-מעדנייה,א. סיימן סחר בעמ,,,"ק""ג",10,100 גרם,true,1,139,13.90,false,1,
8577267,true,עוף טרי שלם ארוז,קורניש חן (1987) בעמ,,,"ק""ג",1,,true,1,19.90,19.90,true,1,
40084107,true,קינדר ביצת הפתעה,פרימיום-חברה לדברי מתיקה ולמסח,,,יח`,1,,false,1,5.50,5.50,false,1,
42138105,true,וינסטון סופר סלימס כחול,גלוברנדס בעמ - שיווק סיגריות,,,יח`,1,,false,1,33.50,33.50,true,1,
54051140,true,מעדן סויה בטעם וניל אלפרו (125x4 גרם),שטראוס גרופ בעמ,,,יח`,5,100 גרם,false,1,16.90,3.38,false,1,
72940754,true,מילקי וניל,שטראוס גרופ בעמ/מצונן,,,יח`,1.30,"100 מ""ל",false,1,2.90,2.23,false,1,
72940761,true,מילקי שוקו,שטראוס גרופ בעמ/מצונן,,,יח`,1.30,"100 מ""ל",false,1,2.90,2.23,false,1,
72940952,true,מילקי פי 2 קצפת,שטראוס גרופ בעמ/מצונן,,,יח`,1.70,"100 מ""ל",false,1,3.90,2.29,false,1,
72940976,true,כרוב אדום 250,שטראוס גרופ בעמ/מצונן,,,יח`,2.50,100 גרם,false,1,9.40,3.76,false,1,
72940983,true,חומוס אחלה 250 גר,שטראוס גרופ בעמ/מצונן,,,יח`,2.50,100 גרם,false,1,7.10,2.84,false,1,
72941041,true,מילקי מיני שוקולד,שטראוס גרופ בעמ/מצונן,,,יח`,1.30,"100 מ""ל",false,1,2.10,1.62,false,1,
72945308,true,שמרים טריים קובייה שמרית (50 גרם),שטראוס גרופ בעמ/מצונן,,,יח`,0.50,100 גרם,false,1,3.90,7.80,false,1,
72961506,true,יוגורט עם תות 1.5% פרילי (125 גרם),תנובה - חלב,,,יח`,1.25,"100 מ""ל",false,1,3.50,2.80,false,1,
72961520,true,יוגורט עם אננס 1.5% פרילי (125 גרם),תנובה - חלב,,,יח`,1.25,"100 מ""ל",false,1,3.50,2.80,false,1,
72961544,true,יוגורט בטעם תות שדה 3% באדי (125 גרם),תנובה - חלב,,,יח`,1.25,"100 מ""ל",false,1,3,2.40,false,1,
72964132,true,טבעגורט 200מל ל,תנובה - חלב,,,יח`,2,"100 מ""ל",false,1,5.10,2.55,false,1,
72986233,true,מעדן חלב בטעם וניל באדי (125 גרם),תנובה - חלב,,,יח`,1.25,"100 מ""ל",false,1,2.90,2.32,false,1,
72986240,true,מעדן חלב בטעם שוקולד באדי (125 גרם),תנובה - חלב,,,יח`,1.25,"100 מ""ל",false,1,2.90,2.32,false,1,
72986370,true,גלידת פיינטים וניל צרפתי בן אנד גריס,מוצרי איכות אמריקאיים בעמ,,,יח`,4.20,"100 מ""ל",false,1,20.30,4.83,true,1,
72986424,true,גלידת פיינטים קרם עוגיות,מוצרי איכות אמריקאיים בעמ,,,יח`,4.20,"100 מ""ל",false,1,20.30,4.83,true,1,
72986448,true,גלידת פיינטים טופי קרנץ,מוצרי איכות אמריקאיים בעמ,,,יח`,4.20,"100 מ""ל",false,1,20.30,4.83,true,1,
72986455,true,גלידת פיינטים ניו-יורק סופר,מוצרי איכות אמריקאיים בעמ,,,יח`,4.20,"100 מ""ל",false,1,20.30,4.83,true,1,
72986479,true,גלידת פיינטים צאנקי מנקי,מוצרי איכות אמריקאיים בעמ,,,יח`,4.20,"100 מ""ל",false,1,20.30,4.83,true,1,
72991404,true,אירופה,דובק בעמ,,,יח`,1,,false,1,33,33,true,1,
72991886,true,גלידת פיינטים בן אנד גריס פיינט 500 מל,מוצרי איכות אמריקאיים בעמ,,,יח`,5,"100 מ""ל",false,1,20.30,4.06,true,1,
72993637,true,דני שוקולד בודד,שטראוס גרופ בעמ/מצונן,,,יח`,1.25,"100 מ""ל",false,1,2.70,2.16,false,1,
72994061,true,Good2 פסק זמן 36 גרם,שטראוס גרופ בעמ,,,יח`,0.36,100 גרם,false,1,5.40,15,false,1,
80042563,true,פאסטה עגבניות 700mutti גרם,רסטרטו יבוא ושיווק בעמ*אין החז,,,יח`,7,100 גרם,false,1,13.50,1.93,true,1,
80050025,true,טיק טק תפוז,פרימיום-חברה לדברי מתיקה ולמסח,,,יח`,0.16,100 גרם,false,1,4.10,25.63,true,1,
80050124,true,טיק טק מנטה,פרימיום-חברה לדברי מתיקה ולמסח,,,יח`,0.16,100 גרם,false,1,4.10,25.63,true,1,
80052760,true,בואנו קינדר בודד,פרימיום-חברה לדברי מתיקה ולמסח,,,יח`,1,,false,1,3.90,3.90,false,1,
80136194,true,חטיף היפו אגוזי לוז 5 יח,פרימיום-חברה לדברי מתיקה ולמסח,,,יח`,0.90,100 גרם,false,1,12.50,13.89,false,1,
80176800,true,ממרח אגוזי לוז נוטלה (750 גרם),פרימיום-חברה לדברי מתיקה ולמסח,,,יח`,7.50,100 גרם,false,1,25.90,3.45,false,1,
80177173,true,ממרח אגוזי לוז נוטלה (350 גרם),פרימיום-חברה לדברי מתיקה ולמסח,,,יח`,3.50,100 גרם,false,1,14.90,4.26,false,1,
80177609,true,קינדר שוקולד 50 גר,פרימיום-חברה לדברי מתיקה ולמסח,,,יח`,0.50,100 גרם,false,1,4.50,9,false,1,
80177616,true,אצבעות שוקולד קינדר (8  יח`- 100 גרם),פרימיום-חברה לדברי מתיקה ולמסח,,,יח`,1,,false,1,7.90,7.90,false,1,
80310891,true,ביצת קינדר ג`וי,פרימיום-חברה לדברי מתיקה ולמסח,,,יח`,0.20,100 גרם,false,1,5.50,27.50,false,1,
80761761,true,קינדר בואנו לבן בודד 0.43 גר`,פרימיום-חברה לדברי מתיקה ולמסח,,,יח`,0.43,100 גרם,false,1,3.90,9.07,false,1,
80773429,true,מסטיק מנטוס פיור פרש בטעם תות ללס 60 גר,ליימן שליסל בעמ,,,יח`,0.60,100 גרם,false,1,10.50,17.50,true,1,
80773443,true,מסטיק מנטוס בטעם מנטה עדין ללס,ליימן שליסל בעמ,,,יח`,0.60,100 גרם,false,1,10.50,17.50,true,1,
80780595,true,מסטיק מנטוס ביג טעם מנטה עדינה ללס 90 ג,ליימן שליסל בעמ,,,יח`,1,,false,1,17.90,17.90,false,1,
80790990,true,מסטיק מנטוס טעם פירות מנטה ללס,ליימן שליסל בעמ,,,יח`,0.60,100 גרם,false,1,10.50,17.50,true,1,
80832560,true,סוכריות מנטוס פירות יער ללס,ליימן שליסל בעמ,,,יח`,0.21,100 גרם,false,1,7.90,37.62,true,1,
80843184,true,מסטיק מנטוס טעם ענבים ללס 60 גר,ליימן שליסל בעמ,,,יח`,0.60,100 גרם,false,1,10.50,17.50,true,1,
80854753,true,סוכריות מנטוס מנטה ללס,ליימן שליסל בעמ,,,יח`,1,,false,1,7.90,7.90,true,1,
80896081,true,מסטיק מנטוס פיור פרש טעם אבטיח ללס 60 ג,ליימן שליסל בעמ,,,יח`,0.60,100 גרם,false,1,10.50,17.50,true,1,
80913467,true,מסטיק מנטוס טעם מנטה ללס 60 גר,ליימן שליסל בעמ,,,יח`,0.60,100 גרם,false,1,10.50,17.50,true,1,
80945468,true,גומי לעיסה ללא סוכר בטעם מנטה מתוקה 60 ג,ליימן שליסל בעמ,,,יח`,0.60,100 גרם,false,1,10.90,18.17,true,1,
80979128,true,מסטיק מנטוס טעם דובדבן ללס 60 גר,ליימן שליסל בעמ,,,יח`,0.60,100 גרם,false,1,10.50,17.50,true,1,
80995128,true,מסטיק מנטוס בטעם הדרים 60 גר`,ליימן שליסל בעמ,,,יח`,0.60,100 גרם,false,1,10.50,17.50,false,1,
87108538,true,סוכריות לעיסה בטעם תות מנטוס (37.5 גרם),ליימן שליסל בעמ,,,יח`,0.37,100 גרם,false,1,4,10.81,false,1,
90162602,true,משקה אנרגיה רד בול (250 מל),דיפלומט היינץ,,,יח`,2.50,"100 מ""ל",false,1,6.90,2.64,true,1,
90162800,true,רד בול משקה אנרגיה 250 מל ללס,דיפלומט היינץ,,,יח`,2.50,"100 מ""ל",false,1,6.90,2.64,true,1,
90446269,true,משקה אנרגיה רד בול (250 מל),דיפלומט היינץ,,,יח`,2.50,"100 מ""ל",false,1,6.90,2.64,true,1,
90448867,true,רד בול משקה אנרגיה ללא פחמימות 250 מל,דיפלומט היינץ,,,יח`,2.50,"100 מ""ל",false,1,6.90,2.64,true,1,
9800800056,true,נוטלה אנד גו 52 גרם,פרימיום-חברה לדברי מתיקה ולמסח,,,יח`,0.52,100 גרם,false,1,5.50,10.58,false,1,
11210006508,true,רוטב טבסקו,ציון תורג`מן בעמ,,,יח`,0.60,"100 מ""ל",false,1,22.40,37.33,false,1,
11210009387,true,טבסקו 60 מל,ציון תורג`מן בעמ,,,יח`,0.60,"100 מ""ל",false,1,13.50,22.50,false,1,
16000185517,true,פייבר וואן 555 גר`,קבוצת אסם סחר שות. מוגבלת,,,יח`,5.55,100 גרם,false,1,27.60,4.97,true,1,
16000423534,true,נייטשר וואלי 210  גר`שיבולת שועל ושוקולד,ליימן שליסל בעמ,,,יח`,2.10,100 גרם,false,1,14.90,7.10,false,1,
16000548404,true,נייטשר וואלי 210  גר`שיבולת שועל ודבש,ליימן שליסל בעמ,,,יח`,1.75,100 גרם,false,1,14.90,8.51,false,1,
16000548503,true,נייטשר וואלי 210  גר`מייפל וסוכר חום,ליימן שליסל בעמ,,,יח`,2.10,100 גרם,false,1,14.90,7.10,false,1,
16000548602,true,נייטשר וואלי 210  גר`קינמון,ליימן שליסל בעמ,,,יח`,2.10,100 גרם,false,1,14.90,7.10,false,1,
16000548909,true,נייטשר וואלי 210  גר`מעורב,ליימן שליסל בעמ,,,יח`,2.10,100 גרם,false,1,14.90,7.10,false,1,
16229924263,true,קרם קוקוס 250 מל Aroy D,גורי מוצרי צריכה (1991) בעמ,,,יח`,2.50,"100 מ""ל",false,1,10.80,4.32,false,1,
18000701223,true,פילסברי תערובת שוקולד,ליימן שליסל בעמ,,,יח`,5.17,100 גרם,false,1,18.90,3.66,false,1,
18000703494,true,תערובת להכנת עוגת וניל פילסברי (500 גרם),ליימן שליסל בעמ,,,יח`,5.24,100 גרם,false,1,20.50,3.91,false,1,
22200956949,true,ספיד סטיק 24/7 ג`ל קול פיוזן יבוא מקביל,בית הצעצוע בעמ,,,יח`,0.51,100 גרם,false,1,15.90,31.18,false,1,
25675120020,true,מקלות חמוצות 100,גורי ע.ע.ע בעמ,,,יח`,1,100 גרם,false,1,9.50,9.50,false,1,
25675120037,true,מקלות חמוצות 100,גורי ע.ע.ע בעמ,,,יח`,1,100 גרם,false,1,9.50,9.50,false,1,
25675120068,true,מקלות חמוצות 100,גורי ע.ע.ע בעמ,,,יח`,1,100 גרם,false,1,9.50,9.50,false,1,
33617322616,true,ואזה מקמח שיפון  קלה( 270 גר`),גורי מוצרי צריכה (1991) בעמ,,,יח`,2.70,100 גרם,false,1,14.90,5.52,true,1,
34000196173,true,טבלת קוקיס אנד קרים-XL,ליימן שליסל בעמ,,,יח`,1.13,100 גרם,false,1,11.20,9.91,false,1,
34000442652,true,טבלת ריזס -XL,ליימן שליסל בעמ,,,יח`,1.20,100 גרם,false,1,11.20,9.33,false,1,
34000544028,true,חטיף גומ טויז תות,ליימן שליסל בעמ,,,יח`,1.98,100 גרם,false,1,9.10,4.60,false,1,
34000544431,true,ממתק בטעם דובדבן 172 גר טוויזלרס,ליימן שליסל בעמ,,,יח`,1.72,100 גרם,false,1,9.10,5.29,false,1,
35000458476,true,מברשת שיניים ילדים 2+ מארז רביעייה קולגי,ש.שסטוביץ בעמ,,,יח`,1,,false,1,20.90,20.90,false,1,
37600207287,true,חמאת בוטנים סקיפי עם דבש 462 גרם,דיפלומט היינץ,,,יח`,4.62,100 גרם,false,1,19.90,4.31,false,1,
37600297943,true,מטבל סלסה חריף Chi-Chi`s,ליימן שליסל בעמ,,,יח`,4.39,100 גרם,false,1,18.90,4.31,true,1,
37600297967,true,מטבל סלסה בחריפות עדינה Chi-Chi`s,ליימן שליסל בעמ,,,יח`,4.39,100 גרם,false,1,19.90,4.53,true,1,
38000138638,true,פרינגלס פיצה 158 גר`,דיפלומט היינץ,,,יח`,1.58,100 גרם,false,1,9.90,6.27,true,1,
38000183690,true,חטיף צ`יפס בטעם ברביקיו פרינגלס (71 גרם),דיפלומט היינץ,,,יח`,0.67,100 גרם,false,1,5.90,8.81,false,1,
38000183928,true,פרינגלס דבש וחרדל 158 גר`,דיפלומט היינץ,,,יח`,1.58,100 גרם,false,1,9.90,6.27,true,1,
38000197840,true,פרינגלס ברביקיוו 137  גר`Wavy,דיפלומט היינץ,,,יח`,1.37,100 גרם,false,1,9.90,7.23,true,1,
38000202278,true,פרינגלס אורגינל 130  גר`Wavy,דיפלומט היינץ,,,יח`,1.30,100 גרם,false,1,9.90,7.62,true,1,
38000232152,true,פרינגלס ברביקיו 158 גר`,דיפלומט היינץ,,,יח`,1.58,100 גרם,false,1,9.90,6.27,true,1,
38000232169,true,חטיף צ`יפס אורגינל מידי פרינגלס (67 גרם),דיפלומט היינץ,,,יח`,0.67,100 גרם,false,1,5.90,8.81,false,1,
38000232176,true,פרינגלס שמנת בצל 158 גר`,דיפלומט היינץ,,,יח`,1.58,100 גרם,false,1,9.90,6.27,true,1,
38000232183,true,פרינגלס אורגינל 149 גר`,דיפלומט היינץ,,,יח`,1.49,100 גרם,false,1,9.90,6.64,true,1,
38000845253,true,פרינגלס מידי שמנת בצל 71 גר,דיפלומט היינץ,,,יח`,0.67,100 גרם,false,1,5.90,8.81,false,1,
38527591053,true,דגנים מרובעים קינמון קוואקר (411 גרם),שטראוס פריטו ליי בעמ,,,יח`,4.12,100 גרם,false,1,21.40,5.19,true,1,
38527591060,true,דגנים מרובעים קוואקר (411 גרם),שטראוס פריטו ליי בעמ,,,יח`,4.12,100 גרם,false,1,21.40,5.19,true,1,
41190007097,true,חומץ תפוחים 946 מל גאלה,מור-ים מרקטינג בעמ,,,יח`,9.46,"100 מ""ל",false,1,14.90,1.58,false,1,
41390001079,true,רוטב סויה דל נתרן קיקומן (444 מל),דיפלומט היינץ,,,יח`,4.44,"100 מ""ל",false,1,32.60,7.34,true,1,
46214731552,true,עוגיות שוקולד צ`יפס מרבה (225 גרם),ש.שסטוביץ בעמ,,,יח`,2.25,100 גרם,false,1,10.90,4.84,true,1,
50000084500,true,פריסקיז נתחי ברבקיו,שחורי אריה ואנסטסיה,,,יח`,1.42,"ק""ג",false,1,35.90,25.28,false,1,
51500255162,true,חמאת בוטנים ג`יפ חלקה 454 גרם,גורי מוצרי צריכה (1991) בעמ,,,יח`,4.54,100 גרם,false,1,18.90,4.16,true,1,
52100070780,true,תמצית אפיה תפוז טהורה מקורמיק (29 מל),ר.ב מוצרי דגנים בעמ,,,יח`,0.29,"100 מ""ל",false,1,18.90,65.17,false,1,
52100070827,true,תמצית בטעם רום 29 מל MCCORMICK,ר.ב מוצרי דגנים בעמ,,,יח`,0.29,100 גרם,false,1,11.90,41.03,false,1,
52100070865,true,תמצית אפיה בטעם וניל טהור מקורמיק (29 מ,ר.ב מוצרי דגנים בעמ,,,יח`,0.29,"100 מ""ל",false,1,30.90,106.55,false,1,
55369902557,true,רביעות רסק תפוחי עץ ממותק בסגנון ביתי 45,מור-ים מרקטינג בעמ,,,יח`,4.52,100 גרם,false,1,14.90,3.30,false,1,
55500012046,true,תרסיס ניקוי כללי כלורוקס (946 מל),גורי מוצרי צריכה (1991) בעמ,,,יח`,9.46,"100 מ""ל",false,1,21.90,2.32,false,1,
64144090051,true,תרסיס שמן קנולה פאם (148 מל),ליימן שליסל בעמ,,,יח`,1.48,"100 מ""ל",false,1,22.40,15.14,false,1,
76840002542,true,גלידת פיינטים חמאת בוטנים עם בראוניס,מוצרי איכות אמריקאיים בעמ,,,יח`,4.20,"100 מ""ל",false,1,20.30,4.83,true,1,
76840100156,true,גלידת פיינט צ`רי גרסיה דובדבנים וחתיכות,מוצרי איכות אמריקאיים בעמ,,,יח`,4.73,100 גרם,false,1,20.30,4.29,true,1,
76840100583,true,גלידה וניל+בצק  עוגיות ושוקולד ציפס 473ג,מוצרי איכות אמריקאיים בעמ,,,יח`,4.73,"100 מ""ל",false,1,20.30,4.29,true,1,
77343000127,true,נר נשמה 26 שעות.,אבאל יזמות בעמ,,,יח`,1,,false,1,2.90,2.90,false,1,
77343000233,true,נרות חימום מנורה שי נר) (50,אבאל יזמות בעמ,,,יח`,1,,false,1,10.50,10.50,true,1,
77343001100,true,נר נשמה מנורה 26 שעות,אבאל יזמות בעמ,,,יח`,1,,false,1,2.90,2.90,true,1,
77975093085,true,סניידרס בייגלה מצופה שוקולד חלב 141 גר`,ליימן שליסל בעמ,,,יח`,1.41,100 גרם,false,1,17.90,12.70,false,1,
77975094624,true,סניידרס שברי בייגלה במילוי חמאת בוטנים 2,ליימן שליסל בעמ,,,יח`,2.8350,100 גרם,false,1,15.90,5.61,true,1,
77975094631,true,סניידרס בייגלה במילוי קרם  צ`דר( 226 גר`,ליימן שליסל בעמ,,,יח`,2.26,100 גרם,false,1,15.90,7.04,true,1,
77975094761,true,סניידרס שברי בייגל בטעם גבינת צ`אדר,ליימן שליסל בעמ,,,יח`,3.40,100 גרם,false,1,15.90,4.68,true,1,
77975094778,true,סניידרס שברי בייגל בטעם דבש וחרדל 340 גר,ליימן שליסל בעמ,,,יח`,3.40,100 גרם,false,1,15.90,4.68,true,1,
77975095157,true,סניידרס שברי בייגלה חלפינו 318 גר`,ליימן שליסל בעמ,,,יח`,3.18,100 גרם,false,1,15.90,5,true,1,
80518532743,true,בלון פסטל שמחה זה אנחנו) (50,שמחה זה אנחנו בעמ,,,יח`,1,,false,1,11.90,11.90,false,1,
611745285685,true,אבוקדו בשל  ארוז- מור בריאות,קונסיגנציה-מור בריאות בעמ,,,יח`,1,,false,1,7.90,7.90,true,1,
649870164551,true,עצם פאפ ברווז פטסלנד,שחורי אריה ואנסטסיה,,,יח`,1,,false,1,24.90,24.90,false,1,
649870166081,true,נייטיב בקר ברוטב לחתול,שחורי אריה ואנסטסיה,,,יח`,1,,false,1,4.90,4.90,false,1,
649870166142,true,נייטיב פטה עוף גור חתולים,שחורי אריה ואנסטסיה,,,יח`,1,,false,1,4.90,4.90,false,1,
693493065641,true,טחינה הר כנען 100% 500 גר,אבאל יזמות בעמ,,,יח`,5,100 גרם,false,1,15.90,3.18,true,1,
693493168786,true,תמר מג`הול גמבו 1קג,סהר ותמר בעמ,,,יח`,10,100 גרם,false,1,25,2.50,false,1,
710535495539,true,אורז בסמטי  (96% 1  קג) AVEL,אבאל יזמות בעמ,,,יח`,1,"ק""ג",false,1,12.90,12.90,true,1,
728229123590,true,חטיף צ`יפס אורגינל טרה (110  גרם)כשר לפס,משה סידס ובנו בעמ,,,יח`,1.10,100 גרם,false,1,14.90,13.55,true,1,
728229123613,true,חטיף צ`יפס מתפוח אדמה כחול טרה (110 גרם),משה סידס ובנו בעמ,,,יח`,1.10,100 גרם,false,1,14.90,13.55,true,1,
728229123811,true,חטיף צ`יפס ים תיכוני טרה (110 גרם),משה סידס ובנו בעמ,,,יח`,1.10,100 גרם,false,1,14.90,13.55,true,1,
728229124764,true,חטיף צ`יפס עם מלח ים טרה (110 גרם),משה סידס ובנו בעמ,,,יח`,1.10,100 גרם,false,1,14.90,13.55,true,1,
728229124771,true,חטיף טרה מבטטה בטעם ברבקיו 110 גר,משה סידס ובנו בעמ,,,יח`,1.10,100 גרם,false,1,14.90,13.55,true,1,
728229124795,true,חטיף צ`יפס בטטה טרה (110  גרם) כשלפ,משה סידס ובנו בעמ,,,יח`,1.10,100 גרם,false,1,14.90,13.55,true,1,
768404001640,true,גלידת פיינטים בטעם קפה,מוצרי איכות אמריקאיים בעמ,,,יח`,4.20,"100 מ""ל",false,1,20.30,4.83,true,1,
769904000607,true,שקדי מרק 200  גר`ללא גלוטן,בטר אנד דיפרנט בעמ,,,יח`,2,100 גרם,false,1,10.50,5.25,false,1,
835811000396,true,נייר אפייה לתבנית מוארכות 30 יח הנמל,הנמל אריזות ושיווק (1984) בעמ,,,יח`,1,,false,1,10.90,10.90,false,1,
835811000877,true,כוסות יין מעוטרות 40  יח`זהב הנמל,הנמל אריזות ושיווק (1984) בעמ,,,יח`,1,,false,1,13.90,13.90,false,1,
835811001232,true,נייר אפיה לתבנית עגול קוטר 26  סמ- 10 יח,הנמל אריזות ושיווק (1984) בעמ,,,יח`,1,,false,1,11.90,11.90,false,1,
835811001591,true,גביעי איחסון 8 ח`+מכסה 0.5 ליטר הנמל,הנמל אריזות ושיווק (1984) בעמ,,,יח`,1,,false,1,5.90,5.90,false,1,
835811001652,true,כוס לשתיה קרה 330 סמק 40  יח`הנמל,הנמל אריזות ושיווק (1984) בעמ,,,יח`,1,,false,1,9.90,9.90,false,1,
835811001966,true,תבנית אלומניום עבה רוסטר 4  יח`הנמל,הנמל אריזות ושיווק (1984) בעמ,,,יח`,1,,false,1,11.20,11.20,false,1,
835811003427,true,צלחות גדול מקנה סוכר 1 קג הנמל,הנמל אריזות ושיווק (1984) בעמ,,,יח`,1,,false,1,37.90,37.90,true,1,
835811003458,true,מזלגות אלגנט שקוף 50 יח` הנמל,הנמל אריזות ושיווק (1984) בעמ,,,יח`,1,,false,1,10.90,10.90,true,1,
835811003472,true,כפות אלגנט שקוף 50 יח` הנמל,הנמל אריזות ושיווק (1984) בעמ,,,יח`,1,,false,1,10.90,10.90,true,1,
835811003489,true,כפיות אלגנט שקוף 50 יח` הנמל,הנמל אריזות ושיווק (1984) בעמ,,,יח`,1,,false,1,10.90,10.90,true,1,
835811003588,true,צלחות קלאסי גדול לבן 65 יח` הנמל,הנמל אריזות ושיווק (1984) בעמ,,,יח`,1,,false,1,35.90,35.90,true,1,
835811003823,true,קופסת איחסון מלבן 1 ליטר הנמל 5 יח,הנמל אריזות ושיווק (1984) בעמ,,,יח`,1,,false,1,10.90,10.90,false,1,
835811004189,true,פירורי לחם הנמל (800גרם),הנמל אריזות ושיווק (1984) בעמ,,,יח`,8,100 גרם,false,1,10.90,1.36,false,1,
835811004219,true,מפה שולחן 8 יח עבה ניילון הנמל,הנמל אריזות ושיווק (1984) בעמ,,,יח`,0.45,100 גרם,false,1,10.90,24.22,false,1,
835811004509,true,קערה פסים גדולה לסלט ענק הנמל,הנמל אריזות ושיווק (1984) בעמ,,,יח`,1,,false,1,8.90,8.90,false,1,
835811004516,true,קערה פסים לסלט קטנה עגולה הנמל,הנמל אריזות ושיווק (1984) בעמ,,,יח`,1,,false,1,4.90,4.90,false,1,
835811004707,true,פרורי לחם מוזהבים הנמל (440 גרם),הנמל אריזות ושיווק (1984) בעמ,,,יח`,4.40,100 גרם,false,1,7.10,1.61,false,1,
835811005018,true,כוסות יהלום 50  יח`הנמל,הנמל אריזות ושיווק (1984) בעמ,,,יח`,1,,false,1,15.90,15.90,true,1,
835811005049,true,נייר אפייה 40 יח מתכלה ירוק הנמל,הנמל אריזות ושיווק (1984) בעמ,,,יח`,1,,false,1,10.90,10.90,true,1,
835811005407,true,כוסות קפה לדרך 12  יח`הנמל,הנמל אריזות ושיווק (1984) בעמ,,,יח`,12,יח`,false,1,13.90,1.16,false,1,
835811005810,true,מגש הכסף תבנית מרובע קטן+מכסה  10 יח`,הנמל אריזות ושיווק (1984) בעמ,,,יח`,1,,false,1,10.90,10.90,true,1,
835811005957,true,מגש הכסף תבנית  אלומ` +90 מכסה 8 יח`,הנמל אריזות ושיווק (1984) בעמ,,,יח`,1,,false,1,10.90,10.90,true,1,
835811005964,true,מגש הכסף תבנית  אלומ`מאורך 20 יח`,הנמל אריזות ושיווק (1984) בעמ,,,יח`,1,,false,1,10.90,10.90,true,1,
835811005971,true,מפת שלחן אל בד עם רנר מודפס 120*270 הנמל,הנמל אריזות ושיווק (1984) בעמ,,,יח`,1,,false,1,10.10,10.10,false,1,
835811006213,true,קערות למרק מקנה סוכר טבעי 25  יח`הנמל,הנמל אריזות ושיווק (1984) בעמ,,,יח`,1,,false,1,10.90,10.90,false,1,
835811006220,true,צלחות ענק מקנה סוכר טבעי 25  יח`הנמל,הנמל אריזות ושיווק (1984) בעמ,,,יח`,1,,false,1,13.90,13.90,false,1,
835811006237,true,צלחות קטנות מקנה סוכר טבעי 25  יח`הנמל,הנמל אריזות ושיווק (1984) בעמ,,,יח`,1,,false,1,9.90,9.90,false,1,
835811006244,true,צלחות גדולות מקנה סוכר טבעי 25  יח`הנמל,הנמל אריזות ושיווק (1984) בעמ,,,יח`,1,,false,1,12.90,12.90,false,1,
835811006435,true,מגש הכסף תבנית  מלבןעמוק+ מכסה 9 יח`,הנמל אריזות ושיווק (1984) בעמ,,,יח`,1,,false,1,10.90,10.90,true,1,
835811007357,true,סלטינות אובלי 25  יח`הנמל,הנמל אריזות ושיווק (1984) בעמ,,,יח`,1,,false,1,5.90,5.90,true,1,
835811007432,true,תבנית אפייה משפחתית מקרטון הנמל) (3,הנמל אריזות ושיווק (1984) בעמ,,,יח`,1,,false,1,10.10,10.10,false,1,
835811007562,true,תבנית קרטון אינגליש קייק הנמל) (6,הנמל אריזות ושיווק (1984) בעמ,,,יח`,1,,false,1,10.10,10.10,false,1,
835811008347,true,גפרור ענק הנמל,הנמל אריזות ושיווק (1984) בעמ,,,יח`,1,,false,1,6.10,6.10,false,1,
835811008996,true,כוסות קרטון 50  יח`OZ הנמל,הנמל אריזות ושיווק (1984) בעמ,,,יח`,1,,false,1,19.90,19.90,true,1,
835811009191,true,צלחות אלגנט 9 בינוני 18  יח`הנמל,הנמל אריזות ושיווק (1984) בעמ,,,יח`,1,,false,1,39.90,39.90,false,1,
835811009436,true,צלחות ענק צבע 25  יח`מעורב הנמל,הנמל אריזות ושיווק (1984) בעמ,,,יח`,1,,false,1,25.90,25.90,false,1,
835811009689,true,כוסות צבע מעורב 50  יח`הנמל,הנמל אריזות ושיווק (1984) בעמ,,,יח`,1,,false,1,15.90,15.90,false,1,
839762000641,true,משקה איילנד 1 ליטר מנגו,טמפו משקאות בעמ,,,יח`,1,1 ליטר,false,1,13.90,13.90,true,1,
839762000658,true,משקה גויאבה איילנד (1 ליטר),טמפו משקאות בעמ,,,יח`,1,1 ליטר,false,1,13.90,13.90,true,1,
850006036028,true,מקלונים בטעם סלק בצל 400 גר` עבאדי,תה ויסוצקי (ישראל) בעמ,,,יח`,4,100 גרם,false,1,18.50,4.63,true,1,
855958006679,true,צורו גבינה 56 גרם,שחורי אריה ואנסטסיה,,,יח`,1,,false,1,15.90,15.90,false,1,
856591000055,true,עוגיות מזרחיות קריספי עבאדי (400 גרם),תה ויסוצקי (ישראל) בעמ,,,יח`,4,100 גרם,false,1,18.50,4.63,false,1,
856591000062,true,עוגיות מזרחיות עם מלח עבאדי (400 גרם),תה ויסוצקי (ישראל) בעמ,,,יח`,4,100 גרם,false,1,18.50,4.63,true,1,
856591000949,true,עבאדי קטנטנים חטיף טבעי 350 גרם,תה ויסוצקי (ישראל) בעמ,,,יח`,3.50,100 גרם,false,1,15.90,4.54,true,1,
856591000970,true,מקלונים בטעם חריף 400 גר` עבאדי,תה ויסוצקי (ישראל) בעמ,,,יח`,4,100 גרם,false,1,18.50,4.63,true,1,
884912102102,true,בלוברי מורנינג אוככמניות 382 גר`,ר.ב מוצרי דגנים בעמ,,,יח`,3.82,100 גרם,false,1,26.90,7.04,false,1,
884912129512,true,דגני בוקר קוקו פבלס 311 גר .,ר.ב מוצרי דגנים בעמ,,,יח`,3.11,100 גרם,false,1,22.90,7.36,false,1,
884912359155,true,האני באנצס האני רוסטד 340 גר`.,ר.ב מוצרי דגנים בעמ,,,יח`,3.40,100 גרם,false,1,22.90,6.74,true,1,
884912359162,true,האני באנצס שקדים 340 גר`.,ר.ב מוצרי דגנים בעמ,,,יח`,3.40,100 גרם,false,1,22.90,6.74,true,1,
884912359483,true,האני באנצס באנצס תות 340 גר`,ר.ב מוצרי דגנים בעמ,,,יח`,3.40,100 גרם,false,1,22.90,6.74,true,1,
884912365200,true,דגני בוקר אוראו 311 גר`,ר.ב מוצרי דגנים בעמ,,,יח`,3.11,100 גרם,false,1,23.50,7.56,false,1,
884912365217,true,דגני בוקר אוראו 311 גר`,ר.ב מוצרי דגנים בעמ,,,יח`,3.11,100 גרם,false,1,23.50,7.56,false,1,
893594002068,true,פופקורנס צ`יפס עם מלח ים .,שטראוס פריטו ליי בעמ,,,יח`,0.32,100 גרם,false,1,6.90,21.56,false,1,
3014260240226,false,קצף גילוח רגיש 200 מל`,דיפלומט מפיצים (1968) בעמ,,,יח`,2,"100 מ""ל",false,1,14.90,7.45,false,1,
3014260246693,false,סכין גילוח סימפלי ונוס 2 ג`ילט) (4,פארמה דיל (פ.א.ב.) שיווק והפצה,,,יח`,1,יח`,false,1,9.90,9.90,false,1,
3014260280772,false,אורל בי חוט דנטלי שעוה מנטה,דיפלומט מפיצים (1968) בעמ,,,יח`,1,,false,1,16.90,16.90,false,1,
3014260283254,false,סכיני גילוח חד פעמי בלו 2 פלוס ג`ילט) (5,פארמה דיל (פ.א.ב.) שיווק והפצה,,,יח`,1,,false,1,10.90,10.90,false,1,
3014260287030,false,ג`ילט סכיני גילוח חדפ לגבר יבוא מקביל,פארמה דיל (פ.א.ב.) שיווק והפצה,,,יח`,1,,false,1,9.90,9.90,false,1,
3014260289287,false,סכיני גילוח בלו 2 לאשה ג`ילט) (5,דיפלומט מפיצים (1968) בעמ,,,יח`,1,,false,1,13.90,13.90,false,1,
3045200760009,false,דזיטול מחטא בגדים 500 מל,יעקב יעקבי ובניו בעמ,,,יח`,5,"100 מ""ל",false,1,13.90,2.78,true,1,
3046920027281,false,לינדט אקסלנס קרמלסולט 100 גר`,משה סידס ובנו בעמ,,,יח`,1,100 גרם,false,1,16.60,16.60,true,1,
3046920028004,false,אקסלנס 70% קקאו לינדט (100 גרם),משה סידס ובנו בעמ,,,יח`,1,100 גרם,false,1,16.60,16.60,true,1,
3046920028752,false,לינדט אקסלנס  מינט( 100 גר`),משה סידס ובנו בעמ,,,יח`,1,100 גרם,false,1,16.60,16.60,true,1,
3046920029674,false,אקסלנס עם שבבי מלח לינדט (100 גרם),משה סידס ובנו בעמ,,,יח`,1,100 גרם,false,1,16.60,16.60,true,1,
3046920029759,false,אקסלנס שוקולד מריר 90% לינדט (100 גרם),משה סידס ובנו בעמ,,,יח`,1,100 גרם,false,1,16.30,16.30,true,1,
3178530407938,false,מיני מדליין פצפוצי שוקולד 175 גר`,א. סיימן סחר בעמ,,,יח`,1.75,100 גרם,false,1,13.90,7.94,false,1,
3178530411478,false,עוגיות חמאה קלאסי 150  גר`גלאט,א. סיימן סחר בעמ,,,יח`,1.50,100 גרם,false,1,12.90,8.60,false,1,
3387390525960,false,דגני  קראנץ`נסטלה (500 גרם),קבוצת אסם סחר שות. מוגבלת,,,יח`,5,100 גרם,false,1,22.90,4.58,true,1,
3387390730852,false,פיטנס 375  גר`דגני בוקר,קבוצת אסם סחר שות. מוגבלת,,,יח`,3.75,100 גרם,false,1,20.30,5.41,true,1,
3523230026826,false,פירמידה עיזים טבעי 140 גרם,א. סיימן סחר בעמ,,,יח`,1.40,100 גרם,false,1,22.90,16.36,true,1,
3563490014898,false,חרדל דיזון לחיץ 265 גר,דיפלומט היינץ,,,יח`,2.65,100 גרם,false,1,13.20,4.98,false,1,
3574661203577,false,ליסטרין אדוונס וויט 500 מל-יבוא  מקביל,בית הצעצוע בעמ,,,יח`,5,"100 מ""ל",false,1,15.90,3.18,true,1,
3600523782581,false,מרכך דרים לונג 500 מל אלביב,לוריאל ישראל קוסמטיקס בעמ,,,יח`,5,"100 מ""ל",false,1,15.90,3.18,true,1,
3600541402270,false,דאודורנט ספריי אינביזיבל פרש,לוריאל ישראל קוסמטיקס בעמ,,,יח`,1.50,"100 מ""ל",false,1,12.90,8.60,false,1,
3600542385268,false,גרניה דאו רולן און אינביזיבל,לוריאל ישראל קוסמטיקס בעמ,,,יח`,0.50,"100 מ""ל",false,1,12.90,25.80,false,1,
3614224050986,false,דאו ספריי לגבר אדיפיור 150  מל( 72 שעות,דנשר (1963) בעמ,,,יח`,1.50,"100 מ""ל",false,1,12.90,8.60,false,1,
4000351109380,false,שמן קנולה 1 ליטר BROLIO.,המותג-לא פעיל להקלדה,,,יח`,1,1 ליטר,false,1,8.90,8.90,false,1,
4000415004408,false,שוגטן מריר אגוזים 100 גר`,יעד ממתקים בעמ,,,יח`,1,100 גרם,false,1,6.90,6.90,true,1,
4000415039707,false,שוגטן 100  גר`וניל,יעד ממתקים בעמ,,,יח`,1,100 גרם,false,1,6.90,6.90,true,1,
4000415040109,false,שוגטן 100  גר`-קרמל,יעד ממתקים בעמ,,,יח`,1,100 גרם,false,1,6.90,6.90,true,1,
4000415066000,false,שוקולד סאלוט חלב 100 גר`,יעד ממתקים בעמ,,,יח`,1,100 גרם,false,1,4.90,4.90,true,1,
4000415358303,false,שוקו פאן ביסקוויט חמישיות 210 גר`,יעד ממתקים בעמ,,,יח`,2.10,100 גרם,false,1,9.90,4.71,true,1,
4000415358501,false,שוקו פאן שביעיות קוקוס 175 גר`,יעד ממתקים בעמ,,,יח`,1.75,100 גרם,false,1,9.90,5.66,true,1,
4000415440701,false,שוקו פאן שישיות בוטנים 216 גר`,יעד ממתקים בעמ,,,יח`,2.16,100 גרם,false,1,9.90,4.58,true,1,
4000415440909,false,שוקו פאן שישיות קרמל 216 גר`,יעד ממתקים בעמ,,,יח`,2.16,100 גרם,false,1,9.90,4.58,true,1,
4000415730109,false,שוגטן מריר אגוזים קצוצים 100 גר`,יעד ממתקים בעמ,,,יח`,1,100 גרם,false,1,6.90,6.90,true,1,
4000417019004,false,שוקולד ריטר חלבי אגוזים 100 גר`,ליימן שליסל בעמ,,,יח`,1,100 גרם,false,1,10.90,10.90,true,1,
4000417023001,false,שוקולד ריטר חלבי שקד 100 גר`,ליימן שליסל בעמ,,,יח`,1,100 גרם,false,1,10.90,10.90,true,1,
4000417026002,false,שוקולד ריטרפרלין 100 גר`,ליימן שליסל בעמ,,,יח`,1,100 גרם,false,1,10.50,10.50,true,1,
4000417101211,false,אמיצ`לי גלילי וופל עם קרם אגוזי לוז בציפ,ליימן שליסל בעמ,,,יח`,1.50,100 גרם,false,1,18.90,12.60,false,1,
4000417222008,false,שוקולד ריטר חלביעם שברי אגוזים 100גר`,ליימן שליסל בעמ,,,יח`,1,100 גרם,false,1,10.50,10.50,true,1,
4000607850004,false,שוגטן 100 גר`,יעד ממתקים בעמ,,,יח`,1,100 גרם,false,1,6.90,6.90,true,1,
4000607851001,false,שוגטן חלב אגוזים 100 גר`,יעד ממתקים בעמ,,,יח`,1,100 גרם,false,1,6.90,6.90,true,1,
4000607854705,false,שוגטן במילוי תות 100 גר`,יעד ממתקים בעמ,,,יח`,1,100 גרם,false,1,6.90,6.90,true,1,
4000869032569,false,הפי מטהר אויר פרש יעקבי 150( גרם),יעקב יעקבי ובניו בעמ,,,יח`,1,,false,1,7.90,7.90,false,1,
4002720005736,false,קפה פילטר מליטה פרימיום 250 גר,דנשר (1963) בעמ,,,יח`,2.50,100 גרם,false,1,19.30,7.72,false,1,
4004666042004,false,מרסס נגד עובש מלרוד,יעקב יעקבי ובניו בעמ,,,יח`,7.50,"100 מ""ל",false,1,30.90,4.12,false,1,
4005808702107,false,קרם גוף לעור יבש 500 מל ניוואה.,אלפא- ב.ד.ף בעמ,,,יח`,5,"100 מ""ל",false,1,20.90,4.18,false,1,
4005900036476,false,רול און בלק אנד ווייט לאישה,אלפא- ב.ד.ף בעמ,,,יח`,1,,false,1,13.90,13.90,true,1,
4005900036483,false,ספריי בלק אנד ווייט לגבר,אלפא- ב.ד.ף בעמ,,,יח`,1,,false,1,15.90,15.90,true,1,
4005900513045,false,ספריי בלק DEEP לגבר 150 מל,אלפא- ב.ד.ף בעמ,,,יח`,1,,false,1,15.90,15.90,true,1,
4005900521262,false,ג`ל רחצה 500 מל DEEP,אלפא- ב.ד.ף בעמ,,,יח`,5,"100 מ""ל",false,1,16.30,3.26,true,1,
4005900542557,false,דאודורנט רול-און לאישה בלק אנד וויט סילק,אלפא- ב.ד.ף בעמ,,,יח`,1,,false,1,13.90,13.90,true,1,
4005900816115,false,דאודורנט רול-און לאישה יבש,אלפא- ב.ד.ף בעמ,,,יח`,0,"100 מ""ל",false,1,13.90,13.90,true,1,
4008287051032,false,קרומבאכר פילס פחית בודד 500 מל,אגודת הכורמים,,,יח`,5,"100 מ""ל",false,1,9.90,1.92,true,1,
4008287058161,false,בירה קרומבאכר פילס בקבוק 6* 330,אגודת הכורמים,,,יח`,19.80,"100 מ""ל",false,1,29.90,1.42,false,1,
4008287762020,false,קרומבאכר חיטה בקבוק בודד 500 מל,אגודת הכורמים,,,יח`,5,"100 מ""ל",false,1,10.90,2.12,true,1,
4008287905786,false,קרומבאכר חיטה פחית בודד 500 מל,אגודת הכורמים,,,יח`,5,"100 מ""ל",false,1,9.90,1.92,true,1,
4009900403023,false,מסטיק אורביט וויט בטעם מנטה ללס,מרס ריגלי ישראל בעמ,,,יח`,1,,false,1,11.50,11.50,true,1,
4009900420129,false,מסטיק אורביט פרופשיונל מנטה חזקה ללס,מרס ריגלי ישראל בעמ,,,יח`,1,,false,1,11.50,11.50,true,1,
4009900426121,false,מסטיק איירוויבז בטעם אוכמניות ללס,מרס ריגלי ישראל בעמ,,,יח`,1,,false,1,11.50,11.50,true,1,
4009900479998,false,מסטיק אורביט בטעם אוכמניות ללס,מרס ריגלי ישראל בעמ,,,יח`,1,,false,1,11.50,11.50,true,1,
4009900482417,false,מסטיק אורביט בטעם פירות ומנטה ללס,מרס ריגלי ישראל בעמ,,,יח`,1,,false,1,11.50,11.50,true,1,
4009900483803,false,מסטיק אירויבז בטעם מנטה אקליפטוס ללס אר,מרס ריגלי ישראל בעמ,,,יח`,0.84,100 גרם,false,1,14.30,17.02,false,1,
4009900484091,false,מסטיק אורביט בטעם מנטה עדינה ללס אריזה,מרס ריגלי ישראל בעמ,,,יח`,0.84,100 גרם,false,1,14.30,17.02,false,1,
4009900496247,false,מסטיק אורביט בטעם פירות ומנטה ללס אריזה,מרס ריגלי ישראל בעמ,,,יח`,0.84,100 גרם,false,1,14.30,17.02,false,1,
4009900509770,false,מסטיק אורביט בטעם תות ללס אריזה מוגדלת,מרס ריגלי ישראל בעמ,,,יח`,1,,false,1,14.30,14.30,false,1,
4009900531122,false,מסטיק אורביט פרופשיונל בטעם מנטה עדינה ל,מרס ריגלי ישראל בעמ,,,יח`,1,,false,1,11.50,11.50,true,1,
4009900536257,false,מסטיק אורביט רפרשרס בטעם מנטה ללס,מרס ריגלי ישראל בעמ,,,יח`,0.67,100 גרם,false,1,12.90,19.25,true,1,
4009900539685,false,מסטיק פייב באונס בטעם מנטה בקבוקון,מרס ריגלי ישראל בעמ,,,יח`,0.67,100 גרם,false,1,12.90,19.25,true,1,
4009900539746,false,מסטיק פייב באונס בטעם אבטיח בקבוקון,מרס ריגלי ישראל בעמ,,,יח`,0.67,100 גרם,false,1,12.90,19.25,true,1,
4011100001220,false,מרס חטיף שוקולד עם קרמל מארז 403 גרם,מרס ריגלי ישראל בעמ,,,יח`,4,100 גרם,false,1,19.90,4.98,false,1,
4011100002227,false,באונטי חטיף שוקולד קוקוס מארז 403 גרם,מרס ריגלי ישראל בעמ,,,יח`,4.03,100 גרם,false,1,19.90,4.94,false,1,
4011800528416,false,קורני בייס סויט סול 150 גר`,משה סידס ובנו בעמ,,,יח`,1.50,100 גרם,false,1,10.90,7.27,true,1,
4011800567613,false,חטיף קורני שחור לבן רביעייה,משה סידס ובנו בעמ,,,יח`,1.20,100 גרם,false,1,10.90,9.08,true,1,
4011800577810,false,חטיף קורני שישייה פרי נוגט,משה סידס ובנו בעמ,,,יח`,1.20,100 גרם,false,1,10.90,9.08,true,1,
4011800628512,false,חטיף קורני שישייה שוקולדה,משה סידס ובנו בעמ,,,יח`,1.50,100 גרם,false,1,10.90,7.27,true,1,
4011800630515,false,חטיף קורני שישייה שוקולד חלבי ובננה,משה סידס ובנו בעמ,,,יח`,1.50,100 גרם,false,1,10.90,7.27,true,1,
4011800632519,false,חטיף קורני שישייה שוקולד חלבי וקוקוס,משה סידס ובנו בעמ,,,יח`,1.50,100 גרם,false,1,10.90,7.27,true,1,
4011800633516,false,חטיף קורני שישייה שוקולד מריר,משה סידס ובנו בעמ,,,יח`,1.50,100 גרם,false,1,10.90,7.27,true,1,
4011800636517,false,קורני פרי ללתס חטיף דגנים+שוקולד 6 יח`,משה סידס ובנו בעמ,,,יח`,1.20,100 גרם,false,1,10.90,9.08,true,1,
4014400904376,false,סוכריות שטורק שוקולדן 325 גר`,ליימן שליסל בעמ,,,יח`,3.25,100 גרם,false,1,15.90,4.89,false,1,
4014400914924,false,וורטר ללס קפה 80 גר`,ליימן שליסל בעמ,,,יח`,0.80,100 גרם,false,1,9.50,11.88,true,1,
4014400920857,false,וורטר ללס בטעם שוקולד 70גר`,ליימן שליסל בעמ,,,יח`,0.70,100 גרם,false,1,9.50,13.57,true,1,
4014400923711,false,חטיפי שוקולד טופיפי (125 גרם),ליימן שליסל בעמ,,,יח`,1.25,100 גרם,false,1,14.20,11.36,true,1,
4015400564034,false,מגן תחתון אולווייז מגה פק לונג פלוס 58 י,דיפלומט מפיצים (1968) בעמ,,,יח`,1,,false,1,24.90,24.90,true,1,
4015400564454,false,מגן תחתון אולוויז מגה פק  לארג`68 יח,דיפלומט מפיצים (1968) בעמ,,,יח`,1,,false,1,24.90,24.90,true,1,
4015400681670,false,תחבושות לילה בטוח אולווייז) (18,דיפלומט מפיצים (1968) בעמ,,,יח`,1,,false,1,20.30,20.30,true,1,
4015400690405,false,טמפקס קומפאק פרל סופר 18 יח,דיפלומט מפיצים (1968) בעמ,,,יח`,1,,false,1,22.90,22.90,true,1,
4015400731719,false,תחבושות לילה וליו פק אולווייז) (20,דיפלומט מפיצים (1968) בעמ,,,יח`,1,,false,1,21.40,21.40,true,1,
4015400746812,false,מגן תחתון אולווייז מגה פק נורמל 80 יח`,דיפלומט מפיצים (1968) בעמ,,,יח`,1,,false,1,24.90,24.90,true,1,
4015400755487,false,תחבושות אולטרה לונג פלוס אולווייז) (24,דיפלומט מפיצים (1968) בעמ,,,יח`,1,,false,1,21.40,21.40,true,1,
4015400990482,false,אבקת כביסה אריאל קולור 3 קג,דיפלומט מפיצים (1968) בעמ,,,יח`,30,100 גרם,false,1,35.60,1.19,false,1,
4015400990543,false,אבקת כביסה אריאל קולור 8 קג,דיפלומט מפיצים (1968) בעמ,,,יח`,8,"ק""ג",false,1,59.90,7.49,true,1,
4015600762742,false,הד אנד שולדרס שמפו 500 מל כחול,דיפלומט מפיצים (1968) בעמ,,,יח`,5,"100 מ""ל",false,1,21.90,4.38,true,1,
4015600762902,false,הד אנד שולדרס שמפו 500 מל נענע,דיפלומט מפיצים (1968) בעמ,,,יח`,5,"100 מ""ל",false,1,21.90,4.38,true,1,
4015600763022,false,הד אנד שולדרס שמפו 500 מל ורוד,דיפלומט מפיצים (1968) בעמ,,,יח`,5,"100 מ""ל",false,1,21.90,4.38,true,1,
4017100364112,false,היט עוגיות  סנדוויץ`שוקו בלזן (220 גרם),ליימן שליסל בעמ,,,יח`,2.20,100 גרם,false,1,11.20,5.09,true,1,
4022025001929,false,בלו ווין מבעבע כחול 750מל,היכל היין שקד גולן בעמ,,,יח`,7.50,"100 מ""ל",false,1,56.90,7.55,true,1,
4022025002100,false,בלו ווין מבעבע רוזה 750 מל 24K,היכל היין שקד גולן בעמ,,,יח`,7.50,"100 מ""ל",false,1,56.90,7.55,true,1,
4025700001962,false,שוקולד לבן מילקה (100 גרם),דיפלומט היינץ,,,יח`,1,100 גרם,false,1,6.50,6.50,true,1,
4033100013348,false,ל.ד כחול בודד,גלוברנדס בעמ - שיווק סיגריות,,,יח`,1,,false,1,32,32,true,1,
4033100024252,false,סיגריות ווינסטון אקווה בודד,גלוברנדס בעמ - שיווק סיגריות,,,יח`,1,,false,1,32,32,true,1,
4066600601920,false,פאולנר פחית 500 מל,טמפו משקאות בעמ,,,יח`,5,"100 מ""ל",false,1,10.90,2.12,true,1,
4079400330129,false,בירה וולטרס (500 מל),אבאל יזמות בעמ,,,יח`,5,"100 מ""ל",false,1,6.90,1.32,true,1,
4084500065536,false,פנטן קרם לחות מוגברת לעיצוב השיער 300 מ,דיפלומט מפיצים (1968) בעמ,,,יח`,3,"100 מ""ל",false,1,20.90,6.97,true,1,
4084500065598,false,קרם לחות לתלתלים פנטן (300 מל),דיפלומט מפיצים (1968) בעמ,,,יח`,3,"100 מ""ל",false,1,20.90,6.97,true,1,
4084500088917,false,נוזל לניקוי כלים לימון פיירי (650 מל),דיפלומט מפיצים (1968) בעמ,,,יח`,6.50,"100 מ""ל",false,1,11.90,1.83,true,1,
4084500178137,false,טייד ג`ל 4 ליטר,דיפלומט מפיצים (1968) בעמ,,,יח`,4,1 ליטר,false,1,31.90,7.98,false,1,
4084500371453,false,טייד 8  קג`-אלפיין,דיפלומט מפיצים (1968) בעמ,,,יח`,8,"ק""ג",false,1,51.90,6.49,true,1,
4084500853836,false,פיירי ורדים ומשי 515 מל,דיפלומט מפיצים (1968) בעמ,,,יח`,5.15,"100 מ""ל",false,1,11.90,2.31,true,1,
4084500853898,false,פיירי אלוורה ומלפפונים 515 מל,דיפלומט מפיצים (1968) בעמ,,,יח`,5.15,"100 מ""ל",false,1,11.90,2.31,true,1,
4100130937163,false,בירה בק`ס (275x6 מל),הכרם - משקאות חריפים בעמ,,,יח`,1.65,1 ליטר,false,1,36.90,21.27,true,1,
4105120623941,false,בירה ויינשטפן בקבוק 500 מל,החברה המרכזית להפצת משקאות בעמ,,,יח`,5,"100 מ""ל",false,1,13.50,2.64,false,1,
4605561010305,false,פילה הרינג עם שמיר בשמן חתיכות 500 גר`,דילר בי.אמ.די פורמולה בעמ,,,יח`,5,100 גרם,false,1,27.90,5.58,true,1,
4605561010343,false,פילה הרינג בשמן חתיכות 500 גר`,דילר בי.אמ.די פורמולה בעמ,,,יח`,5,100 גרם,false,1,27.90,5.58,true,1,
4605561011975,false,פילה הרינג בשמן 150 גר`,דילר בי.אמ.די פורמולה בעמ,,,יח`,1.50,100 גרם,false,1,8.90,5.93,false,1,
4605561012613,false,פילה  הרינג(קצוץ) בשמן 400 גר`,דילר בי.אמ.די פורמולה בעמ,,,יח`,4,100 גרם,false,1,16.90,4.23,true,1,
4605561013009,false,פילה הרינג בשמן 400 גר`,דילר בי.אמ.די פורמולה בעמ,,,יח`,4,100 גרם,false,1,16.90,4.23,true,1,
4710068001715,false,משקה בטעם טירמיסו מאסטר קפה (240 מל),טמפו משקאות בעמ,,,יח`,2.40,"100 מ""ל",false,1,7.20,3,true,1,
4710068001739,false,מאסטר קפה 250 מל קולומביאני,טמפו משקאות בעמ,,,יח`,2.50,"100 מ""ל",false,1,7.20,2.88,true,1,
4710068002798,false,מאסטר קפה 250 מל ונילה,טמפו משקאות בעמ,,,יח`,2.50,"100 מ""ל",false,1,7.20,2.88,true,1,
4800888219510,false,דאודורנט סטיק מלפפונים דאב (50 גרם),יוניליוור ישראל שיווק בעמ,,,יח`,0.50,100 גרם,false,1,15.20,30.40,true,1,
4800888219541,false,רקסונה נשים דאו סטיק פאודר דרי 50 מל,יוניליוור ישראל שיווק בעמ,,,יח`,0.50,"100 מ""ל",false,1,16.50,33,true,1,
4810168000011,false,פילה דג הרינג מלוח מצונן 250 גר`,דילר בי.אמ.די פורמולה בעמ,,,יח`,2.50,100 גרם,false,1,14.90,5.96,true,1,
4810168000998,false,פילה דג הרינג עם בצל 260 גר`,דילר בי.אמ.די פורמולה בעמ,,,יח`,2.60,100 גרם,false,1,18.90,7.27,false,1,
4810168018795,false,פילה דג הרינג מלוח מצונן 200 גר`,דילר בי.אמ.די פורמולה בעמ,,,יח`,2,100 גרם,false,1,14.90,7.45,true,1,
4810168019051,false,פילה דג הרינג מלוח מצונן עם תבלין 200 גר,דילר בי.אמ.די פורמולה בעמ,,,יח`,2,100 גרם,false,1,14.90,7.45,true,1,
4810168024512,false,פילה דג הרינג עם תבלין 260 גר`,דילר בי.אמ.די פורמולה בעמ,,,יח`,2.60,100 גרם,false,1,18.90,7.27,false,1,
4810168049928,false,בלינצ`ס במילוי תפוא ופטריות מוקפא 420 ג,דילר בי.אמ.די פורמולה בעמ,,,יח`,4.20,100 גרם,false,1,13.90,3.31,true,1,
4810168049966,false,בלינצ`ס במילוי דובדבן מוקפא 360 גר`,דילר בי.אמ.די פורמולה בעמ,,,יח`,3.60,100 גרם,false,1,13.90,3.86,true,1,
4810168051570,false,בלינצ`סבמילוי תפוץ וקינמון מוקפא 360 גר,דילר בי.אמ.די פורמולה בעמ,,,יח`,3.60,100 גרם,false,1,13.90,3.86,true,1,
4810168052270,false,עלי בלינצ`ס מופקאים 320 גר`,דילר בי.אמ.די פורמולה בעמ,,,יח`,3.20,100 גרם,false,1,11.90,3.72,false,1,
4810168055875,false,פילה דג הרינג מתובל מומלח בשמן מעד,דילר בי.אמ.די פורמולה בעמ,,,"ק""ג",10,100 גרם,true,1,50,5,false,1,
4810168057435,false,חתיכות פילה דג הרינג מלוח בשמן 400 גר`,דילר בי.אמ.די פורמולה בעמ,,,יח`,4,100 גרם,false,1,27.90,6.98,true,1,
4810168057510,false,חתיכות פילה דג הרינג מתובל מלוח בשמן 400,דילר בי.אמ.די פורמולה בעמ,,,יח`,4,100 גרם,false,1,27.90,6.98,true,1,
4810168058975,false,פילה דג הרינג סקנדינבי מלוח מצונן 260 גר,דילר בי.אמ.די פורמולה בעמ,,,יח`,2.60,100 גרם,false,1,18.90,7.27,false,1,
4810168058982,false,חתיכות פילה דג הרינג סקנדינבי מלוח בשמן,דילר בי.אמ.די פורמולה בעמ,,,יח`,4,100 גרם,false,1,27.90,6.98,true,1,
4810168058999,false,פילה דג הרינג סקנדיבי מלוח מצונן 250 גר`,דילר בי.אמ.די פורמולה בעמ,,,יח`,2.50,100 גרם,false,1,14.90,5.96,true,1,
4820217240114,false,חמאה 200  גר`FERMA,דילר בי.אמ.די פורמולה בעמ,,,יח`,2,100 גרם,false,1,9.90,4.95,false,1,
4823077602863,false,סוכריות ג`לי רושן קרייזי פצ`ולקה 200 ג,דילר בי.אמ.די.אינטרנשויונל בעמ,,,יח`,2,100 גרם,false,1,7.90,3.95,false,1,
4823077613203,false,שוקולד רושן מריר עם אגוז שלם 90 גר`,דילר בי.אמ.די.אינטרנשויונל בעמ,,,יח`,0.90,100 גרם,false,1,8.90,9.89,true,1,
4823077613630,false,חטיף שוקולד רושן ממולה קרם בורלה 43 גר`,דילר בי.אמ.די.אינטרנשויונל בעמ,,,יח`,0.43,100 גרם,false,1,4.90,11.40,true,1,
4823077614675,false,ביסקוויט לקפה רושן בטעם חלב 185 גר`,דילר בי.אמ.די.אינטרנשויונל בעמ,,,יח`,1.85,100 גרם,false,1,4.90,2.65,true,1,
4823077614699,false,ביסקוויט לקפה רושן בטעם חמאה וניל 185 גר,דילר בי.אמ.די.אינטרנשויונל בעמ,,,יח`,1.85,100 גרם,false,1,4.90,2.65,true,1,
4823077614767,false,שוקולד רושן חלב נוגט בטעם אגוזי לוז 90 ג,דילר בי.אמ.די.אינטרנשויונל בעמ,,,יח`,0.90,100 גרם,false,1,5.90,6.56,true,1,
4823077614804,false,שוקולד רושן חלב נוגט בטעם אוכמניות כחולו,דילר בי.אמ.די.אינטרנשויונל בעמ,,,יח`,0.90,100 גרם,false,1,5.90,6.56,true,1,
4823077617041,false,חטיף שוקולד רושן ממולה קרם קרמל 43 גר`,דילר בי.אמ.די.אינטרנשויונל בעמ,,,יח`,0.43,100 גרם,false,1,4.90,11.40,true,1,
4823077618901,false,בונבוניירה רושן ליקר רום 150 גר`,דילר בי.אמ.די.אינטרנשויונל בעמ,,,יח`,1.50,100 גרם,false,1,13.90,9.27,true,1,
4823077621635,false,וופל רושן בטעם חלב 72 גר`,דילר בי.אמ.די.אינטרנשויונל בעמ,,,יח`,0.72,100 גרם,false,1,4.90,6.81,true,1,
4823077621642,false,וופל רושן בטעם שוקולד 72 גר`,דילר בי.אמ.די.אינטרנשויונל בעמ,,,יח`,0.72,100 גרם,false,1,4.90,6.81,true,1,
4823077621659,false,וופל רושן בטעם אגוז 72 גר`,דילר בי.אמ.די.אינטרנשויונל בעמ,,,יח`,0.72,100 גרם,false,1,4.90,6.81,true,1,
4823077623684,false,סוכריות ממולאות בקרם בטעם חלב 150 גר`,דילר בי.אמ.די.אינטרנשויונל בעמ,,,יח`,1.50,100 גרם,false,1,5.90,3.93,false,1,
4823077623714,false,סוכריות טופי ממולאים בטעם חלב 150 גר`,דילר בי.אמ.די.אינטרנשויונל בעמ,,,יח`,1.50,100 גרם,false,1,7.90,5.27,false,1,
4823077624223,false,סוכריות ג`לי בוני פרוט בטעמי פירות 200,דילר בי.אמ.די.אינטרנשויונל בעמ,,,יח`,2,100 גרם,false,1,7.90,3.95,true,1,
4823077624247,false,סוכריות ג`לי בוני פרוט בטעם הדרים 200,דילר בי.אמ.די.אינטרנשויונל בעמ,,,יח`,2,100 גרם,false,1,7.90,3.95,true,1,
4823077624391,false,סוכריות טופי רושן מינקי בינקי 185 גר`,דילר בי.אמ.די.אינטרנשויונל בעמ,,,יח`,1.85,100 גרם,false,1,7.90,4.27,false,1,
4823077625145,false,בונבוניירה רושן ליקר שרי 155 גר`,דילר בי.אמ.די.אינטרנשויונל בעמ,,,יח`,1.55,100 גרם,false,1,13.90,8.97,true,1,
4823077625589,false,וופל רושן בטעם חלב 216 גר`,דילר בי.אמ.די.אינטרנשויונל בעמ,,,יח`,2.16,100 גרם,false,1,7.90,3.66,true,1,
4823077625602,false,וופל רושן בטעם שוקולד 216 גר`,דילר בי.אמ.די.אינטרנשויונל בעמ,,,יח`,2.16,100 גרם,false,1,7.90,3.66,true,1,
4823077625626,false,וופל רושן בטעם אגוז 216 גר`,דילר בי.אמ.די.אינטרנשויונל בעמ,,,יח`,2.16,100 גרם,false,1,7.90,3.66,true,1,
4823077626203,false,שוקולד רושן אורירי מריר 80 גר`,דילר בי.אמ.די.אינטרנשויונל בעמ,,,יח`,0.80,100 גרם,false,1,7.90,9.88,true,1,
4823077626227,false,שוקולד אורירי חלב 80 גר`,דילר בי.אמ.די.אינטרנשויונל בעמ,,,יח`,0.80,100 גרם,false,1,7.90,9.88,true,1,
4823077626241,false,שוקולד רושן אורירי לבן קרמל 80 גר`,דילר בי.אמ.די.אינטרנשויונל בעמ,,,יח`,0.80,100 גרם,false,1,7.90,9.88,true,1,
4823077626364,false,שוקולד רושן אורירי לבן 80 גר`,דילר בי.אמ.די.אינטרנשויונל בעמ,,,יח`,0.80,100 גרם,false,1,7.90,9.88,true,1,
4823077629136,false,שוקולד רושן חלב 90  גר`LACMI,דילר בי.אמ.די.אינטרנשויונל בעמ,,,יח`,0.85,100 גרם,false,1,7.90,9.29,true,1,
4823077630422,false,סנדוויץ קרקר חלב וניל רושן 235 גר`,דילר בי.אמ.די.אינטרנשויונל בעמ,,,יח`,2.35,100 גרם,false,1,9.90,4.21,true,1,
4823077631467,false,קרקר עם מלח ים רושן 168 גר`,דילר בי.אמ.די.אינטרנשויונל בעמ,,,יח`,1.68,100 גרם,false,1,5.90,3.51,true,1,
4823077631474,false,קרקר קלאסי רושן 168 גר`,דילר בי.אמ.די.אינטרנשויונל בעמ,,,יח`,1.68,100 גרם,false,1,5.90,3.51,true,1,
4823077631863,false,גליליות רושן קונאפטו וניל 140 גר`,דילר בי.אמ.די.אינטרנשויונל בעמ,,,יח`,1.40,100 גרם,false,1,7.90,5.64,true,1,
4823077632112,false,וופל רושן בטעם קקאו חלב 216 גר`,דילר בי.אמ.די.אינטרנשויונל בעמ,,,יח`,2.16,100 גרם,false,1,7.90,3.66,true,1,
4823077632259,false,חטיף שוקולד רושן עם בוטנים 38 גר`,דילר בי.אמ.די.אינטרנשויונל בעמ,,,יח`,0.38,100 גרם,false,1,4.90,12.89,true,1,
4823077632570,false,שוקולד רושן מריר 85  גר`BRUT,דילר בי.אמ.די.אינטרנשויונל בעמ,,,יח`,0.85,100 גרם,false,1,7.90,9.29,true,1,
4823077632587,false,שוקולד רושן חלב עם שקד שלם 90  גר`LACMI,דילר בי.אמ.די.אינטרנשויונל בעמ,,,יח`,0.90,100 גרם,false,1,8.90,9.89,true,1,
4823077633034,false,גליליות רושן קונאפטו קקאו 140 גר`,דילר בי.אמ.די.אינטרנשויונל בעמ,,,יח`,1.40,100 גרם,false,1,7.90,5.64,true,1,
4823077633317,false,עוגיות שוקולד עם חתיכות שוקולד 150 גר`,דילר בי.אמ.די.אינטרנשויונל בעמ,,,יח`,1.50,100 גרם,false,1,7.90,5.27,true,1,
4823077633324,false,עוגיות שוקוצ`יפס 150 גר`,דילר בי.אמ.די.אינטרנשויונל בעמ,,,יח`,1.50,100 גרם,false,1,7.90,5.27,true,1,
4823077633331,false,עוגיות רושן בטעם תפוז 150 גר`,דילר בי.אמ.די.אינטרנשויונל בעמ,,,יח`,1.50,100 גרם,false,1,7.90,5.27,true,1,
4823077633348,false,עוגיות רושן עם חתיכות בוטנים 150 גר`,דילר בי.אמ.די.אינטרנשויונל בעמ,,,יח`,1.50,100 גרם,false,1,7.90,5.27,true,1,
4823077633508,false,וופל ROSHETTO במילוי קרם קקאו מצופה 34 ג,דילר בי.אמ.די.אינטרנשויונל בעמ,,,יח`,0.34,100 גרם,false,1,4.90,14.41,true,1,
4823077633515,false,וופל ROSHETTO במילוי קרם חלב מצופה 34 גר,דילר בי.אמ.די.אינטרנשויונל בעמ,,,יח`,0.34,100 גרם,false,1,4.90,14.41,false,1,
4823077634192,false,עוגיות עם מילוי דובדבן וניל 168 גר`,דילר בי.אמ.די.אינטרנשויונל בעמ,,,יח`,1.68,100 גרם,false,1,7.90,4.70,true,1,
4823077634222,false,עוגיות תפוז 135 גר`,דילר בי.אמ.די.אינטרנשויונל בעמ,,,יח`,1.35,100 גרם,false,1,7.90,5.85,true,1,
4823077634246,false,עוגיות פטל 135 גר` LOVITA,דילר בי.אמ.די.אינטרנשויונל בעמ,,,יח`,1.68,100 גרם,false,1,6.90,4.11,true,1,
4823077634277,false,עוגיות תות שדה 135 גר`,דילר בי.אמ.די.אינטרנשויונל בעמ,,,יח`,1.35,100 גרם,false,1,7.90,5.85,true,1,
4823077634741,false,עוגיות עם מילוי תות שדה 168 גר`,דילר בי.אמ.די.אינטרנשויונל בעמ,,,יח`,1.68,100 גרם,false,1,7.90,4.70,true,1,
4823077635489,false,וופל רושן קרם קקאו 350 גר`,דילר בי.אמ.די.אינטרנשויונל בעמ,,,יח`,3.50,100 גרם,false,1,17.90,5.11,true,1,
4823077635533,false,וופל רושן קרם חלב 350 גר`,דילר בי.אמ.די.אינטרנשויונל בעמ,,,יח`,3.50,100 גרם,false,1,17.90,5.11,true,1,
4823077636059,false,עוגיות קקאו דובדבן 420 גר`,דילר בי.אמ.די.אינטרנשויונל בעמ,,,יח`,4.20,100 גרם,false,1,17.90,4.26,true,1,
4823077636073,false,עוגיות תות שדה 420 גר`,דילר בי.אמ.די.אינטרנשויונל בעמ,,,יח`,4.20,100 גרם,false,1,17.90,4.26,true,1,
4823077636097,false,עוגיות פטל 420 גר`,דילר בי.אמ.די.אינטרנשויונל בעמ,,,יח`,4.20,100 גרם,false,1,17.90,4.26,true,1,
4823077636172,false,וופל רושן בטעם לימון 216 גר,דילר בי.אמ.די.אינטרנשויונל בעמ,,,יח`,2.16,100 גרם,false,1,7.90,3.66,true,1,
4823077636608,false,סוכריות ג`לי במילוי שוקולד 325  גר`רושן,דילר בי.אמ.די.אינטרנשויונל בעמ,,,יח`,3.25,100 גרם,false,1,12.90,3.97,false,1,
4860019001346,false,מים מינרלים 500 מל בקבוק בורזוימי,יורוסטנדרט בעמ,,,יח`,5,"100 מ""ל",false,1,7.90,1.52,false,1,
4860019001414,false,מים מינרליים 750 מל בורזוימי,יורוסטנדרט בעמ,,,יח`,7.50,"100 מ""ל",false,1,8.90,1.15,false,1,
4903001904192,false,רוטב סויה יאמסה פרימיום 500 מל`,ליימן שליסל בעמ,,,יח`,5,"100 מ""ל",false,1,18.30,3.66,false,1,
4903001925784,false,רוטב סויה יאמאסה מופחת מלח 500 מל,ליימן שליסל בעמ,,,יח`,5,"100 מ""ל",false,1,18.30,3.66,false,1,
5000054355700,false,פריסקיז פטה הודו 156 גר,שחורי אריה ואנסטסיה,,,יח`,1.56,100 גרם,false,1,6.90,4.42,false,1,
5000054359500,false,פריסקיז פטה כבד ועוף 156 גר,שחורי אריה ואנסטסיה,,,יח`,1.56,100 גרם,false,1,6.90,4.42,false,1,
5000157143365,false,מתבל בטעם מיונז וקטשופ 425 מל,דיפלומט היינץ,,,יח`,4.25,100 גרם,false,1,15.90,3.74,false,1,
5000159407236,false,מרס חטיף שוקולד עם קרמל 51 גרם,מרס ריגלי ישראל בעמ,,,יח`,0.50,100 גרם,false,1,4,8,true,1,
5000159442572,false,טויקס חטיף שוקולד מארז 403 גרם,מרס ריגלי ישראל בעמ,,,יח`,4.03,100 גרם,false,1,19.90,4.94,false,1,
5000159452540,false,סניקרס חטיף שוקולד עם בוטנים חמישייה ברי,מרס ריגלי ישראל בעמ,,,יח`,2,100 גרם,false,1,11.90,5.95,true,1,
5000159452663,false,מארז מארס חמישיות,מרס ריגלי ישראל בעמ,,,יח`,2,100 גרם,false,1,11.90,5.95,true,1,
5000159461122,false,סניקרס חטיף שוקולד עם בוטנים 50 גרם,מרס ריגלי ישראל בעמ,,,יח`,0.57,100 גרם,false,1,4,7.02,true,1,
5000159538626,false,טוויקס חטיף שוקולד מארז,מרס ריגלי ישראל בעמ,,,יח`,2,100 גרם,false,1,11.90,5.95,true,1,
5000159538640,false,באונטי חטיף שוקולד מארז,מרס ריגלי ישראל בעמ,,,יח`,2,100 גרם,false,1,11.90,5.95,true,1,
5000168199245,false,שוקולד חלב מעולה בתוספת חתיכות קרם קרמל,תה ויסוצקי (ישראל) בעמ,,,יח`,0.90,100 גרם,false,1,15.90,17.67,true,1,
5000189974579,false,קיט קט מיני 200 גר`,קבוצת אסם סחר שות. מוגבלת,,,יח`,2,100 גרם,false,1,10.90,5.45,false,1,
5000204114867,false,אירוסול בניחוח וניל 300 מל),דנשר (1963) בעמ,,,יח`,3,"100 מ""ל",false,1,11.50,3.83,true,1,
5000204153842,false,גלייד ספריי אוטומטי מילוי(מילוי  בניחוח,דנשר (1963) בעמ,,,יח`,2.69,"100 מ""ל",false,1,18.90,7.03,false,1,
5000394137516,false,דורסל אופטימום רביעיות AAA,דיפלומט מפיצים (1968) בעמ,,,יח`,1,,false,1,17.90,17.90,false,1,
5010038454831,false,בירה בלו מון (330 מל),הכרם - משקאות חריפים בעמ,,,יח`,3.30,"100 מ""ל",false,1,13.90,4.12,true,1,
5010123703547,false,ליסטרין פרש בורסט 500 מל-יבוא מקביל,בית הצעצוע בעמ,,,יח`,5,"100 מ""ל",false,1,15.90,3.18,true,1,
5010123703585,false,ליסטרין קולמינט 500 מל-יבוא מקביל,בית הצעצוע בעמ,,,יח`,5,"100 מ""ל",false,1,15.90,3.18,true,1,
5010677552387,false,בריזר אננס בקרדי (275 מל),טמפו משקאות בעמ,,,יח`,2.75,"100 מ""ל",false,1,15.30,5.45,true,1,
5010677554398,false,בריזר אבטיח בבקבוק בקרדי (275 מל),טמפו משקאות בעמ,,,יח`,2.75,"100 מ""ל",false,1,15.30,5.45,true,1,
5011157630281,false,אורז בסמטי המשאלי טילדה (1 קג),ש.שסטוביץ בעמ,,,יח`,1,"ק""ג",false,1,21.40,21.40,false,1,
5013931015741,false,ידית הפלא לשטיפת כלים דיש מטיק,דנשר (1963) בעמ,,,יח`,1,,false,1,19.90,19.90,true,1,
5013931015789,false,ידית הפלא עם כרית פלדה דיש מטיק,דנשר (1963) בעמ,,,יח`,1,,false,1,19.90,19.90,true,1,
5013931015802,false,מארז 3 יח ספוגי החלפה לניקוי עדין דיש מט,דנשר (1963) בעמ,,,יח`,1,,false,1,19.90,19.90,true,1,
5014271300429,false,מעדן סנט דלפור משמש,א. סיימן סחר בעמ,,,יח`,2.84,100 גרם,false,1,21.90,7.71,false,1,
5014271310428,false,מעדן סנט דלפור דובדבן שחור,א. סיימן סחר בעמ,,,יח`,2.84,100 גרם,false,1,21.90,7.71,false,1,
5014271400426,false,מעדן סנט דלפור תות שדה,א. סיימן סחר בעמ,,,יח`,2.84,100 גרם,false,1,21.90,7.71,false,1,
5014271560427,false,מעדן סנט דלפור תפוז ג`ינגי`ר 284 גר`,א. סיימן סחר בעמ,,,יח`,2.84,100 גרם,false,1,21.90,7.71,false,1,
5014271795980,false,מעדן סנט דלפור חמוציות ואוכמניות,א. סיימן סחר בעמ,,,יח`,2.84,100 גרם,false,1,21.90,7.71,false,1,
5029053002408,false,נייר טואלט קלינקס 9 לבן,קימברלי קלארק ישראל שיווק בעמ,,,יח`,1,,false,1,33.90,33.90,false,1,
5029053002439,false,נייר טואלט קלינקס 9 צהוב,קימברלי קלארק ישראל שיווק בעמ,,,יח`,1,,false,1,33.90,33.90,false,1,
5029053039725,false,קלינקס טישו נטורל פרש קופסא,קימברלי קלארק ישראל שיווק בעמ,,,יח`,1,,false,1,11.90,11.90,false,1,
5029053510811,false,תחבושות נורמל פלוס עם כנפיים קוטקס) (28,קימברלי קלארק ישראל שיווק בעמ,,,יח`,1,,false,1,22.40,22.40,true,1,
5029053510828,false,תחבושות סופר פלוס עם כנפיים קוטקס) (24,קימברלי קלארק ישראל שיווק בעמ,,,יח`,1,,false,1,22.40,22.40,true,1,
5029053534596,false,טמפונים נורמל קוטקס) (32,קימברלי קלארק ישראל שיווק בעמ,,,יח`,1,יח`,false,1,27.90,27.90,false,1,
5029054220085,false,מגבוני האגיס לרך הנולד רביעייה,קימברלי קלארק ישראל שיווק בעמ,,,יח`,1,,false,1,33.90,33.90,true,1,
5060045588128,false,וויסקי ג`ים בים לבן 700 מל,הכרם - משקאות חריפים בעמ,,,יח`,7,"100 מ""ל",false,1,90.90,12.94,false,1,
5060255492277,false,אברקלין 6ל(אדום  ),שחורי אריה ואנסטסיה,,,יח`,1,,false,1,69.90,69.90,false,1,
5060639128051,false,משקה ULYRA פח 500 מל מונסטר,החברה המרכזית להפצת משקאות בעמ,,,יח`,5,"100 מ""ל",false,1,6.90,1.32,true,1,
5201347400545,false,ויט ארומטיק שעווה לפנים,רקיט בנקיזר (ניר איסט) בעמ,,,יח`,1,יח`,false,1,25.90,25.90,false,1,
5201940010011,false,זיתים שחורים בפח,ג.וילי-פוד אינטרנשיונל בעמ,,,יח`,4.54,100 גרם,false,1,15.20,3.35,true,1,
5201940010110,false,זיתים שחורים קלמנטה בפח,ג.וילי-פוד אינטרנשיונל בעמ,,,יח`,4.54,100 גרם,false,1,16.30,3.59,true,1,
5202390027826,false,ויולייפ תחליף קממבר 150 גר`,דיפלומט היינץ,,,יח`,1.50,100 גרם,false,1,23.90,15.93,false,1,
5202390027871,false,ויולייפ תחליף פרמזן מגורדת 100 גר,דיפלומט היינץ,,,יח`,1,100 גרם,false,1,20.90,20.90,false,1,
5206759020701,false,סוכריות ג`לי אקזוטי פרווה 700 גר,יעד ממתקים בעמ,,,יח`,7,100 גרם,false,1,15.90,2.27,false,1,
5208049006594,false,פאל מאל אקסטרה כחול בודד,גלוברנדס בעמ - שיווק סיגריות,,,יח`,1,,false,1,32,32,true,1,
5208049006662,false,פאל מאל אקסטרה מנדרינה פאקט,גלוברנדס בעמ - שיווק סיגריות,,,יח`,1,,false,1,260,260,false,1,
5391523057936,false,סימילאק גולד שלב 2 700 גר`,שקד תבל בעמ-סימילק,,,יח`,7,100 גרם,false,1,74.90,10.70,true,1,
5391523058063,false,סימילאק אדוונס פלוס שלב 1 700 גר,שקד תבל בעמ-סימילק,,,יח`,7,100 גרם,false,1,68.90,9.84,true,1,
5410076379378,false,טייד קולור 5 קג,דיפלומט מפיצים (1968) בעמ,,,יח`,5,"ק""ג",false,1,35.90,7.18,true,1,
5410126006087,false,ביסקוויט בטעם קרמל לוטוס (700 גרם),דיפלומט היינץ,,,יח`,7,100 גרם,false,1,29.50,4.21,false,1,
5410126106183,false,לוטוס קרמל 312 גר`,דיפלומט היינץ,,,יח`,3.12,100 גרם,false,1,15.90,5.10,true,1,
5410126116953,false,ממרח ביסקוויט קרמל לוטוס (400 גרם),דיפלומט היינץ,,,יח`,4,100 גרם,false,1,23.40,5.85,true,1,
5410126666038,false,עוגיות לוטוס 2*18 279 גר`,דיפלומט היינץ,,,יח`,2.79,100 גרם,false,1,13.90,4.98,true,1,
5410126726947,false,ממרח עוגיות לוטוס  קראנץ`380 גר`,דיפלומט היינץ,,,יח`,3.80,100 גרם,false,1,24.40,6.42,true,1,
5410291022738,false,ממרח צ`וקטה אגוזי לוז עם קקאו 350 גר חום,ש.שסטוביץ בעמ,,,יח`,3.50,100 גרם,false,1,13.90,3.97,false,1,
5410291022752,false,ממרח צ`וקטה 350  גר`פרווה,ש.שסטוביץ בעמ,,,יח`,3.50,100 גרם,false,1,13.90,3.97,false,1,
5410658902420,false,קפסולות קפה דרגת חוזק 10 fortisimo RISTR,אבאל יזמות בעמ,,,יח`,1,,false,1,13.20,13.20,true,1,
5410658902437,false,קפסולות קפה דרגת חוזק 7 fortisimo Lungo,אבאל יזמות בעמ,,,יח`,1,,false,1,13.20,13.20,true,1,
5410658902444,false,קפסולות קפה דרגת חוזק 4 Fortisiom lungo,אבאל יזמות בעמ,,,יח`,1,,false,1,13.20,13.20,true,1,
5411188080268,false,משקה סויה אלפרו אורגני אלפרו (1 ליטר),שטראוס גרופ בעמ,,,יח`,1,1 ליטר,false,1,13.90,13.90,true,1,
5411188081852,false,אלפרו סויה וניל 1 ליטר,שטראוס גרופ בעמ,,,יח`,1,1 ליטר,false,1,13.90,13.90,true,1,
5411188094159,false,אלפרו מעדן סויה בטעם שוקו מריר רביעייה,שטראוס גרופ בעמ,,,יח`,5,100 גרם,false,1,16.90,3.38,false,1,
5411188096108,false,אלפרו סויה  לבישול( 250 מל),שטראוס גרופ בעמ/מצונן,,,יח`,2.50,"100 מ""ל",false,1,9.90,3.96,true,1,
5411188110835,false,משקה שקדים אלפרו (1 ליטר),שטראוס גרופ בעמ,,,יח`,1,1 ליטר,false,1,13.90,13.90,true,1,
5411188112549,false,משקה על בסיס אורז אלפרו (1 ליטר),שטראוס גרופ בעמ,,,יח`,1,1 ליטר,false,1,13.90,13.90,true,1,
5411188112709,false,משקה שקדים ללס אלפרו (1 ליטר),שטראוס גרופ בעמ,,,יח`,1,1 ליטר,false,1,13.90,13.90,true,1,
5411188115366,false,משקה שיבולת שועל אלפרו (1 ליטר),שטראוס גרופ בעמ,,,יח`,1,1 ליטר,false,1,13.90,13.90,true,1,
5411188115472,false,משקה סויה 1 ליטר אלפרו,שטראוס גרופ בעמ,,,יח`,1,1 ליטר,false,1,13.90,13.90,true,1,
5411188120742,false,משקה שקדים בטעם וניל אלפרו (1 ליטר),שטראוס גרופ בעמ,,,יח`,1,1 ליטר,false,1,13.90,13.90,true,1,
5411188120957,false,אלפרו קוקוס לבישול 250 מל,שטראוס גרופ בעמ/מצונן,,,יח`,2.50,100 גרם,false,1,9.90,3.96,true,1,
5411188121923,false,משקה סויה בטעם טבעי אלפרו (250x3 מל),שטראוס גרופ בעמ,,,יח`,7.50,"100 מ""ל",false,1,16.90,2.25,false,1,
5411188121978,false,משקה סויה בטעם טבעי אלפרו (250x3 מל),שטראוס גרופ בעמ,,,יח`,7.50,"100 מ""ל",false,1,16.90,2.25,false,1,
5411188122586,false,אלפרו משקה שקדים 250 מל,שטראוס גרופ בעמ,,,יח`,2.50,"100 מ""ל",false,1,7.90,3.16,false,1,
5411188122661,false,אלפרו משקה שקדים לא קלויים ללתס 1 ליטר,שטראוס גרופ בעמ,,,יח`,1,1 ליטר,false,1,13.90,13.90,true,1,
5411188124689,false,משקה שיבולת שועל ללתס 1 ליטר אלפרו,שטראוס גרופ בעמ,,,יח`,1,1 ליטר,false,1,13.90,13.90,true,1,
5411188127697,false,אלפרו בריסטה שיבולת שועל 1 ליטר,שטראוס גרופ בעמ,,,יח`,1,1 ליטר,false,1,13.90,13.90,true,1,
5411188129899,false,אלפרו בריסטה שקדים 1 ליטר,שטראוס גרופ בעמ,,,יח`,1,1 ליטר,false,1,13.90,13.90,true,1,
5411188133476,false,אלפרו משקה סויה שוקו עם חלבון 250 מל,שטראוס גרופ בעמ/מצונן,,,יח`,2.50,"100 מ""ל",false,1,7.90,3.16,false,1,
5411188134985,false,אלפרו NOT MILK שיבולת שועל 3.5% שומן 1 ל,שטראוס גרופ בעמ/מצונן,,,יח`,1,1 ליטר,false,1,13.90,13.90,false,1,
5411188135005,false,אלפרו NOT MILK שיבולת שועל 1.8% ליטר,שטראוס גרופ בעמ/מצונן,,,יח`,1,1 ליטר,false,1,13.90,13.90,false,1,
5411188300328,false,משקה סויה בטעם שוקו אלפרו (1 ליטר),שטראוס גרופ בעמ,,,יח`,1,1 ליטר,false,1,13.90,13.90,true,1,
5411188543398,false,משקה סויה ללס אלפרו 1 ליטר,שטראוס גרופ בעמ,,,יח`,1,1 ליטר,false,1,13.90,13.90,true,1,
5413149922907,false,אריאל 5  קג`קולור,דיפלומט מפיצים (1968) בעמ,,,יח`,5,"ק""ג",false,1,45.90,9.18,true,1,
5413149922938,false,אריאל 5  קג`שושן צחור,דיפלומט מפיצים (1968) בעמ,,,יח`,5,"ק""ג",false,1,45.90,9.18,true,1,
5601217129420,false,ווליט דפים לשמירה על הצבע 20 יח,רקיט בנקיזר (ניר איסט) בעמ,,,יח`,1,,false,1,24.40,24.40,false,1,
5604912415003,false,סרדינים בשמן זית פורטוס 125 גר`,דיפלומט היינץ,,,יח`,1.25,100 גרם,false,1,7.90,6.32,false,1,
5604912415041,false,סרדינים בשמן חמניה פורטוס 125 גר`,דיפלומט היינץ,,,יח`,1.25,100 גרם,false,1,6.90,5.52,false,1,
5604912425057,false,מקרלים בשמן חמניה חריף פורטוס 125 גר`,דיפלומט היינץ,,,יח`,1.25,100 גרם,false,1,6.90,5.52,false,1,
5701932026964,false,הוט פופ 600 גר`,ליימן שליסל בעמ,,,יח`,6,100 גרם,false,1,16.90,2.82,true,1,
5701932026971,false,הוט פופ חמאה 600 גר`,ליימן שליסל בעמ,,,יח`,6,100 גרם,false,1,16.90,2.82,true,1,
5701932026995,false,הוט פופ לייט 600גר`,ליימן שליסל בעמ,,,יח`,6,100 גרם,false,1,16.90,2.82,true,1,
5706516031358,false,הוט פופ 600 גר`,ליימן שליסל בעמ,,,יח`,6,100 גרם,false,1,16.90,2.82,true,1,
5711953103285,false,פטינה מעדנייה שטראוס,שטראוס גרופ בעמ/מצונן,,,"ק""ג",10,100 גרם,true,1,32,3.20,false,1,
5711953106583,false,גבינת שמנת עשבי טבעי 200  גר`ארלה,שטראוס גרופ בעמ/מצונן,,,יח`,2,100 גרם,false,1,16.90,8.45,true,1,
5711953106590,false,ארלה גבינת שמנת שום 200 גר`,שטראוס גרופ בעמ/מצונן,,,יח`,2,100 גרם,false,1,16.90,8.45,true,1,
5711953106606,false,גבינת שמנת עשבי תיבול 200  גר`ארלה,שטראוס גרופ בעמ/מצונן,,,יח`,2,100 גרם,false,1,16.90,8.45,true,1,
5740900403215,false,ממרח לורפק עם מלח 250 גר`,שטראוס גרופ בעמ/מצונן,,,יח`,2.50,100 גרם,false,1,17.90,7.16,false,1,
5740900403222,false,ממרח לורפק עם מלח מופחת שומן 250 גר`,שטראוס גרופ בעמ/מצונן,,,יח`,2.50,100 גרם,false,1,17.90,7.16,false,1,
5740900403239,false,ממרח לורפק ללא מלח 250 גר`,שטראוס גרופ בעמ/מצונן,,,יח`,2.50,100 גרם,false,1,17.90,7.16,false,1,
5740900403246,false,ממרח לורפק ללא מלח 500 גר`,שטראוס גרופ בעמ/מצונן,,,יח`,5,100 גרם,false,1,28.90,5.78,false,1,
5740900403253,false,ממרח לורפק עם מלח 500 גר`,שטראוס גרופ בעמ/מצונן,,,יח`,5,100 גרם,false,1,28.90,5.78,false,1,
5740900403260,false,ממרח לורפק ללא מלח מופחת שומן 250 גר`,שטראוס גרופ בעמ/מצונן,,,יח`,2.50,100 גרם,false,1,17.90,7.16,false,1,
5740900403864,false,ממרח לורפק 200 גר` עם מלח,שטראוס גרופ בעמ/מצונן,,,יח`,2,100 גרם,false,1,12.80,6.40,false,1,
5900020012814,false,נסקוויק 500  גר`דגני בוקר,קבוצת אסם סחר שות. מוגבלת,,,יח`,5,100 גרם,false,1,22.90,4.58,true,1,
5900020026552,false,האני נאט צ`יריוס עידן הקרח 625 גרם,קבוצת אסם סחר שות. מוגבלת,,,יח`,6.25,100 גרם,false,1,22.90,3.66,false,1,
5900020034991,false,קראנץ צדפים בטעם שוקולד 450 גר`,קבוצת אסם סחר שות. מוגבלת,,,יח`,4.50,100 גרם,false,1,22.90,5.09,true,1,
5900020037916,false,דגני בוקר שיבולת שועל 375 גר,קבוצת אסם סחר שות. מוגבלת,,,יח`,3.75,100 גרם,false,1,16.90,4.51,false,1,
5900020039620,false,פיטנס חטיף דגנים שקדים 6*23.5גר,קבוצת אסם סחר שות. מוגבלת,,,יח`,1.41,100 גרם,false,1,17.50,12.41,true,1,
5900352002361,false,עוגיות קלאסי 140 גר,יעד ממתקים בעמ,,,יח`,1.40,100 גרם,false,1,6.90,4.93,true,1,
5900352002866,false,חטיף טייגר/אליבי,יעד ממתקים בעמ,,,יח`,1.47,100 גרם,false,1,3.50,2.38,true,1,
5900352004457,false,יזיקי עוגיות לקפה 140 גר,יעד ממתקים בעמ,,,יח`,1.40,100 גרם,false,1,6.90,4.93,true,1,
5900352006468,false,יזיקי עוגיות שרי 140 גר,יעד ממתקים בעמ,,,יח`,1.40,100 גרם,false,1,6.90,4.93,true,1,
5900352008509,false,יזיקי עוגיות אדווקט 140 גר`,יעד ממתקים בעמ,,,יח`,1.40,100 גרם,false,1,6.90,4.93,true,1,
5900352011356,false,יזיקי עוגיות מריר שרי 140 גר,יעד ממתקים בעמ,,,יח`,1.40,100 גרם,false,1,6.90,4.93,true,1,
5900352012605,false,אליבי קוקוס,יעד ממתקים בעמ,,,יח`,1.47,100 גרם,false,1,3.50,2.38,true,1,
5900352014890,false,יזיקי עוגיות מריר תפוז 140 גר`,יעד ממתקים בעמ,,,יח`,1.40,100 גרם,false,1,6.90,4.93,true,1,
5900352015125,false,יזיקי עוגיות קרמל מלוח 140 גר,יעד ממתקים בעמ,,,יח`,1.40,100 גרם,false,1,6.90,4.93,true,1,
5900394009762,false,וופל אידילה 47 גר`,יעד ממתקים בעמ,,,יח`,0.47,100 גרם,false,1,3.50,7.45,true,1,
5900627066715,false,טבליות למדיח כלים פיניש) (100,רקיט בנקיזר (ניר איסט) בעמ,,,יח`,1.81,"ק""ג",false,1,61.90,34.20,false,1,
5900951283963,false,סניקרס חטיף שוקולד קרימי עם בוטנים,מרס ריגלי ישראל בעמ,,,יח`,1,,false,1,4,4,true,1,
5902198160403,false,xl ten פחית 250 מל ללס,טמפו משקאות בעמ,,,יח`,2.50,"100 מ""ל",false,1,4.90,1.84,true,1,
5904941750312,false,בלו דיי משקה אנרגיה מוחיטו,בני פאוזי שמשום (2009) בעמ,,,יח`,2.50,"100 מ""ל",false,1,4,1.48,true,1,
5904941751302,false,משקה אנרגיה בפחית בלו (250 מל),בני פאוזי שמשום (2009) בעמ,,,יח`,2.50,"100 מ""ל",false,1,3.90,1.44,true,1,
5904941751920,false,בלו דיי משקה אנרגיה,בני פאוזי שמשום (2009) בעמ,,,יח`,2.50,"100 מ""ל",false,1,4,1.48,true,1,
5906485301012,false,משקה אנרגיה אקסל (250 מל),טמפו משקאות בעמ,,,יח`,2.50,"100 מ""ל",false,1,4.90,1.84,true,1,
5997321701806,false,קלגון 1  קג`- אבקת אבנית,רקיט בנקיזר (ניר איסט) בעמ,,,יח`,1,"ק""ג",false,1,31.90,31.90,false,1,
6008165003984,false,פאל מאל כחול סטרים פילטר,גלוברנדס בעמ - שיווק סיגריות,,,יח`,1,,false,1,30,30,true,1,
6009188004828,false,קיט קאט צ`אנקי לבן 40 גר`,קבוצת אסם סחר שות. מוגבלת,,,יח`,0.40,100 גרם,false,1,3.90,9.75,false,1,
6118000061090,false,סרדינים מרוקאים בשמן סויה (125  גר`)טנגי,דין שיווק וקליה 2021 בעמ,,,יח`,1.25,100 גרם,false,1,4.90,3.92,false,1,
6118000240501,false,סרדינים מרוקאים בשמן סויה אגדיר,דין שיווק וקליה 2021 בעמ,,,יח`,1.25,100 גרם,false,1,4.90,3.92,false,1,
7038516140357,false,מברשת שיניים ג`ורדן טוטאל רביעייה,דנשר (1963) בעמ,,,יח`,1,,false,1,21.40,21.40,true,1,
7271730901261,false,ארוחת אטריות עם גבינה 156  גר`וויקי מאק,מור-ים מרקטינג בעמ,,,יח`,1.56,100 גרם,false,1,11.90,7.63,false,1,
7290000000374,false,פטריות שמפיניון א.א,חוות השמפיניון בעמ,,,יח`,1,,false,1,10.10,10.10,true,1,
7290000000794,false,סלרי חתוך,יראון - עבודות חקלאיות בעמ,,,יח`,1,,false,1,5.90,5.90,false,1,
7290000023083,false,ערק אשקלון (700 מל),טמפו משקאות בעמ,,,יח`,7,"100 מ""ל",false,1,50.90,7.23,false,1,
7290000023830,false,קלאסיק קברנה בלאש 750 מל,טמפו משקאות בעמ,,,יח`,7.50,"100 מ""ל",false,1,33.90,4.48,true,1,
7290000023977,false,קלאסיק מרלו יקבי ברקן (750 מל),טמפו משקאות בעמ,,,יח`,7.50,"100 מ""ל",false,1,33.90,4.48,true,1,
7290000024530,false,יין אדום מתוק קידוש של סגל 750 מל,טמפו משקאות בעמ,,,יח`,7.50,"100 מ""ל",false,1,16.30,2.13,false,1,
7290000040042,false,יוגורט ביו 3% תות יופלה (150 גרם),תנובה - חלב,,,יח`,1.50,"100 מ""ל",false,1,5.20,3.47,false,1,
7290000040066,false,יופלה דובדבן 3%,תנובה - חלב,,,יח`,1.50,"100 מ""ל",false,1,5.20,3.47,false,1,
7290000040080,false,יוגורט ביו 3% אפרסק יופלה (150 גרם),תנובה - חלב,,,יח`,1.50,"100 מ""ל",false,1,5.20,3.47,false,1,
7290000040301,false,גבינת קממבר 24% עין גדי (125  גרם)קולקשי,תנובה - חלב,,,יח`,1.25,100 גרם,false,1,18.90,15.12,false,1,
7290000040318,false,גבינת עדי ברי 24% קולאז` (125  גרם)קולקש,תנובה - חלב,,,יח`,1.25,100 גרם,false,1,18.90,15.12,false,1,
7290000040974,false,חלב 2% דל לקטוז בקרטון תנובה (1 ליטר),תנובה - חלב,,,יח`,1,1 ליטר,false,1,7.20,7.20,false,1,
7290000041445,false,קוטג`250 5%,תנובה - חלב,,,יח`,2.50,100 גרם,false,1,5.50,2.20,false,1,
7290000041452,false,גבינת  קוטג`9% מהדרין תנובה (250 גרם),תנובה - חלב,,,יח`,2.50,100 גרם,false,1,5.70,2.28,false,1,
7290000041858,false,שמנת חמוצה מעושר 15% יטבתה (200 מל),שטראוס גרופ בעמ/מצונן,,,יח`,2,"100 מ""ל",false,1,2.60,1.30,false,1,
7290000041865,false,לבן 4.5% יטבתה (200 מל),שטראוס גרופ בעמ/מצונן,,,יח`,2,"100 מ""ל",false,1,2.20,1.10,false,1,
7290000042435,false,חלב דל שומן 1% בקרטון תנובה (1  ליטר)פיק,תנובה - חלב,,,יח`,10,"100 מ""ל",false,1,5.86,0.59,false,1,
7290000042640,false,חלב עמיד 3% תנובה (250 מל),תנובה - חלב,,,יח`,2.50,"100 מ""ל",false,1,2.60,1.04,false,1,
7290000042855,false,שוקו שקית,שטראוס גרופ בעמ/מצונן,,,יח`,2.25,"100 מ""ל",false,1,2.60,1.16,false,1,
7290000043012,false,שוקו עמיד 2% תנובה (250 מל),תנובה - חלב,,,יח`,2.50,"100 מ""ל",false,1,4.70,1.88,false,1,
7290000043814,false,השף הלבן שמנת עמיד 38% קר 250,תנובה - חלב,,,יח`,2.50,"100 מ""ל",false,1,6.47,2.59,false,1,
7290000043890,false,רויון 1.5% תנובה (1 ליטר),תנובה - חלב,,,יח`,1,1 ליטר,false,1,11.50,11.50,false,1,
7290000044712,false,יוגורט עם תות 1.5% פרילי (500 גרם),תנובה - חלב,,,יח`,5,"100 מ""ל",false,1,10.90,2.18,false,1,
7290000044880,false,יוגורט בטעם תות שדה 3% באדי (500 גרם),תנובה - חלב,,,יח`,5,"100 מ""ל",false,1,9.50,1.90,false,1,
7290000045573,false,גבינת נעמה,תנובה - חלב,,,יח`,2,100 גרם,false,1,15.90,7.95,false,1,
7290000045580,false,גבינת חורש,תנובה - חלב,,,יח`,2.40,100 גרם,false,1,18.60,7.75,false,1,
7290000046020,false,גבינת גלבוע 22% תנובה,תנובה - חלב,,,"ק""ג",10,100 גרם,true,1,42.58,4.26,false,1,
7290000046327,false,גבינה צהובה 22% גלבוע (200 גרם),תנובה - חלב,,,יח`,2,100 גרם,false,1,13.20,6.60,false,1,
7290000046563,false,קולאג 23% פרמזן חריץ תנובה,תנובה - חלב,,,"ק""ג",10,100 גרם,true,1,113,11.30,false,1,
7290000047034,false,רוקפור (26% גליל) חריץ תנובה,תנובה - חלב,,,"ק""ג",10,100 גרם,true,1,122,12.20,false,1,
7290000047546,false,גבינה כנען 500,תנובה - חלב,,,יח`,5,100 גרם,false,1,24.90,4.98,false,1,
7290000047621,false,גבינה לבנה 250  גר`5%,תנובה - חלב,,,יח`,2.50,100 גרם,false,1,4.98,1.99,false,1,
7290000048185,false,גבינה לבנה 5% תנובה (250  גרם)פיקוח,תנובה - חלב,,,יח`,2.50,100 גרם,false,1,4.98,1.99,false,1,
7290000048192,false,גבינה לבנה 9% תנובה (250 גרם),תנובה - חלב,,,יח`,2.50,100 גרם,false,1,4.70,1.88,false,1,
7290000048413,false,גבינה חמד  (25016%  גרם)פיראוס תנובה,תנובה - חלב,,,יח`,2.50,100 גרם,false,1,17.90,7.16,false,1,
7290000048437,false,גבינת צפתית  (2005%  גרם)פיראוס תנובה,תנובה - חלב,,,יח`,2,100 גרם,false,1,15.90,7.95,false,1,
7290000049458,false,גבינה בולגרית עיזים  (25016%  גרם)פיראוס,תנובה - חלב,,,יח`,2.50,100 גרם,false,1,28.50,11.40,false,1,
7290000050447,false,יוגורט ביו 3% תות יופלה (500 גרם),תנובה - חלב,,,יח`,1,1 ליטר,false,1,12.90,12.90,false,1,
7290000050454,false,יוגורט ביו 3% אפרסק יופלה (500 גרם),תנובה - חלב,,,יח`,5,"100 מ""ל",false,1,12.90,2.58,false,1,
7290000051352,false,חלב של פעם 3.8% בקרטון תנובה (1 ליטר),תנובה - חלב,,,יח`,1,1 ליטר,false,1,7.70,7.70,false,1,
7290000051376,false,יופלה דיאט אננס 0%,תנובה - חלב,,,יח`,1.50,"100 מ""ל",false,1,5.20,3.47,false,1,
7290000051710,false,לאבנה עם שמן זית וזעתר 9% פיראוס תנובה,תנובה - חלב,,,יח`,2.63,100 גרם,false,1,14.20,5.40,false,1,
7290000052311,false,עמק פרוס בקופסא 200  גר`15% שומן,תנובה - חלב,,,יח`,2,100 גרם,false,1,16.30,8.15,false,1,
7290000053219,false,טל העמק 32% צהובה,תנובה - חלב,,,"ק""ג",10,100 גרם,true,1,55,5.50,false,1,
7290000053981,false,מאגדת 8 גביעים 4 תות 4 אפרסק,תנובה - חלב,,,יח`,1.20,1 ליטר,false,1,27.90,23.25,false,1,
7290000055015,false,גבינת פטה כבשים  (2505%  גרם)פיראוס בולג,תנובה - חלב,,,יח`,2.50,100 גרם,false,1,27.90,11.16,false,1,
7290000055329,false,יופלה משקה יוגורט 250 מל תות מלון,תנובה - חלב,,,יח`,2.50,100 גרם,false,1,5.90,2.36,false,1,
7290000055336,false,יופלה משקה יוגורט 250 מל בננה אפרסק,תנובה - חלב,,,יח`,2.50,100 גרם,false,1,5.90,2.36,false,1,
7290000055350,false,עמק פיקוח 28% צהובה מעדנייה,תנובה - חלב,,,"ק""ג",10,100 גרם,true,1,44.79,4.48,false,1,
7290000055893,false,חמאה מהדרין תנובה (200  גרם)פיקוח,תנובה - חלב,,,יח`,1,,false,1,7.80,7.80,false,1,
7290000056272,false,גבינה לבנה 5% עם זיתים תנובה (250 גרם),תנובה - חלב,,,יח`,2.50,100 גרם,false,1,5.70,2.28,false,1,
7290000056753,false,עמק פרוס בקופסא 200  גר`28% שומן,תנובה - חלב,,,יח`,2,100 גרם,false,1,15.90,7.95,false,1,
7290000056784,false,פטה כבשים 5%,תנובה - חלב,,,"ק""ג",10,100 גרם,true,1,117,11.70,false,1,
7290000056845,false,חלב טרי 3% תנובה (1.5  ליטר)פיקוח,תנובה - חלב,,,יח`,1500,1 ליטר,false,1,9.35,0.01,false,1,
7290000056890,false,יופלה דיאט טעמים שונים 6+2 8*150 מל,תנובה - חלב,,,יח`,12,"100 מ""ל",false,1,31.90,2.66,false,1,
7290000056951,false,שמנת עמידה לבישול 15% השף הלבן (500 מל),תנובה - חלב,,,יח`,5,"100 מ""ל",false,1,15.90,3.18,false,1,
7290000057088,false,גבינת עמק דק 200 גר,תנובה - חלב,,,יח`,2,100 גרם,false,1,16.30,8.15,false,1,
7290000057118,false,סמי עמק 400 גר,תנובה - חלב,,,יח`,4,100 גרם,false,1,22.20,5.55,false,1,
7290000057132,false,יוגורט ביו 1.5% תנובה (200 גרם),תנובה - חלב,,,יח`,2,100 גרם,false,1,3.20,1.60,false,1,
7290000057552,false,דיאט יופלה עוגת גבינה ותות,תנובה - חלב,,,יח`,1.50,100 גרם,false,1,5.20,3.47,false,1,
7290000058047,false,שמנת 38% 500 מל עם פקק פיקוח,תנובה - חלב,,,יח`,5,"100 מ""ל",false,1,12.94,2.59,false,1,
7290000060088,false,בייגלה מקלות עם מלח אסם (400 גרם),קבוצת אסם סחר שות. מוגבלת,,,יח`,4,100 גרם,false,1,11.50,2.88,true,1,
7290000060200,false,פתיתים אפויים קוסקוס אסם (500 גרם),קבוצת אסם סחר שות. מוגבלת,,,יח`,5,100 גרם,false,1,7.70,1.54,true,1,
7290000060217,false,פסטה מקרוני מספר 7 אסם (500 גרם),קבוצת אסם סחר שות. מוגבלת,,,יח`,5,100 גרם,false,1,6.10,1.22,true,1,
7290000060248,false,פסטה תלתלים אסם (500 גרם),קבוצת אסם סחר שות. מוגבלת,,,יח`,5,100 גרם,false,1,6.10,1.22,true,1,
7290000060316,false,ספגטי אסם פרפקטו (500 גרם),קבוצת אסם סחר שות. מוגבלת,,,יח`,5,100 גרם,false,1,8.90,1.78,false,1,
7290000060408,false,פתיתים אפויים טבעות אסם (500 גרם),קבוצת אסם סחר שות. מוגבלת,,,יח`,5,100 גרם,false,1,7.70,1.54,true,1,
7290000060576,false,פתיתים אפויים כוכבים אסם (500 גרם),קבוצת אסם סחר שות. מוגבלת,,,יח`,5,100 גרם,false,1,7.70,1.54,true,1,
7290000060828,false,פסטה קרניים בינוניות אסם (500 גרם),קבוצת אסם סחר שות. מוגבלת,,,יח`,5,100 גרם,false,1,6.10,1.22,true,1,
7290000060842,false,פסטה צדפים גדולים אסם (500 גרם),קבוצת אסם סחר שות. מוגבלת,,,יח`,5,100 גרם,false,1,6.10,1.22,true,1,
7290000060880,false,ספגטי אסם (500 גרם),קבוצת אסם סחר שות. מוגבלת,,,יח`,5,100 גרם,false,1,6.10,1.22,true,1,
7290000060903,false,פתיתים אפויים אורז אסם (500 גרם),קבוצת אסם סחר שות. מוגבלת,,,יח`,5,100 גרם,false,1,7.70,1.54,true,1,
7290000060958,false,אטריות מובחרות בינוניות אסם (400 גרם),קבוצת אסם סחר שות. מוגבלת,,,יח`,4,100 גרם,false,1,8.50,2.13,true,1,
7290000060965,false,אטריות רחבות אסם (400 גרם),קבוצת אסם סחר שות. מוגבלת,,,יח`,4,100 גרם,false,1,8.50,2.13,true,1,
7290000061061,false,קרקר בצל אסם (250 גרם),קבוצת אסם סחר שות. מוגבלת,,,יח`,2.50,100 גרם,false,1,11.20,4.48,true,1,
7290000061214,false,פתיתים אפויים 500  גר`קוסקוס+בצל אסם,קבוצת אסם סחר שות. מוגבלת,,,יח`,5,100 גרם,false,1,7.70,1.54,true,1,
7290000061245,false,עוגיות שוקוצ`יפס,קבוצת אסם סחר שות. מוגבלת,,,יח`,2.20,100 גרם,false,1,13.20,6,false,1,
7290000061450,false,פתיתים אפויים 500 גר `3צבעים אסם,קבוצת אסם סחר שות. מוגבלת,,,יח`,5,100 גרם,false,1,7.70,1.54,true,1,
7290000061764,false,קפה רד מאג נסקפה (200 גרם),קבוצת אסם סחר שות. מוגבלת,,,יח`,2,100 גרם,false,1,19.90,9.95,false,1,
7290000062952,false,מיני קרוטונים למרק,קבוצת אסם סחר שות. מוגבלת,,,יח`,2.50,100 גרם,false,1,17.30,6.92,false,1,
7290000063102,false,קמח תופח אסם (350 גרם),קבוצת אסם סחר שות. מוגבלת,,,יח`,3.50,100 גרם,false,1,5.80,1.66,false,1,
7290000063133,false,שקדי מרק אסם (100 גרם),קבוצת אסם סחר שות. מוגבלת,,,יח`,1,100 גרם,false,1,6.40,6.40,false,1,
7290000063140,false,שקדי מרק אסם (400 גרם),קבוצת אסם סחר שות. מוגבלת,,,יח`,4,100 גרם,false,1,13.20,3.30,true,1,
7290000063157,false,קמח תופח אסם (1 קג),קבוצת אסם סחר שות. מוגבלת,,,יח`,1,"ק""ג",false,1,11.20,11.20,false,1,
7290000064758,false,קוסקוס בינוני אסם (350 גרם),קבוצת אסם סחר שות. מוגבלת,,,יח`,3.50,100 גרם,false,1,9.10,2.60,false,1,
7290000064871,false,מנה חמה פירה עם בצל אסם (56 גרם),קבוצת אסם סחר שות. מוגבלת,,,יח`,0.56,100 גרם,false,1,7.50,13.39,true,1,
7290000065090,false,מיני קרוטונים למרק וסלט,קבוצת אסם סחר שות. מוגבלת,,,יח`,4,100 גרם,false,1,27.50,6.88,false,1,
7290000065335,false,מנה חמה פירה עם ירקות אסם (55 גרם),קבוצת אסם סחר שות. מוגבלת,,,יח`,0.55,100 גרם,false,1,7.50,13.64,true,1,
7290000065557,false,מנה חמה קוסקוס עם ירקות אסם (84 גרם),קבוצת אסם סחר שות. מוגבלת,,,יח`,0.62,100 גרם,false,1,7.50,12.10,true,1,
7290000066141,false,ביסלי חטיף בטעם גריל אסם (70 גרם),קבוצת אסם סחר שות. מוגבלת,,,יח`,0.70,100 גרם,false,1,4,5.71,true,1,
7290000066196,false,ביסלי חטיף בטעם גריל אסם (200 גרם),קבוצת אסם סחר שות. מוגבלת,,,יח`,2,100 גרם,false,1,9.10,4.55,true,1,
7290000066226,false,ביסלי חטיף בטעם פיצה אסם (200 גרם),קבוצת אסם סחר שות. מוגבלת,,,יח`,2,100 גרם,false,1,9.10,4.55,true,1,
7290000066264,false,דובונים חטיף תפוחי אדמה אסם (40 גרם),קבוצת אסם סחר שות. מוגבלת,,,יח`,0.40,100 גרם,false,1,5.80,14.50,true,1,
7290000066295,false,במבה מתוקה בטעם תות אסם (30 גרם),קבוצת אסם סחר שות. מוגבלת,,,יח`,0.30,100 גרם,false,1,3,10,false,1,
7290000066318,false,במבה אסם (80 גרם),קבוצת אסם סחר שות. מוגבלת,,,יח`,0.80,100 גרם,false,1,4.40,5.50,true,1,
7290000066332,false,אפרופו חטיף תירס אסם (50 גרם),קבוצת אסם סחר שות. מוגבלת,,,יח`,0.50,100 גרם,false,1,5.70,11.40,true,1,
7290000066349,false,אפרופו חטיף תירס אסם (100 גרם),קבוצת אסם סחר שות. מוגבלת,,,יח`,1,100 גרם,false,1,9.40,9.40,false,1,
7290000066431,false,חטיף פופקו חמאה ודבש אסם (80 גרם),קבוצת אסם סחר שות. מוגבלת,,,יח`,0.80,100 גרם,false,1,6.10,7.63,true,1,
7290000067735,false,ניוקי בצקיות מקמח אסם פרפקטו (500 גרם),קבוצת אסם סחר שות. מוגבלת,,,יח`,5,100 גרם,false,1,13.90,2.78,false,1,
7290000068138,false,פודינג בטעם וניל 80  גר`אסם,קבוצת אסם סחר שות. מוגבלת,,,יח`,0.80,100 גרם,false,1,5.90,7.38,false,1,
7290000068190,false,אבקה להכנת ג`לי בטעם תות אסם (90 גרם),קבוצת אסם סחר שות. מוגבלת,,,יח`,0.90,100 גרם,false,1,7.80,8.67,false,1,
7290000068237,false,אבקה להכנת ג`לי בטעם פטל אסם (85 גרם),קבוצת אסם סחר שות. מוגבלת,,,יח`,0.85,100 גרם,false,1,7.80,9.18,false,1,
7290000068343,false,פריכונים מאורז מלא אסם (140 גרם),קבוצת אסם סחר שות. מוגבלת,,,יח`,1.40,100 גרם,false,1,9.90,7.07,true,1,
7290000068701,false,שקדי מרק במיכל,קבוצת אסם סחר שות. מוגבלת,,,יח`,4,100 גרם,false,1,18.50,4.63,false,1,
7290000068787,false,במבה יום הולדת מהדרין אסם (25 גרם),קבוצת אסם סחר שות. מוגבלת,,,יח`,0.25,100 גרם,false,1,3.30,13.20,false,1,
7290000070308,false,מרק עוף אמיתי בשרי אסם (400 גרם),קבוצת אסם סחר שות. מוגבלת,,,יח`,4,100 גרם,false,1,20.40,5.10,false,1,
7290000070322,false,מרק פטריות אסם (400 גרם),קבוצת אסם סחר שות. מוגבלת,,,יח`,4,100 גרם,false,1,24.90,6.23,true,1,
7290000070919,false,בייגלה רשתות עם מלח אסם (400 גרם),קבוצת אסם סחר שות. מוגבלת,,,יח`,4,100 גרם,false,1,14.20,3.55,true,1,
7290000071008,false,בייגלה שטוחים טבעות עם מלח אסם (60 גרם),קבוצת אסם סחר שות. מוגבלת,,,יח`,0.60,100 גרם,false,1,3.60,6,false,1,
7290000072067,false,במבה במילוי קרם חלבה אסם (60 גרם),קבוצת אסם סחר שות. מוגבלת,,,יח`,0.60,100 גרם,false,1,4.40,7.33,true,1,
7290000072241,false,רוטב פיצה אסם (290 מל),קבוצת אסם סחר שות. מוגבלת,,,יח`,2.90,"100 מ""ל",false,1,13.20,4.55,true,1,
7290000072623,false,קטשופ אסם (750 גרם),קבוצת אסם סחר שות. מוגבלת,,,יח`,7.50,100 גרם,false,1,11.90,1.59,true,1,
7290000072753,false,קפה טייסטרס צ`ויס נסקפה (200 גרם),קבוצת אסם סחר שות. מוגבלת,,,יח`,2,100 גרם,false,1,29.90,14.95,false,1,
7290000072968,false,סיני מיניס בטעם קינמון נסטלה (500 גרם),קבוצת אסם סחר שות. מוגבלת,,,יח`,3.75,100 גרם,false,1,22.90,6.11,true,1,
7290000073125,false,מנה חמה פסטה ברוטב עגבניות אסם (62 גרם),קבוצת אסם סחר שות. מוגבלת,,,יח`,0.62,100 גרם,false,1,7.50,12.10,true,1,
7290000073415,false,מנה חמה פסטה ברוטב פיצה אסם (61 גרם),קבוצת אסם סחר שות. מוגבלת,,,יח`,0.61,100 גרם,false,1,7.50,12.30,true,1,
7290000073699,false,צבר חומוס 150 גר`,קבוצת אסם סחר שות. מוגבלת,,,יח`,1.50,100 גרם,false,1,4.90,3.27,false,1,
7290000073767,false,מנה חמה נודלס בטעם בקר אסם (70 גרם),קבוצת אסם סחר שות. מוגבלת,,,יח`,0.70,100 גרם,false,1,8.50,12.14,true,1,
7290000073774,false,מנה חמה נודלס בטעם פיקנטי אסם (70 גרם),קבוצת אסם סחר שות. מוגבלת,,,יח`,0.76,100 גרם,false,1,8.50,11.18,true,1,
7290000074153,false,ביסקוויט פתי בר שוקולד אסם (500 גרם),קבוצת אסם סחר שות. מוגבלת,,,יח`,5,100 גרם,false,1,12.90,2.58,false,1,
7290000074184,false,ביסקוויט פתי בר אסם (500 גרם),קבוצת אסם סחר שות. מוגבלת,,,יח`,5,100 גרם,false,1,12.20,2.44,true,1,
7290000074245,false,קרם קרקר אסם (250 גרם),קבוצת אסם סחר שות. מוגבלת,,,יח`,2.50,100 גרם,false,1,11.20,4.48,true,1,
7290000074276,false,קרקר פיקנטי אסם (250 גרם),קבוצת אסם סחר שות. מוגבלת,,,יח`,2.50,100 גרם,false,1,11.20,4.48,true,1,
7290000074375,false,קרקר זהב אסם (150 גרם),קבוצת אסם סחר שות. מוגבלת,,,יח`,1.50,100 גרם,false,1,8.40,5.60,true,1,
7290000074481,false,קרקר לחמית אגוזים אסם (160 גרם),קבוצת אסם סחר שות. מוגבלת,,,יח`,1.60,100 גרם,false,1,12.20,7.63,true,1,
7290000074696,false,קרם קרקר אסם (1 קג),קבוצת אסם סחר שות. מוגבלת,,,יח`,1,"ק""ג",false,1,30.50,30.50,false,1,
7290000075204,false,קרקר לחמית חיטה מלאה אסם (250 גרם),קבוצת אסם סחר שות. מוגבלת,,,יח`,2.50,100 גרם,false,1,10,4,true,1,
7290000076126,false,בייגלה שמיניות עם מלח אסם (80 גרם),קבוצת אסם סחר שות. מוגבלת,,,יח`,0.80,100 גרם,false,1,3.60,4.50,false,1,
7290000076133,false,בייגלה שמיניות עם מלח אסם (400 גרם),קבוצת אסם סחר שות. מוגבלת,,,יח`,4,100 גרם,false,1,10.10,2.53,true,1,
7290000076645,false,טוסטעים חיטה מלאה אסם (100 גרם),קבוצת אסם סחר שות. מוגבלת,,,יח`,1,100 גרם,false,1,11.20,11.20,false,1,
7290000077017,false,קרמוגית משהו שוקולוד,קבוצת אסם סחר שות. מוגבלת,,,יח`,2,100 גרם,false,1,13.20,6.60,false,1,
7290000077253,false,קרקר לחמית כפרית אסם (190 גרם),קבוצת אסם סחר שות. מוגבלת,,,יח`,1.90,100 גרם,false,1,12.20,6.42,true,1,
7290000078212,false,קרוטונים מתובלים למרק אסם (250 גרם),קבוצת אסם סחר שות. מוגבלת,,,יח`,2.50,100 גרם,false,1,17.30,6.92,false,1,
7290000078762,false,פריכונים בדבש מאורז מלא אסם (80 גרם),קבוצת אסם סחר שות. מוגבלת,,,יח`,0.80,100 גרם,false,1,9.10,11.38,true,1,
7290000079233,false,קרם קרקר דל נתרן אסם (250 גרם),קבוצת אסם סחר שות. מוגבלת,,,יח`,2.50,100 גרם,false,1,12.20,4.88,true,1,
7290000080765,false,פת קלויה טוסטעים עם שומשום אסם (100 גרם),קבוצת אסם סחר שות. מוגבלת,,,יח`,1,100 גרם,false,1,11.20,11.20,false,1,
7290000100128,false,פירות קפואים תות 300  גר`סנפרוסט,תנובה קפואים,,,יח`,3,100 גרם,false,1,17.30,5.77,true,1,
7290000100135,false,פירות קפואים דובדבן 300  גר`סנפרוסט,תנובה קפואים,,,יח`,3,100 גרם,false,1,16.90,5.63,true,1,
7290000100609,false,קוביות אנטי פסטי להקפצה 600  גר`סנפרוסט,תנובה קפואים,,,יח`,6,100 גרם,false,1,22.90,3.82,true,1,
7290000101927,false,אוכמניות כחולות מקופאים 300 גר סנפרוסט,תנובה קפואים,,,יח`,3,100 גרם,false,1,16.90,5.63,true,1,
7290000101934,false,מיקס פירות יער מוקפאים 300 גר סנפרוסט,תנובה קפואים,,,יח`,3,100 גרם,false,1,16.90,5.63,true,1,
7290000101958,false,מנגו חתוך מוקפא סנפרוסט (300 גרם),תנובה קפואים,,,יח`,3,100 גרם,false,1,16.90,5.63,true,1,
7290000103815,false,לקט להקפצה בסגנון תאילנדי 800  גר`סנפרוס,תנובה קפואים,,,יח`,8,100 גרם,false,1,25.50,3.19,true,1,
7290000104201,false,אפונה עדינה מוקפאת סנפרוסט (600 גרם),תנובה קפואים,,,יח`,6,100 גרם,false,1,20.90,3.48,true,1,
7290000104218,false,במיה 600  גר`סנפרוסט,תנובה קפואים,,,יח`,6,100 גרם,false,1,19.30,3.22,true,1,
7290000104676,false,אפונה 800  גר`סנפרוסט,תנובה קפואים,,,יח`,8,100 גרם,false,1,17.30,2.16,true,1,
7290000104683,false,שעועית ירוקה שלמה סנפרוסט (800 גרם),תנובה קפואים,,,יח`,8,100 גרם,false,1,23.40,2.93,true,1,
7290000104690,false,גרעיני תירס מוקפאים סנפרוסט (800 גרם),תנובה קפואים,,,יח`,8,100 גרם,false,1,18.90,2.36,true,1,
7290000104706,false,גזר גמדי מוקפא סנפרוסט (800 גרם),תנובה קפואים,,,יח`,8,100 גרם,false,1,20.30,2.54,true,1,
7290000104713,false,פול ירוק 800  גר`סנפרוסט,תנובה קפואים,,,יח`,8,100 גרם,false,1,27.50,3.44,true,1,
7290000104720,false,שעועית ירוקה חתוכה סנפרוסט (800 גרם),תנובה קפואים,,,יח`,8,100 גרם,false,1,21.40,2.68,true,1,
7290000104744,false,כרובית מוקפאת סנפרוסט (800 גרם),תנובה קפואים,,,יח`,8,100 גרם,false,1,27.60,3.45,true,1,
7290000104775,false,מדליוני תרד סנפרוסט (800 גרם),תנובה קפואים,,,יח`,8,100 גרם,false,1,28.60,3.58,true,1,
7290000104799,false,שעועית לבנה מבושלת סנפרוסט (800 גרם),תנובה קפואים,,,יח`,8,100 גרם,false,1,21.40,2.68,true,1,
7290000104805,false,גרגרי חומוס מבושלים סנפרוסט (800 גרם),תנובה קפואים,,,יח`,8,100 גרם,false,1,21.40,2.68,true,1,
7290000104836,false,שעועית עדינה שלמה סנפרוסט (600 גרם),תנובה קפואים,,,יח`,6,100 גרם,false,1,24.40,4.07,true,1,
7290000104881,false,לקט אפונה וגזר מוקפאים סנפרוסט (800 גרם),תנובה קפואים,,,יח`,8,100 גרם,false,1,18.30,2.29,true,1,
7290000104911,false,לקט נורמנדי מוקפא סנפרוסט (800 גרם),תנובה קפואים,,,יח`,8,100 גרם,false,1,17.90,2.24,true,1,
7290000107165,false,חטיף סויה אדממה סנפרוסט (400 גרם),תנובה קפואים,,,יח`,4,100 גרם,false,1,15.30,3.83,true,1,
7290000107189,false,תחתיות ארטישוק סנפרוסט (400 גרם),תנובה קפואים,,,יח`,4,100 גרם,false,1,24.40,6.10,true,1,
7290000107295,false,ברוקולי סנפרוסט (800 גרם),תנובה קפואים,,,יח`,8,100 גרם,false,1,27.50,3.44,true,1,
7290000110844,false,כיפלי 70  גר`גריל,יוניליוור ישראל שיווק בעמ,,,יח`,0.70,100 גרם,false,1,6.10,8.71,true,1,
7290000111117,false,מרכך כביסה לבן בדין (4 ליטר),יוניליוור ישראל שיווק בעמ,,,יח`,4,1 ליטר,false,1,19.90,4.98,false,1,
7290000111186,false,מיונז אמיתי תלמה (500 גרם),יוניליוור ישראל שיווק בעמ,,,יח`,5,100 גרם,false,1,9.90,1.98,false,1,
7290000111353,false,מיונז אמיתי תלמה (1 קג),יוניליוור ישראל שיווק בעמ,,,יח`,1,"ק""ג",false,1,17.90,17.90,false,1,
7290000111360,false,חרדל אמיתי תלמה (250 גרם),יוניליוור ישראל שיווק בעמ,,,יח`,2.50,100 גרם,false,1,7.40,2.96,false,1,
7290000111384,false,חרדל אמיתי תלמה (550 גרם),יוניליוור ישראל שיווק בעמ,,,יח`,5.50,100 גרם,false,1,9.90,1.80,true,1,
7290000112220,false,בארכה טחינה 100% שומשום,קבוצת אסם סחר שות. מוגבלת,,,יח`,5,100 גרם,false,1,14.90,2.98,true,1,
7290000112497,false,מרק עשיר עוף עם אטריות קנור (68 גרם),יוניליוור ישראל שיווק בעמ,,,יח`,0.75,100 גרם,false,1,10.90,14.53,true,1,
7290000112619,false,מרק עוף אמיתי בשרי קנור (400 גרם),יוניליוור ישראל שיווק בעמ,,,יח`,4,100 גרם,false,1,26.50,6.63,true,1,
7290000116204,false,מרק דגש זך טעם עוף קנור (1 קג),יוניליוור ישראל שיווק בעמ,,,יח`,1,"ק""ג",false,1,18.30,18.30,false,1,
7290000116921,false,רוטב צ`ילי מתוק קנור (300 מל),יוניליוור ישראל שיווק בעמ,,,יח`,3.40,"100 מ""ל",false,1,13.90,4.09,true,1,
7290000117720,false,מרק נמס בכוס פטריות קנור (21.5x2 גרם),יוניליוור ישראל שיווק בעמ,,,יח`,0.43,100 גרם,false,1,7.60,17.67,true,1,
7290000118277,false,אבקה לקניידלך קנור (2  יח`- 130 גרם),יוניליוור ישראל שיווק בעמ,,,יח`,1.30,100 גרם,false,1,13.90,10.69,true,1,
7290000120836,false,מיונז אמיתי הלמנס (394 גרם),יוניליוור ישראל שיווק בעמ,,,יח`,4.33,100 גרם,false,1,14.20,3.28,true,1,
7290000120874,false,מיונז לייט הלמנס (424 גרם),יוניליוור ישראל שיווק בעמ,,,יח`,4.76,100 גרם,false,1,14.20,2.98,true,1,
7290000121031,false,גבינה חתול 120ג,נטו מלינדה סחר בעמ,,,יח`,1.20,100 גרם,false,1,12.20,10.17,true,1,
7290000121093,false,מון בלאן שויצרית,נטו מלינדה סחר בעמ,,,יח`,1.20,100 גרם,false,1,12.40,10.33,true,1,
7290000121154,false,מון בלאן סלמון,נטו מלינדה סחר בעמ,,,יח`,1.20,100 גרם,false,1,16,13.33,true,1,
7290000121239,false,מיוקל 5% שומן תלמה (500 גרם),יוניליוור ישראל שיווק בעמ,,,יח`,5,100 גרם,false,1,13.20,2.64,false,1,
7290000129457,false,רוטב פטריות קנור (28 גרם),יוניליוור ישראל שיווק בעמ,,,יח`,0.28,100 גרם,false,1,5.40,19.29,true,1,
7290000133645,false,מש.שיניים אורביטול שלישיה,החברה הדרומית לשיווק בעמ,,,יח`,4.35,100 גרם,false,1,21.40,4.92,true,1,
7290000134147,false,מוסקט טחון 40 גר`,תבליני טעם וריח בעמ,,,יח`,0.40,100 גרם,false,1,13.90,34.75,false,1,
7290000134307,false,קינמון טחון 50 גר`,תבליני טעם וריח בעמ,,,יח`,0.50,100 גרם,false,1,6.90,13.80,false,1,
7290000134338,false,שום אבקה 90 גר`,תבליני טעם וריח בעמ,,,יח`,0.90,100 גרם,false,1,9.90,11,true,1,
7290000134352,false,קינמון טחון 90 גר`,תבליני טעם וריח בעמ,,,יח`,0.90,100 גרם,false,1,9.90,11,true,1,
7290000134376,false,פפריקה בשמן 90 גר`,תבליני טעם וריח בעמ,,,יח`,0.90,100 גרם,false,1,9.90,11,true,1,
7290000134550,false,עלי דפנה 20 גר`,תבליני טעם וריח בעמ,,,יח`,0.20,100 גרם,false,1,6.90,34.50,false,1,
7290000134673,false,זנגביל 30 גר`,תבליני טעם וריח בעמ,,,יח`,0.30,100 גרם,false,1,6.90,23,false,1,
7290000134758,false,תיבול לתפוא 100 גר`,תבליני טעם וריח בעמ,,,יח`,1,100 גרם,false,1,9.90,9.90,true,1,
7290000134826,false,זעתר מעורב 100 גר`,תבליני טעם וריח בעמ,,,יח`,1,100 גרם,false,1,9.90,9.90,true,1,
7290000134833,false,כמון טחון 100 גר`,תבליני טעם וריח בעמ,,,יח`,1,100 גרם,false,1,9.90,9.90,true,1,
7290000134840,false,כורכום טחון 100 גר`,תבליני טעם וריח בעמ,,,יח`,1,100 גרם,false,1,9.90,9.90,true,1,
7290000134857,false,פפריקה מתוקה 100 גר`,תבליני טעם וריח בעמ,,,יח`,1,100 גרם,false,1,9.90,9.90,true,1,
7290000134864,false,פפריקה חריפה 100 גר`,תבליני טעם וריח בעמ,,,יח`,1,100 גרם,false,1,9.90,9.90,true,1,
7290000134871,false,פלפל שחור טחון 100 גר`,תבליני טעם וריח בעמ,,,יח`,1,100 גרם,false,1,12.90,12.90,true,1,
7290000134970,false,חוואיג` 100 גר`,תבליני טעם וריח בעמ,,,יח`,1,100 גרם,false,1,9.90,9.90,true,1,
7290000134987,false,פלפל שחור גרוס 90 גר`,תבליני טעם וריח בעמ,,,יח`,0.90,100 גרם,false,1,12.90,14.33,true,1,
7290000135052,false,משקה אנרגיה מנגו אקסל (250  מל)TEN,טמפו משקאות בעמ,,,יח`,2.50,"100 מ""ל",false,1,4.90,1.84,true,1,
7290000135113,false,משקה אנרגיה אקסל נענע ליים ללס (250 מל,טמפו משקאות בעמ,,,יח`,2.50,"100 מ""ל",false,1,4.90,1.84,true,1,
7290000135595,false,פפסי מקס דובדבן 1.5 ליטר,טמפו משקאות בעמ,,,יח`,15,"100 מ""ל",false,1,8.60,0.57,false,1,
7290000136158,false,פפסי מקס 1.5 ליטר,טמפו משקאות בעמ,,,יח`,1.50,1 ליטר,false,1,8.90,5.73,true,1,
7290000136165,false,מירנדה 1.5 ליטר,טמפו משקאות בעמ,,,יח`,1.50,1 ליטר,false,1,9.90,6.40,true,1,
7290000136172,false,סבן אפ 1.5 ליטר,טמפו משקאות בעמ,,,יח`,1.50,1 ליטר,false,1,9.90,6.40,true,1,
7290000136189,false,סבן אפ דיאט 1.5 ליטר,טמפו משקאות בעמ,,,יח`,1.50,1 ליטר,false,1,8.50,5.47,true,1,
7290000136240,false,סודה טמפו 1.5 ליטר,טמפו משקאות בעמ,,,יח`,1.50,1 ליטר,false,1,3,1.80,false,1,
7290000136431,false,ג`אמפ בטעם אפרסק צלול 1.5 ליטר,טמפו משקאות בעמ,,,יח`,1.50,1 ליטר,false,1,7.50,4.80,true,1,
7290000136523,false,ג`אמפ בטעם ענבים 1.5 ליטר,טמפו משקאות בעמ,,,יח`,1.50,1 ליטר,false,1,7.50,4.80,true,1,
7290000136561,false,ג`אמפ בטעם תות בננה 1.5 ליטר,טמפו משקאות בעמ,,,יח`,1.50,1 ליטר,false,1,7.50,4.80,true,1,
7290000136585,false,ג`אמפ בטעם תפוזים 1.5 ליטר,טמפו משקאות בעמ,,,יח`,1.50,1 ליטר,false,1,7.50,4.80,true,1,
7290000136790,false,סודה טמפו 1.5 ליטר שישייה,טמפו משקאות בעמ,,,יח`,9,1 ליטר,false,1,18.90,1.90,true,1,
7290000137513,false,קרמיסימו גלידונית 60 יח`,גלידות שטראוס בעמ,,,יח`,7,100 גרם,false,1,52,7.43,false,1,
7290000137643,false,מאגדת-טעמקור 8 יח`,גלידות שטראוס בעמ,,,יח`,1,,false,1,41.80,41.80,false,1,
7290000143187,false,שמפו ומרכך לגבר הוואי (700 מל),הנקל סוד בעמ,,,יח`,7,"100 מ""ל",false,1,8.90,1.27,false,1,
7290000143194,false,שמפו ומרכך לשיער אלוורה הוואי (700 מל),הנקל סוד בעמ,,,יח`,7,"100 מ""ל",false,1,8.90,1.27,false,1,
7290000143217,false,הוואי שמפו לשיער יבש700 מל כחול,הנקל סוד בעמ,,,יח`,7,"100 מ""ל",false,1,8.90,1.27,false,1,
7290000143255,false,הוואי שמפו לשיער רגיל 700 מל ירוק,הנקל סוד בעמ,,,יח`,7,"100 מ""ל",false,1,8.90,1.27,false,1,
7290000143279,false,שמפו למניעת קשקשים הוואי (700 מל),הנקל סוד בעמ,,,יח`,7,"100 מ""ל",false,1,8.90,1.27,false,1,
7290000143286,false,הוואי מרכך לשיער רגיל 700 מל ירוק,הנקל סוד בעמ,,,יח`,7,"100 מ""ל",false,1,8.90,1.27,false,1,
7290000144467,false,שמן חמניות מזוכך עץ הזית (1 ליטר),סוגת תעשיות בעמ,,,יח`,1,1 ליטר,false,1,17.90,17.90,true,1,
7290000144474,false,שמן קנולה מזוכך עץ הזית (1 ליטר),סוגת תעשיות בעמ,,,יח`,1,1 ליטר,false,1,16.90,16.90,true,1,
7290000146645,false,הוואי סבון מוצק שחור מסתורי 100  גר`רביע,הנקל סוד בעמ,,,יח`,4,100 גרם,false,1,12.90,3.23,false,1,
7290000146652,false,הוואי סבון מוצק ורוד 100  גר`רביעייה,הנקל סוד בעמ,,,יח`,4,100 גרם,false,1,12.90,3.23,false,1,
7290000146997,false,משחת שיניים לילדים טום וג`רי (50 מל),הנקל סוד בעמ,,,יח`,0.60,100 גרם,false,1,10.10,16.83,true,1,
7290000148380,false,פיסטוקים קלויים קליית גת (200 גרם),ליימן שליסל בעמ,,,יח`,2,100 גרם,false,1,19.90,9.95,true,1,
7290000148748,false,גרעיני חמניה 200 גר`,ליימן שליסל בעמ,,,יח`,2,100 גרם,false,1,6.90,3.45,true,1,
7290000148939,false,שקדים קלויים קליית גת (200 גרם),ליימן שליסל בעמ,,,יח`,2,100 גרם,false,1,15.90,7.95,false,1,
7290000149615,false,סבון מוצק לתינוק נקה  (100x47 גרם),החברה הדרומית לשיווק בעמ,,,יח`,4,100 גרם,false,1,11.90,2.98,true,1,
7290000149905,false,טקסטיל שמפו נוזל,החברה הדרומית לשיווק בעמ,,,יח`,1,1 ליטר,false,1,13.90,13.90,false,1,
7290000166605,false,סיף פנטסטיק 4 ליטר כללי יסמין,יוניליוור ישראל שיווק בעמ,,,יח`,4,"ק""ג",false,1,27.50,6.88,true,1,
7290000168173,false,ברנפלקס קרנצ`ים 375  גר`בדצ,יוניליוור ישראל שיווק בעמ,,,יח`,3.75,100 גרם,false,1,24.40,6.51,true,1,
7290000169538,false,נמס בכוס עגבניות וקרוטונים,יוניליוור ישראל שיווק בעמ,,,יח`,0.17,100 גרם,false,1,7.60,44.71,true,1,
7290000169798,false,עוגי מופחת סוכר 500גר,יוניליוור ישראל שיווק בעמ,,,יח`,5,100 גרם,false,1,20.30,4.06,true,1,
7290000174723,false,שוקולית אבקת שוקו עלית (500 גרם),שטראוס גרופ בעמ,,,יח`,5,100 גרם,false,1,13.20,2.64,false,1,
7290000176062,false,קפה טורקי עלית (100 גרם),שטראוס גרופ בעמ,,,יח`,1,100 גרם,false,1,9.10,9.10,false,1,
7290000176079,false,קפה טורקי עם הל עלית (100 גרם),שטראוס גרופ בעמ,,,יח`,1,100 גרם,false,1,10.90,10.90,false,1,
7290000176116,false,קפה טורקי בוואקום עלית (1 קג),שטראוס גרופ בעמ,,,יח`,1,"ק""ג",false,1,78.50,78.50,false,1,
7290000176413,false,נס קפה קטן פח,שטראוס גרופ בעמ,,,יח`,0.50,100 גרם,false,1,10.50,21,false,1,
7290000176420,false,קפה נמס עלית (200 גרם),שטראוס גרופ בעמ,,,יח`,2,100 גרם,false,1,19.90,9.95,false,1,
7290000176475,false,קפה נמס נטול קפאין האג עלית (200 גרם),שטראוס גרופ בעמ,,,יח`,2,100 גרם,false,1,38.10,19.05,false,1,
7290000178707,false,חטיף צ`יפס בטעם טבעי תפוצ`יפס (50 גרם),שטראוס פריטו ליי בעמ,,,יח`,0.50,100 גרם,false,1,4,8,false,1,
7290000178721,false,חטיף צ`יפס בטעם טבעי תפוצ`יפס (200 גרם),שטראוס פריטו ליי בעמ,,,יח`,2,100 גרם,false,1,11.50,5.75,true,1,
7290000185590,false,סילאן טבעי בקבוק לחיץ 635 גר`,תה ויסוצקי (ישראל) בעמ,,,יח`,6.35,100 גרם,false,1,20.90,3.29,false,1,
7290000186030,false,מגבוני האגיס רביעייה עם תחליב,קימברלי קלארק ישראל שיווק בעמ,,,יח`,1,,false,1,33.90,33.90,true,1,
7290000187921,false,נייר טואלט קלאסיק לבן לילי) (32,קימברלי קלארק ישראל שיווק בעמ,,,יח`,19.69,100 גרם,false,1,40.90,2.08,false,1,
7290000187952,false,נייר טואלט טריו לילי) (32,קימברלי קלארק ישראל שיווק בעמ,,,יח`,1,,false,1,45.90,45.90,true,1,
7290000188355,false,מגבת נייר ניקול) (6,קימברלי קלארק ישראל שיווק בעמ,,,יח`,1,,false,1,13.50,13.50,false,1,
7290000188553,false,מגן תחתון נורמל ביג קוטקס) (60,קימברלי קלארק ישראל שיווק בעמ,,,יח`,1,יח`,false,1,16.90,16.90,false,1,
7290000188591,false,מגן תחתון יאנג קוטקס) (60,קימברלי קלארק ישראל שיווק בעמ,,,יח`,1,יח`,false,1,16.90,16.90,false,1,
7290000189192,false,מגבת רב שימושית ניקול,קימברלי קלארק ישראל שיווק בעמ,,,יח`,1,יח`,false,1,20.90,20.90,false,1,
7290000189598,false,מטליות לחות לניקוי כללי ניקול) (50,קימברלי קלארק ישראל שיווק בעמ,,,יח`,1,יח`,false,1,13.90,13.90,true,1,
7290000189659,false,מטליות לחות לניקוי רצפה ניקול) (10,קימברלי קלארק ישראל שיווק בעמ,,,יח`,1,יח`,false,1,15.90,15.90,true,1,
7290000189734,false,מטליות לחות לניקוי פרקטים ניקול) (10,קימברלי קלארק ישראל שיווק בעמ,,,יח`,1,,false,1,23.90,23.90,true,1,
7290000189871,false,שקיות אשפה לפח עם שרוך 64x52 ניקול) (55,קימברלי קלארק ישראל שיווק בעמ,,,יח`,1,,false,1,19.90,19.90,true,1,
7290000190853,false,נייר טואלט 30 גלילים לילי לבן,קימברלי קלארק ישראל שיווק בעמ,,,יח`,23,100 גרם,false,1,40.90,1.78,false,1,
7290000191546,false,מגבוני לילי צבעוני שלישייה,קימברלי קלארק ישראל שיווק בעמ,,,יח`,4.20,100 גרם,false,1,11.90,2.83,false,1,
7290000191652,false,ממחטות אף קלינקס) (90x3,קימברלי קלארק ישראל שיווק בעמ,,,יח`,1,,false,1,12.90,12.90,true,1,
7290000191966,false,מגבוני נ.ט לח סנסיטיב,קימברלי קלארק ישראל שיווק בעמ,,,יח`,0.59,100 גרם,false,1,8.50,14.41,false,1,
7290000193205,false,תח`לילי נטורל לילה,קימברלי קלארק ישראל שיווק בעמ,,,יח`,1,יח`,false,1,16.90,16.90,false,1,
7290000193472,false,מגן תחתון נטורל נורמל לילי) (60,קימברלי קלארק ישראל שיווק בעמ,,,יח`,1,יח`,false,1,16.90,16.90,false,1,
7290000193540,false,מגן תחתון נטורל לונג לילי) (52,קימברלי קלארק ישראל שיווק בעמ,,,יח`,1,יח`,false,1,16.90,16.90,false,1,
7290000193649,false,תחבושות נורמל עם כנפיים לילי) (24,קימברלי קלארק ישראל שיווק בעמ,,,יח`,1,יח`,false,1,16.90,16.90,false,1,
7290000194288,false,משטח החתלה האגיס) (10,קימברלי קלארק ישראל שיווק בעמ,,,יח`,1,,false,1,28.50,28.50,false,1,
7290000195537,false,מגבוני האגיס דיילי קר ללא בישום 4*64,קימברלי קלארק ישראל שיווק בעמ,,,יח`,1,,false,1,21.90,21.90,true,1,
7290000195773,false,מגבוני האגיס סנסיטיב קייר ללא בישום 4*64,קימברלי קלארק ישראל שיווק בעמ,,,יח`,1,,false,1,21.90,21.90,true,1,
7290000197012,false,שקית  ריצ`רץ`למזון ניקול) (15,קימברלי קלארק ישראל שיווק בעמ,,,יח`,15,יח`,false,1,15.90,1.06,false,1,
7290000197081,false,ניילון נצמד ניקול 150 מטר סליידר,קימברלי קלארק ישראל שיווק בעמ,,,יח`,150,,false,1,39.90,0.27,true,1,
7290000197340,false,ניקול-רדיד אלומיניום זוג 45,קימברלי קלארק ישראל שיווק בעמ,,,יח`,1,יח`,false,1,21.90,21.90,true,1,
7290000197432,false,זוג סנדוויצ`ון ניקול) (150x2,קימברלי קלארק ישראל שיווק בעמ,,,יח`,1,,false,1,15.90,15.90,false,1,
7290000197463,false,חיתולי פרידום דריי שלב +4 האגיס) (40,קימברלי קלארק ישראל שיווק בעמ,,,יח`,1,,false,1,43.90,43.90,true,1,
7290000197548,false,חיתולי פרידום דריי שלב 5 האגיס) (36,קימברלי קלארק ישראל שיווק בעמ,,,יח`,1,,false,1,43.90,43.90,true,1,
7290000197678,false,חיתולי פרידום דריי שלב 6 האגיס) (30,קימברלי קלארק ישראל שיווק בעמ,,,יח`,1,,false,1,43.90,43.90,true,1,
7290000197753,false,זוג ניילון נצמד ניקול (30x2 מטר),קימברלי קלארק ישראל שיווק בעמ,,,יח`,1,יח`,false,1,14.90,14.90,true,1,
7290000197982,false,ניקול-רדיד עבה 7.5*45,קימברלי קלארק ישראל שיווק בעמ,,,יח`,2,יח`,false,1,26.90,13.45,true,1,
7290000199313,false,תחבושות קוטקס יאנג,קימברלי קלארק ישראל שיווק בעמ,,,יח`,1,,false,1,22.40,22.40,true,1,
7290000201849,false,חיתולי פרימיום שלב 4 טיטולים) (40,קימברלי קלארק ישראל שיווק בעמ,,,יח`,1,,false,1,40.70,40.70,true,1,
7290000201856,false,חיתולי פרימיום שלב 4+ טיטולים) (38,קימברלי קלארק ישראל שיווק בעמ,,,יח`,1,,false,1,40.70,40.70,true,1,
7290000201863,false,חיתולי פרימיום שלב 5 טיטולים) (34,קימברלי קלארק ישראל שיווק בעמ,,,יח`,1,,false,1,40.70,40.70,true,1,
7290000204086,false,כריות קרצוף סקוטש ניקול) (3,קימברלי קלארק ישראל שיווק בעמ,,,יח`,3,יח`,false,1,13.90,4.63,true,1,
7290000204147,false,כרית יפנית רביעייה ניקול,קימברלי קלארק ישראל שיווק בעמ,,,יח`,4,יח`,false,1,13.90,3.48,true,1,
7290000204215,false,כריות יפניות ניקול) (6,קימברלי קלארק ישראל שיווק בעמ,,,יח`,6,100 גרם,false,1,13.90,2.32,true,1,
7290000204239,false,ניקול מטליות רצפה רביעיה,קימברלי קלארק ישראל שיווק בעמ,,,יח`,4,יח`,false,1,14.90,3.73,true,1,
7290000204253,false,מטליות רב שימושיות לניקיון ניקול) (9,קימברלי קלארק ישראל שיווק בעמ,,,יח`,9,יח`,false,1,13.90,1.54,true,1,
7290000205762,false,האגיס חיתולי אקסטרה קר 3 48 יח,קימברלי קלארק ישראל שיווק בעמ,,,יח`,1,,false,1,46.90,46.90,false,1,
7290000205915,false,האגיס חיתולי אקסטרה קר 40 יח,קימברלי קלארק ישראל שיווק בעמ,,,יח`,1,,false,1,46.90,46.90,false,1,
7290000207162,false,רוטב עגבניות 22% יכין (100 גרם),זנלכל בעמ,,,יח`,1,100 גרם,false,1,3.50,3.50,true,1,
7290000207438,false,עגבניות מקולפות חתוכות לקוביות,זנלכל בעמ,,,יח`,8,100 גרם,false,1,10.90,1.36,false,1,
7290000208077,false,אפונת גינה גדולה יכין (550 גרם),זנלכל בעמ,,,יח`,5.50,100 גרם,false,1,9.50,1.73,true,1,
7290000208114,false,אפונת גינה וגזר יכין (550 גרם),זנלכל בעמ,,,יח`,5.50,100 גרם,false,1,9.50,1.73,true,1,
7290000208213,false,שעועית לבנה ברוטב עגבניות יכין (580 גרם),זנלכל בעמ,,,יח`,5.80,100 גרם,false,1,10.50,1.81,true,1,
7290000208220,false,שעועית צ`ילי מקסיקני חריף יכין (550 גרם),זנלכל בעמ,,,יח`,5.80,100 גרם,false,1,11.50,1.98,false,1,
7290000208312,false,גרעיני תירס מתוק יכין,זנלכל בעמ,,,יח`,4,100 גרם,false,1,7.50,1.88,true,1,
7290000208329,false,גרעיני תירס מתוק יכין (550 גרם),זנלכל בעמ,,,יח`,5.50,100 גרם,false,1,9.50,1.73,true,1,
7290000208336,false,רוטב עגבניות 22% יכין (240 גרם),זנלכל בעמ,,,יח`,2.40,100 גרם,false,1,5.50,2.29,true,1,
7290000208350,false,עגבניות מרוסקות עם בצל יכין (800 גרם),זנלכל בעמ,,,יח`,8,100 גרם,false,1,10.90,1.36,false,1,
7290000208404,false,פול מצרי יכין (550 גרם),זנלכל בעמ,,,יח`,5.50,100 גרם,false,1,10.50,1.91,false,1,
7290000208428,false,חומוס שלם יכין (550 גרם),זנלכל בעמ,,,יח`,5.50,100 גרם,false,1,10.50,1.91,true,1,
7290000208534,false,תירס קיד גרעיני תירס מתוק יכין (550 גרם),זנלכל בעמ,,,יח`,5.50,100 גרם,false,1,10.90,1.98,false,1,
7290000208855,false,רוטב לפסטה קלאסי יכין (240 גרם),זנלכל בעמ,,,יח`,2.40,100 גרם,false,1,6.50,2.71,false,1,
7290000208893,false,תירס לייט יכין (400 גרם),זנלכל בעמ,,,יח`,3.40,100 גרם,false,1,7.50,2.21,true,1,
7290000208930,false,עגבניות מרוסקות עם שום יכין (240 גרם),זנלכל בעמ,,,יח`,2.40,100 גרם,false,1,6.50,2.71,false,1,
7290000208947,false,עגבניות מרוסקות יכין (240 גרם),זנלכל בעמ,,,יח`,2.40,100 גרם,false,1,6.50,2.71,false,1,
7290000209012,false,חומץ 5% יכין (1 ליטר),זנלכל בעמ,,,יח`,1,1 ליטר,false,1,7.90,7.90,true,1,
7290000209043,false,מיץ לימון משומר לתיבול יכין (1 ליטר),זנלכל בעמ,,,יח`,1,1 ליטר,false,1,8.50,8.50,true,1,
7290000209371,false,מארז גרעיני תירס מתוק יכין (200x3 גרם),זנלכל בעמ,,,יח`,6,100 גרם,false,1,15.90,2.65,false,1,
7290000209388,false,תירס לייט שלשות OZ6,זנלכל בעמ,,,יח`,1.65,100 גרם,false,1,15.90,9.64,false,1,
7290000209708,false,עגבניות מרוסקות בזיליקום 240  גר`יכין,זנלכל בעמ,,,יח`,2.40,100 גרם,false,1,6.50,2.71,false,1,
7290000209722,false,רוטב עגבניות 28% יכין (580  גרם)פריכוז,זנלכל בעמ,,,יח`,5.80,100 גרם,false,1,11.90,2.05,false,1,
7290000209906,false,עגבניות מרוסקות בצל 240  גר`יכין,זנלכל בעמ,,,יח`,2.40,100 גרם,false,1,6.50,2.71,false,1,
7290000209913,false,עגבניות קוביות 240  גר`יכין,זנלכל בעמ,,,יח`,2.40,100 גרם,false,1,6.50,2.71,false,1,
7290000209944,false,רוטב מתובל לשקשוקה יכין (240 גרם),זנלכל בעמ,,,יח`,2.40,100 גרם,false,1,6.50,2.71,false,1,
7290000209951,false,רוטב לפיצה יכין (240 גרם),זנלכל בעמ,,,יח`,2.40,100 גרם,false,1,6.50,2.71,false,1,
7290000209968,false,רוטב ללזניה יכין (240 גרם),זנלכל בעמ,,,יח`,2.40,100 גרם,false,1,6.50,2.71,false,1,
7290000210469,false,עגבניות שלמות מקולפות יכין (800 גרם),זנלכל בעמ,,,יח`,8,100 גרם,false,1,10.90,1.36,false,1,
7290000211312,false,אורז מלא ארוך סוגת (1 קג),סוגת תעשיות בעמ,,,יח`,1,"ק""ג",false,1,8.90,8.90,false,1,
7290000211442,false,אורז בסגנון פרסי קלאסי סוגת (1 קג),סוגת תעשיות בעמ,,,יח`,1,"ק""ג",false,1,10.90,10.90,false,1,
7290000211503,false,סוכר לבן סוגת (1 קג),סוגת תעשיות בעמ,,,יח`,1,"ק""ג",false,1,4,4,false,1,
7290000211985,false,אורז ריזוטו עגול סוגת (1 קג),סוגת תעשיות בעמ,,,יח`,1,"ק""ג",false,1,11.50,11.50,false,1,
7290000238029,false,בצק עלים מרודד מעדנות (1 קג),תנובה קפואים,,,יח`,10,100 גרם,false,1,24.40,2.44,false,1,
7290000238036,false,מלווח מעדנות (6  יח`- 700 גרם),תנובה קפואים,,,יח`,7,100 גרם,false,1,18.30,2.61,false,1,
7290000238173,false,בורקס גבינה מעדנות,תנובה קפואים,,,יח`,8,100 גרם,false,1,24.80,3.10,false,1,
7290000238180,false,בורקס תפוא מעדנות,תנובה קפואים,,,יח`,8,100 גרם,false,1,21.40,2.68,false,1,
7290000244143,false,קרם לאחר גילוח הוואי (120 מל),הנקל סוד בעמ,,,יח`,1.20,100 גרם,false,1,19.30,16.08,true,1,
7290000244761,false,קרם ידיים ולוטה (80 גרם),הנקל סוד בעמ,,,יח`,0.80,"100 מ""ל",false,1,12.20,15.25,true,1,
7290000245782,false,מרכך כביסה ורוד סוד (4 ליטר),גורי שיווק בעמ,,,יח`,4,1 ליטר,false,1,17.90,4.48,false,1,
7290000245799,false,מרכך כביסה כחול סוד (4 ליטר),גורי שיווק בעמ,,,יח`,4,1 ליטר,false,1,17.90,4.48,false,1,
7290000254197,false,קפה אספרסטו זהב עלית (200 גרם),שטראוס גרופ בעמ,,,יח`,2,100 גרם,false,1,24.10,12.05,false,1,
7290000262413,false,האגיס חיתולי אקסטרה קר מידה 5 34,קימברלי קלארק ישראל שיווק בעמ,,,יח`,1,,false,1,46.90,46.90,false,1,
7290000263359,false,חיתולי ליטל בייביס שלב 1 האגיס) (40,קימברלי קלארק ישראל שיווק בעמ,,,יח`,1,,false,1,35.60,35.60,false,1,
7290000272696,false,מיץ לימון משומר עסיס (1 ליטר),קבוצת אסם סחר שות. מוגבלת,,,יח`,1,1 ליטר,false,1,10.10,10.10,false,1,
7290000272726,false,חומץ 5% עסיס (1 ליטר),קבוצת אסם סחר שות. מוגבלת,,,יח`,1,1 ליטר,false,1,8.40,8.40,false,1,
7290000286228,false,כרית יפנית סנו סושי) (6,החברה הדרומית לשיווק בעמ,,,יח`,6,יח`,false,1,12.90,2.15,true,1,
7290000286549,false,מטלית לכל סנו סושי) (9,החברה הדרומית לשיווק בעמ,,,יח`,9,יח`,false,1,12.90,1.43,true,1,
7290000286761,false,ניילון נצמד סנו סושי (30x2 מטר),החברה הדרומית לשיווק בעמ,,,יח`,1,,false,1,12.90,12.90,true,1,
7290000287409,false,סנובון תות לאסלה סנו (55x3 גרם),החברה הדרומית לשיווק בעמ,,,יח`,1.65,100 גרם,false,1,12.90,7.82,true,1,
7290000287430,false,סנובון לאסלה לימון סנו (55x3 גרם),החברה הדרומית לשיווק בעמ,,,יח`,1.65,100 גרם,false,1,12.90,7.82,true,1,
7290000287492,false,סנובון נוזלי 750 מל,החברה הדרומית לשיווק בעמ,,,יח`,7.50,"100 מ""ל",false,1,11.90,1.59,true,1,
7290000288024,false,אקונומיקה ז`אוול לימון סנו (4 ליטר),החברה הדרומית לשיווק בעמ,,,יח`,40,"100 מ""ל",false,1,17.90,0.45,false,1,
7290000288048,false,ז`אוול מרסס לניקוי כללי לבנדר סנו (1 ליט,החברה הדרומית לשיווק בעמ,,,יח`,1,1 ליטר,false,1,19.90,19.90,true,1,
7290000288079,false,לימון 2 ליטר JAVEL אקונומיקה,החברה הדרומית לשיווק בעמ,,,יח`,2,1 ליטר,false,1,10.90,5.45,true,1,
7290000288109,false,סנו מקסימה 1.25 קג`,החברה הדרומית לשיווק בעמ,,,יח`,1.25,"ק""ג",false,1,14.90,11.92,true,1,
7290000288253,false,קוטל מעופפים קיי 400 סנו (630 מל),החברה הדרומית לשיווק בעמ,,,יח`,6.30,"100 מ""ל",false,1,25.90,4.11,true,1,
7290000288291,false,סנומט 30 טבליות,החברה הדרומית לשיווק בעמ,,,יח`,1,,false,1,14.90,14.90,true,1,
7290000288352,false,קוטל חרקים קיי 300 סנו (630 מל),החברה הדרומית לשיווק בעמ,,,יח`,6.30,"100 מ""ל",false,1,21.90,3.48,true,1,
7290000288390,false,קוטל זבובים יתושים קיי 600 סנו (500 מל),החברה הדרומית לשיווק בעמ,,,יח`,4.75,"100 מ""ל",false,1,22.90,4.82,true,1,
7290000288413,false,סנו-די דוחה יתושים כדורי סנו (50 מל),החברה הדרומית לשיווק בעמ,,,יח`,0.50,"100 מ""ל",false,1,20.90,41.80,false,1,
7290000288642,false,סנו מקסימה4 ליטר ורוד פסים,החברה הדרומית לשיווק בעמ,,,יח`,4,1 ליטר,false,1,22.40,5.60,true,1,
7290000289069,false,סנו ז`אוול מרסס 1 ליטר,החברה הדרומית לשיווק בעמ,,,יח`,1,1 ליטר,false,1,19.90,19.90,true,1,
7290000289380,false,ז`אוול מונטבלאן ג`ל לאסלות סנו (750 מל),החברה הדרומית לשיווק בעמ,,,יח`,7.50,"100 מ""ל",false,1,11.90,1.59,false,1,
7290000289472,false,סושי שקיות אשפה גדולות 50 יח`,החברה הדרומית לשיווק בעמ,,,יח`,1,,false,1,18.90,18.90,false,1,
7290000289496,false,קרם לניקוי כללי לימון סנו (750 מל),החברה הדרומית לשיווק בעמ,,,יח`,7.50,"100 מ""ל",false,1,11.90,1.59,false,1,
7290000289748,false,מסיר שומנים פורטה פלוס סנו (750 מל),החברה הדרומית לשיווק בעמ,,,יח`,7.50,"100 מ""ל",false,1,14.90,1.99,true,1,
7290000289885,false,סנופרש יבש,החברה הדרומית לשיווק בעמ,,,יח`,3.75,"100 מ""ל",false,1,11.90,3.17,true,1,
7290000289915,false,סנופרש יבש,החברה הדרומית לשיווק בעמ,,,יח`,3.75,"100 מ""ל",false,1,11.90,3.17,true,1,
7290000291963,false,אקונומיקה ז`אוול סמיכה סנו (1 ליטר),החברה הדרומית לשיווק בעמ,,,יח`,1,1 ליטר,false,1,9.90,9.90,false,1,
7290000292007,false,סנו k3 פיתיון ג`ל קוטל חרקים 10  גר`סנו,החברה הדרומית לשיווק בעמ,,,יח`,1,,false,1,49.90,49.90,true,1,
7290000292311,false,פוליויקס 2 ליטר,החברה הדרומית לשיווק בעמ,,,יח`,2,1 ליטר,false,1,21.90,10.95,true,1,
7290000292557,false,סנומט דוחה יתושים מילוי סנו) (45,החברה הדרומית לשיווק בעמ,,,יח`,1,,false,1,20.90,20.90,true,1,
7290000292564,false,קוטל חרקים K2000 ללא ריח סנו (750 מל),החברה הדרומית לשיווק בעמ,,,יח`,7.50,"100 מ""ל",false,1,30.90,4.12,true,1,
7290000292687,false,סנובון לאסלה קלאסיק כחול סנו (55x3 גרם),החברה הדרומית לשיווק בעמ,,,יח`,1.65,100 גרם,false,1,18.90,11.45,true,1,
7290000292915,false,רסס ונגב לניקוי כללי תרסיס סנו (750 מל),החברה הדרומית לשיווק בעמ,,,יח`,7.50,"100 מ""ל",false,1,15.90,2.12,true,1,
7290000293073,false,סנו מקסימה4 ליטר לבן,החברה הדרומית לשיווק בעמ,,,יח`,4,1 ליטר,false,1,22.40,5.60,true,1,
7290000293820,false,ג`ל רחצה לגבר אקטיב בלוק קרמה (700 מל),החברה הדרומית לשיווק בעמ,,,יח`,7,"100 מ""ל",false,1,16,2.29,true,1,
7290000293943,false,אנטי קלאק מרסס  ברזים/כיורים,החברה הדרומית לשיווק בעמ,,,יח`,1,1 ליטר,false,1,20.90,20.90,true,1,
7290000294780,false,אקונומיקה ז`אוול סמיכה סנו (4 ליטר),החברה הדרומית לשיווק בעמ,,,יח`,40,"100 מ""ל",false,1,17.90,0.45,false,1,
7290000295121,false,מטלית ריצפה זיגזג סנו סושי) (3,החברה הדרומית לשיווק בעמ,,,יח`,1,,false,1,10.90,10.90,true,1,
7290000295299,false,כרית יפנית לכלים אקטיב סנו סושי) (4,החברה הדרומית לשיווק בעמ,,,יח`,1,,false,1,10.90,10.90,true,1,
7290000295336,false,סנו מקסימה 1.25 קג`,החברה הדרומית לשיווק בעמ,,,יח`,1.25,"ק""ג",false,1,14.90,11.92,true,1,
7290000295343,false,סנו מקסימה 1.25 קג`,החברה הדרומית לשיווק בעמ,,,יח`,1.25,"ק""ג",false,1,14.90,11.92,true,1,
7290000295367,false,א.כביסה סנו מקסימה 2.5 קג`,החברה הדרומית לשיווק בעמ,,,יח`,2.50,"ק""ג",false,1,25.90,10.36,true,1,
7290000295404,false,שקיות אשפה לפח 65x54 סנו סושי) (60,החברה הדרומית לשיווק בעמ,,,יח`,1,,false,1,23.90,23.90,true,1,
7290000295503,false,שקיות סנדביצ`ים סנו סושי) (150x2,החברה הדרומית לשיווק בעמ,,,יח`,1,,false,1,15.90,15.90,false,1,
7290000295541,false,רב מגבת ג`מבו סנו סושי,החברה הדרומית לשיווק בעמ,,,יח`,3.90,100 גרם,false,1,20.90,5.36,true,1,
7290000295558,false,סושי רדיד אלומיניום צמד,החברה הדרומית לשיווק בעמ,,,יח`,1,,false,1,12.90,12.90,true,1,
7290000295565,false,סנו  סושי- רדיד אלומיניום צמד 7.5*45,החברה הדרומית לשיווק בעמ,,,יח`,1,,false,1,18.90,18.90,true,1,
7290000305882,false,קוליאס 120גרם,סטארקיסט דיפלומט היינץ,,,יח`,1.20,100 גרם,false,1,7.10,5.92,false,1,
7290000307800,false,פול קפוא 800  גר`פרי גליל,ויטה -פרי גליל (החדשה) בעמ,,,יח`,8,100 גרם,false,1,10.90,1.36,false,1,
7290000311128,false,עוגיות מובחרות בטעם חמאה מן (300 גרם),רוקחמן בעמ,,,יח`,3,100 גרם,false,1,8.90,2.97,true,1,
7290000311203,false,וופל שוקולד מן (200 גרם),רוקחמן בעמ,,,יח`,2,100 גרם,false,1,5.50,2.75,false,1,
7290000311210,false,וופלים לימון מן (200 גרם),רוקחמן בעמ,,,יח`,2,100 גרם,false,1,5.50,2.75,false,1,
7290000311227,false,וופלים 200  גר`קפה מן,רוקחמן בעמ,,,יח`,2,100 גרם,false,1,5.50,2.75,false,1,
7290000311234,false,וופל 200  גר`וניל מן,רוקחמן בעמ,,,יח`,2,100 גרם,false,1,5.50,2.75,false,1,
7290000311258,false,ופל מן מצופה 250 גר מן,רוקחמן בעמ,,,יח`,2.50,100 גרם,false,1,6.90,2.76,true,1,
7290000311319,false,וופלים מצופים מן (1 קג),רוקחמן בעמ,,,יח`,1,"ק""ג",false,1,26.90,26.90,false,1,
7290000311357,false,וופל אגוזית 10יח*28גר מן,רוקחמן בעמ,,,יח`,2.80,100 גרם,false,1,12.90,4.61,false,1,
7290000311425,false,ופלים מצופים מן (22x10 גרם),רוקחמן בעמ,,,יח`,2,100 גרם,false,1,9.90,4.95,false,1,
7290000311432,false,מן עוגיות גרנולה קינמון ללתס 200 גר`,רוקחמן בעמ,,,יח`,2,100 גרם,false,1,10.90,5.45,false,1,
7290000311470,false,מינימן בטעם שוקולד ללא ת.סוכר,רוקחמן בעמ,,,יח`,2,100 גרם,false,1,10.90,5.45,false,1,
7290000311500,false,וופל שוקולד מן (500 גרם),רוקחמן בעמ,,,יח`,5,100 גרם,false,1,10.90,2.18,false,1,
7290000311517,false,וופלים 500 גר לימון מן,רוקחמן בעמ,,,יח`,5,100 גרם,false,1,10.90,2.18,false,1,
7290000311708,false,עוגיות חיטה מלאה מן (300 גרם),רוקחמן בעמ,,,יח`,3,100 גרם,false,1,8.90,2.97,true,1,
7290000311715,false,עוגיות כוכבים בטעם שוקולד מן (300 גרם),רוקחמן בעמ,,,יח`,3,100 גרם,false,1,8.90,2.97,true,1,
7290000311722,false,עוגיות בטעם וניל 300  גר`מן,רוקחמן בעמ,,,יח`,3,100 גרם,false,1,8.90,2.97,true,1,
7290000311753,false,עוגיות חיטה מלאה בטעם חלווה 250 גרם,רוקחמן בעמ,,,יח`,2.50,100 גרם,false,1,8.90,3.56,true,1,
7290000311876,false,מן ופלים ללתס בטעם וניל,רוקחמן בעמ,,,יח`,1.80,100 גרם,false,1,9.50,5.28,false,1,
7290000311890,false,מן ופלים ללתס בטעם לימון,רוקחמן בעמ,,,יח`,1.80,100 גרם,false,1,9.50,5.28,false,1,
7290000313160,false,חברים זהבה 3 דובים שוקו,קבוצת אסם סחר שות. מוגבלת,,,יח`,2.50,100 גרם,false,1,8.90,3.56,false,1,
7290000313290,false,נודלס אטריות מסולסלות אסם (50x4 גרם),קבוצת אסם סחר שות. מוגבלת,,,יח`,2,100 גרם,false,1,9.90,4.95,false,1,
7290000318127,false,נקניקיות ביס יחיעם (380 גרם),מעדני יחיעם (1993) בעמ,,,יח`,3.80,100 גרם,false,1,11.20,2.95,false,1,
7290000318677,false,סלמי סרוולט יחיעם 150 גר`,מעדני יחיעם (1993) בעמ,,,יח`,1.50,100 גרם,false,1,25.40,16.93,false,1,
7290000318929,false,סלמי צרפתי יחיעם,מעדני יחיעם (1993) בעמ,,,"ק""ג",10,100 גרם,true,1,152,15.20,false,1,
7290000319063,false,כתף בקר מפולפל 150  גר`יחיעם,מעדני יחיעם (1993) בעמ,,,יח`,1.50,100 גרם,false,1,25.40,16.93,false,1,
7290000319520,false,סלמי צרפתי יחיעם (100 גרם),מעדני יחיעם (1993) בעמ,,,יח`,1,100 גרם,false,1,20.30,20.30,false,1,
7290000319803,false,קבנוס קלאסי יחיעם (125 גרם),מעדני יחיעם (1993) בעמ,,,יח`,1.25,100 גרם,false,1,14.20,11.36,false,1,
7290000319834,false,קבנוס פפרוני יחיעם (125 גרם),מעדני יחיעם (1993) בעמ,,,יח`,1.25,100 גרם,false,1,14.20,11.36,false,1,
7290000334325,false,צ`יפס למיקרוגל תפוגן (125x3 גרם),קבוצת אסם סחר שות. מוגבלת,,,יח`,3.80,100 גרם,false,1,14.80,3.89,false,1,
7290000334745,false,אמריקן צ`יפס תפוגן (1.5 קג),קבוצת אסם סחר שות. מוגבלת,,,יח`,1.50,"ק""ג",false,1,25.90,17.27,false,1,
7290000339566,false,מרכך כביסה ורוד בדין (4 ליטר),יוניליוור ישראל שיווק בעמ,,,יח`,4,1 ליטר,false,1,19.90,4.98,false,1,
7290000341071,false,בדין בייבי 2 ליטר,יוניליוור ישראל שיווק בעמ,,,יח`,2,1 ליטר,false,1,23.40,11.70,true,1,
7290000342832,false,מרכך כביסה צהוב בדין (4 ליטר),יוניליוור ישראל שיווק בעמ,,,יח`,4,1 ליטר,false,1,19.90,4.98,false,1,
7290000342856,false,מרכך כביסה כחול בדין (4 ליטר),יוניליוור ישראל שיווק בעמ,,,יח`,4,1 ליטר,false,1,19.90,4.98,false,1,
7290000345048,false,תה 74,תה ויסוצקי (ישראל) בעמ,,,יח`,1.25,100 גרם,false,1,14.40,11.52,false,1,
7290000345208,false,תה מעודן ויסוצקי) (25,תה ויסוצקי (ישראל) בעמ,,,יח`,0.25,100 גרם,false,1,8.10,32.40,false,1,
7290000345260,false,תה קלאסיק ויסוצקי) (25,תה ויסוצקי (ישראל) בעמ,,,יח`,0.3750,100 גרם,false,1,8,21.33,false,1,
7290000346137,false,תה הילולי פירות ויסוצקי הגן הקסום) (25,תה ויסוצקי (ישראל) בעמ,,,יח`,0.6250,100 גרם,false,1,17.90,28.64,true,1,
7290000346199,false,תה פירות היער ויסוצקי הגן הקסום) (25,תה ויסוצקי (ישראל) בעמ,,,יח`,0.6750,100 גרם,false,1,17.90,26.52,true,1,
7290000346205,false,תה קמומיל ויסוצקי הגן הקסום) (25,תה ויסוצקי (ישראל) בעמ,,,יח`,0.3750,100 גרם,false,1,17.90,47.73,true,1,
7290000347738,false,תה ירוק נענע ויסוצקי) (25,תה ויסוצקי (ישראל) בעמ,,,יח`,0.3750,100 גרם,false,1,27.90,74.40,true,1,
7290000347752,false,תה ירוק לימונית ולואיזה ויסוצקי) (25,תה ויסוצקי (ישראל) בעמ,,,יח`,1,,false,1,27.90,27.90,true,1,
7290000363189,false,סרוולד טירת צבי,תנובה קפואים,,,"ק""ג",10,100 גרם,true,1,157,15.70,false,1,
7290000364261,false,סלסולי כתף בקר 120  גר`טירת צבי,תנובה קפואים,,,יח`,1.20,100 גרם,false,1,17.30,14.42,true,1,
7290000364285,false,דקניקים סלסולי הודו טירת צבי (120 גרם),תנובה קפואים,,,יח`,1.20,100 גרם,false,1,17.30,14.42,true,1,
7290000364803,false,נקניקיות קרנץ אמריקאי 500  גר`טירת צבי,תנובה קפואים,,,יח`,5,100 גרם,false,1,30.50,6.10,false,1,
7290000364858,false,נקניקיות עוף טירת צבי (1 קג),תנובה קפואים,,,יח`,1,"ק""ג",false,1,23.90,23.90,true,1,
7290000364872,false,נקניקיות עוף טירת צבי (400 גרם),תנובה קפואים,,,יח`,4,100 גרם,false,1,15.20,3.80,true,1,
7290000367590,false,צמד כפרי 800  גר`טירת צבי,תנובה קפואים,,,יח`,8,100 גרם,false,1,37.70,4.71,true,1,
7290000369341,false,לבנה אבו גוש במשקל,הגבינות של ניצן,,,"ק""ג",10,100 גרם,true,1,51,5.10,false,1,
7290000369365,false,חציל עירוני 200 גר`,הגבינות של ניצן,,,יח`,2,100 גרם,false,1,15.20,7.60,false,1,
7290000369617,false,כדורי גבינת פטה בשמנים ארומתיים,הגבינות של ניצן,,,יח`,2.30,100 גרם,false,1,18.30,7.96,false,1,
7290000369709,false,חמאה 100גר ט.שוניים,הגבינות של ניצן,,,יח`,1,100 גרם,false,1,14.20,14.20,false,1,
7290000377209,false,בוטנים מטוגנים קליית גת (200 גרם),ליימן שליסל בעמ,,,יח`,2,100 גרם,false,1,7.90,3.95,false,1,
7290000377452,false,גרעיני אבטיח 200  גר`גת,ליימן שליסל בעמ,,,יח`,2,100 גרם,false,1,11.90,5.95,false,1,
7290000408316,false,יוגורט ביו 3% דנונה (200 גרם),שטראוס גרופ בעמ/מצונן,,,יח`,2,"100 מ""ל",false,1,3.70,1.85,false,1,
7290000408354,false,דנונה בר פיצפוצים,שטראוס גרופ בעמ/מצונן,,,יח`,1.73,"100 מ""ל",false,1,4.50,2.60,false,1,
7290000412481,false,נוזל לניקוי אסלות 00 סנו (1 ליטר),החברה הדרומית לשיווק בעמ,,,יח`,1,1 ליטר,false,1,8.90,8.90,true,1,
7290000416021,false,ממרח בטעם שוקולד השחר העולה (500 גרם),השחר העולה תעשית ממתקים בעמ,,,יח`,5,100 גרם,false,1,14.90,2.98,true,1,
7290000416045,false,ממרח בטעם שוקולד השחר העולה (1 קג),השחר העולה תעשית ממתקים בעמ,,,יח`,1,"ק""ג",false,1,25.90,25.90,true,1,
7290000416076,false,צימקאו השחר העולה (400 גרם),השחר העולה תעשית ממתקים בעמ,,,יח`,4,100 גרם,false,1,13.50,3.38,true,1,
7290000416618,false,ממרח 400  גר`פרווה השחר,השחר העולה תעשית ממתקים בעמ,,,יח`,4,100 גרם,false,1,12.90,3.23,true,1,
7290000416632,false,ממרח פרווה 1  קג`השחר,השחר העולה תעשית ממתקים בעמ,,,יח`,1,"ק""ג",false,1,25.90,25.90,true,1,
7290000416922,false,ממרח חלב 350  גר`השחר,השחר העולה תעשית ממתקים בעמ,,,יח`,3.50,100 גרם,false,1,12.90,3.69,true,1,
7290000419107,false,קפה שחור קפה לנדוור (100 גרם),ש.שסטוביץ בעמ,,,יח`,1,100 גרם,false,1,8.10,8.10,false,1,
7290000419220,false,קפה שחור קפה לנדוור (100x3 גרם),ש.שסטוביץ בעמ,,,יח`,3,100 גרם,false,1,19.90,6.63,false,1,
7290000419893,false,קפה לנדוור לבוקר 100,ש.שסטוביץ בעמ,,,יח`,1,100 גרם,false,1,8.10,8.10,false,1,
7290000420325,false,פופקורן פופסטאר חמישייה טבעי,דנשר (1963) בעמ,,,יח`,5,100 גרם,false,1,18.50,3.70,true,1,
7290000420332,false,פופקורן פופסטאר חמישייה חמאה,דנשר (1963) בעמ,,,יח`,5,100 גרם,false,1,18.50,3.70,true,1,
7290000432144,false,נרות 72 יח,פאלאס תעשיות נטו (2014) בעמ,,,יח`,72,יח`,false,1,20.90,0.29,false,1,
7290000446547,false,חמאת בוטנים טבעית בי   די (350 גרם),בטר אנד דיפרנט בעמ,,,יח`,3.50,100 גרם,false,1,14.90,4.26,false,1,
7290000449128,false,נוזל לניקוי כללי פנטסטיק סיף (4 ליטר),יוניליוור ישראל שיווק בעמ,,,יח`,4,"ק""ג",false,1,26.50,6.63,true,1,
7290000453019,false,שמרים טריים שמרית (50 גרם),שטראוס גרופ בעמ/מצונן,,,יח`,0.50,100 גרם,false,1,4.90,9.80,false,1,
7290000453408,false,בצק פיצה דק מצונן ומוכן לאפייה 415  גר`ש,שטראוס גרופ בעמ/מצונן,,,יח`,4.15,100 גרם,false,1,17.90,4.31,false,1,
7290000453415,false,בצק עלים מצונן ומוכן לאפייה 300 גר` שימר,שטראוס גרופ בעמ/מצונן,,,יח`,3,100 גרם,false,1,17.90,5.97,false,1,
7290000453422,false,בצק פילו מוכן לאפייה 300 גר` שימרית,שטראוס גרופ בעמ/מצונן,,,יח`,3,100 גרם,false,1,17.90,5.97,false,1,
7290000453866,false,נטורינה קוקוס 200  גר`שמרית,שטראוס גרופ בעמ/מצונן,,,יח`,2,100 גרם,false,1,7.40,3.70,false,1,
7290000461625,false,בייגלה שמונה שמונה 400 גר`,יוניליוור ישראל שיווק בעמ,,,יח`,4,100 גרם,false,1,11.50,2.88,true,1,
7290000461656,false,בייגלה אחד אחד 400 גר`,יוניליוור ישראל שיווק בעמ,,,יח`,4,100 גרם,false,1,11.50,2.88,true,1,
7290000461700,false,גדול גדול 400,יוניליוור ישראל שיווק בעמ,,,יח`,4,100 גרם,false,1,13.90,3.48,true,1,
7290000461724,false,גדול גדול שומשום,יוניליוור ישראל שיווק בעמ,,,יח`,4,100 גרם,false,1,15.20,3.80,true,1,
7290000462103,false,סחוג תימני,שטראוס גרופ בעמ/מצונן,,,יח`,1.50,100 גרם,false,1,8.90,5.93,false,1,
7290000462141,false,סחוג תימני,שטראוס גרופ בעמ/מצונן,,,יח`,1.50,100 גרם,false,1,9.10,6.07,false,1,
7290000462172,false,סחוג זחוק ירוק תימני חריף זהבי (150 גרם),שטראוס גרופ בעמ/מצונן,,,יח`,1.40,100 גרם,false,1,9.10,6.50,false,1,
7290000474373,false,שמנת חמוצה 15% טרה (200 מל),החב` המרכזית - טרה,,,יח`,2,"100 מ""ל",false,1,2.40,1.20,false,1,
7290000474502,false,גבינה לבנה 5% 250  גר`פיקוח,החב` המרכזית - טרה,,,יח`,2.50,100 גרם,false,1,4.98,1.99,false,1,
7290000474540,false,גבינת טוב טעם,החב` המרכזית - טרה,,,יח`,2.50,100 גרם,false,1,11.50,4.60,false,1,
7290000480107,false,שיבולת שועל קוואקר (500 גרם),שטראוס פריטו ליי בעמ,,,יח`,5,100 גרם,false,1,11.90,2.38,false,1,
7290000482033,false,קוקי ענק שקיות צליה 5 יח,ש.שסטוביץ בעמ,,,יח`,1,,false,1,14.20,14.20,true,1,
7290000484747,false,עלית הארק יקב הגליל (700 מל),יקב הגליל שיווק בעמ,,,יח`,7,"100 מ""ל",false,1,59.90,8.51,false,1,
7290000490762,false,מאגדת מצופה דיאט שמינייה,פלקו בעמ,,,יח`,4,100 גרם,false,1,30.90,7.73,false,1,
7290000497044,false,לחם אקטיב ברמן (750 גרם),י.את א. ברמן בעמ,,,יח`,7.50,100 גרם,false,1,15.90,2.12,false,1,
7290000497112,false,לחם אחיד כהה פרוס ברמן (750  גרם)פי,י.את א. ברמן בעמ,,,יח`,7.50,100 גרם,false,1,6.90,0.92,false,1,
7290000497136,false,חלה ארוזה .,י.את א. ברמן בעמ,,,יח`,5,100 גרם,false,1,9.90,1.98,false,1,
7290000497228,false,לחמניות שישייה,י.את א. ברמן בעמ,,,יח`,4.50,100 גרם,false,1,10.90,2.42,false,1,
7290000497273,false,לחמניות אקטיב ברמן,י.את א. ברמן בעמ,,,יח`,4.50,100 גרם,false,1,14.50,3.22,false,1,
7290000497303,false,לחמניות מקמח מלא ברמן) (6,י.את א. ברמן בעמ,,,יח`,5.40,100 גרם,false,1,12.90,2.39,false,1,
7290000497358,false,חלומית חלה מתוקה קלועה ברמן (500 גרם),י.את א. ברמן בעמ,,,יח`,5,100 גרם,false,1,12.90,2.58,false,1,
7290000497488,false,חלה פלוס  ברמן( 500 גרם),י.את א. ברמן בעמ,,,יח`,5,100 גרם,false,1,14.50,2.90,false,1,
7290000498003,false,לחם מקמח מלא 750  גר`E FREE ברמן,י.את א. ברמן בעמ,,,יח`,7.50,100 גרם,false,1,15.90,2.12,true,1,
7290000498034,false,לחם מקמח כוסמין מלא 750  גר`E FREE,י.את א. ברמן בעמ,,,יח`,7.50,100 גרם,false,1,15.90,2.12,false,1,
7290000498393,false,חלה רגילה (500  גרם)פיקוח,י.את א. ברמן בעמ,,,יח`,5,100 גרם,false,1,4.90,0.98,false,1,
7290000504025,false,סוכרזית פטריה) (300,שטראוס גרופ בעמ,,,יח`,2.46,100 גרם,false,1,8.90,3.62,false,1,
7290000504209,false,סוכרזית דיאט טיפ נוזל,שטראוס גרופ בעמ,,,יח`,2.20,"100 מ""ל",false,1,17.90,8.14,false,1,
7290000504278,false,סוכרזית פטנט) (700,שטראוס גרופ בעמ,,,יח`,5.74,100 גרם,false,1,14.90,2.60,false,1,
7290000521008,false,יין אדום יבש של סגל (750 מל),טמפו משקאות בעמ,,,יח`,7.50,"100 מ""ל",false,1,22.90,3.01,true,1,
7290000521015,false,יין לבן יבש של סגל (750 מל),טמפו משקאות בעמ,,,יח`,7.50,"100 מ""ל",false,1,22.90,3.01,true,1,
7290000521022,false,יין לבן חצי יבש של סגל (750 מל),טמפו משקאות בעמ,,,יח`,7.50,"100 מ""ל",false,1,22.90,3.01,true,1,
7290000523514,false,מלח ים יבש מופחת נתרן מלח הארץ (250 גרם),סוגת תעשיות בעמ,,,יח`,2,100 גרם,false,1,10.50,5.25,false,1,
7290000523521,false,מלח הארץ מועשר ביוד 250 גר`,סוגת תעשיות בעמ,,,יח`,2,100 גרם,false,1,5.90,2.95,false,1,
7290000523804,false,מלח עדין מלח הארץ (1 קג),סוגת תעשיות בעמ,,,יח`,1,"ק""ג",false,1,7.20,7.20,false,1,
7290000523811,false,מלח גס מלח הארץ (1 קג),סוגת תעשיות בעמ,,,יח`,1,"ק""ג",false,1,7.50,7.50,false,1,
7290000524191,false,כעכים עוגיות מלוחות/מתוקות,שיבולים יצור ושיווק מוצרי מאפה,,,יח`,3.50,100 גרם,false,1,15.90,4.54,false,1,
7290000525969,false,מיץ תפוזים סחוט טבעי פרימור (1 ליטר),שטראוס גרופ בעמ/מצונן,,,יח`,1,1 ליטר,false,1,16.90,16.90,false,1,
7290000530024,false,נקניק תה זוגלובק,זוגלובק שיווק בעמ,,,"ק""ג",10,100 גרם,true,1,54,5.40,true,1,
7290000530062,false,נקניק איטלקי זוגלובק,זוגלובק שיווק בעמ,,,"ק""ג",10,100 גרם,true,1,86,8.60,false,1,
7290000530086,false,נקניק סלמי מעושן 7000 זוגלובק (600 גרם),זוגלובק שיווק בעמ,,,יח`,8,100 גרם,false,1,37.70,4.71,false,1,
7290000530116,false,נקניק סלמי בשן זוגלובק (470 גרם),זוגלובק שיווק בעמ,,,יח`,7,100 גרם,false,1,29.50,4.21,false,1,
7290000530178,false,קוניאק זוגלובק,זוגלובק שיווק בעמ,,,"ק""ג",10,100 גרם,true,1,89,8.90,false,1,
7290000530192,false,סרבלד זוגלובק,זוגלובק שיווק בעמ,,,"ק""ג",10,100 גרם,true,1,138,13.80,false,1,
7290000530369,false,פסטרמה גולן זוגלובק,זוגלובק שיווק בעמ,,,"ק""ג",10,100 גרם,true,1,88,8.80,true,1,
7290000530413,false,המבורגר זהב,זוגלובק שיווק בעמ,,,יח`,4,100 גרם,false,1,19.90,4.98,false,1,
7290000530444,false,כתף בקר מעושן זוגלובק,זוגלובק שיווק בעמ,,,"ק""ג",10,100 גרם,true,1,118,11.80,true,1,
7290000530468,false,נקניקיות וניר 1  קג`זוגלובק,זוגלובק שיווק בעמ,,,יח`,1,"ק""ג",false,1,31.60,31.60,true,1,
7290000530598,false,נקניקיות וינר זוגלובק (500 גרם),זוגלובק שיווק בעמ,,,יח`,5,100 גרם,false,1,18.30,3.66,true,1,
7290000530703,false,מארז פסטרמה חרמון+תה,זוגלובק שיווק בעמ,,,יח`,8,100 גרם,false,1,35.60,4.45,true,1,
7290000531410,false,פסטרממיה בדבש זוגלובק,זוגלובק שיווק בעמ,,,"ק""ג",10,100 גרם,true,1,88,8.80,true,1,
7290000531601,false,סטייק בורגר,זוגלובק שיווק בעמ,,,יח`,4,100 גרם,false,1,19.90,4.98,false,1,
7290000531977,false,בורקס גבינה זוגלובק (16  יח`- 800 גרם),זוגלובק שיווק בעמ,,,יח`,8,100 גרם,false,1,22.40,2.80,false,1,
7290000532585,false,רוסטביף חצוי זוגלובק,זוגלובק שיווק בעמ,,,"ק""ג",10,100 גרם,true,1,139,13.90,false,1,
7290000533353,false,בצק עלים זוגלובק 1 קג,זוגלובק שיווק בעמ,,,יח`,1,"ק""ג",false,1,22.40,22.40,false,1,
7290000533636,false,פסטרממיה צלויה זוגלובק,זוגלובק שיווק בעמ,,,"ק""ג",10,100 גרם,true,1,88,8.80,true,1,
7290000534718,false,תבור-חזה מעושן זוגלובק 2% שומן,זוגלובק שיווק בעמ,,,"ק""ג",10,100 גרם,true,1,88,8.80,true,1,
7290000536743,false,קריספי סטיקס תירס,זוגלובק שיווק בעמ,,,יח`,5,100 גרם,false,1,21.40,4.28,true,1,
7290000537566,false,נקניקיות עוף זוגלובק (400 גרם),זוגלובק שיווק בעמ,,,יח`,4,100 גרם,false,1,15.20,3.80,true,1,
7290000537610,false,סלמי עממי-תה זוגלובק,זוגלובק שיווק בעמ,,,"ק""ג",10,100 גרם,true,1,55,5.50,false,1,
7290000552118,false,נקניקיות מרגז קפואות טיבון ויל (400 גרם),נטו מלינדה סחר בעמ,,,יח`,4,100 גרם,false,1,23.40,5.85,false,1,
7290000554402,false,מעדן חלב מלבי גד (160 גרם),מחלבות גד שיווק 1992 בעמ,,,יח`,1.60,"100 מ""ל",false,1,5.90,3.69,true,1,
7290000554457,false,גבינה צפתית 5% גד (350 גרם),מחלבות גד שיווק 1992 בעמ,,,יח`,3.50,100 גרם,false,1,21.90,6.26,false,1,
7290000554471,false,גבינה מוצרלה 22% גד (180 גרם),מחלבות גד שיווק 1992 בעמ,,,יח`,1.80,100 גרם,false,1,17.90,9.94,false,1,
7290000554532,false,גבינה צפתית מעודנת 5% גד (200 גרם),מחלבות גד שיווק 1992 בעמ,,,יח`,2,100 גרם,false,1,16.90,8.45,false,1,
7290000554600,false,מוצרלה מגורדת 22% גד (300 גרם),מחלבות גד שיווק 1992 בעמ,,,יח`,3,100 גרם,false,1,27.90,9.30,false,1,
7290000554624,false,ירח מתוק-גד,מחלבות גד שיווק 1992 בעמ,,,יח`,1.50,"100 מ""ל",false,1,5.90,3.93,true,1,
7290000554686,false,לבנה בשמן  זית-גד- מדף,מחלבות גד שיווק 1992 בעמ,,,יח`,2.50,100 גרם,false,1,14.90,5.96,false,1,
7290000554815,false,גבינת מוצרלה נקניק מעדנייה גד,מחלבות גד שיווק 1992 בעמ,,,"ק""ג",10,100 גרם,true,1,83,8.30,false,1,
7290000554822,false,גבינת ריקוטה 5% גד (250 גרם),מחלבות גד שיווק 1992 בעמ,,,יח`,2.50,100 גרם,false,1,15.90,6.36,true,1,
7290000554839,false,גבינת מסקרפונה 40% גד (250 גרם),מחלבות גד שיווק 1992 בעמ,,,יח`,2.50,100 גרם,false,1,22.90,9.16,false,1,
7290000554952,false,צפתית קשה 10% מעדנייה גד,מחלבות גד שיווק 1992 בעמ,,,"ק""ג",10,100 גרם,true,1,76,7.60,false,1,
7290000560533,false,אדג`ג`ל גילוח 200 מל ירוק,דנשר (1963) בעמ,,,יח`,2,100 גרם,false,1,20.70,10.35,false,1,
7290000571119,false,גאודה 30% חריץ מעדניה,מחלבות גד שיווק 1992 בעמ,,,"ק""ג",10,100 גרם,true,1,105,10.50,false,1,
7290000571386,false,יוגורמה בית יצחק,מחלבות גד שיווק 1992 בעמ,,,יח`,8.50,"100 מ""ל",false,1,25.90,3.05,false,1,
7290000572055,false,חלבה ללתס עם סיבים ואגוזים,אחדות בעמ,,,יח`,4,100 גרם,false,1,16.90,4.23,false,1,
7290000572208,false,חלבה וניל אחוה (100 גרם),אחדות בעמ,,,יח`,1,100 גרם,false,1,3.50,3.50,false,1,
7290000572222,false,חלבה וניל אחוה (500 גרם),אחדות בעמ,,,יח`,5,100 גרם,false,1,11.90,2.38,false,1,
7290000572543,false,חלבה שוקו וניל אחוה (400 גרם),אחדות בעמ,,,יח`,4,100 גרם,false,1,12.90,3.23,false,1,
7290000572628,false,חטיפי חלבה ללתס 275  גר`אחוה,אחדות בעמ,,,יח`,2.75,100 גרם,false,1,13.90,5.05,false,1,
7290000572819,false,טחינה גולמית אחוה (1 קג),אחדות בעמ,,,יח`,1,"ק""ג",false,1,21.90,21.90,true,1,
7290000599434,false,מטליות ריצפה שלישייה shiny,מ.א.ייצור ויבוא מטליות בעמ,,,יח`,1,,false,1,8.90,8.90,false,1,
7290000599472,false,כריות יפניות  שישייה- שייני,מ.א.ייצור ויבוא מטליות בעמ,,,יח`,1,,false,1,9.10,9.10,false,1,
7290000599946,false,ספוג הפלא  שישייה- shiny,מ.א.ייצור ויבוא מטליות בעמ,,,יח`,1,,false,1,8.10,8.10,false,1,
7290000644783,false,פילה סלמון תנובה מנות,תנובה קפואים,,,"ק""ג",1,,true,1,89.90,89.90,false,1,
7290000652177,false,נתחי נסיכת הנילוס 100%  דג- תנובה,תנובה קפואים,,,"ק""ג",1,,true,1,59.90,59.90,false,1,
7290000654973,false,גזר ארוז,מפעלי יופי אגשח בעמ*שיק 45 יום,,,"ק""ג",1,,true,1,5.90,5.90,true,1,
7290000662817,false,סלמון מעושן 100  גר`תנובה,תנובה - חלב,,,יח`,1,100 גרם,false,1,19.90,19.90,false,1,
7290000688084,false,מי עדן ספורט 1/2 ליטר,יפאורה,,,יח`,5,"100 מ""ל",false,1,2.50,0.44,false,1,
7290000688381,false,מים מינרלים פקק ספורט מי עדן (500x6 מל),יפאורה,,,יח`,3,1 ליטר,false,1,12.90,3.70,true,1,
7290000688503,false,מי עדן 0.75 ליטר ספורט שישייה,יפאורה,,,יח`,4.50,1 ליטר,false,1,14.90,2.91,false,1,
7290000692210,false,אג`קס ניקוי כללי לוונדר 2 ליטר חדש,ש.שסטוביץ בעמ,,,יח`,2,1 ליטר,false,1,23.90,11.95,false,1,
7290000692227,false,נוזל לניקוי כלים קלאסי פלמוליב (1 ליטר),ש.שסטוביץ בעמ,,,יח`,1,1 ליטר,false,1,15.20,15.20,false,1,
7290000979427,false,עגבניות שרי כתום ארוז,צימן עגבניות,,,יח`,5,100 גרם,false,1,9.90,1.98,false,1,
7290000993461,false,עגבניות שרי צהוב פרמיום ארוז,צימן עגבניות,,,יח`,1,,false,1,9.90,9.90,false,1,
7290000993560,false,עגבניות שרי מנומר ארוז,צימן עגבניות,,,יח`,5,100 גרם,false,1,9.90,1.98,false,1,
7290000995410,false,נבטים סיני,א.אדמה (2007) בעמ,,,יח`,1,,false,1,7.90,7.90,false,1,
7290001041147,false,חומוס גדול מיה (1 קג),מיה תעשיות מזון מ.ת.מ. בעמ,,,יח`,1,"ק""ג",false,1,12.90,12.90,true,1,
7290001041161,false,שעועית לבנה מיה (1 קג),מיה תעשיות מזון מ.ת.מ. בעמ,,,יח`,1,"ק""ג",false,1,20.30,20.30,true,1,
7290001041185,false,פופקורן 1 קג`,מיה תעשיות מזון מ.ת.מ. בעמ,,,יח`,1,"ק""ג",false,1,12.90,12.90,false,1,
7290001041192,false,עדשים אדומות מיה (1 קג),מיה תעשיות מזון מ.ת.מ. בעמ,,,יח`,1,"ק""ג",false,1,12.90,12.90,true,1,
7290001041208,false,עדשים ירוקות מיה (1 קג),מיה תעשיות מזון מ.ת.מ. בעמ,,,יח`,1,"ק""ג",false,1,13.20,13.20,true,1,
7290001041260,false,שומשום מיה (400 גרם),מיה תעשיות מזון מ.ת.מ. בעמ,,,יח`,4,100 גרם,false,1,13.20,3.30,false,1,
7290001045633,false,משקה קל לימונענע 400 מל פרימור,שטראוס גרופ בעמ/מצונן,,,יח`,4,"100 מ""ל",false,1,7.90,1.90,false,1,
7290001045688,false,מיץ תפוזים סחוט 400 מל פרימור,שטראוס גרופ בעמ/מצונן,,,יח`,4,"100 מ""ל",false,1,7.90,1.90,false,1,
7290001121054,false,צמד חמד 700 גר` יחיעם,מעדני יחיעם (1993) בעמ,,,יח`,7,100 גרם,false,1,26.90,3.84,true,1,
7290001123775,false,שווארמה פרגיות 500  גר`טיבון ויל,נטו מלינדה סחר בעמ,,,יח`,5,100 גרם,false,1,30.50,6.10,true,1,
7290001123782,false,שווארמה אמיתית הודו טיבון ויל (500 גרם),נטו מלינדה סחר בעמ,,,יח`,5,100 גרם,false,1,30.50,6.10,true,1,
7290001136294,false,נקה 7 שמפו 750 מל,החברה הדרומית לשיווק בעמ,,,יח`,7.50,"100 מ""ל",false,1,11.90,1.59,true,1,
7290001136683,false,נקה 7 מרכך 750 מל ירוק,החברה הדרומית לשיווק בעמ,,,יח`,7.50,"100 מ""ל",false,1,11.90,1.59,true,1,
7290001201510,false,ביצים ארוזות M מ. לסר) (30 פיקוח,מ לסר בעמ - חברה לשיווק ביצים,,,יח`,1,,false,1,27.87,27.87,false,1,
7290001201589,false,ביצים ארוזות L מ. לסר) (12 פיקוח,מ לסר בעמ - חברה לשיווק ביצים,,,יח`,1,,false,1,12.05,12.05,false,1,
7290001201596,false,ביצים 12 יחידות M פיקוח,מ לסר בעמ - חברה לשיווק ביצים,,,יח`,1,,false,1,11.15,11.15,false,1,
7290001201602,false,ביצים 18  יח`L פיקוח,מ לסר בעמ - חברה לשיווק ביצים,,,יח`,1,,false,1,18.07,18.07,false,1,
7290001216057,false,טחינה אל ארז 1 קג,סוגת תעשיות בעמ,,,יח`,1,"ק""ג",false,1,32.90,32.90,false,1,
7290001216231,false,טחינה משומשום מלא אל ארז (500 גרם),סוגת תעשיות בעמ,,,יח`,5,100 גרם,false,1,18.90,3.78,false,1,
7290001245699,false,אקונומיקה סמיכה 4 ליטר טאצ`,סאסאטק אגשח בעמ,,,יח`,40,"100 מ""ל",false,1,12.90,0.32,false,1,
7290001245705,false,אקונומיקה מבושמת 4 ליטר טאצ`,סאסאטק אגשח בעמ,,,יח`,4,1 ליטר,false,1,10.90,2.73,false,1,
7290001245729,false,ג`ל כביסה ירוק 3 ליטר טאצ`,סאסאטק אגשח בעמ,,,יח`,3,1 ליטר,false,1,18.90,6.30,false,1,
7290001245798,false,נוזל כלים לימון 1.6 ליטר טאצ,סאסאטק אגשח בעמ,,,יח`,16,"100 מ""ל",false,1,10.90,0.68,false,1,
7290001245828,false,נוזל כלים קלאסי 1.6 ליטר טאצ,סאסאטק אגשח בעמ,,,יח`,16,"100 מ""ל",false,1,10.90,0.68,false,1,
7290001245835,false,נוזל רצפות אורנים 4 ליטר טאצ,סאסאטק אגשח בעמ,,,יח`,4,1 ליטר,false,1,14.90,3.73,false,1,
7290001246054,false,פותח סתימות 1 ליטר טאצ,סאסאטק אגשח בעמ,,,יח`,10,"100 מ""ל",false,1,13.90,1.39,false,1,
7290001246061,false,מרכך מרוכז פרימיום  פנטזי( 1  ליטר)טאצ`,סאסאטק אגשח בעמ,,,יח`,1,1 ליטר,false,1,11.90,11.90,false,1,
7290001246078,false,מרכך מרוכך פרפיום  סנשואל( 1  ליטר)טאצ`,סאסאטק אגשח בעמ,,,יח`,1,1 ליטר,false,1,11.90,11.90,false,1,
7290001246085,false,נוזל לניקוי חלונות 1 ליטר טאצ,סאסאטק אגשח בעמ,,,יח`,10,"100 מ""ל",false,1,6.90,0.69,false,1,
7290001246269,false,תרסיס מטהר אוויר לבנדר 300 מל טא`צ,סאסאטק אגשח בעמ,,,יח`,3,"100 מ""ל",false,1,5.90,1.97,false,1,
7290001246351,false,נוזל רצפות לבנדר 4 ליטר טאצ,סאסאטק אגשח בעמ,,,יח`,4,1 ליטר,false,1,14.90,3.73,false,1,
7290001246474,false,תרסיס ניקוי שטיחים 600 מל טא`צ,סאסאטק אגשח בעמ,,,יח`,6,"100 מ""ל",false,1,15.90,2.65,false,1,
7290001246542,false,תרסיס מבריק רהיטים 400 מל טאצ,סאסאטק אגשח בעמ,,,יח`,4,"100 מ""ל",false,1,15.90,3.98,false,1,
7290001246757,false,נוזל רצפות 2 ליטר מלון בוטיק טאצ,סאסאטק אגשח בעמ,,,יח`,2,1 ליטר,false,1,18.90,9.45,false,1,
7290001247068,false,נקטר תות בננה ספרינג (1 ליטר),יפאורה,,,יח`,1,1 ליטר,false,1,7.30,7.30,false,1,
7290001247082,false,נקטר עגבניות  ספרינג( 1  ליטר),יפאורה,,,יח`,1,1 ליטר,false,1,7.30,7.30,false,1,
7290001247099,false,נקטר מנגו ספרינג (1 ליטר),יפאורה,,,יח`,1,1 ליטר,false,1,7.30,7.30,false,1,
7290001247105,false,נקטר אפרסקים ספרינג (1 ליטר),יפאורה,,,יח`,1,1 ליטר,false,1,7.30,7.30,false,1,
7290001247112,false,נקטר לימונענע  ספרינג( 1 ליטר),יפאורה,,,יח`,1,1 ליטר,false,1,7.30,7.30,false,1,
7290001247129,false,נקטר תפוזים ספרינג (1 ליטר),יפאורה,,,יח`,1,1 ליטר,false,1,7.30,7.30,false,1,
7290001247143,false,נקטר תפוחים ספרינג (1 ליטר),יפאורה,,,יח`,1,1 ליטר,false,1,7.30,7.30,false,1,
7290001265642,false,מזון חתולים רטוב לה קט (400x3 גרם),דיפלומט היינץ,,,יח`,1.20,"ק""ג",false,1,19.90,16.58,false,1,
7290001274934,false,מאגדת קרחונים דיאט שמינייה,פלקו בעמ,,,יח`,6.40,100 גרם,false,1,25.90,4.05,false,1,
7290001274941,false,מאגדת קרחונים דיאט שמינייה,פלקו בעמ,,,יח`,6.40,100 גרם,false,1,25.90,4.05,false,1,
7290001327180,false,שטראוס קרמיסימו,גלידות שטראוס בעמ,,,יח`,1.33,1 ליטר,false,1,19.90,14.96,false,1,
7290001327791,false,שטראוס קרמיסימו,גלידות שטראוס בעמ,,,יח`,1.33,1 ליטר,false,1,19.90,14.96,false,1,
7290001407547,false,טחינה בארכה שומשום מלא פי 6 סידן,קבוצת אסם סחר שות. מוגבלת,,,יח`,5,100 גרם,false,1,14.20,2.84,false,1,
7290001407813,false,חלבה בארכה שאמית+פיסטוק 350 גר`,קבוצת אסם סחר שות. מוגבלת,,,יח`,3.50,100 גרם,false,1,16.30,4.66,false,1,
7290001427347,false,מיץ תפוחים חמצמץ סמיט 1 ליטר,תנובה - פריניב,,,יח`,0.01,"100 מ""ל",false,1,20.90,2060,false,1,
7290001436790,false,מרגז מיני אקסטרה 500  גר`8 יח,בלדי בעמ,,,יח`,5,100 גרם,false,1,28.90,5.78,false,1,
7290001462010,false,אריסה מרוקאית תבליני ביטון יוחאי.,נטו מלינדה סחר בעמ,,,יח`,2.50,100 גרם,false,1,15.20,6.08,true,1,
7290001482094,false,וילי פוד פרמז`נו 200 גר`,ג.וילי-פוד אינטרנשיונל **גבינו,,,יח`,2,100 גרם,false,1,17.90,8.95,false,1,
7290001482384,false,אננס חתוך ג 227ר,ג.וילי-פוד אינטרנשיונל בעמ,,,יח`,2.27,100 גרם,false,1,4.90,2.16,false,1,
7290001485019,false,גבינת שמנת 200  גר`9%,החב` המרכזית - טרה,,,יח`,2,100 גרם,false,1,11.90,5.95,false,1,
7290001567708,false,נקניקיות וינר 400 גרם,מעדני יחיעם (1993) בעמ,,,יח`,4,100 גרם,false,1,14.20,3.55,false,1,
7290001567814,false,סלמי מעושן בסגנון איטלקי 300 גרם,מעדני יחיעם (1993) בעמ,,,יח`,3,100 גרם,false,1,22.40,7.47,true,1,
7290001591703,false,קבב אנגוס עגול 500 גר`,נטו מלינדה סחר בעמ,,,יח`,5,100 גרם,false,1,23.90,4.78,false,1,
7290001594179,false,פאנטה  אורנג`500 מל,החברה המרכזית להפצת משקאות בעמ,,,יח`,5,"100 מ""ל",false,1,6.90,1.32,false,1,
7290001594568,false,בירה בפחית קרלסברג (500 מל),החברה המרכזית להפצת משקאות בעמ,,,יח`,5,"100 מ""ל",false,1,9.90,1.92,false,1,
7290001594865,false,בירה קרלסברג (330x6 מל),החברה המרכזית להפצת משקאות בעמ,,,יח`,1.98,1 ליטר,false,1,36.90,17.73,true,1,
7290001670071,false,כפות לבן 100  יח`הנמל,הנמל אריזות ושיווק (1984) בעמ,,,יח`,1,,false,1,11.90,11.90,true,1,
7290001670255,false,כוסות קרטון 8B 50 יח` הנמל,הנמל אריזות ושיווק (1984) בעמ,,,יח`,1,,false,1,10.90,10.90,true,1,
7290001670354,false,מפת שולחן סופגת במיוחד הנמל,הנמל אריזות ושיווק (1984) בעמ,,,יח`,1,,false,1,11.20,11.20,false,1,
7290001670873,false,צלחות 1  קג`הנמל,הנמל אריזות ושיווק (1984) בעמ,,,יח`,1,,false,1,39.90,39.90,false,1,
7290001690147,false,טעם טוב גבינה מותכת למריחה 6%,נטו מלינדה סחר בעמ,,,יח`,1.20,100 גרם,false,1,12.50,10.42,true,1,
7290001723364,false,מוצץ סיל ידית-זוג,אינטרסן 1996 בעמ,,,יח`,1,,false,1,25.90,25.90,false,1,
7290001791349,false,אקונומיקה פיסגה ריחנית סנו (4 ליטר),החברה הדרומית לשיווק בעמ,,,יח`,4,1 ליטר,false,1,12.90,3.23,true,1,
7290001817728,false,צ יטוס כאפה 55 גר,שטראוס פריטו ליי בעמ,,,יח`,0.55,100 גרם,false,1,3.90,7.09,true,1,
7290001917527,false,פדיות קוסמטיות,דנשר (1963) בעמ,,,יח`,1,,false,1,19.60,19.60,false,1,
7290001946121,false,פפריקה מתוקה 400 גר,דין שיווק וקליה 2021 בעמ,,,יח`,4,100 גרם,false,1,20.90,5.23,true,1,
7290001973233,false,מגבונים קמיל בלו מילוי+דיספנסר 120 יח,פישר תעשיות פרמצבטיות בעמ,,,יח`,120,יח`,false,1,11.90,0.10,false,1,
7290001990148,false,סוכר גולדן קלאסי סוגת (1 קג),סוגת תעשיות בעמ,,,יח`,1,"ק""ג",false,1,14.90,14.90,false,1,
7290002007357,false,דליקטס שקיות צלייה קטן הנמל) (10,הנמל אריזות ושיווק (1984) בעמ,,,יח`,1,,false,1,6.40,6.40,false,1,
7290002007487,false,צמר פלדה הנמל,הנמל אריזות ושיווק (1984) בעמ,,,יח`,1,,false,1,4.30,4.30,false,1,
7290002007890,false,כוסות 100  יח`200 PP הנמל,הנמל אריזות ושיווק (1984) בעמ,,,יח`,100,יח`,false,1,9.90,0.10,false,1,
7290002007975,false,צלחות קטן 50  יח`הנמל,הנמל אריזות ושיווק (1984) בעמ,,,יח`,50,יח`,false,1,10.90,0.22,true,1,
7290002007982,false,מזלגות לבן 100  יח`הנמל,הנמל אריזות ושיווק (1984) בעמ,,,יח`,100,יח`,false,1,11.90,0.12,true,1,
7290002007999,false,צלחות גדול 50  יח`הנמל,הנמל אריזות ושיווק (1984) בעמ,,,יח`,1,,false,1,15.90,15.90,true,1,
7290002008156,false,עטרות נייר הנמל,הנמל אריזות ושיווק (1984) בעמ,,,יח`,1,,false,1,8.40,8.40,false,1,
7290002008170,false,מנג`טים מספר 3 הנמל) (130,הנמל אריזות ושיווק (1984) בעמ,,,יח`,1,,false,1,7.40,7.40,false,1,
7290002008989,false,קישקשים 225  יח`הנמל,הנמל אריזות ושיווק (1984) בעמ,,,יח`,1,,false,1,8.90,8.90,false,1,
7290002019114,false,רוטב עגבניות מרוכז 28 580  גר`פריניר,אבאל יזמות בעמ,,,יח`,5.80,100 גרם,false,1,8.50,1.47,true,1,
7290002019763,false,עגבניות מרוסקות 800  גר`פריניר,אבאל יזמות בעמ,,,יח`,8,100 גרם,false,1,7.90,0.99,true,1,
7290002019787,false,רוטב עגבניות מרוכז עגבניות 22% 260  גר`פ,אבאל יזמות בעמ,,,יח`,2.60,100 גרם,false,1,3.90,1.50,true,1,
7290002019794,false,רוטב עגבניות מרוכז 22% 100  גר`פריניר,אבאל יזמות בעמ,,,יח`,1,100 גרם,false,1,1.90,1.90,true,1,
7290002037163,false,לחם אחיד פרוס ודש ברמן (750 גרם),י.את א. ברמן בעמ,,,יח`,7.50,100 גרם,false,1,6.90,0.92,false,1,
7290002037309,false,לחמניות המבורגר מאפיית ודש 8),י.את א. ברמן בעמ,,,יח`,4,100 גרם,false,1,12.50,3.13,false,1,
7290002037637,false,לחמניות הבית מתוקות מאפיית ודש) (4,י.את א. ברמן בעמ,,,יח`,4,100 גרם,false,1,11.90,2.98,false,1,
7290002040019,false,קוסקוס רגיל מזון קוסקוס (350 גרם),הנמל אריזות ושיווק (1984) בעמ,,,יח`,3.50,100 גרם,false,1,6.90,1.97,false,1,
7290002040064,false,קוסקוס דק מזון קוסקוס (350 גרם),הנמל אריזות ושיווק (1984) בעמ,,,יח`,3.50,100 גרם,false,1,6.90,1.97,false,1,
7290002040071,false,קוסקוס עבה מזון קוסקוס (350 גרם),הנמל אריזות ושיווק (1984) בעמ,,,יח`,3.50,100 גרם,false,1,6.90,1.97,false,1,
7290002040095,false,קוסקוס מארז שלושיהשקיות 3*350גר,הנמל אריזות ושיווק (1984) בעמ,,,יח`,1,,false,1,14.90,14.90,false,1,
7290002043782,false,ציפס אורז חום מלא טקסס בקביקין 60 גר` אק,א.ל.ייצור ושיווק תבלינים בעמ,,,יח`,0.60,100 גרם,false,1,7.50,12.50,true,1,
7290002065555,false,לחמניות אנג`ל) (6,שלמה א. אנג`ל בעמ,,,יח`,4.50,100 גרם,false,1,10.90,2.42,false,1,
7290002075035,false,אובלטים מלוחים דקיקים ברט (500 גרם),שוקוטרייד בעמ,,,יח`,5,100 גרם,false,1,19.30,3.86,false,1,
7290002105503,false,המבורגר טחון 500  גר`מחפוד,עוף ירושלים שיווק בעמ,,,יח`,5,100 גרם,false,1,18.90,3.78,false,1,
7290002105527,false,גולש בקר 800  גר`מחפוד,עוף ירושלים שיווק בעמ,,,יח`,8,100 גרם,false,1,49.90,6.24,false,1,
7290002105541,false,סטייק בקר 800  גר`מחפוד,עוף ירושלים שיווק בעמ,,,יח`,8,100 גרם,false,1,49.90,6.24,false,1,
7290002105565,false,טחון הודו 500 מחפוד,עוף ירושלים שיווק בעמ,,,יח`,5,100 גרם,false,1,12.90,2.58,false,1,
7290002105671,false,טחון עוף מחפוד 500 גר`,עוף ירושלים שיווק בעמ,,,יח`,5,100 גרם,false,1,12.90,2.58,false,1,
7290002105749,false,טחון בקר 1 קג מחפוד קפוא,עוף ירושלים שיווק בעמ,,,יח`,1,"ק""ג",false,1,44.90,44.90,false,1,
7290002105756,false,טחון בקר 1 קג מחפוד,עוף ירושלים שיווק בעמ,,,יח`,1,"ק""ג",false,1,39.90,39.90,false,1,
7290002107491,false,גבינה עיזים 5% למריחה 250 גר`,החב` המרכזית - טרה,,,יח`,2.50,100 גרם,false,1,16.70,6.68,true,1,
7290002107798,false,בולגרית בקר 5% בגביע 250 גר`,החב` המרכזית - טרה,,,יח`,2.50,100 גרם,false,1,24.10,9.64,false,1,
7290002107965,false,טבורוג 5% 500גר צוריאל,החב` המרכזית - טרה,,,יח`,5,100 גרם,false,1,26.20,5.24,false,1,
7290002109372,false,בורקס פילו אצבעות בולגרית 700 גר`,נטו מלינדה סחר בעמ,,,יח`,7,100 גרם,false,1,20.90,2.99,true,1,
7290002128311,false,נר נשמה בכוס זכוכית שבועי מנורה שי נר,אבאל יזמות בעמ,,,יח`,1,,false,1,10.90,10.90,true,1,
7290002128410,false,נרות שבת שבת אורה  מס`6,אבאל יזמות בעמ,,,יח`,1,,false,1,3.50,3.50,false,1,
7290002128946,false,נר נשמה בכוס ל48 שעות מנורה שי נר,אבאל יזמות בעמ,,,יח`,1,,false,1,5.50,5.50,true,1,
7290002130567,false,דבש טהור מפרחי בר יד מרדכי (350 גרם),שטראוס גרופ בעמ,,,יח`,3.50,100 גרם,false,1,17.30,4.94,false,1,
7290002130574,false,דבש דבורים טהור 500גר,שטראוס גרופ בעמ,,,יח`,5,100 גרם,false,1,25.90,5.18,false,1,
7290002130581,false,דבש טהור מפרחי בר יד מרדכי (1 קג),שטראוס גרופ בעמ,,,יח`,1,"ק""ג",false,1,45.90,45.90,false,1,
7290002132011,false,עוגיות מזרחיות עם שומשום עבאדי (400 גר),תה ויסוצקי (ישראל) בעמ,,,יח`,4,100 גרם,false,1,18.50,4.63,true,1,
7290002157960,false,טונה ויליגר רביעייה 140 גר במי מלח,נטו מלינדה סחר בעמ,,,יח`,1.40,100 גרם,false,1,21.90,15.64,false,1,
7290002190141,false,ריבת חלב 450  גר`גלעם קומידה,תומר יבוא ושיווק מוצרי מזון (1,,,יח`,4.50,100 גרם,false,1,13.90,3.09,false,1,
7290002195054,false,המבורגר קפוא בלדי (400 גרם),בלדי בעמ,,,יח`,4,100 גרם,false,1,12.90,3.23,false,1,
7290002195085,false,קבב מזרחי קפוא בלדי (400 גרם),בלדי בעמ,,,יח`,4,100 גרם,false,1,12.90,3.23,false,1,
7290002195092,false,קבב רומני קפוא בלדי (400 גרם),בלדי בעמ,,,יח`,4,100 גרם,false,1,12.90,3.23,false,1,
7290002198109,false,צלעות אסאדו מעושנות מעדנייה,זוגלובק שיווק בעמ,,,"ק""ג",10,100 גרם,true,1,138,13.80,false,1,
7290002239215,false,אפונה וגזר 800  גר`פרי גליל,ויטה -פרי גליל (החדשה) בעמ,,,יח`,8,100 גרם,false,1,10.90,1.36,false,1,
7290002239277,false,גזר גמדי 800  גר`פרי גליל,ויטה -פרי גליל (החדשה) בעמ,,,יח`,8,100 גרם,false,1,10.90,1.36,false,1,
7290002239420,false,תירס גרעינים 800 גר`פרי גליל,ויטה -פרי גליל (החדשה) בעמ,,,יח`,8,100 גרם,false,1,10.90,1.36,false,1,
7290002253006,false,שום כתוש דורות (200 גרם),קבוצת אסם סחר שות. מוגבלת,,,יח`,2,100 גרם,false,1,16.90,8.45,false,1,
7290002253105,false,קוביות שום כתוש דורות (80 גרם),קבוצת אסם סחר שות. מוגבלת,,,יח`,0.80,100 גרם,false,1,15.20,19,false,1,
7290002253150,false,בזיליקום קצוץ דורות (70 גרם),קבוצת אסם סחר שות. מוגבלת,,,יח`,0.70,100 גרם,false,1,12.20,17.43,false,1,
7290002253181,false,כוסברה קצוצה דורות (70 גרם),קבוצת אסם סחר שות. מוגבלת,,,יח`,0.70,100 גרם,false,1,12.20,17.43,false,1,
7290002259664,false,רדיד אלומיניום 0.86,גורי ע.ע.ע בעמ,,,יח`,1,,false,1,56.90,56.90,false,1,
7290002263562,false,מיץ לימון  משומר( 200  מל)תבליני מימון,א.ל.ייצור ושיווק תבלינים בעמ,,,יח`,2,"100 מ""ל",false,1,7.90,3.95,false,1,
7290002281405,false,סלט סלמון) (2*160 מעושן ויליגר,נטו מלינדה סחר בעמ,,,יח`,3.20,100 גרם,false,1,10.90,3.41,false,1,
7290002281498,false,ריץ` מגורדת 500 גר על בסיס חלב,נטו מלינדה סחר בעמ,,,יח`,5,100 גרם,false,1,25.90,5.18,true,1,
7290002291046,false,בלדי המבורגר מסעדות קצבייה,בלדי בעמ,,,יח`,4.80,100 גרם,false,1,25.50,5.31,false,1,
7290002317081,false,זית חרוזית A2 מוטולה,אבאל יזמות בעמ,,,יח`,5.60,100 גרם,false,1,10.90,1.95,true,1,
7290002317128,false,מלפפון במלח 10-12 מוטולה,אבאל יזמות בעמ,,,יח`,5.60,100 גרם,false,1,10.90,1.95,true,1,
7290002317166,false,מלפפון בחומץ 10-12 מוטולה,אבאל יזמות בעמ,,,יח`,5.60,100 גרם,false,1,10.90,1.95,true,1,
7290002317173,false,מלפפונים בחומץ 13-17 מוטולה,אבאל יזמות בעמ,,,יח`,5.60,100 גרם,false,1,10.90,1.95,true,1,
7290002317265,false,מלפפון במלח 7-9 מוטולה,אבאל יזמות בעמ,,,יח`,5.60,100 גרם,false,1,8.90,1.59,true,1,
7290002317289,false,חצילים A2 מוטולה,אבאל יזמות בעמ,,,יח`,5.60,100 גרם,false,1,9.90,1.77,true,1,
7290002317296,false,פלפל שיפקה A2 מוטולה,אבאל יזמות בעמ,,,יח`,5.40,100 גרם,false,1,9.90,1.83,true,1,
7290002317326,false,זיתים מנזלינו 12-15 מוטולה,אבאל יזמות בעמ,,,יח`,5.60,100 גרם,false,1,9.90,1.77,true,1,
7290002317357,false,פלפל שיפקה חריף צנצנת זכוכית מוטולה,אבאל יזמות בעמ,,,יח`,5.50,100 גרם,false,1,9.90,1.80,true,1,
7290002317371,false,חרוזית מושחר A2 מוטולה,אבאל יזמות בעמ,,,יח`,5.60,100 גרם,false,1,10.90,1.95,true,1,
7290002317579,false,טבעות זיתים ירוק מוטולה,אבאל יזמות בעמ,,,יח`,5.60,100 גרם,false,1,10.90,1.95,true,1,
7290002317609,false,כרוב כבוש מוטולה,אבאל יזמות בעמ,,,יח`,5.60,100 גרם,false,1,9.90,1.77,true,1,
7290002317678,false,חרוזית ירוק צנצנת זכוכית מוטולה,אבאל יזמות בעמ,,,יח`,5.60,100 גרם,false,1,10.90,1.95,true,1,
7290002317852,false,מלפפון ביתי בצנצנת מוטולה (900גר`),אבאל יזמות בעמ,,,יח`,9,100 גרם,false,1,30.90,3.43,true,1,
7290002319016,false,אבקת אפיה מיה (10x10 גרם),מיה תעשיות מזון מ.ת.מ. בעמ,,,יח`,1,100 גרם,false,1,3.30,3.30,true,1,
7290002319023,false,סוכר ווניל עשירייה,מיה תעשיות מזון מ.ת.מ. בעמ,,,יח`,1,100 גרם,false,1,2.90,2.90,true,1,
7290002319054,false,פרג טחון 100 גר`,מיה תעשיות מזון מ.ת.מ. בעמ,,,יח`,1,100 גרם,false,1,7.10,7.10,false,1,
7290002319061,false,קוקוס טחון מיה (100 גרם),מיה תעשיות מזון מ.ת.מ. בעמ,,,יח`,1,100 גרם,false,1,4,4,false,1,
7290002319078,false,שומשום 100 גר`,מיה תעשיות מזון מ.ת.מ. בעמ,,,יח`,1,100 גרם,false,1,4,4,false,1,
7290002319375,false,קורנפלור 200 גר`,מיה תעשיות מזון מ.ת.מ. בעמ,,,יח`,2,100 גרם,false,1,5.10,2.55,false,1,
7290002319610,false,שקדים טחונים 100 גר`,מיה תעשיות מזון מ.ת.מ. בעמ,,,יח`,1,100 גרם,false,1,12.50,12.50,false,1,
7290002319771,false,תמצית אפיה בטעם וניל מיה (50 מל),מיה תעשיות מזון מ.ת.מ. בעמ,,,יח`,0.50,"100 מ""ל",false,1,4,8,false,1,
7290002319788,false,תמצית אפיה בטעם רום כשלפ בדצ העדח,מיה תעשיות מזון מ.ת.מ. בעמ,,,יח`,0.60,"100 מ""ל",false,1,4,6.67,false,1,
7290002319795,false,תמצית אפיה שקדים 50 מל מיה,מיה תעשיות מזון מ.ת.מ. בעמ,,,יח`,0.50,"100 מ""ל",false,1,4.90,9.80,false,1,
7290002319825,false,אבקת סוכר 100 גר`,מיה תעשיות מזון מ.ת.מ. בעמ,,,יח`,1,100 גרם,false,1,2.70,2.70,true,1,
7290002327028,false,ג`חנון 650  גר`שלושת האופים,נטו מלינדה סחר בעמ,,,יח`,6.50,100 גרם,false,1,16.90,2.60,true,1,
7290002327042,false,בורקס תפוא שלושת האופים,נטו מלינדה סחר בעמ,,,יח`,8,100 גרם,false,1,18.90,2.36,true,1,
7290002327073,false,בורקס גבינה שלושת האופים,נטו מלינדה סחר בעמ,,,יח`,8,100 גרם,false,1,20.90,2.61,true,1,
7290002329602,false,עוגת שוקולד עוג`לה 350 גר`,בני פאוזי שמשום (2009) בעמ,,,יח`,3.50,100 גרם,false,1,7.90,2.26,true,1,
7290002329626,false,עוגת שיש עוג`לה 350 גר`,בני פאוזי שמשום (2009) בעמ,,,יח`,3.50,100 גרם,false,1,7.90,2.26,true,1,
7290002329961,false,עוגת שוקוצ`ינו עוג`לה 350 גר`,בני פאוזי שמשום (2009) בעמ,,,יח`,3.50,100 גרם,false,1,7.90,2.26,true,1,
7290002331025,false,נביעות 500 תו-גוווו,החברה המרכזית להפצת משקאות בעמ,,,יח`,5,"100 מ""ל",false,1,3.40,0.62,false,1,
7290002331360,false,נביעות שישיה 0.500 טו גוווווו,החברה המרכזית להפצת משקאות בעמ,,,יח`,3,1 ליטר,false,1,17,5.07,true,1,
7290002331490,false,מים מינרלים נביעות (1 ליטר),החברה המרכזית להפצת משקאות בעמ,,,יח`,1,1 ליטר,false,1,3.30,3.30,true,1,
7290002345015,false,דק דק סינטה אל גאוצו,נטו מלינדה סחר בעמ,,,יח`,2.50,100 גרם,false,1,25.40,10.16,true,1,
7290002345022,false,דק דק אנטריקוט אל גאוצו,נטו מלינדה סחר בעמ,,,יח`,2.50,100 גרם,false,1,25.40,10.16,true,1,
7290002345077,false,דק דק שניצל בקר 250  גר`טיבון ויל אל גא,נטו מלינדה סחר בעמ,,,יח`,2.50,100 גרם,false,1,15.90,6.36,false,1,
7290002345121,false,אסאדו דק דק אל גאוצו,נטו מלינדה סחר בעמ,,,יח`,2.50,100 גרם,false,1,25.90,10.36,true,1,
7290002371496,false,פרוסות שווארמה קצבים 120  גר`טירת צבי,תנובה קפואים,,,יח`,1.20,100 גרם,false,1,30.50,25.42,false,1,
7290002371533,false,סלסולי פסטרמה בדבש טירת צבי (120 גרם),תנובה קפואים,,,יח`,1.20,100 גרם,false,1,17.30,14.42,true,1,
7290002371748,false,צלעות אסאדו 120  גר`טירת צבי,תנובה קפואים,,,יח`,1.20,100 גרם,false,1,30.50,25.42,false,1,
7290002371854,false,נקניקיות עוף חריפות 1  קג`טירת צבי,תנובה קפואים,,,יח`,1,1 ליטר,false,1,34.60,34.60,true,1,
7290002374312,false,שמן קנולה מזוכך 6% מילומור (1 ליטר),סוגת תעשיות בעמ,,,יח`,1,1 ליטר,false,1,11.90,11.90,false,1,
7290002374640,false,שמן קנולה פלוס אומגה 3 עץ הזית (1 ליטר),סוגת תעשיות בעמ,,,יח`,1,1 ליטר,false,1,17.90,17.90,false,1,
7290002402060,false,נקנקיות קראנץ קפוא 1 קג מחפוד,עוף ירושלים שיווק בעמ,,,יח`,1,100 גרם,false,1,18.90,18.90,false,1,
7290002407034,false,זית סורי  ירוק( 800  גר`)גהשאן סורי,אבאל יזמות בעמ,,,יח`,8,100 גרם,false,1,22.90,2.86,true,1,
7290002407102,false,זית סנטה מבוקע ענק ג`השאן (800 גרם),אבאל יזמות בעמ,,,יח`,8,100 גרם,false,1,22.90,2.86,true,1,
7290002407348,false,שמן זית ג`השאן כתית מעולה 750 מל`,אבאל יזמות בעמ,,,יח`,7.50,"100 מ""ל",false,1,35.90,4.79,true,1,
7290002407645,false,שמן זית כתית  מעולה( 750  מל)ארץ הגליל,אבאל יזמות בעמ,,,יח`,7.50,"100 מ""ל",false,1,30.90,4.12,true,1,
7290002507451,false,קציצות דג סלומון 750 גר,נטו מלינדה סחר בעמ,,,יח`,7.50,100 גרם,false,1,32.60,4.35,true,1,
7290002507604,false,פיצת השף-שגב מאיטליה 320 גר,נטו מלינדה סחר בעמ,,,יח`,3.20,100 גרם,false,1,16.90,5.28,true,1,
7290002512004,false,מלווח צנעני (900 גרם),צנעני מוצרי בצק בעמ,,,יח`,9,100 גרם,false,1,19.90,2.21,false,1,
7290002512011,false,ג`חנון צנעני (900 גרם),צנעני מוצרי בצק בעמ,,,יח`,9,100 גרם,false,1,19.90,2.21,false,1,
7290002512035,false,בצק עלים צנעני (1 קג),צנעני מוצרי בצק בעמ,,,יח`,1,"ק""ג",false,1,17.90,17.90,true,1,
7290002512257,false,מלווח מופחת שומן,צנעני מוצרי בצק בעמ,,,יח`,7,100 גרם,false,1,17.90,2.56,true,1,
7290002512264,false,ג`חנון מופחת שומן צנעני,צנעני מוצרי בצק בעמ,,,יח`,7,100 גרם,false,1,17.90,2.56,true,1,
7290002515364,false,קמיל בלו אל  סבון+ מילוי,פישר תעשיות פרמצבטיות בעמ,,,יח`,5,"100 מ""ל",false,1,18.50,3.70,false,1,
7290002517276,false,פלפל אנגלי שלם 25 גר`,תבליני טעם וריח בעמ,,,יח`,0.25,100 גרם,false,1,9.90,39.60,false,1,
7290002517603,false,בזיליקום 10 גר`,תבליני טעם וריח בעמ,,,יח`,0.10,100 גרם,false,1,6.90,69,false,1,
7290002517733,false,קצח 40 גר`,תבליני טעם וריח בעמ,,,יח`,0.40,100 גרם,false,1,6.90,17.25,false,1,
7290002542506,false,בירה קורונה 355 מל,תימקו בירה בעמ,,,יח`,3.55,"100 מ""ל",false,1,9.90,2.70,false,1,
7290002542780,false,בירה סטלה ארטואה 330 מל בקבוק שישייה,תימקו בירה בעמ,,,יח`,1.98,1 ליטר,false,1,36.90,17.73,true,1,
7290002542810,false,בירה הוגרדן 330 מל בקבוק,תימקו בירה בעמ,,,יח`,3.30,"100 מ""ל",false,1,12.90,3.82,false,1,
7290002543046,false,קלוגס פרוסטיס 750 גר`,דיפלומט היינץ,,,יח`,7.50,100 גרם,false,1,22.90,3.05,false,1,
7290002543237,false,קורנפלקס קלוגס (750 גרם),דיפלומט היינץ,,,יח`,7.50,100 גרם,false,1,14.90,1.99,false,1,
7290002603634,false,פיצה תפזורת משולש 80  גר`בעלז,נטו מלינדה סחר בעמ,,,יח`,0.80,100 גרם,false,1,3.90,4.88,true,1,
7290002627210,false,גפילטע פיש מדגי קרפיון וכסיף בעלז 560 ג,נטו מלינדה סחר בעמ,,,יח`,5.60,100 גרם,false,1,10.90,1.95,false,1,
7290002661153,false,לחם דני קל פרוס ברמן (1 קג),י.את א. ברמן בעמ,,,יח`,10,100 גרם,false,1,15.90,1.59,false,1,
7290002692393,false,שמן קנולה מזוכך מועשר עץ הזית (1 ליטר),סוגת תעשיות בעמ,,,יח`,1,1 ליטר,false,1,16.90,16.90,true,1,
7290002692768,false,תרסיס שמן קנולה מזוכך ללא תוספת גז 200 מ,סוגת תעשיות בעמ,,,יח`,2,"100 מ""ל",false,1,21.90,10.95,true,1,
7290002692782,false,תרסיס שמן זית כתית מעולה ללא תוספת גז 15,סוגת תעשיות בעמ,,,יח`,1.50,"100 מ""ל",false,1,21.90,14.60,false,1,
7290002730521,false,מקלוני צמר גפן בלונס) (200,ש.שסטוביץ בעמ,,,יח`,1,100 גרם,false,1,7.50,7.50,false,1,
7290002730811,false,משחת שיניים ג`ל קולגייט (100 מל),ש.שסטוביץ בעמ,,,יח`,1.38,100 גרם,false,1,13.90,10.07,false,1,
7290002735007,false,בצק עלים1 קג יינון,קפוא-זן תעשיות מזון בעמ - תפוג,,,יח`,1000,"ק""ג",false,1,14.90,0.01,false,1,
7290002735014,false,מלווח ארוז יינון 800 גר`,קפוא-זן תעשיות מזון בעמ - תפוג,,,יח`,8,100 גרם,false,1,14.90,1.86,false,1,
7290002735021,false,ג`חנון ארוז 750  גר`יינון,קפוא-זן תעשיות מזון בעמ - תפוג,,,יח`,7.50,100 גרם,false,1,14.90,1.99,false,1,
7290002752332,false,מנטוס גליל פירות,ליימן שליסל בעמ,,,יח`,0.3750,100 גרם,false,1,4,10.67,false,1,
7290002752349,false,מנטוס גליל טעם מנטה (37.5 גרם),ליימן שליסל בעמ,,,יח`,0.3750,100 גרם,false,1,4,10.67,false,1,
7290002752493,false,סוכריות מנטה טיק טק (16x4 גרם),פרימיום-חברה לדברי מתיקה ולמסח,,,יח`,2.50,100 גרם,false,1,12.20,4.88,false,1,
7290002757146,false,קובה למרק חמוסטה 1 קג,נטו מלינדה סחר בעמ,,,יח`,1,"ק""ג",false,1,20.90,20.90,true,1,
7290002757511,false,קציצות דג לבישול דלידג (750 גרם),נטו מלינדה סחר בעמ,,,יח`,7.50,100 גרם,false,1,30.50,4.07,true,1,
7290002768043,false,מי פה תיאדנט (150 מל),החברה הדרומית לשיווק בעמ,,,יח`,1.50,"100 מ""ל",false,1,15.90,10.60,false,1,
7290002782131,false,דאודורנט מס 1,פנינה רוזנבלום בעמ,,,יח`,1.50,"100 מ""ל",false,1,25.90,17.27,false,1,
7290002782759,false,קרם גוף מספר 2 פנינה רוזנבלום (340 מל),פנינה רוזנבלום בעמ,,,יח`,4,"100 מ""ל",false,1,23.90,5.98,false,1,
7290002805151,false,סיף פנטסטיק שמפו רצפות 4 ליטר,יוניליוור ישראל שיווק בעמ,,,יח`,4,1 ליטר,false,1,21.40,5.35,true,1,
7290002814603,false,מסיר שומנים מבושם בניחוח לימון 750 מל,קומפלקס כימיקלים בעמ,,,יח`,7.50,"100 מ""ל",false,1,13.90,1.85,true,1,
7290002814870,false,מסיר שומנים קר מבושם 750 מל בניחוח פרחים,קומפלקס כימיקלים בעמ,,,יח`,7.50,"100 מ""ל",false,1,13.90,1.85,true,1,
7290002824183,false,קרם גבינה 5% סקי (500 גרם),שטראוס גרופ בעמ/מצונן,,,יח`,5,100 גרם,false,1,9.50,1.90,false,1,
7290002824466,false,יוגורט ביו 0% דנונה (200 גרם),שטראוס גרופ בעמ/מצונן,,,יח`,2,"100 מ""ל",false,1,3.70,1.85,false,1,
7290002824640,false,קרם גבינה 5% סקי (250 גרם),שטראוס גרופ בעמ/מצונן,,,יח`,2.50,100 גרם,false,1,4.97,1.99,false,1,
7290002825722,false,כרוב אדום במיונז אחלה (500 גרם),שטראוס גרופ בעמ/מצונן,,,יח`,5.75,100 גרם,false,1,15.60,2.71,true,1,
7290002827306,false,מחפוד נקניקיות עוף 400 גר`,עוף ירושלים שיווק בעמ,,,יח`,4,100 גרם,false,1,10.10,2.53,false,1,
7290002827320,false,מחפוד נקניקיות עוף מרגז 400 גר`.,עוף ירושלים שיווק בעמ,,,יח`,4,100 גרם,false,1,19.90,4.98,false,1,
7290002827337,false,מחפוד נקניקיות עוף פיקנטי 400 גר`,עוף ירושלים שיווק בעמ,,,יח`,4,100 גרם,false,1,10.10,2.53,false,1,
7290002842002,false,פתיתי שיבולת שועל 500  גר`מורנפלייק,ליימן שליסל בעמ,,,יח`,5,100 גרם,false,1,10.90,2.18,false,1,
7290002868996,false,קוטג`5% מועשר 250 גר`,החב` המרכזית - טרה,,,יח`,2.50,100 גרם,false,1,5.60,2.24,false,1,
7290002871248,false,בירה טובורג רד (500 מל),החברה המרכזית להפצת משקאות בעמ,,,יח`,5,"100 מ""ל",false,1,8.10,1.38,false,1,
7290002871361,false,בירה קרלסברג (500 מל),החברה המרכזית להפצת משקאות בעמ,,,יח`,5,"100 מ""ל",false,1,8.10,1.38,false,1,
7290002900313,false,פסטרמה ספרדית טירת צבי,תנובה קפואים,,,"ק""ג",10,100 גרם,true,1,89,8.90,true,1,
7290002929642,false,נתחי טונה בהירה בשמן ויליגר (140x4 גרם),נטו מלינדה סחר בעמ,,,יח`,4.60,100 גרם,false,1,21.90,4.76,false,1,
7290002971986,false,קמח שיפון ללא צורך בניפוי שטיבל,אבאל יזמות בעמ,,,יח`,1,"ק""ג",false,1,9.50,9.50,true,1,
7290002971993,false,קמח כוסמין מלא ללא צורך בניפוי 1 קג שטיב,אבאל יזמות בעמ,,,יח`,10,100 גרם,false,1,14.90,1.49,false,1,
7290002972006,false,קמח בהיר) (405ללא צורך  בניפוי( 1  קג),אבאל יזמות בעמ,,,יח`,1,"ק""ג",false,1,9.50,9.50,true,1,
7290002972365,false,קמח תופח ללא צורך בניפוי 1 קג שטיבל,אבאל יזמות בעמ,,,יח`,1,"ק""ג",false,1,8.90,8.90,true,1,
7290002972426,false,קמח  מלא% 80 ללא צורך בניפוי 1 קג,אבאל יזמות בעמ,,,יח`,1,"ק""ג",false,1,9.50,9.50,true,1,
7290002973669,false,קמח שטיבל 2,אבאל יזמות בעמ,,,יח`,1,"ק""ג",false,1,9.50,9.50,true,1,
7290002973812,false,קמח כוסמין  (80% 1  קג)ללא צורך בניפוי ש,אבאל יזמות בעמ,,,יח`,10,100 גרם,false,1,14.90,1.49,false,1,
7290002973829,false,קמח כוסמין  לבן( 1  קג) ללא צורך ניפוי ש,אבאל יזמות בעמ,,,יח`,10,100 גרם,false,1,14.90,1.49,false,1,
7290002974116,false,קמח כפרי 1 קג שטיבל,אבאל יזמות בעמ,,,יח`,1,"ק""ג",false,1,9.50,9.50,true,1,
7290002974222,false,קמח עוגיות ללא צורך בניפוי 1 קג שטיבל,אבאל יזמות בעמ,,,יח`,1,"ק""ג",false,1,9.50,9.50,true,1,
7290002974239,false,קמח עוגות 1 קג שטיבל,אבאל יזמות בעמ,,,יח`,1,"ק""ג",false,1,9.50,9.50,true,1,
7290002974314,false,קמח פיצה 1 קג שטיבל,אבאל יזמות בעמ,,,יח`,1,"ק""ג",false,1,11.50,11.50,true,1,
7290002987963,false,חומוס אחלה 1 קג,שטראוס גרופ בעמ/מצונן,,,יח`,100,100 גרם,false,1,14.50,0.15,false,1,
7290003009183,false,סירופ דיאט 750 מל בטעם תפוחים פריגת,החברה המרכזית להפצת משקאות בעמ,,,יח`,7.50,"100 מ""ל",false,1,23.90,3.19,false,1,
7290003011087,false,אורז בסמטי 1  קג`שקית כחולה דין שיווק,דין שיווק וקליה 2021 בעמ,,,יח`,1,"ק""ג",false,1,12.20,12.20,true,1,
7290003015627,false,ריצפז פרש 2 ליטר אפרסק,החברה הדרומית לשיווק בעמ,,,יח`,2,1 ליטר,false,1,20.90,10.45,true,1,
7290003015641,false,ריצפז פרש 2 ליטר יסמין,החברה הדרומית לשיווק בעמ,,,יח`,2,1 ליטר,false,1,20.90,10.45,true,1,
7290003026036,false,קמיל בלו סנסטיב אל סבון,פישר תעשיות פרמצבטיות בעמ,,,יח`,1,1 ליטר,false,1,34.90,34.90,true,1,
7290003026319,false,קמיל משחה לתינוק,פישר תעשיות פרמצבטיות בעמ,,,יח`,1,100 גרם,false,1,22.40,22.40,true,1,
7290003029181,false,שוקו 2% בבקבוק יטבתה (1 ליטר),שטראוס גרופ בעמ/מצונן,,,יח`,1,1 ליטר,false,1,11.90,11.90,false,1,
7290003029372,false,משקה חלב בטעם בננה 2% יטבתה (1 ליטר,שטראוס גרופ בעמ/מצונן,,,יח`,1,1 ליטר,false,1,11.90,11.90,false,1,
7290003029389,false,שוקו בננה בקבוק,שטראוס גרופ בעמ/מצונן,,,יח`,2.50,"100 מ""ל",false,1,5.50,2.20,false,1,
7290003029433,false,שוקו 2% עם פקק ספורט יטבתה (250 מל),שטראוס גרופ בעמ/מצונן,,,יח`,2.50,"100 מ""ל",false,1,5.60,2.24,false,1,
7290003029532,false,משקה מוקה 2% יטבתה (1 ליטר),שטראוס גרופ בעמ/מצונן,,,יח`,1,1 ליטר,false,1,11.90,11.90,false,1,
7290003029792,false,שוקו 2% יטבתה (225x8 מל),שטראוס גרופ בעמ/מצונן,,,יח`,1.80,1 ליטר,false,1,19.90,11.06,false,1,
7290003029815,false,חלב מועשר 3% בכד יטבתה 2 ליטר,שטראוס גרופ בעמ/מצונן,,,יח`,20,"100 מ""ל",false,1,15.20,0.76,false,1,
7290003029907,false,משקה חלב אייס קפה 2% יטבתה (1 ליטר,שטראוס גרופ בעמ/מצונן,,,יח`,1,1 ליטר,false,1,11.90,11.90,false,1,
7290003054657,false,חרדל דיז`ון ריין דה דיז`ון (370 גרם),דיפלומט היינץ,,,יח`,3.70,100 גרם,false,1,13.20,3.57,false,1,
7290003091782,false,אווזית עגל טרי חלק מו,אדום אדום - תנובה בקר,,,"ק""ג",1,"ק""ג",true,1,79.90,79.90,true,1,
7290003102419,false,כפפות ניילון 100  יח`בקופסא,אינטרסן 1996 בעמ,,,יח`,1,,false,1,6.50,6.50,true,1,
7290003102976,false,צימרוני אוזניים טוליפס) (200,אינטרסן 1996 בעמ,,,יח`,200,100 גרם,false,1,4.90,0.02,true,1,
7290003107216,false,קמח לבן בהיר 1 קג דגן מוביל,טחנות קמח דגן (2006) בעמ,,,יח`,10,100 גרם,false,1,6.60,0.66,false,1,
7290003107223,false,סולת 1 קג דגן מוביל,טחנות קמח דגן (2006) בעמ,,,יח`,1,"ק""ג",false,1,6.30,6.30,false,1,
7290003107315,false,סולת בשקית טחנת קמח דגן (1 קג),טחנות קמח דגן (2006) בעמ,,,יח`,1,"ק""ג",false,1,4.40,4.40,false,1,
7290003126712,false,יוגורט עיזים 3.9% משק צוריאל (150 גרם),החב` המרכזית - טרה,,,יח`,1.50,"100 מ""ל",false,1,6.70,4.47,false,1,
7290003126958,false,טופו משק צוריאל (300 גרם),החב` המרכזית - טרה,,,יח`,3,100 גרם,false,1,12.70,4.23,true,1,
7290003141159,false,חטיפי מרשמלו יוגטה (180 גרם),ליימן שליסל בעמ,,,יח`,1.80,100 גרם,false,1,9.90,5.50,false,1,
7290003143139,false,סילאן קליית גת (900 גרם),ליימן שליסל בעמ,,,יח`,9,100 גרם,false,1,16.30,1.81,true,1,
7290003143146,false,ממרח תמרים קליית גת (450 גרם),ליימן שליסל בעמ,,,יח`,4.50,100 גרם,false,1,7.10,1.58,false,1,
7290003143337,false,סילאן טבעי קליית גת (350 גרם),ליימן שליסל בעמ,,,יח`,3.50,100 גרם,false,1,18.30,5.23,false,1,
7290003144310,false,תערובת אגוזים וחמוציות150 גר`,ליימן שליסל בעמ,,,יח`,1.50,100 גרם,false,1,16.90,11.27,true,1,
7290003144419,false,סילאן טבעי קליית גת (710 גרם),ליימן שליסל בעמ,,,יח`,7.10,100 גרם,false,1,19.90,2.80,false,1,
7290003145751,false,אגוזי קשיו קלויים קליית גת (200 גרם),ליימן שליסל בעמ,,,יח`,2,100 גרם,false,1,15.90,7.95,true,1,
7290003145959,false,פקאן טבעי 150 גר,ליימן שליסל בעמ,,,יח`,1.50,100 גרם,false,1,20.90,13.93,false,1,
7290003163939,false,נקניקיות גריל 1.5 קג,לאטי עזרא בעמ,,,יח`,1.50,"ק""ג",false,1,25.90,17.27,false,1,
7290003185726,false,קבב מזרחי 500  גר`טיבונוויל,נטו מלינדה סחר בעמ,,,יח`,5,100 גרם,false,1,21.40,4.28,true,1,
7290003224128,false,כיסוני תפוא 800  גר`קפוא מאמא מרי,מאמא - מרי בעמ,,,יח`,8,100 גרם,false,1,17.90,2.24,false,1,
7290003224159,false,בלינצ`ס במילוי בשר 400  גר`מאמא מרי,מאמא - מרי בעמ,,,יח`,4,100 גרם,false,1,18.90,4.73,false,1,
7290003224456,false,כיסונים בשר סיבירסקי 1  קג`מאמא מרי,מאמא - מרי בעמ,,,יח`,1,"ק""ג",false,1,28.90,28.90,true,1,
7290003224487,false,כיסונים בשר 1  קג`מאמא מרי,מאמא - מרי בעמ,,,יח`,1,"ק""ג",false,1,28.90,28.90,false,1,
7290003224579,false,כיסונים במילוי בשר 1.5  קג`XXL מאמא מרי,מאמא - מרי בעמ,,,יח`,1.50,"ק""ג",false,1,40.90,27.27,false,1,
7290003229109,false,פסטרמה הודו בפפריקה טירת צבי (400 גרם),תנובה קפואים,,,יח`,4,100 גרם,false,1,34.60,8.65,true,1,
7290003229123,false,פסטרמה גחלים 400  גר`טירת צבי,תנובה קפואים,,,יח`,4,100 גרם,false,1,34.60,8.65,true,1,
7290003229147,false,סלמי בסגנון איטלקי טירת צבי (300 גרם),תנובה קפואים,,,יח`,3,100 גרם,false,1,31.60,10.53,true,1,
7290003229192,false,כתף בקר מעושן 400  גר`טירת צבי,תנובה קפואים,,,יח`,4,100 גרם,false,1,37.70,9.43,true,1,
7290003287253,false,מרגז ארוז 500 גר קצבייה,בלדי בעמ,,,יח`,5,100 גרם,false,1,28.90,5.78,false,1,
7290003287291,false,קבב טלה וצנובר ארוז 600 גר קצביה,בלדי בעמ,,,יח`,6,100 גרם,false,1,28.90,4.82,false,1,
7290003321155,false,דנונה פרי בר פקאן,שטראוס גרופ בעמ/מצונן,,,יח`,1.75,"100 מ""ל",false,1,4.50,2.57,false,1,
7290003332007,false,קפה שחור עם הל נח`לה אדום (250 גרם),סובחי נחלה ובניו בעמ,,,יח`,2.50,100 גרם,false,1,15.20,6.08,false,1,
7290003332014,false,קפה שחור עם הל נח`לה אדום (500 גרם),סובחי נחלה ובניו בעמ,,,יח`,5,100 גרם,false,1,28.50,5.70,false,1,
7290003387410,false,פדים להסרת איפור בלונס) (80x3,ש.שסטוביץ בעמ,,,יח`,1,יח`,false,1,21.90,21.90,false,1,
7290003401369,false,נטורל פורמולה קרם לחות קלאסי,החברה הדרומית לשיווק בעמ,,,יח`,4,"100 מ""ל",false,1,23.40,5.85,true,1,
7290003401420,false,נטורל פורמולה קרם לחות,החברה הדרומית לשיווק בעמ,,,יח`,4,"100 מ""ל",false,1,23.40,5.85,true,1,
7290003411054,false,דליקטס שקיות צלייה גדול 5  יח`הנמל,הנמל אריזות ושיווק (1984) בעמ,,,יח`,0,100 גרם,false,1,5,5,false,1,
7290003411566,false,צמרוני עץ 200  יח`הנמל,הנמל אריזות ושיווק (1984) בעמ,,,יח`,1,,false,1,3.20,3.20,false,1,
7290003411689,false,ליפתן לבן 25  יח`הנמל,הנמל אריזות ושיווק (1984) בעמ,,,יח`,1,,false,1,4.90,4.90,true,1,
7290003411696,false,מרקיות לבן 25  יח`הנמל,הנמל אריזות ושיווק (1984) בעמ,,,יח`,25,יח`,false,1,9.90,0.40,true,1,
7290003411849,false,גרנולה תמרים 400 גר הנמל,הנמל אריזות ושיווק (1984) בעמ,,,יח`,4,100 גרם,false,1,11.30,2.83,false,1,
7290003411993,false,גפרורים,הנמל אריזות ושיווק (1984) בעמ,,,יח`,1,,false,1,3,3,false,1,
7290003438020,false,אוליביה ממרח עגבניות מיובשות (190 גרם),תה ויסוצקי (ישראל) בעמ,,,יח`,1.90,100 גרם,false,1,14.90,7.84,false,1,
7290003438709,false,אוליביה ממרח זיתים שחורים (190 גרם),תה ויסוצקי (ישראל) בעמ,,,יח`,1.90,100 גרם,false,1,14.90,7.84,false,1,
7290003514007,false,שקדי מרק מנה (400 גרם),ש.שסטוביץ בעמ,,,יח`,4,100 גרם,false,1,11.20,2.80,false,1,
7290003514571,false,פריכונים אורז עם מלח מנה (100 גרם),ש.שסטוביץ בעמ,,,יח`,1,100 גרם,false,1,6.90,6.90,false,1,
7290003521081,false,סרקל שמפו 1 ליטר,פישר תעשיות פרמצבטיות בעמ,,,יח`,1,1 ליטר,false,1,31.90,31.90,false,1,
7290003521166,false,סרקל קרם רוזמרין 325 מל,פישר תעשיות פרמצבטיות בעמ,,,יח`,3.25,100 גרם,false,1,29.50,9.08,false,1,
7290003550753,false,נתחי טונה בהירה בשמן פוסידון (108x4 גרם),נטו מלינדה סחר בעמ,,,יח`,4.32,100 גרם,false,1,22.90,5.30,false,1,
7290003570171,false,מינוט שניצל 300 גר`,בלדי בעמ,,,יח`,3,100 גרם,false,1,23.90,7.97,false,1,
7290003570928,false,קבב בלדי ארוז 500  גר`קצביה,בלדי בעמ,,,יח`,5,100 גרם,false,1,28.90,5.78,false,1,
7290003578061,false,לבבות דקל שלמים וילי פוד (400 גרם),ג.וילי-פוד אינטרנשיונל בעמ,,,יח`,4,100 גרם,false,1,13.90,3.48,false,1,
7290003578078,false,קוקטייל פירות 850 גר`,ג.וילי-פוד אינטרנשיונל בעמ,,,יח`,8.50,100 גרם,false,1,10.90,1.28,false,1,
7290003578412,false,חצאי אפרסקים בסירופ קל תפארת (820 גרם),ג.וילי-פוד אינטרנשיונל בעמ,,,יח`,8.20,100 גרם,false,1,10.90,1.33,false,1,
7290003598311,false,דק דק אנטריקוט 300  גר`קפוא פרוס מינוט,בלדי בעמ,,,יח`,3,100 גרם,false,1,34.90,11.63,true,1,
7290003643004,false,אורז בסמטי קלאסי סוגת (1 קג),סוגת תעשיות בעמ,,,יח`,1,"ק""ג",false,1,14.90,14.90,true,1,
7290003643387,false,סוכר לבן בצנצנת סוגת (1 קג),סוגת תעשיות בעמ,,,יח`,1,"ק""ג",false,1,8.90,8.90,false,1,
7290003643646,false,סוכר דמררה סוגת 1 קג,סוגת תעשיות בעמ,,,יח`,10,100 גרם,false,1,12.90,1.29,false,1,
7290003643684,false,אפונה סוגת (500 גרם),סוגת תעשיות בעמ,,,יח`,5,100 גרם,false,1,7.50,1.50,true,1,
7290003643707,false,גריסים סוגת (500 גרם),סוגת תעשיות בעמ,,,יח`,5,100 גרם,false,1,6.50,1.30,true,1,
7290003643714,false,חומוס סוגת (500 גרם),סוגת תעשיות בעמ,,,יח`,5,100 גרם,false,1,8.90,1.78,true,1,
7290003643738,false,חיטה סוגת (500 גרם),סוגת תעשיות בעמ,,,יח`,5,100 גרם,false,1,6.50,1.30,true,1,
7290003643745,false,כוסמת סוגת (500 גרם),סוגת תעשיות בעמ,,,יח`,5,100 גרם,false,1,8.90,1.78,true,1,
7290003643752,false,עדשים ירוקות סוגת (500 גרם),סוגת תעשיות בעמ,,,יח`,5,100 גרם,false,1,8.90,1.78,true,1,
7290003643769,false,עדשים אדומות סוגת (500 גרם),סוגת תעשיות בעמ,,,יח`,5,100 גרם,false,1,8.90,1.78,true,1,
7290003643776,false,פופקורן סוגת (500 גרם),סוגת תעשיות בעמ,,,יח`,5,100 גרם,false,1,7.50,1.50,true,1,
7290003643806,false,שעועית לבנה יבשה סוגת (500 גרם),סוגת תעשיות בעמ,,,יח`,5,100 גרם,false,1,13.90,2.78,true,1,
7290003643813,false,שעועית אדומה סוגת (500 גרם),סוגת תעשיות בעמ,,,יח`,5,100 גרם,false,1,11.50,2.30,true,1,
7290003643820,false,חומוס ענק סוגת (500 גרם),סוגת תעשיות בעמ,,,יח`,5,100 גרם,false,1,13.90,2.78,true,1,
7290003681211,false,צנובר 80 גר,מיה תעשיות מזון מ.ת.מ. בעמ,,,יח`,0.80,100 גרם,false,1,24.50,30.63,false,1,
7290003681334,false,קוקוס מיה (400 גרם),מיה תעשיות מזון מ.ת.מ. בעמ,,,יח`,4,100 גרם,false,1,13.20,3.30,false,1,
7290003681365,false,קישוט לעוגה 70  גר`צבעוני,מיה תעשיות מזון מ.ת.מ. בעמ,,,יח`,2,100 גרם,false,1,7.10,3.55,false,1,
7290003681792,false,סוכריות טופי פירות מיה (850 גרם),מיה תעשיות מזון מ.ת.מ. בעמ,,,יח`,8.50,100 גרם,false,1,17.30,2.04,false,1,
7290003726592,false,טופו ויילר 300 גר` בטע,שטראוס גרופ בעמ/מצונן,,,יח`,3,100 גרם,false,1,12.50,4.17,true,1,
7290003726615,false,טופו ויילר 300 גר`,שטראוס גרופ בעמ/מצונן,,,יח`,3,100 גרם,false,1,12.50,4.17,true,1,
7290003726684,false,טופו ויילר 300  גר`טבעי חומוס,שטראוס גרופ בעמ/מצונן,,,יח`,3,100 גרם,false,1,14.90,4.97,true,1,
7290003726868,false,טופו חומוס בתוספת עגבניות מיובשות 300 גר,שטראוס גרופ בעמ/מצונן,,,יח`,3,100 גרם,false,1,13.90,4.63,true,1,
7290003726875,false,טופו חומוס בתוספת פסטו 300 גר,שטראוס גרופ בעמ/מצונן,,,יח`,3,100 גרם,false,1,13.90,4.63,true,1,
7290003744428,false,אובלטים מלוחים דקדקים קימל ברט (300 גרם),שוקוטרייד בעמ,,,יח`,3,100 גרם,false,1,13.20,4.40,false,1,
7290003744831,false,אובלטים 300  גר`עם בצל,שוקוטרייד בעמ,,,יח`,3,100 גרם,false,1,13.20,4.40,false,1,
7290003744848,false,אובלטים 300  גר`עם גריל,שוקוטרייד בעמ,,,יח`,3,100 גרם,false,1,13.20,4.40,false,1,
7290003744855,false,אובלטים 300  גר`עם שומשום,שוקוטרייד בעמ,,,יח`,3,100 גרם,false,1,13.20,4.40,false,1,
7290003744862,false,אובלטים מלוחים דקיקים זעתר ברט (300 גרם),שוקוטרייד בעמ,,,יח`,3,100 גרם,false,1,13.20,4.40,false,1,
7290003781065,false,קורנישונים כבושום בחומץ 680  גר`וילי פוד,ג.וילי-פוד אינטרנשיונל בעמ,,,יח`,6.90,100 גרם,false,1,10.90,1.58,false,1,
7290003781652,false,צלפים 350 גר`,ג.וילי-פוד אינטרנשיונל בעמ,,,יח`,3.50,100 גרם,false,1,9.50,2.71,false,1,
7290003781850,false,קשקבל פרוסות 200 גר,ג.וילי-פוד אינטרנשיונל **גבינו,,,יח`,2,100 גרם,false,1,20.90,10.45,false,1,
7290003804252,false,תיבוליות הודי קנור (8  יח`- 72 גרם),יוניליוור ישראל שיווק בעמ,,,יח`,0.80,100 גרם,false,1,10.90,13.63,true,1,
7290003804368,false,תיבוליות בזיליקום קנור (8  יח`- 72 גרם),יוניליוור ישראל שיווק בעמ,,,יח`,0.72,100 גרם,false,1,10.90,15.14,true,1,
7290003804382,false,תיבוליות פטריות קנור (8  יח`- 72 גרם),יוניליוור ישראל שיווק בעמ,,,יח`,0.72,100 גרם,false,1,10.90,15.14,true,1,
7290003805501,false,פתית בסגנון שוודי תלמה (300 גרם),יוניליוור ישראל שיווק בעמ,,,יח`,3,100 גרם,false,1,19.30,6.43,true,1,
7290003807178,false,רוטב סויה סגנון סיני קנור (300 מל),יוניליוור ישראל שיווק בעמ,,,יח`,3,"100 מ""ל",false,1,13.90,4.63,true,1,
7290003807482,false,רוטב טריאקי קנור (300 מל),יוניליוור ישראל שיווק בעמ,,,יח`,3,"100 מ""ל",false,1,13.90,4.63,true,1,
7290003832231,false,נקניקיות עוף,ברקאי למהדרין בעמ,,,יח`,5,100 גרם,false,1,15.60,3.12,false,1,
7290003864478,false,סרדינים בשמן צמחי וילי פוד (110 גרם),ג.וילי-פוד אינטרנשיונל בעמ,,,יח`,1.10,100 גרם,false,1,6.10,5.55,true,1,
7290003864485,false,סרדינים ברוטב עגבניות וילי פוד (110 גרם),ג.וילי-פוד אינטרנשיונל בעמ,,,יח`,1.10,100 גרם,false,1,6.10,5.55,true,1,
7290003864492,false,סרדין בשמן צמחי 110 גר`,ג.וילי-פוד אינטרנשיונל בעמ,,,יח`,1.10,100 גרם,false,1,6.10,5.55,true,1,
7290003882922,false,עלי גפן ממולאים באורז 400 גר`.,ג.וילי-פוד אינטרנשיונל בעמ,,,יח`,4,100 גרם,false,1,9.90,2.48,false,1,
7290003903771,false,קפוצ ינו פחית 200 גר`,שטראוס גרופ בעמ,,,יח`,2,100 גרם,false,1,24.90,12.45,false,1,
7290003962013,false,סחוג אדום 200 גר`,מטעמי אביטלי,,,יח`,2,100 גרם,false,1,12.90,6.45,false,1,
7290003962020,false,עריסה תוניסאית 200 גר`,מטעמי אביטלי,,,יח`,2,100 גרם,false,1,12.90,6.45,false,1,
7290003962037,false,שום כתוש 200 גר`.,מטעמי אביטלי,,,יח`,2,100 גרם,false,1,12.90,6.45,false,1,
7290003962075,false,שום כתוש 1 קג,מטעמי אביטלי,,,יח`,1,,false,1,30.90,30.90,false,1,
7290003962099,false,פלפל צומה 200 גר`,מטעמי אביטלי,,,יח`,1,,false,1,12.90,12.90,false,1,
7290003962112,false,שום כתוש 400 גר`,מטעמי אביטלי,,,יח`,4,100 גרם,false,1,17.90,4.48,false,1,
7290003962419,false,עמבה 250 גר`,מטעמי אביטלי,,,יח`,2.50,100 גרם,false,1,12.90,5.16,false,1,
7290003976546,false,מתקן מטהר אויר אוטומט טא`צ,סאסאטק אגשח בעמ,,,יח`,1,,false,1,25.90,25.90,false,1,
7290003976560,false,מטהר אויר  אוטומט( 250  מל)מיסטרי טאצ,סאסאטק אגשח בעמ,,,יח`,2.50,"100 מ""ל",false,1,13.90,5.56,false,1,
7290003976607,false,אקונומיקה סמיכה לבנדר 4 ליטר עם פקק ביטח,סאסאטק אגשח בעמ,,,יח`,40,"100 מ""ל",false,1,12.90,0.32,false,1,
7290003976614,false,אקונומיקה סמיכה פרחים 4 ליטר עם פקק ביטח,סאסאטק אגשח בעמ,,,יח`,40,"100 מ""ל",false,1,12.90,0.32,false,1,
7290003989096,false,חצילים פיקנטי אחלה (500 גרם),שטראוס גרופ בעמ/מצונן,,,יח`,5.75,100 גרם,false,1,16.60,2.89,true,1,
7290003989539,false,רביולי עם גבינה שטראוס (400 גרם),שטראוס גרופ בעמ/מצונן,,,יח`,4,100 גרם,false,1,21.70,5.43,true,1,
7290003989553,false,טורטליני פטריות 400  גר`שטראוס,שטראוס גרופ בעמ/מצונן,,,יח`,4,100 גרם,false,1,21.70,5.43,true,1,
7290004011284,false,בסיס להכנת קצפת צמחי ריץ` (212 מל),נטו מלינדה סחר בעמ,,,יח`,2.12,"100 מ""ל",false,1,10.10,4.76,true,1,
7290004011291,false,בסיס להכנת קצפת צמחי ריץ` (425 מל),נטו מלינדה סחר בעמ,,,יח`,4.25,"100 מ""ל",false,1,18.30,4.31,true,1,
7290004011338,false,קצפת מתוקה מוכנה ספריי ריץ` (250 מל),נטו מלינדה סחר בעמ,,,יח`,2.50,"100 מ""ל",false,1,17.90,7.16,true,1,
7290004011345,false,קצפת 250 מל פרווה ארוסול,נטו מלינדה סחר בעמ,,,יח`,2.50,"100 מ""ל",false,1,17.90,7.16,true,1,
7290004030100,false,מיץ תפוזים סחוט וולנסיה 1 ליטר,תנובה - פריניב,,,יח`,1,1 ליטר,false,1,17.90,17.90,false,1,
7290004048679,false,קובה למרק שלושת האופים(כ 18  יח`- 1 קג),נטו מלינדה סחר בעמ,,,יח`,10,100 גרם,false,1,20.90,2.09,false,1,
7290004063016,false,מלח שולחן מעולה סלית (1  קג)פיקוח,סוגת תעשיות בעמ,,,יח`,1,"ק""ג",false,1,1.90,1.90,false,1,
7290004063115,false,מלח מטבח גס ארזינא (1  קג)פיקוח,סוגת תעשיות בעמ,,,יח`,1,"ק""ג",false,1,1.90,1.90,false,1,
7290004064297,false,מלח מועשר ביוד בצנצנת 1 קג מלח הארץ,סוגת תעשיות בעמ,,,יח`,10,100 גרם,false,1,9.90,0.99,false,1,
7290004064389,false,מלח הימלאיה דק מלחייה 250 גרם,סוגת תעשיות בעמ,,,יח`,2.50,100 גרם,false,1,12.90,5.16,true,1,
7290004068011,false,יוגורט כבשים 5% גד (600 גרם),מחלבות גד שיווק 1992 בעמ,,,יח`,6,100 גרם,false,1,18.90,3.15,false,1,
7290004068028,false,ציזיקי 500 מל,מחלבות גד שיווק 1992 בעמ,,,יח`,5,"100 מ""ל",false,1,10.90,2.18,false,1,
7290004068172,false,יוגורט עיזים 5% גד (600 גרם),מחלבות גד שיווק 1992 בעמ,,,יח`,6,100 גרם,false,1,18.90,3.15,false,1,
7290004078270,false,פלמוליב צילינדר לימון 1 ליטר חדש,ש.שסטוביץ בעמ,,,יח`,1,1 ליטר,false,1,15.20,15.20,false,1,
7290004119973,false,מעדן קרלו שוקו 125 גר`,תנובה - חלב,,,יח`,1.25,"100 מ""ל",false,1,2.90,2.32,false,1,
7290004120061,false,מעדן חלב 1.5% שוניל קרלו (125 גרם),תנובה - חלב,,,יח`,1.25,"100 מ""ל",false,1,3,2.40,false,1,
7290004120108,false,דיאט יופלה דובדבן,תנובה - חלב,,,יח`,1.50,"100 מ""ל",false,1,5.20,3.47,false,1,
7290004120566,false,גבינה בולגרית  (25024%  גרם)פיראוס תנובה,תנובה - חלב,,,יח`,2.50,100 גרם,false,1,22.90,9.16,false,1,
7290004120634,false,גבינה בולגרית  (2505%  גרם)פיראוס תנובה,תנובה - חלב,,,יח`,2.50,100 גרם,false,1,21.90,8.76,false,1,
7290004120832,false,חלב 3% מהדרין תנובה (2  ליטר)פי,תנובה - חלב,,,יח`,2,1 ליטר,false,1,12.46,6.23,false,1,
7290004121525,false,מאגדת 8 יופלה 3%,תנובה - חלב,,,יח`,1.20,1 ליטר,false,1,29.90,24.92,false,1,
7290004121754,false,יופלה עוגת גבינה ותות 3%,תנובה - חלב,,,יח`,1.50,"100 מ""ל",false,1,5.20,3.47,false,1,
7290004122270,false,גבינה צהובה קלאסית 28% עמק (200 גרם),תנובה - חלב,,,יח`,2,100 גרם,false,1,16.10,8.05,false,1,
7290004122348,false,גבינה צהובה מופחתת שומן 9% עמק (200 גרם),תנובה - חלב,,,יח`,2,100 גרם,false,1,16.90,8.45,false,1,
7290004122676,false,גבינה חמד לייט  (2505%  גרם)פיראוס תנובה,תנובה - חלב,,,יח`,2.50,100 גרם,false,1,17.90,7.16,false,1,
7290004122683,false,אצבעות עמק,תנובה - חלב,,,יח`,1.72,100 גרם,false,1,16.80,9.77,false,1,
7290004124205,false,יוגורט ביו דיאט 0% תות יופלה (150 גרם),תנובה - חלב,,,יח`,1.50,"100 מ""ל",false,1,5.20,3.47,false,1,
7290004125370,false,שמנת 9%,תנובה - חלב,,,יח`,2,"100 מ""ל",false,1,3.70,1.85,false,1,
7290004125400,false,אשל 4.5% מהדרין תנובה (200  מל)פיקוח,תנובה - חלב,,,יח`,2,"100 מ""ל",false,1,1.69,0.85,false,1,
7290004125417,false,גיל 3% מהדרין תנובה (200  מל)פיקוח,תנובה - חלב,,,יח`,2,"100 מ""ל",false,1,1.51,0.76,false,1,
7290004125455,false,שמנת חמוצה 15% מהדרין תנובה (200 מל),תנובה - חלב,,,יח`,2,"100 מ""ל",false,1,2.40,1.20,false,1,
7290004125462,false,שמנת חמוצה 15% תנובה (500 מל),תנובה - חלב,,,יח`,5,"100 מ""ל",false,1,6,1.20,false,1,
7290004125509,false,שמנת חמוצה 15% תנובה (100 מל),תנובה - חלב,,,יח`,1,"100 מ""ל",false,1,1.70,1.70,false,1,
7290004125585,false,משקה סויה 1 ליטר וניל על הבוקר,תנובה - חלב,,,יח`,1,1 ליטר,false,1,10.90,10.90,false,1,
7290004125721,false,שמנת עמידה לבישול 15% השף הלבן (250 מל),תנובה - חלב,,,יח`,2.50,"100 מ""ל",false,1,8.20,3.28,false,1,
7290004125738,false,השף הלבן שמנת להקצפה 250,תנובה - חלב,,,יח`,2.50,"100 מ""ל",false,1,6.70,2.68,false,1,
7290004125776,false,גבינה צהובה קלאסית 28% עמק (400 גרם),תנובה - חלב,,,יח`,4,100 גרם,false,1,29.20,7.30,false,1,
7290004126674,false,טל העמק לייט,תנובה - חלב,,,יח`,2,100 גרם,false,1,18.90,9.45,false,1,
7290004126759,false,יופלה דיאט פירות יער,תנובה - חלב,,,יח`,1.50,"100 מ""ל",false,1,5.20,3.47,false,1,
7290004126872,false,משקה שוק שוקו 250 מל,תנובה - חלב,,,יח`,2.50,"100 מ""ל",false,1,5.90,2.36,false,1,
7290004127329,false,גבינת  קוטג`5% תנובה (250 גרם),תנובה - חלב,,,יח`,2.50,100 גרם,false,1,5.70,2.28,false,1,
7290004127336,false,גבינת  קוטג`9% תנובה (250 גרם),תנובה - חלב,,,יח`,2.50,100 גרם,false,1,5.50,2.20,false,1,
7290004127800,false,גבינה לבנה 5% תנובה (500  גרם)פיק,תנובה - חלב,,,יח`,5,100 גרם,false,1,9.96,1.99,false,1,
7290004127817,false,גבינה לבנה 9% תנובה (500 גרם),תנובה - חלב,,,יח`,5,100 גרם,false,1,9.50,1.90,false,1,
7290004127862,false,גבינה לבנה 5% תנובה (750 גרם),תנובה - חלב,,,יח`,7.50,100 גרם,false,1,14.94,1.99,false,1,
7290004128333,false,לאבנה אסלית  (5009%  גרם)פיראוס תנובה,תנובה - חלב,,,יח`,5,100 גרם,false,1,20.90,4.18,false,1,
7290004128432,false,פתיתים מיוחדים לפיצה,תנובה - חלב,,,יח`,5,100 גרם,false,1,22.30,4.46,false,1,
7290004129101,false,גבינת נפוליאון 225  גר`טבעי גביע,תנובה - חלב,,,יח`,2.25,100 גרם,false,1,14.90,6.62,false,1,
7290004129156,false,גבינת נפוליאון 225  גר`שום שמיר גביע,תנובה - חלב,,,יח`,2.25,100 גרם,false,1,14.90,6.62,false,1,
7290004129767,false,יופלה לבן שמינייה 3%,תנובה - חלב,,,יח`,12,"100 מ""ל",false,1,17.90,1.49,false,1,
7290004130794,false,משקה סויה במתיקות מופחתת תנובה (1 ליטר),תנובה - חלב,,,יח`,1,1 ליטר,false,1,10.90,10.90,false,1,
7290004130916,false,יופלה שמנת עם פירות יער,תנובה - חלב,,,יח`,1.50,"100 מ""ל",false,1,5.20,3.47,false,1,
7290004131074,false,חלב 3% מהדרין תנובה (1 ליטר),תנובה - חלב,,,יח`,1,1 ליטר,false,1,6.23,6.23,false,1,
7290004131432,false,יופלה-קרם יוגורט 3%,תנובה - חלב,,,יח`,2,"100 מ""ל",false,1,3.90,1.95,false,1,
7290004131456,false,יופלה-קרם יוגורט 1.5%,תנובה - חלב,,,יח`,2,"100 מ""ל",false,1,3.90,1.95,false,1,
7290004131814,false,גבינת צפתית מעודנת  (2005%  גרם)פיראוס ת,תנובה - חלב,,,יח`,2,100 גרם,false,1,15.90,7.95,false,1,
7290004132552,false,משקה סויה 1 ליטר דיא,תנובה - חלב,,,יח`,1,1 ליטר,false,1,10.90,10.90,false,1,
7290004132712,false,אצבעות עמק,תנובה - חלב,,,יח`,1.74,100 גרם,false,1,16.90,9.71,false,1,
7290004132903,false,גבינה לבנה 250  גר`3%,תנובה - חלב,,,יח`,2.50,100 גרם,false,1,4.70,1.88,false,1,
7290004133511,false,מאגדת שמינייה יופלה,תנובה - חלב,,,יח`,1.20,1 ליטר,false,1,20.90,17.42,false,1,
7290004135225,false,מעדן בטעם שוקולד 0% תנובה (150 גרם),תנובה - חלב,,,יח`,1.50,"100 מ""ל",false,1,4,2.67,false,1,
7290004135614,false,גבינה בולגרית מעודנת  (2505%  גרם)פיראוס,תנובה - חלב,,,יח`,2.50,100 גרם,false,1,22.90,9.16,false,1,
7290004136857,false,מעדן ג`לי בטעם פטל תנובה (125 גרם),תנובה - חלב,,,יח`,1.25,"100 מ""ל",false,1,2.40,1.92,false,1,
7290004136864,false,ג`לי אננס+חתיכות,תנובה - חלב,,,יח`,1.25,"100 מ""ל",false,1,2.70,2.16,false,1,
7290004136871,false,ג`לי אפרסק+חתיכות,תנובה - חלב,,,יח`,1.25,"100 מ""ל",false,1,2.70,2.16,false,1,
7290004137021,false,שמנת עמידה לבישול 10% השף הלבן (250 מל),תנובה - חלב,,,יח`,2.50,"100 מ""ל",false,1,8.20,3.28,false,1,
7290004137809,false,לאבנה אסלית 5% גביע (250  גרם)פיראוס תנו,תנובה - חלב,,,יח`,2.50,100 גרם,false,1,13.50,5.40,false,1,
7290004150129,false,טחינה פיקנטי פרימיום 300 גר`,סלטי שמיר 2006 בעמ,,,יח`,3,100 גרם,false,1,15.90,5.30,false,1,
7290004150143,false,חציל במיונז פיקנטי פרימיום 300 גר`,סלטי שמיר 2006 בעמ,,,יח`,3,100 גרם,false,1,15.90,5.30,false,1,
7290004150150,false,חציל בטחינה פיקנטי פרימיום 300 גר`,סלטי שמיר 2006 בעמ,,,יח`,3,100 גרם,false,1,15.90,5.30,false,1,
7290004150167,false,תפוא במיונז פיקנטי פרימיום 300 גר`,סלטי שמיר 2006 בעמ,,,יח`,3,100 גרם,false,1,15.90,5.30,false,1,
7290004150174,false,קולסלאו פיקנטי פרימיום 300 גר`,סלטי שמיר 2006 בעמ,,,יח`,3,100 גרם,false,1,15.90,5.30,false,1,
7290004150198,false,סלק מגורד פיקנטי פרימיום 300 גר`,סלטי שמיר 2006 בעמ,,,יח`,3,100 גרם,false,1,15.90,5.30,false,1,
7290004150204,false,מטבוחה פיקנטי פרימיום 300 גר`,סלטי שמיר 2006 בעמ,,,יח`,3,100 גרם,false,1,15.90,5.30,false,1,
7290004150211,false,תורכי איסטנבול פיקנטי פרימיום 300 גר`,סלטי שמיר 2006 בעמ,,,יח`,3,100 גרם,false,1,15.90,5.30,false,1,
7290004150228,false,כרוב אדום פיקנטי פרימיום 300 גר`,סלטי שמיר 2006 בעמ,,,יח`,3,100 גרם,false,1,15.90,5.30,false,1,
7290004150266,false,סלט קטניות צבעוני פיקנטי פרימיום 300 גר`,סלטי שמיר 2006 בעמ,,,יח`,3,100 גרם,false,1,15.90,5.30,false,1,
7290004199166,false,כפפות לאטקס קטן איזי טאצ`) (100,אינטרסן 1996 בעמ,,,יח`,1,,false,1,23.90,23.90,false,1,
7290004199173,false,כפפות לאטקס מדיום איזי טאצ`) (100,אינטרסן 1996 בעמ,,,יח`,1,,false,1,23.90,23.90,false,1,
7290004199203,false,קיסמי שיניים במבוק מלחיה לב הוסטס) (300,אינטרסן 1996 בעמ,,,יח`,1,,false,1,4.50,4.50,false,1,
7290004199579,false,פלסטר סאני) (100,אינטרסן 1996 בעמ,,,יח`,100,יח`,false,1,10.90,0.11,false,1,
7290004229931,false,אורז בסמטי 1 קג הימליה,נטו מלינדה סחר בעמ,,,יח`,10,100 גרם,false,1,11.20,1.12,false,1,
7290004230944,false,מקלות פילו גבינה שלושת האופים,נטו מלינדה סחר בעמ,,,יח`,6,100 גרם,false,1,20.90,3.48,true,1,
7290004324605,false,מון בלאן רוקפור 120 גר`,נטו מלינדה סחר בעמ,,,יח`,1.20,100 גרם,false,1,16.30,13.58,true,1,
7290004324858,false,קבב כבש 500  גר`טיבונוויל,נטו מלינדה סחר בעמ,,,יח`,5,100 גרם,false,1,21.40,4.28,true,1,
7290004584306,false,גמדים רביעייה תות בננה,שטראוס גרופ בעמ/מצונן,,,יח`,4,"100 מ""ל",false,1,11.70,2.93,true,1,
7290004584351,false,גבינת במרקם שמנת 5% סימפוניה 200 גר (200,שטראוס גרופ בעמ/מצונן,,,יח`,2,100 גרם,false,1,12.20,6.10,false,1,
7290004584528,false,יוגורט ביו 1.7% דנונה (200 גרם),שטראוס גרופ בעמ/מצונן,,,יח`,2,"100 מ""ל",false,1,3.70,1.85,false,1,
7290004585907,false,דני וניל בודד,שטראוס גרופ בעמ/מצונן,,,יח`,1.30,"100 מ""ל",false,1,2.70,2.08,false,1,
7290004603175,false,מלח הים האדום גס מלח הארץ (500 גרם),סוגת תעשיות בעמ,,,יח`,5,100 גרם,false,1,7.90,1.58,false,1,
7290004658953,false,סוביניון בלאן פי.סי יין לבן יבש 750 מל,אגודת הכורמים,,,יח`,7.50,"100 מ""ל",false,1,41.90,5.55,true,1,
7290004685010,false,שיפון פלוס לחם הארץ (500 גרם),י.את א. ברמן בעמ,,,יח`,5,100 גרם,false,1,16.20,3.24,false,1,
7290004685089,false,לחם חמניות ברמן,י.את א. ברמן בעמ,,,יח`,1,,false,1,16.20,16.20,false,1,
7290004685126,false,לחם 5 דגנים פרוס לחם הארץ (750 גרם),י.את א. ברמן בעמ,,,יח`,7.50,100 גרם,false,1,16.20,2.16,false,1,
7290004685157,false,לחם שיפון 100% פרוס לחם הארץ (750 גרם),י.את א. ברמן בעמ,,,יח`,7.50,100 גרם,false,1,16.20,2.16,false,1,
7290004685195,false,לחם 10 דגנים פרוס לחם הארץ (750 גרם),י.את א. ברמן בעמ,,,יח`,7.50,100 גרם,false,1,16.20,2.16,false,1,
7290004685201,false,לחם שיפון אגוזים .,י.את א. ברמן בעמ,,,יח`,5,100 גרם,false,1,16.20,3.24,false,1,
7290004685430,false,100% לחם כומסין 500 גר לחם הארץ,י.את א. ברמן בעמ,,,יח`,5,100 גרם,false,1,16.20,3.24,false,1,
7290004685447,false,לחמניות כוסמין 6 יח בשקית מלא 450  גר`E,י.את א. ברמן בעמ,,,יח`,4.50,100 גרם,false,1,15.90,3.53,true,1,
7290004685454,false,לחם שיבולת שועל 500  גר`ברמן,י.את א. ברמן בעמ,,,יח`,5,100 גרם,false,1,16.90,3.38,false,1,
7290004685478,false,פיתות כוסמין 10 בשקית,י.את א. ברמן בעמ,,,יח`,5.50,100 גרם,false,1,16.90,3.07,false,1,
7290004731076,false,אל סבון נוזלי אלוורה כיף (1 ליטר),החברה הדרומית לשיווק בעמ,,,יח`,1,1 ליטר,false,1,15.20,15.20,true,1,
7290004731083,false,אל סבון נוזלי ג`ינסנג כיף (1 ליטר),החברה הדרומית לשיווק בעמ,,,יח`,1,1 ליטר,false,1,15.20,15.20,true,1,
7290004731090,false,אל סבון נוזלי קמומיל כיף (1 ליטר),החברה הדרומית לשיווק בעמ,,,יח`,1,1 ליטר,false,1,15.20,15.20,true,1,
7290004731472,false,כיף אלסבון שלישיה,החברה הדרומית לשיווק בעמ,,,יח`,1.50,1 ליטר,false,1,21.90,14.60,true,1,
7290004737900,false,חלב מרוכז הולנדי וילי פוד (397 גרם),ג.וילי-פוד אינטרנשיונל בעמ,,,יח`,3.97,100 גרם,false,1,10.90,2.75,false,1,
7290004923181,false,עין גדי 0.5 ליטר בודד,יפאורה,,,יח`,1,,false,1,1.90,1.90,false,1,
7290004944032,false,חומוס  אמיתי( 400  גר`)אסלי,סלטי שמיר 2006 בעמ,,,יח`,4,100 גרם,false,1,10.90,2.73,true,1,
7290004944049,false,סלט  טחינה( 400  גר`)אסלי,סלטי שמיר 2006 בעמ,,,יח`,4,100 גרם,false,1,10.90,2.73,true,1,
7290004944056,false,חציל במיונז  אסלי( 400  גר`)אסלי,סלטי שמיר 2006 בעמ,,,יח`,4,100 גרם,false,1,10.90,2.73,true,1,
7290005068492,false,לקט ירקות מעורבים 800  גר`פרי גליל,ויטה -פרי גליל (החדשה) בעמ,,,יח`,8,100 גרם,false,1,10.90,1.36,false,1,
7290005079290,false,גבנצ 15% נעם חריץ מעדנייה,החב` המרכזית - טרה,,,"ק""ג",10,100 גרם,true,1,68,6.80,false,1,
7290005084355,false,משחת שיניים דואל קר סנסודיין (75 מל),גורי ע.ע.ע בעמ,,,יח`,0.75,100 גרם,false,1,22.90,30.53,true,1,
7290005111761,false,בונזו בשר 3 קג,שחורי אריה ואנסטסיה,,,יח`,0.03,100 גרם,false,1,49.90,1663.33,false,1,
7290005174513,false,חצילים במיונז אחלה (500 גרם),שטראוס גרופ בעמ/מצונן,,,יח`,5,100 גרם,false,1,16.20,3.24,true,1,
7290005174551,false,חומוס אחלה (125 גרם),שטראוס גרופ בעמ/מצונן,,,יח`,1.25,100 גרם,false,1,5.10,4.08,false,1,
7290005174575,false,טחינה אחלה (125 גרם),שטראוס גרופ בעמ/מצונן,,,יח`,1.25,100 גרם,false,1,5,4,false,1,
7290005175428,false,קמח תירס 500 ללא גלוטן,ג.וילי-פוד אינטרנשיונל בעמ,,,יח`,5,100 גרם,false,1,6.90,1.38,false,1,
7290005197758,false,חיוכים שוקו 150,שטראוס גרופ בעמ,,,יח`,1.50,100 גרם,false,1,6.10,4.07,false,1,
7290005200786,false,תפוצ`יפס 50 גר שמנת בצל,שטראוס פריטו ליי בעמ,,,יח`,0.50,100 גרם,false,1,4,8,false,1,
7290005201882,false,קפה טורקי עלית (200 גרם),שטראוס גרופ בעמ,,,יח`,2,100 גרם,false,1,16.30,8.15,true,1,
7290005230035,false,צלחת ענק לבן בייסיק 50 יח`,פאלאס תעשיות נטו (2014) בעמ,,,יח`,1,,false,1,19.90,19.90,false,1,
7290005230059,false,צלחת מרק לבנה 25 יח פאלאס .,פאלאס תעשיות נטו (2014) בעמ,,,יח`,25,100 גרם,false,1,9.90,0.40,false,1,
7290005230066,false,ליפתניות לבן 25 יח פאלאס,פאלאס תעשיות נטו (2014) בעמ,,,יח`,1,,false,1,5.90,5.90,true,1,
7290005230769,false,צלחת גדולה לבן 50 יח פאלאס,פאלאס תעשיות נטו (2014) בעמ,,,יח`,1,,false,1,16.90,16.90,true,1,
7290005230806,false,כוסות לשתיה קרה 100/180,פאלאס תעשיות נטו (2014) בעמ,,,יח`,1,,false,1,9.90,9.90,true,1,
7290005230813,false,קערית אובלית לבן 25 יח פאלאס,פאלאס תעשיות נטו (2014) בעמ,,,יח`,1,,false,1,9.20,9.20,true,1,
7290005287206,false,טונה סטאריקיסט בשמן 160  גר`רביעייה,סטארקיסט דיפלומט היינץ,,,יח`,6.40,100 גרם,false,1,25.90,4.05,true,1,
7290005287251,false,טונה סטארקיסט במים 160  גר`רביעייה,סטארקיסט דיפלומט היינץ,,,יח`,6.40,100 גרם,false,1,25.90,4.05,true,1,
7290005287527,false,ס.ק בשמן עם לימון פ.ק 160 גרם בי,סטארקיסט דיפלומט היינץ,,,יח`,1.60,100 גרם,false,1,9.90,6.19,false,1,
7290005287930,false,טונה במים בדץ סטארקיסט (160x4 גרם),סטארקיסט דיפלומט היינץ,,,יח`,6.40,100 גרם,false,1,25.90,4.05,true,1,
7290005296260,false,אסטוניש רסס נגב ירוק,יעקב יעקבי ובניו בעמ,,,יח`,7.50,"100 מ""ל",false,1,11.90,1.59,false,1,
7290005326523,false,אוליביה פסטו פטרוזיליה ונענע (180 גרם),תה ויסוצקי (ישראל) בעמ,,,יח`,1.80,100 גרם,false,1,14.90,8.28,false,1,
7290005423505,false,מי פה להלבנת שיניים אורביטול (500 מל),החברה הדרומית לשיווק בעמ,,,יח`,5,"100 מ""ל",false,1,25.90,5.18,true,1,
7290005423734,false,סנו מקסימה4 ליטר תכלת,החברה הדרומית לשיווק בעמ,,,יח`,4,1 ליטר,false,1,22.40,5.60,true,1,
7290005423918,false,סנו מקסימה4 ליטר כחול,החברה הדרומית לשיווק בעמ,,,יח`,4,1 ליטר,false,1,22.40,5.60,true,1,
7290005424311,false,קוטל חרקים קיי רב קוטל סנו (500 מל),החברה הדרומית לשיווק בעמ,,,יח`,4.75,"100 מ""ל",false,1,26.50,5.58,true,1,
7290005424403,false,אל סבון נוזלי כיף (1 ליטר),החברה הדרומית לשיווק בעמ,,,יח`,1,1 ליטר,false,1,15.20,15.20,true,1,
7290005424755,false,ריזצפז פלוס מטליות לחות לניקוי רצפות-דו,החברה הדרומית לשיווק בעמ,,,יח`,1,,false,1,15.90,15.90,true,1,
7290005424915,false,סנומוד נטול גזפציולי 150 מל,החברה הדרומית לשיווק בעמ,,,יח`,1.50,"100 מ""ל",false,1,11.90,7.93,true,1,
7290005425127,false,מרסס מנקה שומנים ואבנית 99.9% 750 מל סנ,החברה הדרומית לשיווק בעמ,,,יח`,7.50,"100 מ""ל",false,1,15.90,2.12,true,1,
7290005425196,false,א.כביסה סנו מקסימה 2.5 קג`,החברה הדרומית לשיווק בעמ,,,יח`,2.50,"ק""ג",false,1,25.90,10.36,true,1,
7290005425646,false,קליר נוזל לניקוי רב תכליתי סנו (1 ליטר),החברה הדרומית לשיווק בעמ,,,יח`,1,1 ליטר,false,1,12.90,12.90,true,1,
7290005425660,false,סנומט 60 לילות חסכון,החברה הדרומית לשיווק בעמ,,,יח`,1,,false,1,35.90,35.90,false,1,
7290005426230,false,מטלית הפלא לרצפה סנו סושי,החברה הדרומית לשיווק בעמ,,,יח`,1,,false,1,12.90,12.90,true,1,
7290005426964,false,סנובון לאסלה כחול אפרסק סנו (55x3 גרם),החברה הדרומית לשיווק בעמ,,,יח`,1.65,100 גרם,false,1,18.90,11.45,true,1,
7290005426971,false,סנובון לאסלה כחול תפוח סנו (55x3 גרם),החברה הדרומית לשיווק בעמ,,,יח`,1.65,100 גרם,false,1,18.90,11.45,true,1,
7290005427107,false,מגבת הפלא סנו סושי) (6,החברה הדרומית לשיווק בעמ,,,יח`,5.70,100 גרם,false,1,13.90,2.44,true,1,
7290005428852,false,מגבוני טישו צבעוני סנו) (100x5,החברה הדרומית לשיווק בעמ,,,יח`,6.50,100 גרם,false,1,12.90,1.98,false,1,
7290005429279,false,סנו מקסימה 6 קג`,החברה הדרומית לשיווק בעמ,,,יח`,6,"ק""ג",false,1,49.90,8.32,false,1,
7290005429286,false,סנו מקסימה 6 קג`,החברה הדרומית לשיווק בעמ,,,יח`,6,"ק""ג",false,1,49.90,8.32,false,1,
7290005430602,false,סנו אוקסיג`ן מרסס מסיר כתמים,החברה הדרומית לשיווק בעמ,,,יח`,7.50,"100 מ""ל",false,1,19.90,2.65,true,1,
7290005430671,false,פוליויקס 2 ליטר,החברה הדרומית לשיווק בעמ,,,יח`,2,1 ליטר,false,1,21.90,10.95,true,1,
7290005431883,false,מלבי חלבי 165  גר`עדן קינוחים,תנובה - חלב,,,יח`,1.65,"100 מ""ל",false,1,7.20,4.36,false,1,
7290005431913,false,עוגת גבינה פרורים 92  גר`עדן קינוחים,תנובה - חלב,,,יח`,0.92,100 גרם,false,1,7.20,7.83,false,1,
7290005431937,false,מעדן טירמיסו 82  גר`עדן קינוחים,תנובה - חלב,,,יח`,0.82,100 גרם,false,1,7.20,8.78,false,1,
7290005431968,false,מלבי שמנת 150  גר`תנובה,תנובה - חלב,,,יח`,1.50,"100 מ""ל",false,1,7.50,5,false,1,
7290005559907,false,פיצה משפחתית גבינה מעדנות (500 גרם),תנובה קפואים,,,יח`,5,100 גרם,false,1,27.50,5.50,false,1,
7290005559914,false,פיצה משפחתית זיתים מעדנות (550 גרם),תנובה קפואים,,,יח`,5.50,100 גרם,false,1,27.50,5,false,1,
7290005559990,false,בצק פילאס תורכי מעדנות (600 גרם),תנובה קפואים,,,יח`,6,100 גרם,false,1,25.40,4.23,false,1,
7290005591761,false,דבש לחיץ 400  גר`יד מרדכי,שטראוס גרופ בעמ,,,יח`,4,100 גרם,false,1,21.90,5.48,false,1,
7290005610509,false,צנונית ארוזה,תוצרת הנגב אגודה שיתופית חקלאי,,,יח`,1,,false,1,6.90,6.90,true,1,
7290005651366,false,בונזו כבד 3 קג,שחורי אריה ואנסטסיה,,,יח`,3,"ק""ג",false,1,49.90,16.63,false,1,
7290005678073,false,פלפל צ`ילי,עומר יבולים בעמ*שיק ל 60 יום*,,,"ק""ג",1,,true,1,13.90,13.90,false,1,
7290005838002,false,דניאלה מעדן בטעם וניל שטראוס (88 גרם),שטראוס גרופ בעמ/מצונן,,,יח`,1.50,"100 מ""ל",false,1,4,2.67,false,1,
7290005838613,false,קרם גבינה 3% בטעם וניל סקי (125 גרם),שטראוס גרופ בעמ/מצונן,,,יח`,1.25,100 גרם,false,1,3.80,3.04,true,1,
7290005838972,false,קרם גבינה 5% סקי (125 גרם),שטראוס גרופ בעמ/מצונן,,,יח`,1.25,100 גרם,false,1,3.10,2.48,false,1,
7290005839078,false,יוגורט ביו 3% דנונה (150x8 גרם),שטראוס גרופ בעמ/מצונן,,,יח`,1.20,1 ליטר,false,1,17.50,14.58,false,1,
7290005839108,false,סימפוניה 200 גר +5%זיתים,שטראוס גרופ בעמ/מצונן,,,יח`,2,100 גרם,false,1,12.20,6.10,false,1,
7290005839313,false,מילקי טופ מגולגלת,שטראוס גרופ בעמ/מצונן,,,יח`,1.30,"100 מ""ל",false,1,4.90,3.77,false,1,
7290005896439,false,בירה בקבוק מכבי (500 מל),טמפו משקאות בעמ,,,יח`,5,"100 מ""ל",false,1,7.50,1.26,false,1,
7290005896453,false,מכבי חוזר 7.9 500 מל בקבוק,טמפו משקאות בעמ,,,יח`,5,"100 מ""ל",false,1,8.50,1.46,false,1,
7290005938245,false,ממרח פסטו קלאסי 220,נטו מלינדה סחר בעמ,,,יח`,1.90,100 גרם,false,1,20.30,10.68,false,1,
7290005966088,false,ירדן הר חרמון אדום 750 מל,היכל היין שקד גולן בעמ,,,יח`,7.50,"100 מ""ל",false,1,37.90,5.01,true,1,
7290005992018,false,יוגורט עיזים 3% לשתיה גד (500 מל),מחלבות גד שיווק 1992 בעמ,,,יח`,5,"100 מ""ל",false,1,14.90,2.98,false,1,
7290005992575,false,גבינה בולגרית למריחה 5% גד (250 גרם),מחלבות גד שיווק 1992 בעמ,,,יח`,2.50,100 גרם,false,1,17.90,7.16,false,1,
7290005996009,false,סלמי גלילי מעושן 400  גר`יחיעם,מעדני יחיעם (1993) בעמ,,,יח`,4,100 גרם,false,1,25.90,6.48,false,1,
7290005996078,false,סרוולט הונגרי 125  גר`יחיעם,מעדני יחיעם (1993) בעמ,,,יח`,1.25,100 גרם,false,1,26.90,21.52,false,1,
7290006185501,false,פנינה אל סבון 1 ליטר ורוד,פנינה רוזנבלום בעמ,,,יח`,1,1 ליטר,false,1,10.90,10.90,false,1,
7290006185518,false,פנינה אל סבון 1 ליטר כחול,פנינה רוזנבלום בעמ,,,יח`,1,1 ליטר,false,1,10.90,10.90,false,1,
7290006199027,false,מאגדת מצופה דיאט שמינייה,פלקו בעמ,,,יח`,6.40,100 גרם,false,1,30.90,4.83,false,1,
7290006241153,false,אגוזי פקאן סיניים קליית גת (150 גרם),ליימן שליסל בעמ,,,יח`,1.50,100 גרם,false,1,17.90,11.93,false,1,
7290006241214,false,שקדים טבעיים קליית גת (200 גרם),ליימן שליסל בעמ,,,יח`,2,100 גרם,false,1,17.90,8.95,false,1,
7290006241504,false,פריגת קפוא תפוזים 280 מל,החב` המרכזית - טרה,,,יח`,2.80,"100 מ""ל",false,1,15.60,5.57,true,1,
7290006251343,false,תה פסיפלורה מנגו ויסוצקי הגן הקסום) (25,תה ויסוצקי (ישראל) בעמ,,,יח`,0.6250,100 גרם,false,1,17.90,28.64,true,1,
7290006251374,false,תה ירוק לימונית וג`ינג`ר ויסוצקי) (25,תה ויסוצקי (ישראל) בעמ,,,יח`,0.25,100 גרם,false,1,27.90,111.60,true,1,
7290006265500,false,פטריות שמפניון ארוז,קונס`-מרינה פטריות הגליל בעמ*ש,,,יח`,2.50,1 ליטר,false,1,9.90,3.96,false,1,
7290006271181,false,ג`חנון אפוי מעדנות (5  יח`- 750 גרם),תנובה קפואים,,,יח`,7.50,100 גרם,false,1,28.50,3.80,false,1,
7290006271648,false,מיני בורקס תפוח אדמה מעדנות (800 גרם),תנובה קפואים,,,יח`,6.50,100 גרם,false,1,26.20,4.03,false,1,
7290006271655,false,מיני בורקס במילוי גבינה מעדנות (800 גרם),תנובה קפואים,,,יח`,8,100 גרם,false,1,28.50,3.56,false,1,
7290006272072,false,מעדנות חטיפי פיצה 650 גר`,תנובה קפואים,,,יח`,6.50,100 גרם,false,1,35.90,5.52,false,1,
7290006272430,false,בצק עלים חמאה חלבי מעדנות (600 גרם),תנובה קפואים,,,יח`,6,100 גרם,false,1,30.60,5.10,false,1,
7290006306296,false,רביולי גבינה לילדים פסטה נונה (400 גרם),מחלבות גד שיווק 1992 בעמ,,,יח`,4,100 גרם,false,1,24.90,6.23,true,1,
7290006306302,false,רביולי פרמזן ריקוטה פסטה נונה (400 גרם),מחלבות גד שיווק 1992 בעמ,,,יח`,4,100 גרם,false,1,24.90,6.23,true,1,
7290006342072,false,גרעין לבן 200  גר`ששון הקולה,דין שיווק וקליה 2021 בעמ,,,יח`,2,100 גרם,false,1,10.90,5.45,false,1,
7290006374738,false,קונפיטורת תות יד מרדכי 340 גר`,שטראוס גרופ בעמ,,,יח`,3.40,100 גרם,false,1,12.90,3.79,false,1,
7290006492432,false,גבינה מוצרלה בייבי 18% גד (150 גרם),מחלבות גד שיווק 1992 בעמ,,,יח`,1.70,100 גרם,false,1,14.90,8.76,false,1,
7290006492616,false,בולגרית פרוסות  -2505%גד,מחלבות גד שיווק 1992 בעמ,,,יח`,2.50,100 גרם,false,1,27.90,11.16,false,1,
7290006492685,false,גבינת לאבנה עיזים 5% גד (250 גרם),מחלבות גד שיווק 1992 בעמ,,,יח`,2.50,100 גרם,false,1,18.90,7.56,false,1,
7290006492852,false,גבינה לבנה עיזים 5% גד (250 גרם),מחלבות גד שיווק 1992 בעמ,,,יח`,2.50,100 גרם,false,1,17.90,7.16,true,1,
7290006492913,false,לבנה ציזיקי 250 גר,מחלבות גד שיווק 1992 בעמ,,,יח`,2.50,100 גרם,false,1,13.90,5.56,false,1,
7290006494924,false,טוסו וופל ללתס במילוי בטעם לימון 200 גר,דנשר (1963) בעמ,,,יח`,2,100 גרם,false,1,12.50,6.25,false,1,
7290006498052,false,דנונה מהדרין טבע,שטראוס גרופ בעמ/מצונן,,,יח`,1.50,"100 מ""ל",false,1,2.70,1.80,false,1,
7290006511157,false,פטריות שמפניון שלמות וילי פוד (400 גרם),ג.וילי-פוד אינטרנשיונל בעמ,,,יח`,4,100 גרם,false,1,8.50,2.13,false,1,
7290006511751,false,שלישית פטריות חתוכות,ג.וילי-פוד אינטרנשיונל בעמ,,,יח`,8.70,100 גרם,false,1,12.50,1.44,false,1,
7290006546395,false,לקט העונה קפוא 800  גר`פרי גליל,ויטה -פרי גליל (החדשה) בעמ,,,יח`,8,100 גרם,false,1,10.90,1.36,false,1,
7290006582355,false,סילאן שקדיה (900 גרם),דין שיווק וקליה 2021 בעמ,,,יח`,9,100 גרם,false,1,16.30,1.81,false,1,
7290006653819,false,קוסקוס דק אסם (350 גרם),קבוצת אסם סחר שות. מוגבלת,,,יח`,3.50,100 גרם,false,1,9.10,2.60,false,1,
7290006664037,false,גמדים רביעייה דגנים,שטראוס גרופ בעמ/מצונן,,,יח`,4,"100 מ""ל",false,1,11.90,2.98,true,1,
7290006664532,false,יוגורט ביו 3% תות דנונה (150 גרם),שטראוס גרופ בעמ/מצונן,,,יח`,1.50,"100 מ""ל",false,1,3.90,2.60,false,1,
7290006664655,false,אקטימל דנונה (100x8 מל),שטראוס גרופ בעמ/מצונן,,,יח`,8,"100 מ""ל",false,1,20.90,2.61,false,1,
7290006664693,false,יוגורט ביו 3% אפרסק דנונה (150 גרם),שטראוס גרופ בעמ/מצונן,,,יח`,1.50,"100 מ""ל",false,1,3.90,2.60,false,1,
7290006664990,false,יוגורט ביו 1.7% דנונה (150x8 גרם),שטראוס גרופ בעמ/מצונן,,,יח`,1.20,1 ליטר,false,1,17.50,14.58,false,1,
7290006681003,false,שטראוס קרמיסימו תות לימון,גלידות שטראוס בעמ,,,יח`,1.33,1 ליטר,false,1,19.90,14.96,false,1,
7290006681065,false,טעמקור XL,גלידות שטראוס בעמ,,,יח`,1,100 גרם,false,1,6.60,6.60,true,1,
7290006681553,false,קרמבו שמינייה וניל,גלידות שטראוס בעמ,,,יח`,2,100 גרם,false,1,16.90,8.45,false,1,
7290006704061,false,עירית ארוזה,א.אדמה (2007) בעמ,,,יח`,1,,false,1,5.90,5.90,false,1,
7290006738615,false,קבב זהב קפוא זוגלובק (8  יח`- 400 גרם),זוגלובק שיווק בעמ,,,יח`,4,100 גרם,false,1,19.90,4.98,false,1,
7290006739131,false,זוגלובק בצק פילו,זוגלובק שיווק בעמ,,,יח`,5,100 גרם,false,1,19.30,3.86,false,1,
7290006739407,false,שניצל תירס לייט זוגלובק (630 גרם),זוגלובק שיווק בעמ,,,יח`,6,100 גרם,false,1,37.70,6.28,true,1,
7290006739414,false,סלמי קוניאק זוגלובק (300 גרם),זוגלובק שיווק בעמ,,,יח`,3.50,100 גרם,false,1,32.60,9.31,true,1,
7290006739421,false,סלמי איטלקי מעושן זוגלובק (300 גרם),זוגלובק שיווק בעמ,,,יח`,3,100 גרם,false,1,30.50,10.17,true,1,
7290006739445,false,שניצל תירס זוגלובק (750 גרם),זוגלובק שיווק בעמ,,,יח`,7.50,100 גרם,false,1,27.50,3.67,true,1,
7290006742278,false,פסטרמה צלויה 330 גר`,זוגלובק שיווק בעמ,,,יח`,3.30,100 גרם,false,1,30.50,9.24,true,1,
7290006742315,false,חזה הודו ברביקיו 330 גר`,זוגלובק שיווק בעמ,,,יח`,3.30,100 גרם,false,1,30.50,9.24,true,1,
7290006764157,false,גולדסטאר לא מסונן בקבוק חוזר 500 מל,טמפו משקאות בעמ,,,יח`,5,"100 מ""ל",false,1,7.90,1.34,false,1,
7290006764485,false,בירה שחורה בבקבוק נשר מאלט (330x6 מל),טמפו משקאות בעמ,,,יח`,1.98,1 ליטר,false,1,28.90,13.69,false,1,
7290006775016,false,עוגת תפוז אחוה (450  גרם)אחוה,אחדות בעמ,,,יח`,4.50,100 גרם,false,1,11.90,2.64,true,1,
7290006775030,false,עוגת שוקו צ`יפס אחוה (450  גרם)אחוה,אחדות בעמ,,,יח`,4.50,100 גרם,false,1,11.90,2.64,true,1,
7290006775047,false,עוגת שוקולד אחוה (450  גרם)אחוה,אחדות בעמ,,,יח`,4.50,100 גרם,false,1,11.90,2.64,true,1,
7290006775085,false,עוגת שמרים שוקולד אחוה (400 גרם),אחדות בעמ,,,יח`,4,100 גרם,false,1,11.90,2.98,false,1,
7290006775801,false,רוגעלך אחוה (400 גרם),אחדות בעמ,,,יח`,4,100 גרם,false,1,10.90,2.73,false,1,
7290006775894,false,עוגה ללא סוכר שיש 400  גר`אחוה,אחדות בעמ,,,יח`,4,100 גרם,false,1,13.90,3.48,false,1,
7290006784865,false,לניקוי משטחי המטבח 1 ליטר סנט מוריץ,קומפלקס כימיקלים בעמ,,,יח`,10,"100 מ""ל",false,1,10.90,1.09,false,1,
7290006788412,false,דאו נושם רול און  קרליין- כחול,החברה הדרומית לשיווק בעמ,,,יח`,0.50,100 גרם,false,1,13.90,27.80,true,1,
7290006788429,false,דאו נושם רול און קרליין כתום,החברה הדרומית לשיווק בעמ,,,יח`,0.75,100 גרם,false,1,13.90,18.53,true,1,
7290006788504,false,דאו נושם ספריי קרליין,החברה הדרומית לשיווק בעמ,,,יח`,2,"100 מ""ל",false,1,13.90,6.95,true,1,
7290006805355,false,פילסברי תערובת כדורי שוקולד,ליימן שליסל בעמ,,,יח`,5,100 גרם,false,1,20.30,4.06,false,1,
7290006822192,false,פריגת אושן ספריי 1 ליטר,החברה המרכזית להפצת משקאות בעמ,,,יח`,1,1 ליטר,false,1,13.90,13.90,false,1,
7290006983176,false,קרקר לחמית שיפון אסם (230 גרם),קבוצת אסם סחר שות. מוגבלת,,,יח`,2.30,100 גרם,false,1,10,4.35,true,1,
7290006983770,false,עוגת הבית שיש אסם (400 גרם),קבוצת אסם סחר שות. מוגבלת,,,יח`,4,100 גרם,false,1,12.50,3.13,false,1,
7290006983787,false,עוגת הבית שוקוצ`יפס אסם (400 גרם),קבוצת אסם סחר שות. מוגבלת,,,יח`,4,100 גרם,false,1,12.50,3.13,false,1,
7290006983794,false,עוגת הבית תפוז אסם (400 גרם),קבוצת אסם סחר שות. מוגבלת,,,יח`,4,100 גרם,false,1,12.50,3.13,false,1,
7290006992390,false,דייסת וניל מטרנה (200 גרם),קבוצת אסם סחר שות. מוגבלת,,,יח`,2,100 גרם,false,1,14.50,7.25,false,1,
7290008101264,false,זרעי צ`יה 150  גר`תבליני מימון,א.ל.ייצור ושיווק תבלינים בעמ,,,יח`,1.50,100 גרם,false,1,15.90,10.60,false,1,
7290008101356,false,קריספ פאנקו זהוב 300 גר`,א.ל.ייצור ושיווק תבלינים בעמ,,,יח`,3,100 גרם,false,1,10.90,3.63,true,1,
7290008102469,false,קריספ פירורי לחם זהוב 800 גר`,א.ל.ייצור ושיווק תבלינים בעמ,,,יח`,8,100 גרם,false,1,13.90,1.74,true,1,
7290008154222,false,שניצלונים 700  גר`עוף טוב,קבוצת אסם סחר שות. מוגבלת,,,יח`,7,100 גרם,false,1,13.90,1.99,false,1,
7290008175173,false,חמאה מפינלנד ללא תוספת מלח (200 גרם),ג.וילי-פוד אינטרנשיונל **גבינו,,,יח`,2,100 גרם,false,1,11.90,5.95,false,1,
7290008175210,false,פרמז`נו מגורדת 90 גר`,ג.וילי-פוד אינטרנשיונל **גבינו,,,יח`,0.90,100 גרם,false,1,15.90,17.67,false,1,
7290008175814,false,פטריות חתוך 400 גר`,ג.וילי-פוד אינטרנשיונל בעמ,,,יח`,4,100 גרם,false,1,5.50,1.38,false,1,
7290008268011,false,אוכמניות טרי ארוז 250 גר,בראשית - אגודה שיתופית*שיק 45,,,יח`,2.50,100 גרם,false,1,15,6,false,1,
7290008268400,false,אוכמניות טרי ארוז 250 גר.,בראשית - אגודה שיתופית*שיק 45,,,יח`,2.50,100 גרם,false,1,15,6,false,1,
7290008268455,false,קיווי ארוז בראשית,בראשית - אגודה שיתופית*שיק 45,,,יח`,1,,false,1,15,15,false,1,
7290008343558,false,סיגרים בשר 1 קג שלושת האופים,נטו מלינדה סחר בעמ,,,יח`,1,"ק""ג",false,1,20.90,20.90,true,1,
7290008343602,false,קובה בשר מטוגן 1 קג,נטו מלינדה סחר בעמ,,,יח`,1,"ק""ג",false,1,20.90,20.90,true,1,
7290008343626,false,כדורי פלאפל 1 קג-שלושת  האופים,נטו מלינדה סחר בעמ,,,יח`,1,"ק""ג",false,1,20.90,20.90,true,1,
7290008344258,false,המבורגר מיזרחי 400  גר`טיבונוויל,נטו מלינדה סחר בעמ,,,יח`,4,100 גרם,false,1,21.40,5.35,true,1,
7290008344272,false,המבורגר 100% 400  גר`טיבונוויל,נטו מלינדה סחר בעמ,,,יח`,4,100 גרם,false,1,21.40,5.35,true,1,
7290008345576,false,איקרא ביתית לבנה 300 גר`,נטו מלינדה סחר בעמ,,,יח`,3,100 גרם,false,1,20.90,6.97,false,1,
7290008347211,false,אצבעות דג מצופות דלידג (700 גרם),נטו מלינדה סחר בעמ,,,יח`,7,100 גרם,false,1,24.40,3.49,true,1,
7290008409124,false,שניצל ג`ונגל מאמא עוף (700 גרם),תנובה קפואים,,,יח`,7,100 גרם,false,1,38.80,5.54,false,1,
7290008409315,false,מיני מינידק שניצלונים בציפוי פריך 500 גר,תנובה קפואים,,,יח`,5,100 גרם,false,1,28.50,5.70,false,1,
7290008415071,false,חומוס עם טחינה צבר (150 גרם),קבוצת אסם סחר שות. מוגבלת,,,יח`,1.50,100 גרם,false,1,5,3.33,false,1,
7290008415514,false,צבר חומוס+חריף 150,קבוצת אסם סחר שות. מוגבלת,,,יח`,1.50,100 גרם,false,1,5,3.33,false,1,
7290008461221,false,סרדין רוברט בשמן חמניות 140 גר`,א. סיימן סחר בעמ,,,יח`,1.40,100 גרם,false,1,7.50,5.36,true,1,
7290008461238,false,סרדינים בשמן חריף רוברט (115 גרם),א. סיימן סחר בעמ,,,יח`,1.15,100 גרם,false,1,7.50,6.52,true,1,
7290008464024,false,בירה לא מסוננת גולדסטאר (500 מל),טמפו משקאות בעמ,,,יח`,5,"100 מ""ל",false,1,8.90,1.72,false,1,
7290008464222,false,בירה מכבי 7.9% 500 פחית.,טמפו משקאות בעמ,,,יח`,5,"100 מ""ל",false,1,7.90,1.52,false,1,
7290008464468,false,בירה בפחית גולדסטאר (500 מל),טמפו משקאות בעמ,,,יח`,5,"100 מ""ל",false,1,8.50,1.64,false,1,
7290008464475,false,בירה מכבי פחית 500 מל,טמפו משקאות בעמ,,,יח`,5,"100 מ""ל",false,1,7.50,1.44,false,1,
7290008464604,false,הייניקן פחית 500 מל,טמפו משקאות בעמ,,,יח`,5,"100 מ""ל",false,1,12.50,2.44,false,1,
7290008464741,false,בירה גולדסטאר 330 מל בקבוק שישייה,טמפו משקאות בעמ,,,יח`,1.98,1 ליטר,false,1,40.70,19.65,true,1,
7290008493413,false,פירורי גריסיני מאיר בייגל (200 גרם),דנשר (1963) בעמ,,,יח`,2,100 גרם,false,1,6.40,3.20,false,1,
7290008493710,false,מאיר בייגל פרורי גרסיני זהב 200גר,דנשר (1963) בעמ,,,יח`,2,100 גרם,false,1,6.40,3.20,false,1,
7290008597906,false,שקדיה-אורז יסמין 5קג,דין שיווק וקליה 2021 בעמ,,,יח`,5,"ק""ג",false,1,44.80,8.96,false,1,
7290008609531,false,נייר אפייה 50  יח`פאלאס,פאלאס תעשיות נטו (2014) בעמ,,,יח`,1,,false,1,10.90,10.90,true,1,
7290008634045,false,פלסטר 30,אינטרסן 1996 בעמ,,,יח`,30,יח`,false,1,6.90,0.23,true,1,
7290008636650,false,קמח מצה 500 גר`,מיה תעשיות מזון מ.ת.מ. בעמ,,,יח`,5,100 גרם,false,1,9.40,1.88,false,1,
7290008636926,false,אבקת קקאו מיה (500 גרם),מיה תעשיות מזון מ.ת.מ. בעמ,,,יח`,5,100 גרם,false,1,15.90,3.18,false,1,
7290008636988,false,גרעיני חמניה קלופים 100 גר`,מיה תעשיות מזון מ.ת.מ. בעמ,,,יח`,1,100 גרם,false,1,5,5,false,1,
7290008636995,false,גרעיני דלעת קלופים 100 גר`,מיה תעשיות מזון מ.ת.מ. בעמ,,,יח`,1,100 גרם,false,1,9.10,9.10,false,1,
7290008644112,false,מטבוחה 125אחלה יום יום,שטראוס גרופ בעמ/מצונן,,,יח`,1.25,100 גרם,false,1,5,4,false,1,
7290008644235,false,מבחר עלי בייבי 120 גרם-טעם הטבע,שטראוס גרופ בעמ/מצונן,,,יח`,1.20,100 גרם,false,1,10.10,8.42,false,1,
7290008644945,false,סלט המושבה שטראוס 450 גר`-טעם הטבע,שטראוס גרופ בעמ/מצונן,,,יח`,4.50,100 גרם,false,1,11.20,2.49,false,1,
7290008645935,false,חומוס אחלה (750 גרם),שטראוס גרופ בעמ/מצונן,,,יח`,7.50,100 גרם,false,1,9.90,1.32,false,1,
7290008670012,false,קברנה סובניון רקנטי 750 מל,היכל היין שקד גולן בעמ,,,יח`,7.50,"100 מ""ל",false,1,56,7.43,true,1,
7290008690713,false,נקטר חמוציות אושן ספריי פריגת (1 ליטר),החברה המרכזית להפצת משקאות בעמ,,,יח`,1,1 ליטר,false,1,13.90,13.90,false,1,
7290008693134,false,דניאלה מעדן בטעם תות שטראוס (88 גרם),שטראוס גרופ בעמ/מצונן,,,יח`,1.50,"100 מ""ל",false,1,4,2.67,false,1,
7290008745239,false,תפוצ`יפס 50 גר קראנץ`,שטראוס פריטו ליי בעמ,,,יח`,0.55,100 גרם,false,1,4,7.27,false,1,
7290008747547,false,תפוצ`יפס 200  גר`קראנץ`,שטראוס פריטו ליי בעמ,,,יח`,2,100 גרם,false,1,11.50,5.75,true,1,
7290008753111,false,תפוצ`יפס 50 גר  קראנץ`מקסיקני,שטראוס פריטו ליי בעמ,,,יח`,0.50,100 גרם,false,1,4,8,false,1,
7290008757980,false,נקטר רימונים ספרינג (1 ליטר),יפאורה,,,יח`,1,1 ליטר,false,1,7.30,7.30,false,1,
7290008775816,false,ערגליות שוקו אסם (300 גרם),קבוצת אסם סחר שות. מוגבלת,,,יח`,3,100 גרם,false,1,12.20,4.07,true,1,
7290008775823,false,ערגליות תות אסם (300 גרם),קבוצת אסם סחר שות. מוגבלת,,,יח`,3,100 גרם,false,1,12.20,4.07,true,1,
7290008801010,false,קברנה/מרלו פי.סי אדום יבש 750 מל,אגודת הכורמים,,,יח`,7.50,"100 מ""ל",false,1,41.90,5.55,true,1,
7290008801157,false,סלקטד מרלו יקבי כרמל (750 מל),אגודת הכורמים,,,יח`,7.50,"100 מ""ל",false,1,30.90,4.08,true,1,
7290008801478,false,טופז זהב אדום מתוק 750 מל,אגודת הכורמים,,,יח`,7.50,"100 מ""ל",false,1,22.70,2.99,true,1,
7290008801522,false,קונקורד אדום מתוק 750 מל קינג דיוויד,אגודת הכורמים,,,יח`,7.50,"100 מ""ל",false,1,22.90,3.01,true,1,
7290008801546,false,מוסקט מתוק 750 מל קינג דיוויד,אגודת הכורמים,,,יח`,7.50,"100 מ""ל",false,1,22.90,3.01,true,1,
7290008801843,false,סלקטד קברנה סובניון יקבי כרמל (750 מל),אגודת הכורמים,,,יח`,7.50,"100 מ""ל",false,1,30.90,4.08,true,1,
7290008802291,false,מרלו פי.סי אדום יבש 750 מל,אגודת הכורמים,,,יח`,7.50,"100 מ""ל",false,1,41.90,5.55,true,1,
7290008802512,false,וינו אדום 750 מל,אגודת הכורמים,,,יח`,7.50,"100 מ""ל",false,1,20.90,2.75,true,1,
7290008802529,false,וינו לבן 750 מל,אגודת הכורמים,,,יח`,7.50,"100 מ""ל",false,1,20.90,2.75,true,1,
7290008802895,false,קברנה סוביניון פי.סי אדום יבש 750 מל,אגודת הכורמים,,,יח`,7.50,"100 מ""ל",false,1,41.90,5.55,true,1,
7290008805964,false,קברנה שיראז אזורית אדום יבש 750 מל,אגודת הכורמים,,,יח`,7.50,"100 מ""ל",false,1,54.90,7.28,true,1,
7290008836494,false,תירוש ענבים אפרת (1 ליטר),יקב טפרברג 1870 בעמ (יינות ומש,,,יח`,10,"100 מ""ל",false,1,17.90,1.76,true,1,
7290008909761,false,בירה קרלסברג 330 מל בקבוק,החברה המרכזית להפצת משקאות בעמ,,,יח`,3.30,"100 מ""ל",false,1,7.50,2.18,false,1,
7290008909853,false,קוקה קולה זירו 500 מל,החברה המרכזית להפצת משקאות בעמ,,,יח`,5,"100 מ""ל",false,1,6.90,1.32,false,1,
7290008975780,false,בונזו כופתיות קטנות קג 3,שחורי אריה ואנסטסיה,,,יח`,3,"ק""ג",false,1,49.90,16.63,false,1,
7290008989091,false,פריכיות אורז שלישיה,בטר אנד דיפרנט בעמ,,,יח`,3,100 גרם,false,1,13.50,4.50,false,1,
7290008989473,false,ממרח חרובים 350 גר`,בטר אנד דיפרנט בעמ,,,יח`,3.50,100 גרם,false,1,13.50,3.86,false,1,
7290010002030,false,כמון טחון תבליני מימון (100 גרם),א.ל.ייצור ושיווק תבלינים בעמ,,,יח`,1,100 גרם,false,1,13.20,13.20,false,1,
7290010002061,false,פלפל לבן טחון תבליני מימון (100 גרם),א.ל.ייצור ושיווק תבלינים בעמ,,,יח`,1,100 גרם,false,1,21.40,21.40,false,1,
7290010002078,false,פלפל שחור טחון תבליני מימון (100 גרם),א.ל.ייצור ושיווק תבלינים בעמ,,,יח`,1,100 גרם,false,1,17.30,17.30,false,1,
7290010002139,false,פפריקה הונגרית חריפה 100 גר`,א.ל.ייצור ושיווק תבלינים בעמ,,,יח`,1,100 גרם,false,1,13.20,13.20,false,1,
7290010002207,false,קינמון טחון תבליני מימון (100 גרם),א.ל.ייצור ושיווק תבלינים בעמ,,,יח`,1,100 גרם,false,1,12.20,12.20,false,1,
7290010002214,false,צ`ילי גרוס תבליני מימון (70 גרם),א.ל.ייצור ושיווק תבלינים בעמ,,,יח`,0.70,100 גרם,false,1,13.20,18.86,false,1,
7290010002283,false,תיבול על האש 100 גר`,א.ל.ייצור ושיווק תבלינים בעמ,,,יח`,1,100 גרם,false,1,13.20,13.20,false,1,
7290010002313,false,ראס אל חנות 100 גר`,א.ל.ייצור ושיווק תבלינים בעמ,,,יח`,1,100 גרם,false,1,13.20,13.20,false,1,
7290010002337,false,תיבול לסטייק 100 גר`,א.ל.ייצור ושיווק תבלינים בעמ,,,יח`,1,100 גרם,false,1,13.20,13.20,false,1,
7290010002344,false,תיבול לדג 100 גר`,א.ל.ייצור ושיווק תבלינים בעמ,,,יח`,1,100 גרם,false,1,13.20,13.20,false,1,
7290010002351,false,זעתר ושומשום בלדי תבליני מימון (100 גרם),א.ל.ייצור ושיווק תבלינים בעמ,,,יח`,1,100 גרם,false,1,13.20,13.20,false,1,
7290010002382,false,אורגנו תבליני מימון (40 גרם),א.ל.ייצור ושיווק תבלינים בעמ,,,יח`,0.40,100 גרם,false,1,12.20,30.50,false,1,
7290010002399,false,בזיליקום תבליני מימון (40 גרם),א.ל.ייצור ושיווק תבלינים בעמ,,,יח`,0.50,100 גרם,false,1,12.20,24.40,false,1,
7290010002597,false,כוסברה ירוקה תבליני מימון (20 גרם),א.ל.ייצור ושיווק תבלינים בעמ,,,יח`,0.30,100 גרם,false,1,12.20,40.67,false,1,
7290010002726,false,תבלין לפרגיות 100 גר`,א.ל.ייצור ושיווק תבלינים בעמ,,,יח`,1,100 גרם,false,1,13.20,13.20,false,1,
7290010023141,false,תה לימונענע ויסוצקי הגן הקסום) (25,תה ויסוצקי (ישראל) בעמ,,,יח`,0.50,100 גרם,false,1,17.90,35.80,true,1,
7290010023622,false,תה מעודן עם נגיעות נענע ויסוצקי) (100,תה ויסוצקי (ישראל) בעמ,,,יח`,1,100 גרם,false,1,25.40,25.40,false,1,
7290010045006,false,עוגיות חמאה פריכות לחמי (200 גרם),אבאל יזמות בעמ,,,יח`,2,100 גרם,false,1,19.90,9.95,true,1,
7290010045068,false,עוגיות נסיכה לחמי (250 גרם),אבאל יזמות בעמ,,,יח`,2.50,100 גרם,false,1,19.90,7.96,true,1,
7290010051021,false,בזיליקום א.אדמה,א.אדמה (2007) בעמ,,,יח`,1,,false,1,5.90,5.90,false,1,
7290010051045,false,סלט ביבי מיקס בנספק,א.אדמה (2007) בעמ,,,יח`,1,,false,1,9.90,9.90,false,1,
7290010051052,false,פטרוזליה א. אדמה,א.אדמה (2007) בעמ,,,יח`,1.20,100 גרם,false,1,3.90,3.25,false,1,
7290010051076,false,לבבות חסה קיסר,א.אדמה (2007) בעמ,,,יח`,1,,false,1,11.90,11.90,false,1,
7290010051113,false,טימין/ קורנית,א.אדמה (2007) בעמ,,,יח`,1,,false,1,5.90,5.90,false,1,
7290010051120,false,מרווה,א.אדמה (2007) בעמ,,,יח`,1,,false,1,5.90,5.90,false,1,
7290010051144,false,תרד עלים א.אדמה,א.אדמה (2007) בעמ,,,יח`,1.80,100 גרם,false,1,9.90,5.50,false,1,
7290010051168,false,כוסברה א. אדמה,א.אדמה (2007) בעמ,,,יח`,1,,false,1,3.90,3.90,false,1,
7290010051175,false,שמיר א. אדמה,א.אדמה (2007) בעמ,,,יח`,1,,false,1,3.90,3.90,false,1,
7290010051182,false,עלי נענע א. אדמה,א.אדמה (2007) בעמ,,,יח`,1,,false,1,3.90,3.90,false,1,
7290010051199,false,שורש פטרוזיליה א. אדמה,א.אדמה (2007) בעמ,,,יח`,1,,false,1,5.90,5.90,false,1,
7290010051205,false,עלי סלרי א. אדמה,א.אדמה (2007) בעמ,,,יח`,1,,false,1,5.90,5.90,false,1,
7290010051212,false,סלרי ראש.,א.אדמה (2007) בעמ,,,יח`,3,100 גרם,false,1,5.90,1.97,false,1,
7290010051243,false,תרד ניוזילנדי א. אדמה,א.אדמה (2007) בעמ,,,יח`,1,,false,1,11.90,11.90,false,1,
7290010051267,false,לוף  ארוז- א.אדמה,א.אדמה (2007) בעמ,,,יח`,1,,false,1,10.90,10.90,false,1,
7290010051281,false,עלה רוקולה 110 גר,א.אדמה (2007) בעמ,,,יח`,1.10,100 גרם,false,1,9.90,9,false,1,
7290010051298,false,סלק עלים ארוז מנגולד א.אד,א.אדמה (2007) בעמ,,,יח`,1,,false,1,5.90,5.90,false,1,
7290010051335,false,בצל ירוק,א.אדמה (2007) בעמ,,,יח`,1,,false,1,5.90,5.90,false,1,
7290010051373,false,לבבות חסה בשקית,א.אדמה (2007) בעמ,,,יח`,1,,false,1,10.90,10.90,false,1,
7290010051434,false,חסה סלנובה,א.אדמה (2007) בעמ,,,יח`,1,,false,1,11.90,11.90,false,1,
7290010051687,false,רוזמרין ארוז,א.אדמה (2007) בעמ,,,יח`,3,100 גרם,false,1,5.90,1.97,false,1,
7290010051724,false,מלפפון בייבי,א.אדמה (2007) בעמ,,,יח`,1,,false,1,9.90,9.90,false,1,
7290010065349,false,מחית סלט פירות שלב 3 פרינוק (190 גרם),גורי מוצרי צריכה (1991) בעמ,,,יח`,1.90,100 גרם,false,1,7.50,3.95,true,1,
7290010065745,false,מחית לפתן פירות שלב 3 פרינוק (190 גרם),גורי מוצרי צריכה (1991) בעמ,,,יח`,1.90,100 גרם,false,1,7.50,3.95,true,1,
7290010066001,false,פילטונה טונה בשמן צמחי 960 גרם,פילטונה תעשיות בעמ,,,יח`,9.60,100 גרם,false,1,35.90,3.74,false,1,
7290010066087,false,פילטונה טונה בשמן זית 170 גרם,פילטונה תעשיות בעמ,,,יח`,1.70,100 גרם,false,1,8.10,4.76,false,1,
7290010066520,false,פילטונה בשמן קנולה 160 גר,פילטונה תעשיות בעמ,,,יח`,1.60,100 גרם,false,1,6.10,3.81,false,1,
7290010066575,false,טונה במי מלח 158  גר`רביעייה פילטונה,פילטונה תעשיות בעמ,,,יח`,6.32,100 גרם,false,1,23.90,3.78,true,1,
7290010066582,false,טונה בשמן קנולה 158  גר`רביעייה פילטונה,פילטונה תעשיות בעמ,,,יח`,6.32,100 גרם,false,1,23.90,3.78,true,1,
7290010066599,false,פילטונה נתחי טונה בשמן זית רביעייה,פילטונה תעשיות בעמ,,,יח`,6.40,100 גרם,false,1,28.90,4.52,false,1,
7290010116980,false,שוקולית אבקת שוקו עלית (850 גרם),שטראוס גרופ בעמ,,,יח`,8.50,100 גרם,false,1,20.30,2.39,true,1,
7290010117864,false,חטיף תירס חריף אש דוריטוס (70 גרם),שטראוס פריטו ליי בעמ,,,יח`,0.70,100 גרם,false,1,4,5.71,true,1,
7290010118328,false,חטיף צ`יפס בטעם טבעי תפוצ`יפס (40x6 גרם),שטראוס פריטו ליי בעמ,,,יח`,2.40,100 גרם,false,1,13.20,5.50,false,1,
7290010124190,false,שניצל בקר מלינסה אל מטאדור 250 גר`,בלדי בעמ,,,יח`,2.50,100 גרם,false,1,12.90,5.16,false,1,
7290010124503,false,שומן כבש 200,בלדי בעמ,,,יח`,2,100 גרם,false,1,10.10,5.05,false,1,
7290010129010,false,עוגיות כתר ריבה דולצ`ה ויטה (600 גרם),שיבולים יצור ושיווק מוצרי מאפה,,,יח`,6,100 גרם,false,1,20.90,3.48,false,1,
7290010129027,false,עוגיות מרוקאיות דולצ`ה ויטה (600 גרם),שיבולים יצור ושיווק מוצרי מאפה,,,יח`,6,100 גרם,false,1,20.90,3.48,false,1,
7290010129720,false,עוגיות רוגלך קינמון 400 גר`,שיבולים יצור ושיווק מוצרי מאפה,,,יח`,4,100 גרם,false,1,12.90,3.23,false,1,
7290010129942,false,עוגת קרנץ טעם שוקולד 500 גר`,שיבולים יצור ושיווק מוצרי מאפה,,,יח`,5,100 גרם,false,1,13.90,2.78,false,1,
7290010153770,false,ציפוי לשניצל פיקנטי 500  גר`מיה,מיה תעשיות מזון מ.ת.מ. בעמ,,,יח`,5,100 גרם,false,1,12.20,2.44,true,1,
7290010153787,false,ציפוי לשניצל עם שומשום 500  גר`מיה,מיה תעשיות מזון מ.ת.מ. בעמ,,,יח`,5,100 גרם,false,1,12.20,2.44,true,1,
7290010153794,false,ציפוי לשניצל עם עשבי תיבול 500  גר`מיה,מיה תעשיות מזון מ.ת.מ. בעמ,,,יח`,5,100 גרם,false,1,12.20,2.44,true,1,
7290010154005,false,סחוג תימני תבליני ביטון יוחאי (250 גרם),נטו מלינדה סחר בעמ,,,יח`,2.50,100 גרם,false,1,15.20,6.08,true,1,
7290010154029,false,אריסה מתוקה תבליני ביטון יוחאי (250 גרם),נטו מלינדה סחר בעמ,,,יח`,2.50,100 גרם,false,1,15.60,6.24,true,1,
7290010154036,false,עמבה תבליני ביטון יוחאי (250 גרם),נטו מלינדה סחר בעמ,,,יח`,2.50,100 גרם,false,1,15.20,6.08,true,1,
7290010154265,false,פלפל צ`ומה תבליני ביטון יוחאי (250 גרם),נטו מלינדה סחר בעמ,,,יח`,2.50,100 גרם,false,1,16.30,6.52,true,1,
7290010154425,false,סחוג ירוק 130 גר ביטון,נטו מלינדה סחר בעמ,,,יח`,1.30,100 גרם,false,1,9.40,7.23,true,1,
7290010237890,false,בירה היינקן (500 מל),טמפו משקאות בעמ,,,יח`,5,"100 מ""ל",false,1,8.90,1.54,false,1,
7290010259359,false,נודלס ביצים להקצפה וילי פוד (200 גרם),ג.וילי-פוד אינטרנשיונל בעמ,,,יח`,2,100 גרם,false,1,5.90,2.95,false,1,
7290010259366,false,נודלס מסולסלות וילי פוד (200 גרם),ג.וילי-פוד אינטרנשיונל בעמ,,,יח`,2,100 גרם,false,1,5.90,2.95,false,1,
7290010259823,false,מנת השף נודלס בטעם עוף וילי פוד (70 גרם),ג.וילי-פוד אינטרנשיונל בעמ,,,יח`,0.70,100 גרם,false,1,5.50,7.86,false,1,
7290010259847,false,מנת השף מרק+נודלס תירס,ג.וילי-פוד אינטרנשיונל בעמ,,,יח`,0.70,100 גרם,false,1,5.50,7.86,false,1,
7290010259854,false,מנת השף מרק+נודלס פטריות,ג.וילי-פוד אינטרנשיונל בעמ,,,יח`,0.70,100 גרם,false,1,5.50,7.86,false,1,
7290010259861,false,מנת השף מרק+נודלס ירקות,ג.וילי-פוד אינטרנשיונל בעמ,,,יח`,0.70,100 גרם,false,1,5.50,7.86,false,1,
7290010259991,false,צנימים וילי פוד (250 גרם),ג.וילי-פוד אינטרנשיונל בעמ,,,יח`,2.50,100 גרם,false,1,9.10,3.64,true,1,
7290010278916,false,שקית 10 מודפס,שמחה זה אנחנו בעמ,,,יח`,1,,false,1,8.90,8.90,false,1,
7290010328239,false,טחינה מתובלת משומשום טבעי אחוה (500 גרם),אחדות בעמ,,,יח`,5,100 גרם,false,1,12.90,2.58,true,1,
7290010328246,false,טחינה משומשום מלא אחוה (500 גרם),אחדות בעמ,,,יח`,5,100 גרם,false,1,11.90,2.38,true,1,
7290010328253,false,טחינה משומשום טבעי אחוה (500 גרם),אחדות בעמ,,,יח`,5,100 גרם,false,1,11.90,2.38,true,1,
7290010328468,false,מיני חלווה ב 3 טעמים אחוה,אחדות בעמ,,,יח`,2.16,100 גרם,false,1,11.90,5.51,true,1,
7290010328680,false,עוגה בטעם שוקולד עם שוקוצ`יפס מריר ולבן,אחדות בעמ,,,יח`,4.50,100 גרם,false,1,11.90,2.64,true,1,
7290010328710,false,קצפיות במגש 180  גר`אחוה,אחדות בעמ,,,יח`,1.80,100 גרם,false,1,8.50,4.72,false,1,
7290010471669,false,דנונה פרי בר קורנפלקס,שטראוס גרופ בעמ/מצונן,,,יח`,1.75,"100 מ""ל",false,1,4.50,2.57,false,1,
7290010472307,false,משקה יוגורט תות בננה גמדים (100x8 מל),שטראוס גרופ בעמ/מצונן,,,יח`,8,"100 מ""ל",false,1,20.90,2.61,false,1,
7290010627844,false,טחינה ירושלים 500  גר`שומשום מלא,תה ויסוצקי (ישראל) בעמ,,,יח`,5,100 גרם,false,1,16.90,3.38,false,1,
7290010632787,false,צימרוני אוזניים מעץ אינטרסן) (300,אינטרסן 1996 בעמ,,,יח`,300,יח`,false,1,4.90,0.02,false,1,
7290010711031,false,מברשת אבק,מ.א.ייצור ויבוא מטליות בעמ,,,יח`,1,,false,1,15.60,15.60,false,1,
7290010711123,false,4 כרות פלדה מתכת shiny,מ.א.ייצור ויבוא מטליות בעמ,,,יח`,1,,false,1,6.90,6.90,false,1,
7290010711208,false,גליל מטליות צהוב 40 יח shiny,מ.א.ייצור ויבוא מטליות בעמ,,,יח`,1,,false,1,18.90,18.90,false,1,
7290010711543,false,כף אשפה עם גומי,מ.א.ייצור ויבוא מטליות בעמ,,,יח`,1,,false,1,6.40,6.40,false,1,
7290010711550,false,דלי איטלקי עם פיה יוגב,מ.א.ייצור ויבוא מטליות בעמ,,,יח`,1,,false,1,12.50,12.50,false,1,
7290010711901,false,מטליות מיקרו רצפה שלישייה shiny,מ.א.ייצור ויבוא מטליות בעמ,,,יח`,1,,false,1,13.90,13.90,false,1,
7290010711918,false,מטליות מיקרו לניקוי כללי מעוצבות shiny,מ.א.ייצור ויבוא מטליות בעמ,,,יח`,1,,false,1,8.90,8.90,false,1,
7290010711932,false,מטליות תשיעייה רב שימושיות פרימיום shiny,מ.א.ייצור ויבוא מטליות בעמ,,,יח`,1,,false,1,8.90,8.90,false,1,
7290010748860,false,קרם ידיים אפקטיב קר,פישר תעשיות פרמצבטיות בעמ,,,יח`,1.50,"100 מ""ל",false,1,19.90,13.27,true,1,
7290010757916,false,בורקס פיצה ללא גלוטן 500  גר`אריאל,מאפיית אריאל בעמ,,,יח`,5,100 גרם,false,1,20.90,4.18,false,1,
7290010777099,false,פיתות במרקם מיוחד פיתה אקספרס) (8,מגוון שיווק והפצת מאפים בעמ,,,יח`,8,100 גרם,false,1,12.30,1.54,false,1,
7290010777297,false,פיתות ביס פיתה אקספרס (10  יח`- 600 גרם),מגוון שיווק והפצת מאפים בעמ,,,יח`,0.01,1 ליטר,false,1,13.90,1390,false,1,
7290010777358,false,פיתות מכוסמין מלא פיתה אקספרס) (8,מגוון שיווק והפצת מאפים בעמ,,,יח`,1,,false,1,16.90,16.90,false,1,
7290010777488,false,ביס מקמח מלא מחמצת 99 קלוריות 10 יח`,מגוון שיווק והפצת מאפים בעמ,,,יח`,1,,false,1,16.90,16.90,false,1,
7290010777525,false,חוכמת הפיתה,מגוון שיווק והפצת מאפים בעמ,,,יח`,0,100 גרם,false,1,16.90,16.90,false,1,
7290010838219,false,סטיביה מרמולייט) (100,דנשר (1963) בעמ,,,יח`,100,יח`,false,1,28.90,0.29,false,1,
7290010849505,false,די לואיג`י רוסו דולצ`ה 750 מל למברוסקו,הכרם - משקאות חריפים בעמ,,,יח`,7.50,"100 מ""ל",false,1,32.90,4.35,true,1,
7290010849529,false,די לואיג`י ביאנקו 750 מל למברוסקו,הכרם - משקאות חריפים בעמ,,,יח`,7.50,"100 מ""ל",false,1,32.90,4.35,true,1,
7290010883356,false,כפפות אלוורה גדול סנו סושי,החברה הדרומית לשיווק בעמ,,,יח`,1,,false,1,11.90,11.90,true,1,
7290010883363,false,כפפות אלוורה קטן סנו סושי,החברה הדרומית לשיווק בעמ,,,יח`,1,,false,1,11.90,11.90,true,1,
7290010931330,false,מטבוחה אחלה (500 גרם),שטראוס גרופ בעמ/מצונן,,,יח`,5,100 גרם,false,1,15.60,3.12,true,1,
7290010945146,false,קוטג`3% מועשר 250 גר`,החב` המרכזית - טרה,,,יח`,2.50,100 גרם,false,1,5.60,2.24,false,1,
7290010945450,false,גבינה לבנה 3% 250  גר`פיקוח,החב` המרכזית - טרה,,,יח`,2.50,100 גרם,false,1,4.98,1.99,false,1,
7290010945481,false,גבינה לבנה 5% 500  גר`פיקוח,החב` המרכזית - טרה,,,יח`,5,100 גרם,false,1,9.96,1.99,false,1,
7290011015862,false,סירופ דיאט 750 מל בטעם לימונענע פריגת,החברה המרכזית להפצת משקאות בעמ,,,יח`,7.50,"100 מ""ל",false,1,23.90,3.19,false,1,
7290011017866,false,פחית קולה סליק קוקה-קולה (330 מל),החברה המרכזית להפצת משקאות בעמ,,,יח`,3.30,"100 מ""ל",false,1,4.30,1.21,true,1,
7290011017873,false,פחית זירו סליק קוקה-קולה (330 מל),החברה המרכזית להפצת משקאות בעמ,,,יח`,3.30,"100 מ""ל",false,1,4.30,1.21,true,1,
7290011017880,false,פחית דיאט קולה סליק קוקה-קולה (330 מל),החברה המרכזית להפצת משקאות בעמ,,,יח`,3.30,"100 מ""ל",false,1,4.30,1.21,true,1,
7290011018443,false,משקה מוגז  אורנג`פאנטה (330 מל),החברה המרכזית להפצת משקאות בעמ,,,יח`,3.30,"100 מ""ל",false,1,4.30,1.21,true,1,
7290011064020,false,בולגרית בעיר מעדן גבינה למריחה 200 גרם,הגבינות של ניצן,,,יח`,2,100 גרם,false,1,14.20,7.10,false,1,
7290011064099,false,פלפלוני שרי ממולא בגבינה 125 גר,הגבינות של ניצן,,,יח`,1.25,100 גרם,false,1,21.40,17.12,false,1,
7290011115203,false,סבון מוצק נקה 7 רביעייה,החברה הדרומית לשיווק בעמ,,,יח`,4,100 גרם,false,1,11.90,2.98,true,1,
7290011115258,false,סבון מוצק נקה 7 רביעייה,החברה הדרומית לשיווק בעמ,,,יח`,4,100 גרם,false,1,11.90,2.98,true,1,
7290011115289,false,סבון מוצק נקה 7 רביעייה,החברה הדרומית לשיווק בעמ,,,יח`,4,100 גרם,false,1,11.90,2.98,true,1,
7290011126469,false,תה קמומיל ודבש ויסוצקי הגן הקסום) (25,תה ויסוצקי (ישראל) בעמ,,,יח`,0.3750,100 גרם,false,1,17.90,47.73,true,1,
7290011126957,false,תה ירוק ארל גריי ויסוצקי) (25,תה ויסוצקי (ישראל) בעמ,,,יח`,0.3750,100 גרם,false,1,27.90,74.40,true,1,
7290011133368,false,בירה שנדי תפוח מכבי (330x6 מל),טמפו משקאות בעמ,,,יח`,1.98,1 ליטר,false,1,37.90,18.23,true,1,
7290011133375,false,בירה שנדי אפרסק מכבי (330x6 מל),טמפו משקאות בעמ,,,יח`,1.98,1 ליטר,false,1,37.90,18.23,true,1,
7290011153885,false,נייר אכיל בוב ספוג,שמחה זה אנחנו בעמ,,,יח`,0.13,100 גרם,false,1,17.90,137.69,false,1,
7290011174866,false,צ`יפס בטטה 700  גר`פרי גליל,ויטה -פרי גליל (החדשה) בעמ,,,יח`,7,100 גרם,false,1,17.90,2.56,false,1,
7290011194215,false,דניאלה מעדן בטעם בננה שטראוס (88 גרם),שטראוס גרופ בעמ/מצונן,,,יח`,1.50,"100 מ""ל",false,1,4,2.67,false,1,
7290011194246,false,גבינת  קוטג`5% שטראוס (250 גרם),שטראוס גרופ בעמ/מצונן,,,יח`,2.50,100 גרם,false,1,6.10,2.44,false,1,
7290011254254,false,שוקו צ`יפס בטעם שוקולד מיה (300 גרם),מיה תעשיות מזון מ.ת.מ. בעמ,,,יח`,3,100 גרם,false,1,8.10,2.70,false,1,
7290011254346,false,קינואה מיה (1 קג),מיה תעשיות מזון מ.ת.מ. בעמ,,,יח`,1,"ק""ג",false,1,30.50,30.50,true,1,
7290011254452,false,סוכריות ללס טעם מנטה 80 גר`,מיה תעשיות מזון מ.ת.מ. בעמ,,,יח`,0.80,100 גרם,false,1,10,12.50,false,1,
7290011254728,false,ג`לטין טהור 25 גר`,מיה תעשיות מזון מ.ת.מ. בעמ,,,יח`,0.25,100 גרם,false,1,12.90,51.60,false,1,
7290011254780,false,שעועית ארגנטינאית 1 קג,מיה תעשיות מזון מ.ת.מ. בעמ,,,יח`,1,"ק""ג",false,1,20.90,20.90,true,1,
7290011378028,false,חלבה בארכה ללס 350 גר`,קבוצת אסם סחר שות. מוגבלת,,,יח`,3.50,100 גרם,false,1,16.30,4.66,false,1,
7290011435226,false,דבש מפרחי בר בלחיץ 650 גר`,שטראוס גרופ בעמ,,,יח`,6.50,100 גרם,false,1,34.90,5.37,false,1,
7290011438142,false,משקה בטעם קפה בקבוק 350,שטראוס גרופ בעמ/מצונן,,,יח`,3.50,"100 מ""ל",false,1,6.30,1.80,false,1,
7290011447281,false,תחליף חלב שלב 2 חלבי מטרנה (700 גרם),קבוצת אסם סחר שות. מוגבלת,,,יח`,7,100 גרם,false,1,57.10,8.16,true,1,
7290011447748,false,סופרקט דגי ים וירקות 3 קג,שחורי אריה ואנסטסיה,,,יח`,0.03,100 גרם,false,1,49.90,1663.33,false,1,
7290011499105,false,גבינה בולגרית 5% גד (250 גרם),מחלבות גד שיווק 1992 בעמ,,,יח`,2.50,100 גרם,false,1,24.90,9.96,false,1,
7290011499112,false,גבינה בולגרית 16% גד (250 גרם),מחלבות גד שיווק 1992 בעמ,,,יח`,2.50,100 גרם,false,1,23.90,9.56,false,1,
7290011499129,false,בולגרית לסלט 5% 200 גר`,מחלבות גד שיווק 1992 בעמ,,,יח`,2,100 גרם,false,1,21.90,10.95,false,1,
7290011499327,false,גבינה בולגרית מעודנת 5% גד (250 גרם),מחלבות גד שיווק 1992 בעמ,,,יח`,2.50,100 גרם,false,1,23.90,9.56,false,1,
7290011499341,false,גבינת קשקאבל 26% שומן גד (200 גרם),מחלבות גד שיווק 1992 בעמ,,,יח`,2,100 גרם,false,1,26.90,13.45,false,1,
7290011499358,false,גבינה פטה עיזים 20% גד (200 גרם),מחלבות גד שיווק 1992 בעמ,,,יח`,2,100 גרם,false,1,27.90,13.95,false,1,
7290011499365,false,גבינת חלומי 24% מחלב בקר גד (200 גרם),מחלבות גד שיווק 1992 בעמ,,,יח`,2,100 גרם,false,1,22.90,11.45,false,1,
7290011499419,false,גבינת במרקם שמנת 5% טבעי גד,מחלבות גד שיווק 1992 בעמ,,,יח`,2,100 גרם,false,1,12.90,6.45,false,1,
7290011499624,false,גבינת שמנת 30% 200  גר`גד,מחלבות גד שיווק 1992 בעמ,,,יח`,2,100 גרם,false,1,13.90,6.95,true,1,
7290011499846,false,גבינת ריקוטה פרסקה 9% גד (300 גרם),מחלבות גד שיווק 1992 בעמ,,,יח`,3,100 גרם,false,1,18.90,6.30,false,1,
7290011499853,false,גבינת שמנת 30% זיתים 200  גר`גד,מחלבות גד שיווק 1992 בעמ,,,יח`,2,100 גרם,false,1,13.90,6.95,true,1,
7290011515683,false,מאגדת אקסטרים וניל 6 יח`,נגה גלידות שותפות מוגבלת,,,יח`,4.32,100 גרם,false,1,32.90,7.62,false,1,
7290011524548,false,גרגרי חומוס מוקפאים 800  גר`פרי גליל,ויטה -פרי גליל (החדשה) בעמ,,,יח`,8,100 גרם,false,1,10.90,1.36,false,1,
7290011524555,false,שעועית לבנה מבושלת קפוא 800  גר`פרי גליל,ויטה -פרי גליל (החדשה) בעמ,,,יח`,8,100 גרם,false,1,10.90,1.36,false,1,
7290011530488,false,שייק איט) (150*3,בלדי בעמ,,,יח`,4.50,100 גרם,false,1,29.90,6.64,true,1,
7290011530549,false,שייק איט) (150*3,בלדי בעמ,,,יח`,4.50,100 גרם,false,1,29.90,6.64,true,1,
7290011530747,false,שייק איט) (150*3,בלדי בעמ,,,יח`,4.50,100 גרם,false,1,29.90,6.64,true,1,
7290011570798,false,קמח נטול גלוטן-כרגיל  עוגה בטעעם שוקולד,תומר יבוא ושיווק מוצרי מזון (1,,,יח`,4.50,100 גרם,false,1,16.90,3.76,false,1,
7290011570934,false,קמח נטול גלוטן-כרגיל  פנקייק 450 גר,תומר יבוא ושיווק מוצרי מזון (1,,,יח`,4.50,100 גרם,false,1,16.90,3.76,false,1,
7290011587451,false,גרנולה+פירות ואגוזים 600  גר`תומר,תומר יבוא ושיווק מוצרי מזון (1,,,יח`,6,100 גרם,false,1,13.90,2.32,false,1,
7290011587468,false,קראנצ`י+אגוז 600  גר`מוזלי תומר,תומר יבוא ושיווק מוצרי מזון (1,,,יח`,6,100 גרם,false,1,13.90,2.32,false,1,
7290011593087,false,שמן זית סבא חביב כתית מעולה 750 מל,בני פאוזי שמשום (2009) בעמ,,,יח`,7.50,"100 מ""ל",false,1,30.90,4.12,false,1,
7290011598211,false,סנו אנטי קאלק 4ב1 700 מל,החברה הדרומית לשיווק בעמ,,,יח`,7,"100 מ""ל",false,1,19.90,2.84,true,1,
7290011622428,false,חטיף בריאות לילדים כתמטמינים (45 גרם),גורי מוצרי צריכה (1991) בעמ,,,יח`,0.46,100 גרם,false,1,6.90,15,false,1,
7290011668570,false,גרנולה פירות יבשים 500 גר פנינה רוזנבלום,פנינה רוזנבלום בעמ,,,יח`,5,100 גרם,false,1,31.60,6.32,true,1,
7290011668587,false,גרנולה טעם עשיר 500  גר`פנינה רוזנבלום,פנינה רוזנבלום בעמ,,,יח`,5,100 גרם,false,1,31.60,6.32,true,1,
7290011765613,false,מתז עובש בניחוח לימון 1 לייטר סנו,החברה הדרומית לשיווק בעמ,,,יח`,10,"100 מ""ל",false,1,18.90,1.89,true,1,
7290011800840,false,טחינה בלאדי רפי כהן צבר (400 גרם),קבוצת אסם סחר שות. מוגבלת,,,יח`,4,100 גרם,false,1,17.30,4.33,false,1,
7290011877088,false,סנו סושי רדיד אלומיניום,החברה הדרומית לשיווק בעמ,,,יח`,1,,false,1,15.90,15.90,false,1,
7290011877446,false,קרם נגד גירויים בייבי כיף,החברה הדרומית לשיווק בעמ,,,יח`,1,100 גרם,false,1,15.90,15.90,true,1,
7290011877859,false,אינסטלטור פותח סתימות סנו (200 גרם),החברה הדרומית לשיווק בעמ,,,יח`,2,"100 מ""ל",false,1,15.90,7.95,true,1,
7290011923303,false,טופו טבעי ליב (300 גרם),ל.י.ב. (לחיות יותר בטבע) בעמ,,,יח`,3,100 גרם,false,1,10.50,3.50,false,1,
7290011947798,false,זית קלמטה ללא גלעין עם שמן זית כתית מעול,תה ויסוצקי (ישראל) בעמ,,,יח`,1.90,100 גרם,false,1,14.90,7.84,false,1,
7290011964344,false,שום גבישי 120 גר`,תבליני טעם וריח בעמ,,,יח`,1.20,100 גרם,false,1,9.90,8.25,true,1,
7290011964658,false,מלח לימון 170 גר`,תבליני טעם וריח בעמ,,,יח`,1.70,100 גרם,false,1,9.90,5.82,true,1,
7290011964702,false,תיבול לשווארמה 100 גר`,תבליני טעם וריח בעמ,,,יח`,1,100 גרם,false,1,9.90,9.90,true,1,
7290011969158,false,מגבונים לחים טייגר חמישייה 72 יח,פאלאס תעשיות נטו (2014) בעמ,,,יח`,5,יח`,false,1,13.90,2.78,false,1,
7290011996062,false,אורז לסושי טעמי אסיה (1 קג),טחנת האבן קואופ בעמ,,,יח`,1,"ק""ג",false,1,14.90,14.90,true,1,
7290011996086,false,צ`ילי חריף 700,טחנת האבן קואופ בעמ,,,יח`,7,"100 מ""ל",false,1,10.90,1.56,false,1,
7290011996109,false,רוטב צ`ילי מתוק טעמי אסיה (700 מל),טחנת האבן קואופ בעמ,,,יח`,7,"100 מ""ל",false,1,10.90,1.56,false,1,
7290011996178,false,רוטב סויה בסגנון יפני 300 מל,טחנת האבן קואופ בעמ,,,יח`,3,"100 מ""ל",false,1,11.90,3.97,false,1,
7290011996185,false,חומץ אורז לבן לסושי טעמי אסיה (250 מל),טחנת האבן קואופ בעמ,,,יח`,2.50,"100 מ""ל",false,1,11.90,4.76,true,1,
7290011996512,false,אטריות אורז 3 סמ טעמי אסיה (400 גרם),טחנת האבן קואופ בעמ,,,יח`,4,100 גרם,false,1,11.90,2.98,false,1,
7290011996581,false,רוטב חמוץ מתוק 300 מל,טחנת האבן קואופ בעמ,,,יח`,3,"100 מ""ל",false,1,11.90,3.97,false,1,
7290011996789,false,פנקו טעמי אסיה (200 גרם),טחנת האבן קואופ בעמ,,,יח`,2,100 גרם,false,1,11.90,5.95,false,1,
7290011996888,false,רוטב טריאקי טעמי אסיה (300 מל),טחנת האבן קואופ בעמ,,,יח`,3,"100 מ""ל",false,1,12.90,4.30,false,1,
7290012001994,false,חרדל דיגון גרעינים 350 גרם,דיפלומט היינץ,,,יח`,3.40,100 גרם,false,1,14.20,4.18,false,1,
7290012019012,false,אספרגוס לבן 350 גר`,תומר יבוא ושיווק מוצרי מזון (1,,,יח`,3.30,100 גרם,false,1,10.90,3.30,false,1,
7290012022005,false,קריספיות,דילייט 2005 בעמ,,,יח`,0.60,100 גרם,false,1,12.90,21.50,false,1,
7290012022050,false,קריספיות חיטה מלאה,דילייט 2005 בעמ,,,יח`,0.75,100 גרם,false,1,13.90,18.53,false,1,
7290012022067,false,קריספיות קידס 30 גרם,דילייט 2005 בעמ,,,יח`,0.30,100 גרם,false,1,10.90,36.33,false,1,
7290012025822,false,סלק( 400  גר`)אסלי,סלטי שמיר 2006 בעמ,,,יח`,4,100 גרם,false,1,10.90,2.73,true,1,
7290012116537,false,א.כביסה סנו מקסימה 2.5 קג`,החברה הדרומית לשיווק בעמ,,,יח`,2.50,"ק""ג",false,1,25.90,10.36,true,1,
7290012116551,false,אנטי קאלק מנקה כללי סנו (2 ליטר),החברה הדרומית לשיווק בעמ,,,יח`,2,1 ליטר,false,1,20.90,10.45,true,1,
7290012116612,false,מברשת שיניים אורביטול) (4,החברה הדרומית לשיווק בעמ,,,יח`,1,,false,1,13.20,13.20,true,1,
7290012117275,false,סנוקליר שקית מילוי 750 מל,החברה הדרומית לשיווק בעמ,,,יח`,7.50,"100 מ""ל",false,1,6.90,0.92,true,1,
7290012117411,false,קרמה ג`ל רחצה לגבר 700 מל כתום,החברה הדרומית לשיווק בעמ,,,יח`,7,"100 מ""ל",false,1,16,2.29,true,1,
7290012117541,false,סנו מקסימה מרכך 1 ליטר צהוב,החברה הדרומית לשיווק בעמ,,,יח`,1,1 ליטר,false,1,18.90,18.90,true,1,
7290012117558,false,סנו מקסימה מרכך 1 ליטר ורוד בהיר,החברה הדרומית לשיווק בעמ,,,יח`,1,1 ליטר,false,1,18.90,18.90,true,1,
7290012117732,false,סנו מקסימה4 ליטר,החברה הדרומית לשיווק בעמ,,,יח`,4,1 ליטר,false,1,22.40,5.60,true,1,
7290012139598,false,חול לחתולים קיטי (10 קג),שחורי אריה ואנסטסיה,,,יח`,10,"ק""ג",false,1,49.90,4.99,false,1,
7290012191992,false,גפרורים ארוכים,אבאל יזמות בעמ,,,יח`,1,,false,1,6.50,6.50,true,1,
7290012193125,false,סוכרלוז טבליות מרמולייט) (150,דנשר (1963) בעמ,,,יח`,1.50,100 גרם,false,1,35.60,23.73,false,1,
7290012226021,false,נקניק סלמי מעושן פראג זוגלובק (400 גרם),זוגלובק שיווק בעמ,,,יח`,4,100 גרם,false,1,23.40,5.85,false,1,
7290012226120,false,קבנוס זוגלובק (45x3 גרם),זוגלובק שיווק בעמ,,,יח`,1.35,100 גרם,false,1,12.50,9.26,true,1,
7290012226342,false,נקניקיה טבעונית עשירה בחלבון 460 גר` זוג,זוגלובק שיווק בעמ,,,יח`,4.60,100 גרם,false,1,29.90,6.50,true,1,
7290012226922,false,קבנוס בטעם שום זוגלובק (45x3 גרם),זוגלובק שיווק בעמ,,,יח`,1.35,100 גרם,false,1,12.50,9.26,true,1,
7290012226939,false,קבנוס 135  גר`עם צ`ילי חריף זוגלובק,זוגלובק שיווק בעמ,,,יח`,1.35,100 גרם,false,1,12.50,9.26,true,1,
7290012227608,false,זוג חרמון כפרית וחרמון ברבקיו-מחפוד,זוגלובק שיווק בעמ,,,יח`,6,100 גרם,false,1,36.70,6.12,false,1,
7290012227622,false,חרמון כפרית דבש 400  גר- מחפוד,זוגלובק שיווק בעמ,,,יח`,4,100 גרם,false,1,21.40,5.35,false,1,
7290012227776,false,פסטרמה הודו 400גר`(מחפוד),זוגלובק שיווק בעמ,,,יח`,4,100 גרם,false,1,21.40,5.35,false,1,
7290012227783,false,תה מעושן 400 גר`(מחפוד),זוגלובק שיווק בעמ,,,יח`,4,100 גרם,false,1,21.40,5.35,false,1,
7290012227912,false,קבנוס מעודן 135 גרם,זוגלובק שיווק בעמ,,,יח`,1.35,100 גרם,false,1,11.20,8.30,true,1,
7290012227974,false,פסטרמה בדבש 120  גר`זוגלובק,זוגלובק שיווק בעמ,,,יח`,1.20,100 גרם,false,1,14.80,12.33,true,1,
7290012227981,false,פסטרמה ברביקין 120  גר`זוגלובק,זוגלובק שיווק בעמ,,,יח`,1.20,100 גרם,false,1,14.80,12.33,true,1,
7290012227998,false,חזה בקר 120  גר`זוגלובק,זוגלובק שיווק בעמ,,,יח`,1.20,100 גרם,false,1,14.80,12.33,true,1,
7290012228407,false,נקנקיות ג`מבו מחפוד 1.5 קג זוגלובק,זוגלובק שיווק בעמ,,,יח`,15,100 גרם,false,1,38.90,2.59,false,1,
7290012228766,false,קבנוס מחפוד 120 גר זוגלובק,זוגלובק שיווק בעמ,,,יח`,1.20,100 גרם,false,1,10.90,9.08,true,1,
7290012309311,false,ערמונים קלופים שלמים 100גר`,דין שיווק וקליה 2021 בעמ,,,יח`,1,100 גרם,false,1,6.90,6.90,false,1,
7290012352034,false,קרם לחות+שמן לשיער מתולתל,החברה הדרומית לשיווק בעמ,,,יח`,4,"100 מ""ל",false,1,23.90,5.98,true,1,
7290012404955,false,נקטר חמוציות ספרינג קולקשן (1.25 ליטר),יפאורה,,,יח`,1.25,1 ליטר,false,1,16.90,13.28,true,1,
7290012404993,false,חמוציות דיאט ספרינג קולקשן (1.25 ליטר),יפאורה,,,יח`,1.25,1 ליטר,false,1,16.90,13.28,true,1,
7290012413643,false,תה ירוק קמומיל ויסוצקי) (25,תה ויסוצקי (ישראל) בעמ,,,יח`,0.3750,100 גרם,false,1,27.90,74.40,true,1,
7290012483608,false,אורז בסמטי דאווט וילי פוד (5 קג),ג.וילי-פוד אינטרנשיונל בעמ,,,יח`,0.05,100 גרם,false,1,52.10,1042,false,1,
7290012561405,false,בצל קצוץ ומטוגן דורות (180 גרם),קבוצת אסם סחר שות. מוגבלת,,,יח`,1.80,100 גרם,false,1,13.20,7.33,false,1,
7290012576362,false,יין ספיישל רזרב קברנה סוביניון 750 מל,טמפו משקאות בעמ,,,יח`,7.50,"100 מ""ל",false,1,61,8.09,true,1,
7290012576614,false,פרמייר אמרלד ריזלינג יקבי ברקן (750 מל),טמפו משקאות בעמ,,,יח`,7.50,"100 מ""ל",false,1,27.90,3.68,false,1,
7290012645020,false,יוגורט 500 מל חלב הארץ,שטראוס גרופ בעמ/מצונן,,,יח`,5,"100 מ""ל",false,1,12.80,2.56,true,1,
7290012645112,false,יוגורט עיזים 750 מל בדלי,שטראוס גרופ בעמ/מצונן,,,יח`,7.50,"100 מ""ל",false,1,20.90,2.79,false,1,
7290012645129,false,יוגורט כבשים 750 מל בדלי חלב הארץ,שטראוס גרופ בעמ/מצונן,,,יח`,7.50,"100 מ""ל",false,1,20.90,2.79,false,1,
7290012645297,false,יוגורט עיזים בטעם טיבעי 150  גר`חלב האר,שטראוס גרופ בעמ/מצונן,,,יח`,1.50,100 גרם,false,1,5.90,3.93,false,1,
7290012803215,false,טוסו וופל בלגי ללתס בטעם שוקולד 200 גר`,דנשר (1963) בעמ,,,יח`,2,100 גרם,false,1,11.50,5.75,true,1,
7290012803222,false,טוסו וופל בלגי ללתס בטעם לימון 200 גר`,דנשר (1963) בעמ,,,יח`,2,100 גרם,false,1,11.50,5.75,true,1,
7290012803765,false,טוסו שוקולד מריר ללתס 100 גר`,דנשר (1963) בעמ,,,יח`,1,100 גרם,false,1,14.20,14.20,false,1,
7290012803772,false,טוסו שוקולד חלב ללתס 100 גר`,דנשר (1963) בעמ,,,יח`,1,100 גרם,false,1,14.20,14.20,false,1,
7290012803789,false,טוסו שוקולד מריר+אגוזים ללתס 100 גר`,דנשר (1963) בעמ,,,יח`,1,100 גרם,false,1,14.20,14.20,false,1,
7290012803796,false,טוסו שוקולד חלבי+אגזוים ללתס 100 גר`,דנשר (1963) בעמ,,,יח`,1,100 גרם,false,1,14.20,14.20,false,1,
7290012823398,false,ריצפז פרש מטליות חד פעמיות 10 יח`,החברה הדרומית לשיווק בעמ,,,יח`,1,,false,1,12.90,12.90,true,1,
7290012823589,false,ריצפז פרש 2 ליטר,החברה הדרומית לשיווק בעמ,,,יח`,2000,1 ליטר,false,1,20.90,0.01,true,1,
7290012823602,false,נייר טואלט סופט 32 גלילים,החברה הדרומית לשיווק בעמ,,,יח`,1,,false,1,35.90,35.90,true,1,
7290012823923,false,סנו מקסימה מרכך 750 מל זהב,החברה הדרומית לשיווק בעמ,,,יח`,7.50,"100 מ""ל",false,1,18.90,2.52,true,1,
7290012864001,false,נבטי חמניה,א.אדמה (2007) בעמ,,,יח`,1,,false,1,10.90,10.90,false,1,
7290012864025,false,אלפלפא,א.אדמה (2007) בעמ,,,יח`,1,,false,1,7.90,7.90,false,1,
7290012884986,false,צ`יפס לתנור עד 4% שומן תפוגן (1.5 קג),קבוצת אסם סחר שות. מוגבלת,,,יח`,15,100 גרם,false,1,26.50,1.77,false,1,
7290012901355,false,ארוחת אטריות עם גבינה 206 גר`Doodles,מור-ים מרקטינג בעמ,,,יח`,2.06,100 גרם,false,1,11.90,5.78,false,1,
7290012901959,false,ארוחת אטריות עם גבינה מסולסלים 156 גר`,מור-ים מרקטינג בעמ,,,יח`,2.06,100 גרם,false,1,11.90,5.78,false,1,
7290012911293,false,דפי אורז 22 סמ טעמי אסיה (300 גרם)-ללא,טחנת האבן קואופ בעמ,,,יח`,3,100 גרם,false,1,12.90,4.30,true,1,
7290012911415,false,ממרח קארי ירוק טעמי אסיה (400 גרם),טחנת האבן קואופ בעמ,,,יח`,4,100 גרם,false,1,19.50,4.88,true,1,
7290012911477,false,קרם קוקוס טעמי אסיה (400 מל),טחנת האבן קואופ בעמ,,,יח`,4,100 גרם,false,1,11.90,2.98,false,1,
7290012911583,false,רצועות דלעת כבושה 100 גר`,טחנת האבן קואופ בעמ,,,יח`,1,100 גרם,false,1,12.90,12.90,false,1,
7290012911804,false,שמן שומשום טעמי אסיה (150 מל),טחנת האבן קואופ בעמ,,,יח`,1.50,"100 מ""ל",false,1,16.90,11.27,true,1,
7290012911866,false,דפי אורז מרובעים 22 סמ,טחנת האבן קואופ בעמ,,,יח`,3,100 גרם,false,1,12.90,4.30,false,1,
7290012911934,false,שבבי אורז 227 גר,טחנת האבן קואופ בעמ,,,יח`,2.27,100 גרם,false,1,6.90,3.04,false,1,
7290012911941,false,רוטב צילי מתוק ללתס 700 מל,טחנת האבן קואופ בעמ,,,יח`,7,"100 מ""ל",false,1,15.90,2.27,false,1,
7290012911965,false,ג`ינג`ר לסושי ללא צבע 250 גר,טחנת האבן קואופ בעמ,,,יח`,2.50,100 גרם,false,1,10.90,4.36,false,1,
7290012921032,false,בירה אדמונית בירה מלכה (330 מל),הכרם - משקאות חריפים בעמ,,,יח`,3.30,"100 מ""ל",false,1,14.90,4.42,true,1,
7290012931062,false,10 אטבי הדור החדש,מ.א.ייצור ויבוא מטליות בעמ,,,יח`,1,,false,1,6.90,6.90,false,1,
7290012931611,false,3 כריות ברזל לקרצוף חזק shiny,מ.א.ייצור ויבוא מטליות בעמ,,,יח`,1,,false,1,7.90,7.90,false,1,
7290012936944,false,אגוז מוסקט טחון תבליני מימון (40 גרם),א.ל.ייצור ושיווק תבלינים בעמ,,,יח`,0.40,100 גרם,false,1,16.30,40.75,false,1,
7290012938405,false,דיימונד עבה 087,גורי ע.ע.ע בעמ,,,יח`,1,,false,1,18.90,18.90,false,1,
7290012938580,false,הלבנה עדינה סנסודיין (75 מל),גורי ע.ע.ע בעמ,,,יח`,0.75,"100 מ""ל",false,1,22.90,30.53,true,1,
7290012962561,false,קיסמי שיניים במבוק הוסטס) (500,אינטרסן 1996 בעמ,,,יח`,1,,false,1,5.50,5.50,true,1,
7290013027399,false,לחם אנג`ל 100 בתוספת שיפון-קל 750גר,שלמה א. אנג`ל בעמ,,,יח`,7.50,100 גרם,false,1,13.90,1.85,false,1,
7290013083685,false,מטרנה אקסטרא קייר 700  גר`שלב3,קבוצת אסם סחר שות. מוגבלת,,,יח`,7,100 גרם,false,1,63.90,9.13,true,1,
7290013117212,false,בורקס פילו גבינה מעדנות,תנובה קפואים,,,יח`,6,100 גרם,false,1,24.40,4.07,false,1,
7290013117229,false,בורקס פילו תפוא מעדנות,תנובה קפואים,,,יח`,6,100 גרם,false,1,24.40,4.07,false,1,
7290013117243,false,בורקס פילו בולגרית מעדנות,תנובה קפואים,,,יח`,6,100 גרם,false,1,24.40,4.07,false,1,
7290013117410,false,בצק פריך מתוק 900  גר`מעדנות,תנובה קפואים,,,יח`,9,100 גרם,false,1,25.50,2.83,false,1,
7290013121028,false,לחם לבן גרין לייט (500 גרם),גורי ע.ע.ע בעמ,,,יח`,5,100 גרם,false,1,19.90,3.98,false,1,
7290013121035,false,לחם פשתן 500  גר`ללא גלוטן,גורי ע.ע.ע בעמ,,,יח`,5,100 גרם,false,1,20.90,4.18,false,1,
7290013121103,false,שליש באגט ללא גלוטן,גורי ע.ע.ע בעמ,,,יח`,4,100 גרם,false,1,18.90,4.73,false,1,
7290013121127,false,לחמיני`ס גרין לייט (420 גרם),גורי ע.ע.ע בעמ,,,יח`,4.80,100 גרם,false,1,18.90,3.94,false,1,
7290013121769,false,שליש באגט ללס וללא גלוטן,גורי ע.ע.ע בעמ,,,יח`,4,100 גרם,false,1,18.50,4.63,false,1,
7290013128324,false,ענבים שחורים,לכיש מושב עובדים להתישבות*30 י,,,"ק""ג",1,,true,1,15.90,15.90,false,1,
7290013144171,false,תערובת עוגת שוקולד 560 גר`,א.ל.ייצור ושיווק תבלינים בעמ,,,יח`,5.60,100 גרם,false,1,19.90,3.55,true,1,
7290013144232,false,פודינג בטעם וניל 85  גר`מימונס,א.ל.ייצור ושיווק תבלינים בעמ,,,יח`,0.85,100 גרם,false,1,6.90,8.12,true,1,
7290013144393,false,תמצית אפיה בטעם וניל מימונס (50 מל),א.ל.ייצור ושיווק תבלינים בעמ,,,יח`,0.50,100 גרם,false,1,5.90,11.80,false,1,
7290013144515,false,צבע מאכל צהוב מימונס (50 מל),א.ל.ייצור ושיווק תבלינים בעמ,,,יח`,0.50,100 גרם,false,1,6.90,13.80,false,1,
7290013144539,false,צבע מאכל אדום מימונס (50 מל),א.ל.ייצור ושיווק תבלינים בעמ,,,יח`,0.50,100 גרם,false,1,6.90,13.80,false,1,
7290013144614,false,סירופ מייפל אמיתי מימונס (236 מל),א.ל.ייצור ושיווק תבלינים בעמ,,,יח`,2.36,"100 מ""ל",false,1,36.90,15.64,true,1,
7290013144751,false,סירופ מייפל מימונס (500 גרם),א.ל.ייצור ושיווק תבלינים בעמ,,,יח`,5,"100 מ""ל",false,1,16.90,3.38,true,1,
7290013144768,false,סירופ שוקולד מימונס (500 גרם),א.ל.ייצור ושיווק תבלינים בעמ,,,יח`,5,"100 מ""ל",false,1,16.90,3.38,true,1,
7290013144911,false,מיקס שוקולד צ`יפס מריר וחלב 250 גר`,א.ל.ייצור ושיווק תבלינים בעמ,,,יח`,2.50,100 גרם,false,1,15.90,6.36,false,1,
7290013145178,false,קוקוס לבן טחון מימונס (100 גרם),א.ל.ייצור ושיווק תבלינים בעמ,,,יח`,1,100 גרם,false,1,6.90,6.90,false,1,
7290013145192,false,שומשום מימונס (100 גרם),א.ל.ייצור ושיווק תבלינים בעמ,,,יח`,1,100 גרם,false,1,6.90,6.90,false,1,
7290013145215,false,שומשום מימונס (400 גרם),א.ל.ייצור ושיווק תבלינים בעמ,,,יח`,4,100 גרם,false,1,14.90,3.73,false,1,
7290013145390,false,שוקולד צ`יפס מימונס (250 גרם),א.ל.ייצור ושיווק תבלינים בעמ,,,יח`,2.50,100 גרם,false,1,11.90,4.76,false,1,
7290013145444,false,שוקולד צ`יפס 66% מוצקים מימונס (250 גרם),א.ל.ייצור ושיווק תבלינים בעמ,,,יח`,2.50,100 גרם,false,1,17.90,7.16,false,1,
7290013145451,false,קקאו 150  גר`שקית מימונס,א.ל.ייצור ושיווק תבלינים בעמ,,,יח`,1.50,100 גרם,false,1,10.90,7.27,false,1,
7290013145628,false,סוכריות צבעוניות לקישוט 200 גר,א.ל.ייצור ושיווק תבלינים בעמ,,,יח`,2,100 גרם,false,1,10.90,5.45,false,1,
7290013145840,false,סוכר וניל מימונס (10x10 גרם),א.ל.ייצור ושיווק תבלינים בעמ,,,יח`,10,יח`,false,1,3.90,0.39,false,1,
7290013145857,false,אבקת אפיה מימונס (10x10 גרם),א.ל.ייצור ושיווק תבלינים בעמ,,,יח`,10,יח`,false,1,3.90,0.39,false,1,
7290013145901,false,סודה לשתיה מימונס (100 גרם),א.ל.ייצור ושיווק תבלינים בעמ,,,יח`,0.50,100 גרם,false,1,4.90,9.80,false,1,
7290013145918,false,אבקת סוכר מימונס (100 גרם),א.ל.ייצור ושיווק תבלינים בעמ,,,יח`,1,100 גרם,false,1,4.90,4.90,false,1,
7290013145956,false,שמרים יבשים בואקום מימונס (500 גרם),א.ל.ייצור ושיווק תבלינים בעמ,,,יח`,5,100 גרם,false,1,13.90,2.78,false,1,
7290013145963,false,שמרים יבשים בואקום מימונס (125 גרם),א.ל.ייצור ושיווק תבלינים בעמ,,,יח`,1.25,100 גרם,false,1,6.90,5.52,false,1,
7290013146274,false,מארז 8 יח תחתיות מרנג 10  גר`מימונס,א.ל.ייצור ושיווק תבלינים בעמ,,,יח`,1,100 גרם,false,1,20.90,20.90,false,1,
7290013146304,false,קורנפלור 500  גר`מימונס,א.ל.ייצור ושיווק תבלינים בעמ,,,יח`,5,100 גרם,false,1,7.90,1.58,false,1,
7290013146403,false,סירופ בטעם קרמל מלוח 500  גר`מימונס,א.ל.ייצור ושיווק תבלינים בעמ,,,יח`,5,100 גרם,false,1,18.90,3.78,false,1,
7290013146816,false,אבקת סוכר שקית 500 מימונס,א.ל.ייצור ושיווק תבלינים בעמ,,,יח`,5,100 גרם,false,1,7.90,1.58,false,1,
7290013220042,false,מיקס טרופי א.מ שרון (500 גרם),א.מ. שרון שיווק (2014) בעמ,,,יח`,5,100 גרם,false,1,24.90,4.98,true,1,
7290013220899,false,תות שדה א.מ שרון (500 גרם),א.מ. שרון שיווק (2014) בעמ,,,יח`,5,100 גרם,false,1,24.90,4.98,true,1,
7290013220929,false,אוכמנית א.מ שרון (400 גרם),א.מ. שרון שיווק (2014) בעמ,,,יח`,4,100 גרם,false,1,24.90,6.23,true,1,
7290013221001,false,אננס קפוא 500 גר`,א.מ. שרון שיווק (2014) בעמ,,,יח`,5,100 גרם,false,1,24.90,4.98,true,1,
7290013268020,false,סנו מקסימה מרכך 1 ליטר כחול פסים,החברה הדרומית לשיווק בעמ,,,יח`,1,1 ליטר,false,1,18.90,18.90,true,1,
7290013268242,false,ריצפז פרש הום בניחוח מלון מפנק 2 ליטר,החברה הדרומית לשיווק בעמ,,,יח`,2,1 ליטר,false,1,22.90,11.45,true,1,
7290013268884,false,ריצפז פרש 2 ליטר מאסק,החברה הדרומית לשיווק בעמ,,,יח`,2,1 ליטר,false,1,20.90,10.45,true,1,
7290013268891,false,אוקסיג`ן ג`ל 3 ליטר,החברה הדרומית לשיווק בעמ,,,יח`,3,1 ליטר,false,1,32.60,10.87,true,1,
7290013268907,false,מקסימה ג`ל כביסה 3 ליטר,החברה הדרומית לשיווק בעמ,,,יח`,3,1 ליטר,false,1,34.60,11.53,true,1,
7290013268938,false,סנובון שלישיה מאסק,החברה הדרומית לשיווק בעמ,,,יח`,1.95,100 גרם,false,1,12.90,6.62,true,1,
7290013268990,false,מקסימה מרכך סופר מרוכז ביו סנו (1 ליטר),החברה הדרומית לשיווק בעמ,,,יח`,1,1 ליטר,false,1,18.90,18.90,true,1,
7290013269003,false,סנו מקסימה מרכך 1 ליטר כחול בייבי,החברה הדרומית לשיווק בעמ,,,יח`,10,"100 מ""ל",false,1,20.90,2.09,true,1,
7290013269263,false,מקסימה ג`ל כביסה 3 ליטר,החברה הדרומית לשיווק בעמ,,,יח`,3,1 ליטר,false,1,34.60,11.53,true,1,
7290013269621,false,ריצפז פרש הום בניחוח מלון בוטיק 2 ליטר,החברה הדרומית לשיווק בעמ,,,יח`,2,1 ליטר,false,1,22.90,11.45,true,1,
7290013269645,false,ריצפז פרש מטליות חד פעמיות 10 יח`,החברה הדרומית לשיווק בעמ,,,יח`,1,,false,1,12.90,12.90,true,1,
7290013269652,false,פוליויקס גרניט פורצלן 2 ליטר,החברה הדרומית לשיווק בעמ,,,יח`,2,1 ליטר,false,1,23.90,11.95,true,1,
7290013269669,false,ריצפז 3 ליטר פנטזיה,החברה הדרומית לשיווק בעמ,,,יח`,3,1 ליטר,false,1,13.90,4.63,true,1,
7290013269850,false,נייר אפיה אקולוגי סנו) (50,החברה הדרומית לשיווק בעמ,,,יח`,50,יח`,false,1,15.90,0.32,true,1,
7290013269867,false,מפות שולחן 120*180 סמ סנו סושי) (2,החברה הדרומית לשיווק בעמ,,,יח`,0,100 גרם,false,1,10.90,10.90,false,1,
7290013276124,false,בירה נגב אמבר אייל 330 מל,הכרם - משקאות חריפים בעמ,,,יח`,3.30,"100 מ""ל",false,1,14.90,4.42,true,1,
7290013284051,false,פריניר טריו זיתים 560ג.,אבאל יזמות בעמ,,,יח`,5.60,100 גרם,false,1,8.90,1.59,true,1,
7290013284075,false,פריניר טבעות זיתים מושחרים 560ג.,אבאל יזמות בעמ,,,יח`,5.60,100 גרם,false,1,8.90,1.59,true,1,
7290013284112,false,פריניר זיתים חרוזית ירוק a2,אבאל יזמות בעמ,,,יח`,0,100 גרם,false,1,8.50,8.50,true,1,
7290013284136,false,פריניר מלפפון במלח 7-9 560ג.,אבאל יזמות בעמ,,,יח`,5.60,100 גרם,false,1,6.90,1.23,true,1,
7290013284143,false,פריניר מלפפונים במלח 10-12 560ג.,אבאל יזמות בעמ,,,יח`,5.60,100 גרם,false,1,7.90,1.41,true,1,
7290013284150,false,פריניר מלפפונים במלח 13-17 560ג,אבאל יזמות בעמ,,,יח`,5.60,100 גרם,false,1,9.90,1.77,true,1,
7290013284174,false,פריניר מלפפונים בחומץ 7-9 560גר.,אבאל יזמות בעמ,,,יח`,5.60,100 גרם,false,1,6.90,1.23,true,1,
7290013284181,false,פריניר מלפפונים בחומץ10-12 560ג.,אבאל יזמות בעמ,,,יח`,5.60,100 גרם,false,1,7.90,1.41,true,1,
7290013284204,false,פריניר מלפפון חומץ 18-25,אבאל יזמות בעמ,,,יח`,5.60,100 גרם,false,1,9.90,1.77,true,1,
7290013284310,false,רוטב פסטה 240  גר`פריניר,אבאל יזמות בעמ,,,יח`,2.40,100 גרם,false,1,5.90,2.46,true,1,
7290013310163,false,מדליקי פחם מוצק איזי לייט) (40,אינטרסן 1996 בעמ,,,יח`,1,,false,1,8.90,8.90,false,1,
7290013310378,false,כפפות ניטריל כחולות S איזי טאצ`) (80,אינטרסן 1996 בעמ,,,יח`,80,יח`,false,1,25.90,0.32,false,1,
7290013310408,false,כפפות ניטריל ללא אבקה XL 80 יח`,אינטרסן 1996 בעמ,,,יח`,80,יח`,false,1,25.90,0.32,false,1,
7290013310477,false,שיפודי במבוק גמבו שטוחים,אינטרסן 1996 בעמ,,,יח`,1,,false,1,9.90,9.90,false,1,
7290013358363,false,פירורי לחם פנקו מוזהבים 300  גר`מנה מאסט,ש.שסטוביץ בעמ,,,יח`,3,100 גרם,false,1,11.20,3.73,false,1,
7290013358462,false,מיני קרוטונים שום בצל 350  גר`מנה מאסטר,ש.שסטוביץ בעמ,,,יח`,3.50,100 גרם,false,1,19.90,5.69,false,1,
7290013358530,false,רוטב צ`ילי מתוק מאסטר שף (700 מל),ש.שסטוביץ בעמ,,,יח`,7,"100 מ""ל",false,1,14.90,2.13,false,1,
7290013358578,false,אטריות אורז רחבות 400  גר`מנה מאסטר שף,ש.שסטוביץ בעמ,,,יח`,4,100 גרם,false,1,10.90,2.73,false,1,
7290013358585,false,נודלס ביצים 400  גר`מנה מאסטר שף,ש.שסטוביץ בעמ,,,יח`,4,100 גרם,false,1,10.90,2.73,false,1,
7290013358806,false,מארז פריכיות אורז עם מלח מנה 264 גר,ש.שסטוביץ בעמ,,,יח`,2.64,100 גרם,false,1,15.20,5.76,true,1,
7290013358837,false,מארז פריכיות אורז מנה ללא מלח 264 גר,ש.שסטוביץ בעמ,,,יח`,2.64,100 גרם,false,1,15.20,5.76,true,1,
7290013430083,false,אלכסנדר בלונד בירה 330 מל,אגודת הכורמים,,,יח`,3.30,"100 מ""ל",false,1,13.90,4.12,true,1,
7290013430090,false,בירה אלכסנדר אמברה בקבוק 330 מל,אגודת הכורמים,,,יח`,3.30,"100 מ""ל",false,1,13.90,4.12,true,1,
7290013430250,false,אלכסנדר חיטה ישראלית בקבוק בודד 330 מל,אגודת הכורמים,,,יח`,3.30,"100 מ""ל",false,1,13.90,4.12,true,1,
7290013472199,false,ערמונים קלופים 100 גר`,ג.וילי-פוד אינטרנשיונל בעמ,,,יח`,1,100 גרם,false,1,5.90,5.90,false,1,
7290013472892,false,הבולגריה בקוביה 200 גר,ג.וילי-פוד אינטרנשיונל **גבינו,,,יח`,2,100 גרם,false,1,10.90,5.45,false,1,
7290013472908,false,הבולגריה בקוביות 400 גר,ג.וילי-פוד אינטרנשיונל **גבינו,,,יח`,4,100 גרם,false,1,20.90,5.23,false,1,
7290013492005,false,תפוא ננסי מיקרוגל,א.אדמה (2007) בעמ,,,יח`,1,,false,1,8.90,8.90,false,1,
7290013531117,false,רוטב פסטה לילדים יכין (240 גר`),זנלכל בעמ,,,יח`,2.40,100 גרם,false,1,6.90,2.88,false,1,
7290013531759,false,שעועית לבנה מבושלת במים יכין (550 גרם),זנלכל בעמ,,,יח`,5.50,100 גרם,false,1,11.50,2.09,false,1,
7290013580009,false,המבורגר זהב 400  גר`בלדי,בלדי בעמ,,,יח`,4,100 גרם,false,1,16.90,4.23,false,1,
7290013581648,false,מינוט סטייק 250 גר ארוז אל מטאדור,בלדי בעמ,,,יח`,2.50,100 גרם,false,1,17.90,7.16,false,1,
7290013585233,false,ספרייט זירו 330 מלסילק,החברה המרכזית להפצת משקאות בעמ,,,יח`,3.30,"100 מ""ל",false,1,4.30,1.21,true,1,
7290013585387,false,בקבוק זירו קוקה-קולה (1 ליטר),החברה המרכזית להפצת משקאות בעמ,,,יח`,10,"100 מ""ל",false,1,7.90,0.76,false,1,
7290013585394,false,בקבוק קוקה-קולה (1 ליטר),החברה המרכזית להפצת משקאות בעמ,,,יח`,10,"100 מ""ל",false,1,7.90,0.76,false,1,
7290013608260,false,מיץ רימונים סחוט פרימור (1 ליטר),שטראוס גרופ בעמ/מצונן,,,יח`,1,1 ליטר,false,1,21.90,21.90,false,1,
7290013652157,false,מגבונים להסרת איפור נטורל קר,פישר תעשיות פרמצבטיות בעמ,,,יח`,1,,false,1,25.50,25.50,false,1,
7290013675545,false,שניצל כלי תחבורה מאמא עוף (700 גרם),תנובה קפואים,,,יח`,7,100 גרם,false,1,36.90,5.27,false,1,
7290013677846,false,כוסמת מיה (1 קג),מיה תעשיות מזון מ.ת.מ. בעמ,,,יח`,1,"ק""ג",false,1,14.50,14.50,false,1,
7290013787392,false,ריקו רבילוי גבינות קלאסי 330 גר`,תנובה - חלב,,,יח`,3.30,100 גרם,false,1,27.90,8.45,false,1,
7290013787415,false,ריקו רביולי ריקוטה תרד 330 גר`,תנובה - חלב,,,יח`,3.30,100 גרם,false,1,27.90,8.45,false,1,
7290013847119,false,טונה SK בשמן קנולה 160 בי רביעיות,סטארקיסט דיפלומט היינץ,,,יח`,1.60,100 גרם,false,1,25.90,16.19,true,1,
7290013847454,false,טונה סטאריקיסט בשמן קנולה רביעייה 160 גר,סטארקיסט דיפלומט היינץ,,,יח`,6.40,100 גרם,false,1,25.90,4.05,true,1,
7290013847812,false,ס.ק טונה ילופין בשמן זית מעולה 140 גר`,סטארקיסט דיפלומט היינץ,,,יח`,1.40,100 גרם,false,1,11.20,8,false,1,
7290013848345,false,מטליות לניקוי לחיטוי ולניקוי 50 יח סנו,החברה הדרומית לשיווק בעמ,,,יח`,1,,false,1,20.90,20.90,true,1,
7290013848611,false,רדיד אלומיניום סנו סושי (61 מטר),החברה הדרומית לשיווק בעמ,,,יח`,1,,false,1,42.90,42.90,true,1,
7290013848727,false,סנו פרש מכשיר אוטומטי פלורל הרמוני,החברה הדרומית לשיווק בעמ,,,יח`,1,,false,1,45.90,45.90,false,1,
7290013848758,false,סנו מקסימה ג`ל מרוכז בייבי,החברה הדרומית לשיווק בעמ,,,יח`,3,1 ליטר,false,1,33.90,11.30,false,1,
7290013883407,false,דזיטול מרסס לחיטוי כללי  (750200 מל),יעקב יעקבי ובניו בעמ,,,יח`,1,,false,1,13.90,13.90,false,1,
7290013903310,false,טופו אורגני 500 יח 2 יח נפרדות ליב,ל.י.ב. (לחיות יותר בטבע) בעמ,,,יח`,5,100 גרם,false,1,18.90,3.78,true,1,
7290013903594,false,רסק תפוחי עץ ליב 670 גר`,ל.י.ב. (לחיות יותר בטבע) בעמ,,,יח`,6.70,100 גרם,false,1,12.20,1.82,true,1,
7290013906212,false,נקניקיות וינר 1  קג`טירת צבי,תנובה קפואים,,,יח`,1,1 ליטר,false,1,34.60,34.60,true,1,
7290013906441,false,קבנוס 120  גר`טירת צבי,תנובה קפואים,,,יח`,1.20,100 גרם,false,1,13.20,11,false,1,
7290013927033,false,מעמולים במגש אחוה (600 גרם),אחדות בעמ,,,יח`,6,100 גרם,false,1,10.90,1.82,false,1,
7290013927057,false,עוגיות שוקולד צ`יפס אחוה (400 גרם),אחדות בעמ,,,יח`,4,100 גרם,false,1,9.90,2.48,false,1,
7290013927156,false,עוגת פירות יער ללתס 450  גר`אחוה,אחדות בעמ,,,יח`,4.50,100 גרם,false,1,13.90,3.09,false,1,
7290013927514,false,רוגעלך קינמון במגש 400  גר`אחוה,אחדות בעמ,,,יח`,4,100 גרם,false,1,10.90,2.73,false,1,
7290013927637,false,חלבה אחוה ללתס 400 גר`,אחדות בעמ,,,יח`,4,100 גרם,false,1,13.90,3.48,false,1,
7290013927996,false,עוגת שמרים קרנץ בטעם שוקולד 400  גר`אחוו,אחדות בעמ,,,יח`,4,100 גרם,false,1,11.90,2.98,false,1,
7290014002135,false,תה ירוק מיקס 5 טעמים ויסוצקי) (25,תה ויסוצקי (ישראל) בעמ,,,יח`,0.3750,100 גרם,false,1,27.90,74.40,true,1,
7290014002197,false,הגן הקסום קמומיל לימונית 25 שקיקים,תה ויסוצקי (ישראל) בעמ,,,יח`,0.3750,100 גרם,false,1,17.90,47.73,true,1,
7290014002203,false,חליטת לימונית לואיזה ויסוצקי) (25,תה ויסוצקי (ישראל) בעמ,,,יח`,0.3750,100 גרם,false,1,17.90,47.73,true,1,
7290014002944,false,תה חמדת השקד ויסוצקי הגן הקסום) (25,תה ויסוצקי (ישראל) בעמ,,,יח`,1,,false,1,17.90,17.90,true,1,
7290014046016,false,פסטרמה של פעם 100% 250גר`,מעדני יחיעם (1993) בעמ,,,יח`,2.50,100 גרם,false,1,25.90,10.36,false,1,
7290014046047,false,צמד פסטרמות 600 גר` יחיעם,מעדני יחיעם (1993) בעמ,,,יח`,6,100 גרם,false,1,26.90,4.48,true,1,
7290014046474,false,נקניקיות עוף 1.5 קג,מעדני יחיעם (1993) בעמ,,,יח`,1.50,"ק""ג",false,1,31.60,21.07,true,1,
7290014046580,false,פסטרמה מעודנת על גחלים יחיעם (300 גרם),מעדני יחיעם (1993) בעמ,,,יח`,3,100 גרם,false,1,25.40,8.47,true,1,
7290014046757,false,סלמי תה יחיעם (300 גרם),מעדני יחיעם (1993) בעמ,,,יח`,3,100 גרם,false,1,26.50,8.83,true,1,
7290014046764,false,סלמי פפרוני 200  גר`יחיעם,מעדני יחיעם (1993) בעמ,,,יח`,2,100 גרם,false,1,15.20,7.60,false,1,
7290014083813,false,שפורטים בשמן וילי פוד (190 גרם),ג.וילי-פוד אינטרנשיונל בעמ,,,יח`,1.90,100 גרם,false,1,8.90,4.68,false,1,
7290014094352,false,אגוז מלך טבעי ששון הקולה (200 גרם),דין שיווק וקליה 2021 בעמ,,,יח`,2,100 גרם,false,1,15.90,7.95,true,1,
7290014094406,false,צימוק לבן ששון הקולה (330 גרם),דין שיווק וקליה 2021 בעמ,,,יח`,3.30,100 גרם,false,1,18.90,5.73,false,1,
7290014094628,false,פקאן טבעי ששון הקולה (200 גרם),דין שיווק וקליה 2021 בעמ,,,יח`,2,100 גרם,false,1,28.90,14.45,false,1,
7290014094642,false,אגוזי קשיו טבעיים ששון הקולה (250 גרם),דין שיווק וקליה 2021 בעמ,,,יח`,2,100 גרם,false,1,27.90,13.95,false,1,
7290014095861,false,שיבולת שועל דקה שקדיה (500 גרם),דין שיווק וקליה 2021 בעמ,,,יח`,5,100 גרם,false,1,7.10,1.42,true,1,
7290014095960,false,שיבולת שועל עבה שקדיה (500 גרם),דין שיווק וקליה 2021 בעמ,,,יח`,5,100 גרם,false,1,7.10,1.42,true,1,
7290014204478,false,קרם גוף מספר 4 פנינה רוזנבלום (340 מל),פנינה רוזנבלום בעמ,,,יח`,4,"100 מ""ל",false,1,23.90,5.98,false,1,
7290014217065,false,אורגנו עלים 30 גר`,תבליני טעם וריח בעמ,,,יח`,0.30,100 גרם,false,1,9.90,33,true,1,
7290014217140,false,ראס אל חנות 100 גר`,תבליני טעם וריח בעמ,,,יח`,1,100 גרם,false,1,9.90,9.90,true,1,
7290014217157,false,תיבול טוסקנה 120 גר`,תבליני טעם וריח בעמ,,,יח`,1.20,100 גרם,false,1,9.90,8.25,true,1,
7290014217164,false,פטרוזיליה 20 גר`,תבליני טעם וריח בעמ,,,יח`,0.20,100 גרם,false,1,9.90,49.50,true,1,
7290014217201,false,סומק 45 גר`,תבליני טעם וריח בעמ,,,יח`,0.45,100 גרם,false,1,6.90,15.33,false,1,
7290014217225,false,גריל עוף 120 גר`,תבליני טעם וריח בעמ,,,יח`,1.20,100 גרם,false,1,9.90,8.25,true,1,
7290014217263,false,תיבול לפרגית 100 גר`,תבליני טעם וריח בעמ,,,יח`,1,100 גרם,false,1,9.90,9.90,true,1,
7290014217355,false,קרי אבקה 100 גר`,תבליני טעם וריח בעמ,,,יח`,1,100 גרם,false,1,9.90,9.90,true,1,
7290014217362,false,תיבול לקציצות 100 גר`,תבליני טעם וריח בעמ,,,יח`,1,100 גרם,false,1,9.90,9.90,true,1,
7290014218932,false,חטיפי פיצה בתוספת זיתים 710 גר` מעדנות,תנובה קפואים,,,יח`,7.10,100 גרם,false,1,35.90,5.06,false,1,
7290014256637,false,יין ספארקלינג מוסקטו 750 מל BUZZ,אגודת הכורמים,,,יח`,7.50,"100 מ""ל",false,1,28.90,3.81,true,1,
7290014258723,false,מטרנה צמחי 700 גר מגיל 0-12,קבוצת אסם סחר שות. מוגבלת,,,יח`,7,100 גרם,false,1,66.90,9.56,false,1,
7290014325043,false,פודינג בטעם וניל 1 קג מיה,מיה תעשיות מזון מ.ת.מ. בעמ,,,יח`,1,"ק""ג",false,1,21.40,21.40,false,1,
7290014325050,false,קורנפלור מיה (500 גרם),מיה תעשיות מזון מ.ת.מ. בעמ,,,יח`,5,100 גרם,false,1,9.40,1.88,false,1,
7290014397514,false,סנופרש הום נטול גז 350 מל בניחוח כותנה,החברה הדרומית לשיווק בעמ,,,יח`,3.50,"100 מ""ל",false,1,12.90,3.69,true,1,
7290014397705,false,פוליויקס פרקט טבעי וסינטטי סנו (2 ליטר),החברה הדרומית לשיווק בעמ,,,יח`,2,1 ליטר,false,1,20.90,10.45,false,1,
7290014426061,false,משחת שיניים לילדים הלו קיטי כצט (50 מל),גורי ע.ע.ע בעמ,,,יח`,0.50,"100 מ""ל",false,1,12.90,25.80,false,1,
7290014435834,false,מקרל מעושן פרוס בשמן 190 גר,סלטי שמיר 2006 בעמ,,,יח`,1.90,100 גרם,false,1,25.90,13.63,false,1,
7290014435841,false,פילה מטיאס  הולנדי בשמן 200 גר,סלטי שמיר 2006 בעמ,,,יח`,2,100 גרם,false,1,19.90,9.95,false,1,
7290014455184,false,קאשקבל משולש מעדנייה גד,מחלבות גד שיווק 1992 בעמ,,,"ק""ג",10,100 גרם,true,1,126,12.60,false,1,
7290014455245,false,גרנה פדנו משולש גד -200גר`,מחלבות גד שיווק 1992 בעמ,,,יח`,2,100 גרם,false,1,27.90,13.95,false,1,
7290014455252,false,גבינת גרנה פדנו מגורדת 29% גד (100 גרם),מחלבות גד שיווק 1992 בעמ,,,יח`,1,100 גרם,false,1,14.90,14.90,false,1,
7290014455320,false,כדורי מוצרלה פרסקה גד (100 גרם),מחלבות גד שיווק 1992 בעמ,,,יח`,1,100 גרם,false,1,9.50,9.50,false,1,
7290014455467,false,מעדן חלב עם שיבולת שועל 2% גד (150 גרם),מחלבות גד שיווק 1992 בעמ,,,יח`,1.50,100 גרם,false,1,5.90,3.93,true,1,
7290014459373,false,צ`יפס קראנצ`י לתנור תפוגן (1.5 קג),קבוצת אסם סחר שות. מוגבלת,,,יח`,15,100 גרם,false,1,25.90,1.73,false,1,
7290014459472,false,תפוגן אמריקאן צ`יפס 2 קג`,קבוצת אסם סחר שות. מוגבלת,,,יח`,2,"ק""ג",false,1,31.60,15.80,false,1,
7290014471429,false,מוזלי עם פירות שקדיה (1 קג),דין שיווק וקליה 2021 בעמ,,,יח`,1,"ק""ג",false,1,21.40,21.40,true,1,
7290014471443,false,גרנולה אגוזים 1 קג- שקדיה,דין שיווק וקליה 2021 בעמ,,,יח`,1,"ק""ג",false,1,21.40,21.40,true,1,
7290014472136,false,גרעין שחור קלוי ששון הקולה (150 גרם),דין שיווק וקליה 2021 בעמ,,,יח`,1.50,100 גרם,false,1,5.90,3.93,true,1,
7290014472488,false,שקד קלויים 250  גר`ששון הקולה,דין שיווק וקליה 2021 בעמ,,,יח`,2.50,100 גרם,false,1,25.90,10.36,false,1,
7290014472495,false,קשיו קלוי 250  גר`פרימיום ששון הקולה,דין שיווק וקליה 2021 בעמ,,,יח`,2.50,100 גרם,false,1,20.90,8.36,false,1,
7290014472518,false,בוטנים קלוים 250  גר`פרימיום ששון הקולה,דין שיווק וקליה 2021 בעמ,,,יח`,2.50,100 גרם,false,1,9.90,3.96,false,1,
7290014472525,false,תערובת פיצוחים 250  גר`פרימיום ששון הקול,דין שיווק וקליה 2021 בעמ,,,יח`,2.50,100 גרם,false,1,20.90,8.36,false,1,
7290014472990,false,ממרח 100% שקדים שקדיה (300 גרם),דין שיווק וקליה 2021 בעמ,,,יח`,3,100 גרם,false,1,36.70,12.23,true,1,
7290014525009,false,מרבה סלים פרוט בטעם יוגורט ותפוח,ש.שסטוביץ בעמ,,,יח`,1.82,100 גרם,false,1,14.90,8.19,true,1,
7290014525016,false,מרבה סלים פרוט בטעם יוגורט ותות,ש.שסטוביץ בעמ,,,יח`,1.82,100 גרם,false,1,14.90,8.19,true,1,
7290014525177,false,מרבה סלים פרוט בטעם יוגורט ופירות יער,ש.שסטוביץ בעמ,,,יח`,1.20,100 גרם,false,1,14.90,12.42,true,1,
7290014525290,false,סלים דליס קריספי תות מרבה (125 גרם),ש.שסטוביץ בעמ,,,יח`,1.20,100 גרם,false,1,14.90,12.42,true,1,
7290014525306,false,סלים דליס קריספי אוכמניות מרבה (125 גרם),ש.שסטוביץ בעמ,,,יח`,1.25,100 גרם,false,1,14.90,11.92,true,1,
7290014525313,false,סלים דליס קריספי שוקולד מרבה (125 גרם),ש.שסטוביץ בעמ,,,יח`,1.25,100 גרם,false,1,14.90,11.92,true,1,
7290014555082,false,מים מזוקקים 4 ליטר מקסול,סאסאטק אגשח בעמ,,,יח`,40,"100 מ""ל",false,1,10.90,0.27,false,1,
7290014648166,false,LA BELLE קרם חמצן 9% 60מל,פארמה דיל (פ.א.ב.) שיווק והפצה,,,יח`,1,,false,1,4,4,false,1,
7290014648906,false,LA BELLEמסיר לק מהציפורניים 100 מל,פארמה דיל (פ.א.ב.) שיווק והפצה,,,יח`,1,"100 מ""ל",false,1,3.90,3.90,false,1,
7290014648951,false,קיסמי מברשת דו צדדים בטעם מנטה 100 יח,פארמה דיל (פ.א.ב.) שיווק והפצה,,,יח`,1,,false,1,9.90,9.90,false,1,
7290014692299,false,גבינת ברי 125 גר,ג.וילי-פוד אינטרנשיונל **גבינו,,,יח`,1.25,100 גרם,false,1,14.90,11.92,false,1,
7290014692305,false,גבינת קממבר 125 גר,ג.וילי-פוד אינטרנשיונל **גבינו,,,יח`,1.25,100 גרם,false,1,14.90,11.92,false,1,
7290014692541,false,פתיתים מגורדת וילי פוד (500  גרם)GOLDEN,ג.וילי-פוד אינטרנשיונל **גבינו,,,יח`,5,100 גרם,false,1,20.90,4.18,false,1,
7290014692565,false,גרעיני תירס מתוק וילי פוד (320 גרם),ג.וילי-פוד אינטרנשיונל בעמ,,,יח`,3.20,100 גרם,false,1,5.50,1.72,false,1,
7290014749764,false,שניצל עוף ביתי עדין כזה 700  גר`עוף טוב,קבוצת אסם סחר שות. מוגבלת,,,יח`,7,100 גרם,false,1,46.90,6.70,true,1,
7290014749788,false,צונגו רצועות שניצל ציפס 600  גר`עוף טוב,קבוצת אסם סחר שות. מוגבלת,,,יח`,6,100 גרם,false,1,33.90,5.65,true,1,
7290014758100,false,יוגורט ביו 3% תנובה (150x8 גרם),תנובה - חלב,,,יח`,12,100 גרם,false,1,16.90,1.41,false,1,
7290014758117,false,יוגורט ביו 1.5% תנובה (150x8 גרם),תנובה - חלב,,,יח`,12,100 גרם,false,1,16.90,1.41,false,1,
7290014758162,false,חלב עיזים מלא 3.6% שומן תנובה (1 ליטר),תנובה - חלב,,,יח`,1,1 ליטר,false,1,15.30,15.30,false,1,
7290014759084,false,גבינת נפוליאון 225  גר`16% גביע,תנובה - חלב,,,יח`,2.25,100 גרם,false,1,14.90,6.62,false,1,
7290014759534,false,פיראוס בולגרית למריחה 5% 200  גר`פיראוס,תנובה - חלב,,,יח`,2,100 גרם,false,1,14.30,7.15,false,1,
7290014759909,false,פטה עיזים 5% 250  גר`גביע פיראוס תנובה,תנובה - חלב,,,יח`,2.50,100 גרם,false,1,28.50,11.40,false,1,
7290014759978,false,קצ`קאבל פלח גלעד 200  גר`קולקשיין תנובה,תנובה - חלב,,,יח`,2,100 גרם,false,1,27.90,13.95,false,1,
7290014759985,false,פרמזן פלח גבע 23% 200  גר`קולקשיין תנובה,תנובה - חלב,,,יח`,2,100 גרם,false,1,23.90,11.95,false,1,
7290014760134,false,מעדן סויה בטעם וניל 125  גר`תנובה,תנובה - חלב,,,יח`,1.25,100 גרם,false,1,4.60,3.68,false,1,
7290014760141,false,משקה שקדים טרי תנובה (1 ליטר),תנובה - חלב,,,יח`,10,"100 מ""ל",false,1,12.20,1.22,false,1,
7290014760912,false,גבינה צהובה 28% מהדרין גוש חלב (400 גרם),תנובה - חלב,,,יח`,4,100 גרם,false,1,25.90,6.48,false,1,
7290014761056,false,מעדן שוקולד חלב יולו (123 גרם),תנובה - חלב,,,יח`,1.23,"100 מ""ל",false,1,4.90,3.98,false,1,
7290014761063,false,מעדן שוקולד מריר יולו (123 גרם),תנובה - חלב,,,יח`,1.23,"100 מ""ל",false,1,4.90,3.98,false,1,
7290014761070,false,מעדן שוקולד לבן יולו (123 גרם),תנובה - חלב,,,יח`,1.23,"100 מ""ל",false,1,4.90,3.98,false,1,
7290014761193,false,יוגורט עם פירות יער 1.5% פרילי (125 גרם),תנובה - חלב,,,יח`,1.25,"100 מ""ל",false,1,3.50,2.80,false,1,
7290014761698,false,סמי עמק 28% 600 גר בדצ,תנובה - חלב,,,יח`,6,100 גרם,false,1,29.90,4.98,false,1,
7290014762756,false,גבינת שמנת 16% עם בצל נפוליאון (225 גרם),תנובה - חלב,,,יח`,2.25,100 גרם,false,1,14.90,6.62,false,1,
7290014762800,false,מעדן סויה טעם שוקולד 125,תנובה - חלב,,,יח`,1.25,100 גרם,false,1,4.60,3.68,false,1,
7290014762831,false,גבינת נפוליאון 225  גר`חלפיניו גביע,תנובה - חלב,,,יח`,2.25,100 גרם,false,1,14.90,6.62,false,1,
7290014763272,false,משקה סויה BIO עם תות בננה בתוספת חיידקי,תנובה - חלב,,,יח`,2.50,100 גרם,false,1,6.80,2.72,false,1,
7290014763395,false,גבינה צהובה 28% פרוסה עמק (600 גרם),תנובה - חלב,,,יח`,6,100 גרם,false,1,29.90,4.98,false,1,
7290014785076,false,קרם קוקוס ללא חומר משמר 400מל כשר,טחנת האבן קואופ בעמ,,,יח`,4,"100 מ""ל",false,1,11.90,2.98,false,1,
7290014785113,false,רוטב טריאקי טעמי אסיה (500 מל),טחנת האבן קואופ בעמ,,,יח`,5,"100 מ""ל",false,1,16.90,3.38,false,1,
7290014785564,false,אטריות אודון מוכנות 200 גר`,טחנת האבן קואופ בעמ,,,יח`,2,100 גרם,false,1,5.50,2.75,true,1,
7290014785571,false,אטריות מוכנות להקפצה 200 גר`,טחנת האבן קואופ בעמ,,,יח`,2,100 גרם,false,1,5.50,2.75,true,1,
7290014785991,false,רוטב סויה ללא גולטן 500 מל טעמי אסיה,טחנת האבן קואופ בעמ,,,יח`,5,"100 מ""ל",false,1,14.90,2.98,false,1,
7290014791336,false,מי עדן ספורט 1,יפאורה,,,יח`,10,"100 מ""ל",false,1,3.90,0.36,false,1,
7290014905160,false,הפי מבשם פניני ריח יעקבי (130 גרם),יעקב יעקבי ובניו בעמ,,,יח`,1,,false,1,11.90,11.90,false,1,
7290014910379,false,מלפפונים במלח 690  גר`לינה,יורוסטנדרט בעמ,,,יח`,6.90,100 גרם,false,1,10.90,1.58,false,1,
7290014910386,false,קורנישונים במלח 690  גר`לינה,יורוסטנדרט בעמ,,,יח`,6.90,100 גרם,false,1,11.20,1.62,false,1,
7290014940901,false,לחם פשוט מלא לילדים פרוס אנג`ל (750 גרם),שלמה א. אנג`ל בעמ,,,יח`,5,100 גרם,false,1,14.50,2.90,false,1,
7290015039246,false,טונה בשמן רביעייה 160  גר- וילי פוד,ג.וילי-פוד אינטרנשיונל בעמ,,,יח`,6.40,100 גרם,false,1,22.90,3.58,true,1,
7290015039338,false,טונה במים רביעייה 160  גר- וילי פוד,ג.וילי-פוד אינטרנשיונל בעמ,,,יח`,6.40,100 גרם,false,1,22.90,3.58,true,1,
7290015150088,false,מחית עגבניות קלה בלה איטליה (700 גרם),תה ויסוצקי (ישראל) בעמ,,,יח`,7,100 גרם,false,1,15.20,2.17,true,1,
7290015155885,false,חטיפטף בטעם אוכמניות 30  גר`פרינוק,גורי מוצרי צריכה (1991) בעמ,,,יח`,0,100 גרם,false,1,9.10,9.10,false,1,
7290015156776,false,פאוץ`פרינוק פירות טרופיים 120 גר`,גורי מוצרי צריכה (1991) בעמ,,,יח`,1.20,100 גרם,false,1,6.50,5.42,true,1,
7290015156790,false,פאוץ`פרינוק לפתן פירות 120 גר`,גורי מוצרי צריכה (1991) בעמ,,,יח`,1.20,100 גרם,false,1,6.50,5.42,true,1,
7290015251174,false,סבון ידיים ירוק שלישייה 3*500מל.,סאסאטק אגשח בעמ,,,יח`,1.50,1 ליטר,false,1,11.90,7.93,false,1,
7290015251198,false,סבון ידיים סגול  שלישייה( 500 מל)נובו,סאסאטק אגשח בעמ,,,יח`,1.50,1 ליטר,false,1,11.90,7.93,false,1,
7290015282604,false,טחינה מיוחדת 200גר,סלטי שמיר 2006 בעמ,,,יח`,2,100 גרם,false,1,10.90,5.45,true,1,
7290015282628,false,חציל בטעם כבד 200גר,סלטי שמיר 2006 בעמ,,,יח`,2,100 גרם,false,1,12.90,6.45,true,1,
7290015282635,false,חומוס מסבחה 200 גר,סלטי שמיר 2006 בעמ,,,יח`,2,100 גרם,false,1,10.90,5.45,true,1,
7290015282673,false,חציל במיונז ביתי 200גר,סלטי שמיר 2006 בעמ,,,יח`,2,100 גרם,false,1,10.90,5.45,true,1,
7290015282697,false,כרוב אדום 200גר,סלטי שמיר 2006 בעמ,,,יח`,2,100 גרם,false,1,10.90,5.45,true,1,
7290015282741,false,חציל תאילנדי 200 גר,סלטי שמיר 2006 בעמ,,,יח`,2,100 גרם,false,1,12.90,6.45,true,1,
7290015282796,false,סלט תפוח אדמה 200 גר,סלטי שמיר 2006 בעמ,,,יח`,2,100 גרם,false,1,12.90,6.45,true,1,
7290015320481,false,שוקולד מריר 60% יעד ממתקים,יעד ממתקים בעמ,,,יח`,1,,false,1,4.90,4.90,true,1,
7290015324007,false,פלפל שחור גרוס 80 גר`,תבליני טעם וריח בעמ,,,יח`,0.80,100 גרם,false,1,9.90,12.38,false,1,
7290015324014,false,פלפל שחור טחון 80 גר`,תבליני טעם וריח בעמ,,,יח`,0.80,100 גרם,false,1,9.90,12.38,false,1,
7290015324038,false,פפריקה מתוקה בשמן 80 גר`,תבליני טעם וריח בעמ,,,יח`,0.80,100 גרם,false,1,5.90,7.38,false,1,
7290015324045,false,פפריקה חריפה 80 גר`,תבליני טעם וריח בעמ,,,יח`,0.80,100 גרם,false,1,5.90,7.38,false,1,
7290015324052,false,פפריקה מתוקה 80 גר`,תבליני טעם וריח בעמ,,,יח`,0.80,100 גרם,false,1,5.90,7.38,false,1,
7290015324069,false,גריל עוף 80 גר`,תבליני טעם וריח בעמ,,,יח`,0.80,100 גרם,false,1,5.90,7.38,false,1,
7290015324076,false,זעתר מעורב 80 גר`,תבליני טעם וריח בעמ,,,יח`,0.80,100 גרם,false,1,5.90,7.38,false,1,
7290015324090,false,כמון טחון 80 גר`,תבליני טעם וריח בעמ,,,יח`,0.80,100 גרם,false,1,5.90,7.38,false,1,
7290015324106,false,כורכום טחון 80 גר`,תבליני טעם וריח בעמ,,,יח`,0.80,100 גרם,false,1,5.90,7.38,false,1,
7290015324113,false,בהרט 80 גר`,תבליני טעם וריח בעמ,,,יח`,0.80,100 גרם,false,1,6.90,8.63,false,1,
7290015324120,false,שום גבישי 80 גר`,תבליני טעם וריח בעמ,,,יח`,0.80,100 גרם,false,1,6.90,8.63,false,1,
7290015324168,false,תיבול על האש 80 גר`,תבליני טעם וריח בעמ,,,יח`,0.80,100 גרם,false,1,5.90,7.38,false,1,
7290015324175,false,תיבול לשווארמה 80 גר`,תבליני טעם וריח בעמ,,,יח`,0.80,100 גרם,false,1,5.90,7.38,false,1,
7290015324540,false,טימין מיכל גדול 30 גר`,תבליני טעם וריח בעמ,,,יח`,0.30,100 גרם,false,1,9.90,33,true,1,
7290015324557,false,בהרט לבישול מיכל גדול 80 גר`,תבליני טעם וריח בעמ,,,יח`,0.80,100 גרם,false,1,9.90,12.38,true,1,
7290015324663,false,צ`לי גרוס חריף אש 70 גר`,תבליני טעם וריח בעמ,,,יח`,0.70,100 גרם,false,1,9.90,14.14,true,1,
7290015324717,false,מחית שום 210 גר` טעם וריח,תבליני טעם וריח בעמ,,,יח`,2.10,100 גרם,false,1,14.90,7.10,true,1,
7290015347525,false,צ`יפס בטטה עם שום ורוזמרין 80 גר מיה,מיה תעשיות מזון מ.ת.מ. בעמ,,,יח`,0.80,100 גרם,false,1,11.20,14,true,1,
7290015347532,false,צ`יפס בטטה עם שמן זית ועשבי טיבול 80 גר,מיה תעשיות מזון מ.ת.מ. בעמ,,,יח`,0.80,100 גרם,false,1,11.20,14,true,1,
7290015350150,false,יין אדום חצי יבש של סגל (750 מל),טמפו משקאות בעמ,,,יח`,7.50,"100 מ""ל",false,1,22.90,3.01,true,1,
7290015366663,false,אקוה פרש 100 מל עדין,גורי ע.ע.ע בעמ,,,יח`,1,100 גרם,false,1,7.90,7.90,true,1,
7290015366670,false,משחת שיניים בטעם מנטה אקוהפרש (100 מל),גורי ע.ע.ע בעמ,,,יח`,1,"100 מ""ל",false,1,7.90,7.90,true,1,
7290015437585,false,מוזלי קראנצי`י צימוק ושוקולד 600  גר`תומ,תומר יבוא ושיווק מוצרי מזון (1,,,יח`,6,100 גרם,false,1,13.90,2.32,false,1,
7290015470094,false,טוסו שוקולד מריר תפוז ללא סוכר,דנשר (1963) בעמ,,,יח`,1,100 גרם,false,1,14.20,14.20,false,1,
7290015597937,false,קורנטו קלאסיק וניל,גלידות שטראוס בעמ,,,יח`,1,,false,1,6.60,6.60,true,1,
7290015652070,false,קשיו קלוי 150 גר` שקית,דין שיווק וקליה 2021 בעמ,,,יח`,1.50,100 גרם,false,1,13.90,9.27,true,1,
7290015652087,false,תערובת פיצוחים 150 גר` בשקית,דין שיווק וקליה 2021 בעמ,,,יח`,1.50,100 גרם,false,1,13.90,9.27,true,1,
7290015652124,false,רוטב סריראצ`ה אש ולהבה אהרוני (450 מל),דין שיווק וקליה 2021 בעמ,,,יח`,4.50,100 גרם,false,1,21.40,4.76,false,1,
7290015673181,false,בורגר על האש קליפורניה עם ברוקולי 400 גר,ל.י.ב. (לחיות יותר בטבע) בעמ,,,יח`,4,100 גרם,false,1,25.90,6.48,false,1,
7290015733977,false,מטרנה קומפורט 700 גרם HM-O,קבוצת אסם סחר שות. מוגבלת,,,יח`,7,100 גרם,false,1,68.90,9.84,false,1,
7290015781008,false,יין מרלו ויז`יון טפרברג (750 מל),יקב טפרברג 1870 בעמ (יינות ומש,,,יח`,7.50,"100 מ""ל",false,1,41.90,5.55,true,1,
7290015781015,false,יין אדום מלבק ויז`יון טפרברג (750 מל),יקב טפרברג 1870 בעמ (יינות ומש,,,יח`,7.50,"100 מ""ל",false,1,41.90,5.55,true,1,
7290015781046,false,יין לבן חצי יבש VISION,יקב טפרברג 1870 בעמ (יינות ומש,,,יח`,7.50,"100 מ""ל",false,1,41.90,5.55,true,1,
7290015781053,false,יין לבן יבש ויזון יקב טפרברג (750 מל),יקב טפרברג 1870 בעמ (יינות ומש,,,יח`,7.50,"100 מ""ל",false,1,41.90,5.55,true,1,
7290015781091,false,יין קברנה סובניון VISION,יקב טפרברג 1870 בעמ (יינות ומש,,,יח`,7.50,"100 מ""ל",false,1,41.90,5.55,true,1,
7290015781114,false,יין אדום אימפרשיין מרלו טפרברג (750 מל),יקב טפרברג 1870 בעמ (יינות ומש,,,יח`,7.50,"100 מ""ל",false,1,51.90,6.88,true,1,
7290015781121,false,יין קברנה סובניון 750 מל IMPRESSION,יקב טפרברג 1870 בעמ (יינות ומש,,,יח`,7.50,"100 מ""ל",false,1,51.90,6.88,true,1,
7290015781152,false,רוזה אימפרשון יקב טפרברג (750 מל),יקב טפרברג 1870 בעמ (יינות ומש,,,יח`,7.50,"100 מ""ל",false,1,51.90,6.88,true,1,
7290015781169,false,יין אדום חצי יבש 750 מל IMPRESSION,יקב טפרברג 1870 בעמ (יינות ומש,,,יח`,7.50,"100 מ""ל",false,1,51.90,6.88,true,1,
7290015781268,false,יין אדום מוסקטו מתוק טפרברג (750 מל),יקב טפרברג 1870 בעמ (יינות ומש,,,יח`,7.50,"100 מ""ל",false,1,41.90,5.55,true,1,
7290015781299,false,יין שיראז ויזון יקב טפרברג (750 מל),יקב טפרברג 1870 בעמ (יינות ומש,,,יח`,7.50,"100 מ""ל",false,1,41.90,5.55,true,1,
7290015855013,false,פלפלונים-טינקרבל  א.אדמה,א.אדמה (2007) בעמ,,,יח`,1,,false,1,9.90,9.90,false,1,
7290015855037,false,פלפל צ`ילי בשקית,א.אדמה (2007) בעמ,,,יח`,1,,false,1,9.90,9.90,false,1,
7290015855143,false,שום קלוף 170 גרם,א.אדמה (2007) בעמ,,,יח`,1.70,100 גרם,false,1,12.90,7.59,false,1,
7290015855181,false,גינג`ר יחידה טרי,א.אדמה (2007) בעמ,,,יח`,1,,false,1,8.90,8.90,false,1,
7290015858106,false,ממרח פסטו ביתי 180 גר-על לחם,שטראוס גרופ בעמ/מצונן,,,יח`,1.80,100 גרם,false,1,17.90,9.94,false,1,
7290015858113,false,ממרח עגבניות מיובשות 180 גר-על לחם,שטראוס גרופ בעמ/מצונן,,,יח`,1.80,100 גרם,false,1,17.90,9.94,false,1,
7290015858229,false,זיתי קלמטה 180 גר על לחם,שטראוס גרופ בעמ/מצונן,,,יח`,1.80,100 גרם,false,1,17.90,9.94,false,1,
7290015858328,false,איולי פסטו עללחם 295 גר`,שטראוס גרופ בעמ,,,יח`,2.95,100 גרם,false,1,13.90,4.71,false,1,
7290015858441,false,איולי פלפלים עללחם 295 גר`,שטראוס גרופ בעמ,,,יח`,2.95,100 גרם,false,1,13.90,4.71,false,1,
7290015858687,false,איולי שום עללחם 295 גר`,שטראוס גרופ בעמ,,,יח`,2.95,100 גרם,false,1,13.90,4.71,false,1,
7290015858694,false,איולי שום לימון עללחם 295 גר`,שטראוס גרופ בעמ,,,יח`,2.95,100 גרם,false,1,13.90,4.71,false,1,
7290015865692,false,ענבי ציון תענוג פרי תות שדה 400 גר`,אבאל יזמות בעמ,,,יח`,4,100 גרם,false,1,17.90,4.48,true,1,
7290015865715,false,ענבי ציון תענוג פרי פירות יער 400 גר`,אבאל יזמות בעמ,,,יח`,4,100 גרם,false,1,17.90,4.48,true,1,
7290015872096,false,חומוס  אסלי( 700 גר`),סלטי שמיר 2006 בעמ,,,יח`,7,100 גרם,false,1,10.90,1.56,false,1,
7290015888028,false,אורז בסמתי ריהמן 1 קג,בני ג`ורג` שוקחה (חיפה) בעמ,,,יח`,1,"ק""ג",false,1,11.50,11.50,false,1,
7290015888301,false,שמן חמניות 3 ליטר שוקחה,בני ג`ורג` שוקחה (חיפה) בעמ,,,יח`,30,"100 מ""ל",false,1,38.90,1.30,false,1,
7290015951869,false,הר חרמון רוזה 750 מל,היכל היין שקד גולן בעמ,,,יח`,7.50,"100 מ""ל",false,1,37.90,5.01,true,1,
7290015968140,false,אטב אחיזה בעיצוב איטלקי 36 יח במארז,אינטרסן 1996 בעמ,,,יח`,1,,false,1,16.90,16.90,true,1,
7290015968782,false,פדים להסרת איפוא במארז 80*3 יח,אינטרסן 1996 בעמ,,,יח`,1,,false,1,20.90,20.90,true,1,
7290016077759,false,רוטב ברביקין קלאסי 480  גר`היינץ,דיפלומט היינץ,,,יח`,4.80,100 גרם,false,1,18.50,3.85,false,1,
7290016087147,false,רוטב עגבניות מתובל לפיצה 230  גר`פריניר,אבאל יזמות בעמ,,,יח`,2.30,100 גרם,false,1,5.90,2.57,true,1,
7290016087499,false,עגבניות חתוכות דק שליישיה 400  גר`פריניר,אבאל יזמות בעמ,,,יח`,1.20,"ק""ג",false,1,12.90,10.75,true,1,
7290016087574,false,פריניר זיתים חרוזית ירוק 390 גר,אבאל יזמות בעמ,,,יח`,3.90,100 גרם,false,1,6.90,1.77,true,1,
7290016087581,false,פריניר זיתים טבעות ירוק 390 גר`,אבאל יזמות בעמ,,,יח`,3.90,100 גרם,false,1,6.90,1.77,true,1,
7290016096934,false,סלט טונה פילטונה,פילטונה תעשיות בעמ,,,יח`,1,,false,1,12.90,12.90,false,1,
7290016136111,false,תערובת קמח רב תכליתי 500 גר כשלפ GFR,גורי מוצרי צריכה (1991) בעמ,,,יח`,5,100 גרם,false,1,19.30,3.86,false,1,
7290016136722,false,פתיתים פנה ללא גולטן 340 גר(פסטה),גורי מוצרי צריכה (1991) בעמ,,,יח`,3.40,100 גרם,false,1,14.90,4.38,false,1,
7290016136739,false,פתיתים פוזילי ללא גלוטן 340  גר(פסטה),גורי מוצרי צריכה (1991) בעמ,,,יח`,3.40,100 גרם,false,1,14.90,4.38,false,1,
7290016150117,false,סלק אדום בוואקום 500 גרם,ביג פוד כחול לבן בעמ*שיק 30 יו,,,יח`,1,,false,1,8.90,8.90,true,1,
7290016150711,false,נוזל קוקוס פחית 400  גר`AVEL,אבאל יזמות בעמ,,,יח`,4,100 גרם,false,1,6.90,1.73,true,1,
7290016197488,false,מטליות מיקרופייבר למשטחים ניקול) (3,קימברלי קלארק ישראל שיווק בעמ,,,יח`,1,,false,1,16.90,16.90,true,1,
7290016197495,false,מטליות מיקרופייבר לרצפה ניקול) (2,קימברלי קלארק ישראל שיווק בעמ,,,יח`,1,,false,1,26.90,26.90,true,1,
7290016197617,false,תחבושת דיפנד אקסטרא EXTRA,קימברלי קלארק ישראל שיווק בעמ,,,יח`,1,,false,1,20.90,20.90,true,1,
7290016197839,false,השקית החזקה XL,קימברלי קלארק ישראל שיווק בעמ,,,יח`,1,,false,1,26.90,26.90,false,1,
7290016197877,false,שקית לפחי מטבח קטניםM,קימברלי קלארק ישראל שיווק בעמ,,,יח`,1,,false,1,23.90,23.90,false,1,
7290016217759,false,סלט חציל מרוקאי 200 גר,סלטי שמיר 2006 בעמ,,,יח`,2,100 גרם,false,1,12.90,6.45,true,1,
7290016246445,false,טחינה גולמית מעודנת שומשום מלא  גר`310,קבוצת אסם סחר שות. מוגבלת,,,יח`,3.10,100 גרם,false,1,12.10,3.90,false,1,
7290016246773,false,טחינה מתובלת גולמית מעודנת משומשום מלא ז,קבוצת אסם סחר שות. מוגבלת,,,יח`,3.10,100 גרם,false,1,14.90,4.81,false,1,
7290016277470,false,שיבולת שועל 350  גר`דקה,דין שיווק וקליה 2021 בעמ,,,יח`,3.50,100 גרם,false,1,4.60,1.31,true,1,
7290016277487,false,שיבולת שועל 350  גר`עבה,דין שיווק וקליה 2021 בעמ,,,יח`,3.50,100 גרם,false,1,4.60,1.31,true,1,
7290016319187,false,עוגיות סנדוויץ שוקו עם קרם שוקו  זוג( 30,דנשר (1963) בעמ,,,יח`,3,100 גרם,false,1,17.90,5.97,false,1,
7290016321661,false,פרש וואנס רביעייה מגבונים לחים ללא בישום,דנשר (1963) בעמ,,,יח`,1,,false,1,16.90,16.90,true,1,
7290016321678,false,פרש וואנס רביעייה מגבונים לחים קמומיל,דנשר (1963) בעמ,,,יח`,1,,false,1,16.90,16.90,true,1,
7290016329278,false,רביעיות מגבונים קמיל בלו 64 יח פישר,פישר תעשיות פרמצבטיות בעמ,,,יח`,1,,false,1,20.90,20.90,true,1,
7290016334296,false,ברוקולי,בכורי השדה צפון 1994 ג.ד. בעמ,,,יח`,1,,false,1,9.90,9.90,false,1,
7290016372342,false,עגבניות חתוכות לקוביות בלה איטליה 400 גר,תה ויסוצקי (ישראל) בעמ,,,יח`,1.20,"ק""ג",false,1,18.90,15.75,false,1,
7290016372373,false,רסק עגבניות בלה איטליה 140*2 גר`,תה ויסוצקי (ישראל) בעמ,,,יח`,2.80,100 גרם,false,1,9.90,3.54,false,1,
7290016387254,false,משטח לייבוש כלים דו צדדי,מ.א.ייצור ויבוא מטליות בעמ,,,יח`,1,,false,1,10.10,10.10,false,1,
7290016387339,false,מטליות מיקרופייבר ג`מבו לריצפה,מ.א.ייצור ויבוא מטליות בעמ,,,יח`,1,,false,1,18.30,18.30,false,1,
7290016387926,false,מפה נצמדת עם גומי היקפי 78*180,מ.א.ייצור ויבוא מטליות בעמ,,,יח`,1,,false,1,15.90,15.90,false,1,
7290016437652,false,מכנסוני פרידום דריי שלב 6 האגיס) (30,קימברלי קלארק ישראל שיווק בעמ,,,יח`,1,,false,1,41.90,41.90,false,1,
7290016509830,false,פרסיל ג`ל 2.5 ליטר בייבי,גורי שיווק בעמ,,,יח`,2.50,1 ליטר,false,1,35.90,14.36,true,1,
7290016509847,false,פרסיל ג`ל 2.5 ליטר בלאק,גורי שיווק בעמ,,,יח`,2.50,1 ליטר,false,1,35.90,14.36,true,1,
7290016510232,false,תחליב רחצה הוואי יוגורט קוקוס 700 מל,הנקל סוד בעמ,,,יח`,7,"100 מ""ל",false,1,10.90,1.56,false,1,
7290016510263,false,הוואי תחליב רחצה 700 מל נוזלי,הנקל סוד בעמ,,,יח`,7,"100 מ""ל",false,1,10.90,1.56,false,1,
7290016510324,false,תחליב רחצה הוואילגבר700 מל,הנקל סוד בעמ,,,יח`,7,"100 מ""ל",false,1,10.90,1.56,false,1,
7290016510898,false,הוואי שמפו לשיער רגיל 700 מל פריחת דודב,הנקל סוד בעמ,,,יח`,7,"100 מ""ל",false,1,8.90,1.27,false,1,
7290016510904,false,הוואי מרכך תמצית דובדבן 700 מל,הנקל סוד בעמ,,,יח`,7,"100 מ""ל",false,1,8.90,1.27,false,1,
7290016564006,false,מבריקל  הפלא- ספוג לכלים שלישייה,אבאל יזמות בעמ,,,יח`,1,,false,1,9.90,9.90,false,1,
7290016564204,false,מארז 6 כריות יפניות מבריקל,אבאל יזמות בעמ,,,יח`,1,,false,1,8.90,8.90,true,1,
7290016564211,false,מארז 3 מטליות מייקרופבר למטבח מבריקל,אבאל יזמות בעמ,,,יח`,1,,false,1,11.90,11.90,true,1,
7290016564235,false,זוג מטליות מיקרופייבר לרצפה גדולות מבריק,אבאל יזמות בעמ,,,יח`,1,,false,1,18.90,18.90,true,1,
7290016564242,false,מארז 4+2 ספוגלית הפלא מבריקל,אבאל יזמות בעמ,,,יח`,1,,false,1,9.90,9.90,false,1,
7290016564266,false,כיסוי הפלא 30 יח מבריקל,אבאל יזמות בעמ,,,יח`,1,,false,1,10.90,10.90,true,1,
7290016564273,false,שלישיית סחבות לרצפה מבריקל,אבאל יזמות בעמ,,,יח`,1,,false,1,15.90,15.90,true,1,
7290016564280,false,כריות קרצוף מבריקל הפלא,אבאל יזמות בעמ,,,יח`,1,,false,1,8.90,8.90,true,1,
7290016564297,false,מארז זוג שקיות סנדוויץ 300 גר מבריקל,אבאל יזמות בעמ,,,יח`,1,,false,1,12.90,12.90,true,1,
7290016564310,false,ניילון נצמד זוגות 60 מטר מבריקל,אבאל יזמות בעמ,,,יח`,1,,false,1,9.90,9.90,true,1,
7290016564426,false,מבריקל שקיות אשפה ג`מבו XXL עם ידית 25,אבאל יזמות בעמ,,,יח`,1,,false,1,15.90,15.90,true,1,
7290016564433,false,מבריקל מארז רביעית כרית יפנית,אבאל יזמות בעמ,,,יח`,1,,false,1,10.90,10.90,true,1,
7290016564440,false,ספוגית הפלא גדול מארז שישייה מבריקל,אבאל יזמות בעמ,,,יח`,1,,false,1,8.90,8.90,true,1,
7290016621341,false,קמיל אל סבון נוזלי ניקיון ולחות צהוב 1 ל,פישר תעשיות פרמצבטיות בעמ,,,יח`,1,1 ליטר,false,1,16.90,16.90,true,1,
7290016682328,false,מיץ תפוזים עשוי מרכז 2 ליטר,תנובה - פריניב,,,יח`,2,1 ליטר,false,1,21.90,10.80,true,1,
7290016682335,false,מיץ תפוזים סחוט 2 ליטר פרי ניב,תנובה - פריניב,,,יח`,2,1 ליטר,false,1,26.90,13.30,false,1,
7290016682441,false,מיץ תפוזים עשוי מרכז 1 ליטר,תנובה - פריניב,,,יח`,1,1 ליטר,false,1,13.90,13.90,false,1,
7290016717099,false,סלקטד אדום חצי יבש 750 מל,אגודת הכורמים,,,יח`,7.50,"100 מ""ל",false,1,30.90,4.08,true,1,
7290016717754,false,יין היובל ישן נושן יקבי כרמל (750 מל),אגודת הכורמים,,,יח`,7.50,"100 מ""ל",false,1,20.90,2.75,true,1,
7290016866445,false,תערובת קמח תופח 500  גר`Gfree,גורי מוצרי צריכה (1991) בעמ,,,יח`,5,100 גרם,false,1,19.60,3.92,false,1,
7290016866643,false,משחת שיניים פרודונטקס פרש 75 מל,גורי ע.ע.ע בעמ,,,יח`,0.75,"100 מ""ל",false,1,31.90,42.53,true,1,
7290016866674,false,משחת שיניים פרודונטקס מלבינה 75 מל,גורי ע.ע.ע בעמ,,,יח`,0.75,"100 מ""ל",false,1,31.90,42.53,true,1,
7290016866704,false,סטייל שמפו קרטין E,גורי ע.ע.ע בעמ,,,יח`,7.50,"100 מ""ל",false,1,25.90,3.45,false,1,
7290016866728,false,סטייל מסכה קרטין E,גורי ע.ע.ע בעמ,,,יח`,5,"100 מ""ל",false,1,28.90,5.78,false,1,
7290016967074,false,לחם חיטה מלאה 750 גר אנג`ל,שלמה א. אנג`ל בעמ,,,יח`,7.50,100 גרם,false,1,15.90,2.12,false,1,
7290016967456,false,לחם מחמצת כוסמין,שלמה א. אנג`ל בעמ,,,יח`,6,100 גרם,false,1,16.90,2.82,false,1,
7290017023212,false,שוופס רביעיות מוגז פירות 330 מל סליק תפ,יפאורה,,,יח`,1.32,1 ליטר,false,1,13.90,9.62,true,1,
7290017023229,false,שרינק שוופס רביעיות מוגז פירות 330 מל ס,יפאורה,,,יח`,1.32,1 ליטר,false,1,13.90,9.62,true,1,
7290017023663,false,שוופס רביעיות מוגז פירות 330 מל סליק ל,יפאורה,,,יח`,1.32,1 ליטר,false,1,13.90,9.62,true,1,
7290017031705,false,משחת שיניים קלין פרש סנסודיין (75 מל),גורי ע.ע.ע בעמ,,,יח`,0.75,100 גרם,false,1,22.90,30.53,true,1,
7290017044071,false,מגבונים אסותא בדלי ריח לימון) (400,עיסא ערטול בעמ,,,יח`,1,,false,1,20.90,20.90,false,1,
7290017044293,false,מטליות לחות לרצפה 50 יח אסותא,עיסא ערטול בעמ,,,יח`,1,,false,1,30.90,30.90,false,1,
7290017058689,false,זית שחור יבש 400  גר`תומר,תומר יבוא ושיווק מוצרי מזון (1,,,יח`,4,100 גרם,false,1,15.90,3.98,false,1,
7290017062686,false,מרכך מרוכז  בייבי( 1  ליטר)טאצ`,סאסאטק אגשח בעמ,,,יח`,1,1 ליטר,false,1,11.90,11.90,false,1,
7290017062693,false,מרכך מרוכז  לבן( 1  ליטר)טאצ`,סאסאטק אגשח בעמ,,,יח`,1,1 ליטר,false,1,11.90,11.90,false,1,
7290017062716,false,מרכך מרוכז  ורוד( 1  ליטר)טאצ`,סאסאטק אגשח בעמ,,,יח`,1,1 ליטר,false,1,11.90,11.90,false,1,
7290017062730,false,נוזל כלים לבנדר  (36% 750 מל)+משאבה  טא,סאסאטק אגשח בעמ,,,יח`,7.50,"100 מ""ל",false,1,10.90,1.45,false,1,
7290017062754,false,נוזל כלים לימון  (36% 750 מל)+משאבה  טא,סאסאטק אגשח בעמ,,,יח`,7.50,"100 מ""ל",false,1,10.90,1.45,false,1,
7290017065007,false,מוצרלה פרוסה 200 גר-מדף,מחלבות גד שיווק 1992 בעמ,,,יח`,2,100 גרם,false,1,18.90,9.45,false,1,
7290017065137,false,ריקוטה למריחה 5% טבעית 200  גר`מחלבות גד,מחלבות גד שיווק 1992 בעמ,,,יח`,2,100 גרם,false,1,10.90,5.45,false,1,
7290017065144,false,ריקוטה למריחה 5% עם בזיליקום 200  גר`גד,מחלבות גד שיווק 1992 בעמ,,,יח`,2,100 גרם,false,1,10.90,5.45,false,1,
7290017065212,false,גבינת קרם מסקרפונה 250  גר`גד,מחלבות גד שיווק 1992 בעמ,,,יח`,2.50,100 גרם,false,1,21.90,8.76,false,1,
7290017065434,false,פרוסות גאודה הולנדית 200  גר`גד,מחלבות גד שיווק 1992 בעמ,,,יח`,2,100 גרם,false,1,22.90,11.45,false,1,
7290017065441,false,פרוסות גאודה עיזים הולנדית 200  גר`גד,מחלבות גד שיווק 1992 בעמ,,,יח`,2,100 גרם,false,1,35.90,17.95,false,1,
7290017065526,false,קוואטרו פורמאדי 300  גר`גד,מחלבות גד שיווק 1992 בעמ,,,יח`,3,100 גרם,false,1,29.90,9.97,false,1,
7290017065588,false,יוגורט יווני 600  גר`מחלבות גד,מחלבות גד שיווק 1992 בעמ,,,יח`,6,100 גרם,false,1,17.90,2.98,false,1,
7290017065731,false,גבינת שמנת ניו יורק 30% עם כמהין 200 גר`,מחלבות גד שיווק 1992 בעמ,,,יח`,2,100 גרם,false,1,13.90,6.95,true,1,
7290017065786,false,גבינה אנגלית קשה צ`דר 210  גר`גד,מחלבות גד שיווק 1992 בעמ,,,יח`,2.10,100 גרם,false,1,24.90,11.86,false,1,
7290017068206,false,צימוקים בהירים 350  גר`בקרטון מיה,מיה תעשיות מזון מ.ת.מ. בעמ,,,יח`,3.50,100 גרם,false,1,18.90,5.40,false,1,
7290017068213,false,חמוציות חתוכות 350  גר`בקופסא מיה,מיה תעשיות מזון מ.ת.מ. בעמ,,,יח`,3.50,100 גרם,false,1,18.90,5.40,false,1,
7290017068374,false,שמרים בוואקום 500  גר`מיה,מיה תעשיות מזון מ.ת.מ. בעמ,,,יח`,5,100 גרם,false,1,13.50,2.70,false,1,
7290017068848,false,סוכריות קישוט לעוגה צבעוני 200  גר`` צנצ,מיה תעשיות מזון מ.ת.מ. בעמ,,,יח`,2,100 גרם,false,1,10.90,5.45,false,1,
7290017068855,false,סוכריות קישוט לעוגה חום 200  גר`צנצנת,מיה תעשיות מזון מ.ת.מ. בעמ,,,יח`,2,100 גרם,false,1,10.90,5.45,false,1,
7290017068886,false,ג`לי דובונים בציפוי שמן 350  גר`מיה,מיה תעשיות מזון מ.ת.מ. בעמ,,,יח`,3.50,100 גרם,false,1,15.90,4.54,false,1,
7290017068978,false,שיבולת שועל מלאה להכנה מהירה 500 גר בזיפ,מיה תעשיות מזון מ.ת.מ. בעמ,,,יח`,5,100 גרם,false,1,10.90,2.18,true,1,
7290017068985,false,שיבולת שועל מלאה עבה 500 גר בזיפר מיה,מיה תעשיות מזון מ.ת.מ. בעמ,,,יח`,5,100 גרם,false,1,10.90,2.18,true,1,
7290017094847,false,סלט תפוח  אדמה( 400  גר`)אסלי,סלטי שמיר 2006 בעמ,,,יח`,4,100 גרם,false,1,10.90,2.73,true,1,
7290017105369,false,סירופ דיאט בטעם תה אפרסק יכין (1 ליטר),זנלכל בעמ,,,יח`,10,"100 מ""ל",false,1,17.90,1.79,false,1,
7290017105550,false,רסק עגבניות 100  גר`רביעייה יכין,זנלכל בעמ,,,יח`,4,100 גרם,false,1,12.90,3.23,false,1,
7290017105895,false,גרגרי חומוס מסעדות 550  גר`יכין,זנלכל בעמ,,,יח`,5.50,100 גרם,false,1,10.90,1.98,true,1,
7290017142111,false,פתיתי טונה בהירה בשמן זית אריזת to go עץ,סוגת תעשיות בעמ,,,יח`,0.85,100 גרם,false,1,10.90,12.82,true,1,
7290017142289,false,תרסיס שמן חמניות 200 מל ללא תוספת גז עץ,סוגת תעשיות בעמ,,,יח`,2,"100 מ""ל",false,1,21.90,10.95,true,1,
7290017142340,false,שמן זרעי ענבים מזוכך 1 ליטר עץ הזית,סוגת תעשיות בעמ,,,יח`,1,1 ליטר,false,1,30.90,30.90,true,1,
7290017142364,false,שמן דלעת לא מזוכך 250 מל עץ הזית,סוגת תעשיות בעמ,,,יח`,2.50,"100 מ""ל",false,1,40.90,16.36,true,1,
7290017142371,false,שמן שומשום לא מזוכך 250 מל עץ הזית,סוגת תעשיות בעמ,,,יח`,2.50,"100 מ""ל",false,1,30.90,12.36,false,1,
7290017142388,false,שמן חמניות פלוס 1 ליטר אומגה 3 עץ הזית,סוגת תעשיות בעמ,,,יח`,1,1 ליטר,false,1,16.90,16.90,true,1,
7290017142418,false,אורז ועדשים עם טונה 160 גר` עץ הזית,סוגת תעשיות בעמ,,,יח`,1.60,100 גרם,false,1,14.90,9.31,true,1,
7290017142487,false,בורגול עם גרגירי חומוס עם טונה בשמן זית,סוגת תעשיות בעמ,,,יח`,1.60,100 גרם,false,1,14.90,9.31,true,1,
7290017197036,false,אל סבון מלון פפאיה 1 ליטר LA BELLE,פארמה דיל (פ.א.ב.) שיווק והפצה,,,יח`,1,1 ליטר,false,1,9.50,9.50,false,1,
7290017197456,false,אסותא מגבוני נייר טואלט שלישייה,עיסא ערטול בעמ,,,יח`,1,,false,1,10.90,10.90,false,1,
7290017289175,false,יין פטיט סירה 750 מל ישראלי,יקב טפרברג 1870 בעמ (יינות ומש,,,יח`,7.50,"100 מ""ל",false,1,23.90,3.15,true,1,
7290017289182,false,יין לבן חצי יבש 750 מל ישראלי,יקב טפרברג 1870 בעמ (יינות ומש,,,יח`,7.50,"100 מ""ל",false,1,23.90,3.15,true,1,
7290017289199,false,יין לבן יבש 750 מל ישראלי,יקב טפרברג 1870 בעמ (יינות ומש,,,יח`,7.50,"100 מ""ל",false,1,23.90,3.15,true,1,
7290017289618,false,יין אדום פטיט סירהיקב טפרברג (750 מל),יקב טפרברג 1870 בעמ (יינות ומש,,,יח`,7.50,"100 מ""ל",false,1,51.90,6.88,true,1,
7290017291123,false,שום יבש,חברת יוסף אופנהימר 1986 בעמ,,,יח`,1,,false,1,5,5,false,1,
7290017297088,false,ציפס 2 קג,ויטה -פרי גליל (החדשה) בעמ,,,יח`,20,100 גרם,false,1,22.90,1.15,false,1,
7290017297095,false,סטייק ציפס 2 קג,ויטה -פרי גליל (החדשה) בעמ,,,יח`,20,100 גרם,false,1,22.90,1.15,false,1,
7290017297118,false,ציפס אמריקאי 2 קג,ויטה -פרי גליל (החדשה) בעמ,,,יח`,20,100 גרם,false,1,22.90,1.15,false,1,
7290017297194,false,לקט ירקות  לתנור( 800  גר`)פרי הגליל,ויטה -פרי גליל (החדשה) בעמ,,,יח`,8,100 גרם,false,1,17.90,2.24,false,1,
7290017297200,false,לקט כפרי תוספת  לעוף( 800  גר`)פרי הגליל,ויטה -פרי גליל (החדשה) בעמ,,,יח`,8,100 גרם,false,1,17.90,2.24,false,1,
7290017297224,false,שעועית  אדומה( 800  גר`)פרי הגליל,ויטה -פרי גליל (החדשה) בעמ,,,יח`,8,100 גרם,false,1,12.90,1.61,false,1,
7290017297644,false,ברוקלי 800  גר`פרי גליל,ויטה -פרי גליל (החדשה) בעמ,,,יח`,8,100 גרם,false,1,15.90,1.99,false,1,
7290017297682,false,כרובית 800 גרם פרי גליל,ויטה -פרי גליל (החדשה) בעמ,,,יח`,8,100 גרם,false,1,10.90,1.36,false,1,
7290017304885,false,לחם שיפון וחיטה מלאה 750 גר אנג`ל,שלמה א. אנג`ל בעמ,,,יח`,7.50,100 גרם,false,1,16.90,2.25,false,1,
7290017374390,false,סט שירותים מיוחד,מ.א.ייצור ויבוא מטליות בעמ,,,יח`,1,,false,1,22.40,22.40,false,1,
7290017374925,false,מטאטא  אמור+ מקל,מ.א.ייצור ויבוא מטליות בעמ,,,יח`,1,,false,1,20.90,20.90,false,1,
7290017440286,false,מרכך קידס דר פישר 750 מל,פישר תעשיות פרמצבטיות בעמ,,,יח`,7.50,"100 מ""ל",false,1,17.90,2.39,false,1,
7290017440309,false,שמפו קידס דר פישר 750 מל,פישר תעשיות פרמצבטיות בעמ,,,יח`,7.50,"100 מ""ל",false,1,17.90,2.39,false,1,
7290017457734,false,סוד מרכך  מרוכז( 900 מל%+)20בישום -ורו,גורי שיווק בעמ,,,יח`,9,"100 מ""ל",false,1,12.90,1.43,false,1,
7290017457925,false,סוד מרכך  מרוכז( 900  מל)פרש קונטרול ור,גורי שיווק בעמ,,,יח`,9,"100 מ""ל",false,1,12.90,1.43,false,1,
7290017513485,false,מחית עגבניות רוסטיקה בלה איטליה  איטליה(,תה ויסוצקי (ישראל) בעמ,,,יח`,6.80,100 גרם,false,1,15.50,2.28,true,1,
7290017513782,false,בייגלה מצופים שוקולד מריר 140  גר`פליפז,תה ויסוצקי (ישראל) בעמ,,,יח`,1.40,100 גרם,false,1,8.90,6.36,true,1,
7290017589633,false,רזרב קברנה סובניון יקבי ברקן (750  מל)G,טמפו משקאות בעמ,,,יח`,7.50,"100 מ""ל",false,1,52.90,7.01,true,1,
7290017599359,false,סוכרזית קלאסי כפית לכפית 400 גר`,שטראוס גרופ בעמ,,,יח`,4,100 גרם,false,1,27.90,6.98,false,1,
7290017617046,false,טונה בשמן זית כתית מעולה 140 גר` סטארקיס,סטארקיסט דיפלומט היינץ,,,יח`,5.60,100 גרם,false,1,27.90,4.98,true,1,
7290017617428,false,סטארקיסט מיקס סלמון עם עם פסטה ברוטב עגב,סטארקיסט דיפלומט היינץ,,,יח`,1.60,100 גרם,false,1,15.90,9.94,false,1,
7290017677804,false,רוטב סויה (444  מל)קיקומן,דיפלומט היינץ,,,יח`,4.44,"100 מ""ל",false,1,32.90,7.41,true,1,
7290017682945,false,מגב חד להב סיליקון silicone one,מ.א.ייצור ויבוא מטליות בעמ,,,יח`,1,,false,1,25.90,25.90,false,1,
7290017715346,false,זית שחור טאסוס 400  גר`תומר,תומר יבוא ושיווק מוצרי מזון (1,,,יח`,4,100 גרם,false,1,15.90,3.98,false,1,
7290017812052,false,קברנה סוביניון 750 מל אקסלנס שיראז,אגודת הכורמים,,,יח`,7.50,"100 מ""ל",false,1,27.90,3.68,true,1,
7290017812571,false,תירוש אדום 1 ליטר 100% טבעי,אגודת הכורמים,,,יח`,1,1 ליטר,false,1,21.20,21.20,true,1,
7290017871363,false,סבון ידיים מעושר בשמן מקדמיה 500 מל פמ,דנשר (1963) בעמ,,,יח`,5,"100 מ""ל",false,1,10.90,2.18,false,1,
7290017871370,false,סבון ידיים מעושר בשמן אבוקדו 500 מל פמ,דנשר (1963) בעמ,,,יח`,5,"100 מ""ל",false,1,10.90,2.18,false,1,
7290017872667,false,סבון ידיים יהלום 500 מל עם שמן קמומיל,דנשר (1963) בעמ,,,יח`,5,"100 מ""ל",false,1,10.90,2.18,false,1,
7290017872865,false,בייביביס חטיף אפוי טעם גזר ועגבנייה 40 ג,דנשר (1963) בעמ,,,יח`,0.40,100 גרם,false,1,14.90,37.25,true,1,
7290017888095,false,שוופס מוגז עדין פירות יער 330 מל פחיות,יפאורה,,,יח`,13.20,"100 מ""ל",false,1,13.90,0.96,true,1,
7290017888613,false,שוופס ביטר 250 מל פחית בודד,יפאורה,,,יח`,1,,false,1,3.70,3.70,false,1,
7290017913162,false,אסותא מרכך כביסה 4  ליטר(כחול),עיסא ערטול בעמ,,,יח`,40,"100 מ""ל",false,1,15.90,0.40,false,1,
7290017928036,false,מקלות גריסני שומשום 200  גר`מאיר בייגל,דנשר (1963) בעמ,,,יח`,2,100 גרם,false,1,12.90,6.45,true,1,
7290017928043,false,מקלות גריסני קראנץ מלח 175  גר`מאיר בייג,דנשר (1963) בעמ,,,יח`,1.75,100 גרם,false,1,12.90,7.37,true,1,
7290017928227,false,בייגלה שטוחלה פינוקים 300 גר` מאיר ביי,דנשר (1963) בעמ,,,יח`,3,100 גרם,false,1,12.90,4.30,false,1,
7290017928524,false,בייגלה שטוח ניגובים מלח 330 גר` מאיר ביי,דנשר (1963) בעמ,,,יח`,3.30,100 גרם,false,1,12.90,3.91,false,1,
7290017928616,false,בייגלה שטוחלה שומשום 300 גר` מאיר בייגל,דנשר (1963) בעמ,,,יח`,3,100 גרם,false,1,12.90,4.30,false,1,
7290017928630,false,מקלות גריסני קראנץ פינוקים 175  גר`מאיר,דנשר (1963) בעמ,,,יח`,1.75,100 גרם,false,1,12.90,7.37,true,1,
7290017928807,false,בייגלה אצבעות שומשום 300  גר`מאיר בייגל,דנשר (1963) בעמ,,,יח`,3,100 גרם,false,1,12.90,4.30,true,1,
7290017928821,false,מקלות גריסני קלאסי 200  גר`מאיר בייגל,דנשר (1963) בעמ,,,יח`,2,100 גרם,false,1,12.90,6.45,true,1,
7290017932231,false,סירופ מייפל טהור גאלה 250 מל,מור-ים מרקטינג בעמ,,,יח`,2.50,"100 מ""ל",false,1,27.90,11.16,false,1,
7290017946399,false,סוד מרכך  מרוכז( 900  מל)ארומתרפי אדום,גורי שיווק בעמ,,,יח`,9,"100 מ""ל",false,1,12.90,1.43,false,1,
7290017947105,false,לחם בסגנון אמריקה 500  גר`אנג`ל,שלמה א. אנג`ל בעמ,,,יח`,5,100 גרם,false,1,14.90,2.98,false,1,
7290017947464,false,פיתות כוסמין  שמינייה( 400  גר`)אנג`ל,שלמה א. אנג`ל בעמ,,,יח`,1,,false,1,16.90,16.90,false,1,
7290017947891,false,לחם כוסמין וחיטה מלאה 750  גר`אנגל,שלמה א. אנג`ל בעמ,,,יח`,7.50,100 גרם,false,1,16.90,2.25,false,1,
7290018043844,false,דאבל בוטנים קרמל קראנץ 60 גר`,דיפלומט היינץ,,,יח`,0.60,100 גרם,false,1,13.90,23.17,true,1,
7290018045893,false,דגני בוקר בון בון במילוי קרם נוגט 480 גר,ר.ב מוצרי דגנים בעמ,,,יח`,4.80,100 גרם,false,1,23.90,4.98,true,1,
7290018091074,false,מעדנות בצק עוגיות שוקולד ציפס 300גר,תנובה קפואים,,,יח`,3,100 גרם,false,1,15.90,5.30,false,1,
7290018131756,false,מאגדת שלגונים וניל מצופה תות 8*55 גרם,נגה גלידות שותפות מוגבלת,,,יח`,4.40,100 גרם,false,1,26.90,6.11,false,1,
7290018131954,false,מאגדת לה פרוטה שוקולד תות 5*70 גרם,נגה גלידות שותפות מוגבלת,,,יח`,3.50,100 גרם,false,1,28.90,8.26,false,1,
7290018156124,false,קמיל אל סבון שלישייה צבעוני) (3*500,פישר תעשיות פרמצבטיות בעמ,,,יח`,15,"100 מ""ל",false,1,20.90,1.39,false,1,
7290018165010,false,רזרב גולד אדישיין 750 מל גוורצטאמינר,טמפו משקאות בעמ,,,יח`,7.50,"100 מ""ל",false,1,53,7.03,true,1,
7290018182017,false,קיסמי שיניים משולבים בחוט דנטלי בתוספת פ,פארמה דיל (פ.א.ב.) שיווק והפצה,,,יח`,1,,false,1,9.90,9.90,false,1,
7290018198148,false,תפוגן קריספי ציפס קלאסי 1.25קג,קבוצת אסם סחר שות. מוגבלת,,,יח`,1.25,"ק""ג",false,1,28.90,23.12,false,1,
7290018198384,false,תפוגן קריספי פרוסות 1.25קג,קבוצת אסם סחר שות. מוגבלת,,,יח`,1.50,"ק""ג",false,1,28.90,19.27,false,1,
7290018236635,false,צונגו פופקורן מצופה 600  גר`עוף טוב,קבוצת אסם סחר שות. מוגבלת,,,יח`,6,100 גרם,false,1,33.90,5.65,true,1,
7290018249055,false,אריזת 100 שקיות אישיות משקל  נטו(300 גר),אבאל יזמות בעמ,,,יח`,3,100 גרם,false,1,32.90,10.97,false,1,
7290018249154,false,ממרח אגוזי לוז סוויטאנגו 350 גר`,אבאל יזמות בעמ,,,יח`,3.50,100 גרם,false,1,35.90,10.26,true,1,
7290018249994,false,ממתיקsweetango צנצנת 700 גר` נטו,אבאל יזמות בעמ,,,יח`,7,100 גרם,false,1,56.90,8.13,true,1,
7290018294208,false,סלקטד אדום ישראלי 750 מל,אגודת הכורמים,,,יח`,7.50,"100 מ""ל",false,1,30.90,4.08,true,1,
7290018344101,false,חטיף חלבון VEG PROTEIN בטעם קקאו וקפה 50,אבאל יזמות בעמ,,,יח`,0.50,100 גרם,false,1,10.90,21.80,true,1,
7290018344187,false,חטיף חלווה משומשום מלא בתוספת פיסטוק ללא,אבאל יזמות בעמ,,,יח`,0.70,100 גרם,false,1,8.90,12.71,true,1,
7290018344736,false,עוגיות  אנרג`שוקולד צמקאו ללא סוכר,אבאל יזמות בעמ,,,יח`,2,100 גרם,false,1,25.90,12.95,true,1,
7290018344767,false,עוגיות כוסמין  אנרג`חמוציות שקדים ללא סו,אבאל יזמות בעמ,,,יח`,2,100 גרם,false,1,25.90,12.95,true,1,
7290018359495,false,תירס מהשדה בלי תוספת  סוכר( 550  גר`)יכי,זנלכל בעמ,,,יח`,5.50,100 גרם,false,1,10.90,1.98,false,1,
7290018359518,false,תירס מהשדה בלי תוספת  סוכר( 200 גר *3יח),זנלכל בעמ,,,יח`,6,100 גרם,false,1,15.90,2.65,false,1,
7290018359556,false,תירס מהשדה בלי תוספת  סוכר( 400  גר)יכין,זנלכל בעמ,,,יח`,4,100 גרם,false,1,7.90,1.98,false,1,
7290018359716,false,רוטב לפיצה טוסקנה יכין (240 גרם),זנלכל בעמ,,,יח`,2.40,100 גרם,false,1,6.90,2.88,false,1,
7290018440209,false,בייגלה בציפוי  פאדג`לבן 140  גר`פליפז,תה ויסוצקי (ישראל) בעמ,,,יח`,1.40,100 גרם,false,1,8.90,6.36,true,1,
7290018440476,false,בייגלה מצופה בקרם עוגת גבינה ותותים 140,תה ויסוצקי (ישראל) בעמ,,,יח`,1.40,100 גרם,false,1,8.90,6.36,true,1,
7290018440483,false,בייגלה מצופה בקרמל מלוח ושוקולד 140 גר`,תה ויסוצקי (ישראל) בעמ,,,יח`,1.40,100 גרם,false,1,8.90,6.36,true,1,
7290018468425,false,נקניק טבעוני בטעם פיקנטי 100 גר טירת צבי,תנובה - חלב,,,יח`,1,100 גרם,false,1,18.90,18.90,false,1,
7290018471470,false,תפוזינה נקטר תפוז פסיפלורה 1 ליטר,יפאורה,,,יח`,10,"100 מ""ל",false,1,7.30,0.73,false,1,
7290018471906,false,משקה מוגז שוופס (1.5 ליטר) לימונדה ורוד,יפאורה,,,יח`,1.50,1 ליטר,false,1,9.50,6.13,true,1,
7290018471913,false,משקה מוגז שוופס (1.5 ליטר) תפוחים,יפאורה,,,יח`,1.50,1 ליטר,false,1,9.50,6.13,true,1,
7290018471920,false,משקה מוגז פירות שוופס (1.5 ליטר) ענבים,יפאורה,,,יח`,1.50,1 ליטר,false,1,9.50,6.13,true,1,
7290018471937,false,משקה מוגז פירות שוופס (1.5 ליטר) תות ל,יפאורה,,,יח`,1.50,1 ליטר,false,1,9.50,6.13,true,1,
7290018471944,false,משקה מוגז פירות שוופס (1.5 ליטר) לימונ,יפאורה,,,יח`,1.50,1 ליטר,false,1,9.50,6.13,true,1,
7290018471951,false,משקה מוגז פירות שוופס (1.5 ליטר) אשכול,יפאורה,,,יח`,1.50,1 ליטר,false,1,9.50,6.13,true,1,
7290018493915,false,שמן גוף לתינוק בתוספת שקדים 200 מל,פישר תעשיות פרמצבטיות בעמ,,,יח`,2,"100 מ""ל",false,1,18.90,9.45,false,1,
7290018515020,false,חלבון סויה מיובש בצורת כנפי עוף 300 גרם,טחנת האבן קואופ בעמ,,,יח`,3,100 גרם,false,1,15.90,5.30,false,1,
7290018516324,false,פאוץ`פרינוק תפוח ושיבולת שועל 120 גר`,גורי מוצרי צריכה (1991) בעמ,,,יח`,1.20,100 גרם,false,1,6.50,5.42,true,1,
7290018516331,false,פאוץ`פרינוק תפוח בננה ושיבולת שועל 120,גורי מוצרי צריכה (1991) בעמ,,,יח`,1.20,100 גרם,false,1,6.50,5.42,true,1,
7290018516348,false,פאוץ`פרינוק סלט פירות ושיבולת שועל 120,גורי מוצרי צריכה (1991) בעמ,,,יח`,1.20,100 גרם,false,1,6.50,5.42,true,1,
7290018516362,false,ג`וניור תפוח עץ בננה ושיבולת שועל 190 גר,גורי מוצרי צריכה (1991) בעמ,,,יח`,1.90,100 גרם,false,1,7.50,3.95,true,1,
7290018516393,false,פרמיו מיקס 3 קג,שחורי אריה ואנסטסיה,,,יח`,30,100 גרם,false,1,59.90,2,false,1,
7290018516614,false,הורייזן מחית בשר סלמון 90 גר,שחורי אריה ואנסטסיה,,,יח`,0.90,100 גרם,false,1,9.90,11,false,1,
7290018571408,false,לקקנים מולטיקולור תותי פרוטי 220 גר`,מיה תעשיות מזון מ.ת.מ. בעמ,,,יח`,2.20,100 גרם,false,1,11,5,false,1,
7290018571699,false,קמח שקדים 250  גר`זיפר מיה,מיה תעשיות מזון מ.ת.מ. בעמ,,,יח`,2.50,100 גרם,false,1,25.90,10.36,false,1,
7290018571705,false,אורז יסמין 1 קג מיה,מיה תעשיות מזון מ.ת.מ. בעמ,,,יח`,1,"ק""ג",false,1,11.90,11.90,true,1,
7290018571712,false,אורז פרסי 1 קג מיה,מיה תעשיות מזון מ.ת.מ. בעמ,,,יח`,1,"ק""ג",false,1,10.90,10.90,true,1,
7290018571736,false,אורז בסמטי 1 קג מיה,מיה תעשיות מזון מ.ת.מ. בעמ,,,יח`,1,"ק""ג",false,1,11.90,11.90,true,1,
7290018571743,false,אורז מלא 1 קג מיה,מיה תעשיות מזון מ.ת.מ. בעמ,,,יח`,1,"ק""ג",false,1,9.90,9.90,false,1,
7290018677148,false,גרנולה קראנצ`י שוקולד וקוקוס 300  גר`איט,י.איטליאנו אחזקות בעמ,,,יח`,3,100 גרם,false,1,23.90,7.97,false,1,
7290018703083,false,דאבל שוקולד קראנץ 60 גר`,דיפלומט היינץ,,,יח`,0.60,100 גרם,false,1,13.90,23.17,true,1,
7290018703311,false,דאבל קרם עוגיות קראנץ 60 גר`,דיפלומט היינץ,,,יח`,0.60,100 גרם,false,1,13.90,23.17,true,1,
7290018770252,false,זית ירוק מגולען בטעם שום 190 גר`,אבאל יזמות בעמ,,,יח`,1.90,100 גרם,false,1,13.90,7.32,true,1,
7290018770283,false,זית סורי בטעם לימון 215 גר`,אבאל יזמות בעמ,,,יח`,2.15,100 גרם,false,1,13.90,6.47,true,1,
7290018777275,false,חטיף חלבון VEG PROTEIN עוגיות וניל 50 גר,אבאל יזמות בעמ,,,יח`,0.50,100 גרם,false,1,10.90,21.80,true,1,
7290018792841,false,אבקת קקאו טבעי 150  גר`גאנה,תה ויסוצקי (ישראל) בעמ,,,יח`,1.50,100 גרם,false,1,11.90,7.93,true,1,
7290018825020,false,תפוא לבן לאפייה דוד משה גורמה,תוצרת הנגב אגודה שיתופית חקלאי,,,"ק""ג",1,,true,1,5.90,5.90,false,1,
7290018825228,false,תפוא אדום לטיגון דוד משה גורמה,תוצרת הנגב אגודה שיתופית חקלאי,,,"ק""ג",1,,true,1,5.90,5.90,false,1,
7290018835005,false,ציפס אורז חום מלא מלח פלפל ושמן זית 60 ג,א.ל.ייצור ושיווק תבלינים בעמ,,,יח`,0.60,100 גרם,false,1,7.50,12.50,true,1,
7290018893265,false,צ`וקטה עוגות אישיות מריר 240 גרם,ש.שסטוביץ בעמ,,,יח`,2.40,100 גרם,false,1,13.90,5.79,true,1,
7290018893456,false,עוגות אישיות צ`וקטה (30x10 גרם).,ש.שסטוביץ בעמ,,,יח`,3,100 גרם,false,1,13.90,4.63,false,1,
7290018893647,false,ביסקוויט במילוי קרם בטעם וניל בציפוי שו,ש.שסטוביץ בעמ,,,יח`,1.50,100 גרם,false,1,10.90,7.27,true,1,
7290018893876,false,צ`וקטה עוגות אישיות וניל 200 גרם,ש.שסטוביץ בעמ,,,יח`,2,100 גרם,false,1,13.90,6.95,true,1,
7290018894217,false,בלקוני עוגות מיקס מקס קקאו 350 גר`,ש.שסטוביץ בעמ,,,יח`,3.50,100 גרם,false,1,15.90,4.54,true,1,
7290018894590,false,צ`וקטה מארז סביבון 225 גר`,ש.שסטוביץ בעמ,,,יח`,2.25,100 גרם,false,1,15.90,7.07,false,1,
7290018925065,false,מיץ תפוזים סחוט פרימור (2 ליטר),שטראוס גרופ בעמ/מצונן,,,יח`,2,1 ליטר,false,1,27.90,13.80,false,1,
7290018925072,false,משקה קל לימונים ונענע (2  ליטר)פרימור,שטראוס גרופ בעמ/מצונן,,,יח`,2,1 ליטר,false,1,28.90,14.30,false,1,
7290018925089,false,מיץ תפוחים צלול פרימור (2 ליטר),שטראוס גרופ בעמ/מצונן,,,יח`,2,1 ליטר,false,1,27.90,13.80,false,1,
7290018925416,false,משקה לימון פסיפלורה 400 מל פרימור,שטראוס גרופ בעמ/מצונן,,,יח`,4,"100 מ""ל",false,1,7.90,1.90,false,1,
7290018989081,false,חומוס הבית 410  גר`יכין,זנלכל בעמ,,,יח`,4.10,100 גרם,false,1,8.90,2.17,false,1,
7290018989128,false,סירופ בטעם ענבים יכין 1 ליטר,זנלכל בעמ,,,יח`,1,1 ליטר,false,1,19.90,19.90,false,1,
7290019036395,false,ארטישוק 400  גר`קפוא,א.ג בחירה חכמה בעמ,,,יח`,4,100 גרם,false,1,9.90,2.48,false,1,
7290019036425,false,במיה 400  גר`קפוא,א.ג בחירה חכמה בעמ,,,יח`,4,100 גרם,false,1,6.90,1.73,false,1,
7290019056027,false,משקה מוגז פירות שוופס (1.5 ליטר) תפוחי,יפאורה,,,יח`,1.50,1 ליטר,false,1,9.50,6.13,true,1,
7290019056034,false,משקה מוגז פירות שוופס (1.5 ליטר) אננס,יפאורה,,,יח`,1.50,1 ליטר,false,1,9.50,6.13,true,1,
7290019056041,false,משקה מוגז פירות שוופס (1.5 ליטר) לימונ,יפאורה,,,יח`,1.50,1 ליטר,false,1,9.50,6.13,true,1,
7290019056058,false,שוופס מוגז עדין( 1.5 ליטר) תפוח ליים,יפאורה,,,יח`,1.50,1 ליטר,false,1,9.50,6.13,true,1,
7290019056065,false,שוופס מוגז עדין( 1.5 ליטר) פירות יער,יפאורה,,,יח`,1.50,1 ליטר,false,1,9.50,6.13,true,1,
7290019056072,false,שוופס מוגז עדין( 1.5 ליטר) אננס,יפאורה,,,יח`,1.50,1 ליטר,false,1,9.50,6.13,true,1,
7290019056089,false,שוופס מוגז עדין( 1.5 ליטר) ענבי ריזלינג,יפאורה,,,יח`,1.50,1 ליטר,false,1,9.50,6.13,true,1,
7290019056096,false,שוופס מוגז עדין( 1.5 ליטר) אפרסק,יפאורה,,,יח`,1.50,1 ליטר,false,1,9.50,6.13,true,1,
7290019056119,false,מי סודה (1.5  ליטר)שוופס,יפאורה,,,יח`,1.50,1 ליטר,false,1,3.90,2.40,true,1,
7290019056164,false,מי סודה (1.5x4  ליטר)שוופס,יפאורה,,,יח`,6,1 ליטר,false,1,12.20,1.83,false,1,
7290019056171,false,מי סודה (1.5x4  ליטר)בטעם לימון שוופס,יפאורה,,,יח`,6,1 ליטר,false,1,12.20,1.83,false,1,
7290019056188,false,רביעייה שוופס סודה 1.5 ליטרנענע ליים,יפאורה,,,יח`,6,1 ליטר,false,1,12.20,1.83,false,1,
7290019056249,false,שוופס מים 1.5 ליטר בטעם ענבים,יפאורה,,,יח`,1.50,1 ליטר,false,1,9.50,6.13,true,1,
7290019056256,false,שוופס מים 1.5 ליטר בטעם תפוחים,יפאורה,,,יח`,1.50,1 ליטר,false,1,9.50,6.13,true,1,
7290019056270,false,שוופס מים 1.5 ליטר בטעם פירות יער,יפאורה,,,יח`,1.50,1 ליטר,false,1,9.50,6.13,true,1,
7290019056287,false,שוופס מים 1.5 ליטר בטעם אפרסק ללא סוכר,יפאורה,,,יח`,1.50,1 ליטר,false,1,9.50,6.13,true,1,
7290019056300,false,משקה שוופס (1.5  ליטר)ביטר למון,יפאורה,,,יח`,1.50,1 ליטר,false,1,12.90,8.40,false,1,
7290019056317,false,משקה שוופס (1.5  ליטר)ראשן,יפאורה,,,יח`,15,"100 מ""ל",false,1,12.90,0.84,false,1,
7290019056331,false,שוופס מי טוניק (1.5  ליטר)ללס,יפאורה,,,יח`,0.0150,"100 מ""ל",false,1,12.90,840,false,1,
7290019056355,false,משקה תפוזינה 1.5 ליטר לימונענע,יפאורה,,,יח`,1.50,1 ליטר,false,1,9.50,6.13,true,1,
7290019056362,false,משקה קל תפוזינה 1.5 ליטר ענבים,יפאורה,,,יח`,1.50,1 ליטר,false,1,9.50,6.13,true,1,
7290019056379,false,משקה קל תפוזינה 1.5 ליטר תפוזים,יפאורה,,,יח`,1.50,1 ליטר,false,1,9.50,6.13,true,1,
7290019056386,false,משקה קל תפוזינה 1.5 ליטר אשכוליות,יפאורה,,,יח`,0.0150,"100 מ""ל",false,1,9.50,613.33,true,1,
7290019056393,false,משקה קל תפוזינה 1.5 ליטר תות בננה,יפאורה,,,יח`,1.50,1 ליטר,false,1,9.50,6.13,true,1,
7290019056409,false,משקה קל תפוזינה 1.5 ליטר מנגו,יפאורה,,,יח`,1.50,1 ליטר,false,1,9.50,6.13,true,1,
7290019056416,false,משקה תפוזינה 1.5 ליטר לימונדה ורודה,יפאורה,,,יח`,1.50,1 ליטר,false,1,9.50,6.13,true,1,
7290019056423,false,משקה תפוזינה 1.5 ליטר תפוחים,יפאורה,,,יח`,1.50,1 ליטר,false,1,9.50,6.13,true,1,
7290019056430,false,משקה קל תפוזינה 1.5 ליטר תפוזים לייט,יפאורה,,,יח`,1.50,1 ליטר,false,1,9.50,6.13,true,1,
7290019056447,false,משקה קל תפוזינה 1.5 ליטר אשכוליות לייט,יפאורה,,,יח`,1.50,1 ליטר,false,1,9.50,6.13,true,1,
7290019056478,false,ספרינג תה 1.5 ליטר בטעם אפרסק,יפאורה,,,יח`,1.50,1 ליטר,false,1,9.50,6.13,true,1,
7290019056492,false,ספרינג תה 1.5 ליטר בטעם מנגו אפרסק,יפאורה,,,יח`,1.50,1 ליטר,false,1,9.50,6.13,true,1,
7290019056515,false,פרוט ווטר 1.5 ליטר בטעם אננס,יפאורה,,,יח`,1.50,1 ליטר,false,1,9.50,6.13,true,1,
7290019056539,false,פרוט ווטר 1.5 ליטר בטעם אפרסק,יפאורה,,,יח`,1.50,1 ליטר,false,1,9.50,6.13,true,1,
7290019056546,false,פרוט ווטר 1.5 ליטר בטעם אבטיח,יפאורה,,,יח`,1.50,1 ליטר,false,1,9.50,6.13,true,1,
7290019056553,false,מים מינרלים עין גדי (2x6 ליטר),יפאורה,,,יח`,1.20,1 ליטר,false,1,13.70,9.92,false,1,
7290019056560,false,מים עין גדי בודד 2 ליטר,יפאורה,,,יח`,2,1 ליטר,false,1,3.30,1.65,false,1,
7290019056577,false,משקה קל ספרינג 1.5 ליטר מנגו,יפאורה,,,יח`,1.50,1 ליטר,false,1,9.50,6.13,true,1,
7290019056584,false,משקה קל ספרינג 1.5 ליטר תפוזים,יפאורה,,,יח`,1.50,1 ליטר,false,1,9.50,6.13,true,1,
7290019056591,false,משקה קל ספרינג 1.5 ליטר ענבים,יפאורה,,,יח`,1.50,1 ליטר,false,1,9.50,6.13,true,1,
7290019056607,false,משקה קל ספרינג 1.5 ליטר תפוחים,יפאורה,,,יח`,1.50,1 ליטר,false,1,9.50,6.13,true,1,
7290019056614,false,משקה קל ספרינג 1.5 ליטר אפרסק,יפאורה,,,יח`,1.50,1 ליטר,false,1,9.50,6.13,true,1,
7290019056621,false,משקה קל ספרינג 1.5 ליטר פירות טרופיים,יפאורה,,,יח`,1.50,1 ליטר,false,1,9.50,6.13,true,1,
7290019056638,false,משקה קל ספרינג 1.5 ליטר תות בננה,יפאורה,,,יח`,1.50,1 ליטר,false,1,9.50,6.13,true,1,
7290019056645,false,משקה קל ספרינג 1.5 ליטר אגס תפוח סברס,יפאורה,,,יח`,1.50,1 ליטר,false,1,9.50,6.13,true,1,
7290019056652,false,משקה קל ספרינג 1.5 ליטר אננס בננה,יפאורה,,,יח`,1.50,1 ליטר,false,1,9.50,6.13,true,1,
7290019056669,false,משקה קל ספרינג 1.5 ליטר תפוחים דיאט,יפאורה,,,יח`,1.50,1 ליטר,false,1,9.50,6.13,true,1,
7290019056676,false,משקה קל ספרינג 1.5 ליטר אשכוליות אננס די,יפאורה,,,יח`,1.50,1 ליטר,false,1,9.50,6.13,true,1,
7290019056720,false,משקה קל קריסטל (2  ליטר)ענבים,יפאורה,,,יח`,2,1 ליטר,false,1,7.50,3.60,false,1,
7290019056737,false,משקה קל קריסטל (2  ליטר)אשכוליות,יפאורה,,,יח`,2,1 ליטר,false,1,7.50,3.60,false,1,
7290019056744,false,משקה קל קריסטל (2  ליטר)תפוזים,יפאורה,,,יח`,2,1 ליטר,false,1,7.50,3.60,false,1,
7290019056751,false,משקה קל קריסטל (2  ליטר)אשכוליות דיאט,יפאורה,,,יח`,2,1 ליטר,false,1,7.50,3.60,false,1,
7290019056768,false,משקה קל קריסטל (2  ליטר)מנגו,יפאורה,,,יח`,2,1 ליטר,false,1,7.50,3.60,false,1,
7290019056782,false,משקה קל קריסטל (2  ליטר)מוגז למון ליים,יפאורה,,,יח`,2,1 ליטר,false,1,7.50,3.60,false,1,
7290019056805,false,משקה קל קריסטל (2  ליטר)מוגז תפוחים,יפאורה,,,יח`,2,1 ליטר,false,1,7.50,3.60,false,1,
7290019056812,false,משקה קל קריסטל (2  ליטר)מוגז מנטה,יפאורה,,,יח`,2,1 ליטר,false,1,7.50,3.60,false,1,
7290019056829,false,משקה קל קריסטל (2  ליטר)מוגז תפוזים,יפאורה,,,יח`,2,1 ליטר,false,1,7.50,3.60,false,1,
7290019056836,false,משקה קל קריסטל (2  ליטר)מוגז תות,יפאורה,,,יח`,2,1 ליטר,false,1,7.50,3.60,false,1,
7290019056843,false,משקה קל קריסטל (2  ליטר)מוגז קולה,יפאורה,,,יח`,2,1 ליטר,false,1,7.50,3.60,false,1,
7290019056966,false,מי עדן בקבוק פיקדון 1.5 ליטר,יפאורה,,,יח`,15,"100 מ""ל",false,1,4.20,0.26,false,1,
7290019056973,false,מים מינרלים (1.5x6  ליטר)מי עדן,יפאורה,,,יח`,9,1 ליטר,false,1,13.90,1.34,false,1,
7290019101833,false,כוסות נייר b8 פאלאס) (50,פאלאס תעשיות נטו (2014) בעמ,,,יח`,50,יח`,false,1,8.90,0.18,false,1,
7290019153078,false,שוופס ביטר למון לייט 1.5 ליטר,יפאורה,,,יח`,1.50,1 ליטר,false,1,12.90,8.40,false,1,
7290019153085,false,שוופס מוחיטו ללא סוכר 1.5 ליטר,יפאורה,,,יח`,1.50,1 ליטר,false,1,9.50,6.13,true,1,
7290019153252,false,סודה תפוח (1.5*4  ליטר)שוופס,יפאורה,,,יח`,6,1 ליטר,false,1,12.20,1.83,false,1,
7290019153269,false,סודה אננס (1.5*4  ליטר)שוופס,יפאורה,,,יח`,6,1 ליטר,false,1,12.20,1.83,false,1,
7290019153344,false,משקה קל תפוזינה 1.5 ליטר סנגרייה,יפאורה,,,יח`,15,"100 מ""ל",false,1,9.50,0.61,true,1,
7290019153375,false,משקה קל תפוזינה 1.5 ליטר מוחיטו,יפאורה,,,יח`,15,"100 מ""ל",false,1,9.50,0.61,true,1,
7290019153535,false,שוופס רביעיות מוגז פירות למונייד ללס 33,יפאורה,,,יח`,1.32,1 ליטר,false,1,13.90,9.62,true,1,
7290019153566,false,משקה קל ספרינג 1.5 ליטר רימון אוכמניות,יפאורה,,,יח`,1.50,1 ליטר,false,1,9.50,6.13,true,1,
7290019167020,false,עוגת גבינה עם פירורים 82 גרם עדן קינוחים,תנובה - חלב,,,יח`,0.82,100 גרם,false,1,7.20,8.78,false,1,
7290019167037,false,תותים בקצפת 82 גרם עדן קינוחים,תנובה - חלב,,,יח`,0.82,100 גרם,false,1,7.20,8.78,false,1,
7290019232834,false,בייגלה מצופים בקרם עוגיות ושוקולד 140 גר,תה ויסוצקי (ישראל) בעמ,,,יח`,1.40,100 גרם,false,1,8.90,6.36,true,1,
7290019297161,false,טורטיה ראפ מקמח תירס 450 גר` (12 יח),דין שיווק וקליה 2021 בעמ,,,יח`,4.50,100 גרם,false,1,10.90,2.42,true,1,
7290019297512,false,רוטב רימונים 340 גר שקדיה,דין שיווק וקליה 2021 בעמ,,,יח`,3.40,"100 מ""ל",false,1,11.20,3.29,false,1,
7290019297543,false,חמאת בוטנים 510  גר`דין שיווק,דין שיווק וקליה 2021 בעמ,,,יח`,5.10,100 גרם,false,1,14.20,2.78,true,1,
7290019297628,false,שקד טבעי 150 גרם ששון הקולה,דין שיווק וקליה 2021 בעמ,,,יח`,1.50,100 גרם,false,1,13.90,9.27,true,1,
7290019303367,false,טבע ירוק בייגלה כוסמין עם שומשום 200 גר`,אבאל יזמות בעמ,,,יח`,2,100 גרם,false,1,15.90,7.95,true,1,
7290019303701,false,פינוקיות שומשום מיקס ישראלי 250 גר`,אבאל יזמות בעמ,,,יח`,2.50,100 גרם,false,1,18.90,7.56,true,1,
7290019308126,false,פולי סויה 400 גר` פרוסטי,נ.ת.נ.ג.ב החזקות יעוץ וניהול ב,,,יח`,4,100 גרם,false,1,6.90,1.73,true,1,
7290019393047,false,קמח כוסמין לבן ללא צורך בניפוי 1 קג,אבאל יזמות בעמ,,,יח`,1,"ק""ג",false,1,15.90,15.90,true,1,
7290019393061,false,קמח כוסמין 100% ללא צורך בניפוי 1 קג,אבאל יזמות בעמ,,,יח`,1,"ק""ג",false,1,15.90,15.90,true,1,
7290019393085,false,האופה פתיתים בצורת קוסקוס מחיטת דורום 40,אבאל יזמות בעמ,,,יח`,4,100 גרם,false,1,5.90,1.48,true,1,
7290019462095,false,סלרי חתוך קוביות מרינה,קונס`-מרינה פטריות הגליל בעמ*ש,,,יח`,1,,false,1,11.90,11.90,false,1,
7290019462125,false,עלי תרד גוליבר,קונס`-מרינה פטריות הגליל בעמ*ש,,,יח`,1,,false,1,11.90,11.90,false,1,
7290019462149,false,נבטים צוות לענין מרינה,קונס`-מרינה פטריות הגליל בעמ*ש,,,יח`,1,,false,1,10.90,10.90,false,1,
7290022005562,false,קריספ שום 300 גר`,א.ל.ייצור ושיווק תבלינים בעמ,,,יח`,3,100 גרם,false,1,8.90,2.97,true,1,
7290100240137,false,בדין תרסיס למייבש כביסה,יוניליוור ישראל שיווק בעמ,,,יח`,5,"100 מ""ל",false,1,20.30,4.06,true,1,
7290100240144,false,בדין תרסיס למייבש כביסה,יוניליוור ישראל שיווק בעמ,,,יח`,5,"100 מ""ל",false,1,20.30,4.06,true,1,
7290100240632,false,פתית 6 דגנים תלמה (250 גרם),יוניליוור ישראל שיווק בעמ,,,יח`,2.50,100 גרם,false,1,19.30,7.72,true,1,
7290100240656,false,פתית שיפון תלמה (300 גרם),יוניליוור ישראל שיווק בעמ,,,יח`,3,100 גרם,false,1,19.30,6.43,true,1,
7290100243671,false,בדין אקסטרא כחול 960 מל,יוניליוור ישראל שיווק בעמ,,,יח`,9.60,"100 מ""ל",false,1,17.30,1.80,true,1,
7290100245231,false,נמס בכוס ועוד טעם עוף שקדי מרק,יוניליוור ישראל שיווק בעמ,,,יח`,0.50,100 גרם,false,1,7.60,15.20,true,1,
7290100680650,false,מנה חמה נודלס תאילנדי,קבוצת אסם סחר שות. מוגבלת,,,יח`,0.76,100 גרם,false,1,8.50,11.18,true,1,
7290100680667,false,מנה חמה נודלס בסגנון סצ`ואן אסם (76 גרם),קבוצת אסם סחר שות. מוגבלת,,,יח`,0.76,100 גרם,false,1,8.50,11.18,true,1,
7290100680711,false,פירורית זהב אסם (350 גרם),קבוצת אסם סחר שות. מוגבלת,,,יח`,3.50,100 גרם,false,1,10.10,2.89,false,1,
7290100680728,false,פירורית אסם (350 גרם),קבוצת אסם סחר שות. מוגבלת,,,יח`,3.50,100 גרם,false,1,8.40,2.40,false,1,
7290100681015,false,פודינג בטעם ריבת חלב 84  גר`אסם,קבוצת אסם סחר שות. מוגבלת,,,יח`,0.84,100 גרם,false,1,5.90,7.02,false,1,
7290100681138,false,אפרופו מארז שלישיה,קבוצת אסם סחר שות. מוגבלת,,,יח`,1.50,100 גרם,false,1,14.50,9.67,true,1,
7290100684139,false,פסטה מיני מקרוני אסם (500 גרם),קבוצת אסם סחר שות. מוגבלת,,,יח`,5,100 גרם,false,1,6.10,1.22,true,1,
7290100685136,false,אבקת מרק בטעם עוף אסם (1 קג),קבוצת אסם סחר שות. מוגבלת,,,יח`,1,"ק""ג",false,1,15.90,15.90,true,1,
7290100685334,false,אבקת מרק עוף אמיתי מרכיבים 400 גר`,קבוצת אסם סחר שות. מוגבלת,,,יח`,4,100 גרם,false,1,24.90,6.23,true,1,
7290100685341,false,אבקת מרק רכיבים 400 גר`,קבוצת אסם סחר שות. מוגבלת,,,יח`,4,100 גרם,false,1,18.30,4.58,true,1,
7290100685938,false,עוגת הבית דבש ותפוח עץ 400 גרם,קבוצת אסם סחר שות. מוגבלת,,,יח`,4,100 גרם,false,1,19.60,4.90,false,1,
7290100686171,false,ביסלי חטיף בטעם גריל אסם (35x6 גרם),קבוצת אסם סחר שות. מוגבלת,,,יח`,2.10,100 גרם,false,1,17.30,8.24,true,1,
7290100689301,false,מרק בטעם עוף זך אסם (400 גרם),קבוצת אסם סחר שות. מוגבלת,,,יח`,4,100 גרם,false,1,17.30,4.33,true,1,
7290100700020,false,גריסי פנינה סוגת (500 גרם),סוגת תעשיות בעמ,,,יח`,2,100 גרם,false,1,7.50,3.75,true,1,
7290100700068,false,שעועית צבעונית 500 גר`,סוגת תעשיות בעמ,,,יח`,5,100 גרם,false,1,12.90,2.58,true,1,
7290100700273,false,קינואה 500 גר`,סוגת תעשיות בעמ,,,יח`,5,100 גרם,false,1,16.90,3.38,true,1,
7290100700297,false,עדשים מנומרות סוגת (500 גרם),סוגת תעשיות בעמ,,,יח`,5,100 גרם,false,1,8.90,1.78,true,1,
7290100700372,false,אורז בסמטי מלא סוגת (1 קג),סוגת תעשיות בעמ,,,יח`,1,"ק""ג",false,1,14.90,14.90,false,1,
7290100700396,false,אורז יסמין סוגת (1 קג),סוגת תעשיות בעמ,,,יח`,1,"ק""ג",false,1,13.50,13.50,true,1,
7290100700563,false,אורז מיקס קלאסי סוגת (1 קג),סוגת תעשיות בעמ,,,יח`,1,"ק""ג",false,1,13.90,13.90,false,1,
7290100700587,false,בורגול סוגת (500 גרם),סוגת תעשיות בעמ,,,יח`,5,100 גרם,false,1,6.50,1.30,true,1,
7290100701126,false,שעועית מש סוגת (500 גרם),סוגת תעשיות בעמ,,,יח`,5,100 גרם,false,1,13.90,2.78,true,1,
7290100701140,false,אורז ריזוטו ארבוריו סוגת (1 קג),סוגת תעשיות בעמ,,,יח`,1,"ק""ג",false,1,13.90,13.90,false,1,
7290100701157,false,אורז להכנת סושי סוגת (1 קג),סוגת תעשיות בעמ,,,יח`,1,"ק""ג",false,1,12.90,12.90,false,1,
7290100701300,false,קינואה אדומה סוגת (500 גרם),סוגת תעשיות בעמ,,,יח`,5,100 גרם,false,1,16.90,3.38,true,1,
7290100702611,false,פתיתים אפויים אורז,סוגת תעשיות בעמ,,,יח`,5,100 גרם,false,1,6.50,1.30,true,1,
7290100702994,false,סוכר דמררה בשקית סוגת (500 גרם),סוגת תעשיות בעמ,,,יח`,5,100 גרם,false,1,7.50,1.50,true,1,
7290100703007,false,עדשים שחורות בלוגה סוגת (500 גרם),סוגת תעשיות בעמ,,,יח`,5,100 גרם,false,1,8.90,1.78,true,1,
7290100704516,false,חומוס מיני סוגת (500 גרם),סוגת תעשיות בעמ,,,יח`,5,100 גרם,false,1,6.90,1.38,true,1,
7290100704608,false,שעועית לבנה עדינה סוגת (500 גרם),סוגת תעשיות בעמ,,,יח`,5,100 גרם,false,1,7.90,1.58,true,1,
7290100704622,false,סוכר דמררה דק דק צנצנת 500 גר,סוגת תעשיות בעמ,,,יח`,5,100 גרם,false,1,8.90,1.78,false,1,
7290100704639,false,קמח שמרים פיתה 1 קג,סוגת תעשיות בעמ,,,יח`,1,"ק""ג",false,1,8.90,8.90,false,1,
7290100704660,false,קינואה מיקס 500 גר`,סוגת תעשיות בעמ,,,יח`,5,100 גרם,false,1,16.90,3.38,true,1,
7290100850909,false,חטיף תירס נאצ`ו מקסיקני דוריטוס (70 גרם),שטראוס פריטו ליי בעמ,,,יח`,0.70,100 גרם,false,1,4,5.71,true,1,
7290100850916,false,חטיף תירס חמוץ חריף דוריטוס (70 גרם),שטראוס פריטו ליי בעמ,,,יח`,0.70,100 גרם,false,1,4,5.71,true,1,
7290100850923,false,חטיף תירס גריל דוריטוס (70 גרם),שטראוס פריטו ליי בעמ,,,יח`,0.70,100 גרם,false,1,4,5.71,true,1,
7290100850930,false,חטיף תירס בטעם טבעי דוריטוס (70 גרם),שטראוס פריטו ליי בעמ,,,יח`,0.70,100 גרם,false,1,4,5.71,true,1,
7290100858592,false,אבקת קקאו עלית (150 גרם),שטראוס גרופ בעמ,,,יח`,1.50,100 גרם,false,1,9.90,6.60,false,1,
7290100858608,false,אבקת קקאו עלית (500 גרם),שטראוס גרופ בעמ,,,יח`,5,100 גרם,false,1,24.50,4.90,false,1,
7290100921401,false,שמפו קרטין מחזק הוואי (700 מל),הנקל סוד בעמ,,,יח`,7,"100 מ""ל",false,1,8.90,1.27,false,1,
7290100921418,false,מרכך מועשר בקרטין הוואי (700 מל),הנקל סוד בעמ,,,יח`,7,"100 מ""ל",false,1,8.90,1.27,false,1,
7290100921593,false,סוד כדוריות נתלה לאסלה לימון,גורי שיווק בעמ,,,יח`,1,,false,1,8.90,8.90,true,1,
7290100921616,false,סוד כדוריות נתלה לאסלה אורנים,גורי שיווק בעמ,,,יח`,1,,false,1,8.90,8.90,true,1,
7290100921760,false,שמפו לשיער ולגוף ספורט הוואי (700 מל),הנקל סוד בעמ,,,יח`,7,"100 מ""ל",false,1,8.90,1.27,false,1,
7290100924464,false,כדוריות שלישייה אקנומיקה,גורי שיווק בעמ,,,יח`,1,,false,1,17.90,17.90,true,1,
7290100924631,false,מרכך כביסה מרוכז בייבי סוד (900 מל),גורי שיווק בעמ,,,יח`,9,"100 מ""ל",false,1,13.20,1.47,false,1,
7290100925751,false,נוזל כלים תפוח סוד (650 מל),גורי שיווק בעמ,,,יח`,6.50,"100 מ""ל",false,1,6.90,1.06,false,1,
7290101112228,false,מאגדת גלידה פרי שמיניה אננס 8יח,פלקו בעמ,,,יח`,8,100 גרם,false,1,25.90,3.24,false,1,
7290101112921,false,מאגדת גלידל פרי פירות טרופים 8 יח,פלקו בעמ,,,יח`,6.40,100 גרם,false,1,25.90,4.05,false,1,
7290101113157,false,מאגדת גלידל חלבי וניל 6 יח פלדמן,פלקו בעמ,,,יח`,1,,false,1,27.90,27.90,false,1,
7290101113430,false,מאגדת גלידל ריפל שוקלוד 6 יח,פלקו בעמ,,,יח`,1,,false,1,27.90,27.90,false,1,
7290101113805,false,מאגדת יופלה שייק פרי תות 70% פרי 5 יח`,פלקו בעמ,,,יח`,3.50,100 גרם,false,1,20.90,5.97,true,1,
7290101113829,false,מאגדת יופלה שייק פרי מנגו 70% פרי 5 יח`,פלקו בעמ,,,יח`,3.50,100 גרם,false,1,20.90,5.97,true,1,
7290101113904,false,קרמבו מנבו 12  יח`וניל,פלקו בעמ,,,יח`,1,,false,1,23.90,23.90,false,1,
7290101113911,false,קרמבו מנבו 12  יח`מוקה,פלקו בעמ,,,יח`,1,,false,1,23.90,23.90,false,1,
7290101551027,false,קפסולות 14 למכונות נספרו עלית) (10,שטראוס גרופ בעמ,,,יח`,0.50,100 גרם,false,1,18.50,37,true,1,
7290101551300,false,סילאן טבעי לחיץ 380  גר`יד מרדכי .,שטראוס גרופ בעמ,,,יח`,3.80,100 גרם,false,1,15.90,4.18,false,1,
7290101551539,false,דנונה פרו 20  גר`אפרסק,שטראוס גרופ בעמ/מצונן,,,יח`,2,100 גרם,false,1,6.10,3.05,false,1,
7290101551584,false,חטיף צ`יפס קידס תפוצ`יפס) (10*20,שטראוס פריטו ליי בעמ,,,יח`,2,100 גרם,false,1,13.90,6.95,false,1,
7290101863410,false,סיליט באנג אקונומיקה 750 מל,רקיט בנקיזר (ניר איסט) בעמ,,,יח`,7.50,"100 מ""ל",false,1,13.90,1.85,false,1,
7290101864127,false,ספריי להסרת כתמים וניש קליה (750 מל),רקיט בנקיזר (ניר איסט) בעמ,,,יח`,7.50,"100 מ""ל",false,1,20.90,2.79,true,1,
7290101865261,false,נוזל הברקה למדיח כלים פיניש (800 מל),רקיט בנקיזר (ניר איסט) בעמ,,,יח`,8,"100 מ""ל",false,1,20.90,2.61,false,1,
7290101868958,false,פיניש נוזל הברקה 800 מל לימון,רקיט בנקיזר (ניר איסט) בעמ,,,יח`,8,"100 מ""ל",false,1,20.90,2.61,false,1,
7290101869962,false,מקלות ריחניים חלום ליל קיץ איירוויק,רקיט בנקיזר (ניר איסט) בעמ,,,יח`,1,,false,1,15.90,15.90,true,1,
7290101869979,false,מקלות ריחניים אואזיס איירוויק,רקיט בנקיזר (ניר איסט) בעמ,,,יח`,1,,false,1,15.90,15.90,true,1,
7290101999584,false,נרות ג`מבו  כוכבים- הלו קיטי,שמחה זה אנחנו בעמ,,,יח`,1,,false,1,6.90,6.90,false,1,
7290101999683,false,נרות מטה  כוכבים- ברבי,שמחה זה אנחנו בעמ,,,יח`,1,,false,1,5.90,5.90,false,1,
7290101999751,false,נרות מטה  לבבות- תותית,שמחה זה אנחנו בעמ,,,יח`,1,,false,1,6.90,6.90,false,1,
7290102030330,false,תפוצ`יפס 200  גר` קראנץ`מקסיקני,שטראוס פריטו ליי בעמ,,,יח`,2,100 גרם,false,1,11.50,5.75,true,1,
7290102032334,false,קפה נמס וניל עלית (200 גרם),שטראוס גרופ בעמ,,,יח`,2,100 גרם,false,1,21.90,10.95,false,1,
7290102060764,false,מרידול מברשת שיניים,ש.שסטוביץ בעמ,,,יח`,1,,false,1,30.90,30.90,false,1,
7290102300822,false,גבינת צ`דר אנגלית כתומה 200 גרם,א. סיימן סחר בעמ,,,יח`,2,100 גרם,false,1,25.90,12.95,true,1,
7290102390427,false,יוגורט ביו פרופ 3% תות מולר (150 גרם),החב` המרכזית - טרה,,,יח`,1.50,"100 מ""ל",false,1,5.30,3.53,false,1,
7290102390465,false,מולר מעדן אפרסק 150 מל,החב` המרכזית - טרה,,,יח`,1.50,"100 מ""ל",false,1,5.30,3.53,false,1,
7290102390489,false,יוגורט ביו פרופ 3% לימון מולר (150 גרם),החב` המרכזית - טרה,,,יח`,1.50,"100 מ""ל",false,1,5.30,3.53,false,1,
7290102391844,false,מולר יוגורט פרי פרופ יער 150 מל,החב` המרכזית - טרה,,,יח`,1.50,"100 מ""ל",false,1,5.30,3.53,false,1,
7290102392049,false,תבור גבינה לאפיה צוריאל,החב` המרכזית - טרה,,,יח`,5,100 גרם,false,1,20.90,4.18,false,1,
7290102392094,false,חלב עיזים מלא 4.1% משק צוריאל (1 ליטר),החב` המרכזית - טרה,,,יח`,1,1 ליטר,false,1,17.40,17.40,false,1,
7290102393039,false,מולר מיקס יוגורט קרמי,החב` המרכזית - טרה,,,יח`,1.70,100 גרם,false,1,6.20,3.65,false,1,
7290102393169,false,מולר סימפלי פרויט תות שדה,החב` המרכזית - טרה,,,יח`,1.50,100 גרם,false,1,5.30,3.53,true,1,
7290102393190,false,מולר סימפלי פרויט פירות היער,החב` המרכזית - טרה,,,יח`,1.50,100 גרם,false,1,5.30,3.53,true,1,
7290102393268,false,גבינה לבנה 5% 750  גר`פיקוח,החב` המרכזית - טרה,,,יח`,7.50,100 גרם,false,1,14.94,1.99,false,1,
7290102393299,false,יוגורט עיזים 500  גר`לשתיה,החב` המרכזית - טרה,,,יח`,5,100 גרם,false,1,13.40,2.68,false,1,
7290102393848,false,יוגורט עיזים תות 150 צוריאל,החב` המרכזית - טרה,,,יח`,1.50,100 גרם,false,1,6.70,4.47,false,1,
7290102393855,false,יוגורט עיזים אפרסק 150 צוריאל,החב` המרכזית - טרה,,,יח`,1.50,100 גרם,false,1,6.70,4.47,false,1,
7290102393947,false,מולר סימפלי פרויט קיווי,החב` המרכזית - טרה,,,יח`,1.50,"100 מ""ל",false,1,5.30,3.53,true,1,
7290102394463,false,גבינה צהובה ואקום 28%,החב` המרכזית - טרה,,,יח`,5,100 גרם,false,1,29.40,5.88,false,1,
7290102394821,false,גבינה צהובה 200  גר`דק דק 28% אדם נעם,החב` המרכזית - טרה,,,יח`,2,100 גרם,false,1,17.40,8.70,false,1,
7290102394845,false,גבינה צהובה 200  גר`דק דק 9% נעם,החב` המרכזית - טרה,,,יח`,2,100 גרם,false,1,17.80,8.90,false,1,
7290102395224,false,יוגורט ביו נטורל 1.7% מולר (150x8 גרם),החב` המרכזית - טרה,,,יח`,12,100 גרם,false,1,18.80,1.57,false,1,
7290102395231,false,יוגורט ביו נטורל 2.8% מולר (150x8 גרם),החב` המרכזית - טרה,,,יח`,1,,false,1,18.80,18.80,false,1,
7290102395378,false,גבינה צהובה קלאסית 28% נעם (360 גרם),החב` המרכזית - טרה,,,יח`,3.60,100 גרם,false,1,20.90,5.81,false,1,
7290102395477,false,מעדן בטעם שוקולד קצפת מוו (123 גרם),החב` המרכזית - טרה,,,יח`,1.23,100 גרם,false,1,3,2.44,false,1,
7290102396405,false,מעדן בטעם וניל מוו (100x8 גרם),החב` המרכזית - טרה,,,יח`,8,100 גרם,false,1,14.20,1.78,false,1,
7290102396436,false,מעדן בטעם שוקולד 1.5% שומן מוו (125 גרם),החב` המרכזית - טרה,,,יח`,1.25,100 גרם,false,1,2.90,2.32,true,1,
7290102396443,false,מעדן בטעם וניל 1.5% שומן מוו (125 גרם),החב` המרכזית - טרה,,,יח`,1.25,100 גרם,false,1,2.90,2.32,true,1,
7290102396580,false,מעדן מוו שוקולד ומוס שוקולד,החב` המרכזית - טרה,,,יח`,1.23,100 גרם,false,1,3,2.44,false,1,
7290102396597,false,מעדן מוו וניל ומוס שוקולד,החב` המרכזית - טרה,,,יח`,1.23,100 גרם,false,1,3,2.44,false,1,
7290102396665,false,גבינה צהובה דקה דקה 15% נעם (200 גרם),החב` המרכזית - טרה,,,יח`,2,100 גרם,false,1,17.80,8.90,false,1,
7290102396672,false,גבינה צהובה נעם דק דק 9% פתח סגור 360 ג,החב` המרכזית - טרה,,,יח`,3.60,100 גרם,false,1,27.20,7.56,false,1,
7290102397204,false,גבינה צהובה נעם דק דק פתח סגור 200 גר,החב` המרכזית - טרה,,,יח`,2,100 גרם,false,1,17.80,8.90,false,1,
7290102397310,false,מאגדת שמינייה מיני מוו שוקולד קצפת,החב` המרכזית - טרה,,,יח`,1,,false,1,13.20,13.20,false,1,
7290102397464,false,מולר  נטורל+פקאן גרעינים וחמוציות 150,החב` המרכזית - טרה,,,יח`,1.50,100 גרם,false,1,6.20,4.13,false,1,
7290102397600,false,מולר מיקס שקדים ובוטנים בקרמל 170 גרם,החב` המרכזית - טרה,,,יח`,1.70,100 גרם,false,1,6.20,3.65,false,1,
7290102397617,false,מולר מיקס קליק 170 גרם,החב` המרכזית - טרה,,,יח`,1.70,100 גרם,false,1,6.20,3.65,false,1,
7290102397679,false,קוטג`וחצי 5% 375 גר,החב` המרכזית - טרה,,,יח`,3.75,100 גרם,false,1,8.30,2.21,false,1,
7290102397730,false,גבינה צהובה אמנטל 30% נעם (200 גרם),החב` המרכזית - טרה,,,יח`,2,100 גרם,false,1,17.80,8.90,false,1,
7290102397747,false,מוצרלה נעם פתיחה חוזרת 200 גר`,החב` המרכזית - טרה,,,יח`,2,100 גרם,false,1,19.90,9.95,false,1,
7290102397891,false,גבינה מותכת 100 גר צוריאל,החב` המרכזית - טרה,,,יח`,1,100 גרם,false,1,7.90,7.90,false,1,
7290102398065,false,חלב קרטון 2 ליטר 3% מהדרין וסט,החב` המרכזית - טרה,,,יח`,2,1 ליטר,false,1,12.46,6.23,false,1,
7290102398072,false,חלב הומוגני 3% 1 ליטר מהדרין וסט,החב` המרכזית - טרה,,,יח`,1,1 ליטר,false,1,6.23,6.23,false,1,
7290102398331,false,חלב מועשר דל לקטוז 1 ליטר טרה,החב` המרכזית - טרה,,,יח`,1,1 ליטר,false,1,7.50,7.50,false,1,
7290102398553,false,משקה שוקו בקבוק 1.5 ליטר בבקבוק,החב` המרכזית - טרה,,,יח`,15,"100 מ""ל",false,1,16.70,1.11,false,1,
7290102398560,false,משקה שוקו מועשר בבקבוק 1 ליטר טרה,החב` המרכזית - טרה,,,יח`,1,1 ליטר,false,1,12.10,12.10,false,1,
7290102398577,false,שוקו מעושר בבקבוק 250 מל,החב` המרכזית - טרה,,,יח`,2.50,"100 מ""ל",false,1,5.20,2.08,false,1,
7290102398614,false,משקה חלב בטעם בננה 1 ליטר טרה,החב` המרכזית - טרה,,,יח`,1,1 ליטר,false,1,12.10,12.10,false,1,
7290102398638,false,משקה חלב בטעם מוקה 1 ליטר טרה,החב` המרכזית - טרה,,,יח`,1,1 ליטר,false,1,12.10,12.10,false,1,
7290102398669,false,משקה חלב אייס קפוצינו 1 ליטר טרה,החב` המרכזית - טרה,,,יח`,1,1 ליטר,false,1,12.10,12.10,false,1,
7290102398782,false,משקה סויה קלאסי 1 ליטר משק צוריאל,החב` המרכזית - טרה,,,יח`,1,1 ליטר,false,1,10.90,10.90,false,1,
7290102398799,false,משקה סויה במתיקות מופחת 1 ליטר משק צוריא,החב` המרכזית - טרה,,,יח`,1,1 ליטר,false,1,10.90,10.90,false,1,
7290102398836,false,משקה שקדים קלאסי 1 ליטר משק צוריאל,החב` המרכזית - טרה,,,יח`,10,"100 מ""ל",false,1,12.90,1.29,false,1,
7290102399048,false,קשקבל נעם פתיחה חוזרת 200 גר`,החב` המרכזית - טרה,,,יח`,2,100 גרם,false,1,23,11.50,false,1,
7290102399635,false,Muller Froop TROPICAL קוקוס ואננס 4.1% ש,החב` המרכזית - טרה,,,יח`,1.50,"100 מ""ל",false,1,5.30,3.53,false,1,
7290102399772,false,ממרח חמאה מולר במליחות עדינה 250 גר`,החב` המרכזית - טרה,,,יח`,2.50,100 גרם,false,1,17.80,7.12,false,1,
7290102399789,false,ממרח חמאה מולר ללא מלח 250 גר`,החב` המרכזית - טרה,,,יח`,2.50,100 גרם,false,1,17.80,7.12,false,1,
7290102399796,false,יוגורט מולר אקטיב לבן חלבון 25 גר,החב` המרכזית - טרה,,,יח`,2,100 גרם,false,1,6.20,3.10,true,1,
7290102399802,false,יוגורט מולר אקטיב תות חלבון 20גר,החב` המרכזית - טרה,,,יח`,2,100 גרם,false,1,6.20,3.10,true,1,
7290102399819,false,יוגורט מולר אקטיב פירות יער חלבון 20גר,החב` המרכזית - טרה,,,יח`,2,100 גרם,false,1,6.20,3.10,true,1,
7290102399857,false,מולר אקטיב לייט יוגורט 20 גר  חלבון( 200,החב` המרכזית - טרה,,,יח`,0,100 גרם,false,1,5.80,5.80,true,1,
7290102840175,false,אינסטנט פודינג בטעם וניל מיה (85 גרם),מיה תעשיות מזון מ.ת.מ. בעמ,,,יח`,0.85,100 גרם,false,1,5,5.88,false,1,
7290102840205,false,ג`לי בטעם תות 90  גר`מיה,מיה תעשיות מזון מ.ת.מ. בעמ,,,יח`,0.90,100 גרם,false,1,5,5.56,false,1,
7290103124601,false,פלמוליב חלב ודבש 750מל חדש,ש.שסטוביץ בעמ,,,יח`,7.50,"100 מ""ל",false,1,20.90,2.79,true,1,
7290103151478,false,גביעי איחסון 1/4 ליטר לפיד) (20,פאלאס תעשיות נטו (2014) בעמ,,,יח`,1,,false,1,10.10,10.10,false,1,
7290103151508,false,מיכל אחסון 1 ליטר לפיד) (5,פאלאס תעשיות נטו (2014) בעמ,,,יח`,1,,false,1,10.10,10.10,true,1,
7290103151522,false,מיכל אחסון 3  ליטר- 3 יח`,פאלאס תעשיות נטו (2014) בעמ,,,יח`,1,,false,1,10.10,10.10,true,1,
7290103152956,false,פאלאס תבנית גדולה/רחבה/עמוקה/עגולה,פאלאס תעשיות נטו (2014) בעמ,,,יח`,1,,false,1,1.60,1.60,true,1,
7290103152987,false,פאלאס תבניות אלומיניום קטן/אינגליש,פאלאס תעשיות נטו (2014) בעמ,,,יח`,1,,false,1,1.30,1.30,true,1,
7290103156466,false,כפות חד פעמיות לפיד) (100,פאלאס תעשיות נטו (2014) בעמ,,,יח`,1,,false,1,10.90,10.90,true,1,
7290103400194,false,כרוב לבן 400 ג בדצ ירקות שטראוס טעם הטבע,שטראוס גרופ בעמ/מצונן,,,יח`,4,100 גרם,false,1,9,2.25,false,1,
7290103400255,false,סלט קולסלאו 400 ג בדצ ירקות שטראוס טעם ה,שטראוס גרופ בעמ/מצונן,,,יח`,4,100 גרם,false,1,9,2.25,false,1,
7290103401429,false,קפה PLATINUM ברזילאי 200 גר,שטראוס גרופ בעמ,,,יח`,2,100 גרם,false,1,24.90,12.45,true,1,
7290103404758,false,כרוב אדום במיונז אחלה (120 גרם),שטראוס גרופ בעמ/מצונן,,,יח`,1.20,100 גרם,false,1,5.10,4.25,false,1,
7290103408206,false,עלי חסה ערבית שטופים 250 גר טעם הטבע,שטראוס גרופ בעמ/מצונן,,,יח`,2.50,100 גרם,false,1,10.10,4.04,false,1,
7290103700997,false,טואלט לאבלי 40 לבן.,שניב תעשיות נייר בעמ,,,יח`,1,,false,1,39.90,39.90,false,1,
7290103702212,false,טאצ ממחטות כיס,שניב תעשיות נייר בעמ,,,יח`,1,,false,1,7.50,7.50,false,1,
7290103704155,false,מגבות  טאצ`6,שניב תעשיות נייר בעמ,,,יח`,1,,false,1,11.90,11.90,false,1,
7290103704162,false,נייר טואלט  טאצ`32 גלילים פרמיום,שניב תעשיות נייר בעמ,,,יח`,1,,false,1,28.90,28.90,false,1,
7290103704575,false,טואלט  טאצ`48 פרמיום,שניב תעשיות נייר בעמ,,,יח`,1,,false,1,38.90,38.90,false,1,
7290104061417,false,חומוס עם טחינה אחלה (400 גרם),שטראוס גרופ בעמ/מצונן,,,יח`,4,100 גרם,false,1,12.10,3.03,false,1,
7290104061424,false,חומוס וזעתר אחלה (400 גרם),שטראוס גרופ בעמ/מצונן,,,יח`,4,100 גרם,false,1,12.10,3.03,false,1,
7290104061431,false,חומוס עם צנובר אחלה (400 גרם),שטראוס גרופ בעמ/מצונן,,,יח`,4,100 גרם,false,1,12.10,3.03,false,1,
7290104061448,false,חומוס וחריף אחלה (400 גרם),שטראוס גרופ בעמ/מצונן,,,יח`,4,100 גרם,false,1,12.10,3.03,false,1,
7290104064012,false,שוקולד לבן 36ג To Good פסק זמן,שטראוס גרופ בעמ,,,יח`,0.36,100 גרם,false,1,5.40,15,false,1,
7290104065934,false,עלי רוקט שטראוס 150 גר`-טעם הטבע,שטראוס גרופ בעמ/מצונן,,,יח`,1.50,100 גרם,false,1,10.50,7,false,1,
7290104066566,false,טחינה משומשום מלא אחלה (500 גרם),שטראוס גרופ בעמ/מצונן,,,יח`,5,100 גרם,false,1,15.60,3.12,true,1,
7290104068546,false,מאסט טעם קולה לימון ללס 28 ג,שטראוס גרופ בעמ,,,יח`,0.28,100 גרם,false,1,5,17.86,false,1,
7290104500572,false,אפרופו 50  גר`איטליאנו,קבוצת אסם סחר שות. מוגבלת,,,יח`,0.50,100 גרם,false,1,5.70,11.40,true,1,
7290104501661,false,פודינג בטעם וניל צרפתי 80  גר`אסם,קבוצת אסם סחר שות. מוגבלת,,,יח`,0.80,100 גרם,false,1,6.80,8.50,false,1,
7290104504228,false,דובונים חטיף תפוחי אדמה אסם (20x5 גרם),קבוצת אסם סחר שות. מוגבלת,,,יח`,1,100 גרם,false,1,15.20,15.20,true,1,
7290104508202,false,גביעי גלידה אמריקאים אסם) (24,קבוצת אסם סחר שות. מוגבלת,,,יח`,1.20,100 גרם,false,1,15.20,12.67,false,1,
7290104721762,false,קפה טורקי עלית (85x3 גרם),שטראוס גרופ בעמ,,,יח`,2.55,100 גרם,false,1,19.90,7.80,false,1,
7290104721953,false,לקט מסולסלים 350 גרם שטראוס טעם הטבע,שטראוס גרופ בעמ/מצונן,,,יח`,3.50,100 גרם,false,1,13.50,3.86,false,1,
7290104722530,false,תפוצ`יפס 200  גר`שמנת בצל,שטראוס פריטו ליי בעמ,,,יח`,2,100 גרם,false,1,11.50,5.75,true,1,
7290104726712,false,מילקי שמיניה,שטראוס גרופ בעמ/מצונן,,,יח`,8.68,"100 מ""ל",false,1,20.90,2.41,false,1,
7290104728310,false,שמנת עמידה לקצפת 38% שומן 250 מל,שטראוס גרופ בעמ/מצונן,,,יח`,2.50,"100 מ""ל",false,1,6.47,2.59,false,1,
7290104729003,false,שמן זית כתית מעולה יד מרדכי (750 מל),שטראוס גרופ בעמ,,,יח`,7.50,"100 מ""ל",false,1,34.90,4.65,true,1,
7290104850875,false,צלחות ענק זהב פאלאס) (25,פאלאס תעשיות נטו (2014) בעמ,,,יח`,1,,false,1,25.90,25.90,false,1,
7290104850998,false,צלחת גדולה זהב 25 יח פאלאס,פאלאס תעשיות נטו (2014) בעמ,,,יח`,1,,false,1,15.90,15.90,true,1,
7290104851230,false,צלחת מרק זהב 25 יח פאלאס,פאלאס תעשיות נטו (2014) בעמ,,,יח`,1,,false,1,11.90,11.90,true,1,
7290104851346,false,צלחת קטנה זהב 25 יח פאלאס,פאלאס תעשיות נטו (2014) בעמ,,,יח`,1,,false,1,10.90,10.90,true,1,
7290104851629,false,צלחת לפתן זהב 25 יח פאלאס,פאלאס תעשיות נטו (2014) בעמ,,,יח`,1,,false,1,7.90,7.90,true,1,
7290104851681,false,קערית אובלית זהב 25 יח פאלאס,פאלאס תעשיות נטו (2014) בעמ,,,יח`,1,,false,1,8.90,8.90,true,1,
7290104858604,false,מזלג פלטינום 50 יח פאלאס,פאלאס תעשיות נטו (2014) בעמ,,,יח`,1,,false,1,7.90,7.90,false,1,
7290104960338,false,תחליב רחצהנקה 7 ירוק אלוורה,החברה הדרומית לשיווק בעמ,,,יח`,7.50,"100 מ""ל",false,1,11.90,1.59,true,1,
7290104960352,false,תחליב רחצה נקה 7 וניל שקד,החברה הדרומית לשיווק בעמ,,,יח`,7.50,"100 מ""ל",false,1,11.90,1.59,true,1,
7290104961526,false,טיטניום ספרי גוף קלאסי 150 מל,החברה הדרומית לשיווק בעמ,,,יח`,1.50,"100 מ""ל",false,1,10.90,7.27,true,1,
7290104963001,false,סופטקר מגבונים רביעייה,החברה הדרומית לשיווק בעמ,,,יח`,1,,false,1,16.90,16.90,false,1,
7290104965654,false,דאו סטיק נושם קרלין SWEET KISS,החברה הדרומית לשיווק בעמ,,,יח`,0.50,100 גרם,false,1,15.90,31.80,false,1,
7290105100054,false,מטריה אוטומטי מתקפל,טומי - קונסיגנציה,,,יח`,1,,false,1,15.90,15.90,false,1,
7290105100108,false,מטריה 28 ארוכה,טומי - קונסיגנציה,,,יח`,1,,false,1,19.90,19.90,false,1,
7290105100122,false,מטריה ידנית מתקפל,טומי - קונסיגנציה,,,יח`,1,,false,1,9.90,9.90,false,1,
7290105100221,false,מטריה ג`מבו אוטומט,טומי - קונסיגנציה,,,יח`,1,,false,1,29.90,29.90,false,1,
7290105107534,false,מטריה רב צלעות,טומי - קונסיגנציה,,,יח`,1,,false,1,29.90,29.90,false,1,
7290105108272,false,מטריה מיני אוטו עמיד ברוח,טומי - קונסיגנציה,,,יח`,1,,false,1,29.90,29.90,false,1,
7290105360250,false,קפסולות קפה עלית עשיר וארומטי)(10,שטראוס גרופ בעמ,,,יח`,1,,false,1,18.50,18.50,true,1,
7290105360328,false,קפסולות 10 חזק ועוצמתי עלית) (10,שטראוס גרופ בעמ,,,יח`,0.50,100 גרם,false,1,18.50,37,true,1,
7290105360335,false,קפסולות 7 עדין וקטיפתי עלית) (10,שטראוס גרופ בעמ,,,יח`,0.50,100 גרם,false,1,18.50,37,true,1,
7290105362339,false,שמנת לבישול 15% יטבתה (250 מל),שטראוס גרופ בעמ/מצונן,,,יח`,2.50,"100 מ""ל",false,1,8.60,3.44,true,1,
7290105363602,false,מקלות כיף כף קלאסי עלית (40 גרם),שטראוס גרופ בעמ,,,יח`,0.40,100 גרם,false,1,5.70,14.25,true,1,
7290105364289,false,כיף כף מקלות פצפוצים,שטראוס גרופ בעמ,,,יח`,0.40,100 גרם,false,1,5.70,14.25,true,1,
7290105364302,false,מקלות כיף כף אגוזים עלית (42 גרם),שטראוס גרופ בעמ,,,יח`,0.42,100 גרם,false,1,5.70,13.57,true,1,
7290105366023,false,חצילים בטעם כבד אחלה (400 גרם),שטראוס גרופ בעמ/מצונן,,,יח`,4,100 גרם,false,1,16.20,4.05,true,1,
7290105366047,false,טחינה לבנה אחלה (400 גרם),שטראוס גרופ בעמ/מצונן,,,יח`,4,100 גרם,false,1,16.20,4.05,true,1,
7290105366993,false,סימפוניה 200 גר פלפל שיפקה חריף,שטראוס גרופ בעמ/מצונן,,,יח`,2,100 גרם,false,1,12.20,6.10,false,1,
7290105368331,false,מילקי תות פיקוח,שטראוס גרופ בעמ/מצונן,,,יח`,1.30,"100 מ""ל",false,1,2.80,2.15,false,1,
7290105368904,false,שמנת עמידה לקצפת 32% שומן,שטראוס גרופ בעמ/מצונן,,,יח`,2.50,"100 מ""ל",false,1,7.70,3.08,false,1,
7290105369130,false,סימפוניה 200 גר בצל ירוק 5%,שטראוס גרופ בעמ/מצונן,,,יח`,2,100 גרם,false,1,12.20,6.10,false,1,
7290105430441,false,פלמוליב סחלב שחור 750 מל,ש.שסטוביץ בעמ,,,יח`,7.50,"100 מ""ל",false,1,20.90,2.79,true,1,
7290105430458,false,סבון נוזלי חלב שקדים פלמוליב (750 מל),ש.שסטוביץ בעמ,,,יח`,7.50,"100 מ""ל",false,1,20.90,2.79,true,1,
7290105431516,false,חטיף תמרים ובוטנים פרי (5  יח`- 125 גרם),ש.שסטוביץ בעמ,,,יח`,1.25,100 גרם,false,1,16.90,13.52,false,1,
7290105439499,false,מיונז הולנדי מאסטר שף (483 גר`),ש.שסטוביץ בעמ,,,יח`,4.83,100 גרם,false,1,12.50,2.59,false,1,
7290105439505,false,מיונז לייט 479 גר מנה מאסטר שף,ש.שסטוביץ בעמ,,,יח`,4.79,100 גרם,false,1,12.90,2.69,false,1,
7290105439581,false,חרדל דיז`ון צרפתי מאסטר שף (370 גרם),ש.שסטוביץ בעמ,,,יח`,3.70,100 גרם,false,1,12.90,3.49,false,1,
7290105473950,false,יורוקיטי קופסה 5 קג,שחורי אריה ואנסטסיה,,,יח`,5,"ק""ג",false,1,34.90,6.98,false,1,
7290105691224,false,חטיף טורטיה שום ובצל אסם (60 גרם),קבוצת אסם סחר שות. מוגבלת,,,יח`,0.60,100 גרם,false,1,9,15,true,1,
7290105691248,false,חטיף טורטיה תירס אסם (60 גרם),קבוצת אסם סחר שות. מוגבלת,,,יח`,0.60,100 גרם,false,1,9,15,true,1,
7290105691934,false,קמח שמרים אסם (1 קג),קבוצת אסם סחר שות. מוגבלת,,,יח`,1,"ק""ג",false,1,12.20,12.20,false,1,
7290105694614,false,ספגטי מהיר הכנה אסם (500 גרם),קבוצת אסם סחר שות. מוגבלת,,,יח`,5,100 גרם,false,1,6.10,1.22,true,1,
7290105695024,false,פתיתים אפויים 500  גר`אורז עם אטריות אסם,קבוצת אסם סחר שות. מוגבלת,,,יח`,1,,false,1,7.70,7.70,true,1,
7290105695321,false,עוגת בראוניז פאדג`,קבוצת אסם סחר שות. מוגבלת,,,יח`,4,100 גרם,false,1,19.60,4.90,false,1,
7290105695895,false,עוגת הבית דמקה דבש אסם (320 גרם),קבוצת אסם סחר שות. מוגבלת,,,יח`,3.20,100 גרם,false,1,12.50,3.91,false,1,
7290105964564,false,חומוס אחלה (400 גרם),שטראוס גרופ בעמ/מצונן,,,יח`,4,100 גרם,false,1,9.10,2.28,false,1,
7290105965738,false,דנונה לשתיה תות בננה,שטראוס גרופ בעמ/מצונן,,,יח`,2.63,"100 מ""ל",false,1,5.20,1.98,false,1,
7290105968098,false,סלט קולסלאו אחלה (500 גרם),שטראוס גרופ בעמ/מצונן,,,יח`,5,100 גרם,false,1,16.80,3.36,true,1,
7290105968654,false,רביולי עם בטטה פרווה שטראוס (400 גרם),שטראוס גרופ בעמ/מצונן,,,יח`,4,100 גרם,false,1,21.70,5.43,true,1,
7290105968777,false,אנרג`י פריכיות תחתית שוקולד מריר,שטראוס גרופ בעמ,,,יח`,0.80,100 גרם,false,1,9.40,11.75,false,1,
7290106520066,false,רבע  לשבע- רגיל,שטראוס גרופ בעמ,,,יח`,1.60,100 גרם,false,1,14.20,8.88,false,1,
7290106520288,false,דנונה WOW תות 150 גר`,שטראוס גרופ בעמ/מצונן,,,יח`,1.50,100 גרם,false,1,4.60,3.07,true,1,
7290106520905,false,סלט טורקי אחלה (400 גרם),שטראוס גרופ בעמ/מצונן,,,יח`,4,100 גרם,false,1,17.20,4.30,true,1,
7290106520912,false,שמנת לבישול 9% יטבתה (250 מל),שטראוס גרופ בעמ/מצונן,,,יח`,2.58,"100 מ""ל",false,1,8.60,3.33,true,1,
7290106521049,false,קוביות סלק אחלה (400 גרם),שטראוס גרופ בעמ/מצונן,,,יח`,4,100 גרם,false,1,16.20,4.05,true,1,
7290106524439,false,חטיף פופס תפוצ`יפס (60 גרם),שטראוס פריטו ליי בעמ,,,יח`,0.60,100 גרם,false,1,4,6.67,false,1,
7290106526822,false,אנרג`י פריכיות תחתית שוקולד,שטראוס גרופ בעמ,,,יח`,0.70,100 גרם,false,1,9.40,13.43,false,1,
7290106528628,false,חטיף תירס בטעם טבעי דוריטוס (185 גרם),שטראוס פריטו ליי בעמ,,,יח`,1.85,100 גרם,false,1,7.90,4.27,false,1,
7290106528949,false,סלט ערוגות שטראוס 450 גר`-טעם הטבע,שטראוס גרופ בעמ/מצונן,,,יח`,4.50,100 גרם,false,1,11.80,2.62,false,1,
7290106572027,false,קרקר לחמית חמישה דגנים אסם (190 גרם),קבוצת אסם סחר שות. מוגבלת,,,יח`,1.90,100 גרם,false,1,10,5.26,true,1,
7290106572065,false,חטיפי טורטיה בטעם חמוץ מתוק אסם (60 גרם),קבוצת אסם סחר שות. מוגבלת,,,יח`,0.60,100 גרם,false,1,9,15,true,1,
7290106572997,false,קמח שמרים לפיצה ופוקצ`ה אסם 1 קג`,קבוצת אסם סחר שות. מוגבלת,,,יח`,1,"ק""ג",false,1,12.20,12.20,false,1,
7290106573598,false,חומוס לבנוני צבר (400 גרם),קבוצת אסם סחר שות. מוגבלת,,,יח`,4,100 גרם,false,1,13.30,3.33,false,1,
7290106573628,false,חומוס עם טחינה צבר (400 גרם),קבוצת אסם סחר שות. מוגבלת,,,יח`,4,100 גרם,false,1,13.30,3.33,false,1,
7290106574793,false,עוגת הבית שוקוצ`יפס אסם (350 גרם),קבוצת אסם סחר שות. מוגבלת,,,יח`,3.50,100 גרם,false,1,12.50,3.57,false,1,
7290106574953,false,בייגלה שטוחים עם שומשום,קבוצת אסם סחר שות. מוגבלת,,,יח`,3,100 גרם,false,1,10.10,3.37,true,1,
7290106574977,false,בייגלה שטוחים טבעות עם מלח אסם (300 גרם),קבוצת אסם סחר שות. מוגבלת,,,יח`,3,100 גרם,false,1,10.10,3.37,true,1,
7290106575431,false,עוגת הבית סופלה טעם שוקו וניל,קבוצת אסם סחר שות. מוגבלת,,,יח`,3.40,100 גרם,false,1,12.50,3.68,false,1,
7290106576513,false,חומוס צבר (400 גרם),קבוצת אסם סחר שות. מוגבלת,,,יח`,5,100 גרם,false,1,12.20,2.44,false,1,
7290106576537,false,חומוס מסעדה צבר (700 גרם),קבוצת אסם סחר שות. מוגבלת,,,יח`,7,100 גרם,false,1,10.90,1.56,false,1,
7290106576834,false,לה קרמריה 1.4 פונטש בננה,נגה גלידות שותפות מוגבלת,,,יח`,1.40,1 ליטר,false,1,23.40,16.71,true,1,
7290106576919,false,לה קרמריה 1.4 סורבה תות לימון,נגה גלידות שותפות מוגבלת,,,יח`,1.40,1 ליטר,false,1,23.40,16.71,true,1,
7290106577282,false,טחינה אמיתית צבר (400 גרם),קבוצת אסם סחר שות. מוגבלת,,,יח`,4,100 גרם,false,1,12.50,3.13,false,1,
7290106577527,false,צבר מרובע קולסלו 400 גר`,קבוצת אסם סחר שות. מוגבלת,,,יח`,4,100 גרם,false,1,12.80,3.20,false,1,
7290106577541,false,סלט כרוב אדום צבר (400 גרם),קבוצת אסם סחר שות. מוגבלת,,,יח`,4,100 גרם,false,1,11.80,2.95,false,1,
7290106577572,false,צבר מרובע סלט מטבוחה 400 גר`,קבוצת אסם סחר שות. מוגבלת,,,יח`,4,100 גרם,false,1,13.20,3.30,false,1,
7290106578692,false,במבה ביסלי מיקס 80 גר`,קבוצת אסם סחר שות. מוגבלת,,,יח`,0.80,100 גרם,false,1,4.40,5.50,true,1,
7290106652996,false,כיף כף מקלות קוקוס,שטראוס גרופ בעמ,,,יח`,0.42,100 גרם,false,1,5.70,13.57,true,1,
7290106653689,false,לקט לסלט אסייתי 350 גר`-טעם הטבע,שטראוס גרופ בעמ/מצונן,,,יח`,3.50,100 גרם,false,1,11.20,3.20,false,1,
7290106654099,false,מארז מילקי CAKE שמיניה,שטראוס גרופ בעמ/מצונן,,,יח`,2.72,100 גרם,false,1,20.30,7.46,false,1,
7290106656727,false,חיוכיםשוקו 600 גר בדצ,שטראוס גרופ בעמ,,,יח`,6,100 גרם,false,1,19.30,3.22,false,1,
7290106656734,false,חיוכים וניל600 גר בדצ,שטראוס גרופ בעמ,,,יח`,6,100 גרם,false,1,19.30,3.22,false,1,
7290106662025,false,תפוציפס טבעי מלח  פלפל( 50 גר`),שטראוס פריטו ליי בעמ,,,יח`,0.50,100 גרם,false,1,4,8,false,1,
7290106663121,false,עוגה אישית מילקי  -CAKE בודד,שטראוס גרופ בעמ/מצונן,,,יח`,1,,false,1,3,3,false,1,
7290106663558,false,רוטב טריאקי יד מרדכי (320  גר`),שטראוס גרופ בעמ,,,יח`,3.20,100 גרם,false,1,14.90,4.66,false,1,
7290106664067,false,לאבנה שמן זית וזעתר %10שומן,שטראוס גרופ בעמ/מצונן,,,יח`,4,100 גרם,false,1,15.50,3.88,false,1,
7290106664562,false,רוטב שמנת עם פטריות 9% יטבתה (250 מל),שטראוס גרופ בעמ/מצונן,,,יח`,2.50,"100 מ""ל",false,1,10.10,4.04,true,1,
7290106667266,false,חטיף תירס חמוץ חריף דוריטוס (185 גרם),שטראוס פריטו ליי בעמ,,,יח`,1.85,100 גרם,false,1,7.90,4.27,false,1,
7290106668577,false,יד מרדכי מיץ לימון 250 מל,שטראוס גרופ בעמ,,,יח`,2.50,"100 מ""ל",false,1,7.90,3.16,true,1,
7290106668713,false,יוגורט 3% פירות יער דנונה (150 גרם),שטראוס גרופ בעמ/מצונן,,,יח`,1.50,100 גרם,false,1,3.90,2.60,false,1,
7290106669857,false,קפסולות קפה עלית בטעם וניל 50 גר,שטראוס גרופ בעמ,,,יח`,0.50,100 גרם,false,1,18.50,37,true,1,
7290106720626,false,חטיף תירס בטעם גבינה צ`יטוס (80 גרם),שטראוס פריטו ליי בעמ,,,יח`,0.80,100 גרם,false,1,5,6.25,false,1,
7290106721920,false,צנצנת ספירמינט צ`יקלט,שטראוס גרופ בעמ,,,יח`,0.66,100 גרם,false,1,11.50,17.42,true,1,
7290106723689,false,עלי תרד בייבי 200 גר`שטראוס טעם הטבע,שטראוס גרופ בעמ/מצונן,,,יח`,2,100 גרם,false,1,11.20,5.60,false,1,
7290106726178,false,דנונה WOW פירות יער 150 גר`,שטראוס גרופ בעמ/מצונן,,,יח`,1.50,100 גרם,false,1,4.60,3.07,true,1,
7290107280013,false,מגבוני בד לחים ליטופים) (72x5,החברה הדרומית לשיווק בעמ,,,יח`,1,,false,1,20.90,20.90,true,1,
7290107280020,false,מטליות לחות לניקוי כללי סושי סנו) (50x3,החברה הדרומית לשיווק בעמ,,,יח`,1,,false,1,19.90,19.90,true,1,
7290107280105,false,מגבוני טישו סנו סופט) (120,החברה הדרומית לשיווק בעמ,,,יח`,1,,false,1,8.90,8.90,false,1,
7290107280389,false,סנו ג`ט למקלחת 750 מל,החברה הדרומית לשיווק בעמ,,,יח`,7.50,"100 מ""ל",false,1,13.90,1.85,true,1,
7290107280570,false,מקסימה ג`ל כביסהבלי להפריד,החברה הדרומית לשיווק בעמ,,,יח`,3,1 ליטר,false,1,34.60,11.53,true,1,
7290107280600,false,ספארק טבליות למדיח סנו) (100,החברה הדרומית לשיווק בעמ,,,יח`,1,,false,1,50.90,50.90,true,1,
7290107280655,false,סנו מקסימה א. כביסה בייבי 3.25 קג,החברה הדרומית לשיווק בעמ,,,יח`,3.25,"ק""ג",false,1,33.90,10.43,true,1,
7290107280723,false,נוזל לניקוי כלים לימון 700 מל,החברה הדרומית לשיווק בעמ,,,יח`,7,"100 מ""ל",false,1,8.90,1.27,true,1,
7290107280730,false,נוזל לניקוי כלים 700מל בניחוח לבנדר,החברה הדרומית לשיווק בעמ,,,יח`,7,"100 מ""ל",false,1,8.90,1.27,true,1,
7290107280747,false,נוזל לניקוי כלים קלאסי 700 מל,החברה הדרומית לשיווק בעמ,,,יח`,7,"100 מ""ל",false,1,8.90,1.27,true,1,
7290107280754,false,נוזל לניקוי כלים היפואלרגני,החברה הדרומית לשיווק בעמ,,,יח`,7,"100 מ""ל",false,1,8.90,1.27,true,1,
7290107280761,false,נוזל לניקוי כלים בניחוח לימון 1ליטר,החברה הדרומית לשיווק בעמ,,,יח`,1,1 ליטר,false,1,12.20,12.20,false,1,
7290107645584,false,מרק עוף רכיבים טבעיים 400  גר`קנור,יוניליוור ישראל שיווק בעמ,,,יח`,4,100 גרם,false,1,29.50,7.38,true,1,
7290107646062,false,מרק בצל רכיבים טבעיים 400  גר`קנור,יוניליוור ישראל שיווק בעמ,,,יח`,4,100 גרם,false,1,29.50,7.38,true,1,
7290107646147,false,מאגדת חטיפי שוגי קורנפלקס שישייה,יוניליוור ישראל שיווק בעמ,,,יח`,1.56,100 גרם,false,1,16.30,10.45,true,1,
7290107646154,false,מאגדת חטיפי ילדים קוקומן פצפוצים שישייה,יוניליוור ישראל שיווק בעמ,,,יח`,1.26,100 גרם,false,1,16.30,12.94,true,1,
7290107646826,false,מאגדת חטיפי ילדים שוגי שוקו שישייה,יוניליוור ישראל שיווק בעמ,,,יח`,1.56,100 גרם,false,1,16.30,10.45,true,1,
7290107646963,false,ממרח ספייסי מיו 250  גר`תלמה.,יוניליוור ישראל שיווק בעמ,,,יח`,2.50,100 גרם,false,1,7.90,3.16,true,1,
7290107646970,false,ממרח איולי שום 250  גר`תלמה.,יוניליוור ישראל שיווק בעמ,,,יח`,2.50,100 גרם,false,1,7.90,3.16,true,1,
7290107647731,false,קוקומן חום לבן 20% פחות סוכר 375 גר`,יוניליוור ישראל שיווק בעמ,,,יח`,3.75,100 גרם,false,1,23.50,6.27,true,1,
7290107647816,false,ברנפלקס ללתס 500  גר`בדצ,יוניליוור ישראל שיווק בעמ,,,יח`,5,100 גרם,false,1,23.40,4.68,true,1,
7290107647823,false,ברנפלקס מהדרין תלמה (500 גרם),יוניליוור ישראל שיווק בעמ,,,יח`,5,100 גרם,false,1,23.40,4.68,true,1,
7290107649100,false,טבעות שומשום 300 גרם,יוניליוור ישראל שיווק בעמ,,,יח`,3,100 גרם,false,1,11.50,3.83,true,1,
7290107871297,false,פריכונים מיני עשבי תיבול אסם (25 גרם),קבוצת אסם סחר שות. מוגבלת,,,יח`,1,,false,1,4.90,4.90,false,1,
7290107871990,false,פסטה צינורות מהדרין אסם (500 גרם),קבוצת אסם סחר שות. מוגבלת,,,יח`,5,100 גרם,false,1,6.10,1.22,true,1,
7290107874441,false,פריכונים מיני בצל מקורמל אסם (25 גרם),קבוצת אסם סחר שות. מוגבלת,,,יח`,1,,false,1,4.90,4.90,false,1,
7290107875271,false,ביסלי ברביקיו מארז 4יח*55גרם,קבוצת אסם סחר שות. מוגבלת,,,יח`,2.20,100 גרם,false,1,13.20,6,true,1,
7290107877619,false,במבה במילוי נוגט אסם (30x5 גרם),קבוצת אסם סחר שות. מוגבלת,,,יח`,1.50,100 גרם,false,1,16.30,10.87,true,1,
7290107930321,false,קונפיטורת דובדבן יד מרדכי (340 גרם),שטראוס גרופ בעמ,,,יח`,3.40,100 גרם,false,1,12.90,3.79,false,1,
7290107931397,false,כיף כף פצפצים עלית (40 גרם),שטראוס גרופ בעמ,,,יח`,0.40,100 גרם,false,1,6.10,15.25,true,1,
7290107932080,false,חלב 3% מועשר בבקבוק יטבתה (1 ליטר),שטראוס גרופ בעמ/מצונן,,,יח`,10,"100 מ""ל",false,1,7.80,0.78,false,1,
7290107932134,false,חלב מועשר 1% בבקבוק יטבתה (1 ליטר),שטראוס גרופ בעמ/מצונן,,,יח`,10,"100 מ""ל",false,1,7.80,0.78,false,1,
7290107933155,false,לקט סלנובה 200 גר ירקות שטראוס טעם הטבע,שטראוס גרופ בעמ/מצונן,,,יח`,2,100 גרם,false,1,13.20,6.60,false,1,
7290107936309,false,דנונה יווני לבן 7%,שטראוס גרופ בעמ/מצונן,,,יח`,1.30,100 גרם,false,1,3.50,2.69,false,1,
7290107936460,false,מארז דנכול בטעם מעודן 8יח,שטראוס גרופ בעמ/מצונן,,,יח`,8,100 גרם,false,1,30.50,3.81,false,1,
7290107936965,false,עד חצות עיגולים 225 גר`,שטראוס גרופ בעמ,,,יח`,2.25,100 גרם,false,1,12.90,5.73,false,1,
7290107937542,false,משקה אקטייביה תות 1.2%,שטראוס גרופ בעמ/מצונן,,,יח`,2.50,"100 מ""ל",false,1,4.90,1.96,false,1,
7290107937641,false,צנצנת קוביות בזוקה גומי לעיסה 58גר,שטראוס גרופ בעמ,,,יח`,0.58,100 גרם,false,1,11.50,19.83,true,1,
7290107937856,false,קפסולות קפה עלית 100% גואטמלה) (10,שטראוס גרופ בעמ,,,יח`,0.50,100 גרם,false,1,18.50,37,true,1,
7290107938396,false,אקטימל תות שמינייה בנים,שטראוס גרופ בעמ/מצונן,,,יח`,8.64,100 גרם,false,1,20.90,2.42,false,1,
7290107939027,false,גזר דק דק 250 גר שטראוס ירקות טעם הטבע,שטראוס גרופ בעמ/מצונן,,,יח`,2.50,100 גרם,false,1,7.90,3.16,false,1,
7290107941259,false,עדשים ירוקות מבושלות 475 גר ירקות שטראוס,שטראוס גרופ בעמ/מצונן,,,יח`,4.75,100 גרם,false,1,13.20,2.78,false,1,
7290107941266,false,שעועית אדומה מבושלת 475 גר ירקות שטראוס,שטראוס גרופ בעמ/מצונן,,,יח`,4.75,100 גרם,false,1,14.90,3.14,false,1,
7290107941273,false,טעם הטבע חומוס מבושל שטראוס (475 גרם),שטראוס גרופ בעמ/מצונן,,,יח`,4.75,100 גרם,false,1,13.20,2.78,false,1,
7290107942355,false,תפוצ`יפס מקלות בטעם טבעי 60 גרם,שטראוס פריטו ליי בעמ,,,יח`,0.60,100 גרם,false,1,4,6.67,false,1,
7290107943192,false,שמנת חמוצה מהערבה 27% שומן יטבתה,שטראוס גרופ בעמ/מצונן,,,יח`,2,"100 מ""ל",false,1,4,2,false,1,
7290107943369,false,קוואקר שיבולת שועל ללא גולטן 511 גר`,שטראוס פריטו ליי בעמ,,,יח`,5.11,100 גרם,false,1,21.40,4.19,false,1,
7290107944472,false,סימפוניה 200 גר שום שמיר 5%,שטראוס גרופ בעמ/מצונן,,,יח`,2,100 גרם,false,1,12.20,6.10,false,1,
7290107945165,false,קונפיטורת משמש 340 גר,שטראוס גרופ בעמ,,,יח`,3.40,100 גרם,false,1,12.90,3.79,false,1,
7290107950190,false,מעדן שטראוס דיאט שוקולד מריר,שטראוס גרופ בעמ/מצונן,,,יח`,1.30,100 גרם,false,1,3.30,2.54,false,1,
7290107950206,false,מעדן שטראוס דיאט שוקולד 0%,שטראוס גרופ בעמ/מצונן,,,יח`,1.30,100 גרם,false,1,3.30,2.54,false,1,
7290107951104,false,בפלות שוקולד 200  גר`עלית,שטראוס גרופ בעמ,,,יח`,2,100 גרם,false,1,4.90,2.45,false,1,
7290107953559,false,מארז טורקי לדרך כשלפ,שטראוס גרופ בעמ,,,יח`,1.68,100 גרם,false,1,19.50,11.61,false,1,
7290107954709,false,קונפיטורת פירות יער 340 גר יד מרדכי,שטראוס גרופ בעמ,,,יח`,3.40,100 גרם,false,1,12.90,3.79,false,1,
7290107954976,false,משקה יטבתה פרו קפה 350 מל,שטראוס גרופ בעמ/מצונן,,,יח`,3.50,"100 מ""ל",false,1,6.70,1.91,false,1,
7290107956642,false,תרסיס שמן זית 150 מל יד מרדכי,שטראוס גרופ בעמ,,,יח`,1.50,"100 מ""ל",false,1,19.50,13,false,1,
7290107956895,false,קפסולות קפה עלית אספרסו בטעם קרמל,שטראוס גרופ בעמ,,,יח`,0.50,100 גרם,false,1,18.50,37,true,1,
7290107956901,false,קפסולות אספרסו בטעם אגוזים עלית,שטראוס גרופ בעמ,,,יח`,0.50,100 גרם,false,1,18.50,37,true,1,
7290107956932,false,קפסולות קפה עלית אידונזיה  מס`12,שטראוס גרופ בעמ,,,יח`,0.50,100 גרם,false,1,18.50,37,true,1,
7290107957991,false,מילקי מיניייס cake,שטראוס גרופ בעמ/מצונן,,,יח`,1.44,100 גרם,false,1,13.90,9.65,false,1,
7290107958035,false,מארז 8 דנונה מתיקות מעודנת ללא סוכר וממת,שטראוס גרופ בעמ/מצונן,,,יח`,1.20,1 ליטר,false,1,18.90,15.75,false,1,
7290107973861,false,מארז עגבניות קצוצות דק שלישייה מנה מאסט,ש.שסטוביץ בעמ,,,יח`,12,100 גרם,false,1,16.90,1.41,false,1,
7290107974066,false,עלי טורטיה קמח מלא 320  גר`מנה מאסטר שף,ש.שסטוביץ בעמ,,,יח`,3.20,100 גרם,false,1,11.20,3.50,false,1,
7290107974073,false,עלי טורטיה קמח לבן 320  גר`מנה מאסטר שף,ש.שסטוביץ בעמ,,,יח`,3.20,100 גרם,false,1,11.20,3.50,false,1,
7290107978323,false,מאסטר שף איטריות דקיקות 400 גר,ש.שסטוביץ בעמ,,,יח`,4,100 גרם,false,1,6.90,1.73,false,1,
7290107978330,false,מאסטר שף איטריות דקות 400 גר,ש.שסטוביץ בעמ,,,יח`,4,100 גרם,false,1,6.90,1.73,false,1,
7290107978347,false,מאסטר שף איטריות בינוניות 400 גר,ש.שסטוביץ בעמ,,,יח`,4,100 גרם,false,1,6.90,1.73,false,1,
7290108350128,false,סושי-שקיות אשפה חזקות במיוחד,החברה הדרומית לשיווק בעמ,,,יח`,1,,false,1,24.90,24.90,false,1,
7290108350142,false,סושי-שקיות רב שימושיותXXL,החברה הדרומית לשיווק בעמ,,,יח`,1,,false,1,12.90,12.90,false,1,
7290108350203,false,כרית קרצוף עם ספוג מקציף סנו סושי) (6,החברה הדרומית לשיווק בעמ,,,יח`,1,,false,1,11.90,11.90,false,1,
7290108350586,false,ספארק 1.5 ליטר נוזל כלים,החברה הדרומית לשיווק בעמ,,,יח`,1.50,1 ליטר,false,1,15.90,10.60,true,1,
7290108350616,false,סנו מקסימה מרכך 1 ליטר blue blossom,החברה הדרומית לשיווק בעמ,,,יח`,1,1 ליטר,false,1,18.90,18.90,true,1,
7290108350623,false,מקסימה מרכך כביסה סופט סילק סנו (1 ליטר),החברה הדרומית לשיווק בעמ,,,יח`,1,1 ליטר,false,1,18.90,18.90,true,1,
7290108351149,false,סנו ג`ט פלוס לניקוי כללי ורצפות בתוספת,החברה הדרומית לשיווק בעמ,,,יח`,1.50,1 ליטר,false,1,13.90,9.27,true,1,
7290108351156,false,סנו ג`ט לניקוי כללי ורצפות בתוספת חומץ 1,החברה הדרומית לשיווק בעמ,,,יח`,1.50,1 ליטר,false,1,13.90,9.27,true,1,
7290108351507,false,מרכך כביסה מקסימה Soft Silk,החברה הדרומית לשיווק בעמ,,,יח`,4,1 ליטר,false,1,22.40,5.60,true,1,
7290108351590,false,סנופרש הום נטול גז 350 מל הום בלו בלוסו,החברה הדרומית לשיווק בעמ,,,יח`,3.50,"100 מ""ל",false,1,12.90,3.69,true,1,
7290108351613,false,ריצפז פרש הום בניחות מלון חלומי 2 ליטר,החברה הדרומית לשיווק בעמ,,,יח`,2,1 ליטר,false,1,22.90,11.45,true,1,
7290108351699,false,מגבונים  ג`ט+ חומץ מארז שלישייה,החברה הדרומית לשיווק בעמ,,,יח`,1,,false,1,20.90,20.90,true,1,
7290108351774,false,מתז לניקוי וטיפול במוצרי עור,החברה הדרומית לשיווק בעמ,,,יח`,5,"100 מ""ל",false,1,32.60,6.52,false,1,
7290108351781,false,ג`ט פלוס לניקוי אסלות בניחוח הדרים,החברה הדרומית לשיווק בעמ,,,יח`,7.50,"100 מ""ל",false,1,10.90,1.45,true,1,
7290108351804,false,סנו מקסימה סופר מרוכז (1 ליטר)- בריזה,החברה הדרומית לשיווק בעמ,,,יח`,1,1 ליטר,false,1,18.90,18.90,true,1,
7290108351811,false,סנו מקסימה סופר מרוכז (1 ליטר)- פרחוני,החברה הדרומית לשיווק בעמ,,,יח`,1,1 ליטר,false,1,18.90,18.90,true,1,
7290108351934,false,סבון אסלה מוצק RINGS ניחוח לימון שלישייה,החברה הדרומית לשיווק בעמ,,,יח`,1,,false,1,15.90,15.90,true,1,
7290108351941,false,סבון אסלה מוצק RINGS ניחוח יערות שלישיי,החברה הדרומית לשיווק בעמ,,,יח`,1,,false,1,15.90,15.90,true,1,
7290108351972,false,סנופרש הום מלון בוטיק 200 מל סנו,החברה הדרומית לשיווק בעמ,,,יח`,2,"100 מ""ל",false,1,13.50,6.75,true,1,
7290108352207,false,מקסימהקפסולות לכביסה 40  יח`בניחוח flora,החברה הדרומית לשיווק בעמ,,,יח`,1,,false,1,37.90,37.90,true,1,
7290108352214,false,מקסימה קפסולות לכביסה 40  יח`בניחוח fres,החברה הדרומית לשיווק בעמ,,,יח`,1,,false,1,37.90,37.90,true,1,
7290108352269,false,400 מטליות בדלי לחיטוי ולניקוי סנו,החברה הדרומית לשיווק בעמ,,,יח`,1,,false,1,30.90,30.90,false,1,
7290108352290,false,שלישיית מטליות לחיטוי ולניקוי לחדר אמבטי,החברה הדרומית לשיווק בעמ,,,יח`,1,,false,1,20.90,20.90,true,1,
7290108352320,false,סנופרש הום נטול גז 350 מל מלון בוטיק,החברה הדרומית לשיווק בעמ,,,יח`,3.50,"100 מ""ל",false,1,12.90,3.69,true,1,
7290108352337,false,סנו פרש אוטומטיק הום מלון מפנק,החברה הדרומית לשיווק בעמ,,,יח`,2.50,"100 מ""ל",false,1,14.90,5.96,false,1,
7290108352399,false,ריצפז פרש הום בניחוח פלורל  טאצ`2 ליטר,החברה הדרומית לשיווק בעמ,,,יח`,2,1 ליטר,false,1,22.90,11.45,true,1,
7290108352450,false,ריצפז פרש הום בלו בוסום 2 ליטר,החברה הדרומית לשיווק בעמ,,,יח`,2,1 ליטר,false,1,22.90,11.45,true,1,
7290108352566,false,מקסימה מרכך כביסה 4 ליטר ג`וי,החברה הדרומית לשיווק בעמ,,,יח`,40,"100 מ""ל",false,1,22.40,0.56,true,1,
7290108352641,false,מטלית הפלא לניקוי כללי במארז שליישיה סנו,החברה הדרומית לשיווק בעמ,,,יח`,1,,false,1,15.90,15.90,false,1,
7290108352672,false,מטלית הפלא לריצפה צמד במארז סנו סושי,החברה הדרומית לשיווק בעמ,,,יח`,1,,false,1,20.90,20.90,true,1,
7290108352801,false,סושי סנו שקיות אשפה לפחים קטנים 100 יח,החברה הדרומית לשיווק בעמ,,,יח`,1,,false,1,21.40,21.40,false,1,
7290108352825,false,ספוג הפלא נירוסטה סנו סושי,החברה הדרומית לשיווק בעמ,,,יח`,1,,false,1,12.90,12.90,true,1,
7290108352887,false,זוג מפות שולחן לבנות 120*180 סנו,החברה הדרומית לשיווק בעמ,,,יח`,1,,false,1,10.90,10.90,true,1,
7290108353075,false,מפיות אירוח איכותיות  סנו( 50 יח),החברה הדרומית לשיווק בעמ,,,יח`,1,,false,1,10.90,10.90,false,1,
7290108353099,false,ממחטות אף סנו סופט חמישייה,החברה הדרומית לשיווק בעמ,,,יח`,1,,false,1,12.90,12.90,false,1,
7290108353372,false,צמד מברשת שיניים אורביטול סיבי פחם,החברה הדרומית לשיווק בעמ,,,יח`,1,,false,1,30.90,30.90,true,1,
7290108353396,false,צמד מברשות אורביטול prohyglenist 980,החברה הדרומית לשיווק בעמ,,,יח`,1,,false,1,20.90,20.90,true,1,
7290108353501,false,שקיות אשפה עם ידיות 25 יח סנו סושי,החברה הדרומית לשיווק בעמ,,,יח`,1,,false,1,20.90,20.90,false,1,
7290108353532,false,שקית אשפה בגליל 100 יח סנו סושי,החברה הדרומית לשיווק בעמ,,,יח`,1,,false,1,30.90,30.90,true,1,
7290108353655,false,מפיות אירוח איכותית סנו סושי,החברה הדרומית לשיווק בעמ,,,יח`,1.94,100 גרם,false,1,9.90,5.10,false,1,
7290108353952,false,דאודורנט ספריי קרמה קלאסי 150 מל,החברה הדרומית לשיווק בעמ,,,יח`,1.50,"100 מ""ל",false,1,13.90,9.27,true,1,
7290108353969,false,דאודורנט ספריי קרמה מאסק 150 מל,החברה הדרומית לשיווק בעמ,,,יח`,1.50,"100 מ""ל",false,1,13.90,9.27,true,1,
7290108353983,false,קרמה קרם גוף קלאסי500 מל,החברה הדרומית לשיווק בעמ,,,יח`,5,"100 מ""ל",false,1,24.90,4.98,true,1,
7290108354591,false,תחליב רחצה נקה 7 ביו 750 מל ירוק,החברה הדרומית לשיווק בעמ,,,יח`,7.50,"100 מ""ל",false,1,11.90,1.59,true,1,
7290108354751,false,ג`ט פלוס לניקוי כללי+סודה 750 ל סנו,החברה הדרומית לשיווק בעמ,,,יח`,7.50,"100 מ""ל",false,1,13.90,1.85,true,1,
7290108355055,false,לחות מקצועית עם גלייז נטורל 400 מל,החברה הדרומית לשיווק בעמ,,,יח`,4.10,"100 מ""ל",false,1,31.60,7.71,false,1,
7290108355178,false,קרמה קרם ידיים חמאת שיאה 100 מל,החברה הדרומית לשיווק בעמ,,,יח`,1,"100 מ""ל",false,1,10.50,10.50,false,1,
7290108356106,false,תחליב רחצה כיף ניחוח שקד700 מל,החברה הדרומית לשיווק בעמ,,,יח`,7,"100 מ""ל",false,1,12.90,1.84,true,1,
7290108356113,false,תחליב רחצה כיף ניחוח דבש 700 מל,החברה הדרומית לשיווק בעמ,,,יח`,7,"100 מ""ל",false,1,12.90,1.84,true,1,
7290108356120,false,תחליב רחצה כיף ניחוח קוקוס וניל700 מל,החברה הדרומית לשיווק בעמ,,,יח`,7,"100 מ""ל",false,1,12.90,1.84,true,1,
7290108356137,false,תחליב רחצה כיף ניחוח לבנדר 700 מל,החברה הדרומית לשיווק בעמ,,,יח`,7,"100 מ""ל",false,1,12.90,1.84,true,1,
7290108356151,false,תחליב רחצה כיף ניחוחמאסק יסמין 700 מל,החברה הדרומית לשיווק בעמ,,,יח`,7,"100 מ""ל",false,1,12.90,1.84,true,1,
7290108356168,false,תחליב רחצה כיף ניחוח אוקיינס700 מל,החברה הדרומית לשיווק בעמ,,,יח`,7,"100 מ""ל",false,1,12.90,1.84,true,1,
7290108356519,false,קרליין שמפו 10 לשיער רגיל 700,החברה הדרומית לשיווק בעמ,,,יח`,7,"100 מ""ל",false,1,15.90,2.27,true,1,
7290108356533,false,קרליין שמפו 10 לשיער מתולתל 700,החברה הדרומית לשיווק בעמ,,,יח`,7,"100 מ""ל",false,1,15.90,2.27,true,1,
7290108356564,false,קרליין מרכך 10 לשיער רגיל 700,החברה הדרומית לשיווק בעמ,,,יח`,7,"100 מ""ל",false,1,15.90,2.27,true,1,
7290108356571,false,קרליין מרכך 10 לשיער יבש 700,החברה הדרומית לשיווק בעמ,,,יח`,7,"100 מ""ל",false,1,15.90,2.27,true,1,
7290108357011,false,כיף מרכך ורד ושמן קוקוי 700,החברה הדרומית לשיווק בעמ,,,יח`,7,"100 מ""ל",false,1,12.90,1.84,true,1,
7290108357189,false,סנו מקסימה למייבש 750 מל,החברה הדרומית לשיווק בעמ,,,יח`,7.50,"100 מ""ל",false,1,18.90,2.52,true,1,
7290108357202,false,סנו קליר 1 ליטר בלו בלוסום אקדח,החברה הדרומית לשיווק בעמ,,,יח`,10,"100 מ""ל",false,1,12.90,1.29,true,1,
7290108357264,false,סנו אוטומטיק אולטרא פרש,החברה הדרומית לשיווק בעמ,,,יח`,2.50,"100 מ""ל",false,1,14.90,5.96,false,1,
7290108357271,false,סנובון נוזלי עם חמצן פעיל 750 מל,החברה הדרומית לשיווק בעמ,,,יח`,7.50,"100 מ""ל",false,1,11.90,1.59,true,1,
7290108357295,false,סנו אוקסיג`ן פאוור מרסס מסיר כתמים,החברה הדרומית לשיווק בעמ,,,יח`,7.50,"100 מ""ל",false,1,19.90,2.65,true,1,
7290108357653,false,סנובון bubbles ג`ל בניחוח אוקיינוס שליש,החברה הדרומית לשיווק בעמ,,,יח`,1,,false,1,15.90,15.90,false,1,
7290108357707,false,כיף שמפו לשיער רגיל תפוח זרעי צ`יה 700,החברה הדרומית לשיווק בעמ,,,יח`,7,"100 מ""ל",false,1,12.90,1.84,true,1,
7290108357769,false,כיף מרכךלשיער רגיל תפוח זרעי צ`יה 700,החברה הדרומית לשיווק בעמ,,,יח`,7,"100 מ""ל",false,1,12.90,1.84,true,1,
7290108357875,false,כיף שמפו לשיער רגיל אפרסק וחמאת מורומורו,החברה הדרומית לשיווק בעמ,,,יח`,7,"100 מ""ל",false,1,12.90,1.84,true,1,
7290108358070,false,תחליב רחצה קרמה קלאסי 700מל,החברה הדרומית לשיווק בעמ,,,יח`,7,"100 מ""ל",false,1,18.90,2.70,true,1,
7290108358087,false,תחליב רחצה קרמהמאסק 700 מל,החברה הדרומית לשיווק בעמ,,,יח`,7,"100 מ""ל",false,1,18.90,2.70,true,1,
7290108359091,false,כיסוי ניילון עם גומי 30  יח`מידה L,החברה הדרומית לשיווק בעמ,,,יח`,1,,false,1,10.90,10.90,true,1,
7290108359190,false,סנו סושי מגבות נייר בגליל כפול 4=12,החברה הדרומית לשיווק בעמ,,,יח`,1,,false,1,25.90,25.90,false,1,
7290108500271,false,שלישית פטריות חתוכות כשרות מהודרת,ג.וילי-פוד אינטרנשיונל בעמ,,,יח`,8.70,100 גרם,false,1,12.50,1.44,false,1,
7290108500677,false,כבד דג שיבוט בשמן הדג 115 גר`,ג.וילי-פוד אינטרנשיונל בעמ,,,יח`,1.15,100 גרם,false,1,10.90,9.48,true,1,
7290108501346,false,גבינת גאודה מגורדת 500  גר`28% שומן הולנ,ג.וילי-פוד אינטרנשיונל **גבינו,,,יח`,5,100 גרם,false,1,24.90,4.98,false,1,
7290108501353,false,אנשובי ארוך אמיתי בשמן 45  גר`וילי פוד,ג.וילי-פוד אינטרנשיונל בעמ,,,יח`,0,100 גרם,false,1,6.90,6.90,true,1,
7290108501360,false,גבינת צ`דר בשלה 200  גר`matured orange ו,ג.וילי-פוד אינטרנשיונל **גבינו,,,יח`,2,100 גרם,false,1,18.90,9.45,false,1,
7290108501490,false,גבינת מוצרלה פרוסות 150  גר`וילי פוד,ג.וילי-פוד אינטרנשיונל **גבינו,,,יח`,1.50,100 גרם,false,1,13.90,9.27,false,1,
7290108501827,false,קדאיף שערות בצק 450  גר`וילי פוד,ג.וילי-פוד אינטרנשיונל **גבינו,,,יח`,4.50,100 גרם,false,1,20.90,4.64,false,1,
7290108502305,false,גבינת גרדה פדנו משולש 150  גר`וילי פוד,ג.וילי-פוד אינטרנשיונל **גבינו,,,יח`,1.50,100 גרם,false,1,20.90,13.93,true,1,
7290108502541,false,גבינת שמנת טבעי 200  גר`EURO CHEESE,ג.וילי-פוד אינטרנשיונל **גבינו,,,יח`,2,100 גרם,false,1,13.90,6.95,true,1,
7290108502558,false,גבינת שמנת לייט טבעי 200  גר`EURO CHEESE,ג.וילי-פוד אינטרנשיונל **גבינו,,,יח`,2,100 גרם,false,1,13.90,6.95,true,1,
7290108502589,false,גבינת שמנת שום 200  גר`EURO CHEESE,ג.וילי-פוד אינטרנשיונל **גבינו,,,יח`,2,100 גרם,false,1,13.90,6.95,true,1,
7290108502596,false,גבינת שמנת לייט שום 200 גר` EURO CHEESE,ג.וילי-פוד אינטרנשיונל **גבינו,,,יח`,2,100 גרם,false,1,13.90,6.95,false,1,
7290108502725,false,גבינת גאודה פרוסות 400  גר`וילי פוד,ג.וילי-פוד אינטרנשיונל **גבינו,,,יח`,4,100 גרם,false,1,20.90,5.23,false,1,
7290108503043,false,מארז תפוחונים (3 יח +1 ),ג.וילי-פוד אינטרנשיונל בעמ,,,יח`,0,100 גרם,false,1,15.90,15.90,false,1,
7290108503159,false,גבינה כחולה עם עובש 31% שומן (100 גר`),ג.וילי-פוד אינטרנשיונל **גבינו,,,יח`,1,100 גרם,false,1,16.90,16.90,true,1,
7290108504293,false,מנצ`גו צ`אנק 150  גר`וילי פוד,ג.וילי-פוד אינטרנשיונל **גבינו,,,יח`,1.50,100 גרם,false,1,17.90,11.93,true,1,
7290108504385,false,גבינת שמנת עם חלפיניו 200  גר`EURO CHEES,ג.וילי-פוד אינטרנשיונל **גבינו,,,יח`,2,100 גרם,false,1,13.90,6.95,true,1,
7290108505160,false,יוגורט עם אגסים 150 גר 4% שומן,ג.וילי-פוד אינטרנשיונל **גבינו,,,יח`,1.50,100 גרם,false,1,4.90,3.27,true,1,
7290108505184,false,יוגורט עם קוקוס 150 גר 5% שומן,ג.וילי-פוד אינטרנשיונל **גבינו,,,יח`,1.50,100 גרם,false,1,4.90,3.27,true,1,
7290108505207,false,יוגורט עם אוכמניות 150 גר 0% שומן,ג.וילי-פוד אינטרנשיונל **גבינו,,,יח`,1.50,100 גרם,false,1,4.90,3.27,true,1,
7290108505375,false,צהובה 400  גר`GOLDEN וילי פוד,ג.וילי-פוד אינטרנשיונל **גבינו,,,יח`,4,100 גרם,false,1,20.90,5.23,false,1,
7290108505689,false,גבינת גרנה פדנו מגורדת 100  גר`וילי פוד,ג.וילי-פוד אינטרנשיונל **גבינו,,,יח`,1,100 גרם,false,1,10.90,10.90,false,1,
7290108505740,false,גבינת קשקבל חצי קשה 25%  שומן( 200 גר`),ג.וילי-פוד אינטרנשיונל **גבינו,,,יח`,2,100 גרם,false,1,14.90,7.45,true,1,
7290108506426,false,סימיט בייגלה קפוא 400  גר`פינוקים וילי פ,ג.וילי-פוד אינטרנשיונל **גבינו,,,יח`,4,100 גרם,false,1,14.90,3.73,true,1,
7290108506488,false,סופלה שוקולד קפוא 200  גר`וילי פוד,ג.וילי-פוד אינטרנשיונל **גבינו,,,יח`,2,100 גרם,false,1,15.90,7.95,true,1,
7290108506495,false,כנאפה קפוא 192.5 גר` ולי פוד,ג.וילי-פוד אינטרנשיונל **גבינו,,,יח`,1.9250,100 גרם,false,1,12.90,6.70,true,1,
7290108506624,false,עיזים צ`אנק 150  גר`וילי פוד,ג.וילי-פוד אינטרנשיונל **גבינו,,,יח`,1.50,100 גרם,false,1,17.90,11.93,true,1,
7290108506709,false,גבינת פרמג`אנו ר`גיאנו 150 גר וילי פוד,ג.וילי-פוד אינטרנשיונל **גבינו,,,יח`,1.50,100 גרם,false,1,18.90,12.60,false,1,
7290108508031,false,אננס שלם 830 גר`,ג.וילי-פוד אינטרנשיונל בעמ,,,יח`,8.30,100 גרם,false,1,11.90,1.43,false,1,
7290108508499,false,איירן משקה יוגורט בסגנון טורקי 293 מל,ג.וילי-פוד אינטרנשיונל **גבינו,,,יח`,2.93,"100 מ""ל",false,1,4.90,1.67,false,1,
7290108508765,false,קונכיות פתיתים 400 גרם וילי פוד,ג.וילי-פוד אינטרנשיונל בעמ,,,יח`,4,100 גרם,false,1,6.90,1.73,true,1,
7290108508772,false,קונכיות פתיתים עם תרד 400 גרם וילי פוד,ג.וילי-פוד אינטרנשיונל בעמ,,,יח`,4,100 גרם,false,1,6.90,1.73,true,1,
7290108508963,false,גבינת מוצרלה מגורדת 25%  שומן(200 גר`)יו,ג.וילי-פוד אינטרנשיונל **גבינו,,,יח`,2,100 גרם,false,1,14.90,7.45,true,1,
7290108509113,false,גבינה בולגרית מעודנת 250 גר 18%,ג.וילי-פוד אינטרנשיונל **גבינו,,,יח`,2.50,100 גרם,false,1,12.90,5.16,false,1,
7290108509182,false,גבינת פטה 250 גר 17% EURO,ג.וילי-פוד אינטרנשיונל **גבינו,,,יח`,2.50,100 גרם,false,1,13.90,5.56,false,1,
7290108509199,false,גבינת פטה 500 גר 17% EURO,ג.וילי-פוד אינטרנשיונל **גבינו,,,יח`,5,100 גרם,false,1,23.90,4.78,true,1,
7290108509250,false,אנטיפסטי ארטישוק עגבניות מיובשות וצלפים,ג.וילי-פוד אינטרנשיונל בעמ,,,יח`,3.80,100 גרם,false,1,25.90,6.82,false,1,
7290108509267,false,ארוחת פסטה עם רוטב גבינה ויליפוד,ג.וילי-פוד אינטרנשיונל בעמ,,,יח`,2.06,100 גרם,false,1,8.90,4.32,true,1,
7290108509359,false,פופקורן בציפוי בטעם קרמל 90 גר`,ג.וילי-פוד אינטרנשיונל בעמ,,,יח`,0.90,100 גרם,false,1,6.90,7.67,true,1,
7290108509571,false,גבינת פטה עם צ`לי ופפריקה 153 גר`,ג.וילי-פוד אינטרנשיונל **גבינו,,,יח`,1.53,100 גרם,false,1,16.90,11.05,false,1,
7290108509588,false,גבינת פטה עם עשבי תיבול 153 גר`,ג.וילי-פוד אינטרנשיונל **גבינו,,,יח`,1.53,100 גרם,false,1,16.90,11.05,false,1,
7290108509595,false,גבינת פטה עם עגבניות מיובשות וריחן 153 ג,ג.וילי-פוד אינטרנשיונל **גבינו,,,יח`,1.53,100 גרם,false,1,16.90,11.05,false,1,
7290108509700,false,אורז פרסי 1  קג`DAAWAT וילי פוד,ג.וילי-פוד אינטרנשיונל בעמ,,,יח`,1,"ק""ג",false,1,9.90,9.90,false,1,
7290108509731,false,איירן יוגורט בסגנון טורקי 2.3% שומן 1 לי,ג.וילי-פוד אינטרנשיונל **גבינו,,,יח`,0.01,"100 מ""ל",false,1,15.90,1590,false,1,
7290108509908,false,מנת השף אטריות להכנה מהירה בטעם ירקות,ג.וילי-פוד אינטרנשיונל בעמ,,,יח`,1,,false,1,4.90,4.90,true,1,
7290108509915,false,מנת השף אטריות להכנה מהירה בטעם סיני פ,ג.וילי-פוד אינטרנשיונל בעמ,,,יח`,1,,false,1,4.90,4.90,true,1,
7290108509922,false,מנת השף אטריות להכנה מהירה בטעם עוף 85,ג.וילי-פוד אינטרנשיונל בעמ,,,יח`,1,,false,1,4.90,4.90,true,1,
7290109351025,false,חומוסטחינה חלק צבר (400 גרם),קבוצת אסם סחר שות. מוגבלת,,,יח`,4,100 גרם,false,1,15.20,3.80,false,1,
7290109351971,false,פיטנס בר פריכיות שוקולד חלב 84 גרם,קבוצת אסם סחר שות. מוגבלת,,,יח`,0.84,100 גרם,false,1,16.30,19.40,true,1,
7290109352916,false,פיטנס בר פריכיות שוקולד לבן 84 גרם,קבוצת אסם סחר שות. מוגבלת,,,יח`,0.84,100 גרם,false,1,16.30,19.40,true,1,
7290109354972,false,ביסקוויט פתי בר ללא גלוטן אסם (200 גרם),קבוצת אסם סחר שות. מוגבלת,,,יח`,2,100 גרם,false,1,11.20,5.60,true,1,
7290109354996,false,פתי בר שוקו ללא גלוטן 200 גרם,קבוצת אסם סחר שות. מוגבלת,,,יח`,2,100 גרם,false,1,11.20,5.60,true,1,
7290109580043,false,שניצל תירס 1.75 קג בדצ זוגלובק,זוגלובק שיווק בעמ,,,יח`,0.0180,100 גרם,false,1,50.90,2827.78,true,1,
7290109580098,false,קבנוס בטעם סרירצ`ה 135 גר,זוגלובק שיווק בעמ,,,יח`,1.35,100 גרם,false,1,12.50,9.26,true,1,
7290109580104,false,רוסטביף פרימיום 150  גר`זוגלובק,זוגלובק שיווק בעמ,,,יח`,1.50,100 גרם,false,1,25.90,17.27,false,1,
7290109580111,false,צלעות אסאדו מעושנות פרימיום 120 גר`,זוגלובק שיווק בעמ,,,יח`,1.50,100 גרם,false,1,25.90,17.27,false,1,
7290109580135,false,קורנדביף פרימיום 180  גר`זוגלובק,זוגלובק שיווק בעמ,,,יח`,1.80,100 גרם,false,1,25.90,14.39,false,1,
7290109580241,false,נאגטס מן הצומח 500 גר`,זוגלובק שיווק בעמ,,,יח`,5,100 גרם,false,1,22.90,4.58,false,1,
7290109580319,false,וונדרס בורגר 280 גרם,זוגלובק-וונדרס,,,יח`,2.80,100 גרם,false,1,30.90,11.04,true,1,
7290109580432,false,פסטרמה אקסטרה מעושנת 120 גר`,זוגלובק שיווק בעמ,,,יח`,1.20,100 גרם,false,1,14.80,12.33,true,1,
7290109920627,false,אסטוניש קרם אמבט ניקוי עם אקנומיקה 500 מ,יעקב יעקבי ובניו בעמ,,,יח`,5,"100 מ""ל",false,1,19.30,3.86,false,1,
7290109920849,false,אסטוניש מרסס תפוז לניקוי רב תכליתי יעקוב,יעקב יעקבי ובניו בעמ,,,יח`,7.50,"100 מ""ל",false,1,11.90,1.59,false,1,
7290109921488,false,דורגול מסיר אבנית מכונת כביסה 500 מל,יעקב יעקבי ובניו בעמ,,,יח`,5,"100 מ""ל",false,1,30.90,6.18,false,1,
7290109921853,false,משחת אסטוניש פרימיום עם  עוצמה( 150 גר`),יעקב יעקבי ובניו בעמ,,,יח`,1.50,100 גרם,false,1,19.90,13.27,false,1,
7290109922881,false,דורגול מרסס מרוכז למטבח 600 מל,יעקב יעקבי ובניו בעמ,,,יח`,6,"100 מ""ל",false,1,25.90,4.32,false,1,
7290109923024,false,אסטוניש מרסס פרימיום ארומטיק למטבח 750 מ,יעקב יעקבי ובניו בעמ,,,יח`,7.50,"100 מ""ל",false,1,15.90,2.12,false,1,
7290110055257,false,זר לראש עם פרחים ורוד,שמחה זה אנחנו בעמ,,,יח`,1,,false,1,14.90,14.90,false,1,
7290110110574,false,פחית קוקה קולה סליק זירו לימון 330 מל,החברה המרכזית להפצת משקאות בעמ,,,יח`,3.30,"100 מ""ל",false,1,4.30,1.21,true,1,
7290110113261,false,אושן ספריי 1 ליטר פריגת 19 קלוריות,החברה המרכזית להפצת משקאות בעמ,,,יח`,1,1 ליטר,false,1,12.90,12.90,false,1,
7290110114787,false,נביעות פלוס 1.5 ליטר תפוח,החברה המרכזית להפצת משקאות בעמ,,,יח`,1.50,1 ליטר,false,1,9.20,5.93,false,1,
7290110114794,false,נביעות פלוס 1.5 ליטר אפרסק,החברה המרכזית להפצת משקאות בעמ,,,יח`,1.50,1 ליטר,false,1,9.20,5.93,false,1,
7290110114800,false,נביעות פלוס 1.5 ליטר ענבים,החברה המרכזית להפצת משקאות בעמ,,,יח`,1.50,1 ליטר,false,1,9.20,5.93,false,1,
7290110114893,false,פריגת סחוט תפוז 2 ליטר,החב` המרכזית - טרה,,,יח`,2,1 ליטר,false,1,30.90,15.30,true,1,
7290110114916,false,פריגת סחוט לימונענע 2 ליטר,החב` המרכזית - טרה,,,יח`,2,1 ליטר,false,1,30.90,15.30,true,1,
7290110114961,false,משקה קל בטעם תפוזים פריגת (1.5 ליטר),החברה המרכזית להפצת משקאות בעמ,,,יח`,15,"100 מ""ל",false,1,9.90,0.64,false,1,
7290110114985,false,משקה קל בטעם אשכוליות פריגת (1.5 ליטר),החברה המרכזית להפצת משקאות בעמ,,,יח`,15,"100 מ""ל",false,1,9.90,0.64,false,1,
7290110115005,false,משקה קל בטעם ענבים פריגת (1.5 ליטר),החברה המרכזית להפצת משקאות בעמ,,,יח`,15,"100 מ""ל",false,1,9.90,0.64,false,1,
7290110115036,false,משקה קל בטעם מנגו פריגת (1.5 ליטר),החברה המרכזית להפצת משקאות בעמ,,,יח`,15,"100 מ""ל",false,1,9.90,0.64,false,1,
7290110115043,false,משקה קל בטעם לימונענע פריגת (1.5 ליטר),החברה המרכזית להפצת משקאות בעמ,,,יח`,15,"100 מ""ל",false,1,9.90,0.64,false,1,
7290110115050,false,משקה קל בטעם תות בננה פריגת (1.5 ליטר),החברה המרכזית להפצת משקאות בעמ,,,יח`,15,"100 מ""ל",false,1,9.90,0.64,false,1,
7290110115104,false,פריגת צלול בטעם אפרסק 1.5 ליטר,החברה המרכזית להפצת משקאות בעמ,,,יח`,15,"100 מ""ל",false,1,9.90,0.64,false,1,
7290110115128,false,פריגת צלול בטעם לימונענע 1.5 ליטר,החברה המרכזית להפצת משקאות בעמ,,,יח`,15,"100 מ""ל",false,1,9.90,0.64,false,1,
7290110115203,false,קוקה קולה 1.5 ליטר,החברה המרכזית להפצת משקאות בעמ,,,יח`,0,1 ליטר,false,1,9.20,9.20,false,1,
7290110115227,false,קוקה קולה זירו 1.5 ליטר,החברה המרכזית להפצת משקאות בעמ,,,יח`,1.50,1 ליטר,false,1,9.20,5.93,false,1,
7290110115234,false,קוקה קולה זירו נטול 1.5 ליטר,החברה המרכזית להפצת משקאות בעמ,,,יח`,15,"100 מ""ל",false,1,9.20,0.59,false,1,
7290110115241,false,קוקה קולה זירו לימון 1.5 ליטר,החברה המרכזית להפצת משקאות בעמ,,,יח`,15,"100 מ""ל",false,1,9.20,0.59,false,1,
7290110115258,false,קוקה קולה זירו מנגו 1.5 ליטר,החברה המרכזית להפצת משקאות בעמ,,,יח`,0.0150,"100 מ""ל",false,1,9.20,593.33,false,1,
7290110115265,false,ספרייט ליים 1.5 ליטר,החברה המרכזית להפצת משקאות בעמ,,,יח`,1.50,1 ליטר,false,1,9.20,5.93,true,1,
7290110115272,false,ספרייט זירו 1.5 ליטר,החברה המרכזית להפצת משקאות בעמ,,,יח`,1.50,1 ליטר,false,1,9.20,5.93,true,1,
7290110115289,false,ספרייט לימון-נענע 1.5 ליטר,החברה המרכזית להפצת משקאות בעמ,,,יח`,1.50,1 ליטר,false,1,8.80,5.67,true,1,
7290110115296,false,פאנטה  אורנג`1.5 ליטר,החברה המרכזית להפצת משקאות בעמ,,,יח`,1.50,1 ליטר,false,1,9.90,6.40,false,1,
7290110115364,false,קוקה קולה 1.5 ליטר מארז שישייה,החברה המרכזית להפצת משקאות בעמ,,,יח`,9,1 ליטר,false,1,52.90,5.68,true,1,
7290110115418,false,קוקה קולה זירו 1.5 ליטר מארז שישייה,החברה המרכזית להפצת משקאות בעמ,,,יח`,9,1 ליטר,false,1,52.90,5.68,true,1,
7290110115425,false,פיוז תה 1.5 ליטר בטעם גרין לימון-נענע,החברה המרכזית להפצת משקאות בעמ,,,יח`,1.50,1 ליטר,false,1,9.70,6.27,false,1,
7290110115449,false,פיוז תה 1.5 ליטר בטעם מנגו אננס,החברה המרכזית להפצת משקאות בעמ,,,יח`,1.50,1 ליטר,false,1,9.70,6.27,false,1,
7290110115463,false,פיוז תה 1.5 ליטר בטעם אפרסק,החברה המרכזית להפצת משקאות בעמ,,,יח`,1.50,1 ליטר,false,1,9.70,6.27,false,1,
7290110115494,false,פיוז תה 1.5 ליטר בטעם ענבים,החברה המרכזית להפצת משקאות בעמ,,,יח`,1.50,1 ליטר,false,1,9.70,6.27,false,1,
7290110115593,false,משקה קל בטעם אשכוליות 40% פחות סוכר פריג,החברה המרכזית להפצת משקאות בעמ,,,יח`,15,"100 מ""ל",false,1,9.90,0.64,false,1,
7290110115623,false,פיוז תה זירו 1.5 ליטר בטעם אפרסק,החברה המרכזית להפצת משקאות בעמ,,,יח`,1.50,1 ליטר,false,1,9.70,6.27,false,1,
7290110116064,false,פאנטה זירו פירות ירוק 1.5 ליטר,החברה המרכזית להפצת משקאות בעמ,,,יח`,1.50,1 ליטר,false,1,9.90,6.40,false,1,
7290110116385,false,פחית זירו מרשמלו סליק קוקה-קולה (330 מל,החברה המרכזית להפצת משקאות בעמ,,,יח`,3.30,"100 מ""ל",false,1,4.30,1.21,false,1,
7290110116552,false,ספרייט למןו היט 1.5 ליטר,החברה המרכזית להפצת משקאות בעמ,,,יח`,1.50,1 ליטר,false,1,9.20,5.93,false,1,
7290110320591,false,בולגרית 16% במרקם מעודן 250 גר,תנובה - חלב,,,יח`,2.50,100 גרם,false,1,21.90,8.76,false,1,
7290110320867,false,פתיתי עמק למאפים 28% 500 גר,תנובה - חלב,,,יח`,5,100 גרם,false,1,35.60,7.12,false,1,
7290110321277,false,קוטג בקטנה 5% מהדרין 100  גר`תנובה,תנובה - חלב,,,יח`,1,100 גרם,false,1,2.70,2.70,false,1,
7290110321284,false,קוטג בקטנה 9% מהדרין 100  גר`תנובה,תנובה - חלב,,,יח`,1,100 גרם,false,1,2.70,2.70,false,1,
7290110321604,false,גבינה קוביות בולגרית מעודנת 5% 200  גר`פ,תנובה - חלב,,,יח`,2,100 גרם,false,1,22.90,11.45,false,1,
7290110321680,false,יוגורט גו תות 200 מל,תנובה - חלב,,,יח`,2,"100 מ""ל",false,1,5.90,2.95,false,1,
7290110321697,false,יוגורט גו אפרסק 200 מל,תנובה - חלב,,,יח`,2,"100 מ""ל",false,1,5.90,2.95,false,1,
7290110322014,false,טופו בטעם טבעי 300  גר`תנובה,תנובה - חלב,,,יח`,3,100 גרם,false,1,11.90,3.97,false,1,
7290110322021,false,טופו בטעם בזיליקום 300  גר`תנובה,תנובה - חלב,,,יח`,3,100 גרם,false,1,11.90,3.97,false,1,
7290110322038,false,טופו בטעם פיקנטי 300  גר`תנובה,תנובה - חלב,,,יח`,3,100 גרם,false,1,11.90,3.97,false,1,
7290110322946,false,יופלה טיוב במרקם חלק בטעם תות בננה 348 ג,תנובה - חלב,,,יח`,3.48,100 גרם,false,1,12.90,3.71,false,1,
7290110323073,false,משקה גו תות פטל 250 מל,תנובה - חלב,,,יח`,2.50,"100 מ""ל",false,1,6.60,2.64,false,1,
7290110323585,false,יוגורט גו לייט דובדבן 200 מל,תנובה - חלב,,,יח`,2,100 גרם,false,1,5.60,2.80,false,1,
7290110323592,false,יוגורט גו לייט אפרסק 200 מל,תנובה - חלב,,,יח`,2,100 גרם,false,1,5.60,2.80,false,1,
7290110323714,false,משקה קוקוס שקדים 1 ליטר תנובה,תנובה - חלב,,,יח`,10,"100 מ""ל",false,1,12.50,1.25,false,1,
7290110324353,false,יוגורט גו לייט אננס 200 מל,תנובה - חלב,,,יח`,2,"100 מ""ל",false,1,5.90,2.95,false,1,
7290110324551,false,יופלה טיוב במרקם חלק בטעם תות 348  גר`מה,תנובה - חלב,,,יח`,3.48,100 גרם,false,1,12.90,3.71,false,1,
7290110324667,false,יופלה און  טופ( 157  גר`) BLACK WHITE,תנובה - חלב,,,יח`,1.57,100 גרם,false,1,4.90,3.12,false,1,
7290110324711,false,ממרח סויה 9% בטעם טבעי 250 גר` תנובה,תנובה - חלב,,,יח`,2.50,100 גרם,false,1,9.90,3.96,true,1,
7290110324728,false,ממרח סויה 9% עם שום שמיר ( 250 גר`) תנוב,תנובה - חלב,,,יח`,2.50,100 גרם,false,1,9.90,3.96,true,1,
7290110324841,false,מעדן שקדים עם שוקולד מריר 125 גר`,תנובה - חלב,,,יח`,1.25,100 גרם,false,1,3.90,3.12,false,1,
7290110324858,false,מעדן שקדים בטעם אגוזי 125 גר`,תנובה - חלב,,,יח`,1.25,100 גרם,false,1,3.90,3.12,false,1,
7290110324872,false,גבינה צהובה גלבוע  (5% 200  גר`)תנובה,תנובה - חלב,,,יח`,2,100 גרם,false,1,18.90,9.45,false,1,
7290110324926,false,משקה סויה ללתס 1 ליטר תנובה,תנובה - חלב,,,יח`,0.01,"100 מ""ל",false,1,10.90,1090,false,1,
7290110325114,false,משקה גו לייט תות בננה 250 מל,תנובה - חלב,,,יח`,2.50,"100 מ""ל",false,1,6.20,2.48,false,1,
7290110325305,false,מעדן גו סויה מעודן 200 מל,תנובה - חלב,,,יח`,2,"100 מ""ל",false,1,5.80,2.90,false,1,
7290110325312,false,מעדן גו סויה תות 200 מל,תנובה - חלב,,,יח`,2,"100 מ""ל",false,1,5.90,2.95,false,1,
7290110325619,false,משקה שיבולת שועל 1 ליטר תנובה,תנובה - חלב,,,יח`,10,"100 מ""ל",false,1,12.20,1.22,false,1,
7290110325701,false,צזיקי יוני 9% שומן על בסיס  יוגורט( 250,תנובה - חלב,,,יח`,2.50,100 גרם,false,1,11.90,4.76,false,1,
7290110325893,false,משקה גו אייס קפה 340 מל,תנובה - חלב,,,יח`,3.40,100 גרם,false,1,8.90,2.62,false,1,
7290110326210,false,יופלה און טופ פצפוצים 157 גר`,תנובה - חלב,,,יח`,1.57,100 גרם,false,1,4.90,3.12,false,1,
7290110326227,false,יופלה און טופ קורנפלקס 157 גר`,תנובה - חלב,,,יח`,1.57,100 גרם,false,1,4.90,3.12,false,1,
7290110326234,false,יופלה און טופ כוכבים 157 גר`,תנובה - חלב,,,יח`,1.57,100 גרם,false,1,4.90,3.12,false,1,
7290110326241,false,יופלה און טופ גרנולה 157  גר`תנובה,תנובה - חלב,,,יח`,1.57,100 גרם,false,1,4.90,3.12,false,1,
7290110326333,false,פרוסות גבינה סקנדינבית 170  גר`קולקשיין,תנובה - חלב,,,יח`,1.70,100 גרם,false,1,17.90,10.53,false,1,
7290110327033,false,משקה גו סויה במתיקות מופחתת,תנובה - חלב,,,יח`,10,"100 מ""ל",false,1,12.50,1.25,false,1,
7290110327064,false,משקה קפה שיבולת שועל בטעם  קרמל( 1 ליטר),תנובה - חלב,,,יח`,10,"100 מ""ל",false,1,12.90,1.29,false,1,
7290110327514,false,משקה שיבולת שועל בטעם אגוזי לוז 1 ליטר א,תנובה - חלב,,,יח`,10,"100 מ""ל",false,1,12.20,1.22,false,1,
7290110327545,false,יופלה און טופ בטעם תות בתופסת פצפוצים מ,תנובה - חלב,,,יח`,1.57,100 גרם,false,1,4.90,3.12,false,1,
7290110328092,false,פיראוס פטה יוונית קוביות 21% שומן 150 גר,תנובה - חלב,,,יח`,1.50,100 גרם,false,1,17.90,11.93,false,1,
7290110328474,false,פלח פרמג`יאנו רג`יאנו 150  גר`קולקשיין ת,תנובה - חלב,,,יח`,1.50,100 גרם,false,1,27.90,18.60,false,1,
7290110328627,false,יוגורט גו סמיך בננה קרמל 0% שומן 200 גרם,תנובה - חלב,,,יח`,2,100 גרם,false,1,5.90,2.95,false,1,
7290110328641,false,טופו טבעי אלטרנטיב 2*250 תנובה,תנובה - חלב,,,יח`,5,100 גרם,false,1,17.90,3.58,false,1,
7290110328764,false,יוגורט גו סמיך תות 0% שומן 200 גרם,תנובה - חלב,,,יח`,2,100 גרם,false,1,5.90,2.95,false,1,
7290110328771,false,יוגורט גו סמיך פירות יער 0% שומן 200 גרם,תנובה - חלב,,,יח`,2,100 גרם,false,1,5.90,2.95,false,1,
7290110328788,false,יוגורט גו סמיך אפרסק 0% שומן 200 גרם,תנובה - חלב,,,יח`,2,100 גרם,false,1,5.90,2.95,false,1,
7290110328887,false,חלב 3% בקבוק 1 ליטר תנובה פיקוח,תנובה - חלב,,,יח`,0.01,"100 מ""ל",false,1,6.23,623,false,1,
7290110329136,false,מעדן חלב גו בטעם שוקולד 12  גר`חלבון,תנובה - חלב,,,יח`,1.20,100 גרם,false,1,5.90,4.92,false,1,
7290110329143,false,מעדן חלב גו בטעם שוקולד 12  גר`חלבון,תנובה - חלב,,,יח`,1.20,100 גרם,false,1,5.90,4.92,false,1,
7290110329266,false,יוגורט מחלב עיזים מלא 140 גרם תנובה,תנובה - חלב,,,יח`,1.40,100 גרם,false,1,5.50,3.93,false,1,
7290110329273,false,יוגורט מחלב עיזים מלא 750 גרם תנובה,תנובה - חלב,,,יח`,7.50,"100 מ""ל",false,1,19.90,2.65,false,1,
7290110329303,false,פרוסות בטעם צהובה קלאסית 200 גרם alterna,תנובה - חלב,,,יח`,2,100 גרם,false,1,22.90,11.45,false,1,
7290110329686,false,משקה חלב גו בטעם עוגיות 340 מל,תנובה - חלב,,,יח`,3.40,100 גרם,false,1,8.90,2.62,false,1,
7290110329716,false,משקה קפה קר בטעם קפוצ`ינו 230 מל,תנובה - חלב,,,יח`,2.30,"100 מ""ל",false,1,7.90,3.43,false,1,
7290110329723,false,משקה קפה קר בטעם לאטה 230 מל,תנובה - חלב,,,יח`,2.30,"100 מ""ל",false,1,7.90,3.43,false,1,
7290110329730,false,משקה חלב עם שוקולד וקפה בסגנון לאטה 230,תנובה - חלב,,,יח`,2.30,"100 מ""ל",false,1,7.90,3.43,false,1,
7290110329792,false,סויה BIO אפרסק גביע 150 גרם Alternative,תנובה - חלב,,,יח`,1.50,100 גרם,false,1,4.50,3,true,1,
7290110329808,false,סויה BIO תות גביע 150 גרם Alternative,תנובה - חלב,,,יח`,1.50,100 גרם,false,1,4.50,3,true,1,
7290110329822,false,סויה BIO פירות יער גביע 150 גרם Alternat,תנובה - חלב,,,יח`,1.50,100 גרם,false,1,4.50,3,true,1,
7290110329839,false,פרוסות צהובה בטעם זיתים 200 גרם alternat,תנובה - חלב,,,יח`,2,100 גרם,false,1,22.90,11.45,false,1,
7290110329846,false,סויה BIO טבעי גביע 150 גרם Alternative,תנובה - חלב,,,יח`,1.50,100 גרם,false,1,4.50,3,true,1,
7290110329914,false,ביו אלטרנטיב מאגדת משקה שיבולת שועל שקדי,תנובה - חלב,,,יח`,6,100 גרם,false,1,18.90,3.15,false,1,
7290110550363,false,משולשות קינואה ומלח ים 65  גר`עלית,שטראוס גרופ בעמ,,,יח`,0.65,100 גרם,false,1,10.90,16.77,true,1,
7290110551254,false,נשנושי תירס טעם הטבע שטראוס,שטראוס גרופ בעמ/מצונן,,,יח`,6,100 גרם,false,1,16.90,2.82,false,1,
7290110552121,false,היוגורט הראשון שלי 100 גר`,שטראוס גרופ בעמ/מצונן,,,יח`,1,100 גרם,false,1,2.50,2.50,false,1,
7290110552220,false,דנונה פרו ללא סוכר בטעם תות 200 גר`,שטראוס גרופ בעמ/מצונן,,,יח`,2,"100 מ""ל",false,1,5.90,2.95,false,1,
7290110552237,false,דנונה פרו ללא סוכר בטעם אפרסק מנגו 200 ג,שטראוס גרופ בעמ/מצונן,,,יח`,2,"100 מ""ל",false,1,5.90,2.95,false,1,
7290110553623,false,צ`יטוס קראנץ צ`דר חלפיניו 80 גר`,שטראוס פריטו ליי בעמ,,,יח`,0.80,100 גרם,false,1,5,6.25,false,1,
7290110554101,false,מייפל פאוץ 125 מל יד מרדכי,שטראוס גרופ בעמ,,,יח`,1.25,"100 מ""ל",false,1,20.90,16.72,true,1,
7290110554118,false,דלישס שטראוס נודלס מלזי חריף,קפוא-זן תעשיות מזון בעמ - תפוג,,,יח`,3.50,100 גרם,false,1,28.90,8.26,true,1,
7290110554125,false,דלישס שטראוס נודלס סצ`ואן חריף,קפוא-זן תעשיות מזון בעמ - תפוג,,,יח`,3.50,100 גרם,false,1,28.90,8.26,true,1,
7290110554262,false,חלבית חדש 350 גר`,שטראוס גרופ בעמ,,,יח`,3.50,100 גרם,false,1,18.30,5.23,false,1,
7290110554798,false,פולי אספרו עשירים וארומטיים עוצמה  (08 2,שטראוס גרופ בעמ,,,יח`,2.50,100 גרם,false,1,20.90,8.36,false,1,
7290110555009,false,פסאטה זוגות 700 גר`,שטראוס גרופ בעמ,,,יח`,7,100 גרם,false,1,13.90,1.99,false,1,
7290110556242,false,שוקולד פרה מריר פרווה עלית (100 גרם),שטראוס גרופ בעמ,,,יח`,1,100 גרם,false,1,5.90,5.90,false,1,
7290110557027,false,חומוס אחלה 50% טחינה 400 גרם,שטראוס גרופ בעמ/מצונן,,,יח`,4,100 גרם,false,1,15.20,3.80,false,1,
7290110557102,false,מעדן חלב עם שוקולד מעושר בחלבון,שטראוס גרופ בעמ/מצונן,,,יח`,1.50,100 גרם,false,1,5.40,3.60,true,1,
7290110557133,false,מעדן הגולן וניל 125 גרם,שטראוס גרופ בעמ/מצונן,,,יח`,1.25,"100 מ""ל",false,1,2.90,2.32,true,1,
7290110557317,false,היוגורט הראשון שלי עם שיבולת שועל 100 גר,שטראוס גרופ בעמ/מצונן,,,יח`,1,100 גרם,false,1,2.50,2.50,false,1,
7290110557478,false,חומוס אחלה גלילי 600 גר`,שטראוס גרופ בעמ/מצונן,,,יח`,6,100 גרם,false,1,13.90,2.32,false,1,
7290110558154,false,דנונה לייט אנד פרי עוגת תפוחים 150 גר`,שטראוס גרופ בעמ/מצונן,,,יח`,1.50,100 גרם,false,1,4.70,3.13,true,1,
7290110558222,false,דנונה WOW בנופי 150 גר`,שטראוס גרופ בעמ/מצונן,,,יח`,1.50,100 גרם,false,1,4.60,3.07,true,1,
7290110558239,false,דנונה WOW קראק פאי 150 גר`,שטראוס גרופ בעמ/מצונן,,,יח`,1.50,100 גרם,false,1,4.60,3.07,true,1,
7290110558253,false,דנונה ריפרש בננה אננס וצ`יה,שטראוס גרופ בעמ/מצונן,,,יח`,2.50,100 גרם,false,1,5.50,2.20,false,1,
7290110558284,false,דנונה ביו מולטי 200 גר`,שטראוס גרופ בעמ/מצונן,,,יח`,2,100 גרם,false,1,3.90,1.95,false,1,
7290110558307,false,דנונה פרו 20  גר`עם שיבולת שועל (200גר`),שטראוס גרופ בעמ/מצונן,,,יח`,2,100 גרם,false,1,6.70,3.35,false,1,
7290110558314,false,דנונה פרו ללא סוכר בטעם פיסטוק 200 גר`,שטראוס גרופ בעמ/מצונן,,,יח`,2,"100 מ""ל",false,1,5.90,2.95,false,1,
7290110558338,false,דנונה פרו 25  גר`חלבון (200 גר`),שטראוס גרופ בעמ/מצונן,,,יח`,2,100 גרם,false,1,6.70,3.35,false,1,
7290110558420,false,אלפרו משקה ש.שועל 1 ליטר,שטראוס גרופ בעמ/מצונן,,,יח`,10,"100 מ""ל",false,1,13.90,1.39,false,1,
7290110558437,false,אלפרו משקה שקדים 1 ליטר,שטראוס גרופ בעמ/מצונן,,,יח`,10,"100 מ""ל",false,1,13.90,1.39,false,1,
7290110558666,false,דניאלה מעדן בטעם תפוח (88 גרם),שטראוס גרופ בעמ/מצונן,,,יח`,1.50,"100 מ""ל",false,1,4,2.67,false,1,
7290110558741,false,גמדים פאוץ תפוח בננה (100 גר`),שטראוס גרופ בעמ/מצונן,,,יח`,1,100 גרם,false,1,6.90,6.90,false,1,
7290110558918,false,עלי חסה  קראנצ`שטופים 150  גר`טעם הטבע ש,שטראוס גרופ בעמ/מצונן,,,יח`,1.50,100 גרם,false,1,10.10,6.73,false,1,
7290110559007,false,שעועית חומה 380  גר`טעם הטבע שטראוס,שטראוס גרופ בעמ,,,יח`,3.80,100 גרם,false,1,7.90,2.08,true,1,
7290110560317,false,פריכיות משולשות-מלח  ים אנג`י,שטראוס גרופ בעמ,,,יח`,0.30,100 גרם,false,1,4.90,16.33,false,1,
7290110560324,false,פריכיות משולשות-אפונה  ירוקה 30  גר`אנרג,שטראוס גרופ בעמ,,,יח`,0.30,100 גרם,false,1,4.90,16.33,false,1,
7290110561352,false,דנונה דל לקטוז ביו 200 גר`,שטראוס גרופ בעמ/מצונן,,,יח`,2,"100 מ""ל",false,1,3.70,1.85,false,1,
7290110561604,false,מעדן בטעם תות בננה גמדים מעורבב (100x8 ג,שטראוס גרופ בעמ/מצונן,,,יח`,8,"100 מ""ל",false,1,19.20,2.40,false,1,
7290110563431,false,משקה קפה קר בסגנון קלאסי  (2301.6% גר`),שטראוס גרופ בעמ/מצונן,,,יח`,2.30,"100 מ""ל",false,1,7.90,3.43,true,1,
7290110563448,false,משקה קפה קר בסגנון מעודן  (2301.6% גר`),שטראוס גרופ בעמ/מצונן,,,יח`,2.30,"100 מ""ל",false,1,7.90,3.43,true,1,
7290110563462,false,חלב נטול לקטוז 2% יטבתה בקבוק,שטראוס גרופ בעמ/מצונן,,,יח`,1,1 ליטר,false,1,7.90,7.90,false,1,
7290110564339,false,חומוס הסדרה המובחרת עשיר 30% טחינה 400 ג,שטראוס גרופ בעמ/מצונן,,,יח`,4,100 גרם,false,1,15.20,3.80,false,1,
7290110564360,false,חומוס הסדרה המובחרת עשיר 40% טחינה 400 ג,שטראוס גרופ בעמ/מצונן,,,יח`,4,100 גרם,false,1,15.20,3.80,false,1,
7290110564414,false,חומוס הסדרה המובחרת 30% טחינה 600 גר`,שטראוס גרופ בעמ/מצונן,,,יח`,6,100 גרם,false,1,16.30,2.72,false,1,
7290110564742,false,משקה קפה קר בסגנון חזק  (2301.2%  גר`)י,שטראוס גרופ בעמ/מצונן,,,יח`,2.30,"100 מ""ל",false,1,7.90,3.43,true,1,
7290110565527,false,דנונה פרו 20  גר`חלבון,שטראוס גרופ בעמ/מצונן,,,יח`,2,"100 מ""ל",false,1,5.90,2.95,false,1,
7290110565572,false,מארז טורקי לדרך עם הל 168 גר`,שטראוס גרופ בעמ,,,יח`,1.68,100 גרם,false,1,19.30,11.49,false,1,
7290110566623,false,קפסולות קפה עלית קולומביה 08,שטראוס גרופ בעמ,,,יח`,0.50,100 גרם,false,1,18.50,37,true,1,
7290110566975,false,דנונה פרו 200  גר`תות,שטראוס גרופ בעמ/מצונן,,,יח`,2,"100 מ""ל",false,1,5.90,2.95,false,1,
7290110568238,false,קצפת צמחית 21% שומן 250 מל יטבתה,שטראוס גרופ בעמ/מצונן,,,יח`,2.50,"100 מ""ל",false,1,8.20,3.28,false,1,
7290110568276,false,משקה יטבתה פרו וניל 350 מל,שטראוס גרופ בעמ/מצונן,,,יח`,3.50,"100 מ""ל",false,1,6.70,1.91,false,1,
7290110571184,false,עדשים חומות 380  גר`טעם הטבע שטראוס,שטראוס גרופ בעמ,,,יח`,3.80,100 גרם,false,1,7.90,2.08,true,1,
7290110571382,false,מעדן חלב בטעם וניל מועשר בחלבון,שטראוס גרופ בעמ/מצונן,,,יח`,1.50,100 גרם,false,1,5.40,3.60,true,1,
7290110571412,false,מיני פינוקיות בגביע פאדג` 180 גר`,שטראוס גרופ בעמ,,,יח`,1.80,100 גרם,false,1,11.90,6.61,false,1,
7290110572129,false,כיף כף מקלות שוקולד לבן,שטראוס גרופ בעמ,,,יח`,0.40,100 גרם,false,1,5.70,14.25,true,1,
7290110572969,false,כיף כף פצפצים עלית קרם לבן (40 גר`),שטראוס גרופ בעמ,,,יח`,0.40,100 גרם,false,1,6.10,15.25,true,1,
7290110574413,false,פופקורן בטעם טעמי 70 גר`,שטראוס גרופ בעמ,,,יח`,1,,false,1,7.90,7.90,false,1,
7290110574420,false,פופקורן בטעם פסק זמן 70 גר`,שטראוס גרופ בעמ,,,יח`,1,,false,1,7.90,7.90,false,1,
7290110574437,false,פופקורן בטעם טורטית 70 גר`,שטראוס גרופ בעמ,,,יח`,1,,false,1,7.90,7.90,false,1,
7290110576318,false,מארז שלישיית אגוז לבן (3*100) עלית,שטראוס גרופ בעמ,,,יח`,3,100 גרם,false,1,25.90,8.63,false,1,
7290110576370,false,מארז שלישיית אגוז מריר (3X100 ) עלית,שטראוס גרופ בעמ,,,יח`,3,100 גרם,false,1,25.90,8.63,false,1,
7290110576387,false,מארז שלישיית אגוז חלב(3X100 ) עלית,שטראוס גרופ בעמ,,,יח`,3,100 גרם,false,1,25.90,8.63,false,1,
7290110576493,false,פופקורן בטעם בלונדי 70 גר`,שטראוס גרופ בעמ,,,יח`,1,,false,1,7.90,7.90,false,1,
7290110576776,false,שוקולד מריר 85% ספלנדיד (100 גרם),שטראוס גרופ בעמ,,,יח`,1,100 גרם,false,1,12.20,12.20,true,1,
7290110576868,false,גמדים רביעייה סלט פירות,שטראוס גרופ בעמ/מצונן,,,יח`,4,"100 מ""ל",false,1,11.70,2.93,true,1,
7290110577711,false,יטבתה שייק חלבון מי גבינה עם אפרסק ומנגו,שטראוס גרופ בעמ/מצונן,,,יח`,3.50,"100 מ""ל",false,1,7.90,2.26,false,1,
7290110577728,false,יטבתה שייק חלבון מי גבינה עם פירות יער,שטראוס גרופ בעמ/מצונן,,,יח`,3.50,"100 מ""ל",false,1,7.90,2.26,false,1,
7290111340178,false,ניקול מטליות לחות לשיש ניחוח מרכך כביסה,קימברלי קלארק ישראל שיווק בעמ,,,יח`,1,,false,1,13.90,13.90,true,1,
7290111341366,false,מפיות אירוח איכותיות ונעימות למגע ניקול,קימברלי קלארק ישראל שיווק בעמ,,,יח`,1,,false,1,9.90,9.90,false,1,
7290111341984,false,נייר טואלט לילי לח מארז רביעייה,קימברלי קלארק ישראל שיווק בעמ,,,יח`,0,100 גרם,false,1,22.90,22.90,false,1,
7290111342042,false,כריות יפניות אנטיבקטריאליות ניקול,קימברלי קלארק ישראל שיווק בעמ,,,יח`,1,,false,1,14.90,14.90,true,1,
7290111342059,false,מטליות לחות אנטיבקטריאלי,קימברלי קלארק ישראל שיווק בעמ,,,יח`,1,,false,1,14.90,14.90,false,1,
7290111343117,false,קלינקס לושן סופט פק זוגות 140 דף,קימברלי קלארק ישראל שיווק בעמ,,,יח`,1,,false,1,14.90,14.90,false,1,
7290111344206,false,מגבוני האגיס נטורל קייר מבושם 4*64,קימברלי קלארק ישראל שיווק בעמ,,,יח`,1,,false,1,21.90,21.90,true,1,
7290111344459,false,תחבושות נייט אקסטרא לונג,קימברלי קלארק ישראל שיווק בעמ,,,יח`,1,,false,1,22.40,22.40,true,1,
7290111344503,false,האגיס חיתולי אקסטרה קר מידה 4+ 36,קימברלי קלארק ישראל שיווק בעמ,,,יח`,1,,false,1,46.90,46.90,false,1,
7290111344701,false,שקיות סנדוויצ`ון במהדורת מיניונים 250 יח,קימברלי קלארק ישראל שיווק בעמ,,,יח`,1,,false,1,15.90,15.90,false,1,
7290111344831,false,מגן תחתון קוטקס אקסטרא פרוטקט נורמל ביג,קימברלי קלארק ישראל שיווק בעמ,,,יח`,1,,false,1,16.90,16.90,false,1,
7290111344855,false,מגן תחתון קוטקס אקסטרא פרוטקט  לארג`52 י,קימברלי קלארק ישראל שיווק בעמ,,,יח`,1,,false,1,16.90,16.90,false,1,
7290111345814,false,לילי נטורל קייל 30 גלילים,קימברלי קלארק ישראל שיווק בעמ,,,יח`,1,,false,1,33.90,33.90,false,1,
7290111350030,false,רסק תפוחי עץ טבעי בצנצנת 670 גר קלית גת,ליימן שליסל בעמ,,,יח`,6.70,100 גרם,false,1,13.20,1.97,false,1,
7290111350719,false,נאצוס בסגנון מסעדות 322 גר`היט הופ,ליימן שליסל בעמ,,,יח`,3.22,100 גרם,false,1,17.90,5.56,true,1,
7290111350726,false,נאצוס בסגנון מקסיקני 322 גר`היט הופ,ליימן שליסל בעמ,,,יח`,3.22,100 גרם,false,1,17.90,5.56,true,1,
7290111352966,false,יוגטה גומי מקלות ממולאות 250  גר`יוגטה,ליימן שליסל בעמ,,,יח`,2.50,100 גרם,false,1,8.90,3.56,false,1,
7290111353062,false,סוכריות גומי דובונים (800 גר`) יוגטה,ליימן שליסל בעמ,,,יח`,8,100 גרם,false,1,20.90,2.61,false,1,
7290111353116,false,סוכריות גומי נחשים (800 גר` ) יוגטה,ליימן שליסל בעמ,,,יח`,8,100 גרם,false,1,20.90,2.61,false,1,
7290111353130,false,סוכריות גומי חמוצות מסוכרות (800 גר`) יו,ליימן שליסל בעמ,,,יח`,8,100 גרם,false,1,20.90,2.61,false,1,
7290111564291,false,פיטנס פריכיות דקות עם קינואה 120  גר`אסם,קבוצת אסם סחר שות. מוגבלת,,,יח`,1.20,100 גרם,false,1,13.20,11,true,1,
7290111564727,false,קרמוגית במילוי קרם אגוזים 200  גר`אסם,קבוצת אסם סחר שות. מוגבלת,,,יח`,2,100 גרם,false,1,13.20,6.60,false,1,
7290111566240,false,שניצל דק בטעם צ`לי חריף 564  גר`טבעול,קבוצת אסם סחר שות. מוגבלת,,,יח`,5.64,100 גרם,false,1,34.60,6.13,true,1,
7290111566271,false,חטיפי תירס 657  גר`טבעול,קבוצת אסם סחר שות. מוגבלת,,,יח`,6.57,100 גרם,false,1,34.60,5.27,true,1,
7290111566318,false,שניצל דק מן הצומח 564  גר`טבעול,קבוצת אסם סחר שות. מוגבלת,,,יח`,5.64,100 גרם,false,1,34.60,6.13,true,1,
7290111566332,false,נקניקיות טינר צמחוניות 680  גר`טבעול,קבוצת אסם סחר שות. מוגבלת,,,יח`,6.80,100 גרם,false,1,34.60,5.09,true,1,
7290111566417,false,טחון מן הצומח טבעול (500גרם),קבוצת אסם סחר שות. מוגבלת,,,יח`,5,100 גרם,false,1,34.60,6.92,true,1,
7290111566561,false,שניצל ברוקולי 99 קלוריות 560  גר`טבעול,קבוצת אסם סחר שות. מוגבלת,,,יח`,5.60,100 גרם,false,1,34.60,6.18,true,1,
7290111566714,false,המבורגר צמחוני 99 קלוריות 600  גר`טבעול,קבוצת אסם סחר שות. מוגבלת,,,יח`,6,100 גרם,false,1,34.60,5.77,true,1,
7290111568206,false,ביסלי פארטי מיקס 150  גר`אסם,קבוצת אסם סחר שות. מוגבלת,,,יח`,1.50,100 גרם,false,1,9.10,6.07,true,1,
7290111568275,false,נודלס אטריות אורז רחבות 300  גר`אסם,קבוצת אסם סחר שות. מוגבלת,,,יח`,3,100 גרם,false,1,10.90,3.63,false,1,
7290111568299,false,נודלס אטריות עם תרד 300  גר`אסם,קבוצת אסם סחר שות. מוגבלת,,,יח`,3,100 גרם,false,1,10.90,3.63,false,1,
7290111933554,false,מארז עגבניות קוביות שלישייה מאסטר שף,ש.שסטוביץ בעמ,,,יח`,12,100 גרם,false,1,16.90,1.41,false,1,
7290111933561,false,תעורבת ציפוי נגטס 250  גר`מנה,ש.שסטוביץ בעמ,,,יח`,2.50,100 גרם,false,1,8.90,3.56,false,1,
7290111936296,false,פלמוליב ארומה סנסיישן מסאז 750 מל,ש.שסטוביץ בעמ,,,יח`,7.50,"100 מ""ל",false,1,20.90,2.79,true,1,
7290111938498,false,רוטב סויה בהירה מאסטר שף (700 מל),ש.שסטוביץ בעמ,,,יח`,7,"100 מ""ל",false,1,14.90,2.13,false,1,
7290112001436,false,פיניש מנקה מחדש בריח לימון,רקיט בנקיזר (ניר איסט) בעמ,,,יח`,1,,false,1,15.90,15.90,true,1,
7290112002136,false,קולון ג`ל 4 ליטר רגיל כחול,רקיט בנקיזר (ניר איסט) בעמ,,,יח`,4,1 ליטר,false,1,35.90,8.98,false,1,
7290112002167,false,קולון ג`ל 4 ליטר בניחוח פריחה מרענן ירוק,רקיט בנקיזר (ניר איסט) בעמ,,,יח`,4,1 ליטר,false,1,35.90,8.98,false,1,
7290112004024,false,וניש גולד ג`ל 940 מ`ל לבן,רקיט בנקיזר (ניר איסט) בעמ,,,יח`,9.40,"100 מ""ל",false,1,21.40,2.28,false,1,
7290112004208,false,פיניש 50 טבליות לימון AIO MAX,רקיט בנקיזר (ניר איסט) בעמ,,,יח`,1,,false,1,41.90,41.90,true,1,
7290112004413,false,ספריי להסרת כתמים וניש קליה לבן (750 מל,רקיט בנקיזר (ניר איסט) בעמ,,,יח`,7.50,"100 מ""ל",false,1,20.90,2.79,true,1,
7290112004703,false,וניש ג`ליסימו ורוד 750 מל,רקיט בנקיזר (ניר איסט) בעמ,,,יח`,7.50,"100 מ""ל",false,1,20.90,2.79,false,1,
7290112004963,false,פיניש אולטימייט 25 יח``,רקיט בנקיזר (ניר איסט) בעמ,,,יח`,1,,false,1,40.90,40.90,true,1,
7290112005045,false,וניש מסיר כתמים א.לכביסה לבנה 480 גר`,רקיט בנקיזר (ניר איסט) בעמ,,,יח`,4.80,100 גרם,false,1,17.90,3.73,true,1,
7290112005052,false,וניש אבקה לכביסה לבנה,רקיט בנקיזר (ניר איסט) בעמ,,,יח`,0.0150,100 גרם,false,1,40.90,2726.67,false,1,
7290112005076,false,וניש מסיר כתמים א.לכביסה צבעונית 480 גר`,רקיט בנקיזר (ניר איסט) בעמ,,,יח`,4.80,100 גרם,false,1,17.90,3.73,true,1,
7290112005083,false,וניש אבקה לכביסה צבעונית,רקיט בנקיזר (ניר איסט) בעמ,,,יח`,0.0150,100 גרם,false,1,40.90,2726.67,false,1,
7290112197177,false,דגני בוקר במילוי קרם נוגט 375  גר`ללא גל,גורי מוצרי צריכה (1991) בעמ,,,יח`,3.75,100 גרם,false,1,22.90,6.11,true,1,
7290112330352,false,דנונה פרו 200  גר`וניל 0% שומן,שטראוס גרופ בעמ/מצונן,,,יח`,2,"100 מ""ל",false,1,5.90,2.95,false,1,
7290112330390,false,דנונה פרו 200  גר`פירות יער 0% שומן,שטראוס גרופ בעמ/מצונן,,,יח`,2,"100 מ""ל",false,1,5.90,2.95,false,1,
7290112332585,false,פריכיות משולשות-אורז  בתיבול סלק ומלח ים,שטראוס גרופ בעמ,,,יח`,0.30,100 גרם,false,1,4.90,16.33,false,1,
7290112332691,false,עוגיות קרם פסק זמן אגוזים 200 גר` עלית,שטראוס גרופ בעמ,,,יח`,2,100 גרם,false,1,11.90,5.95,false,1,
7290112334749,false,קפה טורקי עלית (200 גרם) 10% תוספת,שטראוס גרופ בעמ,,,יח`,2.20,100 גרם,false,1,16.30,7.41,true,1,
7290112335487,false,פריכיות הטעימות קצח ודגנים 135,שטראוס גרופ בעמ,,,יח`,1.35,100 גרם,false,1,14.20,10.52,false,1,
7290112335500,false,הפריכיות הטעימות חלבון 135 גר`,שטראוס גרופ בעמ,,,יח`,1.35,100 גרם,false,1,14.20,10.52,false,1,
7290112336613,false,עד חצות סנדוויץ 135  גר`עלית,שטראוס גרופ בעמ,,,יח`,1.35,100 גרם,false,1,12.20,9.04,false,1,
7290112336637,false,מאסט סוכריות יוגרוט תות אוכמניות 80 גר`,שטראוס גרופ בעמ,,,יח`,0.80,100 גרם,false,1,9.70,12.13,false,1,
7290112336644,false,מאסט סוכריות לימון 80 גר ללא סוכר,שטראוס גרופ בעמ,,,יח`,0.80,100 גרם,false,1,9.70,12.13,false,1,
7290112336712,false,דנונה פרו 21% חלבון 0,שטראוס גרופ בעמ/מצונן,,,יח`,2,"100 מ""ל",false,1,6.10,3.05,false,1,
7290112337474,false,מאסט סוכריות פטל לימון 80 גר ללא סוכר,שטראוס גרופ בעמ,,,יח`,0.80,100 גרם,false,1,9.70,12.13,false,1,
7290112337481,false,מאסט סוכריות קפוצ`נו 80 גר ללא סוכר,שטראוס גרופ בעמ,,,יח`,0.80,100 גרם,false,1,9.70,12.13,false,1,
7290112338877,false,סקי תות  (1253%  גר`)דנונה,שטראוס גרופ בעמ/מצונן,,,יח`,1.25,100 גרם,false,1,3.80,3.04,true,1,
7290112339362,false,דנונה לייט אנד פריי בטעם קפוצ`נו 150 גר`,שטראוס גרופ בעמ/מצונן,,,יח`,1.50,"100 מ""ל",false,1,4.90,3.27,true,1,
7290112339867,false,גמדים סקוויז בודד תות (100 גר`),שטראוס גרופ בעמ/מצונן,,,יח`,1,100 גרם,false,1,6,6,false,1,
7290112339874,false,גמדים סקוויז בודד תות בננה (100 גר`),שטראוס גרופ בעמ/מצונן,,,יח`,1,100 גרם,false,1,6,6,false,1,
7290112340122,false,פריכיות טעימות 3 דגנים 135 גר`,שטראוס גרופ בעמ,,,יח`,1.35,100 גרם,false,1,14.20,10.52,false,1,
7290112341556,false,אקטיביה עם צ`יה ותות 150 גר`,שטראוס גרופ בעמ/מצונן,,,יח`,1.50,"100 מ""ל",false,1,4.60,3.07,false,1,
7290112342102,false,סימפוניה בצל מקורמל 5% שטראוס,שטראוס גרופ בעמ/מצונן,,,יח`,2,100 גרם,false,1,12.20,6.10,false,1,
7290112342508,false,חטיף דוריטוס קול ראנצ` (70 גרם),שטראוס פריטו ליי בעמ,,,יח`,0.70,100 גרם,false,1,4,5.71,true,1,
7290112343260,false,רוטב שמנת קלאסי 260 גר` יטבתה,שטראוס גרופ בעמ/מצונן,,,יח`,2.60,"100 מ""ל",false,1,10.10,3.88,true,1,
7290112343420,false,יטבתה פרו ארוחת בוקר 350 מל,שטראוס גרופ בעמ/מצונן,,,יח`,3.50,"100 מ""ל",false,1,7.90,2.26,false,1,
7290112343499,false,צ`יטוס 55 גר` puffs,שטראוס פריטו ליי בעמ,,,יח`,0.60,100 גרם,false,1,3.90,6.50,true,1,
7290112343512,false,צ`יטוס 160  גר`puffs,שטראוס פריטו ליי בעמ,,,יח`,1.80,100 גרם,false,1,7.90,4.39,false,1,
7290112344564,false,רביולי גבינה 400  גר`kids שטראוס,שטראוס גרופ בעמ/מצונן,,,יח`,4,100 גרם,false,1,21.70,5.43,true,1,
7290112344724,false,מעדן מוס שוקולד בלונדי 133  גר`מילקי,שטראוס גרופ בעמ/מצונן,,,יח`,1.33,100 גרם,false,1,3.40,2.56,false,1,
7290112344755,false,מילקי עם 26% פחות  סוכר( 135 גר`),שטראוס גרופ בעמ/מצונן,,,יח`,1.35,100 גרם,false,1,2.90,2.15,false,1,
7290112344786,false,קפה PLATINUMקלאסי 200 גר,שטראוס גרופ בעמ,,,יח`,2,100 גרם,false,1,24.90,12.45,true,1,
7290112344953,false,סימפוניה חציל קלוי 5%,שטראוס גרופ בעמ/מצונן,,,יח`,2,100 גרם,false,1,12.20,6.10,false,1,
7290112344991,false,דנונה לייט אנד פריי בטעם תות 150 גר`,שטראוס גרופ בעמ/מצונן,,,יח`,1.50,"100 מ""ל",false,1,4.50,3,false,1,
7290112346360,false,בפלות אחת אחת בציפוי שוקלוד חלב עלית,שטראוס גרופ בעמ,,,יח`,1.80,100 גרם,false,1,14.90,8.28,false,1,
7290112346506,false,דנונה לייט אנד פריי בטעם אפרסק 150 גר`,שטראוס גרופ בעמ/מצונן,,,יח`,1.50,"100 מ""ל",false,1,4.50,3,false,1,
7290112346773,false,דנונה לייט אנד פריי וניל עם חלבון,שטראוס גרופ בעמ/מצונן,,,יח`,1.50,100 גרם,false,1,4.70,3.13,true,1,
7290112346797,false,אקטיביה שיבולת שועל ושזיף 150 גר`,שטראוס גרופ בעמ/מצונן,,,יח`,1.50,"100 מ""ל",false,1,4.70,3.13,false,1,
7290112347008,false,גמדים ארוחת בוקר תות סקוויז 100 גר,שטראוס גרופ בעמ/מצונן,,,יח`,1,100 גרם,false,1,6,6,false,1,
7290112348142,false,שעועית לבנה 380  גר`טעם הטבע קופסה,שטראוס גרופ בעמ,,,יח`,3.80,100 גרם,false,1,7.90,2.08,true,1,
7290112348999,false,פריכיות טעימות תירס דקות ( 135 גר`) עלית,שטראוס גרופ בעמ,,,יח`,1.35,100 גרם,false,1,14.20,10.52,false,1,
7290112349606,false,דניאלה מעדן בטעם תות בננה שטראוס (88 גרם,שטראוס גרופ בעמ/מצונן,,,יח`,1.50,"100 מ""ל",false,1,4,2.67,false,1,
7290112349705,false,מחית עגבניות קלאסי לפסטה 350  גר`פומודור,שטראוס גרופ בעמ,,,יח`,3.50,100 גרם,false,1,11.90,3.40,true,1,
7290112349750,false,רוטב עגבניות לפיצה 350 גר`,שטראוס גרופ בעמ,,,יח`,3.50,100 גרם,false,1,11.90,3.40,true,1,
7290112349897,false,מאסט קוביות מנטה ללס 86 גר`,שטראוס גרופ בעמ,,,יח`,0.86,100 גרם,false,1,14.90,17.33,false,1,
7290112350589,false,צ`יקו להכנת משקה צ`יקוריה עלית (65 גרם),שטראוס גרופ בעמ,,,יח`,0.65,100 גרם,false,1,10.90,16.77,false,1,
7290112351067,false,סילאן טבעי לחיץ 630  גר`יד מרדכי,שטראוס גרופ בעמ,,,יח`,6.30,100 גרם,false,1,24.90,3.95,false,1,
7290112351258,false,פינוקיות שחור לבן 200 גר עלית,שטראוס גרופ בעמ,,,יח`,2,100 גרם,false,1,11.90,5.95,false,1,
7290112351524,false,עלי חסה סלנובה 200 גר טעם הטבע,שטראוס גרופ בעמ/מצונן,,,יח`,2,100 גרם,false,1,12.90,6.45,false,1,
7290112354211,false,דלישס שטראוס פיצה מרגריטה,קפוא-זן תעשיות מזון בעמ - תפוג,,,יח`,4,100 גרם,false,1,27.90,6.98,true,1,
7290112354945,false,תפוצ`יפס (50  גרם)היתר מכירה,שטראוס פריטו ליי בעמ,,,יח`,0.50,100 גרם,false,1,4,8,false,1,
7290112354952,false,תפוצ`יפס פפריקה (50  גרם)היתר מכירה,שטראוס פריטו ליי בעמ,,,יח`,0.50,100 גרם,false,1,4,8,false,1,
7290112354969,false,תפוצ`יפס 200 גר` (יבול חול/היתר מכירה),שטראוס פריטו ליי בעמ,,,יח`,2,100 גרם,false,1,11.50,5.75,true,1,
7290112355027,false,דנונה פרו 20  גר`חלבון בטעם קרמל  מלוח(,שטראוס גרופ בעמ/מצונן,,,יח`,2,"100 מ""ל",false,1,5.90,2.95,false,1,
7290112355775,false,סימפוניה 200 גר` עירית שטראוס,שטראוס גרופ בעמ/מצונן,,,יח`,2,100 גרם,false,1,12.20,6.10,false,1,
7290112357045,false,עגבניות איטלקיות מרוסקות 390  גר`טעם הטב,שטראוס גרופ בעמ,,,יח`,5,100 גרם,false,1,7.90,1.58,true,1,
7290112357083,false,אפונת גינה 380 גר טעם הטבע קופסה,שטראוס גרופ בעמ,,,יח`,3.80,100 גרם,false,1,7.90,2.08,true,1,
7290112357106,false,שעועית אדומה 380  גר`טעם הטבע קופסה,שטראוס גרופ בעמ,,,יח`,3.80,100 גרם,false,1,7.90,2.08,true,1,
7290112357113,false,גרגרי חומוס 380 גר טעם הטבע קופסה,שטראוס גרופ בעמ,,,יח`,3.80,100 גרם,false,1,7.90,2.08,true,1,
7290112358004,false,פסק זמן חטיף קראנץ  עלית( 32 גר`),שטראוס גרופ בעמ,,,יח`,0.32,100 גרם,false,1,5,15.63,false,1,
7290112358127,false,דנונה פרו 20  גר`חלבון עם  מגנזיום( 200,שטראוס גרופ בעמ/מצונן,,,יח`,2,100 גרם,false,1,6.70,3.35,false,1,
7290112358233,false,רוטב צ`ילי חריף יד מרדכי (300 גר`),שטראוס גרופ בעמ,,,יח`,3,100 גרם,false,1,14.90,4.97,false,1,
7290112358554,false,מארז נמס לדרך 28 יח עלית,שטראוס גרופ בעמ,,,יח`,0.5040,100 גרם,false,1,10.90,21.63,false,1,
7290112358561,false,קפה פלטינום קלאסיק 47  גר`עלית,שטראוס גרופ בעמ,,,יח`,0.47,100 גרם,false,1,6.90,14.68,false,1,
7290112480309,false,צלחת גדולה קרם 100 יח לפיד,פאלאס תעשיות נטו (2014) בעמ,,,יח`,1,,false,1,39.90,39.90,true,1,
7290112482211,false,פאלאס תבניות אלומניום ענק,פאלאס תעשיות נטו (2014) בעמ,,,יח`,1,,false,1,1.90,1.90,true,1,
7290112483430,false,כפות שקופות לפיד 50 יח,פאלאס תעשיות נטו (2014) בעמ,,,יח`,1,,false,1,7.90,7.90,true,1,
7290112483454,false,מזלגות שקופות לפיד 50 יח,פאלאס תעשיות נטו (2014) בעמ,,,יח`,1,,false,1,7.90,7.90,true,1,
7290112483461,false,סכינים שקופות לפיד 50 יח,פאלאס תעשיות נטו (2014) בעמ,,,יח`,1,,false,1,7.90,7.90,true,1,
7290112490032,false,מרק נמס בכוס תירס קנור,יוניליוור ישראל שיווק בעמ,,,יח`,0.45,100 גרם,false,1,7.60,16.89,true,1,
7290112490209,false,מרק נמס בכוס עגבניות קנור) (2*28,יוניליוור ישראל שיווק בעמ,,,יח`,0.56,100 גרם,false,1,7.60,13.57,true,1,
7290112490216,false,מרק נמס בכוס טעם עוף קנור (2*24 גר`),יוניליוור ישראל שיווק בעמ,,,יח`,0.48,100 גרם,false,1,7.60,15.83,true,1,
7290112490230,false,מרק נמס בכוס אפונה קנור) (25*2,יוניליוור ישראל שיווק בעמ,,,יח`,0.50,100 גרם,false,1,7.60,15.20,true,1,
7290112490667,false,קונפיטורת משמשים  (788 340  גר`),יוניליוור ישראל שיווק בעמ,,,יח`,3.40,100 גרם,false,1,14.50,4.26,true,1,
7290112490735,false,מרק עשיר עגבניות עם פסטה קנור רכיבים טבע,יוניליוור ישראל שיווק בעמ,,,יח`,1.05,100 גרם,false,1,13.90,13.24,true,1,
7290112490742,false,מרק עשיר פטריות עם גריסים קנור רכיבים טב,יוניליוור ישראל שיווק בעמ,,,יח`,1.04,100 גרם,false,1,13.90,13.37,true,1,
7290112490759,false,מרק עשיר עוף עם אטריות קנור רכיבים טבעיי,יוניליוור ישראל שיווק בעמ,,,יח`,0.74,100 גרם,false,1,13.90,18.78,true,1,
7290112490827,false,בדין תרסיס למייבש כביסה בייבי 500 מל,יוניליוור ישראל שיווק בעמ,,,יח`,5,"100 מ""ל",false,1,20.30,4.06,true,1,
7290112491701,false,ברנפלקס חלבון 375 גר`,יוניליוור ישראל שיווק בעמ,,,יח`,3.75,100 גרם,false,1,23.40,6.24,true,1,
7290112491787,false,בייגלה דקים דקים שומשום 300 גר`,יוניליוור ישראל שיווק בעמ,,,יח`,3,100 גרם,false,1,11.50,3.83,true,1,
7290112491794,false,בייגלה דקים דקים שמנת בצל 300 גר`,יוניליוור ישראל שיווק בעמ,,,יח`,3,100 גרם,false,1,11.50,3.83,true,1,
7290112492449,false,שמפו פינוק שיער רגיל 700 מל,יוניליוור ישראל שיווק בעמ,,,יח`,7,100 גרם,false,1,13.50,1.93,true,1,
7290112492456,false,שמפו לשיער יבש פינוק (700 מל),יוניליוור ישראל שיווק בעמ,,,יח`,7,"100 מ""ל",false,1,13.50,1.93,true,1,
7290112492487,false,שמפו פינוקשמן מרוקאי (700מל),יוניליוור ישראל שיווק בעמ,,,יח`,7,"100 מ""ל",false,1,13.50,1.93,true,1,
7290112492500,false,שמפו פינוקשמן קוקוס (700מל),יוניליוור ישראל שיווק בעמ,,,יח`,7,"100 מ""ל",false,1,13.50,1.93,true,1,
7290112492531,false,מרכך לשיער רגיל (700  מל)פינוק,יוניליוור ישראל שיווק בעמ,,,יח`,7,"100 מ""ל",false,1,13.50,1.93,true,1,
7290112492593,false,תחליב רחצה רגיל 700 מל פינוק,יוניליוור ישראל שיווק בעמ,,,יח`,7,"100 מ""ל",false,1,14.20,2.03,true,1,
7290112492609,false,תחליב רחצה לבנדר ווניל (700  מל)פינוק,יוניליוור ישראל שיווק בעמ,,,יח`,7,"100 מ""ל",false,1,14.20,2.03,true,1,
7290112492982,false,מרק פטריות רכיבים טבעיים 400  גר`קנור,יוניליוור ישראל שיווק בעמ,,,יח`,4,100 גרם,false,1,29.50,7.38,true,1,
7290112492999,false,אבקת מרק טעם עוף 400  גר`קנור,יוניליוור ישראל שיווק בעמ,,,יח`,4,100 גרם,false,1,17.30,4.33,true,1,
7290112493088,false,נמס בכוס עדשים 100% רכיבים טביעיים קנור,יוניליוור ישראל שיווק בעמ,,,יח`,0.54,100 גרם,false,1,7.90,14.63,false,1,
7290112493095,false,נמס בכוס עגבניות חריף 100% רכיבים טביעיי,יוניליוור ישראל שיווק בעמ,,,יח`,0.48,100 גרם,false,1,7.90,16.46,false,1,
7290112493316,false,מרק היום אפונה 100% רכיבים טביעיים קנור,יוניליוור ישראל שיווק בעמ,,,יח`,1.17,100 גרם,false,1,13.90,11.88,true,1,
7290112493934,false,שטראוס קרמיסימו וניל צרפתי,גלידות שטראוס בעמ,,,יח`,1.33,1 ליטר,false,1,19.90,14.96,false,1,
7290112494153,false,תיבוליות ניחוח צלי  קנור( 72 גרם),יוניליוור ישראל שיווק בעמ,,,יח`,0.72,100 גרם,false,1,10.90,15.14,true,1,
7290112494238,false,חטיף כדורים שוקולד חלב קליק (65 גרם),יוניליוור ישראל שיווק בעמ,,,יח`,0.65,100 גרם,false,1,6.40,9.85,true,1,
7290112494283,false,חטיף כדורים מעורב חום לבו 65  גר`קליק,יוניליוור ישראל שיווק בעמ,,,יח`,0.65,100 גרם,false,1,6.40,9.85,true,1,
7290112494313,false,חטיף קליק קורנפלקס 65 גר`,יוניליוור ישראל שיווק בעמ,,,יח`,0.65,100 גרם,false,1,6.40,9.85,true,1,
7290112494351,false,קורנפלקס של אלופים תלמה (850 גרם).בדצ,יוניליוור ישראל שיווק בעמ,,,יח`,8.50,100 גרם,false,1,18.90,2.22,false,1,
7290112494382,false,פירה בטעם ביתי 260  גר`קנור,יוניליוור ישראל שיווק בעמ,,,יח`,2.60,100 גרם,false,1,10.90,4.19,false,1,
7290112494832,false,תרחיץ פנים לעור רגיל (180 מל)דאב,יוניליוור ישראל שיווק בעמ,,,יח`,1.80,"100 מ""ל",false,1,19.90,11.06,true,1,
7290112495006,false,כריות נוגט 686  גר`תלמה,יוניליוור ישראל שיווק בעמ,,,יח`,6.86,100 גרם,false,1,25.90,3.78,false,1,
7290112495020,false,כריות צ`וקולדה תלמה (686  גר`),יוניליוור ישראל שיווק בעמ,,,יח`,6.86,100 גרם,false,1,30.90,4.50,true,1,
7290112495037,false,קוקומן כדורים 375  גר`תלמה,יוניליוור ישראל שיווק בעמ,,,יח`,3.75,100 גרם,false,1,22.40,5.97,true,1,
7290112495044,false,דגני קוקומן פצפוצים תלמה (375 גרם),יוניליוור ישראל שיווק בעמ,,,יח`,3.75,100 גרם,false,1,22.40,5.97,true,1,
7290112495105,false,נישנושים תפוא שמנת בצל 260 גר`,יוניליוור ישראל שיווק בעמ,,,יח`,2.60,100 גרם,false,1,14.50,5.58,true,1,
7290112495143,false,נשנושי קרקר קוקטייל מלוח 300 גר`,יוניליוור ישראל שיווק בעמ,,,יח`,3,100 גרם,false,1,14.50,4.83,true,1,
7290112495167,false,נשנושי קרקר משולשי שומשום 300 גר,יוניליוור ישראל שיווק בעמ,,,יח`,3,100 גרם,false,1,14.50,4.83,true,1,
7290112495228,false,קורנפלקס דבש 448  גר`תלמה,יוניליוור ישראל שיווק בעמ,,,יח`,4.48,100 גרם,false,1,16.90,3.77,true,1,
7290112495280,false,ברנפלקס ריבועי קינמון תלמה (400 גרם),יוניליוור ישראל שיווק בעמ,,,יח`,4,100 גרם,false,1,23.40,5.85,true,1,
7290112495433,false,דליפקאן תוספת אגוזי פקאן ושקדים תלמה (40,יוניליוור ישראל שיווק בעמ,,,יח`,4,100 גרם,false,1,24.40,6.10,true,1,
7290112495594,false,שמיניות גדולות ללא מלח 400 גר בייגל בייג,יוניליוור ישראל שיווק בעמ,,,יח`,4,100 גרם,false,1,14.20,3.55,true,1,
7290112495754,false,רוטב לסלט אלף האיים הלמנס (305 מל),יוניליוור ישראל שיווק בעמ,,,יח`,3.05,"100 מ""ל",false,1,13.90,4.56,true,1,
7290112495785,false,רוטב לסלט שום (300  גרם)הלמנס,יוניליוור ישראל שיווק בעמ,,,יח`,3,100 גרם,false,1,13.90,4.63,true,1,
7290112496034,false,סירופ בטעם מייפל אפיכל כשלפ 580 גרם,יוניליוור ישראל שיווק בעמ,,,יח`,5.80,100 גרם,false,1,12.90,2.22,true,1,
7290112496218,false,טריאקיהפחתה של%50 סוכר ונתרן,יוניליוור ישראל שיווק בעמ,,,יח`,3.40,"100 מ""ל",false,1,13.90,4.09,true,1,
7290112496447,false,נמס בכוס אקסטרה טעם עוף,יוניליוור ישראל שיווק בעמ,,,יח`,0.27,100 גרם,false,1,5.90,21.85,false,1,
7290112496461,false,נמס בכוס אקסטרא ירקות 32 גר`,יוניליוור ישראל שיווק בעמ,,,יח`,0.32,100 גרם,false,1,5.90,18.44,false,1,
7290112497727,false,אל סבון בייבי 700 מל פינוק,יוניליוור ישראל שיווק בעמ,,,יח`,7,"100 מ""ל",false,1,15.90,2.27,true,1,
7290112497994,false,גרנולה פרוטאין בתוספת חלבון ואגוזים 300,יוניליוור ישראל שיווק בעמ,,,יח`,3,100 גרם,false,1,15.90,5.30,true,1,
7290112498007,false,גרנולה פרוטאין בתוספת חלבון שקדים וחמוצי,יוניליוור ישראל שיווק בעמ,,,יח`,3,100 גרם,false,1,15.90,5.30,true,1,
7290112498069,false,קוקומן בטעם שוקולד 375  גר`כשלפ,יוניליוור ישראל שיווק בעמ,,,יח`,3.75,100 גרם,false,1,23.50,6.27,true,1,
7290112498267,false,אל סבון ידיים פינוק קלאסי 950 מל,יוניליוור ישראל שיווק בעמ,,,יח`,9.50,"100 מ""ל",false,1,12.90,1.36,true,1,
7290112498526,false,פתית ציפס בטטה סגולה שמנת בצל,יוניליוור ישראל שיווק בעמ,,,יח`,0.22,100 גרם,false,1,5.90,26.82,true,1,
7290112498922,false,מאגדת-מיני מגנום לבן,גלידות שטראוס בעמ,,,יח`,1,,false,1,30.50,30.50,false,1,
7290112499189,false,שטראוס קרמיסימו חד קרן,גלידות שטראוס בעמ,,,יח`,1.33,1 ליטר,false,1,19.90,14.96,false,1,
7290112499196,false,שטראוס קרמיסימו החלב של הקורנפלקס,גלידות שטראוס בעמ,,,יח`,1.33,1 ליטר,false,1,19.90,14.96,false,1,
7290112499455,false,תחליב רחצה מרוקאי 700 מל פינוק,יוניליוור ישראל שיווק בעמ,,,יח`,7,"100 מ""ל",false,1,14.20,2.03,true,1,
7290112499462,false,תחליב רחצה שמן קוקוס 700 מל פינוק,יוניליוור ישראל שיווק בעמ,,,יח`,7,"100 מ""ל",false,1,14.20,2.03,true,1,
7290112499493,false,רקסונה דאודורנט ספריי בניחוח במבוק אלוור,יוניליוור ישראל שיווק בעמ,,,יח`,1.50,"100 מ""ל",false,1,16.30,10.87,true,1,
7290112499639,false,טילון סופר מגנום וניל צ`פי ושוקולד,גלידות שטראוס בעמ,,,יח`,1,,false,1,9.90,9.90,true,1,
7290112499646,false,טילון קורנטו סופר פקאן שטראוס,גלידות שטראוס בעמ,,,יח`,1,,false,1,9.90,9.90,true,1,
7290112499837,false,מגנום דואט שוקו לד עם נוגט שטראוס,גלידות שטראוס בעמ,,,יח`,0.90,100 גרם,false,1,9.90,11,true,1,
7290112499929,false,מגנום שוקולד 85  גר`שטראוס,גלידות שטראוס בעמ,,,יח`,1,,false,1,9.90,9.90,true,1,
7290112499936,false,מגנום שקדים 85 גר`,גלידות שטראוס בעמ,,,יח`,1,,false,1,9.90,9.90,true,1,
7290112961266,false,בייגלה כפיות פיזור איטלקי 300 גר` אסם,קבוצת אסם סחר שות. מוגבלת,,,יח`,3,100 גרם,false,1,10.10,3.37,true,1,
7290112961440,false,פיטנס בר פריכיות שוקולד מריר 84 גר,קבוצת אסם סחר שות. מוגבלת,,,יח`,0.84,100 גרם,false,1,16.30,19.40,true,1,
7290112962287,false,שווארמה טבעונית 450 גר` טבעול,קבוצת אסם סחר שות. מוגבלת,,,יח`,4.50,100 גרם,false,1,34.60,7.69,true,1,
7290112963529,false,מאגדת אקסטרים שוקו וניל 6 יח,נגה גלידות שותפות מוגבלת,,,יח`,4.32,100 גרם,false,1,32.90,7.62,false,1,
7290112963918,false,חטיפי קרקר דק רוזמרין 140 גר` פיטנס,קבוצת אסם סחר שות. מוגבלת,,,יח`,1.40,100 גרם,false,1,12.90,9.21,true,1,
7290112964410,false,רוטב אלף האיים לסלט ( 290 גר`) אסם,קבוצת אסם סחר שות. מוגבלת,,,יח`,2.90,"100 מ""ל",false,1,13.20,4.55,true,1,
7290112964458,false,רוטב לסלט וינגרט אסם (295 מל),קבוצת אסם סחר שות. מוגבלת,,,יח`,2.95,"100 מ""ל",false,1,13.20,4.47,true,1,
7290112964472,false,רוטב שום לסלט (290 גר`) אסם,קבוצת אסם סחר שות. מוגבלת,,,יח`,2.90,"100 מ""ל",false,1,13.20,4.55,true,1,
7290112964502,false,רוטב אלף האיים לסלט אסם (600 מל),קבוצת אסם סחר שות. מוגבלת,,,יח`,6,"100 מ""ל",false,1,19.30,3.22,false,1,
7290112964564,false,רוטב אלף האיים לייט לסלט אסם (295 מל),קבוצת אסם סחר שות. מוגבלת,,,יח`,2.95,"100 מ""ל",false,1,13.20,4.47,true,1,
7290112964601,false,רוטב בנוסח סצואן 290 מל אסם,קבוצת אסם סחר שות. מוגבלת,,,יח`,2.90,"100 מ""ל",false,1,15.90,5.48,true,1,
7290112965240,false,זוג מרק נמס עגבניות 60  גר`אסם בדצ,קבוצת אסם סחר שות. מוגבלת,,,יח`,0.60,100 גרם,false,1,6.90,11.50,false,1,
7290112965264,false,מרק נמס סוף זוג אפונה בדצ,קבוצת אסם סחר שות. מוגבלת,,,יח`,0.52,100 גרם,false,1,6.90,13.27,false,1,
7290112965301,false,מרק נמס סוף זוג טעם עוף 52  גר`אסם,קבוצת אסם סחר שות. מוגבלת,,,יח`,0.52,100 גרם,false,1,6.90,13.27,false,1,
7290112965585,false,פסטה קסרצה 500  גר`פרפקטו אסם,קבוצת אסם סחר שות. מוגבלת,,,יח`,5,100 גרם,false,1,8.90,1.78,false,1,
7290112965660,false,חטיף מולטיגריין מלח פלפל ( 25 גר`) פיטנס,קבוצת אסם סחר שות. מוגבלת,,,יח`,1,,false,1,5.90,5.90,false,1,
7290112965684,false,חטיף מולטיגריין עשבי תיבול ( 25 גר`) פיט,קבוצת אסם סחר שות. מוגבלת,,,יח`,1,100 גרם,false,1,5.90,5.90,false,1,
7290112965707,false,חטיף מולטיגריין צ`לי מעודן ( 25 גר`) פיט,קבוצת אסם סחר שות. מוגבלת,,,יח`,1,100 גרם,false,1,5.90,5.90,false,1,
7290112966094,false,עוגת הבית בטעם תפוז מופחת סוכראסם (400 ג,קבוצת אסם סחר שות. מוגבלת,,,יח`,4,100 גרם,false,1,12.50,3.13,false,1,
7290112966247,false,לחמית כוסמין 200  גר`אסם,קבוצת אסם סחר שות. מוגבלת,,,יח`,2,100 גרם,false,1,11.20,5.60,true,1,
7290112966803,false,אינסטנט פודינג בטעם שוקולד אסם (88 גרם),קבוצת אסם סחר שות. מוגבלת,,,יח`,0.88,100 גרם,false,1,5.90,6.70,false,1,
7290112967138,false,בייגלה שמיניות ללא גלוטן 250  גר`אסם,קבוצת אסם סחר שות. מוגבלת,,,יח`,2.50,100 גרם,false,1,9.90,3.96,false,1,
7290112967206,false,במבה מתוקה מארז 10 יח,קבוצת אסם סחר שות. מוגבלת,,,יח`,1.50,100 גרם,false,1,13.90,9.27,false,1,
7290112967381,false,חטיפי פריכיות קטניות ומלח ים 60 גר פיטנס,קבוצת אסם סחר שות. מוגבלת,,,יח`,0.60,100 גרם,false,1,9.90,16.50,false,1,
7290112968203,false,סלט טחינה בלאדי 250  גר`צבר,קבוצת אסם סחר שות. מוגבלת,,,יח`,2.50,100 גרם,false,1,10.90,4.36,false,1,
7290112968807,false,חטיפי קרקר דק סלק 140 גר` פיטנס,קבוצת אסם סחר שות. מוגבלת,,,יח`,1.40,100 גרם,false,1,12.90,9.21,true,1,
7290112968821,false,חטיפי קרקר דק בטטה 140 גר` פיטנס,קבוצת אסם סחר שות. מוגבלת,,,יח`,1.40,100 גרם,false,1,12.90,9.21,true,1,
7290113192201,false,פינוק סחלב 500  גר`קרטון שקדיה,דין שיווק וקליה 2021 בעמ,,,יח`,5,100 גרם,false,1,14.90,2.98,false,1,
7290113192218,false,פינוק מלבי 500  גר`קרטון שקדיה,דין שיווק וקליה 2021 בעמ,,,יח`,5,100 גרם,false,1,14.90,2.98,false,1,
7290113192324,false,זיתים ירוקים שלמים בינוניים 560  גר`בית,קבוצת אסם סחר שות. מוגבלת,,,יח`,5.60,100 גרם,false,1,10.90,1.95,false,1,
7290113192331,false,זיתים ירוקים שלמים גדולים 340 גר`,קבוצת אסם סחר שות. מוגבלת,,,יח`,3.40,100 גרם,false,1,10.90,3.21,false,1,
7290113192355,false,זיתים חרוזית ירוק A2 בית השיטה,קבוצת אסם סחר שות. מוגבלת,,,יח`,5.60,100 גרם,false,1,11.50,2.05,true,1,
7290113192362,false,זיתים ירוקים טבעות (560  גרם)בית השיטה,קבוצת אסם סחר שות. מוגבלת,,,יח`,5.60,100 גרם,false,1,11.90,2.13,false,1,
7290113192386,false,זיתים סורי מבוקע A2 בית השיטה,קבוצת אסם סחר שות. מוגבלת,,,יח`,5.60,100 גרם,false,1,11.90,2.13,false,1,
7290113192393,false,קוקטייל זיתים בית השיטה (336 גרם),קבוצת אסם סחר שות. מוגבלת,,,יח`,3.36,100 גרם,false,1,12.90,3.84,false,1,
7290113192478,false,מלפפון במלח 10-12 A2 בית השיטה,קבוצת אסם סחר שות. מוגבלת,,,יח`,3.20,100 גרם,false,1,8.40,2.63,true,1,
7290113192485,false,מלפפון בחומץ 10-12 A2 בית השיטה ( 290 גר,קבוצת אסם סחר שות. מוגבלת,,,יח`,2.90,100 גרם,false,1,8.40,2.90,true,1,
7290113192492,false,מלפפון בחומץ 13-17 A2 בית  השיטה( 290 ג,קבוצת אסם סחר שות. מוגבלת,,,יח`,3.20,100 גרם,false,1,10.90,3.41,false,1,
7290113192508,false,מלפפון במלח 13-17 A2 בית  השיטה( 320 גר`,קבוצת אסם סחר שות. מוגבלת,,,יח`,3.20,100 גרם,false,1,10.90,3.41,false,1,
7290113192515,false,מלפפון במלח 18-25 A2 בית  השיטה( 320 גר`,קבוצת אסם סחר שות. מוגבלת,,,יח`,3.20,100 גרם,false,1,13.50,4.22,false,1,
7290113192522,false,מלפפון בחומץ 18-25 A2 בית  השיטה( 320 גר,קבוצת אסם סחר שות. מוגבלת,,,יח`,3.20,100 גרם,false,1,13.50,4.22,false,1,
7290113192553,false,מלפפון במלח בלאדי 13-17 בית  השיטה( 320,קבוצת אסם סחר שות. מוגבלת,,,יח`,3.20,100 גרם,false,1,10.90,3.41,false,1,
7290113192577,false,כרוב כבוש בית השיטה (430 גר`),קבוצת אסם סחר שות. מוגבלת,,,יח`,4.30,100 גרם,false,1,8.90,2.07,false,1,
7290113192881,false,טורטיה חיטה מופחת קלוריות 270 גר,דין שיווק וקליה 2021 בעמ,,,יח`,2.70,100 גרם,false,1,10.90,4.04,true,1,
7290113192997,false,זית מרוקאי 340  גר`בית השיטה,קבוצת אסם סחר שות. מוגבלת,,,יח`,3.40,100 גרם,false,1,12.90,3.79,false,1,
7290113193321,false,שמן זית כתית מעולה 750 מל בית השיטה,קבוצת אסם סחר שות. מוגבלת,,,יח`,7.50,"100 מ""ל",false,1,30.90,4.12,false,1,
7290113193406,false,טבעות קוקטייל זיתים 280  גר`בית השיטה,קבוצת אסם סחר שות. מוגבלת,,,יח`,2.80,100 גרם,false,1,12.90,4.61,false,1,
7290113195073,false,חלבה טורקית עם פיסטוקים 400 גר` שקדיה,דין שיווק וקליה 2021 בעמ,,,יח`,4,100 גרם,false,1,15.90,3.98,true,1,
7290113195967,false,שיבולת שועל 500 גרם פחית שקדיה,דין שיווק וקליה 2021 בעמ,,,יח`,5,100 גרם,false,1,10.90,2.18,true,1,
7290113196001,false,פסטה ספגטי שקדיה 500 גר` .,דין שיווק וקליה 2021 בעמ,,,יח`,5,100 גרם,false,1,4.90,0.98,true,1,
7290113196025,false,פסטה צינורות שקדיה 500 גר` .,דין שיווק וקליה 2021 בעמ,,,יח`,5,100 גרם,false,1,4.90,0.98,true,1,
7290113196032,false,פסטה צדפים שקדיה 500 גר` .,דין שיווק וקליה 2021 בעמ,,,יח`,5,100 גרם,false,1,4.90,0.98,true,1,
7290113302266,false,חטיף בונזו סטריפים בקר ודג 80 גר,שחורי אריה ואנסטסיה,,,יח`,1,,false,1,12.90,12.90,false,1,
7290113302303,false,חטיף בנוזו סטיקים עם עוף ותרד,שחורי אריה ואנסטסיה,,,יח`,1,,false,1,12.90,12.90,false,1,
7290113302396,false,שיפוד כבש ודג בקלה 80 גר,שחורי אריה ואנסטסיה,,,יח`,1,,false,1,12.90,12.90,false,1,
7290113560055,false,מי פה פרודנטקס ( 500 מל ),גורי ע.ע.ע בעמ,,,יח`,5,"100 מ""ל",false,1,30.90,6.18,true,1,
7290114310215,false,טרה שמנת מתוקה עמידה בקבוק 38% 250 מל,החב` המרכזית - טרה,,,יח`,2.50,"100 מ""ל",false,1,6.47,2.59,false,1,
7290114310222,false,חלב מועשר בסידן ווטמין D  טרה( 1.5 ליט,החב` המרכזית - טרה,,,יח`,0.0150,"100 מ""ל",false,1,12.50,833.33,false,1,
7290114310239,false,חלב נטול לקטוז  מעושר( 1.5  ליטר)בויטמין,החב` המרכזית - טרה,,,יח`,0.0150,"100 מ""ל",false,1,12.50,833.33,false,1,
7290114310338,false,צפתית מעודנת  (2255%  גר`)משק צוריאל,החב` המרכזית - טרה,,,יח`,2.55,100 גרם,false,1,19.10,7.49,false,1,
7290114310345,false,מעדן יוגרוט בטעם תות  (1.5% 125 גר`),החב` המרכזית - טרה,,,יח`,1.25,100 גרם,false,1,3,2.40,true,1,
7290114310536,false,יוגורט מולר אקטיב וניל חלבון 25 גר`,החב` המרכזית - טרה,,,יח`,2,100 גרם,false,1,6.20,3.10,true,1,
7290114310567,false,צוריאל לאבנה עיזים 5% 200 גר,החב` המרכזית - טרה,,,יח`,2,100 גרם,false,1,14.60,7.30,true,1,
7290114310611,false,משקה חלב בננה בבקבוק 250 מל טרה,החב` המרכזית - טרה,,,יח`,2.50,"100 מ""ל",false,1,5.20,2.08,false,1,
7290114310628,false,משקה חלב וניל עוגיות 1 ליטר,החב` המרכזית - טרה,,,יח`,1,1 ליטר,false,1,12.10,12.10,false,1,
7290114310901,false,גבינה לבנה 5% 250  גר`פיקוח,החב` המרכזית - טרה,,,יח`,2.50,100 גרם,false,1,4.98,1.99,false,1,
7290114311014,false,אייס קפוצ`ינו פקק ספורט 250 מל טרה,החב` המרכזית - טרה,,,יח`,2.50,"100 מ""ל",false,1,5.20,2.08,false,1,
7290114311038,false,שמנת מתוקה 32% בבקבוק 250 מל טרה,החב` המרכזית - טרה,,,יח`,2.50,"100 מ""ל",false,1,6.90,2.76,false,1,
7290114311069,false,יוגורט מולר אקטיב 0% לבן חלבון 25 גר,החב` המרכזית - טרה,,,יח`,2,100 גרם,false,1,6.20,3.10,true,1,
7290114311298,false,קציפת תות בננה מלון מולר פרופ 150 גר`,החב` המרכזית - טרה,,,יח`,1.50,"100 מ""ל",false,1,5.30,3.53,false,1,
7290114311304,false,קציפת מנגו פסיפלורה בננה מולר פרופ 150 ג,החב` המרכזית - טרה,,,יח`,1.50,"100 מ""ל",false,1,5.30,3.53,false,1,
7290114311328,false,חלב נטול לקטוז מועשר בוויטמין D טרה,החב` המרכזית - טרה,,,יח`,1,1 ליטר,false,1,7.50,7.50,false,1,
7290114311359,false,קציפת מנגו 3% שומן מולר פרופ 150 גר`,החב` המרכזית - טרה,,,יח`,1.50,"100 מ""ל",false,1,5.30,3.53,false,1,
7290114311458,false,חלב קרטון 3% מועשר ויטמין די 1 ליטר,החב` המרכזית - טרה,,,יח`,1,1 ליטר,false,1,7.10,7.10,false,1,
7290114600927,false,עלי טורטיה חיטה מלאה 320 גר` מאסטר שף,ש.שסטוביץ בעמ,,,יח`,3.20,100 גרם,false,1,11.20,3.50,false,1,
7290114603539,false,קרוטונים למרק שום בצל 350  גר`מאסטר שף,ש.שסטוביץ בעמ,,,יח`,3.50,100 גרם,false,1,19.90,5.69,false,1,
7290114604895,false,ממרח ספייסי לחיץ 446 גר` מאסטר שף,ש.שסטוביץ בעמ,,,יח`,4.46,100 גרם,false,1,15.90,3.57,false,1,
7290114604963,false,מאסטר שף פירורי לחם מתובלים 230 גר,ש.שסטוביץ בעמ,,,יח`,2.30,100 גרם,false,1,7.90,3.43,false,1,
7290114606530,false,רוטב בטעם מיונז וקטשופ 515 גרם מאסטר שף,ש.שסטוביץ בעמ,,,יח`,5.15,100 גרם,false,1,15.90,3.09,false,1,
7290114606547,false,מיונז עם פטריות כמהין 242 גר` מאסטר שף,ש.שסטוביץ בעמ,,,יח`,2.42,100 גרם,false,1,15.90,6.57,false,1,
7290114606561,false,אטריות אורז דקות 400 גר` מנה מאסטר שף,ש.שסטוביץ בעמ,,,יח`,4,100 גרם,false,1,10.90,2.73,false,1,
7290114606592,false,רוטב סויה מאסטר שף מסוריתית פולי סויה,ש.שסטוביץ בעמ,,,יח`,6.20,100 גרם,false,1,12.90,2.08,false,1,
7290114608169,false,פרי גרנולה קפה וקקאו עם אגוזים 300 גר`,ש.שסטוביץ בעמ,,,יח`,3,100 גרם,false,1,14.90,4.97,false,1,
7290114608640,false,קרוטונים לסלט כוסמין 260  גר`מאסטר שף,ש.שסטוביץ בעמ,,,יח`,2.60,100 גרם,false,1,19.90,7.65,false,1,
7290115190014,false,מרלבורו רד חפיסה) (20,פיליפ מוריס בעמ,,,יח`,1,,false,1,38.50,38.50,true,1,
7290115190038,false,מרלבורו רד קצר סופט בודד,פיליפ מוריס בעמ,,,יח`,1,,false,1,35.50,35.50,true,1,
7290115190076,false,מרלבורו גולד 100 חפיסה) (20,פיליפ מוריס בעמ,,,יח`,1,,false,1,38.50,38.50,true,1,
7290115190090,false,מרלבורו גולד חפיסה) (20,פיליפ מוריס בעמ,,,יח`,1,,false,1,38.50,38.50,true,1,
7290115190137,false,מרלבורו גולדפין  טאצ`בודד,פיליפ מוריס בעמ,,,יח`,1,,false,1,33.50,33.50,true,1,
7290115190151,false,מרלבורו גולד  טאצ`בודד,פיליפ מוריס בעמ,,,יח`,1,,false,1,33.50,33.50,true,1,
7290115190199,false,פרלמנט נייט ארוך חפיסה) (20,פיליפ מוריס בעמ,,,יח`,1,,false,1,43.50,43.50,true,1,
7290115190359,false,אל.אמ בלו לייבל קצר חפיסה) (20,פיליפ מוריס בעמ,,,יח`,1,,false,1,33,33,true,1,
7290115190397,false,אל.אמ קצר רד לייבל חפיסה) (20,פיליפ מוריס בעמ,,,יח`,1,,false,1,33,33,true,1,
7290115190519,false,נקסט לייט חפיסה) (20,פיליפ מוריס בעמ,,,יח`,1,,false,1,32,32,true,1,
7290115200003,false,פתי בר פינוקי וניל 200  גר`אסם,קבוצת אסם סחר שות. מוגבלת,,,יח`,2.20,100 גרם,false,1,11.90,5.41,true,1,
7290115200713,false,במבה קלאסי מארז אחיד 5*50  גר`אסם,קבוצת אסם סחר שות. מוגבלת,,,יח`,2.50,100 גרם,false,1,14.90,5.96,true,1,
7290115200881,false,בייגלה שטוחים שומשום במליחות מעודנת אסם,קבוצת אסם סחר שות. מוגבלת,,,יח`,3,100 גרם,false,1,10.10,3.37,true,1,
7290115201680,false,ביסלי חטיף בטעם ברביקין אסם (70 גרם),קבוצת אסם סחר שות. מוגבלת,,,יח`,0.70,100 גרם,false,1,4,5.71,true,1,
7290115201703,false,ביסלי חטיף בטעם ברביקין אסם (200 גרם),קבוצת אסם סחר שות. מוגבלת,,,יח`,2,100 גרם,false,1,9.10,4.55,true,1,
7290115201727,false,ביסלי חטיף בטעם בצל אסם (200 גרם),קבוצת אסם סחר שות. מוגבלת,,,יח`,2,100 גרם,false,1,9.10,4.55,true,1,
7290115201741,false,ביסלי חטיף בטעם בצל אסם (70 גרם),קבוצת אסם סחר שות. מוגבלת,,,יח`,0.70,100 גרם,false,1,4,5.71,true,1,
7290115202236,false,טופו קראנצי`ם 470 גרם טבעול,קבוצת אסם סחר שות. מוגבלת,,,יח`,4.70,100 גרם,false,1,34.60,7.36,true,1,
7290115202434,false,חומוס עם זעתר 375  גר`צבר,קבוצת אסם סחר שות. מוגבלת,,,יח`,3.75,100 גרם,false,1,13.30,3.55,false,1,
7290115202762,false,מיני ניוקי טריקולור 500 גרם פרפקטו אסם,קבוצת אסם סחר שות. מוגבלת,,,יח`,5,100 גרם,false,1,9.90,1.98,false,1,
7290115202816,false,מנה חמה  פאוצ`נודלס אטריות טעם עוף,קבוצת אסם סחר שות. מוגבלת,,,יח`,0.70,100 גרם,false,1,4.50,6.43,false,1,
7290115202939,false,רייס מנה חמה נודלס עוף פטריות 50 גר`,קבוצת אסם סחר שות. מוגבלת,,,יח`,0.50,100 גרם,false,1,8.90,17.80,true,1,
7290115203172,false,במבה פרו 80 גר`,קבוצת אסם סחר שות. מוגבלת,,,יח`,0.80,100 גרם,false,1,4.30,5.38,true,1,
7290115203295,false,פסטה ריציאולי 500 גרם פרפקטו אסם,קבוצת אסם סחר שות. מוגבלת,,,יח`,5,100 גרם,false,1,9.90,1.98,false,1,
7290115203486,false,פירורית טעם ביסלי גריל אסם (200 גרם),קבוצת אסם סחר שות. מוגבלת,,,יח`,2,100 גרם,false,1,7.50,3.75,false,1,
7290115204056,false,קטשופ 56% פחות סוכר 690 גרם אסם,קבוצת אסם סחר שות. מוגבלת,,,יח`,6.90,100 גרם,false,1,12.20,1.77,false,1,
7290115204186,false,צבר פסטו 190 גר`,קבוצת אסם סחר שות. מוגבלת,,,יח`,1.90,100 גרם,false,1,17.90,9.42,true,1,
7290115204957,false,קרקר לחמית איטלקית אסם (190 גרם),קבוצת אסם סחר שות. מוגבלת,,,יח`,1.90,100 גרם,false,1,11.90,6.26,true,1,
7290115205176,false,חטיפי קרקר כפרי 140 גר` פיטנס,קבוצת אסם סחר שות. מוגבלת,,,יח`,1.40,100 גרם,false,1,12.90,9.21,true,1,
7290115205251,false,פיטנס בר פריכיות קרמל מלוח 84 גרם,קבוצת אסם סחר שות. מוגבלת,,,יח`,0.84,100 גרם,false,1,16.30,19.40,true,1,
7290115205312,false,חטיפי קרקר זיתים 140 גר` thin deli פיטנס,קבוצת אסם סחר שות. מוגבלת,,,יח`,1.40,100 גרם,false,1,12.90,9.21,true,1,
7290115205527,false,חטיף מולטיגריין עם עדשים ( 25 גר`) פיטנס,קבוצת אסם סחר שות. מוגבלת,,,יח`,0.25,100 גרם,false,1,5.90,23.60,false,1,
7290115205541,false,חטיף מולטיגריין עם חומוס ( 25 גר`) פיטנס,קבוצת אסם סחר שות. מוגבלת,,,יח`,0.25,100 גרם,false,1,5.90,23.60,false,1,
7290115207507,false,צבר סלט טורקי 360 גר`,קבוצת אסם סחר שות. מוגבלת,,,יח`,3.60,100 גרם,false,1,17.30,4.81,false,1,
7290115207682,false,רוטב סויה בסגנון סיני אסם (290 מל),קבוצת אסם סחר שות. מוגבלת,,,יח`,2.90,"100 מ""ל",false,1,13.20,4.55,true,1,
7290115208009,false,ויטמינצ`יק ענבים 1 ליטר,קבוצת אסם סחר שות. מוגבלת,,,יח`,10,"100 מ""ל",false,1,20.90,2.09,false,1,
7290115208047,false,סירופ פטל ויטמינצ`יק (1 ליטר),קבוצת אסם סחר שות. מוגבלת,,,יח`,10,"100 מ""ל",false,1,20.90,2.09,false,1,
7290115208061,false,ויטמינצ`יק תפוח 1 ליטר,קבוצת אסם סחר שות. מוגבלת,,,יח`,10,"100 מ""ל",false,1,20.90,2.09,false,1,
7290115208344,false,בייגלה כפיות שמנת בצל אסם (300 גרם),קבוצת אסם סחר שות. מוגבלת,,,יח`,3,100 גרם,false,1,10.10,3.37,true,1,
7290115208597,false,קרמוגית מיניס קרמל מלוח 200 גר` אסם,קבוצת אסם סחר שות. מוגבלת,,,יח`,2,100 גרם,false,1,13.20,6.60,false,1,
7290115208801,false,קרקר לחמית דבש ואגוזים אסם (190 גרם),קבוצת אסם סחר שות. מוגבלת,,,יח`,1.90,100 גרם,false,1,12.20,6.42,true,1,
7290115209198,false,במבה אורירית 80 גר` אסם,קבוצת אסם סחר שות. מוגבלת,,,יח`,0.80,100 גרם,false,1,4.40,5.50,true,1,
7290115209235,false,ביסקוויט פתי בר קפה אסם (500 גרם),קבוצת אסם סחר שות. מוגבלת,,,יח`,5,100 גרם,false,1,12.90,2.58,false,1,
7290115403299,false,עוגיות פרפריות 450 גר`,שיבולים יצור ושיווק מוצרי מאפה,,,יח`,4.50,100 גרם,false,1,15.90,3.53,false,1,
7290115403305,false,עוגיות מלוחות קריספי בגט 450 גר`,שיבולים יצור ושיווק מוצרי מאפה,,,יח`,4.50,100 גרם,false,1,15.90,3.53,false,1,
7290115403343,false,עוגיות פסים עלים מסוכרות 450 גר`,שיבולים יצור ושיווק מוצרי מאפה,,,יח`,4.50,100 גרם,false,1,15.90,3.53,false,1,
7290115403381,false,עוגיות פיצפוצים לבן 500 גר`,שיבולים יצור ושיווק מוצרי מאפה,,,יח`,5,100 גרם,false,1,15.90,3.18,false,1,
7290115403404,false,עוגיות פרפריות שוקו 450 גר`,שיבולים יצור ושיווק מוצרי מאפה,,,יח`,4.50,100 גרם,false,1,15.90,3.53,false,1,
7290115403435,false,עוגיות מעמול תמר 500 גר`,שיבולים יצור ושיווק מוצרי מאפה,,,יח`,5,100 גרם,false,1,15.90,3.18,false,1,
7290115403442,false,עוגיות ממולאות טעם שוקולד 500 גר`,שיבולים יצור ושיווק מוצרי מאפה,,,יח`,5,100 גרם,false,1,15.90,3.18,false,1,
7290115403459,false,עוגיות נסיכה בטעם תות 500 גר`,שיבולים יצור ושיווק מוצרי מאפה,,,יח`,5,100 גרם,false,1,15.90,3.18,false,1,
7290115670677,false,אנרג`י גרנולה פירות טרופיים 400 גרם,שטראוס גרופ בעמ,,,יח`,4,100 גרם,false,1,13.90,3.48,false,1,
7290115670691,false,אנרג`י גרנולה פירות יער 400 גר,שטראוס גרופ בעמ,,,יח`,4,100 גרם,false,1,13.90,3.48,false,1,
7290115671339,false,מיני פינוקיות בראוניז בייגל בוטן 180 גר`,שטראוס גרופ בעמ,,,יח`,1.80,100 גרם,false,1,11.90,6.61,false,1,
7290115671353,false,מיני פינוקיות שחור לבן 180 גר`,שטראוס גרופ בעמ,,,יח`,1.80,100 גרם,false,1,11.90,6.61,false,1,
7290115674736,false,מקלות חרדל דבש 170 גר` BREADZ,שטראוס פריטו ליי בעמ,,,יח`,1.70,100 גרם,false,1,14.90,8.76,true,1,
7290115675696,false,קוואקר דגני בוקר קרנצי`ם ואגוזים 375 גרם,שטראוס פריטו ליי בעמ,,,יח`,3.75,100 גרם,false,1,20.90,5.57,true,1,
7290115675702,false,קוואקר דגני בוקר קרנצי`ם ופירות 375 גרם,שטראוס פריטו ליי בעמ,,,יח`,3.75,100 גרם,false,1,20.90,5.57,true,1,
7290115675719,false,קוואקר דגני בוקר קראנצי`ם ושוקולד 375 גר,שטראוס פריטו ליי בעמ,,,יח`,3.75,100 גרם,false,1,20.90,5.57,true,1,
7290115675986,false,דנונה בר עם אגוזים מקורמלים 173 גרם,שטראוס גרופ בעמ/מצונן,,,יח`,1.73,"100 מ""ל",false,1,4.50,2.60,false,1,
7290115676037,false,משקה דנונה ריפרש תות דומדמניות,שטראוס גרופ בעמ/מצונן,,,יח`,2.50,100 גרם,false,1,5.50,2.20,false,1,
7290115676051,false,אקטיביה משקה מתיקות מעודנת+ש. שועל 265מל,שטראוס גרופ בעמ/מצונן,,,יח`,2.65,"100 מ""ל",false,1,4.90,1.85,false,1,
7290115676082,false,משקה דנונה פרו תות,שטראוס גרופ בעמ/מצונן,,,יח`,2.25,100 גרם,false,1,6.90,3.07,false,1,
7290115676099,false,משקה דנונה פרו וניל,שטראוס גרופ בעמ/מצונן,,,יח`,2.25,100 גרם,false,1,6.90,3.07,false,1,
7290115677362,false,דלישס שטראוס נודלס טריאקי,קפוא-זן תעשיות מזון בעמ - תפוג,,,יח`,3.50,100 גרם,false,1,28.90,8.26,true,1,
7290115677966,false,ממרח אבוקדו 200  גר`טעם הטבע,שטראוס גרופ בעמ/מצונן,,,יח`,2,100 גרם,false,1,14.90,7.45,false,1,
7290115678376,false,מעדן הגולן שוקולד 125 גרם,שטראוס גרופ בעמ/מצונן,,,יח`,1,,false,1,2.90,2.90,true,1,
7290115678383,false,מעדן הגולן שוקולד מריר 125 גרם,שטראוס גרופ בעמ/מצונן,,,יח`,1,,false,1,2.90,2.90,true,1,
7290115678598,false,חסה אייסברג חיתוך גס 300 שטראוס טעם הטבע,שטראוס גרופ בעמ/מצונן,,,יח`,3,100 גרם,false,1,9.30,3.10,false,1,
7290116530062,false,הלמנס רוטב לסלט וינגרט 295 גרם,יוניליוור ישראל שיווק בעמ,,,יח`,2.95,"100 מ""ל",false,1,13.90,4.71,true,1,
7290116530871,false,נשנושים מיקס 240 גר`,יוניליוור ישראל שיווק בעמ,,,יח`,2.40,100 גרם,false,1,14.50,6.04,true,1,
7290116531496,false,קינמונים דגנים פריכים מצופים קינמון 375,יוניליוור ישראל שיווק בעמ,,,יח`,3.75,100 גרם,false,1,22.40,5.97,true,1,
7290116531762,false,בדין דפי מרכך למייבש ורוד,יוניליוור ישראל שיווק בעמ,,,יח`,1,,false,1,19.60,19.60,true,1,
7290116531793,false,הלמנס רוטב לסלט קיסר 295 גר`,יוניליוור ישראל שיווק בעמ,,,יח`,2.95,"100 מ""ל",false,1,13.90,4.71,true,1,
7290116531939,false,קרמיסימו גלידונית תות שדה 60 יח`,גלידות שטראוס בעמ,,,יח`,7,100 גרם,false,1,52,7.43,false,1,
7290116532264,false,מאגדת גודי`ז פרי אפרסק,גלידות שטראוס בעמ,,,יח`,3,100 גרם,false,1,32.90,10.97,false,1,
7290116532387,false,אל סבון ידיים חמאת שיאה 950 מל,יוניליוור ישראל שיווק בעמ,,,יח`,9.50,"100 מ""ל",false,1,12.90,1.36,true,1,
7290116532585,false,ברנפלקס קרנצ`ים דבש וקינמון 375 גר`,יוניליוור ישראל שיווק בעמ,,,יח`,3.75,100 גרם,false,1,24.40,6.51,true,1,
7290116532769,false,גרנולה פרוטאין בתוספת חלבון תפוח וקינמון,יוניליוור ישראל שיווק בעמ,,,יח`,3,100 גרם,false,1,15.90,5.30,true,1,
7290116532868,false,שמפו אל דמע בייבי 900 מל פינוק,יוניליוור ישראל שיווק בעמ,,,יח`,9,"100 מ""ל",false,1,20.90,2.32,true,1,
7290116532882,false,נישנושים איירביס טעם בצל 155 גר`,יוניליוור ישראל שיווק בעמ,,,יח`,1.55,100 גרם,false,1,14.50,9.35,false,1,
7290116532899,false,נישנושים איירביס טעם פלאפל 155 גר`,יוניליוור ישראל שיווק בעמ,,,יח`,1.55,100 גרם,false,1,14.50,9.35,false,1,
7290116533063,false,שוגי בטעם קרטיב ענבים 400  גר`תלמה,יוניליוור ישראל שיווק בעמ,,,יח`,4,100 גרם,false,1,23.90,5.98,true,1,
7290116930435,false,יוגורט גו סמיך דובדבן 0% שומן 200 גרם,תנובה - חלב,,,יח`,2,100 גרם,false,1,5.90,2.95,false,1,
7290116930442,false,יופלה שייק בננה מנגו תפוז גזר וצי`ה 230,תנובה - חלב,,,יח`,2.30,"100 מ""ל",false,1,7.90,3.43,false,1,
7290116930480,false,יופלה שייק בננה קיווי תפוח 230 מל,תנובה - חלב,,,יח`,2.30,"100 מ""ל",false,1,7.90,3.43,false,1,
7290116930626,false,ארוחה בקטנה צזיקי עם קרקרים 150 גר`,תנובה - חלב,,,יח`,1.50,100 גרם,false,1,7.90,5.27,false,1,
7290116930701,false,מעדן חלב גו בטעם קרמל מלוח 120 גר`,תנובה - חלב,,,יח`,1.20,100 גרם,false,1,4.90,4.08,false,1,
7290116930718,false,מעדן דיאט בטעם שוקולד קרמל מלוח 0% תנובה,תנובה - חלב,,,יח`,1.50,"100 מ""ל",false,1,4,2.67,false,1,
7290116930725,false,סויה BIO קוקוס גביע 150 גרם Alternative,תנובה - חלב,,,יח`,1.50,100 גרם,false,1,4.50,3,false,1,
7290116931104,false,יוגורט גו סמיך אננס 0% שומן 200 גרם,תנובה - חלב,,,יח`,2,100 גרם,false,1,5.90,2.95,false,1,
7290116931241,false,גבינת קוטג% `12תנובה (250 גרם),תנובה - חלב,,,יח`,2.50,100 גרם,false,1,5.80,2.32,false,1,
7290116931289,false,יוגורט גו סמיךאלפחורס 200 גרם,תנובה - חלב,,,יח`,2,100 גרם,false,1,5.90,2.95,false,1,
7290117260449,false,גבינה בולגרית מעודנת 5% למריחה טבעי 200,ג.וילי-פוד אינטרנשיונל **גבינו,,,יח`,2,100 גרם,false,1,10.90,5.45,false,1,
7290117260456,false,גבינה בולגרית מעודנת 5% למריחה זיתים 200,ג.וילי-פוד אינטרנשיונל **גבינו,,,יח`,2,100 גרם,false,1,10.90,5.45,false,1,
7290117260463,false,גבינה בולגרית מעודנת 5% למריחה זיתים 200,ג.וילי-פוד אינטרנשיונל **גבינו,,,יח`,2,100 גרם,false,1,10.90,5.45,false,1,
7290117260470,false,גבינה בולגרית מעודנת 5% למריחה שום 200 ג,ג.וילי-פוד אינטרנשיונל **גבינו,,,יח`,2,100 גרם,false,1,10.90,5.45,false,1,
7290117260562,false,חמאה בגביע יורו 225 גר`,ג.וילי-פוד אינטרנשיונל **גבינו,,,יח`,2.50,100 גרם,false,1,17.90,7.16,false,1,
7290117260685,false,תן בו מיקס בציפויים שונים 230 גר`,ג.וילי-פוד אינטרנשיונל בעמ,,,יח`,2.30,100 גרם,false,1,20.90,9.09,true,1,
7290117260814,false,תן בו בציפוי שוקולד מריר ושבבי קוקוס 300,ג.וילי-פוד אינטרנשיונל בעמ,,,יח`,3,100 גרם,false,1,20.90,6.97,true,1,
7290117260821,false,גבינת כבשים צ`אנק עם פטריות כמהין 150 גר,ג.וילי-פוד אינטרנשיונל **גבינו,,,יח`,1.50,100 גרם,false,1,25.90,17.27,false,1,
7290117260890,false,פופקורן בטעם קוקוס 90 גר`,ג.וילי-פוד אינטרנשיונל בעמ,,,יח`,0.90,100 גרם,false,1,6.90,7.67,true,1,
7290117261040,false,זיתים שחורים מרינד 454 גר`,ג.וילי-פוד אינטרנשיונל בעמ,,,יח`,4.54,100 גרם,false,1,16.30,3.59,false,1,
7290117261347,false,תן בו בציפוי שוקולד לבן ופתיתי קוקוס כחו,ג.וילי-פוד אינטרנשיונל בעמ,,,יח`,3,100 גרם,false,1,20.90,6.97,false,1,
7290117261378,false,גבינת קשקבל לייט 250  גר`8% שומן,ג.וילי-פוד אינטרנשיונל **גבינו,,,יח`,2.50,100 גרם,false,1,15.90,6.36,true,1,
7290117261392,false,גבינת מסקרפונה 200  גר`35% שומן,ג.וילי-פוד אינטרנשיונל **גבינו,,,יח`,2,100 גרם,false,1,15.90,7.95,true,1,
7290117261705,false,חמאת עיזים 200 גר`,ג.וילי-פוד אינטרנשיונל **גבינו,,,יח`,2,100 גרם,false,1,13.90,6.95,false,1,
7290117261989,false,גבינת מנורי רכה מחלב צאן 43% שומן 170 גר,ג.וילי-פוד אינטרנשיונל **גבינו,,,יח`,1.70,100 גרם,false,1,16.90,9.94,false,1,
7290117262221,false,משקה יוגורט פרוביוטי עם אננס 200 מל 2.3,ג.וילי-פוד אינטרנשיונל **גבינו,,,יח`,2,"100 מ""ל",false,1,4.90,2.45,true,1,
7290117262290,false,פרלינים אגוזים במילוי פצפוצי דגנים מצופי,ג.וילי-פוד אינטרנשיונל בעמ,,,יח`,1,,false,1,4.90,4.90,true,1,
7290117262306,false,קורנפלקס מצופה שוקולד 50 גר`,ג.וילי-פוד אינטרנשיונל בעמ,,,יח`,1,,false,1,4.90,4.90,true,1,
7290117262313,false,פצפוצי דגנים פריכים מצופים שוקולד 50 גר`,ג.וילי-פוד אינטרנשיונל בעמ,,,יח`,1,,false,1,4.90,4.90,true,1,
7290117262320,false,ביסקוויט מצופה שוקולד 50 גר`,ג.וילי-פוד אינטרנשיונל בעמ,,,יח`,1,,false,1,4.90,4.90,true,1,
7290117263020,false,משקה יוגורט פרוביוטי פירות יער 200 מל,ג.וילי-פוד אינטרנשיונל **גבינו,,,יח`,2,"100 מ""ל",false,1,4.90,2.45,false,1,
7290117263037,false,מאפה דונאטס ציפוי טעם שוקולד,ג.וילי-פוד אינטרנשיונל **גבינו,,,יח`,1,,false,1,5.90,5.90,false,1,
7290117263044,false,מאפה דונאטס ציפוי שוקולדופסי וניל,ג.וילי-פוד אינטרנשיונל **גבינו,,,יח`,1,,false,1,5.90,5.90,false,1,
7290117263051,false,מאפה דונאטס במילוי קרם קרמל,ג.וילי-פוד אינטרנשיונל **גבינו,,,יח`,1,,false,1,6.90,6.90,false,1,
7290117263068,false,מאפה דונאטס ציפוי טעם קרמל,ג.וילי-פוד אינטרנשיונל **גבינו,,,יח`,1,,false,1,5.90,5.90,false,1,
7290117263075,false,מאפה דונאטס במילוי קרם אגוזים וציפוי שוק,ג.וילי-פוד אינטרנשיונל **גבינו,,,יח`,1,,false,1,6.90,6.90,false,1,
7290117263082,false,מאפה דונאטס 45 גר`,ג.וילי-פוד אינטרנשיונל **גבינו,,,יח`,0.45,100 גרם,false,1,5.90,13.11,false,1,
7290117263112,false,מאפה דונאטס ציפוי סוכריות טעם מסטיק,ג.וילי-פוד אינטרנשיונל **גבינו,,,יח`,0.45,100 גרם,false,1,5.90,13.11,false,1,
7290117263129,false,מאפה דונאטס במילוי מנגו וציפוי שבבי תפוז,ג.וילי-פוד אינטרנשיונל **גבינו,,,יח`,1,,false,1,6.90,6.90,false,1,
7290117860038,false,הוואי תחליב רחצה יוגורט בניחוח אוכמניות,הנקל סוד בעמ,,,יח`,7,"100 מ""ל",false,1,14.90,2.13,false,1,
7290117860045,false,הוואי שמפו מטפח לשיער רגיל 700 מל,הנקל סוד בעמ,,,יח`,7,"100 מ""ל",false,1,14.90,2.13,true,1,
7290117860083,false,הוואי קרם רחצה בניחוח אירוס זהוב ודבש 70,הנקל סוד בעמ,,,יח`,7,"100 מ""ל",false,1,14.90,2.13,false,1,
7290117860090,false,הוואי מרכך מטפח לשיער רגיל 700 מל,הנקל סוד בעמ,,,יח`,7,"100 מ""ל",false,1,14.90,2.13,true,1,
7290117860137,false,הוואי קרם רחצה בניחוח פרח הקמליה 700 מל,הנקל סוד בעמ,,,יח`,7,"100 מ""ל",false,1,14.90,2.13,false,1,
7290117860144,false,הוואי שמפו למניעת קשקשים 700 מל,הנקל סוד בעמ,,,יח`,7,"100 מ""ל",false,1,14.90,2.13,true,1,
7290117860182,false,הוואי תחליב רחצה בניחוחמגנוליה ושמן שקדי,הנקל סוד בעמ,,,יח`,7,"100 מ""ל",false,1,14.90,2.13,false,1,
7290117860199,false,הוואי שמפו מעניק לחות לשיער יבש 700 מל,הנקל סוד בעמ,,,יח`,7,"100 מ""ל",false,1,14.90,2.13,true,1,
7290117860236,false,הוואי קרם רחצה בניחוח ויולה ורודה 700 מ,הנקל סוד בעמ,,,יח`,7,"100 מ""ל",false,1,14.90,2.13,false,1,
7290117860243,false,הוואי מרכך מעניק לחות לשיער יבש 700 מל,הנקל סוד בעמ,,,יח`,7,"100 מ""ל",false,1,14.90,2.13,true,1,
7290117860281,false,הוואי ג`ל רחצה לגבר בניחוח עוצמתי 700 מ,הנקל סוד בעמ,,,יח`,7,"100 מ""ל",false,1,14.90,2.13,false,1,
7290117860298,false,הוואי שמפו קרטין מחזק 700 מל,הנקל סוד בעמ,,,יח`,7,"100 מ""ל",false,1,14.90,2.13,true,1,
7290117860335,false,הוואי ג`ל רחצה לגבר בניחוח מעורר 700 מל,הנקל סוד בעמ,,,יח`,7,"100 מ""ל",false,1,14.90,2.13,false,1,
7290117860342,false,הוואי מרכך קרטין מחזק 700 מל,הנקל סוד בעמ,,,יח`,7,"100 מ""ל",false,1,14.90,2.13,true,1,
7290117860380,false,הוואי תחליב רחצה יוגורט בניחוח אלוורה 70,הנקל סוד בעמ,,,יח`,7,"100 מ""ל",false,1,14.90,2.13,false,1,
7290117860397,false,הוואי שמפו פריחת הדובדבן 700 מל,הנקל סוד בעמ,,,יח`,7,"100 מ""ל",false,1,14.90,2.13,true,1,
7290117860441,false,הוואי מרכך פריחת הדובדבן 700 מל,הנקל סוד בעמ,,,יח`,7,"100 מ""ל",false,1,14.90,2.13,true,1,
7290117860496,false,הוואי  שמפו+ מרכך 2ב1 700 מל,הנקל סוד בעמ,,,יח`,7,"100 מ""ל",false,1,14.90,2.13,true,1,
7290117860540,false,הוואי שמפו עדין לילדים 700 מל,הנקל סוד בעמ,,,יח`,7,"100 מ""ל",false,1,14.90,2.13,true,1,
7290117860595,false,הוואי מרכך מתיר קשרים לילדים 700 מל,הנקל סוד בעמ,,,יח`,7,"100 מ""ל",false,1,14.90,2.13,true,1,
7290117860649,false,הוואי שמפו ללא סולפטים 700 מל,הנקל סוד בעמ,,,יח`,7,"100 מ""ל",false,1,14.90,2.13,true,1,
7290117860694,false,הוואי מרכך ללא סולפטים 700 מל,הנקל סוד בעמ,,,יח`,7,"100 מ""ל",false,1,14.90,2.13,true,1,
7290117860748,false,הוואי שמפו מעניק נפח 700 מל,הנקל סוד בעמ,,,יח`,7,"100 מ""ל",false,1,14.90,2.13,true,1,
7290117860793,false,הוואי מרכך מעניק נפח 700 מל,הנקל סוד בעמ,,,יח`,7,"100 מ""ל",false,1,14.90,2.13,true,1,
7290117860847,false,הוואי שמפו 4ב1 לגבר רעננות קרירה 700 מל,הנקל סוד בעמ,,,יח`,7,"100 מ""ל",false,1,14.90,2.13,true,1,
7290117860892,false,הוואיתחליב רחצה יוגורט ניחוח וניל ודבש 7,הנקל סוד בעמ,,,יח`,7,"100 מ""ל",false,1,14.90,2.13,false,1,
7290117860946,false,הוואי תחליב רחצה יוגורט ניחוח קוקוס 700,הנקל סוד בעמ,,,יח`,7,"100 מ""ל",false,1,14.90,2.13,false,1,
7290117860991,false,הוואי תחליב רחצה יוגורט בניחוח שקדים 700,הנקל סוד בעמ,,,יח`,7,"100 מ""ל",false,1,14.90,2.13,false,1,
7290119041367,false,עוגיות סהרונים מצופות-אדל,שיבולים יצור ושיווק מוצרי מאפה,,,יח`,3.50,100 גרם,false,1,15.90,4.54,false,1,
7290119041411,false,עוגיות נסיכה טעם תות מצופות-אדל,שיבולים יצור ושיווק מוצרי מאפה,,,יח`,3.50,100 גרם,false,1,15.90,4.54,false,1,
7290119041466,false,עוגיות בסגנון מרוקאי עגולות  מצופות- אדל,שיבולים יצור ושיווק מוצרי מאפה,,,יח`,3.50,100 גרם,false,1,15.90,4.54,false,1,
7290119041510,false,עוגיות בסגנון מרוקאי עבות  מצופות- אדל,שיבולים יצור ושיווק מוצרי מאפה,,,יח`,3.50,100 גרם,false,1,15.90,4.54,false,1,
7290119041565,false,עוגיות פיצפוצי שוקו  מצופות- אדל,שיבולים יצור ושיווק מוצרי מאפה,,,יח`,3.50,100 גרם,false,1,15.90,4.54,false,1,
7290119041619,false,עוגיות פסים עלים מסוכרות  מצופות- אדל,שיבולים יצור ושיווק מוצרי מאפה,,,יח`,3.50,100 גרם,false,1,15.90,4.54,false,1,
7290119041664,false,עוגיות רשת שוקו מסוכרות  מצופות- אדל,שיבולים יצור ושיווק מוצרי מאפה,,,יח`,3.50,100 גרם,false,1,15.90,4.54,false,1,
7290119041718,false,עוגיות קוואקר ופצפוצי שוקו  מצופות- אדל,שיבולים יצור ושיווק מוצרי מאפה,,,יח`,3.50,100 גרם,false,1,15.90,4.54,false,1,
7290900010367,false,טורטיה 360 גר AVEL,אבאל יזמות בעמ,,,יח`,3.60,100 גרם,false,1,9.90,2.75,true,1,
7394376616778,false,משקה שיבולת שועל להקפצה בריסטה 1 ליטר או,ש.שסטוביץ בעמ,,,יח`,1,1 ליטר,false,1,16.90,16.90,true,1,
7394376620294,false,אוטלי משקה שיבולת שועל וניל 1 ליטר,ש.שסטוביץ בעמ,,,יח`,10,"100 מ""ל",false,1,16.90,1.69,false,1,
7501013122114,false,נקטר אננס קרטונית ליטר גומקס,טמפו משקאות בעמ,,,יח`,1,1 ליטר,false,1,10.60,10.60,false,1,
7501013122992,false,משקה קוקוס אננס קרטונית ליטר גו`מקס,טמפו משקאות בעמ,,,יח`,1,1 ליטר,false,1,10.60,10.60,false,1,
7501013138184,false,משקה חמוציות קרטונית ליטר יוניקו פרסקו,טמפו משקאות בעמ,,,יח`,1,1 ליטר,false,1,12.60,12.60,false,1,
7501064191398,false,בירה קורונה 355 מל בקבוק שישייה,תימקו בירה בעמ,,,יח`,2.13,1 ליטר,false,1,35.90,16.01,true,1,
7610100034084,false,מיונז טומי שפורפרת 265 גר,ליימן שליסל בעמ,,,יח`,2.65,100 גרם,false,1,14.20,5.36,false,1,
7610400014632,false,לינדור לבן לינדט (100 גרם),משה סידס ובנו בעמ,,,יח`,1,100 גרם,false,1,16.60,16.60,true,1,
7610400014649,false,לינדט לינדור טבלאה קוביות במילוי קרם שוק,משה סידס ובנו בעמ,,,יח`,1,100 גרם,false,1,16.60,16.60,true,1,
7613030979647,false,טריקס נסטלה (480 גרם),קבוצת אסם סחר שות. מוגבלת,,,יח`,4.80,100 גרם,false,1,22.90,4.77,true,1,
7613032045753,false,פיטנס שוקולד נסטלה (375 גרם),קבוצת אסם סחר שות. מוגבלת,,,יח`,3.75,100 גרם,false,1,20.30,5.41,true,1,
7613033548192,false,פיטנס שוקולד מריר נסטלה (375 גרם),קבוצת אסם סחר שות. מוגבלת,,,יח`,3.75,100 גרם,false,1,20.30,5.41,true,1,
7613035548374,false,דגני בוקר גולדן מיניס נסטלה (570 גרם),קבוצת אסם סחר שות. מוגבלת,,,יח`,5.70,100 גרם,false,1,22.90,4.02,true,1,
7613035807778,false,רוטב עגבניות לבולנז פרפקטו,קבוצת אסם סחר שות. מוגבלת,,,יח`,4,100 גרם,false,1,11.20,2.80,true,1,
7613035809109,false,רוטב עגבניות ובזיליקום פרפקטו,קבוצת אסם סחר שות. מוגבלת,,,יח`,4,100 גרם,false,1,11.20,2.80,true,1,
7613035809123,false,רוטב עגבניות עם פלפלים פרפקטו,קבוצת אסם סחר שות. מוגבלת,,,יח`,4,100 גרם,false,1,11.20,2.80,true,1,
7613035809857,false,רוטב עגבניות לפסטה פרפקטו,קבוצת אסם סחר שות. מוגבלת,,,יח`,4,100 גרם,false,1,11.20,2.80,true,1,
7613036314114,false,נס קפה גולד 200 גר`,קבוצת אסם סחר שות. מוגבלת,,,יח`,2,100 גרם,false,1,46.90,23.45,false,1,
7613036520492,false,רוטב עגבניות לפיצה 400  גר`פרפקטו,קבוצת אסם סחר שות. מוגבלת,,,יח`,4,100 גרם,false,1,11.20,2.80,true,1,
7613036737623,false,קראנץ` מקס 410 דגני בוקר,קבוצת אסם סחר שות. מוגבלת,,,יח`,4.10,100 גרם,false,1,22.90,5.59,true,1,
7613036976657,false,פאוץ פריסקיז הודו 85 גר`,שחורי אריה ואנסטסיה,,,יח`,0.85,100 גרם,false,1,5.90,6.94,false,1,
7613036976718,false,פאוץ פריסקיז ברווז 85 גר,שחורי אריה ואנסטסיה,,,יח`,1,,false,1,5.90,5.90,false,1,
7613037012095,false,פיטנס גרנולה שוקולד קינואה ושקדים נסטלה,קבוצת אסם סחר שות. מוגבלת,,,יח`,3,100 גרם,false,1,17.50,5.83,false,1,
7613037204797,false,סטארבקס פולי קפה בלונד אספרסו 450גר,קבוצת אסם סחר שות. מוגבלת,,,יח`,4.50,100 גרם,false,1,50.90,11.31,false,1,
7613037686906,false,פיטנס שקדים ודבש (355 גרם) נסטלה,קבוצת אסם סחר שות. מוגבלת,,,יח`,3.55,100 גרם,false,1,20.30,5.72,true,1,
7613037811629,false,קורנפלקס 500  גר`ללא גלוטן גו פרי,קבוצת אסם סחר שות. מוגבלת,,,יח`,5,100 גרם,false,1,16.30,3.26,false,1,
7613039770450,false,סנסשיונל בורגר 226 גר` טבעול,קבוצת אסם סחר שות. מוגבלת,,,יח`,2.26,100 גרם,false,1,29.90,13.23,true,1,
7613039879382,false,מחית תפוח עץ 190 גר` גרבר כשר לפסח,קבוצת אסם סחר שות. מוגבלת,,,יח`,1.90,100 גרם,false,1,8.10,4.26,false,1,
7613039881521,false,גרבר מחית מנגו 190 גר`,קבוצת אסם סחר שות. מוגבלת,,,יח`,1.90,100 גרם,false,1,8.10,4.26,false,1,
7613287186928,false,קפסולות קפה סומטרה (10  יח)סטארבקס (56 ג,קבוצת אסם סחר שות. מוגבלת,,,יח`,0.56,100 גרם,false,1,21.90,39.11,true,1,
7613287325822,false,מטבל מיקס 295 גר אסם,קבוצת אסם סחר שות. מוגבלת,,,יח`,2.95,100 גרם,false,1,15.90,5.39,true,1,
7613287821348,false,נתחי סויה SENSATIONAL,קבוצת אסם סחר שות. מוגבלת,,,יח`,3.50,100 גרם,false,1,34.60,9.89,true,1,
7622010001858,false,אוראו וניל 176 גר`,דיפלומט היינץ,,,יח`,1.76,100 גרם,false,1,10.10,5.74,true,1,
7622201050757,false,שוקולד חלב עם קרמל מילקה (100 גרם),דיפלומט היינץ,,,יח`,1,100 גרם,false,1,6.50,6.50,true,1,
7622201139278,false,גבינת פילדלפיה שמנת 150 גר` (27% שומן),נטו מלינדה סחר בעמ,,,יח`,1.50,100 גרם,false,1,14.90,9.93,true,1,
7622201401900,false,עוגיות מילקה סנביישן אוראו 156 גר`,דיפלומט היינץ,,,יח`,1.56,100 גרם,false,1,13.90,8.91,true,1,
7622201521493,false,גבינת פילדלפיה שום ועשבי תיבול 150 גר` (,נטו מלינדה סחר בעמ,,,יח`,1.50,100 גרם,false,1,14.90,9.93,true,1,
7622201798154,false,פילדלפיה לייט 150 גר`,נטו מלינדה סחר בעמ,,,יח`,1.50,100 גרם,false,1,14.90,9.93,true,1,
7622201802363,false,מילקה-שוק` חלבי עם צימוקים ואגוזים 100,דיפלומט היינץ,,,יח`,1,100 גרם,false,1,6.50,6.50,true,1,
7622201802394,false,שוקולד חלב מילקה (100 גרם),דיפלומט היינץ,,,יח`,1,100 גרם,false,1,6.50,6.50,true,1,
7622201808631,false,אוראו מיני כוסות בטעם וניל 67 גר`,דיפלומט היינץ,,,יח`,0.67,100 גרם,false,1,7.90,11.79,false,1,
7622201809188,false,מילקה ביסקויט מצופה שוקולד 150 גר`,דיפלומט היינץ,,,יח`,1.50,100 גרם,false,1,13.50,9,true,1,
7622201813390,false,וופל במילוי קרם קקאו מילקה (150 גרם),דיפלומט היינץ,,,יח`,1.50,100 גרם,false,1,15.20,10.13,true,1,
7622201819408,false,שוקולד דארק קרמל 85  גר`מילקה,דיפלומט היינץ,,,יח`,0.85,100 גרם,false,1,8.90,10.47,true,1,
7622201823733,false,עוגיות מילקה ת`ניס דקות 151 גר`,דיפלומט היינץ,,,יח`,1.51,100 גרם,false,1,13.50,8.94,false,1,
7622210163899,false,שוקולד חלב עם עדשים 100  גר`מילקה,דיפלומט היינץ,,,יח`,1,100 גרם,false,1,6.50,6.50,true,1,
7622210453327,false,מילקה סנסייטן 156 גר`,דיפלומט היינץ,,,יח`,1.56,100 גרם,false,1,13.50,8.65,true,1,
7622210664150,false,עוגיות אוראו וניל 396 גר`,דיפלומט היינץ,,,יח`,3.96,100 גרם,false,1,16.90,4.27,false,1,
7622210826053,false,שוקולד מילקה אוראו סנדביץ 92 גר`,דיפלומט היינץ,,,יח`,0.92,100 גרם,false,1,6.50,7.07,true,1,
7622210835338,false,אוראו בראוניז 176 גר`,דיפלומט היינץ,,,יח`,1.76,100 גרם,false,1,10.10,5.74,true,1,
7622300315283,false,אוראו וניל 154 גר`בדצ,דיפלומט היינץ,,,יח`,1.54,100 גרם,false,1,8.90,5.78,false,1,
7622300489427,false,אוראו פאדג שוקולד לבן 246גר,דיפלומט היינץ,,,יח`,2.46,100 גרם,false,1,20.30,8.25,true,1,
7622300495046,false,שוקולד עם אקסטרה קקאו מילקה (100 גרם),דיפלומט היינץ,,,יח`,1,100 גרם,false,1,6.50,6.50,true,1,
7622300503079,false,ביסקוויט מצופה שוקולד מילקה (200 גרם),דיפלומט היינץ,,,יח`,2,100 גרם,false,1,13.50,6.75,true,1,
7622300617820,false,שוקולד אוראו מילקה (100 גרם),דיפלומט היינץ,,,יח`,1,100 גרם,false,1,6.50,6.50,true,1,
7622300761363,false,עוג מיני אוראו קרם שוקולד 67 גרם,דיפלומט היינץ,,,יח`,0.67,100 גרם,false,1,7.90,11.79,true,1,
7622400005190,false,שוקולד חלב ולבן מילקה (100 גרם),דיפלומט היינץ,,,יח`,1,100 גרם,false,1,6.50,6.50,true,1,
7630477891592,false,קפסולות קפה האוס בלנד (10  יח) סטארבקס(,קבוצת אסם סחר שות. מוגבלת,,,יח`,0.57,100 גרם,false,1,21.90,38.42,true,1,
7630477891691,false,קפסולות קפה קולומביה (10  יח) סטארבקס( 5,קבוצת אסם סחר שות. מוגבלת,,,יח`,0.57,100 גרם,false,1,21.90,38.42,true,1,
7702018482740,false,וונוס סכיני גילוח חדפ חמישייה יבוא מקבי,פארמה דיל (פ.א.ב.) שיווק והפצה,,,יח`,1,,false,1,9.90,9.90,false,1,
7702018978106,false,דאודורנט קליר ג`ל 70  גר`AI,פארמה דיל (פ.א.ב.) שיווק והפצה,,,יח`,0.70,"100 מ""ל",false,1,15.90,22.71,false,1,
7702018980864,false,קצף גילוח סירייס רגיש 250,דיפלומט מפיצים (1968) בעמ,,,יח`,2.50,"100 מ""ל",false,1,22.70,9.08,false,1,
7702024074625,false,חטיפי קרקר חיטה מלאה 234  גר`פיטנס,קבוצת אסם סחר שות. מוגבלת,,,יח`,2.34,100 גרם,false,1,12.90,5.51,false,1,
7702024258322,false,חטיפי קרקר צ`יה ופשתן 234  גר`פיטנס,קבוצת אסם סחר שות. מוגבלת,,,יח`,2.34,100 גרם,false,1,12.90,5.51,false,1,
7702174068826,false,לקקן יוגטה12 יח`,ליימן שליסל בעמ,,,יח`,2.16,100 גרם,false,1,11.90,5.51,false,1,
7702174073844,false,לקקן PIN POP פירות 48 יח`,ליימן שליסל בעמ,,,יח`,1,,false,1,21.40,21.40,false,1,
7792860006218,false,סוכריות לקקן בייבי דול לריטייר (24 גרם),משה סידס ובנו בעמ,,,יח`,0.24,100 גרם,false,1,3,12.50,true,1,
7798304600011,false,אוכמניות-טרי 125 גר,בראשית - אגודה שיתופית*שיק 45,,,יח`,1.25,100 גרם,false,1,15,12,false,1,
7804414012344,false,יין סוביניון בלאן 750 מל דון חוליו,הכרם - משקאות חריפים בעמ,,,יח`,7.50,"100 מ""ל",false,1,31.50,4.16,true,1,
7804414012368,false,יין רוזה 750 מל דון חוליו,הכרם - משקאות חריפים בעמ,,,יח`,7.50,"100 מ""ל",false,1,31.50,4.16,true,1,
7804632390255,false,אוכמניות טרי 125 גר,בראשית - אגודה שיתופית*שיק 45,,,יח`,1.25,100 גרם,false,1,15,12,false,1,
7804651030026,false,אוכמניות-טרי 125 גר,איגל טרייטדינג שיווק חקלאי בעמ,,,יח`,1.25,100 גרם,false,1,15,12,false,1,
7891024124826,false,משחת שיניים אופטיק וייט קולגייט (75 מל),ש.שסטוביץ בעמ,,,יח`,1.03,100 גרם,false,1,20.90,20.29,false,1,
8000113003402,false,קמח תירס ואקום 1 קג,גורי מוצרי צריכה (1991) בעמ,,,יח`,1,100 גרם,false,1,17.50,17.50,false,1,
8000380004669,false,וופל  סנדוויץ`בטעם קקאו לואקר (200 גרם),ליימן שליסל בעמ,,,יח`,2,100 גרם,false,1,15.20,7.60,true,1,
8000380004676,false,וופל  סנדוויץ`בטעם וניל לואקר (200 גרם),ליימן שליסל בעמ,,,יח`,2,100 גרם,false,1,15.20,7.60,true,1,
8000380004911,false,קוארדטיני 250  גר`אגוז,ליימן שליסל בעמ,,,יח`,2.50,100 גרם,false,1,16.30,6.52,true,1,
8000380004966,false,קוארדטיני 250  גר`קקאו,ליימן שליסל בעמ,,,יח`,2.50,100 גרם,false,1,16.30,6.52,true,1,
8000380005598,false,טורטינה שישיה מריר 125 גר,ליימן שליסל בעמ,,,יח`,1.25,100 גרם,false,1,18.90,15.12,false,1,
8000380007219,false,וופל בטעם אגוזים לואקר (175 גרם),ליימן שליסל בעמ,,,יח`,1.75,100 גרם,false,1,11.90,6.80,false,1,
8000380007257,false,וופל לואקר גרדנה 200 גר`,ליימן שליסל בעמ,,,יח`,2,100 גרם,false,1,16.60,8.30,true,1,
8000380007264,false,וופל קקאו לואקר (175 גרם),ליימן שליסל בעמ,,,יח`,1.75,100 גרם,false,1,11.90,6.80,false,1,
8000380007271,false,וופל במילוי קרם חלב לואקר (175 גרם),ליימן שליסל בעמ,,,יח`,1.75,100 גרם,false,1,11.90,6.80,false,1,
8000380106028,false,טורטינה שישיה אורגינל לואקר 125 גר,ליימן שליסל בעמ,,,יח`,1.25,100 גרם,false,1,18.90,15.12,false,1,
8000380156825,false,טבלת שוקולד חלב לואקר (87 גרם),ליימן שליסל בעמ,,,יח`,1,,false,1,8.90,8.90,false,1,
8000380156849,false,טבלת שוקולד מריר לואקר (87 גרם),ליימן שליסל בעמ,,,יח`,1,,false,1,8.90,8.90,false,1,
8000380157440,false,טבלת שוקולד קרם אגוזים לואקר (85 גרם),ליימן שליסל בעמ,,,יח`,0.85,100 גרם,false,1,9.10,10.71,false,1,
8000380180721,false,לואקר קלאסי שוקו חלב 175קג,ליימן שליסל בעמ,,,יח`,1.75,100 גרם,false,1,11.90,6.80,false,1,
8000380180745,false,קוארדטיני 250  גר` שוקו-חלב,ליימן שליסל בעמ,,,יח`,2.50,100 גרם,false,1,16.30,6.52,false,1,
8000380192151,false,טורטינה שישיה טריפל שוקולד מריר 125 גר`,ליימן שליסל בעמ,,,יח`,1.25,100 גרם,false,1,18.90,15.12,false,1,
8000380201396,false,טורטינה קרמל עשיר 126 גר`,ליימן שליסל בעמ,,,יח`,1.26,100 גרם,false,1,18.90,15,false,1,
8000380205400,false,קוארדטיני 250  גר`חמאת בוטנים,ליימן שליסל בעמ,,,יח`,2.50,100 גרם,false,1,16.30,6.52,false,1,
8000380207183,false,טורטינה שישיה חמאת בוטנים לואקר 126 גר`,ליימן שליסל בעמ,,,יח`,1.26,100 גרם,false,1,18.90,15,false,1,
8000500023624,false,חטיף הפי היפו קינדר (5  יח`- 103.5 גרם),פרימיום-חברה לדברי מתיקה ולמסח,,,יח`,0.90,100 גרם,false,1,12.50,13.89,false,1,
8000500023976,false,בונבוניירת רפאלו פררו (150 גרם),פרימיום-חברה לדברי מתיקה ולמסח,,,יח`,1.50,100 גרם,false,1,16.90,11.27,false,1,
8000500026731,false,ביצת הפתעה קינדר (20x3 גרם),פרימיום-חברה לדברי מתיקה ולמסח,,,יח`,0.60,100 גרם,false,1,15.90,26.50,true,1,
8000500028124,false,קינדר ג`וי מארז שלישייה,פרימיום-חברה לדברי מתיקה ולמסח,,,יח`,0.60,100 גרם,false,1,15.90,26.50,false,1,
8000500029350,false,קינדר בואנו וופל שלישייה (43x3 גרם),פרימיום-חברה לדברי מתיקה ולמסח,,,יח`,1.29,100 גרם,false,1,10.90,8.45,true,1,
8000500037874,false,רושר בוני 200 גר`,פרימיום-חברה לדברי מתיקה ולמסח,,,יח`,2,100 גרם,false,1,25.90,12.95,false,1,
8000500071083,false,אצבעות שוקולד קינדר (16  יח`- 200 גרם),פרימיום-חברה לדברי מתיקה ולמסח,,,יח`,2,100 גרם,false,1,11.90,5.95,false,1,
8000500075708,false,קינדר ג`וי  שלשות- כחול,פרימיום-חברה לדברי מתיקה ולמסח,,,יח`,0.60,100 גרם,false,1,15.90,26.50,false,1,
8000500121436,false,קינדר בואנו וופל לבן שלישייה (39x3גרם),פרימיום-חברה לדברי מתיקה ולמסח,,,יח`,1.17,100 גרם,false,1,10.90,9.32,true,1,
8000500126325,false,קינדר ג`וי  שלשות- ורוד,פרימיום-חברה לדברי מתיקה ולמסח,,,יח`,0.60,100 גרם,false,1,15.90,26.50,false,1,
8000500167656,false,קינדר שוקולד עם דגנים,פרימיום-חברה לדברי מתיקה ולמסח,,,יח`,1,,false,1,8.50,8.50,false,1,
8000500224281,false,וופל מלוח במילוי ממרח אגוזי לוז,פרימיום-חברה לדברי מתיקה ולמסח,,,יח`,1,,false,1,3.90,3.90,false,1,
8000500227848,false,נוטלה 132  גר`B ready,פרימיום-חברה לדברי מתיקה ולמסח,,,יח`,1.32,100 גרם,false,1,12.90,9.77,false,1,
8000500249352,false,קינדר בואנו מיני מיקס,פרימיום-חברה לדברי מתיקה ולמסח,,,יח`,0,100 גרם,false,1,19.90,19.90,false,1,
8000500256213,false,קינדר שוקולד מיני 120 גר`,פרימיום-חברה לדברי מתיקה ולמסח,,,יח`,1.20,100 גרם,false,1,9.90,8.25,false,1,
8000500267103,false,10 עוגות אישית בעטיפה אישית 39  גר`קינדר,פרימיום-חברה לדברי מתיקה ולמסח,,,יח`,3.90,100 גרם,false,1,20.90,5.36,true,1,
8000500269169,false,קינדר קארדס 5  יח`128 גר`,פרימיום-חברה לדברי מתיקה ולמסח,,,יח`,1.28,100 גרם,false,1,14.90,11.64,false,1,
8000500310397,false,נוטלה ביסקוויט T12,פרימיום-חברה לדברי מתיקה ולמסח,,,יח`,1.66,100 גרם,false,1,15.90,9.58,false,1,
8000500366073,false,נוטלה ביסקוויט T20,פרימיום-חברה לדברי מתיקה ולמסח,,,יח`,2.76,100 גרם,false,1,20.90,7.57,false,1,
8000500386941,false,נוטלה ממרח קקאו עם אגוזי לוז 900 גר`,פרימיום-חברה לדברי מתיקה ולמסח,,,יח`,9,100 גרם,false,1,32.90,3.66,true,1,
8000798000307,false,מברשת מגהץ,מ.א.ייצור ויבוא מטליות בעמ,,,יח`,1,יח`,false,1,6.40,6.40,false,1,
8000798000925,false,מטאטא יהלום גב כסף,מ.א.ייצור ויבוא מטליות בעמ,,,יח`,1,יח`,false,1,22.70,22.70,false,1,
8001003100218,false,יוגטה גומי 800  גר`ג`לי,ליימן שליסל בעמ,,,יח`,8,100 גרם,false,1,21.40,2.68,false,1,
8001090016003,false,טבליות למדיח קלאסי הכל באחד פיירי,דיפלומט מפיצים (1968) בעמ,,,יח`,1,,false,1,44.90,44.90,false,1,
8001090184412,false,פיירי אורגינל לימון 900 מל,דיפלומט מפיצים (1968) בעמ,,,יח`,9,"100 מ""ל",false,1,12.90,1.43,true,1,
8001090222848,false,הרבל אסנסס שמפו שיקום שמן ארגן 400 מל,דיפלומט מפיצים (1968) בעמ,,,יח`,4,"100 מ""ל",false,1,20.90,5.23,true,1,
8001090336491,false,חיתולי ביביי דריי מידה  +(4 31  יח)פמפר,דיפלומט מפיצים (1968) בעמ,,,יח`,1,,false,1,31.90,31.90,true,1,
8001090336521,false,חיתולי ביביי דריי מידה 5( 30  יח)פמפרס,דיפלומט מפיצים (1968) בעמ,,,יח`,1,,false,1,31.90,31.90,true,1,
8001090336606,false,חיתולי ביביי דריי  מידה( 26  יח`)פמפרס,דיפלומט מפיצים (1968) בעמ,,,יח`,1,,false,1,31.90,31.90,true,1,
8001090364104,false,אורל בי משחה שיניים G E אורגינל,דיפלומט מפיצים (1968) בעמ,,,יח`,0.75,100 גרם,false,1,18.90,25.20,true,1,
8001090364203,false,אורל בי משחה שיניים G E להלבנה עדינה,דיפלומט מפיצים (1968) בעמ,,,יח`,0.75,100 גרם,false,1,18.90,25.20,true,1,
8001090379337,false,חיתולי פמפרס פרימיום vp מידה 3 40 יח,דיפלומט מפיצים (1968) בעמ,,,יח`,1,,false,1,33.90,33.90,true,1,
8001090379368,false,חיתולי פמפרס פרימיום vp מידה 4 34 יח,דיפלומט מפיצים (1968) בעמ,,,יח`,1,,false,1,33.90,33.90,true,1,
8001090493637,false,הד שולדרסשמפו לגבראולטרא טוטאל קר 450 מ,דיפלומט מפיצים (1968) בעמ,,,יח`,4.50,"100 מ""ל",false,1,21.90,4.87,true,1,
8001090678195,false,שולדרס מרכך סופרים לחות 275 מל,דיפלומט מפיצים (1968) בעמ,,,יח`,2.75,"100 מ""ל",false,1,17.90,6.51,true,1,
8001090678614,false,שולדרס שמפו סופרים לחות 400 מל,דיפלומט מפיצים (1968) בעמ,,,יח`,4,"100 מ""ל",false,1,21.90,5.48,true,1,
8001090721099,false,אריאל טבליות לכביסה 27 יחידות,דיפלומט מפיצים (1968) בעמ,,,יח`,1,,false,1,35.90,35.90,true,1,
8001090721129,false,אריאל טבליות לכביסה קולור 27 יחידות,דיפלומט מפיצים (1968) בעמ,,,יח`,1,,false,1,35.90,35.90,true,1,
8001090734044,false,מגן תחתון אולווייז מגה פק  לארג`פרש 64 י,דיפלומט מפיצים (1968) בעמ,,,יח`,1,,false,1,24.90,24.90,true,1,
8001090802385,false,טייד קפסולות ג`ל בניחוח לנור 26 יח,דיפלומט מפיצים (1968) בעמ,,,יח`,1,,false,1,30.90,30.90,true,1,
8001090832450,false,שמפו נוסחה קלאסית 660 מל פנטן,דיפלומט מפיצים (1968) בעמ,,,יח`,6.60,"100 מ""ל",false,1,20.90,3.17,true,1,
8001090832535,false,שמפו שמן מרוקאי משקם 660 מל פנטן,דיפלומט מפיצים (1968) בעמ,,,יח`,6.60,"100 מ""ל",false,1,20.90,3.17,true,1,
8001090832573,false,שמפו שמן לחות מוגברת 660 מל פנטן,דיפלומט מפיצים (1968) בעמ,,,יח`,6.60,"100 מ""ל",false,1,20.90,3.17,true,1,
8001090833136,false,אריאל ג`ל כביסה 2.255 ליטר בייבי,דיפלומט מפיצים (1968) בעמ,,,יח`,2.2550,1 ליטר,false,1,34.60,15.34,true,1,
8001090833167,false,אריאל ג`ל 2.365 ליטר ניחוח הרים,דיפלומט מפיצים (1968) בעמ,,,יח`,2.3650,1 ליטר,false,1,34.60,14.63,true,1,
8001090833259,false,אריאל ג`ל כביסה 3.740 ליטר בניחוח הרים,דיפלומט מפיצים (1968) בעמ,,,יח`,3.74,1 ליטר,false,1,42.90,11.47,true,1,
8001090886460,false,לנור כדוריות הריח בניחוח אביבי140 גר`,דיפלומט מפיצים (1968) בעמ,,,יח`,1.40,100 גרם,false,1,20.90,14.93,false,1,
8001090899224,false,תחבושות אולוויז פלטינום לונג 20 יח,דיפלומט מפיצים (1968) בעמ,,,יח`,1,,false,1,21.40,21.40,true,1,
8001090899255,false,תחבושות אולוויז פלטינום לילה 16 יח,דיפלומט מפיצים (1968) בעמ,,,יח`,1,,false,1,21.40,21.40,true,1,
8001100011776,false,וופל שכבות בטעם וניל 175  גר`Balocco,אבאל יזמות בעמ,,,יח`,1.75,100 גרם,false,1,10.90,6.23,true,1,
8001100059259,false,וופל קוביות בטעם אגוזי לוז 250  גר`Baloc,אבאל יזמות בעמ,,,יח`,2.50,100 גרם,false,1,13.90,5.56,true,1,
8001100067940,false,וופל קוביות בטעם קקאו 125 גר` Balocco,אבאל יזמות בעמ,,,יח`,1.25,100 גרם,false,1,10.90,8.72,true,1,
8001100067957,false,וופל קוביות בטעם אגוזי לוז 125 גר` Baloc,אבאל יזמות בעמ,,,יח`,1.25,100 גרם,false,1,10.90,8.72,true,1,
8001100067964,false,וופל קוביות בטעם וניל 125 גר` Balocco,אבאל יזמות בעמ,,,יח`,1.25,100 גרם,false,1,10.90,8.72,true,1,
8001160000888,false,גוטרייד ספורט תפוז,טמפו משקאות בעמ,,,יח`,5,"100 מ""ל",false,1,10.90,2.12,true,1,
8001160001786,false,גטורייד ספורט כחול,טמפו משקאות בעמ,,,יח`,5,"100 מ""ל",false,1,10.90,2.12,true,1,
8001841053684,false,אולוויז עבה לונג +12יח`,דיפלומט מפיצים (1968) בעמ,,,יח`,1,,false,1,10.90,10.90,false,1,
8001841062624,false,מגבוני פמפרס ללא בישום 4*52 יח`,דיפלומט מפיצים (1968) בעמ,,,יח`,1,,false,1,18.90,18.90,true,1,
8001841216584,false,תחבושות לילה בטוח אולווייז) (36,דיפלומט מפיצים (1968) בעמ,,,יח`,1,,false,1,42.90,42.90,true,1,
8001841427126,false,מגן תחתון אולווייז מגה פק פרש נורמל 64 י,דיפלומט מפיצים (1968) בעמ,,,יח`,1,,false,1,24.90,24.90,true,1,
8001841566771,false,לנור כדוריות הבושם יסמין (210 גר`),דיפלומט מפיצים (1968) בעמ,,,יח`,2.10,100 גרם,false,1,28.90,13.76,true,1,
8001841625188,false,נוזל כלים פלטינום לימון פיירי (515 מל),דיפלומט מפיצים (1968) בעמ,,,יח`,5.15,"100 מ""ל",false,1,11.90,2.31,true,1,
8001841625362,false,פיירי פלטינום לימון 780 מל,דיפלומט מפיצים (1968) בעמ,,,יח`,7.80,"100 מ""ל",false,1,12.90,1.65,true,1,
8001841625461,false,נוזל כלים פלטינום אורגינל פיירי (515 מל,דיפלומט מפיצים (1968) בעמ,,,יח`,5.15,"100 מ""ל",false,1,11.90,2.31,true,1,
8001841625508,false,נוזל כלים פיירי פלטינום 1.015 מל,דיפלומט מפיצים (1968) בעמ,,,יח`,1.0150,1 ליטר,false,1,19.30,19.01,true,1,
8001841660530,false,קרם לחות פנטן מיראקלס במבוק 270 מל,דיפלומט מפיצים (1968) בעמ,,,יח`,2.70,"100 מ""ל",false,1,20.90,7.74,true,1,
8001841664866,false,שמפו פנטן סופר פוד 400 מל יבוא מקביל,איינשטיין-צור יבוא-יצוא וסחר ב,,,יח`,4,"100 מ""ל",false,1,14.90,3.73,true,1,
8001841665290,false,שמפו פנטן קלאסי 400 מל יבוא מקביל,איינשטיין-צור יבוא-יצוא וסחר ב,,,יח`,4,"100 מ""ל",false,1,14.90,3.73,true,1,
8001841669465,false,אריאל טבליות לכביסה 24 יחידות,דיפלומט מפיצים (1968) בעמ,,,יח`,1,,false,1,35.90,35.90,true,1,
8001841669519,false,אריאל קפסולות לכביסה 55 יח,דיפלומט מפיצים (1968) בעמ,,,יח`,1.57,"ק""ג",false,1,60.90,38.79,true,1,
8001841680989,false,מגן תחתון אולווייז מגה פק פרש  לארג`60 י,דיפלומט מפיצים (1968) בעמ,,,יח`,1,,false,1,24.90,24.90,true,1,
8001841941929,false,תחבושות אולווייז וליו פק לילה בטוח אקסטר,דיפלומט מפיצים (1968) בעמ,,,יח`,1,,false,1,21.40,21.40,true,1,
8001841943961,false,לנור כדוריות הבושם אוקיינוס 210 גר`,דיפלומט מפיצים (1968) בעמ,,,יח`,2.10,100 גרם,false,1,28.90,13.76,true,1,
8001841958460,false,טבליות למדיח הכל באחד פיירי) (48,דיפלומט מפיצים (1968) בעמ,,,יח`,1,,false,1,39.90,39.90,true,1,
8001841960081,false,טבליות למדיח פלטינום הכל באחד פיירי) (37,דיפלומט מפיצים (1968) בעמ,,,יח`,1,,false,1,39.90,39.90,true,1,
8002450204009,false,ורדי אפרסק 750 מל,הכרם - משקאות חריפים בעמ,,,יח`,7.50,"100 מ""ל",false,1,27.50,3.63,true,1,
8004030022010,false,ירקות גינה עם טונה ריו מרה (160 גרם),ש.שסטוביץ בעמ,,,יח`,1.60,100 גרם,false,1,19.50,12.19,false,1,
8004030044005,false,ריו מרה טונה בשמן זית 160 ג,ש.שסטוביץ בעמ,,,יח`,1.60,100 גרם,false,1,20.30,12.69,false,1,
8004030177000,false,ריו מארה טונה בשמן זית עם צ`לי שלישיות 8,ש.שסטוביץ בעמ,,,יח`,2.40,100 גרם,false,1,29.90,12.46,false,1,
8004030344938,false,ריו מארה טונה בשמן זית שלישיות 80 גרם,ש.שסטוביץ בעמ,,,יח`,2.40,100 גרם,false,1,29.90,12.46,false,1,
8004030381681,false,ריו מרה טונה בשמן זית 2*160 גר`,ש.שסטוביץ בעמ,,,יח`,3.20,100 גרם,false,1,34.90,10.91,false,1,
8004800005519,false,לאגו מיני רול-גלילי וופל במילוי קרם אג,תה ויסוצקי (ישראל) בעמ,,,יח`,1.25,100 גרם,false,1,10.90,8.72,true,1,
8005110002243,false,רכז עגבניות בשפרפרת 185  גר`mutti,רסטרטו יבוא ושיווק בעמ*אין החז,,,יח`,1.85,100 גרם,false,1,7.90,4.27,false,1,
8005110170300,false,עגבניות חתוכות דק 400  גר`שלישייה פולפה,רסטרטו יבוא ושיווק בעמ*אין החז,,,יח`,12,100 גרם,false,1,18.90,1.58,true,1,
8005110200014,false,רכז עגבניות 210  גר`motti,רסטרטו יבוא ושיווק בעמ*אין החז,,,יח`,2.10,100 גרם,false,1,7.90,3.76,false,1,
8005200256587,false,נסטי בטעם אפרסק 1.5 ליטר,טמפו משקאות בעמ,,,יח`,15,"100 מ""ל",false,1,9.90,0.64,true,1,
8005200286584,false,נסטי בטעם מנגו אננס 1.5 ליטר,טמפו משקאות בעמ,,,יח`,15,"100 מ""ל",false,1,9.90,0.64,true,1,
8005803010371,false,גריסיני עם רוזמרין אמור די פאן (125 גרם),ליימן שליסל בעמ,,,יח`,1.25,100 גרם,false,1,9.10,7.28,false,1,
8005803010661,false,גריסיני עם שומשום אמור די פאן (125 גרם),ליימן שליסל בעמ,,,יח`,1.25,100 גרם,false,1,9.10,7.28,false,1,
8006540091906,false,לנור כדוריות הריח בניחוח אריאל (140 גר`,דיפלומט מפיצים (1968) בעמ,,,יח`,1.40,100 גרם,false,1,20.90,14.93,false,1,
8006540112793,false,לנור מרכך מרוכז בניחוח יסמין 900 מל,דיפלומט מפיצים (1968) בעמ,,,יח`,9,"100 מ""ל",false,1,15.90,1.77,true,1,
8006540112823,false,לנור מרכך מרוכז בניחוח אוקיינוס 900 מל,דיפלומט מפיצים (1968) בעמ,,,יח`,9,"100 מ""ל",false,1,15.90,1.77,true,1,
8006540112854,false,לנור מרכך מרוכז בניחוח סחלב 900 מל,דיפלומט מפיצים (1968) בעמ,,,יח`,9,"100 מ""ל",false,1,15.90,1.77,true,1,
8006540358498,false,טמפונים טמפקס פרל סופר פלוס) (18,דיפלומט מפיצים (1968) בעמ,,,יח`,1,,false,1,34,34,true,1,
8006540404898,false,תחבושות אולוויז דיסקרט לונג פלוס 8 יח,דיפלומט מפיצים (1968) בעמ,,,יח`,1,,false,1,19.90,19.90,true,1,
8006540404935,false,תחבושות אולוויז דיסקרט נורמל 12 יח`,דיפלומט מפיצים (1968) בעמ,,,יח`,1,,false,1,19.90,19.90,true,1,
8006540425930,false,אריאל טבליות לכביסה 24 יחידות,דיפלומט מפיצים (1968) בעמ,,,יח`,1,,false,1,35.90,35.90,true,1,
8006540429327,false,נוזל לניקוי כלים לימון פיירי (440 מל),דיפלומט מפיצים (1968) בעמ,,,יח`,4.40,"100 מ""ל",false,1,11.90,2.70,true,1,
8006540463550,false,טבליות למדיח פלטינום פיירי 63 יח`,דיפלומט מפיצים (1968) בעמ,,,יח`,1,,false,1,54.90,54.90,false,1,
8006540491539,false,פיירי פלטינום אורגינל 780 מל,דיפלומט מפיצים (1968) בעמ,,,יח`,7.80,"100 מ""ל",false,1,12.90,1.65,true,1,
8006540495186,false,לנור מרכך כביסה בייבי 900 מל,דיפלומט מפיצים (1968) בעמ,,,יח`,9,"100 מ""ל",false,1,15.90,1.77,true,1,
8006540495216,false,לנור מרכך מרוכז בניחוח אמאטיסט 900 מל,דיפלומט מפיצים (1968) בעמ,,,יח`,9,"100 מ""ל",false,1,15.90,1.77,true,1,
8006540495247,false,לנור מרכך מרוכז בניחוח פרחי בר 900 מל,דיפלומט מפיצים (1968) בעמ,,,יח`,9,"100 מ""ל",false,1,15.90,1.77,true,1,
8007178223547,false,קרם בלסמי מצומצם 250 מל,דיפלומט היינץ,,,יח`,2.50,"100 מ""ל",false,1,25.90,10.36,false,1,
8008245004861,false,ממרח אגוזי לוז עם חלב 300  גר`מובנפיק,א. סיימן סחר בעמ,,,יח`,3,100 גרם,false,1,15.90,5.30,true,1,
8008698002049,false,קרקרים עגולים ללא גלוטן 175 גר`,ל.י.ב. (לחיות יותר בטבע) בעמ,,,יח`,1.75,100 גרם,false,1,20.30,11.60,true,1,
8009470009089,false,סימבה חתול ארנב 415 גר,שחורי אריה ואנסטסיה,,,יח`,4.15,100 גרם,false,1,4,0.96,false,1,
8009470009539,false,סימבה חתול צייד 415 גר,שחורי אריה ואנסטסיה,,,יח`,4.15,100 גרם,false,1,4,0.96,false,1,
8032793342458,false,עגבניות מרוסקות דק ומסוננות בקבוק 700 גר,גורי מוצרי צריכה (1991) בעמ,,,יח`,7,100 גרם,false,1,13.90,1.99,true,1,
8032793344520,false,תרכיז עגבניות פומי מרוכז מאוד 200 גרם,גורי מוצרי צריכה (1991) בעמ,,,יח`,2,100 גרם,false,1,7.90,3.95,true,1,
8076800195057,false,ברילה 500  גר`ספגטי  מס`5 צ.א,ש.שסטוביץ בעמ,,,יח`,5,100 גרם,false,1,7.50,1.50,true,1,
8076802085738,false,ברילה 500  גר`פנה רגטה צ.ק,ש.שסטוביץ בעמ,,,יח`,5,100 גרם,false,1,7.50,1.50,true,1,
8076802085981,false,ברילה 500  גר`פוזילי צ.ק,ש.שסטוביץ בעמ,,,יח`,5,100 גרם,false,1,7.50,1.50,true,1,
8076808060654,false,ברילה 500  גר`פרפלה  מס`65 צ.ק,ש.שסטוביץ בעמ,,,יח`,5,100 גרם,false,1,7.50,1.50,true,1,
8076808070882,false,קנלוני מספר 88 ברילה (250 גרם),ש.שסטוביץ בעמ,,,יח`,2.50,100 גרם,false,1,15.90,6.36,false,1,
8076808150072,false,ברילה 500  גר`ספגטוני  מס`7 צ.א,ש.שסטוביץ בעמ,,,יח`,5,100 גרם,false,1,7.50,1.50,true,1,
8076809513388,false,רוטב פסטה ארביאטה ברילה (400 גרם),ש.שסטוביץ בעמ,,,יח`,4,100 גרם,false,1,15.90,3.98,false,1,
8076809513395,false,רוטב לפסטה פומודורו ברילה (400 גרם),ש.שסטוביץ בעמ,,,יח`,4,100 גרם,false,1,15.90,3.98,false,1,
8076809513654,false,בסיס רוטב בולונז ברילה (400 גרם),ש.שסטוביץ בעמ,,,יח`,4,100 גרם,false,1,15.90,3.98,false,1,
8076809513739,false,רוטב לפסטה בזיליקום ברילה (400 גרם),ש.שסטוביץ בעמ,,,יח`,4,100 גרם,false,1,15.90,3.98,false,1,
8076809514774,false,פרפנדלה ברילה (250 גרם),ש.שסטוביץ בעמ,,,יח`,2.50,100 גרם,false,1,18.90,7.56,false,1,
8076809523561,false,רוטב לפסטה טוסקנה ברילה (400 גרם),ש.שסטוביץ בעמ,,,יח`,4,100 גרם,false,1,15.90,3.98,false,1,
8076809523714,false,טליאטלה ברילה (500 גרם),ש.שסטוביץ בעמ,,,יח`,5,100 גרם,false,1,26.90,5.38,false,1,
8076809523738,false,לזניה ברילה (500 גרם),ש.שסטוביץ בעמ,,,יח`,5,100 גרם,false,1,24.90,4.98,false,1,
8410076610379,false,נייטשר וואלי פרוטאין בוטנים ושבבי שוקולד,ליימן שליסל בעמ,,,יח`,2.10,100 גרם,false,1,26.50,12.62,true,1,
8410076610386,false,נייטשר וואלי פרוטאין בוטנים עם ציפוי בטע,ליימן שליסל בעמ,,,יח`,2.10,100 גרם,false,1,26.50,12.62,true,1,
8410076610492,false,נייטשר וואלי צ`ואי חטיף חמאת בוטנים,ליימן שליסל בעמ,,,יח`,1.50,100 גרם,false,1,14.90,9.93,false,1,
8410076610508,false,נייטשר וואלי צ`ואי סוליט מריר,ליימן שליסל בעמ,,,יח`,1.50,100 גרם,false,1,14.90,9.93,false,1,
8410076621009,false,חטיף פייברONE טעם קרמל מלוח,ליימן שליסל בעמ,,,יח`,1,,false,1,15.90,15.90,true,1,
8410076621047,false,חטיף פייברONE בטעם שוקולד,ליימן שליסל בעמ,,,יח`,1,,false,1,15.90,15.90,true,1,
8410104045111,false,פינש מלח למדיח 2 קג`,רקיט בנקיזר (ניר איסט) בעמ,,,יח`,2,"ק""ג",false,1,15.90,7.95,false,1,
8410644611210,false,קאווה חצי יבשה וידה של סגל (750 מל),טמפו משקאות בעמ,,,יח`,7.50,"100 מ""ל",false,1,33.60,4.44,false,1,
8410655000409,false,מארז בירה סאן  מיגל- שישייה 250 מל,אבאל יזמות בעמ,,,יח`,15,"100 מ""ל",false,1,30.90,1.94,true,1,
8412300801072,false,קרם רב שימושי 400 מל ניוואה,אלפא- ב.ד.ף בעמ,,,יח`,4,"100 מ""ל",false,1,28.90,7.23,false,1,
8413376022965,false,גבינת עיזים רכה 29% שומן 110 גר`,ג.וילי-פוד אינטרנשיונל **גבינו,,,יח`,1.10,100 גרם,false,1,13.90,12.64,false,1,
8413376024839,false,גבינת עיזים רכה עם עשבי תיבול 29% שומן,ג.וילי-פוד אינטרנשיונל **גבינו,,,יח`,1.10,100 גרם,false,1,16.30,14.82,true,1,
8420822130600,false,סופר מסיר שומנים 750 מל יעקובי,יעקב יעקבי ובניו בעמ,,,יח`,7.50,"100 מ""ל",false,1,16.90,2.25,false,1,
8420822130624,false,סופר מסיר כתמים 750 מל יעקובי,יעקב יעקבי ובניו בעמ,,,יח`,7.50,"100 מ""ל",false,1,17.90,2.39,false,1,
8423207206501,false,מרבה סלים דליס חצי מצופה,ש.שסטוביץ בעמ,,,יח`,0.78,100 גרם,false,1,14.90,19.10,true,1,
8423207207362,false,מרבה סלים דליס,ש.שסטוביץ בעמ,,,יח`,1.20,100 גרם,false,1,14.90,12.42,true,1,
8423207208697,false,סלים דליס לילדים עם שוקולד לבן,ש.שסטוביץ בעמ,,,יח`,0.78,100 גרם,false,1,14.90,19.10,true,1,
8423207208888,false,פריכיות תירס בטעם עגבניות עשבי תיבול כש,גורי מוצרי צריכה (1991) בעמ,,,יח`,1.23,100 גרם,false,1,10.90,8.86,true,1,
8423207208895,false,פריכיות תירס זיתים ועירית כשלפ סלים דלי,גורי מוצרי צריכה (1991) בעמ,,,יח`,1.23,100 גרם,false,1,10.90,8.86,true,1,
8423207209885,false,סלים דליס מהדורה מיוחדת עם שוקולד חלב,ש.שסטוביץ בעמ,,,יח`,1.20,100 גרם,false,1,14.90,12.42,true,1,
8423207210287,false,מרבה סלים דליס שוקולד לבן בטעם יוגורט,ש.שסטוביץ בעמ,,,יח`,1.20,100 גרם,false,1,14.90,12.42,true,1,
8423207210928,false,סלים דליס טופינג אגוזי לוז,ש.שסטוביץ בעמ,,,יח`,0.90,100 גרם,false,1,14.90,16.56,true,1,
8423207210942,false,סלים דליס טופינג פירות יער,ש.שסטוביץ בעמ,,,יח`,0.90,100 גרם,false,1,14.90,16.56,true,1,
8424842050016,false,צ`יפס בטעם כמהין 125 גר`,א. סיימן סחר בעמ,,,יח`,1.25,100 גרם,false,1,13.90,11.12,true,1,
8435495805199,false,אבקת כביסה  תינוקלין- 66 כביסות (3 קג),ליימן שליסל בעמ,,,יח`,3,"ק""ג",false,1,44.90,14.97,false,1,
8445290341617,false,פנסי פיסט פטה עוף וסלמון 85גר,שחורי אריה ואנסטסיה,,,יח`,0.85,100 גרם,false,1,5.90,6.94,false,1,
8445290427120,false,פיטנס שוקולד מריר ובננה 330 גר`,קבוצת אסם סחר שות. מוגבלת,,,יח`,3.30,100 גרם,false,1,20.30,6.15,true,1,
8683130012666,false,מגנום דאבל עוגיות,גלידות שטראוס בעמ,,,יח`,0.90,100 גרם,false,1,9.90,11,true,1,
8683130025574,false,בדין אקסטרא לבנדר 960 מל,יוניליוור ישראל שיווק בעמ,,,יח`,9.60,"100 מ""ל",false,1,17.30,1.80,true,1,
8683130025581,false,בדין אקסטרא ענבר 960 מל .,יוניליוור ישראל שיווק בעמ,,,יח`,9.60,"100 מ""ל",false,1,17.30,1.80,true,1,
8683323063024,false,יוגטה שטיחים תותי פרוטי 220 גר`,ליימן שליסל בעמ,,,יח`,2.20,100 גרם,false,1,8.90,4.05,false,1,
8686868600051,false,אביזרי שיער,אל האופק שיווק וסחר,,,יח`,1,,false,1,7.90,7.90,false,1,
8686868600068,false,אביזרי שיער סרטים וקשתות,אל האופק שיווק וסחר,,,יח`,1,,false,1,8.90,8.90,false,1,
8686868600075,false,אביזרי שיער סיכות פפיון גדולות,אל האופק שיווק וסחר,,,יח`,1,,false,1,9.90,9.90,false,1,
8686868600105,false,אביזרי שיער,אל האופק שיווק וסחר,,,יח`,1,,false,1,12.90,12.90,false,1,
8686868600112,false,אביזרי שיער,אל האופק שיווק וסחר,,,יח`,1,,false,1,13.90,13.90,false,1,
8686868600129,false,אביזרי שיער,אל האופק שיווק וסחר,,,יח`,1,,false,1,14.90,14.90,false,1,
8686868600150,false,אביזרי שיער,אל האופק שיווק וסחר,,,יח`,1,,false,1,17.90,17.90,false,1,
8690120160177,false,וופל נאמבר 1 אדום רוי,רויאל קנדיס בעמ,,,יח`,1,,false,1,28.90,28.90,false,1,
8690120160405,false,וופל נאמבר 1 ירוק,רויאל קנדיס בעמ,,,יח`,1,,false,1,28.90,28.90,false,1,
8690504153740,false,שוקולד מריר עם גאנש מריר 86 גר,תה ויסוצקי (ישראל) בעמ,,,יח`,1,,false,1,14.90,14.90,false,1,
8690521016882,false,דאב שמפו רגיל 400 מל,יוניליוור ישראל שיווק בעמ,,,יח`,4,"100 מ""ל",false,1,17.30,4.33,true,1,
8690526009278,false,חטיף קרמל מצופה שוקולד וחלב כדורוני דגני,גורי ע.ע.ע בעמ,,,יח`,1.26,100 גרם,false,1,10.90,8.65,true,1,
8690637503856,false,ממרח  לחיץ( 355  גר`)הלמנס,יוניליוור ישראל שיווק בעמ,,,יח`,3.55,100 גרם,false,1,16.30,4.59,true,1,
8690637555084,false,בדין אקסטרא פריחת התפוז 960 מל,יוניליוור ישראל שיווק בעמ,,,יח`,9.60,"100 מ""ל",false,1,17.30,1.80,true,1,
8690637835643,false,ליפטון תה ירוק לואיזה ולימונית,יוניליוור ישראל שיווק בעמ,,,יח`,0.30,100 גרם,false,1,18.50,61.67,true,1,
8690637842382,false,מגנום דאבל פרי יער,גלידות שטראוס בעמ,,,יח`,0.90,100 גרם,false,1,9.90,11,true,1,
8690637842399,false,מאגדת מגנום מיני דאבל פרי יער שוקולד,גלידות שטראוס בעמ,,,יח`,3.23,100 גרם,false,1,35.50,10.99,false,1,
8690637858734,false,סיף ג`ל אקונומיקה לימון 750 מל,יוניליוור ישראל שיווק בעמ,,,יח`,7.50,"100 מ""ל",false,1,13.20,1.76,true,1,
8690637866654,false,תה ירוק קלאסי בדצ 50 מעטפות ללא קפאין,יוניליוור ישראל שיווק בעמ,,,יח`,0,100 גרם,false,1,26.90,26.90,true,1,
8690637871245,false,מיונז אמיתי לחיץ הלמנס (395 גרם),יוניליוור ישראל שיווק בעמ,,,יח`,3.95,100 גרם,false,1,16.30,4.13,true,1,
8690637890666,false,מאגדת מגנום דאבל פיסטוק,גלידות שטראוס בעמ,,,יח`,2.82,100 גרם,false,1,35.50,12.59,false,1,
8690637946301,false,בדין אקסטרא בייבי 960 מל,יוניליוור ישראל שיווק בעמ,,,יח`,9.60,"100 מ""ל",false,1,17.30,1.80,true,1,
8690637976995,false,בדין אקסטרא ורוד במיחוח סחלבים  פראי( 96,יוניליוור ישראל שיווק בעמ,,,יח`,9.60,"100 מ""ל",false,1,17.30,1.80,true,1,
8690637987441,false,בדין אקסטרא ופרח הכותנה וניל 960 מל,יוניליוור ישראל שיווק בעמ,,,יח`,9.60,"100 מ""ל",false,1,17.30,1.80,true,1,
8690637989612,false,מאגדת מגנום דאבל דולצ`ה גולד,גלידות שטראוס בעמ,,,יח`,2.82,100 גרם,false,1,35.50,12.59,false,1,
8690758961009,false,אסותא צמרוני אוזנים כותנה לתינוקות,עיסא ערטול בעמ,,,יח`,1,,false,1,7.90,7.90,false,1,
8690766156367,false,טבלת שוקולד חלב מעולה 90  גר`גודייבה,תה ויסוצקי (ישראל) בעמ,,,יח`,0.90,100 גרם,false,1,15.90,17.67,true,1,
8690766156374,false,שוקולד מריר מעולה 72%  גודייבה( 90 גר`),תה ויסוצקי (ישראל) בעמ,,,יח`,0.90,100 גרם,false,1,15.90,17.67,true,1,
8690766156381,false,שוקולד מריר מעולה 90% גודייבה (90 גר`),תה ויסוצקי (ישראל) בעמ,,,יח`,0.90,100 גרם,false,1,15.90,17.67,true,1,
8690770322079,false,שמרים יבשים 450  גר`בדצ הנמל,הנמל אריזות ושיווק (1984) בעמ,,,יח`,4.50,100 גרם,false,1,13.20,2.93,true,1,
8690777206051,false,חציל קלוי על האש סרה (650 גרם),ג.וילי-פוד אינטרנשיונל בעמ,,,יח`,6.50,100 גרם,false,1,14.20,2.18,true,1,
8690784516440,false,דאק ג`ל נוזל לניקוי מתקדם בניחוח לבנדר ב,דנשר (1963) בעמ,,,יח`,7.50,"100 מ""ל",false,1,11.90,1.59,false,1,
8691058141238,false,ערמונים שלמים קלויים וקלופים 100  גר`Ave,אבאל יזמות בעמ,,,יח`,1,100 גרם,false,1,5.50,5.50,true,1,
8691707036014,false,אוזמו שוקולד בצורת ביצה,מוחמד נעמה (1994) בעמ,,,יח`,1,,false,1,3.90,3.90,true,1,
8691707066035,false,אוזמו בורגר ביסקוויט סנדוויץ ממולא,מוחמד נעמה (1994) בעמ,,,יח`,1,,false,1,2.90,2.90,true,1,
8691707087962,false,אוזמו סוכריה שוקולד על מקל,מוחמד נעמה (1994) בעמ,,,יח`,1,,false,1,2.90,2.90,true,1,
8691707590042,false,אוזמו וופל בצורת טילון ממולא שוקולד (4יח,מוחמד נעמה (1994) בעמ,,,יח`,1,,false,1,6.90,6.90,true,1,
8693495051002,false,קולגייט מברשת ילדים מיניונים 6+,ש.שסטוביץ בעמ,,,יח`,1,,false,1,10.90,10.90,false,1,
8693495053792,false,פלמוליב סבון מוצק זיתים רביעייה-יבוא מקב,פארמה דיל (פ.א.ב.) שיווק והפצה,,,יח`,1,,false,1,10.90,10.90,false,1,
8696486406416,false,מיצ`ו חתולים 3 קג,שחורי אריה ואנסטסיה,,,יח`,30,100 גרם,false,1,69.90,2.33,false,1,
8697530910743,false,פאל מאל כחול,גלוברנדס בעמ - שיווק סיגריות,,,יח`,1,,false,1,30,30,true,1,
8697826469092,false,טורטיה קטנה 540  גר`12יח,דין שיווק וקליה 2021 בעמ,,,יח`,5.40,100 גרם,false,1,10.90,2.02,true,1,
8699141054595,false,אוזמו האפי ביסקוויט במילוי,מוחמד נעמה (1994) בעמ,,,יח`,1,,false,1,1.90,1.90,true,1,
8710502064814,false,עוגיות שוקולד צ`יפס רך מרבה (175 גרם),ש.שסטוביץ בעמ,,,יח`,1.75,100 גרם,false,1,10.90,6.23,true,1,
8710502139017,false,עוגיות טריפל שוקולד צ`יפס מרבה (180 גרם),ש.שסטוביץ בעמ,,,יח`,2.25,100 גרם,false,1,10.90,4.84,true,1,
8710502279010,false,עוגיות שוקולד צ`יפס מצופות שוקולד ( 175,ש.שסטוביץ בעמ,,,יח`,1.75,100 גרם,false,1,10.90,6.23,true,1,
8710502405204,false,מרבה עוגיותממולאות קרם שוקולד,ש.שסטוביץ בעמ,,,יח`,1.75,100 גרם,false,1,10.90,6.23,true,1,
8710502470028,false,עוגיות נוגטלי מרבה (160 גרם),ש.שסטוביץ בעמ,,,יח`,1.60,100 גרם,false,1,10.90,6.81,true,1,
8710800961310,false,מנטוס רביעיה,ליימן שליסל בעמ,,,יח`,1.50,100 גרם,false,1,14.90,9.93,false,1,
8710847973970,false,תחליב רחצה  אלוורה( 750  מל)דאב,יוניליוור ישראל שיווק בעמ,,,יח`,7.50,"100 מ""ל",false,1,18.90,2.52,true,1,
8711000362679,false,קפסולות קפה אספרסו קולומביה (8)52  גר`לו,דיפלומט היינץ,,,יח`,0,100 גרם,false,1,20.90,20.90,true,1,
8711000362747,false,קפסולות קפה אספרסו ריסטרטו) (11 52  גר`ל,דיפלומט היינץ,,,יח`,1,,false,1,20.90,20.90,true,1,
8711000371183,false,קפסולות קפה אספרסו קלאסיקו אינטנסו עוצמה,דיפלומט היינץ,,,יח`,1,,false,1,16.90,16.90,true,1,
8711000371206,false,קפסולות קפה אספרסו ריסטרטו ג`ייקבוס(עוצ,דיפלומט היינץ,,,יח`,1,,false,1,16.90,16.90,true,1,
8711000371244,false,קפסולות קפה אספרסו לונגו גייקבוס,דיפלומט היינץ,,,יח`,1,,false,1,16.90,16.90,true,1,
8712400802512,false,תחליף חלב שלב 2 נוטרילון (800 גרם),דיפלומט היינץ,,,יח`,8,100 גרם,false,1,64.90,8.11,true,1,
8712400802536,false,תחליף חלב שלב 3 נוטרילון (800 גרם),דיפלומט היינץ,,,יח`,8,100 גרם,false,1,64.90,8.11,true,1,
8712561594608,false,תחליב רחצה להזנה עמוקה דאב (750 מל),יוניליוור ישראל שיווק בעמ,,,יח`,7.50,"100 מ""ל",false,1,18.90,2.52,true,1,
8712561611411,false,דאב תחליב רחצה ירוק ומלפפון 750 מל,יוניליוור ישראל שיווק בעמ,,,יח`,7.50,"100 מ""ל",false,1,18.90,2.52,true,1,
8712561626286,false,תחליב רחצה זוהר כמשי דאב (750 מל),יוניליוור ישראל שיווק בעמ,,,יח`,7.50,"100 מ""ל",false,1,18.90,2.52,true,1,
8712561631570,false,תחליב רחצה חלב קוקוס דאב (750 מל),יוניליוור ישראל שיווק בעמ,,,יח`,7.50,"100 מ""ל",false,1,18.90,2.52,true,1,
8714599410806,false,ג`ייקובס קרוננג מיובש בהקפאה 160  גר`שקי,דיפלומט היינץ,,,יח`,1.60,100 גרם,false,1,18.90,11.81,true,1,
8714599412220,false,ג`ייקובס וולווט קפה נמס מיובש 95 גר,דיפלומט היינץ,,,יח`,0.95,100 גרם,false,1,15.90,16.74,false,1,
8714599513781,false,ג`יקובס גולד 200  גר`מיובש בהקפאה,דיפלומט היינץ,,,יח`,2,100 גרם,false,1,24.90,12.45,false,1,
8714599513835,false,ג`יקובס נטול קופאין 200  גר`מיובש בהקפאה,דיפלומט היינץ,,,יח`,2,100 גרם,false,1,33.90,16.95,false,1,
8714599513866,false,קפה נמס קרוננג ג`יקובס 200 גר`,דיפלומט היינץ,,,יח`,2,100 גרם,false,1,24.90,12.45,false,1,
8714789183800,false,קולגייט מברשת שיניים 360 מדיום,פארמה דיל (פ.א.ב.) שיווק והפצה,,,יח`,1,,false,1,10.90,10.90,false,1,
8714789394534,false,משחת שיניים קולגייט הגנה מפני  עששת- יבו,איינשטיין-צור יבוא-יצוא וסחר ב,,,יח`,1,100 גרם,false,1,9.90,9.90,false,1,
8714789402918,false,אגקס חגיגת הפרחים אדום 1.5 ליטר חדש,ש.שסטוביץ בעמ,,,יח`,1.50,1 ליטר,false,1,20.90,13.93,false,1,
8714789582764,false,אג`קס ספריי לניקוי חלונות 750 מל,ש.שסטוביץ בעמ,,,יח`,7.50,"100 מ""ל",false,1,10.90,1.45,false,1,
8714789699110,false,פלמוליב סבון מוצק חלב שקדים רביעייה-יבוא,פארמה דיל (פ.א.ב.) שיווק והפצה,,,יח`,1,,false,1,10.90,10.90,false,1,
8714789930848,false,קולגייט משחת אופטיק וייט הלבנה מיידית 75,איינשטיין-צור יבוא-יצוא וסחר ב,,,יח`,0.75,100 גרם,false,1,14.90,19.87,false,1,
8715700110141,false,מיונז צנצנת 460  גר`היינץ,דיפלומט היינץ,,,יח`,4.60,100 גרם,false,1,12.90,2.80,true,1,
8715700117805,false,מתבל עגבניות ללתס ומלח 400 מל היינץ,דיפלומט היינץ,,,יח`,4,100 גרם,false,1,12.90,3.23,true,1,
8715700419732,false,מתבל עגבניות היינץ (700 גרם),דיפלומט היינץ,,,יח`,7,100 גרם,false,1,13.20,1.89,true,1,
8715700422473,false,ממרח לחיץ היינץ 395 גר ללא חומר משמר,דיפלומט היינץ,,,יח`,3.95,100 גרם,false,1,17.30,4.38,false,1,
8715700423906,false,היינץ מתבל עגבניות 555 גר,דיפלומט היינץ,,,יח`,5.55,100 גרם,false,1,13.20,2.38,true,1,
8717163655825,false,רקסונה כותנה ספריי 150 מל,יוניליוור ישראל שיווק בעמ,,,יח`,1.50,"100 מ""ל",false,1,16.30,10.87,true,1,
8717677336593,false,שוקולד חלב טוניס שוקולונלי 180 גר`,ליימן שליסל בעמ,,,יח`,1.80,100 גרם,false,1,20.90,11.61,false,1,
8717677336630,false,שוקולד חלב עם שקדים ודבש טוניס שוקולונלי,ליימן שליסל בעמ,,,יח`,1.80,100 גרם,false,1,20.90,11.61,false,1,
8717677336661,false,שוקולד מריר 70% טוניס שוקולונלי 180 גר`,ליימן שליסל בעמ,,,יח`,1.80,100 גרם,false,1,20.90,11.61,false,1,
8718879000138,false,ענבים ירוקים,שיווק פרי וירק בעמ-אזולאי את א,,,יח`,0,100 גרם,false,1,19.90,19.90,false,1,
8718951048461,false,אג`קס חלונות 750 מל יבוא מקביל טריפל אק,אופאל יאצא בעמ,,,יח`,7.50,"100 מ""ל",false,1,11.90,1.59,true,1,
8718951159808,false,קולגייט מברשת 360 שלישייה,ש.שסטוביץ בעמ,,,יח`,1,,false,1,24.90,24.90,false,1,
8718951167094,false,פלמוליב צילינדר תפוז וליים 1 ליטר,ש.שסטוביץ בעמ,,,יח`,10,"100 מ""ל",false,1,15.20,1.52,false,1,
8718951236783,false,קולגייט משחת שיניים טוטל פרש סטריפ 100 מ,איינשטיין-צור יבוא-יצוא וסחר ב,,,יח`,1,"100 מ""ל",false,1,13.90,13.90,false,1,
8718951236790,false,קולגייט טוטאל משחת שיניים קלין מינט לפה,ש.שסטוביץ בעמ,,,יח`,1,"100 מ""ל",false,1,17.90,17.90,true,1,
8718951236806,false,קולגייט טוטאל משחת שיניים המסייעת בהסרת,ש.שסטוביץ בעמ,,,יח`,1,"100 מ""ל",false,1,17.90,17.90,true,1,
8718951240742,false,קולגייט טוטאל משחת שיניים פסים מרעענים ל,איינשטיין-צור יבוא-יצוא וסחר ב,,,יח`,1,"100 מ""ל",false,1,13.90,13.90,false,1,
8718951253827,false,קולגייט משחת שיניים אופטיק פחם 75 מל,איינשטיין-צור יבוא-יצוא וסחר ב,,,יח`,0.75,"100 מ""ל",false,1,14.90,19.87,true,1,
8718951264618,false,קולגיט אופטיק וויט עם פחם פעיל 75 מל,איינשטיין-צור יבוא-יצוא וסחר ב,,,יח`,0.75,"100 מ""ל",false,1,14.90,19.87,false,1,
8718951466371,false,מרידול משחת לחניכיים רגישות 75 מל,ש.שסטוביץ בעמ,,,יח`,0.75,100 גרם,false,1,20.90,27.87,false,1,
8719200215092,false,ויובלוק תחליף חמאה 250 גר`,דיפלומט היינץ,,,יח`,2.50,100 גרם,false,1,14.90,5.96,false,1,
8719200998001,false,בלו בנד בלי מלח 250 גר`,דיפלומט היינץ,,,יח`,2,100 גרם,false,1,4.60,2.30,false,1,
8719200998018,false,מרגרינה מחמאה בטעם חמאה 200  גר`בלובנד,דיפלומט היינץ,,,יח`,2,100 גרם,false,1,4.90,2.45,false,1,
8719200998032,false,מרגרינה למריחה בטעם חמאה (250  גרם)מזולה,דיפלומט היינץ,,,יח`,2.50,100 גרם,false,1,11.20,4.48,false,1,
8719200998049,false,מרגרינה למריחה בטעם טבעי (250  גרם)מזולה,דיפלומט היינץ,,,יח`,2.50,100 גרם,false,1,11.20,4.48,false,1,
8719200998094,false,מזולה אפייה ללא מלח 200 גר,דיפלומט היינץ,,,יח`,2,100 גרם,false,1,7.10,3.55,false,1,
8719200998100,false,מרגרינה לאפייה בטעם חמאה מזולה (200 גרם),דיפלומט היינץ,,,יח`,2,100 גרם,false,1,7.10,3.55,false,1,
8720181114458,false,אקס דאו ספריי לאישה 150 מל(יבוא  מקביל,איינשטיין-צור יבוא-יצוא וסחר ב,,,יח`,1.50,"100 מ""ל",false,1,10.90,7.27,true,1,
8720181114465,false,אקס דאו ספריי לגבר 150 מל(יבוא  מקביל),איינשטיין-צור יבוא-יצוא וסחר ב,,,יח`,1.50,"100 מ""ל",false,1,10.90,7.27,true,1,
8720181114472,false,אקס דאו ספריי לגבר אפולו 150 מל(יבוא,איינשטיין-צור יבוא-יצוא וסחר ב,,,יח`,1.50,"100 מ""ל",false,1,10.90,7.27,true,1,
8720181114489,false,אקס דאו ספרי י black 150 מל לגבר(יבו,איינשטיין-צור יבוא-יצוא וסחר ב,,,יח`,1.50,"100 מ""ל",false,1,10.90,7.27,true,1,
8720181114496,false,אקס דאו ספריי לגבר DARK TEMPTATION 150 מ,איינשטיין-צור יבוא-יצוא וסחר ב,,,יח`,1.50,"100 מ""ל",false,1,10.90,7.27,true,1,
8720181114519,false,אקס גולד דאו ספריי לגבר 150 מל(יבוא  מ,איינשטיין-צור יבוא-יצוא וסחר ב,,,יח`,1.50,"100 מ""ל",false,1,10.90,7.27,true,1,
8720182256850,false,דאב סבון מוצק קלאסי (4*90 גר`),יוניליוור ישראל שיווק בעמ,,,יח`,3.60,100 גרם,false,1,11.90,3.31,true,1,
8801055707966,false,קפה טייסטרס צ`ויס בריסטה נסקפה (180 גרם),קבוצת אסם סחר שות. מוגבלת,,,יח`,1.80,100 גרם,false,1,32.90,18.28,false,1,
8850389103111,false,סאפה 300 מל אלוורה ענבים,טמפו משקאות בעמ,,,יח`,3,"100 מ""ל",false,1,8.90,2.87,true,1,
8850389105825,false,משקה אלוורה ענבים סאפה (1 ליטר),טמפו משקאות בעמ,,,יח`,1,1 ליטר,false,1,14.90,14.90,false,1,
8850389105832,false,משקה אלוורה תפוחים סאפה (1 ליטר),טמפו משקאות בעמ,,,יח`,1,1 ליטר,false,1,14.90,14.90,false,1,
8850389105849,false,משקה אלוורה אפרסק סאפה (1 ליטר),טמפו משקאות בעמ,,,יח`,1,1 ליטר,false,1,14.90,14.90,false,1,
8850389115336,false,משקה אלוורה מלון סאפה (1 ליטר),טמפו משקאות בעמ,,,יח`,1,1 ליטר,false,1,14.90,14.90,false,1,
8850632604259,false,יוגטה חמצוצים מקלות 50 גר`,ליימן שליסל בעמ,,,יח`,0.50,100 גרם,false,1,4,8,false,1,
8850632604266,false,חיספוסים מקלות בטעם קולה יוגטה (50 גרם),ליימן שליסל בעמ,,,יח`,0.50,100 גרם,false,1,4,8,false,1,
8850632604372,false,חמצוצים שטיח בטעם תות שדה יוגטה (50 גרם),ליימן שליסל בעמ,,,יח`,0.50,100 גרם,false,1,4,8,false,1,
8850632604402,false,יוגטה חמצוצים שטיח 50 גר`,ליימן שליסל בעמ,,,יח`,0.50,100 גרם,false,1,4,8,false,1,
8850632606390,false,חיספוסים מקלות בטעם אבטיח יוגטה (50 גרם),ליימן שליסל בעמ,,,יח`,0.50,100 גרם,false,1,4,8,false,1,
8850851700381,false,ספוג לתינוק רך במיוחד,אינטרסן 1996 בעמ,,,יח`,1,,false,1,12.90,12.90,false,1,
8851613101378,false,חלב קוקוס 250 מל Aroy D,גורי מוצרי צריכה (1991) בעמ,,,יח`,2.50,"100 מ""ל",false,1,10.90,4.36,false,1,
8851613101385,false,משקה קוקוס גורי צריכה (500 מל),גורי מוצרי צריכה (1991) בעמ,,,יח`,5,"100 מ""ל",false,1,13.90,2.78,false,1,
8857101301008,false,רוטב צ`ילי מתוק וילי פוד (700 מל),ג.וילי-פוד אינטרנשיונל בעמ,,,יח`,7,"100 מ""ל",false,1,11.20,1.60,false,1,
8888021200256,false,סוללות אנרג ייזר-שמיניה,דנשר (1963) בעמ,,,יח`,1,,false,1,26.90,26.90,false,1,
8888021200720,false,סוללות אנרג ייזר-שמיניה,דנשר (1963) בעמ,,,יח`,1,,false,1,26.90,26.90,false,1,
8888111030053,false,מיץ אננס רבעייה 240*4 מל,בני פאוזי שמשום (2009) בעמ,,,יח`,9.60,"100 מ""ל",false,1,15.90,1.53,false,1,
8901537024014,false,אורז בסמטי דאווט וילי פוד (1 קג),ג.וילי-פוד אינטרנשיונל בעמ,,,יח`,1,"ק""ג",false,1,11.90,11.90,false,1,
8901537076679,false,אורז בסמטי חום מלא 1  קג`DAAWAT וילי פוד,ג.וילי-פוד אינטרנשיונל בעמ,,,יח`,1,"ק""ג",false,1,11.90,11.90,false,1,
9000101372878,false,דיסקס לכביסה לבנה וצבעונית 22 יח פרסיל,גורי שיווק בעמ,,,יח`,1,,false,1,34.90,34.90,false,1,
9000101537550,false,פרסיל פאוור קאפס יוניברסל,גורי שיווק בעמ,,,יח`,1,,false,1,60.90,60.90,true,1,
9001616702976,false,בקבוק תינוק 270 מל -ירוק,אלפא קוסמטיקה בעמ,,,יח`,1,,false,1,36.90,36.90,true,1,
9120025834723,false,חטיף אוראו מצונן 120 גר`,ג.וילי-פוד אינטרנשיונל **גבינו,,,יח`,1.20,100 גרם,false,1,15.90,13.25,true,1,
9120025839896,false,חטיף מילקה מצונן 128 גר`,ג.וילי-פוד אינטרנשיונל **גבינו,,,יח`,1.28,100 גרם,false,1,15.90,12.42,false,1,
9120097310545,false,חטיף מיני מיניונים מצונן 102.5 גר`,ג.וילי-פוד אינטרנשיונל **גבינו,,,יח`,1.0250,100 גרם,false,1,15.90,15.51,false,1,
9120097310583,false,חטיף שוקו בננה מיניונים מצונן 108 גר`,ג.וילי-פוד אינטרנשיונל **גבינו,,,יח`,1.08,100 גרם,false,1,15.90,14.72,true,1,
9310072028743,false,חטיף שוקולד אורגינל טים טם (200 גרם),משה סידס ובנו בעמ,,,יח`,2,100 גרם,false,1,22.40,11.20,true,1,
9322969000015,false,פריכיות תירס 150 גר`,דנשר (1963) בעמ,,,יח`,1.50,100 גרם,false,1,15.50,10.33,false,1,
9322969000046,false,פריכיות תירס עם שומשום 150 גר`,דנשר (1963) בעמ,,,יח`,1.50,100 גרם,false,1,15.50,10.33,false,1,
9720188050109,false,גבינת טופו בטעמים צוריאל,החב` המרכזית - טרה,,,יח`,2.27,100 גרם,false,1,21.90,9.65,false,1,
9720188060108,false,שמנת טופו צוריאל,החב` המרכזית - טרה,,,יח`,3.40,100 גרם,false,1,21.90,6.44,false,1,
