code,internal_code,name,manufacturer_name,manufacture_country,manufacturer_item_description,unit_qty,quantity,unit_of_measure,weighted,qty_in_package,price,unit_of_measure_price,allow_discount,status,item_id
300,false,פיתה פרינה,,,פיתה ש.י.שאשא,Unknown,0.00,Unknown,false,1,1.70,1.70,true,1,
442,false,בצל לבן,,,בצל לבן,Unknown,0.00,"ק""ג",true,0,7.90,7.90,true,1,
602,false,שניצל עוף טרי,,,בצל יבש,Unknown,0.00,"ק""ג",true,0,5.90,5.90,true,1,
619,false,פלפל אדום,,,פלפל אדום,Unknown,0.00,"ק""ג",true,0,12.90,12.90,true,1,
678,false,נתח קצבים טרי,,,ברוקולי,Unknown,0.00,Unknown,false,1,14.90,14.90,true,1,
749,false,ערמונים,,,ערמונים,Unknown,0.00,"ק""ג",true,0,19.90,19.90,true,1,
5942,false,"תפו""ע קריספי",,,"תפו""ע קריספי",Unknown,0.00,"ק""ג",true,0,21.90,21.90,true,1,
46020,false,גבינה צהובה גלבוע 22% במשקל תנובה,,,גבינה צהובה גלבוע-במ,Unknown,0.00,"ק""ג",true,0,42.58,42.58,true,1,
47485,false,"פיראוס בולגרית 24% בפח 3 ק""ג",,,בולגרית פיראוס 24%,Unknown,0.00,"ק""ג",true,0,65.00,65.00,true,1,
53219,false,גבינה חריץ טל העמק 32% במשקל,,,גבינה טל העמק 32%,Unknown,0.00,"ק""ג",true,0,69.00,69.00,true,1,
90207,false,שום במשקל,,,שום במשקל,Unknown,0.00,"ק""ג",true,0,29.90,29.90,true,1,
304050,false,מסיכה כירורגית 1 יחידה,,,מסיכה כירורגית 1 יחי,Unknown,0.00,Unknown,false,1,0.50,0.50,true,1,
363486,false,נקניק תה טירת צבי במשקל,,,נקניק תה טירת צבי,Unknown,0.00,"ק""ג",true,0,60.00,60.00,true,1,
365756,false,פסטרמה גחלים דל שומןטירת צבי,,,פסטרמה גחלים דל שומן,Unknown,0.00,"ק""ג",true,0,93.00,93.00,true,1,
1191187,false,הרינג שלם בוואקום במשקל,,IL,הרינג שלם בוואקום במ,קילוגרמים,0.00,"ק""ג",true,0,33.00,33.00,true,1,
1356234,false,מקרל מעושן בוואקום,,,מקרל מעושן בוואקום,Unknown,0.00,"ק""ג",true,0,97.00,97.00,true,1,
2438045,false,נקניקיות באיירן,,IL,נקניקיות באיירן,Unknown,0.00,"ק""ג",true,0,46.90,46.90,true,1,
2616474,false,סלמון טראוט מעושן,,,סלמון טראוט מעושן,Unknown,0.00,"ק""ג",true,0,198.00,198.00,true,1,
2617471,false,גבינת צדר אנגלית מיושנת במשקל,,,גבינת צדר אנגלית,Unknown,0.00,"ק""ג",true,0,131.00,131.00,true,1,
2617488,false,גבינת צדר אנגלית מיושנת במשקל,,,גבינת צדר אנגלית,Unknown,0.00,"ק""ג",true,0,126.00,126.00,true,1,
2617495,false,גבינת צדר אנגלית עם וויסקי במשקל,,,גבינת צדר אנגלית,Unknown,0.00,"ק""ג",true,0,168.00,168.00,true,1,
2812530,false,גאודה הולנדי עשבי תיבול במשקל,,,גאודה עשבי תיבול,Unknown,0.00,"ק""ג",true,0,107.00,107.00,true,1,
2864929,false,פילה סלמון קפוא 0.9-1.4 קג,,,פילה סלמון קפוא,Unknown,0.00,"ק""ג",true,0,92.90,92.90,true,1,
3800377,false,סלמון טראוט מעושן,,,סלמון טראוט מעושן,Unknown,0.00,"ק""ג",true,0,173.00,173.00,true,1,
4050191,false,נקניק סלמי הונגרי,,,נקניק סלמי הונגרי,Unknown,0.00,"ק""ג",true,0,180.00,180.00,true,1,
4050283,false,פפרוני עגל במשקל,,,פפרוני עגל במשקל,Unknown,0.00,"ק""ג",true,0,175.00,175.00,true,1,
4050368,false,סלמי קופצסקי סרוולט,,,סלמי קופצסקי סרוולט,Unknown,0.00,"ק""ג",true,0,115.00,115.00,true,1,
4050443,false,בייקון במשקל,,,בייקון במשקל,Unknown,0.00,"ק""ג",true,0,210.00,210.00,true,1,
4050597,false,פרושוטו,,,פרושוטו,Unknown,0.00,"ק""ג",true,0,320.00,320.00,true,1,
4050894,false,נקניק סלמי כפרי,,,נקניק סלמי כפרי,Unknown,0.00,"ק""ג",true,0,182.00,182.00,true,1,
4051174,false,סרוולט אוסטרי במשקל,,,סרוולט אוסטרי,Unknown,0.00,"ק""ג",true,0,180.00,180.00,true,1,
4051204,false,פסטרמה הודו עם אווז,,,פסטרמה הודו עם אווז,Unknown,0.00,"ק""ג",true,0,140.00,140.00,true,1,
4051464,false,נקניק סלמי מילאנו,,,נקניק סלמי מילאנו,Unknown,0.00,"ק""ג",true,0,160.00,160.00,true,1,
4051594,false,נקניק סלמי פארמה במשקל,,,נקניק סלמי פארמה,Unknown,0.00,"ק""ג",true,0,110.00,110.00,true,1,
4052065,false,גרודינקה בייקון,,,גרודינקה בייקון,Unknown,0.00,"ק""ג",true,0,230.00,230.00,true,1,
4052386,false,פסטרמה אסאדו לבן במשקל,,,פסטרמה אסאדו לבן במש,Unknown,0.00,"ק""ג",true,0,150.00,150.00,true,1,
4052652,false,רו בייקון במשקל,,,רו בייקון במשקל,Unknown,0.00,"ק""ג",true,0,270.00,270.00,true,1,
4052751,false,נקניקיות נטורל,,,בייבי בק ריבס לבן טר,Unknown,0.00,"ק""ג",true,0,109.90,109.90,true,1,
4053017,false,נקניק סלמי הרץ מזרע,,,נקניק סלמי הרץ מזרע,Unknown,0.00,"ק""ג",true,0,160.00,160.00,true,1,
4053024,false,נקניק פפרוני,,,נקניק פפרוני,Unknown,0.00,"ק""ג",true,0,175.00,175.00,true,1,
4054397,false,פרושוטו רוסי,,,פרושוטו רוסי,Unknown,0.00,"ק""ג",true,0,225.00,225.00,true,1,
4054434,false,וצינה מוסקובסקיה,,,וצינה מוסקובסקיה,Unknown,0.00,"ק""ג",true,0,159.00,159.00,true,1,
4055479,false,פסטרמה בקר בפלפל,,,פסטרמה בקר בפלפל,Unknown,0.00,"ק""ג",true,0,130.00,130.00,true,1,
4055608,false,פריזר איטלקי,,,פריזר איטלקי,Unknown,0.00,"ק""ג",true,0,65.00,65.00,true,1,
4055769,false,נקניק לוביטליסקיה,,,נקניק לוביטליסקיה,Unknown,0.00,"ק""ג",true,0,110.00,110.00,true,1,
4055943,false,לקס עגל,,,לקס עגל,Unknown,0.00,"ק""ג",true,0,230.00,230.00,true,1,
4128401,false,פטה פיראוס 20% במשקל,,,פטה פיראוס 20% במשקל,Unknown,0.00,"ק""ג",true,0,140.00,140.00,true,1,
4135324,false,בולגרית פיראוס מעודנת 5% במשקל,,,בולגרית פיראוס מעודנ,Unknown,0.00,"ק""ג",true,0,55.00,55.00,true,1,
4412043,false,אגס בוסק,,,אגס בוסק,Unknown,0.00,"ק""ג",true,0,19.90,19.90,true,1,
4412166,false,אשכולית אדומה,,,אשכולית אדומה,Unknown,0.00,"ק""ג",true,0,9.90,9.90,true,1,
4412227,false,"תפו""א אדום",,,תפוא אדום,Unknown,0.00,"ק""ג",true,0,6.90,6.90,true,1,
4412234,false,מלון שרנטל,,,מלון שרנטל,Unknown,0.00,"ק""ג",true,0,7.90,7.90,true,1,
4412319,false,בטטה,,,בטטה,Unknown,0.00,"ק""ג",true,0,13.90,13.90,true,1,
4412340,false,קלמנטינה,,,קלמנטינה,Unknown,0.00,"ק""ג",true,0,12.90,12.90,true,1,
4412357,false,רימון,,,רימון,Unknown,0.00,"ק""ג",true,0,12.90,12.90,true,1,
4412418,false,קיווי,,,קיווי,Unknown,0.00,"ק""ג",true,0,29.90,29.90,true,1,
4412432,false,תפוזים,,,תפוזים,Unknown,0.00,"ק""ג",true,0,9.90,9.90,true,1,
4412456,false,"תפו""ע חרמון",,,תפוע חרמון,Unknown,0.00,"ק""ג",true,0,13.90,13.90,true,1,
4412463,false,"תפו""ע מוזהב",,,תפוע מוזהב,Unknown,0.00,"ק""ג",true,0,15.90,15.90,true,1,
4412470,false,"תפו""ע סמיט",,,תפוע סמיט,Unknown,0.00,"ק""ג",true,0,14.90,14.90,true,1,
4412500,false,בצל אדום,,,בצל אדום,Unknown,0.00,"ק""ג",true,0,8.90,8.90,true,1,
4412524,false,פומלית,,,פומלית,Unknown,0.00,"ק""ג",true,0,9.90,9.90,true,1,
4412531,false,ענבים ירוקים,,,ענבים ירוקים,Unknown,0.00,"ק""ג",true,0,34.90,34.90,true,1,
4412548,false,ענבים שחורים,,,ענבים שחורים,Unknown,0.00,"ק""ג",true,0,34.90,34.90,true,1,
4412586,false,לימון,,,לימון,Unknown,0.00,"ק""ג",true,0,12.90,12.90,true,1,
4412616,false,בננות,,,בננות,Unknown,0.00,"ק""ג",true,0,13.90,13.90,true,1,
4412623,false,אגסים,,,אגסים,Unknown,0.00,"ק""ג",true,0,17.90,17.90,true,1,
4412630,false,אשכוליות,,,אשכוליות,Unknown,0.00,"ק""ג",true,0,9.90,9.90,true,1,
4412647,false,אבוקדו,,,אבוקדו,Unknown,0.00,"ק""ג",true,0,22.90,22.90,true,1,
4412654,false,אפרסמון,,,אפרסמון,Unknown,0.00,"ק""ג",true,0,24.90,24.90,true,1,
4412678,false,"תפו""א לבן",,,תפוא לבן,Unknown,0.00,"ק""ג",true,0,7.90,7.90,true,1,
4412685,false,פומלה,,,פומלה,Unknown,0.00,"ק""ג",true,0,14.90,14.90,true,1,
4412715,false,קשואים,,,קישואים,Unknown,0.00,"ק""ג",true,0,9.90,9.90,true,1,
4412746,false,פלפל חריף,,,פלפל חריף,Unknown,0.00,"ק""ג",true,0,11.90,11.90,true,1,
4412777,false,פלפל צהוב,,,פלפל צהוב,Unknown,0.00,"ק""ג",true,0,14.90,14.90,true,1,
4412784,false,עגבניות,,,עגבניות,Unknown,0.00,"ק""ג",true,0,11.90,11.90,true,1,
4412807,false,מלון,,,מלון,Unknown,0.00,"ק""ג",true,0,9.90,9.90,true,1,
4412814,false,מלפפונים,,,מלפפונים,Unknown,0.00,"ק""ג",true,0,10.90,10.90,true,1,
4412838,false,כרובית,,,כרובית,Unknown,0.00,"ק""ג",true,0,13.90,13.90,true,1,
4412845,false,כרוב אדום,,,כרוב אדום,Unknown,0.00,"ק""ג",true,0,8.90,8.90,true,1,
4412852,false,כרוב לבן,,,כרוב לבן,Unknown,0.00,"ק""ג",true,0,5.90,5.90,true,1,
4412869,false,חצילים,,,חצילים,Unknown,0.00,"ק""ג",true,0,9.90,9.90,true,1,
4412876,false,דלעת,,,דלעת,Unknown,0.00,"ק""ג",true,0,8.90,8.90,true,1,
4412883,false,גזר,,,גזר,Unknown,0.00,"ק""ג",true,0,6.90,6.90,true,1,
4412944,false,פטריות יער יחידה,,,פטריות יער,Unknown,0.00,Unknown,false,1,12.90,12.90,true,1,
4412999,false,קישוא זוקיני צהוב,,,קישוא זוקיני צהוב,Unknown,0.00,"ק""ג",true,0,14.90,14.90,true,1,
4467180,false,שניצל עוף דק דק שירות עצמי,,,שניצל עוף דק דק,Unknown,0.00,"ק""ג",true,0,49.90,49.90,true,1,
4530044,false,אמנטל צרפתי במשקל,,,אמנטל צרפתי במשקל,Unknown,0.00,"ק""ג",true,0,120.00,120.00,true,1,
4535209,false,סטייק צוואר פרוס טרי,,,סטייק צוואר פרוס טרי,Unknown,0.00,"ק""ג",true,0,94.90,94.90,true,1,
4725600,false,גבינה צהובה סקנדינבית 31% במשקל,,,גבינה צהובה סקנדינבי,Unknown,0.00,"ק""ג",true,0,90.00,90.00,true,1,
5678400,false,ענבים ראד גלוב חרצנים,,,ענבים ראד גלוב חרצני,Unknown,0.00,"ק""ג",true,0,49.90,49.90,true,1,
6188717,false,חזה הודו רומני דל שומן מזרע,,,חזה הודו רומני דל.ש,Unknown,0.00,"ק""ג",true,0,90.00,90.00,true,1,
6519566,false,פריזר אדום גדול,,,פריזר אדום גדול,Unknown,0.00,"ק""ג",true,0,60.00,60.00,true,1,
6520395,false,בשר עוף טרי טחון,,,בשר עוף טרי טחון,Unknown,0.00,"ק""ג",true,0,37.90,37.90,true,1,
6625298,false,גאודה פטריות כמהין הולנד,,,גאודה פטריות כמהין ה,Unknown,0.00,"ק""ג",true,0,289.00,289.00,true,1,
6835147,false,פסטרמה לבנה רוסית בשום מזרע,,,פסטרמה לבנה רוסית,Unknown,0.00,"ק""ג",true,0,120.00,120.00,true,1,
6837509,false,גבינת דנאבלו דנמרק במשקל,,,גבינת דנאבלו דנמרק,Unknown,0.00,"ק""ג",true,0,131.00,131.00,true,1,
6843371,false,ספריבס חזה לבן ללא עור טרי,,,ספריבס חזה לבן ללא ע,Unknown,0.00,"ק""ג",true,0,86.90,86.90,true,1,
8433426,false,פילה הייק קפוא,,,פילה הייק קפוא,Unknown,0.00,"ק""ג",true,0,55.90,55.90,true,1,
8434683,false,צדר אדום גרמני במשקל,,,צדר אדום גרמני במשקל,Unknown,0.00,"ק""ג",true,0,90.00,90.00,true,1,
8440523,false,סטייק סינטה מופשר מיושן,,,סטייק סינטה מופשר,Unknown,0.00,"ק""ג",true,0,79.90,79.90,true,1,
8442350,false,גבינה מעושנת SNACKS במשקל,,,SNACKS גבינה אנלוגי,Unknown,0.00,"ק""ג",true,0,130.00,130.00,true,1,
8442688,false,נקניק כפרית יבש מזרע,,,נקניק כפרית יבש,Unknown,0.00,"ק""ג",true,0,170.00,170.00,true,1,
8776066,false,סטייק סינטה עגל,,,סטייק סינטה עגל,Unknown,0.00,"ק""ג",true,0,114.90,114.90,true,1,
8776820,false,קוביות שריר לקדירה טרי,,,קוביות שריר לקדירה,Unknown,0.00,"ק""ג",true,0,59.90,59.90,true,1,
8776844,false,קוביות שייטל טרי לשיפודים,,,קוביות שייטל טרי,Unknown,0.00,"ק""ג",true,0,109.90,109.90,true,1,
8776875,false,סטייק ניו יורק,,,סטייק ניו יורק,Unknown,0.00,"ק""ג",true,0,119.90,119.90,true,1,
9441017,false,עגבניות שרי,,,עגבניות שרי,Unknown,0.00,"ק""ג",true,0,29.90,29.90,true,1,
9441024,false,עגבניות תמר,,,עגבניות שרי,Unknown,0.00,"ק""ג",true,0,29.90,29.90,true,1,
40084107,false,ביצת שוקולד הפתעה קינדר,קדבורי,IT,קינדר ביצת הפתעה,Unknown,0.00,Unknown,false,1,6.90,6.90,true,1,
40111445,false,מ&מס פינאטס 45 גרם,,,מ&מס פינאטס 45 גרם,גרמים,45.00,100 גרם,false,1,5.50,12.22,true,1,
40341002,false,"ליקר אונדרברג 20 מ""ל",,,"ליקר אונדרברג 20 מ""ל",Unknown,0.00,Unknown,false,1,10.90,10.90,true,1,
40786179,false,בירה לוונבראו פחית 500 מל,,,בירה לוונבראו פחית 5,מיליליטרים,500.00,"100 מ""ל",false,1,12.90,2.58,true,1,
41001356,false,"בירה בקס פחית 500 מ""ל",יבואן ומשווק: ש. שסט,DE,"בירה בקס פחית 500 מ""",מיליליטרים,500.00,"100 מ""ל",false,1,12.90,2.58,true,1,
42061939,false,"בירה בקס בקבוק 500 מ""ל בקבוק","איי, בי, אינבוו",DE,"בירה בקס 500 מ""ל",מיליליטרים,500.00,"100 מ""ל",false,1,10.90,2.18,true,1,
42138105,false,סיגריות וינסטון סופר סלימס כחול,גיי טי אינטרנשיונל,,ווינסטון סופר סלימס,Unknown,0.00,Unknown,false,1,33.00,33.00,true,1,
42139447,false,סיגריות כאמל לבן חפי,JTI,,כמאל לבן חפיסה,יחידה,1.00,יחידה,false,1,30.90,30.90,true,1,
42154662,false,אורביט באריזת מעטפה ספירמינט מסטיק,ריגלי צרפת,FR,אורביט באריזת מעטפה,Unknown,0.00,Unknown,false,1,7.90,7.90,true,1,
42182115,false,אורביט פייב ספירמינט 12 סטיקס 29 גר,ריגלי צרפת,FR,אורביט פייב ספירמינט,Unknown,0.00,Unknown,false,1,7.50,7.50,true,1,
42188889,false,אורביט פייב אבטיח 12 סטיקס 29 גר,ריגלי צרפת,FR,אורביט פייב אבטיח 12,Unknown,0.00,Unknown,false,1,7.50,7.50,true,1,
42212119,false,מסטיק אורביט פרופשיויל פפרמינט מעטפה,ריגלי צרפת,FR,מסטיק אורביט פרופשיו,Unknown,0.00,Unknown,false,1,7.90,7.90,true,1,
42306788,false,איירוייבז אוכמניות ומנטה בקופסה 25 יח HP,ריגלי,GB,איירוייבז אוכמניות ו,Unknown,0.00,Unknown,false,1,7.90,7.90,true,1,
59039549,false,ווג פריזון מנטול חפיסה,BAT,,ווג פריזון מנטול חפי,Unknown,0.00,Unknown,false,1,38.00,38.00,true,1,
59455233,false,סיגריות ווג ליידי כח,BAT,,ווג סופרסלימס כחול,יחידה,1.00,יחידה,false,1,38.00,38.00,true,1,
61908024,false,נתח פילה סלמון קפוא,,,נתח פילה סלמון קפוא,Unknown,0.00,"ק""ג",true,0,104.90,104.90,true,1,
72917367,false,טעמי 28 חטיף 40 גר',"שטראוס גרופ בע""מ",IL,טעמי 40 גרם,גרמים,40.00,100 גרם,false,1,4.50,11.25,true,1,
72940754,false,מילקי וניל 133 גרם,"שטראוס גרופ בע""מ",IL,מילקי וניל 130 גרם,גרמים,130.00,100 גרם,false,1,2.90,2.23,true,1,
72940761,false,מילקי שוקולד מהדרין 170 ג',מיוצר עי קונדיטוריית,IL,מילקי שוקולד 130 גרם,גרמים,130.00,100 גרם,false,1,2.90,2.23,true,1,
72940952,false,מילקי פי 2 קצפת אקסטרה 170 ג',"שטראוס גרופ בע""מ",IL,מילקי פי 2 קצפת 104,גרמים,104.00,100 גרם,false,1,4.10,3.94,true,1,
72963753,false,שמנת אורגינל של פעם 27% שומן 200 ג' תנובה,תנובה מרכז שיתופי לש,IL,שמנת של פעם 27% 200,מיליליטרים,200.00,"100 מ""ל",false,1,4.40,2.20,true,1,
72986370,false,"גלידת בן & ג'ריס פיינטים וניל 500מ""ל",מוצרי איכות אמריקאים,IL,בן אנד גריס גלידת ונ,מיליליטרים,500.00,"100 מ""ל",false,1,25.90,5.18,true,1,
72986424,false,"גלידת בן & ג'ריס פיינטים קרם עוגיות 500מ""ל",מוצרי איכות אמריקאיי,IL,בן אנד גריס גלידת קר,מיליליטרים,500.00,"100 מ""ל",false,1,25.90,5.18,true,1,
72986448,false,"גלידת בן & ג'ריס פיינטים טופי קראנץ 500מ""ל",מוצרי איכות אמריקאיי,IL,בן אנד גריס גלידת טו,מיליליטרים,800.00,"100 מ""ל",false,1,25.90,3.24,true,1,
72986455,false,"גלידת בן & ג'ריס פיינטים ניו-יורק 500מ""ל",מוצרי איכות אמריקאיי,IL,בן אנד גריס גלידת ני,מיליליטרים,500.00,"100 מ""ל",false,1,25.90,5.18,true,1,
72986479,false,"גלידה שוקולד אגוז עם בננות בן וג'ירי 500 מ""ל",מוצרי איכות אמריקאיי,IL,בן אנד גריס גלידת צא,מיליליטרים,500.00,"100 מ""ל",false,1,25.90,5.18,true,1,
72989425,false,"גלידת בן & ג'ריס פיינטים שוקולד בראוניז 500מ""ל",מוצרי איכות אמריקאיי,IL,בן אנד גריס שוקולד ב,מיליליטרים,500.00,"100 מ""ל",false,1,25.90,5.18,true,1,
72991008,false,חטיף פסק זמן במילוי ופל מגולגל 45 גרם,"שטראוס גרופ בע""מ",IL,"פ""ז קלסיק מגדים 45 ג",גרמים,45.00,100 גרם,false,1,5.90,13.11,true,1,
72991886,false,"גלידת דולצ'ה בטעם ריבת חלב עם פאדג' בן וג'ירי 500 מ""ל",מוצרי איכות אמריקאיי,IL,בן אנד גריס 500,מיליליטרים,500.00,"100 מ""ל",false,1,25.90,5.18,true,1,
72994061,false,חטיף פסק זמן GOOD גלילית לבן 40 גרם,שולן צ'יקולטה גידה ס,TR,פסק זמן טו גוד 36 גר,גרמים,36.00,100 גרם,false,1,5.90,16.39,true,1,
80050124,false,סוכריות טיק טק בטעם מנטה,קדבורי,ZA,סוכריות טיק טק בטעם,גרמים,16.00,100 גרם,false,1,3.90,24.38,true,1,
80052760,false,קינדר בואנו קלאסי 43 ג',קדבורי,PL,חטיף קינדר בואנו 43,גרמים,43.00,100 גרם,false,1,5.50,12.79,true,1,
80136194,false,קינדר הפי היפו אגוזי לוז חמישייה 103.5 ג,קדבורי,IT,קינדר הפי היפו אגוזי,גרמים,104.00,100 גרם,false,1,15.90,15.29,true,1,
80176800,false,נוטלה ממרח שוקולד 750 גרם,פררו תעשיות איטליה ס,IT,ממרח שוקולד נוטלה 75,גרמים,750.00,100 גרם,false,1,27.90,3.72,true,1,
80177173,false,ממרח נוטלה קקאו עם א,פררו,IT,ממרח נוטלה 350 גרם,גרמים,350.00,100 גרם,false,1,16.90,4.83,true,1,
80177180,false,שוקולד קינדר קאונטרי 23.5 גרם,קדבורי,IT,שוקולד קינדר קאונטרי,גרמים,24.00,100 גרם,false,1,3.50,14.58,true,1,
80177609,false,קינדר - אצבעות שוקולד רביעייה,קדבורי,IT,קינדר 50 גרם,גרמים,50.00,100 גרם,false,1,5.50,11.00,true,1,
80177616,false,טבלת שוקולד קינדר 100 גרם,פררו,IT,טבלת שוקולד קינדר 10,גרמים,100.00,100 גרם,false,1,9.90,9.90,true,1,
80310167,false,קינדר מקסי שישייה 126 גר,,,קינדר מקסי שישייה 12,גרמים,126.00,100 גרם,false,1,11.90,9.44,true,1,
80310549,false,הפי היפו חטיף קינדר שוקולד לבן 20.5ג',קדבורי,DE,קינדר הפי היפו אגוזי,גרמים,35.00,100 גרם,false,1,4.50,12.86,true,1,
80310891,false,ביצת קינדר ג'וי שוקולד 20ג',פררו,ZA,ביצת הפתעה קינדר גוי,גרמים,20.00,100 גרם,false,1,6.90,34.50,true,1,
80525264,false,Agnesi רוטב עגבניות ובזיל 400 גר,,IT,רוטב עגבניות,גרמים,400.00,100 גרם,false,0,15.60,3.90,true,1,
80525462,false,Agnesi רוטב עגבניות נפוליטנה 400 גר,,IT,Agnesi רוטב עגבניות,גרמים,400.00,100 גרם,false,0,15.60,3.90,true,1,
80704188,false,מחית כמהין 80 גרם,,,מחית כמהין 80 גרם,Unknown,0.00,Unknown,false,1,62.90,62.90,true,1,
80704256,false,"שמן פטריות כמהין 60 מ""ל",,,שמן פטריות כמהין 60,מיליליטרים,60.00,"100 מ""ל",false,1,54.90,91.50,true,1,
80718765,false,טונה במים בצנצנת קלי,קליפו קונסרב,IT,טונה במים 160 גר CAL,גרמים,160.00,100 גרם,false,1,27.50,17.19,true,1,
80864295,false,סוכריות פיור וויט טעם מנטה עדינה 60 ג' מנטוס,"פרפטי ואן מלה ג'ידה,",TR,מסטיק מנטוס וייט מנט,גרמים,60.00,100 גרם,false,1,10.90,18.17,true,1,
80874652,false,קינדר קלפים בודד 25.6 גר',פררו,IT,וופל קינדר קארדס 25.,גרמים,26.00,100 גרם,false,1,4.50,17.31,true,1,
80913467,false,מסטיק מנטו בבקבוק מעוגל בטעם מנטה 60 ג',פרפטי ואן מלה ברדה,TR,מנטוס בבקבוק מעוגל ב,Unknown,0.00,Unknown,false,1,10.90,10.90,true,1,
80936848,false,סוכריות טיק טק תות שדה 24 יח',קדבורי,ZA,סוכריות טיק טק בטעם,גרמים,16.00,100 גרם,false,1,3.90,24.38,true,1,
80945468,false,סוכריות פיור וויט טעם מנטה מתוקה 60 ג' מנטוס,"פרפטי ואן מלה ג'ידה,",TR,מסטיק מנטוס וייט מנט,גרמים,60.00,100 גרם,false,1,10.90,18.17,true,1,
85939868,false,נייר קצר ללא פילטר PIH,,,נייר קצר ללא פילטר P,יחידה,1.00,יחידה,false,1,3.00,3.00,true,1,
85942707,false,נייר קצר ללא פילטר עבה PIH,,,נייר קצר ללא פילטר ע,יחידה,1.00,יחידה,false,1,3.00,3.00,true,1,
85951730,false,רול פור יו פילטרים ל,,,פילטרים PIH,יחידה,1.00,יחידה,false,1,5.00,5.00,true,1,
85966611,false,נייר גלגול גדול כולל פילטר PIH,,,נייר גלגול גדול כול,יחידה,1.00,יחידה,false,1,6.50,6.50,true,1,
87108538,false,סוכריות מנטוס תות גל,הדקלאים אגודת שיתופי,NL,מנטוס תות שדה,Unknown,0.00,Unknown,false,1,3.60,3.60,true,1,
88801124,false,מצת קליפר,,,מצת קליפר,Unknown,0.00,Unknown,false,1,6.90,6.90,true,1,
90087547,false,מיץ עגבניות 1 ליטר ראוך קרטונית,,,מיץ עגבניות 1 ליטר ר,מיליליטרים,1000.00,"100 מ""ל",false,1,12.50,1.25,true,1,
90162602,false,"משקה רד בול מוגז פחית 250 מ""ל",רד בול ג'י.אם.בי. אץ,AT,משקה רד בול מוגז פחי,מיליליטרים,250.00,"100 מ""ל",false,1,7.90,3.16,true,1,
90162800,false,רד בול משקה אנרגיה ללא סוכר פקדון 30 אג,רד בול ג'י.אם.בי. אץ,AT,משקה רד בול מוגז,מיליליטרים,250.00,"100 מ""ל",false,1,7.90,3.16,true,1,
90446269,false,"משקה רד בול אבטיח מוגז פחית 250 מ""ל",ראון פרוכטסאפה,AT,משקה רד בול אבטיח מו,מיליליטרים,250.00,"100 מ""ל",false,1,7.90,3.16,true,1,
90448867,false,"משקה אנרגיה רד בול ללא פחמימות 250 מ""ל",רד בול,AT,משקה אנרגיה רד בול ל,מיליליטרים,250.00,"100 מ""ל",false,1,7.90,3.16,true,1,
90453427,false,"משקה אנרגיה רד בול פיטאיה 250 מ""ל",רד בול,,משקה אנרגיה רד בול פ,מיליליטרים,250.00,"100 מ""ל",false,1,7.90,3.16,true,1,
8112100298,false,שמן שומשום טהור לא מ,Flavor full foods in,,"שמן שומשום 185 מ""ל",מיליליטרים,185.00,"100 מ""ל",false,1,15.90,8.59,true,1,
10900678148,false,דיאמונד רדיד אלומיניום נון סטיק,,CN,דיאמונד רדיד אלומיני,יחידה,1.00,יחידה,false,1,16.90,16.90,true,1,
11182700916,false,קינג קול שעועית לבנה צפונית 439 גרם,,,שעועית לבנה צפונית 4,גרמים,454.00,100 גרם,false,1,12.80,2.82,true,1,
12086304019,false,יין גוזף דרוהין בורגון אליגוטה 750 מל,,,יין גוזף דרוהין בורג,Unknown,0.00,Unknown,false,1,91.90,91.90,true,1,
16000548404,false,ניטשר ואלי חטיף קראנצי גרנולה שיבולת שועל 210 ג',ג'נרל מילס סאן אדריא,ES,קראנצי בטעם שיבולת,גרמים,210.00,100 גרם,false,1,19.90,9.48,true,1,
16000548909,false,חטיף ניישטר וואלי 1/5 בריאות מעורב 210 ג,ג'נרל מילס סאן אדריא,ES,חטיף ניישטר וואלי 1/,גרמים,210.00,100 גרם,false,1,19.90,9.48,true,1,
18000766413,false,תערובת להכנת עוגה בטעם שוקולד,הדקלאים אגודת שיתופי,IL,תערובת לבראוניס 552,גרמים,609.00,100 גרם,false,1,19.90,3.27,true,1,
21723339994,false,טיפרוס רוטב דגים מזר,,,רוטב דגים 300מ`ל,מיליליטרים,300.00,"100 מ""ל",false,1,11.00,3.67,true,1,
22014031023,false,רסק תפוחי עץ אורגני פאוץ 4*90 גרם,MANISCHEWITZ,US,רסק תפוחי עץ אורגני,גרמים,360.00,100 גרם,false,1,19.90,5.53,true,1,
22014240623,false,רסק תפוחי עץ אורגני בצנצנת 680 גרם,MANISCHEWITZ,US,רסק תפוחי עץ אורגני,גרמים,680.00,100 גרם,false,1,21.90,3.22,true,1,
22224200820,false,וולבי ליקריץ תות בסגנון אוסטרלי 114 גרם,,,וולבי ליקריץ תות בסג,גרמים,114.00,100 גרם,false,1,13.50,11.84,true,1,
25675120068,false,מקלות חמצוצים קולה 100 גרם,,,מקלות חמצוצים קולה 1,גרמים,100.00,100 גרם,false,1,9.90,9.90,true,1,
25675301153,false,פשקס - חמצוצים מקלות פטל 50 גרם,יושלם,,מקלות חמצוצים פטל 50,גרמים,50.00,100 גרם,false,1,5.90,11.80,true,1,
29801025203,false,עוגיות חמאה קריספי - ב. באטרס 200 גר,,,עוגיות חמאה קריספי -,גרמים,200.00,100 גרם,false,1,21.90,10.95,true,1,
30100487180,false,קיבלר 8 סנדוויץ קרקר גבינה וצדר 311 גרם,,,קיבלר 8 סנדוויץ קרקר,גרמים,31100.00,100 גרם,false,1,29.30,0.09,true,1,
31200001597,false,חמוציות אושן ספריי קליית גת בשקית 170 גרם,,,חמוציות אושן ספריי ב,גרמים,170.00,100 גרם,false,1,17.90,10.53,true,1,
31290140176,false,שוקולוד מריר בתוספת שקדים שוקולד גודייבה פינגרס,פלאדיס,TR,שוקולד מריר עם שקדים,גרמים,90.00,100 גרם,false,1,15.90,17.67,true,1,
31290140190,false,שוקולד עם נגיעות מלח ים שוקולד גודייבה פינגרס,פלאדיס,TR,שוקולד נגיעות מלח ים,גרמים,90.00,100 גרם,false,1,15.90,17.67,true,1,
33617340610,false,קרקר ואזה 203-275 גרם מקמח שיפון 275,כלורוקס אוקלנד,SE,ואזה מקמח שיפון 250,גרמים,275.00,100 גרם,false,1,14.90,5.42,true,1,
34000470228,false,חטיף ריזס מיניס 70 גרם,הרשי,,חטיף ריזס מיניס 70 ג,גרמים,70.00,100 גרם,false,1,7.80,11.14,true,1,
36000516876,false,ממחטות נייר קלינקס לושן 3 שכבות 75 דף,קימברלי,GB,ממחטות נייר קלינקס ל,Unknown,0.00,Unknown,false,1,12.90,12.90,true,1,
37600297943,false,מטבל סלסה חריף- צ'י צ'י 439 גר,,US,מטבל סלסה חריף צי צי,גרמים,439.00,100 גרם,false,1,22.90,5.22,true,1,
37600297967,false,מטבל סלסה בחריפות עדינה ציי צי 439 גר,,US,מטבל סלסה בחריפות עד,גרמים,439.00,100 גרם,false,1,22.90,5.22,true,1,
38000138720,false,פרינגלס  תכלת ראנץ 158 ג',פרינגלס מניופקצ'ורינ,US,פרינגלס ראנץ 158 גרם,גרמים,158.00,100 גרם,false,1,10.90,6.90,true,1,
38000197840,false,פרינגלס גלי בטעם חריף מתוק 137 ג',פרינגלס מניופקצ'ורינ,US,פרינגלס וייב חריף מת,גרמים,137.00,100 גרם,false,1,10.90,7.96,true,1,
38000232152,false,פרינגלס ברביקיו 158 גרם – חדש,פרינגלס מניופקצ'ורינ,US,פרינגלס ברביקיו 158,גרמים,158.00,100 גרם,false,1,10.90,6.90,true,1,
38000232169,false,פרינגלס מידי אורגינל 71 גרם,פרינגלס מניופקצ'ורינ,US,פרינגלס מידי אורגינל,גרמים,71.00,100 גרם,false,1,5.90,8.31,true,1,
38000232176,false,פרינגלס שמנת ובצל 158 גרם,פרינגלס מניופקצ'ורינ,US,פרינגלס שמנת בצל 158,גרמים,158.00,100 גרם,false,1,10.90,6.90,true,1,
38000232183,false,פרינגלס אוריגינל 149 גרם,פרינגלס מניופקצ'ורינ,US,פרינגלס אוריגינל 149,גרמים,149.00,100 גרם,false,1,10.90,7.32,true,1,
38000845253,false,פרינגלס מידי שמנת בצל 71 גרם,פרינגלס מנופקצורינג,US,פרינגלס מידי שמנת בצ,גרמים,71.00,100 גרם,false,1,5.90,8.31,true,1,
38527591053,false,קואקר דגנים מרובעים שיבולת שועל וקינמון,BEVERAGES FOODS & SE,,דגני בוקר מרובעים קי,גרמים,411.00,100 גרם,false,1,22.90,5.57,true,1,
38527591060,false,קוואקר מרובעים אינסנט סוכר חום 430 ג',BEVERAGES FOODS & SE,,דגני בוקר מרובעים 4,גרמים,411.00,100 גרם,false,1,22.90,5.57,true,1,
39000010351,false,פלפל חלפיניו בצנצנת אורטגה 340 גרם,,,פלפל חלפיניו בצנצנת,גרמים,340.00,100 גרם,false,1,21.90,6.44,true,1,
39000015677,false,C&T סלסה מיילד אורטגה 454 גרם,,,C&T סלסה מיילד אורטג,גרמים,454.00,100 גרם,false,1,25.90,5.70,true,1,
41190045600,false,שופרייט דגנים פצפוצי אורז סקראנצ'י 340 ג,,,שופ רייט פצפוצי אורז,גרמים,340.00,100 גרם,false,1,30.90,9.09,true,1,
41190052035,false,שופרייט חרדל צהוב לחיץ 397 גרם,,US,שופרייט חרדל צהוב לח,גרמים,397.00,100 גרם,false,1,12.90,3.25,true,1,
41331124430,false,שעועית לבנה חמאה 439 גרם,,,שעועית לבנה חמאה,גרמים,439.00,100 גרם,false,1,14.60,3.33,true,1,
41331124669,false,גויה שעועית שחורה 439 גרם,,,גויה שעועית שחורה 43,גרמים,439.00,100 גרם,false,1,12.90,2.94,true,1,
41390001079,false,"רוטב סויה מופחת נתרן קיקומן 444 מ""ל",,US,רוטב סויה מופחת נתרן,מיליליטרים,444.00,"100 מ""ל",false,1,25.10,5.65,true,1,
41500013107,false,רוטב וורצסטר פרנצס29,רקיט בנקיזר,US,רוטב וורצסטר 296 מל,מיליליטרים,296.00,"100 מ""ל",false,1,20.90,7.06,true,1,
41740001353,false,גולד רוטב חמוץ מתוק לעוף 510 גרם,,,גולד רוטב חמוץ מתוק,גרמים,510.00,100 גרם,false,1,24.90,4.88,true,1,
46214731552,false,עוגיות שוקולד ציפס מובחרות 225 ג',קריניציה ויטמינה אס,NL,עוגיות מרבה שוקולד צ,גרמים,225.00,100 גרם,false,1,10.90,4.84,true,1,
48327203513,false,"שמן זית כתית מעולה 750 מ""ל YBARRA",,ES,שמן זית כתית מעולה 7,מיליליטרים,750.00,"100 מ""ל",false,1,39.90,5.32,true,1,
50000429042,false,פנסי פיסט - כבד עם מעדני עוף 85 גרם,פורינה,US,פינסי פיטס כבד מעדן,גרמים,85.00,100 גרם,false,1,5.90,6.94,true,1,
50000429448,false,פנסי פיסט - מוס סלמון 85 גרם,פורינה,US,פנסי פיסט מוס סלומון,גרמים,85.00,100 גרם,false,1,5.90,6.94,true,1,
50000429844,false,פנסי פיסט פטה הודו ועוף,פורינה,US,פינסי פיטס הודוו נתח,גרמים,85.00,100 גרם,false,1,5.90,6.94,true,1,
52100004426,false,מקלות קינמון 21 גרם,,US,מקלות קינמון 21 גר,גרמים,21.00,100 גרם,false,1,30.90,147.14,true,1,
52100070995,false,תמצית טעם וניל 59 גר,,US,תמצית טעם וניל 59 גר,גרמים,59.00,100 גרם,false,1,11.90,20.17,true,1,
54881005654,false,תה ירוק יסמין 20 שקיות AHMAD TEA,,,תה ירוק יסמין 20 שקי,Unknown,0.00,Unknown,false,1,17.70,17.70,true,1,
54881006972,false,תה שחור לימון וליים 20 שקיקים אחמד,,,תה שחור לימון וליים,Unknown,0.00,Unknown,false,1,13.70,13.70,true,1,
54881007115,false,תה שחור וניל 20 שקיקים אחמד,,,תה שחור וניל 20 שקיק,Unknown,0.00,Unknown,false,1,13.70,13.70,true,1,
55369901673,false,אפלסנקס רביעיות רסק תפוחי עץ אפרסק ללא תוספת סוכר,ליייהי אורצ'רדס,,"אפלסנק ללת""ס רסק תפו",גרמים,113.00,100 גרם,false,1,17.50,15.49,true,1,
55369901703,false,"רסק אפל סנקס תפו""ע תות שדה לל""ס מארז 113X4ג'",ליייהי אורצ'רדס,,"אפלסנק ללת""ס רסק תפו",גרמים,113.00,100 גרם,false,1,17.50,15.49,true,1,
55369902564,false,אפלסנקס רביעיות רסק תפוחי עץ ללא תוספת סוכר עברית,ליייהי אורצ'רדס,,"רסק תפו""ע ללת""ס רביע",גרמים,113.00,100 גרם,false,1,17.50,15.49,true,1,
64144090020,false,"ספריי שמן PAM בטעם שמן זית 141 מ""ל",קונאגרה פודס,,ספריי שמן PAM בטעם ש,מיליליטרים,141.00,"100 מ""ל",false,1,21.90,15.53,true,1,
70177077693,false,תה אנגליש ברקפסט 25 שקיות טוינינגס 50 גר,אר. טווינינגס אנד קו,PL,תה אנגליש ברקפסט 25,גרמים,50.00,100 גרם,false,1,20.90,41.80,true,1,
70177177669,false,חליטה למון גינגר 30 גרם טווינינג,,PL,חליטה למון גינגר 30,Unknown,0.00,Unknown,false,1,19.80,19.80,true,1,
71570001667,false,גלי בלי סוכריות 20 טעמים 70 גרם,ג'לי בלי קינדי,TH,גלי בלי סוכריות 20 ט,גרמים,70.00,100 גרם,false,1,14.90,21.29,true,1,
71570001841,false,גלי בלי סוכריות בטעמים חמוצים 70 גרם,ג'לי בלי קינדי,TH,גלי בלי סוכריות בטעמ,גרמים,70.00,100 גרם,false,1,14.90,21.29,true,1,
71570004293,false,גלי בלי סוכריות פניניות 70 גרם,,,גלי בלי סוכריות פנינ,גרמים,70.00,100 גרם,false,1,14.90,21.29,true,1,
72600005846,false,הר טורטיה דיפר מתירס לבן 383 גרם,,,הר טורטיה דיפר מתירס,גרמים,383.00,100 גרם,false,1,28.00,7.31,true,1,
72600009257,false,הר טורטיה צ'יפס מתירס לבן 255 גרם,הר פודס,US,הר חטיפי טורטיה תירס,גרמים,255.00,100 גרם,false,1,24.90,9.76,true,1,
74570174003,false,"גלידת שמנת אגוזי מקדמיה 473 מ""ל",האגן דאז,,גלידה האגן דאז מקדמי,מיליליטרים,473.00,"100 מ""ל",false,1,26.90,5.69,true,1,
74570274000,false,"גלידת שמנת קרם עוגיות 473 מ""ל",האגן דאז,,גלידה האגן דאז,מיליליטרים,473.00,"100 מ""ל",false,1,26.90,5.69,true,1,
74570950010,false,"גלידת שמנת עוג'גבינה+תות 473 מ""ל",האגן דאז,,האגן דאז גבינה ותות,מיליליטרים,473.00,"100 מ""ל",false,1,26.90,5.69,true,1,
74603005892,false,סאמיאנג ראמן נודלס בקר 120 גרם,סאמיאנג פודס,KR,סאמיאנג ראמן נודלס ב,גרמים,120.00,100 גרם,false,1,12.90,10.75,true,1,
74603005922,false,סאמיאנג נודלס ראמן עם שעועית שחורה 140 ג,סאמיאנג פודס,KR,סאמיאנג נודלס ראמן ע,גרמים,140.00,100 גרם,false,1,12.90,9.21,true,1,
74880020403,false,טוגראשי נאנאמי 15 גרם,,,טוגראשי נאנאמי 15 גר,גרמים,15.00,100 גרם,false,1,21.70,144.67,true,1,
75810021255,false,רוטב תמרי ללא גלוטן,סאן גיי אינטרנשיונל,,תמרי רוטב סויה סאן,מיליליטרים,296.00,"100 מ""ל",false,1,28.90,9.76,true,1,
76840002542,false,"גלידת בן & ג'ריס פיינט נטפליקס וצ'ילד 500מ""ל",מוצרי איכות אמריקאים,IL,פיינט נטפליקס & צילד,גרמים,424.00,100 גרם,false,1,25.90,6.11,true,1,
76840100583,false,"גלידת וניל עם בצק עוגיות בן וג'ירי 473 מ""ל",מוצרי איכות אמריקאיי,,בן אנד גריס וניל עם,גרמים,500.00,100 גרם,false,1,25.90,5.18,true,1,
76840400218,false,"גלידה בן&ג'ריס תות שדה ועוגת גבינה 500מ""ל",מוצרי איכות אמריקאיי,,בן אנד גריס עוגת גבי,מיליליטרים,473.00,"100 מ""ל",false,1,25.90,5.48,true,1,
77428105006,false,"ASSORTIS בונבוניירה 200 גרם - ד""ר",,NL,דרוסטה מארז אסורטיז,גרמים,200.00,100 גרם,false,1,34.90,17.45,true,1,
77975094624,false,"סניידרס סנדוויץ בייגלה במילוי חמאת בוטנים , 226 ג'",סניידרס,US,סניידרס שברי בייגלה,גרמים,270.00,100 גרם,false,1,17.70,6.56,true,1,
77975094631,false,סנדוויץ' בייגלה במילוי בטעם קרם צ'דר 226 גר',סיינדרס,US,סניידרס סנדוויץ בייג,גרמים,283.00,100 גרם,false,1,17.70,6.25,true,1,
77975094761,false,שברי בייגלה סניידרס בטעם צידר 340 גרם,סניידרס,US,שברי בייגלה סניידרס,גרמים,340.00,100 גרם,false,1,17.70,5.21,true,1,
80432402931,false,"וויסקי שיבאס רגאל 12 שנה 700 מ""ל",מזקקת האחים שיבאס,GB,וויסקי שיבאס רגאל 12,מיליליטרים,700.00,"100 מ""ל",false,1,119.90,17.13,true,1,
89041081056,false,שמן צילי 180 מל,,,"שמן צילי 180 מ""ל",מיליליטרים,185.00,"100 מ""ל",false,1,14.20,7.68,true,1,
89397344348,false,דיניקולה רוטב פסטה עם שום קלוי 737 גרם,ג'יאובני פוד אינק,,רוטב פסטה שום צלוי 7,מיליליטרים,614.00,"100 מ""ל",false,1,18.90,3.08,true,1,
89397344362,false,רוטב דיניקולה פסטה בטעם מרינדה 737 גרם,ג'יאובני פוד אינק,,רוטב פסטה מרינרה 737,גרמים,737.00,100 גרם,false,1,18.90,2.56,true,1,
90341123452,false,"וירגיל קרים סודה 355 מ""ל",,,וירגיל קרים סודה 35,מיליליטרים,355.00,"100 מ""ל",false,1,16.90,4.76,true,1,
90341232321,false,"וירגיל דובדובן קרים סודה 355 מ""ל",,,וירגיל דובדובן קרים,מיליליטרים,355.00,"100 מ""ל",false,1,16.90,4.76,true,1,
608614342631,false,פרסבורגר פרג,,,פרסבורגר פרג,Unknown,0.00,Unknown,false,1,39.90,39.90,true,1,
608614342648,false,שמרים גבינה דובדבן,,,שמרים גבינה דובדבן,Unknown,0.00,Unknown,false,1,39.90,39.90,true,1,
608614342662,false,קראנץ שוקולד,,,קראנץ שוקולד,Unknown,0.00,Unknown,false,1,39.90,39.90,true,1,
608614342730,false,בראוניז שוקולד,,,בראוניז שוקולד,Unknown,0.00,Unknown,false,1,43.90,43.90,true,1,
608614342747,false,פאי אגוזים,,,פאי אגוזים,Unknown,0.00,Unknown,false,1,43.90,43.90,true,1,
608614342815,false,מארז לחמניות,,,מארז לחמניות,Unknown,0.00,Unknown,false,1,16.90,16.90,true,1,
608614342921,false,חלת שמרים,,,חלת שמרים,Unknown,0.00,Unknown,false,1,15.90,15.90,true,1,
608614342990,false,חצי עוגת שמרים,,,חצי עוגת שמרים,Unknown,0.00,Unknown,false,1,24.90,24.90,true,1,
608614343065,false,חצי לחם מחמצת,,,חצי לחם מחמצת,Unknown,0.00,Unknown,false,1,12.90,12.90,true,1,
608614343072,false,לחם שיפון 100% קוביה,,,מארז בגט,Unknown,0.00,Unknown,false,1,16.90,16.90,true,1,
638102582737,false,חטיף זון קלסיק רול קינמון 50 גר,"אבוט נוטרישן, מעבדות",US,חטיף זון קלסיק רול ק,גרמים,50.00,100 גרם,false,1,13.90,27.80,true,1,
644209301126,false,תערובת להכנת פנקייק וואפל באטרמילק 907 ג,,,תערובת להכנת פנקייק,גרמים,907.00,100 גרם,false,1,24.90,2.75,true,1,
645173911038,false,מלפפון קורנישון מיני בצנצנת 720ג',קלמן אינדיה,,קורנישון מיני בצנצנת,גרמים,720.00,100 גרם,false,1,11.50,1.60,true,1,
649660432020,false,היל ויו שזיפים מיובשים מגולענים 567 גרם,"היל ויו בע""מ",,היל ויו שזיפים מיובש,גרמים,567.00,100 גרם,false,1,31.90,5.63,true,1,
655553698777,false,שרשרת דגלים יום הולד,,,שרשרת דגלים יום הולד,Unknown,0.00,Unknown,false,1,9.90,9.90,true,1,
693493095501,false,מעמול תמרים,,,מעמול תמרים,Unknown,0.00,Unknown,false,1,37.90,37.90,true,1,
693493095532,false,עוגיות אלפחורס ממולא,,,עוגיות אלפחורס ממולא,Unknown,0.00,Unknown,false,1,37.90,37.90,true,1,
693493095914,false,מארז שנק וניל,,,מארז שנק וניל,Unknown,0.00,Unknown,false,1,26.90,26.90,true,1,
693493095921,false,מארז רוגלך בטעמים,,,מארז רוגלך בטעמים,Unknown,0.00,Unknown,false,1,26.90,26.90,true,1,
707595100114,false,פלפלים אדומים קלויים 480 ג' NESTOS,NESTOS,GR,פלפלים אדומים קלויים,גרמים,480.00,100 גרם,false,1,14.90,3.10,true,1,
728229124771,false,חטיף ציפס טרה מבטטה בטעם ברביקיו 110 גרם,היין פיוצ'ור נטורל פ,IN,חטיף ציפס טרה מבטטה,גרמים,110.00,100 גרם,false,1,16.90,15.36,true,1,
728229124795,false,"חטיף טרה בטטה כשל""פ 110 גר",היין סלסטייאל גרופ,US,"חטיף טרה בטטה כשל""פ",גרמים,110.00,100 גרם,false,1,16.90,15.36,true,1,
728229130444,false,טרה צ'יפס ירקות אקזוטים פסים וכחולים,היין סלסטיאל גרופ,US,חטיף ציפס מירקות כחו,גרמים,110.00,100 גרם,false,1,16.90,15.36,true,1,
731559148775,false,כובע חג מולד,,,כובע חג מולד,Unknown,0.00,Unknown,false,1,10.00,10.00,true,1,
731559148799,false,כובע חג מולד,,,כובע חג מולד,Unknown,0.00,Unknown,false,1,12.00,12.00,true,1,
731559150631,false,סט כדורי פלסטיק 6 יחידות משובץ,,,סט כדורי פלסטיק 6 יח,Unknown,0.00,Unknown,false,1,17.00,17.00,true,1,
732494000500,false,קרטורס פופקורן קרמל 227 גרם,איגל פודס ווקיגאן מפ,US,קרטורס פופקורן קרמל,גרמים,227.00,100 גרם,false,1,31.50,13.88,true,1,
732494000524,false,קרטורס פופקורן שיקגו קרמל 213 גרם,איגל פודס ווקיגאן מפ,US,קרטורס פופקורן שיקגו,גרמים,213.00,100 גרם,false,1,31.50,14.79,true,1,
761720988183,false,ארגו אבקת אפיה ללא אלומיניאום 340 גר,,,ארגו אבקת אפיה ללא א,גרמים,340.00,100 גרם,false,1,24.90,7.32,true,1,
768404001640,false,"גלידה בן&ג'ריס קפה משפחתית 500מ""ל",מוצרי איכות אמריקאיי,,בן אנד גריס בטעם קפה,מיליליטרים,500.00,"100 מ""ל",false,1,25.90,5.18,true,1,
810019370151,false,סאנט דלפור תפוח קינמון 284 גרם,,,סאנט דלפור תפוח קינמ,גרמים,284.00,100 גרם,false,1,22.90,8.06,true,1,
851621000043,false,"בירה 1664 Blanc בקבוק 330 מ""ל",,,בירה 1664 Blanc בקבו,מיליליטרים,330.00,"100 מ""ל",false,1,10.50,3.18,true,1,
851621000050,false,"שישיית בירה 1664 Blanc בקבוק 330 מ""ל",קרלסברג ספליי קומפאנ,PL,שישיית בירה 1664 Bla,מיליליטרים,1980.00,"100 מ""ל",false,1,49.90,2.52,true,1,
856591000062,false,עבאדי עוגיות מזרחיות מלח 400 גרם,מאפיית יוסף ושמחה עב,IL,עבאדי עוגיות מזרחיות,גרמים,400.00,100 גרם,false,1,21.90,5.48,true,1,
856591000512,false,עבאדי עוגיות מזרחיות מקלות לניגוב 400 גר,מאפיית יוסף ושמחה עב,IL,עבאדי עוגיות מזרחיות,גרמים,400.00,100 גרם,false,1,21.90,5.48,true,1,
859547004329,false,ספוג ניקוי סקראב דדי,סקארקיסט,US,ספוג ניקוי SCRUB DA,יחידה,1.00,יחידה,false,1,19.90,19.90,true,1,
884912359155,false,דגני בוקר האני באנצס רוסטד 340 ג' POST,post consumer brands,US,האני באנצס רוסטד 340,גרמים,340.00,100 גרם,false,1,24.90,7.32,true,1,
898193001252,false,חליטת קמומיל 28 גרם בונומלי,דולפין ספא,IT,חליטת קמומיל 28 גרם,Unknown,0.00,Unknown,false,1,16.90,16.90,true,1,
1230000116022,false,המבורגר ביונד מיט זוג 226 גרם,ביונד מיט קליפורניה,US,המבורגר ביונד מיט זו,גרמים,226.00,100 גרם,false,1,34.90,15.44,true,1,
2000024002507,false,פרמזנו רגאנו איטלקי במשקל,,,פרמזנו רגאנו איטלקי,Unknown,0.00,"ק""ג",true,0,203.00,203.00,true,1,
3014260022730,false,מב.שיניים אדוונטג 40 מדיום אורל בי זוג,,,מב.שיניים אדוונטג 40,Unknown,0.00,Unknown,false,1,29.50,29.50,true,1,
3046920010801,false,לינדט שוקולד אקסלנס הזלנט 100 גר,לינדט ושפרונגלי אס.א,FR,לינדט שוקולד אקסלנס,גרמים,100.00,100 גרם,false,1,17.90,17.90,true,1,
3046920028004,false,לינדט שוקולד אקסלנס מריר 70% 100 גר,לינדט ושפרונגלי,FR,לינדט שוקולד אקסלנס,גרמים,100.00,100 גרם,false,1,17.90,17.90,true,1,
3046920028363,false,לינדט אקסלנס 85% 100 גרם,לינדט ושפרונגלי,FR,לינדט אקסלנס 85% 100,גרמים,100.00,100 גרם,false,1,17.90,17.90,true,1,
3068320103631,false,מים מינרלים אוויאן 330 מל זכוכית,,,מים מינרלים אוויאן,מיליליטרים,330.00,"100 מ""ל",false,1,7.90,2.39,true,1,
3073781162790,false,גבינת בייבי בל אדום,מחלבות בל,FR,בייבי בל אדם 120 גר,גרמים,120.00,100 גרם,false,1,21.90,18.25,true,1,
3175460000017,false,גבינת בורסאן שום ועשבי תיבול 150 גר,השחר,FR,גבינת בורסאן שום 150,גרמים,150.00,100 גרם,false,1,24.90,16.60,true,1,
3175460030083,false,גבינת בורסאן בצל ועירית 150 גר,השחר,FR,גבינת בורסאן בצל ועי,גרמים,150.00,100 גרם,false,1,24.90,16.60,true,1,
3175529633941,false,"יין אדום ויו פאפ מרלו סירה 750 מ""ל",,FR,יין אדום ויו פאפ מרל,Unknown,0.00,Unknown,false,1,43.90,43.90,true,1,
3178530407938,false,עוגיות מיני מדלן שוקולד 175 גרם,סאן מישל,FR,מיני מדליין 175 גר,גרמים,175.00,100 גרם,false,1,14.90,8.51,true,1,
3178530411478,false,ביסקוויט סאן מישל גדול 150 גר,,,ביסקוויט סאן מישל גד,גרמים,150.00,100 גרם,false,1,13.90,9.27,true,1,
3179732348913,false,מים מינרלים פרייה 1 ליטר,נסטלה ווטרס ספלאי,FR,מים מינרלים פרייה 1,מיליליטרים,1000.00,"100 מ""ל",false,1,9.90,0.99,true,1,
3211200008049,false,"יין לאודלה רוזה 750 מ""ל",,FR,יין לאודלה רוזה 750,מיליליטרים,750.00,"100 מ""ל",false,1,49.90,6.65,true,1,
3211201046439,false,מיזון קסטל קברנה סוביניון 750 מל,,,מיזון קסטל קברנה סוב,Unknown,0.00,Unknown,false,1,48.90,48.90,true,1,
3211203429315,false,ברון דה לסטאק בלאן בורדו 750 מל,,,ברון דה לסטאק בלאן,Unknown,0.00,Unknown,false,1,65.90,65.90,true,1,
3211203433220,false,ברון דה לסטאק בורדו 750 מל,,,ברון דה לסטאק בורדו,Unknown,0.00,Unknown,false,1,65.90,65.90,true,1,
3211203444066,false,מיזון קסטל גרנד רזרב שרדונה 750 מל,,,מיזון קסטל גרנד רזרב,Unknown,0.00,Unknown,false,1,52.90,52.90,true,1,
3211203444141,false,מיזון קסטל גרנד רזרב סירה 750 מל,,,מיזון קסטל גרנד רזרב,Unknown,0.00,Unknown,false,1,52.90,52.90,true,1,
3211209133544,false,"יין שאטו גואלן 750 מ""ל",,FR,יין שאטו גואלן 750 מ,מיליליטרים,750.00,"100 מ""ל",false,1,73.90,9.85,true,1,
3211209149897,false,יין ברון דה לסטאק רוזה בורדו 750 מל,,,יין ברון דה לסטאק רו,Unknown,0.00,Unknown,false,1,65.90,65.90,true,1,
3211209194507,false,מיזון קסטל שרדונה 750 מל,,,מיזון קסטל שרדונה 75,Unknown,0.00,Unknown,false,1,48.90,48.90,true,1,
3211209217602,false,מיזון רוזה דאנזו חצי מתוק 750 מל,,,מיזון רוזה דאנזו חצי,Unknown,0.00,Unknown,false,1,52.90,52.90,true,1,
3211209265900,false,"יין פמלי קסטל ברוט מבעבע 750 מ""ל",,,יין מיזון קסטל ברוט,Unknown,0.00,Unknown,false,1,65.90,65.90,true,1,
3211209282167,false,"מיזון קסטל ברוט רוזה מבעבע 750 מ""ל",,,מיזון קסטל ברוט רוזה,Unknown,0.00,Unknown,false,1,65.90,65.90,true,1,
3211209938286,false,"יין קרו לה מקלן בורדו אדום יבש 750 מ""ל",,FR,יין קרו לה מקלן בור,Unknown,0.00,Unknown,false,1,67.90,67.90,true,1,
3211209968030,false,יין קמברה שרדונה 1 ליטר,קמברה,,יין קמברה שרדונה 1 ל,Unknown,0.00,Unknown,false,1,39.90,39.90,true,1,
3211209970859,false,יין קמברה קברנה סוביניון 1 ליטר,קמברה,,יין קמברה קברנה סובי,Unknown,0.00,Unknown,false,1,39.90,39.90,true,1,
3211209973348,false,"יין לאודלה מרסלן סירה 750 מ""ל",,FR,יין לאודלה מרסלן סיר,מיליליטרים,750.00,"100 מ""ל",false,1,49.90,6.65,true,1,
3211209973379,false,"יין לאודלה מרסאן רוסיאן 750 מ""ל",,FR,יין לאודלה מרסאן רוס,מיליליטרים,750.00,"100 מ""ל",false,1,49.90,6.65,true,1,
3211209999553,false,"יין לאודלה קברנה סוביניון 750 מ""ל",,FR,יין לאודלה קברנה סוב,מיליליטרים,750.00,"100 מ""ל",false,1,49.90,6.65,true,1,
3256760106408,false,פלשארד בסגנון פטה 500 גר,,,פלשארד בסגנון פטה 50,גרמים,500.00,100 גרם,false,1,13.50,2.70,true,1,
3256761201003,false,פלשארד בסגנון פטה מעודנת 500 גר קרטונית,,,פלשארד בסגנון פטה מע,גרמים,500.00,100 גרם,false,1,13.50,2.70,true,1,
3257150101119,false,"מארז קוניאק מיוקוב 5 כוכבים 700 מ""ל",,,מארז קוניאק מיוקוב 5,מיליליטרים,700.00,"100 מ""ל",false,1,178.90,25.56,true,1,
3263280107310,false,"קוארפו פינה קולדה 700 מ""ל",,,קוארפו פינה קולדה 7,מיליליטרים,700.00,"100 מ""ל",false,1,65.90,9.41,true,1,
3276210811102,false,יין אדום יבש פינו נואר 750 מל,,,יין לה פטיט פרייר יב,Unknown,0.00,Unknown,false,1,52.90,52.90,true,1,
3387390525960,false,קראנץ' דגנים פריכים עם שוקולד 500 גרם,הנסיך- מפעל לייצור ט,FR,דגני בוקר קראנץ 500,גרמים,500.00,100 גרם,false,1,26.90,5.38,true,1,
3412290023640,false,אמנטל צרפתי ארוז 250 גר,,,אמנטל צרפתי ארוז 250,גרמים,250.00,100 גרם,false,1,29.30,11.72,true,1,
3445850070778,false,"מלח ים אטלנטי טבעי אורגני 1 ק""ג",,,מלח ים אטלנטי טבעי א,גרמים,1000.00,100 גרם,false,1,27.80,2.78,true,1,
3451271002809,false,"יין אלן זופרואה שאבלי 750 מ""ל",,,אלן זופרואה שאבלי,Unknown,0.00,Unknown,false,1,109.90,109.90,true,1,
3451276001012,false,"יין גופרואה פטיט שאבלי 750 מ""ל",,FR,יין גופרואה פטיט שאב,מיליליטרים,750.00,"100 מ""ל",false,1,94.90,12.65,true,1,
3523230025638,false,מיני בושה עיזים טבעי 125 גר,אוריאל,FR,גבינה מיני בושה עיזי,גרמים,125.00,100 גרם,false,1,25.90,20.72,true,1,
3523230025652,false,מיני בושה עם שום ועשי תיבול 125 גר,,,גבינה מיני בושה,גרמים,125.00,100 גרם,false,1,25.90,20.72,true,1,
3523230026826,false,גבינה עיזים למריחה פירמידה 140 גר,אוריאל,FR,גבינה עיזים למריחה פ,גרמים,140.00,100 גרם,false,1,25.90,18.50,true,1,
3523230032278,false,גבינת עיזים למריחה 150 גרם,השחר,FR,גבינת עיזים למריחה 1,גרמים,150.00,100 גרם,false,1,26.90,17.93,true,1,
3574661485218,false,טמפונים נורמל אובה 32 יח' פרוקומפורט,,,אובה נורמל פרוקומפור,Unknown,0.00,Unknown,false,1,24.90,24.90,true,1,
3574661501901,false,"שטיפה אינטימית קרפרי אלוורה 200 מ""ל",,,שטיפה אינטימית קרפרי,מיליליטרים,200.00,"100 מ""ל",false,1,19.90,9.95,true,1,
3574661506272,false,קרפרי מגבונים אינטימיים אלוורה 20 יח,,,מגבונים אינטימיים קר,Unknown,0.00,Unknown,false,1,19.90,19.90,true,1,
3608580730231,false,קונפיטורה בון ממאן תות שדה 370 גר',אף.סי תבליני בגליל ב,FR,קונפיטורה בטעם תות 3,גרמים,370.00,100 גרם,false,1,21.90,5.92,true,1,
3770000016758,false,יין פטיט שבלי דומיין דה שאטיון כש 750 מ,דומיין דה לה,FR,יין פטיט שבלי דומיין,Unknown,0.00,Unknown,false,1,94.90,94.90,true,1,
3800065711289,false,ביסקוויט גאמבי פירות יער 170 גרם,,,ביסקוויטים במ.ריבת פ,גרמים,150.00,100 גרם,false,1,8.50,5.67,true,1,
3800093511523,false,טימס מאפה שמרים במילוי קרם ניל 250 גרם,,,טימס מאפה שמרים במיל,גרמים,250.00,100 גרם,false,1,12.90,5.16,true,1,
3838945027854,false,מולטי ויטמין פירות אד. 100% 1 ל FRUCTAL,,,מולטי ויטמין פירות א,מיליליטרים,1000.00,"100 מ""ל",false,1,15.40,1.54,true,1,
3838945509015,false,נקטר אוכמניות שחורות 25% 1 ל FRUCTAL,,,נקטר אוכמניות שחורות,מיליליטרים,1000.00,"100 מ""ל",false,1,15.40,1.54,true,1,
3838945509060,false,מיץ תפוחים 100% 1 ליטר FRUCTAL,,,מיץ תפוחים 100% 1 לי,מיליליטרים,1000.00,"100 מ""ל",false,1,15.40,1.54,true,1,
4000161050728,false,נידרגר מרציפן במילוי נוגט ואגוזים 75 גר,,,נידרגר מרציפן במילוי,גרמים,75.00,100 גרם,false,1,26.70,35.60,true,1,
4000504149027,false,גבינת קממבר דה לוקס 125 גרם,,,גבינת קממבר דה לוקס,גרמים,125.00,100 גרם,false,1,23.00,18.40,true,1,
4000504149324,false,גבינת רוגט גרמני 125 גרם,,DE,גבינת רוגט גרמני 125,גרמים,125.00,100 גרם,false,0,24.00,19.20,true,1,
4000504149423,false,גבינת קמבוזולה 125 גרם,,DE,גבינת קמבוזולה 125 ג,גרמים,125.00,100 גרם,false,1,23.00,18.40,true,1,
4000504213028,false,גבינה דורבלו גרמנית במשקל,,,גבינה דורבלו גרמנית,Unknown,0.00,"ק""ג",true,0,189.00,189.00,true,1,
4000522061752,false,בייגלה צ'יו מקלות מלוחים 100 גרם,,,בייגלה ציו מקלות 100,גרמים,100.00,100 גרם,false,1,5.50,5.50,true,1,
4000539280726,false,שוקולד לינדט אקסלנס מילד 70% 100 גר,לינדט ושפרונגלי,DE,שוקולד לינדט אקסלנס,גרמים,100.00,100 גרם,false,1,10.00,10.00,true,1,
4000539363108,false,שוקולד לינדור סטיקס 38 גרם,,,שוקולד לינדור סטיקס,גרמים,38.00,100 גרם,false,1,8.30,21.84,true,1,
4000539727009,false,לינדט טדי בר מילק 100 גרם,LINDT & SPRUNGLI GMBH,DE,לינדט-דובי שוקולד חל,גרמים,100.00,100 גרם,false,1,26.90,26.90,true,1,
4000539770500,false,לינדט-סנטה שוקולד חלב 40 גר,LINDT & SPRUNGLI GMBH,DE,לינדט-סנטה שוקולד חל,גרמים,40.00,100 גרם,false,1,12.90,32.25,true,1,
4001518003817,false,מקלות פריכים עם גבינת גאודה 125 ג' טורינוס,,DE,חטיף חיטה אפוי בתוספ,גרמים,125.00,100 גרם,false,1,18.60,14.88,true,1,
4003586006714,false,פאני פריש-חטיף בייגלה דבש וחרדל 120 גרם,Intersnack Deutschland SE,DE,פאני פריש-חטיף בייגל,גרמים,120.00,100 גרם,false,1,13.90,11.58,true,1,
4005808366392,false,שפתון כחול בליסטר לבלו,טרופיקל דגיל תעשיות,DE,שפתון לבלו כחול,Unknown,0.00,Unknown,false,1,15.90,15.90,true,1,
4006298003408,false,"בירה טוכר בזבאטור 500 מ""ל",,,בירה טוכר בזבאטור 50,מיליליטרים,500.00,"100 מ""ל",false,1,15.90,3.18,true,1,
4008287058161,false,"שישייה בירה קרומבאכר פילס 330X6 מ""ל",מנדלז סי.אר. פרודקשן,DE,שישיית בירה קרומבאכ,מיליליטרים,1980.00,"100 מ""ל",false,1,36.90,1.86,true,1,
4008287905786,false,בירה קרומבאכר חיטה 5.3% פחית 500 מל,מנדלז סי.אר. פרודקשן,DE,בירה קרומבאכר חיטה,מיליליטרים,500.00,"100 מ""ל",false,1,10.90,2.18,true,1,
4008400101521,false,פררו-מון שרי פרליני דובדבן ליקר 105 גר,,,פררו-מון שרי פרליני,מיליליטרים,262.00,"100 מ""ל",false,1,26.50,10.11,true,1,
4008400230726,false,ביצת שוקולד הפתעה קינדר ענקית 100ג' בנים,פררו,BE,ביצת הפתעה קינדר מק,גרמים,100.00,100 גרם,false,1,29.30,29.30,true,1,
4009900379564,false,מסטיק הובה בובה באבל טייפ פירות 56 גר',מארס,GB,הובה בובה טייפ פירות,Unknown,0.00,Unknown,false,1,9.10,9.10,true,1,
4009900402965,false,מסטיק אורביט בקבוקון white פירות 64ג',ריגלי פולין,PL,מסטיק אורביט WHITE ב,Unknown,0.00,Unknown,false,1,11.90,11.90,true,1,
4009900403023,false,מסטיק אורביט בקבוקון דאבל white קלאסי 64ג',"ב.א מזון בע""מ",PL,מסטיק אורביט WHITE ב,Unknown,0.00,Unknown,false,1,11.90,11.90,true,1,
4009900420129,false,מסטיק אורביט פרופשנל פפרמינט בקבוקון 64 גר',מרס נדרלנד,PL,מסטיק אורביט פרופשיו,Unknown,0.00,Unknown,false,1,11.90,11.90,true,1,
4009900426039,false,מסטיק איירוויבז מנטה אקליפטוס בקבוקון 64,ריגלי פולין,PL,מסטיק איירוויבז מנטה,גרמים,64.00,100 גרם,false,1,11.90,18.59,true,1,
4009900455299,false,סוכריות סקטלס פירות 174ג',מארס,CZ,סקיטלס פירות 174 גרם,גרמים,174.00,100 גרם,false,1,10.90,6.26,true,1,
4009900465304,false,סקיטלס פירות חמוצים 174 גרם,מארס,CZ,סקיטלס פירות חמוצים,גרמים,174.00,100 גרם,false,1,10.90,6.26,true,1,
4009900479998,false,"מסטיק אורביט לל""ס אוכמניות בקבוקון",ריגלי פולין,PL,"מסטיק אורביט לל""ס או",Unknown,0.00,Unknown,false,1,11.90,11.90,true,1,
4009900482417,false,מסטיק אורביט פירות מנטה בקבוקון באבל מינט 45יח,ריגלי פולין,PL,מסטיק אורביט באבל מי,Unknown,0.00,Unknown,false,1,11.90,11.90,true,1,
4009900500166,false,סוכריות פירות אדום סקיטלס בקבוקון 125ג',ריגלי ממתקים,,סוכריות סקיטלס פירות,גרמים,125.00,100 גרם,false,1,10.30,8.24,true,1,
4009900531122,false,"מסטיק בטעם מנטה ספירמינט, 64 ג' פרופשיונל אורפיט",מרס נדרלנד,PL,מסטיק אורביט פרופשיו,Unknown,0.00,Unknown,false,1,11.90,11.90,true,1,
4009900535519,false,מסטיק אורביט רפרשרס ספירמינט ללא סוכר 15.6גר',,PL,אורביט רפרשרס ספירמי,גרמים,16.00,100 גרם,false,1,4.50,28.13,true,1,
4009900535540,false,מסטיק אורביט רפרשרס פפרמינט ללא סוכר 15.6גר',,PL,אורביט רפרשרס פפרמינ,גרמים,16.00,100 גרם,false,1,4.50,28.13,true,1,
4009900535823,false,מסטיק אורביט רפרשרס באבלמינט ללא סוכר 15.6גר',,PL,אורביט רפרשרס באבלמי,גרמים,16.00,100 גרם,false,1,4.50,28.13,true,1,
4011800290030,false,חטיף חלבון קורני שוקו 50 גר,,CZ,חטיף חלבון קורני שוק,גרמים,50.00,100 גרם,false,1,8.90,17.80,true,1,
4011800617615,false,1X24X50G קורני ביג שוקולד,שוורטאוור וורקה,DE,קורני ביג שוקו 50 גר,גרמים,50.00,100 גרם,false,1,5.50,11.00,true,1,
4011800617714,false,קורני ביג שוקו בננה 50 גר,מיוצר עי קונדיטוריית,DE,קורני ביג שוקו בננה,גרמים,50.00,100 גרם,false,1,5.50,11.00,true,1,
4011800633516,false,קורני בייס דרק שוקו 6 יח 138 גר,שוורטאוור וורקה,DE,קורני בייס דרק שוקו,גרמים,138.00,100 גרם,false,1,13.90,10.07,true,1,
4011800635510,false,קורני פרי נאטס 6 יח 120 גר,,DE,קורני פרי נאטס 6 יח,גרמים,120.00,100 גרם,false,1,13.90,11.58,true,1,
4011800636517,false,קורני פרי שוקולד חלב 6 יח 120 גר,מיוצר עי קונדיטוריית,DE,קורני פרי שוקולד חלב,גרמים,120.00,100 גרם,false,1,13.90,11.58,true,1,
4014400901191,false,בונבוניירה שוקולד מרסי 250 ג`,אוגוסט שטורק,DE,בונבוניירה מרסי 250,גרמים,250.00,100 גרם,false,1,31.90,12.76,true,1,
4014400909692,false,סוכריות וורטר בוקס קפה ללא סוכר 42 גר,קריניציה ויטמינה אס,DE,סוכריות וורטר קפה לל,גרמים,42.00,100 גרם,false,1,9.50,22.62,true,1,
4014400914696,false,סוכריות חמאה וורטר אור ללא סוכר 80 גרם,אוגוסט שטורק,DE,סוכריות חמאה וורטר א,Unknown,0.00,Unknown,false,1,10.90,10.90,true,1,
4014400923711,false,טופיפי בונבונירה שוק,אוגוסט שטורק,DE,טופיפי 125 גרם,גרמים,125.00,100 גרם,false,1,13.90,11.12,true,1,
4015000031394,false,"ספטיל - משחה להסרת כתמים 200 מ""ל",הנקל,HU,ספטיל להסרת כתמים 20,מיליליטרים,200.00,"100 מ""ל",false,1,19.80,9.90,true,1,
4015400690313,false,טמפונים פרל רגולר טמפקס קומפאק 18 יח,,,טמפונים פרל רגולר טמ,Unknown,0.00,Unknown,false,1,29.50,29.50,true,1,
4015400690405,false,טמפונים פרל סופר טמפקס קומפאק 18 יח,,,טמפונים פרל סופר טמפ,Unknown,0.00,Unknown,false,1,29.50,29.50,true,1,
4015400690498,false,טמפונים פרל סופר פלוס טמפקס קומפאק 18 יח,,,טמפונים פרל סופר פלו,Unknown,0.00,Unknown,false,1,29.50,29.50,true,1,
4015400755487,false,אולוויז תחבושות כפול אולטרא סגול 24 יח',פרוקטר אנד גמבל,UA,תחבושות אולוויז וליו,Unknown,0.00,Unknown,false,1,22.90,22.90,true,1,
4015600762902,false,"שמפו מנטול הד אנד שולדרס 500 מ""ל",פרוקטר אנד גמבל,RO,הד&שולדרס שמפו 500 מ,מיליליטרים,500.00,"100 מ""ל",false,1,24.90,4.98,true,1,
4015600762940,false,"שמפו תפוח 500 מ""ל הד הד אנד שולדרס",פרוקטר אנד גמבל,RO,הד&שולדרס שמפו 500 מ,מיליליטרים,500.00,"100 מ""ל",false,1,24.90,4.98,true,1,
4018722102656,false,ספגטי כוסמין אורגני 500 גרם,,,ספגטי כוסמין אורגני,גרמים,500.00,100 גרם,false,1,17.90,3.58,true,1,
4018722344308,false,פפרדלה כוסמין אורגני אלב גולד 500 גרם,אלב גולד,DE,פפרדלה כוסמין אורגני,גרמים,500.00,100 גרם,false,1,21.90,4.38,true,1,
4022025000137,false,יין בלו נאן גוורצטרמינר 750 מל,,,יין בלו נאן גוורצטרמ,Unknown,0.00,Unknown,false,1,52.90,52.90,true,1,
4023800012109,false,מרציפן מצופה 100 גרם,,DE,מרציפן מצופה 100 גר,גרמים,100.00,100 גרם,false,1,8.50,8.50,true,1,
4023800101902,false,שוקולד חלב מרציפן שלוקוורדר 100 גר,,,שוקולד חלב מרציפן של,גרמים,100.00,100 גרם,false,1,8.90,8.90,true,1,
4023800601907,false,שוקולד חלב קרם קפה שלוקוורדר 100 גר,,,שוקולד חלב קרם קפה ש,גרמים,100.00,100 גרם,false,1,8.90,8.90,true,1,
4032900111292,false,סיגריות וינסטון קומפקט פלוס,JTI,UA,ווינסטון קומפלקט כחו,Unknown,0.00,Unknown,false,1,28.50,28.50,true,1,
4032900112879,false,כאמל קומפקט כחול חפיסה,,,כאמל קומפקט כחול חפי,Unknown,0.00,Unknown,false,1,26.50,26.50,true,1,
4032900124254,false,ווינסטון קומפלקט ברי PP חפיסה,,,ווינסטון קומפלקט ברי,Unknown,0.00,Unknown,false,1,28.50,28.50,true,1,
4033100024146,false,סיגריות וינסטון קוד,JTI,,ווינסטון CODE חפיסה,יחידה,1.00,יחידה,false,1,30.90,30.90,true,1,
4033100024252,false,וינסטון אקווה לייט קופסה,JTI,,ווינסטון AQUA חפיסה,יחידה,1.00,יחידה,false,1,30.90,30.90,true,1,
4037400344331,false,קטיאס פיס אנד לאב 200 גרם,,DE,קטיאס פיס אנד לאב 20,גרמים,200.00,100 גרם,false,1,9.90,4.95,true,1,
4037400431512,false,קטיאס גומי ארנבים 200 גרם,,,קטיאס וונדרלנד שחור,גרמים,200.00,100 גרם,false,1,9.90,4.95,true,1,
4037400433172,false,קטיאס וונדרלנד חמוץ אקסטרה 175 גרם,,DE,קטיאס וונדרלנד חמוץ,גרמים,175.00,100 גרם,false,1,9.90,5.66,true,1,
4052197000369,false,שישיית בירה בנדיקטינר חיטה 330 מל*6,benediktiner,DE,שישיית בירה בנדיקטינ,מיליליטרים,1980.00,"100 מ""ל",false,1,50.90,2.57,true,1,
4052197000925,false,בירה בנדקטינר דונקל כהה 500 מל,בנדיקטינר וויצבראו,DE,בירה בנדקטינר דונקל,מיליליטרים,500.00,"100 מ""ל",false,1,12.90,2.58,true,1,
4052197001281,false,בירה בנדיקטינר 500 מל פחית,בנדקטינר,,בירה בנדיקטינר 500 מ,מיליליטרים,500.00,"100 מ""ל",false,1,9.90,1.98,true,1,
4072700001171,false,בירה ספאטן מינכן בקבוק 500 מל,,,בירה ספאטן לאגר בקבו,מיליליטרים,500.00,"100 מ""ל",false,1,13.90,2.78,true,1,
4072700001775,false,בירה פרנסיסקאנר בהירה פחית 500 מל,"איי, בי, אינבוו",DE,בירה פרנסיסקאנר בהיר,מיליליטרים,500.00,"100 מ""ל",false,1,12.90,2.58,true,1,
4084500149526,false,טייד נוזל כביסה 2.48 ליטר,,DE,גל כביסה טייד 2.48 ל,ליטרים,0.00,ליטר,false,1,28.20,28.20,true,1,
4100130937163,false,בירה בקס שישייה 6*275 מל,"איי, בי, אינבוו",DE,בירה בקס שישייה 6*27,ליטרים,0.00,ליטר,false,1,34.90,34.90,true,1,
4101540707353,false,שטולן לחם צימוקים וקליפות הדרים מסוכ 500,,,שטולן לחם צימוקים וק,גרמים,500.00,100 גרם,false,1,28.90,5.78,true,1,
4101540775413,false,עוגת שטולן עשירה עם מרצפן 950 גר,,DE,עוגת שטולן עשירה עם,גרמים,950.00,100 גרם,false,1,52.90,5.57,true,1,
4102430013615,false,שישיית בירה ביטבורגר 5% 330 מל,,,שישיית בירה ביטבורגר,מיליליטרים,1980.00,"100 מ""ל",false,1,49.90,2.52,true,1,
4600625314498,false,גלידה פלומביר אסקימו 80 גר,,,גלידה פלומביר אסקימו,גרמים,80.00,100 גרם,false,1,6.90,8.63,true,1,
4600659010854,false,וודקה סטולי בקבוק 70,איי. אס. לטבייאס בלז,LV,וודקה 40% סטולי 700,מיליליטרים,700.00,"100 מ""ל",false,1,64.90,9.27,true,1,
4604248000349,false,רוטב בטעם מיונז פרובנסל 380 גרם,,,רוטב בטעם מיונז מאחי,גרמים,380.00,100 גרם,false,1,11.90,3.13,true,1,
4604248000844,false,רוטב בטעם מיונז עם שמן זית 380 גרם,,,מיונז מאחייב עם שמן,גרמים,380.00,100 גרם,false,1,11.90,3.13,true,1,
4604248003081,false,מיונז מאחייב פרובנסאל 420 גר PEREPEL,,,רוטב בטעם מיונז מאחי,גרמים,380.00,100 גרם,false,1,11.90,3.13,true,1,
4604248003517,false,חרדל רוסקיה 140 גרם,,,חרדל רוסי 140 גר Mah,גרמים,140.00,100 גרם,false,1,7.10,5.07,true,1,
4604248018290,false,רוטב בטעם שום ושמנת 200 גרם,,,רוטב בטעם שום ושמנת,גרמים,200.00,100 גרם,false,1,8.50,4.25,true,1,
4605561010350,false,חתיכות פילה הרינג בשמן 200 גר,,,חתיכות פילה הרינג בש,גרמים,200.00,100 גרם,false,1,12.50,6.25,true,1,
4605561011975,false,חתיכות פילה הרינג בשמן 150 גרם,,,חתיכות פילה הרינג בש,גרמים,200.00,100 גרם,false,1,8.90,4.45,true,1,
4605561012613,false,פילה הרינג (קצוץ) בשמן 400 גרם,,,פילה הרינג (קצוץ) בש,גרמים,400.00,100 גרם,false,1,18.80,4.70,true,1,
4605561013009,false,פילה הרינג בשמן 400 גרם,,,פילה הרינג בשמן 400,גרמים,400.00,100 גרם,false,1,18.80,4.70,true,1,
4606598001427,false,תבלין חמלי-סונלי מגיה ווסטוקה 15 גרם,,,תבלין חמלי-סונלי מגי,Unknown,0.00,Unknown,false,1,3.90,3.90,true,1,
4606598007559,false,תבלין ציפורן שלם מגיה ווסטוקה 10 גר,,,תבלין ציפורן שלם מגי,Unknown,0.00,Unknown,false,1,5.90,5.90,true,1,
4607002995752,false,אסורטי עגבניות/מלפפונים דיאדיה וניה 680,,,אסורטי עגבניות/מלפפו,גרמים,680.00,100 גרם,false,1,14.90,2.19,true,1,
4607002995943,false,ממרח קישואים קלויים דיאדיה וניה 460 גר,,RU,ממרח קישואים קלויים,גרמים,460.00,100 גרם,false,1,12.90,2.80,true,1,
4607002999323,false,ממרח חצילים דיאדיה וניה 460 גר,,RU,ממרח חצילים דיאדיה ו,גרמים,460.00,100 גרם,false,1,12.90,2.80,true,1,
4607003767242,false,תבלין FRANCE תערובת 10 גר,,,תבלין FRANCE תערובת,גרמים,10.00,100 גרם,false,1,5.20,52.00,true,1,
4607012351005,false,גרעיני חמניות מרטין ללא מלח 200 גרם,"נארז ע""י : א.ג. גילר",RU,גרעיני חמניות מרטין,גרמים,200.00,100 גרם,false,1,12.90,6.45,true,1,
4607012351128,false,גרעיני חמניות מרטין 500 גרם,,,גרעיני חמניות מרטין,גרמים,500.00,100 גרם,false,1,31.50,6.30,true,1,
4607012351999,false,גרעיני חמניות מרטין עם מלח 200 גרם,"נארז ע""י : א.ג. גילר",RU,גרעיני חמניות מרטין,גרמים,200.00,100 גרם,false,1,12.90,6.45,true,1,
4607012352095,false,גרעיני חמניות מרטין עם מלח 500 גרם,,,גרעיני חמניות מרטין,גרמים,500.00,100 גרם,false,1,31.50,6.30,true,1,
4607054453255,false,גרעיני חמניות 250 גר Prosto Vkusnie,,RU,גרעיני חמניות 250 גר,גרמים,250.00,100 גרם,false,1,14.90,5.96,true,1,
4607067933911,false,גלידה שמנת קרמל במילוי ריבת חלב 80 גר,,,גלידה שמנת קרמל במיל,גרמים,80.00,100 גרם,false,1,6.90,8.63,true,1,
4607067935175,false,גלידת מצופה שוקולד עם שביי פיסטוק 80 גר,,RU,גלידת מצופה שוקולד ע,גרמים,80.00,100 גרם,false,1,6.90,8.63,true,1,
4607067937537,false,גלידה כוס פלומביר פילבסקי 90 גר,,,גלידה כוס פלומביר פי,גרמים,90.00,100 גרם,false,1,6.90,7.67,true,1,
4607067937551,false,גלידה כוס פלומביר פילבסקי שוקולד 90 גר,,,גלידה כוס פלומביר פי,גרמים,90.00,100 גרם,false,1,6.90,7.67,true,1,
4620032651207,false,גלידת וניל בגביע מילוי ריבת חלב 100 גר,,RU,גלידת וניל בגביע מיל,גרמים,100.00,100 גרם,false,1,6.90,6.90,true,1,
4710964170799,false,שומשום שחור קלוי 91 גרם,Flavor full foods in,TH,שומשום שחור קלוי 91,גרמים,91.00,100 גרם,false,1,17.90,19.67,true,1,
4740098080589,false,"בירה בלונד אמריקן 500 מ""ל",,,בירה בלונד אמריקן 50,מיליליטרים,500.00,"100 מ""ל",false,1,13.90,2.78,true,1,
4750021201592,false,וודקה 1 ליור RIGA BLACK,,,וודקה 1 ליטר RIGA BL,מיליליטרים,1000.00,"100 מ""ל",false,1,87.90,8.79,true,1,
4750021221361,false,"וודקה 700 מ""ל RIGA BLACK",,,"וודקה 700 מ""ל RIGA B",מיליליטרים,700.00,"100 מ""ל",false,1,52.90,7.56,true,1,
4750022741295,false,מחית תפוחי עץ עם אפרסק שמנת 500 ג SPILVA,,LV,מחית תפוחי עץ עם אפר,גרמים,500.00,100 גרם,false,1,16.90,3.38,true,1,
4750142021505,false,"בירה PILSENER בהירה 4.7% פחית 500 מ""ל",צסו אלוס,LV,בירה PILSENER בהירה,מיליליטרים,500.00,"100 מ""ל",false,1,7.90,1.58,true,1,
4751005700551,false,AMBERFISH שפרוטים מעושנים ברוטב עגבניות 280 גר,,LV,שפרוטים מעושנים ברוט,גרמים,280.00,100 גרם,false,1,17.90,6.39,true,1,
4751007738101,false,סלט סלמון עם ירקות איטלקי 220 ג' לארסן,,,סלט סלמון וירקות איט,גרמים,220.00,100 גרם,false,1,12.90,5.86,true,1,
4751007738392,false,שימורי דג שפרוטים מעושנים בשמן צמחי 240ג,,LV,שימורי דג שפרוטים 24,גרמים,240.00,100 גרם,false,1,10.90,4.54,true,1,
4751007738804,false,שימורי דג שפרוטים מעושנים בשמן צמחי 190ג,,LV,שימורי דג שפרוטים 19,גרמים,190.00,100 גרם,false,1,10.90,5.74,true,1,
4760062105070,false,תה ירוק באריזה שקופה אזרציי 250 גר BUKET,,AZ,תה ירוק 200 גר BUKET,גרמים,200.00,100 גרם,false,1,13.90,6.95,true,1,
4760065709145,false,מלפפונים בחומץ 670 גר,אזרסאן,AZ,מלפפונים בחומץ 670 ג,גרמים,670.00,100 גרם,false,1,14.90,2.22,true,1,
4770237051804,false,חטיף גבינה וניל 45 גר,,,חטיף גבינה וניל 45 ג,גרמים,4500.00,100 גרם,false,1,4.50,0.10,true,1,
4770237051811,false,חטיף גבינה עם ריבת חלב 45 גר,,,חטיף גבינה עם ריבת ח,גרמים,4500.00,100 גרם,false,1,4.50,0.10,true,1,
4770237051828,false,חטיף גבינה תות שדה 45 גר,,,חטיף גבינה תות שדה 4,גרמים,4500.00,100 גרם,false,1,4.50,0.10,true,1,
4770237051842,false,חטיף גבינה בטעם שוקולד 45 גר,,,חטיף גבינה בטעם שוקו,גרמים,4500.00,100 גרם,false,1,4.50,0.10,true,1,
4770237055055,false,שמנת 30% 200 גר,,,30% 200 גר SMETANKA,גרמים,200.00,100 גרם,false,1,11.90,5.95,true,1,
4770265045264,false,דייסת שיבולת שועל 200 גר,,,דייסת שיבולת שועל,גרמים,200.00,100 גרם,false,1,8.30,4.15,true,1,
4770265046568,false,דייסת אורז עם משמש 200 גר,,,דייסת אורז עם משמש,גרמים,200.00,100 גרם,false,1,8.30,4.15,true,1,
4770265219535,false,גבינה אנגולי מעושנת 150 גר גורמן,,,גבינה אנגולי מעושנת,גרמים,150.00,100 גרם,false,1,12.90,8.60,true,1,
4770301234973,false,בירה בלנש חיטה בלגית וולפאס אנגלמן 568מ,,,בירה בלנש חיטה בלגית,מיליליטרים,568.00,"100 מ""ל",false,1,10.90,1.92,true,1,
4770301235246,false,"בירה חיטה מייסטר 500 מ""ל פחית",,,בירה חיטה מייסטר 500,מיליליטרים,500.00,"100 מ""ל",false,1,7.90,1.58,true,1,
4770337046748,false,גבינה פרמזן PARNIDZIO 200 גר,,IL,גבינה פרמזן PARNIDZI,גרמים,200.00,100 גרם,false,1,26.50,13.25,true,1,
4770337047264,false,גבינה 200 גר AGED GOUDA,,IL,גבינה 200 גר AGED GO,גרמים,200.00,100 גרם,false,1,26.50,13.25,true,1,
4770337047431,false,תחליף גבינה 150 גר SVALIA,,,גבינה אנלוגי 150 גר,גרמים,150.00,100 גרם,false,1,12.90,8.60,true,1,
4770337047448,false,תחליף גבינה 150 גר DRAVO,,,גבינה אנלוגי 150 גר,גרמים,150.00,100 גרם,false,1,12.90,8.60,true,1,
4770337047530,false,תחליף גבינה סבליה 240 גר,,,SVALIA גבינה אנלוגי,גרמים,240.00,100 גרם,false,1,18.90,7.88,true,1,
4770583221340,false,מיונז 620 גר American,,LT,מיונז 620 גר America,גרמים,620.00,100 גרם,false,1,23.90,3.85,true,1,
4779036872795,false,גלידת שמנת וניל בציפוי שוקולד לבן עוגיות,,,גלידת שמנת וניל בציפ,גרמים,80.00,100 גרם,false,1,9.90,12.38,true,1,
4780030111315,false,AGROMIR עגבניות שרי בחומץ 720מל,,,AGROMIR עגבניות שרי,גרמים,720.00,100 גרם,false,1,13.90,1.93,true,1,
4792252916418,false,תה אוריאנטל מגיק נייס 2*20 בזילור,,,תה אוריאנטל מגיק ניי,Unknown,0.00,Unknown,false,1,18.90,18.90,true,1,
4796019790013,false,"שמן קוקוס אורגני 300 מ""ל",כפרי בריא,,שמן קוקוס אורגני 300,מיליליטרים,300.00,"100 מ""ל",false,1,25.50,8.50,true,1,
4810168000998,false,חתיכות פילה הרינג מלוח מצונן בצל 260 גר,,,חתיכות פילה הרינג,גרמים,260.00,100 גרם,false,1,19.80,7.62,true,1,
4810168001056,false,חתיכות פילה הרינג מלוח מצונן 260 גר,,,חתיכות פילה הרינג,גרמים,260.00,100 גרם,false,1,19.80,7.62,true,1,
4810168001933,false,מקלות סורימי בטעם סרטן קפוא 200 גרם,,,מקלות סורימי בטעם סר,גרמים,200.00,100 גרם,false,1,7.70,3.85,true,1,
4810168004149,false,ביצי דג טרוטונית אטלנטי מעושן מצונן 180,,,ביצי דג טרוטונית אטל,גרמים,180.00,100 גרם,false,1,18.80,10.44,true,1,
4810168018795,false,חתיכות פילה הרינג מלוח 200 גר,,,חתיכות פילה הרינג מל,גרמים,200.00,100 גרם,false,1,15.60,7.80,true,1,
4810168024260,false,ביצי דג שיבוט מומלח מצונן 130 גר,,,ביצי דג שיבוט מומלח,גרמים,130.00,100 גרם,false,1,17.70,13.62,true,1,
4810168024512,false,חתיכות פילה הרינג מלוח מצונן תבלין 260גר,,,חתיכות פילה הרינג,גרמים,260.00,100 גרם,false,1,19.80,7.62,true,1,
4810168035785,false,ממרח עם קריל 150 גר,,BY,ממרח עם קריל 150 גר,גרמים,150.00,100 גרם,false,1,15.60,10.40,true,1,
4810168035792,false,ממרח עם קריל מעושן 150 גר,,BY,ממרח עם קריל מעושן 1,גרמים,150.00,100 גרם,false,1,15.60,10.40,true,1,
4810168049966,false,בלינצס במילוי דובדבן מוקפא 360 גרם,,BY,בלינצס במילוי דובדבן,גרמים,360.00,100 גרם,false,1,15.40,4.28,true,1,
4810168058975,false,חתיכות פילה דג הרינג סקנדינבי מלוח מצונן,,,חתיכות פילה דג הרינג,גרמים,260.00,100 גרם,false,1,19.80,7.62,true,1,
4810168062194,false,בלינצס במילוי גבינת טבורוג מוקפא 360 גר,,BY,בלינצס במילוי גבינת,גרמים,360.00,100 גרם,false,1,15.40,4.28,true,1,
4810278003612,false,חליטת צמחים 20 שקיקים HERBS,,BY,חליטת צמחים 20 שקיק,גרמים,20.00,100 גרם,false,1,11.00,55.00,true,1,
4815387001931,false,תה צמחים עם פירות ROYAL DESSERT 80 גר,,,תערובת תה צמחים פירו,גרמים,80.00,100 גרם,false,1,16.90,21.13,true,1,
4820003689387,false,נקטר דובדבן 1.93 ליטר נאש סוק,,,נקטר דובדבן 1.93 ליט,ליטרים,0.00,ליטר,false,1,24.90,24.90,true,1,
4820030561380,false,ממרח קישואים קייץ 500 גרם דרי באבושקה,,,ממרח קישואים קייץ 50,גרמים,500.00,100 גרם,false,1,12.90,2.58,true,1,
4820030561526,false,שימורי אפונה ירוקה 510 גרם באבושקה,,,שימורי אפונה ירוקה 5,מיליליטרים,500.00,"100 מ""ל",false,1,13.90,2.78,true,1,
4820077081124,false,"שמן חמניות לא מזוכך גרנה 850 מ""ל",,,שמן חמניות לא מזוכך,מיליליטרים,850.00,"100 מ""ל",false,1,12.90,1.52,true,1,
4820077081148,false,"שמן חמניות מזוכך גרנה 850 מ""ל",,,שמן חמניות מזוכך גרנ,מיליליטרים,850.00,"100 מ""ל",false,1,12.90,1.52,true,1,
4820103341543,false,חלב מרוכז מבושל 370 גרם פחית,,,חלב מרוכז מבושל 370,גרמים,370.00,100 גרם,false,1,13.90,3.76,true,1,
4820103341574,false,חלב מרוכז 370 גרם,,,חלב מרוכז 370 גרם,גרמים,370.00,100 גרם,false,1,12.90,3.49,true,1,
4820171991664,false,ורניק לסקה תפוח אדמה 900 גר,,,ורניק לסקה תפוח אדמה,גרמים,900.00,100 גרם,false,1,25.90,2.88,true,1,
4820182742903,false,קרוטונים פלינט בטעם סרטן 35 גרם,,UA,קרוטונים פלינט בטעם,גרמים,35.00,100 גרם,false,1,3.50,10.00,true,1,
4820182742972,false,קרוטונים פלינט בטעם קוויאר 35 גרם,,UA,קרוטונים פלינט בטעם,גרמים,35.00,100 גרם,false,1,3.50,10.00,true,1,
4820182742996,false,קרוטונים פלינט בטעם סלמי 35 גר,,UA,קרוטונים פלינט בטעם,גרמים,35.00,100 גרם,false,1,3.50,10.00,true,1,
4820193551990,false,כוס וליקן משמש דובדבן 70 גר,,,כוס וליקן משמש דובדב,גרמים,70.00,100 גרם,false,1,5.90,8.43,true,1,
4820198873271,false,תה שחור 1.8 גר * 25 שק DALAI LADY GREY,,UA,תה שחור 1.8 גר * 25,גרמים,45.00,100 גרם,false,1,10.90,24.22,true,1,
4820198873288,false,תה ירוק 1.8 גר * 25 שק DALAI GREEN,,UA,תה ירוק 1.8 גר * 25,גרמים,45.00,100 גרם,false,1,10.90,24.22,true,1,
4823070203265,false,גלידה פלומביר סובייטי 70 גר,,,גלידה פלומביר,גרמים,70.00,100 גרם,false,1,5.90,8.43,true,1,
4823077613203,false,שוקולד רושן מריר + פונדוק שלם 90 גר רושן,,,שוקולד רושן מריר + פ,גרמים,90.00,100 גרם,false,1,7.90,8.78,true,1,
4823077613630,false,באטונציק קרם ברולה 43 גר רושן,,,באטונציק קרם ברולה 4,גרמים,43.00,100 גרם,false,1,3.90,9.07,true,1,
4823077614675,false,ביסקוויט חלב 185 גר רושן,,,ביסקוויט חלב 185 גר,גרמים,185.00,100 גרם,false,1,3.90,2.11,true,1,
4823077614699,false,ביסקוויט וניל 185 גר רושן,,,ביסקוויט וניל 185 גר,גרמים,185.00,100 גרם,false,1,3.90,2.11,true,1,
4823077614767,false,שוקולד רושן חלב נוגט בטעם אגוזי לוז 90 ג,,,שוקולד רושן חלב נוגט,גרמים,90.00,100 גרם,false,1,4.90,5.44,true,1,
4823077617829,false,עוגה קייבסקי רושן 450 גר,,,עוגה קייבסקי רושן 45,גרמים,450.00,100 גרם,false,1,73.90,16.42,true,1,
4823077618161,false,וופל רול קונאפטו חלב רושן 140 גר,,,וופל רול קונאפטו חלב,גרמים,140.00,100 גרם,false,1,6.90,4.93,true,1,
4823077625145,false,בונבוניירה רושן דובדבן בליקר דובדבן 155,,UA,בונבוניירה רושן דובד,גרמים,155.00,100 גרם,false,1,14.90,9.61,true,1,
4823077625626,false,וופל וואפרס אגוז רושן 216 גר,,UA,וופל וואפרס אגוז רוש,גרמים,216.00,100 גרם,false,1,6.90,3.19,true,1,
4823077626227,false,שוקולד אורירי חלב 80 גר רושן,,UA,שוקולד אורירי חלב 80,גרמים,80.00,100 גרם,false,1,6.90,8.63,true,1,
4823077626241,false,שוקולד אורירי לבן קרמל 80 גר רושן,,UA,שוקולד אורירי לבן קר,גרמים,80.00,100 גרם,false,1,6.90,8.63,true,1,
4823077626364,false,שוקולד אורירי לבן 80 גר רושן,,UA,שוקולד אורירי לבן 80,גרמים,80.00,100 גרם,false,1,6.90,8.63,true,1,
4823077629136,false,שוקולד רושן חלב 90 גר LACMI,,UA,שוקולד רושן חלב 90 ג,גרמים,90.00,100 גרם,false,1,6.90,7.67,true,1,
4823077631467,false,קרקר עם מלח ים רושן 168 גר,,,קרקר עם מלח ים רושן,גרמים,168.00,100 גרם,false,1,4.90,2.92,true,1,
4823077631474,false,קרקר קלאסי רושן 168 גר,,,קרקר קלאסי רושן 168,גרמים,168.00,100 גרם,false,1,4.90,2.92,true,1,
4823077632112,false,וופל בטעם קקאו חלב רושן 216 גר,,,וופל בטעם קקאו חלב ר,גרמים,216.00,100 גרם,false,1,6.90,3.19,true,1,
4823077632259,false,באטונציק קרם עם בוטנים 38 גר,,,באטונציק קרם עם בוטנ,גרמים,38.00,100 גרם,false,1,3.90,10.26,true,1,
4823077632587,false,שוקולד רושן חלב עם שקד שלם 90 גר LACMI,,,שוקולד רושן חלב עם ש,גרמים,90.00,100 גרם,false,1,7.90,8.78,true,1,
4823077632594,false,שוקולד רושן חלב עם אגוז שלם 90 גר LACMI,,,שוקולד רושן חלב עם א,גרמים,90.00,100 גרם,false,1,7.90,8.78,true,1,
4823077633034,false,"גליליות וופל רושן ""קונאפטו"" קקאו 140 ג",,,"גליליות וופל רושן ""ק",גרמים,140.00,100 גרם,false,1,6.90,4.93,true,1,
4823077633058,false,"גליליות וופל רושן ""קונאפטו"" אגוז 140 ג",,,"גליליות וופל רושן ""ק",גרמים,140.00,100 גרם,false,1,6.90,4.93,true,1,
4823077634222,false,עוגיות תפוז 135 גר LOVITA,,,עוגיות תפוז 135 גר L,גרמים,135.00,100 גרם,false,1,6.90,5.11,true,1,
4823077634246,false,עוגיות פטל 135 גר LOVITA,,,עוגיות פטל 135 גר LO,גרמים,135.00,100 גרם,false,1,6.90,5.11,true,1,
4823077634369,false,שוקולד רושן חלב אוורירי 85 גר LACMI,,UA,שוקולד רושן חלב אוור,גרמים,85.00,100 גרם,false,1,6.90,8.12,true,1,
4823105402069,false,שעועית עם ירקות 500 גרם,"טי.או בי. ""ויז'י פרודקשן""",,שעועית עם ירקות 500,גרמים,500.00,100 גרם,false,1,14.90,2.98,true,1,
4865602000027,false,"מים מינרלים מוגזים ""נבגלבי"" 1 ליטר PET",,,מים מינרלים מוגזים,מיליליטרים,1000.00,"100 מ""ל",false,1,8.90,0.89,true,1,
4891130001199,false,רוטב צדפות 450 גרם,,,רוטב צדפות 450 גרם,גרמים,450.00,100 גרם,false,1,18.80,4.18,true,1,
4970916160708,false,"סאקה צוינאמה 300 מ""ל",,JP,"סאקה צוינאמה 300 מ""ל",מיליליטרים,300.00,"100 מ""ל",false,1,43.90,14.63,true,1,
5000127533196,false,קלוגס וורייטי שמינייה 191 גרם,חברת קלוגס בריטניה,,קלוגס וורייטי שמיניי,גרמים,191.00,100 גרם,false,1,24.90,13.04,true,1,
5000157073020,false,"רוטב דגים ווסטרשייר היינץ 150 מ""ל",,NL,רוטב דגים ווסטרשייר,מיליליטרים,150.00,"100 מ""ל",false,1,10.90,7.27,true,1,
5000159020312,false,מלטיזרס אריזה קטנה 37 גרם,,,מלטיזרס 37 גרם,גרמים,37.00,100 גרם,false,1,5.50,14.86,true,1,
5000159304245,false,מ&מס קריספי 36 גרם,,,מ&מס קריספי 36 גרם,גרמים,36.00,100 גרם,false,1,5.50,15.28,true,1,
5000159376792,false,סוכריות סקיטליס חמוץ 38 גר',ריגלי ממתקים,,סקיטלס חמוץ 38 גרם,גרמים,38.00,100 גרם,false,1,3.60,9.47,true,1,
5000159407236,false,חטיף שוקולד מרס 51 ג',מרס הולנד בי.וי.,NL,חטיף מארס 51 גרם,גרמים,51.00,100 גרם,false,1,4.90,9.61,true,1,
5000159461122,false,חטיף שוקולד סניקרס 50 ג',"נארז ע""י : א.ג. גילר",NL,חטיף סניקרס 50 גרם,גרמים,50.00,100 גרם,false,1,4.90,9.80,true,1,
5000159471510,false,אם אנד אם בוטנים 220 גרם,,FR,אם אנד אם בוטנים 220,גרמים,220.00,100 גרם,false,1,17.60,8.00,true,1,
5000159471794,false,אם אנד אם שוקולד 220 גרם,,BE,אם אנד אם שוקולד 220,גרמים,220.00,100 גרם,false,1,17.60,8.00,true,1,
5000213014905,false,בירה גינס 440 מל פחית,"תשלובת גינס,",IE,"בירה גינס 440 מ""ל פח",מיליליטרים,440.00,"100 מ""ל",false,1,17.90,4.07,true,1,
5000328181844,false,דוריטוס - רוטב דיפ נאציו גבינה 280גרם,,GB,דוריטוס - רוטב דיפ נ,גרמים,280.00,100 גרם,false,1,19.90,7.11,true,1,
5000394137486,false,רביעיות סוללות אופטימום AA דורסל,,BE,מארז *4 סוללות דורסל,Unknown,0.00,Unknown,false,1,23.00,23.00,true,1,
5000394140820,false,שישיות סוללות AA פלוס פאוור דורסל,,BE,סוללות דורסל פלוס פא,יחידה,1.00,יחידה,false,1,18.60,18.60,true,1,
5000394141209,false,שישיות סוללות AAA פלוס פאוור דורסל,,BE,סוללות דורסל פלוס פא,יחידה,1.00,יחידה,false,1,18.60,18.60,true,1,
5000394203921,false,זוג סוללות ליתיום 2032 דורסל,,CN,סוללות דורסל ליתיום,Unknown,0.00,Unknown,false,1,19.80,19.80,true,1,
5010038454831,false,בירה בלו מון 330 מל בקבוק,"איי, בי, אינבוו",,בירה בלו מון 330 מל,מיליליטרים,330.00,"100 מ""ל",false,1,13.90,4.21,true,1,
5010182997338,false,"טואלט דאק ג'ל אסלה ניחוח רענן 55 מ""ל","איטיליאן פוד, אס.פי.",IT,"ט.ד.ס. אסלה גל 55 מ""",מיליליטרים,55.00,"100 מ""ל",false,1,13.80,25.09,true,1,
5010182997918,false,"טואלט דאק ג'ל אסלה בניחוח ים 55 מ""ל","איטיליאן פוד, אס.פי.",IT,טואלט דאק גל אסלה 55,מיליליטרים,55.00,"100 מ""ל",false,1,13.80,25.09,true,1,
5010677554398,false,"בקרדי בריזר אבטיח 275 מ""ל",בקרדי בעמ,BE,בקרדי בריזר אבטיח,מיליליטרים,275.00,"100 מ""ל",false,1,16.80,6.11,true,1,
5011157630281,false,"טילדה אורז בסמטי 1 ק""ג",טילדה,GB,אורז בסמטי טילדה 1 ק,גרמים,1000.00,100 גרם,false,1,25.90,2.59,true,1,
5013965948428,false,משחת שיניים אורל בי פרואקספרט מנטה 75 מל,,DE,משחת שיניים אורל בי,מיליליטרים,75.00,"100 מ""ל",false,1,15.90,21.20,true,1,
5014201701623,false,ווסטונס אינגליש וינטג סיידר 750 מל,,,ווסטונס אינגליש וינט,מיליליטרים,750.00,"100 מ""ל",false,1,28.90,3.85,true,1,
5014271350424,false,מעדן סאנט דלפור ארבע פירות 284 גר,המאפיה של הרמן,FR,מעדן סאנט דלפור ארבע,גרמים,284.00,100 גרם,false,1,22.90,8.06,true,1,
5017375433895,false,מיליונס סוכריות לעיסה בטעם מסטיק 85 גרם,,,מיליונס סוכריות לעיס,גרמים,85.00,100 גרם,false,1,9.90,11.65,true,1,
5024546366630,false,וויסקי לאודרס 1 ליטר SCOTCH,,,וויסקי לאודרס 1 ליטר,מיליליטרים,1000.00,"100 מ""ל",false,1,115.90,11.59,true,1,
5029054220085,false,האגיס - מגבוני האגיס אקסטרה קר לא מבושם 56 יח' * 4,קימברלי,IL,מגבוני האגיס רך נולד,Unknown,0.00,Unknown,false,1,33.80,33.80,true,1,
5030544903012,false,גבינת צדר מיושן 190 גר,,,גבינת צדר מיושן 190,גרמים,190.00,100 גרם,false,1,35.50,18.68,true,1,
5035766044673,false,"סיידר תפוחים סטרונגבאו בודד 330 מ""ל",סטאסן ס.א,BE,סיידר תפוחים סטרונגב,מיליליטרים,330.00,"100 מ""ל",false,1,8.50,2.58,true,1,
5050083302862,false,קלוגס-דגני בוקר באסס פופס עם דבש 375 גר,,ES,קלוגס-דגני בוקר באסס,גרמים,375.00,100 גרם,false,1,21.90,5.84,true,1,
5053827110679,false,"קלוגס ""פרוט לופס"" דגני בוקר 375 גרם",,,"קלוגס ""פרוט לופס"" דג",גרמים,375.00,100 גרם,false,1,25.90,6.91,true,1,
5053827215862,false,קלוגס קוקו פופס שוקו 500ג',,,קוקו פופס 500 גרם,גרמים,500.00,100 גרם,false,1,21.90,4.38,true,1,
5056357903834,false,באונטי מעושר בחלבון 52 גרם,מארס יורק אנגליה,GB,באונטי חטיף חלבון 52,גרמים,52.00,100 גרם,false,1,17.90,34.42,true,1,
5056357906323,false,אם אנד אם קריספי חלבון 52 גרם,,,אם אנד אם קריספי חלב,גרמים,52.00,100 גרם,false,1,17.90,34.42,true,1,
5060017740011,false,"גין ברוקרס 700 מ""ל",,,"גין ברוקרס 700 מ""ל",מיליליטרים,700.00,"100 מ""ל",false,1,115.90,16.56,true,1,
5060045588128,false,"וויסקי גים בים לבן 700 מ""ל","איי, בי, אינבוו",US,וויסקי גים בים לבן 7,מיליליטרים,700.00,"100 מ""ל",false,1,84.90,12.13,true,1,
5060255492284,false,חול חתולים EVER CLEAN לבנדר 6 ל,,,אברקלין 6ל (סגול ),ליטרים,0.01,ליטר,false,1,69.90,6990.00,true,1,
5060309490150,false,דיאבלו סוכריות ללא סוכר קפוצינו 75 גרם,,GB,דיאבלו סוכריות ללא ס,גרמים,75.00,100 גרם,false,1,10.90,14.53,true,1,
5060309490693,false,דיאבלו עוגיות קקאו קרם וניל 176 גרם,,,דיאבלו עוגיות קקאו ק,גרמים,176.00,100 גרם,false,1,18.90,10.74,true,1,
5060402902130,false,"משקה טוויקס 350 מ""ל",,GB,"משקה טוויקס 350 מ""ל",מיליליטרים,350.00,"100 מ""ל",false,1,13.90,3.97,true,1,
5060639129102,false,"משקה אנרגיה מונסטר מנגו פח 500 מ""ל",Monster energy סרביה,RS,Mango Loco מונסטר 50,מיליליטרים,500.00,"100 מ""ל",false,1,7.90,1.58,true,1,
5060751218173,false,"משקה אנרגיה מונסטר Pipline punch פח 500 מ""ל",Monster energy סרביה,IE,מונסטר פייפליין פאנצ,מיליליטרים,500.00,"100 מ""ל",false,1,7.50,1.50,true,1,
5060751219033,false,"משקה אנרגיה מונסטר ULTRA PARADISE פח 500 מ""ל",Monster energy סרביה,IE,מונסטר אולטרה פרדייס,מיליליטרים,500.00,"100 מ""ל",false,1,7.50,1.50,true,1,
5060805990741,false,חברים-עוגיות מוניקה שוקולד ציפס 150 גר,,,חברים-עוגיות מוניקה,גרמים,150.00,100 גרם,false,1,22.90,15.27,true,1,
5200133120292,false,גליליות וופל ללא סוכרבמילוי קקאו ואגוזים 135 ג,,,גליליות וופל ללתס קק,גרמים,135.00,100 גרם,false,1,8.50,6.30,true,1,
5201340003392,false,טונה מעושנת בלימון 160 ג' TRATA,,GR,טונה מעושנת בלימון 1,גרמים,160.00,100 גרם,false,1,16.90,10.56,true,1,
5201940010110,false,זיתים שחורים מזן קלמטה בפח 454 גרם,סיוארס אס.איי,GR,זיתים שחורים מזן קלמ,גרמים,454.00,100 גרם,false,1,17.90,3.94,true,1,
5202390021121,false,קרמי אוריגינל טבעוני ויולייף 150 גר,וויטרוס אס.אי.,GR,קרמי אוריגינל טבעוני,גרמים,150.00,100 גרם,false,1,19.90,13.27,true,1,
5214000101062,false,שמן זית יווני כתית מעולה 1 ליטר Oleum,Oleum,,שמן זית יווני כתית מ,מיליליטרים,1000.00,"100 מ""ל",false,1,65.90,6.59,true,1,
5214000101369,false,"שמן זית יווני כתית מעולה 750 מ""ל Oleum",Oleum,,שמן זית יווני כתית מ,מיליליטרים,750.00,"100 מ""ל",false,1,54.90,7.32,true,1,
5400141213898,false,שימורי מלפפון חמוץ מתוק בוני 530 גר,,BE,שימורי מלפפון חמוץ מ,גרמים,530.00,100 גרם,false,1,18.50,3.49,true,1,
5400141357530,false,שימורי מלפפון חמוץ מתוק בוני 530 גר,,BE,שימורי מלפפון חמוץ מ,גרמים,530.00,100 גרם,false,1,19.40,3.66,true,1,
5400141422849,false,פלפל אדום קלוי על האש 670 גרם,,NL,פלפל אדום קלוי על הא,גרמים,670.00,100 גרם,false,1,20.90,3.12,true,1,
5400265021553,false,המלט מארז 12 סוכריות סבא 170 גר,,,המלט מארז 12 סוכריות,גרמים,170.00,100 גרם,false,1,16.90,9.94,true,1,
5400265024349,false,המלט מאפה מבצק עלים מסוכר 250 גר,,,המלט מאפה מבצק עלים,גרמים,250.00,100 גרם,false,1,14.50,5.80,true,1,
5400265037035,false,המלט בובת סנטה 55 גרם,,,המלט בובת סנטה 55 גר,גרמים,55.00,100 גרם,false,1,12.90,23.45,true,1,
5400265037998,false,המלט - בובת סנטה 125 גר,,,המלט - בובת סנטה 125,גרמים,125.00,100 גרם,false,1,18.90,15.12,true,1,
5400265040479,false,המלט-שוקו סטיקס חלב 100 גרם,,,המלט-שוקו סטיקס חלב,גרמים,100.00,100 גרם,false,1,12.90,12.90,true,1,
5400265040776,false,המלט סנטה שוקולד על מקל 35 גר,,,המלט סנטה שוקולד על,גרמים,35.00,100 גרם,false,1,10.90,31.14,true,1,
5410041435702,false,טוק קרקר קלאסי 100ג',,HU,טוק קרקרים 100 גרם,גרמים,100.00,100 גרם,false,1,7.70,7.70,true,1,
5410041435900,false,טוק קרקרים בתיבול פפריקה 100 גרם,,HU,טוק קרקרים בתיבול פפ,גרמים,100.00,100 גרם,false,1,7.70,7.70,true,1,
5410126006087,false,ביסקוויט לוטוס קרמל 700 גרם,כלורוקס אוקלנד,BE,ביסקוויט לוטוס קרמל,גרמים,700.00,100 גרם,false,1,33.50,4.79,true,1,
5410126006360,false,לוטוס עוגיות סנדוויץ' במילוי לוטוס 150 גר',לוטוס ביקרי בלגיה נ.,BE,לוטוס עוגיות במילוי,גרמים,150.00,100 גרם,false,1,9.90,6.60,true,1,
5410126116953,false,ממרח עוגיות לוטוס קרמל 400 גר,לוטוס בייקרי בלגיה נ,BE,ממרח עוגיות לוטוס קר,גרמים,400.00,100 גרם,false,1,25.90,6.48,true,1,
5410228267508,false,"באדוויזר בקבוק 330 מ""ל - 5% אלכוהול","איי, בי, אינבוו",GB,בירה לאגר באדוויזר 3,מיליליטרים,330.00,"100 מ""ל",false,1,7.90,2.39,true,1,
5410228267515,false,"שישיית בירה לאגר באדוויזר 6*330 מ""ל","איי, בי, אינבוו",GB,שישיית בירה לאגר באד,מיליליטרים,1980.00,"100 מ""ל",false,1,35.90,1.81,true,1,
5410316994019,false,"וודקה סמירנוף אדום 700מ""ל",דיאג'ו אופריישנס איט,US,"סמירנוף אדום 700 מ""ל",מיליליטרים,700.00,"100 מ""ל",false,1,59.90,8.56,true,1,
5410358442097,false,הריבו מרשמלו לבן וורוד 140 גרם,,,הריבו מרשמלו לבן וור,גרמים,140.00,100 גרם,false,1,9.30,6.64,true,1,
5410358453116,false,הריבו- מרשמלו מיקס 175 גרם,,BE,הריבו- מרשמלו מיקס 1,גרמים,175.00,100 גרם,false,1,9.30,5.31,true,1,
5410358459347,false,הריבו מרשמלו ברביקיו 175 גרם,,BE,הריבו מרשמלו ברביקיו,גרמים,175.00,100 גרם,false,1,8.30,4.74,true,1,
5410769800097,false,"בירה לה צרי שוף 8% 330 מ""ל בקבוק",פארייפאבה אגרואינדוס,BE,בירה לה צרי שוף 8%,מיליליטרים,330.00,"100 מ""ל",false,1,17.90,5.42,true,1,
5411081008680,false,"בירה קסטיל קוואד נייטרו 300 מ""ל",,,בירה קסטיל קוואד ניי,מיליליטרים,330.00,"100 מ""ל",false,1,15.90,4.82,true,1,
5411188081852,false,אלפרו משקה סויה בטעם וניל 1 ל',הנסיך- מפעל לייצור ט,BE,אלפרו סויה בטעם וניל,מיליליטרים,1000.00,"100 מ""ל",false,1,17.50,1.75,true,1,
5411188110835,false,אלפרו חלב סויה שקדים וניל 1ל',הנסיך- מפעל לייצור ט,BE,אלפרו משקה שקדים 1 ל,מיליליטרים,1000.00,"100 מ""ל",false,1,15.90,1.59,true,1,
5411188112709,false,"משקה קוקוס אלפרו 1 ליטר משקה שקדים לל""ס",הנסיך- מפעל לייצור ט,BE,אלפרו משקה שקדים ללא,מיליליטרים,1000.00,"100 מ""ל",false,1,15.90,1.59,true,1,
5411188115366,false,משקה קוקוס אלפרו 1 ליטר משקה שיבולת שועל 1 ליטר,הנסיך- מפעל לייצור ט,BE,אלפרו משקה שיבולת שו,מיליליטרים,1000.00,"100 מ""ל",false,1,15.90,1.59,true,1,
5411188118732,false,אלפרו חלב משקה קוקוס שקדים 1 ל',הנסיך- מפעל לייצור ט,BE,אלפרו משקה קוקוס שקד,מיליליטרים,1000.00,"100 מ""ל",false,1,15.90,1.59,true,1,
5411188120742,false,משקה קוקוס אלפרו 1 ליטר שקדים וניל 1 ל',הנסיך- מפעל לייצור ט,BE,אלפרו משקה שקדים בטע,מיליליטרים,1000.00,"100 מ""ל",false,1,15.90,1.59,true,1,
5411188121923,false,"אלפרו משקה סויה סידן מארז 250X3מ""ל",הנסיך- מפעל לייצור ט,BE,שלישיות אלפרו סויה ב,מיליליטרים,750.00,"100 מ""ל",false,1,15.90,2.12,true,1,
5411188122661,false,אלפרו משקה שקדים לא קלויים ללא תוספת סוכר 1 ל',,,אלפרו משקה שקדים לא,מיליליטרים,1000.00,"100 מ""ל",false,1,15.90,1.59,true,1,
5411188124726,false,אלפרו משקה שיבולת שועל שקדים 1 ליטר,הדקלאים אגודת שיתופי,BE,אלפרו משקה שיבולת שו,מיליליטרים,1000.00,"100 מ""ל",false,1,15.90,1.59,true,1,
5411188127697,false,אלפרו משקה בריסטה שיבולת שועל 1 ליטר,הנסיך- מפעל לייצור ט,BE,אלפרו בריסטה משקה שי,מיליליטרים,1000.00,"100 מ""ל",false,1,16.90,1.69,true,1,
5411188543398,false,אלפרו משקה סויה ללא סוכר 1 ליטר,הנסיך- מפעל לייצור ט,BE,אלפרו משקה סויה ללא,מיליליטרים,1000.00,"100 מ""ל",false,1,14.90,1.49,true,1,
5412514931117,false,עלי טורטילס מתירס פוקולוקו 320 גר,,,עלי טורטילס מתירס פו,גרמים,320.00,100 גרם,false,1,28.80,9.00,true,1,
5412514999919,false,פוקו-לוקו סלסה מקסיקנית 325 גרם,,,פוקו-לוקו סלסה מקסיק,גרמים,325.00,100 גרם,false,1,30.50,9.38,true,1,
5412514999933,false,פוקו לוקו -סלסה חריפה 325 גרם,,,פוקו לוקו -סלסה חריפ,מיליליטרים,325.00,"100 מ""ל",false,1,30.90,9.51,true,1,
5412514999957,false,סלסה גוואקמולה 300 גרם,,,סלסה גוואקמולה 300,גרמים,300.00,100 גרם,false,1,38.90,12.97,true,1,
5413121355099,false,בלג'יאן-שוקו' מריר %72 פולי קפה 100 גר' 1/25,,,שוקולד בלגי מריר קפה,גרמים,100.00,100 גרם,false,1,15.90,15.90,true,1,
5413121356829,false,שוקולד חלב 100 גר ללתס,,,שוקולד חלב 100 גר,גרמים,100.00,100 גרם,false,1,18.50,18.50,true,1,
5413121358694,false,בלג'יאן-שוקולד בלגי מריר85% 100 גר'1/25 (600067),,,שוקולד בלגי מריר משו,גרמים,100.00,100 גרם,false,1,15.90,15.90,true,1,
5413121359998,false,"שוקולד מריר שקד ללת""ס בלגיאן 100 גר",,,"שוקולד מריר שקד ללת""",גרמים,100.00,100 גרם,false,1,22.90,22.90,true,1,
5413548280189,false,קינדר שוקובון 16 יחידות,פררו,BE,קינדר שוקובון 125 גר,גרמים,125.00,100 גרם,false,1,15.90,12.72,true,1,
5420066330142,false,ביאנקה-טרופל בטעם שמפניה 175 גר,,,ביאנקה-טרופל בטעם שמ,גרמים,175.00,100 גרם,false,1,14.90,8.51,true,1,
5425025122035,false,בירה לופולוס בלונד 8.5% 330 מל,,BE,בירה לופולוס בלונד 8,מיליליטרים,330.00,"100 מ""ל",false,1,15.90,4.82,true,1,
5600787049022,false,"משקה אורגני ע""ב קמבוצה ותה ירוק 400 מל",,PT,"משקה אורגני ע""ב קמבו",מיליליטרים,400.00,"100 מ""ל",false,1,21.90,5.48,true,1,
5600787049046,false,"משקה אורגני ע""ב קמבוצה ותה ירוק 400 מ",,PT,"משקה אורגני ע""ב קמבו",מיליליטרים,400.00,"100 מ""ל",false,1,21.90,5.48,true,1,
5601007001110,false,"יין פורט פריירה ריזרב 750 מ""ל",,,יין פורט פריירה ריזר,Unknown,0.00,Unknown,false,1,99.90,99.90,true,1,
5601083640104,false,יין סנדמאן פורט טוני 750 מל,,,יין סנדמאן פורט טוני,Unknown,0.00,Unknown,false,1,70.90,70.90,true,1,
5601996669872,false,"יין פורטה 6 וינו ורדה 750 מ""ל",,PT,יין פורטה 6 וינו ורד,Unknown,0.00,Unknown,false,1,49.90,49.90,true,1,
5604912415058,false,סרדינים בשמן חמניה חריף פורטוס 125 גרם,,PT,סרדינים בשמן חמניה ח,גרמים,125.00,100 גרם,false,1,7.50,6.00,true,1,
5604912425057,false,מקרלים בשמן חמניה חריף פורטוס 125 גרם,קונסרבס פורטוגל נורט,PT,מקרלים בשמן חמניה חר,גרמים,125.00,100 גרם,false,1,7.50,6.00,true,1,
5694230223312,false,כבד דג במיץ טבעי 121 גר BRIVAIS VILNIS,,IS,כבד דג במיץ טבעי 121,גרמים,121.00,100 גרם,false,1,10.90,9.01,true,1,
5701932026964,false,פופקורן הוטפופ מלוח 600ג',פופז בעמ,US,הוטפופ מלוח 600 גרם,גרמים,600.00,100 גרם,false,1,16.90,2.82,true,1,
5701932026971,false,פופקורן הוט חמאה מאגדת 100X6ג',"פופז בע""מ",US,הוטפופ חמאה 600 גרם,גרמים,600.00,100 גרם,false,1,16.90,2.82,true,1,
5708209201628,false,עלי טורטיה 25 קמח חיטה 370 ג',,,עלי טורטייה 370 גר,גרמים,370.00,100 גרם,false,1,24.10,6.51,true,1,
5708776001232,false,"סירופ מייפל אורגני 250 מ""ל Manna",,DK,סירופ מייפל אורגני 2,מיליליטרים,250.00,"100 מ""ל",false,1,31.50,12.60,true,1,
5740900403215,false,ממרח מחמאת לורפק עם מלח 250 ג',,DK,ממרח לורפק עם מלח 25,גרמים,250.00,100 גרם,false,1,17.90,7.16,true,1,
5740900403239,false,ממרח מחמאת לורפק ללא מלח 250 ג',,DK,ממרח לורפק ללא מלח 2,גרמים,250.00,100 גרם,false,1,19.90,7.96,true,1,
5740900403260,false,"ממרח לורפק חמאה לל""מ מופחת שומן 250 ג'",ארלה פודס אמבה,DK,ממרח לורפק ללא מלח מ,גרמים,250.00,100 גרם,false,1,19.90,7.96,true,1,
5774540984254,false,אנטון ברג-מרציפן משמש בברנדי 220 גר,,,אנטון ברג-מרציפן משמ,גרמים,220.00,100 גרם,false,1,43.90,19.95,true,1,
5774540984452,false,אנטון ברג-מרציפן דובדבן ברום 220 גר,,,אנטון ברג-מרציפן דוב,גרמים,220.00,100 גרם,false,1,43.90,19.95,true,1,
5900020012814,false,דגנים נסקוויק מלחמת הכוכבים 500 גרם,מיוצר עי קונדיטוריית,PL,דגנים נסקוויק 500 גר,גרמים,375.00,100 גרם,false,1,28.90,7.71,true,1,
5900951293610,false,אם אנד אם בראוניז 70 גרם,,,אם אנד אם בראוניז 70,גרמים,175.00,100 גרם,false,1,10.90,6.23,true,1,
5901008990339,false,פרוסות מלפפונים מוחמצים 660 גר POLAN,,,פרוסות מלפפונים מוחמ,גרמים,660.00,100 גרם,false,1,16.30,2.47,true,1,
5901008990407,false,שימורי מלפפונים מוחמצים 860 גר POLAN,,,שימורי מלפפונים מוחמ,גרמים,860.00,100 גרם,false,1,20.90,2.43,true,1,
5901008990599,false,מלפפונים קורנישונים מוחמצים 860 גר POLAN,,,מלפפונים קורנישונים,גרמים,860.00,100 גרם,false,1,22.90,2.66,true,1,
5902198160403,false,"משקה אנרגיה XL TEN פחית לל""ס 250מ""ל","טמפו משקאות בע""מ",IL,XL TEN משקה אנרגיה,מיליליטרים,250.00,"100 מ""ל",false,1,4.90,1.96,true,1,
5906485301012,false,"משקה אנרגיה XL פחית 250 מ""ל","טמפו משקאות בע""מ",IL,משקה אנרגיה XL פחית,מיליליטרים,250.00,"100 מ""ל",false,1,4.90,1.96,true,1,
5941000025585,false,"חטיפי תפ""א הגל טעם פלפל חריף לייס 130 ג",,RO,"חטיפי תפ""א הגל טעם פ",גרמים,130.00,100 גרם,false,1,18.90,14.54,true,1,
5941000025615,false,"חטיפי תפ""א בטעם גבינה של לייס 140 גר",,RO,"חטיפי תפ""א בטעם גבינ",גרמים,140.00,100 גרם,false,1,18.90,13.50,true,1,
5941634002693,false,אטריות פנה תירס אורגני 400 גר,,,אטריות פנה תירס אור,גרמים,400.00,100 גרם,false,1,15.90,3.98,true,1,
5941634002778,false,אטריות פוסילי תירס וקינואה אורגני 400 גר,,RO,אטריות פוסילי תירס ו,גרמים,400.00,100 גרם,false,1,15.90,3.98,true,1,
5942219000059,false,מים מינרלים בורסק 1.5 ליטר,,,מים מינרלים בורסק,ליטרים,0.00,ליטר,false,1,10.90,10.90,true,1,
5998710131877,false,בונבונטי חטיף דובדבן בשוקולד 36 גרם,,HU,בונבונטי חטיף דובדבן,גרמים,36.00,100 גרם,false,1,4.40,12.22,true,1,
6008165003984,false,סיגריות פאל מאל כחול סטרים פילט בודד,אמריקן גרדן,,פאל מאל כחול סטרים פ,יחידה,1.00,יחידה,false,1,30.00,30.00,true,1,
6008165274629,false,פאל מאל כחול ארוך סטרים פילטר חפיסה,יושלם,,פאל מאל כחול ארוך סט,Unknown,0.00,Unknown,false,1,30.00,30.00,true,1,
6111094000259,false,קוסקוס דארי בינוני 500ג'18X,,MA,קוסקוס דארי בינוני 5,גרמים,500.00,100 גרם,false,1,9.90,1.98,true,1,
6111094001164,false,דארי אטריות מרוקאיות 500 גרם,,,דארי אטריות מרוקאיות,גרמים,500.00,100 גרם,false,1,9.90,1.98,true,1,
6253017300012,false,טחינה קראוון המקורית,אחדות ביחר לטחינה ח,IL,טחינה יונה כחולה 500,גרמים,500.00,100 גרם,false,1,18.60,3.72,true,1,
6411401072666,false,פייזר שוקולדים עם ליקר 150 גרם,,FI,פייזר שוקולדים עם לי,גרמים,150.00,100 גרם,false,1,27.90,18.60,true,1,
6416453072817,false,פייזר גיישה שוקולד מריר קרם אגוזים 150 ג,,FI,פייזר גיישה שוקולד מ,גרמים,150.00,100 גרם,false,1,27.90,18.60,true,1,
6910191800287,false,אצות נורי לסושי מזרח,ננטונג היידה אקווטוק,CN,אצות נורי בלו 10 דפי,Unknown,0.00,Unknown,false,1,13.90,13.90,true,1,
6922202121052,false,סט מיני כדורים,,,סט מיני כדורים,Unknown,0.00,Unknown,false,1,15.00,15.00,true,1,
6934731210138,false,אטריות טריות עבות 200 גרם,,CN,אטריות טריות עבות 20,גרמים,200.00,100 גרם,false,1,8.30,4.15,true,1,
6936745600462,false,רוטב מירין לתיבול מז,Qingdao Sun-growing,CN,מירין דאניינג,מיליליטרים,500.00,"100 מ""ל",false,1,23.90,4.78,true,1,
6936745600783,false,חומץ אורז מיצוקאן 500 מל,Qingdao Sun-growing,CN,חומץ אורז מיצוקאן 50,מיליליטרים,500.00,"100 מ""ל",false,1,17.90,3.58,true,1,
6941156100166,false,מחית סויה אדומה אקא מיסו 500 גרם,,,מחית סויה אדומה אקא,גרמים,500.00,100 גרם,false,1,20.90,4.18,true,1,
6974640730167,false,פטריות שיטאקי 100 גרם,,,פטריות שיטאקי 100 גר,גרמים,100.00,100 גרם,false,1,15.90,15.90,true,1,
7290000000374,false,"פטריות שמפיניון בד""ץ (רביבים)",,IL,פטריות,Unknown,0.00,Unknown,false,1,12.90,12.90,true,1,
7290000000603,false,בצל ירוק,,,בצל ירוק,Unknown,0.00,Unknown,false,1,5.90,5.90,true,1,
7290000000608,false,חסה ערבית,,,חסה ערבית,Unknown,0.00,Unknown,false,1,6.90,6.90,true,1,
7290000000609,false,שמיר /כוסברה,,,שמיר /כוסברה,Unknown,0.00,Unknown,false,1,5.90,5.90,true,1,
7290000000617,false,שורש -פטרוזילה,,,שורש -פטרוזילה,Unknown,0.00,Unknown,false,1,5.90,5.90,true,1,
7290000000632,false,שום,,,שום ברשת,Unknown,0.00,Unknown,false,1,12.90,12.90,true,1,
7290000000636,false,תירס ארוז,,,תירס ארוז,Unknown,0.00,"ק""ג",true,0,12.90,12.90,true,1,
7290000000664,false,תות שדה,,,תות שדה,Unknown,0.00,Unknown,false,0,16.90,16.90,true,1,
7290000000688,false,נענע,,,נענע,Unknown,0.00,Unknown,false,1,5.90,5.90,true,1,
7290000000751,false,שום ברשת,,,שום ברשת,Unknown,0.00,Unknown,false,1,12.90,12.90,true,1,
7290000001104,false,פטריות חורש מיני ארוז 200 ג',,,פטריות פרטובלה,Unknown,0.00,Unknown,false,1,11.90,11.90,true,1,
7290000040042,false,יוגורט תות %3 גביע 150 ג' יופלה,תנובה בעמ,IL,יופלה תות 3% 150 גרם,גרמים,150.00,100 גרם,false,1,5.70,3.80,true,1,
7290000040066,false,יוגורט דובדבן 3% שומן 150 ג' יופלה,תנובה בעמ,IL,יופלה דובדבן 3% 150,גרמים,150.00,100 גרם,false,1,5.70,3.80,true,1,
7290000040318,false,גבינת ברי 24% קולאז עדי תנובה 125 ג',תנובה,IL,קולאז ברי בחפיסה 125,גרמים,125.00,100 גרם,false,1,22.90,18.32,true,1,
7290000040974,false,חלב טרי דל לקטוז 1ל' תנובה,"תנובה, מחלבת רחובות",IL,חלב טרי דל לקטוז 1 ל,מיליליטרים,1000.00,"100 מ""ל",false,1,7.20,0.72,true,1,
7290000041858,false,"שמנת חמוצה 15% יטבתה 200 מ""ל מהדרין",שטראוס גרופ,IL,שמנת חמוצה 15% 200 מ,מיליליטרים,200.00,"100 מ""ל",false,1,2.90,1.45,true,1,
7290000042435,false,חלב דל שומן בקרטון+פקק 1 ליטר 1%,תנובה מרכז שיתופי לש,IL,חלב דל שומן בקרטון,מיליליטרים,1000.00,"100 מ""ל",false,1,5.86,0.59,true,1,
7290000042503,false,"חלב עמיד קרטון 3% 1 ליטר בד""צ תנובה",תנובה מרכז שיתופי לש,IL,חלב עמיד 3% 1 ליטר,מיליליטרים,1000.00,"100 מ""ל",false,1,7.90,0.79,true,1,
7290000042640,false,"חלב תנובה עמיד 3% קרטון 250 מ""ל",תנובה מרכז שיתופי לש,IL,"חלב עמיד 3% 250 מ""ל",מיליליטרים,250.00,"100 מ""ל",false,1,3.20,1.28,true,1,
7290000043814,false,"שמנת מתוקה להקצפה 38% 250 מ""ל תנובה",תנובה מרכז שיתופי לש,IL,שמנת עמידה להקצפה 38,גרמים,250.00,100 גרם,false,1,6.47,2.59,true,1,
7290000043890,false,רוויון קרטון 1 ליטר %1.5,תנובה מרכז שיתופי לש,IL,רויון 1.5% 1 ליטר,מיליליטרים,1000.00,"100 מ""ל",false,1,12.60,1.26,true,1,
7290000043944,false,כד יוגורט תנובה 4% שומן 1.5 ליטר,מיוצר עי קונדיטוריית,IL,יוגורט 4% 1.5 ליטר,ליטרים,0.00,ליטר,false,1,18.90,18.90,true,1,
7290000045573,false,גבינת מותכת משולשים 25% שומן 200 ג' נעמה,תנובה,IL,גבינה מותכת נעמה 200,גרמים,200.00,100 גרם,false,1,17.90,8.95,true,1,
7290000045917,false,קולאז עיזים פרומעז גליל 200 גרם,תנובה,IL,קולאז עיזים פרומעז ג,גרמים,200.00,100 גרם,false,1,28.90,14.45,true,1,
7290000047546,false,כנען גבינה לבנה 5% 500 גרם ללא מלח,תנובה,IL,גבינת כנען 5% 500 גר,גרמים,500.00,100 גרם,false,1,26.90,5.38,true,1,
7290000048185,false,גבינה לבנה 5% שומן 250 ג' תנובה,מיוצר עי קונדיטוריית,IL,גבינה לבנה 5% 250 גר,גרמים,250.00,100 גרם,false,1,4.98,1.99,true,1,
7290000048192,false,גבינה לבנה 9% שומן 250 ג' תנובה,מחלבת אלון תבור,IL,גבינה למריחה 9% 250,גרמים,250.00,100 גרם,false,1,4.98,1.99,true,1,
7290000048307,false,גבינת קוטג 5% עם זיתים 250ירוקים גרם,מיוצר עי קונדיטוריית,IL,גבינת קוטג 5%,גרמים,250.00,100 גרם,false,1,6.20,2.48,true,1,
7290000048413,false,גבינה חמד %16 שקית 250 ג' פיראוס,תנובה מרכז שיתופי לש,IL,גבינה חמד פיראוס 250,גרמים,250.00,100 גרם,false,1,21.90,8.76,true,1,
7290000048437,false,גבינה צפתית 5% 200 ג' פיראוס,פארייפאבה אגרואינדוס,IL,צפתית פיראוס 5% 200,גרמים,200.00,100 גרם,false,1,16.50,8.25,true,1,
7290000049458,false,גבינת פטה עיזים 16% גביע פיראוס 250 ג',תנובה מרכז שיתופי לש,IL,פיראוס פטה עיזים 16%,גרמים,250.00,100 גרם,false,1,29.30,11.72,true,1,
7290000050447,false,יוגורט תות 500 ג' יופלה,מיוצר עי קונדיטוריית,IL,יופלה תות 3% 500גר,גרמים,500.00,100 גרם,false,1,15.10,3.02,true,1,
7290000050454,false,יוגורט אפרסק 500 ג' יופלה,מיוצר עי קונדיטוריית,IL,יופלה אפרסק 3% 500 ג,גרמים,500.00,100 גרם,false,1,15.10,3.02,true,1,
7290000051352,false,חלב מלא בטעם של פעם 3.4% תנובה קרטון 1 ל',תנובה מרכז שיתופי לש,IL,חלב של פעם 3.5% 1 ל,מיליליטרים,1000.00,"100 מ""ל",false,1,8.50,0.85,true,1,
7290000051376,false,יופלה דיאט אננס ספורטיבי 0% 150גר,תנובה בעמ,IL,יופלה דיאט אננס ספור,גרמים,150.00,100 גרם,false,1,5.70,3.80,true,1,
7290000052311,false,עמק פרוס בקופסא 200 גר 15% שומן,תנובה,IL,עמק פרוס בקופסא 200,גרמים,200.00,100 גרם,false,1,17.90,8.95,true,1,
7290000052717,false,קוטג' 5%עם שום שמיר 250 ג' תנובה,מיוצר עי קונדיטוריית,IL,קוטג 5% עם שום שמיר,גרמים,250.00,100 גרם,false,1,6.70,2.68,true,1,
7290000055015,false,גבינת פיראוס פטה כבשים 5% 250 ג' פיראוס,תנובה מחלבת טנא נוגה,IL,פיראוס פטה כבשים 5%,גרמים,250.00,100 גרם,false,1,30.90,12.36,true,1,
7290000055329,false,משקה יוגורט יופלה בטעם תות-מלון 250 גר,תנובה בעמ,IL,משקה יוגורט יופלה בט,גרמים,250.00,100 גרם,false,1,6.50,2.60,true,1,
7290000055336,false,משקה יוגורט יופלה בטעם בננה אפרסק 250 גר,תנובה בעמ,IL,משקה יוגורט יופלה בט,גרמים,250.00,100 גרם,false,1,6.50,2.60,true,1,
7290000055343,false,משקה יוגורט יופלה בטעם טרופי 250 גר,תנובה בעמ,IL,משקה יוגורט יופלה בט,גרמים,250.00,100 גרם,false,1,6.50,2.60,true,1,
7290000055350,false,גבינה צהובה חריץ עמק 28% במשקל,תנובה מרכז שיתופי לש,,גבינה צהובה עמק 28%,Unknown,0.00,"ק""ג",true,0,44.79,44.79,true,1,
7290000055893,false,חמאה משמנת מפוסטרת 200ג' כ.מהדרין,תנובה,IL,חמאה מהדרין 200 גר,גרמים,200.00,100 גרם,false,1,8.90,4.45,true,1,
7290000056845,false,חלב טרי 3% הומוגני קרטון 1.5 ל' תנובה,פארייפאבה אגרואינדוס,IL,חלב קרטון 3% תנובה,ליטרים,0.00,ליטר,false,1,9.34,9.34,true,1,
7290000057088,false,עמק פרוס דק דק 200 גרם 28%,פ.פ.ח. שאביט,IL,עמק דק 200 גרם,גרמים,200.00,100 גרם,false,1,17.90,8.95,true,1,
7290000057132,false,יוגורט תנובה טבעי 1.5% גביע 200 גרם,מחלבת אלון תבור,IL,יוגורט 1.5% 200 גרם,גרמים,200.00,100 גרם,false,1,3.30,1.65,true,1,
7290000057149,false,יוגורט תנובה טבעי 3% גביע 200 גרם,מיוצר עי קונדיטוריית,IL,יוגורט תנובה 3% 200,גרמים,200.00,100 גרם,false,1,3.30,1.65,true,1,
7290000057552,false,יופלה דיאט עוגת גבינה ותות 0% גביע 150ג',תנובה בעמ,IL,דיאט יופלה ע.גבינה,גרמים,150.00,100 גרם,false,1,5.70,3.80,true,1,
7290000058030,false,"יופלה שטוזים משקה יוגורט תות 8 יח' * 100 מ""ל",מיוצר עי קונדיטוריית,IL,משקה יופלה שטוזים,מיליליטרים,800.00,"100 מ""ל",false,1,22.90,2.86,true,1,
7290000060200,false,אוסם - פתיתים אפויים קוסקוס 500 גרם,"אסם השקעות בע""מ",IL,פתיתים אפויים קוסקוס,גרמים,500.00,100 גרם,false,1,7.90,1.58,true,1,
7290000060217,false,פסטה מקרוני 7 500 ג' אסם,פסטה זארה,IT,פסטה מקרוני מס 7 500,גרמים,500.00,100 גרם,false,1,6.90,1.38,true,1,
7290000060316,false,פסטה פרפקטו ספגטי 500ג' אסם,פסטה זארה,IT,פסטה ספגטי פרפקטו 50,גרמים,500.00,100 גרם,false,1,8.30,1.66,true,1,
7290000060330,false,פסטה ספירלי פרפקטו 500 ג' אסם,פסטה זארה,IL,פסטה פרפקטו ספירלי 5,גרמים,500.00,100 גרם,false,1,8.30,1.66,true,1,
7290000060828,false,פסטה קרניים בינוניות (55) 500 גרם,פסטה זארה,IT,פסטה קרניים בינוניות,גרמים,500.00,100 גרם,false,1,6.90,1.38,true,1,
7290000060842,false,פסטה צדפים גדולים (56) 500 גרם,פסטה זארה,IT,פסטה צדפים גדולים (5,גרמים,500.00,100 גרם,false,1,6.90,1.38,true,1,
7290000060903,false,אוסם - פתיתים אפויים אורז 500 גרם,"אסם השקעות בע""מ",IL,פתיתים אפויים אורז 5,גרמים,500.00,100 גרם,false,1,7.90,1.58,true,1,
7290000061108,false,"רוטב טריאקי 290 מ""ל-בקבוק","אסם השקעות בע""מ",IL,"רוטב טריאקי 290 מ""ל-",מיליליטרים,290.00,"100 מ""ל",false,1,13.90,4.79,true,1,
7290000061764,false,נסקפה רד מאג טעם חדש 200ג',נסטלה ספרד,ES,נס קפה רד מאג 200 גר,גרמים,200.00,100 גרם,false,1,24.90,12.45,true,1,
7290000062952,false,אוסם - מיני קרוטונים למרק ולסלט 250 גרם,עינת תעשיות,IL,מיני קרוטונים למרק ו,גרמים,250.00,100 גרם,false,1,17.90,7.16,true,1,
7290000063102,false,קמח עוגה אסם תופח מאליו 350ג',"אסם השקעות בע""מ",IL,קמח עוגה תופח מאליו,גרמים,350.00,100 גרם,false,1,5.90,1.69,true,1,
7290000063157,false,"קמח עוגה תופח מאליו 1 ק""ג","אסם השקעות בע""מ",IL,קמח עוגה תופח מאליו,גרמים,1000.00,100 גרם,false,1,10.90,1.09,true,1,
7290000065328,false,חלה מתוקה שאשא,,,חלה מתוקה שאשא,Unknown,0.00,Unknown,false,1,17.90,17.90,true,1,
7290000065335,false,אוסם - מנה חמה פירה עם ירקות 55 גרם,"אסם השקעות בע""מ",IL,"מנה חמה פירה תפו""א",גרמים,55.00,100 גרם,false,1,8.80,16.00,true,1,
7290000066141,false,ביסלי בטעם גריל 70 גרם,"אסם השקעות בע""מ",IL,ביסלי בטעם גריל 70 ג,גרמים,70.00,100 גרם,false,1,4.70,6.71,true,1,
7290000066295,false,אסם במבה תות מחומרים טבעיים 30גר,מיוצר עי קונדיטוריית,IL,במבה תות מחומרים טבע,גרמים,30.00,100 גרם,false,1,3.40,11.33,true,1,
7290000066318,false,במבה קלאסי 80 גרם,"אסם השקעות בע""מ",IL,במבה 80 גרם,גרמים,80.00,100 גרם,false,1,4.90,6.13,true,1,
7290000066431,false,פופקו חטיף תירס בטעם חמאה ודבש 80 גרם,מיוצר עי קונדיטוריית,IL,פופקו חטיף תירס בטעם,גרמים,80.00,100 גרם,false,1,5.50,6.88,true,1,
7290000067407,false,פרורית מתובלת בשקית 200 גרם,עינת תעשיות,IL,פרורית מתובלת בשקית,גרמים,200.00,100 גרם,false,1,7.50,3.75,true,1,
7290000067544,false,פירורית זהב 200 ג' אוסם,עינת תעשיות,IL,פירורית זהב 200 גרם,גרמים,200.00,100 גרם,false,1,7.50,3.75,true,1,
7290000068138,false,פודינג אינסטנט וניל 80 ג' אסם,מיוצר עי קונדיטוריית,IL,פודינג אינסטנט בטעם,גרמים,80.00,100 גרם,false,1,5.90,7.38,true,1,
7290000068701,false,שקדי מרק רכיבים טבעיים 400 גרם-מיכל,"אסם השקעות בע""מ",IL,שקדי מרק רכיבים טבעי,גרמים,400.00,100 גרם,false,1,17.90,4.48,true,1,
7290000072623,false,קטשופ אסם בקבוק לחיץ 750 גרם,"אסם השקעות בע""מ",IL,קטשופ אסם בקבוק לחיץ,גרמים,750.00,100 גרם,false,1,12.90,1.72,true,1,
7290000072753,false,קפה טייסטר צ'ויס קפה מגורען 200ג',לוטה נסטלה קוריאה,IL,נסקפה טייסטרס צויס,גרמים,200.00,100 גרם,false,1,32.90,16.45,true,1,
7290000073767,false,מנה חמה נודלס אטר.+ירקות טעם בקר 70 גרם,,,מנה חמה נודלס אטר.+י,גרמים,70.00,100 גרם,false,1,7.50,10.71,true,1,
7290000074184,false,אוסם - פתי בר בינוני 500 גרם,"אסם השקעות בע""מ",IL,פתי בר וניל 500 גרם,גרמים,500.00,100 גרם,false,1,12.50,2.50,true,1,
7290000074245,false,אוסם - קרם קרקר אסם 250 גרם,"אסם השקעות בע""מ",IL,קרם קרקר 250 גרם,גרמים,250.00,100 גרם,false,1,11.90,4.76,true,1,
7290000074276,false,קרקר פיקנטי טבעון 250 ג' אסם,"אסם השקעות בע""מ",IL,קרקר קלאסי 250 גרם א,גרמים,250.00,100 גרם,false,1,11.90,4.76,true,1,
7290000074375,false,אוסם - קרקר זהב 150 גרם,"אסם השקעות בע""מ",IL,קרקר זהב 150 גרם,גרמים,150.00,100 גרם,false,1,8.50,5.67,true,1,
7290000074481,false,לחמית אגוזים אסם 160 ג',"אסם השקעות בע""מ",IL,לחמית כפרית 190 גרם,גרמים,160.00,100 גרם,false,1,11.90,7.44,true,1,
7290000075204,false,אוסם - לחמית חיטה מלאה 250 גרם,"אסם השקעות בע""מ",IL,לחמית חיטה מלאה 250,גרמים,250.00,100 גרם,false,1,11.00,4.40,true,1,
7290000077253,false,אוסם - לחמית כפרית עם דגנים מלאים 190 גרם,"אסם השקעות בע""מ",IL,לחמית כפרית 190 גרם,גרמים,190.00,100 גרם,false,1,11.90,6.26,true,1,
7290000078212,false,קרוטונים מתובלים 250 ג' אסם,עינת תעשיות,IL,קרוטונים מתובלים 250,גרמים,250.00,100 גרם,false,1,16.90,6.76,true,1,
7290000100128,false,פירות קפואים תות סנפרוסט 300 ג',סנפרוסט בעמ,IL,תות קפוא סנפרוסט 300,גרמים,300.00,100 גרם,false,1,19.90,6.63,true,1,
7290000100135,false,פירות קפואים סנפרוסט דובדבן 300 גר,סנפרוסט בעמ,IL,פירות קפואים דובדבן,גרמים,300.00,100 גרם,false,1,20.90,6.97,true,1,
7290000100609,false,קוביות אנטי פסטי להקפצה סנפורסט 600 ג',"סנפרוסט בע""מ",IL,קוביות אנטיפסטי להקפ,גרמים,600.00,100 גרם,false,0,28.20,4.70,true,1,
7290000101927,false,אוכמניות כחולות מוקפאות סנפרוסט 300 גרם,"איי, בי, אינבוו",IL,אוכמניות כחולות מוקפ,גרמים,300.00,100 גרם,false,1,19.90,6.63,true,1,
7290000101934,false,מיקס פירות יער מוקפאות 300 ג' סנפרוסט,"סנפרוסט בע""מ",IL,מיקס פירות יער מוקפא,גרמים,300.00,100 גרם,false,1,19.90,6.63,true,1,
7290000103433,false,לקט ירקות סנפרוסט לתנור 800 גר,"איי, בי, אינבוו",IL,לקט ירקות סנפרוסט לת,גרמים,800.00,100 גרם,false,1,24.90,3.11,true,1,
7290000104201,false,אפונה עדינה 600 גר סנפרוסט,"איי, בי, אינבוו",IL,אפונה עדינה 600 גר,גרמים,600.00,100 גרם,false,1,19.90,3.32,true,1,
7290000104676,false,אפונה קפואה סנפרוסט 800 גרם,"איי, בי, אינבוו",IL,אפונת גינה 800 גרם,גרמים,800.00,100 גרם,false,1,19.90,2.49,true,1,
7290000104683,false,שעועית ירוקה שלמה 800 גר סנפרוסט,"סנפרוסט בע""מ",IL,שעועית ירוקה שלמה,גרמים,800.00,100 גרם,false,1,22.90,2.86,true,1,
7290000104690,false,תירס גרעינים 800 גרם סנפרוסט,"איי, בי, אינבוו",IL,תירס גרעינים 800 גרם,גרמים,800.00,100 גרם,false,1,19.90,2.49,true,1,
7290000104744,false,כרובית 800 גר סנפרוסט,"סנפרוסט בע""מ",IL,כרובית 800גר סנפרוסט,גרמים,800.00,100 גרם,false,1,28.50,3.56,true,1,
7290000104775,false,מדליוני תרד 800 גר סנפרוסט,"איי, בי, אינבוו",IL,מדליוני תרד סנפרוסט,גרמים,800.00,100 גרם,false,1,30.50,3.81,true,1,
7290000104805,false,גרגירי חומוס קפוא 800 ג' סנפרוסט,"איי, בי, אינבוו",IL,חומוס קפוא סנפרוסט,גרמים,800.00,100 גרם,false,1,19.90,2.49,true,1,
7290000104904,false,לקט ירקות מעורבים 800 ג' סנפרוסט,"איי, בי, אינבוו",IL,ירקות מעורבים 800גר-,גרמים,800.00,100 גרם,false,1,24.90,3.11,true,1,
7290000107165,false,פולי סויה אדממה סנפרוסט 400 ג',"איי, בי, אינבוו",IL,חטיף סויה סנפרוסט,גרמים,400.00,100 גרם,false,1,14.90,3.73,true,1,
7290000107189,false,תחתיות ארטישוק 400 גרם סנפרוסט,"איי, בי, אינבוו",IL,תחתיות ארטישוק 400 ג,גרמים,400.00,100 גרם,false,1,24.90,6.23,true,1,
7290000107295,false,תפרחות ברוקולי סנפרוסט 800 ג',"איי, בי, אינבוו",IL,ברוקולי 800 גרם סנפר,גרמים,800.00,100 גרם,false,1,28.90,3.61,true,1,
7290000111000,false,שתיה קרה בודד,,,שתיה קרה בודד,Unknown,0.00,Unknown,false,1,1.00,1.00,true,1,
7290000111063,false,מיונז אמיתי תלמה 250 ג',יוניליוור ישראל מזון,IL,מיונז תלמה 250 גרם,גרמים,250.00,100 גרם,false,1,7.90,3.16,true,1,
7290000111360,false,חרדל תלמה 250 גרם-צנצנת,יוניליוור ישראל מזו,IL,חרדל תלמה 250 גרם-צנ,גרמים,250.00,100 גרם,false,1,7.50,3.00,true,1,
7290000112220,false,בארכה טחינה 100% שומשום 500 גרם,רושדי תעשיות מזון בע,IL,טחינה 500 גר בארכה,גרמים,500.00,100 גרם,false,1,15.90,3.18,true,1,
7290000112497,false,מרק עשיר עוף אטריות קנור 75 גרם - שקיות,יוניליוור ישראל מזון,IL,מרק עשיר עוף אטריות,גרמים,75.00,100 גרם,false,1,13.90,18.53,true,1,
7290000112619,false,מרק עוף לתיבול והעשרה קנור 400 ג',יוניליוור ישראל מזון,IL,אבקת מרק עוף קנור,גרמים,400.00,100 גרם,false,1,22.90,5.73,true,1,
7290000117720,false,קנור - נמס בכוס זוג פטריות 21.50 גרם * 2,יוניליוור ישראל מזון,IL,מרק נמס בכוס פטריות,גרמים,43.00,100 גרם,false,1,8.50,19.77,true,1,
7290000120836,false,הלמנס מיונז אמיתי 394גר ADR,קונפקו אינק' די.בי.א,CA,מיונז הלמנס 394 גרם,גרמים,433.00,100 גרם,false,1,12.80,2.96,true,1,
7290000120874,false,מיונז דל קלוריות 424 ג' הלמנס,"שד' קילבורן 2816, שי",US,מיונז הלמנס לייט 424,גרמים,476.00,100 גרם,false,1,12.80,2.69,true,1,
7290000135045,false,"XL TEN משקה אנרגיה פתוח ללא סוכר 250 מ""ל","טמפו משקאות בע""מ",IL,XL TEN משקה אנרגיה פ,מיליליטרים,250.00,"100 מ""ל",false,1,4.90,1.96,true,1,
7290000135113,false,"משקה אנרגיה XL פחית ten נענע ליים 250 מ""ל",,PL,פחית XL TEN נענע ליי,מיליליטרים,250.00,"100 מ""ל",false,1,4.90,1.96,true,1,
7290000136790,false,מארז סודה שישייה 1.5 ל' טמפו,טמפו,IL,שישיית סודה 1.5 ליטר,ליטרים,0.01,ליטר,false,1,20.70,2070.00,true,1,
7290000136875,false,מארז מים מינרלים מוגז 6* 1.5 ל' סאן בנדטו,טמפו,IL,שישיית סאן בנדטו מוג,ליטרים,0.01,ליטר,false,1,19.90,1990.00,true,1,
7290000143217,false,"הוואי - שמפו לשיער יבש 700 מ""ל",שוורצקוף& הנקל דיסלד,IL,שמפו הוואי לשיער יבש,מיליליטרים,700.00,"100 מ""ל",false,1,12.90,1.84,true,1,
7290000144160,false,"שמן זית כתית מעולה מודגש""עץ-הזית"" 750 מ""ל","מרקאולאו, ספרד.אבסה,",IT,שמן זית כתית מעולה ב,מיליליטרים,750.00,"100 מ""ל",false,1,34.90,4.65,true,1,
7290000144467,false,שמן חמניות מועשר בנוגדי חמצון 1 ל' עץ הזית,"נארז ע""י : א.ג. גילר",GR,שמן עץ הזית חמניות 1,מיליליטרים,1000.00,"100 מ""ל",false,1,16.90,1.69,true,1,
7290000144474,false,שמן עץ הזית קנולה 1 ליטר בריאות מהטבע,סקנולה,EE,שמן עץ הזית קנולה 1,מיליליטרים,1000.00,"100 מ""ל",false,1,16.90,1.69,true,1,
7290000169538,false,"נמס בכוס עגבניות וקרוטונים מרק כשרות בד""ץ 62 ג' קנור",יוניליוור ישראל מזון,IL,מרק נמס בכוס עגבניות,גרמים,56.00,100 גרם,false,1,8.50,15.18,true,1,
7290000170053,false,שוקולד פרה חלב 100 גרם,"תופינית בע""מ",IL,שוקולד פרה חלב 100 ג,גרמים,100.00,100 גרם,false,1,6.00,6.00,true,1,
7290000174723,false,שוקולית אבקה להכנת משקה שוקו 500 גרם,הנסיך- מפעל לייצור ט,IL,שוקולית 500 גרם,גרמים,500.00,100 גרם,false,1,15.90,3.18,true,1,
7290000176062,false,קפה עלית טורקי 100 גרם,שטראוס קפה בי.וי.,IL,קפה עלית טורקי 100 ג,גרמים,100.00,100 גרם,false,1,9.50,9.50,true,1,
7290000176079,false,קפה עלית טורקי עם הל 100 גרם,הנסיך- מפעל לייצור ט,IL,קפה עלית טורקי עם הל,גרמים,100.00,100 גרם,false,1,10.90,10.90,true,1,
7290000176420,false,קפה נמס אבקתי 200ג עלית,שטראוס קפה בי.וי,IL,קפה נמס עלית 200 גרם,גרמים,200.00,100 גרם,false,1,21.90,10.95,true,1,
7290000178707,false,תפוציפס מלוח 50 גרם,"שטראוס פריטו ליי בע""",IL,תפוציפס טבעי 50 גרם,גרמים,50.00,100 גרם,false,1,4.90,9.80,true,1,
7290000178721,false,תפוציפס מלוח 200 גרם,"שטראוס פריטו ליי בע""",IL,תפוציפס טבעי 200 גרם,גרמים,200.00,100 גרם,false,1,10.90,5.45,true,1,
7290000180212,false,שוקולוד פרה מריר אגוזים 100ג' עלית,"שטראוס גרופ בע""מ",IL,שוקולד פרה מריר עם א,גרמים,100.00,100 גרם,false,1,6.50,6.50,true,1,
7290000186535,false,נייר טואלט טריו לבן 32 גלילים לילי,קימברלי קלארק ישראל,IL,לילי טריו לבן 32 גלי,מטרים,537.28,מטר,false,1,44.90,0.08,true,1,
7290000187860,false,מגבוני טואלט לחים לילי דיספנסר 40יח',עלבד משואות יצחק בעמ,IL,נייר טואלט לח לילי פ,Unknown,0.00,Unknown,false,1,9.50,9.50,true,1,
7290000189116,false,ניקול תבניות אלומניום עגולות 5 יח',סין,CN,תבניות אינגליש קייק,Unknown,0.00,Unknown,false,1,14.90,14.90,true,1,
7290000189536,false,אשפתון שרוך מתכלה 52/65 ניקול 40 יח',אשפלסט,TR,שקיות אשפה ניקול 40,Unknown,0.00,Unknown,false,1,20.80,20.80,true,1,
7290000189598,false,מטליות לחות חד פעמיות לניקוי כללי 50 יח' ניקול,עלבד משואות יצחק בעמ,IL,ניקול מטלית לחות חד,Unknown,0.00,Unknown,false,1,12.90,12.90,true,1,
7290000189734,false,מטליות לחות לפרקט 10יח' ניקול,עלבד משואות יצחק בעמ,IL,מטליות לחות לפרקטים,Unknown,0.00,Unknown,false,1,17.90,17.90,true,1,
7290000190853,false,לילי פיור נייר טואלט דו שכבתי 30 גלילים,,,לילי פיור נייר טואלט,מטרים,588.00,מטר,false,1,44.90,0.08,true,1,
7290000196763,false,ניקול שקיות לאשפה השקית החזקה 40 יח',אשפלסט,IL,השקית החזקה ניקול 40,Unknown,0.00,Unknown,false,1,29.90,29.90,true,1,
7290000197326,false,רדיד אלומניום ניקול זוגי 30X7.5מ',אופל,IL,רדיד אלומיניום ניקול,מטרים,15.00,מטר,false,1,13.90,0.93,true,1,
7290000197432,false,שקיות אוכל סנדביצ'ון ניקול מארז 150X2יח',אשלפסט תעשיות בעמ,IL,זוג סנדביצון ענק,Unknown,0.00,Unknown,false,1,16.50,16.50,true,1,
7290000197470,false,מקפיאון שקיות הקפאה מתכלות ניקול 250יח',אשלפסט תעשיות בעמ,IL,שקיות רב שימושיות,Unknown,0.00,Unknown,false,1,18.90,18.90,true,1,
7290000197753,false,ניילון נצמד אנטי בטקריאלי ניקול 30X2מ',GTC,,זוג ניילון נצמד ניקו,מטרים,60.00,מטר,false,1,13.90,0.23,true,1,
7290000197951,false,ניקול תבנית אלומיניום ענק 3 יח',פאלאס,,מגשית חד פעמית ניקול,Unknown,0.00,Unknown,false,1,11.90,11.90,true,1,
7290000204215,false,ניקול כריות יפניות 6 יח',פלסטופוליש,IL,כרית ניקול שישייה,Unknown,0.00,Unknown,false,1,13.90,13.90,true,1,
7290000204512,false,מטליות לחות לרצפה בניחוח לימון 10 יח' ניקול,עלבד משואות יצחק בעמ,IL,מטליות לחות לרצפה בר,Unknown,0.00,Unknown,false,1,14.90,14.90,true,1,
7290000207063,false,רוטב עגבניות פריכוז 28% 260 ג' יכין,היינץ צפון אמריקה מק,IL,פריכוז 240 גר,גרמים,240.00,100 גרם,false,1,5.40,2.25,true,1,
7290000207438,false,עגבניות 2.5 A קוביות 850 גרם יכין,"זנלכל בע""מ",IL,עגבניות 2.5 A קוביות,גרמים,850.00,100 גרם,false,1,10.90,1.28,true,1,
7290000208022,false,עגבניות מרוסקות פריכוז 800 ג' יכין,"זנלכל בע""מ",IL,עגבניות 2.5 A מרוסק,גרמים,850.00,100 גרם,false,1,10.90,1.28,true,1,
7290000208077,false,אפונת גינה רגילה 550 גרם יכין,"זנלכל בע""מ",IL,אפונת גינה רגילה 550,גרמים,550.00,100 גרם,false,1,8.90,1.62,true,1,
7290000208145,false,גרעיני תירס מתוק לייט 550 גרם יכין,"זנלכל בע""מ",IL,תירס לייט יכין 550 ג,גרמים,550.00,100 גרם,false,1,10.90,1.98,true,1,
7290000208213,false,שעועית לבנה אפויה A2 ברוטב עגבניות יכין 560ג',היינץ צפון אמריקה מק,IL,שעועית יכין אפויה 58,גרמים,580.00,100 גרם,false,1,9.90,1.71,true,1,
7290000208251,false,שעועית ירוקה יכין A2 בית יוסף,"זנלכל בע""מ",IL,שעועית ירוקה יכין 56,גרמים,560.00,100 גרם,false,1,10.90,1.95,true,1,
7290000208268,false,שעועית צהובה א-2. יכין 550 ג',"זנלכל בע""מ",IL,שעועית צהובה 560 גר,גרמים,560.00,100 גרם,false,1,10.90,1.95,true,1,
7290000208329,false,גרעיני תירס מתוק 550 גרם יכין,"זנלכל בע""מ",IL,תירס גרעינים 550 גר,גרמים,550.00,100 גרם,false,1,8.90,1.62,true,1,
7290000208404,false,פול A2 בית יוסף יכין,"זנלכל בע""מ",IL,פול יכין 560 גרם,גרמים,560.00,100 גרם,false,1,8.90,1.59,true,1,
7290000208428,false,חומוס יכין שלם 550 גר A/2,"זנלכל בע""מ",IL,חומוס יכין שלם 550 ג,גרמים,550.00,100 גרם,false,1,8.90,1.62,true,1,
7290000208480,false,גרעיני תירס מתוק בטעם חמאה 550 גרם יכין,,,תירס בטעם חמאה יכין,גרמים,550.00,100 גרם,false,1,10.90,1.98,true,1,
7290000208534,false,גרעיני תירס מתוק לילדים 550 גרם יכין,"זנלכל בע""מ",IL,תירס קיד יכין 550 גר,גרמים,550.00,100 גרם,false,1,10.90,1.98,true,1,
7290000208855,false,רוטב לפסטה קלאסי 240 גרם יכין,"זנלכל בע""מ",IL,רוטב לפסטה 260 גרם י,מיליליטרים,260.00,"100 מ""ל",false,1,6.90,2.65,true,1,
7290000208947,false,עגבניות מרוסקות 260 גרם יכין,היינץ צפון אמריקה מק,IL,עגבניות מרוסקות 260,גרמים,260.00,100 גרם,false,1,6.90,2.65,true,1,
7290000209012,false,חומץ הדרים 5% יכין 1,"זנלכל בע""מ",IL,חומץ הדרים 1 ליטר,מיליליטרים,1000.00,"100 מ""ל",false,1,6.90,0.69,true,1,
7290000209951,false,רוטב עגבניות לפיצה 260 גרם יכין,"זנלכל בע""מ",IL,רוטב עגבניות לפיצה,גרמים,260.00,100 גרם,false,1,6.90,2.65,true,1,
7290000210896,false,רוטב לפסטה בולונז 240 גרם יכין,"זנלכל בע""מ",IL,רוטב בולונז 260 גרם,מיליליטרים,260.00,"100 מ""ל",false,1,6.90,2.65,true,1,
7290000211169,false,"אורז תאילנדי אחד אחד סוגת 1 ק""ג",האי נאם סי או אל.טי.,IL,"אורז תאילנדי 1 ק""ג",קילוגרמים,0.00,"ק""ג",false,1,8.30,8.30,true,1,
7290000211442,false,"אורז פרסי קלאסי סוגת 1 ק""ג",האי נאם סי או אל.טי.,IL,"אורז פרסי 1 ק""ג סוג",גרמים,1000.00,100 גרם,false,1,10.90,1.09,true,1,
7290000211503,false,סוכר לבן ארוז בשקית,"סוגת תעשיות בע""מ",IL,"סוכר לבן 1 ק""ג",קילוגרמים,0.00,"ק""ג",false,1,4.90,4.90,true,1,
7290000238036,false,מלווח עגול מעדנות 700 ג',מיוצר עי קונדיטוריית,IL,מלאווח מעדנות 700 גר,גרמים,700.00,100 גרם,false,1,18.90,2.70,true,1,
7290000238173,false,מעדנות בורקס גבינה 800גר,מיוצר עי קונדיטוריית,IL,בורקס גבינה מעדנות,גרמים,800.00,100 גרם,false,1,25.90,3.24,true,1,
7290000245270,false,"פרסיל אבקת כביסה סופרא 1.250 ק""ג","הנקל סוד בע""מ",IL,אב.כביסה פרסיל 1.25,קילוגרמים,0.00,"ק""ג",false,1,20.30,20.30,true,1,
7290000245508,false,"אב.כביסה סוד פרפקט 1.25ק""ג-שקית כחולה","הנקל סוד בע""מ",IL,אב.כביסה סוד פרפקט 1,קילוגרמים,0.00,"ק""ג",false,1,10.90,10.90,true,1,
7290000262031,false,נייר טואלט מולט לב 32 גלילים,חוגלה קימברלי,IL,נייר טואלט מולט 32 ג,מטרים,588.80,מטר,false,1,32.90,0.06,true,1,
7290000272696,false,עסיס מיץ לימון טבעי משומר 1 ל' אסם,בית-השיטה עסיס תעשיו,IL,מיץ לימון עסיס משומר,מיליליטרים,1000.00,"100 מ""ל",false,1,12.90,1.29,true,1,
7290000272726,false,חומץ טבעי 5% עסיס 1 ל' אסם,,,חומץ טבעי עסיס 5% -1,מיליליטרים,1000.00,"100 מ""ל",false,1,7.30,0.73,true,1,
7290000286549,false,סנו סושי מטליות לניקוי כללי 9 יח',טרופיקל דגיל תעשיות,IL,סנו סושי מטלית לכל 9,Unknown,0.00,Unknown,false,1,13.90,13.90,true,1,
7290000287492,false,"סנו - סנובון נוזלי לימון 750 מ""ל","איי, בי, אינבוו",IL,סנובון נוזלי לימון,מיליליטרים,750.00,"100 מ""ל",false,1,11.90,1.59,true,1,
7290000289069,false,סנו - ז'אוול מרסס קצף ניקוי בתוספת אקונומיקה בריח לימון 1 ליטר,"סנו מפעלי ברונוס בע""",IL,סנו זאוול מרסס לימון,מיליליטרים,1000.00,"100 מ""ל",false,1,19.90,1.99,true,1,
7290000289885,false,"סנו פרש ענק אושן כחול 375 מ""ל",,,סנופרש יבש אושן,מיליליטרים,375.00,"100 מ""ל",false,1,12.90,3.44,true,1,
7290000295404,false,סנו סושי שקית אשפה חזקות 70*50 60 יח',מיוצר עי קונדיטוריית,IL,סנו סושי אשפה 60 שק,Unknown,0.00,Unknown,false,1,23.90,23.90,true,1,
7290000295503,false,סנו סושי שקיות אוכל מתכלות זוג *150 יח',הורביץ סחר,CN,סנו סושי 150 שקיות ב,Unknown,0.00,Unknown,false,1,15.50,15.50,true,1,
7290000295558,false,רדיד אלומיניום סנו סושי זוגי 30X7.5מ',מולינו ניקולי s.p.a,CN,סנו סושי צמד רדידי א,מטרים,15.00,מטר,false,1,10.90,0.73,true,1,
7290000300900,false,שניצל תירס 750 גרם טבעול,טבעול,IL,שניצל תירס 750 גרם,גרמים,750.00,100 גרם,false,1,27.90,3.72,true,1,
7290000341071,false,בדין - מרכך כביסה בייבי לבן 2 ליטר,יוניליוור ישראל טיפו,IL,בדין בייבי 2 ליטר,ליטרים,0.00,ליטר,false,1,19.90,19.90,true,1,
7290000345307,false,תה ארל גריי 50 שקיקים ויסוצקי,מולינו ניקולי s.p.a,IL,תה ארל גריי 50 שקיקי,Unknown,0.00,Unknown,false,1,29.90,29.90,true,1,
7290000345604,false,תה לימון 25 שקיקים 2 גרם,,,תה לימון 25 שקיקים,Unknown,0.00,Unknown,false,1,22.90,22.90,true,1,
7290000363363,false,קבנוס מיוחד 160 גרםטירת צבי,הנסיך- מפעל לייצור ט,IL,קבנוס מיוחד 160 גרם,גרמים,160.00,100 גרם,false,1,21.90,13.69,true,1,
7290000363899,false,נקניקיות פיקנטיות טירת צבי 400 גר',,IL,נקניקיות פיקנטיות,גרמים,400.00,100 גרם,false,1,14.90,3.73,true,1,
7290000364261,false,דקניקים סלסולי כתף בקר 120 ג' טירת צבי,הנסיך- מפעל לייצור ט,IL,סלסולי כתף בקר 120גר,גרמים,120.00,100 גרם,false,1,17.90,14.92,true,1,
7290000364278,false,דקניקים סילסולי סלמי איטלקי 120 ג' טירת צבי,הנסיך- מפעל לייצור ט,IL,סלסולי סלמי איטלקי,גרמים,120.00,100 גרם,false,1,17.90,14.92,true,1,
7290000364285,false,דקניקים סלסולי פסטרמה הודו 120 ג' טירת צבי,הנסיך- מפעל לייצור ט,IL,סלסולי פסטרמה הודו,גרמים,120.00,100 גרם,false,1,17.90,14.92,true,1,
7290000364803,false,נקניקיות קרנץ אמריקאי טירת צבי 500 ג',הנסיך- מפעל לייצור ט,IL,נקניקיות קרנץ אמריקא,גרמים,500.00,100 גרם,false,1,32.10,6.42,true,1,
7290000364810,false,נקניקיות עגל 500 גרםטירת צבי,הנסיך- מפעל לייצור ט,IL,נקניקיות עגל 500 גרם,גרמים,500.00,100 גרם,false,1,31.10,6.22,true,1,
7290000364858,false,"נקניקיות עוף טרי 1 ק""ג טירת צבי",הנסיך- מפעל לייצור ט,IL,טירת צבי נקניקיות עו,קילוגרמים,0.00,"ק""ג",false,1,27.90,27.90,true,1,
7290000364872,false,נקניקיות עוף 400 גרםטירת צבי,טיב טירת צבי 2000,IL,נקניקיות עוף 400 גרם,גרמים,400.00,100 גרם,false,1,14.90,3.73,true,1,
7290000365398,false,חזה הודו בדבשטירת צבי,טירת צבי,,חזה הודו בדבש,Unknown,0.00,"ק""ג",true,0,93.00,93.00,true,1,
7290000365909,false,פסטרמה הודו מעושנתטירת צבי,טירת צבי,,פסטרמה הודו מעושנת,Unknown,0.00,"ק""ג",true,0,93.00,93.00,true,1,
7290000377612,false,"מיץ סחוט תפוזים פריגת 400 מ""ל",גת גבעת חיים,IL,פריגת סחוט תפוז 400,מיליליטרים,400.00,"100 מ""ל",false,1,10.90,2.73,true,1,
7290000390536,false,לבבות חסה,,,לבבות חסה,Unknown,0.00,Unknown,false,1,11.90,11.90,true,1,
7290000408316,false,יוגורט דנונה דל לקטוז 200 גרם,מיוצר עי קונדיטוריית,IL,דנונה דל לקטוז,גרמים,200.00,100 גרם,false,1,3.70,1.85,true,1,
7290000408354,false,יוגורט עם אורז מצופה שוקולד קקאו 175 ג' דנונה,"שטראוס בריאות בע""מ",IL,דנונה בר פצפוצים 173,גרמים,173.00,100 גרם,false,1,4.80,2.77,true,1,
7290000430102,false,"שקיות קרח 2 ק""ג ""מר אייס""",אייס קיוב,,"קוביות קרח 2 ק""ג",קילוגרמים,0.00,"ק""ג",false,1,10.90,10.90,true,1,
7290000453781,false,שמרים יבשים שמרית 125 גרם,,PT,שמרים יבשים שמרית 12,גרמים,125.00,100 גרם,false,1,7.50,6.00,true,1,
7290000462103,false,סחוג אדום חריף עדין זהבי 150 ג',קריניסה ויטמין אס אי,IL,סחוג זהבי אדום 150 ג,גרמים,150.00,100 גרם,false,1,10.90,7.27,true,1,
7290000462172,false,סחוג ירוק חריף מאוד זהבי 150 ג',קריניסה ויטמין אס אי,IL,סחוג זהבי ירוק חריף,גרמים,150.00,100 גרם,false,1,10.90,7.27,true,1,
7290000474540,false,גבינה טוב טעם 3% טרה 250ג' מהדרין,טרה,IL,טוב טעם 250 גרם,גרמים,250.00,100 גרם,false,1,12.90,5.16,true,1,
7290000480107,false,קוואקר שיבולת שועל פחית 500 גר,וולקרס סנקס לימיטד,,קוואקר שיבולת שועל פ,גרמים,500.00,100 גרם,false,1,14.90,2.98,true,1,
7290000483139,false,מרציפן גולמי המרשלג 100 גרם,"המרשלג פרלינס בע""מ",IL,מרציפן גולמי המרשלג,גרמים,100.00,100 גרם,false,1,10.90,10.90,true,1,
7290000483641,false,מרציפן חלה המרשלג 75 גרם,"המרשלג פרלינס בע""מ",IL,מרציפן חלה המרשלג 75,גרמים,75.00,100 גרם,false,1,10.60,14.13,true,1,
7290000484747,false,עלית הארק 40% בקבוק,יקבי הגליל יוסף,,"ערק עלית 40% 700 מ""ל",מיליליטרים,700.00,"100 מ""ל",false,1,59.90,8.56,true,1,
7290000497044,false,לחם ברמן אקטיב 750 גר,יוליניבר,IL,לחם ברמן אקטיב 750 ג,גרמים,750.00,100 גרם,false,1,17.90,2.39,true,1,
7290000497112,false,לחם ברמן אחיד פרוס 750ג',יוליניבר,IL,אחיד פרוס ברמן,גרמים,750.00,100 גרם,false,1,7.11,0.95,true,1,
7290000497204,false,פיתות אסלי 5 יח' ברמן,יוליניבר,IL,פיתות אסלי ברמן 5 יח,גרמים,500.00,100 גרם,false,1,7.50,1.50,true,1,
7290000497358,false,חלה מתוקה ארוזה חלומית 500 גר',מאפיות ברמן,IL,חלומית ארוזה ברמן 50,גרמים,500.00,100 גרם,false,1,15.90,3.18,true,1,
7290000504209,false,"סוכרזית דיאט טיפ נוזלי 220 מ""ל",אף.סי תבליני בגליל ב,IL,דיאט טיפ-ממתיק נוזלי,מיליליטרים,220.00,"100 מ""ל",false,1,26.50,12.05,true,1,
7290000518336,false,צמר גפן מתוק MOOOSH 10 גרם,מתוק וקל בעמ,IL,MOOOSH צמר גפן מתוק,גרמים,10.00,100 גרם,false,1,5.20,52.00,true,1,
7290000523125,false,מלח הארץ הים האדום 250 ג' עדין,חברת מלח הארץ אילת ב,IL,מלח הארץ ים יבש 250,גרמים,250.00,100 גרם,false,1,6.70,2.68,true,1,
7290000523521,false,מלח ים מועשר ביוד 250 ג' מלח הארץ,חברת מלח הארץ אילת ב,IL,מלח הארץ מועשר ביוד,גרמים,250.00,100 גרם,false,1,7.50,3.00,true,1,
7290000525969,false,פרימור סחוט תפוזים טבעי 1ל',גניר,IL,מיץ תפוזים סחוט 1 ל,מיליליטרים,1000.00,"100 מ""ל",false,1,17.90,1.79,true,1,
7290000554402,false,מלבי מעדן חלב גד 170,"מיוצר ע""י קוד יצרן E",IL,מעדן מלבי 160 גר,גרמים,160.00,100 גרם,false,1,6.20,3.88,true,1,
7290000554471,false,גבינת מוצרלה 22% נקניק 180ג' גד,"מחלבות גד בע""מ",IL,מוצרלה 180 גרם,גרמים,180.00,100 גרם,false,1,21.90,12.17,true,1,
7290000554532,false,גבינה צפתית מעודנת במלח ים 5% 200 ג' גד,הנסיך- מפעל לייצור ט,IL,צפתית מעודנת 5% במלח,גרמים,200.00,100 גרם,false,1,17.50,8.75,true,1,
7290000554600,false,גבינת מוצרלה מגורדת 22% 300ג' גד,מחלבות גד בעמ,IL,מוצרלה מגורדת 300 גר,גרמים,300.00,100 גרם,false,1,28.90,9.63,true,1,
7290000554624,false,ירח מתוק מעדן גד 150ג',"מיוצר ע""י קוד יצרן E",IL,מעדן ירח מתוק 150 גר,גרמים,150.00,100 גרם,false,1,7.10,4.73,true,1,
7290000554686,false,לאבנה בשמן זית וזעתר 5% שומן 250 ג' גד,מחלבות גד בעמ,IL,לבנה בשמן זית וזעתר,גרמים,250.00,100 גרם,false,1,17.90,7.16,true,1,
7290000554822,false,גבינת ריקוטה טבעי 5% שומן 250 ג' גד,מחלבות גד בעמ,IL,ריקוטה 250 גרם,גרמים,250.00,100 גרם,false,1,16.90,6.76,true,1,
7290000571386,false,יוגורמה יוגורט כבשים 850 גר,גבינות משק אחים מאיר,IL,יוגורמה יוגורט כבשים,גרמים,850.00,100 גרם,false,1,29.90,3.52,true,1,
7290000571393,false,יוגורמה יוגורט כבשים 140 גר,גבינות משק אחים מאיר,IL,יוגורמה יוגורט כבשים,גרמים,140.00,100 גרם,false,1,6.50,4.64,true,1,
7290000652542,false,פילה אמנון קפוא 5-7,,CN,פילה אמנון קפוא,Unknown,0.00,"ק""ג",true,0,39.90,39.90,true,1,
7290000654546,false,פילה אמנון קפוא 100% דג,תנובה,IL,פילה אמנון קפוא 7-9,Unknown,0.00,"ק""ג",true,0,39.90,39.90,true,1,
7290000662817,false,תנובה סלמון מעושן 100 גרם,,צ'ילה (TDE),סלמון מעושן 100 גרם,גרמים,100.00,100 גרם,false,0,25.90,25.90,true,1,
7290000688077,false,"מי עדן 0.500 מ""ל פקק רגיל",מופק ממקור בזלתי עדן,IL,"מי עדן 500 מ""ל",מיליליטרים,500.00,"100 מ""ל",false,1,1.90,0.38,true,1,
7290000688381,false,שישיית מי עדן פקק ספורט 0.5 ליטר,"מי עדן בע""מ",IL,מי עדן שישיה אישי,מיליליטרים,3000.00,"100 מ""ל",false,1,15.90,0.53,true,1,
7290000692135,false,ספיד סטיק בסיסי ירוק א.פ פרש פאוור,,,ספיד סטיק אנטי פרספר,גרמים,57.00,100 גרם,false,1,21.90,38.42,true,1,
7290000982113,false,עגבניית טעם,חקלאי,IL,עגבניית טעם,Unknown,0.00,"ק""ג",true,0,19.90,19.90,true,1,
7290000995410,false,נבטים סינים 280ג',חקלאי,IL,נבטים סינים,Unknown,0.00,Unknown,false,1,11.90,11.90,true,1,
7290001045169,false,פרימור סחוט תפוחי עץ צלול 1 ל',גניר,IL,מיץ תפוחים צלול 1 ל,מיליליטרים,1000.00,"100 מ""ל",false,1,17.90,1.79,true,1,
7290001045688,false,"תפוזים סחוט 400 מ""ל פרימור",גניר,IL,"תפוזים סחוט 400 מ""ל",מיליליטרים,400.00,"100 מ""ל",false,1,11.90,2.98,true,1,
7290001111500,false,לחם מחמצת בטעמים 700 גרם,,,לחם מחמצת בטעמים 700,גרמים,700.00,100 גרם,false,1,18.50,2.64,true,1,
7290001216040,false,טחינה 500 גרם טחינת אל-ארז,דולפין ספא,IL,טחינה 500 גרם טחינת,גרמים,500.00,100 גרם,false,1,18.90,3.78,true,1,
7290001230234,false,סיגריות כאמל סופט חפ,גיי טי אינטרנשיונל,,כאמל סופט חפיסה,Unknown,0.00,Unknown,false,1,30.90,30.90,true,1,
7290001230331,false,סיגריות כאמל בוקס חפ,JTI,,כאמל בוקס חפיסה,Unknown,0.00,Unknown,false,1,30.90,30.90,true,1,
7290001230739,false,כאמל קופסא בודדת כחו,JTI,,כאמל כחול חפיסה,Unknown,0.00,Unknown,false,1,30.90,30.90,true,1,
7290001231932,false,ווינסטון כחול בוקס חפיסה,JTI,,ווינסטון כחול בוקס ח,Unknown,0.00,Unknown,false,1,33.00,33.00,true,1,
7290001245712,false,אקונומיקה 4 ליטר טאצ,,,אקונומיקה 4 ליטר טאצ,Unknown,0.00,Unknown,false,1,10.90,10.90,true,1,
7290001246085,false,טאצ' מרסס ניקוי חלונות 1 ליטר,,,ניקוי חלונות 1 ליטר,Unknown,0.00,Unknown,false,1,7.90,7.90,true,1,
7290001246221,false,"טאצ' תרסיס מטהר אוויר לימון 300 מ""ל",,,תרסיס מטהר אוויר לימ,Unknown,0.00,Unknown,false,1,5.50,5.50,true,1,
7290001246269,false,"טאצ' תרסיס מטהר אוויר לבנדר 300 מ""ל",,,תרסיס מטהר אוויר לבנ,Unknown,0.00,Unknown,false,1,5.50,5.50,true,1,
7290001246634,false,"טאצ' נוזל אסלות ע""ב חומצה 1 ליטר",,,"נוזל אסלות ע""ב חומצה",Unknown,0.00,Unknown,false,1,7.90,7.90,true,1,
7290001246757,false,נוזל רצפות מלון בוטיק טאצ' 2 ליטר,,,נוזל רצפות מלון בוטי,Unknown,0.00,Unknown,false,1,19.90,19.90,true,1,
7290001247068,false,קרטונית נקטר ספרינג תות בננה 1 ליטר,"יפאורה תבורי בע""מ",IL,קרטונית נקטר ספרינג,מיליליטרים,1000.00,"100 מ""ל",false,1,7.40,0.74,true,1,
7290001247082,false,קרטונית נקטר ספרינג עגבניות 1 ליטר,"יפאורה תבורי בע""מ",IL,קרטונית נקטר ספרינג,מיליליטרים,1000.00,"100 מ""ל",false,1,7.60,0.76,true,1,
7290001247105,false,קרטונית נקטר ספרינג אפרסק 1 ליטר,"יפאורה תבורי בע""מ",IL,קרטונית נקטר ספרינג,מיליליטרים,1000.00,"100 מ""ל",false,1,7.40,0.74,true,1,
7290001247112,false,קרטונית נקטר ספרינג לימונענע 1 ליטר,"יפאורה תבורי בע""מ",IL,קרטונית נקטר ספרינג,מיליליטרים,1000.00,"100 מ""ל",false,1,7.40,0.74,true,1,
7290001247129,false,נקטר ספרינג תפוזים קרטונית 1 ל',"יפאורה תבורי בע""מ",IL,קרטונית נקטר ספרינג,מיליליטרים,1000.00,"100 מ""ל",false,1,7.40,0.74,true,1,
7290001247143,false,נקטר ספרינג תפוחים קרטונית 1 ל',"יפאורה תבורי בע""מ",IL,קרטונית נקטר ספרינג,מיליליטרים,1000.00,"100 מ""ל",false,1,7.40,0.74,true,1,
7290001305188,false,פלמוליב כלים שקוף לימון 750 בקבוק חדש,יבואן ומשווק: ש. שסט,GR,פלמוליב לכלים אקטיב,מיליליטרים,750.00,"100 מ""ל",false,1,13.90,1.85,true,1,
7290001356166,false,סלמון מעושן 100 גרם,ישראגל,,סלמון מעושן 100 גרם,גרמים,100.00,100 גרם,false,1,25.00,25.00,true,1,
7290001356173,false,סלמון פרוס 200 גרם,ישראגל,,סלמון פרוס 200 גרם,גרמים,200.00,100 גרם,false,1,47.00,23.50,true,1,
7290001361054,false,אקלרים פטיסייר (600 ג'),אף.סי תבליני בגליל ב,IL,אקלרים וניל 600 גרם,גרמים,600.00,100 גרם,false,1,45.90,7.65,true,1,
7290001361061,false,פחזניות בציפוי שוקולד 600 גרם,"נטלי פלוס בע""מ",IL,פחזניות בציפוי שוקול,גרמים,600.00,100 גרם,false,1,49.90,8.32,true,1,
7290001361085,false,עוגת נפוליאון 600 גר,אף.סי תבליני בגליל ב,IL,עוגת נפוליאון,גרמים,600.00,100 גרם,false,1,47.90,7.98,true,1,
7290001361177,false,פס דובדבנים 650 ג',יושלם,,עוגת דובדבנים,גרמים,650.00,100 גרם,false,1,52.90,8.14,true,1,
7290001361269,false,פס קייבסקי ללא קמח 3,נטלי פלוס בעמ,IL,טורט פס קייב 350 גרם,גרמים,350.00,100 גרם,false,1,52.90,15.11,true,1,
7290001361450,false,עוגת מותק - ריבת חלב 650 ג',,,עוגת ריבת חלב,גרמים,600.00,100 גרם,false,1,74.90,12.48,true,1,
7290001361931,false,פחזניות במילוי גבינה (350 ג'),האי נאם סי או אל.טי.,IL,פחזניות במילוי גבינה,גרמים,450.00,100 גרם,false,1,38.90,8.64,true,1,
7290001361979,false,פס גבינה פירורים ללא סוכר 450 ג',נטלי,,"פס גבינה ללת""ס",גרמים,500.00,100 גרם,false,1,47.90,9.58,true,1,
7290001407547,false,טחינה גולמית משומשום מלא פי 6 בארכה 500ג',רושדי תעשיות מזון בע,IL,טחינה משומשום מלא פי,גרמים,500.00,100 גרם,false,1,18.50,3.70,true,1,
7290001427019,false,"מיץ תפוזים סחוט 100% 500 מ""ל",,,"מיץ תפוז קשת 500 מ""ל",מיליליטרים,500.00,"100 מ""ל",false,1,18.90,3.78,true,1,
7290001427255,false,קשת מיץ תפוחים טבעי,,,קשת מיץ תפוחים טבעי,מיליליטרים,1000.00,"100 מ""ל",false,1,20.90,2.09,true,1,
7290001485019,false,גבינת שמנת 5% טעם טבעי 200 ג' טרה,טרה,IL,גבינה שמנת טבעי 5% 2,גרמים,200.00,100 גרם,false,1,13.90,6.95,true,1,
7290001581797,false,בשר עגל טחון קפוא,,IL,בשר עגל טחון קפוא,גרמים,600.00,100 גרם,false,1,34.90,5.82,true,1,
7290001594025,false,"קוקה קולה זכוכית 350 מ""ל",החברה המרכזית לייצור,IL,קוקה קולה קלאסי 350,מיליליטרים,350.00,"100 מ""ל",false,1,6.60,1.89,true,1,
7290001594155,false,קוקה קולה בקבוק 500,החברה המרכזית לייצור,IL,"קוקה קולה 500 מ""ל",מיליליטרים,500.00,"100 מ""ל",false,1,8.50,1.70,true,1,
7290001594230,false,"קינלי סודה בקבוק 250 מ""ל",החברה המרכזית לייצור,IL,"קינלי סודה 250 מ""ל",מיליליטרים,250.00,"100 מ""ל",false,1,4.00,1.60,true,1,
7290001594568,false,"בירה קרלסברג פחית 500 מ""ל",יונייטד רומניאן ברוו,RO,"קרלסברג פחית 500 מ""ל",מיליליטרים,500.00,"100 מ""ל",false,1,9.90,1.98,true,1,
7290001594575,false,"בירה טובורג פחית 500 מ""ל",מבשלות בירה בינלאומי,IL,"בירה טובורג 500 מ""ל",מיליליטרים,500.00,"100 מ""ל",false,1,9.90,1.98,true,1,
7290001594858,false,"טובורג רד שישייה בקבוק 330 מ""ל",קרלסברג ישראל,,טובורג רד שישייה בקב,מיליליטרים,1980.00,"100 מ""ל",false,1,39.90,2.02,true,1,
7290001594865,false,"קרלסברג שישיה בקבוק 330 מ""ל",קרלסברג ישראל,,קרלסברג שישיה בקבוק,מיליליטרים,1980.00,"100 מ""ל",false,1,36.90,1.86,true,1,
7290001791776,false,"סנו - די רולאון דוחה יתושים אלוורה 50 מ""ל",גוד פוד פרודקטס S.p,IL,סנו די רולאון פלוס,מיליליטרים,50.00,"100 מ""ל",false,1,23.90,47.80,true,1,
7290002037569,false,שישיית לחמניות באניס,,,שישיית לחמניות באניס,גרמים,450.00,100 גרם,false,1,14.90,3.31,true,1,
7290002037637,false,חליות מתוקות מארז 4יח',סטאר סנקס,IL,מארז 4 חליות מתוקות,גרמים,360.00,100 גרם,false,1,14.50,4.03,true,1,
7290002053095,false,אטריות ביצים מס 10 200 ג',,,אטריות ביצים 10 200,גרמים,200.00,100 גרם,false,1,8.70,4.35,true,1,
7290002053101,false,אוריינט אטריות ביצים מס 12 200 'ג',,,אטריות ביצים 12 200,גרמים,200.00,100 גרם,false,1,8.70,4.35,true,1,
7290002073635,false,גאודה פסטו הולנדי במשקל,,,גאודה פסטו הולנדי במ,Unknown,0.00,"ק""ג",true,0,139.00,139.00,true,1,
7290002073680,false,גבינה קברה ביין ספרדי עיזים במשקל,,,גבינה קברה ביין ספרד,Unknown,0.00,"ק""ג",true,0,231.00,231.00,true,1,
7290002107385,false,גבינת מה עיזים בגליל צוריאל 180 ג',משק צוריאל,IL,עז מה גבינת עיזים,גרמים,180.00,100 גרם,false,1,25.90,14.39,true,1,
7290002107965,false,טבורוג גבינה לאפייה 5% צוריאל 500 ג',משק צוריאל,IL,צוריאל גבינה טבורוג,גרמים,500.00,100 גרם,false,1,26.90,5.38,true,1,
7290002130567,false,דבש טהור מפרחי בר 350 ג' יד מרדכי,מכוורת יד מרדכי שטרא,IL,דבש טהור יד מרדכי 35,גרמים,350.00,100 גרם,false,1,21.90,6.26,true,1,
7290002132011,false,עבאדי עוגיות מזרחיות 400 גרם,מאפיית יוסף ושמחה עב,IL,עבאדי עוגיות מזרחיות,גרמים,400.00,100 גרם,false,1,21.90,5.48,true,1,
7290002208129,false,השומרון גבינת חלומי כבשים 250ג,,,חלומי כבשים דותן 250,גרמים,250.00,100 גרם,false,1,39.90,15.96,true,1,
7290002208532,false,צדר כבשים משק דותן 200 גרם,,,צדר כבשים משק דותן 2,גרמים,200.00,100 גרם,false,1,42.90,21.45,true,1,
7290002253105,false,מגשית קוביות שום טרי דורות 80 ג',דורות,IL,מגשית שום טרי דורות,גרמים,80.00,100 גרם,false,1,16.90,21.13,true,1,
7290002331094,false,"נביעות+ מים טעם ענבים 755מ""ל",נביעות טבע הגליל בעמ,IL,"נביעות בודד 755 מ""ל",מיליליטרים,755.00,"100 מ""ל",false,1,5.90,0.78,true,1,
7290002331360,false,"נביעות מים מינרליים טו גו מארז 500X6מ""ל",נביעות,IL,שישיית מים נביעות,מיליליטרים,3000.00,"100 מ""ל",false,1,16.90,0.56,true,1,
7290002331490,false,מים מינרלים נביעות 1 ליטר,נביעות טבע הגליל בעמ,IL,מים נביעות 1 ליטר,מיליליטרים,1000.00,"100 מ""ל",false,1,2.90,0.29,true,1,
7290002353836,false,סרדינים רוברט בשמן זית 115 גרם,קונסרבס פורטוגל נורט,PT,סרדינים רוברט בשמן,גרמים,120.00,100 גרם,false,1,8.90,7.42,true,1,
7290002360278,false,חליטת תה מנטה פומפדור 20 שקיקים,"איטיליאן פוד, אס.פי.",DE,תה חליטת מנטה 20 יח,Unknown,0.00,Unknown,false,1,18.90,18.90,true,1,
7290002360285,false,תה פומפדור חליטת צמחים קמומיל 20 שק,טיקנה,DE,תה חליטת קמומיל 20 י,Unknown,0.00,Unknown,false,1,18.90,18.90,true,1,
7290002371526,false,סלסולי פסטרמה שום וצילי 120 גר טירת צבי,הנסיך- מפעל לייצור ט,IL,סלסולי פסטרמה שום,גרמים,120.00,100 גרם,false,1,17.90,14.92,true,1,
7290002371533,false,דקניקים סלסולי פסטרמה בדבש 120 ג' טירת צבי,הנסיך- מפעל לייצור ט,IL,סלסולי פסטרמה ודבש 1,גרמים,120.00,100 גרם,false,1,17.90,14.92,true,1,
7290002371540,false,דקניקים קורנדביף 120 ג' טירת צבי,הנסיך- מפעל לייצור ט,IL,קורנביף 120 גר,גרמים,120.00,100 גרם,false,1,17.90,14.92,true,1,
7290002374268,false,שמן חמניות מילומור 1 ליטר,,,שמן חמניות 1 ליטר,מיליליטרים,1000.00,"100 מ""ל",false,1,13.50,1.35,true,1,
7290002374312,false,"שמן קנולה מילומור 1 ל' עד""ח","נארז ע""י : א.ג. גילר",IL,שמן קנולה 1 ליטר,מיליליטרים,1000.00,"100 מ""ל",false,1,12.90,1.29,true,1,
7290002374640,false,שמן קנולה פלוס אומגה 3 1 ליטר עץ הזית,,,שמן קנולה פלוס אומגה,מיליליטרים,1000.00,"100 מ""ל",false,1,16.90,1.69,true,1,
7290002400998,false,כדורי בשר לבישול קפוא 500 גרם,,,כדורי בשר לבישול,גרמים,500.00,100 גרם,false,1,32.90,6.58,true,1,
7290002485025,false,חומוס מסעדות 500 גרם,"סלטי שמיר 2006 בע""מ",,חומוס מסעדות 500גר,גרמים,500.00,100 גרם,false,1,16.70,3.34,true,1,
7290002485049,false,חומוס מסבחה 500 גרם,"סלטי שמיר 2006 בע""מ",,חומוס מסבחה 500גר,גרמים,500.00,100 גרם,false,1,16.70,3.34,true,1,
7290002485063,false,חומוס אבו גוש 500 גר,"סלטי שמיר 2006 בע""מ",,חומוס אבו גוש 500גר,גרמים,500.00,100 גרם,false,1,16.70,3.34,true,1,
7290002511571,false,מוצרלה 22% במשקל,,,מוצרלה 22% במשקל,Unknown,0.00,"ק""ג",true,0,105.00,105.00,true,1,
7290002543046,false,קלוגס פרוסטיס דגנים וסוכר 750ג',קלוג מנייופרטורינג א,ES,קלוגס פרוסטיס 750 גר,גרמים,750.00,100 גרם,false,1,24.90,3.32,true,1,
7290002551003,false,טונה בשמן בודד 160 ג' סטארקיסט,סטארקיסט,,טונה סטארקיסט בשמן,גרמים,160.00,100 גרם,false,1,8.20,5.13,true,1,
7290002551010,false,טונה סטארקיסט במים 160 גרם,"סטארקיסט פודור בע""מ",TR,טונה סטארקיסט במים,גרמים,160.00,100 גרם,false,1,8.20,5.13,true,1,
7290002617013,false,מונטניולו גרמני במשקל,,,מונטניולו גרמני במשק,Unknown,0.00,"ק""ג",true,0,177.00,177.00,true,1,
7290002617723,false,"שרימפס מקולף 1 ק""ג גדול קפוא 26/30",,,שרימפס מקולף גדול,קילוגרמים,0.00,"ק""ג",false,1,111.50,111.50,true,1,
7290002661443,false,פירור זהוב עדין 200 גרם,,IL,פירור זהוב עדין 200,גרמים,250.00,100 גרם,false,1,3.50,1.40,true,1,
7290002661856,false,מיני קרוטונים מתובלים למרק ולסלט 350 גרם,,GB,מיני קרוטונים מתובלי,גרמים,350.00,100 גרם,false,1,18.50,5.29,true,1,
7290002661962,false,פריך קינואה 150 גרם,,HU,פריך קינואה 150 גרם,גרמים,150.00,100 גרם,false,1,7.50,5.00,true,1,
7290002661979,false,פריך פישתן 150 גרם,,HU,פריך פישתן 150 גרם,גרמים,150.00,100 גרם,false,1,7.50,5.00,true,1,
7290002697114,false,10 פיתות עבודת יד,,,10 פיתות עבודת יד,גרמים,500.00,100 גרם,false,1,17.90,3.58,true,1,
7290002697176,false,פיתה תימנית 5 יחידות עבודת יד,,,פיתה תימנית 5 יחידות,גרמים,500.00,100 גרם,false,1,8.90,1.78,true,1,
7290002730262,false,פלמוליב כלים שקוף קלאסי 750 בקבוק חדש,יבואן ומשווק: ש. שסט,GR,פלמוליב לכלים אקטיב,מיליליטרים,750.00,"100 מ""ל",false,1,13.90,1.85,true,1,
7290002730521,false,צימרוני אוזניים בלונס בקופסא 200 יח',ספטונה,GR,צמרונים בלונס קופסא,Unknown,0.00,Unknown,false,1,8.30,8.30,true,1,
7290002730941,false,בלונס צמר גפן פרוס 100 ג',הנסיך- מפעל לייצור ט,GR,צמר גפן פרוס,Unknown,0.00,Unknown,false,1,8.10,8.10,true,1,
7290002752332,false,"סוכריות מנטוס פירות בגליל, 37.5 גרם",הדקלאים אגודת שיתופי,NL,מנטוס פירות,גרמים,37.00,100 גרם,false,1,3.60,9.73,true,1,
7290002752349,false,סוכריות מנטוס מנטה 40יח' בגליל 38ג',פרפטי ואן מלה,NL,מנטוס מנטה גליל 37 ג,גרמים,37.00,100 גרם,false,1,3.60,9.73,true,1,
7290002771111,false,קפה עם הל 250 ג' אלנח'לה,מולינו ניקולי s.p.a,IL,קפה עם הל 250 גרם,גרמים,250.00,100 גרם,false,1,19.90,7.96,true,1,
7290002771128,false,קפה אלנח'לה בלי הל 250 ג',מולינו ניקולי s.p.a,IL,קפה בלי הל 250 גרם,גרמים,250.00,100 גרם,false,1,19.90,7.96,true,1,
7290002824183,false,גבינה לבנה 5% שומן 500 ג' שטראוס,מיוצר עי קונדיטוריית,IL,סקי משפחתי 5% 500 גר,גרמים,500.00,100 גרם,false,1,9.96,1.99,true,1,
7290002824466,false,יוגורט דנונה ביו 0% 200 גרם,"שטראוס בריאות בע""מ",IL,יוגורט דנונה ביו 0%,מיליליטרים,200.00,"100 מ""ל",false,1,3.70,1.85,true,1,
7290002824640,false,גבינה שטראוס 5% 250 ג',מיוצר עי קונדיטוריית,IL,גבינת סקי 5% 250 גרם,גרמים,250.00,100 גרם,false,1,4.98,1.99,true,1,
7290002842415,false,פילה אנשובי אמיתי 50 גרם,,,פילה אנשובי אמיתי 50,גרמים,50.00,100 גרם,false,1,7.90,15.80,true,1,
7290002879237,false,חטיף ציפס תירס ברביק,דדוש דניאל,,סומבררו ברבקיו 200 ג,מיליליטרים,200.00,"100 מ""ל",false,1,18.90,9.45,true,1,
7290002881025,false,מעדן דובדבן חמוץ 100% 284 גרם,,,מעדן דובדבן חמוץ 100,גרמים,284.00,100 גרם,false,1,15.90,5.60,true,1,
7290002881216,false,רסק תפוחי עץ דיאט 708 גרם צנצנת,,,רסק תפוחי עץ דיאט 7,גרמים,708.00,100 גרם,false,1,12.80,1.81,true,1,
7290002881230,false,אננס חתוך תומר 825 גרם,,IL,אננס חתוך תומר 850 ג,גרמים,825.00,100 גרם,false,1,12.90,1.56,true,1,
7290002881247,false,אננס שלם פרוסות תומר,,IL,אננס שלם תומר 850 גר,גרמים,850.00,100 גרם,false,1,12.90,1.52,true,1,
7290002881346,false,אגסים חצאים תומר 820 ג',,,אגסים חצאים 850 גרם,גרמים,850.00,100 גרם,false,1,9.90,1.16,true,1,
7290002881506,false,חמאת בוטנים תומר 510 ג',,,חמאת בוטנים 500 גרם,גרמים,500.00,100 גרם,false,1,17.70,3.54,true,1,
7290002881742,false,לבבות דקל פרוסות תומר 400 ג',,IL,לבבות דקל פרוס 400 ג,גרמים,400.00,100 גרם,false,1,8.50,2.13,true,1,
7290002881865,false,פטריות שמפיניון חתוכות 400 ג' תומר,Prochamp B.V,,פטריות חתוכות 400 גר,גרמים,400.00,100 גרם,false,1,5.90,1.48,true,1,
7290002881919,false,"פטריות שלמות 400 גרם רובין ""תומר""",,,שימורי פטריות 8 שלם,גרמים,400.00,100 גרם,false,1,9.00,2.25,true,1,
7290002900436,false,פסטרמה איטלקיתטירת צבי,טירת צבי,IL,פסטרמה איטלקית,גרמים,0.00,"ק""ג",true,0,93.00,93.00,true,1,
7290002900566,false,פסטרמה ברביקיו דל שומן טירת צבי 360 ג',הנסיך- מפעל לייצור ט,IL,"פסטרמה ברביקיו ד""ש 3",גרמים,360.00,100 גרם,false,1,30.90,8.58,true,1,
7290002954545,false,מלבין קפה שוקחה 400 גר,,NL,מלבין קפה שוקחה 400,גרמים,400.00,100 גרם,false,1,12.90,3.23,true,1,
7290002971009,false,"קמח חיטה לבן בהיר שטיבל 1 ק""ג",,,"קמח לבן שטיבל 1 ק""ג",גרמים,1000.00,100 גרם,false,1,4.80,0.48,true,1,
7290002971016,false,"שטיבל סולת חיטה 1 ק""ג",,,"סולת שטיבל 1 ק""ג",גרמים,1000.00,100 גרם,false,1,5.10,0.51,true,1,
7290002973676,false,"קמח שטיבל לחלה 18 ללא ניפוי 1 ק""ג",,,קמח שטיבל לחלה 18 לל,גרמים,1000.00,100 גרם,false,1,9.50,0.95,true,1,
7290003009640,false,מיץ סחוט תפוזים 1 ל' פריגת,גת,IL,סחוט טרי תפוז 1 ליטר,מיליליטרים,1000.00,"100 מ""ל",false,1,19.90,1.99,true,1,
7290003011087,false,אורז בסמטי אלפאנט 1 קג,,,אורז בסמטי אלפאנט 1,גרמים,1000.00,100 גרם,false,1,15.00,1.50,true,1,
7290003024001,false,גבינה ברי צרפתי במשקל,,,גבינה ברי צרפתי,Unknown,0.00,"ק""ג",true,0,189.00,189.00,true,1,
7290003029181,false,משקה יטבתה שוקו' בקבוק 1ל מהדרין,מחלבת יטבתה,IL,שוקו בקבוק יטבתה,מיליליטרים,1000.00,"100 מ""ל",false,1,12.50,1.25,true,1,
7290003029389,false,"משקה חלב בננה פקק ספורט 250 מ""ל יוטבתה",שטראוס גרופ,IL,"בננה פקק 250 מ""ל",מיליליטרים,250.00,"100 מ""ל",false,1,5.70,2.28,true,1,
7290003029433,false,"משקה יטבתה שוקו פקק 250 מ""ל מהדרין",מחלבת יטבתה,IL,שוקו פקק יטבתה 250 מ,מיליליטרים,250.00,"100 מ""ל",false,1,5.70,2.28,true,1,
7290003029907,false,משקה יטבתה אייס קפה 1ליטר,מחלבת יטבתה,IL,קפה יטבתה 1ליטר,מיליליטרים,1000.00,"100 מ""ל",false,1,12.50,1.25,true,1,
7290003054190,false,מסטמכר לחם שיפון עם שלושה דגנים 500ג,מסטמכר,DE,לחם שיפון 3 דגנים 50,גרמים,500.00,100 גרם,false,1,15.90,3.18,true,1,
7290003072804,false,פסטרמה של פעם טירת צבי 200 ג',,IL,פסטרמה של פעם 200 גר,גרמים,200.00,100 גרם,false,1,24.90,12.45,true,1,
7290003072811,false,נקנקיות בראטוורסט טירת צבי 320 ג',,IL,נקניקיות בראטוורסט 3,גרמים,320.00,100 גרם,false,1,27.90,8.72,true,1,
7290003072835,false,נקניקיות קנאקוורסט דליקטיב,,IL,נקניקיות קנאקוורסט 3,גרמים,320.00,100 גרם,false,1,27.90,8.72,true,1,
7290003072965,false,קבנוס חריף מעושן טירת צבי 120 גרם,טירת צבי,IL,קבנוס חריף מעושן טיר,גרמים,120.00,100 גרם,false,1,12.90,10.75,true,1,
7290003072972,false,קבנוס בתיבול מעושן טירת צבי 120 גרם,טירת צבי,IL,קבנוס בתיבול מעושן ט,גרמים,120.00,100 גרם,false,1,12.90,10.75,true,1,
7290003126958,false,טופו גבינה גוש בואקום צוריאל 300 ג',א.י.ן תעשיות מזון בע,IL,טופו גולמי 300גר,גרמים,300.00,100 גרם,false,1,14.90,4.97,true,1,
7290003142477,false,ערמונים קלופים וקלויים 100 גרם,הדקלאים אגודת שיתופי,IL,ערמונים קלופים וקלוי,גרמים,100.00,100 גרם,false,1,9.30,9.30,true,1,
7290003229123,false,פסטרמה על גחלים 400 גרםטירת צבי,הנסיך- מפעל לייצור ט,IL,פסטרמה על גחלים,גרמים,400.00,100 גרם,false,1,30.90,7.73,true,1,
7290003229147,false,נקניק סלמי איטלקי טירת צבי 300 ג',הנסיך- מפעל לייצור ט,IL,סלמי איטלקי 300 גרם,גרמים,300.00,100 גרם,false,1,30.90,10.30,true,1,
7290003229192,false,כתף בקר מעושן טירת צבי 400 ג' צבי,טיב טירת צבי 2000,IL,כתף בקר מעושן 400 גר,גרמים,400.00,100 גרם,false,1,32.90,8.23,true,1,
7290003321292,false,גבינה לבנה 9% שומן 250 ג' שטראוס,מיוצר עי קונדיטוריית,IL,גבינת סקי 9% 250 גרם,גרמים,250.00,100 גרם,false,1,4.98,1.99,true,1,
7290003427154,false,"שמן זית כתית מעולה מעודן זיתא 750 מ""ל",זיתא – י.ט.ב תעשיות,IL,שמן זית כתית מעולה מ,מיליליטרים,750.00,"100 מ""ל",false,1,36.90,4.92,true,1,
7290003438006,false,ממרח אולביה פסטו וצנובר איטלקי 190ג',מיוצר עי קונדיטוריית,IL,ממרח פסטו איטלקי,גרמים,180.00,100 גרם,false,1,14.90,8.28,true,1,
7290003444009,false,חטיף הרשי ריזס שוקולד חלב 42 גר,הרשי,,חטיף הרשי ריזס שוקול,גרמים,42.00,100 גרם,false,1,4.50,10.71,true,1,
7290003450602,false,חרדל הינץ אמיתי לחיץ 255 ג',היינץ צפון אמריקה -,US,ממרח חרדל צהוב היינץ,גרמים,255.00,100 גרם,false,1,12.90,5.06,true,1,
7290003464883,false,אגוז טרי,,,אגוז עגל טרי,Unknown,0.00,"ק""ג",true,0,69.90,69.90,true,1,
7290003514007,false,מנה שקדי מרק מנה 400 גרם,מנה,IL,שקדי מרק מנה 400 גר,גרמים,400.00,100 גרם,false,1,10.90,2.73,true,1,
7290003520572,false,מטריות חרובים שקית בודד (בשרוול 6 שקיות),תופינית,,מטריות שישייה עץ חרו,גרמים,54.00,100 גרם,false,1,15.90,29.44,true,1,
7290003578160,false,נתחי טונה בהירה במי מלח וילי פוד 160 גר,,TH,נתחי טונה בהירה במי,גרמים,160.00,100 גרם,false,1,5.90,3.69,true,1,
7290003643004,false,"אורז בסמטי קלאסי 1 ק""ג סוגת",האי נאם סי או אל.טי.,IL,"אורז בסמטי 1 ק""ג",גרמים,1000.00,100 גרם,false,1,14.90,1.49,true,1,
7290003643127,false,סוגת אבקת אפיה 10*10 ג',גוד פוד פרודקטס S.p,IL,אבקת אפיה 10*10 גרם,גרמים,100.00,100 גרם,false,1,2.90,2.90,true,1,
7290003643134,false,סוגת סוכר וניל 10 יח,גוד פוד פרודקטס S.p,IL,סוכר וניל 10*10 גרם,גרמים,100.00,100 גרם,false,1,2.90,2.90,true,1,
7290003643158,false,קורנפלור 200 ג' סוגת,המאפיה של הרמן,IL,קורנפלור 200 גרם,גרמים,200.00,100 גרם,false,1,3.90,1.95,true,1,
7290003643387,false,"סוכר לבן בצנצנת 1 ק""ג סוגת",האי נאם סי או אל.טי.,IL,"סוכר לבן בצנצנת 1 ק""",גרמים,1000.00,100 גרם,false,1,8.90,0.89,true,1,
7290003643684,false,אפונה יבשה סוגת 500 גר',האי נאם סי או אל.טי.,IL,אפונה 500 גרם,גרמים,500.00,100 גרם,false,1,7.90,1.58,true,1,
7290003643714,false,חומוס סוגת 500 גרם,האי נאם סי או אל.טי.,IL,חומוס 500 גרם,גרמים,500.00,100 גרם,false,1,8.90,1.78,true,1,
7290003643745,false,כוסמת סוגת 500 גרם,האי נאם סי או אל.טי.,IL,כוסמת 500 גרם,גרמים,500.00,100 גרם,false,1,7.90,1.58,true,1,
7290003643752,false,עדשים ירוקים יבש סוגת 500 גר',האי נאם סי או אל.טי.,IL,עדשים ירוקים 500 גרם,גרמים,500.00,100 גרם,false,1,8.50,1.70,true,1,
7290003643769,false,עדשים אדומים יבש סוגת 500 גר',"סוגת תעשיות בע""מ",IL,עדשים אדומים 500 גרם,גרמים,500.00,100 גרם,false,1,8.90,1.78,true,1,
7290003643776,false,"פופקורן גרעינים סוגת 500 ג' כשל""פ",האי נאם סי או אל.טי.,IL,פופקורן 500 גרם,גרמים,500.00,100 גרם,false,1,6.50,1.30,true,1,
7290003726615,false,טופו ויילר 300 גרם.,הדקלאים אגודת שיתופי,IL,טופו וילר 300 גר,גרמים,300.00,100 גרם,false,1,13.00,4.33,true,1,
7290003779093,false,סלרי עלים,,,סלרי עלים,Unknown,0.00,Unknown,false,1,5.90,5.90,true,1,
7290003804320,false,תיבולית שום ופטרוזיליה 72 ג' קנור,יוניליוור ישראל מזון,IL,תיבולית שום קנור 72,גרמים,95.00,100 גרם,false,1,12.30,12.95,true,1,
7290003938049,false,הפי נוזל הברקה שויצרית,אורומרקטינג,,נוזל הברקה למדיח,מיליליטרים,500.00,"100 מ""ל",false,1,16.90,3.38,true,1,
7290004030612,false,פרי ניב מיץ קיוי אגס ללא תוספת סוכר 1ל,פריניב בעמ,IL,מיץ קיווי אגס 90% 1,מיליליטרים,1000.00,"100 מ""ל",false,1,19.90,1.99,true,1,
7290004033705,false,לחמניות המבורגר ביג לוקס 6 יח',מאפית ברמן,IL,"לחמניות ""הבורגריה"" 6",גרמים,600.00,100 גרם,false,1,14.50,2.42,true,1,
7290004033736,false,"עננים לחם לבן בסגנון בריוש עם פרוסות עבות, 500 גרם",מאפית ברמן,IL,לחם עננים בסגנון ברי,גרמים,750.00,100 גרם,false,1,16.90,2.25,true,1,
7290004033804,false,לחם כפרי ללא גלוטן 320 גרם,,,לחם כפרי ללא גלוטן 3,קילוגרמים,0.32,"ק""ג",false,1,19.50,60.94,true,1,
7290004050788,false,בייקון 170 גר,,,בייקון 170 גר,גרמים,170.00,100 גרם,false,1,52.00,30.59,true,1,
7290004050856,false,סלמי מילאנו פרוס 170 גר,,,סלמי מילאנו פרוס 170,גרמים,170.00,100 גרם,false,1,35.00,20.59,true,1,
7290004050870,false,שינקן פולני פרוס 200 גר,,,שינקן פולני פרוס 200,גרמים,200.00,100 גרם,false,1,35.00,17.50,true,1,
7290004050887,false,פרושוטו 120 גר,,,פרושוטו 120 גר,גרמים,120.00,100 גרם,false,1,41.90,34.92,true,1,
7290004051068,false,שינקן מעושן פרוס 200 גר,,,שינקן מעושן פרוס 200,גרמים,200.00,100 גרם,false,1,33.50,16.75,true,1,
7290004051334,false,פפרוני עגל 170 גר,,,פפרוני עגל 170 גר,גרמים,170.00,100 גרם,false,1,32.90,19.35,true,1,
7290004051365,false,קרפצו 120 גר,,,קרפצו 120 גר,גרמים,120.00,100 גרם,false,1,36.90,30.75,true,1,
7290004051419,false,ממרח כבד מיני 220 גר,,,ממרח כבד מיני 220 גר,גרמים,220.00,100 גרם,false,1,19.90,9.05,true,1,
7290004051792,false,נקניקיות קוקטייל 900 גר,,,נקניקיות קוקטייל 900,גרמים,900.00,100 גרם,false,1,55.90,6.21,true,1,
7290004052041,false,קבנוס קלאסי 210 גר,,,קבנוס קלאסי 210 גר,גרמים,210.00,100 גרם,false,1,31.50,15.00,true,1,
7290004052317,false,סלמי פפרוני 170 גר,,,סלמי פפרוני 170 גר,גרמים,170.00,100 גרם,false,1,36.50,21.47,true,1,
7290004052690,false,נקניקיות פרגית 600 גר,,,נקניקיות פרגית 600 ג,גרמים,600.00,100 גרם,false,1,23.90,3.98,true,1,
7290004053291,false,קרפלך עגל בטעם ביתי 600 גר,,,קרפלך עגל בטעם ביתי,גרמים,600.00,100 גרם,false,1,23.00,3.83,true,1,
7290004054267,false,נקניקיות פרנקפורטר 900 גר,,,נקניקיות פרנקפורטר,גרמים,900.00,100 גרם,false,1,56.90,6.32,true,1,
7290004054885,false,נקניקיות איטלקיות עם גבינה 400 גר,,,נקניקיות איטלקיות עם,גרמים,400.00,100 גרם,false,1,29.90,7.48,true,1,
7290004055271,false,פניני קבנוס 150 גר,,,פניני קבנוס 150 גר,גרמים,150.00,100 גרם,false,1,34.90,23.27,true,1,
7290004055745,false,נקניקיות סליווצניה 600 גר,,,נקניקיות סליווצניה,גרמים,600.00,100 גרם,false,1,34.50,5.75,true,1,
7290004063016,false,מלח שולחן מעולה דק 1,האי נאם סי או אל.טי.,IL,"מלח דק 1 ק""ג",גרמים,1000.00,100 גרם,false,1,2.07,0.21,true,1,
7290004063115,false,"מלח מטבח עבה להמלחת בשר ובישול 1 ק""ג 1ק""ג",האי נאם סי או אל.טי.,IL,"מלח מטבח גס 1 ק""ג",גרמים,1000.00,100 גרם,false,1,2.07,0.21,true,1,
7290004064358,false,"מלח דק זורם בקלות מלח הארץ קרטון 1 ק""ג",,IL,מלח דק זורם בקלות מל,גרמים,1000.00,100 גרם,false,1,5.50,0.55,true,1,
7290004064389,false,מלח הימלאיה דק מלחייה 250 גרם,,IL,מלח הימלאיה דק 250,גרמים,250.00,100 גרם,false,1,12.90,5.16,true,1,
7290004067250,false,קונפיטורת תאנים בערק 360 גרם בית יצחק,,,קונפיטורת תאנים בערק,גרמים,360.00,100 גרם,false,1,30.10,8.36,true,1,
7290004068011,false,יוגורט כבשים 5% בדלי,"מיוצר ע""י קוד יצרן M",IL,יוגורט כבשים 600 גר,גרמים,600.00,100 גרם,false,1,21.90,3.65,true,1,
7290004068028,false,"ציזיקי יוגורט לשתיה גד 500 מ""ל",מיוצר על ידי קוד יצר,IL,ציזקי 3.5% 500 מל,גרמים,500.00,100 גרם,false,1,11.90,2.38,true,1,
7290004068172,false,יוגורט עזים בדלי 5% שומן 600 ג' גד,קוד יצרן MKN,IL,יוגורט עיזים דלי 600,גרמים,600.00,100 גרם,false,1,20.90,3.48,true,1,
7290004119133,false,כד יוגורט תנובה 6.5% שומן 1.5 ליטר,מיוצר עי קונדיטוריית,IL,יוגורט 7% 1.5 ליטר,ליטרים,0.00,ליטר,false,1,21.50,21.50,true,1,
7290004119225,false,יוגורט אננס 3% שומן 150 ג' יופלה,תנובה בעמ,IL,יופלה אננס 3% 150 גר,גרמים,150.00,100 גרם,false,1,5.70,3.80,true,1,
7290004120566,false,גבינה בולגרית פיראוס 24% 250 גרם,תנובה,IL,גבינה בולגרית פיראוס,גרמים,250.00,100 גרם,false,1,25.90,10.36,true,1,
7290004120573,false,גבינה בולגרית פיראוס 16% 250 גרם,תנובה,IL,גבינה בולגרית פיראוס,גרמים,250.00,100 גרם,false,1,25.90,10.36,true,1,
7290004120634,false,גבינה פיראוס בולגרית 5% 250 גרם,פ.פ.ח. שאביט,IL,גבינה פיראוס בולגרית,גרמים,250.00,100 גרם,false,1,25.90,10.36,true,1,
7290004121839,false,גבינת פטה כבשים 20% 250 ג' פיראוס,תנובה,IL,גבינה פטה פיראוס 250,גרמים,250.00,100 גרם,false,1,30.90,12.36,true,1,
7290004121853,false,גבינה בולגרית פיראוס 5% קוביות 200 גרם,תנובה,IL,גבינה בולגרית פיראוס,גרמים,200.00,100 גרם,false,1,25.90,12.95,true,1,
7290004122119,false,פתיתי פרמזן לפסטה %23 100 ג' השף הלבן,פ.פ.ח. שאביט,IL,פתיתי פרמזן לפסטה הש,גרמים,220.00,100 גרם,false,1,14.90,6.77,true,1,
7290004122195,false,"גבינת גוש חלב פרוס 28%, כשרות מהדרין, 200 ג'",תנובה,IL,גבינה צהובה גוש חלב,גרמים,200.00,100 גרם,false,1,15.90,7.95,true,1,
7290004122270,false,גבינה צהובה פרוס בקופסא %28 200 ג' עמק,תנובה מרכז שיתופי לש,IL,גבינה עמק פרוס בקופס,גרמים,200.00,100 גרם,false,1,17.90,8.95,true,1,
7290004122676,false,גבינת חמד לייט 5% פיראוס 250 ג',"תנובה,מחלבת טנא נוגה",IL,חמד לייט 5% גביע 250,גרמים,250.00,100 גרם,false,1,21.90,8.76,true,1,
7290004122683,false,חטיף גבינת אצבעות 28% 172 ג' עמק,פ.פ.ח. שאביט,IL,אצבעות עמק 172 גר,גרמים,172.00,100 גרם,false,1,17.90,10.41,true,1,
7290004125370,false,"שמנת חמוצה מופחתת שומן 9% 200 מ""ל",תנובה מרכז שיתופי לש,IL,שמנת חמוצה מופחתת,מיליליטרים,200.00,"100 מ""ל",false,1,3.90,1.95,true,1,
7290004125400,false,"שלי אשל 4.5% תנובה 200מ""ל מהדרין",פארייפאבה אגרואינדוס,IL,"שלי אשל 200 מ""ל",מיליליטרים,200.00,"100 מ""ל",false,1,1.69,0.85,true,1,
7290004125417,false,"שלי גיל 3% תנובה 200מ""ל מהדרין",תנובה מרכז שיתופי לש,IL,"שלי גיל 200 מ""ל",מיליליטרים,200.00,"100 מ""ל",false,1,1.50,0.75,true,1,
7290004125455,false,"שמנת אורגינל15% תנובה 200 מ""ל",תנובה מרכז שיתופי לש,IL,שמנת חמוצה 15% 200 מ,גרמים,200.00,100 גרם,false,1,2.40,1.20,true,1,
7290004125509,false,"שמנת 15% חצי מנה 100 מ""ל תנובה",תנובה,IL,"שמנת חמוצה 100 מ""ל",מיליליטרים,100.00,"100 מ""ל",false,1,1.80,1.80,true,1,
7290004125578,false,משקה סויה מעושר בסידן תנובה 1ל',סוי מג'יק,IL,משקה סויה מועשר 1 לי,מיליליטרים,1000.00,"100 מ""ל",false,1,12.50,1.25,true,1,
7290004125585,false,משקה סויה וניל על הבוקר 1 ל',תנובה מרכז שיתופי לש,IL,משקה סויה על הבוקר 1,מיליליטרים,1000.00,"100 מ""ל",false,1,13.50,1.35,true,1,
7290004125721,false,"שמנת לבישול 15% שומן 250 מ""ל תנובה",תנובה מרכז שיתופי לש,IL,שמנת לבישול 15% השף,גרמים,250.00,100 גרם,false,1,8.90,3.56,true,1,
7290004125738,false,שמנת מתוקה להקצפה32% 250מל עמיד השף הלבן,תנובה מרכז שיתופי לש,IL,שמנת מתוקה להקצפה 32,גרמים,250.00,100 גרם,false,1,7.20,2.88,true,1,
7290004126674,false,פרוסות גבינה חצי קשה 9% שומן 200 ג' עמק,תנובה,IL,טל העמק לייט 200 גרם,גרמים,200.00,100 גרם,false,1,19.90,9.95,true,1,
7290004126872,false,"שוקו תנובה בבקבוק 250 מ""ל תנובה",תנובה,IL,שוקו שוק בקבוק 250 מ,גרמים,250.00,100 גרם,false,1,6.70,2.68,true,1,
7290004127077,false,קוטג' 3% שומן 250 ג' תנובה,מיוצר עי קונדיטוריית,IL,קוטג 3% 250 גרם,גרמים,250.00,100 גרם,false,1,5.70,2.28,true,1,
7290004127329,false,קוטג' 5% תנובה 250ג' מהדרין,מיוצר עי קונדיטוריית,IL,גבינת קוטג 5% 250 גר,גרמים,250.00,100 גרם,false,1,5.70,2.28,true,1,
7290004127336,false,קוטג' 9% תנובה 250 ג' הדרין,מיוצר עי קונדיטוריית,IL,גבינת קוטג 9% 250 גר,גרמים,250.00,100 גרם,false,1,5.70,2.28,true,1,
7290004127800,false,גבינה לבנה 5% שומן 500 ג' תנובה,מיוצר עי קונדיטוריית,IL,גבינה לבנה למריחה 5%,גרמים,500.00,100 גרם,false,1,9.96,1.99,true,1,
7290004127817,false,גבינה לבנה 9% שומן 500 ג' תנובה,מיוצר עי קונדיטוריית,IL,גבינה למריחה 9% 500,גרמים,500.00,100 גרם,false,1,9.96,1.99,true,1,
7290004128432,false,פתיתים מיוחדים לפיצה על בסיס גבינה 500 ג',תנובה,IL,פתיתים מיוחדים לפיצה,גרמים,500.00,100 גרם,false,1,25.90,5.18,true,1,
7290004129101,false,גבינת שמנת 25% בטעם טבעי 225 ג' נפוליאון,מחלבת אלון תבור,IL,נפוליאון טבעי 225 גר,גרמים,225.00,100 גרם,false,1,15.20,6.76,true,1,
7290004129156,false,גבינת שמנת25% עם שום שמיר 225 ג' נפוליאון,מחלבת אלון תבור,IL,נפוליאון שום שמיר 22,גרמים,225.00,100 גרם,false,1,15.20,6.76,true,1,
7290004129545,false,גבינה לבנה 3% שומן 250 ג' תנובה,מחלבת אלון תבור,IL,גבינת תנובה 3% 250 ג,גרמים,250.00,100 גרם,false,1,4.98,1.99,true,1,
7290004130794,false,משקה סויה טבעי במתיקות מופחתת 1 ליטר,סוי מג'יק,IL,משקה סויה טבעי מתיקו,מיליליטרים,1000.00,"100 מ""ל",false,1,13.50,1.35,true,1,
7290004130916,false,יוגורט 3% פירות יער בשמנת 150 ג' יופלה,תנובה בעמ,IL,יופלה פירות יער בשמנ,גרמים,150.00,100 גרם,false,1,5.70,3.80,true,1,
7290004131074,false,חלב תנובה 3% 1 ליטר קרטון מהדרין,תנובה מרכז שיתופי לש,IL,חלב קרטון+פקק 3% תנו,מיליליטרים,1000.00,"100 מ""ל",false,1,6.23,0.62,true,1,
7290004131432,false,יוגורט ביו 3% שומן 200 ג' יופלה,מיוצר עי קונדיטוריית,IL,יופלה לבן 3% 200 גר,גרמים,200.00,100 גרם,false,1,4.80,2.40,true,1,
7290004131456,false,יוגורט ביו 1.5% שומן 200 ג' יופלה,מיוצר עי קונדיטוריית,IL,יופלה לבן 1.5% 200 ג,מיליליטרים,200.00,"100 מ""ל",false,1,4.80,2.40,true,1,
7290004131814,false,גבינה צפתית 5% מעודנת 200 ג' פיראוס,פארייפאבה אגרואינדוס,IL,פיראוס צפתית מעודנת,גרמים,200.00,100 גרם,false,1,16.50,8.25,true,1,
7290004132552,false,משקה סויה לייט בטעם טבעי טרי 1 ליטר,תנובה מרכז שיתופי לש,IL,דיאט סויה טבעי 1 ליט,מיליליטרים,1000.00,"100 מ""ל",false,1,13.50,1.35,true,1,
7290004132712,false,חטיף אצבעות גבינת מוצרלה 20% 172 ג' עמק,פ.פ.ח. שאביט,IL,אצבעות מוצרלה 172 גר,גרמים,172.00,100 גרם,false,1,17.90,10.41,true,1,
7290004135614,false,גבינה בולגרית מעודנת 5% 250 ג' פיראוס,תנובה,IL,פיראוס בולגרית מעודנ,גרמים,250.00,100 גרם,false,1,25.90,10.36,true,1,
7290004136857,false,גלי בטעם פטל 125 גרם,תנובה מרכז שיתופי לש,IL,גלי פטל 125גר,גרמים,125.00,100 גרם,false,1,2.90,2.32,true,1,
7290004136864,false,ג'לי תנובה אננס עם חתיכות אננס 125 ג',סוי מג'יק,IL,גלי אננס עם חתיכות א,גרמים,125.00,100 גרם,false,1,3.10,2.48,true,1,
7290004136871,false,ג'לי תנובה אפרסק עם חתיכות אפרסק 125 ג',סוי מג'יק,IL,גלי אפרסק עם חתיכות,גרמים,150.00,100 גרם,false,1,3.10,2.07,true,1,
7290004137021,false,"שמנת לבישול 10% עמיד השף הלבן 250 מ""ל",תנובה מרכז שיתופי לש,IL,שמנת לבישול 10%-השף,גרמים,250.00,100 גרם,false,1,8.90,3.56,true,1,
7290004137311,false,גבינה צהובה לייט 9% שומן 400 ג' עמק,תנובה,IL,עמק לייט פרוס 9% 400,גרמים,400.00,100 גרם,false,1,33.90,8.48,true,1,
7290004137809,false,פיראוס לאבנה 5% גביע 250 גרם,"תנובה, מחלבת אלון תב",IL,פיראוס לאבנה 5% 250,גרמים,250.00,100 גרם,false,1,15.50,6.20,true,1,
7290004494315,false,יין כנען מוסקטו דלתון 750 מל,,,יין כנען מוסקטו דלתו,Unknown,0.00,Unknown,false,1,44.90,44.90,true,1,
7290004494919,false,יין כנען קברנה שיראז 750 מל דלתון,כצט,IL,יין כנען קברנה שיראז,מיליליטרים,750.00,"100 מ""ל",false,1,44.90,5.99,true,1,
7290004584351,false,גבינה לבנה סימפוניה עם תוספות 200 ג' חמישית 200,"שטראוס בריאות בע""מ",IL,סימפוניה 5% 200 גרם,גרמים,200.00,100 גרם,false,1,12.90,6.45,true,1,
7290004584528,false,יוגורט דנונה ביו טבעי 1.7% 200 גרם,מיוצר עי קונדיטוריית,IL,יוגורט דנונה ביו טבע,גרמים,200.00,100 גרם,false,1,3.70,1.85,true,1,
7290004603175,false,מלח ים גס 500 ג' מלח הארץ,מולינו ניקולי s.p.a,IL,מלח ים האדום גס 500,גרמים,500.00,100 גרם,false,1,9.50,1.90,true,1,
7290004685089,false,לחם הארץ לחם חמניות 500 גר',יוליניבר,IL,לחם חמניות 500 גרם,גרמים,500.00,100 גרם,false,1,18.50,3.70,true,1,
7290004685126,false,לחם 5 דגנים לחם הארץ,יוליניבר,IL,לחם 5 דגנים 750 גרם,גרמים,750.00,100 גרם,false,1,18.50,2.47,true,1,
7290004685157,false,לחם שיפון 100% 750 גר',יוליניבר,IL,לחם שיפון 100%,גרמים,750.00,100 גרם,false,1,17.90,2.39,true,1,
7290004685225,false,לחם שיפון פומפרניקל מקמח שיפון,,,לחם שיפון פומפרניקל,גרמים,750.00,100 גרם,false,1,17.90,2.39,true,1,
7290004685430,false,לחם כוסמין 100% 500 גר',יוליניבר,IL,לחם כוסמין 100% 500,גרמים,500.00,100 גרם,false,1,17.90,3.58,true,1,
7290004685447,false,שישיית לחמניות כוסמין,מאפיות ברמן,IL,שישיית לחמניות כוסמי,Unknown,0.00,Unknown,false,1,16.50,16.50,true,1,
7290005084355,false,"סנסודיין - משחת שיניים דואל קר זהב 75 מ""ל",DE MICLEN,IL,משחת שיניים סנסודיי,גרמים,75.00,100 גרם,false,1,23.90,31.87,true,1,
7290005095467,false,נרות שבת 4 יח,,CN,נרות שבת 4 יח,Unknown,0.00,Unknown,false,1,6.50,6.50,true,1,
7290005095573,false,מצת קליפר,,,מצת קליפר,Unknown,0.00,Unknown,false,1,7.20,7.20,true,1,
7290005174551,false,סלט חומוס עם צנוברים 125 ג' אחלה,מיוצר עי קונדיטוריית,IL,חומוס יום יום 125 גר,גרמים,125.00,100 גרם,false,1,5.80,4.64,true,1,
7290005200786,false,תפוצ'יפס שמנת ובצל 50 גרם,"שטראוס פריטו ליי בע""",IL,תפוציפס שמנת ובצל 50,גרמים,50.00,100 גרם,false,1,4.90,9.80,true,1,
7290005201882,false,קפה טורקי עלית 200 גרם,הנסיך- מפעל לייצור ט,IL,קפה טורקי עלית 200 ג,גרמים,200.00,100 גרם,false,1,17.90,8.95,true,1,
7290005287206,false,טונה סטארקיסט בשמן רביעיות 4*160 גר,"סטארקיסט פודור בע""מ",,טונה סטארקיסט בשמן ר,גרמים,640.00,100 גרם,false,1,25.90,4.05,true,1,
7290005287251,false,טונה סטארקיסט במים רביעיות 4*160 גר,"איטיליאן פוד, אס.פי.",,טונה סטארקיסט במים ר,גרמים,640.00,100 גרם,false,1,25.90,4.05,true,1,
7290005326585,false,ממרח אוליביה פסטו בזיליקום 180 ג',"אוליביה גורמה בע""מ",IL,פסטו בזיליקום אוליבי,גרמים,180.00,100 גרם,false,1,16.40,9.11,true,1,
7290005326677,false,רוטב ברביקיו אוליביה 350 גר,,IL,רוטב ברביקיו אוליביה,גרמים,350.00,100 גרם,false,1,14.90,4.26,true,1,
7290005423567,false,מטליות לניקוי כללי בגליל 40 יח' סנו סושי,אסותא תעשיות אלבד בע,IL,סנו סושי מטליות בגלי,Unknown,0.00,Unknown,false,1,23.90,23.90,true,1,
7290005423635,false,ריצפז נוזל לניקוי רצפות דוחה חרקים 2 ל',מיוצר עי קונדיטוריית,IL,רצפז דוחה חרקים 2 לי,ליטרים,0.00,ליטר,false,1,25.90,25.90,true,1,
7290005424403,false,"אל סבון כיף אצות ים קטיפתי 1ליטר,",טרופיקל דגיל תעשיות,IL,אלסבון כיף 1 ליטר,מיליליטרים,1000.00,"100 מ""ל",false,1,16.00,1.60,true,1,
7290005425110,false,"סנו מתז לחיטוי משטיחים 750 מ""ל","סנו מפעלי ברונוס בע""",IL,מרסס לחיטוי משטחים 9,מיליליטרים,750.00,"100 מ""ל",false,1,14.90,1.99,true,1,
7290005431883,false,עדן מלבי חלבי 165 גר,לחמנו,IL,מלבי חלבי 165 גר,גרמים,165.00,100 גרם,false,1,8.20,4.97,true,1,
7290005555100,false,פיקדון רביעייה,,,פיקדון רביעייה,Unknown,0.00,Unknown,false,1,1.20,1.20,true,1,
7290005555101,false,פיקדון שישייה,,,פיקדון שישייה,Unknown,0.00,Unknown,false,1,1.80,1.80,true,1,
7290005555127,false,פיקדון 30 אג,,,פיקדון 30 אג,Unknown,0.00,Unknown,false,1,0.30,0.30,true,1,
7290005555777,false,"פיקדון חוזר 1.2 ש""ח בק 500 מ""ל",,,"פיקדון חוזר 1.2 ש""ח",Unknown,0.00,Unknown,false,1,1.20,1.20,true,1,
7290005559914,false,פיצה משפחתית זיתים מעדנות 550 גר,מיוצר עי קונדיטוריית,IL,פיצה משפחתית זיתים מ,גרמים,550.00,100 גרם,false,1,25.90,4.71,true,1,
7290005571046,false,כתף בקר מרכזי טרי,,,כתף בקר מרכזי טרי,Unknown,0.00,"ק""ג",true,0,69.90,69.90,true,1,
7290005571213,false,שפיץ צך בקר,,,פיקנייה עגל טרי,Unknown,0.00,"ק""ג",true,0,94.90,94.90,true,1,
7290005571596,false,סינטה פילה עגלה קוד קניה,,,סינטה עגל טרי,Unknown,0.00,"ק""ג",true,0,99.90,99.90,true,1,
7290005591761,false,דבש טהור מפרחי בר בלחיץ 400 ג' יד מרדכי,מכוורת יד מרדכי שטרא,IL,דבש טהור לחיץ פרחי ב,גרמים,400.00,100 גרם,false,1,24.90,6.23,true,1,
7290005610509,false,צנונית בייבי ארוז,חקלאי,IL,צנונית,Unknown,0.00,Unknown,false,1,9.90,9.90,true,1,
7290005651427,false,שלישיות מעדני בונזו לכלבים 400X3 גרם,FIDELE SAS,FR,בונזו מולטיפק 3*400,גרמים,400.00,100 גרם,false,1,17.90,4.48,true,1,
7290005838002,false,מעדן גבינה ויוגורט בטעם וניל 88 ג' דניאלה,"שטראוס בריאות בע""מ",IL,דניאלה וניל 100 גרם,גרמים,88.00,100 גרם,false,1,4.30,4.89,true,1,
7290005839313,false,"מילקי טופ שוקולד מגולגל 170 מ""ל",מיוצר עי קונדיטוריית,IL,מילקי טופ מגולגלת 13,גרמים,130.00,100 גרם,false,1,5.30,4.08,true,1,
7290005896620,false,מים מוגז ' סאן בנדטו ' יחידה,אקווה מינרלה סאן בנד,IT,מים סאן בנדטו 1.5 ל,ליטרים,0.00,ליטר,false,1,3.60,3.60,true,1,
7290005896637,false,מים סן בנדטו בודד 1.5 ליטר-,אקווה מינרלה סאן בנד,IT,מים סאן בנדיטו 1.5 ל,ליטרים,0.00,ליטר,false,1,4.00,4.00,true,1,
7290005946356,false,אנדיב,,,אנדיב,Unknown,0.00,Unknown,false,1,13.90,13.90,true,1,
7290005992018,false,יוגורט עיזים 3% שומן 500 ג' גד,"מיוצר ע""י קוד יצרן M",IL,יוגורט עיזים 500 מל,גרמים,500.00,100 גרם,false,1,16.50,3.30,true,1,
7290005992735,false,גבינה לבנה טבעית 250 גר,הנסיך- מפעל לייצור ט,IL,גבינה לבנה טבעית 250,גרמים,250.00,100 גרם,false,1,14.50,5.80,true,1,
7290006189028,false,מיני פריזר עגל 480 גרם,,IL,מיני פריזר עגל 480 ג,גרמים,480.00,100 גרם,false,1,22.90,4.77,true,1,
7290006189358,false,סטייק אנטריקוט מוצר בשר מעובד מופשר,,,אנטריקוט מעובד מופשר,Unknown,0.00,"ק""ג",true,0,109.90,109.90,true,1,
7290006190765,false,גבינת גרוייר רזרב שוויצרי במשקל,,,גבינת גרוייר רזרב,Unknown,0.00,"ק""ג",true,0,241.00,241.00,true,1,
7290006194008,false,גבינת פקורינו רומנו איטלקי שקיל,,,גבינת פקורינו רומנו,Unknown,0.00,"ק""ג",true,0,175.00,175.00,true,1,
7290006194015,false,גבינת גורגונזולה פיקנטית במשקל,,,גבינת גורגונזולה פיק,Unknown,0.00,"ק""ג",true,0,200.00,200.00,true,1,
7290006229427,false,שישיית מים מינרלים סאן בנדטו 500 מל,טמפו,,שישיית מים מינרלים ס,ליטרים,0.02,ליטר,false,1,14.90,745.00,true,1,
7290006251343,false,תה חליטה הגן הקסום פסיפלורה מנגו 25 שקיקים,HIQ FOOD PRODUCTS,IL,פסיפלורה מנגו 25 שק,Unknown,0.00,Unknown,false,1,19.90,19.90,true,1,
7290006265500,false,פטריות שמפיניון ארוז מרינה,"מרינה פטריות הגליל בע""מ",IL,פטריות שמפיניון ארוז,Unknown,0.00,Unknown,false,1,12.90,12.90,true,1,
7290006271181,false,ג'חנון אפוי מעדנות 750 ג',מיוצר עי קונדיטוריית,IL,גחנון אפוי 750 גר,גרמים,750.00,100 גרם,false,1,28.70,3.83,true,1,
7290006272072,false,חטיפי פיצה בשקית מעדנות 650ג',"מעדנות בע""מ",IL,חטיפי פיצה גבינה,גרמים,650.00,100 גרם,false,1,36.90,5.68,true,1,
7290006272430,false,בצק עלים חמאה מעדנות 600 ג',מיוצר עי קונדיטוריית,IL,בצק עלים חמאה מעדנות,גרמים,600.00,100 גרם,false,1,31.90,5.32,true,1,
7290006342065,false,בוטנים קלויים 200 ג ששון הקולה,,,בוטן קלויים 200 גרם,גרמים,200.00,100 גרם,false,1,7.90,3.95,true,1,
7290006342447,false,גרעין אבטיח 200 גרם ששון הקולה,,,גרעין אבטיח 200 גרם,גרמים,200.00,100 גרם,false,1,15.90,7.95,true,1,
7290006342515,false,מנצס 200 גרם ששון הקולה,יושלם,,מנצס 200 גרם ששון הק,גרמים,200.00,100 גרם,false,1,6.90,3.45,true,1,
7290006355065,false,קשקבליו איטלקי במשקל,,,קשקבליו איטלקי במשקל,Unknown,0.00,"ק""ג",true,0,204.00,204.00,true,1,
7290006374738,false,קונפיטורת יד מרדכי תות 340 גרם,אף.סי תבליני בגליל ב,IL,קונפיטורת יד מרדכי ת,גרמים,340.00,100 גרם,false,1,15.90,4.68,true,1,
7290006459497,false,פחם דרום אפריקאי 2 ק,יושלם,ZA,פחם גריל 2 גק,Unknown,0.00,Unknown,false,1,32.90,32.90,true,1,
7290006459527,false,נרות חנוכה לוקס לא נוטפים 45 יח,,CN,נרות חנוכה לוקס לא נ,Unknown,0.00,Unknown,false,1,7.50,7.50,true,1,
7290006492432,false,גבינת מוצרלה בייבי 18% 300 ג' גד,מחלבות גד בעמ,IL,מוצרלה בייבי 150 גרם,גרמים,170.00,100 גרם,false,1,19.90,11.71,true,1,
7290006492852,false,גבינת עיזים למריחה 5% שומן 250 ג' גד,מחלבות גד,IL,גבינה לבנה עיזים 250,גרמים,250.00,100 גרם,false,1,19.90,7.96,true,1,
7290006559029,false,כדורי מוצרלה בופלו במשקל,,,כדורי מוצרלה בופלו,Unknown,0.00,"ק""ג",true,0,170.00,170.00,true,1,
7290006618078,false,"אסטוניש מרסס ניקוי יסודי 750 מ""ל",אסטוניש,,אסטוניש מרסס ניקוי כ,מיליליטרים,750.00,"100 מ""ל",false,1,19.90,2.65,true,1,
7290006618085,false,"אסטוניש - מרסס לחדר האמבט עם אקונומיקה 750 מ""ל",אסטוניש,,אסטוניש מרסס לאמבט 7,מיליליטרים,750.00,"100 מ""ל",false,1,19.90,2.65,true,1,
7290006618146,false,"הפי נוזל הדלקת פחמים 500 מ""ל",תות תעשיות מזון (201,NL,הפי נוזל הדלקת פחמים,מיליליטרים,500.00,"100 מ""ל",false,1,18.90,3.78,true,1,
7290006660350,false,אקופרינד-מלבין,,,אקופרינד-מלבין,ליטרים,0.00,ליטר,false,1,25.90,25.90,true,1,
7290006664310,false,גבינה לבנה 3% שומן 250 ג' שטראוס,מיוצר עי קונדיטוריית,IL,סקי 3% 250 גרם,גרמים,250.00,100 גרם,false,1,4.98,1.99,true,1,
7290006664655,false,"אקטימל לבן טבעי מארז 100X8 מ""ל",מיוצר עי קונדיטוריית,IL,אקטימל טבעי שמינייה,מיליליטרים,800.00,"100 מ""ל",false,1,22.70,2.84,true,1,
7290006704832,false,אוכמניות טריות יחידה,,,אוכמניות טריות יחידה,Unknown,0.00,Unknown,false,1,19.90,19.90,true,1,
7290006705334,false,מקלות סורימי 200 גרם,,,מקלות סורימי 200 גרם,גרמים,200.00,100 גרם,false,1,5.10,2.55,true,1,
7290006705594,false,נתחי סורימי 200 גרם,,,נתחי סורימי 200 גרם,גרמים,200.00,100 גרם,false,1,5.20,2.60,true,1,
7290006719058,false,חלה רגילה,,,חלה רגילה,גרמים,500.00,100 גרם,false,1,5.17,1.03,true,1,
7290006724458,false,"דפי אורז וטפיוקה עגולים 22 ס""מ לל""ג 270",,VN,דפי אורז וטפיוקה עגו,גרמים,270.00,100 גרם,false,1,12.90,4.78,true,1,
7290006724465,false,"דפי אורז טפיוקה מרובעים 22 ס""מ לל""ג 270",,VN,דפי אורז מרובעים 22,גרמים,270.00,100 גרם,false,1,12.90,4.78,true,1,
7290006765000,false,טורטיות חיטה מלאה 8יח 540 ג',אלקטי קוראבייכיסיגיד,TR,טורטיה מקמח מלא 540,גרמים,540.00,100 גרם,false,1,11.40,2.11,true,1,
7290006765895,false,בוטן בקליפה 200 גרם שושן הקולה,דין שיווק,IL,בוטן בקליפה 200 גרם,גרמים,200.00,100 גרם,false,1,8.90,4.45,true,1,
7290006822192,false,מיץ חמוציות דיאט אושן ספריי 1 ליטר,מבשלות בירה בינלאומי,IL,נקטר פריגת דיאט חמוצ,מיליליטרים,1000.00,"100 מ""ל",false,1,13.90,1.39,true,1,
7290006833822,false,נקניקיות עוף 600 גר מזרע,,,נקניקיות עוף 600 גר,גרמים,600.00,100 גרם,false,1,23.90,3.98,true,1,
7290006834553,false,גבינת רוגט גרמני במשקל,,,גבינת רוגט גרמני,Unknown,0.00,"ק""ג",true,0,225.00,225.00,true,1,
7290006835321,false,קבנוס עגל 250 גר,,,קבנוס עגל 250 גר,גרמים,250.00,100 גרם,false,1,23.90,9.56,true,1,
7290006866363,false,אשכוליות אדומות טבעי סחוט 1 ל פרימור,גניר,IL,אשכוליות אדומות טבעי,מיליליטרים,1000.00,"100 מ""ל",false,1,19.90,1.99,true,1,
7290006983794,false,עוגת הבית תפוז 400 ג' אסם,מיוצר עי קונדיטוריית,IL,עוגת תפוז 400 גרם,גרמים,400.00,100 גרם,false,1,13.40,3.35,true,1,
7290008154222,false,שניצלונים עוף טוב 700 גרם,מולינו ניקולי s.p.a,IL,שניצלונים עוף טוב 70,גרמים,700.00,100 גרם,false,1,24.50,3.50,true,1,
7290008329217,false,צלחת 7 ציבעוני 20יח,,TR,צלחת 7 ציבעוני 20יח,Unknown,0.00,Unknown,false,1,8.90,8.90,true,1,
7290008329293,false,סכינים פרימיום שקוף/קרם/לבן/זהב דנטס אר' 50 יח',,TR,סכינים פרימיום שקוף/,Unknown,1.00,Unknown,false,1,9.50,9.50,true,1,
7290008329309,false,מזלגות פרמיום שקוף/קרם/לבן/זהב דנטס אר 50 יח,,TR,מזלגות פרמיום שקוף/ק,Unknown,1.00,Unknown,false,1,9.50,9.50,true,1,
7290008329316,false,כפות פרימיום שקוף/קרם/לבן/זהב דנטס 50 יח,,TR,כפות פרימיום שקוף/קר,Unknown,1.00,Unknown,false,1,9.50,9.50,true,1,
7290008409100,false,אצבעות שניצל בציפוי שומשום מאמא עוף 700 גרם,תנובה גליל שותפות מו,IL,אצבעות שניצל בציפוי,גרמים,700.00,100 גרם,false,1,37.90,5.41,true,1,
7290008409124,false,שניצל ג'ונגל פריך 700 ג' מאמא עוף,תנובה גליל שותפות מו,IL,שניצל גונגל מאמא עוף,גרמים,700.00,100 גרם,false,1,37.90,5.41,true,1,
7290008409216,false,שניצל דק פריך מאמא עוף 700 ג',תנובה גליל,IL,שניצל דק דק פריך 700,גרמים,700.00,100 גרם,false,1,42.90,6.13,true,1,
7290008409605,false,כוכבי עוף בציפוי מעודן מאמא עף 700 גרם,תנובה גליל שותפות מו,IL,כוכבי עוף בציפוי מעו,גרמים,700.00,100 גרם,false,1,45.50,6.50,true,1,
7290008437011,false,שריר טרי,,,שריר בקר טרי,Unknown,0.00,"ק""ג",true,0,49.90,49.90,true,1,
7290008437127,false,רגל עגל חלב קפוא מזרע,,,רגל עגל קפוא מזרע,Unknown,0.00,"ק""ג",true,0,36.90,36.90,true,1,
7290008437646,false,שקית גופיה טיב טעם,,,שקית גופיה,Unknown,0.00,Unknown,false,1,0.10,0.10,true,1,
7290008438285,false,גבינה אמנטל שוויצרי במשקל,,,גבינה אמנטל שוויצרי,Unknown,0.00,"ק""ג",true,0,220.00,220.00,true,1,
7290008464024,false,"בירה גולדסטאר לא מסוננת 500 מ""ל פחית","טמפו משקאות בע""מ",IL,בירה גולדסטאר לא מסו,מיליליטרים,500.00,"100 מ""ל",false,1,10.90,2.18,true,1,
7290008464222,false,"בירה מכבי 7.9% פחית 500 מ""ל","טמפו משקאות בע""מ",IL,בירה מכבי 7.9% פחית,מיליליטרים,500.00,"100 מ""ל",false,1,8.90,1.78,true,1,
7290008464338,false,"בירה מכבי בקבוק ח""פ 330 מ""ל",בירה מכבי,IL,בירה מכבי בקבוק 330,מיליליטרים,330.00,"100 מ""ל",false,1,6.90,2.09,true,1,
7290008464468,false,"בירה גולדסטאר פחית 500 מ""ל","טמפו משקות בע""מ",IL,"גולדסטאר פחית 500 מ""",מיליליטרים,500.00,"100 מ""ל",false,1,9.90,1.98,true,1,
7290008464475,false,"בירה מכבי פחית 500 מ""ל","טמפו משקאות בע""מ",IL,בירה מכבי פחית 500 מ,מיליליטרים,500.00,"100 מ""ל",false,1,9.90,1.98,true,1,
7290008464604,false,"בירה היינקן פחית 500מ""ל",טמפו משקאות בע''מ,NL,"היינקן פחית 500 מ""ל",מיליליטרים,500.00,"100 מ""ל",false,1,10.90,2.18,true,1,
7290008464611,false,"סודה טמפו בקבוק זכוכית 275 מ""ל",טמפו משקאות בעמ,IL,מי סודה 275 מל,מיליליטרים,275.00,"100 מ""ל",false,1,3.20,1.16,true,1,
7290008464673,false,"בירה גולדסטאר SLOWBREW פחית 10%, 500 מ""ל","טמפו משקאות בע""מ",IL,בירה גולדסטאר SLOW B,מיליליטרים,500.00,"100 מ""ל",false,1,10.90,2.18,true,1,
7290008464741,false,"שישייית בירה גולדסטאר כהה 330X6 מ""ל",טמפו,IL,שישיית בקבוקי גולדסט,מיליליטרים,1980.00,"100 מ""ל",false,1,32.90,1.66,true,1,
7290008464796,false,"בירה היינקין ח""פ בקבוק 330X6מ""ל",טמפו,,שישיית הייניקן בקבוק,מיליליטרים,1980.00,"100 מ""ל",false,1,38.90,1.96,true,1,
7290008644235,false,עלי בייבי 120 גר' שטראוס,שטראוס בריאות ירקות,IL,עלי בייבי אחלה טבע,גרמים,120.00,100 גרם,false,1,12.90,10.75,true,1,
7290008644945,false,סלט המושבה שטופים שט,שטראוס בריאות ירקות,IL,סלט המושבה אחלה טבע,גרמים,450.00,100 גרם,false,1,11.90,2.64,true,1,
7290008645935,false,חומוס לניגוב אחלה 750 ג',"שטראוס גרופ בע""מ",IL,חומוס אחלה 750 גרם,גרמים,750.00,100 גרם,false,1,11.90,1.59,true,1,
7290008670869,false,רקנאטי יונתן לבן 750 מל,,IL,רקנאטי יונתן לבן 750,Unknown,0.00,Unknown,false,1,43.90,43.90,true,1,
7290008670920,false,יין רקנאטי גליל עליון מרלו 750 מל,,,יין רקנאטי גליל עלי,Unknown,0.00,Unknown,false,1,67.90,67.90,true,1,
7290008693134,false,מעדן גבינה ויוגורט בטעם תות 5% שומן 88 ג' דניאלה,"שטראוס בריאות בע""מ",IL,דניאלה תות 88 גרם,גרמים,88.00,100 גרם,false,1,4.30,4.89,true,1,
7290008745239,false,תפוציפס אקסטרא טבעי 50 גרם,"שטראוס פריטו ליי בע""",IL,תפוציפס אקסטרא טבעי,גרמים,50.00,100 גרם,false,1,4.90,9.80,true,1,
7290008747547,false,תפוציפס קראנץ טבעי 200 גרם,"שטראוס פריטו ליי בע""",IL,תפוציפס קראנץ טבעי 2,גרמים,200.00,100 גרם,false,1,10.90,5.45,true,1,
7290008752244,false,תפוצ'יפס אקסטרא גריל 50 גרם,"שטראוס פריטו ליי בע""",IL,תפוציפס קראנצי גריל,גרמים,50.00,100 גרם,false,1,4.90,9.80,true,1,
7290008753111,false,תפוציפס קראנצי מקסיקני 50 גרם,"שטראוס פריטו ליי בע""",IL,תפוציפס קראנצי מקסיק,גרמים,50.00,100 גרם,false,1,4.90,9.80,true,1,
7290008753371,false,דוריטוס נאצו מקסיקני 55 גר,שטראוס,IL,דוריטוס נאצו 55 גר,גרמים,55.00,100 גרם,false,1,4.30,7.82,true,1,
7290008757003,false,"שוופס ג'ינג'ר 250 מ""ל זכוכית",,,"שוופס גינגר 250 מ""ל",מיליליטרים,250.00,"100 מ""ל",false,1,6.90,2.76,true,1,
7290008757034,false,"שוופס סודה זכוכית 250 מ""ל",יפאורה תבורי בעמ,IL,"שוופס סודה 250 מ""ל ז",מיליליטרים,250.00,"100 מ""ל",false,1,4.90,1.96,true,1,
7290008757980,false,נקטר ספרינג רימונים קרטונית 1 ל',"יפאורה תבורי בע""מ",IL,קרטונית ספרינג רימונ,מיליליטרים,1000.00,"100 מ""ל",false,1,7.40,0.74,true,1,
7290008775816,false,ערגליות שוקו חדש12*300גרם 2020,מיוצר עי קונדיטוריית,IL,ערגליות שוקו 300 גרם,גרמים,300.00,100 גרם,false,1,12.90,4.30,true,1,
7290008776103,false,קוביות לגולש עגל טרי,,,קוביות לגולש עגל טרי,Unknown,0.00,"ק""ג",true,0,69.90,69.90,true,1,
7290008849609,false,רוטב לעוף שום דבש אוליביה 330 גרם,אוליביה גורמה (1996),IL,רוטב שום דבש לעוף,גרמים,310.00,100 גרם,false,1,14.90,4.81,true,1,
7290008849661,false,ממרח אוליביה עגבניות מיובשות פיקנטי 180 גר',טרופיקל דגיל תעשיות,IL,ממרח עגבניות מיובשות,גרמים,180.00,100 גרם,false,1,16.40,9.11,true,1,
7290008909761,false,קרלסברג בקבוק יחיד 3,מבשלות בירה בינלאומי,IL,קרלסברג בקבוק 330 מל,מיליליטרים,330.00,"100 מ""ל",false,1,8.90,2.70,true,1,
7290008909853,false,"קולה זירו 500 מ""ל בקבוק",החברה המרכזית לייצור,IL,"קוקה קולה 500 מ""ל Z",מיליליטרים,500.00,"100 מ""ל",false,1,8.50,1.70,true,1,
7290008961561,false,קווקר 500 גרם,,,קווקר 500 גרם,גרמים,500.00,100 גרם,false,1,7.30,1.46,true,1,
7290008975780,false,"בונזו גזע קטן 3 ק""ג",united pet food,FR,בונזו גזע קטן 3 קג,קילוגרמים,0.00,"ק""ג",false,1,49.90,49.90,true,1,
7290010002030,false,כמון טחון 100גרם יורדן,א.ל ייצור ושיווק תבל,IL,כמון 100 גרם,גרמים,100.00,100 גרם,false,1,12.90,12.90,true,1,
7290010002078,false,פלפל שחור טחון 100 גרם,א.ל ייצור ושיווק תבל,IL,פלפל שחור טחון 120 ג,גרמים,100.00,100 גרם,false,1,16.90,16.90,true,1,
7290010002108,false,פלפל שחור גרוס גס 90 גרם,א.ל ייצור ושיווק תבל,IL,פלפל שחור גרוס גס 90,גרמים,90.00,100 גרם,false,1,16.90,18.78,true,1,
7290010002122,false,פפריקה הונגרית מתוקה 100 גרם,א.ל ייצור ושיווק תבל,IL,פפריקה הונגרית מתוקה,גרמים,100.00,100 גרם,false,1,12.90,12.90,true,1,
7290010002139,false,פפריקה הונגרית חריפה 100 גרם,,,פפריקה הונגרית חריפה,גרמים,100.00,100 גרם,false,1,12.90,12.90,true,1,
7290010002146,false,פפריקה מרוקאית מתוקה 100 גרם,א.ל ייצור ושיווק תבל,IL,פפריקה מרוקאית מתוקה,גרמים,100.00,100 גרם,false,1,12.90,12.90,true,1,
7290010002153,false,פפריקה מרוקאית חריפה 100 גרם,א.ל ייצור ושיווק תבל,IL,פפריקה מרוקאית חריפה,גרמים,100.00,100 גרם,false,1,12.90,12.90,true,1,
7290010002191,false,תבליני מימון מקלות קינמון,TLV צ'יף,IL,מקלות קינמון 50 גרם,גרמים,50.00,100 גרם,false,1,12.90,25.80,true,1,
7290010002207,false,מימון קינמון טחון במ,א.ל ייצור ושיווק תבל,IL,קינמון טחון 100 גרם,גרמים,100.00,100 גרם,false,1,10.50,10.50,true,1,
7290010002214,false,צילי מקסיקני גרוס 70 גרם,TLV צ'יף,IL,צילי מקסיקני גרוס 70,Unknown,0.00,Unknown,false,1,12.90,12.90,true,1,
7290010002313,false,תבלין קציצות מרוקני,א.ל ייצור ושיווק תבל,IL,ראס אל חנות 100 גרם,גרמים,100.00,100 גרם,false,1,12.90,12.90,true,1,
7290010002337,false,מימון תיבול לסטייק 1,,,תבלין לסטייק 100 גרם,גרמים,100.00,100 גרם,false,1,12.90,12.90,true,1,
7290010002351,false,זעתר ושומשום בלדי 100 גרם,א.ל ייצור ושיווק תבל,IL,זעתר ושומשום בלדי 10,גרמים,100.00,100 גרם,false,1,12.90,12.90,true,1,
7290010002368,false,תערובת חווג למרק 100 גרם,א.ל ייצור ושיווק תבל,IL,תערובת חווג למרק 100,גרמים,100.00,100 גרם,false,1,12.90,12.90,true,1,
7290010002375,false,מימון קארי 100 גרם,א.ל ייצור ושיווק תבל,IL,מדרס קארי 100 גרם,גרמים,100.00,100 גרם,false,1,12.90,12.90,true,1,
7290010002382,false,תבליני מימון אורגנו,,,אורגנו 40 גרם,Unknown,0.00,Unknown,false,1,10.50,10.50,true,1,
7290010002429,false,תבליני מימון עלי דפנה,א.ל ייצור ושיווק תבל,IL,עלי דפנה 20 גרם,Unknown,0.00,Unknown,false,1,10.50,10.50,true,1,
7290010002481,false,מימון שום טחון במיכל,,,שום טחון 100 גרם,גרמים,100.00,100 גרם,false,1,16.40,16.40,true,1,
7290010002498,false,מימון שום גבישי 120,א.ל ייצור ושיווק תבל,IL,שום גבישי 120 גרם,גרמים,120.00,100 גרם,false,1,16.40,13.67,true,1,
7290010065332,false,פרינוק - ג'וניור פתוחי עץ ובננה 190 גרם,,IL,"פרינוק גוניור תפ""ע+ב",גרמים,190.00,100 גרם,false,1,8.20,4.32,true,1,
7290010117970,false,בוטנים אמריקאים סבבה קלוי 50 ג עלית,"שטראוס פריטו ליי בע""",IL,סבבה בוטנים אמריקאים,Unknown,0.00,Unknown,false,1,3.30,3.30,true,1,
7290010237531,false,"פפסי קולה פלסטיק 500 מ""ל","טמפו משקאות בע""ם.",IL,"פפסי קולה 500 מ""ל",מיליליטרים,500.00,"100 מ""ל",false,1,4.90,0.98,true,1,
7290010237548,false,"פפסי מקס דל קלוריות 500 מ""ל בקבוק",טמפו משקאות בעמ,IL,פפסי מקס דל קלוריות,מיליליטרים,500.00,"100 מ""ל",false,1,4.90,0.98,true,1,
7290010259366,false,אטריות נודלס ביצים מסולסלות ו.פוד 200 ג',פוג'יאן לונגהאי אנלי,CN,אטריות להקפצה מסולסל,גרמים,200.00,100 גרם,false,1,4.90,2.45,true,1,
7290010429554,false,"שמן זית כתית מעולה יד מרדכי 2 קלאסי, 750 מ""ל",מכוורת יד מרדכי שטרא,IL,שמן זית כתית מעולה 2,מיליליטרים,750.00,"100 מ""ל",false,1,37.90,5.05,true,1,
7290010471669,false,יוגורט בר תות קורנפלקס מצופה שוקולד 175 ג' דנונה,"שטראוס בריאות בע""מ",IL,דנונה בר תות קורנפלק,גרמים,175.00,100 גרם,false,1,4.80,2.74,true,1,
7290010513727,false,פירורי לחם קינגדאו פנקו 200 גר,,,פירורי לחם קינגדאו פ,גרמים,200.00,100 גרם,false,1,9.30,4.65,true,1,
7290010609734,false,"משקה להקפאה בטעם פירות 8*800 מ""ל אייס לי",הדיל,IL,אייס לי 4 טעמים 8*10,מיליליטרים,800.00,"100 מ""ל",false,1,6.90,0.86,true,1,
7290010627004,false,טחינה גולמית מסורתית ירושלים 500 ג',"בראשית ירושלים בע""מ",IL,טחינה ירושלים 500 גר,גרמים,500.00,100 גרם,false,1,16.90,3.38,true,1,
7290010650033,false,בצלצלי שאלוט ארוז לי,תות ממתקי איכות,IL,בצלצלי שאלוט,Unknown,0.00,Unknown,false,1,9.90,9.90,true,1,
7290010650101,false,עגבניות מיובשות 100,יוליניבר,TR,עגבניות מיובשות,Unknown,0.00,Unknown,false,1,9.90,9.90,true,1,
7290010657698,false,פילה מקרל פלפל חריף 125 ג קזבלנקה,,,פילה מקרל פלפל חריף,גרמים,125.00,100 גרם,false,1,12.90,10.32,true,1,
7290010657704,false,פילה מקרל בשמן זית 125 ג קזבלנקה,קזבלנקה,,פילה מקרל בשמן זית 1,גרמים,125.00,100 גרם,false,1,13.90,11.12,true,1,
7290010777006,false,מארז לחמניות כוסמין 360 גרם,,IL,מארז לחמניות כוסמים,גרמים,360.00,100 גרם,false,1,16.90,4.69,true,1,
7290010777051,false,מארז לחמניות המבורגר 5 יח,,,מארז לחמניות המבורגר,Unknown,0.00,Unknown,false,1,15.90,15.90,true,1,
7290010777068,false,מארז לחמניות מתוקות/קלועות 5 יח,,,מארז לחמניות מתוקות/,Unknown,0.00,Unknown,false,1,15.90,15.90,true,1,
7290010777136,false,לחמנייה שמיניה 5 יח,,,לחמניה קלועה 5 יח,Unknown,0.00,Unknown,false,1,15.50,15.50,true,1,
7290010777150,false,פיתה חיטה מלאה בריבוע 8יח' שקית 800 גר',מגוון שיווק והפצת מא,,פיתה בריבוע חיטה מלא,Unknown,0.00,Unknown,false,1,17.90,17.90,true,1,
7290010777297,false,פיתה אקספרס מארז 12יח',מגוון שיווק והפצת מא,,פיתה ביס לבן,גרמים,500.00,100 גרם,false,1,17.90,3.58,true,1,
7290010777358,false,מארז שמיניית פיתות 100% כוסמין מלא,מגוון שיווק והפצת מא,,מארז שמיניית פיתות 1,גרמים,400.00,100 גרם,false,1,17.90,4.48,true,1,
7290010777488,false,מארז פיתות 100% מחמצת קמח מלא 500 גרם,מאפיית ביכורים מזון,IL,מארז פיתות 100% מחמצ,גרמים,500.00,100 גרם,false,1,18.90,3.78,true,1,
7290010777525,false,פיתות 100% כוסמין דק 99 קל 6 יח,מאפיית ביכורים מזון,IL,מארז פיתות כוסמין 6,Unknown,0.00,Unknown,false,1,19.90,19.90,true,1,
7290010970100,false,שמן שומשום כבישה קרה 250 מיל טעמים,,,שמן שומשום כבישה קרה,מיליליטרים,250.00,"100 מ""ל",false,1,32.50,13.00,true,1,
7290010970179,false,דבש פרחי בר טעמים 350 גרם,,,דבש פרחי בר טעמים,גרמים,350.00,100 גרם,false,1,18.20,5.20,true,1,
7290010970582,false,רוטב סויה 350 מל,,,רוטב סויה 350 מל,מיליליטרים,350.00,"100 מ""ל",false,1,13.70,3.91,true,1,
7290010970711,false,ממרח פסטו בזיליקום 180 גרם,,IL,ממרח פסטו בזיליקום 1,גרמים,180.00,100 גרם,false,1,15.60,8.67,true,1,
7290011015374,false,"סחוט תפוחים צלול פריגת 400 מ""ל",היינץ צפון אמריקה מק,IL,פריגת סחוט תפוח צלול,מיליליטרים,400.00,"100 מ""ל",false,1,10.90,2.73,true,1,
7290011017866,false,"קוקה קולה פחית 330 מ""ל",החברה המרכזית לייצור,IL,"פחית סליק ק""ק 330 מ""",מיליליטרים,330.00,"100 מ""ל",false,1,5.90,1.79,true,1,
7290011017873,false,"קוקה קולה זירו פחית 330 מ""ל",החברה המרכזית לייצור,IL,פחית סליק זירו 330 מ,מיליליטרים,330.00,"100 מ""ל",false,1,5.90,1.79,true,1,
7290011017880,false,"קוקה קולה דיאט פחית 330 מ""ל",החברה המרכזית לייצור,IL,"פחית סליק ד. ק""ק 330",מיליליטרים,330.00,"100 מ""ל",false,1,5.90,1.79,true,1,
7290011018184,false,"אייס תה FUZE TEAאפרסק 500 מ""ל",מבשלות בירה בינלאומי,IL,"תה פיוז אפרסק 500 מ""",מיליליטרים,500.00,"100 מ""ל",false,1,8.80,1.76,true,1,
7290011018474,false,"סומרסבי סיידר תפוחים אלכוהולי 300 מ""ל","קרלסברג קרואטיה , יב",HR,סומרסבי סיידר תפוחים,מיליליטרים,330.00,"100 מ""ל",false,1,9.90,3.00,true,1,
7290011126209,false,תה הגן הקסום תפוח וקינמון - סיידר 25 שקיקים,HIQ FOOD PRODUCTS,IL,תה תפוח וקינמון 25 ש,גרמים,115.00,100 גרם,false,1,19.90,17.30,true,1,
7290011126452,false,חליטת קמומיל ונענע 25 שקיקים גן קסום,HIQ FOOD PRODUCTS,IL,חליטת קמומיל ונענע 2,Unknown,0.00,Unknown,false,1,19.90,19.90,true,1,
7290011126469,false,חליטת קמומיל ודבש 25 שקיקים גן קסום,HIQ FOOD PRODUCTS,IL,חליטת קמומיל ודבש 25,Unknown,0.00,Unknown,false,1,19.90,19.90,true,1,
7290011131371,false,מיזלי 1קג קראנצ' אלמונד,ויטליאה ניקולה דו,MK,מיזלי קראנץ אלמונ 1,גרמים,1000.00,100 גרם,false,1,27.90,2.79,true,1,
7290011148898,false,גבעולי ברוקולי משקל 400 גר,חקלאי,IL,גבעולי ברוקולי 400 ג,קילוגרמים,0.00,"ק""ג",false,1,14.90,14.90,true,1,
7290011148935,false,מלפפון מיני ארוז,חקלאי,IL,מלפפון בייבי,Unknown,0.00,Unknown,false,1,14.90,14.90,true,1,
7290011194246,false,קוטג' 5% שומן 250 ג' שטראוס,מיוצר עי קונדיטוריית,IL,קוטג 5% 250 גר,גרמים,250.00,100 גרם,false,1,5.90,2.36,true,1,
7290011235024,false,רוזמרין ארוז,חקלאי,IL,רוזמרין,Unknown,0.00,Unknown,false,1,5.90,5.90,true,1,
7290011235031,false,בזיליקום,,,רוקולה,Unknown,0.00,Unknown,false,1,5.90,5.90,true,1,
7290011235055,false,בזיליקום,יושלם,IL,בזיליקום,Unknown,0.00,Unknown,false,1,5.90,5.90,true,1,
7290011235079,false,קורנית (טימין),חקלאי,IL,קורנית,Unknown,0.00,Unknown,false,1,5.90,5.90,true,1,
7290011447748,false,"סופר-קט בטעם אוקיאנוס וטונה 3 ק""ג",ביופט,IL,סופר קט מזון לחתולים,קילוגרמים,0.00,"ק""ג",false,1,49.90,49.90,true,1,
7290011498962,false,ממרח שקד לבן תבור 3,"אלמונדס בע""מ",IL,שקד לבן 300 גרם,גרמים,300.00,100 גרם,false,1,36.90,12.30,true,1,
7290011499129,false,"גבינה בולגרית קוביות קטנות מעודנת 5% 200 ג""ר",קוד יצרן DSH,IL,קוביות בולגרית מעודנ,גרמים,200.00,100 גרם,false,1,25.90,12.95,true,1,
7290011499303,false,גבינת עיזים בולגרית מעודנת 5% 250 גר',ג'נרל מילס סאן אדריא,IL,גבינה בולגרית מעודנת,גרמים,250.00,100 גרם,false,1,34.90,13.96,true,1,
7290011499341,false,גד גבינת קשקבל 26% 200 ג',הנסיך- מפעל לייצור ט,IL,קשקאבל ארוז 200 גר,גרמים,200.00,100 גרם,false,1,29.90,14.95,true,1,
7290011499365,false,גבינה חלומי נענע גד,"מחלבות גד בע""מ",IL,גבינת חלומי 200 גר,גרמים,200.00,100 גרם,false,1,24.90,12.45,true,1,
7290011499419,false,גבינה במרקם שמנת 5% שומן 200 ג' גד,מחלבות גד,IL,גבינה במרקם שמנת 5%,גרמים,200.00,100 גרם,false,1,12.90,6.45,true,1,
7290011499624,false,גבינת שמנת טבעי 30% שומן 200 ג' גד,מחלבות גד,IL,גבינת שמנת 30% טבעי,גרמים,200.00,100 גרם,false,1,13.40,6.70,true,1,
7290011499846,false,גבינת ריקוטה פרסקה 9% 300 ג' גד,מחלבות גד בעמ,IL,ריקוטה פרסקה 9% 300,גרמים,150.00,100 גרם,false,1,21.90,14.60,true,1,
7290011499853,false,גד גבינת שמנת 30% זיתים 200גר,מחלבות גד (שיווק 199,IL,גבינת שמנת זיתים 30%,גרמים,200.00,100 גרם,false,1,13.40,6.70,true,1,
7290011501617,false,חמוציות ברכז תפוחים ללא תוספת סוכר 250 גרם,אף.סי תבליני בגליל ב,IL,חמוציות תפוחים ללא ס,גרמים,250.00,100 גרם,false,1,19.90,7.96,true,1,
7290011502867,false,דלישס גרנולה במבחר אגוזים 500גר,"דין שיווק וקליה בע""מ",,גרנולה אגוזים 500 גר,גרמים,500.00,100 גרם,false,1,16.50,3.30,true,1,
7290011587079,false,חרדל דיז'ון גרגירים 370 ג' PICCATA,,IL,חרדל דיזון גרגירים 3,גרמים,370.00,100 גרם,false,1,12.60,3.41,true,1,
7290011587093,false,תירס גמדי תומר 400 ג,איידונג יוזו,IL,תירס גמדי 400 גרם,גרמים,400.00,100 גרם,false,1,6.90,1.73,true,1,
7290011587840,false,עגבניות קצוצות בשמן 340 גר,,,עגבניות קצוצות בשמן,גרמים,340.00,100 גרם,false,1,17.70,5.21,true,1,
7290011587857,false,עגבניות מיובשות מתובלות במגשית,יושלם,IL,עגבניות מיובשות מתוב,גרמים,250.00,100 גרם,false,1,13.70,5.48,true,1,
7290011765620,false,"נוזל כלים סנו גרין פאוור אקולוגי 750 מ""ל",סנו מפעלי ברונוס בעמ,IL,נוזל כלים סנו גרין פ,מיליליטרים,750.00,"100 מ""ל",false,1,11.50,1.53,true,1,
7290011878351,false,תמרים מגהול 400 גרם אורגני,,,תמרים מגהול 400 גרם,גרמים,400.00,100 גרם,false,1,28.90,7.23,true,1,
7290011923273,false,טופו אורגני 300 גרם ליב,א.י.ן תעשיות מזון בע,IL,טופו אורגני 300 גרם,גרמים,300.00,100 גרם,false,1,13.90,4.63,true,1,
7290011923303,false,טופו טבעי ליב 300 גר,א.י.ן תעשיות מזון בע,IL,טופו טבעי ליב 300 גר,גרמים,300.00,100 גרם,false,1,11.90,3.97,true,1,
7290011947309,false,זיתים מצוננים סורי מבוקע ולימון כבוש זיתא 230 ג',זיתא – י.ט.ב תעשיות,IL,זית סורי מבוקע עם לי,גרמים,220.00,100 גרם,false,1,14.90,6.77,true,1,
7290011947316,false,זית קלמנטה בשמן 215 ג'-זיתא,סטאר סנקס,IL,זיתי קלמטה 215 גרם,גרמים,215.00,100 גרם,false,1,14.90,6.93,true,1,
7290011947781,false,מיקס זית ירוק וזית קלמטה ללא גלעין עם שמן זית 190 ג',זיתא,IL,מיקס זית ירוק/קלמטה,גרמים,190.00,100 גרם,false,0,14.90,7.84,true,1,
7290011947798,false,זית קלמטה ללא גלעין עם שמן זית כתית 190 ג',זיתא,IL,זית קלמטה ללא גלעין,גרמים,190.00,100 גרם,false,0,14.90,7.84,true,1,
7290012001994,false,חרדל דיז'ון גרעינים 350 ג' ריין דיזון,כלורוקס אוקלנד,FR,חרדל דיזיון 350 גרם,גרמים,350.00,100 גרם,false,1,13.90,3.97,true,1,
7290012019265,false,"רסק תפוֿֿֿֿ""ע פלסטיק דיאט 4יח'12X",Cherry growers inc,,"רסק תפו""ע דיאט 4 יח",גרמים,113.00,100 גרם,false,1,13.90,12.30,true,1,
7290012022005,false,פריכיות חיטה 60 גרם,,,פריכיות חיטה 70 גרם,גרמים,70.00,100 גרם,false,1,12.90,18.43,true,1,
7290012022050,false,פריכיות חיטה מלאה 100 גרם,,,פריכיות חיטה מלאה,גרמים,100.00,100 גרם,false,1,13.90,13.90,true,1,
7290012117558,false,מרכך כביסה קומפקט מאסק ורוד סנו מקסימה 1 ל',"סנו מפעלי ברונוס בע""",IL,מרכך כביסה מקסימה סו,מיליליטרים,1000.00,"100 מ""ל",false,1,18.90,1.89,true,1,
7290012191084,false,המנגליסט גפרורים עשי,,IN,גפרור מטבח רגיל,Unknown,0.00,Unknown,false,1,3.90,3.90,true,1,
7290012245176,false,גולד ציפס קריספי 700 גרם,אגריסטו,BE,גולד ציפס קריספי 700,גרמים,700.00,100 גרם,false,1,16.90,2.41,true,1,
7290012247316,false,לב עוף טרי,,,לב עוף טרי,Unknown,0.00,"ק""ג",true,0,34.90,34.90,true,1,
7290012251047,false,קבנוס כפרי 250 גרם מזרע,,,קבנוס כפרי 250 גרם,גרמים,250.00,100 גרם,false,1,18.90,7.56,true,1,
7290012251276,false,תיק בד טיב טעם,,,תיק רב פעמי ממוחזר,Unknown,0.00,Unknown,false,1,5.90,5.90,true,1,
7290012251429,false,קרפלך בשר לבן מזרע 600 גר,,,קרפלך בשר לבן מזרע,גרמים,600.00,100 גרם,false,1,27.20,4.53,true,1,
7290012251474,false,שרימפס 26/30 מקולף 500 ג' קפוא,,,שרימפס מקולף 500 גר,גרמים,500.00,100 גרם,false,1,51.50,10.30,true,1,
7290012251481,false,שרימפס מקולף 500 גר קפוא L,,,שרימפס מקולף 500 גר,גרמים,500.00,100 גרם,false,1,52.50,10.50,true,1,
7290012251498,false,שרימפס מקולף 500 גר קפוא M,,,שרימפס מקולף 500 גר,גרמים,500.00,100 גרם,false,1,52.50,10.50,true,1,
7290012251542,false,"שרימפס לא מקולף גדול 1 ק""ג קפוא 26/30",,,שרימפס לא מקולף גדול,קילוגרמים,0.00,"ק""ג",false,1,110.50,110.50,true,1,
7290012251726,false,מזרע קרפלך הודו מתכון סבתא 600 גר,,,מזרע קרפלך הודו 600ג,גרמים,600.00,100 גרם,false,1,33.50,5.58,true,1,
7290012251757,false,קרפלך תפוחי אדמה 600 גר,,,קרפלך תפוחי אדמה 600,גרמים,600.00,100 גרם,false,1,23.00,3.83,true,1,
7290012252914,false,נקניקיות בלקניות מצוננות 600 גרם,,IL,נקניקיות בלקניות מצו,גרמים,600.00,100 גרם,false,1,25.90,4.32,true,1,
7290012306501,false,פריכיות כוסמת 150 גרם,,,פריכיות כוסמת 150 גר,גרמים,150.00,100 גרם,false,1,12.90,8.60,true,1,
7290012309311,false,ערמונים קלופים שלמים 100 גר,"דין שיווק וקליה בע""מ",CN,ערמונים קלופים שלמים,גרמים,100.00,100 גרם,false,1,5.90,5.90,true,1,
7290012588570,false,ווטר בוקס - מי מעיין טבעיים 1.ליטר,בוריסטליג' בוטלינג ק,IE,ווטר בוקס - מי מעיין,מיליליטרים,1000.00,"100 מ""ל",false,1,5.90,0.59,true,1,
7290012803055,false,סוכרלוז מרמולייט- 100שקיות אישיות,תות ממתקי איכות,IL,סוכרלוז מרמולייט-,גרמים,100.00,100 גרם,false,1,39.90,39.90,true,1,
7290012803215,false,וופל בלגי בטעם שוקולד 200 גר טוסו,בטר אנד דיפרנט,IL,וופל בלגי בטעם שוקול,גרמים,200.00,100 גרם,false,1,12.90,6.45,true,1,
7290012864001,false,נביטי חמניה 170ג',חקלאי,IL,נבטי חמניה,Unknown,0.00,Unknown,false,1,14.90,14.90,true,1,
7290012901959,false,פסטה דודלס מסולסלים עם גבינה156 גרם,,US,אטריות עם גבינה מסול,גרמים,156.00,100 גרם,false,1,13.50,8.65,true,1,
7290012921032,false,"בירה מלכה אדמונית 330 מ""ל",בירה מלכה בעמ,IL,בירה מלכה אדמונית 33,מיליליטרים,330.00,"100 מ""ל",false,1,16.90,5.12,true,1,
7290012936852,false,תבלינים קימל טחון בצנצנות 40 גרם,,,תבלינים קימל טחון בצ,גרמים,40.00,100 גרם,false,1,10.50,26.25,true,1,
7290012936937,false,תבלינים בהרט בצנצנת 40 גרם,א.ל ייצור ושיווק תבל,IL,תבלינים בהרט בצנצנת,Unknown,0.00,Unknown,false,1,12.90,12.90,true,1,
7290012936944,false,תבלינים אגוז מוסקט טחון 40 גרם,,,תבלינים אגוז מוסקט ט,Unknown,0.00,Unknown,false,1,16.40,16.40,true,1,
7290012958014,false,ביצי דגים 113 גר זכוכית,,,ביצי דגים 113 גר זכו,גרמים,113.00,100 גרם,false,1,57.90,51.24,true,1,
7290013144393,false,"תמצית בטעם וניל מימונס 50 מ""ל",מיוצר עי קונדיטוריית,IL,"תמצית וניל 50 מ""ל",מיליליטרים,50.00,"100 מ""ל",false,1,5.50,11.00,true,1,
7290013145192,false,שומשום מימונס 100 ג',,,שומשום 100 גר,גרמים,100.00,100 גרם,false,1,5.90,5.90,true,1,
7290013145390,false,שוקולד ציפס מימונס 250 ג',אינטרגטה תעשיות מזון,IL,שוקולד ציפס 250 גר,גרמים,250.00,100 גרם,false,1,11.30,4.52,true,1,
7290013145451,false,אבקת קקאו מימונס 150 ג',מיוצר עי קונדיטוריית,IL,קקאו 150 גר,גרמים,150.00,100 גרם,false,1,11.00,7.33,true,1,
7290013145840,false,סוכר וניל מימונס 10* 10 ג',מיוצר עי קונדיטוריית,IL,סוכר וניל 10 יח בצלו,Unknown,0.00,Unknown,false,1,2.90,2.90,true,1,
7290013145864,false,ג'לטין טהור מימונס 28 ג',א.ל ייצור ושיווק תבל,IL,גלטין טהור אבקה 28 ג,גרמים,28.00,100 גרם,false,1,12.90,46.07,true,1,
7290013145901,false,סודה לשתיה מימונס 100 ג',,,סודה לשתיה 100 גר,גרמים,100.00,100 גרם,false,1,2.00,2.00,true,1,
7290013145918,false,אבקת סוכר 100 ג' מימונס,א.ל. ייצור ושיווק תב,IL,אבקת סוכר 100 גר,גרמים,100.00,100 גרם,false,1,2.30,2.30,true,1,
7290013145949,false,אבקת סוכר אריזת פטנט 250 גר,מיוצר עי קונדיטוריית,IL,אבקת סוכר אריזת פטנט,גרמים,250.00,100 גרם,false,1,18.90,7.56,true,1,
7290013145963,false,שמרים יבשים בוואקום מימונוס 125 ג',,,שמרים יבשים בואקום 1,גרמים,125.00,100 גרם,false,1,6.60,5.28,true,1,
7290013146656,false,כוכבים תכלת ירוק לבן לקישוט 60 גרם,"מימונס אפיה בע""מ",IL,כוכבים תכלת ירוק לבן,גרמים,60.00,100 גרם,false,1,12.90,21.50,true,1,
7290013146663,false,סוכריות קונפטי לקישוט מימונס 55 ג',"מימונס אפיה בע""מ",IL,אטריות צבעוניות לקיש,גרמים,55.00,100 גרם,false,1,12.90,23.45,true,1,
7290013153593,false,מיץ תפוזים מתקתק 1 ליטר,"גת גבעת חיים,",IL,מיץ תפוזים מתקתק 1 ל,מיליליטרים,1000.00,"100 מ""ל",false,1,17.90,1.79,true,1,
7290013187154,false,מזרע קרפלך טלה מתכון סבתא 600 גר,,,קרפלך כבש מתכון סבתא,גרמים,600.00,100 גרם,false,1,31.50,5.25,true,1,
7290013187215,false,מנות פילה סלמון נורבגי 800 גר,,NO,פילה סלמון נורבגי,גרמים,800.00,100 גרם,false,1,89.90,11.24,true,1,
7290013187765,false,ברוקולי טבעפרוסט 800 גר,,,ברוקולי טבעפרוסט 800,גרמים,800.00,100 גרם,false,1,19.90,2.49,true,1,
7290013187772,false,אפונה ירוקה עדינה טבעפרוסט 800 גר,,,אפונה ירוקה עדינה טב,גרמים,800.00,100 גרם,false,1,19.90,2.49,true,1,
7290013187789,false,אפונה ירוקה טבעפרוסט 800 גר,,,אפונה ירוקה טבעפרוסט,גרמים,800.00,100 גרם,false,1,16.70,2.09,true,1,
7290013187802,false,שעועית ירוקה עדינה טבעפרוסט 800 גר,,,שעועית ירוקה עדינה ט,גרמים,800.00,100 גרם,false,1,16.90,2.11,true,1,
7290013187819,false,שעועית ירוקה חתוכה טבעפרוסט 800 גר,,,שעועית ירוקה חתוכה ט,גרמים,800.00,100 גרם,false,1,16.90,2.11,true,1,
7290013187826,false,כרוב ניצנים טבעפרוסט 800 גר,,,כרוב ניצנים טבעפרוסט,גרמים,800.00,100 גרם,false,1,16.90,2.11,true,1,
7290013187833,false,כרובית טבעפרוסט 800 גר,,,כרובית טבעפרוסט 800,גרמים,800.00,100 גרם,false,1,16.90,2.11,true,1,
7290013187840,false,גזר גמדי טבעפרוסט 800 גר,,,גזר גמדי טבעפרוסט 80,גרמים,800.00,100 גרם,false,1,16.90,2.11,true,1,
7290013187857,false,תרד טבעפרוסט 800 גר,,,תרד טבעפרוסט 800 גר,גרמים,800.00,100 גרם,false,1,16.90,2.11,true,1,
7290013187864,false,נקניקיות שפיקצקי 600 גרם,,,נקניקיות שפיקצקי,גרמים,600.00,100 גרם,false,1,44.90,7.48,true,1,
7290013187871,false,סרוולט אוסטרי 170 גר,,,סרוולט אוסטרי 170 גר,גרמים,170.00,100 גרם,false,1,35.90,21.12,true,1,
7290013215017,false,פטריות שמפניון זוגות,מרינה,IL,פיטריות דואט,Unknown,0.00,Unknown,false,1,19.90,19.90,true,1,
7290013268242,false,נוזל רצפות ריצפז פרש הום מלון מפנק 2 ל,"סנו מפעלו ברונוס בע""",IL,נוזל רצפות ריצפז פרש,ליטרים,0.00,ליטר,false,1,22.90,22.90,true,1,
7290013358356,false,מאסטר שף - פירורי לחם מוזהבים 320 גרם,מנה י.א בעמ,IL,מאסטר שף פירורי לחם,גרמים,320.00,100 גרם,false,1,8.30,2.59,true,1,
7290013358363,false,פירורי לחם פנקו מזוהבים מאסטר שף מנה 300 ג',קריניציה ויטמינה אס,IL,פירורי לחם פנקו 300,גרמים,300.00,100 גרם,false,1,11.90,3.97,true,1,
7290013358431,false,קרוטנים לסלט בתיבול עגבניות ובזיליקום,"עינת תעשיות מזון אג""",IL,מנה קרוטונים לסלט עג,גרמים,200.00,100 גרם,false,1,16.50,8.25,true,1,
7290013358486,false,מאסטר שף פירורי לחם ללא צורך בביצה 300 ג,"מיוצר ע""י מנה י.א בע",IL,מאסטר שף פירורי לחם,גרמים,300.00,100 גרם,false,1,10.90,3.63,true,1,
7290013358585,false,מנה אסייאתי נודלס ביצים להקפצה 400 מ.שף,הנסיך- מפעל לייצור ט,CN,מנה אסייאתי נודלס בי,גרמים,400.00,100 גרם,false,1,10.90,2.73,true,1,
7290013366634,false,עלי חסה סלנובה,כרמל יבולים,IL,חסה ראשים 200 גר,גרמים,200.00,100 גרם,false,1,11.90,5.95,true,1,
7290013492005,false,אמא אדמה תפוח אדמה למיקרו 700 גר',מרינה,IL,תפוחוני אדמה למיקרו,גרמים,700.00,100 גרם,false,1,9.90,1.41,true,1,
7290013493071,false,בירה בזלת אייל ענברי 330 מל,מברשת הגולן א.ח.ר 20,IL,בירה בזלת אייל ענברי,מיליליטרים,330.00,"100 מ""ל",false,1,16.90,5.12,true,1,
7290013531377,false,תורמוס A2 יכין בית יוסף,היינץ צפון אמריקה מק,IL,תורמוס יכין 560 גרם,גרמים,560.00,100 גרם,false,1,10.90,1.95,true,1,
7290013531759,false,שעועית אפויה במים 550 ג' יכין,"זנלכל בע""מ",IL,שעועית לבנה במים 550,גרמים,550.00,100 גרם,false,1,10.90,1.98,true,1,
7290013542168,false,כוסות נייר OZ 10 אר 50 דנטס,,CN,כוס נייר גדולה לשתי,Unknown,1.00,Unknown,false,1,18.40,18.40,true,1,
7290013542236,false,כוסות חד פעמי .א'ר 100 יח',,TR,כוס שתיה קרה 100 יח,Unknown,0.00,Unknown,false,1,11.00,11.00,true,1,
7290013542526,false,כוס נייר 8BOZ אר 50 יח',,CN,כוס נייר 50 יח לשתיה,Unknown,0.00,Unknown,false,1,10.90,10.90,true,1,
7290013542588,false,תבניות אלומיניום 731,,CN,תבניות אלומיניום 731,Unknown,1.00,Unknown,false,1,10.50,10.50,true,1,
7290013542601,false,תבניות אלומיניום אינ,,CN,תבניות אלומיניום אינ,Unknown,1.00,Unknown,false,1,9.50,9.50,true,1,
7290013585394,false,קוקה קולה 1 ליטר,החברה המרכזית לייצור,IL,קוקה קולה 1 ליטר,מיליליטרים,1000.00,"100 מ""ל",false,1,7.50,0.75,true,1,
7290013585455,false,"ויינשטפן פסטביר בק 330 מ""ל",,,ויינשטפן פסטביר בק 3,מיליליטרים,330.00,"100 מ""ל",false,1,14.90,4.52,true,1,
7290013720498,false,פיין שרימפס מבושל 750 גר M,,,פיין שרימפס מבושל,גרמים,750.00,100 גרם,false,1,67.90,9.05,true,1,
7290013720818,false,קלמרי 1 קג קפוא,,,קלמרי 1 קג קפוא,קילוגרמים,0.00,"ק""ג",false,1,92.90,92.90,true,1,
7290013787392,false,רביולי גבינות קלאסי פסטה ריקו 330 גרם,יוניליוור גרמניה Gm,IL,רביולי גבינות 330 גר,גרמים,330.00,100 גרם,false,1,29.90,9.06,true,1,
7290013787415,false,רביולי ריקוטה תרד פסטה ריקו 330 גרם,יוניליוור גרמניה Gm,IL,רביולי ריקוטה תרד 33,גרמים,330.00,100 גרם,false,1,29.90,9.06,true,1,
7290013847836,false,נתחי טונה בשמן קנולה זוג * 140 ג' סטארקיסט,,,טונה סטארקיסט בשמן ק,גרמים,280.00,100 גרם,false,1,13.90,4.96,true,1,
7290013847867,false,מארז זוג טונה בשמן סויה 140 ג' סטארקיסט,טונה ויטנאם קו. אל.ט,IL,טונה סטארקיסט בשמן ס,גרמים,280.00,100 גרם,false,1,13.90,4.96,true,1,
7290013903044,false,רסק תפוחי עץ אורגני 452 גרם,,,רסק תפוחי עץ אורגני,גרמים,452.00,100 גרם,false,1,17.90,3.96,true,1,
7290013903082,false,צפתית טבעונית ליב 20,ביוט איילנד פודס אל,,צפתית טבעונית 200 גר,גרמים,200.00,100 גרם,false,1,23.90,11.95,true,1,
7290013903266,false,תערובת פירות יער אורגני מוקפא 300 גר,פריגו,RS,תערובת פירות יער אור,גרמים,300.00,100 גרם,false,1,26.50,8.83,true,1,
7290013903273,false,אדממה אורגני קפוא 400 גר,זהג'יאנג קינגסור פוד,CN,אדממה אורגני קפוא 40,גרמים,400.00,100 גרם,false,1,13.20,3.30,true,1,
7290013903327,false,טופו טבעי 2 יח 500 גר,אין תעשיות,IL,טופו טבעי 2 יח 500 ג,גרמים,500.00,100 גרם,false,1,18.80,3.76,true,1,
7290013903464,false,פולי סויה קלופים מוקפאים אורגני 500 גרם,זהג'יאנג קינגסור,CN,פולי סויה קלופים מוק,גרמים,500.00,100 גרם,false,1,16.70,3.34,true,1,
7290013903594,false,רסק תפוחים טבעי 670 גרם ליב,טעמי הגליל בעמ,IL,רסק תפוחים טבעי 670,גרמים,670.00,100 גרם,false,1,13.50,2.01,true,1,
7290013903815,false,קציצות בטטה טבעוני 400 גרם,,IL,קציצות בטטה טבעוני 4,גרמים,400.00,100 גרם,false,1,27.20,6.80,true,1,
7290013906205,false,פסטרמה עם שום וצילי טירת צבי 400 ג',הנסיך- מפעל לייצור ט,IL,פסטרמה שום וצילי,גרמים,400.00,100 גרם,false,1,30.90,7.73,true,1,
7290013906441,false,קבנוס טירת צבי 120 גר,הנסיך- מפעל לייצור ט,IL,קבנוס טירת צבי 120 ג,גרמים,120.00,100 גרם,false,1,12.90,10.75,true,1,
7290013906458,false,קבנוס בטעם פיקנטי טירת צבי 120 גר,הנסיך- מפעל לייצור ט,IL,קבנוס בטעם פיקנטי טי,גרמים,120.00,100 גרם,false,1,12.90,10.75,true,1,
7290013906489,false,חטיפי מיני קבנוס 120 ג' טירת צבי,הנסיך- מפעל לייצור ט,IL,חטיפי קבנוס טירת צבי,גרמים,120.00,100 גרם,false,1,12.90,10.75,true,1,
7290013906496,false,פסטרמה עגל בסגנון רומני טירת צבי 120 גר,הנסיך- מפעל לייצור ט,IL,פסטרמה עגל בסגנון רו,גרמים,120.00,100 גרם,false,1,19.90,16.58,true,1,
7290014066533,false,לנדוור-קפסולות אספרסו קלייה כפולה(12) - 10יח'12X יח,לנדוור,IL,לנדוור קפסולות אספרס,Unknown,0.00,Unknown,false,1,17.90,17.90,true,1,
7290014079014,false,לבבות קיסר בנספק,"מרינה פטריות הגליל בע""מ",IL,לבבות קיסר,Unknown,0.00,Unknown,false,1,11.90,11.90,true,1,
7290014079236,false,פטריות פורטובלה מיני סלסלה,חקלאי,IL,פטריות פורטבלו,Unknown,0.00,Unknown,false,1,11.90,11.90,true,1,
7290014094338,false,דלעת מקולפת 250 קופסא,"דין שיווק וקליה בע""מ",,דלעת מקולפת 250 גר,גרמים,250.00,100 גרם,false,1,25.50,10.20,true,1,
7290014094369,false,שקד טבעי 200 גר קופסא ששון הקולה,"דין שיווק וקליה בע""מ",,שקד טבעי 200 גר קופ,גרמים,200.00,100 גרם,false,1,23.90,11.95,true,1,
7290014094383,false,משמש מיובש בקופסא 33,"דין שיווק וקליה בע""מ",,משמש 330 גר,גרמים,330.00,100 גרם,false,1,28.90,8.76,true,1,
7290014094543,false,"תרסיס שמן קנולה שקדיה 186 מ""ל",,TR,תרסיס שמן קנולה 170,מיליליטרים,170.00,"100 מ""ל",false,1,12.90,7.59,true,1,
7290014094611,false,שקד מולבן פרוס 200 גר,,,שקד מולבן פרוס 200 ג,גרמים,200.00,100 גרם,false,1,31.90,15.95,true,1,
7290014094659,false,אגוזי לוז טבעיים 250,דין שיווק,IL,בונדוק טבעי 250 גר,גרמים,250.00,100 גרם,false,1,33.50,13.40,true,1,
7290014094826,false,שזיפים מיובשים ללא גלעין 300 ששון הקולה,"דין שיווק וקליה בע""מ",,שזיפים מיובשים ללא ג,גרמים,300.00,100 גרם,false,1,18.60,6.20,true,1,
7290014094833,false,צימוק בהיר 300 גרם ששון הקולה,"דין שיווק וקליה בע""מ",,צימוק בהיר 300 גרם ש,גרמים,300.00,100 גרם,false,1,15.30,5.10,true,1,
7290014094840,false,צימוק כהה 300 גרם ששון הקולה,"דין שיווק וקליה בע""מ",,צימוק כהה 300 גרם שש,גרמים,300.00,100 גרם,false,1,12.90,4.30,true,1,
7290014094857,false,פקאן סיני מסוכר 150 גרם ששון הקולה,דין שיווק,IL,פקאן סיני מסוכר 150,גרמים,150.00,100 גרם,false,1,23.00,15.33,true,1,
7290014094864,false,פיסטוק קלוי 170 גר עם קליפה ששון הקולה,דין שיווק,IL,פיסטוק קלוי 170 גר,גרמים,170.00,100 גרם,false,1,19.90,11.71,true,1,
7290014094895,false,אגוזים מלך קלופים 150 גרם ששון הקולה,,,אגוזים מלך קלופים 15,גרמים,150.00,100 גרם,false,1,13.90,9.27,true,1,
7290014095861,false,שיבולת שועל דקה 500 גרם קוואקר,"דין שיווק וקליה בע""מ",,שיבולת שועל דקה 500,גרמים,500.00,100 גרם,false,1,7.90,1.58,true,1,
7290014095960,false,שיבולת שועל עבה 500 גרם קוואקר,"דין שיווק וקליה בע""מ",,שיבולת שועל עבה 500,גרמים,500.00,100 גרם,false,1,7.90,1.58,true,1,
7290014218932,false,חטיפי פיצה בתוספת זיתים 710 ג' מעדנות,מיוצר עי קונדיטוריית,IL,חטיפי פיצה זיתים,גרמים,710.00,100 גרם,false,1,37.90,5.34,true,1,
7290014318151,false,ממרח ארטישוק 212,,,ממרח ארטישוק 212,מיליליטרים,212.00,"100 מ""ל",false,1,22.90,10.80,true,1,
7290014318311,false,עגבניות פולפה שלישיות 400*3,,,עגבניות פולפה,קילוגרמים,0.00,"ק""ג",false,1,19.80,19.80,true,1,
7290014318755,false,"סירופ אגבה 660 מ""ל",,MX,"סירופ אגבה 660 מ""ל",מיליליטרים,660.00,"100 מ""ל",false,1,33.90,5.14,true,1,
7290014318762,false,"מיץ רימונים אוטרגני 946 מ""ל",,TR,מיץ רימונים אוטרגני,מיליליטרים,946.00,"100 מ""ל",false,1,25.90,2.74,true,1,
7290014435704,false,סלמון מעושן 100גר' שמיר,"סלטי שמיר 2006 בע""מ",,סלמון מעושן 100 גר,גרמים,100.00,100 גרם,false,1,25.90,25.90,true,1,
7290014435803,false,מטיאס הולנדי עם בצל בשמן 200 גר,"סלטי שמיר 2006 בע""מ",IL,מטיאס הולנדי עם בצל,גרמים,200.00,100 גרם,false,1,21.90,10.95,true,1,
7290014435834,false,מקרל מעושן פרוס בשמן 180 גר',"סלטי שמיר 2006 בע""מ",,מקרל מעושן פרוס בשמן,גרמים,190.00,100 גרם,false,1,28.90,15.21,true,1,
7290014440463,false,"יין מדבר שרדונה סדרה 22 750 מ""ל",,IL,יין מדבר שרדונה סדר,מיליליטרים,750.00,"100 מ""ל",false,1,52.90,7.05,true,1,
7290014440470,false,"יין מדבר סוביניון בלאן סדרה 22 750 מ""ל",,IL,יין מדבר סוביניון בל,מיליליטרים,750.00,"100 מ""ל",false,1,52.90,7.05,true,1,
7290014440487,false,"יקב מדבר סדרה 22 סוביניון 750 מ""ל",,IL,יקב מדבר סדרה 22 סוב,מיליליטרים,750.00,"100 מ""ל",false,1,52.90,7.05,true,1,
7290014440494,false,"יין מדבר רוזה סדרה 22 750 מ""ל",,IL,יין מדבר רוזה סדרה,מיליליטרים,750.00,"100 מ""ל",false,1,52.90,7.05,true,1,
7290014440548,false,"יקב מדבר סדרה 22 קברנה פרנק 750 מ""ל",,IL,יקב מדבר סדרה 22 קבר,מיליליטרים,750.00,"100 מ""ל",false,1,52.90,7.05,true,1,
7290014455252,false,גבינת גרנה פדנו מגורד 100 ג' גד,מחלבות גד,IT,גבינה גרנה פדנו,גרמים,100.00,100 גרם,false,1,14.90,14.90,true,1,
7290014455320,false,גבינה כדורי מוצרלה פרסקה גד 100ג',מחלבות גד בעמ,IL,כדור מוצרלה פרסקה 10,גרמים,100.00,100 גרם,false,1,11.50,11.50,true,1,
7290014455467,false,ירח מתוק מעדן חלב 2% ושיבולת שועל גד 150ג',מחלבות גד,IL,מעדן שיבולת שועל וחל,גרמים,150.00,100 גרם,false,1,6.20,4.13,true,1,
7290014455610,false,יוגורט עיזים תות 125 גר,מיוצר על ידי קוד יצר,IL,יוגורט עיזים תות 125,גרמים,125.00,100 גרם,false,1,6.90,5.52,true,1,
7290014466609,false,יין מרלו גמלא 2020 750 מל,יקב רמת הגולן,IL,יין מרלו גמלא 2020 7,Unknown,0.00,Unknown,false,1,69.90,69.90,true,1,
7290014466890,false,"יין גמלא השמורה קברנה מרלו 2020 750 מ""ל",,,יין גמלא השמורה קברנ,Unknown,0.00,Unknown,false,1,69.90,69.90,true,1,
7290014471740,false,אפונה קלויה בטעם ווסאבי 220 גרם,,,אפונה קלויה בטעם ווס,גרמים,220.00,100 גרם,false,1,18.60,8.45,true,1,
7290014472228,false,תאנים בקופסא 330 גר,"דין שיווק וקליה בע""מ",,תאנים 330 גר,גרמים,330.00,100 גרם,false,1,25.20,7.64,true,1,
7290014472488,false,שקד קלוי ענק 250 גרם פרימיום ששון הקולה,דין שיווק,IL,שקד קלוי ענק 250 גרם,גרמים,250.00,100 גרם,false,1,24.90,9.96,true,1,
7290014472518,false,בוטן קלוי ענק 250 גר פרימיום ששון הקולה,דין שיווק,IL,בוטן קלוי ענק 250 גר,גרמים,250.00,100 גרם,false,1,12.90,5.16,true,1,
7290014503137,false,"יין כנען אדום דלתון 750 מ""ל","איי, בי, אינבוו",IL,יין כנען אדום דלתון,Unknown,0.00,Unknown,false,1,44.90,44.90,true,1,
7290014692305,false,גבינת קממבר 125ג' CASTELLO ויליפוד,הנסיך- מפעל לייצור ט,DK,גבינת קממבר 125 גר,גרמים,125.00,100 גרם,false,1,21.90,17.52,true,1,
7290014749245,false,ספיישל רצועות שניצל שומשום עוף טוב 600 גרם,מוצרי עוף טוב (2001),IL,צונגו רצועות שניצל ש,גרמים,600.00,100 גרם,false,1,39.90,6.65,true,1,
7290014749764,false,שניצל עוף ביתי עדין עוף טוב 700 גרם,מוצרי עוף טוב (2001),IL,עוף טוב שניצל עוף בי,גרמים,700.00,100 גרם,false,1,47.90,6.84,true,1,
7290014758100,false,מאגדת יוגורט ביו 3% שומן 8 יח' *150ג' תנובה,מיוצר עי קונדיטוריית,IL,שמיניית מאגדת BIO,גרמים,150.00,100 גרם,false,1,17.20,11.47,true,1,
7290014758117,false,מאגדת יוגורט ביו 1.5% שומן 8 יח' *150 ג' תנובה,מיוצר עי קונדיטוריית,IL,שמיניית יוגורט ביו,קילוגרמים,0.00,"ק""ג",false,1,18.10,18.10,true,1,
7290014758162,false,חלב עיזים מלא 3.6% קרטון 1 ל' תנובה,תנובה מרכז שיתופי לש,IL,חלב עיזים מלא 3.6% ש,מיליליטרים,1000.00,"100 מ""ל",false,1,18.50,1.85,true,1,
7290014758681,false,קוטג' תנובה 1% גביע 250 ג',מיוצר עי קונדיטוריית,IL,קוטג תנובה 1% 250 גר,גרמים,250.00,100 גרם,false,1,5.70,2.28,true,1,
7290014759084,false,גבינת שמנת 16% בטעם טבעי 225 ג' נפוליאון,הרדוף חלב,IL,נפוליאון מופחת שומן,גרמים,225.00,100 גרם,false,1,15.20,6.76,true,1,
7290014759534,false,גבינה בולגרית למריחה טבעי 5% 200 ג' פיראוס,"תנובה, מחלבת תל יוסף",IL,פיראוס בולגרית למריח,גרמים,200.00,100 גרם,false,1,18.20,9.10,true,1,
7290014759909,false,פטה עיזים 5% פיראוס גביע 250 גרם,"תנובה, מחלבת טנא נוג",IL,גבינה פטה עזים פיראו,גרמים,250.00,100 גרם,false,1,31.50,12.60,true,1,
7290014759985,false,"גבינת פרמזן גבע 23% פלח, 200 ג'",תנובה,IL,קולאז פרמזן גבע פלח,גרמים,200.00,100 גרם,false,1,29.90,14.95,true,1,
7290014760141,false,משקה שקדים טרי 1 ל' תנובה,,IL,משקה שקדים טרי 1 ליט,מיליליטרים,1000.00,"100 מ""ל",false,1,14.90,1.49,true,1,
7290014761056,false,מעדן שוקולד חלב מעולה 123 ג' יולו,מיוצר עי קונדיטוריית,IL,יולו שוקולד חלב,גרמים,123.00,100 גרם,false,1,5.20,4.23,true,1,
7290014761414,false,יולו מעדן שכבות שוקולד חלב ולבן 123 גר,מיוצר עי קונדיטוריית,IL,יולו מעדן שכבות,גרמים,123.00,100 גרם,false,1,5.20,4.23,true,1,
7290014762800,false,מעדן סויה שוקולד גביע 125 ג',תות תעשיות מזון (201,IL,מעדן סויה שוקולד 125,גרמים,125.00,100 גרם,false,1,4.90,3.92,true,1,
7290014762909,false,פתיתי מוצרלה 20% שומן 200 ג' השף הלבן,"תנובה, מחלבת תל יוסף",IL,פתיתי מוצרלה השף הלב,גרמים,220.00,100 גרם,false,1,19.90,9.05,true,1,
7290014763098,false,קרם גבינת שמנת 5% עם פלפל שום ובצל 200 ג' תנובה,תנובה,IL,קרם גבינה שמנת 5% טו,גרמים,200.00,100 גרם,false,1,14.90,7.45,true,1,
7290014763272,false,"יוגורט סויה לשתיה תות ובננה 250 מ""ל",תות תעשיות מזון (201,IL,משקה סויה ביו תות בנ,מיליליטרים,250.00,"100 מ""ל",false,1,6.50,2.60,true,1,
7290014791572,false,"שוויפס מוגז בטעם ענבים 330 מ""ל",יפאורה תבורי בעמ,IL,שוופס מוגז ענבים 330,מיליליטרים,330.00,"100 מ""ל",false,1,6.20,1.88,true,1,
7290014791664,false,שישיה מי עדן אישי פקק רגיל 500 מל,מופק ממקור בזלתי עדן,IL,שישיה מי עדן אישי פק,ליטרים,0.00,ליטר,false,1,11.90,11.90,true,1,
7290014860063,false,מקלוני אורז ללא גלוטן 454 גר,,,מקלוני אורז ללא גלוט,גרמים,454.00,100 גרם,false,1,10.40,2.29,true,1,
7290014860247,false,שבבי אורז מרובעים ללא גלוטן 227 גרם,,,שבבי אורז מרובעים לל,גרמים,227.00,100 גרם,false,1,11.40,5.02,true,1,
7290015009218,false,ניוקי עם ערמונים 300 גרם,סיאמה,IT,ניוקי עם ערמונים 300,גרמים,300.00,100 גרם,false,1,10.90,3.63,true,1,
7290015009324,false,נאצוס סבוריטו ברביקי,אוקי סנקס,DK,נאצ`וס ברביקיו 200 ג,גרמים,200.00,100 גרם,false,1,13.90,6.95,true,1,
7290015009508,false,סירופ מייפל טהור 250 מל,דרק אמבר,US,סירופ מייפל טהור 250,מיליליטרים,250.00,"100 מ""ל",false,1,49.50,19.80,true,1,
7290015009614,false,"רוטב אקסטרא חריף פלפל סקוטש בונט 148 מ""ל",קאמוק,CR,רוטב אקסטרא חריף פלפ,מיליליטרים,148.00,"100 מ""ל",false,1,19.90,13.45,true,1,
7290015129121,false,סקיני פסטה נודלס 270 גרם,הוויזאי וואנגייה פוד,CN,סקיני פסטה נודלס 270,גרמים,270.00,100 גרם,false,1,12.90,4.78,true,1,
7290015129145,false,סקיני פסטה ספגטי 270 גרם,הוויזאי וואנגייה פוד,CN,סקיני פסטה ספגטי 270,גרמים,270.00,100 גרם,false,1,12.90,4.78,true,1,
7290015150088,false,מחית עגבניות גראנד איטליה 700 גרם,שוורצקוף& הנקל דיסלד,IT,מחית עגבניות גראנד א,גרמים,700.00,100 גרם,false,1,12.90,1.84,true,1,
7290015150118,false,עגבניות חתוכות דק בלה איטליה 3*400 ג',אמיליאנה קונסרב ס.פ.,IT,עגבניות חתוכות דק בל,גרמים,1200.00,100 גרם,false,1,18.90,1.58,true,1,
7290015150361,false,תה ירוק נענע סטיביה 25 שקיקים ויסוצקי,HIQ FOOD PRODUCTS,IL,תה ירוק נענע סטיביה,Unknown,0.00,Unknown,false,1,26.90,26.90,true,1,
7290015155823,false,מחית תפוח חטיפטף פרינוק 120 גר,פרוטה פודיווין איי.א,CZ,מחית תפוח חטיפטף פרי,גרמים,120.00,100 גרם,false,1,6.90,5.75,true,1,
7290015155830,false,מחית תפוח בננה חטיפטף פרינוק 120 גר,פרוטה פודיווין,CZ,מחית תפוח בננה חטיפט,גרמים,120.00,100 גרם,false,1,6.90,5.75,true,1,
7290015155847,false,מחית סלט פירות חטיפטף פרינוק 120 גר,פרוטה פודיווין איי.א,CZ,מחית סלט פירות חטיפט,גרמים,120.00,100 גרם,false,1,6.90,5.75,true,1,
7290015161091,false,"פסטה פוזילי ואורז לל""ג נוטרה זן 250 גרם",,IT,פסטה פוזילי ואורז לל,גרמים,250.00,100 גרם,false,1,19.90,7.96,true,1,
7290015164832,false,מחית קארי ירוק 400 גרם SUREE כשר,,,מחית קארי ירוק 400 ג,מיליליטרים,400.00,"100 מ""ל",false,1,21.90,5.48,true,1,
7290015178204,false,ממרח אוליביה - עגבניות מיובשות בשמש עם לימון 180 גרם,,IL,עגבניות מיובשות עם ל,גרמים,180.00,100 גרם,false,1,16.40,9.11,true,1,
7290015282000,false,איקרא אדומה SEVEN SEAS 200 גרם,,IL,איקרה אדומה 200 גרם,גרמים,200.00,100 גרם,false,0,16.70,8.35,true,1,
7290015282024,false,איקרא לבנה SEVEN SEAS 200 גרם,,IL,איקרה לבנה 200 גרם,גרמים,200.00,100 גרם,false,0,16.70,8.35,true,1,
7290015282390,false,סלט תורכי 200 גרם שמיר,"סלטי שמיר 2006 בע""מ",IL,תורכי 200 גר,גרמים,200.00,100 גרם,false,1,13.90,6.95,true,1,
7290015282581,false,חומוס שמיר אבו גוש עם חריף 200 גר',"סלטי שמיר 2006 בע""מ",IL,חומוס אבו גוש עם חרי,גרמים,200.00,100 גרם,false,1,11.60,5.80,true,1,
7290015282598,false,חומוס שמיר מסעדות 200 גר',"סלטי שמיר 2006 בע""מ",IL,חומוס מסעדות 200 גר,גרמים,200.00,100 גרם,false,1,11.60,5.80,true,1,
7290015282604,false,טחינה שמיר מיוחדת גורמה 200ג',"סלטי שמיר 2006 בע""מ",IL,טחינה מיוחדת 200 גר,גרמים,200.00,100 גרם,false,1,11.60,5.80,true,1,
7290015282628,false,חציל שמיר בטעם כבד 200 גר',"סלטי שמיר 2006 בע""מ",IL,חציל בטעם כבד 200 גר,גרמים,200.00,100 גרם,false,1,13.90,6.95,true,1,
7290015282635,false,חומוס שמיר מסבחה 200 גר',"סלטי שמיר 2006 בע""מ",IL,חומוס מסבחה 200 גר,גרמים,200.00,100 גרם,false,1,11.60,5.80,true,1,
7290015282642,false,חומוס שמיר אבו גוש 200 גר',"סלטי שמיר 2006 בע""מ",IL,חומוס אבו גוש 200 גר,גרמים,200.00,100 גרם,false,1,11.60,5.80,true,1,
7290015282666,false,סלט טונה עם ירקות 200 גר,"סלטי שמיר 2006 בע""מ",IL,סלט טונה עם ירקות 20,גרמים,200.00,100 גרם,false,1,19.80,9.90,true,1,
7290015282673,false,חציל שמיר במיונז ביתי 200 גורמה גר',"סלטי שמיר 2006 בע""מ",IL,חציל במיונז ביתי 200,גרמים,200.00,100 גרם,false,1,11.60,5.80,true,1,
7290015282680,false,קישוא בטעם כבד שמיר 200 גר',"סלטי שמיר 2006 בע""מ",IL,קישוא בטעם כבד 200 ג,גרמים,200.00,100 גרם,false,1,13.90,6.95,true,1,
7290015282710,false,קוביות סלק שמיר 200 גר',"סלטי שמיר 2006 בע""מ",IL,קוביות סלק 200 גר,גרמים,200.00,100 גרם,false,1,11.60,5.80,true,1,
7290015282727,false,גזר מרוקאי ברוטב פיקנטי אסלי שמיר 200 ג',"סלטי שמיר 2006 בע""מ",IL,גזר מרוקאי פיקנטי 20,גרמים,200.00,100 גרם,false,1,13.90,6.95,true,1,
7290015282741,false,חציל תאילנדי אסלי שמיר 200 ג',"סלטי שמיר 2006 בע""מ",IL,חציל תאילנדי 200 גר,גרמים,200.00,100 גרם,false,1,13.90,6.95,true,1,
7290015282796,false,"סלט תפו""א שמיר במיונז 200ג'","סלטי שמיר 2006 בע""מ",IL,תפוח אדמה 200 גר,גרמים,200.00,100 גרם,false,1,13.90,6.95,true,1,
7290015354899,false,חרדל דיז'ון מעודן 350 גרם,,FR,חרדל דיזון מעודן 350,גרמים,350.00,100 גרם,false,1,15.60,4.46,true,1,
7290015395045,false,קינואה 400 גרם חתם סופר,אף.סי תבליני בגליל ב,IL,קינואה 400 גרם חתם ס,גרמים,400.00,100 גרם,false,1,14.90,3.73,true,1,
7290015395939,false,חטיף אורז בטעם מתוק מלוח 120 גרם,דין שיווק,IL,חטיף אורז בטעם מתוק,גרמים,150.00,100 גרם,false,1,16.90,11.27,true,1,
7290015437578,false,מוזלי קראנצ'י צימוק תפוח מיובש גרעיני חמנ' 600ג',,,מוזלי קראנצ צימוק תפ,גרמים,600.00,100 גרם,false,1,17.30,2.88,true,1,
7290015603195,false,איטריות בתוספת תרד 454 גרם,,,איטריות בתוספת תרד 4,גרמים,454.00,100 גרם,false,1,11.90,2.62,true,1,
7290015603522,false,נוזל אגוזי קוקוס 5-7% 400 מל,ASIATIC AGRO INDUSTR,TH,נוזל אגוזי קוקוס 5-7,מיליליטרים,400.00,"100 מ""ל",false,1,7.90,1.98,true,1,
7290015603546,false,שימורי קרם קוקוס 17-19% 400 מל ASIATIC,,,שימורי קרם קוקוס 17-,מיליליטרים,400.00,"100 מ""ל",false,1,10.90,2.73,true,1,
7290015603560,false,"שימורי קרם קוקוס 20-22% 400 מ""ל",ASIATIC AGRO INDUSTR,TH,שימורי קרם קוקוס 20-,מיליליטרים,400.00,"100 מ""ל",false,1,10.90,2.73,true,1,
7290015603591,false,גינגר כבוש וורוד 160 גרם,Laiwu Taifeng Foods,CN,גינגר כבוש וורוד 160,גרמים,160.00,100 גרם,false,1,8.90,5.56,true,1,
7290015634120,false,יין עמק האלה אוורד לבן 2015 750 מל,עמק האלה,IL,יין עמק האלה אוורד ל,Unknown,0.00,Unknown,false,1,46.90,46.90,true,1,
7290015634175,false,עמק האלה אוור רד ק.סוביניון 2015 750 מל,,,עמק האלה אוור רד קבר,Unknown,0.00,Unknown,false,1,46.90,46.90,true,1,
7290015634588,false,"יין עמק האלה אדום 750 מ""ל",,IL,יין עמק האלה אדום 75,Unknown,0.00,Unknown,false,1,67.90,67.90,true,1,
7290015634595,false,"יין עמק האלה לבן 750 מ""ל",,IL,יין עמק האלה לבן 750,Unknown,0.00,Unknown,false,1,67.90,67.90,true,1,
7290015652070,false,קשיו קלוי 150 גרם ששון הקולה,דין שיווק,IL,קשיו קלוי 150 גרם שש,גרמים,150.00,100 גרם,false,1,13.90,9.27,true,1,
7290015652087,false,תערובת פיצוחים 150 גרם ששון הקולה,דין שיווק,IL,תערובת פיצוחים 150 ג,גרמים,150.00,100 גרם,false,1,13.90,9.27,true,1,
7290015652261,false,בוטנים קלויים 300 גרם ששון הקולה,,,בוטנים קלויים 300 גר,גרמים,300.00,100 גרם,false,1,10.00,3.33,true,1,
7290015652278,false,תערובת פיצוחים 250 גרם ששון הקולה,,,תערובת פיצוחים 250 ג,גרמים,250.00,100 גרם,false,1,20.00,8.00,true,1,
7290015652285,false,אגוזים קלופים 250 גרם ששון הקולה,,,אגוזים קלופים 250 גר,גרמים,250.00,100 גרם,false,1,20.00,8.00,true,1,
7290015652322,false,בוטנים אמריקאיים מצופים 400 גר ששון הקלה,,,בוטנים אמריקאיים מצו,גרמים,400.00,100 גרם,false,1,10.00,2.50,true,1,
7290015652391,false,"קמח תירס הכנה מהירה ללא גלוטן 1 ק""ג",,,קמח תירס הכנה מהירה,גרמים,1000.00,100 גרם,false,1,14.50,1.45,true,1,
7290015652407,false,פיסטוק קלוי 250 גר דין שיווק,,,פיסטוק קלוי 250 גר ד,גרמים,250.00,100 גרם,false,1,20.00,8.00,true,1,
7290015781008,false,"יין ויז'ן מרלו 750 מ""ל",יקב טפרברג 1870,,יין VISION מרלו 750,Unknown,0.00,Unknown,false,1,42.90,42.90,true,1,
7290015781015,false,"יין ויז'ן מלבק 750 מ""ל",יקב טפרברג 1870,,יין VISION מלבק 750,Unknown,0.00,Unknown,false,1,42.90,42.90,true,1,
7290015781091,false,"יין ויז'ן קברנה סובניון 750 מ""ל",יקב טפרברג 1870,,יין VISION קברנה סוב,Unknown,0.00,Unknown,false,1,42.90,42.90,true,1,
7290015781114,false,"יין אימפרשן מרלו 750 מ""ל",יקב טפרברג 1870,IL,יין IMPRES מרלו 750,Unknown,0.00,Unknown,false,1,49.90,49.90,true,1,
7290015781121,false,"יין קברנה סוביניון יבש אימפרשן 750מ""ל",יקב טפרברג,IL,יין IMPRES קברנה סוב,Unknown,0.00,Unknown,false,1,49.90,49.90,true,1,
7290015781138,false,יין שרדונה אימפריישן,יקב טפרברג 1870,IL,יין IMPRES שרדונה 75,Unknown,0.00,Unknown,false,1,49.90,49.90,true,1,
7290015790000,false,רימון קלוף מארגז כ-,חקלאי,IL,גרעיני רימון,קילוגרמים,0.00,"ק""ג",false,1,17.90,17.90,true,1,
7290015790017,false,פלחי פומלה קלופים,חקלאי,IL,פלחי פומלה 250 גר,קילוגרמים,0.00,"ק""ג",false,1,17.90,17.90,true,1,
7290015858441,false,עללחם ממרח איולי פלפלים 295 גרם,,IL,איולי פלפלים עללחם 2,גרמים,295.00,100 גרם,false,1,17.90,6.07,true,1,
7290015979665,false,חסה עגולה,חקלאי,IL,חסה עגולה,Unknown,0.00,Unknown,false,1,7.90,7.90,true,1,
7290016006292,false,נקטר מנגו בננה מלון קרטונית 1 ל' ספרינג,,,קרטונית נקטר ספרינג,מיליליטרים,1000.00,"100 מ""ל",false,1,7.40,0.74,true,1,
7290016006339,false,רביעיית מי עדן 1 ליטר,מופק ממקור בזלתי עדן,IL,רביעיית מי עדן 1 ליט,מיליליטרים,4000.00,"100 מ""ל",false,1,11.90,0.30,true,1,
7290016006346,false,שישיית שרינק 500 מל שוופס סודה,יפאורה תבורי בעמ,IL,שישיית שוופס סודה 50,מיליליטרים,1500.00,"100 מ""ל",false,1,17.30,1.15,true,1,
7290016028232,false,שיפוד במבוק עבה 30 ס,,CN,שיפוד במבוק עבה 30 ס,Unknown,1.00,Unknown,false,1,2.90,2.90,true,1,
7290016028447,false,נר נשמה 24 שעות,,CN,נר נשמה 24 שעות,Unknown,1.00,Unknown,false,1,2.50,2.50,true,1,
7290016028621,false,שיפוד עץ 18 יפני סמ,,CN,שיפוד עץ 18 יפני סמ,Unknown,1.00,Unknown,false,1,5.90,5.90,true,1,
7290016028683,false,"קיסמים מעוטרים 12 ס""מ 50 יח'",,CN,קיסמים מעוטרים 12 סמ,Unknown,1.00,Unknown,false,1,5.90,5.90,true,1,
7290016028836,false,קש מתקפל צבעוני אר' 150 יח' דנטס,,CN,קשית מתקפלת צבעונית,Unknown,0.00,Unknown,false,1,8.80,8.80,true,1,
7290016077766,false,היינץ שעועית אפויה 453 גרם,הייבורי קנקו,CA,היינץ שעועית אפויה 4,גרמים,453.00,100 גרם,false,1,10.90,2.41,true,1,
7290016150391,false,סלק ואקום 500 גרם,חקלאי,IL,סלק ואקום 500 גרם,Unknown,0.00,Unknown,false,1,7.90,7.90,true,1,
7290016197488,false,מטליות מיקרופייבר למשטחים ניקול 3יח',UFO INC,CN,ניקול מטלית קסם לשיש,Unknown,0.00,Unknown,false,1,14.90,14.90,true,1,
7290016197495,false,ניקול זוג מטליות הקסם מיקרופייבר לרצפה,UFO INC,CN,ניקול מטלית קסם לרצפ,Unknown,0.00,Unknown,false,1,24.90,24.90,true,1,
7290016197877,false,ניקול שקיות לפחי מטבח קטנים 60 יח' M,,,שקית לפחי אשפה קטנים,Unknown,0.00,Unknown,false,1,27.20,27.20,true,1,
7290016217735,false,חציל על האש סלטי שמי,"סלטי שמיר 2006 בע""מ",IL,חציל על אש 200 גר,גרמים,200.00,100 גרם,false,1,11.60,5.80,true,1,
7290016217742,false,חציל על אש בטחינה 200 גר,"סלטי שמיר 2006 בע""מ",IL,חציל על אש בטחינה 20,גרמים,200.00,100 גרם,false,1,11.60,5.80,true,1,
7290016217759,false,חצילים בסגנון מרוקאי,"סלטי שמיר 2006 בע""מ",IL,חציל מרוקאי 200 גר,גרמים,200.00,100 גרם,false,1,13.90,6.95,true,1,
7290016270570,false,מלפפון בייבי,חקלאי,IL,מלפפון בייבי,Unknown,0.00,Unknown,false,1,14.90,14.90,true,1,
7290016277630,false,צנובר 150 גרם ששון - קופסא,,,צנובר 150 גרם ששון -,גרמים,150.00,100 גרם,false,1,31.90,21.27,true,1,
7290016277654,false,פיסטוק קלוף טבעי 150 גרם ששון- קופסא,דין שיווק,IL,פיסטוק קלוף טבעי 150,גרמים,150.00,100 גרם,false,1,46.50,31.00,true,1,
7290016321661,false,מגבונים פרש וואנס סנסיטיב קר רביעייה,עלבד משואות יצחק,IL,מגבונים פרש וואנס סנ,Unknown,0.00,Unknown,false,1,19.90,19.90,true,1,
7290016321678,false,מגבונים פרש וואנס נטורל קר רביעייה,עלבד משואות יצחק,IL,מגבונים פרש וואנס נט,Unknown,0.00,Unknown,false,1,19.90,19.90,true,1,
7290016334616,false,בצל ירוק ארוז,,,בצל ירוק,Unknown,0.00,Unknown,false,1,5.90,5.90,true,1,
7290016372397,false,"תה ויסוצקי ירוק תפוז,ג'ינגר וכורכום 25 יח'",HIQ FOOD PRODUCTS,IL,תה ירוק תפוז גינגר ו,Unknown,0.00,Unknown,false,1,26.90,26.90,true,1,
7290016509786,false,פרסיל - ג'ל כביסה ירוק 2.50 ליטר,,,גל פרסיל ירוק 2.5 ל,ליטרים,0.00,ליטר,false,1,36.90,36.90,true,1,
7290016580310,false,מפיות שולחן מהודרות,,CN,מפיות שולחן מהודרות,Unknown,1.00,Unknown,false,1,4.90,4.90,true,1,
7290016580853,false,כוס נייר קשיחה 8 OZ,,CN,כוס נייר קשיחה 8 OZ,Unknown,0.00,Unknown,false,1,15.90,15.90,true,1,
7290016584011,false,חטיפוני גזר 350 גרם גיזרונים,"מרינה פטריות הגליל בע""מ",IL,חטיפוני גזר 350 גרם,גרמים,350.00,100 גרם,false,1,10.90,3.11,true,1,
7290016682052,false,מיץ לימונענע פריניב 400 מל,פריניב,IL,מיץ לימונענע פריניב,מיליליטרים,400.00,"100 מ""ל",false,1,10.90,2.73,true,1,
7290016682243,false,פריניב אשכולית אדומה סחוט 100% 1 ליטר,פריניב,IL,מיץ אשכולית אדומה 1,מיליליטרים,1000.00,"100 מ""ל",false,1,19.90,1.99,true,1,
7290016682328,false,מיץ תפוזים סחוט פרי ניב 2 ליטר-,,,מיץ תפוזים עשוי מרכז,ליטרים,0.00,ליטר,false,1,25.90,25.90,true,1,
7290016682342,false,מיץ תפוזים וולנסיה פרי ניב 2 ליטר-,פריניב,IL,מיץ תפוז וולנסיה 100,ליטרים,0.00,ליטר,false,1,29.90,29.90,true,1,
7290016682359,false,מיץ תפוזים שמוטי פרי ניב 2 ליטר-,פריניב,IL,מיץ תפוז שמוטי 100%,ליטרים,0.00,ליטר,false,1,29.90,29.90,true,1,
7290017065007,false,פרוסות גבינה מוצרלה חצי קשה 22% שומן 200 ג' גד,מחלבות גד בעמ,IL,פרוסות מוצרלה גד 200,גרמים,200.00,100 גרם,false,1,22.50,11.25,true,1,
7290017065380,false,גרנד פנדו שבבים 100 ג',מחלבת גד,IT,שבבי גרנה פדנו 100 ג,גרמים,100.00,100 גרם,false,1,16.90,16.90,true,1,
7290017065526,false,גבינה קוואטרו פורמאג'י 300 גר',מחלבות גד בעמ,IL,גבינה קוואטרו פורמאג,גרמים,300.00,100 גרם,false,1,32.90,10.97,true,1,
7290017065731,false,גבינת שמנת עם כמהין 30% ניו יורק 200 ג',פ.פ.ח. שאביט,IL,גבינת שמנת עם כמהין,גרמים,200.00,100 גרם,false,1,14.90,7.45,true,1,
7290017065786,false,גבינת צ'דר אנגלית גד 210 ג',מחלבות גד,IL,צדר 210 גרם,גרמים,210.00,100 גרם,false,1,24.50,11.67,true,1,
7290017105079,false,שעועית ברוטב עגבניות 200 גרם יכין,היינץ צפון אמריקה מק,IL,שימורי יכין שעועית א,גרמים,200.00,100 גרם,false,1,4.90,2.45,true,1,
7290017140056,false,קמח חומוס ללא גלוטן 500 גרם,אופק מן הטבע,IL,קמח חומוס 500 גרם,גרמים,500.00,100 גרם,false,1,16.90,3.38,true,1,
7290017142159,false,מארז נתחי טונה בהירה בשמן זית 3*80 ג' עץ הזית,הנסיך- מפעל לייצור ט,TH,שלישיה טונה בשמן זית,גרמים,240.00,100 גרם,false,1,24.90,10.38,true,1,
7290017142234,false,פתיתי טונה בשמן זית טעם מעושן טו גו 85 ג,,TH,פתיתי טונה בשמן זית,גרמים,85.00,100 גרם,false,1,11.40,13.41,true,1,
7290017142364,false,"שמן דלעת לא מזוכך עץ הזית 250 מ""ל",עץ השדה,SI,שמן דלעת לא מזוכך עץ,מיליליטרים,250.00,"100 מ""ל",false,1,43.90,17.56,true,1,
7290017180588,false,ריבת בצל יין אדום וסויה 250 גרם,,IL,ריבת בצל יין אדום וס,גרמים,250.00,100 גרם,false,1,19.90,7.96,true,1,
7290017386102,false,רוטב לפסטה אורגני עם צלפים וזיתים 300 גר,,IT,רוטב לפסטה אורגני,גרמים,300.00,100 גרם,false,1,14.90,4.97,true,1,
7290017386942,false,"קרם קוקוס אורגני 20-22% שומן 400 מ""ל",,VN,קרם קוקוס אורגני 20-,מיליליטרים,400.00,"100 מ""ל",false,1,11.90,2.98,true,1,
7290017457598,false,"מרכך כביסה סוד מרוכז סאמר בלוסום 900 מ""ל",,IL,מרכך כביסה סוד מרוכז,מיליליטרים,900.00,"100 מ""ל",false,1,15.90,1.77,true,1,
7290017457727,false,"סוד - מרכך כביסה מרוכז פרש סקיי 900 מ""ל",הנקל סוד,IL,מרכך כביסה סוד מרוכז,מיליליטרים,900.00,"100 מ""ל",false,1,15.90,1.77,true,1,
7290017457925,false,סוד מרכך כביסה מרוכז פרש קונטרול ורוד,,IL,מרכך כביסה סוד פרש ק,מיליליטרים,900.00,"100 מ""ל",false,1,15.90,1.77,true,1,
7290017477299,false,געלה 200 גרם,,IL,געלה 200 גרם,גרמים,200.00,100 גרם,false,1,11.40,5.70,true,1,
7290017477305,false,זרעי ציה 250 גר שקדי,דין שיווק,IL,זרעי ציה 250 גרם,גרמים,250.00,100 גרם,false,1,10.90,4.36,true,1,
7290017477350,false,תערובת לסלט ירוק 200 גרם,,IL,תערובת לסלט ירוק,גרמים,200.00,100 גרם,false,1,11.40,5.70,true,1,
7290017617046,false,נתחי טונה בשמן זית כתית מעולה רביעיה * 140 ג',,,רביעיית טונה בשמן זי,גרמים,560.00,100 גרם,false,1,29.90,5.34,true,1,
7290017712192,false,פרמיו שימורי מזון מל,לה נורמדי,FR,פרמיו שימורי מזון מל,Unknown,0.00,Unknown,false,1,4.90,4.90,true,1,
7290017712208,false,פרמיו נתחי פילה עוף,סאטורן,DE,פרמיו נתחי פילה עוף,Unknown,0.00,Unknown,false,1,4.90,4.90,true,1,
7290017712239,false,פרמיו פטה עוף לכלב 150ג',סאטורן,DE,פרמיו שימורי מזון מל,Unknown,0.00,Unknown,false,1,5.90,5.90,true,1,
7290017712260,false,פרמיו פטה סלמון לכלב 150ג',סאטורן,DE,פרמיו פטה סלמון לכלב,Unknown,0.00,Unknown,false,1,5.90,5.90,true,1,
7290017712659,false,הוריזן עוף לגור כלבי,סאטורן,DE,הוריזן עוף לגור כלבי,Unknown,1.00,Unknown,false,1,4.90,4.90,true,1,
7290017712772,false,פרמיו בקר וכבד 100ג',,,פרמיו בקר וכבד 100 ג,Unknown,0.00,Unknown,false,1,4.90,4.90,true,1,
7290017791142,false,קרקר כוסמין מלא שקית,פת במלח,IL,קרקר כוסמין מלא שקית,גרמים,225.00,100 גרם,false,1,27.90,12.40,true,1,
7290017791203,false,קרקר כוסמין מלא סלק שקית,פת במלח,IL,קרקר כוסמין מלא סלק,גרמים,225.00,100 גרם,false,1,27.90,12.40,true,1,
7290017812571,false,יין תירוש אדום 100%ה טבעי 1 ליטר,"כד בני דרום בע""מ",IL,יין תירוש אדום 100%,Unknown,0.00,Unknown,false,1,21.90,21.90,true,1,
7290017812830,false,"יין רוזה פרייבט קולקשיין 750 מ""ל","כד בני דרום בע""מ",IL,"יין רוזה 750 מ""ל P.C",Unknown,0.00,Unknown,false,1,42.90,42.90,true,1,
7290017812939,false,"יין דרום רוזה יתיר 750 מ""ל",,IL,יין דרום רוזה יתיר 7,Unknown,0.00,Unknown,false,1,87.90,87.90,true,1,
7290017870700,false,צלחת 7 מרובעת מתכלה מעץ דקל 10 יח',HINDUSTAN ARECA PROD,IN,צלחת 7 קטנה מרובעת,Unknown,1.00,Unknown,false,1,12.90,12.90,true,1,
7290017870724,false,צלחת 10 מרובעת מתכלה מעץ דקל 10 יח',HINDUSTAN ARECA PROD,IN,צלחת 10 ענקית מרובע,Unknown,1.00,Unknown,false,1,15.60,15.60,true,1,
7290017888019,false,"משקה תפוח רימון סלק גינגיר פרות &ווג 350 מ""ל",יפאורה תבורי בעמ,IL,פרוט & ווג תפוח רימו,מיליליטרים,350.00,"100 מ""ל",false,1,8.90,2.54,true,1,
7290017888033,false,"משקה בננה מלון נענע פרות &ווג 350 מ""ל",יפאורה תבורי בעמ,IL,פרוט & וג בננה מלון,מיליליטרים,350.00,"100 מ""ל",false,1,8.90,2.54,true,1,
7290017888347,false,"מי עדן ספורט 0.500 מ""ל",,IL,מי עדן אישי 500 מל,מיליליטרים,500.00,"100 מ""ל",false,1,2.90,0.58,true,1,
7290017888729,false,שוופס סודה בקבוק 1 ל',"יפאורה תבורי בע""מ",IL,שוופס סודה 1 ליטר,מיליליטרים,1000.00,"100 מ""ל",false,1,4.90,0.49,true,1,
7290017888972,false,בקבוק מי עדן פקק ספורט 1 ליטר,מופק ממקור בזלתי עדן,IL,מי עדן פקק ספורט 1 ל,מיליליטרים,1000.00,"100 מ""ל",false,1,4.50,0.45,true,1,
7290017894249,false,"שמן המפ אורגני נטורפוד 250 מ""ל",,IL,שמן המפ אורגני נטורפ,מיליליטרים,250.00,"100 מ""ל",false,1,49.90,19.96,true,1,
7290017894287,false,שקיות אוכל מנייר אקולוגי 50 יח,,IL,שקיות אוכל מנייר אקו,Unknown,0.00,Unknown,false,1,15.90,15.90,true,1,
7290017932231,false,"סירופ מייפל טהור גאלה 250 מ""ל",,,סירופ מייפל טהור גאל,מיליליטרים,250.00,"100 מ""ל",false,1,35.90,14.36,true,1,
7290017946368,false,סוד סבון 4 כדוריות לאסלה אוקיינוס 3*50 ג,,,סבון לאסלה כדוריות א,יחידה,1.00,יחידה,false,1,27.90,27.90,true,1,
7290017973975,false,רצועות קלמרי מיובש ומומלח עם פלפל צילי,,,רצועות קלמרי מיובש ו,גרמים,90.00,100 גרם,false,1,15.40,17.11,true,1,
7290017973982,false,פרוסות דג שיבוט אלבין מיובש עם צילי 100,,,פרוסות דג שיבוט אלבי,גרמים,100.00,100 גרם,false,1,14.60,14.60,true,1,
7290018071250,false,כפפות פלסטיק שחורות איזי טאצ M 100 יח,Z.P.T.P.Co.Ltd,CN,כפפות פלסטיק שחורות,יחידה,1.00,יחידה,false,1,11.00,11.00,true,1,
7290018359334,false,רכז עגבניות טבעי פריכוז שף יכין 580 גרם,,IL,רכז עגבניות טבעי פרי,גרמים,580.00,100 גרם,false,1,10.90,1.88,true,1,
7290018359679,false,שעועית לימה הקיסרית יכין 550 גר,,IL,שעועית לימה הקיסרית,גרמים,550.00,100 גרם,false,1,10.90,1.98,true,1,
7290018359860,false,רסק עגבניות ליקופן טבעי יכין 200 גר*2,,,רסק עגבניות ליקופן ט,גרמים,400.00,100 גרם,false,1,14.90,3.73,true,1,
7290018367322,false,שומשום בטעם רוטב סויה 100 גרם,,TW,שומשום בטעם רוטב סוי,גרמים,100.00,100 גרם,false,1,19.90,19.90,true,1,
7290018380383,false,שיבולת שועל אינסטנט 510 גרם,,US,שיבולת שועל אינסטנט,גרמים,510.00,100 גרם,false,1,11.90,2.33,true,1,
7290018380505,false,"אורז פרסי ארוך 1 ק""ג ""תומר""",,TH,אורז פרסי לבן ארוך 1,גרמים,1000.00,100 גרם,false,1,7.90,0.79,true,1,
7290018394038,false,פיטריות שיטאקי מיובשות חוות תקוע,חקלאי,IL,פיטריות שיטאקי מיובש,Unknown,0.00,Unknown,false,1,10.90,10.90,true,1,
7290018440070,false,תרכיז עגבניות בשפורפרת 28BX בלה איטליה 200 ג',בלה איטליה,IT,תרכיז עגבניות בשפורפ,גרמים,200.00,100 גרם,false,1,9.90,4.95,true,1,
7290018440230,false,צ'אי ורדים 25 שק' ויסוצקי,ויסוצקי,IL,צאי ורדים 25 שקיקים,גרמים,50.00,100 גרם,false,1,22.90,45.80,true,1,
7290018440254,false,צ'אי קרמל מלוח 25 שק' ויסוצקי,ויסוצקי,IL,צאי קרמל מלוח 25 שק,גרמים,50.00,100 גרם,false,1,22.90,45.80,true,1,
7290018440445,false,טונה קאלוו בשמן זית 160 גר,,,טונה קאלוו בשמן זית,גרמים,160.00,100 גרם,false,1,17.90,11.19,true,1,
7290018440513,false,סלט קליפורנייה קאלוו עם טונה 150 גר,,,סלט קליפורנייה קאלוו,גרמים,150.00,100 גרם,false,1,14.90,9.93,true,1,
7290018468319,false,נקניקיה טבעונית בסגנון צוריסוס טירת צבי 400 גרם,טירת צבי,IL,נקניקיה טבעונית בסגנ,גרמים,400.00,100 גרם,false,1,42.90,10.73,true,1,
7290018468401,false,פסטרמה צמחונית בטעם גריל 100 גר טירת צבי,טיב טירת צבי 2000,IL,פסטרמה צמחונית בטעם,גרמים,100.00,100 גרם,false,1,20.90,20.90,true,1,
7290018468425,false,נקניק טבעוני בטעם פקנטי 100 גרם טירת צבי,טיב טירת צבי 2000,IL,נקניק טבעוני בטעם פק,גרמים,100.00,100 גרם,false,1,20.90,20.90,true,1,
7290018468432,false,נקניק טבעוני בטעם מעושן 100 גרם טירת צבי,טיב טירת צבי 2000,IL,נקניק טבעוני בטעם מע,גרמים,100.00,100 גרם,false,1,20.90,20.90,true,1,
7290018471029,false,"שוופס סודה בטעם לימון שישיה * 500 מ""ל",יפאורה תבורי בעמ,IL,שישיית שוופס סודה לי,מיליליטרים,1500.00,"100 מ""ל",false,1,17.30,1.15,true,1,
7290018471128,false,"ספרינג שייק אננס מנגו פסיפלורה זכוכית 330 מ""ל","יפאורה תבורי בע""מ",IL,ספרינג שייק אננס מנג,מיליליטרים,330.00,"100 מ""ל",false,1,8.90,2.70,true,1,
7290018471135,false,"ספרינג שייק בננה תמר תפוז זכוכית 330 מ""ל","יפאורה תבורי בע""מ",IL,ספרינג שייק בננה תמר,מיליליטרים,330.00,"100 מ""ל",false,1,8.90,2.70,true,1,
7290018471142,false,"ספרינג שייק בננה אננס קוקוס פירות יער זכוכית 330 מ""ל","יפאורה תבורי בע""מ",IL,ספרינג שייק בננה אננ,מיליליטרים,330.00,"100 מ""ל",false,1,8.90,2.70,true,1,
7290018471180,false,משקה פרוט& ווג' אננס תפוח גזר 1 ליטר,יפאורה תבורי בעמ,IL,פרוט & ווג אננס תפוח,מיליליטרים,1000.00,"100 מ""ל",false,1,15.90,1.59,true,1,
7290018471197,false,משקה פרוט& ווג' תפוח בננה מלון 1 ליטר,יפאורה תבורי בעמ,IL,פרוט & ווג תפוח בננה,מיליליטרים,1000.00,"100 מ""ל",false,1,15.90,1.59,true,1,
7290018471210,false,קרטונית נקטר ספרינג תפוח סברס 1 ליטר,,,קרטונית נקטר ספרינג,מיליליטרים,1000.00,"100 מ""ל",false,1,7.40,0.74,true,1,
7290018471395,false,משקה פרוט& ווג' תפוח רימון ג'ינג'ר 1 ליטר,יפאורה תבורי בעמ,IL,פרוט & ווג תפוח רימו,מיליליטרים,1000.00,"100 מ""ל",false,1,15.90,1.59,true,1,
7290018471401,false,משקה פרוט& ווג' אננס בננה כורכום 1 ליטר,יפאורה תבורי בעמ,IL,פרוט & ווג אננס בננה,מיליליטרים,1000.00,"100 מ""ל",false,1,15.90,1.59,true,1,
7290018471487,false,תפוזינה נקטר תפוז אננס קרטונית 1 ליטר,"יפאורה תבורי בע""מ",IL,תפוזינה תפוז אננס 1,מיליליטרים,1000.00,"100 מ""ל",false,1,8.00,0.80,true,1,
7290018471630,false,שוופס טוניק מלפפון ליים 1 ליטר,"יפאורה תבורי בע""מ",IL,שוופס טוניק מלפפון ל,מיליליטרים,1000.00,"100 מ""ל",false,1,9.90,0.99,true,1,
7290018471944,false,שוופס מוגז פירות לימונייד 1.5 ליטר פיקדון,"יפאורה תבורי בע""מ",IL,שוופס מוגז לימונייד,ליטרים,0.00,ליטר,false,1,9.30,9.30,true,1,
7290018471951,false,שוופס מוגז פירות אשכולית אדומה 1.5 ליטר פיקדון,"יפאורה תבורי בע""מ",IL,שוופס מוגז אשכולית א,ליטרים,0.00,ליטר,false,1,9.30,9.30,true,1,
7290018516324,false,פאוץ תפוח ושבולת שועל 120 ג' פירונק,,CZ,פאוץ פרינוק תפוח וש.,גרמים,120.00,100 גרם,false,1,6.90,5.75,true,1,
7290018542095,false,נייר אפייה 75 יח,,FR,נייר אפייה 75 יח,Unknown,1.00,Unknown,false,1,11.50,11.50,true,1,
7290018542132,false,צלחת 7.5 אבן שיש לבנ,,CN,צלחת 7.5 אבן שיש לבנ,Unknown,1.00,Unknown,false,1,23.90,23.90,true,1,
7290018542880,false,כפות עץ אר 50 יח,,IN,כפות עץ אר 50 יח,יחידה,1.00,יחידה,false,1,10.90,10.90,true,1,
7290018681749,false,"אורז בסמטי חום אורגני כרם 1 ק""ג",,IN,אורז בסמטי חום אורגנ,גרמים,1000.00,100 גרם,false,1,22.90,2.29,true,1,
7290018681770,false,גרנולה שקדים כרם 444 גרם,,IL,גרנולה שקדים כרם 444,גרמים,444.00,100 גרם,false,1,19.90,4.48,true,1,
7290018681930,false,פריכיות שיבולת שועל כרם 100 גרם,,,פריכיות שיבולת שועל,גרמים,100.00,100 גרם,false,1,7.90,7.90,true,1,
7290018703229,false,חטיף חלבון שוקולד אגוזים פראוד 60 גרם,,,חטיף חלבון שוקולד אג,גרמים,60.00,100 גרם,false,1,13.90,23.17,true,1,
7290018703243,false,חטיף חלבון קרמל קראנצ פראוד 60 גרם,,,חטיף חלבון קרמל קראנ,גרמים,60.00,100 גרם,false,1,13.90,23.17,true,1,
7290018889473,false,עוגה קריסטלית לב מוס גבינה מצופה פררו רושה 170ג' נטלי,נטלי,IL,מוס גבינה מצופה פררו,גרמים,155.00,100 גרם,false,1,22.90,14.77,true,1,
7290018925065,false,מיץ פרימור תפוזים סחוט 2 ליטר-,גניר,IL,מיץ תפוזים סחוט 2 ל,מיליליטרים,2000.00,"100 מ""ל",false,1,28.90,1.45,true,1,
7290018925072,false,משקה קל לימונים ונענע 2 ל פרימור,גניר,IL,משקה קל לימונים ונענ,ליטרים,2.00,ליטר,false,1,28.90,14.45,true,1,
7290018949016,false,"גרופר משקה קל מוגז אורגני תפוחחה 330 מ""",,IL,גרופר משקה קל מוגז א,מיליליטרים,330.00,"100 מ""ל",false,1,9.50,2.88,true,1,
7290018972618,false,"תמר מג'הול 1 ק""ג תומר",,IL,"תמר מגהול תומר 1 ק""ג",גרמים,1000.00,100 גרם,false,1,19.90,1.99,true,1,
7290018975008,false,חטיף אדממה מיקס כרם 80 גרם,,,חטיף אדממה מיקס כרם,גרמים,80.00,100 גרם,false,1,5.90,7.38,true,1,
7290018989081,false,חומוס הבית להכנת חומוס טרי יכין 400 גר,זנלכל,IL,חומוס הבית להכנת חומ,גרמים,410.00,100 גרם,false,1,8.50,2.07,true,1,
7290019054405,false,שניצל מן הצומח וספירולינה 240 גרם,,IL,שניצל מן הצומח וספיר,גרמים,240.00,100 גרם,false,1,33.90,14.13,true,1,
7290019056027,false,שוופס מוגז פירות תפוחים ללא סוכר 1.5 ליטר פיקדון,"יפאורה תבורי בע""מ",IL,שוופס מוגז פירות,ליטרים,0.00,ליטר,false,1,8.80,8.80,true,1,
7290019056034,false,שוופס מוגז פירות אננס ללא סוכר 1.5 ליטר פיקדון,יפאורה תבורי,IL,שוופס מוגז אננס ללא,ליטרים,0.00,ליטר,false,1,8.80,8.80,true,1,
7290019056065,false,שוופס מוגז עדין פירות יער 1.5 ליטר פיקדון,"יפאורה תבורי בע""מ",IL,שוופס מוגז עדין פירו,ליטרים,0.00,ליטר,false,1,9.90,9.90,true,1,
7290019056256,false,שוופס מים בטעמים תפוחים 1.5 ליטר פיקדון,יפאורה תבורי בעמ,IL,שוופס WATER תפוח 1.5,ליטרים,0.00,ליטר,false,1,9.90,9.90,true,1,
7290019056263,false,שוופס מים בטעמים אפרסק 1.5 ליטר פיקדון,יפאורה תבורי בעמ,IL,שוופס WATER אפרסק 1.,ליטרים,0.00,ליטר,false,1,9.90,9.90,true,1,
7290019056294,false,שוופס ג'ינג'ר אייל 1.5 ליטר פיקדון,"יפאורה תבורי בע""מ",IL,שוופס גינגר 1.5 ליטר,ליטרים,0.00,ליטר,false,1,12.70,12.70,true,1,
7290019056300,false,משקה בטעם ביטר לימון 1.5 ל' שוויפס,"יפאורה תבורי בע""מ",IL,שוופס ביטר 1.5 ליטר,ליטרים,0.00,ליטר,false,1,12.70,12.70,true,1,
7290019056317,false,שוופס ראשן 1.5 ליטר פיקדון,"יפאורה תבורי בע""מ",IL,משקה שוופס ראשן 1.5,ליטרים,0.00,ליטר,false,1,12.70,12.70,true,1,
7290019056324,false,שוופס טוניק 1.5 ליטר פיקדון,"יפאורה תבורי בע""מ",IL,שוופס טוניק 1.5 ליטר,ליטרים,0.00,ליטר,false,1,12.70,12.70,true,1,
7290019056331,false,שוופס טוניק ללא סוכר 1.5 ליטר פיקדון,יפאורה תבורי בעמ,IL,שוופס טוניק ללא סוכר,ליטרים,0.00,ליטר,false,1,12.70,12.70,true,1,
7290019056379,false,תפוזינה תפוזים 1.5 ליטר פיקדון,"יפאורה תבורי בע""מ",IL,תפוזינה תפוזים 1.5 ל,ליטרים,0.00,ליטר,false,1,9.50,9.50,true,1,
7290019056386,false,פתוזינה אשכולית 1.5 ליטר פיקדון,"יפאורה תבורי בע""מ",IL,תפוזינה אשכוליות 1.5,ליטרים,0.00,ליטר,false,1,9.50,9.50,true,1,
7290019056478,false,ספרינג טי קר אפרסק 1.5ליטר פיקדון,"יפאורה תבורי בע""מ",IL,משקה ספרינג טי אפרסק,ליטרים,0.00,ליטר,false,1,8.90,8.90,true,1,
7290019056485,false,ספריג תה ירוק לימון לואיזה 1.5 ליטר פיקדון,"יפאורה תבורי בע""מ",IL,משקה ספרינג טי לימון,ליטרים,0.00,ליטר,false,1,8.90,8.90,true,1,
7290019056553,false,שישית מים מינרליים 2ל' עין גדי,עין גדי מים מינרליים,IL,שישיית מים עין גדי 2,ליטרים,0.01,ליטר,false,1,13.80,1380.00,true,1,
7290019056621,false,ספרינג פירות טרופיים 1.5 ליטר פיקדון,"יפאורה תבורי בע""מ",IL,ספרינג 1.5 ליטר פירו,ליטרים,0.00,ליטר,false,1,9.50,9.50,true,1,
7290019056850,false,ספרינג תה אפרסק דיאט 1.5 ליטר פיקדון,"יפאורה תבורי בע""מ",IL,משקה ספרינג טי דיאט,ליטרים,0.00,ליטר,false,1,8.90,8.90,true,1,
7290019056881,false,מי סודה שוויפס 1.5ל',"כד בני דרום בע""מ",IL,שוופס סודה 1.5 ליטר,ליטרים,0.00,ליטר,false,1,4.00,4.00,true,1,
7290019056904,false,שוופס סודה נענע ליים,"כד בני דרום בע""מ",IL,שוופס סודה תפוח 1.5,ליטרים,0.00,ליטר,false,1,3.90,3.90,true,1,
7290019056928,false,שוופס סודה פירות יער 1.5 ליטר,,IL,שוופס סודה פירות יער,ליטרים,0.00,ליטר,false,1,3.90,3.90,true,1,
7290019056942,false,מים עין גדי בקבוק 2,יפאורה,IL,מי עין גדי 2 ל,ליטרים,0.00,ליטר,false,1,3.00,3.00,true,1,
7290019056966,false,מי עדן בקבוק פיקדון 1.5 ליטר,יפאורה,IL,מי עדן 1.5 ליטר,ליטרים,0.00,ליטר,false,1,5.20,5.20,true,1,
7290019056973,false,שישיית מי עדן 1.5 ליטר משפחתי,מופק ממקור בזלתי עדן,IL,שישיית מי עדן 1.5 לי,ליטרים,0.01,ליטר,false,1,14.90,1490.00,true,1,
7290019108016,false,לאבנה טבעונית 20% שקדים 200 גרם,,IL,לאבנה טבעונית 20% שק,גרמים,200.00,100 גרם,false,1,15.90,7.95,true,1,
7290019153078,false,"שוופס ביטר למון לייט, 1.5 ליטר פקדון",,IL,שוופס ביטר למון לייט,ליטרים,0.00,ליטר,false,1,12.70,12.70,true,1,
7290019153313,false,"משקהתפוח חמוציות אוכמניות 350 מ""ל פרות & ווג",יפאורה תבורי בעמ,IL,פרוט & וג תפוח חמוצי,מיליליטרים,350.00,"100 מ""ל",false,1,8.50,2.43,true,1,
7290019168201,false,מזלגות מעוצבים,,,מזלגות מעוצבים,Unknown,0.00,Unknown,false,1,11.90,11.90,true,1,
7290019226109,false,אננס פרוס תומר 565 גרם,,,אננס פרוס תומר 565 ג,גרמים,565.00,100 גרם,false,1,9.50,1.68,true,1,
7290019232377,false,חווית הצ'איתה שחור בטעם וניל והל 25 יח' ויסוצקי,ויסוצקי,IL,צאי וניל והל תה ויסו,יחידה,1.00,יחידה,false,1,22.90,22.90,true,1,
7290019297246,false,שזיפים מיובשים 250 גרם ששון הקולה,,,שזיפים 330 גר,גרמים,330.00,100 גרם,false,1,24.00,7.27,true,1,
7290019297536,false,חמאת בוטנים עם שברי בוטנים 510 גרם,,,חמאת בוטנים עם שברי,גרמים,510.00,100 גרם,false,1,16.40,3.22,true,1,
7290019297543,false,חמאת בוטנים שקדיה 51,,,חמאת בוטנים 510 גרם,גרמים,510.00,100 גרם,false,1,16.40,3.22,true,1,
7290019297642,false,גרעין שחור קלוי ללא מלח ששון הקולה 150 ג',דין שיווק,IL,גרעין שחור קלוי ללא,גרמים,150.00,100 גרם,false,1,5.30,3.53,true,1,
7290067642005,false,"בירה גולדסטאר 10% 330 מ""ל SLOW BREW",טמפו,IL,בירה גולדסטאר 10% 33,מיליליטרים,1980.00,"100 מ""ל",false,1,8.50,0.43,true,1,
7290089617142,false,פטריות אופיאטה מוחמצפוסולסקי דבור 680 ג,,CN,פטריות אופיאטה מוחמ,גרמים,680.00,100 גרם,false,1,17.60,2.59,true,1,
7290089617388,false,פטריות בורוביצקי מוחמצים 680 ג,,CN,פטריות בורוביצקי מוח,גרמים,680.00,100 גרם,false,1,17.60,2.59,true,1,
7290100243671,false,מרכך כביסה מרכך כביסה בדין אקסטרה 1 ל',יוניליוור סנאיי וי ט,TR,בדין אקסטרא כחול 960,מיליליטרים,960.00,"100 מ""ל",false,1,17.90,1.86,true,1,
7290100245231,false,מרק נמס בכוס ועוד ט.עוף שקדי מרק - קנור,יוניליוור ישראל מזון,IL,מרק נמס בכוס ועוד ט.,גרמים,50.00,100 גרם,false,1,8.50,17.00,true,1,
7290100572146,false,כ.סט מקפיאון,,,אבזרי מטבח,Unknown,0.00,Unknown,false,1,24.90,24.90,true,1,
7290100572368,false,אביזרי מטבח,,,אבזרי מטבח,Unknown,0.00,Unknown,false,1,19.90,19.90,true,1,
7290100572702,false,אביזרי מטבח ב-11.00,,,אביזרי מטבח,Unknown,0.00,Unknown,false,1,10.90,10.90,true,1,
7290100573396,false,אביזרי מטבח,,,אביזרי מטבח,Unknown,0.00,Unknown,false,1,9.90,9.90,true,1,
7290100573716,false,אביזרי מטבח,,,אביזרי מטבח,Unknown,0.00,Unknown,false,1,14.90,14.90,true,1,
7290100575086,false,אביזרי מטבח ב-6.99,,,אבזרי מטבח,Unknown,0.00,Unknown,false,1,6.90,6.90,true,1,
7290100658338,false,פלמוליב כלים אוקסי כחול פורמולה חדשה,הנסיך- מפעל לייצור ט,GR,פלמוליב אוקסי פלוס כ,מיליליטרים,750.00,"100 מ""ל",false,1,13.90,1.85,true,1,
7290100680711,false,פירורית זהב אסם זהב 350ג',עינת תעשיות,IL,פירורית זהב 350 גרם,גרמים,350.00,100 גרם,false,1,9.90,2.83,true,1,
7290100680728,false,פירורית רגילה 350 ג' אוסם,מיוצר עי קונדיטוריית,IL,פירורית 350 גרם,גרמים,350.00,100 גרם,false,1,8.90,2.54,true,1,
7290100684764,false,במבה יום הולדת על סרט אסם 25 ג',"אסם השקעות בע""מ",IL,במבה על סרט 25 גרם,גרמים,25.00,100 גרם,false,1,2.90,11.60,true,1,
7290100687109,false,במבה במילוי קרם נוגט 60ג' אסם,"אסם השקעות בע""מ",IL,במבה במילוי נוגת 60,גרמים,60.00,100 גרם,false,1,4.90,8.17,true,1,
7290100700020,false,גריסי פנינה סוגת 500 גר',האי נאם סי או אל.טי.,IL,גריסי פנינה 500 גרם,גרמים,200.00,100 גרם,false,1,6.50,3.25,true,1,
7290100700273,false,קינואה סוגת 500 גרם,האי נאם סי או אל.טי.,IL,קינואה 500 גרם,גרמים,500.00,100 גרם,false,1,15.90,3.18,true,1,
7290100700310,false,"כוסמת 1ק""ג סוגת",,,"כוסמת 1 ק""ג",גרמים,1000.00,100 גרם,false,1,14.90,1.49,true,1,
7290100700396,false,"אורז יסמין קלאסי 1 ק""ג סוגת",האי נאם סי או אל.טי.,IL,אורז יסמין קלאסי 1 ק,גרמים,1000.00,100 גרם,false,1,12.90,1.29,true,1,
7290100700563,false,אורז מיקס קלאסי 1 ק',,IL,"אורז מיקס 1 ק""ג",גרמים,1000.00,100 גרם,false,1,15.90,1.59,true,1,
7290100701126,false,שעועית מש 500 ג' סוגת,סוגת,IL,שעועית מש 500 גר,גרמים,500.00,100 גרם,false,1,13.50,2.70,true,1,
7290100701157,false,"אורז לסושי סוגת 1 ק""ג",,IL,"אורז סושי 1 ק""ג",גרמים,1000.00,100 גרם,false,1,15.50,1.55,true,1,
7290100701300,false,קינואה אדומה 500 גר סוגת,,,קינואה אדומה 500 גר,גרמים,500.00,100 גרם,false,1,15.90,3.18,true,1,
7290100701454,false,גרישה 500 גרם סוגת,"סוגת תעשיות בע""מ",IL,גרישה 500 גר,גרמים,500.00,100 גרם,false,1,5.50,1.10,true,1,
7290100703007,false,עדשים שחורות בלוגה סוגת 500 גר',האי נאם סי או אל.טי.,IL,עדשים שחורות בלוגה 5,גרמים,500.00,100 גרם,false,1,9.90,1.98,true,1,
7290100703847,false,קוביות סוכר לבן סוגת 500 גרם,,,קוביות סוכר לבן סוגת,גרמים,500.00,100 גרם,false,1,11.90,2.38,true,1,
7290100704066,false,עדשים צהובות 500 ג' סוגת,האי נאם סי או אל.טי.,IL,עדשים צהובות 500 גרם,גרמים,500.00,100 גרם,false,1,7.90,1.58,true,1,
7290100704141,false,סודה לשתייה 100 ג' סוגת,א.ל. ייצור ושיווק תב,IL,סודה לשתייה 100 גרם,גרמים,100.00,100 גרם,false,1,2.50,2.50,true,1,
7290100850916,false,דוריטוס חמוץ חריף 70 גרם,"שטראוס פריטו ליי בע""",IL,דוריטוס חמוץ חריף 70,גרמים,70.00,100 גרם,false,1,4.90,7.00,true,1,
7290100850923,false,דוריטוס גריל 70 גרם,שטראוס פריטו ליי בע,IL,דוריטוס גריל 70 גרם,גרמים,70.00,100 גרם,false,1,4.90,7.00,true,1,
7290100850930,false,דוריטוס טבעי 70 גרם,שטראוס פריטו ליי בע,IL,דוריטוס טבעי 70 גרם,גרמים,70.00,100 גרם,false,1,4.90,7.00,true,1,
7290100921401,false,"הוואי - שמפו קרטין מחזק 700 מ""ל",טרופיקל דגיל,,שמפו הוואי קרטין מחז,מיליליטרים,700.00,"100 מ""ל",false,1,12.90,1.84,true,1,
7290100921593,false,מנקה אסלה סוד 4 כדוריות לאסלה לימון נתלה 50 ג',"הנקל סוד בע""מ",IL,סבון אסלה סוד לימון,גרמים,50.00,100 גרם,false,1,10.90,21.80,true,1,
7290100925676,false,קולור קאצ'ר 20 דפים לכביסה,,,קולור קאצר 20 דפים,Unknown,0.00,Unknown,false,1,28.90,28.90,true,1,
7290101500506,false,פטרוזיליה ארוזה,,,פטרוזיליה ארוזה,Unknown,0.00,Unknown,false,1,5.90,5.90,true,1,
7290101500513,false,שמיר ארוז,,,שמיר ארוז,Unknown,0.00,Unknown,false,1,5.90,5.90,true,1,
7290101500520,false,כוסברה ארוזה,,,כוסברה ארוזה,Unknown,0.00,Unknown,false,1,5.90,5.90,true,1,
7290101500537,false,נענע ארוזה,,,נענע ארוזה,Unknown,0.00,Unknown,false,1,4.90,4.90,true,1,
7290101500551,false,סלרי אמריקאי ארוז,חקלאי,IL,סלרי אמריקאי ארוז,Unknown,0.00,Unknown,false,1,5.90,5.90,true,1,
7290101500926,false,תרד ארוז רכות,יושלם,IL,תרד ארוז רכות,Unknown,0.00,Unknown,false,1,12.90,12.90,true,1,
7290101501176,false,פלפל פינקרבל,מ.ע יזמות,IL,פלפל טינקרבל,Unknown,0.00,Unknown,false,1,12.90,12.90,true,1,
7290101501305,false,מלפפון מיני בייבי אורגני ארוז,חקלאי,IL,מלפפוני טעם,Unknown,0.00,Unknown,false,1,14.90,14.90,true,1,
7290101501589,false,גינגר יחידה 200 גרם,יוליניבר,IL,גינגר טבעי,Unknown,0.00,Unknown,false,1,11.90,11.90,true,1,
7290101551027,false,קפסולות קפה אספרסו חזק במיוחד 14 עלית 10 יח',הנסיך- מפעל לייצור ט,IL,קפסולות 14 חזק במיוח,גרמים,50.00,100 גרם,false,1,18.90,37.80,true,1,
7290101551300,false,סילאן טבעי טהור לחיץ יד מרדכי 380 גר,"פוליבה בע""מ",IL,סילאן טבעי לחיץ יד מ,גרמים,700.00,100 גרם,false,1,16.90,2.41,true,1,
7290101551539,false,דנונה פרו 20 ג' חלבון בטעם אפרסק 200 ג',,IL,דנונה פרו 20 גרם חלב,גרמים,200.00,100 גרם,false,1,6.20,3.10,true,1,
7290101952176,false,קבנוס ציידים 200 גרם,,,קבנוס ציידים 200 גרם,גרמים,200.00,100 גרם,false,1,26.90,13.45,true,1,
7290101952497,false,גרגרי חומוס טבעפרוסט 800 כר,,,גרגרי חומוס טבעפרוסט,גרמים,800.00,100 גרם,false,1,19.80,2.48,true,1,
7290101952527,false,לקט בסגנון אסייתי טבעפרוסט 800 גר,,,לקט בסגנון אסייתי טב,גרמים,800.00,100 גרם,false,1,19.80,2.48,true,1,
7290102030330,false,תפוציפס קראנצ מקסיקני 200 גרם,"שטראוס פריטו ליי בע""",IL,תפוציפס קראנצ מקסיקנ,גרמים,200.00,100 גרם,false,1,10.90,5.45,true,1,
7290102032334,false,קפה נמס בטעם וניל 200 ג' עלית,,,קפה נמס וניל 200 גר,גרמים,200.00,100 גרם,false,1,26.90,13.45,true,1,
7290102300822,false,גבינה צ'דר אנגלית כתומה 200 ג',דאולי צ'יסמייקרס,,צדר אנגלית כתומה 200,גרמים,200.00,100 גרם,false,1,25.90,12.95,true,1,
7290102300860,false,שביק גבינת צדר אנגלי,דאוליי צ'יסמייקרס,,צדר אנגלי 200 גרם,גרמים,200.00,100 גרם,false,1,25.90,12.95,true,1,
7290102301881,false,גבינת טרטר עשבי תיבול 150 גר,,,גבינת טרטר עשבי תיבו,גרמים,150.00,100 גרם,false,1,25.90,17.27,true,1,
7290102390427,false,יוגורט ביו עם קציפת תות 3% שומן 150 ג' מולר,טרה,,יוגורט מולר פרופ בטע,גרמים,150.00,100 גרם,false,1,5.90,3.93,true,1,
7290102390465,false,יוגורט ביו עם קציפת אפרסק ופסיפלורה 3% שומן 150 ג' מולר,טרה,,פרופ אפרסק פסיפלורה,מיליליטרים,150.00,"100 מ""ל",false,1,5.90,3.93,true,1,
7290102393039,false,מולר מיקס יוגורט קרמי בתוספת פצפוצי שוקולד 170 ג',טרה,IL,מולר מיקס יוגורט,גרמים,150.00,100 גרם,false,1,6.50,4.33,true,1,
7290102393060,false,מיקס יוגורט גליליות וופל קרם אגוזים 170 ג' מולר,טרה,IL,מולר מיקס יוגורט קרמ,גרמים,150.00,100 גרם,false,1,6.50,4.33,true,1,
7290102393190,false,סימפלי פרוט פירות היער 3% שומן 150 ג' מולר,מילקו תעשיות בעמ,IL,SIMPLY FRUIT מולר בט,מיליליטרים,150.00,"100 מ""ל",false,1,5.60,3.73,true,1,
7290102393299,false,יוגורט עיזים לשתייה 3% שומן 500 ג' צוריאל,מיוצר עי קוד יצרן HG,IL,יוגורט עיזים לשתיה 5,גרמים,500.00,100 גרם,false,1,15.90,3.18,true,1,
7290102393855,false,"משק צוריאל יוגורט עיזים אפרסק 3% 140 מ""ל",מחלבת משק צוריאל,,משק צוריאל יוגורט עי,מיליליטרים,140.00,"100 מ""ל",false,1,7.50,5.36,true,1,
7290102397464,false,יוגורט ביו בתוספת גרעינים אגוזים וחמוציות 170 ג' מולר,טרה,IL,מולר נטורל+ פקאן גרע,גרמים,170.00,100 גרם,false,1,6.50,3.82,true,1,
7290102397600,false,מיקס יוגורט בתוספת שקדים ובוטנים מקורמלים 170 ג' מולר,מילקו תעשייה בעמ,IL,מולר מיקס שקדים ובוט,גרמים,170.00,100 גרם,false,1,6.50,3.82,true,1,
7290102398065,false,חלב 3% וסטהיים בקרטון 2 ל' טרה,טרה,IL,חלב 3% מהדרין 2 ליטר,ליטרים,0.00,ליטר,false,1,12.46,12.46,true,1,
7290102398331,false,חלב מעושר 2% דל לקטוז טרה 1ל',טרה,IL,חלב מועשר דל לקטוז 1,מיליליטרים,1000.00,"100 מ""ל",false,1,8.90,0.89,true,1,
7290102398577,false,"שוקו מועשר בבקבוק פקק 250 מ""ל טרה",מילקו תעשיות בעמ,IL,שוקו מועשר טרה 250 מ,מיליליטרים,250.00,"100 מ""ל",false,1,6.20,2.48,true,1,
7290102399635,false,"מולר פרופ יוגורט ביו עם קציפת קוקוס ואננס 150 מ""ל",טרה,IL,מולר פרופ קוקוס,מיליליטרים,150.00,"100 מ""ל",false,1,5.90,3.93,true,1,
7290102399772,false,מולר ספרדבל ממרח חמאה מליחות עדינה 200 ג,Molkerei Weihensteph,DE,מולר ספרדבל ממרח,גרמים,250.00,100 גרם,false,1,21.50,8.60,true,1,
7290102399789,false,מולר ספרדבל ממרח חמאה ללא מלח 250 גרם,Molkerei Weihensteph,DE,מולר ספרדבל ממרח חמא,גרמים,250.00,100 גרם,false,1,21.50,8.60,true,1,
7290103404758,false,סלט כרוב אדום יום יו,מיוצר עי קונדיטוריית,IL,כרוב אדום 120 גר,גרמים,125.00,100 גרם,false,1,5.80,4.64,true,1,
7290103408206,false,עלי חסה בקופסא 250 גרם ירקות שטראוס,שטראוס בריאות ירקות,IL,עלי חסה שטופים בקופס,גרמים,250.00,100 גרם,false,1,11.90,4.76,true,1,
7290103681623,false,"-יין תבור הר מוסקטו רוזה 750 מ""ל",,IL,יין הר מוסקטו רוזה 7,מיליליטרים,750.00,"100 מ""ל",false,1,37.90,5.05,true,1,
7290103701093,false,טאצ' מטליות מיקרופייבר לרצפה 2 יח',"שניב תעשיות נייר בע""",,מטליות מיקרופייבר לר,Unknown,0.00,Unknown,false,1,15.90,15.90,true,1,
7290103703240,false,טאצ' מטליות לחות לניקוי רצפות,,,טאצ מטליות לחות לריצ,Unknown,0.00,Unknown,false,1,11.90,11.90,true,1,
7290103703899,false,מפיות טאצ' 80 יח' צבעים כהים חד שכבתי,,IL,מפיות טאצ 80 יחידות,Unknown,0.00,Unknown,false,30,6.90,6.90,true,1,
7290103746001,false,ממחטות אף טאצ' מארז 100X5יח',"שניב תעשיות נייר בע""",IL,ממחטות חמישיה טאצ,Unknown,0.00,Unknown,false,10,14.90,14.90,true,1,
7290104061417,false,חומוס טחינה אחלה 400 ג',"שטראוס גרופ בע""מ",IL,חומוס טחינה 400 גר,גרמים,400.00,100 גרם,false,1,13.50,3.38,true,1,
7290104061431,false,חומוס אחלה עם צנובר 400 ג',"שטראוס גרופ בע""מ",IL,חומוס צנובר 400 גר,גרמים,400.00,100 גרם,false,1,13.50,3.38,true,1,
7290104061448,false,חומוס עם חריף 400 ג' אחלה,מיוצר עי קונדיטוריית,IL,חומוס חריף 400 גרם,גרמים,400.00,100 גרם,false,1,13.50,3.38,true,1,
7290104065934,false,עלי רוקט 150 גרם שטראוס,שטראוס בריאות ירקות,IL,עלי רוקט 150גר,גרמים,150.00,100 גרם,false,1,10.90,7.27,true,1,
7290104615214,false,צמחים,,,צמחים,Unknown,0.00,Unknown,false,1,25.00,25.00,true,1,
7290104615252,false,צמחים,,,צמחים,Unknown,0.00,Unknown,false,1,40.00,40.00,true,1,
7290104615276,false,צמחים,,,צמחים,Unknown,0.00,Unknown,false,1,65.00,65.00,true,1,
7290104615283,false,עציצים,,,עציצים,Unknown,0.00,Unknown,false,1,60.00,60.00,true,1,
7290104615337,false,צמחים,,,צמחים,Unknown,0.00,Unknown,false,1,45.00,45.00,true,1,
7290104615498,false,צמחים,,,צמחים,Unknown,0.00,Unknown,false,1,21.00,21.00,true,1,
7290104615641,false,חבילת פרחים,,,חבילת פרחים,Unknown,0.00,Unknown,false,1,34.00,34.00,true,1,
7290104615948,false,צמחים,,,צמחים,Unknown,0.00,Unknown,false,1,55.00,55.00,true,1,
7290104618222,false,צמחים,,,צמחים,Unknown,0.00,Unknown,false,1,70.00,70.00,true,1,
7290104722530,false,תפוצ'יפס שמנת בצל 200 גרם,"שטראוס פריטו ליי בע""",IL,תפוציפס שמנת בצל 200,גרמים,200.00,100 גרם,false,1,10.90,5.45,true,1,
7290104728310,false,"שמנת עמידה לקצפת 38% שומן 250 מ""ל יוטבתה",מחלבת יטבתה,IL,שמנת עמידה לקצפת 38%,מיליליטרים,250.00,"100 מ""ל",false,1,6.47,2.59,true,1,
7290104729003,false,"יד מרדכי - שמן זית כתית מעולה 2 קלאסי 750 מ""ל",מכוורת יד מרדכי שטרא,IL,שמן זית כתית מעולה י,מיליליטרים,750.00,"100 מ""ל",false,1,34.90,4.65,true,1,
7290105360328,false,קפסולות אספרסו חזק למכונות נספרסו 10 יח',הנסיך- מפעל לייצור ט,IL,קפסולות אספרסו חזק ל,Unknown,0.00,Unknown,false,1,18.90,18.90,true,1,
7290105360335,false,קפסולות אספרסו למכונות נספרסו 50 גר,הנסיך- מפעל לייצור ט,IL,קפסולות אספרסו למכונ,גרמים,50.00,100 גרם,false,1,18.90,37.80,true,1,
7290105360755,false,"שמן זית 3 חזק 750 מ""ל יד מרדכי",מכוורת יד מרדכי שטרא,IL,"שמן זית 3 חזק 750 מ""",מיליליטרים,750.00,"100 מ""ל",false,1,37.90,5.05,true,1,
7290105360762,false,"שמן זית 1 עדין 750 מ""ל יד מרדכי",מכוורת יד מרדכי שטרא,IL,שמן זית 1 עדין 750 מ,מיליליטרים,750.00,"100 מ""ל",false,1,37.90,5.05,true,1,
7290105363602,false,כיף כף - מקלות קלאסי 40 גרם,"איי, בי, אינבוו",TR,כיף כף מקלות קלאסי 4,Unknown,0.00,Unknown,false,1,5.50,5.50,true,1,
7290105438546,false,קוקי נייר אפייה פרימיום 40 יח',,,נייר אפי פרימיום קוק,Unknown,0.00,Unknown,false,1,12.10,12.10,true,1,
7290105439499,false,מיונז הולנדי 481 ג' מאסטר שף,רמיה סי.וי,NL,מנה מאסטר שף מיונז 4,גרמים,481.00,100 גרם,false,1,11.90,2.47,true,1,
7290105474063,false,לה קט מוס כבד 155 גר,יו פי אף,FR,לה קט מוס כבד 155 גר,גרמים,155.00,100 גרם,false,1,7.90,5.10,true,1,
7290105691248,false,פריכונים חטיפי טורטיה תירס 60 ג' אוסם,"מיוצר ע""י PT, משווק",IL,חטיפי פריכונים טורטי,גרמים,60.00,100 גרם,false,1,8.50,14.17,true,1,
7290105693952,false,פירורית זהב אסם זהב שומשום 200 ג',מיוצר עי קונדיטוריית,IL,פירורית זהב שומשום 2,גרמים,200.00,100 גרם,false,1,7.50,3.75,true,1,
7290105965738,false,יוגורט לשתיה בטעם תות בננה267 ג' דנונה,מיוצר עי קונדיטוריית,IL,משקה בוקר תות בננה 2,מיליליטרים,267.00,"100 מ""ל",false,1,5.60,2.10,true,1,
7290105966469,false,"חומץ בלסמי יד מרדכי 250מ""ל",אצטייה ג'וזפה קרמוני,IT,חומץ בלסמי יד מרדכי,מיליליטרים,250.00,"100 מ""ל",false,1,16.90,6.76,true,1,
7290105968777,false,פריכיות עם תחתית שוקולד מריר 70 ג' אנרגי,"טחנת האבן תעשיות בע""",IL,פריכיות אנרגי תחתית,גרמים,70.00,100 גרם,false,1,8.90,12.71,true,1,
7290105999054,false,ג'ו - קפסולות קרים אלומיניום תערובת אולטרא,,IL,קפה קרים תערובת אולט,גרמים,55.00,100 גרם,false,1,16.90,30.73,true,1,
7290105999238,false,ג'ו - קפסולות קרים אלומיניום תערובת אקסטרה,,IL,קפה קרים תערובת אקסט,גרמים,55.00,100 גרם,false,1,16.90,30.73,true,1,
7290105999290,false,קפה קרים תערובת קרמל קפסולות 10*5.5 גרם,,IL,קפה קרים תערובת קרמל,גרמים,55.00,100 גרם,false,1,16.90,30.73,true,1,
7290105999306,false,ג'ו - קפסולות קרים אלומיניום תערובת ג'ו,,IL,קפה קרים תערובת גו ק,גרמים,55.00,100 גרם,false,1,16.90,30.73,true,1,
7290106520066,false,רבע לשבע וופל שוקולד 120 גרם,הגביע מוצרי וופלים ב,IL,אצבעות וופל רבע לשבע,גרמים,160.00,100 גרם,false,1,13.50,8.44,true,1,
7290106525399,false,קפסולות 06 ברזיל למכונות נספרסו עלית 10יח',הנסיך- מפעל לייצור ט,IL,קפסולות ברזיל 06 למכ,גרמים,50.00,100 גרם,false,1,18.90,37.80,true,1,
7290106526822,false,פריכיות אורז עם תחתית שוקולד חלב 80 ג' אנרגי,"טחנת האבן תעשיות בע""",IL,פריכיות אנרגי תחתית,גרמים,80.00,100 גרם,false,1,8.90,11.13,true,1,
7290106528567,false,חטיף דוריטוס גריל 185 גרם,הנסיך- מפעל לייצור ט,IL,חטיף דוריטוס גריל 18,גרמים,185.00,100 גרם,false,1,8.90,4.81,true,1,
7290106528628,false,חטיף דוריטוס טבעי 185 גרם,"שטראוס פריטו ליי בע""",IL,Dippas חטיף דוריטוס,גרמים,185.00,100 גרם,false,1,8.90,4.81,true,1,
7290106528949,false,לקט ערוגות 450 גרם ש,שטראוס בריאות ירקות,IL,לקט ערוגות,Unknown,0.00,Unknown,false,1,12.90,12.90,true,1,
7290106571921,false,עוגיות פיטנס עוגיות חמוציות 180 גר',מיוצר עי קונדיטוריית,IL,עוגיות חמוציות 180 ג,גרמים,180.00,100 גרם,false,1,13.90,7.72,true,1,
7290106573642,false,חומוס עם צנובר צבר 400 גר,סלטי צבר,IL,חומוס עם צנובר צבר 4,גרמים,400.00,100 גרם,false,1,14.50,3.63,true,1,
7290106576513,false,סלט חומוס צבר 400 גר,סלטי צבר,IL,חומוס חלק 400 גרם,גרמים,400.00,100 גרם,false,1,11.50,2.88,true,1,
7290106576537,false,חומוס מסעדה צבר 700 גר,סלטי צבר,IL,חומוס מסעדה צבר 700,גרמים,700.00,100 גרם,false,1,14.50,2.07,true,1,
7290106577282,false,טחינה צבר מרובע 400 ג',סלטי צבר,IL,טחינה 400 גרם,גרמים,400.00,100 גרם,false,1,14.90,3.73,true,1,
7290106577541,false,כרוב אדום מרובע 400 ג' צבר,סלטי צבר,IL,סלט כרוב אדום 400 גר,גרמים,400.00,100 גרם,false,1,14.90,3.73,true,1,
7290106577572,false,מטבוחה מרובע 400 ג' צבר,סלטי צבר,IL,סלט מטבוחה 400 גר,גרמים,400.00,100 גרם,false,1,15.20,3.80,true,1,
7290106578692,false,אוסם - במבה ביסלי מיקס 80 גרם,פרו מן יו פתרונות אר,IL,ביסלי במבה גריל מיקס,גרמים,80.00,100 גרם,false,1,4.90,6.13,true,1,
7290106652996,false,כיף כף מקלות קוקוס חלבי 40 גר',,,כיף כף מקלות קוקוס 4,Unknown,0.00,Unknown,false,1,5.50,5.50,true,1,
7290106653689,false,לקט לסלט בסגנון אסייתי,תות תעשיות מזון (201,IL,לקט לסלט אסייתי 350,גרמים,350.00,100 גרם,false,1,12.90,3.69,true,1,
7290106658479,false,וופל טורטית שוקלד מגדים 40ג',"שטראוס גרופ בע""מ",IL,טורטית מגדים 40 גרם,גרמים,40.00,100 גרם,false,1,4.50,11.25,true,1,
7290106667266,false,חטיף דוריטוס חמוץ חריף 185 גרם,הנסיך- מפעל לייצור ט,IL,חטיף דוריטוס חמוץ חר,גרמים,185.00,100 גרם,false,1,8.90,4.81,true,1,
7290106720626,false,ציטוס בטעם גבינה 80 גר,"שטראוס פריטו ליי בע""",IL,ציטוס בטעם גבינה 80,גרמים,80.00,100 גרם,false,1,5.20,6.50,true,1,
7290106723689,false,עלי תרד בייבי שטראוס 200 גרם,שטראוס בריאות ירקות,IL,תרד בייבי 200 גר,גרמים,200.00,100 גרם,false,1,12.90,6.45,true,1,
7290107280570,false,סנו - מקסימה ג'ל כביסה מרוכז לכביסה צבעונית 3 ליטר,מיוצר עי קונדיטוריית,IL,סנו מקסימה גל כביסה,ליטרים,0.00,ליטר,false,1,35.90,35.90,true,1,
7290107280716,false,"סנו ספארק מלח למדיח 2 ק""ג",,,מלח למדיח סנו ספארק,קילוגרמים,0.00,"ק""ג",false,1,15.20,15.20,true,1,
7290107646376,false,מט.לחות לניקוי כללי בניחוח לימון סיף 50י,עלבד משואות יצחק בעמ,IL,מט.לחות לניקוי כללי,Unknown,0.00,Unknown,false,1,15.60,15.60,true,1,
7290107646970,false,איולי שום - ממרח מתובל עם שום,,,ממרח איולי שום תלמה,גרמים,250.00,100 גרם,false,1,9.90,3.96,true,1,
7290107647823,false,"פינוקי בריאות ברנפלקס בד""צ 500 גרם",יוניליוור ישראל מזון,IL,פינוקי בריאות ברנפלק,גרמים,500.00,100 גרם,false,1,25.90,5.18,true,1,
7290107932080,false,חלב מועשר יוטבתה בבקבוק 3% 1 ליטר,מחלבת יטבתה,IL,חלב מועשר יוטבתה בבק,מיליליטרים,1000.00,"100 מ""ל",false,1,7.90,0.79,true,1,
7290107932134,false,חלב מועשר יוטבתה בבקבוק 1% 1 ליטר,מחלבת יטבתה,IL,חלב מועשר יוטבתה בבק,מיליליטרים,1000.00,"100 מ""ל",false,1,7.90,0.79,true,1,
7290107933155,false,הירק של מוטקה סלנובה,שטראוס בריאות ירקות,IL,לקט סלנובה 200 גר,גרמים,200.00,100 גרם,false,1,13.90,6.95,true,1,
7290107936309,false,דנונה יוגורט 7% יווני לבן 130 ג',"שטראוס בריאות בע""מ",IL,דנונה יווני לבן 5.8%,גרמים,120.00,100 גרם,false,1,3.50,2.92,true,1,
7290107937641,false,מסטיק בצנצנת קוביות בזוקה 58 ג',אסקום קונפקשיין,DE,צנצנת קוביות בזוקה 5,Unknown,0.00,Unknown,false,1,11.50,11.50,true,1,
7290107951715,false,צנצנת מסטיק מאסט קוביות בטעם ענבים 58 ג' עלית,אסקום קונפקשיין,IL,מאסט צנצנת קוביות ענ,Unknown,0.00,Unknown,false,1,11.50,11.50,true,1,
7290107954976,false,"משקה יטבתה חלבון פרו קפה 350מ""ל",מחלבת יטבתה,DE,משקה פרו קפה יטבתה 3,מיליליטרים,350.00,"100 מ""ל",false,1,7.20,2.06,true,1,
7290107956642,false,"תרסיס שמן זית יד מרדכי 150 מ""ל",פארייפאבה אגרואינדוס,ES,תרסיס שמן זית יד מרד,מיליליטרים,150.00,"100 מ""ל",false,1,19.90,13.27,true,1,
7290107956925,false,קפסולות 13 אוגנדה למכונת נספרסו עלית 10יח',,IL,קפסולות אוגנדה 13 למ,גרמים,50.00,100 גרם,false,1,18.90,37.80,true,1,
7290107956932,false,קפסולות אספרסו אידונזיה למכונות 50 גר,,,קפסולות אספרסו אידונ,גרמים,50.00,100 גרם,false,1,18.90,37.80,true,1,
7290107957069,false,"צנצנת עלמה בטעם אוכמניות לל""ס 66 גרם","שטראוס גרופ בע""מ",IL,צנצנת עלמה בטעם אוכמ,Unknown,0.00,Unknown,false,1,11.50,11.50,true,1,
7290107957229,false,שוקולד צ'יפס מריר מעולה לאפיה עלית 250 ג',"פוליבה בע""מ",IL,נטיפי שוקולד ציפס מר,גרמים,130.00,100 גרם,false,1,13.90,10.69,true,1,
7290107973038,false,"פלמוליב סבון ידיים אקווריום 300 מ""ל",הנסיך- מפעל לייצור ט,IT,פלמוליב סבון ידיים א,מיליליטרים,300.00,"100 מ""ל",false,1,12.90,4.30,true,1,
7290107973793,false,שימורי עגבניות שלמות 400 ג' מאסטר שף,פראנו אריקו ופיגלי ס,IT,מנה עגבניות שלמות 40,גרמים,400.00,100 גרם,false,1,7.90,1.98,true,1,
7290107974073,false,מנה עלי טורטיה קמח לבן מ.שף 20 סמ 320 גר,הנסיך- מפעל לייצור ט,DE,מנה עלי טורטיה קמח ל,גרמים,320.00,100 גרם,false,1,11.90,3.72,true,1,
7290107974813,false,"אורז יסמין 1 ק""ג מאסטר שף",,,"מנה אורז יסמין 1 ק""ג",גרמים,1000.00,100 גרם,false,1,13.50,1.35,true,1,
7290107974820,false,מנה מאסטר שף ממרח מתובל ספייסי 248 גר,,,מנה מאסטר שף ממרח מת,גרמים,248.00,100 גרם,false,1,10.10,4.07,true,1,
7290107976848,false,רביעיית פלמוליב סבון מוצק קמומיל,,,סבון מוצק פלמוליב קמ,Unknown,0.00,Unknown,false,1,22.50,22.50,true,1,
7290108350128,false,סנו סושי שקיות אשפה חזקות במיוחד 40 יח',מיוצר עי קונדיטוריית,IL,סנו סושי 40 שקיות אש,Unknown,0.00,Unknown,false,1,29.90,29.90,true,1,
7290108350616,false,סנו - מקסימה מרכך כביסה מרוכז פריחה כחולה 1 ליטר,"סנו מפעלי ברונוס בע""",IL,מרכך כביסה מקסימה סו,מיליליטרים,1000.00,"100 מ""ל",false,1,18.90,1.89,true,1,
7290108352061,false,משחת שיניים 145ג 'אורביטול Charcoal Go White,טרופיקל דגיל תעשיות,IL,משחת שיניים אורביטול,גרמים,145.00,100 גרם,false,1,16.90,11.66,true,1,
7290108352207,false,מקסימה קפסולות לכביסה פלורל 40 יחידות,טרופיקל דגיל תעשיות,IL,קפסולות לכביסה סנו מ,יחידה,1.00,יחידה,false,1,47.50,47.50,true,1,
7290108352689,false,סנו סושי כריות קרצוף ללכלוך קשה 9 יח',טרופיקל דגיל תעשיות,US,סקוטש ברייט סנו סושי,Unknown,0.00,Unknown,false,1,12.90,12.90,true,1,
7290108353068,false,ספוג הפלא נירוסטה עם סיבי קירצוף סנו סושי 2 יח',מיוצר עי קונדיטוריית,IL,כרית קרצוף סנו סושי,Unknown,0.00,Unknown,false,1,12.60,12.60,true,1,
7290108353488,false,סנו - סנובון מעוצב בניחוח סחלב פראי,מיוצר עי קונדיטוריית,IL,סבון מוצק סנובון DES,Unknown,0.00,Unknown,false,1,9.50,9.50,true,1,
7290108353990,false,"קרמה - קרם גוף קרמה מאסק 500 מ""ל",טרופיקל דגיל תעשיות,IL,קרם גוף קרמה מאסק 50,מיליליטרים,500.00,"100 מ""ל",false,1,26.90,5.38,true,1,
7290108356199,false,אל סבון כיף בניחוח אפרסק ופלפל שחור 1 ל,טרופיקל דגיל תעשיות,IL,אל סבון כיף בניחוח א,ליטרים,0.00,ליטר,false,1,16.00,16.00,true,1,
7290108356861,false,מגבוני בייבי כיף ללא בישום מארז חמישייה,,,מגבונים בייבי כיף חמ,Unknown,0.00,Unknown,false,1,22.90,22.90,true,1,
7290108357295,false,"סנו - אוקסיג'ן פאוור מרסס להסרת כתמים 750 מ""ל",סנו,IL,סנו אוקסיגן מסיר כתמ,מיליליטרים,750.00,"100 מ""ל",false,1,20.90,2.79,true,1,
7290108357769,false,"מרכך לשיער רגיל תפוח וזרעי צ'יה 700 מ""ל כיף",גוד פוד פרודקטס S.p,IL,מרכך כיף לשיער רגיל,מיליליטרים,700.00,"100 מ""ל",false,1,13.90,1.99,true,1,
7290108357851,false,"כיף - ג'ל רחצה אליקסיר אוילס מועשר בשמן קוקוס 700 מ""ל","קוסמופארם בע""מ",IL,תחליב רחצה כיף ורד ו,מיליליטרים,700.00,"100 מ""ל",false,1,13.90,1.99,true,1,
7290108503814,false,גבינה מותכת למריחה 200 גר,,FI,גבינה מותכת ויאולה,גרמים,200.00,100 גרם,false,1,13.50,6.75,true,1,
7290108503982,false,פרוסות גבינה בטעם צ''דר לכריכים וטוסטים 150 ג',,ES,פרוסות גבינה צדר 150,גרמים,150.00,100 גרם,false,1,13.90,9.27,true,1,
7290108505962,false,שזיפים מיובשים וילי פוד 400 גרם,,US,שזיפים מיובשים וילי,גרמים,400.00,100 גרם,false,1,25.90,6.48,true,1,
7290110110369,false,שישיית בירה קרלסברג LUMA בקבוק 330 מל,מבשלות בירה בינלאומי,IL,שישיית בירה קרלסברג,מיליליטרים,1980.00,"100 מ""ל",false,1,39.90,2.02,true,1,
7290110110659,false,"ספרייט לימון ליים פחית 330מ""ל",החברה המרכזית לייצור,IL,ספרייט סליק חדש 330,מיליליטרים,330.00,"100 מ""ל",false,1,5.90,1.79,true,1,
7290110111557,false,"משקה ספורט איזוטוני בטעם פירות 500 מ""ל פאוורייד",Caslino al Piano pla,IT,פאוור אייד מאונטן בל,מיליליטרים,500.00,"100 מ""ל",false,1,12.90,2.58,true,1,
7290110111564,false,"משקה ספורט איזוטוני בטעם הדרים ליין 500 מ""ל פאוורייד",Caslino al Piano pla,IT,פאוורייד משקה ספורט,מיליליטרים,500.00,"100 מ""ל",false,1,12.90,2.58,true,1,
7290110113261,false,נקטר אושן ספריי 19 קלוריות חמוציות 1 ליטר,,IL,נקטר אושן ספריי חמוצ,מיליליטרים,1000.00,"100 מ""ל",false,1,13.90,1.39,true,1,
7290110113421,false,"בירה קרלסברג LUMA בקבוק 330 מ""ל",מבשלות בירה בינלאומי,IL,בירה קרלסברג LUMA בק,מיליליטרים,330.00,"100 מ""ל",false,1,7.90,2.39,true,1,
7290110113476,false,"שישיית בירה קרלסברג 0.0 בק 330 מ""ל",קרלסברג רומניהיבואן:,RO,שישיית בירה קרלסברג,מיליליטרים,1980.00,"100 מ""ל",false,1,32.90,1.66,true,1,
7290110114855,false,"נביעות מים מינרליים, שישיה 6 * 1.5 ליטר פקדון",נביעות טבע הגליל בעמ,IL,שישיית מים נביעות,ליטרים,0.01,ליטר,false,1,13.90,1390.00,true,1,
7290110114886,false,פריגת סחוט טרי קלמנטינה 2 ליטר,גת,IL,פריגת סחוט טרי קלמנט,ליטרים,0.00,ליטר,false,1,32.90,32.90,true,1,
7290110114909,false,מיץ סחוט תפוח צלול 2 ל' פריגת,היינץ צפון אמריקה מק,IL,פריגת טרי תפוח צלול,ליטרים,0.00,ליטר,false,1,32.90,32.90,true,1,
7290110114954,false,מיץ תפוזים מתקתקים 100% 2 ל' פריגת,,,מיץ תפוזים מתקתק 100,ליטרים,0.00,ליטר,false,1,26.90,26.90,true,1,
7290110114961,false,מיץ בטעם תפוזים 1.5ל' פריגת,מבשלות בירה בינלאומי,IL,פריגת תפוזים 1.5 ליט,ליטרים,0.00,ליטר,false,1,9.90,9.90,true,1,
7290110114985,false,פריגת אשכולית 1.5 ליטר פיקדון,מבשלות בירה בינלאומי,IL,פריגת אשכוליות 1.5 ל,ליטרים,0.00,ליטר,false,1,9.90,9.90,true,1,
7290110115005,false,פריגת ענבים 1.5 ליטר פיקדון,מבשלות בירה בינלאומי,IL,פריגת ענבים 1.5 ליטר,ליטרים,0.00,ליטר,false,1,9.90,9.90,true,1,
7290110115036,false,פריגת מנגו 1.5 ליטר פיקדון,מבשלות בירה בינלאומי,IL,פריגת מנגו 1.5 ליטר,ליטרים,0.00,ליטר,false,1,9.90,9.90,true,1,
7290110115043,false,פריגת לימונענע 1.5 ליטר פיקדון,מבשלות בירה בינלאומי,IL,פריגת לימונענע 1.5 ל,ליטרים,0.00,ליטר,false,1,9.90,9.90,true,1,
7290110115203,false,קוקה קולה 1.5 ליטר פיקדון,,IL,קוקה קולה 1.5 ליטר,ליטרים,0.00,ליטר,false,1,9.20,9.20,true,1,
7290110115227,false,קוקה קולה זירו 1.5 ליטר -,,IL,קוקה קולה 1.5 ליטר,ליטרים,0.00,ליטר,false,1,9.50,9.50,true,1,
7290110115234,false,קוקה קולה זירו נטול 1.5 ליטר -,החברה המרכזית לייצור,IL,קולה ZERO נטול 1.5 ל,ליטרים,0.00,ליטר,false,1,9.50,9.50,true,1,
7290110115289,false,ספרייט 19 קל' לימון-נענע 1.5 ליטר פיקדון,החברה המרכזית לייצור,IL,ספרייט לימון- נענע 1,ליטרים,0.00,ליטר,false,1,9.00,9.00,true,1,
7290110115456,false,תה בטעם אפרסק 19 קלוריות 1.5 ל' FUZE TEA,מבשלות בירה בינלאומי,IL,תה פיוז אפרסק 90 קל,ליטרים,0.00,ליטר,false,1,9.90,9.90,true,1,
7290110115463,false,אייס תה בטעם אפרסק 1.5ל' FUZE TEA,מבשלות בירה בינלאומי,IL,תה פיוז אפרסק 1.5 לי,ליטרים,0.00,ליטר,false,1,9.90,9.90,true,1,
7290110115616,false,אייס תה בטעם גרין אננס 1.5ל' FUZE TEA,מבשלות בירה בינלאומי,IL,פיוז טי זירו גרין אנ,ליטרים,0.00,ליטר,false,1,9.90,9.90,true,1,
7290110115623,false,אייס תה בטעם אפרסק 1.5ל' FUZE TEA,מבשלות בירה בינלאומי,IL,פיוז טי זירו אפרסק 1,ליטרים,0.00,ליטר,false,1,9.90,9.90,true,1,
7290110115777,false,מים נביעות בקבוק 1.5,נביעות,,נביעות 1.5 ליטר,ליטרים,0.00,ליטר,false,1,3.90,3.90,true,1,
7290110115821,false,"ספרייט לימון, 1.5 ליטר פקדון",כלורוקס אוקלנד,IL,ספרייט לימון- ליים 1,ליטרים,0.00,ליטר,false,1,9.00,9.00,true,1,
7290110115852,false,דיאט קוקה קולה 1.5 ליטר -,תות תעשיות מזון (201,IL,קוקה קולה דיאט 1.5 ל,ליטרים,0.00,ליטר,false,1,9.20,9.20,true,1,
7290110115869,false,קוקה קולה זירו 1.5 ליטר פיקדון,תות תעשיות מזון (201,IL,קוקה קולה 1.5 ליטר,ליטרים,0.00,ליטר,false,1,9.50,9.50,true,1,
7290110115876,false,קינלי סודה 1.5ליטר-,"אינסטנטה בע""מ",IL,קינלי סודה 1.5 ליטר,ליטרים,0.00,ליטר,false,1,3.30,3.30,true,1,
7290110115913,false,"משקה ספורט איזוטוני זירו בטעם אננס 500 מ""ל פאוורייד",Caslino al Piano pla,IT,פאוורייד זירו בטעם א,מיליליטרים,500.00,"100 מ""ל",false,1,12.90,2.58,true,1,
7290110115975,false,קוקה קולה זירו בקבוק,החברה המרכזית לייצור,IL,קוקה קולה זירו 1 ליט,מיליליטרים,1000.00,"100 מ""ל",false,1,7.50,0.75,true,1,
7290110116170,false,נביעות+רכיבי פרי אננס-קוקוס 1.5 ליטר-,,,נביעות+ רכיבי פרי אנ,ליטרים,0.00,ליטר,false,1,8.50,8.50,true,1,
7290110116200,false,מים 0 קלוריות בטעם לימון-ליים 0.5 ל נביעות,"נביעות טבע הגליל בע""",IL,נביעות+ סדרת 0 קלורי,מיליליטרים,500.00,"100 מ""ל",false,1,5.90,1.18,true,1,
7290110116224,false,מים 0 קלוריות בטעם אשכולית 0.5 ל נביעות,"נביעות טבע הגליל בע""",IL,נביעות+ סדרת 0 קלורי,מיליליטרים,500.00,"100 מ""ל",false,1,5.90,1.18,true,1,
7290110116385,false,"קולה זירו בטעם אבטיח תות, 330 מ""ל",החברה המרכזית למשקאו,IL,סליק סטפאני זירו 330,מיליליטרים,330.00,"100 מ""ל",false,1,5.90,1.79,true,1,
7290110116484,false,מיץ סחוט תות בננה 1 ל' פריגת,גת,IL,פריגת מיקס תות בננה,מיליליטרים,1000.00,"100 מ""ל",false,1,19.90,1.99,true,1,
7290110116491,false,מיץ סחוט אפרסק משמש 1 ל' פריגת,גת,IL,פריגת מיקס אפרסק משמ,מיליליטרים,1000.00,"100 מ""ל",false,1,19.90,1.99,true,1,
7290110116514,false,"פריגת מיקס תות בננה 400 מ""ל",גת,IL,פריגת מיקס תות בננה,מיליליטרים,400.00,"100 מ""ל",false,1,10.90,2.73,true,1,
7290110116521,false,"פריגת מיקס אפרסק משמש 400 מ""ל",גת,IL,פריגת מיקס אפרסק משמ,מיליליטרים,400.00,"100 מ""ל",false,1,10.90,2.73,true,1,
7290110320683,false,משקה יופלה 360 בטעם תות אריזת שמיניה,מיוצר עי קונדיטוריית,IL,מארז משקה יופלה תות,מיליליטרים,856.00,"100 מ""ל",false,1,21.90,2.56,true,1,
7290110320850,false,פתיתים גבינה 28% שומן 200 ג' עמק,תנובה מרכז שיתופי לש,IL,פתיתי עמק 200 גר,גרמים,200.00,100 גרם,false,1,16.50,8.25,true,1,
7290110320935,false,גבינת מוצרלה תנובה 150ג' פרוסות,תנובה מחלבת תל יוסף,IL,פרוסות מוצרלה 150 גר,גרמים,150.00,100 גרם,false,1,19.50,13.00,true,1,
7290110321031,false,מעדן חלב GO יוגורט מועשר בחלבון טבעי 200 ג' יופלה,"תנובה, מחלבת אלון תב",IL,יופלה 200 מל GO,מיליליטרים,200.00,"100 מ""ל",false,1,6.80,3.40,true,1,
7290110321277,false,קוטג' בקטנה % 5 100 ג' תנובה,פארייפאבה אגרואינדוס,IL,קוטג בקטנה 5% 100 גר,גרמים,100.00,100 גרם,false,1,2.80,2.80,true,1,
7290110321284,false,קוטג' בקטנה 9% 100 ג' תנובה,פארייפאבה אגרואינדוס,IL,קוטג בקטנה 9% 100 גר,גרמים,100.00,100 גרם,false,1,2.80,2.80,true,1,
7290110321604,false,קוביות בולגרית מעודנת 5% 200 גר,תנובה,IL,קוביות בולגרית 5% מע,גרמים,200.00,100 גרם,false,1,24.90,12.45,true,1,
7290110321680,false,יופלה GO טעם תות 200 גרם,מיוצר עי קונדיטוריית,IL,יופלה גו תות חלבון,מיליליטרים,200.00,"100 מ""ל",false,1,6.80,3.40,true,1,
7290110321697,false,יופלה גו בטעם אפרסק,מיוצר עי קונדיטוריית,IL,יופלה אפרסק GO,מיליליטרים,200.00,"100 מ""ל",false,1,6.80,3.40,true,1,
7290110321703,false,יופלה GO פירות יער 200 מל,מיוצר עי קונדיטוריית,IL,יופלה GO פירות יער 2,מיליליטרים,200.00,"100 מ""ל",false,1,6.80,3.40,true,1,
7290110321789,false,גבינה מסקרפונה 38% השף הלבן 250 גר,תנובה,IL,גבינה מסקרפונה 38% ה,גרמים,250.00,100 גרם,false,1,23.90,9.56,true,1,
7290110322014,false,טופו טבעי ALTERNATIVE 300 גרם,שוורצקוף& הנקל דיסלד,IL,טופו טבעי 300 גר,גרמים,300.00,100 גרם,false,1,13.90,4.63,true,1,
7290110322021,false,טופו בזיליקום ALTERNATIVE 300 גרם,סוי מג'ק,IL,טופו בזיליקום 300 גר,גרמים,300.00,100 גרם,false,1,13.90,4.63,true,1,
7290110322038,false,טופו פיקנטי ALTERNATIVE 300 גרם,סוי מג'ק,IL,טופו פיקנטי 300 גר,גרמים,300.00,100 גרם,false,1,13.90,4.63,true,1,
7290110322946,false,יופלה טיוב יוגורט במרקם חלק בטעם תות בננה כשרות רבנות 348 ג',,,יופלה טיוב במרקם חלק,גרמים,348.00,100 גרם,false,1,15.90,4.57,true,1,
7290110323301,false,טל העמק בסגנון אמנטל 32% שומן 200 גרם,תנובה,IL,גבינה טל העמק 32% 20,גרמים,200.00,100 גרם,false,1,21.90,10.95,true,1,
7290110323585,false,יופלה יוגורט עם דובדבן מופחת קלוריות 200 ג' GO,,IL,יוגורט עם דובדבן מופ,מיליליטרים,200.00,"100 מ""ל",false,1,6.80,3.40,true,1,
7290110323592,false,יופלה יוגורט עם אפרסק מופחת קלוריות 200 ג' GO,,IL,יוגורט עם אפרסק מופח,מיליליטרים,200.00,"100 מ""ל",false,1,6.80,3.40,true,1,
7290110323714,false,משקה קוקוס שקדים 1 ל' ALTERNATIVE,מיוצר עי קונדיטוריית,IL,משקה קוקוס שקדים 1 ל,מיליליטרים,1000.00,"100 מ""ל",false,1,14.90,1.49,true,1,
7290110324070,false,גבינת חלומי מחלב בקר 22%שומן 200גר,"תנובה בע""מ",IL,חלומי מחלב בקר 22%,גרמים,200.00,100 גרם,false,1,22.90,11.45,true,1,
7290110324551,false,יופלה טיוב יוגורט במרקם חלק בטעם תות 348 ג',,IL,יופלה טיוב במרקם חלק,גרמים,348.00,100 גרם,false,1,15.90,4.57,true,1,
7290110324711,false,"ממרח סויה בסגנון גבינה טעם טבעי בד""צ",מיוצר עי קונדיטוריית,IL,ממרח סויה טבעי 9% 25,גרמים,250.00,100 גרם,false,1,11.50,4.60,true,1,
7290110324872,false,גלבוע גבינה פרוסה 5%,תנובה,IL,גלבוע 5% 200 גרם,גרמים,200.00,100 גרם,false,1,19.90,9.95,true,1,
7290110324926,false,משקה סויה ללא תוספת סוכר 1 ליטר,"תנובה בע""מ",IL,משקה סויה ללא תוספת,מיליליטרים,1000.00,"100 מ""ל",false,1,13.50,1.35,true,1,
7290110325114,false,משקה יוגורט גו לייט תות בננה 250 מל,מיוצר עי קונדיטוריית,IL,משקה יוגורט גו לייט,מיליליטרים,250.00,"100 מ""ל",false,1,7.20,2.88,true,1,
7290110325121,false,משקה יוגורט יופלה גו לייט מנגו אננס,"תנובה בע""מ",IL,משקה יוגורט גו לייט,מיליליטרים,250.00,"100 מ""ל",false,1,7.20,2.88,true,1,
7290110325305,false,מעדן סויה גו 20 גרם חלבון במתיקות מעודנת,מיוצר עי קונדיטוריית,IL,מעדן סויה גו 200 גרם,גרמים,200.00,100 גרם,false,1,6.50,3.25,true,1,
7290110325312,false,מעדן סויה גו 20 גרם חלבון בטעם תות,"תנובה בע""מ",IL,מעדן סויה גו 20 גר ח,גרמים,200.00,100 גרם,false,1,6.50,3.25,true,1,
7290110325619,false,אלטרנטיב משקה שיבולת שועל 1 ליטר,מיוצר עי קונדיטוריית,IL,משקה שיבולת שועל 1 ל,ליטרים,0.00,ליטר,false,1,15.50,15.50,true,1,
7290110325879,false,פתיתי גאודה 200 ג' תנובה,תנובה,IL,פתיתי גאודה 200 גרם,גרמים,200.00,100 גרם,false,1,21.90,10.95,true,1,
7290110325893,false,תנובה GO אייס קפה 340 מל' 27 גרם חלבון,מיוצר עי קונדיטוריית,IL,"אייס קפה GO 340 מ""ל",גרמים,340.00,100 גרם,false,1,9.50,2.79,true,1,
7290110326173,false,YOLO NUTS מעדן שוקולד בתוספת עוגיות 120 גרם,תנובה,IL,יולו שוקולד לבן קרם,גרמים,120.00,100 גרם,false,1,5.90,4.92,true,1,
7290110326180,false,יולו שוקולד חלב קרם נוגט ועוגיות 120 גר,תנובה,IL,יולו שוקולד חלב קרם,גרמים,120.00,100 גרם,false,1,5.90,4.92,true,1,
7290110326227,false,יוגורט און טופ קורנפלקס 157 ג' יופלה,מיוצר עי קונדיטוריית,IL,יופלה און טופ קורנפל,גרמים,157.00,100 גרם,false,1,6.20,3.95,true,1,
7290110326234,false,יוגורט און טופ כוכבים 157 ג' יופלה,מיוצר עי קונדיטוריית,IL,יופלה און טופ כוכבים,גרמים,157.00,100 גרם,false,1,6.20,3.95,true,1,
7290110326241,false,ייופלה און טופ גרנולה 157 גרם,מיוצר עי קונדיטוריית,IL,יופלה און טופ גרנולה,גרמים,157.00,100 גרם,false,1,6.20,3.95,true,1,
7290110326906,false,חלב טרי נטול לקטוז 3% 1 ליטר,מיוצר עי קונדיטוריית,IL,חלב טרי נטול לקטוז 3,מיליליטרים,1000.00,"100 מ""ל",false,1,8.30,0.83,true,1,
7290110327125,false,גבינה פטה 21% מחלב צאן 200 גרם,תנובה בעמ,IL,גבינה פטה 21% מחלב צ,גרמים,200.00,100 גרם,false,1,26.90,13.45,true,1,
7290110327514,false,משקה שיבולת שועל בטעם אגוזי לוז 1 ל' alternative,תנובה,IL,משקה שיבולת שועל בטע,מיליליטרים,1000.00,"100 מ""ל",false,1,15.50,1.55,true,1,
7290110327637,false,יוגורט דיאט יופלה קיווי 0% שומן 150 ג' יופלה,תנובה בעמ,IL,יופלה דיאט בטעם קיוו,גרמים,150.00,100 גרם,false,1,5.40,3.60,true,1,
7290110328580,false,יוגורט תנובה טבעי 5% גביע 200 גרם,מיוצר עי קונדיטוריית,IL,יוגורט תנובה 5% 200,גרמים,200.00,100 גרם,false,1,3.30,1.65,true,1,
7290110328627,false,יוגורט סמיך 0% בננה קרמל יופלה 200 ג' GO,מיוצר עי קונדיטוריית,IL,יוגורט גו סמיך בננה,מיליליטרים,200.00,"100 מ""ל",false,1,6.80,3.40,true,1,
7290110328764,false,יוגורט סמיך 0% תות יופלה 200 ג' GO,מיוצר עי קונדיטוריית,IL,יוגורט גו סמיך תות,מיליליטרים,200.00,"100 מ""ל",false,1,6.80,3.40,true,1,
7290110328771,false,יוגורט סמיך 0% פירות יער יופלה 200 ג' GO,מיוצר עי קונדיטוריית,IL,יוגורט גו סמיך פירות,מיליליטרים,200.00,"100 מ""ל",false,1,6.80,3.40,true,1,
7290110328788,false,יוגורט סמיך 0% אפרסק יופלה 200 ג' GO,תנובה בעמ,IL,יוגורט גו סמיך אפרסק,מיליליטרים,200.00,"100 מ""ל",false,1,6.80,3.40,true,1,
7290110329136,false,מעדן חלב מעושר בחלבון בטעם שוקולד 120 ג' GO,"תנובה בע""מ",IL,מעדן חלב go בטעם שוק,גרמים,120.00,100 גרם,false,1,5.70,4.75,true,1,
7290110329143,false,מעדן חלב מעושר בחלבון בטעם וניל גביע 120 ג' GO,"תנובה בע""מ",IL,מעדן חלב go בטעם וני,גרמים,120.00,100 גרם,false,1,5.70,4.75,true,1,
7290110329266,false,יוגורט תנובה מחלב עיזים מלא תנובה 140 ג',תנובה,IL,יוגורט תנובה מחלב עי,גרמים,150.00,100 גרם,false,1,7.20,4.80,true,1,
7290110329433,false,טופו טבעי ALTERNATIVE 250 גרם עם רוטב סצ'ואן,תנובה,IL,טופו טבעי 250 גרם עם,ליטרים,0.31,ליטר,false,1,14.90,48.06,true,1,
7290110329686,false,"משקה חלב גו בטעם עוגיות 340 מ""ל",מיוצר עי קונדיטוריית,IL,משקה חלב גו בטעם עוג,מיליליטרים,340.00,"100 מ""ל",false,1,9.50,2.79,true,1,
7290110329709,false,יוגורט תנובה טבעי 0% גביע 200 גרם,מיוצר עי קונדיטוריית,IL,יוגורט תנובה 0% 200,גרמים,200.00,100 גרם,false,1,3.30,1.65,true,1,
7290110329716,false,משקה קפה קר בטעם קפוצ'ינו 230 ג' תנובה,"תנובה בע""מ",IL,משקה קפה קר בטעם קפו,מיליליטרים,230.00,"100 מ""ל",false,1,7.90,3.43,true,1,
7290110329730,false,"משקה חלב עם שוקולד וקפה בסגנון לאטה 2.7%  230 מ""ל תנובה","תנובה בע""מ",IL,משקה חלב עם שוקולד ו,מיליליטרים,230.00,"100 מ""ל",false,1,7.90,3.43,true,1,
7290110329792,false,יוגורט סויה BIO Alternative אפרסק 150 ג' תנובה,מיוצר עי קונדיטוריית,IL,סויה BIO אפרסק גביע,גרמים,150.00,100 גרם,false,1,5.50,3.67,true,1,
7290110329808,false,יוגורט סויה BIO Alternative תות 150 ג' תנובה,מיוצר עי קונדיטוריית,IL,סויה BIO תות גביע 15,גרמים,150.00,100 גרם,false,1,5.50,3.67,true,1,
7290110329815,false,סויה BIO מתיקות מעודנת גביע 150 גרם Alternativ,מיוצר עי קונדיטוריית,IL,מעדן סויה ביו מתיקות,גרמים,150.00,100 גרם,false,1,5.50,3.67,true,1,
7290110329846,false,יוגורט סויה BIO Alternative בטעם טבעי 150 ג' תנובה,"תנובה בע""מ",IL,סויה BIO טבעי גביע A,גרמים,150.00,100 גרם,false,1,5.50,3.67,true,1,
7290110550370,false,פריכיות משולשות קינואה ופלפל 65 גרם,,,משולשות קינואה ופלפל,גרמים,65.00,100 גרם,false,1,12.80,19.69,true,1,
7290110552220,false,יוגורט פרו בטעם תות ללא סוכר 200 ג' דנונה,"שטראוס בריאות בע""מ",IL,דנונה פרו תות 20 ג ח,גרמים,200.00,100 גרם,false,1,6.20,3.10,true,1,
7290110552237,false,יוגורט פרו בטעם אפרסק מנגו ללא סוכר 200 ג' דנונה,"שטראוס בריאות בע""מ",IL,דנונה פרו אפרסק מנגו,גרמים,200.00,100 גרם,false,1,6.20,3.10,true,1,
7290110553029,false,פריכיות חלבון קייל חומוס ומלח 60 ג' שטראוס,"פרח תעשיו מזון בע""מ",IL,פריכיות חלבון קייל ח,גרמים,60.00,100 גרם,false,1,12.80,21.33,true,1,
7290110553098,false,מאגדת חטיפים אנרג'י מיקס צימוקים אגוזים 100X4 גרם,,,אנרגי מיקס צימוקים א,גרמים,100.00,100 גרם,false,1,19.90,19.90,true,1,
7290110553135,false,נסקפה קפוצ'ינו סטיק וניל 130 ג' עלית,,IL,קפוצינו סטיק וניל 13,גרמים,130.00,100 גרם,false,1,18.90,14.54,true,1,
7290110553173,false,אנרג'י - פריכיות בטעם קרמל 40 גרם,סאנורייס בלגיום,IL,אנרגי פריכיות בטעם ק,גרמים,40.00,100 גרם,false,1,7.90,19.75,true,1,
7290110553623,false,ציטוס קראנץ צ'דר חלפיניו 80 גר,"שטראוס פריטו ליי בע""",IL,ציטוס קראנץ צדר חלפי,גרמים,80.00,100 גרם,false,1,4.90,6.13,true,1,
7290110554422,false,פומודורו רוטב עגבניות ופלפלים לשקשוקה 350 גרם,,IT,רוטב עגבניות ופלפלים,גרמים,350.00,100 גרם,false,1,13.90,3.97,true,1,
7290110554712,false,"קפסולות קפה אספרסו קלייה איטית ובהירה, 10 * 50 ג'",,,"קפסולות שת""פ קפה נחת",גרמים,50.00,100 גרם,false,1,19.90,39.80,true,1,
7290110556242,false,עלית - שוקולד מריר פרווה בדץ 100 גרם,"שטראוס גרופ בע""מ.",FR,שוקולד מריר פרווה ח,גרמים,100.00,100 גרם,false,1,6.00,6.00,true,1,
7290110557027,false,חומוס עשיר 50% טחינה גולמית 400 ג' אחלה,מיוצר עי קונדיטוריית,IL,חומוס 50% טחינה 400,גרמים,400.00,100 גרם,false,1,15.60,3.90,true,1,
7290110557102,false,מעדן חלב עם שוקולד מועשר בחלבון 150 ג' שטראוס,מיוצר עי קונדיטוריית,IL,מעדן חלב עם שוקולד,גרמים,150.00,100 גרם,false,1,5.50,3.67,true,1,
7290110557133,false,מעדן הגולן וניל 125 ג' שטראוס,מיוצר עי קונדיטוריית,IL,מעדן הגולן וניל 125,גרמים,125.00,100 גרם,false,1,3.20,2.56,true,1,
7290110558215,false,"דנונה קראנצ`פיסטוק עם פיצפוץ לבן קראנצי פיסטוק, 173 גרם","שטראוס בריאות בע""מ",IL,דנונה בר קראנץ פיסטו,גרמים,180.00,100 גרם,false,1,4.80,2.67,true,1,
7290110558314,false,"פרו 20 יוגורט בטעם פיסטוק 0%, 200 ג דנונה","שטראוס בריאות בע""מ",IL,דנונה פרו פיסטוק 20,גרמים,200.00,100 גרם,false,1,5.90,2.95,true,1,
7290110559755,false,"מאגדת אנרג'י ריל בוטנים,פיסטוק וחמוציות 115 גרם",,,ריל מאגדת בוטנים פיס,גרמים,105.00,100 גרם,false,1,19.90,18.95,true,1,
7290110560317,false,פריכיות משולשות מלח ים 30 ג' הטעימות,"פרח תעשיו מזון בע""מ",IL,פריכיות משולשות אנרג,גרמים,30.00,100 גרם,false,1,5.90,19.67,true,1,
7290110560324,false,פריכיות משולשות אפונה ירוקה 30 ג' הטעימות,"פרח תעשיו מזון בע""מ",IL,פריכיות משולשות אנרג,גרמים,30.00,100 גרם,false,1,5.90,19.67,true,1,
7290110561352,false,דנונה יוגורט ביו פרוביוטי 3% דל לקטוז 150ג',"שטראוס בריאות בע""מ",IL,דנונה דל לקטוז,גרמים,200.00,100 גרם,false,1,3.70,1.85,true,1,
7290110563448,false,"משקה קפה קר בסגנון מעודן 230 מ""ל 1.6% יוטבתה",האי נאם סי או אל.טי.,AT,משקה קפה קר 1.6% מעו,מיליליטרים,230.00,"100 מ""ל",false,1,8.90,3.87,true,1,
7290110563462,false,חלב בבקבוק נטול לקטוז 2% יטבתה 1 ל',מחלבת יטבתה,IL,חלב נטול לקטוז 2% בב,ליטרים,0.00,ליטר,false,1,9.20,9.20,true,1,
7290110564339,false,חומוס אחלה הסידרה המובחר 30% טחינה 400 גר',מיוצר עי קונדיטוריית,IL,חומוס עשיר ב-30% טחי,גרמים,400.00,100 גרם,false,1,15.60,3.90,true,1,
7290110564360,false,חומוס אחלה הסידרה המובחר 40% טחינה 400 גר',מיוצר עי קונדיטוריית,IL,חומוס עשיר ב-40% טחי,גרמים,400.00,100 גרם,false,1,15.60,3.90,true,1,
7290110565527,false,דנונה פרו 1.5% יוגורט 20ג' חלבון 200ג',"שטראוס בריאות בע""מ",IL,דנונה פרו 20 גרם חלב,גרמים,200.00,100 גרם,false,1,6.20,3.10,true,1,
7290110566975,false,דנונה פרו יוגורט 0% תות עשיר בחלבון 200ג',"שטראוס בריאות בע""מ",IL,דנונה פרו תות 20 גרם,גרמים,200.00,100 גרם,false,1,6.20,3.10,true,1,
7290110568276,false,"משקה פרו וניל 350 מ""ל יוטבתה",מילקוורק,IL,משקה פרו וניל יטבתה,מיליליטרים,350.00,"100 מ""ל",false,1,7.20,2.06,true,1,
7290110568627,false,עלית - פסק זמן רול שוקולד חלב עם קרם אגוזים 26 גרם,,TR,פסק זמן רול שוקולד ח,גרמים,28.00,100 גרם,false,1,4.50,16.07,true,1,
7290110571382,false,מעדן חלב בטעם וניל מעושר בחלבון 150 ג' שטראוס,"שטראוס בריאות בע""מ",IL,מעדן חלב בטעם וניל מ,גרמים,150.00,100 גרם,false,1,5.50,3.67,true,1,
7290110572884,false,"קפסולות קפה מספר 20 למכונת אספרס אספרסו, 50 גרם",שטראוס קפה בי.וי.,IL,קפסולות 20 למכונות N,גרמים,50.00,100 גרם,false,1,18.90,37.80,true,1,
7290110574420,false,עלית - פופקורן בטעם פסק זמן 70 גרם,סראנו בעבור שטראוס,קפריסין,פופקורן בטעם פסק זמן,גרמים,70.00,100 גרם,false,1,8.50,12.14,true,1,
7290110576752,false,טבלאות שוקולד ספלנדיד מריר 70% 100 ג' עלית,קימ'ס גריפלנן,BE,ספלנדיד מריר 70% 22,גרמים,100.00,100 גרם,false,1,12.90,12.90,true,1,
7290110576776,false,טבלאות שוקולד ספלנדיד מריר 85% 100 ג' עלית,קימ'ס גריפלנן,BE,ספלנדיד מריר 85% 100,גרמים,100.00,100 גרם,false,1,12.90,12.90,true,1,
7290111098703,false,מארז מסכות פנים 50 יח,,CN,מארז מסכות פנים 50 י,יחידה,1.00,יחידה,false,1,10.90,10.90,true,1,
7290111340185,false,מטליות לחות ניקול לניקוי רצפות בניחוח מרכך 10 יח',,,מטליות לחות לנ.רצפה,Unknown,0.00,Unknown,false,1,14.90,14.90,true,1,
7290111341373,false,נייר טואלט לילי פסטל 30 גלילים,קימברלי,IL,לילי נייר פסטל 30 גל,מטרים,588.00,מטר,false,1,35.90,0.06,true,1,
7290111341984,false,לילי - מגבוני נייר טואלט לח פיור רביעייה,קימברלי,IL,נייר טואלט לילי לח מ,Unknown,0.00,Unknown,false,1,24.00,24.00,true,1,
7290111342004,false,נייר טואלט לח לילי קידס 56 דפים,,IL,נייר טואלט לח לילי ק,Unknown,0.00,Unknown,false,1,9.50,9.50,true,1,
7290111342042,false,כריות יפניות ניקול לניקוי אנטיבקטריאלי 4,סנו,IL,כריות יפניות ניקול ל,Unknown,0.00,Unknown,false,1,14.90,14.90,true,1,
7290111342059,false,מט.לחות ניקול לחיט משטחים אנטיבקטריאלי50,סנו,IL,מט.לחות ניקול לחיט מ,Unknown,0.00,Unknown,false,1,15.90,15.90,true,1,
7290111342523,false,מפיות אירוח לשימוש יומיומי ניקול 100 יח,,IL,מפיות ניקול חד שכבתי,יחידה,1.00,יחידה,false,1,9.40,9.40,true,1,
7290111342738,false,לילי - מגבוני נייר טואלט לח קידס רביעייה,,IL,נייר טואלט לילי לח ק,Unknown,0.00,Unknown,false,1,24.00,24.00,true,1,
7290111343841,false,ניקול ספוגית הקסם נירוסטה 3 יח',UFO,CN,ספוגית הקסם ניקול ני,יחידה,1.00,יחידה,false,1,16.70,16.70,true,1,
7290111343858,false,מטליות לחות ניקול לרצפה אנטיבקטריאלי 10,עלבד,IL,מטליות לחות ניקול לר,Unknown,0.00,Unknown,false,1,15.90,15.90,true,1,
7290111344206,false,האגיס נטורל קר מגבונים לחים בבישום עדין רביעייה,קימברלי,IL,מגבוני האגיס רביעייה,Unknown,0.00,Unknown,false,1,24.90,24.90,true,1,
7290111345814,false,נייר טואלט לילי נטורל קר 30 גלילים מהדורה,קימברלי,IL,לילי נייר טואלט נטור,מטרים,588.00,מטר,false,1,43.90,0.07,true,1,
7290111345821,false,נייר טואלט לילי לבן גמבו 16 גל=32 גל,קימברלי,IL,נייר טואלט לילי לבן,מטרים,588.80,מטר,false,1,39.90,0.07,true,1,
7290111346132,false,מארז שלישייה מגבוני סנסטיב קר ללא בישום *56 יח' האגיס,עלבד,IL,מגבוני האגיס שלישייה,Unknown,0.00,Unknown,false,1,22.90,22.90,true,1,
7290111350665,false,קליית גת דבש לחיץ 350 גרם,חקלאות עין חרוד מאוח,IL,דבש לחיץ קליית גת 35,גרמים,350.00,100 גרם,false,1,25.10,7.17,true,1,
7290111566318,false,שניצל דק מן הצומח בטעם ביתי 700 גרם,טבעול ישראל,IL,שניצל דק טבעול 564 ג,גרמים,564.00,100 גרם,false,1,34.90,6.19,true,1,
7290111568206,false,ביסלי פארטי מיקס 150 ג' אסם,פרו מן יו פתרונות אר,IL,ביסלי פארטי מיקס 150,גרמים,150.00,100 גרם,false,1,9.90,6.60,true,1,
7290111568251,false,אטריות נודלס להקפצה אסם אסייתי 350 גר',תאי פרזידנטפוד,TH,נודלס אטריות להקפצה,גרמים,350.00,100 גרם,false,1,11.90,3.40,true,1,
7290111933561,false,מאסטר שף תערובת ציפוי נגטס 250 גרם,טסט וסנט קו.לטד,TH,מאסטר שף תערובת ציפו,גרמים,250.00,100 גרם,false,1,11.40,4.56,true,1,
7290111938498,false,"מנה אסייאתי רוטב סויה בהירה 700 מ""ל מ.שף",,,מנה אסייאתי רוטב סוי,מיליליטרים,700.00,"100 מ""ל",false,1,17.90,2.56,true,1,
7290112003263,false,"אבקת כביסה קולון לבנדר 1.25 ק""ג",,,אבקת כביסה קולון לבנ,קילוגרמים,0.00,"ק""ג",false,1,16.90,16.90,true,1,
7290112190116,false,וופל הולנדי במילוי קרמל 224 גרם,,,וופל הולנדי במילוי ק,גרמים,224.00,100 גרם,false,1,11.40,5.09,true,1,
7290112197139,false,"סטייל - סבון ידיים אדום 500 מ""ל חדש",,IL,סטייל אל סבון תה אדו,יחידה,1.00,יחידה,false,1,9.90,9.90,true,1,
7290112330352,false,יוגורט פרו 20 ג' וניל 0% שומן 200 ג' דנונה,"שטראוס בריאות בע""מ",IL,דנונה פרו וניל 20 גר,גרמים,200.00,100 גרם,false,1,6.20,3.10,true,1,
7290112330390,false,יוגורט פרו פירות יער 0% שומן 200 ג' דנונה,"שטראוס בריאות בע""מ",IL,דנונה פרו פירות יער,גרמים,200.00,100 גרם,false,1,6.20,3.10,true,1,
7290112330420,false,דנונה פרו לבן 2.9% שומן 150 ג',מיוצר עי קונדיטוריית,IL,דנונה פרו 2.9% לבן 1,גרמים,150.00,100 גרם,false,1,5.30,3.53,true,1,
7290112332585,false,"פריכיות תפו""א, אורז בתיבול סלק ומלח חי 30 גר'","פרח תעשיו מזון בע""מ",IL,"פריכיות תפו""א, אורז,",גרמים,30.00,100 גרם,false,1,5.90,19.67,true,1,
7290112334749,false,קפה טורקי שקית 10% תוספת 200 ג' עלית,שטראוס קפה בי.וי,IL,קפה עלית טורקי 200 ג,גרמים,220.00,100 גרם,false,1,17.90,8.14,true,1,
7290112335500,false,פריכיות הטעימות חלבון אנרגי 135 גר,קדבורי,IL,פריכיות הטעימות חלבו,גרמים,135.00,100 גרם,false,1,12.90,9.56,true,1,
7290112336712,false,דנונה פרו 21 גרם חלבון 0% 200 גר,"שטראוס בריאות בע""מ",IL,דנונה פרו 21 גרם חלב,גרמים,200.00,100 גרם,false,1,6.20,3.10,true,1,
7290112341679,false,דנונה אקטיביה 3% שומן 200 גרם,מיוצר עי קונדיטוריית,IL,יוגורט אקטיביה 3% 2,גרמים,200.00,100 גרם,false,1,4.10,2.05,true,1,
7290112343499,false,ציטוס 55 גרם 48 יחידות puffs,"שטראוס פריטו ליי בע""",IL,ציטוס 55 גרם 48 יחיד,גרמים,55.00,100 גרם,false,1,4.90,8.91,true,1,
7290112348142,false,שעועית לבנה מבושלת טעם הטבע 380 ג',,IT,שעועית לבנה טעם הטבע,גרמים,380.00,100 גרם,false,1,7.50,1.97,true,1,
7290112349736,false,בזיליקום רוטב עגבניות לפסטה 350 ג' יד מרדכי,אמיליאנה קונסרב סוסי,IT,רוטב עגבניות לפסטה ב,גרמים,350.00,100 גרם,false,1,13.90,3.97,true,1,
7290112349750,false,רוטב עגבניות לפסטה פיצה 350 ג' יד מרדכי,יד מרדכי,IT,רוטב עגבניות לפיצה י,גרמים,350.00,100 גרם,false,1,13.90,3.97,true,1,
7290112350312,false,קפסולות 15 קפה יותר למכונות נספרסו עלית 10יח',הנסיך- מפעל לייצור ט,IL,קפסולות 15 למכונות נ,גרמים,50.00,100 גרם,false,1,18.90,37.80,true,1,
7290112351104,false,שוקולד פרה ממולא פיצפוצי אורז 100 ג' עלית,שטראוס,IL,שוקולד פרה חלב פיצפו,גרמים,100.00,100 גרם,false,1,6.50,6.50,true,1,
7290112354228,false,פיצה מרגריטה זיתים דלישס 400 גרם,,IT,פיצה מרגריטה זיתים ד,קילוגרמים,0.28,"ק""ג",false,1,27.90,99.64,true,1,
7290112354945,false,"תפוצ'יפס WAVY ט טבעי, 50 ג'",שטראוס פריטו ליי בע”,IL,תפוציפס טבעי 50 גר W,גרמים,50.00,100 גרם,false,1,4.90,9.80,true,1,
7290112354952,false,תפוצ'יפס WAVY פפריקה 50 גרם,שטראוס פריטו ליי בע”,IL,תפוציפס פפריקה 50 גר,גרמים,50.00,100 גרם,false,1,4.90,9.80,true,1,
7290112354969,false,"תפוציפס WAVY טבעי , 200 גרם",שטראוס פריטו ליי בע”,IL,תפוציפס טבעי 200 גר,גרמים,200.00,100 גרם,false,1,10.90,5.45,true,1,
7290112355812,false,מילקי טופ קורנפלקס 141 ג' שטראוס,"שטראוס גרופ בע""מ",IL,מילקי טופ קורנפלקס 1,גרמים,141.00,100 גרם,false,1,5.30,3.76,true,1,
7290112355867,false,מילקי קצפת טופ פיצפוץ 86 גרם,"שטראוס גרופ בע""מ",IL,מילקי קצפת טופ פיצפו,גרמים,86.00,100 גרם,false,1,4.50,5.23,true,1,
7290112357045,false,עגבניות איטלקיות מרוסקות ט.הטבע קופסה 390 גר',קונסרברס,IT,עגבניות איטלקיות מרו,גרמים,390.00,100 גרם,false,1,7.50,1.92,true,1,
7290112357083,false,אפונת גינה טעם הטבע קופסה 380 גר,,IT,אפונת גינה טעם הטבע,גרמים,380.00,100 גרם,false,1,7.50,1.97,true,1,
7290112357113,false,גרגרי חומוס טעם הטבע קופסה 380 גר,קונסרברס,IT,גרגרי חומוס טעם הטבע,גרמים,380.00,100 גרם,false,1,7.50,1.97,true,1,
7290112358004,false,חטיף פסק זמן קראנץ 32 גרם,שולן צ'יקולטה גידה ס,TR,פסק זמן קראנץ 32 גר,גרמים,45.00,100 גרם,false,1,5.90,13.11,true,1,
7290112358219,false,יד מרדכי רוטב צ'ילי מתוק 300 גרם,אף.סי תבליני בגליל ב,IL,רוטב צילי מתוק יד מר,גרמים,300.00,100 גרם,false,1,14.90,4.97,true,1,
7290112358431,false,ביסקוויט עד חצות דאבל 200 גרם,הדקלאים אגודת שיתופי,IL,ביסקוויט עד חצות דאב,גרמים,180.00,100 גרם,false,1,14.90,8.28,true,1,
7290112490582,false,חרדל דיזון צרפתי 350 ג' הלמנס,,FR,הלמנס חרדל דיזון 350,גרמים,350.00,100 גרם,false,1,16.90,4.83,true,1,
7290112490650,false,קונפיטורה תות שדה 340 גרם-צנצנת,קונפיטורות לה-ארדניי,FR,קונפיטורה תות שדה 34,גרמים,340.00,100 גרם,false,1,18.60,5.47,true,1,
7290112490742,false,מרק עשיר פטריות עם גריסים רכיבים טבעיים 104 ג' קנור,,IL,מרק פטריות עם גריסים,גרמים,104.00,100 גרם,false,1,14.90,14.33,true,1,
7290112491787,false,בייגלה דקים דקים שומשום ב.בייגל 300 גר',,,בייגלה דקים דקים שומ,גרמים,300.00,100 גרם,false,1,13.90,4.63,true,1,
7290112492593,false,תחליב רחצה פינוק בניחוח פינוק קלאסי 700,,IL,תחליב רחצה פינוק בני,מיליליטרים,700.00,"100 מ""ל",false,1,15.90,2.27,true,1,
7290112492999,false,מרק טעם עוף 400 גרם צנצנת קנור,יוניליוור ישראל מזון,IL,מרק טעם עוף 400 גרם,גרמים,400.00,100 גרם,false,1,16.90,4.23,true,1,
7290112493316,false,מרק אפונה רכיבים טבעיים 117 ג' קנור,,IL,מרק היום אפונה 117 ג,גרמים,117.00,100 גרם,false,1,14.90,12.74,true,1,
7290112494276,false,קליק כריות תפזורת 65 גר,יוניליוור ישראל מזון,IL,קליק כריות 65 גר,גרמים,65.00,100 גרם,false,1,6.90,10.62,true,1,
7290112494344,false,קורנפלקס כספי אלופים תלמה850 גר',יוניליוור שפע ישראל,IL,קורנפלקס של אלופים כ,גרמים,850.00,100 גרם,false,1,18.90,2.22,true,1,
7290112494795,false,"ג'ל לכביסה לבנה וצבעונית בניחוח בדין כחול 2.5 ק""ג","זוהר דליה, קיבוץ דלי",IL,גל כביסה בדין בניחוח,קילוגרמים,0.00,"ק""ג",false,1,38.50,38.50,true,1,
7290112495020,false,כריות צוקולדה 686 גרם קופסא,יוניליוור שפע ישראל,IL,כריות צוקולדה 686 ג,גרמים,686.00,100 גרם,false,1,29.90,4.36,true,1,
7290112495105,false,נשנושים בטעם שמנת ובצל 260ג',בייגל את בייגל מזון,IL,נשנושים תפוא בצל 260,גרמים,260.00,100 גרם,false,1,14.90,5.73,true,1,
7290112495433,false,דגני דליפקאן תוספת אגוזי פקאן ושקדים 400 גר,יוניליור שפע ישראל ב,IL,דליפקאן 400 גרם,גרמים,400.00,100 גרם,false,1,23.90,5.98,true,1,
7290112495754,false,"רטבי הלמנס לסלט 300 מ""ל אלף האיים",יוניליוור ישראל מזון,IL,הלמנס לסלט אלף האיים,מיליליטרים,305.00,"100 מ""ל",false,1,15.40,5.05,true,1,
7290112497994,false,גרנולה פרוטאין בתוספת חלבון ואגוזים תלמה 300 ג',,,גרנולה פרוטאין בתוספ,גרמים,300.00,100 גרם,false,1,20.90,6.97,true,1,
7290112965165,false,מרק נמס בטעם פטריות זוג * 24 ג' אסם,,IL,זוג מרק נמס סוף פטרי,גרמים,48.00,100 גרם,false,1,5.90,12.29,true,1,
7290112965943,false,טבעול נאגטס ירקות ירוקים 6*500גרם,טבעול תעשיות מזון בע,IL,טבעול נאגטס ירקות יר,גרמים,500.00,100 גרם,false,1,38.50,7.70,true,1,
7290112967114,false,פיטנס חטיפי פריכיות קטניות ופלפל 60 גרם,"פרח תעשיות מזון בע""מ",IL,פיטנס חטיפי פריכיות,גרמים,60.00,100 גרם,false,1,9.90,16.50,true,1,
7290112968685,false,חומוס גרגרים רכים בטבילה צבר 400 גרם,שוורצקוף& הנקל דיסלד,IL,חומוס גרגרים רכים בח,גרמים,400.00,100 גרם,false,1,16.90,4.23,true,1,
7290112968807,false,פיטנס - קרקר דק סלק 140 גרם,מפעל אסם יקנעם,IL,פיטנס קרקר דק סלק 14,גרמים,140.00,100 גרם,false,1,13.90,9.93,true,1,
7290112968821,false,פיטנס - קרקר דק בטטה 140 גרם,מפעל אסם יקנעם,IL,פיטנס קרקר דק בטטה 1,גרמים,140.00,100 גרם,false,1,13.90,9.93,true,1,
7290113192164,false,אגוזי קשיו קלופים ששון הקולה 150 ג',,IL,אגוזי קשיו קלופים 15,גרמים,150.00,100 גרם,false,1,17.90,11.93,true,1,
7290113192171,false,מיקס אגוזים שקדים וחמוציות 150 גרם,דין שיווק,IL,מיקס אגוזים שקדים וח,גרמים,150.00,100 גרם,false,1,17.90,11.93,true,1,
7290113192300,false,זיתים מושחרים חרוזית 275 גרם בית השיטה,,IL,זיתים מושחרים חרוזית,גרמים,275.00,100 גרם,false,1,12.90,4.69,true,1,
7290113192355,false,חרוזית זיתים ירוקים ללא גלעין 275 ג' בית השיטה,,IL,זית חרוזית ירוק A2 ב,גרמים,275.00,100 גרם,false,1,10.90,3.96,true,1,
7290113192362,false,זיתים ירוקים טבעות A2 בית השיטה 280 גרם,,IL,זיתים ירוקים טבעות A,גרמים,280.00,100 גרם,false,1,13.50,4.82,true,1,
7290113192386,false,זיתים סורי מבוקע A2 בית השיטה 340ג',,IL,זית סורי מבוקע A2 בי,גרמים,666.00,100 גרם,false,1,13.90,2.09,true,1,
7290113192393,false,קוקטייל זיתים A2 בית השיטה 336 גרם,,IL,קוקטייל זיתים A2 בית,גרמים,336.00,100 גרם,false,1,13.90,4.14,true,1,
7290113192485,false,בית השיטה מלפ.חומץ ר.טבע.א2 12-10 290גר',,IL,מלפפונים בחומץ 10-12,גרמים,320.00,100 גרם,false,1,9.50,2.97,true,1,
7290113192492,false,ב.הש.מלפ.חומץ ר.טבע.א2 17-13 12*290ג חדש,,IL,מלפפון בחומץ 17-13 ב,גרמים,290.00,100 גרם,false,1,12.90,4.45,true,1,
7290113192508,false,מלפפון במלח 17-13 בית השיטה 320 גרם,,IL,מלפפון במלח 17-13 בי,גרמים,320.00,100 גרם,false,1,12.90,4.03,true,1,
7290113192515,false,מלפפון במלח 18-25 320 גרם בית השיטה,,IL,מלפפון במלח 18-25 32,גרמים,320.00,100 גרם,false,1,13.90,4.34,true,1,
7290113192522,false,מלפפון בחומץ א2 25-18 290ג' בית השיטה,,IL,מלפפון בחומץ 18-25 2,גרמים,290.00,100 גרם,false,1,13.90,4.79,true,1,
7290113192539,false,מלפפון במלח 7-9 בית השיטה 320 גר,,IL,מלפפון במלח 7-9 בית,גרמים,320.00,100 גרם,false,1,7.90,2.47,true,1,
7290113192553,false,מלפפונים במלח באלדי 13-17 בית השיטה 320ג,,IL,מלפפונים במלח באלדי,גרמים,320.00,100 גרם,false,1,11.90,3.72,true,1,
7290113192577,false,כרוב כבוש A2 בית השיטה 430 גרם,,IL,כרוב כבוש A2 בית השי,גרמים,430.00,100 גרם,false,1,9.90,2.30,true,1,
7290113192881,false,טורטיה חיטה מופחתת קלוריות 270 גרם,דין שיווק,TR,טורטיה חיטה מופחתת ק,גרמים,270.00,100 גרם,false,1,11.90,4.41,true,1,
7290113193321,false,"שמן זית כתית מעולה בית השיטה 750 מ""ל",,IL,בית השיטה שמן זית כת,מיליליטרים,750.00,"100 מ""ל",false,1,34.90,4.65,true,1,
7290113195196,false,"רסק תפוחי עץ ללת""ס 710 גרם",,PL,"רסק תפוחי עץ ללת""ס 7",גרמים,710.00,100 גרם,false,1,12.50,1.76,true,1,
7290113196896,false,תרסיס שמן זית 170 ג' שקדיה,,TR,"תרסיס שמן זית 170 מ""",מיליליטרים,170.00,"100 מ""ל",false,1,12.90,7.59,true,1,
7290113199767,false,ממרח שקדים 300 גרם השקדיה,,,ממרח שקדים 100% 300,גרמים,300.00,100 גרם,false,1,28.90,9.63,true,1,
7290114310215,false,"שמנת מתוקה 38% שומן 250 מ""ל טרה",מילקו תעשיות בעמ,IL,שמנת מתוקה 38% 250 מ,גרמים,250.00,100 גרם,false,1,6.47,2.59,true,1,
7290114311038,false,"שמנת מתוקה 32% 250 מ""ל בבקבוק טרה",,,שמנת מתוקה 32% 250 מ,מיליליטרים,250.00,"100 מ""ל",false,1,7.20,2.88,true,1,
7290114311298,false,יוגורט מולר פרופ בטעם תות בננה מלון 150,,IL,יוגורט מולר פרופ בטע,גרמים,150.00,100 גרם,false,1,5.90,3.93,true,1,
7290114311304,false,יוגורט קציפת מנגו פסיפלורה בננה 150 ג' מולר,,IL,יוגורט מולר פרופ בטע,גרמים,150.00,100 גרם,false,1,5.90,3.93,true,1,
7290114311502,false,"משקה חלב בקבוק בטעם סחלב, 1 ליטר",מילקו תעשיות בעמ,IL,משקה חלב בטעם סחלב ט,מיליליטרים,1000.00,"100 מ""ל",false,1,13.90,1.39,true,1,
7290114600941,false,מיונז מאסטר שף מיונז לחיץ 435 ג',רמיה סי.וי,NL,מיונז לחיץ מאסטר שף,גרמים,435.00,100 גרם,false,1,14.60,3.36,true,1,
7290114606547,false,מיונז פטריות כמהין לחיץ מאסטר שף 242 גרם,Remia,NL,מיונז פטריות כמהין ל,גרמים,242.00,100 גרם,false,1,14.60,6.03,true,1,
7290114606578,false,שקדי מרק מאסטר שף 400 גרם,,IL,שקדי מרק מאסטר שף 40,גרמים,400.00,100 גרם,false,1,10.00,2.50,true,1,
7290114608060,false,ליידי ספיד סטיק מארז זוג סטיק אלוורה,,,ליידי ספיד סטיק מארז,מיליליטרים,90.00,"100 מ""ל",false,1,23.90,26.56,true,1,
7290114608640,false,קרוטונים לסלט כוסמין מאסטר שף 260 גרם,,IL,קרוטונים לסלט כוסמין,גרמים,260.00,100 גרם,false,1,22.90,8.81,true,1,
7290114659949,false,מסכה לפנים חד-פעמי 50 יחי,,,מסכה לפנים חד פעמי 5,יחידה,1.00,יחידה,false,1,10.90,10.90,true,1,
7290114821469,false,כבד דג שיבוט מעושן במיץ טבעי 120 גרם,,,כבד דג שיבוט מעושן ב,גרמים,120.00,100 גרם,false,1,16.70,13.92,true,1,
7290115073676,false,מסכה לפנים חד פעמי 50 יח צבעוניות,מ.פאנג,CN,מסכה לפנים חד פעמי 5,יחידה,1.00,יחידה,false,1,10.90,10.90,true,1,
7290115073683,false,מסכה לפנים חד פעמי מארז 10 יח צבעוניות,,,מסכה לפנים חד פעמי מ,יחידה,1.00,יחידה,false,1,4.90,4.90,true,1,
7290115180251,false,יחידות טבק לחימום אמבר PP קרטוש,פיליפ מוריס,,יחידות טבק לחימום אמ,Unknown,0.00,Unknown,false,1,26.50,26.50,true,1,
7290115190038,false,סיגריות מרלבורו רד קצר סופט,פיליפ מוריס,,מרלבורו רד קצר סופט,Unknown,0.00,Unknown,false,1,33.90,33.90,true,1,
7290115190090,false,סיגריות מרלבורו גולד קצר בוקס,פיליפ מוריס,,מרלבורו גולד קצר,Unknown,0.00,Unknown,false,1,35.90,35.90,true,1,
7290115190137,false,מלבורו פיין טאצ 7.1 חפיסה,פיליפ מוריס,,מלבורו פיין טאצ 7.1,יחידה,1.00,יחידה,false,1,31.90,31.90,true,1,
7290115190151,false,מלבורו גולד טאצ 7.1 חפיסה,פיליפ מוריס,,מלבורו גולד טאצ 7.1,יחידה,1.00,יחידה,false,1,31.90,31.90,true,1,
7290115190175,false,פרלמנט סופר סלימס קופסא,פיליפ מוריס,,פרלמנט סופר סלימס חפ,Unknown,0.00,Unknown,false,1,41.00,41.00,true,1,
7290115190199,false,סיגריות פרלמנט (חפיס,פיליפ מוריס,,פרלמנט ארוך RCB חפיס,Unknown,0.00,Unknown,false,1,41.00,41.00,true,1,
7290115190236,false,סיגריות פרלמנט קצר בלו,פיליפ מוריס,,פרלמנט קצר בלו חפיסה,Unknown,0.00,Unknown,false,1,41.00,41.00,true,1,
7290115190250,false,סיגריות פרלמנט נייטP,פיליפ מוריס,,פרלמנט נייט PP חפיסה,Unknown,0.00,Unknown,false,1,41.00,41.00,true,1,
7290115190274,false,סיגריות פרלמנט סילבר,פיליפ מוריס,,פרלמנט סילבר חפיסה,Unknown,0.00,Unknown,false,1,41.00,41.00,true,1,
7290115190359,false,L&M בלו לייבל קצר-חפיסה,פיליפ מוריס,,L&M בלו לייבל קצר-חפ,Unknown,0.00,Unknown,false,1,31.90,31.90,true,1,
7290115190519,false,סיגריות נקסט פיין חפ,פיליפ מוריס,,נקסט חפיסה,Unknown,0.00,Unknown,false,1,29.90,29.90,true,1,
7290115190571,false,סיגריות נקסט לילךPP,פיליפ מוריס,,נקסט לילך PP חפיסה,Unknown,0.00,Unknown,false,1,29.90,29.90,true,1,
7290115190595,false,סיגריות נקסט אוריגינ,פיליפ מוריס,,נקסט FF חפיסה,Unknown,0.00,Unknown,false,1,29.90,29.90,true,1,
7290115190977,false,מרלבורו טאצ' אדום קופסא,פיליפ מוריס,TR,מלבורו טאצ אדום חפי,יחידה,1.00,יחידה,false,1,28.90,28.90,true,1,
7290115201680,false,ביסלי ברביקיו 70 גרם,"אסם השקעות בע""מ",IL,ביסלי ברביקיו 70 גרם,גרמים,70.00,100 גרם,false,1,4.70,6.71,true,1,
7290115203134,false,פופקו פופקורן במבה 80 ג' אסם,"אסם השקעות בע""מ",IL,פופקו פופקורן במבה 8,גרמים,80.00,100 גרם,false,1,5.50,6.88,true,1,
7290115203172,false,במבה אסם 80 גרם PRO,"אסם השקעות בע""מ",IL,במבה פרו 80 גרם,גרמים,80.00,100 גרם,false,1,4.90,6.13,true,1,
7290115204018,false,מנה חמה איטלקי פסטה בסגנון אלפרדו 60 ג' אסם,אסם,IL,מנה חמה איטלקי פסטה,גרמים,60.00,100 גרם,false,1,8.80,14.67,true,1,
7290115205176,false,פיטנס - קרקר דק כפרי פיטנס 140 גרם,אסם יקנעם,IL,פיטנס קרקר כפרי 140,גרמים,140.00,100 גרם,false,1,13.90,9.93,true,1,
7290115205312,false,פיטנס - קרקר דק זיתי קלמטה 140 גרם,"אסם השקעות בע""מ",IL,פיטנס קרקר זיתים 140,גרמים,140.00,100 גרם,false,1,13.90,9.93,true,1,
7290115205527,false,חטיף פיטנס מולטיגריין עם עדשים 25 גרם,פיטנס,IL,פיטנס חטיף מולטגריין,גרמים,25.00,100 גרם,false,1,5.50,22.00,true,1,
7290115207484,false,"""המעדניה"" צבר חציל על האש 400 גרם",ג'נרל מילס סאן אדריא,IL,צבר סלט חציל על האש,גרמים,360.00,100 גרם,false,1,19.30,5.36,true,1,
7290115207682,false,"אסם רוטב בסגנון סויה סיני 290 מ""ל",,IL,אסם רוטב בסגנון סויה,מיליליטרים,290.00,"100 מ""ל",false,1,13.90,4.79,true,1,
7290115208009,false,ויטמינצ'יק תרכיז ענבים 1 ליטר,בית-השיטה עסיס תעשיו,IL,סירופ ויטמינציק ענבי,מיליליטרים,1000.00,"100 מ""ל",false,1,23.90,2.39,true,1,
7290115208047,false,ויטמינצ'יק תרכיז פטל 1 ליטר,בית-השיטה עסיס תעשיו,IL,סירופ ויטמינציק פטל,מיליליטרים,1000.00,"100 מ""ל",false,1,23.90,2.39,true,1,
7290115208344,false,אסם בייגלה כפיות שמנת בצל 300 גרם,,,אסם בייגלה כפיות שמנ,גרמים,300.00,100 גרם,false,1,11.90,3.97,true,1,
7290115209198,false,במבה אורירית 80 ג' אסם,אסם השקעות בעמ,IL,במבה אורירית 80 גרם,גרמים,80.00,100 גרם,false,1,4.90,6.13,true,1,
7290115209235,false,פתי בר קפה 500 גרם אסם,אסם,IL,אסם פתי בר קפה 500 ג,גרמים,500.00,100 גרם,false,1,14.90,2.98,true,1,
7290115252330,false,וירו מנת קינואה ספרדי 470 גרם,,,וירו מנת קינואה ספרד,גרמים,470.00,100 גרם,false,1,15.90,3.38,true,1,
7290115670691,false,אנרג'י גרנולה פירות יער 400 גרם,אמקו ספול אס. אר.או,CZ,גרנולה פירות יער אנר,גרמים,400.00,100 גרם,false,1,17.70,4.43,true,1,
7290115670707,false,אנרג'י גרנולה שוקולד ואגוזים 400 גרם,אמקו ספול אס. אר.או,CZ,גרנולה שוקולד ואגוזי,גרמים,400.00,100 גרם,false,1,17.70,4.43,true,1,
7290115675696,false,קוואקר אגוזים 375 גר 6 יח Cruesli,וויטפול,IL,קוואקר אגוזים 375 ג,גרמים,375.00,100 גרם,false,1,22.90,6.11,true,1,
7290115675702,false,קוואקר פירות 375 גר 6 יח Cruesli,וויטפול,IL,קוואקר פירות 375 גר,גרמים,375.00,100 גרם,false,1,22.90,6.11,true,1,
7290115677140,false,תפוצ'יפס WAVY פפריקה 200 גרם,שטראוס פריטו ליי בע”,IL,תפוציפס פפריקה 200 ג,גרמים,200.00,100 גרם,false,1,10.90,5.45,true,1,
7290115678376,false,מעדן הגולן שוקולד 125 גרם,מיוצר עי קונדיטוריית,IL,מעדן הגולן שוקולד,גרמים,125.00,100 גרם,false,1,3.20,2.56,true,1,
7290116531069,false,מרק בצל רכיבים טבעיים קטן 225 ג' קנור,יוניליוור ישראל מזון,IL,מרק בצל קנור 225 גרם,גרמים,225.00,100 גרם,false,1,19.90,8.84,true,1,
7290116531564,false,מאגדת פתית פריכיות תירס דקות עם קינואה ובזיליקום 150 ג',,PL,מאגדת פתית פריכיות ק,גרמים,150.00,100 גרם,false,1,13.90,9.27,true,1,
7290116531595,false,מגבונים סיף לניקוי בניחוח מאסק 50 יח',,IL,מט.לחות סיף לנ.כללי,Unknown,0.00,Unknown,false,1,11.90,11.90,true,1,
7290116531779,false,בדין - דפים למייבש כביסה כחול 40 יחידות,,US,בדין נייר מרכך למיי,Unknown,0.00,Unknown,false,1,21.90,21.90,true,1,
7290116532394,false,"אל סבון ידיים נוזלי חמאת קקאו 950 מ""ל פינוק",,IL,סבון ידיים בתוספת חמ,מיליליטרים,950.00,"100 מ""ל",false,1,12.90,1.36,true,1,
7290116532585,false,ברנפלקס קרנצים דבש וקינמון 375 גרם,יוניליוור שפע ישראל,IL,ברנפלקס קרנצים דבש ו,גרמים,375.00,100 גרם,false,1,24.90,6.64,true,1,
7290116533063,false,דגני בוקר שוגי קרטיב ענבים 400 גרם,,IL,דגני בוקר שוגי קרטיב,גרמים,400.00,100 גרם,false,1,22.90,5.73,true,1,
7290116533094,false,"פינוק - שמפו בניחוח ורדים לבנים 700 מ""ל",,IL,שמפו פינוק ורדים לבנ,מיליליטרים,700.00,"100 מ""ל",false,1,13.90,1.99,true,1,
7290116533216,false,"קנור מרק תיבול ירקות 235 מ""ל",,IL,מרק ירקות קנור 235 ג,גרמים,235.00,100 גרם,false,1,19.90,8.47,true,1,
7290116930282,false,ארוחה בקטנה לאבנה עם קרקרים 150ג' תנובה,תנובה,IL,ארוחה בקטנה לאבנה עם,גרמים,150.00,100 גרם,false,1,8.50,5.67,true,1,
7290116930435,false,יוגורט סמיך 0% דובדבן יופלה 200 ג' GO,"תנובה בע""מ",IL,יוגורט גו סמיך דובדב,מיליליטרים,200.00,"100 מ""ל",false,1,6.80,3.40,true,1,
7290116930480,false,"משקה SHAKE בננה קיווי תפוח 230 מ""ל יופלה",תנובה בעמ,IL,יופלה שייק בננה קיוו,מיליליטרים,230.00,"100 מ""ל",false,1,8.90,3.87,true,1,
7290116930626,false,ארוחה בקטנה ציזיקי עם קרקרים 150ג' תנובה,תנובה,IL,ארוחה בקטנה ציזיקי ע,גרמים,150.00,100 גרם,false,1,8.50,5.67,true,1,
7290116930701,false,מעדן חלב גו בטעם קרמל מלוח 12 גרם חלבון,תנובה בעמ,IL,מעדן חלב go בטעם קרמ,גרמים,120.00,100 גרם,false,1,5.40,4.50,true,1,
7290117260234,false,"קפה טורקי אמיתי מטורקיה, שלישיה 3 * 100 גרם",,,קפה טורקי אמיתי מטור,גרמים,300.00,100 גרם,false,1,15.90,5.30,true,1,
7290117260586,false,חטיף קראנצ'י על בסיס קמח עדשים בטעם פלפל חלפיניו וליים 80ג',,,חטיף קראנצי על בסיס,גרמים,80.00,100 גרם,false,1,10.50,13.13,true,1,
7290117900949,false,בוטנים מצופים אמריקאים 250 גרם,,IL,בוטנים מצופים אמריקא,גרמים,250.00,100 גרם,false,1,10.90,4.36,true,1,
7290117900956,false,תערובת פיצוחים קלויים 180 גרם,,IL,תערובת פיצוחים קלויי,גרמים,180.00,100 גרם,false,1,15.90,8.83,true,1,
7290117900963,false,בוטנים קלויים 270 גרם,,IL,בוטנים קלויים 270 גר,גרמים,270.00,100 גרם,false,1,10.90,4.04,true,1,
7290117900987,false,אגוזי פקאן קלוף 140 גרם,,IL,אגוזי פקאן קלוף 140,גרמים,140.00,100 גרם,false,1,16.90,12.07,true,1,
7290117900994,false,פקאן סיני מסוכר 140 גרם,,IL,פקאן סיני מסוכר 140,גרמים,140.00,100 גרם,false,1,15.90,11.36,true,1,
7290117901007,false,פיסטוקים קלויים 130 גרם,,IL,פיסטוקים קלויים 130,גרמים,130.00,100 גרם,false,1,15.90,12.23,true,1,
7290117901014,false,קשיו קלוי 160 גרם,,IL,קשיו קלוי 160 גרם,גרמים,160.00,100 גרם,false,1,15.90,9.94,true,1,
7290117901038,false,אגוזי מלך קלופים 190 גרם,,IL,אגוזי מלך קלופים 190,גרמים,190.00,100 גרם,false,1,15.90,8.37,true,1,
7290117901045,false,בוטן רביולי 200 גרם,,IL,בוטן רביולי 200 גרם,גרמים,200.00,100 גרם,false,1,15.90,7.95,true,1,
7290117901052,false,שקדים קלופים 180 גרם,,IL,שקדים קלופים 180 גרם,גרמים,180.00,100 גרם,false,1,15.90,8.83,true,1,
7290117901168,false,מיקס אגוזים וחמוציות 250 גרם ששון הקולה,,,מיקס אגוזים וחמוציות,גרמים,250.00,100 גרם,false,1,20.00,8.00,true,1,
7290117901182,false,בוטן קליפה קלוי 350 גרם ששון הקלה,,,בוטן קליפה קלוי 350,גרמים,350.00,100 גרם,false,1,10.00,2.86,true,1,
7296058000526,false,פריכיות כוסמת 130 גרם,,IL,פריכיות כוסמת 130 גר,גרמים,130.00,100 גרם,false,1,9.00,6.92,true,1,
7296082000035,false,ביצים ביו אומגה L יח,המכון למיון ושיווק ב,IL,ביצה פלוס 6 יח L,Unknown,0.00,Unknown,false,1,14.90,14.90,true,1,
7296082000080,false,ביצי חופש 12 יח,המכון למיון ושיווק ב,IL,ביצי חופש 12 יח,Unknown,0.00,Unknown,false,1,21.90,21.90,true,1,
7296082000134,false,ביצים רגילות 12 יח L,המכון למיון ושיווק ב,IL,ביצים רגילות 12 יח L,Unknown,0.00,Unknown,false,1,12.05,12.05,true,1,
7296082000141,false,ביצים רגילות 12 יח M,המכון למיון ושיווק ב,IL,ביצים רגילות 12 יח,Unknown,0.00,Unknown,false,1,11.15,11.15,true,1,
7296082000165,false,ביצים אורגניות 12 יח,המכון למיון ושיווק ב,IL,ביצים אורגניות 12 יח,Unknown,0.00,Unknown,false,1,25.90,25.90,true,1,
7297488098152,false,דגש קמח חומוס ללא גל,אף.סי תבליני בגליל ב,IL,קמח חומוס 500 גרם,גרמים,500.00,100 גרם,false,1,17.90,3.58,true,1,
7297488098305,false,קמח שקדים דגש 250 גרם,תות תעשיות מזון (201,IL,קמח שקדים דגש 250 גר,גרמים,250.00,100 גרם,false,1,27.90,11.16,true,1,
7393714507020,false,קופרברג סיידר תות ליים 4.5% בקבוק 330 מ,,SE,קופרברג סיידר תות לי,מיליליטרים,330.00,"100 מ""ל",false,1,9.50,2.88,true,1,
7393714509604,false,קופרברג סיידר תפוח 4.5% בקבוק 330 מ,,SE,קופרברג סיידר תפוח 4,מיליליטרים,330.00,"100 מ""ל",false,1,9.50,2.88,true,1,
7394376123337,false,"משקה שיבולת שועל אורגני אוטלי , 1 ל'",טרנסומס פוד איי.בי,SE,משקה ש.שועל אורגני 1,מיליליטרים,1000.00,"100 מ""ל",false,1,15.90,1.59,true,1,
7394376615825,false,"אוטלי משקה שיבולת שועל בתוספת סידן וויטמינים , 1 ל'",,SE,משקה ש.שועל מועשר בס,מיליליטרים,1000.00,"100 מ""ל",false,1,15.90,1.59,true,1,
7394376615832,false,"אוטלי משקה שיבולת שועל בטעם שוקולד, 1 ל'",,SE,משקה ש.שועל בטעם שוק,מיליליטרים,1000.00,"100 מ""ל",false,1,16.90,1.69,true,1,
7394376616778,false,"אוטלי משקה שיבולת שועל להקצפה בריסטה , 1 ל'",,SE,משקה ש.שועל להקצפה ב,מיליליטרים,1000.00,"100 מ""ל",false,1,16.90,1.69,true,1,
7394376620294,false,משקה ש.שועל בטעם וניל 1 ליטר,איי אם פי אס איי תעש,NL,משקה ש.שועל בטעם וני,מיליליטרים,1000.00,"100 מ""ל",false,1,16.90,1.69,true,1,
7441000720605,false,לבבות דקל(צנצנת)410 גרם,אינקופלמיטו אס. אי,EC,לבבות דקל(צנצנת)410,גרמים,410.00,100 גרם,false,1,17.90,4.37,true,1,
7501013101393,false,"נקטר 100% JUMEX אננס 473 מ""ל",חומקס קומר קומרסאליז,MX,גומקס משקה אננס 473,מיליליטרים,473.00,"100 מ""ל",false,1,9.90,2.09,true,1,
7501013122039,false,ג'ומקס נקטר מנגו קרטונית 1 ליטר,חומקס קומר קומרסאליז,MX,גומקס נקטר מנגו,מיליליטרים,1000.00,"100 מ""ל",false,1,11.70,1.17,true,1,
7501013122992,false,ג'ומקס משקה קוקוס אננס קרטונית 1 ליטר,חומקס קומר קומרסאליז,MX,גומקס משקה קוקוס אננ,מיליליטרים,1000.00,"100 מ""ל",false,1,11.70,1.17,true,1,
7501013138184,false,משקה יוניקו פרסקו חמוציות קרטונית 1 ליטר,חומקס קומר קומרסאליז,MX,יוניקו פרסקו משקה חמ,מיליליטרים,1000.00,"100 מ""ל",false,1,13.20,1.32,true,1,
7501049936945,false,"בירה סול שישייה בקבוק 330 מ""ל",היינקן,NL,בירה סול שישייה בקב,מיליליטרים,1980.00,"100 מ""ל",false,1,39.90,2.02,true,1,
7509546678702,false,קולגייט משחת שיניים טוטל אנטי טרטר 100 מ,קולגייט-פלמוליב,BR,קולגייט טוטל אנטי טר,מיליליטרים,100.00,"100 מ""ל",false,1,19.90,19.90,true,1,
7610100034084,false,שפורפרת מיונז טומי 265 גרם,נסטלה שוויץ ס.א,,מיונז טומי 265 גר,גרמים,265.00,100 גרם,false,1,13.90,5.25,true,1,
7610400010481,false,לינדט אקסלנס מילק 100 גר,,,לינדט אקסלנס מילק,גרמים,100.00,100 גרם,false,1,17.90,17.90,true,1,
7610400014632,false,לינדט שוקולד לבן 100 גרם,,,לינדט שוקולד לבן 100,גרמים,100.00,100 גרם,false,1,16.90,16.90,true,1,
7610400014649,false,לינדט שוקולד חלב 100 גרם,לינדט ושפרונגלי,,לינדט שוקולד חלב 100,גרמים,100.00,100 גרם,false,1,16.90,16.90,true,1,
7610400075770,false,לינדט לה גרנד מריר אגוז 150 גר,לינדט ושפרונגלי,CH,לינדט לה גרנד מריר א,גרמים,150.00,100 גרם,false,1,24.90,16.60,true,1,
7610400075787,false,לינדט לה גרנד חלב אגוזים 150 גר,"לינדט ושפרונגלי, קיל",CH,לינדט לה גרנד חלב אג,גרמים,150.00,100 גרם,false,1,24.90,16.60,true,1,
7610400075794,false,לינדט לה גרנד לבן שקד 150 גר,לינדט ושפרונגלי,CH,לינדט לה גרנד לבן שק,גרמים,150.00,100 גרם,false,1,24.90,16.60,true,1,
7610400086202,false,לינדט לה גרנד בלו אנד קרנ 150 גר,,,לינדט לה גרנד בלו אנ,גרמים,150.00,100 גרם,false,1,24.90,16.60,true,1,
7610700009956,false,ריקולה ללא ת.סוכר סמבוקוס 50 גרם,,CH,סוכריות ריקולה ללא ס,גרמים,50.00,100 גרם,false,1,13.90,27.80,true,1,
7610700010778,false,סוכריות ריקולה ללא סוכר פטל חמוציות 50 ג,,,סוכריות ריקולה ללא ס,גרמים,50.00,100 גרם,false,1,13.90,27.80,true,1,
7610700012642,false,ריקולה בשקית לימון מינט 70 גרם,ריקולה,CH,סוכריות לימון ריקולה,גרמים,70.00,100 גרם,false,1,11.90,17.00,true,1,
7610700013083,false,סוכריות ריקולה ללא סוכר מרעננת 50 גר,,,סוכריות ריקולה ללא ס,גרמים,50.00,100 גרם,false,1,13.90,27.80,true,1,
7610700600863,false,סוכריות צמחים בפחית ריקולה 100 גרם,,CH,סוכריות צמחים בפחית,גרמים,100.00,100 גרם,false,1,19.90,19.90,true,1,
7610700607077,false,סוכריות ריקולה תפוז 50 גרם[כתום],,,סוכריות ריקולה דיאט,גרמים,50.00,100 גרם,false,1,13.90,27.80,true,1,
7613032045753,false,פיטנס - דגני בוקר שוקולד 375 גרם,הנסיך- מפעל לייצור ט,FR,פיטנס שוקולד 375 ג,גרמים,375.00,100 גרם,false,1,22.90,6.11,true,1,
7613033548192,false,פיטנס - דגני בוקר שוקולד מריר 375 גרם,הנסיך- מפעל לייצור ט,FR,דגני בוקר פיטנס שוקו,גרמים,375.00,100 גרם,false,1,22.90,6.11,true,1,
7613035618794,false,"פורינה ONE חתול בוגר עוף 3 ק""ג",פורינה,US,פורינה ONE חתול בוגר,Unknown,0.00,Unknown,false,1,119.00,119.00,true,1,
7613035622623,false,פיטנס - גרנולה שקדים ודבש 300 גרם,שוורצקוף& הנקל דיסלד,LT,פיטנס גרנולה שקדים ו,גרמים,300.00,100 גרם,false,1,17.90,5.97,true,1,
7613035635845,false,פיטנס גרנולה שוקולד 14*300 גרם,שוורצקוף& הנקל דיסלד,LT,פיטנס גרנולה שוקולד,גרמים,300.00,100 גרם,false,1,17.90,5.97,true,1,
7613035809109,false,פרפקטו רוטב עגבניות ובזיליקום 400 ג'אסם,נסטלה ספרד,ES,פרפקטו רוטב עגבניות,גרמים,400.00,100 גרם,false,1,11.90,2.98,true,1,
7613036105576,false,"דוגלי בוגר עוף 3 ק""ג",פורינה,HU,דוגלי בוגר עוף 3 קג,קילוגרמים,0.00,"ק""ג",false,1,49.90,49.90,true,1,
7613036280334,false,"פרייה אנד גוס אפרסק דובדבן 4*250 מ""ל",נסטלה ווטרס,FR,פרייה אנד גוס אפרסק,מיליליטרים,1000.00,"100 מ""ל",false,1,27.90,2.79,true,1,
7613036286008,false,"פרייה אנד גוס אננס מנגו 250 מ""ל פחיות",נסטלה ווטרס ספלאי,FR,פרייה אנד גוס אננס מ,מיליליטרים,250.00,"100 מ""ל",false,1,6.50,2.60,true,1,
7613036976657,false,פריסקיז - פאוץ ברוטב הודו 85 גרם,נסטלה פורינה,HU,פאוץ פריסקיז הודו 85,Unknown,1.00,Unknown,false,1,5.90,5.90,true,1,
7613036976718,false,פריסקיז פאוצ' ברווז ברוטב 26*85גרם,יו פי אף,FR,פאוץ פריסקיז ברווז 8,Unknown,0.00,Unknown,false,1,5.90,5.90,true,1,
7613037686906,false,פיטנס - דגני בוקר שקדים ודבש 355 גרם,הנסיך- מפעל לייצור ט,FR,דגני בוקר פיטנס שקדי,גרמים,375.00,100 גרם,false,1,22.90,6.11,true,1,
7613039547922,false,גרבר מחית תפוח בננה אגס פאוץ' 90 גר',,ES,מחית גרבר תפוח בננה,גרמים,90.00,100 גרם,false,1,6.90,7.67,true,1,
7617400098358,false,עוגיות סוויס דליס טרופינו חלב 100 גר,,CH,טרופינו שוויץ-וופל ק,גרמים,100.00,100 גרם,false,1,11.90,11.90,true,1,
7622201148393,false,אוראו-פח עוגיות קריסטמיס 396 גרם,MONDELEZ UK (UXBRIDGE,GB,אוראו-פח עוגיות קריס,גרמים,396.00,100 גרם,false,1,69.90,17.65,true,1,
7622201401900,false,עוגיות מילקה סנסיישן אוראו 156 גרם,מונדלז פולסקה פרודקש,PL,עוגיות מילקה סנסיישן,גרמים,156.00,100 גרם,false,1,12.90,8.27,true,1,
7622201781729,false,מילקה רוח רפאים הלוואין ש.חלב 115 גרם,,DE,מילקה רוח רפאים הלוו,גרמים,115.00,100 גרם,false,1,14.90,12.96,true,1,
7622201784188,false,מילקה כדורי ש. חלב במילוי קרם ועוגות 90ג,,,מילקה כדורי ש. חלב ב,גרמים,90.00,100 גרם,false,1,10.90,12.11,true,1,
7622201799571,false,קדבורי-שוקולד חלב מיקס קריסטמיס 145 גר,,GB,קדבורי-שוקולד חלב מי,גרמים,145.00,100 גרם,false,1,23.90,16.48,true,1,
7622201802363,false,שוקולד מילקה טבלה חלב צימוקים ואגוזים 100ג',מנדלז דויצ'לנד סנקס,DE,שוקולד מילקה צימוק,גרמים,100.00,100 גרם,false,1,7.90,7.90,true,1,
7622201802394,false,שוקולד מילקה חלב מסרונים 100 גרם,מנדלז דויצ'לנד סנקס,DE,שוקולד מילקה חלב 100,גרמים,100.00,100 גרם,false,1,7.90,7.90,true,1,
7622201819408,false,מילקה דרק קרמל 85 גרם,מונדלז דויטשלנד סנאק,DE,מילקה דרק קרמל 85 גר,גרמים,85.00,100 גרם,false,1,8.50,10.00,true,1,
7622201819552,false,שוקולד מילקה דרק 85 גרם,מונדלז דויטשלנד סנאק,DE,מילקה דרק 85 גרם,גרמים,85.00,100 גרם,false,1,8.50,10.00,true,1,
7622210453327,false,עוגיות מילקה סנסיישן 156 גרם,מנדלז פולסקה פרודקשן,PL,מילקה סנסיישן 156 גר,גרמים,100.00,100 גרם,false,1,12.90,12.90,true,1,
7622210585332,false,מילקה כדורי ש.חלב במילוי קרם אגוזי 90 גר,,DE,מילקה כדורי ש.חלב במ,גרמים,90.00,100 גרם,false,1,10.90,12.11,true,1,
7622210585592,false,מילקה כדורי שוקולד חלב 86 גרם,,DE,מילקה כדורי שוקולד ח,גרמים,86.00,100 גרם,false,1,10.90,12.67,true,1,
7622210638021,false,אוראו ביס קראנ'צי בציפוי שוקולד 110 גרם,מונדלז אספניה ג'לאטס,ES,אוראו ביס קראנצי ציפ,גרמים,110.00,100 גרם,false,1,8.90,8.09,true,1,
7622210664150,false,"עוגיות אוראו וניל, 396 גרם",מונדלייז,CZ,עוגיות אוראו וניל 39,גרמים,396.00,100 גרם,false,1,17.90,4.52,true,1,
7622210765338,false,עוגיות אורגינל 176 ג' אוראו,,,עוגיות אוראו 176 גרם,גרמים,176.00,100 גרם,false,1,9.90,5.63,true,1,
7622210810915,false,שוקולד קדבורי אוראו בייטס 110 גרם,,GB,שוקולד קדבורי אוראו,גרמים,110.00,100 גרם,false,1,12.90,11.73,true,1,
7622210826053,false,שוקולד מילקה אוראו סנדוויץ 92 גר',גיאורי קאקסז קייאףטי,HU,שוקולד מילקה אוראו ס,גרמים,92.00,100 גרם,false,1,7.90,8.59,true,1,
7622300315283,false,"עוגיות אוראו וניל, כשרות בד""ץ, 154 גרם","מונדלז CR פרודקשיין,",UA,אוראו וניל 154 גרם ב,גרמים,154.00,100 גרם,false,1,9.90,6.43,true,1,
7622300434373,false,מילקה עוגיות שוקו גאפה פטל 147 ג,,CZ,מילקה עוגיות שוקו גא,גרמים,147.00,100 גרם,false,1,9.30,6.33,true,1,
7622300495046,false,שוקולד מילקה אקסטרה קקאו 100 גרם,מנדלז דויצ'לנד סנקס,DE,שוקולד מילקה אקסטרה,גרמים,100.00,100 גרם,false,1,7.90,7.90,true,1,
7622300498429,false,טבלת שוקולד ממולא תות 100ג' מילקה,מונדלייז,DE,שוקולד מילקה קרם תות,גרמים,100.00,100 גרם,false,1,7.90,7.90,true,1,
7622300617820,false,שוקלד מילקה טבלת חלב אוראו 100ג',מנדלז דויצ'לנד סנקס,DE,שוקולד מילקה אוראו 1,גרמים,100.00,100 גרם,false,1,7.90,7.90,true,1,
7622300750367,false,קדבורי-שוקולד חלב לוח שנה קריסטמיס 90 ג,,GB,קדבורי-שוקולד חלב לו,גרמים,200.00,100 גרם,false,1,21.90,10.95,true,1,
7630477891714,false,סטארבקס - קפסולות אספרסו 57 גרם * 10,נסטלה נספרסו,CH,סטארבקס קפסולות אספר,גרמים,57.00,100 גרם,false,1,22.90,40.18,true,1,
7630477891738,false,סטארבקס - קפסולות אספרסו בלונד 53 גרם * 10,נסטלה נספרסו,CH,סטארבקס קפסולות אספר,גרמים,53.00,100 גרם,false,1,22.90,43.21,true,1,
7702018867059,false,סכיני גילוח גילט פיוזן 5 שמינייה,,DE,סכיני גילוח גילט פיו,יחידה,1.00,יחידה,false,1,104.90,104.90,true,1,
7702024258322,false,חטיפי קרקר עם חיטה מלאה צ'יה ופשתן 234 ג' פיטנס,יוליניבר,CO,פיטנס חטיפי קרקר ציה,גרמים,234.00,100 גרם,false,1,13.90,5.94,true,1,
7790240072808,false,יין אדום טרפיצה מלבק סדרת OAK CASK,,,יין אדום טרפיצה מלבק,Unknown,0.00,Unknown,false,1,61.90,61.90,true,1,
7790240094442,false,"יין טרפיצה פיור מלבק 750 מ""ל",,AR,יין טרפיצה פיור מלבק,מיליליטרים,750.00,"100 מ""ל",false,1,60.90,8.12,true,1,
7790240096866,false,"יין פיור מלבק שחור 750 מ""ל",,AR,יין פיור מלבק שחור 7,מיליליטרים,750.00,"100 מ""ל",false,1,60.90,8.12,true,1,
7790240097474,false,"יין פיור שרדונה 750 מ""ל",,AR,יין פיור שרדונה 750,מיליליטרים,750.00,"100 מ""ל",false,1,60.90,8.12,true,1,
7790762000686,false,סנטה אנה שיראז 750 מל,,,סנטה אנה שיראז 750 מ,Unknown,0.00,Unknown,false,1,41.90,41.90,true,1,
7790762000693,false,סנטה אנה שרדונה 750 מל,,,סנטה אנה שרדונה 750,Unknown,0.00,Unknown,false,1,41.90,41.90,true,1,
7790762001287,false,סנטה אנה קברנה סובניון 750 מל,,,סנטה אנה קברנה,Unknown,0.00,Unknown,false,1,41.90,41.90,true,1,
7790762001348,false,סנטה אנה מלבק 750 מל,,,סנטה אנה מלבק 750 מל,Unknown,0.00,Unknown,false,1,41.90,41.90,true,1,
7790762050124,false,סנטה אנה לה מסקוטה מלבק 750 מל,,,סנטה אנה לה מסקוטה,Unknown,0.00,Unknown,false,1,73.90,73.90,true,1,
7791875005353,false,ריבת חלב הוואנה דוצה דה לצה 450 גרם,,IL,ריבת חלב הוואנה דולצ,גרמים,450.00,100 גרם,false,1,21.90,4.87,true,1,
7792860006218,false,1X48X24G בייבי דול רביעיה,גוד פוד פרודקטס S.p,AR,לקקן בייבי דול 24 גר,גרמים,24.00,100 גרם,false,1,2.10,8.75,true,1,
8000070035980,false,קפה לוואצה קלוי וטחון חוזק 5 רוסה 250 גר,,IT,קפה לוואצה קלוי וטחו,גרמים,250.00,100 גרם,false,1,36.90,14.76,true,1,
8000070055254,false,קפסולות קרמה גוסטו פורטה חוזק 13 55 ג' לוואצה,,IT,קפסולות לוואצה קרמה,יחידה,1.00,יחידה,false,1,22.90,22.90,true,1,
8000070081109,false,קפסולות לוואצה ריקו נטולקפאין 6 נספרס 50,לאוג'י לוואצה אס.פי.,IT,קפסולות לוואצה ריקו,גרמים,50.00,100 גרם,false,1,20.90,41.80,true,1,
8000139000102,false,גרופלו פסטה מפאלדה 500 גרם,,IT,גרופלו פסטה מפאלדה 5,גרמים,500.00,100 גרם,false,1,16.90,3.38,true,1,
8000139000942,false,פסטה גרפולו לומצינה 500 גרם,,,פסטה גרפולו לומקינה,גרמים,500.00,100 גרם,false,1,14.20,2.84,true,1,
8000139001253,false,פסטה גרפולו פוזילי לונגי 500 גרם,,,פסטה גרפולו פוזילי,גרמים,500.00,100 גרם,false,1,15.40,3.08,true,1,
8000139910142,false,פסטה גרפולו ספגטי 500 גרם,,,פסטה גרפולו ספגטי 50,גרמים,500.00,100 גרם,false,1,14.20,2.84,true,1,
8000139910227,false,פסטה גרפולו פוזילי 500 גרם,,,פסטה גרפולו פוזילי 5,גרמים,500.00,100 גרם,false,1,14.20,2.84,true,1,
8000139910234,false,פסטה גרפולו פנה ריגטה 500 גר,,,פסטה גרפולו פנה ריגט,גרמים,500.00,100 גרם,false,1,14.20,2.84,true,1,
8000139910241,false,פסטה פארפאלה גרפולו 500 גרם,,,פסטה פארפאלה גרפולו,גרמים,500.00,100 גרם,false,1,14.20,2.84,true,1,
8000139910272,false,פסטה גרפולו פפרדלה נידו 500 גר,,,פסטה גרפולו פפרדלה נ,גרמים,500.00,100 גרם,false,1,15.40,3.08,true,1,
8000139910289,false,פסטה טליאטלה גרפולו 500 גר,,,פסטה גרפולו טליאטלה,גרמים,500.00,100 גרם,false,1,15.40,3.08,true,1,
8000139910371,false,פסטה גרפולו פרימוורה 500 גרם,,,פסטה גרפולו פרימוורה,גרמים,500.00,100 גרם,false,1,15.40,3.08,true,1,
8000139910753,false,פסטה קאזארסה גרפולו 500 גר,,,פסטה גרפולו קסרצה,גרמים,500.00,100 גרם,false,1,14.20,2.84,true,1,
8000139910852,false,לזניה גרפולו 500 גרם,,,לזניה גרפולו 500 גרם,גרמים,500.00,100 גרם,false,1,18.60,3.72,true,1,
8000139920875,false,ניוקי תפוח אדמה גרפולו 500 גרם,,,ניוקי תפוח אדמה גרפו,גרמים,500.00,100 גרם,false,1,15.40,3.08,true,1,
8000215204219,false,משקה אורז - אורגני 1 ליטר,בטר אנד דיפרנט,IT,משקה אורז - אורגני 1,מיליליטרים,1000.00,"100 מ""ל",false,1,15.90,1.59,true,1,
8000215204264,false,ויטריז - משקה אורז אישי אישי 200 גר,בטר אנד דיפרנט,IT,ויטריז - משקה אורז א,מיליליטרים,200.00,"100 מ""ל",false,1,5.50,2.75,true,1,
8000215204271,false,ויטריז - משקה שקדים ואורז אישי 200 גר,"נטורפוד בע""מ",IT,ויטריז - משקה שקדים,מיליליטרים,200.00,"100 מ""ל",false,1,4.90,2.45,true,1,
8000215204561,false,VITASI משקה שקדים אורגני 1 ליטר,בטר אנד דיפרנט,IT,VITASI משקה שקדים או,מיליליטרים,1000.00,"100 מ""ל",false,1,17.90,1.79,true,1,
8000215204677,false,משקה ש.שועל בריסטה אורגני 1 ליטר ויטריז,בטר אנד דיפרנט,IT,משקה ש.שועל בריסטה א,מיליליטרים,1000.00,"100 מ""ל",false,1,15.90,1.59,true,1,
8000215204714,false,משקה שיבולת שועל אורגני 1 ליטר PRIMAVENA,בטר אנד דיפרנט,IT,משקה שיבולת שועל אור,מיליליטרים,1000.00,"100 מ""ל",false,1,15.90,1.59,true,1,
8000320010095,false,"רוטב עגבניות במרקם עדין 700 מ""ל MUTTI",,IT,פסאטה במרקם עדין 700,מיליליטרים,700.00,"100 מ""ל",false,1,12.90,1.84,true,1,
8000380004911,false,וופל קוארדטיני לואקר קוביות אגוז 250ג'',קריניציה ויטמינה אס,AT,וופל קוארדטיני אגוז,גרמים,250.00,100 גרם,false,1,15.90,6.36,true,1,
8000380004966,false,וופל קוארדטיני לואקר קוביות שוקולד 250ג',קריניציה ויטמינה אס,AT,וופל קוארדטיני קקאו,גרמים,250.00,100 גרם,false,1,15.90,6.36,true,1,
8000380007219,false,וופל לואקר אגוז קלאסי 175ג',א. לואקר,AT,וופל לואקר אגוז 175,גרמים,175.00,100 גרם,false,1,12.90,7.37,true,1,
8000380007257,false,וופל גרנדה מצופה שוקולד 200ג',קריניציה ויטמינה אס,IT,וופל גרדנה אגוז 200,גרמים,200.00,100 גרם,false,1,15.90,7.95,true,1,
8000380007264,false,וופל לואקר קקאו 175 גרם,קריניציה ויטמינה אס,AT,וופל לואקר קקאו 175,גרמים,175.00,100 גרם,false,1,12.90,7.37,true,1,
8000380106028,false,טורטינה לואקר וופל שוקולד ואגוזים שישיה 125ג',קריניציה ויטמינה אס,IT,טורטינה אורגינל 1/6,גרמים,125.00,100 גרם,false,1,18.90,15.12,true,1,
8000380144044,false,וופל גרדנה לואקר שוקולד 200ג',"א. לואקר , AG/SpA, ו",IT,וופל גרדנה שוקולד 20,גרמים,200.00,100 גרם,false,1,15.90,7.95,true,1,
8000380205523,false,וופל לואקר קלאסיק חמאת בוטנים 175 גר,א. לואקר,AT,וופל לואקר קלאסיק חמ,גרמים,175.00,100 גרם,false,1,12.90,7.37,true,1,
8000500018828,false,קינדר אצבעות שוקולד חצי מטר 300 גר,קדבורי,IT,קינדר אצבעות שוקולד,גרמים,300.00,100 גרם,false,1,24.90,8.30,true,1,
8000500023624,false,שוקולד הפי היפו חטיף קינדר מארז 20.5X5ג',קדבורי,DE,קינדר הפי היפו חמישי,גרמים,104.00,100 גרם,false,1,15.90,15.29,true,1,
8000500023976,false,בונבוניירה רפאלו 150 גרם,פררו,PL,בונבוניירה רפאלו 150,גרמים,150.00,100 גרם,false,1,19.90,13.27,true,1,
8000500029350,false,קינדר בואנו חטיף מארז שלישייה 129ג',פררו,IT,שלישייה קינדר בואנו,גרמים,129.00,100 גרם,false,1,12.90,10.00,true,1,
8000500037874,false,בונבוניירה פררו רושה 200 גרם,פררו,IT,בונבוניירה פררו רושה,גרמים,200.00,100 גרם,false,1,27.90,13.95,true,1,
8000500071083,false,שוקולד אצבעות קינדר חלב 200 ג',קדבורי,IT,קינדר שוקולד מארז 20,גרמים,200.00,100 גרם,false,1,14.90,7.45,true,1,
8000500121436,false,קינדר בואנו לבן חטיף מארז שלישייה 129ג',פררו,IT,שלישייה קינדר בואנו,גרמים,129.00,100 גרם,false,1,12.90,10.00,true,1,
8000500164242,false,בונבוניירה רפאלו 70 גר,קדבורי,PL,בונבוניירה רפאלו 70,גרמים,70.00,100 גרם,false,1,14.90,21.29,true,1,
8000500227848,false,נוטלה - בי רדי אצבעות ביסקוויט במילוי שוקולד 6 יח' * 22 גרם,,IT,וופל נוטלה בי רדי שי,גרמים,132.00,100 גרם,false,1,14.50,10.98,true,1,
8000500267103,false,קינדר דליס שוקול' אישי מארז 10 יח' 420 גר',,IT,עוגת קינדר דליס 390,גרמים,390.00,100 גרם,false,1,21.90,5.62,true,1,
8000500283219,false,עוגת קינדר קקאו במילוי קרם שוקולד 290 גר,,,עוגת קינדר קקאו במיל,גרמים,290.00,100 גרם,false,1,29.90,10.31,true,1,
8000500294345,false,רושר איש שלג שוקולד חלב ואגוזי לוז 90 גר,,PL,רושר איש שלג שוקולד,גרמים,90.00,100 גרם,false,1,16.90,18.78,true,1,
8000500310397,false,נוטלה עוגיות נוטלה בגליל 12יח' - NUTELLA BISCUITTS,פררו,IT,ביסקוויטים במילוי נו,גרמים,166.00,100 גרם,false,1,15.90,9.58,true,1,
8000500359358,false,מארז שלישיית עוגיות נוטלה באריזה אישית - NUTELLA BISCUITTS,פררו,IT,ביסקוויטים במילוי נו,גרמים,41.00,100 גרם,false,1,3.90,9.51,true,1,
8000500366073,false,נוטלה עוגיות נוטלה בשקית 20 יח'- NUTELLA BISCUITTS,פררו,IT,ביסקוויטים במילוי נו,גרמים,276.00,100 גרם,false,1,21.90,7.93,true,1,
8001090740717,false,מגן תחתון אולוויז מגה פק נורמל פרש 76 יח,,,מגן תחתון אולוויז מג,Unknown,0.00,Unknown,false,1,22.90,22.90,true,1,
8001090832535,false,"שמפו פנטן שמן מרוקאי משקם 660 מ""ל",,,שמפו פנטן שמן מרוקאי,מיליליטרים,660.00,"100 מ""ל",false,1,23.90,3.62,true,1,
8001090833136,false,אריאל ג'ל כביסה בייבי 2.255 ליטר,,FR,גל כביסה אריאל בייבי,ליטרים,0.00,ליטר,false,1,36.90,36.90,true,1,
8001090899286,false,תחבושות אולוויז פלטינום לילה בטוח 14 יח',,DE,תחבושות אולוויז פלטי,Unknown,0.00,Unknown,false,1,27.20,27.20,true,1,
8001100050546,false,עוגת פנטונה עם צימוקים וקליפות תפו 500 ג,,,עוגת פנטונה עם צימוק,גרמים,500.00,100 גרם,false,1,37.90,7.58,true,1,
8001100059198,false,עוגת פנטונה בלוקו 100 גרם,,,עוגת פנטונה בלוקו,Unknown,0.00,Unknown,false,1,16.90,16.90,true,1,
8001100064802,false,עוגת סאן סירו 500 גרם,,IT,עוגת סאן סירו 500 גר,גרמים,500.00,100 גרם,false,1,29.90,5.98,true,1,
8001100067667,false,עוגת פנדורו בון נאטלה 700 גרם,,IT,עוגת פנדורו בון נאטל,גרמים,700.00,100 גרם,false,1,43.90,6.27,true,1,
8001193050041,false,וופל טוסט בלגי 240 גרם,,,וופל טוסט בלגי 240 ג,גרמים,240.00,100 גרם,false,1,13.10,5.46,true,1,
8001200025505,false,פסטה פוזילי מס.78 500 גר Agnesi,,,פסטה פוזילי מס.78 50,גרמים,500.00,100 גרם,false,1,8.80,1.76,true,1,
8001200045190,false,פסטה אליציה מס.56 500 גר Agnesi,,,פסטה אליציה מס.56 50,גרמים,500.00,100 גרם,false,1,8.80,1.76,true,1,
8001200045299,false,פסטה פנה ריגטה 500 גר Agnesi,,IT,פסטה פנה ריגטה 500 ג,גרמים,500.00,100 גרם,false,1,8.80,1.76,true,1,
8001200045350,false,פסטה ניוקי 500 גר Agnesi,,IT,פסטה ניוקי 500 גר Ag,גרמים,500.00,100 גרם,false,1,8.80,1.76,true,1,
8001200045473,false,פסטה ריגטוני 500 גר Agnesi,,,פסטה ריגטוני 500 גר,גרמים,500.00,100 גרם,false,1,8.80,1.76,true,1,
8001200045831,false,פסטה פארפלה מס.61 500 גר Agnesi,,IT,פסטה פארפלה מס.61 50,גרמים,500.00,100 גרם,false,1,8.80,1.76,true,1,
8001200045916,false,פסטה טליאטלה ביצים 250 גר Agnesi,,,פסטה טליאטלה ביצים 2,גרמים,250.00,100 גרם,false,1,14.20,5.68,true,1,
8001200045978,false,פסטה פפרדלה ביצים 250 גר Agnesi,,,פסטה פפרדלה ביצים 25,גרמים,250.00,100 גרם,false,1,14.20,5.68,true,1,
8001200045992,false,פסטה ביצים ותרד 250 גר Agnesi,,,פסטה ביצים ותרד 250,גרמים,250.00,100 גרם,false,1,14.20,5.68,true,1,
8001291057515,false,ברון קיאנטי דל ברון ריקאסולי 750 מל,,,ברון קיאנטי דל ברון,Unknown,0.00,Unknown,false,1,52.90,52.90,true,1,
8001387077106,false,קונטיזקה קאנטלופי פרימיטיבו סאלנטו 750 מ,,IT,קונטיזקה קאנטלופי פר,מיליליטרים,750.00,"100 מ""ל",false,1,60.90,8.12,true,1,
8001387287109,false,קונטיזקה קוואטרו קונטי פרימיטיבו 750 מל,,IT,קונטיזקה קוואטרו קונ,מיליליטרים,750.00,"100 מ""ל",false,1,45.90,6.12,true,1,
8001440118944,false,שלישיית עגבניות פולפה *400 ג' צ'יריו,,IT,עגבניות פולפה 3*400,קילוגרמים,0.00,"ק""ג",false,1,15.90,15.90,true,1,
8001561015580,false,ריבת בצל סגול איטלקית 300 גרם,,,ריבת בצל סגול איטלקי,גרמים,300.00,100 גרם,false,1,33.90,11.30,true,1,
8001620011935,false,"שישיית סאן בנדטו מוגז עדין 500 מ""ל",אקווה מינרלה סאן בנד,IT,שישיית סאן בנדטו מוג,מיליליטרים,1500.00,"100 מ""ל",false,1,14.90,0.99,true,1,
8001620015612,false,"משקה פירוט בטעם גזר תפוז לימן 400 מ""ל פרוטה",אקווה מינרלה סאן בנד,IT,סן בנדטו גזר תפוז לי,מיליליטרים,400.00,"100 מ""ל",false,1,7.90,1.98,true,1,
8001620018408,false,"משקה פירות בטעם מנגו תפוח 400 מ""ל פרוטה",אקווה מינרלה סאן בנד,IT,סן בנדטו מנגו תפוח 4,מיליליטרים,400.00,"100 מ""ל",false,1,7.90,1.98,true,1,
8001637404195,false,גורגונזולה דולצה 150 גרם,,,גורגונזולה דולצה 150,גרמים,150.00,100 גרם,false,1,43.90,29.27,true,1,
8001780499307,false,דובדבני אמרנה 230 גרם,FABRRI,IT,דובדבני אמרנה 230 גר,גרמים,230.00,100 גרם,false,1,26.90,11.70,true,1,
8001841053646,false,תחבושות אולוויז עבות נורמל פלוס 14 יח,,HU,תחבושות אולוויז עבות,Unknown,0.00,Unknown,false,1,14.90,14.90,true,1,
8001841625188,false,"נוזל כלים פיירי פלטינום לימון 515 מ""ל",פרוקטר אנד גמבל,GB,נוזל כלים פיירי פלטי,מיליליטרים,515.00,"100 מ""ל",false,1,13.90,2.70,true,1,
8001841625461,false,"נוזל כלים פיירי פלטינום אורגינל 515 מ""ל",פרוקטר אנד גמבל,GB,נוזל כלים פיירי פלטי,מיליליטרים,515.00,"100 מ""ל",false,1,13.90,2.70,true,1,
8001841669465,false,אריאל קפסולות לכביסה ג'ל 24 יח' בניחוח לנור,פרוקטר אנד גמבל,FR,קפסולות לכביסה אריאל,Unknown,0.00,Unknown,false,1,36.90,36.90,true,1,
8001841960081,false,טבליות למדיח פלטינום פיירי 37 יחידות,פרוקטר אנד גמבל,BE,טבליות למדיח פלטינום,יחידה,1.00,יחידה,false,1,43.90,43.90,true,1,
8001943549122,false,"צ'וקטה מטבעות שוקולד חלב, 40 גרם",,,צוקטה מטבעות שוקולד,גרמים,40.00,100 גרם,false,1,4.90,12.25,true,1,
8002066001399,false,אטריות ביצים טלייאטלה ללא גלוטן 250גר,,IT,אטריות ביצים טליאולי,גרמים,250.00,100 גרם,false,1,18.90,7.56,true,1,
8002066001412,false,אטריות ביצים טליאוליני ללא גלוטן 250גר,,IT,אטריות ביצים טליאולי,גרמים,250.00,100 גרם,false,1,18.90,7.56,true,1,
8002230000012,false,ליקר אפרול אפריטיבו,קמפרי,,אפרול 1 ליטר,מיליליטרים,1000.00,"100 מ""ל",false,1,89.90,8.99,true,1,
8002270236792,false,שישיית סאן פלגרינו לימון 500 גר,,,שישיית סאן פלגרינו ל,מיליליטרים,3000.00,"100 מ""ל",false,1,32.90,1.10,true,1,
8002270256790,false,שישיית סאן פלגרינו בטעם תפוז ופטל 500 ג,,,שישיית סאן פלגרינו ב,מיליליטרים,3000.00,"100 מ""ל",false,1,32.90,1.10,true,1,
8002305008370,false,"רוקה דלה מאציה מנדוס פרימיטיבו 750 מ""ל",,,רוקה דלה מאציה מנדוס,Unknown,0.00,Unknown,false,1,83.90,83.90,true,1,
8002590045388,false,טוסט קלאסי 320 גרם COLUSSI,,,טוסט קלאסי 320 גרם C,גרמים,320.00,100 גרם,false,1,10.20,3.19,true,1,
8003410249313,false,שרוול תערובת קפה אינטנסו עוצמה 12,,IT,שרוול תערובת קפה סגפ,גרמים,11.00,100 גרם,false,1,21.90,199.09,true,1,
8003410249344,false,"סגפרדו, קפסולות קפה, פרו, עוצמה 9",,,"סגפרדו, קפסולות קפה,",גרמים,10.00,100 גרם,false,1,21.90,219.00,true,1,
8003410446484,false,שרוול תערובת קפה ערביקה עוצמה 9,,IT,שרוול תערובת קפה סגפ,גרמים,13.00,100 גרם,false,1,21.90,168.46,true,1,
8003490043009,false,רוברטו-מקלות מיני גריסיני רוזמרין 150 גר,,,רוברטו-מקלות מיני גר,גרמים,150.00,100 גרם,false,1,13.90,9.27,true,1,
8003490044808,false,רוברטו-ברוסקטה שמן זית 100 גר,,,רוברטו-ברוסקטה שמן ז,גרמים,100.00,100 גרם,false,1,12.90,12.90,true,1,
8004030026018,false,"מקסיקני עם טונה ריו מרה אינסלטיסימי, 160 ג'","בולטון אלימנטרי בע""מ",IT,ריו מרה אינסלטיסימי,גרמים,160.00,100 גרם,false,1,17.90,11.19,true,1,
8004030044005,false,נתחי טונה בשמן זית ריו מרה 160 ג',"בולטון אלימנטרי בע""מ",IT,טונה בשמן זית ריו מר,גרמים,160.00,100 גרם,false,1,18.70,11.69,true,1,
8004030344938,false,טונה בשמן זית ריו מרה שלישיה * 80 ג',"בולטון אלימנטרי בע""מ",IT,שלישיית טונה ריו מרה,גרמים,240.00,100 גרם,false,1,28.90,12.04,true,1,
8004030860001,false,ירקות עם קוקוס וטונה ריו מרה אינסלטיסימי 160 ג',"בולטון אלימנטרי בע""מ",IT,ריו מרה אינסלטיסימי,גרמים,160.00,100 גרם,false,1,17.90,11.19,true,1,
8004123004893,false,"שמן מתובל בטעם פטריות כמהין 250 מ""ל",,IT,שמן מתובל בטעם פטריו,מיליליטרים,250.00,"100 מ""ל",false,1,41.50,16.60,true,1,
8005110171215,false,עגבניות חתוכות 690 POLPAPEZZI ג' (כחול) MUTTI,"איי, בי, אינבוו",IT,POLPAPEZZI עגבניות ח,גרמים,500.00,100 גרם,false,1,16.90,3.38,true,1,
8005110191015,false,רסק עגבניות ובזיליקום 700 ג' (ירוק) MUTTI,"איי, בי, אינבוו",IT,רסק עגבניות ובזיליקו,גרמים,500.00,100 גרם,false,1,14.90,2.98,true,1,
8005390046579,false,"סרטורי, פינו גריגיו רוזה, לאב סטורי 750מ",,,סרטורי פינו גריגיו,Unknown,0.00,Unknown,false,1,52.90,52.90,true,1,
8005390083437,false,יין וילה מורה סואבה 750 מל,,,יין וילה מורה סואבה,Unknown,0.00,Unknown,false,1,40.90,40.90,true,1,
8005390936153,false,"סרטורי פינו גריגיו ארכולה 750 מ""ל",,,סרטורי פינו גריגיו,Unknown,0.00,Unknown,false,1,52.90,52.90,true,1,
8005469951452,false,ממרח אנשובי עם שמן חמניות,בנדטו סקלייה סרל,IT,ממרח אנשובי איטלקי 6,גרמים,60.00,100 גרם,false,1,16.20,27.00,true,1,
8005469981602,false,פילה אנשובי איטלקי ש.חמניות 80 גר SCALIA,,,פילה אנשובי איטלקי ש,גרמים,80.00,100 גרם,false,1,16.90,21.13,true,1,
8005493000966,false,יין ציטרה קרוסו 750 מל,,,יין ציטרה קרוסו 750,Unknown,0.00,Unknown,false,1,83.90,83.90,true,1,
8006050090239,false,"חומץ בלסמי ממודנה מאצטי אורגני 500 מ""ל",יבואן ומשווק: ש. שסט,IT,חומץ בלסמי ממודנה מא,מיליליטרים,500.00,"100 מ""ל",false,1,31.90,6.38,true,1,
8006290803521,false,"מים פררלה 750 מ""ל",,,"מים פררלה 750 מ""ל",מיליליטרים,750.00,"100 מ""ל",false,1,9.90,1.32,true,1,
8006540222089,false,פמפרס מגבונים היגיינים לתינוקות וילדים TO GO 40 יח',,ES,מגבונים היגיינים לתי,יחידה,1.00,יחידה,false,1,7.90,7.90,true,1,
8006663001042,false,גראנה פאדנה 200 ג' VIRGILIO,,IT,גרנה פדנו איטלקי,גרמים,200.00,100 גרם,false,1,28.20,14.10,true,1,
8006663001073,false,פרמזנו רגאנו איטלקי 200 גרם,,IT,פרמזנו רגאנו איטלקי,גרמים,200.00,100 גרם,false,1,35.90,17.95,true,1,
8007150907175,false,שמן אורז 1 ליטר,,,שמן אורז 1 ליטר,ליטרים,0.00,ליטר,false,1,46.90,46.90,true,1,
8007178223547,false,"חומץ בלסמי מצומצם גקובזי 250 מ""ל",פארייפאבה אגרואינדוס,IT,חומץ בלסמי מצומצם גק,מיליליטרים,250.00,"100 מ""ל",false,1,27.20,10.88,true,1,
8007537005203,false,טורטיליה ציפס עגול 450 גר,,,טורטיליה ציפס עגול,גרמים,450.00,100 גרם,false,1,29.90,6.64,true,1,
8007537005920,false,פרימיום ציפס מלח ים 300 גרם,,IT,פרימיום ציפס מלח ים,גרמים,300.00,100 גרם,false,1,29.90,9.97,true,1,
8007537005937,false,פרימיום ציפס פלפל שחור ומלח ים 300 גרם,,IT,פרימיום ציפס פלפל שח,גרמים,300.00,100 גרם,false,1,29.90,9.97,true,1,
8007537006538,false,"טורטיליה ציפס תירס כחול לל""ג 450 גרם",,IT,טורטיליה ציפס תירס כ,גרמים,450.00,100 גרם,false,1,29.90,6.64,true,1,
8008495002402,false,יין מרסלה פיין 700 מל,,,יין מרסלה פיין 700 מ,Unknown,0.00,Unknown,false,1,51.90,51.90,true,1,
8008660210038,false,מעדן ריבה מנץ אנד גאססר תות שדה 300 גר,קריניציה ויטמינה אס,IT,מעדן ריבה מנץ אנד גא,גרמים,300.00,100 גרם,false,1,18.90,6.30,true,1,
8008660210045,false,מעדן ריבה מנץ אנד גאססר פירות יער 300 גר,שוורצקוף& הנקל דיסלד,IT,מעדן ריבה מנץ אנד גא,גרמים,300.00,100 גרם,false,1,18.90,6.30,true,1,
8008660210069,false,מעדן מנץ אנד גאססר אפרסק פסיפלורה 320 גר,,,מעדן מנץ אנד גאססר א,גרמים,320.00,100 גרם,false,1,18.90,5.91,true,1,
8008698002599,false,לחם הבית פרוס ללא גל,דר שר,DE,SCHAR לחם הבית 240 ג,גרמים,240.00,100 גרם,false,1,24.00,10.00,true,1,
8008698003961,false,SCHAR שוקו סטיק ללא גלוטן 150 גרם,,DE,SCHAR שוקו סטיק ללא,גרמים,150.00,100 גרם,false,1,23.90,15.93,true,1,
8008698010358,false,תערובת קמחים ללא גלוטן 500 גר SCHAER,דר שר,IT,תערובת קמחים ללא גלו,גרמים,500.00,100 גרם,false,1,17.90,3.58,true,1,
8008698031032,false,"חטיף קרוויס בטעם ברביקיו לל""ג 170 גרם",,FR,חטיף קרוויס בטעם ברב,גרמים,170.00,100 גרם,false,1,20.90,12.29,true,1,
8008698033876,false,SCHAR קרקר בתוספת דגנים 210 גרם,"ד""ר שר",DE,SCHAR קרקר בתוספת דג,גרמים,210.00,100 גרם,false,1,29.90,14.24,true,1,
8008698054109,false,ממרח אגוזי לוז קקאו ומקלות אפויים 52 גר,,,ממרח אגוזי לוז קקאו,גרמים,52.00,100 גרם,false,1,13.90,26.73,true,1,
8008825005363,false,עגבניות מרוסקות 3*400 גר Rodolfi,,,עגבניות מרוסקות 3*4,קילוגרמים,0.00,"ק""ג",false,1,18.80,18.80,true,1,
8008825012538,false,מחית עגבניות 690 גרם Rodolfi,,,מחית עגבניות 690 גרם,גרמים,690.00,100 גרם,false,1,12.90,1.87,true,1,
8009915004150,false,ביסקוויט מקמח תירס שוקולד אגוזים 250 גר,מולינו דה פירו,IT,ביסקוויט מקמח תירס ש,גרמים,250.00,100 גרם,false,1,19.90,7.96,true,1,
8009915008912,false,מיני גריסיני ל.גלוטן זרעי ציה שומשום 250,מולינו דה פירו,,מיני גריסיני ל.גלוטן,גרמים,250.00,100 גרם,false,1,18.90,7.56,true,1,
8014601028747,false,קמח 00 איטלקי כחול 1 קג CAPUTO,,,"קמח ""00"" איטלקי כחול",גרמים,1000.00,100 גרם,false,1,14.90,1.49,true,1,
8015997000911,false,מאריני בישקוטים 200 גרם,,,מאריני בישקוטים 200,ליטרים,0.00,ליטר,false,1,8.90,8.90,true,1,
8017070766530,false,קרקרים בתיבול רוזמרין 150 גרם,,,קרקרים בתיבול רוזמרי,גרמים,150.00,100 גרם,false,1,11.90,7.93,true,1,
8017070766578,false,קרקרים בתיבול עגבניות ואורגנו 150 גרם,,,קרקרים בתיבול עגבניו,גרמים,150.00,100 גרם,false,1,11.90,7.93,true,1,
8017938005184,false,"חומץ תפוחים אורגני 750 מ""ל",,,חומץ תפוחים אורגני 7,מיליליטרים,750.00,"100 מ""ל",false,1,18.90,2.52,true,1,
8023678729112,false,ISOLA משקה שיבולת שועל 0% סוכר 1 ליטר,,IT,ISOLA משקה שיבולת שו,מיליליטרים,1000.00,"100 מ""ל",false,1,13.90,1.39,true,1,
8024985004305,false,סמוזי תפוח רביעיה 400 גר נטורה נובה,נטורה נובה,IT,סמוזי תפוח רביעיה 40,גרמים,400.00,100 גרם,false,1,24.50,6.13,true,1,
8032804430501,false,פליסיה פסטה פוזילי אפונה אורגני 250 גרם,אף.סי תבליני בגליל ב,IT,פליסיה פסטה פוזילי א,גרמים,250.00,100 גרם,false,1,15.90,6.36,true,1,
8032804430853,false,"טליאטלה אורז מלא לל""ג אורגני פליסיה 250",,IT,"טליאטלה אורז מלא לל""",גרמים,250.00,100 גרם,false,1,17.90,7.16,true,1,
8033020445973,false,"PIVETTI קמח 00 לכל מטרה 1 ק""ג",PIVETTI,IT,PIVETTI קמח 00 לכל מ,גרמים,1000.00,100 גרם,false,1,8.30,0.83,true,1,
8033020445997,false,"קמח איטלקי ללחמים 1 ק""ג 0 PIVETTI",PIVETTI,IT,PIVETTI קמח איטלקי ל,גרמים,1000.00,100 גרם,false,1,11.90,1.19,true,1,
8034023209104,false,רבעי ארטישוק 280 גרם TERRE,,,רבעי ארטישוק 280 גרם,גרמים,280.00,100 גרם,false,1,20.90,7.46,true,1,
8034023209166,false,ארטישוק שלם 530 גר TERRE,,,ארטישוק שלם 530 גר T,גרמים,530.00,100 גרם,false,1,30.50,5.75,true,1,
8034023209197,false,TERREעגבניות מיובשות בשמן חמניות 280 גר,,,TERREעגבניות מיובשות,גרמים,280.00,100 גרם,false,1,18.60,6.64,true,1,
8076800195033,false,ברילה - צ.א ספגטיני מס3 חדש 500 גרם,ברילה גי.אי.אר פרטלי,IT,ספגטי ברילה מס 3 ברי,גרמים,500.00,100 גרם,false,1,7.90,1.58,true,1,
8076802085738,false,ברילה - צ.ק פנה רגטה חדש 500 גרם,ברילה גי.אי.אר פרטלי,IT,פסטה ברילה פנה רגטה,גרמים,500.00,100 גרם,false,1,7.90,1.58,true,1,
8076802085936,false,ברילה - פסטה קונצילה ריגטה 500 גרם,ברילה גי.אי.אר פרטלי,IT,ברילה קונציליאה ריגא,גרמים,500.00,100 גרם,false,1,7.90,1.58,true,1,
8076802085981,false,ברילה - צ.ק פוזילי חדש 500 גרם,ברילה גי.אי.אר פרטלי,IT,פסטה ברילה פוזילי מס,גרמים,500.00,100 גרם,false,1,7.90,1.58,true,1,
8076808050440,false,ברילה פסטה מקרוני מס 44 500 גר,,,פסטה ברילה מקרוני,גרמים,500.00,100 גרם,false,1,7.90,1.58,true,1,
8076808060654,false,ברילה - צ.ק פרפלה חדש 500 גרם,ברילה גי.אי.אר פרטלי,IT,ברילה פרפלה מס 65,גרמים,500.00,100 גרם,false,1,7.90,1.58,true,1,
8076809501415,false,ברילה קנלוני/פנה 500 ג' מצה פנה טרקולור 500 גרם,,,פנה טריקולור 78 500,גרמים,500.00,100 גרם,false,1,17.10,3.42,true,1,
8076809512268,false,ברילה - צ.ק גירנדולה חדש 500 גרם,ברילה גי.אי.אר פרטלי,IT,ברילה גירנדולה מס 34,גרמים,500.00,100 גרם,false,1,7.90,1.58,true,1,
8076809513395,false,רוטב פסטה ברילה פורמודרו 400ג',ברילה גי.אי.אר פרטלי,IT,רוטב פומודורו 400 גר,גרמים,400.00,100 גרם,false,1,16.90,4.23,true,1,
8076809513456,false,ברילה רוטב עגבניות עם בזיליקום 400 גר,,IT,ברילה רוטב עגבניות,גרמים,400.00,100 גרם,false,1,16.90,4.23,true,1,
8076809513739,false,רוטב פסטה ברילה בזיליקום 400 ג',ברילה גי.אי.אר פרטלי,IT,רוטב בזיליקום 400 גר,גרמים,400.00,100 גרם,false,1,16.90,4.23,true,1,
8076809519977,false,ברילה אורקייטה 500 גר,,,ברילה אורקייטה 500 ג,גרמים,500.00,100 גרם,false,1,15.90,3.18,true,1,
8076809523738,false,פסטה ברילה לזניה 500ג',ברילה גי.אי.אר פרטלי,IT,ברילה לזניה 500 גרם,גרמים,500.00,100 גרם,false,1,25.90,5.18,true,1,
8076809545440,false,ברילה ספגטי ללא גלוטן 400 גרם,"ש. שסטוביץ בע""מ",IT,ברילה ספגטי,גרמים,400.00,100 גרם,false,1,15.90,3.98,true,1,
8076809545464,false,ברילה פסטה ללא גלוטן צורת ספירלי 400 גר,מולינו אנדריאני אס.א,IT,ברילה פסטה ללא גלוטן,גרמים,400.00,100 גרם,false,1,15.90,3.98,true,1,
8076809547956,false,ברילה - צ.ק קיפרי 500 גרם,ברילה סורג,IT,ברילה קיפרי 500 גר,גרמים,500.00,100 גרם,false,1,7.90,1.58,true,1,
8410076610379,false,נייטשר ואלי פרוטאין בוטנים ושבבי שוקולד 160 ג',סריילטו ספיין פודס,ES,חטיף נייטשר ואלי פרו,גרמים,210.00,100 גרם,false,1,27.90,13.29,true,1,
8410179002651,false,זיתים שחורים מגולענים 314 גר,,ES,זיתים שחורים מגולעני,גרמים,314.00,100 גרם,false,1,10.90,3.47,true,1,
8410179002798,false,זיתים ירוקים ממולאים בלימון 314 גר,,ES,זיתים ירוקים ממולאים,גרמים,314.00,100 גרם,false,1,11.00,3.50,true,1,
8410179002873,false,זיתים ירוקים ממולאים בשרימפס 300 גר ITLV,,ES,זיתים ירוקים ממולאים,גרמים,300.00,100 גרם,false,1,10.90,3.63,true,1,
8410479013203,false,"יין אבדיה דל רובלה אדום 750 מ""ל",,ES,יין אבדיה דל רובלה א,מיליליטרים,750.00,"100 מ""ל",false,1,31.90,4.25,true,1,
8410525116704,false,פיני גומי נשיקות 90 גרם,,ES,פיני גומי נשיקות 90,Unknown,1.00,Unknown,false,1,7.50,7.50,true,1,
8410525116728,false,פיני גומי דובונים 90 גרם,,ES,פיני גומי דובונים 90,Unknown,0.00,Unknown,false,1,7.50,7.50,true,1,
8410525116742,false,פיני גומי פטל 90 גרם,,ES,פיני גומי פטל 90 גרם,גרמים,90.00,100 גרם,false,1,7.50,8.33,true,1,
8410525116803,false,פיני גומי תנינים 90 גרם,,ES,פיני גומי תנינים 90,Unknown,0.00,Unknown,false,1,7.50,7.50,true,1,
8410525205194,false,פיני גומי מוקצף בטעם תות ושמנת 75 גרם,,ES,פיני גומי מוקצף בטעם,Unknown,1.00,Unknown,false,1,7.50,7.50,true,1,
8410525211096,false,פיני גומי ריינבואו במילוי מתוק 90 גרם,,ES,פיני גומי ריינבואו ב,Unknown,0.00,Unknown,false,1,7.50,7.50,true,1,
8410655000423,false,"מארז בירה סאן מיגל 4*330 מ""ל",,,מארז בירה סאן מיגל 4,מיליליטרים,1320.00,"100 מ""ל",false,1,26.90,2.04,true,1,
8410655001147,false,בירה סאן מיגל 500 מל פחית,,,בירה סאן מיגל אספסיא,מיליליטרים,500.00,"100 מ""ל",false,1,9.90,1.98,true,1,
8411320334027,false,נתחי טונה צהובה בשמן זית (פחית) 112 ג ORTIZ,אורטיז,ES,נתחי טונה צהובה בשמן,גרמים,112.00,100 גרם,false,1,17.30,15.45,true,1,
8412700710295,false,"קקאולט משקה קקאו מוקה 200 מ""ל",,ES,קקאולט משקה קקאו מוק,מיליליטרים,200.00,"100 מ""ל",false,1,10.90,5.45,true,1,
8413165061618,false,אוגרטה ריוחה קריאנזה 750 מל,,,אוגרטה ריוחה קריאנזה,Unknown,0.00,Unknown,false,1,60.90,60.90,true,1,
8413165085607,false,אוגרטה ריוחה רזרב 750 מל,,,אוגרטה ריוחה רזרב 75,Unknown,0.00,Unknown,false,1,86.90,86.90,true,1,
8420708012822,false,קשקבל ספרדי מיושן 200 גרם,מיוצר עי קונדיטוריית,ES,קשקבל בשלה 200 גר,גרמים,200.00,100 גרם,false,1,27.90,13.95,true,1,
8423207206488,false,חטיף דגנים מלאים מצופה שוקולד חלב 120 גר,אף.סי תבליני בגליל ב,ES,חטיף דגנים מלאים מצו,גרמים,120.00,100 גרם,false,1,13.90,11.58,true,1,
8423207206495,false,חטיף דגנים מלאים מצופה שוקולד מריר 120 ג,אף.סי תבליני בגליל ב,ES,חטיף דגנים מלאים מצו,גרמים,120.00,100 גרם,false,1,13.90,11.58,true,1,
8423207207362,false,חטיף דגנים סלים דליס שוקולד לבן 120 גר,ביסנצ'ורי אס.אל.יו,ES,חטיף דגנים סלים דליס,גרמים,120.00,100 גרם,false,1,13.90,11.58,true,1,
8423371002312,false,בוטנים צילי סאליסול 150 גרם,סאליסול,ES,בוטנים צילי סאליסול,גרמים,150.00,100 גרם,false,1,13.20,8.80,true,1,
8423371007089,false,בוטנים מלוחים בדבש 150 גרם,,ES,בוטנים מלוחים בדבש 1,גרמים,150.00,100 גרם,false,1,13.20,8.80,true,1,
8423453905654,false,"בירה ווילדר לאגר 330 מ""ל בקבוק",פונט סלאם וולנסיה,ES,בירה ווילדר לאגר 330,מיליליטרים,330.00,"100 מ""ל",false,1,6.50,1.97,true,1,
8423453905692,false,"בירה ווילדר לאגר 500 מ""ל פחית",,ES,בירה ווילדר לאגר 500,מיליליטרים,500.00,"100 מ""ל",false,1,7.90,1.58,true,1,
8423453905739,false,"שישיית בירה ווילדר לאגר 330 מ""ל בקבוק",פונט סאלם וולנסיה ספ,ES,שישיית בירה ווילדר ל,מיליליטרים,1980.00,"100 מ""ל",false,1,33.90,1.71,true,1,
8431438000256,false,מנצגו קייסו ספרדי במשקל,,,מנצגו קייסו ספרדי במ,Unknown,0.00,"ק""ג",true,0,210.00,210.00,true,1,
8595134503487,false,פילטרים לגילגול 5.3 ארוך PIH,,,פילטרים לגילגול 5.3,יחידה,1.00,יחידה,false,1,4.00,4.00,true,1,
8595134503975,false,נייר גלגול בינוני כולל פילטר PIH,,,נייר גלגול בינוני כ,יחידה,1.00,יחידה,false,1,6.00,6.00,true,1,
8683130025574,false,"מרכך כביסה אקסטרה לבנדר 960 מ""ל בדין",,TR,בדין אקסטרא לבנדר 96,מיליליטרים,960.00,"100 מ""ל",false,1,17.90,1.86,true,1,
8683130025581,false,"בדין - מרכך כביסה אקסטרא ענבר 960 מ""ל",,TR,בדין אקסטרא gbcr 960,מיליליטרים,960.00,"100 מ""ל",false,1,17.90,1.86,true,1,
8690504081913,false,מקוויטיס טינס מצופה שוקולד חלב 150 גרם,"אולקר ביסקווי סנאי,",TR,מקוויטיס טינס מצופה,גרמים,150.00,100 גרם,false,1,12.00,8.00,true,1,
8690637503856,false,ממרח הלמנס לחיץ מופחת שומן 355 גרם,,TR,ממרח הלמנס לחיץ מופח,גרמים,355.00,100 גרם,false,1,17.70,4.99,true,1,
8690637505607,false,בדין אקסטרה מרכך כביסה בניחוח פינוק כחול,יוניליוור סנאיי וי ט,TR,מרכך כביסה בדין פינו,מיליליטרים,960.00,"100 מ""ל",false,1,17.90,1.86,true,1,
8690637505959,false,דאב סבון ידיים הזנה לוטוס 500 מל,,,סבון ידיים דאב לוטוס,מיליליטרים,500.00,"100 מ""ל",false,1,19.80,3.96,true,1,
8690637871245,false,ממרח הלמנס מיונז אמיתי לחיץ 385ג',,TR,מיונז אמיתי הלמנס לח,גרמים,395.00,100 גרם,false,1,16.90,4.28,true,1,
8690766156367,false,שוקולד חלב גודייבה מעולה 90 גר,"אולקר מקבוצת פלאדיס,",TR,שוקולד חלב גודייבה מ,גרמים,90.00,100 גרם,false,1,15.90,17.67,true,1,
8690766156381,false,גודייבה שוקולד מריר 90% מוצקי קקאו 90 גרם,"אולקר מקבוצת פלאדיס,",TR,שוקולד מריר 90% גודי,גרמים,90.00,100 גרם,false,1,15.90,17.67,true,1,
8690766156398,false,שוקולד חלב מעולה בתוספת שברי שקדים קלויים דבש ומלח 90ג',"אולקר מקבוצת פלאדיס,",TR,שוקולד חלב גודייבה ש,גרמים,90.00,100 גרם,false,1,15.90,17.67,true,1,
8690766156411,false,שוקולד מריר מעולה בטעם פלפל ורוד עם חתיכות תות מסוכר 90ג',"אולקר מקבוצת פלאדיס,",TR,שוקולד מריר גודייבה,גרמים,90.00,100 גרם,false,1,15.90,17.67,true,1,
8697410091647,false,עוגיות גינגר וקינמון 300 גרם,בומפי גידה,TR,עוגיות גינגר וקינמון,גרמים,300.00,100 גרם,false,1,23.90,7.97,true,1,
8697410093290,false,נשיקות באוויר תחתיות מרנג תות 90 גרם,בומפי גידה,TR,נשיקות באוויר תחתיות,גרמים,90.00,100 גרם,false,1,19.90,22.11,true,1,
8697418280111,false,עלי טורטייה 25 סמ 840 גרם LAVALIA,רמירז,,"עלי טורטייה 25 ס""מ 8",גרמים,840.00,100 גרם,false,1,32.00,3.81,true,1,
8710418111213,false,עוגיות חמאה ברינק ספריטס הולנדי 400 גרם,,,עוגיות חמאה ברינק ספ,גרמים,400.00,100 גרם,false,1,12.50,3.13,true,1,
8710502064814,false,עוגיות מרבה שוקולד ציפס במרקם רך 175 גר,בנקטבקריי מרבה בי.וי,NL,עוגיות מרבה שוקולד צ,גרמים,175.00,100 גרם,false,1,10.90,6.23,true,1,
8710502194801,false,מרבה עוגיות שוקולד ציפס פירות יער 175 גר,בנקטבקריי מרבה בי.וי,NL,מרבה עוגיות שוקולד צ,גרמים,175.00,100 גרם,false,1,10.90,6.23,true,1,
8710739494897,false,תחנת רוח וופל טוסט 12 יח במארז 250 גר,,,תחנת רוח וופל טוסט 1,גרמים,250.00,100 גרם,false,1,13.90,5.56,true,1,
8710812011102,false,ריבת תות שדה ביתית 450 גרם,,,ריבת תות שדה ביתית 4,גרמים,450.00,100 גרם,false,1,13.70,3.04,true,1,
8710847973970,false,"תחליב רחצה דאב אלוורה ועץ שדה 750 מ""ל",,,תחליב רחצה דאב אלוור,מיליליטרים,750.00,"100 מ""ל",false,1,23.90,3.19,true,1,
8711000371176,false,קפסולות קפה אספרסו קלאסיקו 10*52 ג' ג'ייקובס,קריניציה ויטמינה אס,FR,קפסולות קפה אספרסו ק,גרמים,52.00,100 גרם,false,1,17.90,34.42,true,1,
8711000472040,false,קפסולות קפה אספרסו סלקשיין גייקובס 52 גר,,FR,קפסולות קפה אספרסו ס,גרמים,52.00,100 גרם,false,1,17.90,34.42,true,1,
8711200425990,false,חמאת בוטנים חלקה 350 גר Calve,יוניקורן פיקלס,NL,חמאת בוטנים חלקה 350,גרמים,350.00,100 גרם,false,1,20.90,5.97,true,1,
8712092034673,false,גבינה מותכת מעושנת 23% במשקל,,,גבינה מותכת מעושנת 2,Unknown,0.00,"ק""ג",true,0,105.00,105.00,true,1,
8712561594608,false,"דאב תחליב רחיצה להזנה עמוקה 750 מ""ל","יוניליוור גרמניה, Gm",DE,תחליב רחצה דאב להזנה,מיליליטרים,750.00,"100 מ""ל",false,1,23.90,3.19,true,1,
8713501034406,false,גאודה שום הולנדית במשקל,,,גאודה שום הולנדית,Unknown,0.00,"ק""ג",true,0,126.00,126.00,true,1,
8713600286072,false,לוק או לוק - גומי מגש סושי 100 גרם,,NL,לוק או לוק - גומי מג,Unknown,100.00,Unknown,false,1,21.90,0.22,true,1,
8713800139710,false,גלי בינס פקטורי פירות 90 גרם,קלואטה,IE,גלי בינס פקטורי פירו,גרמים,90.00,100 גרם,false,1,11.90,13.22,true,1,
8714599412336,false,קפה נמס בריסטה אמריקנו קלוי וטחון 160 ג' ג'ייקובס,ג'ייקובס דאו אגברטס,RU,גיקובס בריסטה אמריקנ,גרמים,160.00,100 גרם,false,1,29.50,18.44,true,1,
8714599513781,false,קפה נמס גולד מיובש בהקפאה 200 ג' ג'ייקובס,אל.אל. סי ג''יקובס ד,RU,גיקובס גולד מיובש בה,גרמים,200.00,100 גרם,false,1,29.90,14.95,true,1,
8715035150300,false,"רוטב סויה קיקומן ללא גלוטן 250 מ""ל",קיקומן פודז יורופ בי,NL,רוטב סויה קיקומן ללא,מיליליטרים,250.00,"100 מ""ל",false,1,24.50,9.80,true,1,
8715035520301,false,פונזו רוטב יפני מסורתי מבוסס על רוטב סויה ולימון,קיקומן פודז יורופ בי,NL,רוטב יפני קיקומן פונ,מיליליטרים,250.00,"100 מ""ל",false,1,24.50,9.80,true,1,
8715700115641,false,ממרח מיונז לחיץ לייט במרקם קרמי 420 ג' היינץ,,NL,ממרח קרמי לחיץ לייט,גרמים,420.00,100 גרם,false,1,15.90,3.79,true,1,
8715700118925,false,קטשופ היינץ חריף 460 גר,,NL,קטשופ היינץ חריף 460,גרמים,460.00,100 גרם,false,1,14.90,3.24,true,1,
8715700120874,false,"היינץ קטשופ בתוספת שום, 460 גרם",,NL,קטשופ שום היינץ 460,גרמים,460.00,100 גרם,false,1,11.40,2.48,true,1,
8715700422473,false,ממרח מיונז ללא חומרים משמרים 395 ג' היינץ,ה.י.היינץ,NL,מיונז לחיץ היינץ 395,גרמים,395.00,100 גרם,false,1,15.90,4.03,true,1,
8715700423906,false,קטשופ מתובל עגבניות 50% פחות סוכר 555ג' היינץ,היינץ צפון אמריקה מק,NL,מתבל עגבניות מופחת נ,גרמים,555.00,100 גרם,false,1,11.90,2.14,true,1,
8716605000995,false,גבינה מסדאם הולנדית במשקל,,,גבינה מסדאם הולנדית,Unknown,0.00,"ק""ג",true,0,90.00,90.00,true,1,
8716605001022,false,גבינת דניש בלו 100 גר,,,גבינת דניש בלו 100 ג,גרמים,100.00,100 גרם,false,1,15.20,15.20,true,1,
8718114734484,false,מיונז מיילי 320 גרם,,,מיונז מייל 320 גרם,גרמים,320.00,100 גרם,false,1,17.70,5.53,true,1,
8718951048669,false,"ספריי לניקוי חלונות בניחוח פרחים 750 מ""ל אגקס",,,ניקוי חלונות אגקס פר,מיליליטרים,750.00,"100 מ""ל",false,1,17.90,2.39,true,1,
8718951236790,false,"קולגייט טוטאל משחת שיניים קלין מינט לפה בריא 100 מ""ל",Colgate (Euro)-Palmo,PL,מש.שיניים קולגייט טו,מיליליטרים,100.00,"100 מ""ל",false,1,20.90,20.90,true,1,
8718951370135,false,ס.נוזלי פלמוליב ארומה סנסיישן גלואו 750,CP UK,TR,ס.נוזלי פלמוליב ארומ,מיליליטרים,750.00,"100 מ""ל",false,1,21.90,2.92,true,1,
8718951428492,false,"פלמוליב סבון רחצה לגבר 4ב1 מועשר בפחם 750 מ""ל",,,פלמוליב סבון רחצה לג,מיליליטרים,750.00,"100 מ""ל",false,1,21.90,2.92,true,1,
8719200998032,false,מזולה גלורי טעם חמאה 250ג',פארייפאבה אגרואינדוס,IL,מזולה בטעם חמאה 250,גרמים,250.00,100 גרם,false,1,11.50,4.60,true,1,
8719956493140,false,טוני שוקולונלי ש. חלב פקאן ובראוני 180ג,,,טוני שוקולונלי ש. חל,מיליליטרים,180.00,"100 מ""ל",false,1,21.90,12.17,true,1,
8720100012445,false,וופל טוסט בלגי 6 יח 250 גרם בקרסלנד,דה בנקט גרופ,,וופל טוסט בלגי 6 יח,גרמים,250.00,100 גרם,false,1,14.50,5.80,true,1,
8720181123955,false,"אקס - ג'ל רחצה ריצארג קריד 400 מ""ל",,DE,גל רחצה אקס רי צארג,מיליליטרים,400.00,"100 מ""ל",false,1,16.90,4.23,true,1,
8720182253194,false,סבון מוצק דאב מלפפונים ותה ירוק שישיית,,DE,סבון מוצק דאב מלפפונ,גרמים,540.00,100 גרם,false,1,28.90,5.35,true,1,
8720182256362,false,שישיית סבון מוצק דאב קלאסי 540 גר',,DE,סבון מוצק דאב קלאסי,גרמים,540.00,100 גרם,false,1,28.90,5.35,true,1,
8721200060107,false,סטרופ וופל 260 גר בקרסלנד,דה בנקט גרופ,,סטרופ וופל 260 גר בק,גרמים,260.00,100 גרם,false,1,16.50,6.35,true,1,
8801043025256,false,נונגשים ראמאן-נודלס שין חריף בקערה 114ג,,KR,נונגשים ראמאן-נודלס,גרמים,114.00,100 גרם,false,1,18.90,16.58,true,1,
8801043031011,false,נונגשים ראמאן-נודלס שין חריף בכוס 68 ג,,KR,נונגשים ראמאן-נודלס,גרמים,68.00,100 גרם,false,1,12.90,18.97,true,1,
8801043055628,false,נונגשים ראמאן-נודלס קימצי בקערה 100 ג,,KR,נונגשים ראמאן-נודלס,גרמים,100.00,100 גרם,false,1,15.90,15.90,true,1,
8801043157759,false,נונגשים ראמאן-נודלס צמפונג פירות ים 120ג,,,נונגשים ראמאן-נודלס,גרמים,120.00,100 גרם,false,1,11.90,9.92,true,1,
8801055707966,false,קפה טייסטר צו'יס נס קפה בריסטה 180ג',לוטה נסטלה קוריאה,,נסקפה טייסטרס צויס ב,גרמים,180.00,100 גרם,false,1,32.90,18.28,true,1,
8801085020301,false,אטריות נאמה אודון 200 גרם,,,אטריות נאמה אודון 20,גרמים,200.00,100 גרם,false,1,11.40,5.70,true,1,
8850161160851,false,"מי קוקוס קוקו מקס 350 מ""ל",טויו סייקאן קו.אל.טי,TH,מי קוקוס קוקו מקס 35,מיליליטרים,350.00,"100 מ""ל",false,1,9.20,2.63,true,1,
8850161161247,false,מי קוקוס קוקו מקס 1 ליטר,,TH,מי קוקוס קוקו מקס 1,מיליליטרים,1000.00,"100 מ""ל",false,1,18.90,1.89,true,1,
8850161167041,false,"חלב קוקוס קוקו וואי 270 מ""ל",טויו טייקאן קו.אל.טי,TH,חלב קוקוס קוקו וואי,מיליליטרים,270.00,"100 מ""ל",false,1,9.20,3.41,true,1,
8850161167089,false,חלב קוקוס קוקו וואי 1 ליטר,,TH,חלב קוקוס קוקו וואי,מיליליטרים,1000.00,"100 מ""ל",false,1,18.90,1.89,true,1,
8850180040028,false,קמח טמפורה להכנת בלי,,,טמפורה 500 גרם GOGI,גרמים,500.00,100 גרם,false,1,12.50,2.50,true,1,
8850389103159,false,"משקה ליצ'י עם חתיכות גלי קוקוס 320 מ""ל מוגו מוגו",סאפה פובליק קומפני ל,TH,מוגו מוגו ליצי עם חת,מיליליטרים,320.00,"100 מ""ל",false,1,8.80,2.75,true,1,
8850389105832,false,סאפה אלוורה תפוחים 1 ליטר,סאפה פובליק קומפני ל,TH,סאפה אלוורה תפוחים 1,מיליליטרים,1000.00,"100 מ""ל",false,1,15.20,1.52,true,1,
8850389105849,false,סאפה אלוורה אפרסק 1 ליטר,סאפה פובליק קומפני ל,TH,סאפה אלוורה אפרסק 1,מיליליטרים,1000.00,"100 מ""ל",false,1,15.20,1.52,true,1,
8850389111352,false,"משקה מלון עם חתיכות גלי קוקוס 320 מ""ל מוגו מוגו",סאפה פובליק קומפני ל,TH,מוגו מוגו מלון עם חת,מיליליטרים,320.00,"100 מ""ל",false,1,8.80,2.75,true,1,
8851613101385,false,"חלב קוקוס ארוי-די קרטון 500מ""ל",תאי אגרי פוד פובליק,TH,"חלב קוקוס 500 מ""ל",מיליליטרים,500.00,"100 מ""ל",false,1,13.90,2.78,true,1,
8854661001843,false,שרימפס בייבי 500 גרם קפוא,,,שרימפס בייבי 500 גרם,גרמים,500.00,100 גרם,false,1,36.90,7.38,true,1,
8854661002079,false,טבעות קלמרי 500 גר,,VN,קלמרי טבעות 500 גר,גרמים,500.00,100 גרם,false,1,35.90,7.18,true,1,
8854661003212,false,בשר מולים מבושלים 500 גר,,,בשר מולים מבושלים 50,גרמים,500.00,100 גרם,false,1,27.20,5.44,true,1,
8854661007012,false,"שרימפס מבושל מקולף 1 ק""ג קפוא",,,שרימפס מבושל מקולף,קילוגרמים,0.00,"ק""ג",false,1,88.50,88.50,true,1,
8858271002870,false,"רוטב פאד תאי 250 מ""ל מקסצאפ","ייאן וואל יון בע""מ",TH,"רוטב פאד תאי 250 מ""ל",מיליליטרים,250.00,"100 מ""ל",false,1,13.90,5.56,true,1,
8858271003020,false,רוטב סויה פורמולה 1 700 גרם מקסצאפ,,,רוטב סויה פורמולה 1,מיליליטרים,700.00,"100 מ""ל",false,1,16.90,2.41,true,1,
8858271003136,false,"רוטב פטריות צמחוני 250 מ""ל מקסצאפ",,,רוטב פטריות צמחוני 2,מיליליטרים,250.00,"100 מ""ל",false,1,13.90,5.56,true,1,
8858271004423,false,רוטב טום יאם 250 מל מקסצאפ,,,"רוטב טום יאם 250 מ""ל",מיליליטרים,250.00,"100 מ""ל",false,1,16.60,6.64,true,1,
8858271004799,false,"רוטב צילי מתוק אל פורפסיס 700 מ""ל",Yan Wal Yun Corpora,TH,רוטב צילי מתוק אל פו,מיליליטרים,700.00,"100 מ""ל",false,1,13.90,1.99,true,1,
8858359000255,false,עלי קפיר ליים יבשים 30 גר (שופרא),,,עלי קפיר ליים יבשים,גרמים,30.00,100 גרם,false,1,13.80,46.00,true,1,
8886303210504,false,"קארה קרם קוקונט 24% 500 מ""ל",,,קארה קרם קוקונט 24%,מיליליטרים,500.00,"100 מ""ל",false,1,16.70,3.34,true,1,
8886303210542,false,"קארה קרם קוקונט 17% 400 מ""ל",,,קארה קרם קוקונט 17%,מיליליטרים,400.00,"100 מ""ל",false,1,11.00,2.75,true,1,
8888021200256,false,סוללות אנרג'יזר MAX AA שמינייה,יצרן: אנרג'ייזר סינג,SG,סוללות אנרגייזר שמי,Unknown,0.00,Unknown,false,1,30.90,30.90,true,1,
8934680033442,false,גליליות אוראו במילוי קרם שוקולד 54 גרם,,VN,גליליות אוראו במילוי,גרמים,54.00,100 גרם,false,1,10.90,20.19,true,1,
8934878081811,false,"דפי אורז ל0 גלוטן 400 גרם 22 ס""מ",Chanh Khang Company,CN,"דפי אורז 22 ס""מ 400",גרמים,400.00,100 גרם,false,1,14.90,3.73,true,1,
8935083158008,false,קוקטייל פירות ים 500 גר,,,קוקטייל פירות ים 500,גרמים,500.00,100 גרם,false,1,33.50,6.70,true,1,
8936018435287,false,דג צנינון מלוח מיובש 100 גר BAR CHILI,,VN,דג צנינון מלוח מיובש,גרמים,100.00,100 גרם,false,1,15.40,15.40,true,1,
8994692541120,false,12 קונוסים לגלגול,,,קונוס 12,יחידה,1.00,יחידה,false,1,10.00,10.00,true,1,
9000101329322,false,סבון אסלה בניחוח מתחלף תפוח נופר 50 ג' ברף,,RS,ברף בניחוח מתחלף תפו,יחידה,1.00,יחידה,false,1,10.90,10.90,true,1,
9001511004823,false,"בירה גוסר בהירה 500 מ""ל",,,בירה גוסר בהירה 500,מיליליטרים,500.00,"100 מ""ל",false,1,13.90,2.78,true,1,
9002859042799,false,גונץ - מוצרט כדורים בשקית 300 גר,,,גונץ - מוצרט כדורים,גרמים,300.00,100 גרם,false,1,34.90,11.63,true,1,
9002859050183,false,טורטילה ציפס עם צילי 200 גר גנוץ,,AT,גונץ טורטילה ציפס חר,גרמים,220.00,100 גרם,false,1,14.60,6.64,true,1,
9002859050206,false,טורטילה ציפס עם גבינה 200 גר גנוץ,,AT,טורטילה ציפס בטעם גב,גרמים,200.00,100 גרם,false,1,14.60,7.30,true,1,
9002859066894,false,גונץ - חטיף מרציפן מצופה שוקולד 100 גרם,,,גונץ - חטיף מרציפן מ,גרמים,100.00,100 גרם,false,1,11.00,11.00,true,1,
9002859073199,false,גונץ-וופל קרם אגוז מצופה קקאו 200 גר,,,גונץ-וופל קרם אגוז מ,גרמים,200.00,100 גרם,false,1,12.90,6.45,true,1,
9002859087189,false,גונץ גומי פירות יער 400 גר,,,גונץ גומי פירות יער,גרמים,400.00,100 גרם,false,1,22.90,5.73,true,1,
9002859091872,false,גונץ-מרשמלו בטעם וניל בשוקולד 400 גר,,,גונץ-מרשמלו בטעם וני,גרמים,400.00,100 גרם,false,1,21.90,5.48,true,1,
9002859092657,false,גונץ-בננה ציפוי מריר 150 גר,,,גונץ-בננה ציפוי מריר,גרמים,150.00,100 גרם,false,1,12.90,8.60,true,1,
9002859108938,false,גונץ-דובוני שוקולד ברשת 100 גר,,,גונץ-דובוני שוקולד ב,גרמים,100.00,100 גרם,false,1,12.50,12.50,true,1,
9002859110870,false,פיאצלי צלפים במים וחומץ ברנדי 95 גר,,,פיאצלי צלפים במים וח,גרמים,95.00,100 גרם,false,1,12.90,13.58,true,1,
9002859117701,false,גונץ-מרמלדה פירות 250 גר,,,גונץ-מרמלדה פירות 25,גרמים,250.00,100 גרם,false,1,11.90,4.76,true,1,
9002975393812,false,סוכריות גילי הריבו האפי צירי 70 גרם,,AT,סוכריות גילי הריבו ה,גרמים,70.00,100 גרם,false,1,7.90,11.29,true,1,
9002975393843,false,סוכריות גילי הריבו גולדברס 70 גרם,"האריבו , ג'י.אם.בי.א",AT,סוכריות גילי הריבו ג,גרמים,70.00,100 גרם,false,1,7.90,11.29,true,1,
9002975393850,false,סוכריות גילי הריבו וורמס 70 גרם,"האריבו , ג'י.אם.בי.א",AT,סוכריות גילי הריבו ו,גרמים,70.00,100 גרם,false,1,7.90,11.29,true,1,
9008700128971,false,מיץ חמוציות ראוך 1 ליטר,,,מיץ חמוציות ראוך 1 ל,מיליליטרים,1000.00,"100 מ""ל",false,1,15.40,1.54,true,1,
9044400851672,false,סוכריות פז סוגים שונים + 3 מילויים,פז,HU,סוכריות 3+1 PEZ,Unknown,0.00,Unknown,false,1,12.90,12.90,true,1,
9310072025155,false,טים טם וואיט 165 גר,טים טם,AU,טים טם וואיט 165 גר,גרמים,165.00,100 גרם,false,1,21.70,13.15,true,1,
9310072028743,false,טים טם אורגינל 200 גרם,"ארנוטס ביסקוויטס בע""",AU,טים טם אורגינל 200 ג,גרמים,200.00,100 גרם,false,1,21.70,10.85,true,1,
9310072028750,false,טים טם מצופה שוקולד,"ארנוטס ביסקוויטס בע""",AU,טים טם דאבל 200 גרם,גרמים,200.00,100 גרם,false,1,21.70,10.85,true,1,
9414416501876,false,"יין פרייבט בין שרדונה 750 מ""ל וילה מריה",,,יין פרייבט בין שרדונ,Unknown,0.00,Unknown,false,1,88.90,88.90,true,1,
9770793914006,false,עיתון גירוסלים פוסט יום שישי,,,עיתון גירוסלים פוסט,Unknown,0.00,Unknown,false,1,22.00,22.00,true,1,
9771565051066,false,ידיעות אחרונות יום ו,,,ידיעות אחרונות שישי,Unknown,0.00,Unknown,false,1,20.00,20.00,true,1,
9771565290007,false,עיתון הארץ יום שישי,,,עיתון הארץ יום שישי,Unknown,0.00,Unknown,false,1,30.00,30.00,true,1,
9785386048860,false,כובע חג המולד,,,כובע חג המולד,Unknown,0.00,Unknown,false,1,9.90,9.90,true,1,
9785386048914,false,סט כדורים לעץ,,,סט כדורים לעץ,Unknown,0.00,Unknown,false,1,15.90,15.90,true,1,
9785386048921,false,כדור שלג זכוכית,,,כדור שלג זכוכית,Unknown,0.00,Unknown,false,1,19.90,19.90,true,1,
9785912501760,false,קישוט לעץ,,,קישוט לעץ,Unknown,0.00,Unknown,false,1,10.10,10.10,true,1,
9785957316824,false,קישוט לעץ,,,קישוט לעץ,Unknown,0.00,Unknown,false,1,10.10,10.10,true,1,
9871184221359,false,גאודה הולנדית 30% במשקל,,,גאודה הולנדית 30%,Unknown,0.00,"ק""ג",true,0,90.00,90.00,true,1,
9871184221367,false,גאודה עיזים הולנדית במשקל,,,גאודה עיזים הולנדית,Unknown,0.00,"ק""ג",true,0,133.00,133.00,true,1,
