code,internal_code,name,manufacturer_name,manufacture_country,manufacturer_item_description,unit_qty,quantity,unit_of_measure,weighted,qty_in_package,price,unit_of_measure_price,allow_discount,status,item_id
30095083,false,לק גוון 06יח',לוריאל,DE,לק גוון 06,יחידה,1.00,יחידה,false,1,41.90,41.90,true,1,
30095151,false,לק גוון 13 יח',לוריאל,DE,לק גוון 13,יחידה,1.00,יחידה,false,1,41.90,41.90,true,1,
30095427,false,לק גוון 40 יח',לוריאל,DE,לק גוון 40,יחידה,1.00,יחידה,false,1,41.90,41.90,true,1,
30096073,false,לק גוון 203 יח',לוריאל,DE,לק גוון 203,יחידה,1.00,יחידה,false,1,41.90,41.90,true,1,
30114319,false,מסקרה ווליום אקסטרים יח',,IL,מסקרה ווליום,יחידה,1.00,יחידה,false,1,41.90,41.90,true,1,
30143449,false,לק ג'ל קוטור,לוריאל,IL,לק ג'ל קוטור 468,יחידה,1.00,יחידה,false,1,49.90,49.90,true,1,
30145382,false,קולוריש סלים מאט 602יח',,FR,קולוריש סלים מאט,יחידה,1.00,יחידה,false,1,55.00,55.00,true,1,
30145535,false,שפתון אינק וויניל  20 יח,סופרוג'ם,FR,שפתון אינק וויני,יחידה,1.00,יחידה,false,1,45.00,45.00,true,1,
30148116,false,שפתון אינק וויניל  15 יח,סופרוג'ם,FR,שפתון אינק וויני,יחידה,1.00,יחידה,false,1,45.00,45.00,true,1,
30152892,false,לק אססי 858,,,לק אססי 858,יחידה,1.00,יחידה,false,0,41.90,41.90,true,1,
30153332,false,אבסולו ריצ'  קרם עשיר 15,,FR,אבסולו ריצ'  קרם,מיליליטרים,15.00,"100 מ""ל",false,1,49.90,332.67,true,1,
30166967,false,מסקרה HIGH SKY,סייפו,IT,מסקרה HIGH SKY,יחידה,1.00,יחידה,false,1,45.00,45.00,true,1,
30167131,false,ג'ל קוטור 484 יח',,ES,ג'ל קוטור 484,יחידה,1.00,יחידה,false,1,49.90,49.90,true,1,
30173583,false,קונסילר אינפלבל 323 יח',,IL,קונסילר אינפלבל,יחידה,1.00,יחידה,false,1,67.90,67.90,true,1,
30179493,false,מסקרה מגה ווליום יח',,IT,מסקרה מגה ווליום,יחידה,1.00,יחידה,false,1,50.00,50.00,true,1,
40144061,false,חטיף וופל קנופרס 25 גרם,שטורק,DE,חטיף וופל,גרמים,25.00,100 גרם,false,1,3.60,14.40,true,1,
42182115,false,מסטיק 5 ספירמינט סטיקס40,ריגלי צרפת,FR,5 מנטה עדינה,גרמים,40.00,100 גרם,false,0,6.90,17.25,true,1,
42188889,false,מסטיק פייב אבטיח סטיקס40,ריגלי צרפת,FR,מסטיק 5 אבטיח,גרמים,40.00,100 גרם,false,0,6.90,17.25,true,1,
42207443,false,"קרם ניוואה סופט 50 מ""ל",ביירסדורץ,IL,קרם ניוואה סופט,מיליליטרים,50.00,"100 מ""ל",false,0,8.90,17.80,true,1,
59079774,false,"דאו רול און אלוורה 50מ""ל",יוניליוור,GB,דאודורנט רקסונה,מיליליטרים,50.00,"100 מ""ל",false,1,17.90,35.80,true,1,
59079798,false,דאו רול און שאוור פרש50מ,"יוניליוור אנגליה, דרך קו",GB,דאו.רקסונה,מיליליטרים,50.00,"100 מ""ל",false,1,17.90,35.80,true,1,
59082637,false,דאו רול און אקסטרה 50ג,---,GB,רקסונה רול און,מיליליטרים,50.00,"100 מ""ל",false,1,17.90,35.80,true,1,
72994061,false,פסק זמן 2 גוד 36 גרם,שולן צ'\יקולטה גידה סאן.,TR,פסק זמן 2 גוד,גרמים,36.00,100 גרם,false,0,5.00,13.89,true,1,
80001287,false,חטיף גרדנה אגוז 38 גרם,---,AT,חטיף גרדנה,גרמים,38.00,100 גרם,false,0,4.90,12.89,true,1,
80001461,false,חטיף גרנדה שוקולד 38 גרם,לואקר,AT,חטיף גרנדה שוקול,גרמים,38.00,100 גרם,false,0,4.90,12.89,true,1,
80050025,false,סוכריות טיק-טק תפוז16גרם,פררו,ZA,טיק טק תפוז,גרמים,16.00,100 גרם,false,0,3.90,24.38,true,1,
80050124,false,טיק טק סוכריות מנטה16גרם,פררו,ZA,סוכריות טיק טק,גרמים,16.00,100 גרם,false,0,3.90,24.38,true,1,
80136194,false,הפי היפו אגוזי לוז 23*5ג,פררו,DE,חטיף הפי היפו5יח,גרמים,115.00,100 גרם,false,1,13.90,12.09,true,1,
80177173,false,ממרח נוטלה 350 גרם,פררו,IT,ממרח נוטלה,גרמים,350.00,100 גרם,false,0,15.90,4.54,true,1,
80177609,false,אצבעות שוקולד קינדר50גרם,פררו,IT,אצבעות קינדר,גרמים,50.00,100 גרם,false,0,5.00,10.00,true,1,
80773429,false,מסטיק מנטוס בקבוק תות60ג,"פרפטי ואן מלה ג'\ידה,סאן",TR,מנטוס בקבוק,גרמים,60.00,100 גרם,false,1,8.90,14.83,true,1,
80776307,false,מסטיק פירות מנטה בקבוק90,---,TR,מסטיק מנטוס,גרמים,90.00,100 גרם,false,1,19.90,22.11,true,1,
80804697,false,מסטיק מנטוס מנטה מתוקה,פרפטי ואן מלה,TR,מסטיק מנטוס,גרמים,105.00,100 גרם,false,1,19.90,18.95,true,1,
80843184,false,מסטיק פיורפרש ענבים60גר,---,TR,מסטיק מנטוס,גרמים,60.00,100 גרם,false,1,8.90,14.83,true,1,
80854753,false,"סוכ.מנטוס מנטה לל""ס21גרם",פרפטי ואן מלה,NL,סוכריות מנטוס,גרמים,21.00,100 גרם,false,1,6.90,32.86,true,1,
80864295,false,מנטוס פיורוויט מנטה עדין,"פרפטי ואן מלה ג'ידה,סאן",TR,מנטוס פיור וויט,גרמים,60.00,100 גרם,false,1,8.90,14.84,true,1,
80874652,false,קינדר קארדס 25.6 גרם,---,IT,קינדר קארדס,גרמים,26.00,100 גרם,false,1,4.30,16.54,true,1,
80896081,false,מסטיק מנטוס אבטיח60גרם,"פרפטי ואן מלה ג'\ידה,סאן",TR,מנטוס בקבוק,גרמים,60.00,100 גרם,false,1,8.90,14.83,true,1,
80913467,false,מסטיק מנטוס מנטה בקבוק60,פרפטי ואן מלה,TR,מסטיק מנטוס,גרמים,60.00,100 גרם,false,1,8.90,14.83,true,1,
80926481,false,מסטיק מנטוס אבטיח90גרם,"פרפטי ואן מלה ג'ידה,סאן",TR,מסטיק מנטוס,גרמים,90.00,100 גרם,false,1,19.90,22.11,true,1,
80979128,false,מסטיק פיורפרש דובדבן60ג,---,TR,מסטיק מנטוס,גרמים,60.00,100 גרם,false,1,8.90,14.83,true,1,
80982470,false,מסטיק מנטוס מנטה חזקה60ג,---,TR,מסטיק מנטוס,גרמים,60.00,100 גרם,false,1,8.90,14.83,true,1,
87108538,false,מנטוס תות גליל 37.5 גר,פרפטי ואן מלה ברדה,NL,מנטוס תות,גרמים,37.00,100 גרם,false,0,3.90,10.54,true,1,
87108712,false,מנטוס טעם פירות4יח37.5Xג,פרפטי ואן מלה,NL,מנטוס פירות 4,גרמים,150.00,100 גרם,false,0,11.90,7.93,true,1,
87311396,false,מנטוס ריינבאו גליל 37.50,פרפטי ואן מלה,NL,מנטוס ריינבאו,גרמים,37.00,100 גרם,false,0,3.90,10.54,true,1,
96130339,true,דאו.דאב 0% אלומיניום 50מ,"יוניליוור אנגליה, דרך קו",IT,דאודורנט דאב,מיליליטרים,50.00,"100 מ""ל",false,1,12.90,25.80,true,1,
16000423534,false,קראנצי שיבולת ושוקולד5יח,ג'נרל מילס סאן אדריאן,ES,חטיף נייצ'ר ואלי,גרמים,210.00,100 גרם,false,0,14.90,7.10,true,1,
16000548503,false,נייטשר וואלי מייפל 5יח,ג'נרל מילס סאן אדריאן,ES,חטיף נייטשר ואלי,גרמים,210.00,100 גרם,false,0,14.90,7.10,true,1,
16000548602,false,נייטשר וואלי קינמון 5יח,ג'נרל מילס סאן אדריאן,ES,חטיף נייטשר ואלי,גרמים,210.00,100 גרם,false,0,14.90,7.10,true,1,
20714007058,false,דאודורנט רול און,קליניק,GB,דאודורנט רול און,מיליליטרים,75.00,"100 מ""ל",false,0,79.00,105.33,true,1,
20714080310,false,"הפי אדט לגבר 100 מ""ל",קליניק בישום,US,הפי אדט לגבר,מיליליטרים,100.00,"100 מ""ל",false,0,159.00,159.00,true,1,
20714131173,false,דאודורנט כדורי,קליניק,US,דאודורנט כדורי,מיליליטרים,75.00,"100 מ""ל",false,0,79.00,105.33,true,1,
20714157760,false,EYES ABOUT ALL קרם עשיר,קליניק,GB,EYES ABOUT ALL,מיליליטרים,15.00,"100 מ""ל",false,0,209.00,1393.33,true,1,
20714227661,false,סבון פנים לעור מעורב200מ,קליניק,BE,סבון פנים לעור,מיליליטרים,200.00,"100 מ""ל",false,0,115.00,57.50,true,1,
20714227685,false,סבון פנים ע.מעורב שמן200,קליניק,GB,Facial Liquid,מיליליטרים,200.00,"100 מ""ל",false,0,115.00,57.50,true,1,
20714235826,false,סומק בלאשינג בלאש02,קליניק,US,סומק בלאשינג בלא,יחידה,1.00,יחידה,false,0,189.00,189.00,true,1,
20714240158,false,סבון פנים לעור יבש 200מל,קליניק,GB,סבון פנים לעור י,מיליליטרים,200.00,"100 מ""ל",false,0,115.00,57.50,true,1,
20714281113,false,מי הסרה לטיפול באקנה,קליניק,GB,אנטי בלמיש200,מיליליטרים,200.00,"100 מ""ל",false,0,129.00,64.50,true,1,
20714324629,false,BETTER EVEN מייק אפ 03,קליניק,BE,BETTER EVEN 03,מיליליטרים,30.00,"100 מ""ל",false,0,180.00,600.00,true,1,
20714462734,false,מי הסרה מעורב/שמן 400מל,קליניק,GB,מי הסרה מעורב/שמ,מיליליטרים,400.00,"100 מ""ל",false,0,195.00,48.75,true,1,
20714462758,false,מי הסרה לעור יבש200מל,קליניק,GB,מי הסרה לפנים,מיליליטרים,200.00,"100 מ""ל",false,0,115.00,57.50,true,1,
20714462772,false,מי הסרה-מעורב עד שמן200מ,קליניק,GB,מי הסרה-עור מעור,מיליליטרים,200.00,"100 מ""ל",false,0,115.00,57.50,true,1,
20714568825,false,שפתון צ'אבי סטיק טינטד10,קליניק,CA,שפתון צ'אבי סטיק,יחידה,1.00,יחידה,false,0,109.00,109.00,true,1,
20714598907,false,תחליב לחות עור יבש125מל,קליניק,GB,תחליב לחות DDML,מיליליטרים,125.00,"100 מ""ל",false,0,259.00,207.20,true,1,
20714653651,false,"ג'ל לטיפול בפצעים 30 מ""ל",קליניק,GB,ג'ל לטיפול נקודת,מיליליטרים,30.00,"100 מ""ל",false,0,149.00,496.67,true,1,
20714698911,false,CUSTOM SMARTסרום 50 מל,קליניק,GB,סרום SMART,מיליליטרים,50.00,"100 מ""ל",false,0,499.00,998.00,true,1,
20714776114,false,קרם הגנה מינרלי לפנים30מ,קליניק,BE,קרם הגנה מינרלי,מיליליטרים,30.00,"100 מ""ל",false,0,125.00,416.67,true,1,
20714859459,false,מי הסרה יבש /מעורב487מל,קליניק,US,מי הסרה עור יבש,מיליליטרים,487.00,"100 מ""ל",false,0,215.00,44.15,true,1,
20714869502,false,מסקרה אימפקט עמידה,קליניק,CA,מסקרה אימפקט עמי,יחידה,1.00,יחידה,false,0,115.00,115.00,true,1,
20714984236,false,מויסטר סרג' עיניים 15 מל,קליניק,US,מויסטר סרג' עיני,מיליליטרים,15.00,"100 מ""ל",false,1,159.00,1060.00,true,1,
22200956932,false,ספיד סטיק ג'ל 24/7 כחול,קולגייט פלמוליב,US,דאודורנט ג'ל,גרמים,85.00,100 גרם,false,0,17.90,21.06,true,1,
22548417898,false,wonderlust מארז א.ד.פ,,FR,wonderlust מארז,יחידה,1.00,יחידה,false,1,399.00,399.00,true,1,
25700005698,false,זיפלוק שקיות אחסון 24 יח,---,US,שקיות אחסון,יחידה,1.00,יחידה,false,1,13.90,13.90,true,1,
27131043317,false,Pleasures אדפ לאשה 100מל,אסתי לאודר בישו,CN,Pleasures אדפ לא,מיליליטרים,100.00,"100 מ""ל",false,0,269.00,269.00,true,1,
27131187035,false,WEAR DOUBLE מייק אפ 2c3,אסתי לאודר,BE,WEAR DOUBLE מייק,מיליליטרים,30.00,"100 מ""ל",false,0,159.00,530.00,true,1,
27131392392,false,WEAR DOUBLE מייק אפ 3N2,אסתי לאודר,BE,מייק אפ 3N2,מיליליטרים,30.00,"100 מ""ל",false,0,159.00,530.00,true,1,
27131763529,false,WEAR DAY  קרם יבש SPF15,אסתי לאודר,IL,WEAR DAY  קרם,מיליליטרים,50.00,"100 מ""ל",false,0,265.00,530.00,true,1,
27131833055,false,WEAR DAY  קרם פנים,אסתי לאודר,DE,WEAR DAY קרם,מיליליטרים,30.00,"100 מ""ל",false,0,185.00,616.67,true,1,
27131934998,false,WEAR DOUBLE מייק אפ 2C1,אסתי לאודר,BE,מייק אפ 2C1,מיליליטרים,30.00,"100 מ""ל",false,0,159.00,530.00,true,1,
27131963417,false,דאבל וואר 1N יח',אסתי לאודר,BE,דאבל וואר 1N,יחידה,1.00,יחידה,false,1,145.00,145.00,true,1,
27131969853,false,WEAR DOUBLE מייק אפ 2W2,אסתי לאודר,BE,מייק אפ 2W2,מיליליטרים,30.00,"100 מ""ל",false,0,159.00,530.00,true,1,
36000516876,false,קלינקס לושן 3 שכבות 75יח,חוגלה קימברלי,US,קלינקס לושן,יחידה,1.00,יחידה,false,1,12.90,12.90,true,1,
37977003444,false,מאמ מברשות שיניים למידה,MAM,AT,מאמ מברשת שיני,יחידה,1.00,יחידה,false,0,39.90,39.90,true,1,
37977005424,false,מאמ-נשכן רב תכליתי יחידה,MAM,HU,נשכן מאמ,יחידה,1.00,יחידה,false,0,32.90,32.90,true,1,
37977005455,false,מאמ מחזיק למוצץ,MAM,HU,מאמ מחזיק למוצץ,יחידה,1.00,יחידה,false,0,29.90,29.90,true,1,
38000232176,false,פרינגלס שמנת בצל 158 גרם,פרינגלס מנופקצ'ורינג קונ,US,פרינגלס שמנת בצל,גרמים,158.00,100 גרם,false,1,8.90,5.64,true,1,
38000232183,false,פרינגלס אורגינל 149 גרם,פרינגלס מנופקצ'ורינג קונ,US,פרינגלס אורגינל,גרמים,149.00,100 גרם,false,1,8.90,5.97,true,1,
40000513629,false,עדשים מ&מ'ס חמאת בוט142ג,מרס,US,עדשים מ&מ'ס,גרמים,142.00,100 גרם,false,1,12.50,8.80,true,1,
40000514480,false,עדשי מ&מ'ס שוקולד 48 גרם,מרס,US,עדשי מ&מ'ס,גרמים,48.00,100 גרם,false,1,5.00,10.42,true,1,
40000514510,false,עדשי מ&מ'ס בוטנים 49 גרם,מרס,US,עדשי מ&מ'ס,גרמים,49.00,100 גרם,false,1,5.00,10.20,true,1,
46214731552,false,עוגיות שוקולד צ'יפס225גר,"מרבה בע""\מ",NL,עוגיות ש.צ'יפס,גרמים,225.00,100 גרם,false,0,13.90,6.18,true,1,
46688100250,false,קרם מבהיר שיער,,US,קרם מבהיר שיער,גרמים,28.00,100 גרם,false,0,76.90,274.64,true,1,
71249290361,false,שפתון אינפליבל עמיד217יח,לוריאל,US,שפתון אינפליבל ע,יחידה,1.00,יחידה,false,1,63.90,63.90,true,1,
74451114838,false,כדור חרוזים חדש יח',ננובבה,IL,כדור חרוזים חדש,יחידה,1.00,יחידה,false,1,49.90,49.90,true,1,
74764617729,false,מארז ריסים מארז זוגי יח',,US,מארז ריסים בודדי,יחידה,1.00,יחידה,false,1,49.90,49.90,true,1,
74764638106,false,ארדל ריסים מלאכותיים 810,מג'יק,US,ריסים מלאכותיים,יחידה,1.00,יחידה,false,0,41.90,41.90,true,1,
74764750105,false,ג'ל שקוף לעיצוב גבו,מג'יק,IL,ג'ל שקוף לע,יחידה,1.00,יחידה,false,0,59.90,59.90,true,1,
74764751225,false,עפרון לעיצוב גבות מכני,,IL,עפרון לעיצוב גבו,יחידה,1.00,יחידה,false,1,49.90,49.90,true,1,
74764751386,false,קיט לעיצוב גבות יח',,IL,קיט לעיצוב גבות,יחידה,1.00,יחידה,false,1,99.90,99.90,true,1,
77975094761,false,שברי בייגלה בטעם צ'דר340,סניידרס אוף האנובר,US,חטיף סניידרס,גרמים,340.00,100 גרם,false,1,13.90,4.09,true,1,
78300081098,false,18פלייטקס ספורט רגולר,פלייטקס מניפאקטורינג בעמ,US,טמפוני פלייטקס,יחידה,1.00,יחידה,false,1,27.90,27.90,true,1,
78300081357,false,18פלייטקס ספורט ס.פלוס,---,US,טמפוני פלייטקס,יחידה,1.00,יחידה,false,1,27.90,27.90,true,1,
78300098393,false,18טמפונים פלייטקס סופר +,פלייטקס מניפאקטורינג בעמ,US,טמפונים עם מוליך,יחידה,1.00,יחידה,false,1,27.90,27.90,true,1,
79400461704,false,שמפו לגבר 2 ב1 מנטה 473,יוניליוור,US,שמפו אקס,מיליליטרים,473.00,"100 מ""ל",false,1,21.90,4.63,true,1,
79625014013,false,מברשת פודרה יח',,FR,מברשת פודרה,יחידה,1.00,יחידה,false,1,60.00,60.00,true,1,
79625017861,false,מארז סט מברשות,,IL,מארז סט מברשות,יחידה,1.00,יחידה,false,1,99.00,99.00,true,1,
79625018943,false,ספוגית להנחת פודרה יח',,IL,ספוגית להנחת פוד,יחידה,1.00,יחידה,false,1,40.00,40.00,true,1,
79625018981,false,מברשת להנחת סומק והייליי,,IL,מברשת להנחת סומק,יחידה,1.00,יחידה,false,1,65.00,65.00,true,1,
79625915662,false,ספוגית מייק אפ יח',,IL,ספוגית מייק אפ,יחידה,1.00,יחידה,false,1,40.00,40.00,true,1,
85715166067,false,"אותנטיק גבר אדט 15 מ""ל",אברקומבי בישום,US,אותנטיק גבר אדט,מיליליטרים,15.00,"100 מ""ל",false,1,39.90,266.00,true,1,
85715169525,false,אותנטיק מומנט אדט100מל,אינטר פרמיום,US,Abercrombie,מיליליטרים,100.00,"100 מ""ל",false,1,209.00,209.00,true,1,
85805192969,false,"פפיט אווניו אונלי 75 מ""ל",אליזבט ארדן,US,פפיט אווניו אונל,מיליליטרים,75.00,"100 מ""ל",false,1,99.00,132.00,true,1,
88300107438,false,One Ck א.ד.ט לגבר200מל,קלווין קליין,US,סי קיי אוון אדט,מיליליטרים,200.00,"100 מ""ל",false,1,169.00,84.50,true,1,
192333066935,false,מויסטר סרג' 100 שעות 50מ,,US,מויסטר סרג' 100,מיליליטרים,50.00,"100 מ""ל",false,1,155.00,310.00,true,1,
192333077900,false,איבן בטר קליניקל 74מייק,,FR,איבן בטר קליניקל,מיליליטרים,30.00,"100 מ""ל",false,1,220.00,733.33,true,1,
192333101001,false,מסקרה למראה דרמטי עמידה,,CA,מסקרה למראה דרמט,יחידה,1.00,יחידה,false,1,125.00,125.00,true,1,
192333102749,false,"קרם עיניים סמארט 15 מ""ל",,GB,קרם עיניים סמארט,מיליליטרים,15.00,"100 מ""ל",false,0,279.00,1860.00,true,1,
192333119921,false,מתנת תיק עם 4 פר,,,מתנת תיק עם 4 פר,יחידה,1.00,יחידה,false,0,49.00,49.00,true,1,
305213079004,false,קרם גוף וזלין להזנה 600,"יוניליוור, ג'פרסון סיטי,",US,קרם גוף ואלין,מיליליטרים,600.00,"100 מ""ל",false,1,25.90,4.32,true,1,
309970050542,false,מסקרה ג'ל לגבות 301 יח',,US,מסקרה ג'ל לגבות,יחידה,1.00,יחידה,false,1,59.90,59.90,true,1,
309970050580,false,מסקרה ג'ל לגבות305יח',,US,מסקרה ג'ל לגבות,יחידה,1.00,יחידה,false,1,59.90,59.90,true,1,
309970093297,false,סקין לייט הייליטר 201 יח,,US,סקין לייט הייליט,יחידה,1.00,יחידה,false,1,69.90,69.90,true,1,
309973174252,false,ק.סטיי שפתון אולטימט 25,רבלון,US,שפתון אולטימט,יחידה,1.00,יחידה,false,0,74.90,74.90,true,1,
309975316704,false,שפתון ק.סטיי אוברטיים470,רבלון,US,שפתון ק.סטיי אוב,יחידה,1.00,יחידה,false,0,72.90,72.90,true,1,
309975316711,false,שפתון ק.סטיי אוברטיים480,רבלון,US,שפתון ק.סטיי אוב,יחידה,1.00,יחידה,false,0,72.90,72.90,true,1,
309975316759,false,שפתון ק.סטיי אוברטיים520,רבלון,FR,שפתון ק.סטיי אוב,יחידה,1.00,יחידה,false,1,72.90,72.90,true,1,
309975410013,false,מייק אפ קולורסטיי 110,רבלון,US,מייק אפ קולורסטי,מיליליטרים,30.00,"100 מ""ל",false,0,104.90,349.67,true,1,
309975410044,false,מייק אפ קולורסטיי 200,רבלון,US,מייק אפ קולורסטי,מיליליטרים,30.00,"100 מ""ל",false,0,104.90,349.67,true,1,
309975410075,false,מייק אפ קולורסטיי 250,רבלון,US,מייק אפ קולורסטי,מיליליטרים,30.00,"100 מ""ל",false,0,104.90,349.67,true,1,
309975415032,false,מייק אפ ק.סטיי180,רבלון,US,מייק אפ ק.סטיי18,מיליליטרים,30.00,"100 מ""ל",false,0,104.90,349.67,true,1,
309975726152,false,שפתון קולורברסט225 יח',רבלון,US,שפתון קולורברסט2,יחידה,1.00,יחידה,false,0,54.90,54.90,true,1,
309976047058,false,קולורסטיי פודרה דחוסה850,רבלון,US,פודרה דחוסה,יחידה,1.00,יחידה,false,0,106.90,106.90,true,1,
309977563014,false,מסקרה סופיירס שחורה יח',,US,מסקרה סופיירס שח,יחידה,1.00,יחידה,false,1,69.90,69.90,true,1,
309979380329,false,שפתון ק.סטיי אוברטיים032,רבלון,US,שפתון ק.סטיי אוב,יחידה,1.00,יחידה,false,0,72.90,72.90,true,1,
309979632329,false,שפתון סופר לסטרוס 463יח,רבלון,US,שפתון סופר לסטרו,יחידה,1.00,יחידה,false,1,51.90,51.90,true,1,
350007641646,false,מ.שיניים ומי פה 130 גרם,---,MX,מ.שיניים ומי פה,גרמים,130.00,100 גרם,false,1,21.90,16.85,true,1,
607710004733,false,פריימר קלאסי לעור מושלם,סמאש בוקס,US,פריימר קלאסי לעו,מיליליטרים,30.00,"100 מ""ל",false,0,175.00,583.33,true,1,
607710098961,false,לחות המעניקה זוה,,,לחות המעניקה זוה,יחידה,1.00,יחידה,false,0,175.00,175.00,true,1,
608940553893,false,בלאק אדט לגבר100מל,,US,בלאק אדט,מיליליטרים,100.00,"100 מ""ל",false,0,129.00,129.00,true,1,
608940578643,false,פנסי פוראבר אדפ אשה100מל,,US,פנסי פוראבר אדפ,מיליליטרים,100.00,"100 מ""ל",false,0,109.00,109.00,true,1,
608940579572,false,פלטינום פרגרנס מיסט236מל,,US,פלטינום פרגרנס,מיליליטרים,236.00,"100 מ""ל",false,0,49.90,21.14,true,1,
608940583845,false,בילי אייליש אדפ100מל,,US,Eilish Billieאדפ,מיליליטרים,100.00,"100 מ""ל",false,1,219.00,219.00,true,1,
638102201416,false,חטיף חלבון זון יוגורט50ג,אדיר סחר,US,זון פרוטיפיד,גרמים,50.00,100 גרם,false,0,13.90,27.80,true,1,
651080153515,false,24קיסם עם חוט ג'ורדן ילד,קלרו,MY,קיסם עם חוט,יחידה,1.00,יחידה,false,1,13.50,13.50,true,1,
651080161510,false,35 קיסם עם חוט ג'ורדן,קלרו,CN,קיסם עם חוט,יחידה,1.00,יחידה,false,1,13.50,13.50,true,1,
651080366519,false,"פלאקרס ""טווין ליין""",ג'ורדן,IL,פלאקרס טווין ליי,יחידה,1.00,יחידה,false,0,13.90,13.90,true,1,
651080647519,false,36קיסם +חוט מנטה ג'ורדן,קלרו,US,קיסם עם חוט,יחידה,1.00,יחידה,false,1,13.50,13.50,true,1,
693102210004,false,איילנר ג'ל יח',,IL,איילנר ג'ל שחור,יחידה,1.00,יחידה,false,1,114.00,114.00,true,1,
693102259317,false,מסקרת מוס בגוון שחור,,US,Ma Volumazing HD,יחידה,1.00,יחידה,false,1,118.00,118.00,true,1,
693102400023,false,פודרה בגוון בננה יח',,IL,פודרה בגוון בננה,יחידה,1.00,יחידה,false,1,182.00,182.00,true,1,
693102400078,false,"פריימר ג'ל לפנים 30 מ""ל",OFRA,IL,פריימר ג'ל לפנים,מיליליטרים,30.00,"100 מ""ל",false,1,95.00,316.67,true,1,
693102500563,false,שפתון נוזלי-סאו פאולו,OFRA,US,שפתון-סאו פאולו,יחידה,1.00,יחידה,false,0,89.00,89.00,true,1,
693102500716,false,שפתון נוזלי-סטאטן איילנד,OFRA,US,שפתון-סטאטן א.,יחידה,1.00,יחידה,false,0,89.00,89.00,true,1,
693102500785,false,שפתוןו נוזלי-צ'ארמד,OFRA,US,שפתוןו-צ'ארמד,יחידה,1.00,יחידה,false,0,89.00,89.00,true,1,
693102800069,false,palette Boho יח',,IL,palette Boho,יחידה,1.00,יחידה,false,1,280.00,280.00,true,1,
693102800151,false,-SWEET PALETTE SIGNATURE,,IL,PALETT SIGNATURE,יחידה,1.00,יחידה,false,1,135.00,135.00,true,1,
693102800250,false,פלטת מיני מיקס סולסטיס י,,IL,פלטת מיני מיקס ס,יחידה,1.00,יחידה,false,1,185.00,185.00,true,1,
693493017886,false,פודרה TRANSLUCENT יח',,IL,פודרה TRANSLUCEN,יחידה,1.00,יחידה,false,1,155.00,155.00,true,1,
719346065405,false,"fantasy א.ד.פ לאשה100מ""ל",אלפא בישום,US,fantasy א.ד.פ,מיליליטרים,100.00,"100 מ""ל",false,0,99.00,99.00,true,1,
719565389207,false,נסיכות י12 לקים,,CN,סט 12 לקים,יחידה,1.00,יחידה,false,0,63.90,63.90,true,1,
719565405907,false,פרוזן מארז 12 לקים,,CN,פרוזן 12 לקים,יחידה,1.00,יחידה,false,0,63.90,63.90,true,1,
729238139367,false,טוטל רדיאנס מייק אפ יח',שיסיידו איפור,FR,טוטל רדיאנס מייק,יחידה,1.00,יחידה,false,1,514.90,514.90,true,1,
729238147331,false,מיקרו איילנר 01 יח',שיסיידו איפור,FR,מיקרו איילנר,יחידה,1.00,יחידה,false,1,120.00,120.00,true,1,
729238164178,false,עפרון שפתיים דו צדדי יח',,JP,עפרון שפתיים דו,יחידה,1.00,יחידה,false,1,120.00,120.00,true,1,
730852157132,false,קונסילר ג'ל סטיק 103 יח',,JP,קונסילר ג'ל סטיק,יחידה,1.00,יחידה,false,1,160.00,160.00,true,1,
730852157293,false,סינקרו סקין קונסילר 103,,JP,סינקרו סקין קונס,יחידה,1.00,יחידה,false,1,160.00,160.00,true,1,
730852177222,false,POWDERGEL POP צללית יח',,JP,POWDERGEL POP צל,יחידה,1.00,יחידה,false,1,125.00,125.00,true,1,
737052041353,false,Femme  א.ד.פ. לאשה100 מל,לילית-בוס,GR,Femme  א.ד.פ.,מיליליטרים,75.00,"100 מ""ל",false,0,189.00,252.00,true,1,
768614139201,false,טוטל פרוטקטיב קר,שסייאדו,IL,טוטל פרוטקטיב קר,מיליליטרים,50.00,"100 מ""ל",false,0,1480.00,2960.00,true,1,
768614139218,false,קרם מזין לילה,שסייאדו,IL,קרם מזין לילה,מיליליטרים,50.00,"100 מ""ל",false,0,1615.00,3230.00,true,1,
768614149538,false,SMOOT WRINKLE BENEFIANCE,,FR,WRINK BENEFIANCE,מיליליטרים,50.00,"100 מ""ל",false,1,395.00,790.00,true,1,
809217831052,false,"מייבש לק טופקוט 14 מ""ל",,US,מייבש לק טופקוט,מיליליטרים,14.00,"100 מ""ל",false,1,49.90,356.43,true,1,
810905034662,false,"קרם תלתלים 400 מ""ל",,IL,קרם תלתלים,מיליליטרים,400.00,"100 מ""ל",false,1,89.00,22.25,true,1,
812256021674,false,ארי בודי מיסט לאישה236מל,,US,ארי בודי מיסט לא,מיליליטרים,236.00,"100 מ""ל",false,1,49.90,21.14,true,1,
812256022480,false,אריאנה גראנדה מונליט100מ,,IL,אריאנה גראנדה מו,מיליליטרים,100.00,"100 מ""ל",false,1,209.00,209.00,true,1,
815151025488,false,"דריי שמפו  232 מ""ל",,IL,דריי שמפו  232 מ,מיליליטרים,232.00,"100 מ""ל",false,1,99.00,42.67,true,1,
815151025716,false,נומוקור מרכך לשיער 300 מ,,IL,נומוקור מרכך לשי,מיליליטרים,300.00,"100 מ""ל",false,1,89.00,29.67,true,1,
815151025747,false,ספריי ברוקלין בומשל 200מ,,IL,bombshe Brooklyn,מיליליטרים,200.00,"100 מ""ל",false,1,109.00,54.50,true,1,
815151026027,false,"ספריי מגן לחות 223 מ""ל",,IL,ספריי מגן לחות,מיליליטרים,223.00,"100 מ""ל",false,1,109.00,48.88,true,1,
815151026041,false,"שמפו אנטי פריז 300מ""ל",,IL,שמפו אנטי פריז,מיליליטרים,300.00,"100 מ""ל",false,1,99.00,33.00,true,1,
815151028106,false,סט דוגמיות color-l VAULT,,IL,סט דוגמיות VAULT,יחידה,1.00,יחידה,false,1,5.00,5.00,true,1,
840117803695,false,BRASS YOUR BUST - מסכה 2,,IL,BRASS YOUR BUST,מיליליטרים,250.00,"100 מ""ל",false,1,159.00,63.60,true,1,
840117804197,false,מסכה לשיקום אינטנסיבי 58,,IL,מסכה לשיקום אינט,גרמים,580.00,100 גרם,false,1,179.00,30.86,true,1,
840117806788,false,"סרום לעיבוי השיער 120מ""ל",CANADA SCR,CA,סרום לעיבוי השיע,מיליליטרים,120.00,"100 מ""ל",false,1,129.00,107.50,true,1,
842185115205,false,Anothe13 Labo Leאדפ100מל,,US,Anothe - Labo Le,מיליליטרים,100.00,"100 מ""ל",false,1,1389.00,1389.00,true,1,
842185115861,false,SANTAL Labo Le 33אדפ100מ,,US,SANTAL Labo Le,מיליליטרים,100.00,"100 מ""ל",false,1,1389.00,1389.00,true,1,
874034010447,false,וורם קוטון אדפ לאשה60מל,,US,וורם קוטון אדפ ל,מיליליטרים,60.00,"100 מ""ל",false,1,219.00,365.00,true,1,
887167031302,false,עפרון עינ. דאבל וור ספיר,אסתי לאודר,DE,עפרון עינ. דאבל,יחידה,1.00,יחידה,false,0,125.00,125.00,true,1,
887167388505,false,"די וור קרם לחות 50 מ""ל",קליניק,GB,די וור קרם לחות,מיליליטרים,50.00,"100 מ""ל",false,1,265.00,530.00,true,1,
887167393271,false,ג'ל עיניים AdvancedNight,אסתי לאודר,GB,Night Advanced,מיליליטרים,15.00,"100 מ""ל",false,1,310.00,2066.67,true,1,
887167443464,false,שפתון המעניק נפח יח',,FR,פילינג סוכר לשפת,יחידה,1.00,יחידה,false,1,160.00,160.00,true,1,
887167446373,false,מייק אפ פודרה מאט 3W1,,US,מייק אפ פודרה מא,גרמים,63.00,100 גרם,false,1,220.00,349.21,true,1,
887167455405,false,אדוונס נייט ריפר מטריקס,,IL,אדוונס נייט ריפר,יחידה,1.00,יחידה,false,1,310.00,310.00,true,1,
887167466777,false,מייק-אפ Dawn Futurist2W1,,FR,מייק-אפ Futurist,מיליליטרים,35.00,"100 מ""ל",false,1,230.00,657.14,true,1,
887167500242,false,עפרון עינ. דאבל וור עמיד,אסתי לאודר,DE,עפרון עיניים,יחידה,1.00,יחידה,false,1,135.00,135.00,true,1,
887167500310,false,עפרון עינ. דאבל וור עמיד,אסתי לאודר,DE,עפרון עיניים,יחידה,1.00,יחידה,false,1,135.00,135.00,true,1,
887167533219,false,"מייק-אפ בגימור מאט 30מ""ל",אסתי לאודר,BE,מייק אפ מאט,מיליליטרים,30.00,"100 מ""ל",false,0,235.00,783.33,true,1,
887167539525,false,רויטליזינג סופרים+קרם75מ,אסתי לאודר,US,קרם לחות לפנים,מיליליטרים,75.00,"100 מ""ל",false,1,640.00,853.33,true,1,
887167539532,false,רויטליזינג סופרים+קרם50מ,אסתי לאודר,GB,קרם לחות לפנים,מיליליטרים,50.00,"100 מ""ל",false,1,520.00,1040.00,true,1,
887167566248,false,קרם לחות להבהרה50מל,אסתי לאודר,US,קרם לחות להבהרה,מיליליטרים,50.00,"100 מ""ל",false,1,520.00,1040.00,true,1,
887167567252,false,בלוקבסטר 2021 יח',,US,בלוק בסטר 2021,יחידה,1.00,יחידה,false,1,549.00,549.00,true,1,
888066000079,false,טום פורדorchid blake 100,טום פורד,CH,טום פורד לאשה,מיליליטרים,100.00,"100 מ""ל",false,1,575.00,575.00,true,1,
888849005956,false,קווסט חטיף חלבון עוגת יו,סיטי תוספי מזון,IL,קווסט חטיף חלבון,גרמים,60.00,100 גרם,false,1,19.90,33.17,true,1,
888849006397,false,קווסט חטיף חלבון בוטנים,סיטי תוספי מזון,IL,קווסט חטיף חלבון,גרמים,60.00,100 גרם,false,1,19.90,33.17,true,1,
889809011109,false,מסכת פילינג פנים גוף125מ,גלאם גלואו,US,מסכת פילינג פנים,מיליליטרים,125.00,"100 מ""ל",false,1,129.00,103.20,true,1,
3014260007867,false,מ. שיניים סופט FLEX PRO,פרוקטר & גמבל,IL,מ. שיניים סופט P,יחידה,1.00,יחידה,false,1,34.90,34.90,true,1,
3014260100636,false,מברשת שיניים לילדים 0-2,פרוקטר אנד גמבל,IE,מברשת שיניים,יחידה,1.00,יחידה,false,1,15.90,15.90,true,1,
3014260100667,false,מברשת השיניים לילדים3-5,פרוקטר אנד גמבל,IE,מברשת השיניים,יחידה,1.00,יחידה,false,1,15.90,15.90,true,1,
3014260214692,false,ג'ל גילוח סירייס 200מל,ג'\ילט,GB,ג'ל גילוח סירייס,מיליליטרים,200.00,"100 מ""ל",false,0,16.90,8.45,true,1,
3014260240226,false,קצף גילוח ג'ילט רגיש200מ,ג'\ילט,GB,קצף גילוח ג'ילט,מיליליטרים,200.00,"100 מ""ל",false,0,14.90,7.45,true,1,
3014260246693,false,סכיני ונוס סימפלי,פרוקטר & גמבל,IL,סכיני ונוס סימפל,יחידה,1.00,יחידה,false,0,9.90,9.90,true,1,
3014260283254,false,5 סכיני גילוח בלו2- פלוס,פרוקטר & גמבל,IL,"סכיני גילוח ח""פ",יחידה,1.00,יחידה,false,0,19.90,19.90,true,1,
3014260289287,false,5 סכיני גילוח בלו2 לאשה,פרוקטר אנד גמבל,RU,סכיני גילוח,יחידה,1.00,יחידה,false,0,15.90,15.90,true,1,
3014260836665,false,מברשת אורל בי פרו אקספרט,פרוקטר & גמבל,ES,מברשת אורל בי,יחידה,1.00,יחידה,false,1,41.90,41.90,true,1,
3059944022415,false,ויט ארומטיק רצועות 10יח,רקיט בנקיזר,FR,ויט רצועות,יחידה,1.00,יחידה,false,0,38.90,38.90,true,1,
3145891053401,false,"N CHANEL° 5 אדפ 100 מ""ל",שאנל בישום,FR,N CHANEL° 5 אדפ,מיליליטרים,100.00,"100 מ""ל",false,1,689.00,689.00,true,1,
3145891071801,false,בלו דה שאנל פרפיום 100מל,שאנל בישום,FR,בלו דה שאנל פרפי,מיליליטרים,100.00,"100 מ""ל",false,1,679.00,679.00,true,1,
3145891073508,false,"בלו דה שאנל ג.אדפ 50 מ""ל",שאנל בישום,IL,בלו דה שאנל ג.אד,מיליליטרים,50.00,"100 מ""ל",false,0,405.00,810.00,true,1,
3145891079302,false,בלו דה שאנל  דאו גבר100מ,שאנל בישום,IL,בלו דה שאנל ג.דא,מיליליטרים,100.00,"100 מ""ל",false,0,180.00,180.00,true,1,
3145891166606,false,קוקו מדמואזל אינטנס אדפ,שאנל בישום,IL,קוקו מדמואזל אינ,מיליליטרים,100.00,"100 מ""ל",false,1,715.00,715.00,true,1,
3147755836274,false,עפרון עיניים קוהל27 נואר,לנקום,IL,עפרון עיניים קוה,יחידה,1.00,יחידה,false,0,119.00,119.00,true,1,
3147758014709,false,בוקז' דאורדורנט קרם,לנקום,IL,בוקז' דאורדורנט,מיליליטרים,50.00,"100 מ""ל",false,0,100.00,200.00,true,1,
3147758029383,false,Miracle א.ד.פ לאשה 100מל,לנקום בישום,,Miracle א.ד.פ,מיליליטרים,100.00,"100 מ""ל",false,0,329.00,329.00,true,1,
3147758030334,false,FACIL BI מסיר איפור,לנקום,IL,מסיר איפור לעיני,מיליליטרים,125.00,"100 מ""ל",false,0,169.00,135.20,true,1,
3346130013501,false,"הרמס אדפ 200 מ""ל",,FR,"הרמס אדפ 200 מ""ל",מיליליטרים,200.00,"100 מ""ל",false,1,799.00,399.50,true,1,
3346131402007,false,טר דה הרמס אדט200מל,סולארוויו קוסמט,FR,D'HERMES TERRE,מיליליטרים,200.00,"100 מ""ל",false,0,599.00,299.50,true,1,
3346470424661,false,"א.ד.ט. מטאוריטים 100 מ""ל",גרלן,FR,א.ד.ט. מטאוריטים,מיליליטרים,100.00,"100 מ""ל",false,1,489.00,489.00,true,1,
3348901486385,false,SAUVAGE פרפיום לגבר100מל,כריסטיאן דיור,FR,SAUVAGE פרפיום,מיליליטרים,100.00,"100 מ""ל",false,0,609.90,609.90,true,1,
3348901507653,false,מיס דיור רוז רוזס 100מל,,FR,מיס דיור רוז,מיליליטרים,100.00,"100 מ""ל",false,1,489.00,489.00,true,1,
3349666010518,false,אולטרא ויולט אדט 100 מל,לילית בישום,FR,אולטרא ויולט אדט,מיליליטרים,100.00,"100 מ""ל",false,0,199.00,199.00,true,1,
3351500016617,false,"אזארו וואנטד 100 מ""ל",,IL,אזארו וואנטד,מיליליטרים,100.00,"100 מ""ל",false,1,179.00,179.00,true,1,
3351500020409,false,"edt chrome azzaro 100 מ""",,FR,ed chrome azzaro,מיליליטרים,100.00,"100 מ""ל",false,1,179.00,179.00,true,1,
3355992008488,false,א.ד.ט לגבר200מHOMME POUR,אלפא בישום,FR,LAPIDUS TED,מיליליטרים,200.00,"100 מ""ל",false,1,149.00,74.50,true,1,
3360375006432,false,Code Armani א.ד.ט לגבר,לנקום בישום,FR,Code Armani אדט,מיליליטרים,125.00,"100 מ""ל",false,1,399.00,319.20,true,1,
3386460032681,false,"LEGEND א.ד.ט לגבר100 מ""ל",מונבלאן,FR,LEGEND אדט לגבר,מיליליטרים,100.00,"100 מ""ל",false,1,259.00,259.00,true,1,
3386460032704,false,מונבלאן לגנד לגבר אדט30מ,מונבלאן,FR,מונבלאן לגנד,מיליליטרים,30.00,"100 מ""ל",false,1,79.00,263.33,true,1,
3386460032735,false,מונבלאנק לג'נד דאוסטיק75,רבלון בישום,FR,מונבלאנק לג'נד ד,מיליליטרים,75.00,"100 מ""ל",false,0,49.90,66.53,true,1,
3386460036429,false,בושרון פיור הום אדפ100מל,,IL,בושרון אדפ,מיליליטרים,100.00,"100 מ""ל",false,1,199.00,199.00,true,1,
3386460066075,false,"קוואטרו אדפ 100 מ""ל",,IL,קוואטרו אדפ,מיליליטרים,100.00,"100 מ""ל",false,1,389.00,389.00,true,1,
3386460113724,false,קואץ בלו אדפ,אינטר פרמיום,,קואץ בלו אדפ,יחידה,1.00,יחידה,false,0,219.00,219.00,true,1,
3386460126571,false,קואץ' ווילד רוז לאישה90מ,,FR,קואץ' ווילד רוז,מיליליטרים,90.00,"100 מ""ל",false,1,259.00,287.78,true,1,
3386460126816,false,LEGEND סט לגבר מארז,אינטר פרמיום,FR,LEGEND סט לגבר,יחידה,1.00,יחידה,false,1,309.00,309.00,true,1,
3386460127172,false,לה פלר ווטר לילי אדט90מל,,FR,לה פלר ווטר לילי,מיליליטרים,90.00,"100 מ""ל",false,1,149.00,165.56,true,1,
3386460130370,false,מארז לג'נד לגבר אדפ,אינטר פרמיום,FR,LEGEND סט לגבר,יחידה,1.00,יחידה,false,1,299.00,299.00,true,1,
3386460130851,false,מארז ג'ימי צ'ו אדפ מארז,אינטר פרמיום,FR,מארז ג'ימי צ'ו א,יחידה,1.00,יחידה,false,1,359.00,359.00,true,1,
3390150562945,false,"ג'ל ניקוי מקציף 400 מ""ל",,IL,ג'ל ניקוי מקציף,מיליליטרים,400.00,"100 מ""ל",false,1,89.00,22.25,true,1,
3390150566899,false,"קרם עיניים  15 מ""ל",,FR,"קרם עינים 50 מ""ל",מיליליטרים,15.00,"100 מ""ל",false,1,89.00,593.33,true,1,
3423222005795,false,HER FOR אשה א.ד.ט,,FR,HER FOR אשה א.ד.,מיליליטרים,100.00,"100 מ""ל",false,1,379.00,379.00,true,1,
3423222012700,false,נרסיסו פור הר מאסק נואר,פרסטיג' שיסיידו,FR,נרסיסו פור הר מא,מיליליטרים,100.00,"100 מ""ל",false,1,419.00,419.00,true,1,
3423222015565,false,לימפטריס מס' 3 אדט 100 מ,,FR,לימפטריס מס' 3 א,מיליליטרים,100.00,"100 מ""ל",false,1,139.00,139.00,true,1,
3423222018399,false,מארז  K לגבר א.ד.ט,,FR,מארז  K לגבר,יחידה,1.00,יחידה,false,1,429.00,429.00,true,1,
3423470890075,false,נרסיסו פור קרם גוף 150מל,נרסיסו רדריגז,IL,נרסיסו פור הר א.,מיליליטרים,150.00,"100 מ""ל",false,0,249.00,166.00,true,1,
3423473020233,false,blue light א.ד.ט לאשה,דולצ'ה&גב.שסטוב,IL,blue light א.ד.ט,מיליליטרים,100.00,"100 מ""ל",false,0,379.00,379.00,true,1,
3423473020639,false,"דולצ'ה וגבנה אדפ 100 מ""ל",דולצ'ה&גב.שסטוב,IL,דולצ'ה וגבנה אדפ,מיליליטרים,100.00,"100 מ""ל",false,0,485.00,485.00,true,1,
3423474891856,false,IS THIS א.ד.פ לאשה,זדיג&וולטייר,FR,IS THIS א.ד.פ,מיליליטרים,100.00,"100 מ""ל",false,0,289.00,289.00,true,1,
3423474892051,false,HER IS THISתחליב גוף200מ,,FR,זדיג דיס איז הר,מיליליטרים,200.00,"100 מ""ל",false,1,99.00,49.50,true,1,
3439600056655,false,"אנג'ל כוכב אדפ 100מ""ל",טרי מוגלר בישום,FR,אנג'ל כוכב,מיליליטרים,100.00,"100 מ""ל",false,1,419.00,419.00,true,1,
3439601204611,false,"GODDESS ALIEN אדפ 60 מ""ל",,FR,GODDESS ALIEN אד,מיליליטרים,60.00,"100 מ""ל",false,1,359.00,598.33,true,1,
3473311985507,false,IZIA  SISLEY א.ד.פ לאשה,סיסלי בישום,FR,IZIA  SISLEY א.ד,מיליליטרים,50.00,"100 מ""ל",false,0,519.00,1038.00,true,1,
3494800028031,false,מרינה רויאל דיימונדס100מ,רבלון בישום,FR,מרינה רויאל דיימ,מיליליטרים,100.00,"100 מ""ל",false,0,129.00,129.00,true,1,
3494800042020,false,Classique  א.ד.פ לאשה,רבלון בישום,FR,Classique  לאשה,מיליליטרים,50.00,"100 מ""ל",false,0,98.90,197.80,true,1,
3494800220039,false,מרינה דינסטי מדמואזל100מ,רבלון בישום,FR,מרינה דינסטי מדמ,מיליליטרים,100.00,"100 מ""ל",false,0,129.00,129.00,true,1,
3508441001053,false,סילבר מאונטיין ווטר 100מ,,IL,סילבר מאונטיין ו,מיליליטרים,100.00,"100 מ""ל",false,1,999.00,999.00,true,1,
3508441104662,false,"קריד אוונטוס אדפ 75 מ""ל",,IL,קריד אוונטוס אדפ,מיליליטרים,75.00,"100 מ""ל",false,1,1290.00,1720.00,true,1,
3574660057706,false,שמן תינוקות ג'ונסון300מל,ג'ונסון,IT,שמן תינוקות ג'ונ,מיליליטרים,300.00,"100 מ""ל",false,1,14.90,4.97,true,1,
3574660089547,false,טמפוני או בה נורמל 32 יח,ג'\ונסון אנד ג'\ונסון,GR,טמפוני או בה,יחידה,1.00,יחידה,false,0,30.90,30.90,true,1,
3574660115154,false,32 טמפוני או בה סופר,ג'\ונסון אנד ג'\ונסון,GR,טמפוני או בה,יחידה,1.00,יחידה,false,0,30.90,30.90,true,1,
3574660239829,false,קרם ידיים ניוטרוג'ינה 75,ג'ונסון,FR,קרם ידיים קליל,מיליליטרים,75.00,"100 מ""ל",false,0,24.90,33.20,true,1,
3574660269635,false,ג'ל לפנים clean deep,ג'ונסון,FR,ג'ל לפנים c deep,מיליליטרים,150.00,"100 מ""ל",false,1,59.90,39.93,true,1,
3574660514643,false,"קרם רב""ש ניוטרוג'ינה 300",ג'ונסונס בייבי,FR,"קרם רב""ש",מיליליטרים,300.00,"100 מ""ל",false,0,29.90,9.97,true,1,
3574661098531,false,תח.גוף ניוטרוג'ינה מ400,"ש. שסטוביץ בע""\מ",GR,תחליב גוף,מיליליטרים,400.00,"100 מ""ל",false,1,29.90,7.48,true,1,
3574661098937,false,תח. גוף נטרוג'ינה יבש400,ג'ונסון,FR,תחליב גוף,מיליליטרים,400.00,"100 מ""ל",false,1,29.90,7.48,true,1,
3574661114637,false,"ליסטרין זירו 500 מ""ל",ג'\ונסון אנד ג'\ונסון,IT,מי פה ליסטרין,מיליליטרים,500.00,"100 מ""ל",false,1,19.90,3.98,true,1,
3574661199894,false,קרם ידיים נוטרוג'ינה 75מ,ג'ונסון,GR,קרם ידיים,מיליליטרים,75.00,"100 מ""ל",false,1,24.90,33.20,true,1,
3574661200019,false,תח.ניוטרוג'ינה ויזבלי400,ג'ונסון,GR,תחליב גוף,מיליליטרים,400.00,"100 מ""ל",false,1,29.90,7.48,true,1,
3574661317021,false,מגבונ.פנים הידרובוסט25יח,ג'ונסון,PL,מגבונים לפנים,יחידה,1.00,יחידה,false,1,31.90,31.90,true,1,
3574661333564,false,ויזבל קליר תרחיץ יומי200,ג'ונסון,FR,תרחיץ יומי,מיליליטרים,200.00,"100 מ""ל",false,1,58.90,29.45,true,1,
3574661352275,false,מי פה ליסטרין ילדים 250מ,ג'\ונסון אנד ג'\ונסון,IT,מי פה ליסטרין,מיליליטרים,250.00,"100 מ""ל",false,1,18.90,7.56,true,1,
3574661363998,false,"ליסטרין גרין תה 500 מ""ל",ג'\ונסון אנד ג'\ונסון,IT,מי פה ליסטרין,מיליליטרים,500.00,"100 מ""ל",false,1,38.90,7.78,true,1,
3574661391373,false,תחליב גוף הידרובוסט400מל,---,GR,תחליב גוף הידרו,מיליליטרים,400.00,"100 מ""ל",false,1,43.90,10.98,true,1,
3574661392493,false,קרם גוף הידרו בוסט 200מל,---,FR,קרם גוף הידרו,מיליליטרים,200.00,"100 מ""ל",false,1,29.90,14.95,true,1,
3574661401140,false,מי פה ליסטרין לילה 400מל,ג'ונסון,IT,מי פה ליסטרין,מיליליטרים,400.00,"100 מ""ל",false,1,19.90,4.98,true,1,
3574661419435,false,תחבושות וניה מקסי 12 יח,---,BE,תחבושות וניה,יחידה,1.00,יחידה,false,1,25.90,25.90,true,1,
3574661425696,false,ג'ונסון בייבי תחליב 500מ,ג'ונסון,IT,ג'ונסון תחליב,מיליליטרים,500.00,"100 מ""ל",false,1,31.90,6.38,true,1,
3574661428055,false,ג'ונסון תחליב כותנה500מל,ג'ונסון,IT,ג'ונסון תחליב,מיליליטרים,500.00,"100 מ""ל",false,1,33.90,6.78,true,1,
3574661471181,false,הידרהבוסט מים מיסרלי400מ,,GR,הידרה בוסט מים מ,מיליליטרים,400.00,"100 מ""ל",false,1,49.90,12.48,true,1,
3574661487328,false,מגן תחתון קרפרי 56 יח',ג'\ונסון אנד ג'\ונסון,GR,מגני תחתון קרפרי,יחידה,1.00,יחידה,false,1,12.90,12.90,true,1,
3574661487618,false,קרפרי מגן מקסי מבושם48יח,ג'\ונסון אנד ג'\ונסון,GR,קרפרי מגני תחתון,יחידה,1.00,יחידה,false,1,12.90,12.90,true,1,
3574661500355,false,מגן קרפרי לונג רגיל 40יח,ג'ונסון,GR,מגני תחתון קרפרי,יחידה,1.00,יחידה,false,1,12.90,12.90,true,1,
3574661504162,false,מוס לשטיפה אינטימית150מל,קולגייט פלמוליב,IT,שטיפה אינטימית,מיליליטרים,150.00,"100 מ""ל",false,1,20.90,13.93,true,1,
3574661552576,false,56 קרפרי מגן רגיל טנגו,ג'\ונסון אנד ג'\ונסון,GR,מגני תחתון קרפרי,יחידה,1.00,יחידה,false,1,12.90,12.90,true,1,
3574661552804,false,56קרפרי מגן תחתון אלוורה,ג'\ונסון אנד ג'\ונסון,GR,מגני תחתון קרפרי,יחידה,1.00,יחידה,false,1,12.90,12.90,true,1,
3574661552811,false,קרפרי כותון אוורירי 56יח,ג'\ונסון אנד ג'\ונסון,GR,מגן תחתון קרפרי,יחידה,1.00,יחידה,false,1,12.90,12.90,true,1,
3574661554877,false,קרפרי כותון מבושם 56 יחי,"ש. שסטוביץ בע""\מ",GR,מגני תחתון קרפרי,יחידה,1.00,יחידה,false,1,12.90,12.90,true,1,
3574661554884,false,56קרפרי רגיל טנגה ריחני,ג'\ונסון אנד ג'\ונסון,GR,מגני תחתון קרפרי,יחידה,1.00,יחידה,false,1,12.90,12.90,true,1,
3574661560489,false,CLEAN DEEP מגבונים יח',,FR,CLEAN DEEP מגבונ,יחידה,1.00,יחידה,false,1,28.90,28.90,true,1,
3574661561219,false,ליסטרין WHITE ADVANCED ב,ג'\ונסון אנד ג'\ונסון,IT,ליסטרין מי פה  א,מיליליטרים,250.00,"100 מ""ל",false,1,10.00,4.00,true,1,
3574661610344,false,"ניוטרוג'נה קרם רב""ש 300מ",גונסון אנד גונסון סנטה ב,FR,ניוטרוג'ינה קרם,מיליליטרים,300.00,"100 מ""ל",false,1,29.90,9.97,true,1,
3574661640525,false,ברייט בוסט קרם לילה 50,,FR,ברייט בוסט קרם,מיליליטרים,50.00,"100 מ""ל",false,1,99.00,198.00,true,1,
3574661650029,false,מי פה ליסטרין נטורל 500מ,ג'\ונסון אנד ג'\ונסון,IT,מי פה ליסטרין,מיליליטרים,500.00,"100 מ""ל",false,1,38.90,7.78,true,1,
3574661650760,false,קליר&דפנד ניקוי אקנה200מ,ג'ונסון,GR,קליר דפנד+ניקוי,מיליליטרים,200.00,"100 מ""ל",false,1,59.90,29.95,true,1,
3574669907392,false,ג'ונסון שמפו לתינוק 750,ג'ונסון,IT,ג'ונסון שמפו לתי,מיליליטרים,750.00,"100 מ""ל",false,1,28.90,3.85,true,1,
3574669907880,false,"שמפו בייבי 300 מ""ל",ג'ונסון,IT,שמפו בייבי,מיליליטרים,300.00,"100 מ""ל",false,1,12.90,4.30,true,1,
3574669908481,false,ג'ונסון אל סבון אמבט750מ,ג'ונסון,IT,ג'ונסון אל סבון,מיליליטרים,750.00,"100 מ""ל",false,1,24.90,3.32,true,1,
3574669908665,false,ג'ונסון אלסבון ל.שינה750,ג'ונסון,IT,ג'ונסון אל סבון,מיליליטרים,750.00,"100 מ""ל",false,1,24.90,3.32,true,1,
3574669908948,false,ג'ונסון אל סבון עדין750מ,ג'ונסון,IT,ג'ונסון אל סבון,מיליליטרים,750.00,"100 מ""ל",false,1,24.90,3.32,true,1,
3574669909136,false,שמן תינוקות ג'ונסון 300,ג'ונסון,IT,שמן תינוקות ג'ונ,מיליליטרים,300.00,"100 מ""ל",false,1,14.90,4.97,true,1,
3600520051789,false,שפתון לחות קולור ריש 362,סייפו,FR,שפתון קולור ריש,יחידה,1.00,יחידה,false,0,58.90,58.90,true,1,
3600520772028,false,MATCH TRUE פודרה C3,סייפו,IT,MATCH TRUE פודרה,יחידה,1.00,יחידה,false,0,80.90,80.90,true,1,
3600520881799,false,TELESCOPIC מסקרה שחורה,לוריאל,IT,TELESCOPIC מסקרה,יחידה,1.00,יחידה,false,0,63.90,63.90,true,1,
3600521094365,false,קסטינג קרם גלוס מס300',לוריאל פריז,BE,צבע לשיער קסטינג,יחידה,1.00,יחידה,false,0,35.90,35.90,true,1,
3600521094396,false,קסטינג קרם גלוס מס 415,לוריאל פריז,BE,צבעי שיער קסטינג,יחידה,1.00,יחידה,false,0,35.90,35.90,true,1,
3600522022893,false,אקסלנס בלונד מס9.3' יחיד,ליברמו,BE,אקסלנס,יחידה,1.00,יחידה,false,0,35.90,35.90,true,1,
3600522029946,false,אייג' פרפקט קרם יום50מל,לוריאל פרודקשן דויטשלנד,DE,אייג' פרפקט קרם,מיליליטרים,50.00,"100 מ""ל",false,1,125.00,250.00,true,1,
3600522251750,false,REVITALIFT קרם עיניים,אולניי,FR,קרם עיניים,מיליליטרים,15.00,"100 מ""ל",false,0,79.90,532.67,true,1,
3600522838586,false,LASER REVITALIFT קרם50מל,קרלסרו,DE,קרם מסכה לילה,מיליליטרים,50.00,"100 מ""ל",false,0,79.90,159.80,true,1,
3600522862482,false,MATCH TRUE מייק אפ C2,לוריאל,FR,מייק אפ C2,מיליליטרים,30.00,"100 מ""ל",false,1,92.90,309.67,true,1,
3600523193141,false,מג'יק ריטאצ' גוון 1 שחור,לוריאל ליברמו,BE,ספריי צבע שיער,מיליליטרים,75.00,"100 מ""ל",false,1,31.90,42.53,true,1,
3600523193158,false,מג'יק ריטאצ' 2 חום,לוריאל ליברמו,BE,ספריי לצביעה שיע,מיליליטרים,75.00,"100 מ""ל",false,1,31.90,42.53,true,1,
3600523216086,false,קרם יום גולדן אייג' 50מל,"קרלסרו, גרמניה",DE,קרם יום,מיליליטרים,50.00,"100 מ""ל",false,1,124.00,248.00,true,1,
3600523305957,false,CLAY PURE מסכת חימר,"קרלסרו, גרמניה",DE,מסכה לפנים,מיליליטרים,50.00,"100 מ""ל",false,1,59.90,119.80,true,1,
3600523351497,false,עפרון עיניים עמיד שחור י,,DE,עפרון עיניים עמי,יחידה,1.00,יחידה,false,1,30.00,30.00,true,1,
3600523351565,false,לור.עפרון עיניים 08חאקי,לוריאל,IL,לור.עפרון עיניים,יחידה,1.00,יחידה,false,1,25.00,25.00,true,1,
3600523428663,false,REVITALIFT קרם יום50מל,"קרלסרו, גרמניה",DE,REVITALIFT קרם,מיליליטרים,50.00,"100 מ""ל",false,1,79.90,159.80,true,1,
3600523430925,false,פיור קלי תרחיץ אדום150מ,סופרוקוס,FR,תרחיץ פיור קלי,מיליליטרים,150.00,"100 מ""ל",false,1,35.90,23.93,true,1,
3600523439836,false,מי פנים עור רגיש פרח400ג,"קרלסרו, גרמניה",DE,מי פנים,מיליליטרים,400.00,"100 מ""ל",false,1,41.90,10.48,true,1,
3600523450435,false,ג'ל רחצה עור רגיש פרח150,קרלסרו,FR,ג'ל רחצה לפנים,מיליליטרים,150.00,"100 מ""ל",false,1,35.90,23.93,true,1,
3600523503285,false,פרדייז מסקרה 01 שחור פרד,לוריאל איפור,IT,פרדייז מסקרה,יחידה,1.00,יחידה,false,1,78.90,78.90,true,1,
3600523526062,false,שמן לעור ולזקן ארוך 30מל,KARLSRUHE,DE,שמן לעור ולזקן,מיליליטרים,30.00,"100 מ""ל",false,1,54.90,183.00,true,1,
3600523605972,false,קרם לשיער אלביב קוקוס,kozmetik canan,DK,מסכה אלביב,מיליליטרים,300.00,"100 מ""ל",false,1,28.90,9.63,true,1,
3600523651870,false,שמפו אלביב ארג'ינין500מל,קוסמטיקס,TR,אלביב שמפו,מיליליטרים,550.00,"100 מ""ל",false,1,15.90,2.89,true,1,
3600523651887,false,אלביב שמפו טוטל ריפר550מ,קוסמטיקס,TR,שמפו אלביב,מיליליטרים,550.00,"100 מ""ל",false,1,15.90,2.89,true,1,
3600523651900,false,מרכך  אלביב ארג'ינין,קוסמטיקס,TR,אלביב מרכך,מיליליטרים,550.00,"100 מ""ל",false,1,15.90,2.89,true,1,
3600523652228,false,אלביב מרכך טוטאל ריפר550,קוסמטיקס,TR,אלביב שמפו,מיליליטרים,550.00,"100 מ""ל",false,1,15.90,2.89,true,1,
3600523652280,false,שמפו אלביב 6 שמנים,קוסמטיקס,TR,אלביב שמפו,מיליליטרים,550.00,"100 מ""ל",false,1,15.90,2.89,true,1,
3600523782567,false,שמפו אלביב דרים לונג500מ,קוסמטיקס,FR,אלביב שמפו,מיליליטרים,500.00,"100 מ""ל",false,1,15.90,3.18,true,1,
3600523782574,false,מסכה אלביב דרים לונג,קוסמטיקס,DE,מסכה לשיער אלביב,מיליליטרים,300.00,"100 מ""ל",false,1,28.90,9.63,true,1,
3600523782581,false,מרכך אלביב דרים לונג,קוסמטיקס,FR,אלביב מרכך,מיליליטרים,500.00,"100 מ""ל",false,1,15.90,3.18,true,1,
3600523802005,false,שפתון קולוריש 125 יח',,IT,שפתון קולוריש 12,יחידה,1.00,יחידה,false,1,58.90,58.90,true,1,
3600523816699,false,ACTIVE TRIPLE ג'ל קרם50מ,"קרלסרו, גרמניה",DE,קרם לחות,מיליליטרים,50.00,"100 מ""ל",false,1,49.90,99.80,true,1,
3600523936625,false,לוראל סרום רויטליפט 30מל,לוריאל,DE,סרום רויטליפט,מיליליטרים,30.00,"100 מ""ל",false,1,79.90,266.33,true,1,
3600523936663,false,אייג פרפקט רנסנס יום,לוריאל,DE,אייג'\ פרפקט רנס,מיליליטרים,50.00,"100 מ""ל",false,1,124.00,248.00,true,1,
3600523936700,false,"דרמו.פעולה משולשת 50 מ""ל","קרלסרו, גרמניה",DE,דרמו פעולה משולש,מיליליטרים,50.00,"100 מ""ל",false,1,49.90,99.80,true,1,
3600523936786,false,שמן לטיפוח השיער רגיל,"אינטרביוטי קוסמטיקס, ישר",FR,שמן לטיפוח השיער,מיליליטרים,100.00,"100 מ""ל",false,1,37.90,37.90,true,1,
3600523944194,false,אקס. קול קרם 6.11 חום בה,לוריאל פריז,BE,אקסלנס6.11חום קר,יחידה,1.00,יחידה,false,1,35.90,35.90,true,1,
3600523951444,false,פודרה עמידה אינפליבל 120,,IT,פודרה עמידה אינפ,יחידה,1.00,יחידה,false,1,65.00,65.00,true,1,
3600523972159,false,רויטליפט קלאסי קרם יום ל,לוריאל פרודקשן דויטשלנד,DE,רויטליפט קלאסי ק,מיליליטרים,50.00,"100 מ""ל",false,1,94.90,189.80,true,1,
3600523985326,false,קרם אנטי אייגינג 50מל,לוריאל פריס,DE,קרם אנטי אייגינג,מיליליטרים,50.00,"100 מ""ל",false,1,79.90,159.80,true,1,
3600524013448,false,אייג פרפקט קרם עיניים 15,KARLSRUHE,DE,קרם עיניים,מיליליטרים,15.00,"100 מ""ל",false,1,124.00,826.67,true,1,
3600524019587,false,רויטליפט טונר לפנים,קוסמפול,PL,רויטליפט טונר לפ,מיליליטרים,180.00,"100 מ""ל",false,1,40.00,22.22,true,1,
3600524051006,false,רויטליפט ג'ל ניקוי לפנים,קרלסרו,DE,רויטליפט ג'ל ניק,מיליליטרים,150.00,"100 מ""ל",false,1,40.00,26.67,true,1,
3600524051211,false,רויטפילט פילר קרם יום50מ,,DE,רויטפילט פילר קר,מיליליטרים,50.00,"100 מ""ל",false,1,109.00,218.00,true,1,
3600524051334,false,אלביב מרכך היאלורונית400,RAMOUILLET,FR,אלביב מרכך,מיליליטרים,400.00,"100 מ""ל",false,1,14.90,3.73,true,1,
3600524051570,false,אלביב מסכה היאלורונית300,DEUT PRODUKTION L\'OREAL,DE,אלביב מסכה,מיליליטרים,300.00,"100 מ""ל",false,1,28.90,9.63,true,1,
3600530733842,false,קונסילר אנטי איג'ינג01 י,,IL,קונסילר אנטי איג,יחידה,1.00,יחידה,false,1,45.90,45.90,true,1,
3600530733859,false,קונסילר אנטי איג'ינג02י,,IL,קונסילר אנטי איג,יחידה,1.00,יחידה,false,1,45.90,45.90,true,1,
3600530733866,false,קונסילר אנטי איג'ינג03 י,,IL,קונסילר אנטי איג,יחידה,1.00,יחידה,false,1,45.90,45.90,true,1,
3600530854363,false,פודרה סופרסטיי 24שעות 10,סייפו,IT,פודרה סופרסטיי,יחידה,1.00,יחידה,false,0,34.90,34.90,true,1,
3600531047795,false,ליינר מאסטר פרסייס זהב,שואן קוסמטיקס,DE,ליינר זהב,יחידה,1.00,יחידה,false,1,34.90,34.90,true,1,
3600531084806,false,KAJAL COLOSSAL עפרון,סייפו,DE,KAJAL COLOSSAL,יחידה,1.00,יחידה,false,1,19.90,19.90,true,1,
3600531143459,false,SENSATIONAL LASH מסקרה,סייפו,IT,מסקרה,יחידה,1.00,יחידה,false,1,39.90,39.90,true,1,
3600531384210,false,פיט פודרה 130 יחידה,מייבלין,IL,פיט פודרה 130,יחידה,1.00,יחידה,false,1,36.90,36.90,true,1,
3600531411107,false,שפתון סופר סטיי מאט15,,IL,שפתון סופר סטיי,יחידה,1.00,יחידה,false,1,43.90,43.90,true,1,
3600531417734,false,TATTOO BROW ג'ל גבות חום,,IL,ג'ל גבות חום,יחידה,1.00,יחידה,false,1,41.90,41.90,true,1,
3600531429911,false,פלטת צלליות בורגונדי יח',,IT,פלטת צלליות בורג,יחידה,1.00,יחידה,false,1,39.00,39.00,true,1,
3600531465247,false,קונסילר 07 יח',,IL,קונסילר 07,יחידה,1.00,יחידה,false,1,45.90,45.90,true,1,
3600531511630,false,שמן משמש לטיפוח הציפורן,לוריאל,IL,שמן לטיפוח הציפו,יחידה,1.00,יחידה,false,1,62.90,62.90,true,1,
3600531512743,false,נייל קר מחזק,לוריאל,IL,נייל קר מחזק,יחידה,1.00,יחידה,false,1,62.90,62.90,true,1,
3600531537289,false,סומק פיטמי 40 יח',,IL,סומק פיטמי 40,יחידה,1.00,יחידה,false,1,35.00,35.00,true,1,
3600531537470,false,סומק פיטמי 25 יח',,IL,סומק פיטמי 25,יחידה,1.00,יחידה,false,1,35.00,35.00,true,1,
3600531539900,false,נייל קר טופ גוד טוגו יח',לוריאל,IL,נייל קר טופ גוד,יחידה,1.00,יחידה,false,1,62.90,62.90,true,1,
3600531609719,false,שפתון ליפטר גלוס 08 יח',,FR,שפתון ליפטר גלוס,יחידה,1.00,יחידה,false,1,40.00,40.00,true,1,
3600531609733,false,שפתון ליפטר גלוס 05 יח',,FR,שפתון ליפטר גלוס,יחידה,1.00,יחידה,false,1,40.00,40.00,true,1,
3600531631390,false,פריימר פיט מי לומינס,,FR,מייב פריימר פיט,יחידה,1.00,יחידה,false,1,40.00,40.00,true,1,
3600541029323,false,ESSENTIALS מסיר איפור,סופרויאל,FR,ESSENTIALS מסיר,מיליליטרים,200.00,"100 מ""ל",false,0,24.90,12.45,true,1,
3600541253667,false,דאודורנט  אינביזיבל150מ,סופרוקוס,FR,דאו.גרנייה,מיליליטרים,150.00,"100 מ""ל",false,0,16.90,11.27,true,1,
3600541382930,false,"מים מיסלריים 400 מ""ל","קוסמופול, פולין",PL,מים מיסלריים,מיליליטרים,400.00,"100 מ""ל",false,0,35.00,8.75,true,1,
3600541402270,false,"דאודורנט ספריי פרש 150מ""",סופרוקוס,FR,דאו.גרנייה,מיליליטרים,150.00,"100 מ""ל",false,0,16.90,11.27,true,1,
3600541928275,false,מים מיסלריים דו-פאזי400מ,"קוסמופול, פולין",PL,מים מיסלריים דו,מיליליטרים,400.00,"100 מ""ל",false,1,35.00,8.75,true,1,
3600541937475,false,גרנייה פיור 3ב1ניקוי150מ,לוריאל,FR,גרנייה פיור ניקו,מיליליטרים,150.00,"100 מ""ל",false,1,35.00,23.33,true,1,
3600542050579,false,בוטניקל מי פנים ורדים 20,קוסמופול,PL,בוטניקל מי פנים,מיליליטרים,200.00,"100 מ""ל",false,1,25.00,12.50,true,1,
3600542052788,false,בוטניקל200חלב פנים ורדים,קוסמופול,PL,חלב פנים ורדים,מיליליטרים,200.00,"100 מ""ל",false,1,25.00,12.50,true,1,
3600542097239,false,מסכת טישו פחם תה,ביוטיקוס אינטרנשיונאל,CN,מסכת טישו פחם,יחידה,1.00,יחידה,false,1,14.90,14.90,true,1,
3600542154772,false,טישו עיניים קוקוס יח',,CN,טישו עיניים קוקו,יחידה,1.00,יחידה,false,1,12.90,12.90,true,1,
3600542232036,false,"סקין נט אלו ג'לי 50 מ""ל",לוריאל,DE,סקין נט אלו ג'ל,מיליליטרים,50.00,"100 מ""ל",false,1,47.90,95.80,true,1,
3600542245418,false,צבע לשיער אוליה 4 חום כה,גרנייה,PL,אוליה מיני 4 חום,יחידה,1.00,יחידה,false,1,25.90,25.90,true,1,
3600542245425,false,צבע לשיער אוליה 4.15 שוק,גרנייה,PL,אוליהמיני4.15חום,יחידה,1.00,יחידה,false,1,25.90,25.90,true,1,
3600542245487,false,צבע לשיער אוליה6חום בהיר,גרנייה,PL,צבע לשיער אוליה6,יחידה,1.00,יחידה,false,1,25.90,25.90,true,1,
3600542267953,false,"פיור מי מיסלר 400 מ""ל",גרנייה-קוסמטיקה,IL,פיור מי מיסלר,מיליליטרים,400.00,"100 מ""ל",false,1,35.00,8.75,true,1,
3600542309974,false,גרנייה דאו רול מגנזיום50,סופרוקוס,PL,דאו גרנייה,מיליליטרים,50.00,"100 מ""ל",false,1,17.90,35.80,true,1,
3600542326339,false,גרנייה מיסלר ורדים 400 מ,קוסמופול,PL,גרנייה מיסלר ורד,מיליליטרים,400.00,"100 מ""ל",false,1,35.00,8.75,true,1,
3600542365710,false,"PURE ג'ל ניקוי 200 מ""ל",לוריאל,PL,PURE ג'ל ניקוי,מיליליטרים,200.00,"100 מ""ל",false,1,35.00,17.50,true,1,
3600542365796,false,בוטניקל ג'ל ניקוי 200 מל,לוריאל,PL,בוטניקל ג'ל ניקו,מיליליטרים,200.00,"100 מ""ל",false,1,24.90,12.45,true,1,
3600542367936,false,מי פנים אלוורה,"קוסמופול, פולין",PL,מי פנים אלוורה,יחידה,1.00,יחידה,false,0,25.00,25.00,true,1,
3600542375801,false,פיור אקטיב 3 ב1 פחם150מל,גרנייה,FR,פיור אקטיב 3 ב 1,מיליליטרים,150.00,"100 מ""ל",false,1,35.00,23.33,true,1,
3600542380492,false,מסיכת טישו ויטמין יח',,CN,מסיכת טישו ויטמי,יחידה,1.00,יחידה,false,1,14.90,14.90,true,1,
3600542385091,false,דאו רול אקשן  72 שעות 50,קוסמופול,PL,רול און גרנייה,מיליליטרים,50.00,"100 מ""ל",false,1,17.90,35.80,true,1,
3600542385268,false,דאו רול אינביזיבל BWC 50,לוריאל ישראל קוסמטיקס בע,PL,גרנייה רול און,מיליליטרים,50.00,"100 מ""ל",false,1,17.90,35.80,true,1,
3600542385275,false,דאו רול און פיור אקטיב50,---,FR,רול און גרנייה,מיליליטרים,50.00,"100 מ""ל",false,1,17.90,35.80,true,1,
3600542385329,false,טישו מסק תה ירוק יח',סין,CN,טישו מסק תה ירוק,יחידה,1.00,יחידה,false,1,14.90,14.90,true,1,
3600542385626,false,גרנייה טישו ואלוורה 32 ג,---,CN,גרנייה טישו ואלו,גרמים,32.00,100 גרם,false,1,14.90,46.56,true,1,
3600542385657,false,מסכת טישו לילה יח',,CN,מסכת טישו לילה,יחידה,1.00,יחידה,false,1,14.90,14.90,true,1,
3600542397926,false,דאו ספריי פרו ורוד 150 מ,"קוסמופול, פולין",FR,ספריי גרניה,מיליליטרים,150.00,"100 מ""ל",false,1,16.90,11.27,true,1,
3600542415194,false,קרם לחות BB ללא שמן 50מל,לוריאל,FR,קרם לחות,מיליליטרים,50.00,"100 מ""ל",false,1,60.00,120.00,true,1,
3600542416405,false,BBקרם לחות קלאסי 50מל,לוריאל,FR,BB מדיוםקרם לחות,מיליליטרים,50.00,"100 מ""ל",false,1,60.00,120.00,true,1,
3600542421621,false,פרוקטיס היירפוד מסכה390מ,"אינטרביוטי קוסמטיק בע""\מ",IL,פרוקטיס היירפוד,מיליליטרים,390.00,"100 מ""ל",false,1,39.90,10.23,true,1,
3600542421638,false,פרוקטיס היירפוד שמפו350מ,"אינטרביוטי קוסמטיק בע""\מ",IL,פרוקטיס היירפוד,מיליליטרים,350.00,"100 מ""ל",false,1,13.50,3.86,true,1,
3600542421645,false,פרוקטיס היירפוד מרכך מקד,"אינטרביוטי קוסמטיק בע""\מ",IL,פרוקטיס היירפוד,מיליליטרים,350.00,"100 מ""ל",false,1,13.50,3.86,true,1,
3600542431828,false,קולור נטורלס 1 שחור,לוריאל ישראל קוסמטיקס בע,PL,קולור נטורלס 1,יחידה,1.00,יחידה,false,1,22.90,22.90,true,1,
3600542431873,false,צבע שיער קולור נטורלס 7,לוריאל ישראל קוסמטיקס בע,PL,קולור נטורלס 7,יחידה,1.00,יחידה,false,1,22.90,22.90,true,1,
3600542431903,false,צבע לשיער קולור נטורלס10,לוריאל ישראל קוסמטיקס בע,PL,צבע לשיער  קולו,יחידה,1.00,יחידה,false,1,22.90,22.90,true,1,
3600542431972,false,צבע שיער קולור נטורלס111,לוריאל ישראל קוסמטיקס בע,PL,קולור נטורלס 111,יחידה,1.00,יחידה,false,1,22.90,22.90,true,1,
3600542431989,false,קולור נטורלס 6.34,לוריאל ישראל קוסמטיקס בע,PL,קולור נטורלס6.34,יחידה,1.00,יחידה,false,1,22.90,22.90,true,1,
3600542431996,false,צבע שיער קולור נטורל5.15,יבואן ומשווק: n\לוריאל י,PL,צבע שיער קולור,יחידה,1.00,יחידה,false,1,22.90,22.90,true,1,
3600542432009,false,קולור נטורלס 4.5,לוריאל ישראל קוסמטיקס בע,PL,קולור נטורלס 4.5,יחידה,1.00,יחידה,false,1,22.90,22.90,true,1,
3600542432054,false,קולור נטורלס 9.1,גרנייה,PL,קולור נטורלס9.1,יחידה,1.00,יחידה,false,1,22.90,22.90,true,1,
3600542433266,false,גרנייה סרום ויטמין סי30מ,KARLSRUHE,DE,גרנייה סרום ויטמ,מיליליטרים,30.00,"100 מ""ל",false,1,59.90,199.67,true,1,
3600542456579,false,"מיסלר ויטמין סי 400 מ""ל",KARLSRUHE,DE,מיסלר ויטמין סי,מיליליטרים,400.00,"100 מ""ל",false,1,35.00,8.75,true,1,
3605522040588,false,E.D.T You With Stronger,אינטרביוטי-בישו,FR,u With Stronger,מיליליטרים,100.00,"100 מ""ל",false,0,298.00,298.00,true,1,
3605530314114,false,נוטריקס רויאל בודי400מל,לנקום,IL,לנ.נוטריקס רויאל,מיליליטרים,400.00,"100 מ""ל",false,0,189.00,47.25,true,1,
3605530742221,false,מים מיסלרים לפנים200מל,לנקום,IL,מי פנים,מיליליטרים,200.00,"100 מ""ל",false,0,238.00,119.00,true,1,
3605530742702,false,לנק.גאלאטיס קלרטה 200 יח,לנקום,IL,לנק.גאלאטיס קלרט,יחידה,1.00,יחידה,false,1,159.00,159.00,true,1,
3605530931663,false,BOCAGE דאודורנט רול און,לנקום,IL,BOCAGE דאודורנט,מיליליטרים,50.00,"100 מ""ל",false,0,100.00,200.00,true,1,
3605532908724,false,LIFT MULTI RENERGIE סרום,לנקום,IL,רנרג'י  סרום,מיליליטרים,50.00,"100 מ""ל",false,0,529.00,1058.00,true,1,
3605532973623,false,BX ABSOLUE קרם לילה 75מל,לנקום,IL,BX ABSOLUE קרם,מיליליטרים,75.00,"100 מ""ל",false,0,829.00,1105.33,true,1,
3607345264912,false,ספריי גוף אייס דייב 150מ,COLEPCCL,ES,ספריי גוף אדידס,מיליליטרים,150.00,"100 מ""ל",false,0,22.90,15.27,true,1,
3607346232347,false,"קלואה קלאסי אדפ 50 מ""ל",רוק בישום,GR,קלואה קלאסי אדפ,מיליליטרים,50.00,"100 מ""ל",false,0,299.00,598.00,true,1,
3607346232385,false,"קלואה אדפ לאשה 75 מ""ל",איניבידואל-שסטו,FR,Chloe א.ד.פ לאשה,מיליליטרים,75.00,"100 מ""ל",false,1,389.00,518.67,true,1,
3614226754196,false,וולה דלוקס ספריי לנפח75מ,"אינטרספריי, צרפת",FR,ספריי לנפח והגנה,מיליליטרים,75.00,"100 מ""ל",false,1,16.90,22.53,true,1,
3614226754295,false,וולה ספריי לנפח 250מ,"אינטרספריי, צרפת",FR,וולה ספריי לשיער,מיליליטרים,250.00,"100 מ""ל",false,1,34.90,13.96,true,1,
3614226761538,false,קולסטון ספריי חום אדום,דיפלומט,DE,קולסטון ספריי,מיליליטרים,75.00,"100 מ""ל",false,1,39.90,53.20,true,1,
3614226761651,false,קולסטון ספריי בלונד,דיפלומט,DE,קולסטון ספריי,מיליליטרים,75.00,"100 מ""ל",false,1,39.90,53.20,true,1,
3614228842822,false,Natural Signature,,FR,קלואה סיגנצ'ר נט,מיליליטרים,100.00,"100 מ""ל",false,1,499.00,499.00,true,1,
3614228865883,false,וולה סופט קולור 2/0 שחור,"HFC פרסטיג,'\ שטיינברג,",DE,וולה קולור,יחידה,1.00,יחידה,false,1,24.90,24.90,true,1,
3614229656145,false,"סי קי אברי וואן 100 מ""ל",,GR,סי קי אברי וואן,מיליליטרים,100.00,"100 מ""ל",false,1,179.00,179.00,true,1,
3614229717082,false,וולה מוס למגע משי 200מ,אינטרספריי,FR,וולה מוס מגע משי,מיליליטרים,200.00,"100 מ""ל",false,1,39.90,19.95,true,1,
3614229717105,false,וולה דלוקס ספרי לחות150מ,אונדל,FR,ספריי לחות וולה,מיליליטרים,150.00,"100 מ""ל",false,1,19.90,13.27,true,1,
3614270971242,false,קונסילר אפסרנס01,לנקום,IL,קונסילר אפסרנס01,יחידה,1.00,יחידה,false,0,199.00,199.00,true,1,
3614271430281,false,ULTRA IDOLE TEINT 03,לנקום,FR,מייק אפ 03,מיליליטרים,30.00,"100 מ""ל",false,1,179.00,596.67,true,1,
3614271682369,false,BIG MONSIEUR מסקרה 01,לנקום,IL,BIG MONSIEUR 01,מיליליטרים,10.00,"100 מ""ל",false,0,159.00,1590.00,true,1,
3614271717108,false,"Y א.ד.ט 10 מ""ל",,FR,"Y א.ד.ט 10 מ""ל",מיליליטרים,10.00,"100 מ""ל",false,1,49.90,499.00,true,1,
3614271834256,false,CREAM RECH L'Extrait 50,לנקום,FR,C RECH L'Extrait,מיליליטרים,50.00,"100 מ""ל",false,1,1650.00,3300.00,true,1,
3614272049161,false,קרם יום אבסולו ריצ' 60מל,לנקום,FR,קרם יום אבסולו ר,מיליליטרים,60.00,"100 מ""ל",false,1,929.00,1548.33,true,1,
3614272126008,false,לוס סטינג פודרה מבריקה,לנקום,FR,לוס סטינג פודרה,יחידה,1.00,יחידה,false,1,219.00,219.00,true,1,
3614272161795,false,היפנוז מסקרה חומה  02,לנקום,FR,היפנוז מסקרה,מיליליטרים,6.00,"100 מ""ל",false,1,159.00,2650.00,true,1,
3614272207646,false,הידרה זאן מסיכת ג'ל 100,לנקום,FR,הידרה זאן מסיכת,מיליליטרים,100.00,"100 מ""ל",false,1,150.00,150.00,true,1,
3614272370005,false,גנפיק לייט פארל סרום 20,,IL,גנפיק לייט פארל,מיליליטרים,20.00,"100 מ""ל",false,1,309.00,1545.00,true,1,
3614272648401,false,"ליברה אדפ 30 מ""ל",,FR,ליברה אדפ,מיליליטרים,30.00,"100 מ""ל",false,1,149.00,496.67,true,1,
3614272860377,false,"רנרג'י טריפל סרום 50 מ""ל",,FR,רנרג'י טריפל סרו,מיליליטרים,50.00,"100 מ""ל",false,1,539.00,1078.00,true,1,
3614273065283,false,שפתון בגוון מאט 130 יח',,FR,שפתון בגוון מאט,יחידה,1.00,יחידה,false,1,159.00,159.00,true,1,
3614273069557,false,"ליברה אינטנס אדפ 90 מ""ל",,IL,ליברה אינטנס אדפ,מיליליטרים,90.00,"100 מ""ל",false,1,429.00,476.67,true,1,
3614273095808,false,איידול פאוור תחליב 200מל,,FR,איידול לה פאוור,מיליליטרים,200.00,"100 מ""ל",false,1,149.00,74.50,true,1,
3614273203470,false,"איידול אינטנס 50 מ""ל",,IL,איידול אינטנס,מיליליטרים,50.00,"100 מ""ל",false,1,269.00,538.00,true,1,
3614273313162,false,"סי אדפ אינטנס 100 מ""ל",,FR,סי אדפ אינטנס,מיליליטרים,100.00,"100 מ""ל",false,1,399.00,399.00,true,1,
3614273346498,false,"סרום פנים אבסולו 30 מ""ל",לנקום,FR,סרום פנים אבסולו,מיליליטרים,30.00,"100 מ""ל",false,1,1160.00,3866.67,true,1,
3614273686662,false,"לה ויה בל א.ד.פ 100 מ""ל",,FR,לה ויה בל א.ד.פ,מיליליטרים,100.00,"100 מ""ל",false,1,359.00,359.00,true,1,
3614273709934,false,"מארז בישום IDOLE 100 מ""ל",,FR,מארז בישום IDOLE,יחידה,1.00,יחידה,false,1,479.00,479.00,true,1,
3614273760164,false,"פרדוקס א.ד.פ אישה 90מ""ל",לנקום בישום,FR,פרדוקס א.ד.פ איש,מיליליטרים,90.00,"100 מ""ל",false,1,499.00,554.44,true,1,
3614273776134,false,ליברה לה פארפם,,,ליברה לה פארפם,יחידה,1.00,יחידה,false,0,149.00,149.00,true,1,
3614273882491,false,מארז קרם פנים רנרג'י יחי,לנקום,IL,מארז קרם פנים רנ,יחידה,1.00,יחידה,false,1,499.00,499.00,true,1,
3616301794608,false,"GUILTY GUCCI א.ד.פ 90 מ""",,DE,GUILTY GUCCI א.ד,מיליליטרים,90.00,"100 מ""ל",false,1,469.00,521.11,true,1,
3661163904016,false,נאוטיקה קלאס.גבר אדט100מ,סופטאץ בישום,IL,נאוטיקה קלאסיק,מיליליטרים,100.00,"100 מ""ל",false,0,79.00,79.00,true,1,
3838824127149,false,צבע סמי קיט פלטה מס1-1',הנקל סוד,SI,צבע לשיער פלטה,יחידה,1.00,יחידה,false,0,29.90,29.90,true,1,
3838824127286,false,צבע סמי קיט פלטה מס7-0',הנקל סוד,SI,צבעי שיער פלטה,יחידה,1.00,יחידה,false,0,29.90,29.90,true,1,
3838824167145,false,צבע לשיער פלטה קיט 7-65,הנקל סוד,DE,צבע לשיער פלטה,יחידה,1.00,יחידה,false,0,38.90,38.90,true,1,
3838824193915,false,צבע סמי קיט פלטה מס1-0',הנקל סוד,SI,צבע סמי קיט פלטה,יחידה,1.00,יחידה,false,0,29.90,29.90,true,1,
3838824193939,false,צבע לשיער פלטה קיט סגול,הנקל סוד,DE,צבע לשיער פלטה,יחידה,1.00,יחידה,false,0,38.90,38.90,true,1,
3838824380940,false,צבע סמי קיט פלטה מס1-8,הנקל סוד,SI,צבע לשיער פלטה,יחידה,1.00,יחידה,false,1,29.90,29.90,true,1,
4005808222698,false,קצף גילוח ניוואה רגיש200,ביירסדורץ,DE,קצף גילוח ניוואה,מיליליטרים,200.00,"100 מ""ל",false,0,23.90,11.95,true,1,
4005808650002,false,שפתון לבלו כחול,ביירסדורץ,IL,שפתון לבלו,יחידה,1.00,יחידה,false,0,10.00,10.00,true,1,
4005808650200,false,שפתון לבלו,,,שפתון לבלו,יחידה,1.00,יחידה,false,0,10.00,10.00,true,1,
4005808650712,false,לבלו שפתון לחות דובדבן,HELLAS BEIERSDORF,DE,לבלו דובדבן,יחידה,1.00,יחידה,false,0,10.00,10.00,true,1,
4005808650729,false,לבלו תות שדה,,,לבלו תות שדה,יחידה,1.00,יחידה,false,0,10.00,10.00,true,1,
4005808650903,false,לבלו אפרסק,ביירסדורף,DE,לבלו אפרסק,יחידה,1.00,יחידה,false,0,10.00,10.00,true,1,
4005808702107,false,תחליב גוף עור יבש מו500,ביירסדורף,ES,ניוואה תחליב גוף,מיליליטרים,500.00,"100 מ""ל",false,1,29.90,5.98,true,1,
4005808812028,false,"אסנשיאל קרם יום 50 מ""ל",HELLAS BEIERSDORF,DE,אסנשיאל קרם יום,מיליליטרים,50.00,"100 מ""ל",false,0,58.00,116.00,true,1,
4005808812875,false,"Q10 קרם יום 50 מ""ל",ביירסדורץ,PL,קרם ויסאז' Q10,מיליליטרים,50.00,"100 מ""ל",false,0,69.90,139.80,true,1,
4005808817405,false,ג'ל גילוח ניוואה.רגיש200,ביירסדורץ,PL,ג'ל גילוח ניוואה,מיליליטרים,200.00,"100 מ""ל",false,0,16.90,8.45,true,1,
4005808837359,false,ניוואה רול און פרל 50 מל,ביירסדורף,DE,דאודורנט ניוואה,מיליליטרים,50.00,"100 מ""ל",false,0,13.90,27.80,true,1,
4005808890507,false,קרם לחות ניוואה סופט200מ,HELLAS BEIERSDORF,ES,קרם ניוואה סופט,מיליליטרים,200.00,"100 מ""ל",false,0,34.90,17.45,true,1,
4005900036476,false,"דאו.ניוואה רול און 50מ""ל",HELLAS BEIERSDORF,DE,דאודורנט ניוואה,מיליליטרים,50.00,"100 מ""ל",false,0,13.90,27.80,true,1,
4005900036568,false,דאו.ניוואה בלק&וויט 150מ,ביירסדורץ,DE,דאודורנט ניוואה,מיליליטרים,150.00,"100 מ""ל",false,0,13.90,9.26,true,1,
4005900037909,false,דאו.ניוואה איניויסיבל150,ביירסדורץ,DE,דאודורנט ניוואה,מיליליטרים,150.00,"100 מ""ל",false,0,13.90,9.26,true,1,
4005900420220,false,ג'ל רח.לגבר 3ב1 פיור500מ,---,DE,ניוואה ג'ל רחצה,מיליליטרים,500.00,"100 מ""ל",false,1,14.90,2.98,true,1,
4005900488459,false,דאו.רול דרי פרש לאישה50מ,ביירסדורץ,DE,דאו.רול ניוואה,מיליליטרים,50.00,"100 מ""ל",false,1,13.90,27.80,true,1,
4005900494924,false,דאו.דריי פרש לאישה 150מל,ביירסדורף,DE,דאודורנט ניוואה,מיליליטרים,150.00,"100 מ""ל",false,1,13.90,9.26,true,1,
4005900513069,false,ניוואה רול און גבר דיפ50,BEIERSDORF,DE,ניוואה רול און ל,מיליליטרים,50.00,"100 מ""ל",false,1,13.90,27.80,true,1,
4005900545688,false,"Q10 קרם יום 50 מ""ל",,PL,קרם יום,מיליליטרים,50.00,"100 מ""ל",false,1,69.90,139.80,true,1,
4005900555915,false,תחליב רחצה קוקוס 750 מל,BEIERSDORT,DE,תחליב רחצה,מיליליטרים,750.00,"100 מ""ל",false,1,15.90,2.12,false,1,
4005900639554,false,דאו.רול און פרש נטורל50מ,---,DE,דאודורנט ניוואה,מיליליטרים,50.00,"100 מ""ל",false,1,13.90,27.80,true,1,
4005900661364,false,Q10 קרם יום שמן ארגן50מל,,PL,Q10 קרם יום שמן,מיליליטרים,50.00,"100 מ""ל",false,1,69.90,139.80,true,1,
4005900661371,false,Q10 קרם לילה שמן ארגן50מ,,PL,Q10 קרם לילה שמן,מיליליטרים,50.00,"100 מ""ל",false,1,69.90,139.80,true,1,
4005900661388,false,Q10 שמן הזנה לפנים 30מל,,DE,אקסטרה שמן הזנה,מיליליטרים,30.00,"100 מ""ל",false,1,69.90,233.00,true,1,
4005900777263,false,קיו 10 אנרג'י קרם לילה 5,,PL,קיו 10 אנרג'י קר,מיליליטרים,50.00,"100 מ""ל",false,1,110.00,220.00,true,1,
4005900803283,false,קרם לחות במרקם ג'ל50מל,ביירסדורף,PL,קרם לחות במרקם ג,מיליליטרים,50.00,"100 מ""ל",false,1,49.90,99.80,true,1,
4005900816115,false,ניוואה רול און יבש לאישה,HELLAS BEIERSDORF,DE,דאודורנט ניוואה,מיליליטרים,50.00,"100 מ""ל",false,0,13.90,27.80,true,1,
4005900826749,false,היידרה סקין אפקט לחות50מ,---,PL,היידרה סקין אפקט,מיליליטרים,50.00,"100 מ""ל",false,1,49.90,99.80,true,1,
4005900835642,false,"3ב1ניקוי,פילינג,מסכה150מ",---,FR,"3 ב1- ניקוי, פיל",מיליליטרים,150.00,"100 מ""ל",false,1,39.90,26.60,true,1,
4005900845702,false,"דאו.ניוואה פרש 50 מ""ל",ביירסדורף,DE,דאודורנט ניוואה,מיליליטרים,50.00,"100 מ""ל",false,1,13.90,27.80,true,1,
4005900864000,false,היידרה סקין אפקט מים400מ,---,DE,היידרה סקין אפקט,מיליליטרים,400.00,"100 מ""ל",false,1,35.90,8.98,true,1,
4008500006337,false,אוטן פמלי קייר סטיק 50 מ,אס.סי.ג'ונסון מידרכט,IT,אוטן סטיק,מיליליטרים,50.00,"100 מ""ל",false,0,26.90,53.80,true,1,
4009900402965,false,אורביט וייט פירות 64גרם,ריגלי פולין,PL,אורביט בקבוקון,גרמים,64.00,100 גרם,false,0,8.90,13.90,true,1,
4009900403023,false,מסטיק אורביט ויט מנטה64ג,ריגלי פולין,PL,אורביט בקבוקון,גרמים,64.00,100 גרם,false,0,8.90,13.90,true,1,
4009900406918,false,הובה בובה טריפל מיקס56ג,ריגלי,GB,מסטיק הובה בובה,גרמים,56.00,100 גרם,false,0,7.20,12.86,true,1,
4009900420129,false,אורביט פפרמינט בקבוקון64,---,PL,אורביט פפרמינט,גרמים,64.00,100 גרם,false,1,8.90,13.90,true,1,
4009900426121,false,מסטיק איירוויבז אוכמנ64ג,ריגלי פולין,PL,מסטיק איירוויבז,גרמים,64.00,100 גרם,false,1,8.90,13.90,true,1,
4009900465304,false,סוכריות סקיטלס חמוץ174גר,ריגלי ממתקים,CZ,סוכריות סקיטלס,גרמים,174.00,100 גרם,false,0,8.90,5.11,true,1,
4009900479998,false,אורביט אוכמניות בקבוק64ג,ריגלי פולין,PL,אורביט בקבוקון,גרמים,64.00,100 גרם,false,0,8.90,13.90,true,1,
4009900482417,false,אורביט באבל מינט בקבוק64,ריגלי פולין,PL,אורביט באבל מינט,גרמים,64.00,100 גרם,false,0,8.90,13.90,true,1,
4009900483803,false,איירוויבז מנטה M 84 גרם,---,PL,מסטיק איירוויבז,גרמים,84.00,100 גרם,false,1,14.90,17.74,true,1,
4009900484060,false,מסטיק בקבוק M פפרמינט84ג,ריגלי פולין,PL,אורביט בקבוק,גרמים,84.00,100 גרם,false,0,12.90,15.36,true,1,
4009900484091,false,מסטיק בקבוק M ספירמינ84,ריגלי פולין,PL,אורביט בקבוק,גרמים,84.00,100 גרם,false,0,12.90,15.36,true,1,
4009900484305,false,מסטיק בקבוקMסוויטמינט84ג,ריגלי,GB,אורביט בקבוק,גרמים,84.00,100 גרם,false,0,12.90,15.36,true,1,
4009900491044,false,איירוויבז Mאוכמניות 84גר,---,PL,מסטיק איירוויבז,גרמים,84.00,100 גרם,false,1,14.90,17.74,true,1,
4009900509770,false,מסטיק בקבוק M תות 84 גרם,ריגלי,GB,אורביט בקבוק,גרמים,84.00,100 גרם,false,1,12.90,15.36,true,1,
4009900531122,false,מסטיק אורביט ספירמינט64ג,---,PL,אורביט ספירמינט,גרמים,64.00,100 גרם,false,1,8.90,13.90,true,1,
4009900534611,false,איירויבז מנטה+מלון64גרם,---,IL,מסטיק אייוויבז,גרמים,64.00,100 גרם,false,1,8.90,13.90,true,1,
4011800636517,false,קורני FREE שוקולד חלב6יח,Schwartauer,DE,קורני חטיף דגנים,גרמים,120.00,100 גרם,false,0,15.90,13.25,true,1,
4012273123009,false,קרם ידיים ניוטרוג'ינה50מ,ג'ונסונס בייבי,FR,קרם ידיים,מיליליטרים,50.00,"100 מ""ל",false,0,24.90,49.80,true,1,
4014400923711,false,טופיפי 125 גרם,אוגוסט שטורק,DE,טופיפי,גרמים,125.00,100 גרם,false,1,15.90,12.72,true,1,
4014400925319,false,ורטר פופקורן קרמל 140גר,---,DE,ממתק קרמל ורטר,גרמים,140.00,100 גרם,false,1,16.50,11.79,true,1,
4014400931327,false,פופקורן וורטר+גרעינים140,---,DE,פופקורן וורטר,גרמים,140.00,100 גרם,false,1,16.50,11.79,true,1,
4015000280372,false,דאו.רול און FA ספורט 50,הנקל סוד,DE,דאודורנט FA,מיליליטרים,50.00,"100 מ""ל",false,0,9.90,19.80,true,1,
4015000519915,false,דאו.ספריי פינק פשיין 200,הנקל סוד,TR,דאודורנט FA,מיליליטרים,200.00,"100 מ""ל",false,0,9.90,4.95,true,1,
4015000615884,false,"דאו.ספרי FA לימון 200מ""ל",הנקל סוד,DE,דאודורנט FA,מיליליטרים,200.00,"100 מ""ל",false,0,9.90,4.95,true,1,
4015000940955,false,שמפו גליס לטיפוח שיער400,שוורצקופ,DE,שמפו גליס,מיליליטרים,400.00,"100 מ""ל",false,0,12.90,3.23,true,1,
4015000995122,false,דאו. פה כח המשיכה 200 מל,הנקל סוד,DE,דאודורנט פה,מיליליטרים,200.00,"100 מ""ל",false,0,9.90,4.95,true,1,
4015000996204,false,גליס שמפו תמצית שמן400,הנקל סוד,DE,שמפו גליס,מיליליטרים,400.00,"100 מ""ל",false,0,12.90,3.23,true,1,
4015000997430,false,פה ספריי אינויזיבל 200 מ,הנקל סוד,TR,דאודורנט פה,מיליליטרים,200.00,"100 מ""ל",false,0,9.90,4.95,true,1,
4015100190793,false,גליס מסכה שיקום אולטי300,הנקל סוד,SK,מסכת גליס,מיליליטרים,300.00,"100 מ""ל",false,1,39.90,13.30,true,1,
4015100325324,false,צבעי שיער פלטה קיט 6-0,שוורצקופף & הנקל דיסלדור,DE,צבע שיער פלטה,יחידה,1.00,יחידה,false,1,38.90,38.90,true,1,
4015400219712,false,טמפקס קומפק סופר,P&G,HU,טמפקס קומפק סופר,יחידה,1.00,יחידה,false,1,22.90,22.90,true,1,
4015400690313,false,18טמפקס קומפאק פרל רגולר,פרוקטר אנד גמבל,HU,טמפקס,יחידה,1.00,יחידה,false,1,23.90,23.90,true,1,
4015400690405,false,18טמפקס קומפאק פרל סופר,פרוקטר אנד גמבל,HU,טמפקס,יחידה,1.00,יחידה,false,1,23.90,23.90,true,1,
4015400990482,false,אב.כביסה אריאל קולור 3קג,פרוקטר אנד גמבל,TR,אבקת אריאל קולור,קילוגרמים,3.00,"ק""ג",false,1,29.90,9.96,true,1,
4015600763251,false,שמפו הד&שולדרס קלאסי600מ,פרוקטר אנד גמבל,RO,שמפו הד&שולדרס,מיליליטרים,600.00,"100 מ""ל",false,0,25.90,4.32,true,1,
4015600763299,false,"הד&שולדרס 2ב1- 600 מ""ל",פרוקטר אנד גמבל,RO,שמפו הד&שולדרס,מיליליטרים,600.00,"100 מ""ל",false,0,25.90,4.32,true,1,
4015600763411,false,שמפו הד&שולדרס מנטול 600,פרוקטר אנד גמבל,RO,שמפו הד&שולדרס,מיליליטרים,600.00,"100 מ""ל",false,0,25.90,4.32,true,1,
4015600763459,false,שמפו הד&שולדרס תפוח600מל,פרוקטר אנד גמבל,RO,שמפו הד&שולדרס,מיליליטרים,600.00,"100 מ""ל",false,0,25.90,4.32,true,1,
4015600763534,false,הד&שולדרס מגע משי 600מ,פרוקטר אנד גמבל,RO,שמפו הד&שולדרס,מיליליטרים,600.00,"100 מ""ל",false,0,25.90,4.32,true,1,
4015600766658,false,שמפו הד&שולדרס 2ב1- 600,פרוקטר אנד גמבל,RO,שמפו הד&שולדרס,מיליליטרים,600.00,"100 מ""ל",false,0,25.90,4.32,true,1,
4015600802769,false,חוט דנטלי מנטה 35 מטר,פרוקטר & גמבל,IE,חוט דנטלי מנטה,מטרים,35.00,מטר,false,1,24.90,0.71,true,1,
4015600810849,false,דאו.קליר ג'ל פאוייר70מ,פרוקטר אנד גמבל,PL,דאודורנט קליר,מיליליטרים,70.00,"100 מ""ל",false,0,16.90,24.14,true,1,
4045787068238,false,פרוטאין קולור מס10',הנקל סוד,DE,פרוטאין קולור,יחידה,1.00,יחידה,false,0,14.90,14.90,true,1,
4045787068375,false,פרוטאין קולור6 בלונד כהה,הנקל סוד,DE,פרוטאין קולור,יחידה,1.00,יחידה,false,0,14.90,14.90,true,1,
4053700288205,false,קרם להסרת שיער רגיש100מל,רקיט בנקיזר,FR,קרם להסרת שיער,מיליליטרים,100.00,"100 מ""ל",false,0,39.90,39.90,true,1,
4056800100354,false,שוקוויבס מוס לשיער 200 מ,THEORAT INTERSPRAY,DE,שוקוויבס מוס,מיליליטרים,200.00,"100 מ""ל",false,1,24.90,12.45,true,1,
4056800762750,false,קולסטון מיני קיט 6/0 בלו,HFC פרסטיג',DE,קולסטון מיני קיט,יחידה,1.00,יחידה,false,1,25.90,25.90,true,1,
4056800762934,false,קולסטון מיני קיט 2/0שחור,HFC פרסטיג',DE,קולסטון מיני קיט,יחידה,1.00,יחידה,false,1,25.90,25.90,true,1,
4056800762965,false,קולסטון מיני קיט 2/8 שחו,HFC פרסטיג',DE,קולסטון מיני קיט,יחידה,1.00,יחידה,false,1,25.90,25.90,true,1,
4056800943739,false,"קרם חמצן וולה 6% 60 מ""ל",אונדל,FR,חמצן וולה,מיליליטרים,60.00,"100 מ""ל",false,0,5.90,9.83,true,1,
4056800943791,false,"חמצן וולה 9% 60 מ""ל",אונדל,FR,חמצן וולה9%,מיליליטרים,60.00,"100 מ""ל",false,0,5.90,9.83,true,1,
4056800980567,false,קולסטון מיני קיט 6/7 חום,קוטי,DE,קולסטון מיני קיט,יחידה,1.00,יחידה,false,1,25.90,25.90,true,1,
4059729011114,false,באלם לשפתיים מלאות 30,CATRICE,DE,באלם לשפתיים מלא,יחידה,1.00,יחידה,false,0,20.00,20.00,true,1,
4059729028693,false,סומק 40 יח',CATRICE,DE,סומק 40,יחידה,1.00,יחידה,false,0,16.00,16.00,true,1,
4059729030559,false,עיפרון גבות 35,CATRICE,DE,עיפרון גבות 35,יחידה,1.00,יחידה,false,0,11.00,11.00,true,1,
4059729032546,false,"סרום לשפתיים 2.5 מ""ל",,PL,סרום לשפתיים,יחידה,1.00,יחידה,false,0,20.00,20.00,true,1,
4059729049612,false,קטריס שפתון ג'ל 100 3.3,,FR,קטריס שפתון ג'ל,מיליליטרים,3.00,"100 מ""ל",false,1,17.00,566.67,true,1,
4059729203250,false,קונסילר  נוזלי 036 יח',,IL,קונסילר  נוזלי 0,יחידה,1.00,יחידה,false,1,15.00,15.00,true,1,
4059729203274,false,קונסילר נוזלי 048 יח',,FR,קונסילר נוזלי,יחידה,1.00,יחידה,false,1,15.00,15.00,true,1,
4059729220141,false,פריימר לשפתיים יח',,IL,פריימר לשפתיים,יחידה,1.00,יחידה,false,1,21.00,21.00,true,1,
4059729244604,false,פריימר נגד אדמומיות יח',,IL,פריימר נגד אדמומ,יחידה,1.00,יחידה,false,1,20.00,20.00,true,1,
4059729246264,false,עפרון לתיחום העיניים 020,,IL,עפרון לתיחום העי,יחידה,1.00,יחידה,false,1,13.00,13.00,true,1,
4059729246752,false,פלטת צלליות יח',,IL,פלטת צלליות,יחידה,1.00,יחידה,false,1,21.00,21.00,true,1,
4059729248336,false,באלם לשפתיים יח',,IL,באלם לשפתיים,יחידה,1.00,יחידה,false,1,21.00,21.00,true,1,
4059729248381,false,שפתון מט פרו נוזלי050,,FR,שפתון מט פרו נוז,יחידה,1.00,יחידה,false,1,21.00,21.00,true,1,
4059729248428,false,שפתון מט פרו נוזלי 090 י,,FR,שפתון מט פרו נוז,יחידה,1.00,יחידה,false,1,21.00,21.00,true,1,
4059729248435,false,שפתון מט פרו נוזלי 100 י,,FR,שפתון מט פרו נוז,יחידה,1.00,יחידה,false,1,21.00,21.00,true,1,
4059729248459,false,שפתון ג'ל 110 יח',,IL,שפתון ג'ל 110,יחידה,1.00,יחידה,false,1,17.00,17.00,true,1,
4059729250285,false,באלם לשפתיים מלאות יח',,IL,באלם לשפתיים מלא,יחידה,1.00,יחידה,false,1,20.00,20.00,true,1,
4059729250322,false,בוסטר אקסטרים לשפתיים יח,,IL,בוסטר אקסטרים לש,יחידה,1.00,יחידה,false,1,17.00,17.00,true,1,
4059729276681,false,עיפרון תוחם שפתיים 030,,FR,עיפרון תוחם שפת,יחידה,1.00,יחידה,false,1,11.00,11.00,true,1,
4059729276728,false,עיפרון תוחם שפתיים 070,,FR,עיפרון תוחם שפת,יחידה,1.00,יחידה,false,1,11.00,11.00,true,1,
4059729311351,false,מסקרה עם אפקט הרמה,,IT,מסקרה עם אפקט,יחידה,1.00,יחידה,false,0,21.00,21.00,true,1,
4059729312532,false,"פריימר 30 מ""ל",,IT,פריימר,מיליליטרים,30.00,"100 מ""ל",false,0,25.00,83.33,true,1,
4059729313331,false,מסקרה לגבות יח',,PL,מסקרה לגבות,יחידה,1.00,יחידה,false,0,15.00,15.00,true,1,
4059729313393,false,צללית עמידה לאורך זמן,,IT,צללית לעיניים,יחידה,1.00,יחידה,false,0,13.00,13.00,true,1,
4059729313768,false,"גלוס מנצנץ 5 מ""ל",,PL,גלוס מנצנץ,יחידה,1.00,יחידה,false,0,17.00,17.00,true,1,
4059729329301,false,עיפרון לעיניים,,DE,עיפרון לעיניים,יחידה,1.00,יחידה,false,0,10.00,10.00,true,1,
4059729329547,false,עיפרון לעיניים,,DE,עיפרון לעיניים,יחידה,1.00,יחידה,false,0,10.00,10.00,true,1,
4059729329783,false,מסקרה לעיניים רגישות,,LU,מסקרה לעיניים,יחידה,1.00,יחידה,false,0,17.00,17.00,true,1,
4059729329981,false,מסקרה שחורה לעיניים,,IT,מסקרה שחורה,יחידה,1.00,יחידה,false,0,21.00,21.00,true,1,
4059729330277,false,צללית עמידה לאורך זמן,,IT,צללית לעיניים,יחידה,1.00,יחידה,false,0,13.00,13.00,true,1,
4059729330314,false,צללית עמידה לאורך זמן,,IT,צללית לעיניים,יחידה,1.00,יחידה,false,0,13.00,13.00,true,1,
4059729332875,false,פודרה,,IT,פודרה,יחידה,1.00,יחידה,false,0,15.00,15.00,true,1,
4059729334343,false,"גלוס מנצנץ 6 מ""ל",,LU,גלוס מנצנץ,יחידה,1.00,יחידה,false,0,17.00,17.00,true,1,
4059729343239,false,סרום לחידוש עור הפנים יח,,FR,סרום לחידוש עור,יחידה,1.00,יחידה,false,1,25.00,25.00,true,1,
4059729343314,false,קטריס מסכה לשפתיים יח',,PL,קטריס מסכה לשפתי,יחידה,1.00,יחידה,false,1,17.00,17.00,true,1,
4059729347428,false,מסקרה גלאם& דול מיני,CATRICE,PL,מסקרה גלאם& דול,יחידה,1.00,יחידה,false,1,17.00,17.00,true,1,
4084500065598,false,פנטן קרם לחות לתלתלים300,פרוקטר אנד גמבל,FR,קרם לשיער פנטן,מיליליטרים,300.00,"100 מ""ל",false,0,23.90,7.97,true,1,
4084500081314,false,"אורל בי פרואקספרט 75 מ""",פרוקטר אנד גמבל,DE,משחת אורל בי,מיליליטרים,75.00,"100 מ""ל",false,1,14.90,19.87,true,1,
4084500471832,false,ג'ילט ג'ל קול וייב לגבר,OPERATION PROCTER&GAMBLE,PL,ג'ילט ג'ל קול,מיליליטרים,70.00,"100 מ""ל",false,1,16.90,24.14,true,1,
4084500471900,false,ג'ילט דאו קליר ג'ל ספורט,ג'\ילט פרוקטר אנד גמבל,PL,ג'ילט דאו קליר ג,מיליליטרים,70.00,"100 מ""ל",false,1,16.90,24.14,true,1,
4084500739253,false,אורל בי White 3Dלובן75מל,פרוקטר אנד גמבל,DE,משחת אורל בי,מיליליטרים,75.00,"100 מ""ל",false,1,20.90,27.87,true,1,
4103330017369,false,חוט דנטלי לניקוי גשרים,פרוקטר & גמבל,IE,חוט דנטלי לניקוי,יחידה,1.00,יחידה,false,1,28.90,28.90,true,1,
4210201078128,false,מברשת חשמלית PRO 800,B ORAL,DE,אורל בי נטענת,יחידה,1.00,יחידה,false,0,169.00,169.00,true,1,
4210201202905,false,ראשי מילוי סנסיטיב מארז,בראון,DE,ראשי מילוי סנסיט,יחידה,1.00,יחידה,false,1,219.90,219.90,true,1,
4210201245193,false,מברשת נטענת- ילדים פרוזן,בראון,DE,מברשת אורל בי,יחידה,1.00,יחידה,false,1,89.90,89.90,true,1,
4210201281795,false,מעצב שיער פנים בראון,---,CN,מעצב שיער פנים,יחידה,1.00,יחידה,false,1,310.90,310.90,true,1,
4210201320111,false,מברשת שיניים נטענת,"מיוצר עבור בראון, גרמניה",DE,מברשת שיניים נטע,יחידה,1.00,יחידה,false,1,89.90,89.90,true,1,
4210201354369,false,ראש חשמלי קרוס אקשן מארז,בראון,IE,ראש חשמלי קרוס א,יחידה,1.00,יחידה,false,1,89.90,89.90,true,1,
4210201365334,false,אורל בי 4ראשי חשמלי פחם,---,DE,אורל בי ראש 4 יח,יחידה,1.00,יחידה,false,1,89.90,89.90,true,1,
4210201388470,false,ראש חשמלי ספידרמן 4 יח,"בראון, גרמניה.",DE,ראש חשמלי 4 יח,יחידה,1.00,יחידה,false,1,89.90,89.90,true,1,
4210201403319,false,אורל בי מברשת נטענת פחם,---,DE,מברשת נטענת,יחידה,1.00,יחידה,false,1,89.90,89.90,true,1,
4210201409199,false,iO6 Oral-B מברשת שיניים,---,DE,iO6 Oral-B מברשת,יחידה,1.00,יחידה,false,1,999.00,999.00,true,1,
4210201822448,false,מברשת פרו אקספורט+סוללה,פרוקטר & גמבל,IL,מברשת אורל בי,יחידה,1.00,יחידה,false,1,77.90,77.90,true,1,
4250035288157,false,עפרון קז'אל 10,CATRICE,DE,עפרון קז'אל 10,יחידה,1.00,יחידה,false,0,9.00,9.00,true,1,
4250338474363,false,איילנר נוזלי,CATRICE,DE,איילנר נוזלי,יחידה,1.00,יחידה,false,0,15.00,15.00,true,1,
4250338474400,false,איילנר נוזלי עמיד במים,CATRICE,DE,איילנר נוזלי עמי,יחידה,1.00,יחידה,false,0,16.00,16.00,true,1,
4250587754230,false,פודרה דחוסה מט 10,CATRICE,DE,פודרה מט 10,יחידה,1.00,יחידה,false,0,15.00,15.00,true,1,
4250587754278,false,פודרה דחוסה מט 30,CATRICE,DE,פודרה מט 30,יחידה,1.00,יחידה,false,0,15.00,15.00,true,1,
4250587768367,false,עיפרון  גבות 40,CATRICE,DE,עיפרון  גבות 40,יחידה,1.00,יחידה,false,0,11.00,11.00,true,1,
4250587793338,false,פודרה דחוסה מט 25,CATRICE,DE,פודרה מט 25,יחידה,1.00,יחידה,false,0,15.00,15.00,true,1,
4250947531518,false,פודרה בתפזורת יח',CATRICE,DE,פודרה בתפזורת,יחידה,1.00,יחידה,false,0,23.00,23.00,true,1,
4250947544662,false,קונסילר  נוזלי 10,CATRICE,DE,קונסילר  נוזלי 1,יחידה,1.00,יחידה,false,0,15.00,15.00,true,1,
4250947544686,false,קונסילר  נוזלי 20,CATRICE,DE,קונסילר  נוזלי 2,יחידה,1.00,יחידה,false,0,15.00,15.00,true,1,
4250947563441,false,שימר,CATRICE,DE,שימר,יחידה,1.00,יחידה,false,0,21.00,21.00,true,1,
4251232217605,false,עפרון לתיחום,CATRICE,DE,עפרון לתיחום,יחידה,1.00,יחידה,false,0,13.00,13.00,true,1,
4251232227284,false,עיפרון גבות סלים 30,CATRICE,DE,עיפרון גבות סלים,יחידה,1.00,יחידה,false,0,14.00,14.00,true,1,
4251232255928,false,צללית הארה  30,CATRICE,DE,צללית הארה  30,יחידה,1.00,יחידה,false,0,14.00,14.00,true,1,
4251232284324,false,קונסילר נוזלי 15,CATRICE,DE,קונסילר נוזלי 15,יחידה,1.00,יחידה,false,0,15.00,15.00,true,1,
4251232284485,false,בסיס וטופ 2ב1,CATRICE,DE,בסיס וטופ 2ב1,יחידה,1.00,יחידה,false,0,10.00,10.00,true,1,
4710068001692,false,"מאסטר קפה לאטה 240 מ""ל",תאיט מרקטינג אנד דיסטריב,TW,מאסטר קפה,מיליליטרים,240.00,"100 מ""ל",false,0,7.90,3.29,true,1,
4800888150080,false,דאו.דאב רול און ירוק 50,יוניליוור,PH,דאודורנט דאב,מיליליטרים,50.00,"100 מ""ל",false,0,12.90,25.80,true,1,
4800888190529,false,דאו.דאב סטיק טלק סופט50,יוניליוור,PH,דאודורנט דאב,גרמים,50.00,100 גרם,false,1,17.90,35.80,true,1,
4800888209429,false,דאודורנט סטיק כותנה 50 ג,יוניליוור,PH,דאודורנט רקסונה,גרמים,50.00,100 גרם,false,1,16.90,33.80,true,1,
4800888219510,false,"דאו סטיק מלפפונים50 מ""ל",יוניליוור,PH,דאודורנט דאב,גרמים,50.00,100 גרם,false,1,17.90,35.80,true,1,
4800888219534,false,דאודורנט סטיק אורגינל 50,יוניליוור,PH,דאו.דאב,מיליליטרים,50.00,"100 מ""ל",false,1,17.90,35.80,true,1,
4800888219541,false,דאו.סטיק רקסונה פאודר50ג,יוניליוור,PH,דאודורנט רקסונה,מיליליטרים,50.00,"100 מ""ל",false,1,16.90,33.80,true,1,
4891228308025,false,היידרו סילק ידית4+סכינים,ארץ ייצור סכינים: ארהבn\,US,היידרו סילק מארז,יחידה,1.00,יחידה,false,1,64.90,64.90,true,1,
4891228430085,false,4 סכיני גילוח אקסטרים3-,שיק,CN,סכיני גילוח,יחידה,1.00,יחידה,false,0,19.90,19.90,true,1,
4891228430092,false,4סכינ.גילוח אקסטרים3 אשה,שיק,CN,סכיני גילוח,יחידה,1.00,יחידה,false,0,19.90,19.90,true,1,
4902430742597,false,מברשות שיניים קריס קרוס,פרוקטר & גמבל,IN,מברשות שיניים3*,יחידה,1.00,יחידה,false,1,29.90,29.90,true,1,
4902430905183,false,מב.שיניים אורל בי ילד3יח,פארמה דיל,IL,מברשות שיניים,יחידה,1.00,יחידה,false,1,17.90,17.90,true,1,
4987176071545,false,6מברשות שיניים אורל בי,---,IN,6מברשות שיניים,יחידה,1.00,יחידה,false,1,15.90,15.90,true,1,
4987176090850,false,מכשיר ג'ילט פיוז'ן+סכין,ג'\ילט פרוקטר אנד גמבל,PL,מכשיר ג'ילט פיוז,יחידה,1.00,יחידה,false,1,39.90,39.90,true,1,
4987176128188,false,6מברשות שיניים אורל בי,פרוקטר & גמבל,IN,6מברשות שיניים,יחידה,1.00,יחידה,false,1,15.90,15.90,true,1,
5000159376655,false,סוכריות סקיטלס פירות38ג,ריגלי ממתקים,CZ,סוכריות סקיטלס,גרמים,38.00,100 גרם,false,0,2.90,7.63,true,1,
5000159407236,false,חטיף מרס 51 גרם,מרס הולנד בי.וי.,NL,חטיף מרס,גרמים,51.00,100 גרם,false,0,3.90,7.65,true,1,
5000159409179,false,מיני סניקרס בשקית 403 גר,מרס הולנד בי.וי.,NL,מיני סניקרס,גרמים,403.00,100 גרם,false,0,22.90,5.68,true,1,
5000159442572,false,מיני טוויקס בשקית 403גרם,מרס,DE,מיני טוויקס,גרמים,403.00,100 גרם,false,0,22.90,5.68,true,1,
5000159452663,false,חטיפי מרס 5 * 45 גרם,---,NL,חטיפי מרס,גרמים,225.00,100 גרם,false,1,13.30,5.91,true,1,
5000159459228,false,חטיף טוויקס 50 גרם,מרס,NL,חטיף טוויקס,גרמים,50.00,100 גרם,false,0,3.90,7.80,true,1,
5000159461122,false,חטיף סניקרס 50 גרם,מרס הולנד בי.וי.,NL,חטיף סניקרס,גרמים,50.00,100 גרם,false,0,3.90,7.80,true,1,
5000159500845,false,בונב.סלבריישן משושה196ג,---,NL,בונבונ.סלבריישן,גרמים,196.00,100 גרם,false,1,22.90,11.68,true,1,
5000204114898,false,גלייד ארוסול ריח מרכך300,"אס.סי ג'\ונסון,מידרכט, ה",NL,גלייד ארוסול,מיליליטרים,300.00,"100 מ""ל",false,1,8.90,2.97,true,1,
5000394140899,false,דורסל שמיניות AA פלוס,---,BE,דורסל שמיניות AA,יחידה,1.00,יחידה,false,1,19.90,19.90,true,1,
5010123703431,false,ליסטרין פרש בורסט 250 מל,ג'ונסון,IL,ליסטרין פרש בורס,מיליליטרים,250.00,"100 מ""ל",false,1,10.00,4.00,true,1,
5010415211200,false,זוג פטמות שלב 1טומי טיפי,הכי טבעי-הנסיך,IL,טומי טיפי זוג פט,יחידה,1.00,יחידה,false,0,44.90,44.90,true,1,
5010415224002,false,"בקבוק לתינוק 150 מ""ל",הכי טבעי-הנסיך,IL,"בקבוק 150 מ""ל",יחידה,1.00,יחידה,false,0,45.90,45.90,true,1,
5010415330086,false,מוצצים לשימוש יומי0-6זוג,הכי טבעי-הנסיך,IL,זוג מוצצים,יחידה,1.00,יחידה,false,0,44.90,44.90,true,1,
5010415330987,false,מסרק+מברשת רכה,,IL,מסרק+מברשת רכה,יחידה,1.00,יחידה,false,0,31.90,31.90,true,1,
5010415334138,false,מוצצים זוהר חושך18-36זוג,הכי טבעי-הנסיך,IL,זוג מוצצים,יחידה,1.00,יחידה,false,0,44.90,44.90,true,1,
5010622005012,false,חוט אורל בי ללא שעווה50מ,פרוקטר אנד גמבל,IE,חוט דנטלי,מטרים,50.00,מטר,false,0,9.90,0.20,true,1,
5010724527481,false,"בטיסט שמפו קלאסי200 מ""ל",צ'\רצ'\ אנד דיוויט,GB,בטיסט שמפו,מיליליטרים,200.00,"100 מ""ל",false,1,29.90,14.95,true,1,
5011408017526,false,אלנט ספריי חזק מאוד200מ,SOPROCOS,FR,אלנט ספריי חזק,מיליליטרים,200.00,"100 מ""ל",false,0,39.90,19.95,true,1,
5011408027990,false,"אלנט ספריי לשיער ח""מ400",kozmetik canan,FR,אלנט ספריי לשיער,מיליליטרים,400.00,"100 מ""ל",false,0,54.90,13.73,true,1,
5012251008631,false,מגבונים ניקוי לעור הפנים,---,GB,מגבונים ניקוי לע,יחידה,1.00,יחידה,false,1,14.90,14.90,true,1,
5012251012294,false,מגבוני פנים לניקוי עדין,---,GB,מגבוני פנים לניק,יחידה,1.00,יחידה,false,1,14.90,14.90,true,1,
5012251012645,false,מדבקות להוצאת שחורים אף,---,GB,מדבקות להוצאת שח,יחידה,1.00,יחידה,false,1,15.90,15.90,true,1,
5016221991930,false,ראשים למברשת חשמלית 4 יח,קלרו,DE,ראשים למברשת,יחידה,1.00,יחידה,false,1,87.90,87.90,true,1,
5028763004344,false,מברשת  לניקוי תותבות,WISDOM,IL,מברשת  לניקוי תו,יחידה,1.00,יחידה,false,0,14.90,14.90,true,1,
5028763004368,false,קופסא לשיניים תותבות,איתן ספקים       E,GB,קופסא לתותבות,יחידה,1.00,יחידה,false,0,21.90,21.90,true,1,
5029053002408,false,נ.ט. קלינקס לבן 9 גל.,חוגלה קימברלי,IL,נייר טואלט,מטרים,276.00,100 מטר,false,0,44.90,16.27,true,1,
5029053032658,false,ממחטות קלינקס 9*8 יחידות,חוגלה קימברלי,IT,קלינקס שמיניה,יחידה,1.00,יחידה,false,1,7.90,7.90,true,1,
5029053039725,false,קלינקס נטורל פרש72 דף,---,FR,קלינקס נטורל פרש,יחידה,1.00,יחידה,false,1,13.90,13.90,true,1,
5029053510811,false,קוטקס תחבושות נורמל 30יח,חוגלה קימברלי,CZ,תחבושות קוטקס,יחידה,1.00,יחידה,false,0,17.90,17.90,true,1,
5029053523446,false,קוטקס תחבושות נייט 20 יח,חוגלה קימברלי,CZ,תחבושות נייט קוט,יחידה,1.00,יחידה,false,0,17.90,17.90,true,1,
5029053527598,false,9תח.ספיגה לילה בנים8-15,חוגלה קימברלי,CZ,תחתוני ספיגה האג,יחידה,1.00,יחידה,false,0,36.90,36.90,true,1,
5029053534589,false,32 טמפוני קוטקס מיני,קימברלי קלארק,CZ,טמפוני קוטקס,יחידה,1.00,יחידה,false,0,27.90,27.90,true,1,
5029053534596,false,32 טמפוני קוטקס נורמל,קימברלי קלארק,CZ,טמפוני קוטקס,יחידה,1.00,יחידה,false,0,27.90,27.90,true,1,
5029053534602,false,32 טמפוני קוטקס סופר,קימברלי קלארק,CZ,טמפוני קוטקס,יחידה,1.00,יחידה,false,0,27.90,27.90,true,1,
5029053535210,false,16טמפונ.קוטקס מוליך מיני,קימברלי קלארק,CZ,טמפוני קוטקס,יחידה,1.00,יחידה,false,0,18.90,18.90,true,1,
5029053535227,false,16טמפו.קוטקס מוליך נורמ.,קימברלי קלארק,CZ,טמפוני קוטקס,יחידה,1.00,יחידה,false,0,18.90,18.90,true,1,
5029053535234,false,16טמפונ.קוטקס מוליך סופר,חוגלה קימברלי,CZ,טמפוני קוטקס,יחידה,1.00,יחידה,false,0,18.90,18.90,true,1,
5029053538426,false,11 חיתולי שחיה האגיס L,האגיס בגדי ים,CZ,חיתולי האגיס,יחידה,1.00,יחידה,false,0,39.90,39.90,true,1,
5029053574158,false,18 האגיס גמילה לילה בנים,---,CZ,האגיס גמילה בנים,יחידה,1.00,יחידה,false,1,48.90,48.90,true,1,
5029053578309,false,קלינקס אולטרה סופט 48 דף,---,GB,קלינקס אולטרה,יחידה,1.00,יחידה,false,1,8.90,8.90,true,1,
5029054220085,false,מגבונים לרך נולד 56*4 יח,חוגלה קימברלי,GB,מגבונים לרך נולד,יחידה,1.00,יחידה,false,1,31.90,31.90,true,1,
5037200074147,false,מסכת בד עם תמצית כורכום,,IL,מסכת בד עם תמצית,יחידה,1.00,יחידה,false,1,19.90,19.90,true,1,
5060062992557,false,לניסו רפידות הנקה,ISRAEL INDIVIOR,,רפידות הנקה,יחידה,1.00,יחידה,false,0,54.90,54.90,true,1,
5060062992588,false,לנסינו שק.לאחסון חלב אם,ISRAEL INDIVIOR,IL,שק.לאחסון חלב אם,יחידה,1.00,יחידה,false,0,54.90,54.90,true,1,
5060062999723,false,זוג פטמות זרימה בינונית,ISRAEL INDIVIOR,IL,זוג פטמות זרימה,יחידה,1.00,יחידה,false,1,39.90,39.90,true,1,
5060103310029,false,"molecule 01 לאשה 100 מ""ל",טרי מוגלר בישום,GB,molecule 01 לאשה,מיליליטרים,100.00,"100 מ""ל",false,1,359.00,359.00,true,1,
5060402909542,false,חטיף חלבון מארס קרמל 59,פארם אקספרס,IL,חטיף חלבון מארס,גרמים,59.00,100 גרם,false,1,17.90,30.34,true,1,
5060420230239,false,בקבוק האכלה לתינוק 160 מ,ISRAEL INDIVIOR,IL,בקבוק האכלה לתינ,יחידה,1.00,יחידה,false,1,44.90,44.90,true,1,
5060420230284,false,בקבוק האכלה לתינוק 240מל,ISRAEL INDIVIOR,IL,בקבוק האכלה לתינ,יחידה,1.00,יחידה,false,1,44.90,44.90,true,1,
5060420338256,false,כפפות מריחה מקטיפה יח',ST.TROPEZ,GB,כפפות מריחה מקטי,יחידה,1.00,יחידה,false,1,22.00,22.00,true,1,
5060424705535,false,חטיף חלבון קראנץ' 64 גרם,"KBF תעשיות בע""מ UK",GB,חטיף חלבון קראנץ,גרמים,64.00,100 גרם,false,1,14.90,23.28,true,1,
5201100872596,false,אקסלנס בלונד בהיר מס9',ליברמו,BE,צבע לשיער אקסלנס,יחידה,1.00,יחידה,false,0,35.90,35.90,true,1,
5201178801054,false,"קרם ניוואה 250 מ""ל",HELLAS BEIERSDORF,DE,ניוואה קרם לחות,מיליליטרים,250.00,"100 מ""ל",false,0,33.90,13.56,true,1,
5201263006364,false,DAY EVERYתחבושות מקסי18י,---,GR,תחבושות מקסי,יחידה,1.00,יחידה,false,1,12.90,12.90,true,1,
5201263011474,false,DAY EVERYמגן תח לארג30יח,---,GR,מגני תחתון לארג',יחידה,1.00,יחידה,false,1,12.90,12.90,true,1,
5201263011801,false,DAY EVERYמגן תח.נורמל20י,---,GR,מגני תחתון נורמל,יחידה,1.00,יחידה,false,1,12.90,12.90,true,1,
5201347400545,false,ויט 20רצועות שעווה לפנים,רקיט בנקיזר,FR,רצועות שעווה ויט,יחידה,1.00,יחידה,false,0,38.90,38.90,true,1,
5202300043007,false,קולסטון 7/7 חום שטני,HFC פרסטיג',DE,קולסטון שפופרת,יחידה,1.00,יחידה,false,0,25.90,25.90,true,1,
5202300043151,false,קולסטון 8/0 בלונד בהיר,HFC פרסטיג',DE,קולסטון שפופרת,יחידה,1.00,יחידה,false,0,25.90,25.90,true,1,
5202300043168,false,קולסטון 7/0 בלונד בינוני,HFC פרסטיג',DE,קולסטון,יחידה,1.00,יחידה,false,0,25.90,25.90,true,1,
5202300043175,false,קולסטון 6/0 בלונד כהה,HFC פרסטיג',DE,קולסטון שפופרת,יחידה,1.00,יחידה,false,0,25.90,25.90,true,1,
5202300043182,false,קולסטון 5/0 חום בהיר,HFC פרסטיג',DE,קולסטון שפופרת,יחידה,1.00,יחידה,false,0,25.90,25.90,true,1,
5202300043205,false,קולסטון 3/0 חום כהה,HFC פרסטיג',DE,קולסטון חום כהה,יחידה,1.00,יחידה,false,0,25.90,25.90,true,1,
5391523057912,false,סימילאק גולד שלב 1 400 ג,ABBOT,IE,סימילאק גולד,גרמים,400.00,100 גרם,false,1,44.90,11.23,true,1,
5391523057929,false,סימילאק גולד שלב 1 700 ג,ABBOT,IE,סימילאק גולד,גרמים,700.00,100 גרם,false,1,69.90,9.99,true,1,
5391523057936,false,סימילאק גולד שלב 2 700 ג,ABBOT,IE,סימילאק גולד,גרמים,700.00,100 גרם,false,1,69.90,9.99,true,1,
5391523057943,false,סימילאק גולד שלב 3 700 ג,ABBOT,IE,סימילאק גולד,גרמים,700.00,100 גרם,false,1,69.90,9.99,true,1,
5391523058063,false,סימילאק אדבנס+ שלב1 700ג,ABBOT,IE,סימילאק אדבנס,גרמים,700.00,100 גרם,false,1,64.90,9.27,true,1,
5391523058070,false,סימילאק אדבנס+ שלב3 700ג,ABBOT,IE,סימילאק אדבנס,גרמים,700.00,100 גרם,false,1,64.90,9.27,true,1,
5391523058087,false,סימילאק אדבנס+ שלב2 700ג,ABBOT,IE,סימילאק אדבנס,גרמים,700.00,100 גרם,false,1,64.90,9.27,true,1,
5410091677992,false,ספריי סאיוס מקס הולד400,הנקל סוד,DE,ספרי עיצוב סאיוס,מיליליטרים,400.00,"100 מ""ל",false,0,46.90,11.73,true,1,
5410103161518,false,ACTIVE TRIPLE קרם לחות,"קרלסרו, גרמניה",DE,קרם לחות,מיליליטרים,50.00,"100 מ""ל",false,0,49.90,99.80,true,1,
5410103161617,false,ACTIVE TRIPLE קרם לחות,"קרלסרו, גרמניה",DE,קרם לחות עור יבש,מיליליטרים,50.00,"100 מ""ל",false,0,49.90,99.80,true,1,
5410126666038,false,ביסקוויט לוטוס קרמל279ג,לוטוס ביקרי,BE,ביסקוויט לוטוס,גרמים,279.00,100 גרם,false,1,14.90,5.34,true,1,
5601036205589,false,צבע שיער אקסלנס 5 חום,ליברמו,BE,צבע לשיער אקסלנס,יחידה,1.00,יחידה,false,0,35.90,35.90,true,1,
5601036205626,false,צבע שיער 6 בלונד כהה,ליברמו,BE,צבע שיער אקסלנס,יחידה,1.00,יחידה,false,0,35.90,35.90,true,1,
5900020015174,false,פיטנס חטיף דגנים שוק6.יח,סי. פי. פולין,PL,חטיפי פיטנס 6 יח,גרמים,141.00,100 גרם,false,0,14.90,10.57,true,1,
5900020018908,false,פיטנס חט.דגנים ק.עוגיות6,סי. פי. פולין,PL,חטיפי פיטנס 6 יח,גרמים,141.00,100 גרם,false,0,14.90,10.57,true,1,
5900617035929,false,חטיף חלבון פרוטאין 33 60,סיטי תוספי מזון,IL,חטיף חלבון פרוטא,גרמים,60.00,100 גרם,false,1,9.90,16.50,true,1,
5901887001737,false,"קרם פנים ליום 50 מ""ל",,PL,קרם פנים ליום,מיליליטרים,50.00,"100 מ""ל",false,1,19.90,39.80,true,1,
5901887001744,false,"קרם עיניים  50 מ""ל",,PL,קרם עיניים,מיליליטרים,15.00,"100 מ""ל",false,1,14.90,99.33,true,1,
5901887001751,false,"טונר ניקוי לפנים 200 מ""ל",,PL,טונר ניקוי לפנים,מיליליטרים,200.00,"100 מ""ל",false,1,17.90,8.95,true,1,
5901887010326,false,"קרם פנים לילה 50 מ""ל",,PL,קרם פנים לילה,מיליליטרים,50.00,"100 מ""ל",false,1,19.90,39.80,true,1,
5901887010593,false,קרם ידיים וציפורניים 80,,PL,קרם ידיים וציפור,מיליליטרים,80.00,"100 מ""ל",false,1,11.90,14.88,true,1,
5901887018223,false,קרם גוף חלב עיזים 400 מל,,PL,קרם גוף חלב עיזי,מיליליטרים,400.00,"100 מ""ל",false,1,21.90,5.48,true,1,
5901887018230,false,חמאת גוף חלב עיזים 200 מ,,PL,חמאת גוף חלב עיז,מיליליטרים,200.00,"100 מ""ל",false,1,24.90,12.45,true,1,
5901887026785,false,יסמין ק.לילה לגיל +50 50,,PL,יסמין ק.לילה,מיליליטרים,50.00,"100 מ""ל",false,1,24.90,49.80,true,1,
5901887026792,false,יסמין סרום לגיל +50 30 מ,,PL,יסמין סרום לגיל,מיליליטרים,30.00,"100 מ""ל",false,1,24.90,83.00,true,1,
5901887026808,false,יסמין ק.עיניים15מ גיל+50,,PL,יסמין ק.עיניים,מיליליטרים,15.00,"100 מ""ל",false,1,21.90,146.00,true,1,
5901887026815,false,יסמין מים מיסלריים +50 2,,PL,יסמין מים מיסלרי,מיליליטרים,200.00,"100 מ""ל",false,1,18.90,9.45,true,1,
5901887029656,false,מנוקה ג'ל לניקוי פנים 20,,PL,מנוקה ג'ל לניקוי,מיליליטרים,200.00,"100 מ""ל",false,1,18.90,9.45,true,1,
5901887029687,false,מנוקה משחת פילינג לניקוי,,PL,מנוקה משחת פילינ,מיליליטרים,75.00,"100 מ""ל",false,1,19.90,26.53,true,1,
5901887043751,false,"סרום ממריץ ומחליק 50 מ""ל",,PL,סרום ממריץ ומחלי,מיליליטרים,50.00,"100 מ""ל",false,1,24.90,49.80,true,1,
5901887043768,false,"תרחיץ ג'ל לפנים 200 מ""ל",,PL,תרחיץ ג'ל לפנים,מיליליטרים,200.00,"100 מ""ל",false,1,14.90,7.45,true,1,
5901887043775,false,פיליניג פנים וצוואר,,PL,פיליניג פנים וצו,מיליליטרים,75.00,"100 מ""ל",false,1,19.90,26.53,true,1,
5901887043782,false,"מיקרו פילינג לפנים 75 מ""",,PL,מיקרו פילינג לפנ,מיליליטרים,75.00,"100 מ""ל",false,1,14.90,19.87,true,1,
5902198160403,false,משקה אנרגיה TEN XL,"טמפו משקאות בע""\מ",IL,משקה אנרגיה,מיליליטרים,250.00,"100 מ""ל",false,1,5.90,2.36,true,1,
5902503896058,false,תיק מתנה אבסולו יח',,FR,תיק מתנה אבסולו,יחידה,1.00,יחידה,false,1,49.90,49.90,true,1,
5906485301012,false,משקה אנרגיה XL,,IL,משקה אנרגיה XL,מיליליטרים,250.00,"100 מ""ל",false,0,5.90,2.36,true,1,
6001067017523,false,מברשת שיניים ילדים גיל+6,קולגייט- פלמוליב,CN,מברשת שיניים,יחידה,1.00,יחידה,false,0,14.90,14.90,true,1,
6001067018049,false,מברשת קולגייט ילדים 2-5,קולגייט-פלמוליב,VN,מברשת קולגייט,יחידה,1.00,יחידה,false,0,13.90,13.90,true,1,
6085010044712,false,קלאב דה נואי אדט גבר105מ,פרפיום קוסמטיקס,FR,NUIT DE CLUB,מיליליטרים,105.00,"100 מ""ל",false,1,129.00,122.86,true,1,
6085010094151,false,nuit de club אדפ אשה105מ,,FR,nuit de club א.ד,מיליליטרים,105.00,"100 מ""ל",false,1,99.00,94.28,true,1,
6085010094977,false,קלאב דה נואי אינטנס105מ,,IL,קלאב דה נואי אינ,מיליליטרים,105.00,"100 מ""ל",false,1,129.00,122.85,true,1,
6295124030307,false,"סאפיל אינטנס אדט 100 מ""ל",,SA,סאפיל אינטנס אדט,מיליליטרים,100.00,"100 מ""ל",false,1,59.00,59.00,true,1,
6295124030314,false,"סאפיל אינטנס אדפ 100 מ""ל",,FR,סאפיל אינטנס אדפ,מיליליטרים,100.00,"100 מ""ל",false,1,59.00,59.00,true,1,
6920354822193,false,משחת שיניים נטורל הדרי90,---,BR,משחת שיניים נטור,גרמים,90.00,100 גרם,false,1,13.90,15.44,true,1,
7038513906505,false,קסמי שיניים ג'ורד.שולחני,ג'ורדן,,קיממי שיניים,יחידה,1.00,יחידה,false,0,24.90,24.90,true,1,
7038513909018,false,קיסמי שיניים ג'ורדן דקים,קלרו,NO,קיסמי שיניים,יחידה,1.00,יחידה,false,0,22.90,22.90,true,1,
7038513909117,false,קיסמי שיניים ג'ורדן רגיל,ג'ורדן,,קיסמי שיניים,יחידה,1.00,יחידה,false,0,22.90,22.90,true,1,
7038516860002,false,ג'ורדן מנקה לשון,ג'ורדן,IL,ג'ורדן מנקה לשון,יחידה,1.00,יחידה,false,0,18.90,18.90,true,1,
7046110030608,false,מארז זוג מברשות טרגט סנס,---,MY,מארז זוג מברשות,יחידה,1.00,יחידה,false,1,24.00,24.00,true,1,
7046110031643,false,מברשת שיניים לילדים גרין,---,MY,מברשת שיניים גרי,יחידה,1.00,יחידה,false,1,13.00,13.00,true,1,
7046110064047,false,2מברשות ג'ודדן לילדים6-9,קלרו,NO,מברשות שיניים,יחידה,1.00,יחידה,false,0,19.90,19.90,true,1,
7046110064139,false,מברשות ג'ורדן ריץ 2 יח,קלרו,NO,מברשות שיניים,יחידה,1.00,יחידה,false,0,28.90,28.90,true,1,
7046110064535,false,2מברשות ג'ורדן לילדים0-2,קלרו,MY,מברשות שיניים,יחידה,1.00,יחידה,false,0,19.90,19.90,true,1,
7046110065945,false,מברשת אינטרדנטל פלקטרום,ג'ורדן,IL,XS מברשת אינטרדנ,יחידה,1.00,יחידה,false,0,38.90,38.90,true,1,
7046110069868,false,ג'ורדן מברשות שנ.ילדים 9,ג'ורדן,IL,ג'ורדן מברשות שנ,יחידה,1.00,יחידה,false,0,14.90,14.90,true,1,
7046110070192,false,3 מברשות שיניים ג'ורדן,ג'ורדן,MY,3 מברשות שיניים,יחידה,1.00,יחידה,false,0,13.90,13.90,true,1,
7046110071519,false,משחה לשיני חלב2-6 50מל,---,IL,משחת שיניים,מיליליטרים,50.00,"100 מ""ל",false,1,11.90,23.80,true,1,
7046110075562,false,מש.שיניים ג'ורדן6-12 50מ,---,IL,משחת שיניים,מיליליטרים,50.00,"100 מ""ל",false,1,11.90,23.80,true,1,
7070646288653,false,חטיף חלבון טעם קרמל מלוח,סיטי ספורט,GB,חטיף חלבון טעם ק,גרמים,100.00,100 גרם,false,1,16.90,16.90,true,1,
7290000060071,false,חטיפ.פריכונים ט.טבעי80גר,"פרח תעשיות מזון בע""מ.",IL,חטיפי פריכונים,גרמים,80.00,100 גרם,false,0,9.90,12.38,true,1,
7290000066141,false,ביסלי גריל 70 גרם,"אסם השקעות בע""\מ",IL,ביסלי גריל,גרמים,70.00,100 גרם,false,0,4.90,7.00,true,1,
7290000066318,false,במבה 80 גרם,"אסם השקעות בע""\מ",IL,במבה,גרמים,80.00,100 גרם,false,0,5.90,7.38,true,1,
7290000066332,false,אפרופו 50 גרם,"אסם השקעות בע""\מ",IL,חטיף אפרופו,גרמים,50.00,100 גרם,false,0,5.90,11.80,true,1,
7290000068787,false,"במבה יום הולדת 25ג בד""צ","אסם השקעות בע""\מ",IL,במבה יום הולדת,גרמים,25.00,100 גרם,false,0,2.50,10.00,true,1,
7290000072623,false,קטשופ בקבוק לחיץ 750 גרם,"אסם השקעות בע""מ",IL,קטשופ בקבוק לחיץ,גרמים,750.00,100 גרם,false,0,11.90,1.59,true,1,
7290000072753,false,קפה נמס טסטרס צ'ויס200ג,לוטה נסטלה קוריאה,KR,קפה טסטרס צ'ויס,גרמים,200.00,100 גרם,false,0,31.90,15.95,true,1,
7290000074245,false,קרם קרקר 250 גרם,"אסם השקעות בע""\מ",IL,קרם קרקר אסם,גרמים,250.00,100 גרם,false,0,11.90,4.76,true,1,
7290000076126,false,בייגלה שמיניות קטנות80גר,"אסם השקעות בע""\מ",IL,בייגלה שמיניות,גרמים,80.00,100 גרם,false,0,3.30,4.13,true,1,
7290000135045,false,"TEN XL בטעם תפוח 250 מ""ל","טמפו משקאות בע""מ",IL,TEN XL בטעם תפוח,מיליליטרים,250.00,"100 מ""ל",false,1,5.90,2.36,true,1,
7290000135052,false,"TEN XL בטעם מנגו 250 מ""ל","טמפו משקאות בע""\מ",IL,TEN XL בטעם מנגו,מיליליטרים,250.00,"100 מ""ל",false,1,5.90,2.36,true,1,
7290000135113,false,TEN XL נענע ליים ללתס250,"טמפו משקאות בע""\מ",IL,TEN XL נענע ליים,מיליליטרים,250.00,"100 מ""ל",false,1,5.90,2.36,true,1,
7290000135151,false,סודה נגיעות למון ליים275,טמפו משקאות בעמ,IL,סודה בנגיעות למו,מיליליטרים,275.00,"100 מ""ל",false,1,3.90,1.42,true,1,
7290000143194,false,"שמפו + מרכך הוואי 700מ""ל",טרופיקל דגיל בעמ,IL,שמפו+מרכך הוואי,מיליליטרים,700.00,"100 מ""ל",false,0,8.90,1.27,true,1,
7290000143255,false,שמפו הוואי לשיער רגיל700,טרופיקל דגיל,IL,שמפו הוואי,מיליליטרים,700.00,"100 מ""ל",false,0,8.90,1.27,true,1,
7290000146669,false,סבון הוואי כחול 100*4 גר,טרופיקל דגיל,IL,סבון הוואי 4 יח,גרמים,400.00,100 גרם,false,0,13.90,3.48,true,1,
7290000146928,false,משחת טום וג'רי ענבים 50מ,טרופיקל דגיל,IL,משחת טום וג'רי,מיליליטרים,50.00,"100 מ""ל",false,0,7.90,15.80,true,1,
7290000146997,false,משחת טום וג'רי מסטיק 50מ,טרופיקל דגיל,IL,משחת טום וג'רי,מיליליטרים,50.00,"100 מ""ל",false,0,7.90,15.80,true,1,
7290000161631,false,קליק IN במילוי נוגט38גרם,יוניליוור ישראל מזון בע\,IL,קליק IN נוגט,גרמים,38.00,100 גרם,false,0,5.90,15.53,true,1,
7290000178707,false,תפוצ'יפס בטעם טבעי 50 גר,"שטראוס פריטו ליי בע""\מ )",IL,חטיף תפוצ'יפס,גרמים,50.00,100 גרם,false,0,4.30,8.60,true,1,
7290000187860,false,לילי נ.טואלט לח פיור56יח,חוגלה קימברלי,IL,נייר טואלט לח,יחידה,1.00,יחידה,false,0,8.90,8.90,true,1,
7290000188553,false,קוטקס מגן תחתון נורמל,חוגלה קימברלי,CN,מגן תחתון קוטקס,יחידה,1.00,יחידה,false,0,17.90,17.90,true,1,
7290000188591,false,קוטקס מגן תחתון יאנג,חוגלה קימברלי,CN,מגן תחתון קוטקס,יחידה,1.00,יחידה,false,0,17.90,17.90,true,1,
7290000189598,false,מטליות לחות דוחה אבק,---,IL,מטליות ניקול,יחידה,1.00,יחידה,false,0,12.90,12.90,true,1,
7290000190853,false,נייר טואלט לילי פיור30גל,חוגלה קימברלי,IL,נייר טואלט לילי,מטרים,537.00,100 מטר,false,0,44.90,8.36,true,1,
7290000191225,false,האגיס אקסטרה קר מידה 2,חוגלה קימברלי,IL,האגיס ליטל בייבי,יחידה,1.00,יחידה,false,1,33.90,33.90,true,1,
7290000191539,false,מגבוני לילי צבעוני90*5יח,חוגלה קימברלי,IL,מגבוני לילי 90*5,יחידה,1.00,יחידה,false,0,16.90,16.90,true,1,
7290000191546,false,מגבוני לילי צבעוני 90*3י,חוגלה קימברלי,IL,לילי צבעוני90*3,יחידה,1.00,יחידה,false,0,10.90,10.90,true,1,
7290000191645,false,האגיס אקסטרה קר מידה NB,חוגלה קימברלי,US,חיתולי האגיס,יחידה,1.00,יחידה,false,0,33.90,33.90,true,1,
7290000191652,false,קלינקס מעוצב 90*3 יחידות,חוגלה קימברלי,IL,קלינקס מעוצב 3יח,יחידה,1.00,יחידה,false,0,12.90,12.90,true,1,
7290000193083,false,תחבושות נובה לי 28 יח',חוגלה קימברלי,CZ,תחבושות נובה לי,יחידה,1.00,יחידה,false,0,9.90,9.90,true,1,
7290000193205,false,20 תחבושות לילי ללילה,חוגלה קימברלי,BE,תחבושות לילי,יחידה,1.00,יחידה,false,0,14.90,14.90,true,1,
7290000193472,false,לילי מגן תחתון נורמל,חוגלה קימברלי,ES,פדיות לילי,יחידה,1.00,יחידה,false,0,14.90,14.90,true,1,
7290000193540,false,לילי מגן תחתון לונג,חוגלה קימברלי,ES,פדיות לילי,יחידה,1.00,יחידה,false,0,14.90,14.90,true,1,
7290000193649,false,24 תחבושות לילי נורמל+,חוגלה קימברלי,ES,תחבושות לילי,יחידה,1.00,יחידה,false,0,14.90,14.90,true,1,
7290000193656,false,לילי תחבושות סופר פלוס,חוגלה קימברלי,ES,תחבושות לילי,יחידה,1.00,יחידה,false,0,14.90,14.90,true,1,
7290000195537,false,מגב.האגיס ללא בישום 64*4,חוגלה קימברלי,IL,מגבונים האגיס 4י,יחידה,1.00,יחידה,false,0,24.90,24.90,true,1,
7290000195773,false,מגבוני האגיס אלוורה 64*4,חוגלה קימברלי,IL,מגבונים האגיס 4י,יחידה,1.00,יחידה,false,0,24.90,24.90,true,1,
7290000197425,false,האגיס פרידום דריי מידה 3,חוגלה קימברלי,IL,חיתולי האגיס,יחידה,1.00,יחידה,false,0,47.90,47.90,true,1,
7290000197456,false,האגיס פרידום דריי מידה 4,חוגלה קימברלי,IL,חיתולי האגיס,יחידה,1.00,יחידה,false,0,47.90,47.90,true,1,
7290000197463,false,האגיס פרידום דריי +4,חוגלה קימברלי,IL,חיתולי האגיס,יחידה,1.00,יחידה,false,0,47.90,47.90,true,1,
7290000197548,false,האגיס פרידום דריי מידה 5,חוגלה קימברלי,IL,חיתולי האגיס,יחידה,1.00,יחידה,false,0,47.90,47.90,true,1,
7290000197678,false,האגיס פרידום דריי מידה 6,חוגלה קימברלי,IL,חיתולי האגיס,יחידה,1.00,יחידה,false,0,47.90,47.90,true,1,
7290000199313,false,תחבושות קוטקס יאנג 30 יח,חוגלה קימברלי,CZ,קוטקס תחבושות,יחידה,1.00,יחידה,false,0,17.90,17.90,true,1,
7290000201832,false,50טיטולים פרימיום שלב 3,חוגלה קימברלי,IL,טיטולים פרימיום,יחידה,1.00,יחידה,false,1,33.90,33.90,true,1,
7290000201849,false,40 טיטולים פרימיום שלב 4,חוגלה קימברלי,IL,טיטולים פרימיום,יחידה,1.00,יחידה,false,1,33.90,33.90,true,1,
7290000201870,false,30 טיטולים פרימיום שלב 6,---,IL,טיטולים פרימיום,יחידה,1.00,יחידה,false,1,33.90,33.90,true,1,
7290000203560,false,סדיניה שקמה 15 יחידות,חוגלה קימברלי,IL,סדיניה שקמה,יחידה,1.00,יחידה,false,0,51.90,51.90,true,1,
7290000205762,false,האגיס אקסטרה קר מידה 3,חוגלה קימברלי,CZ,חיתולי האגיס,יחידה,1.00,יחידה,false,1,57.90,57.90,true,1,
7290000205915,false,האגיס אקסטרה קר מידה 4,חוגלה קימברלי,CZ,חיתולי האגיס,יחידה,1.00,יחידה,false,1,57.90,57.90,true,1,
7290000245294,false,"אבקת כביסה פרסיל 2.5 ק""ג","הנקל סוד בע""\מ",IL,אבקת כביסה פרסיל,קילוגרמים,2.50,"ק""ג",false,0,21.90,8.76,true,1,
7290000262413,false,האגיס אקסטרה קר מידה 5,חוגלה קימברלי,CZ,חיתולי האגיס,יחידה,1.00,יחידה,false,1,57.90,57.90,true,1,
7290000263359,false,האגיס אקסטרה קר שלב1,חוגלה קימברלי,IL,חיתולי האגיס,יחידה,1.00,יחידה,false,0,33.90,33.90,true,1,
7290000286228,false,ספוגיות לניקוי כלים 6 יח,סנו מפעלי ברונו בעמ,IL,ספוגיות לכלים6יח,יחידה,1.00,יחידה,false,0,14.90,14.90,true,1,
7290000286761,false,ניילון נצמד 30*2 מטר,סנו,CN,צמד ניילון נצמד,מטרים,60.00,מטר,false,0,12.90,0.22,true,1,
7290000288079,false,סנו ג'אוול לימון 2 ליטר,"סנו מפעלי ברונוס בע""מ",IL,סנו JAVEL מלבין,ליטרים,2.00,ליטר,false,0,13.90,6.95,true,1,
7290000288291,false,סנומט קוטל יתוש/זבוב30טב,סנו,IT,סנומט נגד יתוש,יחידה,1.00,יחידה,false,0,14.90,14.90,true,1,
7290000288307,false,סנומט מכשיר + 30 טבליות,סנו,IT,מכשיר סנומט+טבל,יחידה,1.00,יחידה,false,0,30.00,30.00,true,1,
7290000288727,false,א.כביסה מקסימה מאסק1.25ק,סנו,IL,אבקת כביסה,קילוגרמים,1.25,"ק""ג",false,0,12.90,10.32,true,1,
7290000289069,false,סנו ג'אוול מרסס לימון 1ל,"סנו מפעלי ברונוס בע""מ",IL,סנו ג'אוול מרסס,ליטרים,1.00,ליטר,false,0,19.90,19.90,true,1,
7290000289236,false,K3 קוטל נמלים פיתיון,"סנו מפעלי ברונוס בע""\מ",IL,K3 קוטל נמלים,גרמים,12.00,100 גרם,false,1,49.90,415.83,true,1,
7290000289595,false,אורביטול קיד תות 145 גרם,טרופיקל דגיל תעשיות קוסמ,IL,משחת שיניים,גרמים,145.00,100 גרם,false,0,10.90,7.52,true,1,
7290000292557,false,סנומט נוזלי45לילות-מילוי,סנו,IT,נוזל מילוי סנו,מיליליטרים,35.00,"100 מ""ל",false,0,21.90,62.57,true,1,
7290000292687,false,סנובון כחול שלישיה55*3גר,סנו מפעלי ברונו בעמ,IL,סנובון כחול 3 יח,גרמים,165.00,100 גרם,false,0,18.90,11.45,true,1,
7290000293943,false,סנו אנטי קאלק מרסס 1 ל',סנו מפעלי ברונוס בעמ,IL,סנו אנטי קאלק,ליטרים,1.00,ליטר,false,0,17.90,17.90,true,1,
7290000295336,false,אבקת מקסימה סנסטיב 1.25ק,סנו מפעלי ברונוס בעמ,IL,אבקת כביסה,קילוגרמים,1.25,"ק""ג",false,0,12.90,10.32,true,1,
7290000295558,false,2רדידי אלומיניום0.3*7.5מ,סנו,TR,צמד רדידי אלומינ,מטרים,15.00,מטר,false,0,15.90,1.06,true,1,
7290000341071,false,מרכך כביסה בדין בייבי 2ל,יוניליוור ישראל טיפוח אי,IL,מרכך כביסה בייבי,ליטרים,2.00,ליטר,false,0,17.90,8.95,true,1,
7290000347752,false,תה ירוק+לימונ.ולואיזה25ש,ויסוצקי,IL,תה ירוק לימונית,גרמים,37.00,100 גרם,false,0,24.90,67.30,true,1,
7290000412481,false,"מנקה אסלות ""00"" 1 ליטר",סנו מפעלי ברונוס בעמ,IL,"מנקה אסלות 00""",ליטרים,1.00,ליטר,false,0,9.90,9.90,true,1,
7290000442044,false,"פמינה חמוציות 220 מ""ל",כצט,IL,פמינה חמוציות,מיליליטרים,220.00,"100 מ""ל",false,0,29.90,13.59,true,1,
7290000560533,false,ג'ל גילוח אדג' לעור רגיל,אנרג'ייזר,US,אדג' ג'ל לגילוח,גרמים,198.00,100 גרם,false,0,18.90,9.55,true,1,
7290000679631,false,אל סבון קמיל קלאסיק500מ,פישר מעבדות פרמצבטיות בע,IL,קמיל בלו אלסבון,מיליליטרים,500.00,"100 מ""ל",false,0,16.90,3.38,true,1,
7290000803180,false,שטיפה דנטלית מרידול 400מ,קולגייט פלמוליב,CH,שטיפה מרידול,מיליליטרים,400.00,"100 מ""ל",false,0,26.90,6.73,true,1,
7290000804484,false,שטיפה דנטלית אלמקס 400מל,קולגייט פלמוליב,CH,מי פה אלמקס,מיליליטרים,400.00,"100 מ""ל",false,0,28.90,7.23,true,1,
7290001305058,false,סב.נוז.פלמול.חלב דבש500מ,קולגייט פלמוליב,TR,סב.נוזלי פלמוליב,מיליליטרים,500.00,"100 מ""ל",false,0,17.90,3.58,true,1,
7290001713020,false,"שקיות אשפה 85*75 ס""מ25יח",קומפלקס כימיקלים בעמ,TR,שקיות אשפה 85*75,יחידה,1.00,יחידה,false,1,8.90,8.90,true,1,
7290001713150,false,אקונומיקה קצף ניקוי 1 לי,קומפלקס כימיקלים בעמ,IL,קצף ניקוי,ליטרים,1.00,ליטר,false,1,9.90,9.90,true,1,
7290001713242,false,שקיות אשפה עם ידיות90*75,---,TR,שקיות אשפה עם יד,יחידה,1.00,יחידה,false,1,17.90,17.90,true,1,
7290001713662,false,מ. כביסה בניחוח ב.מלון1ל,---,TR,מרכך כביסה בניחו,מיליליטרים,1000.00,"100 מ""ל",false,1,11.90,1.19,true,1,
7290001865453,false,סבון פמלי סגול+משאבה 1ל',אינטרקוסמא,TR,סבון נוזלי פמלי,ליטרים,1.00,ליטר,false,0,12.90,12.90,true,1,
7290001973233,false,מגבונים מילוי+דיספנסר120,פישר מעבדות פרמצבטיות,IL,מגבונים +דיספנסר,יחידה,1.00,יחידה,false,0,13.90,13.90,true,1,
7290002000136,false,שעוות הדבש משי מיקרו500ג,"ש. שוורץ )באר שבע( בע""\מ",IL,שעוות מגע משי,גרמים,500.00,100 גרם,false,0,27.90,5.58,true,1,
7290002002635,false,שעוות הדבש משי לפנים80גר,ש.שוורץ,IL,שעווה לפנים,גרמים,80.00,100 גרם,false,0,22.90,28.63,true,1,
7290002002857,false,נייר שעווה 50 יחידות,אלסום ביגנדו,IL,נייר שעווה,יחידה,1.00,יחידה,false,0,28.90,28.90,true,1,
7290002041023,false,רעננה קרם דאו.לכף הרגל,תעשיות שיק,IL,קרם דאו לכף הרגל,מיליליטרים,10.00,"100 מ""ל",false,0,39.90,399.00,true,1,
7290002041368,false,"דאו.מידנייט ספריי 187מ""ל",חלאבין,IL,דאודורנט ספריי,מיליליטרים,187.00,"100 מ""ל",false,0,22.90,12.25,true,1,
7290002041801,false,"קרם גוף לאב ליין 275 מ""ל",תעשיות שיק,IL,קרם גוף לאב ליין,מיליליטרים,275.00,"100 מ""ל",false,0,49.90,18.15,true,1,
7290002041818,false,"דאו.רול און מידנייט80מ""ל",תעשיות שיק,IL,דאודורנט מידנייט,מיליליטרים,80.00,"100 מ""ל",false,0,22.90,28.63,true,1,
7290002269953,false,בלוז מסיר איפור 2 פאזות,קרליין,IL,בלוז מסיר איפור,מיליליטרים,260.00,"100 מ""ל",false,0,44.90,17.27,true,1,
7290002515333,false,אל סבון קמיל סנסיטיב500,פישר מעבדות פרמצבטיות בע,IL,אלסבון קמיל בלו,מיליליטרים,500.00,"100 מ""ל",false,0,19.90,3.98,true,1,
7290002515371,false,אל סבון קמיל קלאסיק 1ליט,פישר מעבדות פרמצבטיות בע,IL,קמיל בלו לתינוק,ליטרים,1.00,ליטר,false,0,27.90,27.90,true,1,
7290002730538,false,80פדים להסרת איפור בלונס,"ש. שסטוביץ בע""\מ",GR,פדים להסרת איפור,יחידה,1.00,יחידה,false,0,9.90,9.90,true,1,
7290002730675,false,"משחת קולגייט אדום 100מ""ל",קולגייט פלמוליב,PL,משחת שיניים,מיליליטרים,100.00,"100 מ""ל",false,0,9.90,9.90,true,1,
7290002730811,false,משחה קולגייט ג'ל 100 גרם,קולגייט פלמוליב,PL,משחת קולגייט ג'ל,מיליליטרים,100.00,"100 מ""ל",false,0,13.90,13.90,true,1,
7290002730941,false,"צמר גפן פרוס ""בלונס100""ג",ספטונה,GR,צמר גפן פרוס,גרמים,100.00,100 גרם,false,0,9.90,9.90,true,1,
7290002752332,false,סוכ.מנטוס טעם פירות37.5ג,מנטוס,NL,סוכריות מנטוס,גרמים,37.00,100 גרם,false,0,3.90,10.54,true,1,
7290002752349,false,סוכ. מנטוס מנטה 37.5 גרם,פרפטי ואן מלה,NL,סוכריות מנטוס,גרמים,37.00,100 גרם,false,0,3.90,10.54,true,1,
7290002768074,false,דרמפון סבון ללא סבון 1 ל,קוסמופארם בע'\'\מ,IL,דרמפון אל סבון,ליטרים,1.00,ליטר,false,0,19.90,19.90,true,1,
7290002768159,false,בת אורן סבון נוזלי 500מל,קרליין,IL,סבון אמבט בת אור,מיליליטרים,500.00,"100 מ""ל",false,0,26.90,5.38,true,1,
7290002814016,false,סנט מוריץ מסיר שומ.קר750,קומפלקס כימיקלים,IL,מסיר שומנים קר,מיליליטרים,750.00,"100 מ""ל",false,0,15.90,2.12,true,1,
7290002814054,false,אנטרטיק מרסס 1 ליטר,קומפלקס כימיקלים בעמ,IL,אנטרטיק מרסס,ליטרים,1.00,ליטר,false,1,9.90,9.90,true,1,
7290002814078,false,אנטרטיק לניקוי אמבטיה1ל,קומפלקס כימיקלים,IL,אנטרטיק לאמבט,ליטרים,1.00,ליטר,false,0,8.90,8.90,true,1,
7290002814245,false,מטליות אקונומיקה 400יח,---,IL,מטליות אקונומיקה,יחידה,1.00,יחידה,false,1,27.90,27.90,true,1,
7290002814498,false,נוזל ניקוי כללי חומץ750מ,קומפלקס כימיקלים,TR,נוזל ניקוי כללי,מיליליטרים,750.00,"100 מ""ל",false,1,7.90,1.06,true,1,
7290002814542,false,אשפתון עבה במיוחד 25 יח,קומפלקס כימיקלים בעמ,CN,אשפתון,יחידה,1.00,יחידה,false,1,9.90,9.90,true,1,
7290002814610,false,מסיר שומנים לימון1ליטר,קומפלקס כימיקלים בעמ,IL,מסיר שומנים,ליטרים,1.00,ליטר,false,0,15.90,15.90,true,1,
7290002814825,false,כדוריות לאסלה יחידה50*3ג,---,TR,כדוריות לאסלה3*,גרמים,150.00,100 גרם,false,1,9.90,6.60,true,1,
7290002814887,false,מטליות רצפה סנט מוריץ10י,קומפלקס כימיקלים,CN,מטליות רצפה 10יח,יחידה,1.00,יחידה,false,1,12.90,12.90,true,1,
7290003026036,false,אל סבון סנסיטיב קמיל 1 ל,פישר מעבדות פרמצבטיות בע,IL,אל סבון קמיל בלו,ליטרים,1.00,ליטר,false,0,28.90,28.90,true,1,
7290003026319,false,משחה לתינוק קמיל בלו120ג,פישר מעבדות פרמצבטיות בע,IL,משחת החתלה סנסטי,גרמים,120.00,100 גרם,false,0,19.90,16.58,true,1,
7290003047642,false,ליפטון ילו לייבל100ש1.5*,יוניליוור,RU,תה ילו לייבל,גרמים,150.00,100 גרם,false,0,18.40,12.27,true,1,
7290003227990,false,"חלאבילין דאו.נשים 10מ""ל",תעשיות שיק,IL,דאו.קרם חלאבילין,מיליליטרים,10.00,"100 מ""ל",false,1,49.90,499.00,true,1,
7290003320257,false,פצירות עץ קצרות קייזר,מג'יק,IL,פצירות עץ קצרות,יחידה,1.00,יחידה,false,0,19.90,19.90,true,1,
7290003387205,false,דאו.ספיד סטיק לגבר 56 גר,קולגייט פלמוליב,US,דאודורנט סטיק,גרמים,56.00,100 גרם,false,0,17.90,31.96,true,1,
7290003387373,false,דאו.ספיד סטיק ספורט50גרם,קולגייט פלמוליב,US,דאודורנט,גרמים,50.00,100 גרם,false,0,17.90,35.80,true,1,
7290003401376,false,קרם לחות אלוורה לשיער400,קרליין,IL,קרם לחות לשיער,מיליליטרים,400.00,"100 מ""ל",false,0,16.90,4.23,true,1,
7290003401420,false,ק.לחות סיליקון לשיער400מ,קרליין,IL,קרם לחות לשיער,מיליליטרים,400.00,"100 מ""ל",false,0,16.90,4.23,true,1,
7290003401635,false,קרם לחות ש.צבוע ברגע 400,קרליין,IL,קרם לחות לשיער,מיליליטרים,400.00,"100 מ""ל",false,0,25.90,6.48,true,1,
7290003401642,false,קר.לחות לתלתלים נטורל400,קרליין,IL,קרם לחות לשיער,מיליליטרים,400.00,"100 מ""ל",false,0,25.90,6.48,true,1,
7290003520572,false,מטריות שוקולד,,,מטריות שוקולד,גרמים,54.00,100 גרם,false,0,16.90,31.30,true,1,
7290003521074,false,מרכך לילדים סרקל 1 ליטר,פישר מעבדות פרמצבטיות בע,IL,מרכך לילדים סרקל,ליטרים,1.00,ליטר,false,0,27.90,27.90,true,1,
7290003521081,false,שמפו לילדים סרקל 1 ליטר,פישר מעבדות פרמצבטיות בע,IL,סרקל שמפו לילדים,ליטרים,1.00,ליטר,false,0,27.90,27.90,true,1,
7290003521166,false,קרם רוזמרין לילדים סרקל,פישר מעבדות פרמצבטיות בע,IL,סרקל קרם רוזמרין,מיליליטרים,325.00,"100 מ""ל",false,0,25.90,7.97,true,1,
7290003521197,false,מתיר קשרים לילדים סרקל,פישר מעבדות פרמצבטיות בע,IL,סרקל מתיר קשרים,מיליליטרים,340.00,"100 מ""ל",false,0,25.90,7.62,true,1,
7290004043108,false,עדשי מ&מ'ס שוקולד 89 גרם,מרס,US,עדשי מ&מ'ס,גרמים,89.00,100 גרם,false,1,6.80,7.64,true,1,
7290004078263,false,בלונס צימרונים 200*2 יחי,ספטונה,GR,מקלוני כותנה,יחידה,1.00,יחידה,false,0,14.90,14.90,true,1,
7290004078942,false,ליידי ס.סטיק ג'ל מרענן,קולגייט פלמוליב,US,דאודורנט,גרמים,65.00,100 גרם,false,0,17.90,27.54,true,1,
7290004731472,false,אלסבון כיף צבעוני 500*3מ,קוסמופארם בע'\'\מ,IL,אלסבון כיף 3 יח,ליטרים,1.50,ליטר,false,0,19.90,13.27,true,1,
7290005008184,false,סב.נוז.פלמוליב 2ב1- 500מ,קולגייט פלמוליב,TR,סב.נוזלי פלמול,מיליליטרים,500.00,"100 מ""ל",false,0,17.90,3.58,true,1,
7290005008191,false,פלמולי.נוז.ארומה-סגול500,קולגייט פלמוליב,TR,סב.נוזלי פלמוליב,מיליליטרים,500.00,"100 מ""ל",false,0,17.90,3.58,true,1,
7290005084355,false,משח.סנסודיין דואל קייר75,MICLEN DE,GB,משחת שיניים,מיליליטרים,75.00,"100 מ""ל",false,0,18.90,25.20,true,1,
7290005200786,false,תפוצ'יפס ט.שמנת ובצל50גר,"שטראוס פריטו ליי בע""\מ )",IL,תפוצ'יפס שמנת,גרמים,50.00,100 גרם,false,0,4.30,8.60,true,1,
7290005418709,false,קר.לחות נטורל קיבוע תלתל,קרליין,IL,קרם לחות לתלתלים,מיליליטרים,400.00,"100 מ""ל",false,0,25.90,6.48,true,1,
7290005418891,false,ג'ל לשיער עיצוב רטוב500מ,מיוצר עי : אמיליה קוסמטי,IL,ג'ל לעיצוב שיער,מיליליטרים,500.00,"100 מ""ל",false,0,22.90,4.58,true,1,
7290005423635,false,ריצפז פלוס דוחה תיקנים2ל,סנו מפעלי ברונוס בעמ,IL,ריצפז דוחה חרקים,ליטרים,2.00,ליטר,false,0,22.90,11.45,true,1,
7290005425110,false,מחטא ומשמיד חיידקים750,"סנו מפעלי ברונוס בע""\מ",IL,מחטא משטחים סנו,מיליליטרים,750.00,"100 מ""ל",false,1,16.90,2.25,true,1,
7290005425646,false,סנוקליר ניקוי חלונות 1ל',"סנו מפעלי ברונוס בע""\מ",IL,סנוקליר 1 ליטר,ליטרים,1.00,ליטר,false,0,14.90,14.90,true,1,
7290005427107,false,מגבות נייר סנו סושי 6 גל,סנו מפעלי ברונוס בעמ,IL,מגבות נייר סנו,מטרים,63.00,מטר,false,0,13.90,0.22,true,1,
7290005427770,false,קרמה לחות לשיער לגבר400מ,קוסמופארם בע'\'\מ,IL,קרמה לחות לשיער,מיליליטרים,400.00,"100 מ""ל",false,0,24.90,6.23,true,1,
7290005430602,false,אוקסיג'ן מ.כתמים,,IL,אוקסיג'ן מ.כתמים,מיליליטרים,750.00,"100 מ""ל",false,0,16.90,2.25,true,1,
7290005500688,false,"מסיכה לשיער פנינה 1 ק""ג",א.ל ארמן,IL,מסיכה לשיער,קילוגרמים,1.00,"ק""ג",false,0,26.90,26.90,true,1,
7290005680052,false,טמפוני או-בה סופר + 32יח,ג'ונסון,GR,טמפוני או-בה,יחידה,1.00,יחידה,false,0,30.90,30.90,true,1,
7290006185501,false,סבון נוזלי פנינה ורוד 1ל,סאסא קוסמטיקס,IL,סבון נוזלי ורוד,ליטרים,1.00,ליטר,false,0,13.90,13.90,true,1,
7290006651570,false,שמפו/אל סבון קמיל בלו750,פישר מעבדות פרמצבטיות בע,IL,שמפו/אל סבון,מיליליטרים,750.00,"100 מ""ל",false,0,18.90,2.52,true,1,
7290006712684,false,דאו.ספיד סטיק-24/7- כחול,קולגייט פלמוליב,US,דאודורנט,גרמים,50.00,100 גרם,false,0,17.90,35.80,true,1,
7290006712981,false,"קולגייט סמיילס +6 50 מ""ל",קולגייט פלמוליב,PL,משחת שיניים,מיליליטרים,50.00,"100 מ""ל",false,0,14.90,29.80,true,1,
7290006784360,false,מרסס חלונית ס.מוריץ1ליטר,קומפלקס כימיקלים,IL,מרסס חלונית,ליטרים,1.00,ליטר,false,0,4.90,4.90,true,1,
7290006784438,false,LOVE PUREמרכך כביסה 1 לי,קומפלקס כימיקלים בעמ,TR,LOVE PUREמרכך כב,ליטרים,1.00,ליטר,false,1,11.90,11.90,true,1,
7290006788092,false,"מרכך ""10"" לשיער מתותל700",מיוצר עי : אמיליה קוסמטי,IL,מרכך קרליין,מיליליטרים,700.00,"100 מ""ל",false,0,11.50,1.64,true,1,
7290006788269,false,PERFECT CARE סרום למיצוק,קרליין,IL,סרום למיצוק,מיליליטרים,30.00,"100 מ""ל",false,0,99.00,330.00,true,1,
7290006788351,false,דאו.קרליין סטיק AQUA 50,קרליין,IL,דאודורנט קרליין,מיליליטרים,50.00,"100 מ""ל",false,0,18.90,37.80,true,1,
7290006788436,false,דאו.קרליין רולאון ורוד75,קרליין,IL,דאודורנט קרליין,מיליליטרים,75.00,"100 מ""ל",false,0,13.90,18.53,true,1,
7290006788443,false,דאו.קרליין רולאון סגול75,אמיליה קוסמטיקס בעמ,IL,דאודורנט קרליין,מיליליטרים,75.00,"100 מ""ל",false,0,13.90,18.53,true,1,
7290006788467,false,דאו.קרליין ספרי אקטיב200,מיוצר עי : אמיליה קוסמטי,IL,דאודורנט קרליין,מיליליטרים,200.00,"100 מ""ל",false,0,13.90,6.95,true,1,
7290006788481,false,דאו.קרליין 200SUNRISE,מיוצר עי : אמיליה קוסמטי,IL,דאודורנט קרליין,מיליליטרים,200.00,"100 מ""ל",false,0,13.90,6.95,true,1,
7290006789631,false,"קרם ""10"" שיער רגיל400מ""ל",מיוצר עי : אמיליה קוסמטי,IL,קרם לחות לשיער,מיליליטרים,400.00,"100 מ""ל",false,0,20.90,5.23,true,1,
7290006791498,false,שמן ברזילאי ש.צבוע 145מל,קרליין,IL,שמן לשיער,מיליליטרים,145.00,"100 מ""ל",false,0,47.90,33.03,true,1,
7290006992161,false,דייסת קורנפלור 200 גרם,מטרנה תעשיות ש.מ,IL,דייסת מטרנה,גרמים,200.00,100 גרם,false,0,14.50,7.25,true,1,
7290006992208,false,דייסת מטרנה 8 דגנים 200ג,מטרנה תעשיות ש.מ,IL,דייסת מטרנה,גרמים,200.00,100 גרם,false,0,14.50,7.25,true,1,
7290008000826,false,"משחת שיניים ברבי 50 מ""ל",כצט,IL,משחת שיניים ברבי,מיליליטרים,50.00,"100 מ""ל",false,0,10.90,21.80,true,1,
7290008104050,false,תחליב רחצה קלאסיק220מל,כצט,IL,תחליב פמינה,מיליליטרים,220.00,"100 מ""ל",false,0,24.90,11.32,true,1,
7290008116534,false,ליסטרין קול מינט 250 מל,ג'\ונסון אנד ג'\ונסון,IT,מי פה ליסטרין,מיליליטרים,250.00,"100 מ""ל",false,0,10.00,4.00,true,1,
7290008116541,false,ליסטרין קול מינט 500מל,ג'\ונסון אנד ג'\ונסון,IT,מי פה ליסטרין,מיליליטרים,500.00,"100 מ""ל",false,0,19.90,3.98,true,1,
7290008116558,false,"מי פה ליסטרין פרש 250מ""ל",ג'\ונסון אנד ג'\ונסון,IT,מי פה ליסטרין,מיליליטרים,250.00,"100 מ""ל",false,0,10.00,4.00,true,1,
7290008116565,false,"מי פה ליסטרין פרש 500מ""ל",ג'\ונסון אנד ג'\ונסון,IT,מי פה ליסטרין,מיליליטרים,500.00,"100 מ""ל",false,0,19.90,3.98,true,1,
7290008116862,false,בלנאום בייבי בייסיק500מל,נאופארם,IL,בלנאום בייבי,מיליליטרים,500.00,"100 מ""ל",false,0,98.90,19.78,true,1,
7290008116886,false,בלנאום בייבי פורטה500מל,נאופארם,DE,בלנאום בייבי פור,מיליליטרים,500.00,"100 מ""ל",false,0,98.90,19.78,true,1,
7290008264037,false,פינצטה אלכסון,סולינגן,IL,פינצטה אלכסון,יחידה,1.00,יחידה,false,0,39.90,39.90,true,1,
7290008264044,false,פינצטה מכופפת שחורה,סולינגן,IL,פינצטה מכופפת שח,יחידה,1.00,יחידה,false,0,39.90,39.90,true,1,
7290008264129,false,פינצטה מכופפת אל חלד,סולינגן,IL,פינצטה מכופפת אל,יחידה,1.00,יחידה,false,0,84.90,84.90,true,1,
7290008264150,false,פצירה 20 ס'מ כרום,סולינגן,IL,פצירה 20 ס'מ כרו,יחידה,1.00,יחידה,false,0,34.00,34.00,true,1,
7290008264204,false,פצירות להחלקה 3,סולינגן,IL,פצירות להחלקה 3,יחידה,1.00,יחידה,false,0,33.00,33.00,true,1,
7290008264259,false,מספריים להב ארוך,סולינגן,IL,מספריים להב ארוך,יחידה,1.00,יחידה,false,0,110.90,110.90,true,1,
7290008264389,false,קוצץ קטן+שרשרת,סולינגן,IL,קוצץ קטן+שרשרת,יחידה,1.00,יחידה,false,0,27.00,27.00,true,1,
7290008264402,false,פומפיה רחבה+פצירה,סולינגן,IL,פומפיה רחבה+פציר,יחידה,1.00,יחידה,false,0,40.00,40.00,true,1,
7290008264471,false,משייף +ידית לבנה,סולינגן,KP,משייף +ידית לבנה,יחידה,1.00,יחידה,false,0,16.90,16.90,true,1,
7290008264488,false,"פצירת אקריל 18 ס""מ",סולינגן,IL,פצירת אקריל 18 ס,יחידה,1.00,יחידה,false,0,18.00,18.00,true,1,
7290008264518,false,מספריים לעור דק,סולינגן,IL,מספריים לעור דק,יחידה,1.00,יחידה,false,0,45.00,45.00,true,1,
7290008264822,false,משייף באפר משולש,סולינגן,KP,משייף באפר משולש,יחידה,1.00,יחידה,false,0,23.90,23.90,true,1,
7290008444231,false,YOUNG קרם/ג'ל לחות,קרליין,IL,YOUNG ג'ל לחות,מיליליטרים,50.00,"100 מ""ל",false,0,59.90,119.80,true,1,
7290008444743,false,לק גוון 310,קרליין,IL,לק גוון 310,יחידה,1.00,יחידה,false,0,14.90,14.90,true,1,
7290008464505,false,סאן בנדטו רגיל 0.5 ליטר,אקווה מינרלה סאן בנדטו ב,IT,סאן בנדטו רגיל 0,מיליליטרים,500.00,"100 מ""ל",false,0,5.00,1.00,true,1,
7290008464611,false,"הסודה של טמפו 275 מ""ל",טמפו משקאות בעמ,IL,הסודה של טמפו,מיליליטרים,275.00,"100 מ""ל",false,1,3.90,1.42,true,1,
7290008745239,false,תפוצ'יפס קראנצ' טעם טבעי,"שטראוס פריטו ליי בע""\מ )",IL,תפוצ'יפס קראנצ',גרמים,50.00,100 גרם,false,0,4.30,8.60,true,1,
7290008750264,false,מסטיק דובדבן מגדים 28גרם,עלית,IL,מסטיק מאסט,גרמים,28.00,100 גרם,false,0,4.50,16.07,true,1,
7290008754415,false,מאסט LL עדין ספירמינט28ג,עלית,IL,מסטיק מאסט LL,גרמים,28.00,100 גרם,false,0,4.50,16.07,true,1,
7290008754422,false,LL MUST קלאסי פפרמינט28ג,עלית,IL,מסטיק LL MUST,גרמים,28.00,100 גרם,false,0,4.50,16.07,true,1,
7290008893343,false,עפרון עינים הייפרסיז'ן03,גייד,IT,עפרון עינים הייפ,יחידה,1.00,יחידה,false,0,39.00,39.00,true,1,
7290008893367,false,עפרון עינים פרסיז'ן04,גייד,IT,עפרון עינים פרסי,יחידה,1.00,יחידה,false,0,39.00,39.00,true,1,
7290008894036,false,מייק אפ קומפקט 01,גייד,IT,מייק אפ קומפקט 0,יחידה,1.00,יחידה,false,0,103.90,103.90,true,1,
7290008894074,false,מייק אפ קומפקט 03,גייד,IT,מייק אפ קומפקט03,יחידה,1.00,יחידה,false,0,103.90,103.90,true,1,
7290010199907,false,אל סבון סטייל,,TR,אל סבון סטייל,מיליליטרים,500.00,"100 מ""ל",false,0,7.90,1.58,true,1,
7290010237531,false,פפסי בקבוק,,IL,פפסי בקבוק,מיליליטרים,500.00,"100 מ""ל",false,0,5.90,1.18,true,1,
7290010237548,false,פפסי מקס,,IL,פפסי מקס,מיליליטרים,500.00,"100 מ""ל",false,0,5.90,1.18,true,1,
7290010237579,false,סבנ אפ,,IL,סבנ אפ,מיליליטרים,500.00,"100 מ""ל",false,0,5.90,1.18,true,1,
7290010237586,false,סבנ אפ דיאט,,IL,סבנ אפ דיאט,מיליליטרים,500.00,"100 מ""ל",false,0,5.90,1.18,true,1,
7290010381272,false,דיפ ליינר שחור 80,קרליין,DE,דיפ ליינר 80,יחידה,1.00,יחידה,false,0,54.90,54.90,true,1,
7290010381302,false,עפרון עיניים עם חידוד100,קרליין,DE,עפרון עיניים,יחידה,1.00,יחידה,false,0,29.90,29.90,true,1,
7290010381333,false,עפרון עיניין עם חידוד303,קרליין,,עפרון עיניים,יחידה,1.00,יחידה,false,0,29.90,29.90,true,1,
7290010381449,false,עפרון שפתיים עם חידוד154,קרליין,DE,עפרון שפתיים,יחידה,1.00,יחידה,false,0,29.90,29.90,true,1,
7290010381500,false,עפרון עיניים לא חידוד200,קרליין,DE,עפרון עיניים,יחידה,1.00,יחידה,false,0,29.90,29.90,true,1,
7290010381616,false,עפרון עיניים ללא חידוד 1,קרליין,DE,עפרון עיניים,יחידה,1.00,יחידה,false,0,29.90,29.90,true,1,
7290010381630,false,עפרון שפתיים ללא חידוד 0,קרליין,DE,עפרון שפתיים,יחידה,1.00,יחידה,false,0,29.90,29.90,true,1,
7290010381708,false,עפרון שפתיים ללא חידוד 7,קרליין,IL,עפרון שפתיים,יחידה,1.00,יחידה,false,0,29.90,29.90,true,1,
7290010381869,false,קרליין מחדד עפרונות,קרליין,CN,מחדד עפרונות,יחידה,1.00,יחידה,false,0,14.90,14.90,true,1,
7290010382842,false,קרם לחות קליל-רגיל 400מל,מיוצר עי : אמיליה קוסמטי,IL,קרם לחות לשיער,מיליליטרים,400.00,"100 מ""ל",false,0,25.90,6.48,true,1,
7290010382903,false,לק גוון 365,קרליין,IL,לק גוון 365,יחידה,1.00,יחידה,false,0,14.90,14.90,true,1,
7290010382941,false,לק גוון 369,קרליין,IL,לק גוון 369,יחידה,1.00,יחידה,false,0,14.90,14.90,true,1,
7290010748518,false,"שמפו סרקל פורטה 750 מ""ל",פישר מעבדות פרמצבטיות בע,IL,שמפו סרקל פורטה,מיליליטרים,750.00,"100 מ""ל",false,0,28.90,3.85,true,1,
7290010748860,false,ק.ידיים אפקטיב קר יבש150,פישר מעבדות פרמצבטיות בע,IL,קרם ידיים,מיליליטרים,150.00,"100 מ""ל",false,0,12.90,8.60,true,1,
7290010883059,false,מברשת בוב ספוג חשמלית,ELECTRIC S.S,CN,מברשת שיניים,יחידה,1.00,יחידה,false,0,29.90,29.90,true,1,
7290011113902,false,טיטניום BLACK א.ד.ט 100מ,קרליין,IL,א.ד.ט BLACK,מיליליטרים,100.00,"100 מ""ל",false,0,54.90,54.90,true,1,
7290011114343,false,שפתון ליפ קולור 705,קרליין,IL,שפתון דו צדדי,יחידה,1.00,יחידה,false,0,64.90,64.90,true,1,
7290011115166,false,תחליב רחצה נקה7  לבנדר1ל,"קוסמופארם בע""\מ",IL,תחליב רחצה נקה 7,ליטרים,1.00,ליטר,false,0,14.90,14.90,true,1,
7290011116552,false,סומק עמיד 15,קרליין,IL,סומק עמיד,יחידה,1.00,יחידה,false,0,50.90,50.90,true,1,
7290011132507,false,סאן בנדטו מוגז 0.5 ליטר,אקווה מינרלה סאן בנדטו ב,IT,סאן בנדטו מוגז 0,מיליליטרים,500.00,"100 מ""ל",false,0,5.00,1.00,true,1,
7290011517564,false,דאו.רולאון חלאבין L.L.R,חלאבין,IL,דאו.רולאון,מיליליטרים,80.00,"100 מ""ל",false,0,22.90,28.63,true,1,
7290011522605,false,גלייז סטייל לעיצוב ש400.,באלסן,IL,קרם לשיער סטייל,מיליליטרים,400.00,"100 מ""ל",false,0,30.90,7.73,true,1,
7290011525712,false,אל סבון לפני השינה1 ליטר,פישר מעבדות פרמצבטיות בע,IL,אלסבון קמיל,ליטרים,1.00,ליטר,false,0,28.90,28.90,true,1,
7290011598211,false,סנו אנטי קאלק נ.כללי700מ,סנו מפעלי ברונוס בעמ,IL,סנו אנטי קאלק,מיליליטרים,700.00,"100 מ""ל",false,0,16.90,2.41,true,1,
7290011618025,false,בייבי ביס בטעם טבעי 50 ג,want-want,CN,בייבי ביס,גרמים,50.00,100 גרם,false,0,14.90,29.80,true,1,
7290011622428,false,כתמטמינים חטיף בריאות45ג,אשבל,IL,חטיף בריאות,גרמים,45.00,100 גרם,false,0,7.50,16.67,true,1,
7290011622664,false,כתמטמינים טחינה 45 גרם,אשבול,IL,כתמטמינים טחינה,גרמים,45.00,100 גרם,false,1,6.90,15.33,true,1,
7290011622763,false,ביסקויטמינ.פלוס וניל150,מצות אביב בעמ,IL,ביסקויטמינים,גרמים,150.00,100 גרם,false,1,16.90,11.27,true,1,
7290011668143,false,"מסיכה משקמת פנינה 1 ק""ג",א.ל ארמן,IL,מסיכה לשיער,קילוגרמים,1.00,"ק""ג",false,0,26.90,26.90,true,1,
7290011714871,false,בליסטיק רפיל תות,,IL,בליסטיק רפיל תות,יחידה,1.00,יחידה,false,0,14.90,14.90,true,1,
7290011743833,false,משחה סנסודיין פרונמל75מל,MICLEN DE,GB,משחת שיניים,מיליליטרים,75.00,"100 מ""ל",false,0,21.90,29.20,true,1,
7290011744885,false,מש.אקווה פרש לשיני חלב50,גלקסוסמיתקליין,GB,משחת שיניים,מיליליטרים,50.00,"100 מ""ל",false,0,14.90,29.80,true,1,
7290011765118,false,קצף גילוח לעור עדין 200מ,קוסמופארם,TR,קצף גילוח עדין,מיליליטרים,200.00,"100 מ""ל",false,0,11.90,5.95,true,1,
7290011765316,false,מב.ש.אורביטול קידס +שעון,קוסמופארם,,מברשת שיניים,יחידה,1.00,יחידה,false,0,9.90,9.90,true,1,
7290011765422,false,אלסבון כיף בוב ספוג750מל,קוסמופארם בע'\'\מ,IL,אלסבון כיף,מיליליטרים,750.00,"100 מ""ל",false,0,12.90,1.72,true,1,
7290011765446,false,משחה אורביטול ענבים 70 ג,טרופיקל דגיל תעשיות קוסמ,IL,משחת שיניים,גרמים,70.00,100 גרם,false,0,9.90,14.14,true,1,
7290011870232,false,8 סוללות פוג'יקום AAA,פוג'יקום,CN,סוללות פוג'יקום,יחידה,1.00,יחידה,false,0,16.90,16.90,true,1,
7290011870263,false,8 סוללות פוג'יקום AA,פוג'יקום,CN,סוללות פוג'יקום,יחידה,1.00,יחידה,false,0,16.90,16.90,true,1,
7290011870737,false,סוללת פוג'י C,פוג'יקום,CN,סוללת פוג'י,יחידה,1.00,יחידה,false,0,19.90,19.90,true,1,
7290011870744,false,סוללת פוג'י 9V,פוג'יקום,CN,סוללת פוג'י,יחידה,1.00,יחידה,false,0,19.90,19.90,true,1,
7290011912642,false,ליסטרין שיניים+חניכ500מל,ג'\ונסון אנד ג'\ונסון,IT,מי פה ליסטרין,מיליליטרים,500.00,"100 מ""ל",false,0,19.90,3.98,true,1,
7290012116612,false,4 מברשות שיניים אורביטול,קוסמופארם,CN,4 מברשות שיניים,יחידה,1.00,יחידה,false,0,16.90,16.90,true,1,
7290012116629,false,סנו די לתינוקות לילדים50,סנו מפעלי ברונוס בעמ,IL,סנו די לתינוקות,מיליליטרים,50.00,"100 מ""ל",false,0,21.90,43.80,true,1,
7290012117411,false,קרמה ג'ל רח.גבר במבוק700,קוסמופארם בע'\'\מ,IL,קרמה ג'ל רחצה,מיליליטרים,700.00,"100 מ""ל",false,0,21.90,3.13,true,1,
7290012117428,false,קרמה ג'ל רח.ושמפו גבר700,קוסמופארם בע'\'\מ,IL,קרמה ג'ל רחצה,מיליליטרים,700.00,"100 מ""ל",false,0,21.90,3.13,true,1,
7290012117435,false,קרמה ג'ל רחצה אלוורה700מ,קוסמופארם בע'\'\מ,IL,קרמה ג'ל רחצה,מיליליטרים,700.00,"100 מ""ל",false,0,21.90,3.13,true,1,
7290012117534,false,מרכ.מקסימה ס.מרוכז קול1ל,"סנו מפעלי ברונוס בע""\מ",IL,מקסימה ס.מרוכז,ליטרים,1.00,ליטר,false,0,17.90,17.90,true,1,
7290012117558,false,מרכ.מקסימה ס.מרוכז מסק1ל,"סנו מפעלי ברונוס בע""\מ",IL,מקסימה ס.מרוכז,ליטרים,1.00,ליטר,false,0,17.90,17.90,true,1,
7290012193071,false,ג'ורדן מארז זוג קיסמי שי,ג'ורדן,IL,ג'ורדן מארז זוג,יחידה,1.00,יחידה,false,0,28.90,28.90,true,1,
7290012350269,false,REVIVAL קרם עיניים 30 מל,קרליין,IL,REVIVAL עיניים,מיליליטרים,30.00,"100 מ""ל",false,0,140.00,466.67,true,1,
7290012350771,false,עפרון עיניים עם חידוד111,קרליין,DE,עפרון עיניים,יחידה,1.00,יחידה,false,0,29.90,29.90,true,1,
7290012352034,false,קרם לחות+GOשמן מקדמיה400,דנאגיס,IL,קרם לחות נטורל,מיליליטרים,400.00,"100 מ""ל",false,0,25.90,6.48,true,1,
7290012367700,false,ק.גוף אפקטיב קר שיבול700,פישר מעבדות פרמצבטיות בע,IL,קרם גוף,מיליליטרים,700.00,"100 מ""ל",false,0,26.90,3.84,true,1,
7290012367717,false,ק.ידיים שיבולת שועל 150מ,פישר מעבדות פרמצבטיות בע,IL,קרם ידיים,מיליליטרים,150.00,"100 מ""ל",false,0,12.90,8.60,true,1,
7290012367908,false,שמן לתינוק סנסיטיב,פישר מעבדות פרמצבטיות בע,IL,קמיל בלו שמן,מיליליטרים,200.00,"100 מ""ל",false,1,16.90,8.45,true,1,
7290012491368,false,מגבונים אקולוגיים 72 יח,מאמי קר,IL,מגבונים מאמי קר,יחידה,1.00,יחידה,false,0,12.90,12.90,true,1,
7290012491405,false,סבון לניקוי בקבוקים מוצץ,לה קרים,IL,סבון ניקוי בקבוק,מיליליטרים,230.00,"100 מ""ל",false,0,26.90,11.70,true,1,
7290012854392,false,בליסטקס תות בליסטר,בליסטקס פריגו,IL,בליסטקס תות בליס,יחידה,1.00,יחידה,false,0,14.90,14.90,true,1,
7290012854408,false,בליסטקס בטעם מנטה,בליסטקס פריגו,IL,בליסטקס בטעם מנט,יחידה,1.00,יחידה,false,0,14.90,14.90,true,1,
7290012854835,false,בליסטיקס משחה לטיפל יומי,(PERRIGO(AGIS,US,בליסטיקס משחה,יחידה,1.00,יחידה,false,1,19.90,19.90,true,1,
7290012938580,false,מש.סנסודיין הלבנה עדינ75,גלקסוסמית'\קליין קונסיומ,GB,משחת סנסודיין,מיליליטרים,75.00,"100 מ""ל",false,0,18.90,25.20,true,1,
7290012938924,false,מי פה ללא אלכוהול 500 מל,MICLEN DE,GB,מי פה אקווה פרש,מיליליטרים,500.00,"100 מ""ל",false,0,13.90,2.78,true,1,
7290013083661,false,מטרנה אקסטרה קר שלב1 700,מטרנה תעשיות ש.מ,IL,מטרנה אקסטרה קר,גרמים,700.00,100 גרם,false,0,59.90,8.56,true,1,
7290013083678,false,מטרנה אקסטרה קר שלב2 700,מטרנה תעשיות ש.מ,IL,מטרנה אקסטרה קר,גרמים,700.00,100 גרם,false,0,59.90,8.56,true,1,
7290013083685,false,מטרנה אקסטרה קר שלב3 700,מטרנה תעשיות ש.מ,IL,מטרנה אקסטרה קר,גרמים,700.00,100 גרם,false,0,59.90,8.56,true,1,
7290013133816,false,לבלו לגבר,לבלו,IL,לבלו לגבר,יחידה,1.00,יחידה,false,0,10.00,10.00,true,1,
7290013268020,false,מקסימה סופר מרוכז פרש 1ל,"סנו מפעלי ברונוס בע""\מ",IL,מרכך כביסה,ליטרים,1.00,ליטר,false,0,17.90,17.90,true,1,
7290013269003,false,מקסימה מרכך בייבי 1 ליטר,"סנו מפעלי ברונוס בע""\מ",IL,מקסימה מרכך,ליטרים,1.00,ליטר,false,0,17.90,17.90,true,1,
7290013269287,false,מקסימה ג'ל כביסה מאסק3ל,"סנו מפעלי ברונוס בע""\מ",IL,ג'ל כביסה מרוכז,ליטרים,3.00,ליטר,false,0,29.90,9.97,true,1,
7290013269621,false,ריצפז פרש הום בוטיק 2ל,סנו מפעלי ברונוס בעמ,IL,ריצפז פרש הום,ליטרים,2.00,ליטר,false,1,24.90,12.45,true,1,
7290013269638,false,ספוג הפלא אקסטרה,,US,ספוג הפלא אקסטרה,יחידה,1.00,יחידה,false,0,13.90,13.90,true,1,
7290013269645,false,מטליות ריצפז,,IL,מטליות ריצפז,יחידה,1.00,יחידה,false,0,13.90,13.90,true,1,
7290013269751,false,10מטליות ריצפז מל.בוטיק,"סנו, ח.צ 520032988",IL,מטליות ריצפז,יחידה,1.00,יחידה,false,1,13.90,13.90,true,1,
7290013310323,false,נובי קליפס עם מחזיק וסרט,LTD E.L.CO,CN,נובי קליפס,יחידה,1.00,יחידה,false,1,27.90,27.90,true,1,
7290013310637,false,מברשת לבקבוק נובי,N.L.PRODUCT,CN,מברשת לבקבוק,יחידה,1.00,יחידה,false,0,48.90,48.90,true,1,
7290013412294,false,15חיתולי אקסטרה סטרונ L,DPL פרומדיקו,IL,חיתולי נועם,יחידה,1.00,יחידה,false,0,59.90,59.90,true,1,
7290013412317,false,15חיתול סופט אול נייט XL,"DPLבע""מ",IL,חיתולי נועם,יחידה,1.00,יחידה,false,0,65.90,65.90,true,1,
7290013412348,false,נועם סדינית 15 יחידות,DPL פרומדיקו,IL,נועם סדינית,יחידה,1.00,יחידה,false,0,51.90,51.90,true,1,
7290013412409,false,נועם סופגנית 15-FREE,DPL,IL,נועם סופגנית 15,יחידה,1.00,יחידה,false,1,15.90,15.90,true,1,
7290013652157,false,מגב.מסירי איפור רגיל30*3,פישר מעבדות פרמצבטיות בע,IL,מגבונים 3 יח,יחידה,1.00,יחידה,false,0,19.90,19.90,true,1,
7290013652171,false,מגבו.מסיר איפור שמן30*3,פישר מעבדות פרמצבטיות בע,IL,שלישיית מגובונים,יחידה,1.00,יחידה,false,0,19.90,19.90,true,1,
7290013652645,false,משחה טיפולית100 גרם,פישר מעבדות פרמצבטיות בע,IL,משחה טיפולית,גרמים,100.00,100 גרם,false,0,35.90,35.90,true,1,
7290013652812,false,ק.ידיים נטורל קר רגיל150,פישר מעבדות פרמצבטיות בע,IL,קרם ידיים נטורל,מיליליטרים,150.00,"100 מ""ל",false,0,13.90,9.27,true,1,
7290013652829,false,"ק.ידיים נטורל קר י""מ 150",פישר מעבדות פרמצבטיות בע,IL,קרם ידיים נטורל,מיליליטרים,150.00,"100 מ""ל",false,0,13.90,9.27,true,1,
7290013848345,false,מטליות לחיטוי 50*3 יח',סנו מפעלי ברונוס בעמ,IL,מטליות ניקוי 3יח,יחידה,1.00,יחידה,false,1,22.90,22.90,true,1,
7290013863591,false,דאו' סטיק חלאבין LL-W,חלאבין,IL,דאו' סטיק חלאבין,מיליליטרים,60.00,"100 מ""ל",false,1,17.90,29.84,true,1,
7290013971555,false,סוללות פוג'יקום 4AAA+8AA,פוג'יקום,CN,סוללות פוג'יקום,יחידה,1.00,יחידה,false,0,23.90,23.90,true,1,
7290014059085,false,משחת סנסודיין לשיקום75מ,MICLEN DE,GB,משחת סנסודיין,מיליליטרים,75.00,"100 מ""ל",false,0,21.90,29.20,true,1,
7290014059436,false,משחת סנסודיין לשיקום75מ,MICLEN DE,GB,משחת סנסודיין,מיליליטרים,75.00,"100 מ""ל",false,0,21.90,29.20,true,1,
7290014204560,false,"פנינה-סבון 500 מ""ל מארז",פ.רוזנבלום כללי,IL,פנינה-סבון 500,ליטרים,1.50,ליטר,false,0,12.90,8.60,true,1,
7290014397507,false,סנופרש מאסק מעוד,,IL,סנופרש מאסק מעוד,מיליליטרים,350.00,"100 מ""ל",false,0,12.90,3.69,true,1,
7290014397514,false,סנופרש כותנה,,IL,סנופרש כותנה,מיליליטרים,350.00,"100 מ""ל",false,0,12.90,3.69,true,1,
7290014424012,false,שעווה למיקרוגל לבן 70 ג,---,IT,השעווה למיקרוגל,גרמים,70.00,100 גרם,false,1,24.90,35.57,true,1,
7290014424371,false,רצועות שעווה מהפנים ורד,---,IT,רצועות שעווה מהפ,יחידה,1.00,יחידה,false,1,22.90,22.90,true,1,
7290014525290,false,סלים דליס קריספי תות125ג,סלים דליס,NL,סלים דליס חטיפים,גרמים,125.00,100 גרם,false,1,15.90,12.72,true,1,
7290014525313,false,סלים דליס קריספי שוק125ג,סלים דליס,NL,סלים דליס חטיפים,גרמים,125.00,100 גרם,false,1,15.90,12.72,true,1,
7290014547322,false,מברשות שיקום והלבנה 2 יח,GSK,CN,מברשות שיניים2יח,יחידה,1.00,יחידה,false,0,29.90,29.90,true,1,
7290014547353,false,2מברשות סנסודיין דואלק,"L Co., Industrial Shummi",CN,2 מברשו סנסודיין,יחידה,1.00,יחידה,false,1,29.90,29.90,true,1,
7290014648951,false,קיסמי מברשות דו צדדי 100,,IL,קיסמי מברשות דו,יחידה,1.00,יחידה,false,1,10.90,10.90,true,1,
7290014855403,false,15חיתולי אקסטרה סטרונג M,DPL פרומדיקו,IL,חיתולי נועם,יחידה,1.00,יחידה,false,0,59.90,59.90,true,1,
7290014855434,false,מגבו.בייביסיטר מבושם72*4,די.פי.אל,IL,מגבונים לחים 4יח,יחידה,1.00,יחידה,false,1,18.90,18.90,true,1,
7290014855458,false,מגבונ.ללא בישום 72*4יח,די.פי.אל,IL,מגבונים לחים 4יח,יחידה,1.00,יחידה,false,1,18.90,18.90,true,1,
7290014901261,false,"מסכת קרטין סטייל 500 מ""ל",א.ל ארמן,IL,מסכת קרטין,מיליליטרים,500.00,"100 מ""ל",false,0,34.90,6.98,true,1,
7290014901308,false,"סנסודיין הגנה מלאה 75מ""ל",MICLEN DE,GB,משחת סנסודיין,מיליליטרים,75.00,"100 מ""ל",false,0,21.90,29.20,true,1,
7290014901896,false,"סנסודיין מי פה 500 מ""ל",MICLEN DE,GB,סנסודיין מי פה,מיליליטרים,500.00,"100 מ""ל",false,1,27.90,5.58,true,1,
7290014949744,false,"אוטן טרופי ספריי 100 מ""ל",אס.סי.ג'ונסון מידרכט,PL,אוטן ספריי,מיליליטרים,100.00,"100 מ""ל",false,0,26.90,26.90,true,1,
7290014949768,false,"אוטן אפטר בייט 25 מ""ל",ג'ונסון,IT,אוטן אפטר בייט,מיליליטרים,25.00,"100 מ""ל",false,0,26.90,107.60,true,1,
7290014952935,false,מאמי קר מגבוני אף ופנים,מאמי קר,IL,מאמי קר מגבונים,יחידה,1.00,יחידה,false,1,12.90,12.90,true,1,
7290014962521,false,משחת טפטפים ענבים 50מל,כצט,IL,משחת שיניים,מיליליטרים,50.00,"100 מ""ל",false,0,11.90,23.80,true,1,
7290014989689,false,בליסטקס ליפ בריליאנס,בליסטקס פריגו,IL,בליסטקס ליפ בריל,יחידה,1.00,יחידה,false,0,14.90,14.90,true,1,
7290015025942,false,קרם ידיים פנג'ל עם שמן80,אינטרקוסמא,IL,קרם ידיים פנג'ל,מיליליטרים,80.00,"100 מ""ל",false,1,8.50,10.63,true,1,
7290015155847,false,חטיפטף פרינוק פירות120ג,פרוטה פודיווין,CZ,חטיפטף פרינוק,גרמים,120.00,100 גרם,false,1,5.00,4.17,true,1,
7290015156776,false,חטיפטף פירות טרופי 120ג,---,CZ,חטיפטף פרינוק,גרמים,120.00,100 גרם,false,1,5.00,4.17,true,1,
7290015156790,false,חטיפטף לפתן פירות 120גרם,---,CZ,חטיפטף פרינוק,גרמים,120.00,100 גרם,false,1,5.00,4.17,true,1,
7290015176361,false,מברשת חשמלית כחול,פוג'יקום,CN,מברשת שיניים,יחידה,1.00,יחידה,false,1,29.90,29.90,true,1,
7290015293624,false,אלסבון ושמפו נייטשר400מל,פישר מעבדות פרמצבטיות בע,IL,אל סבון ושמפו,מיליליטרים,400.00,"100 מ""ל",false,1,34.90,8.73,true,1,
7290015366663,false,משחה אקווה פרש עדין100,MICLEN DE,SK,משחה אקווה פרש,מיליליטרים,100.00,"100 מ""ל",false,1,5.90,5.90,true,1,
7290015366670,false,משחה אקווה פרש מנטה 100,MICLEN DE,SK,משחה אקווה פרש,מיליליטרים,100.00,"100 מ""ל",false,1,5.90,5.90,true,1,
7290015366724,false,קרם לחות סטייל קוקוס 400,א.ל.ארמן ייצור תמרוקים ב,IL,קרם לחות סטייל,מיליליטרים,400.00,"100 מ""ל",false,1,29.90,7.48,true,1,
7290015683500,false,כבל סנכרון USB 3.0 יחידה,פוג'יקום,CN,כבל סנכרון U 3.0,יחידה,1.00,יחידה,false,1,59.90,59.90,true,1,
7290015683586,false,מטען ביתי A 2.4 כולל כבל,פוג'יקום,CN,מטען ביתי A 2.4,יחידה,1.00,יחידה,false,1,93.90,93.90,true,1,
7290015733182,false,מטרנה גולד שלב1 400 גרם,מטרנה,IL,מטרנה גולד,גרמים,400.00,100 גרם,false,1,47.90,11.98,true,1,
7290015733977,false,מטרנה קומפורט 700ג HM-O,מטרנה תעשיות ש.מ.,IL,מטרנה קומפורט עם,גרמים,700.00,100 גרם,false,1,69.90,9.99,false,1,
7290015793469,false,אורה קרם שפורפרת 90 גר,,IL,אורה קרם שפורפרת,גרמים,90.00,100 גרם,false,1,19.90,22.11,true,1,
7290016197495,false,מטליות מקרופייבר רצפה2יח,INC UFO,CN,מטלית לרצפה 2יח,יחידה,1.00,יחידה,false,1,24.90,24.90,true,1,
7290016197600,false,דיפנד תחבושות נורמל12יח,קימברלי קלארק,VN,תחבושות דיפנד,יחידה,1.00,יחידה,false,1,19.90,19.90,true,1,
7290016197624,false,דיפנד תחבושות סופר8יח,קימברלי קלארק,VN,תחבושות דיפנד,יחידה,1.00,יחידה,false,1,19.90,19.90,true,1,
7290016230888,false,סוללות V3 5) יחידות( 5 י,פוג'יקום,IL,סוללות V3,יחידה,1.00,יחידה,false,1,21.90,21.90,true,1,
7290016299076,false,שמפו טיפולי חומצה 450מל,ארגניה יצור ושיווק,IL,שמפו טיפולי חומצ,מיליליטרים,450.00,"100 מ""ל",false,1,38.90,8.64,true,1,
7290016299168,false,סרום קיק חיזוק שיער100מל,,IL,סרום קיק לחיזוק,מיליליטרים,100.00,"100 מ""ל",false,1,44.90,44.90,true,1,
7290016299199,false,סרום חומצה היאלרונית100מ,,IL,סרום חומצה היאלר,מיליליטרים,100.00,"100 מ""ל",false,1,44.90,44.90,true,1,
7290016299618,false,"שמפו קיק ארגניה 450 מ""ל",ארגניה יצור ושיווק,IL,שמפו קיק,מיליליטרים,450.00,"100 מ""ל",false,1,38.90,8.64,true,1,
7290016299625,false,"מסיכת קיק ארגניה 250 מ""ל",,IL,מסיכת קיק,מיליליטרים,250.00,"100 מ""ל",false,1,46.50,18.60,true,1,
7290016299663,false,"שמן קיק 100 מ""ל",,IL,שמן קיק,מיליליטרים,100.00,"100 מ""ל",false,1,20.00,20.00,true,1,
7290016299670,false,"שמן קיק 100% טהור 250 מ""",,IL,שמן קיק 100% טהו,מיליליטרים,250.00,"100 מ""ל",false,1,39.90,15.96,true,1,
7290016299878,false,מסיכה טיפולית לשיער500מ,ארגניה יצור ושיווק,IL,מסיכה טיפולית לש,מיליליטרים,500.00,"100 מ""ל",false,1,44.90,8.98,true,1,
7290016299885,false,"מסיכת קיק ארגניה 500 מ""ל",שיווק TEVACOM,IL,מסיכת קיק,מיליליטרים,500.00,"100 מ""ל",false,1,44.90,8.98,true,1,
7290016321661,false,64*4 פרש וואנס ללא בישום,עלבד משואות יצחק,IL,פרש וואנס 4יח,יחידה,1.00,יחידה,false,1,15.90,15.90,true,1,
7290016321678,false,64*4פרש וואנס ניחוח מרענ,עלבד משואות יצחק,IL,פרש וואנס 4 יח,יחידה,1.00,יחידה,false,1,15.90,15.90,true,1,
7290016321777,false,20 רצועות שעווה לפנים,VIOKOX,ES,רצועות שעווה לפנ,יחידה,1.00,יחידה,false,1,28.90,28.90,true,1,
7290016329308,false,קרם שיער מתולתל סרקל325מ,פישר מעבדות פרמצבטיות בע,IL,סרקל מתיר קשרים,מיליליטרים,325.00,"100 מ""ל",false,1,25.90,7.97,true,1,
7290016350012,false,דאו סטיק לגבר גולדן 80מל,א.משי תעשיות,IL,דאו סטיק לגבר,מיליליטרים,80.00,"100 מ""ל",false,1,9.90,12.38,true,1,
7290016429992,false,אלכוג'ל סיליקון עם דמו30,פישר מעבדות פרמצבטיות בע,IL,אלכוג'ל,מיליליטרים,30.00,"100 מ""ל",false,1,16.90,56.33,true,1,
7290016437423,false,16 תחתון סופג לאישהL,---,CZ,תחתון דיפנד,יחידה,1.00,יחידה,false,1,64.90,64.90,true,1,
7290016437430,false,14תחתון סופג לאישה XL,---,CZ,תחתון דיפנד,יחידה,1.00,יחידה,false,1,64.90,64.90,true,1,
7290016437461,false,16תחתון סופג לגבר L,---,CZ,תחתון דיפנד,יחידה,1.00,יחידה,false,1,64.90,64.90,true,1,
7290016437591,false,תחתונים סופגיםM קוטקס8יח,חוגלה קימברלי,KR,תחתונים סופגים,יחידה,1.00,יחידה,false,0,36.90,36.90,true,1,
7290016437607,false,תחתונים סופגים  קוטקס8יח,חוגלה קימברלי,KR,תחתונים סופגים,יחידה,1.00,יחידה,false,0,36.90,36.90,true,1,
7290016437645,false,32האגיס פרידום פנטס שלב5,---,CZ,חיתולי האגיס,יחידה,1.00,יחידה,false,1,45.90,45.90,true,1,
7290016437652,false,26האגיס פרידום פנטס שלב6,---,CZ,חיתולי האגיס,יחידה,1.00,יחידה,false,1,45.90,45.90,true,1,
7290016509342,false,סבון אסלה כחול אקטיב50*3,הנקל,HU,סבון אסלה 3 יח,גרמים,150.00,100 גרם,false,1,18.90,12.60,true,1,
7290016509786,false,ג'ל כביסה פרסיל 2.5 ליטר,"הנקל סוד בע""\מ",IL,ג'ל כביסה פרסיל,ליטרים,2.50,ליטר,false,1,34.90,13.96,true,1,
7290016510898,false,שמפו הוואי פרחי דובדב700,טרופיקל דגיל,IL,שמפו הוואי,מיליליטרים,700.00,"100 מ""ל",false,1,8.90,1.27,true,1,
7290016510904,false,מרכך הוואי פרחי דובדב700,טרופיקל דגיל,IL,מרכך הוואי,מיליליטרים,700.00,"100 מ""ל",false,1,8.90,1.27,true,1,
7290016564266,false,מבריקל הפלא כיסוי הפלא 3,פארמה דיל,IL,מבריקל הפלא כיסו,יחידה,1.00,יחידה,false,1,12.90,12.90,true,1,
7290016692150,false,מאמי קר סבון ניקוי בקבוק,מאמי קאר,IL,סבון לניקוי,מיליליטרים,500.00,"100 מ""ל",false,0,46.90,9.38,true,1,
7290016692198,false,קלאסיק משחת החתלה קלנדול,מאמי קר,IL,קלאסיק משחת החתל,מיליליטרים,120.00,"100 מ""ל",false,1,19.90,16.59,true,1,
7290016866476,false,אדם בודי ספריי קלאסי150מ,גורי,TR,ספריי גוף אדם,מיליליטרים,150.00,"100 מ""ל",false,1,12.90,8.60,true,1,
7290016866483,false,אדם בודי ספריי אקסט150מ,גורי,TR,ספריי גוף אדם,מיליליטרים,150.00,"100 מ""ל",false,1,12.90,8.60,true,1,
7290016866643,false,"משחה פרודונטקס פרש 75מ""ל",MICLEN DE,SK,משחה פרודונטקס,מיליליטרים,75.00,"100 מ""ל",false,1,31.90,42.53,true,1,
7290016866650,false,מש.פרודונטקס אוריגינל75מ,MICLEN DE,SK,משחה פרודונטקס,מיליליטרים,75.00,"100 מ""ל",false,1,31.90,42.53,true,1,
7290016866667,false,פרודונטקס ללא פלואוריד75,MICLEN DE,SK,משחה פרודונטקס,מיליליטרים,75.00,"100 מ""ל",false,1,31.90,42.53,true,1,
7290016866674,false,משחה פרודונטקס מלבינה75מ,MICLEN DE,SK,משחה פרודונטקס,מיליליטרים,75.00,"100 מ""ל",false,1,31.90,42.53,true,1,
7290016866704,false,"שמפו קרטין E סטייל750מ""ל",גורי,IL,שמפו קרטין,מיליליטרים,750.00,"100 מ""ל",false,1,29.90,3.99,true,1,
7290016866711,false,"מרכך קרטין E סטייל750מ""ל",א.ל ארמן,IL,מרכך קרטין,מיליליטרים,750.00,"100 מ""ל",false,1,29.90,3.99,true,1,
7290017002200,false,רצועות שעווה שרף אלוורה,---,IT,רצועות שעווה שרף,יחידה,1.00,יחידה,false,1,22.90,22.90,true,1,
7290017031811,false,מברשות פרודונטקס 2 יח,"L Co., Industrial Shummi",CN,מברשות פרודונטקס,יחידה,1.00,יחידה,false,1,28.90,28.90,true,1,
7290017031859,false,פרודונטקס אולטרה קלין75מ,"מאסטרפוד אוסטריה בע""מ",GB,משחת פרודונטקס,מיליליטרים,75.00,"100 מ""ל",false,1,31.90,42.53,true,1,
7290017088075,false,40חיתול בייביסיטר מידה+4,די.פי.אל תעשיות מוצרים ח,IL,חיתולי בייביסיטר,יחידה,1.00,יחידה,false,1,32.90,32.90,true,1,
7290017088495,false,טופ פד אקסטרה 20 יחידות,---,IT,טופ פד,יחידה,1.00,יחידה,false,1,9.90,9.90,true,1,
7290017088839,false,8 תחבושות לשתן אקסטרה+,EUROFIL,IT,בריז תחבושות שתן,יחידה,1.00,יחידה,false,1,16.90,16.90,true,1,
7290017088846,false,8 תחבושות בריז לשתן מקסי,EUROFIL,IT,בריז תחבושות שתן,יחידה,1.00,יחידה,false,1,16.90,16.90,true,1,
7290017088860,false,14 תחתונים לבריחת שתן L,EUROFIL,IT,בריז תחתונים,יחידה,1.00,יחידה,false,1,74.90,74.90,true,1,
7290017088877,false,14 תחתונים לבריחת שתן XL,EUROFIL,IT,בריז תחתונים,יחידה,1.00,יחידה,false,1,74.90,74.90,true,1,
7290017088983,false,חיתולי בייביסיטר דק שלב2,די.פי.אל תעשיות מוצרים ח,IL,חיתול דק מידה 2,יחידה,1.00,יחידה,false,1,26.90,26.90,true,1,
7290017197029,false,אל סבון מאסק לבן,,IL,אל סבון מאסק לבן,מיליליטרים,1000.00,"100 מ""ל",false,0,9.90,0.99,true,1,
7290017440231,false,שמפו לשיער מתולתל סרקל1ל,פישר מעבדות פרמצבטיות בע,IL,שמפו סרקל,ליטרים,1.00,ליטר,false,1,27.90,27.90,true,1,
7290017457925,false,מרכך פרש ורוד 900 מל,---,IL,סוד מרכך ורוד,מיליליטרים,900.00,"100 מ""ל",false,1,9.90,1.10,true,1,
7290017457932,false,מרכך פרש כחול 900מל,---,IL,סוד מרכך כחול,מיליליטרים,900.00,"100 מ""ל",false,1,9.90,1.10,true,1,
7290017629094,false,סילון מים דנטלי נטען5פיו,ELECTRICAL BFT SHENZHEN,CN,סילון מים דנטלי,יחידה,1.00,יחידה,false,1,259.00,259.00,true,1,
7290017637655,false,"MB שמפו קרטין 500 מ""ל",סאסא קוסמטיקס,IL,MB שמפו קרטין,מיליליטרים,500.00,"100 מ""ל",false,1,27.90,5.58,true,1,
7290017695044,false,"קיט החלקה ושמפו 200 מ""ל",מיסטר בונד,IL,קיט החלקה ושמפו,יחידה,1.00,יחידה,false,1,159.90,159.90,true,1,
7290017695259,false,מסכה לשיער ויטמינס 500מל,מיסטר בונד,IL,מסכה לשיער ויטמי,מיליליטרים,500.00,"100 מ""ל",false,1,44.90,8.98,true,1,
7290017872018,false,פרש וואנס- קרם החתלה לתי,---,IL,פרש וואנס קרם הח,מיליליטרים,100.00,"100 מ""ל",false,1,10.90,10.90,true,1,
7290017872070,false,פרשוואנס מגבונים שלישייה,"ווטנפס בע""\מn\",IL,פרש וואנס מגבון,יחידה,1.00,יחידה,false,1,13.90,13.90,false,1,
7290017872230,false,פרשוואנס מגבונים 100 יחי,"ווטנפס בע""\מn\",IL,פרש וואנס מגבון,יחידה,1.00,יחידה,false,1,11.90,11.90,false,1,
7290017872872,false,כוכבים חטיף דגנים 35 גרם,אשבול,IL,כוכבים דגנים,גרמים,35.00,100 גרם,false,1,13.90,39.71,true,1,
7290017873350,false,קרם יד.פנג'ל אינטנסיב100,"דנלוג אינטרקוסמא בע""\מ",IL,קרם ידיים פנג'ל,מיליליטרים,100.00,"100 מ""ל",false,1,13.90,13.90,true,1,
7290017917382,false,קמיל אל סבון לידיים 1 ל,---,IL,קמיל סבון ידיים,ליטרים,1.00,ליטר,false,1,15.90,15.90,true,1,
7290017917450,false,אל סבון ושמפו קמיל בלו1ל,CHEMIPAL  FISHER (BIO,IL,אל סבון ושמפו,ליטרים,1.00,ליטר,false,1,28.90,28.90,true,1,
7290017917764,false,ק.גוף אפקטיב קר.יבש450,פישר מעבדות פרמצבטיות בע,IL,קרם גוף,מיליליטרים,450.00,"100 מ""ל",false,1,21.90,4.86,true,1,
7290017928821,false,גריסיני קלאסי 200 גרם,מאיר בייגל,IL,גריסיני קלאסי,גרמים,200.00,100 גרם,false,1,9.90,4.95,true,1,
7290018043189,false,פראוד חטיף קשיו קרמל60גר,---,NL,פראוד חטיף קשיו,גרמים,60.00,100 גרם,false,1,14.90,24.83,true,1,
7290018043196,false,פראוד חטיף טעם עוגיות60ג,---,NL,פראוד חטיף בטעם,גרמים,60.00,100 גרם,false,1,14.90,24.83,true,1,
7290018080160,false,מגבוני קלנדולה 64*4יח,מאמי קר,IL,מגבוני קלנדולה,יחידה,1.00,יחידה,false,1,22.90,22.90,true,1,
7290018080276,false,רפידות הנקה 60 יח',מאמי קר,IL,רפידות הנקה,יחידה,1.00,יחידה,false,1,39.90,39.90,true,1,
7290018080528,false,מאמי קר סבון קמומיל 400מ,---,IL,סבון קמומיל עדין,מיליליטרים,400.00,"100 מ""ל",false,1,39.90,9.98,true,1,
7290018132340,false,מטרנה גולד שלב 1 700 גרם,מטרנה תעשיות ש.מ.,IL,מטרנה גולד שלב 1,גרמים,700.00,100 גרם,false,1,73.90,10.56,true,1,
7290018132388,false,מטרנה גולד שלב 2 700 גרם,מטרנה תעשיות ש.מ.,IL,מטרנה גולד שלב 2,גרמים,700.00,100 גרם,false,1,73.90,10.56,true,1,
7290018132425,false,מטרנה גולד שלב3 700ג בדץ,מטרנה תעשיות ש.מ.,IL,מטרנה גולד שלב 3,גרמים,700.00,100 גרם,false,1,73.90,10.56,true,1,
7290018156087,false,סרקל אקטיב שמפו טיפולי,פישר מעבדות פרמצבטיות,IL,סרקל אקטיב שמפו,מיליליטרים,450.00,"100 מ""ל",false,1,35.90,7.98,true,1,
7290018156094,false,סרקל אקטיב מרכך טיפולי,פישר מעבדות פרמצבטיות,IL,סרקל אקטיב מרכך,מיליליטרים,450.00,"100 מ""ל",false,1,35.90,7.98,true,1,
7290018182277,false,מקלוני נייר שחור 200 יחי,---,CN,מקלוני נייר שחור,יחידה,1.00,יחידה,false,1,9.90,9.90,true,1,
7290018182284,false,מקלוני נייר שחור 200 יחי,---,CN,מקלוני נייר שחור,יחידה,1.00,יחידה,false,1,9.90,9.90,true,1,
7290018182307,false,מקלוני נייר לבן 200 יחיד,---,CN,מקלוני נייר לבן,יחידה,1.00,יחידה,false,1,9.90,9.90,true,1,
7290018182796,false,תוספות שיער לקוקו יסמין,פארמה דיל,CN,ת.שיער לקוקו,יחידה,1.00,יחידה,false,1,49.90,49.90,true,1,
7290018292549,false,מסיכת שיער ללא שטיפה250מ,ארגניה יצור ושיווק,IL,מסיכה לשיער ללא,מיליליטרים,250.00,"100 מ""ל",false,1,44.90,17.96,true,1,
7290018343487,false,אלכו ג'ל  בשפורפרת H 75מ,---,IL,"אלכו ג'ל H 75מ""ל",מיליליטרים,75.00,"100 מ""ל",false,1,8.90,11.87,true,1,
7290018343630,false,ק. גוף אפקטיב קר קאקא450,פישר מעבדות פרמצבטיות בע,IL,קרם גוף אפקטיב,מיליליטרים,450.00,"100 מ""ל",false,1,21.90,4.86,true,1,
7290018354704,false,"ווקס לגבר 100 מ""ל",א.משי תעשיות,IL,ווקס לגבר,מיליליטרים,100.00,"100 מ""ל",false,1,9.90,9.90,true,1,
7290018493052,false,ק.ידים אפקטיב אבוקדו100מ,"ד""ר שר",IL,קרם ידיים,מיליליטרים,100.00,"100 מ""ל",false,1,15.90,15.90,true,1,
7290018493076,false,ק. דיים אפקטיב ארגןו100,"ד""ר שר",IL,קרם ידיים,מיליליטרים,100.00,"100 מ""ל",false,1,15.90,15.90,true,1,
7290018493403,false,קצף אמבט ויטמינים קיד750,---,IL,קצף אמבט ויטמיני,מיליליטרים,750.00,"100 מ""ל",false,1,16.90,2.25,true,1,
7290018703052,false,חטיף חלבון עוג.קראנץ29גר,---,NL,חטיף חלבון פראוד,גרמים,29.00,100 גרם,false,1,11.90,41.03,true,1,
7290018703182,false,חט.חלבון שוק.בוטן+קרמל29,---,NL,חטיף חלבון פראוד,גרמים,29.00,100 גרם,false,1,11.90,41.03,true,1,
7290018703229,false,חטיף חלבון שוק.אגוזי לוז,,NL,חטיף חלבון,גרמים,60.00,100 גרם,false,1,14.90,24.83,true,1,
7290018703311,false,חטיף חלבון קרם עוגיות60ג,---,NL,חטיף חלבון,גרמים,60.00,100 גרם,false,1,11.90,19.84,true,1,
7290018703496,false,חט.חלבון ט.בננה טופי60גר,---,NL,חטיף חלבון,גרמים,60.00,100 גרם,false,1,11.90,19.84,true,1,
7290018733172,false,קרם מוריד נפח ביוטין 500,מיסטר בונד,IL,קרם מוריד נפח,גרמים,500.00,100 גרם,false,1,49.90,9.98,true,1,
7290018921029,false,מגבוני קמיל בלו 64*4 יח,פישר מעבדות פרמצבטיות בע,IL,מגבוני קמיל בלו,יחידה,1.00,יחידה,false,1,21.90,21.90,true,1,
7290018921067,false,"תחליב רחצה שקדים 700 מ""ל",פישר מעבדות פרמצבטיות בע,IL,תחליב רחצה שקדים,מיליליטרים,700.00,"100 מ""ל",false,1,12.90,1.84,true,1,
7290018921265,false,"תחליב רחצה אלוורה 700מ""ל",פישר מעבדות פרמצבטיות בע,IL,תחליב רחצ.אלוורה,מיליליטרים,700.00,"100 מ""ל",false,1,12.90,1.84,true,1,
7290018921609,false,קרם החתלה קלנדולה 120גרם,פישר מעבדות פרמצבטיות בע,IL,קמיל בלו ק החתלה,גרמים,120.00,100 גרם,false,1,23.90,19.92,true,1,
7290018921616,false,מגבוני קמיל שיבולת 64*4י,פישר,IL,מגבוני קמיל 4יח,יחידה,1.00,יחידה,false,1,23.90,23.90,true,1,
7290019014652,false,מרכך כביסה בייבי לאב900מ,סאסא טק,IL,מרכך כביסה בייבי,מיליליטרים,900.00,"100 מ""ל",false,1,24.90,2.77,true,1,
7290019014669,false,ג'ל לכביסה צבעונית 1.35ל,סאסא טק,IL,ג'ל לכביסה ירוק,ליטרים,1.35,ליטר,false,1,29.90,22.15,true,1,
7290019014676,false,ג'ל לכביסה לבנה 1.35 ל,סאסא טק,IL,ג'ל לכביסה לבנה,ליטרים,1.35,ליטר,false,1,29.90,22.15,true,1,
7290019014683,false,נוזל רצפות פרדייס 1.35 ל,סאסא טק,IL,נוזל לרצפות,ליטרים,1.35,ליטר,false,1,24.90,18.44,true,1,
7290019014690,false,נוזל רצפות פלאוור 1.35 ל,סאסא טק,IL,נוזל לרצפות,ליטרים,1.35,ליטר,false,1,24.90,18.44,true,1,
7290019014713,false,נוזל רצפות לפרקט 1.35ל,סאסא טק,IL,נוזל רצפות לפרקט,ליטרים,1.35,ליטר,false,1,26.90,19.93,true,1,
7290019014744,false,מרסס חלונות פרש וויט750מ,סאסא טק,IL,מרסס חלונות פרש,מיליליטרים,750.00,"100 מ""ל",false,1,13.90,1.85,true,1,
7290019014751,false,ניקוי כלים24% פלאוור750מ,סאסא טק,IL,ניקוי כלים 24%,מיליליטרים,750.00,"100 מ""ל",false,1,14.90,1.99,true,1,
7290019014768,false,"ניקוי כלים 24% 750מ""ל",סאסא טק,IL,ניקוי כלים 24%,מיליליטרים,750.00,"100 מ""ל",false,1,14.90,1.99,true,1,
7290019014775,false,מרסס קצף מסיר שומנים 750,סאסא טק,IL,מרסס מסיר שומנים,מיליליטרים,750.00,"100 מ""ל",false,1,16.90,2.25,true,1,
7290019014782,false,מרסס אקונומיקה לבנדר750מ,סאסא טק,IL,מרסס אקונומיקה,מיליליטרים,750.00,"100 מ""ל",false,1,16.90,2.25,true,1,
7290019014799,false,מסיר אבנית לאמבטיה 750 מ,סאסא טק,IL,קצף מסיר אבנית,מיליליטרים,750.00,"100 מ""ל",false,1,14.90,1.99,true,1,
7290019014805,false,"מרסס מנקה ריפודים 500מ""ל",סאסא טק,IL,מרסס מנקה ריפוד,מיליליטרים,500.00,"100 מ""ל",false,1,24.90,4.98,true,1,
7290019014812,false,"מרסס מנטרל ריחות 500 מ""ל",סאסא טק,IL,מרסס מנטרל ריחות,מיליליטרים,500.00,"100 מ""ל",false,1,19.90,3.98,true,1,
7290019014843,false,תרסיס לניקוי חלונות400מל,סאסא טק,IL,תרסיס לחלונות,מיליליטרים,400.00,"100 מ""ל",false,1,19.90,4.98,true,1,
7290019014867,false,"תרסיס מסיר דיו+דבק400מ""ל",סאסא טק,IL,תרסיס מסיר דיו,מיליליטרים,400.00,"100 מ""ל",false,1,26.90,6.73,true,1,
7290019014874,false,נוזל רצפות אוריאנטל1.35ל,סאסא טק,IL,נוזל רצפות,ליטרים,1.35,ליטר,false,1,24.90,18.44,true,1,
7290019014881,false,נוזל רצפות בלו טאצ1.35ל,"סאסאטק אגש""\ח בע""\מ",IL,נוזל לרצפות בלו,ליטרים,1.35,ליטר,false,1,24.90,18.44,true,1,
7290019014973,false,מבשם בדים בייבי לאב500מ,סאסא טק,IL,מבשם בדים בייבי,מיליליטרים,500.00,"100 מ""ל",false,1,19.90,3.98,true,1,
7290019047001,false,בדיקות קורונה ביתית20יח,פארמה דיל,CN,בדיקת קורונה בית,יחידה,1.00,יחידה,false,1,159.90,159.90,true,1,
7290019047148,false,ערכת קעקועי נצנצים ילדות,,IL,ערכת קעקועים,יחידה,1.00,יחידה,false,1,59.90,59.90,true,1,
7290019074090,false,קמיל בלו סופט א.סבון500מ,פישר מעבדות פרמצבטיות בע,IL,קמיל בלו אל סבון,מיליליטרים,500.00,"100 מ""ל",false,1,24.90,4.98,true,1,
7290019075899,false,קמיל בלו סופט א.סבון1ל,פישר מעבדות פרמצבטיות בע,IL,א.סבון קמיל בלו,ליטרים,1.00,ליטר,false,1,32.90,32.90,true,1,
7290019274056,false,נוזל רצפה בייבי לאב1.35ל,סאסא טק,IL,נוזל רצפה בייבי,ליטרים,1.35,ליטר,false,1,24.90,18.44,true,1,
7290019274063,false,ג'ל כביסה בייבי 1.35 ל',סאסא טק,IL,ג'ל כביסה בייבי,ליטרים,1.35,ליטר,false,1,33.90,25.11,true,1,
7290019274087,false,"ארוסול קצף לאסלות 400מ""ל",סאסא טק,IL,ארוסול קצף ניקוי,מיליליטרים,400.00,"100 מ""ל",false,1,19.90,4.98,true,1,
7290019274117,false,"מרסס ניקוי נירוסטה500מ""ל",סאסא טק,IL,מנקה נירוסטה,מיליליטרים,500.00,"100 מ""ל",false,1,14.90,2.98,true,1,
7290019274254,false,תרסיס TNX ליקוי מזגן400מ,"סאסאטק אגש""\ח בע""\מ",IL,תרסיס ניקוי מזגן,מיליליטרים,400.00,"100 מ""ל",false,1,39.90,9.98,true,1,
7290019382089,false,ספוגית סיליקון מתנפחת יח,,CN,ספוגית סיליקון מ,יחידה,1.00,יחידה,false,1,65.00,65.00,true,1,
7290100240137,false,בדין תרסיס מייבש כחול500,"זוהר דליה, קיבוץ דליה, 1",IL,תרסיס למייבש,מיליליטרים,500.00,"100 מ""ל",false,0,16.90,3.38,true,1,
7290100243671,false,"בדין אקסטרה כחול 960 מ""ל",יוניליוור סנאיי וי טיקאר,TR,מרכך כביסה בדין,מיליליטרים,960.00,"100 מ""ל",false,0,16.90,1.76,true,1,
7290100271568,false,עפרון עינים הייפרסיז'ן07,גייד,IT,עפרון עינים הייפ,יחידה,1.00,יחידה,false,0,39.00,39.00,true,1,
7290100412435,false,קוויק ניקוי כללי 50יח,DPL,IL,קוויק מגבונים,יחידה,1.00,יחידה,false,1,9.90,9.90,true,1,
7290100412442,false,קוויק 50 מגבונים לאמבטיה,DPL,IL,מגבונים לאמבטיה,יחידה,1.00,יחידה,false,1,9.90,9.90,true,1,
7290100412770,false,"תחליב רחצה מאסק 700 מ""ל",אמיליה,IL,תחליב רחצה,מיליליטרים,700.00,"100 מ""ל",false,1,19.90,2.84,true,1,
7290100412787,false,"תחליב רחצה קלאסי 700 מ""ל",אמיליה,IL,תחליב רחצה,מיליליטרים,700.00,"100 מ""ל",false,1,19.90,2.84,true,1,
7290100412800,false,תחליב רחצה עור יבש 700 מ,אמיליה,IL,תחליב רחצה,מיליליטרים,700.00,"100 מ""ל",false,1,19.90,2.84,true,1,
7290100412831,false,תחליב רח.אנטיאיג'נג700,אמיליה,IL,תחליב רחצה,מיליליטרים,700.00,"100 מ""ל",false,1,19.90,2.84,true,1,
7290100653463,false,סבון פלמוליב ספא מסג500',קולגייט פלמוליב,TR,סבון פלמוליב,מיליליטרים,500.00,"100 מ""ל",false,0,17.90,3.58,true,1,
7290100653586,false,ליידי ס.סטיק24/7ג'ל ורוד,קולגייט פלמוליב,US,ליידי ס.סטיק24/7,גרמים,65.00,100 גרם,false,0,17.90,27.54,true,1,
7290100687109,false,במבה נוגט 60 גרם,"אסם השקעות בע""\מ",IL,במבה נוגט,גרמים,60.00,100 גרם,false,0,5.90,9.83,true,1,
7290100850916,false,דוריטוס חמוץ חריף 70 גרם,"שטראוס פריטו ליי בע""\מ )",IL,דוריטוס חמוץ ח,גרמים,70.00,100 גרם,false,0,3.90,5.57,true,1,
7290100922569,false,קרם ידיים ולווטה 100*3מל,טרופיקל דגיל,IL,קרם ידיים ולווטה,מיליליטרים,300.00,"100 מ""ל",false,0,15.90,5.30,true,1,
7290100925669,false,קולור קאצ'ר 10 דפים,"הנקל סוד בע""\מ",IE,דפי קולור קאצ'ר,יחידה,1.00,יחידה,false,1,13.90,13.90,true,1,
7290101270096,false,עפרון עינים הי פרסיז'ן12,גייד,IT,עפרון עינים הי פ,יחידה,1.00,יחידה,false,0,39.00,39.00,true,1,
7290101278955,false,איילנר טוש שחור,גייד,IT,איילנר טוש שחור,יחידה,1.00,יחידה,false,0,59.00,59.00,true,1,
7290101488323,false,ליידי ספיד סטיק סגול 65ג,קולגייט פלמוליב,US,ליידי ספיד סטיק,גרמים,65.00,100 גרם,false,0,17.90,27.54,true,1,
7290101864127,false,מסיר כתמים קליה750מ,רקיט בנקיזר,IL,קליה ספריי,מיליליטרים,750.00,"100 מ""ל",false,0,18.90,2.52,true,1,
7290101865261,false,"פיניש נוזל הברקה 800 מ""ל",רקיט בנקיזר,PL,פיניש נוזל הברקה,מיליליטרים,800.00,"100 מ""ל",false,0,24.90,3.11,true,1,
7290101866633,false,מסיר כתמ.ג'ל וניש קליה3ל,רקיט בנקיזר,IL,מסיר כתמים וניש,ליטרים,3.00,ליטר,false,0,29.90,9.97,true,1,
7290102060764,false,2 מברשות שיניים מרידול,גאבה,CH,2 מברשות שיניים,יחידה,1.00,יחידה,false,0,38.90,38.90,true,1,
7290102060979,false,"משחה שיניים אלמקס 100מ""ל",קולגייט- פלמוליב,PL,משחת שיניים,מיליליטרים,100.00,"100 מ""ל",false,0,17.90,17.90,true,1,
7290102062195,false,"משחת אלמקס ג'וניור 75מ""ל",קולגייט- פלמוליב,PE,משחת אלמקס,מיליליטרים,75.00,"100 מ""ל",false,0,14.90,19.87,true,1,
7290103124588,false,פלמוליב ארומתרפי סגול750,קולגייט פלמוליב,TR,סבון פלמוליב,מיליליטרים,750.00,"100 מ""ל",false,0,20.90,2.79,true,1,
7290103124601,false,פלמוליב חלב ודבש משאב750,קולגייט פלמוליב,TR,סבון פלמוליב,מיליליטרים,750.00,"100 מ""ל",false,0,20.90,2.79,true,1,
7290103126797,false,"קולגייט פרו ריליף 75 מ""ל",קולגייט פלמוליב,BR,משחת קולגייט,מיליליטרים,75.00,"100 מ""ל",false,0,24.90,33.20,true,1,
7290103129378,false,ספיד סטיק ג'ל 5X 85 גרם,קולגייט פלמוליב,US,דאו. ספיד סטיק,גרמים,85.00,100 גרם,false,0,17.90,21.06,true,1,
7290103129392,false,ליידי ס.ס אינפיוזן סגול,קולגייט פלמוליב,US,ליידי ספיד סטיק,גרמים,65.00,100 גרם,false,0,17.90,27.54,true,1,
7290103330057,false,עפרון עיניים עמיד 305 יח,גייד,IT,עפרון עיניים עמי,יחידה,1.00,יחידה,false,0,49.00,49.00,true,1,
7290103332280,false,LONGEVITY מייק אפ 503,גייד,IT,LONGEVITY מייקאפ,מיליליטרים,30.00,"100 מ""ל",false,0,135.00,450.00,true,1,
7290103334321,false,BLACK VANILLA ICON שמן,גייד בישום,IL,VANILLA ICON שמן,מיליליטרים,30.00,"100 מ""ל",false,0,169.00,563.33,true,1,
7290103336738,false,עפרון עיניים מטאליק100,גייד,IT,עפרון עיניים מטא,יחידה,1.00,יחידה,false,0,49.00,49.00,true,1,
7290103337322,false,ג'ל ניקוי רגיל200GENTLE-,גייד,IL,ג'ל ניקוי רגיל-,מיליליטרים,200.00,"100 מ""ל",false,0,45.00,22.50,true,1,
7290104068539,false,מאסט LL מלון ואבטיח 28גר,עלית,IL,מסטיק מאסט,גרמים,28.00,100 גרם,false,0,4.50,16.07,true,1,
7290104960048,false,שפתון קולוק קוד B14,קרליין,IL,שפתון קולור קוד,יחידה,1.00,יחידה,false,0,59.90,59.90,true,1,
7290104960246,false,תחליב רח.נקה 7  ורוד 750,טרופיקל דגיל תעשיות קוסמ,IL,תחליב רחצה נקה 7,מיליליטרים,750.00,"100 מ""ל",false,0,12.90,1.72,true,1,
7290104960338,false,תחליב רח.נקה 7 אלוורה750,טרופיקל דגיל תעשיות קוסמ,IL,תחליב רחצה נקה 7,מיליליטרים,750.00,"100 מ""ל",false,0,12.90,1.72,true,1,
7290104960475,false,לקה 383,קרליין,IL,לקה 383,יחידה,1.00,יחידה,false,0,14.90,14.90,true,1,
7290104960987,false,טיטניום מטאל א.ד.ט 100מל,לוריאל,IL,טיטניום מטאל,מיליליטרים,100.00,"100 מ""ל",false,0,54.90,54.90,true,1,
7290104961878,false,"שמפו קרטין נטורל 400 מ""ל",קוסמופארם בע'\'\מ,IL,שמפו קרטין,מיליליטרים,400.00,"100 מ""ל",false,0,29.90,7.48,true,1,
7290104961885,false,"מרכך קרטין נטורל 400 מ""ל",קוסמופארם בע'\'\מ,IL,מרכך קרטין,מיליליטרים,400.00,"100 מ""ל",false,0,29.90,7.48,true,1,
7290104961946,false,PERFECT BB קרם מדיום,קרליין,IL,PERFECT BB קרם,מיליליטרים,50.00,"100 מ""ל",false,0,89.90,179.80,true,1,
7290104962707,false,מגבונים להסרת איפור 25יח,קרליין,IL,מגבונים לפנים,יחידה,1.00,יחידה,false,1,14.90,14.90,true,1,
7290104962851,false,"מרכך אמפולה נטורל 400מ""ל",קוסמופארם בע'\'\מ,IL,מרכך אמפולה,מיליליטרים,400.00,"100 מ""ל",false,1,29.90,7.48,true,1,
7290104963124,false,מים מיסלרים הסרת איפו260,קרליין,IL,תכשיר הסרת איפור,מיליליטרים,260.00,"100 מ""ל",false,1,39.90,15.35,true,1,
7290104963162,false,סופטקר ק. גוף תינוקות500,קוסמופארם בע'\'\מ,IL,סופטקר קרם גוף,מיליליטרים,500.00,"100 מ""ל",false,1,23.90,4.78,true,1,
7290104963216,false,סופטקר אל סבון עדין 1 ל',קוסמופארם בע'\'\מ,IL,סופטקר אל סבון,ליטרים,1.00,ליטר,false,1,18.90,18.90,true,1,
7290104963360,false,עפרון שפתיים חידוד 168,קרל.איפור/טיפוח,IL,עפרון שפתיים חיד,יחידה,1.00,יחידה,false,0,29.90,29.90,true,1,
7290104963469,false,עפרון גבות משולש 02,קרל.איפור/טיפוח,CN,עפרון גבות משולש,יחידה,1.00,יחידה,false,0,29.90,29.90,true,1,
7290104964060,false,"טיטניום אלמנט 100 מ""ל",קרליין,IL,טיטניום אלמנט,מיליליטרים,100.00,"100 מ""ל",false,1,79.00,79.00,true,1,
7290104964084,false,EFFECT MULTI קרם יום,פאר פארם בעמ,IL,EFFECT MULTI קרם,מיליליטרים,50.00,"100 מ""ל",false,1,44.90,89.80,true,1,
7290104964091,false,EFFECT MULTI קרם לילה50מ,פאר פארם בעמ,IL,קרם לילה,מיליליטרים,50.00,"100 מ""ל",false,1,44.90,89.80,true,1,
7290104964237,false,ספריי מ.אפ לרגל מדיום150,אמיליה קוסמטיקס,IL,ספריי מייק אפ,מיליליטרים,150.00,"100 מ""ל",false,1,74.90,49.93,true,1,
7290104964282,false,BOLD מסקרה אניגמה שחור,,IT,מסקרה אניגמה,יחידה,1.00,יחידה,false,1,69.90,69.90,true,1,
7290104964916,false,מגבוני דו פזי פחם 25 יחי,קוסמופארם,IL,מגבוני דו פזי פח,יחידה,1.00,יחידה,false,1,14.90,14.90,true,1,
7290104964930,false,TINT LIP שפתון צבע פיגמט,,IL,ליפ טיינט שפתון,מיליליטרים,10.00,"100 מ""ל",false,1,39.90,399.00,true,1,
7290104964961,false,מסכת בד טיפוח ויטמין סי,קרליין,IL,מסכת בד טיפוח,יחידה,1.00,יחידה,false,1,10.00,10.00,true,1,
7290104965104,false,רטינול קרם לילה מתקן 50,סנו,IL,רטינול קרם לילה,מיליליטרים,50.00,"100 מ""ל",false,1,69.90,139.80,true,1,
7290104969850,false,"BOOSTER קולגן 30 מ""ל",,IL,BOOSTER קולגן,מיליליטרים,30.00,"100 מ""ל",false,1,69.90,233.00,true,1,
7290105360250,false,קפסולות קפה מס' 9 50 גרם,שטראוס קפה בי.וי.,IL,קפסולות קפה,גרמים,50.00,100 גרם,false,0,19.90,39.80,true,1,
7290105360335,false,קפסולות מס' 7 50 גרם,שטראוס קפה בי.וי.,IL,קפסולות מס' 7,גרמים,50.00,100 גרם,false,0,19.90,39.80,true,1,
7290105430441,false,סב.פלמוליב סחלב שחור750מ,קולגייט פלמוליב,TR,סבון פלמוליב,מיליליטרים,750.00,"100 מ""ל",false,0,20.90,2.79,true,1,
7290105430458,false,סבון פלמוליב שקדים 750 מ,קולגייט פלמוליב,TR,סבון פלמוליב,מיליליטרים,750.00,"100 מ""ל",false,0,20.90,2.79,true,1,
7290105430502,false,דאו.ספיד ס.סטיינגארד50ג,קולגייט פלמוליב,US,דאו.ספיד סטיק,גרמים,50.00,100 גרם,false,0,17.90,35.80,true,1,
7290105431868,false,"פלמוליב ספא קוקוס 500 מ""",קולגייט פלמוליב,TR,פלמוליב ספא,מיליליטרים,500.00,"100 מ""ל",false,0,17.90,3.58,true,1,
7290105433985,false,ליידי ספיד סטיק פרס סטיק,קולגייט פלמוליב,US,ליידי ספיד סטיק,גרמים,65.00,100 גרם,false,0,17.90,27.54,true,1,
7290105434029,false,ספיד סטיק נוטרו ספריי150,קולגייט פלמוליב,RU,דאו. ספיד סטיק,מיליליטרים,150.00,"100 מ""ל",false,0,14.90,9.93,true,1,
7290105434050,false,דאו. ספיד סטיק,קולגייט פלמוליב,US,דאו. ספיד סטיק,יחידה,1.00,יחידה,false,0,17.90,17.90,true,1,
7290105434067,false,דאו. ספיד סטיק,קולגייט פלמוליב,US,דאו. ספיד סטיק,יחידה,1.00,יחידה,false,0,17.90,17.90,true,1,
7290106290686,false,עפרון שפתיים עמיד82 יח',גייד,IT,עפרון שפתיים 82,יחידה,1.00,יחידה,false,0,49.00,49.00,true,1,
7290106290785,false,חלב ומי פנים בתכשיר 200מ,גייד,IL,חלב ומי פנים,מיליליטרים,200.00,"100 מ""ל",false,0,45.00,22.50,true,1,
7290106291089,false,מייק אפ איידליק 301 30מל,גייד,IT,מייק אפ איידל301,מיליליטרים,30.00,"100 מ""ל",false,0,135.00,450.00,true,1,
7290106292420,false,אדמה אינדיאנית אידיליק66,גייד,IT,אדמה אינדיאנית א,יחידה,1.00,יחידה,false,0,99.00,99.00,true,1,
7290106292451,false,פודרה עם מראה אידיליק26,גייד,IL,פודרה עם מראה אי,יחידה,1.00,יחידה,false,0,79.00,79.00,true,1,
7290106293151,false,PREMIUM GOLD קרם יום,גייד,CH,PREMIUM GOLD קרם,מיליליטרים,50.00,"100 מ""ל",false,0,219.00,438.00,true,1,
7290106293175,false,COAT TOP לק ג'ל,גייד,FR,COAT TOP לק ג'ל,מיליליטרים,13.00,"100 מ""ל",false,0,29.00,223.08,true,1,
7290106294493,false,TONING GENTLE מי פנים,גייד,IL,GENTLE לפנים,מיליליטרים,200.00,"100 מ""ל",false,0,45.00,22.50,true,1,
7290106295438,false,שפתון טרו קולור94 יח',גייד,IT,שפתון טרו קולור9,יחידה,1.00,יחידה,false,0,69.00,69.00,true,1,
7290106295452,false,שפתון טרו קולור143 יח',גייד,IT,שפתון טרו קולור1,יחידה,1.00,יחידה,false,0,69.00,69.00,true,1,
7290106296633,false,עפרון גבות איידיליק 200,גייד,IT,עפרון גבות איידי,יחידה,1.00,יחידה,false,0,59.00,59.00,true,1,
7290106296657,false,עפרון גבות איידיליק 600,גייד,IT,עפרון גבות איידי,יחידה,1.00,יחידה,false,0,59.00,59.00,true,1,
7290106297272,false,PREMIUM GOLD קרם לילה,גייד,CH,PREMIUM GOLD קרם,מיליליטרים,50.00,"100 מ""ל",false,0,219.00,438.00,true,1,
7290106299276,false,שפתון גלוס עמיד72 יח',גייד,IT,שפתון גלוס עמ72,יחידה,1.00,יחידה,false,0,79.00,79.00,true,1,
7290106299634,false,שפתון וולטין מאט754 יח',גייד,IT,שפתון וולטין מאט,יחידה,1.00,יחידה,false,0,75.00,75.00,true,1,
7290106299917,false,פלטה צללית וולטין 46 יח',גייד,IL,פלטה צללית וולטי,יחידה,1.00,יחידה,false,0,95.00,95.00,true,1,
7290106574977,false,בייגלה שטוחים מלח300גרם,"אסם השקעות בע""\מ",IL,בייגלה שטוחים,גרמים,300.00,100 גרם,false,0,11.90,3.97,true,1,
7290107280020,false,מטליות לחות מארז,,IL,מטליות לחות מארז,יחידה,1.00,יחידה,false,0,26.90,26.90,true,1,
7290107280099,false,מגבוני נייר טואלט48*3יח,סנו,IL,מגבוני נייר לחים,יחידה,1.00,יחידה,false,0,17.90,17.90,true,1,
7290107280549,false,400-K קוטל זבובים ויתושי,"סנו מפעלי ברונוס בע""מ",IL,400-K ק.יתושים,מיליליטרים,300.00,"100 מ""ל",false,0,14.90,4.97,true,1,
7290107280761,false,ספארק לימון+משאבה 1ל,סנו מפעלי ברונוס בעמ,IL,נוזל כלים לימון,ליטרים,1.00,ליטר,false,0,12.90,12.90,true,1,
7290107646154,false,חטיפי קוקומן פצפוצ 21*6ג,יוניליוור ישראל מזון בעמ,IL,חטיפי קוקומן 6יח,גרמים,126.00,100 גרם,false,1,15.90,12.62,true,1,
7290107646826,false,חטיפי שוגי שוקו 26*6גרם,יוניליוור ישראל מזון בעמ,IL,חטיפי שוגי 6 יח,גרמים,156.00,100 גרם,false,1,15.90,10.19,true,1,
7290107646833,false,חטיפי שוגי שוק.לבן 23*6ג,יוניליוור ישראל מזון בעמ,IL,חטיפי שוגי 6 יח,גרמים,138.00,100 גרם,false,1,15.90,11.52,true,1,
7290107956901,false,קפסולות אספרסו ט.אגוז50ג,שטראוס קפה בי.וי.,IL,קפסולות אספרסו,גרמים,50.00,100 גרם,false,1,19.90,39.80,true,1,
7290107956932,false,קפסולות אינדונזיה מס12,שטראוס קפה בי.וי.,IL,קפסולות אינדונזי,גרמים,50.00,100 גרם,false,1,19.90,39.80,true,1,
7290107973014,false,סב.ידיים פלמוליב דבש300מ,קולגייט-פלמוליב,TR,סבון ידיים,מיליליטרים,300.00,"100 מ""ל",false,1,9.90,3.30,true,1,
7290107973038,false,פלמוליב סב.אקווריום300מל,קולגייט פלמוליב,IT,סבון פלמוליב,מיליליטרים,300.00,"100 מ""ל",false,1,9.90,3.30,true,1,
7290107974301,false,ליידי ס.סטיק אלוורה ג'ל,קולגייט פלמוליב,US,ליידי ספיד סטיק,גרמים,45.00,100 גרם,false,1,17.90,39.78,true,1,
7290107974646,false,מרידול מי פה רעננה 400 מ,קולגייט פלמוליב,PL,מרידול מי פה,מיליליטרים,400.00,"100 מ""ל",false,1,26.90,6.73,true,1,
7290107975360,false,ליידי ספיד סטיק פיור פרש,קולגייט פלמוליב,US,ליידי ספיד סטיק,גרמים,45.00,100 גרם,false,1,17.90,39.78,true,1,
7290107975544,false,"משחת שיניים ברבי 50 מ""ל",קולגייט- פלמוליב,PL,משחת שיניים,מיליליטרים,50.00,"100 מ""ל",false,1,14.90,29.80,true,1,
7290107978637,false,"משחת מרידול 75 מ""ל",קולגייט פלמוליב,PL,משחת מרידול,מיליליטרים,75.00,"100 מ""ל",false,1,19.90,26.53,true,1,
7290108350616,false,מרכך מקסימה בלו 1 ליטר,"סנו מפעלי ברונוס בע""\מ",IL,מרכך מקסימה,ליטרים,1.00,ליטר,false,1,17.90,17.90,true,1,
7290108350623,false,מרכך מקסימה סופט סילק1ל,"סנו מפעלי ברונוס בע""\מ",IL,מרכך מקסימה,ליטרים,1.00,ליטר,false,1,17.90,17.90,true,1,
7290108351552,false,סנו ג'ט בתוספת חומץ750מל,"סנו מפעלי ברונוס בע""\מ",IL,סנו ג'ט עם חומץ,מיליליטרים,750.00,"100 מ""ל",false,1,9.90,1.32,true,1,
7290108351613,false,ריצפז פרש הום בית מלון2ל,"סנו מפעלי ברונוס בע""\מ",IL,ריצפז פרש הום,ליטרים,2.00,ליטר,false,1,24.90,12.45,true,1,
7290108352047,false,2מברשות 808 + חוט דנטלי,Z.H.T,CN,זוג מברשות+חוט,יחידה,1.00,יחידה,false,1,21.90,21.90,true,1,
7290108352092,false,מש.אורביטול פרוטקטיב145ג,טרופיקל דגיל תעשיות קוסמ,IL,משחת אורביטול,גרמים,145.00,100 גרם,false,1,10.90,7.51,true,1,
7290108352276,false,מטליות לחיטוי רצפות 10יח,"סנו מפעלי ברונס בע""\מ",IL,מטליות לרצפה,יחידה,1.00,יחידה,false,1,16.90,16.90,true,1,
7290108352450,false,ריצפז פרש הום ריח מרכך2ל,סנו מפעלי ברונוס בעמ,IL,ריצפז פרש הום,ליטרים,2.00,ליטר,false,1,24.90,12.45,true,1,
7290108352641,false,מטלית הפלא 3 יחידות,,CN,מטליות הפלא 3 יח,יחידה,1.00,יחידה,false,1,13.90,13.90,true,1,
7290108352825,false,ספוג הפלא לנירוסטה 3יח,ltdn s.k.a.tסנו מפעלי בר,CN,ספוג הפלא נירוסט,יחידה,1.00,יחידה,false,1,11.90,11.90,true,1,
7290108353099,false,ממחטות אף סופט 5 * 100יח,איימי פייפר,CN,ממחטות סופט מארז,יחידה,1.00,יחידה,false,1,13.70,13.70,true,1,
7290108353334,false,כיף שמפו למניעת קשקש700מ,קוסמופארם,IL,כיף שמפו,מיליליטרים,700.00,"100 מ""ל",false,1,10.90,1.55,true,1,
7290108353341,false,כיף מרכך למניעת קשקש700מ,קוסמופארם בעמ,IL,כיף מרכך שיער,מיליליטרים,700.00,"100 מ""ל",false,1,10.90,1.55,true,1,
7290108353372,false,2 מברשות 12000 סיבים פחם,"קוסמופארם בע""\מ",CN,מברשות שיניים2יח,יחידה,1.00,יחידה,false,1,22.90,22.90,true,1,
7290108353440,false,2 מברשות 12000 סיבים,Plastic Z.H.T,CN,מברשות שיניים2יח,יחידה,1.00,יחידה,false,1,22.90,22.90,true,1,
7290108353716,false,קרמה ת. רחצה פיטאיה 500מ,"קוסמופארם בע""\מn\",IL,תחליב רחצה חימר,מיליליטרים,500.00,"100 מ""ל",false,1,14.90,2.98,true,1,
7290108353761,false,תחליב רחצה זן קשמיר 600מ,"קוסמופארם בע""\מ",IL,קרמה תחליב רחצה,מיליליטרים,600.00,"100 מ""ל",false,1,12.90,2.15,true,1,
7290108353792,false,נקה 7 תחליב רחצה יפן 750,קוסמופארם בע'\'\מ,IL,תחליב רחצה בניחו,מיליליטרים,750.00,"100 מ""ל",false,1,12.90,1.72,true,1,
7290108353815,false,"תחליב רחצה מדיטציה600מ""ל","קוסמופארם בע""\מ",IL,קרמה תחליב רחצה,מיליליטרים,600.00,"100 מ""ל",false,1,12.90,2.15,true,1,
7290108353969,false,"דאו.קרמה מאסק 150 מ""ל",מיוצר עי : אמיליה קוסמטי,TR,דאודורנט קרמה,מיליליטרים,150.00,"100 מ""ל",false,1,16.90,11.27,true,1,
7290108353990,false,קרם גוף קרמה מאסק 500 מל,קוסמופארם בע'\'\מ,IL,קרם גוף מאסק,מיליליטרים,500.00,"100 מ""ל",false,1,24.90,4.98,true,1,
7290108354065,false,קרמה מן ג'ל רח.פילינג700,קוסמופארם בע'\'\מ,IL,קרמה מן ג'ל רחצה,מיליליטרים,700.00,"100 מ""ל",false,1,21.90,3.13,true,1,
7290108354263,false,משחה אורביטול חד קרן 70,טרופיקל דגיל תעשיות קוסמ,IL,משחה אורביטול +6,מיליליטרים,70.00,"100 מ""ל",false,1,9.90,14.14,true,1,
7290108354355,false,סנו מגבונים היגייני20יח,דן - מור חומרי טבע וכימי,IL,סנו מדיק מגבונים,יחידה,1.00,יחידה,false,1,10.90,10.90,true,1,
7290108354416,false,"תחליב רחצה יוגה 600מ""ל","קוסמופארם בע""\מ",IL,קרמה תחליב רחצה,מיליליטרים,600.00,"100 מ""ל",false,1,12.90,2.15,true,1,
7290108354492,false,קרליין 10 שמפו ארגן 700מ,"קוסמופארם בע""\מ",IL,שמפו 10 ארגן,מיליליטרים,700.00,"100 מ""ל",false,1,14.90,2.13,true,1,
7290108354591,false,נקה 7ביו רחצה קקטוס750מל,"קוסמופארם בע""\מ",IL,תחליב רחצה נקה 7,מיליליטרים,750.00,"100 מ""ל",false,1,12.90,1.72,true,1,
7290108354713,false,תחליב רחצה קרמה קלאס500מ,"קוסמופארם בע""\מn\",IL,תחליב רחצה קרמה,מיליליטרים,500.00,"100 מ""ל",false,1,14.90,2.98,true,1,
7290108354799,false,שמן גוף ורד ווניל 150 מל,פאר פארם בעמ,IL,שמן גוף קרמה,מיליליטרים,150.00,"100 מ""ל",false,1,23.90,15.93,true,1,
7290108354836,false,קר.יד.מרוכז בישום עדין50,---,IL,קרם ידיים מרוכז,מיליליטרים,50.00,"100 מ""ל",false,1,13.90,27.80,true,1,
7290108354911,false,"שמפו,ג'ל רחצה וגילוח700מ","קוסמופארם בע""\מ",IL,קרמה 3ב1,מיליליטרים,700.00,"100 מ""ל",false,1,21.90,3.13,true,1,
7290108355055,false,נט.פורמולה לחות+גלייז400,אמיליה קוסמטיקס,IL,לחות נט.פורמולה,מיליליטרים,400.00,"100 מ""ל",false,1,29.90,7.48,true,1,
7290108355079,false,נט.פורמולה לחות+קוקוס400,קוסמופארם,IL,לחות נט.פורמולה,מיליליטרים,400.00,"100 מ""ל",false,1,29.90,7.48,true,1,
7290108355086,false,גלייז נטורל פורמולה 350מ,קוסמופארם בע'\'\מ,IL,גלייז נט.פורמולה,מיליליטרים,350.00,"100 מ""ל",false,1,38.90,11.11,true,1,
7290108355116,false,בייבי כיף לפני שינה750מל,קוסמופארם,IL,בייבי כיף אלסבון,מיליליטרים,750.00,"100 מ""ל",false,1,17.90,2.39,true,1,
7290108355192,false,"מרכך קרטין נטורל 400 מ""ל",קוסמופארם,IL,מרכך נטורל פורמו,מיליליטרים,400.00,"100 מ""ל",false,1,29.90,7.48,true,1,
7290108355208,false,"שמפו קרטין נטורל 400 מ""ל",קוסמופארם,IL,שמפו נטורל פורמו,מיליליטרים,400.00,"100 מ""ל",false,1,29.90,7.48,true,1,
7290108355260,false,נקה7שמפו+גל רחצה+סבון750,קוסמופארם,IL,נקה7 שמפו/לרחצה,מיליליטרים,750.00,"100 מ""ל",false,1,14.90,1.99,true,1,
7290108355444,false,מרכך פיגמנט סילבר 250 מל,פארפארם בעמ,IL,מרכך פיגמנט סילב,מיליליטרים,250.00,"100 מ""ל",false,1,29.90,11.96,true,1,
7290108355451,false,דאו.קרמה רול און ורד 75מ,"קוסמופארם בע""\מ",IL,דאודורנט קרמה,מיליליטרים,75.00,"100 מ""ל",false,1,13.90,18.53,true,1,
7290108355536,false,"דאו.קרמה ורד וניל 150מ""ל",מיוצר עי : אמיליה קוסמטי,TR,דאודורנט קרמה,מיליליטרים,150.00,"100 מ""ל",false,1,16.90,11.27,true,1,
7290108355543,false,"דאו.קרמה מגנוליה 150 מ""ל",מיוצר עי : אמיליה קוסמטי,TR,דאודורנט קרמה,מיליליטרים,150.00,"100 מ""ל",false,1,16.90,11.27,true,1,
7290108356090,false,תרחיץ לשטיפה אינטימ220מל,קוסמופארם בעמ,IL,תרחיץ שטיפה קרמה,מיליליטרים,220.00,"100 מ""ל",false,1,23.90,10.86,true,1,
7290108356168,false,כיף תחליב רח.אוקיינוס700,קוסמופארם,IL,כיף תחליב רחצה,מיליליטרים,700.00,"100 מ""ל",false,1,10.90,1.55,true,1,
7290108356519,false,שמפו 10 לשיער רגיל 700מל,"קוסמופארם בע""\מ",IL,שמפו 10 קרליין,מיליליטרים,700.00,"100 מ""ל",false,1,14.90,2.13,true,1,
7290108356564,false,מרכך 10 לשיער רגיל 700מל,"קוסמופארם בע""\מn\",IL,מרכך 10 קרליין,מיליליטרים,700.00,"100 מ""ל",false,1,14.90,2.13,true,1,
7290108357004,false,כיף שמפו מועשר בשמן 700מ,"קוסמופארם בע""\מ",IL,שמפו כיף,מיליליטרים,700.00,"100 מ""ל",false,1,10.90,1.55,true,1,
7290108357097,false,דאו. ספריי ביו וולווט150,קוסטר אירוסול,CZ,דאו.ספריי ביו,מיליליטרים,150.00,"100 מ""ל",false,1,16.90,11.27,true,1,
7290108357448,false,קרמה קרם גוף לבנדר500,קוסמופארם בע'\'\מ,IL,קרם גוף לבנדר,מיליליטרים,500.00,"100 מ""ל",false,1,24.90,4.98,true,1,
7290108357509,false,קרם גוף וניל ופלפל 500מל,קוסמופארם בע'\'\מ,IL,קרם גוף קרמה,מיליליטרים,500.00,"100 מ""ל",false,1,24.90,4.98,true,1,
7290108357707,false,כיף שמפו לשיער רגיל 700מ,קוסמופארם,IL,כיף שמפו,מיליליטרים,700.00,"100 מ""ל",false,1,10.90,1.55,true,1,
7290108357714,false,כיף שמפו לשיער יבש700מ,קוסמופארם,IL,כיף שמפו,מיליליטרים,700.00,"100 מ""ל",false,1,10.90,1.55,true,1,
7290108357745,false,"כיף 2ב1 שמפו ומרכך 700מ""",קוסמופארם,IL,כיף 2in1 שמפו,מיליליטרים,700.00,"100 מ""ל",false,1,10.90,1.55,true,1,
7290108357769,false,כיף מרכך לשיער רגיל700מל,קוסמופארם,IL,כיף מרכך שיער,מיליליטרים,700.00,"100 מ""ל",false,1,10.90,1.55,true,1,
7290108357851,false,כיף ג'ל רח.בשמן קוקוס700,"קוסמופארם בע""\מ",IL,כיף ג'ל רחצה,מיליליטרים,700.00,"100 מ""ל",false,1,10.90,1.55,true,1,
7290108358087,false,תחליב רחצה קרמה מאסק700מ,קוסמופארם בעמ,IL,תחליב רחצה קרמה,מיליליטרים,700.00,"100 מ""ל",false,1,17.90,2.56,true,1,
7290108359077,false,סנו סופט 3שכבות 120יח,"סנו מפעלו ברונוס בע""\מ",EG,סופט לושן ממחטות,יחידה,1.00,יחידה,false,1,9.90,9.90,true,1,
7290108359855,false,בייבי כיף שמפו אלדמע750מ,קוסמופארם,IL,שמפו בייבי כיף,מיליליטרים,750.00,"100 מ""ל",false,1,18.90,2.52,true,1,
7290108359879,false,בייבי כיף אל סבון 750מ,קוסמופארם,IL,בייבי כיף אלסבון,מיליליטרים,750.00,"100 מ""ל",false,1,17.90,2.39,true,1,
7290110327804,false,חטיף חלבון גו ט.עוגיות60,"בלמונט קונפקציות בע""\מ.",US,חטיף חלבון,גרמים,60.00,100 גרם,false,1,13.90,23.17,true,1,
7290110451271,false,לק קריסטל גלו יח',גייד,IL,לק קריסטל גלו,יחידה,1.00,יחידה,false,1,29.00,29.00,true,1,
7290110451325,false,לק קריסטל גלו יח',גייד,FR,לק קריסטל גלו,יחידה,1.00,יחידה,false,1,29.00,29.00,true,1,
7290110453350,false,לונגיוויטי קונסילר 27,גייד,IT,לונגיוויטי קונסי,יחידה,1.00,יחידה,false,1,89.00,89.00,true,1,
7290110454388,false,שפתון סלפי 851 יח',,IT,שפתון סלפי 851,יחידה,1.00,יחידה,false,1,79.00,79.00,true,1,
7290110454432,false,שפתון סלפי856 יח',,IT,שפתון סלפי 856,יחידה,1.00,יחידה,false,1,79.00,79.00,true,1,
7290110455460,false,היילש מסקרה המאריכה מפרי,,IL,היילש מסקרה המאר,יחידה,1.00,יחידה,false,1,89.00,89.00,true,1,
7290110457167,false,לק קריסטל גלו 674 יח',,FR,לק קריסטל 674,יחידה,1.00,יחידה,false,1,29.00,29.00,true,1,
7290110556242,false,שוקולד פרה מריר פרווה100,נטרה סנט אטיין,FR,שוקולד פרה מריר,גרמים,100.00,100 גרם,false,1,5.50,5.50,true,1,
7290110730109,false,נוטרילון קומפורט 900 גרם,נוטרישיה קאלק,NL,נוטרילון 900 גרם,גרמים,900.00,100 גרם,false,1,101.90,11.32,true,1,
7290111090134,false,מגבוני רענון,נאופארם,IL,מגבוני רענון,יחידה,1.00,יחידה,false,0,5.90,5.90,true,1,
7290111093722,false,קצף נ.פנים לילך מאס150מ,אמיליה,IL,ג'ל ניקוי פנים,מיליליטרים,150.00,"100 מ""ל",false,1,23.90,15.93,true,1,
7290111096921,false,קוויק מטליות  לניקוי50יח,DPL,IL,קוויק מגבונים,יחידה,1.00,יחידה,false,1,9.90,9.90,true,1,
7290111097546,false,קוויק מגבונים לניקוי כלל,DPL,IL,קוויק ניקוי משטח,יחידה,1.00,יחידה,false,1,9.90,9.90,true,1,
7290111340109,false,22 דיפנד אקטיב מגן תחתון,קימברלי קלארק,CN,מגן תחתון דיפנד,יחידה,1.00,יחידה,false,1,21.90,21.90,true,1,
7290111340956,false,10מטליות לרצפה ריח מרכך,חוגלה קימברלי,IL,מטליות רצפה לחות,יחידה,1.00,יחידה,false,1,11.90,11.90,true,1,
7290111341434,false,דיפנד אקטיב פיט נורמל12י,קימברלי קלארק,VN,תחבושות  דיפנד,יחידה,1.00,יחידה,false,1,21.90,21.90,true,1,
7290111341984,false,לילי לח פיור מארז 4,עלבד,IL,נייר טואלט לח4יח,יחידה,1.00,יחידה,false,1,23.90,23.90,true,1,
7290111342042,false,כרית יפנית אנטיבקטריאלית,---,IL,כריות יפניות,יחידה,1.00,יחידה,false,1,13.90,13.90,true,1,
7290111342059,false,מטליות לחות לחיטוי 50 יח,---,IL,מטליות לחות50יח,יחידה,1.00,יחידה,false,1,16.90,16.90,true,1,
7290111342073,false,מטלית מקרופיבר אנטיבקטרי,---,CN,מטליות מקרופייבר,יחידה,1.00,יחידה,false,1,14.90,14.90,true,1,
7290111342738,false,לילי לח קידס מארז 4,---,IL,נייר טואלט לח4יח,יחידה,1.00,יחידה,false,1,23.90,23.90,true,1,
7290111343117,false,קלינקס לושן ממחטות70*2,---,IL,קלינקס ממחטות,יחידה,1.00,יחידה,false,1,14.90,14.90,true,1,
7290111343742,false,דיפנד 9תחתון סופג נשים L,---,CZ,דיפנד תחתון סופג,יחידה,1.00,יחידה,false,1,44.90,44.90,true,1,
7290111343797,false,מטליות לניקוי חלונות48יח,---,IL,מטליות לחלונות,יחידה,1.00,יחידה,false,1,13.90,13.90,true,1,
7290111344183,false,דיפנד 10תחתון סופג נשיםM,---,CZ,דיפנד תחתון סופג,יחידה,1.00,יחידה,false,1,44.90,44.90,true,1,
7290111344206,false,מגבונים האגיס נטורל4*64,---,IL,מגבונים האגיס 4*,יחידה,1.00,יחידה,false,1,24.90,24.90,true,1,
7290111344503,false,36האגיס אקסטרה קר +4,---,CZ,האגיס אקסטרה קר,יחידה,1.00,יחידה,false,1,57.90,57.90,true,1,
7290111344732,false,קלינקס אלרגי קומפורט70*2,---,IL,קלינקס זוג,יחידה,1.00,יחידה,false,1,16.90,16.90,true,1,
7290111344831,false,60מגן תחתון קוטקס נורמל,---,CN,מגן תחתון קוטקס,יחידה,1.00,יחידה,false,1,17.90,17.90,true,1,
7290111344855,false,52מגן תחתון קוטקס L,---,CN,מגן תחתון קוטקס,יחידה,1.00,יחידה,false,1,17.90,17.90,true,1,
7290111345753,false,קוטקס תחבושות כותנה נורמ,---,CZ,תחבושות כותנה נו,יחידה,1.00,יחידה,false,1,17.90,17.90,true,1,
7290111345760,false,קוטקס 18תחבוש.כותנה סופר,---,CZ,תחבושות קוטקס,יחידה,1.00,יחידה,false,1,17.90,17.90,true,1,
7290111345777,false,קוטקס 16תחבוש.כותנה נייט,---,CZ,תחבושות קוטקס,יחידה,1.00,יחידה,false,1,17.90,17.90,true,1,
7290111425295,false,מסכת פנים אצות ופנינים,ארמן,IL,מ.פנים אצות פנינ,מיליליטרים,100.00,"100 מ""ל",false,0,41.90,41.90,true,1,
7290111564277,false,פריכיות דק.פיטנס3דגנ120ג,פרח תעשיות בעמ,IL,פריכיות פיטנס,גרמים,120.00,100 גרם,false,1,11.90,9.92,true,1,
7290111931321,false,משחת שיניים מיניונים 50מ,קולגייט- פלמוליב,PL,קולגייט מיניונים,מיליליטרים,50.00,"100 מ""ל",false,1,14.90,29.80,true,1,
7290111932502,false,משחת אופטיק וייט אקס75מ,---,PL,משחת שיניים,מיליליטרים,75.00,"100 מ""ל",false,1,29.90,39.87,true,1,
7290111936258,false,ס.סטיק ספריי פרידום140מל,קולגייט פלמוליב,MX,ספיד סטיק ספריי,מיליליטרים,140.00,"100 מ""ל",false,1,14.90,10.64,true,1,
7290112000736,false,פיניש טבליות הכל ב1 80יח,רקיט בנקיזר,PL,פיניש 80 טבליות,יחידה,1.00,יחידה,false,1,59.90,59.90,true,1,
7290112000798,false,דטול מחטא משטח.לימון750מ,רקיט בנקיזר,GB,דטול מחטא משטחים,מיליליטרים,750.00,"100 מ""ל",false,1,11.90,1.59,true,1,
7290112001436,false,מנקה מדיח לימון 250מל,רקיט בנקיזר,PL,פיניש מנקה מדיח,מיליליטרים,250.00,"100 מ""ל",false,1,18.90,7.56,true,1,
7290112001740,false,44רצועות שעווה לפנים,רקיט בנקיזר,FR,רצועות שעווה ויט,יחידה,1.00,יחידה,false,1,44.90,44.90,true,1,
7290112002099,false,ג'ל כביסה קולון קלאסי2.5,רקיט בנקיזר,IL,ג'ל כביסה קולון,ליטרים,2.50,ליטר,false,1,27.90,11.16,true,1,
7290112002457,false,דטול מגבונים 60*3יח,רקיט בנקיזר,PL,דטול מגבונים 3יח,יחידה,1.00,יחידה,false,1,26.90,26.90,true,1,
7290112003423,false,אירוויק מקלות ריח אננס80,רקיט בנקיזר,HU,מקלות ריחניים,מיליליטרים,80.00,"100 מ""ל",false,1,24.90,31.13,true,1,
7290112003461,false,איירוויק מקלות ריח ורד80,רקיט בנקיזר,HU,מקלות ריחניים,מיליליטרים,80.00,"100 מ""ל",false,1,24.90,31.13,true,1,
7290112004970,false,פיניש אולטימייט 50 יח,רקיט בנקיזר,PL,פיניש אולטימייט,יחידה,1.00,יחידה,false,1,54.90,54.90,true,1,
7290112005045,false,וניש אבקה לכביסה לבנה480,רקיט בנקיזר,IT,וניש אבקה לכביסה,גרמים,480.00,100 גרם,false,1,18.90,3.94,true,1,
7290112192561,false,פרודונטקס הגנה מלבינה75מ,DEMICLEN,IE,משחה פרודונטקס,מיליליטרים,75.00,"100 מ""ל",false,1,34.90,46.53,true,1,
7290112192585,false,מברשת פרודונטקס סופט,DEMICLEN,DE,מברשת פרודונטקס,יחידה,1.00,יחידה,false,1,27.90,27.90,true,1,
7290112192882,false,סנסודיין משחה מלבינה75מל,MICLEN DE,GB,משחת סנסודיין,מיליליטרים,75.00,"100 מ""ל",false,1,34.90,46.53,true,1,
7290112340245,false,מסטיק דובדבן צנצנת 66גרם,"שטראוס גרופ בע""\מ",IL,מסטיק דובדבן,גרמים,66.00,100 גרם,false,1,9.90,15.00,true,1,
7290112349538,false,קפה טורקי עלית 160 גרם,שטראוס קפה בי.וי.,IL,קפה טורקי עלית,גרמים,160.00,100 גרם,false,1,11.90,7.44,true,1,
7290112350312,false,קפסולות קפה מס' 15 50גרם,שטראוס קפה בי.וי,IL,קפסולות קפה,גרמים,50.00,100 גרם,false,1,19.90,39.80,true,1,
7290112358004,false,חטיף פסק זמן קראנץ' 32גר,שולן צ'\יקולטה גידה סאן.,TR,חטיף פסק זמן,גרמים,32.00,100 גרם,false,1,5.00,15.63,true,1,
7290112358561,false,קפה פלטינום קלאסיק 47 גר,"אינסטנטבה בע""\מ",PL,קפה פלטינום קלאס,גרמים,47.00,100 גרם,false,1,8.90,18.94,true,1,
7290112490209,false,נמס בכוס עגבניות ר. טבעי,יוניליוור ישראל מזון בעמ,IL,מרק נמס בכוס,גרמים,56.00,100 גרם,false,1,6.90,12.32,true,1,
7290112490827,false,תרסיס למייבש בד.בייבי500,"זוהר דליה, קיבוץ דליה, 1",IL,תרסיס בדין בייבי,מיליליטרים,500.00,"100 מ""ל",false,1,16.90,3.38,true,1,
7290112492449,false,שמפו לשיער רגיל700מ,יוניליוור ישראל טיפוח אי,IL,שמפו לשיער רגיל,מיליליטרים,700.00,"100 מ""ל",false,1,11.90,1.70,true,1,
7290112492463,false,שמפו ומרכך 2 ב1- רגיל700,יוניליוור,IL,פינוק שמפו+מרכך,מיליליטרים,700.00,"100 מ""ל",false,0,11.90,1.70,true,1,
7290112492487,false,שמפו עם שמן מרוקאי700,יוניליוור ישראל טיפוח אי,IL,שמפו פינוק,מיליליטרים,700.00,"100 מ""ל",false,1,11.90,1.70,true,1,
7290112492500,false,פינוק שמפו שמן קוקוס700מ,יוניליוור,IL,שמפו פינוק,מיליליטרים,700.00,"100 מ""ל",false,1,11.90,1.70,true,1,
7290112492531,false,"מרכך פינוק רגיל 700 מ""ל",יוניליוור,IL,מרכך לשיער רגיל,מיליליטרים,700.00,"100 מ""ל",false,1,11.90,1.70,true,1,
7290112492548,false,מרכך פינוק יבש/פגום 700,יוניליוור,IL,מרכך פינוק,מיליליטרים,700.00,"100 מ""ל",false,1,11.90,1.70,true,1,
7290112492593,false,תח.רחצה פינוק קלאסי700מ,יוניליוור ישראל טיפוח אי,IL,תחליב רחצה פינוק,מיליליטרים,700.00,"100 מ""ל",false,1,11.90,1.70,true,1,
7290112492609,false,תח.פינוק לבנדר וניל 700מ,יוניליוור ישראל טיפוח אי,IL,תחליב רחצה פינוק,מיליליטרים,700.00,"100 מ""ל",false,1,11.90,1.70,true,1,
7290112492630,false,פינוק רחצה לגבר3ב1 700מל,יוניליוור ישראל טיפוח אי,IL,פינוק 3 ב1- לגבר,מיליליטרים,700.00,"100 מ""ל",false,1,11.90,1.70,true,1,
7290112492678,false,"פינוק שמפו לנסיעות100מ""ל",יוניליוור ישראל טיפוח אי,IL,שמפו פינוק,מיליליטרים,100.00,"100 מ""ל",false,1,6.50,6.50,true,1,
7290112492685,false,"מרכך שיער לנסיעות 100מ""ל",יוניליוור ישראל טיפוח אי,IL,מרכך פינוק,מיליליטרים,100.00,"100 מ""ל",false,1,6.50,6.50,true,1,
7290112492722,false,פינוק לסירוק קל2ב1 700מל,יוניליוור ישראל טיפוח אי,IL,פינוק שמפו ומרכך,מיליליטרים,700.00,"100 מ""ל",false,1,14.90,2.13,true,1,
7290112494238,false,קליק כדורים 65 גרם,יוניליוור ישראל מזון בע\,IL,קליק כדורים,גרמים,65.00,100 גרם,false,1,7.90,12.15,true,1,
7290112494276,false,קליק כריות 65 גרם,יוניליוור ישראל מזון בע\,IL,קליק כריות,גרמים,65.00,100 גרם,false,1,7.90,12.15,true,1,
7290112494283,false,קליק חום לבן 65 גרם,יוניליוור ישראל מזון בע\,IL,קליק חום לבן,גרמים,65.00,100 גרם,false,1,7.90,12.15,true,1,
7290112494825,false,דאב תרחיץ פנים רגיש180מל,יוניליוור ישראל טיפוח אי,IL,דאב תרחיץ פנים,מיליליטרים,180.00,"100 מ""ל",false,1,13.90,7.72,true,1,
7290112494832,false,"דאב תרחיץ פנים 180מ""ל",יוניליוור ישראל טיפוח אי,IL,דאב תרחיץ פנים,מיליליטרים,180.00,"100 מ""ל",false,1,13.90,7.72,true,1,
7290112497505,false,קרם גוף וזלין אלוורה600מ,"יוניליוור, ג'פרסון סיטי,",US,קרם גוף ואזלין,מיליליטרים,600.00,"100 מ""ל",false,1,25.90,4.32,true,1,
7290112497727,false,בייבי אל סבון אל דמע700מ,יוניליוור ישראלn\טיפוח א,IL,אל סבון בייבי,מיליליטרים,700.00,"100 מ""ל",false,1,16.90,2.41,true,1,
7290112498267,false,אל סבון ידיים קלאסי 950,---,IL,אל סבון פינוק,מיליליטרים,950.00,"100 מ""ל",false,1,11.90,1.25,true,1,
7290112498274,false,אל סבון ידיים לבנדר 950,יוניליוור ישראל טיפוח אי,IL,אל סבון פינוק,מיליליטרים,950.00,"100 מ""ל",false,1,11.90,1.25,true,1,
7290112498298,false,אלסב..ידיים שמן מרוק950,יוניליוור,TR,אל סבון פינוק,מיליליטרים,950.00,"100 מ""ל",false,1,11.90,1.25,true,1,
7290112499448,false,פינוק מרכך + שמן מרוקאי,יוניליוור ישראל טיפוח אי,IL,מרכך שיער פינוק,מיליליטרים,700.00,"100 מ""ל",false,1,11.90,1.70,true,1,
7290112499455,false,תחליב רחצה בתוספת שמן700,יוניליוור ישראל טיפוח אי,IL,תחליב רחצה פינוק,מיליליטרים,700.00,"100 מ""ל",false,1,11.90,1.70,true,1,
7290112499462,false,פינוק רחצה+שמן קוקוס700מ,יוניליוור ישראל טיפוח אי,IL,תחליב רחצה פינוק,מיליליטרים,700.00,"100 מ""ל",false,1,11.90,1.70,true,1,
7290112499486,false,"מרכך פינוק קרטין 700מ""ל",,,מרכך פינוק,יחידה,1.00,יחידה,false,0,11.90,11.90,true,1,
7290112499509,false,דאו. רקסונה אפרסק150מ,קוסטר אירוסול,TR,דאו ספריי רקסונה,מיליליטרים,150.00,"100 מ""ל",false,1,17.90,11.93,true,1,
7290112963918,false,קרקר דק רוזמרין פיטנס140,אסם,IL,קרקר דק פיטנס,גרמים,140.00,100 גרם,false,1,14.90,10.64,true,1,
7290112968807,false,קרקר דק פיטנס סלק 140גרם,אסם,IL,קרקר דק פיטנס,גרמים,140.00,100 גרם,false,1,14.90,10.64,true,1,
7290113317109,false,ביצת שוקולד כשלפ הלוקיטי,,IT,ביצת שוקולד,גרמים,60.00,100 גרם,false,1,14.90,24.83,true,1,
7290113560055,false,"פרודונטקס מי פה 500 מ""ל","מאסטרפוד אוסטריה בע""מ",GB,פרודונטקס מי פה,מיליליטרים,500.00,"100 מ""ל",false,1,31.90,6.38,true,1,
7290113560109,false,משחה פרודונטקס ט.צמחי75מ,DEMICLEN,SK,משחה פרודונטקס,מיליליטרים,75.00,"100 מ""ל",false,1,31.90,42.53,true,1,
7290114605342,false,רפידות הנקהM 50 יח,,CN,רפידות הנקה,יחידה,1.00,יחידה,false,1,26.90,26.90,true,1,
7290114607391,false,קולגייט מינייונים ברבי75,---,MX,קולגייט מינייוני,מיליליטרים,75.00,"100 מ""ל",false,1,16.90,22.53,true,1,
7290114720250,false,מטען סוללות USB אוניברסל,פוג'יקום,CN,מטען סוללות USB,יחידה,1.00,יחידה,false,1,79.00,79.00,true,1,
7290114720724,false,ראשי מברשת לאורל בי זוג,פוג'יקום,CN,ראשי מברשת לאורל,יחידה,1.00,יחידה,false,1,24.90,24.90,true,1,
7290114721301,false,ראש למברשת חשמלית סנסטיב,פוג'יקום,CN,ראש למברשת חשמלי,יחידה,1.00,יחידה,false,1,24.90,24.90,true,1,
7290114721400,false,ראש פחם למברשת חשמלית 2*,פוג'יקום,CN,ראש למברשת חשמלי,יחידה,1.00,יחידה,false,1,24.90,24.90,true,1,
7290114721622,false,מראת איפור עגולהX7מגדילה,,CN,מראת איפור עגולה,יחידה,1.00,יחידה,false,1,49.90,49.90,true,1,
7290114721660,false,אוזניות מקרופון עם חיבור,פוג'יקום,CN,אוזניות מקרופון,יחידה,1.00,יחידה,false,1,99.90,99.90,true,1,
7290115073676,false,מארז מסכת פנים צבעוני50י,,CN,מסכת פנים חד פעמ,יחידה,1.00,יחידה,false,1,12.90,12.90,true,1,
7290115075182,false,מטבעות שוקולד,,,מטבעות שוקולד,יחידה,1.00,יחידה,false,0,5.90,5.90,true,1,
7290115077131,false,מסכה פנים חד פעמי ילד40י,,CN,מסכת פנים חד פעמ,יחידה,1.00,יחידה,false,1,14.90,14.90,true,1,
7290115205176,false,קרקר דק כפרי פיטנס 140גר,אסם יקנעם,IL,קרקר דק פיטנס,גרמים,140.00,100 גרם,false,1,14.90,10.64,true,1,
7290115671346,false,מיני פינוקיות טופי180גרם,"הגביע מוצרי ופלים בע""\מ",IL,מיני פינוקיות,גרמים,180.00,100 גרם,false,1,11.90,6.61,true,1,
7290115671353,false,מיני פינוקיות שחור/לב180,"הגביע מוצרי ופלים בע""\מ",IL,מיני פינוקיות,גרמים,180.00,100 גרם,false,1,11.90,6.61,true,1,
7290116530147,false,תחליב רחצה פירות יער700מ,יוניליוור ישראל טיפוח אי,IL,תחליב רחצה פינוק,מיליליטרים,700.00,"100 מ""ל",false,1,11.90,1.70,true,1,
7290116530239,false,דאו סטיק לגבר בלאק 77ג,---,US,דאו.סטיק אקס,גרמים,77.00,100 גרם,false,1,16.90,21.95,true,1,
7290116531243,false,שמפו פינוק2ב1נגד קשקש700,יוניליוור ישראל טיפוח אי,IL,שמפו פינוק,מיליליטרים,700.00,"100 מ""ל",false,1,14.90,2.13,true,1,
7290116531762,false,דפי מרכך למייבש ורוד40י,---,US,דפים למייבש,יחידה,1.00,יחידה,false,1,18.90,18.90,true,1,
7290116532011,false,חטיף קליק נוגט 35 גרם,תות תעשיות מזון (2014) ב,IL,חטיף קליק נוגט,גרמים,35.00,100 גרם,false,1,5.90,16.86,true,1,
7290116532622,false,מרכך תמצית גוג'י ברי700מ,יוניליוור ישראלn\טיפוח א,IL,מרכך עם גוגי ברי,מיליליטרים,700.00,"100 מ""ל",false,1,11.90,1.70,true,1,
7290116532868,false,שמפו בייבי פינוק 900מ,יוניליוור ישראלn\טיפוח א,IL,בייבי שמפו,מיליליטרים,900.00,"100 מ""ל",false,1,21.90,2.43,true,1,
7290116533094,false,"שמפו פינוק ורדים 700מ""ל",יוניליוור ישראל טיפוח אי,IL,שמפו פינוק ורדים,מיליליטרים,700.00,"100 מ""ל",false,1,11.90,1.70,true,1,
7290116915104,false,ממתק צעצוע ארנק יח,,CN,ממתק צעצוע ארנק,יחידה,1.00,יחידה,false,1,7.90,7.90,true,1,
7290117822364,false,מסכה לפנים לילד קיטי 10,,IL,מסכה לפנים לילד,יחידה,1.00,יחידה,false,1,7.90,7.90,true,1,
7290117822425,false,מסכה לפנים לילד לוני טונ,,IL,מסכה לפנים לילד,יחידה,1.00,יחידה,false,1,7.90,7.90,true,1,
7290117823798,false,בדיקת אנטיגן מהירה5 יח,---,CN,בדיקת אנטיגן עצמ,יחידה,1.00,יחידה,false,1,39.90,39.90,true,1,
7290117825785,false,מסכה KN95 לבן 5 יחידות,,CN,מסכה לפנים KN95,יחידה,1.00,יחידה,false,1,10.00,10.00,true,1,
7290117829608,false,צ.גפן מתוק דלי פוני קטן,קוטון קנדי,IL,צ.גפן מתוק דלי פ,גרמים,50.00,100 גרם,false,1,8.10,16.20,true,1,
7290117860045,false,שמפו מטפח לשיער רגיל700מ,טרופיקל דגיל,IL,שמפו הוואי,מיליליטרים,700.00,"100 מ""ל",false,1,15.90,2.27,true,1,
7290117860090,false,מרכך מטפח לשיער רגיל700מ,"טרופיקל דגיל בע""\מ",IL,מרכך מטפח לשיער,מיליליטרים,700.00,"100 מ""ל",false,1,15.90,2.27,true,1,
7290347222156,false,"שמן פלזר 30 מ""ל",,IL,שמן פלזר,מיליליטרים,30.00,"100 מ""ל",false,1,199.00,663.33,true,1,
7296073011217,false,פסטה פנה ריגטה 500 גרם,שופרסל,IT,פסטה פנה ריגטה,גרמים,500.00,100 גרם,false,0,4.70,0.94,true,1,
7296073095583,false,"אצטון שופרסל 100 מ""ל","ש. שוורץ )באר שבע( בע""\מ",IL,אצטון BE,מיליליטרים,100.00,"100 מ""ל",false,0,3.90,3.90,true,1,
7296073179863,false,דבש טבעי לחיץ 250 גרם,שופרסל,IL,דבש טבעי לחיץ,גרמים,250.00,100 גרם,false,0,16.90,6.76,true,1,
7296073198314,false,דייסת דגנים מעורבים 200ג,שופרסל,IL,דייסת דגנים,גרמים,200.00,100 גרם,false,0,9.90,4.95,true,1,
7296073223009,false,שמן זית,,IT,שמן זית,מיליליטרים,750.00,"100 מ""ל",false,0,29.90,3.99,true,1,
7296073230656,false,מגבות נייר 6 גלילים,"שניב תעשיות נייר בע""\מ",IL,מגבות נייר,מטרים,63.00,מטר,false,0,10.90,0.17,true,1,
7296073237655,false,שוק.מריר 72% קקאו 100 גר,"שוקולד פריי בע""מ",CH,שוקולד מריר 72%,גרמים,100.00,100 גרם,false,1,11.00,11.00,true,1,
7296073239239,false,כוסות קפה מנייר 50יח,---,CN,כוסות שתיה חמה,יחידה,1.00,יחידה,false,1,17.90,17.90,true,1,
7296073241522,false,ממחטות אף 100*5 יח,שניב תעשיות נייר,IL,ממחטות אף 5 יח,יחידה,1.00,יחידה,false,1,11.90,11.90,true,1,
7296073273448,false,"ג'ל אלוורה 100מ""ל",ש.שוורץ,IL,ג'ל אלוורה,מיליליטרים,100.00,"100 מ""ל",false,1,9.90,9.90,true,1,
7296073277255,false,מארז מגבונים לחים 6 יח,דינמיק,IL,מארז מגבוניםלחים,יחידה,1.00,יחידה,false,1,18.90,18.90,true,1,
7296073281702,false,מגבוני נייר טואלט לחים,דינמיק תעשיות מגבונים,IL,מגבוני נייר לחים,יחידה,1.00,יחידה,false,1,14.90,14.90,true,1,
7296073285403,false,נרות חימום בשקית 50 יח,CANDLE ITBRIGHT,CN,נרות חימום בשקית,יחידה,1.00,יחידה,false,1,10.90,10.90,true,1,
7296073286073,false,"אורז בסמטי בצנצנת 1 ק""ג",SETIA LAL CHAMAN,IN,אורז בסמטי,קילוגרמים,1.00,"ק""ג",false,1,14.90,14.90,true,1,
7296073286417,false,שק.אשפה חזקות גדולות60יח,אשפלסט,IL,שקיות אשפה 60 יח,יחידה,1.00,יחידה,false,1,19.90,19.90,true,1,
7296073291077,false,משטחי החתלה שופרסל 10יח,PAKTEN,TR,משטחי החתלה,יחידה,1.00,יחידה,false,1,12.90,12.90,true,1,
7296073322979,false,בוטנים מצופים קלויים50ג,ששון ושות'\ )ש.ת. תעשיות,IL,בוטנים אמריקאים,גרמים,50.00,100 גרם,false,1,2.50,5.00,true,1,
7296073330431,false,מברשת לאייליינר ומסרק,BE NOW,CN,מברשת לאייליינר,יחידה,1.00,יחידה,false,0,32.90,32.90,true,1,
7296073330592,false,מעגל ריסים אפור,BE NOW,CN,מעגל ריסים אפור,יחידה,1.00,יחידה,false,0,12.90,12.90,true,1,
7296073330639,false,ספוג לניקוי פנים 3 יח,BE NOW,CN,3ספוג ניקוי פנים,יחידה,1.00,יחידה,false,0,11.90,11.90,true,1,
7296073330653,false,ספוגית לטקס למייקאפ אובל,BE NOW,CN,ספוגית למייקאפ,יחידה,1.00,יחידה,false,0,12.90,12.90,true,1,
7296073330660,false,ספוגית שחור\לבן לטקס,BE NOW,CN,ספוגית למייקאפ,יחידה,1.00,יחידה,false,0,12.90,12.90,true,1,
7296073330707,false,מארז 12 ספוגיות משולשות,BE NOW,CN,12 ספוגיות משולש,יחידה,1.00,יחידה,false,0,19.90,19.90,true,1,
7296073330745,false,מפדרי משי שחורים לפודרה,BE NOW,CN,2 מפדרי משי שחור,יחידה,1.00,יחידה,false,0,9.90,9.90,true,1,
7296073330936,false,פינצטה אפורה קצה ישר,BE NOW,CN,פינצטה ישרה אפור,יחידה,1.00,יחידה,false,0,19.90,19.90,true,1,
7296073330950,false,פינצטה לבנה קצה אלכסון,BE NOW,CN,פינצטה א. לבן,יחידה,1.00,יחידה,false,0,14.90,14.90,true,1,
7296073330967,false,פינצטה לבנה קצה מכופף,BE NOW,CN,פינצטה מכופף לבן,יחידה,1.00,יחידה,false,0,14.90,14.90,true,1,
7296073330974,false,פינצטה לאב יו איכותית,BE NOW,CN,פינצטה לאב יו,יחידה,1.00,יחידה,false,0,19.90,19.90,true,1,
7296073330981,false,פינצטה מנומרת איכותית,BE NOW,CN,פינצטה ציור שחור,יחידה,1.00,יחידה,false,0,24.90,24.90,true,1,
7296073331056,false,קוצץ קטן,BE NOW,CN,קוצץ קטן,יחידה,1.00,יחידה,false,0,8.90,8.90,true,1,
7296073331063,false,קוצץ גדול,BE NOW,CN,קוצץ גדול,יחידה,1.00,יחידה,false,0,9.90,9.90,true,1,
7296073331087,false,קוצץ אל חלד גדול,BE NOW,CN,קוצץ גדול,יחידה,1.00,יחידה,false,0,19.90,19.90,true,1,
7296073331155,false,מספריים משולב מבריק,BE NOW,CN,מספריים משולב,יחידה,1.00,יחידה,false,0,29.90,29.90,true,1,
7296073331179,false,מספריים משולב מט פרימיום,BE NOW,CN,מספריים משולב מט,יחידה,1.00,יחידה,false,0,39.90,39.90,true,1,
7296073331209,false,מספריים לתינוק קצה מעוגל,BE NOW,CN,מספריים לתינוק,יחידה,1.00,יחידה,false,0,39.90,39.90,true,1,
7296073331216,false,מספריים אל חלד לשיער,BE NOW,CN,מספריים לשיער,יחידה,1.00,יחידה,false,0,39.90,39.90,true,1,
7296073331308,false,"פצירת קרטון ""14 8 יח'",BE NOW,CN,8 פצירות קרטון,יחידה,1.00,יחידה,false,0,14.90,14.90,true,1,
7296073331322,false,שלישיית פצירות עם ציורים,BE NOW,CN,שלישיית פצירות,יחידה,1.00,יחידה,false,0,14.90,14.90,true,1,
7296073331520,false,מברשת שיער שחור,BE NOW,CN,מברשת שיער שחור,יחידה,1.00,יחידה,false,0,19.90,19.90,true,1,
7296073331537,false,מברשת שיער סגול ורוד,BE NOW,CN,מברשת שיער סגול,יחידה,1.00,יחידה,false,0,19.90,19.90,true,1,
7296073331568,false,מברשת שיער מאורכת,BE NOW,CN,מברשת ש.ללא כרית,יחידה,1.00,יחידה,false,0,19.90,19.90,true,1,
7296073331575,false,מברשת שיער מטקה ורודה L,BE NOW,CN,מברשת מטקה Lורוד,יחידה,1.00,יחידה,false,0,24.90,24.90,true,1,
7296073331582,false,מברשת שיער אובל ורודה L,BE NOW,CN,מברשת אובל Lורוד,יחידה,1.00,יחידה,false,0,24.90,24.90,true,1,
7296073331612,false,מברשת שיער מטקה שחורה,BE NOW,CN,מברשת מטקה שחורה,יחידה,1.00,יחידה,false,0,29.90,29.90,true,1,
7296073331629,false,מברשת שיער אובלית שחורה,BE NOW,CN,מברשת אובל שחורה,יחידה,1.00,יחידה,false,0,28.90,28.90,true,1,
7296073331643,false,מברשת שיער לתיק שחורה,BE NOW,CN,מברשת לתיק שחורה,יחידה,1.00,יחידה,false,0,22.90,22.90,true,1,
7296073331650,false,מברשת שיער לפן שחורה,BE NOW,CN,מברשת לפן שחורה,יחידה,1.00,יחידה,false,0,29.90,29.90,true,1,
7296073331704,false,מברשת עץ לפן גדולה,BE NOW,CN,מברשת עץ לפן L,יחידה,1.00,יחידה,false,0,29.90,29.90,true,1,
7296073331742,false,מברשת אובלית שיער רטוב,BE NOW,CN,מברשת אובל רטוב,יחידה,1.00,יחידה,false,0,39.90,39.90,true,1,
7296073331766,false,מברשת ש.התרת קשרים ורודה,BE NOW,CN,מברשת קשרים,יחידה,1.00,יחידה,false,0,34.90,34.90,true,1,
7296073331810,false,מברשת שיער ספרים מקצועית,BE NOW,CN,מברשת שיער ספרים,יחידה,1.00,יחידה,false,0,29.90,29.90,true,1,
7296073331858,false,מסרק לתלתלים עם ידית,BE NOW,CN,מסרק לתלתלים,יחידה,1.00,יחידה,false,0,9.90,9.90,true,1,
7296073331865,false,מסרק כיס שחור,BE NOW,CN,מסרק כיס שחור,יחידה,1.00,יחידה,false,0,8.90,8.90,true,1,
7296073331889,false,מסרק שחור עם ידית,BE NOW,CN,מסרק שחור ידית,יחידה,1.00,יחידה,false,0,9.90,9.90,true,1,
7296073331896,false,מסרק חום עם ידית,BE NOW,CN,מסרק חום ידית,יחידה,1.00,יחידה,false,0,9.90,9.90,true,1,
7296073331902,false,2 מברשות למריחת צבע שיער,BE NOW,CN,זוג מברשות לצבע,יחידה,1.00,יחידה,false,0,12.90,12.90,true,1,
7296073331919,false,מסרק ומברשת לצבע שיער,BE NOW,CN,מסרק ומברשת לצבע,יחידה,1.00,יחידה,false,0,6.90,6.90,true,1,
7296073331940,false,גומיות שחורות 12 יח,BE NOW,CN,12 גומיות שחורות,יחידה,1.00,יחידה,false,0,9.90,9.90,true,1,
7296073331964,false,גומיות בלונד,,CN,גומיות בלונד,יחידה,1.00,יחידה,false,0,9.90,9.90,true,1,
7296073331988,false,גומיות שחורות דקות 12 יח,BE NOW,CN,12גומיות שחור דק,יחידה,1.00,יחידה,false,0,9.90,9.90,true,1,
7296073332114,false,גומיות מגבת שחורות 8 יח,BE NOW,CN,8ג.מגבת שחור,יחידה,1.00,יחידה,false,0,9.90,9.90,true,1,
7296073332138,false,8 גומיות מגבת צר שחור,BE NOW,CN,8ג.מגבת צר שחור,יחידה,1.00,יחידה,false,0,9.90,9.90,true,1,
7296073332152,false,16 גומיות מגבת קטן שחור,BE NOW,CN,16ג.מגבת S שחור,יחידה,1.00,יחידה,false,0,9.90,9.90,true,1,
7296073332176,false,6 גומיות שחור פתוחות,BE NOW,CN,6גומיות ש. פתוח,יחידה,1.00,יחידה,false,0,9.90,9.90,true,1,
7296073332206,false,3 גומיות סקונצים דק שחור,BE NOW,CN,3גומיות סקונצ'ים,יחידה,1.00,יחידה,false,0,9.90,9.90,true,1,
7296073332237,false,2 סרט ילדות שחור וכוכבים,BE NOW,CN,2סרט ילדות כוכב,יחידה,1.00,יחידה,false,0,14.90,14.90,true,1,
7296073332312,false,סרט סטנדרטי שחור,BE NOW,CN,סרט סטנדרטי שחור,יחידה,1.00,יחידה,false,0,14.90,14.90,true,1,
7296073332367,false,2 זוגות תיקתק לב וכוכב,BE NOW,CN,2 זוגות תיקתק לב,יחידה,1.00,יחידה,false,0,9.90,9.90,true,1,
7296073332398,false,סיכות תיקתק לבבות,BE NOW,CN,תיקתק לבבות,יחידה,1.00,יחידה,false,0,17.90,17.90,true,1,
7296073332411,false,תיקתק חד קרן 4 יח,BE NOW,CN,4 תיקתק חד קרן,יחידה,1.00,יחידה,false,0,16.90,16.90,true,1,
7296073332428,false,6 תיקתק לבבות ופינגווין,BE NOW,CN,6תיקתק פינגווין,יחידה,1.00,יחידה,false,0,19.90,19.90,true,1,
7296073332442,false,12 סיכות תיקתק מיני כוכב,BE NOW,CN,12תיקתק S כוכבים,יחידה,1.00,יחידה,false,0,19.90,19.90,true,1,
7296073332459,false,סיכות תיקתק חתול 4 יח,BE NOW,CN,סיכות חתול 4 יח,יחידה,1.00,יחידה,false,0,10.90,10.90,true,1,
7296073332473,false,סיכות תיקתק כסוף 6 יח,BE NOW,CN,6סיכות תיקתק כסף,יחידה,1.00,יחידה,false,0,13.50,13.50,true,1,
7296073332480,false,סיכות תיקתק שחור 6 יח,BE NOW,CN,6תיקתק שחור,יחידה,1.00,יחידה,false,0,13.50,13.50,true,1,
7296073332497,false,סיכות סבתא שחור  40 יח,BE NOW,CN,40סיכות שחורות,יחידה,1.00,יחידה,false,0,14.90,14.90,true,1,
7296073332503,false,40 סיכות סבתא בלונדיניות,BE NOW,CN,40סיכות בלונדיני,יחידה,1.00,יחידה,false,0,14.90,14.90,true,1,
7296073332534,false,קליפסים קטנים 8 יח שחור,BE NOW,CN,8קליפסים S שחור,יחידה,1.00,יחידה,false,0,14.90,14.90,true,1,
7296073332541,false,קליפסים קטנים 8 יח חום,BE NOW,CN,8קליפסים S חום,יחידה,1.00,יחידה,false,0,14.90,14.90,true,1,
7296073332558,false,קליפס בינוני 4 יח שחור,BE NOW,CN,4קליפס M שחור,יחידה,1.00,יחידה,false,0,14.90,14.90,true,1,
7296073332565,false,קליפס בינוני 4 יח חום,BE NOW,CN,4קליפס M חום,יחידה,1.00,יחידה,false,0,14.90,14.90,true,1,
7296073332572,false,קליפס בינוני חזק 3 יח,BE NOW,CN,3קליפס M חזק,יחידה,1.00,יחידה,false,0,14.90,14.90,true,1,
7296073332589,false,"קליפס ענק 13 ס""מ",BE NOW,CN,קליפס ענק 13 סמ,יחידה,1.00,יחידה,false,0,14.90,14.90,true,1,
7296073332596,false,קליפס בננה,BE NOW,CN,קליפס בננה,יחידה,1.00,יחידה,false,0,14.90,14.90,true,1,
7296073332619,false,קליפס L גומי מונע החלקה,BE NOW,CN,קליפס ענק גומי,יחידה,1.00,יחידה,false,0,19.90,19.90,true,1,
7296073332640,false,קליפס M שחור בצורת רשת,BE NOW,CN,קליפס M שחור רשת,יחידה,1.00,יחידה,false,0,10.90,10.90,true,1,
7296073332671,false,זוג קליפסים שחור,BE NOW,CN,זוג קליפסים שחור,יחידה,1.00,יחידה,false,0,9.90,9.90,true,1,
7296073332688,false,זוג קליפסים חום,BE NOW,CN,זוג קליפסים חום,יחידה,1.00,יחידה,false,0,9.90,9.90,true,1,
7296073332787,false,קשת עם כתר,BE NOW,CN,קשת עם כתר,יחידה,1.00,יחידה,false,0,14.90,14.90,true,1,
7296073332886,false,ספוג רשת פרח,BE NOW,CN,ספוג רשת פרח,יחידה,1.00,יחידה,false,0,11.90,11.90,true,1,
7296073332893,false,ספוג רשת שלישייה,BE NOW,CN,ספוג רשת  שלישיה,יחידה,1.00,יחידה,false,0,9.90,9.90,true,1,
7296073332916,false,מברשת גב עץ,BE NOW,CN,מברשת גב  עץ,יחידה,1.00,יחידה,false,0,21.90,21.90,true,1,
7296073332992,false,כובע אמבט ניילון,BE NOW,CN,כובע אמבט ניילון,יחידה,1.00,יחידה,false,0,9.90,9.90,true,1,
7296073333005,false,כובע אמבט כפול,BE NOW,CN,כובע אמבטיה כפול,יחידה,1.00,יחידה,false,0,16.90,16.90,true,1,
7296073333258,false,בקבוקון פלסטיק עם משאבה,BE NOW,CN,בקבוקון פ. משאבה,יחידה,1.00,יחידה,false,0,9.90,9.90,true,1,
7296073333272,false,סט בקבוקוני מילוי,BE NOW,CN,סט בקבוקי מילוי,יחידה,1.00,יחידה,false,0,19.90,19.90,true,1,
7296073333401,false,פצירת אקריל אפורה 5 יח',BE NOW,CN,5 פצירות אקריל,יחידה,1.00,יחידה,false,0,29.90,29.90,true,1,
7296073333418,false,מבריק ציפורניים 7 שלבים,BE NOW,CN,מבריק צ. 7 שלבים,יחידה,1.00,יחידה,false,0,19.90,19.90,true,1,
7296073333623,false,זוג קשתות לשיער,BE NOW,CN,זוג קשתות לשיער,יחידה,1.00,יחידה,false,0,13.50,13.50,true,1,
7296073333661,false,מברשת שיער אובל סגולה L,BE NOW,CN,מברשת אובל Lסגול,יחידה,1.00,יחידה,false,0,24.90,24.90,true,1,
7296073340096,false,שמפו מפרץ הרפתקאות 1ליטר,---,TR,שמפו לילדים,ליטרים,1.00,ליטר,false,1,16.90,16.90,true,1,
7296073340102,false,אלסבון מ.הרפתקאות כחול1ל,אמיליה קוסמטיקס,TR,אל סבון בנים,ליטרים,1.00,ליטר,false,1,16.90,16.90,true,1,
7296073343134,false,אלסבון מ.הרפתקאות ורוד1ל,אמיליה קוסמטיקס,TR,אל סבון ורוד,ליטרים,1.00,ליטר,false,1,16.90,16.90,true,1,
7296073343264,false,פדים להסרת איפור-שלישיה,BE NOW,IL,פדים להסרת איפור,יחידה,1.00,יחידה,false,1,19.90,19.90,true,1,
7296073343288,false,צמר גפן 100 גר' יחידה,BE NOW,IL,צמר גפן 100 גר',גרמים,100.00,100 גרם,false,1,9.90,9.90,true,1,
7296073343295,false,קסמי אזניים פלסטיק 300 י,BE NOW,IL,קסמי אזניים פלסט,יחידה,1.00,יחידה,false,1,10.90,10.90,true,1,
7296073343301,false,קסמי אזניים פלסטיק 200 י,BE NOW,IL,קסמי אזניים פלסט,יחידה,1.00,יחידה,false,1,6.90,6.90,true,1,
7296073343318,false,קסמי אזניים פלסטיק 100י,BE NOW,IL,קסמי אזניים פלסט,יחידה,1.00,יחידה,false,1,2.90,2.90,true,1,
7296073343325,false,קסמי אזניים מעץ 100 יחיד,BE NOW,CN,קסמי אזניים מעץ,יחידה,1.00,יחידה,false,1,2.90,2.90,true,1,
7296073343462,false,"קרם חמצן 6% 60 מ""ל",,IL,קרם חמצן 6%,מיליליטרים,60.00,"100 מ""ל",false,1,4.90,8.17,true,1,
7296073343479,false,"קרם חמצן 9% 60 מ""ל",,IL,קרם חמצן 9%,מיליליטרים,60.00,"100 מ""ל",false,1,4.90,8.17,true,1,
7296073343486,false,אבקת הבהרה לשיער 10 גרם,,IL,אבקת הבהרה לשיער,גרמים,10.00,100 גרם,false,1,7.90,79.00,true,1,
7296073343493,false,כדורי צמר גפן 100 יח',BE NOW,IL,כדורי צמר גפן,יחידה,1.00,יחידה,false,1,9.90,9.90,true,1,
7296073343592,false,Be אל סבון לידיים מארז,BE NOW,IL,אל סבון לידיים פ,מיליליטרים,1500.00,"100 מ""ל",false,1,12.90,0.86,true,1,
7296073343608,false,אל סבון לבנדר 1 ליטר BE,,IL,אל סבון לבנדר,ליטרים,1.00,ליטר,false,1,10.90,10.90,true,1,
7296073343615,false,אל סבון קמומיל 1 ליטר BE,,IL,אל סבון קמומילBE,ליטרים,1.00,ליטר,false,1,10.90,10.90,true,1,
7296073343653,false,"מסיר לק קלאסי 175 מ""ל BE",,TR,מסיר לק קלאסי,מיליליטרים,175.00,"100 מ""ל",false,1,7.90,4.52,true,1,
7296073343660,false,Be מסיר לק לא אציטון175מ,---,TR,מסיר לק ללא אציט,מיליליטרים,175.00,"100 מ""ל",false,1,10.90,6.23,true,1,
7296073343691,false,Beמסיר לק עם ספוגית75מל,,IL,מסיר לק עם ספוגי,מיליליטרים,75.00,"100 מ""ל",false,1,7.90,10.53,true,1,
7296073345305,false,משחת שיניים פרופ+הרבל100,---,BG,משחת שיניים הרבל,מיליליטרים,100.00,"100 מ""ל",false,1,8.90,8.90,true,1,
7296073345336,false,משחת שיניים לילדים 2-6,שופרסל,BG,משחת שיניים KIDS,מיליליטרים,50.00,"100 מ""ל",false,1,9.90,19.80,true,1,
7296073345459,false,קיסמים עם חוט בשקית50יח,---,CN,קיסמים עם חוט,יחידה,1.00,יחידה,false,1,13.90,13.90,true,1,
7296073345466,false,32 קיסמי פלסטיק מברשת,---,CN,קיסמי פלסטיק,יחידה,1.00,יחידה,false,1,13.90,13.90,true,1,
7296073345473,false,חוט דנטלי שעווה 50 מטר,---,CN,חוט דנטלי שעווה,מטרים,50.00,מטר,false,1,10.90,0.22,true,1,
7296073362821,false,סב.ידיים בצבעי פסטל500*3,טאהא קימיה,TR,סבון ידיים 3 יח,ליטרים,1.50,ליטר,false,1,14.90,9.93,true,1,
7296073363262,false,"מרכך לשיער מוחלק 500 מ""ל",א.משי תעשיות,IL,מרכך לשיער יבש,מיליליטרים,500.00,"100 מ""ל",false,1,23.90,4.78,true,1,
7296073363316,false,פרל קרם לשיער מתולתל,---,IL,קרם לשיער מתולתל,מיליליטרים,400.00,"100 מ""ל",false,1,24.90,6.23,true,1,
7296073363330,false,שמפו לשיער בלונד/סילבר,---,IL,שמפו לשיער בלונד,מיליליטרים,250.00,"100 מ""ל",false,1,29.90,11.96,true,1,
7296073363378,false,BE קיסמי אוזניים לתינוק,BE NOW,IL,Be קיסמי אוזניים,יחידה,1.00,יחידה,false,1,6.90,6.90,true,1,
7296073363422,false,מברשת צלליות צרה יח',,CN,מברשת צלליות צרה,יחידה,1.00,יחידה,false,1,19.90,19.90,true,1,
7296073363446,false,מברשת צלליות אלכסון  יח',,CN,מברשת צלליות אלכ,יחידה,1.00,יחידה,false,1,19.90,19.90,true,1,
7296073363453,false,מברשת צלליות אלכסון  יח',,CN,מברשת צלליות אלכ,יחידה,1.00,יחידה,false,1,17.90,17.90,true,1,
7296073363804,false,Be רצועות להסרת שיער50יח,BE NOW,IL,Be רצועות להסרת,יחידה,1.00,יחידה,false,1,16.90,16.90,true,1,
7296073363859,false,מגבונים להסרת איפור 25יח,טרופיקל דגיל,IL,מגבונים להסרת אי,יחידה,1.00,יחידה,false,1,8.90,8.90,true,1,
7296073363934,false,צימרוני אוזניים עץ 200,BE NOW,IL,צימרוני אוזניים,יחידה,1.00,יחידה,false,1,4.90,4.90,true,1,
7296073363958,false,Be כפפות לטקס 100יח  M,,IL,Be כפפות לטקס  M,יחידה,1.00,יחידה,false,1,39.90,39.90,true,1,
7296073363989,false,"BE סכינים חד""פ לאישה",---,US,"סכיני גילוח חד""פ",יחידה,1.00,יחידה,false,1,9.90,9.90,true,1,
7296073364719,false,משחת שיניים לילדים גיל 6,MENUFACLURER,BG,משחת שיניים לילד,מיליליטרים,50.00,"100 מ""ל",false,1,8.90,17.80,true,1,
7296073375722,false,זוג כפיות סיליקון 2 יח,LUV.N`CARE,CN,זוג כפית סיליקון,יחידה,1.00,יחידה,false,1,29.90,29.90,true,1,
7296073380313,false,גומיות פתוחות צבעוניות י,BE NOW,CN,גומיות פתוחות,יחידה,1.00,יחידה,false,1,9.90,9.90,true,1,
7296073380344,false,גומיות מנומרות שחורות יח,BE NOW,CN,גומיות מנומרות,יחידה,1.00,יחידה,false,1,14.90,14.90,true,1,
7296073380351,false,גומיות רכות צבעוניות יחי,BE NOW,CN,גומיות מנומרות,יחידה,1.00,יחידה,false,1,12.90,12.90,true,1,
7296073380382,false,גומיות מנומרות ורודות יח,BE NOW,CN,גומיות מנומרות,יחידה,1.00,יחידה,false,1,12.90,12.90,true,1,
7296073380436,false,"בקבוק האכלה שלב 2 270מ""ל",,CN,בקבוק האכלה שלב,יחידה,1.00,יחידה,false,1,29.90,29.90,true,1,
7296073380665,false,מברשת התרת קשרים שחורה,BE NOW,CN,מברשת התרת קשרים,יחידה,1.00,יחידה,false,1,34.90,34.90,true,1,
7296073380825,false,Be ג'ל רחצה מקדמיה 700מ,קוסמטיקס,TR,Be ג'ל רחצה,מיליליטרים,700.00,"100 מ""ל",false,1,13.90,1.99,true,1,
7296073380832,false,Be ג'ל רחצה אורכידאה 700,קוסמטיקס,TR,Be ג'ל רחצה,מיליליטרים,700.00,"100 מ""ל",false,1,13.90,1.99,true,1,
7296073380863,false,קופסא מעוצבת CHILL,,IL,קופסא מעוצבת,יחידה,1.00,יחידה,false,1,9.90,9.90,true,1,
7296073380894,false,דאו לגבר,,,דאו לגבר,יחידה,1.00,יחידה,false,0,9.90,9.90,true,1,
7296073380900,false,רצועות שעווה לע.עדין 16י,VIOCOX,ES,רצועות שעווה,יחידה,1.00,יחידה,false,1,17.90,17.90,true,1,
7296073380917,false,רצועות שעווה לפנים 12 יח,VIOCOX,ES,רצועות שעווה,יחידה,1.00,יחידה,false,1,17.90,17.90,true,1,
7296073380931,false,ג'ל אלכוהול 70%בניחוח ים,---,TR,ג'ל אלכוהול 70%ב,מיליליטרים,500.00,"100 מ""ל",false,1,19.90,3.98,true,1,
7296073380948,false,ג'ל אלכוהול 70%בניחוח ים,---,TR,ג'ל אלכוהול 70%ב,מיליליטרים,200.00,"100 מ""ל",false,1,12.90,6.45,true,1,
7296073381174,false,מברשת ספרים עם שיער .,BE NOW,CN,מברשת ספרים,יחידה,1.00,יחידה,false,1,34.90,34.90,true,1,
7296073381181,false,קליפסים גודל בינוני זוג,BE NOW,CN,קליפסים גודל בינ,יחידה,1.00,יחידה,false,1,12.90,12.90,true,1,
7296073381358,false,גומיות מסולסלות חומות 3*,BE NOW,CN,גומיות מסולסלות,יחידה,1.00,יחידה,false,1,9.90,9.90,true,1,
7296073381426,false,פצצה בינונית 160 גרם,,IL,פצצה בינונית,גרמים,160.00,100 גרם,false,1,16.90,10.56,true,1,
7296073381501,false,קליפס בינוני חזק חום 3יח,BE NOW,CN,קליפס בינוני,יחידה,1.00,יחידה,false,1,14.90,14.90,true,1,
7296073391654,false,מגבונים לחיטוי וניקוי50י,טרופיקל,IL,מגבונים לניקוי,יחידה,1.00,יחידה,false,1,12.90,12.90,true,1,
7296073392934,false,נייר טואלט גליל כפול24יח,---,IL,נייר טואלט 24 גל,מטרים,860.00,100 מטר,false,1,39.90,4.64,true,1,
7296073411215,false,מרכך כביסה פרחי בר 1ל,---,IL,מרכך כביסה מרוכז,ליטרים,1.00,ליטר,false,1,14.90,14.90,true,1,
7296073411246,false,מרכך מרוכז יסמין/לילך1ל,---,IL,מרכך כביסה מרוכז,ליטרים,1.00,ליטר,false,1,14.90,14.90,true,1,
7296073415114,false,מגני תחתון נורמל 60 יח,קוראטקס,DE,מגני תחתון B,יחידה,1.00,יחידה,false,1,10.90,10.90,true,1,
7296073415121,false,מגני תחתון לארג' 52 יחיד,קוראטקס,DE,מגני תחתון B,יחידה,1.00,יחידה,false,1,10.90,10.90,true,1,
7296073440109,false,קפסולות לכביסה 36 יחידות,גליל כימיקלים בעמ,IL,קפסולות לכביסה,יחידה,1.00,יחידה,false,1,34.90,34.90,true,1,
7296073441335,false,פריכיות אורז מלא 110 גרם,"פרח תעשיות מזון בע""\מ",IL,פריכיות אורז מלא,גרמים,110.00,100 גרם,false,1,6.90,6.27,true,1,
7296073444237,false,40חיתולים שלב 4+ שופרסל,די.פי.אל תעשיות מוצרים ח,IL,חיתולים שופרסל,יחידה,1.00,יחידה,false,1,29.90,29.90,true,1,
7296073444244,false,34 חיתולים שלב 5 שופרסל,די.פי.אל תעשיות מוצרים ח,IL,חיתולים שופרסל,יחידה,1.00,יחידה,false,1,29.90,29.90,true,1,
7296073445395,false,תרחיץ פנים מיסלר,,,תרחיץ פנים מיסלר,יחידה,1.00,יחידה,false,0,11.90,11.90,true,1,
7296073445531,false,"מכשיר גילוח ר""פ גבר6+סכי",,,מכשיר גילוח6+סכ.,יחידה,1.00,יחידה,false,0,59.90,59.90,true,1,
7296073445548,false,"מכשיר גילוח ר""פ לנשים2+",EDGEWELL,US,מ.גילוח לנשים,יחידה,1.00,יחידה,false,1,36.90,36.90,true,1,
7296073445555,false,סכיני גילוח רב''פ לנשים,EDGEWELL,US,סכיני גילוח נשים,יחידה,1.00,יחידה,false,1,34.90,34.90,true,1,
7296073445692,false,"מחית תפו""ע בננה שופרסל90",DELAFRUIT,ES,"מחית תפו""ע ובננה",גרמים,90.00,100 גרם,false,1,4.90,5.44,true,1,
7296073445708,false,מחית תפוח אפרסק בננה 90ג,DELAFRUIT,ES,מחית מיקס פירות,גרמים,90.00,100 גרם,false,1,4.90,5.44,true,1,
7296073447917,false,מגבונים לחיטוי וניקוי400,סאסאטק,IL,מגבונים לחיטוי,יחידה,1.00,יחידה,false,1,31.90,31.90,true,1,
7296073448488,false,"Be שמפו לילדים 700 מ""ל",BFF,TR,Be שמפו לילדים,מיליליטרים,700.00,"100 מ""ל",false,1,14.90,2.13,true,1,
7296073449508,false,מגבוני ניו בורן 64*4,דינמיק,IL,מגבוני ניו בורן,יחידה,1.00,יחידה,false,1,22.90,22.90,true,1,
7296073449539,false,"סבון קוביה כחול 500 מ""ל",טאהא קימיה,TR,סבון קוביה כחול,מיליליטרים,500.00,"100 מ""ל",false,1,9.90,1.98,true,1,
7296073449881,false,מגבות נייר גליל כפול 6יח,שניב תעשיות נייר,IL,מגבות נייר,מטרים,130.00,מטר,false,1,19.90,0.15,true,1,
7296073460404,false,מראת חיילים  מלבנית יח',,CN,מראת חיילים  מלב,יחידה,1.00,יחידה,false,1,14.90,14.90,true,1,
7296073484240,false,שקיות אוכל 150*2 יחידות,אשפלסט,IL,שקיות אוכל זוג,יחידה,1.00,יחידה,false,1,10.90,10.90,true,1,
7296073485070,false,מפיץ ריח chill ונילה מאס,דרימי,IL,מפיץ ריח chill ו,מיליליטרים,500.00,"100 מ""ל",false,1,79.90,15.98,true,1,
7296073495895,false,קרם רחצה מבשם passi Deep,א.משי תעשיות,IL,קרם רחצה מבשם De,מיליליטרים,300.00,"100 מ""ל",false,1,39.90,13.30,true,1,
7296073495925,false,קרם גוף מבשם passio Deep,א.משי תעשיות,IL,קרם גוף מבשם Dee,מיליליטרים,300.00,"100 מ""ל",false,1,49.90,16.63,true,1,
7296073496564,false,ספוג רחצה 50 גרם,,CN,ספוג רחצה,גרמים,50.00,100 גרם,false,1,14.90,29.80,true,1,
7296073513643,false,מגבונים לניקוי פרקט10יח,עלבד,IL,מגבונים לפרקט,יחידה,1.00,יחידה,false,1,11.90,11.90,true,1,
7296073516286,false,מגבונים לחים לילדים 72*4,"DPL בע""מ",IL,מגבונים לחים,יחידה,1.00,יחידה,false,1,14.90,14.90,true,1,
7296073526919,false,פרל שמפו לשיער מוחלק500מ,א.משי תעשיות,IL,שמפו פרל לשיער,מיליליטרים,500.00,"100 מ""ל",false,1,23.90,4.78,true,1,
7296073526926,false,פרל שמפו לשיער צבוע500מל,א.משי תעשיות,IL,שמפו פרל לשיער,מיליליטרים,500.00,"100 מ""ל",false,1,23.90,4.78,true,1,
7296073527039,false,סיכות תיק תק פרפרים .,BE NOW,CN,סיכות תיק תק פרפ,יחידה,1.00,יחידה,false,1,12.90,12.90,true,1,
7296073527046,false,סיכה בארט מנומר .,BE NOW,CN,סיכה בארט מנומר,יחידה,1.00,יחידה,false,1,17.90,17.90,true,1,
7296073527077,false,גומיות חומות לשיער .,BE NOW,CN,גומיות חומות לשי,יחידה,1.00,יחידה,false,1,7.90,7.90,true,1,
7296073527084,false,סיכות בארט שחור/חום זוג,BE NOW,CN,סיכות בארט שחור/,יחידה,1.00,יחידה,false,1,19.90,19.90,true,1,
7296073527114,false,גומיות סקונץ צבעונית כתו,BE NOW,CN,גומיות סקונץ צבע,יחידה,1.00,יחידה,false,1,12.90,12.90,true,1,
7296073527121,false,גומיות סקונץ צבעוניות תכ,BE NOW,CN,גומיות סקונץ צבע,יחידה,1.00,יחידה,false,1,12.90,12.90,true,1,
7296073528531,false,פרל מסכות לשיער צבוע 500,א.משי תעשיות,IL,פרל מסכות לשיער,מיליליטרים,500.00,"100 מ""ל",false,1,34.90,6.98,true,1,
7296073530145,false,ערכת לידה,,IL,ערכת לידה,יחידה,1.00,יחידה,false,1,100.00,100.00,true,1,
7296073531005,false,מוס ניקוי מורינגה150מל,,IL,מוס לניקוי פנים,מיליליטרים,150.00,"100 מ""ל",false,1,39.90,26.60,true,1,
7296073531289,false,פדים להסרת איפור אובלי40,LTD CO S.T.O,TR,פדים להסרת איפור,יחידה,1.00,יחידה,false,1,7.90,7.90,true,1,
7296073552758,false,סבון נוזלי מעוצב שחור500,טאהא קימיה,TR,סבון נוזלי,מיליליטרים,500.00,"100 מ""ל",false,1,7.90,1.58,true,1,
7296073564683,false,BE אל סבון מאסק 1ליטר,טאהא קימיה,TR,BE אל סבון,ליטרים,1.00,ליטר,false,1,9.90,9.90,true,1,
7296089001691,false,אקוטסט בדיקת טיל לא מטוש,פארמה דיל,CN,בדיקה קורונה טיל,יחידה,1.00,יחידה,false,1,10.00,10.00,true,1,
7296168001390,false,"אצטון 100 מ""ל",איתן ספקים       E,IL,אציטון,מיליליטרים,100.00,"100 מ""ל",false,0,5.90,5.90,true,1,
7296168070518,false,קיסם מברשת לשיניים 100יח,איתן כללי,IL,קיסם מברשת לשיני,יחידה,1.00,יחידה,false,0,12.90,12.90,true,1,
7296168089077,false,אצבעון לצחצוח שניים יח',סוויטי,CN,אצבעון לצחצוח שנ,יחידה,1.00,יחידה,false,1,11.90,11.90,true,1,
7296168120558,false,רצועת מסאג' איכותית,איתן כללי,JP,רצועת מסאג' איכו,יחידה,1.00,יחידה,false,0,32.90,32.90,true,1,
7296168705113,false,קיסמי שיניים דנטליים,איתן ספקים       E,CN,קיסמי שיניים,יחידה,1.00,יחידה,false,0,24.90,24.90,true,1,
7296168810084,false,מוצץ גומי צבעוני תכלת,מלאזיה מקס,MY,מוצץ גומי צבעוני,יחידה,1.00,יחידה,false,1,22.90,22.90,true,1,
7296169000620,false,פנציטה קצה זהב מכופפת,.D.M.M  סוכנויות ומפיצים,DE,פינצטה קייזר,יחידה,1.00,יחידה,false,0,24.90,24.90,true,1,
7296169009166,false,קוצץ קטן,.D.M.M  סוכנויות ומפיצים,KP,קוצץ ציפורן קט,יחידה,1.00,יחידה,false,0,14.90,14.90,true,1,
7296179006216,false,שיק לק עמיד 421,שיק לקים,IL,שיק לק עמיד,יחידה,1.00,יחידה,false,0,13.90,13.90,true,1,
7296179007411,false,שיק.מסיר לק לא אצטון250מ,שיק לקים,IL,שיק.מסיר לק ללא,מיליליטרים,250.00,"100 מ""ל",false,0,16.90,6.76,true,1,
7296179008012,false,שיק לק עמיד 463,שיק לקים,IL,שיק לק עמיד,יחידה,1.00,יחידה,false,0,13.90,13.90,true,1,
7296179008043,false,שיק לק עמיד 485,שיק לקים,IL,שיק לק עמיד,יחידה,1.00,יחידה,false,0,13.90,13.90,true,1,
7296179008241,false,לכה טופ למראה ג'ל,שיק לקים,IL,לכה טופ למראה גל,יחידה,1.00,יחידה,false,0,32.90,32.90,true,1,
7296179008333,false,שיק לק עמיד 506 יח,שיק לקים,IL,שיק לק עמיד,יחידה,1.00,יחידה,false,0,13.90,13.90,true,1,
7296179010114,false,שיק לק עמיד 012,שיק לקים,IL,שיק לק עמיד,יחידה,1.00,יחידה,false,0,13.90,13.90,true,1,
7296179010213,false,שיק לק עמיד 022,שיק לקים,IL,שיק לק עמיד,יחידה,1.00,יחידה,false,0,13.90,13.90,true,1,
7296179010305,false,שיק לק עמיד 031,שיק לקים,IL,שיק לק עמיד,יחידה,1.00,יחידה,false,0,13.90,13.90,true,1,
7296179010435,false,שיק לק עמיד 044,שיק לקים,IL,שיק לק עמיד,יחידה,1.00,יחידה,false,0,13.90,13.90,true,1,
7296179010701,false,שיק לק עמיד 071,שיק לקים,IL,שיק לק עמיד,יחידה,1.00,יחידה,false,0,13.90,13.90,true,1,
7296179010732,false,שיק לק עמיד 074,שיק לקים,IL,שיק לק עמיד,יחידה,1.00,יחידה,false,0,13.90,13.90,true,1,
7296179011142,false,שיק לק עמיד 237,שיק לקים,IL,שיק לק עמיד,יחידה,1.00,יחידה,false,0,13.90,13.90,true,1,
7296179011180,false,שיק לק עמיד 258,שיק לקים,IL,שיק לק עמיד,יחידה,1.00,יחידה,false,0,13.90,13.90,true,1,
7296179011203,false,שיק לק עמיד 265,שיק לקים,IL,שיק לק עמיד,יחידה,1.00,יחידה,false,0,13.90,13.90,true,1,
7296179011234,false,שיק לק עמיד 279,שיק לקים,IL,שיק לק עמיד,יחידה,1.00,יחידה,false,0,13.90,13.90,true,1,
7296179011470,false,שיק לק עמיד 116,שיק לקים,IL,שיק לק עמיד,יחידה,1.00,יחידה,false,0,13.90,13.90,true,1,
7296179011524,false,שיק לק עמיד 201,שיק לקים,IL,שיק לק עמיד,יחידה,1.00,יחידה,false,0,13.90,13.90,true,1,
7296179011654,false,שיק לק עמיד 223,שיק לקים,IL,שיק לק עמיד,יחידה,1.00,יחידה,false,0,13.90,13.90,true,1,
7296179011753,false,שיק לק עמיד 228,שיק לקים,IL,שיק לק עמיד,יחידה,1.00,יחידה,false,0,13.90,13.90,true,1,
7296179011791,false,מחזק ציפורניים,שיק לקים,IL,מחזק ציפורניים,יחידה,1.00,יחידה,false,0,32.90,32.90,true,1,
7296179011814,false,Coat Top לכת טופ,שיק לקים,IL,טופ קוד,יחידה,1.00,יחידה,false,0,16.90,16.90,true,1,
7296179011876,false,מחזק ציפורניים אורנג',שיק לקים,IL,מחזק ציפורניים,יחידה,1.00,יחידה,false,0,32.90,32.90,true,1,
7296179011999,false,מחזק ציפורניים אורנג 17,,IL,מחזק ציפורניים א,מיליליטרים,17.00,"100 מ""ל",false,1,32.90,193.53,true,1,
7296179012064,false,שיק לק עמיד 251,שיק לקים,IL,שיק לק עמיד,יחידה,1.00,יחידה,false,0,13.90,13.90,true,1,
7296179012132,false,שיק לק עמיד 289,שיק לקים,IL,שיק לק עמיד,יחידה,1.00,יחידה,false,0,13.90,13.90,true,1,
7296179012149,false,שיק לק עמיד 301,שיק לקים,IL,שיק לק עמיד,יחידה,1.00,יחידה,false,0,13.90,13.90,true,1,
7296179012187,false,שיק לק עמיד 048,שיק לקים,IL,שיק לק עמיד,יחידה,1.00,יחידה,false,0,13.90,13.90,true,1,
7296179012217,false,שיק לק עמיד 290,שיק לקים,IL,שיק לק עמיד,יחידה,1.00,יחידה,false,0,13.90,13.90,true,1,
7296179012309,false,שיק לק עמיד 407,שיק לקים,IL,שיק לק עמיד,יחידה,1.00,יחידה,false,0,13.90,13.90,true,1,
7296179012392,false,צבעי קישוט לציפורניים8מל,שיק לקים,IL,צבע קישוט לציפור,יחידה,1.00,יחידה,false,0,21.90,21.90,true,1,
7296179012606,false,"מייבש לק וטופ קוט 17 מ""ל",,IL,מייבש לק וטופ קו,מיליליטרים,17.00,"100 מ""ל",false,1,32.90,193.53,true,1,
7296179012705,false,שיק לק עמיד 488,שיק לקים,IL,שיק לק עמיד,יחידה,1.00,יחידה,false,0,13.90,13.90,true,1,
7296179014174,false,ג'ל אלוורה אחר שיזוף200מ,חלאבין,IL,ג'ל אלוורה לאחר,מיליליטרים,200.00,"100 מ""ל",false,1,19.90,9.95,true,1,
7296179021240,false,לק 800,שיק לקים,IL,לק 800,יחידה,1.00,יחידה,false,0,13.90,13.90,true,1,
7296179021295,false,לק 805,שיק לקים,IL,לק 805,יחידה,1.00,יחידה,false,0,13.90,13.90,true,1,
7296179021707,false,חמאת גוף לאב ליין 300מ'ל,חלאבין,IL,חמאת גוף מבושמת,מיליליטרים,300.00,"100 מ""ל",false,0,49.90,16.63,true,1,
7296179024586,false,"מסיר לק לילך י100 מ""ל",,IL,מסיר לק לילך,מיליליטרים,100.00,"100 מ""ל",false,1,7.90,7.90,true,1,
7296179024593,false,"מסיר לק קוקוס 100 מ""ל",,IL,מסיר לק קוקוס,מיליליטרים,100.00,"100 מ""ל",false,1,7.90,7.90,true,1,
7296179028607,false,סבון נשית קלאסי 250מל,חלאבין,IL,סבון נשית קלאסי,מיליליטרים,250.00,"100 מ""ל",false,1,17.90,7.16,true,1,
7296179029109,false,לק עמיד 806 יח',שיק לקים,IL,לק עמיד 806,יחידה,1.00,יחידה,false,1,13.90,13.90,true,1,
7296179029154,false,לק עמיד 811 יח',שיק לקים,IL,לק עמיד 811,יחידה,1.00,יחידה,false,1,13.90,13.90,true,1,
7296179029567,false,סט בראשית WILD MN מארז,תעשיות שיק,IL,סט בראשית WIL MN,יחידה,1.00,יחידה,false,1,79.90,79.90,true,1,
7296179029673,false,ספריי דאו WILD M.N. 187,חלאבין,IL,דאו ספריי 187 מל,מיליליטרים,187.00,"100 מ""ל",false,1,22.90,12.25,true,1,
7298074501018,false,בליסטקס קלאסיק SPF10 4.2,בליסטקס פריגו,IL,בליסטקס קלאסיק,יחידה,1.00,יחידה,false,1,14.90,14.90,true,1,
7298074501995,false,בליסטקס אולטרא SPF50 4.2,בליסטקס פריגו,IL,בליסטקס אולטרא S,יחידה,1.00,יחידה,false,1,14.90,14.90,true,1,
7298074502220,false,בליסטקס אינפיוזן סגול .3,בליסטקס פריגו,US,בליסטקס אינפיוזן,יחידה,1.00,יחידה,false,1,19.90,19.90,true,1,
7501013101355,false,"ג'ומקס משקה אפרסק 473מ""ל",חומקס קומר קומרסאליזדורה,MX,משקה גומקס אפרסק,מיליליטרים,473.00,"100 מ""ל",false,1,8.90,1.88,true,1,
7501013101393,false,"ג'ומקס משקה אננס 473 מ""ל",חומקס קומר קומרסאליזדורה,MX,משקה ג'ומקס אננס,מיליליטרים,473.00,"100 מ""ל",false,1,8.90,1.88,true,1,
7509546057545,false,ליידי ספיד פרו 5 סטיק45ג,קולגייט פלמוליב,US,ליידי ספיד סטיק,גרמים,45.00,100 גרם,false,1,17.90,39.78,true,1,
7509546666846,false,משחת שיניים טוטאל פחם75מ,---,MX,טוטאל פחם,מיליליטרים,75.00,"100 מ""ל",false,1,21.90,29.20,true,1,
7509546678702,false,מש.קולגייט טוטל טרטר100מ,---,PL,משחת קולגייט,מיליליטרים,100.00,"100 מ""ל",false,1,15.90,15.90,true,1,
7610114030348,false,האלטר סוכריות לימון .,,IL,סוכריות לימון,גרמים,40.00,100 גרם,false,1,12.90,32.25,true,1,
7610400068529,false,בונ.לינדור אסורטד 200גרם,לינדט ושפרונגלי,CH,בונבונ.לינדור,גרמים,200.00,100 גרם,false,0,27.90,13.95,true,1,
7613036880534,false,מחית מרק ירקות 190 גרם,נסטלה פולסקה אס.איי,PL,מחית מרק ירקות,גרמים,190.00,100 גרם,false,1,6.90,3.63,true,1,
7613037012200,false,גרבר תפוח מנגו פאוץ90ג,פורסלבה,ES,גרבר תפוח פאוץ',גרמים,90.00,100 גרם,false,1,5.90,6.56,true,1,
7613039547731,false,גרבר מחית תפוח משמש 90ג,"מפעל סברס, נסטלה ספרד ס.",ES,פאוץ גרבר תפוח מ,גרמים,90.00,100 גרם,false,1,5.90,6.56,true,1,
7613039880807,false,גרבר תפוח גזר 190 גרם,נסטלה פולסקה אס.איי,PL,גרבר תפוח גזר,גרמים,190.00,100 גרם,false,1,6.90,3.63,false,1,
7613287155863,false,גרבר מחית אגס פאוץ 90 גר,נסטלה פולסקה אס.איי,PL,גרבר אגס פאוץ,גרמים,90.00,100 גרם,false,1,5.90,6.56,true,1,
7622201801809,false,שוק.חלב אגוזים מילקה100ג,מנדלז דויצ'\לנד סנקס פרו,DE,שוקולד מילקה,גרמים,100.00,100 גרם,false,1,8.90,8.90,true,1,
7622201808631,false,עוגיות מיני אוראו וניל67,מונדלייז,ID,עוגיות אוראו מינ,גרמים,67.00,100 גרם,false,1,8.90,13.28,true,1,
7622201819552,false,שוקולד מילקה דארק 85 גרם,מונדלייז,DE,שוקולד מילקה,גרמים,85.00,100 גרם,false,1,8.50,10.00,true,1,
7622210392589,false,טובלרון טייני חלב 200גרם,מונדלז סוויצרלנד פרודקשן,CH,טובלרון חלב,גרמים,200.00,100 גרם,false,1,23.90,11.95,true,1,
7622210637994,false,עוג.אוראו ביס אורגינל110,---,ES,עוגיות אוראו,גרמים,110.00,100 גרם,false,1,10.90,9.91,true,1,
7630477891592,false,קפסולות Starbucksהאוס57ג,נסטלה נספרסו,CH,קפסולות Starbuck,גרמים,57.00,100 גרם,false,1,22.90,40.18,true,1,
7630477891639,false,קפסולות Starbucks ורונה,נסטלה נספרסו,CH,קפסולות Starbuck,גרמים,55.00,100 גרם,false,1,22.90,41.64,true,1,
7630477891677,false,קפסStarbucks. פלייס53ג,נסטלה נספרסו,CH,קפסולות Starbuck,גרמים,53.00,100 גרם,false,1,22.90,43.21,true,1,
7638900426823,false,סוללות מקס D אנרגייזר2יח,---,US,סוללות מקס 2 יח,יחידה,1.00,יחידה,false,1,27.90,27.90,true,1,
7702018069316,false,סכין גילוח סימפלי ונוס 2,ג'ילט,PL,סכין גילוח ונוס2,יחידה,1.00,יחידה,false,0,17.90,17.90,true,1,
7702018321520,false,"דאו.סטיק מתקדם 45מ""ל A.I",P&G,US,דאודורנט סטיק,מיליליטרים,45.00,"100 מ""ל",false,0,23.90,53.11,true,1,
7702018321582,false,"דאו.סטיק מתקדם 45מ""לC.W",פרוקטר אנד גמבל,US,דאודורנט סטיק,מיליליטרים,45.00,"100 מ""ל",false,0,23.90,53.11,true,1,
7702018334919,false,ג'ילט מכשיר2+ סכינים וונ,פרוקטר & גמבל,US,ג'ילט מכשיר2+ סכ,יחידה,1.00,יחידה,false,1,44.90,44.90,true,1,
7702018347629,false,גילט רביעית  ונוס אמבריי,פרוקטר אנד גמבל,DE,גילט רביעית,יחידה,1.00,יחידה,false,1,62.90,62.90,true,1,
7702018404643,false,"ג'ל גילוח סירייס 200מ""ל",---,GB,ג'ל גילוח סירייס,מיליליטרים,200.00,"100 מ""ל",false,1,16.90,8.45,true,1,
7702018466917,false,ג'ילט סכין בלו 2 פלוס 10,ג'\ילט,US,ג'ילט סכין בלו 2,יחידה,1.00,יחידה,false,1,29.90,29.90,true,1,
7702018470884,false,16 סכיני גילוח פיוז'ן,"פרוקטר אנד גמבל, גרמניה",DE,סכיני גילוח,יחידה,1.00,יחידה,false,1,179.00,179.00,true,1,
7702018471096,false,ונוס סימפלי 4 סכינים מאר,פרוקטר & גמבל,US,ונוס סימפלי 4 סכ,יחידה,1.00,יחידה,false,1,19.90,19.90,true,1,
7702018495641,false,ג'ילט מארז פרוגלייד 12+H,פרוקטר & גמבל,IL,ג'ילט מארז פרוגל,יחידה,1.00,יחידה,false,1,239.00,239.00,true,1,
7702018544738,false,מכונת עיצוב זקן קינג סי,---,CN,מכונה לעיצוב זקן,יחידה,1.00,יחידה,false,1,184.90,184.90,true,1,
7702018581467,false,ונוס סווירל ידית8+סכינים,---,GB,סווירל מארז,יחידה,1.00,יחידה,false,1,129.00,129.00,true,1,
7702018609154,false,סכיני גילוח פרוגלייד10יח,"פרוקטר אנד גמבל, גרמניה",DE,סכיני גילוח,יחידה,1.00,יחידה,false,1,159.90,159.90,true,1,
7702018886364,false,ונוס קומפורטגליד בריז,פרוקטר & גמבל,IL,ונוס קומפורטגליד,יחידה,1.00,יחידה,false,1,59.90,59.90,true,1,
7702018978120,false,"דאו.קליר ג'ל C.W 70 מ""ל",פרוקטר אנד גמבל,PL,דאו.קליר ג'ל,מיליליטרים,70.00,"100 מ""ל",false,0,16.90,24.14,true,1,
7702018980833,false,ג'ל גילוח סירייס לחות200,---,GB,ג'ל גילוח סירייס,מיליליטרים,200.00,"100 מ""ל",false,1,16.90,8.45,true,1,
7891024027998,false,מי פה קולגייט טוטל 500מ,קולגייט- פלמוליב,PL,מי פה קולגייט,מיליליטרים,500.00,"100 מ""ל",false,1,24.90,4.98,true,1,
7891024124826,false,קולגייט אופטיק וייט 75מל,קולגייט פלמוליב,BR,משחת קולגייט,מיליליטרים,75.00,"100 מ""ל",false,0,20.90,27.87,true,1,
8000380004676,false,ופלים לואקר וניל 200 גרם,לואקר,AT,ופלים לואקר,גרמים,200.00,100 גרם,false,0,13.60,6.80,true,1,
8000380007219,false,ופלים לואקר ט.אגוזים175ג,א. לואקר,AT,ופלים לואקר,גרמים,175.00,100 גרם,false,0,12.00,6.86,true,1,
8000380153442,false,לואקר קלאסי אגוז 90 גרם,---,IT,לואקר קלאסי,גרמים,90.00,100 גרם,false,0,8.90,9.89,true,1,
8000500009673,false,בונבוניירה רושה 300 גרם,פררו,IT,בונבוניירת רושה,גרמים,300.00,100 גרם,false,0,49.40,16.47,true,1,
8000500023624,false,חטיף קינדר הפי היפו 5יח',פררו,DE,קינדר הפי היפו,גרמים,102.00,100 גרם,false,0,13.90,13.63,true,1,
8000500023976,false,בונ.רפאלו 150 גרם,פררו - אלבה,PL,בונבונ.רפאלו,גרמים,150.00,100 גרם,false,0,18.90,12.60,true,1,
8000500026731,false,ביצי הפתעה קינדר 20*3 גר,פררו,IT,ביצי הפתעה קינדר,גרמים,60.00,100 גרם,false,1,13.90,23.17,true,1,
8000500029350,false,קינדר בואנו 43*3 גרם,פררו,PL,קינדר בואנו,גרמים,129.00,100 גרם,false,0,11.90,9.22,true,1,
8000500037874,false,בונ.פררו רושה 200 גרם,פררו,IT,בונבוניירה רושה,גרמים,200.00,100 גרם,false,0,27.90,13.95,true,1,
8000500071083,false,שוקולד קינדר 200 גרם,פררו,IT,שוקולד חלב קינדר,גרמים,200.00,100 גרם,false,0,14.50,7.25,true,1,
8000500167656,false,קינדר שוקולד עם דגנים94ג,פררו,IT,קינדר שוקולד,גרמים,94.00,100 גרם,false,1,7.90,8.41,true,1,
8000500227848,false,נוטלה בי רדי 132 גרם,פררו,IT,נוטלה בי רדי,גרמים,132.00,100 גרם,false,1,13.50,10.23,true,1,
8000500249352,false,קינדר בואנו מיני מיקס205,פררו,PL,קינדר בואנו מיני,גרמים,205.00,100 גרם,false,1,19.90,9.71,true,1,
8000500267103,false,עוגות אישי.קינדר דליס390,פררו,IT,עוגות קינדר דליס,גרמים,390.00,100 גרם,false,1,17.90,4.59,true,1,
8000500269169,false,קינדר קארדס 128 גרם,---,IT,קינדר קארדס,גרמים,128.00,100 גרם,false,1,13.90,10.86,true,1,
8000500374542,false,גרנד רושה מריר פררו125ג,---,PL,גרנד רושה פררו,גרמים,125.00,100 גרם,false,1,16.90,13.52,true,1,
8001090111685,false,אולוויז דיסקרט בוטיקL 8,פרוקטר אנד גמבל,DE,אולוויז דיסקרט,יחידה,1.00,יחידה,false,1,38.90,38.90,true,1,
8001090184412,false,פיירי לכלים לימון 900 מל,פרוקטר אנד גמבל,GB,פיירי לכלים,מיליליטרים,900.00,"100 מ""ל",false,1,12.90,1.43,true,1,
8001090222725,false,שמפו הרבל שמן מורינגה400,פרוקטר אנד גמבל,FR,שמפו הרבל אסנס,מיליליטרים,400.00,"100 מ""ל",false,1,25.90,6.48,true,1,
8001090290939,false,אורל בי White 3D לבן 75,פרוקטר אנד גמבל,DE,משחת אורל בי,מיליליטרים,75.00,"100 מ""ל",false,1,20.90,27.87,true,1,
8001090336408,false,38פמפרס בייבי דריי שלב3,פרוקטר אנד גמבל,DE,פמפרס בייבי,יחידה,1.00,יחידה,false,1,36.90,36.90,true,1,
8001090336446,false,34פמפרס בייבי דריי של4,פרוקטר אנד גמבל,DE,פמפרס בייבי,יחידה,1.00,יחידה,false,1,36.90,36.90,true,1,
8001090336491,false,31פמפרס בייבי דריי שלב+4,פרוקטר אנד גמבל,DE,פמפרס בייבי,יחידה,1.00,יחידה,false,1,36.90,36.90,true,1,
8001090336521,false,30פמפרס בייבי דריי שלב5,פרוקטר אנד גמבל,DE,פמפרס בייבי,יחידה,1.00,יחידה,false,1,36.90,36.90,true,1,
8001090336606,false,26פמפרס בייבי דריי שלב6,פרוקטר אנד גמבל,DE,פמפרס בייבי,יחידה,1.00,יחידה,false,1,36.90,36.90,true,1,
8001090364159,false,מ.שיניים וחניכיים רענה75,פרוקטר אנד גמבל,DE,משחת אורל בי,מיליליטרים,75.00,"100 מ""ל",false,1,19.90,26.53,true,1,
8001090364203,false,משחת שיניים וחניכיים 75,פרוקטר אנד גמבל,DE,משחת אורל בי,מיליליטרים,75.00,"100 מ""ל",false,1,19.90,26.53,true,1,
8001090375230,false,פנטן מרכך מרוכז לחות200מ,פרוקטר אנד גמבל,FR,מרכך פנטן,מיליליטרים,200.00,"100 מ""ל",false,1,28.90,14.45,true,1,
8001090375285,false,פנטן מרכך מרוכז משי 200מ,פרוקטר אנד גמבל,FR,מרכך פנטן,מיליליטרים,200.00,"100 מ""ל",false,1,28.90,14.45,true,1,
8001090379337,false,40פמפרס פרימיוםVP מידה3,P&G,PL,פמפרס פרימיום,יחידה,1.00,יחידה,false,1,39.90,39.90,true,1,
8001090379368,false,34פמפרס פרימיוםVP מידה4,P&G,PL,פמפרס פרימיום,יחידה,1.00,יחידה,false,1,39.90,39.90,true,1,
8001090379399,false,30פמפרס פרימיוםVP מידה5,P&G,PL,פמפרס פרימיום,יחידה,1.00,יחידה,false,1,39.90,39.90,true,1,
8001090580122,false,הד&שולדרס סופרים משקם400,פרוקטר אנד גמבל,FR,שמפו הד&שולדרס,מיליליטרים,400.00,"100 מ""ל",false,1,19.90,4.98,true,1,
8001090632715,false,מש.אורל בי לילד פרוזן75מ,פרוקטר אנד גמבל,DE,משחת שיניים לילד,מיליליטרים,75.00,"100 מ""ל",false,1,19.90,26.53,true,1,
8001090678614,false,שמפו הד&שולרס סופרים400,פרוקטר אנד גמבל,FR,שמפו הד&שולדרס,מיליליטרים,400.00,"100 מ""ל",false,1,19.90,4.98,true,1,
8001090832450,false,"שמפו פנטן קלאסי 660 מ""ל",פרוקטר & גמבל,RO,שמפו פנטן,מיליליטרים,660.00,"100 מ""ל",false,1,23.90,3.62,true,1,
8001090832535,false,"פנטן שמפו משקם 660 מ""ל",פרוקטר אנד גמבל,RO,שמפו פנטן,מיליליטרים,660.00,"100 מ""ל",false,1,23.90,3.62,true,1,
8001090832573,false,שמפו פנטן לחות מוגברת660,פרוקטר אנד גמבל,RO,שמפו פנטן,מיליליטרים,660.00,"100 מ""ל",false,1,23.90,3.62,true,1,
8001090832610,false,"שמפו פנטן מגע משי 660מ""ל",פרוקטר אנד גמבל,RO,שמפו פנטן,מיליליטרים,660.00,"100 מ""ל",false,1,23.90,3.62,true,1,
8001090832696,false,פנטן שמפו לתלתלים 660 מל,פרוקטר אנד גמבל,RO,שמפו פנטן,מיליליטרים,660.00,"100 מ""ל",false,1,23.90,3.62,true,1,
8001090832818,false,"מרכך פנטן קלאסי 660 מ""ל",פרוקטר אנד גמבל,RO,מרכך פנטן,מיליליטרים,660.00,"100 מ""ל",false,1,23.90,3.62,true,1,
8001090832856,false,"פנטן מרכך משקם 660 מ""ל",פרוקטר אנד גמבל,RO,מרכך פנטן,מיליליטרים,660.00,"100 מ""ל",false,1,23.90,3.62,true,1,
8001090832894,false,מרכך פנטן לחות מוגברת660,פרוקטר אנד גמבל,RO,מרכך פנטן,מיליליטרים,660.00,"100 מ""ל",false,1,23.90,3.62,true,1,
8001090833136,false,אריאל ג'ל בייבי 2.255ל,פרוקטור אנד גמבל,FR,ג'ל כביסה בייבי,ליטרים,2.25,ליטר,false,1,37.90,16.84,true,1,
8001090833167,false,אריאל ג'ל נ.הרים 2.365לי,פרוקטור אנד גמבל,FR,אריאל ג'ל כביסה,ליטרים,2.37,ליטר,false,1,37.90,15.99,true,1,
8001090899194,false,24אולוויז פלטינום נורמל,פרוקטר אנד גמבל,DE,תחבושות אולוויז,יחידה,1.00,יחידה,false,1,25.90,25.90,true,1,
8001090899224,false,20 אולוויז פלטינום לונג,פרוקטר אנד גמבל,DE,תחבושות אולוייז,יחידה,1.00,יחידה,false,1,25.90,25.90,true,1,
8001090899255,false,16 אולוויז פלטינום לילה,פרוקטר אנד גמבל,DE,תחבשות אולוויז,יחידה,1.00,יחידה,false,1,25.90,25.90,true,1,
8001090899286,false,14אולוויז פלטינום לילה,פרוקטר אנד גמבל,UA,תחבושות אולוויז,יחידה,1.00,יחידה,false,1,25.90,25.90,true,1,
8001090992338,false,פיירי פלטינום פלוס 50 טב,פרוקטר אנד גמבל,BE,פיירי טב' למדיח,יחידה,1.00,יחידה,false,1,49.90,49.90,true,1,
8001620018408,false,"פרוטה מנגו תפוח 400 מ""ל",אקווה מינרלה סאן בנדטו ב,IT,פרוטה מנגו תפוח,מיליליטרים,400.00,"100 מ""ל",false,1,7.90,1.98,true,1,
8001620019160,false,"סאן בנדטו אפרסק 400 מ""ל",אקווה מינרלה סאן בנדטו ב,IT,סאן בנדטו אפרסק,מיליליטרים,400.00,"100 מ""ל",false,1,6.90,1.73,true,1,
8001620019177,false,"סאן בנדטו ענבים 400 מ""ל",אקווה מינרלה סאן בנדטו ב,IT,סאן סנדטו ענבים,מיליליטרים,400.00,"100 מ""ל",false,1,6.90,1.73,true,1,
8001841006710,false,לנור מבשם ריח רענן 210 ג,פרוקטר אנד גמבל,GB,לנור מבשם כביסה,גרמים,210.00,100 גרם,false,1,24.90,11.86,true,1,
8001841053806,false,9תחבוש.אולוויז עבות לילה,פרוקטר אנד גמבל,DE,תחבושות אולוויז,יחידה,1.00,יחידה,false,1,13.90,13.90,true,1,
8001841062624,false,מגבוני פמפרס סנסיטיב52*4,פרוקטר אנד גמבל,DE,מגבוני פמפרס 4יח,יחידה,1.00,יחידה,false,1,20.90,20.90,true,1,
8001841077949,false,מגבוני פמפרס פרש 52*4 יח,פרוקטר אנד גמבל,DE,מגבוני פמפרס 4יח,יחידה,1.00,יחידה,false,1,20.90,20.90,true,1,
8001841104751,false,52 פמפרס פרימיום שלב 1,פרוקטר אנד גמבל,TR,פמפרס,יחידה,1.00,יחידה,false,1,39.90,39.90,true,1,
8001841105093,false,26 פמפרס פרימיום שלב 6,פרוקטר אנד גמבל,US,פמפרס,יחידה,1.00,יחידה,false,1,39.90,39.90,true,1,
8001841198347,false,דאו.ג'ילט קול וויב 150מל,פרוקטר אנד גמבל,GB,דאודורנט ג'ילט,מיליליטרים,150.00,"100 מ""ל",false,1,21.90,14.60,true,1,
8001841332307,false,דיסקריט 8 תחבושות לונג,פרוקטר אנד גמבל,DE,דיסקריט תחבושות,יחידה,1.00,יחידה,false,1,21.90,21.90,true,1,
8001841410524,false,שמפו הד&שולדרס קוקוס600מ,פרוקטר אנד גמבל,RO,שמפו הד&שולדרס,מיליליטרים,600.00,"100 מ""ל",false,1,25.90,4.32,true,1,
8001841427164,false,מגן תחתון פרו פרש לארג40,פרוקטר אנד גמבל,DE,מגן תחתון פרו פר,יחידה,1.00,יחידה,false,1,19.90,19.90,true,1,
8001841500942,false,שמפו ללא סולפט במבוק 380,פרוקטר אנד גמבל,FR,שמפו ללא סולפטים,מיליליטרים,380.00,"100 מ""ל",false,1,18.90,4.98,true,1,
8001841625362,false,פיירי פלטינום לימון780מל,פרוקטר אנד גמבל,GB,פיירי נוזל כלים,מיליליטרים,780.00,"100 מ""ל",false,1,12.90,1.65,true,1,
8001841660530,false,"קרם פנטן מיראקלס 270 מ""ל",---,FR,קרמ פנטן מיראקלס,גרמים,270.00,100 גרם,false,1,23.90,8.85,true,1,
8001841669465,false,קפסולות אריאל ניחוח לנור,פרוקטר אנד גמבל,FR,קפסולות גל כביסה,יחידה,1.00,יחידה,false,1,39.90,39.90,true,1,
8001841669519,false,אריאל קפסולות ג'ל 55יח,פרוקטר אנד גמבל,FR,קפסולות לכביסה,יחידה,1.00,יחידה,false,1,59.90,59.90,true,1,
8002110383709,false,קרם ידיים ניוטרוג'ינה50מ,ג'ונסון,FR,קרם ידיים,מיליליטרים,50.00,"100 מ""ל",false,0,24.90,49.80,true,1,
8002270216800,false,אסנזה משקה מגרידת לימון,סן פלגרינו,IT,אסנזה טעם לימון,מיליליטרים,500.00,"100 מ""ל",false,1,5.90,1.18,true,1,
8002270236808,false,אסנזה משקה מוגז מבית סן,סן פלגרינו,IT,אסנזה טעם תפוז א,מיליליטרים,500.00,"100 מ""ל",false,1,5.90,1.18,true,1,
8003440997871,false,מסטיק פיורפרש תות 200גרם,---,TR,מסטיק מנטוס,גרמים,200.00,100 גרם,false,1,22.00,11.00,true,1,
8005200486526,false,"נסטי בטעם אפרסק 500 מ""ל",סן-פלגרינו,IT,נסטי בטעם אפרסק,מיליליטרים,500.00,"100 מ""ל",false,0,5.90,1.18,true,1,
8006540051054,false,שמפו פנטן ללא סולפטים225,דיפלומט,FR,שמפו פנטן,מיליליטרים,225.00,"100 מ""ל",false,1,21.90,9.73,true,1,
8006540110317,false,שמפו פנטן מיראקלס 400מ,---,RO,פנטן מיראקלס,גרמים,400.00,100 גרם,false,1,20.90,5.23,true,1,
8006540112793,false,לנור מרכך יסמין 900מל,פרוקטר אנד גמבל,US,לנור מרכך מרוכז,מיליליטרים,900.00,"100 מ""ל",false,1,11.90,1.32,true,1,
8006540157374,false,פנטן מיראקלס במבוק 275מ,---,FR,פנטן מיראקלס,מיליליטרים,275.00,"100 מ""ל",false,1,20.90,7.60,true,1,
8006540221068,false,מגן תחתון אולוויז לונג 4,פרוקטר & גמבל,DE,מגן תחתון אולווי,יחידה,1.00,יחידה,false,1,19.90,19.90,true,1,
8006540221341,false,מגן תחתון אולוויז לארג 4,---,DE,מגן תחתון אולווי,יחידה,1.00,יחידה,false,1,19.90,19.90,true,1,
8006540221464,false,מגן תחתון אולוויז נורמל,---,DE,מגן תחתון אולווי,יחידה,1.00,יחידה,false,1,19.90,19.90,true,1,
8006540222089,false,מגבוני GO TO לילדים 40יח,פרוקטור אנד גמבל,ES,מגבוני פמפרס,יחידה,1.00,יחידה,false,1,7.90,7.90,true,1,
8006540385029,false,"הד&שולדרס מן 2ב1 540מ""ל",URLATI GAMBLE & PROCTER,RO,הד&שולדרס מן 2ב1,מיליליטרים,540.00,"100 מ""ל",false,1,26.90,4.98,true,1,
8006540404850,false,דיסקריט 10 תחבושות לונג,---,DE,דיסקריט תחבושות,יחידה,1.00,יחידה,false,1,21.90,21.90,true,1,
8006540404935,false,דיסקריט 12 תחבושות נורמל,---,DE,דיסקריט תחבושות,יחידה,1.00,יחידה,false,1,21.90,21.90,true,1,
8006540405031,false,דיסקריט 16תחבושות סמול+,---,DE,דיסקריט תחבושות,יחידה,1.00,יחידה,false,1,21.90,21.90,true,1,
8006540407684,false,דיסקריט 8 תחבושות לילה,---,DE,תחבושות לילה,יחידה,1.00,יחידה,false,1,21.90,21.90,true,1,
8006540410967,false,הד&שולדרס שמפו 7ב1 450מ,S BLOIS GAMBLE & PROCTER,FR,הד&שולדרס שמפו,גרמים,450.00,100 גרם,false,1,25.90,5.76,true,1,
8006540592496,false,תחבושות כפול לילה 20 יחי,פרוקטר & גמבל,HU,תחבושות כפול ליל,יחידה,1.00,יחידה,false,1,19.90,19.90,true,1,
8011003839117,false,Blue Dylan א.ד.פ לאשה,לילית בישום,IT,Blue Dylan א.ד.פ,מיליליטרים,100.00,"100 מ""ל",false,0,299.00,299.00,true,1,
8011003862184,false,מארז ברייט קריסטל לאשה,,FR,מארז ברייט קריסט,יחידה,1.00,יחידה,false,1,329.00,329.00,true,1,
8011003997022,false,"ורסצ'ה ורסנס אדט 100 מ""ל",לילית בישום,IT,ורסצ'ה ורסנס אדט,מיליליטרים,100.00,"100 מ""ל",false,0,209.00,209.00,true,1,
8017331029060,false,"בלאנקס מי פה 500 מ""ל",SHALPHARM ZER,IL,בלאנקס מי פה 500,מיליליטרים,500.00,"100 מ""ל",false,0,36.90,7.38,true,1,
8017331054215,false,ביוריפייר משחת שיניים75מ,,IL,מ.שינייםBIOREPAI,מיליליטרים,75.00,"100 מ""ל",false,1,8.90,11.87,true,1,
8018080426919,false,אוזניות TWS יוקרתיות שחו,פוג'יקום,CN,אוזניות TWS,יחידה,1.00,יחידה,false,1,99.90,99.90,true,1,
8033661564880,false,ממחטות נייר מיניונ 6 יחי,,IL,ממחטות נייר 6 יח,יחידה,1.00,יחידה,false,1,9.90,9.90,true,1,
8053853182548,false,ממחטות נייר פרוזן 6 יחיד,,IL,ממחטות נייר 6 יח,יחידה,1.00,יחידה,false,1,9.90,9.90,true,1,
8053853182562,false,ממחטות נייר פרוזן 56 יח',,IL,ממחטות נייר 56יח,יחידה,1.00,יחידה,false,1,11.90,11.90,true,1,
8058045425649,false,FEMININE TRUSSARDI אדפ 6,,FR,FEMINI TRUSSARDI,מיליליטרים,90.00,"100 מ""ל",false,1,339.00,376.67,true,1,
8410104511340,false,ויט 12רצועות שעווה יבש,רקיט בנקיזר,FR,רצועות שעווה ויט,יחידה,1.00,יחידה,false,0,38.90,38.90,true,1,
8410436218054,false,צבע לשיער אולאו 3-82 יח,הנקל סוד,DE,צבע לשיער אולאו,יחידה,1.00,יחידה,false,0,43.90,43.90,true,1,
8410436218290,false,צבע  סאיוס אולאו 1-10 יח,הנקל סוד,DE,צבע לשיער סאיוס,יחידה,1.00,יחידה,false,0,43.90,43.90,true,1,
8411061723760,false,VIP 212 א.ד.ט לגבר,PUIG בישום,IL,VIP 212 א.ד.ט,מיליליטרים,100.00,"100 מ""ל",false,0,259.00,259.00,true,1,
8423207206495,false,סלים דליס שוקולד מריר6י,סלים דליס,ES,חטיפי דגנים מרבה,גרמים,120.00,100 גרם,false,0,15.90,13.25,true,1,
8423207207362,false,סלים דליס שוקולד לבן20*6,סלים דליס,ES,סלים דליס,גרמים,120.00,100 גרם,false,0,15.90,13.25,true,1,
8427030007281,false,סימילאק קומפורט HMOשלב1-,ABBOT,ES,סימילאק קומפורט,גרמים,820.00,100 גרם,false,1,105.90,12.91,true,1,
8427030007298,false,סימילאק קומפורט HMOשלב2-,אבוט לבורטוריס ס.א.,ES,סימילאק קומפורט,גרמים,820.00,100 גרם,false,1,105.90,12.91,true,1,
8435495807636,false,תינוקלין ג'ל כביסה 2 ל',סארוהאן,TR,תינוקלין ג'ל,ליטרים,2.00,ליטר,false,1,34.90,17.45,true,1,
8690526029191,false,ופלים מיני קרם אגוזים140,"GIDA ETI , טורקיה n\",TR,ופלים מיני,גרמים,140.00,100 גרם,false,1,14.20,10.14,true,1,
8690572778326,false,דאו.ספריי פה כותנה 200 מ,הנקל סוד,TR,דאודורנט פה,מיליליטרים,200.00,"100 מ""ל",false,1,9.90,4.95,true,1,
8690572788912,false,"מרכך גליס ביו טק 400 מ""\",הובי קוסמטיק,TR,מרכך גליס ביו טק,מיליליטרים,400.00,"100 מ""ל",false,1,12.90,3.23,true,1,
8690572794715,false,גליס מרכך לאיזון והזנת ה,"הובי קוסמטיק, חברת ייצור",TR,מרכך לאיזון והזנ,מיליליטרים,400.00,"100 מ""ל",false,1,12.90,3.23,true,1,
8690572799505,false,סאיוס מרכך שיער דליל500מ,"הובי קוסמטיק, אנקרה, תור",TR,מרכך שיער דליל,מיליליטרים,500.00,"100 מ""ל",false,1,13.90,2.78,true,1,
8690572799536,false,"סאיוס שמפו אולאו 500 מ""ל","הובי קוסמטיק, אנקרה, תור",TR,סאיוס שמפו אולאו,מיליליטרים,500.00,"100 מ""ל",false,1,13.90,2.78,true,1,
8690572799543,false,סאיוס שמפו לחיזוק שורשי,הובי קוסמטיק,TR,שמפו לחיזוק,מיליליטרים,500.00,"100 מ""ל",false,1,13.90,2.78,true,1,
8690572799550,false,סאיוס שמפו תלתלים 500 מל,הובי קוסמטיק,TR,סאיוסשמפו תלתלים,מיליליטרים,500.00,"100 מ""ל",false,1,13.90,2.78,true,1,
8690637505935,false,תרחיץ ידים דאב אבוקדו500,---,TR,תחליב רחצת ידיים,מיליליטרים,500.00,"100 מ""ל",false,1,16.90,3.38,true,1,
8690637704277,false,דאב שמפו  יומי 2ב1- 600מ,יוניליוור,TR,שמפו דאב,מיליליטרים,600.00,"100 מ""ל",false,0,16.90,2.82,true,1,
8690637704376,false,"דאב שמפו יום יומי 600מ""ל",יוניליוור סנאיי וי טיקאר,TR,שמפו דאב,מיליליטרים,600.00,"100 מ""ל",false,0,16.90,2.82,true,1,
8690637704390,false,"דאב מרכך יום יומי 600מ""ל",יוניליוור,TR,דאב מרכך שיער,מיליליטרים,600.00,"100 מ""ל",false,0,16.90,2.82,true,1,
8690637704437,false,דאב שמפו שמני הזנה 600 מ,יוניליוור סנאיי וי טיקאר,TR,שמפו דאב,מיליליטרים,600.00,"100 מ""ל",false,0,16.90,2.82,true,1,
8690637865596,false,דאב סבון ידיים לחות500מ,---,TR,דאב סבון ידיים,מיליליטרים,500.00,"100 מ""ל",false,1,16.90,3.38,true,1,
8690637871047,false,"שמפו דאב שמן קוקוס600מ""ל",יוניליוור סנאיי וי טיקאר,TR,שמפו דאב,מיליליטרים,600.00,"100 מ""ל",false,1,16.90,2.82,true,1,
8690637946301,false,בדין אקסטרא בייבי 960 מל,יוניליוור סנאיי וי טיקאר,TR,בדין מרכך בייבי,מיליליטרים,960.00,"100 מ""ל",false,1,16.90,1.76,true,1,
8690637976995,false,בדין ורוד סחלבים960מל,יוניליוור סנאיי וי טיקאר,TR,בדין אקסטרה ורוד,מיליליטרים,960.00,"100 מ""ל",false,1,16.90,1.76,true,1,
8691900174049,false,קוטקס תחב.אולטרה לונג18י,חוגלה קימברלי,CZ,קוטקס תחבושת,יחידה,1.00,יחידה,false,1,16.90,16.90,true,1,
8693495037853,false,קולגייט 2מברשת סלים סופט,קולגייט פלמוליב,CN,2 מברשות קולגייט,יחידה,1.00,יחידה,false,0,29.90,29.90,true,1,
8693495052177,false,סבון פלמוליב זיתים 750 מ,קולגייט פלמוליב,TR,סבון פלמוליב,מיליליטרים,750.00,"100 מ""ל",false,1,20.90,2.79,true,1,
8693495054058,false,פלמוליב לומינוס מקדמי750,קולגייט פלמוליב,TR,פלמוליב ג'ל רחצה,מיליליטרים,750.00,"100 מ""ל",false,1,20.90,2.79,true,1,
8699954702027,false,מסיכה לאפקט עור חלק יח',,TR,מסיכה לאפקט עור,יחידה,1.00,יחידה,false,1,7.90,7.90,true,1,
8699954702126,false,מסיכת פחם באפקט קירור יח,,IL,מסיכת פחם באפקט,יחידה,1.00,יחידה,false,1,7.90,7.90,true,1,
8699954702133,false,מסיכת פחם פעיל מנטול יח',,IL,מסיכת פחם פעיל מ,יחידה,1.00,יחידה,false,1,7.90,7.90,true,1,
8699954702140,false,מסיכת פחם פעיל לרענון יח,,IL,מסיכת פחם פעיל ל,יחידה,1.00,יחידה,false,1,7.90,7.90,true,1,
8699954702157,false,מסיכת פחם טיהור רעלים יח,,IL,מסיכת פחם טיהור,יחידה,1.00,יחידה,false,1,7.90,7.90,true,1,
8710103803874,false,מוצץ2יח אולטרה סופט 6-18,פיליפס אוונט,GB,מוצץ אולטרה סופט,יחידה,1.00,יחידה,false,1,54.90,54.90,true,1,
8710103873877,false,פטמת נטורל מעבר איטי,פיליפס אוונט,GB,פטמת נטורל מעבר,יחידה,1.00,יחידה,false,1,43.90,43.90,true,1,
8710103875888,false,אוונט בקבוק נטורל 260 מל,פיליפס אוונט,GB,אוונט בקבוק,יחידה,1.00,יחידה,false,1,54.90,54.90,true,1,
8710103901754,false,מוצץ אולטרא אייר 0-6 בנו,פיליפס אוונט,GB,מוצץ אולטרא אייר,יחידה,1.00,יחידה,false,1,54.90,54.90,true,1,
8710103901792,false,מוצץ אולטרא אייר 6-18 בנ,פיליפס אוונט,GB,מוצץ אולטרא אייר,יחידה,1.00,יחידה,false,1,54.90,54.90,true,1,
8710447224342,false,"טרזמה שמפו קרטין 400 מ""ל","יוניליוור פולין, רחוב קר",PL,טרזמה שמפו קרטין,מיליליטרים,400.00,"100 מ""ל",false,1,18.90,4.73,true,1,
8710447275306,false,דאב ק.ידיים שמן אבוקדו75,"יוניליוור פולין, רחוב קר",PL,קרם ידיים דאב,מיליליטרים,75.00,"100 מ""ל",false,1,13.90,18.53,true,1,
8710847942679,false,"טרזמה שמפו המפ 400 מ""ל",---,PL,טרזמה שמפו,מיליליטרים,400.00,"100 מ""ל",false,1,18.90,4.73,true,1,
8710847942693,false,"טרזמה מרכך המפ 400 מ""ל",---,PL,טרזמה מרכך,מיליליטרים,400.00,"100 מ""ל",false,1,18.90,4.73,true,1,
8710847973970,false,תחליב רחצה דאב אלוורה750,יוניליוור,DE,תחליב רחצה דאב,מיליליטרים,750.00,"100 מ""ל",false,1,19.90,2.66,true,1,
8710908326691,false,דאב תחליב רח.אדמונית750,יוניליוור,DE,תחליב רחצה דאב,מיליליטרים,750.00,"100 מ""ל",false,1,19.90,2.66,true,1,
8710908404184,false,דאו.דאב 0% אלומיניום150מ,יוניליוור,IT,דאודורנט דאב,מיליליטרים,150.00,"100 מ""ל",false,1,12.90,8.60,true,1,
8712400802499,false,נוטרילון שלב1- 800 גרם,נוטרישיה קאלק,NL,נוטרילון שלה1-,גרמים,800.00,100 גרם,false,0,68.90,8.61,true,1,
8712400802512,false,נוטרילון שלב2- 800 גרם,נוטרישיה קאלק,NL,נוטרילון שלב2-,גרמים,800.00,100 גרם,false,0,68.90,8.61,true,1,
8712400802536,false,נוטרילון שלב3- 800 גרם,נוטרישיה קאלק,NL,נוטרילון שלב3-,גרמים,800.00,100 גרם,false,0,68.90,8.61,true,1,
8712561594608,false,תח.רחצה להזנה עמוקה 750מ,"יוניליוור גרמניה, Gmbh &",DE,תחליב רחצה דאב,מיליליטרים,750.00,"100 מ""ל",false,1,19.90,2.66,true,1,
8712561611411,false,תח.רחצה דאב תה ירוק 750מ,"יוניליוור גרמניה, Gmbh &",DE,תחליב רחצה דאב,מיליליטרים,750.00,"100 מ""ל",false,1,19.90,2.66,true,1,
8712561626286,false,תחליב רחצה דאב זוהר 750מ,יוניליוור,DE,תחליב רחצה דאב,מיליליטרים,750.00,"100 מ""ל",false,1,19.90,2.66,true,1,
8712561631570,false,תח.רחצה דאב חלב קוקוס750,יוניליוור,DE,תחליב רחצה דאב,מיליליטרים,750.00,"100 מ""ל",false,1,19.90,2.66,true,1,
8714599512159,false,קפה נמס ג'קובס מונארך190,---,RU,קפה נמס ג'קובס,גרמים,190.00,100 גרם,false,1,26.90,14.16,true,1,
8714789183800,false,מברשת קולגייט 360 מדיום,קולגייט-פלמוליב,IL,מברשת שיניים,יחידה,1.00,יחידה,false,0,7.90,7.90,true,1,
8714789260532,false,מברשת שיניים חשמלית ברבי,קולגייט-פלמוליב,CH,מברשת חשמלית,יחידה,1.00,יחידה,false,0,39.90,39.90,true,1,
8714789930848,false,משחת אופטיק וייט אינסט75,קולגייט פלמוליב,PL,משחת קולגייט,מיליליטרים,75.00,"100 מ""ל",false,0,20.90,27.87,true,1,
8714789966403,false,ליידי ספיד פרו 5 ג'ל 65ג,קולגייט פלמוליב,US,ליידי ספיד סטיק,גרמים,65.00,100 גרם,false,1,17.90,27.54,true,1,
8717163628812,false,"טרזמה מסכה להחלקה300 מ""ל","יוניליוור פולין, רחוב קר",PL,טרזמה מסכה משקמת,מיליליטרים,300.00,"100 מ""ל",false,1,34.90,11.63,true,1,
8717163647233,false,דאו ספריי בלאק נייט 150מ,יוניליוור אנגליה,RU,אקס ספריי,מיליליטרים,150.00,"100 מ""ל",false,1,11.90,7.93,true,1,
8717163647240,false,דאו ספריי גוף שוקולד150מ,יוניליוור אנגליה,TR,אקס ספריי,מיליליטרים,150.00,"100 מ""ל",false,1,11.90,7.93,true,1,
8717163647264,false,דאו ספריי גוף אייס 150 מ,יוניליוור אנגליה,TR,אקס ספריי,מיליליטרים,150.00,"100 מ""ל",false,1,11.90,7.93,true,1,
8717163655764,false,דאו.רקסונה שאוור פרש 150,"קוסטר אירוסול, גבזה 4140",TR,דאודורנט רקסונה,מיליליטרים,150.00,"100 מ""ל",false,1,17.90,11.93,true,1,
8717163658314,false,דאב מיסלריים עור רגיש500,יוניליוור גרמניה Gmbh &,DE,תחליב רחצה דאב,מיליליטרים,500.00,"100 מ""ל",false,1,17.90,3.58,true,1,
8717163714850,false,דאו.דאב ספריי קוקוס 150מ,"קוסטר אירוסול, גבזה 4140",TR,דאודורנט דאב,מיליליטרים,150.00,"100 מ""ל",false,1,12.90,8.60,true,1,
8717163842669,false,דאב תח.רחצה חימר ירוק500,---,DE,תחליב רחצה דאב,מיליליטרים,500.00,"100 מ""ל",false,1,17.90,3.58,true,1,
8717163947692,false,ג'ל רחצה בניחוח פינק400מ,יוניליוור,DE,אקס ג'ל רחצה,מיליליטרים,400.00,"100 מ""ל",false,1,15.90,3.98,true,1,
8718117607662,false,נוטרילוןAR 900גרם,נוטרישיה קאלק,NL,נוטרילון AR,גרמים,900.00,100 גרם,false,1,99.90,11.10,true,1,
8718951030206,false,משחת קולגייט סנסטיב 75 מ,קולגייט פלמוליב,PL,משחת קולגייט,מיליליטרים,75.00,"100 מ""ל",false,1,18.90,25.20,true,1,
8718951044913,false,"משחת מרידול להלבנה 75מ""ל",קולגייט פלמוליב,GB,משחת מרידול,מיליליטרים,75.00,"100 מ""ל",false,1,20.90,27.87,true,1,
8718951093331,false,2 מברשות מרידול סופט,קולגייט פלמוליב,CH,זוג מברשות מרידו,יחידה,1.00,יחידה,false,1,38.90,38.90,true,1,
8718951144064,false,2 מברשות מרידול אקספורט,"ש. שסטוביץ בע""\מ",CH,זוג מברשות מרידו,יחידה,1.00,יחידה,false,1,38.90,38.90,true,1,
8718951159402,false,מש.שיניים אופטיק וייט75מ,קולגייט,PL,מ.שיניים קולגייט,מיליליטרים,75.00,"100 מ""ל",false,1,29.90,39.87,true,1,
8718951187115,false,2מב.שיניים אלמקס לילד3-6,אלמקס,CN,מברשות אלמקס 2יח,יחידה,1.00,יחידה,false,1,25.90,25.90,true,1,
8718951236790,false,קולגייט טוטל קלין 100 מל,קולגייט פלמוליב,PL,קולגייט טוטל,מיליליטרים,100.00,"100 מ""ל",false,1,15.90,15.90,true,1,
8718951236806,false,קולגייט טוטל להלבנה 100מ,---,PL,קולגייט טוטל,מיליליטרים,100.00,"100 מ""ל",false,1,15.90,15.90,true,1,
8718951236813,false,קולגייט טוטל אדוונס100מ,קולגייט פלמוליב,PL,משחת קולגייט,מיליליטרים,100.00,"100 מ""ל",false,1,15.90,15.90,true,1,
8718951240742,false,קולגייט טוטל פסים 100 מל,קולגייט פלמוליב,PL,קולגייט טוטל,מיליליטרים,100.00,"100 מ""ל",false,1,15.90,15.90,true,1,
8718951264618,false,"אופטיק וייט פחם 75 מ""ל",קולגייט פלמוליב,PL,משחת קולגייט,מיליליטרים,75.00,"100 מ""ל",false,1,18.90,25.20,true,1,
8718951278851,false,מ.שיניים אדוונס וויט פחם,קולגייט,PL,מ.שיניים קולגייט,מיליליטרים,100.00,"100 מ""ל",false,1,15.90,15.90,true,1,
8718951281738,false,משחת אלמקס סניסיטיב 75מל,---,PL,משחת אלמקס,מיליליטרים,75.00,"100 מ""ל",false,1,18.90,25.20,true,1,
8718951314023,false,תחליב ר.פלמוליב אפרסק750,קולגייט פלמוליב,TR,תחליב רחצה אפרסק,מיליליטרים,750.00,"100 מ""ל",false,1,20.90,2.79,true,1,
8718951315303,false,משחת קולגייט אדום 100*2מ,---,PL,משחת קולגייט 2יח,מיליליטרים,200.00,"100 מ""ל",false,1,18.90,9.45,true,1,
8718951350137,false,תחליב רחצה מקדמיה 750מ,קולגייט פלמוליב,TR,תחליב רחצה קקאו,מיליליטרים,750.00,"100 מ""ל",false,1,20.90,2.79,true,1,
8718951366015,false,קולגייט להלבנה מיידית75מ,---,PL,קולגייט להלבנה,מיליליטרים,75.00,"100 מ""ל",false,1,53.90,71.87,true,1,
8718951377998,false,זוג מברשות סופט פואם,---,CN,זוג מברשות סופט,יחידה,1.00,יחידה,false,1,39.90,39.90,true,1,
8718951382718,false,"סבון פלמוליב חימר 750 מ""",קולגייט פלמוליב,TR,סבון פמוליב,מיליליטרים,750.00,"100 מ""ל",false,1,20.90,2.79,true,1,
8718951382787,false,מש.אופטיק ווייט חימר75מל,---,PL,משחת אופטיק חימר,מיליליטרים,75.00,"100 מ""ל",false,1,29.90,39.87,true,1,
8718951392618,false,"אופטיק וייט פחם 50 מ""ל",קולגייט פלמוליב,PL,משחת קולגייט,מיליליטרים,50.00,"100 מ""ל",false,1,15.90,31.80,true,1,
8718951400474,false,תחליב רחצה קמליה+שקד750מ,קולגייט פלמוליב,TR,תחליב רחצה שקדים,מיליליטרים,750.00,"100 מ""ל",false,1,20.90,2.79,true,1,
8718951431614,false,פלמוליב רחצה מינרלים750,---,TR,פלמוליב סב.רחצה,מיליליטרים,750.00,"100 מ""ל",false,1,20.90,2.79,true,1,
8718951433120,false,קולגייט טוטל לילד7-12 50,---,PL,משחת קולגייט ילד,מיליליטרים,50.00,"100 מ""ל",false,1,17.90,35.80,true,1,
8720181046605,false,דאו.דאב ספריי אורגינל150,"קוסטר אירוסול, גבזה 4140",TR,דאודורנט דאב,מיליליטרים,150.00,"100 מ""ל",false,1,12.90,8.60,true,1,
8720181090202,false,תחליב רחצה עם שמן זית,"יוניליוור גרמניה, Gmbh &",DE,תחליב רחצה דאב,מיליליטרים,750.00,"100 מ""ל",false,1,19.90,2.66,true,1,
8720181090219,false,תחל.רחצה דאב רימונים750מ,"יוניליוור גרמניה, Gmbh &",DE,תחליב רחצה דאב,מיליליטרים,750.00,"100 מ""ל",false,1,19.90,2.66,true,1,
8720181114465,false,דאו ספריי לגבר,,IL,דאו ספריי לגבר,מיליליטרים,150.00,"100 מ""ל",false,1,11.90,7.93,true,1,
8720181114472,false,דאו ספריי לגבר בית הצעצו,,IL,דאו ספריי לגבר,מיליליטרים,150.00,"100 מ""ל",false,1,11.90,7.93,true,1,
8720181201332,false,דאב סבון מוצק גרגרים90*4,יוניליוור ישראל טיפוח אי,DE,דאב סבון מוצק גר,גרמים,360.00,100 גרם,false,1,17.00,4.72,true,1,
8720182256850,false,דאב סבון מוצק קלאסי 90*4,יוניליוור ישראל טיפוח אי,DE,דאב סבון מוצק קל,גרמים,360.00,100 גרם,false,1,17.00,4.72,true,1,
8850006331699,false,מברשות קולגייט סלים סופט,קולגייט פלמוליב,CN,3 מברשות קולגייט,יחידה,1.00,יחידה,false,1,31.90,31.90,true,1,
8850389103111,false,משקה סאפה ענבים,,TH,משקה סאפה ענבים,מיליליטרים,300.00,"100 מ""ל",false,0,7.90,2.63,true,1,
8850389103128,false,משקה סאפה תפוח,,TH,משקה סאפה תפוח,מיליליטרים,300.00,"100 מ""ל",false,0,7.90,2.63,true,1,
8850389103159,false,"מוגו ליצ'י קוקוס 320 מ""ל",סאפה פובליק קומפני לימיט,TH,מוגו ליצ'י קוקוס,מיליליטרים,320.00,"100 מ""ל",false,1,6.90,2.16,true,1,
8850389111352,false,"מוגו מלון קוקוס 320 מ""ל",סאפה פובליק קומפני לימיט,TH,מוגו מלון קוקוס,מיליליטרים,320.00,"100 מ""ל",false,1,6.90,2.16,true,1,
8901138500306,false,משחת שיניים הימלאיה 100מ,הימלאיה,IN,מש.שיניים הימלאי,מיליליטרים,100.00,"100 מ""ל",false,0,24.90,24.90,true,1,
8901138825591,false,משחת  הימלאיה מלבינה75מ,הימלאיה,PL,משחת שיניים,מיליליטרים,75.00,"100 מ""ל",false,1,24.90,33.20,true,1,
8901138825614,false,משחת שיניים מינט פרש75מל,הימלאיה,IN,משחת שיניים מינט,מיליליטרים,75.00,"100 מ""ל",false,1,24.90,33.20,true,1,
8901314116079,false,מברשת ילדים ברבי,קולגייט-פלמוליב,CN,מברשת לילדים,יחידה,1.00,יחידה,false,1,13.90,13.90,true,1,
8901314116086,false,מברשת ילדים באטמן .,קולגייט-פלמוליב,CN,מברשת לילדים,יחידה,1.00,יחידה,false,1,13.90,13.90,true,1,
8901314218360,false,מברשת קולגייט 360 פלוס ס,קולגייט-פלמוליב,IN,מברשת קולגייט360,יחידה,1.00,יחידה,false,1,7.90,7.90,true,1,
8901314218377,false,מברשת קולגייט 360 צרקואל,קולגייט-פלמוליב,IN,מברשת קולגייט360,יחידה,1.00,יחידה,false,1,7.90,7.90,true,1,
8901314517463,false,מברשת קולגייט 360 4יח',פרוקטר אנד גמבל,IN,מברשת קולגייט360,יחידה,1.00,יחידה,false,1,29.90,29.90,true,1,
8901314517487,false,מברשת קולגייט 360 4*,---,IN,מברשת קולגייט360,יחידה,1.00,יחידה,false,1,29.90,29.90,true,1,
8901314517999,false,מברשת קולגייט צ'רקואלי4י,---,CN,מברשת קולגייט360,יחידה,1.00,יחידה,false,1,29.90,29.90,true,1,
9000100590938,false,מוס סאיוס ווליום ליפט250,הנקל סוד,DE,מוס לעיצוב סאיוס,מיליליטרים,250.00,"100 מ""ל",false,0,33.90,13.56,true,1,
9000100806657,false,פה רול און אינויזיבל 50מ,הנקל סוד,DE,דאודורנט פה,מיליליטרים,50.00,"100 מ""ל",false,0,9.90,19.80,true,1,
9000101418163,false,ברף בניחוח תפוח50*3 גרם,הנקל,RS,ברף לאסלה 3 יח,גרמים,150.00,100 גרם,false,1,20.90,13.93,true,1,
9001616202117,false,2 מוצצי סיליקון,,HU,2 מוצצי סיליקון,יחידה,1.00,יחידה,false,0,34.90,34.90,true,1,
9001616202148,false,זוג מוצצי לטקס,MAM,HU,זוג מוצצים,יחידה,1.00,יחידה,false,0,34.90,34.90,true,1,
9001616202155,false,מאמ2- מוצצים 16)MAXIULTI,MAM,HU,זוג מוצצים מאמ,יחידה,1.00,יחידה,false,0,34.90,34.90,true,1,
9001616202360,false,זוג מוצצי אולטי,MAM,HU,זוג מוצצים,יחידה,1.00,יחידה,false,0,34.90,34.90,true,1,
9001616205774,false,מוצץ מאמ,,HU,מוצץ מאמ,יחידה,1.00,יחידה,false,0,34.90,34.90,true,1,
9001616671579,false,מוצץ מאמ AIR 0-6 זוג,MAM,HU,מוצץ מאמ AIR 0-6,יחידה,1.00,יחידה,false,1,34.90,34.90,true,1,
9001616702617,false,זוג מוצצים 0-2 יונ)ירוק(,MAM,HU,זוג מוצצים 0-2 י,יחידה,1.00,יחידה,false,1,34.90,34.90,true,1,
9001616702655,false,זוג מוצצים 0-6 זוהר בת י,MAM,HU,זוג מוצצים 0-6 ז,יחידה,1.00,יחידה,false,1,34.90,34.90,true,1,
9001616702686,false,זוג מוצצים 0-6 איי בת יח,MAM,HU,זוג מוצצים 0-6 א,יחידה,1.00,יחידה,false,1,34.90,34.90,true,1,
9001616702808,false,זוג מוצצים +6 קלירלי בת,MAM,HU,זוג מוצצים +6 קל,יחידה,1.00,יחידה,false,1,34.90,34.90,true,1,
9001616702846,false,זוג מוצצים איר 0-6 בת 2*,MAM,HU,זוג מוצצים איר 0,יחידה,1.00,יחידה,false,1,34.90,34.90,true,1,
9001616702877,false,זוג מוצצים +16 בת)ורוד(,MAM,HU,זוג מוצצים +16 ב,יחידה,1.00,יחידה,false,1,34.90,34.90,true,1,
9001616813856,false,מאמ מוצצים יום ולילה 3יח,MAM,AT,מוצצים יום ולילה,יחידה,1.00,יחידה,false,1,49.90,49.90,true,1,
9005800343143,false,אפטר שייב ניוואה פרש100מ,---,DE,אפטר שייב ניוואה,מיליליטרים,100.00,"100 מ""ל",false,1,49.90,49.90,true,1,
9310088007015,false,8 תחבושות דיפנד לילה,קימברלי-קלארק,CN,תחבושות  דיפנד,יחידה,1.00,יחידה,false,0,19.90,19.90,true,1,
