code,internal_code,name,manufacturer_name,manufacture_country,manufacturer_item_description,unit_qty,quantity,unit_of_measure,weighted,qty_in_package,price,unit_of_measure_price,allow_discount,status,item_id
0,false,קפוצינו גדול-יילו ק,יפאורה שותפות מובגלת,,PosSrv Item18965,,0.00,,false,1,11.00,0.00,true,1,18965
0,false,קפוצינו גדול-יילו ק,יפאורה שותפות מובגלת,,פיצה בונזור תירס,,0.00,,false,1,11.00,0.00,true,1,18964
10002078,false,מימון פלפל שחור טחון,Unknown,,מימון פלפל שחור טחון,,100.00,100 גרם,false,1,17.50,17.50,true,1,14894
10002146,false,מימון פפריקה מרוקאית,Unknown,,מימון פפריקה מרוקאית,,100.00,100 גרם,false,1,14.50,14.50,true,1,14911
10002207,false,מימון קינמון טחון,Unknown,,מימון קינמון טחון,,100.00,100 גרם,false,1,14.50,14.50,true,1,14914
10002351,false,מימון זעתר ושומשום,Unknown,,מימון זעתר ושומשום,,100.00,100 גרם,false,1,14.50,14.50,true,1,14896
10113651,false,בסט טישו בקופסא 150,Unknown,,בסט טישו בקופסא 150,,100.00,יחידה,false,1,7.00,0.07,true,1,20210
10116348,false,מיקס חטיפי עלית 390ג,Unknown,,מיקס חטיפי עלית 390ג,,390.00,100 גרם,false,1,30.00,7.69,true,1,27390
10117864,false,דוריטוס חריף אש 70גר,Unknown,,דוריטוס חריף אש 70גר,,70.00,100 גרם,false,1,6.90,9.86,true,1,6857
10117970,false,סבבה בוטנים 50 גר,Unknown,,סבבה בוטנים 50 גר,,50.00,100 גרם,false,1,3.00,6.00,true,1,2977
10125524,false,עוגת דבש ארוך אנטיקב,Unknown,,עוגת דבש ארוך אנטיקב,,0.00,,false,1,15.90,0.00,false,1,29588
10133574,false,SMART אוכמניות אייס,Unknown,,SMART אוכמניות אייס,,0.00,,false,1,89.90,0.00,false,1,29468
10133581,false,SMART3000 תות אייס,Unknown,,SMART3000 תות אייס,,0.00,,false,1,89.90,0.00,false,1,29466
10133598,false,SMART 3000 Mango,Unknown,,SMART 3000 Mango,,0.00,,false,1,89.90,0.00,false,1,29469
10133604,false,SMART3000 ענבים אייס,Unknown,,SMART3000 ענבים אייס,,0.00,,false,1,89.90,0.00,false,1,29465
10133611,false,SMART3000 פירות אייס,Unknown,,SMART3000 פירות אייס,,0.00,,false,1,89.90,0.00,false,1,29464
10133628,false,SMART 3000 מלון אייס,Unknown,,SMART 3000 מלון אייס,,0.00,,false,1,89.90,0.00,false,1,29470
10154005,false,סחוג תימני ירוק,Unknown,,סחוג תימני ירוק,,250.00,100 גרם,false,1,17.00,6.80,true,1,26307
10154012,false,לימון כבוש 250 ביטון,Unknown,,לימון כבוש 250 ביטון,,250.00,100 גרם,false,1,17.00,6.80,true,1,26301
10154029,false,250 אריסה מתוקה,Unknown,,250 אריסה מתוקה,,250.00,100 גרם,false,1,17.00,6.80,true,1,26308
10154036,false,עמבה ביטון 250 ג,Unknown,,עמבה ביטון 250 ג,,250.00,100 גרם,false,1,17.00,6.80,true,1,26309
10154265,false,פלפל צומה 250 גרם,Unknown,,פלפל צומה 250 גרם,,250.00,100 גרם,false,1,17.00,6.80,true,1,26311
10154685,false,סלט שום כתוש 250,Unknown,,סלט שום כתוש 250,,250.00,100 גרם,false,1,17.00,6.80,true,1,26302
10192120,false,צנונית ארוזה ליח,Unknown,,צנונית ארוזה ליח,,400.00,100 גרם,false,1,6.90,1.72,true,1,22224
10237531,false,פפסי 500מל,Unknown,,פפסי 500מל,,500.00,"100 מ""ל",false,1,7.90,1.52,true,1,19232
10237548,false,פפסי מקס בקבוק 500 מ,Unknown,,פפסי מקס בקבוק 500 מ,,500.00,"100 מ""ל",false,1,7.90,1.52,true,1,3762
10237562,false,מירנדה 500מל,Unknown,,מירנדה 500מל,,500.00,"100 מ""ל",false,1,7.90,1.52,true,1,19231
10237579,false,סבן אפ 500מל,Unknown,,סבן אפ 500מל,,500.00,"100 מ""ל",false,1,7.90,1.52,true,1,19230
10237685,false,הייניקן בקבוק 330,Unknown,,הייניקן בקבוק 330,,330.00,"100 מ""ל",false,1,16.90,5.03,true,1,2381
10237784,false,שנדי לימון ליים *6,Unknown,,שנדי לימון ליים *6,,1.98,1 ליטר,false,1,49.90,24.29,true,1,25919
10259823,false,מנת השף- בטעם עוף,Unknown,,מנת השף- בטעם עוף,,70.00,100 גרם,false,1,6.90,9.86,true,1,24919
10259830,false,מנת השף-סיני פיקנטי,Unknown,,מנת השף-סיני פיקנטי,,70.00,100 גרם,false,1,6.90,9.86,true,1,24920
10259854,false,מנת השף נודלס,Unknown,,מנת השף נודלס,,70.00,100 גרם,false,1,6.90,9.86,true,1,26182
10259977,false,ויליפוד שמן קנולה 1ל,Unknown,,ויליפוד שמן קנולה 1ל,,1.00,1 ליטר,false,1,12.50,12.50,true,1,9697
10328093,false,אחוה ממרח חלוה,Unknown,,אחוה ממרח חלוה,,400.00,100 גרם,false,1,13.90,3.48,true,1,26183
10328246,false,טחינה שומשום מלא,Unknown,,טחינה שומשום מלא,,500.00,100 גרם,false,1,13.90,2.78,true,1,26184
10328468,false,אחוה חטיפי מיני חלוה,Unknown,,אחוה חטיפי מיני חלוה,,216.00,100 גרם,false,1,13.90,6.44,true,1,26186
10328505,false,אחוה חטיפי מיני חלוה,Unknown,,אחוה חטיפי מיני חלוה,,150.00,100 גרם,false,1,11.00,7.33,true,1,26257
10376506,false,שזיף אבטיח יח,Unknown,,שזיף אבטיח יח,,700.00,100 גרם,false,1,19.90,2.84,false,1,29276
10376520,false,שזיף לב אדום יח,Unknown,,שזיף לב אדום יח,,700.00,100 גרם,false,1,19.90,2.84,false,1,29277
10376537,false,שזיף צהוב יח,Unknown,,שזיף צהוב יח,,700.00,100 גרם,false,1,24.90,3.56,true,1,29287
10464005,false,לורד סלט קוסקוס+ירקו,Unknown,,לורד סלט קוסקוס+ירקו,,350.00,100 גרם,false,1,18.00,5.14,true,1,2654
10464098,false,לורד טוסט צהובה,Unknown,,לורד טוסט צהובה,,220.00,100 גרם,false,1,18.00,8.18,true,1,1045
10464197,false,כריך טונה כשלפ,Unknown,,כריך טונה כשלפ,,0.00,,false,1,18.00,0.00,true,1,6837
10464258,false,כריך פסטרמה-כשלפ,Unknown,,כריך פסטרמה-כשלפ,,0.00,,false,1,18.00,0.00,true,1,1466
10464265,false,כריך ג.צהובה כשלפ,Unknown,,כריך ג.צהובה כשלפ,,0.00,,false,1,18.00,0.00,true,1,6947
10464388,false,לורד מוזלי-בריאות 3%,Unknown,,לורד מוזלי-בריאות 3%,,300.00,100 גרם,false,1,16.00,5.33,true,1,1472
10464968,false,כריך מיני צהובה בדצ,Unknown,,כריך מיני צהובה בדצ,,1.00,יחידה,false,1,11.00,11.00,true,1,11760
10464982,false,לורד סלט פסטה ושרי,Unknown,,לורד סלט פסטה ושרי,,250.00,100 גרם,false,1,18.00,7.20,true,1,11772
10471669,false,דנונה בר תות קורנפלק,Unknown,,דנונה בר תות קורנפלק,,170.00,100 גרם,false,1,6.20,3.65,true,1,1525
10472307,false,גמדים לשתיה תות בננה,Unknown,,גמדים לשתיה תות בננה,,800.00,"100 מ""ל",false,1,24.00,3.00,true,1,9533
10569120,false,גלידה פסק זמןנוגט+קר,Unknown,,גלידה פסק זמןנוגט+קר,,73.00,100 גרם,false,1,11.50,15.75,true,1,1478
10582037,false,פלפל גמדי טינקרבל,Unknown,,פלפל גמדי טינקרבל,,500.00,100 גרם,false,1,12.90,2.58,true,1,27189
10582228,false,אפרסמון באריזה ליח,Unknown,,אפרסמון באריזה ליח,,550.00,100 גרם,false,1,18.90,3.44,true,1,27611
10627004,false,טחינה ירושלים 500ג,Unknown,,טחינה ירושלים 500ג,,500.00,100 גרם,false,1,16.90,3.38,false,1,28242
10650118,false,עגבניות לחות,Unknown,,עגבניות לחות,,110.00,100 גרם,false,1,9.90,9.00,true,1,22229
10650354,false,שורש כורכום ליח,Unknown,,שורש כורכום ליח,,130.00,100 גרם,false,1,14.90,11.46,true,1,22296
10650538,false,תירס מתוק ליח,Unknown,,תירס מתוק ליח,,500.00,100 גרם,false,1,21.90,4.38,true,1,24061
10650880,false,מיקס גינגר וכורכום,Unknown,,מיקס גינגר וכורכום,,150.00,100 גרם,false,1,12.90,8.60,true,1,24145
10672943,false,1/3 בגט כשלפ,Unknown,,1/3 בגט כשלפ,,140.00,100 גרם,false,1,6.90,4.93,false,1,28405
10690022,false,שמיר ארוז ליח,Unknown,,שמיר ארוז ליח,,100.00,100 גרם,false,1,4.90,4.90,false,1,26458
10690053,false,ראש סלרי ארוז ליח,Unknown,,ראש סלרי ארוז ליח,,150.00,100 גרם,false,1,7.90,5.27,true,1,22297
10690428,false,לבבות קיסר / חסה יח,Unknown,,לבבות קיסר / חסה יח,,280.00,100 גרם,false,1,9.90,3.54,true,1,22231
10777020,false,פרנה עבודת יד 5 יח,Unknown,,פרנה עבודת יד 5 יח,,5.00,יחידה,false,1,14.30,2.86,true,1,26667
10777099,false,פיתה ע.יד קמח מחמצת,Unknown,,פיתה ע.יד קמח מחמצת,,8.00,יחידה,false,1,12.00,1.50,true,1,26668
10777150,false,פיתה קמח מלא בריבוע,Unknown,,פיתה קמח מלא בריבוע,,8.00,יחידה,false,1,13.00,1.62,true,1,26669
10777228,false,פיתה ביס קמח מלא,Unknown,,פיתה ביס קמח מלא,,12.00,יחידה,false,1,13.00,1.08,true,1,26670
10777297,false,פיתה ביס עבודת יד,Unknown,,פיתה ביס עבודת יד,,12.00,יחידה,false,1,13.00,1.08,true,1,26672
10777327,false,פיתה קלה 79 קלוריות,Unknown,,פיתה קלה 79 קלוריות,,12.00,יחידה,false,1,15.00,1.25,true,1,26673
10777358,false,פיתה 100% כ.מלא,Unknown,,פיתה 100% כ.מלא,,8.00,יחידה,false,1,16.00,2.00,true,1,26674
10827220,false,מגבוני ניקוי וחיטוי,Unknown,,מגבוני ניקוי וחיטוי,,1.00,יחידה,false,1,25.00,25.00,false,1,24423
10827480,false,מגבונים לחים FRESH,Unknown,,מגבונים לחים FRESH,,72.00,יחידה,false,1,4.90,0.07,true,1,17804
10849505,false,למברוסקו רוסו די לוא,Unknown,,למברוסקו רוסו די לוא,,750.00,"100 מ""ל",false,1,38.00,5.03,true,1,10911
10849512,false,למברוסקו רוזאטו די,Unknown,,למברוסקו רוזאטו די,,750.00,100 גרם,false,1,38.00,5.03,true,1,11270
10849529,false,למברוסקו ביאנקו די ל,Unknown,,למברוסקו ביאנקו די ל,,750.00,"100 מ""ל",false,1,38.00,5.03,false,1,12670
10945146,false,קוטג טרה 140 גר,Unknown,,קוטג טרה 140 גר,,140.00,100 גרם,false,1,5.90,4.21,true,1,9709
10945306,false,חלב טרה קרטון 3% 2ל,Unknown,,חלב טרה קרטון 3% 2ל,,2.00,1 ליטר,false,1,12.46,6.23,true,1,27500
10945450,false,טרה ג.לבנה 3% מהדרין,Unknown,,טרה ג.לבנה 3% מהדרין,,250.00,100 גרם,false,1,4.75,1.90,false,1,9790
10945481,false,גבינה לבנה טרה 5%,Unknown,,גבינה לבנה טרה 5%,,520.00,100 גרם,false,1,9.96,1.92,true,1,23386
11017866,false,קוקה קולה סליק פחית,Unknown,,קוקה קולה סליק פחית,,330.00,"100 מ""ל",false,1,8.90,2.61,true,1,13868
11017873,false,קולה זירו סליק פחית,Unknown,,קולה זירו סליק פחית,,330.00,"100 מ""ל",false,1,8.90,2.61,true,1,13870
11017880,false,קולה דיאט סליק פחית,Unknown,,קולה דיאט סליק פחית,,330.00,"100 מ""ל",false,1,8.90,2.61,true,1,13869
11018184,false,פיוז טי אפרסק 0.5 ל,Unknown,,פיוז טי אפרסק 0.5 ל,,500.00,"100 מ""ל",false,1,9.90,1.92,true,1,13815
11018214,false,פיוז טי מנגו אננס0.5,Unknown,,פיוז טי מנגו אננס0.5,,500.00,"100 מ""ל",false,1,9.90,1.92,true,1,13818
11018368,false,ויינשטפן בירת חיטה*6,Unknown,,ויינשטפן בירת חיטה*6,,1.98,1 ליטר,false,1,86.70,42.88,true,1,16132
11018443,false,פאנטה אורנג סליק,Unknown,,פאנטה אורנג סליק,,330.00,"100 מ""ל",false,1,8.90,2.61,true,1,25908
11018474,false,סומרסבי סיידר 4.5%,Unknown,,סומרסבי סיידר 4.5%,,330.00,"100 מ""ל",false,1,14.90,4.42,true,1,16527
11018832,false,מארז 6 קוקה קולה,Unknown,,מארז 6 קוקה קולה,,1.98,1 ליטר,false,1,27.90,13.18,true,1,15971
11018917,false,מארז 6 קולה ZERO,Unknown,,מארז 6 קולה ZERO,,1.98,1 ליטר,false,1,26.60,12.53,true,1,15972
11018924,false,מארז6 דיאט קוקה קולה,Unknown,,מארז6 דיאט קוקה קולה,,1.98,1 ליטר,false,1,26.60,12.53,true,1,15973
11051358,false,שוופס סודה לימון 250,Unknown,,שוופס סודה לימון 250,,250.00,"100 מ""ל",false,1,6.90,2.64,true,1,5079
11051389,false,שוופס פירות יער 1.5,Unknown,,שוופס פירות יער 1.5,,1.50,1 ליטר,false,1,11.90,7.93,true,1,6020
11051396,false,שוופס אפרסק 1.5 מוגז,Unknown,,שוופס אפרסק 1.5 מוגז,,1.50,1 ליטר,false,1,11.90,7.93,true,1,6019
11051433,false,שוופס אפרסק 0.5 מוגז,Unknown,,שוופס אפרסק 0.5 מוגז,,500.00,"100 מ""ל",false,1,10.90,2.12,true,1,5526
11051440,false,שוופס פירות יער 0.5,Unknown,,שוופס פירות יער 0.5,,500.00,"100 מ""ל",false,1,10.90,2.12,true,1,5527
11081492,false,קרמיסימו שלושה שוקול,Unknown,,קרמיסימו שלושה שוקול,,1.33,1 ליטר,false,1,25.00,18.80,true,1,6167
11081690,false,קרמיסימו וניל ציפ,Unknown,,קרמיסימו וניל ציפ,,1.33,1 ליטר,false,1,25.00,18.80,true,1,6566
11126452,false,תה קמומיל נענע 25 יח,Unknown,,תה קמומיל נענע 25 יח,,38.00,100 גרם,false,1,25.90,68.16,true,1,12822
11126469,false,תה קמומיל ודבש,Unknown,,תה קמומיל ודבש,,25.00,יחידה,false,1,25.90,1.04,true,1,25870
11128012,false,גזר צבעוני מיקס,Unknown,,גזר צבעוני מיקס,,0.00,,false,1,9.90,0.00,true,1,24383
11131371,false,מיזלי 1 קג קראנצ,Unknown,,מיזלי 1 קג קראנצ,,1.00,"1 ק""ג",false,1,31.00,31.00,true,1,25921
11132552,false,בירת פלאונר 330*4,Unknown,,בירת פלאונר 330*4,,1.32,1 ליטר,false,1,34.90,25.53,true,1,29495
11133061,false,גולדסטאר בקבוק 6+2,Unknown,,גולדסטאר בקבוק 6+2,,2.64,1 ליטר,false,1,39.90,14.20,true,1,25728
11133368,false,מכבי ת.שנדי*6 330 מל,Unknown,,מכבי ת.שנדי*6 330 מל,,1.98,1 ליטר,false,1,49.90,24.29,true,1,28372
11133375,false,שנדי אפרסק 330*6,Unknown,,שנדי אפרסק 330*6,,1.98,1 ליטר,false,1,49.90,24.29,true,1,25923
11133504,false,שנדי אפרסק 330מל,Unknown,,שנדי אפרסק 330מל,,1.98,1 ליטר,false,1,49.90,24.29,true,1,11018
11133634,false,פפסי מקס 330*6 כשלפ,Unknown,,פפסי מקס 330*6 כשלפ,,1.98,1 ליטר,false,1,26.90,12.68,true,1,28580
11148164,false,עלי חסה רומית ליחידה,Unknown,,עלי חסה רומית ליחידה,,280.00,100 גרם,false,1,8.90,3.18,true,1,22298
11148591,false,כרובית ארוזה,Unknown,,כרובית ארוזה,,500.00,100 גרם,false,1,14.90,2.98,true,1,28540
11148898,false,ברוקולי ארוז שקיל,Unknown,,ברוקולי,,500.00,100 גרם,false,1,14.90,2.98,true,1,24110
11148904,false,פלפל צילי ארוז ליח,Unknown,,פלפל צילי ארוז ליח,,9.00,100 גרם,false,1,9.90,110.00,true,1,22233
11148911,false,פלפל גמדי ליח,Unknown,,פלפל גמדי ליח,,285.00,100 גרם,false,1,12.90,4.53,true,1,22234
11148935,false,מלפפון בייבי ארוז,Unknown,,מלפפון בייבי ארוז,,330.00,100 גרם,false,1,12.90,3.91,true,1,14601
11153885,false,נייר אכיל ממותג,Unknown,,נייר אכיל ממותג,,0.00,,false,1,19.00,0.00,true,1,14370
11194215,false,דניאלה בננה 100 גר,Unknown,,דניאלה בננה 100 גר,,150.00,"100 מ""ל",false,1,4.50,3.00,true,1,3452
11194246,false,שטראוס קוטג5% סידן,Unknown,,שטראוס קוטג5% סידן,,250.00,100 גרם,false,1,6.10,2.44,true,1,3891
11223205,false,ריבת חלב,Unknown,,ריבת חלב,,454.00,100 גרם,false,1,20.00,4.41,true,1,23372
11256845,false,סט צידניות קשיחות,Unknown,,סט צידניות קשיחות,,0.00,,false,1,199.00,0.00,true,1,24287
11276263,false,בייבי סלט ארוז ליח,Unknown,,בייבי סלט ארוז ליח,,0.00,,false,1,6.90,0.00,true,1,24385
11276287,false,לבבות קיסר / חסה יח,Unknown,,לבבות קיסר / חסה יח,,0.00,,false,1,15.90,0.00,true,1,24386
11276416,false,שמיר ארוז ליח,Unknown,,שמיר ארוז ליח,,0.00,,false,1,3.90,0.00,true,1,24387
11276423,false,פטרוזליה ארוז ליח,Unknown,,פטרוזליה ארוז ליח,,0.00,,false,1,4.90,0.00,true,1,24388
11276478,false,מנגולד ארוז ליח,Unknown,,מנגולד ארוז ליח,,0.00,,false,1,6.90,0.00,true,1,24389
11276485,false,חסה עגולה,Unknown,,חסה עגולה,,0.00,,false,1,9.90,0.00,true,1,24390
11276805,false,טימין / קורנית ארוז,Unknown,,טימין / קורנית ארוז,,0.00,,false,1,5.90,0.00,true,1,24391
11276812,false,עירית ארוז ליח,Unknown,,עירית ארוז ליח,,0.00,,false,1,5.90,0.00,true,1,24392
11276836,false,רוזמרין ארוז ליח,Unknown,,רוזמרין ארוז ליח,,0.00,,false,1,5.90,0.00,true,1,24393
11378776,false,בארכה בקטנה פיסטוק,Unknown,,בארכה בקטנה פיסטוק,,126.00,100 גרם,false,1,13.00,10.32,true,1,18857
11402129,false,ציפס פלחים קילו,Unknown,,ציפס פלחים קילו,,1.00,"1 ק""ג",false,1,18.00,18.00,true,1,29018
11431396,false,צלחות קטן צבעוני,Unknown,,צלחות קטן צבעוני,,25.00,יחידה,false,1,9.90,0.40,false,1,24545
11431419,false,צלחות גדול צבעוני,Unknown,,צלחות גדול צבעוני,,25.00,יחידה,false,1,16.90,0.68,true,1,26351
11431426,false,מגש אובלי צבעוני,Unknown,,מגש אובלי צבעוני,,25.00,יחידה,false,1,28.90,1.16,true,1,26594
11431433,false,קעריות אובלי צ.,Unknown,,קעריות אובלי צ.,,25.00,יחידה,false,1,7.50,0.30,true,1,26595
11438142,false,יטבתה קפה קר בקבוק,Unknown,,יטבתה קפה קר בקבוק,,350.00,"100 מ""ל",false,1,8.00,2.29,true,1,5235
11447359,false,מטרנה שלב 1,Unknown,,מטרנה שלב 1,,700.00,100 גרם,false,1,65.00,9.29,true,1,25930
11447373,false,מטרנה מהדרין שלב 2,Unknown,,מטרנה מהדרין שלב 2,,700.00,100 גרם,false,1,65.00,9.29,true,1,20197
11480615,false,בייבי סלט ארוז ליח,Unknown,,בייבי סלט ארוז ליח,,130.00,100 גרם,false,1,9.90,7.62,true,1,22235
11499129,false,גד קוביות בולגרית מע,Unknown,,גד קוביות בולגרית מע,,200.00,100 גרם,false,1,24.00,12.00,true,1,24500
11499303,false,בולגרית מעודנת 5% עי,מחלבות גד,,גד בולגרית עזים,,250.00,100 גרם,false,1,33.50,13.40,false,1,28274
11499327,false,בולגרית מעודנת,Unknown,,בולגרית מעודנת,,250.00,100 גרם,false,1,28.00,11.20,true,1,25873
11499358,false,גד פטה עיזים 20%,Unknown,,גד פטה עיזים 20%,,200.00,100 גרם,false,1,29.50,14.75,true,1,9878
11499365,false,חלומי גד בחפיסה 24%,Unknown,,חלומי גד בחפיסה 24%,,200.00,100 גרם,false,1,24.00,12.00,true,1,24501
11499419,false,קרם שמנת 5% טבעי,מחלבות גד,,קרם שמנת,,200.00,100 גרם,false,1,14.00,7.00,true,1,26188
11499624,false,גבינת שמנת ניו יורק,Unknown,,גבינת שמנת ניו יורק,,200.00,100 גרם,false,1,14.00,7.00,true,1,24504
11499846,false,גד ריקוטה פרסקה 9%,Unknown,,גד ריקוטה פרסקה 9%,,300.00,100 גרם,false,1,19.90,6.63,false,1,28275
11499853,false,גד ניו יורק ג.שמנת,Unknown,,גד ניו יורק ג.שמנת,,200.00,100 גרם,false,1,14.50,7.25,false,1,28276
11515683,false,מאגדת אקסטרים וניל,Unknown,,מאגדת אקסטרים וניל,,432.00,100 גרם,false,1,36.90,8.54,true,1,17067
11515911,false,מאגדת לייט ר.חלב,Unknown,,מאגדת לייט ר.חלב,,312.00,100 גרם,false,1,30.90,9.90,true,1,17068
11598211,false,מנקה כללי אנטיקאלק,Unknown,,מנקה כללי אנטיקאלק,,700.00,"100 מ""ל",false,1,21.90,3.13,true,1,12857
11607180,false,קולון101 1.25קג,Unknown,,קולון101 1.25קג,,1.25,"1 ק""ג",false,1,13.00,10.40,false,1,20501
11687014,false,פרנה עגולה 3 יח,Unknown,,פרנה עגולה 3 יח,,3.00,יחידה,false,1,13.00,4.33,true,1,26675
11714871,false,בליסטיקס פטל לימון,Unknown,,בליסטיקס פטל לימון,,4.25,100 גרם,false,1,11.00,258.82,true,1,19119
11765446,false,מ.שיניים בוב ספוג,Unknown,,מ.שיניים בוב ספוג,,50.00,"100 מ""ל",false,1,12.90,25.80,false,1,9830
11776039,false,לבבות קיסר / חסה יח,Unknown,,לבבות קיסר / חסה יח,,280.00,100 גרם,false,1,12.90,4.61,true,1,22239
11776046,false,עלי חסה רומית ליחידה,Unknown,,עלי חסה רומית ליחידה,,280.00,100 גרם,false,1,8.90,3.18,true,1,22302
11776053,false,טימין קורנית ארוז,Unknown,,טימין קורנית ארוז,,45.00,100 גרם,false,1,8.90,19.78,true,1,22240
11776060,false,גינגר באריזה ליח,Unknown,,גינגר באריזה ליח,,260.00,100 גרם,false,1,14.90,5.73,true,1,22241
11776077,false,בזיליקום ארוז ליח,Unknown,,בזיליקום ארוז ליח,,48.00,100 גרם,false,1,6.90,14.38,true,1,22242
11776091,false,נבטים סיניים עבים,Unknown,,נבטים סיניים עבים,,35.00,100 גרם,false,1,11.90,34.00,true,1,22243
11776107,false,נבטי אלפלפא ארוז ליח,Unknown,,נבטי אלפלפא ארוז ליח,,180.00,100 גרם,false,1,6.90,3.83,true,1,22244
11776138,false,נבטי עדשים שחורות,Unknown,,נבטי עדשים שחורות,,280.00,100 גרם,false,1,11.90,4.25,true,1,22247
11776145,false,רוזמרין ארוז ליח,Unknown,,רוזמרין ארוז ליח,,75.00,100 גרם,false,1,7.90,10.53,true,1,22248
11776176,false,נבטוטים ליח,Unknown,,נבטוטים ליח,,30.00,100 גרם,false,1,11.90,39.67,true,1,22250
11776183,false,תרד ניוזילנדי ארוז,Unknown,,תרד ניוזילנדי ארוז,,280.00,100 גרם,false,1,12.90,4.61,true,1,22251
11776190,false,חסה ערבית ליח,Unknown,,חסה ערבית ליח,,0.00,,false,1,6.90,0.00,true,1,24395
11776213,false,מלפפון בייבי ארוז יח,Unknown,,מלפפון בייבי ארוז יח,,330.00,100 גרם,false,1,12.90,3.91,true,1,22304
11776220,false,נענע ארוז ליח,Unknown,,נענע ארוז ליח,,100.00,100 גרם,false,1,4.90,4.90,true,1,22252
11776244,false,שורש פטרוזיליה ארוז,Unknown,,שורש פטרוזיליה ארוז,,90.00,100 גרם,false,1,7.90,8.78,true,1,22305
11776251,false,כרובית באריזה ליח,Unknown,,כרובית באריזה ליח,,500.00,100 גרם,false,1,15.90,3.18,true,1,22306
11776312,false,בצל ירוק מובחר,Unknown,,בצל ירוק מובחר,,250.00,100 גרם,false,1,9.90,3.96,true,1,22307
11776350,false,פלפל רמזור,Unknown,,פלפל רמזור,,700.00,100 גרם,false,1,10.90,1.56,true,1,24074
11776374,false,למון גראס ליח,Unknown,,למון גראס ליח,,65.00,100 גרם,false,1,6.90,10.62,true,1,29831
11776381,false,תפוח פינק באריזה ליח,Unknown,,תפוח פינק באריזה ליח,,530.00,100 גרם,false,1,19.90,3.75,true,1,24075
11776428,false,תירס ארוז,Unknown,,תירס ארוז,,1.30,"1 ק""ג",false,1,14.90,11.46,true,1,24076
11776435,false,תפוא אדום שק איכות,Unknown,,תפוא אדום שק איכות,,800.00,100 גרם,false,1,8.90,1.11,true,1,24077
11776442,false,עציץ תבלין,Unknown,,עציץ תבלין,,1.00,יחידה,false,1,9.90,9.90,true,1,22459
11776473,false,אבוקדו מובחר,Unknown,,אבוקדו מובחר,,500.00,100 גרם,false,1,13.90,2.78,true,1,24079
11776480,false,שום יבש,Unknown,,שום יבש,,200.00,100 גרם,false,1,9.90,4.95,true,1,24112
11776510,false,תות שדה 500 גר,Unknown,,תות שדה 500 גר,,500.00,100 גרם,false,1,13.90,2.78,true,1,24082
11776527,false,בננה איכות מעולה,Unknown,,בננה איכות מעולה,,500.00,100 גרם,false,1,13.90,2.78,true,1,24083
11776534,false,מלפפון איכות מעולה,Unknown,,מלפפון איכות מעולה,,350.00,100 גרם,false,1,9.90,2.83,true,1,24084
11776541,false,עגבנייה אשכולות אכות,Unknown,,עגבנייה אשכולות אכות,,500.00,100 גרם,false,1,11.90,2.38,true,1,24085
11776558,false,בטטה ייצוא איכות,Unknown,,בטטה ייצוא איכות,,500.00,100 גרם,false,1,13.90,2.78,true,1,24086
11776565,false,ברוקולי ארוז ליח,Unknown,,ברוקולי ארוז ליח,,400.00,100 גרם,false,1,15.90,3.98,true,1,22308
11776572,false,פלפל,Unknown,,פלפל,,500.00,100 גרם,false,1,13.90,2.78,true,1,24087
11776589,false,עגבניות שרי,Unknown,,עגבניות שרי,,300.00,100 גרם,false,1,11.90,3.97,true,1,22583
11776596,false,לימון איכות מעולה,Unknown,,לימון איכות מעולה,,500.00,100 גרם,false,1,11.90,2.38,true,1,24088
11776602,false,גזר ארוז מובחר,Unknown,,גזר ארוז מובחר,,450.00,100 גרם,false,1,5.90,1.31,true,1,24089
11776619,false,קישוא איכות מעולה,Unknown,,קישוא איכות מעולה,,500.00,100 גרם,false,1,11.90,2.38,true,1,24090
11776626,false,בצל יבש איכות מעולה,Unknown,,בצל יבש איכות מעולה,,650.00,100 גרם,false,1,6.90,1.06,true,1,24091
11776633,false,אגס ספדונה 60 איכות,Unknown,,אגס ספדונה 60 איכות,,550.00,100 גרם,false,1,14.90,2.71,true,1,24092
11776640,false,חציל חממה איכות,Unknown,,חציל חממה איכות,,500.00,100 גרם,false,1,12.90,2.58,true,1,24093
11776657,false,תפוז איכות מעולה,Unknown,,תפוז איכות מעולה,,500.00,100 גרם,false,1,12.90,2.58,true,1,24094
11776664,false,כוסברה ארוז ליח,Unknown,,כוסברה ארוז ליח,,100.00,100 גרם,false,1,4.90,4.90,true,1,22253
11776671,false,פטרוזיליה ארוז ליח,Unknown,,פטרוזיליה ארוז ליח,,100.00,100 גרם,false,1,3.90,3.90,true,1,22254
11776688,false,שמיר ארוז ליח,Unknown,,שמיר ארוז ליח,,100.00,100 גרם,false,1,2.90,2.90,true,1,22309
11776695,false,נבטי חמניה כ-150 גר,Unknown,,נבטי חמניה כ-150 גר,,150.00,100 גרם,false,1,11.90,7.93,true,1,22255
11776732,false,פלפל גמדי ליח,Unknown,,פלפל גמדי ליח,,285.00,100 גרם,false,1,12.90,4.53,true,1,22310
11776749,false,לוף באריזה ליח,Unknown,,לוף באריזה ליח,,400.00,100 גרם,false,1,14.90,3.72,true,1,22256
11776763,false,פלפל חריף איכות,Unknown,,פלפל חריף איכות,,300.00,100 גרם,false,1,12.90,4.30,true,1,23146
11776787,false,קיווי ישראלי ארוז,Unknown,,קיווי ישראלי ארוז,,350.00,100 גרם,false,1,9.90,2.83,true,1,29794
11776824,false,שרי מיקס ארוז,Unknown,,שרי מיקס ארוז,,500.00,100 גרם,false,1,17.90,3.58,true,1,29086
11776831,false,עלי קייל שחור טוסקנה,Unknown,,עלי קייל שחור טוסקנה,,180.00,100 גרם,false,1,14.90,8.28,true,1,22257
11776862,false,ארטישוק ירושלמי,Unknown,,ארטישוק ירושלמי,,500.00,100 גרם,false,1,19.90,3.98,true,1,22460
11776879,false,תפוא לבן שק איכות,Unknown,,תפוא לבן שק איכות,,800.00,100 גרם,false,1,6.90,0.86,true,1,24096
11776923,false,כרוב לבן/אדום,Unknown,,כרוב לבן/אדום,,500.00,100 גרם,false,1,9.90,1.98,true,1,24098
11776930,false,מנדרינה מיכל 65 אכות,Unknown,,מנדרינה מיכל 65 אכות,,500.00,100 גרם,false,1,11.90,2.38,true,1,24099
11776947,false,תפוח חרמון באריזה,Unknown,,תפוח חרמון באריזה,,500.00,100 גרם,false,1,12.90,2.58,true,1,24100
11776961,false,קולורבי איכות מעולה,Unknown,,קולורבי איכות מעולה,,500.00,100 גרם,false,1,11.90,2.38,true,1,24102
11776978,false,אפרסמון 65 איכות,Unknown,,אפרסמון 65 איכות,,600.00,100 גרם,false,1,19.90,3.32,true,1,24103
11776985,false,בצל אדום מובחר,Unknown,,בצל אדום מובחר,,500.00,100 גרם,false,1,7.90,1.58,true,1,24104
11776992,false,שומר איכות מעולה,Unknown,,שומר איכות מעולה,,400.00,100 גרם,false,1,9.90,2.48,true,1,24105
11778118,false,12 ביצים טריות L בפי,Unknown,,12 ביצים טריות L בפי,,12.00,יחידה,false,1,12.05,1.00,false,1,20854
11778125,false,12 ביצים טריות M בפי,Unknown,,12 ביצים טריות M בפי,,12.00,יחידה,false,1,11.15,0.93,false,1,20855
11778132,false,12 ביצים טריות XL בפ,Unknown,,12 ביצים טריות XL בפ,,12.00,יחידה,false,1,13.10,1.09,false,1,20856
11778354,false,תבנית חופש 20L,Unknown,,תבנית חופש 20L,,20.00,יחידה,false,1,31.90,1.60,true,1,26334
11778378,false,12 ביצים אומגה 3 L,Unknown,,12 ביצים אומגה 3 L,,12.00,יחידה,false,1,21.00,1.75,true,1,20857
11778385,false,ת.ביצים XL אומגה 3,Unknown,,ת.ביצים XL אומגה 3,,12.00,יחידה,false,1,39.00,3.25,true,1,21183
11778491,false,שישית ביצי אומגה,Unknown,,שישית ביצי אומגה,,6.00,יחידה,false,1,14.00,2.33,true,1,26565
11870249,false,פוגיקום 12 סוללוAAA,Unknown,,פוגיקום 12 סוללוAAA,,12.00,יחידה,false,1,19.80,1.65,true,1,13063
11870270,false,פוגיקום 12 סוללותAA,Unknown,,פוגיקום 12 סוללותAA,,12.00,יחידה,false,1,19.80,1.65,true,1,13062
11870720,false,פוגיקום סוללה D,Unknown,,פוגיקום סוללה D,,0.00,,false,1,19.90,0.00,true,1,17647
11870737,false,פוגיקום סוללה C,Unknown,,פוגיקום סוללה C,,0.00,,false,1,19.90,0.00,true,1,17646
11870744,false,פוגיקום סוללה 9וולט,Unknown,,פוגיקום סוללה 9וולט,,0.00,,false,1,14.90,0.00,true,1,15567
11876609,false,שניצל דק כשלפ 700 ג,Unknown,,שניצל דק כשלפ 700 ג,,700.00,100 גרם,false,1,48.90,6.99,true,1,21051
11877156,false,סנופרש מאסק 375מל,Unknown,,סנופרש מאסק 375מל,,375.00,"100 מ""ל",false,1,15.00,4.00,true,1,25931
11947262,false,זית ירוק בתיבול גליל,Unknown,,זית ירוק בתיבול גליל,,215.00,100 גרם,false,1,16.00,7.44,true,1,15524
11947309,false,זית סורי לימון כבוש,Unknown,,זית סורי לימון כבוש,,230.00,100 גרם,false,1,16.00,6.96,true,1,15523
11947316,false,זיתי קלמטה 215 גרם,Unknown,,זיתי קלמטה 215 גרם,,215.00,100 גרם,false,1,16.00,7.44,true,1,23417
11947781,false,זית ירוק וזית קלמטה,Unknown,,זית ירוק וזית קלמטה,,190.00,100 גרם,false,1,16.00,8.42,false,1,28243
11947804,false,זית ירוק ללא גלעין,Unknown,,זית ירוק ללא גלעין,,190.00,100 גרם,false,1,16.00,8.42,false,1,28244
11964344,false,שום גבישי 120 גר,Unknown,,שום גבישי 120 גר,,120.00,100 גרם,false,1,10.90,9.08,false,1,27502
11996062,false,אורז לסושי 1 קג,Unknown,,אורז לסושי 1 קג,,1.00,"1 ק""ג",false,1,13.90,13.90,true,1,10194
11996109,false,צילי מתוק 700 מל,Unknown,,צילי מתוק 700 מל,,700.00,"100 מ""ל",false,1,9.90,1.41,true,1,10197
11996123,false,אצות נורי גולד,Unknown,,אצות נורי גולד,,25.00,100 גרם,false,1,10.90,43.60,true,1,27014
11996178,false,ר.סויה בסגנון יפני,Unknown,,ר.סויה בסגנון יפני,,300.00,"100 מ""ל",false,1,10.90,3.63,true,1,27015
11996185,false,חומץ אורז לסושי,Unknown,,חומץ אורז לסושי,,250.00,"100 מ""ל",false,1,8.99,3.60,true,1,10199
11996222,false,חלב קוקוס 400 מל,Unknown,,חלב קוקוס 400 מל,,400.00,"100 מ""ל",false,1,6.90,1.72,true,1,10193
11996888,false,רוטב טריאקי 300מל,Unknown,,רוטב טריאקי 300מל,,300.00,"100 מ""ל",false,1,11.90,3.97,true,1,10196
12001994,false,חרדל דיזון ריין350,Unknown,,חרדל דיזון ריין350,,350.00,100 גרם,false,1,19.90,5.69,true,1,12776
12031137,false,ל.מ מושן נייט,Unknown,,ל.מ מושן נייט,,0.00,,false,1,27.00,0.00,false,1,23134
12031151,false,ל.מ מושן בלו,Unknown,,ל.מ מושן בלו,,0.00,,false,1,27.00,0.00,false,1,23136
12040283,false,ל.מ נייט מושייןPP,Unknown,,ל.מ נייט מושייןPP,,0.00,,false,1,260.00,0.00,false,1,23835
12116629,false,סנודי ילדים רולאון,Unknown,,סנודי ילדים רולאון,,50.00,"100 מ""ל",false,1,22.90,45.80,true,1,19120
12117558,false,מקסימה מרכך מאסק 1ל,Unknown,,מקסימה מרכך מאסק 1ל,,1.00,1 ליטר,false,1,20.90,20.90,true,1,12845
12117732,false,מרכך מקסימה קול 4ל,Unknown,,מרכך מקסימה קול 4ל,,4.00,1 ליטר,false,1,27.90,6.98,true,1,25934
12139482,false,בונזו עצם מ.צ.פירורי,Unknown,,בונזו עצם מ.צ.פירורי,,1.00,יחידה,false,1,19.00,19.00,true,1,23851
12191091,false,מדליק פחם מוצק,Unknown,,מדליק פחם מוצק,,20.00,יחידה,false,1,7.00,0.35,false,1,25124
12226120,false,זוגלובק קבנוס 135ג,Unknown,,זוגלובק קבנוס 135ג,,135.00,100 גרם,false,1,13.00,9.63,true,1,19055
12226939,false,קבנוס בטעם צילי 135ג,Unknown,,קבנוס בטעם צילי 135ג,,135.00,100 גרם,false,1,15.00,11.11,true,1,19056
12227974,false,פסטרמה בדבש דק 120ג,Unknown,,פסטרמה בדבש דק 120ג,,120.00,100 גרם,false,1,18.50,15.42,false,1,21893
12227981,false,פסטרמה ברביקיו 120ג,Unknown,,פסטרמה ברביקיו 120ג,,120.00,100 גרם,false,1,18.50,15.42,true,1,21244
12227998,false,חזה בקר 120 גרם,Unknown,,חזה בקר 120 גרם,,120.00,100 גרם,false,1,18.50,15.42,true,1,21245
12228230,false,פסטרמה חזה עוף 120ג,Unknown,,פסטרמה חזה עוף 120ג,,120.00,100 גרם,false,1,18.50,15.42,true,1,21246
12245183,false,קריספי קלאסי,Unknown,,קריספי קלאסי,,700.00,100 גרם,false,1,13.90,1.99,true,1,29017
12245312,false,גולד ציפס אמריקאי,Unknown,,גולד ציפס אמריקאי,,1.50,"1 ק""ג",false,1,22.90,15.27,true,1,29016
12404177,false,שוופס פרוטס תפוח330,Unknown,,שוופס פרוטס תפוח330,,330.00,"100 מ""ל",false,1,9.90,2.91,true,1,10385
12404184,false,שוופס פרוטס לימונ330,Unknown,,שוופס פרוטס לימונ330,,330.00,"100 מ""ל",false,1,9.90,2.91,true,1,15922
12413643,false,ויסוצקי תה י.קמומיל,Unknown,,ויסוצקי תה י.קמומיל,,1.00,יחידה,false,1,21.90,21.90,false,1,28245
12483233,false,אנשובי ארוך בש.זית,Unknown,,אנשובי ארוך בש.זית,,80.00,100 גרם,false,1,15.90,19.88,true,1,12826
12525452,false,אקסטרים טילון ש.וניל,Unknown,,אקסטרים טילון ש.וניל,,70.00,100 גרם,false,1,10.90,15.57,true,1,11000
12553011,false,מדליק פחם נוזלי,Unknown,,מדליק פחם נוזלי,,0.00,,false,1,15.00,0.00,false,1,29792
12576607,false,פרמיר קברנה סוביניון,Unknown,,פרמיר קברנה סוביניון,,750.00,"100 מ""ל",false,1,33.00,4.36,true,1,25937
12588242,false,מים כדורגל 500*6,Unknown,,מים כדורגל 500*6,,3.00,1 ליטר,false,1,11.90,3.37,true,1,29496
12588570,false,ווטר בוקס 500 מל,Unknown,,ווטר בוקס 500 מל,,500.00,"100 מ""ל",false,1,7.90,1.52,true,1,29661
12588617,false,מארז 2 גטורייד+בק,Unknown,,מארז 2 גטורייד+בק,,1.00,1 ליטר,false,1,49.90,49.30,true,1,29497
12588907,false,איילנד גויאבה 300מל,Unknown,,איילנד גויאבה 300מל,,350.00,"100 מ""ל",false,1,9.90,2.74,true,1,29809
12588914,false,איילנד מנגו 300מל,Unknown,,איילנד מנגו 300מל,,350.00,"100 מ""ל",false,1,9.90,2.74,true,1,29810
12600036,false,פחם 2 קג,Unknown,,פחם 2 קג,,2.00,"1 ק""ג",false,1,20.00,10.00,true,1,25038
12645174,false,גבינת עיזים 5%,Unknown,,גבינת עיזים 5%,,200.00,100 גרם,false,1,15.90,7.95,false,1,28809
12645181,false,לאבנה עיזים 5%,Unknown,,לאבנה עיזים 5%,,200.00,100 גרם,false,1,15.90,7.95,false,1,28810
12645280,false,יוגורט כבשים יווני,Unknown,,יוגורט כבשים יווני,,150.00,100 גרם,false,1,6.20,4.13,false,1,27511
12697081,false,סטיוויה 100 שקיות,Unknown,,סטיוויה 100 שקיות,,100.00,יחידה,false,1,36.00,0.36,true,1,17372
12759017,false,מארז קשיו שקד פיסטוק,Unknown,,מארז קשיו שקד פיסטוק,,50.00,100 גרם,false,1,9.90,19.80,true,1,28868
12759024,false,מארז חמוציות א.מלך,Unknown,,מארז חמוציות א.מלך,,55.00,100 גרם,false,1,9.90,18.00,true,1,28869
12759031,false,מארז ח.בננה פקאן,Unknown,,מארז ח.בננה פקאן,,51.00,100 גרם,false,1,9.90,19.41,true,1,28870
12759215,false,מארז קינואה אגוזים,Unknown,,מארז קינואה אגוזים,,53.00,100 גרם,false,1,9.90,18.68,true,1,28871
12759468,false,מארז ח.חמאת בוטנים,Unknown,,מארז ח.חמאת בוטנים,,54.00,100 גרם,false,1,9.90,18.33,true,1,28872
12759475,false,חטיף קינואה אננס,Unknown,,חטיף קינואה אננס,,57.00,100 גרם,false,1,9.90,17.37,true,1,28873
12759635,false,רגע פינוק כדורי קקאו,Unknown,,רגע פינוק כדורי קקאו,,60.00,100 גרם,false,1,9.90,16.50,true,1,28874
12759710,false,חטיף בראוניז ת.קוקוס,Unknown,,חטיף בראוניז ת.קוקוס,,56.00,100 גרם,false,1,9.90,17.68,true,1,28875
12759727,false,חטיף בראוניז ת.פקאן,Unknown,,חטיף בראוניז ת.פקאן,,52.00,100 גרם,false,1,9.90,19.04,true,1,28876
12759949,false,חטיף חלבון תמר לוז,Unknown,,חטיף חלבון תמר לוז,,58.00,100 גרם,false,1,9.90,17.07,true,1,28877
12759956,false,חטיף חלבון תמר פקאן,Unknown,,חטיף חלבון תמר פקאן,,59.00,100 גרם,false,1,9.90,16.78,true,1,28878
12779138,false,עלי חסה רומית ליחידה,Unknown,,עלי חסה רומית ליחידה,,280.00,100 גרם,false,1,8.90,3.18,true,1,22258
12779220,false,נבטי חמניה כ-120ג יח,Unknown,,נבטי חמניה כ-120ג יח,,120.00,100 גרם,false,1,8.90,7.42,true,1,22312
12823381,false,מקסימה מרוכז ורוד1,Unknown,,מקסימה מרוכז ורוד1,,1.00,1 ליטר,false,1,20.90,20.90,true,1,25938
12823398,false,ריצפז מטליות לרצפה,Unknown,,ריצפז מטליות לרצפה,,10.00,יחידה,false,1,15.50,1.55,true,1,25939
12823602,false,נייר טואלט סופט 32,Unknown,,נייר טואלט סופט 32,,32.00,יחידה,false,1,36.00,1.12,true,1,25940
12864025,false,נבטי אלפלפא ארוז ליח,Unknown,,נבטי אלפלפא ארוז ליח,,180.00,100 גרם,false,1,6.90,3.83,true,1,22261
12864131,false,נבטי עדשים שחורות,Unknown,,נבטי עדשים שחורות,,0.00,,false,1,9.90,0.00,true,1,24396
12864155,false,מיקס נבטים ליח,Unknown,,מיקס נבטים ליח,,220.00,100 גרם,false,1,13.90,6.32,true,1,22262
12911477,false,קרם קוקוס 400 מל,Unknown,,קרם קוקוס 400 מל,,400.00,"100 מ""ל",false,1,8.90,2.22,true,1,27022
12921025,false,בירה מלכה בהירה,Unknown,,בירה מלכה בהירה,,330.00,"100 מ""ל",false,1,19.90,5.94,true,1,13487
12921032,false,בירה מלכה אדמונית,Unknown,,בירה מלכה אדמונית,,330.00,"100 מ""ל",false,1,19.90,5.94,true,1,13488
12921049,false,מלכה כהה 330מל,Unknown,,מלכה כהה 330מל,,330.00,"100 מ""ל",false,1,22.00,6.58,true,1,28805
12921056,false,מלכה בירה חיטה 330,Unknown,,מלכה בירה חיטה 330,,330.00,"100 מ""ל",false,1,22.00,6.58,true,1,28804
12921063,false,מלכה הינדי IPA,Unknown,,מלכה הינדי IPA,,330.00,"100 מ""ל",false,1,23.00,6.88,true,1,28803
12938580,false,משחת סנסודיין הלבנה,Unknown,,משחת סנסודיין הלבנה,,75.00,"100 מ""ל",false,1,22.90,30.53,false,1,23207
13083661,false,מטרנה אקסטרא קר,Unknown,,מטרנה אקסטרא קר,,700.00,100 גרם,false,1,68.50,9.79,true,1,26190
13083678,false,מטרנה אקסטרא קר 2,Unknown,,מטרנה אקסטרא קר 2,,700.00,100 גרם,false,1,70.00,10.00,true,1,25941
13083685,false,מטרנה אקסטרא קר 3,Unknown,,מטרנה אקסטרא קר 3,,700.00,100 גרם,false,1,70.00,10.00,true,1,25942
13117212,false,מעדנות ב. פילו גבינה,Unknown,,מעדנות ב. פילו גבינה,,600.00,100 גרם,false,1,25.90,4.32,true,1,10913
13117229,false,מעדנות ב.פילו תפוא,Unknown,,מעדנות ב.פילו תפוא,,600.00,100 גרם,false,1,25.90,4.32,true,1,10914
13117410,false,מעדנות בצק פריך מתוק,Unknown,,מעדנות בצק פריך מתוק,,900.00,100 גרם,false,1,28.90,3.21,false,1,29050
13128324,false,ענב אדום איכות מ.,Unknown,,ענב אדום איכות מ.,קילוגרמים,1.00,"ק""ג",true,1,39.90,0.00,true,1,26908
13144232,false,פודינג וניל,Unknown,,פודינג וניל,,80.00,100 גרם,false,1,7.00,8.75,true,1,25943
13144614,false,מייפל אמיתי 100%,Unknown,,מייפל אמיתי 100%,,236.00,"100 מ""ל",false,1,45.00,19.07,true,1,25944
13144751,false,סירופ בטעם מייפל 500,Unknown,,סירופ בטעם מייפל 500,,500.00,100 גרם,false,1,16.00,3.20,true,1,25945
13145024,false,אגוז מלך טחון,Unknown,,אגוז מלך טחון,,100.00,100 גרם,false,1,16.50,16.50,true,1,21289
13145055,false,פרג שלם,Unknown,,פרג שלם,,100.00,100 גרם,false,1,8.50,8.50,true,1,21290
13145109,false,שקד מולבן טחון,Unknown,,שקד מולבן טחון,,100.00,100 גרם,false,1,16.50,16.50,true,1,21291
13145178,false,קוקוס טחון לבן 100גר,Unknown,,קוקוס טחון לבן 100גר,,100.00,100 גרם,false,1,5.00,5.00,true,1,21295
13145277,false,עלים לקרמשניט 300 ג,Unknown,,עלים לקרמשניט 300 ג,,300.00,100 גרם,false,1,20.00,6.67,true,1,25946
13145437,false,שוקולד ציפס אמיתי48,Unknown,,שוקולד ציפס אמיתי48,,250.00,100 גרם,false,1,17.00,6.80,true,1,25947
13145444,false,שוקולד ציפס אמיתי66,Unknown,,שוקולד ציפס אמיתי66,,250.00,100 גרם,false,1,18.00,7.20,true,1,25948
13145628,false,ס.צבעוניות לקישוט,Unknown,,ס.צבעוניות לקישוט,,200.00,100 גרם,false,1,12.00,6.00,true,1,21298
13145840,false,סוכר וניל 10יחבצלופן,Unknown,,סוכר וניל 10יחבצלופן,,100.00,100 גרם,false,1,3.00,3.00,true,1,21299
13145857,false,אבקת אפיה 10יחבצלופן,Unknown,,אבקת אפיה 10יחבצלופן,,100.00,100 גרם,false,1,3.00,3.00,true,1,21300
13145918,false,אבקת סוכר,Unknown,,אבקת סוכר,,100.00,100 גרם,false,1,3.00,3.00,true,1,21301
13153432,false,פריגת סחוט לימונדה,Unknown,,פריגת סחוט לימונדה,,400.00,"100 מ""ל",false,1,12.90,3.15,true,1,17472
13153616,false,פריגת בוסט סלק 400,Unknown,,פריגת בוסט סלק 400,,400.00,"100 מ""ל",false,1,10.00,2.42,true,1,23558
13153623,false,פריגת בוסט גזר,Unknown,,פריגת בוסט גזר,,400.00,"100 מ""ל",false,1,12.90,3.15,true,1,23559
13170583,false,אסם פירורית זהב כשלפ,Unknown,,אסם פירורית זהב כשלפ,,350.00,100 גרם,false,1,11.90,3.40,true,1,12002
13267665,false,מאגדת סולרו טרופי,Unknown,,מאגדת סולרו טרופי,,295.00,100 גרם,false,1,27.00,9.15,true,1,25229
13268020,false,מקסימה אולטרא פרש1ל,Unknown,,מקסימה אולטרא פרש1ל,,1.00,1 ליטר,false,1,20.90,20.90,true,1,19235
13268242,false,ריצפז בניחוח מלון 2ל,Unknown,,ריצפז בניחוח מלון 2ל,,2.00,1 ליטר,false,1,27.00,13.50,true,1,25949
13268884,false,ריצפז פרש מאסק 2 ל,Unknown,,ריצפז פרש מאסק 2 ל,,2.00,1 ליטר,false,1,23.90,11.95,true,1,17464
13268891,false,סנו אוקסיגן 3 ליטר,Unknown,,סנו אוקסיגן 3 ליטר,,3.00,1 ליטר,false,1,36.00,12.00,true,1,19236
13268983,false,מרכך כביסה ליטר JOY,Unknown,,מרכך כביסה ליטר JOY,,1.00,1 ליטר,false,1,20.90,20.90,false,1,27383
13268990,false,מקסימה ביו מרוכז 1ל,Unknown,,מקסימה ביו מרוכז 1ל,,1.00,1 ליטר,false,1,20.90,20.90,true,1,25950
13269621,false,ריצפז פרש הום מלון 2,Unknown,,ריצפז פרש הום מלון 2,,2.00,1 ליטר,false,1,27.00,13.50,true,1,25951
13269751,false,ריצפז מטליות לחות,Unknown,,ריצפז מטליות לחות,,10.00,יחידה,false,1,15.50,1.55,true,1,25952
13358417,false,מאסטר שף טריאקי 300,Unknown,,מאסטר שף טריאקי 300,,300.00,"100 מ""ל",false,1,14.00,4.67,true,1,25953
13358530,false,רוטב צילי מתוק,Unknown,,רוטב צילי מתוק,,700.00,"100 מ""ל",false,1,15.90,2.27,true,1,20002
13366009,false,אספרגוס ליחידה,Unknown,,אספרגוס ליחידה,,400.00,100 גרם,false,1,36.00,9.00,true,1,22264
13366221,false,נבטי חמניה כ-150 גר,Unknown,,נבטי חמניה כ-150 גר,,150.00,100 גרם,false,1,8.90,5.93,true,1,22268
13366252,false,נבטוטים ליח,Unknown,,נבטוטים ליח,,0.00,,false,1,9.90,0.00,true,1,24397
13366634,false,חסה סלנובה ראשים ליח,Unknown,,חסה סלנובה ראשים ליח,,280.00,100 גרם,false,1,14.90,5.32,true,1,15835
13440648,false,מאגדת אבטיח 5יח,Unknown,,מאגדת אבטיח 5יח,,540.00,100 גרם,false,1,26.90,4.98,true,1,17070
13472199,false,וילי פוד ערמונים 105,Unknown,,וילי פוד ערמונים 105,,105.00,100 גרם,false,1,7.50,7.14,true,1,25954
13492005,false,תפוא זעיר למיקרו,Unknown,,תפוא זעיר למיקרו,,670.00,100 גרם,false,1,11.90,1.78,true,1,22270
13520067,false,לחמניה אצבע ארוז 10י,Unknown,,לחמניה אצבע ארוז 10י,,750.00,100 גרם,false,1,16.90,2.25,false,1,27512
13520463,false,לחם בריאות כוסמין,Unknown,,לחם בריאות כוסמין,,600.00,100 גרם,false,1,16.90,2.82,false,1,27513
13520500,false,לחמניה כוסמין מלא 8,Unknown,,לחמניה כוסמין מלא 8,,400.00,100 גרם,false,1,16.90,4.22,false,1,27514
13558916,false,פטריות שמפיניון,Unknown,,פטריות שמפיניון,,250.00,100 גרם,false,1,12.90,5.16,true,1,25176
13558923,false,פטריות פורטובלה,Unknown,,פטריות פורטובלה,,250.00,100 גרם,false,1,12.90,5.16,true,1,25179
13583185,false,5 מטר - מטר,Unknown,,5 מטר - מטר,,0.00,,false,1,10.00,0.00,true,1,14639
13585233,false,ספרייט ZERO סליק,Unknown,,ספרייט ZERO סליק,,330.00,"100 מ""ל",false,1,8.90,2.61,true,1,25909
13585257,false,ספרייט זירו 500 מל,Unknown,,ספרייט זירו 500 מל,,500.00,"100 מ""ל",false,1,9.90,1.92,true,1,16862
13585387,false,קוקה קולה זירו 1ל,Unknown,,קוקה קולה זירו 1ל,,1.00,1 ליטר,false,1,10.90,10.60,true,1,16763
13585394,false,קוקה קולה 1 ל,Unknown,,קוקה קולה 1 ל,,1.00,1 ליטר,false,1,10.90,10.60,true,1,16762
13585653,false,פריגת אסקטרה אננס,Unknown,,פריגת אסקטרה אננס,,420.00,"100 מ""ל",false,1,10.00,2.31,true,1,19475
13585677,false,פריגת אקסטרה מנגו,Unknown,,פריגת אקסטרה מנגו,,420.00,"100 מ""ל",false,1,10.00,2.31,true,1,19464
13585899,false,ויסוצקי ICE לימונית,Unknown,,ויסוצקי ICE לימונית,,350.00,"100 מ""ל",false,1,7.90,2.17,true,1,17849
13586285,false,ויסוצקי ICE נענע,Unknown,,ויסוצקי ICE נענע,,350.00,"100 מ""ל",false,1,7.90,2.17,true,1,17850
13608260,false,מיץ רימונים סחוט טרי,Unknown,,מיץ רימונים סחוט טרי,,1.00,1 ליטר,false,1,22.90,22.60,true,1,26941
13668134,false,צידנית קשיחה 32 ל,Unknown,,צידנית קשיחה 32 ל,,0.00,,false,1,149.00,0.00,false,1,25027
13668141,false,גריקן מים 6 ליטרים,Unknown,,גריקן מים 6 ליטרים,,0.00,,false,1,59.00,0.00,true,1,24295
13668509,false,צידנית קשיחה 11 ל,Unknown,,צידנית קשיחה 11 ל,,0.00,,false,1,99.00,0.00,false,1,25028
13668516,false,קלקר מים לטיולים חדש,Unknown,,קלקר מים לטיולים חדש,,0.00,,false,1,34.90,0.00,false,1,27135
13702418,false,שוופס מוגז עדין אפרס,Unknown,,שוופס מוגז עדין אפרס,,330.00,"100 מ""ל",false,1,8.00,2.33,true,1,19001
13702425,false,שוופס פרוטס פ.יער,Unknown,,שוופס פרוטס פ.יער,,330.00,"100 מ""ל",false,1,9.90,2.91,true,1,19002
13702708,false,שוופס פרוטס אננס 330,Unknown,,שוופס פרוטס אננס 330,,330.00,"100 מ""ל",false,1,9.90,2.91,true,1,18299
13726001,false,לורד טונה שמינייה,Unknown,,לורד טונה שמינייה,,230.00,100 גרם,false,1,18.00,7.83,true,1,13105
13726025,false,לורד ג.צהובה שמינייה,Unknown,,לורד ג.צהובה שמינייה,,210.00,100 גרם,false,1,18.00,8.57,true,1,13106
13726100,false,לורד טוניסאי שמינייה,Unknown,,לורד טוניסאי שמינייה,,250.00,100 גרם,false,1,18.00,7.20,true,1,13103
13726124,false,לורד שניצל שמינייה,Unknown,,לורד שניצל שמינייה,,260.00,100 גרם,false,1,18.00,6.92,true,1,13104
13726179,false,לורד כריך מיני טונה,Unknown,,לורד כריך מיני טונה,,1.00,יחידה,false,1,11.00,11.00,true,1,13277
13847812,false,סטארקיסט בשמן זית,Unknown,,סטארקיסט בשמן זית,,140.00,100 גרם,false,1,10.90,7.79,true,1,24147
13848345,false,סנו מטליות לחות 99.9,Unknown,,סנו מטליות לחות 99.9,,150.00,יחידה,false,1,26.90,0.18,true,1,25956
13906052,false,טירת צבי נקניקיות,Unknown,,טירת צבי נקניקיות,,300.00,100 גרם,false,1,18.00,6.00,true,1,27343
13906441,false,ט.צבי קבנוס 120 ג,Unknown,,ט.צבי קבנוס 120 ג,,120.00,100 גרם,false,1,13.50,11.25,true,1,20439
13906458,false,ט.צבי קבנוס פיקנטי,Unknown,,ט.צבי קבנוס פיקנטי,,120.00,100 גרם,false,1,13.50,11.25,true,1,25881
13906489,false,חטיפי מיני קבנוס,Unknown,,חטיפי מיני קבנוס,,120.00,100 גרם,false,1,13.50,11.25,true,1,20440
13971555,false,מארז ס.קומבו AA/AAA,Unknown,,מארז ס.קומבו AA/AAA,,0.00,,false,1,19.80,0.00,false,1,23057
14002135,false,ויסוצקי תה ירוק מיקס,Unknown,,ויסוצקי תה ירוק מיקס,,25.00,יחידה,false,1,21.90,0.88,false,1,14011
14002203,false,חליטת לימונית לואיזה,Unknown,,חליטת לימונית לואיזה,,25.00,יחידה,false,1,25.90,1.04,false,1,17373
14002982,false,ויסוצקי תה ל.לואיזה,Unknown,,ויסוצקי תה ל.לואיזה,,1.00,יחידה,false,1,21.90,21.90,false,1,28246
14056008,false,שפירא פייל אייל 330,Unknown,,שפירא פייל אייל 330,,330.00,"100 מ""ל",false,1,18.00,5.36,true,1,28374
14056039,false,שפירא חיטה חפ 330,Unknown,,שפירא חיטה חפ 330,,330.00,"100 מ""ל",false,1,18.00,5.36,true,1,28375
14056046,false,שפירא לאגר חפ 330,Unknown,,שפירא לאגר חפ 330,,330.00,"100 מ""ל",false,1,18.00,5.36,true,1,28376
14056053,false,שפירא חפ בק 330,Unknown,,שפירא IPA חפ 330,,330.00,"100 מ""ל",false,1,18.00,5.36,true,1,28377
14069121,false,עוגת דבש,Unknown,,עוגת דבש,,1.00,יחידה,false,1,49.00,49.00,false,1,29624
14069336,false,עוגיות תמרים,Unknown,,עוגיות תמרים,,1.00,יחידה,false,1,35.00,35.00,false,1,28762
14069435,false,עוגיות חמאת שקדים,Unknown,,עוגיות חמאת שקדים,,1.00,יחידה,false,1,35.00,35.00,false,1,28765
14069459,false,קרקר כוסמין קריסטלית,Unknown,,קרקר כוסמין קריסטלית,,1.00,יחידה,false,1,26.00,26.00,false,1,28766
14069909,false,פס גבינה קלאסי,Unknown,,פס גבינה קלאסי,,1.00,יחידה,false,1,69.00,69.00,false,1,29064
14079076,false,נבטי אלפלפא ארוז ליח,Unknown,,נבטי אלפלפא ארוז ליח,,180.00,100 גרם,false,1,9.90,5.50,true,1,14700
14079236,false,פטריות פורטובלה,Unknown,,פטריות פורטובלה,,250.00,100 גרם,false,1,12.90,5.16,true,1,22271
14217225,false,גריל עוף 120 גר,Unknown,,גריל עוף 120 גר,,120.00,100 גרם,false,1,10.90,9.08,false,1,27503
14217348,false,צילי כתוש 70 גר,Unknown,,צילי כתוש 70 גר,,70.00,100 גרם,false,1,10.90,15.57,false,1,27504
14218932,false,חטיפי פיצה עם זיתים,Unknown,,חטיפי פיצה עם זיתים,,710.00,100 גרם,false,1,42.90,6.04,true,1,23278
14256637,false,מוסקטו BUzZ,Unknown,,מוסקטו BUzZ,,750.00,"100 מ""ל",false,1,35.00,4.63,true,1,18301
14455245,false,גרנה פדנו משולש 29%,Unknown,,גרנה פדנו משולש 29%,,200.00,100 גרם,false,1,32.00,16.00,true,1,25959
14455252,false,גרנה פדנו מגוררת,Unknown,,גרנה פדנו מגוררת,,100.00,100 גרם,false,1,13.00,13.00,true,1,24505
14455320,false,כדור מוצרלה פרסקה,Unknown,,כדור מוצרלה פרסקה,,100.00,100 גרם,false,1,10.00,10.00,true,1,24506
14455467,false,גד מעדן ש.שועל וחלב,Unknown,,גד מעדן ש.שועל וחלב,,150.00,"100 מ""ל",false,1,5.90,3.93,false,1,28277
14459632,false,ציפס טוגן 8*1.5קג,Unknown,,ציפס טוגן 8*1.5קג,,1.50,"1 ק""ג",false,1,22.90,15.27,true,1,29802
14459854,false,ציפס קלאסי 1.5 קג,Unknown,,ציפס קלאסי 1.5 קג,,1.50,"1 ק""ג",false,1,18.00,12.00,true,1,27623
14459939,false,טוגן ציפס 1.7קג,Unknown,,טוגן ציפס 1.7קג,,1.70,"1 ק""ג",false,1,26.00,15.29,true,1,27624
14462311,false,דובדבן אדום ארוז-חדש,Unknown,,דובדבן אדום ארוז-חדש,,300.00,100 גרם,false,1,24.90,8.30,true,1,23345
14462533,false,ליצי במארז,Unknown,,ליצי במארז,,310.00,100 גרם,false,1,19.90,6.42,false,1,27410
14462847,false,תירס ארוז,Unknown,,תירס ארוז,קילוגרמים,1.00,"ק""ג",true,1,15.90,0.00,true,1,26800
14466128,false,ירדן הר חרמון אינדיג,Unknown,,ירדן הר חרמון אינדיג,,750.00,"100 מ""ל",false,1,44.90,5.95,true,1,14286
14466463,false,הר חרמון מוסקטו,Unknown,,הר חרמון מוסקטו,,750.00,"100 מ""ל",false,1,44.90,5.95,true,1,29096
14466609,false,יין גמלא מרלו,Unknown,,יין גמלא מרלו,,750.00,"100 מ""ל",false,1,80.00,10.63,true,1,25699
14503137,false,כנען אדום -דלתון,Unknown,,כנען אדום -דלתון,,750.00,"100 מ""ל",false,1,50.00,6.63,true,1,18420
14503144,false,כנען לבן - דלתון,Unknown,,כנען לבן - דלתון,,750.00,"100 מ""ל",false,1,50.00,6.63,true,1,18421
14525313,false,מרבה קריספי שוקולד,Unknown,,מרבה קריספי שוקולד,,164.00,100 גרם,false,1,14.90,9.09,true,1,23246
14553040,false,תרסיס גז פלפל,Unknown,,תרסיס גז פלפל,,0.00,,false,1,59.00,0.00,false,1,28729
14581036,false,פחם 2 קג להבה,Unknown,,פחם 2 קג להבה,,2.00,"1 ק""ג",false,1,21.90,10.95,false,1,28880
14603028,false,סולרו תות יחידתי,Unknown,,סולרו תות יחידתי,,76.00,100 גרם,false,1,12.90,16.97,true,1,14273
14603776,false,קרמבו וניל 20 יח,Unknown,,קרמבו וניל 20 יח,,584.00,100 גרם,false,1,44.90,7.69,true,1,16130
14603783,false,קרמבו מוקה 20 יח,Unknown,,קרמבו מוקה 20 יח,,584.00,100 גרם,false,1,44.90,7.69,true,1,16131
14648906,false,אציטון La Belle 100,Unknown,,אציטון La Belle 100,,100.00,"100 מ""ל",false,1,5.90,5.90,true,1,24509
14692565,false,גרעיני תירס מתוק,Unknown,,גרעיני תירס מתוק,,320.00,100 גרם,false,1,5.50,1.72,true,1,24922
14725294,false,סוכרזית סוכרלוז 100ש,Unknown,,סוכרזית סוכרלוז 100ש,,100.00,יחידה,false,1,25.00,0.25,true,1,25960
14749245,false,רצועות שניצל,Unknown,,רצועות שניצל,,600.00,100 גרם,false,1,41.90,6.98,true,1,26191
14758162,false,תנובה חלב עיזים 1ל,Unknown,,תנובה חלב עיזים 1ל,,1.00,1 ליטר,false,1,17.90,17.90,true,1,26473
14758544,false,חמאה 200 גרם בדצ,Unknown,,חמאה 200 גרם בדצ,,200.00,100 גרם,false,1,8.30,4.15,false,1,23030
14758681,false,קוטג תנובה 1% 250ג,Unknown,,קוטג תנובה 1% 250ג,,250.00,100 גרם,false,1,6.00,2.40,true,1,23418
14759084,false,נפוליאון 16% 225גר,Unknown,,נפוליאון 16% 225גר,,225.00,100 גרם,false,1,15.90,7.07,true,1,23419
14759909,false,פ.פטה עזים פיראוס,Unknown,,פ.פטה עזים פיראוס,,250.00,100 גרם,false,1,31.90,12.76,true,1,23421
14759978,false,גבינת קולאז קצקבל,Unknown,,גבינת קולאז קצקבל,,200.00,100 גרם,false,1,30.00,15.00,true,1,20438
14759985,false,גבינת קולאז פרמזן,Unknown,,גבינת קולאז פרמזן,,200.00,100 גרם,false,1,27.90,13.95,true,1,19101
14759992,false,פלח רוקפור גליל 27%,Unknown,,רוקפור פלח 140ג,,140.00,100 גרם,false,1,21.90,15.64,true,1,26477
14760141,false,משקה שקדים טרי 1 ל,Unknown,,משקה שקדים טרי 1 ל,,1.00,1 ליטר,false,1,14.20,14.20,true,1,23422
14761056,false,YOLO שוקולד חלב,Unknown,,YOLO שוקולד חלב,,123.00,100 גרם,false,1,5.50,4.47,true,1,16504
14761070,false,יולו שוקולד לבן,Unknown,,יולו שוקולד לבן,,123.00,100 גרם,false,1,5.80,4.72,true,1,16503
14761414,false,YOLO שוקולד חלב ולבן,Unknown,,YOLO שוקולד חלב ולבן,,123.00,100 גרם,false,1,5.50,4.47,true,1,16506
14761612,false,YOLO שכבות מריר ולבן,Unknown,,YOLO שכבות מריר ולבן,,122.00,100 גרם,false,1,5.80,4.75,true,1,16987
14762756,false,נפוליאון ע.בצל 225 ג,Unknown,,נפוליאון ע.בצל 225 ג,,225.00,100 גרם,false,1,15.90,7.07,true,1,23424
14762770,false,ג.מעדן סויה ט.אפרסק,Unknown,,ג.מעדן סויה ט.אפרסק,,125.00,"100 מ""ל",false,1,5.00,4.00,true,1,23425
14762787,false,מעדן סויה טעם תות,Unknown,,מעדן סויה טעם תות,,125.00,"100 מ""ל",false,1,5.00,4.00,true,1,23426
14762794,false,מעדן סויה ביו מתיקות,Unknown,,מעדן סויה ביו מתיקות,,125.00,100 גרם,false,1,5.00,4.00,true,1,26279
14762800,false,מעדן סויה ט.שוקולד,Unknown,,מעדן סויה ט.שוקולד,,125.00,"100 מ""ל",false,1,5.30,4.24,true,1,23427
14762831,false,נפוליאון פ. חליפינו,Unknown,,נפוליאון פ. חליפינו,,200.00,100 גרם,false,1,15.90,7.95,true,1,23428
14762848,false,ג.צהובה מגורדת גלבוע,Unknown,,ג.צהובה מגורדת גלבוע,,500.00,100 גרם,false,1,36.90,7.38,false,1,28795
14762909,false,ה.הלבן פתיתי מוצרלה,Unknown,,ה.הלבן פתיתי מוצרלה,,200.00,100 גרם,false,1,19.00,9.50,true,1,23429
14763098,false,ג.שמנת פלפל שום בצל,Unknown,,ג.שמנת פלפל שום בצל,,200.00,100 גרם,false,1,12.90,6.45,false,1,28247
14763579,false,מעדן סויה ביו,Unknown,,מעדן סויה ביו,,125.00,100 גרם,false,1,5.00,4.00,true,1,26278
14763678,false,משקה בטעם וניל GO,Unknown,,משקה בטעם וניל GO,,250.00,"100 מ""ל",false,1,7.50,3.00,true,1,18399
14785441,false,א.ביצים להקפצה,Unknown,,א.ביצים להקפצה,,450.00,100 גרם,false,1,9.90,2.20,true,1,27023
14785991,false,רוטב סויה ל.גלוטן,Unknown,,רוטב סויה ל.גלוטן,,500.00,"100 מ""ל",false,1,15.90,3.18,true,1,27016
14791336,false,מי עדן 1 לי,Unknown,,מי עדן 1 ל,,1.00,1 ליטר,false,1,8.90,8.60,true,1,17974
14791572,false,שוופס ענבים מוגז 330,Unknown,,שוופס ענבים מוגז 330,,330.00,"100 מ""ל",false,1,9.90,2.91,true,1,16889
14791626,false,שוופס סודה נענע ליים,Unknown,,שוופס סודה נענע ליים,,250.00,"100 מ""ל",false,1,6.90,2.64,true,1,16807
14791787,false,פרוט ווטר אננס 1.5,Unknown,,פרוט ווטר אננס 1.5,,1.50,1 ליטר,false,1,11.90,7.93,true,1,17577
14791817,false,פרוט ווטר אבטיח 1.5,Unknown,,פרוט ווטר אבטיח 1.5,,1.50,1 ליטר,false,1,11.90,7.93,true,1,17576
14791848,false,פרוט ווטר אננס 0.5 ל,Unknown,,פרוט ווטר אננס 0.5 ל,,500.00,"100 מ""ל",false,1,10.90,2.12,false,1,16986
14791862,false,פרוט ווטר אפרסק,Unknown,,פרוט ווטר אפרסק,,500.00,"100 מ""ל",false,1,10.00,1.94,true,1,20263
14791879,false,פרוט ווטר אבטיח 0.5,Unknown,,פרוט ווטר אבטיח 0.5,,500.00,"100 מ""ל",false,1,10.90,2.12,true,1,16985
14821057,false,כבל אודיו AUX,Unknown,,כבל אודיו AUX,,0.00,,false,1,32.90,0.00,true,1,21440
14821064,false,כבל סנכרון MICRO USB,Unknown,,כבל סנכרון MICRO USB,,0.00,,false,1,34.90,0.00,true,1,21441
14821088,false,כבל סנכרון+טעינה איפ,Unknown,,כבל סנכרון+טעינה איפ,,0.00,,false,1,49.90,0.00,true,1,21442
14821095,false,מטעו רכב איפון 6,Unknown,,מטעו רכב איפון 6,,0.00,,false,1,79.90,0.00,false,1,21443
14821101,false,מעמד לרכב-לבן,Unknown,,מעמד לרכב-לבן,,0.00,,false,1,99.90,0.00,false,1,14932
14821118,false,מעמד לרכב-שחור,Unknown,,מעמד לרכב-שחור,,0.00,,false,1,99.90,0.00,false,1,14931
14821347,false,אוזניות כפתור ARTOS,Unknown,,אוזניות כפתור ARTOS,,0.00,,false,1,54.90,0.00,false,1,15276
14821507,false,מטען קיר איפון 6,Unknown,,מטען קיר איפון 6,,0.00,,false,1,79.90,0.00,false,1,21444
14821569,false,כבל סנכרון אלומניום,Unknown,,כבל סנכרון אלומניום,,0.00,,false,1,34.90,0.00,false,1,21448
14821682,false,זרוע א. TOUCH צהוב,Unknown,,זרוע א. TOUCH צהוב,,0.00,,false,1,49.00,0.00,false,1,23925
14821699,false,זרוע לרכב,Unknown,,זרוע לרכב,,0.00,,false,1,49.00,0.00,true,1,23892
14890183,false,ציידנית משפ נוספת,Unknown,,ציידנית משפ נוספת,,0.00,,false,1,119.00,0.00,false,1,29189
14910461,false,ערק יודה 40% 700 מל,Unknown,,ערק יודה 40% 700 מל,,700.00,"100 מ""ל",false,1,69.90,9.94,false,1,27733
14935280,false,שורש פטרוזיליה ארוז,Unknown,,שורש פטרוזיליה ארוז,,0.00,,false,1,5.90,0.00,true,1,24398
14961203,false,לורד שווארמה שמינייה,Unknown,,לורד שווארמה שמינייה,,270.00,100 גרם,false,1,18.00,6.67,true,1,15186
14961258,false,לורד-דאבל פסטרמה+בקר,Unknown,,לורד-דאבל פסטרמה+בקר,,240.00,100 גרם,false,1,18.00,7.50,true,1,16431
14961265,false,לורד ביצה קשה שמיניי,Unknown,,לורד ביצה קשה שמיניי,,0.00,,false,1,18.00,0.00,true,1,16430
15008020,false,נרות נשמה,Unknown,,נרות נשמה,,1.00,יחידה,false,1,2.50,2.50,false,1,24555
15008037,false,נרות חימום 50 יח,Unknown,,נרות חימום 50 יח,,50.00,יחידה,false,1,12.90,0.26,false,1,29587
15008105,false,צלחות קטן 50 יח עבות,Unknown,,צלחות קטן 50 יח עבות,,50.00,יחידה,false,1,16.90,0.34,true,1,25962
15008273,false,כוסות פלסטיק,Unknown,,כוסות פלסטיק,,100.00,יחידה,false,1,13.90,0.14,false,1,24552
15008372,false,כוסות קרטון 50 יח,Unknown,,כוסות קרטון 50 יח,,50.00,יחידה,false,1,12.90,0.26,false,1,24550
15008525,false,קיסמי שיניים 300 יח,Unknown,,קיסמי שיניים 300 יח,,300.00,יחידה,false,1,4.00,0.01,true,1,26193
15008655,false,כפות 50 יח,Unknown,,כפות 50 יח,,50.00,יחידה,false,1,11.90,0.24,false,1,24546
15008662,false,מזלג 50 יח,Unknown,,מזלג 50 יח,,50.00,יחידה,false,1,10.90,0.22,false,1,24548
15008679,false,סכין 50 יח,Unknown,,סכין 50 יח,,50.00,יחידה,false,1,10.90,0.22,false,1,24549
15008686,false,כפיות 50 יח,Unknown,,כפיות 50 יח,,50.00,יחידה,false,1,8.90,0.18,false,1,24547
15008693,false,צלחות ענק צבעוני,Unknown,,צלחות ענק צבעוני,,25.00,יחידה,false,1,22.90,0.92,false,1,24544
15008839,false,צ.עמוקות ע.במיוחד,Unknown,,צ.עמוקות ע.במיוחד,,30.00,יחידה,false,1,20.90,0.70,true,1,26599
15014267,false,פסיפלורה ליחידה,Unknown,,פסיפלורה ליחידה,,680.00,100 גרם,false,1,24.90,3.66,true,1,22319
15039246,false,נתחי טונה*4 בהירה,Unknown,,נתחי טונה*4 בהירה,,160.00,100 גרם,false,1,22.90,14.31,true,1,24924
15039338,false,טונה בהירה במי מלח,Unknown,,טונה בהירה במי מלח,,640.00,100 גרם,false,1,22.90,3.58,false,1,28248
15116008,false,בצל ירוק מובחר,Unknown,,בצל ירוק מובחר,,250.00,100 גרם,false,1,4.90,1.96,true,1,20080
15116015,false,ברוקולי ארוז,Unknown,,ברוקולי ארוז,,0.00,,false,1,14.90,0.00,true,1,24399
15116756,false,תירס לבן ארוז,Unknown,,תירס לבן ארוז,,1.10,"1 ק""ג",false,1,19.90,18.09,true,1,26909
15150118,false,עגבניות שלישייה,Unknown,,עגבניות שלישייה,,1.20,"1 ק""ג",false,1,22.00,18.33,false,1,21696
15155823,false,פאוץ פרינוק תפוח,Unknown,,פאוץ פרינוק תפוח,,120.00,100 גרם,false,1,7.00,5.83,true,1,26258
15155830,false,פרינוק תפוח בננה,Unknown,,פרינוק תפוח בננה,,120.00,100 גרם,false,1,7.00,5.83,true,1,26259
15155847,false,פרינוק סלט פירות,Unknown,,פרינוק סלט פירות,,120.00,100 גרם,false,1,7.00,5.83,true,1,26260
15253321,false,פחם AFRICAN BBQ,Unknown,,פחם AFRICAN BBQ,,1.00,יחידה,false,1,21.90,21.90,false,1,29027
15341004,false,עוגיות שקדים Emma,Unknown,,עוגיות שקדים Emma,,85.00,100 גרם,false,1,9.90,11.65,true,1,20862
15341011,false,עוגיות גרנולה Emma,Unknown,,עוגיות גרנולה Emma,,85.00,100 גרם,false,1,9.90,11.65,true,1,20863
15341028,false,עוגיות שוקו ציפס,Unknown,,עוגיות שוקו ציפס,,85.00,100 גרם,false,1,9.90,11.65,true,1,20864
15341097,false,בייגלה טבעי Emma,Unknown,,בייגלה טבעי Emma,,85.00,100 גרם,false,1,9.90,11.65,true,1,21304
15341318,false,עוגיות בוטנים,Unknown,,עוגיות בוטנים,,350.00,100 גרם,false,1,15.90,4.54,true,1,19003
15341356,false,עוגיות קוקוס 400ג,Unknown,,עוגיות קוקוס 400ג,,350.00,100 גרם,false,1,15.90,4.54,true,1,19004
15341394,false,מיוחדים 3 טעמים,Unknown,,מיוחדים 3 טעמים,,400.00,100 גרם,false,1,15.90,3.98,true,1,21112
15366663,false,משחת א.פרש מנטה עדין,Unknown,,משחת א.פרש מנטה עדין,,100.00,"100 מ""ל",false,1,7.90,7.90,false,1,23208
15366670,false,אקווה פרש מ.שיניים,Unknown,,אקווה פרש מ.שיניים,,100.00,"100 מ""ל",false,1,7.90,7.90,true,1,19571
15446242,false,אולאין חטיף ק.עוגיות,Unknown,,אולאין חטיף ק.עוגיות,,50.00,100 גרם,false,1,13.90,27.80,true,1,22697
15446341,false,אולאין ח.בננה טופי,Unknown,,אולאין ח.בננה טופי,,60.00,100 גרם,false,1,13.90,23.17,true,1,22698
15446495,false,אולאין שוקולד פאדג,Unknown,,אולאין שוקולד פאדג,,100.00,100 גרם,false,1,20.00,20.00,true,1,22701
15446921,false,אול אין קרמל מלוח,Unknown,,אול אין קרמל מלוח,,60.00,100 גרם,false,1,14.90,24.83,true,1,27136
15475013,false,פחם 2 קג בשקית נייר,Unknown,,פחם 2 קג בשקית נייר,,2.00,"1 ק""ג",false,1,20.00,10.00,true,1,21175
15493192,false,נביעות+פרי אבטיח0.5,Unknown,,נביעות+פרי אבטיח0.5,,500.00,"100 מ""ל",false,1,9.90,1.92,true,1,21545
15493208,false,נביעות+פרי אננס 0.5,Unknown,,נביעות+פרי אננס 0.5,,500.00,"100 מ""ל",false,1,7.90,1.52,true,1,21546
15500357,false,מדליק פחם נוזלי,Unknown,,מדליק פחם נוזלי,,200.00,יחידה,false,1,15.00,0.08,false,1,24559
15519144,false,מטען קיר GALAXY,Unknown,,מטען קיר GALAXY,,0.00,,false,1,52.90,0.00,true,1,21445
15519205,false,מעמד מגנטי לסלולרי,Unknown,,מעמד מגנטי לסלולרי,,0.00,,false,1,29.90,0.00,false,1,16385
15519298,false,אוהל זוגי CAMP & GO,Unknown,,אוהל זוגי CAMP & GO,,0.00,,false,1,100.00,0.00,true,1,16599
15519304,false,אוהל ל-4 אנשים,Unknown,,אוהל ל-4 אנשים,,0.00,,false,1,129.00,0.00,true,1,16600
15519311,false,אוהל ל-6 אנשים,Unknown,,אוהל ל-6 אנשים,,0.00,,false,1,199.00,0.00,true,1,16601
15519335,false,שק שינה ירוק,Unknown,,שק שינה ירוק,,0.00,,false,1,69.00,0.00,true,1,16602
15519359,false,מיטה מתנפחת ליחיד,Unknown,,מיטה מתנפחת ליחיד,,0.00,,false,1,79.00,0.00,true,1,16603
15519434,false,מזרן קמפינג 0.7,Unknown,,מזרן קמפינג 0.7,,0.00,,false,1,29.00,0.00,true,1,16607
15519526,false,כסא במאי-ירוק,Unknown,,כסא במאי-ירוק,,0.00,,false,1,69.00,0.00,true,1,16610
15519533,false,כסא ים -ירוק\כחול,Unknown,,כסא ים -ירוק\כחול,,0.00,,false,1,69.00,0.00,true,1,21649
15519656,false,צידנית רכה 24ל-אפור,Unknown,,צידנית רכה 24ל-אפור,,0.00,,false,1,49.00,0.00,true,1,16651
15519694,false,חצובה + 2 פנסים,Unknown,,חצובה + 2 פנסים,,0.00,,false,1,299.00,0.00,false,1,16832
15519717,false,פרוזקטור נטען 10W,Unknown,,פרוזקטור נטען 10W,,0.00,,false,1,99.00,0.00,true,1,17673
15519793,false,מחצלת 2*3 CAMP & GO,Unknown,,מחצלת 2*3 CAMP & GO,,0.00,,false,1,50.00,0.00,true,1,16612
15519809,false,מחצלת 3*3 CAMP & GO,Unknown,,מחצלת 3*3 CAMP & GO,,0.00,,false,1,99.00,0.00,true,1,16613
15519816,false,מזרון שטח - חדש,Unknown,,מזרון שטח - חדש,,0.00,,false,1,99.00,0.00,true,1,16660
15597210,false,טילון קורנטו פרווה-מ,Unknown,,טילון קורנטו פרווה-מ,,430.00,100 גרם,false,1,36.00,8.37,true,1,21249
15597326,false,מאגדת קלי קלות,Unknown,,מאגדת קלי קלות,,710.00,100 גרם,false,1,27.00,3.80,true,1,25964
15597937,false,קורנטו קלאסיק חדש,Unknown,,קורנטו קלאסיק חדש,,70.00,100 גרם,false,1,10.00,14.29,true,1,21191
15667769,false,פחם 2 קג הדר השרון,Unknown,,פחם 2 קג הדר השרון,,2.00,"1 ק""ג",false,1,20.00,10.00,true,1,25434
15733205,false,מטרנה אקסטרה קר,Unknown,,מטרנה אקסטרה קר,,700.00,100 גרם,false,1,68.50,9.79,true,1,26194
15781114,false,מרלו - IMPRESSION,Unknown,,מרלו - IMPRESSION,,750.00,"100 מ""ל",false,1,47.90,6.35,false,1,28863
15781121,false,טפרברג קברנה סובניון,Unknown,,טפרברג קברנה סובניון,,750.00,"100 מ""ל",false,1,47.90,6.35,false,1,28864
15781138,false,שרדונה - IMPRESSION,Unknown,,שרדונה - IMPRESSION,,750.00,"100 מ""ל",false,1,47.90,6.35,false,1,28865
15781152,false,טפרברג רוזה יבש,Unknown,,טפרברג רוזה יבש,,750.00,"100 מ""ל",false,1,47.90,6.35,false,1,28866
15781275,false,טפרברג מוסקטו לבן,Unknown,,טפרברג מוסקטו לבן,,750.00,"100 מ""ל",false,1,37.90,5.01,false,1,28867
15781664,false,אלגרו למברוסקו,Unknown,,אלגרו למברוסקו,,750.00,"100 מ""ל",false,1,49.70,6.63,false,1,29482
15790000,false,רימון קלוף ארוז 250,Unknown,,רימון קלוף ארוז 250,,250.00,100 גרם,false,1,23.30,9.32,true,1,27434
15790017,false,פומלה קלופה,Unknown,,פומלה קלופה,,250.00,100 גרם,false,1,19.90,7.96,true,1,27859
15842631,false,כוסות לברד 40 יח,Unknown,,כוסות לברד 40 יח,,40.00,יחידה,false,1,11.90,0.30,false,1,24553
15848862,false,אולטרסול 50 תחליב250,Unknown,,אולטרסול 50 תחליב250,,250.00,"100 מ""ל",false,1,39.90,15.96,true,1,26261
15848886,false,אולטרסול קידס 250מל,Unknown,,אולטרסול קידס 250מל,,250.00,"100 מ""ל",false,1,39.90,15.96,true,1,26262
15848909,false,אולטרסול תחליב קידס,Unknown,,אולטרסול תחליב קידס,,250.00,"100 מ""ל",false,1,39.90,15.96,true,1,28548
15848923,false,אולטרסול 30 מבוגרים,Unknown,,אולטרסול 30 מבוגרים,,250.00,"100 מ""ל",false,1,39.90,15.96,true,1,26263
15848978,false,אולטרסול קרם פנים,Unknown,,אולטרסול קרם פנים,,75.00,"100 מ""ל",false,1,29.90,39.87,true,1,24628
15858106,false,מצונן פסטו ביתי 180ג,Unknown,,מצונן פסטו ביתי 180ג,,180.00,100 גרם,false,1,21.90,12.17,false,1,28177
15858113,false,מצונן עגבנות מיובשות,Unknown,,מצונן עגבנות מיובשות,,180.00,100 גרם,false,1,21.90,12.17,false,1,28178
15858144,false,ממרח ארטישוק 180 ג,Unknown,,ממרח ארטישוק 180 ג,,180.00,100 גרם,false,1,21.90,12.17,false,1,28179
15858229,false,מצונן טפנד זיתים,Unknown,,מצונן טפנד זיתים,,180.00,100 גרם,false,1,21.90,12.17,false,1,28180
15859004,false,עירית ארוז ליח,Unknown,,עירית ארוז ליח,,61.00,100 גרם,false,1,6.90,11.31,true,1,22273
15859042,false,לבבות קיסר,Unknown,,לבבות קיסר,,280.00,100 גרם,false,1,15.90,5.68,true,1,22290
15859059,false,עלי חסה רומית בכור,Unknown,,עלי חסה רומית בכור,,200.00,100 גרם,false,1,13.90,6.95,true,1,27389
15859202,false,בזיליקום ארוז ליח,Unknown,,בזיליקום ארוז ליח,,48.00,100 גרם,false,1,5.90,12.29,true,1,24106
15859288,false,בייבי סלט איכות,Unknown,,בייבי סלט איכות,,130.00,100 גרם,false,1,14.90,11.46,true,1,23158
15951869,false,יין הר חרמון רוזה,Unknown,,יין הר חרמון רוזה,,750.00,"100 מ""ל",false,1,44.90,5.95,true,1,29097
15951890,false,יין הר חרמון קברנה,Unknown,,יין הר חרמון קברנה,,750.00,"100 מ""ל",false,1,44.90,5.95,true,1,25700
15979559,false,חסה ערבית ליח,Unknown,,חסה ערבית ליח,,650.00,100 גרם,false,1,6.90,1.06,true,1,22336
15979641,false,ברוקולי ארוז ליח,Unknown,,ברוקולי ארוז ליח,,550.00,100 גרם,false,1,14.90,2.71,true,1,22323
15979665,false,חסה עגולה מובחרת ליח,Unknown,,חסה עגולה מובחרת ליח,,500.00,100 גרם,false,1,9.90,1.98,true,1,22324
15988841,false,טבק לנרגילה תפוח 60,Unknown,,טבק לנרגילה תפוח 60,,60.00,100 גרם,false,1,35.00,58.33,false,1,23562
15988889,false,טבק לנרגילה אבטיח 60,Unknown,,טבק לנרגילה אבטיח 60,,60.00,100 גרם,false,1,35.00,58.33,false,1,23563
15995566,false,ערמונים אלטאי,Unknown,,ערמונים אלטאי,,1.00,"1 ק""ג",false,1,34.90,34.90,true,1,25709
16006322,false,מי עדן 1ליטר בודד,Unknown,,מי עדן 1ליטר בודד,,1.00,1 ליטר,false,1,8.90,8.60,true,1,17875
16006339,false,מי עדן 1ל רביעייה,Unknown,,מי עדן 1ל רביעייה,,4.00,1 ליטר,false,1,12.90,2.92,true,1,17876
16006377,false,שוופס פרוטס תות ליים,Unknown,,שוופס פרוטס תות ליים,,330.00,"100 מ""ל",false,1,9.90,2.91,true,1,17783
16041064,false,ס.התנעה לרכב 12000MA,Unknown,,ס.התנעה לרכב 12000MA,,0.00,,false,1,299.00,0.00,false,1,20911
16077766,false,היינץ שעועית,Unknown,,היינץ שעועית,,453.00,100 גרם,false,1,12.00,2.65,true,1,26195
16081008,false,אוהל פתיחה ל4 אנשים,Unknown,,אוהל פתיחה ל4 אנשים,,0.00,,false,1,199.00,0.00,false,1,16960
16081206,false,ערסל זוגי,Unknown,,ערסל זוגי,,0.00,,false,1,99.00,0.00,true,1,19820
16081213,false,ערסל ישיבה,Unknown,,ערסל ישיבה,,0.00,,false,1,99.00,0.00,true,1,19821
16081237,false,גזיבו 3*3,Unknown,,גזיבו 3*3,,0.00,,false,1,299.00,0.00,true,1,21055
16081244,false,סט 3 כלים לגריל נרוס,Unknown,,סט 3 כלים לגריל נרוס,,0.00,,false,1,39.00,0.00,true,1,17632
16081268,false,מערכת ישיבה במאים,Unknown,,מערכת ישיבה במאים,,0.00,,false,1,99.90,0.00,false,1,18030
16081619,false,אוזניית בלוטות שחור,Unknown,,אוזניית בלוטות שחור,,0.00,,false,1,99.90,0.00,false,1,17932
16081626,false,אוזניית בלוטות לבן,Unknown,,אוזניית בלוטות לבן,,0.00,,false,1,99.90,0.00,false,1,17933
16094008,false,אולטרסול קרם פנים 50,Unknown,,אולטרסול קרם פנים 50,,75.00,"100 מ""ל",false,1,29.90,39.87,true,1,26265
16094015,false,אולטרסול קידס ק.פנים,Unknown,,אולטרסול קידס ק.פנים,,75.00,"100 מ""ל",false,1,29.90,39.87,true,1,21309
16094022,false,אולטרסול ספריי שקוף,Unknown,,אולטרסול ספריי שקוף,,200.00,"100 מ""ל",false,1,39.90,19.95,true,1,26266
16094039,false,אולסטרסול שקוף קידס,Unknown,,אולסטרסול שקוף קידס,,200.00,"100 מ""ל",false,1,39.90,19.95,true,1,26267
16094091,false,ספריי שקוף קידס,Unknown,,ספריי שקוף קידס,,200.00,"100 מ""ל",false,1,39.90,19.95,true,1,19573
16102307,false,ערכת מנגל חד פעמי,Unknown,,ערכת מנגל חד פעמי,,1.00,יחידה,false,1,15.00,15.00,false,1,24557
16102772,false,צלחות גדול 50 יח,Unknown,,צלחות גדול 50 יח,,50.00,יחידה,false,1,17.90,0.36,false,1,24543
16150117,false,סלק ארוז בוואקום,Unknown,,סלק ארוז בוואקום,,500.00,100 גרם,false,1,7.90,1.58,true,1,22275
16162219,false,כדורי שוקולד 280ג,Unknown,,כדורי שוקולד 280ג,,280.00,100 גרם,false,1,31.90,11.39,false,1,29616
16162264,false,עוגת גבינה רנססנס,Unknown,,עוגת גבינה רנססנס,,450.00,100 גרם,false,1,42.90,9.53,false,1,29619
16197488,false,מטליות מיקרופייבר,Unknown,,מטליות מיקרופייבר,,3.00,יחידה,false,1,17.90,5.97,false,1,23373
16197495,false,מטליות מיקרופייבר ני,Unknown,,מטליות מיקרופייבר ני,,2.00,יחידה,false,1,25.90,12.95,false,1,23374
16197839,false,השקית החזקה XL,Unknown,,השקית החזקה XL,,20.00,יחידה,false,1,25.00,1.25,true,1,26268
16230888,false,סוללה CR2032 3V,Unknown,,סוללה CR2032 3V,,0.00,,false,1,3.90,0.00,true,1,23279
16246209,false,חלבה וניל 100 ג,Unknown,,חלבה וניל 100 ג,,100.00,100 גרם,false,1,6.90,6.90,false,1,24239
16284003,false,חסה רומית שלמה,Unknown,,חסה רומית שלמה,,280.00,100 גרם,false,1,10.90,3.89,true,1,22276
16284058,false,חסה סלנובה ראשים ליח,Unknown,,חסה סלנובה ראשים ליח,,0.00,,false,1,13.90,0.00,true,1,24400
16372397,false,ויסוצקי תה ירוק תפוז,Unknown,,ויסוצקי תה ירוק תפוז,,1.00,יחידה,false,1,21.90,21.90,false,1,28249
16411232,false,חסה סלנובה גלאט,Unknown,,חסה סלנובה גלאט,,280.00,100 גרם,false,1,13.90,4.96,true,1,24888
16509786,false,פרסיל גל 2.5ל ירוק,Unknown,,פרסיל גל 2.5ל ירוק,,2.50,1 ליטר,false,1,37.90,15.16,false,1,21887
16509809,false,פרסיל גל 2.5ל קולור,Unknown,,פרסיל גל 2.5ל קולור,,2.50,1 ליטר,false,1,37.90,15.16,false,1,23232
16584004,false,גיזרונים-חטיפוני גזר,Unknown,,גיזרונים-חטיפוני גזר,,130.00,100 גרם,false,1,7.90,6.08,true,1,25409
16584219,false,שעועית ירוקה שלמה,Unknown,,שעועית ירוקה שלמה,,400.00,100 גרם,false,1,19.90,4.97,true,1,24889
16621617,false,אולטרסול קידס שקוף,Unknown,,אולטרסול קידס שקוף,,300.00,"100 מ""ל",false,1,39.90,13.30,true,1,19925
16621624,false,אולטרסול קידס שקוף,Unknown,,אולטרסול קידס שקוף,,300.00,"100 מ""ל",false,1,44.90,14.97,true,1,26269
16667769,false,פחם 2 קג הדר השרון,Unknown,,פחם 2 קג הדר השרון,,2.00,"1 ק""ג",false,1,20.00,10.00,true,1,25438
16682083,false,פריניב ת.בננה 400מל,Unknown,,פריניב ת.בננה 400מל,,400.00,"100 מ""ל",false,1,10.90,2.65,true,1,28881
16682090,false,פריניב תמר בננה400,Unknown,,פריניב תמר בננה400,,400.00,"100 מ""ל",false,1,10.90,2.65,true,1,28882
16682144,false,פריניב קיווי תפוח400,Unknown,,פריניב קיווי תפוח400,,400.00,"100 מ""ל",false,1,10.90,2.65,true,1,28883
16682168,false,פריניב תפוזים 400מל,Unknown,,פריניב תפוזים 400מל,,400.00,"100 מ""ל",false,1,10.90,2.65,true,1,28884
16717631,false,מוסקטו PC,Unknown,,מוסקטו PC,,750.00,"100 מ""ל",false,1,50.00,6.63,true,1,25965
16717754,false,יין היובל ישן נושן,Unknown,,יין היובל ישן נושן,,750.00,"100 מ""ל",false,1,26.00,3.43,true,1,25966
16809008,false,מלפפון בייבי ארוז,Unknown,,מלפפון בייבי ארוז,,0.00,,false,1,12.90,0.00,true,1,24401
16809015,false,פלפל גמדי ליח,Unknown,,פלפל גמדי ליח,,0.00,,false,1,12.90,0.00,true,1,24402
16809374,false,שרי כתום ארוז 400,Unknown,,שרי כתום ארוז 400,,400.00,100 גרם,false,1,12.90,3.22,true,1,23596
16809381,false,שרי לובלו (בקבוקים),Unknown,,שרי לובלו (בקבוקים),,400.00,100 גרם,false,1,12.90,3.22,true,1,23597
16809404,false,שרי מיקס ארוז,Unknown,,שרי מיקס ארוז,,400.00,100 גרם,false,1,13.90,3.48,true,1,23598
16809428,false,חצילון בייבי מנומר,Unknown,,חצילון בייבי מנומר,,350.00,100 גרם,false,1,10.90,3.11,true,1,23599
16866650,false,משחת אוריגינל 75מ,Unknown,,משחת אוריגינל 75מ,,75.00,"100 מ""ל",false,1,28.90,38.53,false,1,23235
16898200,false,נרות חנוכה 44 יחידות,Unknown,,נרות חנוכה 44 יחידות,,44.00,יחידה,false,1,5.00,0.11,true,1,25435
16948158,false,40 מסכות שחורות,Unknown,,40 מסכות שחורות,,40.00,יחידה,false,1,14.30,0.36,false,1,25718
16948189,false,מארז 40 מסכות ילדים,Unknown,,מארז 40 מסכות ילדים,,40.00,יחידה,false,1,18.90,0.47,false,1,27144
16948271,false,מסכות מבוגר הדפס*10,Unknown,,מסכות מבוגר הדפס*10,,10.00,יחידה,false,1,9.90,0.99,false,1,25477
16998092,false,מלפפון בייבי ארוז,Unknown,,מלפפון בייבי ארוז,,330.00,100 גרם,false,1,12.90,3.91,true,1,24432
17023212,false,שוופס מוגז תפוח 4X,Unknown,,שוופס מוגז תפוח 4X,,1.32,1 ליטר,false,1,13.90,9.62,true,1,26955
17023236,false,שוופס מוגז ענבים4X,Unknown,,שוופס מוגז ענבים4X,,1.32,1 ליטר,false,1,13.90,9.62,true,1,26957
17023663,false,שוופס מוגז למונייד4X,Unknown,,שוופס מוגז למונייד4X,,1.32,1 ליטר,false,1,13.90,9.62,true,1,26958
17023809,false,ספרינג ס.תפוח*4,Unknown,,ספרינג ס.תפוח*4,,1.00,1 ליטר,false,1,15.90,14.70,true,1,29426
17023816,false,ספרינג פ.טרופיים*4,Unknown,,ספרינג פ.טרופיים*4,,1.00,1 ליטר,false,1,15.90,14.70,true,1,29425
17023823,false,ספרינג תות בננה*4,Unknown,,ספרינג תות בננה*4,,1.00,1 ליטר,false,1,15.90,14.70,true,1,29424
17023854,false,רביעייה שוופס סודה,Unknown,,רביעייה שוופס סודה,,250.00,"100 מ""ל",false,1,19.90,7.48,true,1,29662
17023861,false,ר.שוופס סודה לימון,Unknown,,ר.שוופס סודה לימון,,250.00,"100 מ""ל",false,1,19.90,7.48,true,1,29663
17023878,false,ר.שוופס נענע ליים,Unknown,,ר.שוופס נענע ליים,,250.00,"100 מ""ל",false,1,19.90,7.48,true,1,29664
17065007,false,פרוסות מוצרלה 22%,Unknown,,פרוסות מוצרלה 22%,,200.00,100 גרם,false,1,19.00,9.50,true,1,24507
17065212,false,קרם מסקרפונה,Unknown,,קרם מסקרפונה,,250.00,100 גרם,false,1,21.00,8.40,true,1,26197
17065236,false,גד בולגרית מעודנת24%,Unknown,,גד בולגרית מעודנת24%,,250.00,100 גרם,false,1,25.50,10.20,false,1,28278
17065304,false,ג.שמנת ניו יורק טבעי,Unknown,,ג.שמנת ניו יורק טבעי,,200.00,100 גרם,false,1,14.50,7.25,false,1,28279
17065441,false,גד פרוסות גאודה עזים,Unknown,,גד פרוסות גאודה עזים,,200.00,100 גרם,false,1,35.90,17.95,false,1,28280
17065526,false,גד קוואטרו פורמאגי,Unknown,,גד קוואטרו פורמאגי,,300.00,100 גרם,false,1,31.50,10.50,false,1,28281
17065731,false,גבינת שמנת,Unknown,,גבינת שמנת,,200.00,100 גרם,false,1,14.50,7.25,true,1,26701
17065854,false,רוטב ביאנקה,Unknown,,רוטב ביאנקה,,200.00,100 גרם,false,1,16.90,8.45,false,1,29077
17065861,false,קאציו אה פפה,Unknown,,קאציו אה פפה,,200.00,100 גרם,false,1,16.90,8.45,false,1,29076
17065878,false,מק אנד ציז,Unknown,,מק אנד ציז,,200.00,100 גרם,false,1,16.90,8.45,false,1,29078
17088242,false,מגב בייבי בייסיק,Unknown,,מגב בייבי בייסיק,,72.00,יחידה,false,1,4.90,0.07,false,1,29207
17100401,false,כפפות לטקס עם אבקה M,Unknown,,כפפות לטקס עם אבקה M,,100.00,יחידה,false,1,42.00,0.42,true,1,24824
17100418,false,כפפות לטקס עם אבקה L,Unknown,,כפפות לטקס עם אבקה L,,100.00,יחידה,false,1,42.00,0.42,true,1,24823
17105895,false,יכין גרגרי חומוס,Unknown,,יכין גרגרי חומוס,,560.00,100 גרם,false,1,10.50,1.88,true,1,26198
17121086,false,אריסה ביתית מתוקה,Unknown,,אריסה ביתית מתוקה,,250.00,100 גרם,false,1,15.90,6.36,false,1,28181
17121093,false,מצונן אריסה חריפה,Unknown,,מצונן אריסה חריפה,,250.00,100 גרם,false,1,15.90,6.36,false,1,28182
17142128,false,שמן זית כתית 750 מל,Unknown,,שמן זית כתית 750 מל,,750.00,"100 מ""ל",false,1,42.00,5.60,true,1,25967
17185132,false,בייבי תרד ארוז,Unknown,,בייבי תרד ארוז,,200.00,100 גרם,false,1,12.90,6.45,true,1,25178
17247007,false,מלפפון בייבי,Unknown,,מלפפון בייבי,,330.00,100 גרם,false,1,12.90,3.91,true,1,22295
17275147,false,מאפה קינמון אחווה,Unknown,,מאפה קינמון אחווה,,120.00,100 גרם,false,1,7.50,6.25,true,1,29333
17275598,false,מאפה רוגלך אחווה,Unknown,,מאפה רוגלך אחווה,,120.00,100 גרם,false,1,7.50,6.25,true,1,29334
17275604,false,מאפה שוקוציפס אחווה,Unknown,,מאפה שוקוציפס אחווה,,120.00,100 גרם,false,1,7.50,6.25,true,1,29335
17275697,false,מאפה קקאו אחווה,Unknown,,מאפה קקאו אחווה,,120.00,100 גרם,false,1,7.50,6.25,true,1,29461
17291123,false,שום ייבוא ליח,Unknown,,שום ייבוא ליח,,200.00,100 גרם,false,1,9.90,4.95,false,1,25655
17291406,false,תמר מגהול 400 גר,Unknown,,תמר מגהול 400 גר,,400.00,100 גרם,false,1,19.90,4.97,false,1,27258
17295697,false,מאפה קקאו 120גרם,Unknown,,מאפה קקאו 120גרם,,120.00,100 גרם,false,1,7.50,6.25,true,1,29336
17330020,false,שמיר ארוז ליח,Unknown,,שמיר ארוז ליח,,0.00,,false,1,3.90,0.00,true,1,24403
17330037,false,נענע ארוז ליח,Unknown,,נענע ארוז ליח,,100.00,100 גרם,false,1,3.90,3.90,true,1,22326
17330051,false,ראש סלרי ארוז ליח,Unknown,,ראש סלרי ארוז ליח,,0.00,,false,1,6.90,0.00,true,1,24404
17330082,false,בצל ירוק מובחר,Unknown,,בצל ירוק מובחר,,250.00,100 גרם,false,1,4.90,1.96,true,1,24020
17470146,false,שיפודים במבוק עבים,Unknown,,שיפודים במבוק עבים,,100.00,יחידה,false,1,5.50,0.06,true,1,24558
17470252,false,כוסות קרטון 50 יח,Unknown,,כוסות קרטון 50 יח,,50.00,יחידה,false,1,11.90,0.24,false,1,25801
17470320,false,מדליק פחם מוצק,Unknown,,מדליק פחם מוצק,,20.00,יחידה,false,1,7.00,0.35,false,1,24529
17513775,false,בייגלה שוקולד חלב,Unknown,,בייגלה שוקולד חלב,,140.00,100 גרם,false,1,9.90,7.07,true,1,27373
17513829,false,תה ירוק לימונית,Unknown,,תה ירוק לימונית,,25.00,יחידה,false,1,32.00,1.28,true,1,25576
17589565,false,יין קלא גוורץ 750מל,Unknown,,יין קלא גוורץ 750מל,,750.00,"100 מ""ל",false,1,38.00,5.03,true,1,22739
17589633,false,רזרב קברנה סוביניון,Unknown,,רזרב קברנה סוביניון,,750.00,"100 מ""ל",false,1,50.00,6.63,true,1,25968
17599250,false,סוכרזית קלאסי 120 ש,Unknown,,סוכרזית קלאסי 120 ש,,120.00,יחידה,false,1,19.90,0.17,true,1,29296
17617008,false,טונה בשמן 140 ג 3 יח,Unknown,,טונה בשמן 140 ג 3 יח,,140.00,100 גרם,false,1,19.90,14.21,false,1,27734
17617015,false,סטארקיסט טונה במים 3,Unknown,,סטארקיסט טונה במים 3,,140.00,100 גרם,false,1,19.90,14.21,false,1,27735
17617046,false,טונה בשמן זית כתית,Unknown,,טונה בשמן זית כתית,,560.00,100 גרם,false,1,29.90,5.34,true,1,26199
17617091,false,טונה ס.מ. טוגו פתיתי,Unknown,,טונה ס.מ. טוגו פתיתי,,185.00,100 גרם,false,1,14.50,7.84,true,1,26354
17617107,false,טונה ס.מ. טוגו דגנים,Unknown,,טונה ס.מ. טוגו דגנים,,185.00,100 גרם,false,1,14.50,7.84,true,1,26355
17617411,false,מיקס סלמון עם אורז,Unknown,,מיקס סלמון עם אורז,,160.00,100 גרם,false,1,15.90,9.94,false,1,29502
17617428,false,מיקס סלמון עם פסטה,Unknown,,מיקס סלמון עם פסטה,,160.00,100 גרם,false,1,15.90,9.94,false,1,29503
17617459,false,טונה ס.ק רביעיות 120,Unknown,,טונה ס.ק רביעיות 120,,120.00,100 גרם,false,1,22.90,19.08,false,1,29098
17617466,false,טונה ס.ק מים 120,Unknown,,טונה ס.ק מים 120,,120.00,100 גרם,false,1,22.90,19.08,false,1,29099
17627205,false,כריך טונה כוסמין,Unknown,,כריך טונה כוסמין,,130.00,100 גרם,false,1,15.00,11.54,true,1,27243
17627335,false,כריך חביתה כוסמין,Unknown,,כריך חביתה כוסמין,,140.00,100 גרם,false,1,15.00,10.71,true,1,27271
17627342,false,כריך גאודה כוסמין,Unknown,,כריך גאודה כוסמין,,100.00,100 גרם,false,1,15.00,15.00,true,1,27242
17627663,false,ראפ טוניסאי,Unknown,,ראפ טוניסאי,,250.00,100 גרם,false,1,23.00,9.20,true,1,24926
17627731,false,לורד סלט יאסו יווני,Unknown,,לורד סלט יאסו יווני,,470.00,100 גרם,false,1,23.00,4.89,true,1,26912
17627755,false,לורד סלט טונה,Unknown,,לורד סלט טונה,,500.00,100 גרם,false,1,23.00,4.60,true,1,26913
17627762,false,לורד סלט גאודה,Unknown,,לורד סלט גאודה,,450.00,100 גרם,false,1,23.00,5.11,true,1,26914
17627779,false,לורד סלט בטטה,Unknown,,לורד סלט בטטה,,380.00,100 גרם,false,1,23.00,6.05,true,1,26915
17627816,false,ראפ עוף סצואן,Unknown,,ראפ עוף סצואן,,220.00,100 גרם,false,1,23.00,10.45,true,1,24928
17627823,false,כריך בריסקט לורד,Unknown,,כריך בריסקט לורד,,350.00,100 גרם,false,1,23.00,6.57,true,1,26916
17627830,false,כריך הודו בריבוע,Unknown,,כריך הודו בריבוע,,330.00,100 גרם,false,1,23.00,6.97,true,1,26917
17627854,false,סלט הקיסר לורד,Unknown,,סלט הקיסר לורד,,0.00,,false,1,23.00,0.00,true,1,26918
17627878,false,כריך סיאסטה לורד,Unknown,,כריך סיאסטה לורד,,260.00,100 גרם,false,1,23.00,8.85,true,1,29582
17627885,false,כריך חביתוש לורד,Unknown,,כריך חביתוש לורד,,260.00,100 גרם,false,1,23.00,8.85,true,1,26920
17627892,false,כריך גאקומלי,Unknown,,כריך גאקומלי,,300.00,100 גרם,false,1,23.00,7.67,true,1,26921
17627915,false,כריך סר סביח,Unknown,,כריך סר סביח,,290.00,100 גרם,false,1,23.00,7.93,true,1,26922
17627922,false,כריך פריקסה,Unknown,,כריך פריקסה,,270.00,100 גרם,false,1,23.00,8.52,true,1,26923
17641744,false,איגלו סטיקס,Unknown,,איגלו סטיקס,,800.00,"100 מ""ל",false,1,6.00,0.75,true,1,24696
17647425,false,יין גמלא קברנה,Unknown,,יין גמלא קברנה,,750.00,"100 מ""ל",false,1,87.90,11.68,true,1,25701
17668017,false,T.A סושי צמחוני,Unknown,,T.A סושי צמחוני,,1.00,יחידה,false,1,29.00,29.00,false,1,29581
17668024,false,סושי דגים,Unknown,,סושי דגים,,1.00,יחידה,false,1,29.00,29.00,false,1,29580
17791142,false,קרקר כוסמין מלא,Unknown,,קרקר כוסמין מלא,,225.00,100 גרם,false,1,22.90,10.18,true,1,26990
17791203,false,קרקר כ. מלא - סלק,Unknown,,קרקר כ. מלא - סלק,,225.00,100 גרם,false,1,22.90,10.18,true,1,26991
17800004,false,זוקיני ארוז השפם,Unknown,,זוקיני ארוז השפם,,1.30,"1 ק""ג",false,1,13.90,10.69,true,1,27865
17800011,false,מלפפון בייבי ארוז,Unknown,,מלפפון בייבי ארוז,,300.00,100 גרם,false,1,12.90,4.30,true,1,28225
17800028,false,פלפל מתוק קפיה,Unknown,,פלפל מתוק קפיה,,500.00,100 גרם,false,1,10.90,2.18,true,1,27866
17800066,false,מלפפון רוסי קורנישון,Unknown,,מלפפון רוסי קורנישון,,350.00,100 גרם,false,1,10.90,3.11,true,1,27867
17888019,false,משקה תפוח רימון סלק,Unknown,,משקה תפוח רימון סלק,,350.00,"100 מ""ל",false,1,9.90,2.74,true,1,22897
17888026,false,משקה אננס תפוח וגזר,Unknown,,משקה אננס תפוח וגזר,,350.00,"100 מ""ל",false,1,12.90,3.60,true,1,22898
17888033,false,משקה בננה מלון נענע,Unknown,,משקה בננה מלון נענע,,350.00,"100 מ""ל",false,1,12.90,3.60,true,1,22899
17888354,false,מי עדן 750 בק בודד,Unknown,,מי עדן 750 בק בודד,,750.00,"100 מ""ל",false,1,9.50,1.23,true,1,25191
17888644,false,משקה אננס בננה,Unknown,,משקה אננס בננה,,350.00,"100 מ""ל",false,1,12.90,3.60,true,1,24697
17888873,false,שוופס אבטיח ליים,Unknown,,שוופס אבטיח ליים,,330.00,"100 מ""ל",false,1,8.00,2.33,true,1,24626
17888880,false,שוופס אננס קוקוס,Unknown,,שוופס אננס קוקוס,,330.00,"100 מ""ל",false,1,8.00,2.33,true,1,24625
17888972,false,מי עדן 1 ל פ.ספורט,Unknown,,מי עדן 1 ל פ.ספורט,,1.00,1 ליטר,false,1,8.90,8.60,true,1,25200
17917993,false,אולטרסול Free ספרי50,Unknown,,אולטרסול Free ספרי50,,200.00,"100 מ""ל",false,1,39.90,19.95,true,1,27401
17925028,false,צרי שוף 330 מארז 3,Unknown,,צרי שוף 330 מארז 3,,990.00,"100 מ""ל",false,1,49.00,4.86,true,1,28802
17925318,false,רביעיית בלומון 330מל,Unknown,,רביעיית בלומון 330מל,,1.32,1 ליטר,false,1,49.30,36.44,true,1,29092
17925356,false,באדווזיר פחית 500 4י,Unknown,,באדווזיר פחית 500 4י,,1.00,"100 מ""ל",false,1,35.90,3470.00,true,1,29217
17928821,false,גריסיני קלאסי 200 ג,Unknown,,גריסיני קלאסי 200 ג,,200.00,100 גרם,false,1,12.90,6.45,true,1,25974
17969633,false,צלחות גדול 100יח לבן,Unknown,,צלחות גדול 100יח לבן,,100.00,יחידה,false,1,17.60,0.18,true,1,25975
17969817,false,כוסות לונג דרינק,Unknown,,כוסות לונג דרינק,,10.00,יחידה,false,1,11.90,1.19,true,1,25198
17971940,false,לורד טוסט פטריות אלפ,Unknown,,לורד טוסט פטריות אלפ,,220.00,100 גרם,false,1,18.00,8.18,true,1,24300
17994024,false,שזיף אדום באריזה,Unknown,,שזיף אדום באריזה,,350.00,100 גרם,false,1,14.90,4.26,false,1,24114
17994031,false,שזיף צהוב ארוז,Unknown,,שזיף צהוב ארוז,,500.00,100 גרם,false,1,12.90,2.58,false,1,24115
17994055,false,שסק באריזה ליח,Unknown,,שסק באריזה ליח,,1.00,יחידה,false,1,19.90,19.90,true,1,22990
17994062,false,משמש באריזה ליח,Unknown,,משמש באריזה ליח,,350.00,100 גרם,false,1,15.90,4.54,true,1,22991
17994079,false,נקטרינה באריזה ליח,Unknown,,נקטרינה באריזה ליח,,500.00,100 גרם,false,1,12.90,2.58,true,1,22992
17994086,false,אפרסק באריזה ליח,Unknown,,אפרסק באריזה ליח,,500.00,100 גרם,false,1,15.90,3.18,true,1,22993
17994093,false,ענב ירוק באריזה ליח,Unknown,,ענב ירוק באריזה ליח,,500.00,100 גרם,false,1,22.90,4.58,true,1,22994
17994109,false,ענב אדום באריזה ליח,Unknown,,ענב אדום באריזה ליח,,500.00,100 גרם,false,1,22.90,4.58,true,1,22995
17994116,false,שרי צהוב באריזה ליח,Unknown,,שרי צהוב באריזה ליח,,300.00,100 גרם,false,1,11.90,3.97,false,1,23624
17994123,false,שרי שוקולד באריזהליח,Unknown,,שרי שוקולד באריזהליח,,300.00,100 גרם,false,1,11.90,3.97,false,1,23625
17994130,false,שרי בקבוקים באריזה,Unknown,,שרי בקבוקים באריזה,,300.00,100 גרם,false,1,11.90,3.97,false,1,23626
17994147,false,שרי תמר באריזה ליח,Unknown,,שרי תמר באריזה ליח,,300.00,100 גרם,false,1,11.90,3.97,false,1,23627
17994185,false,פרחי ברוקולי וכרובי,Unknown,,פרחי ברוקולי וכרובי,,500.00,100 גרם,false,1,16.90,3.38,true,1,24222
17994215,false,מנגו באריזה ליח,Unknown,,מנגו באריזה ליח,,500.00,100 גרם,false,1,19.90,3.98,true,1,27111
17994260,false,תמר בהרי ארוז,Unknown,,תמר בהרי ארוז,,580.00,100 גרם,false,1,14.90,2.57,true,1,27396
17994307,false,תפוח גרנד באריזה,Unknown,,תפוח גרנד באריזה,,500.00,100 גרם,false,1,12.90,2.58,true,1,25399
17994314,false,תפוח זהוב באריזה,Unknown,,תפוח זהוב באריזה,,500.00,100 גרם,false,1,12.90,2.58,true,1,25400
17994437,false,זוקיני מיני ארוז ליח,Unknown,,זוקיני מיני ארוז ליח,,300.00,100 גרם,false,1,16.90,5.63,true,1,25708
17994611,false,אגס אדום באריזה,Unknown,,אגס אדום באריזה,,350.00,100 גרם,false,1,12.90,3.69,false,1,27397
17994659,false,לואיזה ארוז יח,Unknown,,לואיזה ארוז יח,,150.00,100 גרם,false,1,11.90,7.93,true,1,29832
17994666,false,תות שדה א.מעולה 250ג,Unknown,,תות שדה א.מעולה 250ג,,250.00,100 גרם,false,1,29.90,11.96,true,1,27864
17994673,false,פלפל שישקה אדום,Unknown,,פלפל שישקה אדום,,350.00,100 גרם,false,1,9.90,2.83,true,1,28229
17994680,false,פלפל שישקה צהוב,Unknown,,פלפל שישקה צהוב,,350.00,100 גרם,false,1,9.90,2.83,true,1,28230
17994949,false,קיווי עגול היוורד,Unknown,,קיווי עגול היוורד,קילוגרמים,1.00,"ק""ג",true,1,22.90,0.00,true,1,28093
18043110,false,אול אין קשיו קרמל,Unknown,,אול אין קשיו קרמל,,60.00,100 גרם,false,1,14.90,24.83,true,1,26979
18043134,false,אול אין ש.לבן עוגיות,Unknown,,אול אין ש.לבן עוגיות,,60.00,100 גרם,false,1,14.90,24.83,true,1,26980
18043196,false,פראוד ש.לבן עוגיות,Unknown,,פראוד ש.לבן עוגיות,,60.00,100 גרם,false,1,13.00,21.67,false,1,27922
18043295,false,פראוד ונילה קראנץ,Unknown,,פראוד ונילה קראנץ,,60.00,100 גרם,false,1,13.00,21.67,false,1,27923
18043301,false,אול אין ונילה קראנץ,Unknown,,אול אין ונילה קראנץ,,60.00,100 גרם,false,1,14.90,24.83,true,1,26981
18043592,false,אול אין משקה אפרסק20,Unknown,,אול אין משקה אפרסק20,,500.00,"100 מ""ל",false,1,19.00,3.74,true,1,26949
18043608,false,אול אין משקה פ.יער20,Unknown,,אול אין משקה פ.יער20,,500.00,"100 מ""ל",false,1,19.00,3.74,true,1,26950
18043639,false,פראוד שוקולד קריספ,Unknown,,פראוד שוקולד קריספ,,20.00,100 גרם,false,1,9.90,49.50,false,1,27924
18043899,false,חטיף חלבון ב.קרמל,Unknown,,חטיף חלבון ב.קרמל,,60.00,100 גרם,false,1,14.90,24.83,true,1,28410
18091074,false,בצק עוגיות שוקולד,Unknown,,בצק עוגיות שוקולד,,300.00,100 גרם,false,1,22.90,7.63,false,1,28885
18091234,false,פיצה מקסיקנית מעדנות,Unknown,,פיצה מקסיקנית מעדנות,,260.00,100 גרם,false,1,18.90,7.27,true,1,25247
18091272,false,בצק עוגיות קקאו,Unknown,,בצק עוגיות קקאו,,300.00,100 גרם,false,1,22.90,7.63,false,1,28886
18091470,false,גלילת ביסקוויטים,Unknown,,גלילת ביסקוויטים,,300.00,100 גרם,false,1,22.90,7.63,false,1,28887
18091821,false,פיצה נפוליטנה מעדנות,Unknown,,פיצה נפוליטנה מעדנות,,200.00,100 גרם,false,1,18.90,9.45,true,1,25248
18131039,false,שלגון שוקו עוגיות5יח,Unknown,,שלגון שוקו עוגיות5יח,,360.00,100 גרם,false,1,30.90,8.58,true,1,24153
18131077,false,שלגון מילקה וניל,Unknown,,שלגון מילקה וניל,,71.00,100 גרם,false,1,13.90,19.58,true,1,26619
18131138,false,קרמריה ש.וניל וולנס,Unknown,,קרמריה ש.וניל וולנס,,775.00,100 גרם,false,1,26.90,3.47,true,1,24154
18131251,false,אקסטרים מטבע שוקולד,Unknown,,אקסטרים מטבע שוקולד,,115.00,100 גרם,false,1,12.90,11.22,true,1,24302
18131312,false,קרמריה שוקו וניל,Unknown,,קרמריה שוקו וניל,,1.40,1 ליטר,false,1,25.00,17.86,true,1,24303
18131336,false,ליון שלגון נסטלה,Unknown,,ליון שלגון נסטלה,,66.00,100 גרם,false,1,13.90,21.06,true,1,26621
18131343,false,קרמריה וניל שוקו.חתס,Unknown,,קרמריה וניל שוקו.חתס,,1.40,1 ליטר,false,1,25.00,17.86,true,1,24304
18131428,false,אקסטרים מסקרפונה תות,Unknown,,אקסטרים מסקרפונה תות,,115.00,100 גרם,false,1,12.90,11.22,true,1,24158
18131534,false,מא.מיני בייטס מילקה,Unknown,,מא.מיני בייטס מילקה,,250.00,100 גרם,false,1,24.00,9.60,true,1,24703
18131558,false,מא.מיני בייטס אוראו,Unknown,,מא.מיני בייטס אוראו,,240.00,100 גרם,false,1,24.00,10.00,true,1,24704
18131572,false,מיני בייטס מילקה,Unknown,,מיני בייטס מילקה,,85.00,100 גרם,false,1,12.00,14.12,true,1,24520
18131596,false,מיני בייטס אוראו,Unknown,,מיני בייטס אוראו,,85.00,100 גרם,false,1,12.00,14.12,true,1,24519
18131640,false,קראנץ בלונד,Unknown,,קראנץ בלונד,,100.00,100 גרם,false,1,12.90,12.90,true,1,26618
18131756,false,מאגדת וניל מצופה,Unknown,,מאגדת וניל מצופה,,440.00,100 גרם,false,1,33.90,7.70,true,1,25732
18131770,false,שלגון וניל מצופה,Unknown,,שלגון וניל מצופה,,55.00,100 גרם,false,1,7.90,14.36,true,1,25733
18131794,false,קראנץ וניל ש.מריר,Unknown,,קראנץ וניל ש.מריר,,100.00,100 גרם,false,1,12.90,12.90,true,1,25734
18131817,false,לה פרוטה הדרים אדומי,Unknown,,לה פרוטה הדרים אדומי,,70.00,100 גרם,false,1,9.90,14.14,true,1,25735
18131831,false,מילקה שלגון וניל מאג,Unknown,,מילקה שלגון וניל מאג,,264.00,100 גרם,false,1,36.00,13.64,true,1,26661
18131855,false,מ.אקסטרים בראוניז,Unknown,,מ.אקסטרים בראוניז,,322.00,100 גרם,false,1,36.90,11.46,true,1,26625
18131879,false,מ.אקסטרים ריבת חלב,Unknown,,מ.אקסטרים ריבת חלב,,322.00,100 גרם,false,1,36.90,11.46,true,1,26624
18131893,false,מ.אקסטרים פקאן,Unknown,,מ.אקסטרים פקאן,,322.00,100 גרם,false,1,36.90,11.46,true,1,26626
18131930,false,לה פרוטה בננה,Unknown,,לה פרוטה בננה,,325.00,100 גרם,false,1,30.90,9.51,true,1,25736
18131954,false,לה פרוטה תות,Unknown,,לה פרוטה תות,,350.00,100 גרם,false,1,27.00,7.71,true,1,25737
18131978,false,טילון אוראו,Unknown,,טילון אוראו,,68.50,100 גרם,false,1,9.90,14.45,true,1,26620
18156018,false,אולטרסול Free Kids,Unknown,,אולטרסול Free Kids,,200.00,"100 מ""ל",false,1,39.90,19.95,true,1,27400
18165010,false,ברקן גוורצטרמינר,Unknown,,ברקן גוורצטרמינר,,750.00,"100 מ""ל",false,1,50.00,6.63,true,1,24705
18165027,false,רזרב גולד רוזה 750,Unknown,,רזרב גולד רוזה 750,,750.00,"100 מ""ל",false,1,50.00,6.63,true,1,29504
18165447,false,ברקן רזרב מרלו,Unknown,,ברקן רזרב מרלו,,750.00,"100 מ""ל",false,1,50.00,6.63,true,1,26356
18194928,false,וודקה טראמפ 700מל,Unknown,,וודקה טראמפ 700מל,,700.00,"100 מ""ל",false,1,89.90,12.80,false,1,28744
18198506,false,תפוגן ציפס 1.25 קג,Unknown,,תפוגן ציפס 1.25 קג,,1.25,"1 ק""ג",false,1,28.90,23.12,false,1,29275
18204986,false,שיפודי במבוק 90יח,Unknown,,שיפודי במבוק 90יח,,90.00,יחידה,false,1,4.50,0.05,false,1,24929
18237922,false,שניצלוני ציפס,Unknown,,שניצלוני ציפס,,700.00,100 גרם,false,1,22.00,3.14,false,1,28814
18237939,false,שניצלוני שומשום,Unknown,,שניצלוני שומשום,,700.00,100 גרם,false,1,22.00,3.14,false,1,28815
18296042,false,לחם טוסט אמריקה,Unknown,,לחם טוסט אמריקה,,500.00,100 גרם,false,1,14.90,2.98,false,1,27517
18296608,false,לחם 9 דגנים קל,Unknown,,לחם 9 דגנים קל,,600.00,100 גרם,false,1,14.50,2.42,false,1,27518
18296615,false,פיתה ביס כוסמין 10יח,Unknown,,פיתה ביס כוסמין 10יח,,450.00,100 גרם,false,1,16.90,3.76,false,1,27519
18296646,false,חלת כוסמין,Unknown,,חלת כוסמין,,400.00,100 גרם,false,1,17.90,4.47,false,1,27520
18296806,false,לחם מעושר בסיבים,Unknown,,לחם מעושר בסיבים,,600.00,100 גרם,false,1,14.50,2.42,false,1,27521
18296813,false,פיתה קלה ביס 10יח,Unknown,,פיתה קלה ביס 10יח,,450.00,100 גרם,false,1,14.90,3.31,false,1,27522
18301364,false,טוסטיה פיצה,Unknown,,טוסטיה פיצה,,0.00,,false,1,18.00,0.00,false,1,29574
18343463,false,אלכוגל פורטה 200 מל,Unknown,,אלכוגל פורטה 200 מל,,200.00,"100 מ""ל",false,1,16.90,8.45,true,1,25052
18440193,false,בייגלה חמאת בוטנים,Unknown,,בייגלה חמאת בוטנים,,140.00,100 גרם,false,1,9.90,7.07,true,1,27374
18440209,false,בייגלה פאדג לבן,Unknown,,בייגלה פאדג לבן,,140.00,100 גרם,false,1,9.90,7.07,true,1,27375
18440384,false,תה ירוק לימון נענע,Unknown,,תה ירוק לימון נענע,,1.00,יחידה,false,1,21.90,21.90,false,1,28250
18440407,false,תה ירוק קקאו א.לוז,Unknown,,תה ירוק קקאו א.לוז,,1.00,יחידה,false,1,21.90,21.90,false,1,28251
18441626,false,פיינט מנטה עוגיות,Unknown,,פיינט מנטה עוגיות,,430.00,100 גרם,false,1,31.00,7.21,true,1,27736
18441886,false,שורטי דולצה דה לצה,Unknown,,שורטי דולצה דה לצה,,150.00,"100 מ""ל",false,1,11.80,7.87,true,1,27523
18468319,false,נקניקיה צמחית מדריד,Unknown,,נקניקיה צמחית מדריד,,400.00,100 גרם,false,1,44.90,11.22,false,1,28817
18471111,false,שוופס ל.מוחיטו 330מל,Unknown,,שוופס ל.מוחיטו 330מל,,330.00,"100 מ""ל",false,1,8.00,2.33,true,1,29423
18471128,false,ספרינג שייק אננס,Unknown,,ספרינג שייק אננס,,330.00,"100 מ""ל",false,1,12.90,3.82,true,1,26942
18471135,false,ספרינג שייק בננה,Unknown,,ספרינג שייק בננה,,330.00,"100 מ""ל",false,1,12.90,3.82,true,1,26943
18471142,false,ספרינג שייק קוקוס,Unknown,,ספרינג שייק קוקוס,,330.00,"100 מ""ל",false,1,12.90,3.82,true,1,26944
18471180,false,משקה תפוח גזר 1ל,Unknown,,משקה תפוח גזר 1ל,,1.00,1 ליטר,false,1,15.90,15.60,true,1,26633
18471197,false,מ.תפוח בננה מלון 1ל,Unknown,,מ.תפוח בננה מלון 1ל,,1.00,1 ליטר,false,1,15.90,15.60,true,1,26634
18471401,false,משקה אננס בננה 1ל,Unknown,,משקה אננס בננה 1ל,,1.00,1 ליטר,false,1,15.90,15.60,true,1,26635
18471548,false,ספרינג ענבים*4,Unknown,,ספרינג ענבים*4,,1.00,1 ליטר,false,1,15.90,14.70,true,1,29427
18471753,false,מ.אלוורה ב.אננס,Unknown,,מ.אלוורה ב.אננס,,350.00,"100 מ""ל",false,1,8.90,2.46,true,1,27272
18471760,false,מ.אלוורה ב.ליצי,Unknown,,מ.אלוורה ב.ליצי,,350.00,"100 מ""ל",false,1,8.90,2.46,true,1,27273
18471777,false,מ.אלוורה ב.פטל,Unknown,,מ.אלוורה ב.פטל,,350.00,"100 מ""ל",false,1,8.90,2.46,true,1,27274
18471784,false,מ.אלוורה ב.קווי,Unknown,,מ.אלוורה ב.קווי,,350.00,"100 מ""ל",false,1,8.90,2.46,true,1,27275
18471913,false,שוופס פ.תפוח 1.5 פ,Unknown,,שוופס פ.תפוח 1.5 פ,,1.50,1 ליטר,false,1,10.90,7.07,true,1,27805
18471920,false,שוופס מ.ענבים 1.5 פ,Unknown,,שוופס מ.ענבים 1.5 פ,,1.50,1 ליטר,false,1,10.90,7.07,true,1,27806
18471944,false,שוופס למונייד 1.5 פ,Unknown,,שוופס למונייד 1.5 פ,,1.50,1 ליטר,false,1,10.90,7.07,true,1,27807
18608494,false,תבניות R31 7 יח,Unknown,,תבניות R31 7 יח,,7.00,יחידה,false,1,11.00,1.57,true,1,27671
18608500,false,תבניות R2 7 יח,Unknown,,תבניות R2 7 יח,,7.00,יחידה,false,1,11.00,1.57,true,1,27673
18608531,false,תבניות R88 12 יח,Unknown,,תבניות R88 12 יח,,12.00,יחידה,false,1,11.00,0.92,true,1,27670
18652015,false,שלגון סופר רולר,Unknown,,שלגון סופר רולר,,75.00,100 גרם,false,1,10.90,14.53,true,1,26622
18652039,false,לה קרמריה ק.מלוח,Unknown,,לה קרמריה ק.מלוח,,1.40,1 ליטר,false,1,26.90,19.21,true,1,26623
18652053,false,ביסקולידה אקסטרה,Unknown,,ביסקולידה אקסטרה,,100.00,100 גרם,false,1,10.90,10.90,true,1,26617
18652190,false,קראנץ בר,Unknown,,קראנץ בר,,60.00,100 גרם,false,1,9.90,16.50,true,1,28411
18652213,false,קראנץ בר מאגדת,Unknown,,קראנץ בר מאגדת,,246.00,100 גרם,false,1,27.00,10.98,true,1,28412
18652657,false,מאגדת מניוגו לייט,Unknown,,מאגדת מניוגו לייט,,312.00,100 גרם,false,1,29.90,9.58,true,1,28413
18652671,false,לה קרמריה שוקו וניל,Unknown,,לה קרמריה שוקו וניל,,700.00,100 גרם,false,1,25.00,3.57,true,1,28414
18652688,false,לה קרמריה פ.טרופיים,Unknown,,לה קרמריה פ.טרופיים,,700.00,100 גרם,false,1,25.00,3.57,true,1,28415
18652695,false,ביסקולידה שוקו בננה,Unknown,,ביסקולידה שוקו בננה,,90.00,100 גרם,false,1,10.00,11.11,true,1,28416
18652718,false,שלגון מילקה אגוזים,Unknown,,שלגון מילקה אגוזים,,71.00,100 גרם,false,1,13.90,19.58,true,1,28417
18652756,false,שתותי טרופי,Unknown,,שתותי טרופי,,55.00,100 גרם,false,1,7.90,14.36,true,1,28418
18652770,false,טילון בייגלה מלוח,Unknown,,טילון בייגלה מלוח,,115.00,100 גרם,false,1,12.50,10.87,true,1,28419
18652817,false,שלגון פרווה ו.עוגיות,Unknown,,שלגון פרווה ו.עוגיות,,55.00,100 גרם,false,1,7.90,14.36,true,1,28420
18652862,false,באבל גאם,Unknown,,באבל גאם,,60.00,100 גרם,false,1,9.90,16.50,true,1,28421
18652886,false,מאגדת מ.שוקו בננה*8,Unknown,,מאגדת מ.שוקו בננה*8,,476.00,100 גרם,false,1,32.00,6.72,true,1,28888
18652909,false,מאגדת קפה ש.פקאן,Unknown,,מאגדת קפה ש.פקאן,,225.00,100 גרם,false,1,29.90,13.29,true,1,28422
18652923,false,מאגדת תות שוקלד לבן,Unknown,,מאגדת תות שוקלד לבן,,225.00,100 גרם,false,1,29.90,13.29,true,1,28423
18652947,false,קראנץ פיסטוק,Unknown,,קראנץ פיסטוק,,109.00,100 גרם,false,1,12.90,11.83,true,1,29046
18703052,false,פראוד עוגיות קראנץ,Unknown,,פראוד עוגיות קראנץ,,29.00,100 גרם,false,1,9.90,34.14,false,1,27925
18703076,false,חטיף חלבון ד.שוקולד,Unknown,,חטיף חלבון ד.שוקולד,,60.00,100 גרם,false,1,14.90,24.83,true,1,28424
18703304,false,אול אין ק.עוגיות,Unknown,,אול אין ק.עוגיות,,50.00,100 גרם,false,1,13.90,27.80,true,1,28656
18703489,false,אול אין בננה טופי,Unknown,,אול אין בננה טופי,,60.00,100 גרם,false,1,13.90,23.17,true,1,28657
18785010,false,צנונית ארוזה ליח,Unknown,,צנונית ארוזה ליח,,450.00,100 גרם,false,1,5.90,1.31,true,1,25676
18825464,false,אבוקדו מיני האס יח,Unknown,,אבוקדו מיני האס יח,,500.00,100 גרם,false,1,8.90,1.78,true,1,27879
18848005,false,יין רוזה בפחית 250מל,Unknown,,יין רוזה בפחית 250מל,,250.00,"100 מ""ל",false,1,17.90,7.04,false,1,28183
18848012,false,יין לבן בפחית 250 מל,Unknown,,יין לבן בפחית 250 מל,,250.00,"100 מ""ל",false,1,17.90,7.04,false,1,28184
18848029,false,יין רוזה בפחית,Unknown,,יין רוזה בפחית,,1.00,1 ליטר,false,1,68.00,66.80,false,1,28211
18848036,false,יין לבן בפחית*4,Unknown,,יין לבן בפחית*4,,1.00,1 ליטר,false,1,68.00,66.80,false,1,28185
18894019,false,בלקוני עוגות חלב,Unknown,,בלקוני עוגות חלב,,350.00,100 גרם,false,1,19.90,5.69,true,1,29422
18925003,false,מיץ ת.דובדבן 750 מל,Unknown,,מיץ ת.דובדבן 750 מל,,750.00,"100 מ""ל",false,1,19.90,2.61,true,1,28889
18925041,false,מיץ ת.רימון 750 מל,Unknown,,מיץ ת.רימון 750 מל,,750.00,"100 מ""ל",false,1,19.90,2.61,true,1,28890
18925058,false,מיץ ת.חמוציות 750 מל,Unknown,,מיץ ת.חמוציות 750 מל,,750.00,"100 מ""ל",false,1,19.90,2.61,true,1,28891
18925065,false,פרימור סחוט תפוז 2 פ,Unknown,,פרימור סחוט תפוז 2 פ,,2.00,1 ליטר,false,1,29.20,14.45,true,1,27808
18949009,false,גרופר תפוזזה 330מל,Unknown,,גרופר תפוזזה 330מל,,330.00,"100 מ""ל",false,1,12.90,3.82,true,1,28892
18949016,false,גרופר תפוחחה 330מל,Unknown,,גרופר תפוחחה 330מל,,330.00,"100 מ""ל",false,1,12.90,3.82,true,1,28893
18949023,false,גרופר לימוננדה 330מל,Unknown,,גרופר לימוננדה 330מל,,330.00,"100 מ""ל",false,1,12.90,3.82,true,1,28894
19038368,false,מארז 6 בלו בצידנית,Unknown,,מארז 6 בלו בצידנית,,1.50,1 ליטר,false,1,29.90,18.73,true,1,28895
19056065,false,שוופס פ.יער 1.5 פ,Unknown,,שוופס פ.יער 1.5 פ,,1.50,1 ליטר,false,1,13.90,9.07,true,1,27809
19056096,false,שוופס מ.אפרסק 1.5פ,Unknown,,שוופס מ.אפרסק 1.5פ,,1.50,1 ליטר,false,1,13.90,9.07,true,1,27810
19056119,false,שוופס סודה 1.5 פ,Unknown,,שוופס סודה 1.5 פ,,1.50,1 ליטר,false,1,8.90,5.73,true,1,27811
19056164,false,סודה רביעייה פ,Unknown,,סודה רביעייה פ,,6.00,1 ליטר,false,1,12.20,1.83,true,1,27812
19056362,false,תפוזינה ענבים 1.5 פ,Unknown,,תפוזינה ענבים 1.5 פ,,1.50,1 ליטר,false,1,10.90,7.07,true,1,27813
19056379,false,תפוזינה תפוזים 1.5 פ,Unknown,,תפוזינה תפוזים 1.5 פ,,1.50,1 ליטר,false,1,10.90,7.07,true,1,27814
19056515,false,פרוט ו.אננס 1.5 פ,Unknown,,פרוט ו.אננס 1.5 פ,,1.50,1 ליטר,false,1,13.90,9.07,true,1,27815
19056546,false,פרוט ו.אבטיח 1.5 פ,Unknown,,פרוט ו.אבטיח 1.5 פ,,1.50,1 ליטר,false,1,13.90,9.07,true,1,27816
19056553,false,עין גדי 2 ל שישיה פ,Unknown,,עין גדי 2 ל שישיה פ,,12.00,1 ליטר,false,1,13.80,1.00,true,1,27817
19056577,false,ספרינג מנגו 1.5 פ,Unknown,,ספרינג מנגו 1.5 פ,,1.50,1 ליטר,false,1,13.90,9.07,true,1,27818
19056584,false,ספרינג תפוז 1.5 פ,Unknown,,ספרינג תפוז 1.5 פ,,1.50,1 ליטר,false,1,11.90,7.73,true,1,27819
19056591,false,ספרינג ענבים 1.5 פ,Unknown,,ספרינג ענבים 1.5 פ,,1.50,1 ליטר,false,1,11.90,7.73,true,1,27820
19056621,false,ספרינג פ.טרופיים פ,Unknown,,ספרינג פ.טרופיים פ,,1.50,1 ליטר,false,1,11.90,7.73,true,1,27821
19056638,false,ספרינג ת.בננה 1.5 פ,Unknown,,ספרינג ת.בננה 1.5 פ,,1.50,1 ליטר,false,1,11.90,7.73,true,1,27822
19056645,false,ספרינג ס.תפוח 1.5 פ,Unknown,,ספרינג ס.תפוח 1.5 פ,,1.50,1 ליטר,false,1,11.90,7.73,true,1,27823
19056959,false,מי עדן 1.5 בודד פ,Unknown,,מי עדן 1.5 בודד פ,,1.50,1 ליטר,false,1,9.90,6.40,true,1,27824
19056980,false,מי עדן שמינייה 1.5 פ,Unknown,,מי עדן שמינייה 1.5 פ,,12.00,1 ליטר,false,1,26.00,1.97,true,1,27861
19153221,false,אננס שוופס חצי ליטר,Unknown,,אננס שוופס חצי ליטר,,500.00,"100 מ""ל",false,1,9.90,1.92,true,1,28896
19153238,false,תפוח שוופס חצי ליטר,Unknown,,תפוח שוופס חצי ליטר,,500.00,"100 מ""ל",false,1,9.90,1.92,true,1,28897
19153245,false,לימון שוופס חצי ליטר,Unknown,,לימון שוופס חצי ליטר,,500.00,"100 מ""ל",false,1,9.90,1.92,true,1,28898
19153313,false,פרוט&ווג ת.חמוציות,Unknown,,פרוט&ווג ת.חמוציות,,350.00,"100 מ""ל",false,1,9.90,2.74,true,1,28616
19153368,false,תפוזינה מוחיטו 330,Unknown,,תפוזינה מוחיטו 330,,330.00,"100 מ""ל",false,1,8.90,2.61,true,1,29100
19153382,false,תפוזינה סנגרייה 330,Unknown,,תפוזינה סנגרייה 330,,330.00,"100 מ""ל",false,1,8.90,2.61,true,1,29101
19153399,false,תפוזינה פ.אוזו 330,Unknown,,תפוזינה פ.אוזו 330,,330.00,"100 מ""ל",false,1,7.00,2.03,true,1,29102
19203100,false,ראפ פלאפל,Unknown,,ראפ פלאפל,,0.00,,false,1,18.00,0.00,false,1,29573
19203148,false,מוזלי כשלפ,Unknown,,מוזלי כשלפ,,300.00,100 גרם,false,1,16.00,5.33,true,1,28781
19232834,false,בייגלה ק.עוגיות שוק,Unknown,,בייגלה ק.עוגיות שוק,,140.00,100 גרם,false,1,9.90,7.07,true,1,29337
19310280,false,אול אין סינמון רול,Unknown,,אול אין סינמון רול,,60.00,100 גרם,false,1,14.90,24.83,true,1,29787
19535041,false,שרי TOGO באריזה,Unknown,,שרי TOGO באריזה,,180.00,100 גרם,false,1,11.90,6.61,true,1,29833
19535096,false,ענב TOGO באריזה,Unknown,,ענב TOGO באריזה,,180.00,100 גרם,false,1,11.90,6.61,true,1,29834
30107014,false,נייר גלגול גדול + פילטר בודד,Unknown,,נ.ג סלים+פילטר 32יח,,0.00,,false,1,8.50,0.00,false,1,16167
30112902,false,נייר גלגול קטן+פילטר,Unknown,,נייר גלגול קטן+פילטר,,0.00,,false,1,7.00,0.00,false,1,16940
30112919,false,נייר גלגול בינוני + פילטר בודד,Unknown,,נ.ג בינוני+פילטר24יח,,0.00,,false,1,7.00,0.00,false,1,16166
33121077,false,עוגה קוקוס תפוז,Unknown,,עוגה קוקוס תפוז,,1.00,יחידה,false,1,40.00,40.00,false,1,29483
40052403,false,קיט קט 4 אצבעות שוקולד חלב,נסטלה Nestle,,קיט קאט אצבעות 41.5,,41.50,100 גרם,false,1,6.90,16.63,true,1,17962
40084107,false,ביצת שוקולד הפתעה קינדר,פרדי קונדטוריה אס פי,,ביצת הפתעה קינדר,,20.00,100 גרם,false,1,8.00,40.00,true,1,335
40084725,false,סלייס עוגת ספוג במילוי קרם חלבי ק'נדר מילק 28 ג',פררו טורקיה צ'\יקולטה וו,,קינדר מילק סלייס,,28.00,100 גרם,false,1,5.00,17.86,true,1,26645
40099606,false,"מסטיק אורביט לל""ס ירוק מנטה 5 יח'",ריגלי צרפת,,אורביט ספירמינט סטיק,,16.00,100 גרם,false,1,3.50,21.88,true,1,397
40099705,false,"מסטיק אורביט מנטה לל""ס 5יח'",ליימן מותגים,,אורביט פפרמינט סטיק,,16.00,100 גרם,false,1,3.50,21.88,true,1,398
40111216,false,באונטי חטיף קוקוס ושוקולד 57ג',"נארז ע""י : א.ג. גילר",,באונטי חטיף שוקולד,,57.68,100 גרם,false,1,6.50,11.27,true,1,265
40144061,false,קנופרס חטיף וופל 25 גרם 24 יח,ליימן שליסל,,וופל קנופרס,,25.00,100 גרם,false,1,5.50,22.00,true,1,27738
40677804,false,יגרמייסטר 200 מל,ייגרמיסטר,,יגרמייסטר 200 מל,,200.00,"100 מ""ל",false,1,32.90,16.30,false,1,29340
41001356,false,"בירה בקס פחית 500 מ""ל",יבואן ומשווק: ש. שסט,,בקס בירה 500 מל,,500.00,"100 מ""ל",false,1,18.00,3.54,true,1,10091
42061939,false,"בירה בקס בקבוק 500 מ""ל בקבוק","איי, בי, אינבוו",,בקס בקבוק 500מל,,500.00,"100 מ""ל",false,1,17.00,3.34,true,1,28807
42101666,false,"מסטיק בטעם מנטה ואקליפטוס איירווייבס 35 גרם לל""ס",ריגלי,,איירוויז מנטה אקליפט,,39.00,100 גרם,false,1,7.90,20.26,true,1,18045
42113263,false,מסטיק אורביט סטיקס ת,ריגלי צרפת,,אורביט תות סטיק,,16.00,100 גרם,false,1,3.50,21.88,true,1,6156
42138105,false,סיגריות וינסטון סופר סלימס כחול,גיי טי אינטרנשיונל,,וינסטון ס.סלימס כחול,,0.00,,false,1,34.00,0.00,false,1,8889
42138129,false,ווינסטון סופר סלימס נטוראל חפיסה,Unknown,,וינסטון ס.ס מנטול,,0.00,,false,1,34.00,0.00,false,1,8890
42139430,false,כאמל שחור חפיסה חפיסה,Unknown,,כאמל שחור חפיסה,,0.00,,false,1,32.00,0.00,false,1,16128
42139447,false,סיגריות כאמל לבן חפי,Unknown,,כאמל לבן חפיסה,,0.00,,false,1,32.00,0.00,false,1,16129
42154662,false,אורביט באריזת מעטפה ספירמינט מסטיק,ריגלי צרפת,,אורביט מעטפה ספירמינ,,35.00,100 גרם,false,1,7.50,21.43,true,1,6164
42174479,false,אורביט מעטפה תות 27 גרם,ריגלי צרפת,,אורביט תות מעטפה,,35.00,100 גרם,false,1,7.50,21.43,true,1,17266
42182108,false,מסטיק פייב פפרמינט 12 סטיקס,מרס נדרלנד,,פייב מסטיק מנטה,,36.00,100 גרם,false,1,8.00,22.22,true,1,10889
42182115,false,אורביט פייב ספירמינט 12 סטיקס 29 גר,מרס נדרלנד,,פייב מסטיק מ.עדינה,,36.00,100 גרם,false,1,8.00,22.22,true,1,10888
42188889,false,אורביט פייב אבטיח 12 סטיקס 29 גר,מרס נדרלנד,,פייב מסטיק אבטיח,,36.00,100 גרם,false,1,8.00,22.22,true,1,11976
42212119,false,אורביט פרופשיונל באריזת מעטפה פפרמינט,ריגלי צרפת,,אורביט פפרמינט מעטפה,,35.00,100 גרם,false,1,7.50,21.43,true,1,17633
42212287,false,אורביט מסטיק פייב סטיק אבטיח,Unknown,,פייב סטיקס אבטיח,,14.00,100 גרם,false,1,3.50,25.00,true,1,14735
42212294,false,פייב סטיקס מנטה,Unknown,,פייב סטיקס מנטה,,14.00,100 גרם,false,1,3.50,25.00,true,1,14736
42306788,false,מסטיק בטעם אוכמניות ומנטה איירווייבס 35 גרם,ריגלי,,איירוויז אכמניות מנט,,39.00,100 גרם,false,1,7.90,20.26,true,1,18049
49814521,false,צ'ופה צ'ופס גלגל לקק,צ'ופה צ'ופס,,צופה צופס לקקן,,1.76,"1 ק""ג",false,1,2.10,1.19,true,1,25029
52070082,false,פאלמאל סופר סלמס ויולט ח,Unknown,,פאל מאל ס.ס ויולט טי,,0.00,,false,1,30.50,0.00,false,1,21969
54509955,false,סיגריות מרילנד אדום,חב טבק לנדוויק,,מרילנד אדום- חפיסה,,0.00,,false,1,28.50,0.00,false,1,18119
54509962,false,סיגריות מרילנד כחול,חב טבק לנדוויק,,מרילנד כחול- חפיסה,,0.00,,false,1,28.50,0.00,false,1,18120
59039549,false,סיגריות ווג פריזון מנטה בודד,Unknown,,ווג מנטה חפיסה,,0.00,,false,1,40.00,0.00,false,1,11989
59068907,false,סיגריות פאל מאל כחול דמי סלימס,גלוברנס,,פאל מאל כחול דמי סלי,,0.00,,false,1,26.50,0.00,false,1,21725
59068914,false,סיגריות פאל מאל סילבר דמי סלימס,Unknown,,פאל מאל סילבר דמי ס,,0.00,,false,1,26.50,0.00,false,1,21726
59455233,false,סיגריות ווג ליידי כחול בודד,Unknown,,ווג כחול,,0.00,,false,1,40.00,0.00,false,1,12641
59455240,false,סיגריות ווג ליידי לילך בודד,Unknown,,ווג לילך חפיסה,,0.00,,false,1,40.00,0.00,false,1,12623
67642005,false,גולדסטאר slow brew,Unknown,,גולדסטאר slow brew,,330.00,"100 מ""ל",false,1,13.00,3.85,true,1,19449
70010215,false,לווצה DELICATO ח.4,Unknown,,לווצה DELICATO ח.4,,10.00,יחידה,false,1,17.90,1.79,true,1,26521
72909768,false,חטיף פסק זמן פור פלי,STRAUSS-ISRAEL,,פסק זמן פליי 40 גר,,40.00,100 גרם,false,1,7.50,18.75,true,1,752
72909799,false,קליק אוקיי חטיף נוגט,תות תעשיות מזון (2014) ב,,קליק ok חדש35,,35.00,100 גרם,false,1,7.50,21.43,true,1,836
72917329,false,חטיף אגוזי 45 גר,STRAUSS-ISRAEL,,אגוזי 45 גרם,,45.00,100 גרם,false,1,6.90,15.33,true,1,276
72917367,false,חטיף טעמי 40 גרם,"שטראוס גרופ בע""מ",,טעמי 40 גר,,40.00,100 גרם,false,1,6.90,17.25,true,1,300
72917589,false,מקופלת חלב 25 גרם,"שטראוס גרופ בע""מ",,מקופלת חלב 25,,25.00,100 גרם,false,1,6.90,27.60,true,1,277
72917893,false,וופל פסק זמן חלב 45 גרם,STRAUSS-ISRAEL,,פסק זמן חלב 45,,45.00,100 גרם,false,1,7.50,16.67,true,1,301
72918388,false,חטיף טוויסט 28 גר,"שטראוס גרופ בע""מ",,טוויסט 28 גר,,28.00,100 גרם,false,1,6.90,24.64,true,1,303
72940754,false,"מילקי מעדן וניל עם קצפת שטראוס 133 מ""ל","שטראוס גרופ בע""\מ",,מילקי וניל 130,,137.00,"100 מ""ל",false,1,3.90,2.85,true,1,12694
72940761,false,"מילקי מעדן שוקולד עם קצפת שטראוס 133 מ""ל",מיוצר עי קונדיטוריית,,מילקי שוקו 130 גר,,130.00,"100 מ""ל",false,1,3.90,3.00,true,1,583
72940952,false,מעדן מילקי בטעם שוקולד עם אקסטרה קצפת,"שטראוס גרופ בע""\מ",,מילקי פי 2 שוקולד,,170.00,100 גרם,false,1,4.00,2.35,true,1,10615
72940976,false,סלט כרוב אדום אחלה 250 גרם,מיוצר עי קונדיטוריית,,אחלה כרוב אדום 250,,250.00,100 גרם,false,1,10.20,4.08,true,1,801
72940983,false,סלט חומוס 250 גר אחל,מיוצר עי קונדיטוריית,,אחלה חומוס 250 גר,,250.00,100 גרם,false,1,10.00,4.00,true,1,644
72961209,false,"שמנת חמוצה 15% 200מל בד""צ תנובה",תנובה מרכז שיתופי לש,,שמנת חמוצה 15% 200מל,,200.00,"100 מ""ל",false,1,2.40,1.20,false,1,23528
72961506,false,יוגורט עם תות 1.5% שומן 125 ג' פרילי,מיוצר עי קונדיטוריית,,פרילי תות 1.5% 125ג,,125.00,100 גרם,false,1,4.20,3.36,true,1,585
72963104,false,חמאה מפוסטרת תנובה 1,תנובה,,תנובה חמאה 100גר,,100.00,100 גרם,false,1,4.20,4.20,false,1,568
72963128,false,חמאה מהדרין 100 גרם,תנובה,,חמאה 100 גרם בדצ,,100.00,100 גרם,false,1,3.94,3.94,false,1,23029
72963753,false,שמנת אורגינל של פעם 27% שומן 200 ג' תנובה,תנובה מרכז שיתופי לש,,שמנת של פעם27% 200מל,,200.00,"100 מ""ל",false,1,4.30,2.15,true,1,9541
72983225,false,מעדן מילקי הפוך 11% 170מ,"שטראוס גרופ בע""\מ",,מילקי הפוך,,130.00,"100 מ""ל",false,1,4.00,3.08,true,1,9400
72983454,false,סיגריות גולף סופר סלימס בודד,דובק,,גולף סופר סלימס חפיס,,0.00,,false,1,32.00,0.00,false,1,3215
72983928,false,קופסה גולף סלימס מנטה,דובק,,גולף סופר סלים חפיסה,,0.00,,false,1,32.00,0.00,false,1,3881
72983997,false,קופסה גולף גולד ארוך בוקס,דובק,,גולף גולד 100 חפיסה,,0.00,,false,1,32.00,0.00,false,1,4320
72984000,false,גולף סילבר 100 פ.ע חפיסה,דובק,,גולף סילבר 100 חפיסה,,0.00,,false,1,32.00,0.00,false,1,4321
72986370,false,"גלידת בן & ג'ריס פיינטים וניל 500מ""ל",מוצרי איכות אמריקאיים,,בן&גריס פיינט וניל,,500.00,"100 מ""ל",false,1,31.00,6.20,true,1,6689
72986424,false,"גלידת בן & ג'ריס פיינטים קרם עוגיות 500מ""ל",מוצרי איכות אמריקאיים בע,,בן&גריס קרם עוגיות,,500.00,"100 מ""ל",false,1,31.00,6.20,true,1,6690
72986448,false,"גלידת בן & ג'ריס פיינטים טופי קראנץ 500מ""ל",מוצרי איכות אמריקאיים בע,,בן&גריס טופי קראנץ,,500.00,"100 מ""ל",false,1,31.00,6.20,true,1,6694
72986455,false,"גלידה בן& ג'ריס ניו יורק סופר פאדג' צ'אנק 500 מ""ל",מוצרי איכות אמריקאיים בע,,בן&גריס ניו-יורק סו,,420.00,"100 מ""ל",false,1,31.00,7.38,true,1,6695
72986479,false,"גלידה שוקולד אגוז עם בננות בן וג'ירי 500 מ""ל",מוצרי איכות אמריקאיים בע,,בן&גריס פיינט צאנקי,,500.00,"100 מ""ל",false,1,31.00,6.20,true,1,6696
72989395,false,טילון בן&ג'ריס ורמונט-קרם עוגיות 100ג',מוצרי איכות אמריקאיים בע,,בן&גריס טילון עוגיה,,100.00,100 גרם,false,1,10.90,10.90,true,1,6715
72989425,false,"גלידת בן & ג'ריס פיינטים שוקולד בראוניז 500מ""ל",מוצרי איכות אמריקאיים בע,,בן&גריס פיינט שוקול,,500.00,"100 מ""ל",false,1,31.00,6.20,true,1,6710
72991008,false,פסק זמן חלב מגדים 45 גרם,STRAUSS-ISRAEL,,פסק זמן מגדים 45 גר,,45.00,100 גרם,false,1,7.50,16.67,true,1,2671
72991374,false,סיגריות טיים רד חפיס,דובק,,טיים רד חפיסה,,0.00,,false,1,31.00,0.00,false,1,38
72991381,false,סיגריות טיים 100 RED בודד,דובק,,טיים רד 100 חפיסה,,0.00,,false,1,31.00,0.00,false,1,39
72991398,false,סיגריות טיים בלו לי,דובק,,טיים בלו חפיסה,,0.00,,false,1,31.00,0.00,false,1,40
72991404,false,סיגריות אירופה חפיסה,דובק,,אירופה חפיסה,,0.00,,false,1,31.00,0.00,false,1,41
72991411,false,סיגריות ברודווי 80 ח,דובק,,ברודווי 80 חפיסה,,0.00,,false,1,31.00,0.00,false,1,42
72991428,false,קופסה ברודווי ארוך,דובק,,ברודווי 100 חפיסה,,0.00,,false,1,31.00,0.00,false,1,43
72991459,false,סיגריות גולף לייט בודד,דובק,,גולף חפיסה,,0.00,,false,1,32.00,0.00,false,1,44
72991466,false,קופסה גולף ארוך סופט,דובק,,גולף ארוך סופט,,0.00,,false,1,32.00,0.00,false,1,45
72991473,false,סיג.שרתון חפיסה,דובק,,שרתון חפיסה,,0.00,,false,1,31.00,0.00,false,1,46
72991480,false,סיגריות נלסון חפיסה,דובק,,נלסון חפיסה,,0.00,,false,1,31.00,0.00,false,1,47
72991497,false,סיגריות נובלס פילטר בודד,"דובק בע""מ",,נובלס חפיסה,,0.00,,false,1,31.00,0.00,false,1,48
72991503,false,סיגריות נובלס בלנד ח,"דובק בע""מ",,נובלס בלנד חפיסה,,0.00,,false,1,31.00,0.00,false,1,49
72991510,false,סיגריות מונטנה פילטר,"דובק בע""מ",,מונטנה חפיסה,,0.00,,false,1,32.00,0.00,false,1,50
72991527,false,מוסטאנג רד חפיסה,"דובק בע""מ",,מוסטנג חפיסה,,0.00,,false,1,26.50,0.00,false,1,51
72991824,false,טיים בלו ארוך חפיסה,"דובק בע""מ",,טיים בלו 100 חפיסה,,0.00,,false,1,31.00,0.00,false,1,52
72991886,false,"גלידת דולצ'ה בטעם ריבת חלב עם פאדג' בן וג'ירי 500 מ""ל",מוצרי איכות אמריקאיים בע,,בן&גריס דולצה לצה,,500.00,"100 מ""ל",false,1,31.00,6.20,true,1,6697
72992357,false,חטיף פסק זמן ביג ביי,STRAUSS-ISRAEL,,פסק זמן ביג בייט 50,,50.00,100 גרם,false,1,7.50,15.00,true,1,305
72993637,false,מעדן חלב בטעם שוקולד 125 ג' דני,"שטראוס גרופ בע""\מ",,דני שוקולד בודד,,125.00,"100 מ""ל",false,1,3.20,2.56,true,1,9844
72994061,false,חטיף פסק זמן GOOD גלילית לבן 40 גרם,שולן צ'\יקולטה גידה סאן.,,פסק זמן 2 GOOD,,36.00,100 גרם,false,1,7.50,20.83,true,1,11657
72994122,false,היי ווי בלו חפ.,Unknown,,היי-ווי בלו,,0.00,,false,1,27.00,0.00,false,1,12546
72994139,false,היי-ווי סילבר,Unknown,,היי-ווי סילבר,,0.00,,false,1,27.00,0.00,false,1,12547
72994146,false,היי-ווי רד חפיסה,Unknown,,היי-ווי רד חפיסה,,0.00,,false,1,27.00,0.00,false,1,12545
72994221,false,פסק זמן גלילית אגוזים מגדים,שטראוס גרופ,,פסק זמן גלילית מגדים,,40.00,100 גרם,false,1,7.50,18.75,true,1,21124
72994306,false,סיגריות רויאל אדום ח,דובק,,רויאל אדום -חפיסה,,0.00,,false,1,26.50,0.00,false,1,13885
72994313,false,סיגריות רויאל כחול בודד,דובק,,רויאל כחול - חפיסה,,0.00,,false,1,26.50,0.00,false,1,13886
72994566,false,רויאל רד,Unknown,,רויאל רד,,0.00,,false,1,26.50,0.00,false,1,28048
72994573,false,רויאל בלו,Unknown,,רויאל בלו,,0.00,,false,1,26.50,0.00,false,1,28049
76136184,false,סיגריות פאל מל סלימס כחול בודד,Unknown,,פאל מאל ס.ס כחול טיו,,0.00,,false,1,30.50,0.00,false,1,5236
80001027,false,לואקר טורטינה שוקולד חלב,"כד בני דרום בע""מ",,טורטינה וופל שוק 21ג,,21.00,100 גרם,false,1,5.50,26.19,true,1,307
80001072,false,שוקולד חלב עם ופל לו,לואקר,,לואקר שוקולד חלב,,50.00,100 גרם,false,1,7.20,14.40,true,1,20614
80001089,false,לואקר שוקולד מריר 50,לואקר,,לואקר שוקולד מריר,,50.00,100 גרם,false,1,7.20,14.40,true,1,20615
80001256,false,שוקולד לואקר חלב במילוי קרם אגוזי לוז,לואקר,,לואקר שוקולד אגוז 55,,55.00,100 גרם,false,1,7.20,13.09,true,1,18195
80001287,false,וופל חטיף לואקר אגוז 38 גר',ליימן מותגים,,גרדנה וופל לואקר 38ג,,38.00,100 גרם,false,1,5.50,14.47,true,1,308
80001461,false,חטיף גרדנה שוקולד 38 גרם,"א. לואקר קונפקט בע""מ",,גרדנה וופל מצופה,,38.00,100 גרם,false,1,5.50,14.47,true,1,4311
80001485,false,חטיף גרדנה קוקוס 38 גרם,קריניציה ויטמינה אס,,גרדנה קוקוס,,38.00,100 גרם,false,1,5.50,14.47,true,1,6053
80001799,false,לואקר טורטינה שוקולד לבן,"כד בני דרום בע""מ",,טורטינה שוקולד לבן,,21.00,100 גרם,false,1,5.50,26.19,true,1,15445
80001911,false,וופל גרדנה במילוי קרם אגוזי לוז ובציפוי שוקולד לבן,ליימן מותגים,,גרדנה ש.לבן 38 גר,,38.00,100 גרם,false,1,5.50,14.47,true,1,18196
80042563,false,רסק עגבניות 700 ג' (צהוב) MUTTI,"איי, בי, אינבוו",,מוטי רסק עגבניות 700,,700.00,100 גרם,false,1,12.90,1.84,false,1,27336
80050025,false,סוכריות טיק טק תפוז 16 גרם,פררו - אלבה,,טיק טק תפוז,,16.00,100 גרם,false,1,5.00,31.25,true,1,239
80050124,false,סוכריות טיק טק מנטה 16 גרם,פררו - אלבה,,טיק טק מנטה,,16.00,100 גרם,false,1,5.00,31.25,true,1,240
80050278,false,פררו רושר חטיף כדורים שלישיה 40ג',פררו - אלבה,,רושה חטיף שלישיה,,37.50,100 גרם,false,1,9.00,24.00,true,1,281
80052760,false,קינדר בואנו Kinder Bueno עם חלב ואגוזי לוז,פררו - אלבה,,קינדר בואנו,,43.00,100 גרם,false,1,7.90,18.37,true,1,309
80052883,false,סוכריות מנטה חזק 16 ג' טיק טק,פררו,,טיק טק מנטה חזק,,16.00,100 גרם,false,1,5.00,31.25,true,1,25776
80136194,false,חטיפי הפי היפו Happy Hippo במילוי קרם חלבי ואגוזי לוז,קינדר Kinder,,הפי היפו אגוזים5*21,,105.00,100 גרם,false,1,16.90,16.10,true,1,26160
80176732,false,קינדר הפי היפו 28 יחידות,פררו - אלבה,,הפי היפו 21 גר,,21.00,100 גרם,false,1,5.00,23.81,true,1,3905
80177173,false,ממרח שוקולד נוטלה 350 גרם,פררו - אלבה,,נוטלה 350 גר,,350.00,100 גרם,false,1,17.00,4.86,true,1,8227
80177180,false,שוקולד קינדר קאונטרי 23.5 גרם,ליימן שליסל,,שוקולד קינדר דגנים,,23.50,100 גרם,false,1,5.00,21.28,true,1,3567
80177609,false,אצבעות שוקולד קינדר Kinder ארבע יחידות,פררו - אלבה,,אצבעות קינדר 50 גר,,50.00,100 גרם,false,1,5.00,10.00,true,1,283
80177616,false,אצבעות שוקולד קינדר Kinder שמונה יחידות,פררו - אלבה,,קינדר אצבעות 100גר,,100.00,100 גרם,false,1,10.00,10.00,true,1,284
80310549,false,הפי היפו חטיף קינדר שוקולד לבן 20.5ג',קריות זול,,הפי היפו אגוזים,,21.00,100 גרם,false,1,5.00,23.81,true,1,25796
80310891,false,ג'וי ביצת הפתעה קינדר 20 גרם,קריות זול,,קינדר גוי,,0.00,,false,1,8.90,0.00,true,1,5477
80761761,false,קינדר בואנו לבן בודד 39 גרם,ליימן שליסל,,קינדר בואנו לבן,,39.00,100 גרם,false,1,7.90,20.26,true,1,12171
80768258,false,ביצת הפתעה קינדר גוי לבנות 20 גרם,פררו - אלבה,,קינדר גוי ורוד-חדש,,20.00,100 גרם,false,1,8.00,40.00,true,1,16148
80773429,false,מנטוס בקבוק מעוגל - מסטיק ללא סוכר בטעם תות 60 גרם,"פרפטי ואן מלה ג'\ידה,סאן",,מסטיק מנטוס תות,,60.00,100 גרם,false,1,11.00,18.33,true,1,21362
80773443,false,מנטוס בקבוק מעוגל - מסטיק ללא סוכר בטעם מנטה 60 גרם,"פרפטי ואן מלה ג'\ידה,סאן",,מנטוס מסטיק מ.עדינה,,60.00,100 גרם,false,1,11.00,18.33,true,1,19961
80790990,false,מסטיק מנטוס בבקבוק מעוגל בטעם פירות -מנטה 60 ג',"פרפטי ואן מלה ג'\ידה,סאן",,מנטוס מסטיק פירות,,60.00,100 גרם,false,1,11.00,18.33,true,1,19962
80809265,false,טורטינה בודד חמאת בוטנים 21 ג' לואקר,לואקר,,טורטינה ח.בוטנים 21,,21.00,100 גרם,false,1,5.50,26.19,true,1,28996
80820956,false,לואקר חטיף פטיסרי אג,לואקר,,לואקר פטיסרי אגוז,,21.00,100 גרם,false,1,5.50,26.19,true,1,26967
80820970,false,שוקולד חלב ממולא קרם קרמל ועלי וופל פריכ,לואקר Loacker,,טורטינה קרמל 21ג,,21.00,100 גרם,false,1,5.50,26.19,true,1,26642
80831402,false,סוכריות מנטוס מנטה עדינה 30 יח' ללא סוכר CLEAN BREATH,פרפטי ואן מלה,,סוכריות מנטוס,,21.00,100 גרם,false,1,7.90,37.62,true,1,25778
80832560,false,סוכריות מנטוס פירות יער 21 ג' ללא סוכר CLEAN BREATH,פרפטי ואן מלה,,מנטוס קלין פירות יער,,21.00,100 גרם,false,1,7.90,37.62,true,1,29753
80833468,false,לואקר חטיף פטיסרי קו,לואקר,,לואקר פטיסרי קוקוס,,22.00,100 גרם,false,1,5.50,25.00,true,1,26968
80843184,false,מנטוס מסטיק פיור פרש בטעם ענבים 60גר,פרפטי ואן מלה הולנד,,מ.פיורפרש ב.ענבים,,60.00,100 גרם,false,1,11.00,18.33,true,1,26985
80854753,false,סוכריות מנטוס מנטה 30 יח' ללא סוכר CLEAN BREATH,פרפטי ואן מלה,,סוכריות מנטוס מנטה,,21.00,100 גרם,false,1,7.90,37.62,true,1,25010
80862130,false,"מנטוס מסטיק פיור פרש - אבטיח 28 גרם (14 יח') חת""ס",פרפטי ואן מלה ברדה,,מנטוס פיור אבטיח,,28.00,100 גרם,false,1,6.00,21.43,false,1,25710
80864059,false,וופל גרדנה עם קרם חמאת בוטנים בציפוי שוקולד חלב,ליימן מותגים,,גרדנה ח.בוטנים 38ג,,38.00,100 גרם,false,1,5.50,14.47,true,1,28997
80864295,false,סוכריות פיור וויט טעם מנטה עדינה 60 ג' מנטוס,"פרפטי ואן מלה ג'ידה,סאן",,מנטוס ב.פיור מ.עדינה,,60.00,100 גרם,false,1,11.00,18.33,true,1,27594
80874652,false,קינדר קארדס 120 גרם - בודד,פררו,,קינדר קארדס,,25.60,100 גרם,false,1,5.00,19.53,true,1,29561
80887744,false,מנטוס מסטיק בקבוקון כיס בטעם מנטה,ליימן שליסל,,מנטוס בקבוקון מנטה,,28.00,100 גרם,false,1,6.00,21.43,true,1,26986
80896081,false,מנטוס בקבוק מעוגל - מסטיק ללא סוכר בטעם אבטיח 60 גרם,"פרפטי ואן מלה ג'\ידה,סאן",,מנטוס מסטיק אבטיח,,60.00,100 גרם,false,1,11.00,18.33,true,1,21363
80913467,false,מנטוס בקבוק מעוגל - מסטיק ללא סוכר בטעם מנטה,פרפטי ואן מלה הולנד,,מנטוס מסטיק מנטה,,60.00,100 גרם,false,1,11.00,18.33,true,1,19963
80936848,false,סוכריות טיק טק תות שדה 24 יח',ליימן-שליסל,,טיק טק תות שדה,,16.00,100 גרם,false,1,5.00,31.25,true,1,15645
80945468,false,סוכריות פיור וויט טעם מנטה מתוקה 60 ג' מנטוס,"פרפטי ואן מלה ג'ידה,סאן",,מנטוס ב.פיור מ.מתוקה,,60.00,100 גרם,false,1,11.00,18.33,true,1,27595
80954521,false,"מנטוס מסטיק פיור פרש - תות 28 גרם (14 יח') חת""ס",פרפטי ואן מלה ברדה,,מנטוס פיור תות,,28.00,100 גרם,false,1,6.00,21.43,false,1,25711
80974482,false,ביצת הפתעה קינדר גוי לבנים 20 גרם,פררו - אלבה,,קינדר גוי-חדש,,20.00,100 גרם,false,1,8.00,40.00,true,1,15993
80977070,false,מנטוס מסטיק בקופסה בטעם פירות טרופיים,פרפטי ואן מלה ברדה,,מנטוס פיור טרופי,,28.00,100 גרם,false,1,6.00,21.43,false,1,25712
80977278,false,מנטוס מסטיק בקבוקון כיס בטעם פירות מנטה,ליימן שליסל,,מנטוס בקבוקון פ.מנטה,,28.00,100 גרם,false,1,6.00,21.43,true,1,26987
80979128,false,מנטוס מסטיק בקבוק מעוגל בטעם דובדבן,פרפטי ואן מלה הולנד,,מנטוס בקבוקון דובדבן,,60.00,100 גרם,false,1,11.00,18.33,false,1,27993
80982470,false,מסטיק מנטוס פיור פרוסט בטעם מנטה חזק 60 גר',פרפטי ואן מלה ברדה,,מסטיק מנטוס פיור,,60.00,100 גרם,false,1,11.00,18.33,true,1,26651
80986348,false,סוכריות פיור וויט טעם מנטה 60 ג' מנטוס,"פרפטי ואן מלה ג'ידה,סאן",,מנטוס ב.פיור ו.מנטה,,0.00,,false,1,11.00,0.00,true,1,27596
87108538,false,סוכריות בטעם תות מנטוס 37.5 גרם,הדקלאים אגודת שיתופי,,מנטוס תות גליל,,37.50,100 גרם,false,1,5.00,13.33,true,1,5457
87311396,false,מנטוס ריינבאוו סוכריות לעיסה בטעמי פירות,פרפטי ואן מלה ברדה,,מנטוס גליל Rainbow,,37.50,100 גרם,false,1,5.00,13.33,true,1,13949
87354041,false,מנטוס גליל בטעם דובדבן 40גלילים,פרפטי ואן מלה,,מנטוס גליל דובדבן,,37.50,100 גרם,false,1,5.00,13.33,true,1,26647
90162602,false,רד בול משקה אנרגיה פקדון 30 אג,רד בול ג'י.אם.בי. אץ,,רד בול פחית 250 מל,,250.00,"100 מ""ל",false,1,9.90,3.84,true,1,6192
90162800,false,רד בול משקה אנרגיה ללא סוכר פקדון 30 אג,רד בול ג'י.אם.בי. אץ,,רד בול פחית מ.סוכר,,250.00,"100 מ""ל",false,1,9.90,3.84,true,1,6193
90446269,false,"משקה רד בול אבטיח מוגז פחית 250 מ""ל",ראון פרוכטסאפה,,רד בול אבטיח - חדש,,330.00,"100 מ""ל",false,1,6.00,1.73,true,1,27114
90448867,false,"משקה אנרגיה רד בול ללא פחמימות 250 מ""ל",רד בול,,רד בול ללא.פ 250 מל,,250.00,"100 מ""ל",false,1,9.90,3.84,true,1,28999
90453427,false,"משקה אנרגיה רד בול פיטאיה 250 מ""ל",רד בול,,רד בול פיטאיה 250 מל,,250.00,"100 מ""ל",false,1,6.00,2.28,true,1,29000
9073102314,false,"גלידה סורבט שרונס קוקוס 473מ""ל",מוצרי איכות אמריקאיים,,סורבה קוקוס,,420.00,"100 מ""ל",false,1,31.00,7.38,true,1,20070
9349305793,false,אבוקדו מוכן לאכילה,Unknown,,אבוקדו מוכן לאכילה,,500.00,100 גרם,false,1,12.90,2.58,true,1,26501
9800800056,false,חטיף שוקולד עם מקלות לחם אנד גו,פררו - אלבה,,נוטלה טו גו,,52.00,100 גרם,false,1,8.00,15.38,true,1,20922
12300102131,false,סיגריות כאמל סופט פק,Unknown,,פאקט כאמל רך,,0.00,,false,1,310.00,0.00,false,1,991
12300103138,false,סיגריות כאמל בוקס פק,Unknown,,כאמל צהוב בוקס,,0.00,,false,1,310.00,0.00,false,1,990
12300107136,false,סיגריות כאמל כחול פק,Unknown,,כאמל כחול לייט פאקט,,0.00,,false,1,290.00,0.00,false,1,989
12300111133,false,פאקט וינסטון לייט רך,Unknown,,פאקט וינסטון לייט רך,,0.00,,false,1,320.00,0.00,false,1,985
12300112130,false,פאקט וינסטון רגיל,Unknown,,פאקט וינסטון רגיל,,0.00,,false,1,330.00,0.00,false,1,994
12300119139,false,סיגריות וינסטון כחול בוקס 1/10,Unknown,,פאקט וינסטון לייט,,0.00,,false,1,330.00,0.00,false,1,987
12300141130,false,כאמל כתום פאקט,Unknown,,כאמל כתום פאקט,,0.00,,false,1,295.00,0.00,false,1,8190
12300159135,false,וינסטון כחול ארוך פאקט,Unknown,,וינסטון כחול ארוך,,0.00,,false,1,330.00,0.00,false,1,17813
12300253864,false,סיגריות וינסטון אפור,Unknown,,וינסטון סילבר חפיסה,,0.00,,false,1,33.00,0.00,false,1,91
12300253871,false,פקאט ווינסטון סופר,Unknown,,פקאט ווינסטון סופר,,0.00,,false,1,320.00,0.00,false,1,986
13495113506,false,קליק ביסקוויט 75 גרם,יוניליוור ישראל מזון בע\,,קליק בסקוויט 75 גר,,75.00,100 גרם,false,1,9.00,12.00,true,1,709
16000142220,false,נ.וואלי חטיף PROTEIN XL קרמל מלוח,ליימן שליסל,,נייטשר ואלי ק.מלוח,,60.00,100 גרם,false,1,13.90,23.17,true,1,28408
16000281684,false,חטיפי גרנולה קראנצ'י עם פקאן נייצ'ר ואלי 5*42 גרם,ליימן מותגים,,נייצר וואלי פקאן5יח,,210.00,100 גרם,false,1,19.00,9.05,true,1,28233
16000423534,false,חטיפי גרנולה קראנצ'י עם שיבולת שועל ושוקולד מריר נייצ'ר ואלי 5*42 גרם,ג'נרל מילס סאן אדריאן,,קראנצי 1/5 ש.שועל,,210.00,100 גרם,false,1,19.00,9.05,true,1,12208
16000507777,false,נייטשר ואלי חטיף קראנצ'י שוקולד,ג'נרל מילס,,נייטשר וואלי שוקולד,,42.00,100 גרם,false,1,6.00,14.29,true,1,12532
16000515420,false,נייטשר ואלי פרוטאין XL בוטנים ושבבי שוקולד,ליימן שליסל,,נייטשר ואלי שוקולד,,60.00,100 גרם,false,1,13.90,23.17,true,1,28409
16000548404,false,חטיפי גרנולה קראנצ'י עם שיבולת שועל ודבש נייצ'ר ואלי 5*42 גרם,ג'נרל מילס סאן אדריאן,,קראנצי שיבולת שועל,,210.00,100 גרם,false,1,19.00,9.05,true,1,9622
16000548497,false,קראנצי שיבולת שועל ודבש בודד 42גר,ג'נרל מילס,,נייטשר וואלי ש.שועל,,42.00,100 גרם,false,1,6.00,14.29,true,1,797
16000548503,false,חטיפי גרנולה קראנצ'י עם מייפל וסוכר חום נייצ'ר ואלי 5*42 גרם,ג'נרל מילס סאן אדריאן,,נייצר וואלי מייפל5י,,210.00,100 גרם,false,1,19.00,9.05,true,1,9791
16000548596,false,קראנצי מייפל וסוכר חום בודד 42גר,ג'נרל מילס,,נייטשר וואלי מייפל,,42.00,100 גרם,false,1,6.00,14.29,true,1,796
16000548602,false,חטיפי גרנולה קראנצ'י קינמון נייצ'ר ואלי 5*24 גרם,ג'נרל מילס סאן אדריאן,,קראנצ חטיף קנמון1/5,,210.00,100 גרם,false,1,19.00,9.05,true,1,9621
16000548909,false,חטיפי גרנולה קראנצ'י במגוון טעמים נייצ'ר ואלי 5*42 גרם,ג'נרל מילס סאן אדריאן,,נייצר וואלי מעורב5י,,210.00,100 גרם,false,1,19.00,9.05,true,1,9743
17170000227,false,סט כלים רב פ. ל-6 ס.,Unknown,,סט כלים רב פ. ל-6 ס.,,0.00,,false,1,69.90,0.00,false,1,26353
18000701223,false,"פילסברי, עוגה בטעם שוקולד, תערובת להכנת עוגה בטעם שוקולד. 500 גרם",הדקלאים אגודת שיתופי,,פילסברי ת. לע.שוקולד,,500.00,100 גרם,false,1,19.90,3.98,true,1,10588
18000703494,false,"פילסברי, עוגה בטעם וניל, תערובת להכנת עוגה בטעם וניל. 500 גרם.",הדקלאים אגודת שיתופי,,ת.לעוגה בטעם וניל,,500.00,100 גרם,false,1,19.90,3.98,true,1,21253
18000766413,false,"פילסברי, עוגה בטעם שוקולד, תערובת להכנת עוגה בטעם שוקולד. 550 גרם.",הדקלאים אגודת שיתופי,,פילסברי ת.לע.בראוניס,,550.00,100 גרם,false,1,19.90,3.62,true,1,10589
22200956932,false,דאודורנט ספיד סטיק גל 24/7 כחול 85 גר,הנסיך- מפעל לייצור ט,,ספיד סטיק 24/7 גל כח,,85.00,100 גרם,false,1,21.90,25.76,true,1,23338
30100487197,false,קיבלר סנדוויץ קרקר גבינה וצדר 39 גרם,"מאכלי עולם ר.ז. בע""מ",,סנדוויץ קרקר ג. צדר,,39.00,100 גרם,false,1,5.90,15.13,true,1,16530
30100545101,false,קיבלר סנדוויץ קרקר קלאב צדר 39 גרם,"מאכלי עולם ר.ז. בע""מ",,ס.קרקר במילוי צדר,,39.00,100 גרם,false,1,5.90,15.13,true,1,16529
31200001597,false,חמוציות אושן ספריי קליית גת בשקית 170 גרם,ליימן מותגים,,חמוציות בשקית 170 גר,,150.00,100 גרם,false,1,17.90,11.93,true,1,18851
36000516890,false,קלינקס לושן שלוש שכבות 120 יחידות,חוגלה קימברלי,,קלינקס לושן 3שכבות,,120.00,יחידה,false,1,20.90,0.17,false,1,24405
37600207188,false,חמאת בוטנים קלאסי סקיפי 462 גרם,חברת המזון אלגוד,,סקיפי ממרח 462 גרם,,462.00,100 גרם,false,1,24.90,5.39,true,1,16554
37600297943,false,CHI CHIS-מטבל סלסה חריפה 439 גרם,מותגים,,סלסה - חריף,,300.00,100 גרם,false,1,17.90,5.97,true,1,29665
37600297967,false,מטבל סלסה בחריפות עדינה צי צי 439 גר,hormel foods,,סלסה - עדין,,300.00,100 גרם,false,1,17.90,5.97,true,1,29666
38000138638,false,חטיף צ'יפס פרינגלס פיצה 158 גרם,פרינגלס מנופקצ'ורינג קונ,,פרינגלס ביג פיצה 158,,158.00,100 גרם,false,1,13.00,8.23,true,1,25998
38000183690,false,חטיף צ'יפס פרינגלס מידי ברביקיו 71 גרם,פרינגלס מנופקצ'ורינג,,פרינגלס מידי ברביקיו,,71.00,100 גרם,false,1,6.00,8.45,true,1,21575
38000232152,false,פרינגלס חטיפי תפוח אדמה בטעם ברביקיו 158 גרם,פרינגלס מנופקצ'ורינג קומ,,פרינגלס ביג ברביקיו,,158.00,100 גרם,false,1,13.00,8.23,true,1,24282
38000232169,false,פרינגלס מידי אורגינל 67 גרם.,פרינגלס מנופקצ'ורינג קונ,,פרינגלס מידי אורגינל,,67.00,100 גרם,false,1,6.00,8.96,true,1,24283
38000232176,false,פרינגלס ביג שמנת בצל 158 גרם,פרינגלס מנופקצ'ורינג קונ,,פרינגלס ביג שמנת בצל,,158.00,100 גרם,false,1,13.00,8.23,true,1,24284
38000232183,false,פרינגלס ביג אורגינל 149 גרם,פרינגלס מנופקצ'ורינג קונ,,פרינגלס ביג אורגינל,,149.00,100 גרם,false,1,13.00,8.72,true,1,24285
38000845253,false,חטיף צ'יפס פרינגלס מידי שמנת בצל 71 גרם,פרינגלס מנופקצ'ורינג קונ,,פרינגלס מידי ש.בצל,,71.00,100 גרם,false,1,6.00,8.45,true,1,17936
38527591053,false,קואקר דגנים מרובעים שיבולת שועל וקינמון,קוואקר אוטס קומפני,,דגנים מרובעים קינמון,,411.00,100 גרם,false,1,23.90,5.82,true,1,13344
38527591060,false,דגני קוואקר מרובעים Quaker Squares עם סוכר חום,קוואקר אוטס קומפני,,קוואקר מרובעים בסוכר,,411.00,100 גרם,false,1,23.90,5.82,true,1,13343
40000513568,false,סוכריות אם אנד אמס M&M שוקולד חלב,M&M אם אנד אם,,M&Ms שוקולד 156 גרם,,156.00,100 גרם,false,1,14.90,9.55,false,1,28113
40000513582,false,בוטנים אריזה גדולה M&M's,מארס,,M&Ms בוטנים 156 גרם,,156.00,100 גרם,false,1,14.90,9.55,false,1,28111
40000514480,false,M&M אריזה קטנה's שוקולד אריזה קטנה 48 גרם,M&M אם אנד אם,,אמ אנד אמס שוקו,,47.78,100 גרם,false,1,6.50,13.60,true,1,18322
40000514510,false,M&M אריזה קטנה's בוטנים אריזה קטנה 49 גרם,M&M אם אנד אם,,אמ אנד אמס פינאט,,51.70,100 גרם,false,1,6.50,12.57,true,1,18222
40000555391,false,עדשי מ&מ'ס בראוניז 40גרם,מרס ריגלי קונפקשונרי,,M&M בראוניז 40 גרם,,40.00,100 גרם,false,1,6.50,16.25,true,1,27737
41570006726,false,בלו דיאמנד ש.מעושן,Unknown,,בלו דיאמנד ש.מעושן,,150.00,100 גרם,false,1,29.90,19.93,true,1,29667
41570071731,false,בלו דיאמנד ש.קלויים,Unknown,,בלו דיאמנד ש.קלויים,,150.00,100 גרם,false,1,29.90,19.93,true,1,29668
46214731552,false,עוגיות שוקולד צ'יפס 37% גודיס 225 גרם,קריניציה ויטמינה אס,,עוגיות שוקולד ציפס,,225.00,100 גרם,false,1,10.90,4.84,true,1,612
50000429646,false,פריסקיז פנסי פיסט לח דג אוקיאנוס 85 גרם,נסטלה פורינה USA ג',,פנסי פיסט דג 85 גר,,85.00,100 גרם,false,1,7.50,8.82,true,1,12762
50000434640,false,פריסקיז פנסי פיסט נתחי לבבות כבד ועוף 85 גרם,נסטלה פורינה USA סט,,פנסי פיסט נתחי עוף,,85.00,100 גרם,false,1,7.50,8.82,true,1,12761
51131978393,false,זוג שפורפרות סופר גלו גל 4 גר,Unknown,,גל סופר גלו 4 גר,,4.00,100 גרם,false,1,20.00,500.00,true,1,18744
51135807514,false,סופר גלו נוזלי 4 שפופרות,Unknown,,סופר גלו 2 גר *4,,4.00,100 גרם,false,1,20.00,500.00,true,1,18745
64144090020,false,"ספריי שמן PAM בטעם שמן זית 141 מ""ל",קונאגרה פודס,,תרסיס שמן פאם זית,,148.00,100 גרם,false,1,20.90,14.12,true,1,26219
64144090051,false,"ספריי שמן PAM קנולה אורגינל 148 מ""ל",קונאגרה פודס,,תרסיס שמן פאם 148 מל,,148.00,"100 מ""ל",false,1,22.00,14.86,true,1,26031
70382008949,false,מנקה שטיחים,Unknown,,מנקה שטיחים,,296.00,"100 מ""ל",false,1,74.00,25.00,false,1,25726
70382013905,false,מנקה שטיחים ור. בד,Unknown,,מנקה שטיחים ור. בד,,560.00,"100 מ""ל",false,1,74.90,13.38,false,1,26535
70382101237,false,מחדש פנסים נוזלי,Unknown,,מחדש פנסים נוזלי,,539.00,100 גרם,false,1,69.00,12.80,false,1,25727
70970471254,false,מייק לייק - סוכריות ג'לי בינס קרטונית פירות ירוק 141 גרם,ג'\אסט בורן,,מייק&הייק פירות 141ג,,141.00,100 גרם,false,1,12.90,9.15,true,1,23099
70970471261,false,מייק לייק - סוכריות ג'לי בינס קרטונית טרופי אדום 141 גרם,גאסט בורן,,מייק & הייק טרופי,,141.00,100 גרם,false,1,12.90,9.15,true,1,23947
70970471278,false,מייק לייק - סוכריות ג'לי בינס קרטונית פירות יער כחול 141 גרם,גאסט בורן,,מייק אנד הייק פירות,,141.00,100 גרם,false,1,12.90,9.15,true,1,23948
70970471285,false,מייק אנד אייק רד רייג'רס 141 גר',גאסט בורן,,בינס דובדבן אדום,,141.00,100 גרם,false,1,12.90,9.15,true,1,29487
70970471308,false,"סוכריות מייק אייק רד רייג'רס, 141 ג'",גאסט בורן,,סוכריות בינס ענבים,,141.00,100 גרם,false,1,12.90,9.15,true,1,29488
70970473562,false,מייק לייק - סוכריות ג'לי בינס קרטונית מגה מיקס 141 גרם,ג'\אסט בורן,,מייק&הייק מגה מיקס,,141.00,100 גרם,false,1,12.90,9.15,true,1,23100
70970473609,false,סוכריות ג'לי מייק&נייק מגה מיקס חמוץ 141 גר',ג'\אסט בורן,,מייק&הייק מיקס חמוץ,,141.00,100 גרם,false,1,12.90,9.15,true,1,24719
72600062306,false,חטיף הר פודס בטעם גבינה 198 גרם,הר פודס,,הר חטיף גבינה 198 ג,,198.00,100 גרם,false,1,21.90,11.06,true,1,29679
72600062313,false,הר חטיף גבינה בפאלו גבינה כחולה 198 גרם,הר פודס,,הר חטיף ג.כחולה 198,,198.00,100 גרם,false,1,21.90,11.06,true,1,29680
72600062320,false,הר חטיף גבינה בטעם פיצה 198 גרם,הר פודסn\,,הר ח.גבינה פיצה 198ג,,198.00,100 גרם,false,1,21.90,11.06,true,1,29681
74570004003,false,גלידה בטעם וניל 473 ג' האגן דאז,האגן דאז,,האגן דאז פיינט וניל,,473.00,"100 מ""ל",false,1,30.00,6.34,true,1,22483
74570024001,false,גלידה בטעם תות שדה 473 ג' האגן דאז,האגן-דאז,,האגן דאז פיינט תות,,473.00,"100 מ""ל",false,1,30.00,6.34,true,1,22489
74570174003,false,גלידה בטעם אגוזי מקדמיה 473 ג' האגן דאז,האגן דאז,,האגן דאז מקדמיה,,473.00,"100 מ""ל",false,1,30.00,6.34,true,1,22484
74570274000,false,גלידה בטעם קרם עוגיות 473 ג' האגן דאז,האגן דאז,,האגן דאז ק. עוגיות,,473.00,"100 מ""ל",false,1,30.00,6.34,true,1,22485
74570610051,false,גלידה בטעם שוקולד בלגי 473 ג' האגן דאז,האגן-דאז,,האגן דאז שוקולד בלגי,,473.00,"100 מ""ל",false,1,30.00,6.34,true,1,22486
74570703890,false,"גלידה האגן דאז פרלינים 473 מ""ל",האגן דאז,,האגן דאז פרלינים,,473.00,"100 מ""ל",false,1,30.00,6.34,true,1,22481
74570950010,false,גלידה בטעם גבינה ותות 473 ג' האגן דאז,האגן דאז,,פיינט האגן עו גבינה,,473.00,"100 מ""ל",false,1,30.00,6.34,true,1,22487
76501324020,false,סט שלוש צידניות,Unknown,,סט שלוש צידניות,,0.00,,false,1,259.00,0.00,false,1,26437
76840000661,false,פינט באטר טבעוני ללאחלב,מוצרי איכות אמריקאיי,,בן&גריס באטר ח.אפוי,,473.00,"100 מ""ל",false,1,33.00,6.98,true,1,21280
76840001767,false,"גלידה בן &ג'ריס וניל עוגיות חמאת בוטנים 500 מ""ל",מוצרי איכות אמריקאיים בע,,בן&גריס ake no bake,,423.00,100 גרם,false,1,31.00,7.33,true,1,25008
76840001774,false,"גלידה עוגיות חלב עם חתיכות פאדג בן וג'ירי 500 מ""ל",מוצרי איכות אמריקאיים בע,,בן&גריס בצק עוגיות,,431.00,100 גרם,false,1,31.00,7.19,true,1,25009
76840002306,false,חטיף בצק עוגיות בן א,בן אנד גריס,,בן&גריס ח.ב.עוגיות,,227.00,100 גרם,false,1,24.90,10.97,true,1,26657
76840002351,false,גלידה גימי סמור עם מרשמלו קלוי פירורי שוקולד בן וג'ירי 428 ג',מוצרי איכות אמריקאיי,,בן&גריס גימי סמור,,444.00,100 גרם,false,1,31.00,6.98,true,1,25775
76840002535,false,חטיף חצי אפוי בן אנד,בן אנד גריס,,בן&גריס ח.חצי אפוי,,180.00,100 גרם,false,1,24.90,13.83,true,1,26658
76840002542,false,"גלידת בן & ג'ריס פיינט נטפליקס וצ'ילד 500מ""ל",מוצרי איכות אמריקאיים בע,,פיינט חמאת בוטנים,,473.00,"100 מ""ל",false,1,31.00,6.55,true,1,24771
76840100125,false,"גלידה בן&ג'ריס צ'אבי וניל פאדג' 550מ""ל",מוצרי איכות אמריקאיים בע,,בן&גריס צאבי האבי,,500.00,"100 מ""ל",false,1,31.00,6.20,true,1,11868
76840100156,false,"בן אנד גריס גלידת צרי גרסיה 500 מ""ל",מוצרי איכות אמריקאיים בע,,בן&גריס צרי גרסיה,,441.00,100 גרם,false,1,31.00,7.03,true,1,6703
76840100583,false,גלידה וניל +בצק עוגיות ושוקולד צי'פס 473ג,מוצרי איכות אמריקאיים בע,,בן&גריס בצק עוגיות,,500.00,"100 מ""ל",false,1,31.00,6.20,true,1,11139
76840100811,false,בן&גריס פיינט שמנת בטעם ח.בוטנים עם בוטנ,מוצרי איכות אמריקאיים בע,,בן&גריס פינט באטר ק,,500.00,"100 מ""ל",false,1,31.00,6.20,true,1,14489
76840100989,false,גלידת שוקולד עם מרשמלו קרמל וחתיכות פאדג',מוצרי איכות אמריקאיים בע,,בן&גריס פיש פוד,,473.00,"100 מ""ל",false,1,31.00,6.55,true,1,10537
76840101542,false,בן&גריס פיינטים קרמל סוטרא 500 גרם,מוצרי איכות אמריקאיים בע,,בן&גריס קרמל סוטרא,,441.00,100 גרם,false,1,31.00,7.03,true,1,13852
76840102051,false,גלידה בן&ג'ריס פיינט עוגת קינמון 500 גר',מוצרי איכות אמריקאיים בע,,פיינט קינמון באנס,,500.00,"100 מ""ל",false,1,31.00,6.20,true,1,8422
76840400027,false,"גלידה בטעם שוקולד כשל""פ",מוצרי איכות אמריקאיים בע,,בן&גריס פיינט שוקולד,,420.00,"100 מ""ל",false,1,31.00,7.38,true,1,6704
76840400218,false,"גלידה בן&ג'ריס תות שדה ועוגת גבינה 500מ""ל",מוצרי איכות אמריקאיים בע,,בן&גריס גבינה ותות,,431.00,100 גרם,false,1,31.00,7.19,true,1,15589
76840580767,false,פינט באטרעוגיות טבעוני ל,מוצרי איכות אמריקאיים,,פיינט ב&גריס פינאט,,473.00,"100 מ""ל",false,1,31.00,6.55,true,1,18988
76840620029,false,"גלידה בן&ג'ריס שמנת עם תות 500מ""ל",מוצרי איכות אמריקאיים בע,,פיינט תות שדה כשלפ,,500.00,"100 מ""ל",false,1,31.00,6.20,true,1,6706
76840620036,false,גלידת בן אנד ג'ריס בטעם שוקולד בראויס,מוצרי איכות אמריקאיים בע,,בן&גריס חצי אפוי,,433.00,100 גרם,false,1,31.00,7.16,true,1,20838
76840657841,false,גלידה בן&גרי סלייס ב,מוצרי איכות אמריקאים,,סלייס בצק עוגיות,,82.00,100 גרם,false,1,12.80,15.61,true,1,24358
77245110610,false,סוכריות מאסט ללא סוכר בטעם מנטה 80 ג'עלית,MIESZKO S.A - MS. JO,,מאסט סוכר מנטה 80גר,,80.00,100 גרם,false,1,10.50,13.12,true,1,894
77975036976,false,מטבל עגבניות בחריפות עדינה סניידרס 439 ג',סניידרס אוף האנובר,,מטבל ס.סניידרס עדין,,439.00,100 גרם,false,1,21.50,4.90,false,1,28255
77975036983,false,סלסה מטבל עגבניות חריף 439 גר סניידרס,סניידרס אוף האנובר,,מטבל ס.סניידרס חריף,,439.00,100 גרם,false,1,21.50,4.90,false,1,28256
77975088227,false,שברי בייגלה בצל חרדל340ג,סניידרס אוף האנובר,,סניידרס דבש חרדל 340,,340.00,100 גרם,false,1,17.90,5.26,true,1,20362
77975094006,false,שברי בייגלה בטעם פרמ,ליימן מותגים,,סניידרס פרמזן ושום,,283.00,100 גרם,false,1,17.90,6.33,true,1,24774
77975094631,false,סניידרס סנדוויץ' בייגלה במילוי קרם בטעם צ'דר 226 גרם,ליימן מותגים,,סניידרס צדר 226גר,,226.00,100 גרם,false,1,17.90,7.92,true,1,25107
77975094761,false,סניידרס חטיפים על בסיס קמח חיטה בטעם גבינת צ'דר,סניידרס אוף האנובר,,סניידרס צדר,,340.00,100 גרם,false,1,17.90,5.26,true,1,26502
77975094778,false,סניידרס שברי בייגל בטעם דבש וחרדל 340 גר,סניידרס אוף האנובר,,סניידרס דבש חרדל340,,340.00,100 גרם,false,1,17.90,5.26,true,1,26797
77975095157,false,סניידרס שברי בייגלה בטעם חלפיניו 318 גרם,סניידרס Snyder's,,סניידרס חלפיניו,,340.00,100 גרם,false,1,17.90,5.26,true,1,28731
77975095393,false,שברי בייגלה סניידרס,Unknown,,סניידרס פיקנטי,,283.00,100 גרם,false,1,17.90,6.33,true,1,28732
77975095409,false,שברי בייגלה סניידרס,Unknown,,סניידרס פרמזן ושום,,283.00,100 גרם,false,1,17.90,6.33,true,1,28733
80432402931,false,"וויסקי סקוטי, שיבאס ריגאל 12 שנה, 700 מ''ל",מזקקת האחים שיבאס,,שיבאס ריגל 700 מל,,700.00,"100 מ""ל",false,1,119.90,17.09,true,1,16868
80480015701,false,רום בקרדי 200,Unknown,,רום בקרדי 200,,200.00,"100 מ""ל",false,1,36.90,18.30,false,1,28356
80480280048,false,"וודקה גריי גוס 40% 200מ""ל",בקרדי מרטיני,,גריי גוס 200 מל,,200.00,"100 מ""ל",false,1,69.90,34.80,true,1,26629
80518532743,false,חבילת בלונים (50 יח') פסטל בסטרים,NORTHERN,,בלונים 50 יח,,0.00,,false,1,15.00,0.00,true,1,5130
82184090510,false,"וויסקי ג'ק דניאלס 375מ""ל",בראון פורמן,,גק דניאלס 375 מל,,375.00,"100 מ""ל",false,1,82.90,22.03,true,1,26610
91400000028,false,פ.ריח קל משב רוח ים,Unknown,,פ.ריח קל משב רוח ים,,0.00,,false,1,20.00,0.00,false,1,22573
91400000073,false,קליפורניה פחית מיכל ריח מוצק - דובדבן,דנשר,,פחית קלפורניה דובדבן,,0.00,,false,1,20.00,0.00,true,1,17470
91400000103,false,פחית ריח קליפ לימון,Unknown,,פחית ריח קליפ לימון,,0.00,,false,1,20.00,0.00,false,1,22574
91400000226,false,קליפורניה פחית מיכל ריח מוצק - מסטיק,דנשר,,פחית קליפורניה מסטיק,,0.00,,false,1,20.00,0.00,true,1,17469
91400000288,false,קליפורניה פחית מיכל ריח מוצק - וניל,דנשר,,פחית ריח קליפו וניל,,0.00,,false,1,20.00,0.00,false,1,22575
91400001230,false,פחית ריח קליפ קוקוס,Unknown,,פחית ריח קליפ קוקוס,,0.00,,false,1,20.00,0.00,false,1,22576
91400001292,false,פחית ריח קל רכב חדש,Unknown,,פחית ריח קל רכב חדש,,0.00,,false,1,20.00,0.00,false,1,22577
91400032203,false,פחית ריח ק עשן נמוג,Unknown,,פחית ריח ק עשן נמוג,,0.00,,false,1,20.00,0.00,false,1,22578
91400032210,false,קליפורניה פחית מיכל ריח מוצק -מבשם כביסה,דנשר,,פ.ריח קל מבשם כביסה,,0.00,,false,1,20.00,0.00,false,1,22579
91400032739,false,קליפורניה פחית מיכל ריח מוצק - אייס,דנשר,,פחית ריח קליפו אייס,,0.00,,false,1,20.00,0.00,false,1,22580
97643083040,false,שוקולד שמרלינגס רוזמרי חלב 100ג',שמרלינג,,רוזמרי נוסטלגיה 100ג,,100.00,100 גרם,false,1,13.90,13.90,true,1,29410
251071736388,false,גחלים לנרגילה,Unknown,,פחמים לנרגילה,,0.00,,false,1,5.00,0.00,false,1,17326
302206150016,false,ס.אלקטרוניות בלו ברי,Unknown,,ס.אלקטרוניות בלו ברי,,0.00,,false,1,99.00,0.00,false,1,29774
302206150023,false,ס.אלקטרוניות תות,Unknown,,ס.אלקטרוניות תות,,0.00,,false,1,99.00,0.00,false,1,29773
302206150030,false,ס.אלקטרוניות אבטיח,Unknown,,ס.אלקטרוניות אבטיח,,0.00,,false,1,99.00,0.00,false,1,29765
302206150047,false,ס.אלקטרוניות -ענבים,Unknown,,ס.אלקטרוניות -ענבים,,0.00,,false,1,99.00,0.00,false,1,29771
302206150054,false,ס.אלקטרוניות תפוח,Unknown,,ס.אלקטרוניות תפוח,,0.00,,false,1,99.00,0.00,false,1,29775
305210256712,false,וזלין לשפתיים אורגינל 0.25 אונקיה,"יוניליוור ג'ונסבורו,",,וזלין מיני לשפתיים,,7.00,100 גרם,false,1,12.90,184.29,false,1,23722
402700001775,false,פרנסיסקנר פחית 500,Unknown,,פרנסיסקנר פחית 500,,500.00,"100 מ""ל",false,1,21.00,4.14,true,1,28808
608614253692,false,תמר מגהול 1 קג ארוז,Unknown,,תמר מגהול 1 קג ארוז,,1.00,"1 ק""ג",false,1,34.90,34.90,true,1,24425
608614310456,false,אוכמניות ארוז 125 גר,S.A SOL DEL BERRIES,,אוכמניות ליח,,125.00,100 גרם,false,1,19.90,15.92,true,1,25408
608614310654,false,ענב שחור בנספק,Unknown,,ענב שחור בנספק,,500.00,100 גרם,false,1,18.90,3.78,true,1,28730
608614324422,false,פולי קפה 500ג מולאטו,Unknown,,פולי קפה 500ג מולאטו,,500.00,100 גרם,false,1,39.00,7.80,true,1,23936
608614324439,false,פולי קפה 500ג ריקו,Unknown,,פולי קפה 500ג ריקו,,500.00,100 גרם,false,1,39.00,7.80,true,1,23937
611745285685,false,אבוקדו בשל מארז 2יחידות,"מור בריאות בע""מ",,אבוקדו מוכן לאכילה,,500.00,100 גרם,false,1,15.90,3.18,true,1,27887
613008742348,false,אריזונה ג'נסינג ודבש בקבוק 1 ליטר,"נטורלה גטרנק בע""\מn\",,אריזונה גינסנג ודבש,,1.00,1 ליטר,false,1,10.90,10.60,true,1,24940
613008753290,false,"אריזונה אפרסק בקבוק 450 מ""ל",אריזונה Arizona,,אריזונה אפרסק,,450.00,"100 מ""ל",false,1,9.90,2.13,true,1,22916
613008753320,false,"אריזונה ג'ינסנג ודבש בקבוק 450 מ""ל.",אריזונה Arizona,,אריזונה גינסנג דבש,,450.00,"100 מ""ל",false,1,9.90,2.13,true,1,22917
613008753382,false,"בקבוק אריזונה אוכמניות 450 מ""ל",אריזונה Arizona,,אריזונה אוכמניות,,450.00,"100 מ""ל",false,1,9.90,2.13,true,1,22918
613008755461,false,בקבוק אריזונה אוכמניות 1 ליטר,נובה טרייד אל טי די,,אריזונה אוכמניות 1 ל,,1.00,1 ליטר,false,1,10.90,10.60,true,1,24941
619659069193,false,דיסק און קי 32GB,Unknown,,דיסק און קי 32GB,,0.00,,false,1,35.00,0.00,true,1,13953
638102201010,false,חטיף על בסיס חלבון סויה שוקולד וחמאת בוטנים,"אבוט נוטרישן, מעבדות",,זון קלאסיק ח.בוטנים,,50.00,100 גרם,false,1,14.90,29.80,true,1,22717
638102203090,false,חטיף על בסיס חלבון סויה פאדג' גרהם,"אבוט נוטרישן, מעבדות",,זון קלאסיק פאדג,,50.00,100 גרם,false,1,14.90,29.80,true,1,22719
638102532817,false,חטיף על בסיס חלבון סויה עם שוקולד מריר,"אבוט נוטרישן, מעבדות",,זון דאבל שוקולד,,45.00,100 גרם,false,1,14.90,33.11,true,1,22720
638102582737,false,חטיף זון פרפקט רול קינמון 50 גרם,"אבוט נוטרישן, מעבדות",,זון קלאסיק קינמון,,50.00,100 גרם,false,1,14.90,29.80,true,1,22721
641938390711,false,פחם 2 קג הדר השרון,Unknown,,פחם 2 קג הדר השרון,,2.00,"1 ק""ג",false,1,20.00,10.00,true,1,24590
651080647519,false,קיסמים עם חוט דנטלי פלאקרס מנטה 35 יחידות,"פלקרס רנור ארה""ב",,קיסם חוט מנטה 36יח,,36.00,יחידה,false,1,13.90,0.39,false,1,23198
656874247340,false,סיגריה 5000 שאיפות,Unknown,,סיגריה 5000 שאיפות,,0.00,,false,1,99.90,0.00,false,1,29443
684678107522,false,גריל גז פיטבוס 2 מבע,Unknown,,גריל גז פיטבוס 2 מבע,,0.00,,false,1,1950.00,0.00,false,1,27237
693493057936,false,אבוקדו לאכילה יח,Unknown,,אבוקדו לאכילה יח,,500.00,100 גרם,false,1,14.90,2.98,true,1,27408
693493065344,false,פלפל גמדי טינקרבל,Unknown,,פלפל גמדי טינקרבל,,474.00,100 גרם,false,1,12.90,2.72,true,1,25174
693493065351,false,מלפפון בייבי משק פר,Unknown,,מלפפון בייבי ארוז,,474.00,100 גרם,false,1,12.90,2.72,true,1,25175
693493085809,false,מסיכות כירורגיות,Unknown,,מסיכות כירורגיות,,50.00,יחידה,false,1,19.90,0.40,false,1,24942
693493104685,false,מסיכות כירורגיות,Unknown,,מסיכות כירורגיות,,50.00,יחידה,false,1,19.90,0.40,false,1,24943
693493104692,false,מסיכות כירורגיות,Unknown,,מסיכות כירורגיות,,50.00,יחידה,false,1,19.90,0.40,false,1,24944
693493111218,false,המלבי של רויטל,Unknown,,המלבי של רויטל,,1.00,יחידה,false,1,7.50,7.50,false,1,28558
693493158930,false,בירה POP UP 330לימון,Unknown,,בירה POP UP 330לימון,,330.00,"100 מ""ל",false,1,8.90,2.61,false,1,29755
716165174011,false,נייר גלגול גדול+פילטר יח,Unknown,,RAW נייר גדול ופילטר,,0.00,,false,1,8.50,0.00,true,1,29282
716165174578,false,קונוס גדול קלאסי 3 יח,Unknown,,RAW קונוס 3 גדול,,0.00,,false,1,7.00,0.00,true,1,29285
716165176107,false,נייר גלגול בינוני+פילטר,Unknown,,נייר בינוני ופילטר,,0.00,,false,1,7.00,0.00,true,1,29284
716165177111,false,קונוס בינוני קלאסי 6 יח,Unknown,,RAW קונוס 6 בינוני,,0.00,,false,1,9.00,0.00,true,1,29286
716165202547,false,נייר גלגול קטן+פילטר יח,Unknown,,RAW נייר קטן ופילטר,,0.00,,false,1,7.00,0.00,true,1,29283
721733000739,false,פטרון סילבר טקילה מארז TIN 2016) ) 700,פטרון דיסטרליס,,פטרון סילבר (כשר),,700.00,"100 מ""ל",false,1,169.90,24.23,true,1,26608
726754770401,false,פילטר פחם 50pcs/box,Unknown,,פילטר פחם 50pcs/box,,0.00,,false,1,39.90,0.00,true,1,28684
726754770500,false,קונוס אחסון PUFFIZ,Unknown,,קונוס אחסון PUFFIZ,,0.00,,false,1,5.00,0.00,true,1,28685
726754770944,false,PUFFIZ Rolling מגש,Unknown,,PUFFIZ Rolling מגש,,0.00,,false,1,14.90,0.00,true,1,28686
726754770951,false,שקיות אחסון 3.5גרם,Unknown,,שקיות אחסון 3.5גרם,,0.00,,false,1,4.00,0.00,true,1,28687
728229123590,false,טרה אורגינל חטיף על בסיס ירקות שורש בטעם טבעי 110 גרם,הונדורס צ'יפס יצור א,,טרה ירקות שורש 110ג,,110.00,100 גרם,false,1,16.90,15.36,true,1,5752
728229123811,false,טרה חטיף על בסיס ירקות שורש בתיבול ים תיכוני 110 גרם,הונדורס צ'יפס יצור א,,טרה ציפס ים תיכוני,,110.00,100 גרם,false,1,16.90,15.36,true,1,11756
728229124795,false,"חטיף טרה בטטה כשל""פ 110 גר",היין סלסטייאל גרופ,,טרה בטטה 110 גרם,,110.00,100 גרם,false,1,16.90,15.36,true,1,28432
728229130444,false,"חטיף על בסיס ירקות שורש עם בטטה, תפו""א כחול וסלק",היין סלסטיאל גרופ,,טרה ירקות שורש,,110.00,100 גרם,false,1,16.90,15.36,true,1,26039
732494000500,false,קרטורס חטיף פופקורן קרמל 227 גרם,איגל פודס ווקיגאן מפ,,קרטורס פופקורן קרמל,,277.00,100 גרם,false,1,24.90,8.99,true,1,29740
732494000524,false,קרטורס פופקורן שיקגו קרמל 213 גרם,איגל פודס ווקיגאן מפ,,קרטורס פופקורן גבינה,,213.00,100 גרם,false,1,24.90,11.69,true,1,29741
736140140725,false,ופורייזר,Unknown,,ופורייזר,,0.00,,false,1,399.90,0.00,true,1,28691
736140161508,false,PUFFIZ Single Wide,Unknown,,PUFFIZ Single Wide,,0.00,,false,1,6.00,0.00,true,1,28692
736140161522,false,PUFFIZ 1¼ נייר גלגול,Unknown,,PUFFIZ 1¼ נייר גלגול,,0.00,,false,1,6.00,0.00,true,1,28693
736140161546,false,PUFFIZ King Size,Unknown,,PUFFIZ King Size,,0.00,,false,1,6.00,0.00,true,1,28694
736140161560,false,נייר גלגול + פילטר,Unknown,,נייר גלגול + פילטר,,0.00,,false,1,10.00,0.00,true,1,28695
736140161584,false,Tips ניר גלגול+פילטר,Unknown,,Tips ניר גלגול+פילטר,,0.00,,false,1,10.00,0.00,true,1,28696
736140161607,false,PUFFIZ Tips Wide,Unknown,,PUFFIZ Tips Wide,,0.00,,false,1,5.00,0.00,true,1,28697
736140161997,false,גריינדר פאפיז 75 ממ,Unknown,,גריינדר פאפיז 75 ממ,,0.00,,false,1,29.90,0.00,true,1,28698
736140162000,false,גריינדר פאפיז 40 ממ,Unknown,,גריינדר פאפיז 40 ממ,,0.00,,false,1,26.90,0.00,true,1,28699
736140162079,false,קופסת אחסון פלסטיק,Unknown,,קופסת אחסון פלסטיק,,0.00,,false,1,10.00,0.00,true,1,28700
753182231761,false,"משקה אנרגיה BLU ללא תוספת סוכר 250 מ""ל",אקווה ויט,,בלו משקה אנרגיה זירו,,250.00,"100 מ""ל",false,1,5.00,1.88,true,1,11359
768404001640,false,"גלידה בן&ג'ריס קפה משפחתית 500מ""ל",מוצרי איכות אמריקאיים בע,,בן&גריס פיינט קפה,,420.00,"100 מ""ל",false,1,31.00,7.38,true,1,16614
786150000274,false,"בירה לף בראון בקבוק 330 מ""ל","אינבב, ברוורייפליין",,לף בראון בק 330 מל,,330.00,"100 מ""ל",false,1,13.00,3.85,true,1,28545
786150000281,false,"שישייה בירה לף בראון בקבוק 330X6 מ""ל","אינבב, ברוורייפליין",,לף בראון*6 330 מל,,1.98,1 ליטר,false,1,49.90,24.29,true,1,28546
810607023551,false,פופקורנרס צילי 28 גרם,פיירבנקס,,פופקורנרס צילי מתוק,,28.00,100 גרם,false,1,9.90,35.36,true,1,29429
835811005322,false,"פחם דרום אמריקאי הנמל 2 ק""ג",הנמל,,פחם דרום אמריקאי 2ק,,2.00,"1 ק""ג",false,1,21.90,10.95,true,1,13346
835811005728,false,עלים לעוגת קרמשניט 400 גרם,"רונית מאפים בע""מ",,עלים לקרמשניט,,400.00,100 גרם,false,1,24.00,6.00,true,1,26169
838948005968,false,סוכריות ליקריץ 200 גרם,שניידרס,,שניידרס גלילים 200ג,,200.00,100 גרם,false,1,11.90,5.95,true,1,29416
838948006798,false,סוכריות ליקריץ 200 גרם,שניידרס,,שניידרס לקריץ 200ג,,200.00,100 גרם,false,1,11.90,5.95,true,1,29415
839762002379,false,משקה נקטר מנגו איילנד 350מל,"פאראגאלה,דה אג'יפשן",,איילנד מנגו 350 מל,,350.00,"100 מ""ל",false,1,9.90,2.74,true,1,11210
839762002386,false,משקה איילנד גויאבה 3,"פאראגאלה,דה אג'יפשן",,איילנד גויאבה 350מל,,350.00,"100 מ""ל",false,1,9.90,2.74,true,1,11193
842387000736,false,מטען רכב לגלקסי פרמי,Unknown,,מטען רכב GALAXY,,0.00,,false,1,44.90,0.00,true,1,21447
851621000050,false,בירה חיטה בטעם הדרים 1664 בלאנק - שישייה,קרלסברג ספליי קומפאני פו,,בלאנק בירה 1664 6יח,,1.98,1 ליטר,false,1,64.90,31.87,true,1,29091
855074007161,false,קטנטעים ארוז ליח,Unknown,,קטנטעים ארוז ליח,,150.00,100 גרם,false,1,9.90,6.60,true,1,29841
856591000062,false,עוגיות מזרחיות עם מלח עבאדי 400 גרם,מאפיית יוסף ושמחה עבאדי,,עבאדי ע.מלוחות 400גר,,400.00,100 גרם,false,1,20.50,5.12,true,1,2688
856591000109,false,עבאדי עוגיות מזרחיות פריך במיוחד 400 גרם,מאפיית יוסף ושמחה עבאדי,,עבאדי פריך במיוחד400,,400.00,100 גרם,false,1,20.50,5.12,true,1,11182
856591000574,false,מיני נשנוש עבאדי טעם טבעי 40 גר,מאפיית יוסף ושמחה עב,,עבאדי חטיפים 40ג,,40.00,100 גרם,false,1,4.90,12.25,true,1,16866
888849000005,false,חטיף חלבון בטעם עוגיות עם קרם,סיטי תוספי מזון,,קווסט חטיף קרם עוגיו,,60.00,100 גרם,false,1,18.90,31.50,true,1,24785
888849000012,false,קווסט חטיף בצק עוגיו,Unknown,,קווסט חטיף בצק עוגיו,,60.00,100 גרם,false,1,18.90,31.50,true,1,24786
888849000234,false,חטיף חלבון בטעם שוקולד כפול,סיטי תוספי מזון,,קווסט חטיף דאבל שוקו,,60.00,100 גרם,false,1,18.90,31.50,true,1,24787
888849006397,false,חטיף חלבון קווסט חמא,Unknown,,קווסט חטיף ח.בוטנים,,60.00,100 גרם,false,1,18.90,31.50,true,1,24788
888849008100,false,משקה חלבון קווסט בטע,קווסט נטרישן,,משקה חלבוןQUESTשוקול,,330.00,"100 מ""ל",false,1,19.90,5.94,true,1,26951
888849008117,false,משקה חלבון קווסט בטע,קווסט נטרישן,,משקה חלבוןQUEST וניל,,330.00,"100 מ""ל",false,1,19.90,5.94,true,1,26952
888849010103,false,משקה חלבון קווסט בטע,קווסט נטרישן,,מ.חלבון QUEST ק.מלוח,,330.00,"100 מ""ל",false,1,19.90,6.03,true,1,27778
893594002051,false,"חטיף פופקורן צ`יפס בטעם גבינת צ`דר, 28ג Medora snacks",PepsiCo inc. Frito lay Division,,פופקורנרס גבינת צדר,,28.00,100 גרם,false,1,9.90,35.36,true,1,29428
893594002068,false,"חטיף פופקורן צ`יפס עם מלח ים,28 ג HANTRONIX",PepsiCo inc. Frito lay Division,,פופקורנרס מלח ים,,28.00,100 גרם,false,1,9.90,35.36,true,1,15464
944683366159,false,ערמונים קלופים ליח,Unknown,,ערמונים קלופים ליח,,100.00,100 גרם,false,1,7.90,7.90,true,1,25569
1724826114510,false,"יין סטון וואלי זינפנדל 750 מ""ל",איירון סטון,,סטון וואלי זינפנדל,,750.00,"100 מ""ל",false,1,52.90,7.01,false,1,28857
1724826154516,false,"יין סטון וואלי ק.סוביניון 750 מ""ל",איירון סטון,,סטון וואלי קברנה,,750.00,"100 מ""ל",false,1,52.90,7.01,false,1,28858
2900179949705,false,אפרסק פיתה יח,Unknown,,אפרסק פיתה יח,,700.00,100 גרם,false,1,24.90,3.56,false,1,29278
2900179949873,false,נקטרינה פיתה יח,Unknown,,נקטרינה פיתה יח,,700.00,100 גרם,false,1,24.90,3.56,false,1,29279
3014260246693,false,סכיני גילוח חד פעמי ונוס סימפלי רביעייה,פרוקטר & גמבל,,גילט סימפלי ונוס,,4.00,יחידה,false,1,9.90,2.48,true,1,24834
3014260287030,false,"סכיני גילוח ג'ילט בלו 2 כחול ח""פ 5יח'",פרוקטר אנד גמבל,,גילט 2 חמישייה,,4.00,100 גרם,false,1,9.90,247.50,true,1,7831
3014260289287,false,סכין גילוח גילט בלו 2 לנשים-חמישייה,פרוקטר אנד גמבל,,בלו 2 סכינים לנשים5י,,5.00,יחידה,false,1,15.90,3.18,true,1,26601
3017621821669,false,פררו 200 גרם,Unknown,,פררו 200 גרם,,200.00,100 גרם,false,1,24.90,12.45,true,1,29506
3030050153552,false,מסיר שיער אלחוטי גוף,Unknown,,מסיר שיער אלחוטי גוף,,0.00,,false,1,199.00,0.00,false,1,26361
3046920010047,false,לינדט שוקולד אקסלנס מריר 78% 100 גר,לינדט ושפרונגלי קילשברג,,לינדט אקסלנס 100ג,,100.00,100 גרם,false,1,16.90,16.90,true,1,29173
3046920028004,false,לינדט שוקולד אקסלנס מריר 70% 100 גר,לינדט ושפרונגלי קילשברג,,לינדט אקסלנס 70%,,100.00,100 גרם,false,1,19.90,19.90,true,1,9842
3046920028363,false,לינדט אקסלנס 85% מוצקי קקאו 100 גרם,לינדט ושפרונגלי קילשברג,,לינדט אקסלנס 85%,,100.00,100 גרם,false,1,19.90,19.90,true,1,25866
3046920029674,false,שוקולד לינדט אקסלנס סולט 100 גרם,לינדט ושפרונגלי קילשברג,,לינדט אקסלנס סולט,,100.00,100 גרם,false,1,19.90,19.90,true,1,25994
3046920029759,false,לינדט אקסלנס 90% מוצקי קקאו 100 גרם,לינדט ושפרונגלי קילשברג,,לינדט אקסלנס 90%,,100.00,100 גרם,false,1,16.90,16.90,true,1,29175
3059943015128,false,מבשם אוויר נטול גז אקווה מיסט בניחוח לבנדר פראי ואוויר הרים,הדקלאים אגודת שיתופי,,ספריי נטול גז לבנדר,,345.00,"100 מ""ל",false,1,14.00,4.06,true,1,25891
3068320014067,false,מים מינרלים אוויאן 750 מל,קריניציה ויטמינה אס,,אויאן מים 750,,750.00,"100 מ""ל",false,1,9.90,1.28,true,1,12259
3068320055008,false,מים מינרלים אוויאן 500 מל,קריניציה ויטמינה אס,,אויאן מים 500,,500.00,"100 מ""ל",false,1,10.90,2.12,true,1,28899
3086123128323,false,מצת מעוצב BIC-בודד,Unknown,,מצת מעוצב BIC-בודד,,1.00,יחידה,false,1,7.00,7.00,true,1,27093
3120581456267,false,"שבלי מ.דה ליני לבן יבש 750 מ""ל",מ.דה ליני,,שבלי מ.דה ליני יבש,,750.00,"100 מ""ל",false,1,109.90,14.61,true,1,26602
3138522089306,false,אוהל 4 פתיחה מהירה,Unknown,,אוהל 4 פתיחה מהירה,,0.00,,false,1,599.00,0.00,false,1,26365
3179730011024,false,פרייה מים מינרלים מבעבעים טבעיים,נסטלה ווטרס ספלאי,,פרייה 330 מל,,330.00,"100 מ""ל",false,1,9.00,2.64,true,1,13628
3387390525960,false,קראנץ' דגני בוקר עם שוקולד חלב נסטלה 500 גרם,הנסיך- מפעל לייצור ט,,קראנץ דגנים 500 גר,,500.00,100 גרם,false,1,26.90,5.38,true,1,9989
3415581114126,false,גלידה האגן דאז קרמל מלוח 430 גרם,האגן-דאז,,פיינט האגן קרמל+מלח,,396.00,100 גרם,false,1,30.00,7.58,false,1,22495
3415581117110,false,גלידה בטעם קרמל ביסקוויט 473 ג' האגן דאז,האגן-דאז,,פיינט האגן ביס קרמל,,398.00,100 גרם,false,1,30.00,7.54,false,1,22496
3415581187113,false,גלידה בטעם וניל בראוניס 473 ג' האגן דאז,האגן-דאז,,האגן דאז קרמל,,473.00,"100 מ""ל",false,1,30.00,6.34,true,1,22482
3415582300924,false,האגן דאז דואו שוקולד,Unknown,,האגן דאז דואו שוקולד,,353.00,100 גרם,false,1,30.00,8.50,false,1,29845
3415582301921,false,ה.ד.דואו שוקולד מריר,Unknown,,ה.ד.דואו שוקולד מריר,,353.00,100 גרם,false,1,30.00,8.50,false,1,29846
3415582302928,false,ה.ד.דואו שוקולד בלגי,Unknown,,ה.ד.דואו שוקולד בלגי,,353.00,100 גרם,false,1,30.00,8.50,false,1,29847
3415587149924,false,האגן דאז בראוניז מקיאטו 386 גרם,האגן דאז,,האגן דאז בראוני,,386.00,100 גרם,false,1,30.00,7.77,true,1,24706
3415587400186,false,האגן דאז שלגון מקדמיה,האגן דאז,,שלגון האגן דאז מקדמ,,104.50,100 גרם,false,1,13.90,13.30,true,1,22498
3415587403057,false,האגן דאז שלגון וניל קרמל שקדים,האגן דאז,,האגן דאז שלגון,,70.00,100 גרם,false,1,13.90,19.86,true,1,25581
3415587404054,false,שלגון האגן דאז שוקולד ושקדים,האגן דאז,,שלגון האגן שוק ושקד,,104.50,100 גרם,false,1,13.90,13.30,true,1,22499
3415587405181,false,שלגון תות שדה ושוקולד,האגן דאז,,שלגון האגן תות שדה,,104.50,100 גרם,false,1,13.90,13.30,true,1,22500
3525490011093,false,"יין לה ז'אמל שרדונה 750 מ""ל",בדט קלמנט,,לה זאמל שרדונה,,750.00,"100 מ""ל",false,1,69.90,9.28,false,1,28859
3525490011109,false,"יין לה ז'אמל רוזה 750 מ""ל (חדש)",בדט קלמנט,,יין לה זאמל רוזה,,750.00,"100 מ""ל",false,1,69.90,9.28,false,1,28860
3525490011116,false,"יין לה ז'אמל קברנה סוביניון 750 מ""ל",בדט קלמנט,,לה זאמל קברנה,,750.00,"100 מ""ל",false,1,69.90,9.28,false,1,28861
3574660089547,false,טמפונים נורמל קלאסי אובה 32 יחידות,ג'\ונסון אנד ג'\ונסון,,או בה נורמל,,32.00,יחידה,false,1,36.50,1.14,true,1,9820
3574660239973,false,או-בה פרוקומפורט 32 יח נורמל,גונסון אנד גונסון,,או בה פרו קומפ נורמ,,32.00,יחידה,false,1,37.50,1.17,true,1,10636
3574660333466,false,טמפונים מיני פרו קומפורט אובה 32 יחידות,הנסיך- מפעל לייצור ט,,טמפונים או בה סופר,,32.00,יחידה,false,1,37.50,1.17,true,1,13621
3574661359885,false,טמפונים סופר קומפורט אובה 32 יחידות,Johnson Toilet-IT,,טמפוני אובה  32יח,,32.00,יחידה,false,1,37.50,1.17,true,1,25997
3574661485201,false,טמפונים אובה סופר 32 יח' פרוקומפורט,Johnson Toilet-IT,,או בה סופר פלוס,,32.00,יחידה,false,1,36.50,1.14,true,1,29823
3574661485218,false,טמפונים נורמל אובה 32 יח' פרוקומפורט,"ש. שסטוביץ בע""\מ",,או בה קו.נורמל 32 יח,,32.00,יחידה,false,1,37.50,1.17,true,1,29822
3760125946719,false,רוזה כשר אור דה לה קסטינל,ג'נרל מילס סאן אדריא,,רוזה אור פרובאנס,,750.00,"100 מ""ל",false,1,70.00,9.29,true,1,25742
3760235771010,false,"יין דומיין דה בומון שאבלי 750 מ""ל",יקב רמת הגולן,,דומיין בומון שאבלי,,750.00,"100 מ""ל",false,1,109.90,14.61,false,1,28862
3800020418130,false,קיט קט קרמל מלוח 42,Unknown,,קיט קט קרמל מלוח 42,,42.00,100 גרם,false,1,6.90,16.43,true,1,25202
3800020423578,false,קיט קט שוקולד אצבעות צ'אנקי אדום 40ג',נסטלה בולגריה A.D,,קיט קט צאנקי 40גר,,40.00,100 גרם,false,1,6.90,17.25,true,1,8868
3800020472712,false,חטיף קיט קאט צאנקי פופקורן 42 ג',ליימן מותגים,,קיט קט צ.פופקורן,,42.00,100 גרם,false,1,6.90,16.43,true,1,27528
3800020491393,false,שוקולד קיט קט צאנקי,תאי פרזידנט פוד פאבל,,קיט קט צאנקי,,41.50,100 גרם,false,1,6.90,16.63,true,1,25605
3800034965965,false,פחית ריח מגוון ריחות,Unknown,,פחית ריח מגוון ריחות,,0.00,,false,1,12.90,0.00,true,1,16842
3800034967181,false,מקלות בישום לרכב,Unknown,,מקלות בישום לרכב,,0.00,,false,1,16.90,0.00,false,1,19305
4000417022004,false,ריטר ספורט שוקולד חלב מעולה עם צימוקים ואגוזי לוז 100 גרם,ריטר ספורט Ritter sport,,ריטר חלב צ.אגוזים,,100.00,100 גרם,false,1,6.90,6.90,true,1,5152
4000417025005,false,שוקולד מריר במילוי מרציפן ריטר ספורט 100 גרם,ריטר ספורט Ritter sport,,ריטר מרציפן,,100.00,100 גרם,false,1,6.90,6.90,true,1,5144
4000417026002,false,שוקולד ריטר ספורט פרלין 100 גרם חלב נוכרי,ריטר ספורט Ritter sport,,ריטר פרלין,,100.00,100 גרם,false,1,6.90,6.90,true,1,5153
4000417101211,false,גלילי וופל עם קרם אגוזי לוז בציפוי שוקולד חלב,אמיצ'לי Amicelli,,אמיצלי 150 גרם,,150.00,100 גרם,false,1,14.90,9.93,true,1,28136
4000417101310,false,אימצ'לי-גלילי וופל עם קרם קקאו 150 גרם,צ'וקטה,,אמיצלי קקאו ש.חלב,,150.00,100 גרם,false,1,14.90,9.93,true,1,29764
4000417222008,false,שוקולד ריטר ספורט חלב+שברי אגוזים 100 גרם חלב נוכרי,ריטר ספורט Ritter sport,,ריטר חלב אגוזים,,100.00,100 גרם,false,1,6.90,6.90,true,1,29239
4000539363108,false,שוקולד לינדור סטיקס 38 גרם,לינדור,,לינדור סטיק 38ג,,38.00,100 גרם,false,1,6.90,18.16,true,1,29178
4002590000022,false,סוכריות קלפני פירות יער אוכמניות 150 ג',ליימן מותגים,,קלפני פירות יער,,150.00,100 גרם,false,1,12.00,8.00,true,1,3074
4002590000046,false,סוכריות בטעם מנטה מרענן קלפני 150 גרם,ליימן מותגים,,קלפני מרענן 150 גר,,150.00,100 גרם,false,1,12.00,8.00,true,1,3960
4002590000633,false,קלפני סוכריות קשות בטעם פירות,ליימן מותגים,,קלפני פירות 150 גר,,150.00,100 גרם,false,1,12.00,8.00,true,1,227
4005808650002,false,שפתון לבלו כחול,ביירסדורץ,,לבלו שפתון כחול,,4.80,100 גרם,false,1,13.90,289.58,true,1,19900
4005808650712,false,לבלו שפתון לחות דובדבן,HELLAS BEIERSDORF,,לבלו שפתון דובדבן,,4.80,100 גרם,false,1,13.90,289.58,true,1,25488
4006396046932,false,טבק מניטו ירוק 30g מ,Unknown,,טבק לגלגול אורגני,,0.00,,false,1,70.00,0.00,false,1,29655
4006396046963,false,מניטו פיין ירוק אורג,Unknown,,מניטו פיין ירוק אורג,,0.00,,false,1,70.00,0.00,false,1,29756
4008400170428,false,בונבוניירה פררו רושר לב 100 גרם,גוד פוד פרודקטס S.p,,פררו רושה לב,,0.00,,false,1,19.90,0.00,true,1,28221
4008400230726,false,ביצת הפתעה קינדר מקסי 100 גרם,פררו,,ביצת הפתעה מקסי בנים,,100.00,100 גרם,false,1,27.90,27.90,true,1,28429
4008400284620,false,חטיף קינדר שוקובון 4,פררו,,קינדר שוקובון 46 גר,,46.00,100 גרם,false,1,6.90,15.00,true,1,21514
4008400290126,false,ק'נדר פינגווי עוגת ספוג במילוי חלבי מצופה שוקולד מריר 30 ג' OUD,פררו טורקיה צ'\יקולטה וו,,קינדר פינגווי בודד,,30.00,100 גרם,false,1,5.00,16.67,true,1,26643
4009900379564,false,מסטיק הובה בובה Hubba Bubba טייפ בטעם פירות,מרס ריגלי קונפקשונרי,,הובה בובה טייפ פירות,,71.00,100 גרם,false,1,8.50,11.97,true,1,4789
4009900402965,false,אורביט וויט בטעם פירות בקבוקון 46מלבניות,ריגלי פולין,,אורביט וויט פירות בק,,80.00,100 גרם,false,1,13.00,16.25,true,1,14734
4009900403023,false,אורביט וויט בטעם מנטה בקבוקון 46 מלבניות,"ב.א מזון בע""מ",,אורביט וויט מנטה בקב,,80.00,100 גרם,false,1,13.00,16.25,true,1,14733
4009900406918,false,מסטיק הובה בובה טייפ טריפל מיקס 56ג',מרס ריגלי קונפקשונרי,,הובה בובה טריפל מיקס,,71.00,100 גרם,false,1,8.50,11.97,true,1,7567
4009900420129,false,מסטיק אורביט פרופשנל פפרמינט בקבוקון 64 גר',מרס נדרלנד,,אורביט פפרמינט בקבוק,,80.00,100 גרם,false,1,13.00,16.25,true,1,22546
4009900426039,false,מסטיק מנטה אקליפטוס בקבוקון איירווייבס 64 גרם,איירוויבס Airwaves,,איירוייז אקליפטוס בק,,64.00,100 גרם,false,1,13.00,20.31,true,1,18932
4009900426121,false,מסטיק אורביט איירוויז בקבוקון אוכמניות 64ג',איירוויבס Airwaves,,איירוויז אוכמניות בק,,64.00,100 גרם,false,1,13.00,20.31,true,1,18913
4009900479998,false,אורביט וויט אוכמניות בקבוקון 46 מלבניות,ריגלי פולין,,אורביט אוכמניות בקבו,,80.00,100 גרם,false,1,13.00,16.25,true,1,17857
4009900482417,false,מסטיק אורביט פירות מנטה בקבוקון באבל מינט 45יח,ריגלי פולין,,אורביט באבל מינט בקב,,80.00,100 גרם,false,1,13.00,16.25,true,1,14988
4009900500166,false,סוכריות בטעם פירות בקבוק סקיטלס 125 גרם,ריגלי ממתקים,,סקיטלס פירות בבקבוק,,137.00,100 גרם,false,1,12.00,8.76,true,1,19237
4009900512329,false,פייב בוקס מסטיק מנטה 69 גרם,ריגלי בעמ רוסיה,,פייב בוקס ספירימנט,,82.00,100 גרם,false,1,13.00,15.85,true,1,18043
4009900512350,false,פייב בוקס מסטיק אבטיח 69 גרם,ריגלי בעמ רוסיה,,פייב בוקס אבטיח,,82.00,100 גרם,false,1,13.00,15.85,true,1,18044
4009900514996,false,מסטיק טעם תות בקבוקון אורביט 64 גרם,חברת ריגלי בעמ,,אורביט תות בקבוקון,,80.00,100 גרם,false,1,13.00,16.25,true,1,18914
4009900523288,false,פייב בוקס מסטיק תות 69 גרם,ריגלי בעמ רוסיה,,פייב בוקס תות,,82.00,100 גרם,false,1,13.00,15.85,true,1,20597
4009900525138,false,"וויט גומי לעיסה בטעם תות ללא סוכר, 64 ג' אורפיט",ריגלי,,א. וויט תות בקבוקון,,80.00,100 גרם,false,1,13.00,16.25,true,1,23910
4009900531122,false,"מסטיק בטעם מנטה ספירמינט, 64 ג' פרופשיונל אורפיט",מרס נדרלנד,,אורביט ספירמינט בקבק,,80.00,100 גרם,false,1,13.00,16.25,true,1,22547
4009900534581,false,מסטיק איירוויבז דובדבן ומנטה בקבוקון 64,Unknown,,איירוויז דובדבן בקב,,64.00,100 גרם,false,1,13.00,20.31,false,1,24240
4009900534611,false,מסטיק איירוויבז בקבוקון בטעם מלון ומנטה,ריגלי,,איירוויז מלון ומנטה,,64.00,100 גרם,false,1,13.00,20.31,false,1,24241
4009900535519,false,מסטיק אורביט רפרשרס ספירמינט ללא סוכר 15.6גר',אורביט,,אורביט רפרשרס,,20.00,100 גרם,false,1,5.50,27.50,true,1,25612
4009900535540,false,מסטיק אורביט רפרשרס פפרמינט ללא סוכר 15.6גר',אורביט,,אורביט רפרשרס,,20.00,100 גרם,false,1,5.50,27.50,true,1,25614
4009900535823,false,מסטיק אורביט רפרשרס באבלמינט ללא סוכר 15.6גר',אורביט,,אורביט רפרשרס,,20.00,100 גרם,false,1,5.50,27.50,true,1,25617
4009900536257,false,מסטיק אורביט רפרשרס ספירמינט בקבוקון ללא סוכר 67 גר',מרס ריגלי קונפקשונרי,,אורביט רפרשרס,,50.00,100 גרם,false,1,14.90,29.80,true,1,25618
4009900536288,false,מסטיק אורביט רפרשרס פפרמינט בקבוקון ללא סוכר 67 גר',מרס ריגלי קונפקשונרי,,אורביט רפרשרס,,50.00,100 גרם,false,1,14.90,29.80,true,1,25620
4009900536486,false,מסטיק אורביט רפרשרס באבלמינט בקבוקון ללא סוכר 67 גר',מרס ריגלי קונפקשונרי,,אורביט רפרשרס,,50.00,100 גרם,false,1,14.90,29.80,true,1,25622
4009900539401,false,מסטיק פייב באונס בטעם מנטה HP,Unknown,,פייב באונס מנטה HP,,14.40,100 גרם,false,1,6.00,41.67,true,1,28617
4009900539432,false,מסטיק פייב באונס בטעם אבטיח HP,Unknown,,פייב באונס אבטיח HP,,14.40,100 גרם,false,1,6.00,41.67,true,1,28618
4009900539685,false,"מסטיק פייב באונס בטעם מנטה בקבוקון, 61.8 גרם",ריגלי בעמ רוסיה,,פייב באונס מנטה בק,,61.80,100 גרם,false,1,14.90,24.11,true,1,28907
4009900539746,false,"מסטיק פייב באונס בטעם אבטיח בקבוקון, 61.8 גרם",ריגלי בעמ רוסיה,,פייב באונס אבטיח בק,,61.80,100 גרם,false,1,14.90,24.11,true,1,28908
4009900540551,false,מסטיק אורביט רפרשרס טרופיקל בקבוקון ללא סוכר,מרס פולין,,אורביט ר.טרופיקל,,67.00,100 גרם,false,1,14.90,22.24,true,1,28137
4011800617615,false,1X24X50G קורני ביג שוקולד,שוורטאוור וורקה,,קורני ביג שוקו 50,,50.00,100 גרם,false,1,7.50,15.00,true,1,24038
4011800617714,false,"""קורני"" ביג שוקו בננה50 גרם",מיוצר עי קונדיטוריית,,קורני ביג שוקו בננה,,50.00,100 גרם,false,1,7.50,15.00,true,1,24039
4011800617813,false,"""קורני"" ביג בראוניס 50 גרם",שוורטאוור וורקה,,קורני ביג בראוני,,50.00,100 גרם,false,1,7.50,15.00,true,1,24040
4011800617912,false,קורני ביג נאטס אגוזי,שוורטאוור וורקה,,קורני ביג נאטס,,50.00,100 גרם,false,1,7.50,15.00,true,1,24041
4011800618216,false,קורני ביג מילק,Unknown,,קורני ביג מילק,,50.00,100 גרם,false,1,7.50,15.00,true,1,24042
4011800618315,false,קורני ביג דארק & וואיט 40 גר,Unknown,,קורני ביג דארק&וואיט,,50.00,100 גרם,false,1,7.50,15.00,true,1,24043
4011800628512,false,חטיף קורני שוקולד חלב 6 יח 150 גר,מיוצר עי קונדיטוריית,,קורני שוקולד חלב-6יח,,150.00,100 גרם,false,1,12.00,8.00,false,1,15706
4011800630515,false,חטיף קורני שוקולד חלב ובננה 6 יח 150 גר,מיוצר עי קונדיטוריית,,קורני שוקול בננה 6י,,150.00,100 גרם,false,1,12.00,8.00,false,1,15707
4011800633516,false,קורני שוקולד מריר מעולה 58% קקאו 6*1,שוורטאוור וורקה,,קורני ש.מריר6יח-מארז,,138.00,100 גרם,false,1,12.00,8.70,true,1,17859
4014400901191,false,בונבונריית מרסי מבחר ממתקי שוקולד 250 גרם,אוגוסט שטורק,,מרסי בונבונירה 250ג,,250.00,100 גרם,false,1,34.50,13.80,true,1,491
4014400901405,false,בונבונריית מרסי מבחר ממתקי שוקולד חלב 250 גרם,קריניציה ויטמינה אס,,מרסי חלב 250 גר,,250.00,100 גרם,false,1,34.50,13.80,true,1,7449
4014400904376,false,סוכריות טופי בטעם שוקולד סטורק 325 גרם,קריניציה ויטמינה אס,,סוכריות שוקולדן 325,,325.00,100 גרם,false,1,19.90,6.12,true,1,4923
4014400907902,false,"וורטרס אורגינל סוכריות חמאה ללא סוכר בקופסה
42 גרם",וורטר'ס אורגינל,,וורטר אורגינל בקופסא,,42.00,100 גרם,false,1,9.00,21.43,true,1,11248
4014400910063,false,וורטרס אורגינל סוכריות חמאה בשקית,וורטר'ס אורגינל,,וורטר סוכריות 135,,135.00,100 גרם,false,1,13.50,10.00,true,1,12881
4014400914696,false,וורטרס אורגינל סוכריות ללא סוכר 80 גרם,ליימן מותגים,,וורטר סוכ ל.סוכר 80ג,,80.00,100 גרם,false,1,12.50,15.62,true,1,11866
4014400920857,false,וורטר אורגינל ללא סוכר בטעם שוקולד-שקית 70 גרם,קריניציה ויטמינה אס,,וורטס שוקולד ללס,,70.00,100 גרם,false,1,12.50,17.86,true,1,23274
4014400923711,false,בונבוניירה שוקולד אגוזים טופיפי 125 גרם,ליימן מותגים,,טופיפי 125 גר.,,125.00,100 גרם,false,1,17.70,14.16,true,1,18937
4014400925319,false,וורטרס אורגינל פופקורן קרמל 140 גרם,וורטרס Werther's,,וורטר פופקורן,,140.00,100 גרם,false,1,17.90,12.79,true,1,25585
4015400563747,false,אולוויז מגן תחתון דואו נורמל 60 יח,פרוקטר אנד גמבל,,מגן תחתון אולוויז,,60.00,יחידה,false,1,23.90,0.40,true,1,25999
4015400564034,false,מגן תחתון אולוויז מגה פק לונג פלוס 58 יחידות,פרוקטר אנד גמבל,,מגן אולוויז מגהפק לו,,58.00,יחידה,false,1,21.90,0.38,false,1,23189
4015400564324,false,אולוויז מגן תחתון וליו פק לארג 52 יח,פרוקטר אנד גמבל,,מגן תחתון אולוויז,,52.00,יחידה,false,1,23.90,0.46,true,1,26000
4015400564454,false,מגני תחתון אולוויז לארג' עם ניחוח מגה פק,פרוקטר אנד גמבל,,מגן אולוויז מגה פק L,,0.00,,false,1,21.90,0.00,false,1,23190
4015400690313,false,טמפונים פרל רגולר טמפקס קומפאק 18 יח,פרוקטר אנד גמבל,,טמפקס קומפאק רגולר,,18.00,יחידה,false,1,25.90,1.44,true,1,19238
4015400731719,false,תחבושות היגייניות אולוויז יום ולילה Day & Night,פרוקטר אנד גמבל,,א.תחבושות לילה חדש,,20.00,יחידה,false,1,23.90,1.20,true,1,18280
4015400746812,false,מגני תחתון אולוויז נורמל עם ניחוח מגה פק,פרוקטר אנד גמבל,,מגן אולוויז מגה פק N,,80.00,יחידה,false,1,21.90,0.27,false,1,23191
4015400755241,false,תחבושות היגייניות אולוויז אולטרה נורמל - 28 יח',פרוקטר אנד גמבל,,ת.אולוויז פלוס 28 יח,,28.00,יחידה,false,1,23.90,0.85,true,1,18215
4015400755487,false,תחבושות היגייניות אולוויז אולטרה לונג - 24 יח',פרוקטר אנד גמבל,,ת.אולוויז פלוס 24 יח,,24.00,יחידה,false,1,23.90,1.00,true,1,18216
4015400824725,false,טמפונים סופר עם מוליך טמפקס 30 יחידות,פרוקטר אנד גמבל,,טמפקס פלאש סופר,,30.00,יחידה,false,1,30.50,1.02,true,1,9657
4015600762742,false,שמפו יומיומי למניעת קשקשים הנוסחה הקלאסית,הד אנד שולדרס H&S,,שמפו הד&שולדרס קלאסי,,500.00,"100 מ""ל",false,1,23.90,4.78,false,1,20623
4015600762780,false,שמפו וקונדישינר יומיומי למניעת קשקשים הנוסחה הקלאסית 2in1,הד אנד שולדרס H&S,,שמפו ה&ש 2ב1 הקלאסי,,500.00,"100 מ""ל",false,1,23.90,4.78,false,1,20624
4015600762940,false,שמפו יומיומי למניעת קשקשים בניחוח תפוח,הד אנד שולדרס H&S,,ה&ש שמפו תפוח 500 מל,,500.00,"100 מ""ל",false,1,23.90,4.78,true,1,26001
4015600763022,false,שמפו יומיומי למניעת קשקשים לשיער יבש/פגום לשיער רך כמשי,הד אנד שולדרס H&S,,ה&ש שמפו משי 500,,500.00,"100 מ""ל",false,1,23.90,4.78,true,1,26002
4022025001905,false,"בלו ווין מבעבע זהב 750 מ""ל",היי סישל סוהן טראבן,,בלו ווין,,750.00,"100 מ""ל",false,1,70.00,9.29,true,1,25632
4022025002025,false,יין בלו נאן מבעבע גו,בלו נאן,,בלו נאן מבעבע גולד,,200.00,"100 מ""ל",false,1,27.90,13.80,false,1,28138
4022025002254,false,24K יין בלו נאן רוזה,בלו נאן,,בלו נאן רוזה 24K,,200.00,"100 מ""ל",false,1,27.90,13.80,false,1,28139
4022025261002,false,יין בלו ווין גוורצטרמינר 750 מל,לנגוט טראבן,,בלו ווין גוורצטרמינר,,750.00,"100 מ""ל",false,1,60.00,7.96,true,1,25586
4022025262436,false,יין בלו נאן גוורצטרמ,בלו נאן,,בלו נאן כשר 250מל,,250.00,"100 מ""ל",false,1,27.90,11.04,false,1,28140
4025700001962,false,מילקה טבלה 100 גר' לבן 1/22 (4248023),פי אר ג'יי אס סי מונ,,מילקה שוקולד לבן 100,,100.00,100 גרם,false,1,7.90,7.90,true,1,26003
4030600227473,false,דוידוף קלאסיק קופסא,Unknown,,דוידוף קלאסיק OCB,,0.00,,false,1,35.00,0.00,false,1,23813
4030600227503,false,דוידוף גולף קופסא,Unknown,,דוידוף גולד OCB,,0.00,,false,1,35.00,0.00,false,1,23814
4030600228562,false,דוידוף סלימס גולד,Unknown,,דוידוף סלימס גולד,,0.00,,false,1,35.00,0.00,false,1,23815
4032900104508,false,אל די סופרסלימס כחול חפיסה,Unknown,,אל.די סופרסלימס כחול,,0.00,,false,1,27.00,0.00,false,1,24886
4032900104515,false,אל די סופרסלימס כחול,Unknown,,אל די סופר סלימס*10,,0.00,,false,1,265.00,0.00,false,1,24887
4032900111292,false,ווינסטון קומפלקט כחול חפיסה,Unknown,,וינסטון קומפקט כחול,,0.00,,false,1,29.50,0.00,false,1,22978
4032900111308,false,ווינסטון קומפלקט סילבר חפיסה,Unknown,,וינסטון קומפקט סילבר,,0.00,,false,1,29.00,0.00,false,1,22979
4032900111315,false,וינסטון קומפקט סילבר פק.,Unknown,,וינסטון ק.סילבר פאקט,,0.00,,false,1,285.00,0.00,false,1,22983
4032900111322,false,וינסטון קומפקט כחול פאקט,Unknown,,וינסטון קומפ. כחול פ,,0.00,,false,1,285.00,0.00,false,1,22984
4032900112824,false,כאמל קומפקט כחול)תכלת( ח,Unknown,,כאמל קומפקט תכלת בהי,,0.00,,false,1,28.50,0.00,false,1,22985
4032900112831,false,כאמל קומפקט כחול)תכלת(פק,Unknown,,כאמל ק.תכלת פאקט,,0.00,,false,1,275.00,0.00,false,1,22986
4032900112862,false,כאמל קומפקט כחול עשירייה,Unknown,,כאמל ק.כחול פאקט,,0.00,,false,1,275.00,0.00,false,1,22987
4032900112879,false,כאמל קומפקט כחול כהה חפ,Unknown,,כאמל קומפקט כהה,,0.00,,false,1,28.50,0.00,false,1,22988
4032900124193,false,כאמל צהוב ארוך PP חפיסה,Unknown,,כאמל צהוב ארוך,,0.00,,false,1,32.00,0.00,false,1,24376
4032900124209,false,כאמל צהוב ארוך פאקט,Unknown,,כאמל צהוב ארוך,,0.00,,false,1,310.00,0.00,false,1,24377
4032900124254,false,ווינסטון קומפלקט ברי PP חפיסה,Unknown,,וינסטון קומפקט ברי,,0.00,,false,1,29.50,0.00,false,1,24854
4032900124261,false,ווינסטון קומפלקט ברי PP עשירייה,Unknown,,וינסטון קומפקט*10,,0.00,,false,1,285.00,0.00,false,1,24855
4032900128108,false,טבק נרגילה תפוח 60,Unknown,,טבק נרגילה תפוח 60,,0.00,,false,1,45.00,0.00,false,1,24891
4033100003493,false,ווינסטון כחול סופט סלימס עשירייה,Unknown,,וינסטון סלימס כ.פאקט,,0.00,,false,1,330.00,0.00,false,1,17814
4033100003530,false,וינסטון מנטול סופר סלימס פאקט,Unknown,,וינסטון ס.סלימס מנטו,,0.00,,false,1,330.00,0.00,false,1,17815
4033100013348,false,סיגריות אל די כחול ארוך בודד,Unknown,,אל.די ארוך,,0.00,,false,1,29.00,0.00,false,1,11113
4033100013355,false,אל.די בלו ארוך פאקט,Unknown,,LD 100 פאקט כחול,,0.00,,false,1,280.00,0.00,false,1,11186
4033100014468,false,סיגריות אל די אדום בודד,Unknown,,אל.די אדום,,0.00,,false,1,29.00,0.00,false,1,11112
4033100014475,false,אל די אדום פאקט,Unknown,,פאקט אל די אדום,,0.00,,false,1,280.00,0.00,false,1,11116
4033100014499,false,סיגריות אל די כחול בודד,Unknown,,אל.די כחול חפיסה,,0.00,,false,1,29.00,0.00,false,1,11111
4033100014505,false,אל די כחול 10 יח',Unknown,,פאקט אל די כחול,,0.00,,false,1,280.00,0.00,false,1,11115
4033100014529,false,סיגריות אל די סלים בודד,Unknown,,אל די סלימס חפיסה,,0.00,,false,1,27.00,0.00,false,1,11114
4033100014536,false,סיגריות אל די סלים פ,Unknown,,פאקט אל די סלים,,0.00,,false,1,265.00,0.00,false,1,14179
4033100014642,false,סיגריות כאמל שחור פק,Unknown,,כאמל שחור פאקט,,0.00,,false,1,310.00,0.00,false,1,17816
4033100014666,false,סיגריות כאמל לבן פקט,Unknown,,כאמל לבן פאקט,,0.00,,false,1,310.00,0.00,false,1,17817
4033100024146,false,סיגריות וינסטון CODE בודד,Unknown,,וינסטון קוד-חפיסה,,0.00,,false,1,32.00,0.00,false,1,14101
4033100024153,false,וינסטון קוד פאקט 10*,Unknown,,וינסטון קוד-פאקט,,0.00,,false,1,310.00,0.00,false,1,14103
4033100024252,false,וינסטון אקווה לייט קופסה,Unknown,,וינסטון אקווה חפיסה,,0.00,,false,1,32.00,0.00,false,1,14102
4033100024269,false,וינסטון קוד אקווה פאקט,Unknown,,וינסטון קוד אקווה -פ,,0.00,,false,1,310.00,0.00,false,1,14104
4033100038914,false,טבק כאמל צהוב + נייר גלגול 30ג',Unknown,,טבק כאמל צהוב,,0.00,,false,1,84.00,0.00,false,1,15564
4033100046490,false,סיגריות וינסטון 100 אקווה ארוך,יושלם,,וינסטון אקווה ארוך,,0.00,,false,1,32.00,0.00,false,1,15305
4033100046506,false,וינסטון אקווה לונג פאקט,Unknown,,וינסטון קוד אקווה-פא,,0.00,,false,1,310.00,0.00,false,1,15306
4033100047350,false,טבק כאמל כחול + נייר גלגול 30ג',Unknown,,טבק כאמל כחול,,0.00,,false,1,84.00,0.00,false,1,15565
4033100064036,false,וינסטון כחול טבק לגלגול חפיסה,Unknown,,וינסטון כחול טבק,,0.00,,false,1,81.00,0.00,false,1,17137
4043058008778,false,טבק אמריקן ספיריט כחול פאוצ,פלנטה טבק,,אמריקן ספיריט כ. טבק,,0.00,,false,1,85.00,0.00,false,1,15656
4043058010412,false,טבק אמריקן ספיריט צהוב פאוצ,פלנטה טבק,,אמריקן ספיריט צ. טבק,,0.00,,false,1,85.00,0.00,true,1,19477
4050328191924,false,ענב ירוק ארוז ייבוא,חקלאי,,ענב ירוק ארוז ייבוא,,500.00,100 גרם,false,1,18.90,3.78,true,1,28231
4066600999614,false,"בירה פאולנר, בירת חיטה מעוננת, בקבוק 500 מ""ל",מבשלת פאולנר,,בירה פאולנר 500 מל,,500.00,"100 מ""ל",false,1,18.00,3.54,true,1,28379
4067700014856,false,ייגרמייסטר-חדש,Unknown,,ייגרמייסטר-חדש,,500.00,"100 מ""ל",false,1,69.90,13.92,true,1,18812
4084500088917,false,"נוזל כלים פיירי לימון 650 מ""ל בד""צ",פרוקטר אנד גמבל,,פיירי לימון 650 מל,,650.00,"100 מ""ל",false,1,12.90,1.98,true,1,17331
4084500371453,false,"אבקת כביסה אלפיין 8 ק""ג טייד",פרוקטר אנד גמבל,,אבקת טייד אלפיין,,8.00,"1 ק""ג",false,1,68.00,8.50,true,1,25893
4105120623941,false,"בירה ויינשטפן בק' ח""פ 500 מ""ל","ויינשטפן, ת.ד 1155 פרייז",,ויינשטפן בק חפ500מל,,500.00,"100 מ""ל",false,1,17.90,3.52,true,1,28800
4260399984503,false,מדליק פחם מוצק 48 קוביות,Unknown,,מדליק פחם מוצק,,0.00,,false,1,7.00,0.00,false,1,29565
4600659010854,false,"וודקה סטוליצ'ניה 700 מ""ל",איי. אס. לטבייאס בלזם,,וודקה סטולי 700,,700.00,100 גרם,false,1,74.90,10.66,true,1,11746
4600680013800,false,קיט קט זברה 4 אצבעות 41.5 ג',ליימן מותגים,,קיט קט זברה 4 אצבעות,,0.00,,false,1,6.90,0.00,true,1,27532
4602486002071,false,"וודקה בלנקאיה גולד 700 מ""ל",מזקקת גאורגייבסקי קר,,וודקה בלנקאיה גולד,,700.00,"100 מ""ל",false,1,69.90,9.94,true,1,26963
4603400000043,false,"וודקה רוסקיי סטנדרט 700 מ""ל",רוסקי סטנדרט וודקה,,וודקה רוסקי סטנדרט,,700.00,"100 מ""ל",false,1,87.90,12.51,true,1,15412
4603400001521,false,"וודקה רוסקי סטנדרט 200 מ""ל",Unknown,,רוסקי סטנדרט 200 מל,,200.00,"100 מ""ל",false,1,34.90,17.30,false,1,17356
4603928000976,false,"בלוגה נובל וודקה 700 מ""ל+כוס הייבול",מרינסקי ליקרו-וודאצ'\ני,,וודקה בלוגה 700 מל,,700.00,"100 מ""ל",false,1,165.00,23.53,true,1,26828
4607109409619,false,פיניש ALL IN ONE MAX טבליות 25 יחידות,הדקלאים אגודת שיתופי,,פיניש טבל מדיח 25יח,,25.00,יחידה,false,1,30.00,1.20,true,1,25907
4710068001692,false,"מאסטר קפה לאטה פחית 240 מ""ל",תאיט מרקטינג אנד דיסטריב,,מאסטר קפה לאטה,,250.00,"100 מ""ל",false,1,10.90,4.36,true,1,16035
4710068001715,false,"מאסטר קפה טירמיסו פחית 240 מ""ל",יוני פרזינדנט אנטרפר,,מאסטר ק.טירמיסו,,250.00,"100 מ""ל",false,1,10.90,4.36,true,1,16037
4710068001739,false,"מאסטר קפה קולומביאני 240 מ""ל",יוני פרזינדנט אנטרפר,,מאסטר קפה קולומביאני,,250.00,"100 מ""ל",false,1,10.90,4.36,true,1,16036
4710068002798,false,מאסטר קפה וונילה פחית 240 מל,מאיטה פוד אינדוסטריאל קו,,מאסטר קפה וניל,,250.00,"100 מ""ל",false,1,10.00,4.00,true,1,23098
4710068003313,false,"מאסטר קפה אמריקאנו פחית 240 מ""ל",מאיטה פוד אינדוסטריא,,מאסטר קפה אמריקנו,,250.00,"100 מ""ל",false,1,10.90,4.24,true,1,26700
4714739000106,false,מראה פנימית,Unknown,,מראה פנימית,,0.00,,false,1,39.00,0.00,true,1,18743
4750021000904,false,וודקה סטולי פרימיום,איי.אס לטבייאס בלזם,,סטולי פרימיום 200,,200.00,"100 מ""ל",false,1,29.90,14.80,false,1,29433
4750021005725,false,"וודקה סטולי כשל""פ 700מ""ל",פארייפאבה אגרואינדוס,,סטולי כשלפ ל.גלוטן,,700.00,100 גרם,false,1,89.90,12.80,true,1,20871
4800888150080,false,"דאב - דאודורנט רול און לאישה פרש טאצ' מלפפונים 50 מ""ל",יוניליוור פיליפינים,,דאב ד.רול און מ.,,50.00,"100 מ""ל",false,1,26.90,53.80,true,1,14729
4800888219534,false,דאב - דאודורנט סטיק לאישה אנטי פרספירמט 50 גרם,"חברת זולברג, גוברנור",,דאב סטיק אוריגינל,,50.00,100 גרם,false,1,23.90,47.80,false,1,27681
4823077613630,false,חטיף שוקולד רושן ממולה קרם בורלה 43 גרם,רושן Roshen,,ש.רושן קרם ברולה,,43.00,100 גרם,false,1,5.00,11.63,true,1,29020
4823077617041,false,חטיף שוקולד רושן ממולה קרם קרמל 43 גרם,רושן Roshen,,רושן ממולה ק.קרמל,,43.00,100 גרם,false,1,5.00,11.63,true,1,29021
4823077621635,false,חטיף שוקולד רושן בטעם חלב 72 גרם,Unknown,,וופל רושן בטעם חלב,,72.00,100 גרם,false,1,5.00,6.94,true,1,29023
4823077621642,false,חטיף שוקולד רושן בטעם שוקולד 72 גר,Unknown,,וופל רושן שוקולד,,72.00,100 גרם,false,1,5.00,6.94,true,1,29024
4823077621659,false,חטיף שוקולד רושן בטעם אגוז 72 גר,Unknown,,וופל רושן בטעם אגוז,,72.00,100 גרם,false,1,5.00,6.94,true,1,29025
4823077625145,false,ממתקי שוקולד מריר עם דובדבן בליקר דובדבן,רושן Roshen,,בובונבוניירה ל.שרי,,155.00,100 גרם,false,1,19.90,12.84,true,1,29507
4823077632259,false,חטיף שוקולד רושן עם בוטנים 43 גרם,רושן Roshen,,חטיף ש.רושן בוטנים,,43.00,100 גרם,false,1,5.00,11.63,true,1,29022
4823077632396,false,אישי וופל רושן בטעם,Unknown,,וופל רושן קקאו חלב,,72.00,100 גרם,false,1,5.00,6.94,true,1,29026
4823077633690,false,בונבוניירה רושן שוטרס ויסקי 150 גרם,רושן,,בונבוניירה ו.רושן,,150.00,100 גרם,false,1,19.90,13.27,true,1,29508
4891228430092,false,סכיני גילוח שיק אקסטרים קומפורט לנשים 3 להבים 4 יחידות,אנרג'יזר Energizer,,שיק אקסטרים3 ס.גילוח,,4.00,יחידה,false,1,24.00,6.00,true,1,26005
4895060592307,false,סוכריות נטורל בטעמים בקבוק NUGGELS,איתן-מזון,,פלורידה נטורל בקבוק,,43.00,100 גרם,false,1,9.90,23.02,true,1,4811
4895151823518,false,מצת ZENGAS,Unknown,,מצת ZENGAS,,0.00,,false,1,16.90,0.00,false,1,29799
4895151823600,false,מצת ZENGAS - נוסף,Unknown,,מצת ZENGAS - נוסף,,0.00,,false,1,16.90,0.00,false,1,29835
4903001904192,false,"רוטב סויה יאמסה פרימיום 500 מ""ל",הדקלאים אגודת שיתופי,,יאמאסה פרמיום 500,,500.00,"100 מ""ל",false,1,29.90,5.98,true,1,26209
5000157143365,false,מתבל בטעם מיונז וקטשופ היינץ 425 גרם,"פודליצקי ספ.ז.או.או,",,מתבל מיונז וקטשופ,,425.00,"100 מ""ל",false,1,15.90,3.74,true,1,26008
5000159376655,false,סוכריות SKITTLES פירות קטן 38 גרם אדום,ריגלי ממתקים,,סקיטלס פירות 38 גר,,39.00,100 גרם,false,1,4.00,10.26,true,1,14739
5000159376792,false,סוכריות סקיטלס Skittles פירות חמוצים,ריגלי ממתקים,,סקיטלס חמוץ 38 גר,,39.00,100 גרם,false,1,4.00,10.26,true,1,14740
5000159407236,false,חטיף מרס שוקולד עם ק,מרס הולנד בי.וי.,,מרס חטיף 51 גר,,51.73,100 גרם,false,1,6.50,12.57,true,1,7577
5000159414197,false,מלטיזרס-כדורים פריכים בציפוי שוולד חלב 135 גרם,מרס שוקולד צ.אמריקה,,מלטיזרס 135 גרם,,135.00,100 גרם,false,1,17.90,13.26,true,1,29106
5000159452977,false,מיקס שקית מיניס 400 גרם מרס-באונטי-טוויק,מרס הולנד בי.וי.,,מיני מיקס חטיפי מארס,,400.00,100 גרם,false,1,24.90,6.22,true,1,26009
5000159459228,false,חטיף שוקולד טוויקס 50 ג',"נארז ע""י : א.ג. גילר",,טוויקס 50 גר,,50.84,100 גרם,false,1,6.50,12.79,true,1,14765
5000159460866,false,גלידה חטיף מרס אקסטר,פלדמן,,חטיף מארס  XL,,51.00,100 גרם,false,1,11.50,22.55,true,1,25039
5000159460880,false,חטיף סניקרס 53 גרם,פלדמן,,חטיף סניקרס  XL,,60.50,100 גרם,false,1,11.50,19.01,true,1,25040
5000159461122,false,חטיף שוקולד סניקרס מקס קרמל 50 ג',"נארז ע""י : א.ג. גילר",,סניקרס חטיף שוקולד50,,50.73,100 גרם,false,1,6.50,12.81,true,1,14766
5000159472760,false,שקית שוקולד טוויקס 1,מרסי,,טוויקס מ.בשקית 170ג,,170.00,100 גרם,false,1,9.90,5.82,true,1,29413
5000159473200,false,באונטי מ.בשקית 170ג,מרסי,,באונטי מ.בשקית 170ג,,170.00,100 גרם,false,1,9.90,5.82,true,1,29412
5000159473866,false,שקית שוקולד סניקרס 1,מרסי,,סניקרס מ.שקית 170ג,,170.00,100 גרם,false,1,9.90,5.82,true,1,29411
5000159474771,false,שקית שוקולד מרס 170ג,מרסי,,מרס מיני בשקית 170ג,,170.00,100 גרם,false,1,9.90,5.82,true,1,29414
5000159483049,false,גלידה חטיף באונטי אק,Unknown,,חטיף באונטי  XL,,51.60,100 גרם,false,1,11.50,22.29,true,1,25042
5000159484640,false,גלידה חטיף טוויקס אק,Unknown,,חטיף טוויקס   XL,,51.00,100 גרם,false,1,11.50,22.55,true,1,25043
5000159486972,false,חטיף טוויקס לבן עם ש,"נארז ע""י : א.ג. גילר",,טוויקס לבן,,48.00,100 גרם,false,1,6.50,13.54,true,1,18125
5000159509671,false,סניקרס לבן חטיף קפוא,Unknown,,חטיף סניקרס לבן XL,,60.50,100 גרם,false,1,11.50,19.01,true,1,25044
5000159541152,false,חטיף טוויקס לבן 46 גרם.,מרס.גי אם. בי אייץ,,טוויקס לבן,,48.00,100 גרם,false,1,6.50,13.54,true,1,27928
5000168199245,false,שוקולד חלב מעולה בתוספת קרמל מלוח פיור גודייבה 90 ג',"אולקר מקבוצת פלאדיס, ציק",,ש.חלב עם קרמל מלוח,,90.00,100 גרם,false,1,17.90,19.89,true,1,29200
5000213000359,false,בירה גינס אקסטרא סטאוט,קרלסברג יבוא יצוא,,בירה גינס בק 330 מל,,330.00,"100 מ""ל",false,1,19.90,5.94,true,1,28801
5000219009295,false,פאל מאל אדום ארוך האוס עשירייה,Unknown,,פאל מאל אדום ארוך פ,,0.00,,false,1,297.00,0.00,false,1,15123
5000219023772,false,פאל מאל כחול סטרים פילטר עשיריה,Unknown,,פאל מאל כחול סטרים,,0.00,,false,1,297.00,0.00,false,1,15404
5000219120112,false,פאל מאל כחול ארוך סטרים פילטר עשירייה,Unknown,,פאל מאל א.סטרים,,0.00,,false,1,297.00,0.00,false,1,17213
5000267014203,false,וויסקי ג'וני ווקר אדום,אלכוהול (איי.בי.בי),,גוני ווקר אדום 700,,700.00,"100 מ""ל",false,1,89.90,12.80,false,1,1988
5000267014234,false,וויסקי ג'וני ווקר רד לייבל Red label,ג'וני ווקר Johnnie walker,,גוני ווקר אדום 700,,700.00,"100 מ""ל",false,1,89.90,12.80,false,1,25592
5000267024202,false,וויסקי ג'וני ווקר שחור,אלכוהול (איי.בי.בי),,גוני ווקר שחור 700,,700.00,"100 מ""ל",false,1,169.00,24.10,false,1,17545
5000267024233,false,"וויסקי ג'וני בלאק לייבל עם פורר 700מ""ל",ג'וני ווקר Johnnie walker,,גוני ווקר שחור 700,,700.00,"100 מ""ל",false,1,169.00,24.10,false,1,25480
5000267171579,false,גוני ווקר אדום 200 מ,ג'וני ווקר ובניו,,גוני ווקר אדום 200,,200.00,"100 מ""ל",false,1,40.00,19.85,true,1,24841
5000267171654,false,גוני ווקר שחור 200 מ,ג'ון ווקר ובניו,,גוני ווקר שחור 200,,200.00,"100 מ""ל",false,1,60.00,29.85,true,1,24840
5000289925440,false,גין גורדון בקבוק 700,אלכסנדר גורדון ושות',,גין גורדון 700 מל,,700.00,"100 מ""ל",false,1,99.90,14.23,true,1,26964
5000394098756,false,סוללות דורסל פלוס פא,פרוקטר אנד גמבל,,דורסל 6 סוללות AA +P,,0.00,,false,1,22.00,0.00,false,1,22396
5000394098886,false,שישיית סוללות דורסל AAA פלוס פאור,פרוקטר & גמבל,,דורסל 6סוללות AAA +P,,0.00,,false,1,22.00,0.00,false,1,22397
5000394140820,false,שישיות סוללות AA פלוס פאוור דורסל,דורסל,,דורסל שישיות AA פלוס,,0.00,,false,1,22.00,0.00,false,1,27534
5000394140851,false,רבעיות סוללות דורסל AA פלוס פאוור,פרוקטר אנד גמבל,,דורסל רביעיות AAפלוס,,0.00,,false,1,9.90,0.00,false,1,29107
5000394141117,false,סוללות דורסל רביעיות AAA פלוס פאוור 100%,פרוקטר אנד גמבל,,דורסל רביעיות AAA פ,,0.00,,false,1,9.90,0.00,false,1,29108
5000394141209,false,שישיות סוללות AAA פלוס פאוור דורסל,דיפלומט,,דורסל שישיות AAA +,,0.00,,false,1,22.00,0.00,false,1,27458
5010103943024,false,"גיי אנד בי 200 מ""ל פ",ג'וסטריני אנד ברוקס,,גיי אנד בי 200 מל,,200.00,"100 מ""ל",false,1,40.00,19.85,true,1,24839
5010106113493,false,"וויסקי בלנטיי'נס 200 מ""ל",Unknown,,וויסקי בלנטיינס 200,,200.00,"100 מ""ל",false,1,36.90,18.30,true,1,26606
5010232964211,false,דורקס EXTRA SAFE - קונדומים שקופים עבים,דורקס Durex,,דורקס Extra Safe 12,,12.00,יחידה,false,1,49.90,4.16,true,1,11140
5010232964228,false,דורקס THIN FEEL - קונדומים דקים להגברת התחושה,דורקס Durex,,דורקס Thin Feel 12,,12.00,יחידה,false,1,49.90,4.16,true,1,11134
5010232967588,false,Durex extra safe,Unknown,,Durex extra safe,,0.00,,false,1,20.00,0.00,true,1,3369
5010327000046,false,וויסקי גרנט'ס סקוטי,"וויליאם גראנט ובניו בע""\",,וויסקי גרנטס 700,,700.00,"100 מ""ל",false,1,102.00,14.53,true,1,519
5010327208107,false,"גרנטס וויסקי 200מ""ל",וויליאם גרנט,,גרנטס 200 מל,,200.00,"100 מ""ל",false,1,29.90,14.80,false,1,29342
5010677551281,false,"בקרדי בריזר לימון 275 מ""ל בקבוק",בקרדי בריזר Bacardi Breezer,,בקרדי בריזר לימון275,,275.00,"100 מ""ל",false,1,18.90,6.76,true,1,215
5010677551397,false,"בקרדי בריזר לימון ליים 275 מ""ל",בקרדי בריזר Bacardi Breezer,,בקרדי בריזר ליים,,275.00,"100 מ""ל",false,1,18.90,6.76,true,1,26011
5010677552387,false,"בקרדי בריזר אננס 275 מ""ל בקבוק",בקרדי בריזר Bacardi Breezer,,בקרדי בריזר אננס 275,,275.00,"100 מ""ל",false,1,18.90,6.76,true,1,4239
5010677554398,false,"בקרדי בריזר אבטיח 275 מ""ל בקבוק",בקרדי בריזר Bacardi Breezer,,בקרדי בריזר אבטיח275,,275.00,"100 מ""ל",false,1,18.90,6.76,true,1,217
5010677850100,false,וודקה גריי גוס בקבוק,בקרדי מרטיני,,וודקה גרייגוס 700מל,,700.00,"100 מ""ל",false,1,165.00,23.53,false,1,22914
5011007003005,false,"וויסקי ג'יימסון אירי מזוקק 700 מ""ל",אייריש דיסטילרז,,וויסקי גיימסון,,700.00,"100 מ""ל",false,1,139.90,19.94,true,1,8390
5011417577011,false,Durex Ultra Thin,Unknown,,Durex Ultra Thin,,0.00,,false,1,49.90,0.00,true,1,29757
5014271300429,false,"מעדן משמש 100% פרי סנטדלפור 284 גרם לל""ס",סאן דלפור - שמבור,,מעדן פרי משמש,,284.00,100 גרם,false,1,21.90,7.71,true,1,26013
5014271310428,false,מעדן בטעם דובדבנים שחורים סאן דלפור 284 גרם,סאן דלפור - שמבור,,מעדן דובדבנים שחורים,,284.00,100 גרם,false,1,21.90,7.71,true,1,12473
5014271350424,false,מעדן ארבעה פירות ללא תוספת סוכר 284 גרם,סאן דלפור - שמבור,,מעדן ארבעה פירות,,284.00,100 גרם,false,1,21.90,7.71,true,1,26015
5014271360423,false,"מעדן תפוזים לל""ס סאן דלפור 284 גרם",סאן דלפור - שמבור,,סנדלפור תפוז ל.סוכר,,284.00,100 גרם,false,1,23.00,8.10,true,1,26016
5014271400426,false,"מעדן בטעם תות שדה לל""ס סאן דלפור 284 גרם",סאן דלפור - שמבור,,מעדן פרי תות שדה,,284.00,100 גרם,false,1,21.90,7.71,true,1,12472
5014379009972,false,בירה לאגר באדוויזר פחית 500 מל,באדווייזר Budweiser,,באדוויזר פחית 500 מל,,500.00,"100 מ""ל",false,1,17.00,3.34,true,1,27152
5024546366609,false,"וויסקי 700 מ""ל LAUDERS SCOTCH",מקדוף אינטרנשנל דיסט,,ויסקי לאודרס 0.7,,700.00,"100 מ""ל",false,1,89.90,12.80,true,1,26965
5029053032658,false,שמיניית ממחטות טישו קלינקס 9 יחידות,חוגלה קימברלי,,ממחטות קלינקס,,8.00,יחידה,false,1,11.00,1.38,true,1,25912
5029053510811,false,תחבושות נורמל פלוס עם כנפיים קוטקס 28 יחידות,קימברלי קלארק,,קוטקס תחבושות נורמל,,30.00,יחידה,false,1,22.90,0.76,true,1,9564
5029053510828,false,תחבושות סופר פלוס עם כנפיים קוטקס 22יחידות,חוגלה קימברלי,,תחבושות קוטקס סופר,,22.00,יחידה,false,1,22.90,1.04,true,1,9563
5029053523446,false,קוטקס - תחבושות אולטרה נייט + כנפיים 20 יח',חוגלה קימברלי,,תחבושות קוטקס נייט,,20.00,יחידה,false,1,22.90,1.14,true,1,9565
5029053535227,false,טמפון עם מוליך נורמל קוטקס 16 יחידות,חוגלה קימברלי,,קוטקס טמפון עם מוליך,,16.00,יחידה,false,1,27.90,1.74,false,1,15859
5029053575575,false,מגבונים היגיינים לניקוי פנים וידיים קליניקס 24 דפים,חוגלה קימברלי,,מגבונים,,24.00,יחידה,false,1,12.90,0.54,true,1,26018
5029053576114,false,קלינקס גל ידיים היגייני 220 מל,חוגלה קימברלי,,גל הייגיני,,220.00,"100 מ""ל",false,1,23.00,10.45,true,1,26020
5035766044673,false,"סטרונגבואו גולד, סיידר תפוחים אלכוהולי, בקבוק 330 מ''ל",האי נאם סי או אל.טי.,,סטרונגבאו סיידר תפוח,,330.00,"100 מ""ל",false,1,12.00,3.55,true,1,16316
5035766044772,false,סיידר תפוחים סטרונגבאו 330 בקבוק רביעייה,סטאסן ס.א,,רביעיית סטרונגבואו,,1.32,1 ליטר,false,1,44.90,33.11,false,1,16336
5038483207949,false,דורקס THIN FEEL קונדומים דקים במיוחד,דורקס Durex,,דורקס Intimate Feel,,12.00,יחידה,false,1,49.90,4.16,true,1,21109
5038483574386,false,שלשיית קונדומים durex אדום,רקיט בנקיזר הלת'קר,,דורקס Thin Feel,,12.00,יחידה,false,1,20.00,1.67,true,1,8811
5038483574416,false,קונדום דורקס אקסטרא סייף 3,רקיט בנקיזר הלת'קר,,דורקס Extra Safe,,12.00,יחידה,false,1,20.00,1.67,true,1,8606
5038483578780,false,שלישיית קונדומים durex סגול,רקיט בנקיזר הלת'קר,,דורקס Intimate Feel,,12.00,יחידה,false,1,20.00,1.67,true,1,12159
5038483683248,false,דורקס קונדומים Pleasure Me 3,Unknown,,Durex Pleasure,,0.00,,false,1,20.00,0.00,true,1,29758
5038483867198,false,דורקס קונדומים Featherlite Ultra 3,Unknown,,Fetherlite Ultra 3,,0.00,,false,1,20.00,0.00,true,1,29759
5052197045215,false,Durex Extra Safe 12,Unknown,,Durex Extra Safe 12,,0.00,,false,1,49.90,0.00,true,1,29760
5053744535265,false,ש.משקפות מבוגרים,Unknown,,ש.משקפות מבוגרים,,0.00,,false,1,99.00,0.00,false,1,26767
5056357900925,false,סניקרס חטיף חלבון חמאת בוטנים 57 גרם,פארם אקספרס,,סניקרס פרוטאין,,57.00,100 גרם,false,1,17.90,31.40,true,1,25743
5056357901427,false,אם אנד אם חטיף חלבון שוקולד 51 גרם,פארם אקספרס,,ח.חלבון m&m שוקולד,,51.00,100 גרם,false,1,17.90,35.10,true,1,27739
5056357901441,false,אם אנד אם חטיף חלבון בוטנים 51 גרם,פארם אקספרס,,ח.חלבון m&m בוטנים,,51.00,100 גרם,false,1,17.90,35.10,true,1,27740
5056357903834,false,באונטי מעושר בחלבון 52 גרם,מארס יורק אנגליה,,באונטי מ.חלבון 52ג,,52.00,100 גרם,false,1,17.90,34.42,true,1,28654
5060122034401,false,"משקה מארס 350 מ""ל",Unknown,,משקה מרס 350 מל,,350.00,"100 מ""ל",false,1,13.90,3.97,true,1,29407
5060122034487,false,"משקה באונטי 350 מ""ל",Unknown,,משקה באונטי 350 מל,,350.00,"100 מ""ל",false,1,13.90,3.97,true,1,29408
5060122036849,false,"משקה סניקרס 350 מ""ל",Unknown,,משקה סניקרס 350 מל,,350.00,"100 מ""ל",false,1,13.90,3.97,true,1,29409
5060221201391,false,גרנייד בטעם קרמל chaos,גרנייה,,גרנייד קרמל 60 גרם,,60.00,100 גרם,false,1,17.90,29.83,true,1,29109
5060221201575,false,חטיף חלבון גרנייד בטעם קרם עוגיות,LTD (UK) GRENADE,,ח.חלבון גרנייד ק.עוג,,60.00,100 גרם,false,1,17.90,29.83,true,1,27741
5060221201605,false,חטיף חלבון גרנייד בטעם באוני פאדג',LTD (UK) GRENADE,,ח.חלבון גרנייד פאדג,,60.00,100 גרם,false,1,17.90,29.83,true,1,27742
5060221201810,false,גרנייד בטעם שוקולד לבן עוגיות,LTD (UK) GRENADE,,גרנייד ש.לבן 60ג,,60.00,100 גרם,false,1,17.90,29.83,true,1,29110
5060221203753,false,חטיף חלבון גרנייד בטעם חמאת בוטנים,LTD (UK) GRENADE,,ח.חלבון גרנייד בוטן,,60.00,100 גרם,false,1,17.90,29.83,true,1,27743
5060221203937,false,גרנייד בטעם שוקוצ'יפס בצק עוגיות,LTD (UK) GRENADE,,גרנייד שוקוציפס 60ג,,60.00,100 גרם,false,1,17.90,29.83,true,1,29111
5060221206860,false,חטיף חלבון בטעם קרמל מלוח ושוקולד 60 ג' Grenade,LTD (UK) GRENADE,,ח.חלבון גרנייד קרמל,,60.00,100 גרם,false,1,17.90,29.83,true,1,27744
5060317322122,false,"UFIT - משקה חלבון בטעם קרמל מלוח 330 מ""ל",לאקסה אס.אי,,מ.חלבון קרמל מלוח,,330.00,"100 מ""ל",false,1,14.90,4.52,true,1,29430
5060317322146,false,"UFIT - משקה חלבוI בטעם שוקולד לבן 330 מ""ל",לאקסה אס.אי,,מ.חלבון ש.לבן UFIT,,330.00,"100 מ""ל",false,1,14.90,4.52,true,1,29431
5060350561434,false,נובו איזי בר שוקולד קרמל,Unknown,,איזי בר שוקולד קרמל,,90.00,100 גרם,false,1,18.90,21.00,true,1,24709
5060350561458,false,נובו איזי בר שוקולד עוגיות,Unknown,,איזי בר קרמל עוגיות,,90.00,100 גרם,false,1,18.90,21.00,true,1,24710
5060402908248,false,סניקרס חטיף חלבון 55 גרם,פארם אקספרס,,סניקרס פרוטאין 55 ג,,55.00,100 גרם,false,1,17.90,32.55,true,1,25744
5060402908286,false,חטיף חלבון מארס 59 גרם,פארם אקספרס,,מארס פרוטאין,,59.00,100 גרם,false,1,17.90,30.34,true,1,25745
5060402909542,false,מארס חטיף חלבון קרמל מלוח 59 גרם,פארם אקספרס,,מארס פרוטאין קרמל,,59.00,100 גרם,false,1,17.90,30.34,true,1,25746
5060424705368,false,WARRIOR - חטיף חלבון קראנץ' בטעם קרמל מלוח,וורקווין,,WARRIOR קרמל מלוח,,64.00,100 גרם,false,1,14.90,23.28,true,1,29190
5060424705467,false,WARRIOR - חטיף חלבון קראנץ' בטעם שוקולד לבן,"KBF תעשיות בע""מ UK",,WARRIOR ש.לבן,,64.00,100 גרם,false,1,14.90,23.28,true,1,29191
5060424705511,false,WARRIOR - חטיף חלבון קראנץ' בטעם שוקולד וקוקוס,תעשיות מזון בלאבאן,,WARRIOR שוקולד קוקוס,,64.00,100 גרם,false,1,14.90,23.28,true,1,29192
5060424705535,false,חטיף חלבון WARRIOR בטעם שוקולד מריר ובוטנים,"KBF תעשיות בע""מ UK",,WARRIOR ש.מריר בו,,64.00,100 גרם,false,1,14.90,23.28,true,1,29193
5060517886486,false,"משקה אנרגיה מונסטר אנרג'י בפחית 500 מ""ל",מונסטר אנרג'י Monster Energy,,מונסטר אנרגי 500,,500.00,"100 מ""ל",false,1,10.90,2.12,true,1,24165
5060517886516,false,"משקה אנרגיה מונסטר אנרג'י זירו בפחית 500 מ""ל",מונסטר אנרג'י Monster Energy,,מונסטר אנרגי זירו,,500.00,"100 מ""ל",false,1,10.90,2.12,true,1,24166
5060517886547,false,מונסטר אנרגי משקה אנרגיה דה דוקטור 500 מ,Monster energy סרביה,,מונסטר רוסי 500,,500.00,"100 מ""ל",false,1,9.90,1.92,true,1,24167
5060639128051,false,"משקה אנרגיה מונסטר אולטרה בפחית 500 מ""ל",מונסטר אנרג'י לימטד,,מונסטר אולטרה 500מל,,500.00,"100 מ""ל",false,1,10.90,2.12,true,1,24935
5060639129102,false,"משקה אנרגיה מונסטר אנרג'י מנגו בפחית 500 מ""ל",מונסטר אנרג'י Monster Energy,,מונסטר מנגו לוקו,,500.00,"100 מ""ל",false,1,10.90,2.12,true,1,25747
5060751218173,false,"משקה אנרגיה מונסטר אנרג'י piplin punch בפחית 500 מ""ל",מונסטר אנרג'י לימטד,,מונסטר פייפליין פאנץ,,500.00,"100 מ""ל",false,1,10.90,2.12,true,1,28909
5060751219033,false,"משקה אנרגיה מונסטר אנרג'י זירו paradise בפחית 500 מ""ל",מונסטר אנרג'י לימטד,,מונסטר אולטרה פר,,500.00,"100 מ""ל",false,1,10.90,2.12,true,1,28910
5060756341005,false,RAW חטיף חלבון ש.שועל קרמל מלוח 75 גרם,Unknown,,WARRIOR אפוי ק.מלוח,,75.00,100 גרם,false,1,9.90,13.20,true,1,29194
5060756342781,false,חטיף חלבון WARRIOR בטעם קרם עוגיות,"KBF תעשיות בע""מ UK",,WARRIOR קרם עוגיות,,64.00,100 גרם,false,1,14.90,23.28,true,1,29195
5060756342972,false,WARRIORאפוי ק.עוגיות,Unknown,,WARRIORאפוי ק.עוגיות,,75.00,100 גרם,false,1,9.90,13.20,true,1,29196
5060756343702,false,WARRIORחטיף חלבון קר,תעשיות מזון בלאבאן,,WARRIOR פ.שוקולד,,64.00,100 גרם,false,1,14.90,23.28,true,1,29288
5060902991818,false,ס.א אייס נענע,Unknown,,ס.א אייס נענע,,0.00,,false,1,99.90,0.00,false,1,29638
5060902991870,false,ס.א. אייס אוכמניות,Unknown,,ס.א. אייס אוכמניות,,0.00,,false,1,99.90,0.00,false,1,29642
5060902991887,false,ס.א אייס מלון,Unknown,,ס.א אייס מלון,,0.00,,false,1,99.90,0.00,false,1,29639
5060902991917,false,ס.א. חמוציות,Unknown,,ס.א. חמוציות,,0.00,,false,1,99.90,0.00,false,1,29637
5060902991924,false,ס.א .אייס ענבים,Unknown,,ס.א .אייס ענבים,,0.00,,false,1,99.90,0.00,false,1,29635
5060902991948,false,ס. א.סוכריה,Unknown,,ס. א.סוכריה,,0.00,,false,1,99.90,0.00,false,1,29636
5060902991962,false,ס.א.אייס אפרסק,Unknown,,ס.א.אייס אפרסק,,0.00,,false,1,99.90,0.00,false,1,29640
5060902991993,false,ס.תות בננה 3000 שאיפ,Unknown,,ס.תות בננה 3000 שאיפ,,0.00,,false,1,99.90,0.00,false,1,29824
5060902992013,false,ס.א.אייס אננס,Unknown,,ס.א.אייס אננס,,0.00,,false,1,99.90,0.00,false,1,29641
5099873017623,false,"וויסקי גק דניאלס טנסי אפל 700 מ""ל",ג'ק דניאלס Jack Daniel's,,גק דניאלס תפוח,,700.00,"100 מ""ל",false,1,139.00,19.81,false,1,27279
5099873046173,false,וויסקי גק דניאלס 200,ג'ק דניאלס,,גק דניאלס 200מל,,200.00,"100 מ""ל",false,1,44.90,22.30,false,1,28354
5200133120476,false,גלילות וופלים ממולאים קרם אגוזים וקקאו 400 ג',גולדן ברייק Golden break,,גלילות וופלים ק.אגוז,,400.00,100 גרם,false,1,21.00,5.25,true,1,23854
5200133120483,false,גליליות וופלים ממולא קרם וניל 400 גר,גולדן ברייק Golden break,,גלילות וופלים מ.קרם,,0.00,,false,1,21.00,0.00,true,1,23855
5200133120506,false,גליליות וופלים אגוזים וקקאו גולדן ברייק 150 גרם.,קוארטט אס.אי,,גליליות גולדן ברייק,,150.00,100 גרם,false,1,9.50,6.33,true,1,21479
5201184011775,false,זר י.ה. לראש פרחים,Unknown,,זר יום הולדת לראש,,0.00,,false,1,11.00,0.00,true,1,7225
5201184066508,false,נר מספר ממותג,פאלאס,,נר מספרים,,0.00,,false,1,3.00,0.00,true,1,7222
5201360521241,false,קרואסון במילוי ק.קקאו65ג,אס.סי. צי'פיטה,,סבן דייז ק.שוקולד,,65.00,100 גרם,false,1,5.50,8.46,true,1,27377
5201360528769,false,קרואסון אישי במילוי,ציפיטה,,סבן דייז ק.וניל,,65.00,100 גרם,false,1,5.50,8.46,true,1,27378
5201583750411,false,זירו-סוכריות ללא סוכר בטעם לימון עם סטיב,איתן,,ZERO סוכריות לימון,,32.00,100 גרם,false,1,8.90,27.81,true,1,27535
5201583751418,false,סוכריות זירו אייס בלו סטיביה ללא סוכר 32 ג',איתן,,ZEROסוכריות א.בלו,,32.00,100 גרם,false,1,8.90,27.81,true,1,27536
5201583752118,false,זירו סוכריות ללא סוכר חמאה במילוי שוקולד,איתן,,Z ס.חמאה ק.שוקולד,,36.00,100 גרם,false,1,8.90,24.72,true,1,27537
5201583752217,false,סוכריות ללא סוכר בטעם מנטה במילוי שוקולד,איתן,,ZERO.מנטה ק.שוקולד,,36.00,100 גרם,false,1,8.90,24.72,true,1,27538
5201940010110,false,זיתים שחורים קלמטה וילי פוד 250 גרם,סיוארס אס.איי,,וילי פוד זית קלמטה,,454.00,100 גרם,false,1,16.90,3.72,false,1,28253
5208049000639,false,רוטמנס כחול ארוך חפיסה,Unknown,,רוטמנס כחול ארוך,,0.00,,false,1,29.00,0.00,false,1,22915
5208049000646,false,רוטמנס כחול ארוך פאקט,Unknown,,רוטמנס כ.ארוך פאקט,,0.00,,false,1,277.00,0.00,false,1,27698
5208049000660,false,פאל מאל דאבל קפסולה חפיסה,גלוברנס,,פאל מאל הוואנה,,0.00,,false,1,30.50,0.00,false,1,23382
5208049000677,false,פאלמאל דאבל פאקט,Unknown,,פאלמאל דאבל פאקט,,0.00,,false,1,297.00,0.00,false,1,23383
5208049001452,false,גולדן וירגיניה ירוק 30 גר+נייר PP,Unknown,,גולדן.ו ירוק 30+נייר,,0.00,,false,1,71.00,0.00,true,1,23811
5208049001483,false,גולדן וירגיניה לבן 30 גר+נייר PP יחידה,Unknown,,גולדן.ו לבן 30ג+נייר,,0.00,,false,1,71.00,0.00,true,1,23620
5208049001513,false,גולדן וירגיניה צהוב30 גר+נייר לגלגול יח,Unknown,,גולדן.ו צהוב30ג+נייר,,0.00,,false,1,71.00,0.00,true,1,23621
5208049001841,false,סיגריות פאל מאל דמי קפסולה,גלוברנס,,פאל מאל דמי קפסולה,,0.00,,false,1,26.50,0.00,false,1,23590
5208049001858,false,פאל מאל דמי קפסולות עשיריה,גלוברנס,,פאל מאל דמי- פאקט,,0.00,,false,1,257.00,0.00,false,1,23591
5208049002473,false,סיגריות קנט ארוך חפי,Unknown,,קנט ארוך חפיסה,,0.00,,false,1,38.50,0.00,false,1,23676
5208049002480,false,סיגריות קנט קלאסי אר,Unknown,,קנט ארוך חפיסה קשה,,0.00,,false,1,372.00,0.00,false,1,23677
5208049004408,false,סיגריות רוטמנס סילבר,גלוברנס,,רוטמנס סילבר חפיסה,,0.00,,false,1,29.00,0.00,false,1,25474
5208049004415,false,רוטמנס סילבר פאקט,Unknown,,רוטמנס סילבר פאקט,,0.00,,false,1,277.00,0.00,false,1,25475
5208049004781,false,פאל מאל ברי דמי סלימס קופסא,Unknown,,פאל מאל ברי דמי,,0.00,,false,1,26.50,0.00,false,1,25351
5208049004798,false,פאל מאל ברי דמי,Unknown,,פאל מאל ברי דמי,,0.00,,false,1,257.00,0.00,false,1,25352
5208049005719,false,פאל מאל אננס דמ י סלימס חפיסה,Unknown,,ס.דמי אננס מאל חפיסה,,0.00,,false,1,26.50,0.00,false,1,27796
5208049005726,false,ס.דמי אננס מאל פאקט,Unknown,,ס.דמי אננס מאל פאקט,,0.00,,false,1,257.00,0.00,false,1,27799
5208049006594,false,פאל מאל אקסטרה כחול חפיסה,Unknown,,פאל מאל א.כחול חפיסה,,0.00,,false,1,29.00,0.00,false,1,29450
5208049006600,false,פאל מאל אקסטרה כחול פאקט,Unknown,,פאל מאל א.כחול פאקט,,0.00,,false,1,277.00,0.00,false,1,29452
5208049006624,false,פאל מאל אקסטרה סילבר קופסה,Unknown,,פאלמאל א.סילבר חפיסה,,0.00,,false,1,29.00,0.00,false,1,29451
5208049006631,false,פאל מאל אקסטרה סילבר פקט,Unknown,,פאל מאל א.סילבר פאקט,,0.00,,false,1,277.00,0.00,false,1,29453
5208049006655,false,פאל מאל אקסטרה מנדרינה קופסה,Unknown,,פאל מאל א.מנדרינה,,0.00,,false,1,29.00,0.00,false,1,29800
5208049006662,false,פאלמאל אקסטרה מנדרינה פק,Unknown,,פ.מאל א.מנדרינה פאקט,,0.00,,false,1,277.00,0.00,false,1,29801
5391523057929,false,סימילאק גולד שלב 1 תרכובת מזון על בסיס חלב,אבוט מעבדות רפואיות,,סימילאק גולד שלב 1,,700.00,100 גרם,false,1,94.90,13.56,true,1,26288
5391523057936,false,סימילאק גולד שלב 2 תרכובת מזון על בסיס חלב,אבוט מעבדות רפואיות,,סימילאק גולד שלב 2,,700.00,100 גרם,false,1,94.90,13.56,true,1,26290
5391523057943,false,סימילאק גולד שלב 3 תרכובת מזון על בסיס חלב,אבוט מעבדות רפואיות,,סימילאק גולד שלב 3,,700.00,100 גרם,false,1,94.90,13.56,true,1,26289
5391523058063,false,סימילאק אדבנס פלוס 1 תרכובת מזון על בסיס חלב,אבוט מעבדות רפואיות,,סימילאק אדוונס+שלב1,,700.00,100 גרם,false,1,79.90,11.41,true,1,26285
5391523058070,false,סימילאק אדבנס פלוס 3 תרכובת מזון על בסיס חלב,אבוט מעבדות רפואיות,,סימילאק אדוונס+שלב3,,700.00,100 גרם,false,1,79.90,11.41,true,1,26287
5391523058087,false,סימילאק אדבנס פלוס 2 תרכובת מזון על בסיס חלב,טרופיקל דגיל תעשיות,,סימילאק אדוונס+שלב2,,700.00,100 גרם,false,1,79.90,11.41,true,1,26286
5410126006339,false,ביסקוויט קרמל לוטוס 124 גרם,לוטוס ביקרי נ.וי,,לוטוס ביסקוויט 124ג,,124.00,100 גרם,false,1,11.00,8.87,true,1,16220
5410126106022,false,מארז עוגיות לוטוס 250 גר*2,לוטוס ביקרי נ.וי.,,מארז לוטוס 250*2,,500.00,100 גרם,false,1,19.90,3.98,true,1,29509
5410126116953,false,ממרח ביסקוויט קרמל לוטוס 400 גרם,לוטוס בייקרי בלגיה נ,,לוטוס ממרח ביסקוויט,,400.00,100 גרם,false,1,23.00,5.75,true,1,16468
5410126666038,false,"ביסקוויט קרמל לוטוס 279 גרם בד""צ",לוטוס ביקרי נ.וי,,עוגיות לוטוס 279ג,,279.00,100 גרם,false,1,16.90,6.06,true,1,26023
5410126716016,false,"עוגיות לוטוס ביסקויט קרמל בד""צ 250 גרם",לוטוס ביקרי בלגיה,,לוטוס ביסקוויט 250,,250.00,100 גרם,false,1,15.90,6.36,true,1,6539
5410126726947,false,ממרח ביסקוויט קרמל קראנץ' לוטוס 380 גרם,לוטוס בייקרי בלגיה נ,,ממרח עוגיות,,380.00,100 גרם,false,1,25.00,6.58,true,1,26212
5410228217732,false,"סטלה ארטואה -פחית 440 מ""ל",מנדלז סי.אר. פרודקשן,,סטלה פחית 440 מל,,400.00,"100 מ""ל",false,1,17.00,4.18,true,1,27153
5410228267508,false,"באדוויזר בקבוק 330 מ""ל - 5% אלכוהול","איי, בי, אינבוו",,באדווייזר בירה בקבוק,,330.00,"100 מ""ל",false,1,15.00,4.45,true,1,24478
5410228267515,false,"שישיית בירה לאגר באדוויזר 6*330 מ""ל",באדווייזר Budweiser,,בירה באדווייזר 6יח,,1.98,1 ליטר,false,1,49.90,24.29,true,1,24711
5410316233446,false,וודקה סמירנוף אדום 2,דיאג'ו סקוטלנד בעמ,,וודקה סמירנוף 200 מל,,200.00,"100 מ""ל",false,1,25.00,12.35,true,1,21315
5410316983693,false,"סמירנוף אייס בקבוק 275 מ""ל",סמירנוף אייס Smirnoff ice,,סמירנוף אייס,,275.00,"100 מ""ל",false,1,22.00,7.89,true,1,993
5410316994019,false,"וודקה סמירנוף אדום 700מ""ל",דיאג'ו אופריישנס איט,,וודקה סמירנוף 700מל,,700.00,"100 מ""ל",false,1,85.00,12.10,true,1,14702
5411081003654,false,"קסטיל בירה רוז 330 מ""ל",מבשלת קסטל ואן הונסב,,קסטיל רוז 330 מל,,330.00,"100 מ""ל",false,1,12.00,3.55,true,1,29417
5411188110835,false,אלפרו חלב סויה שקדים וניל 1ל',הנסיך- מפעל לייצור ט,,אלפרו משקה שקדים 1 ל,,1.00,1 ליטר,false,1,17.00,17.00,true,1,18885
5411188112709,false,"משקה קוקוס אלפרו 1 ליטר משקה שקדים לל""ס",הנסיך- מפעל לייצור ט,,אלפרו מ.שקדים ללא.ס,,1.00,1 ליטר,false,1,17.00,17.00,true,1,23390
5411188115366,false,משקה קוקוס אלפרו 1 ליטר משקה שיבולת שועל 1 ליטר,הנסיך- מפעל לייצור ט,,אלפרו שיבולת שועל 1ל,,1.00,1 ליטר,false,1,19.00,19.00,true,1,26366
5411188115472,false,משקה סויה אלפרו 1 ליטר,הנסיך- מפעל לייצור ט,,אלפרו חלב סויה 1ל,,1.00,1 ליטר,false,1,17.00,17.00,true,1,25173
5411188120957,false,"אלפרו תערובת לבישול על בסיס קוקוס 250 מ""ל",אלפרו C.V.A,,אלפרו קוקוס לבישול,,250.00,"100 מ""ל",false,1,10.90,4.36,false,1,28187
5411188127697,false,אלפרו משקה בריסטה שיבולת שועל 1 ליטר,הנסיך- מפעל לייצור ט,,אלפרו בריסטה ש שועל,,1.00,1 ליטר,false,1,19.00,19.00,true,1,27702
5411188130031,false,אלפרו משקה סויה עם ח,Unknown,,אלפרו מ.סויה חלבון 1,,1.00,1 ליטר,false,1,19.00,19.00,false,1,25500
5411188133476,false,אלפרו משקה סויה שוקו+חלבון 250 גרם בית יוסף,אלפרו C.V.A,,אלפרו סויה שוקו 250,,250.00,100 גרם,false,1,8.20,3.28,true,1,27310
5411188133490,false,אלפרו משקה סויה קפה קרמל+חלבון 250 גרם בית יוסף,אלפרו C.V.A,,אלפרו פרוטאין ק.קרמל,,250.00,"100 מ""ל",false,1,8.20,3.28,true,1,27311
5411188134985,false,אלפרו 3.5% NOT M*LK שיבולת שועל 1 ליטר בית יוסף,הנסיך- מפעל לייצור ט,,אלפרו NM 3.5% ש.שועל,,1.00,1 ליטר,false,1,17.00,17.00,true,1,27312
5411188135005,false,אלפרו 1.8% NOT M*LK שיבולת שועל 1 ליטר בית יוסף,הנסיך- מפעל לייצור ט,,אלפרו NM ש.שועל 1.8%,,1.00,1 ליטר,false,1,17.00,17.00,true,1,27313
5411188511137,false,"משקה סויה אורגני ללת""ס1ל",תות תעשיות מזון (201,,אלפרו משקה סויה 1ל,,1.00,1 ליטר,false,1,17.00,17.00,true,1,26367
5411188513483,false,"סויה לבישול 14% שומן אלפרו 250 מ""ל",אלפרו C.V.A,,אלפרו סויה לבישול14%,,250.00,"100 מ""ל",false,1,9.90,3.96,false,1,28188
5411188543398,false,אלפרו משקה סויה ללא סוכר 1 ליטר,הנסיך- מפעל לייצור ט,,אלפרו סויה ל.סוכר,,1.00,1 ליטר,false,1,17.00,17.00,true,1,25149
5411686700118,false,בירה ליפמנס פרוטס בתוספת,אודנרד,,ליפמנס פ.רוקס 250מל,,250.00,"100 מ""ל",false,1,21.00,8.28,true,1,28806
5413149655522,false,"אבקת כביסה שושן צחור 1.25 ק""ג אריאל",פרוקטר אנד גמבל,,אריאל א.כ שושן צחור,,1.25,"1 ק""ג",false,1,22.00,17.60,true,1,10033
5450524055997,false,מרילנד אדום -פאקט,Unknown,,מרילנד אדום -פאקט,,0.00,,false,1,275.00,0.00,false,1,19306
5450524056017,false,מרילנד בלו,Unknown,,מרילנד בלו,,0.00,,false,1,275.00,0.00,false,1,28036
5701932026964,false,"הוטפופ גרעיני תירס להכנת פופקורן במיקרוגל בטעם טבעי, בתוספת מלח, 600 גרם",ליימן מותגים,,הוטפופ מלוח 600 גר,,600.00,100 גרם,false,1,24.90,4.15,true,1,9373
5701932026971,false,הוטפופ גרעיני תירס להכנת פופקורן במיקרוגל בטעם חמאה 600 גרם,ליימן מותגים,,הוטפופ פופקורן חמאה,,600.00,100 גרם,false,1,24.90,4.15,true,1,742
5701932026995,false,"הוטפופ גרעיני תירס להכנת פופקורן במיקרוגל בטעם טבעי מופחת שומן, 510 גרם",קריניציה ויטמינה אס,,הוטפופ לייט 510 גר,,510.00,100 גרם,false,1,24.90,4.88,true,1,9374
5710840126130,false,טבק לעישון באלי תכלת,Unknown,,טבק באלי שאג תכלת,,0.00,,false,1,99.00,0.00,false,1,17665
5710840186615,false,באלי סילבר אמריקן בל,Unknown,,באלי סילבר 40 גר,,0.00,,false,1,99.00,0.00,true,1,27795
5710840209437,false,טבק באלי נטוראל 40 גרם,סקמדינביין טובקו,,טבק באלי נטורל 40גר,,0.00,,false,1,99.00,0.00,false,1,23886
5710840210013,false,באלי לבן סופר עדין 40גרם,סקמדינביין טובקו,,טבק באלי לבן40גר,,0.00,,false,1,99.00,0.00,false,1,23887
5710840210136,false,טבק באלי ראונדד 40 ג,סקמדינביין טובקו,,באלי אדום 40 גר,,0.00,,false,1,99.00,0.00,true,1,24127
5710840210167,false,באלישג וירג'יניה 40 גרם,סקנדינביין טובקו,,באלי צהוב 40 גר,,0.00,,false,1,99.00,0.00,false,1,24128
5740900403215,false,ממרח מחמאת לורפק עם מלח 250 ג',ארלה פודס אמבה,,לורפק חמאה עם מלח250,,250.00,100 גרם,false,1,19.00,7.60,true,1,23609
5740900403239,false,ממרח לורפק ללא תוספת מלח 250 גר,ארלה פודס אמבה,,לורפק חמאה ללא מלח,,250.00,100 גרם,false,1,20.00,8.00,true,1,23658
5740900403284,false,חמאה ללא מלח 200 גרם לורפק כשרות או קיי,ארלה פודס אמבה,,לורפק חמאה ללא מלח,,200.00,100 גרם,false,1,12.50,6.25,true,1,24869
5740900403864,false,חמאה +מלח 200 גרם לורפק כשרות או קיי,ארלה פודס אמבה,,לורפק חמאה מלח 200 ג,,200.00,100 גרם,false,1,12.50,6.25,true,1,27309
5900020015181,false,חטיף דגנים שוקולד 6* 23.5 ג' פיטנס,מיוצר עי קונדיטוריית,,פיטנס בר אישי שוקולד,,25.00,100 גרם,false,1,6.00,24.00,true,1,11840
5900020018892,false,חטיף בטעם קרם עוגיות 6*23.5 ג' פיטנס,לוביץ',,פיטנס קרם עוגיות,,25.00,100 גרם,false,1,6.00,24.00,true,1,27797
5900020025807,false,נסטלה - דגני סיני מיניס 375 גרם,סי. פי. פולין,,סיני מיניס 375 גרם,,375.00,100 גרם,false,1,15.90,4.24,true,1,22432
5900020026552,false,דגני בוקר האני נאט צ'יריוס בטעם דבש ושקדים,נסטלה צרפת איטנקורט,,האני נאט ציריוס חדש,,625.00,100 גרם,false,1,29.90,4.78,true,1,18864
5900020026859,false,צ'ריוס האני נאט 375 גרם,סי. פי. צרפת,,צריוס האני נאט 375ג,,375.00,100 גרם,false,1,15.90,4.24,true,1,22591
5900020039132,false,דגני בוקר צ'יריוס משיבולת שועל בטעם תפוח עץ קינמון,סי. פי. פולין,,ציריוס תפוח קינמון,,320.00,100 גרם,false,1,19.00,5.94,true,1,27030
5900020039613,false,חטיף דגנים שקדים ודבש 6*23.5 ג' פיטנס,נסטלה,,פיטנס שקדים ודבש,,25.00,100 גרם,false,1,6.00,24.00,true,1,27798
5900020041142,false,קורנפלקס פיטנס 500 ג' אסם,סי.פי.פולין,,פיטנס קורנפלקס,,500.00,100 גרם,false,1,20.00,4.00,true,1,29812
5900617035882,false,חטיף חלבון נוטרישיין בטעם שוקולד,סיטי תוספי מזון,,נוטרישיין טעם שוקולד,,50.00,100 גרם,false,1,12.90,25.80,true,1,29198
5900617035905,false,חטיף חלבון נוטרישיין בטעם קרמל מלוח,סיטי תוספי מזון,,נוטרישיין קרמל מלוח,,50.00,100 גרם,false,1,12.90,25.80,true,1,29199
5900617035929,false,חטיף חלבון נוטרישיין בטעם וניל תות יער,סיטי תוספי מזון,,נוטרישיין וניל ת.יער,,50.00,100 גרם,false,1,12.90,25.80,true,1,29208
5900951283963,false,חטיף סניקרס עם חמאת בוטנים Creamy Peanut Butter,סנו מפעלי ברונוס.,,סניקרס ח.בוטנים,,36.50,100 גרם,false,1,6.50,17.81,true,1,27929
5902198160403,false,XL משקה אנרגיה מוגז ללא סוכר עד 10 קלוריות לפחית 250 מל,"טמפו משקאות בע""\מ",,משקה אנרגיהXL TEN,,250.00,"100 מ""ל",false,1,8.90,3.44,true,1,19450
5903141006694,false,ווג פריזון מנטול עשירייה,Unknown,,ווג פריזון מנטה פאקט,,0.00,,false,1,382.00,0.00,false,1,24822
5903141082766,false,פאל מאל כחול דמי סלימס עשיריה,Unknown,,פאל מאל דמי כחול פ,,0.00,,false,1,257.00,0.00,false,1,21723
5903141082780,false,פאל מאל סילבר דמי סלימס עשיריה,Unknown,,פאל מאל דמי סילבר פא,,0.00,,false,1,257.00,0.00,false,1,21724
5904941750312,false,"משקה אנרגיה BLU מוחיטו בודד 250 מ""ל",אקו - ביט,,בלו מוחיטו 250 מל,,250.00,"100 מ""ל",false,1,8.90,3.44,true,1,14663
5904941751241,false,"משקה אנרגיה BLU דיי סיקס ללא סוכר 250 מ""ל",אקו - ביט,,בלו דיי 6 קלוריות,,250.00,"100 מ""ל",false,1,5.00,1.88,true,1,24939
5904941751302,false,"משקה אנרגיה בלו 250 מ""ל- בודד",אקו - ביט,,בלו משקה אנרגיה,,250.00,"100 מ""ל",false,1,8.90,3.44,true,1,10390
5904941751371,false,"בלו אקזוטי (מלון תפוח) 250 מ""ל בודד",Unknown,,בלו די אקזוטיק,,250.00,"100 מ""ל",false,1,8.90,3.44,true,1,20188
5904941751524,false,"משקה אנרגיה BLU DAY אבטיח בודד 250 מ""ל",אקו - ביט,,בלו די אבטיח 250 מל,,250.00,"100 מ""ל",false,1,8.90,3.44,true,1,14741
5904941751920,false,בלו משקה אנרגיה דיי חצי מכמות הקלו250 מל,אקו - ביט,,בלו דיי מ.אנרגיה,,250.00,"100 מ""ל",false,1,8.90,3.44,true,1,12531
5906485301012,false,"משקה אנרגיה XL פחית 250 מ""ל","טמפו משקאות בע""מ",,משקה אנרגיהXL,,250.00,"100 מ""ל",false,1,8.90,3.44,true,1,5456
5908302600377,false,כסא ים,Unknown,,כסא ים,,0.00,,false,1,69.00,0.00,false,1,23568
5948530002130,false,ווג סופרסלימס כחול עשירייה,Unknown,,ווג לידי כחול פאקט,,0.00,,false,1,382.00,0.00,false,1,12626
5948530002147,false,ווג סופרסלימס לילך עשירייה,Unknown,,ווג לידי לילך -פאקט,,0.00,,false,1,382.00,0.00,false,1,12625
5997270730315,false,ש.עצי ריח דובדבן,Unknown,,ש.עצי ריח דובדבן,,0.00,,false,1,10.00,0.00,false,1,23062
5997270730322,false,ש.עצי ריח מסטיק,Unknown,,ש.עצי ריח מסטיק,,0.00,,false,1,10.00,0.00,false,1,23063
5997270730339,false,ש.עצי ריח יהלום שחור,Unknown,,ש.עצי ריח יהלום שחור,,0.00,,false,1,10.00,0.00,false,1,23064
5997270780044,false,ש.עצי ריח וניל,Unknown,,ש.עצי ריח וניל,,0.00,,false,1,10.00,0.00,false,1,23065
5997270780051,false,ש.עצי ריח רכב חדש,Unknown,,ש.עצי ריח רכב חדש,,0.00,,false,1,10.00,0.00,false,1,23066
5997270780068,false,ש.עצי ריח אריג צחור,Unknown,,ש.עצי ריח אריג צחור,,0.00,,false,1,10.00,0.00,false,1,23067
5997270780075,false,ש.עצי ריח קוקוס,Unknown,,ש.עצי ריח קוקוס,,0.00,,false,1,10.00,0.00,false,1,23068
5999071007719,false,מצת אלקטרוני חדש,Unknown,,מצת אלקטרוני חדש,,0.00,,false,1,4.00,0.00,true,1,27914
6001051001514,false,לבלו אוכמניות בודד 5.5מל,אלפא,,לבלו שפתון אוכמניות,,4.80,100 גרם,false,1,13.90,289.58,true,1,25502
6001067022558,false,מברשת שיניים קולגייט אקסטרה קלין,קולגייט פלמוליב,,קולגייט אקסטרא בודד,,1.00,יחידה,false,1,7.90,7.90,true,1,12861
6008165003984,false,סיגריות פאל מאל כחול סטרים פילט בודד,אמריקן גרדן,,פאל מאל כחול טיוב,,0.00,,false,1,30.50,0.00,false,1,15403
6008165271192,false,סיגריות פאל מל ארוך אדום בודד,אמריקן גרדן,,פאל מאל אדום ארוך ח,,0.00,,false,1,30.50,0.00,false,1,15122
6008165274629,false,פאל מאל כחול ארוך סטרים פילטר חפיסה,יושלם,,פאל מאל טיוב ארוך כח,,0.00,,false,1,30.50,0.00,false,1,17212
6008165276098,false,סיגריות רוטמנס כחול,Unknown,,רוטמנס כחול חפיסה,,0.00,,false,1,29.00,0.00,false,1,20331
6008165276128,false,סיגריות רוטמנס כחול,Unknown,,רוטמנס כחול פאקט,,0.00,,false,1,277.00,0.00,false,1,28047
6010528824846,false,עוגיות בטעם חמאה 227 ג' שקית רב סגר,Unknown,,עוגיות בטעם חמאה,,227.00,100 גרם,false,1,9.90,4.36,true,1,27543
6412709021660,false,פינלנדיה 375 מל,Unknown,,פינלנדיה 375 מל,,375.00,"100 מ""ל",false,1,62.90,16.69,true,1,26845
6540056915566,false,מסכות כירורגיות 50 י,Unknown,,מארז מסיכות,,50.00,יחידה,false,1,19.90,0.40,false,1,25051
6908235694404,false,אוזניות מיקרופון אוניברסליות,ארטוס,,אוזניות אוניברסליות,,0.00,,false,1,29.90,0.00,false,1,21449
6923432585010,false,תרסיס תיקון פנצר,Unknown,,תרסיס תיקון פנצר,,450.00,"100 מ""ל",false,1,15.00,3.33,true,1,18746
6924994135057,false,מארז מסכות 50יח,Unknown,,מארז מסכות 50יח,,50.00,יחידה,false,1,19.90,0.40,false,1,24805
6928542902795,false,פרש דפי ריענון כחול,שאטו בלוו,,פרש ד.רענון פפרמינט,,14.40,100 גרם,false,1,8.90,61.81,true,1,28619
6928542902801,false,פרש דפי ריענון מנטה,שאטו בלוו,,פרש ד.רענון ספירמנט,,14.40,100 גרם,false,1,8.90,61.81,true,1,28620
6928542902818,false,דפי רענון מנטה אדום,שאטו בלוו,,פרש דפי רענון תות,,14.40,100 גרם,false,1,8.90,61.81,true,1,28621
6935347607329,false,כ.הגה M אלקנטרה שחור,Unknown,,כ.הגה M אלקנטרה שחור,,0.00,,false,1,45.00,0.00,true,1,18747
6935347607411,false,מכסה דלק אוניברסלי,Unknown,,מכסה דלק אוניברסלי,,0.00,,false,1,10.00,0.00,true,1,18748
6935347607787,false,מדחס מתכת HD,Unknown,,מדחס מתכת HD,,0.00,,false,1,179.00,0.00,false,1,24673
6956583171528,false,בריכה מתנפחת ארטוס,Unknown,,בריכה מתנפחת ארטוס,,0.00,,false,1,99.00,0.00,false,1,25036
6958211252876,false,שום ייבוא ליח,עטרה,,שום ייבוא ליח,,200.00,100 גרם,false,1,7.90,3.95,true,1,26515
6971578990625,false,HQD סיגריה אלקטרוני,shenzhen shengsi,,ס.א תפוח HQD,,0.00,,false,1,99.00,0.00,false,1,27780
6971578992155,false,HQD שאיפות בננה,Unknown,,HQD שאיפות בננה,,0.00,,false,1,99.00,0.00,false,1,29008
6971578993220,false,ס.א אבטיח אייס HQD,Unknown,,ס.א אבטיח אייס HQD,,0.00,,false,1,99.00,0.00,false,1,27781
6971578993503,false,HQD מיאמי ויייס,Unknown,,HQD מיאמי ויייס,,0.00,,false,1,99.00,0.00,false,1,29014
6971578994272,false,ס.א מנטה אייס HQD,Unknown,,ס.א מנטה אייס HQD,,0.00,,false,1,99.00,0.00,false,1,27782
6971578994289,false,ס.אלקטרונית תות HQD,Unknown,,ס.אלקטרונית תות HQD,,0.00,,false,1,52.90,0.00,false,1,27783
6971578994296,false,ס.א אננס אייס HQD,Unknown,,ס.א אננס אייס HQD,,0.00,,false,1,52.90,0.00,false,1,27784
6971578994302,false,ס.אלקטרונית מלון HQD,Unknown,,ס.אלקטרונית מלון HQD,,0.00,,false,1,52.90,0.00,false,1,27785
6971578994340,false,HQD סיגריה אלקטרוני,shenzhen shengsi,,ס.א מנגו אייס HQD,,0.00,,false,1,99.00,0.00,false,1,27786
6971578994425,false,ס.א ענבים HQD,Unknown,,ס.א ענבים HQD,,0.00,,false,1,52.90,0.00,false,1,27787
6971578994548,false,HQD סיגריה אלקטרוני,shenzhen shengsi,,ס.א אוכמניות HQD,,0.00,,false,1,99.00,0.00,false,1,27788
6971578996733,false,ס.א פטל אוכמניות HQD,Unknown,,ס.א פטל אוכמניות HQD,,0.00,,false,1,52.90,0.00,false,1,27789
6971578996757,false,סיגריה אלקטרונית גו,shenzhen shengsi,,HQD שאיפות גויאבה,,0.00,,false,1,99.00,0.00,false,1,29010
6971578996818,false,HQD סיגריה אלקטרוני,shenzhen shengsi,,HQD ליצי,,0.00,,false,1,99.00,0.00,false,1,29013
6971578997181,false,ס.א אוכמניות שחורות,shenzhen shengsi,,ס.א אוכמניות שחורות,,0.00,,false,1,99.00,0.00,false,1,27790
6971578998683,false,HQD סיגריה אלקטרוני,shenzhen shengsi,,HQD פירות יער,,0.00,,false,1,99.00,0.00,false,1,29011
6972595228357,false,סוללת גיבוי 10000MAH,Unknown,,סוללת גיבוי 10000MAH,,0.00,,false,1,79.00,0.00,false,1,29343
6972622640374,false,ג.מתנפח חד קרן,Unknown,,ג.מתנפח חד קרן,,0.00,,false,1,79.00,0.00,false,1,27155
6972622640381,false,גלגל מתנפח פלמינגו,Unknown,,גלגל מתנפח פלמינגו,,0.00,,false,1,79.00,0.00,false,1,27156
6973729940282,false,ס. CIGGY BAR ב.טעמים,Unknown,,ס. CIGGY BAR ב.טעמים,,0.00,,false,1,89.90,0.00,false,1,29486
6973826700345,false,ס.א אבטיח ותות HQD,Unknown,,ס.א אבטיח ותות HQD,,0.00,,false,1,52.90,0.00,false,1,27791
6973826701229,false,HQD למונדה אוכמניות,Unknown,,HQD למונדה אוכמניות,,0.00,,false,1,99.00,0.00,false,1,29009
6973826701519,false,HQD פטל לימון,Unknown,,HQD פטל לימון,,0.00,,false,1,99.00,0.00,false,1,29012
6974129603401,false,Buzz מסטיק,Unknown,,Buzz מסטיק,,0.00,,false,1,89.90,0.00,false,1,28703
6974129603418,false,Buzz בזוקה,Unknown,,Buzz בזוקה,,0.00,,false,1,89.90,0.00,false,1,28704
6974129603425,false,Buzz שיק פירות,Unknown,,Buzz שיק פירות,,0.00,,false,1,89.90,0.00,false,1,28713
6974129603432,false,Buzz פינה קולדה,Unknown,,Buzz פינה קולדה,,0.00,,false,1,89.90,0.00,false,1,28785
6974129603449,false,buzz תות,Unknown,,buzz תות,,0.00,,false,1,89.90,0.00,false,1,28706
6974129603456,false,Buzz מנגו,Unknown,,Buzz מנגו,,0.00,,false,1,89.90,0.00,false,1,28707
6974129603470,false,Buzz בננה,Unknown,,Buzz בננה,,0.00,,false,1,89.90,0.00,false,1,28714
6974129603487,false,Buzz סוכריה,Unknown,,Buzz סוכריה,,0.00,,false,1,89.90,0.00,false,1,28708
6974129603494,false,Buzz אננס,Unknown,,Buzz אננס,,0.00,,false,1,89.90,0.00,false,1,28709
6974227021206,false,ס.אלקטרונית אוכמניות,Unknown,,ס.אלקטרונית אוכמניות,,0.00,,false,1,49.90,0.00,false,1,28214
6974227021213,false,ס.אלקטרונית אבטיח,Unknown,,ס.אלקטרונית אבטיח,,0.00,,false,1,49.90,0.00,false,1,28215
6974227021220,false,ס.אלקטרונית תות,Unknown,,ס.אלקטרונית תות,,0.00,,false,1,49.90,0.00,false,1,28216
6974227021237,false,ס.אלקטרונית קול בר,Unknown,,ס.אלקטרונית קול בר,,0.00,,false,1,49.90,0.00,false,1,28217
6974227021251,false,ס.אלקטרונית ליצי,Unknown,,ס.אלקטרונית ליצי,,0.00,,false,1,49.90,0.00,false,1,28218
6974227021268,false,ס.אלקטרונית אפרסק,Unknown,,ס.אלקטרונית אפרסק,,0.00,,false,1,49.90,0.00,false,1,28219
6974356170097,false,SWICH מ. אידוי קולה,Unknown,,SWICH מ. אידוי קולה,,0.00,,false,1,99.90,0.00,false,1,29803
6974356170103,false,SWICH מ.אידוי פטל,Unknown,,SWICH מ.אידוי פטל,,0.00,,false,1,99.90,0.00,false,1,29804
6974356170110,false,SWICH מ.אידוי תות ק,Unknown,,SWICH מ.אידוי תות ק,,0.00,,false,1,99.90,0.00,false,1,29805
6974356170127,false,SWICH מ.אידוי אייס,Unknown,,SWICH מ.אידוי אייס,,0.00,,false,1,99.90,0.00,false,1,29806
6974356170134,false,SWICH מ.אידוי תות,Unknown,,SWICH מ.אידוי תות,,0.00,,false,1,99.90,0.00,false,1,29807
6974678291944,false,Qweet ענבים 2500,Unknown,,Qweet ענבים 2500,,0.00,,false,1,59.90,0.00,false,1,29472
6974678291951,false,Qweet אבטיח 2500,Unknown,,Qweet אבטיח 2500,,0.00,,false,1,59.90,0.00,false,1,29473
6974678291968,false,Qweet פטל 2500,Unknown,,Qweet פטל 2500,,0.00,,false,1,59.90,0.00,false,1,29474
6974678291975,false,Qweet מנגו 2500,Unknown,,Qweet מנגו 2500,,0.00,,false,1,59.90,0.00,false,1,29475
6974678291982,false,Qweet אוכמניות 2500,Unknown,,Qweet אוכמניות 2500,,0.00,,false,1,59.90,0.00,false,1,29476
6974678291999,false,Qweetתות וקיווי 2500,Unknown,,Qweetתות וקיווי 2500,,0.00,,false,1,59.90,0.00,false,1,29477
6974678292002,false,Qweet אהבה 66 2500,Unknown,,Qweet אהבה 66 2500,,0.00,,false,1,59.90,0.00,false,1,29478
6974678292019,false,Qweet אל פטרון 2500,Unknown,,Qweet אל פטרון 2500,,0.00,,false,1,59.90,0.00,false,1,29479
6974678292026,false,Qweetלימון תפוז 2500,Unknown,,Qweetלימון תפוז 2500,,0.00,,false,1,59.90,0.00,false,1,29480
6974678292033,false,Qweet דובדבן 2500,Unknown,,Qweet דובדבן 2500,,0.00,,false,1,59.90,0.00,false,1,29481
6974706640027,false,סיגריה אלקטרונית סמא,shenzhen hot technol,,SMART3000 אבטיח אייס,,0.00,,false,1,89.90,0.00,false,1,29467
7280109380880,false,ריידר מתנפח ליוויתן,Unknown,,ריידר מתנפח ליוויתן,,0.00,,false,1,69.00,0.00,false,1,27157
7280138800007,false,"פחם דרום אמריקאי 2 ק""ג",Unknown,,פחם הגחל הדליק חדש,,2.00,"1 ק""ג",false,1,21.90,10.95,true,1,24591
7290000000374,false,"פטריות שמפיניון בד""ץ (רביבים)",חוות השמפיניון,,פטריות שמפיניון ליח,,250.00,100 גרם,false,1,12.90,5.16,true,1,22280
7290000000411,false,שום יבש יבוא רמי לוי,אראל תוצרת חקלאית בע,,שום יבש,,200.00,100 גרם,false,1,9.90,4.95,true,1,24113
7290000000794,false,סלרי אמריקאי קצוץ,Unknown,,סלרי אמריקאי קצוץ,,800.00,100 גרם,false,1,7.90,0.99,true,1,27256
7290000000848,false,תירס מתוק ארוז,ביכורי השקמה,,תירס ארוז,,550.00,100 גרם,false,1,12.90,2.35,true,1,20085
7290000001104,false,פטריות חורש מיני ארוז 200 ג',"מרינה פטריות הגליל בע""מ",,פטריות פורטבלה ארוז,,250.00,100 גרם,false,1,12.90,5.16,true,1,14603
7290000007413,false,כוס חדפ היטל 10אג,Unknown,,כוס חדפ היטל 10אג,,3000.00,יחידה,false,1,0.10,0.00,false,1,7930
7290000008700,false,פיקדון מעין,Unknown,,פיקדון מעין,,0.00,,false,1,0.30,0.00,false,1,28228
7290000010474,false,בקבוק רימונדה 330מל,Unknown,,בקבוק רימונדה 330מל,,330.00,"100 מ""ל",false,1,8.00,2.42,false,1,25172
7290000018004,false,פיקדון בקבוק תנובה,Unknown,,פיקדון בקבוק תנובה,,0.00,,false,1,0.30,0.00,false,1,29825
7290000023007,false,"ברנדי שטוק 84 37 % 750 מ""ל","יקבי ברקן בע""ם",,ברנדי סטוק 84,,750.00,"100 מ""ל",false,1,95.00,12.63,true,1,524
7290000023083,false,ערק אשקלון 40% בקבוק,"יקבי ברקן בע""\מ",,ערק אשקלון 700מל,,700.00,"100 מ""ל",false,1,68.00,9.67,true,1,16518
7290000023809,false,"יין קלאסיק קברנה סוביניון ברקן 750 מ""ל",יקבי ברקן שיווק והפצה בע,,ברקן קברנה קלאסיק750,,750.00,"100 מ""ל",false,1,38.00,5.03,true,1,1544
7290000023816,false,"יין קלאסיק אמרלד ריזלינג ברקן 750 מ""ל",יקבי ברקן שיווק והפצה בע,,ברקן אמרלד ריזלינג,,750.00,"100 מ""ל",false,1,38.00,5.03,true,1,1545
7290000023977,false,"יין ברקן קלאסיק מרלו 750 מ""ל",יקבי ברקן שיווק והפצה בע,,ברקן מרלו קלאסיק 750,,750.00,"100 מ""ל",false,1,38.00,5.03,true,1,2927
7290000024264,false,"יין ברקן רזרב מרלו 750 מ""ל","כרמי צבי - אחים סגל בע""\",,ברקן רזרב מרלו,,750.00,"100 מ""ל",false,1,50.00,6.63,true,1,5743
7290000024523,false,"תירוש של סגל ,מיץ ענבים , 1 ליטר",כרמי צבי - האחים סגל,,תירוש של סגל 1 ליטר,,1.00,1 ליטר,false,1,16.90,16.60,true,1,17653
7290000038925,false,כרטיס 012 MSIM,Unknown,,כרטיס 012 MSIM,,0.00,,false,1,38.60,0.00,true,1,13644
7290000038926,false,טונה אדומה טרייה לקג,Unknown,,כרטיסUSIM 012,,0.00,,false,1,38.60,0.00,true,1,13645
7290000039794,false,כרטיס 012 nano sim,Unknown,,כרטיס 012 nano sim,,0.00,,false,1,38.60,0.00,true,1,14100
7290000040042,false,יופלה יוגורט תות %3 גביע 150 גרם,תנובה חלב,,יופלה תות 3% 150 מל,,150.00,"100 מ""ל",false,1,5.70,3.80,true,1,1487
7290000040066,false,יוגורט יופלה דובדבן 3% שומן 150 גרם,תנובה מרכז שיתופי לש,,יופלה דובדבן 3% 150מ,,150.00,"100 מ""ל",false,1,5.70,3.80,true,1,1489
7290000040080,false,יופלה יוגורט אפרסק %3 גביע 150 גרם,תנובה בעמ,,יופלה אפרסק,,150.00,"100 מ""ל",false,1,5.70,3.80,true,1,5557
7290000040301,false,תנובה עין גדי קממבר מחלב בקר 24% שומן,תנובה מרכז שיתופי לש,,עין-גדי קממבר גבינה,,125.00,100 גרם,false,1,22.90,18.32,true,1,9652
7290000040318,false,גבינת ברי 24% קולאז עדי תנובה 125 ג',תנובה מרכז שיתופי לש,,גבינת ברי 24%,,125.00,100 גרם,false,1,22.90,18.32,true,1,9536
7290000040974,false,חלב דל לקטוז 2% תנובה קרטון 1 ליטר,תנובה מרכז שיתופי לש,,חלב דל לקטוז 2% 1 ל,,1.00,1 ליטר,false,1,7.40,7.40,true,1,16988
7290000041407,false,"גיל לבן 3% תנובה 125 מ""ל בד""צ",תנובה מרכז שיתופי לש,,גיל 3% 125מל,,125.00,"100 מ""ל",false,1,0.91,0.73,true,1,26472
7290000041445,false,קוטג תנובה גביע 250 גרם 5% בדצ,מיוצר עי קונדיטוריית,,תנובה קוטג 5% בדצ,,250.00,100 גרם,false,1,6.00,2.40,true,1,12693
7290000041452,false,קוטג תנובה גביע 250 גרם 9% בדצ,תנובה מרכז שיתופי לש,,קוטג תנובה גביע 250ג,,250.00,100 גרם,false,1,6.00,2.40,false,1,28572
7290000041858,false,"שמנת חמוצה 15% יטבתה 200 מ""ל מהדרין",מחלבת יטבתה,,שמנת חמוצה מועשרת15%,,200.00,"100 מ""ל",false,1,2.70,1.35,false,1,562
7290000042008,false,חלב תנובה טרי 3% שקית 1 ל',"תנובה, מחלבת רחובות",,תנובה חלב שקית 3%,,1.00,1 ליטר,false,1,5.43,5.43,false,1,1776
7290000042015,false,"חלב שתייה תנובה בד""צ בשקית 1 ליטר",תנובה מרכז שיתופי לש,,תנובה חלב שקית מהדרי,,1.00,1 ליטר,false,1,5.43,5.43,false,1,3411
7290000042022,false,חלב על הבוקר1%קרט+.פקק1ל,תנובה מרכז שיתופי לש,,תנובה חלב טעם וניל1%,,1.00,1 ליטר,false,1,9.50,9.50,true,1,1505
7290000042244,false,חלב 3% שומן בכד 2 ליטר,"תנובה, מחלבת רחובות",,תנובה חלב טרי 2 ליטר,,2.00,1 ליטר,false,1,12.46,6.23,false,1,9200
7290000042367,false,חלב טרי 3% בקבוק תנובה 1 ליטר מהדרין,תנובה מרכז שיתופי לש,,חלב 3% בקבוק 1 ליטר,,1.00,1 ליטר,false,1,6.23,6.23,false,1,23411
7290000042404,false,חלב 3% בשקית יטבתה 1 ליטר מהדרין,מחלבת יטבתה,,יטבתה חלב 3% שקית 1ל,,1.00,1 ליטר,false,1,7.00,7.00,false,1,537
7290000042411,false,חלב בקרטון 3% יטבתה 1 ל',מחלבת יטבתה,,יטבתה חלב 3% 1ל-דרום,,1.00,1 ליטר,false,1,6.23,6.23,false,1,538
7290000042435,false,חלב דל שומן בקרטון+פקק תנובה 1 ליטר,תנובה מרכז שיתופי לש,,תנובה חלב בקרטון 1%,,1.00,1 ליטר,false,1,5.86,5.86,false,1,1771
7290000042442,false,"חלב תנובה טרי 3% ""תנובה"" - מוצר בפיקוח",תנובה חלב,,תנובה חלב 3% 1 ליטר,,1.00,1 ליטר,false,1,6.23,6.23,false,1,539
7290000042503,false,חלב עמיד קרטון 3% 1 ל' תנובה,תנובה מרכז שיתופי לש,,תנובה חלב עמיד 3%,,1.00,1 ליטר,false,1,8.40,8.40,true,1,540
7290000042541,false,חלב עמיד קרטון דל שומן 1 ל' %1,תנובה,,חלב עמיד 1% שומן 1ל,,1.00,1 ליטר,false,1,10.00,10.00,true,1,542
7290000042640,false,"חלב תנובה עמיד 3% קרטון 250 מ""ל",תנובה מרכז שיתופי לש,,חלב עמיד 3% 250 מל,,250.00,"100 מ""ל",false,1,3.20,1.28,false,1,29219
7290000042855,false,"שוקו בשקית 250 מ""ל ""יטבתה""",שטראוס גרופ,,יטבתה שוקו שקית 225,,225.00,"100 מ""ל",false,1,3.50,1.56,true,1,543
7290000043111,false,תנובה חמאה 200 גרם - מוצר בפיקוח,תנובה מרכז שיתופי לש,,תנובה חמאה 200 גר,,200.00,100 גרם,false,1,8.30,4.15,false,1,9540
7290000043814,false,השף הלבן שמנת להקצפה 38% שומן 250 מל - מוצר בפיקוח,תנובה מרכז שיתופי לש,,השף הלבן שמנת 38%,,250.00,"100 מ""ל",false,1,6.47,2.59,false,1,563
7290000043890,false,תנובה רויון לבן מחלב מפסוטר 1.5%,תנובה מרכז שיתופי לש,,תנובה רויון לבן 1.5%,,1.00,1 ליטר,false,1,13.90,13.90,true,1,9542
7290000043944,false,כד יוגורט תנובה 4% שומן 1.5 ליטר,מיוצר עי קונדיטוריית,,יוגורט 1.5ל 4.5%,,1.50,1 ליטר,false,1,22.00,14.67,true,1,23415
7290000044248,false,רויון בקרטון 1.5% 500 מל,תנובה,,רוויון קרטון %1.5,,500.00,"100 מ""ל",false,1,8.50,1.70,true,1,544
7290000045580,false,גבינה מותכת נעמה חורש תנובה 240 גרם,תנובה מרכז שיתופי לש,,נעמה כחול-חורש 240,,240.00,100 גרם,false,1,20.00,8.33,true,1,9740
7290000045917,false,תנובה פרומעז גבינה מותכת מחלב עיזים 23% שומן,קריות זול,,קולאז פורמעז,,200.00,100 גרם,false,1,29.90,14.95,true,1,9733
7290000046327,false,גלבוע גבינה צהובה פרוסה 22% תנובה 200 גרם,תנובה מרכז שיתופי לש,,ג.צהובה גלבוע 22%,,200.00,100 גרם,false,1,14.60,7.30,true,1,5556
7290000047546,false,השף הלבן כנען גבינה לבנה דלת נתרן 5% תנובה 500 גרם,תנובה מרכז שיתופי לש,,כנען גבינה,,500.00,100 גרם,false,1,27.00,5.40,true,1,23414
7290000048185,false,גבינה לבנה 5% תנובה 250 גרם מהדרין,מיוצר עי קונדיטוריית,,תנובה גבינה לבנה 5%,,250.00,100 גרם,false,1,4.98,1.99,false,1,1506
7290000048192,false,גבינה לבנה 9% תנובה 250 גרם מהדרין,מחלבת אלון תבור,,תנובה גבינה לבנה 9%,,250.00,100 גרם,false,1,5.30,2.12,false,1,9203
7290000048307,false,גבינת קוטג 5% עם זיתים 250ירוקים גרם,מיוצר עי קונדיטוריית,,תנובה קוטג זיתים 5%,,250.00,100 גרם,false,1,6.00,2.40,true,1,9537
7290000048413,false,פיראוס חמד גבינה מלוחה 16% שומן,תנובה מרכז שיתופי לש,,פיראוס חמד 16%,,250.00,100 גרם,false,1,21.90,8.76,true,1,9538
7290000048437,false,פיראוס צפתית 5% שומן 200 גרם,פארייפאבה אגרואינדוס,,פיראוס צפתית %200 5,,200.00,100 גרם,false,1,17.90,8.95,true,1,2137
7290000048937,false,כרטיס Triple SIM 012,Unknown,,כרטיס Triple SIM 012,,0.00,,false,1,38.60,0.00,true,1,17931
7290000051307,false,"מארז הפסקת אוכל עם דגני עוגי ומשקה חלב עמיד בטעם וניל 150 מ""ל",תנובה מרכז שיתופי לש,,הפסקת אוכל עוגי-מארז,,150.00,"100 מ""ל",false,1,10.50,7.00,true,1,8981
7290000051352,false,חלב מלא בטעם של פעם 3.4% תנובה קרטון 1 ל',הרדוף תוצרת מזון אור,,חלב מלא של פעם 1ל,,1.00,1 ליטר,false,1,9.50,9.50,true,1,10177
7290000051376,false,יוגורט יופלה דיאט אננס 0% שומן 150 גרם,תנובה מרכז שיתופי לש,,יופלה דיאט אננס ספור,,150.00,"100 מ""ל",false,1,5.70,3.80,true,1,12882
7290000051710,false,פיראוס גבינת לאבנה אסלית על בסיס יוגורט תנובה 263 גרם,"תנובה, מחלבת אלון תב",,פיראוס לבנה עם ש.זית,,263.00,100 גרם,false,1,15.90,6.05,true,1,10260
7290000052304,false,"משקה מוקה בקבוק 340 מ""ל",תנובה,,תנובה משקה מוקה340,,340.00,"100 מ""ל",false,1,8.50,2.50,true,1,11044
7290000052311,false,גבינה צהובה עמק לייט 15% שומן 200 גרם,תנובה מרכז שיתופי לש,,עמק פרוס בקופסא 15%,,200.00,100 גרם,false,1,18.80,9.40,true,1,12884
7290000052649,false,גבינת לאבנה 5% שומן 500 ג' פיראוס,תנובה מרכז שיתופי לש,,פיראוס לאבנה 5% 500ג,,500.00,100 גרם,false,1,22.90,4.58,true,1,23449
7290000052717,false,גבינת קוטג' שום שמיר 5% תנובה 250 גרם,מיוצר עי קונדיטוריית,,קוטג שום שמיר 5%,,250.00,100 גרם,false,1,6.00,2.40,true,1,19828
7290000055015,false,פיראוס גבינת פטה כבשים 5% תנובה 250 גרם,תנובה מחלבת טנא נוגה,,פיראוס פטה כבשים,,250.00,100 גרם,false,1,30.90,12.36,true,1,26475
7290000055206,false,גבינה לבנה 5% בטעם בצל מטוגן 250 ג' תנובה,מחלבת אלון תבור,,גבינה לבנה בטעם בצל,,250.00,100 גרם,false,1,6.30,2.52,true,1,13180
7290000055329,false,"משקה בוקר יוגורט 1.5% בטעם תות מלון יופלה 250 מ""ל",תנובה מרכז שיתופי לש,,יופלה משקה תות מלון,,250.00,100 גרם,false,1,6.90,2.76,true,1,12389
7290000055336,false,"משקה יוגורט 1.5% בטעם בננה אפרסק יופלה 250 מ""ל",תנובה מרכז שיתופי לש,,יופלה משקה בננה אפר,,250.00,100 גרם,false,1,6.90,2.76,true,1,12390
7290000055343,false,משקה יוגורט יופלה פירות טרופיים 250 גרם,תנובה מרכז שיתופי לש,,יופלה משקה טרופי,,250.00,100 גרם,false,1,6.90,2.76,true,1,12391
7290000055565,false,שלגונים מצופים 10 כשלפ,תות תעשיות מזון (201,,מאגדת מצופים שוקו,,600.00,100 גרם,false,1,32.00,5.33,true,1,5846
7290000055893,false,חמאה משמנת מפוסטרת 200גרם 82% כ.מהדרין - מוצר בפיקוח,תנובה מרכז שיתופי לש,,חמאה 200 גרם מהדרין,,200.00,100 גרם,false,1,8.30,4.15,false,1,23031
7290000056272,false,גבינה לבנה 5% עם זיתים ירוקים 250 ג' תנובה,תנובה מרכז שיתופי לש,,גבינה לבנה עם זיתים,,250.00,100 גרם,false,1,6.20,2.48,true,1,13175
7290000056845,false,תנובה חלב טרי 3% שומן 1.5 ליטר - מוצר בפיקוח,פארייפאבה אגרואינדוס,,תנובה חלב 3% 1.5ל,,1.50,1 ליטר,false,1,9.34,6.23,false,1,13357
7290000056890,false,שמיניית דיאט יופלה 0% טעמים שונים 150 גרם,מיוצר עי קונדיטוריית,,יופלה דיאט 8יח,,1.20,"1 ק""ג",false,1,33.00,27.50,true,1,26276
7290000056951,false,"תנובה, השף הלבן, שמנת לבישול 15% שומן 500 מל",תנובה מרכז שיתופי לש,,השף הלבן ש.לבישול15%,,500.00,"100 מ""ל",false,1,17.90,3.58,true,1,26213
7290000056968,false,"שמנת עמידה מתוקה לקצפת 38% תנובה 500מ""ל",תנובה,,שף לבן ש.מתוקה38%,,500.00,"100 מ""ל",false,1,12.94,2.59,true,1,23451
7290000057088,false,עמק גבינה צהובה פרוסה דק דק 28% תנובה 200 גרם,תנובה מרכז שיתופי לש,,עמק דק דק 28% 200גר,,200.00,100 גרם,false,1,18.80,9.40,true,1,23452
7290000057118,false,גבינה צהובה עמק 28% שומן ואקום 400 גרם,תנובה מרכז שיתופי לש,,המעדניה של עמק 400ג,,400.00,100 גרם,false,1,25.20,6.30,true,1,23453
7290000057132,false,יוגורט תנובה טבעי 1.5% גביע 200 גרם,מחלבת אלון תבור,,יוגורט תנובה 1.5%,,200.00,100 גרם,false,1,3.60,1.80,true,1,13801
7290000057149,false,יוגורט תנובה טבעי 3% גביע 200 גרם,מיוצר עי קונדיטוריית,,יוגורט תנובה 3%,,200.00,100 גרם,false,1,3.60,1.80,true,1,13802
7290000057477,false,חלב טרי 3% הומוגני תנובה קרטון 1.5 ל',תנובה מרכז שיתופי לש,,חלב טרי 1.5 ליטר,,1.50,1 ליטר,false,1,9.34,6.23,false,1,25101
7290000057552,false,יופלה דיאט עוגת גבינה ותות 0% גביע 150ג',תנובה בעמ,,יופלה דיאט ע.גבינה,,150.00,100 גרם,false,1,5.70,3.80,true,1,14113
7290000058030,false,"שמיניית יופלה שטוזים משקה יוגורט תות 100 מ""ל",מיוצר עי קונדיטוריית,,שטוזים מ.יוגורט תות,,848.00,100 גרם,false,1,23.10,2.72,true,1,23455
7290000058047,false,שמנת להקצפה 38% 500מל מהדרין עמיד השף הלבן,תנובה מרכז שיתופי לש,,שמנת 38% מהדרין,,500.00,"100 מ""ל",false,1,12.90,2.58,true,1,29043
7290000058580,false,קוקילידה בטעם וניל עם עוגיות שוקולד גלידות נסטלה 80 גרם,נגה גלידות (גלידות נ,,קוקילידה וניל,,80.00,100 גרם,false,1,12.90,16.12,true,1,428
7290000058979,false,גיל בטעם תות 3% שומן 125 ג' תנובה,תנובה מרכז שיתופי לש,,גיל בטעם תות,,125.00,"100 מ""ל",false,1,2.00,1.60,true,1,26471
7290000060071,false,אוסם - חטיפי פריכונים מאורז מלא קלוי 80גר,"פרח תעשיות מזון בע""מ.",,פריכונים-טבעי,,80.00,100 גרם,false,1,9.90,12.38,true,1,995
7290000060088,false,בייגלה מקלות מלוחים אסם 400 גרם,מיוצר עי קונדיטוריית,,בייגלה מקלות מלוחים,,400.00,100 גרם,false,1,14.50,3.62,true,1,20088
7290000060163,false,פסטה אסם אטריות דקות 400גר,"אסם השקעות בע""מ",,אטריות דקות 400 גר,,400.00,100 גרם,false,1,9.90,2.48,true,1,9213
7290000060200,false,פסטה אסם פתיתים אפויים קוסקוס 500גר,"אסם תעשיות בע""מ",,פתיתים אפוים קוסקוס,,500.00,100 גרם,false,1,9.90,1.98,true,1,9215
7290000060217,false,פסטה מקרוני מספר 7 אסם 500 גרם,פסטה זארה,,פסטה אסם,,500.00,100 גרם,false,1,7.00,1.40,true,1,26217
7290000060248,false,פסטה אסם פתיתים תלתלים 500 גר',קריות זול,,פסטה אסם תלתלים,,500.00,100 גרם,false,1,7.00,1.40,true,1,17382
7290000060316,false,פרפקטו ספגטי מס' 8 אסם 500 גרם,אסם פרפקטו,,פרפקטו-ספגטי 500 גר,,500.00,100 גרם,false,1,8.90,1.78,true,1,9305
7290000060330,false,פרפקטו פרפקטו ספיראלי גירף 500 גר,אסם פרפקטו,,פרפקטו ספרילי 500 ג,,500.00,100 גרם,false,1,8.90,1.78,true,1,9272
7290000060408,false,פסטה אסם פתיתים אפויים טבעות 500 גר,"אסם השקעות בע""\מ",,פסטה פתיתים טבעות500,,500.00,100 גרם,false,1,9.90,1.98,true,1,25834
7290000060576,false,פתיתים אפויים כוכבים אסם 500 גרם,"אסם השקעות בע""\מ",,פסטה פתיתים כוכב 500,,500.00,100 גרם,false,1,9.90,1.98,true,1,12730
7290000060781,false,פסטה אסם פתיתים מסולסלים 500גר,קריות זול,,פסטה מסולסלים 500 גר,,500.00,100 גרם,false,1,7.00,1.40,true,1,9306
7290000060811,false,טילון אקסטרים מטבע ענק שוקולד נסטלה 120 גרם,תות תעשיות מזון (201,,אקסטרים מטבע ענק,,120.00,100 גרם,false,1,12.90,10.75,true,1,14404
7290000060828,false,פסטה קרניים בינוניות אסם 500 גרם,קריות זול,,פסטה קרניים בינוני,,500.00,100 גרם,false,1,7.00,1.40,true,1,9312
7290000060842,false,פסטה אסם פתיתים צדפים גדולים 500גר,פסטה זארה,,פסטה צדפים גדול 500,,500.00,100 גרם,false,1,7.00,1.40,true,1,9324
7290000060859,false,פסטה אסם פתיתים צדפים קטנים 500גר,פסטה זארה,,פסטה צדף קטן 500 גר,,500.00,100 גרם,false,1,7.00,1.40,true,1,9325
7290000060880,false,פסטה ספגטי מספר 8 אסם 500 גרם,פסטה זארה,,ספגטי אסם -500 גר,,500.00,100 גרם,false,1,7.00,1.40,true,1,9307
7290000060903,false,פסטה אסם פתיתים אפויים אורז 500גר,"אסם השקעות בע""\מ",,פתיתים אפוים אורז,,500.00,100 גרם,false,1,9.90,1.98,true,1,9273
7290000060965,false,פסטה אסם אטריות רחבות 400גר,"אסם השקעות בע""\מ",,אטריות רחבות 400 גר,,400.00,100 גרם,false,1,9.90,2.48,true,1,9327
7290000060972,false,פסטה אסם אטריות דקיקות 400 גרם,פסטה זארה,,איטריות דקיקות 400 ג,,400.00,100 גרם,false,1,9.90,2.48,true,1,9311
7290000061061,false,קרקר חיטה עם בצל אסם,"אסם השקעות בע""\מ",,קרקר בצל,,250.00,100 גרם,false,1,13.50,5.40,true,1,9473
7290000061085,false,"רוטב צילי מתוק 290 מ""ל-בקבוק","אסם השקעות בע""\מ",,רוטב צילי מתוק,,290.00,"100 מ""ל",false,1,12.90,4.45,true,1,9479
7290000061108,false,"רוטב טריאקי 290 מ""ל-בקבוק","אסם השקעות בע""\מ",,רוטב טריאקי 290 מל,,290.00,"100 מ""ל",false,1,12.90,4.45,true,1,9302
7290000061245,false,עוגיות שוקוצ'יפס במילוי שוקולד אסם 220 גרם,מיוצר עי קונדיטוריית,,עוגיות שוקולד ציפס,,220.00,100 גרם,false,1,15.90,7.23,true,1,9310
7290000061764,false,קפה נמס מגורען רד מאג 200 גרם,נסטלה ספרד קפה,,רד מאג נסקפה 200,,200.00,100 גרם,false,1,29.00,14.50,true,1,637
7290000063102,false,אסם קמח עוגה תופח מאליו 350 גרם,"אסם השקעות בע""\מ",,קמח תופח אסם 350 גר,,350.00,100 גרם,false,1,5.90,1.69,true,1,9300
7290000063140,false,שקדי מרק רכיבים טבעיים בשקית 400 ג' אסם,"אסם תעשיות בע""מ",,שקדי מרק שקית 400 גר,,400.00,100 גרם,false,1,15.90,3.98,true,1,9381
7290000063157,false,"קמח עוגה תופח מאליו אסם 1 ק""ג","אסם השקעות בע""\מ",,קמח עוגה תופח 1 קג,,1.00,"1 ק""ג",false,1,11.50,11.50,true,1,9214
7290000064758,false,קוסקוס בינוני אמיתי אסם 350 ג',"מיוצר ע""י קוד יצרן K",,קוסקוס אמיתי בשקית,,350.00,100 גרם,false,1,9.90,2.83,true,1,9236
7290000064871,false,"אוסם - מנה חמה פירה תפו""א עם בצל 56 גרם","אסם השקעות בע""מ",,מנה חמה פירה ובצל,,56.00,100 גרם,false,1,10.00,17.86,true,1,728
7290000065090,false,מיני קרוטונים מתובלים למרק ולסלט אסם 400 גרם,עינת תעשיות מזון אגו,,קרוטונים למרק - מיני,,400.00,100 גרם,false,1,27.90,6.98,true,1,9331
7290000065335,false,אוסם - מנה חמה פירה עם ירקות 55 גרם,"אסם תעשיות בע""מ",,מנה חמה פירה+ירקות,,55.00,100 גרם,false,1,10.00,18.18,true,1,593
7290000065557,false,אוסם - מנה חמה קוסקוס עם ירקות 84 גרם,"אסם תעשיות מזון בע""מ",,מנה חמה קוסקוס וירקו,,84.00,100 גרם,false,1,10.00,11.90,true,1,595
7290000065977,false,אסם חטיפי פריכונים תירס שומשום 80 גרם,"פרח תעשיות מזון בע""מ.",,פריכוני תירס שומשום,,80.00,100 גרם,false,1,9.90,12.38,true,1,10902
7290000066134,false,ביסלי חטיף בטעם פלאפל אסם 70 גרם,"אסם השקעות בע""\מ",,ביסלי פלאפל 70 גר,,70.00,100 גרם,false,1,7.50,10.71,true,1,347
7290000066141,false,ביסלי חטיף בטעם גריל אסם 70 גרם,"אסם השקעות בע""\מ",,ביסלי גריל 70 גר,,70.00,100 גרם,false,1,7.50,10.71,true,1,348
7290000066172,false,ביסלי חטיף בטעם פיצה אסם 70 גרם,"אסם השקעות בע""\מ",,ביסלי פיצה 70גר,,70.00,100 גרם,false,1,7.50,10.71,true,1,351
7290000066189,false,ביסלי חטיף בטעם פלאפל אסם 200 גרם,"אסם השקעות בע""\מ",,ביסלי פלאפל 200 גר,,200.00,100 גרם,false,1,12.50,6.25,true,1,352
7290000066196,false,ביסלי חטיף בטעם גריל אסם 200 גרם,מיוצר עי קונדיטוריית,,ביסלי גריל 200 גר,,200.00,100 גרם,false,1,12.50,6.25,true,1,353
7290000066202,false,ביסלי ג.ט.בצל 190 גר,מיוצר עי קונדיטוריית,,ביסלי בצל 200 גר,,200.00,100 גרם,false,1,11.90,5.95,true,1,354
7290000066226,false,ביסלי חטיף בטעם פיצה אסם 200 גרם,מיוצר עי קונדיטוריית,,ביסלי פיצה 200 גר,,200.00,100 גרם,false,1,12.50,6.25,true,1,337
7290000066264,false,דובונים חטיף תפוחי אדמה אסם 40 גרם,"אסם השקעות בע""\מ",,דובונים היסטרי 40,,40.00,100 גרם,false,1,7.00,17.50,true,1,362
7290000066295,false,אסם במבה תות מחומרים טבעיים 30גר,מיוצר עי קונדיטוריית,,במבה תות 25 גר,,30.00,100 גרם,false,1,4.50,15.00,true,1,341
7290000066318,false,במבה חטיף בוטנים אסם 80 גרם,"אסם השקעות בע""\מ",,במבה אסם 80 גר,,80.00,100 גרם,false,1,7.90,9.88,true,1,343
7290000066332,false,אפרופו חטיף תירס אסם 50 גרם,מיוצר עי קונדיטוריית,,אפרופו 50 גר,,50.00,100 גרם,false,1,8.00,16.00,true,1,356
7290000066349,false,אפרופו חטיף תירס אסם 100 גרם,מיוצר עי קונדיטוריית,,אפרופו 100 גר,,100.00,100 גרם,false,1,12.50,12.50,true,1,357
7290000066431,false,פופקו חטיף פופקורן בטעם חמאה ודבש אסם 80 גרם,מיוצר עי קונדיטוריית,,פופקו תירס 80,,80.00,100 גרם,false,1,7.60,9.50,true,1,319
7290000067070,false,עוג.מיני ממולא.שוקולד300,מיוצר עי קונדיטוריית,,עוגיות מיני שוקולד,,300.00,100 גרם,false,1,13.90,4.63,true,1,613
7290000067131,false,"ג'לי בטעם תות כשל""פ 90ג",מיוצר עי קונדיטוריית,,אסם גלי בזק תות כשלפ,,88.00,100 גרם,false,1,7.90,8.98,true,1,9987
7290000067537,false,"ביסלי גריל כשל""פ 70 גרם",מיוצר עי קונדיטוריית,,ביסלי גריל 70ג,,70.00,100 גרם,false,1,7.50,10.71,true,1,8424
7290000067544,false,פירורית זהב פירורי לחם אסם 200 גרם,עינת תעשיות מזון אגו,,פירורית זהב 200 גר,,200.00,100 גרם,false,1,7.90,3.95,true,1,9309
7290000067551,false,"ביסלי בצל כשל""פ 70 גרם",מיוצר עי קונדיטוריית,,ביסלי בצל 70גר,,70.00,100 גרם,false,1,7.50,10.71,true,1,8425
7290000067568,false,ביסלי ברביקיו 70 גרם כשלפ,מיוצר עי קונדיטוריית,,ביסלי ברביקיו,,70.00,100 גרם,false,1,7.50,10.71,true,1,8423
7290000067599,false,אוסם - מנה חמה ספגטי רוטב בולנז 65 גרם,"אסם השקעות בע""\מ",,מנה חמה ספגטי בולונז,,65.00,100 גרם,false,1,10.00,15.38,true,1,596
7290000067735,false,פרפקטו ניוקי בצקיות תפוחי אדמה 500 ג' אסם,גרנדי פסטי,,ניוקי פרפקטו,,500.00,100 גרם,false,1,15.00,3.00,true,1,9418
7290000067742,false,אסם אינסטנט פודינג וניל 80 גרם כשר לפסח,מיוצר עי קונדיטוריית,,אסם פודינג וניל כשלפ,,80.00,100 גרם,false,1,7.90,9.88,true,1,10748
7290000068138,false,אינסטנט פודינג בטעם וניל אסם 80 גרם,מיוצר עי קונדיטוריית,,פודינג וניל אסם 80ג,,80.00,100 גרם,false,1,6.90,8.62,true,1,9226
7290000068152,false,"אבקת רוטב צלי לבשר אסם כשל""פ 22 גרם","אסם השקעות בע""\מ",,אבקת רוטב צלי כשלפ,,22.00,100 גרם,false,1,5.90,26.82,true,1,10747
7290000068190,false,אסם ג'לי תות שדה צבעים טבעיים 90 גרם,מיוצר עי קונדיטוריית,,גלי בזק תות שדה,,90.00,100 גרם,false,1,7.90,8.78,true,1,9329
7290000068237,false,אבקה להכנת ג'לי בטעם פטל אסם 85 גרם,מיוצר עי קונדיטוריית,,גלי בזק פטל צמחי,,85.00,100 גרם,false,1,7.90,9.29,true,1,9330
7290000068251,false,אבקה להכנת ג'לי בטעם אננס אסם 85 גרם,מיוצר עי קונדיטוריית,,גלי בזק אננס צמחי,,85.00,100 גרם,false,1,7.90,9.29,true,1,25835
7290000068282,false,"מנה חמה תפו""א עם ירקות בגביע כלפ","אסם השקעות בע""\מ",,מ.ח פירה וירקות כלפ,,47.00,100 גרם,false,1,10.00,21.28,true,1,8326
7290000068299,false,"אסם מנה חמה פירה תפו""א ופטריות כשל""פ","אסם השקעות בע""\מ",,מ.ח פירה ופטרי כלפ,,47.00,100 גרם,false,1,10.00,21.28,true,1,8327
7290000068343,false,אסם פריכונים פרוסות קלויות מלא,"פרח תעשיות מזון בע""מ.",,פריכונים אורז מלא140,,140.00,100 גרם,false,1,10.90,7.79,true,1,1397
7290000068701,false,אסם שקדי מרק רכיבים טבע.מיכל 400 גרם,"אסם תעשיות בע""מ",,שקדי מרק 400 גר,,400.00,100 גרם,false,1,19.90,4.97,true,1,9333
7290000068770,false,במבה יום הולדת חטיף בוטנים אסם 80 גרם,"אסם השקעות בע""\מ",,במבה יום הולדת80,,80.00,100 גרם,false,1,7.90,9.88,true,1,344
7290000068787,false,במבה יום הולדת חטיף בוטנים אסם 25 גרם,מיוצר עי קונדיטוריית,,במבה יומולדת 25 גר,,25.00,100 גרם,false,1,3.90,15.60,true,1,345
7290000069258,false,פסטה פרפקטו פנה ריגאטה 500 ג' אסם,קריות זול,,פרפקטו פנה ריגאטה,,500.00,100 גרם,false,1,8.90,1.78,true,1,9419
7290000069968,false,"קמח תופח לעוגה כשל""פ200ג","אסם השקעות בע""\מ",,קמח עוגה תופח כשלפ,,200.00,100 גרם,false,1,8.90,4.45,true,1,10749
7290000070308,false,אבקת מרק עוף אמיתי בשרי אסם 400 גרם,"אסם השקעות בע""\מ",,אבקת מרק עוף במיכל,,400.00,100 גרם,false,1,29.00,7.25,true,1,10611
7290000070322,false,אבקת מרק פטריות רכיבים טבעיים אסם 400 גרם,"אסם השקעות בע""\מ",,אבקת מרק פטריות 400,,400.00,100 גרם,false,1,33.90,8.48,true,1,25832
7290000070353,false,אבקת מרק בצל רכיבים טבעיים אסם 400 גרם,"אסם השקעות בע""\מ",,אבקת מרק בצל במיכל,,400.00,100 גרם,false,1,33.90,8.48,true,1,25833
7290000070384,false,"אבקת מרק עדיף אסם 400 גר' כשל""פ","אסם השקעות בע""\מ",,אסם עדיף ח.סופר כשלפ,,400.00,100 גרם,false,1,19.90,4.97,true,1,9282
7290000071008,false,אוסם - בייגלה שטוחים מלח 60 גרם,"אסם השקעות בע""\מ",,שטוחים עם מלח 60 גר,,60.00,100 גרם,false,1,5.00,8.33,true,1,11742
7290000072067,false,במבה חטיף בוטנים במילוי קרם חלבה 60 גרם,מיוצר עי קונדיטוריית,,במבה במילוי חלבה,,60.00,100 גרם,false,1,7.90,13.17,true,1,10518
7290000072227,false,"רוטב סויה בסגנון סיני אסם 290 מ""ל","אסם השקעות בע""\מ",,רוטב סויה בסגנון סינ,,290.00,"100 מ""ל",false,1,12.90,4.45,true,1,9233
7290000072333,false,בונז'ור לחמנית דגנים 120ג',בונז'ור,,לחמנית דגנים,,0.00,,false,1,3.00,0.00,true,1,15213
7290000072623,false,קטשופ אסם בקבוק לחיץ 750 גרם,"אסם השקעות בע""מ",,קטשופ אסם ב.לחיץ 750,,750.00,100 גרם,false,1,13.90,1.85,true,1,1882
7290000072630,false,קטשופ אסם חריף 750 גרם-בקבוק,"אסם השקעות בע""מ",,קטשופ אסם חריף 750גר,,750.00,100 גרם,false,1,15.90,2.12,true,1,9287
7290000072753,false,קפה נמס מגורען טסטרס צ'ויס 200 גרם-,לוטה נסטלה קוריאה,,טסטרס צויס 200 גר,,200.00,100 גרם,false,1,36.00,18.00,true,1,3124
7290000072777,false,קפה נמס מגורען נטול קפאין טסטרס צ'ויס 200 גרם,לוטה נסטלה קוריאה,,טסטרס צויס נטול,,200.00,100 גרם,false,1,50.00,25.00,true,1,9283
7290000072968,false,דגני בוקר סיני מיניס חיטה מלאה וקינמון נסטלה 500 גרם,נסטלה פולין דגני בוק,,סיני מיניס 500 גרם,,500.00,100 גרם,false,1,29.90,5.98,true,1,9730
7290000073125,false,מנה חמה פסטה ברוטב עגבניות אסם 62 גרם,"אסם השקעות בע""\מ",,מנה חמה פסטה ועגבניו,,62.00,100 גרם,false,1,10.00,16.13,true,1,4768
7290000073750,false,מנה חמה נודלס אטר+ירקות טעם עוף 70 גרם,PUB FOODS PRESIDENT THAI,,מנה חמה נודלס עוף+יר,,70.00,100 גרם,false,1,10.00,14.29,true,1,730
7290000073767,false,מנה חמה נודלס אטר.+ירקות טעם בקר 70 גרם,PUB FOODS PRESIDENT THAI,,מנה חמה נודלס בקר,,70.00,100 גרם,false,1,10.00,14.29,true,1,592
7290000073774,false,מנה חמה נודלס אטר+ירקות טעם צילי 70 גרם,טאי רזידנט,,מנה חמה נודלס פיקנטי,,70.00,100 גרם,false,1,10.00,14.29,true,1,731
7290000074153,false,ביסקוויט פתי בר שוקולד אסם 500 גרם,מיוצר עי קונדיטוריית,,פתי בר שוקו 500 גר,,500.00,100 גרם,false,1,16.90,3.38,true,1,9289
7290000074184,false,אוסם - פתי בר בינוני 500 גרם,"אסם השקעות בע""\מ",,פתי בר קלאסי 500 גר,,500.00,100 גרם,false,1,16.90,3.38,true,1,9240
7290000074245,false,אוסם - קרם קרקר אסם 250 גרם,"אסם השקעות בע""\מ",,קרם קרקר 250 גר,,250.00,100 גרם,false,1,11.50,4.60,true,1,3342
7290000074252,false,קרקר שומשון אסם 250 גרם,"אסם השקעות בע""\מ",,קרקר שומשום,,250.00,100 גרם,false,1,11.50,4.60,true,1,9284
7290000074276,false,קרקר פיקנטי טבעון 250 ג' אסם,"אסם השקעות בע""\מ",,טיבעון קרקר פיקנטי,,250.00,100 גרם,false,1,12.50,5.00,true,1,9285
7290000074375,false,אוסם - קרקר זהב 150 גרם,"אסם השקעות בע""\מ",,קרקר זהב 150 גר,,150.00,100 גרם,false,1,9.00,6.00,true,1,599
7290000074481,false,לחמית אגוזים אסם 160 גרם,"אסם השקעות בע""\מ",,לחמית אגוזים 160גר,,160.00,100 גרם,false,1,12.90,8.06,true,1,19102
7290000074962,false,עוג.מיני שוקוצ'יפס 225גר,כרמית,,עוגיות שוקוציפס 225,,225.00,100 גרם,false,1,12.90,5.73,true,1,615
7290000075143,false,אסם עוגיות שוקוצ'יפס קלאסי 200 גרם,מיוצר עי קונדיטוריית,,עוגיות שוקוציפס 200,,200.00,100 גרם,false,1,15.90,7.95,true,1,617
7290000075204,false,אוסם - לחמית חיטה מלאה 250 גרם,"אסם השקעות בע""\מ",,לחמית חיטה מלאה 250,,250.00,100 גרם,false,1,11.50,4.60,true,1,4244
7290000075693,false,עוגת הבית שמרים בריוש שוקולד אסם 360 גרם,מיוצר עי קונדיטוריית,,ע.שמרים בריוש שוקולד,,360.00,100 גרם,false,1,22.50,6.25,true,1,16897
7290000076126,false,אוסם - בייגלה שמיניות קטנות 80 גרם,"אסם השקעות בע""\מ",,בייגלה שמיניות 80 גר,,80.00,100 גרם,false,1,5.00,6.25,true,1,372
7290000076133,false,בייגלה שמיניות קטנות עם מלח אסם 400 גרם,"אסם השקעות בע""\מ",,בייגלה שמיניות 400 ג,,400.00,100 גרם,false,1,14.50,3.62,true,1,373
7290000077017,false,עוגיות קרמוגית במילוי קרם שוקולד אסם 200 גרם,מיוצר עי קונדיטוריית,,קרמוגית שוקולד 200,,200.00,100 גרם,false,1,14.90,7.45,true,1,618
7290000077253,false,אוסם - לחמית כפרית עם דגנים מלאים 190 גרם,"אסם השקעות בע""\מ",,לחמית כפרית 190ג,,190.00,100 גרם,false,1,12.90,6.79,true,1,11447
7290000078762,false,אוסם - חטיפי פריכונים מאורז מלא בטעם דבש 80גר,סנורייס בלגיום אן. ו,,פריכונים דבש 80,,80.00,100 גרם,false,1,9.90,12.38,true,1,4698
7290000080758,false,אוסם - טוסטעים פת קלוי 100 גרם,ון דר מולן האלום,,טוסטעים פת קלויה,,100.00,100 גרם,false,1,12.50,12.50,true,1,632
7290000081663,false,"בייגלה טבעות שומשום אסם 300 גרם בד""ץ",מיוצר עי קונדיטוריית,,בייגלה שומשום 300 גר,,300.00,100 גרם,false,1,14.50,4.83,true,1,374
7290000083803,false,פ.בקבוק גלוברדנס,Unknown,,פ.בקבוק גלוברדנס,,0.00,,false,1,0.30,0.00,false,1,28050
7290000083807,false,ג.פיקדון רביעייה,Unknown,,ג.פיקדון רביעייה,,0.00,,false,1,1.20,0.00,false,1,29457
7290000098546,false,פיקדון זוג,Unknown,,פיקדון זוג,,0.00,,false,1,0.60,0.00,false,1,2336
7290000098678,false,פיקדון שישיה,Unknown,,פיקדון שישיה,,0.00,,false,1,1.80,0.00,false,1,669
7290000099748,false,פיקדון רבעיייה,Unknown,,פיקדון רבעיייה,,0.00,,false,1,1.20,0.00,false,1,5057
7290000100128,false,פירות קפואים תות סנפרוסט 300 ג',"סנפרוסט בע""מ",,סנפרוסט תות שדה קפוא,,300.00,100 גרם,false,1,22.00,7.33,true,1,24813
7290000101927,false,אוכמניות כחולות מוקפאות סנפרוסט 300 גרם,"איי, בי, אינבוו",,סנפרוסט אוכמניות כחל,,300.00,100 גרם,false,1,22.00,7.33,true,1,24817
7290000101934,false,מיקס פירות יער מוקפאות 300 ג' סנפרוסט,"איי, בי, אינבוו",,סנפרוסט תערובת פ.יער,,300.00,100 גרם,false,1,21.90,7.30,true,1,24815
7290000103457,false,"מיני כרובית 600 גרם ""סנפרוסט""","סנפרוסט בע""\מ",,מיני כרובית סנפרוסט,,600.00,100 גרם,false,1,20.00,3.33,true,1,29057
7290000103471,false,מיני ברוקולי סנפרוסט 600 גרם,"סנפרוסט בע""\מ",,מיני ברוקולי 600,,600.00,100 גרם,false,1,20.00,3.33,true,1,29058
7290000104201,false,אפונה עדינה סנפרוסט 600 גרם,"איי, בי, אינבוו",,סנפרוסט אפונה עדינה,,600.00,100 גרם,false,1,23.90,3.98,true,1,11430
7290000104676,false,אפונה קפואה סנפרוסט 800 גרם,"איי, בי, אינבוו",,סנפורסט אפונה 800גר,,800.00,100 גרם,false,1,22.90,2.86,true,1,9408
7290000104683,false,שעועית ירוקה שלמה סנפרוסט 800 גרם,"סנפרוסט בע""\מ",,סנפרוסט שעועית שלמה,,800.00,100 גרם,false,1,26.00,3.25,true,1,9409
7290000104690,false,תירס גרעינים 800 גרם סנפרוסט,"איי, בי, אינבוו",,סנפרוסט תירס גרעינים,,800.00,100 גרם,false,1,21.90,2.74,true,1,9684
7290000104713,false,פול ירוק סנפרוסט 800 גרם,"איי, בי, אינבוו",,פול ירוק סנפרוסט,,800.00,100 גרם,false,1,30.00,3.75,true,1,11434
7290000104720,false,שעועית ירוקה חתוכה סנפרוסט 800 גרם,"סנפרוסט בע""\מ",,שעועית חתוכה סנפרוסט,,800.00,100 גרם,false,1,22.90,2.86,true,1,11969
7290000104744,false,כרובית סנפרוסט 800 גרם,"סנפרוסט בע""\מ",,סנפרוסט כרובית,,800.00,100 גרם,false,1,30.00,3.75,true,1,24812
7290000104768,false,עלי תרד סנפרוסט 800 גרם,"איי, בי, אינבוו",,תרד עלים 800,,800.00,100 גרם,false,1,30.00,3.75,true,1,29059
7290000104799,false,שעועית לבנה מבושלת סנפרוסט 800 גרם,"איי, בי, אינבוו",,שעועית לבנה מבושלת,,800.00,100 גרם,false,1,23.90,2.99,true,1,12921
7290000104805,false,גרגירי חומוס מבושלים סנפרוסט 800 גרם,"איי, בי, אינבוו",,סנפרוסט גרגירי חומוס,,800.00,100 גרם,false,1,23.90,2.99,true,1,11802
7290000104836,false,שעועית ירוקה עדינה שלמה סנפרוסט 600 גרם,"סנפרוסט בע""\מ",,סנפרוסט שעועית עדינה,,600.00,100 גרם,false,1,27.90,4.65,true,1,12749
7290000107165,false,חטיף סויה אדממה סנפרוסט 400 גרם,"איי, בי, אינבוו",,סנפרוסט חטיף פ.סויה,,400.00,100 גרם,false,1,17.90,4.47,true,1,7823
7290000107189,false,תחתיות ארטישוק 400 גרם סנפרוסט,"איי, בי, אינבוו",,תחתיות ארטישוק,,400.00,100 גרם,false,1,27.00,6.75,true,1,11433
7290000107295,false,תפרחות ברוקולי סנפרוסט 800 גרם,"איי, בי, אינבוו",,סנפרוסט ברוקלי 800גר,,800.00,100 גרם,false,1,29.90,3.74,true,1,9410
7290000110844,false,"כיפלי בטעם גריל 70 גרם-בד""ץ",יוניליור ישראל מזון,,כיפלי גריל בדצ,,70.00,100 גרם,false,1,7.90,11.29,true,1,9837
7290000110851,false,"כיפלי בטעם בצל 70 גרם-בד""ץ",יוניליוור מזון,,כיפלי בצל בדצ,,70.00,100 גרם,false,1,7.90,11.29,true,1,9836
7290000111063,false,מיונז תלמה אמיתי250 גרם,יוניליוור ישראל מזון בע\,,מיונז 250,,250.00,100 גרם,false,1,9.00,3.60,true,1,25874
7290000111186,false,"מיונז אמיתי תלמה 500 גרם בד""צ",יוניליוור ישראל מזון בע\,,תלמה מיונז 500 גר,,500.00,100 גרם,false,1,13.50,2.70,true,1,9229
7290000111353,false,"מיונז אמיתי 1 ק""ג תלמה",יוניליוור ישראל מזון בע\,,מיונז 1קג,,1.00,"1 ק""ג",false,1,25.00,25.00,true,1,5594
7290000111360,false,"חרדל אמיתי תלמה 250 גרם בד""צ",יוניליוור ישראל מזו,,תלמה חרדל 250 גר,,250.00,100 גרם,false,1,8.90,3.56,true,1,9235
7290000112220,false,טחינה גולמית שומשום טהור בארכה 500 גרם,"רושדי תעשיות מזון בע""\מ",,בארכה טחינה 500,,500.00,100 גרם,false,1,18.50,3.70,true,1,10050
7290000112503,false,מרק עשיר ירקות קנור 69 גרם - שקיות,יוניליוור ישראל מזון בע\,,קנור מרק ירקות עשיר,,61.00,100 גרם,false,1,10.90,17.87,true,1,9356
7290000112619,false,אבקת מרק עוף אמיתי קנור 400 ג' כשלפ,"יוניליוור ישראל מזון בע""",,מרק עוף 400 גרם,,400.00,100 גרם,false,1,29.90,7.48,true,1,16939
7290000113180,false,"כיפלי צ'יפס בד""צ תלמה 50 ג'",יוניליור ישראל מזון,,כפלי ציפס בדצ 50 גרם,,50.00,100 גרם,false,1,7.90,15.80,true,1,9834
7290000113203,false,כיפלי צ'יפס קטשופ תלמה 50 ג',יוניליוור ישראל מזון בעמ,,כיפלי קטשופ בדצ,,50.00,100 גרם,false,1,7.90,15.80,true,1,9835
7290000116884,false,"רוטב ברביקיו קנור 300 גרם בד""צ",יוניליוור ישראל מזון בע\,,רוטב ברביקיו קנור,,350.00,100 גרם,false,1,14.50,4.14,true,1,12794
7290000116921,false,רוטב צ'ילי מתוק 340 גרם קנור,יוניליוור ישראל מזון בע\,,רוטב צילי מתוק,,370.00,100 גרם,false,1,12.90,3.49,true,1,26189
7290000117720,false,נמס בכוס פטריות קנור 21.5 גרם מארז זוגי,יוניליוור ישראל מזון בע\,,קנור נמס בכוס פטריות,,43.00,100 גרם,false,1,9.00,20.93,true,1,4265
7290000118277,false,כופתאות מצה להכנת מהירה 65 ג' קנור,יוניליוור ישראל מזון בע\,,קניידלך 65 גר,,130.00,100 גרם,false,1,14.00,10.77,true,1,10682
7290000120836,false,"מיונז אמיתי 394 גרם ""הלמנס""",קונפקו אינק' די.בי.א,,הלמנס מיונז 417 גר,,433.00,100 גרם,false,1,14.90,3.44,true,1,9582
7290000120874,false,מיונז הלמנס לייט מופחת קלוריות 424ג,"יונילוור ארה""ב - HPC",,הלמנס מיונז לייט 433,,476.00,100 גרם,false,1,14.90,3.13,true,1,9295
7290000124841,false,ורד הגליל שוקולד חלב מארז שלישיה 300 גרם,יוניליוור ישראל מזון בע\,,ורד הגליל שוק.חלב*3,,300.00,100 גרם,false,1,20.00,6.67,true,1,25936
7290000134352,false,קינמון טחון בקופ' 90 גר' טעם וריח,"תבליני טעם וריח בע""מ",,קינמון טחון 80,,90.00,100 גרם,false,1,10.90,12.11,true,1,12209
7290000134826,false,זעתר מעורב בקופ' 100 גר' טעם וריח,"תבליני טעם וריח בע""מ",,מיכל זעתר 100 גר,,100.00,100 גרם,false,1,9.50,9.50,true,1,3569
7290000134833,false,כמון טחון בקופ' 100 גר' טעם וריח,"תבליני טעם וריח בע""מ",,מיכל כמון 100 גר,,100.00,100 גרם,false,1,10.90,10.90,true,1,3570
7290000134840,false,כורכום טחון בקופ' 100 גר' טעם וריח,"תבליני טעם וריח בע""מ",,מיכל כורכום 100 גר,,100.00,100 גרם,false,1,10.90,10.90,true,1,9223
7290000134857,false,פפריקה מתוקה בקופ' 100 גר' טעם וריח,"תבליני טעם וריח בע""מ",,פפריקה מתוקה 100 גר,,100.00,100 גרם,false,1,11.90,11.90,true,1,3573
7290000134864,false,פפריקה חריפה בקופ' 100 גר' טעם וריח,"תבליני טעם וריח בע""\מ",,פפריקה חריפה במיכל,,100.00,100 גרם,false,1,10.90,10.90,true,1,12210
7290000134871,false,פלפל שחור טחון בקופ' 100 גר' טעם וריח,"תבליני טעם וריח בע""מ",,מיכל פלפל שחור 100 ג,,100.00,100 גרם,false,1,14.50,14.50,true,1,3571
7290000134987,false,פלפל שחור גרוס בקופ' 90 גר' טעם וריח,"תבליני טעם וריח בע""מ",,פלפל שחור גרוס 90 ג,,90.00,100 גרם,false,1,14.50,16.11,true,1,9225
7290000134994,false,טימין 20 גר מיכל קטן,"תבליני טעם וריח בע""מ",,טימין-מיכל קטן,,20.00,100 גרם,false,1,7.50,37.50,true,1,9802
7290000135045,false,"XL TEN משקה אנרגיה פתוח ללא סוכר 250 מ""ל","טמפו משקאות בע""\מ",,משקה אנרגיה XL תפוח,,250.00,"100 מ""ל",false,1,8.90,3.44,true,1,22887
7290000135052,false,"XL TEN משקה אנרגיה מנגו ללא סוכר 250 מ""ל","טמפו משקאות בע""\מ",,משקה אנרגיה XL מנגו,,250.00,"100 מ""ל",false,1,8.90,3.44,true,1,22888
7290000135113,false,"משקה אנרגיה XL פחית ten נענע ליים 250 מ""ל","טמפו משקאות בע""\מ",,XL נענע ליים 250,,250.00,"100 מ""ל",false,1,8.90,3.44,true,1,24146
7290000135151,false,"טמפו סודה למון ליים בקבוק 250 מ""ל",טמפו משקאות בעמ,,סודה נגיעות לימון,,275.00,"100 מ""ל",false,1,6.90,2.40,true,1,24675
7290000135168,false,"פפסי מקס ליים מארז שישייה פחית צרה 330 מ""ל","טמפו משקאות בע""מ",,פפסי מקס ליים 330*6,,1.98,1 ליטר,false,1,26.90,12.68,false,1,25467
7290000135175,false,פפסי מקס ליים -משקה קולה מוגז גל קלוריות,אלפא \n S.A,,פפסי מקס לימון פחית,,330.00,"100 מ""ל",false,1,6.90,2.00,true,1,24676
7290000135182,false,"מארז 7 אפ פרי דל קלוריות בטעם לימון ליים פחית צרה 330 מ""ל*6 יח'","טמפו משקאות בע""מ",,סבן אפ דיאט 330*6,,1.98,1 ליטר,false,1,26.90,12.68,true,1,28585
7290000135342,false,"מי סודה טמפו בקבוק 500 מ""ל","טמפו משקאות בע""\מ",,סודה 500 מל בקבוק,,500.00,"100 מ""ל",false,1,6.90,1.32,true,1,29579
7290000135557,false,"גולדסטאר 330 מ""ל שישייה","טמפו משקאות בע""\מ",,גולדסטאר WILD 330*6,,1.98,1 ליטר,false,1,44.90,21.77,true,1,29654
7290000135625,false,"רביעיית פחיות בירה גולדסטאר 500 מ""ל","טמפו משקות בע""\מ",,גולדסטאר פחית 500 4י,,500.00,"100 מ""ל",false,1,29.90,5.74,true,1,27277
7290000135632,false,"רביעיית פחיות בירה גולדסטאר לא מסונן 500 מ""ל","טמפו משקאות בע""\מ",,גולדסטאר UF פחית 4יח,,500.00,"100 מ""ל",false,1,35.90,6.94,true,1,27278
7290000135663,false,"פפסי מקס דובדבן פחית צרה מארז שישייה 330 מ""ל",טמפו משקאות בע''מ,,פפסי מ.דובדבן 330*6,,1.98,1 ליטר,false,1,26.90,12.68,true,1,29498
7290000136158,false,פפסי מקס משקה מוגז דל קלוריות בטעם קולה,"טמפו משקאות בע""\מ",,פפסי מקס 1.5 ל פ,,1.50,1 ליטר,false,1,12.90,8.40,true,1,27800
7290000136196,false,הייניקן שישייה מארז,Unknown,,הייניקן שישייה מארז,,1.98,1 ליטר,false,1,59.90,29.34,true,1,28879
7290000136240,false,סודה 1.5 ליטר שישייה בודד,"טמפו משקאות בע""\מ",,סודה טמפו 1.5 ל פ,,1.50,1 ליטר,false,1,8.90,5.73,true,1,27801
7290000136639,false,ערק נח 12 לימונים,Unknown,,ערק נח 12 לימונים,,200.00,"100 מ""ל",false,1,39.90,19.80,false,1,28614
7290000136646,false,בירה נשר מאלט ללא אלכוהול 1.5 ליטר,"טמפו משקאות בע""\מ",,נשר מאלט 1.5 ל פ,,1.50,1 ליטר,false,1,12.60,8.20,true,1,27802
7290000136776,false,שישיית פפסי מקס דל קלוריות 1.5 ליטר,פפסי Pepsi,,פפסי מקס 6*1.5ל פ,,9.00,1 ליטר,false,1,42.10,4.48,true,1,27803
7290000136790,false,שישיית מי סודה טמפו 1.5 ליטר,"טמפו משקאות בע""\מ",,טמפו סודה 6*1.5ל פ,,9.00,1 ליטר,false,1,20.70,2.10,true,1,27804
7290000136806,false,מארז סודה רביעייה לימון ליים 1.5 ל' טמפו,טמפו משקאות בעמ,,סודה למון ליים 1.5*4,,6.00,1 ליטר,false,1,19.90,3.12,true,1,29499
7290000136813,false,סודה בטעם אננס מארז רביעייה 1.5 ל' טמפו,טמפו משקאות בע''מn\,,סודה אננס 1.5*4,,6.00,1 ליטר,false,1,19.90,3.12,true,1,29500
7290000136837,false,רביעיית מי סודה נגיעות אפרסק טמפו 1.5 ליטר,טמפו משקאות בע''מn\,,סודה נ.אפרסק 1.5*4,,6.00,1 ליטר,false,1,19.90,3.12,true,1,29501
7290000136882,false,ערק נח 12 200 מל,Unknown,,ערק נח 12 200 מל,,200.00,"100 מ""ל",false,1,39.90,19.80,false,1,28615
7290000137513,false,גלידונית גלידה וניל בציפוי שוקולד 60 יח' קרמיסימו,"גלידת שטראוס בע""\מ, רחוב",,גלידונית וניל 60יח,,700.00,100 גרם,false,1,50.00,7.14,true,1,5784
7290000137643,false,שלגוני טעמקור בטעם שוקו וניל שטראוס 8*50 גרם,"גלידת שטראוס בע""\מ, רחוב",,מאגדת טעמקור,,880.00,"100 מ""ל",false,1,40.00,4.55,true,1,25230
7290000143200,false,"הוואי - מרכך לשיער יבש 700 מ""ל",שוורצקוף& הנקל דיסלד,,הוואי מרכך לשיער יבש,,700.00,"100 מ""ל",false,1,12.00,1.71,true,1,25882
7290000143217,false,"הוואי שמפו יבש מסולסל 700 מ""ל",שוורצקוף& הנקל דיסלד,,הוואי שמפו לשיער יבש,,700.00,"100 מ""ל",false,1,12.00,1.71,true,1,25883
7290000143255,false,"שמפו לשיער רגיל הוואי 700 מ""ל",שוורצקוף& הנקל דיסלד,,שמפו הוואי רגיל 700,,700.00,"100 מ""ל",false,1,12.00,1.71,true,1,25884
7290000143279,false,"הוואי שמפו לשיער נגד קשקשים 700 מ""ל",שוורצקוף& הנקל דיסלד,,שמפו הוואי נ.קשקשים,,700.00,"100 מ""ל",false,1,12.00,1.71,false,1,25885
7290000143286,false,"הוואי מרכך לשיער רגיל 700 מ""ל",שוורצקוף& הנקל דיסלד,,מרכך הוואי רגיל 700,,700.00,"100 מ""ל",false,1,12.00,1.71,true,1,25886
7290000144467,false,שמן חמניות מועשר בנוגדי חמצון 1 ל' עץ הזית,"נארז ע""י : א.ג. גילר",,שמן חמניות בריאות,,1.00,1 ליטר,false,1,18.00,18.00,true,1,25958
7290000144474,false,שמן עץ הזית קנולה 1 ליטר בריאות מהטבע,שמן תעשיות בעמ,,שמן בריאות קנולה,,1.00,1 ליטר,false,1,18.00,18.00,true,1,12705
7290000148380,false,פיסטוקים קלוים קליית גת 200 גרם,"ג'י אנד ג'י בע""מ",,פיסטוק שקית 200 גרם,,200.00,100 גרם,false,1,23.90,11.95,true,1,465
7290000148489,false,"קליית גת גרעיני דלעת קלויים,200 גרם","ג'י אנד ג'י בע""מ",,גרעיני דלעת שקית 200,,200.00,100 גרם,false,1,13.90,6.95,true,1,466
7290000148748,false,קליית גת גרעיני חמניה קלויים ומומלחים200,"ג'י אנד ג'י בע""מ",,גרעיני חמניה שקית200,,200.00,100 גרם,false,1,9.00,4.50,true,1,468
7290000161631,false,ח.קליק אין אאוט במילוי נוגט,יוניליוור ישראל מזון בע\,,קליק IN נוגט 38 גר,,38.00,100 גרם,false,1,7.50,19.74,true,1,3165
7290000161648,false,חטיף קליק אין אאוט במילו קרם,יוניליוור ישראל מזון בע\,,קליק IN חלב 38 גר,,38.00,100 גרם,false,1,7.50,19.74,true,1,3167
7290000168173,false,"ברנפלקס קרנצ'ים תלמה בד""ץ 375 גרם",יוניליור ישראל מזון,,קרנצים תלמה 375 גרם,,375.00,100 גרם,false,1,28.90,7.71,true,1,15257
7290000169538,false,"נמס בכוס עגבניות וקרוטונים מרק כשרות בד""ץ 62 ג' קנור",יוניליוור ישראל מזון בע\,,מרק נמס בכוס עגבניות,,62.00,100 גרם,false,1,9.00,14.52,false,1,21658
7290000169798,false,"עוגי מופחת סוכר 20% פצפוצי שוקו' 500ג' בד""צ","יוניליוור ישראל מזון בע""",,עוגי 20% מופחת סוכר,,500.00,100 גרם,false,1,19.90,3.98,true,1,17118
7290000170053,false,שוקולד חלב 100 גרם בדץ,"שטראוס גרופ בע""\מ.",,פרה שוקולד חלב 100,,100.00,100 גרם,false,1,9.00,9.00,true,1,253
7290000170077,false,פרה שוקולד מריר 100 גרם,"שטראוס גרופ בע""\מ.",,פרה שוקולד מריר 100ג,,100.00,100 גרם,false,1,9.00,9.00,true,1,254
7290000174099,false,בפלות בטעם שוקולד 500 גר,STRAUSS-ISRAEL,,עלית ופל שוקולד 500ג,,500.00,100 גרם,false,1,16.90,3.38,true,1,602
7290000174723,false,שוקולית אבקה להכנת משקה שוקו 500 גרם,הנסיך- מפעל לייצור ט,,שוקולית 500 גר,,500.00,100 גרם,false,1,16.00,3.20,true,1,633
7290000176062,false,קפה טורקי בשקית 100 ג' עלית,שטראוס קפה בי.ויn\.,,עלית קפה טורקי 100,,100.00,100 גרם,false,1,10.90,10.90,true,1,634
7290000176079,false,קפה עלית טורקי עם הל 100 גרם,הנסיך- מפעל לייצור ט,,קפה טורקי עם הל 100ג,,100.00,100 גרם,false,1,11.00,11.00,true,1,9073
7290000176420,false,קפה נמס פחית עלית 200 גרם,שטראוס קפה בי.וי,,עלית קפה נמס 200,,200.00,100 גרם,false,1,28.00,14.00,true,1,597
7290000178103,false,שוקולד פרה חלב 100 גרם מארז רביעייה,שטראוס גרופ,,רביעיה שוקולד חלב,,400.00,100 גרם,false,1,25.00,6.25,true,1,16792
7290000178134,false,שוקולד פרה מריר 100 גרם מארז רביעייה,שטראוס גרופ,,מאגדת שוקולד מריר*4,,400.00,100 גרם,false,1,25.00,6.25,true,1,10650
7290000178707,false,תפוצ'יפס בטעם טבעי 50 גרם,"שטראוס פריטו ליי בע""\מ )",,תפוציפס טבעי 50 גר,,50.00,100 גרם,false,1,5.90,11.80,true,1,358
7290000178721,false,תפוצ'יפס בטעם טבעי 200 גרם,"שטראוס פריטו ליי בע""\מ )",,תפוציפס טבעי 200 גר,,200.00,100 גרם,false,1,10.00,5.00,true,1,13492
7290000180212,false,שוקולד מריר אגוז 100 גרם,STRAUSS-ISRAEL,,פרה שוקול מריר אגוז,,100.00,100 גרם,false,1,9.00,9.00,true,1,259
7290000181103,false,ביסקויט עד חצות חלב200גר,STRAUSS-ISRAEL,,עד חצות ביסקוויט 200,,200.00,100 גרם,false,1,17.90,8.95,true,1,605
7290000186337,false,מטליות לחות לניקוי כללי ניקול שלישייה,עלבד משואות יצחק,,ניקול מטליות לחות,,3.00,יחידה,false,1,30.00,10.00,true,1,26270
7290000187860,false,מגבוני טואלט לחים לילי דיספנסר 40 יח,עלבד משואות יצחק בעמ,,לילי נייר טואלט לח,,56.00,יחידה,false,1,8.90,0.16,true,1,4650
7290000187921,false,נייר טואלט דו שכבתי לבן לילי 32 יחידות,לילי נייר טואלט חוגלה,,לילי נ.ט קלאסי לבן32,,588.00,100 מטר,false,1,42.00,7.14,true,1,9873
7290000187938,false,לילי - נייר טואולט נייר טואלט פסטל 32 יח',לילי נייר טואלט חוגלה,,לילי נ.ט פסטל 32גליל,,588.00,100 מטר,false,1,42.00,7.14,true,1,9874
7290000188355,false,מגבות מטבח ניקול לבנה שישייה,קימברלי-קלארק,,ניקול מגבת 1/6,,64.80,1 מטר,false,1,13.90,0.21,true,1,9866
7290000188553,false,קוטקס מגן תחתון יאנג ביג 60 יחידות,חוגלה קימברלי,,קוטקס מ.תחתון נורמל,,60.00,יחידה,false,1,22.90,0.38,true,1,14726
7290000189192,false,סופר מטלית מטליות נייר רב פעמיות ניקול 64 יחידות,קימברלי קולומביה,,מטלית חכמה יומית 64,,192.00,יחידה,false,1,25.00,0.13,true,1,25911
7290000189215,false,מטלית הקסם לרצפה ניקול,חוגלה קימברלי,,מטלית קסם לרצפה,,1.00,יחידה,false,1,12.90,12.90,true,1,10461
7290000189260,false,תבניות מלבניות עבות וחזקות ניקול 5 יחידות,ניקול,,תבנית מלבנית חזקה,,34.00,100 גרם,false,1,12.90,37.94,true,1,28234
7290000189277,false,תבניות מלבניות עבות וחזקות ניקול 3 יחידות,בראבו,,תבנית מלבנית ג.חזקה,,57.00,100 גרם,false,1,12.90,22.63,true,1,28235
7290000189505,false,ניקול תבנית אפייה מקרטון אינגליש קייק ניקול 5 יחידות,"דוקארט בעמ, קיבוץ כפ",,נ.תבנית אפיה אינגליש,,214.00,100 גרם,false,1,12.90,6.03,false,1,28252
7290000189536,false,שקיות אשפהעם שרוך 65*52 ניקול 40 יחידות,הורביץ סחר,,ניקול שקיות אשפה,,40.00,יחידה,false,1,24.90,0.62,true,1,14112
7290000189550,false,"שקיות אשפה ענקיות עם שרוך 78 * 90 ס""מ ניקול 2 * 10 יחידות",חוגלה קימברלי,,זוג אשפתון ענק XL,,760.00,100 גרם,false,1,27.90,3.67,true,1,28236
7290000189598,false,מטליות לחות חד פעמיות לניקוי כללי 50 יח' ניקול,עלבד משואות יצחק בעמ,,ניקול מט לחות שיש,,50.00,יחידה,false,1,12.90,0.26,true,1,10793
7290000189659,false,מטליות לחות לרצפה ניקול 10 יח'-מרכז,עלבד משואות יצחק בעמ,,ניקול מטלית לרצפה,,10.00,יחידה,false,1,13.50,1.35,true,1,10459
7290000190068,false,מפיות אירוח לבן 100 יחי' ניקול,חוגלה קימברלי,,ניקול מפיות 100,,100.00,יחידה,false,1,9.90,0.10,true,1,5628
7290000190198,false,מטליות לחות לניקוי וחיטוי 99.9% ניקול 50 יחידה,עלבד משואות יצחק בעמ,,מטליות לחות לחיטוי,,50.00,יחידה,false,1,12.90,0.26,false,1,23375
7290000191225,false,חיתולים ליטל בייביז מידה 2 האגיס 46 יחידות,קימברלי קלארק שיווק,,האגיס רך נולד מידה 2,,44.00,יחידה,false,1,40.00,0.91,true,1,23247
7290000191539,false,חמישיית ממחטות טישו צבועני לילי 100 יחידות,חוגלה קימברלי,,לילי צבעוני טישו 4+1,,5.00,יחידה,false,1,19.90,3.98,true,1,25843
7290000191546,false,ממחטות טישו צבעוני 2 שכבות לילי מארז 100X3יח',חוגלה קימברלי,,לילי צבעוני טישו 3יח,,420.00,100 גרם,false,1,12.90,3.07,true,1,4493
7290000191652,false,שלישיית ממחטות אולטרה סופט קלינקס 90 יחידות,חוגלה קימברלי,,מגבוני טישו קליניקס,,270.00,יחידה,false,1,13.90,0.05,true,1,11508
7290000195216,false,נייר אפייה בשקית ניקול 50 יחידות,ניקול,,נייר אפייה 50 יח,,312.00,100 גרם,false,1,12.90,4.13,true,1,28237
7290000195452,false,מגבוני האגיס דיספנסר,עלבד,,האגיס מגבון מבושם די,,480.00,100 גרם,false,1,11.90,2.48,true,1,4663
7290000195537,false,האגיס - מגבוני האגיס דיילי קר לא מבושם 64 יח' * 4,חוגלה קימברלי,,האגיס מגבונים רביעיה,,256.00,יחידה,false,1,26.00,0.10,true,1,9566
7290000196039,false,"מפות שולחן איריס ח""פ ניקול 2 יח'",חוגלה קימברלי,,ניקול מפות זוג,,2.00,יחידה,false,1,12.90,6.45,true,1,9427
7290000196763,false,"שקיות אשפה חזקות במיוחד עם שרוך 52 * 65 ס""מ ניקול 40 יחידות","אשפלסט תעשיות בע""מ",,השקית החזקה - ניקול,,618.00,100 גרם,false,1,27.90,4.51,true,1,28238
7290000197425,false,חיתולים פרידום דריי שלב 3 האגיס 52 יחידות,קימברלי קלארק ישראל,,פרידום דריי שלב 3,,52.00,יחידה,false,1,50.90,0.98,true,1,16846
7290000197432,false,שקיות אוכל סנדביצ'ון ניקול מארז 150X2יח',"אשפלסט תעשיות בע""מ",,סנדוויצון זוג,,300.00,יחידה,false,1,18.50,0.06,true,1,9279
7290000197456,false,חיתולים פרידום דריי שלב 4 האגיס 44 יחידות,קימברלי קלארק ישראל,,פרידום דריי שלב 4,,44.00,יחידה,false,1,50.90,1.16,true,1,16847
7290000197463,false,חיתולים פרידום דריי שלב +4 האגיס 40 יחידות,קימברלי קלארק ישראל,,פרידום דריי שלב 4 +,,40.00,יחידה,false,1,50.90,1.27,true,1,16848
7290000197548,false,חיתולים פרידום דריי שלב 5 האגיס 36 יחידות,קימברלי קלארק ישראל,,פרידום דריי שלב 5,,36.00,יחידה,false,1,50.90,1.41,true,1,16849
7290000197654,false,שקיות אשפה ענקיות נשלפות 75*90 ניקול 50 יחידות,"אשפלסט תעשיות בע""מ",,ניקול אשפתון 45 XL,,700.00,100 גרם,false,1,24.90,3.56,true,1,28239
7290000197678,false,חיתולי האגיס פרידום דריי שלב 6 30 יחידות,קימברלי קלארק ישראל,,האגיס פרידום שלב 6,,30.00,יחידה,false,1,50.90,1.70,true,1,17445
7290000197753,false,ניילון נצמד אנטי בטקריאלי ניקול 30X2מ',חוגלה קימברלי,,ניקול נילון נצמד זוג,,30.00,1 מטר,false,1,12.90,0.43,true,1,9431
7290000197876,false,תבניות אלומיניום קטנות עם מכסה ניקול 4 יחידות,חוגלה קימברלי,,ניקול תבנית אלומניום,,155.00,100 גרם,false,1,12.90,8.32,true,1,17446
7290000197883,false,תבניות אלומיניום גדולות ניקול 5 יחידות,חוגלה קימברלי,,מגשיות אלומיניום 100,,155.00,100 גרם,false,1,12.90,8.32,true,1,11692
7290000197951,false,תבניות אלומיניום ענקיות ניקול 3 יחידות,חוגלה קימברלי,,מגשיות אלומיניום כסף,,141.00,100 גרם,false,1,12.90,9.15,true,1,9863
7290000199313,false,תחבושות עם כנפיים נורמל פלוס קוטקס 30 יחידות,חוגלה קימברלי,,קוטקס יאנג תחבושות,,30.00,יחידה,false,1,22.90,0.76,true,1,9825
7290000201795,false,"האגיס מגבונים לתינוק מבושם מארז, שלישיה * 64 יח'",חוגלה קימברלי,,מג האגיס שלישייה,,32.00,יחידה,false,1,20.90,0.65,true,1,26271
7290000204086,false,ניקול כרית קרצוף מארז שלישייה,חוגלה קימברלי,,ניקול סקוטש ארוך שלי,,3.00,יחידה,false,1,13.00,4.33,false,1,9557
7290000204215,false,שישיית כרית יפנית ניקול 6 יחידות,חוגלה קימברלי,,כריות יפניות 6יח ניק,,6.00,יחידה,false,1,12.90,2.15,true,1,9430
7290000204239,false,ניקול מטליות ריצפה רביעיה,חוגלה קימברלי,,ניקול מטליות רצפה 4,,4.00,יחידה,false,1,12.90,3.22,true,1,9428
7290000204253,false,מטליות רב שימושיות לניקיון ניקול 9 יחידות,נועם אורים-קיבוץ אור,,ניקול מטליות 9יח,,9.00,יחידה,false,1,12.90,1.43,true,1,9429
7290000204512,false,מטליות לחות לניקוי רצפה בריח לימון ניקול 10 יחידות,עלבד משואות יצחק בעמ,,ניקול מטלית לימון,,10.00,יחידה,false,1,12.90,1.29,true,1,25977
7290000204611,false,שישיית ספוגית הקסם ניקול 6 יחידות,חוגלה קימברלי,,ניקול ספוגית הקסם*6,,6.00,יחידה,false,1,12.90,2.15,true,1,12885
7290000207162,false,רוטב עגבניות מרכיב טבעי 100 ג' יכין,"זנלכל בע""\מ",,יכין רסק עגבניות 100,,100.00,100 גרם,false,1,2.00,2.00,true,1,1706
7290000208077,false,אפונת גינה גדולה 550 גרם יכין,"זנלכל בע""\מ",,אפונה יכין 50גר,,550.00,100 גרם,false,1,8.00,1.45,true,1,1707
7290000208114,false,"אפונה וגזר יכין A2 פ""ק בית יוסף","זנלכל בע""\מ",,יכין אפונה וגזר 540ג,,550.00,100 גרם,false,1,8.00,1.45,true,1,1708
7290000208138,false,סירופ דיאט בטעם ענבים יכין 1 ליטר,"זנלכל בע""\מ",,יכין סירופ דיאט ענב1,,1.00,1 ליטר,false,1,19.90,19.90,true,1,25979
7290000208213,false,שעועית לבנה אפויה A2 ברוטב עגבניות יכין 560ג',היינץ צפון אמריקה מק,,יכין שעועית אפויה580,,580.00,100 גרם,false,1,9.90,1.71,true,1,1710
7290000208329,false,גרעיני תירס מתוק 550 גרם יכין,"זנלכל בע""\מ",,תירס יכין,,550.00,100 גרם,false,1,7.00,1.27,true,1,1705
7290000208336,false,רסק יכין 240גר 22% יכין בית יוסף,"זנלכל בע""\מ",,יכין רוטב עגבניות260,,260.00,100 גרם,false,1,4.00,1.54,true,1,25980
7290000208428,false,חומוס יכין שלם 550 גר A/2,היינץ צפון אמריקה מק,,יכין חומוס 540 גר,,550.00,100 גרם,false,1,9.90,1.80,true,1,1709
7290000208893,false,גרעיני תירס מתוק לייט 400 גרם יכין,היינץ צפון אמריקה מק,,יכין גרעיני תירס 400,,400.00,100 גרם,false,1,6.50,1.62,true,1,25982
7290000209371,false,שלישיית תירס ואקום יכין 165 גרם,היינץ צפון אמריקה מק,,יכין גרעיני תירס*3,,600.00,100 גרם,false,1,13.90,2.32,true,1,25983
7290000209524,false,סירופ דיאט בטעם פטל יכין 1 ליטר,"זנלכל בע""\מ",,יכין סירופ דיאט פטל1,,1.00,1 ליטר,false,1,19.90,19.90,true,1,25984
7290000209722,false,רסק עגבניות 28% פריכוז 580 גרם יכין,"זנלכל בע""\מ",,רסק עגבניות פריכון,,580.00,100 גרם,false,1,10.50,1.81,true,1,25871
7290000209951,false,רוטב עגבניות לפיצה 240 גרם יכין,"זנלכל בע""\מ",,רוטב פיצה יכין,,240.00,100 גרם,false,1,6.00,2.50,true,1,13694
7290000211169,false,"אורז תאילנדי אחד אחד סוגת 1 ק""ג",האי נאם סי או אל.טי.,,סוגת אורז תאילנדי 1ק,,1.00,"1 ק""ג",false,1,9.00,9.00,true,1,12830
7290000211312,false,סוגת אורז מלא פרסי אחד אחד 1 קג,האי נאם סי או אל.טי.,,אורז פרסי מלא 1 קג,,1.00,"1 ק""ג",false,1,11.00,11.00,true,1,25845
7290000211374,false,"קמח חיטה מלא סוגת 1 ק""ג",טחנת קמח דגן-שטיבל,,קמח מלא 1 קג,,1.00,"1 ק""ג",false,1,8.50,8.50,true,1,25985
7290000211442,false,"סוגת אורז פרסי קלאסי שקית 1 ק""ג",האי נאם סי או אל.טי.,,אורז פרסי 1 קג,,1.00,"1 ק""ג",false,1,13.90,13.90,true,1,712
7290000211503,false,סוכר לבן ארוז בשקית,"סוגת תעשיות בע""\מ",,סוכר סוגת 1 קג-שקית,,1.00,"1 ק""ג",false,1,6.00,6.00,true,1,590
7290000211985,false,"אורז ריזוטו עגול סוגת 1 ק""ג","סוגת תעשיות בע""\מ",,אורז ריזוטו 1 קג,,1.00,"1 ק""ג",false,1,12.00,12.00,true,1,3219
7290000226514,false,עוגת דובוש טעם ריבת חלב קפולסקי 450 גרם,תופינים מקבוצת קפולסקי,,עוגת דובוש ר.חלב,,450.00,100 גרם,false,1,42.90,9.53,false,1,29621
7290000226613,false,עוגת דובוש מצופה שוקולד קפולסקי 450 גרם,תופינים מקבוצת קפולסקי,,עוגת דובוש מ.שוקולד,,450.00,100 גרם,false,1,42.90,9.53,false,1,29622
7290000238029,false,"בצק עלים צרפתי מרודד מעדנות 1 ק""ג",מיוצר עי קונדיטוריית,,מעדנות בצק עלים 1קג,,1.00,"1 ק""ג",false,1,29.00,29.00,true,1,3529
7290000238036,false,מלאווח בקופסא מעדנות 700 גרם,מיוצר עי קונדיטוריית,,מעדנות מלוואח 700גר,,700.00,100 גרם,false,1,21.90,3.13,true,1,3530
7290000238173,false,בורקס גבינה מעדנות 800 גרם,מיוצר עי קונדיטוריית,,מעדנות בורקס גבינ800,,800.00,100 גרם,false,1,27.90,3.49,true,1,3527
7290000238180,false,בורקס תפוחי אדמה מעדנות 800 גרם,מיוצר עי קונדיטוריית,,מעדנות בורקס תפוא800,,800.00,100 גרם,false,1,24.90,3.11,true,1,3528
7290000243177,false,שמן זך שמן סויה 920,Unknown,,שמן סויה מזוכך,,920.00,"100 מ""ל",false,1,9.50,1.03,false,1,16194
7290000253220,false,שוקולד צ'יפס חום אופנהיימר 260 גר',אופנהיימר,,שוק ציפס,,260.00,100 גרם,false,1,14.00,5.38,true,1,12728
7290000253251,false,שוקולד צ'יפס לבן אופנהיימר 250 גרם,אופנהיימר,,שוקולד ציפס לבן,,200.00,100 גרם,false,1,14.00,7.00,true,1,25577
7290000260853,false,ספרינג משקה מנגו 1.5 ל',יפאורה שותפות מובגלת לשיווק,,ספרינג מנגו 1.5 ל,,1.50,1 ליטר,false,1,11.90,7.93,true,1,1724
7290000262031,false,נייר טואלט מולט לב 32 גלילים,חוגלה קימברלי,,מולט לב אדום נ.טואלט,,736.00,100 מטר,false,1,35.90,4.88,true,1,11457
7290000263359,false,חיתולים ליטל בייביז מידה 1 האגיס 40 יחידות,קימברלי קלארק שיווק,,האגיס פרידום NB,,40.00,יחידה,false,1,40.00,1.00,false,1,11443
7290000266107,false,כריך בלחמניה סלט טונה220,עינת תעשיות מזון,,כריך טונה,,0.00,,false,1,18.00,0.00,true,1,15462
7290000266206,false,כריך בלחמניה טוניסאי 260,עינת תעשיות מזון,,עינת טוניסאי שמינייה,,260.00,100 גרם,false,1,18.00,6.92,true,1,13107
7290000272696,false,מיץ לימון עסיס משומר 1 ליטר-בקבוק,בית-השיטה עסיס תעשיות מז,,מיץ לימון משומר-עסיס,,1.00,1 ליטר,false,1,14.90,14.90,true,1,9298
7290000272726,false,חומץ רכיבים רכיבים טבעיים 5% עסיס 1 ליטר,בית-השיטה עסיס תעשיות מז,,חומץ טבעי 1 ל עסיס,,1.00,1 ליטר,false,1,9.90,9.90,true,1,9280
7290000285849,false,שוופס מי סודה 1.5 ליטר,יפאורה שותפות מובגלת לשיווק,,שוופס סודה 1.5 ליטר,,1.50,1 ליטר,false,1,8.00,5.33,true,1,3692
7290000286228,false,ספוגיות לניקוי כללי סנו סושי 6 יחידות,סנו מפעלי ברונו בעמ,,סנו סושי שישיית ספוג,,6.00,יחידה,false,1,14.50,2.42,true,1,25989
7290000286549,false,מטליות לניקוי כללי סנו סושי 9 יחידות,נועם אורים תעשיות בע,,מטליות לכל 9 יח,,9.00,יחידה,false,1,14.80,1.64,false,1,27264
7290000286761,false,ניילון נצמד סנו סושי פלסטיק מארז 30X2 מ',מיוצר עי קונדיטוריית,,סנו סושי פלסטיק נצמד,,15.00,1 מטר,false,1,14.80,0.99,true,1,27267
7290000287430,false,סנובון צבעוני לאסלה בריח לימון שלישייה,סנו מפעלי ברונו בעמ,,סנובון שלישיה צבעוני,,3.00,יחידה,false,1,15.00,5.00,true,1,25990
7290000288017,false,אקונומיקה בריח לימון סנו ז'אוול 1 ליטר,"סנו מפעלי ברונוס בע""",,1ל לימון JAVEL,,1.00,1 ליטר,false,1,10.00,10.00,true,1,10639
7290000288024,false,סנו - ז'אוול אקונומיקה בריח לימון 4 ליטר,"סנו מפעלי ברונוס בע""מ",,זאוול לימון 4 ליטר,,4.00,1 ליטר,false,1,20.00,5.00,false,1,25887
7290000288079,false,סנו - ז'אוול אקונומיקה לימון 2 ליטר,"סנו מפעלי ברונוס בע""מ",,סנו זאוול לימון 2ל,,2.00,1 ליטר,false,1,15.00,7.50,true,1,9735
7290000288109,false,"אבקת כביסה מקסימה אפקט ג''אוול 1.25 ק""ג סנו",סנו מפעלי ברונוס בעמ,,מקסימה גאוול 1.25 ק,,1.25,"1 ק""ג",false,1,17.90,14.32,true,1,25992
7290000288352,false,"קוטל חרקים וזוחלים K-300 סנו 630 מ""ל","סנו מפעלי ברונוס בע""מ",,K - 300,,630.00,"100 מ""ל",false,1,28.90,4.59,false,1,9249
7290000288413,false,סנו-די דוחה יתושים כדורי סנו 50 גרם,גוד פוד פרודקטס S.p,,סנו די - רולאון,,50.00,"100 מ""ל",false,1,22.90,45.80,true,1,3741
7290000289069,false,סנו - ז'אוול מרסס קצף ניקוי בתוספת אקונומיקה בריח לימון 1 ליטר,"סנו מפעלי ברונוס בע""מ",,גאוול מרסס לימון,,1.00,1 ליטר,false,1,21.90,21.90,false,1,12855
7290000289748,false,"מסיר שומנים לתנורים פורטה פלוס סנו 750 מ""ל","סנו מפעלי ברונוס בע""\מ",,פורטה פלוס לתנורים,,750.00,"100 מ""ל",false,1,19.00,2.53,true,1,12713
7290000292311,false,פוליויקס נוזל רצפות בניחוח סחלבים סנו 2 ליטר,"סנו מפעלי ברונוס בע""\מ",,פוליוקס 2 ל סחלבים,,2.00,1 ליטר,false,1,25.00,12.50,true,1,25839
7290000292687,false,סנובון מוצק לניקוי אסלה קלאסיק כחול סנו 3 יחידות,מיוצר עי קונדיטוריית,,סנובון כחול שלישיה,,165.00,100 גרם,false,1,20.00,12.12,true,1,9524
7290000293943,false,"מרסס לבן מסיר אבנית 1 ליטר אנטי קאלק ""סנו""",מיוצר עי קונדיטוריית,,סנו אנטי קאלק+מתז 1ל,,1.00,1 ליטר,false,1,23.90,23.90,true,1,12851
7290000295336,false,סנו מקסימה אבקת כביסה סנסטיב מילוי1.25,סנו מפעלי ברונוס בעמ,,מקסימה סנסיטיב 1.25ק,,1.25,"1 ק""ג",false,1,17.90,14.32,true,1,10642
7290000295404,false,שקיות אשפה עם שרוך 54 * 65 סנו סושי 60 יחידות,מיוצר עי קונדיטוריית,,50/70 רב שקית 60,,60.00,יחידה,false,1,28.90,0.48,false,1,25889
7290000295503,false,זוג שקיות מזון טבע 19*25 סנו סושי 150 יחידות,"אשפלסט תעשיות בע""מ",,סנו סושי 150 שקיות ב,,300.00,יחידה,false,1,19.00,0.06,true,1,25840
7290000295558,false,"רדיד אלומיניום רוחב 30 ס""מ סנו סושי 2 יח' 7.5 מטר",מולינו ניקולי s.p.a,,צמד רדיד אלומיניום,,0.00,,false,1,14.90,0.00,true,1,27266
7290000300900,false,שניצל תירס מרכיבים טבעיים טבעול 750 גרם,עיצובים 2020 (4.8),,טבעול תירס 750גר,,750.00,100 גרם,false,1,36.90,4.92,true,1,9382
7290000302027,false,סיגריות טיים אדום פא,"דובק בע""מ",,פאקט טיים RED,,0.00,,false,1,300.00,0.00,false,1,924
7290000302041,false,פאקט טיים ארוך אדום,"דובק בע""מ",,פאקט טיים RED 100,,0.00,,false,1,300.00,0.00,false,1,926
7290000302065,false,ברודווי 80 10 יח',"דובק בע""מ",,ברודווי 80,,0.00,,false,1,300.00,0.00,false,1,28025
7290000302089,false,ברודווי ארוך פאקט,"דובק בע""מ",,ברודווי 100,,0.00,,false,1,300.00,0.00,false,1,28026
7290000302102,false,מונטנה פילטר עשירייה,"דובק בע""מ",,מונטנה פילטר,,0.00,,false,1,310.00,0.00,false,1,28027
7290000302126,false,אירופה פקט סיגריות,"דובק בע""מ",,אירופה פאקט,,0.00,,false,1,300.00,0.00,false,1,24514
7290000302188,false,סגריות אירופה פאקט,"דובק בע""מ",,שרתון,,0.00,,false,1,300.00,0.00,false,1,28028
7290000302201,false,נלסון פקט סיגריו,"דובק בע""מ",,נלסון,,0.00,,false,1,300.00,0.00,false,1,28029
7290000302225,false,נובלס ורג'יניה פילטר,"דובק בע""מ",,פאקט נובלס פילטר,,0.00,,false,1,300.00,0.00,false,1,930
7290000302287,false,גולף פקט,"דובק בע""מ",,גולף,,0.00,,false,1,310.00,0.00,false,1,28030
7290000302294,false,גולף גולד ארוך סופט פאקט,"דובק בע""מ",,פאקט גולף 100 GOLD,,0.00,,false,1,310.00,0.00,false,1,1301
7290000302300,false,סיגריות נובלס בלנד פ,"דובק בע""מ",,פאקט נובלס בלנד,,0.00,,false,1,300.00,0.00,false,1,931
7290000302409,false,טיים בלו פאקט,"דובק בע""מ",,פאקט טיים BLUE,,0.00,,false,1,300.00,0.00,false,1,927
7290000302515,false,מוסטאנג רד עשירייה,"דובק בע""מ",,מוסטנג רד,,0.00,,false,1,260.00,0.00,false,1,28031
7290000302621,false,טיים בלו ארוך פאקט,"דובק בע""מ",,פאקט טיים BLUE 100,,0.00,,false,1,300.00,0.00,false,1,928
7290000302805,false,פאקט גולף סופר סלימס,"דובק בע""מ",,גולף סופר סלימס,,0.00,,false,1,310.00,0.00,false,1,28032
7290000302874,false,גולף סופר סלימס מנטול פק,"דובק בע""מ",,גולף סלימס מנטול,,0.00,,false,1,310.00,0.00,false,1,28033
7290000302881,false,גולף גולד 100 פ.ע עשירייה,"דובק בע""מ",,גולף גולד 100 פ.ע,,0.00,,false,1,310.00,0.00,false,1,28034
7290000302898,false,גולף סילבר ארוך פאקט,"דובק בע""מ",,גולף סילבר 100 פ.ע,,0.00,,false,1,310.00,0.00,false,1,28035
7290000304663,false,סלט טונה נון 160 גרם בדצ עדה חרדית,קריות זול,,סלט טונה 160 גר,,160.00,100 גרם,false,1,7.00,4.38,true,1,12741
7290000313160,false,זהבה ושלושת הדובים עוגיות בטעם שוקולד אסם 350 גרם,"הגביע מוצרי וופלים בע""\מ",,עוגיות זהבה ו3הדובים,,250.00,100 גרם,false,1,10.50,4.20,true,1,12760
7290000313290,false,אסם נודלס נודלס איטריות מסולסלות 200גר,תאי פרזידנט פוד בנגק,,נודלס-אטריות מסולסלו,,200.00,100 גרם,false,1,12.50,6.25,true,1,9478
7290000318127,false,"נקניקיות ביס 380 גרם ""יחיעם""",מעדני יחיעם 1993,,נקניקיות ביס 380ג,,380.00,100 גרם,false,1,13.00,3.42,true,1,27034
7290000318479,false,נקניק פרושוטו בקר יחיעם 100 גרם,תאי פרזידנט פוד פאבל,,יחיעם פרושטו בקר 100,,100.00,100 גרם,false,1,29.00,29.00,true,1,14491
7290000318677,false,נקניק סלמי סרוולט יחיעם 150 גרם,מעדני יחיעם 1993,,יחיעם סלמי סרוולט150,,150.00,100 גרם,false,1,24.00,16.00,true,1,14494
7290000318943,false,פסטרמה של פעם מעושן 1.5% יחיעם 200 גרם,תאי פרזידנט פוד פאבל,,יחיעם פסטרמה של פעם,,200.00,100 גרם,false,1,24.90,12.45,true,1,14490
7290000319063,false,כתף בקר מפולפל יחיעם 150 גרם,מעדני יחיעם,,כתף בקר מפולפל 150ג,,150.00,100 גרם,false,1,12.90,8.60,true,1,21701
7290000319131,false,נקניקיות עוף יחיעם 400 גרם,מעדני יחיעם 1993,,נקניקיות עוף 400גר,,400.00,100 גרם,false,1,13.00,3.25,true,1,27035
7290000319520,false,נקניק סלמי צרפתי יחיעם 100 גרם,מעדני יחיעם 1993,,יחיעם סלמי צרפתי 100,,150.00,100 גרם,false,1,18.00,12.00,true,1,14492
7290000319803,false,קבנוס קלאסי יחיעם 125 גרם,תאי פרזידנט פוד פאבל,,יחיעם קבנוס קלאסי125,,125.00,100 גרם,false,1,17.50,14.00,true,1,25995
7290000319834,false,קבנוס פפרוני קלאסי 125 גרם,תאי פרזידנט פוד פאבל,,קבנוס פפרוני קלאסי,,125.00,100 גרם,false,1,17.90,14.32,true,1,19059
7290000327020,false,"מארז פפסי פחית צרה 330 מ""ל*6 יח'","מודרן גרופ משקאות בע""\מ",,פפסי פחית 330*6 כשלפ,,1.98,1 ליטר,false,1,26.90,12.68,true,1,28579
7290000327037,false,"מארז מירינדה פחית צרה 330 מ""ל*6 יח'","מודרן גרופ משקאות בע""\מ",,מירנדה 330*6 כשלפ,,1.98,1 ליטר,false,1,26.90,12.68,true,1,28578
7290000327044,false,"מארז סבן אפ פחית צרה 330 מ""ל*6 יח'","מודרן גרופ משקאות בע""\מ",,סבן אפ 330*6 כשלפ,,1.98,1 ליטר,false,1,26.90,12.68,true,1,28581
7290000327051,false,סודה בטעם אננס 500 מל בקבוק שישייה,"טמפו משקאות בע""\מ",,סודה אננס 500*6,,500.00,"100 מ""ל",false,1,18.90,3.42,true,1,28902
7290000327075,false,סודה בטעם למון ליים 500 מל בקבוק שישייה,"טמפו משקאות בע""\מ",,סודה לימון 500*6,,500.00,"100 מ""ל",false,1,18.90,3.42,true,1,28903
7290000327112,false,סודה בטעם אננס 500 מל בקבוק,Unknown,,סודה אננס 500 מל,,500.00,"100 מ""ל",false,1,7.90,1.52,true,1,28904
7290000327129,false,סודה לימון 500 מל,Unknown,,סודה לימון 500 מל,,500.00,"100 מ""ל",false,1,7.90,1.52,true,1,28905
7290000327136,false,בירה גולדסטאר בלאק 3,Unknown,,גולד סטאר b.roast*6,,1.98,"100 מ""ל",false,1,44.90,2176.77,false,1,29169
7290000334042,false,"צ'יפס טוגן תפוגן 2 ק""ג","תעשיות תפוגן בע""מ",,תפוגן טוגן 6*2קג,,2.00,"1 ק""ג",false,1,27.00,13.50,true,1,25916
7290000334684,false,תפוגן טבעות בצל 700 גרם,"תעשיות תפוגן בע""\מ",,תפוגן טבעות בצל,,700.00,100 גרם,false,1,21.00,3.00,true,1,9496
7290000334745,false,"אמריקאן צ'יפס תפוגן 1.5 ק""ג","תעשיות תפוגן בע""מ",,אמריקן ציפס תפוגן,,1.50,"1 ק""ג",false,1,25.00,16.67,false,1,27620
7290000334912,false,ציפס תפוגן טוגן 800,"תעשיות תפוגן בע""מ",,תפוגן טוגן 800 גר,,800.00,100 גרם,false,1,12.50,1.56,true,1,9673
7290000336282,false,"סיידר תפוח צלול בבקבוק 330 מ""ל",טמפו משקאות בעמ,,סיידר תפוח 300 מל,,300.00,"100 מ""ל",false,1,10.90,3.53,false,1,9936
7290000339566,false,בדין מרכך כביסה ורוד 4 ליטר,יוניליור ישראל טיפוח איש,,בדיו ורוד מ.כ. 4 ל,,4.00,1 ליטר,false,1,24.90,6.22,true,1,10638
7290000342856,false,מרכך כביסה כחול בדין 4 ליטר,יוניליור ישראל טיפוח איש,,בדין כחול 4 ל,,4.00,1 ליטר,false,1,24.90,6.22,true,1,10633
7290000345260,false,תה קלאסיק מעטפות ויסוצקי 25 יחידות,מולינו ניקולי s.p.a,,תה ויסוצקי קלאסי 25י,,38.00,100 גרם,false,1,9.00,23.68,true,1,2982
7290000345284,false,תה ויסוצקי קלאסי אריזה ירוקה מרובעת (100 שקיקים),מולינו ניקולי s.p.a,,תה קלאסי קופסא 100יח,,150.00,100 גרם,false,1,27.90,18.60,true,1,9314
7290000345291,false,תה ארל גריי 25 שקיקים ויסוצקי,תה ויסוצקי,,תה ארל גריי 25שקיקים,,38.00,100 גרם,false,1,20.90,55.00,true,1,2983
7290000345536,false,תה נענע ויסוצקי 25 יחידות,מולינו ניקולי s.p.a,,תה נענע 25 שקיות,,25.00,יחידה,false,1,21.90,0.88,true,1,2984
7290000346120,false,חליטת קינמון הגן הקסום ויסוצקי 25 יחידות,תה ויסוצקי,,קסם הקינמון 25 שקיק,,25.00,יחידה,false,1,25.90,1.04,true,1,12696
7290000346137,false,חליטת הילולי פירות הגן הקסום ויסוצקי 25 יחידות,תה ויסוצקי,,הילולי פירות 25 שקיק,,25.00,יחידה,false,1,25.90,1.04,true,1,25877
7290000346205,false,חליטת קמומיל הגן הקסום ויסוצקי 25 יחידות,תה ויסוצקי,,תה ויסוצקי קמומיל,,38.00,100 גרם,false,1,25.90,68.16,true,1,2985
7290000347738,false,תה ירוק נענע ויסוצקי 25 יחידות,תה ויסוצקי,,ויסוצקי תה ירוק+נענע,,38.00,100 גרם,false,1,21.90,57.63,true,1,2986
7290000347752,false,תה ירוק לימונית ולואיזה 25 שקיקים *1.5 ג'' ויסוצקי,תה ויסוצקי,,ויסוצקי ירוק לימונית,,38.00,100 גרם,false,1,21.90,57.63,true,1,9266
7290000363363,false,קבנוס נקניק מעושן יבש 160 גרם,הנסיך- מפעל לייצור ט,,ט.צבי קבנוס 160 ג,,160.00,100 גרם,false,1,19.50,12.19,true,1,3509
7290000364261,false,"דקניקים, סלסולי פסטרמה כתף בקר מעושנת 120 גרם",הנסיך- מפעל לייצור ט,,ט.צבי סלסולי כתף בקר,,120.00,100 גרם,false,1,19.00,15.83,true,1,14498
7290000364285,false,דקניקים סלסולי פסטרמה הודו טירת צבי 120 גרם,הנסיך- מפעל לייצור ט,,ט.צבי סלסולי פס.הודו,,120.00,100 גרם,false,1,19.00,15.83,true,1,14497
7290000364292,false,דקניקים סלסולי פסטרמה הודו על גחלים 1% טירת צבי 120 גרם,הנסיך- מפעל לייצור ט,,ט.צבי סלסולי פ. גחלי,,120.00,100 גרם,false,1,19.00,15.83,true,1,14499
7290000364810,false,נקניקיות עגל 500 גרםטירת צבי,הנסיך- מפעל לייצור ט,,ט.צבי נקניקית עגל500,,500.00,100 גרם,false,1,32.00,6.40,true,1,3503
7290000364858,false,"נקניקיות עוף טרי טירת צבי 1 ק""ג",הנסיך- מפעל לייצור ט,,ט.צבי נקנקיות 1 קג,,1.00,"1 ק""ג",false,1,35.90,35.90,true,1,3523
7290000364872,false,נקניקיות עוף טירת צבי 400 גרם,טיב טירת צבי 2000,,ט.צבי נקנקיות עוף400,,400.00,100 גרם,false,1,17.00,4.25,true,1,3522
7290000367590,false,פסטרמה כפרית וסלמי פריזר כפרי טירת צבי 2*400 גרם,טיב טירת צבי 2000,,ט.צבי צמד כפרי 800גר,,800.00,100 גרם,false,1,42.00,5.25,true,1,9698
7290000377209,false,בוטן מטוגן קליית גת 200 גרם,"ג'י אנד ג'י בע""מ",,בוטן מטוגן 200 גר,,200.00,100 גרם,false,1,11.90,5.95,true,1,481
7290000377445,false,נש צ'אנס קליית גת 200 גרם,"ג'י אנד ג'י בע""מ",,נאש צאנס שקית 200 ג,,200.00,100 גרם,false,1,11.00,5.50,true,1,483
7290000377452,false,גרעיני אבטיח קלויים ומלוחים קלית גת 200,הדקלאים אגודת שיתופי,,גרעיני אבטיח שקית 20,,200.00,100 גרם,false,1,18.00,9.00,true,1,484
7290000377612,false,מיץ תפוזים סחוט טבעי פריגת 400 מל,גת גבעת חיים,,פריגת סחוט תפוז 400,,400.00,"100 מ""ל",false,1,12.90,3.15,true,1,174
7290000408316,false,יוגורט דנונה דל לקטוז 200 גרם,מיוצר עי קונדיטוריית,,דנונה ביו טבעי 200גר,,200.00,"100 מ""ל",false,1,3.90,1.95,true,1,1856
7290000408354,false,יוגורט עם אורז מצופה שוקולד קקאו 175 ג' דנונה,"שטראוס בריאות בע""\מ",,דנונה בר פיצפוצים180,,175.00,"100 מ""ל",false,1,6.20,3.54,true,1,572
7290000412481,false,נוזל לניקוי אסלות 00 סנו 1 ליטר,מיוצר עי קונדיטוריית,,00 מנקה אסלות 1 ל,,1.00,1 ליטר,false,1,9.00,9.00,true,1,11349
7290000416021,false,ממרח בטעם שוקולד השחר חלבי 500,השחר העולה,,השחר מ.שוקולד,,500.00,100 גרם,false,1,16.00,3.20,true,1,2352
7290000419107,false,לנדוור קפה מקורי לבוקר טחון טורקי 100 גרם,"קפה לנדוור בע""\מ",,לנדוור קפה כחול 100,,100.00,100 גרם,false,1,8.50,8.50,true,1,7480
7290000419220,false,מארז קפה לנדוור לבוקר 3 יח 100 גרם,קפה לנדוור,,קפה טחון טורקי,,300.00,100 גרם,false,1,23.00,7.67,true,1,26281
7290000420325,false,"פופסטאר פופקורן למקירוגל בטעם טבעי 5 שקיות,500 גרם",פרסטון פארמס,,פופ סטאר טבעי,,500.00,100 גרם,false,1,14.90,2.98,true,1,26603
7290000420332,false,פופסטאר פופקורן למיקרוגל בטעם חמאה 5 יחידות 500 גרם,פרסטון פארמס,,פופ סטאר חמאה,,500.00,100 גרם,false,1,14.90,2.98,true,1,26604
7290000430102,false,קוביות קרח בשקית מיסטר אייס 2 קילו,"אייס (קיובס) בע""מ -",,שקית קרח 2 קג,,2.00,"1 ק""ג",false,1,12.90,6.45,true,1,685
7290000450209,false,פוסידון טונה בהירה בשמן 77 גרם,"מיוצר עי וליגר בעמ,",,טונה פוסידון,,108.00,100 גרם,false,1,6.90,6.39,false,1,21204
7290000453019,false,שמרים טריים לאפייה שקית שמרית 50 ג',"פאקא תעשיות בע""\מ",,שמרית (שקית) 500 גר,,500.00,100 גרם,false,1,5.00,1.00,true,1,9686
7290000453798,false,שמרים יבשים אקטיביים שימרית 500 ג',"גי' בי' רכיבים בע""מ",,שמרים אקטיבים,,500.00,100 גרם,false,1,17.50,3.50,true,1,17736
7290000453866,false,נטורינה תחליף מרגרינה לבישול ואפיה קוקוס שמרית 200 גרם,גרונבאנג- גרונדנסק א,,שמרית נטורינה קוקוס,,200.00,100 גרם,false,1,8.90,4.45,true,1,26004
7290000453897,false,מרגרינה בטעם חמאה שמרית 200 גרם,גרונבאנג- גרונדנסק א,,מרגרינה בטעם חמאה,,200.00,100 גרם,false,1,6.50,3.25,true,1,17738
7290000461625,false,בייגלה שמיניות מלח בייגל בייגל 400 ג',בייגל את בייגל מזון 198),,ביגלה שמונה 400 גרם,,400.00,100 גרם,false,1,14.00,3.50,true,1,610
7290000461656,false,בייגלה מקלות מלוחים בייגל בייגל 400 גרם,בייגל את בייגל מזון 198),,בייגלה מקלות 400,,400.00,100 גרם,false,1,14.00,3.50,true,1,601
7290000461700,false,בייגלה שמיניות גדולות מלוחות 400 גרם,בייגל את בייגל מזון 198),,ביגלה גדול גדול 400,,400.00,100 גרם,false,1,17.00,4.25,true,1,4267
7290000462141,false,סחוג אדום תימני מקורי חריף מאוד זהבי 150 גרם,קריניסה ויטמין אס אי,,סחוג אדום חריף מאוד,,150.00,100 גרם,false,1,10.00,6.67,true,1,12816
7290000474014,false,חלב מפוסטר 1% שקית 1 ל',Unknown,,טרה חלב בשקית 1%,,1.00,1 ליטר,false,1,5.04,5.04,false,1,14266
7290000474021,false,חלב 3% טרה שקית 1 ל' מהדרין,Unknown,,טרה חלב בשקית 3% 1ל,,1.00,1 ליטר,false,1,5.43,5.43,false,1,3973
7290000474076,false,"חלב קרטון 3%-1 ליטר ""טרה""-מוצר בפיקוח",הפריט בפיקוח,,טרה חלב3% קרטון בדצ1,,1.00,1 ליטר,false,1,6.23,6.23,false,1,546
7290000474090,false,"חלב בקרטון 1%- 1 ליטר בד""צ - מוצר בפיקוח",מילקו תעשיות בעמ,,טרה חלב קרטון1% בדצ1,,1.00,1 ליטר,false,1,5.86,5.86,false,1,547
7290000474373,false,"שמנת חמוצה 15% שומן 200 מ""ל טרה",קריות זול,,שמנת חמוצה,,232.00,100 גרם,false,1,2.40,1.03,true,1,23384
7290000474502,false,גבינה לבנה טרה 5% מרכיבים טבעיים,הפריט בפיקוח,,טרה גבינה לבנה 5%,,250.00,100 גרם,false,1,4.98,1.99,false,1,10084
7290000474540,false,טוב טעם גבינה לבנה 3% טרה 250 גרם,קריות זול,,טוב טעם גבינה 3%,,250.00,100 גרם,false,1,12.80,5.12,true,1,10631
7290000474830,false,נעם גבינה צהובה מגורדת 28% טרה 500 גרם,מילקו תעשיות בעמ,,גבינה צהובה מגורדת,,500.00,100 גרם,false,1,36.90,7.38,true,1,13407
7290000480107,false,קוואקר שיבולת שועל פחית 500 גרם,וולקרס סנקס לימיטד,,קווקר פחית 500 ג,,500.00,100 גרם,false,1,17.50,3.50,true,1,9247
7290000480442,false,קוואקר שיבולת שועל בשקית 500 גרם,פריטו ליי FRITO-LAY,,קוואקר 500 גר (שקית,,500.00,100 גרם,false,1,15.90,3.18,true,1,9503
7290000484747,false,עראק עלית 700 מל 40% כהל,יקב הגליל יוסף גולד ובניו,,עלית הארק,,700.00,"100 מ""ל",false,1,80.00,11.39,true,1,24627
7290000493183,false,אבקת רוטב פטריות לבשר-30 גרם,"אסם השקעות בע""\מ",,רוטב פטריות לבשר באב,,30.00,100 גרם,false,1,6.50,21.67,true,1,9466
7290000497013,false,חלה מרובעת ודש,Unknown,,חלה מרובעת ודש,,500.00,100 גרם,false,1,5.17,1.03,false,1,27695
7290000497044,false,"לחם אקטיב 750 גרם ""ברמן""",מאפית י את א ברמן בע,,ברמן אקטיב לחם ארוז,,750.00,100 גרם,false,1,20.00,2.67,true,1,24163
7290000497112,false,"לחם כהה פרוס וארוז ""ברמן""-מוצר בפיקוח",מאפית י את א ברמן בע,,ברמן לחם אחיד פרוס,,750.00,100 גרם,false,1,7.11,0.95,false,1,1284
7290000497136,false,חלה ארוזה פרוסה 500 גר',"י.את.א.ברמן בע""\מ",,ברמן חלה פרוסה,,500.00,100 גרם,false,1,10.50,2.10,true,1,9396
7290000497198,false,מארז פיתות עשירייה אסלי,מאפית י את א ברמן בע,,ברמן אסלי 10 פיתות,,10.00,יחידה,false,1,15.00,1.50,true,1,26006
7290000497204,false,פיתה אסלי ברמן חמישי,מאפית י את א ברמן בע,,פיתות בשקית - 5 יח,,500.00,100 גרם,false,1,9.00,1.80,true,1,1590
7290000497228,false,לחמניה רגילה בשקית ברמן 6יח',מאפית י את א ברמן בע,,ברמן לחמניות 6יח 75ג,,75.00,100 גרם,false,1,14.00,18.67,true,1,1289
7290000497303,false,"שישיית לחמניות מקמח מלא ""ברמן""",מאפית י את א ברמן בע,,לחמניות מקמח מלא 6,,540.00,100 גרם,false,1,14.00,2.59,true,1,9724
7290000497358,false,חלה מתוקה ארוזה חלומית 500 גר',מאפית י את א ברמן בע,,ברמן חלומית חלה מתוק,,500.00,100 גרם,false,1,16.00,3.20,true,1,1600
7290000497426,false,לחם ברמן לענין פלוס 500 גרם,מאפית י את א ברמן בע,,ברמן לחם קל,,500.00,100 גרם,false,1,19.00,3.80,true,1,10649
7290000497488,false,חלה פלוס ברמן 500 גרם,מאפית י את א ברמן בע,,חלה קלה,,500.00,100 גרם,false,1,19.00,3.80,true,1,9407
7290000497532,false,"לחם מקמח מלא""לעניין"" 750 גר'",מאפית י את א ברמן בע,,ברמן לחם לעניין 750ג,,750.00,100 גרם,false,1,16.00,2.13,true,1,9725
7290000497570,false,לחם דגנים פלוס ברמן 500 גרם,מאפית י את א ברמן בע,,ברמן לחם דגני קלות,,500.00,100 גרם,false,1,19.00,3.80,true,1,1286
7290000497952,false,עוגה אישית שוקולד 120 גר',"י.את.א.ברמן בע""\מ",,ברמן מאפה רוגלך,,120.00,100 גרם,false,1,7.50,6.25,true,1,1017
7290000497969,false,עוגת בוקר אישית פרג 120 גרם,"ש.א אנטקוביץ השקעות בע""\",,ברמן מאפה פרג,,120.00,100 גרם,false,1,7.50,6.25,true,1,1016
7290000497976,false,עוגת בוקר אישית קקאו 120 גרם,"י.את.א.ברמן בע""\מ",,ברמן מאפה קקאו,,120.00,100 גרם,false,1,7.50,6.25,true,1,1013
7290000497983,false,עוגת בקר אישית קינמון 120 גרם,Unknown,,ברמן מאפה קינמון,,120.00,100 גרם,false,1,7.50,6.25,true,1,1015
7290000498034,false,לחם אי פרי קמח כוסמין מלא 750 גר',מאפית י את א ברמן בע,,לחם כוסמין E-FREE,,750.00,100 גרם,false,1,20.50,2.73,true,1,25591
7290000498201,false,עוגה אישית שוקולד צ'יפס 120 גר',ש.א אנטקוביץ השקעות,,ברמן מאפה שוק.ציפס,,120.00,100 גרם,false,1,7.50,6.25,true,1,15620
7290000498256,false,עשיריית לחמניות ברמן,מאפית י את א ברמן בע,,לחמניות 10 בשקית,,750.00,100 גרם,false,1,23.00,3.07,true,1,26007
7290000498317,false,חלה עגולה ברמן 500גר,מאפיות ברמן,,חלה עגולה ברמן,,500.00,100 גרם,false,1,5.17,1.03,false,1,27696
7290000498393,false,חלה מרובעת ברמן 500,מאפיות ברמן,,ברמן חלה,,500.00,100 גרם,false,1,5.17,1.03,false,1,1281
7290000498430,false,חלה קלועה 500 גרם,מאפית דוידוביץ,,חלה קלועה ברמן,,500.00,100 גרם,false,1,5.17,1.03,false,1,27697
7290000504278,false,ממתיק סוכרזית אריזת פטנט 700 טבליות,אף.סי תבליני בגליל ב,,סוכרזית פטנט 700 טבל,,574.00,100 גרם,false,1,19.90,3.47,true,1,9286
7290000521008,false,יין אדום יבש של סגל750מל,"כרמי צבי - אחים סגל בע""\",,סגל יין אדום 750 מל,,750.00,100 גרם,false,1,26.00,3.43,true,1,1546
7290000523125,false,מלח הארץ הים האדום 250 ג' עדין,"חברת מלח הארץ אילת בע""\מ",,מלח הארץ 250 גר,,250.00,100 גרם,false,1,7.50,3.00,true,1,1966
7290000525969,false,מיץ תפוזים סחוט רכיבים טבעיים פרימור 1 ליטר,"גניר (1992) בע""מ",,פרימור תפוזים בקבוק1,,1.00,1 ליטר,false,1,18.00,17.70,true,1,173
7290000530413,false,המבורגר זהב זוגלובק 400 גרם,נקניק נהריה כשר זוגל,,זוגלובק המבורגר זהב,,400.00,100 גרם,false,1,32.90,8.22,true,1,970
7290000530598,false,נקניקיות עוף וינר זוגלובק 500 גרם,נקניק נהריה כשר זוגל,,גוליבר נקניקיות וינר,,500.00,100 גרם,false,1,21.00,4.20,true,1,965
7290000531601,false,סטייקבורגר זהב זוגלובק 400 גרם,נקניק נהריה כשר זוגל,,סטייק בורגר 400ג,,400.00,100 גרם,false,1,26.90,6.72,true,1,23837
7290000537566,false,נקניקיות עוף טרי 400 ג' זוגלובק,נקניק נהריה כשר זוגל,,זוגלובק נקניקיות עוף,,400.00,100 גרם,false,1,21.00,5.25,true,1,962
7290000538709,false,נקניק סלמי תה מעושן זוגלובק 200 גרם,זוגלובק,,תה מעושן 200 א.מ.,,200.00,100 גרם,false,1,15.00,7.50,true,1,23389
7290000552569,false,סטייקבורגר בקר טיבון ויל 400 גרם,"טיבון ויל אחזקות בע""\מ",,סטייק בורגר 400 גרם,,400.00,100 גרם,false,1,25.00,6.25,true,1,15957
7290000554402,false,מעדן חלב מלבי גד 160 גרם,"מיוצר ע""\י קוד יצרן EDNK",,גד מלבי 160 גר,,160.00,"100 מ""ל",false,1,6.00,3.75,true,1,24499
7290000554457,false,גבינה צפתית 5% 350 גרם - רבנות,"מחלבות גד בע""\מ",,גד צפתית 5% 350 גר,,350.00,100 גרם,false,1,24.00,6.86,true,1,9204
7290000554471,false,נקניק מוצרלה 22 אחוז 180גרם גד מהדרין,"מחלבות גד בע""\מ",,מוצרלה 22%,,180.00,100 גרם,false,1,21.00,11.67,true,1,26025
7290000554532,false,גבינה צפתית מעודנת במלח ים 5% 200 ג' גד,הנסיך- מפעל לייצור ט,,צפתית מעודנת 5%,,200.00,100 גרם,false,1,16.00,8.00,true,1,24503
7290000554600,false,מוצרלה מגורדת 22 אחוז 300גרם גד מהדרין,מחלבות גד בעמ,,גד מוצרלה מגורדת 300,,300.00,100 גרם,false,1,28.00,9.33,true,1,24497
7290000554624,false,ירח מתוק מעדן חלב עם אורז 3% גד 150 גרם,"מיוצר ע""\י קוד יצרן EDNK",,גד ירח מתוק 150 גר,,150.00,"100 מ""ל",false,1,6.00,4.00,true,1,24496
7290000554686,false,גבינת לאבנה בתוספת שמן זית וזעתר 5% גד 250 גרם,מחלבות גד בעמ,,גד לבנה שמן+זעתר 250,,250.00,100 גרם,false,1,15.00,6.00,true,1,9205
7290000554822,false,ריקוטה גבינה לבנה בסגנון איטלקי 5% גד 250 גרם,מחלבות גד בעמ,,גד ריקוטה 250 גר,,250.00,100 גרם,false,1,16.00,6.40,true,1,24494
7290000554839,false,מסקרפונה שמנת מתוקה קשה בסגנון איטלקי 40% גד 250 גרם,מחלבות גד בעמ,,מסקרפונה 40%,,250.00,100 גרם,false,1,23.00,9.20,true,1,24508
7290000560540,false,אדג' ג'ל כתום לעור רגיש 198גרם,המאפיה של הרמן,,אדג גל כתום,,210.00,"100 מ""ל",false,1,25.90,12.33,true,1,10057
7290000571232,false,גבינת גאודה טבעית פרוס 30% המחלווה 150ג',גבינות משק אחים מאיר בית,,גאודה טבעי 200 גרם,,200.00,100 גרם,false,1,25.90,12.95,true,1,27317
7290000571300,false,גבינה גאודה פרוס מעושנת המחלבה 150ג',גבינות משק אחים מאיר,,ג.גאודה מעושנת פרוסה,,200.00,100 גרם,false,1,24.90,12.45,false,1,28283
7290000571386,false,המחלבה יוגורמה יוגורט מחלב כבשים 5% 850 גרם,גבינות משק אחים מאיר בית,,יוגורמה דלי כבשים,,850.00,100 גרם,false,1,27.90,3.28,false,1,27540
7290000571393,false,המחלבה יוגורמה יוגורט מחלב כבשים 5% 140 גרם,גבינות משק אחים מאיר,,יוגורמה,,140.00,100 גרם,false,1,6.50,4.64,true,1,27265
7290000571478,false,גבינת תום עיזים פרוס המחלבה 200 גרם,גבינות משק אחים מאיר בית,,גאודה עזים 200 ג,,200.00,100 גרם,false,1,39.90,19.95,true,1,27318
7290000571843,false,המחלבה יוגורמה גביע מחלב עזים 140 גרם,גבינות משק אחים מאיר בית,,יוגורמה עזים גביע,,140.00,100 גרם,false,1,6.50,4.64,true,1,27319
7290000571881,false,"משקה יוגורט מחלב עיזים 3.6% 500 מ""ל",גבינות משק אחים מאיר,,משקה יוגורט עזים,,500.00,"100 מ""ל",false,1,12.50,2.50,true,1,27316
7290000571928,false,"יוגורמה כבשים עם גרעינים, אגוזים וחמוציות ממותקות",המחלבה מבית יצחק,,יוגורמה כבשים,,142.00,100 גרם,false,1,6.50,4.58,true,1,27323
7290000571935,false,יוגורמה יוגורט כבשים עם גרנולה 140 גר,גבינות משק אחים מאיר בית,,יוגורמה כבשים גרנולה,,142.00,100 גרם,false,1,6.50,4.58,true,1,27324
7290000572222,false,חלווה בלוק וניל אחוה 500 גרם,שוורצקוף& הנקל דיסלד,,רולדת חלבה 500 גר,,500.00,100 גרם,false,1,14.90,2.98,true,1,26214
7290000572628,false,חטיפי חלווה ללא סוכר בקופסא 250 גרם,שוורצקוף& הנקל דיסלד,,חטיף חלווה לייט ללס,,275.00,100 גרם,false,1,18.90,6.87,true,1,26215
7290000572673,false,מארז חלווה אחוה 12 יחידות 300 גרם,אחדות ביחר לטחינה חל,,אחווה חטיף חלווה,,300.00,100 גרם,false,1,18.90,6.30,true,1,26216
7290000591728,false,מצות ראשון כשר לפסח,מצות ראשון,,מצות ראשלצ 1 קג,,1.00,"1 ק""ג",false,1,18.90,18.90,true,1,13289
7290000591742,false,קמח מצה לבן כשר לפסח,מצות ראשון לציון,,קמח מצה 500 גרם כשלפ,,500.00,100 גרם,false,1,8.50,1.70,true,1,14364
7290000678165,false,ענב ירוק איכות,Unknown,,ענב ירוק איכות,קילוגרמים,1.00,"ק""ג",true,1,29.90,0.00,true,1,29090
7290000688077,false,"מי עדן 0.500 מ""ל פקק רגיל",מופק ממקור בזלתי עדן,,מי עדן 500 מל שטוח,,500.00,"100 מ""ל",false,1,7.90,1.52,true,1,191
7290000688084,false,מי עדן פקק ספורטאים500מל,"מופק ממקור בזלתי עדן ,1",,מי-עדן 500 פקק בודד,,500.00,"100 מ""ל",false,1,7.00,1.34,true,1,192
7290000688381,false,שישיית מי עדן פקק ספורט 0.5 ליטר,"מופק ממקור בזלתי עדן ,1",,מי עדן 500 פקק 6יח,,3.00,1 ליטר,false,1,12.90,3.70,true,1,668
7290000688503,false,"מים מינרלים פקק ספורט מי עדן 6*750 מ""ל","מופק ממקור בזלתי עדן ,1",,מי עדן גים 750 6יח,,4.50,1 ליטר,false,1,16.00,3.16,true,1,879
7290000689180,false,בליסטקס שפתון-סטיק מנטה,מדיליין פריגו,,בליסטיקס מנטה,,25.53,100 גרם,false,1,11.00,43.09,true,1,2966
7290000801281,false,ערכה לגריל פזגז,Unknown,,ערכה לגריל פזגז,,0.00,,false,1,99.00,0.00,false,1,27197
7290000807033,false,ערכת חיבור לגריל כלל,Unknown,,ערכת חיבור לגריל כלל,,0.00,,false,1,99.00,0.00,false,1,27198
7290000876609,false,שניצל דק כשלפ 700ג,Unknown,,שניצל דק כשלפ 700ג,,700.00,100 גרם,false,1,44.90,6.41,true,1,18990
7290000888000,false,מצת אבן,Unknown,,מצת אבן,,0.00,,false,1,4.00,0.00,false,1,2634
7290000888001,false,מצת אלקטרוני,Unknown,,מצת אלקטרוני,,0.00,,false,1,5.00,0.00,false,1,2635
7290000888011,false,מצת קליפר,Unknown,,מצת קליפר,,0.00,,false,1,8.00,0.00,false,1,7557
7290000888012,false,מצת עגול,Unknown,,מצת עגול,,0.00,,false,1,7.00,0.00,false,1,26457
7290000895387,false,שניצל ביתי כשלפ 700,Unknown,,שניצל ביתי כשלפ 700,,700.00,100 גרם,false,1,44.90,6.41,true,1,18991
7290000943035,false,ציפס 800 גר מילוטל,Unknown,,ציפס 800 גר מילוטל,,800.00,100 גרם,false,1,14.50,1.81,true,1,24789
7290000964652,false,קיווי צהוב ייבוא ארו,חקלאי,,קיווי צהוב ארוז ליח,,500.00,100 גרם,false,1,24.90,4.98,true,1,22287
7290000964942,false,אגס עדן גורמה,Unknown,,אגס עדן גורמה,,500.00,100 גרם,false,1,19.90,3.98,false,1,27699
7290000965277,false,שזיף צהוב יח,Unknown,,שזיף צהוב יח,,700.00,100 גרם,false,1,19.90,2.84,false,1,29281
7290000966694,false,דובדבן אדום 300ג,Unknown,,דובדבן אדום 300ג,,300.00,100 גרם,false,1,16.90,5.63,false,1,19627
7290000986708,false,ענב אדום ייבוא ליח,אראל תוצרת חקלאית בע,,ענב אדום ייבוא ליח,,500.00,100 גרם,false,1,19.90,3.98,true,1,24231
7290000986906,false,חסה עגולה איכות ליח,Unknown,,חסה עגולה איכות ליח,,900.00,100 גרם,false,1,10.90,1.21,true,1,22335
7290000993195,false,ענב ירוק ייבוא ליח,חקלאי,,ענב ירוק ייבוא ליח,,500.00,100 גרם,false,1,19.90,3.98,true,1,24232
7290000993621,false,קיווי ירוק ייבוא ארו,אראל תוצרת חקלאית בע,,קיווי ירוק ארוז ליח,,500.00,100 גרם,false,1,24.90,4.98,true,1,22288
7290000995410,false,נבטים סיניים נבטי העמק,נסטלה פורינה USA קר,,נבטים סיניים עבים,,350.00,100 גרם,false,1,6.90,1.97,true,1,22286
7290000998251,false,תות שדה 500 ג,Unknown,,תות שדה 500 ג,,500.00,100 גרם,false,1,13.90,2.78,true,1,28103
7290001009086,false,לחם בריוש,Unknown,,לחם בריוש,,600.00,100 גרם,false,1,16.00,2.67,true,1,26665
7290001045169,false,מיץ תפוחי עץ צלול פרימור 1 ליטר,"גניר (1992) בע""מ",,פרימור תפוחים צלול 1,,1.00,1 ליטר,false,1,15.00,14.70,true,1,706
7290001045633,false,פרימור מיץ לימון ונענע סחוט טרי 400מל,פרימור,,פרימור לימונענע 400,,400.00,"100 מ""ל",false,1,12.90,3.15,true,1,156
7290001045657,false,פרימור מיץ תפוחים סחוט מקורר 400מל,פרימור,,פרימור תפוחים 400מל,,400.00,"100 מ""ל",false,1,12.90,3.15,true,1,158
7290001045688,false,"מיץ תפוזים סחוט פרימור 400 מ""ל",פרימור,,פרימור תפוזים 400מל,,400.00,"100 מ""ל",false,1,12.90,3.15,true,1,160
7290001121238,false,נקניק קורנדביף 4% יחיעם 180 גרם,מעדני יחיעם 1993,,יחיעם קורנד ביף 180,,180.00,100 גרם,false,1,29.00,16.11,true,1,14493
7290001121979,false,נקניק סלמי הרץ מעדני יחיעם 150 גרם,תאי פרזידנט פוד פאבל,,יחיעם סלמי הרץ 150,,150.00,100 גרם,false,1,24.00,16.00,true,1,19054
7290001136287,false,"שמפו לשיער רגיל בבושם פרחים נקה 7 750 מ""ל","אמיליה קוסמטיקס בע""מ",,נקה 7-שמפו רגיל ירוק,,750.00,"100 מ""ל",false,1,13.90,1.85,true,1,29780
7290001136294,false,"שמפו לשיער יבש בבישום פרחים נקה 7 750 מ""ל","אמיליה קוסמטיקס בע""מ",,נקה 7-שמפו יבש אדום,,750.00,"100 מ""ל",false,1,13.90,1.85,true,1,29781
7290001176829,false,בזיליקום ארוז ליח,Unknown,,בזיליקום ארוז ליח,,0.00,,false,1,5.90,0.00,true,1,24394
7290001216040,false,טחינה גולמית שומשום טהור אל ארז 500 גרם,אגס ירוק מסחר ושירותים,,טחינה 1/2 קג,,500.00,100 גרם,false,1,18.90,3.78,false,1,27142
7290001216231,false,טחינה גולמית שומשום מלא אל ארז 500 גרם,אגס ירוק מסחר ושירותים,,טחינה מלאה 1/2 קג,,500.00,100 גרם,false,1,19.90,3.98,false,1,27143
7290001230234,false,כאמל צהוב סופט חפיסה,גיי טי אינטרנשיונל,,כאמל צהוב סופט חפיסה,,0.00,,false,1,32.00,0.00,false,1,93
7290001230331,false,סיגריות כאמל בוקס חפ,Unknown,,כאמל צהוב בוקס,,0.00,,false,1,32.00,0.00,false,1,94
7290001230739,false,כאמל כחול חפיסה חפיסה,Unknown,,כאמל כחול חפיסה,,0.00,,false,1,29.00,0.00,false,1,95
7290001231136,false,ווינסטון כחול סופט חפ.,Unknown,,וינסטון כחול סופט,,0.00,,false,1,33.00,0.00,false,1,97
7290001231233,false,סיגריות וינסטון בוקס,Unknown,,וינסטון אדום חפיסה,,0.00,,false,1,34.00,0.00,false,1,98
7290001231932,false,ווינסטון כחול בוקס חפיסה,Unknown,,וינסטון כחול בוקס,,0.00,,false,1,34.00,0.00,false,1,99
7290001234133,false,סיגריות כאמל כתום חפ,Unknown,,כאמל כתום חפיסה,,0.00,,false,1,30.50,0.00,false,1,4234
7290001235938,false,וינסטון כחול ארוך חפיסה,Unknown,,וינסטון כחול ארוך,,0.00,,false,1,34.00,0.00,false,1,7236
7290001247723,false,"ספרינג נקטר תות בננה פחית 330 מ""ל",יפאורה תבורי בעמ,,ספרינג תות בננה,,330.00,"100 מ""ל",false,1,8.90,2.61,true,1,1729
7290001247730,false,"נקטר ספרינג בטעם מנגו פחית 330 מ""ל",יפאורה תבורי בעמ,,ספרינג מנגו פחית,,330.00,"100 מ""ל",false,1,8.90,2.61,true,1,1730
7290001247952,false,"תפוזינה משק""ל ענבים1.5ל",יפאורה שותפות מובגלת לשיווק,,תפוזינה ענבים 1.5ל,,1.50,1 ליטר,false,1,11.50,7.67,true,1,9544
7290001274361,false,שלגון גלידל שוקו,Unknown,,שלגון גלידל שוקו,,50.00,100 גרם,false,1,9.90,19.80,true,1,29238
7290001305058,false,"פלמוליב - נטורלס תחליב רחצה חלב ודבש 500 מ""ל",הנסיך- מפעל לייצור ט,,פלמוליב-ס.נוזלי חלב,,500.00,"100 מ""ל",false,1,22.00,4.40,true,1,10635
7290001305188,false,"נוזל לניקוי כלים בריח לימון פלמוליב 750 מ""ל",יבואן ומשווק: ש. שסט,,פלמוליב כלים שקוף,,750.00,"100 מ""ל",false,1,14.50,1.93,true,1,26282
7290001327180,false,שטראוס קרמיסימו וניל ציפ 1.33 ליטר,"גלידת שטראוס בע""\מ, רחוב",,קרמיסימו וניל ציפ,,1.33,1 ליטר,false,1,25.00,18.80,true,1,5785
7290001327791,false,גלידת קרמיסימו וניל עוגיות חלבי,"גלידת שטראוס בע""\מ, רחוב",,קרמיסימו עוגיות 1.33,,1.33,1 ליטר,false,1,25.00,18.80,true,1,5789
7290001407844,false,חלבה קלאסית בטעם וניל בארכה 350 גרם,"רושדי תעשיות מזון בע""\מ",,בארכה חלבה וניל,,350.00,100 גרם,false,1,17.00,4.86,true,1,10071
7290001407936,false,בארכה-טחינה גולמית מעודנת בקבוק לחיץ 310 ג',"רושדי תעשיות מזון בע""\מ",,בארכה טחינה מעודנת,,310.00,100 גרם,false,1,14.00,4.52,true,1,17925
7290001419779,false,"וופל קלאסי בטעם שוקולד ""עלמה"" 200 גרם","גילרו בע""מ",,ופל 200 גר שוקו עלמה,,200.00,100 גרם,false,1,5.50,2.75,true,1,16850
7290001482186,false,אננס חתוך בסירופ קל ויליפוד 565 גרם,הנסיך- מפעל לייצור ט,,אננס חתוך בסירופ,,565.00,100 גרם,false,1,8.00,1.42,false,1,27339
7290001594025,false,"קוקה קולה זכוכית 350 מ""ל",החברה המרכזית לייצור,,קוקה קולה קלאסי 330,,330.00,"100 מ""ל",false,1,9.90,2.91,true,1,140
7290001594032,false,"דיאט קוקה-קולה קלאסי 350 מ""ל",החברה המרכזית לייצור,,דיאט קולה קלאסי330,,330.00,"100 מ""ל",false,1,9.90,2.91,true,1,125
7290001594056,false,"קוקה קולה פחית 330 מ""ל",Unknown,,קוקה קולה פחית 330,,330.00,"100 מ""ל",false,1,8.00,2.33,true,1,127
7290001594155,false,"קוקה-קולה בבקבוק אישי 500 מ""ל",החברה המרכזית לייצור משקאות,,קוקה קולה בקבוק 0.5,,500.00,"100 מ""ל",false,1,9.90,1.92,true,1,129
7290001594179,false,"פאנטה אורנג' בבקבוק אישי 500 מ""ל",החברה המרכזית לייצור משקאות,,פאנטה בקבוק 0.5 ל,,500.00,"100 מ""ל",false,1,9.90,1.92,true,1,131
7290001594186,false,"דיאט קוקה-קולה בבקבוק אישי 500 מ""ל",החברה המרכזית לייצור משקאות,,קולה דיאט בקבוק 0.5ל,,500.00,"100 מ""ל",false,1,9.90,1.92,true,1,132
7290001594230,false,קינלי סודה בבקבוק זכוכית,החברה המרכזית לייצור,,סודה קינלי 250 מל,,250.00,"100 מ""ל",false,1,6.90,2.64,true,1,2784
7290001594377,false,פריגת תפוזים 0.5 ליטר חייב בפקדון,מבשלות בירה בינלאומיות ב,,פריגת תפוזים 0.5 ל,,500.00,"100 מ""ל",false,1,9.90,1.92,true,1,163
7290001594384,false,פריגת אשכוליות 0.5 ליטר חייב בפקדון,מבשלות בירה בינלאומיות ב,,פריגת אשכולית 0.5 ל,,500.00,"100 מ""ל",false,1,9.90,1.92,true,1,164
7290001594391,false,"פריגת משקה קל ענבים בבקבוק אישי 500 מ""ל",מבשלות בירה בינלאומיות ב,,פריגת ענבים 0.5 ל,,500.00,"100 מ""ל",false,1,9.90,1.92,true,1,165
7290001594520,false,"בירה טובורג רד בקבוק 330 מ""ל",מבשלות בירה בינלאומיות ב,,טובורג RED בק 330 מ,,330.00,"100 מ""ל",false,1,14.00,4.15,true,1,209
7290001594568,false,"בירה בפחית קרלסברג 500 מ""ל",מבשלות בירה בינלאומיות ב,,קרלסברג 500 פחית,,500.00,"100 מ""ל",false,1,17.90,3.52,true,1,212
7290001594575,false,"בירה טובורג רד פחית 500 מ""ל",מבשלות בירה בינלאומיות ב,,טובורג פחית 500 מל,,500.00,"100 מ""ל",false,1,15.50,3.04,true,1,207
7290001594803,false,"בירה טובורג גרין מארז 330X6מ""ל",קרלסברג ישראל,,טובורג גרין נצרה*6,,1.98,1 ליטר,false,1,54.90,26.82,true,1,683
7290001594858,false,"שישייה בירה טובורג רד בקבוק 330 מ""ל",מבשלות בירה בינלאומיות ב,,בירה בבקבוק טובורג*6,,1.98,1 ליטר,false,1,49.90,24.29,true,1,682
7290001594865,false,"שישייה בירה קרלסברג בקבוק 330 מ""ל",מבשלות בירה בינלאומיות ב,,קרלסברג 6* 330מל,,1.98,1 ליטר,false,1,49.90,24.29,true,1,681
7290001778118,false,12 ביצים טריות L,גליקסמן שיווק ביצים,,12 ביצים טריות L,,12.00,יחידה,false,1,12.05,1.00,false,1,28556
7290001778125,false,12 ביצים טריות M,Unknown,,12 ביצים טריות M,,12.00,יחידה,false,1,11.15,0.93,false,1,28557
7290001778422,false,18 ביצים טריות L,Unknown,,18 ביצים טריות L,,18.00,יחידה,false,1,18.05,1.00,false,1,25125
7290001780428,false,מאגדת גלידת לייט שוקולד נסטלה 6יח' 312ג',גלידות נסטלה )נגה גלידות,,מאגדת לייט שוקו,,312.00,100 גרם,false,1,30.90,9.90,true,1,5826
7290001780800,false,שלגון קראנץ שוקולד ליבת נוגט נסטלה 100 גרם,נסטלה גלידות,,קראנץ ליבת נוגט,,100.00,100 גרם,false,1,12.90,12.90,true,1,1669
7290001791349,false,פיסגה אקונומיקה ריחנית סנו 4 ליטר,"סנו מפעלי ברונוס בע""מ",,אקונומיקה פסגה 4 ל,,4.00,1 ליטר,false,1,15.00,3.75,true,1,25903
7290001791776,false,"סנו-די דוחה יתושים רול און עם אלוורה סנו 50 מ""ל",גוד פוד פרודקטס S.p,,סנו די אלוורה 50 מל,,50.00,"100 מ""ל",false,1,23.90,47.80,true,1,25969
7290001813881,false,פתי בר בטעם חמאה 500 גרם,STRAUSS-ISRAEL,,פתי בר עלית 500 גר,,500.00,100 גרם,false,1,12.90,2.58,true,1,9459
7290001817063,false,סוכ.טופי מזל וברכות850גר,STRAUSS-ISRAEL,,סו.טופי מזל וברכה,,850.00,100 גרם,false,1,17.90,2.11,true,1,2579
7290001817377,false,צ'יטוס חטיף איקס עיגול פיצה 60 גרם,"שטראוס פריטו ליי בע""\מ )",,ציטוס איקס עיגול 60,,60.00,100 גרם,false,1,5.90,9.83,true,1,3413
7290001817728,false,צ'יטוס אפוי כאפה בטעם קטשופ 55 גרם,"שטראוס פריטו ליי בע""\מ )",,ציטוס כאפה 55 גר,,55.00,100 גרם,false,1,5.90,10.73,true,1,973
7290001975992,false,"בירה ויינשטפן 330 מ""ל בקבוק",קרלסברג יבוא יצוא,,ווינשטפן 330 מל,,330.00,"100 מ""ל",false,1,14.45,4.29,true,1,15535
7290001985007,false,שלגון מצופה שוקו שוקו 60יג',שטראוס,,מצופה שוקו שוק יטבתה,,70.00,100 גרם,false,1,7.90,11.29,true,1,432
7290001990261,false,"סוגת חומוס 1 ק""ג","סוגת תעשיות בע""\מ",,חומוס סוגת 1 קג,,1.00,"1 ק""ג",false,1,18.00,18.00,true,1,26200
7290001990278,false,"שעועית לבנה סוגת 1 ק""ג","סוגת תעשיות בע""\מ",,שעועית לבנה 1 קג,,1.00,"1 ק""ג",false,1,18.00,18.00,true,1,25842
7290002000143,false,"חדש -פנג'ל ק.ידיים קלאסיק 80מ""ל",מיוצר עי קונדיטוריית,,פנגל ק.ידיים קלאסיק,,80.00,"100 מ""ל",false,1,8.90,11.12,true,1,10055
7290002007029,false,קוקוס טחון 100 ג' הנמל,יבוא ושיווק: הנמל אר,,קוקוס 100 גר,,100.00,100 גרם,false,1,3.90,3.90,true,1,9916
7290002007234,false,אבקת סוכר הנמל 100 גרם,"מיוצר וארוז ע""י: ר.ס",,אבקת סוכר 100 גר,,100.00,100 גרם,false,1,2.30,2.30,true,1,9923
7290002007852,false,"תמצית אפייה בטעמים שונים 55 מ""ל הנמל",ממתקי עלה יצור ושיוו,,תמצית וניל,,50.00,"100 מ""ל",false,1,5.00,10.00,true,1,9927
7290002008224,false,סוכריות לקישוט צבעונית הנמל 100 ג',ממתקי עלה בעמ,,מזרה עגול 100 גר,,100.00,100 גרם,false,1,6.90,6.90,true,1,9924
7290002008743,false,סוכר וניל עשירייה הנמל 100 גרם,"מיוצר וארוז ע""י: ר.ס",,סוכר וניל 10 יח,,100.00,100 גרם,false,1,2.90,2.90,true,1,9922
7290002008750,false,אבקת אפיה עשירייה הנמל 100 גרם,"מיוצר ע""י:ר.ס. חברה",,אבקת אפיה 10 יח,,100.00,100 גרם,false,1,2.90,2.90,true,1,9935
7290002008774,false,שומשום הנמל 200 גרם,הנמל אריזות ושיווק ב,,שומשום 200 גר,,200.00,100 גרם,false,1,8.90,4.45,true,1,9917
7290002019114,false,רוטב עגבניות מרוכז מאד 28-30BX פריניר,פרי ניר,,תרכיז עגבניות 580גר,,580.00,100 גרם,false,1,8.50,1.47,true,1,25844
7290002019787,false,רוטב עגבניות מרוכז מאוד 260 גרם פריניר,פריניר ( הדס 1987) ב,,רסק עגבניות ט.טרי260,,260.00,100 גרם,false,1,4.00,1.54,true,1,18850
7290002019794,false,רוטב עגבניות מרוכז מאוד 100 גרם פריניר,פריניר ( הדס 1987) ב,,רסק עגבניות פריניר,,100.00,100 גרם,false,1,2.00,2.00,true,1,9263
7290002026303,false,"דולצ'ה דה לצ'ה 150 מ""ל - שורטי",מוצרי איכות אמריקאיי,,שורטי קרם עוגיות,,150.00,"100 מ""ל",false,1,11.80,7.87,true,1,17522
7290002026372,false,טילון בצק עוגיות בן,המאפיה של הרמן,,טילון בצק עוגיות,,100.00,100 גרם,false,1,10.90,10.90,true,1,21498
7290002026778,false,"גלידה בן&ג'ריס שמנת וניל קרמל וחתיכות 500מ""ל",מוצרי איכות אמריקאיים בע,,בן&גריס קון סויט,,500.00,"100 מ""ל",false,1,31.00,6.20,true,1,17923
7290002026976,false,"גלידת מוופוריה בטעם שוקולד מילק וקוקויס בן וג'ירי 500 מ""ל",מוצרי איכות אמריקאיי,,בן&גריס פיינט &קוקי,,420.00,"100 מ""ל",false,1,31.00,7.38,true,1,22903
7290002026983,false,"גלידת מוופוריה בטעם שוקולד עם בצק עוגיות 500 ""ל",מוצרי איכות אמריקאיים בע,,בן&גריס פיינט ב.עוג,,420.00,"100 מ""ל",false,1,31.00,7.38,true,1,22904
7290002027843,false,חטיף תמרים עם אגוזי לוז 120 גרם,"תות תעשיות מזון בע""מ",,ח. תמרים עם אגוזי ל.,,120.00,100 גרם,false,1,13.90,11.58,true,1,26978
7290002037057,false,"לחם לבן פרוס ארוז ""ברמן"" - מוצר בפיקוח",מאפית י את א ברמן בע,,לחם לבן פרוס ודש,,500.00,100 גרם,false,1,6.10,1.22,false,1,25976
7290002037125,false,חלה פרוסה וודש 500 גרם,מאפית י את א ברמן בע,,חלה פרוסה ודש,,500.00,100 גרם,false,1,10.50,2.10,true,1,1287
7290002037163,false,**לחם אחיד פרוס וודש 750 גרם,מאפית י.את א. ברמן ב,,אחיד פרוס ודש,,750.00,100 גרם,false,1,7.11,0.95,false,1,12177
7290002037309,false,שמיניית לחמניות המבורגר,מאפית י את א ברמן בע,,לחמניה המבורגר 2+6,,300.00,100 גרם,false,1,16.00,5.33,true,1,9367
7290002037569,false,לחמניות באניס 6יח75X'גרם,מאפית ברמן,,לחמנית באניס*6,,450.00,100 גרם,false,1,16.00,3.56,true,1,10661
7290002037637,false,חליות מתוקות מארז 4יח',מאפית י את א ברמן בע,,חלות מתוקה רבעייה,,360.00,100 גרם,false,1,16.00,4.44,true,1,1595
7290002040019,false,קוסקוס רגיל הנמל 350 גרם,"קוסקוס מזון בע""מ",,קוסקוס רגיל הנמל,,350.00,100 גרם,false,1,7.90,2.26,true,1,26201
7290002040064,false,קוסקוס דק הנמל 350 גרם,טרופיקל דגיל תעשיות,,קוסקוס דק הנמל,,350.00,100 גרם,false,1,7.90,2.26,true,1,26202
7290002040071,false,קוסקוס עבה שקית 350 גרם הנמל,"קוסקוס מזון בע""מ",,קוסקוס עבה הנמל,,350.00,100 גרם,false,1,7.90,2.26,true,1,26203
7290002043065,false,אקסטרה פריכיות אורז חום מלא בציפוי שוקולד מריר 70 גרם,נוהלס ג'\י אס סי.,,אקסטרה פריכונ ש.מריר,,70.00,100 גרם,false,1,9.50,13.57,false,1,28819
7290002043072,false,אקסטרה פריכיות אורז חום מלא בציפוי שוקולד חלב 70 גרם,נוהלס ג'\י אס סי.,,אקסטרה פריכוני ש.חלב,,70.00,100 גרם,false,1,9.50,13.57,false,1,28820
7290002043096,false,אקסטרה פריכוני אורז בציפוי שוקולד לבן בלגי,נוהלס ג'\י אס סי.,,אקסטרה פריכוני ש.לבן,,70.00,100 גרם,false,1,9.50,13.57,false,1,28821
7290002043218,false,אקסטרה צ'יפס אורז חום מלא מלח 60 גרם,נוהלס ג'\י אס סי.,,ציפס אורז מלח 60ג,,60.00,100 גרם,false,1,7.90,13.17,true,1,25739
7290002043782,false,אקסטרה צ'יפס אורז חום מלא טקסס ברביקיו 60 גרם,נוהלס ג'\י אס סי.,,ציפס אורז ברביקיו60,,60.00,100 גרם,false,1,7.90,13.17,true,1,25740
7290002057123,false,זיתים ירוקים מנזנילו קבוצת יבנה 560 גרם,קבוצת יבנה,,זית מנזלינו ל.גרעין,,540.00,100 גרם,false,1,10.50,1.94,true,1,1702
7290002057185,false,טבעות זיתים ירוקים קבוצת יבנה 560 גרם,קבוצת יבנה,,טבעות זיתים ירוק,,540.00,100 גרם,false,1,10.90,2.02,true,1,25869
7290002057284,false,"זיתים חרוזית קבוצת יבנה 275 גרם בד""ץ",קבוצת יבנה,,יבנה זיתים חרוזית540,,540.00,100 גרם,false,1,10.50,1.94,true,1,25978
7290002057352,false,מלפפונים במלח ‏9‏-‏7‏ קבוצת יבנה 320 גרם,קבוצת יבנה מוצרי מזון,,מלפפון 9-7 במלח 320ג,,650.00,100 גרם,false,1,7.90,1.22,true,1,1703
7290002057369,false,מלפפונים במלח ‏12‏-‏10‏ קבוצת יבנה 320 גרם,קבוצת יבנה,,מלפפון 10-12 מלח 320,,650.00,100 גרם,false,1,8.90,1.37,true,1,711
7290002057451,false,מלפפונים בחומץ ‏9‏-‏7 קבוצת יבנה 290 גרם,קבוצת יבנה מוצרי מזון,,מלפפון בחומץ 9-7,,540.00,100 גרם,false,1,7.50,1.39,true,1,25868
7290002057468,false,מלפפון יבנה בחומץ בינוניים 10-12 290 גרם,קבוצת יבנה,,מלפפון חומץ 10-12,,650.00,100 גרם,false,1,8.90,1.37,true,1,25872
7290002107491,false,גבינה לבנה מחלב עיזים למריחה 5% משק צוריאל 250 גרם,מחלבת משק צוריאל,,צוריאל עזים למריחה,,250.00,100 גרם,false,1,16.80,6.72,true,1,10078
7290002107798,false,גבינה בולגרית מעודנת 5% משק צוריאל 250 גרם,מחלבת משק צוריאל,,צוריאל ג. בולגרית5%,,250.00,100 גרם,false,1,27.90,11.16,true,1,10077
7290002129479,false,פיצה איטלקית דקה 320 ג' שלושת האופים,האי נאם סי או אל.טי.,,פיצה איטלקית דקה,,320.00,100 גרם,false,1,15.00,4.69,true,1,26303
7290002130567,false,דבש דבורים טהור פרחי בר יד מרדכי 350 גרם,מכוורת יד מרדכי שטראוס ב,,יד מרדכי-דבש 350 גרם,,350.00,100 גרם,false,1,25.50,7.29,true,1,527
7290002130574,false,דבש טהור מפרחי בר בזכוכית 500 ג' יד מרדכי,מכוורת יד מרדכי שטראוס ב,,דבש טהור מפרחי בר,,500.00,100 גרם,false,1,34.00,6.80,true,1,25986
7290002132011,false,עוגיות מזרחיות מלוחות עבאדי 400 גרם,מאפיית יוסף ושמחה עבאדי,,עבאדי מזרחיות 400,,400.00,100 גרם,false,1,20.50,5.12,true,1,2681
7290002204169,false,מארז רביעיית נאשי,ביכורי שדה דרום,,אגס נאשי ארוז יח,,700.00,100 גרם,false,1,14.90,2.13,true,1,29795
7290002204213,false,דובדבן אדום בראשית ק,בראשית,,דובדבן אדום,,300.00,100 גרם,false,1,24.90,8.30,false,1,6990
7290002204275,false,קיווי מובחר ארוז שקיל,קטיף.,,קיווי עגול היוורד,קילוגרמים,1.00,"ק""ג",true,1,22.90,0.00,true,1,28291
7290002204886,false,ליצי ארוז יח,Unknown,,ליצי ארוז יח,,310.00,100 גרם,false,1,14.90,4.81,false,1,14704
7290002253105,false,קוביות שום כתוש טרי דורות 80 גרם,עיצובים 2020 (3.8),,דורות קוביות שום טרי,,80.00,100 גרם,false,1,15.00,18.75,true,1,9476
7290002331018,false,"נביעות מים עם פקק ספורט 500מ""ל",נביעות טבע הגליל בעמ,,נביעות 500 מל שטוח,,500.00,"100 מ""ל",false,1,7.90,1.52,true,1,187
7290002331025,false,"מים מינרלים נביעות ספורט 500 מ""ל פקדון",נביעות טבע הגליל בעמ,,נביעות ספורט 500מל,,3.00,1 ליטר,false,1,7.90,2.53,true,1,188
7290002331094,false,"מים מינרליים GO TO נביעות 755 מ""ל",נביעות טבע הגליל בעמ,,נביעות 755 מל,,755.00,"100 מ""ל",false,1,8.90,1.14,true,1,748
7290002331124,false,נביעות+ מים מינרליים בטעם תפוח,נביעות טבע הגליל בעמ,,נביעות תפוח עדין 0.5,,500.00,"100 מ""ל",false,1,9.90,1.92,true,1,4001
7290002331155,false,מים נביעות בטעם אפרסק 0.5 ליטר,נביעות טבע הגליל בעמ,,נביעות אפרסק 0.5 ל,,500.00,"100 מ""ל",false,1,9.90,1.92,true,1,4000
7290002331360,false,"נביעות מים מינרליים טו גו מארז 500X6מ""ל",נביעות טבע,,שישיית נביעות ספורט,,3.00,1 ליטר,false,1,16.00,4.73,true,1,666
7290002331421,false,"שישיית מים מינרליים GO TO נביעות 755 מ""ל",נביעות טבע הגליל בעמ,,נביעות 755 מל שישייה,,4.53,1 ליטר,false,1,16.00,3.13,true,1,1018
7290002331490,false,מים מינרליים נביעות 1 ליטר,נביעות טבע הגליל בעמ,,נביעות 1 ליטר,,1.00,1 ליטר,false,1,7.90,7.60,true,1,15969
7290002331711,false,נביעות+מים מינרליים בטעם ענבים,נביעות טבע הגליל בעמ,,נביעות ענבים 0.5ל,,500.00,"100 מ""ל",false,1,9.90,1.92,true,1,6860
7290002345022,false,אנטריקוט דק דק מינוט סטייק אל גאוצ'ו 250 גרם,"טיבון ויל אחזקות בע""\מ",,אנטריקוט דקדק 250 גר,,250.00,100 גרם,false,1,25.00,10.00,true,1,23634
7290002348139,false,ארטישוק תחתיות 210 ג' ויליגר,האי נאם סי או אל.טי.,,תחתיות ארטישוק,,390.00,100 גרם,false,1,11.50,2.95,true,1,18880
7290002371533,false,דקניקים סלסולי פסטרמה דבש טירת צבי 120 גרם,הנסיך- מפעל לייצור ט,,פסטרמה בדבש פרוס דק,,120.00,100 גרם,false,1,19.00,15.83,true,1,19068
7290002371540,false,דקניקים קורנדביף ללא גלוטן טירת צבי 120 גרם,הנסיך- מפעל לייצור ט,,קורנביף 120 גר,,120.00,100 גרם,false,1,19.00,15.83,true,1,20445
7290002374268,false,שמן חמניות מילומור 1 ליטר,שמן תעשיות,,שמן חמניות מילומור,,1.00,1 ליטר,false,1,12.90,12.90,true,1,27913
7290002374312,false,"שמן קנולה מילומור 1 ל' עד""ח","נארז ע""י : א.ג. גילר",,מילומור שמן קנולה,,1.00,1 ליטר,false,1,12.50,12.50,true,1,11793
7290002496557,false,תמר לח בשקית 500גרם,פרי וירק טמרה ושותפי,,תמר לח ארוז ליח,,510.00,100 גרם,false,1,14.90,2.92,true,1,22279
7290002502043,false,בונז'ור לחמניה כריך,בונז'ור,,לחמניה לבנה,,120.00,100 גרם,false,1,2.50,2.08,true,1,5672
7290002502067,false,בונג'ור חלה קלועה 560 גרם,בונז'ור,,חלה קלועה בונזור,,560.00,100 גרם,false,1,12.90,2.30,false,1,15671
7290002502166,false,בונז'ור חצי באגט 60*,בונז'ור,,בונזור- חצי באגט,,0.00,,false,1,4.50,0.00,true,1,5632
7290002502296,false,בונז'ור לחמניה קלועה קנוי 100 ג',בונז'ור,,לחמניה קלועה,,0.00,,false,1,2.90,0.00,true,1,5671
7290002517108,false,תבלין אורגנו 10 ג' טעם וריח,"תבליני טעם וריח בע""מ",,אורגנו מיכל קטן,,10.00,100 גרם,false,1,7.50,75.00,true,1,25865
7290002517603,false,תבלין בזיליקום מיכל 10ג',"תבליני טעם וריח בע""מ",,בזיליקום טעם וריח,,10.00,100 גרם,false,1,7.50,75.00,true,1,25852
7290002517726,false,קינמון מקלות 15 גר' טעם וריח,"תבליני טעם וריח בע""מ",,מקלות קינמון-קטן,,15.00,100 גרם,false,1,7.50,50.00,true,1,25858
7290002542506,false,"בקבוק בירה קורונה 355 מ""ל",קריניציה ויטמינה אס,,קורונה אקסטרא בירה,,355.00,"100 מ""ל",false,1,17.00,4.70,true,1,11329
7290002542773,false,"בירה סטלה ארטואה בקבוק 330 מ""ל","אינבב, ברוורייפליין",,בירה בבקבוק סטלה 330,,330.00,"100 מ""ל",false,1,17.00,5.06,true,1,25716
7290002542780,false,"שישייה בירה סטלה ארטואה בקבוק 330X6 מ""ל","אינבב, ברוורייפליין",,בירה בבקבוק סטלה*6,,1.98,1 ליטר,false,1,39.90,19.24,true,1,25717
7290002542797,false,"בירה לף בלונד בקבוק 330 מ""ל","אינבב, ברוורייפליין",,סטלה פחית 440 מל,,330.00,"100 מ""ל",false,1,14.00,4.15,true,1,28425
7290002542810,false,"בירה הוגרדן בקבוק 330 מ""ל","אינבב, ברוורייפליין",,הוגרדן - בק 330 מל,,330.00,"100 מ""ל",false,1,14.00,4.15,true,1,28426
7290002542841,false,"שישייה בירה לף בלונד בקבוק 330X6 מ""ל","אינבב, ברוורייפליין",,לף בלונד 330 מל*6,,1.98,1 ליטר,false,1,49.90,24.29,true,1,28427
7290002542865,false,"שישייה בירה הוגרדן בקבוק 330X6 מ""ל","אינבב, ברוורייפליין",,הוגרדן בק 330 מל*6,,1.98,1 ליטר,false,1,49.90,24.29,true,1,28428
7290002543046,false,דגני בוקר קלוגס פרוסטיס 750 גרם,קלוג מנייופרטורינג א,,קלוגס פרוסטיס 750,,750.00,100 גרם,false,1,25.00,3.33,true,1,25987
7290002543237,false,דגני בוקר קלוגס קורנפלקס 750 גרם,קלוגס קומפני אוף גרייט ב,,קלוגס קורנפלקס 750גר,,750.00,100 גרם,false,1,21.00,2.80,true,1,12838
7290002551003,false,סטארקיסט טונה בשמן בודד 160ג',סטאר קיסט,,סטארקיס בשמן 160ג,,160.00,100 גרם,false,1,8.50,5.31,true,1,716
7290002551010,false,סטארקיסט טונה במים 160גרם-בי,"סטארקיסט פודור בע""מ",,סטארקיסט טונה במים,,160.00,100 גרם,false,1,8.50,5.31,true,1,717
7290002608653,false,מאפה טאבון תפוא א.ק,Unknown,,מאפה טאבון תפוא א.ק,,139.00,100 גרם,false,1,12.00,8.63,true,1,21029
7290002608776,false,מאפה עלים גבינה א.ק,Unknown,,מאפה עלים גבינה א.ק,,130.00,100 גרם,false,1,12.00,9.23,true,1,21030
7290002608806,false,מ.עלים שוקו מ.א א.ק,Unknown,,מ.עלים שוקו מ.א א.ק,,130.00,100 גרם,false,1,12.00,9.23,true,1,21031
7290002608837,false,מקל ריקוטה א.ק,Unknown,,מקל ריקוטה א.ק,,120.00,100 גרם,false,1,12.00,10.00,true,1,21032
7290002608868,false,מאפה תפוחים א.ק,Unknown,,מאפה תפוחים א.ק,,130.00,100 גרם,false,1,12.00,9.23,true,1,21070
7290002627210,false,גפילטע פיש קציצות מדגי קרפיון וכסיף בצנצנת 560 גרם,האי נאם סי או אל.טי.,,גפילטעפיש 560ג בעלז,,560.00,100 גרם,false,1,14.90,2.66,false,1,29505
7290002661245,false,לחם קסטן אנגלי 1 קג,מאפית י.את א. ברמן ב,,לחם קסטן,,1.00,"1 ק""ג",false,1,21.00,21.00,true,1,25578
7290002661474,false,פירור זהוב עם שמשום 200 גרם,Unknown,,פירור זהוב עם שמשום,,200.00,100 גרם,false,1,6.00,3.00,true,1,26735
7290002661504,false,פירורי יפני פנקו ברמ,Unknown,,פירורי לחם יפני לבן,,200.00,100 גרם,false,1,6.50,3.25,true,1,26736
7290002661511,false,פירורי לחם מוזהבים עדינים 350 גר.,Unknown,,פירורי לחם זהוב עדין,,350.00,100 גרם,false,1,7.50,2.14,true,1,26737
7290002661856,false,מיני קרוטונים מתובלים למרק ולסלט 350 גרם,צ'\וייסר פודס ל.טי.די.,,קרוטונים מיני מתובלי,,350.00,100 גרם,false,1,24.00,6.86,true,1,26733
7290002661863,false,קרוטונים מתובלים למרק 350 גרם,צ'\וייסר פודס ל.טי.די.,,קרוטונים מתובלים,,350.00,100 גרם,false,1,22.00,6.29,true,1,26734
7290002663522,false,תפוזינה משקה קל תפוז1.5ל,יפאורה שותפות מובגלת לשיווק,,תפוזינה תפוזים 1.5ל,,1.50,1 ליטר,false,1,11.50,7.67,true,1,9543
7290002692393,false,שמן קנולה מזוכך מועשר עץ הזית 1 ליטר,שמן תעשיות בעמ,,שמן קנולה עץ הזית 1,,1.00,1 ליטר,false,1,18.00,18.00,true,1,25988
7290002710004,false,ביצים אורגניות מן הטבע 12 יחידות,מן הטבע בארותיים,,ביצי חופש אורגניות L,,12.00,יחידה,false,1,25.00,2.08,true,1,24454
7290002710110,false,מן הטבע ביצי חופש 12יח.,מן הטבע בארותיים,,ביצים 12 יח L,,12.00,יחידה,false,1,18.90,1.57,true,1,20859
7290002730262,false,"נוזל לניקוי כלים קלאסי פלמוליב 750 מ""ל",יבואן ומשווק: ש. שסט,,פלמוליב לכלים קלאסי,,750.00,"100 מ""ל",false,1,14.50,1.93,true,1,9362
7290002730521,false,צימרוני אוזניים בלונס בקופסא 200 יח',קריות זול,,בלונס מ.אזניים קופסא,,200.00,יחידה,false,1,7.50,0.04,true,1,9453
7290002730675,false,"קולגייט משחת שיניים אדומה משפחתי 100 מ""ל",קולגייט-פלמוליב,,קולגייט משחת שיניים,,100.00,"100 מ""ל",false,1,16.50,16.50,true,1,7585
7290002730811,false,"משחת שיניים ג'ל פסים מרעננים קולגייט 100 מ""ל",הנסיך- מפעל לייצור ט,,קולגייט גל 3 פסים,,100.00,100 גרם,false,1,18.50,18.50,true,1,11474
7290002750048,false,לחמניות רביעיות כשלפ,יושלם,,לחמניות רביעיות כשלפ,,300.00,100 גרם,false,1,23.90,7.97,false,1,28404
7290002752332,false,"סוכריות מנטוס פירות בגליל, 37.5 גרם",הדקלאים אגודת שיתופי,,מנטוס פירות גליל,,37.50,100 גרם,false,1,5.00,13.33,true,1,222
7290002752349,false,סוכריות מנטוס מנטה 40יח' בגליל 38ג',פרפטי ואן מלה,,מנטוס מנטה גליל,,37.50,100 גרם,false,1,5.00,13.33,true,1,223
7290002752493,false,רביעיה סוכריות מנטה 4* 16 ג' טיק טק,פררו - אלבה,,טיק טק מנטה רבעיות,,64.00,100 גרם,false,1,11.90,18.59,true,1,4913
7290002753223,false,רביעייה סוכריות תפוז 4*16 ג' טיק טק,פררו - אלבה,,טיק טק תפוז רביעיות,,64.00,100 גרם,false,1,11.90,18.59,true,1,4914
7290002757672,false,המבורגר מזרחי טיבון ויל 400ג',טיבון ויל,,המבורגר 400 גרם,,400.00,100 גרם,false,1,14.00,3.50,true,1,26304
7290002767800,false,פלפל רומרו אדום,Unknown,,פלפל רומרו אדום,,250.00,100 גרם,false,1,4.90,1.96,true,1,25465
7290002771111,false,קפה עם הל אל נחלה 250 גרם,מולינו ניקולי s.p.a,,נחלה קפה עם הל 250,,250.00,100 גרם,false,1,21.90,8.76,true,1,3116
7290002824183,false,"גבינה לבנה סקי 500 גרם 5% ""שטראוס"" -מוצר בפיקוח",מיוצר עי קונדיטוריית,,סקי 500 גר %5,,500.00,100 גרם,false,1,9.96,1.99,false,1,9202
7290002824466,false,יוגורט דנונה ביו לבן 0% שומן 200 גרם,"שטראוס בריאות בע""\מ",,דנונה ביו 0% 200 גר,,200.00,"100 מ""ל",false,1,3.90,1.95,true,1,1852
7290002824640,false,"גבינת סקי 250 גרם 5% ""שטראוס"" -מוצר בפיקוח",מיוצר עי קונדיטוריית,,סקי גבינה 5% 250גר,,250.00,100 גרם,false,1,4.98,1.99,false,1,552
7290002868996,false,"קוטג' 5% שומן, רכיבים טבעיים, 250 גרם",קריות זול,,טרה קוטג מועשר 5%,,250.00,100 גרם,false,1,5.90,2.36,true,1,9708
7290002900207,false,המבורגר אמיתי 100% 400 גרם-תנובה,הנסיך- מפעל לייצור ט,,ט.צבי המבורגר אמיתי,,400.00,100 גרם,false,1,26.90,6.72,true,1,9631
7290002900214,false,קבב מזרחי טירת צבי 4,טיב טירת צבי 2000,,ט.צבי קבב מזרחי,,450.00,100 גרם,false,1,26.90,5.98,true,1,9633
7290002929642,false,רביעיית טונה בשמן ויליגר 140 גרם,דיאמנט פוד פרודקט קו,,טונה ויליגר רביעייה,,560.00,100 גרם,false,1,22.90,4.09,true,1,22207
7290002958130,false,היי ווי אדום,Unknown,,היי-ווי 20 רד,,0.00,,false,1,260.00,0.00,false,1,28022
7290002958147,false,היי-ווי 20 בלו,Unknown,,היי-ווי 20 בלו,,0.00,,false,1,260.00,0.00,false,1,28023
7290002958154,false,היי-ווי 20 סילבר,Unknown,,היי-ווי 20 סילבר,,0.00,,false,1,260.00,0.00,false,1,28024
7290002958192,false,רויאל אדום - פאקט,Unknown,,רויאל אדום - פאקט,,0.00,,false,1,260.00,0.00,false,1,13887
7290002958208,false,סיגריות רויאל כחול פ,דובק,,רויאל כחול - פאקט,,0.00,,false,1,260.00,0.00,false,1,13888
7290002958307,false,רויאל 100 רד,Unknown,,רויאל 100 רד,,0.00,,false,1,260.00,0.00,false,1,28040
7290002958314,false,רויאל 100 בלו,Unknown,,רויאל 100 בלו,,0.00,,false,1,260.00,0.00,false,1,28041
7290002986225,false,עוגיות יין גלגל גדול 400,"אחים גטניו בע""מ",,עוגיות יין גלגל גדול,,400.00,100 גרם,false,1,11.90,2.98,false,1,1751
7290002986256,false,עוג.יין-עיגולית 400 גרם,"אחים גטניו בע""מ",,עוגיות יין עגולית,,400.00,100 גרם,false,1,11.90,2.98,true,1,3729
7290002986843,false,כעכי יין בשקית 300 גרם,אחים גטניו,,עוגיות כעכי יין,,300.00,100 גרם,false,1,11.90,3.97,false,1,28591
7290002987963,false,"סלט חומוס אחלה 1 ק""ג",מיוצר עי קונדיטוריית,,אחלה חומוס 1 קג,,1.00,"1 ק""ג",false,1,17.50,17.50,true,1,9308
7290003009312,false,בוטן קלוי קליית גת 200 גרם,הדקלאים אגודת שיתופי,,בוטן קלוי 200 גר,,200.00,100 גרם,false,1,11.90,5.95,true,1,479
7290003009329,false,בוטנים אמריקאיים קליית גת 200 גרם,הדקלאים אגודת שיתופי,,בוטן אמריקאי שקית200,,200.00,100 גרם,false,1,9.00,4.50,true,1,462
7290003009336,false,קבוקים קליית גת 200 גרם,הדקלאים אגודת שיתופי,,קבוקים שקית 200 גרם,,200.00,100 גרם,false,1,9.00,4.50,true,1,480
7290003009640,false,מיץ תפוזים סחוט רכיבים טבעיים פריגת 1 ליטר,פריגת מצוננים,,סחוט תפוזים קלאסי1ל,,1.00,1 ליטר,false,1,18.00,17.70,true,1,7446
7290003015627,false,"נוזל רצפות אפרסק 2 ליטר ""ריצפז פרש""","סנו מפעלי ברונוס בע""",,ריצפז אפרסק 2 ליטר,,2.00,1 ליטר,false,1,23.90,11.95,true,1,12850
7290003023165,false,שוקו יטבתה בכד פלסטי,מחלבת יטבתה,,יטבתה שוקו כד 2ליטר,,2.00,1 ליטר,false,1,22.00,11.00,true,1,9668
7290003026036,false,"ד""ר פישר - קמיל בלו סנסיטיב אל סבון עדין לתינוק 1 ליטר",פישר מעבדות פרמצבטיות בע,,אל סבון ורוד 1 ליטר,,1.00,1 ליטר,false,1,32.90,32.90,false,1,14714
7290003026227,false,"קמיל בלו שמפו לתינוק סנסיטיב אל דמע ד""ר פישר 1 ליטר",פישר מעבדות פרמצבטיות בע,,שמפו 1 ליטר אל דמע,,1.00,1 ליטר,false,1,32.90,32.90,false,1,23202
7290003029181,false,משקה יטבתה שוקו' בקבוק 1ל מהדרין,שטראוס גרופ,,יטבתה שוקו בקבוק 1ל,,1.00,1 ליטר,false,1,12.40,12.40,true,1,530
7290003029372,false,משקה חלב בטעם בננה יטבתה 1 ליטר,מחלבת יטבתה,,יטבתה בננה בקבוק 1ל,,1.00,1 ליטר,false,1,12.40,12.40,true,1,531
7290003029389,false,"משקה חלב בננה פקק ספורט 250 מ""ל יוטבתה",מחלבת יטבתה,,יטבתה בננה פקק 0.25,,250.00,"100 מ""ל",false,1,7.50,3.00,true,1,123
7290003029433,false,"משקה יטבתה שוקו פקק 250 מ""ל מהדרין",מחלבת יטבתה,,יטבתה שוקו פקק 250מל,,250.00,"100 מ""ל",false,1,7.50,3.00,true,1,533
7290003029532,false,מוקה בבקבוק יטבתה 1 ליטר מהדרין,שטראוס גרופ,,יטבתה מוקה בקבוק 1ל,,1.00,1 ליטר,false,1,12.40,12.40,true,1,9201
7290003029792,false,"משקה יטבתה שוקו שקיות מהדרין מארז 225X8מ""ל",מחלבת יטבתה,,יטבתה שוקו שקית- 8יח,,1.80,1 ליטר,false,1,22.80,12.67,true,1,3620
7290003029815,false,כד חלב 3% יטבתה 2 ליטר מהדרין,שטראוס גרופ,,יטבתה חלב מועשר כד2ל,,2.00,1 ליטר,false,1,17.00,8.50,true,1,7691
7290003029907,false,אייס קפה יטבתה 1 ליטר מהדרין,שטראוס גרופ,,יטבתה אייס קפה 1,,1.00,1 ליטר,false,1,12.40,12.40,true,1,9726
7290003047642,false,תה שחור יילו לייבל 100*1.5 ג' שקיק ליפטון,"יונילוור רוסייה בע""מ",,תה ליפטון 100 שקיות,,150.00,100 גרם,false,1,19.90,13.27,true,1,11351
7290003055128,false,טישו פיור 100 יח,חיי נייר,,טישו פיור,,100.00,יחידה,false,1,3.90,0.04,true,1,23903
7290003060009,false,"קמח חיטה לבן בהיר טחנות ישראליות 1 ק""ג",טחנות ישראליות,,קמח לבן בהיר,,1.00,"1 ק""ג",false,1,6.00,6.00,false,1,28132
7290003060023,false,"סולת חיטה 1 ק""ג מטחנות ישראליות",טחנות ישראליות,,סולת חיטה 1קג,,1.00,"1 ק""ג",false,1,6.00,6.00,false,1,28135
7290003072811,false,נקניקיות בראטוורסט מבשר בקר והודו,טיב טירת צבי 2000,,נקניקיות בראטוורסט,,320.00,100 גרם,false,1,31.00,9.69,true,1,23724
7290003072828,false,נקניקיות פרנקפורטר מבשר בקר,טיב טירת צבי 2000,,נקניקיות פרנקפורטר,,320.00,100 גרם,false,1,31.00,9.69,true,1,23725
7290003072835,false,נקניקיות קנאקוורסט טירת צבי 320 גרם,טיב טירת צבי 2000,,נקניקיות קנאקוורסט,,320.00,100 גרם,false,1,31.00,9.69,true,1,23726
7290003081684,false,מגבוני אוונט,Unknown,,מגבוני אוונט,,15.00,100 גרם,false,1,5.90,39.33,true,1,19144
7290003107223,false,טחנת קמח דגן סולת 1קג,טחנת קמח דגן לישראל,,סולת הדגן,,500.00,100 גרם,false,1,6.90,1.38,true,1,12716
7290003122998,false,פס גבינה פירורים,Unknown,,פס גבינה פירורים,,1.00,יחידה,false,1,69.00,69.00,false,1,28767
7290003126958,false,טופו גבינה גוש בואקום צוריאל 300 ג',א.י.ן תעשיות מזון בע,,טופו משק צוריאל,,340.00,100 גרם,false,1,13.00,3.82,true,1,23388
7290003141159,false,יוגטה מרשמלו ממתק מוקצף בטעמי תות שדה ווניל 180 גרם,מוטקה החולב,,יוגטה מרשמלו 180ג,,1.00,יחידה,false,1,9.90,9.90,true,1,28900
7290003143146,false,ממרח תמרים קליית גת 450 גרם,הדקלאים אגודת שיתופי,,ממרח תמרים 450 גר,,450.00,100 גרם,false,1,7.90,1.76,true,1,17663
7290003143276,false,יוגטה מרשמלו ממתק מוקצף בטעם תות שדה 180 גרם,תות ממתקי איכות,,יוגטה מרשמלו מגולגל,,1.00,יחידה,false,1,9.90,9.90,true,1,28901
7290003144310,false,תערובת אגוזים וחמוציות קליית גת 150 גרם,גי אנד גי,,תערובת אגוזים 150גר,,150.00,100 גרם,false,1,22.90,15.27,true,1,17538
7290003145560,false,ק.גת שקדים קלויים100,ליימן שליסל,,ק.גת שקדים קלויים100,,100.00,100 גרם,false,1,10.00,10.00,true,1,15853
7290003145577,false,ק.גת קשיו קלויים 100,קוד יצרן JG,,ק.גת קשיו קלויים 100,,100.00,100 גרם,false,1,10.00,10.00,true,1,15851
7290003145584,false,ק.גת פיסטוק קלוי 100,קוד יצרן JG,,ק.גת פיסטוק קלוי 100,,100.00,100 גרם,false,1,10.00,10.00,true,1,15852
7290003145751,false,"קליית גת אגוזי קלויים, 200 גרם",הדקלאים אגודת שיתופי,,קשיו קלוי 200 גרם,,200.00,100 גרם,false,1,25.00,12.50,true,1,15834
7290003145768,false,בוטנים אמריקאיים 50גר קליית גת,ששון ושות;#039& )ש.ת. תע,,בוטן אמריקאי 50 גרם,,50.00,100 גרם,false,1,3.00,6.00,true,1,7389
7290003145782,false,צנובר רכיבים טבעיים קליית גת 100 גרם,הדקלאים אגודת שיתופי,,צנובר טבעי 100 גר,,100.00,100 גרם,false,1,26.50,26.50,true,1,17949
7290003145959,false,פקאן טבעי 150 גרם קליית גת,ליימן מותגים,,פקאן טבעי שקית 150גר,,150.00,100 גרם,false,1,29.90,19.93,true,1,7977
7290003153831,false,שוש חטיף בוטנים 80 גרם,"שטראוס פריטו ליי בע""\מ )",,שוש 80 גר,,80.00,100 גרם,false,1,7.90,9.88,true,1,720
7290003208586,false,"וורמוט מרטיני לבן 750 מ""ל",מרטיני ורוסי,,מרטיני ביאנקו 750 מל,,750.00,"100 מ""ל",false,1,62.00,8.23,false,1,26628
7290003208890,false,"וודקה פינלנדיה 200 מ""ל",בראון פורמן,,וודקה פינלנדיה 200מ,,200.00,"100 מ""ל",false,1,36.90,18.30,true,1,21813
7290003212385,false,עוגיות-אוזניות 350ג,Unknown,,עוגיות-אוזניות 350ג,,350.00,100 גרם,false,1,12.90,3.69,true,1,15288
7290003212392,false,מאפים מלוחים 350גר,Unknown,,מאפים מלוחים 350גר,,350.00,100 גרם,false,1,12.90,3.69,true,1,15287
7290003212408,false,רוגלך שמרים קינמון,Unknown,,רוגלך שמרים קינמון,,400.00,100 גרם,false,1,12.90,3.22,true,1,15286
7290003212415,false,רוגלך שמרים שוקולד,Unknown,,רוגלך שמרים שוקולד,,400.00,100 גרם,false,1,12.90,3.22,true,1,15285
7290003229109,false,פסטרמה הודו בפפריקה טירת צבי 400 גרם,הנסיך- מפעל לייצור ט,,ט.צבי פסטרמה פפרי400,,400.00,100 גרם,false,1,37.10,9.28,true,1,3520
7290003229116,false,פסטרמה הודו בדבש שומן טירת צבי 400 גרם,הנסיך- מפעל לייצור ט,,ט.צבי פסטרמה בדבש400,,400.00,100 גרם,false,1,35.90,8.98,true,1,3506
7290003229123,false,פסטרמה הודו על גחלים 2% טירת צבי 400 גרם,הנסיך- מפעל לייצור ט,,ט.צבי פסטרמ גחלים400,,400.00,100 גרם,false,1,35.90,8.98,true,1,3507
7290003229147,false,נקניק סלמי איטלקי מעושן טירת צבי 300 גרם,הנסיך- מפעל לייצור ט,,ט.צבי סלמי איטלקי300,,300.00,100 גרם,false,1,35.00,11.67,true,1,5569
7290003229154,false,נקניק סלמי קוניאק טירת צבי 300 גרם,הנסיך- מפעל לייצור ט,,ט.צבי קוניאק מובחר,,300.00,100 גרם,false,1,35.00,11.67,true,1,5570
7290003229192,false,נקניק כתף בקר מעושן 2% טירת צבי 400 גרם,טיב טירת צבי 2000,,ט.צבי כתף בקר,,400.00,100 גרם,false,1,42.00,10.50,true,1,5655
7290003312053,false,קראנץ חלבה,Unknown,,קראנץ חלבה,,1.00,יחידה,false,1,44.00,44.00,false,1,28759
7290003312060,false,קראנץ שוקולד,Unknown,,קראנץ שוקולד,,1.00,יחידה,false,1,44.00,44.00,false,1,28760
7290003312077,false,קראנץ גבינה אוכמניות,Unknown,,קראנץ גבינה אוכמניות,,1.00,יחידה,false,1,44.00,44.00,false,1,28776
7290003312153,false,עוגת גזר חדשה,Unknown,,עוגת גזר חדשה,,1.00,יחידה,false,1,40.00,40.00,false,1,29592
7290003312306,false,עוגיות שוקולד בייגלה,Unknown,,עוגיות שוקולד בייגלה,,1.00,יחידה,false,1,35.00,35.00,false,1,28770
7290003312312,false,סינמון לוז,Unknown,,סינמון לוז,,1.00,יחידה,false,1,35.00,35.00,false,1,29484
7290003312320,false,פרלינה ואגוזי לוז,Unknown,,פרלינה ואגוזי לוז,,1.00,יחידה,false,1,40.00,40.00,false,1,28772
7290003312337,false,בחושה פרג לימון,Unknown,,בחושה פרג לימון,,1.00,יחידה,false,1,40.00,40.00,false,1,28773
7290003312344,false,בחושה שוקולד קרמבל,Unknown,,בחושה שוקולד קרמבל,,1.00,יחידה,false,1,40.00,40.00,false,1,28774
7290003312351,false,ציזי גריסיני,Unknown,,ציזי גריסיני,,1.00,יחידה,false,1,35.00,35.00,false,1,29485
7290003312511,false,גרנולה צנצנת,Unknown,,גרנולה צנצנת,,1.00,יחידה,false,1,30.00,30.00,false,1,29595
7290003312542,false,פס גבינה פירורים,Unknown,,פס גבינה פירורים,,1.00,יחידה,false,1,69.00,69.00,false,1,29063
7290003313563,false,פס גבינה בלונדי,Unknown,,פס גבינה בלונדי,,1.00,יחידה,false,1,69.00,69.00,false,1,29072
7290003321155,false,יוגורט בר עם פקאן מצופה שוקולד 183 ג' דנונה,"שטראוס בריאות בע""\מ",,דנונה בר פקאן 180 גר,,175.00,"100 מ""ל",false,1,6.20,3.54,true,1,570
7290003321292,false,גבינה לבנה 9% שומן 250 ג' שטראוס,מיוצר עי קונדיטוריית,,סקי גבינה 9% 250גר,,250.00,100 גרם,false,1,4.75,1.90,true,1,553
7290003332007,false,קפה שחור עם הל 250 גרם,סובחי נחלה ובניו,,נחלה אדום קפה הל 250,,250.00,100 גרם,false,1,17.90,7.16,true,1,18375
7290003387205,false,ספיד סטיק - דאודורנט סטיק לגבר רגולר,הנסיך- מפעל לייצור ט,,ספיד סטיק לגבר ירוק,,102.00,100 גרם,false,1,21.90,21.47,true,1,12699
7290003402809,false,חטיף הרשי ריזס שוקולד לבן 39 גר,ליימן מותגים,,ריזס לבן 39 גר,,39.00,100 גרם,false,1,5.50,14.10,true,1,23110
7290003423909,false,חטיף קוקיס אנד קרים לבן 43 גרם,ליימן מותגים,,הרשיז לבן עוגיות,,43.00,100 גרם,false,1,7.00,16.28,true,1,7141
7290003427154,false,"שמן זית כתית מעולה טעם מעודן זיתא 750 מ""ל",זיתא תעשיות שמן זיתt\,,שמן זית כתית זיתא,,750.00,"100 מ""ל",false,1,36.90,4.92,true,1,10623
7290003434664,false,ביס בר דגנים מלאים בשוקולד 120 גרם,תות ממתקי איכות,,ביס בר דגנים מלאים,,120.00,100 גרם,false,1,13.90,11.58,true,1,26977
7290003444009,false,הרשי ריזס חטיף במילוי בוטנים 42 גרם,ליימן מותגים,,ריזס חמאת בוטנים,,42.00,100 גרם,false,1,5.50,13.10,true,1,7219
7290003450602,false,חרדל אמיתי צהוב בקבוק לחיץ 255 גר,היינץ צפון אמריקה מקבוצת ה.י.היינץ,,היינץ חרדל לחיץ-ח.ג,,255.00,100 גרם,false,1,12.50,4.90,true,1,9712
7290003457861,false,"סולרו בטעם פירות טרופיים ""שטראוס""","מיוצר ע""\י גלידת שטראוס",,סולרו פירות טרופיים,,85.00,100 גרם,false,1,12.90,15.18,true,1,436
7290003457991,false,טילון קורנטו וניל עם וופל ואגוזי לוז מסוכרים,"גלידת שטראוס בע""\מ, רחוב",,קורנטו קלאסיק -6 יח,,378.00,100 גרם,false,1,36.00,9.52,true,1,5805
7290003475124,false,בלונס מסיר איפור 80 יח,קריות זול,,צמר גפן 100גר,,100.00,100 גרם,false,1,6.50,6.50,true,1,9454
7290003525478,false,סלט טונה ויליגר 160 גרם,"ויליגר, תעשיות בע""מ",,סלט טונה ויליגר,,160.00,100 גרם,false,1,7.00,4.38,true,1,13131
7290003550753,false,רביעיית טונה בשמן פוסידון 108 גרם,"מיוצר עי וליגר בעמ,",,טונה פוסידון בשמן 4,,432.00,100 גרם,false,1,24.00,5.56,true,1,25996
7290003578061,false,לבבות דקל שלמים ויליפוד 400 גרם,אלימנטוס אי קונסרבס,,לבבות דקל שלמים,,400.00,100 גרם,false,1,12.90,3.22,true,1,9689
7290003578177,false,תירס צעיר שלם וילי פוד 210 גרם,מגסטיק פוד אידסטרי ק,,תירס גמדי ויליפוד,,410.00,100 גרם,false,1,7.90,1.93,true,1,9690
7290003578313,false,דובדבנים ללא חרצנים ויליפוד 680 גרם,דל מונטה היילס אס.אי,,דובדבנים חמוצים בלי,,680.00,100 גרם,false,1,13.00,1.91,true,1,25831
7290003608089,false,ספרינג תות-בננה 1.5 ליטר,יפאורה שותפות מובגלת לשיווק,,ספרינג תות בננה 1.5,,1.50,1 ליטר,false,1,11.90,7.93,true,1,1726
7290003643004,false,"אורז בסמטי קלאסי סוגת 1 ק""ג",האי נאם סי או אל.טי.,,אורז הודי בסמטי 1קג,,1.00,"1 ק""ג",false,1,17.00,17.00,true,1,3110
7290003643158,false,קורנפולר שקית 200 ג' סוגת,המאפיה של הרמן,,סוגת קורנפלור 200ג,,200.00,100 גרם,false,1,4.50,2.25,true,1,17346
7290003643325,false,סוגת קוסקוס בינוני 350 גרם,"אסיף תעשיות מזון בע""\מ",,קוסקוס סוגת בינוני,,350.00,100 גרם,false,1,6.00,1.71,true,1,26204
7290003643387,false,"סוכר לבן בצנצנת 1 ק""ג סוגת",האי נאם סי או אל.טי.,,סוכר לבן צנצנת 1 קג,,1.00,"1 ק""ג",false,1,9.90,9.90,true,1,1689
7290003643646,false,"סוכר דמררה קלאסי בצנצנת סוגת 1 ק""ג",האי נאם סי או אל.טי.,,סוכר דמררה 1 קג,,1.00,"1 ק""ג",false,1,13.90,13.90,true,1,1690
7290003643714,false,חומוס גרגירים 500 גרם סוגת,האי נאם סי או אל.טי.,,סוגת חומוס 500 גר,,500.00,100 גרם,false,1,8.90,1.78,true,1,17355
7290003643738,false,חיטה 500 גרם סוגת,האי נאם סי או אל.טי.,,חיטה 500 גר,,500.00,100 גרם,false,1,6.00,1.20,true,1,17344
7290003643745,false,כוסמת סוגת 500 גרם,האי נאם סי או אל.טי.,,סוגת כוסמת 500 גר,,500.00,100 גרם,false,1,9.90,1.98,true,1,26205
7290003643752,false,עדשים ירוקים יבש סוגת 500 גר',האי נאם סי או אל.טי.,,סוגת עדשים ירוקים,,500.00,100 גרם,false,1,9.90,1.98,true,1,12831
7290003643769,false,עדשים אדומים יבש סוגת 500 גר',"סוגת תעשיות בע""\מ",,סוגת עדשים אדומי500,,500.00,100 גרם,false,1,9.90,1.98,true,1,12824
7290003643776,false,"פופקורן גרעינים סוגת 500 ג' כשל""פ",האי נאם סי או אל.טי.,,פופקורן 500 גר,,500.00,100 גרם,false,1,8.00,1.60,true,1,17345
7290003643806,false,שעועית לבנה יבשה סוגת 500 ג',האי נאם סי או אל.טי.,,שעועית לבנה 500 גר,,500.00,100 גרם,false,1,12.00,2.40,true,1,12702
7290003643813,false,שעועית אדומה יבשה סוגת 500 גר',האי נאם סי או אל.טי.,,שעועית אדומה 500 גר,,500.00,100 גרם,false,1,11.00,2.20,true,1,25841
7290003643820,false,חומוס ענק יבש סוגת 500 גרם,"סוגת תעשיות בע""\מ",,סוגת חומוס ענק,,500.00,100 גרם,false,1,12.00,2.40,true,1,26206
7290003650248,false,פז 2TS מיקס 1ל 17,Unknown,,פז 2TS מיקס 1ל 17,,1.00,1 ליטר,false,1,80.30,80.30,true,1,17
7290003650385,false,פזלון דלתון 4 ל,Unknown,,פזלון דלתון 4 ל,,0.00,,false,1,20.00,0.00,false,1,10578
7290003651078,false,פזכולנט 6 1 ל 17יח,Unknown,,פזכולנט 6 1 ל 17יח,,1.00,1 ליטר,false,1,36.70,36.70,true,1,7344
7290003652129,false,טורבו פז 4ליטר,Unknown,,טורבו פז 4ליטר,,4.00,1 ליטר,false,1,180.50,45.12,true,1,24863
7290003653287,false,נוזל בלמים 0.250ל,Unknown,,נוזל בלמים 0.250ל,,250.00,"100 מ""ל",false,1,39.70,15.88,true,1,25
7290003653409,false,טורבו פז 1ליטר 17יח,Unknown,,טורבו פז 1ליטר 17יח,,1.00,1 ליטר,false,1,69.40,69.40,true,1,10921
7290003655267,false,פזכולנט 6 2 ל 10יח,Unknown,,פזכולנט 6 2 ל 10יח,,2.00,1 ליטר,false,1,67.40,33.70,true,1,27
7290003655281,false,פרו לוב 0.5 ל פח,Unknown,,פרו לוב 0.5 ל פח,,0.00,,false,1,80.30,0.00,true,1,804
7290003655403,false,פז פאואר סינט 1ל,Unknown,,פז פאואר סינט 1ל,,1.00,1 ליטר,false,1,80.30,80.30,true,1,6162
7290003656219,false,תוסף דיזל פז D-77 30,Unknown,,תוסף דיזל פז D-77 30,,500.00,"100 מ""ל",false,1,59.70,11.94,true,1,24862
7290003656646,false,פז זז ספריי 12יח,Unknown,,פז זז ספריי 12יח,,400.00,"100 מ""ל",false,1,29.00,7.25,true,1,24892
7290003656738,false,סקאיפז ספרי 12יח,Unknown,,סקאיפז ספרי 12יח,,400.00,"100 מ""ל",false,1,29.00,7.25,true,1,7098
7290003657094,false,טופ טק 10W-40ל 17,Unknown,,טופ טק 10W-40ל 17,,1.00,1 ליטר,false,1,56.50,56.50,true,1,6246
7290003657667,false,אוטוגיר 3 0.5 פח,Unknown,,אוטוגיר 3 0.5 פח,,500.00,"100 מ""ל",false,1,39.70,7.94,true,1,6205
7290003657674,false,פז אפ 600 0.5ל,Unknown,,פז אפ 600 0.5ל,,600.00,"100 מ""ל",false,1,98.20,16.37,true,1,6217
7290003658718,false,אוראה 10 ליטר חדש,Unknown,,אוראה 10 ליטר חדש,,10.00,1 ליטר,false,1,65.00,6.50,true,1,15405
7290003659210,false,פז אנרגי 5W-30ל 17,Unknown,,פז אנרגי 5W-30ל 17,,1.00,1 ליטר,false,1,80.30,80.30,true,1,8892
7290003659272,false,פז סופר TT ליטר,Unknown,,פז סופר TT ליטר,,1.00,1 ליטר,false,1,59.50,59.50,true,1,10433
7290003659289,false,טופ טק 40 1 ל (דיזל),Unknown,,טופ טק 40 1 ל (דיזל),,0.00,,false,1,59.50,0.00,true,1,10434
7290003659319,false,פז אקסטרים 20W-50ל,Unknown,,פז אקסטרים 20W-50ל,,1.00,1 ליטר,false,1,40.70,40.70,true,1,10431
7290003659418,false,פז לונג לייף 1ל 17י,Unknown,,פז לונג לייף 1ל 17י,,1.00,1 ליטר,false,1,39.70,39.70,true,1,10610
7290003703173,false,בונז'ור לחמנית כריך ג'בטה 150ג',בונז'ור,,בונזור כריך גבטה,,150.00,100 גרם,false,1,4.90,3.27,true,1,29294
7290003805129,false,"קנור פירה בטעם ביתי 260 גרם כשל""פ",יוניליוור ישראל מזון בע\,,פירה בטעם ביתי כשלפ,,240.00,100 גרם,false,1,15.90,6.62,true,1,10693
7290003805501,false,"פתית בסגנון שוודי תלמה בד""צ 300 גרם",יוניליוור ישראל מזון בע\,,פתית שוודי 300גר,,300.00,100 גרם,false,1,21.00,7.00,true,1,3935
7290003807178,false,"רוטב קנור סויה בסגנון סיני 300 מ""ל",יוניליוור ישראל מזון בע\,,רוטב סויה,,300.00,"100 מ""ל",false,1,12.90,4.30,true,1,26207
7290003864478,false,סרדינים בשמן צמחי פתח קל ויליפוד 110 גרם,גולדן פרייז קאנינג א,,סרדין בשמן צמחי 90גר,,110.00,100 גרם,false,1,5.90,5.36,true,1,9693
7290003864485,false,סרדינים ברוטב עגבנ יות ויליפוד 110ג' פתח קל,גולדן פרייז קאנינג א,,סרדין ברוטב עגבניות,,110.00,100 גרם,false,1,5.90,5.36,true,1,25846
7290003864492,false,סרדינים בשמן צמחי חריף פתח קל ויליפוד 110ג',גולדן פרייז קאנינג א,,סרדין בשמן צמחי 110,,110.00,100 גרם,false,1,5.90,5.36,true,1,24915
7290003882922,false,עלי גפן ממולאים באורז וילי פוד 360 גרם,אף.סי תבליני בגליל ב,,עלי גפן ממולאים אורז,,400.00,100 גרם,false,1,10.90,2.72,true,1,12706
7290003903955,false,פרה שוקולד מילוי קרם,STRAUSS-ISRAEL,,פרה שוק. מילוי ק.חלב,,100.00,100 גרם,false,1,9.00,9.00,false,1,263
7290003989539,false,לורנצו רביולי במילוי גבינה,מיוצר עי קונדיטוריית,,רביולי גבינה 400 גר,,400.00,100 גרם,false,1,24.00,6.00,true,1,9212
7290003996957,false,נבטי אלפלפא ארוז ליח,קטיף ירק ירושלים,,נבטי אלפלפא ארוז ליח,,180.00,100 גרם,false,1,6.90,3.83,true,1,22329
7290004011284,false,ריצ בסיס להכנת קצפת 25% 212מל,ריצ' פרודקטס קורפריי,,בסיס להכנת קצפת 212,,212.00,100 גרם,false,1,9.00,4.25,true,1,26305
7290004011338,false,"ספריי קצפת מתוקה מוכנה ריץ' 250 מ""ל",האי נאם סי או אל.טי.,,ריץ קצפת מיכל 250מ,,250.00,"100 מ""ל",false,1,13.00,5.20,true,1,14836
7290004014407,false,עדשי מ&מ'ס חמאת בוטנים46,מרס נדרלנד,,אמ אנד אמס חמאת בוטנ,,49.21,100 גרם,false,1,6.50,13.21,true,1,17467
7290004063016,false,"מלח שולחן דק סלית 1 ק""ג בדץ",האי נאם סי או אל.טי.,,מלח שולחן דק,,1.00,"1 ק""ג",false,1,2.07,2.07,false,1,3108
7290004063115,false,"מלח מטבח עבה להמלחת בשר ובישול 1 ק""ג 1ק""ג",האי נאם סי או אל.טי.,,מלח גס סלעית 1 קג,,1.00,"1 ק""ג",false,1,2.07,2.07,false,1,13732
7290004068035,false,"איירן יוגורט לשתייה 3% גד 500 מ""ל","מיוצר ע""י קוד יצרן M",,גד משקה איירן בלקני,,500.00,"100 מ""ל",false,1,8.50,1.70,false,1,28282
7290004078942,false,ליידי ספיד סטיק - דאודורנט ג'ל לאישה 65 גרם,קולגייט-פלמוליב,,ליידי ספיד דאו-מרענן,,65.00,100 גרם,false,1,21.90,33.69,true,1,18201
7290004091248,false,וזלין פטרוליום אינטנסיב קאר ג'ל 106 גר',יבואן ומשווק: ש. שסט,,וזלין פטרוליום גל 1,,106.00,100 גרם,false,1,18.00,16.98,true,1,12731
7290004119225,false,יופלה יוגורט אננס %3 גביע 150 גרם,תנובה מרכז שיתופי לש,,יופלה אננס 3% 150מל,,150.00,"100 מ""ל",false,1,5.70,3.80,true,1,1486
7290004119973,false,קרלו מעדן שוקו רביעיה גביע 1.5% 125 גרם,תנובה מרכז שיתופי לש,,קרלו שוקו,,125.00,"100 מ""ל",false,1,4.20,3.36,true,1,9613
7290004120061,false,מעדן חלב בטעם שוקו וניל שוניל 2% קרלו 125 גרם,תנובה מרכז שיתופי לש,,קרלו שוניל,,125.00,"100 מ""ל",false,1,4.10,3.28,true,1,9209
7290004120566,false,פיראוס 24% גבינה בולגרית 250 גרם,תנובה חלב,,בולגרית פיראוס,,250.00,100 גרם,false,1,26.90,10.76,true,1,20437
7290004120573,false,גבינה בולגרית 16% פיראוס 250 גרם,תנובה מרכז שיתופי לש,,פיראוס בולגרית בקר,,250.00,100 גרם,false,1,26.90,10.76,true,1,1508
7290004120634,false,גבינה בולגרית 5% פיראוס 250 גרם,תנובה מרכז שיתופי לש,,פיראוס בולגרית %5,,250.00,100 גרם,false,1,26.90,10.76,true,1,555
7290004120832,false,"חלב 2 ליטר 3% כד ""תנובה""- מוצר בפיקוח",תנובה מרכז שיתופי לש,,חלב 3% שומן כד 2ל,,2.00,1 ליטר,false,1,12.46,6.23,false,1,29218
7290004121488,false,יופלה דיאט אפרסק 0% גביע 150 גרם,תנובה מרכז שיתופי לש,,יופלה דיאט אפרסק,,150.00,"100 מ""ל",false,1,5.70,3.80,true,1,4070
7290004121853,false,גבינה בולגרית 5% קוביות פיראוס 200 גרם,תנובה מרכז שיתופי לש,,בולגרית פיראוס 5%,,200.00,100 גרם,false,1,23.90,11.95,false,1,2133
7290004122119,false,פתיתי פרמזן 23% לפסטה השף הלבן 100 גרם,פ.פ.ח. שאביט,,פתיתי פרמזן 100 גר,,100.00,100 גרם,false,1,14.90,14.90,true,1,9741
7290004122195,false,גוש חלב גבינה צהובה פרוסה 28% תנובה 200 גרם,קריות זול,,גוש חלב-חציקשה מהדרי,,200.00,100 גרם,false,1,15.40,7.70,true,1,9677
7290004122270,false,עמק קלאסית פרוסות גבינה חצי קשה 28% 200 גרם,תנובה מרכז שיתופי לש,,עמק פרוס בקופסא %28,,200.00,100 גרם,false,1,18.80,9.40,true,1,556
7290004122348,false,גבינת עמק לייט פרוס בקופסא 200 גרם,תנובה מרכז שיתופי לש,,עמק לייט פרוס %200 9,,200.00,100 גרם,false,1,18.90,9.45,true,1,1513
7290004122676,false,גבינת חמד לייט 5% פיראוס 250 ג',"תנובה,מחלבת טנא נוגה",,פ.חמד לייט 5% 250ג,,250.00,100 גרם,false,1,20.90,8.36,true,1,23442
7290004124205,false,יופלה דיאט יוגורט תות %0 גביע 150 גרם,תנובה מרכז שיתופי לש,,יופלה דיאט תות 150מל,,150.00,"100 מ""ל",false,1,5.70,3.80,true,1,1494
7290004124847,false,"קצפת צמחית השף הלבן 500 מ""ל תנובה",תנובה מרכז שיתופי לש,,שף לבן קצפת צמחית,,500.00,"100 מ""ל",false,1,18.90,3.78,true,1,23443
7290004125370,false,"שמנת חמוצה 9% מופחתת שומן תנובה 200 מ""ל מהדרין",תנובה מרכז שיתופי לש,,שמנת תנובה 9%,,200.00,"100 מ""ל",false,1,4.30,2.15,true,1,13087
7290004125400,false,"אשל שלי מהדרין 200 מ""ל 4.5% ""תנובה""- מוצר בפיקוח",פארייפאבה אגרואינדוס,,שלי אשל %200 4.5 מל,,200.00,"100 מ""ל",false,1,1.69,0.84,false,1,1812
7290004125417,false,"גיל 3% שלי 200 מ""ל ""תנובה"" -מוצר בפיקוח",תנובה מרכז שיתופי לש,,שלי גיל 3% מהדרין,,200.00,"100 מ""ל",false,1,1.51,0.76,false,1,574
7290004125455,false,"שמנת חמוצה 200 מ""ל 15% ""תנובה"" -מוצר בפיקוח",תנובה מרכז שיתופי לש,,שמנת חמוצה %15 בדצ,,200.00,"100 מ""ל",false,1,2.40,1.20,false,1,2507
7290004125462,false,"שמנת חמוצה 15% תנובה 500 מ""ל מהדרין",תנובה מרכז שיתופי לש,,שמנת חמוצה,,500.00,"100 מ""ל",false,1,6.00,1.20,false,1,1791
7290004125509,false,"שמנת חמוצה 15% מועשרת תנובה 100 מ""ל",תנובה מרכז שיתופי לש,,תנובה שמנת חמוצה 100,,100.00,"100 מ""ל",false,1,1.70,1.70,true,1,9734
7290004125578,false,משקה סויה מעושר בסידן תנובה 1ל',תנובה מרכז שיתופי לש,,אלטרנטיב סויה 1 ל,,1.00,1 ליטר,false,1,12.40,12.40,true,1,1516
7290004125585,false,משקה סויה בטעם וניל תנובה 1 ליטר,תנובה מרכז שיתופי לש,,אלטרנטיב סויה וניל 1,,1.00,1 ליטר,false,1,13.00,13.00,true,1,1518
7290004125721,false,"השף הלבן שמנת עמידה לבישול 15% תנובה 250 מ""ל",תנובה מרכז שיתופי לש,,השף הלבן שמנת לבישול,,250.00,"100 מ""ל",false,1,8.90,3.56,true,1,1520
7290004125738,false,שמנת מתוקה להקצפה32% 250מל עמיד השף הלבן,תנובה מרכז שיתופי לש,,שמנת עמידה להקצפה,,250.00,"100 מ""ל",false,1,6.90,2.76,true,1,9394
7290004125776,false,גבינה צהובה עמק 28% 400 גרם בקופסא,קריות זול,,עמק פרוס בקופסה 400,,400.00,100 גרם,false,1,31.80,7.95,true,1,3889
7290004126674,false,טל העמק פרוסות גבינה חצי קשה לייט %9 200 גרם בקופסא,תנובה מרכז שיתופי לש,,טל העמק לייט,,200.00,100 גרם,false,1,20.90,10.45,true,1,5646
7290004126759,false,יוגורט דיאט יופלה פירות יער 150 גרם,תנובה בעמ,,יופלה דיאט פירות 150,,150.00,"100 מ""ל",false,1,5.70,3.80,true,1,1493
7290004126872,false,משקאות חלב תנובה שוקו בקבוק 250מל,תנובה חלב,,שוק שוקו 250 מל,,250.00,"100 מ""ל",false,1,6.90,2.76,true,1,4082
7290004127077,false,קוטג תנובה 3% גביע 250 גרם מהדרין,מיוצר עי קונדיטוריית,,תנובה קוטג 3%,,250.00,100 גרם,false,1,6.00,2.40,true,1,5622
7290004127329,false,קוטג תנובה גביע 250 גרם %5 ו.מהדרין,מיוצר עי קונדיטוריית,,תנובה קוטג 5% 250גר,,250.00,100 גרם,false,1,6.00,2.40,true,1,557
7290004127336,false,קוטג תנובה גביע 250 גרם %9 ו.מהדרין,מיוצר עי קונדיטוריית,,תנובה קוטג 9% בדצ,,250.00,100 גרם,false,1,6.00,2.40,true,1,558
7290004127800,false,"גבינה לבנה 500 גרם 5% ""תנובה"" -מוצר בפיקוח",מיוצר עי קונדיטוריית,,תנובה גבינה לבנה 5%,,500.00,100 גרם,false,1,9.96,1.99,false,1,7828
7290004127817,false,גבינה לבנה 9% שומן 500 ג' תנובה,מיוצר עי קונדיטוריית,,תנובה גבינה לבנה 9%,,500.00,100 גרם,false,1,10.50,2.10,false,1,7829
7290004128333,false,לאבנה על בסיס יוגורט %9 שומן 500 ג' פיראוס,קריות זול,,פיראוס לבנה 9%,,500.00,100 גרם,false,1,22.90,4.58,true,1,23413
7290004128340,false,קרם גבינת שמנת %5 בטעם טבעי 200 ג' תנובה,קריות זול,,גבינת שמנת 5% טבעי,,200.00,100 גרם,false,1,12.90,6.45,true,1,1507
7290004128364,false,קרם גבינת שמנת 5% עם זיתים ירוקים 200 ג' תנובה,"תנובה, מחלבת תל יוסף",,גבינת שמנת זיתים 5%,,200.00,100 גרם,false,1,12.90,6.45,true,1,1813
7290004129101,false,גבינת שמנת 25% בטעם טבעי 225 ג' נפוליאון,תנובה מרכז שיתופי לש,,נפוליאון טבעי %30,,225.00,100 גרם,false,1,15.90,7.07,true,1,559
7290004129118,false,גבינת שמנת 24% עם זיתים ירוקים 225 ג' נפוליאון,מחלבת אלון תבור,,נפוליאון זיתים %30,,225.00,100 גרם,false,1,15.90,7.07,true,1,560
7290004129156,false,גבינת שמנת25% עם שום שמיר 225 ג' נפוליאון,תנובה מרכז שיתופי לש,,נפוליאון שוםשמיר 250,,225.00,100 גרם,false,1,15.90,7.07,true,1,561
7290004129545,false,גבינה למריחה 3% 250 גרם,מחלבת אלון תבור,,תנובה גבינה לבנה 3%,,250.00,100 גרם,false,1,5.30,2.12,false,1,9539
7290004129736,false,יופלה לבן מעודן 1.5% גביע 200 גרם,תנובה מרכז שיתופי לש,,יופלה לבן מעודן %1.5,,200.00,"100 מ""ל",false,1,4.90,2.45,true,1,1499
7290004130794,false,משקה סויה במתיקות מופחתת תנובה 1 ליטר,תנובה מרכז שיתופי לש,,אלטרנטיב מ.מופחתת 1,,1.00,1 ליטר,false,1,13.00,13.00,true,1,1517
7290004130916,false,יוגורט יופלה פירות יער בשמנת 3% 150 גרם,תנובה מרכז שיתופי לש,,יופלה פירות יער בשמנ,,150.00,"100 מ""ל",false,1,5.70,3.80,true,1,3792
7290004131074,false,"חלב 1 ליטר 3% קרטון ""תנובה""- מוצר בפיקוח",תנובה מרכז שיתופי לש,,תנובה חלב3% קרט מהדר,,1.00,1 ליטר,false,1,6.23,6.23,false,1,2906
7290004131081,false,חלב תנובה 3% שקית 1 ליטר מהדרין,Unknown,,תנובה חלב שקית 3%,,1.00,1 ליטר,false,1,5.43,5.43,false,1,2907
7290004131227,false,תנובה גבינה לבנה 3%,מחלבת אלון תבור,,תנובה גבינה לבנה 3%,,500.00,100 גרם,false,1,10.50,2.10,false,1,7830
7290004131432,false,יוגורט יופלה לבן ביו 3% 200 גרם,מיוצר עי קונדיטוריית,,יופלה לבן 3% 200 גר,,200.00,"100 מ""ל",false,1,4.60,2.30,true,1,1795
7290004131456,false,יוגורט ביו 1.5% שומן 200 ג' יופלה,מיוצר עי קונדיטוריית,,יופלה לבן 1.5% 200גר,,200.00,"100 מ""ל",false,1,4.60,2.30,true,1,1796
7290004131531,false,משקאות חלב תנובה שוקו בקבוק 1ל,פארייפאבה אגרואינדוס,,תנובה שוקו 1ל 20%,,1.00,1 ליטר,false,1,14.50,14.50,false,1,2701
7290004131814,false,גבינה צפתית 5% מעודנת 200 ג' פיראוס,פארייפאבה אגרואינדוס,,פיראוס צפתית 5%,,200.00,100 גרם,false,1,17.90,8.95,true,1,12745
7290004132231,false,חלב פלוס לקפה 3.5% שומן,"תנובה, מחלבת רחובות",,תנובה חלב לקפה 0.8 ל,,800.00,"100 מ""ל",false,1,7.90,0.99,true,1,1778
7290004132552,false,משקה סויה בטעם טבעי לייט תנובה 1 ליטר,תנובה מרכז שיתופי לש,,אלטרנטיב סויה לייט,,1.00,1 ליטר,false,1,13.00,13.00,true,1,23444
7290004132712,false,חטיף אצבעות גבינת מוצרלה 20% 172 ג' עמק,תנובה מרכז שיתופי לש,,אצבעות עמק,,174.00,100 גרם,false,1,18.90,10.86,true,1,12737
7290004132903,false,גבינה לבנה 3% מהדרין תנובה 250 גרם,תנובה מרכז שיתופי לש,,גבינה לבנה 3% 250ג,,250.00,100 גרם,false,1,5.30,2.12,false,1,28727
7290004133511,false,יופלה מאגדת לבן 1.5% מעודן 8 יח' * 150 ג',מיוצר עי קונדיטוריית,,יופלה לבן*8,,1.20,"1 ק""ג",false,1,23.90,19.92,true,1,25876
7290004133627,false,חלב על הבוקר וניל 3% 1 ל,תנובה מרכז שיתופי לש,,תנובה חלב על הבוקר3%,,1.00,1 ליטר,false,1,9.50,9.50,true,1,1926
7290004133900,false,קצפת צמחית השף הלבן250מל,סוי מג'יק,,השף הלבן קצפת צימחית,,250.00,"100 מ""ל",false,1,11.70,4.68,true,1,15063
7290004135072,false,"מעדן חלב מיני שוקולדה 1.5% מהדרין קרלו 8*100 מ""ל",תנובה מרכז שיתופי לש,,קרלו מיני שוקולד,,800.00,"100 מ""ל",false,1,18.00,2.25,true,1,26208
7290004135614,false,גבינה בולגרית מעודנת 5% פיראוס 250 גרם,תנובה חלב,,פיראוס בולג.מעודן5%,,250.00,100 גרם,false,1,26.90,10.76,true,1,7833
7290004136154,false,"משקה חלב אייס קפה תנובה בבקבוק 340 מ""ל",גוד פוד פרודקטס S.p,,תנובה משקה אייס קפה,,340.00,"100 מ""ל",false,1,8.90,2.62,true,1,6789
7290004136598,false,מארז הפסקת אוכל עם קורנפלקס ומשקה חלב עמיד בטעם וניל,פארייפאבה אגרואינדוס,,הפסקת אוכל קורנפלק,,150.00,"100 מ""ל",false,1,10.50,7.00,true,1,6054
7290004136857,false,מעדן גלי פטל תנובה 125 גרם,תנובה מרכז שיתופי לש,,גלי פטל 0%,,125.00,"100 מ""ל",false,1,3.20,2.56,true,1,7743
7290004136871,false,מעדן ג'לי בטעם אפרסק עם חתיכות תנובה 125 גרם,תנובה מרכז שיתופי לש,,גלי אפרסק עם חתיכות,,125.00,"100 מ""ל",false,1,3.20,2.56,true,1,7742
7290004137021,false,"שמנת עמידה לבישול מופחת שומן 10% השף הלבן 250 מ""ל",תנובה מרכז שיתופי לש,,השף הלבן ש.לבישול10%,,250.00,"100 מ""ל",false,1,8.90,3.56,true,1,7146
7290004137311,false,עמק לייט משפחתית 9% 400ג-ועדת מהדרין,תנובה חלב,,עמק לייט משפחתית,,400.00,100 גרם,false,1,34.70,8.68,true,1,23445
7290004137809,false,פיראוס לאבנה 5% גביע 250 גרם,"תנובה, מחלבת אלון תב",,פיראוס לאבנה 5% 250,,250.00,100 גרם,false,1,16.40,6.56,true,1,10612
7290004200930,false,זיקוק זוג 15 סמ בשקית,שמחה זה אנחנו,,זוג זיקוק 15 בשקית,,0.00,,false,1,8.00,0.00,true,1,7227
7290004200961,false,זיקוק דק 3X בשקית,Unknown,,זיקוק דק 3X בשקית,,0.00,,false,1,5.00,0.00,true,1,14356
7290004219079,false,לבבות דקל פרוסות ויליפוד 400 גרם,אלימנטוס אי קונסרבס דל א,,לבבות דקל חתוך 400,,400.00,100 גרם,false,1,9.50,2.38,true,1,9691
7290004225872,false,קרם קוקוס ויליגר 400 גרם,טקרנג פינאפלה אינדוס,,קרם קוקוס,,400.00,"100 מ""ל",false,1,8.00,2.00,true,1,18883
7290004255213,false,פחם 2 קג מנורה,Unknown,,פחם 2 קג מנורה,,2.00,"1 ק""ג",false,1,21.90,10.95,false,1,28797
7290004324858,false,קבב כבש טיבון ויל 500 גרם,"טיבון ויל אחזקות בע""",,קבב כבש 500,,500.00,100 גרם,false,1,23.00,4.60,true,1,15933
7290004492274,false,בייגלה טבעות מלוחות בייגל בייגל 400 גרם,יוניליוור מזון,,בייגלה גל גל,,400.00,100 גרם,false,1,14.00,3.50,true,1,10637
7290004554293,false,קרחון אסקימו שטראוס ענבים,שטראוס,,קרחון אסקימו ענבים,,84.00,100 גרם,false,1,4.00,4.76,true,1,2055
7290004554330,false,שלגון אסקימו דובדבן שטראוס 75 גרם,"מיוצר ע""\י גלידת שטראוס",,קרחון אסקימו דובדובן,,84.00,100 גרם,false,1,4.00,4.76,true,1,411
7290004554781,false,קרחון אסקימו שטראוס לימון,שטראוס גלידות,,קרחון אסקימו לימון,,84.00,100 גרם,false,1,4.00,4.76,true,1,412
7290004554798,false,"שלגון מטרה פטל,לימון וענבים","מיוצר ע"" גלידת שטראו",,מטרה שלגון,,90.00,100 גרם,false,1,7.90,8.78,true,1,708
7290004584306,false,רבעיית גמדים בטעם תות בננה * 100 ג' שטראוס,מיוצר עי קונדיטוריית,,סופר גמדים תות בננה,,400.00,"100 מ""ל",false,1,13.00,3.25,true,1,575
7290004584351,false,גבינה לבנה סימפוניה עם תוספות 200 ג' חמישית 200,"שטראוס בריאות בע""\מ",,סימפוניה טיבעי 200גר,,200.00,100 גרם,false,1,12.50,6.25,true,1,564
7290004584528,false,יוגורט דנונה ביו לבן 1.7% שומן 200 גרם,מיוצר עי קונדיטוריית,,דנונה ביו 1.5% 200גר,,200.00,"100 מ""ל",false,1,3.70,1.85,true,1,576
7290004585907,false,דני ועדן וניל 1.5% 125ג' שטראוס,מיוצר עי קונדיטוריית,,דני וניל 130 גר,,130.00,"100 מ""ל",false,1,3.20,2.46,true,1,577
7290004658946,false,"יין P.C שרדונה כרמל 750 מ""ל","כד בני דרום בע""מ",,שרדונה לבן יבש,,750.00,"100 מ""ל",false,1,50.00,6.63,true,1,12843
7290004685041,false,לחם הארץ חיטה מלאה750גרם,מאפית י.את א. ברמן ב,,לחם הארץ חיטה מלאה,,750.00,100 גרם,false,1,19.00,2.53,true,1,10093
7290004685089,false,לחם הארץ לחם חמניות 500 גר',מאפית י את א ברמן בע,,הארץ חמניות,,500.00,100 גרם,false,1,20.00,4.00,true,1,25589
7290004685126,false,לחם פומפרניקל לחם הארץ 750 גרם,מאפית י את א ברמן בע,,לחם הארץ 5 דגנים,,750.00,100 גרם,false,1,19.00,2.53,true,1,629
7290004685157,false,לחם שיפון 100% 750 גרם לחם הארץ,מאפית י את א ברמן בע,,ברמן לחם הארץ שיפון,,750.00,100 גרם,false,1,19.00,2.53,true,1,10094
7290004685195,false,לחם 10 דגנים לחם הארץ 750 גרם,מאפית י את א ברמן בע,,לחם הארץ 10 דגנים,,750.00,100 גרם,false,1,19.00,2.53,true,1,10095
7290004685430,false,לחם הארץ כוסמין 100% 500 גרם,מאפית י את א ברמן בע,,לחם הארץ,,600.00,100 גרם,false,1,20.00,3.33,true,1,25590
7290004685447,false,לחמניות כוסמין 6 בשקית 450 גרם,מאפית ברמן מקבוצת י. את,,לחמניות כוסמין 6 יח,,450.00,100 גרם,false,1,17.00,3.78,true,1,24162
7290004731083,false,כיף אל סבון גנסינג 1 ליטר משאבה,טרופיקל דגיל תעשיות,,אלסבון כיף גנסנג 1ל,,1.00,1 ליטר,false,1,15.50,15.50,false,1,23185
7290004731472,false,"אל סבון צבעוני כיף שלישיה* 500 מ""ל",טרופיקל דגיל תעשיות,,אלסבון כיף X3 צבעוני,,1.50,1 ליטר,false,1,25.00,16.67,true,1,10640
7290004731670,false,"מטהר אוויר דואופרש פצ'ולי לבנדר סנו 300 מ""ל","סנו מפעלי ברונוס בע""\מ",,מטהר אויר דואופרש,,300.00,"100 מ""ל",false,1,15.00,5.00,true,1,14715
7290004737443,false,קוקטייל פירות ויליפו,ג'יאנגסו יואהו פוד ק,,קוקטטיל פירות 820גר,,820.00,100 גרם,false,1,10.00,1.22,true,1,12828
7290004737719,false,אספרגוס שלם מקולף בצנצנת ויליפוד 330 גרם,קריות זול,,אספרגוס שלם 330 גר,,330.00,100 גרם,false,1,13.00,3.94,true,1,28241
7290004737900,false,חלב כחוש מרוכז וממותק בתוספת שמן צמחי ויליפוד 397 גרם,יו.איי.בי מאריג'אמפו,,וילי פוד חלב מרוכז,,397.00,100 גרם,false,1,9.50,2.39,true,1,25847
7290004872021,false,קרחון רמזור כלפ 48*80גר,גלידות נסטלה )נגה גלידות,,קרחון רמזור,,80.00,100 גרם,false,1,4.00,5.00,true,1,413
7290004872069,false,קרחון לימון נסטלה 80 גרם,גלידות נסטלה )נגה גלידות,,קרחון לימון,,80.00,100 גרם,false,1,4.00,5.00,true,1,414
7290004872229,false,"שלגון שוקולד כלפ. 48*67גרם חת""ס",תות תעשיות מזון (201,,שלגון שוקולד מצופה,,79.20,100 גרם,false,1,7.90,9.97,true,1,446
7290004872243,false,"שלגון בננה כלפ. 48*57גרם חת""ס",תות תעשיות מזון (201,,שלגון בננה מצופה,,69.00,100 גרם,false,1,7.90,11.45,true,1,448
7290004872250,false,שלגון שרבט אבטיח נסטלה 108 גרם,גלידות נסטלה )נגה גלידות,,קרחון אבטיח קיץ,,108.00,100 גרם,false,1,8.90,8.24,true,1,415
7290004872359,false,קרחון דובדבן נסטלה 80 גרם,גלידות נסטלה )נגה גלידות,,קרחון דובדבן סוכריות,,80.00,100 גרם,false,1,4.00,5.00,true,1,861
7290004872731,false,טילון וניל אקסטרים נסטלה 72 גרם,גלידות נסטלה,,אקסטרים וניל טילון,,72.00,100 גרם,false,1,10.90,15.14,true,1,423
7290004872786,false,טילון אקסטרים פקאן ענק,גלידות נסטלה,,אקסטרים פקאן ענק,,113.00,100 גרם,false,1,12.90,11.42,true,1,425
7290004914219,false,בקבוק ריח עם מקלות עץ,סאנרייז,,מפיץ ריח מקלות לרכב,,0.00,,false,1,12.00,0.00,true,1,7326
7290004914738,false,סאן קאר מפיץ ריח,Unknown,,סאן קאר,,1.00,יחידה,false,1,5.00,5.00,false,1,28430
7290004943035,false,ציפס משפחתי 800 מילו,מילוטל,,ציפס 800 גרם מילוטל,,800.00,100 גרם,false,1,14.50,1.81,true,1,24894
7290005008184,false,"סבון נוזלי בניחוח חלב שקדים פלמוליב 500 מ""ל",הנסיך- מפעל לייצור ט,,פלמוליב חלב שקדים500,,500.00,"100 מ""ל",false,1,22.00,4.40,true,1,26010
7290005008191,false,"סבון נוזלי ארומה בניחוח לבנדר פטצ'ולי וילנג ילנג פלמוליב 500 מ""ל",הנסיך- מפעל לייצור ט,,פלמוליב ארומה סגול,,500.00,"100 מ""ל",false,1,22.00,4.40,true,1,9292
7290005008481,false,ספיד סטיק - דאודורנט ג'ל לגבר ספורט 85 גרם,הנסיך- מפעל לייצור ט,,ספיד סטיק גל ספורט,,85.00,100 גרם,false,1,21.90,25.76,true,1,12711
7290005020162,false,וויסקי סקוטי בלנטייס פיינסט 700 מל,פרנו,,ו.בלנטיינס פיינסט,,700.00,"100 מ""ל",false,1,115.00,16.39,true,1,26607
7290005084355,false,"סנסודיין - משחת שיניים דואל קר זהב 75 מ""ל",גלקסו סמית קליין,,משחת סנסודיין דואלקר,,75.00,"100 מ""ל",false,1,22.90,30.53,false,1,23209
7290005111761,false,"מזון לכלבים בונזו מזון כלבים בשר 3 ק""ג","ביופט בע""מ",,בונזו בשר 3 קג,,3.00,"1 ק""ג",false,1,49.00,16.33,true,1,9513
7290005113895,false,"זיתים טבעות ירוקים קבוצת יבנה 275 גרם בד""ץ",יבנה,,זיתים חרוזית 600פרוס,,600.00,100 גרם,false,1,10.50,1.75,true,1,26021
7290005124686,false,בליסטקס שפתון-תות,מדיליין פריגו,,בליסטיקס תות,,4.25,100 גרם,false,1,11.00,258.82,true,1,2965
7290005174551,false,סלט חומוס עם צנוברים 125 ג' אחלה,מיוצר עי קונדיטוריית,,אחלה חומוס 125 גר,,125.00,100 גרם,false,1,5.50,4.40,true,1,640
7290005174568,false,סלט חצילים במיונז אחלה 125 גרם,מיוצר עי קונדיטוריית,,אחלה חצילים מיונז125,,125.00,100 גרם,false,1,5.50,4.40,true,1,641
7290005174575,false,טחינה אחלה יום יום משובחת 125ג',מיוצר עי קונדיטוריית,,אחלה טחינה 125 גר,,125.00,100 גרם,false,1,5.50,4.40,true,1,642
7290005197758,false,"עוגיות חיוכים שוקולד עלית 150 גרם בד""צ",אפיפית נצרת תעשיות ב,,חיוכים שוקו 150 גר,,150.00,100 גרם,false,1,6.00,4.00,true,1,626
7290005199288,false,גומי מאסט בטעם פטל לימון 28 ג' עלית,"שטראוס גרופ בע""מ",,מאסט פטל לימון 28גר,,28.00,100 גרם,false,1,6.00,21.43,true,1,1303
7290005199622,false,עד חצות ביסקוויט פרי,STRAUSS-ISRAEL,,עד חצות ביסקויט מרי,,200.00,100 גרם,false,1,17.90,8.95,true,1,10619
7290005199738,false,גומי מאסט בטעם פפרמינט ריח פה נעים פליפטופ 28 ג' עלית,"שטראוס גרופ בע""מ",,מאסט LL ריח פה 28ג,,28.00,100 גרם,false,1,6.00,21.43,true,1,403
7290005200786,false,תפוצ'יפס בטעם שמנת בצל עלית 50 גרם,"שטראוס פריטו ליי בע""\מ )",,תפוציפס שמנת 50גר,,50.00,100 גרם,false,1,5.90,11.80,true,1,360
7290005201882,false,קפה טורקי בצלופן עלית 200 גרם,הנסיך- מפעל לייצור ט,,עלית קפה טורקי 200גר,,200.00,100 גרם,false,1,19.50,9.75,true,1,9458
7290005287206,false,טונה סטארקיסט רביעיות בשמן 492 גרם,"סטארקיסט פודור בע""מ",,סטארקיסט טונה שמן 4,,160.00,100 גרם,false,1,29.00,18.12,true,1,9554
7290005287251,false,רביעיית טונה במים סטארקיסט 160 גרם,"סטארקיסט פודור בע""מ",,סטארקיסט טונה במים4,,160.00,100 גרם,false,1,27.50,17.19,true,1,21314
7290005287657,false,"סטארקיסט ממרח טונה 160 גרם בד""צ","סטארקיסט פודור בע""מ",,ממרח טונה סטארקיסט,,160.00,100 גרם,false,1,8.00,5.00,true,1,12777
7290005423253,false,"סנו - מקסימה מרסס למייבש כביסה אולטרה פרש 750 מ""ל","סנו מפעלי ברונוס בע""\מ",,מקסימה למייבש אולטרא,,750.00,"100 מ""ל",false,1,21.90,2.92,true,1,25848
7290005423635,false,ריצפז נוזל רצפות דוחה תיקנים סנו 2 ליטר,מיוצר עי קונדיטוריית,,ריצפז דוחה חרקים 2ל,,2.00,1 ליטר,false,1,28.90,14.45,true,1,11350
7290005423734,false,מרכך כביסה מרוכז אולטרא פרש סנו מקסימה 4 ליטר,"סנו מפעלי ברונוס בע""\מ",,מקסימה אולטרא פרש 4ל,,4.00,1 ליטר,false,1,28.50,7.12,false,1,10641
7290005424403,false,"אל סבון כיף אצות ים קטיפתי 1ליטר,",טרופיקל דגיל תעשיות,,א.סבון כיף אצות ים 1,,1.00,1 ליטר,false,1,15.50,15.50,false,1,23187
7290005425110,false,"חיטוי משטחים 99.9% מתז מחטא ומשמיד 750 מ""ל","סנו מפעלי ברונוס בע""\מ",,מתז לחיטוי 99.9%,,750.00,"100 מ""ל",false,1,17.50,2.33,true,1,26024
7290005425646,false,קליר נוזל לניקוי חלונות רב תכליתי סנו 1 ליטר,"סנו מפעלי ברונוס בע""\מ",,סנו קליר 1 ל,,1.00,1 ליטר,false,1,15.00,15.00,true,1,11354
7290005427107,false,סנו - סושי מגבות נייר הפלא 6 יחידות,מיוצר עי קונדיטוריית,,סושי 6 מגבות,,6.00,יחידה,false,1,14.00,2.33,true,1,25904
7290005430602,false,"סנו אוקסיג'ן ספריי להסרת כתמים עם חמצן פעיל 750 מ""ל","סנו מפעלי ברונוס בע""",,אוקסיגן מסיר כתמים,,750.00,"100 מ""ל",false,1,22.90,3.05,true,1,19242
7290005431159,false,תותים בקצפת לייט עדן קינוחים 80 גרם,עדן קינוחים,,תותים בקצפת לייט,,80.00,100 גרם,false,1,8.50,10.62,false,1,27539
7290005431883,false,מלבי חלבי עדן קינוחים 165 גרם,עדן קינוחים Eden,,מלבי עדן,,165.00,100 גרם,false,1,8.50,5.15,true,1,24712
7290005559907,false,פיצה משפחתית 100% גבינה מעדנות 500 גרם,מיוצר עי קונדיטוריית,,מעדנות פיצה משפחתית,,500.00,100 גרם,false,1,29.90,5.98,true,1,3532
7290005559914,false,פיצה משפחתית עם 100% גבינה בתוספת זיתים מעדנות 550 גרם,מיוצר עי קונדיטוריית,,מעדנות פיצה משפ.זיתי,,550.00,100 גרם,false,1,29.90,5.44,true,1,3543
7290005559990,false,בצק פילאס תורכי מעדנות 600 גרם,מיוצר עי קונדיטוריית,,בצק פילאס תורכי 600,,600.00,100 גרם,false,1,26.90,4.48,true,1,12752
7290005569029,false,שום קלוף ישראלי 170 גרם,יגור חקלאות ועסקים,,שום קלוף 120,,170.00,100 גרם,false,1,11.90,7.00,false,1,23889
7290005591761,false,דבש טהור מפרחי בר בלחיץ 400 ג' יד מרדכי,מכוורת יד מרדכי שטרא,,דבש טהור לחיץ 400,,400.00,"100 מ""ל",false,1,29.90,7.48,true,1,9974
7290005605895,false,פאנטה אקזוטיק 0.5 חייב פקדון,החברה מרכזית לייצור,,פאנטה אקזוטיק 500,,500.00,"100 מ""ל",false,1,9.90,1.92,true,1,136
7290005610509,false,צנונית ארוז דוד משה 500ג',ביכורי השקמה,,צנונית ארוזה ליח,,400.00,100 גרם,false,1,5.90,1.48,true,1,22281
7290005651069,false,"מזון חתולים לה קט מיקס 2.85 ק""ג","ביופט בע""מ",,לה קט מיקס 2.85קג,,2.85,"1 ק""ג",false,1,73.00,25.61,true,1,12782
7290005651427,false,"בונזו מזון לכלבים מולטיפק 1.2 ק""ג מארז 3 יחידות",קריות זול,,מולטיפק 400*3 עוף/כב,,1.20,"1 ק""ג",false,1,21.90,18.25,true,1,9517
7290005678950,false,סלרי אמריקאי ארוז,Unknown,,סלרי עלים ארוז יח,,500.00,100 גרם,false,1,7.90,1.58,true,1,22332
7290005680052,false,טמפונים סופר פלוס אובה 32 יחידות,גונסון אנד גונסון,,או בה סופר פלוס,,32.00,יחידה,false,1,36.50,1.14,true,1,12700
7290005803628,false,קרחון מלון - צבע מאכל טבעי,גלידות נסטלה )נגה גלידות,,קרחון מלון,,80.00,100 גרם,false,1,4.00,5.00,true,1,417
7290005838002,false,מעדן גבינה ויוגורט בטעם וניל 88 ג' דניאלה,"שטראוס בריאות בע""מ",,דניאלה וניל 100 גר,,150.00,"100 מ""ל",false,1,4.50,3.00,true,1,1871
7290005839078,false,שמיניית יוגורט לבן 3% ביו דנונה 150 גרם,מיוצר עי קונדיטוריית,,דנונה ביו מ.חסכון 3%,,1.20,1 ליטר,false,1,18.00,15.00,true,1,26026
7290005839108,false,גבינה לבנה סימפוניה עם תוספות 200 ג'+זיתים 5%,"שטראוס בריאות בע""\מ",,סימפוניה עם זיתים 5%,,200.00,100 גרם,false,1,12.50,6.25,true,1,567
7290005839313,false,"מילקי טופ מגולגלת שטראוס 170 מ""ל",מיוצר עי קונדיטוריית,,מילקי טופ מגולגלת,,130.00,"100 מ""ל",false,1,5.20,4.00,true,1,579
7290005854040,false,שלגון אסקימו משמש שטראוס,שטראוס,,קרחון אסקימו משמש,,75.00,100 גרם,false,1,4.00,5.33,true,1,10309
7290005854569,false,שלגון בננה מצופה שוקולד,שטראוס,,מצופה שוקו בננה,,70.00,100 גרם,false,1,7.90,11.29,true,1,450
7290005854606,false,קרחון אסקימו שטראוס אננס,שטראוס,,שלגון אסקימו אננס,,84.00,100 גרם,false,1,4.00,4.76,true,1,418
7290005854613,false,שלגון אסקימו תותי פרוט 75 גר',גלידות שטראוס,,קרחון תותי פרוטי,,84.00,100 גרם,false,1,4.00,4.76,true,1,10310
7290005859028,false,תרד ניוזילנדי,Unknown,,תרד ניוזילנדי,,280.00,100 גרם,false,1,12.90,4.61,true,1,25177
7290005896415,false,"בירה איגל לאגר פרימיום 5% 500 מ""ל פחית","טמפו משקאות בע""מ",,איגל בירה 500מל,,500.00,"100 מ""ל",false,1,11.00,2.14,true,1,12922
7290005896460,false,"בירה איגל לאגר חזקה 7.8% 500 מ""ל פחית",טמפו,,פ.בירה איגל 500 מל,,500.00,"100 מ""ל",false,1,12.00,2.34,true,1,28380
7290005938245,false,ממרח פסטו קלאסי פרסקו 220ג' מצונן,מיוצר עי פרסקו חצבה,,רוטב פסטו,,220.00,100 גרם,false,1,20.00,9.09,true,1,15937
7290005966033,false,"יין הר חרמון לבן 750 מ""ל",יקבי רמת הגולן קצרין,,ירדן הר חרמון לבן,,750.00,"100 מ""ל",false,1,44.90,5.95,true,1,1429
7290005966088,false,"יין הר חרמון אדום עברית 750 מ""ל",יקבי רמת הגולן קצרין,,ירדן חרמון אדום 750,,750.00,"100 מ""ל",false,1,44.90,5.95,true,1,1463
7290005992735,false,לאבנה טבעית 5% 250 גר' - רבנות,הנסיך- מפעל לייצור ט,,גד לבנה טבעי 250 גר,,250.00,100 גרם,false,1,14.00,5.60,true,1,9207
7290006199010,false,שלגון גלידל ג.תות,Unknown,,שלגון גלידל ג.תות,,77.00,100 גרם,false,1,9.90,12.86,true,1,29240
7290006199188,false,שלגון גלידל א.מוקה,Unknown,,שלגון גלידל א.מוקה,,52.00,100 גרם,false,1,9.90,19.04,true,1,29241
7290006210661,false,בונז'ור באגט 330 גרם,בונז'ור,,בונזור-באגט (אפיה),,0.00,,false,1,6.50,0.00,true,1,5629
7290006210876,false,בונז'ור לחמנית אצבע יח',בונז'ור,,בונזור לחמנית אצבע,,0.00,,false,1,2.50,0.00,true,1,5670
7290006229588,false,בירה איגל לאגר פרימיום חזקה 6.3% 500 מל,"טמפו משקאות בע""מ",,איגל בירה זהב %6 3,,500.00,"100 מ""ל",false,1,8.90,1.72,true,1,26029
7290006241153,false,פקאן סיני 150 ג בשקית קליית גת,"ג'י אנד ג'י בע""מ",,אגוזי פקאן סיני 150,,150.00,100 גרם,false,1,29.90,19.93,true,1,488
7290006241191,false,אגוז מלך קליית גת 150 גרם,הדקלאים אגודת שיתופי,,אגוזי מלך 150 גר,,150.00,100 גרם,false,1,24.90,16.60,true,1,3290
7290006241214,false,שקד טבעי קליית גת 200 גרם,הדקלאים אגודת שיתופי,,שקד טבעי 200 גר,,200.00,100 גרם,false,1,21.90,10.95,true,1,17666
7290006251107,false,תה צ'אי מסאלה ויסוצקי 25 יחידות,מולינו ניקולי s.p.a,,תה צאי מסאלה 25 שקי,,25.00,יחידה,false,1,25.90,1.04,true,1,5568
7290006251275,false,תה ירוק סיני קלאסי ויסוצקי 25 יחידות,תה ויסוצקי,,ויסוצקי תה ירוק סיני,,25.00,יחידה,false,1,21.90,0.88,true,1,26030
7290006251374,false,תה ירוק לימונית וג'ינג'ר ויסוצקי 25 יחידות,תה ויסוצקי,,תה ירוק לימונית+גינג,,25.00,יחידה,false,1,21.90,0.88,true,1,25838
7290006265500,false,פטריות שמפיניון ארוז מרינה,"מרינה פטריות הגליל בע""מ",,פטריות שמפיניון,,250.00,100 גרם,false,1,12.90,5.16,true,1,14569
7290006271174,false,ג'חנון לאפיה בתנור מעדנות 700 גרם,מיוצר עי קונדיטוריית,,מעדנות גחנון בצק700,,700.00,100 גרם,false,1,21.90,3.13,true,1,3544
7290006271181,false,ג'חנון אפוי למיקרוגל מעדנות 750 גרם,מיוצר עי קונדיטוריית,,מעדנות גחנון אפוי750,,750.00,100 גרם,false,1,28.70,3.83,true,1,3540
7290006271655,false,מיני בורקס גבינה מעדנות 800 גרם,מיוצר עי קונדיטוריית,,מיני בורקס גבינה מעד,,800.00,100 גרם,false,1,33.00,4.12,true,1,11890
7290006272072,false,חטיפי פיצה גבינה מעדנות 650 גרם,"מעדנות בע""\מ",,חטיפי פיצה מעדנות,,650.00,100 גרם,false,1,39.90,6.14,true,1,21899
7290006272430,false,בצק עלים חמאה מעדנות 600 גרם,מיוצר עי קונדיטוריית,,בצק עלים חמאה,,600.00,100 גרם,false,1,35.00,5.83,true,1,24811
7290006281210,false,טוסט קלאסי 200 גרם,עינת תעשיות,,בייגל טוסט קלאסי,,200.00,100 גרם,false,1,18.00,9.00,true,1,6379
7290006282903,false,עינת סלט ניסואז 315ג,עינת תעשיות מזון,,עינת סלט ניסואז 315ג,,315.00,100 גרם,false,1,22.00,6.98,true,1,16531
7290006282972,false,סלט יווני - ירקות עם,עינת תעשיות מזון,,עינת סלט יווני חלבי,,300.00,100 גרם,false,1,22.00,7.33,true,1,16532
7290006374738,false,קונפיטורית תות 340 גר' יד מרדכי,אף.סי תבליני בגליל ב,,קונפיטורה תות 340גר,,340.00,100 גרם,false,1,14.90,4.38,true,1,9463
7290006463609,false,רול שוקולד אישי ארוז,איתנס,,רול שוקולד-כשלפ,,120.00,100 גרם,false,1,10.00,8.33,true,1,16619
7290006463616,false,רול קינמון כשלפ ארו,"איתנס' עוגות בע""מ",,רול קינמון-כשלפ,,120.00,100 גרם,false,1,10.00,8.33,true,1,16621
7290006463623,false,עוגה בחושה כשלפ שיש,"איתנס' עוגות בע""מ",,פרוסת עוגת שיש כשלפ,,80.00,100 גרם,false,1,10.00,12.50,true,1,16620
7290006492432,false,גבינת מוצרלה בייבי 18% גד 150 גרם,מחלבות גד בעמ,,גד מוצרלה בייבי,,150.00,100 גרם,false,1,16.00,10.67,true,1,24498
7290006492616,false,גבינה בולגרית מעודנת פרוסות 5% גד 250 גרם,DSH עבור מחלבות גד ב,,גד בולגרית5% פרוס250,,250.00,100 גרם,false,1,28.00,11.20,true,1,24495
7290006492630,false,גבינת פרומעז עיזים 22% גד 180 גרם,מחלבות גד בעמ,,גליל גד עז,,180.00,100 גרם,false,1,25.00,13.89,true,1,26220
7290006492647,false,מטבעות גבינה עזים 22 אחוז 150גרם גד,"מיוצר ע""י קוד יצרן t",,גד מטבעות ג.עיזים,,150.00,100 גרם,false,1,25.90,17.27,false,1,28284
7290006492685,false,גבינת לאבנה עיזים 5% גד 250 גרם,מחלבות גד בעמ,,גד לבנה עזים 3%,,250.00,100 גרם,false,1,21.00,8.40,true,1,25851
7290006492852,false,גבינת עיזים למריחה 5% 250 גרם רובין,קריות זול,,למריחה עיזים,,250.00,100 גרם,false,1,19.00,7.60,true,1,24502
7290006511157,false,"פטריות שלמות ויליפוד 400 גרם בד""ץ",אוקצ'מפס אס.איי אויי,,פטריות שלמות 400 גר,,400.00,100 גרם,false,1,10.00,2.50,true,1,12709
7290006511225,false,פטריות חתוכות 290גר,Unknown,,פטריות חתוכות 290גר,,167.00,100 גרם,false,1,5.50,3.29,false,1,13705
7290006644480,false,תפוזינה תפוזים 0.5 ליטר,יפאורה שותפות מובגלת לשיווק,,תפוזינה תפוז 0.5 ל,,500.00,"100 מ""ל",false,1,8.90,1.72,true,1,1732
7290006644510,false,"מיץ ענבים 500 מ""ל תפוזינה",יפאורה שותפות מובגלת לשיווק,,תפוזינה ענבים 0.5 ל,,500.00,"100 מ""ל",false,1,8.90,1.72,true,1,3656
7290006644527,false,תפוזינה תות בננה 0.5 ליטר,יפאורה שותפות מובגלת לשיווק,,תפוזינה תות בננה 0.5,,500.00,"100 מ""ל",false,1,8.90,1.72,true,1,1734
7290006644626,false,ספרינג פירות טרופיים1.5ל,יפאורה שותפות מובגלת לשיווק,,ספרינג פירות טרופיים,,1.50,1 ליטר,false,1,11.90,7.93,true,1,5132
7290006651730,false,"ד""ר פישר - אלכוג'ל מגבונים לשמירת היגייניית הידיים 20 יח'","ד""ר פישר Dr fischer",,מגבונים להיגיינת היד,,100.00,"100 מ""ל",false,1,12.90,12.90,true,1,24233
7290006653819,false,פתיתי קוסקוס דק 350 גרם,"מיוצר ע""י קוד יצרן K",,קוסקוס דק,,350.00,100 גרם,false,1,9.90,2.83,true,1,9335
7290006653857,false,"ארנבונים חטיף תפו""א 40גר","אסם השקעות בע""\מ",,ארנבונים חטיף תפוא,,40.00,100 גרם,false,1,7.00,17.50,true,1,5643
7290006664037,false,גמדים דגנים ארוחת בוקר מארז 100X4ג',"שטראוס בריאות בע""\מ",,גמדים דגנים רביעייה,,400.00,100 גרם,false,1,13.00,3.25,true,1,13983
7290006664310,false,גבינה לבנה 3% שומן 250 ג' שטראוס,מיוצר עי קונדיטוריית,,סקי גבינה 3% 250ג,,250.00,100 גרם,false,1,4.75,1.90,true,1,1523
7290006664532,false,יוגורט עם תות 3% שומן 150 ג' דנונה,מיוצר עי קונדיטוריית,,דנונה תות 1.5%,,150.00,"100 מ""ל",false,1,3.90,2.60,true,1,5553
7290006664655,false,"אקטימל לבן טבעי מארז 100X8 מ""ל",מיוצר עי קונדיטוריית,,אקטימל טבעי*8,,800.00,"100 מ""ל",false,1,26.00,3.25,true,1,3289
7290006664990,false,"יוגורט דנונה ביו לבן 1.7% שומן 8*150 מ""ל",מיוצר עי קונדיטוריית,,דנונה ביו מ.חיסכון,,1.20,1 ליטר,false,1,18.00,15.00,true,1,26034
7290006681003,false,גלידה קרמיסימו סרבט תות לימון 650 גרם,"גלידת שטראוס בע""\מ, רחוב",,קרמיסימו תות לימון,,1.33,1 ליטר,false,1,25.00,18.80,true,1,5801
7290006681065,false,"קסטה שוקו וניל ""שטראוס""","מיוצר ע""\י גלידת שטראוס",,טעמקור XLוניל עם שוק,,75.00,100 גרם,false,1,10.00,13.33,true,1,821
7290006681089,false,"מארז מיני שלגונים שוקו וניל ""שטראוס""","גלידת שטראוס בע""\מ, רחוב",,מאגדת גלידת מיני ליט,,250.00,100 גרם,false,1,28.00,11.20,true,1,14419
7290006681553,false,קרמבו בטעם וניל שטראוס 8 יחידות,"גלידת שטראוס בע""\מ",,קרמבו וניל 8 יח,,234.00,100 גרם,false,1,19.90,8.50,true,1,6327
7290006681560,false,קרמבו בטעם מוקה שטראוס 8 יחידות,"גלידת שטראוס בע""\מ",,קרמבו מוקה 8 יח,,234.00,100 גרם,false,1,19.90,8.50,true,1,6328
7290006681843,false,גלידה לייט פרי 6 יחידות,"גלידת שטראוס בע""\מ, רחוב",,לייט מיני פרי מאגדת,,900.00,"100 מ""ל",false,1,27.00,3.00,true,1,5812
7290006739414,false,נקניק סלמי קוניאק זוגלובק 300 גרם,נקניק נהריה כשר זוגל,,סלמי קוניאק,,300.00,100 גרם,false,1,33.90,11.30,true,1,12742
7290006739421,false,נקניק סלמי מעושן איטלקי זוגלובק 300 גרם,נקניק נהריה כשר זוגל,,סלמי מעושן,,300.00,100 גרם,false,1,36.00,12.00,true,1,19043
7290006739445,false,שניצל תירס קלאסי 750 ג' זוגלובק,נקניק נהריה כשר זוגל,,זוגלובק שניצל תירס,,750.00,100 גרם,false,1,37.90,5.05,true,1,10314
7290006739544,false,נקניק כתף בקר 3% 300 גרם,זוגלובק,,זוגלובק כתף בקר 300,,300.00,100 גרם,false,1,40.00,13.33,true,1,26035
7290006742162,false,המבורגר מזרחי זוגלובק 400 גרם,נקניק נהריה כשר זוגל,,המבורגר מזרחי 400,,400.00,100 גרם,false,1,28.00,7.00,true,1,9828
7290006742278,false,פסטרמה הודו צלויה על לבנים 330 ג' זוגלובק,נקניק נהריה כשר זוגל,,זוגלובק פסט.על לבנים,,330.00,100 גרם,false,1,36.90,11.18,true,1,10457
7290006742292,false,פסטרמה הודו בדבש 330 ג' זוגלובק,נקניק נהריה כשר זוגל,,זוגלובק פסטרמה דבש,,330.00,100 גרם,false,1,36.00,10.91,true,1,10458
7290006748009,false,זר פרחים פרימיום,Unknown,,זר פרחים מהודר,,0.00,,false,1,98.10,0.00,true,1,16647
7290006748072,false,"זר פרחים צבעוני ""פרחי דיאן""",פרחי ליידי דיאן,,זר פרחים עונתי,,0.00,,false,1,35.00,0.00,true,1,4704
7290006748089,false,יין נחל קריניאן מוני,יקב מוני,,עציץ- צמחי תבלין,,0.00,,false,1,9.90,0.00,false,1,20315
7290006748096,false,"זר פרחים מפואר ""פרחי דיאן""",פרחי ליידי דיאן,,זר פרחים מיוחד,,0.00,,false,1,49.50,0.00,true,1,6648
7290006748119,false,זר פרחים גרברה יחידה,שונות,,זר גרברה,,0.00,,false,1,59.00,0.00,true,1,18378
7290006748133,false,"זר פרחים רגיל ""פרחי דיאן""",פרחי ליידי דיאן,,זר פרחים קטן,,0.00,,false,1,24.70,0.00,true,1,6079
7290006748157,false,"זר פרחים 3 ""פרחי דיאן""",פרחי ליידי דיאן,,זר פרחים בינוני,,0.00,,false,1,30.00,0.00,true,1,4703
7290006748218,false,פרחים בקופסא יחידה,שונות,,פרחים בקופסא,,0.00,,false,1,119.00,0.00,false,1,23939
7290006748225,false,זר פרחים 85 שח,Unknown,,זר מיוחד מס 9,,0.00,,false,1,85.00,0.00,false,1,23940
7290006748232,false,פרח בודד מס 12,Unknown,,פרח בודד מס 12,,0.00,,false,1,9.90,0.00,false,1,23941
7290006748249,false,זר מיוחד מס' 15,שונות,,זר מיוחד מס 15,,0.00,,false,1,75.00,0.00,false,1,23942
7290006748911,false,עציץ קטן יחידה,שונות,,עציץ קטן,,0.00,,false,1,12.00,0.00,false,1,19103
7290006748928,false,עציץ בינוני יחידה,שונות,,עציץ בינוני,,0.00,,false,1,27.00,0.00,false,1,19104
7290006748935,false,עציץ גדול יחידה,שונות,,עציץ גדול,,0.00,,false,1,44.00,0.00,false,1,19105
7290006748959,false,עציץ קטן 2 יחידה,שונות,,עציץ קטן 2,,0.00,,false,1,17.00,0.00,false,1,19107
7290006748966,false,עציץ בינוני 2 יחידה,שונות,,עציץ בינוני 2,,0.00,,false,1,22.00,0.00,false,1,19108
7290006748973,false,עציץ בינוני 3 יחידה,שונות,,עציץ בינוני 3,,0.00,,false,1,35.00,0.00,false,1,19109
7290006748980,false,עציץ גדול 2 יחידה,שונות,,עציץ גדול 2,,0.00,,false,1,62.00,0.00,false,1,19110
7290006764270,false,רביעיית סודה בטעמים - אשכולית אדומה 1.5 ליטר,טמפו משקאות בע''מn\,,סודה אשכולית 1.5*4,,6.00,1 ליטר,false,1,19.90,3.12,true,1,29530
7290006764478,false,"בירה נשר מאלט בקבוק זכוכית 330 מ""ל","טמפו משקאות בע""מ",,נשר מאלט 330 בקבוק,,330.00,"100 מ""ל",false,1,9.00,2.64,true,1,1415
7290006785633,false,שקית 10 בלונים מיטלי,Unknown,,שקית 10 מיטלי,,0.00,,false,1,7.00,0.00,true,1,14359
7290006785657,false,בלונים 20 פסטל רחבה,Unknown,,שקית 20 פסטל רחבה,,0.00,,false,1,8.00,0.00,true,1,14358
7290006788405,false,"קרליין - נושם אקטיב דאודורנט רול און לאישה ברודו 75 מ""ל",מיוצר עי : אמיליה קוסמטי,,דאו קרליין נושם בורד,,75.00,"100 מ""ל",false,1,16.00,21.33,true,1,26037
7290006805355,false,"פילסברי, כדורים בטעם שוקולד, תערובת להכנת כדורים בטעם שוקולד. 500 גרם.",הדקלאים אגודת שיתופי,,פילסברי ת. לכ.שוקלד,,500.00,100 גרם,false,1,19.90,3.98,true,1,10590
7290006805850,false,פילסברי פנקייק תערובת להכנת חביתיות,הדקלאים אגודת שיתופי,,תערובת להכנת פנקייקס,,500.00,100 גרם,false,1,19.90,3.98,true,1,26038
7290006895387,false,שניצל אמיתי ביתיכשר לפסח,תנובה גליל שותפות מוגבלת,,שניצל ביתי כשלפ,,700.00,100 גרם,false,1,48.90,6.99,true,1,19072
7290006983152,false,קרוטונים מתובלים למרק אסם 400 גרם,עינת תעשיות מזון אגו,,קרוטונים מתובליםלמרק,,400.00,100 גרם,false,1,24.00,6.00,true,1,9494
7290006983176,false,אוסם - לחמית שיפון 250 גרם,"אסם השקעות בע""\מ",,לחמית שיפון,,230.00,100 גרם,false,1,11.50,5.00,true,1,6036
7290006983206,false,תערובת להכנת פלפל קלי קלות 180 גרם,"אסם השקעות בע""\מ",,פלאפל בקלי קלות,,180.00,100 גרם,false,1,10.90,6.06,true,1,21706
7290006983763,false,עוגת הבית שוקולד 400 גרם אסם.,מיוצר עי קונדיטוריית,,עוגת הבית שוקולד 400,,400.00,100 גרם,false,1,17.90,4.47,true,1,2616
7290006983770,false,עוגת הבית שיש אסם 400 גרם,מיוצר עי קונדיטוריית,,עוגת הבית שיש בחושה,,400.00,100 גרם,false,1,17.90,4.47,true,1,2617
7290006983787,false,עוגת הבית שוקולד צ'יפס אסם 400 גרם,מיוצר עי קונדיטוריית,,עוגת הבית שוקו ציפס,,400.00,100 גרם,false,1,17.90,4.47,true,1,2618
7290006983794,false,עוגת הבית בטעם תפוז אסם 400 גרם,מיוצר עי קונדיטוריית,,עוגת הבית תפוז בחושה,,400.00,100 גרם,false,1,17.90,4.47,true,1,10743
7290006991294,false,מעדן יוגורט מוזלי 35,עינת תעשיות מזון,,עינת מוזלי 355 גר,,355.00,100 גרם,false,1,16.00,4.51,true,1,5129
7290006992161,false,מטרנה - דייסת קורנפלור פרוביוטי 200 גרם,מולינו ניקולי s.p.a,,מטרנה דייסת קורנפלור,,200.00,100 גרם,false,1,18.00,9.00,true,1,9512
7290006992208,false,מטרנה דייסלה דגנים מעורבים 200 גרם,מטרנה תעשיות ש.מ,,דייסת דגנים מעורבים,,200.00,100 גרם,false,1,18.70,9.35,true,1,9511
7290008116541,false,"שטיפת פה ליסטרין קול מינט 500 מ""ל",ג'\ונסון אנד ג'\ונסון,,ליסטרין 500 מל,,500.00,"100 מ""ל",false,1,20.00,4.00,true,1,26445
7290008116565,false,ליסטרין שטיפת פה פרש 500 מל,ג'\ונסון אנד ג'\ונסון,,ליסטרין F/B 500 מל,,500.00,"100 מ""ל",false,1,20.00,4.00,true,1,26446
7290008154222,false,שניצלונים עוף טוב 700 גרם,"מוצרי עוף טוב (2001) בע""",,עוף טוב שניצלונים,,700.00,100 גרם,false,1,20.90,2.99,true,1,9493
7290008175814,false,וילי פוד פטריות שמפיניון חתוך בדץ 400ג,"אוקצ'מפ אס, איי אויי",,פטריות חתוך ויליפוד,,400.00,100 גרם,false,1,6.70,1.68,true,1,9678
7290008268004,false,דובדבן אדום ארוז,בראשית,,דובדבן 300 גרם,,300.00,100 גרם,false,1,19.90,6.63,false,1,15720
7290008268400,false,דובדבן לבן ארוז ליח,Unknown,,דובדבן לבן ארוז ליח,,330.00,100 גרם,false,1,19.90,6.03,true,1,23021
7290008268455,false,קיווי ישראלי בראשית,בראשית,,קיווי ישראלי בראשית,,500.00,100 גרם,false,1,11.90,2.38,true,1,25407
7290008333115,false,אבקת ג'לטין טהור נטו 28 גרם,מאיר עזרא ובניו,,אבקת גלטין טהור נטו,,28.00,100 גרם,false,1,13.00,46.43,true,1,26168
7290008336925,false,פחמים טיבון ויל 2קג,טיבון ויל,,פחמים טיבון ויל 2קג,,2.00,"1 ק""ג",false,1,21.90,10.95,true,1,16598
7290008340618,false,סלמון מעושן מצונן דלידג 100 ג',ויליגר תעשיות בעמ,,סל 100 מעושן מצו טו,,100.00,100 גרם,false,1,19.90,19.90,true,1,26306
7290008344272,false,המבורגר 100% טיבון ויל 400 גרם,טיבון ויל אחזקות בעמ,,המבורגר 100%,,400.00,100 גרם,false,1,25.00,6.25,true,1,15940
7290008345583,false,איקרה ביתית ורוד 300 גרם דלידג,כלורוקס אוקלנד,,איקרה ביתית ורודה,,300.00,100 גרם,false,1,22.00,7.33,true,1,25879
7290008409100,false,אצבעות שניצל בציפוי שומשום מאמא עוף 700 גרם,תנובה גליל שותפות מוגבלת,,אצבעות שניצל שומשום,,700.00,100 גרם,false,1,39.90,5.70,true,1,9966
7290008409124,false,מאמא עוף קפוא שניצל ג'ונגל פריך 700 גרם,תנובה גליל שותפות מוגבלת,,שניצל גונגל 700 גר,,700.00,100 גרם,false,1,39.90,5.70,true,1,9965
7290008409216,false,מאמא עוף קפוא שניצל דק פריך 700 גרם,תנובה גליל,,שניצל דק בציפוי פריך,,700.00,100 גרם,false,1,48.90,6.99,true,1,11438
7290008409315,false,שניצלונים בציפוי פריך מיני מיני דק מאמא עוף 500 גרם,תנובה גליל,,מיני דק שניצלונים,,500.00,100 גרם,false,1,33.00,6.60,true,1,18902
7290008409407,false,שניצל דק צ'יפס מאמא עוף 700 גרם,תנובה גליל שותפות מוגבלת,,שניצל דק דק ציפס,,700.00,100 גרם,false,1,48.90,6.99,true,1,12747
7290008409582,false,שניצל עוף אמיתי בציפוי ביתי מאמא עוף 700 גרם,תנובה גליל שותפות מוגבלת,,מאמאעוף שניצל א.ביתי,,700.00,100 גרם,false,1,48.90,6.99,true,1,11342
7290008415514,false,צבר חומוס עם חריף עגול 150 גרם,סלטי צבר,,צבר חומוס עם חריף150,,150.00,100 גרם,false,1,5.90,3.93,true,1,4410
7290008443616,false,"מרכך לשיער יבש אדום נקה 7 750 מ""ל","אמיליה קוסמטיקס בע""מ",,נקה 7-מרכך יבש אדום,,750.00,"100 מ""ל",false,1,13.90,1.85,true,1,29783
7290008453868,false,רביעיית פיתות פרנה ארוך,מגוון שיווק והפצת מא,,פרנה אובלית 4 יח,,4.00,יחידה,false,1,13.00,3.25,true,1,26677
7290008463966,false,עוגה בטעם דבש אנטקוב,אנטיקוביץ,,עוגת דבש אנטיקביץ,,0.00,,false,1,10.90,0.00,false,1,29590
7290008464024,false,"בירה גולדסטאר Unfiltered, בירה לא מסוננת, פחית 500 מ""ל","טמפו משקאות בע""מ",,גולדסטאר לא מסונן פח,,500.00,"100 מ""ל",false,1,16.90,3.32,true,1,16111
7290008464109,false,"בירה גולדסטאר Unfiltered, בירה לא מסוננת, בקבוק 330 מ""ל","טמפו משקאות בע""מ",,גולדסטאר לא מסונן,,330.00,"100 מ""ל",false,1,13.90,4.12,true,1,1883
7290008464130,false,"בירה גולדסטאר Unfiltered, בירה לא מסוננת, מארז שישייה, בקבוק 330 מ""ל",טמפו,,גולדסטאר לא מסונן *6,,1980.00,"100 מ""ל",false,1,49.90,2.43,true,1,14762
7290008464208,false,"בירה מכבי 7.9%, בירה חזקה, בקבוק 330 מ''ל",פארייפאבה אגרואינדוס,,מכבי חזקה 7.9% חפ,,330.00,"100 מ""ל",false,1,15.00,4.45,true,1,27154
7290008464222,false,"בירה מכבי 7.9%, בירה חזקה, פחית 500 מ""ל","טמפו משקאות בע""\מ",,מכבי 7.9% אלכוהול,,500.00,"100 מ""ל",false,1,12.90,2.52,true,1,17170
7290008464345,false,"בירה גולדסטאר, בקבוק 330 מ''ל",פארייפאבה אגרואינדוס,,גולדסטאר בקבוק 330,,330.00,"100 מ""ל",false,1,14.90,4.42,true,1,202
7290008464468,false,"בירה גולדסטאר, פחית 500 מ""ל",פארייפאבה אגרואינדוס,,גולדסטאר פחית 500,,500.00,"100 מ""ל",false,1,14.00,2.74,true,1,203
7290008464475,false,"בירה מכבי, פחית 500 מ""ל","טמפו משקאות בע""\מ",,מכבי פחית 500,,500.00,"100 מ""ל",false,1,13.50,2.64,true,1,204
7290008464604,false,"בירה הייניקן פחית 500 מ""ל",טמפו משקאות בע''מ,,הייניקן פחית 500,,500.00,"100 מ""ל",false,1,18.00,3.54,true,1,206
7290008464611,false,"הסודה של טמפו, מי סודה בגיזוז חזק, 275 מל",טמפו משקאות בעמ,,סודה טמפו 275 מל,,275.00,"100 מ""ל",false,1,6.90,2.40,true,1,21861
7290008464673,false,"בירה גולדסטאר SLOWBREW פחית 10%, 500 מ""ל","טמפו משקאות בע""\מ",,גולדסטאר slow brew,,500.00,"100 מ""ל",false,1,16.00,3.14,true,1,23101
7290008464697,false,"בירה מכבי 7.9%, בירה חזקה, מארז שישייה, בקבוק 330 מ""ל",טמפו,,מכבי בקבוק 6יח 7.9%,,1.80,"100 מ""ל",false,1,45.90,2450.00,true,1,27158
7290008464734,false,"שישיית בירה גולדסטאר לאגר SLOW BREW בקבוק 330 מ""ל",טמפו משקאות בע''מ,,גולדסטאר SLOW BREW,,1.98,"100 מ""ל",false,1,49.90,2429.29,true,1,19970
7290008464741,false,"בירה גולדסטאר, מארז שישייה, בקבוק 330 מ''ל","טמפו משקאות בע""\מ",,גולדסטאר בקבוק 6יח,,1.98,1 ליטר,false,1,50.00,24.34,true,1,679
7290008464772,false,מארז שישיית גולדסטאר,Unknown,,מארז שישיית גולדסטאר,,3.00,1 ליטר,false,1,49.90,16.03,true,1,1339
7290008464796,false,"בירה היינקן, מארז שישייה, בקבוק 330 מ''ל",טמפו משקאות בע''מ,,הייניקן בקבוק 6*330,,1.98,1 ליטר,false,1,49.90,24.29,true,1,680
7290008466240,false,עוגת דבש אמה אנטיקבי,אנטיקוביץ,,עוגת דבש אמה אנטיקבי,,0.00,,false,1,23.90,0.00,false,1,29591
7290008639095,false,פחזניות וניל פסים קפולסקי 280 גר',קפולסקי שיווק וקמעונ,,פחזניות וניל חלבי280,,280.00,100 גרם,false,1,31.90,11.39,false,1,29620
7290008644112,false,סלט מטבוחה יום יום אחלה 125 גרם,"שטראוס גרופ בע""\מ",,אחלה מטבוחה 125 גר,,125.00,100 גרם,false,1,5.50,4.40,true,1,5443
7290008644235,false,עלי בייבי שטראוס 120 גרם,שטראוס בריאות ירקות טריי,,עלי בייבי 120 ג,,120.00,100 גרם,false,1,10.90,9.08,true,1,27425
7290008644945,false,לקט לסלט המושבה שטראוס 450 גרם,שטראוס בריאות ירקות טריי,,סלט המושבה 450 ג,,450.00,100 גרם,false,1,14.90,3.31,true,1,27421
7290008645935,false,חומוס לניגוב 750 ג' אחלה,"שטראוס גרופ בע""\מ",,אחלה חומוס לניגוב750,,750.00,100 גרם,false,1,10.00,1.33,true,1,9895
7290008670142,false,"יין רקנאטי יסמין אדום 2019 750 מ""ל",תות ממתקי איכות,,רקאנטי יסמין אדום,,750.00,"100 מ""ל",false,1,44.90,5.95,true,1,7990
7290008670159,false,"יין לבן יסמין רקנאטי 750 מ""ל","יקבי רקנאטי בע""מ",,רקאנטי יסמין לבן,,750.00,"100 מ""ל",false,1,44.90,5.95,false,1,29632
7290008690713,false,נקטר חמוציות אושן ספריי פריגת 1 ליטר,מבשלות בירה בינלאומיות ב,,פריגת אושן ספרי חמוצ,,1.12,"1 ק""ג",false,1,15.90,13.93,true,1,9819
7290008693134,false,מעדן גבינה ויוגורט בטעם תות 5% שומן 88 ג' דניאלה,"שטראוס בריאות בע""מ",,דניאלה תות 100 גר,,150.00,"100 מ""ל",false,1,4.50,3.00,true,1,1874
7290008745239,false,תפוצ'יפס קראנצ' בטעם טבעי עלית 50 גרם,"שטראוס פריטו ליי בע""\מ )",,תפוציפס קרנצי 50גר,,50.00,100 גרם,false,1,5.90,11.80,true,1,838
7290008747431,false,שוקולד פרה במילוי תות50ג,שטראוס גרופ,,פרה שוקולד תות50,,50.00,100 גרם,false,1,6.90,13.80,true,1,287
7290008747547,false,תפוצ'יפס קראנץ' בטעם טבעי עלית 200 גרם,"שטראוס פריטו ליי בע""\מ )",,תפוציפס אק.טבעי200,,200.00,100 גרם,false,1,10.00,5.00,true,1,13491
7290008748384,false,שוקולד ספלנדיד מריר100גר,STRAUSS-ISRAEL,,ספלנדיד שוקולד מר כש,,100.00,100 גרם,false,1,12.90,12.90,true,1,495
7290008749343,false,בפלות שחור לבן חלבי עם קרם וניל צרפתי,STRAUSS-ISRAEL,,וופל שחור לבן 400,,400.00,100 גרם,false,1,18.50,4.62,true,1,5111
7290008750264,false,"מסטיק מאסט ציקלס דובדבן 28 גרם לל""ס מגדים","שטראוס גרופ בע""מ",,מאסט דובדבן 28,,28.00,100 גרם,false,1,6.00,21.43,true,1,407
7290008750400,false,שוקולד לבן+עוגיות100 גרם,שטראוס גרופ,,פרה ש.לבן עוגיה 100ג,,100.00,100 גרם,false,1,9.00,9.00,true,1,290
7290008750677,false,שוקולד פרה במילוי תות 100 גרם ממולדה,שטראוס גרופ,,פרה מגדים תות 100 גר,,100.00,100 גרם,false,1,9.00,9.00,true,1,26320
7290008752244,false,תפוצ'יפס קראנץ' בטעם גריל עלית 50 גרם,"שטראוס פריטו ליי בע""\מ )",,תפוציפס קראנץ גריל,,50.00,100 גרם,false,1,5.90,11.80,true,1,992
7290008753111,false,תפוצ'יפס קראנץ' בטעם מקסיקני עלית 50 גרם,"שטראוס פריטו ליי בע""\מ )",,תפוציפס אקסט.מקסיקנ,,50.00,100 גרם,false,1,5.90,11.80,true,1,793
7290008753876,false,בפלות עוגת גבינה+פירו350,STRAUSS-ISRAEL,,ופל פירורי גבינה 350,,350.00,100 גרם,false,1,18.50,5.29,true,1,881
7290008753883,false,בפלות טרפלס+פירורים350גר,STRAUSS-ISRAEL,,ופל פירורי טרפלס 350,,350.00,100 גרם,false,1,18.50,5.29,true,1,885
7290008753982,false,שוקולד חלב אוורירי 85גרם,STRAUSS-ISRAEL,,פרה ש.חלב אווריר 85,,85.00,100 גרם,false,1,9.00,10.59,true,1,1070
7290008754415,false,גומי מאסט בטעם ספירמינט עדין פליפטופ 28 ג' עלית,"שטראוס גרופ בע""מ",,מאסט LLספירמ,,28.00,100 גרם,false,1,6.00,21.43,true,1,3991
7290008754422,false,גומי מאסט בטעם פפרמינט קלאסי פליפטופ 28 ג' עלית,"שטראוס גרופ בע""מ",,מאסט LL קלאסי 28ג,,28.00,100 גרם,false,1,6.00,21.43,true,1,3996
7290008754613,false,רולדת שוקולד מצופה 350גר,STRAUSS-ISRAEL,,רולדת שוקולד פרה,,350.00,100 גרם,false,1,18.90,5.40,true,1,884
7290008757003,false,"שוופס ג'ינג'ר 250 מ""ל זכוכית",שוופס,,שוופס גינגר 250מל,,250.00,"100 מ""ל",false,1,7.90,3.04,true,1,29183
7290008757010,false,"שוופס ביטר לימון 250 מ""ל - בודד",יפאורה שותפות מובגלת לשיווק,,שוופס ביטר 250 מל,,250.00,"100 מ""ל",false,1,7.90,3.04,true,1,29184
7290008757027,false,"שוופס טוניק 250 מ""ל זכוכית",יפאורה שותפות מובגלת לשיווק,,שוופס טוניק 250 מל,,250.00,"100 מ""ל",false,1,7.90,3.04,true,1,29185
7290008757034,false,"שוופס סודה זכוכית 250 מ""ל",יפאורה שותפות מובגלת לשיווק,,שוופס סודה 250 מל,,250.00,"100 מ""ל",false,1,6.90,2.64,true,1,1728
7290008775816,false,ערגליות עוגיות במילוי שוקולד אסם 300 גרם,מיוצר עי קונדיטוריית,,ערגליות שוקו 300 גר,,300.00,100 גרם,false,1,12.90,4.30,true,1,623
7290008775823,false,ערגליות עוגיות תות שדה אסם 300 גרם,מיוצר עי קונדיטוריית,,ערגליות תות 300 גר,,300.00,100 גרם,false,1,12.90,4.30,true,1,624
7290008801157,false,"יין מרלו סלקטד כרמל כרמל 750 מ""ל",כרמל מזרחי,,סלקטד מרלו,,750.00,"100 מ""ל",false,1,35.00,4.63,true,1,4338
7290008801430,false,מיץ ענבים טבעי אדום תירוש,"כד בני דרום בע""מ",,תירוש אדום ענבים 750,,750.00,"100 מ""ל",false,1,20.00,2.63,true,1,3690
7290008801843,false,"יין קברנה סוביניון סלקטד כרמל 750 מ""ל","כד בני דרום בע""מ",,קברנה סובניון-סלקטד,,750.00,"100 מ""ל",false,1,35.00,4.63,true,1,3688
7290008801850,false,סלקטד אמרלד ריזלינג לבן חצי יבש 750 מל,אגודת הכורמים הקואופרטיב,,אמרלד ריזלינג-סלקטד,,750.00,"100 מ""ל",false,1,35.00,4.63,true,1,3689
7290008802291,false,יין מרלו פרייבט קולקשן יקבי כרמל,אגודת הכורמים הקואופרטיב,,מרלו P.C,,750.00,"100 מ""ל",false,1,50.00,6.63,true,1,12841
7290008802895,false,יין קברנה סוביניון פרייבט קולקשן יקבי כרמל,אגודת הכורמים הקאופורטיב,,קברנה סובניון PC 750,,750.00,"100 מ""ל",false,1,50.00,6.63,true,1,5001
7290008805384,false,סלקטד מוסקטו לבן מבעבע 750 מל 2016,אגודת הכורמים הקואופרטיב,,ייו מוסקטו סלקטד,,750.00,"100 מ""ל",false,1,35.00,4.63,true,1,12839
7290008805520,false,"יין קברנה/סוביניון סלקטד כרמל 750 מ""ל","כד בני דרום בע""מ",,סלקטד קברנה/מרלו אדו,,750.00,"100 מ""ל",false,1,35.00,4.63,true,1,3725
7290008806305,false,"שלגון פצפצים ""שטראוס""","מיוצר ע"" גלידת שטראו",,פצפצים-תות בננה וסוכ,,97.00,100 גרם,false,1,8.90,9.18,true,1,451
7290008806961,false,גלידה שוקולד שבבי שוקולד פרה 1.33 ל' קרמיסימו,"גלידת שטראוס בע""\מ, רחוב",,קרמיסימו פרה ש.ציפ,,1.33,1 ליטר,false,1,25.00,18.80,true,1,5802
7290008806985,false,נישנושים גלידה שוקו וניל בציפוי שוקולד 60 יח' קרמיסימו,"גלידת שטראוס בע""\מ, רחוב",,נישנושים גלידה 60יח,,630.00,100 גרם,false,1,50.00,7.94,true,1,5806
7290008909723,false,"בירה טובורג רד 330X6 מ""ל",מבשלות בירה בינלאומיות,,בירה טובורג 330 6יח,,1.98,1 ליטר,false,1,49.90,24.29,true,1,23129
7290008909761,false,"קרלסברג בקבוק יחיד 330מ""ל",מבשלות בירה בינלאומי,,קרלסברג בקבוק 330,,330.00,"100 מ""ל",false,1,15.90,4.73,true,1,6425
7290008909853,false,"קוקה קולה זירו בקבוק 500 מ""ל.",החברה המרכזית לייצור משקאות,,קוקה קולה 0.5 ZERO,,500.00,"100 מ""ל",false,1,9.90,1.92,true,1,6636
7290008909884,false,"קוקה קולה זירו 350 מ""ל בקבוק זכוכית",החברה המרכזית לייצור משק,,קוקה קולה ZERO קלאסי,,350.00,"100 מ""ל",false,1,9.90,2.74,true,1,11586
7290008975551,false,תחליף חלב מטרנה מהדרין שלב 3 חלבי 700 גרם,מולינו ניקולי s.p.a,,מטרנה חסכון שלב 3,,700.00,100 גרם,false,1,65.00,9.29,true,1,26180
7290009004298,false,דובדבן אדום,Unknown,,דובדבן אדום,,300.00,100 גרם,false,1,24.90,8.30,false,1,29045
7290009018004,false,פיקדון בקבוק/פחית בו,Unknown,,פיקדון בקבוק,,0.00,,false,1,0.30,0.00,false,1,27894
7290015475013,false,פחם 2 קג הדר השרון,Unknown,,פחם 2 קג הדר השרון,,2.00,"1 ק""ג",false,1,20.00,10.00,true,1,24616
7290016948127,false,מסכות שחורות 50 יח,Unknown,,מסכות שחורות 50 יח,,50.00,יחידה,false,1,17.90,0.36,false,1,27451
7290100230145,false,בונז'ור חלה מתוקה 550ג',Unknown,,חלה מתוקה קלועה בונ,,550.00,100 גרם,false,1,15.50,2.82,false,1,15208
7290100235317,false,סמבוסק פיצה אישי 180ג' בונז'ור,Unknown,,סמבוסק פיצה אישי,,0.00,,false,1,10.00,0.00,false,1,15229
7290100235324,false,בונז'ור עוגת בריוש גבינה 500ג',בונז'ור,,עוגת בריוש גבינה,,550.00,100 גרם,false,1,29.90,5.44,true,1,15215
7290100235478,false,בונז'ור לחם דגנים 520ג',בונז'ור,,לחם דגנים אפוי,,520.00,100 גרם,false,1,14.50,2.79,true,1,11533
7290100235492,false,בונז'ור לחם שיפון רוסי 575ג',בונז'ור,,לחם שיפון רוסי,,575.00,100 גרם,false,1,15.00,2.61,true,1,11531
7290100235591,false,בונז'ור לחמניה כריך חטה מלאה 120ג',בונז'ור,,לחמניה ח.מלאה,,120.00,100 גרם,false,1,3.90,3.25,true,1,29295
7290100240137,false,"תרסיס למייבש כביסה כחול 500 מ""ל בדין","זוהר דליה, קיבוץ דליה, 1",,בדין כחול ספריי,,500.00,"100 מ""ל",false,1,23.00,4.60,true,1,25899
7290100240632,false,קרקר פתית 200-300ג' 6 דגנים 250 גרם,יוניליוור ישראל מזון בע\,,פתית 6 דגנים בדצ,,250.00,100 גרם,false,1,21.00,8.40,true,1,11803
7290100243671,false,"מרכך כביסה מרוכז אקסטרה כחול בדין 960 מ""ל",יוניליוור סנאיי וי טיקאר,,בדין אקסטרה כחול 960,,960.00,"100 מ""ל",false,1,18.90,1.97,true,1,9994
7290100245231,false,נמס בכוס מרק בטעם עוף עם אטריות ושקדי מרק-2 שקיות,יוניליוור ישראל מזון בע\,,נמס בכוס ט.עוף,,50.00,100 גרם,false,1,9.00,18.00,true,1,10237
7290100246023,false,כריות במילוי קרם נוג,יוניליוור ישראל מזון בע\,,כריות נוגט כשר לפסח,,500.00,100 גרם,false,1,31.90,6.38,true,1,10692
7290100249086,false,חטיף קליק OK נוגט שוקולד לבן כשלפ 35 גר',"יונליוור ישראל מזון בע""\",,קליק נוגט לבן,,35.00,100 גרם,false,1,7.50,21.43,true,1,13239
7290100653463,false,"פלמוליב - ארומה ג'ל רחצה מסאז' 500 מ""ל",קולגייט-פלמוליב,,פלמוליב ספא מסאג500,,500.00,"100 מ""ל",false,1,22.00,4.40,true,1,26040
7290100653586,false,"דאודורנט ג'ל פרש פיוזן 24/7 ליידי ספיד סטיק 65 מ""ל",ליידי ספיד סטיק Lady Speed Stick,,ליידי ס.סטיק 24/7,,65.00,100 גרם,false,1,21.90,33.69,true,1,12867
7290100680650,false,מנה חמה נודלס-אטריות ירקות טעם תאילנדי אסם 76 ג',PUB FOODS PRESIDENT THAI,,מנה חמה נודלס+ירקות,,76.00,100 גרם,false,1,10.00,13.16,true,1,13909
7290100680667,false,מנה חמה נודלס-אטריות+ירקות טעם סצ'ואן,PUB FOODS PRESIDENT THAI,,מנה חמה נודלס סצואן,,67.00,100 גרם,false,1,10.00,14.93,true,1,12471
7290100680728,false,פירורית רגילה שקית 350 גרם,מיוצר עי קונדיטוריית,,אסם פירורית 350 גרם,,350.00,100 גרם,false,1,9.00,2.57,true,1,20119
7290100681015,false,אינסטנט פודינג בטעם ריבת חלב אסם 84 גרם,מיוצר עי קונדיטוריית,,אסם פודינג ר.חלב,,84.00,100 גרם,false,1,6.90,8.21,true,1,26222
7290100681138,false,מארז אפרופו חטיף תירס 3 יחידות,"אסם השקעות בע""\מ",,מארז אפרופו*3 יח,,450.00,100 גרם,false,1,16.50,3.67,true,1,15616
7290100685068,false,אינסטנט פודינג בטעם וניל עם פצפוצי שוקולד אסם 110 גרם,"אסם תעשיות בע""מ",,אסם פודינג וניל פצפו,,110.00,100 גרם,false,1,8.90,8.09,true,1,26225
7290100685136,false,"אבקת מרק בטעם עוף אסם 1 ק""ג","אסם השקעות בע""\מ",,מרק טעם עוף,,1.00,"1 ק""ג",false,1,19.00,19.00,true,1,26226
7290100685334,false,אבקת מרק עוף אמיתי בשרי רכיבים טבעיים אסם 400 גרם,"אסם השקעות בע""\מ",,מרק עוף אמיתי אסם,,400.00,100 גרם,false,1,33.90,8.48,true,1,9826
7290100686171,false,מארז מולטיפק ביסלי גריל 6 יח 35 גר ליח,"אסם השקעות בע""\מ",,ביסלי גריל 6 יח-מארז,,210.00,100 גרם,false,1,17.50,8.33,true,1,17865
7290100687109,false,במבה במילוי קרם נוגט 60ג' אסם,"אסם השקעות בע""\מ",,במבה במילוי נוגט,,60.00,100 גרם,false,1,7.90,13.17,true,1,7013
7290100689301,false,אבקת מרק בטעם עוף זך עדיף אסם 400 גרם,"אסם השקעות בע""\מ",,עדיף זך טעם עוף 400ג,,400.00,100 גרם,false,1,19.90,4.97,true,1,20121
7290100700020,false,גריסי פנינה 500 גרם סוגת,האי נאם סי או אל.טי.,,גריסי פנינה סוגת,,500.00,100 גרם,false,1,6.50,1.30,true,1,12710
7290100700075,false,פירורי לחם מוזהבים סוגת 200 גרם,"סוגת תעשיות בע""\מ",,פירורי לחם מוזהבים,,200.00,100 גרם,false,1,4.50,2.25,true,1,26227
7290100700273,false,קינואה לבנה 500 ג סו,האי נאם סי או אל.טי.,,סוגת קינואה 500 גרם,,500.00,100 גרם,false,1,23.00,4.60,true,1,12825
7290100700372,false,"אורז בסמטי מלא סוגת 1 ק""ג",האי נאם סי או אל.טי.,,אורז בסמטי מלא,,1.00,"1 ק""ג",false,1,18.00,18.00,true,1,26228
7290100700396,false,"אורז יסמין קלאסי 1 ק""ג סוגת",האי נאם סי או אל.טי.,,סוגת אורז יסמין,,1.00,"1 ק""ג",false,1,13.00,13.00,true,1,17363
7290100700587,false,"בורגול ""סוגת"" 500 גרם",האי נאם סי או אל.טי.,,סוגת בורגול 500גר,,500.00,100 גרם,false,1,6.00,1.20,true,1,17364
7290100701157,false,"אורז להכנת סושי סוגת 1 ק""ג","סוגת תעשיות בע""\מ",,אורז סושי 1 קג סוגת,,1.00,"1 ק""ג",false,1,13.00,13.00,true,1,26042
7290100701300,false,קינואה אדומה סוגת 500 גרם,"סוגת תעשיות בע""\מ",,קינואה אדומה,,500.00,100 גרם,false,1,16.90,3.38,true,1,26229
7290100701331,false,קמח רב תכליתי שטיבל קמח חיטה לבן בהיר,"שטיבל בע""\מ - טחנות קמח",,קמח רב תכליתי,,1.00,"1 ק""ג",false,1,8.90,8.90,true,1,26043
7290100701454,false,גרישה בורגול דק סוגת 500 גרם,"סוגת תעשיות בע""\מ",,גרישה סוגת,,500.00,100 גרם,false,1,5.50,1.10,true,1,26230
7290100701874,false,"קמח כוסמין מלא סוגת 1 ק""ג",טחנות קמח שטיבל באר,,סוגת קמח כוסמין 1קג,,1.00,"1 ק""ג",false,1,16.50,16.50,true,1,26044
7290100702611,false,פתיתים אפויים אורז סוגת 500 גרם,"אסיף תעשיות מזון בע""\מ",,פתיתים אורז סוגת,,500.00,100 גרם,false,1,6.00,1.20,true,1,26045
7290100702628,false,פתיתים אפויים קוסקוס סוגת 500 גרם,"אסיף תעשיות מזון בע""\מ",,פתיתים קוסקוס סוגת,,500.00,100 גרם,false,1,6.00,1.20,true,1,26046
7290100702987,false,שיבולת שועל פתיתים סוגת 500 גרם,סוגת תעשיות,,שיבולת שועל סוגת,,500.00,100 גרם,false,1,6.50,1.30,true,1,23460
7290100703007,false,"עדשים שחורות בלוגה 500 גרם ""סוגת""",האי נאם סי או אל.טי.,,עדשים שחורות בלוגה,,500.00,100 גרם,false,1,9.90,1.98,true,1,26231
7290100703670,false,"קמח כוסמין ללא ניפוי 1 ק""ג סוגת","שטיבל בע""מ",,סוגת קמח כוסמין מלא,,1.00,"1 ק""ג",false,1,16.50,16.50,true,1,26047
7290100704141,false,סודה לשתייה 100 ג' סוגת,א.ל. ייצור ושיווק תב,,סודה לשתייה 100 גרם,,100.00,100 גרם,false,1,3.50,3.50,true,1,23885
7290100825716,false,כפפות לטקס 100 Lיח,Unknown,,כפפות לטקס 100 Lיח,,100.00,יחידה,false,1,35.00,0.35,false,1,19930
7290100850008,false,שוקולד חלב+סוכ.קופצות85ג,STRAUSS-ISRAEL,,פרה ש.סוכריות קופצות,,90.00,100 גרם,false,1,9.00,10.00,true,1,1626
7290100850336,false,חטיף מיני פסק זמן 19,STRAUSS-ISRAEL,,שקית מיני פ.זמן 195ג,,195.00,100 גרם,false,1,17.90,9.18,true,1,10754
7290100850343,false,מקופלת מיני שוק.חלב,STRAUSS-ISRAEL,,מקופלת מיני שוק.חלב,,200.00,100 גרם,false,1,16.90,8.45,true,1,26049
7290100850411,false,חטיף מיני מיקס מעורב,שטראוס גרופ,,מיקס מעורב 190גר,,190.00,100 גרם,false,1,17.90,9.42,true,1,1887
7290100850909,false,דוריטוס נאצ'ו מקסיקני 70 גרם,"שטראוס פריטו ליי בע""\מ",,דוריטוס נאצו 70 גר,,70.00,100 גרם,false,1,6.90,9.86,true,1,11977
7290100850916,false,דוריטוס חמוץ חריף מעודן 70 גרם כשר לפסח,"שטראוס פריטו ליי בע""\מ )",,דוריטוס חמוץ חריף 70,,70.00,100 גרם,false,1,6.90,9.86,true,1,6856
7290100850923,false,דוריטוס בטעם גריל 70 גרם,"שטראוס פריטו ליי בע""\מ )",,דוריטוס גריל 70ג,,70.00,100 גרם,false,1,6.90,9.86,true,1,6855
7290100850930,false,דוריטוס בטעם טבעי 70 גרם,"שטראוס פריטו ליי בע""\מ )",,דוריטוס דיפ טבעי 70ג,,70.00,100 גרם,false,1,6.90,9.86,true,1,6853
7290100853689,false,בראוניס שוקולד עשירה380ג,STRAUSS-ISRAEL,,בראוניס שוקולד עשירה,,380.00,100 גרם,false,1,20.50,5.39,true,1,4071
7290100858592,false,אבקת קקאו עלית שקית 150 ג',הנסיך- מפעל לייצור ט,,קקאו שקית 150 גר,,150.00,100 גרם,false,1,12.50,8.33,true,1,9765
7290101101176,false,פלפל טינקרבל,Unknown,,פלפל טינקרבל,,0.00,,false,1,12.90,0.00,true,1,24406
7290101112556,false,פופסיקל אננס,Unknown,,פופסיקל אננס,,82.00,100 גרם,false,1,9.90,12.07,true,1,29242
7290101113164,false,שלגון גלידל ו.עוגיות,Unknown,,שלגון גלידל ו.עוגיות,,48.00,100 גרם,false,1,9.90,20.63,true,1,29243
7290101113522,false,שלגון גלידל שוקלד,Unknown,,שלגון גלידל שוקלד,,52.00,100 גרם,false,1,9.90,19.04,true,1,29244
7290101113539,false,טילון יולו קטן שוקולד לבן עם ליבת שוקולד,פלדמן,,טילון יולו ל.שוקולד,,80.00,100 גרם,false,1,9.90,12.38,true,1,29245
7290101113546,false,טילון יולו קטן שוקולד לבן עם עוגיות שוקולד,פלדמן,,טילון יולו ע.שוקולד,,80.00,100 גרם,false,1,9.90,12.38,true,1,29246
7290101113553,false,טילון יולו שוקולד חלב עם נטיפי שוקולד גדול,פלקו,,טילון גדול ש.חלב,,112.00,100 גרם,false,1,12.50,11.16,true,1,29247
7290101113560,false,טילון יולו שוקולד לבן עם נטיפי שוקולד גדול,Unknown,,טילון גדול נ.שוקולד,,112.00,100 גרם,false,1,12.50,11.16,true,1,29248
7290101113577,false,טילון יולו גדול שוקולד לבן עם קרם עוגיות,Unknown,,טילון גדול ק.עוגיות,,112.00,100 גרם,false,1,12.50,11.16,true,1,29249
7290101113645,false,פופסיקל פירות טרופי,Unknown,,פופסיקל פירות טרופי,,82.00,100 גרם,false,1,9.90,12.07,true,1,29250
7290101113690,false,יולו שוקולד לבן עם סירופ קרמל בלונד-,Unknown,,יולו ש.לבן ק.בלונד,,75.00,100 גרם,false,1,12.50,16.67,true,1,29251
7290101113706,false,יולו שוקולד חלב בציפוי שוקולד חלב וופל -,Unknown,,יולו ש.חלב צ.וופל,,50.00,100 גרם,false,1,12.50,25.00,true,1,29252
7290101113720,false,שלגון יולו שוקולד לבן ועוגיות,פלדמן,,יולו ש.לבן ועוגיות,,75.00,100 גרם,false,1,12.50,16.67,true,1,29253
7290101113775,false,שלגון שייק פרי יופלה פריזי תות,פלקו,,יופלה שייק פ.תות,,70.00,100 גרם,false,1,9.90,14.14,true,1,29254
7290101113782,false,שלגון שייק פרי יופלה פריזי אננס,Unknown,,יופלה פריזי אננס,,70.00,100 גרם,false,1,9.90,14.14,true,1,29255
7290101113799,false,שלגון שייק פרי יופלה פריזי מנגו,פלדמן,,יופלה פריזי מנגו,,70.00,100 גרם,false,1,9.90,14.14,true,1,29256
7290101450221,false,סוכריות קופצות לקקן,Unknown,,סוכריות קופצות לקקן,,11.00,100 גרם,false,1,4.00,36.36,true,1,6165
7290101450900,false,נרות ג'מבו כוכבים ממ,סודי,,נרות גמבו כוכבים,,0.00,,false,1,7.00,0.00,true,1,7231
7290101488323,false,ליידי ספיד סטיק - דאודורנט סטיק לאישה ללא סימן ירוק סטיק 65 גרם,ליידי ספיד סטיק Lady Speed Stick,,ליידי ס.סטיק ירוק,,96.00,100 גרם,false,1,21.90,22.81,true,1,12866
7290101551027,false,קפסולות קפה אספרסו חזק במיוחד 14 עלית 10 יח',הנסיך- מפעל לייצור ט,,עלית ת. נספרסו 14,,10.00,יחידה,false,1,16.50,1.65,true,1,26376
7290101551263,false,סילאן טבעי ללא תוספת סוכר,מכוורת יד מרדכי,,יד מרדכי סילאן טבעי,,700.00,100 גרם,false,1,28.00,4.00,true,1,26053
7290101551300,false,סילאן טבעי ללא תוספת סוכר בקבוק לחיץ,מכוורת יד מרדכי שטראוס ב,,יד מרדכי סילאן 380ג,,380.00,100 גרם,false,1,19.00,5.00,true,1,26054
7290101551539,false,יוגורט PRO בטעם אפרסק 0% 20 גרם חלבון בגביע,"שטראוס בריאות בע""מ",,דנונה פרו אפרסק 20ג,,200.00,100 גרם,false,1,6.90,3.45,true,1,22040
7290101551584,false,תפוצ'יפס קידס מארז 10 יח' * 20 ג',"שטראוס פריטו ליי בע""מ )פ",,תפוציפיס קידס 10*20ג,,200.00,100 גרם,false,1,17.90,8.95,true,1,26055
7290101551607,false,חטיף בוטנים שוש מארז,"שטראוס פריטו ליי בע""מ )פ",,שוש מארז 10 * 25 גרם,,250.00,100 גרם,false,1,17.90,7.16,true,1,26056
7290101551638,false,חטיף צ'יטוס כאפה בטעם קטשופ - מארז 10 יח',"שטראוס פריטו ליי בע""מ )פ",,ציטוס כאפה 10*20גר,,200.00,100 גרם,false,1,17.90,8.95,true,1,26058
7290101551645,false,חטיף צ'יטוס איקס עיגול בטעם פיצה - מארז 10 יח',"שטראוס פריטו ליי בע""מ )פ",,ציטוס איקסעיגול10*20,,200.00,100 גרם,false,1,17.90,8.95,true,1,26059
7290101551904,false,סבבה בוטנים אמריקאים,הנסיך- מפעל לייצור ט,,סבבה חמוץ חריף 50,,50.00,100 גרם,false,1,3.00,6.00,true,1,22401
7290101864127,false,"ספריי להסרת כתמים 750 מ""ל וניש קליה",קליה וניש Kalia Vanish,,קליה אוקסי ספריי,,750.00,"100 מ""ל",false,1,18.00,2.40,true,1,25894
7290101866633,false,וניש קליה גל להסרת כתמים 3 ליטר אוקסיפרש,קליה וניש Kalia Vanish,,וניש קליה גל 3 ל,,3.00,1 ליטר,false,1,28.90,9.63,false,1,20325
7290101869788,false,"אירוויק ספריי אוטומטי מילוי בניחוח אואזיס 250 מ""ל*",איירוויק Air Wick,,אירוויק ספרי אואזיס,,250.00,"100 מ""ל",false,1,20.00,8.00,true,1,25896
7290101869795,false,"אירוויק מילוי מבשם אויר אטומטי חלום ליל קיץ 250 מ""ל",איירוויק Air Wick,,אירוויק ספרי חלום,,250.00,"100 מ""ל",false,1,20.00,8.00,true,1,25897
7290101980919,false,מארז שלישיית ביצי שוקולד ממותגים,זאיני,,ביצי שוקולד צעצוע*3,,60.00,100 גרם,false,1,17.50,29.17,true,1,14084
7290101984412,false,זיקוק מספר,Unknown,,זיקוק מספר,,0.00,,false,1,5.00,0.00,true,1,14369
7290101992844,false,מרשמלו על מקל 45,Unknown,,מרשמלו על מקל 45,,45.00,100 גרם,false,1,12.00,26.67,true,1,20598
7290102031276,false,מארז 8 יחידות אקטימל משקה יוגורט בטעם תות בננה,מיוצר עי קונדיטוריית,,אקטימל 8 תות בננה,,800.00,"100 מ""ל",false,1,26.00,3.25,true,1,9781
7290102035007,false,גומי לעיסה ללא סוכר בטעם בזוקה,STRAUSS-ISRAEL,,מאסט בזוקה 28,,28.00,100 גרם,false,1,6.00,21.43,true,1,7174
7290102390427,false,יוגורט ביו עם קציפת תות 3% שומן 150 ג' מולר,מולר Muller,,מולר תות 3%,,150.00,"100 מ""ל",false,1,6.00,4.00,true,1,7239
7290102390465,false,יוגורט ביו עם קציפת אפרסק ופסיפלורה 3% שומן 150 ג' מולר,מולר Muller,,מולר אפרסק פסיפלו3%,,150.00,"100 מ""ל",false,1,6.00,4.00,true,1,7237
7290102391844,false,יוגורט ביו עם קציפת פירות יער3% שומן 150 ג' מולר,מולר Muller,,מולר פירות יער,,150.00,100 גרם,false,1,6.00,4.00,false,1,12723
7290102392094,false,חלב עיזים 3.7% בקרטון משק צוריאל 1 ליטר,מחלבת משק צוריאל,,חלב עיזים מלא צוריאל,,1.00,1 ליטר,false,1,18.90,18.90,true,1,13597
7290102392254,false,"חלב בקרטון 1% 2 ליטר בד""צ - מוצר בפיקוח",מילקו תעשיות בעמ,,חלב בקרטון 1%,,2.00,1 ליטר,false,1,11.72,5.86,true,1,29222
7290102392711,false,יוגורט מולר ביאנקו נ,Unknown,,מולר יוגורט לבן טבעי,,200.00,"100 מ""ל",false,1,4.30,2.15,true,1,10443
7290102393039,false,"יוגורט ביו קרמי מיקס פצפוצי שוקולד 7.6% מולר 170 מ""ל",קריות זול,,מולר mix עם פצפוצי,,170.00,100 גרם,false,1,7.70,4.53,true,1,11096
7290102393060,false,"יוגורט ביו קרמי מיקס גלילי ופל ואגוזים 5.9% מולר 170 מ""ל",קריות זול,,מולר mix עם גליליות,,170.00,100 גרם,false,1,7.70,4.53,true,1,11098
7290102393176,false,סימפלי פרוט יוגורט אפרסק 3% שומן 150 ג' מולר,מילקו תעשיות בעמ,,סימפלי פרוט אפרסק,,150.00,100 גרם,false,1,6.00,4.00,true,1,11796
7290102393190,false,"יוגורט סימפלי פרוט בטעם פירות יער 3% מולר 150 מ""ל",מילקו תעשיות בעמ,,מולר סימפלי פרוט יער,,150.00,"100 מ""ל",false,1,5.70,3.80,true,1,12886
7290102393299,false,יוגורט עיזים לשתייה 3% משק צוריאל 500 גרם,מיוצר עי קוד יצרן HG,,יוגורט עיזים לשתייה,,500.00,"100 מ""ל",false,1,15.90,3.18,true,1,17384
7290102393947,false,סימפלי פרוט יוגורט בטעם קיווי 3% שומן 150 ג' מולר,מילקו תעשיות בעמ,,יוגורט סימפלי קיווי,,176.00,100 גרם,false,1,6.00,3.41,true,1,23391
7290102394081,false,"יוגורט ביו קרמי מיקס קורנפלקס מצופה שוקולד מולר 170 מ""ל",מילקו תעשייה בעמ,,מולר מיקס +קורנפלקס,,170.00,100 גרם,false,1,7.30,4.29,true,1,18896
7290102394463,false,נעם גבינה צהובה פרוסה ואקום 28% טרה 500 גרם,Unknown,,גבינה צהובה נעם 500,,533.00,100 גרם,false,1,31.90,5.98,true,1,23385
7290102394821,false,נעם גבינה צהובה פרוסה 28% טרה 200 גרם,מילקו תעשיות בעמ,,נעם ג.צהובה דק דק28%,,200.00,100 גרם,false,1,17.90,8.95,true,1,13365
7290102394845,false,נעם גבינה צהובה לייט פרוסה דק דק 9% טרה 200 גרם,מילקו תעשיות בעמ,,נעם ג.צהובה דק דק 9%,,200.00,100 גרם,false,1,19.90,9.95,true,1,13366
7290102395477,false,מעדן חלב בטעם שוקולד עם קצפת 123 ג' טרה,Unknown,,מו שוקולד עם קצפת,,144.00,100 גרם,false,1,3.30,2.29,true,1,14257
7290102396665,false,נעם גבינה צהובה דק דק 15% טרה 200 גרם,מילקו תעשיות בעמ,,נעם גבנצ דק דק 15%,,200.00,100 גרם,false,1,19.50,9.75,true,1,26062
7290102396788,false,"טרה-מוו שוקו בשקית 200 מ""ל",Unknown,,מו שוקו שקית 200מל,,200.00,"100 מ""ל",false,1,4.00,2.00,true,1,16618
7290102396948,false,חלב טרה 1 ליטר 3% קרטון רבנות,HIQ FOOD PRODUCTS,,טרה חלב קרטון 3% 1ל,,1.00,1 ליטר,false,1,6.23,6.23,false,1,16750
7290102396955,false,חלב 3% בקרטון 2 ליטר,HIQ FOOD PRODUCTS,,חלב בקרטון 3%,,2.00,1 ליטר,false,1,12.46,6.23,true,1,29223
7290102396962,false,חלב מפוסטר 3%שקית1ליטר,Unknown,,תנובה חלב שקית 3%,,1.00,1 ליטר,false,1,5.43,5.43,false,1,16749
7290102397204,false,"גבנ""צ דק דק נעם פתיחה חוזרת 22% 200 גרם",מילקו תעשיות בעמ,,נעם צהובה דק דק 22%,,200.00,100 גרם,false,1,19.00,9.50,true,1,26063
7290102397600,false,מיקס יוגורט בתוספת שקדים ובוטנים מקורמלים 170 ג' מולר,מילקו תעשייה בעמ,,מולר מיקס שקדים+בוטן,,170.00,100 גרם,false,1,7.30,4.29,true,1,18898
7290102397617,false,יוגורט ביו קרמי עם כדורים מצופים שוקולד חום לבן,מולר Muller,,מולר מיקס כדורים,,170.00,100 גרם,false,1,7.70,4.53,true,1,19661
7290102397679,false,קוטג' וחצי טרה 5% מרכיבים טבעיים,מילקו,,קוטג וחצי טרה 5%,,391.00,100 גרם,false,1,8.80,2.25,true,1,23394
7290102397730,false,פרוסות גבינה אמנטל חצי קשה 30% שומן 200 ג' נעם,Unknown,,גבינת אמנטל נעם 30%,,230.00,100 גרם,false,1,19.90,8.65,true,1,23395
7290102397891,false,גבינה מותכת משק צוריאל 100 גרם,משק צוריאל,,גבינה מותכת 100 גרם,,100.00,100 גרם,false,1,8.80,8.80,true,1,19662
7290102398065,false,חלב טרה בקרטון 2 ליטר מהדרין 3% - מוצר בפיקוח,הפריט בפיקוח,,חלב טרה 3% 2ל,,2.00,1 ליטר,false,1,12.46,6.23,true,1,23396
7290102398072,false,חלב בקרטון 3% 1 ליטר טרה ועדת מהדרין,הפריט בפיקוח,,טרה חלב 3% 1למהדרין,,1.00,1 ליטר,false,1,6.23,6.23,false,1,19995
7290102398096,false,חמאה 200 ג וסטהיים,Unknown,,חמאה 200 ג וסטהיים,,200.00,100 גרם,false,1,7.88,3.94,false,1,27240
7290102398140,false,מעדן חלב+אורז מת.עדינ170,Unknown,,מ.רייס מעדן חלב אורז,,176.00,100 גרם,false,1,5.70,3.24,true,1,23397
7290102398188,false,מעדן חלב ואורז + תות170ג,Unknown,,מולר רייס תות,,176.00,100 גרם,false,1,5.70,3.24,true,1,21481
7290102398560,false,שוקו טרה מועשר בבקבוק 1 ליטר,מילקו תעשיות בעמ,,שוקו טרה בבקבוק 1 ל,,1.00,1 ליטר,false,1,13.50,13.50,false,1,23398
7290102398577,false,משקה חלב בטעם שוקו 2% בבקבוק אישי,מילקו תעשיות בעמ,,שוקו טרה בבקבוק אישי,,250.00,"100 מ""ל",false,1,7.20,2.88,true,1,23399
7290102398614,false,משקה חלב בטעם בננה 1 ליטר טרה,מילקו תעשיות בעמ,,משקה חלב בטעם בננה1ל,,1.00,1 ליטר,false,1,13.50,13.50,false,1,26064
7290102398638,false,משקה חלב בטעם מוקה 1 ליטר טרה,מילקו תעשיות בעמ,,משקה חלב בטעם מוקה1ל,,1.00,1 ליטר,false,1,13.50,13.50,false,1,26065
7290102399680,false,חלב 3% בבקבוק 1 ליטר,Unknown,,חלב בבקבוק 3% 1 ל,,1.00,1 ליטר,false,1,6.23,6.23,false,1,24511
7290103120658,false,דאודורנט ספיד סטיק גל שחור 85 גרם,הנסיך- מפעל לייצור ט,,ספיד סטיק גל,,130.00,100 גרם,false,1,21.90,16.85,true,1,13601
7290103400378,false,עוגת בראוניז שוקולד380גר,STRAUSS-ISRAEL,,עוגת בראוניז כשלפ,,380.00,100 גרם,false,1,18.90,4.97,true,1,11921
7290103401429,false,קפה קצב ברזילאי אוריגינס 200 גר,הנסיך- מפעל לייצור ט,,קפה קצב ברזילאי,,200.00,100 גרם,false,1,38.00,19.00,true,1,10122
7290103402853,false,אצבעות שוקולד מגדים 96 ג,STRAUSS-ISRAEL,,אצבעות חלב מגדים,,96.00,100 גרם,false,1,10.00,10.42,true,1,23177
7290103404758,false,סלט כרוב אדום במיונז אחלה 120 גרם,מיוצר עי קונדיטוריית,,אחלה כרוב אדום 120ג,,120.00,100 גרם,false,1,5.50,4.58,true,1,19437
7290103681173,false,"יין הר קברנה סובניון יקבי תבור 750 מ""ל.",מיוצר על ידי יקב תבור,,הר קברנה סובי 750מל,,750.00,"100 מ""ל",false,1,40.00,5.29,true,1,22611
7290103681180,false,"יין הר מרלו מיתוג תנשמת 750 מ""ל",מיוצר על ידי יקב תבור,,הר מרלו 750 מל,,750.00,"100 מ""ל",false,1,40.00,5.29,true,1,22612
7290103681210,false,"יין הר שרדונה מיתוג תנשמת 750 מ""ל",מיוצר על ידי יקב תבור,,הר שרדונה 750 מל,,750.00,"100 מ""ל",false,1,40.00,5.29,true,1,22613
7290103681227,false,"יין הר גוורצטרמינר מיתוג תנשמת 750 מ""ל",מיוצר על ידי יקב תבור,,הר גוורצטרמ 750 מל,,750.00,"100 מ""ל",false,1,40.00,5.29,true,1,22614
7290103681241,false,"יין הר מוסקטו מיתוג תנשמת 750 מ""ל",יקב תבור,,הר מוסקטו 2019,,750.00,"100 מ""ל",false,1,40.00,5.29,true,1,24947
7290103681739,false,"יין הר לבן יקבי תבור 750 מ""ל",מיוצר על ידי יקב תבור,,הר לבן 750 מל,,750.00,"100 מ""ל",false,1,40.00,5.29,true,1,29346
7290103700195,false,שאפו רדיד אלומיניום צר 30*7.5 2יח',"שניב תעשיות נייר בע""",,רדיד אלומיניום קצר,,15.00,1 מטר,false,1,9.90,0.66,false,1,29257
7290103700225,false,רדיד אלומניום רוחב 45 עובי 14 מיקרון,שניב תעשיות,,רדיד אלומיניום ארוך,,15.00,1 מטר,false,1,12.50,0.83,false,1,29258
7290103701017,false,נייר אפיה נשלף טאצ 50 יחידות כשלפ,"שניב תעשיות נייר בע""",,טאצ נייר אפיה,,50.00,יחידה,false,1,9.90,0.20,false,1,29259
7290103701055,false,כוס קרטון טאץ' ב8 או,"שניב תעשיות נייר בע""",,כוס נייר 8 אוז 50יח,,50.00,יחידה,false,1,10.90,0.22,false,1,29260
7290103702229,false,טאצ מפות שולחן שמינייה עבות במיוחד,"שניב תעשיות נייר בע""",,מפות שולחן שמיניה,,8.00,יחידה,false,1,6.90,0.86,false,1,29261
7290103702236,false,טאצ מפות שולחן שישייה עבות במיוחד,"שניב תעשיות נייר בע""",,מפות שולחן שישייה,,6.00,יחידה,false,1,6.90,1.15,false,1,29262
7290103703684,false,נייר טאולט לובלי 30,Unknown,,נייר טאולט לובלי 30,,0.00,,false,1,31.90,0.00,true,1,29813
7290103703905,false,ממחטות נייר טישו טוט,Unknown,,ממחטות פרשמרקט,,0.00,,false,1,12.90,0.00,false,1,29633
7290103704155,false,נייר מגבת טאצ' 6 גלילים מהדורת 2021,"שניב תעשיות נייר בע""",,מגבות טאצ שישייה,,0.00,,false,1,11.90,0.00,true,1,29814
7290103704780,false,טאצ' מארז תבנית אלומיניום 7 יח',Unknown,,תבנית טאצ R31 105,,7.00,יחידה,false,1,11.90,1.70,false,1,29263
7290103704797,false,טאצ' מארז תבנית אלומיניום 4 יח',Unknown,,תבנית טאצ 4 R99 210,,4.00,יחידה,false,1,11.50,2.88,false,1,29264
7290103704803,false,טאצ' מארז תבנית אלומיניום 7 יח',Unknown,,תבנית טאצ R2 90,,7.00,יחידה,false,1,11.50,1.64,false,1,29265
7290103704810,false,טאצ' תבנית אלומיניום אינגליש 12 יח',Unknown,,תבנית אינגליש R88,,12.00,יחידה,false,1,11.90,0.99,false,1,29266
7290103704841,false,טאצ' תבנית אלומיניום עגולה 6 יח',Unknown,,תבנית עגולה C10,,6.00,יחידה,false,1,11.50,1.92,false,1,29267
7290103704858,false,טאצ' תבנית אלומיניום עגולה 4 יח',Unknown,,תבנית עגולה 4 יח,,4.00,יחידה,false,1,11.50,2.88,false,1,29268
7290104060403,false,מסטיק מאסט בזוקה ענבים28,שטראוס גרופ,,מאסט בזוקה ענבים,,28.00,100 גרם,false,1,6.00,21.43,true,1,9078
7290104061219,false,רבע לשבע אצבעות אגוז120ג,"שטראוס גרופ בע""מ",,רבע לשבע אגוזים,,120.00,100 גרם,false,1,14.50,12.08,true,1,11445
7290104061417,false,סלט חומוס עם טחינה אחלה 400 גרם,"שטראוס גרופ בע""\מ",,אחלה חומוס עם טחינה,,400.00,100 גרם,false,1,13.50,3.38,true,1,10261
7290104061431,false,סלט חומוס עם צנובר אחלה 400 גרם,"שטראוס גרופ בע""\מ",,אחלה חומוס צנובר,,400.00,100 גרם,false,1,13.50,3.38,true,1,10263
7290104061448,false,סלט חומוס עם חריף אחלה 400 גרם,מיוצר עי קונדיטוריית,,אחלה חומוס חריף,,400.00,100 גרם,false,1,13.50,3.38,true,1,10264
7290104064012,false,חטיף פסק זמן GOOD שוקולד לבן גוד 36 גרם,שולן צ'יקולטה גידה ס,,פסק זמן 2 good לבן,,36.00,100 גרם,false,1,7.50,20.83,true,1,13085
7290104066016,false,מעדן מילקי טופ עדשים 170 ג',"שטראוס גרופ בע""\מ",,מילקי טופ עדשים,,149.00,100 גרם,false,1,5.20,3.49,true,1,12812
7290104067198,false,ספלנדיד מריר 70%תפוז100ג,STRAUSS-ISRAEL,,ספלנדיד תפוז 100 גר,,100.00,100 גרם,false,1,12.90,12.90,true,1,17787
7290104067518,false,כיף כיף לבן מגדים 45 גרם,STRAUSS-ISRAEL,,כיף כף לבן מגדים,,45.00,100 גרם,false,1,6.90,15.33,true,1,18398
7290104067679,false,סלט טחינה אחלה 400גר,מיוצר עי קונדיטוריית,,טחינה 400 גר,,400.00,100 גרם,false,1,13.00,3.25,true,1,20159
7290104067693,false,אחלה חומוס עם חריף 150 גרם,מיוצר עי קונדיטוריית,,אחלה חומוס חריף 150,,150.00,100 גרם,false,1,7.00,4.67,true,1,15415
7290104068539,false,מאסט פליפטופ מלון ואבטיח ללא גרעינים,"שטראוס גרופ בע""מ",,מאסט מלון אבטיח 28גר,,28.00,100 גרם,false,1,6.00,21.43,true,1,11163
7290104068546,false,גומי מאסט בטעם לימון קולה ללא סוכר 28 ג' עלית,"שטראוס גרופ בע""מ",,מאסט קולה לימון,,28.00,100 גרם,false,1,6.00,21.43,true,1,11501
7290104289613,false,מטריה חצי אוטומטית,Unknown,,מטריה חצי אוטומטית,,0.00,,false,1,15.00,0.00,false,1,20223
7290104289620,false,מטריה חצי אוטומטית,Unknown,,מטריה חצי אוטומטית,,0.00,,false,1,15.00,0.00,false,1,23950
7290104500572,false,אפרופו חטיף תירס איטליאנו אסם 50 גרם,מיוצר עי קונדיטוריית,,אפרופו איטליאנו,,50.00,100 גרם,false,1,8.50,17.00,true,1,12262
7290104501661,false,אינסטנט פודינג בטעם וניל צרפתי אסם 80 גרם,מיוצר עי קונדיטוריית,,פ.בטעם וניל צרפתי,,80.00,100 גרם,false,1,6.90,8.62,true,1,18866
7290104503184,false,הבית עוגת שבת בראוניס טעם שוקולד ריבת חלב 380 גרם,מיוצר עי קונדיטוריית,,ע.בראוניס ש.ריבת ח,,380.00,100 גרם,false,1,20.90,5.50,true,1,16852
7290104504228,false,מיני דובונים אסם 100 גרם מארז 5 יחידות,"אסם השקעות בע""\מ",,דובונים מארז 5יח,,100.00,100 גרם,false,1,16.50,16.50,true,1,17866
7290104506819,false,"קראנץ' רולס כשל""פ 370גרם","אסם השקעות בע""מ",,קראנץ רולס כשלפ 370ג,,370.00,100 גרם,false,1,29.90,8.08,true,1,12001
7290104508189,false,אסם 24 גביעי גלידה ממותקים 95 גרם,בטר אנד דיפרנט,,גביעי גלידה ממותקים,,95.00,100 גרם,false,1,16.50,17.37,true,1,19307
7290104508332,false,לחמנית בריוש,Unknown,,לחמנית בריוש,,200.00,יחידה,false,1,2.00,0.01,false,1,23286
7290104508943,false,במבה חטיף בוטנים אסם 200 גרם,"אסם השקעות בע""\מ",,במבה 200 גר,,200.00,100 גרם,false,1,15.90,7.95,true,1,12996
7290104509247,false,בונז'ור-עוגת קראנץ' שוקולד עשיר 650 גר',בונז'ור,,עוגת קראנץ שוקולד,,650.00,100 גרם,false,1,24.90,3.83,true,1,15216
7290104570513,false,"תמר מגהול כחול 1 ק""",פרי וירק טמרה ושותפי,,תמר מגהול 1 קילו,,1.00,"1 ק""ג",false,1,19.90,19.90,true,1,28571
7290104690167,false,סט כבלי התנעה דגם600,Unknown,,סט כבלי התנעה דגם600,,0.00,,false,1,54.00,0.00,true,1,18749
7290104691638,false,משפך,Unknown,,משפך,,0.00,,false,1,10.00,0.00,true,1,18750
7290104692369,false,L וילון קדמי משקפים,Unknown,,L וילון קדמי משקפים,,0.00,,false,1,21.90,0.00,true,1,18751
7290104692376,false,XLוילון משקפים אפור,Unknown,,XLוילון משקפים אפור,,0.00,,false,1,30.00,0.00,true,1,18752
7290104692383,false,סוכך שמש לייזר L,Unknown,,סוכך שמש לייזר L,,0.00,,false,1,30.00,0.00,false,1,23378
7290104692444,false,סוכך כסף מתקפל עבה,Unknown,,סוכך כסף מתקפל עבה,,0.00,,false,1,10.00,0.00,true,1,19861
7290104693496,false,מ.מיקרופייבר לרכב,Unknown,,מ.מיקרופייבר לרכב,,1.00,יחידה,false,1,29.00,29.00,false,1,27545
7290104693847,false,קומפרסור פלסטיק מיני,Unknown,,קומפרסור פלסטיק מיני,,0.00,,false,1,69.00,0.00,true,1,18754
7290104693854,false,מדחס אויר חד בוכנה,Unknown,,מדחס אויר חד בוכנה,,0.00,,false,1,95.00,0.00,false,1,24674
7290104694110,false,מאפרה עגולה עם מכסה,Unknown,,מאפרה עגולה עם מכסה,,0.00,,false,1,26.00,0.00,true,1,18755
7290104694233,false,H7 ערכת נורות חרום,Unknown,,H7 ערכת נורות חרום,,0.00,,false,1,31.90,0.00,true,1,18756
7290104694240,false,H4 ערכת נורות חרום,Unknown,,H4 ערכת נורות חרום,,0.00,,false,1,31.90,0.00,true,1,18757
7290104694530,false,מכסה מיכל דלק הברגה,Unknown,,מכסה מיכל דלק הברגה,,0.00,,false,1,25.00,0.00,true,1,18758
7290104694561,false,גילדה קטנה לניקוי,Unknown,,גילדה קטנה לניקוי,,1.00,יחידה,false,1,12.00,12.00,false,1,25261
7290104695315,false,סט כבלי התנעה,Unknown,,סט כבלי התנעה,,0.00,,false,1,79.00,0.00,true,1,18759
7290104695322,false,רצועת קשירה 2.5 מ,Unknown,,רצועת קשירה 2.5 מ,,0.00,,false,1,21.90,0.00,true,1,18760
7290104695339,false,רצועת קשירה רצט 5,Unknown,,רצועת קשירה רצט 5,,0.00,,false,1,41.90,0.00,true,1,18761
7290104695568,false,פחית ריח אורגנית,Unknown,,פחית ריח אורגנית,,0.00,,false,1,15.00,0.00,true,1,22549
7290104695759,false,אפוד זוהר תקני צהוב,Unknown,,אפוד זוהר תקני צהוב,,0.00,,false,1,20.00,0.00,true,1,18762
7290104695766,false,אשפתון לרכב,Unknown,,אשפתון לרכב,,0.00,,false,1,12.00,0.00,true,1,18763
7290104695797,false,שלט נהג חדש,Unknown,,שלט נהג חדש,,0.00,,false,1,10.90,0.00,true,1,18764
7290104695803,false,שלט נהגת חדשה,Unknown,,שלט נהגת חדשה,,0.00,,false,1,10.90,0.00,true,1,18765
7290104695865,false,וילון צד משקפים שחור,Unknown,,וילון צד משקפים שחור,,0.00,,false,1,12.90,0.00,true,1,18767
7290104696008,false,גילדה גדולה לניקוי,Unknown,,גילדה גדולה לניקוי,,1.00,יחידה,false,1,15.00,15.00,false,1,25262
7290104698354,false,מגב יחיד שטוח,Unknown,,מגב יחיד שטוח,,1.00,יחידה,false,1,18.50,18.50,false,1,25410
7290104698378,false,מגב יחיד שטוח,Unknown,,מגב יחיד שטוח,,1.00,יחידה,false,1,18.50,18.50,false,1,25411
7290104698385,false,מגב יחיד שטוח,Unknown,,מגב יחיד שטוח,,1.00,יחידה,false,1,18.50,18.50,false,1,25412
7290104698392,false,מגב יחיד שטוח 24,Unknown,,מגב יחיד שטוח 24,,1.00,יחידה,false,1,18.50,18.50,false,1,27678
7290104698408,false,מגב יחיד שטוח 26,Unknown,,מגב יחיד שטוח 26,,1.00,יחידה,false,1,18.50,18.50,false,1,27679
7290104698415,false,מגב יחיד שטוח,Unknown,,מגב יחיד שטוח,,1.00,יחידה,false,1,18.50,18.50,false,1,25413
7290104699634,false,מגב יחיד שטוח 14,Unknown,,מגב יחיד שטוח 14,,0.00,,false,1,18.50,0.00,false,1,23461
7290104699641,false,מגב יחיד שטוח 16,Unknown,,מגב יחיד שטוח 16,,0.00,,false,1,18.50,0.00,false,1,23468
7290104699658,false,מגב יחיד שטוח 18,Unknown,,מגב יחיד שטוח 18,,0.00,,false,1,18.50,0.00,false,1,23600
7290104699665,false,מגב יחיד שטוח 19,Unknown,,מגב יחיד שטוח 19,,0.00,,false,1,18.50,0.00,false,1,23601
7290104699672,false,מגב יחיד שטוח 20,Unknown,,מגב יחיד שטוח 20,,0.00,,false,1,18.50,0.00,false,1,23602
7290104699689,false,מגב יחיד שטוח 21,Unknown,,מגב יחיד שטוח 21,,0.00,,false,1,18.50,0.00,false,1,23603
7290104699696,false,מגב יחיד שטוח 22,Unknown,,מגב יחיד שטוח 22,,0.00,,false,1,18.50,0.00,false,1,23604
7290104699702,false,מגב יחיד שטוח 24,Unknown,,מגב יחיד שטוח 24,,0.00,,false,1,18.50,0.00,false,1,23605
7290104699719,false,מגב יחיד שטוח 26,Unknown,,מגב יחיד שטוח 26,,0.00,,false,1,18.50,0.00,false,1,23606
7290104699726,false,מגב יחיד שטוח 28,Unknown,,מגב יחיד שטוח 28,,0.00,,false,1,18.50,0.00,false,1,23607
7290104722219,false,עוגת יומולדת ק.שוקולד330,"שטראוס גרופ בע""\מ.",,עוגה כושית וק.שוקולד,,330.00,100 גרם,false,1,18.90,5.73,true,1,12672
7290104722530,false,תפוצ'יפס בטעם שמנת בצל עלית 200 גרם,"שטראוס פריטו ליי בע""\מ )",,תפוציפס שמנת בצל200,,200.00,100 גרם,false,1,10.00,5.00,true,1,14433
7290104724718,false,שוק.במילוי קרם נוגט100גר,STRAUSS-ISRAEL,,ש.חלב במילוי נוגט,,100.00,100 גרם,false,1,9.00,9.00,true,1,28755
7290104726484,false,טופי פרצופי תות עלית,"שטראוס גרופ בע""מ",,טופי פרצופי תות עלית,,150.00,100 גרם,false,1,6.90,4.60,true,1,12818
7290104726712,false,מארז 8 יחידות מעדן מילקי בטעם שוקולד עם קצפת,"שטראוס גרופ בע""\מ",,מילקי שמינייה,,1.36,1 ליטר,false,1,24.00,17.65,true,1,26067
7290104728310,false,"שמנת מתוקה עמידה 38% שומן ""יטבתה"" -מוצר בפיקוח",מחלבת יטבתה,,שמנת עמידה לקצפת,,250.00,100 גרם,false,1,6.47,2.59,false,1,12119
7290104729003,false,"יד מרדכי - שמן זית כתית מעולה 2 קלאסי 750 מ""ל",מכוורת יד מרדכי שטרא,,שמן זית יד מרדכי,,750.00,"100 מ""ל",false,1,37.90,5.05,true,1,17451
7290104729010,false,"לבן בטעם תות יטבתה 100 מ""ל מהדרין",שטראוס גרופ,,לבן תות מהדרין,,100.00,100 גרם,false,1,1.70,1.70,false,1,27546
7290104960239,false,"תחליב רחצה נקה 7 ארומה לבן 750 מ""ל",טרופיקל דגיל תעשיות קוסמ,,נקה תחליב 750 לבן,,750.00,"100 מ""ל",false,1,13.90,1.85,true,1,29776
7290104960246,false,"נקה 7 - תחליב רחצה ורד ויסמין 750 מ""ל",טרופיקל דגיל תעשיות קוסמ,,נקה תחליב 750 ורוד,,0.00,,false,1,13.90,0.00,true,1,29777
7290104960253,false,"תחליב רחצה נקה 7 לבנדר סגול 750מ""ל",טרופיקל דגיל תעשיות קוסמ,,ת.רחצה לבנדר נקה7,,750.00,"100 מ""ל",false,1,13.90,1.85,true,1,29782
7290105360250,false,קפסולות 09 עשיר וארומטי למכונת נספרסו עלית 10יח',הנסיך- מפעל לייצור ט,,עלית ת. נספרסו 09,,10.00,יחידה,false,1,16.50,1.65,true,1,26377
7290105360328,false,קפסולות אספרסו חזק למכונות נספרסו 10 יח',הנסיך- מפעל לייצור ט,,עלית ת. נספרסו 10,,10.00,יחידה,false,1,16.50,1.65,true,1,26378
7290105360335,false,קפסולות אספרסו למכונות נספרסו 50 גר,הנסיך- מפעל לייצור ט,,עלית ת. נספרסו 07,,10.00,יחידה,false,1,16.50,1.65,true,1,26379
7290105360878,false,תפוציפס טבעי 50 גרם מארז רביעייה,"שטראוס פריטו ליי בע""\מ )",,תפוציפס טבעי מארז4י,,200.00,100 גרם,false,1,16.00,8.00,true,1,16473
7290105361707,false,חטיף כיף כף שוקולד ל,מיוצר עי קונדיטוריית,,כיף כף לבן,,45.00,100 גרם,false,1,6.90,15.33,true,1,12255
7290105362339,false,"שמנת לבישול 15% 250 מ""ל יטבתה מהדרין",מחלבת יטבתה,,יטבתה שמנת בישול 15%,,250.00,"100 מ""ל",false,1,8.50,3.40,true,1,23611
7290105362377,false,חטיף כיף כף חלב מגדי,STRAUSS-ISRAEL,,כיף כף מגדים 45 גר,,45.00,100 גרם,false,1,6.90,15.33,true,1,13238
7290105363572,false,שוק.פרה ביסקויט מגדים100,STRAUSS-ISRAEL,,פרה ביסקוויט מגדים,,100.00,100 גרם,false,1,9.00,9.00,true,1,26627
7290105363602,false,מקלות כיף כף קלאסי עלית 40 גרם,שולן צ'\יקולטה גידה סאן.,,כיף כף מקלות שוקולד,,40.00,100 גרם,false,1,7.00,17.50,true,1,14077
7290105364289,false,מקלות כיף כף פצפוצים עלית 40 גרם,שולן צ'\יקולטה גידה סאן.,,כיף כף מקלות פצפוצים,,40.00,100 גרם,false,1,7.00,17.50,true,1,14075
7290105364302,false,"עלית חטיף שוקולד כיף כף מקלות אגוזים, 40 גרם",שולן צ'\יקולטה גידה סאן.,,כיף כף מקלות אגוזים,,42.00,100 גרם,false,1,7.00,16.67,true,1,14076
7290105364784,false,שוקולד ביסקוויט לבן 100ג,STRAUSS-ISRAEL,,פרה ביסקוויט לבן,,100.00,100 גרם,false,1,9.00,9.00,true,1,13947
7290105364883,false,ביסקוויט עד חצות לבן200ג,STRAUSS-ISRAEL,,עד חצות לבן 200גר,,200.00,100 גרם,false,1,17.90,8.95,true,1,13496
7290105366993,false,סימפוניה גבינת שמנת פלפל שיפקה 5% שטראוס 200 גרם,"שטראוס בריאות בע""מ",,סימפוניה פלפל שיפקה,,200.00,100 גרם,false,1,12.50,6.25,true,1,23661
7290105368331,false,מעדן מילקי בטעם תות עם קצפת,מחלבת אחיהוד,,מילקי תות -חדש,,130.00,100 גרם,false,1,3.90,3.00,true,1,13619
7290105368904,false,"שמנת מתוקה להקצפה 32% שומן 250 מ""ל יוטבתה",שטראוס גרופ,,יטבתה שמנת עמידה,,250.00,"100 מ""ל",false,1,7.80,3.12,true,1,26068
7290105368959,false,פונץ בננה+פקק מהדרין250מ,מחלבת יטבתה,,פונץ בננה 250 מל,,250.00,"100 מ""ל",false,1,7.50,3.00,true,1,13417
7290105439499,false,מאסטר שף מאסטר שף מיונז 480 גר כשלפ,רמיה סי.וי. הולנד,,מאסטר שף מיונז 480,,480.00,100 גרם,false,1,12.90,2.69,true,1,26069
7290105500151,false,וודקה פינלנדיה בקבוק,"אלטיה קורפ, הלסינקי,",,וודקה פינלנדיה 700מ,,700.00,"100 מ""ל",false,1,85.00,12.10,true,1,13889
7290105500236,false,וויסקי ג'ק דניאלס מס' 7 Brand No,ג'ק דניאלס Jack Daniel's,,גק דניאלס 700מל,,700.00,"100 מ""ל",false,1,139.00,19.81,false,1,18024
7290105500953,false,"וויסקי ג'ק דניאלס דבש 700 מ""ל",ג'ק דניאל'ס,,גק דניאלס דבש,,700.00,"100 מ""ל",false,1,139.00,19.81,true,1,26796
7290105501578,false,פ.בומבי 4+צידנית,Unknown,,פ.בומבי 4+צידנית,,1.00,1 ליטר,false,1,49.90,48.70,true,1,29347
7290105501585,false,פ.בקרדי 4+צידנית,Unknown,,פ.בקרדי 4+צידנית,,1.00,1 ליטר,false,1,49.90,48.70,true,1,29348
7290105691224,false,אסם חטיפי פריכונים טורטייה שום בצל 60 גרם,"פרח תעשיות מזון בע""מ.",,חטיף טורטיה שום בצל,,60.00,100 גרם,false,1,9.90,16.50,true,1,13266
7290105691248,false,אסם חטיפי פריכונים טורטייה תירס 60 גרם,"פרח תעשיות מזון בע""מ.",,חטיף טורטיה תירס,,60.00,100 גרם,false,1,9.90,16.50,true,1,13267
7290105691712,false,אסם עוגיות הפסקת קפה דגנים מלאים 230 גרם,הגביע מוצרי וופלים ב,,אסם עוגיות,,320.00,100 גרם,false,1,16.90,5.28,true,1,26232
7290105691934,false,קמח שמרים אסם 1 קילו,תאי פרזידנט פוד פאבל,,קמח שמרים אסם 1 קג,,1.00,"1 ק""ג",false,1,12.90,12.90,true,1,14144
7290105692474,false,עוגת בראוניס קוקוס 430גר,"אסם השקעות בע""\מ",,בראוניס קוקוס כשלפ,,430.00,100 גרם,false,1,20.90,4.86,true,1,13263
7290105692498,false,"עוגת בראוניס כשל""פ430גרם","אסם השקעות בע""\מ",,עוגת בראוניס כשלפ,,430.00,100 גרם,false,1,20.90,4.86,true,1,13262
7290105692511,false,"עוגת הבית שיש כשל""פ350גר","אסם השקעות בע""\מ",,עוגת הבית שיש,,350.00,100 גרם,false,1,17.90,5.11,true,1,13269
7290105692535,false,עוגת שוקו שוקוצ'יפס350גר,"אסם השקעות בע""\מ",,הבית עוגת ש.שוקוציפס,,350.00,100 גרם,false,1,17.90,5.11,true,1,13268
7290105693341,false,מארז עשיריית במבה אסם 25*10 גרם,"אסם השקעות בע""\מ",,מארז במבה 25 גר*10,,250.00,100 גרם,false,1,19.90,7.96,true,1,15475
7290105693457,false,עוגת הבית דמקה שוקו וניל אסם 320 גרם,מיוצר עי קונדיטוריית,,ע.הבית דמקה שוקוניל,,320.00,100 גרם,false,1,17.90,5.59,true,1,18867
7290105693952,false,פירורית זהב אסם זהב שומשום 200 ג',מיוצר עי קונדיטוריית,,פירורית זהב,,200.00,100 גרם,false,1,7.90,3.95,true,1,26233
7290105695024,false,אסם פתיתים אפויים אורז עם איטריות 500 גר,"אסם השקעות בע""\מ",,פתיתים אורז ואטריות,,500.00,100 גרם,false,1,11.00,2.20,false,1,21707
7290105695321,false,עוגת הבית בראוניס פאדג' אסם 380 גרם,מיוצר עי קונדיטוריית,,ע.הבית בראוניס פאדג,,380.00,100 גרם,false,1,22.50,5.92,true,1,16853
7290105695895,false,עוגת הבית דמקה דבש אסם 320 גרם,"אסם תעשיות בע""מ",,עוגת דבש דמקה,,320.00,100 גרם,false,1,17.00,5.31,true,1,13779
7290105790262,false,מי פז 1 ליטר 17יח,Unknown,,מי פז 1 ליטר 17יח,,1.00,1 ליטר,false,1,10.90,10.90,true,1,13812
7290105791573,false,תמיסת אוראה 4 ל,Unknown,,תמיסת אוראה 4 ל,,4.00,1 ליטר,false,1,20.00,5.00,true,1,24867
7290105961525,false,שוק.ספלנדיד מריר85% 100ג,"שטראוס גרופ בע""\מ",,ספלנדיד ש.מריר 85%,,100.00,100 גרם,false,1,12.90,12.90,true,1,14071
7290105962980,false,כרוב אדום במיונז 400 ג' אחלה,מיוצר עי קונדיטוריית,,אחלה כרוב אדום 400ג,,400.00,100 גרם,false,1,13.50,3.38,true,1,19438
7290105963000,false,סלט מטבוחה 400 ג' אחלה,מיוצר עי קונדיטוריית,,אחלה מטבוחה 400 גר,,400.00,100 גרם,false,1,13.00,3.25,true,1,17387
7290105963864,false,חזרת אחלה שטראוס 220,"שטראוס גרופ בע""\מ",,חזרת,,220.00,100 גרם,false,1,16.00,7.27,true,1,16996
7290105964564,false,סלט חומוס אחלה 400גר,מיוצר עי קונדיטוריית,,חומוס אחלה 400 גר,,400.00,100 גרם,false,1,9.50,2.38,true,1,17552
7290105965738,false,יוגורט לשתיה בטעם תות בננה267 ג' דנונה,מיוצר עי קונדיטוריית,,דנונה משקה תות בננה,,267.00,100 גרם,false,1,5.90,2.21,true,1,15659
7290105966469,false,"חומץ בלסמי ממודנה יד מרדכי 250 מ""ל",אצטייה ג'וזפה קרמוני,,יד מרדכי חומץ בלסמי,,250.00,"100 מ""ל",false,1,18.00,7.20,true,1,26070
7290105968654,false,רביולי בטטה פרווה פסטה נונה 400 ג',מיוצר עי קונדיטוריית,,רביולי בטטה פרווה,,400.00,100 גרם,false,1,24.00,6.00,true,1,23647
7290105968777,false,פריכיות 5 דגנים עם תחתית שוקולד מריר 70 גרם,"טחנת האבן תעשיות בע""",,פ.אנרגי שוקלד מריר,,70.00,100 גרם,false,1,9.90,14.14,true,1,14621
7290105990631,false,סלט ירקות יווני,Unknown,,סלט ירקות יווני,,320.00,100 גרם,false,1,23.00,7.19,true,1,17680
7290105990662,false,ס. ירקות וטונה כשלפ,Unknown,,ס. ירקות וטונה כשלפ,,330.00,100 גרם,false,1,23.00,6.97,true,1,17681
7290106262669,false,מגבונים נשטפים באסלה,Unknown,,מגבונים נשטפים באסלה,,60.00,יחידה,false,1,9.00,0.15,true,1,19248
7290106413139,false,סוכריות גומי בננה אר,פיני גולוסינאס אספני,,סוכריות גומי בננה,,200.00,100 גרם,false,1,12.90,6.45,true,1,17302
7290106413146,false,סוכריות גומי דובי מו,פיני גולוסינאס אספני,,גומי דובנים מוברק,,200.00,100 גרם,false,1,12.90,6.45,true,1,27296
7290106413160,false,סוכריות גומי לב אפרס,פיני גולוסינאס אספני,,לב אפרסק גומי,,200.00,100 גרם,false,1,12.90,6.45,true,1,23678
7290106413290,false,ממתק חמוץ ומסוכר בטע,פיני גולוסינאס אספני,,שטיח תות ופטל,,78.00,100 גרם,false,1,10.90,13.97,true,1,28542
7290106413351,false,שטיחים חמוץ טעם תות,Unknown,,שטיחים חמוץ טעם תות,,78.00,100 גרם,false,1,10.50,13.46,true,1,17300
7290106413795,false,לקריץ אבטיח מסוכר150,Unknown,,לקריץ אבטיח מסוכר150,,150.00,100 גרם,false,1,10.90,7.27,true,1,17299
7290106413818,false,גלי בינס 100 גר,Unknown,,גלי בינס 100 גר,,100.00,100 גרם,false,1,7.50,7.50,true,1,17305
7290106520066,false,"רבע לשבע שוקולד חלב במילוי אגוזים עלית 160 גרם בד""צ","הגביע מוצרי וופלים בע""\מ",,רבע לשבע,,150.00,100 גרם,false,1,14.50,9.67,true,1,14119
7290106520912,false,"שמנת 9% לבישול יטבתה 250 מ""ל מהדרין",מחלבת יטבתה,,יטבתה ש.לבישול 9%,,250.00,"100 מ""ל",false,1,8.30,3.32,true,1,23663
7290106524439,false,"תפוצ'יפס פופס 60 גרם ""עלית""","שטראוס פריטו ליי בע""\מ )",,תפוציפס פופס,,50.00,100 גרם,false,1,5.90,11.80,true,1,20892
7290106525368,false,גלילי וופל רבע לשבע אין סייד אוט 125 גר,"הגביע מוצרי וופלים בע""\מ",,רבע שבע שחור לבן,,125.00,100 גרם,false,1,14.50,11.60,true,1,15327
7290106525405,false,קפסולות למכונת נספרסו נטול קפאין,שטראוס קפה בי.וי.,,קפסולות נטול קפאין,,1.00,יחידה,false,1,16.50,16.50,true,1,29533
7290106526822,false,פריכיות אורז חום מלא תחתית שוקולד חלב 80 גרם,"טחנת האבן תעשיות בע""",,פ.אנרגי ת.ש.חלב,,80.00,100 גרם,false,1,9.90,12.38,true,1,15557
7290106527386,false,אנרגי פריכיות מצופות שוקולד חלב 70ג,"שטראוס גרופ בע""\מ",,פרכיות אנרגי מצופות,,70.00,100 גרם,false,1,9.90,14.14,true,1,15556
7290106528567,false,"דוריטוס גריל 185 גרם ""עלית""","שטראוס פריטו ליי בע""\מ )",,דוריטוס גריל 185,,185.00,100 גרם,false,1,12.70,6.86,true,1,20269
7290106528628,false,"דוריטוס טבעי 185 גרם ""עלית""","שטראוס פריטו ליי בע""\מ )",,דוריטוס טבעי 185,,185.00,100 גרם,false,1,12.70,6.86,true,1,22105
7290106528949,false,לקט ערוגות 450 גרם שטראוס,שטראוס בריאות ירקות טריי,,לקט ערוגות 450 גר,,450.00,100 גרם,false,1,14.90,3.31,true,1,27423
7290106570023,false,שטוחים שומשום 250 גרם כש,"אסם השקעות בע""\מ",,ב.שטוחים שומשום כשלפ,,250.00,100 גרם,false,1,16.90,6.76,true,1,14182
7290106570177,false,בייגלה שטוחים מלח 250 גר,"אסם השקעות בע""\מ",,ב.שטוחים מלח 250גר,,250.00,100 גרם,false,1,16.90,6.76,true,1,14181
7290106571037,false,"מאגדת גומיגם 5יח כשל""פ",גלידות נסטלה )נגה גלידות,,גומיגם 5 יח מאגדת,,450.00,100 גרם,false,1,30.90,6.87,true,1,15581
7290106571563,false,אפרופו משפחתי 200 גר',"אסם השקעות בע""\מ",,אפרופו 200 גר,,200.00,100 גרם,false,1,16.50,8.25,true,1,14169
7290106571709,false,"רוטב צ'ילי מתוק כשל""פ290",מיוצר עי קונדיטוריית,,רוטב צילי מתוק כשלפ,,375.00,"100 מ""ל",false,1,14.00,3.73,true,1,14193
7290106571792,false,קרחון ענבים ויטמנציק נסטלה,גלידות נסטלה )נגה גלידות,,קרחון ויטמינציק ענב,,80.00,100 גרם,false,1,4.00,5.00,true,1,14410
7290106572614,false,חטיף דובונים פיצה 40,"אסם השקעות בע""\מ",,דובונים פיצה 40גרם,,40.00,100 גרם,false,1,7.00,17.50,true,1,26071
7290106572997,false,"קמח שמרים לפיצה ופוקצ'ה אסם 1 ק""ג","קוד יצרן TKMB, משווק",,אסם קמח שמרים לפיצה,,1.00,"1 ק""ג",false,1,12.90,12.90,true,1,26072
7290106573628,false,חומוס עם טחינה צבר 400 גרם,סלטי צבר,,צבר חומוס עם טחינה,,400.00,100 גרם,false,1,15.90,3.98,true,1,14721
7290106573642,false,חומוס צנובר צבר 400 גרם,סלטי צבר,,צבר חומוס צנובר400גר,,400.00,100 גרם,false,1,16.50,4.12,true,1,20189
7290106574120,false,שלגון שרבט סוכריות גומיגם נסטלה 90 גרם,גלידות נסטלה )נגה גלידות,,גומיגם חדש,,90.00,100 גרם,false,1,10.90,12.11,true,1,15772
7290106574953,false,בייגלה שטוחים כעכים שטוחים עם שומשום,מיוצר עי קונדיטוריית,,שטוחים שומשום 300ג,,300.00,100 גרם,false,1,14.50,4.83,true,1,15202
7290106574977,false,בייגלה שטוחים כעכים שטוחים עם מלח,מיוצר עי קונדיטוריית,,בייגלה שטוחים 300ג,,300.00,100 גרם,false,1,14.50,4.83,true,1,15180
7290106575943,false,אבקה להכנת קניידלך140ג,"אסם השקעות בע""\מ",,קניידלך קלי קלות כלפ,,140.00,100 גרם,false,1,11.90,8.50,true,1,15566
7290106576223,false,"אפרופו שוקולד 40 גרם ""אסם""",מיוצר עי קונדיטוריית,,אפרופו שוקולד 40גר,,40.00,100 גרם,false,1,8.00,20.00,true,1,18307
7290106576513,false,חומוס חלק צבר 400 גר,סלטי צבר,,צבר חומוס 400 גרם,,400.00,100 גרם,false,1,13.50,3.38,true,1,20190
7290106576537,false,חומוס מסעדות צבר 700 גרם,סלטי צבר,,צבר חומוס 700ג,,700.00,100 גרם,false,1,17.00,2.43,true,1,15253
7290106576797,false,"לה קרמריה גלידת וניל איטלקי כשל""פ 1.4ל'",תות תעשיות מזון (201,,לה קרמריה גלידת וניל,,1.40,1 ליטר,false,1,26.90,19.21,true,1,15536
7290106576810,false,גלידה לה קרמריה ריבת חלב 1.4 ל' נסטלה,לה קרמריה- נסטלה,,לה קרמריה ריבת חלב,,1.40,1 ליטר,false,1,26.90,19.21,true,1,15539
7290106576834,false,גלידה לה קרמריה פונטש בננה1.4 ל' נסטלה,תות תעשיות מזון (201,,לה קרמריה פונטש בננה,,1.40,1 ליטר,false,1,26.90,19.21,true,1,15538
7290106576858,false,גלידה לה קרמריה תותים בשמנת 1.4 ל' נסטלה,גלידות נסטלה )נגה גלידות,,לה קרמריה תות שמנת,,1.40,1 ליטר,false,1,26.90,19.21,true,1,15543
7290106576919,false,גלידה קרמריה סורבה תות לימון 1.4 ליטר,גלידות נסטלה )נגה גלידות,,לה קרמריה תות לימון,,1.40,1 ליטר,false,1,26.90,19.21,true,1,15537
7290106576957,false,"לה קרמריה גלידת שוקו וניל פליק פרווה כשל""פ 1.4",תות תעשיות מזון (201,,לה קרמריה שוקו וניל,,1.40,1 ליטר,false,1,26.90,19.21,true,1,15540
7290106576971,false,גלידה לה קרמריה שוקולד בלגי 1.4 ל' נסטלה,תות תעשיות מזון (201,,לה קרמריה ג.שוקולד,,1.40,1 ליטר,false,1,26.90,19.21,true,1,15542
7290106576995,false,גלידה סורבה לה קרמריה תות מנגו לייט 1.4 ל' נסטלה,גלידות נסטלה )נגה גלידות,,לה קרמריה לייט סורבה,,1.40,1 ליטר,false,1,26.90,19.21,true,1,17073
7290106577039,false,גלידה לה קרמריה שוקו וניל פליק 1.4 ל' נסטלה,תות תעשיות מזון (201,,לה קרמריה שוקו פליק,,1.40,1 ליטר,false,1,26.90,19.21,true,1,15541
7290106577282,false,טחינה אמיתית מרובע 400 ג' צבר,סלטי צבר,,צבר טחינה מרובע400,,400.00,100 גרם,false,1,16.50,4.12,true,1,20191
7290106577480,false,צבר חציל על האש בטחינה מרובע 400גרם,סלטי צבר,,צבר חציל על האש400,,400.00,100 גרם,false,1,15.90,3.98,true,1,15337
7290106577503,false,חציל במיונז מרובע 400גרם,סלטי צבר,,צבר חציל במיונז 400ג,,400.00,100 גרם,false,1,16.50,4.12,true,1,15338
7290106577541,false,צבר כרוב אדום מרובע 400גרם,סלטי צבר,,צבר כרוב אדום 400,,400.00,100 גרם,false,1,16.50,4.12,true,1,15339
7290106578692,false,ביסלי במבה מיקס מהדורת אליפות אסם 80 גרם,פרו מן יו פתרונות אר,,במבה ביסלי מיקס 80,,80.00,100 גרם,false,1,7.90,9.88,true,1,15753
7290106578821,false,הבית עוגת שמרים קלאסית בטעם שוקולד 350גר.,מיוצר עי קונדיטוריית,,עוגת הבית שמרים שוקו,,350.00,100 גרם,false,1,22.50,6.43,true,1,16896
7290106650930,false,קפה טורקי עלית שקית 85 גרם,שטראוס קפה בי.וי.,,טורקי 85 גרם,,85.00,100 גרם,false,1,8.90,10.47,false,1,28710
7290106652996,false,כיף כף מקלות קוקוס חלבי 40 גר',סולן בעבור שטראוס,,כיף כף מקלות קוקוס,,40.00,100 גרם,false,1,7.00,17.50,true,1,15112
7290106653504,false,סבבה בוטנים אמריקאים ברביקיו 50 גרם,"שטראוס פריטו ליי בע""",,סבבה בוטנים ברבקיו,,50.00,100 גרם,false,1,3.00,6.00,true,1,15387
7290106654099,false,מילקי CAKE עוגות אישיות במילוי קרם חלב,בובארד איטליה אס.פי.איי,,מילקי קייק מארז 8יח,,272.00,100 גרם,false,1,25.00,9.19,true,1,23664
7290106656512,false,וופל טורטית עם קרם ש,שטראוס גרופ,,בפלות טורטית 360 גרם,,360.00,100 גרם,false,1,19.90,5.53,true,1,16275
7290106657748,false,עדשים קנדי קראש חלבי80ג,שטראוס גרופ,,עדשים מיני מיני,,80.00,100 גרם,false,1,10.00,12.50,true,1,20270
7290106658479,false,עלית וופל בטעם טורטית אגוזים 360גר,"שטראוס גרופ בע""\מ",,טורטית 40 גר,,40.00,100 גרם,false,1,6.90,17.25,true,1,18066
7290106660649,false,חטיף ציטוס קראנץ בוט,"שטראוס פריטו ליי בע""\מ )",,ציטוס בוטנים,,80.00,100 גרם,false,1,6.60,8.25,true,1,19481
7290106662025,false,תפוציפס טבעי מלח ופלפל 50 גרם,"שטראוס פריטו ליי בע""",,תפוציפס טבעי 50גרם,,50.00,100 גרם,false,1,5.90,11.80,true,1,19249
7290106662223,false,"אפיפיות שוקולד לל""ג400ג","שטראוס גרופ בע""\מ",,אפיפיות ללג רבנות,,250.00,100 גרם,false,1,18.00,7.20,true,1,18820
7290106662384,false,בונ.איחולים מתוקים 42גרם,תופינית,,איחולים מתוקים 42,,42.00,100 גרם,false,1,12.00,28.57,true,1,16569
7290106662964,false,גומי יין סוכריות גומי מסוכרות בטעמי פירות,הדקלאים אגודת שיתופי,,סוכריות גומי יין,,100.00,100 גרם,false,1,6.90,6.90,true,1,16915
7290106663121,false,"עוגה אישית במילוי קרם חלב ""מילקי קייק"" שטראוס",בובארד איטליה אס.פי.איי,,מילקי CAKE,,34.00,100 גרם,false,1,4.00,11.76,true,1,17165
7290106664067,false,לאבנה עם שמן זית וזעתר 10% שטראוס 400 ג',הדקלאים אגודת שיתופי,,לאבנה שמן זית וזעתר,,400.00,100 גרם,false,1,17.50,4.38,true,1,23612
7290106667266,false,"דוריטוס חמוץ חריף 185 גרם ""עלית""","שטראוס פריטו ליי בע""\מ )",,דוריטוס חמוץ חריף,,185.00,100 גרם,false,1,12.70,6.86,true,1,17785
7290106668577,false,"מיץ לימון טיבעי 250 מ""ל יד מרדכי",האי נאם סי או אל.טי.,,יד מרדכי מיץ לימון,,250.00,"100 מ""ל",false,1,9.50,3.80,true,1,26074
7290106669406,false,רבע לשבע מוס אגוזים100ג,"הגביע מוצרי וופלים בע""\מ",,מוס רבע לשבע אגוזים,,100.00,100 גרם,false,1,18.90,18.90,true,1,25219
7290106669857,false,קפסולות אספרסו בטעם וניל עלית 10 יחידות,הנסיך- מפעל לייצור ט,,עלית ת. נספרסו וניל,,10.00,יחידה,false,1,16.50,1.65,true,1,26380
7290106720626,false,צ'יטוס קראנצ' בטעם גבינה - חלבי,"שטראוס פריטו ליי בע""\מ )",,ציטוס גבינה 80 גר,,80.00,100 גרם,false,1,6.60,8.25,true,1,19482
7290106721906,false,מסטיק בזוקה צ'יקלט 66גרם,שטראוס גרופ,,בזוקה צנצנת מסטיקים,,66.00,100 גרם,false,1,12.00,18.18,true,1,16909
7290106721913,false,מסטיק מאסט MUST ללא סוכר בטעם מנטה מרעננת,"שטראוס גרופ בע""מ",,מאסט צנצנת ריח פה,,66.00,100 גרם,false,1,12.00,18.18,true,1,16908
7290106721920,false,צנצנת מסטיק מאסט בטעם ספירמינט עדין 66 ג' עלית,"שטראוס גרופ בע""\מ.",,מאסט צנצנת ספרמנט,,66.00,100 גרם,false,1,12.00,18.18,true,1,16910
7290106724419,false,"עוגיות חיוכים וניל 150 גרם ""עלית""",אפיפית נצרת תעשיות ב,,חיוכים וניל בדצ,,150.00,100 גרם,false,1,6.00,4.00,true,1,25880
7290106724990,false,חטיף שוקולד טורטית ל,Unknown,,טורטית לבן 40 גר,,40.00,100 גרם,false,1,6.90,17.25,true,1,18064
7290106725867,false,"סירופ מייפל טבעי 189 מ""ל ""יד מרדכי""",קוסלסי פוד,,סירופ מייפל טהור,,189.00,"100 מ""ל",false,1,39.90,21.11,true,1,26294
7290106725966,false,מטבעות שוקולד חלבי עלית מגדים 42 גרם,STRAUSS-ISRAEL,,מטבעות שוקולד חלב,,42.00,100 גרם,false,1,6.90,16.43,true,1,17254
7290106727984,false,"כיף כף פצפצים בגביע 135 גרם ""עלית""",שולן צ'\יקולטה גידה סאן.,,כיףכף גביע פצפצים135,,135.00,100 גרם,false,1,14.90,11.04,true,1,18098
7290106728127,false,חלב טבעי בקבוק3.6% 1ליטר,מחלבת יטבתה,,יטבתה חלב טבעי בקבוק,,1.00,1 ליטר,false,1,8.50,8.50,true,1,17398
7290106729421,false,עוגת בראוניז טורטית380ג,"שטראוס גרופ בע""\מ",,ע.בראוניז טורטית בדצ,,380.00,100 גרם,false,1,20.50,5.39,true,1,19996
7290107280020,false,שלישיית מטליות לחות לניקוי כללי סנו סושי 50 יחידות,טרופיקל דגיל- תעשיות,,סנו סושי מגבונ 3*50,,150.00,יחידה,false,1,25.00,0.17,true,1,26075
7290107280112,false,סנו סופט נייר טואלט 24 גל.,Unknown,,נייר טואלט סופט 24יח,,24.00,יחידה,false,1,26.90,1.12,true,1,26911
7290107280570,false,סנו - מקסימה ג'ל כביסה מרוכז לכביסה צבעונית 3 ליטר,מיוצר עי קונדיטוריית,,3ל MIX גל כביסה,,3.00,1 ליטר,false,1,38.00,12.67,true,1,25905
7290107280723,false,נוזל לניקוי כלים סנו ספארק Spark בניחוח לימון רענן,סנו כימיקלים,,ספארק 700 לימון,,0.00,,false,1,10.90,0.00,true,1,29778
7290107280761,false,נוזל לניקוי כלים בניחוח לימון רענן סנו ספארק Spark,מיוצר עי קונדיטוריית,,ספארק משאבה לימון 1ל,,0.00,,false,1,13.90,0.00,true,1,29779
7290107280815,false,"K301 קוטל זוחלים 300 מ""ל","סנו מפעלי ברונוס בע""מ",,K-301,,300.00,"100 מ""ל",false,1,17.00,5.67,true,1,25906
7290107645584,false,אבקת מרק עוף אמיתי רכיבים טבעיים 400 גרם - רבנות,יוניליוור ישראל מזון בע\,,קנור מרק עוף אמיתי,,400.00,100 גרם,false,1,35.90,8.98,true,1,26236
7290107646062,false,אבקת מרק בצל רכיבים טבעיים קנור 400 ג',"יוניליוור ישראל מזון בע""",,קנור מרק בצל,,400.00,100 גרם,false,1,35.90,8.98,true,1,26237
7290107646147,false,"חטיף שוגי קורנפלקס תלמה 156 גרם מארז 6 יחידות בד""צ",יוניליוור ישראל מזון בעמ,,מ.שוגי קורנפלקס שישה,,156.00,100 גרם,false,1,18.00,11.54,true,1,21264
7290107646826,false,"חטיף שוגי שוקו תלמה 156 גרם מארז 6 יחידות בד""צ",יוניליוור ישראל מזון בעמ,,מ.שוגי בטעם שוקו,,156.00,100 גרם,false,1,18.00,11.54,true,1,21266
7290107646833,false,"חטיף שוגי פצפוצים תלמה 138 גרם מארז 6 יחידות בד""צ",יוניליוור ישראל מזון בעמ,,מ.שוגי עם שוקולד לבן,,138.00,100 גרם,false,1,18.00,13.04,true,1,21267
7290107647625,false,"מעדן קפוא בטעם ווניל עם וופל בטעם שוקולד, צימקאו ושברי אגוז לוז מסוכרים","מיוצר ע""\י גלידת שטראוס",,מאגדת קורנטו כשלפ,,315.00,100 גרם,false,1,36.00,11.43,true,1,22616
7290107647632,false,קורנטו וניל כשר לפסח,"גלידת שטראוס בע""\מ, רח'\",,טילון קונטו וניל,,63.00,100 גרם,false,1,10.00,15.87,true,1,22617
7290107647649,false,"סולרו פרוט בוסט יחידתי קוקוס אננס 89מ""ל","גלידת שטראוס בע""\מ",,סולרו קוקוס אננס יח,,62.00,100 גרם,false,1,8.90,14.35,true,1,22505
7290107647656,false,סולרו פרוט בוסט - קוקוס אננס (פרווה),"מיוצר ע""\י גלידת שטראוס",,מיני סולרו קו-אננס,,500.00,"100 מ""ל",false,1,27.00,5.40,true,1,22469
7290107647731,false,קוקומן חום לבן בטעם שוקולד ווניל,יוניליוור ישראל מזון בעמ,,קוקמן חום לבן בדצ,,375.00,100 גרם,false,1,25.90,6.91,true,1,20475
7290107647816,false,"דגני ברנפלקס ללא תוספת סוכר 500 גרם בד""צ",יוניליוור ישראל מזון בעמ,,ברנפלקס ללס בדצ,,500.00,100 גרם,false,1,27.90,5.58,true,1,20762
7290107647823,false,"ברנפלקס פתיתי חיטה מלאה וסובין 500 גרם ""תלמה""",יוניליוור ישראל מזון בעמ,,ברנפלקס בדצ 500גר,,500.00,100 גרם,false,1,28.90,5.78,true,1,20763
7290107647854,false,"שוגי מופחת סוכר תלמה 500 ג' בד""צ",יוניליוור ישראל מזון בעמ,,שוגי 20% מופחת סוכר,,500.00,100 גרם,false,1,19.90,3.98,true,1,20479
7290107649100,false,בייגלה טבעות שומשום 300 גרם.,בייגל את בייגל מזון 198),,טבעות שומשום 300 גר,,300.00,100 גרם,false,1,14.00,4.67,true,1,26076
7290107649681,false,טילון פסק זמן - נוגט קראנץ',"מיוצר ע""\י גלידת שטראוס",,קורנטו פסק זמן,,64.00,100 גרם,false,1,10.00,15.62,true,1,22759
7290107649780,false,שלגון שוקובו שוקו 85,"מיוצר ע""\י גלידת שטראוס",,שוקובו שוקו,,85.00,100 גרם,false,1,11.50,13.53,false,1,22761
7290107649858,false,טילון מגנוםלבן -גלידת שמנת,"מיוצר ע""\י גלידת שטראוס",,טילון מגנום לבן,,100.00,100 גרם,false,1,12.50,12.50,true,1,23032
7290107865203,false,סמארט 4500 שאיפות אב,shenzhen shengsi,,סמארט אבטיח אייס,,0.00,,false,1,119.90,0.00,false,1,28127
7290107865234,false,סמארט 4500 שאיפות תו,shenzhen shengsi,,סמארט תות אייס,,0.00,,false,1,119.90,0.00,false,1,28128
7290107865241,false,סמארט 4500 שאיפות מנ,shenzhen shengsi,,סמארט מנגו אייס,,0.00,,false,1,119.90,0.00,false,1,28129
7290107865258,false,סמארט 4500 שאיפות ענ,shenzhen shengsi,,סמארט ענבים אייס,,0.00,,false,1,119.90,0.00,false,1,28130
7290107870047,false,טילון אקסטרים115-120 גרם ענק נסטלה 120 גרם,תות תעשיות מזון (201,,אקסטרים ענק בראוניז,,120.00,100 גרם,false,1,12.90,10.75,true,1,16538
7290107871532,false,מאגדת קרחוני מלון דובדבן נסטלה 10 יחידות,גלידות נסטלה )נגה גלידות,,מאגדת קרחונים דובדבן,,750.00,100 גרם,false,1,19.90,2.65,true,1,17075
7290107871600,false,בונז'ור חלה קלועה מקמח 560*15,Unknown,,חלה קלועה חיטה מלא,,560.00,100 גרם,false,1,14.00,2.50,true,1,20097
7290107871723,false,"פיטנס פריכיות גדולות שוקולד חלב 100 גרם כשל""פ",מיוצר עי קונדיטוריית,,פיטנס פריכ שו כלפ,,100.00,100 גרם,false,1,10.90,10.90,true,1,21039
7290107871990,false,"פסטה צינורות 500 גרם ""אסם""",פסטה זארה,,פסטה צינורות אסם,,500.00,100 גרם,false,1,7.00,1.40,false,1,21710
7290107875158,false,במבה קלאסי מארז 4 יח' *60ג' אסם,מיוצר עי קונדיטוריית,,במבה 60 גרם-רביעייה,,240.00,100 גרם,false,1,15.50,6.46,true,1,21061
7290107875400,false,גלידה לה קרמריה פיסטוק מוקה 1.4 ל' נסטלה,גלידות נסטלה )נגה גלידות,,לה קרמריה פיסטוק,,1.40,1 ליטר,false,1,26.90,19.21,true,1,17072
7290107879521,false,קרחון לה פרוטה שרבט תות מאגדת 5יח',גלידות נסטלה )נגה גלידות,,מאגדת להפרוטה תות,,350.00,100 גרם,false,1,27.90,7.97,true,1,20977
7290107879569,false,קרחון לה פרוטה שרבט מנגו מאגדת 5יח',גלידות נסטלה )נגה גלידות,,מאגדת להפרוטה מנגו,,350.00,100 גרם,false,1,27.90,7.97,true,1,20978
7290107879620,false,קרחון שרבט מלון תפוח לה פרוטה נסטלה 70 גרם,גלידות נסטלה )נגה גלידות,,לה פרוטה תפוח מלון,,70.00,100 גרם,false,1,9.90,14.14,true,1,17750
7290107879644,false,שלגון לה פרוטה תמר פקאן נסטלה 70ג',המאפיה של הרמן,,לה פרוטה בננה תמר,,70.00,100 גרם,false,1,9.90,14.14,true,1,17751
7290107879668,false,קרחון שרבט תות לה פרוטה נסטלה 70 גרם,גלידות נסטלה )נגה גלידות,,לה פרוטה שלגון תות,,70.00,100 גרם,false,1,9.90,14.14,true,1,17640
7290107879699,false,קרחון שרבט מנגו לה פרוטה נסטלה 70 גרם,גלידות נסטלה )נגה גלידות,,לה פרוטה שלגון מנגו,,70.00,100 גרם,false,1,9.90,14.14,true,1,17641
7290107879712,false,שלגון לה פרוטה פירות אדומים 70 גרם,גלידות נסטלה,,לה פרוטה פ.אדומים,,70.00,100 גרם,false,1,8.90,12.71,true,1,17642
7290107930321,false,קונפיטורת יד מרדכי דובדובן 340 גרם,"בית אל מזון בע""מ",,קונפיטורה דובדבן,,340.00,100 גרם,false,1,14.90,4.38,true,1,26293
7290107931397,false,כיף כף פצפוצים במילוי שוקולד 40 גרם,שולן צ'\יקולטה גידה סאן.,,כיף כף פצפצים 40 גר,,40.00,100 גרם,false,1,7.00,17.50,true,1,17893
7290107931465,false,אנרגי פריכיות תחתית שוקולד לבן 80 גרם,"שטראוס גרופ בע""\מ",,אנרגי פ.שוקולד לבן,,70.00,100 גרם,false,1,9.90,14.14,true,1,17514
7290107932080,false,חלב מועשר יוטבתה בבקבוק 3% 1 ליטר,מחלבת יטבתה,,חלב בקבוק 3% מועשר,,1.00,1 ליטר,false,1,8.50,8.50,true,1,17403
7290107932127,false,חלב מועשר2% בקבוק 1ליטר,STRAUSS-ISRAEL,,חלב בבקבוק 2% מועשר,,1.00,1 ליטר,false,1,8.50,8.50,true,1,29224
7290107932134,false,חלב מועשר יוטבתה בבקבוק 1% 1 ליטר,מחלבת יטבתה,,חלב בקבוק 1% מועשר,,1.00,1 ליטר,false,1,8.50,8.50,true,1,17404
7290107932240,false,שוק.אקסטרה וניל+עוג100גר,שטראוס,,פרה אקסטרה ק.ועוגיות,,100.00,100 גרם,false,1,9.00,9.00,true,1,18189
7290107932271,false,שוק.אקסטרה תות+עוגיות100,שטראוס,,פרה אקסטרה ק.יוגורט,,100.00,100 גרם,false,1,9.00,9.00,true,1,18190
7290107933315,false,חלב דל לקטוז בקבוק2% 1ל,מחלבת יטבתה,,יטבתה חלב בבקבוק ד.ל,,1.00,1 ליטר,false,1,8.50,8.50,false,1,23649
7290107933643,false,"משקה חלב עם דגנים ובננה 250 מ""ל יוטבתה",מחלבת יטבתה,,ארוחה בבקבוק בננה,,250.00,"100 מ""ל",false,1,5.50,2.20,true,1,17758
7290107933650,false,ארוחה קטנה בבקבוק תות250,מחלבת יטבתה,,ארוחה בבקבוק תות,,250.00,"100 מ""ל",false,1,5.50,2.20,false,1,17759
7290107935999,false,ביסקוויט עד חצות חלב קרמל 190ג' עלית,"שטראוס גרופ בע""\מ",,עד חצות חלב מקורמל,,190.00,100 גרם,false,1,17.90,9.42,true,1,17595
7290107936309,false,דנונה יוגורט 7% יווני לבן 130 ג',"שטראוס בריאות בע""מ",,דנונה יווני לבן,,120.00,100 גרם,false,1,3.70,3.08,true,1,18361
7290107936958,false,עד חצות ביסקוויט אצבעות שוקולד 125 גרם,ביסקוויטס טור ד'\אלבון,,מארז עד חצות אצבעות,,125.00,100 גרם,false,1,14.50,11.60,true,1,20339
7290107936965,false,עיגולים עד חצות עם שוקולד חלב 225 גר,ביסקווטרי עוגיות סנט,,מארז עד חצות עיגולים,,225.00,100 גרם,false,1,17.90,7.96,true,1,20340
7290107937627,false,מסטיק מאסט Must קוביות ללא סוכר בטעם מנטה עדינה,אסקום קונפקשיין,,מאסט צנצנת ספירמינט,,58.00,100 גרם,false,1,12.00,20.69,true,1,18409
7290107937634,false,צנצנית מסטיק מאסט קוביות פפירמינט 58 ג' עלית,אסקום קונפקשיין,,מאסט צנצנת פפירמינט,,58.00,100 גרם,false,1,12.00,20.69,true,1,18410
7290107937641,false,צנצנת מסטיק בזוקה קוביות ללא סוכר,אסקום קונפקשיין,,מאסט צנצנת בזוקה,,58.00,100 גרם,false,1,12.00,20.69,true,1,18411
7290107937665,false,פרה מיני ביסקוויט,Unknown,,פרה מיני ביסקוויט,,20.00,100 גרם,false,1,3.10,15.50,true,1,24668
7290107938396,false,שמיניית אקטימל תות דיסני בנים 108 גרם,מיוצר עי קונדיטוריית,,אקטימל שמיניה תות,,800.00,"100 מ""ל",false,1,26.00,3.25,true,1,25914
7290107939003,false,"עד חצות לבן אגוזים כשל""פ","שטראוס גרופ בע""\מ",,כשלפ עד חצות לבן,,190.00,100 גרם,false,1,17.90,9.42,true,1,18827
7290107939027,false,גזר דק דק 250 גרם שטראוס,שטראוס בריאות ירקות טריי,,גזר דק דק 250 גר,,250.00,100 גרם,false,1,10.90,4.36,true,1,27424
7290107940467,false,אקטיביה יוגורט 1.5% שומן 200 ג' דנונה,מיוצר עי קונדיטוריית,,אקטיביה 1.5%,,200.00,100 גרם,false,1,4.50,2.25,false,1,23651
7290107942355,false,תפוצ'יפס מקלות בטעם טבעי 60 גרם,"שטראוס פריטו ליי בע""",,תפוציפס מקלות טבעי,,60.00,100 גרם,false,1,5.90,9.83,true,1,18727
7290107943048,false,ופל טורטית מוקטן 90,מיוצר עי קונדיטוריית,,וופל טורטית 90 גר,,90.00,100 גרם,false,1,6.90,7.67,true,1,18414
7290107943192,false,"שמנת חמוצה מהערבה 27% שומן 200 מ""ל יטבתה",מחלבת יטבתה,,שמנת חמוצה מהערבה,,200.00,100 גרם,false,1,4.90,2.45,false,1,27547
7290107944236,false,עוגת רולדה קרם קפה נ,Unknown,,עלית רולדה קפה נמס,,350.00,100 גרם,false,1,18.90,5.40,true,1,19670
7290107944243,false,אפיפיות בטעם שוקולד 200 גרם כשר לפסח,"שטראוס גרופ בע""\מ",,אפיפיות200 ג ל.גלוטן,,200.00,100 גרם,false,1,9.50,4.75,true,1,20176
7290107944366,false,גלילי וופל רבע לשבע,"הגביע מוצרי וופלים בע""\מ",,רבע לשבע לבן בדצ,,120.00,100 גרם,false,1,14.50,12.08,true,1,19218
7290107944410,false,חלב מועשר 1% יטבתה כד 2ל,שטראוס,,חלב 1% בקבוק,,2.00,1 ליטר,false,1,17.00,8.50,false,1,29225
7290107944472,false,סימפוניה גבינה במרקם שמנת 5% שום שמיר,"שטראוס בריאות בע""\מ",,סימפוניה שום שמיר 5%,,200.00,100 גרם,false,1,12.50,6.25,true,1,18724
7290107945165,false,קונפיטורת משמש יד מרדכי 340 גרם,אף.סי תבליני בגליל ב,,קונפיטורת משמש 340ג,,340.00,100 גרם,false,1,14.90,4.38,true,1,26291
7290107945332,false,בפלות טראפלס בדצ,Unknown,,בפלות טראפלס בדצ,,87.50,100 גרם,false,1,6.90,7.89,true,1,19957
7290107947466,false,אנרג'י מצופה טעמי 24*6ג,"שטראוס גרופ בע""\מ",,אנר מאגדת מ.טעמי,,168.00,100 גרם,false,1,16.00,9.52,true,1,23239
7290107947473,false,אנרגי תחתית פסק זמן24*6ג,"שטראוס גרופ בע""\מ",,אנרגי מאגדת פסק זמן,,198.00,100 גרם,false,1,16.00,8.08,true,1,21665
7290107947480,false,אנרגי חטיפי דגנים מצופה אגוזים ושוקולד 6,"שטראוס גרופ בע""\מ",,מ.מצופה שוקולד חלב,,168.00,100 גרם,false,1,16.00,9.52,true,1,21666
7290107947497,false,אנרגי תחתית פסז,Unknown,,אנרגי תחתית פסז,,33.00,100 גרם,false,1,5.00,15.15,true,1,21727
7290107947503,false,אנרגי מצופה שוקולד,Unknown,,אנרגי מצופה שוקולד,,28.00,100 גרם,false,1,5.00,17.86,true,1,21728
7290107947763,false,עדשים מיני לקישוט 130גרם,"שטראוס גרופ בע""\מ",,מיני עדשים לאפייה,,130.00,100 גרם,false,1,11.50,8.85,true,1,21226
7290107947992,false,שוקולד פרה אקסטרא חל,"שטראוס גרופ בע""\מ",,שוקולד אקסטרה חלב,,100.00,100 גרם,false,1,9.00,9.00,true,1,21822
7290107948029,false,שוק.אקסטרה צימוק+אגוז100,"שטראוס גרופ בע""\מ",,ש.אקסטרה צימוק ושקד,,100.00,100 גרם,false,1,9.00,9.00,true,1,21824
7290107950190,false,מעדן חלב דל קלוריות בטעם שוקולד מריר 0.5% שומן,מיוצר עי קונדיטוריית,,מ.שטראוס דיאט שוקולד,,125.00,100 גרם,false,1,3.90,3.12,true,1,23873
7290107950206,false,מעדן דיאט שוקולד שטראוס 130 גרם,מיוצר עי קונדיטוריית,,מ.שטראוס דיאט שוקולד,,125.00,100 גרם,false,1,3.90,3.12,true,1,23613
7290107951104,false,בפלות ופלים ארוכים בטעם שוקולד,"שטראוס גרופ בע""\מ",,בפלות שוקולד 200 גר,,200.00,100 גרם,false,1,6.00,3.00,true,1,18689
7290107951111,false,בפלות ופלים ארוכים בטעם לימון,"א.ג. גילרו בע""\מ",,בפלות לימון 200 גר,,200.00,100 גרם,false,1,6.00,3.00,true,1,18690
7290107951548,false,שוקולד פרה בלונדי שקדים,"שטראוס גרופ בע""\מ",,בלונדי שוקולד שקדים,,100.00,100 גרם,false,1,10.00,10.00,true,1,20230
7290107951623,false,שוקולד פרה בלונדי קרמל ומלח,"שטראוס גרופ בע""\מ",,בלונדי שוקולד קרמל,,100.00,100 גרם,false,1,10.00,10.00,true,1,20231
7290107951715,false,צנצנת מסטיק מאסט קוביות בטעם ענבים 58 ג' עלית,אסקום קונפקשיין,,מאסט צנצנת ענבים,,58.00,100 גרם,false,1,12.00,20.69,true,1,19252
7290107954457,false,בראוניז פסק זמן 380 גרם,"שטראוס גרופ בע""\מ",,עוגת בראוניז פז בדצ,,380.00,100 גרם,false,1,20.50,5.39,true,1,20052
7290107954709,false,"קונפיטורת פירות יער ""יד מרדכי"" 340 גר'","ב.א. מזון בע""\מ",,קונפיטורת פירות יער,,340.00,100 גרם,false,1,14.90,4.38,true,1,26292
7290107954976,false,משקה חלב PRO עם קפה 1.5% 25 גרם חלבון בבקבוק,מחלבת יטבתה,,משקה יטבתה פ.קפה 350,,300.00,"100 מ""ל",false,1,7.50,2.50,true,1,20054
7290107956826,false,עוגיות שוקוצ'יפס לבן180ג,"שטראוס גרופ בע""\מ",,ע.שוקוציפס ת. לבן,,180.00,100 גרם,false,1,12.00,6.67,true,1,20181
7290107956833,false,עוגיות שוקוצ'יפס חלב180ג,"שטראוס גרופ בע""\מ",,ע.שוקוציפס ת. חלב,,180.00,100 גרם,false,1,12.00,6.67,true,1,20182
7290107956901,false,קפסולות בטעם אגוזים למכונת נספרסו עלית 10 יחידות,שטראוס קפה בי.וי.,,עלית ת.נספרסו א.לוז,,10.00,יחידה,false,1,16.50,1.65,true,1,26381
7290107956925,false,קפסולות 13 אוגנדה למכונת נספרסו עלית 10יח',שטראוס קפה בי.וי.,,עלית ת. נספרסו 13,,10.00,יחידה,false,1,16.50,1.65,true,1,26382
7290107956932,false,קפסולות אספרסו אידונזיה למכונות 50 גר,שטראוס קפה בי.וי.,,קפסולות 12 אינדונזיה,,10.00,יחידה,false,1,16.50,1.65,false,1,28911
7290107957137,false,סימפוניה עשבי תיבול 200ג,"שטראוס בריאות בע""\מ",,סימפוניה עשבי תיבול,,200.00,100 גרם,false,1,12.50,6.25,false,1,28824
7290107957229,false,שוקולד צ'יפס מריר מעולה לאפיה עלית 250 ג',"פוליבה בע""מ",,נטיפי שוקולד צ.מריר,,250.00,100 גרם,false,1,13.00,5.20,true,1,21227
7290107957991,false,מילקי CAKE מיניס קרם חלב בציפוי שוקולד חלב שקית 16X9ג',בובארד איטליה אס.פי.איי,,מילקי מינייס,,144.00,100 גרם,false,1,17.00,11.81,true,1,21902
7290107958523,false,רבע לשבע מוס חלבה 100גרם,"הגביע מוצרי וופלים בע""\מ",,מוס רבע לשבע חלבה,,100.00,100 גרם,false,1,18.90,18.90,true,1,25221
7290107958677,false,אצבעות שוקולד קרם חלב ו,"שטראוס גרופ בע""\מ",,א.שוקולד ועדשים,,96.00,100 גרם,false,1,10.00,10.42,true,1,28153
7290107973311,false,קולגייט מברשת שיניים 360 פחם זהב זוג,הנסיך- מפעל לייצור ט,,מברשת 360 פחם,,2.00,יחידה,false,1,40.00,20.00,true,1,26284
7290107973809,false,שימורי עגבניות קוביות 400 ג' מאסטר שף,פראנו אריקו ופיגלי ס.פ.א,,קוביות עגבניות 400גר,,400.00,100 גרם,false,1,7.00,1.75,true,1,21276
7290107974066,false,"עלי טורטיה קמח מלא 20ס""מ 8יח' מאסטר שף 320ג'",אלקאטי קורביישיסי גי,,עלי טורטיה 5 דגנים,,320.00,100 גרם,false,1,11.90,3.72,true,1,20003
7290107974073,false,מנה עלי טורטיה קמח לבן מ.שף 20 סמ 320 גר,אלקאטי קורביישיסי גי,,עלי טורטיה קמח לבן,,320.00,100 גרם,false,1,11.90,3.72,true,1,20004
7290107975100,false,שימורי שעועית לבנה 400גר,פראנו אנריקו ופיגלי,,מ.שף שעועית לבנה כשל,,400.00,100 גרם,false,1,8.00,2.00,true,1,19206
7290107978637,false,משחת שיניים לחניכיים רגישות,קולגייט פלמוליב,,מרידול משחת שיניים,,75.00,"100 מ""ל",false,1,22.90,30.53,true,1,26082
7290108350128,false,סנו סושי שקיות אשפה חזקות במיוחד 40 יח',מיוצר עי קונדיטוריית,,סנו סושי שקיות 40יח,,40.00,יחידה,false,1,30.00,0.75,true,1,26083
7290108350616,false,סנו - מקסימה מרכך כביסה מרוכז פריחה כחולה 1 ליטר,"סנו מפעלי ברונוס בע""\מ",,מ.כביסה בלו בלוסום,,1.00,1 ליטר,false,1,20.90,20.90,true,1,23290
7290108351613,false,סנו ריצפז פרש הום 2 ליטר בניחוח מלון חלומי,"סנו מפעלי ברונוס בע""\מ",,ריצפז פרש הום 2ל,,2.00,1 ליטר,false,1,27.00,13.50,true,1,26086
7290108351699,false,סנו - ג'ט מטליות לחות לניקוי כללי בתוספת חומץ לבנדר שלישיה,סנו מפעלי ברונוס על,,גט+חומץ מגבונים,,150.00,יחידה,false,1,25.00,0.17,true,1,26087
7290108352825,false,ספוג הפלא נירוסטה סנו סושי 3יח',ltdn s.k.a.tסנו מפעלי בר,,ספוג הפלא נירוסטה*3,,3.00,יחידה,false,1,14.50,4.83,true,1,26090
7290108357707,false,"כיף שמפו לשיער רגיל- תפוח זרעי צ'יה 700 מ""ל",גוד פוד פרודקטס S.p,,כיף שמפו לשיער רגיל,,700.00,"100 מ""ל",false,1,14.50,2.07,true,1,26091
7290108357769,false,"מרכך לשיער רגיל תפוח וזרעי צ'יה 700 מ""ל כיף",גוד פוד פרודקטס S.p,,כיף מרכך לשיער רגיל,,700.00,"100 מ""ל",false,1,14.50,2.07,true,1,26092
7290108502220,false,"פחם אקולוגי 2 ק""ג וי","ג'לו השקעות בע""מ",,פחם גלו 2 קג,,2.00,"1 ק""ג",false,1,20.00,10.00,true,1,23075
7290108502985,false,תפוחונים וילי פוד תפוחי עץ מיובשים 22 גר,הביי דונגפנג פוד קו. בעמ,,תפוחונים-תפוע מיובש,,22.00,100 גרם,false,1,6.00,27.27,true,1,24949
7290108506549,false,גליליות וופל במילוי קרם וניל פינוקים 400 גרם,Unknown,,גליליות וופל וניל400,,400.00,100 גרם,false,1,18.00,4.50,true,1,26095
7290108509359,false,פופקורן בציפוי בטעם קרמל ויליפוד 90 גרם,סנרו ס.א,,פופקורן צ.קרמל 90ג,,90.00,100 גרם,false,1,8.90,9.89,true,1,28437
7290108509700,false,"אורז פרסי DAAWAT מהדרין 1 ק""ג",אל.טי.פודס לימיטד,,אורז פרסי 1 קג,,1.00,"1 ק""ג",false,1,10.90,10.90,false,1,28190
7290108509946,false,"טורטיה (15 ס""מ קוטר) 250 גרם",מוטלוקל גידה סאנאי טיקרט,,טורטייה 250 גרם,,250.00,100 גרם,false,1,5.90,2.36,false,1,28191
7290108509960,false,נתחי טונה בהירה בשמן זית כתית מעולה - מארז 3 יח',וילי פוד,,טונה ש.זית שלישייה,,80.00,100 גרם,false,1,15.90,19.88,false,1,28192
7290108941050,false,כריך בלחמניה טריפל 225ג,Unknown,,עינת טריפל בשר שמינ,,220.00,100 גרם,false,1,18.00,8.18,true,1,18424
7290108941067,false,כריך בלחמניה שקשוקה 220,Unknown,,כריך שקשוקה,,220.00,100 גרם,false,1,18.00,8.18,true,1,18425
7290108941074,false,טוסט גבינה ופטריות 200 ג,Unknown,,טוסט גבינה ופטריות,,200.00,100 גרם,false,1,18.00,9.00,true,1,19624
7290108941203,false,כריך בלחמניה שניצל 270 ג,Unknown,,עינת שמינייה שניצל,,270.00,100 גרם,false,1,18.00,6.67,true,1,21771
7290108941210,false,כריך בלחמניה שווארמה250ג,Unknown,,עינת שמינייה שווארמה,,250.00,100 גרם,false,1,18.00,7.20,true,1,21772
7290108941630,false,פשוטוסט-טוסט צהובה 2,עינת,,פשוטוסט,,215.00,100 גרם,false,1,21.00,9.77,false,1,25441
7290108941692,false,כריך שמיניה סלט ביצי,עינת,,כריך סלט ביצים,,0.00,,false,1,18.00,0.00,true,1,27710
7290108941746,false,גבטה טוניסאי 305גרם,עינת,,כריך גבטה טוניסאי,,1.00,יחידה,false,1,22.00,22.00,false,1,28745
7290108941753,false,גבטה דאבל בשר 295גרם,עינת,,גבטה דאבל בשר,,295.00,100 גרם,false,1,22.00,7.46,false,1,26840
7290108941760,false,כריך גבטה סביח,עינת,,כריך גבטה סביח,,1.00,יחידה,false,1,22.00,22.00,false,1,28746
7290108941777,false,גבטה לאבנה ים תיכוני,עינת,,גבטה לאבנה ים ת.,,290.00,100 גרם,false,1,22.00,7.59,false,1,26841
7290108941845,false,כריך גבטה גבינות,Unknown,,כריך גבטה גבינות,,1.00,יחידה,false,1,22.00,22.00,false,1,28747
7290109351209,false,קרחון שרבט אננס תפוז לה פרוטה נסטלה 70 גרם,גלידות נסטלה )נגה גלידות,,לה פרוטה אננס תפוז,,80.00,100 גרם,false,1,9.90,12.38,true,1,17762
7290109351957,false,פריכיות פיטנס מיני גדולות שוקולד חלב 100ג',סנורייס בלגיום אן. ו,,פיטנס פריכיות שוקולד,,100.00,100 גרם,false,1,8.90,8.90,true,1,21489
7290109351971,false,פריכיות דגנים פיטנס מצופות שוקולד חלב,פרח תעשיות,,מ.פיטנס בר פ.שוקולד,,84.00,100 גרם,false,1,14.90,17.74,true,1,20055
7290109352916,false,פריכיות דגנים פיטנס מצופות שוקולד לבן,פרח תעשיות,,מ.פיטנס שוקולד לבן,,84.00,100 גרם,false,1,14.90,17.74,true,1,20056
7290109353517,false,פסטה פפרדלה פרפקטו 500גר,פסטה זארה,,פרפקטו איטריות,,500.00,100 גרם,false,1,8.90,1.78,true,1,26238
7290109355504,false,שלגון קראנץ וניל ליבת נוגט נסטלה 100 גרם,נטו מלינדה-בשר,,קראנץ וניל ונוגט,,114.00,100 גרם,false,1,12.90,11.32,true,1,18679
7290109356556,false,"חטיפי קרקר כשל""פ 170 גרם",מיוצר עי קונדיטוריית,,אסם חטיפי קרקר כלפ,,170.00,100 גרם,false,1,10.00,5.88,true,1,18951
7290109358130,false,מאגדת לה פרוטה יוגורט אננס פסיפלורה מנגו,גלידות נסטלה )נגה גלידות,,לה פרוטה אננס פסיפלו,,300.00,100 גרם,false,1,27.90,9.30,true,1,20842
7290109358482,false,עוגיות קרמוגית במילוי קרם בטעם חלבה,"הגביע מוצרי וופלים בע""\מ",,קרמוגית במילוי חלווה,,200.00,100 גרם,false,1,15.90,7.95,true,1,24954
7290109358529,false,אטריות דקיקות פלוס 330גר,Unknown,,אטריות דקיקות פלוס,,330.00,100 גרם,false,1,9.00,2.73,true,1,19676
7290109358765,false,דגני בוקר קראנץ' רולס נוגט 450 גרם,"אסם השקעות בע""\מ",,קראנץ רולס 450 גרם,,450.00,100 גרם,false,1,22.90,5.09,true,1,20125
7290109580104,false,רוסטביף פרימיום זוגלובק 150 גרם,זוגלובק,,זוגלובק רוסטביף 150ג,,150.00,100 גרם,false,1,26.90,17.93,true,1,26383
7290109580135,false,זוגלובק פרימיום קורנדביף 180 גרם,זוגלובק,,זוגלובק ק. 180ג,,180.00,100 גרם,false,1,26.90,14.94,true,1,26384
7290110055851,false,סוכריות גלי מותגים,Unknown,,סוכריות גלי מותגים,,10.00,100 גרם,false,1,6.00,60.00,true,1,20609
7290110057381,false,ממתק רולר פירות,Unknown,,ממתק רולר פירות,,40.00,"100 מ""ל",false,1,8.00,20.00,true,1,20610
7290110059514,false,סוכריות לעיסה מותגים,Unknown,,סוכריות לעיסה מותגים,,16.00,100 גרם,false,1,2.00,12.50,true,1,20611
7290110110277,false,"סומרסבי סיידר תפוחים אלכוהולי 4*300 מ""ל","קרלסברג קרואטיה , יב",,סומרסבי רביעייה,,0.00,,false,1,44.90,0.00,false,1,21574
7290110110352,false,"בירה קרלסברג 0.0 בק 330 מ""ל",קרלסברג רומניהיבואן:,,קרלסברג 0% 330,,330.00,"100 מ""ל",false,1,10.00,2.94,true,1,24228
7290110110574,false,"פחיות קוקה קולה זירו לימון 330 מ""ל",החברה המרכזית לייצור משק,,קולה זירו סליק לימון,,330.00,"100 מ""ל",false,1,8.30,2.42,true,1,21731
7290110110635,false,ספרייט 0.5 ליים חייב פקדון,החברה המרכזית לייצור,,ספרייט ליים 500 מל,,500.00,"100 מ""ל",false,1,9.90,1.92,true,1,21324
7290110110659,false,"ספרייט לימון ליים פחית 330מ""ל",החברה המרכזית לייצור משק,,ספרייט LIME סליק,,330.00,"100 מ""ל",false,1,8.90,2.61,true,1,25910
7290110110765,false,פיוז טי גרין בטעם לימון נענע 500 מל,מבשלות בירה בינלאומי,,פיוז טי לימונענע,,500.00,"100 מ""ל",false,1,9.90,1.92,true,1,21736
7290110111557,false,"משקה ספורט איזוטוני בטעם פירות 500 מ""ל פאוורייד",פאווראייד POWERADE,,פאוורייד בטעם פירות,,500.00,"100 מ""ל",false,1,10.90,2.12,true,1,22441
7290110111564,false,"משקה ספורט איזוטוני בטעם הדרים ליין 500 מ""ל פאוורייד",פאווראייד POWERADE,,פאוורייד הדרים,,500.00,"100 מ""ל",false,1,10.90,2.12,true,1,22442
7290110113377,false,מארז רביעיות קוקה קולה 1 ליטר,החברה המרכזית לייצור משק,,קוקה קולה 1ל-רביעייה,,4.00,1 ליטר,false,1,39.90,9.68,true,1,26386
7290110113384,false,קוקה קולה זירו מארז רביעיה 1X4 ליטר,החברה המרכזית לייצור משק,,קולה זירו 1ל רביעייה,,4.00,1 ליטר,false,1,39.90,9.68,true,1,26387
7290110113421,false,"בירה מעוננת קרלסברג luma 330 מ""ל",מבשלות בירה בינלאומיות ב,,קרלסברג לומה 330,,330.00,"100 מ""ל",false,1,16.00,4.76,true,1,24956
7290110113469,false,קוקה קולה זירו מנגו פחית 330 מל,החברה המרכזית לייצור משק,,קולה זירו מנגו פחית,,330.00,"100 מ""ל",false,1,8.90,2.61,true,1,24622
7290110113476,false,בירה קרלסברג ללא אלכוהול - שישייה,קרלסברג רומניהn\יבואן:מב,,קרלסברג 0% שישייה,,1.98,1 ליטר,false,1,51.60,25.15,true,1,29047
7290110113490,false,פיוז טי אפרסק 19 קלוריות 500 מל,מבשלות בירה בינלאומיות ב,,פיוזטי אפרסק 16קל,,500.00,"100 מ""ל",false,1,8.00,1.54,true,1,24721
7290110113902,false,בירה טובורג פחית סלי,מבשלות בירה בינלאומי,,טובורג פחית 330 מל,,330.00,"100 מ""ל",false,1,10.90,3.21,true,1,27548
7290110113926,false,פאנטה ZERO אורנג 0.5 חייב פקדון,החברה המרכזית לייצור,,פאנטה ZERO,,500.00,"100 מ""ל",false,1,9.90,1.92,true,1,25608
7290110114589,false,נביעות תפוח אגס 1.5 ליטר,"נביעות טבע הגליל בע""\מ",,נביעות פ.פרי תפוח1.5,,1.50,1 ליטר,false,1,11.90,7.93,true,1,26946
7290110114596,false,נביעות+רכיבי פרי תפו,"נביעות טבע הגליל בע""",,נביעות תפוח פ.יער0.5,,500.00,"100 מ""ל",false,1,9.50,1.84,true,1,26947
7290110114770,false,פריגת ענבים 40% פחות סוכר 0.5 ליטר חייב,פריגת,,משקל ענבים 40% פ.סוכ,,500.00,"100 מ""ל",false,1,8.00,1.54,true,1,27549
7290110114787,false,נביעות+ מים מינרליים בטעם תפוח 1.5 ליטר,נביעות טבע הגליל בעמ,,נביעות+ תפוח 1.5 פ,,1.50,1 ליטר,false,1,13.90,9.07,true,1,27792
7290110114794,false,נביעות+ מים מינרליים בטעם אפרסק 1.5 ליטר,"נביעות טבע הגליל בע""\מ ,",,נביעות +אפרסק1.5 פ,,1.50,1 ליטר,false,1,13.90,9.07,true,1,27825
7290110114800,false,נביעות+ מים מינרליים בטעם ענבים 1.5 ליטר,פארייפאבה אגרואינדוס,,נביעות +ענבים1.5 פ,,1.50,1 ליטר,false,1,13.90,9.07,true,1,27826
7290110114824,false,נביעות+רכיבי פרי אבטיח 1.5 ליטר פיקדון,"נביעות טבע הגליל בע""\מ",,נביעות+פ.אבטיח 1.5 פ,,1.58,"1 ק""ג",false,1,13.90,8.61,true,1,27827
7290110114862,false,מים מינרליים נביעות,נביעות,,נביעות 1.5 שמינייה פ,,12.00,1 ליטר,false,1,26.00,1.97,true,1,27870
7290110114893,false,מיץ סחוט תפוז פריגת 2 ליטר,היינץ צפון אמריקה מק,,פריגת סחוט תפוז 2 פ,,2.00,1 ליטר,false,1,32.00,15.85,true,1,27828
7290110114961,false,משקה קל תפוזים פריגת 1.5 ליטר,מבשלות בירה בינלאומיות ב,,פריגת תפוזים 1.5 פ,,1.50,1 ליטר,false,1,14.90,9.73,true,1,27829
7290110114985,false,משקה קל אשכוליות פריגת 1.5 ליטר,מבשלות בירה בינלאומיות ב,,פריגת אשכוליות 1.5 פ,,1.50,1 ליטר,false,1,14.90,9.73,true,1,27830
7290110115005,false,משקה קל ענבים פריגת 1.5 ליטר,מבשלות בירה בינלאומיות ב,,פריגת ענבים 1.5 פ,,1.50,1 ליטר,false,1,14.90,9.73,true,1,27831
7290110115029,false,"פריגת משק""ל תפוח 1.5 ליטר פיקדון",מבשלות בירה בינלאומיות ב,,פריגת תפוחים 1.5 פ,,1.50,1 ליטר,false,1,12.00,7.80,true,1,27832
7290110115043,false,משקה קל לימונענע פריגת 1.5 ליטר,מבשלות בירה בינלאומיות ב,,פריגת לימונענע 1.5פ,,1.50,1 ליטר,false,1,14.90,9.73,true,1,27833
7290110115050,false,פריגת מיקס תות בננה 1.5 ליטר פיקדון,מבשלות בירה בינלאומיות ב,,פריגת מ.תות בננה פ,,1.50,1 ליטר,false,1,14.90,9.73,true,1,27834
7290110115104,false,פריגת צלול אפרסק 1.5 ליטר פיקדון,מבשלות בירה בינלאומיות ב,,פריגת צ.אפרסק 1.5 פ,,1.50,1 ליטר,false,1,12.00,7.80,true,1,27835
7290110115111,false,פריגת צלול אננס 1.5 ליטר פיקדון,"מבשלות בירה לישראל בע""\מ",,פריגת צ.אננס 1.5 פ,,1.50,1 ליטר,false,1,12.00,7.80,true,1,27836
7290110115180,false,מים מינרלים נביעות 1.5 ליטר,"נביעות טבע הגליל בע""",,נביעות 1.5 ל בודד פ,,1.50,1 ליטר,false,1,9.50,6.13,true,1,27871
7290110115203,false,קוקה קולה 1.5 ליטר פיקדון,החברה המרכזית לייצור משק,,קוקה קולה 1.5 פ,,1.50,1 ליטר,false,1,14.90,9.73,true,1,27837
7290110115210,false,דיאט קוקה קולה 1.5 ליטר פיקדון,החברה המרכזית לייצור משק,,קוקה קולה דיאט 1.5 פ,,1.50,1 ליטר,false,1,14.90,9.73,true,1,27838
7290110115227,false,קוקה-קולה זירו בקבוק 1.5 ליטר,החברה המרכזית לייצור משק,,קוקה קולה 1.5 ZERO פ,,1.50,1 ליטר,false,1,14.90,9.73,true,1,27839
7290110115241,false,קוקה-קולה זירו לימון בקבוק 1.5 ליטר,החברה המרכזית לייצור משק,,קולה זירו לימון 1.5פ,,1.50,1 ליטר,false,1,14.90,9.73,true,1,27779
7290110115265,false,ספרייט לימון ליים 1.5 ליטר-,החברה המרכזית לייצור משק,,ספרייט ליים 1.5 פ,,1.50,1 ליטר,false,1,13.90,9.07,true,1,27840
7290110115272,false,ZERO ספרייט 1.5 ליטר פיקדון,החברה המרכזית לייצור משק,,ספרייט זירו 1.5 פ,,1.50,1 ליטר,false,1,12.90,8.40,true,1,27841
7290110115296,false,משקה מוגז אורנג' פאנטה 1.5 ליטר,החברה המרכזית לייצור משק,,פאנטה אורנג 1.5 פ,,1.50,1 ליטר,false,1,13.90,9.07,true,1,27843
7290110115302,false,משקה מוגז אורנג' זירו פאנטה 1.5 ליטר,החברה המרכזית לייצור משק,,פאנטה אורנג ZERO פ,,1.50,1 ליטר,false,1,10.90,7.07,true,1,27844
7290110115357,false,קינלי סודה 1.5 ליטר פיקדון,החברה המרכזית לייצור משק,,קינלי סודה 1.5 פ,,1.50,1 ליטר,false,1,8.90,5.73,true,1,27845
7290110115364,false,קוקה קולה שישיות 1.5 ליטר פיקדון,החברה המרכזית לייצור משק,,קוקה קולה 6*1.5ל פ,,9.00,1 ליטר,false,1,57.30,6.17,true,1,27846
7290110115388,false,ספרייט ליים שישיות 1.5 ליטר פיקדון,החברה המרכזית לייצור משק,,שישיית ספרייט 1.5 פ,,9.00,1 ליטר,false,1,57.30,6.17,true,1,27847
7290110115395,false,ZERO ספרייט שישיות 1.5 ליטר פיקדון,החברה המרכזית לייצור משק,,ספרייט זירו 6* 1.5 פ,,9.00,1 ליטר,false,1,54.10,5.81,true,1,27848
7290110115418,false,מארז שישייה קוקה קולה זירו 1.5 ל',החברה המרכזית לייצור משק,,קוקה קולה זירו6*1.5פ,,9.00,1 ליטר,false,1,54.10,5.81,true,1,27849
7290110115425,false,FUZE TEA גרין לימונענע -נענע 1.5 ליטר פיקדון,מבשלות בירה בינלאומיות ב,,פיוז טי לימונענע1.5פ,,1.50,1 ליטר,false,1,14.90,9.73,true,1,27850
7290110115449,false,אייס תה בטעם מנגו אננס 1.5ל' FUZE TEA,מבשלות בירה בינלאומיות ב,,פיוז טי מ.אננס1.5 פ,,1.50,1 ליטר,false,1,14.90,9.73,true,1,27851
7290110115456,false,"תה קר בטעם אפרסק 19 קלוריות ב- 100 מ""ל",מבשלות בירה בינלאומיות ב,,פיוזטי אפרסק 1.5 פ,,1.50,1 ליטר,false,1,14.90,9.73,true,1,27852
7290110115463,false,פיוז טי אפרסק 1.5 ליטר פיקדון,מבשלות בירה בינלאומיות ב,,פיוז טי אפרסק1.5 פ,,1.50,1 ליטר,false,1,14.90,9.73,true,1,27853
7290110115470,false,תה קר פיוז דייאט אפר,FUZE TEA,,פיוז טי ד.אפרסק1.5 פ,,1.50,1 ליטר,false,1,11.90,7.73,true,1,27854
7290110115487,false,FUZE TEA רביעיות אפרסק 1.5 ליטר פיקדון,מבשלות בירה בינלאומיות ב,,פיוזטי אפרסק 4*1.5 פ,,6.00,1 ליטר,false,1,44.00,7.13,true,1,27855
7290110115494,false,תה קר בטעם ענבים פיוז טי 1.5 ליטר,מבשלות בירה בינלאומית בע,,פיוז טי ענבים 1.5 פ,,1.50,1 ליטר,false,1,14.90,9.73,true,1,27856
7290110115531,false,משקה מוגז תפוח זירו פאנטה 1.5 ליטר,החברה המרכזית לייצור משק,,פאנטה ZERO תפוח 1.5פ,,1.50,1 ליטר,false,1,10.90,7.07,true,1,27857
7290110115616,false,FUZE tea zero גרין אננס 1.5 ליטר פיקדון,מבשלות בירה בינלאומיות ב,,פיוז טי ז.גרין 1.5,,1.50,1 ליטר,false,1,14.90,9.73,true,1,27750
7290110115623,false,משקה פיוז טי זירו ZERO בטעם אפרסק,מבשלות בירה בינלאומיות ב,,פיוז טי ז.אפרסק 1.5,,1.50,1 ליטר,false,1,14.90,9.73,true,1,27751
7290110115654,false,"פיוז טי זירו גרין אננס, 500 מ""ל",מבשלות בירה בינלאומי,,פיוז טי ז.גרין 500,,500.00,"100 מ""ל",false,1,8.00,1.54,true,1,27752
7290110115661,false,"פיוז טי זירו בטעם אפרסק 500 מ""ל",מבשלות בירה בינלאומי,,פיוז טי ז.אפרסק 500,,500.00,"100 מ""ל",false,1,9.90,1.92,true,1,27753
7290110115692,false,משקה קל בטעם מלון עם קוביות אלוורה,החברה המרכזית למשקאו,,פ.קוביות מ.אלוורה,,500.00,"100 מ""ל",false,1,10.90,2.12,true,1,29490
7290110115739,false,משקה קל בטעם פינקולדה עם קוביות קוקוס,החברה המרכזית למשקאו,,פריגת קוביות קוקוס,,500.00,"100 מ""ל",false,1,10.90,2.12,true,1,29491
7290110115845,false,קוקה קולה 1.5 ליטר פיקדון,"אינסטנטה בע""מ",,קוקה קולה 1.5 ל,,1.50,1 ליטר,false,1,14.90,9.73,true,1,28782
7290110115869,false,קוקה קולה זירו 1.5 ליטר פיקדון,תות תעשיות מזון (201,,ק.קולה 1.5 ZEROפקדון,,1.50,1 ליטר,false,1,14.90,9.73,true,1,29790
7290110115913,false,"משקה ספורט איזוטוני זירו בטעם אננס 500 מ""ל פאוורייד",Caslino al Piano pla,,פאוורייד ZERO אננס,,500.00,"100 מ""ל",false,1,9.90,1.92,true,1,28438
7290110116040,false,פאנטה זירו פירות כחולים 1.5 ליטר.,החברה המרכזית לייצור משק,,פאנטהZERO פ.כחול1.5,,1.50,1 ליטר,false,1,10.90,7.07,true,1,29179
7290110116057,false,פאנטה זירו פירות ירו,החברה המרכזית לייצור,,פאנטהZERO פ.כחול0.5,,500.00,"100 מ""ל",false,1,8.00,1.54,true,1,29180
7290110116064,false,פאנטה ZERO פירות ירוק 1.5 ליטר פיקדון,החברה המרכזית לייצור משק,,פאנטהZERO פ.ירוק 1.5,,1.50,1 ליטר,false,1,10.90,7.07,true,1,29181
7290110116071,false,ZERO פאנטה פירות יר,החברה המרכזית לייצור,,פאנטהZERO פ.ירוק0.5,,500.00,"100 מ""ל",false,1,8.00,1.54,true,1,29182
7290110116163,false,נביעות+מנגו פסיפל500,Unknown,,נביעות+מנגו פסיפל500,,500.00,"100 מ""ל",false,1,9.90,1.92,true,1,29576
7290110116187,false,נביעות+קוקוס אננס500,Unknown,,נביעות+קוקוס אננס500,,500.00,"100 מ""ל",false,1,9.90,1.92,true,1,29575
7290110116200,false,מים 0 קלוריות בטעם לימון-ליים 0.5 ל נביעות,"נביעות טבע הגליל בע""",,נביעות+לימון ליים0קל,,500.00,"100 מ""ל",false,1,9.90,1.92,true,1,29578
7290110116224,false,נביעות 0 קלוריות בטעם אשכולית 0.5 ליטר,"נביעות טבע הגליל בע""",,נביעות+אשכולית0קלו,,500.00,"100 מ""ל",false,1,9.90,1.92,true,1,29577
7290110116385,false,"פחיות סטפאני מרשמלו אבטיח תות זירו 330 מ""ל",החברה המרכזית לייצור משק,,קוקה קולה סטפאני,,330.00,"100 מ""ל",false,1,7.00,2.03,true,1,29299
7290110116514,false,פריגת סחוט מיקס תות בננה 400מל,פריגת,,פ.מיקס תות בננה,,400.00,"100 מ""ל",false,1,12.90,3.15,true,1,29761
7290110116521,false,"פריגת סחוט מיקס אפרסק משמש 400 מ""ל",פריגת,,פ. אפרסק משמש,,400.00,"100 מ""ל",false,1,12.90,3.15,true,1,29762
7290110116576,false,"ספרייט זירו LEMON HIT בקבוק 500 מ""ל",החברה המרכזית לייצור משק,,ספרייט ל.היט 0.5 ל,,500.00,"100 מ""ל",false,1,9.90,1.92,true,1,29684
7290110320010,false,מעדן סויה BIO ללא תוספת סוכר,General,,מעדן סויה ביו ללא ס,,125.00,"100 מ""ל",false,1,5.00,4.00,true,1,26476
7290110320744,false,גבינת גרנה פדנו 150 גרם פלח,תנובה חלב,,גבינת גרנה פדנו 150ג,,150.00,100 גרם,false,1,25.90,17.27,false,1,29051
7290110320850,false,פתיתים גבינה חצי קשה מגורדת 28% שומן,תנובה מרכז שיתופי לש,,פתיתי עמק 200 גרם,,200.00,100 גרם,false,1,16.30,8.15,true,1,21277
7290110320867,false,פתיתים גבינה חצי קשה מגורדת 28% שומן,תנובה מרכז שיתופי לש,,פתיתים למאפים 500 גר,,500.00,100 גרם,false,1,41.00,8.20,true,1,23475
7290110320935,false,גבינת מוצרלה תנובה 150ג' פרוסות,תנובה מרכז שיתופי לש,,תנובה פרוסות מוצרלה,,150.00,100 גרם,false,1,18.00,12.00,true,1,23476
7290110321031,false,מעדן חלב GO יוגורט מועשר בחלבון טבעי 200 ג' יופלה,"תנובה, מחלבת אלון תב",,יופלה GO לבן 200ג,,200.00,100 גרם,false,1,7.40,3.70,true,1,20493
7290110321048,false,יופלהGO מתיקות מעודנ200ג,תנובה חלב,,יופלהGO מתיקות מעודנ,,200.00,100 גרם,false,1,7.40,3.70,true,1,20494
7290110321277,false,קוטג' בקטנה 5% תנובה 100 גרם מהדרין,פארייפאבה אגרואינדוס,,קוטג בקטנה 5% 100ג,,100.00,100 גרם,false,1,2.70,2.70,true,1,23477
7290110321284,false,קוטג' בקטנה 9% תנובה 100 גרם מהדרין,פארייפאבה אגרואינדוס,,קוטג בקטנה 9% 100ג,,100.00,100 גרם,false,1,2.70,2.70,true,1,23478
7290110321680,false,יוגורט GO בטעם תות 20 גרם חלבון בגביע,מיוצר עי קונדיטוריית,,יופלה גו GO תות,,200.00,100 גרם,false,1,7.40,3.70,true,1,21041
7290110321697,false,יוגורט GO בטעם אפרסק 20 גרם חלבון בגביע,מיוצר עי קונדיטוריית,,יופלה GO אפרסק,,200.00,100 גרם,false,1,7.40,3.70,true,1,21042
7290110321703,false,יוגורט עם פירות יער בתוספת חלבוני חלב 2% שומן,מיוצר עי קונדיטוריית,,יופלה GO פירות יער,,200.00,100 גרם,false,1,7.40,3.70,true,1,21781
7290110322014,false,טופו בטעם טבעי תנובה ALTERNATIVE,שוורצקוף& הנקל דיסלד,,טופו בטעם טבעי 300 ג,,300.00,100 גרם,false,1,15.70,5.23,true,1,23480
7290110323066,false,משקה יוגורט גו מועשר בחלבון בננה אפרסק,תנובה חלב,,יופלה גו משקה בננה,,250.00,"100 מ""ל",false,1,7.90,3.16,true,1,23481
7290110323073,false,"משקה יוגורט יופלה גו תות פטל 250 מ""ל - רבנות",מיוצר עי קונדיטוריית,,יופלה גו משקה תות,,250.00,"100 מ""ל",false,1,7.90,3.16,true,1,23482
7290110323097,false,מעדן גבינה עם תות 5% שומן 80 ג' תנובה,תנובה בעמ,,תאומים גביע בודד 80ג,,80.00,100 גרם,false,1,2.70,3.38,true,1,23483
7290110323592,false,יוגורט GO לייט בטעם אפרסק 20 גרם חלבון בגביע,יופלה Yoplait,,יוגורט אפ מופחת GO,,200.00,100 גרם,false,1,7.40,3.70,true,1,22511
7290110323714,false,משקה קוקוס שקדים תנובה E אלטרנטיב,מיוצר עי קונדיטוריית,,אלטרנטיב שקדים קוקוס,,1.00,1 ליטר,false,1,14.20,14.20,true,1,23484
7290110324025,false,פתיתי מוצרלה 22% 500 גרם,"תנובה בע""\מ",,פתיתי מוצרלה 22%,,500.00,100 גרם,false,1,40.00,8.00,true,1,26708
7290110324711,false,ממרח סויה 9% שומן בטעם טבעי תנובה 250 גרם,מיוצר עי קונדיטוריית,,ממרח סויה בטעם טבעי,,250.00,100 גרם,false,1,10.50,4.20,true,1,26097
7290110324841,false,מעדן שקדים עם שוקולד מריר תנובה 125 גרם,מיוצר עי קונדיטוריית,,מ.שקדים שוקולד מריר,,125.00,100 גרם,false,1,5.80,4.64,true,1,23963
7290110324926,false,משקה סויה ללא תוספת סוכר E אלטרנטיב,תנובה מרכז שיתופי לש,,אלטרנטיב סויה ל.סוכר,,1.00,1 ליטר,false,1,13.00,13.00,true,1,23965
7290110325114,false,"משקה יוגורט יופלה גו לייט תות בננה 250 מ""ל - רבנות",מיוצר עי קונדיטוריית,,משקה גו לייט תות,,250.00,"100 מ""ל",false,1,7.90,3.16,true,1,23735
7290110325169,false,פרוסות גאודה תנובה 170 גרם,תנובה חלב,,פרוסות גאודה 170ג,,170.00,100 גרם,false,1,22.50,13.24,false,1,29052
7290110325237,false,גלבוע 22% דקדק 200 גרם,תנובה,,גלבוע 200 גרם דקדק,,200.00,100 גרם,false,1,14.50,7.25,true,1,23966
7290110325305,false,יופלה GO סויה 20 גרם חלבון במתיקות מעודנת תנובה 200 גרם,מיוצר עי קונדיטוריית,,מ.סויה GO ב.מעודנת,,200.00,100 גרם,false,1,6.90,3.45,true,1,23967
7290110325312,false,יופלה GO סויה 20 גרם חלבון בטעם תות תנובה 200 גרם,"תנובה בע""\מ",,מעדן סויה GO תות,,200.00,100 גרם,false,1,6.90,3.45,true,1,23968
7290110325619,false,משקה שיבולת שועל תנובה E אלטרנטיב,מיוצר עי קונדיטוריית,,אלטרנטיב שיבול.שועל,,1.00,1 ליטר,false,1,14.70,14.70,true,1,24958
7290110325626,false,"משקה שקדים ללת""ס 1 ליטר",תנובה,,משקה שקדים,,1.00,1 ליטר,false,1,14.70,14.70,true,1,26474
7290110325879,false,פתיתי גאודה תנובה 200 גרם,תנובה- השף הלבן,,פתיתי גאודה 200 גרם,,200.00,100 גרם,false,1,19.90,9.95,false,1,29053
7290110325893,false,משקה חלב GO מועשר בחלבון בטעם אייס קפה,מיוצר עי קונדיטוריית,,תנובה GO אייס קפה,,340.00,"100 מ""ל",false,1,10.00,2.94,true,1,24433
7290110326210,false,יופלה און טופ פצפוצים תנובה 157 גרם,מיוצר עי קונדיטוריית,,יופלה א.טופ פצפוצים,,157.00,100 גרם,false,1,6.00,3.82,false,1,24445
7290110326227,false,יופלה און טופ קורנפלקס תנובה 157 גרם,מיוצר עי קונדיטוריית,,און טופ קורנפלקס,,167.00,100 גרם,false,1,6.00,3.59,true,1,27385
7290110326241,false,יופלה און טופ גרנולה תנובה 157 גרם,מיוצר עי קונדיטוריית,,יופלה און טופ גרנולה,,157.00,100 גרם,false,1,6.00,3.82,false,1,24464
7290110326333,false,פרוסות גבינה סקנדינבית תנובה 170 גרם,פ.פ.ח. שאביט,,פרוסות ג.סקנדינבית,,170.00,100 גרם,false,1,22.50,13.24,false,1,29054
7290110326449,false,חמאה השף הלבן 250 גר,אמרלנד,,השף הלבן חמאה,,250.00,100 גרם,false,1,10.40,4.16,false,1,24962
7290110326548,false,קוטג' מיורן+זעתר5% 250גר,תנובה בעמ,,גבינת קוטג מועשרת,,250.00,100 גרם,false,1,6.00,2.40,true,1,25751
7290110326906,false,חלב נטול לקטוז 3% שומן תנובה 1 ליטר,מיוצר עי קונדיטוריית,,תנובה חלב נטול3%,,1.00,1 ליטר,false,1,8.00,8.00,true,1,25508
7290110326999,false,"משקאות חלב+שוקולד קלאסי 340 מ""ל YOLO בקבוק.",תנובה חלב,,מ.חלב עם שוקולד,,340.00,"100 מ""ל",false,1,8.90,2.62,true,1,24963
7290110327064,false,משקה אייס קפה שיבולת שועל בטעם קרמל 1 ל' ALTERNATIVE,תנובה מרכז שיתופי לש,,אלטרנטיב קפה קרמל1ל,,1.00,1 ליטר,false,1,13.90,13.90,false,1,28826
7290110327316,false,גבינה לבנה 5% בתוספת פריכיות,מיוצר עי קונדיטוריית,,גבינה לבנה + פריכיות,,250.00,100 גרם,false,1,6.00,2.40,true,1,27004
7290110327514,false,alternative משקה שיבולת שועל בטעם אגוזי לוז תנובה 1 ליטר,תנובה מרכז שיתופי לש,,אלטרנטיב אגוז לוז 1ל,,1.00,1 ליטר,false,1,14.70,14.70,false,1,27720
7290110327798,false,חטיף חלבון GO - שוקולד 60 ג' חלב נוכרי - רבנות,"בלמונט קונפקציות בע""\מ.",,חטיף חלבון שוקולד GO,,60.00,100 גרם,false,1,14.90,24.83,true,1,27289
7290110327804,false,חטיף חלבון GO - עוגיות 60 ג' חלב נוכרי - רבנות,"בלמונט קונפקציות בע""\מ.",,חטיף חלבון GOבצק עוג,,60.00,100 גרם,false,1,14.90,24.83,true,1,27290
7290110327811,false,חטיף חלבון GO בטעם קוקוס 20 גרם חלבון,"בלמונט קונפקציות בע""\מ.",,חטיף חלבון קוקוס GO,,60.00,100 גרם,false,1,14.90,24.83,true,1,27291
7290110327828,false,חטיף חלבון GO - חמאת בוטנים 60 ג' חלב נוכרי - רבנות,"בלמונט קונפקציות בע""\מ.",,חטיף חלבון GO ח.בוטנ,,60.00,100 גרם,false,1,14.90,24.83,true,1,27292
7290110327880,false,חלב1%מהדרין רמת הגולן 1ל,תות תעשיות מזון (201,,תנובה חלב בקרטון 1%,,1.00,1 ליטר,false,1,5.86,5.86,false,1,25346
7290110328016,false,משקה סויה מועשר בחלבון בטעם אגוזי לוז 250 גרם,תנובה מרכז שיתופי לש,,גו משקה סויה א.לוז,,250.00,100 גרם,false,1,7.90,3.16,true,1,26695
7290110328146,false,פתיתים בסגנון גאודה200ג,"קבוצת מיבל, מיפה א.ג פרנ",,גאודה 200ALTERNATIVE,,200.00,100 גרם,false,1,23.90,11.95,true,1,26705
7290110328436,false,גאודה עיזים מעודן29% 150,"תנובה בע""\מ",,פלח גאודה עיזים,,150.00,100 גרם,false,1,23.90,15.93,true,1,26707
7290110328474,false,גבינת פרמג'יאנו רג'יאנו 30% מחלב בקר,מנדלז סי.אר. פרודקשן,,פלח פרמגאנו רגיאנו,,150.00,100 גרם,false,1,33.90,22.60,false,1,29055
7290110328481,false,פתיתי פרמג'יאנו רג'יאנו מחלב בקר 30%,ברטינלי גיאני א.,,פתיתי פרמגיאנו,,100.00,100 גרם,false,1,17.50,17.50,false,1,29056
7290110328504,false,טריו - מיקס גבינות מוצרלה סקנדינבית וגאודה 300 גרם,מיוצר עי קונדיטוריית,,טריו מיקס 3 גבינות,,300.00,100 גרם,false,1,30.00,10.00,false,1,28796
7290110328764,false,יוגורט יופלה GO במרקם סמיך עם תות 0%,מיוצר עי קונדיטוריית,,יוגורט גו 0% תות,,200.00,100 גרם,false,1,6.90,3.45,true,1,27328
7290110328771,false,יוגורט יופלה GO במרקם סמיך עם פירות יער 0%,מיוצר עי קונדיטוריית,,יוגורט גו 0% פ. יער,,200.00,100 גרם,false,1,6.90,3.45,true,1,27329
7290110328788,false,יוגורט יופלה GO במרקם סמיך בטעם אפרסק 0%,תנובה מרכז שיתופי לש,,יוגורט גו 0% אפרסק,,200.00,100 גרם,false,1,6.90,3.45,true,1,27330
7290110328887,false,"חלב תנובה בקבוק 3%, כשרות מהדרין, 1 ליטר",הפריט בפיקוח,,חלב 3% מהדרין,,1.00,1 ליטר,false,1,6.23,6.23,false,1,29226
7290110328955,false,קוביות גבינת עזים בשמן מתובל פיראוס 350 גרם,דודוני תעשיית החלב החקלא,,קוביות עזים מתובל,,350.00,100 גרם,false,1,27.90,7.97,false,1,28828
7290110329136,false,מעדן חלב מעושר בחלבון בטעם שוקולד 120 ג' GO,תנובה מרכז שיתופי לש,,מעדן חלב גו שוקולד,,230.00,100 גרם,false,1,5.80,2.52,false,1,27754
7290110329143,false,מעדן חלב מעושר בחלבון בטעם וניל גביע 120 ג' GO,תנובה מרכז שיתופי לש,,מעדן חלב גו וניל,,120.00,100 גרם,false,1,5.80,4.83,false,1,27755
7290110329150,false,מעדן חלב גו בטעם קפה 12 ג חלבון,מיוצר עי קונדיטוריית,,מעדן חלב גו קפה,,120.00,100 גרם,false,1,5.50,4.58,false,1,27756
7290110329426,false,טופו טבעי עם רוטב קרם קוקוס קארי פיקנטי 250 גרם,תנובה חלב,,טופו טבעי עם רוטב,,310.00,100 גרם,false,1,15.90,5.13,false,1,28829
7290110329433,false,טופו טבעי עם רוטב סצ'ואן אלטרנטיב 250 גרם,תנובה חלב,,טופו רוטב סצואן,,310.00,100 גרם,false,1,15.90,5.13,false,1,28830
7290110329624,false,יוגורט יופלה וניל שכ,"תנובה בע""מ",,יופלה OLALA טארט,,150.00,100 גרם,false,1,5.80,3.87,false,1,27937
7290110329631,false,יוגורט יופלה אוללה ת,"תנובה בע""מ",,יופלה OLALA תות,,150.00,100 גרם,false,1,5.80,3.87,false,1,27938
7290110329686,false,"משקה חלב גו בטעם עוגיות 340 מ""ל",מיוצר עי קונדיטוריית,,משקה חלב GO עוגיות,,340.00,"100 מ""ל",false,1,10.00,2.94,false,1,27721
7290110329693,false,יוגורט גו סמיך מלבי 200ג,מיוצר עי קונדיטוריית,,יוגורט גו 0% מלבי,,200.00,100 גרם,false,1,6.50,3.25,false,1,27722
7290110329716,false,משקה חלב קר בטעם קפוצ'ינו 230 גרם תנובה,תנובה מרכז שיתופי לש,,תנובה קפה קפוצינ230,,230.00,100 גרם,false,1,10.00,4.35,false,1,28832
7290110329723,false,משקה חלב קר בטעם לאטה 230 גרם תנובה,תנובה מרכז שיתופי לש,,תנובה קפה לאטה230,,230.00,100 גרם,false,1,10.00,4.35,false,1,28833
7290110329730,false,"משקה חלב עם שוקולד וקפה בסגנון לאטה 2.7%  230 מ""ל תנובה",תנובה מרכז שיתופי לש,,תנובה קפה ושוקולד230,,230.00,100 גרם,false,1,10.00,4.35,false,1,28834
7290110329778,false,**חלב תנובה טרי מהדרין קרטון 3% 1ל,תנובה,,תנובה חלב קרטון 3%,,1.00,1 ליטר,false,1,6.23,6.23,false,1,27456
7290110329808,false,יוגורט סויה BIO Alternative תות 150 ג' תנובה,מיוצר עי קונדיטוריית,,סויה BIO תות,,150.00,100 גרם,false,1,5.30,3.53,false,1,27939
7290110329822,false,יוגורט סויה BIO Alternative פירות יער 150 ג' תנובה,מיוצר עי קונדיטוריית,,סויה BIO פירות יער,,150.00,100 גרם,false,1,5.30,3.53,false,1,27940
7290110329891,false,גבינה ספרדית מנצ'גו150ג,לאקטאס קסטלאנו לאונסאס,,גבינה ספרדית מצנגו,,150.00,100 גרם,false,1,23.90,15.93,false,1,28835
7290110471016,false,כבל מטאלי 2 מטר,Unknown,,כבל מטאלי 2 מטר,,0.00,,false,1,29.90,0.00,false,1,21450
7290110472016,false,כבל מטאלי 2 מטר שחורTYPE C,Unknown,,כבל מטאלי 2 מטר,,0.00,,false,1,39.90,0.00,false,1,21502
7290110472023,false,פנס ראש -חדש,Unknown,,פנס ראש -חדש,,0.00,,false,1,25.00,0.00,true,1,19614
7290110472467,false,מתאם למצת TYPE C + כבל טעינה 1.5 מטר,Unknown,,מתאם למצת TYPE C,,0.00,,false,1,44.90,0.00,false,1,21455
7290110472474,false,מתאם קיר TYPE C + כבל טעינה 1.5 מטר,Unknown,,מתאם קיר TYPE C,,0.00,,false,1,54.90,0.00,false,1,21456
7290110472511,false,מזרן מתנפח מתקפל,Unknown,,מזרן מתנפח מתקפל,,0.00,,false,1,49.90,0.00,false,1,19863
7290110472610,false,מנורה לאוהל נטענת,Unknown,,מנורה לאוהל נטענת,,0.00,,false,1,20.00,0.00,true,1,19442
7290110472825,false,מנגל פחמים מקצועי,Unknown,,גריל גדול 70/30,,0.00,,false,1,99.00,0.00,true,1,18996
7290110472856,false,מטען רכב Qualcomm Du,Unknown,,מטען רכב Duet,,0.00,,false,1,54.90,0.00,false,1,21457
7290110473068,false,אוהל חוף נפתח ברגע,Unknown,,אוהל חוף נפתח ברגע,,0.00,,false,1,199.00,0.00,true,1,19822
7290110473112,false,מנגל פח רשת 40*26,Unknown,,מנגל פח רשת 40*26,,0.00,,false,1,39.00,0.00,false,1,23004
7290110473235,false,רמקול EXTREMe כחול,Unknown,,רמקול EXTREMe כחול,,0.00,,false,1,104.90,0.00,false,1,21527
7290110473426,false,אוזניות JUST BASS ור,Unknown,,אוזניות JUST ורוד,,0.00,,false,1,54.90,0.00,false,1,21462
7290110473433,false,אוזניות JUST BASS אפ,Unknown,,אוזניות JUST אפור,,0.00,,false,1,54.90,0.00,false,1,21463
7290110473440,false,אוזניות JUST BASS זה,Unknown,,אוזניות JUST זהב,,0.00,,false,1,54.90,0.00,false,1,21464
7290110473501,false,זרוע טלסקופית לרכב שחור TECH GRIP,Unknown,,ז.טלסקופית לרכב שחור,,0.00,,false,1,54.90,0.00,false,1,21466
7290110473587,false,זרוע מגנטי לרכבSIMPL,Unknown,,SIMPLY GRIP,,0.00,,false,1,44.90,0.00,false,1,21468
7290110473594,false,זרוע איכותית לרכב מג,Unknown,,ROCKET GRIP שחור,,0.00,,false,1,49.90,0.00,false,1,21469
7290110473754,false,ערכת קפה ללא בלון גז,Unknown,,ערכת קפה ללא בלון גז,,0.00,,false,1,89.00,0.00,false,1,21063
7290110473808,false,קלקר מים לטיולים,Unknown,,קלקר מים לטיולים,,0.00,,false,1,29.90,0.00,false,1,22768
7290110473884,false,אוזניות clean @ clea,Unknown,,אוזניות TWS,,0.00,,false,1,99.00,0.00,false,1,21669
7290110473938,false,שמשייה צהובה,Unknown,,שמשייה צהובה,,0.00,,false,1,29.90,0.00,false,1,22769
7290110474041,false,רפידו מתאם לקיר + כב,Unknown,,רפידו + כבל טעינה,,0.00,,false,1,79.90,0.00,false,1,21882
7290110474256,false,כבל aux iron man,Unknown,,כבל aux iron man,,0.00,,false,1,49.90,0.00,false,1,21883
7290110474409,false,סוללת חי להתנעת רכב,Unknown,,סוללת חי להתנעת רכב,,0.00,,false,1,179.00,0.00,false,1,22514
7290110474416,false,ערכת בישול פרימיום מותג CRUZO עם בלון,ארטוס,,ערכת בישול לשטחCRUZO,,0.00,,false,1,199.00,0.00,false,1,22770
7290110474423,false,אוזניות מאושרות אפל,Unknown,,אוזניות מאושרות אפל,,0.00,,false,1,99.90,0.00,false,1,22407
7290110474430,false,מתאם לאוזניות מ אפל,Unknown,,מתאם לאוזניות מ אפל,,0.00,,false,1,79.00,0.00,false,1,22408
7290110474447,false,אוהל ל- 6 אנשים נפתח ברגע,Unknown,,אוהל לשישה אנשים,,0.00,,false,1,249.00,0.00,false,1,28353
7290110474478,false,כסא קמפינג LIGHTWEIGHT,Unknown,,כסא קמפ LIGHTWEIGHT,,0.00,,false,1,99.00,0.00,false,1,22771
7290110474492,false,שולחן קמפינג מתקפל,Unknown,,שולחן קמפינג מתקפל,,0.00,,false,1,119.00,0.00,false,1,22619
7290110474508,false,אוהל עמידה,Unknown,,אוהל עמידה,,0.00,,false,1,349.00,0.00,false,1,22772
7290110474515,false,עששית לד 3 וואט,Unknown,,עששית לד 3 וואט,,0.00,,false,1,29.00,0.00,false,1,22773
7290110474560,false,אוזניות מיקרופון NEW,Unknown,,אוזניות מיקרופון NAS,,0.00,,false,1,49.00,0.00,false,1,22929
7290110474577,false,אוזניות מיקרופון DOU,Unknown,,אוזניות מיקרופוןDOL,,0.00,,false,1,79.00,0.00,false,1,22930
7290110474690,false,כבל USB C לחיבור LI,Unknown,,כבל USB C LIGHTNING,,0.00,,false,1,59.90,0.00,false,1,22932
7290110474706,false,מעמד מגנטי למזגן P.V,Unknown,,מעמד מגנטי למזגן P.V,,0.00,,false,1,49.00,0.00,false,1,22933
7290110474713,false,מחזיק סלולר למזגן,Unknown,,מעמד למזגן OPEN W.V,,0.00,,false,1,49.00,0.00,false,1,22934
7290110474805,false,מזרן פלמינגו ורוד,Unknown,,מזרן פלמינגו ורוד,,0.00,,false,1,99.00,0.00,false,1,23076
7290110474812,false,מזרן אננס,Unknown,,מזרן אננס,,0.00,,false,1,69.90,0.00,false,1,23077
7290110474829,false,אבוב מתנפח,Unknown,,אבוב מתנפח,,0.00,,false,1,49.90,0.00,false,1,23078
7290110474836,false,מזרן חד קרן,Unknown,,מזרן חד קרן,,0.00,,false,1,99.90,0.00,false,1,23079
7290110474928,false,סוללת גיבוי 10000MAH,Unknown,,סוללת גיבוי 10000M,,0.00,,false,1,79.00,0.00,false,1,23490
7290110474935,false,מכונת אספרסו נטענת USB ל,Unknown,,מ.אספרסו ניידת לטיול,,0.00,,false,1,199.00,0.00,false,1,23298
7290110474942,false,שולחן פיקניק לילדים יח',Unknown,,שולחן פיקניק לילדים,,0.00,,false,1,199.00,0.00,false,1,28587
7290110474973,false,טאבון נייד למנגל/גריל גז,Unknown,,טאבון פיצה,,0.00,,false,1,199.00,0.00,false,1,28588
7290110475031,false,מצלמת רכב ת.כיוונית,Unknown,,מצלמת רכב ת.כיוונית,,1.00,יחידה,false,1,199.00,199.00,false,1,27552
7290110475062,false,מנגל ברזילאי,Unknown,,מנגל ברזילאי,,0.00,,false,1,399.00,0.00,false,1,24631
7290110475086,false,כבל טעינה 3 מטר USB,Unknown,,כבל טעינה 3 מטר USB,,0.00,,false,1,29.00,0.00,false,1,23739
7290110475093,false,כ.טעינה 3 מטר TYPE C,Unknown,,כ.טעינה 3 מטר TYPE C,,0.00,,false,1,29.00,0.00,false,1,23740
7290110475116,false,מטען קיר SPEEDY,Unknown,,מטען קיר SPEEDY,,0.00,,false,1,79.00,0.00,false,1,23972
7290110475178,false,זרוע איפרה טעינה אלח,Unknown,,זרוע איפרה טעינה אלח,,0.00,,false,1,99.00,0.00,false,1,23974
7290110475406,false,שק שינה זוגי,Unknown,,שק שינה זוגי,,0.00,,false,1,99.00,0.00,true,1,24335
7290110475413,false,אוזניות מיקרופון עם חיבור טייפ סי,Unknown,,אוזניות C SOUND,,0.00,,false,1,79.00,0.00,false,1,24654
7290110475437,false,אוזניות מיקרופון,Unknown,,אוזניות מיקרופון,,0.00,,false,1,59.00,0.00,false,1,25414
7290110475444,false,כסא ים ושולחן צד,Unknown,,כסא ים ושולחן צד,,0.00,,false,1,129.00,0.00,true,1,24336
7290110475451,false,אוהל פתיחה ל-6 אנשים,Unknown,,אוהל פתיחה ל-6 אנשים,,0.00,,false,1,499.00,0.00,true,1,24337
7290110475468,false,אוהל ל-8 אנשים,Unknown,,אוהל ל-8 אנשים,,0.00,,false,1,699.00,0.00,false,1,24338
7290110475482,false,סט כלים לגריל פרמיום,Unknown,,סט כלים לגריל פרמיום,,0.00,,false,1,39.00,0.00,false,1,29584
7290110475529,false,"בוסטר התנעה לרכבים פרטיים ומסחריים 13,000M",Unknown,,בוסטר התנעה לרכבים,,1.00,יחידה,false,1,249.00,249.00,false,1,25264
7290110475567,false,מזרון שטח מתקפל,Unknown,,מזרון שטח מתקפל,,0.00,,false,1,149.00,0.00,false,1,24635
7290110475659,false,מחצלת 4X4,Unknown,,מחצלת 4X4,,0.00,,false,1,129.00,0.00,false,1,26846
7290110475673,false,שלישיית מסכות KN95,Unknown,,שלישיית מסכות KN95,,3.00,יחידה,false,1,15.00,5.00,true,1,24435
7290110475680,false,מארז מסכות כרורגיות,Unknown,,מארז מסכות כרורגיות,,50.00,יחידה,false,1,19.90,0.40,false,1,24449
7290110475772,false,אוזניות TWS SHARP TONE,Unknown,,אוזניות TWS PRO,,0.00,,false,1,99.00,0.00,true,1,24491
7290110475826,false,צידנית ל6 בירות,Unknown,,צידנית ל6 בירות,,0.00,,false,1,10.00,0.00,false,1,24639
7290110475901,false,פרוזקטור לד נטען20W,Unknown,,פרוזקטור לד נטען20W,,0.00,,false,1,99.00,0.00,false,1,25516
7290110475932,false,מעמד מגנטי למזגן,Unknown,,מעמד מגנטי למזגן,,1.00,יחידה,false,1,39.90,39.90,false,1,25266
7290110475953,false,תרמוס 1400 ml ארטוס,Unknown,,תרמוס 1400 ml ארטוס,,0.00,,false,1,99.00,0.00,false,1,28262
7290110475956,false,צידנית טרולי 45 ל,Unknown,,צידנית טרולי 45 ל,,0.00,,false,1,79.00,0.00,false,1,26397
7290110475963,false,"תרמוס עם כוס 1400 מ""ל",Unknown,,תרמוס 1400 ml ארטוס,,0.00,,false,1,99.00,0.00,false,1,25517
7290110476014,false,זרוע לרכב לדשבורד EL,Unknown,,מעמד מגנטי לרכב,,1.00,יחידה,false,1,39.90,39.90,false,1,25268
7290110476038,false,שלישיית עצי ריח,Unknown,,שלישיית עצי ריח,,1.00,יחידה,false,1,10.00,10.00,false,1,25269
7290110476045,false,שלישיית עצי ריח,Unknown,,שלישיית עצי ריח,,1.00,יחידה,false,1,10.00,10.00,false,1,25270
7290110476052,false,שלישיית עצי ריח,Unknown,,שלישיית עצי ריח,,1.00,יחידה,false,1,10.00,10.00,false,1,25271
7290110476069,false,שלישיית עצי ריח,Unknown,,שלישיית עצי ריח,,1.00,יחידה,false,1,10.00,10.00,false,1,25272
7290110476076,false,שלישיית עצי ריח,Unknown,,שלישיית עצי ריח,,1.00,יחידה,false,1,10.00,10.00,false,1,25273
7290110476083,false,שלישיית עצי ריח,Unknown,,שלישיית עצי ריח,,1.00,יחידה,false,1,10.00,10.00,false,1,25274
7290110476090,false,כסא ים GROUND CHAIR,Unknown,,כסא ים GROUND CHAIR,,0.00,,false,1,129.00,0.00,false,1,25165
7290110476151,false,מדליק פחמים מהיר,Unknown,,מדליק פחמים מהיר,,0.00,,false,1,49.00,0.00,false,1,26399
7290110476205,false,קומבו צידניות,Unknown,,קומבו צידניות,,0.00,,false,1,199.00,0.00,false,1,27173
7290110476229,false,צידנית קשיחה 50 ל',Unknown,,צידנית קשיחה 50 ל,,0.00,,false,1,299.00,0.00,false,1,26400
7290110476267,false,מטען קיר מאושר אפל 2,Unknown,,מטען קיר 20 וואט,,0.00,,false,1,119.00,0.00,false,1,26401
7290110476281,false,מ.קמפינג מתקפלת,Unknown,,מ.קמפינג מתקפלת,,0.00,,false,1,149.00,0.00,false,1,26403
7290110476298,false,עגלת שטח צבאית,Unknown,,עגלת שטח צבאית,,0.00,,false,1,349.00,0.00,false,1,26522
7290110476373,false,עגלת שטח פרימיום,Unknown,,עגלת שטח פרימיום,,0.00,,false,1,349.00,0.00,false,1,26406
7290110476380,false,ג. 8 מטר חיבור usb,Unknown,,ג. 8 מטר חיבור usb,,0.00,,false,1,149.00,0.00,false,1,26407
7290110476496,false,גרנילדה 8 מטרים עם פ,Unknown,,גרילנדה 8 מטרים,,0.00,,false,1,199.90,0.00,false,1,29628
7290110476526,false,קומקום לשטח camp&go,Unknown,,קומקום לשטח camp&go,,0.00,,false,1,99.00,0.00,false,1,28154
7290110476557,false,תיק עם שלוקר 3 ל,Unknown,,תיק עם שלוקר 3 ל,,0.00,,false,1,79.00,0.00,false,1,26408
7290110476571,false,מטען רכב QC3.0 +PD,Unknown,,מטען רכב QC3.0 +PD,,0.00,,false,1,49.90,0.00,false,1,28071
7290110476588,false,כבל METAL CHARGE אייפון,Unknown,,כבל CHARGE אייפון,,0.00,,false,1,29.00,0.00,false,1,26785
7290110476595,false,כבל METAL CHARGE מיק,Unknown,,כבל מיקרו usb,,0.00,,false,1,29.00,0.00,false,1,26786
7290110476601,false,כבל מטאל טייפ סי,Unknown,,כבל טייפ סי,,0.00,,false,1,29.00,0.00,false,1,26794
7290110476618,false,כבל METAL CHARGE טיי,Unknown,,כבל M.C סי טו סי,,0.00,,false,1,29.00,0.00,false,1,26787
7290110476625,false,כבל IN CHARGE אייפון,Unknown,,כבל IN CHARGE אייפון,,0.00,,false,1,29.90,0.00,false,1,28072
7290110476632,false,כבל IN CHARGE מיקרו USB,Unknown,,כבל IN CHARGE מיקרו,,0.00,,false,1,29.90,0.00,false,1,28073
7290110476649,false,כבל IN CHARGE טייפ ס,Unknown,,כבל IN CHARGE טיפ סי,,0.00,,false,1,29.90,0.00,false,1,28074
7290110476656,false,כבל טעינה טייפ סי לטייפ סי,Unknown,,כבל IN CHARGE טיפ סי,,0.00,,false,1,29.90,0.00,false,1,28075
7290110476687,false,ר.לאפל ווטש ב.מטאלי,Unknown,,ר.לאפל ווטש ב.מטאלי,,0.00,,false,1,99.00,0.00,false,1,28076
7290110476694,false,ר.לאפל ווטש מ.נילון,Unknown,,ר.לאפל ווטש מ.נילון,,0.00,,false,1,99.00,0.00,false,1,28077
7290110476700,false,ר.לאפל ווטש ב. מטאלי,Unknown,,ר.לאפל ווטש ב. מטאלי,,0.00,,false,1,99.00,0.00,false,1,28078
7290110476717,false,רצועה לאפל ווטש,Unknown,,רצועה לאפל ווטש,,0.00,,false,1,99.00,0.00,false,1,28079
7290110476731,false,כיסוי קשיח לאירפודס,Unknown,,כיסוי קשיח לאירפודס,,0.00,,false,1,49.00,0.00,false,1,28081
7290110476816,false,פנס נטען ארטוס,Unknown,,פנס נטען ארטוס,,0.00,,false,1,99.00,0.00,false,1,27067
7290110476847,false,ציליית לייקרה משפחתי,Unknown,,צילייה משפחתית,,0.00,,false,1,299.00,0.00,false,1,27422
7290110476878,false,גריל מעשנה 13 אינץ,Unknown,,גריל מעשנה 13 אינץ,,0.00,,false,1,699.00,0.00,false,1,27235
7290110477004,false,"שולחן פיקניק מאלומיניום 27*40*60 ס""מ",Unknown,,ש.פיקניק אלומיניום,,0.00,,false,1,69.00,0.00,false,1,27370
7290110477028,false,א.קשת אלחוטיות ירוק,Unknown,,א.קשת אלחוטיות ירוק,,0.00,,false,1,49.00,0.00,false,1,29349
7290110477080,false,קומפרסור נטען AIR ST,Unknown,,קומפרסור נטען,,1.00,יחידה,false,1,99.00,99.00,false,1,27553
7290110477097,false,אוזניות קשת אלחוטיות,Unknown,,אוזניות קשת אלחוטיות,,0.00,,false,1,49.00,0.00,false,1,29350
7290110477110,false,זרוע טלסקופית לרכב,Unknown,,זרוע טלסקופית לרכב,,0.00,,false,1,49.00,0.00,false,1,27554
7290110477127,false,מ.למזגן טעינה אלחוטי,Unknown,,מ.למזגן טעינה אלחוטי,,0.00,,false,1,99.00,0.00,false,1,27555
7290110477134,false,מטען רכב משפחתי,Unknown,,מטען רכב משפחתי,,0.00,,false,1,99.00,0.00,false,1,27556
7290110477158,false,פנס פרוזקטור נטען,Unknown,,פנס פרוזקטור נטען,,0.00,,false,1,99.00,0.00,false,1,27558
7290110477189,false,תאורת נטענת לקמפינג,Unknown,,תאורת נטענת לקמפינג,,0.00,,false,1,49.00,0.00,false,1,28359
7290110477219,false,אוזניות TWS ARTOS,Unknown,,אוזניות TWS ARTOS,,0.00,,false,1,99.00,0.00,false,1,28155
7290110477240,false,אוזניות חוטיות מדונה,Unknown,,אוזניות חוטיות מדונה,,0.00,,false,1,49.90,0.00,false,1,28082
7290110477295,false,שולחן אלומיניום מתקפל 70*70 COMPACT TABLE,Unknown,,ש.אלומיניום מתקפל,,0.00,,false,1,199.00,0.00,false,1,28360
7290110477301,false,שולחן אלומניום מתקפל,Unknown,,שולחן אלומניום מתקפל,,0.00,,false,1,349.00,0.00,false,1,28361
7290110477318,false,שולחן קמפינג מתקפל,Unknown,,שולחן קמפינג מתקפל,,0.00,,false,1,99.00,0.00,false,1,28362
7290110477325,false,ארון שירות לקמפינג,Unknown,,ארון שירות לקמפינג,,0.00,,false,1,299.00,0.00,false,1,28363
7290110477332,false,אוזניות בלוטוס HEAD,Unknown,,אוזניות בלוטוס HEAD,,0.00,,false,1,199.00,0.00,false,1,28083
7290110477349,false,אוזניות אלחוטיות,Unknown,,אוזניות אלחוטיות,,0.00,,false,1,199.00,0.00,false,1,28084
7290110477356,false,אוהל תעלה,Unknown,,אוהל תעלה,,0.00,,false,1,599.00,0.00,false,1,28364
7290110477455,false,מטען רכב PD,Unknown,,מטען רכב PD,,0.00,,false,1,39.90,0.00,false,1,28085
7290110477486,false,צידנית חשמלית לרכב 8 ליטר,Unknown,,צידנית חשמלית לרכב,,0.00,,false,1,299.00,0.00,false,1,28916
7290110477493,false,ציידנית ט.חשמלית 50ל,Unknown,,ציידנית ט.חשמלית 50ל,,0.00,,false,1,799.00,0.00,false,1,29093
7290110477578,false,מיכל מים 2 גלון,Unknown,,מיכל מים 2 גלון,,0.00,,false,1,199.00,0.00,false,1,28368
7290110477585,false,סוללת גיבוי מגנטית,Unknown,,סוללת גיבוי מגנטית,,0.00,,false,1,99.00,0.00,false,1,28157
7290110477592,false,ערכת הישרדות,Unknown,,ערכת הישרדות,,0.00,,false,1,149.00,0.00,false,1,28624
7290110477608,false,ע.קפה וגזיה אלפינית,Unknown,,ע.קפה וגזיה אלפינית,,0.00,,false,1,99.00,0.00,false,1,28369
7290110477615,false,שישה שאקלים,Unknown,,שישה שאקלים,,0.00,,false,1,29.00,0.00,false,1,28370
7290110477622,false,אקדח עיסוי נטען,Unknown,,אקדח עיסוי נטען,,0.00,,false,1,99.00,0.00,false,1,28625
7290110477639,false,מתאם AUDIO TYPE C,Unknown,,מתאם AUDIO TYPE C,,0.00,,false,1,59.00,0.00,false,1,29352
7290110477653,false,אוזניות TWS אלומינ,Unknown,,אוזניות TWS אלומינ,,0.00,,false,1,129.00,0.00,false,1,28918
7290110477660,false,עצי ריח מעוצבים,Unknown,,עצי ריח מעוצבים,,0.00,,false,1,5.90,0.00,false,1,29353
7290110477677,false,כבל 2 מטר,Unknown,,כבל 2 מטר,,0.00,,false,1,29.90,0.00,false,1,29354
7290110477721,false,מטען אלחוטי 3 ב1,Unknown,,מטען אלחוטי 3 ב1,,0.00,,false,1,99.00,0.00,false,1,29355
7290110477837,false,אוזניות TWS שקופות,Unknown,,אוזניות TWS שקופות,,0.00,,false,1,99.00,0.00,false,1,29686
7290110477851,false,זרוע מגנטית לדשבורד,Unknown,,זרוע מגנטית לדשבורד,,0.00,,false,1,39.90,0.00,false,1,29688
7290110477875,false,זרוע מגנטית למגנט,Unknown,,זרוע מגנטית למגנט,,0.00,,false,1,39.90,0.00,false,1,29689
7290110550202,false,מטבעות שוקולד חלב לאפיה 400 גרם עלית,"פוליבה בע""\מ",,מטבעות שוקולד חלב,,400.00,100 גרם,false,1,34.90,8.72,false,1,28919
7290110550219,false,מטבעות שוקולד לבן לאפיה 400 גרם עלית,"פוליבה בע""\מ",,מטבעות שוקולד לבן,,400.00,100 גרם,false,1,34.90,8.72,false,1,28920
7290110550226,false,מטבעות שוקולד מריר לאפיה 400 גרם עלית,"פוליבה בע""\מ",,מטבעות שוקולד מריר,,400.00,100 גרם,false,1,34.90,8.72,false,1,28921
7290110550363,false,"פריכיות משולשות תירס, אורז שיבולת שועל, קינואה",אנרג'י Energy - שטראוס,,פריכיות ק.מלח 65ג,,65.00,100 גרם,false,1,11.90,18.31,true,1,29448
7290110550370,false,פריכיות משולשות קינואה ופלפל שחור 65 גרם,שטראוס גרופ,,משולשות קינואה,,65.00,100 גרם,false,1,11.90,18.31,false,1,29356
7290110550394,false,PERFECT BITE קרם אגוזים ושברי אגוזים,"שטראוס גרופ בע""\מ",,עלית אגוזים ש.אגוזי,,234.00,100 גרם,false,1,21.90,9.36,true,1,27560
7290110550400,false,שוקולד פרה בלונדבוטנ,Unknown,,בלונדי בוטנים מלוחים,,100.00,100 גרם,false,1,10.00,10.00,true,1,27941
7290110550417,false,שוקולד בלונדי שומשום,Unknown,,בלונדי שומשום קרמל,,100.00,100 גרם,false,1,10.00,10.00,true,1,27942
7290110550646,false,עוגיות עלית שוקוציפס,Unknown,,THINS ע.שוקוציפס,,136.00,100 גרם,false,1,12.00,8.82,true,1,27943
7290110550691,false,שוקולד פרה במילוי פטל 50 גרם,מיוצר עי קונדיטוריית,,ח.פרה ממולדה פטל,,50.00,100 גרם,false,1,6.60,13.20,true,1,27561
7290110550707,false,שוקולד פרה במילוי אננס 50 גרם,מיוצר עי קונדיטוריית,,ח.פרה ממולדה אננס,,50.00,100 גרם,false,1,6.90,13.80,true,1,27562
7290110550820,false,ספלנדיד חלב ח.השנהב,STRAUSS-ISRAEL,,ספלנדיד חלב ח.השנהב,,100.00,100 גרם,false,1,12.90,12.90,true,1,28439
7290110551117,false,שוקולד פרה לבן עם סו,STRAUSS-ISRAEL,,ש.פרה לבן ס.קופצות,,90.00,100 גרם,false,1,9.00,10.00,true,1,28159
7290110551612,false,ספלנדיד צאנקס חלב 36% אגוזים ושקדים,"שטראוס גרופ בע""\מ",,ספלנדיד ש.חלב אגוז,,95.00,100 גרם,false,1,13.90,14.63,true,1,27757
7290110551629,false,ספלנדיד צאנקס מריר 62% אגוזים ושקדים,"שטראוס גרופ בע""\מ",,ספלנדיד ש.מריר אגוז,,95.00,100 גרם,false,1,13.90,14.63,true,1,27758
7290110551773,false,איחולים מתוקים 137ג,Unknown,,איחולים מתוקים 137ג,,137.00,100 גרם,false,1,26.90,19.64,true,1,28440
7290110551988,false,טעמי לבן 40 גרם,Unknown,,טעמי לבן 40 גרם,,40.00,100 גרם,false,1,6.90,17.25,true,1,28922
7290110552237,false,יוגורט פרו בטעם אפרסק מנגו ללא סוכר 200 ג' דנונה,"שטראוס בריאות בע""\מ",,דנונה פרו אפרסק מנגו,,200.00,100 גרם,false,1,6.90,3.45,false,1,27945
7290110552398,false,יוגורט דנונה בפיסטוק,STRAUSS-ISRAEL,,דנונה WOW פיסטוק,,150.00,100 גרם,false,1,6.00,4.00,false,1,28836
7290110552411,false,"משקה קפה קר קרמל יטבתה 230 מ""ל",אנסטל מילק kg,,יטבתה אייס קפה קרמל,,230.00,100 גרם,false,1,10.00,4.35,false,1,28837
7290110552817,false,צנצנת מסטיק - גלידה לימון 58 גרם וועסטהיים,אסקום קונפקשיין,,מסטיק ג.לימון 58 גר,,58.00,100 גרם,false,1,12.00,20.69,true,1,29446
7290110553029,false,"אנרג'י קריספס-פריכיות חומוס, עדשים ואפונה עם קייל וסלק","פרח תעשיו מזון בע""מ",,פריכיות חלבון 60 ג,,60.00,100 גרם,false,1,11.90,19.83,false,1,28193
7290110553036,false,קריספס-פריכיות עם אפונה ובטטה סגולה בטעם בצל מקורמל,"פרח תעשיו מזון בע""מ",,פריכת בטטה אפונה 60ג,,60.00,100 גרם,false,1,11.90,19.83,false,1,28194
7290110553098,false,מאגדת חטיפים אנרג'י מיקס צימוקים אגוזים 100X4 גרם,אנרג'י Energy - שטראוס,,אנרגי צימוק ש. חלב,,100.00,100 גרם,false,1,19.90,19.90,false,1,29357
7290110553173,false,אנרגי פריכיות אורז בטעם קרמל 50 גרם,סאנורייס בלגיום,,פריכיות קרמל,,40.00,100 גרם,false,1,8.90,22.25,false,1,29358
7290110553180,false,אנרגי פריכיות אורז בטעם תפוח קינמון 50 ג,סאנורייס בלגיום,,פריכיות תפוח קינמון,,40.00,100 גרם,false,1,8.90,22.25,false,1,29359
7290110553210,false,בוטנים הוט באפלו ווינגס סבבה עלית 50 גר,STRAUSS-ISRAEL,,סבבה בוטנים הוט 50ג,,50.00,100 גרם,false,1,3.00,6.00,true,1,29360
7290110553401,false,בינז אייס קופי לאטה,מונסטרלנד לולף,,.7יס לאטה וניל Beanz,,250.00,"100 מ""ל",false,1,7.60,2.92,true,1,29171
7290110553449,false,מילקי סנאק 6יחידות 123 ג,בווארד טור ד'\אלבון,,מילקי סנאק 6 יח,,123.00,100 גרם,false,1,13.90,11.30,false,1,28195
7290110553494,false,דוריטוס DIPPAS תירס כחול 185 גר* 12,STRAUSS-ISRAEL,,דוריטוס תירס כחול,,185.00,100 גרם,false,1,12.70,6.86,true,1,28443
7290110553623,false,צ'יטוס קראנצ'י בטעם צ'דר חלפיניו - חלבי,"שטראוס פריטו ליי בע""\מ )",,ציטוס צ.חלפיניו 80ג,,80.00,100 גרם,false,1,6.60,8.25,true,1,29117
7290110553876,false,סלט גזר דליקטס 250 ג,שטראוס,,סלט גזר דליקטס,,250.00,100 גרם,false,1,13.00,5.20,false,1,28444
7290110553883,false,מארז 4יח וופל טורטית,Unknown,,רביעיית טורטית לבנה,,160.00,100 גרם,false,1,19.90,12.44,true,1,28160
7290110553906,false,סלט פלפלים דליקטס 25,שטראוס,,סלט פלפלים דליקטס,,250.00,100 גרם,false,1,13.90,5.56,false,1,28196
7290110553913,false,סלט סלק דליקטס 250 ג,שטראוס,,סלט סלק דליקטס,,250.00,100 גרם,false,1,13.90,5.56,false,1,28197
7290110554118,false,נודלס מלזי חריף עם טופו וירקות ברוטב קארי ירוק,"טרופיקל דגיל בע""מ אז",,נודלס מלזי חריף,,350.00,100 גרם,false,1,27.90,7.97,false,1,27948
7290110554453,false,בינז אייס קופי לאטה,מונסטרלנד לולף,,אייס לאטה מוקה Beanz,,250.00,"100 מ""ל",false,1,7.60,2.92,true,1,29172
7290110554477,false,קפסולת אספרסו לאפוגטו טעם מייפל פקאן 50 ג' עלית,שטראוס קפה בי.וי.,,ק.א.לאפוגטו מייפל פק,,0.00,,false,1,16.50,0.00,false,1,29118
7290110554545,false,קפסולת אספרסו לאפוגטו טעם קוקוס 50 ג' עלית,שטראוס קפה בי.וי.,,ק.א.לאפוגטו עם קוקוס,,0.00,,false,1,16.50,0.00,false,1,29119
7290110554583,false,מארז חטיפי צ'יטוס פאפס בטעם גבינה - 10 יחידות,"שטראוס פריטו ליי בע""\מ )",,מארז ציטוס פאפ גבינה,,200.00,100 גרם,false,1,17.90,8.95,true,1,27949
7290110554729,false,קפסולות עלית אספרסו 04 תואמות למכונות NESPRESSO,שטראוס קפה בי.וי.,,קפסולה 04 NESPRESSO,,10.00,יחידה,false,1,16.50,1.65,true,1,28923
7290110554828,false,"פסק זמן קלאסי כשל""פ43*3ג","שטראוס גרופ בע""\מ",,שלישיית פסק זמן כשלפ,,129.00,100 גרם,false,1,19.90,15.43,true,1,28445
7290110555078,false,לאבנה עם שמן זית ועשבי תיבול שטראוס 250 גרם,"מחלבות בר בכפר בע""\מ",,לאבנה עם שמן זית,,250.00,100 גרם,false,1,12.90,5.16,false,1,28838
7290110555306,false,רבע לשבע טבעוני סינמון באן עלית 125 גרם,"הגביע מוצרי וופלים בע""\מ",,ר.לשבע סינמון באן ט,,125.00,100 גרם,false,1,14.50,11.60,true,1,29691
7290110555337,false,נמס ICE קלאסי 250 מל,מונסטרלנד לולף,,נמס ICE קלאסי 250 מל,,250.00,"100 מ""ל",false,1,9.90,3.96,true,1,29566
7290110555344,false,"ICE נמס וניל 250 מ""ל",שטראוס גרופ,,נמס ICE וניל 250 מל,,250.00,"100 מ""ל",false,1,9.90,3.96,true,1,29567
7290110555368,false,רבע לשבע טבעוני מרשמלו עלית 125 גרם,"הגביע מוצרי וופלים בע""\מ",,רבע לשבע ט.מרשמלו,,125.00,100 גרם,false,1,14.50,11.60,true,1,29692
7290110556242,false,"שוקולד מריר פרווה 100 גר' בד""ץ תוצרת חוץ","שטראוס גרופ בע""מ.",,ש.פרה מריר 100ג חדש,,100.00,100 גרם,false,1,9.00,9.00,true,1,29471
7290110557003,false,נשנוש חומוס פלפלים ק,"שטראוס גרופ בע""מ",,אחלה חומוס פלפלים,,120.00,100 גרם,false,1,10.90,9.08,false,1,27950
7290110557133,false,מעדן הגולן וניל 125 ג' שטראוס,מיוצר עי קונדיטוריית,,מעדן הגולן וניל,,125.00,100 גרם,false,1,3.20,2.56,false,1,27564
7290110557164,false,טעמי בלונדי שקדים 40 גרם,שטראוס גרופ,,טעמי בלונדי שקדים,,42.00,100 גרם,false,1,6.90,16.43,true,1,27761
7290110557171,false,טעמי בלונדי בייגלה 40 גרם,שטראוס גרופ,,טעמי בלונדי בייגלה,,42.00,100 גרם,false,1,6.90,16.43,true,1,27762
7290110557393,false,מילקי שלוק אייס קפה276גר,"שטראוס גרופ בע""\מ",,מארז מילקי אייס קפה,,276.00,100 גרם,false,1,9.90,3.59,false,1,29361
7290110557560,false,עוגת בראוניס עם קראמ,STRAUSS-ISRAEL,,עוגת בראוני קראמבל,,380.00,100 גרם,false,1,18.90,4.97,true,1,28544
7290110557645,false,מאגדת חטיפים אנרג'י מיקס צימוקים חמוציות 100X4 גרם,קונסרב איטליה,,אנרגי צימוק וש.לבן,,100.00,100 גרם,false,1,19.90,19.90,false,1,29363
7290110558208,false,יוגורט דנונה קראנצ ב,STRAUSS-ISRAEL,,דנונה קראנצ בלונדי,,173.00,100 גרם,false,1,6.50,3.76,false,1,29364
7290110558215,false,דנונה קראנצ' פיסטוק 173ג,"שטראוס בריאות בע""\מ",,דנונה קראנצ פיסטוק,,173.00,100 גרם,false,1,6.50,3.76,false,1,29693
7290110558284,false,דנונה ביו מולטי שטראוס 200 גרם,"שטראוס בריאות בע""\מ",,דנונה ביו מולטי,,200.00,100 גרם,false,1,4.50,2.25,false,1,29365
7290110558307,false,יוגורט דנונה PRO עם שיבולת שועל במתיקות מעודנת,"שטראוס בריאות בע""\מ",,דנונה פרו ש.שועל,,200.00,100 גרם,false,1,7.50,3.75,false,1,29120
7290110558314,false,דנונה פרו 20 גרם חלבון ללא סוכר פיסטוק 200 גרם,"שטראוס בריאות בע""\מ",,דנונה פרו פיסטוק,,200.00,100 גרם,false,1,6.90,3.45,false,1,29366
7290110558338,false,דנונה פרו 25 ג' חלבון 200 ג' שטראוס,"שטראוס בריאות בע""\מ",,פרו 25 גר חלבון,,200.00,100 גרם,false,1,6.90,3.45,false,1,29121
7290110559038,false,מילקשייק שוקו+סירופ300מ,מחלבת יטבתה,,מילקשייק שוקו+סירופ,,300.00,"100 מ""ל",false,1,8.90,2.97,false,1,29298
7290110559045,false,מילקשייק וניל+סירופ300מ,מחלבת יטבתה,,מילקשייק וניל+סירופ,,300.00,"100 מ""ל",false,1,8.90,2.97,false,1,29297
7290110559748,false,ריל מאגדת שקדים קוקוס ושוקולד מריר שטראוס 105 גרם,"ואמואליס פודס אס.איי,",,שקדים קוקוס ושוקולד,,105.00,100 גרם,false,1,18.90,18.00,false,1,29367
7290110559755,false,ריל מאגדת בוטנים פיסטוק וחמוציות שטראוס 105 גרם,"ואמואליס פודס אס.איי,",,בוטנים פיסטוק וחמוצי,,105.00,100 גרם,false,1,18.90,18.00,false,1,29368
7290110559762,false,ריל מאגדת אגוזים תמרים קוקוס שטראוס 105 גרם,"ואמואליס פודס אס.איי,",,ריל מאגדת קוקוס,,105.00,100 גרם,false,1,18.90,18.00,false,1,29369
7290110560300,false,"הפריכיות הטעימות חומוס, עדשים שחורות, קינואה ופלפל שחור",אנרג'י Energy - שטראוס,,משולשות פלפל שחור,,30.00,100 גרם,false,1,7.00,23.33,true,1,22443
7290110560317,false,"הפריכיות הטעימות חומוס, עדשים שחורות, קינואה ומלח ים","פרח תעשיו מזון בע""מ",,משולשות מלח ים,,30.00,100 גרם,false,1,7.00,23.33,true,1,22444
7290110560324,false,"הפריכיות הטעימות תפו""א, אורז, אפונה ומלח ים","פרח תעשיו מזון בע""מ",,משולשות אפונה ירוקה,,30.00,100 גרם,false,1,7.00,23.33,true,1,23034
7290110560836,false,מילקי בטעם פסק זמן 133 ג,מיוצר עי קונדיטוריית,,מילקי פסק זמן,,170.00,"100 מ""ל",false,1,3.90,2.29,true,1,21232
7290110561352,false,דנונה יוגורט ביו פרוביוטי 3% דל לקטוז 150ג',"שטראוס בריאות בע""\מ",,דנונה דל לקטוז,,200.00,100 גרם,false,1,4.50,2.25,false,1,27565
7290110561918,false,תפוצ'יפס אפוי יוגורט ושום שמיר 45 גרם,פריטו ליי טורקיה,,תפוציפס אפוי יוגורט,,50.00,100 גרם,false,1,5.90,11.80,true,1,22965
7290110563431,false,"משקה קפה קר בסגנון קלאסי 230 מ""ל 1.6% יוטבתה",האי נאם סי או אל.טי.,,אייס קפה יטבתה קלאסי,,230.00,"100 מ""ל",false,1,10.00,4.35,true,1,22621
7290110563448,false,"משקה קפה קר בסגנון מעודן 230 מ""ל 1.6% יוטבתה",האי נאם סי או אל.טי.,,אייס קפה יטבתה מעודן,,230.00,"100 מ""ל",false,1,10.00,4.35,true,1,22622
7290110563455,false,חלב דל לקטוז 3% שומן 1 ל' יטבתה,מחלבת יטבתה,,חלב דל לקטוז 3%,,1.00,1 ליטר,false,1,8.50,8.50,false,1,28839
7290110563462,false,חלב 2% דל לקטוז בבקבוק יטבתה 1 ליטר.,מחלבת יטבתה,,יטבתה חלב נטול,,1.00,1 ליטר,false,1,9.00,9.00,true,1,26098
7290110563851,false,אנרגי חטיפי דגנים אגוזים ושוקולד חלב מא6,"שטראוס גרופ בע""\מ",,מאגדת תחתית חלב,,144.00,100 גרם,false,1,16.00,11.11,true,1,21672
7290110563868,false,אנרגי חטיפי דגנים אגוזים ושוקולד מריר מ6,"שטראוס גרופ בע""\מ",,אנרגי מאג תחתית מריר,,144.00,100 גרם,false,1,16.00,11.11,true,1,21673
7290110564339,false,חומוס אחלה הסידרה המובחר 30% טחינה 400 גר',מיוצר עי קונדיטוריית,,חומוס עשיר ב30%טחינה,,400.00,100 גרם,false,1,16.00,4.00,true,1,21239
7290110564346,false,שוק.בלונדי ק.בראוניז100ג,"שטראוס גרופ בע""\מ",,בלונדי קרם בראוניז,,100.00,100 גרם,false,1,10.00,10.00,true,1,23680
7290110564353,false,בלונדי קרם אגוזי לוז100ג,"שטראוס גרופ בע""\מ",,בלונדי קרם אגוזי לוז,,100.00,100 גרם,false,1,10.00,10.00,true,1,23681
7290110564360,false,חומוס אחלה הסידרה המובחר 40% טחינה 400 גר',מיוצר עי קונדיטוריית,,חומוס עשיר ב40%טחינה,,400.00,100 גרם,false,1,16.00,4.00,true,1,21240
7290110564513,false,עוגת אגוזי עם קרם עלית חלבי,STRAUSS-ISRAEL,,עוגת אגוזי עם קרם,,380.00,100 גרם,false,1,20.50,5.39,true,1,21783
7290110564742,false,"משקה קפה קר בסגנון חזק 230 מ""ל 1.2% יוטבתה",האי נאם סי או אל.טי.,,אייס קפה יטבתה חזק,,230.00,"100 מ""ל",false,1,10.00,4.35,true,1,22623
7290110565527,false,יוגורט PRO פרו 1.5% 20 גרם חלבון בגביע,"שטראוס בריאות בע""מ",,דנונה פרו 20ג חלבון,,20.00,100 גרם,false,1,6.90,34.50,true,1,21044
7290110565664,false,עוגת בראוניז מריר+קרם380,"שטראוס גרופ בע""\מ",,בראוניז ש.מריר וקרם,,380.00,100 גרם,false,1,20.50,5.39,true,1,22046
7290110565923,false,אנרגי תחתית מריר,Unknown,,אנרגי תחתית מריר,,24.00,100 גרם,false,1,5.00,20.83,true,1,21738
7290110565930,false,אנרגי תחתית ש.חלב,Unknown,,אנרגי תחתית ש.חלב,,24.00,100 גרם,false,1,5.00,20.83,true,1,21739
7290110566418,false,גלילי וופל רבע לשבע,"הגביע מוצרי וופלים בע""\מ",,רבע לשבע מריר 60%,,120.00,100 גרם,false,1,14.50,12.08,true,1,21675
7290110566579,false,דבש לחיץ 200 גרם יד מרדכי,מכוורת יד מרדכי שטרא,,דבש לחיץ 200 גר,,200.00,100 גרם,false,1,11.90,5.95,true,1,21241
7290110566623,false,קפסולות קולומביה עלית 08 למכונת נספרסו מארז 5X10ג',שטראוס קפה בי.וי.,,קפסולות 08 קולומביה,,0.00,,false,1,16.50,0.00,false,1,29122
7290110566975,false,דנונה פרו יוגורט 0% תות עשיר בחלבון 200ג',"שטראוס בריאות בע""\מ",,דנונה פרו תות 20ג חל,,20.00,100 גרם,false,1,6.90,34.50,true,1,21496
7290110567064,false,מאסט POWER MINT מנטה ופטל 64 גרם,אסקום קונפקשיין,,מאסט בוקסי מנטה פטל,,64.00,100 גרם,false,1,12.00,18.75,true,1,22410
7290110567255,false,אנרגי בטעם טעמי,Unknown,,אנרגי בטעם טעמי,,28.00,100 גרם,false,1,5.00,17.86,true,1,21742
7290110567309,false,פסק זמן בלונדי קרם חלב45,"שטראוס גרופ בע""\מ",,פסק זמן בלונדי ק.חלב,,45.00,100 גרם,false,1,7.50,16.67,true,1,22113
7290110568276,false,משקה וניל פרו Pro מועשר בחלבון 1.5%,שטראוס גרופ,,משקה פרו וניל 350מל,,350.00,"100 מ""ל",false,1,7.50,2.14,true,1,23615
7290110568559,false,דוריטוס עלית מארז חמוץ חריף 10 יח' *25 ג',"שטראוס פריטו ליי בע""מ )פ",,דוריטוס חריף 10*25ג,,250.00,100 גרם,false,1,18.90,7.56,true,1,26099
7290110568627,false,חטיף שוקולד פסק זמן,STRAUSS-ISRAEL,,פסק זמן רול אגוזים,,28.00,100 גרם,false,1,7.50,26.79,true,1,22411
7290110568924,false,פסק זמן רול שוקולד חלב עם קרם קוקוס,STRAUSS-ISRAEL,,פסז ק.חלב וקוקוס,,26.00,100 גרם,false,1,7.50,28.85,true,1,22412
7290110570125,false,יטבתה אייס אייריש קר,Unknown,,יטבתה אייס אייריש קר,,230.00,100 גרם,false,1,10.00,4.35,false,1,29694
7290110570224,false,"משקה קפה קר בטעם עוגיות יטבתה 230 מ""ל",אנסטל מילק kg,,קפה קר עוגיות,,230.00,100 גרם,false,1,10.00,4.35,false,1,29370
7290110570521,false,חציל פיקנטי 125 גרם אחלה,"שטראוס גרופ בע""\מ",,חציל פיקנטי יום יום,,125.00,100 גרם,false,1,6.20,4.96,false,1,29371
7290110571375,false,"אנרג'י מיקס תערובת צימוקים, תמרים, טופי ושברי פקאן",אנרג'י Energy - שטראוס,,אנרגי טופי ופקאן,,100.00,100 גרם,false,1,19.90,19.90,false,1,29372
7290110571399,false,עלית - צנצנת מאסט בטעם גלידה תות,אסקום קונפקשיין,,מסטיק ג.תות 58 גרם,,58.00,100 גרם,false,1,12.00,20.69,true,1,29447
7290110571405,false,עלית - מיני פינוקיות בגביע פסק זמן 180 גרם,הגביע,,מיני פי.גביע פסק זמן,,180.00,100 גרם,false,1,14.90,8.28,true,1,29695
7290110571412,false,מיני פינוקיות - פאדג' שוקולד בגביע 180 גרם,הגביע,,מיני פי. בגביע פאדג,,180.00,100 גרם,false,1,14.90,8.28,true,1,29696
7290110571474,false,רבע לשבע טבעוני פופקורן עלית 125 גרם,"הגביע מוצרי וופלים בע""\מ",,רבע לשבע פופקורן,,150.00,100 גרם,false,1,14.50,9.67,true,1,29403
7290110572129,false,כיף כף מקלות שוקולד לבן 40 ג' עלית,סולן בעבור שטראוס,,כיף כף מ.שוקולד לבן,,40.00,100 גרם,false,1,7.00,17.50,true,1,29697
7290110577230,false,משקה חלב בטעם פיסטוק בבקבוק יטבתה 1 ליטר,שטראוס גרופ,,משקה חלב פיסטוק,,1.00,1 ליטר,false,1,12.40,12.40,false,1,29648
7290110577247,false,"יטבתה משקה חלב-פיסטוק בבקבוק 350 מ""ל",מחלבת יטבתה,,משקה חלבפיסטוק 350,,350.00,100 גרם,false,1,7.50,2.14,false,1,29698
7290110577711,false,ש.חלבון פירות יער,Unknown,,ש.חלבון פירות יער,,350.00,"100 מ""ל",false,1,8.50,2.43,true,1,29826
7290110577728,false,ש.חלבון אפרסק ומנגו,Unknown,,ש.חלבון אפרסק ומנגו,,350.00,"100 מ""ל",false,1,8.50,2.43,true,1,29827
7290110856243,false,ציל סיגריה אלקטרונית,Unknown,,chill-ענבים,,0.00,,false,1,49.90,0.00,false,1,29065
7290110856250,false,ציל סיגריה אלקטרונית,Unknown,,chill-תפוח,,0.00,,false,1,49.90,0.00,false,1,29066
7290110856267,false,ציל סיגריה אלקטרונית,Unknown,,chill-אבטיח,,0.00,,false,1,49.90,0.00,false,1,29067
7290110856298,false,ציל סיגריה אלקטרונית,Unknown,,chill-פירות יער,,0.00,,false,1,49.90,0.00,false,1,29068
7290110856373,false,ציל סיגריה אלקטרונית,Unknown,,chill-תפוח אפרסק,,0.00,,false,1,49.90,0.00,false,1,29069
7290110856380,false,ציל סיגריה אלקטרונית,Unknown,,chill-תות בננה,,0.00,,false,1,49.90,0.00,false,1,29070
7290110856502,false,ציל סיגריה אלקטרונית,Unknown,,ס.אלקטרונת תות אבטיח,,0.00,,false,1,49.90,0.00,false,1,29634
7290110856519,false,ציל סיגריה אלקטרונית,Unknown,,chill-פטל,,0.00,,false,1,49.90,0.00,false,1,29071
7290111010248,false,"שמן זית בורגתא 750מ""",Unknown,,שמן זית בורגתא,,750.00,"100 מ""ל",false,1,34.90,4.65,false,1,28715
7290111010262,false,מגבות נייר פייפר טאו,Unknown,,מגבות פרש מרקט 6,,63.48,1 מטר,false,1,11.90,0.19,false,1,29269
7290111010316,false,נייר טואלט 24 גלילים,Unknown,,נייר טואלט 24 גלילים,,860.16,1 מטר,false,1,22.90,0.03,false,1,29270
7290111010620,false,ערק כביר אסלי עם לימ,Unknown,,ערק עם לימונים,,700.00,"100 מ""ל",false,1,54.90,7.80,false,1,28716
7290111010637,false,ערק כביר אסלי עם פסי,Unknown,,ערק כביר פסיפלורה,,700.00,"100 מ""ל",false,1,54.90,7.80,false,1,28717
7290111170058,false,לד פנס פוג'יקום,Unknown,,פנס LED,,0.00,,false,1,39.90,0.00,true,1,20810
7290111170553,false,לד פנס ראש פוג'יקום,Unknown,,פנס ראש,,0.00,,false,1,49.90,0.00,false,1,28448
7290111171048,false,קומפרסור אוויר,Unknown,,קומפרסור אוויר,,0.00,,false,1,149.00,0.00,false,1,24636
7290111340178,false,מטליות לחות לניקוי כללי בניחוח מרכך כביסה 50 יח' ניקול,חוגלה קימברלי,,מטליות לחות כללי,,50.00,יחידה,false,1,12.90,0.26,true,1,23376
7290111340185,false,מטליות לחות רצפה ניחוח מרכך כביסה ניקול 10 יחידות,חוגלה קימברלי,,מטליות לחות לרצפה,,10.00,יחידה,false,1,14.50,1.45,true,1,23377
7290111341366,false,ניקול מפיות אירוח חד שכבתי 150 יחידות,"משווק ע""י קימברלי קלארק",,מפיות אירוח 1 שכבתי,,150.00,יחידה,false,1,13.50,0.09,true,1,25913
7290111341984,false,לילי - מגבוני נייר טואלט לח פיור רביעייה,קימברלי,,נייר טואלט לילי לח*4,,160.00,יחידה,false,1,25.90,0.16,true,1,24022
7290111342059,false,50 מטליות מיקרופייבר לשטחים אנטיבקטריאלי ניקול,חוגלה,,מט.לחות אנטיבקטריאלי,,50.00,יחידה,false,1,11.90,0.24,true,1,24727
7290111343117,false,"קלינקס לושן סופט פק זוגות 140 דף ""חדש""",קימברלי קלארק,,קלינקס לושן,,140.00,יחידה,false,1,16.00,0.11,true,1,26101
7290111345814,false,נייר טואלט לילי נטורל קר 30 גלילים מהדורה,לילי נייר טואלט חוגלה,,לילי נטורל קר 30,,517.00,100 מטר,false,1,42.90,8.30,false,1,27952
7290111346125,false,מארז שלישייה מגבוני דיילי קר ללא בישום *56 יח' האגיס,קימברלי,,מ.האגיס דיילי קר,,0.00,,false,1,20.90,0.00,false,1,29785
7290111346132,false,מארז שלישייה מגבוני סנסטיב קר ללא בישום *56 יח' האגיס,עלבד,,מ. האגיס סנסטיב,,0.00,,false,1,20.90,0.00,false,1,29786
7290111350719,false,חטיף נאצוס הוטפופ בסגנון מסעדות 322 גר,ליימן מותגים,,הוטפופ נאצוס 332גר,,332.00,100 גרם,false,1,18.90,5.69,true,1,26102
7290111350726,false,חטיף נאצוס הוטפופ בסגנון מקסיקני 322 גר,ליימן מותגים,,הוטפופ נאצוס מקסיקני,,332.00,100 גרם,false,1,18.90,5.69,true,1,26103
7290111350924,false,קואדרטיני אגוז+כוס250*2ג,Unknown,,לואקר+כוס טרמית,,500.00,100 גרם,false,1,29.90,5.98,true,1,28162
7290111351280,false,תערובת אגוזים קלויים ללא מלח 150 גרם קליית גת,קליית גת,,תערובת אגוזים קלויים,,150.00,100 גרם,false,1,22.90,15.27,true,1,23115
7290111351334,false,קלית גת תמר מגהול650,הדקלאים אגודת שיתופי,,קלית גת תמר מגהול650,,650.00,100 גרם,false,1,29.90,4.60,true,1,26104
7290111352973,false,יוגוטה קוביות חמוצות ממולאות בטעם פירות,יוגטה yogueta,,יוגטה קוביות חמוצות,,220.00,100 גרם,false,1,12.00,5.45,true,1,26105
7290111354083,false,תערובת אגוזים מקורמל,קליית גת,,ת.אגוזים מקורמלים,,170.00,100 גרם,false,1,24.90,14.65,true,1,28163
7290111354090,false,תערובת אגוזים וחמוציות משוקלדות 150 גרם,קליית גת,,ת.פיצוחים משוקלדות,,120.00,100 גרם,false,1,24.90,20.75,true,1,28164
7290111354175,false,"רביולי חטיפי בוטנים מצופים בטעם ברביקיו, 110 גרם",קליית גת,,רביולי בוטנים מצופים,,120.00,100 גרם,false,1,16.90,14.08,true,1,28165
7290111354182,false,"פריכיות אורז בטעם צ'ילי, 70 גרם",קליית גת,,פרכיות אורז צילי,,70.00,100 גרם,false,1,16.90,24.14,true,1,28166
7290111354229,false,מארז9 ק.התנסות,Unknown,,מארז9 ק.התנסות,,0.00,,false,1,0.00,0.00,true,1,29816
7290111354571,false,מארז 3 קואדרטיני בצידנית לואקר עגולה,א. לואקר,,לואקר מארז+ציידנית,,700.00,100 גרם,false,1,39.90,5.70,true,1,29375
7290111354922,false,מארז סניידרס+הוטפופ,סניידרס,,מארז סניידרס+הוטפופ,,640.00,100 גרם,false,1,19.90,3.11,true,1,29699
7290111534010,false,פס גבינה שמנת פירורים קפולסקי 400 גרם,תופינים מקבוצת קפולסקי,,פס גבינה שמנת פרורים,,400.00,100 גרם,false,1,42.90,10.72,false,1,29623
7290111560873,false,בונז'ור לחמניה עגולה 100ג',Unknown,,לחמניית המבורגר,,100.00,100 גרם,false,1,3.00,3.00,true,1,20079
7290111560910,false,אסם וופל בטעם שוקולד200 גרם,Unknown,,וופל שוקולד 200 גרם,,200.00,100 גרם,false,1,5.90,2.95,true,1,20057
7290111563584,false,אקסטרים וניל כשר לפסח 72,גלידות נסטלה )נגה גלידות,,טילון כשלפ,,72.00,100 גרם,false,1,10.00,13.89,true,1,20979
7290111564239,false,מאגדת מיני קראנץ וניל 5 יח' נסטלה,גלידות נסטלה )נגה גלידות,,מאגדת קראנץ וניל,,275.00,100 גרם,false,1,32.90,11.96,true,1,20843
7290111564277,false,פריכיות דקות ונימוחות 3 דגנים פיטנס Fitness,פרח תעשיות בעמ,,פיטנס פריכיות3 דגנים,,120.00,100 גרם,false,1,13.50,11.25,true,1,20060
7290111564291,false,פריכיות דקות ונימוחות 3 דגנים וקינואה פיטנס Fitness,פרח תעשיות בעמ,,פיטנס פ.עם קינואה,,120.00,100 גרם,false,1,13.50,11.25,true,1,20061
7290111564727,false,עוגיות אסם קרמוגית וקרם אגוזים אסם 200ג',מיוצר עי קונדיטוריית,,קרמוגית קרם אגוזים,,200.00,100 גרם,false,1,14.90,7.45,true,1,24972
7290111564932,false,אח של ביסלי צ'ילי 70 גרם,Unknown,,אח של ביסלי ספייסי,,70.00,100 גרם,false,1,7.50,10.71,true,1,20632
7290111564956,false,"ביסלי במבה מיקס 200 גרם ""אסם""",פרו מן יו פתרונות אריזה,,ביסלי במבה מיקס200ג,,200.00,100 גרם,false,1,15.90,7.95,true,1,20243
7290111565038,false,"לה קרמריה וניל קוקילידה בד""צ 1.4 ל'",גלידות נסטלה )נגה גלידות,,לה קרמריה קוקולידה,,1.40,1 ליטר,false,1,26.90,19.21,true,1,21509
7290111565502,false,ארטיק אוראו וניל ועוגיות סנדוויץ נסטלה 80 ג',ג'נרל מילס סאן אדריא,,סנדוויץ אוראו,,86.60,100 גרם,false,1,9.90,11.43,true,1,20986
7290111565656,false,במבה במילוי קרם נוגט 150 ג',"אסם תעשיות בע""מ",,במבה נוגט 150גר,,150.00,100 גרם,false,1,15.90,10.60,true,1,20244
7290111566127,false,מאגדת אוראו מיני סנדוויץ' 6 יח' נסטלה,ג'נרל מילס סאן אדריא,,מאגדת סנדוויץ אוראו,,198.00,100 גרם,false,1,27.00,13.64,true,1,20988
7290111566271,false,חטיפי תירס טבעול 657 גרם,עיצובים 2020 (4.8),,טבעול חטיפי תירס,,657.00,100 גרם,false,1,36.90,5.62,true,1,24797
7290111566318,false,שניצל דק מן הצומח בטעם ביתי 700 גרם,עיצובים 2020 (4.8),,טבעול שניצל דק,,564.00,100 גרם,false,1,37.00,6.56,true,1,24804
7290111566714,false,טבעול המבורגר צמחוני 99 קלוריות 600 גרם,עיצובים 2020 (4.8),,טבעול המבורגר צמחוני,,600.00,100 גרם,false,1,37.00,6.17,true,1,24800
7290111566752,false,טבעול שניצל תירס 99 קלוריות 693 גרם,עיצובים 2020 (4.8),,טבעול שניצל תירס 693,,693.00,100 גרם,false,1,37.00,5.34,true,1,26108
7290111567759,false,עוגת דבש קלאסית הבית 400 גרם,"אסם תעשיות בע""מ",,עוגת הבית דבש קלאסית,,400.00,100 גרם,false,1,17.00,4.25,true,1,21904
7290111568206,false,ביסלי פארטי מיקס אסם 150 גר',פרו מן יו פתרונות אר,,ביסלי פארטי מיקס,,150.00,100 גרם,false,1,15.90,10.60,true,1,21558
7290111568275,false,אטריות נודלס אורז רחבות אסם אסייתי 300גרם,תאי פרזידנט,,נודלס אטריות אורז,,300.00,100 גרם,false,1,12.90,4.30,true,1,23857
7290111568350,false,פירורית פנקו בסגנון יפני,Unknown,,אסם פירורית פנקו,,300.00,100 גרם,false,1,8.50,2.83,true,1,21905
7290112000798,false,"דיטול תרסיסי חיטוי וניקוי אנטי בקטריאלי 750 מ""ל",רקיט בנקיזר,,דטול תרסיס חיטוי,,750.00,"100 מ""ל",false,1,15.90,2.12,true,1,25054
7290112000828,false,דטול - מגבונים חיטוי וניקוי אנטי בקטריאלי 60 יח',רקיט בנקיזר,,דטול לחיטוי 60 יחידו,,60.00,יחידה,false,1,15.90,0.26,true,1,25109
7290112000842,false,דטול מגבונים לניקוי כללי בניחות לימון 60 יח',רקיט בנקיזר,,דטול מגבונים לניקוי,,60.00,יחידה,false,1,15.90,0.26,true,1,24826
7290112001023,false,"אירוויק ספרי אוטמטי מילוי תענוגות האביב 250 מ""ל","יצרן המכשיר: זובלה, שנזן",,ספריי מילוי מבשם,,250.00,"100 מ""ל",false,1,20.00,8.00,true,1,26272
7290112002099,false,קולון גל כביסה מרוכז 2.5 ליטר קלאסי,רקיט בנקיזר,,קולון גל מרוכז כחול,,2.50,1 ליטר,false,1,29.90,11.96,true,1,23978
7290112002228,false,"איירוויק ג'ל פחית בניחוח לבנדר, 70 גרם",רקיט בנקיזר,,פחית ריח לרכב לוונדר,,1.00,יחידה,false,1,10.00,10.00,false,1,25257
7290112002235,false,איירויק פחית גל בניחוח ורדים,רקיט בנקיזר,,פחית ריח לרכב ורדים,,1.00,יחידה,false,1,10.00,10.00,false,1,25258
7290112002259,false,"איירוויק פחית ג'ל בניחוח מרענן, 70 גרם",רקיט בנקיזר,,פחית ריח לרכב-מרענן,,1.00,יחידה,false,1,10.00,10.00,false,1,25259
7290112003966,false,"אבקה להסרת כתמים לכביסה לבנה ""וניש גולד""",רקיט בנקיזר,,וניש מסיר כתמים,,470.00,100 גרם,false,1,17.90,3.81,false,1,27701
7290112330352,false,"יוגורט PRO בטעם וניל 0% , 20 גרם חלבון בגביע","שטראוס בריאות בע""\מ",,דנונה פרו וניל 200ג,,200.00,100 גרם,false,1,6.90,3.45,true,1,23036
7290112330390,false,דנונה פרו פירות יער 20 גרם חלבון 0% שומן 200 גרם,"שטראוס בריאות בע""\מ",,דנונה פרו פירות יער,,200.00,100 גרם,false,1,6.90,3.45,true,1,23038
7290112330420,false,דנונה פרו לבן 2.9% שומן 150 גרם,מיוצר עי קונדיטוריית,,דנונה פרו לבן 2.9%,,150.00,"100 מ""ל",false,1,5.00,3.33,false,1,23652
7290112330987,false,שייק חלבון מי גבינה עם אפרסק ומנגו 350 מ,מחלבת יטבתה,,שייק ח.אפרסק מנגו,,350.00,"100 מ""ל",false,1,8.50,2.43,true,1,23501
7290112330994,false,שייק חלבון פרו אפרסק350מ,מחלבת יטבתה,,שייק פרו אפרסק,,350.00,100 גרם,false,1,8.50,2.43,false,1,29127
7290112331946,false,רבע לשבע טורטית120גרם,"הגביע מוצרי וופלים בע""\מ",,רבע לשבע טורטית,,120.00,100 גרם,false,1,14.50,12.08,true,1,22445
7290112332110,false,שוקולד מריר ללא סוכר,Unknown,,שוקולד מריר 60% ללס,,100.00,100 גרם,false,1,10.90,10.90,true,1,28927
7290112332158,false,בלונדי קרם שמנת 100 גרם,"שטראוס גרופ בע""\מ",,בלונדי ק.שמנת,,100.00,100 גרם,false,1,10.00,10.00,true,1,23683
7290112332585,false,פריכיות משולש תפוא אורז בתיבול סלק ומלח ים אנרג'י 30 גרם,"פרח תעשיו מזון בע""מ",,משולשות תפוא סלק,,30.00,100 גרם,false,1,7.00,23.33,true,1,23042
7290112332653,false,עוגיות סנדוויץ מצופו,STRAUSS-ISRAEL,,עוגיות סנדוויץ מצופv,,240.00,100 גרם,false,1,21.00,8.75,false,1,25519
7290112332691,false,פינוקיות עוגיות קרם פסק זמן אגוזים 200 גרם,"הגביע מוצרי וופלים בע""\מ",,פינוקיות פסק זמן,,200.00,100 גרם,false,1,13.50,6.75,true,1,23301
7290112332721,false,וופל שוקולד חלב מאנץ,Unknown,,מאנץ שוקולד חלב,,100.00,100 גרם,false,1,14.90,14.90,true,1,27297
7290112334879,false,בפלות שוקולד 125ג,Unknown,,בפלות שוקולד 125ג,,125.00,100 גרם,false,1,6.90,5.52,true,1,23360
7290112335043,false,מרשמלו בזוקה עלית 150 גרם ווסטהיים,טופגאם תעשיות ממתקים,,מרשמלו בזוקה,,150.00,100 גרם,false,1,8.00,5.33,true,1,22722
7290112335050,false,מרשמלו וניל 150 גרם ווסטהים,טופגאם תעשיות ממתקים,,מרשמלו וניל קלאסי,,150.00,100 גרם,false,1,8.00,5.33,true,1,22723
7290112335487,false,הפריכיות הטעימות קצח ודגנים אנרג'י 135 גרם,אנרג'י Energy - שטראוס,,פ.טעימות קצח ודגנים,,135.00,100 גרם,false,1,14.90,11.04,true,1,23043
7290112335500,false,"פרכיות אנרג'י חומוס,אורז,עדשים שחורות וקינואה 135 גרם","פרח תעשיות מזון בע""\מ",,פרכיות טעימות חומוס,,135.00,100 גרם,false,1,14.90,11.04,true,1,23045
7290112336637,false,סוכריות מאסט Must ללא סוכר יוגורט תות ואוכניות,שטראוס גרופ,,מאסט ס. יוגורט ותות,,80.00,100 גרם,false,1,10.50,13.12,true,1,24117
7290112336644,false,סוכריות מאסט ללא סוכר לימון 80 ג' עלית,שטראוס גרופ,,מאסט סוכריות לימון,,80.00,100 גרם,false,1,10.50,13.12,true,1,24118
7290112336651,false,סוכריות מאסט ללא סוכר ריבת חלב 80 ג' עלית,שטראוס גרופ,,מאסט סוכריות ר.חלב,,80.00,100 גרם,false,1,10.50,13.12,true,1,24119
7290112336712,false,יוגורט PRO לבן 0% 21 גרם חלבון בגביע,"שטראוס בריאות בע""מ",,דנונה פרו 21גר,,200.00,"100 מ""ל",false,1,6.90,3.45,true,1,26109
7290112337474,false,סוכריות מאסט ללא סוכר פטל לימון 80 ג' עלית,שטראוס גרופ,,מאסט ס.פטל לימון,,80.00,100 גרם,false,1,10.50,13.12,true,1,24120
7290112337481,false,סוכריות מאסט ללא סוכר קפצ''ינו 80 ג' עלית,שטראוס גרופ,,מאסט סוכריות קפוצינ,,80.00,100 גרם,false,1,10.50,13.12,true,1,24121
7290112339171,false,מילקי מוס עם שוקולד וקצפת,מיוצר עי קונדיטוריית,,מילקי מוס 170 מל,,170.00,"100 מ""ל",false,1,3.80,2.24,false,1,23653
7290112339867,false,גמדים לדרך גבינה לבנה עם מחית תות,"שטראוס בריאות בע""\מ",,גמדים סקוויז לדרך,,100.00,100 גרם,false,1,6.20,6.20,true,1,26110
7290112339874,false,גמדים לדרך גבינה לבנה עם מחיות תות ובננה,"שטראוס בריאות בע""\מ",,גמדים סקוויז ת.בננה,,100.00,100 גרם,false,1,6.20,6.20,true,1,26464
7290112340122,false,הפריכיות הטעימות 3 דגנים אנרג'י 135 גרם,"פרח תעשיות מזון בע""\מ",,פ.טעימות 3דגנים-19,,135.00,100 גרם,false,1,14.90,11.04,true,1,23050
7290112340221,false,גרעיני תירס מתוק 340 ג',Unknown,,גרעיני תירס מתוק,,340.00,100 גרם,false,1,7.00,2.06,true,1,24734
7290112340245,false,צנצנת מסטיק מאסט בטעם דובדבן 66 ג' עלית,"שטראוס גרופ בע""\מ",,מאסט דובדבן בקבוקון,,66.00,100 גרם,false,1,12.00,18.18,true,1,22947
7290112340252,false,צנצנת מסטיק מאסט בטעם אבטיח מלון 66 ג' עלית,"שטראוס גרופ בע""\מ",,מאסט אבטיח מלון,,66.00,100 גרם,false,1,12.00,18.18,true,1,22948
7290112340276,false,פינוקיות עוגיות קרם קפה 200 גרם,"הגביע מוצרי וופלים בע""\מ",,פינוקית קפה נמס,,200.00,100 גרם,false,1,13.50,6.75,true,1,23169
7290112341006,false,מילקי קצפת כפיות 86*2 גר,"שטראוס גרופ בע""\מ",,מארז מילקי קצפת,,172.00,100 גרם,false,1,9.90,5.76,true,1,23053
7290112341112,false,משקה חלב מוקה בקבוק350מ,מחלבת יטבתה,,מוקה בקבוק 350 מל,,350.00,"100 מ""ל",false,1,7.50,2.14,true,1,23093
7290112341679,false,דנונה אקטיביה 3% שומן 200 גרם,מיוצר עי קונדיטוריית,,אקטיביה 3% 200ג,,200.00,100 גרם,false,1,4.50,2.25,true,1,23749
7290112342072,false,משקה חלב בלונדי3% 1ליטר,מחלבת יטבתה,,משקה חלב בלונדי 1 ל,,1.00,1 ליטר,false,1,12.40,12.40,true,1,23517
7290112342195,false,כשלפ תפוציפס מקלות טבעי 200 גרם,"שטראוס פריטו ליי בע""\מ )",,תפוציפס מקלות טבעי,,200.00,100 גרם,false,1,10.00,5.00,true,1,24143
7290112342393,false,מאסט מון בטעם תפוח 60 גרם,רוג'ר אנד רוג'ר,,מאסט מון תפוח 60 גר,,60.00,100 גרם,false,1,12.00,20.00,true,1,23914
7290112342508,false,דוריטוס צ'יזי טוויסט 70 גרם,"שטראוס פריטו ליי בע""\מ",,דוריטוס ק.ראנצ 70ג,,70.00,100 גרם,false,1,6.90,9.86,true,1,29404
7290112342553,false,"משקה חלב בלונדי 350 מ""ל",מחלבת יטבתה,,משקה בלונדי 350 מל,,350.00,"100 מ""ל",false,1,7.50,2.14,true,1,23518
7290112343420,false,"משקה חלב עם דגנים מלאים ובננה פרו יטבתה 350מ""ל",מחלבת יטבתה,,יטבתה פרו א.בוקר,,350.00,"100 מ""ל",false,1,8.50,2.43,true,1,23983
7290112343499,false,חטיף צ'יטוס פאפס אפוי בטעם גבינה,"שטראוס פריטו ליי בע""\מ )",,ציטוס פאפ גבינה 55ג,,55.00,100 גרם,false,1,5.90,10.73,true,1,27954
7290112344427,false,קפה נמס אבקתי 100 גר,שטראוס קפה בי.וי,,קפה נמס 100 גרם,,100.00,100 גרם,false,1,15.00,15.00,true,1,24974
7290112344748,false,מילקי EXקצפת קפוצינו133ג,מיוצר עי קונדיטוריית,,מילקי EXTRA קפוצינו,,133.00,100 גרם,false,1,4.00,3.01,false,1,27724
7290112344755,false,מילקי שוקולד 26% פחות סוכר 135 גרם,מיוצר עי קונדיטוריית,,מילקי 26% פחות סוכר,,135.00,100 גרם,false,1,3.10,2.30,false,1,25521
7290112344786,false,קפה פלטינום קלאסיק עלית 200 גרם,הנסיך- מפעל לייצור ט,,פלטינום קלאסיק,,200.00,100 גרם,false,1,38.00,19.00,true,1,24737
7290112346537,false,עוגיות פינוקיות בטעם טורטית 200 ג' עלית,"הגביע מוצרי ופלים בע""\מ",,פינוקיות בטעם טורטית,,200.00,100 גרם,false,1,13.50,6.75,true,1,23989
7290112346629,false,דנונה בר יוגורט+קורנפלקס מצופה שוקולד חלב ולבן 172 גרם,"שטראוס בריאות בע""\מ",,יוגורט עם קורנפלקס,,172.00,100 גרם,false,1,6.20,3.60,true,1,24738
7290112346797,false,יוגורט אקטיביה שיבולת שועל ושזיף 150 גרם,מיוצר עי קונדיטוריית,,אקטיביה ש שועל ושזיף,,150.00,100 גרם,false,1,6.50,4.33,false,1,27567
7290112347374,false,מילקי CAKE פסק זמן,Unknown,,מילקי CAKE פסק זמן,,34.00,100 גרם,false,1,4.00,11.76,true,1,24866
7290112347626,false,כיף כף נשנושים 55,Unknown,,כיף כף נשנושים 55,,55.00,100 גרם,false,1,9.00,16.36,true,1,24122
7290112347718,false,קולד ברו קלאסי 250,קריניציה ויטמינה אס,,קולד ברו קלאסי 250,,250.00,"100 מ""ל",false,1,10.90,4.24,true,1,24975
7290112347725,false,קולד ברו מתיקות 250,קריניציה ויטמינה אס,,קולד ברו מתיקות 250,,250.00,"100 מ""ל",false,1,10.90,4.24,true,1,24976
7290112348029,false,חומוס אסלי דליקטס 250 גרם,שטראוס,,חומוס חלק דליקטס,,250.00,100 גרם,false,1,10.00,4.00,true,1,26835
7290112348043,false,סלט חציל במיונז דליקטס 250 גרם,שטראוס,,סלט חציל במיונז,,250.00,100 גרם,false,1,13.00,5.20,true,1,26837
7290112348241,false,פסק זמן פטיסרי עם קרם קפה לאטה,שטראוס גרופ,,פסק זמן פטיסרי ק.קפה,,35.00,100 גרם,false,1,7.50,21.43,true,1,25204
7290112348548,false,שוקולד פרה לבן מעולה,"תופינית בע""\מ",,שוקולד פרה לבן 100ג,,100.00,100 גרם,false,1,9.00,9.00,true,1,24238
7290112348999,false,הפריכיות הטעימות תירס דקות אנרג'י 135 גרם,פרח תעשיות,,פריכיות טעימות תירס,,135.00,100 גרם,false,1,14.90,11.04,true,1,26478
7290112349255,false,טורטית נשנושים 55,Unknown,,טורטית נשנושים 55,,55.00,100 גרם,false,1,9.00,16.36,true,1,24123
7290112349262,false,פסק זמן נשנושים 55,Unknown,,פסק זמן נשנושים 55,,55.00,100 גרם,false,1,9.00,16.36,true,1,24124
7290112349347,false,מאסט סוכריות FRESH בטעם מנטה,שטראוס גרופ,,מאסט FRESH מנטה,,15.00,100 גרם,false,1,5.00,33.33,true,1,24740
7290112349354,false,סוכריות פרש בטעם פטל לימון 15 גרם,שטראוס גרופ,,מאסט FRESH פטל,,15.00,100 גרם,false,1,5.00,33.33,true,1,24741
7290112349378,false,סוכריות פרש בטעם רימון ותות 15 גרם,"הליקון גידה בע""מ",,מאסט FRESH רימון,,15.00,100 גרם,false,1,5.00,33.33,true,1,24742
7290112349651,false,שוקולד פרה מיקס עוגיות ואגוזים מקורמלים,שטראוס גרופ,,פרה עוגיות ואגוזים,,95.00,100 גרם,false,1,9.00,9.47,true,1,25214
7290112349668,false,ספלנדיד מריר מעולה 90% 100 גרם,"שטראוס גרופ בע""\מ",,ספלנדיד ש.מריר 90%,,100.00,100 גרם,false,1,12.90,12.90,true,1,26112
7290112350015,false,משקה חלבון יטבתה פרו,מחלבת יטבתה,,משקה חלבון מי גבינה,,350.00,"100 מ""ל",false,1,8.50,2.43,true,1,26585
7290112350312,false,קפסולות 15 קפה יותר למכונות נספרסו עלית 10יח',הנסיך- מפעל לייצור ט,,עלית ת. נספרסו 15,,10.00,יחידה,false,1,16.50,1.65,true,1,26410
7290112350350,false,פסק זמן פטיסרי עם קרם אגוזים,"שטראוס גרופ בע""\מ",,פסק זמן פטיסרי אגוזי,,35.00,100 גרם,false,1,7.50,21.43,true,1,25205
7290112351197,false,שוקולד פרה מיקס עוגיות ושקדים,"שטראוס גרופ בע""\מ",,פרה עוגיות ושקדים,,95.00,100 גרם,false,1,9.00,9.47,true,1,25212
7290112351210,false,שוקולד פרה מיקס גלילי וופל וקוקוס,"שטראוס גרופ בע""\מ",,פרה גלילי ופל+קוקוס,,95.00,100 גרם,false,1,9.00,9.47,true,1,25213
7290112351258,false,עוגיית קקאו פינוקיות שחור לבן 200 גר,"הגביע מוצרי ופלים בע""\מ",,פינוקיות שחור לבן,,200.00,100 גרם,false,1,13.50,6.75,true,1,24980
7290112351661,false,וופל שוקולד מריר מאנ,Unknown,,מאנץ שוקולד מריר,,100.00,100 גרם,false,1,14.90,14.90,true,1,27298
7290112351807,false,שוקולד בלונדי חלק וו,Unknown,,בלונדי טבלה חלק 100ג,,100.00,100 גרם,false,1,10.00,10.00,true,1,26650
7290112352057,false,בונ.איחולים מתוקים137גרם,תופינית,,איחולים מתוקים 137 ג,,137.00,100 גרם,false,1,26.90,19.64,true,1,26411
7290112352569,false,משקה חלבון מי גבינה,מחלבת יטבתה,,משקה חלבון מי גבינה,,350.00,"100 מ""ל",false,1,8.50,2.43,true,1,26586
7290112353412,false,"פריכיות תפו""א, אורז, תירס, אפונה ירוקה, סלק, מלח ים","פרח תעשיו מזון בע""מ",,פריכיות משולשות,,30.00,100 גרם,false,1,7.00,23.33,true,1,24981
7290112353542,false,סלט מטבוחה דליקטס 25,שטראוס,,סלט מטבוחה,,250.00,100 גרם,false,1,13.00,5.20,true,1,26838
7290112353566,false,סלט טחינה דליקטס 250 גרם,שטראוס,,סלט טחינה דליקטס,,250.00,100 גרם,false,1,13.00,5.20,true,1,26836
7290112353887,false,"משקה קפה קר בטעם אגוזים יטבתה 230 מ""ל",האי נאם סי או אל.טי.,,משקה קפה קר אגוזים,,230.00,100 גרם,false,1,10.00,4.35,true,1,24753
7290112353894,false,משקה קפה קר שוקולד 230 מל,האי נאם סי או אל.טי.,,משקה קפה קר שוקולד,,230.00,"100 מ""ל",false,1,10.00,4.35,false,1,25528
7290112354075,false,סלט תפוח אדמה במיונז,שטראוס,,סלט תפוח אדמה,,250.00,100 גרם,false,1,13.90,5.56,false,1,28201
7290112354174,false,"פסטה רוזה 280 ג""ר ""דלישס"" שטראוס",גסטרונומיה פרוסט אס. אר.,,פסטה רוזה,,280.00,100 גרם,false,1,24.90,8.89,false,1,27958
7290112354204,false,"ספגטי עגבניות 280 גר' ""דלישס"" שטראוס",גסטרונומיה פרוסט אס. אר.,,ספגטי עגבניות 280 גר,,280.00,100 גרם,false,1,24.90,8.89,false,1,27959
7290112354211,false,"פיצה מרגריטה""דלישס"" שטראוס",סקרלינפיצה אס. אר. אל. א,,פיצה מרגריטה,,400.00,100 גרם,false,1,26.90,6.72,false,1,27960
7290112354235,false,ברקטה פיצה - 2 יחידות במארז,סקרלינפיצה אס. אר. אל. א,,ברקטה פיצה,,300.00,100 גרם,false,1,26.90,8.97,false,1,27961
7290112354747,false,דנונה בר בננ+קורנפלקס172,"שטראוס בריאות בע""\מ",,דנונה בר בננה קורנפ,,172.00,100 גרם,false,1,6.20,3.60,true,1,25243
7290112354945,false,תפוצ'יפס WAVY בטעם טבעי 50 גרם,שטראוס פריטו ליי בע”,,תפו wavy טבעי 50 גר,,50.00,100 גרם,false,1,5.90,11.80,true,1,29788
7290112354952,false,"תפוציפס WAVY בטעם פפריקה , 50 גרם",שטראוס פריטו ליי בע”,,תפו WAVY פפריקה 50 ג,,50.00,100 גרם,false,1,5.90,11.80,true,1,29789
7290112355027,false,דנונה פרו 20 גרם חלבון בטעם קרמל מלוח 200 גרם,"שטראוס בריאות בע""\מ",,דנונה פרו 20 קרמל,,200.00,100 גרם,false,1,6.90,3.45,false,1,25530
7290112355102,false,גמדים סקוויז 100 גרם פאוץ סלט פירות 100 גרם,"שטראוס בריאות בע""\מ",,גמדים פאוץ סלט פירות,,100.00,100 גרם,false,1,6.20,6.20,true,1,27325
7290112355195,false,דנונה וואו בננה תמר,"שטראוס בריאות בע""מ",,WOW בננה תמר,,150.00,100 גרם,false,1,6.00,4.00,true,1,25758
7290112355263,false,רוטב שמנת עם שוקולד 9% שומן 260 ג' יטבתה,מחלבת יטבתה,,רוטב שמנת שוקולד,,260.00,100 גרם,false,1,11.50,4.42,false,1,28841
7290112355386,false,יטבתה רוטב שמנת בטעם קרמל מלוח יטבתה 260 גרם,מחלבת יטבתה,,רוטב שמנת קרמל מלוח,,260.00,100 גרם,false,1,11.50,4.42,false,1,28842
7290112355720,false,דנונה WOW קרמל מלוח150ג,"שטראוס בריאות בע""\מ",,WOW קרמל מלוח,,150.00,100 גרם,false,1,6.50,4.33,true,1,25759
7290112355775,false,גבינת סימפוניה עם עירית 200 גרם,"שטראוס בריאות בע""\מ",,סימפוניה עירית,,200.00,100 גרם,false,1,12.50,6.25,false,1,29376
7290112355805,false,גמדים ארוחת בוקר ענבי100,"שטראוס בריאות בע""\מ",,גמדים א בוקר ענבים,,100.00,100 גרם,false,1,6.20,6.20,false,1,29128
7290112355867,false,מילקי קצפת טופ פיצפוץ86ג,"שטראוס גרופ בע""\מ",,מילקי קצפת פצפוצים,,170.00,"100 מ""ל",false,1,4.50,2.65,false,1,29330
7290112355980,false,חלב נטול לקטוז,Unknown,,חלב נטול לקטוז,,2.00,1 ליטר,false,1,17.90,8.95,false,1,29129
7290112356116,false,מאסט FRESH מנדרינה,Unknown,,מאסט FRESH מנדרינה,,15.00,100 גרם,false,1,5.00,33.33,false,1,25532
7290112357045,false,עגבניות איטלקיות מרוסקות 390 גר' בקופסה טעם הטבע,שטראוס טעם הטבע,,עגבניות מרוסקות,,390.00,100 גרם,false,1,8.00,2.05,true,1,24755
7290112357113,false,גרגרי חומוס בקופסה 380 גר' טעם הטבע,שטראוס טעם הטבע,,גרגרי חומוס טעם הטבע,,380.00,100 גרם,false,1,8.00,2.11,true,1,24756
7290112357618,false,מאסט קוביות מסטיק בטעם פירות טרופיים 58 גרם,אסקום קונפקשיין,,מאסט טרופי,,58.00,100 גרם,false,1,12.00,20.69,true,1,24352
7290112358004,false,פסק זמן קראנצ' עלית 32 גרם,שולן צ'\יקולטה גידה סאן.,,פסק זמן קראנץ,,32.00,100 גרם,false,1,7.50,23.44,true,1,25206
7290112358158,false,קפסולות למכונת נספרסו אייס קוקוס 50 גרם,הנסיך- מפעל לייצור ט,,קפסולות אייס ק.קוקוס,,10.00,יחידה,false,1,16.50,1.65,true,1,26930
7290112358554,false,מארז קפה נמס מנות אישיות לדרך 50.4 גר,שטראוס רומניה,,מארז נמס לדרך,,50.00,100 גרם,false,1,12.90,25.80,false,1,29062
7290112358561,false,קפה נמס פלטינום קלאסי 47 ג' עלית,"אינסטנטבה בע""\מ",,פלטינום קלאסיק 47 ג,,47.00,100 גרם,false,1,7.00,14.89,true,1,25760
7290112358752,false,קפה קר BeanZ חלבי פח,קריניציה ויטמינה אס,,קולד ברו חלב 250,,250.00,"100 מ""ל",false,1,10.90,4.24,true,1,24984
7290112358844,false,שוקולד חלב שברי אגוז100ג,"שטראוס גרופ בע""\מ",,ש.פרה חלב ש.אגוזים,,100.00,100 גרם,false,1,9.00,9.00,true,1,26982
7290112358981,false,מאגדת חטיפי שומשום קרמל מלוח 100 גרם,שטראוס גרופ,,מאגדת שומשום קרמל,,100.00,100 גרם,false,1,16.00,16.00,true,1,27341
7290112358998,false,מאגדת חטיפי שומשום שחור לבן וקצח 100 גרם,שטראוס גרופ,,מאגדת שומשום וקצח,,100.00,100 גרם,false,1,16.00,16.00,true,1,27342
7290112359353,false,קפה טורקי אלדין עלית 200 גרם.,שטראוס קפה בי.וי,,קפה טורקי אלדין,,200.00,100 גרם,false,1,22.90,11.45,true,1,28102
7290112359674,false,דוריטוס פלמין הוט לימו70,"שטראוס פריטו ליי בע""\מ )",,דוריטוס הוט לימון,,70.00,100 גרם,false,1,6.90,9.86,true,1,27161
7290112359711,false,דוריטוס פלמין הוט 70 גרם,"שטראוס פריטו ליי בע""\מ )",,דוריטוס פלמין הוט,,70.00,100 גרם,false,1,6.90,9.86,true,1,27160
7290112415400,false,עוגיות אלפחורס קפולסקי 280 גרם,תופינים מקבוצת קפולסקי,,עוגיות אלפחורס חלבי,,0.00,,false,1,31.90,0.00,false,1,29617
7290112490209,false,נמס בכוס מרק עגבניות עם קרוטונים רכיבים טבעיים,יוניליוור ישראל מזון בעמ,,מרק נמס בכוס עגבניות,,56.00,100 גרם,false,1,9.00,16.07,true,1,22050
7290112490216,false,מרק נמס בכוס בטעם עוף קנור 100% רכיבים טבעיים,יוניליוור ישראל מזון בעמ,,מרק נמס בכוס טעם עוף,,48.00,100 גרם,false,1,9.00,18.75,true,1,22051
7290112490230,false,מרק נמס בכוס אפונה קנור 100% רכיבים טבעיים,יוניליוור ישראל מזון בעמ,,מרק נמס בכוס אפונה,,50.00,100 גרם,false,1,9.00,18.00,true,1,22052
7290112490650,false,קונפיטורה תות שדה 340 גרם-צנצנת,קונפיטורות לה-ארדניי,,778 קונפיטורת,,340.00,100 גרם,false,1,17.90,5.26,true,1,26240
7290112490667,false,קונפיטורה משמש778 50% פרי 340 גר',יוניליוור מזון,,778 קונפיטורת,,340.00,100 גרם,false,1,17.90,5.26,true,1,26241
7290112490674,false,קונפיטורה דובדבנים 778 50% פרי 340 גר-,יוניליוור מזון,,778 קונפיטורת,,340.00,100 גרם,false,1,17.90,5.26,true,1,26242
7290112490698,false,קונפיטורה תות שדה לייט 300 גרם-צנצנת,יוניליוור מזון,,778 קונפיטורת תות,,260.00,100 גרם,false,1,19.90,7.65,true,1,26243
7290112490759,false,מרק עשיר עוף עם אטריות רכיבים טבעיים 74 ג' קנור,יוניליוור ישראל מזון בעמ,,קנור מרק עוף+אטריות,,74.00,100 גרם,false,1,15.00,20.27,true,1,22055
7290112491534,false,שוקולד מריר מארז שלי,יוניליוור ישראל מזון,,ורד הגליל 44% 3*100,,300.00,100 גרם,false,1,15.00,5.00,true,1,26117
7290112491794,false,בייגלה דקים דקים בטעם שמנת ובצל בייגל בייגל 300 גרם,בייגל את בייגל מזון 198),,בייגל בייגל שמנת בצל,,300.00,100 גרם,false,1,14.00,4.67,true,1,26118
7290112492449,false,פינוק שמפו שיער רגיל 700 מל-חדש,יוניליוור ישראל טיפוח אי,,פינוק שמפו שיער רגיל,,700.00,"100 מ""ל",false,1,14.00,2.00,true,1,24567
7290112492456,false,"שמפו פינוק לשיער יבש/פגום 700 מ""ל",יוניליוור ישראל טיפוח אי,,פינוק שמפו יבש 700,,700.00,"100 מ""ל",false,1,14.00,2.00,true,1,26119
7290112492463,false,"שמפו ומרכך 2 ב-1 לשיער רגיל פינוק 700 מ""ל.",יוניליוור ישראל טיפו,,פינוק 2 ב-1 רגיל,,700.00,"100 מ""ל",false,1,14.00,2.00,true,1,24569
7290112492487,false,פינוק שמפו לשיער עם שמן מרוקאי 700 מל,יוניליוור ישראל טיפוח אי,,פינוק שמפו שמ.מרוקאי,,700.00,"100 מ""ל",false,1,14.00,2.00,false,1,24571
7290112492500,false,פינוק שמפו לשיער עם שמן קוקוס 700 מל,"יוניליור ישראל, טיפו",,פינוק שמפו ש.קוקוס,,700.00,"100 מ""ל",false,1,14.00,2.00,true,1,26120
7290112492531,false,פינוק מרכך שיער רגיל 700 מל-חדש,יוניליוור פארם,,פינוק מרכך שיער רגיל,,700.00,"100 מ""ל",false,1,14.00,2.00,true,1,24566
7290112492579,false,פינוק מרכך בתוספת שמן קוקוס 700 מל-חדש,יוניליוור ישראל טיפוח אי,,פינוק מרכך,,700.00,"100 מ""ל",false,1,14.00,2.00,true,1,26244
7290112492593,false,תחליב רחצה פינוק בניחוח פינוק קלאסי 700,יוניליוור ישראל טיפוח אי,,פינוק תח.רחצה קלאסי,,700.00,"100 מ""ל",false,1,14.00,2.00,true,1,24562
7290112492609,false,"תחליב רחצה פינוק 700 מ""ל לבנדר ווניל",יוניליוור ישראל טיפוח אי,,תחליב רחצה לבנדר,,700.00,"100 מ""ל",false,1,14.00,2.00,true,1,24561
7290112492630,false,"שמפו ג'ל רחצה וסבון פנים 3 ב-1 לגבר פינוק 700 מ""ל",יוניליוור ישראל טיפוח אי,,פינוק 3 ב-1 לגבר,,700.00,"100 מ""ל",false,1,14.00,2.00,true,1,24570
7290112492678,false,פינוק שמפו לשיער רגיל אריזת נסיעות 100 מ,יוניליוור ישראל טיפוח אי,,פ.שמפו לשיער רגיל,,100.00,"100 מ""ל",false,1,6.00,6.00,true,1,26506
7290112492685,false,פינוק מרכך לשיער רגיל אריזת נסיעות 100 מ,יוניליוור ישראל טיפוח אי,,פ.מרכך לשיער רגיל,,100.00,"100 מ""ל",false,1,6.00,6.00,false,1,26507
7290112492692,false,פינוק תחליב רחצה קלאסי אריזת נסיעות 100,יוניליוור ישראל טיפוח אי,,פינוק תחליב רחצה,,100.00,"100 מ""ל",false,1,6.00,6.00,true,1,25156
7290112492999,false,קנור מרק עוף אמיתי 400 גרם פרווה,יוניליוור ישראל מזון בע\,,קנור מרק ט.עוף,,400.00,100 גרם,false,1,20.90,5.22,true,1,26245
7290112493095,false,נמס בכוס מרק עגבניות חריף רכיבים טבעיים קנור 48 ג',אתר חיפה אבקות - Foo,,נמס עגבניות חריף,,48.00,100 גרם,false,1,9.00,18.75,false,1,29538
7290112493293,false,קנור - נמס ירקות וקרוטונים ר.טבעי 44 גרם,יוניליוור ישראל מזון בעמ,,נמס ירקות וקרוטונים,,44.00,100 גרם,false,1,9.00,20.45,true,1,26246
7290112493316,false,מרק היום אפונה ר.טבעיים קנור 117 גרם,יוניליוור ישראל מזון בעמ,,קנור מרק עשיר אפונה,,117.00,100 גרם,false,1,15.00,12.82,true,1,26247
7290112493873,false,דג דג חטיף אפוי מלוח400ג,בייגל את בייגל מזון 198),,דג דג מלח 400גרם,,400.00,100 גרם,false,1,18.00,4.50,true,1,26122
7290112493903,false,גלידת ננסים בארבע טעמים 60 גר,"מיוצר ע""\י גלידת שטראוס",,שלגון ננסים,,70.00,100 גרם,false,1,11.00,15.71,true,1,23622
7290112493927,false,גלידה בטעם ריבת חלב 1.33ל' קרמיסימו,"גלידת שטראוס בע""\מ, רחוב",,קרמיסימו ריבת חלב,,706.00,100 גרם,false,1,25.00,3.54,true,1,24185
7290112493934,false,גלידה וניל צרפתי 1.33ל' קרמיסימו,"גלידת שטראוס בע""\מ, רחוב",,קרמיסימו וניל צרפתי,,706.00,100 גרם,false,1,25.00,3.54,true,1,24186
7290112493965,false,קרמיסימו חלבית בטעם מסטיק וניל 665 גר,"גלידת שטראוס בע""\מ, רחוב",,קרמיסימו מסטיגם,,744.00,100 גרם,false,1,25.00,3.36,true,1,24187
7290112494221,false,קליק - ביסקויט תפזורת 65 גרם,יוניליוור ישראל מזון בע\,,קליק ביסקויט 65 גר,,65.00,100 גרם,false,1,9.00,13.85,true,1,23706
7290112494238,false,קליק - כדורים חלב תפזורת 65 גרם,יוניליוור ישראל מזון בע\,,קליק כדורים 65 גר,,65.00,100 גרם,false,1,9.00,13.85,true,1,23707
7290112494276,false,קליק - כריות תפזורת 65 גרם,יוניליוור ישראל מזון בע\,,קליק כריות 65ג,,65.00,100 גרם,false,1,9.00,13.85,true,1,23708
7290112494283,false,קליק - מעורב חום לבן תפזורת 65 גרם,יוניליוור ישראל מזון בע\,,קליק חום לבן 65 גר,,65.00,100 גרם,false,1,9.00,13.85,true,1,23709
7290112494313,false,קליק - קורנפלקס תפזורת 65 גרם,יוניליוור ישראל מזון בע\,,קליק קורנפלקס 5ג כש,,65.00,100 גרם,false,1,9.00,13.85,true,1,23710
7290112494344,false,קורנפלקס כספי אלופים תלמה850 גר',"יוניליוור שפע ישראל בע""\",,קורנפלקס של אלופים,,850.00,100 גרם,false,1,27.00,3.18,true,1,24407
7290112494351,false,תלמה קורנפלקס של אלופים 850 גרם,"יוניליוור שפע ישראל בע""\",,קורנפלקס אלופים 850,,850.00,100 גרם,false,1,27.00,3.18,true,1,24436
7290112494382,false,פירה בטעם ביתי 260 גרם-קופסא,יוניליוור ישראל מזון בע\,,קנור פירה ביתי 260גר,,260.00,100 גרם,false,1,15.90,6.12,true,1,26248
7290112494993,false,דגני בוקר וניל 686ג' כריות,"יוניליוור שפע ישראל בע""\",,תלמה כריות וניל,,686.00,100 גרם,false,1,25.00,3.64,false,1,23770
7290112495006,false,כריות - כריות נוגט 686 גרם,"יוניליוור ישראל מזון בע""",,תלמה כריות נוגט,,686.00,100 גרם,false,1,29.90,4.36,false,1,23771
7290112495020,false,כריות צוקולדה בדצ מאוחד 750 גר,"יוניליוור ישראל מזון בע""",,תלמה כריות צוקולדה,,686.00,100 גרם,false,1,25.00,3.64,false,1,23773
7290112495037,false,דגני בוקר בטעם שוקולד כדורים 375 ג' קוקומן,יוניליוור שפע ישראל בעמ,,קוקומן כדורים 375 גר,,375.00,100 גרם,false,1,24.00,6.40,true,1,26123
7290112495105,false,נשנושים טעם שמנת בצל בייגל בייגל 260 גרם,בייגל את בייגל מזון 198),,נשנושים שמנת בצל,,260.00,100 גרם,false,1,11.90,4.58,false,1,23774
7290112495112,false,נשנושים טעם זעתר בייגל בייגל 260 גרם,בייגל את בייגל מזון 198),,נשנושים זעתר 260ג,,260.00,100 גרם,false,1,11.90,4.58,true,1,26124
7290112495150,false,נשנושי קרקר עיגולים מלח בייגל בייגל 300 גרם,בייגל את בייגל מזון 198),,נשנוש קרקר עגול מלוח,,300.00,100 גרם,false,1,11.90,3.97,false,1,23776
7290112495167,false,נשנושי קרקר משולשי שומשום בייגל בייגל 300 גרם,בייגל את בייגל מזון 198),,נשנושים משולש שומשום,,300.00,100 גרם,false,1,11.90,3.97,true,1,26125
7290112495228,false,קורנפלקס נגיעות דבש תלמה 448 גרם,"יוניליוור שפע ישראל בע""\",,תלמה קורנפלקס דבש,,448.00,100 גרם,false,1,22.00,4.91,false,1,23777
7290112495433,false,דגני דליפקאן תוספת אגוזי פקאן ושקדים 400 גר,"יוניליור שפע ישראל בע""\מ",,דליפקאן 400 גרם-חדש,,400.00,100 גרם,false,1,27.50,6.88,true,1,23808
7290112495471,false,"קורנפלקס תלמה ללא גלוטן 500 גרם כשל""פ","מולינו ניקולי ,S.P.A ויה",,קורנפלקס כשלפ דגני,,500.00,100 גרם,false,1,28.90,5.78,true,1,24353
7290112495754,false,"רטבי הלמנס לסלט 300 מ""ל אלף האיים",יוניליוור ישראל מזון בעמ,,הלמנס לסלט אלף האיים,,290.00,"100 מ""ל",false,1,12.90,4.45,true,1,24568
7290112495761,false,"הלמנס רוטב לחיץ אלף האיים לייט 290 מ""ל",יוניליוור ישראל מזון בעמ,,הלמנס אלף האיים לייט,,305.00,100 גרם,false,1,12.90,4.23,true,1,26126
7290112495785,false,רוטב לסלט שום הלמנס 300ג,יוניליוור ישראל מזון בעמ,,הלמנס לסלט שום,,300.00,"100 מ""ל",false,1,12.90,4.30,true,1,24564
7290112495792,false,הלמנס רוטב לסלט שום לייט 300 גר',יוניליוור ישראל מזון בעמ,,רוטב שום לייט,,300.00,"100 מ""ל",false,1,12.90,4.30,true,1,25702
7290112495822,false,כריות BLACK בטעם שוקולד וניל תלמה 686 גרם,"יוניליוור שפע ישראל בע""\",,כריות Black,,686.00,100 גרם,false,1,25.00,3.64,false,1,24006
7290112496027,false,סירופ שוקולד אפיכל 580 גרם,יוניליוור ישראל מזון בע\,,אפיכל סירופ שוקולד,,580.00,100 גרם,false,1,20.00,3.45,true,1,24582
7290112496034,false,סירופ מייפל אפיכל 580 גרם,יוניליוור ישראל מזון בע\,,אפיכל סירופ מייפל,,580.00,100 גרם,false,1,20.00,3.45,true,1,24583
7290112496065,false,"פתית תירס כשל""פ 200 גרם",אקסטרודו בשיצ'\ה S.R.O ב,,פתית תירס 200גר ADRE,,200.00,100 גרם,false,1,20.00,10.00,false,1,28384
7290112496201,false,"אקס - בושם גוף טיקט לגבר שוקולד 17 מ""ל","קוסטר אירוסול, גבזה,",,אקס דארק טמפטיישן,,17.00,"100 מ""ל",false,1,22.00,129.41,true,1,25253
7290112496270,false,"פתית צ'יפס תפו""א בתוספת עגבניות ועשבי תיבול 22 גרם",JLM גלובל פודסn37\ דרך א,,פתית ציפס תפוא,,22.00,100 גרם,false,1,6.00,27.27,true,1,25692
7290112496287,false,פתית - צ'יפס בטטה בטעם טבעי 21 גרם,JLM גלובל פודסn37\ דרך א,,פתית ציפס בטטה,,21.00,100 גרם,false,1,6.00,28.57,true,1,25693
7290112496430,false,קנור נמס בכוס אקסטרה עגבניות+איטריות 37 גרם - רבנות,יוניליוור ישראל מזון בע\,,נמס עגבניות ואטריות,,39.00,100 גרם,false,1,5.50,14.10,true,1,27570
7290112496447,false,נמס בכוס אקסטרה טעם עוף עם המון אטריות 27ג',יוניליוור ישראל מזון בע\,,נמס עוף ואטריות,,28.00,100 גרם,false,1,5.90,21.07,true,1,27571
7290112496461,false,נמס בכוס אקסטרה מרק ירקות עם המון אטריות,יוניליוור ישראל מזון בע\,,נמס בכוס ירקות Xtra,,35.00,100 גרם,false,1,5.50,15.71,true,1,28555
7290112497901,false,חטיף קליק אוקיי קרם,"דרך השוקולד 1, צפת 1",,קליק בר במילוי קרם,,35.00,100 גרם,false,1,7.50,21.43,true,1,25207
7290112498069,false,#קוקומן ללא גלוטן כשלפ 375ג - חדש,"מולינו ניקולי ,S.p.A ויה",,קוקומן ללג כשלפ,,375.00,100 גרם,false,1,24.90,6.64,true,1,26414
7290112498250,false,תלמה קורנפלקס של אלופים 410 גרם,יוניליוור שפע ישראל,,קורנפלקס של אלופים,,410.00,100 גרם,false,1,17.90,4.37,true,1,26741
7290112498649,false,גלידת פסק זמן בטעם קוקוס,"מיוצר ע""\י גלידת שטראוס",,פיינט פסק זמן קוקוס,,290.00,100 גרם,false,1,23.00,7.93,true,1,24993
7290112498748,false,מיני סולרו וניל תות שדה 350 גרם,"מיוצר ע""\י גלידת שטראוס",,מאגדת מיני סולרו תות,,350.00,100 גרם,false,1,27.00,7.71,true,1,25761
7290112498786,false,קריספי קרמל בננה 76 ג' מגנום,"מיוצר ע""\י גלידת שטראוס",,מגנום קריספי קרמל,,76.00,100 גרם,false,1,12.50,16.45,true,1,25763
7290112498816,false,גלידונית בטעם פיסטוק 60,"גלידת שטראוס בע""\מ, רח'\",,גלידונית פיסטוק 60יח,,630.00,100 גרם,false,1,50.00,7.94,true,1,26660
7290112498823,false,מיקס עיגול בטעמי וניל וש,"מיוצר ע""\י גלידת שטראוס",,מיקס עיגול כשלפ,,70.00,100 גרם,false,1,10.00,14.29,true,1,26415
7290112498861,false,קרחון אסקימו מנגו,Unknown,,קרחון אסקימו מנגו,,75.00,100 גרם,false,1,4.00,5.33,true,1,26654
7290112498878,false,שלגון קורנטו פסק זמן ריבת חלב,"מיוצר ע""\י גלידת שטראוס",,קורנטו פסק זמן,,64.00,100 גרם,false,1,10.00,15.62,true,1,26791
7290112498885,false,מאגדת גודי'ז תותים ושוקולד לבן 235 גרם,"גלידת שטראוס בע""\מ, רח'\",,מ.גודיס תותים ש.לבן,,235.00,100 גרם,false,1,27.00,11.49,true,1,26659
7290112498892,false,אסקימו דובדבן אבטיח,יוניליוור,,קרחון דובדבן אבטיח,,75.00,100 גרם,false,1,4.00,5.33,true,1,26655
7290112498908,false,מאגדת קורנטו בננהשוקוציפ,"מיוצר ע""\י גלידת שטראוס",,קורנטו מ.בננה שוקו צ,,390.00,100 גרם,false,1,36.00,9.23,true,1,27858
7290112498915,false,מאגדת מיני מגנום שקדים מובחר שטראוס 250 גרם,"מיוצר ע""\י גלידת שטראוס",,מ.מיני מגנום שקדים,,250.00,100 גרם,false,1,28.00,11.20,true,1,26905
7290112498922,false,מאגדת מיני מגנום לבן שטראוס 250 גרם,"מיוצר ע""\י גלידת שטראוס",,מ.מיני מגנום ש.לבן,,250.00,100 גרם,false,1,28.00,11.20,true,1,26906
7290112498939,false,שלגון בומבה בטעם וניל 80 גרם,"מיוצר ע""\י גלידת שטראוס",,שלגון בומבה,,84.00,100 גרם,false,1,11.50,13.69,true,1,26891
7290112498946,false,קשת בענן ארטיק ילדים שטראוס 47 גרם,"גלידת שטראוס בע""\מ, רח'\",,קשת בענן ארטיק חלב,,47.00,100 גרם,false,1,8.90,18.94,true,1,28167
7290112499080,false,סולרו בר קוקוס 86 מ''ל ימות''ש,"מיוצר ע""\י גלידת שטראוס",,סלורו בר קוקוס,,65.00,100 גרם,false,1,11.50,17.69,true,1,28168
7290112499097,false,מאגדת מיני מגנום מריר Intense Dark! 240 גרם,"מיוצר ע""\י גלידת שטראוס",,מאגדת מגנום מ.מריר,,240.00,100 גרם,false,1,28.00,11.67,true,1,28169
7290112499103,false,טילון קורנטו קליק וניל עוגיות שטראוס 72 גרם,"צר ע""\י גלידת שטראוס בע\",,קורנטו וניל ק.עוגיות,,72.00,100 גרם,false,1,10.00,13.89,true,1,28626
7290112499110,false,טילון קליק בטעם שוקולד 72 ג' שטראוס,שטראוס גרופ גלידות,,קורנטו קליק שוקולד,,70.00,100 גרם,false,1,10.00,14.29,true,1,29227
7290112499127,false,שלגון גלידה שוקולד לבן ותות 77 גרם,"מיוצר ע""\י גלידת שטראוס",,מגנום ש.לבן תות,,77.00,100 גרם,false,1,12.50,16.23,true,1,28170
7290112499141,false,סולרו וניל ותפוח ירוק 76 ג' שטראוס,שטראוס גרופ גלידות,,סולרו וניל ת.ירוק,,76.00,100 גרם,false,1,12.90,16.97,true,1,28627
7290112499189,false,"גלידת קרמיסימו חד קרן וניל תות, 1.33 ליטר","גלידת שטראוס בע""\מ, רחוב",,קרמיסימו חד קרן,,706.00,100 גרם,false,1,25.00,3.54,true,1,29228
7290112499196,false,גלידה בטעם החלב של הקורנפלקס 1.33 ל' קרמיסימו,"גלידת שטראוס בע""\מ, רחוב",,קרמיסימו ח.קורנפלקס,,706.00,100 גרם,false,1,25.00,3.54,true,1,29229
7290112499219,false,שלגון שמנת מופחת שומן וקלוריות בטעם פיסטוק עם ריפל בטעם שוקולד מריר וציפוי חלקי של שוקולד חלב מעולה,"גלידת שטראוס בע""\מ, רחוב",,גודיז פ.שוקולד,,235.00,100 גרם,false,1,27.00,11.49,true,1,28628
7290112499226,false,גלידונית קרמיסימו פיסטוק בננה 630 גרם,"גלידת שטראוס בע""\מ, רחוב",,גלידונית פיסטוק בננה,,700.00,100 גרם,false,1,50.00,7.14,true,1,29630
7290112499257,false,שלגון שוקובו שטראוס,שטראוס גרופ גלידות,,שוקובו לבן,,85.00,100 גרם,false,1,11.50,13.53,false,1,29593
7290112499455,false,פינוק תחליב רחצה 700 בתוספת שמן מרוקאי,יוניליוור ישראל טיפוח אי,,פינוק ת.רחצה 700,,700.00,"100 מ""ל",false,1,14.00,2.00,true,1,27140
7290112499639,false,טילון סופר מגנום וניל צ'יפ שוקולד 110 גרם,"מיוצר ע""\י גלידת שטראוס",,מגנום טילון שוק.ציפ,,110.00,100 גרם,false,1,12.50,11.36,true,1,24188
7290112499646,false,"מעדן קפוא בטעם וניל עם וופל 108 גרם ""קורנטו""","מיוצר ע""\י גלידת שטראוס",,קורנטו סופר פקאן,,108.00,100 גרם,false,1,12.50,11.57,true,1,24457
7290112499677,false,מגנום וניל בציפוי שוקולד לבן,"מיוצר ע""\י גלידת שטראוס",,מגנום שוקולד לבן,,85.00,100 גרם,false,1,12.50,14.71,true,1,24189
7290112499738,false,קרחון שרבט פרווה בטעם מלון 90 גרם,"מיוצר ע""\י גלידת שטראוס",,קרחון שרבט בטעם מלון,,90.00,100 גרם,false,1,7.90,8.78,true,1,24192
7290112499776,false,גלידת שמנת מופחתת שומן וקלוריות בטעם שוקולד לבן 240 גרם,"גלידת שטראוס בע""\מ, רח'\",,מאגדת גודיז 3שוקולדי,,24.00,100 גרם,false,1,27.00,112.50,true,1,24994
7290112499813,false,קרחון שרבט בטעם אבטיח פרווה 75 גרם,"גלידת שטראוס בע""\מ, רח'",,קרחון אסקימו אבטיח,,75.00,100 גרם,false,1,4.00,5.33,true,1,24456
7290112499837,false,"שלגון בטעם שוקולד עם נוגט ""מגנום""","מיוצר ע""\י גלידת שטראוס",,מ.דאבל שוקולד נוגט,,90.00,100 גרם,false,1,12.50,13.89,true,1,24195
7290112499844,false,מאגדת מיני מגנום דואט שוקולד עם נוגט שטראוס 310 גרם,"מיוצר ע""\י גלידת שטראוס",,מגנום מ.דואט ש.נוגט,,310.00,100 גרם,false,1,28.00,9.03,true,1,24196
7290112499851,false,גלידת שמנת בטעם וניל עם פירורי עוגיות 57 גרם,"גלידת שטראוס בע""מ, ר",,מגנום בטעם בראוניז,,58.00,100 גרם,false,1,11.50,19.83,true,1,24669
7290112499868,false,מאגדת מיני מגנום טבעוני פרווה 250 גרם,"גלידת שטראוס בע""\מ, רח'\",,מיני מגנום טבעוני,,250.00,100 גרם,false,1,28.00,11.20,false,1,24461
7290112499905,false,טילון קורניטו קליק בטעם מרשמלו 72 גרם,"מיוצר ע""\י גלידת שטראוס",,קורנטו קליק מרשמלו,,72.00,100 גרם,false,1,10.00,13.89,true,1,24670
7290112499929,false,מגנום שוקולד אימפלס פסח 120מל,"מיוצר ע""\י גלידת שטראוס",,שלגון מגנום שוקולד,,85.00,100 גרם,false,1,12.50,14.71,true,1,24198
7290112499936,false,מגנום שקדים אימפלס פסח 125מל,"מיוצר ע""\י גלידת שטראוס",,שלגון מגנום שקדים,,85.00,100 גרם,false,1,12.50,14.71,true,1,24199
7290112499943,false,מיני מאגדת מיני מגנום טעמים שונים וניל+שוקו,"גלידות שטראוס בע""\מ, רח\",,מ.מיני מ.קלאסיק שוקו,,250.00,100 גרם,false,1,28.00,11.20,true,1,24200
7290112499974,false,מאגדת מיני פסק זמן על מקל,"גלידת שטראוס בע""\מ, רח'\",,מאגדת מיני פסק זמן,,280.00,100 גרם,false,1,30.00,10.71,true,1,24580
7290112499981,false,שלגון פסק זמן בטעם נוגט 74 גרם,"גלידת שטראוס בע""\מ, רח'",,שלגון פסק זמן,,74.00,100 גרם,false,1,13.00,17.57,true,1,24581
7290112960542,false,בונזור לחם מחמצת קלמטה קנוי 12*480גר,בונז'ור,,לחם מחמצת קלמטה,,480.00,100 גרם,false,1,22.90,4.77,true,1,22184
7290112960566,false,בונזור לחם מחמצת שאור קנוי 12*480גר,בונז'ור,,לחם מחמצת שאור,,480.00,100 גרם,false,1,22.90,4.77,true,1,22185
7290112960580,false,בונזור לחם מחמצת כוסמין 12*480גר קנוי,בונז'ור,,לחם מחמצת כוסמין,,480.00,100 גרם,false,1,22.90,4.77,true,1,23304
7290112960603,false,בונז'ור לחם מחמצת אגוזים צימוקים 480ג',בונז'ור,,לחם מחמצת אגוז צימוק,,480.00,100 גרם,false,1,22.90,4.77,true,1,22186
7290112960719,false,בונז'ור בגט מחמצת רוסטיק 240ג',בונז'ור,,באגט רוסטיק,,240.00,100 גרם,false,1,11.90,4.96,true,1,24203
7290112960856,false,טילון אקסטרים115-120 גרם מטבע שוקולד בטעם לוז נוגט נסטלה 115 גרם,גלידות נסטלה )נגה גלידות,,אקסטרים שוקול+ר.חלב,,115.00,100 גרם,false,1,12.90,11.22,true,1,22782
7290112960986,false,מאגדת דובדבן אננס 700 גר,גלידות נסטלה )נגה גלידות,,קרח דובדבן-אננס,,821.00,100 גרם,false,1,18.00,2.19,true,1,22783
7290112961181,false,אסם נודלס אטריות אורז דקיקות 16*300ג,מיוצר עי קונדיטוריית,,נודלס א.אורז כשלפ,,300.00,100 גרם,false,1,11.90,3.97,true,1,26416
7290112961266,false,בייגלה כפיות פיזור איטלקי אסם 300 גרם,"אסם תעשיות בע""מ",,בייגלה איטלקי 300 גר,,300.00,100 גרם,false,1,14.50,4.83,true,1,26127
7290112961327,false,בייגלה כפיות פיזור כפרי אסם 300 גרם,"אסם תעשיות בע""מ",,בייגלה כפרי 300 גר,,300.00,100 גרם,false,1,14.50,4.83,true,1,26128
7290112961372,false,פיטנס חטיפי פריכיות דקות קינמון 60 גרם,"פרח תעשיות מזון בע""\מ",,פיטנס ח.פריכ קינמון,,60.00,100 גרם,false,1,11.90,19.83,true,1,22784
7290112961464,false,פיטנס חטיפי פריכיות דגנים וחומוס מתובלות,"פרח תעשיות מזון בע""\מ",,פיטנס ח.פריכ מתובל,,60.00,100 גרם,false,1,11.90,19.83,true,1,22785
7290112961785,false,לה פרוטה לימונע-תפוח,המאפיה של הרמן,,לה פרוטה לימונע-תפוח,,70.00,100 גרם,false,1,9.90,14.14,true,1,22521
7290112962003,false,שלגון קראנץ וניל עוגיות עם שוקולד נסטלה 90 גרם,גלידות נסטלה )נגה גלידות,,קראנץ וניל עוגיות,,103.20,100 גרם,false,1,12.90,12.50,true,1,22522
7290112962546,false,מאגדת לה פרוטה מלון תפוח 350 גרם 5 יחידות,שוורצקוף& הנקל דיסלד,,לה פרוטה מלון תפוח,,462.00,100 גרם,false,1,27.90,6.04,true,1,26129
7290112962584,false,ביסלי שווארמה 60 גרם,"אסם השקעות בע""\מ",,אח של ביסלי שווארמה,,60.00,100 גרם,false,1,6.90,11.50,true,1,24758
7290112962652,false,"אסם אבקת מרק טעם עוף כשל""פ 800 גרם","אסם השקעות בע""\מ",,אבקת מרק טעם עוף כלפ,,800.00,100 גרם,false,1,15.90,1.99,false,1,28385
7290112962751,false,מעדן קפוא בטעם וניל עם שברי עוגיות וציפוי,שוורצקוף& הנקל דיסלד,,שלגון אוראו,,65.00,100 גרם,false,1,9.90,15.23,true,1,22788
7290112962775,false,מאגדת שלגון אוראו 260 ג,פרונרי איברייה ס.ל. אזור,,מאגדת שלגוני אוראו,,260.00,100 גרם,false,1,35.00,13.46,true,1,24204
7290112963727,false,בונז'ור עוגת קראנץ' קינמון 650 גרם,בונז'ור,,בונזור ע.קראנץ קנמון,,650.00,100 גרם,false,1,24.90,3.83,true,1,22864
7290112963802,false,קרואסאן שקדים חלבי 113ג' בונז'ור,Unknown,,בונזור קרואסון שקדי,,113.00,100 גרם,false,1,12.00,10.62,true,1,22883
7290112963918,false,פיטנס חטיפי קרקר דק רוזמרין 140 גרם,נסטלה Nestle,,פיטנס קרקר רוזמרין,,140.00,100 גרם,false,1,15.90,11.36,true,1,23523
7290112964410,false,אסם רוטב אלף האיים חדש לסלט 290 גרם,"אסם תעשיות בע""מ",,רוטב אלף האיים לסלט,,290.00,100 גרם,false,1,12.90,4.45,true,1,23524
7290112964458,false,רוטב ויניגרט חדש לסלט 295 גרם אסם,"אסם תעשיות בע""מ",,אסם רוטב סלט ויניגרט,,295.00,100 גרם,false,1,12.90,4.37,true,1,26130
7290112964472,false,אסם רוטב שום חדש לסלט 290 גרם,"אסם תעשיות בע""מ",,רוטב שום לסלט,,290.00,100 גרם,false,1,12.90,4.45,true,1,23525
7290112964687,false,בונז'ור לחם מחמצת דגנים 12*480גר,בונז'ור,,לחם מחמצת דגנים,,480.00,100 גרם,false,1,22.90,4.77,true,1,24208
7290112965240,false,אוסם - מרק נמס עגבניות זוג 30 גרם * 2,"אסם תעשיות בע""מ",,זוג מרק נמס עגבניות,,60.00,100 גרם,false,1,6.90,11.50,true,1,29836
7290112965264,false,אבקת מרק נמס אפונה אסם בדצ 52 גרם מארז זוגי,"אסם תעשיות בע""מ",,זוג מרק נמס אפונה,,52.00,100 גרם,false,1,6.90,13.27,true,1,29837
7290112965288,false,מרק נמס ירקות אסם בדצ 56 גרם מארז זוגי,"אסם תעשיות בע""מ",,זוג מרק נמס ירקות,,56.00,100 גרם,false,1,6.90,12.32,true,1,29838
7290112965301,false,זוג מרק נמס בטעם עוף עם שקדי מרק רגע חם,"אסם תעשיות בע""מ",,זוג מרק נמס טעם עוף,,52.00,100 גרם,false,1,6.90,13.27,true,1,29839
7290112965660,false,פיטנס - חטיף מולטיגריין מלח פלפל 25 גרם,מיוצר עי קונדיטוריית,,חטיף מולטי גרין,,25.00,100 גרם,false,1,6.90,27.60,true,1,25765
7290112965684,false,פיטנס - חטיף מולטיגריין עשבי תיבול 25 גרם,מיוצר עי קונדיטוריית,,חטיף עשבי תיבול,,25.00,100 גרם,false,1,6.90,27.60,true,1,25766
7290112965745,false,אוסם - ביסלי פריסטייל בצל מעושן 60 גרם,"אסם השקעות בע""\מ",,ביסלי בצל מעושן,,60.00,100 גרם,false,1,7.50,12.50,true,1,27080
7290112965783,false,אוסם - ביסלי פריסטייל על האש 60 גרם,"אסם השקעות בע""\מ",,ביסלי על האש,,60.00,100 גרם,false,1,7.50,12.50,true,1,27081
7290112965806,false,אוסם - ביסלי פריסטייל חמוץ חריף 60 גרם,"אסם תעשיות בע""מ",,ביסלי חמוץ חריף,,60.00,100 גרם,false,1,7.50,12.50,true,1,27082
7290112965905,false,אסם בייגלה שמיניות במליחות מעודנת 400 גרם,מיוצר עי קונדיטוריית,,אסם בייגלה 400גר,,400.00,100 גרם,false,1,14.50,3.62,true,1,26134
7290112965981,false,"טבעול גורמה ארוחת דגנים, 450 גרם",טבעול (מקבוצת אסם הש,,טבעול ארוחת דגנים,,450.00,100 גרם,false,1,35.90,7.98,false,1,28843
7290112966001,false,"טבעול גורמה ארוחת ירוקים, 450 גרם",טבעול (מקבוצת אסם הש,,טבעול ארוחת ירוקים,,450.00,100 גרם,false,1,35.90,7.98,false,1,28844
7290112966070,false,לחמית כוסמין+גרע.דלעת160,"אסם תעשיות בע""מ",,לחמית כוסמין גרעינים,,160.00,100 גרם,false,1,12.90,8.06,false,1,27572
7290112966186,false,אפרופו מצ.שוקולד מריר40ג,מולינו ניקולי s.p.a,,אפרופו שוקולד מריר,,40.00,100 גרם,false,1,8.00,20.00,true,1,23711
7290112966209,false,אפרופו מצ.שוקולד לבן40ג,מולינו ניקולי s.p.a,,אפרופו שוקולד לבן,,40.00,100 גרם,false,1,8.00,20.00,true,1,23712
7290112966247,false,לחמית כוסמין 200 גרם אסם,"אסם תעשיות בע""מ",,לחמית כוסמין 200 גר,,200.00,100 גרם,false,1,12.90,6.45,false,1,27573
7290112966445,false,במבה מתוקה אריזה גדולה 100 ג' אסם,"אסם השקעות בע""\מ",,במבה מתוקה 100,,100.00,100 גרם,false,1,12.50,12.50,true,1,23713
7290112966803,false,אסם פודינג אינסטנט שוקולד 88 גרם,"אסם השקעות בע""\מ",,פודינג שוקולד אסם,,88.00,100 גרם,false,1,6.90,7.84,true,1,24031
7290112966827,false,אסם אינסטנט פודינג שוקולד כלפ 12*90גרם,מיוצר עי קונדיטוריית,,פודינג שוקולד כשלפ,,90.00,100 גרם,false,1,7.90,8.78,true,1,26418
7290112966841,false,אינסטנט פודינג בטעם שוקולד מריר 95 גרם,מיוצר עי קונדיטוריית,,אסם פודינג ש.מריר,,90.00,100 גרם,false,1,6.90,7.67,true,1,26249
7290112967114,false,פיטנס חטיפי פריכיות קטניות ופלפל 60 גרם,"פרח תעשיות מזון בע""\מ",,חטיפי פריכיות ופלפל,,60.00,100 גרם,false,1,11.90,19.83,true,1,24759
7290112967381,false,פיטנס חטיפי פריכיות קטניות ומלח ים 60 גרם,"פרח תעשיות מזון בע""\מ",,חטיפי פריכיות מלח ים,,60.00,100 גרם,false,1,11.90,19.83,true,1,24760
7290112967404,false,"רוטב אלף האיים כשל""פ290ג","אסם תעשיות בע""מ",,רוטב אלף האיים כשלפ,,290.00,100 גרם,false,1,13.90,4.79,true,1,26419
7290112967510,false,בונזור בייבי חליות 90 ג',בונז'ור,,בייבי חליות בונזור,,90.00,100 גרם,false,1,2.90,3.22,true,1,24034
7290112967596,false,רוטב טריאקי כשר לפסח290מ,"אסם השקעות בע""\מ",,אסם טריאקי כלפ 9*290,,360.00,100 גרם,false,1,14.00,3.89,false,1,28386
7290112968203,false,צבר סלט טחינה בלאדי 6*250גרם,שוורצקוף& הנקל דיסלד,,צבר סלט טחינה 250 גר,,250.00,100 גרם,false,1,13.00,5.20,true,1,26137
7290112968340,false,צבר חומוס גרוס גס גס 400 גרם,שוורצקוף& הנקל דיסלד,,צבר חומוס גרוס 400גר,,400.00,100 גרם,false,1,16.00,4.00,true,1,26138
7290112968807,false,פיטנס - קרקר דק סלק 140 גרם,מפעל אסם יקנעם,,קרקר דק סלק,,140.00,100 גרם,false,1,15.90,11.36,true,1,25767
7290112968821,false,פיטנס - קרקר דק בטטה 140 גרם,מפעל אסם יקנעם,,קרקר דק בטטה,,140.00,100 גרם,false,1,15.90,11.36,true,1,25768
7290112969071,false,פרפקטו פסטה רדיאטורי 12*500גרם,ניולט פוד ס.פ.א,,פסטה רדיאטורי,,500.00,100 גרם,false,1,12.90,2.58,true,1,26728
7290113192355,false,חרוזית זיתים ירוקים ללא גלעין 275 ג' בית השיטה,בית-השיטה עסיס תעשיות מז,,בית השיטה חרוזית,,275.00,100 גרם,false,1,11.50,4.18,true,1,24531
7290113192362,false,זיתים ירוקים טבעות A2 בית השיטה 280 גרם,בית-השיטה עסיס תעשיות מז,,ב.השיטה טבעות זיתים,,280.00,100 גרם,false,1,13.00,4.64,true,1,24532
7290113192379,false,בית השיטה זיתים ירוקים מבוקעים א2 340גר',"בית-השיטה תעשיות בע""\מ",,ב.השיטה זיתים ירוקים,,340.00,100 גרם,false,1,12.00,3.53,true,1,24533
7290113192478,false,בית השיטה מלפפונים במלח בינוני 10-12 320 גרם,בית-השיטה עסיס תעשיות מז,,ב.השיטה מלפפון במלח,,320.00,100 גרם,false,1,9.90,3.09,true,1,24534
7290113192508,false,בית השיטה מלפפונים במלח קטן 1317 320 גרם,בית-השיטה עסיס תעשיות מז,,ב.השיטה מלפפון במלח,,320.00,100 גרם,false,1,9.90,3.09,true,1,24535
7290113192522,false,בית השיטה מלפפונים בחומץ קטן מאוד 1825 290 גרם,בית-השיטה עסיס תעשיות מז,,ב.השיטה מלפפון בחומץ,,290.00,100 גרם,false,1,9.90,3.41,false,1,24536
7290113192539,false,בית השיטה מלפפונים במלח גדול 79 320 גרם,בית-השיטה עסיס תעשיות מז,,ב.השיטה מלפפון במלח,,320.00,100 גרם,false,1,7.90,2.47,true,1,24537
7290113192546,false,"מלפפונים בחומץ רכיבים טבעיים 7-9 ""בית השיטה""",בית-השיטה עסיס תעשיות מז,,ב.השיטה מלפפון בחומץ,,290.00,100 גרם,false,1,7.90,2.72,true,1,24538
7290113193031,false,חרוזית קלמטה - זיתים שחורים ללא גלעין קלמטה,"בית השיטה תעשיות בע""\מ",,בית השיטה חרוזית 275,,275.00,100 גרם,false,1,16.50,6.00,true,1,26139
7290113194359,false,זיתים מגולענים בנוסח אנדלוס 215 גר,"בית השיטה תעשיות בע""\מ",,זיתים מגולענים,,450.00,100 גרם,false,1,15.00,3.33,true,1,26722
7290113198241,false,קשיו ענק קלוי בצנצנת,דין שיווק,,קשיו ענק צנצנת,,200.00,100 גרם,false,1,19.90,9.95,true,1,27304
7290113198258,false,פיסטוק ענק קלוי בצנצ,דין שיווק,,פסטוק ענק צנצנת,,170.00,100 גרם,false,1,18.90,11.12,true,1,27305
7290113198265,false,שקד ענק קלוי בצנצנת,דין שיווק,,שקד קלוי ענק צנצנת,,200.00,100 גרם,false,1,19.90,9.95,true,1,27306
7290113198272,false,תערובת פיצוחים פרימי,דין שיווק,,ת.פיצוחים צנצנת,,200.00,100 גרם,false,1,19.90,9.95,true,1,27307
7290113198289,false,בוטנים קלויים בצנצנת,דין שיווק,,בוטנים קלויים צנצנת,,220.00,100 גרם,false,1,16.90,7.68,true,1,27308
7290113199613,false,חטיף שומשום עם שקדים וחמוציות ללא.ס 220 ג' שקדיה,"שקדיה גבע תעשיות בע""",,מנצס בצנצנת,,130.00,100 גרם,false,1,16.90,13.00,true,1,28171
7290113199637,false,"חטיף בוטנים גרעיני דלעת חמוציות שומשום זרעי פשתן ציה לל""ס","שקדיה גבע תעשיות בע""",,חטיף סויה ק.צנצנת,,140.00,100 גרם,false,1,16.90,12.07,true,1,28172
7290113199859,false,מגש אירוח סוכריות גומי 350 ג' שקדיה,טופגאם תעשיות ממתקים,,מ.ארוח סוכריות גומי,,0.00,,false,1,19.90,0.00,false,1,29828
7290113199866,false,מגש אירוח אגוזים קלויים וחטיפים מלוחים מקל 450 ג',דין שיווק,,מגש אירוח פיצוחים,,450.00,100 גרם,false,1,39.90,8.87,true,1,29815
7290113242029,false,בקבוק אלכוג'ל 500 מ:ל [20],Unknown,,גל אלכוהול 70% 500 ל,,500.00,"100 מ""ל",false,1,21.00,4.20,true,1,24379
7290113420138,false,מטריה הפוכה אפורה,Unknown,,מטריה הפוכה אפורה,,0.00,,false,1,29.90,0.00,false,1,25287
7290113420342,false,רצועת TRX,Unknown,,רצועת TRX,,0.00,,false,1,129.00,0.00,false,1,28449
7290113450530,false,סוכריות אבטיח גומי,Unknown,,סוכריות אבטיח גומי,,200.00,100 גרם,false,1,12.90,6.45,true,1,23679
7290113452848,false,קטי גומי אבטיח 200 ג,טופגם,,גומי אבטיח 200 גר,,200.00,100 גרם,false,1,12.90,6.45,true,1,28451
7290113452855,false,סוכריות גומי יין ארו,טופגם,,גומי יין תנתה,,200.00,100 גרם,false,1,12.90,6.45,true,1,28452
7290113452862,false,סוכריות גומי נחש מוב,טופגם,,נחש מוברק 200גרם,,200.00,100 גרם,false,1,12.90,6.45,true,1,27574
7290113452879,false,סוכריות גומי בננה אר,טופגם,,בננה 200גרם,,200.00,100 גרם,false,1,12.90,6.45,true,1,27575
7290113452886,false,סוכריות גומי נחש חמו,טופגם,,נחש חמוץ 200גרם,,200.00,100 גרם,false,1,12.90,6.45,true,1,27576
7290113452916,false,סוכריות גומי קולה קט,טופגם,,בקבוק קולה 200ג,,200.00,100 גרם,false,1,12.90,6.45,true,1,28453
7290113452923,false,סוכריות גומי לב אפרס,טופגם,,לב אפרסק 200 גרם,,200.00,100 גרם,false,1,12.90,6.45,true,1,28454
7290113452930,false,סוכריות גומי דובי מו,טופגם,,גומי דובנים מוברק,,200.00,100 גרם,false,1,12.90,6.45,true,1,27577
7290113452947,false,שטיח פירות מתוקים,Unknown,,שטיח פירות מתוקים,,78.00,100 גרם,false,1,10.90,13.97,true,1,28455
7290113452954,false,שטיח חמוץ תות,Unknown,,שטיח חמוץ תות,,78.00,100 גרם,false,1,10.90,13.97,true,1,28456
7290113452978,false,שטיח בטעם אבטיח,Unknown,,שטיח בטעם אבטיח,,78.00,100 גרם,false,1,10.90,13.97,true,1,28458
7290113452985,false,קטי תות ממולא 150 גר,טופגם,,לקריץ תות מבריק,,150.00,100 גרם,false,1,12.90,8.60,true,1,28459
7290113453012,false,לקריץ תות מסוכר 150ג,Unknown,,לקריץ תות מסוכר 150ג,,150.00,100 גרם,false,1,12.90,8.60,true,1,28461
7290113453036,false,גלי בינס תנתה,Unknown,,גלי בינס תנתה,,100.00,100 גרם,false,1,10.90,10.90,true,1,28462
7290113453043,false,סוכריות גומי תות קטן,טופגם,,תות מוברק 200ג,,200.00,100 גרם,false,1,12.90,6.45,true,1,27294
7290113453050,false,סוכריות גומי תות קטן,טופגם,,תות קטן חמוץ,,200.00,100 גרם,false,1,12.90,6.45,true,1,27295
7290113500556,false,פס עוגת אפויה שמנת,Unknown,,פס גבינה אפויה,,0.00,,false,1,69.00,0.00,false,1,29074
7290113500617,false,פס גבינה פירורים,Unknown,,פס גבינה פירורים,,0.00,,false,1,69.00,0.00,false,1,29075
7290113594326,false,סוכריה על מקל 85 גרם בדיספליי - סווירל צבעוני LOL,Unknown,,סוכריה על מקל LOL,,85.00,100 גרם,false,1,11.90,14.00,true,1,28928
7290113594562,false,שלישיית ב.שוקולד סמי,Unknown,,שלישיית ב.שוקולד סמי,,1.00,יחידה,false,1,18.90,18.90,true,1,28929
7290113594579,false,שלישיית ביצי שוקולד(חלב נוכרי)-מפרץ הרפתקאות,Unknown,,שלישיית ב.ש.מפרץ,,1.00,יחידה,false,1,18.90,18.90,true,1,28930
7290113594616,false,שלישיית ביצי שוקולד חד קרן,Unknown,,שלישיית ב.שוקולד קרן,,1.00,יחידה,false,1,18.90,18.90,true,1,28931
7290113594623,false,שלישיית ביצי שוקולד(חלב נוכרי)-LOL,שמחה זה אנחנו,,שלישיית ב.שוקולד LOL,,1.00,יחידה,false,1,18.90,18.90,true,1,28932
7290113660182,false,נפנף למנגל ארטוס,Unknown,,נפנף למנגל ארטוס,,0.00,,false,1,4.90,0.00,false,1,26580
7290114310215,false,"שמנת מתוקה 38% רמת הגולן 250 מ""ל ווסטהיים - מוצר בפיקוח",מילקו תעשיות בעמ,,שמנת מתוקה 38%,,250.00,"100 מ""ל",false,1,6.47,2.59,true,1,27013
7290114310260,false,קוטג טרה 35 ג חלבון,Unknown,,קוטג טרה 35 ג חלבון,,250.00,100 גרם,false,1,8.50,3.40,false,1,28203
7290114310611,false,"משקה חלב בננה בבקבוק פקק ספורט טרה 250 מ""ל",Unknown,,טרה משקה בננה,,250.00,"100 מ""ל",false,1,7.20,2.88,true,1,26997
7290114310901,false,"גבינה לבנה ""טרה"" 5% -מוצר בפיקוח",Unknown,,גבינה לבנה 5% 250 ג,,250.00,100 גרם,false,1,4.98,1.99,false,1,27239
7290114310918,false,גבינת קוטג 5% מועשר,Unknown,,קוטג 5% 250 ג,,250.00,100 גרם,false,1,5.90,2.36,true,1,27241
7290114310932,false,יוגורט תפוז רימון3% 150ג,Unknown,,מולר Froop רימון 3%,,150.00,100 גרם,false,1,5.70,3.80,false,1,27726
7290114310956,false,חלב 3% בבקבוק בדצ 1 ליטר,Unknown,,חלב 3% 1 ליטר בקבוק,,1.00,1 ליטר,false,1,6.23,6.23,false,1,27236
7290114311014,false,"משקה חלב אייס קפוצ'ינו פקק ספורט טרה 250 מ""ל",מילקו תעשיות בעמ,,טרה אייס קפוצינו250,,250.00,"100 מ""ל",false,1,7.20,2.88,false,1,28845
7290114311021,false,"משקה חלב וניל עוגיות פקק ספורט טרה 250 מ""ל",Unknown,,טרה משקה וניל עוגיות,,250.00,"100 מ""ל",false,1,7.20,2.88,false,1,28846
7290114311038,false,"שמנת מתוקה 32% עמידה בבקבוק טרה 250 מ""ל",מילקו תעשיות בעמ,,שמנת מתוקה בדצ,,250.00,"100 מ""ל",false,1,6.18,2.47,false,1,28847
7290114311069,false,יוגורט לבן מועשר בחלבון 0% שומן 200 גרם muller active,מולר Muller,,מולר אקטיב 25 חלבון,,200.00,100 גרם,false,1,6.90,3.45,false,1,28463
7290114311090,false,מולר נטורל גרנולה דבש177,Unknown,,מולר גרנולה דבש,,177.00,100 גרם,false,1,8.30,4.69,false,1,28464
7290114311106,false,מולר נטורל גרנו+סילאן177,Unknown,,מולר גרנולה וסילאן,,177.00,100 גרם,false,1,7.90,4.46,false,1,28465
7290114311168,false,גבינת נעם טעם כמהין,מילקו תעשיות בעמ,,נעם בטעמים כמהין,,200.00,100 גרם,false,1,24.90,12.45,false,1,28848
7290114311175,false,גבינה נעם בטעם זיתים,מילקו תעשיות בעמ,,נעם בטעמים זיתים,,200.00,100 גרם,false,1,24.90,12.45,false,1,28849
7290114311298,false,יוגורט מולר פרופ בטעם תות בננה מלון 150,מולר Muller,,מולר תות בננה מלון,,150.00,100 גרם,false,1,5.70,3.80,false,1,29379
7290114311328,false,חלב מועשר דל לקטוז מעושר בויטמין Dי 2% שומן טרה 1 ליטר,ג'י.אר.אמ.גרופו אלימ,,חלב נטול לקטוז,,1.00,1 ליטר,false,1,9.50,9.50,false,1,29380
7290114311434,false,מולר אקטיב יוגורט חלבון קרמל מלוח 200 גרם,מילקו,,מולר אקטיב קרמל0%,,200.00,100 גרם,false,1,6.50,3.25,false,1,29649
7290114311441,false,מולר אקטיב יוגורט חלבון עוגיות חמאה 200 גרם,מילקו,,מולר אקטיב עוגיות,,200.00,100 גרם,false,1,6.50,3.25,false,1,29650
7290114311458,false,חלב בקרטון מועשר ויטמין D 3% 1 ליטר,Unknown,,קרטון חלב וויטמין D1,,0.00,,false,1,8.50,0.00,false,1,29540
7290114311496,false,קרטון חלב מועשר 1% שומן 1 ליטר טרה,Unknown,,קרטון חלב מועשר 1%,,0.00,,false,1,8.50,0.00,false,1,29541
7290114311502,false,משקה חלב סחלב,Unknown,,משקה חלב סחלב,,1.00,1 ליטר,false,1,12.90,12.90,false,1,29701
7290114600927,false,מאסטר שף עלי טורטייה חיטה מלאה 320 גרם,אלקאטי קורביישיסי גי,,מאסטר שף עלי טורטיה,,320.00,100 גרם,false,1,11.90,3.72,true,1,29381
7290114653541,false,שלישיית ביצי שוקולד(חלב נוכרי) - כוח פי גיי,שמחה זה אנחנו,,שלישיית ב.שוקולד כוח,,1.00,יחידה,false,1,18.90,18.90,true,1,28933
7290114657280,false,מיני פופ סוכריה על מקל עם כדור 8גר כוח פי גיי,Unknown,,מיני סוכריה כדור כוח,,8.00,100 גרם,false,1,14.90,186.25,true,1,28934
7290114657297,false,מיני פופ סוכריה על מקל עם כדור 8גר LOL,Unknown,,מיני סוכריה כדור LOL,,8.00,100 גרם,false,1,14.90,186.25,true,1,28935
7290114659529,false,מיני פופ סוכריה על מקל(5 יח) 40 גר' - LOL,Unknown,,מיני פופ סוכריה LOL,,40.00,100 גרם,false,1,14.90,37.25,true,1,28936
7290114720250,false,פוג'יקום מטען סוללות USB אוניברסלי,פוג'יקום,,מ.סוללות USBאוניבסלי,,0.00,,false,1,79.90,0.00,false,1,24355
7290114825320,false,אוראו רמיקס פטל וניל,Unknown,,אוראו רמיקס פטל וניל,,157.00,100 גרם,false,1,9.90,6.31,true,1,29133
7290114825337,false,אוראו קרם וניל 157ג,Unknown,,אוראו קרם וניל 157ג,,157.00,100 גרם,false,1,9.90,6.31,true,1,29134
7290115043440,false,ריפרש אל סבון לידיים מאס,Unknown,,סבון לידיים מאסק,,1.00,1 ליטר,false,1,10.00,10.00,true,1,29271
7290115043464,false,ריפרש סבון לידיים לבנדר,Unknown,,סבון לידיים לבנדר,,1.00,1 ליטר,false,1,10.00,10.00,true,1,29272
7290115073676,false,מסכה לפנים חד פעמי 50 יח צבעוניות,שמחה זה אנחנו,,מארז 50 מסכות שחורות,,50.00,יחידה,false,1,17.90,0.36,false,1,25112
7290115073713,false,שלישיית ביצי שוקולד(חלב נוכרי)-טום וג'רי,שמחה זה אנחנו,,שלישיית ב.שוקולד טום,,1.00,יחידה,false,1,18.90,18.90,true,1,28937
7290115074734,false,סוכריה על מקל 85 גרם - סמי הכבאי,Unknown,,סוכריה על מקל סמי,,85.00,100 גרם,false,1,11.90,14.00,true,1,28938
7290115074741,false,סוכריה על מקל 85 גרם - הלו קיטי,Unknown,,סוכריה על מקל ה.קיטי,,85.00,100 גרם,false,1,11.90,14.00,true,1,28939
7290115074963,false,מסכה חד פעמית קיטי 5 יח',Unknown,,מסכה לילד *5 קיטי,,5.00,יחידה,false,1,10.00,2.00,false,1,25354
7290115074970,false,מארז 5 יח' מסכות ילדים LOL,Unknown,,מסכה לילד חדפ5 LOL,,5.00,יחידה,false,1,10.00,2.00,false,1,25355
7290115074987,false,מארז 5 יח' מסכות ילדים חד קרן,Unknown,,מסכה לילד *5 חד קרן,,5.00,יחידה,false,1,10.00,2.00,false,1,25356
7290115075014,false,מסכה חד פעמית כדורסל 5 י,Unknown,,מסכה לילד *5 כדורסל,,5.00,יחידה,false,1,10.00,2.00,false,1,25357
7290115075021,false,מסכה חד פעמית כדורגל 5 י,Unknown,,מסכה לילד *5 כדורגל,,5.00,יחידה,false,1,10.00,2.00,false,1,25358
7290115075038,false,מסכה לפנים לילדים חד פעמי - 5 יח כוח פיג,Unknown,,מסכה לילד*5 כוח פיגי,,5.00,יחידה,false,1,10.00,2.00,false,1,25359
7290115075809,false,מסכה לילד*5 מיניונים,Unknown,,מסכה לילד*5 מיניונים,,5.00,יחידה,false,1,10.00,2.00,false,1,25360
7290115077131,false,מסכות ילדים צבעוני מעורב 40 יח',מ.פאנג,,מארז מסכות ילדים,,40.00,יחידה,false,1,18.90,0.47,false,1,25422
7290115180251,false,יחידות טבק לחימום אמבר PP קרטוש,פיליפ מוריס,,טבק לחימום אמבר,,0.00,,false,1,27.50,0.00,false,1,25681
7290115180268,false,יחידות טבק לחימום צהוב PP,פיליפ מוריס,,טבק לחימום צהוב,,0.00,,false,1,27.50,0.00,false,1,25454
7290115180275,false,יחידות טבק לחימום טורקיז PP,פיליפ מוריס,,טבק לחימום טורקיז,,0.00,,false,1,27.50,0.00,false,1,25451
7290115180282,false,יחידות טבק לחימום ברונז PP,פיליפ מוריס,,טבק לחימום ברונז,,0.00,,false,1,27.50,0.00,false,1,25452
7290115180299,false,יחידות טבק לחימום סיינה PP,פיליפ מוריס,,טבק לחימום סיינה,,0.00,,false,1,27.50,0.00,false,1,25453
7290115180305,false,יחידות טבק לחימום אמבר PP,פיליפ מוריס,,טבק לחימום אמבר פאק,,0.00,,false,1,260.00,0.00,true,1,25682
7290115180312,false,יחידות טבק לחימום צהוב PP קרטוש,פיליפ מוריס,,טבק לחימום צהוב פאקט,,0.00,,false,1,260.00,0.00,true,1,25450
7290115180329,false,יחידות טבק לחימום טורקיז PP קרטוש,פיליפ מוריס,,טבק לחימום טורקיז פא,,0.00,,false,1,260.00,0.00,true,1,25455
7290115180336,false,טבק לחימום ברונז10יח PP,פיליפ מוריס,,טבק לחימום ברונז פאק,,0.00,,false,1,260.00,0.00,true,1,25456
7290115180343,false,טבק לחימום סיינה10יח PP,פיליפ מוריס,,טבק לחימום סיינה פאק,,0.00,,false,1,260.00,0.00,true,1,25457
7290115180671,false,יחידות טבק לחימום סגול PP קרטוש,פיליפ מוריס,,טבק לחימום סגול-פאקט,,0.00,,false,1,260.00,0.00,true,1,25377
7290115180688,false,יחידות טבק לחימום סגול PP,פיליפ מוריס,,טבק לחימום סגול,,0.00,,false,1,27.50,0.00,false,1,25376
7290115181494,false,הייטס לגונה סוויפט פ,Unknown,,הייטס לגונה סוויפט פ,,0.00,,false,1,260.00,0.00,false,1,28095
7290115181500,false,יחידות טבק לחימום הייטס לגונה סוופיט,פיליפ מוריס,,הייטס לגונה סוויפט,,0.00,,false,1,27.50,0.00,false,1,28094
7290115181531,false,EHC1 HEETS TEAK SELECTION S50 PRI חפיסה,פיליפ מוריס,,היטס טיק חפיסה,,0.00,,false,1,27.50,0.00,false,1,28688
7290115181548,false,היטס טיק פאקט,Unknown,,היטס טיק פאקט,,0.00,,false,1,260.00,0.00,false,1,28689
7290115190007,false,מרלבורו אדום בוקס פא,פיליפ מוריס,,PPמרלבורו רד,,0.00,,false,1,355.00,0.00,false,1,25311
7290115190014,false,סיגריות מרלבורו רד קצר בוקס,פיליפ מוריס,,מרלבורו קצר חפיסה.,,0.00,,false,1,36.50,0.00,false,1,25312
7290115190021,false,מרלבורו רד קצר סופט פאקט,פיליפ מוריס,,PPמרלבורו רד סופט,,0.00,,false,1,335.00,0.00,false,1,25313
7290115190038,false,סיגריות מרלבורו רד קצר סופט,פיליפ מוריס,,מרלבורו סופט חפיסה,,0.00,,false,1,34.00,0.00,false,1,25314
7290115190045,false,מרלבורו פלייבור מיקס פקט,פיליפ מוריס,,מרלבורו פלייבור מיקס,,0.00,,false,1,355.00,0.00,false,1,25196
7290115190052,false,סיגריות מרלבורו מדיום פלייבור מיקס,פיליפ מוריס,,מרלבורו פלייבור מיקס,,0.00,,false,1,36.50,0.00,false,1,25193
7290115190069,false,מרלבורו גולד 100 PP קרטוש,פיליפ מוריס,,מרלבורו גולד ארוך פא,,0.00,,false,1,355.00,0.00,false,1,25448
7290115190076,false,סיגריות מרלבורו גולד ארוך 100 בוקס,פיליפ מוריס,,מרלבורו גולד 100PP,,0.00,,false,1,36.50,0.00,false,1,25445
7290115190083,false,סיגריות מרלבורו גולד 10\1,פיליפ מוריס,,מרלבורו גולדPP,,0.00,,false,1,330.00,0.00,false,1,25315
7290115190090,false,סיגריות מרלבורו קצר בוקס בודד,פיליפ מוריס,,מרלבורו גולד חפיסה,,0.00,,false,1,36.50,0.00,false,1,25316
7290115190106,false,מרלבורו גולד ק.סופט פאקט,פיליפ מוריס,,מרלבורו גולד סופטPP,,0.00,,false,1,335.00,0.00,false,1,25317
7290115190113,false,מרלבורו גולד קצר קופסא סופט,פיליפ מוריס,,מרלבורו גולד סופט,,0.00,,false,1,34.00,0.00,false,1,25318
7290115190120,false,מרלבורו גולד פיין טאצ' פאקט,פיליפ מוריס,,מרלבורו פיין טאץPP,,0.00,,false,1,310.00,0.00,false,1,25319
7290115190137,false,סיגריות מרלבורו טאצ סילבר יחידה,פיליפ מוריס,,מרלבורו פיין טאצ-חפי,,0.00,,false,1,32.00,0.00,false,1,25320
7290115190144,false,סיגריות מרלבורו טאצ 1/10,פיליפ מוריס,,מרלבורו טאץPP,,0.00,,false,1,310.00,0.00,false,1,25321
7290115190151,false,סיגריות מרלבורו טאצ גולד,פיליפ מוריס,,מרלבורו ג.טאצ -חפיסה,,0.00,,false,1,32.00,0.00,false,1,25322
7290115190168,false,פרלמנט סופר סלימס PP קרטוש,פיליפ מוריס,,פרלמנט סופר סלימסPP,,0.00,,false,1,405.00,0.00,false,1,24624
7290115190175,false,פרלמנט סופר סלימס חפיסה,פיליפ מוריס,,פרלמנט סופר סלימס,,0.00,,false,1,42.00,0.00,false,1,25119
7290115190182,false,פאקט פרלמנט ארוך נייט,פיליפ מוריס,,פרלמנט נייט ארוך פאק,,0.00,,false,1,405.00,0.00,false,1,26799
7290115190199,false,פרלמנט נייט ארוך חפיסה,פיליפ מוריס,,פרלמנט נייט ארוך חפ.,,0.00,,false,1,42.00,0.00,false,1,26798
7290115190205,false,פרלמ נט בלו 100 PP קרטוש,פיליפ מוריס,,פרלמנט בלו 100PP,,0.00,,false,1,405.00,0.00,false,1,25323
7290115190212,false,סיגריות פרלמנט בלו 100 BR בודד,פיליפ מוריס,,פרלמנט בלו 100PP,,0.00,,false,1,42.00,0.00,false,1,25324
7290115190229,false,סיגריות פרלמנט בלוPP,פיליפ מוריס,,פרלמנט בלוPP,,0.00,,false,1,405.00,0.00,false,1,25325
7290115190236,false,סיגריות פרלמנט קצר בלו בודד,פיליפ מוריס,,פרלמנט בלוPP,,0.00,,false,1,42.00,0.00,false,1,25326
7290115190243,false,סיגריות פרלמנט נייטP,פיליפ מוריס,,פרלמנט קצר פאקט,,0.00,,false,1,405.00,0.00,false,1,25296
7290115190250,false,סיגריות פרלמנט קצר בודד,פיליפ מוריס,,פרלמנט נייטPP חפיסה,,0.00,,false,1,42.00,0.00,false,1,25295
7290115190267,false,סיגריות פרלמנט סילבר,פיליפ מוריס,,פרלמנט סילברPP,,0.00,,false,1,405.00,0.00,false,1,25327
7290115190274,false,סיגריות פרלמנט סילבר,פיליפ מוריס,,פרלמנט סילבר חפיסה,,0.00,,false,1,42.00,0.00,false,1,25328
7290115190328,false,ל.מ. בלו לייבל ארוך פאקט,פיליפ מוריס,,ל.מ בלו 100-חדש,,0.00,,false,1,310.00,0.00,false,1,26830
7290115190335,false,ל.מ.בלו לייבל ארוך בוקס חפיסה,פיליפ מוריס,,ל.מ לייט -חפיסה חדש,,0.00,,false,1,32.00,0.00,false,1,26829
7290115190342,false,אל אם כחול קצר לייבל,פיליפ מוריס,,ל.מ. בלו לייבל קצר,,0.00,,false,1,290.00,0.00,false,1,25195
7290115190359,false,סיגריות L.M בלו לייבל קצר,פיליפ מוריס,,ל.מ בלוPP חפיסה,,0.00,,false,1,32.00,0.00,false,1,25192
7290115190366,false,סיגריות ל.מ. קפסולהP,פיליפ מוריס,,ל.מ. קפסולהPP,,0.00,,false,1,310.00,0.00,false,1,25329
7290115190373,false,סיגריות ל.מ. קפסולהP,פיליפ מוריס,,ל.מ פורווד חפיסה.,,0.00,,false,1,32.00,0.00,false,1,25330
7290115190380,false,ל.מ רדPP פאקט סיגריו,פיליפ מוריס,,ל.מ רדPP,,0.00,,false,1,310.00,0.00,false,1,25117
7290115190397,false,סיגריות L.M קצר רד לייבל בודד,פיליפ מוריס,,ל.מ. רד לייבל,,0.00,,false,1,32.00,0.00,false,1,25116
7290115190403,false,אל אם סילבר קצר פאקט,פיליפ מוריס,,ל.מ סילברPP,,0.00,,false,1,310.00,0.00,false,1,25331
7290115190410,false,סיגריות L.M סילבר לייבל בודד,פיליפ מוריס,,ל.מ. סילבר חפיסה,,0.00,,false,1,32.00,0.00,false,1,25332
7290115190427,false,אל אם וויב סלימס פאקט,פיליפ מוריס,,ל.מ וייבPP,,0.00,,false,1,310.00,0.00,false,1,25197
7290115190434,false,סיגריות L.M וייב סלימס בודד,פיליפ מוריס,,ל.מ וייבPP,,0.00,,false,1,32.00,0.00,false,1,25194
7290115190441,false,סיגריות נקסט אדג פקט,פיליפ מוריס,,נקסט אדג פאקט,,0.00,,false,1,250.00,0.00,false,1,25449
7290115190458,false,סיגריות נקסט פיין אדג' בודד,פיליפ מוריס,,נקסט אדגPP,,0.00,,false,1,25.50,0.00,false,1,25446
7290115190465,false,נקסט פיין אדג PP קרטוש,פיליפ מוריס,,נקסט פיין אדג-פאקט,,0.00,,false,1,250.00,0.00,false,1,25683
7290115190472,false,סיגריות נקסט אדג' בודד,פיליפ מוריס,,נקסט פיין אדג,,0.00,,false,1,25.50,0.00,false,1,25684
7290115190489,false,נקסט פיין 100 PP קרטוש,פיליפ מוריס,,נקסט פיין 100 ארוך,,0.00,,false,1,300.00,0.00,false,1,25803
7290115190496,false,סיגריות נקסט ארוך בודד,פיליפ מוריס,,נקסט פיין 100 ארוך,,0.00,,false,1,31.00,0.00,false,1,25802
7290115190502,false,סיגריות נקסט פיין 10 יח,פיליפ מוריס,,נקסט פייןPP,,0.00,,false,1,280.00,0.00,false,1,25333
7290115190519,false,סיגריות נקסט פיין חפ,פיליפ מוריס,,נקסט פיין חפיסה,,0.00,,false,1,31.00,0.00,false,1,25334
7290115190526,false,נקסט ריסס ארוך PP קרטוש,פיליפ מוריס,,נקסט ריסס פאקט,,0.00,,false,1,260.00,0.00,false,1,25447
7290115190533,false,סיגריות נקסט ריסס 100 בודד,פיליפ מוריס,,נקסט ריסס 100,,0.00,,false,1,26.00,0.00,false,1,25444
7290115190540,false,סיגריות נקסט ריסס קצ,פיליפ מוריס,,נקסט ריסס קצרPP,,0.00,,false,1,260.00,0.00,false,1,25335
7290115190557,false,סיגריות נקסט ריסס בודד,פיליפ מוריס,,נקסט ריסס חפיסה,,0.00,,false,1,26.00,0.00,false,1,25336
7290115190564,false,נקסט סלימס לילך פאקט,פיליפ מוריס,,נקסט לילךPP,,0.00,,false,1,300.00,0.00,false,1,25120
7290115190571,false,סיגריות נקסט לילך בודד,פיליפ מוריס,,נקסט לילך חפיסה,,0.00,,false,1,31.00,0.00,false,1,25118
7290115190588,false,נקסט אוריגינל PP קרטוש,פיליפ מוריס,,נקסט אוריגינלPP,,0.00,,false,1,280.00,0.00,false,1,25337
7290115190595,false,סיגריות נקסט אוריגינ,פיליפ מוריס,,נקסט אוריגינלPP,,0.00,,false,1,31.00,0.00,false,1,25338
7290115190618,false,טבק מרלבורו רד 30 גרם חפיסה,פיליפס,,טבק מרלבורו רד,,30.00,100 גרם,false,1,80.00,266.67,false,1,25686
7290115190632,false,טבק מרלבורו גולד 30 גרם חפיסה,פיליפ מוריס,,טבק מרלבורו גולד,,30.00,100 גרם,false,1,80.00,266.67,false,1,25688
7290115190656,false,טבק נקסט פיין 40 גרם חפיסה,פיליפ מוריס,,טבק נקסט פיין,,0.00,,false,1,82.00,0.00,false,1,25636
7290115190670,false,טבק נקסט אוריג'ינל 40 גרם חפיסה,פיליפ מוריס,,טבק נקסט אוריגינל,,0.00,,false,1,82.00,0.00,false,1,25459
7290115190694,false,טבק צ'סטרפילד פיין וירגינה 5 יח באריזה,פיליפ מוריס,,טבק צסטרפילד פיין,,0.00,,false,1,69.00,0.00,true,1,25458
7290115190731,false,טבק צ'סטרפילד אוריג'ינל 30PP,פיליפס,,טבק צסטרפילד אורי,,0.00,,false,1,69.00,0.00,true,1,25340
7290115190748,false,מרלבורו רד סיל פאקט,פיליפ מוריס,,מרלבורו רד סיל,,0.00,,false,1,355.00,0.00,false,1,26423
7290115190755,false,מרלבורו רד סיל חפיסה,פיליפ מוריס,,מרלבורו רד סיל,,0.00,,false,1,36.50,0.00,false,1,26424
7290115190762,false,מרלבורו גולד סיל פאקט,פיליפ מוריס,,מרלבורו גולד סיל,,0.00,,false,1,355.00,0.00,false,1,26425
7290115190779,false,מרלבורו גולד סיל חפיסה,פיליפ מוריס,,מרלבורו גולד סיל,,0.00,,false,1,36.50,0.00,false,1,26426
7290115190885,false,סיגריות מרלבורו פיוז'ן קפסולה 1*10,פיליפ מוריס,,מרלבורו פיוזן פאקט,,0.00,,false,1,270.00,0.00,false,1,27139
7290115190892,false,סיגריות מרלבורו פיוז'ן קפסולה בודד,פיליפ מוריס,,מרלבורו פיוזן קפס,,0.00,,false,1,27.00,0.00,false,1,27138
7290115190908,false,טבק נקסט לבן 50ג פקט10יח,פיליפ מוריס,,טבקגלגול נקסט פאקט10,,0.00,,false,1,965.00,0.00,false,1,26900
7290115190915,false,טבק לגלגול נקסט XL לבן 50 גרם,פיליפ מוריס,,טבק נקסט לבן XL,,0.00,,false,1,99.00,0.00,false,1,26899
7290115190922,false,אל אמ קליק קפסולה פאקט,פיליפ מוריס,,ל.מ קליק קפסולה-פאקט,,0.00,,false,1,250.00,0.00,false,1,27684
7290115190939,false,אל.אם קפסולות קליק חפיסה,פיליפ מוריס,,ל.מ קליק קפסולה,,0.00,,false,1,25.00,0.00,false,1,27683
7290115190960,false,מרלבורו טאץ אדום קרטוש,פיליפ מוריס,,מרלברו טאץ אדום פאקט,,0.00,,false,1,290.00,0.00,false,1,29232
7290115190977,false,סיגריות מרלבורו טאץ אדום -בודד,פיליפ מוריס,,מרלבורו טאץ אדום חפי,,0.00,,false,1,29.00,0.00,false,1,29233
7290115191028,false,מרלבורו סאמר ספלאש קרטוש,פיליפ מוריס,,מ.סאמר ספלאש פאקט,,0.00,,false,1,290.00,0.00,false,1,28787
7290115191035,false,מרלבורו סאמר ספלאש חפיסה,פיליפ מוריס,,מרלבורו סאמר ספלאש,,0.00,,false,1,29.00,0.00,false,1,28788
7290115191066,false,נקסט ריץ' ריסס פאקט,פיליפ מוריס,,נקסט ריץ פאקטים,,0.00,,false,1,260.00,0.00,false,1,29656
7290115191073,false,נקסט ריץ' ריסס חפיסה,פיליפ מוריס,,נקסט ריץ ריסס,,0.00,,false,1,26.00,0.00,false,1,29657
7290115200003,false,פתי בר פינוקי וניל אסם 220 גרם,תאי פרזידנט פוד פאבל,,פתי בר פינוקי וניל,,220.00,100 גרם,false,1,15.00,6.82,true,1,24998
7290115200027,false,אסם פתי בר פינוקים שוקו 220 גרם,קריות זול,,פתי בר פינוקי שוקו,,220.00,100 גרם,false,1,15.00,6.82,true,1,24999
7290115200188,false,אוסם - מרק נמס עגבניות פיקנטי 25 גרם * 2,"אסם תעשיות בע""מ",,ז.מרק נמס עגב.פיקנטי,,50.00,100 גרם,false,1,6.90,13.80,true,1,29840
7290115200300,false,עוגת קרנץ גבינה,Unknown,,עוגת קרנץ גבינה,,600.00,100 גרם,false,1,28.00,4.67,true,1,25000
7290115200324,false,עוגת קרנץ קרמל מלוח,Unknown,,עוגת קרנץ קרמל מלוח,,600.00,100 גרם,false,1,28.00,4.67,true,1,25001
7290115200348,false,עוגת קראנץ אלפחורס,Unknown,,עוגת קראנץ אלפחורס,,600.00,100 גרם,false,1,28.00,4.67,true,1,25002
7290115200676,false,עוגיות קרמוגית במילוי קרם בטעם קרמל מלוח,"הגביע מוצרי וופלים בע""\מ",,קרמוגית קרמל מלוח,,200.00,100 גרם,false,1,15.90,7.95,true,1,25228
7290115200782,false,פיתות פרימיום נאפה במקום - מארז 5 יח',בונז'ור,,חמישית פיתות בונזור,,500.00,100 גרם,false,1,9.90,1.98,true,1,24902
7290115200829,false,חטיף ביסלי מיקס בלאג,פרו מן יו פתרונות אר,,ביסלי ב.מיקס 150ג,,150.00,100 גרם,false,1,12.50,8.33,true,1,27966
7290115200843,false,חטיף אפרופו לחם שום,"אסם תעשיות בע""מ",,אפרופו לחם שום 50 ג,,50.00,100 גרם,false,1,8.00,16.00,true,1,27967
7290115200928,false,ביסלי קראנצ' מיקס 150 גר',פרו מן יו פתרונות אר,,ביסלי ק.מיקס 150ג,,150.00,100 גרם,false,1,12.50,8.33,true,1,27968
7290115201031,false,אסם פתי בר דובי שוקולד 175 גרם,טרופיקל דגיל תעשיות,,פתי בר דובי שוקולד,,175.00,100 גרם,false,1,15.00,8.57,true,1,26653
7290115201550,false,ביסלי קרנבל מיקס 150 ג' אסם,פרו מן יו פתרונות אר,,ביסלי קרנבל מיקס 150,,150.00,100 גרם,false,1,15.90,10.60,true,1,25303
7290115201680,false,ביסלי בטעם ברביקיו אסם 70 גרם,"אסם השקעות בע""\מ",,ביסלי ברביקיו 70 גר,,70.00,100 גרם,false,1,7.50,10.71,true,1,25304
7290115201703,false,ביסלי ברביקיו גדול אסם 200 גרם,מיוצר עי קונדיטוריית,,ביסלי ברביקיו 200 גר,,200.00,100 גרם,false,1,12.50,6.25,true,1,25305
7290115201727,false,ביסלי חטיף בטעם בצל אסם 200 גרם,מיוצר עי קונדיטוריית,,ביסלי בצל 200 גר,,200.00,100 גרם,false,1,12.50,6.25,true,1,25306
7290115201741,false,ביסלי בטעם בצל אסם 70 גרם,"אסם השקעות בע""\מ",,ביסלי בצל 70 גר,,70.00,100 גרם,false,1,7.50,10.71,true,1,25307
7290115201765,false,לחמניית פרנה בונזור,Unknown,,לחמניית פרנה בונזור,,160.00,100 גרם,false,1,7.90,4.94,true,1,25624
7290115201789,false,לחמניית פרנה עגולה,Unknown,,לחמניית פרנה עגולה,,180.00,100 גרם,false,1,7.90,4.39,true,1,25626
7290115201864,false,במבה נוגט אינסייד אאוט60,מיוצר עי קונדיטוריית,,במבה נ.אינסייד 60ג,,60.00,100 גרם,false,1,7.90,13.17,true,1,27969
7290115201901,false,במבה במילוי קרם בייג,Unknown,,במבה ק.בייגלה 60גר,,60.00,100 גרם,false,1,7.90,13.17,true,1,27085
7290115202304,false,אסם נודלס אטריות אורז מרובעות 230 גרם,תאי פרזידנט פוד פאבליק ק,,נודלס א.מרובע כשלפ,,230.00,100 גרם,false,1,11.90,5.17,true,1,26427
7290115202328,false,קוקטייל בולגרית,Unknown,,קוקטייל בולגרית,קילוגרמים,1.00,"ק""ג",true,1,55.00,9.17,false,1,26683
7290115202786,false,מנה חמה פאוצ' נדלס.אטר.טעם בקר 70 גרם,תאי פרזידנט,,מנה חמה טעם בקר,,70.00,100 גרם,false,1,6.00,8.57,true,1,26730
7290115202816,false,מנה חמה פאוץ נודלס אטריות טעם עוף 70 גרם,תאי פרזידנט,,מנה חמה טעם עוף,,70.00,100 גרם,false,1,6.00,8.57,true,1,26731
7290115202847,false,מנה חמה פאוצ נודלס אטריות ספייסי,תאי פרזידנט,,מנה חמה נודלס ספייסי,,70.00,100 גרם,false,1,6.00,8.57,true,1,26732
7290115202939,false,מנה חמה רייס נודלס עוף פטריות אסם 50 גרם,מיוצר עי קונדיטוריית,,מ.חמה נודלס פטריות,,50.00,100 גרם,false,1,10.50,21.00,false,1,27764
7290115202953,false,אוסם - מנה חמה רייס נודלס קארי צהוב 55 גרם,מיוצר עי קונדיטוריית,,מ.חמה נודלס קארי,,55.00,100 גרם,false,1,10.50,19.09,false,1,27765
7290115202977,false,אוסם - מנה חמה רייס נודלס רוטב סויה סיני 55 גרם,מיוצר עי קונדיטוריית,,מ. חמה נודלס סויה,,55.00,100 גרם,false,1,10.50,19.09,false,1,27766
7290115203097,false,מקל פילו פטיסייר,Unknown,,מקל פילו פטיסייר,קילוגרמים,1.00,"ק""ג",true,1,55.00,9.17,false,1,26685
7290115203103,false,עוגיות שוקולד ציפס נ,Unknown,,קוקיס ציפס ביגלה-קנ,קילוגרמים,1.00,"ק""ג",true,1,60.00,0.00,true,1,27177
7290115203172,false,במבה PRO מכיל 18 גרם חלבון בשקית,"אסם השקעות בע""\מ",,במבה פרו 80 גרם,,80.00,100 גרם,false,1,7.90,9.88,false,1,29570
7290115203332,false,מקל פילו שוקולד נ.,Unknown,,מקל פילו שוקולד נ.,קילוגרמים,1.00,"ק""ג",true,1,55.00,9.17,false,1,26686
7290115203486,false,אסם פירורית בטעם ביסלי גריל 200 גרם,עינת תעשיות מזון אגו,,פירורית ביסלי גריל,,200.00,100 גרם,false,1,7.90,3.95,true,1,27029
7290115203905,false,מיני פיתה כוסמין עשירייה בונג'ור 550 ג',בונז'ור,,מיני פיתה כוסמין10יח,,550.00,100 גרם,false,1,20.00,3.64,true,1,26678
7290115203936,false,"אסם קטשופ פחות סוכר 690 גר' כשל""פ","אסם תעשיות בע""מ",,קטשופ פחות סוכר כלפ,,690.00,100 גרם,false,1,15.90,2.30,false,1,28387
7290115204018,false,מנה חמה איטלקי פסטה בסגנון אלפרדו 60 ג' אסם,"אסם תעשיות בע""מ",,מנה חמה איטלקי פסטה,,60.00,100 גרם,false,1,10.00,16.67,true,1,27027
7290115204100,false,בגט א. כפרי עם דגנים,Unknown,,בגט א. כפרי עם דגנים,,240.00,100 גרם,false,1,10.00,4.17,true,1,26679
7290115204315,false,בונז'ור בגט אוטנטיק קמח מלא ואגוז 240 ג',Unknown,,בגט א. קמח מלא ואגוז,,240.00,100 גרם,false,1,11.00,4.58,true,1,26681
7290115204339,false,בונז'ור בגט אותנטיק עגבניות ואגוז,Unknown,,בגט א. עגבניות ואגוז,,240.00,100 גרם,false,1,11.00,4.58,true,1,26682
7290115204612,false,ערגליות מיקס שוקותות 300 גרם,"אסם השקעות בע""\מ",,ערגליות שוקו תות,,300.00,100 גרם,false,1,12.90,4.30,true,1,26989
7290115204858,false,חלת כוסמין אפוי חלקי,Unknown,,חלת כוסמין אפוי חלקי,,400.00,100 גרם,false,1,22.00,5.50,true,1,26992
7290115205121,false,פיטנס בר פריכיות יוגורט תות 84 גרם,פרח תעשיות,,פיטנס פריכיות תות,,84.00,100 גרם,false,1,17.00,20.24,false,1,27581
7290115205169,false,עוגיות שוקולד ציפס נ,Unknown,,קוקיס ציפס נוגט-קני,קילוגרמים,1.00,"ק""ג",true,1,60.00,0.00,true,1,27176
7290115205176,false,פיטנס - קרקר דק כפרי פיטנס 140 גרם,אסם יקנעם,,פיטנס קרקר THIN כפרי,,150.00,100 גרם,false,1,15.90,10.60,false,1,27582
7290115205251,false,פיטנס בר פירכיות קרמל מלוח 84 גרם,פרח תעשיות,,פיטנס בר קרמל מלוח,,84.00,100 גרם,false,1,17.00,20.24,false,1,29542
7290115205299,false,קרקר פיטנס עדשים ופל,Unknown,,פיטנס עדשים ופלפלים,,140.00,100 גרם,false,1,15.90,11.36,false,1,29543
7290115205312,false,קרקר פיטנס דק עם זיתי קלמטה ועשבי תיבול,"אסם השקעות בע""\מ",,פיטנס קרקר קלמטה,,140.00,100 גרם,false,1,15.90,11.36,false,1,28943
7290115205336,false,עוגיות שוקו שוקולד צ,Unknown,,קוקיס שוקו.ציפס-קני,קילוגרמים,1.00,"ק""ג",true,1,60.00,0.00,true,1,27175
7290115205374,false,בורקס תפוא אישי א.ק,Unknown,,בורקס תפוא אישי א.ק,,315.00,100 גרם,false,1,10.00,3.17,true,1,27215
7290115205459,false,בורקס גבינה אישי א.ק,Unknown,,בורקס גבינה אישי א.ק,,315.00,100 גרם,false,1,10.00,3.17,true,1,27216
7290115205527,false,חטיף פיטנס מולטיגריין עם עדשים 25 גרם,"אסם השקעות בע""\מ",,מולטגריין עדשים,,25.00,100 גרם,false,1,6.90,27.60,false,1,29135
7290115205541,false,חטיף פיטנס מולטיגריין עם חומוס 25 גרם,"אסם השקעות בע""\מ",,מולטיגריין חומוס,,25.00,100 גרם,false,1,6.90,27.60,false,1,29136
7290115205930,false,חטיף במבה פופקו מיקס,"אסם תעשיות בע""מ",,במבה פופקו מיקס,,100.00,100 גרם,false,1,15.90,15.90,true,1,27583
7290115205978,false,פתיבר ואצבעות שוקולד 180 גרם - רבנות,"t\ד""\ר ג'\רארד בע""\מn\",,פתי בר א.שוקולד,,180.00,100 גרם,false,1,15.00,8.33,true,1,28173
7290115206135,false,טבעול גורמה ארוחת קינואה 450 גרם,טבעול (מקבוצת אסם הש,,טבעול ארוחת קינואה,,450.00,100 גרם,false,1,35.90,7.98,false,1,28850
7290115206173,false,אסם פתי בר קרמל 12*500 גרם חדש,"אסם תעשיות בע""מ",,אסם פתי בר קרמל,,500.00,100 גרם,false,1,17.90,3.58,true,1,27299
7290115206210,false,חטיף במבה במילוי קרמ,מיוצר עי קונדיטוריית,,במבה במילוי ק.מלוח,,150.00,100 גרם,false,1,15.90,10.60,true,1,27584
7290115206333,false,אסם עוגיות מיני שוקוצ'יפס 225גרם חדש,"t\אסם השקעות בע""\מ",,עוגיות מ.שוקוציפס,,225.00,100 גרם,false,1,12.90,5.73,true,1,28467
7290115206401,false,"רוטב סויה סיני כשל""פ330ג","אסם השקעות בע""\מ",,רוטב בסגנון סויה כלפ,,330.00,100 גרם,false,1,13.90,4.21,false,1,28388
7290115206449,false,אסם פודינג אינסטנט תות 80 גרם,"אסם השקעות בע""\מ",,אנסטנט פודינג תותכלפ,,80.00,100 גרם,false,1,7.90,9.88,false,1,28389
7290115206494,false,סופגניה מיני מטוגנת בונז'ור 50ג',Unknown,,סופגניה מיני מטוגנת,,45.00,100 גרם,false,1,4.00,8.89,false,1,27426
7290115206531,false,אסם קרמוגית במילוי קרם בייגלה 12*200 גרם,אסם-נסטלה,,קרמוגית קרם בייגלה,,200.00,100 גרם,false,1,14.90,7.45,true,1,27585
7290115206661,false,סופגניה מיני מטוגנת עם ריבה בונזור 50 גר',Unknown,,סופגניה מיני ריבה,,45.00,100 גרם,false,1,4.00,8.89,false,1,27427
7290115206852,false,ביסלי צ'יזי סטיקס חדש 70 ג אסם,"אסם השקעות בע""\מ",,ביסלי ציזי סטיקס,,70.00,100 גרם,false,1,7.50,10.71,true,1,29571
7290115206890,false,ביסלי המבורגר חדש 70 ג אסם,"אסם השקעות בע""\מ",,ביסלי המבורגר,,70.00,100 גרם,false,1,7.50,10.71,true,1,29572
7290115206937,false,מנה חמה רייס נודלס מוקפץ עוף כשלפ 55גר,"אסם תעשיות בע""מ",,מנה חמה נודלס עוףכלפ,,55.00,100 גרם,false,1,10.90,19.82,false,1,28390
7290115207095,false,קרואסון חמאה א.ק,Unknown,,קרואסון חמאה א.ק,,100.00,100 גרם,false,1,10.00,10.00,true,1,27625
7290115207286,false,"פרפקטו פסטה ספגטי ללא גלוטן 400 גרם כשל""פ",פרפרקטו,,פרפקטו ספגטי ללג,,400.00,100 גרם,false,1,15.00,3.75,false,1,28391
7290115207323,false,פרפקטו פסטה פוזילי ללא גלוטן 400גרם,ניולט,,פרפקטו ספירלי ללג,,400.00,100 גרם,false,1,15.00,3.75,false,1,28392
7290115207613,false,בונז'ור אזני פיל קינמון,Unknown,,אזני פיל קינמון 6קג,קילוגרמים,1.00,"ק""ג",true,1,40.40,6.73,false,1,28711
7290115207682,false,אסם רוטב בסגנון סויה סיני 9*290מל חדש,"אסם השקעות בע""\מ",,אסם רוטב סויה סיני,,290.00,100 גרם,false,1,13.90,4.79,false,1,28948
7290115207767,false,אוזני פיל בונז'ור,Unknown,,אזני פיל 6קג,קילוגרמים,1.00,"ק""ג",true,1,40.40,6.73,false,1,28712
7290115207941,false,סירופ אננס ויטמינצ'יק 1 ליטר,בית-השיטה עסיס תעשיות מז,,ויטמינציק אננס,,1.00,1 ליטר,false,1,26.90,26.90,true,1,28106
7290115208009,false,ויטמינצ'יק ענבים סירופ 1 ליטר,בית-השיטה עסיס תעשיות מז,,ויטמינציק ענבים,,1.00,1 ליטר,false,1,26.90,26.90,true,1,28097
7290115208047,false,ויטמינצ'יק תרכיז פטל 1 ליטר,בית-השיטה עסיס תעשיות מז,,ויטמינציק פטל,,1.00,1 ליטר,false,1,26.90,26.90,true,1,28098
7290115208061,false,סירופ תפוח ויטמינצ'יק 1 ליטר,בית השיטה עסיס תעשיות מז,,ויטמינציק תפוח,,1.00,1 ליטר,false,1,26.90,26.90,true,1,28107
7290115208320,false,אפרופו חטיף בטעם ביסלי בצל 50 גרם,"אסם השקעות בע""\מ",,אפרופו ביסלי בצל,,50.00,100 גרם,false,1,8.00,16.00,true,1,29702
7290115208634,false,"אסם קמח ללא גלוטן כשל""פ 400 גרם",אשבל מזון פונקציונלי בע\,,קמח רב תכלית ללג כלפ,,400.00,100 גרם,false,1,17.90,4.47,false,1,28393
7290115208801,false,לחמית דבש ואגוזים אסם 190 גרם,לחמית,,לחמית דבש ואגוזים,,190.00,100 גרם,false,1,12.90,6.79,false,1,29386
7290115208849,false,"מנה חמה פסטה מוקרמת ט.עוף בד""צ 55גר","אסם תעשיות בע""מ",,מנה חמה פירה בטטה,,51.00,100 גרם,false,1,10.00,19.61,false,1,29703
7290115209198,false,במבה אוורירית אסם 80 גרם,"אסם תעשיות בע""מ",,במבה אורירית,,80.00,100 גרם,false,1,7.90,9.88,false,1,29569
7290115209358,false,במבה במילוי בראוניז אסם 60 גרם,"אסם השקעות בע""\מ",,במבה במילוי בראוניז,,60.00,100 גרם,false,1,7.90,13.17,true,1,29704
7290115405088,false,קינוח אישי קדאיף קפולסקי 200 גרם,קפולסקי אדל בעמ,,קינוח אישי קדאיף,,0.00,,false,1,16.90,0.00,false,1,29618
7290115405774,false,פחזניות ממולאות בטעם וניל קפולסקי 180 גרם,תופינים מקבוצת קפולס,,פחזניות ממולאות וניל,,180.00,100 גרם,false,1,16.90,9.39,false,1,29614
7290115405798,false,פחזניות ממולאות בטעם ריבת חלב קפולסקי 180 גרם,קפולסקי אדל בעמ,,פחזניות ריבת חלב 180,,180.00,100 גרם,false,1,16.90,9.39,false,1,29615
7290115670585,false,חטיף מקופלת לבנה מגד,Unknown,,מקופלת לבנה 25 מגדים,,25.00,100 גרם,false,1,6.90,27.60,true,1,25537
7290115670677,false,אנרג'י גרנולה פירות טרופיים 400 גרם,Unknown,,אנרגי גרנולה טרופי,,400.00,100 גרם,false,1,16.00,4.00,true,1,27031
7290115670707,false,גרנולה שיבולת שועל עם שוקולד ואגוזי לוז,אנרג'י Energy - שטראוס,,אנרגי גרנולה ש.אגוז,,400.00,100 גרם,false,1,16.00,4.00,true,1,27032
7290115671001,false,עוג.שוקוציפס חלב טינס136,"שטראוס גרופ בע""\מ",,שוקוציפס חלב THINS,,136.00,100 גרם,false,1,12.00,8.82,true,1,27971
7290115671025,false,רבע לשבע מוס שוקולד חלב קרמל מלוח 100 גר,"הגביע מוצרי וופלים בע""\מ",,רבע לשבע מוס שוקולד,,100.00,100 גרם,false,1,18.90,18.90,true,1,27586
7290115671148,false,סוכריות FRESHבטעם ענבים 15 גרם,Unknown,,סוכריות FRESH ענבים,,15.00,100 גרם,false,1,5.00,33.33,true,1,27972
7290115671308,false,מסטיק מאסט פאן תות דובדבן צנצנת 58 גרם,אסקום קונפשטיין,,מאסט תות דובדבן 58ג,,58.00,100 גרם,false,1,12.00,20.69,true,1,27974
7290115671339,false,מיני פינוקיות בראוניז בייגל בוטן עלית 180 ג' עלית,"הגביע מוצרי ופלים בע""\מ",,מיני פינוקיות ב.ב.ב,,80.00,100 גרם,false,1,14.90,18.62,true,1,27300
7290115671346,false,מיני פינוקיות טופי קרמל מלוח עלית 180 גרם,"הגביע מוצרי ופלים בע""\מ",,מיני פינוקיות ט.ק.מ,,80.00,100 גרם,false,1,14.90,18.62,true,1,27301
7290115671353,false,מיני פינוקיות עוגיות קקאו במילוי קרם בטעם וניל,"הגביע מוצרי ופלים בע""\מ",,מ.פינוקיות שחור לבן,,180.00,100 גרם,false,1,14.90,8.28,true,1,27975
7290115671612,false,PERFECT BITE קרם אגוזים ושברי אגוזים + ק,"שטראוס גרופ בע""\מ",,עלית אגוזים ק.בייגלה,,234.00,100 גרם,false,1,21.90,9.36,true,1,27587
7290115671827,false,מיני טעמי שקית 190 ג,STRAUSS-ISRAEL,,שקית מ.מיני טעמי,,195.00,100 גרם,false,1,17.90,9.18,true,1,26973
7290115672183,false,ר.לשבע קרמביס אגוזים,STRAUSS-ISRAEL,,ר.לשבע קרמביס אגוזים,,104.00,100 גרם,false,1,14.50,13.94,true,1,29705
7290115673012,false,ר.לשבע קרמביס שוקולד,STRAUSS-ISRAEL,,ר.לשבע קרמביס שוקולד,,104.00,100 גרם,false,1,14.50,13.94,true,1,29706
7290115673135,false,שוקולד פרה עם עדשים 100 גרם,STRAUSS-ISRAEL,,ש.פרה חלב עדשים,,100.00,100 גרם,false,1,9.00,9.00,true,1,26648
7290115673197,false,אנרגי REAL חטיף תמרים וקוקוס,שטראוס גרופ,,ריל חטיף תמרים קוקוס,,35.00,100 גרם,false,1,10.00,28.57,true,1,26974
7290115673203,false,חטיף אנרג'י ריל שקדים ושוקולד מריר,ואמואליס פודס אס.,,ריל חטיף שקדים שוקול,,35.00,100 גרם,false,1,10.00,28.57,true,1,26975
7290115673210,false,אנרגי REAL חטיף בוטנים פיסטוק וחמוציות,ואמואליס פודס אס.,,ריל חטיף בוטנים פיסט,,35.00,100 גרם,false,1,10.00,28.57,true,1,26976
7290115673777,false,פסק זמן פטיסרי קרמל מלוח,"שטראוס גרופ בע""\מ.",,פסק זמן פטיסרי קרמל,,35.00,100 גרם,false,1,7.50,21.43,true,1,26970
7290115673975,false,ספלנדיד צאנקס בלונדי עם אגוזים ושקדים,"שטראוס גרופ בע""\מ",,ספלנדיד בלונדי אגוז,,95.00,100 גרם,false,1,13.90,14.63,true,1,27768
7290115674156,false,שוק.מיקס עוגיות+עדשים95ג,"שטראוס גרופ בע""\מ",,שוקולד פרה מיקס,,95.00,100 גרם,false,1,9.00,9.47,true,1,26649
7290115674187,false,רבע לשבע מוס פטל 100 גרם,"הגביע מוצרי וופלים בע""\מ",,רבע לשבע מוס פטל,,100.00,100 גרם,false,1,18.90,18.90,true,1,27588
7290115674699,false,תפוציפס פופבלס מלח 4,הנסיך- מפעל לייצור ט,,תפוציפס פופבלס מלח,,45.00,100 גרם,false,1,5.90,13.11,true,1,27083
7290115674743,false,פיתה צ'יפס מלח ים 170גרם,"אלאדין בייקרס בע""\מ",,Breadz פיתה מלח ים,,170.00,100 גרם,false,1,15.00,8.82,false,1,27976
7290115674774,false,קרקר אפוי עם זרעי צ'יה וקינואה 170 ג' BREADZ,"אלאדין בייקרס בע""\מ",,Breadz קרקר קינואה,,170.00,100 גרם,false,1,15.00,8.82,false,1,27977
7290115675559,false,מארז קפה טורקי לדרך 10 יחידות,שטראוס קפה בי.וי.,,מארז טורקי לדרך,,70.00,100 גרם,false,1,9.00,12.86,true,1,25770
7290115675580,false,קוואקר חטיף בוטנים עם שיבולת שועל 50 גרם,"שטראוס פריטו ליי בע""\מ )",,ח.קוואקר ובוטנים 50ג,,50.00,100 גרם,false,1,6.90,13.80,true,1,27769
7290115675696,false,דגני בוקר קראנצ'ים שיבולת שועל עם אגוזים ושקדים,גלידות שטראוס,,קוואקר Cruesli,,375.00,100 גרם,false,1,23.90,6.37,true,1,27340
7290115675740,false,קפסולות אייס נוגט למכונות NESPRESSO,שטראוס קפה בי.וי.,,קפסולות אייס ק.נוגט,,10.00,יחידה,false,1,16.50,1.65,true,1,26931
7290115675764,false,קפסולות 08 %100 אתיופיה למכונות 50 גרם,הנסיך- מפעל לייצור ט,,קפסולות 08 אתיופיה,,10.00,יחידה,false,1,16.50,1.65,true,1,27589
7290115675986,false,דנונה יוגורט בר עם אגוזים מקורמלים 173 גרם,"שטראוס בריאות בע""\מ",,דנונה בר עם אגוזים,,173.00,100 גרם,false,1,6.20,3.58,true,1,25771
7290115676037,false,דנונה ריפרש יוגורט עם תות ודומדמניות 1.6% שומן,מיוצר עי קונדיטוריית,,דנונה שייק תות,,250.00,100 גרם,false,1,7.00,2.80,true,1,27000
7290115676082,false,משקה דנונה פרו 20 יוגורט תות 255 ג' רבנות,"שטראוס בריאות בע""\מ.",,דנונה משקה פרו תות,,255.00,100 גרם,false,1,8.50,3.33,true,1,27002
7290115676099,false,משקה דנונה פרו 20 יוגורט וניל 255 ג' רבנות,"שטראוס בריאות בע""\מ.",,דנונה משקה פרו וניל,,255.00,100 גרם,false,1,8.50,3.33,true,1,27003
7290115676693,false,תפוצ'יפס מלח חומץ 50 ג' עלית,"שטראוס פריטו ליי בע""\מ )",,תפוציפס מלח חומץ 50ג,,50.00,100 גרם,false,1,5.90,11.80,true,1,29087
7290115676990,false,תפוצ'יפס מלח&חומץ 50 גרם,"שטראוס פריטו ליי בע""\מ )",,תפוציפס מלח חומץ,,50.00,100 גרם,false,1,5.90,11.80,true,1,26780
7290115677089,false,קונפיטורת יד מרדכי תפוח וקינמון 340 גרם,"בית אל מזון בע""מ",,קונפיטורה תפוח,,340.00,100 גרם,false,1,14.90,4.38,true,1,27335
7290115677362,false,"נודלס טריאקי ""דלישס"" שטראוס","טרופיקל דגיל בע""מ אז",,נודלס טריאקי,,350.00,100 גרם,false,1,27.90,7.97,false,1,27979
7290115677423,false,אורז ירוק קארי חריף חריף דלישס 350 גרם,"טרופיקל דגיל בע""מ אז",,אורז קארי ירוק חריף,,350.00,100 גרם,false,1,27.90,7.97,false,1,27980
7290115677843,false,יוגורט WOW מלבי 150 גרם,"שטראוס גרופ בע""\מ",,דנונה WOW מלבי,,150.00,100 גרם,false,1,6.00,4.00,true,1,26711
7290115678215,false,דנונה פרו ויטD וסידן200ג,"שטראוס בריאות בע""\מ",,דנונה פרו 200 גר,,200.00,100 גרם,false,1,7.50,3.75,true,1,26710
7290115678352,false,דנונה יוגורט בטעם ונ,מיוצר עי קונדיטוריית,,דנונה בטעם וניל,,150.00,100 גרם,false,1,3.70,2.47,true,1,27006
7290115678376,false,מעדן הגולן שוקולד 125 גרם,מיוצר עי קונדיטוריית,,מעדן הגולן שוקולד,,125.00,100 גרם,false,1,3.20,2.56,true,1,27333
7290115678529,false,רביולי במילוי גבינות,STRAUSS-ISRAEL,,רביולי במילוי גבינות,,320.00,100 גרם,false,1,27.00,8.44,false,1,27590
7290115678635,false,נשנושי גבינה -גבינת שמנת 16%+כעכים שטוחים עם מלח,"מחלבת טבע עז בע""\מ",,נשנושי גבינה 25%,,67.00,100 גרם,false,1,10.90,16.27,false,1,28207
7290115678642,false,נשנושי גבינה 16% עם חטיף אפוי עם זיתים 67 ג' שטראוס,"מחלבת טבע עז בע""\מ",,נשנושי גבינה 25%,,67.00,100 גרם,false,1,10.90,16.27,false,1,28208
7290115678666,false,נשנוש טחינה קרם חציל,"שטראוס גרופ בע""מ",,אחלה טחינה חציל פרכי,,110.00,100 גרם,false,1,10.90,9.91,false,1,27981
7290115678710,false,מאסט סוכריות ללא סוכר בטעם בזוקה,שטראוס גרופ,,סוכריות FRESH בזוקה,,15.00,100 גרם,false,1,5.00,33.33,true,1,27293
7290115678871,false,שוקולית נוגט 500 ג' עלית,שטראוס קפה בי.וי.,,שוקולית נוגט,,500.00,100 גרם,false,1,16.00,3.20,false,1,29387
7290115679885,false,פיצה מבצק עם כרובית עם רוטב עגבניות ומוצרלה,גסטרונומיה פרוסט אס.,,פיצה כרובית,,320.00,100 גרם,false,1,27.90,8.72,false,1,27982
7290115679960,false,ציטוס פופקורן בטעם טבעי 60 ג 24 יח,"שטראוס פריטו ליי בע""\מ )",,ציטוס פופקורן טבעי60,,60.00,100 גרם,false,1,6.90,11.50,true,1,27983
7290116242361,false,מיני פופ סוכריה על מקל עם כדור 8 גר' מיניונים,Unknown,,מיני סוכריה כ.מיניון,,8.00,100 גרם,false,1,14.90,186.25,true,1,28949
7290116242378,false,מיני סוכריה כדור סמי,Unknown,,מיני סוכריה כדור סמי,,8.00,100 גרם,false,1,14.90,186.25,true,1,28950
7290116242385,false,מיני פופ סוכריה על מ,Unknown,,מיני סוכריה כ.ברבי,,8.00,100 גרם,false,1,14.90,186.25,true,1,28951
7290116242392,false,מיני פופ סוכריה על מקל(5 יח) 40 גר' - כוח פי ג'יי,Unknown,,מיני פופ סוכריה כח,,40.00,100 גרם,false,1,14.90,37.25,true,1,28952
7290116242408,false,מיני פופ סוכריה על מקל עם כדור 8 גר' ריינבוקורן,Unknown,,מיני סוכריה כ.ריינב,,8.00,100 גרם,false,1,14.90,186.25,true,1,28953
7290116242415,false,מיני פופ סוכריה על מקל עם כדור 8גר מפרץ הרפתקאות,Unknown,,מיני סוכריה כ.מפרץ,,8.00,100 גרם,false,1,14.90,186.25,true,1,28954
7290116243962,false,אצבעות שוקולד ממולא בקרם חלב עם מדבקות 50 גרם - כוח פי גיי,Unknown,,אצבעות שוקולד כוח,,50.00,100 גרם,false,1,5.90,11.80,true,1,28955
7290116243986,false,אצבעות שוקולד ממולא בקרם חלב עם מדבקות 50 גרם - ברבי,Unknown,,אצבעות שוקולד ברבי,,50.00,100 גרם,false,1,5.90,11.80,true,1,28956
7290116243993,false,אצבעות שוקולד חד קרן,Unknown,,אצבעות שוקולד חד קרן,,50.00,100 גרם,false,1,5.90,11.80,true,1,28957
7290116244006,false,אצבעות שוקולד ממולא בקרם חלב עם מדבקות 50 גרם - מפרץ הרפתקאות,Unknown,,אצבעות שוקולד מפרץ,,50.00,100 גרם,false,1,5.90,11.80,true,1,28958
7290116244013,false,אצבעות שוק.סמי הכבאי50גר,Unknown,,אצבעות שוקולד ס.כבאי,,50.00,100 גרם,false,1,5.90,11.80,true,1,28959
7290116530109,false,חטיף קליק נוגט ציפוי שוקולד לבן 35 גרם,"טחנת האבן תעשיות בע""\מ,",,קליק נוגט שוקולד לבן,,35.00,100 גרם,false,1,7.50,21.43,true,1,26969
7290116530185,false,"קורנפלקס דלישקד קרמל מלוח 400 גרם בד""ץ","יוניליוור שפע ישראל בע""\",,ד.בוקר דלישקד קרמל,,400.00,100 גרם,false,1,27.90,6.98,false,1,27984
7290116530314,false,קליק כריות דאבל שוקו,יוניליוור ישראל מזון,,קליק כריות דאבל שוקו,,65.00,100 גרם,false,1,9.00,13.85,true,1,26971
7290116530482,false,תלמה מארז קורנפלקס אלופים 30 גרם*5 יחידו,פרו מן-יו פתרנות ארי,,קורנפלקס של אלופים,,150.00,100 גרם,false,1,14.50,9.67,false,1,28209
7290116531038,false,"שוקולד מריר 60% ורד הגליל 100 גרם כשל""פ",יוניליוור ישראל מזון,,טבלה שוקולד מריר,,100.00,100 גרם,false,1,6.90,6.90,true,1,29079
7290116531045,false,קורנפלקס דליפקאן 350ג ללא גלוטן,"מולינו ניקולי ,S.p.A ויה",,דליפקאן דגנים כשלפ,,350.00,100 גרם,false,1,28.90,8.26,false,1,28394
7290116531090,false,בייגל בייגל דג דג במליחות עדינה 250 גרם,"דרך השוקולד ,1 צפת 13404",,דגדג חטיף אפוי,,250.00,100 גרם,false,1,12.90,5.16,true,1,27985
7290116531168,false,קליק עוגיות שוקולד חלב40,יוניליוור ישראל מזון בע\,,קליק ע.שוקולד חלב,,40.00,100 גרם,false,1,7.50,18.75,true,1,27287
7290116531281,false,קליק מיקס 65 גרם,יוניליוור ישראל מזון,,קליק מיקס,,65.00,100 גרם,false,1,9.00,13.85,true,1,27771
7290116531540,false,"קורנפלקס דבש 375 גרם כשל""פ רבנות","מולינו ניקולי ,S.p.A ויה",,קורנפלקס כשלפ דבש,,375.00,100 גרם,false,1,18.90,5.04,false,1,28395
7290116531557,false,"פריכיות פתית תירס עם מלח 150 גרם כשל""פ",גוד פוד פרודקטס Sp.zo.o,,פריכיות דקות תירסמלא,,150.00,100 גרם,false,1,13.90,9.27,false,1,28396
7290116531724,false,"חטיף שוגי שוקולד חלב 130 גרם כשל""פ","טחנת האבן תעשיות בע""\מ,",,חטיף שוגי ש.חלב פסח,,130.00,100 גרם,false,1,15.90,12.23,false,1,28397
7290116531731,false,"חטיף שוגי שוקולד לבן 130 גרם כשל""פ","טחנת האבן תעשיות בע""\מ,",,חטיף שוגי ש.לבן פסח,,130.00,100 גרם,false,1,15.90,12.23,false,1,28398
7290116531748,false,קליק שוקו מיקס חום לבן כשר לפסח 65 גרם,"דרך השוקולד ,1 צפת 13404",,קליק קוקומן חום&לבן,,65.00,100 גרם,false,1,9.00,13.85,true,1,28469
7290116531939,false,גלידה בשומן צמחי בטעם תות שדה בציפוי מכיל שוקולד,"גלידת שטראוס בע""\מ, רח'",,גלידונית תות שדה,,955.00,"100 מ""ל",false,1,50.00,5.24,true,1,28629
7290116531977,false,אקס דאודורנט בודי ספריי סקייטבורד וורדים,"קוסטר אירוסול, גבזה 4140",,ספריי סקייטבורד,,150.00,100 גרם,false,1,19.90,13.27,false,1,29544
7290116532011,false,קליק אוקיי נוגט בציפוי שוקולד חלב 35 גרם,תות תעשיות מזון (2014) ב,,קליק אוקי 35ג חדש,,35.00,100 גרם,false,1,7.50,21.43,true,1,28381
7290116532028,false,קליק חטיף נוגט חלב כשר לפסח,"דרך השוקולד ,1 צפת 13404",,קליק חטיף נוגט כשלפ,,35.00,100 גרם,false,1,7.50,21.43,true,1,28470
7290116532035,false,קליק קורנפלקס חום לבן כשר לפסח 65 גרם,"דרך השוקולד ,1 צפת 13404",,קליק ק.חום לבן כשלפ,,65.00,100 גרם,false,1,9.00,13.85,true,1,28471
7290116532042,false,קליק כריות נוגט כשר לפסח 65 גרם,"דרך השוקולד ,1 צפת 13404",,קליק כריות נוגט כשלפ,,65.00,100 גרם,false,1,9.00,13.85,true,1,28472
7290116532264,false,גודיז פרי אפרסק – שלגון מופחת קלוריות עם יוגורט בציפוי בטעם אפרסק,"גלידת שטראוס בע""\מ, רחוב",,גודיז אפרסק,,300.00,100 גרם,false,1,27.00,9.00,true,1,28630
7290116532271,false,סנדוויץ לייט גודיז שוקולד וניל 270 ג' שטראוס,"גלידת שטראוס בע""\מ, רחוב",,גודיז סנדוויץ,,270.00,"100 מ""ל",false,1,29.90,11.07,true,1,28631
7290116532462,false,גלידת שמנת קליק בטעמי שוקולד בננה 384 ג' שטראוס,"גלידת שטראוס בע""\מ, רחוב",,פיינט קליק ש.בננה,,520.00,"100 מ""ל",false,1,24.90,4.79,true,1,29141
7290116532479,false,קליק גלידת שמנת בטעמי שוקולד לבן עוגיות 384 ג' שטראוס,"גלידת שטראוס בע""\מ, רחוב",,פיינט קליק ש.לבן,,520.00,"100 מ""ל",false,1,24.90,4.79,true,1,29142
7290116532486,false,גלידת שמנת קליק בטעמי וניל קרמל מלוח 384 ג' שטראוס,"גלידת שטראוס בע""\מ, רחוב",,פיינט קליק וניל קרמל,,520.00,"100 מ""ל",false,1,24.90,4.79,true,1,29143
7290116532882,false,נשנושים איירביס טעם בצל 155 גרם,"דרך השוקולד ,1 צפת 13404",,נשנושים א.בצל 155ג,,155.00,100 גרם,false,1,11.90,7.68,true,1,29707
7290116532899,false,נשנושים איירביס טעם פלאפל 155 גרם,"דרך השוקולד ,1 צפת 13404",,נשנושים א.פלאפל 155ג,,155.00,100 גרם,false,1,11.90,7.68,true,1,29708
7290116532905,false,נשנושים איירביס טעם ברביקיו 155 גרם,"דרך השוקולד ,1 צפת 13404",,נשנושים ברביקיו 155ג,,155.00,100 גרם,false,1,11.90,7.68,true,1,29709
7290116910314,false,מיני פופ סוכריה על מקל(5 יח) 40 גר - מפרץ ההרפתקאות,Unknown,,מיני פופ סוכריה מפרץ,,40.00,100 גרם,false,1,14.90,37.25,true,1,28962
7290116910895,false,מיני פופ סוכריה על מקל 5 יח' 40 גר' סמי הכבאי,Unknown,,מיני פופ סוכריה סמי,,40.00,100 גרם,false,1,14.90,37.25,true,1,28963
7290116910901,false,מיני פופ סוכריה על מקל 5 יח' 40 גר' ברבי,Unknown,,מיני פופ סוכריה ברבי,,40.00,100 גרם,false,1,14.90,37.25,true,1,28964
7290116930015,false,GO חטיף חלבון חטיף בוטנים קריספי 20 גרם חלבון,"בלמונט קונפקציות בע""\מ.",,חטיף חלבון GO ק.מלוח,,60.00,100 גרם,false,1,14.90,24.83,true,1,29144
7290116930022,false,GO חטיף חלבון עוגיות ציפוי קריספי 20 גרם חלבון,"בלמונט קונפקציות בע""\מ.",,חטיף חלבון GO עוגיות,,60.00,100 גרם,false,1,14.90,24.83,true,1,29145
7290116930176,false,חלב 2% שומן בדצ,Unknown,,חלב 2% שומן בדצ,,1.00,1 ליטר,false,1,6.90,6.90,false,1,29393
7290116930282,false,ארוחה בקטנה לאבנה עם קרקרים 150ג' תנובה,תנובה חלב,,לאבנה עם קרקרים,,150.00,100 גרם,false,1,8.90,5.93,false,1,29394
7290116930374,false,משולשי פרומעז 200 גרם,"תנובה בע""\מ",,משולשי פרומעז,,200.00,100 גרם,false,1,32.90,16.45,false,1,28852
7290116930435,false,יופלה גו במרקם סמיך עם דובדבן 0% 200מל,תנובה מרכז שיתופי לש,,יוגורט גו דובדבן,,200.00,100 גרם,false,1,6.90,3.45,false,1,28853
7290116930442,false,"משקה SHAKE בננה מנגו תפוז גזר וצ'יה 230 מ""ל יופלה",יופלה Yoplait,,יופלה SHAKE,,230.00,"100 מ""ל",false,1,11.90,5.17,false,1,29146
7290116930459,false,"יופלה שייק מנגו בננה אננס וקוקוס 230 מ""ל",קבוצת המזון אקטשלאר,,יופלה SHAKE,,230.00,"100 מ""ל",false,1,11.90,5.17,false,1,29147
7290116930466,false,"משקה SHAKE בננה מנגן פסיפלורה והל 230 מ""ל יופלה",קבוצת המזון אקטשלאר,,יופלה SHAKE,,230.00,"100 מ""ל",false,1,11.90,5.17,false,1,29148
7290116930480,false,"משקה SHAKE בננה קיווי תפוח 230 מ""ל יופלה",קבוצת המזון אקטשלאר,,יופלה SHAKE,,230.00,"100 מ""ל",false,1,11.90,5.17,false,1,29149
7290116930558,false,"משקה תה קר עם חלב בטעם צ'אי קרמל 230 מ""ל תנובה",תנובה בעמ,,משקה תהצאי קרמל,,230.00,"100 מ""ל",false,1,10.00,4.35,false,1,29150
7290116930565,false,"משקה תה קר עם חלב בטעם צ'אי מסאלה 230 מ""ל תנובה",תנובה חלב,,תה קר צאי מסאלה,,230.00,"100 מ""ל",false,1,10.00,4.35,false,1,29151
7290116930572,false,ויסוצקי משקה תה קר עם חלב בטעם צאי ורדים,תנובה בעמ,,תה קר צאי ורדים,,230.00,"100 מ""ל",false,1,10.00,4.35,false,1,29152
7290116930626,false,ארוחה בקטנה ציזיקי עם קרקרים 150ג' תנובה,תנובה חלב,,ציזיקי עם קרקרים,,150.00,100 גרם,false,1,8.90,5.93,false,1,29396
7290116930701,false,מעדן חלב GO מועשר בחלבון בטעם קרמל מלוח,תנובה מרכז שיתופי לש,,מעדן קרמל מלוח,,120.00,100 גרם,false,1,5.80,4.83,false,1,29155
7290116930725,false,סויה BIO קוקוס גביע 150 גרם אלטרנטיב,תנובה חלב,,סויה BIO קוקוס,,150.00,100 גרם,false,1,5.30,3.53,false,1,29397
7290116931081,false,מעדן סויה - טופי קרמל 125 גרם אלטרנטיב,תנובה מרכז שיתופי לש,,מעדן סויה טופי קרמל,,125.00,100 גרם,false,1,5.00,4.00,false,1,29398
7290116931104,false,יופלה GO במרקם סמיך עם אננס 0% תנובה 200 גרם,תנובה בעמ,,יופלה גו אננס,,200.00,100 גרם,false,1,6.50,3.25,false,1,29399
7290117260890,false,פופקורן בציפוי בטעם קוקוס 90 גרם,אלאלסי,,פופקורן קוקוס 90ג,,90.00,100 גרם,false,1,8.90,9.89,true,1,28473
7290117260906,false,פופקורן בציפוי בטעם פירות 90 גרם,אלאלסי,,פופקורן פירות 90ג,,90.00,100 גרם,false,1,8.90,9.89,true,1,28474
7290117260913,false,פופקורן בציפוי בטעם שוקולד 90 גרם,אלאלסי,,פופקורן שוקולד 90ג,,90.00,100 גרם,false,1,8.90,9.89,true,1,28475
7290117900444,false,מנצס בצנצנת-חדש,Unknown,,מנצס בצנצנת-חדש,,130.00,100 גרם,false,1,16.90,13.00,true,1,28328
7290117900451,false,מנציס 160 שקדיה חדש,Unknown,,מנציס 160 שקדיה חדש,,130.00,100 גרם,false,1,16.90,13.00,true,1,29168
7290117900468,false,חטיף סויה קריספי חדש,Unknown,,חטיף סויה קריספי חדש,,140.00,100 גרם,false,1,16.90,12.07,true,1,28329
7290117902608,false,חמוציות אגוזים שקדים,Unknown,,חמוציות אגוזים שקדים,,80.00,100 גרם,false,1,10.00,12.50,true,1,29710
7290117902615,false,אגוזים ושקדים קלויים,Unknown,,אגוזים ושקדים קלויים,,80.00,100 גרם,false,1,10.00,12.50,true,1,29711
7290118420071,false,במבה ביסלי ברביקיו מיקס 80ג' אסם,"אסם השקעות בע""\מ",,במבה ביסלי ברביקיו,,80.00,100 גרם,false,1,7.90,9.88,true,1,29712
7290118420095,false,מקלות פילו תפוח,Unknown,,מקלות פילו תפוח,קילוגרמים,1.00,"ק""ג",true,1,55.00,9.17,false,1,29280
7290118420507,false,שנק קינמון פרווה,Unknown,,שנק קינמון פרווה,,120.00,100 גרם,false,1,10.00,8.33,true,1,29463
7290118421313,false,דונאטס אוכמניות67 ג' בונג'ור,Unknown,,דונאטס אוכמניות,,67.00,100 גרם,false,1,10.00,14.93,false,1,29713
7290118421337,false,דונאטס ממולא עם קרם נוגט אגוזים 71ג' בונג'ור,Unknown,,דונטס ק.נוגט אגוזים,,71.00,100 גרם,false,1,10.00,14.08,false,1,29714
7290118421351,false,דונאטס ממולא במילוי בטעם וניל 70ג' בונג'ור,Unknown,,דונאטס בטעם וניל,,70.00,100 גרם,false,1,10.00,14.29,false,1,29715
7290118421375,false,דונאטס ממולא במילוי בטעם שוקולד 67ג' בונג'ור,Unknown,,דונאטס ממולא שוקולד,,67.00,100 גרם,false,1,10.00,14.93,false,1,29716
7290118421399,false,דונאטס שוקולד בציפוי שוקולד בלגי 55ג' בונג'ור,Unknown,,דונאטס שוקולד ש.בלגי,,55.00,100 גרם,false,1,10.00,18.18,false,1,29717
7290708941753,false,גבטה דאבל בשר,Unknown,,גבטה דאבל בשר,,0.00,,false,1,22.00,0.00,false,1,26631
7291123657858,false,סיגריה DOM-ענבים,Unknown,,סיגריה DOM-ענבים,,0.00,,false,1,89.90,0.00,false,1,29440
7291123657872,false,סיגריה DOM-אבטיח,Unknown,,סיגריה DOM-אבטיח,,0.00,,false,1,89.90,0.00,false,1,29439
7291123657889,false,סיגריה DOM-אוכמיות,Unknown,,סיגריה DOM-אוכמיות,,0.00,,false,1,89.90,0.00,false,1,29438
7291123657896,false,סיגריה DOM-תות,Unknown,,סיגריה DOM-תות,,0.00,,false,1,89.90,0.00,false,1,29435
7291123657902,false,סיגריה DOM-אפרסק,Unknown,,סיגריה DOM-אפרסק,,0.00,,false,1,89.90,0.00,false,1,29437
7291123657919,false,סיגריה DOM-קולה,Unknown,,סיגריה DOM-קולה,,0.00,,false,1,89.90,0.00,false,1,29442
7291123657926,false,סיגריה DOM-תפוח,Unknown,,סיגריה DOM-תפוח,,0.00,,false,1,89.90,0.00,false,1,29436
7291123657933,false,סיגריה DOM-מנגו,Unknown,,סיגריה DOM-מנגו,,0.00,,false,1,89.90,0.00,false,1,29434
7291123657940,false,סיגריה DOM-מנטה,Unknown,,סיגריה DOM-מנטה,,0.00,,false,1,89.90,0.00,false,1,29441
7291123657957,false,סיגריה DOM-מלון,Unknown,,סיגריה DOM-מלון,,0.00,,false,1,89.90,0.00,false,1,29449
7296073215455,false,מארז מיקס מלפפון ביי,עטרה,,מארז מיקס,,500.00,100 גרם,false,1,19.90,3.98,true,1,28559
7297588031516,false,שמשיה 85 צבעונית,Unknown,,שמשיה 85 צבעונית,,0.00,,false,1,29.00,0.00,false,1,27162
7297588031523,false,שמשיה ארטוס,Unknown,,שמשיה ארטוס,,0.00,,false,1,29.00,0.00,false,1,27137
7297588034074,false,שמשיה גדולה 180,Unknown,,שמשיה גדולה 180,,0.00,,false,1,29.00,0.00,false,1,27163
7298074500615,false,ערכה לבדיקת הריון בודד סנסו טסט,סנסו טסט Senso Test,,בדיקת הריון בודד,,1.00,יחידה,false,1,29.90,29.90,true,1,4656
7312040017683,false,"אבסולוט וודקה, 700 מ''ל","איי, בי, אינבוו",,וודקה אבסולוט 700מל,,700.00,"100 מ""ל",false,1,95.00,13.53,true,1,14703
7468847169992,false,שום ייבוא ליח 200 ג,Unknown,,שום ייבוא ליח 200 ג,,200.00,100 גרם,false,1,9.90,4.95,true,1,26337
7500162900000,false,"בירה סול 330 מ""ל - בודד",פארייפאבה אגרואינדוס,,בירה סול בקבוק 330,,330.00,"100 מ""ל",false,1,16.00,4.76,true,1,24829
7501013101348,false,"ג'ומקס מנגו בקבוק 473 מ""ל תריסר",חומקס קומר קומרסאליזדורה,,גומקס מנגו 473מל,,473.00,"100 מ""ל",false,1,10.90,2.24,true,1,23405
7501013101355,false,"נקטר בטעם אפרסק 500 מ""ל JUMEX",חומקס קומר קומרסאליזדורה,,גומקס אפרסק 473מל,,473.00,"100 מ""ל",false,1,9.90,2.03,true,1,23406
7501013101362,false,"נקטר בטעם קוקוס ואננס 500 מ""ל JUMEX",חומקס קומר קומרסאליזדורה,,גומקס ק.אננס 473מל,,473.00,"100 מ""ל",false,1,10.90,2.24,true,1,23407
7501013101393,false,"ג'ומקס אננס בקבוק 473 מ""ל תריסר",חומקס קומר קומרסאליזדורה,,גומקס אננס 473מל,,473.00,"100 מ""ל",false,1,10.90,2.24,true,1,23408
7501013101430,false,יוניקו פרסקו משק.חמוצ473,חומקס קומר קומרסאליזדורה,,גומקס פרסקו חמוציות,,473.00,"100 מ""ל",false,1,8.90,1.82,true,1,23409
7501013101447,false,"נקטר בטעם רימונים 500 מ""ל ""JUMEX""",חומקס קומר קומרסאליז,,גומקס פרסקו רימון,,473.00,"100 מ""ל",false,1,8.90,1.82,true,1,23410
7501013122053,false,ג'ומקס מיץ אפרסק קרטונית ליטר תריסר,חומקס קומר קומרסאליזדורה,,גומקס אפרסק 1ל,,1.00,1 ליטר,false,1,9.90,9.90,true,1,25005
7501013122114,false,ג'ומקס מיץ אננס קרטונית ליטר תריסר,חומקס קומר קומרסאליזדורה,,גומקס אננס 1ל,,1.00,1 ליטר,false,1,9.90,9.90,true,1,25006
7501013122992,false,ג'ומקס מיץ קוקוס אננס קרטונית ליטר תריסר,חומקס קומר קומרסאליזדורה,,גומקס קוקוס אננס,,1.00,1 ליטר,false,1,9.90,9.90,true,1,25007
7501049936945,false,"בירה סול שישייה בקבוק 330 מ""ל",היינקן,,בירה סול 330 מל X6,,1.98,1 ליטר,false,1,49.90,24.29,true,1,24765
7501064191398,false,שישיית בירה קורונה אקסטרא *355 מל,קריניציה ויטמינה אס,,בירה קורונה שישייה,,2.13,1 ליטר,false,1,39.90,17.89,true,1,24766
7501064196690,false,"פחית בירה קורונה 355 מ""ל",סרבסריה מידלו,,פחית קורונה 355,,355.00,"100 מ""ל",false,1,17.00,4.70,true,1,24144
7610113011652,false,בריזר - משקה כוהלי מוגז בטעם תפוח,בקרדי בריזר Bacardi Breezer,,בקרדי בריזר תפוח,,275.00,"100 מ""ל",false,1,18.90,6.76,true,1,24767
7610113013250,false,"משקה כוהלי על בסיס רום בקרדי 250 מ""ל",בקרדי מרטיני,,בקרדי מוחיטו פחית,,260.00,"100 מ""ל",false,1,18.90,7.15,true,1,27773
7610113015780,false,בריזר סלצזר למון לים250,"בקרדי בע""מ",,בריזר סלצזר ל.ליים,,250.00,"100 מ""ל",false,1,16.90,6.64,true,1,28638
7610113015797,false,בריזר סלצזר פטל ליים250מ,"בקרדי בע""מ",,בריזר סלצזר פ.ליים,,250.00,"100 מ""ל",false,1,16.90,6.64,true,1,28639
7610400014649,false,לינדור קוביות במילוי קרם שוקולד חלב 100 גרם,לינדט ושפרונגלי קילשברג,,לינדט שוקולד חלב,,100.00,100 גרם,false,1,16.90,16.90,true,1,10617
7610400074155,false,לינדט לינדור קוביות במילוי קרם שוקולד 60% מוצקי קקאו 100 גרם,לינדט ושפרונגלי קילשברג,,לינדור בודד 60%,,100.00,100 גרם,false,1,16.90,16.90,true,1,29176
7610400075770,false,לינדט לה גרנד שוקולד מריר אגוז 150 גרם,לינדט ושפרונגלי קילשברג,,לינדט לגרנד דארק 150,,150.00,100 גרם,false,1,26.90,17.93,true,1,29177
7610400075787,false,לינדט לה גרנד שוקולד חלב אגוז 150 גרם,לינדט ושפרונגלי קילשברג,,לינדט לגרנד מילק,,150.00,100 גרם,false,1,30.00,20.00,true,1,26140
7610400091060,false,שוקולד מריר לינדט אקסלנס בתוספת תפוז ושקדים,לינדט ושפרונגלי קילש,,לינדט אקסלנס אורנג,,100.00,100 גרם,false,1,16.90,16.90,true,1,29174
7612800209694,false,סיגריות לאקי סטרייק,Unknown,,לאקי סטרייק אדום,,0.00,,false,1,31.50,0.00,false,1,20205
7612800209700,false,לאקי סטרייק אד.פאקט,Unknown,,לאקי סטרייק אד.פאקט,,0.00,,false,1,305.00,0.00,false,1,20206
7613030979647,false,דגני בוקר טריקס בטעם פירות נסטלה 480 ג',ג'נרל מילס סאן אדריא,,טריקס 480 גר,,480.00,100 גרם,false,1,33.00,6.88,true,1,23241
7613032045753,false,פיטנס - דגני בוקר שוקולד 375 גרם,נסטלה צרפת איטנקורט,,פיטנס שוקולד 375 גר,,375.00,100 גרם,false,1,22.90,6.11,true,1,11745
7613033548192,false,פיטנס - דגני בוקר שוקולד מריר 375 גרם,נסטלה צרפת איטנקורט,,פיטנס דגנים ש.מריר,,375.00,100 גרם,false,1,22.90,6.11,true,1,15080
7613035619050,false,פירולו חמשושים מפלצות 75 מל,שוורצקוף& הנקל דיסלד,,חמשושים מצופים חלב,,75.00,"100 מ""ל",false,1,10.90,14.53,true,1,17643
7613035809109,false,פרפקטו רוטב עגבניות ובזיליקום אסם 400 גרם,אסם פרפקטו Perfecto,,פרפקטו רוטב ע.בזיליק,,400.00,100 גרם,false,1,11.50,2.88,false,1,21714
7613035809857,false,פרפקטו רוטב עגבניות לפסטה ולבישול אסם 400 גרם,אסם פרפקטו Perfecto,,פרפקטו רוטב עגבניות,,400.00,100 גרם,false,1,11.50,2.88,true,1,18985
7613036520492,false,פרפקטו רוטב עגבניות לפיצה אסם 400 גרם,אסם פרפקטו Perfecto,,רוטב עגבניות,,400.00,100 גרם,false,1,11.50,2.88,true,1,26250
7613036576734,false,קרטיב חמשושים חדש נסטלה 60 גר,פרונרי איבריה ס.ל,,חמשושים בטעמים,,60.00,100 גרם,false,1,10.90,18.17,true,1,21912
7613036878135,false,גרבר מחית סלט פירות 190 גרם,נסטלה פולסקה אס.איי,,גרבר מחית ס.פירות,,190.00,100 גרם,false,1,7.50,3.95,true,1,26141
7613036880534,false,גרבר מחית ירקות מעורבים מטרנה 190 גר',נסטלה פולסקה אס.איי,,גרבר מחית מרק,,190.00,100 גרם,false,1,7.50,3.95,true,1,26251
7613036880855,false,גרבר מחית תפוח עץ ובננה 190 גר'.,נסטלה פולסקה אס.איי,,גרבר תפוח עץ ובננה,,190.00,100 גרם,false,1,7.50,3.95,true,1,23921
7613037204797,false,סטארבקס - פולי קפה בלונד אספרסו 450 גרם,נסטלה נספרסו,,ס.בלונד אספרסו,,450.00,100 גרם,false,1,55.00,12.22,false,1,26932
7613037204889,false,סטארבקס - פולי קפה אספרסו 450 גרם,נסטלה נספרסו,,ס.פ.קפה אספרסו,,450.00,100 גרם,false,1,55.00,12.22,false,1,26933
7613037686906,false,פיטנס שקדים ודבש 355 גרם מופחת סוכר,נסטלה צרפת איטנקורט,,פיטנס שקדים ודבש,,355.00,100 גרם,false,1,22.90,6.45,true,1,23922
7613287008497,false,סטארבקס - פולי קפה פייק פלייס 450 גרם,נסטלה נספרסו,,סטארבקס פייק פלייס,,450.00,100 גרם,false,1,55.00,12.22,false,1,26934
7613287302373,false,סטארבקס קפסולות איטליאן סטייל רוסט 56 גרם,נסטלה שוויץ - קפה,,ק.ס.איטלאן סטיל רוסט,,10.00,יחידה,false,1,21.90,2.19,true,1,26907
7613600003796,false,פאל מאל סופרסלימס כחול עשירייה,Unknown,,פאל מאל סופרסלימס,,0.00,,false,1,297.00,0.00,false,1,23020
7613600003819,false,פאל מאל סופרסלימס כתום עשירייה,Unknown,,פאל מאל סופר סלים,,0.00,,false,1,297.00,0.00,false,1,24821
7622010001858,false,עוגיות אוראו ממולאות קרם וניל 176 גרם.,פי אר ג'\יי אס אי מנדלז,,אוראו עוגיות 176 גר,,176.00,100 גרם,false,1,12.90,7.33,true,1,17899
7622201120931,false,מילקה שוקולד אוראו לבן 100 גרם,מונדלז אוקראינה,,מילקה ל.אוריאו 100ג,,100.00,100 גרם,false,1,7.90,7.90,true,1,28640
7622201127206,false,מילקה ממרח אגוזי לוז 350 ג',"נטרה מלה אנ.וי,",,ממרח ש.מילקה 350 ג,,350.00,100 גרם,false,1,19.90,5.69,false,1,27393
7622201127398,false,מילקה אוראו מיניס אורגינל 153 גרם,פי.אר.ג'\יי.אס.סי מונדלז,,מילקה אוראו מיניס,,153.00,100 גרם,false,1,16.90,11.05,true,1,25774
7622201139278,false,גבינת שמנת 27% שומן 150 ג' פילדלפיה,מיודלז אספניה פרודוק,,פילדלפיה שמנה 27%,,150.00,100 גרם,false,1,16.00,10.67,true,1,26312
7622201401900,false,עוגיות סנסיישן אוראו מילקה 156 גרם,מונדלז פולסקה פרודקש,,עוגיות מילקה,,156.00,100 גרם,false,1,14.00,8.97,true,1,25225
7622201801809,false,מילקה שוקולד חלב עם אגוזים 100 גרם חדש,מנדלז דויצ'\לנד סנקס פרו,,מילקה שוקולד אגוז100,,100.00,100 גרם,false,1,7.90,7.90,true,1,27192
7622201802363,false,מילקה טבלת שוקולד חלב וצימוקים ואגוזים 100ג',מנדלז דויצ'\לנד סנקס פרו,,מילקה צימוק אגוז100,,100.00,100 גרם,false,1,7.90,7.90,true,1,27191
7622201802394,false,שוקולד מילקה חלב מסרונים 100 גרם,מנדלז דויצ'\לנד סנקס פרו,,מילקה שוקולד חלב100,,100.00,100 גרם,false,1,7.90,7.90,true,1,27190
7622201808631,false,אוראו מיני עוגיות ממולאות קרם וניל 67גרם,פי.טי. מונדלז אינדונ,,אוראו מיני וניל,,67.00,100 גרם,false,1,8.50,12.69,true,1,27194
7622201809188,false,ביסקוויט עם שוקולד חלב מילקה,מונדלז פרנס ביסקוויט פרו,,ביסקויט מצופה שוקולד,,150.00,100 גרם,false,1,14.00,9.33,true,1,26582
7622201813390,false,וופל במילוי קרם קקאו בציפוי שוקולד חלב,מונדליז סי.אר. ביסקוויט,,וופל במילוי קרם קקאו,,150.00,100 גרם,false,1,14.90,9.93,true,1,26581
7622201819552,false,מילקה דארק שוקולד 85 גרם חדש,מונדלז דויטשלנד סנאק,,מילקה דרק 85 ג,,0.00,,false,1,8.90,0.00,true,1,29085
7622210078131,false,שוקולד חלב עם שבבי קרמל מילקה דיים 100 גרם,מנדלז דויצ'\לנד סנקס פרו,,מילקה דיים 10גר,,100.00,100 גרם,false,1,7.90,7.90,true,1,21534
7622210137234,false,עוגיות אוראו עם דאבל קרים וניל 170 גר,מונדלייז,,אוראו ע.דאבל קרים,,0.00,,false,1,10.00,0.00,true,1,23859
7622210163899,false,שוקולד חלב במילוי סוכריות עדשים,מונדלז דויצ'לנד סנקס,,מילקה עדשים 100גר,,100.00,100 גרם,false,1,7.90,7.90,true,1,21568
7622210453327,false,עוגיות שוקוצ'יפס במילוי שוקולד סנסיישן,מנדלז פולסקה פרודקשן,,מילקה סנסיישן 156ג,,156.00,100 גרם,false,1,14.90,9.55,true,1,21535
7622210464729,false,אוראו גולדן עוגיות וניל במילוי קרם וניל,מונדלייז,,אוראו גולדן 154 גרם,,0.00,,false,1,10.00,0.00,true,1,23860
7622210597915,false,פרלינים לבבות שוקולד חלב ממולא קרם נוגט,מונדלז בולגריה פרודק,,מילקה לבבות,,110.00,100 גרם,false,1,14.90,13.55,true,1,24768
7622210637994,false,מיני עוגיות אוראו קראנצ'י בייטס אורגינל,מונדלז אספניה ג'לאטס,,אוראו ביס קראנצי,,110.00,100 גרם,false,1,12.00,10.91,true,1,25226
7622210638021,false,מיני עוגיות אוראו קראנצ'י בייטס מצופים,מונדלז אספניה ג'לאטס,,אורו קראנצי בייטס,,110.00,100 גרם,false,1,12.00,10.91,true,1,25227
7622210645999,false,מילקה דארק שוקולד שקדים 85 גרם,מונדלייז,,מילקה דארק שקדים 85,,85.00,100 גרם,false,1,8.90,10.47,true,1,24769
7622210646033,false,שוקולד מילקה דארק 85 גרם,מונדלייז,,מילקה דרק 85 גרם,,85.00,100 גרם,false,1,8.90,10.47,true,1,24827
7622210826053,false,שוקולד מילקה אוראו סנדוויץ 92 גר',גיאורי קאקסז קייאףטי,,מילקה אוראו סנדביץ,,92.00,100 גרם,false,1,7.90,8.59,true,1,25210
7622210829085,false,עוגיות אוראו וניל דקים 96 גרם,פי אר ג'יי אס אי מנד,,אוראו דקים וניל,,96.00,100 גרם,false,1,8.90,9.27,true,1,24576
7622210829108,false,עוגיות אוראו שוקו דקים 96 גרם,פי אר ג'יי אס סי מונ,,אוראו דקים שוקו,,96.00,100 גרם,false,1,8.90,9.27,false,1,24575
7622210835338,false,אוראו עוגיות ממולאות טעם בראוניז 176 גרם,מנדלז אספנה גאלטס פר,,אוראו בראוניז 176ג,,176.00,100 גרם,false,1,12.90,7.33,true,1,21716
7622300200237,false,שוקולד מילקה שוקולד חלב 250 גרם,מונדליז אוסטרייך פרו,,מילקה שוק.חלב 250ג,,250.00,100 גרם,false,1,20.00,8.00,true,1,26142
7622300270469,false,ביסקוויט מילקה 150 גרם,מונדלייז,,מילקה ביסקויט מ.שוקו,,150.00,100 גרם,false,1,14.00,9.33,true,1,23863
7622300315283,false,אוראו עוגיות ממולאות קרם וניל 154 גרם,"מונדלז CR פרודקשיין,",,אוראו וניל בדצ 154,,100.00,100 גרם,false,1,10.00,10.00,true,1,27193
7622300356767,false,מילקה - עוגיות עם גרנולה וחתיכות של שוקולד חלב,מונדלז פולסקה פרודקש,,מילקה עוגיות גרנולה,,0.00,,false,1,14.00,0.00,true,1,23866
7622300441715,false,עוגיות מילקה ביסקוויט ממולא קרם חלב מצופה למחצה בשוקולד חלב 150 גר',מוביל בעל מוניטין,,עוגי.מילקה שוקו מיני,,150.00,100 גרם,false,1,14.90,9.93,true,1,20510
7622300489427,false,עוגיות אוראו בציפוי בטעם שוקולד לבן 246 גרם,מנדלז אספנה גאלטס פר,,אוראו בטעם שוקולדחדש,,146.00,100 גרם,false,1,19.00,13.01,true,1,21573
7622300489434,false,"עוגיות אוראו פאדג' בציפוי שוקולד חלב, 246 גרם",מנדלז אספנה גאלטס פר,,אוראו בציפוי ש.חלב,,246.00,100 גרם,false,1,19.00,7.72,true,1,21478
7622300495046,false,מילקה שוקולד חלב עם אקסטרה קקאו 100 גרם,מנדלז דויצ'\לנד סנקס פרו,,מילקה א.קקאו 30%,,0.00,,false,1,7.90,0.00,true,1,23867
7622300498429,false,שוקולד מילקה במילוי יוגורט תות 100 גרם,מנדלז דויצ'\לנד סנקס פרו,,מילקה שוקולד תות 100,,100.00,100 גרם,false,1,7.90,7.90,true,1,26143
7622300503079,false,עוגיות ביסקוויט מצופה שוקולד חלב מילקה 200 גרם,מונדלז פולסקה פרודקש,,מילקה מו ביסקוויט200,,200.00,100 גרם,false,1,14.00,7.00,true,1,17335
7622300617820,false,מילקה שוקולד חלב במילוי קרם חלב ווניל ושבבי עוגיות אוראו 100 גרם,מנדלז דויצ'\לנד סנקס פרו,,מילקה אוראו 100גר,,100.00,100 גרם,false,1,7.90,7.90,true,1,20246
7622300772314,false,אוראו עוגיות ממולאות קרם וניל 66 גרם,מונדלייז,,אוראו 66 גר - חדש,,66.00,100 גרם,false,1,4.50,6.82,true,1,13892
7622400005190,false,שוקולד חלב נגיעות שוקולד לבן מילקה 100 ג,מנדלז דויצ'\לנד סנקס פרו,,מילקה שוקולד לבן 100,,100.00,100 גרם,false,1,7.90,7.90,true,1,26144
7630477891592,false,סטארבקס קפסולות קפה האוס בלנד 10 יחידות,נסטלה שוויץ - קפה,,ק. סטארבקס האוס,,10.00,יחידה,false,1,21.90,2.19,true,1,26431
7630477891639,false,סטארבקס קפסולות קפה ורונה 10 יחידות,נסטלה שוויץ - קפה,,ק. סטארבקס ורונה,,10.00,יחידה,false,1,21.90,2.19,true,1,26432
7630477891677,false,סטארבקס קפסולות קפה פייק פלייס 10 יחידות,נסטלה שוויץ - קפה,,ק. סטארבקס פייק פ,,10.00,יחידה,false,1,21.90,2.19,true,1,26433
7630477891691,false,סטארבקס קפסולות קפה קולמביה 10 יחידות,נסטלה שוויץ - קפה,,ק. סטארבקס קולומביה,,10.00,יחידה,false,1,21.90,2.19,true,1,26434
7630477891714,false,סטארבקס קפסולות קפה אספרסו 10 יחידות,נסטלה שוויץ - קפה,,ק. סטארבקס אספרסו,,10.00,יחידה,false,1,21.90,2.19,true,1,26435
7630477891738,false,סטארבקס קפסולות קפה אספרסו בלונד 10 יחיד,נסטלה שוויץ - קפה,,ק. סטארבקס א.בלונד,,10.00,יחידה,false,1,21.90,2.19,true,1,26436
7640175742614,false,"בומביי ספייר 200 מ""ל",הממלכה המאוחדת,,גין בומביי 200,,200.00,"100 מ""ל",false,1,41.90,20.80,false,1,28355
7640175743451,false,משקה כוהלי על בסיס גין בומביי ספייר 250מ,בומביי ספיריטס,,פ.גין בומביי&טוניק,,260.00,"100 מ""ל",false,1,18.00,6.81,true,1,27774
7702018366286,false,ונוס סכיני גילוח סימפלי ידית ושלושה סכינים 3 להבים,פרוקטל אנד גמבל,,ס.סימפלי ונוס אישה,,3.00,יחידה,false,1,24.90,8.30,true,1,23716
7702018405145,false,גילט סירייס גל גילוח להגנה גבוהה,פרוקטר & גמבל,,גילט גל גילוח,,200.00,"100 מ""ל",false,1,22.00,11.00,true,1,26273
7702018462032,false,סכיני גילוח גילט מאך 3 רביעייה,פרוקטור אנד גמבל,,גילט מאך,,4.00,יחידה,false,1,32.00,8.00,true,1,26274
7702018471423,false,גילט פיוזן סטארט סכיני גילוח 4יח,פרןקטר אנד גמבל ברלי,,גילט פיוזן רביעיות,,4.00,יחידה,false,1,42.90,10.72,true,1,26750
7702018978120,false,"ג'ילט - דאודורנט ג'ל לגבר קול וייב 70 מ""ל",פרוקטר אנד גמבל,,גילט דאו קליר 70 מל,,70.00,"100 מ""ל",false,1,19.90,28.43,true,1,8778
7702018980857,false,גילט סירייס גל גילוח לעור רגיש 75 מל,פרוקטר & גמבל,,גילט גילוח סירייס75,,75.00,"100 מ""ל",false,1,10.00,13.33,true,1,19260
7751553004375,false,תערובת קינואה,Unknown,,תערובת קינואה,,210.00,100 גרם,false,1,9.90,4.71,true,1,28594
7792860006218,false,סוכריות לקקנים בייבי דול Baby Doll לריטר,גוד פוד פרודקטס S.p,,בייבי דול לקקן 24גר,,24.00,100 גרם,false,1,3.30,13.75,true,1,1973
7798164800019,false,אוכמניות ברי בקופסא,אראל תוצרת חקלאית בע,,אוכמניות ליח,,125.00,100 גרם,false,1,22.00,17.60,true,1,24213
7840392000362,false,"פחם פרימיום 2 ק""ג",BRICAPER,,פחם 2 קג פרימיום,,2.00,"1 ק""ג",false,1,21.90,10.95,false,1,28748
7861500002740,false,"בירה לף בראון בקבוק 330 מ""ל","אינבב, ברוורייפליין",,לף בראון בק 330 מל,,330.00,"100 מ""ל",false,1,14.00,4.15,true,1,28476
7861500002818,false,"לף בראון-שישיה 6 בק' 330 מ""ל","אינבב, ברוורייפליין",,לף בראון בק 330 מל,,1.98,1 ליטר,false,1,59.90,29.34,true,1,28477
7891024030974,false,"קולגייט משחת שיניים טריפל אקשן 75 מ""ל",הנסיך- מפעל לייצור ט,,קולגייט טריפל אקשן,,75.00,"100 מ""ל",false,1,7.90,10.53,true,1,25900
7891024124826,false,"משחת שיניים אופטיק ווייט קולגייט 75 מ""ל",הנסיך- מפעל לייצור ט,,קולגייט אופטיק ווייט,,75.00,"100 מ""ל",false,1,30.00,40.00,true,1,25901
8000070003545,false,ק. זהב אורו,Unknown,,ק. זהב אורו,,120.00,100 גרם,false,1,29.90,24.92,true,1,27715
8000070003774,false,קפסולות אספרסו לוואצה אינטנסו 13 16 יח,לואיג'י לוואצה,,ק.בורדו אינטסינמנטה2,,120.00,100 גרם,false,1,29.90,24.92,true,1,19633
8000070003798,false,קפסולות אספרסו לוואצה דליסיוזו 8 16 יח,לאוג'י לוואצה אס.פי.אי,,ק. כתום דליזיומנטה2,,120.00,100 גרם,false,1,29.90,24.92,true,1,19634
8000070003811,false,קפסולות אספרסו לוואצה פסיונלה 11 16 יח,לואיג'י לוואצה,,ק. אדום אפסיונמנטה2,,120.00,100 גרם,false,1,29.90,24.92,true,1,19635
8000070003842,false,לוואצה מס' 7 קפסולות לקפה 120 גרם,לווצה טורינו,,ק. כחול קרמה (נטול)2,,120.00,100 גרם,false,1,29.90,24.92,true,1,19636
8000070003880,false,קפסולות קפה לוואצה קרמה דולצ'ה חוזק 6,לווצה טורינו,,ק.סגול דולצמנטה 2,,120.00,100 גרם,false,1,29.90,24.92,true,1,19637
8000070003972,false,קפסולות לוואצה אמודו,לאוג'י לוואצה אס.פי.אי,,קפסולות לילך סוואב2,,120.00,100 גרם,false,1,29.90,24.92,true,1,19641
8000070010215,false,קפסולות דליצטו לוואצה 10 יח',Unknown,,קפסולות ת.נספרסו דלי,,10.00,יחידה,false,1,15.90,1.59,true,1,26579
8000070029637,false,פולי לוואצה פיו,Unknown,,פולי לוואצה פיו,,1.00,יחידה,false,1,89.00,89.00,false,1,27990
8000070043381,false,פ.לוואצה פיאנו גוסטו,Unknown,,פ.לוואצה פיאנו גוסטו,,1.00,יחידה,false,1,69.00,69.00,false,1,27991
8000070053465,false,קפסולות קפה אספרסו אורו דרגת חוזק 8,לאוג'י לוואצה אס.פי.אי,,לוואצה אורו חוזק 8,,0.00,,false,1,19.90,0.00,true,1,29746
8000070053472,false,לוואצה קרמה גוסטו קלאסיקו מס' 12 קפסולות לקפה 55 גרם,לאוג'י לוואצה אס.פי.אי,,לוואצה א.קלאסיקו 12,,0.00,,false,1,19.90,0.00,true,1,29747
8000070053502,false,קפסולות קפה אספרסו ריקו נטול קפאין דרגת חוזק 7,לווצה טורינו,,לוואצה נטול קפאין 7,,0.00,,false,1,19.90,0.00,true,1,29748
8000070053526,false,לוואצה רוסה מס' 10 קפסולות לקפה 55 גרם,לאוג'י לוואצה אס.פי.אי,,לוואצה רוסה חוזק 10,,0.00,,false,1,19.90,0.00,true,1,29749
8000070055254,false,לוואצה קרמה גוסטו פורטה מס' 13 קפסולות לקפה 55 גרם,לואיג'י לוואצה,,לוואצה קרמה גוסטו 13,,0.00,,false,1,19.90,0.00,true,1,29750
8000070059832,false,לוואצה קרמה גוסטו ריקו מס' 11 קפסולות לקפה 55 גרם,לואיג'י לוואצה,,לוואצה גוסטו ריקו 11,,0.00,,false,1,19.90,0.00,true,1,29751
8000070063396,false,ק. סגולה דיוינו 2,Unknown,,ק. סגולה דיוינו 2,,0.00,,false,1,29.90,0.00,true,1,29555
8000070064553,false,קפסולות אספרסו לוואצה רוסה 10 16 יח,לווצה טורינו,,לוואצה רוסה AMM10,,0.00,,false,1,29.90,0.00,true,1,29645
8000070064577,false,קפסולות קפה לוואצה קוואליטה אורו חוזק 8,לואיג'י לוואצה,,לוואצה אורו AMM8,,0.00,,false,1,29.90,0.00,true,1,29646
8000070081024,false,קפסולות חום ארמוניקו לוואצה 10 יח',Unknown,,נ. לוואצה הרמוניקו 8,,10.00,יחידה,false,1,15.90,1.59,true,1,26440
8000070081031,false,קפסולות ורוד דציסו לוואצה 10 יח',Unknown,,נספרסו לוואצה דיצו10,,10.00,יחידה,false,1,15.90,1.59,true,1,26441
8000070081093,false,לוואצה ת.נספרסו נטול,Unknown,,לוואצה ת.נספרסו נטול,,10.00,יחידה,false,1,15.90,1.59,true,1,26442
8000070081154,false,קפסולות קפה אספרסו לג'רו 4 10 יחידות,לאוג'\י לוואצה אס.פי.אי,,לוואצה ת.נספרסו לגרו,,10.00,יחידה,false,1,15.90,1.59,true,1,26444
8000070086005,false,ק. אדום אפסיונמנטה 3,Unknown,,ק. אדום אפסיונמנטה 3,,120.00,100 גרם,false,1,29.90,24.92,true,1,22971
8000070086012,false,ק. כתום דליזיומנטה 3,Unknown,,ק. כתום דליזיומנטה 3,,120.00,100 גרם,false,1,29.90,24.92,true,1,22972
8000070086029,false,ק.בורדו אינטסינמנטה3,Unknown,,ק.בורדו אינטסינמנטה3,,120.00,100 גרם,false,1,29.90,24.92,true,1,22973
8000070086036,false,קפסולות קרמה נטול3,Unknown,,קפסולות קרמה נטול3,,120.00,100 גרם,false,1,29.90,24.92,true,1,22974
8000070086494,false,ק.סגול דולצמנטה 3,Unknown,,ק.סגול דולצמנטה 3,,120.00,100 גרם,false,1,29.90,24.92,true,1,22975
8000070087200,false,קפסולות לילך סוואב 3,Unknown,,קפסולות לילך סוואב 3,,120.00,100 גרם,false,1,29.90,24.92,true,1,14824
8000070088177,false,ק. סגולה דיוינו,Unknown,,ק. סגולה דיוינו,,120.00,100 גרם,false,1,29.90,24.92,true,1,27716
8000300367836,false,גלידה קראנץ פופס 60,תאי פרזידנט פוד פאבל,,קראנץ פופס,,82.00,100 גרם,false,1,11.00,13.41,true,1,19035
8000380003723,false,וופל אגוזים בציפוי שוקולד לואקר 100 גרם,קריניציה ויטמינה אס,,לואקר פטיסרי אגוז,,100.00,100 גרם,false,1,15.90,15.90,true,1,14121
8000380003761,false,וופל גרנד פטיסרי שוקולד וקוקוס לואקר 100 גרם,קריניציה ויטמינה אס,,לואקר פטיסרי קוקוס,,100.00,100 גרם,false,1,15.90,15.90,true,1,14120
8000380004676,false,קוביות וופל סנדוויץ Sandwich עם וניל וחלב,"א. לואקר, קונפקט ג'י",,וופל לואקר,,200.00,100 גרם,false,1,16.90,8.45,true,1,10630
8000380004911,false,קוביות וופל קואדרטיני Quadratini קרם אגוזים,קריניציה ויטמינה אס,,קואדרטיני אגוז 250 ג,,250.00,100 גרם,false,1,19.50,7.80,true,1,279
8000380004942,false,וופל לואקר קוארדטיני קוביות ווניל 250ג',ליימן מותגים,,קואדרטיני וניל 250גר,,250.00,100 גרם,false,1,19.50,7.80,true,1,12562
8000380004966,false,וופל קוארדטיני לואקר קוביות שוקולד 250ג',קריניציה ויטמינה אס,,קואדרטיני קקאו 250 ג,,250.00,100 גרם,false,1,19.50,7.80,true,1,620
8000380005918,false,וופל קוביות קואדרטיני אגוזים לואקר 125 גרם,ליימן מותגים,,לואקר קואדרטיני אגוז,,125.00,100 גרם,false,1,10.00,8.00,true,1,14124
8000380005963,false,וופל קוארדטיני שוקולד לואקר 125 גרם,מותגים,,לואקר קואדרטיני,,125.00,100 גרם,false,1,10.00,8.00,true,1,14123
8000380007219,false,וופלים בטעם אגוזים לואקר 175 גרם,ליימן מותגים,,לואקר אגוז 175 גרם,,175.00,100 גרם,false,1,15.90,9.09,true,1,621
8000380007257,false,וופל גרדנה אגוזים לואקר 200 גרם,קריניציה ויטמינה אס,,גרדנה וופל 200 גר,,200.00,100 גרם,false,1,16.90,8.45,true,1,9623
8000380007264,false,וופלים בטעם קקאו לואקר 175 גרם,קריניציה ויטמינה אס,,לואקר קקאו 175 גרם,,175.00,100 גרם,false,1,15.90,9.09,true,1,622
8000380106028,false,טורטינה לואקר וופל שוקולד ואגוזים שישיה 125ג',קריניציה ויטמינה אס,,טורטינה שוקולד חלב,,125.00,100 גרם,false,1,22.00,17.60,true,1,18855
8000380142484,false,קוביות וופל קואדרטיני Quadratini בטעם שוקולד מריר,"אינסטנטה בע""מ",,קואדרטיני ש.מריר 250,,250.00,100 גרם,false,1,19.50,7.80,true,1,8974
8000380144044,false,גרדנה וופל מצופה שוקולד חלב לואקר 200 גרם,"א. לואקר , AG/SpA, ו",,וופל גרדנה שוקולד,,200.00,100 גרם,false,1,16.90,8.45,true,1,16904
8000380153442,false,וופל קלאסיק בטעם אגוזים לואקר 90 גרם,ליימן שליסל,,ופל לואקר קרם אגוזים,,90.00,100 גרם,false,1,9.50,10.56,true,1,20066
8000380153466,false,וופל קלאסיק בטעם קקאו לואקר 90 גרם,קריניציה ויטמינה אס,,וופל לואקר שוקולד,,90.00,100 גרם,false,1,9.50,10.56,true,1,20067
8000380153534,false,מארז וופל שוקולד טורטינה Tortina שוקולד לבן,א. לואקר אס. פי. אי-אי.,,טורטינה ש.לבן שישייה,,126.00,100 גרם,false,1,22.00,17.46,true,1,27775
8000380156573,false,לואקר בונבוניירה ורד הדולמיטים 150 גרם,קריניציה ויטמינה אס,,בונבוניירת דולומיטים,,150.00,100 גרם,false,1,24.90,16.60,true,1,16905
8000380157440,false,שוקולד חלב במילוי קרם אגוזי לוז לואקר 87 גרם,"אינסטנטה בע""מ",,לואקר שוקולד אגוז,,85.00,100 גרם,false,1,11.00,12.94,true,1,19960
8000380180721,false,לואקר וופל קקאו במילוי קרם חלבי 175 גר,קריניציה ויטמינה אס,,לואקר שוקו חלב,,175.00,100 גרם,false,1,15.90,9.09,true,1,17955
8000380180745,false,וופל קוביות קקאו במילוי קרם חלב לואקר 250 גרם,"א. לואקר, קונפקט ג'י",,קואדרטיני שוקו חלב,,250.00,100 גרם,false,1,19.50,7.80,true,1,17956
8000380180783,false,וופל קואדרטיני קקאו וחלב לואקר 125 גרם,ליימן מותגים,,קואדרטיני שוקולד חלב,,125.00,100 גרם,false,1,10.00,8.00,true,1,20839
8000380180837,false,וופל גרנד פטיסרי קוקוס לבן מצופה שוקולד לבן לואקר 100 גרם,"אינסטנטה בע""מ",,לואקר פטיסרי קוקוס,,100.00,100 גרם,false,1,15.90,15.90,true,1,20102
8000380184323,false,שוקולד לואקר מריר87ג,Unknown,,שוקולד לואקר מריר87ג,,87.00,100 גרם,false,1,11.00,12.64,true,1,20308
8000380187119,false,עוגיות במילוי קרם אגוזי לוז לואקר 100 גר,לואקר Loacker,,עוגיות לואקר פטיסרי,,100.00,100 גרם,false,1,15.90,15.90,true,1,25223
8000380187249,false,עוגיות עם מילוי קרם שקדים ושוקולד חלב,לואקר Loacker,,עוגיות לואקר פטיסרי,,100.00,100 גרם,false,1,15.90,15.90,true,1,25224
8000380187775,false,לואקר וופל גרנדה אגוז 136 גרם,Unknown,,לואקר גרדנה,,136.00,100 גרם,false,1,7.90,5.81,true,1,29752
8000380201396,false,שוקולד חלב ממולא קרם קרמל ועלי וופל פריכ,ליימן מותגים,,טורטינה קרמל מארז 6,,126.00,100 גרם,false,1,23.90,18.97,true,1,26652
8000380205400,false,וופלים קואדרטיני חמאת בוטנים לואקר 250 גרם,ליימן מותגים,,קואדרטיני ח.בוטנים,,1.00,יחידה,false,1,19.50,19.50,true,1,28990
8000380205523,false,וופלים בטעם חמאת בוטנים לואקר 175 גרם,ליימן מותגים,,לואקר ח.בוטנים 175ג,,1.00,יחידה,false,1,15.90,15.90,true,1,28991
8000380206896,false,וופל גרדנה חמאת בוטנים לואקר 200 גרם,ליימן מותגים,,גרדנה ח.בוטנים 200ג,,1.00,יחידה,false,1,16.90,16.90,true,1,28992
8000380207183,false,שוקולד לואקר טורטינה חמאת בוטנים 126 גר,ליימן מותגים,,טורטינה ח.בוטנים,,1.00,יחידה,false,1,23.90,23.90,true,1,28993
8000500018828,false,שלישיית קינדר שוקולד חצי מטר 100 גרם,קדבורי,,שוקולד קינדר אצבעות,,300.00,100 גרם,false,1,26.90,8.97,true,1,28524
8000500023624,false,חטיפי הפי היפו Happy Hippo במילוי קרם חלב וקקאו,פררו - אלבה,,הפי היפו חמישיות,,105.00,100 גרם,false,1,16.90,16.10,true,1,9971
8000500023976,false,בונבוניירת רפאלו פררו 150 גרם,פררו - אלבה,,רפאלו בונבוניירה,,150.00,100 גרם,false,1,24.90,16.60,true,1,11340
8000500026731,false,שוקולד ביצי הפתעה קינדר שלישייה,פררו אס.פי.אי,,קינדר 1/3 ביצי הפתעה,,63.00,100 גרם,false,1,21.00,33.33,true,1,280
8000500028124,false,קינדר גוי ביצת הפתעה מארז שלישיה,ליימן שליסל,,קינדר גוי שלישייה,,180.00,100 גרם,false,1,22.90,12.72,true,1,11339
8000500029350,false,מארז וופל מצופה 3יח' *43 גרם קינדר בואנו,פררו - אלבה,,קינדר בואנו 43גר*3,,132.00,100 גרם,false,1,14.90,11.29,true,1,10628
8000500037874,false,בונבונרייה פררו רושר 200 גרם,פררו - אלבה,,רושה בונבוניירה 200,,200.00,100 גרם,false,1,30.00,15.00,true,1,492
8000500075708,false,ביצי שוקולד הפתעה קינדר ג'וי כחול בנים שלישיה,פררו - אלבה,,קינדר גוי שלישייה,,63.00,100 גרם,false,1,21.00,33.33,true,1,16117
8000500121436,false,מארז קינדר בואנו Kinder Bueno לבן שלוש יחידות,פררו - אלבה,,קינדר בואנו לבן 3*43,,132.00,100 גרם,false,1,14.90,11.29,true,1,26146
8000500126325,false,ביצי שוקולד הפתעה קינדר ג'וי ורוד בנות שלישיה,פררו - אלבה,,קינדר גוי שליש ורוד,,63.00,100 גרם,false,1,21.00,33.33,true,1,16118
8000500160466,false,פררו רושה קופסא עם פרח,גוד פוד פרודקטס S.p,,פררו רושה 70 גרם,,70.00,100 גרם,false,1,17.90,25.57,false,1,29556
8000500164242,false,רפאלו 70 גרם קופסא עם פרח,קדבורי,,רפאלו 70 גרם,,75.00,100 גרם,false,1,17.90,23.87,true,1,29557
8000500170359,false,ביצת הפתעה קינדר בנו,פררו,,ביצת הפתעה מקסי בנות,,100.00,100 גרם,false,1,27.90,27.90,true,1,28525
8000500172810,false,סוכריות בטעם תות שדה מנטה- מארז רביעייה,טיק טק Tic Tac,,טיק טק תות מנטה*4,,64.00,100 גרם,false,1,11.90,18.59,true,1,29158
8000500217740,false,קינדר בואנו מיני 86 גרם,פררו,,מ.קינדר בואנו מיני,,86.00,100 גרם,false,1,13.50,15.70,true,1,24008
8000500224281,false,נוטלה בי רדי חטיף קופה,פררו,,נוטלה בי רדי 22ג,,22.60,100 גרם,false,1,3.90,17.26,true,1,25546
8000500227848,false,נוטלה - בי רדי אצבעות ביסקוויט במילוי שוקולד 6 יח' * 22 גרם,פררו,,נוטלה בי רדי 132ג,,136.00,100 גרם,false,1,13.50,9.93,true,1,24009
8000500247150,false,פררו רושה קולקשיין קוקוס מילוי קרם ושקד שלם 172ג',פררו,,פררו קולקשיו 172 גר,,172.00,100 גרם,false,1,30.00,17.44,true,1,21539
8000500248331,false,פררו קולקשיין 172גר,Unknown,,פררו קולקשיין 172גר,,172.00,100 גרם,false,1,24.90,14.48,true,1,29558
8000500249352,false,קינדר בואנו מיני מיקס שקית 205 ג',פררו - אלבה,,קינדר בואנו מיני,,205.00,100 גרם,false,1,24.90,12.15,true,1,26147
8000500256213,false,קינדר שוקולד מיני בשקית.,פררו - אלבה,,קינדר שוקולד מיני120,,120.00,100 גרם,false,1,14.00,11.67,true,1,26148
8000500267035,false,עוגת קינדר אישית 39ג',Unknown,,קינדר דליס בודד,,42.00,100 גרם,false,1,4.00,9.52,true,1,22524
8000500267103,false,קינדר דליס עוגת ספוג קקאו במילוי חלבי*10,קינדר Kinder,,קינדר דליס *10,,390.00,100 גרם,false,1,25.00,6.41,true,1,22525
8000500353738,false,רביעיה סוכריות בטעם מנטה חזק 4 * 16 ג' טחק טק,פררו,,טיק טק מנטה חזק*4,,64.00,100 גרם,false,1,11.90,18.59,true,1,29159
8000500374429,false,פררו גרנד רושה מעטפת שוקולד חלב 125 גרם,פררו,,כדור פררו חלב כשלפ,,125.00,100 גרם,false,1,19.90,15.92,true,1,28526
8000500374542,false,שוקולד מריר מעולה אגוזי לוז פררו רושה125,Unknown,,כדור פררו מריר כשלפ,,125.00,100 גרם,false,1,19.90,15.92,true,1,28527
8000920704967,false,"בן אנד ג'ריס צ'אנקי מנקי 150 מ""ל",מוצרי איכות אמריקאיים,,בן&גריס שורטי צנאק,,114.00,100 גרם,false,1,11.80,10.35,true,1,6722
8000920704974,false,"בן אנד ג'ריס שוקולד בראוניס 150 מ""ל",מוצרי איכות אמריקאיי,,בן&גריס שורטי שוקול,,108.00,100 גרם,false,1,11.80,10.93,true,1,6720
8000920704998,false,"שורטי בצק עוגיות 150 מ""ל",מוצרי איכות אמריקאיים בע,,בן&גריס שורטי עוגיו,,111.00,100 גרם,false,1,11.80,10.63,true,1,6721
8001003202028,false,סוכריות ג'לי בטעם מנטה יוגטה 80 גרם,צ'וקטה,,יוגטה גלי טעם מנטה,,80.00,100 גרם,false,1,6.90,8.62,true,1,28994
8001003202035,false,סוכריות ג'לי בטעם פירות יוגטה 80 גרם,צ'וקטה,,יוגטה גלי טעם פירות,,80.00,100 גרם,false,1,6.90,8.62,true,1,28995
8001090721099,false,טבליות ג'ל לכביסה 3 ב-1 בניחוח אביב הרים,פרוקטר אנד גמבל,,אריאל קפסולות לכביסה,,27.00,יחידה,false,1,39.90,1.48,false,1,21931
8001090721129,false,אריאל קפסולות גל לכביסה 3ב1 קולור 27 יח,פרוקטר אנד גמבל,,אריאל ק. לכביסה,,27.00,יחידה,false,1,37.00,1.37,true,1,23869
8001090810083,false,"פנטן קונדישנר נוסחה קלאסית 500 מ""ל",פרוקטר אנד גמבל,,מרכך פנטן קלאסי 500,,500.00,"100 מ""ל",false,1,19.90,3.98,false,1,22065
8001090810205,false,"פנטן שמפו נוסחה קלאסית 500 מ""ל",פנטן שמפן/מרכך 500 מ,,שמפו פנטן קלאס 500,,500.00,"100 מ""ל",false,1,19.90,3.98,false,1,22066
8001090833167,false,גל כביסה אריאל בניחוח הרים 2.365 ליטר,פרוקטור אנד גמבל,,אריאל גל הרים 2.36,,2.37,1 ליטר,false,1,33.00,13.95,true,1,23841
8001090899194,false,תחבושות אולוויז פלטינום נורמל 24 יחידות,פרוקטר אנד גמבל,,אולוויז פלטינום,,24.00,יחידה,false,1,23.90,1.00,true,1,26149
8001090899224,false,תחבושות אולוויז פלטינום לונג 20 יחידות,פרוקטר אנד גמבל,,אולוויז פלטינום לונג,,20.00,יחידה,false,1,23.90,1.20,true,1,26150
8001090899255,false,תחבושות אולוויז פלטינום לילה 16 יחידות,פרוקטר אנד גמבל,,אולוויז פלטינום לילה,,16.00,יחידה,false,1,23.90,1.49,true,1,26151
8001160001786,false,"משקה אנרגיה גטורייד ספורט כחול 500מ""ל",אקווה מינרלה סאן בנדטו,,גטורייד קול בלו,,500.00,"100 מ""ל",false,1,10.90,2.12,true,1,14090
8001160001892,false,"משקה אנרגיה גטורייד ספורט תפוז אדום 500מ""ל",אקווה מינרלה סאן בנדטו,,גטורייד פקק תפוז,,500.00,"100 מ""ל",false,1,10.90,2.12,true,1,14091
8001250120120,false,ספגטי דה ציקו 500 גר,דה צ'אקו DE CECCO,,פסטה ספגטי,,500.00,100 גרם,false,1,10.90,2.18,false,1,27268
8001250120410,false,פסטה פנה ריגטה דה צ',דה צ'אקו DE CECCO,,פסטה פנה דה,,500.00,100 גרם,false,1,10.90,2.18,false,1,27269
8001250250018,false,"שמן זית EXTRA VIRGIN CLASSICO (כחול) 750 מ""ל",VIRGINIAS INDUSTRIAS,,שמן זית כתית,,750.00,"100 מ""ל",false,1,42.90,5.72,false,1,27270
8001620015612,false,"משקה פירות פרוטה-גזר תפוז לימון 400 מ""ל סאן בנדטו",אקווה מינרלה סאן בנדטו ב,,סן בנדטו תפוז גזר400,,400.00,"100 מ""ל",false,1,12.90,3.15,true,1,26935
8001620015629,false,"משקה פירות בטעם תפוז ותפוז אדום 400 מ""ל פרוטה",אקווה מינרלה סאן בנדטו ב,,ס.בנדטו ת.אדום 400,,400.00,"100 מ""ל",false,1,9.90,2.40,true,1,27992
8001620015636,false,"משקה פירות פרוטה-מיקס פירות 400 מ""ל סאן בנדטו",אקווה מינרלה סאן בנדטו ב,,סן בנדטו מ.פירות,,400.00,"100 מ""ל",false,1,12.90,3.15,true,1,26936
8001620018408,false,"משקה פירות בטעם מנגו תפוח 400 מ""ל פרוטה",אקווה מינרלה סאן בנדטו ב,,סן בנדטו מנגו תפוח,,400.00,"100 מ""ל",false,1,12.90,3.15,true,1,28096
8001620019160,false,"סן בנדטו מים מינרלים בטעם אפרסק 500 מ""ל",אקווה מינרלה סאן בנדטו ב,,סן בנדטו אפרסק 400מל,,400.00,"100 מ""ל",false,1,12.90,3.15,true,1,29559
8001620019177,false,"סן בנדטו מים מינרלים בטעם ענבים 500 מ""ל",אקווה מינרלה סאן בנדטו ב,,סן בנדטו ענבים 400מל,,400.00,"100 מ""ל",false,1,12.90,3.15,true,1,29560
8001730202964,false,קלאסיקו ת. אמודו מיו,Unknown,,קלאסיקו ת. אמודו מיו,,120.00,100 גרם,false,1,28.00,23.33,true,1,22371
8001730203008,false,סופרימו ת. אמודו מיו,Unknown,,סופרימו ת. אמודו מיו,,120.00,100 גרם,false,1,28.00,23.33,true,1,22373
8001730203022,false,דיקפינאטו ת.אמודו מי,Unknown,,דיקפינאטו ת.אמודו מי,,120.00,100 גרם,false,1,28.00,23.33,true,1,22374
8001730203060,false,סופרימו תואם נספרסו,Unknown,,סופרימו תואם נספרסו,,55.00,100 גרם,false,1,17.50,31.82,true,1,22527
8001730203121,false,דיקפנאטו תואם נספרסו,Unknown,,דיקפנאטו תואם נספרסו,,55.00,100 גרם,false,1,17.50,31.82,true,1,22530
8001730204340,false,בנפיסיאו ת.אמודו מיו,Unknown,,בנפיסיאו ת.אמודו מיו,,120.00,100 גרם,false,1,28.00,23.33,true,1,23904
8001841062624,false,מארז מגבוני פמפרס ללא בישום - רביעייה,פרוקטר אנד גמבל.,,מגבוני פמפרס,,208.00,יחידה,false,1,18.90,0.09,false,1,28351
8001841077949,false,מארז מגבוני פמפרס בניחוח מרענן - רביעייה,פרוקטר אנד גמבל,,פמפרס מגבונים,,208.00,יחידה,false,1,18.90,0.09,false,1,28352
8001841625188,false,סבון כלים פלטינום לימון X3 פעולות להסרת שומנים,פרוקטר אנד גמבל,,פיירי פלטינום לימון,,515.00,"100 מ""ל",false,1,12.00,2.33,true,1,27091
8001841625461,false,סבון כלים פלטינום X3 פעולות להסרת שומנים,פרוקטר אנד גמבל,,פיירי פלטינום אורגינ,,515.00,"100 מ""ל",false,1,12.00,2.33,true,1,27092
8001841625508,false,"נוזל כלים פיירי פלטינום אורגינל 1.015 ליטר בד""צ",פרוקטר אנד גמבל,,פיירי פלטינום,,1.01,1 ליטר,false,1,22.00,21.67,true,1,26275
8001841716596,false,"ג'ל רחצה ושמפו מרענן האד אנד שולדרס 360 מ""ל","נארז ע""י : א.ג. גילר",,הד&שולדרס גל רחצה,,360.00,"100 מ""ל",false,1,19.90,5.53,false,1,27593
8001943549122,false,צ'וקטה מטבעות שוקולד חלב 40 ג' נוכרי,ואל קור קורסניני אס אנ ס,,צוקטה מטבעות שוקולד,,40.00,100 גרם,false,1,6.90,17.25,false,1,29849
8002230000012,false,מארז משקה קוקטייל אפ,אלכוהול (איי.בי.בי),,אפרול 1 ליטר,,1.00,1 ליטר,false,1,135.00,134.70,true,1,26153
8002267002270,false,פולרטי חטיפי קרח 400 מל,שסטוביץ,,פולרטי להקפאה 240ג,,400.00,"100 מ""ל",false,1,9.90,2.48,true,1,29170
8002270216800,false,סאן פלגרינו בטעם לימון 500 מ,סן פלגרינו,,סן פלגרינו ג.לימון,,500.00,"100 מ""ל",false,1,9.90,1.92,true,1,28574
8002270236792,false,אסנזה משקה מוגז בטעם לימון גרידת לימון- שישייה,סן פלגרינו San Pellegrino,,סן פלגרינו ג.לימון*6,,3.00,1 ליטר,false,1,29.90,9.37,true,1,28573
8002270236808,false,סאן פלגרינו בטעם תפוז אדום ופטל 500 מ,סן פלגרינו,,סן פלגרינו תפוז ופטל,,500.00,"100 מ""ל",false,1,9.90,1.92,true,1,28576
8002270256790,false,"שישייה סן פלגרינו אסנזה תפוז אדום 500 מ""ל",סן פלגרינו San Pellegrino,,סן פלגרינו ת.פטל*6,,3.00,1 ליטר,false,1,29.90,9.37,true,1,28575
8002270846472,false,סן פלגרינו מים מינרליים טבעיים מוגזים,סן-פלגרינו,,סן פלגרינו 500 מל,,500.00,"100 מ""ל",false,1,11.00,2.14,true,1,14455
8004030022010,false,ירקות גינה עם טונה ריו מרה אינסלטיסימי 160 ג',"בולטון אלימנטרי בע""\מ",,ריו מרה ירקות גינה,,160.00,100 גרם,false,1,20.90,13.06,true,1,26154
8004030026018,false,"מקסיקני עם טונה ריו מרה אינסלטיסימי, 160 ג'","בולטון אלימנטרי בע""\מ",,ריו מרה מקסיקני,,160.00,100 גרם,false,1,20.90,13.06,true,1,26155
8004030044005,false,נתחי טונה בהירה בשמן זית ריו מרה 112גרם,"בולטון אלימנטרי בע""\מ",,ריו מרה טונה שמן זית,,160.00,100 גרם,false,1,20.00,12.50,true,1,26156
8004030102033,false,טונה בשמן זית עם מיץ לימון ופלפל שחור - מארז 3 יח',בולטון אלימנטרי,,ריו מרה טונה לימון,,240.00,100 גרם,false,1,29.00,12.08,true,1,26157
8004030177000,false,טונה בשמן זית וצ'ילי ריו מרה מארז 80X3 גר',ריו מארה Rio Mare,,ריו מרה טונה צילי,,240.00,100 גרם,false,1,29.00,12.08,true,1,26158
8004030344938,false,"ריו מרה טונה בשמן זית 3X80 גרם מתכון חדש כשל""פ","בולטון אלימנטרי בע""\מ",,ריו מרה טונה 3X80 ג,,240.00,100 גרם,false,1,29.00,12.08,true,1,26159
8005110002243,false,רכז עגבניות Doppio Concentr בשפופרת 185 ג' MUTTI,"איי, בי, אינבוו",,רכז עגבניות 185 גר,,185.00,100 גרם,false,1,8.90,4.81,false,1,27337
8005110170300,false,עגבניות מרוסקות חתוכות מוטי MUTTI שלישיה *400,מוטי Mutti,,מוטי עגבניות מרוסקות,,1.20,100 גרם,false,1,18.90,1575.00,false,1,27338
8006290803514,false,מים מינרליים מוגזים,"פררלה, ס.פ.א",,פררלה מים מינרליים,,330.00,"100 מ""ל",false,1,7.00,2.03,true,1,18417
8007178120310,false,חומץ בלסמי ד'מודנה Giacobazzi,פטורייה ג'יאקובאזי ס,,גקובזי חומץ בלסמי,,500.00,"100 מ""ל",false,1,24.00,4.80,true,1,23870
8015925802198,false,נוזל ניקוי מכונת קפה,Unknown,,נוזל ניקוי מכונת קפה,,250.00,"100 מ""ל",false,1,59.50,23.80,true,1,11467
8032880800243,false,פיקניק הפתעה - אגוזי לוז ומקלות אפויים,"הוסטה איטליה, ס.ר.ל.",,פיקניק הפתעה 50 גר,,50.00,100 גרם,false,1,10.00,20.00,true,1,6157
8058776640939,false,מערכת התראה למניעת שכחת ילדים ברכב,General,,מ.מניעת ש.ילדים ברכב,,1.00,יחידה,false,1,239.00,239.00,false,1,27219
8076800195033,false,ברילה - צ.א ספגטיני מס3 חדש 500 גרם,ברילה גי.אי.אר פרטלי ס.פ,,ברילה ספגטי 3 500גר,,500.00,100 גרם,false,1,9.50,1.90,true,1,26161
8076800195057,false,ברילה - צ.א ספגטי מס5 חדש 500 גרם,ברילה גי.אי.אר פרטלי ס.פ,,ברילה ספגטי מס5 500,,500.00,100 גרם,false,1,9.50,1.90,true,1,9318
8076802085738,false,ברילה - צ.ק פנה רגטה חדש 500 גרם,ברילה גי.אי.אר פרטלי ס.פ,,ברילה צ.ק פנה רגטה,,500.00,100 גרם,false,1,9.50,1.90,true,1,12698
8076802085981,false,ברילה - צ.ק פוזילי חדש 500 גרם,ברילה גי.אי.אר פרטלי ס.פ,,ברילה פוזילי 500גרם,,500.00,100 גרם,false,1,9.50,1.90,true,1,17407
8076808070882,false,פסטה ברילה קנלוני מס'88 250ג',פאסטיפיקו ריגו אס.אר,,ברילה קנלוני 500גר,,500.00,100 גרם,false,1,15.90,3.18,true,1,26162
8076809512268,false,פסטה גירנדולה טורסדס מספר 34 ברילה 500 גרם,ברילה גי.אי.אר פרטלי ס.פ,,ברילה גירנדולה 34,,500.00,100 גרם,false,1,9.50,1.90,true,1,9447
8076809513388,false,רוטב לפסטה ארביאטה ברילה 400 גרם,ברילה גי.אי.אר פרטלי ס.פ,,ברילה רוטב ארביאטה,,400.00,100 גרם,false,1,16.90,4.22,true,1,26164
8076809513395,false,ברילה פומודורו רוטב עגבניות קלאסי 400 גר,ברילה גי.אי.אר פרטלי ס.פ,,רוטב פומודורו ברילה,,400.00,100 גרם,false,1,16.90,4.22,true,1,12697
8076809513692,false,רוטב עגבניות נפולטנה בתוספת ירקות,ברילה גי.אי.אר פרטלי ס.פ,,רוטב לפסטה 400 גר,,400.00,100 גרם,false,1,16.90,4.22,true,1,12833
8076809513739,false,ברילה רוטב עגבניות עם בזיליקום 400 גרם,ברילה גי.אי.אר פרטלי ס.פ,,ברילה רוטב בזילקום,,400.00,100 גרם,false,1,16.90,4.22,true,1,12714
8076809523561,false,ברילה - רוטב פסטה בטעם טוסקנה 400 גרם,ברילה גי.אי.אר פרטלי ס.פ,,רוטב פסטה טוסקנה,,400.00,100 גרם,false,1,16.90,4.22,true,1,26166
8076809523738,false,דפי לזניה ברילה 500 גרם,ברילה גי.אי.אר פרטלי ס.פ,,ברילה לזניה 500 גר,,500.00,100 גרם,false,1,28.90,5.78,true,1,12820
8076809529433,false,פסטה פנה ריגטה חיטה מלאה ברילה 500 גרם,"ש. שסטוביץ בע""\מ",,ברילה פנה רגטה 500גר,,500.00,100 גרם,false,1,15.90,3.18,true,1,26167
8410076600622,false,חטיפי גרנולה קראנצ'י עם שוקולד מריר נייצ'ר ואלי 210 גרם,ג'נרל מילס סאן אדריאן,,נייצר וואלי גרנולה5,,210.00,100 גרם,false,1,19.00,9.05,true,1,15089
8410076610386,false,נייטשר ואלי פרוטאין בוטנים עם ציפוי בטעם קרמל מלוח 160 ג',ג'\נרל מילס סאן אדריאן S,,נ.וואלי פרוטאין בוטנ,,160.00,100 גרם,false,1,29.00,18.12,true,1,23257
8410076611031,false,נייטשר וואלי פרוט&נאט חטיפי דגנים חמוציו,ליימן שליסל,,נייטשר ו.FRUIT & NUT,,163.00,100 גרם,false,1,19.00,11.66,true,1,26742
8410076611048,false,נייטשר וואלי פרוט&נאט חטיפי דגנים תפוחים,ליימן שליסל,,נייטשר ו.FRUIT & NUT,,163.00,100 גרם,false,1,19.00,11.66,true,1,26743
8410076620354,false,חטיף שיבולת שועל מלאה עם שעורה מלאה ודבש במילוי עם חמאת בוטנים,"סרלטו סינטרה מזון בע""מ",,מ.חטיפים ש.שועל ח.בו,,152.00,100 גרם,false,1,19.00,12.50,true,1,20363
8410076620361,false,נ.וואלי נאט קרים שיבולת שועל וקרם שקדים,"סרלטו סינטרה מזון בע""מ",,מ.חטיפים ממולאים בשי,,152.00,100 גרם,false,1,19.00,12.50,true,1,20364
8410076620507,false,נייטשר ואלי נאט קרים שיבולת שועל אגוזי לוז וקקאו,"סרלטו סינטרה מזון בע""\מ",,נ.וואלי קרם אגוזילוז,,152.00,100 גרם,false,1,19.00,12.50,true,1,23259
8410076621047,false,עוגות אישיות בטעם שוקולד עם חתיכות בטעם שוקולד,"גלאטס סירו בע""\מ",,פייבר וואן בראוניז,,120.00,100 גרם,false,1,25.00,20.83,true,1,25609
8410076800633,false,נייטשר וואלי קראנצי שבבי שוקולד בודד,ליימן שליסל,,נייטשר וואלי ש.מריר,,42.00,100 גרם,false,1,6.00,14.29,true,1,15528
8410202330010,false,פ.ריח אורגני לימון,Unknown,,פ.ריח אורגני לימון,,0.00,,false,1,15.00,0.00,true,1,20253
8410202330027,false,פ.ריח אורגני LD וניל,Unknown,,פ.ריח אורגני LD וניל,,0.00,,false,1,15.00,0.00,true,1,22453
8410202330034,false,פ.ריח אורגני קוקוס,Unknown,,פ.ריח אורגני קוקוס,,0.00,,false,1,15.00,0.00,true,1,20254
8410202330119,false,פ.ריח אורגני דובדבן,Unknown,,פ.ריח אורגני דובדבן,,0.00,,false,1,15.00,0.00,true,1,20255
8410202330126,false,פ.ריח אורגני רכב חדש,Unknown,,פ.ריח אורגני רכב חדש,,0.00,,false,1,15.00,0.00,true,1,20256
8410202330140,false,פ.ריח אורגני עשןנמוג,Unknown,,פ.ריח אורגני עשןנמוג,,0.00,,false,1,15.00,0.00,true,1,20257
8410202330263,false,פ.ריח אורגני מסטיק,Unknown,,פ.ריח אורגני מסטיק,,0.00,,false,1,15.00,0.00,true,1,20258
8410202330317,false,פ.ריח אורגני CANDY,Unknown,,פ.ריח אורגני CANDY,,0.00,,false,1,15.00,0.00,true,1,22454
8410202330454,false,פ.ריח אורגני קולבלאק,Unknown,,פ.ריח אורגני קולבלאק,,0.00,,false,1,15.00,0.00,true,1,20259
8410793022837,false,"רביעיית בירה אסטרייה דאם 330 מ""ל בקבוק","סי סי דאם, אס.אל, ברצלונ",,בירה אסטריה מארז 4,,1.32,"100 מ""ל",false,1,54.90,4068.18,true,1,26640
8410793282934,false,בירה אסטרייה דאם בקב,"סי סי דאם, אס.אל, בר",,בירה אסטריה 330 מל,,330.00,"100 מ""ל",false,1,19.90,5.94,true,1,27444
8414775011680,false,נ.כסוף גדול +פילטר,Unknown,,נ.כסוף גדול +פילטר,,0.00,,false,1,9.00,0.00,false,1,24044
8414775012298,false,נייר smk בינוני+פילט,Unknown,,נייר smk בינוני+פילט,,0.00,,false,1,8.00,0.00,false,1,24045
8414775012328,false,נייר smk גדול+פילטר,Unknown,,נייר smk גדול+פילטר,,0.00,,false,1,9.00,0.00,false,1,24046
8414775013530,false,נייר חום בינוני+פיל,Unknown,,נייר חום בינוני+פיל,,0.00,,false,1,8.00,0.00,false,1,24047
8414775015879,false,נייר smk קטן+פילטר,Unknown,,נייר smk קטן+פילטר,,0.00,,false,1,7.00,0.00,false,1,24049
8414775019365,false,נייר חום גדול+פילטר,Unknown,,נייר חום גדול+פילטר,,0.00,,false,1,9.00,0.00,true,1,24372
8414775019860,false,נייר פיור קטן,Unknown,,נייר פיור קטן,,0.00,,false,1,4.00,0.00,false,1,24050
8414775019945,false,נייר סמוקינג קטן אדו,סמוקינג,,נ.ג קטן בלי פילטר.,,0.00,,false,1,4.00,0.00,false,1,24051
8414775019969,false,נייר כסוף קטן,Unknown,,נייר כסוף קטן,,0.00,,false,1,4.00,0.00,false,1,24052
8414775020026,false,פילטר 6 ממ ארוך,Unknown,,פילטר 6 ממ ארוך,,0.00,,false,1,4.00,0.00,true,1,24053
8414775020040,false,פילטר 6 ממ,Unknown,,פילטר 6 ממ,,0.00,,false,1,4.00,0.00,true,1,24054
8423207206488,false,סלים דליס חטיף דגנים מצופה שוקולד חלב מרבה 6*20 גרם,אף.סי תבליני בגליל ב,,מ.מרבה שוקולד חלב,,120.00,100 גרם,false,1,14.90,12.42,true,1,20005
8423207206495,false,סלים דליס חטיף דגנים מצופה שוקולד מריר מרבה 6*20 גרם,אף.סי תבליני בגליל ב,,מרבה שוקולד מריר חדש,,120.00,100 גרם,false,1,14.90,12.42,true,1,21045
8423207207362,false,חטיפי סלים דליס שוקולד לבן מרבה 6 יחידות,ביסנצ'ורי אס.אל.יו,,מרבה שוקולד לבן חדש,,120.00,100 גרם,false,1,14.90,12.42,true,1,21046
8423371000202,false,מיקס בוטנים מלוחים SALYSOL,Unknown,,בוטנים מלוחים 150ג,,150.00,100 גרם,false,1,12.90,8.60,true,1,25183
8423371002312,false,בוטנים צילי סאליסול 150 גרם,סאליסול,,בוטנים צילי סאליסול,,150.00,100 גרם,false,1,12.90,8.60,true,1,27994
8423371002725,false,סאליסול- קוקטייל מיקס 100 גרם,גלוברנדס,,קוקטייל מיקס 100גר,,100.00,100 גרם,false,1,12.90,12.90,true,1,25184
8423371002749,false,סאליסול- בוטנים ושקדים מקורמלים 135 גרם,גלוברנדס,,בוטנים ושקדים מקורמל,,135.00,100 גרם,false,1,12.90,9.56,true,1,25185
8423371005085,false,סאליסול- מיקס פיקנטי 100 גרם,גלוברנדס,,מיקס פיקנטי 100גר,,100.00,100 גרם,false,1,12.90,12.90,true,1,25187
8423371007089,false,סאליסול- בוטנים מלוחים בדבש 150 גרם,גלוברנדס,,בוטנים מלוחים בדבש,,150.00,100 גרם,false,1,12.90,8.60,true,1,25188
8423371007492,false,גרעיני חמניה סאליסול 140 גרם,Unknown,,גרעיני חמניה סאליסול,,140.00,100 גרם,false,1,12.90,9.21,true,1,27995
8423371007577,false,פיסטוקים קלויים סאליסול 50 גר,Unknown,,פיסטוקים ק.סאליסול,,50.00,100 גרם,false,1,9.90,19.80,true,1,29234
8423371007584,false,אגוז קשיו קלויים סאליסול 50 גר,Unknown,,א.קשיו ק.סאליסול,,50.00,100 גרם,false,1,9.90,19.80,true,1,29235
8423371007591,false,שקדים קלויים סאליסול 50 גר,Unknown,,שקדים קלויים סאליסול,,50.00,100 גרם,false,1,9.90,19.80,true,1,29236
8423371007614,false,מיקס אגוזים חמוציות וצימוק סאליסול 50 גר,Unknown,,תערובת סאליסול,,50.00,100 גרם,false,1,9.90,19.80,true,1,29589
8436575292205,false,ארטיק חמשושים מאגדת 15*12 גר',גלידות נסטלה )נגה גלידות,,מאגדת חמשושים,,260.00,100 גרם,false,1,26.90,10.35,true,1,26170
8445290427120,false,דגני פיטנס Fitness שוקולד מריר ובננה,נסטלה צרפת איטנקורט,,פיטנס ש. מריר ובננה,,330.00,100 גרם,false,1,22.90,6.94,false,1,29400
8606018615827,false,גלידת וניל עם שברי עוגיות אוראו 480 גרם,פרונרי סרביה,,פיינט אוראו,,480.00,100 גרם,false,1,19.00,3.96,true,1,28528
8606018615841,false,גלידה וניל עם ליבת שוקולד חלב מעולה 480 גרם,פרונרי סרביה,,פיינט מילקה וניל,,480.00,100 גרם,false,1,19.00,3.96,true,1,28529
8606018615865,false,פיינט מילקה קרמל ליבת שוקולד 480 גרם,פרונרי סרביה,,פיינט מילקה קרמל,,480.00,100 גרם,false,1,19.00,3.96,true,1,28530
8680976425469,false,כסא במאי,Unknown,,כסא במאי,,0.00,,false,1,59.00,0.00,false,1,23589
8681644498938,false,ראש שום שחור 100 גר,Unknown,,ראש שום שחור 100 גר,,100.00,100 גרם,false,1,24.90,24.90,false,1,27120
8681644498969,false,שום שחור קלוף 125 גר,Unknown,,שום שחור קלוף 125 גר,,125.00,100 גרם,false,1,29.90,23.92,false,1,27119
8683130008348,false,מיונז הלמנס חריף לחי,יוניליוור ישראל שיוו,,מיונז חריף,,400.00,100 גרם,false,1,17.90,4.47,false,1,27998
8683130008355,false,מיונז שום לחיץ אמיתי הלמנס 400 גרם,יוניליוור ישראל שיווק בע,,מיונז עם שום,,400.00,100 גרם,false,1,17.90,4.47,false,1,27999
8683130008935,false,"הלמנס קטשיונז 425 גר{הרב רלב""ג}",יוניליוור ישראל שיווק בע,,ממרח קטשיונז,,425.00,100 גרם,false,1,21.90,5.15,false,1,28210
8683130012666,false,שלגון מגנום דאבל לבן עוגיות 72 גרם,"מיוצר ע""\י יונילוור סנאי",,מגנום דאבל ל.עוגיות,,74.00,100 גרם,false,1,12.50,16.89,true,1,28648
8683323063024,false,יוגטה שטיחים בטעם תותי פרוטי 220 גרם,ליימן מותגים,,יוגטה שטיחים תותי,,220.00,100 גרם,false,1,12.00,5.45,true,1,26172
8690120060170,false,וופל נאמבר וואן אדום,טורקו,,נאמבר וואן קלאסי,,32.00,100 גרם,false,1,4.90,15.31,true,1,28649
8690120060408,false,וופלים אגוזי לוז רוי,קוניאק גדוה,,נאמבר וואן אנד מור,,32.00,100 גרם,false,1,4.90,15.31,true,1,28650
8690637007705,false,מסטיגם וניל מסטיק על מקל ללא סוכר,"מיוצר ע""י יוניליוור",,מסטיגם וניל מסטיק,,81.00,100 גרם,false,1,8.90,10.99,true,1,22532
8690637555084,false,"מרכך כביסה מרוכז אקסטרה פריחת התפוז בדין 960 מ""ל",יוניליוור סנאיי וי טיקאר,,בדין אקסטרה לבן,,960.00,"100 מ""ל",false,1,18.90,1.97,true,1,11357
8690637842382,false,מגנום דאבל פרי יער שטראוס 82 גר,"מיוצר ע""\י יונילוור סנאי",,מגנום דאבל פרי יער,,85.00,100 גרם,false,1,12.50,14.71,true,1,21195
8690637842399,false,מאגדת מגנום מיני דאבל פרי יער שוקולד 6 יח' נסטלה,יוניליוור סנאי וי סי,,מגנום מיני דאבלפ.יער,,379.20,100 גרם,false,1,36.00,9.49,true,1,23537
8690637858734,false,ג'ל לניקוי כללי בתוספת אקונומיקה בניחוח לימון,סיף פנטסטיק Cif Fantastic,,סיף גל אקונומיקה 750,,750.00,"100 מ""ל",false,1,15.00,2.00,true,1,26173
8690637871245,false,הלמנס מיונז אמיתי 395 גר' בקבוק לחיץ.,"בסטפוד - 3P ארה""ב Fo",,הלמנס מיונז 395גר,,395.00,100 גרם,false,1,18.00,4.56,true,1,26174
8690637879395,false,מגנום דאבל פיסטוק 72 גרם,יוניליוור סנאי ןי טי,,מגנום דאבל פיסטוק,,72.00,100 גרם,false,1,12.50,17.36,true,1,22829
8690637890666,false,מאגדת מגנום מיני דאבל פיסטוק 6 יח' שטראוס,יוניליוור סנאיי וי ט,,מגנום דאבל פיסטוק 5י,,282.00,100 גרם,false,1,36.00,12.77,true,1,23010
8690637976995,false,"מרכך כביסה מרוכז אקסטרה ורוד סחלבים פראי בדין 960 מ""ל",יוניליוור סנאיי וי טיקאר,,בדין מרכך אקסטרה,,960.00,"100 מ""ל",false,1,18.90,1.97,true,1,25470
8690637989612,false,שלגון שמנת בטעם וניל עם ריפל בטעם שוקולד 246 גרם,יונילוור סנאיי וי טיג'\,,מאגדת מגנום מיני,,246.00,100 גרם,false,1,36.00,14.63,true,1,26662
8690637989629,false,מגנום דאבל דולצ'ה גולד בטעם וניל עם ריפל בטעם שוקולד 246 גרם,יונילוור סנאיי וי טיג'\,,מגנום דולצה גולד,,63.00,100 גרם,false,1,12.50,19.84,true,1,26656
8690637997914,false,גלידת מגנום וניל שקדים בכוס אישית 76 גרם,יונילוור סנאיי וי טיג'\,,מגנום כ.וניל שקדים,,57.00,100 גרם,false,1,11.90,20.88,true,1,27302
8690637997921,false,גלידת שמנת וניל קלאסיק בכוס אישית 63 גרם,יונילוור סנאיי וי טיג'\,,מגנום בכוס וניל,,65.00,100 גרם,false,1,11.90,18.31,true,1,27303
8690766156367,false,גודייבה שוקולד חלב מעולה 90 גרם,"אולקר מקבוצת פלאדיס,",,שוקולד חלב 90 ג,,90.00,100 גרם,false,1,17.90,19.89,true,1,29201
8690766156374,false,גודייבה שוקולד מריר מעולה 72% מוצקי קקאו 72גרם,"אולקר מקבוצת פלאדיס,",,ש.מריר 72% קקאו,,90.00,100 גרם,false,1,17.90,19.89,true,1,29202
8690766156381,false,גודייבה שוקולד מריר 90% מוצקי קקאו 90 גרם,"אולקר מקבוצת פלאדיס,",,ש.מריר 90% קקאו,,90.00,100 גרם,false,1,17.90,19.89,true,1,29203
8690766156398,false,"שוקולד חלב מעולה בתוספת שברי שקדים קלויים,דבש ומלח 90 גרם","אולקר מקבוצת פלאדיס, ציק",,ש.חלב עם שקדים,,90.00,100 גרם,false,1,17.90,19.89,true,1,29204
8690770322598,false,שמרים יבשים פוליבה הנמל 125 גרם,בראבו Bravo,,שמרים יבשים 125 גר`,,125.00,100 גרם,false,1,7.00,5.60,true,1,23538
8690777202015,false,ירקות כבושים מעורבים וילי פוד 400 גרם,וילי פוד,,ירקות כבושים,,700.00,100 גרם,false,1,14.90,2.13,false,1,28257
8690777204071,false,פלפלים כבושים חריפים סרה 320 גרם,יוליניבר,,פלפל חריף ויליפוד,,640.00,100 גרם,false,1,14.90,2.33,false,1,28258
8690777206051,false,חציל קלוי על האש סרה ויליפוד 650 גרם,קוראהן פזלרמה וי דיס,,חציל קלוי על האש 650,,650.00,100 גרם,false,1,15.00,2.31,true,1,25012
8690777221405,false,פלפל אדום קלוי סרה ויליפוד 650 גרם,קוראהן פזלרמה וי דיס,,פלפל אדום קלוי 650,,650.00,100 גרם,false,1,15.00,2.31,true,1,25013
8697530910743,false,סיגריות פאל מאל כחול קצר מטאליק,Unknown,,פאל מאל כחול קצר,,0.00,,false,1,30.50,0.00,false,1,6356
8697530910750,false,סיגריות פאל מאל כחול ארוך האוס,Unknown,,פאל מאל כחול ארוך,,0.00,,false,1,30.50,0.00,false,1,6357
8697530910767,false,פאל מאל מנטול האוס חפיסה,Unknown,,פאל מאל מנטול חפיסה,,0.00,,false,1,30.50,0.00,false,1,6368
8697530910781,false,סיגריות פאל מאל אדום מטאליק,גלוברנדס,,פאל מאל אדום חפיסה,,0.00,,false,1,30.50,0.00,false,1,6355
8697530910941,false,פאל מאל כחול קצר האוס עשירייה,Unknown,,פאל מאל כחול קצר,,0.00,,false,1,297.00,0.00,false,1,6372
8697530910958,false,פאל מאל כחול ארוך האוס עשירייה,Unknown,,פאקט פאל מאל כחול,,0.00,,false,1,297.00,0.00,false,1,6373
8697530910965,false,פאל מאל מנטול פאקט,Unknown,,פאל מאל מנטול פאקט,,0.00,,false,1,297.00,0.00,false,1,23022
8697530910989,false,פאל מאל אדום האוס עשירייה,Unknown,,פאקט פאל מאל אדום,,0.00,,false,1,297.00,0.00,false,1,6371
8697530911276,false,סיגריות קנט קצר חפיס,גלוברנדס,,קנט קצר חפיסה,,0.00,,false,1,38.50,0.00,false,1,7032
8697530911313,false,קנט קצר פאקט 10*20יח,Unknown,,קנט קצר פאקט,,0.00,,false,1,372.00,0.00,false,1,7033
8710103733805,false,מסנן אקווה קלין,Unknown,,מסנן אקווה קלין,,0.00,,false,1,99.00,0.00,false,1,25014
8710103818687,false,מסנן אקווה קלין-חדש,Unknown,,מסנן אקווה קלין-חדש,,0.00,,false,1,99.00,0.00,false,1,26520
8710151571343,false,סיגריות בלאק דוויל ש,אופניק,,בלק דוויל חפיסה,,0.00,,false,1,32.00,0.00,false,1,12541
8710151571350,false,בלאק דוויל שחור,Unknown,,בלאק דוויל שחור,,0.00,,false,1,310.00,0.00,false,1,28039
8710151571367,false,סיגריות בלאק דוויל א,אופניק,,בלאק דוויל אפור,,0.00,,false,1,32.00,0.00,false,1,28051
8710151571374,false,פאקט בלאק דוויל אפור,Unknown,,בלאק דוויל אפור,,0.00,,false,1,310.00,0.00,false,1,28052
8710502064814,false,עוגיות מרבה שוקולד ציפס במרקם רך 175 גר,בנקטבקריי מרבה בי.וי,,עוגיית מרבה 175 גר,,175.00,100 גרם,false,1,10.90,6.23,true,1,16984
8710502279010,false,מרבה עוגיות שוקולד צ'יפס מצופות שוקולד 175 גרם,"י.מרבה ישראל בע""מ",,ע.שוקולד ציפס מצופה,,175.00,100 גרם,false,1,10.90,6.23,true,1,25781
8710502405204,false,עוגיות שוקולד צ'יפס עם קרם שוקולד מרבה 175 גרם,קריניציה ויטמינה אס,,מרבה שוקולד ציפס,,175.00,100 גרם,false,1,10.90,6.23,true,1,17343
8710502470028,false,עוגיות שוקולד צ'יפס ממולאות בקרם נוגט,קריניציה ויטמינה אס,,מרבה נוגטלי 160גר,,160.00,100 גרם,false,1,10.90,6.81,true,1,12781
8710908404184,false,"דאב דאו ספריי אורגינל 50 מ""ל*-ללא אלומני","פרמול איטליה, קומון",,דאב ספריי,,150.00,"100 מ""ל",false,1,26.00,17.33,true,1,25015
8711327475618,false,"גלידת מגנום וניל קלאסיק 440 מ""ל","מפעל גלידות בווספרם, רחו",,מגנום פיינט וניל 260,,260.00,100 גרם,false,1,19.90,7.65,true,1,25782
8711327475663,false,מגנום פיינט וניל שוקולד לבן 260 גרם,"מפעל גלידות בווספרם, רחו",,מגנום פיינט שוקו לבן,,260.00,100 גרם,false,1,19.90,7.65,true,1,25783
8711327475717,false,מגנום פיינט וניל שקדים 260 גרם,"מפעל גלידות בווספרם, רחו",,מגנום פיינט וניל שקד,,260.00,100 גרם,false,1,19.90,7.65,true,1,25784
8711327475762,false,מגנום פיינט שוקולד לבן עוגיות 260 גרם,"מפעל גלידות בווספרם, רחו",,פיינט ש.לבן עוגיות,,260.00,100 גרם,false,1,19.90,7.65,true,1,25785
8711500406071,false,נורה בליסטר 12V,Unknown,,נורה בליסטר 12V,,0.00,,false,1,35.00,0.00,true,1,18778
8711500474803,false,נורה בליסטר 12V H4,Unknown,,נורה בליסטר 12V H4,,0.00,,false,1,25.00,0.00,true,1,18779
8712000050146,false,"בירה היינקן 0% אלכוהול בקבוק 330 מ""ל","מבשלת היינקן, ריטבלד",,הייניקן 0% בקבוק 330,,330.00,"100 מ""ל",false,1,9.90,2.91,true,1,23097
8712000051099,false,"בירה היינקן 0.0 , ללא אלכוהול מארז שישייה","מבשלת היינקן, ריטבלדנברג",,הייניקן 0% 330 *6,,1.98,1 ליטר,false,1,26.90,12.68,true,1,28371
8712100859939,false,גלידת WICH בצקעוגיות,אווגה,,גלידת WICH בצקעוגיות,,72.00,100 גרם,false,1,12.80,17.78,true,1,18114
8712400802499,false,תרכובת מזון המשך לפעוטות על בסיס חלב שלב 1,נוטרישיה קאלק ב. ו.,,נוטרילון 800 ג שלב 1,,800.00,100 גרם,false,1,70.00,8.75,true,1,23266
8712400802512,false,תרכובת מזון המשך לפעוטות על בסיס חלב שלב 2,נוטרישיה קאלק ב. ו.,,נוטרילון 800 ג שלב 2,,800.00,100 גרם,false,1,70.00,8.75,true,1,23267
8712400802536,false,תרכובת מזון המשך לפעוטות על בסיס חלב שלב 3,נוטרישיה קאלק ב. ו.,,נוטרילון 800 שלב 3,,800.00,100 גרם,false,1,70.00,8.75,true,1,23268
8712561594608,false,"דאב תחליב רחיצה להזנה עמוקה 750 מ""ל","יוניליוור גרמניה, Gmbh &",,דאב ת.רחצה הזנה,,750.00,"100 מ""ל",false,1,23.90,3.19,false,1,23195
8712561611411,false,"תחליב רחצה בניחוח מלפפון ותה ירוק דאב 750 מ""ל","יוניליוור גרמניה, Gmbh &",,דאב ת.רחצה ירוק,,750.00,"100 מ""ל",false,1,23.90,3.19,false,1,23196
8714599513828,false,ג'ייקובס קרוננג מיובש בהקפאה 47.5 גרם צנצנת,מאיר בייגל,,קפה גייקובס 47.5 ג,,47.50,100 גרם,false,1,10.00,21.05,true,1,18022
8714599513866,false,"קפה נמס מיובש בהקפאה קרונג צנצנת ג'ייקובס 200 גרם לל""ס",אל.אל.סי גייקובס דאו,,גייקובס קרונינג 200,,200.00,100 גרם,false,1,27.90,13.95,true,1,18061
8714786146716,false,ביצת הפתעה סוכריות,Unknown,,ביצת הפתעה סוכריות,,5.00,100 גרם,false,1,10.00,200.00,true,1,5088
8714789177229,false,רבעיית מברשות שיניים קולגייט אקסטרה קלין 1 יחידה,הנסיך- מפעל לייצור ט,,קולגייט אקסטרה קלין,,4.00,יחידה,false,1,20.00,5.00,true,1,25902
8714789218465,false,מברשת שיניים 360 סופט קולגייט 2 יחידות,הנסיך- מפעל לייצור ט,,קולגייט מברשת 360,,2.00,יחידה,false,1,40.00,20.00,true,1,26283
8714789582764,false,אג'קס ספריי לניקוי חלונות ומשטחים,הנסיך- מפעל לייצור ט,,ספריי לניקוי חלונות,,750.00,"100 מ""ל",false,1,17.90,2.39,true,1,26280
8715035110304,false,רוטב סויה קיקומן 250,Unknown,,קיקומן סויה 250 מל,,250.00,"100 מ""ל",false,1,22.00,8.80,true,1,25016
8715144000923,false,קונוס 50 יחידות,Unknown,,קונוס 50 יחידות,,0.00,,false,1,33.00,0.00,false,1,24056
8715144001166,false,קונוס טילון שלישיה ק,Unknown,,קונוס 3 יח,,0.00,,false,1,6.00,0.00,true,1,24116
8715700110141,false,מיונז קרמי היינץ צנצנת 460ג',ה.י.היינץ הולדינג בי.וי,,מיונז היינץ 460 גרם,,767.00,100 גרם,false,1,10.90,1.42,true,1,26176
8715700115344,false,היינץ מתבל עגבניות 460 גרם כשלפ,אייץ'. ג'יי. היינץ פ,,קטשופ היינץ 460 גרם,,460.00,100 גרם,false,1,9.00,1.96,true,1,26449
8715700419732,false,היינץ מתבל עגבניות 700 גרם,ה.י. היינץ,,קטשופ היינץ 700 גרם,,700.00,100 גרם,false,1,16.90,2.41,true,1,16039
8715700422381,false,מיונז אמיתי היינץ 420 גרם,היינץ מנופקצ'רינג ספ,,מיונז כשלפ 420ג,,420.00,100 גרם,false,1,10.90,2.60,true,1,26451
8717163647202,false,"אקס דאודורנט ספריי גוף לגבר אנרכי 150 מ""ל",יוניליוור אנגליה,,אקס ספריי,,150.00,"100 מ""ל",false,1,19.90,13.27,true,1,25254
8717163647226,false,"אקס דאודורנט ספריי גוף בלאק 150 מ""ל",ארנסט. רחוב קומבינצק,,אקס ספריי גוף בלאק,,150.00,"100 מ""ל",false,1,19.90,13.27,true,1,23333
8717163647233,false,"אקס דאודורנט ספריי גוף בלאק נייט 150 מ""ל",ארנסט. רחוב קומבינצק,,אקס ספריי בלאק נייט,,150.00,"100 מ""ל",false,1,19.90,13.27,true,1,25915
8717163647240,false,"אקס דאודורנט ספריי גוף לגבר שוקולד 150 מ""ל",יוניליוור גרמניה (בו,,אקס ספריי גוף שוקולד,,150.00,"100 מ""ל",false,1,19.90,13.27,true,1,23334
8717163647257,false,"אקס דאודורנט ספריי גוף גולד 150 מ""ל",יוניליוור אנגליה,,א.ספרי גוף גולד-חדש,,150.00,"100 מ""ל",false,1,19.90,13.27,true,1,23809
8717163647264,false,"אקס דאודורנט ספריי גוף אייס צ'יל 150 מ""ל",יוניליוור אנגליה,,אקס ספריי,,150.00,"100 מ""ל",false,1,19.90,13.27,true,1,26253
8717163647301,false,אקס דאודורנט ספריי גולד לגבר 150 מל,יוניליוור אנגליה,,אקס ספריי,,150.00,"100 מ""ל",false,1,19.90,13.27,true,1,25255
8717163647318,false,אקס דאודורנט ספריי אורבן לגבר 150 מל,יוניליוור אנגליה,,אקס ספריי,,150.00,"100 מ""ל",false,1,19.90,13.27,true,1,25256
8717644390566,false,סבון מוצר רביעיה תמצית מלפפון ותה ירוק,יוניליוור גרמניה (מנ,,דאב סבון מוצק*4 יח,,4.00,יחידה,false,1,24.00,6.00,true,1,25867
8717677336593,false,טוניס שוקולד חלב 180 גרם רבנות - נוכרי,טוניס/שוקולונלי,,שוקולד חלב 180ג,,180.00,100 גרם,false,1,19.90,11.06,true,1,28531
8717677336616,false,שוקולד מריר עם שקדים ומלח טוניס' שוקולונלי 180 גרם,טוניס/שוקולונלי,,ש.מריר שקדים מלח,,180.00,100 גרם,false,1,19.90,11.06,true,1,28532
8717677336630,false,שוקולד חלב עם שקדים ודבש טוניס' שוקולונלי 180 גרם,טוניס/שוקולונלי,,שוקולד חלב שקדים דבש,,180.00,100 גרם,false,1,19.90,11.06,true,1,28533
8717677336654,false,טוניס - שוקולד חלב מעולה עם שברי קרמל מלוח,טוניס/שוקולונלי,,טוניס קרמל מלוח,,180.00,100 גרם,false,1,19.90,11.06,true,1,29653
8717677336661,false,טוניס שוקולד מריר מעולה 70% 180 גרם רבנות - נוכרי,טוניס/שוקולונלי,,שוקולד מריר 70% 180ג,,180.00,100 גרם,false,1,19.90,11.06,true,1,28534
8717677338436,false,שוקולד חלב עם אגוזי לוז טוניס' שוקולונלי 180 גרם,טוניס/שוקולונלי,,שוקולד חלב אגוזי לוז,,180.00,100 גרם,false,1,19.90,11.06,true,1,28535
8718879000138,false,ענב ירוק ייבוא ליח 5,חקלאי,,ענב ירוק ייבוא ליח,,500.00,100 גרם,false,1,19.90,3.98,true,1,28131
8718879000336,false,ענב שחור,Unknown,,ענב שחור,,500.00,100 גרם,false,1,18.90,3.78,true,1,28779
8718951166561,false,משחת שיניים לרעננות מוגברת max fresh cooling crystals,הנסיך- מפעל לייצור ט,,קולגייט משחת מקס פרש,,125.00,100 גרם,false,1,24.00,19.20,true,1,26177
8718951175600,false,"משחת שיניים קולגייט אוטאל קליין מינט 75 מ""ל",CP-Poland swidnica,,מ.שיניים קולגייט,,75.00,"100 מ""ל",false,1,17.00,22.67,true,1,23269
8718951236790,false,"קולגייט טוטאל משחת שיניים קלין מינט לפה בריא 100 מ""ל",קולגייט פלמוליב,,קולגייט טוטאל 100מל,,100.00,"100 מ""ל",false,1,25.00,25.00,true,1,25634
8718951236806,false,"קולגייט טוטאל הלבנה משחת שיניים המסייעת בהסרת כתמים 100 מ""ל",קולגייט Colgate,,קולגייט להלבנה 100מל,,100.00,"100 מ""ל",false,1,25.00,25.00,true,1,26178
8718951273610,false,פלאקס מי פה 100 מל כחול מנטה לרעננות מוג,שסטוביץ,,פלאקס מי פה 100מל,,100.00,"100 מ""ל",false,1,8.00,8.00,true,1,26453
8718951466371,false,"משחת שיניים מרידול 75 מ""ל",קולגייט פלמוליב,,מרידול משחת שיניים,,75.00,"100 מ""ל",false,1,22.90,30.53,true,1,29793
8719200998001,false,מרגרינה לאפיה ובישול בלי מלח 200 ג' בלו בנד,יוניליוור ישראל מזון בע\,,בלובנד ללא מלח 200ג,,200.00,100 גרם,false,1,5.50,2.75,true,1,24414
8719200998018,false,מחמאה מרגרינה בטעם חמאה בלובנד 200 גרם,"מיוצר ע""\י יוניליוור ישר",,בלובנד מחמאה 200 גר,,200.00,100 גרם,false,1,6.00,3.00,true,1,24415
8720181043093,false,"אקס דאודורנט ספריי גוף אפולו 150מ""ל","יוניליוור אנגליה, דרך קו",,אקס ספריי גוף,,150.00,"100 מ""ל",false,1,19.90,13.27,true,1,27141
8720181045639,false,"דאב דאו ספריי א.פ טלק סופט 150 מ""ל","יוניליוור אנגליה, דרך קו",,דאב ס.טלק סופט,,150.00,"100 מ""ל",false,1,26.00,17.33,true,1,26795
8720181045912,false,"אקס דאודורנט ספריי גוף אפריקה 150 מ""ל","יוניליוור אנגליה, דרך קו",,אקס דאו ספריי,,150.00,"100 מ""ל",false,1,19.90,13.27,true,1,26254
8720181046605,false,דאב - דאודורנט ספריי לאישה אורגינל כחול 150מל,"יוניליוור אנגליה, דרך קו",,דאב דאודורנט ספריי,,150.00,"100 מ""ל",false,1,17.00,11.33,false,1,25436
8720182256850,false,דאב אל סבון מוצק קלאסי 90 גרם רביעייה,יוניליוור ישראל טיפוח אי,,דאב רביעיית סבון,,360.00,100 גרם,false,1,19.90,5.53,true,1,29462
8723400782520,false,מנטוס סוכריות לעיסה בתפזורת בטעם פירות 160 ג',פרפטי ואן מלה,,מנטוס פירות -בשקית,,160.00,100 גרם,false,1,14.90,9.31,true,1,21560
8723400782544,false,מנטוס סוכריות לעיסה בתפזורת בטעם מנטה 160 ג',פרפטי ואן מלה,,מנטוס מנטה בשקית,,160.00,100 גרם,false,1,14.90,9.31,true,1,21561
8723900935839,false,פאל מאל אדום טבק חפיסה 30 גר,Unknown,,פאל מאל אדום טבק,,0.00,,false,1,64.00,0.00,false,1,21971
8723900935860,false,פאל מאל כחול טבק חפיסה 30 גר,Unknown,,פאל מאל כחול טבק,,0.00,,false,1,64.00,0.00,false,1,21972
8801055707966,false,קפה טייסטר צו'יס נס קפה בריסטה 180ג',לוטה נסטלה קוריאה,,טסטרס צויס בריסטה,,180.00,100 גרם,false,1,40.60,22.56,true,1,17921
8806092885967,false,סמארטפון A03 G128,Unknown,,סמארטפון A03 G128,,0.00,,false,1,669.00,0.00,false,1,29562
8850161160851,false,"קוקו מקס 100% מי קוקוס 350 מ""ל",טויו סייקאן קו.אל.טי.די,,מי קוקוס קוקו מקס,,350.00,"100 מ""ל",false,1,9.00,2.49,true,1,23102
8850161167041,false,"קוקו וואי משקה קוקוס 270 מ""ל",טויו טייקאן קו.אל.טי.די,,חלק קוקוס קוקו וואי,,270.00,"100 מ""ל",false,1,9.00,3.22,true,1,23103
8850389103111,false,סאפי משקה אלוורה בטעם ענבים 300מל,פארייפאבה אגרואינדוס,,סאפי אלוורה ענבים,,300.00,"100 מ""ל",false,1,11.50,3.73,true,1,6212
8850389103128,false,"משקה קל סאפה בטעם תפוח 300 מ""ל",פארייפאבה אגרואינדוס,,סאפי אלוו.תפוח300מל,,300.00,"100 מ""ל",false,1,11.50,3.73,true,1,6211
8850389103159,false,"משקה ליצ'י עם חתיכות גלי קוקוס 320 מ""ל מוגו מוגו",סאפה פובליק קומפני לימיט,,מוגו מוגו ליצי,,320.00,"100 מ""ל",false,1,10.90,3.31,true,1,27776
8850389104637,false,"משקה קל סאפה אלוורה אפרסק 300 מ""ל",פארייפאבה אגרואינדוס,,סאפי אפרסק 300 מל,,300.00,"100 מ""ל",false,1,11.50,3.73,true,1,9158
8850389105825,false,משקה אלוורה בטעם ענבים סאפה 1 ליטר,סאפה פובליק קומפני לימיט,,סאפי אלוורה ענבים 1ל,,1.00,1 ליטר,false,1,17.90,17.60,true,1,11648
8850389105832,false,סאפה משקה אלוורה בטעם תפוח עם קוביות אלוורה 1 ליטר,סאפה פובליק קומפני לימיט,,סאפי תפוח 1ל,,1.00,1 ליטר,false,1,17.90,17.60,true,1,11973
8850389105849,false,סאפה משקה אלוורה מופחת קלוריות בטעם אפרסק 1 ליטר,סאפה פובליק קומפני לימיט,,סאפי אפרסק 1ל,,1.00,1 ליטר,false,1,17.90,17.60,true,1,12560
8850389111352,false,"משקה מלון עם חתיכות גלי קוקוס 320 מ""ל מוגו מוגו",סאפה פובליק קומפני לימיט,,מוגו מוגו מלון,,320.00,"100 מ""ל",false,1,10.90,3.31,true,1,27777
8850389115312,false,"סאפה אלוורה מלון בקבוק 300 מ""ל",סאפה פובליק קומפני ל,,סאפי מלון 300מל,,300.00,"100 מ""ל",false,1,11.50,3.73,true,1,21283
8850632604259,false,"יוגטה, חיספוסים, ממתק חמוץ בצורת מקלות בטעם תות שדה,50 גרם",ג'נרל קנדי בעמ,,חספוסים 50 ג תות,,50.00,100 גרם,false,1,6.50,13.00,true,1,11019
8850632604266,false,"יוגטה, ממתק חמוץ בצורת מקלות בטעם קולה, 50 גרם",ג'נרל קנדי בעמ,,חספוסים 50 ג קולה,,50.00,100 גרם,false,1,6.50,13.00,true,1,10988
8850632604372,false,"יוגטה, חיספוסים בצורת שטיח בטעם תות שדה 50 גרם",ג'נרל קנדי בעמ,,חספוסים 50 ג ש.תות,,50.00,100 גרם,false,1,6.50,13.00,true,1,10989
8850632604402,false,יוגטה חיספוסים בטעם מעורב תות שדה אבטיח ענבים בננה 50 גרם,"ג'נרל קנדי בע""מ",,חספוסים 50 ג ש.מעורב,,50.00,100 גרם,false,1,6.50,13.00,true,1,11850
8850632605201,false,"יוגטה, חיספוסים, ממתק חמוץ בצורת שטיח, בטעם מעורב- תות בננה, תפוח, תפוז, 50 גרם",הדקלאים אגודת שיתופי,,חספוסים 50 ג שטיח,,50.00,100 גרם,false,1,6.50,13.00,true,1,11849
8850632606390,false,"יוגטה, חיספוסים, ממתק חמוץ בצורת שטיח בטעם אבטיח, 50 גרם",ג'נרל קנדי בעמ,,חספוסים 50 ג יוגטה,,50.00,100 גרם,false,1,6.50,13.00,true,1,25209
8901537076679,false,"אורז בסמטי חום מהדרין ויליפוד 1 ק""ג",האי נאם סי או אל.טי.,,אורז בסמטי,,1.00,"1 ק""ג",false,1,18.00,18.00,true,1,26256
9002490100490,false,"משקה אנרגיה רד בול מארז רביעייה*250 מ""ל",רד בול Red Bull,,רביעיית רד בול,,1.00,1 ליטר,false,1,39.90,38.70,true,1,5061
9044400841000,false,בובת פז Pez + שלוש יחידות סוכריות למילוי,פז Pez,,פז דמויות מותגים,,25.50,100 גרם,false,1,13.90,54.51,true,1,5231
9044400851672,false,סוכריות פז סוגים שונים + 3 מילויים,פז פרודקשיין יורו,,בובת פז מחסנית מילוי,,25.50,100 גרם,false,1,13.90,54.51,true,1,28856
9310072028743,false,טים טם ביסקוויט במילוי שוקולד 200 גרם,"ארנוטס ביסקוויטס בע""",,טים טם אורגינל,,200.00,100 גרם,false,1,24.00,12.00,true,1,17873
9310072028750,false,טים טם Tim Tam וופל שוקולד ציפוי כפול,"ארנוטס ביסקוויטס בע""",,טים טם דאבל 200,,200.00,100 גרם,false,1,24.00,12.00,true,1,17652
9720188050109,false,ממרח על בסיס סויה בסגנון גבינה טופוטי 225 גרם,טופוטי ברנדס אינק.ג',,טופוטי ממרח סויה,,225.00,100 גרם,false,1,23.90,10.62,true,1,18906
9999910099941,false,אריזה ריקה שקית ניל,Unknown,,אריזה ריקה שקית ניל,,0.00,,false,1,0.00,0.00,true,1,814
9999920006722,false,החזרת פיקדון 30אג,Unknown,,החזרת פיקדון 30אג,,0.00,,false,1,0.30,0.00,false,1,3234
9999920011785,false,קרמבו וניל-בודד,Unknown,,קרמבו וניל-בודד,,29.00,100 גרם,false,1,3.50,12.07,true,1,4279
9999920011786,false,קרמבו מוקה-בודד,Unknown,,קרמבו מוקה-בודד,,29.00,100 גרם,false,1,3.50,12.07,true,1,4280
9999921008252,false,החזרת פיקדון 1.20שח,Unknown,,החזרת פיקדון 1.20שח,,0.00,,false,1,1.20,0.00,false,1,8685
9999921009332,false,גביניות צימוק בודד,Unknown,,גביניות צימוק בודד,,0.00,,false,1,3.50,0.00,true,1,9094
9999921009335,false,מאפה מתוק במשקל,Unknown,,מאפה מתוק במשקל,קילוגרמים,1.00,"ק""ג",true,1,42.00,0.00,true,1,10251
9999921010221,false,קרואסון שוקולד פרווה,Unknown,,קרואסון שוקולד פרווה,,0.00,,false,1,11.00,0.00,true,1,12354
9999921010222,false,בורקס גבינה גדול,Unknown,,בורקס גבינה גדול,,0.00,,false,1,11.00,0.00,true,1,12355
9999921010223,false,פילס פיצה גדול,Unknown,,פילס פיצה גדול,,0.00,,false,1,11.00,0.00,true,1,12356
9999921010224,false,בורקס תפוא גדול,Unknown,,בורקס תפוא גדול,,0.00,,false,1,11.00,0.00,true,1,12357
9999921010226,false,פילס גבינה גדול,Unknown,,פילס גבינה גדול,,0.00,,false,1,11.00,0.00,true,1,12359
9999921010227,false,קרואסון חמאה גדול,Unknown,,קרואסון חמאה גדול,,0.00,,false,1,11.00,0.00,true,1,27200
9999921010228,false,בונזור ע.גבינה גדול,Unknown,,בונזור ע.גבינה גדול,,0.00,,false,1,11.00,0.00,true,1,12360
9999921010272,false,ביס רוגעלך בודד-חדש,Unknown,,ביס רוגעלך בודד-חדש,,0.00,,false,1,3.50,0.00,true,1,12365
9999921010616,false,קרואסון חמאה למכירה,Unknown,,קרואסון חמאה למכירה,,0.00,,false,1,11.00,0.00,true,1,12369
9999921010617,false,קרואסון שוקולד-מכירה,Unknown,,קרואסון שוקולד-מכירה,,0.00,,false,1,11.00,0.00,true,1,12370
9999921010618,false,קרואסון שקדים-מכירה,Unknown,,קרואסון שקדים-מכירה,,0.00,,false,1,12.00,0.00,true,1,12371
9999921014331,false,פוקצה עשבי תיבול,Unknown,,פוקצה עשבי תיבול,,0.00,,false,1,11.00,0.00,false,1,13440
9999921014341,false,פוקצה רוטב פיצה,Unknown,,פוקצה רוטב פיצה,,0.00,,false,1,11.00,0.00,false,1,13697
9999921014342,false,פוקצה בצל ופטריות,Unknown,,פוקצה בצל ופטריות,,0.00,,false,1,11.00,0.00,false,1,13698
9999921014343,false,פוקצה עגבניות שום,Unknown,,פוקצה עגבניות שום,,0.00,,false,1,11.00,0.00,true,1,13699
9999921014347,false,פוקצה עשבי תיבול מש,Unknown,,פוקצה עשבי תיבול מש,,0.00,,false,1,17.00,0.00,false,1,13701
9999921014348,false,פוקצה רוטב פיצה משפ,Unknown,,פוקצה רוטב פיצה משפ,,0.00,,false,1,17.00,0.00,false,1,13702
9999921014349,false,פוקצה בצל ופטר מש,Unknown,,פוקצה בצל ופטר מש,,0.00,,false,1,17.00,0.00,false,1,13703
9999921014360,false,פוקצה עגבניות משפחת,Unknown,,פוקצה עגבניות משפחת,,0.00,,false,1,17.00,0.00,false,1,13704
9999921014522,false,פוקצה זעתר,Unknown,,פוקצה זעתר,,0.00,,false,1,11.00,0.00,false,1,13770
9999921015200,false,מאפים מלוחים במשקל,Unknown,,מאפים מלוחים במשקל,קילוגרמים,1.00,"ק""ג",true,1,42.00,0.00,true,1,14001
9999921016010,false,FREEZ קפה,Unknown,,FREEZ קפה,,0.00,,false,1,15.00,0.00,true,1,14840
9999921016105,false,שנק קינמון חלבי-מכר,Unknown,,שנק קינמון חלבי-מכר,,0.00,,false,1,11.00,0.00,true,1,14548
9999921019057,false,בורקס פילו במשקל,Unknown,,בורקס פילו במשקל,קילוגרמים,1.00,"ק""ג",true,1,59.90,0.00,true,1,15681
9999921019060,false,קפה קר,Unknown,,קפה קר,,0.00,,false,1,12.00,0.00,true,1,15684
9999921019477,false,בונזור מקלות חמאה,Unknown,,בונזור מקלות חמאה,,0.00,,false,1,6.00,0.00,true,1,15994
9999921019575,false,פיצה זיתים הכנה עצמי,Unknown,,פיצה זיתים הכנה עצמי,,0.00,,false,1,16.00,0.00,true,1,16047
9999921019576,false,פיצה בצל ופטריות,Unknown,,פיצה בצל ופטריות,,0.00,,false,1,16.00,0.00,true,1,16048
9999921019577,false,פיצה עגבניות בצל,Unknown,,פיצה עגבניות בצל,,0.00,,false,1,16.00,0.00,true,1,16049
9999921021759,false,בורקס פלוס,Unknown,,בורקס פלוס,,0.00,,false,1,16.00,0.00,true,1,21957
9999921024961,false,קפוצינו רגיל תחליף,Unknown,,קפוצינו רגיל תחליף,,0.00,,false,1,13.00,0.00,true,1,18326
9999921024962,false,קפוצינו רגיל תחליף,Unknown,,קפוצינו רגיל תחליף,,0.00,,false,1,13.00,0.00,true,1,18327
9999921024963,false,קפוצינו ג.רגיל תחליף,Unknown,,קפוצינו ג.רגיל תחליף,,0.00,,false,1,15.00,0.00,true,1,18328
9999921024964,false,קפוצינו ג.נטולתחליף,Unknown,,קפוצינו ג.נטולתחליף,,0.00,,false,1,15.00,0.00,true,1,18329
9999921024965,false,לאטה רגיל תחליף,Unknown,,לאטה רגיל תחליף,,0.00,,false,1,14.00,0.00,true,1,18330
9999921024966,false,לאטה גדול תחליף,Unknown,,לאטה גדול תחליף,,0.00,,false,1,16.00,0.00,true,1,18331
9999921024967,false,נס קפה רגיל תחליף,Unknown,,נס קפה רגיל תחליף,,0.00,,false,1,10.00,0.00,true,1,18332
9999921024968,false,נס קפה גדול תחליף,Unknown,,נס קפה גדול תחליף,,0.00,,false,1,12.00,0.00,true,1,18333
9999921024969,false,נס ע.חלב קטן תחליף,Unknown,,נס ע.חלב קטן תחליף,,0.00,,false,1,11.00,0.00,true,1,18334
9999921024970,false,נס ע.חלב גדול תחליף,Unknown,,נס ע.חלב גדול תחליף,,0.00,,false,1,13.00,0.00,true,1,18335
9999921024972,false,שוקו חם-תחליף,Unknown,,שוקו חם-תחליף,,0.00,,false,1,13.00,0.00,true,1,18323
9999921024973,false,לאטה נ.רגיל תחליף,Unknown,,לאטה נ.רגיל תחליף,,0.00,,false,1,14.00,0.00,true,1,18324
9999921024974,false,לאטה נ.גדול תחליף,Unknown,,לאטה נ.גדול תחליף,,0.00,,false,1,16.00,0.00,true,1,18325
9999921027074,false,פיצה בונזור מרגריטה,Unknown,,פיצה בונזור מרגריטה,,0.00,,false,1,11.00,0.00,true,1,19039
9999921027571,false,נקניקיית עוף בלחמניה,Unknown,,נקניקיית עוף בלחמניה,,0.00,,false,1,20.00,0.00,true,1,26811
9999921027574,false,נקניקיית בקר בלחמניה,Unknown,,נקניקיית בקר בלחמניה,,0.00,,false,1,20.00,0.00,true,1,26812
9999921028632,false,מקלות אפויים,Unknown,,מקלות אפויים,,0.00,,false,1,4.50,0.00,false,1,19843
9999921029271,false,סמבוסק,Unknown,,סמבוסק,,0.00,,false,1,11.00,0.00,true,1,20098
9999921029872,false,כדוריות שום-שמיר,Unknown,,כדוריות שום-שמיר,קילוגרמים,1.00,"ק""ג",true,1,50.00,0.00,true,1,20087
9999921030427,false,פוקצה פיצה אישית,Unknown,,פוקצה פיצה אישית,,0.00,,false,1,11.00,0.00,false,1,20365
9999921030737,false,ארטישוק ירוק,Unknown,,ארטישוק ירוק,קילוגרמים,1.00,"ק""ג",true,1,12.90,0.00,true,1,22337
9999921030739,false,אשכולית אדומה,Unknown,,אשכולית אדומה,קילוגרמים,1.00,"ק""ג",true,1,9.90,0.00,true,1,20517
9999921030740,false,אשכולית צהובה,Unknown,,אשכולית צהובה,קילוגרמים,1.00,"ק""ג",true,1,9.90,0.00,true,1,20518
9999921030741,false,בטטה,Unknown,,בטטה,קילוגרמים,1.00,"ק""ג",true,1,17.90,0.00,true,1,20519
9999921030742,false,בננה,Unknown,,בננה,קילוגרמים,1.00,"ק""ג",true,1,13.90,0.00,true,1,20520
9999921030743,false,בצל אדום,Unknown,,בצל אדום,קילוגרמים,1.00,"ק""ג",true,1,9.90,0.00,true,1,20521
9999921030744,false,בצל יבש,Unknown,,בצל יבש,קילוגרמים,1.00,"ק""ג",true,1,7.90,0.00,true,1,20522
9999921030746,false,זוקיני ירוק,Unknown,,זוקיני ירוק,קילוגרמים,1.00,"ק""ג",true,1,14.90,0.00,true,1,22117
9999921030749,false,חציל חממה,Unknown,,חציל חממה,קילוגרמים,1.00,"ק""ג",true,1,12.90,0.00,true,1,20523
9999921030751,false,לימון צהוב,Unknown,,לימון צהוב,קילוגרמים,1.00,"ק""ג",true,1,13.90,0.00,true,1,20524
9999921030752,false,מלפפון,Unknown,,מלפפון,קילוגרמים,1.00,"ק""ג",true,1,11.90,0.00,true,1,20525
9999921030755,false,מנדרינה,Unknown,,מנדרינה,קילוגרמים,1.00,"ק""ג",true,1,12.90,0.00,true,1,20765
9999921030759,false,סלק אדום,Unknown,,סלק אדום,קילוגרמים,1.00,"ק""ג",true,1,9.90,0.00,true,1,20529
9999921030760,false,עגבניה,Unknown,,עגבניה,קילוגרמים,1.00,"ק""ג",true,1,12.90,0.00,true,1,20530
9999921030764,false,פומלית,Unknown,,פומלית,קילוגרמים,1.00,"ק""ג",true,1,12.90,0.00,true,1,22031
9999921030767,false,פלפל אדום,Unknown,,פלפל אדום,קילוגרמים,1.00,"ק""ג",true,1,14.90,0.00,true,1,20532
9999921030770,false,פלפל ירוק,Unknown,,פלפל ירוק,קילוגרמים,1.00,"ק""ג",true,1,14.90,0.00,true,1,20534
9999921030771,false,פלפל כתום,Unknown,,פלפל כתום,קילוגרמים,1.00,"ק""ג",true,1,12.90,0.00,true,1,22120
9999921030772,false,פלפל נהריה ירוק בהיר,Unknown,,פלפל נהריה ירוק בהיר,קילוגרמים,1.00,"ק""ג",true,1,14.90,0.00,true,1,22121
9999921030773,false,פלפל צהוב,Unknown,,פלפל צהוב,קילוגרמים,1.00,"ק""ג",true,1,14.90,0.00,true,1,20535
9999921030777,false,קולורבי,Unknown,,קולורבי,קילוגרמים,1.00,"ק""ג",true,1,13.90,0.00,true,1,20801
9999921030779,false,קישוא,Unknown,,קישוא,קילוגרמים,1.00,"ק""ג",true,1,12.90,0.00,true,1,20537
9999921030780,false,קישוא עגול,Unknown,,קישוא עגול,קילוגרמים,1.00,"ק""ג",true,1,12.90,0.00,true,1,23893
9999921030782,false,רימון,Unknown,,רימון,קילוגרמים,1.00,"ק""ג",true,1,11.90,0.00,true,1,20538
9999921030783,false,שומר,Unknown,,שומר,קילוגרמים,1.00,"ק""ג",true,1,12.90,0.00,true,1,20539
9999921030784,false,שזיף,Unknown,,שזיף,קילוגרמים,1.00,"ק""ג",true,1,24.90,0.00,true,1,22343
9999921030793,false,תמר ברהי צהוב,Unknown,,תמר ברהי צהוב,קילוגרמים,1.00,"ק""ג",true,1,19.90,0.00,true,1,21866
9999921030794,false,תפוז,Unknown,,תפוז,קילוגרמים,1.00,"ק""ג",true,1,9.90,0.00,true,1,20543
9999921030796,false,תפוזים לסחיטה,Unknown,,תפוזים לסחיטה,קילוגרמים,1.00,"ק""ג",true,1,5.90,0.00,true,1,22064
9999921030798,false,תפוח גלה,Unknown,,תפוח גלה,קילוגרמים,1.00,"ק""ג",true,1,14.90,0.00,true,1,21563
9999921030800,false,תפוח גרנד 70,Unknown,,תפוח גרנד 70,קילוגרמים,1.00,"ק""ג",true,1,13.90,0.00,true,1,20544
9999921030810,false,ת.פינק ליידי שקיל,Unknown,,ת.פינק ליידי שקיל,קילוגרמים,1.00,"ק""ג",true,1,19.90,0.00,true,1,20547
9999921030812,false,אבוקדו,Unknown,,אבוקדו,קילוגרמים,1.00,"ק""ג",true,1,14.90,0.00,true,1,20548
9999921030815,false,אבטיח,Unknown,,אבטיח,קילוגרמים,1.00,"ק""ג",true,1,6.90,0.00,true,1,20549
9999921030816,false,גויאבה,Unknown,,גויאבה,קילוגרמים,1.00,"ק""ג",true,1,19.90,0.00,true,1,22030
9999921030817,false,גזר במארז,Unknown,,גזר במארז,קילוגרמים,1.00,"ק""ג",true,1,8.90,0.00,true,1,20550
9999921030819,false,דלורית,Unknown,,דלורית,קילוגרמים,1.00,"ק""ג",true,1,9.90,0.00,true,1,22125
9999921030820,false,דלעת אישית,Unknown,,דלעת אישית,קילוגרמים,1.00,"ק""ג",true,1,15.90,0.00,true,1,20551
9999921030822,false,כרוב אדום,Unknown,,כרוב אדום,קילוגרמים,1.00,"ק""ג",true,1,11.90,0.00,true,1,20552
9999921030823,false,כרוב לבן,Unknown,,כרוב לבן,קילוגרמים,1.00,"ק""ג",true,1,7.90,0.00,true,1,20553
9999921030826,false,מלון גליה,Unknown,,מלון גליה,קילוגרמים,1.00,"ק""ג",true,1,12.90,0.00,true,1,20555
9999921030831,false,פומלה אדומה גדולה,Unknown,,פומלה אדומה גדולה,קילוגרמים,1.00,"ק""ג",true,1,11.90,0.00,true,1,22033
9999921030832,false,פומלה לבנה,Unknown,,פומלה לבנה,קילוגרמים,1.00,"ק""ג",true,1,12.90,0.00,true,1,20559
9999921030833,false,שום יבש ייבוא-קג,Unknown,,שום יבש ייבוא-קג,קילוגרמים,1.00,"ק""ג",true,1,29.90,0.00,true,1,20560
9999921030834,false,תירס קלחים במארז,Unknown,,תירס קלחים במארז,קילוגרמים,1.00,"ק""ג",true,1,14.90,0.00,true,1,20561
9999921030835,false,תפוא אדום ארוז,Unknown,,תפוא אדום ארוז,קילוגרמים,1.00,"ק""ג",true,1,8.90,0.00,true,1,20562
9999921030836,false,תפוא לבן ארוז,Unknown,,תפוא לבן ארוז,קילוגרמים,1.00,"ק""ג",true,1,5.90,0.00,true,1,20563
9999921030846,false,אננס,Unknown,,אננס,,1.20,"1 ק""ג",false,1,39.90,33.25,true,1,21956
9999921030885,false,פיטאיה אדומה,Unknown,,פיטאיה אדומה,,290.00,100 גרם,false,1,11.90,4.10,true,1,22347
9999921030906,false,שרי שלושה צבעים ארוז,Unknown,,שרי שלושה צבעים ארוז,,900.00,100 גרם,false,1,13.90,1.54,true,1,22348
9999921030931,false,קוקוס ייבוא ליח,Unknown,,קוקוס ייבוא ליח,,860.00,100 גרם,false,1,9.90,1.15,true,1,22457
9999921031939,false,תפוח חרמון,Unknown,,תפוח חרמון,קילוגרמים,1.00,"ק""ג",true,1,13.90,0.00,true,1,21775
9999921032593,false,נקטרינה איכות מעולה,Unknown,,נקטרינה איכות מעולה,קילוגרמים,1.00,"ק""ג",true,1,17.90,0.00,true,1,21413
9999921032656,false,תפוח זהוב,Unknown,,תפוח זהוב,קילוגרמים,1.00,"ק""ג",true,1,11.90,0.00,true,1,21349
9999921032682,false,אפרסק איכות מעולה,Unknown,,אפרסק איכות מעולה,קילוגרמים,1.00,"ק""ג",true,1,17.90,0.00,true,1,21391
9999921033561,false,קרואסון ביס פינוקים,Unknown,,קרואסון ביס פינוקים,,0.00,,false,1,6.00,0.00,true,1,21855
9999921033563,false,מיני פוקצה ש.זיתים,Unknown,,מיני פוקצה ש.זיתים,,0.00,,false,1,7.00,0.00,true,1,21857
9999921033565,false,מיני פוקצה בצל,Unknown,,מיני פוקצה בצל,,0.00,,false,1,7.00,0.00,true,1,21858
9999921033566,false,מיני פוקצה פלפלים,Unknown,,מיני פוקצה פלפלים,,0.00,,false,1,7.00,0.00,true,1,21859
9999921033567,false,פוקצה גבינה ושום,Unknown,,פוקצה גבינה ושום,,0.00,,false,1,11.00,0.00,true,1,21860
9999921033951,false,אפרסמון 65 איכות,Unknown,,אפרסמון 65 איכות,קילוגרמים,1.00,"ק""ג",true,1,29.90,0.00,true,1,22291
9999921034160,false,תות שדה מעולה,Unknown,,תות שדה מעולה,,180.00,100 גרם,false,1,28.90,16.06,true,1,22293
9999921034719,false,אגס איכות מעולה,Unknown,,אגס איכות מעולה,קילוגרמים,1.00,"ק""ג",true,1,14.90,0.00,true,1,22465
9999921034720,false,קרמבולה,Unknown,,קרמבולה,קילוגרמים,1.00,"ק""ג",true,1,32.00,0.00,true,1,22466
9999921034721,false,דלורית,Unknown,,דלורית,קילוגרמים,1.00,"ק""ג",true,1,6.90,0.00,true,1,22467
9999921034723,false,תפוז ברשת,Unknown,,תפוז ברשת,קילוגרמים,1.00,"ק""ג",true,1,8.90,0.00,true,1,22468
9999921035216,false,תפוז סיני ארוז בשקית,Unknown,,תפוז סיני ארוז בשקית,,450.00,100 גרם,false,1,6.90,1.53,true,1,22730
9999921035380,false,משמש איכות מעולה,Unknown,,משמש איכות מעולה,קילוגרמים,1.00,"ק""ג",true,1,24.90,0.00,true,1,22966
9999921035496,false,לפת,Unknown,,לפת,קילוגרמים,1.00,"ק""ג",true,1,9.90,0.00,false,1,23017
9999921035515,false,ב.קוראסון ש.חלבי,Unknown,,ב.קוראסון ש.חלבי,,0.00,,false,1,11.00,0.00,true,1,23024
9999921035528,false,שזיף צהוב איכותמעולה,Unknown,,שזיף צהוב איכותמעולה,קילוגרמים,1.00,"ק""ג",true,1,19.90,0.00,true,1,23028
9999921035609,false,מנגו איכות מעולה,Unknown,,מנגו איכות מעולה,קילוגרמים,1.00,"ק""ג",true,1,19.90,0.00,true,1,23130
9999921035618,false,ליצי ארוז ליח,Unknown,,ליצי ארוז ליח,,310.00,100 גרם,false,1,22.90,7.39,true,1,23144
9999921036863,false,מנדרינה מיכל,Unknown,,מנדרינה מיכל,קילוגרמים,1.00,"ק""ג",true,1,8.90,0.00,true,1,23894
9999921037173,false,מקלות פילו גבינה מכר,Unknown,,מקלות פילו גבינה מכר,,90.00,יחידה,false,1,11.00,0.12,true,1,23906
9999921037330,false,מ.פילו פיצה-למכירה,Unknown,,מ.פילו פיצה-למכירה,,90.00,יחידה,false,1,11.00,0.12,true,1,24136
9999921037331,false,מ.פילו תפוחעץ למכירה,Unknown,,מ.פילו תפוחעץ למכירה,,90.00,יחידה,false,1,11.00,0.12,true,1,24137
9999921037367,false,ע.קוקיס ציפס למכירה,Unknown,,ע.קוקיס ציפס למכירה,קילוגרמים,1.00,"ק""ג",true,1,55.00,0.00,true,1,24138
9999921038213,false,מסכה בודדת KN95,Unknown,,מסכה בודדת KN95,,1.00,יחידה,false,1,7.00,7.00,true,1,24671
9999921038445,false,מסכה כירורגית 1יח,Unknown,,מסכה כירורגית 1יח,,1.00,יחידה,false,1,1.00,1.00,false,1,25020
9999921038483,false,חבושים יבוא,Unknown,,חבושים יבוא,קילוגרמים,1.00,"ק""ג",true,1,19.90,0.00,true,1,25100
9999921038739,false,מיני סופגניה משודרגת,Unknown,,מיני סופגניה משודרגת,,45.00,100 גרם,false,1,8.00,17.78,false,1,25363
9999921039383,false,אוזני המן במשקל,Unknown,,אוזני המן במשקל,קילוגרמים,1.00,"ק""ג",true,1,60.00,0.00,true,1,25619
9999921039385,false,אוזני המן - בודד,Unknown,,אוזני המן - בודד,,0.00,,false,1,4.00,0.00,true,1,25621
9999921039810,false,מארז 100שח,Unknown,,מארז 100שח,,0.00,,false,1,100.00,0.00,false,1,26313
9999921039811,false,מארז 150 שח,Unknown,,מארז 150 שח,,0.00,,false,1,150.00,0.00,false,1,26314
9999921039812,false,מארז 200 שח,Unknown,,מארז 200 שח,,0.00,,false,1,200.00,0.00,false,1,26315
9999921039813,false,מארז 250שח,Unknown,,מארז 250שח,,0.00,,false,1,250.00,0.00,false,1,26316
9999921039900,false,מארז 300שח,Unknown,,מארז 300שח,,0.00,,false,1,300.00,0.00,false,1,26335
9999921039925,false,מוצרי פסח 5 שח,Unknown,,מוצרי פסח 5 שח,,0.00,,false,1,5.00,0.00,false,1,26465
9999921039933,false,בקלוואה בטעמים בודד,Unknown,,בקלוואה בטעמים בודד,,0.00,,false,1,3.00,0.00,false,1,26467
9999921039953,false,פלפל גמדי ליח,Unknown,,פלפל גמדי ליח,,0.00,,false,1,12.90,0.00,true,1,26479
9999921040154,false,בירה אסטרייה 330,Unknown,,בירה אסטרייה 330,,330.00,"100 מ""ל",false,1,35.40,10.64,true,1,27443
9999921040215,false,עוגיות כשלפ 4 ב 10,Unknown,,עוגיות כשלפ 4 ב 10,,4.00,יחידה,false,1,10.00,2.50,false,1,26583
9999921040312,false,אבטיח גולי א.מעולה,Unknown,,אבטיח גולי א.מעולה,קילוגרמים,1.00,"ק""ג",true,1,7.30,0.00,true,1,26792
9999921040487,false,ענב ירוק טלי לכיש,Unknown,,ענב ירוק טלי לכיש,קילוגרמים,1.00,"ק""ג",true,1,32.90,0.00,true,1,26902
9999921040488,false,ענב אדום פליים,Unknown,,ענב אדום פליים,קילוגרמים,1.00,"ק""ג",true,1,34.90,0.00,true,1,26903
9999921040504,false,שסק איכות מעולה,Unknown,,שסק איכות מעולה,קילוגרמים,1.00,"ק""ג",true,1,21.90,0.00,true,1,26904
9999921040646,false,אייס פסיפלורה,Unknown,,אייס פסיפלורה,,0.00,,false,1,14.00,0.00,true,1,26927
9999921040650,false,תאנים איכות מעולה,Unknown,,תאנים איכות מעולה,,500.00,100 גרם,false,1,29.90,5.98,true,1,27104
9999921040721,false,מאפה תפוא א.ק-מכירה,Unknown,,מאפה תפוא א.ק-מכירה,,0.00,,false,1,11.00,0.00,true,1,27217
9999921040722,false,מאפה גבינה א.ק-מכירה,Unknown,,מאפה גבינה א.ק-מכירה,,0.00,,false,1,11.00,0.00,true,1,27218
9999921040984,false,קוקיס בודד שוקו,Unknown,,קוקיס בודד שוקו,,0.00,,false,1,5.00,0.00,true,1,27255
9999921040986,false,קוקיס בודד ש.ציפס,Unknown,,קוקיס בודד ש.ציפס,,0.00,,false,1,5.00,0.00,true,1,27257
9999921040989,false,ק. בודד ש.ציפס נוגט,Unknown,,ק. בודד ש.ציפס נוגט,,0.00,,false,1,5.00,0.00,true,1,27259
9999921040991,false,קוקיס בודד עם ביגלה,Unknown,,קוקיס בודד עם ביגלה,,0.00,,false,1,5.00,0.00,true,1,27260
9999921041389,false,ב.לרכב ניו קאר 35מל,Unknown,,ב.לרכב ניו קאר 35מל,,12.00,יחידה,false,1,14.90,1.24,true,1,27604
9999921041429,false,סלט שוואלה,Unknown,,סלט שוואלה,,0.00,,false,1,46.00,0.00,false,1,27632
9999921041430,false,פיתה שוואלה,Unknown,,פיתה שוואלה,,0.00,,false,1,33.00,0.00,false,1,27633
9999921041431,false,חצי מנת שטיפה מתנה,Unknown,,חצי מנת שטיפה מתנה,,0.00,,false,1,0.00,0.00,false,1,27634
9999921041432,false,שדרוג למנה שלמה,Unknown,,שדרוג למנה שלמה,,0.00,,false,1,8.00,0.00,false,1,27635
9999921041434,false,קרמבו למכירה בודד,Unknown,,קרמבו למכירה בודד,,29.00,100 גרם,false,1,3.90,13.45,true,1,27636
9999921041564,false,החזר פקדון 1.5 ל,Unknown,,החזר פקדון 1.5 ל,,0.00,,false,1,0.00,0.00,false,1,27729
9999921042292,false,מארז 50 שח,Unknown,,מארז 50 שח,,0.00,,false,1,50.00,0.00,false,1,28240
9999921042365,false,קרואסון פינוקים משוד,Unknown,,קרואסון פינוקים משוד,,0.00,,false,1,20.00,0.00,true,1,28259
9999921042498,false,גוסי בננה מלון תמר,Unknown,,גוסי בננה מלון תמר,,0.00,,false,1,20.00,0.00,true,1,29036
9999921042504,false,גוסי אננס ומנגו,Unknown,,גוסי אננס ומנגו,,0.00,,false,1,20.00,0.00,true,1,29037
9999921042505,false,גוסי תמר ואוכמניות,Unknown,,גוסי תמר ואוכמניות,,0.00,,false,1,20.00,0.00,true,1,29038
9999921043175,false,פרצלס למכירה,Unknown,,פרצלס למכירה,,0.00,,false,1,10.00,0.00,true,1,28382
9999921043207,false,פולי לוואצה פיו מתנה,Unknown,,פולי לוואצה פיו מתנה,,1.00,יחידה,false,1,89.00,89.00,false,1,28406
9999921043208,false,פ.לוואצה מ.פיאנו גוס,Unknown,,פ.לוואצה מ.פיאנו גוס,,1.00,יחידה,false,1,69.00,69.00,false,1,28407
9999921043401,false,מארז לחג 50 שח,Unknown,,מארז לחג 50 שח,,0.00,,false,1,50.00,0.00,false,1,28543
9999921043419,false,מארז פורים דניאל,Unknown,,מארז פורים דניאל,,1.00,יחידה,false,1,149.00,149.00,false,1,28550
9999921043425,false,לחמניה פסח בודדת,Unknown,,לחמניה פסח בודדת,,1.00,יחידה,false,1,6.00,6.00,false,1,28560
9999921043492,false,מצות 500 גרם,Unknown,,מצות 500 גרם,,1.00,יחידה,false,1,9.90,9.90,false,1,28563
9999921043493,false,מארז לחג 350 שח,Unknown,,מארז לחג 350 שח,,0.00,,false,1,350.00,0.00,false,1,28564
9999921043531,false,ת.קינואה עם עגבניות,Unknown,,ת.קינואה עם עגבניות,,0.00,,false,1,9.90,0.00,true,1,28608
9999921043532,false,ת.קינואה זוקיני ובצל,Unknown,,ת.קינואה זוקיני ובצל,,0.00,,false,1,9.90,0.00,true,1,28609
9999921043534,false,ת.קינואה חציל זוקיני,Unknown,,ת.קינואה חציל זוקיני,,0.00,,false,1,9.90,0.00,true,1,28610
9999921043560,false,קונוס אחסון PUFFIZ,Unknown,,קונוס אחסון PUFFIZ,,0.00,,false,1,5.00,0.00,true,1,28758
9999921044281,false,חצי אבטיח וולט,Unknown,,חצי אבטיח וולט,,1.00,יחידה,false,1,20.00,20.00,true,1,29274
9999921044690,false,מארז 75 שח,Unknown,,מארז 75 שח,,0.00,,false,1,75.00,0.00,false,1,29627
9999921044889,false,מגש 24יח XLב89.90,Unknown,,מגש 24יח XLב89.90,,250.00,"100 מ""ל",false,1,89.90,35.96,true,1,29798
9999921044902,false,מגש 24יח XLב89.90,Unknown,,מגש 24יח XLב89.90,,250.00,"100 מ""ל",false,1,89.90,35.96,false,1,29811
9999921044930,false,ק.פקדון מספק 0.30אג,Unknown,,ק.פקדון מספק 0.30אג,,0.00,,false,1,0.30,0.00,false,1,29829
9999921044931,false,ק.פקדון מספק 1.20שח,Unknown,,ק.פקדון מספק 1.20שח,,0.00,,false,1,1.20,0.00,false,1,29830
9999942000557,false,פיקדון שלישיה,Unknown,,פיקדון שלישיה,,0.00,,false,1,0.90,0.00,false,1,5058
9999946000178,false,פיקדון בקבוק,Unknown,,פיקדון בקבוק,,0.00,,false,1,0.30,0.00,false,1,3230
9999946001980,false,קפוצינו רגיל-יילו ק,Unknown,,קפוצינו רגיל-יילו ק,,0.00,,false,1,12.00,0.00,true,1,12326
9999946001981,false,קפוצינו גדול-יילו ק,Unknown,,קפוצינו גדול-יילו ק,,0.00,,false,1,14.00,0.00,true,1,12327
9999946001982,false,אספרסו קצר-יילו קפה,Unknown,,אספרסו קצר-יילו קפה,,0.00,,false,1,9.00,0.00,true,1,12328
9999946001983,false,אספרסו כפול-יילו קפה,Unknown,,אספרסו כפול-יילו קפה,,0.00,,false,1,11.00,0.00,true,1,12329
9999946001984,false,לאטה רגיל-יילו קפה,Unknown,,לאטה רגיל-יילו קפה,,0.00,,false,1,13.00,0.00,true,1,12330
9999946001985,false,לאטה גדול-יילו קפה,Unknown,,לאטה גדול-יילו קפה,,0.00,,false,1,15.00,0.00,true,1,12331
9999946001986,false,אמריקאנו-יילו קפה,Unknown,,אמריקאנו-יילו קפה,,0.00,,false,1,12.00,0.00,true,1,12332
9999946001989,false,קפה שחור-יילו קפה,Unknown,,קפה שחור-יילו קפה,,0.00,,false,1,8.00,0.00,true,1,12333
9999946001990,false,נס קפה רגיל-ילו קפה,Unknown,,נס קפה רגיל-ילו קפה,,0.00,,false,1,9.00,0.00,true,1,12334
9999946001991,false,נס קפה גדול-יילו,Unknown,,נס קפה גדול-יילו,,0.00,,false,1,11.00,0.00,true,1,12335
9999946001992,false,נס על חלב קטן-יילו,Unknown,,נס על חלב קטן-יילו,,0.00,,false,1,10.00,0.00,true,1,12336
9999946001993,false,נס על חלב גדול-יילו,Unknown,,נס על חלב גדול-יילו,,0.00,,false,1,12.00,0.00,true,1,12337
9999946001995,false,שוקו חם -יילו קפה,Unknown,,שוקו חם -יילו קפה,,0.00,,false,1,12.00,0.00,false,1,12338
9999946001996,false,תה חם -יילו קפה,Unknown,,תה חם -יילו קפה,,0.00,,false,1,8.00,0.00,true,1,12339
9999946002000,false,גרניטה -יילו קפה,Unknown,,גרניטה -יילו קפה,,0.00,,false,1,14.00,0.00,true,1,12343
9999946002019,false,מקיאטו רגיל-יילו קפה,Unknown,,מקיאטו רגיל-יילו קפה,,0.00,,false,1,10.00,0.00,true,1,12346
9999946002020,false,מקיאטו כפול-יילו קפה,Unknown,,מקיאטו כפול-יילו קפה,,0.00,,false,1,12.00,0.00,true,1,12347
9999946002191,false,גרניטה דיאט-יילו קפה,Unknown,,גרניטה דיאט-יילו קפה,,0.00,,false,1,14.00,0.00,false,1,12374
9999946002930,false,גרניטה בדצ-יילו קפה,Unknown,,גרניטה בדצ-יילו קפה,,0.00,,false,1,14.00,0.00,true,1,12934
9999946006103,false,משלוח עד הבית,Unknown,,משלוח עד הבית,,0.00,,false,1,20.00,0.00,false,1,24444
9999946006116,false,משלוח וולט,Unknown,,משלוח וולט,,0.00,,false,1,0.00,0.00,false,1,24917
9999946006117,false,איסוף עצמי וולט,Unknown,,איסוף עצמי וולט,,0.00,,false,1,0.00,0.00,false,1,24918
9999946006122,false,אספרסו ארוך-יילו קפה,Unknown,,אספרסו ארוך-יילו קפה,,0.00,,false,1,9.00,0.00,true,1,24574
9999946006242,false,פיקדון שמינייה,Unknown,,פיקדון שמינייה,,0.00,,false,1,2.40,0.00,false,1,25707
9999946006493,false,היטל שקית 10אג,Unknown,,היטל שקית 10אג,,0.00,,false,1,0.10,0.00,false,1,27607
9999946006640,false,פיקדון בקבוק קולה,Unknown,,פיקדון בקבוק קולה,,0.00,,false,1,0.30,0.00,false,1,28728
9999946006669,false,גלידה סנדיי+תוספות,Unknown,,גלידה סנדיי+תוספות,,1.00,יחידה,false,1,12.00,12.00,true,1,29031
9999946006670,false,גלידה סנדיי,Unknown,,גלידה סנדיי,,1.00,יחידה,false,1,10.00,10.00,true,1,29032
9999946006671,false,פיקדון בקבוק יינות,Unknown,,פיקדון בקבוק יינות,,0.00,,false,1,0.30,0.00,false,1,29049
