code,internal_code,name,manufacturer_name,manufacture_country,manufacturer_item_description,unit_qty,quantity,unit_of_measure,weighted,qty_in_package,price,unit_of_measure_price,allow_discount,status,item_id
300,false,פיתה פרינה,,,פיתה ש.י.שאשא,Unknown,0.00,Unknown,false,1,1.70,1.70,true,1,
442,false,בצל לבן,,,בצל לבן,Unknown,0.00,"ק""ג",true,0,5.90,5.90,true,1,
602,false,בצל יבש,,,בצל יבש,Unknown,0.00,"ק""ג",true,0,6.90,6.90,true,1,
619,false,פלפל אדום,,,פלפל אדום,Unknown,0.00,"ק""ג",true,0,14.90,14.90,true,1,
657,false,שזיף ירוק/לבן,,,שזיף ירוק/לבן,Unknown,0.00,"ק""ג",true,0,23.90,23.90,true,1,
678,false,ברוקולי,,,ברוקולי,Unknown,0.00,Unknown,false,1,14.90,14.90,true,1,
5942,false,"תפו""ע קריספי",,,"תפו""ע קריספי",Unknown,0.00,"ק""ג",true,0,21.90,21.90,true,1,
34567,false,מסיכה KN95 יח,,,מסיכה KN95 יח,Unknown,0.00,Unknown,false,1,16.90,16.90,true,1,
46020,false,גבינה צהובה גלבוע 22% במשקל תנובה,,,גבינה צהובה גלבוע-במ,Unknown,0.00,"ק""ג",true,0,42.58,42.58,true,1,
47027,false,קולאז קצקבל גלעד במשקל,,,קולאז קצקבל גלעד,קילוגרמים,0.00,"ק""ג",true,0,152.00,152.00,true,1,
47034,false,קולאז רוקפור גליל במשקל-חריץ,,,קולאז רוקפור גליל,קילוגרמים,0.00,"ק""ג",true,0,130.00,130.00,true,1,
47485,false,בולגרית פיראוס 24% במשקל,,,בולגרית פיראוס 24% ב,Unknown,0.00,"ק""ג",true,0,62.00,62.00,true,1,
53219,false,גבינה חריץ טל העמק 32% במשקל,,,גבינה טל העמק 32%,Unknown,0.00,"ק""ג",true,0,67.00,67.00,true,1,
90010,false,מסכה *10 ללא החזרה KN95,,,ללא החזרה KN95 מסכות,Unknown,0.00,Unknown,false,1,129.90,129.90,true,1,
304050,false,מסיכה כירורגית 1 יחידה,,,מסיכה כירורגית 1 יחי,Unknown,0.00,Unknown,false,1,0.50,0.50,true,1,
342776,false,שקית נייר,,,שקית נייר,Unknown,0.00,Unknown,false,1,1.00,1.00,true,1,
363462,false,סלמי מעושן איטלקי טירת צבי במשקל,,,סלמי מעושן איטלקי,Unknown,0.00,"ק""ג",true,0,82.00,82.00,true,1,
363486,false,נקניק תה טירת צבי במשקל,,,נקניק תה טירת צבי,Unknown,0.00,"ק""ג",true,0,60.00,60.00,true,1,
365954,false,פסטרמה גחליםטירת צבי,,,פסטרמה גחלים,Unknown,0.00,"ק""ג",true,0,93.00,93.00,true,1,
369341,false,לבנה אבו גוש ירוק במשקל,,,לבנה אבו גוש ירוק במ,Unknown,0.00,"ק""ג",true,0,59.00,59.00,true,1,
554754,false,מוצרלה במים קטן במשקל,,,מוצרלה קטן במשקל,Unknown,0.00,"ק""ג",true,0,96.00,96.00,true,1,
554792,false,בולגרית מעודנת 5% במשקל,,,בולגרית מעודנת 5%,Unknown,0.00,"ק""ג",true,0,64.00,64.00,true,1,
554815,false,מוצרלה טבעית במשקל,,,מוצרלה טבעית במשקל,Unknown,0.00,"ק""ג",true,0,88.00,88.00,true,1,
554969,false,גבינת שמנת 30% טבעי,,,גבינת שמנת 30% טבעי,Unknown,0.00,"ק""ג",true,0,52.00,52.00,true,1,
644783,false,פילה סלמון קפוא מנות תנובה,,,פילה סלמון קפוא מנות,Unknown,0.00,"ק""ג",true,0,99.90,99.90,true,1,
659312,false,פילה סלמון קפוא קטן תנובה,,,פילה סלמון קפוא,Unknown,0.00,"ק""ג",true,0,92.90,92.90,true,1,
1258590,false,מנצגו צאן במשקל משק יעקבס,,,מנצגו צאן במשקל משק,Unknown,0.00,"ק""ג",true,0,165.00,165.00,true,1,
1258989,false,קממברט בקר בייבי במשקל,,,קממבר בקר בייבי,Unknown,0.00,"ק""ג",true,0,133.00,133.00,true,1,
1356111,false,הרינג כספי במשקל,,,הרינג כספי במשקל,Unknown,0.00,"ק""ג",true,0,33.00,33.00,true,1,
1356227,false,מקרל מעושן L במשקל,,,מקרל מעושן L במשקל,Unknown,0.00,"ק""ג",true,0,96.00,96.00,true,1,
1356234,false,מקרל מעושן בוואקום,,,מקרל מעושן בוואקום,Unknown,0.00,"ק""ג",true,0,97.00,97.00,true,1,
1356289,false,פילה הרינג מעושן במשקל,,,פילה הרינג מעושן במש,Unknown,0.00,"ק""ג",true,0,69.00,69.00,true,1,
1356418,false,פילה הרינג במשקל,,,פילה הרינג במשקל,Unknown,0.00,"ק""ג",true,0,61.00,61.00,true,1,
1356425,false,פילה מטיאס במשקל,,,פילה מטיאס במשקל,Unknown,0.00,"ק""ג",true,0,64.00,64.00,true,1,
1356470,false,מקרל פרוס בשמן,,,מקרל פרוס בשמן,Unknown,0.00,"ק""ג",true,0,134.00,134.00,true,1,
1356630,false,פילה הרינג כבוש במשקל,,,פילה הרינג כבוש במש,Unknown,0.00,"ק""ג",true,0,64.00,64.00,true,1,
1401163,false,פריזר דוקטורסקייה מיני,,,פריזר דוקטורסקייה,Unknown,0.00,"ק""ג",true,0,62.00,62.00,true,1,
1406113,false,פריזר פרלמנט במשקל,,,פריזר פרלמנט במשקל,Unknown,0.00,"ק""ג",true,0,99.00,99.00,true,1,
1412121,false,עוף מעושן,,,עוף מעושן,Unknown,0.00,"ק""ג",true,0,62.00,62.00,true,1,
1418475,false,פריזר אליטנאיה במשקל,,,פריזר אליטנאיה במשקל,Unknown,0.00,"ק""ג",true,0,95.00,95.00,true,1,
1418789,false,פריזר אליטנאיה קטן במשקל,,,פריזר אליטנאיה קטן,Unknown,0.00,"ק""ג",true,0,95.00,95.00,true,1,
1455418,false,סטייק טונה קפוא במשקל,,,סטייק טונה קפוא במשק,Unknown,0.00,"ק""ג",true,0,39.90,39.90,true,1,
1532317,false,מקרל בשמן במשקל,,,מקרל בשמן במשקל,Unknown,0.00,"ק""ג",true,0,105.00,105.00,true,1,
2073932,false,פסטרמה רוסט ריב עגל,,,פסטרמה רוסט ריב עגל,Unknown,0.00,"ק""ג",true,0,119.00,119.00,true,1,
2220675,false,גרנה פדנו איטלקית במשקל,,,גרנה פדנו איטלקית,Unknown,0.00,"ק""ג",true,0,145.00,145.00,true,1,
2345879,false,פרמזנו רגאנו במשקל,,IT,פרמזנו רגאנו במשקל,Unknown,0.00,"ק""ג",true,0,178.00,178.00,true,1,
2385455,false,בולגרית מעודנת 24% גד במשקל,,,בולגרית מעודנת 24% ג,Unknown,0.00,"ק""ג",true,0,74.00,74.00,true,1,
2400554,false,טיבון טלה סקין פריים,,IL,טיבון טלה סקין פריים,Unknown,0.00,"ק""ג",true,0,144.90,144.90,true,1,
2511212,false,גבינה עירקית במשקל,,,גבינה עירקית במשקל,Unknown,0.00,"ק""ג",true,0,108.00,108.00,true,1,
2511236,false,גבינה בולגרית מעודנת 5% במשקל,,,גבינה בולגרית מעודנת,גרמים,0.00,"ק""ג",true,0,44.00,44.00,true,1,
2511427,false,אצבעות שוקלד וניל במשקל,,,אצבעות שוקלד וניל במ,Unknown,0.00,"ק""ג",true,0,70.00,70.00,true,1,
2616474,false,סלמון טראוט מעושן,,,סלמון טראוט מעושן,Unknown,0.00,"ק""ג",true,0,198.00,198.00,true,1,
2617471,false,גבינת צדר אנגלית מיושנת במשקל,,,גבינת צדר אנגלית,Unknown,0.00,"ק""ג",true,0,131.00,131.00,true,1,
2617495,false,גבינת צדר אנגלית עם וויסקי במשקל,,,גבינת צדר אנגלית,Unknown,0.00,"ק""ג",true,0,168.00,168.00,true,1,
2617501,false,גבינת צדר עם חמוציות במשקל,,,גבינת צדר עם חמוציות,Unknown,0.00,"ק""ג",true,0,174.00,174.00,true,1,
2617525,false,צוריסוס טלה קפוא,,,צוריסוס טלה קפוא,Unknown,0.00,"ק""ג",true,0,69.90,69.90,true,1,
2749561,false,נקניקיות בוואריה מזרע,,,נקניקיות בוואריה,Unknown,0.00,"ק""ג",true,0,82.00,82.00,true,1,
2749899,false,פילה לבן טרי,,,פילה לבן טרי,Unknown,0.00,"ק""ג",true,0,84.90,84.90,true,1,
2812530,false,גאודה הולנדי עשבי תיבול במשקל,,,גאודה עשבי תיבול,Unknown,0.00,"ק""ג",true,0,107.00,107.00,true,1,
2830245,false,פילה לברק קפוא נטו,,,פילה לברק קפוא,Unknown,0.00,"ק""ג",true,0,59.90,59.90,true,1,
3006120,false,טאפס שכונתי במשקל,,,טאפס שכונתי במשקל,Unknown,0.00,"ק""ג",true,0,184.00,184.00,true,1,
3345724,false,שוקיים עוף בלי עור,,,שוקיים עוף בלי עור,Unknown,0.00,"ק""ג",true,0,34.90,34.90,true,1,
3345731,false,כרעיים ללא עור ושומן,,,כרעיים ללא עור ושומן,Unknown,0.00,"ק""ג",true,0,29.90,29.90,true,1,
3464562,false,סטייק סינטה עגל טרי,,,סטייק סינטה עגל,Unknown,0.00,"ק""ג",true,0,109.90,109.90,true,1,
3571550,false,פילה טונה אלבקור קפוא,,VN,סטייק טונה אלבקור קפ,Unknown,0.00,"ק""ג",true,0,52.90,52.90,true,1,
3782147,false,מקרל בשמן במשקל,,,מקרל בשמן במשקל,Unknown,0.00,"ק""ג",true,0,150.50,150.50,true,1,
3800001,false,כנפיים טרי לוקס,,,כנפיים טרי לוקס,Unknown,0.00,"ק""ג",true,0,21.90,21.90,true,1,
3800513,false,פילה עוף טרי,,,פילה עוף טרי,Unknown,0.00,"ק""ג",true,0,41.90,41.90,true,1,
4050191,false,נקניק סלמי הונגרי,,,נקניק סלמי הונגרי,Unknown,0.00,"ק""ג",true,0,180.00,180.00,true,1,
4050283,false,פפרוני עגל במשקל,,,פפרוני עגל במשקל,Unknown,0.00,"ק""ג",true,0,175.00,175.00,true,1,
4050368,false,סלמי קופצסקי סרוולט,,,סלמי קופצסקי סרוולט,Unknown,0.00,"ק""ג",true,0,115.00,115.00,true,1,
4050382,false,סלמי ספרטק,,,סלמי ספרטק,Unknown,0.00,"ק""ג",true,0,159.00,159.00,true,1,
4050429,false,קבנוס אוחוטניצי קולבסי,,,קבנוס אוחוטניצי קולב,Unknown,0.00,"ק""ג",true,0,130.00,130.00,true,1,
4050443,false,בייקון במשקל,,,בייקון במשקל,Unknown,0.00,"ק""ג",true,0,210.00,210.00,true,1,
4050597,false,פרושוטו,,,פרושוטו,Unknown,0.00,"ק""ג",true,0,320.00,320.00,true,1,
4050801,false,לשון בקר איטלקי,,,לשון בקר איטלקי,Unknown,0.00,"ק""ג",true,0,140.00,140.00,true,1,
4050894,false,נקניק סלמי כפרי,,,נקניק סלמי כפרי,Unknown,0.00,"ק""ג",true,0,182.00,182.00,true,1,
4051013,false,בלוק פטה כבד עוף,,,בלוק פטה כבד עוף,Unknown,0.00,"ק""ג",true,0,90.00,90.00,true,1,
4051082,false,קורנביף במשקל,,,קורנביף במשקל,Unknown,0.00,"ק""ג",true,0,125.00,125.00,true,1,
4051174,false,סרוולט אוסטרי במשקל,,,סרוולט אוסטרי,Unknown,0.00,"ק""ג",true,0,180.00,180.00,true,1,
4051204,false,פסטרמה הודו עם אווז,,,פסטרמה הודו עם אווז,Unknown,0.00,"ק""ג",true,0,140.00,140.00,true,1,
4051402,false,צוואר מעושן במשקל,,,צוואר מעושן במשקל,Unknown,0.00,"ק""ג",true,0,180.00,180.00,true,1,
4051464,false,נקניק סלמי מילאנו,,,נקניק סלמי מילאנו,Unknown,0.00,"ק""ג",true,0,160.00,160.00,true,1,
4051495,false,בוזנינה כפרית במשקל,,,בוזנינה כפרית במשקל,Unknown,0.00,"ק""ג",true,0,180.00,180.00,true,1,
4051563,false,נקניק סלמי צרפתי,,,נקניק סלמי צרפתי,Unknown,0.00,"ק""ג",true,0,180.00,180.00,true,1,
4051600,false,נקניק פיין סלמי,,,נקניק פיין סלמי,Unknown,0.00,"ק""ג",true,0,110.00,110.00,true,1,
4051617,false,נקניק סלמי רוונה במשקל,,,נקניק סלמי רוונה,Unknown,0.00,"ק""ג",true,0,105.00,105.00,true,1,
4051785,false,מורטדלה איטלקית,,,מורטדלה איטלקית,Unknown,0.00,"ק""ג",true,0,75.00,75.00,true,1,
4052065,false,גרודינקה בייקון,,,גרודינקה בייקון,Unknown,0.00,"ק""ג",true,0,230.00,230.00,true,1,
4052096,false,סלה הונגרי-מזרע,,,סלה הונגרי,Unknown,0.00,"ק""ג",true,0,105.00,105.00,true,1,
4052102,false,עוף מעושן בטעם רוסי במשקל,,,עוף מעושן בטעם רוסי,Unknown,0.00,"ק""ג",true,0,80.00,80.00,true,1,
4052119,false,חטיפי קבנוס רו,,,חטיפי קבנוס רו,Unknown,0.00,"ק""ג",true,0,185.00,185.00,true,1,
4052188,false,חזה הודו מעושן בגריל במשקל,,,חזה הודו מעושן בגריל,Unknown,0.00,"ק""ג",true,0,85.00,85.00,true,1,
4052386,false,פסטרמה אסאדו לבן במשקל,,,פסטרמה אסאדו לבן במש,Unknown,0.00,"ק""ג",true,0,150.00,150.00,true,1,
4052423,false,ברזאולה,,,ברזאולה,Unknown,0.00,"ק""ג",true,0,300.00,300.00,true,1,
4052577,false,שווארמה הודו צועני במשקל,,,שווארמה הודו צועני,Unknown,0.00,"ק""ג",true,0,130.00,130.00,true,1,
4052652,false,רו בייקון במשקל,,,רו בייקון במשקל,Unknown,0.00,"ק""ג",true,0,270.00,270.00,true,1,
4052676,false,נקניקיות פרגית במשקל מזרע,,,נקניקיות פרגית במשקל,Unknown,0.00,"ק""ג",true,0,38.00,38.00,true,1,
4052751,false,נקניקיות נטורל,,,בייבי בק ריבס לבן טר,Unknown,0.00,"ק""ג",true,0,109.90,109.90,true,1,
4052775,false,נקניקיות 100 פרנקפורטר,,,נקניקיות 100 פרנקפור,Unknown,0.00,"ק""ג",true,0,70.00,70.00,true,1,
4052799,false,פסטרמה לבנה,,,פסטרמה לבנה,Unknown,0.00,"ק""ג",true,0,125.00,125.00,true,1,
4052966,false,נקניק תה רחב במשקל,,,נקניק תה במשקל,Unknown,0.00,"ק""ג",true,0,70.00,70.00,true,1,
4052973,false,רוסטביף ללא חומר משמר במשקל,,,רוסטביף,Unknown,0.00,"ק""ג",true,0,205.00,205.00,true,1,
4053000,false,נקניק רו סרוולט,,,נקניק רו סרוולט,Unknown,0.00,"ק""ג",true,0,175.00,175.00,true,1,
4053017,false,נקניק סלמי הרץ מזרע,,,נקניק סלמי הרץ מזרע,Unknown,0.00,"ק""ג",true,0,160.00,160.00,true,1,
4053024,false,נקניק פפרוני,,,נקניק פפרוני,Unknown,0.00,"ק""ג",true,0,175.00,175.00,true,1,
4053161,false,נקניק רוסקי סרוולט,,,נקניק רוסקי סרוולט,Unknown,0.00,"ק""ג",true,0,175.00,175.00,true,1,
4053215,false,פסטרמה על האש,,,פסטרמה על האש,Unknown,0.00,"ק""ג",true,0,145.00,145.00,true,1,
4053246,false,בסטרומה ארמנית דל שומןמזרע,,,"בסטרומה ארמנית ד""ש",Unknown,0.00,"ק""ג",true,0,220.00,220.00,true,1,
4053710,false,פסטרמה חזה הודו מקסיקני,,,פסטרמה חזה הודו,Unknown,0.00,"ק""ג",true,0,85.00,85.00,true,1,
4054021,false,שינקן פולני פולני חצי במשקל,,,שינקן פולני במשקל,Unknown,0.00,"ק""ג",true,0,125.00,125.00,true,1,
4054038,false,שינקן צועני במשקל,,,שינקן צועני במשקל,Unknown,0.00,"ק""ג",true,0,125.00,125.00,true,1,
4054366,false,סלמי מוסקובסקי סרוולט,,,מוסקובסקי סרוולד,Unknown,0.00,"ק""ג",true,0,170.00,170.00,true,1,
4054397,false,פרושוטו רוסי,,,פרושוטו רוסי,Unknown,0.00,"ק""ג",true,0,225.00,225.00,true,1,
4054427,false,שוק חזירון בלי עצם,,,פסטרמה שוק חזירון,Unknown,0.00,"ק""ג",true,0,115.00,115.00,true,1,
4054502,false,לשון עגל קרושה,,,לשון עגל קרושה,Unknown,0.00,"ק""ג",true,0,95.00,95.00,true,1,
4055103,false,נקניקיות עגל במשקל,,,נקניקיות עגל במשקל,Unknown,0.00,"ק""ג",true,0,55.00,55.00,true,1,
4055233,false,נקניק פודקובה,,,נקניק פודקובה,Unknown,0.00,"ק""ג",true,0,80.00,80.00,true,1,
4055479,false,פסטרמה בקר בפלפל,,,פסטרמה בקר בפלפל,Unknown,0.00,"ק""ג",true,0,130.00,130.00,true,1,
4055608,false,פריזר איטלקי,,,פריזר איטלקי,Unknown,0.00,"ק""ג",true,0,65.00,65.00,true,1,
4055769,false,נקניק לוביטליסקיה,,,נקניק לוביטליסקיה,Unknown,0.00,"ק""ג",true,0,110.00,110.00,true,1,
4055813,false,נקניק טורו מבשר בקר,,,נקניק טורו מבשר בקר,Unknown,0.00,"ק""ג",true,0,140.00,140.00,true,1,
4055943,false,לקס עגל,,,לקס עגל,Unknown,0.00,"ק""ג",true,0,230.00,230.00,true,1,
4068400,false,קאשקבל במשקל,,,קאשקבל במשקל,Unknown,0.00,"ק""ג",true,0,149.00,149.00,true,1,
4135324,false,בולגרית פיראוס מעודנת 5% במשקל,,,בולגרית פיראוס מעודנ,Unknown,0.00,"ק""ג",true,0,52.00,52.00,true,1,
4234256,false,ברווז קפוא,,,ברווז קפוא,Unknown,0.00,"ק""ג",true,0,53.00,53.00,true,1,
4412036,false,פלפל שושקה,,,פלפל שושקה,Unknown,0.00,"ק""ג",true,0,19.90,19.90,true,1,
4412135,false,לוף,,,לוף,Unknown,0.00,"ק""ג",true,0,19.90,19.90,true,1,
4412142,false,"תפו""ע גאלה",,,תפוע גאלה,Unknown,0.00,"ק""ג",true,0,14.90,14.90,true,1,
4412166,false,אשכולית אדומה,,,אשכולית אדומה,Unknown,0.00,"ק""ג",true,0,8.90,8.90,true,1,
4412173,false,"תפו""ע ענה",,,תפוע ענה,Unknown,0.00,"ק""ג",true,0,15.90,15.90,true,1,
4412227,false,"תפו""א אדום",,,תפוא אדום,Unknown,0.00,"ק""ג",true,0,7.90,7.90,true,1,
4412272,false,שזיף שגיב מאורך,,,שזיף שגיב מאורך,Unknown,0.00,"ק""ג",true,0,26.90,26.90,true,1,
4412319,false,בטטה,,,בטטה,Unknown,0.00,"ק""ג",true,0,10.90,10.90,true,1,
4412340,false,קלמנטינה,,,קלמנטינה,Unknown,0.00,"ק""ג",true,0,9.90,9.90,true,1,
4412357,false,רימון,,,רימון,Unknown,0.00,"ק""ג",true,0,11.90,11.90,true,1,
4412371,false,תמר מגהול,,,תמר מגהול,Unknown,0.00,Unknown,false,0,32.90,32.90,true,1,
4412388,false,שומר,,,שומר,Unknown,0.00,"ק""ג",true,0,9.90,9.90,true,1,
4412395,false,תפוז ברשת,,,תפוז ברשת,Unknown,0.00,"ק""ג",true,0,9.90,9.90,true,1,
4412418,false,קיווי,,,קיווי,Unknown,0.00,"ק""ג",true,0,19.90,19.90,true,1,
4412432,false,תפוזים,,,תפוזים,Unknown,0.00,"ק""ג",true,0,9.90,9.90,true,1,
4412449,false,"תפו""ע יהונתן",,,תפוע יהונתן,Unknown,0.00,"ק""ג",true,0,15.90,15.90,true,1,
4412456,false,"תפו""ע חרמון",,,תפוע חרמון,Unknown,0.00,"ק""ג",true,0,13.90,13.90,true,1,
4412463,false,"תפו""ע מוזהב",,,תפוע מוזהב,Unknown,0.00,"ק""ג",true,0,14.90,14.90,true,1,
4412470,false,"תפו""ע סמיט",,,תפוע סמיט,Unknown,0.00,"ק""ג",true,0,13.90,13.90,true,1,
4412487,false,שזיף אדום,,,שזיף אדום,Unknown,0.00,"ק""ג",true,0,19.90,19.90,true,1,
4412500,false,בצל אדום,,,בצל אדום,Unknown,0.00,"ק""ג",true,0,8.90,8.90,true,1,
4412524,false,פומלית,,,פומלית,Unknown,0.00,"ק""ג",true,0,9.90,9.90,true,1,
4412531,false,ענבים ירוקים,,,ענבים ירוקים,Unknown,0.00,"ק""ג",true,0,29.90,29.90,true,1,
4412548,false,ענבים שחורים,,,ענבים שחורים,Unknown,0.00,"ק""ג",true,0,29.90,29.90,true,1,
4412555,false,נקטרינה,,,נקטרינה,Unknown,0.00,"ק""ג",true,0,17.90,17.90,true,1,
4412579,false,מנגו,,,מנגו,Unknown,0.00,"ק""ג",true,0,17.90,17.90,true,1,
4412586,false,לימון,,,לימון,Unknown,0.00,"ק""ג",true,0,9.90,9.90,true,1,
4412616,false,בננות,,,בננות,Unknown,0.00,"ק""ג",true,0,11.90,11.90,true,1,
4412623,false,אגסים,,,אגסים,Unknown,0.00,"ק""ג",true,0,14.90,14.90,true,1,
4412630,false,אשכוליות,,,אשכוליות,Unknown,0.00,"ק""ג",true,0,8.90,8.90,true,1,
4412647,false,אבוקדו,,,אבוקדו,Unknown,0.00,"ק""ג",true,0,17.90,17.90,true,1,
4412654,false,אפרסמון,,,אפרסמון,Unknown,0.00,"ק""ג",true,0,19.90,19.90,true,1,
4412678,false,"תפו""א לבן",,,תפוא לבן,Unknown,0.00,"ק""ג",true,0,8.90,8.90,true,1,
4412685,false,פומלה,,,פומלה,Unknown,0.00,"ק""ג",true,0,12.90,12.90,true,1,
4412708,false,קולרבי,,,קולורבי,Unknown,0.00,"ק""ג",true,0,10.90,10.90,true,1,
4412715,false,קשואים,,,קישואים,Unknown,0.00,"ק""ג",true,0,9.90,9.90,true,1,
4412722,false,פרסה,,,פרסה,Unknown,0.00,"ק""ג",true,0,19.90,19.90,true,1,
4412746,false,פלפל חריף,,,פלפל חריף,Unknown,0.00,"ק""ג",true,0,8.90,8.90,true,1,
4412760,false,פלפל ירוק,,,פלפל ירוק,Unknown,0.00,"ק""ג",true,0,12.90,12.90,true,1,
4412777,false,פלפל צהוב,,,פלפל צהוב,Unknown,0.00,"ק""ג",true,0,12.90,12.90,true,1,
4412784,false,עגבניות,,,עגבניות,Unknown,0.00,"ק""ג",true,0,10.90,10.90,true,1,
4412791,false,סלק,,,סלק,Unknown,0.00,"ק""ג",true,0,5.90,5.90,true,1,
4412814,false,מלפפונים,,,מלפפונים,Unknown,0.00,"ק""ג",true,0,7.90,7.90,true,1,
4412821,false,לפת,,,לפת,Unknown,0.00,"ק""ג",true,0,5.10,5.10,true,1,
4412838,false,כרובית,,,כרובית,Unknown,0.00,"ק""ג",true,0,13.90,13.90,true,1,
4412845,false,כרוב אדום,,,כרוב אדום,Unknown,0.00,"ק""ג",true,0,6.90,6.90,true,1,
4412852,false,כרוב לבן,,,כרוב לבן,Unknown,0.00,"ק""ג",true,0,5.90,5.90,true,1,
4412869,false,חצילים,,,חצילים,Unknown,0.00,"ק""ג",true,0,8.90,8.90,true,1,
4412876,false,דלעת,,,דלעת,Unknown,0.00,"ק""ג",true,0,8.90,8.90,true,1,
4412883,false,גזר,,,גזר,Unknown,0.00,"ק""ג",true,0,6.90,6.90,true,1,
4412913,false,דלורית,,,דלורית,Unknown,0.00,"ק""ג",true,0,14.10,14.10,true,1,
4412920,false,מלפפון ארוז,,,מלפפון בייבי ארוז,Unknown,0.00,Unknown,false,0,12.90,12.90,true,1,
4412975,false,קלמנטינה ברשת,,,קלמנטינה ברשת,Unknown,0.00,"ק""ג",true,0,2.50,2.50,true,1,
4467180,false,שניצל עוף דק דק שירות עצמי,,,שניצל עוף דק דק,Unknown,0.00,"ק""ג",true,0,49.90,49.90,true,1,
4530044,false,אמנטל צרפתי במשקל,,,אמנטל צרפתי במשקל,Unknown,0.00,"ק""ג",true,0,120.00,120.00,true,1,
4535209,false,סטייק צוואר פרוס טרי,,,סטייק צוואר פרוס טרי,Unknown,0.00,"ק""ג",true,0,94.90,94.90,true,1,
4535490,false,סטייק צלע לבן פרוס טרי,,,סטייק צלע לבן פרוס ט,Unknown,0.00,"ק""ג",true,0,86.90,86.90,true,1,
4725600,false,גבינה צהובה סקנדינבית 31% במשקל,,,גבינה צהובה סקנדינבי,Unknown,0.00,"ק""ג",true,0,78.00,78.00,true,1,
4861025,false,גבינה בולגרית 5%,,,גבינה בולגרית 5%,Unknown,0.00,"ק""ג",true,0,52.00,52.00,true,1,
4861070,false,צפתית קשה 5%,,,צפתית קשה 24%,Unknown,0.00,"ק""ג",true,0,105.00,105.00,true,1,
4861261,false,טבורוג בטעמים 9%,,,טבורוג בטעמים 9%,Unknown,0.00,"ק""ג",true,0,42.00,42.00,true,1,
4861285,false,טבורוג טבעי 9%,,,טבורוג טבעי 9%,Unknown,0.00,"ק""ג",true,0,42.00,42.00,true,1,
4982393,false,ברס בלו במשקל,,,ברס בלו במשקל,Unknown,0.00,"ק""ג",true,0,199.00,199.00,true,1,
5079412,false,גבינה אמנטל נעם במשקל,,,גבינה אמנטל נעם במשק,Unknown,0.00,"ק""ג",true,0,72.00,72.00,true,1,
5678189,false,ענבים מיקס,,,ענבים מיקס,Unknown,0.00,"ק""ג",true,0,41.90,41.90,true,1,
5678400,false,ענבים ראד גלוב חרצנים,,,ענבים ראד גלוב חרצני,Unknown,0.00,"ק""ג",true,0,41.90,41.90,true,1,
5697203,false,קממבר כמהין במשקל,,,קממבר כמהין במשקל,Unknown,0.00,"ק""ג",true,0,216.00,216.00,true,1,
5697210,false,גבינת סנט מור במשקל גלילי,,,גבינת סנט מור במשקל,Unknown,0.00,"ק""ג",true,0,205.00,205.00,true,1,
5697227,false,גבינה בושה עיזים שקיל הגלילי,,,גבינה בושה עיזים,Unknown,0.00,"ק""ג",true,0,195.00,195.00,true,1,
5697289,false,תום מורבייה עיזים מנות שקיל,,,תום מורבייה עיזים,Unknown,0.00,"ק""ג",true,0,221.00,221.00,true,1,
5697296,false,תום עיזים בורדו מנות שקיל,,,תום עיזים בורדו מנות,Unknown,0.00,"ק""ג",true,0,249.00,249.00,true,1,
5697340,false,ברי עיזים מנות שקיל,,,ברי עיזים מנות שקיל,Unknown,0.00,"ק""ג",true,0,198.00,198.00,true,1,
5697357,false,ולנסי עיזים מנות שקיל,,,ולנסי עיזים מנות שקי,Unknown,0.00,"ק""ג",true,0,221.00,221.00,true,1,
5697364,false,פרובנס עיזים מנות שקיל,,,פרובנס עיזים מנות,Unknown,0.00,"ק""ג",true,0,221.00,221.00,true,1,
5697371,false,קממבר כמהין מנות שקיל גלילי,,,קממבר כמהין גלילי,Unknown,0.00,"ק""ג",true,0,221.00,221.00,true,1,
5697388,false,קממבר גלילי מנות שקיל,,,קממבר גלילי מנות שקי,Unknown,0.00,"ק""ג",true,0,155.00,155.00,true,1,
5697494,false,גבינה תום כמהין,,,גבינה תום כמהין גליל,Unknown,0.00,"ק""ג",true,0,243.90,243.90,true,1,
5992858,false,פטה 5% מעודנת במשקל,,,פטה 5% מעודנת במשקל,Unknown,0.00,"ק""ג",true,0,134.00,134.00,true,1,
5992889,false,גבינת שמנת 30% שמיר,,,גבינת שמנת 30% שמיר,קילוגרמים,0.00,"ק""ג",true,0,52.00,52.00,true,1,
5992957,false,גבינת פטה עיזים 20% במשקל,,,גבינת פטה עיזים 20%,קילוגרמים,0.00,"ק""ג",true,0,145.00,145.00,true,1,
6187253,false,סלמי סוגוק,,,סלמי סוגוק,Unknown,0.00,"ק""ג",true,0,155.00,155.00,true,1,
6187260,false,סינטה לבן טרי מפורק,,,סינטה לבנה מפורקת,Unknown,0.00,"ק""ג",true,0,79.90,79.90,true,1,
6187390,false,רגל לבן טרי,,,רגל לבן טרי,Unknown,0.00,"ק""ג",true,0,8.90,8.90,true,1,
6188663,false,חזה הודו ברביקיו דל שומן מזרע,,,חזה הודו דל שומן,Unknown,0.00,"ק""ג",true,0,85.00,85.00,true,1,
6188717,false,חזה הודו רומני דל שומן מזרע,,,חזה הודו רומני דל.ש,Unknown,0.00,"ק""ג",true,0,90.00,90.00,true,1,
6191915,false,גבינה מגורדת,,,גבינה מגורדת,Unknown,0.00,"ק""ג",true,0,57.00,57.00,true,1,
6194190,false,קצוות נקניק,,,קצוות נקניק,Unknown,0.00,"ק""ג",true,0,32.90,32.90,true,1,
6219459,false,נקניק גרמני מניה,,,נקניק גרמני,Unknown,0.00,"ק""ג",true,0,120.00,120.00,true,1,
6519511,false,פריזר עוף מזרע,,,פריזר עוף,Unknown,0.00,"ק""ג",true,0,36.00,36.00,true,1,
6520340,false,שיפודי פרגיות טרי,,,שיפודי פרגיות טרי,Unknown,0.00,"ק""ג",true,0,69.90,69.90,true,1,
6520388,false,שניצל חזה עוף פרוס טרי,,,שניצל חזה עוף פרוס,Unknown,0.00,"ק""ג",true,0,41.90,41.90,true,1,
6520395,false,בשר עוף טרי טחון,,,בשר עוף טרי טחון,Unknown,0.00,"ק""ג",true,0,37.90,37.90,true,1,
6520463,false,עוף מחולק- טרי,,,עוף מחולק טרי,Unknown,0.00,"ק""ג",true,0,19.90,19.90,true,1,
6625465,false,גבינת לנדנה עיזים יין שקיל,,,גבינת לנדנה עיזים,Unknown,0.00,"ק""ג",true,0,218.00,218.00,true,1,
6831828,false,שניצל עגל טרי,,,שניצל עגל טרי,Unknown,0.00,"ק""ג",true,0,99.90,99.90,true,1,
6835147,false,פסטרמה לבנה רוסית בשום מזרע,,,פסטרמה לבנה רוסית,Unknown,0.00,"ק""ג",true,0,120.00,120.00,true,1,
6836427,false,גבינת היער השחור,,,גבינת היער השחור,Unknown,0.00,"ק""ג",true,0,210.00,210.00,true,1,
6836441,false,גבינת ברי תאנים במשקל,,,גבינת ברי תאנים,Unknown,0.00,"ק""ג",true,0,221.00,221.00,true,1,
6836489,false,גבינה לבנה חריפה במשקל,,,גבינה לבנה חריפה במש,Unknown,0.00,"ק""ג",true,0,80.00,80.00,true,1,
6836496,false,ברי אגוזים במשקל,,,ברי אגוזים במשקל,Unknown,0.00,"ק""ג",true,0,165.00,165.00,true,1,
6837509,false,גבינת דנאבלו דנמרק במשקל,,,גבינת דנאבלו דנמרק,Unknown,0.00,"ק""ג",true,0,131.00,131.00,true,1,
6843067,false,שיפודי אנטריקוט מופשר,,,שיפודי אנטריקוט מופש,Unknown,0.00,"ק""ג",true,0,99.90,99.90,true,1,
6843913,false,ירכיים עוף טרי,,,ירכיים עוף טרי,Unknown,0.00,"ק""ג",true,0,27.90,27.90,true,1,
6843944,false,עוף שלם טרי,,,עוף שלם טרי,Unknown,0.00,"ק""ג",true,0,17.90,17.90,true,1,
6843951,false,גרון/גב/עצמות עוף טרי,,,גרון/גב/עצמות עוף טר,Unknown,0.00,"ק""ג",true,0,6.90,6.90,true,1,
8379120,false,גבינת ריקוטה במשקל,,,גבינת ריקוטה במשקל,Unknown,0.00,"ק""ג",true,0,48.00,48.00,true,1,
8379854,false,גבינה גרוזינסקי במשקל,,,גבינה גרוזינסקי במשק,Unknown,0.00,"ק""ג",true,0,73.00,73.00,true,1,
8379946,false,כדורי מוצרלה במשקל,,,כדורי מוצרלה,Unknown,0.00,"ק""ג",true,0,77.00,77.00,true,1,
8379977,false,גבינת סולוגוני במשקל,,,גבינת סולוגוני במשקל,Unknown,0.00,"ק""ג",true,0,88.00,88.00,true,1,
8403085,false,טום עיזים דה מונטן ב,,,טום עיזים דה מונטן ב,Unknown,0.00,"ק""ג",true,0,265.00,265.00,true,1,
8403641,false,גבינה בימסטר רויאל במשקל,,,גבינה בימסטר רויאל ב,Unknown,0.00,"ק""ג",true,0,185.00,185.00,true,1,
8433426,false,פילה הייק קפוא,,,פילה הייק קפוא,Unknown,0.00,"ק""ג",true,0,55.90,55.90,true,1,
8433853,false,כתף בקר מעושן מזרע,,,כתף בקר מעושנת מזרע,Unknown,0.00,"ק""ג",true,0,135.00,135.00,true,1,
8434638,false,פרגיות עוף שווארמה טרי,,IL,פרגית קצרה/ שווארמה,Unknown,0.00,"ק""ג",true,0,62.90,62.90,true,1,
8434683,false,צדר אדום גרמני במשקל,,,צדר אדום גרמני במשקל,Unknown,0.00,"ק""ג",true,0,90.00,90.00,true,1,
8434799,false,צדר לבן גרמני במשקל,,,צדר לבן גרמני במשקל,Unknown,0.00,"ק""ג",true,0,100.00,100.00,true,1,
8437103,false,גבינת סנט מור פחם במשקל,,,גבינת סנט מור פחם במ,Unknown,0.00,"ק""ג",true,0,158.00,158.00,true,1,
8437288,false,גבינת הדר בסגנון קממבר במשקל,,,גבינת הדר בסגנון קממ,Unknown,0.00,"ק""ג",true,0,165.00,165.00,true,1,
8437462,false,גבינת ולנסי במשקל,,IL,גבינה קממבר כמהין במ,Unknown,0.00,"ק""ג",true,0,187.00,187.00,true,1,
8438445,false,גבינת סנט מור במשקל,,,גבינת סנט מור במשקל,Unknown,0.00,"ק""ג",true,0,158.00,158.00,true,1,
8438476,false,גבינת עובש לבן מחלב,,,גבינת עובש לבן מחלב,Unknown,0.00,"ק""ג",true,0,158.00,158.00,true,1,
8438544,false,גבינה ברי במשקל,,,גבינה בר בסגנון ברי,Unknown,0.00,"ק""ג",true,0,158.00,158.00,true,1,
8438667,false,פסטרמה כתף רומני מזרע,,,פסטרמה כתף רומני,Unknown,0.00,"ק""ג",true,0,125.00,125.00,true,1,
8439428,false,פסטרמה לבנה מעודנת רומנית מזרע,,,פסטרמה לבנה מעודנת,Unknown,0.00,"ק""ג",true,0,140.00,140.00,true,1,
8439510,false,פסטרמה הודו בדבש מזרע,,,פסטרמה הודו בדבש,Unknown,0.00,"ק""ג",true,0,75.00,75.00,true,1,
8439541,false,פסטרמה הודו על האש,,,פסטרמה הודו על האש,Unknown,0.00,"ק""ג",true,0,75.00,75.00,true,1,
8439589,false,פסטרמה הודו פרפר בשום,,,פסטרמה הודו פרפר בשו,Unknown,0.00,"ק""ג",true,0,75.00,75.00,true,1,
8439756,false,פסטרמה הודו פלפל מזרע,,,פסטרמה הודו פלפל,Unknown,0.00,"ק""ג",true,0,75.00,75.00,true,1,
8439787,false,פסטרמה לבנה רומנית מזרע,,,פסטרמה לבנה רומנית,Unknown,0.00,"ק""ג",true,0,125.00,125.00,true,1,
8440851,false,ספריבס לבן טרי,,,ספריבס לבן טרי,Unknown,0.00,"ק""ג",true,0,119.90,119.90,true,1,
8441032,false,גבינה קממבר חרמון צאן,,,גבינה קממבר חרמון,Unknown,0.00,"ק""ג",true,0,221.00,221.00,true,1,
8441056,false,זלץ מזרע,,,זלץ,Unknown,0.00,"ק""ג",true,0,85.00,85.00,true,1,
8442060,false,נקניק קבנוס מזרע,,,נקניק קבנוס מזרע,Unknown,0.00,"ק""ג",true,0,95.00,95.00,true,1,
8442374,false,סלמי פיין כפרית מזרע,,,סלמי פיין כפרית,Unknown,0.00,"ק""ג",true,0,100.00,100.00,true,1,
8442398,false,אסאדו עגל טרי רצועות,,,אסאדו עגל טרי רצועות,Unknown,0.00,"ק""ג",true,0,54.90,54.90,true,1,
8442466,false,גבינה ברי רגיל צאן,,,גבינה ברי רגיל צאן,Unknown,0.00,"ק""ג",true,0,221.00,221.00,true,1,
8442473,false,נקניק הרץ יבש מזרע,,,נקניק הרץ יבש,Unknown,0.00,"ק""ג",true,0,180.00,180.00,true,1,
8442480,false,גבינת סנט מור פחם,,,גבינת סנט מור פחם,Unknown,0.00,"ק""ג",true,0,221.00,221.00,true,1,
8442510,false,גבינת סנט מור כבשים רגיל,,,גבינת סנט מור כבשים,Unknown,0.00,"ק""ג",true,0,210.00,210.00,true,1,
8442527,false,גבינה ברי פחם צאן,,,גבינה ברי פחם צאן,Unknown,0.00,"ק""ג",true,0,221.00,221.00,true,1,
8442596,false,גבינה קממבר אגוזים צאן,,,גבינה קממבר אגוזים צ,Unknown,0.00,"ק""ג",true,0,221.00,221.00,true,1,
8442602,false,נקניק פיקולו יבש,,,נקניק פיקולו יבש,Unknown,0.00,"ק""ג",true,0,160.00,160.00,true,1,
8442657,false,גבינה ברי אגוזים צאן במשקל,,,גבינה ברי אגוזים צאן,Unknown,0.00,"ק""ג",true,0,221.00,221.00,true,1,
8442671,false,נקניק אגסי יבש מזרע,,,נקניק אגסי יבש,Unknown,0.00,"ק""ג",true,0,180.00,180.00,true,1,
8442688,false,נקניק כפרית יבש מזרע,,,נקניק כפרית יבש,Unknown,0.00,"ק""ג",true,0,170.00,170.00,true,1,
8442763,false,גבינת ברינזה צאן 16% במשקל,,,גבינת ברינזה צאן 16%,Unknown,0.00,"ק""ג",true,0,110.00,110.00,true,1,
8442770,false,גבינה צפתית צאן בטעמים 15%,,,גבינה צפתית צאן בטעמ,Unknown,0.00,"ק""ג",true,0,115.00,115.00,true,1,
8442831,false,שינקין מעודן מעושן דל שומן מזרע,,,שינקין מעודן מעושן,Unknown,0.00,"ק""ג",true,0,140.00,140.00,true,1,
8461047,false,גבינת ברי לה רוסטיק במשקל,,,גבינת ברי לה רוסטיק,Unknown,0.00,"ק""ג",true,0,178.00,178.00,true,1,
8498210,false,גבינת כבשים עם פטריות כמהין במשקל,,,גבינת כבשים עם פטריו,Unknown,0.00,"ק""ג",true,0,330.00,330.00,true,1,
8498685,false,גבינת גרוייר מיושנת במשקל,,CH,גבינת גרוייר מיושנת,Unknown,0.00,"ק""ג",true,0,231.00,231.00,true,1,
8498869,false,גבינת גאודה פסטו במשקל,,,גבינת גאודה פסטו במש,Unknown,0.00,"ק""ג",true,0,200.00,200.00,true,1,
8498913,false,גבינת לנדנה עיזים יין שקיל,,,גבינת לנדנה עיזים יי,Unknown,0.00,"ק""ג",true,0,210.00,210.00,true,1,
8498937,false,גבינה לנדנה במשקל,,,גבינה לנדנה במשקל,Unknown,0.00,"ק""ג",true,0,210.00,210.00,true,1,
8618007,false,פילה סלמון פרוס טרי סקין,,IL,פילה סלמון פרוס טרי,Unknown,0.00,"ק""ג",true,0,119.90,119.90,true,1,
8618021,false,פילה דניס טרי סקין,,IL,פילה דניס טרי,Unknown,0.00,"ק""ג",true,0,134.90,134.90,true,1,
8618038,false,פילה לברק טרי סקין,,IL,פילה לברק טרי,Unknown,0.00,"ק""ג",true,0,154.90,154.90,true,1,
8618045,false,פילה בס טרי,,,פילה בס טרי,Unknown,0.00,"ק""ג",true,0,109.90,109.90,true,1,
8618052,false,פילה בורי טרי,,,פילה בורי טרי,Unknown,0.00,"ק""ג",true,0,104.90,104.90,true,1,
8618069,false,פילה ברמונדי טרי,,,פילה ברמונדי טרי,Unknown,0.00,"ק""ג",true,0,124.90,124.90,true,1,
8618083,false,פילה אמנון טרי סקין,,IL,פילה אמנון טרי,Unknown,0.00,"ק""ג",true,0,84.90,84.90,true,1,
8713438,false,גאודה מיושנת גלגל במשקל D DAIRY,,,גאודה הולנדית מיושנת,Unknown,0.00,"ק""ג",true,0,129.00,129.00,true,1,
8713573,false,גאודה הולנדית חרדל במשקל,,,גאודה הולנדית חרדל,Unknown,0.00,"ק""ג",true,0,126.00,126.00,true,1,
8776066,false,סטייק סינטה עגל,,,סטייק סינטה עגל,Unknown,0.00,"ק""ג",true,0,114.90,114.90,true,1,
8776851,false,טיבון עגל טרי,,,טיבון עגל טרי,Unknown,0.00,"ק""ג",true,0,154.90,154.90,true,1,
8776875,false,סטייק ניו יורק,,,סטייק ניו יורק,Unknown,0.00,"ק""ג",true,0,119.90,119.90,true,1,
9441017,false,עגבניות שרי,,,עגבניות שרי,Unknown,0.00,"ק""ג",true,0,29.90,29.90,true,1,
9441024,false,עגבניות תמר,,,עגבניות שרי,Unknown,0.00,"ק""ג",true,0,29.90,29.90,true,1,
32147230,false,מיץ לימון משומר 200 מל,,,מיץ לימון משומר 200,מיליליטרים,200.00,"100 מ""ל",false,1,8.90,4.45,true,1,
40084077,false,שוקולד קינדר מקסי 21 גרם,,,שוקולד קינדר מקסי 21,גרמים,21.00,100 גרם,false,1,2.70,12.86,true,1,
40084107,false,קינדר ביצת הפתעה,,,קינדר ביצת הפתעה,Unknown,0.00,Unknown,false,1,6.90,6.90,true,1,
40111216,false,חטיף באונטי 57 גרם,,,חטיף באונטי 57 גרם,גרמים,57.00,100 גרם,false,1,4.60,8.07,true,1,
40111445,false,מ&מס פינאטס 45 גרם,,,מ&מס פינאטס 45 גרם,גרמים,45.00,100 גרם,false,1,5.50,12.22,true,1,
40111490,false,מ&מס שוקולד 45 גרם,,,מ&מס שוקולד 45 גרם,גרמים,45.00,100 גרם,false,1,5.50,12.22,true,1,
40144016,false,סוכריות חמאה וורטר אורגינל גליל בודד 50,,,סוכריות חמאה וורטר א,גרמים,50.00,100 גרם,false,1,5.70,11.40,true,1,
40144061,false,קנופרס חטיף וופל 25 גרם 24 יח,,DE,קנופרס חטיף וופל 25,גרמים,25.00,100 גרם,false,1,3.90,15.60,true,1,
40345512,false,-XXL סוכריות סמרטיז עדשים צבעוני 130 ג,,AT,-XXL סוכריות סמרטיז,גרמים,130.00,100 גרם,false,1,13.90,10.69,true,1,
40786179,false,בירה לוונבראו פחית 500 מל,,,בירה לוונבראו פחית 5,מיליליטרים,500.00,"100 מ""ל",false,1,12.90,2.58,true,1,
42061939,false,"בירה בקס בקבוק 500 מ""ל בקבוק",,,"בירה בקס 500 מ""ל",מיליליטרים,500.00,"100 מ""ל",false,1,10.90,2.18,true,1,
42101666,false,איירוייבז מנטה ואקליפטוס בקופסה 25 יח HP,,,איירוייבז מנטה ואקלי,Unknown,0.00,Unknown,false,1,7.90,7.90,true,1,
42138105,false,ווינסטון סופר סלימס כחול חפיסה,,,ווינסטון סופר סלימס,Unknown,0.00,Unknown,false,1,33.00,33.00,true,1,
42138129,false,ווינסטון סופר סלימס נטוראל חפיסה,,,ווינסטון סופר סלימס,Unknown,0.00,Unknown,false,1,33.00,33.00,true,1,
42149996,false,בירה בקס בקבוק 275 מל,,,בירה בקס בקבוק 275 מ,מיליליטרים,275.00,"100 מ""ל",false,1,6.50,2.36,true,1,
42182115,false,אורביט פייב ספירמינט 12 סטיקס 29 גר,,,אורביט פייב ספירמינט,Unknown,0.00,Unknown,false,1,7.50,7.50,true,1,
42188889,false,אורביט פייב אבטיח 12 סטיקס 29 גר,,,אורביט פייב אבטיח 12,Unknown,0.00,Unknown,false,1,7.50,7.50,true,1,
42306788,false,איירוייבז אוכמניות ומנטה בקופסה 25 יח HP,,,איירוייבז אוכמניות ו,Unknown,0.00,Unknown,false,1,7.90,7.90,true,1,
50312719,false,קדבורי חטיף טווירל 43 גרם,,,קדבורי חטיף טווירל 4,Unknown,0.00,Unknown,false,1,8.30,8.30,true,1,
54010628,false,לוטוס גו מקלות ביסקוויט וממרח 45 גרם,,BE,לוטוס גו מקלות ביסקו,גרמים,45.00,100 גרם,false,1,14.90,33.11,true,1,
54051140,false,אלפרו מעדן סויה בטעם וניל 125 גר * 4 יח,,,אלפרו מעדן סויה בטעם,מיליליטרים,500.00,"100 מ""ל",false,1,19.80,3.96,true,1,
54051157,false,אלפרו מעדן סויה בטעם שוקו 125 גר * 4 יח,,,אלפרו מעדן סויה בטעם,גרמים,500.00,100 גרם,false,1,19.80,3.96,true,1,
59039549,false,ווג פריזון מנטול חפיסה,,,ווג פריזון מנטול חפי,Unknown,0.00,Unknown,false,1,38.00,38.00,true,1,
59455233,false,ווג סופרסלימס כחול,,,ווג סופרסלימס כחול,יחידה,1.00,יחידה,false,1,38.00,38.00,true,1,
59455240,false,ווג סופרסלימס לילך חפיסה,,,ווג סופרסלימס לילך,יחידה,1.00,יחידה,false,1,38.00,38.00,true,1,
61908024,false,נתח פילה סלמון קפוא,,,נתח פילה סלמון קפוא,Unknown,0.00,"ק""ג",true,0,104.90,104.90,true,1,
72940754,false,מילקי וניל 130 גרם,,,מילקי וניל 130 גרם,גרמים,130.00,100 גרם,false,1,2.90,2.23,true,1,
72940761,false,מילקי שוקולד 130 גרם,,,מילקי שוקולד 130 גרם,גרמים,130.00,100 גרם,false,1,2.90,2.23,true,1,
72940952,false,מילקי פי 2 קצפת 104 גרם,,,מילקי פי 2 קצפת 104,גרמים,104.00,100 גרם,false,1,4.10,3.94,true,1,
72940983,false,חומוס אחלה 250 גרם,,,חומוס אחלה 250 גרם,גרמים,250.00,100 גרם,false,1,8.80,3.52,true,1,
72945308,false,שמרית קוביה 50 גרם,,,שמרית קוביה 50 גרם,גרמים,50.00,100 גרם,false,1,3.90,7.80,true,1,
72986370,false,"בן אנד גריס גלידת וניל 500 מ""ל",,,בן אנד גריס גלידת ונ,מיליליטרים,500.00,"100 מ""ל",false,1,25.90,5.18,true,1,
72986424,false,"בן אנד גריס גלידת קרם עוגיות 500 מ""ל",,,בן אנד גריס גלידת קר,מיליליטרים,500.00,"100 מ""ל",false,1,25.90,5.18,true,1,
72986448,false,"בן אנד גריס גלידת טופי קראנץ 500 מ""ל",,,בן אנד גריס גלידת טו,מיליליטרים,800.00,"100 מ""ל",false,1,25.90,3.24,true,1,
72986455,false,"בן אנד גריס גלידת ניו יורק סופר 500 מ""ל",,,בן אנד גריס גלידת ני,מיליליטרים,500.00,"100 מ""ל",false,1,25.90,5.18,true,1,
72986479,false,"בן אנד גריס גלידת צאקי מנקי 500 מ""ל",,,בן אנד גריס גלידת צא,מיליליטרים,500.00,"100 מ""ל",false,1,25.90,5.18,true,1,
72989425,false,"בן אנד גריס שוקולד בראוניס 500 מ""ל",,,בן אנד גריס שוקולד ב,מיליליטרים,500.00,"100 מ""ל",false,1,25.90,5.18,true,1,
72991374,false,טיים רד חפיסה,,,טיים רד חפיסה,Unknown,0.00,Unknown,false,1,29.50,29.50,true,1,
72991497,false,נובלס פילטר חפיסה,,,נובלס פילטר חפיסה,Unknown,0.00,Unknown,false,1,29.50,29.50,true,1,
72991886,false,"בן אנד גריס גלידת דולצה 500 מ""ל",,,בן אנד גריס 500,מיליליטרים,500.00,"100 מ""ל",false,1,25.90,5.18,true,1,
72993637,false,מעדן דני שוקולד 125 גר,,,מעדן דני שוקולד 125,גרמים,125.00,100 גרם,false,1,3.00,2.40,true,1,
72994061,false,פסק זמן טו גוד 36 גר,,,פסק זמן טו גוד 36 גר,גרמים,36.00,100 גרם,false,1,5.50,15.28,true,1,
75032814,false,"בירה קורונה 355 מ""ל בקבוק",,,"בירה קורונה 355 מ""ל",מיליליטרים,355.00,"100 מ""ל",false,1,8.90,2.51,true,1,
76106071,false,"מיץ ליים משומר 200 מ""ל",,CH,מיץ ליים משומר 200 מ,מיליליטרים,200.00,"100 מ""ל",false,1,8.90,4.45,true,1,
76136184,false,פאל מאל סופרסלימס כחול,,,פאל מאל סופרסלימס כח,Unknown,0.00,Unknown,false,1,30.00,30.00,true,1,
80001287,false,חטיף גרדנה 38 גרם,,,חטיף גרדנה 38 גרם,גרמים,38.00,100 גרם,false,1,4.70,12.37,true,1,
80001461,false,חטיף גרדנה מצופה 38 גר,,,חטיף גרדנה מצופה 38,גרמים,38.00,100 גרם,false,1,4.70,12.37,true,1,
80001911,false,גרדנה שוקולד לבן במילוי קרם אגוזים 38 ג,,,גרדנה שוקולד לבן במי,גרמים,38.00,100 גרם,false,1,4.70,12.37,true,1,
80042556,false,POLPA עגבניות חתוכות דק 400 גרם MUTTI,,,POLPA עגבניות חתוכות,גרמים,400.00,100 גרם,false,1,7.20,1.80,true,1,
80042563,false,מחית עגבניות קלה 700 גרם,,IT,מחית עגבניות קלה 700,גרמים,700.00,100 גרם,false,1,12.90,1.84,true,1,
80050025,false,סוכריות טיק טק בטעם תפוז,,,סוכריות טיק טק בטעם,גרמים,16.00,100 גרם,false,1,3.50,21.88,true,1,
80050124,false,סוכריות טיק טק בטעם מנטה,,,סוכריות טיק טק בטעם,גרמים,16.00,100 גרם,false,1,3.50,21.88,true,1,
80052760,false,חטיף קינדר בואנו 43 גר,,,חטיף קינדר בואנו 43,גרמים,43.00,100 גרם,false,1,4.90,11.40,true,1,
80052883,false,טיק טק בודד מנטה חזק 16 גר,,ZA,טיק טק בודד מנטה חזק,גרמים,16.00,100 גרם,false,1,3.50,21.88,true,1,
80083764,false,גנדולה עוגיות דגנים ש.שועל אורגני 250,,IT,גנדולה עוגיות דגנים,גרמים,250.00,100 גרם,false,1,15.90,6.36,true,1,
80136194,false,קינדר הפי היפו אגוזי לוז חמישייה 103.5 ג,,,קינדר הפי היפו אגוזי,גרמים,104.00,100 גרם,false,1,13.90,13.37,true,1,
80176732,false,קינדר הפי הפי בודד 35 גר,,,קינדר הפי הפי בודד 3,גרמים,35.00,100 גרם,false,1,4.00,11.43,true,1,
80176800,false,ממרח שוקולד נוטלה 750 גרם,,,ממרח שוקולד נוטלה 75,גרמים,750.00,100 גרם,false,1,26.90,3.59,true,1,
80177173,false,ממרח נוטלה 350 גרם,,,ממרח נוטלה 350 גרם,גרמים,350.00,100 גרם,false,1,15.90,4.54,true,1,
80177609,false,קינדר 50 גרם,,,קינדר 50 גרם,גרמים,50.00,100 גרם,false,1,4.90,9.80,true,1,
80177616,false,טבלת שוקולד קינדר 100 גרם,,,טבלת שוקולד קינדר 10,גרמים,100.00,100 גרם,false,1,9.20,9.20,true,1,
80273561,false,פלפל שחור במטחנה 45 גר ארומה דה טוסקנה,,,פלפל שחור במטחנה 45,גרמים,45.00,100 גרם,false,1,14.50,32.22,true,1,
80273677,false,צילי במטחנה 20 גר ארומה דה טוסקנה,,,צילי במטחנה 20 גר אר,גרמים,20.00,100 גרם,false,1,14.50,72.50,true,1,
80273684,false,תערובת עשבי פרובנס במטחנה 20 גר ארומה דה,,,תערובת עשבי פרובנס ב,גרמים,20.00,100 גרם,false,1,14.50,72.50,true,1,
80310167,false,קינדר מקסי שישייה 126 גר,,,קינדר מקסי שישייה 12,גרמים,126.00,100 גרם,false,1,11.20,8.89,true,1,
80310334,false,שוקולד קינדר בצורת סנטה קלאוס 55 גרם,,IT,שוקולד קינדר בצורת ס,גרמים,55.00,100 גרם,false,1,12.90,23.45,true,1,
80310549,false,קינדר הפי היפו אגוזי לוז 35 גר,,,קינדר הפי היפו אגוזי,גרמים,35.00,100 גרם,false,1,4.20,12.00,true,1,
80310891,false,ביצה קינדר גוי,,ZA,ביצת הפתעה קינדר גוי,גרמים,20.00,100 גרם,false,1,6.50,32.50,true,1,
80525264,false,Agnesi רוטב עגבניות ובזיל 400 גר,,IT,רוטב עגבניות,גרמים,400.00,100 גרם,false,0,15.60,3.90,true,1,
80525288,false,Agnesi רוטב עגבניות וזיתים 400 גר,,IT,Agnesi רוטב עגבניות,גרמים,400.00,100 גרם,false,0,15.60,3.90,true,1,
80525462,false,Agnesi רוטב עגבניות נפוליטנה 400 גר,,IT,Agnesi רוטב עגבניות,גרמים,400.00,100 גרם,false,0,15.60,3.90,true,1,
80533917,false,פילה אנשובי בשמן זית 75 גרם צנצנת,,,פילה אנשובי בשמן זית,Unknown,0.00,Unknown,false,1,33.60,33.60,true,1,
80651017,false,תערובת עשבי טוסקנה במטחנה 15 ארומה דה טו,,,תערובת עשבי טוסקנה ב,גרמים,15.00,100 גרם,false,1,14.50,96.67,true,1,
80718758,false,טונה בשמן זית 160 גר CALIPO,,,טונה בשמן זית 160 ג,גרמים,160.00,100 גרם,false,1,27.50,17.19,true,1,
80757009,false,פילה טונה 200 גר,,,פילה טונה 200 גר,גרמים,200.00,100 גרם,false,1,39.90,19.95,true,1,
80761761,false,קינדר בואנו לבן בודד 39 גר,,,קינדר בואנו לבן בודד,גרמים,39.00,100 גרם,false,1,4.90,12.56,true,1,
80762362,false,מסטיק מנטוס וויט מנטה אקליפטוס 60 גר,,TR,מסטיק מנטוס וויט מנט,גרמים,60.00,100 גרם,false,1,10.90,18.17,true,1,
80773429,false,מנטוס בבקבוק בינוני פיור פרש תות 60 גר,,,מנטוס בבקבוק פיור,Unknown,0.00,Unknown,false,1,10.90,10.90,true,1,
80773443,false,מנטוס בבקבוק מעוגל טעם מנטה עדינה 60 גר,,,מנטוס בבקבוק מעוגל ט,Unknown,0.00,Unknown,false,1,10.90,10.90,true,1,
80776307,false,מנטוס ביג בבקבוק מעוגל פירות מנטה 90 גר,,,מנטוס ביג בבקבוק מעו,Unknown,0.00,Unknown,false,1,19.80,19.80,true,1,
80780595,false,מנטוס ביג בבקבוק מעוגל מנטה עדינה 90 גר,,,מנטוס ביג בבקבוק מעו,Unknown,0.00,Unknown,false,1,19.80,19.80,true,1,
80790990,false,מנטוס בבקבוק מעוגל טעם פירוט מנטה 60 גר,,,מנטוס בבקבוק מעוגל ט,Unknown,0.00,Unknown,false,1,10.90,10.90,true,1,
80804697,false,מסטיק מנטוס וויט ביג סוויטמינט 105 גר,,,מסטיק מנטוס וויט ביג,גרמים,105.00,100 גרם,false,1,18.90,18.00,true,1,
80820970,false,שוקולד חלב ממולא קרם קרמל ועלי וופל פריכ,,,שוקולד חלב ממולא קרם,גרמים,21.00,100 גרם,false,1,6.50,30.95,true,1,
80822141,false,קינדר עץ חג המולד 76 גרם,,,קינדר עץ חג המולד 76,גרמים,76.00,100 גרם,false,1,22.90,30.13,true,1,
80831402,false,"מנטוס מנטה עדינה לל""ס 21 גר Clean Breat",,,"מנטוס מנטה עדינה לל""",גרמים,21.00,100 גרם,false,1,7.90,37.62,true,1,
80832560,false,"סוכריות מנטוס קלין ברט פירות יער לל""ס21",,,סוכריות מנטוס קלין ב,גרמים,21.00,100 גרם,false,1,7.90,37.62,true,1,
80843184,false,מנטוס בבקבוק פיור בטעם ענבים 60 גר,,,מנטוס בבקבוק פיור בט,גרמים,60.00,100 גרם,false,1,10.90,18.17,true,1,
80854753,false,"מנטוס מנטה לל""ס 21 גר Clean Breath",,,"מנטוס מנטה לל""ס 21 ג",גרמים,21.00,100 גרם,false,1,7.50,35.71,true,1,
80864295,false,מסטיק מנטוס וייט מנטה עדינה 60 גרם,,,מסטיק מנטוס וייט מנט,גרמים,60.00,100 גרם,false,1,10.90,18.17,true,1,
80874652,false,קינדר קארדס 25.6 גרם,,IT,וופל קינדר קארדס 25.,גרמים,26.00,100 גרם,false,1,3.90,15.00,true,1,
80896081,false,מנטוס בבקבוק בינוני פיור פרש אבטיח 60 גר,,,מנטוס בבקבוק בינוני,Unknown,0.00,Unknown,false,1,10.90,10.90,true,1,
80913467,false,מנטוס בבקבוק מעוגל בטעם מנטה 60 גר,,,מנטוס בבקבוק מעוגל ב,Unknown,0.00,Unknown,false,1,10.90,10.90,true,1,
80936459,false,שלישיית ביצי שוקולד(,,IT,שלישיית ביצי שוקולד(,Unknown,1.00,Unknown,false,1,11.90,11.90,true,1,
80936848,false,סוכריות טיק טק בטעם תות שדה,,,סוכריות טיק טק בטעם,גרמים,16.00,100 גרם,false,1,3.50,21.88,true,1,
80945468,false,מסטיק מנטוס וייט מנטה מתוקה 60 גרם,,,מסטיק מנטוס וייט מנט,גרמים,60.00,100 גרם,false,1,10.90,18.17,true,1,
80957706,false,מסטיק מנטוס פיור וויט מנטה 150 גר,,TR,מסטיק מנטוס פיור ווי,גרמים,150.00,100 גרם,false,1,19.90,13.27,true,1,
80977070,false,מנטוס מסטיק בקופסה בטעם טרופי 28 גר,,NL,מנטוס מסטיק בקופסה ב,גרמים,28.00,100 גרם,false,1,4.90,17.50,true,1,
80982470,false,גומי לעיסה פיור פרוסט בטעם מנטה חזקה,,TR,גומי לעיסה פיור פרוס,גרמים,60.00,100 גרם,false,1,10.90,18.17,true,1,
80986348,false,מסטיק מנטוס וייט מנטה 60 גרם,,,מסטיק מנטוס וייט מנט,גרמים,60.00,100 גרם,false,1,10.90,18.17,true,1,
85967076,false,נייר גלגול בינוני כולל פילטר חום,,CZ,נייר גלגול בינוני כו,יחידה,1.00,יחידה,false,1,6.00,6.00,true,1,
87108538,false,מנטוס תות שדה,,,מנטוס תות שדה,Unknown,0.00,Unknown,false,1,3.60,3.60,true,1,
87108651,false,מנטוס מנטה 1/4,,,מנטוס מנטה 1/4,גרמים,150.00,100 גרם,false,1,14.60,9.73,true,1,
87108712,false,מנטוס פירות 1/4,,,מנטוס פירות 1/4,גרמים,150.00,100 גרם,false,1,14.60,9.73,true,1,
87221503,false,מיונז גאודס הולנדי אמיתי 650 גר,,NL,מיונז גאודס הולנדי א,גרמים,650.00,100 גרם,false,1,24.90,3.83,true,1,
87311396,false,מנטוס RAINBOW,,,מנטוס RAINBOW,Unknown,0.00,Unknown,false,1,3.60,3.60,true,1,
90087011,false,מיץ תפוחים 100% קרטונית ראוך,,,מיץ תפוחים 100% קרט,מיליליטרים,1000.00,"100 מ""ל",false,1,15.40,1.54,true,1,
90087066,false,מיץ תפוזים ראוך 100% 1 ליטר,,,מיץ תפוזים ראוך 100%,מיליליטרים,1000.00,"100 מ""ל",false,1,15.40,1.54,true,1,
90087974,false,חומץ טבעי מתפוחים 750 מל,,,חומץ טבעי מתפוחים 75,מיליליטרים,750.00,"100 מ""ל",false,1,15.90,2.12,true,1,
90087998,false,"מיץ לימון טבעי 250 מ""ל",,,מיץ לימון טבעי 250 מ,מיליליטרים,250.00,"100 מ""ל",false,1,8.50,3.40,true,1,
90122514,false,מוצרט שוקולד מארז מתנה 34 גרם,,AT,מוצרט שוקולד מארז מת,גרמים,34.00,100 גרם,false,1,10.90,32.06,true,1,
90162602,false,"משקה רד בול מוגז פחית 250 מ""ל",,,משקה רד בול מוגז פחי,מיליליטרים,250.00,"100 מ""ל",false,1,7.90,3.16,true,1,
90162800,false,"משקה רד בול מוגז פחית 250 מ""ל שוגרפרי",,,משקה רד בול מוגז,מיליליטרים,250.00,"100 מ""ל",false,1,7.90,3.16,true,1,
90446269,false,"משקה רד בול אבטיח מוגז פחית 250 מ""ל",,,משקה רד בול אבטיח מו,מיליליטרים,250.00,"100 מ""ל",false,1,7.90,3.16,true,1,
90448867,false,"רד בול ללא פחמימות 250 מ""ל",,,משקה אנרגיה רד בול ל,מיליליטרים,250.00,"100 מ""ל",false,1,7.90,3.16,true,1,
90453427,false,"משקה אנרגיה רד בול פיטאיה 250 מ""ל",רד בול,,משקה אנרגיה רד בול פ,מיליליטרים,250.00,"100 מ""ל",false,1,7.90,3.16,true,1,
8112100298,false,שמן שומשום 185 מל,,,"שמן שומשום 185 מ""ל",מיליליטרים,185.00,"100 מ""ל",false,1,15.90,8.59,true,1,
9800800056,false,נוטלה & גו 52 גרם,,,נוטלה & גו 52 גרם,גרמים,52.00,100 גרם,false,1,5.90,11.35,true,1,
11182700916,false,שעועית לבנה צפונית 454 גרם,,,שעועית לבנה צפונית 4,גרמים,454.00,100 גרם,false,1,12.80,2.82,true,1,
11182700930,false,שעועית אדומה כהה 454 גרם,,,שעועית אדומה כהה 454,גרמים,454.00,100 גרם,false,1,12.80,2.82,true,1,
11182700954,false,קינג קול שעועית שחורה 439 גרם,,,קינג קול שעועית שחור,גרמים,439.00,100 גרם,false,1,12.80,2.92,true,1,
11210000032,false,"טבסקו משפחתי 350 מ""ל",,,"טבסקו משפחתי 350 מ""ל",מיליליטרים,350.00,"100 מ""ל",false,1,60.90,17.40,true,1,
11210000094,false,"טבסקו פלפל אדום 60 מ""ל",,,טבסקו פלפל אדום 60 מ,מיליליטרים,90.00,"100 מ""ל",false,1,12.80,14.22,true,1,
11210002500,false,"רוטב טבסקו בפאלו 150 מ""ל",,,רוטב טבסקו בפאלו 150,מיליליטרים,150.00,"100 מ""ל",false,1,23.00,15.33,true,1,
11210006508,false,רוטב פלפל הבנרו חריף טבסקו 60 מל,,,רוטב פלפל הבנרו חריף,מיליליטרים,60.00,"100 מ""ל",false,1,17.70,29.50,true,1,
11210007253,false,"טבסקו פלפל שום 60 מ""ל",,,"טבסקו פלפל שום 60 מ""",מיליליטרים,60.00,"100 מ""ל",false,1,12.80,21.33,true,1,
11210009387,false,"טבסקו פלפל ירוק 60 מ""ל",,,טבסקו פלפל ירוק 60 מ,מיליליטרים,60.00,"100 מ""ל",false,1,12.80,21.33,true,1,
11210607040,false,"רוטב טבסקו ציפוטלי 60 מ""ל",,,רוטב טבסקו ציפוטלי 6,מיליליטרים,60.00,"100 מ""ל",false,1,12.80,21.33,true,1,
11210618503,false,"רוטב טבסקו סקורפיון 60 מ""ל",,,רוטב טבסקו סקורפיון,מיליליטרים,60.00,"100 מ""ל",false,1,17.70,29.50,true,1,
11210698055,false,רוטב טבסקו סרירציה 566 גרם,,,רוטב טבסקו סרירציה 5,גרמים,566.00,100 גרם,false,1,34.50,6.10,true,1,
11359640106,false,קונכיות טאקו 150 גרם,,,קונכיות טאקו 150 גר,גרמים,150.00,100 גרם,false,1,12.90,8.60,true,1,
11359645248,false,טורטילה ציפס בטעם ברביקיו 200 גרם,,,טורטילה ציפס בטעם בר,גרמים,200.00,100 גרם,false,1,11.00,5.50,true,1,
11359645262,false,טורטילה ציפס טבעי 200 גרם,,,טורטילה ציפס טבעי 20,גרמים,200.00,100 גרם,false,1,11.00,5.50,true,1,
11359645286,false,טורטילה ציפס נאצוס גבינה 200 גרם,,,טורטילה ציפס נאצוס ג,גרמים,200.00,100 גרם,false,1,11.00,5.50,true,1,
11359645293,false,טורטילה ציפס עם מלח 200 גרם,,,טורטילה ציפס עם מלח,גרמים,200.00,100 גרם,false,1,11.00,5.50,true,1,
11359650136,false,דיפ אבוקדו 190 גרם,,,דיפ אבוקדו 190 גרם,גרמים,190.00,100 גרם,false,1,11.90,6.26,true,1,
11359650341,false,דיפ סלסה בחריפות מעודנת 190 גרם,,,דיפ סלסה בחריפות מעו,גרמים,190.00,100 גרם,false,1,10.90,5.74,true,1,
12086322112,false,יין דרוהין שבלי רזרב 750 מל,,,יין דרוהין שבלי רזרב,מיליליטרים,750.00,"100 מ""ל",false,1,146.90,19.59,true,1,
12086322211,false,יין דרוהין שבלי 750 מל צרפתי,,,יין דרוהין שבלי 750,Unknown,0.00,Unknown,false,1,109.90,109.90,true,1,
12086323713,false,"יין דרוהין שבלי סשר פרמייר קרו 750 מ""ל",,FR,יין דרוהין שבלי סשר,מיליליטרים,750.00,"100 מ""ל",false,1,263.90,35.19,true,1,
12086508516,false,"יין דרוהין מורגון 750 מ""ל",,,יין דרוהין מורגון 75,מיליליטרים,750.00,"100 מ""ל",false,1,95.90,12.79,true,1,
12086511318,false,זוזף דרוהין לאפורה פינו נואר 750 מל,,,זוזף דרוהין לאפורה,Unknown,0.00,Unknown,false,1,110.90,110.90,true,1,
12300103138,false,כאמל בוקס עשירייה,,,כאמל בוקס עשירייה,Unknown,0.00,Unknown,false,1,305.00,305.00,true,1,
13300606728,false,תערובת להכנת דונאט פילסברי ורוד וניל 459,הום טאון פוד שיקגו,US,תערובת להכנת דונאט פ,גרמים,459.00,100 גרם,false,1,29.90,6.51,true,1,
13409341155,false,רוטב ברביקיו דבש 510 גר סוויט בייבי רייס,,,רוטב ברביקיו דבש 510,גרמים,510.00,100 גרם,false,1,25.50,5.00,true,1,
13409918104,false,רוטב ברביקיו אורגינל 510 גר סוויט בייבי,,,רוטב ברביקיו אורגינל,גרמים,510.00,100 גרם,false,1,25.50,5.00,true,1,
14100074120,false,עוגיות פפרידג פארם מילנו 198 גרם,,,עוגיות פפרידג פארם,גרמים,198.00,100 גרם,false,1,25.90,13.08,true,1,
14100082033,false,עוגיות פפרידג פארם קפטיבה בראוניז 244 גר,,,עוגיות פפרידג פארם ק,גרמים,244.00,100 גרם,false,1,25.90,10.61,true,1,
16000185517,false,פייבר וואן 555 גרם,,,פייבר וואן 555 גרם,גרמים,555.00,100 גרם,false,1,32.90,5.93,true,1,
16000281684,false,קראנצי בטעם פקאן חמישייה,,,קראנצי בטעם פקאן 210,גרמים,210.00,100 גרם,false,1,19.90,9.48,true,1,
16000423534,false,קראנצי שיבולת שועל ושוקולד מריר 210 גר,,,קראנצי שיבולת שועל ו,גרמים,210.00,100 גרם,false,1,19.90,9.48,true,1,
16000548404,false,קראנצי בטעם שיבולת שועל ודבש 210 גר,,,קראנצי בטעם שיבולת,גרמים,210.00,100 גרם,false,1,19.90,9.48,true,1,
16000548503,false,קראנצי בטעם מייפל וסוכר חום 210 גר,,,קראנצי בטעם מייפל,גרמים,210.00,100 גרם,false,1,19.90,9.48,true,1,
16000548602,false,קראנצי בטעם קנמון 210 גר,,,קראנצי בטעם קנמון,גרמים,210.00,100 גרם,false,1,19.90,9.48,true,1,
16000548909,false,חטיף ניישטר וואלי 1/5 בריאות מעורב 210 ג,,,חטיף ניישטר וואלי 1/,גרמים,210.00,100 גרם,false,1,19.90,9.48,true,1,
17273502551,false,חרדל לחיץ 225 גר,,,חרדל לחיץ 225 גר,גרמים,225.00,100 גרם,false,1,11.00,4.89,true,1,
18000701223,false,תערובת לעוגת שוקולד 517 גרם פילסבורי,,,תערובת לעוגת שוקולד,גרמים,517.00,100 גרם,false,1,19.90,3.85,true,1,
18000703494,false,תערובת לעוגת וניל 517 גרם,,,תערובת לעוגת וניל 51,גרמים,524.00,100 גרם,false,1,19.90,3.80,true,1,
18000766413,false,תערובת לבראוניס 552 גרם,,,תערובת לבראוניס 552,גרמים,609.00,100 גרם,false,1,19.90,3.27,true,1,
18200004735,false,"בירה ביאלומיניום באדוויזר 473 מ""ל בקבוק",,GB,בירה ביאלומיניום באד,מיליליטרים,473.00,"100 מ""ל",false,1,10.90,2.30,true,1,
19548003107,false,בלוק צימקאו שוקולד לבן אופנהיימר 300 גר,,IL,בלוק צימקאו שוקולד ל,גרמים,300.00,100 גרם,false,1,10.90,3.63,true,1,
19582000568,false,בולס איי רוטב ברביקיו אוריגינל 496 גר,,US,בולס איי רוטב ברביקי,גרמים,496.00,100 גרם,false,1,15.90,3.21,true,1,
21200513152,false,שלושה ספוגי קירצוף לא שורטים ורוד,,,שלושה ספוגי קירצוף ל,Unknown,0.00,Unknown,false,1,18.00,18.00,true,1,
21200572357,false,שלושה ספוגי קירצוף לניקוי חזק ירוק,,,שלושה ספוגי קירצוף ל,Unknown,0.00,Unknown,false,1,18.00,18.00,true,1,
21723339994,false,רוטב דגים 300מ`ל,,,רוטב דגים 300מ`ל,מיליליטרים,300.00,"100 מ""ל",false,1,11.00,3.67,true,1,
21723758887,false,רוטב דגים טיפארוס 700 מל,,,רוטב דגים טיפארוס,מיליליטרים,700.00,"100 מ""ל",false,1,14.90,2.13,true,1,
22200956932,false,דאודורנט ספיד סטיק גל 24/7 כחול 85 גר,,,דאודורנט ספיד סטיק ג,Unknown,0.00,Unknown,false,1,36.50,36.50,true,1,
22224500715,false,פופקורן מתוק מלוח ח.בוטנים ושוקולד 156 ג,,US,פופקורן מתוק מלוח ח.,גרמים,156.00,100 גרם,false,1,24.90,15.96,true,1,
22224500722,false,פופקורן מתוק מלוח עם בצק עוגה 156 גרם,,US,פופקורן מתוק מלוח עם,גרמים,156.00,100 גרם,false,1,24.90,15.96,true,1,
23535996129,false,"תמצית וניל מדאגסקאר בורבון 60 מ""ל",,,תמצית וניל מדאגסקאר,מיליליטרים,60.00,"100 מ""ל",false,1,59.90,99.83,true,1,
24463061163,false,סריראצה-רוטב פלפל צילי חריף 793 גר,,,"סריראצה-רוטב פלפל צ""",גרמים,793.00,100 גרם,false,1,58.90,7.43,true,1,
30000315989,false,קוואקר פרוטאין חמוציות ושקדים 372 גר,,US,קוואקר פרוטאין חמוצי,גרמים,372.00,100 גרם,false,1,22.90,6.16,true,1,
30100472414,false,סנדוויץ קרקר קלאב צדר 311 גרם,,,סנדוויץ קרקר קלאב צד,גרמים,311.00,100 גרם,false,1,29.30,9.42,true,1,
33617000026,false,ואזה קמח מלא 260 גר,,,ואזה קמח מלא 260 גר,גרמים,260.00,100 גרם,false,1,14.90,5.73,true,1,
33617322616,false,ואזה קלה מקמח שיפון 270 גר,,,ואזה קלה מקמח שיפון,גרמים,270.00,100 גרם,false,1,14.90,5.52,true,1,
34000148301,false,הרשי נטיפי שוקולד מריר לאפייה 340 גר,,,הרשי נטיפי שוקולד מר,גרמים,340.00,100 גרם,false,1,20.90,6.15,true,1,
34000196173,false,טבלת קוקיס אנד קרים 120 גרם XL,,,טבלת קוקיס אנד קרים,גרמים,120.00,100 גרם,false,1,12.40,10.33,true,1,
34000442652,false,טבלת ריזס 120 גרם XL,,,טבלת ריזס 120 גרם X,גרמים,120.00,100 גרם,false,1,12.90,10.75,true,1,
34000446001,false,חטיפי שוקולד ריזס מיניאטורס 150 גרם,,,חטיפי שוקולד ריזס מי,גרמים,150.00,100 גרם,false,1,10.90,7.27,true,1,
34000470228,false,חטיף ריזס מיניס 70 גרם,,,חטיף ריזס מיניס 70 ג,גרמים,70.00,100 גרם,false,1,7.80,11.14,true,1,
34000470563,false,ריסז מיניס 215 גר,,US,ריסז מיניס 215 גר,גרמים,215.00,100 גרם,false,1,24.00,11.16,true,1,
34000544028,false,ממתקי טוויזלרס תות שדה 198 גרם,,,ממתקי טוויזלרס תות ש,גרמים,198.00,100 גרם,false,1,8.90,4.49,true,1,
34000544431,false,ממתקי הרשיז טוויזלרס טעם דובדבן 172 גרם,,US,ממתקי הרשיז טוויזלרס,גרמים,172.00,100 גרם,false,1,10.00,5.81,true,1,
37600297967,false,מטבל סלסה בחריפות עדינה צי צי 439 גר,,US,מטבל סלסה בחריפות עד,גרמים,439.00,100 גרם,false,1,22.90,5.22,true,1,
38000138638,false,פרינגלס פיצה 158 גרם,,,פרינגלס פיצה 158 גרם,גרמים,158.00,100 גרם,false,1,10.50,6.65,true,1,
38000138720,false,פרינגלס ראנץ 158 גרם,,,פרינגלס ראנץ 158 גרם,גרמים,158.00,100 גרם,false,1,10.50,6.65,true,1,
38000183690,false,פרינגלס מידי ברביקיו 71 גרם,,,פרינגלס מידי ברביקיו,גרמים,71.00,100 גרם,false,1,5.90,8.31,true,1,
38000183928,false,פרינגלס חרדל ודבש 158 גרם,,US,פרינגלס חרדל ודבש 15,גרמים,158.00,100 גרם,false,1,10.50,6.65,true,1,
38000197840,false,פרינגלס וייב חריף מתוק 130 גרם,,US,פרינגלס וייב חריף מת,גרמים,137.00,100 גרם,false,1,10.50,7.66,true,1,
38000202278,false,פרינגלס וייב אורגינל 130 גרם,,US,פרינגלס וייב אורגינל,גרמים,130.00,100 גרם,false,1,10.50,8.08,true,1,
38000232152,false,פרינגלס ברביקיו 158 גרם,,,פרינגלס ברביקיו 158,גרמים,158.00,100 גרם,false,1,10.50,6.65,true,1,
38000232169,false,פרינגלס מידי אורגינל 71 גרם,,,פרינגלס מידי אורגינל,גרמים,71.00,100 גרם,false,1,5.90,8.31,true,1,
38000232176,false,פרינגלס שמנת בצל 158 גרם,,,פרינגלס שמנת בצל 158,גרמים,158.00,100 גרם,false,1,10.50,6.65,true,1,
38000232183,false,פרינגלס אוריגינל 149 גרם,,,פרינגלס אוריגינל 149,גרמים,149.00,100 גרם,false,1,10.50,7.05,true,1,
38527591053,false,דגני בוקר מרובעים קינמון 411 גרם קוואקר,,,דגני בוקר מרובעים קי,גרמים,411.00,100 גרם,false,1,18.90,4.60,true,1,
38527591060,false,דגני בוקר מרובעים 411 גרם קוואקר,,,דגני בוקר מרובעים 4,גרמים,411.00,100 גרם,false,1,18.90,4.60,true,1,
38900779238,false,מיץ אננס דול רביעיות 4*250 מל,,,מיץ אננס דול רביעיות,מיליליטרים,1000.00,"100 מ""ל",false,1,19.90,1.99,true,1,
39000008006,false,אורטגה טאקו SHELL מקסיקני 164 גרם,,,אורטגה טאקו SHELL מק,גרמים,164.00,100 גרם,false,1,26.50,16.16,true,1,
39000008051,false,אורטגה טאקו ארוחת קיט 283 גרם,,,אורטגה טאקו ארוחת קי,גרמים,283.00,100 גרם,false,1,38.50,13.60,true,1,
39000010351,false,פלפל חלפיניו בצנצנת אורטגה 340 גרם,,,פלפל חלפיניו בצנצנת,גרמים,340.00,100 גרם,false,1,21.90,6.44,true,1,
39000015622,false,C&T סלסה מדיום אורטגה 453 גרם,,,C&T סלסה מדיום אורטג,גרמים,453.00,100 גרם,false,1,25.90,5.72,true,1,
39047001152,false,ווקרס עוגיות חמאה פינגרס 150 גרם,,,ווקרס עוגיות חמאה פי,גרמים,150.00,100 גרם,false,1,20.90,13.93,true,1,
39047001404,false,ווקרס עוגיות חמאה עגולות 33% 150 גרם,,,ווקרס עוגיות חמאה עג,גרמים,150.00,100 גרם,false,1,20.90,13.93,true,1,
39047005013,false,ווקרס עוגיות חמאה דגיסטיף 150 גרם,,,ווקרס עוגיות חמאה דג,גרמים,150.00,100 גרם,false,1,20.90,13.93,true,1,
39047059009,false,"ווקרס ביסקוויט ש.שועל חמוציות לל""ג 150 ג",,,ווקרס ביסקוויט ש.שוע,גרמים,150.00,100 גרם,false,1,23.90,15.93,true,1,
40232088353,false,עוגיות גולד רינג 400 גרם,,,עוגיות גולד רינג 400,גרמים,400.00,100 גרם,false,1,11.80,2.95,true,1,
41143028681,false,צימוקים בקופסא 400 גר SUN MAID,,,צימוקים בקופסא 400 ג,גרמים,400.00,100 גרם,false,1,25.10,6.28,true,1,
41143049419,false,דומדומניות 227 גר SUN MAID,,,דומדומניות 227 גר SU,גרמים,227.00,100 גרם,false,1,25.90,11.41,true,1,
41224468108,false,עגבניות מיובשות שמן זית 340 גרם ROLAND,,,עגבניות מיובשות שמן,גרמים,340.00,100 גרם,false,1,23.10,6.79,true,1,
41224700260,false,צלפים מיניאטורים בחומץ 90 ג,,,צלפים מיניאטורים בחו,Unknown,0.00,Unknown,false,1,21.60,21.60,true,1,
41331124027,false,גויה שעועית קידני אדומה 439 גרם,,,גויה שעועית קידני אד,גרמים,439.00,100 גרם,false,1,12.90,2.94,true,1,
41331124263,false,גויה שעועית לוביה שחורת עין 439 גרם,,,גויה שעועית לוביה שח,גרמים,439.00,100 גרם,false,1,12.90,2.94,true,1,
41331124355,false,שעועית אדומה קידני כהה 439 גרם,,,שעועית אדומה קידני,גרמים,439.00,100 גרם,false,1,13.50,3.08,true,1,
41331124379,false,שעועית פינטו 439 גרם,,,שעועית פינטו 439 גרם,גרמים,439.00,100 גרם,false,1,12.90,2.94,true,1,
41331124430,false,שעועית לבנה חמאה 439 גרם,,,שעועית לבנה חמאה,גרמים,439.00,100 גרם,false,1,14.60,3.33,true,1,
41331124669,false,גויה שעועית שחורה 439 גרם,,,גויה שעועית שחורה 43,גרמים,439.00,100 גרם,false,1,12.90,2.94,true,1,
41335000532,false,רוטב אלף האיים ענק 473 גרם,,,רוטב אלף האיים ענק 4,מיליליטרים,473.00,"100 מ""ל",false,1,27.90,5.90,true,1,
41390001079,false,"רוטב סויה מופחת נתרן קיקומן 444 מ""ל",,US,רוטב סויה מופחת נתרן,מיליליטרים,444.00,"100 מ""ל",false,1,25.10,5.65,true,1,
41390010309,false,"רוטב טריאקי קיקומן 444 מ""ל",,,רוטב טריאקי קיקומן 4,מיליליטרים,444.00,"100 מ""ל",false,1,25.10,5.65,true,1,
41500000299,false,חרדל דבש דיגון 340 גר Frenches,,US,ממרח חרדל דיזון בטעם,גרמים,340.00,100 גרם,false,1,20.90,6.15,true,1,
41500805023,false,"רוטב רד הוט 355 מ""ל",,,"רוטב רד הוט 355 מ""ל",מיליליטרים,355.00,"100 מ""ל",false,1,30.90,8.70,true,1,
41500818467,false,"פרנצ רוטב ווסטר מופחת נתרן 443 מ""ל",,US,רוטב וורצסטר דל נתרן,מיליליטרים,443.00,"100 מ""ל",false,1,24.90,5.62,true,1,
41570113059,false,בלו דיאמנד משקה שקדים אורגינל 1 ליטר,,ZA,בלו דיאמנד משקה,מיליליטרים,1000.00,"100 מ""ל",false,1,21.90,2.19,true,1,
42400108153,false,דגני פוסט טוטי פרוטי 354 גר,,US,דגני פוסט טוטי פרוטי,גרמים,354.00,100 גרם,false,1,23.70,6.69,true,1,
44000067816,false,עוגיות אוראו דאבל נטול גלוטן 397 גר,מונדלז גלובל ניו גרסי,US,עוגיות אוראו דאבל נט,גרמים,397.00,100 גרם,false,1,44.90,11.31,true,1,
46214731552,false,עוגיות מרבה שוקולד ציפס 225 גר,,,עוגיות מרבה שוקולד צ,גרמים,225.00,100 גרם,false,1,10.90,4.84,true,1,
47997123169,false,מגיק תערובת תבול עוף 71 גר,,,מגיק תערובת תבול עוף,גרמים,71.00,100 גרם,false,1,19.90,28.03,true,1,
47997130204,false,מגיק לתיבול סלמון 198 גרם,,,מגיק לתיבול סלמון 19,גרמים,198.00,100 גרם,false,1,29.90,15.10,true,1,
48256214758,false,אסטוניש אבקת הפלא 1 קג,,,אסטוניש אבקת הפלא 1,גרמים,1000.00,100 גרם,false,1,37.00,3.70,true,1,
48327203513,false,"שמן זית כתית מעולה 750 מ""ל YBARRA",,ES,שמן זית כתית מעולה 7,מיליליטרים,750.00,"100 מ""ל",false,1,39.90,5.32,true,1,
50000015474,false,פריסקיז דגים 1.40 קג,,,פריסקיז מעדני הים 1.,קילוגרמים,0.00,"ק""ג",false,1,35.90,35.90,true,1,
50000040803,false,פנסי פיסט גריל עוף,,,פנסי פיסט גריל עוף,Unknown,0.00,Unknown,false,1,5.90,5.90,true,1,
50000100347,false,פריסקיז מעדני חתול 1.43 גרם,,,פריסקיז מעדני החתול,קילוגרמים,0.00,"ק""ג",false,1,35.90,35.90,true,1,
50000103867,false,פנסי פיסט פטה סלמון ושרימפס,,,פנסי פיסט פטה סלמון,גרמים,85.00,100 גרם,false,1,5.90,6.94,true,1,
50000168583,false,פריסקיז אקסטרא קראנץ,,,פריסקיז אקסטרא קראנץ,Unknown,1.00,Unknown,false,1,35.90,35.90,true,1,
50000428946,false,פנסי פיסט דג סול ושרימפס,,,פנסי פיסט דג סול ושר,גרמים,85.00,100 גרם,false,1,5.90,6.94,true,1,
50000429042,false,פינסי פיטס כבד מעדן ועוף 85 גר,,,פינסי פיטס כבד מעדן,גרמים,85.00,100 גרם,false,1,5.90,6.94,true,1,
50000429448,false,פנסי פיסט פטה מוס סלמון,,,פנסי פיסט מוס סלומון,גרמים,85.00,100 גרם,false,1,5.90,6.94,true,1,
50000429646,false,פנסי פיסט דגי אוקיינוס 85 גרם,,,פנסי פיסט דגי אוקיינ,גרמים,85.00,100 גרם,false,1,5.90,6.94,true,1,
50000429844,false,פנסי פיסט פטה הודו ועוף,,,פינסי פיטס הודוו נתח,גרמים,85.00,100 גרם,false,1,5.90,6.94,true,1,
50000429943,false,פנסי פיסט גורמה עוף 85 גרם,,,פנסי פיסט גורמה עוף,גרמים,85.00,100 גרם,false,1,5.90,6.94,true,1,
50000574988,false,פנסי פיסט חתלתולים,,,פנסי פיסט חתלתולים,גרמים,85.00,100 גרם,false,1,5.90,6.94,true,1,
50000836123,false,פנסי פיסט גריל טונה,,,פנסי פיסט גריל טונה,גרמים,85.00,100 גרם,false,1,5.90,6.94,true,1,
51141234892,false,סקוטש ברייט גליל ניירות דביקים 60 דף,,,סקוטש ברייט גליל ניי,Unknown,0.00,Unknown,false,1,25.90,25.90,true,1,
52100002453,false,תערובת תיבול לסטייק 96 גר,,US,תערובת תיבול לסטייק,גרמים,96.00,100 גרם,false,1,19.90,20.73,true,1,
52100002460,false,תערובת תיבול לעוף ודג 77 גר,,US,תערובת תיבול לעוף וד,גרמים,77.00,100 גרם,false,1,20.90,27.14,true,1,
52100002477,false,אבקת תיבול לתבשילים בסגנון הודי 28 גר,,US,אבקת תיבול לתבשילים,גרמים,28.00,100 גרם,false,1,18.90,67.50,true,1,
52100002613,false,כורכום טחון 26 גר,,US,כורכום טחון 26 גר,גרמים,26.00,100 גרם,false,1,18.90,72.69,true,1,
52100004266,false,טימין עלים 10 גר,,US,טימין עלים 10 גר,גרמים,10.00,100 גרם,false,1,18.90,189.00,true,1,
52100004389,false,קינמון טחון 67 גר,,US,קינמון טחון 67 גר,גרמים,67.00,100 גרם,false,1,24.00,35.82,true,1,
52100004426,false,מקלות קינמון 21 גר,,US,מקלות קינמון 21 גר,גרמים,21.00,100 גרם,false,1,30.90,147.14,true,1,
52100004488,false,פפריקה 60 גר,,US,פפריקה 60 גר,גרמים,60.00,100 גרם,false,1,23.50,39.17,true,1,
52100006260,false,אבקת שום 88 גר,,US,אבקת שום 88 גר,גרמים,88.00,100 גרם,false,1,30.90,35.11,true,1,
52100006512,false,כמון טחון 42 גר,,US,כמון טחון 42 גר,גרמים,42.00,100 גרם,false,1,23.50,55.95,true,1,
52100006765,false,תבלין פלפל אדום 42 גר,,US,תבלין פלפל אדום 42 ג,גרמים,42.00,100 גרם,false,1,18.90,45.00,true,1,
52100006987,false,עלי דפנה 3 גר,,US,עלי דפנה 3 גר,גרמים,3.00,100 גרם,false,1,18.90,630.00,true,1,
52100030043,false,פלפל שחור טחון גס 42 גר,,US,פלפל שחור טחון גס 42,גרמים,42.00,100 גרם,false,1,20.90,49.76,true,1,
52100040806,false,תערובת שום בצל פלפל שחור ומלח ים 120 גר,,US,תערובת שום בצל פלפל,גרמים,120.00,100 גרם,false,1,28.20,23.50,true,1,
52100041155,false,תערובת מלח הימליה ורוד פלפל ושום 184 גר,,US,תערובת מלח הימליה ור,גרמים,184.00,100 גרם,false,1,28.20,15.33,true,1,
52100070643,false,תמצית טעם שקדים 29 גר,,US,תמצית טעם שקדים 29 ג,גרמים,29.00,100 גרם,false,1,10.90,37.59,true,1,
52100070667,false,"תמצית אניס טהורה 29 מ""ל",,US,תמצית אניס טהורה 29,מיליליטרים,29.00,"100 מ""ל",false,1,18.90,65.17,true,1,
52100070735,false,"תמצית קוקוס 29 מ""ל",,US,"תמצית קוקוס 29 מ""ל",מיליליטרים,29.00,"100 מ""ל",false,1,18.90,65.17,true,1,
52100070865,false,תמצית וניל טהור 29 גר,,US,תמצית וניל תהור 29 ג,גרמים,29.00,100 גרם,false,1,29.90,103.10,true,1,
52100070995,false,תמצית טעם וניל 59 גר,,US,תמצית טעם וניל 59 גר,גרמים,59.00,100 גרם,false,1,11.90,20.17,true,1,
52100071121,false,עלי בזיליקום מיובשים 24 גר,,US,עלי בזיליקום מיובשים,גרמים,24.00,100 גרם,false,1,30.90,128.75,true,1,
52100071138,false,אורגנו עלים 38 גר,,US,אורגנו עלים 38 גר,גרמים,38.00,100 גרם,false,1,20.90,55.00,true,1,
52100136387,false,פלפל שום במטחנה 34 גר,,FR,תערובת תיבול שום ופל,גרמים,34.00,100 גרם,false,1,20.90,61.47,true,1,
52100142593,false,תערובת תיבול להמבורגר 77 גר,,US,תערובת תיבול להמבורג,גרמים,77.00,100 גרם,false,1,20.90,27.14,true,1,
52100634586,false,תערובת תיבול שום ומלח ים במטחנה 44 גר,,FR,תערובת תיבול שום ומל,גרמים,44.00,100 גרם,false,1,20.90,47.50,true,1,
52100746043,false,תערובת פלפלים במטחנה 24 גר,,FR,תערובת תיבול פלפלים,גרמים,24.00,100 גרם,false,1,18.90,78.75,true,1,
52600751233,false,פלאף - ממרח מרשמלו בטעם תות 213 גרם,,US,פלאף - ממרח מרשמלו ב,גרמים,213.00,100 גרם,false,1,18.90,8.87,true,1,
54100006769,false,"פרוסות חלפיניו חריף ולאסיק 355 מ""ל",,US,פרוסות חלפיניו חריף,מיליליטרים,355.00,"100 מ""ל",false,1,19.90,5.61,true,1,
54881006972,false,תה שחור לימון וליים 20 שקיקים אחמד,,,תה שחור לימון וליים,Unknown,0.00,Unknown,false,1,13.70,13.70,true,1,
54881007511,false,תה ירוק בטעם מנטה 20 שקיקים 40 גר,,,תה ירוק בטעם מנטה 40,Unknown,0.00,Unknown,false,1,17.70,17.70,true,1,
54881008167,false,תה אחמד אינגליש ברק 100 שקיות,,,תה אחמד אינגליש ברק,גרמים,200.00,100 גרם,false,1,23.00,11.50,true,1,
54881008181,false,תה אחמד אינגליש 100 שקיקים,,,תה אחמד אינגליש 100,גרמים,200.00,100 גרם,false,1,23.00,11.50,true,1,
54881008945,false,תה ירוק 20 שקיקים,,,תה ירוק 20 שקיקים,Unknown,0.00,Unknown,false,1,17.70,17.70,true,1,
55369901673,false,"אפלסנק ללת""ס רסק תפו""ע אפרסק רביעיות",,,"אפלסנק ללת""ס רסק תפו",גרמים,113.00,100 גרם,false,1,17.50,15.49,true,1,
55369901703,false,"אפלסנק ללת""ס רסק תפו""ע תות טבעי רביעיות",,,"אפלסנק ללת""ס רסק תפו",גרמים,113.00,100 גרם,false,1,17.50,15.49,true,1,
55369902564,false,"רסק תפו""ע ללת""ס רביעיות 113 גרם",,,"רסק תפו""ע ללת""ס רביע",גרמים,113.00,100 גרם,false,1,17.50,15.49,true,1,
58449860037,false,דגני בוקר קואלה קריספ 325 גרם,,,דגני בוקר קואלה קריס,גרמים,325.00,100 גרם,false,1,25.90,7.97,true,1,
62558202381,false,"מייפל אורגני טהור 100% 236 מ""ל",,,מייפל אורגני טהור 10,מיליליטרים,236.00,"100 מ""ל",false,1,33.50,14.19,true,1,
63517877145,false,פרנקיז חטיף צדר אורז קינואה אורגני 113,,,פרנקיז חטיף צדר אורז,גרמים,113.00,100 גרם,false,1,23.00,20.35,true,1,
64144090013,false,"ספריי שמן PAM בטעם חמאה 141 מ""ל",,,ספריי שמן PAM בטעם ח,גרמים,141.00,100 גרם,false,1,21.90,15.53,true,1,
64144090020,false,"ספריי שמן PAM בטעם שמן זית 141 מ""ל",,,ספריי שמן PAM בטעם ש,מיליליטרים,141.00,"100 מ""ל",false,1,21.90,15.53,true,1,
64144090051,false,"ספריי שמן PAM קנולה אורגינל 148 מ""ל",,,ספריי שמן PAM קנולה,מיליליטרים,148.00,"100 מ""ל",false,1,21.90,14.80,true,1,
70080126099,false,ממרח חרדל דלי דיזון מעודן 311 גרם,,,ממרח חרדל דלי דיזון,גרמים,311.00,100 גרם,false,1,12.90,4.15,true,1,
70177077563,false,תה ארל גריי 25 שקיות טוינינגס 50 גר,,,תה ארל גריי 25 שקיות,גרמים,50.00,100 גרם,false,1,19.90,39.80,true,1,
70177077693,false,תה אנגליש ברקפסט 25 שקיות טוינינגס 50 גר,,,תה אנגליש ברקפסט 25,גרמים,50.00,100 גרם,false,1,19.90,39.80,true,1,
70177084769,false,טווינינגס שחור ונילה 50 גרם,,,טווינינגס שחור ונילה,גרמים,50.00,100 גרם,false,1,19.90,39.80,true,1,
70177086664,false,תה ירוק טהור 25 שק TWININGS,,,תה גרין פיור 50 גרם,Unknown,0.00,Unknown,false,1,22.90,22.90,true,1,
70177173166,false,תה יסמין ירוק 25 שקיקים TWININGS,,PL,תה גרין יסמין 45 גרם,Unknown,0.00,Unknown,false,1,22.90,22.90,true,1,
70177173203,false,תה ירוק עם מנטה 25 שק. טוינינגס,,PL,תה גרין מינט 37.5 גר,Unknown,0.00,Unknown,false,1,22.90,22.90,true,1,
70177176914,false,תה טווינינג ארל גריי נטול קפאין 25 שקיקי,,,תה טווינינג ארל גריי,Unknown,0.00,Unknown,false,1,23.00,23.00,true,1,
70177177669,false,חליטה למון גינגר 30 גרם טווינינג,,PL,חליטה למון גינגר 30,Unknown,0.00,Unknown,false,1,19.80,19.80,true,1,
70177177683,false,חליטה קמומיל האני 30 גרם טווינינג,,PL,חליטה קמומיל האני 30,Unknown,0.00,Unknown,false,1,19.80,19.80,true,1,
70177177737,false,חליטה פיור קמומיל 20 גרם טווינינג,,PL,חליטה פיור קמומיל 20,Unknown,0.00,Unknown,false,1,19.80,19.80,true,1,
71053000019,false,"נוזל עשון היקורי 118 מ""ל קולגין",,,נוזל עשון היקורי 118,מיליליטרים,118.00,"100 מ""ל",false,1,20.70,17.54,true,1,
71570001667,false,גלי בלי סוכריות 20 טעמים 70 גרם,,,גלי בלי סוכריות 20 ט,גרמים,70.00,100 גרם,false,1,14.90,21.29,true,1,
71570001841,false,גלי בלי סוכריות בטעמים חמוצים 70 גרם,,,גלי בלי סוכריות בטעמ,גרמים,70.00,100 גרם,false,1,14.90,21.29,true,1,
71570004293,false,גלי בלי סוכריות פניניות 70 גרם,,,גלי בלי סוכריות פנינ,גרמים,70.00,100 גרם,false,1,14.90,21.29,true,1,
72600007123,false,הר חטיף תפוח אדמה קטל טבעי 170 גרם,,,הר חטיף תפוח אדמה קט,גרמים,170.00,100 גרם,false,1,25.50,15.00,true,1,
72600007130,false,הר חטיף תפוח אדמה חלפינו חריף 170 גרם,,,הר חטיף תפוח אדמה,גרמים,170.00,100 גרם,false,1,25.50,15.00,true,1,
72600007291,false,הר חטיף תפוח אדמה מופחת שומן 170 גרם,,,הר חטיף תפוח אדמה מו,גרמים,170.00,100 גרם,false,1,25.50,15.00,true,1,
72600009257,false,הר חטיפי טורטיה תירס לבן 255 גרם,,,הר חטיפי טורטיה תירס,גרמים,255.00,100 גרם,false,1,24.90,9.76,true,1,
72600062290,false,הר חטיף בטעם גבינה חריף 198 גרם,,,הר חטיף בטעם גבינה ח,גרמים,198.00,100 גרם,false,1,25.90,13.08,true,1,
72600062306,false,הר חטיפים בטעם גבינה 198 גרם,,,הר חטיפים בטעם גבינה,גרמים,198.00,100 גרם,false,1,25.90,13.08,true,1,
72600062313,false,הר חטיף גבינה בפאלו גבינה כחולה 198 גר,,,הר חטיף גבינה בפאלו,גרמים,198.00,100 גרם,false,1,25.90,13.08,true,1,
72600062320,false,הר חטיף גבינה בטעם פיצה 198 גרם,,,הר חטיף גבינהה בטעם,גרמים,198.00,100 גרם,false,1,25.90,13.08,true,1,
72600062870,false,חטיף תפוח אדמה קטל דבש סרירצה 142 גרם,,,חטיף תפוח אדמה קטל ד,גרמים,142.00,100 גרם,false,1,25.50,17.96,true,1,
74234531142,false,פלפל חלפניו פרוס כבוש 210 גר,,,פלפל חלפניו פרוס כבו,גרמים,210.00,100 גרם,false,1,13.90,6.62,true,1,
74234815013,false,שימורי מחית שעועית שחורה 430 גר,,,שימורי מחית שעועית ש,גרמים,430.00,100 גרם,false,1,13.90,3.23,true,1,
74234815525,false,שימורי מחית שעועית עם רוטב ציפוטלה 430 ג,,,שימורי מחית שעועית ע,גרמים,430.00,100 גרם,false,1,13.90,3.23,true,1,
74234925231,false,סלסה ציפוטלה מטבל עם פלפל חריף 230 גר,,,סלסה ציפוטלה מטבל עם,גרמים,230.00,100 גרם,false,1,13.90,6.04,true,1,
74410470050,false,אצות קומבו 57 גרם רונגצאנג,,,אצות קומבו 57 גרם רו,גרמים,57.00,100 גרם,false,1,12.90,22.63,true,1,
74570004003,false,גלידה האגן דאז וניל,,,גלידה האגן דאז וניל,גרמים,417.00,100 גרם,false,1,26.90,6.45,true,1,
74570174003,false,גלידה האגן דאז מקדמיה,,,גלידה האגן דאז מקדמי,מיליליטרים,473.00,"100 מ""ל",false,1,26.90,5.69,true,1,
74570274000,false,גלידה האגן דאז קרם עוגיות,,,גלידה האגן דאז,מיליליטרים,473.00,"100 מ""ל",false,1,26.90,5.69,true,1,
74570950010,false,האגן דאז גבינה ותות,,,האגן דאז גבינה ותות,מיליליטרים,473.00,"100 מ""ל",false,1,26.90,5.69,true,1,
74880020403,false,טוגראשי נאנאמי 15 גרם,,,טוגראשי נאנאמי 15 גר,גרמים,15.00,100 גרם,false,1,21.70,144.67,true,1,
75810021255,false,תמרי רוטב סויה סאן,,,תמרי רוטב סויה סאן,מיליליטרים,296.00,"100 מ""ל",false,1,28.90,9.76,true,1,
76808009354,false,עוגיות קקאו שוקולד חלב ומריר 200 גרם,,,עוגיות קקאו שוקולד ח,גרמים,180.00,100 גרם,false,1,16.70,9.28,true,1,
76808009361,false,עוגיות לב ושבבי שוקולד מריר 200 גרם,,,עוגיות לב ושבבי שוקו,גרמים,180.00,100 גרם,false,1,16.70,9.28,true,1,
76840001774,false,בצק עוגיות שוקולד ציפס,,,גלידת עוגיות חלב וחת,מיליליטרים,500.00,"100 מ""ל",false,1,25.90,5.18,true,1,
76840002542,false,פיינט נטפליקס & צילד 424 גרם,,US,פיינט נטפליקס & צילד,גרמים,424.00,100 גרם,false,1,25.90,6.11,true,1,
76840036745,false,"בן אנד גריס גלידת שמנת מרשמלו 428 מ""ל",,US,בן אנד גריס גלידת,מיליליטרים,428.00,"100 מ""ל",false,1,25.90,6.05,true,1,
76840100156,false,"בן אנד גריס גלידת צרי גרסיה 500 מ""ל",,US,גלידת צרי גרסיה בן,גרמים,441.00,100 גרם,false,1,25.90,5.87,true,1,
76840100583,false,"בן אנד גריס וניל עם בצק עוגיות 500 מ""ל",,,בן אנד גריס וניל עם,גרמים,500.00,100 גרם,false,1,25.90,5.18,true,1,
76840400218,false,"בן אנד גריס עוגת גבינה עם תות 473 מ""ל",,,בן אנד גריס עוגת גבי,מיליליטרים,473.00,"100 מ""ל",false,1,25.90,5.48,true,1,
76840620029,false,"בן אנד גריס גלידת תות שדה 500 מ""ל",,,בן אנד גריס גלידת תו,מיליליטרים,500.00,"100 מ""ל",false,1,25.90,5.18,true,1,
77245110610,false,סוכריות מאסט מנטה ללא סוכר 80 גר,,PL,"סוכריות מאסט לל""ס מנ",Unknown,80.00,Unknown,false,1,10.90,0.14,true,1,
77975010167,false,סניידרס מקלוני חיטה בתוספת דבש 340 גר,,,סניידרס מקלוני חיטה,גרמים,340.00,100 גרם,false,1,17.70,5.21,true,1,
77975022757,false,בייגלה אמריקאי ענק בקופסא 390 גר,,,בייגלה אמריקאי ענק ב,גרמים,390.00,100 גרם,false,1,17.70,4.54,true,1,
77975034071,false,סניידרס חטיף בייגלה ניברלס 255.2 גרם,,US,ביסוני בייגלה ניבלרס,גרמים,255.00,100 גרם,false,1,17.70,6.94,true,1,
77975036976,false,סלסה מטבל עגב.חריפות עדינה 439 ג סניידרס,,,סלסה מטבל עגב.חריפות,גרמים,439.00,100 גרם,false,1,18.90,4.31,true,1,
77975093085,false,בייגלה סניידרס בציפוי שוקולד חלב 141 גר,,,בייגלה סניידרס בציפו,גרמים,141.00,100 גרם,false,1,17.90,12.70,true,1,
77975093108,false,בייגלה סניידרס בציפוי שוקולד לבן 141 גר,,,בייגלה סניידרס בציפו,גרמים,141.00,100 גרם,false,1,17.90,12.70,true,1,
77975094624,false,סניידרס שברי בייגלה חמאת בוטנים 270 גר,,,סניידרס שברי בייגלה,גרמים,270.00,100 גרם,false,1,17.70,6.56,true,1,
77975094631,false,סניידרס סנדוויץ בייגלה קרם צידר 283 גר,,,סניידרס סנדוויץ בייג,גרמים,283.00,100 גרם,false,1,17.70,6.25,true,1,
77975094761,false,שברי בייגלה סניידרס בטעם צידר 340 גרם,,,שברי בייגלה סניידרס,גרמים,340.00,100 גרם,false,1,17.70,5.21,true,1,
77975094778,false,שברי בייגלה סניידרס בטעם דבש חרדל 340 גר,,,שברי בייגלה סניידרס,גרמים,340.00,100 גרם,false,1,17.70,5.21,true,1,
77975095157,false,שברי בייגלה סניידרס חלפיניו 318 גר,,US,שברי בייגלה סניידרס,גרמים,318.00,100 גרם,false,1,17.70,5.57,true,1,
78548293062,false,מקלות אפויים עם שומשום 250 גר גונץ,,,מקלות אפויים עם שומש,גרמים,250.00,100 גרם,false,1,19.50,7.80,true,1,
79927102111,false,פרצל בייגלה אוריגינל 284 גר,,,פרצל בייגלה אוריגינל,גרמים,284.00,100 גרם,false,1,20.90,7.36,true,1,
80432402993,false,"וויסקי סינגל מאלט גלן גראנט 700 מ""ל TMR",,,וויסקי סינגל מאלט גל,מיליליטרים,750.00,"100 מ""ל",false,1,115.90,15.45,true,1,
82184090442,false,וויסקי גק דניאלס 1 ליטר,,,וויסקי גק דניאלס 1 ל,מיליליטרים,1000.00,"100 מ""ל",false,1,141.90,14.19,true,1,
84279978727,false,יין גוורצטרמינר 750 מל,,,יין גוורצטרמינר 750,Unknown,0.00,Unknown,false,1,61.90,61.90,true,1,
84380957048,false,סאנט דלפור דובדבן שחור 284 גר,,,סאנט דלפור דובדבן שח,גרמים,284.00,100 גרם,false,1,22.90,8.06,true,1,
84380957642,false,אנט דלפור אפרסקים 284 גרם,,,אנט דלפור אפרסקים 28,גרמים,284.00,100 גרם,false,1,22.90,8.06,true,1,
84380958342,false,סאנט דלפור מנגו אננס 284 גרם,,,סאנט דלפור מנגו אננס,גרמים,284.00,100 גרם,false,1,22.90,8.06,true,1,
85696608037,false,טופו רך ללא גלוטן 340 גר,,,טופו רך ללא גלוטן 34,מיליליטרים,340.00,"100 מ""ל",false,1,14.60,4.29,true,1,
85696608044,false,טופו ללא גלוטן 349 גר,,,טופו ללא גלוטן 349 ג,מיליליטרים,349.00,"100 מ""ל",false,1,12.90,3.70,true,1,
87000006928,false,"רום קפטן מורגן בלאק 750 מ""ל",,,רום קפטן מורגן בלאק,מיליליטרים,750.00,"100 מ""ל",false,1,109.90,14.65,true,1,
87666052819,false,"רוטב סריראצ`ה חריף 455 מ""ל",,,רוטב סריראצ`ה חריף 4,מיליליטרים,455.00,"100 מ""ל",false,1,31.50,6.92,true,1,
87666052888,false,"רוטב סריראצ`ה עם למון גראס 455 מ""ל",,,רוטב סריראצ`ה עם למו,מיליליטרים,455.00,"100 מ""ל",false,1,31.50,6.92,true,1,
88586000720,false,יין קברנה טו ווינס 750 מל,,,יין קברנה טו ווינס 7,Unknown,0.00,Unknown,false,1,49.90,49.90,true,1,
88586403866,false,קולומביה ואלי - שרדונה 750 מל,,,יין קולומביה ואלי שר,Unknown,0.00,Unknown,false,1,49.90,49.90,true,1,
88586425868,false,יין טו ויינס גוורצטרמינר 750 מל,,,יין טו ויינס גוורצטר,Unknown,0.00,Unknown,false,1,49.90,49.90,true,1,
89397344300,false,רוטב פסטה עגבניות בזיליקום 680 גרם,,,רוטב פסטה עגבניות בז,מיליליטרים,680.00,"100 מ""ל",false,1,18.90,2.78,true,1,
89397344362,false,רוטב פסטה מרינרה דיניקולה 737 גר,,,רוטב פסטה מרינרה 737,גרמים,737.00,100 גרם,false,1,18.90,2.56,true,1,
89819013173,false,ברינגר פאונדר איסטייט קברנה סובניון 750,,,ברינגר פאונדר איסטיי,Unknown,0.00,Unknown,false,1,78.90,78.90,true,1,
90341121212,false,"וירגיל רוט ביר 355 מ""ל",,,וירגיל רוט ביר 355,מיליליטרים,355.00,"100 מ""ל",false,1,16.90,4.76,true,1,
93133737325,false,רוטב טריאקי שומשום עברית 566 גרם,,,רוטב טריאקי שומשום ע,גרמים,566.00,100 גרם,false,1,45.50,8.04,true,1,
96086000577,false,קרקר כוסמת אורגני 200 גרם,,,קרקר כוסמת אורגני 20,גרמים,200.00,100 גרם,false,1,13.90,6.95,true,1,
96086000584,false,קרקר שיפון אורגני 200 גרם,,,קרקר שיפון אורגני 20,גרמים,200.00,100 גרם,false,1,13.90,6.95,true,1,
96086000966,false,קרקר כוסמין מלא ושומשום 200 גרם,,,קרקר כוסמין מלא ושומ,גרמים,200.00,100 גרם,false,1,14.50,7.25,true,1,
96086001512,false,"עוגיות קלות ללת""ס בטעם לימון 200 גר",,,"עוגיות קלות ללת""ס בט",גרמים,200.00,100 גרם,false,1,15.90,7.95,true,1,
96086001536,false,"עוגיות קלות ללת""סבטעם וניל 200 גר",,,"עוגיות קלות ללת""סבטע",גרמים,200.00,100 גרם,false,1,15.90,7.95,true,1,
142486201820,false,"חטיף חלבון חמאת בוטנים ללת""ס 4*50 גרם",,,חטיף חלבון חמאת בוטנ,גרמים,200.00,100 גרם,false,1,49.90,24.95,true,1,
308910525744,false,אטריות אורז דקות 454 גרם,,,אטריות אורז דקות 454,גרמים,454.00,100 גרם,false,1,11.90,2.62,true,1,
608614307135,false,חסה סלנובה 160 גר,,,חסה סלנובה 160 גר,גרמים,160.00,100 גרם,false,1,14.90,9.31,true,1,
608614343041,false,לחם שיפון גרעינים,,,לחם שיפון גרעינים,Unknown,0.00,Unknown,false,1,19.90,19.90,true,1,
613008742348,false,אריזונה גנסנג ודבש בקבוק 1 ליטר,,DE,אריזונה גנסנג ודבש ב,מיליליטרים,1000.00,"100 מ""ל",false,1,12.80,1.28,true,1,
613008742409,false,אריזונה אפרסק בקבוק 1 ליטר,,DE,אריזונה אפרסק בקבוק,מיליליטרים,1000.00,"100 מ""ל",false,1,12.80,1.28,true,1,
613008753290,false,"אריזונה אפרסק 450 מ""ל",,BG,"אריזונה אפרסק 450 מ""",מיליליטרים,450.00,"100 מ""ל",false,1,7.90,1.76,true,1,
613008753351,false,"אריזונה רימונים 450 מ""ל",,BG,אריזונה רימונים 450,מיליליטרים,450.00,"100 מ""ל",false,1,7.90,1.76,true,1,
613008755461,false,אריזונה אוכמניות בקבוק 1 ליטר,,DE,אריזונה אוכמניות בקב,מיליליטרים,1000.00,"100 מ""ל",false,1,12.80,1.28,true,1,
628154383659,false,דגנים בטעם פירות 311 גר POST,,US,דגנים בטעם פירות 311,גרמים,311.00,100 גרם,false,1,24.90,8.01,true,1,
633148100617,false,רוטב חריף צילי וליים טאגין 436 גר,טגין דל בגירו,MX,רוטב חריף צילי וליים,גרמים,436.00,100 גרם,false,1,23.90,5.48,true,1,
633824111838,false,"וודקה ואן גוך אננס 750 מ""ל",,,וודקה ואן גוך אננס 7,מיליליטרים,750.00,"100 מ""ל",false,1,129.90,17.32,true,1,
638060269435,false,ספוג ללכלוך חזר 2 יח,,ES,ספוג ללכלוך חזר 2 יח,Unknown,0.00,Unknown,false,1,15.80,15.80,true,1,
638102203090,false,חטיף זון קלסיק פאדג 50 גר,,,חטיף זון קלסיק פאדג,גרמים,50.00,100 גרם,false,1,13.90,27.80,true,1,
644209307494,false,תערובת להכנת עוגת זהב 432 גרם YELLOW,,,תערובת להכנת עוגת זה,גרמים,432.00,100 גרם,false,1,22.90,5.30,true,1,
644209311316,false,תערובת להכנת בראוניס צואי 565 גרם,,,תערובת להכנת בראוניס,גרמים,565.00,100 גרם,false,1,25.90,4.58,true,1,
644209420957,false,דנקן היינס תערובת בראוני כהה 561 גר,,,דנקן היינס תערובת,גרמים,561.00,100 גרם,false,1,25.90,4.62,true,1,
645173995632,false,רוטב שזיפים טקמלי אימרטי 370 גר,,,רוטב שזיפים טקמלי אי,גרמים,370.00,100 גרם,false,1,12.60,3.41,true,1,
649660432020,false,היל ויו שזיפים מיובשים מגולענים 567 גרם,,,היל ויו שזיפים מיובש,גרמים,567.00,100 גרם,false,1,31.90,5.63,true,1,
649870164551,false,עצם פאפ ברווז פטסלנד,,,עצם פאפ ברווז פטסלנד,Unknown,0.00,Unknown,false,1,24.90,24.90,true,1,
649870165695,false,חטיף נייטיב לכלב מקל,,,חטיף נייטיב לכלב מקל,Unknown,1.00,Unknown,false,1,15.90,15.90,true,1,
649870165701,false,חטיף נייטיב לכלב סוש,,,חטיף נייטיב לכלב סוש,Unknown,1.00,Unknown,false,1,15.90,15.90,true,1,
649870165718,false,חטיף נייטיב לכלב עיג,,,חטיף נייטיב לכלב עיג,Unknown,1.00,Unknown,false,1,15.90,15.90,true,1,
649870165725,false,חטיף נייטיב לכלב משק,,,חטיף נייטיב לכלב משק,Unknown,1.00,Unknown,false,1,15.90,15.90,true,1,
666522900138,false,ריבה פודינג לימון 320 גרם,,,ריבה פודינג לימון,גרמים,320.00,100 גרם,false,1,23.90,7.47,true,1,
672774106037,false,אלפז תערובת להכנת טבולה 150 גרם,,GB,אלפז תערובת להכנת טב,גרמים,150.00,100 גרם,false,1,8.90,5.93,true,1,
686412282984,false,נתחי טונה לבנה בשמן זית 220 גרם ORTIZ,,,נתחי טונה לבנה בשמן,גרמים,220.00,100 גרם,false,1,49.90,22.68,true,1,
693493003179,false,פומאז בסגנון גבינת שמנת אוורירית 200 גרם,,IL,פומאז בסגנון גבינת ש,גרמים,200.00,100 גרם,false,1,16.90,8.45,true,1,
693493065641,false,טחינה הר כנען טחינה שכם לבנה 100% 500 ג,,,טחינה הר כנען טחינה,גרמים,500.00,100 גרם,false,1,15.90,3.18,true,1,
707595100114,false,פלפלים אדומים קלויים 480 גרם,,GR,פלפלים אדומים קלויים,גרמים,480.00,100 גרם,false,1,14.90,3.10,true,1,
707595100169,false,מחית חצילים קלויים 480 גרם,,GR,מחית חצילים קלויים 4,גרמים,480.00,100 גרם,false,1,14.90,3.10,true,1,
707595100206,false,מלפפונים חמוצים 355 גרם,,GR,מלפפונים חמוצים 355,גרמים,355.00,100 גרם,false,1,15.60,4.39,true,1,
710535495539,false,"אורז בסמטי 96% 1 ק""ג AVEL",,IN,"אורז בסמטי 96% 1 ק""ג",גרמים,1000.00,100 גרם,false,1,12.90,1.29,true,1,
717273502956,false,חרדל לחיץ מתובל חריף 340 גרם,,,חרדל לחיץ מתובל חריף,גרמים,340.00,100 גרם,false,1,18.00,5.29,true,1,
720516021251,false,"פתיתים מקמח אורז ותירס חיות לל""ג 200 גרם",,AU,פתיתים מקמח אורז ותי,גרמים,200.00,100 גרם,false,1,19.90,9.95,true,1,
721733000739,false,פטרון סילבר טקילה מארז TIN 2016) ) 700,,MX,פטרון סילבר טקילה 70,מיליליטרים,700.00,"100 מ""ל",false,1,174.90,24.99,true,1,
723830000100,false,"לגוניטאס ח""פ 355 מ""ל IPA בירה",מבשלת לגוניטאס,US,"לגוניטאס ח""פ 355 מ""ל",מיליליטרים,355.00,"100 מ""ל",false,1,12.90,3.63,true,1,
723830770010,false,"לגוניטאס ח""פ 355 מ""ל DAYTIME בירה",מבשלת לגוניטאס,US,"לגוניטאס ח""פ 355 מ""ל",מיליליטרים,355.00,"100 מ""ל",false,1,12.90,3.63,true,1,
728229123590,false,חטיף ציפס טרה אורגינל 110 גרם,,,חטיף ציפס טרה אורגי,גרמים,110.00,100 גרם,false,1,15.90,14.45,true,1,
728229123613,false,ציפס 110 גרם טרה כחול,,,ציפס 110 גרם טרה כחו,גרמים,110.00,100 גרם,false,1,15.90,14.45,true,1,
728229123811,false,ציפס 110 גרם טרה בטטה,,,ציפס 110 גרם טרה בטט,גרמים,110.00,100 גרם,false,1,15.90,14.45,true,1,
728229124764,false,חטיף ציפס בטטה עם מלח ים 110 גרם,,US,חטיף ציפס בטטה עם מל,גרמים,110.00,100 גרם,false,1,15.90,14.45,true,1,
728229130154,false,חטיף ציפס מבטטה וסלק 110 גרם,,,חטיף ציפס מבטטה וסלק,גרמים,110.00,100 גרם,false,1,15.90,14.45,true,1,
728229130444,false,חטיף ציפס מירקות כחולים עם מלח 110 גרם,,,חטיף ציפס מירקות כחו,גרמים,110.00,100 גרם,false,1,15.90,14.45,true,1,
732494000500,false,קרטורס פופקורן קרמל 227 גרם,,,קרטורס פופקורן קרמל,גרמים,227.00,100 גרם,false,1,31.50,13.88,true,1,
732494000524,false,קרטורס פופקורן שיקגו קרמל 213 גרם,,,קרטורס פופקורן שיקגו,גרמים,213.00,100 גרם,false,1,31.50,14.79,true,1,
732494000609,false,קרטורס פופקורן גבינה 184 גרם,,,קרטורס פופקורן גבינה,גרמים,184.00,100 גרם,false,1,31.50,17.12,true,1,
732494002320,false,קרטורס פופקורן תערובת גבינות 142 גרם,,US,קרטורס פופקורן תערוב,גרמים,142.00,100 גרם,false,1,31.50,22.18,true,1,
736920111310,false,"בירה גוס איילנד 330 מ""ל",,,בירה גוס איילנד 330,מיליליטרים,330.00,"100 מ""ל",false,1,12.90,3.91,true,1,
753182340302,false,אבקת וואסבי 35 גרם קינגדאוו,,,אבקת וואסבי 35 גרם ק,גרמים,35.00,100 גרם,false,1,18.90,54.00,true,1,
753656712024,false,סינק חטיף חלבון בטעם לימון 60 גרם,,US,סינק חטיף חלבון בטעם,גרמים,60.00,100 גרם,false,1,16.90,28.17,true,1,
761720051108,false,"קארו סירופ תירס בהיר 470 מ""ל",,,קארו סירופ תירס בהיר,מיליליטרים,470.00,"100 מ""ל",false,1,35.60,7.57,true,1,
768404001640,false,"בן אנד גריס בטעם קפה 500 מ""ל",,,בן אנד גריס בטעם קפה,מיליליטרים,500.00,"100 מ""ל",false,1,25.90,5.18,true,1,
769904000997,false,שקדי מרק דגש 200 גרם,,,"שקדי מרק דג""ש 200 ג",גרמים,200.00,100 גרם,false,1,15.90,7.95,true,1,
777915888299,false,"אקיטה רוטב סויה ללא גלוטן 450 מ""ל",,,אקיטה רוטב סויה ללא,מיליליטרים,450.00,"100 מ""ל",false,1,18.90,4.20,true,1,
788434104821,false,ONE חטיף חמאת בוטנים 60 גרם,,US,ONE חטיף חמאת בוטנים,גרמים,60.00,100 גרם,false,1,17.90,29.83,true,1,
788434108515,false,ONE חטיף חלבון שוקולד בראוניז 60 גרם,,US,ONE חטיף חלבון שוקול,גרמים,60.00,100 גרם,false,1,17.90,29.83,true,1,
788434108812,false,ONE חטיף חלבון שוקולד ציפס 60 גרם,,US,ONE חטיף חלבון שוקול,גרמים,60.00,100 גרם,false,1,17.90,29.83,true,1,
811538013031,false,"רום כהה מתובל קראקן 700 מ""ל",,,רום כהה מתובל קראקן,מיליליטרים,700.00,"100 מ""ל",false,1,130.90,18.70,true,1,
818570007066,false,"וטקינס וניל טהור 29 מ""ל",,,וטקינס וניל טהור 29,מיליליטרים,29.00,"100 מ""ל",false,1,32.80,113.10,true,1,
819046000086,false,אינקה ציפס בטטה 142 גר,,,אינקה ציפס בטטה 142,גרמים,142.00,100 גרם,false,1,19.90,14.01,true,1,
819046001274,false,אינקה ציפס ירקות שורש טרופיים 142 גר,,,אינקה ציפס ירקות שור,גרמים,142.00,100 גרם,false,1,19.90,14.01,true,1,
833949000264,false,"סירופ מייפל אמיתי 100% אורגני 250 מ""ל",,,סירופ מייפל אמיתי,מיליליטרים,250.00,"100 מ""ל",false,1,36.90,14.76,true,1,
835811000167,false,נר נשמה בזכוכית לשבעה ימים,,CN,נר נשמה בזכוכית לשבע,Unknown,0.00,Unknown,false,1,10.90,10.90,true,1,
835811000396,false,"נייר אפייה לתבנית מוארכת 28*10 ס""מ 30 יח",,CN,נ.אפייה הנמל תבנית מ,Unknown,0.00,Unknown,false,1,9.90,9.90,true,1,
835811000419,false,כפיות קרם 50 יח,,TR,כפיות קרם 50 יח,Unknown,0.00,Unknown,false,1,21.90,21.90,true,1,
835811000433,false,סכינים קרם 50 יח,,TR,סכינים קרם 50 יח,Unknown,0.00,Unknown,false,1,21.90,21.90,true,1,
835811001652,false,כוס לשתייה קרה 330 סמק 40 יח,,,כוס לשתייה קרה הנמל,Unknown,0.00,Unknown,false,1,13.20,13.20,true,1,
835811002390,false,"שיפודים יקיטורי מבמבוק 15 ס""מ 100 יח",,,שיפודים יקיטורי מבמב,Unknown,0.00,Unknown,false,1,9.90,9.90,true,1,
835811003816,false,קופסת אחסון מלבן 2 ל 3 יח,,CN,קופסת אחסון מלבן 2 ל,Unknown,0.00,Unknown,false,1,14.50,14.50,true,1,
835811003830,false,גביעי אחסון עגול 1 ל 6 יח,,CN,גביעי אחסון עגול 1 ל,Unknown,0.00,Unknown,false,1,14.50,14.50,true,1,
835811003854,false,"גביעי אחסון עגול 250 מ""ל 10 יח",,CN,גביעי אחסון עגול 250,Unknown,0.00,Unknown,false,1,14.50,14.50,true,1,
835811004455,false,קש מנייר צבעוני 125 יח,,CN,קש מנייר צבעוני 125,Unknown,0.00,Unknown,false,1,10.50,10.50,true,1,
835811004523,false,קשים לשייק 75 יח,,CN,קשים לשייק 75 יח,Unknown,0.00,Unknown,false,1,11.40,11.40,true,1,
835811004707,false,פרורי לחם מוזהב הנמל 440 גרם,,IL,פרורי לחם מוזהב הנמל,גרמים,440.00,100 גרם,false,1,7.50,1.70,true,1,
835811005025,false,סיר אלומיניום בינוני עם מכסה 2 יח,,,סיר אלומיניום בינוני,Unknown,0.00,Unknown,false,1,18.50,18.50,true,1,
835811005339,false,שקיות אוכל זוג 150*2,,,שקיות אוכל הנמל זוג,Unknown,0.00,Unknown,false,1,12.50,12.50,true,1,
835811005407,false,קפה לדרך ענק 12 יח+ מכסה 12,,,קפה לדרך ענק 12 יח+,Unknown,0.00,Unknown,false,1,20.90,20.90,true,1,
835811006237,false,צלחות קטנות מקנה סוכר טבעי 25 יח,,,צלחות קטנות מקנה סוכ,Unknown,0.00,Unknown,false,1,15.60,15.60,true,1,
835811006770,false,תבנית הנמל מגש הכסף,,,תבנית הנמל מגש הכסף,Unknown,0.00,Unknown,false,1,15.50,15.50,true,1,
835811007357,false,סלטינות אובלי 25 יח,,TR,סלטינות הנמל אובלי 2,Unknown,0.00,Unknown,false,1,8.90,8.90,true,1,
835811007494,false,גלטין דגים טהור 28 גרם,,,גלטין דגים טהור 28,Unknown,0.00,Unknown,false,1,12.90,12.90,true,1,
835811008347,false,גפרור ענק,,,גפרור ענק,Unknown,0.00,Unknown,false,1,8.70,8.70,true,1,
835811008941,false,סכינים 50 יח שקוף/קרם עבה במיוחד,,TR,סכינים שקוף 50 יח,Unknown,0.00,Unknown,false,1,21.90,21.90,true,1,
835811008958,false,כפיות 50 יח שקוף/קרם עבה במיוחד,,TR,כפיות שקוף 50 יח,Unknown,0.00,Unknown,false,1,21.90,21.90,true,1,
835811008996,false,כוסות קרטון 50 יח 10 OZ,,CN,כוסות קרטון הנמל 50,Unknown,0.00,Unknown,false,1,19.90,19.90,true,1,
835811009016,false,כוסות קרטון 50 יח 4 OZ,,,כוסות קרטון 50 יח 4,Unknown,0.00,Unknown,false,1,19.90,19.90,true,1,
835811009214,false,צלחות אלגנט קטן 18 יח,,,צלחות הנמל אלגנט קטן,Unknown,0.00,Unknown,false,1,35.90,35.90,true,1,
835811009412,false,צלחות קטנות 25 יח 7 צבע מעורב,,CN,צלחות קטנות 25 יח,Unknown,0.00,Unknown,false,1,12.50,12.50,true,1,
835811009436,false,צלחת ענק צבע 25 יח מעורב,,,צלחת ענק צבע 25 יח מ,Unknown,0.00,Unknown,false,1,33.90,33.90,true,1,
835811009795,false,כוס מרובעת 10 יח 10 OZ,,,כוס הנמל מרובעת 20 י,Unknown,0.00,Unknown,false,1,22.90,22.90,true,1,
840294102963,false,מיטה מלבנית70*50,,,מיטה מלבנית70*50,Unknown,0.00,Unknown,false,1,139.90,139.90,true,1,
844510012067,false,"יין יצחק רם קברנה פרנק 750 מ""ל",,,יין יצחק רם קברנה פר,Unknown,0.00,Unknown,false,1,109.00,109.00,true,1,
844510012203,false,"יין יצחק רם קברנה סוביניון 750 מ""ל",,IL,יין יצחק רם קברנה סו,מיליליטרים,750.00,"100 מ""ל",false,1,115.90,15.45,true,1,
844510012227,false,"יין פרדס 750 מ""ל רמת חברון",,IL,"יין פרדס 750 מ""ל רמת",מיליליטרים,750.00,"100 מ""ל",false,1,115.90,15.45,true,1,
844510012241,false,"יין רמת ירושלים 750 מ""ל רמת חברון",,IL,יין רמת ירושלים 750,מיליליטרים,750.00,"100 מ""ל",false,1,115.90,15.45,true,1,
844510013088,false,יין ירושלים הילז סוביניון בלאן לב 750 מל,,IL,יין ירושלים הילז סוב,מיליליטרים,750.00,"100 מ""ל",false,1,45.90,6.12,true,1,
844510013125,false,"יין ירושלים הילז מרלו 750 מ""ל",,IL,יין ירושלים הילז מרל,מיליליטרים,750.00,"100 מ""ל",false,1,45.90,6.12,true,1,
850307005662,false,אטריות ביצים חינקל 500 גר,,,אטריות ביצים חינקל 5,גרמים,500.00,100 גרם,false,1,10.90,2.18,true,1,
850307005716,false,אטריות ביצים בורג 500 גר,,,אטריות ביצים בורג 50,גרמים,500.00,100 גרם,false,1,10.90,2.18,true,1,
851621000043,false,"בירה 1664 Blanc בקבוק 330 מ""ל",,,בירה 1664 Blanc בקבו,מיליליטרים,330.00,"100 מ""ל",false,1,10.50,3.18,true,1,
851621000050,false,"שישיית בירה 1664 Blanc בקבוק 330 מ""ל",,,שישיית בירה 1664 Bla,מיליליטרים,1980.00,"100 מ""ל",false,1,44.90,2.27,true,1,
856015003884,false,סוכריות חמוצות קיזנדי ללא סוכר לימון 35,,US,סוכריות חמוצות קיזנד,גרמים,35.00,100 גרם,false,1,6.90,19.71,true,1,
856015003976,false,סוכריות חמוצות קיזנדי ללא סוכר דובדבן35,,US,סוכריות חמוצות קיזנד,גרמים,35.00,100 גרם,false,1,6.90,19.71,true,1,
856015004454,false,סוכריות חמוצות קיזנדי ללא סוכר אבטיח35ג,,US,סוכריות חמוצות קיזנד,גרמים,35.00,100 גרם,false,1,6.90,19.71,true,1,
856015004461,false,סוכריות חמוצות קיזנדי ללא סוכר תות 35 ג,,US,סוכריות חמוצות קיזנד,גרמים,35.00,100 גרם,false,1,6.90,19.71,true,1,
856134000719,false,מרמלדה לימון ותפוז 265 גר Kharkovchanka,,UA,מרמלדה לימון ותפוז 2,גרמים,265.00,100 גרם,false,1,15.90,6.00,true,1,
856591000055,false,עבאדי עוגיות מזרחיות קריספי 400 גרם,,,עבאדי עוגיות מזרחיות,גרמים,400.00,100 גרם,false,1,19.70,4.93,true,1,
856591000062,false,עבאדי עוגיות מזרחיות מלח 400 גרם,,,עבאדי עוגיות מזרחיות,גרמים,400.00,100 גרם,false,1,19.70,4.93,true,1,
856591000109,false,עבאדי עוגיות מזרחיות פריך במיוחד 400 גרם,,,עבאדי עוגיות מזרחיות,גרמים,400.00,100 גרם,false,1,19.70,4.93,true,1,
856591000512,false,עבאדי עוגיות מזרחיות מקלות לניגוב 400 גר,,,עבאדי עוגיות מזרחיות,גרמים,400.00,100 גרם,false,1,19.70,4.93,true,1,
856591000918,false,מארז חטיף טבעי 8*40 גרם,,IL,מארז חטיף טבעי 8*40,גרמים,320.00,100 גרם,false,1,21.90,6.84,true,1,
856591000949,false,עבאדי - מאפה חיטה מלוח 350 גר,,,מאפה חיטה עבאדי מלוח,גרמים,35000.00,100 גרם,false,1,21.90,0.06,true,1,
856591000970,false,מאפה חיטה עבאדי מקלונים בטעם חריף 400 גר,,,מאפה חיטה עבאדי מקלו,גרמים,400.00,100 גרם,false,1,19.70,4.93,true,1,
859547004084,false,ספוג ניקוי SCRUB DADDY LEMON,,,ספוג ניקוי SCRUB DA,יחידה,1.00,יחידה,false,1,19.90,19.90,true,1,
859547004466,false,קירצוף וספוג ניקוי SCRUB DADDY,,,קירצוף וספוג ניקוי,יחידה,1.00,יחידה,false,1,19.90,19.90,true,1,
884912004710,false,דגנים גרייפ נאט 464 גרם,,,דגנים גרייפ נאט 464,גרמים,464.00,100 גרם,false,1,34.90,7.52,true,1,
884912102102,false,דגני סלקט עם אוכמניות 382 גרם פוסט,,,דגני סלקט עם אוכמניו,גרמים,382.00,100 גרם,false,1,26.90,7.04,true,1,
884912111715,false,דגני פוסט האני קומב 354 גר,,US,דגני פוסט האני קומב,גרמים,354.00,100 גרם,false,1,23.70,6.69,true,1,
884912116505,false,דגני סלקט בננה 369 גרם פוסט,,,דגני סלקט בננה 369 ג,גרמים,369.00,100 גרם,false,1,26.90,7.29,true,1,
884912117625,false,דגני פוסט גולדן קריספ 418 גר,,US,דגני פוסט גולדן קריס,גרמים,418.00,100 גרם,false,1,23.70,5.67,true,1,
884912126115,false,דגני סלקט גרייט גריינס 454 גרם פוסט,,,דגני סלקט גרייט גרי,גרמים,454.00,100 גרם,false,1,26.90,5.93,true,1,
884912129512,false,דגני בוקר קוקו פבלס פלינסטון 311 גר,,US,דגני בוקר קוקו פבלס,גרמים,311.00,100 גרם,false,1,24.90,8.01,true,1,
884912342737,false,דגני פוסט וואפל קריספ 326 גר,,,דגני פוסט וואפל קריס,גרמים,326.00,100 גרם,false,1,23.70,7.27,true,1,
884912359155,false,האני באנצס רוסטד 340 גר,,,האני באנצס רוסטד 340,גרמים,340.00,100 גרם,false,1,24.90,7.32,true,1,
884912359162,false,האני באנצס קינמון 340 גר,,,האני באנצס עם שקדים,גרמים,340.00,100 גרם,false,1,24.90,7.32,true,1,
884912359414,false,האני באנצס עם קינמון 340 גר,,US,האני באנצס עם קינמון,גרמים,340.00,100 גרם,false,1,24.90,7.32,true,1,
884912359421,false,האני באנצס רוסטד 340 גר,,US,האני באנצס רוסטד 340,גרמים,340.00,100 גרם,false,1,24.90,7.32,true,1,
884912359483,false,האני באנצס עם תות 311 גר,,US,האני באנצס עם תות 31,גרמים,311.00,100 גרם,false,1,24.90,8.01,true,1,
884912365200,false,דגני בוקר אוראו עוגיות 311 גר,,,דגני בוקר אוראו עוגי,גרמים,311.00,100 גרם,false,1,23.90,7.68,true,1,
884912377142,false,האני באנצס בטעם וניל 340 גר,,US,האני באנצס בטעם וניל,גרמים,340.00,100 גרם,false,1,24.90,7.32,true,1,
885860001338,false,יין טו ווינס שיראז 750 מל,,,יין טו ווינס שיראז,Unknown,0.00,Unknown,false,1,49.90,49.90,true,1,
890582000723,false,"יין סנגריה לוליילו לבנה 750 מ""ל",,ES,יין סנגריה לוליילו ל,Unknown,0.00,Unknown,false,1,31.90,31.90,true,1,
893594002068,false,חטיף פופקורן עם מלח 32 גר,PepsiCo inc. Frito lay Division,US,חטיף פופקורנס מלח ים,גרמים,28.00,100 גרם,false,1,6.50,23.21,true,1,
898193001252,false,חליטת קמומיל 28 גרם בונומלי,,,חליטת קמומיל 28 גרם,Unknown,0.00,Unknown,false,1,16.90,16.90,true,1,
960860015432,false,"עוגיות קלות ללת""ס קמח מלא 200 גר",,,עוגיות מקמח מלא,גרמים,200.00,100 גרם,false,1,15.90,7.95,true,1,
1220000070431,false,"יין דליקאטו זינפנדל 750 מ""ל",,US,יין דליקאטו זינפנדל,Unknown,0.00,Unknown,false,1,57.90,57.90,true,1,
2261746002521,false,גבינת בלו סטילטון אנגלית במשקל,,,גבינת בלו סטילטון,Unknown,0.00,"ק""ג",true,0,189.00,189.00,true,1,
3014260022730,false,מב.שיניים אדוונטג 40 מדיום אורל בי זוג,,,מב.שיניים אדוונטג 40,Unknown,0.00,Unknown,false,1,29.50,29.50,true,1,
3035542004206,false,"ליקר קוואנטרו 700 מ""ל",,,"ליקר קוואנטרו 700 מ""",מיליליטרים,700.00,"100 מ""ל",false,1,136.90,19.56,true,1,
3046920010801,false,לינדט שוקולד אקסלנס הזלנט 100 גר,,,לינדט שוקולד אקסלנס,גרמים,100.00,100 גרם,false,1,16.90,16.90,true,1,
3046920010856,false,לינדט שוקולד אקסלנס לימון גינגיר 100 גר,,CH,לינדט שוקולד אקסלנס,גרמים,100.00,100 גרם,false,1,16.90,16.90,true,1,
3046920016377,false,לינדט שוקולד אקסלנס מריר 100% קקאו 50 גר,,FR,לינדט שוקולד אקסלנס,גרמים,50.00,100 גרם,false,1,16.90,33.80,true,1,
3046920027281,false,לינדט אקס קרמל סולט 100 גרם,,,לינדט אקס קרמל סולט,גרמים,100.00,100 גרם,false,1,16.90,16.90,true,1,
3046920028004,false,לינדט שוקולד אקסלנס מריר 70% 100 גר,,,לינדט שוקולד אקסלנס,גרמים,100.00,100 גרם,false,1,16.90,16.90,true,1,
3046920028363,false,לינדט אקסלנס 85% 100 גרם,,,לינדט אקסלנס 85% 100,גרמים,100.00,100 גרם,false,1,16.90,16.90,true,1,
3046920028752,false,לינדט אקסלנס מינט 100 גרם,,,לינדט אקסלנס מינט 10,גרמים,100.00,100 גרם,false,1,16.90,16.90,true,1,
3046920029674,false,לינדט אקס סולט 100 גר,,,לינדט אקס סולט 100 ג,גרמים,100.00,100 גרם,false,1,16.90,16.90,true,1,
3046920029681,false,לינדט שוקולד אקסלנס מילד 85% קקאו 100 גר,,DE,לינדט שוקולד אקסלנס,גרמים,100.00,100 גרם,false,1,16.90,16.90,true,1,
3046920029759,false,"לינדט אקס 90%, 100 גרם",,,"לינדט אקס 90%, 100 ג",גרמים,100.00,100 גרם,false,1,16.90,16.90,true,1,
3049197110076,false,"קוניאק קורבזייה 700 מ""ל V.S",,FR,קוניאק קורבזייה 700,מיליליטרים,700.00,"100 מ""ל",false,1,157.90,22.56,true,1,
3049197210776,false,"קוניאק VSOP קורבזייה 700 מ""ל",,,קוניאק VSOP קורבזיי,מיליליטרים,700.00,"100 מ""ל",false,1,209.90,29.99,true,1,
3059940007768,false,איירוויק ספריי טבעי וניל ואורכידאה,,,איירוויק ספריי טבעי,מיליליטרים,300.00,"100 מ""ל",false,1,11.90,3.97,true,1,
3067140013113,false,ציקוריה קטן 100 גרם,,,ציקוריה קטן 100 גרם,גרמים,100.00,100 גרם,false,1,29.90,29.90,true,1,
3068320011707,false,שישייה מים אויאן 1 ליטר,,,שישייה מים אויאן 1 ל,ליטרים,0.01,ליטר,false,1,62.90,6290.00,true,1,
3068320014067,false,מים מינרלים אוויאן 750 מל,,,מים מינרלים אוויאן 7,מיליליטרים,1000.00,"100 מ""ל",false,1,10.90,1.09,true,1,
3068320017846,false,מים מינרלים אוויאן 1 ליטר,,,מים מינרלים אוויאן 1,מיליליטרים,1000.00,"100 מ""ל",false,1,11.50,1.15,true,1,
3068320085005,false,מים מינלים אוויאן 1.5 ליטר,,,מים מינלים אוויאן 1.,ליטרים,0.00,ליטר,false,1,14.60,14.60,true,1,
3068320103389,false,"מים מינרלים אוויאן 750 מ""ל זכוכית",,,מים מינרלים אוויאן 7,מיליליטרים,750.00,"100 מ""ל",false,1,13.90,1.85,true,1,
3068320103631,false,מים מינרלים אוויאן 330 מל זכוכית,,,מים מינרלים אוויאן,מיליליטרים,330.00,"100 מ""ל",false,1,7.90,2.39,true,1,
3068320127644,false,מים מינרלים אוויאן מבעבע 330 מל זכוכית,,,מים מינרלים אוויאן מ,מיליליטרים,330.00,"100 מ""ל",false,1,7.90,2.39,true,1,
3073780574242,false,גבינה לה וואש קירי 16 280 גר,,,גבינה לה וואש קירי,גרמים,280.00,100 גרם,false,1,30.50,10.89,true,1,
3073780574310,false,גבינה לה וואש קירי 24 400 גר,,,גבינה לה וואש קירי,גרמים,400.00,100 גרם,false,1,45.50,11.38,true,1,
3073780591591,false,גבינה לה וואש קירי 12 192 גרם,,,גבינה לה וואש קירי,גרמים,192.00,100 גרם,false,1,23.00,11.98,true,1,
3073780593083,false,גבינה לה וואש קירי 32 480 גר,,,גבינה לה וואש קירי,גרמים,480.00,100 גרם,false,1,51.50,10.73,true,1,
3073781077278,false,גבינה לה וואש קירי 12 200 גר,,,גבינה לה וואש קירי,גרמים,200.00,100 גרם,false,1,21.90,10.95,true,1,
3073781162790,false,בייבי בל אדם 120 גר,,,בייבי בל אדם 120 גר,גרמים,120.00,100 גרם,false,1,21.90,18.25,true,1,
3090291123035,false,מונטאוור פרוסות 125 גרם,,,מונטאוור פרוסות 125,גרמים,125.00,100 גרם,false,1,23.90,19.12,true,1,
3090291389400,false,פול אפי קלאסי פרוסות 150 גרם,,,פול אפי קלאסי פרוסות,גרמים,150.00,100 גרם,false,1,25.90,17.27,true,1,
3092718586751,false,"סירופ גרנדין פירות יער 600 מ""ל טסייר",,,סירופ גרנדין פירות י,מיליליטרים,600.00,"100 מ""ל",false,1,40.80,6.80,true,1,
3147690014607,false,יין פורט קאלווארש 750 מל,,,יין פורט קאלווארש 75,Unknown,0.00,Unknown,false,1,56.90,56.90,true,1,
3161420001972,false,"ברנדי סנט רמי 700 מ""ל VSOP",,,"ברנדי סנט רמי 700 מ""",מיליליטרים,700.00,"100 מ""ל",false,1,83.90,11.99,true,1,
3161712996108,false,מיני קממבר 125 גרם,,,מיני קממבר 125 גרם,גרמים,125.00,100 גרם,false,1,27.50,22.00,true,1,
3161712996153,false,מיני ברי כחולה 125 גרם,,,מיני ברי כחולה 125 ג,גרמים,125.00,100 גרם,false,1,27.50,22.00,true,1,
3161911229199,false,אלוויר חמאה רכה 250 גר,,,אלוויר חמאה רכה 250,גרמים,250.00,100 גרם,false,1,23.90,9.56,true,1,
3161911366429,false,אלוויר חמאה רכה מלוחה 250 גר,,,אלוויר חמאה רכה מלוח,גרמים,250.00,100 גרם,false,1,23.90,9.56,true,1,
3161911393210,false,אלוויר חמאה נורמנדי מלוחה 200 גרם,,FR,אלוויר חמאה נורמנדי,גרמים,200.00,100 גרם,false,1,21.90,10.95,true,1,
3175460000017,false,גבינת בורסאן שום ועשבי תיבול 150 גר,,,גבינת בורסאן שום 150,גרמים,150.00,100 גרם,false,1,24.90,16.60,true,1,
3175460000864,false,גבינת בורסאן טבעי 150 גר,,,גבינת בורסאן טבעי 15,גרמים,150.00,100 גרם,false,1,24.90,16.60,true,1,
3175460030083,false,גבינת בורסאן בצל ועירית 150 גר,,,גבינת בורסאן בצל ועי,גרמים,150.00,100 גרם,false,1,24.90,16.60,true,1,
3178530402353,false,מיני מדליינס סאן מישל 175 גרם,,,מיני מדליינס סאן מיש,גרמים,175.00,100 גרם,false,1,12.90,7.37,true,1,
3178530412703,false,דונאט עם שוקולד 180 גרם,,,דונאט עם שוקולד 180,גרמים,180.00,100 גרם,false,1,15.90,8.83,true,1,
3179730011017,false,"מים מינרלים פירייה 750 מ""ל זכוכית",,,מים מינרלים פירייה 7,מיליליטרים,750.00,"100 מ""ל",false,1,12.90,1.72,true,1,
3211200008049,false,"יין לאודלה רוזה 750 מ""ל",,FR,יין לאודלה רוזה 750,מיליליטרים,750.00,"100 מ""ל",false,1,49.90,6.65,true,1,
3211200108756,false,"יין מיזון קסטל מרלו רוזה 750 מ""ל",,,יין מיזון קסטל מרלו,Unknown,0.00,Unknown,false,1,48.90,48.90,true,1,
3211201046439,false,מיזון קסטל קברנה סוביניון 750 מל,,,מיזון קסטל קברנה סוב,Unknown,0.00,Unknown,false,1,48.90,48.90,true,1,
3211201046460,false,"מיזון קסטל מרלו 750 מ""ל",,,מיזון קסטל מרלו 750,Unknown,0.00,Unknown,false,1,48.90,48.90,true,1,
3211201046521,false,מיזון קסטל סוביניון בלאן 750 מל,,,מיזון קסטל סוביניון,Unknown,0.00,Unknown,false,1,48.90,48.90,true,1,
3211201046613,false,מיזון קסטל בורדו מרלו 750 מל,,,מיזון קסטל בורדו מרל,Unknown,0.00,Unknown,false,1,52.90,52.90,true,1,
3211201046644,false,"קסטל קוט דו רון גראנש סירה 750 מ""ל",,,מיזון קסטל קוט דו רו,Unknown,0.00,Unknown,false,1,52.90,52.90,true,1,
3211203429315,false,ברון דה לסטאק בלאן בורדו 750 מל,,,ברון דה לסטאק בלאן,Unknown,0.00,Unknown,false,1,65.90,65.90,true,1,
3211203433220,false,ברון דה לסטאק בורדו 750 מל,,,ברון דה לסטאק בורדו,Unknown,0.00,Unknown,false,1,65.90,65.90,true,1,
3211203444066,false,מיזון קסטל גרנד רזרב שרדונה 750 מל,,,מיזון קסטל גרנד רזרב,Unknown,0.00,Unknown,false,1,52.90,52.90,true,1,
3211203444103,false,מיזון קסטל גרנד רזרב ק. סוביניון 750 מ,,,מיזון קסטל גרנד רזרב,Unknown,0.00,Unknown,false,1,52.90,52.90,true,1,
3211203444141,false,מיזון קסטל גרנד רזרב סירה 750 מל,,,מיזון קסטל גרנד רזרב,Unknown,0.00,Unknown,false,1,52.90,52.90,true,1,
3211203448347,false,שאטו דו לורט בורדו 750 מל,,,שאטו דו לורט בורדו,Unknown,0.00,Unknown,false,1,67.90,67.90,true,1,
3211209117964,false,"מיזון קסטל קוט דה פרובנס רוזה 750 מ""ל",,,מיזון קסטל קוט דה פר,Unknown,0.00,Unknown,false,1,67.90,67.90,true,1,
3211209118039,false,יין מיזון קסטל לנגדוק 750 מל,,,יין מיזון קסטל לנגדו,Unknown,0.00,Unknown,false,1,52.90,52.90,true,1,
3211209133544,false,"יין שאטו גואלן 750 מ""ל",,FR,יין שאטו גואלן 750 מ,מיליליטרים,750.00,"100 מ""ל",false,1,73.90,9.85,true,1,
3211209134510,false,"יין שאטו דה הוט קולון 750 מ""ל",,FR,יין שאטו דה הוט קולו,מיליליטרים,750.00,"100 מ""ל",false,1,142.90,19.05,true,1,
3211209134886,false,שאטו פראנד גראב 750 מל,,,שאטו פראנד גראב,Unknown,0.00,Unknown,false,1,122.90,122.90,true,1,
3211209136347,false,שאטו לאטור קומבלאנה קוט דה בורדו 750 מל,,,שאטו לאטור קומבלאנה,Unknown,0.00,Unknown,false,1,83.90,83.90,true,1,
3211209139232,false,שאטו דארסין קרו בורזואה הו מדוק 750 מל,,,שאטו דארסין קרו,Unknown,0.00,Unknown,false,1,120.90,120.90,true,1,
3211209140214,false,שאטו טור פרינאק גראן רזרב מדוק 750 מל,,,שאטו טור פרינאק גראן,Unknown,0.00,Unknown,false,1,125.90,125.90,true,1,
3211209194507,false,מיזון קסטל שרדונה 750 מל,,,מיזון קסטל שרדונה 75,Unknown,0.00,Unknown,false,1,48.90,48.90,true,1,
3211209217602,false,מיזון רוזה דאנזו חצי מתוק 750 מל,,,מיזון רוזה דאנזו חצי,Unknown,0.00,Unknown,false,1,52.90,52.90,true,1,
3211209219743,false,פ זאנטה קוט דה רון וילאג 750 מל,,,פ זאנטה קוט דה רון,Unknown,0.00,Unknown,false,1,51.90,51.90,true,1,
3211209265900,false,"יין פמלי קסטל ברוט מבעבע 750 מ""ל",,,יין מיזון קסטל ברוט,Unknown,0.00,Unknown,false,1,65.90,65.90,true,1,
3211209282167,false,"מיזון קסטל ברוט רוזה מבעבע 750 מ""ל",,,מיזון קסטל ברוט רוזה,Unknown,0.00,Unknown,false,1,65.90,65.90,true,1,
3211209719342,false,שאטו דו בוסקה קוט דה בורג 750 מל,,,שאטו דו בוסקה קוט דה,Unknown,0.00,Unknown,false,1,86.90,86.90,true,1,
3211209972174,false,"יין לה קלנדיירס 750 מ""ל",,,יין לה קלנדיירס 750,Unknown,0.00,Unknown,false,1,41.90,41.90,true,1,
3211209973348,false,"יין לאודלה מרסלן סירה 750 מ""ל",,FR,יין לאודלה מרסלן סיר,מיליליטרים,750.00,"100 מ""ל",false,1,49.90,6.65,true,1,
3211209987529,false,שאטו קבלייר רוזה קוט דה פרובאנס 1.5 ל,,,שאטו קבלייר רוזה קוט,Unknown,0.00,Unknown,false,1,176.90,176.90,true,1,
3211209987550,false,שאטו קבלייר רוזה קוט דה פרובאנס 750,,,שאטו קבלייר רוזה קוט,Unknown,0.00,Unknown,false,1,70.90,70.90,true,1,
3211209990826,false,"יין לאודלה שרדונה 750 מ""ל",,FR,יין לאודלה שרדונה 75,מיליליטרים,750.00,"100 מ""ל",false,1,49.90,6.65,true,1,
3211209990833,false,"יין לאודלה לה פטיט לבן 750 מ""ל",,FR,יין לאודלה לה פטיט ל,מיליליטרים,750.00,"100 מ""ל",false,1,38.90,5.19,true,1,
3211209991793,false,ברון דה לסטק בורדו מואל לבן חצי מתוק 750,,,ברון דה לסטק בורדו מ,Unknown,0.00,Unknown,false,1,65.90,65.90,true,1,
3211209999553,false,"יין לאודלה קברנה סוביניון 750 מ""ל",,FR,יין לאודלה קברנה סוב,מיליליטרים,750.00,"100 מ""ל",false,1,49.90,6.65,true,1,
3211209999584,false,"יין לאודלה מרלו 750 מ""ל",,FR,יין לאודלה מרלו 750,מיליליטרים,750.00,"100 מ""ל",false,1,49.90,6.65,true,1,
3245995960015,false,הנסי 700 V.S באריזת מתנה,,,הנסי 700 V.S באריזת,מיליליטרים,700.00,"100 מ""ל",false,1,157.90,22.56,true,1,
3256760106408,false,פלשארד בסגנון פטה 500 גר,,,פלשארד בסגנון פטה 50,גרמים,500.00,100 גרם,false,1,13.50,2.70,true,1,
3263280107310,false,"קוארפו פינה קולדה 700 מ""ל",,,קוארפו פינה קולדה 7,מיליליטרים,700.00,"100 מ""ל",false,1,65.90,9.41,true,1,
3263286529321,false,"יין שבלי 750 מ""ל",,,יין שבלי בובייה & פי,Unknown,0.00,Unknown,false,1,114.90,114.90,true,1,
3267682136176,false,ויסקי היילנד קווין בלנדד 1 ליטר,,,ויסקי היילנד קווין ב,ליטרים,0.00,ליטר,false,1,94.90,94.90,true,1,
3269863001891,false,"ברנדי דרוסארק נפולאון 70 מ""ל מארז שי",,,ברנדי דרוסארק נפולאו,מיליליטרים,700.00,"100 מ""ל",false,1,84.90,12.13,true,1,
3270620001757,false,"קוניאק VS לואי רוייה 700 מ""ל",,,קוניאק VS לואי רוייה,מיליליטרים,700.00,"100 מ""ל",false,1,159.90,22.84,true,1,
3271470759935,false,"סיידר אותנטיק יבש 750 מ""ל",,,סיידר אותנטיק יבש,מיליליטרים,750.00,"100 מ""ל",false,1,23.90,3.19,true,1,
3274551885561,false,פיליפ דרסלר אלזס גוורצטרמינר 750 מל,,,פיליפ גוורצטרמינר,Unknown,0.00,Unknown,false,1,73.90,73.90,true,1,
3274664142452,false,מאגדת גלידה קוטדור וניל רביעייה 260 גרם,,FR,מאגדת גלידה קוטדור ו,גרמים,260.00,100 גרם,false,1,59.90,23.04,true,1,
3276210811102,false,יין אדום יבש פינו נואר 750 מל,,,יין לה פטיט פרייר יב,Unknown,0.00,Unknown,false,1,52.90,52.90,true,1,
3296180007794,false,"יין מיראבל סטודיו 750 מ""ל",,FR,יין מיראבל סטודיו יב,מיליליטרים,750.00,"100 מ""ל",false,1,94.90,12.65,true,1,
3296184016242,false,"יין מירבאל רוזה 750 מ""ל",,,יין מירבאל רוזה 750,מיליליטרים,750.00,"100 מ""ל",false,1,125.90,16.79,true,1,
3328640121945,false,וויסקי היילנד קווין בלנדד שרי פיניש 1 ל,,,וויסקי היילנד קווין,מיליליטרים,1000.00,"100 מ""ל",false,1,104.90,10.49,true,1,
3328640121976,false,"ויסקי היילנד קווין בלנדד 700 מ""ל",,,ויסקי היילנד קווין ב,מיליליטרים,700.00,"100 מ""ל",false,1,79.90,11.41,true,1,
3333780204991,false,"יין שאטו סנטר לבן 750 מ""ל",,,יין שאטו סנטר לבן 75,Unknown,0.00,Unknown,false,1,104.90,104.90,true,1,
3335121604934,false,חרדל דיגון 370 גרם (חלק),,,חרדל דיגון 370 גרם (,גרמים,370.00,100 גרם,false,1,11.90,3.22,true,1,
3387390320244,false,דגני בוקר פיטנס עם פירות 375 גרם,,,דגני בוקר פיטנס עם פ,גרמים,375.00,100 גרם,false,1,22.90,6.11,true,1,
3387390525960,false,דגני בוקר קראנץ 500 גרם,,,דגני בוקר קראנץ 500,גרמים,500.00,100 גרם,false,1,24.90,4.98,true,1,
3412290023640,false,אמנטל צרפתי ארוז 250 גר,,,אמנטל צרפתי ארוז 250,גרמים,250.00,100 גרם,false,1,29.30,11.72,true,1,
3415581187113,false,האגן דאז קרמל בראוניס,,,האגן דאז קרמל בראוני,מיליליטרים,500.00,"100 מ""ל",false,1,26.90,5.38,true,1,
3445850070778,false,"מלח ים אטלנטי טבעי אורגני 1 ק""ג",,,מלח ים אטלנטי טבעי א,גרמים,1000.00,100 גרם,false,1,27.80,2.78,true,1,
3451271002809,false,"יין אלן זופרואה שאבלי 750 מ""ל",,,אלן זופרואה שאבלי,Unknown,0.00,Unknown,false,1,109.90,109.90,true,1,
3451276001012,false,"יין גופרואה פטיט שאבלי 750 מ""ל",,FR,יין גופרואה פטיט שאב,מיליליטרים,750.00,"100 מ""ל",false,1,94.90,12.65,true,1,
3451790476945,false,קרם ציז במשקל,,,קרם ציז במקשל,Unknown,0.00,"ק""ג",true,0,82.00,82.00,true,1,
3472710055040,false,טראפלס קקאו 150 גרם,,NL,טראפלס קקאו 150 גרם,גרמים,150.00,100 גרם,false,1,9.90,6.60,true,1,
3480341002685,false,טרטר אפרטיף בסגנון פרובנס 101 גר,,,טרטר אפרטיף בסגנון פ,גרמים,101.00,100 גרם,false,1,25.90,25.64,true,1,
3480341002692,false,טרטר אפרטיף בסגנון איטלקי 100 גר,,,טרטר אפרטיף בסגנון א,גרמים,100.00,100 גרם,false,1,25.90,25.90,true,1,
3500610093708,false,גיי פי שנה רוזה מבעבע 750 מל,,,גיי פי שנה רוזה מבעב,Unknown,0.00,Unknown,false,1,45.90,45.90,true,1,
3500610096174,false,מבעבע בלאן פוסי אייס רוזה חצי יבש 750 מ,,,מבעבע בלאן פוסי אייס,Unknown,0.00,Unknown,false,1,56.90,56.90,true,1,
3500610135903,false,"יין רוזה יבש לה באום לונגדוק 750 מ""ל",,FR,יין רוזה יבש לה באום,גרמים,750.00,100 גרם,false,1,64.90,8.65,true,1,
3523230025638,false,מיני בושה עיזים טבעי 125 גר,,,גבינה מיני בושה עיזי,גרמים,125.00,100 גרם,false,1,25.90,20.72,true,1,
3523230025652,false,מיני בושה עם שום ועשי תיבול 125 גר,,,גבינה מיני בושה,גרמים,125.00,100 גרם,false,1,25.90,20.72,true,1,
3523230026888,false,גב עיזים למריחה שום ועשבי תיבול פירמידה,,,גב עיזים למריחה שום,גרמים,140.00,100 גרם,false,1,25.90,18.50,true,1,
3523230045827,false,סנט מור חלב עיזים 160 גר,,,סנט מור חלב עיזים 16,גרמים,160.00,100 גרם,false,1,29.90,18.69,true,1,
3547102222000,false,"יין רוזה יבש מינוטי 750 מ""ל",,,יין רוזה יבש מינוטי,Unknown,0.00,Unknown,false,1,109.90,109.90,true,1,
3563490014898,false,חרדל לחיץ ריין דיזיון 265 גרם,,,חרדל לחיץ ריין דיזיו,גרמים,265.00,100 גרם,false,1,15.40,5.81,true,1,
3574660089547,false,אובה נורמל 32 חדש,,,אובה נורמל 32 חדש,Unknown,0.00,Unknown,false,1,24.90,24.90,true,1,
3574660115154,false,אובה סופר 32 חדש,,,אובה סופר 32 חדש,Unknown,0.00,Unknown,false,1,24.90,24.90,true,1,
3574661487328,false,מגן תחתון קרפרי רגיל 56 יח,,IT,מגן תחתון קרפרי רגיל,Unknown,0.00,Unknown,false,1,26.50,26.50,true,1,
3574661487335,false,מגן תחתון קרפרי מקסי לונג ריחני 40 יח,,IT,מגן תחתון קרפרי מקסי,Unknown,0.00,Unknown,false,1,26.50,26.50,true,1,
3574661487618,false,מגן תחתון קרפרי מקסי מבושם 48 יח,,IT,מגן תחתון קרפרי מקסי,Unknown,0.00,Unknown,false,1,26.50,26.50,true,1,
3574661500355,false,מגן תחתון קרפרי מקסי לונג רגיל 40 יח,,IT,מגן תחתון קרפרי מקסי,Unknown,0.00,Unknown,false,1,26.50,26.50,true,1,
3574661552576,false,מגן תחתון קרפרי רגיל טנגה לבן 56 יח,,IT,מגן תחתון קרפרי רגיל,Unknown,0.00,Unknown,false,1,26.50,26.50,true,1,
3574661552804,false,מגן תחתון קרפרי אלוורה 56 יח,,IT,מגן תחתון קרפרי אלוו,Unknown,0.00,Unknown,false,1,26.50,26.50,true,1,
3574661554877,false,מגן תחתון קרפרי כותון מבושם 56 יח,,IT,מגן תחתון קרפרי כותו,Unknown,0.00,Unknown,false,1,26.50,26.50,true,1,
3574661554884,false,מגן תחתון קרפרי רגיל ריחני 56 יח,,IT,מגן תחתון קרפרי רגיל,Unknown,0.00,Unknown,false,1,26.50,26.50,true,1,
3600523782581,false,"מרכך לוראל אלביב דרים לונג 500 מ""ל",,FR,מרכך לוראל אלביב דרי,מיליליטרים,500.00,"100 מ""ל",false,1,15.90,3.18,true,1,
3608580071389,false,ממרח ערמונים 370 גרם BONNE MAMAN,,FR,ממרח ערמונים 370 גרם,גרמים,370.00,100 גרם,false,1,27.90,7.54,true,1,
3608580730231,false,קונפיטורה בטעם תות 370 גר BONNE MAMAN,,,קונפיטורה בטעם תות 3,גרמים,370.00,100 גרם,false,1,21.90,5.92,true,1,
3608580730248,false,קונפיטורה בטעם דובדבן 370 ג BONNE MAMAN,,,קונפיטורה בטעם דובדב,גרמים,370.00,100 גרם,false,1,21.90,5.92,true,1,
3608580730279,false,מרמלדת תפוזים 370 גר BONNE MAMAN,,,מרמלדת תפוזים 370 גר,גרמים,370.00,100 גרם,false,1,21.90,5.92,true,1,
3608580730286,false,קונפיטורה ארבע פירות 370 גר BONNE MAMAN,,FR,קונפיטורה ארבע פירות,גרמים,370.00,100 גרם,false,1,21.90,5.92,true,1,
3608580730323,false,קונפיטורה בטעם פטל 370 גר BONNE MAMAN,,,קונפיטורה בטעם פטל 3,גרמים,370.00,100 גרם,false,1,21.90,5.92,true,1,
3760291950213,false,"יין שאטו פיגודה רוזה לאוראטוואר 750 מ""ל",,,יין שאטו פיגודה רוזה,מיליליטרים,750.00,"100 מ""ל",false,1,99.90,13.32,true,1,
3770000016758,false,יין פטיט שבלי דומיין דה שאטיון כש 750 מ,,FR,יין פטיט שבלי דומיין,Unknown,0.00,Unknown,false,1,94.90,94.90,true,1,
3770000016796,false,"יין שבלי דומיין דה שאטיון כשל""פ 750 מ""ל",,FR,יין שבלי דומיין דה ש,Unknown,0.00,Unknown,false,1,94.90,94.90,true,1,
3800016701161,false,"לפתן חצאי שזיף בסירופ 700 מ""ל",,,לפתן חצאי שזיף בסירו,מיליליטרים,700.00,"100 מ""ל",false,1,11.30,1.61,true,1,
3800016701178,false,"לפתן חצאי משמש בסירופ 700 מ""ל",,,"לפתן משמש 700 מ""ל",מיליליטרים,700.00,"100 מ""ל",false,1,11.30,1.61,true,1,
3800016703554,false,"שימורי עגבניות שרי סבא 580 מ""ל",,,שימורי עגבניות שרי ס,מיליליטרים,580.00,"100 מ""ל",false,1,11.30,1.95,true,1,
3800020411957,false,נסטלה-קיט קט צאנקי רביעייה 4*40 גר,,,נסטלה-קיט קט צאנקי ר,גרמים,160.00,100 גרם,false,1,12.50,7.81,true,1,
3800065723015,false,מקלות גריסיני מלוח קלאסי סוויט פלוס 235 גר,,BG,גריסיני קלאסי עם מלח,גרמים,235.00,100 גרם,false,1,5.15,2.19,true,1,
3800065723022,false,מקלות גריסיני עם פרג סוויט פלוס 235 גר,,BG,גריסיני עם פרג סטיקס,גרמים,235.00,100 גרם,false,1,5.15,2.19,true,1,
3800065781114,false,עוגת וופל צודו בוטנים 250 גרם,,BG,עוגת וופל במ.קרם קקא,גרמים,250.00,100 גרם,false,1,12.50,5.00,true,1,
3800065781206,false,מיני וופל קרם שוקולד סוויט פלוס 260 גר,,BG,מיני וופל במילוי קרם,גרמים,260.00,100 גרם,false,1,12.90,4.96,true,1,
3800065781688,false,עוגת וופל צודו אגוזי לוז 125 גר,,BG,עוגת וופל במילוי קרם,גרמים,125.00,100 גרם,false,1,5.80,4.64,true,1,
3800103422207,false,"משקה בטעם תפוז + ויטמינים 330 מ""ל",,BG,משקה בטעם תפוז + ויט,מיליליטרים,330.00,"100 מ""ל",false,1,8.90,2.70,true,1,
3800103422238,false,"משקה בטעם לימון ליים + ויטמינים 330 מ""ל",,BG,משקה בטעם לימון ליים,מיליליטרים,330.00,"100 מ""ל",false,1,8.90,2.70,true,1,
3800163830073,false,זיתים ירוקים ממולאים פלפל 720 גרם,,TR,זיתים ירוקים ממולאים,גרמים,720.00,100 גרם,false,1,16.90,2.35,true,1,
3838945027854,false,מולטי ויטמין פירות אד. 100% 1 ל FRUCTAL,,,מולטי ויטמין פירות א,מיליליטרים,1000.00,"100 מ""ל",false,1,15.40,1.54,true,1,
3838945509060,false,מיץ תפוחים 100% 1 ליטר FRUCTAL,,,מיץ תפוחים 100% 1 לי,מיליליטרים,1000.00,"100 מ""ל",false,1,15.40,1.54,true,1,
3838945509077,false,מיץ אננס 100% 1 ליטר FRUCTAL,,,מיץ אננס 100% 1 ליטר,מיליליטרים,1000.00,"100 מ""ל",false,1,15.40,1.54,true,1,
4000161050209,false,נידרגר מרציפן מצופה שוקולד 75 גר,,,נידרגר מרציפן מצופה,גרמים,75.00,100 גרם,false,1,26.70,35.60,true,1,
4000161050223,false,נידרגר מרציפן מצופה שוקולד 75 גר,,,נידרגר מרציפן מצופה,גרמים,75.00,100 גרם,false,1,26.70,35.60,true,1,
4000161050278,false,נידרגר-מרציפן מצופה שוקולד חלב 125 גר,,,נידרגר-מרציפן מצופה,גרמים,125.00,100 גרם,false,1,34.90,27.92,true,1,
4000161050728,false,נידרגר מרציפן במילוי נוגט ואגוזים 75 גר,,,נידרגר מרציפן במילוי,גרמים,75.00,100 גרם,false,1,26.70,35.60,true,1,
4000161060116,false,נידרגר שוקולד מריר במילוי מרציפן 110 גר,,,נידרגר שוקולד מריר ב,גרמים,110.00,100 גרם,false,1,21.90,19.91,true,1,
4000161060260,false,נידרגר שוק.מריר במילוי מרציפן תפוז 110 ג,,,נידרגר שוק.מריר במיל,גרמים,110.00,100 גרם,false,1,21.90,19.91,true,1,
4000161060406,false,נידרגר מקלות מרציפן שוקולד מריר 40 גר,,,נידרגר מקלות מרציפן,גרמים,40.00,100 גרם,false,1,11.90,29.75,true,1,
4000161090106,false,נידרגר לבבות מרציפן בציפוי שוקולד 125 גר,J.G Niederegger Gmbh.Co.Kg,DE,נידרגר לבבות מרציפן,גרמים,125.00,100 גרם,false,1,39.90,31.92,true,1,
4000161100072,false,נידריגר אצבעות מרציפן 50 גרם,,,נידריגר אצבעות מרציפ,גרמים,50.00,100 גרם,false,1,16.70,33.40,true,1,
4000161110088,false,נידריגר אצבעות מרציפן אספרסו 50 גרם,,,נידריגר אצבעות מרציפ,גרמים,50.00,100 גרם,false,1,16.70,33.40,true,1,
4000161110095,false,נידריגר אצבעות מרציפן פיסטוק 50 גרם,,,נידריגר אצבעות מרציפ,גרמים,50.00,100 גרם,false,1,16.70,33.40,true,1,
4000211056052,false,רגולדס-סוכריות אקליפטוס מנטול בשקית 500ג,,DE,רגולדס-סוכריות אקליפ,גרמים,500.00,100 גרם,false,1,16.90,3.38,true,1,
4000417019004,false,שוקולד RITTER SPORT אגוזים 100 גרם,,,שוקולד RITTER SPORT,גרמים,400.00,100 גרם,false,1,11.90,2.98,true,1,
4000417022004,false,שוקולד ריטר ספורט צימוקים ואג 100 גרם,,,שוקולד ריטר ספורט צי,גרמים,100.00,100 גרם,false,1,9.90,9.90,true,1,
4000417023001,false,שוקולד RITTER SPORT שקדים 100 גרם,,,שוקולד RITTER SPORT,גרמים,100.00,100 גרם,false,1,11.90,11.90,true,1,
4000417025005,false,שוקולד ריטר ספורט מרצפן 100 גרם,,,שוקולד RITTER SPORT,גרמים,100.00,100 גרם,false,1,9.90,9.90,true,1,
4000417026002,false,שוקולד ריטר ספורט נוגט 100 גרם,,,שוקולד ריטר ספורט נו,גרמים,100.00,100 גרם,false,1,9.90,9.90,true,1,
4000417211002,false,ריטר ספורט מוס קרמל ושברי שקדים 100 גרם,,,ריטר ספורט מוס קרמל,גרמים,100.00,100 גרם,false,1,9.90,9.90,true,1,
4000417212009,false,שוקולד ריטר ספורט שקדים וקליפות תפוז 100,,DE,שוקולד ריטר ספורט שק,גרמים,100.00,100 גרם,false,1,9.90,9.90,true,1,
4000417222008,false,שוקולד ריטר ספורט חלב עם אגוזים 100 גר,,,שוקולד ריטר ספורט חל,גרמים,100.00,100 גרם,false,1,9.90,9.90,true,1,
4000417224002,false,שוקולד RITTER SPORT מריר אגוזים 100 גרם,,,שוקולד RITTER SPORT,גרמים,100.00,100 גרם,false,1,11.90,11.90,true,1,
4000417294005,false,שוקולד ריטר ספורט מוס קקאו 100 גרם,,,שוקולד RITTER SPORT,גרמים,100.00,100 גרם,false,1,9.90,9.90,true,1,
4000417298003,false,שוקולד ריטר ספורט קוקוס 100 גרם,,,שוקולד ריטר ספורט קו,גרמים,100.00,100 גרם,false,1,9.90,9.90,true,1,
4000417707000,false,שוקולד RITTER SPORT שקדים 100 גרם,,,ריטר ספורט חלב קשיו,גרמים,100.00,100 גרם,false,1,11.90,11.90,true,1,
4000417708007,false,ריטר ספורט מריר שקד,,,ריטר ספורט מריר שקד,גרמים,100.00,100 גרם,false,1,11.90,11.90,true,1,
4000504149027,false,גבינת קממבר דה לוקס 125 גרם,,,גבינת קממבר דה לוקס,גרמים,125.00,100 גרם,false,1,23.00,18.40,true,1,
4000504149324,false,גבינת רוגט גרמני 125 גרם,,DE,גבינת רוגט גרמני 125,גרמים,125.00,100 גרם,false,0,24.00,19.20,true,1,
4000504213028,false,גבינה דורבלו גרמנית במשקל,,,גבינה דורבלו גרמנית,Unknown,0.00,"ק""ג",true,0,189.00,189.00,true,1,
4000522009747,false,מקלות תפוא מלוחים 80 גרם,,,"מקלות תפו""א מלוחים 8",גרמים,80.00,100 גרם,false,1,5.50,6.88,true,1,
4000522060038,false,"פאני פריש-קרקר זהב מלוח ""דגים"" 100 גר",Intersnack Deutschland SE,DE,פאני פריש-קרקר זהב מ,גרמים,100.00,100 גרם,false,1,11.90,11.90,true,1,
4000539280726,false,שוקולד לינדט אקסלנס מילד 70% 100 גר,,DE,שוקולד לינדט אקסלנס,גרמים,100.00,100 גרם,false,1,16.90,16.90,true,1,
4000539280740,false,שוקולד לינדט אקסלנס 78% 100 גר,,DE,שוקולד לינדט אקסלנס,גרמים,100.00,100 גרם,false,1,16.90,16.90,true,1,
4000539363108,false,שוקולד לינדור סטיקס 38 גרם,,,שוקולד לינדור סטיקס,גרמים,38.00,100 גרם,false,1,8.30,21.84,true,1,
4000576481889,false,צימרונים לתינוק 72 יח,,,צימרונים לתינוק 72 י,Unknown,0.00,Unknown,false,1,6.90,6.90,true,1,
4001507161955,false,קווקר פתיתי שיבולת שועל עבה 500 גר,,,קווקר פתיתי שיבולת ש,גרמים,500.00,100 גרם,false,1,6.50,1.30,true,1,
4001518003800,false,מקלות פריכים מלח ופלפל 125 גר TOURINOS,,,מקלות פריכים מלח ופל,גרמים,125.00,100 גרם,false,1,18.60,14.88,true,1,
4001518106112,false,מקלות פריכים רוזמרין 125 גר TOURINOS,,,מקלות פריכים רוזמרין,גרמים,125.00,100 גרם,false,1,18.60,14.88,true,1,
4001686301524,false,הריבו גולדבירס מיני דובוני גומי 250 גרם,,DE,הריבו גולדבירס מיני,גרמים,250.00,100 גרם,false,1,17.70,7.08,true,1,
4001751038669,false,חזרת עם וואסבי 190 גרם,,,חזרת עם וואסבי 190 ג,גרמים,190.00,100 גרם,false,1,9.80,5.16,true,1,
4001751073677,false,רוטב חזרת עם סלק 200 גר,,,רוטב חזרת עם סלק 200,גרמים,200.00,100 גרם,false,1,10.90,5.45,true,1,
4002103250487,false,"בירה ארדינגר בהירה 500 מ""ל בקבוק",,,בירה ארדינגר בהירה 5,מיליליטרים,500.00,"100 מ""ל",false,1,12.90,2.58,true,1,
4002575016253,false,מרציפן 100 גרם,,,מרציפן 100 גרם,גרמים,100.00,100 גרם,false,1,14.90,14.90,true,1,
4002590000022,false,קלפני פירות אוכמניות 150 גרם,,,קלפני פירות אוכמניות,גרמים,150.00,100 גרם,false,1,15.20,10.13,true,1,
4002720005736,false,קפה פילטר מליטה 250 גרם,,,קפה פילטר מליטה 250,גרמים,250.00,100 גרם,false,1,20.90,8.36,true,1,
4002899563105,false,קונטיננטל דובשניות מצופות שוקול מריר 500,,NL,קונטיננטל דובשניות מ,גרמים,500.00,100 גרם,false,1,21.90,4.38,true,1,
4003301051364,false,יין ריזלינג מייבאך חצי מתוק 750 מל,,,יין ריזלינג מייבאך ח,Unknown,0.00,Unknown,false,1,62.90,62.90,true,1,
4003301081835,false,"יין לבן יבש מייבאך שרדונה 750 מ""ל",,,יין לבן יבש מייבאך ש,Unknown,0.00,Unknown,false,1,62.90,62.90,true,1,
4003586006660,false,פאני פריש-חטיף בייגלה שמנת חמוצה 120 ג,Intersnack Deutschland SE,DE,פאני פריש-חטיף בייגל,גרמים,120.00,100 גרם,false,1,13.90,11.58,true,1,
4003586006714,false,פאני פריש-חטיף בייגלה דבש וחרדל 120 גרם,Intersnack Deutschland SE,DE,פאני פריש-חטיף בייגל,גרמים,120.00,100 גרם,false,1,13.90,11.58,true,1,
4003586107794,false,פאני פריש-חטיף בייגלה גבינה וחלפניו 120ג,Intersnack Deutschland SE,DE,פאני פריש-חטיף בייגל,גרמים,120.00,100 גרם,false,1,13.90,11.58,true,1,
4004591030398,false,"בירה קייזרדום חיטה 300 מ""ל בקבוק",,DK,בירה קייזרדום חיטה 3,מיליליטרים,330.00,"100 מ""ל",false,1,7.90,2.39,true,1,
4004591131316,false,"בירה קייזרדום חיטה 6*330 מ""ל בקבוק",,,בירה קייזרדום חיטה,מיליליטרים,1980.00,"100 מ""ל",false,1,37.90,1.91,true,1,
4004715020755,false,קישוטי עוגה פרינס/פרינסס 75 גר,,DE,קישוטי עוגה פרינס/פר,גרמים,75.00,100 גרם,false,1,17.90,23.87,true,1,
4005563194025,false,"ליקר פידג תאנים 700 מ""ל",,,ליקר פידג תאנים 700,מיליליטרים,700.00,"100 מ""ל",false,1,65.90,9.41,true,1,
4006298004009,false,"בירה טוכר הלס הפוויצן 500 מ""ל",,,בירה טוכר הלס הפוויצ,מיליליטרים,500.00,"100 מ""ל",false,1,15.90,3.18,true,1,
4007519050713,false,פלי שקיות אשפה 35 ליטר,,,פלי שקיות אשפה 35 לי,Unknown,0.00,Unknown,false,1,13.90,13.90,true,1,
4007519050720,false,פלי שקיות אשפה 60 ליטר,,DE,שקיות אשפה פלי עם שר,Unknown,0.00,Unknown,false,1,13.90,13.90,true,1,
4007993032533,false,מאגדת גלידה טובלרון 4 יח 400 גר,,,מאגדת גלידה טובלרון,גרמים,400.00,100 גרם,false,1,34.90,8.73,true,1,
4008287051032,false,"בירה קרובמאכר 500מ""ל",,DE,בירה קרומבאכר פילס,מיליליטרים,500.00,"100 מ""ל",false,1,10.90,2.18,true,1,
4008287058161,false,"שישיית בירה בהירה קראובחר 330 מ""ל",,DE,שישיית בירה קרומבאכ,מיליליטרים,1980.00,"100 מ""ל",false,1,36.90,1.86,true,1,
4008287905786,false,בירה קרומבאכר חיטה 5.3% פחית 500 מל,,DE,בירה קרומבאכר חיטה,מיליליטרים,500.00,"100 מ""ל",false,1,10.90,2.18,true,1,
4008400101521,false,פררו-מון שרי פרליני דובדבן ליקר 105 גר,,,פררו-מון שרי פרליני,מיליליטרים,262.00,"100 מ""ל",false,1,26.50,10.11,true,1,
4008400102528,false,פררו-מון שרי פרליני דובדבן ליקר 157 גר,,DE,פררו-מון שרי פרליני,גרמים,157.00,100 גרם,false,1,39.90,25.41,true,1,
4008400209524,false,קינדר - מארז שוקולד קריסמס 102 גרם,,IT,קינדר - מארז שוקולד,גרמים,102.00,100 גרם,false,1,22.90,22.45,true,1,
4008400351926,false,פררו חנותה מיני 200 גרם,,DE,פררו חנותה מיני 200,גרמים,200.00,100 גרם,false,1,28.20,14.10,true,1,
4008400510125,false,קינדר- שוקולד חלב בצורת סנטה קלאוס 75 גר,,IT,קינדר- שוקולד חלב בצ,גרמים,75.00,100 גרם,false,1,21.90,29.20,true,1,
4008400511825,false,שוקולד קינדר בצורת סנטה קלאוס 110 גרם,,IT,שוקולד קינדר בצורת ס,גרמים,110.00,100 גרם,false,1,22.90,20.82,true,1,
4008400511924,false,שוקולד קינדר בצורת סנטה קלאוס 160 גרם,,IT,שוקולד קינדר בצורת ס,גרמים,160.00,100 גרם,false,1,31.90,19.94,true,1,
4009300522935,false,פומפדור תה ירוק עם לימונית ולואיזה,,,פומפדור תה ירוק עם ל,Unknown,0.00,Unknown,false,1,24.50,24.50,true,1,
4009300522966,false,פומפדור תה ירוק נענע,,,פומפדור תה ירוק נענע,Unknown,0.00,Unknown,false,1,24.50,24.50,true,1,
4009300528821,false,"פומפדור תה ירוק גינגר קינמון 30 מ""ל",,,פומפדור תה ירוק גינ,מיליליטרים,30.00,"100 מ""ל",false,1,24.50,81.67,true,1,
4009300528845,false,"פומפדור תה ירוק עם לימונית דבש 30 מ""ל",,,פומפדור תה ירוק עם,מיליליטרים,30.00,"100 מ""ל",false,1,24.50,81.67,true,1,
4009300529538,false,תה חליטת פומפדור פירות לימון 20 יח,,DE,תה חליטת פומפדור פיר,גרמים,45.00,100 גרם,false,1,18.90,42.00,true,1,
4009300529552,false,תה חליטת פומפדור פירות אפרסק 20 יח,,DE,תה חליטת פומפדור פיר,גרמים,50.00,100 גרם,false,1,18.90,37.80,true,1,
4009300530107,false,פומפדור חליטה קרה תות שדה ותפוז 45 גרם,,,פומפדור חליטה קרה תו,גרמים,45.00,100 גרם,false,1,16.90,37.56,true,1,
4009300530121,false,פומפדור חליטה קרה אפרסק פסיפלורה 45 גר,,,פומפדור חליטה קרה אפ,גרמים,45.00,100 גרם,false,1,16.90,37.56,true,1,
4009300530145,false,פומפדור חליטה קרה מוחיטו פירות יער 45 גר,,,פומפדור חליטה קרה מו,גרמים,45.00,100 גרם,false,1,16.90,37.56,true,1,
4009300530183,false,תה חליטת פומפדור תפוז ספרדי 20 יח,,,תה חליטת פומפדור תפו,Unknown,0.00,Unknown,false,1,18.90,18.90,true,1,
4009300530275,false,תה חליטת פומפדור מנטה מרוקאית 20 יח,,,תה חליטת פומפדור מנט,Unknown,0.00,Unknown,false,1,18.90,18.90,true,1,
4009300595120,false,תה חליטת פומפדור מנגו וגינגיר 20 יח,,,תה חליטת פומפדור מנג,גרמים,30.00,100 גרם,false,1,18.90,63.00,true,1,
4009309114346,false,"מלפפונים ללת""ס אורגניים בחומץ 670 גר",,,"מלפפונים ללת""ס אורגנ",גרמים,670.00,100 גרם,false,1,25.50,3.81,true,1,
4009309114407,false,מלפפונים אורגניים בחומץ 670 גר,,,מלפפונים אורגניים,גרמים,670.00,100 גרם,false,1,25.50,3.81,true,1,
4009309740422,false,רסק תפוחים אורגני – נטורפוד 700 גרם,,,רסק תפוחים אורגני –,גרמים,700.00,100 גרם,false,1,18.90,2.70,true,1,
4009900379564,false,הובה בובה טייפ פירות,,,הובה בובה טייפ פירות,Unknown,0.00,Unknown,false,1,9.10,9.10,true,1,
4009900402965,false,מסטיק אורביט WHITE בטעם פירות,,,מסטיק אורביט WHITE ב,Unknown,0.00,Unknown,false,1,11.90,11.90,true,1,
4009900403023,false,מסטיק אורביט WHITE בטעם מנטה,,,מסטיק אורביט WHITE ב,Unknown,0.00,Unknown,false,1,11.90,11.90,true,1,
4009900420129,false,מסטיק אורביט פרופשיונל פפרמינט בקבוקון,,PL,מסטיק אורביט פרופשיו,Unknown,0.00,Unknown,false,1,11.90,11.90,true,1,
4009900426121,false,מסטיק איירוויבז אוכמניות בקבוקון 64 גר,,,מסטיק איירוויבז אוכמ,גרמים,64.00,100 גרם,false,1,11.90,18.59,true,1,
4009900479998,false,"מסטיק אורביט לל""ס אוכמניות בקבוקון",,,"מסטיק אורביט לל""ס או",Unknown,0.00,Unknown,false,1,11.90,11.90,true,1,
4009900482417,false,מסטיק אורביט באבל מינט בקבוקון,,,מסטיק אורביט באבל מי,Unknown,0.00,Unknown,false,1,11.90,11.90,true,1,
4009900500166,false,סוכריות סקיטלס פירות בבקבוק 125 גרם,,,סוכריות סקיטלס פירות,גרמים,125.00,100 גרם,false,1,10.30,8.24,true,1,
4009900531122,false,מסטיק אורביט פרופשיונל ספירמינט בקבוקון,,PL,מסטיק אורביט פרופשיו,Unknown,0.00,Unknown,false,1,11.90,11.90,true,1,
4009900535519,false,אורביט רפרשרס ספירמינט אישית 15.6 גר,,PL,אורביט רפרשרס ספירמי,גרמים,16.00,100 גרם,false,1,4.50,28.13,true,1,
4009900535540,false,אורביט רפרשרס פפרמינט אישית 15.6 גר,,PL,אורביט רפרשרס פפרמינ,גרמים,16.00,100 גרם,false,1,4.50,28.13,true,1,
4009900535823,false,אורביט רפרשרס באבלמינט אישית 15.6 גר,,PL,אורביט רפרשרס באבלמי,גרמים,16.00,100 גרם,false,1,4.50,28.13,true,1,
4009900539685,false,מסטיק פייב באונס מנטה בקבוקון 61.8 גר,,,מסטיק פייב באונס מנט,גרמים,62.00,100 גרם,false,1,12.90,20.81,true,1,
4009900539746,false,מסטיק פייב באונס אבטיח בקבוקון 61.8 גר,,,מסטיק פייב באונס אבט,גרמים,62.00,100 גרם,false,1,12.90,20.81,true,1,
4010442454091,false,פארמרס תערובת אגוזים וצימוקים 125 גרם,,DE,פארמרס תערובת אגוזים,גרמים,125.00,100 גרם,false,1,19.90,15.92,true,1,
4010492961723,false,אתנה סטיק סלמון,,,אתנה סטיק סלמון,Unknown,0.00,Unknown,false,1,18.90,18.90,true,1,
4011800290054,false,חטיף חלבון קורני קוקוס 50 גר,,CZ,חטיף חלבון קורני קוק,גרמים,50.00,100 גרם,false,1,8.90,17.80,true,1,
4011800290078,false,חטיף חלבון קורני עוגיות 50 גר,,CZ,חטיף חלבון קורני עוג,גרמים,50.00,100 גרם,false,1,8.90,17.80,true,1,
4011800290092,false,חטיף חלבון קורני וניל 50 גר,,CZ,חטיף חלבון קורני וני,גרמים,50.00,100 גרם,false,1,8.90,17.80,true,1,
4011800528416,false,קורני בייס סויט & סולט 6 יח 150 גר,,DE,קורני בייס סויט & סו,גרמים,150.00,100 גרם,false,1,13.90,9.27,true,1,
4011800567613,false,קורני מילק דארק וואיט 4 יח 120 גר,,DE,קורני מילק דארק וואי,גרמים,120.00,100 גרם,false,1,13.90,11.58,true,1,
4011800568610,false,קורני מילק קלאסיק 4 יח 120 גר,,DE,קורני מילק קלאסיק 4,גרמים,120.00,100 גרם,false,1,13.90,11.58,true,1,
4011800617714,false,קורני ביג שוקו בננה 50 גר,,DE,קורני ביג שוקו בננה,גרמים,50.00,100 גרם,false,1,5.50,11.00,true,1,
4011800617813,false,קורני ביג בראוני 50 גר,,DE,קורני ביג בראוני 50,גרמים,50.00,100 גרם,false,1,5.50,11.00,true,1,
4011800617912,false,קורני ביג נאטס 50 גר,,DE,קורני ביג נאטס 50 גר,גרמים,50.00,100 גרם,false,1,5.50,11.00,true,1,
4011800618315,false,קורני ביג דארק & וואיט 40 גר,,DE,קורני ביג דארק & ווא,גרמים,50.00,100 גרם,false,1,5.50,11.00,true,1,
4011800628512,false,חטיף קורני שוקולד חלב 6 יח 150 גר,,DE,חטיף קורני שוקולד חל,גרמים,150.00,100 גרם,false,1,13.90,9.27,true,1,
4011800629519,false,קורני בייס נאטס 150 גר 6 יח 150 גר,,DE,קורני בייס נאטס 150,גרמים,150.00,100 גרם,false,1,13.90,9.27,true,1,
4011800630515,false,חטיף קורני שוקולד חלב ובננה 6 יח 150 גר,,DE,חטיף קורני שוקולד חל,גרמים,150.00,100 גרם,false,1,13.90,9.27,true,1,
4011800633516,false,קורני בייס דרק שוקו 6 יח 138 גר,,DE,קורני בייס דרק שוקו,גרמים,138.00,100 גרם,false,1,13.90,10.07,true,1,
4011800636517,false,קורני פרי שוקולד חלב 6 יח 120 גר,,DE,קורני פרי שוקולד חלב,גרמים,120.00,100 גרם,false,1,13.90,11.58,true,1,
4011800637514,false,קורני פרי ואיט שוקולד לבן 6 יח 120 גר,,DE,קורני פרי ואיט שוקול,גרמים,120.00,100 גרם,false,1,13.90,11.58,true,1,
4012839597596,false,כבד דג 120 גרם,,IS,כבד דג 120 גרם,גרמים,120.00,100 גרם,false,1,17.90,14.92,true,1,
4013044100007,false,ליקרס אבקת אפיה אורגנית 48 גרם,,,ליקרס אבקת אפיה אורג,גרמים,48.00,100 גרם,false,1,8.50,17.71,true,1,
4013092000717,false,"באד אפל - ליקר תפוחים 41% 700 מ""ל",,,באד אפל - ליקר תפוחי,מיליליטרים,700.00,"100 מ""ל",false,1,116.90,16.70,true,1,
4013197062030,false,סקיי סוכריות קשות בטעמי פירות 130 גרם,,,סקיי סוכריות קשות בט,גרמים,130.00,100 גרם,false,1,9.50,7.31,true,1,
4014400901191,false,בונבוניירה מרסי 250 גרם,,,בונבוניירה מרסי 250,גרמים,250.00,100 גרם,false,1,29.90,11.96,true,1,
4014400901412,false,בונבוניירה מרסי 250 גר מריר כחול,,,בונבוניירה מרסי 250,גרמים,250.00,100 גרם,false,1,29.90,11.96,true,1,
4014400904277,false,סוכריות שטרוק אייס פרש בשקית 425 גרם,,,סוכריות שטרוק אייס פ,גרמים,425.00,100 גרם,false,1,25.50,6.00,true,1,
4014400904376,false,סוכריות שטרוק שוקולדן 325 גרם,,,סוכריות שטרוק שוקולד,גרמים,325.00,100 גרם,false,1,25.50,7.85,true,1,
4014400904390,false,סוכריות שטרוק וולמילש 325 גרם,,,סוכריות שטרוק וולמיל,גרמים,325.00,100 גרם,false,1,25.50,7.85,true,1,
4014400910063,false,סוכריות וורטר אורגינל שקית 135 גרם,,,סוכריות וורטר אורגינ,גרמים,135.00,100 גרם,false,1,14.60,10.81,true,1,
4014400913910,false,וורטר אוריגינל במילוי קרם 125 גרם,,,וורטר אוריגינל במילו,גרמים,125.00,100 גרם,false,1,12.40,9.92,true,1,
4014400914276,false,טבלת מרסי שוקולד מריר מעולה 100 גרם,,,טבלת מרסי שוקולד מרי,גרמים,100.00,100 גרם,false,1,11.90,11.90,true,1,
4014400914696,false,סוכריות חמאה וורטר אור ללא סוכר 80 גרם,,,סוכריות חמאה וורטר א,Unknown,0.00,Unknown,false,1,9.90,9.90,true,1,
4014400914924,false,סוכריות וורטר ללא סוכר קפה 80 גרם,,,סוכריות וורטר ללא ס,Unknown,0.00,Unknown,false,1,9.90,9.90,true,1,
4014400920857,false,סוכריות וורטר ללא סוכר טעם שוקול 70 גרם,,,סוכריות וורטר ללא ס,Unknown,0.00,Unknown,false,1,9.90,9.90,true,1,
4014400923711,false,טופיפי 125 גרם כשלפ,,,טופיפי 125 גרם,גרמים,125.00,100 גרם,false,1,13.90,11.12,true,1,
4014400925319,false,וורטר פופקורן קרמל 140 גר,,DE,וורטר פופקורן קרמל 1,גרמים,140.00,100 גרם,false,1,16.90,12.07,true,1,
4014400931327,false,וורטר פופקורן קרמל עם גרעינים 140 גר,,DE,פופקורן קרמל גרעינים,גרמים,140.00,100 גרם,false,1,16.90,12.07,true,1,
4014400932959,false,טופיפי שוקולד לבן 125 גרם,,,טופיפי שוקולד לבן 12,גרמים,125.00,100 גרם,false,1,16.90,13.52,true,1,
4014522180108,false,בודטה סוכריות אורגני צמחים ט.גינגר 75 גר,,DE,בודטה סוכריות אורגני,גרמים,75.00,100 גרם,false,1,11.90,15.87,true,1,
4015000940955,false,"שמפו גליס הייר ריפייר 400 מ""ל",,,שמפו גליס הייר ריפיי,מיליליטרים,400.00,"100 מ""ל",false,1,19.90,4.98,true,1,
4015000996204,false,"שמפו גליס אליקסיר 400 מ""ל",,,שמפו גליס אליקסיר,מיליליטרים,400.00,"100 מ""ל",false,1,19.90,4.98,true,1,
4015400564034,false,אולדייז מגה פק לונג פלוס 58 יח,,,אולדייז מגה פק לונג,Unknown,0.00,Unknown,false,1,22.90,22.90,true,1,
4015400564454,false,אולדייז מגה פק לארג 68 יח,,,אולדייז מגה פק לארג,Unknown,0.00,Unknown,false,1,22.90,22.90,true,1,
4015400598329,false,אולויז קוואטרו נורמל פלוס 56 יח,,,אולויז קוואטרו נורמל,Unknown,0.00,Unknown,false,1,44.90,44.90,true,1,
4015400598381,false,אולויז קוואטרו לונג פלוס 48 יח,,,אולויז קוואטרו לונג,Unknown,0.00,Unknown,false,1,44.90,44.90,true,1,
4015400681670,false,תחבושות אולוויז לילה בטוח וליו פק 18 יח,,,תחבושות אולוויז לילה,Unknown,0.00,Unknown,false,1,22.90,22.90,true,1,
4015400690405,false,טמפונים פרל סופר טמפקס קומפאק 18 יח,,,טמפונים פרל סופר טמפ,Unknown,0.00,Unknown,false,1,29.50,29.50,true,1,
4015400690498,false,טמפונים פרל סופר פלוס טמפקס קומפאק 18 יח,,,טמפונים פרל סופר פלו,Unknown,0.00,Unknown,false,1,29.50,29.50,true,1,
4015400731719,false,תחבושות אולוויז כפול לילה 20 יח,,,תחבושות אולוויז כפול,Unknown,0.00,Unknown,false,1,22.90,22.90,true,1,
4015400746812,false,מגן תחתון נורמל אולוויז מגה פק 80 יח,,,מגן תחתון נורמל,Unknown,0.00,Unknown,false,1,22.90,22.90,true,1,
4015400755241,false,תחבושות אולוויז וליו פק נורמל+ 28 יח,,,תחבושות אולוויז וליו,Unknown,0.00,Unknown,false,1,22.90,22.90,true,1,
4015400755487,false,תחבושות אולוויז וליו פק לונג+ 24 יח,,,תחבושות אולוויז וליו,Unknown,0.00,Unknown,false,1,22.90,22.90,true,1,
4015400824725,false,טמפקס פלאש סופר 30 יחידות,,,טמפקס פלאש סופר 30 י,Unknown,0.00,Unknown,false,1,40.90,40.90,true,1,
4015576156835,false,"בירה בהירה לא מסוננת ברלינר 500 מ""ל",,DE,בירה בהירה לא מסוננת,מיליליטרים,500.00,"100 מ""ל",false,1,8.90,1.78,true,1,
4015600762742,false,"הד&שולדרס שמפו קלאסי 500 מ""ל",,,הד&שולדרס שמפו 500 מ,מיליליטרים,500.00,"100 מ""ל",false,1,24.90,4.98,true,1,
4015600762780,false,"הד&שולדרס 2 ב 1 קלאסי 500 מ""ל",,,הד&שולדרס 2 ב 1 500,מיליליטרים,500.00,"100 מ""ל",false,1,24.90,4.98,true,1,
4015600766900,false,"הד&שולדרס 2 ב-1 מנטול 500 מ""ל",,,הד&שולדרס 2 ב-1 מנטו,מיליליטרים,500.00,"100 מ""ל",false,1,24.90,4.98,true,1,
4017100160110,false,גלילי וופל במילוי קרם שוקולד בלזן 75 גר,,DE,גלילי וופל במילוי קר,גרמים,75.00,100 גרם,false,1,10.90,14.53,true,1,
4017100210105,false,וופלטן מריר 100 גרם,,,וופלטן מריר 100 גרם,גרמים,100.00,100 גרם,false,1,15.90,15.90,true,1,
4017100290008,false,ביסקוויט ליבניץ שוקולד חלב 125 גרם,,,ביסקוויט ליבניץ שוקו,גרמים,125.00,100 גרם,false,1,15.90,12.72,true,1,
4017100291005,false,בלזן ביסקוויט מצופה שוקולד מריר 125 גרם,,,בלזן ביסקוויט מצופה,גרמים,125.00,100 גרם,false,1,15.90,12.72,true,1,
4017100364112,false,ביסקוויט ממולא קרם שוקולד היט 220 גרם,,,ביסקוויט ממולא קרם ש,גרמים,220.00,100 גרם,false,1,10.90,4.95,true,1,
4017100366239,false,ביסקוויט בלזן לייבניץ אנד קרים 190 גרם,,,ביסקוויט בלזן לייבני,גרמים,190.00,100 גרם,false,1,15.90,8.37,true,1,
4018077822438,false,לורנץ-קראנצציפס שמנת ווסאבי 110 גרם,"""The Lorenz Bahlsen Snack-World GmbH",DE,לורנץ-קראנצציפס שמנ,גרמים,110.00,100 גרם,false,1,13.90,12.64,true,1,
4018722100133,false,אטריות כוסמין וביצים אורגניות 250 גרם,,,אטריות כוסמין וביצים,גרמים,250.00,100 גרם,false,1,15.90,6.36,true,1,
4018722100188,false,אטריות רחבות כוסמין וביצים אורגניות,,,אטריות רחבות כוסמין,גרמים,250.00,100 גרם,false,1,15.90,6.36,true,1,
4018722102632,false,ספגטי כוסמין מלא אורגני 500 גרם,,,ספגטי כוסמין מלא אור,גרמים,500.00,100 גרם,false,1,17.90,3.58,true,1,
4018722102656,false,ספגטי כוסמין אורגני 500 גרם,,,ספגטי כוסמין אורגני,גרמים,500.00,100 גרם,false,1,17.90,3.58,true,1,
4018722303459,false,מקרוני כוסמין אורגני 250 גרם,,,מקרוני כוסמין אורגני,גרמים,250.00,100 גרם,false,1,13.80,5.52,true,1,
4018722344308,false,פפרדלה כוסמין אורגני אלב גולד 500 גרם,,DE,פפרדלה כוסמין אורגני,גרמים,500.00,100 גרם,false,1,21.90,4.38,true,1,
4019400440657,false,הלורן דפדפי שוקולד מנטה 200 גר,,,שוקולד במילוי מנטה 2,גרמים,200.00,100 גרם,false,1,17.90,8.95,true,1,
4022025000137,false,יין בלו נאן גוורצטרמינר 750 מל,,,יין בלו נאן גוורצטרמ,Unknown,0.00,Unknown,false,1,52.90,52.90,true,1,
4022025372036,false,"בלו נאן מבעבע יבש מהדורת הזהב 750 מ""ל",,,בלו נאן זהב מבעבע 75,Unknown,0.00,Unknown,false,1,52.90,52.90,true,1,
4022025379035,false,"בלו נאן רוזה מבעבע 750 מ""ל",,,בלו נאן רוזה מבעבע 7,Unknown,0.00,Unknown,false,1,52.90,52.90,true,1,
4022025390030,false,יין בלו נאן ריזלינג 750 מל,,,יין בלו נאן ריזלינג,Unknown,0.00,Unknown,false,1,45.90,45.90,true,1,
4023800122105,false,מרציפן לא מצופה 82 גרם,,DE,מרציפן לא מצופה 82 ג,גרמים,82.00,100 גרם,false,1,8.50,10.37,true,1,
4023800231647,false,בונבוניירה מוצארט 200 גרם Mozartkugeln,,DE,בונבוניירה מוצארט 20,גרמים,200.00,100 גרם,false,1,19.90,9.95,true,1,
4025700001962,false,שוקולד לבן מילקה 100 ג,,,שוקולד לבן מילקה 100,גרמים,100.00,100 גרם,false,1,7.90,7.90,true,1,
4028208000284,false,נייר פילטר מספר 4 80 יח,,,נייר פילטר מספר 4 80,Unknown,0.00,Unknown,false,1,17.50,17.50,true,1,
4030387754520,false,סרוטי אבקת קקאו 125 גרם,,DE,סרוטי אבקת קקאו 125,גרמים,125.00,100 גרם,false,1,14.90,11.92,true,1,
4033100014529,false,LD סלימס,,,LD סלימס בודד,Unknown,0.00,Unknown,false,1,25.90,25.90,true,1,
4037400129037,false,קטיאס גומי בטעמי פירות טרופיים 200 גרם,,DE,קטיאס גומי בטעמי פיר,גרמים,200.00,100 גרם,false,1,9.90,4.95,true,1,
4037400431598,false,קטיאס דובים 200 גרם,,DE,קטיאס דובים 200 גרם,גרמים,200.00,100 גרם,false,1,9.90,4.95,true,1,
4037400431741,false,קטיאס פרפרים 160 גרם,,DE,קטיאס פרפרים 160 גרם,גרמים,160.00,100 גרם,false,1,9.90,6.19,true,1,
4037400433004,false,קטיאס וונדרלנד שחור 200 גרם,,DE,קטיאס וונדרלנד שחור,גרמים,200.00,100 גרם,false,1,9.90,4.95,true,1,
4037719657290,false,סוכריות בצנצנת שי 300 גרם,,,סוכריות בצנצנת שי 30,גרמים,300.00,100 גרם,false,1,18.90,6.30,true,1,
4044889002539,false,ויואני בר שוקולד אורגני תפוז שקד 35 גר,,,ויואני בר שוקולד אור,גרמים,35.00,100 גרם,false,1,9.90,28.29,true,1,
4044889002553,false,ויואני בר שוק.מריר אורגני נוגט קרוקנט 35,,,ויואני בר שוק.מריר א,גרמים,35.00,100 גרם,false,1,9.90,28.29,true,1,
4044889002713,false,ויואני שוקולד אורגני מריר 75% קוקוס 80 ג,,,ויואני שוקולד אורגני,גרמים,80.00,100 גרם,false,1,19.90,24.88,true,1,
4049366003429,false,ארנסט לודוויג גוורצטרמינר 750 מל,,,ארנסט לודוויג גוורצט,Unknown,0.00,Unknown,false,1,48.90,48.90,true,1,
4052197000017,false,"בירה בנדיקטינר חיטה לא מסוננת 500 מ""ל",,,בירה בנדיקטינר חיטה,מיליליטרים,500.00,"100 מ""ל",false,1,11.90,2.38,true,1,
4052197000369,false,שישיית בירה בנדיקטינר חיטה 330 מל*6,,,שישיית בירה בנדיקטינ,מיליליטרים,1980.00,"100 מ""ל",false,1,50.90,2.57,true,1,
4052197000925,false,בירה בנדקטינר דונקל כהה 500 מל,,,בירה בנדקטינר דונקל,מיליליטרים,500.00,"100 מ""ל",false,1,12.90,2.58,true,1,
4052197001281,false,בירה בנדיקטינר 500 מל פחית,,,בירה בנדיקטינר 500 מ,מיליליטרים,500.00,"100 מ""ל",false,1,9.90,1.98,true,1,
4052197002806,false,"מארז בירה בנדיקטינר 4*500 מ""ל פחית",,,מארז בירה בנדיקטינר,מיליליטרים,2000.00,"100 מ""ל",false,1,37.90,1.90,true,1,
4052197002844,false,"מארז בירה בנדיקטינר לאגר 4*500 מ""ל פחית",,,מארז בירה בנדיקטינר,מיליליטרים,2000.00,"100 מ""ל",false,1,37.90,1.90,true,1,
4052197003254,false,"בירה בנדיקטינר לאגר אורגינל 500 מ""ל",,,בירה בנדיקטינר לאגר,מיליליטרים,500.00,"100 מ""ל",false,1,11.90,2.38,true,1,
4052197004459,false,בירה בנדקטינר דונקל 500 פחית,,DE,בירה בנדקטינר דונקל,מיליליטרים,500.00,"100 מ""ל",false,1,9.90,1.98,true,1,
4052197004466,false,"מארז בירה בנדיקטינר דונקל 4*500 מ""ל פחית",,,מארז בירה בנדיקטינר,מיליליטרים,2000.00,"100 מ""ל",false,1,37.90,1.90,true,1,
4052197005272,false,"בירה בנדיקטינר לאגר 500 מ""ל פחית",,,בירה בנדיקטינר לאגר,מיליליטרים,500.00,"100 מ""ל",false,1,9.90,1.98,true,1,
4056489379515,false,קונטיננטל-ביסקויט סנדוויץ עם קרם שוק 250,,,קונטיננטל-ביסקויט סנ,גרמים,250.00,100 גרם,false,1,5.90,2.36,true,1,
4061445096689,false,קפה דוידוף מגורען 100 גר ESPRESSO 57,,,קפה דווידוף אספרסו 5,גרמים,100.00,100 גרם,false,1,23.90,23.90,true,1,
4061445096702,false,קפה דוידוף מגורען 100 גר FINE AROMA,,CO,קפה דווידוף פיין ארו,גרמים,100.00,100 גרם,false,1,23.90,23.90,true,1,
4062400115483,false,"טקילה סיירה סילבר 700 מ""ל",,,טקילה סיירה סילבר 70,מיליליטרים,700.00,"100 מ""ל",false,1,99.90,14.27,true,1,
4062400543125,false,"טקילה סיירה רפוסאדו 700 מ""ל",,,טקילה סיירה רפוסאדו,מיליליטרים,700.00,"100 מ""ל",false,1,99.90,14.27,true,1,
4062432001709,false,זנטיס מרציפן במילוי קרם שקדים 40 גרם,,DE,זנטיס מרציפן במילוי,Unknown,40.00,Unknown,false,1,6.90,0.17,true,1,
4062432001808,false,זנטיס מרציפן במילוי קרם נוגט 40 גרם,,DE,זנטיס מרציפן במילוי,Unknown,40.00,Unknown,false,1,6.90,0.17,true,1,
4066600601920,false,"בירה פאולנר 500 מ""ל פחית",,DE,"בירה פאולנר 500 מ""ל",מיליליטרים,500.00,"100 מ""ל",false,1,12.90,2.58,true,1,
4066600999614,false,"בירה פאולנר חיטה 500 מ""ל בקובק",,,בירה פאולנר חיטה 500,מיליליטרים,500.00,"100 מ""ל",false,1,12.90,2.58,true,1,
4067700014849,false,"יוגרמייסטר 700 מ""ל",,,"ייגרמייסטר 700 מ""ל",מיליליטרים,700.00,"100 מ""ל",false,1,89.90,12.84,true,1,
4072700001089,false,"בירה ספאטן אוקטוברפסט 500 מ""ל",,DE,בירה ספאטן אוקטוברפס,מיליליטרים,500.00,"100 מ""ל",false,1,12.90,2.58,true,1,
4072700001188,false,"בירה פרנסיסקאנר כהה בקבוק 500 מ""ל",,,בירה פרנסיסקאנר כהה,מיליליטרים,500.00,"100 מ""ל",false,1,13.90,2.78,true,1,
4072700001775,false,בירה פרנסיסקאנר בהירה פחית 500 מל,,,בירה פרנסיסקאנר בהיר,מיליליטרים,500.00,"100 מ""ל",false,1,12.90,2.58,true,1,
4072700003649,false,"בירה פרנסיסקאנר בהירה 500 מ""ל",,,בירה פרנסיסקאנר בהיר,מיליליטרים,500.00,"100 מ""ל",false,1,13.90,2.78,true,1,
4076300015804,false,"בירה קלר ביר 500 מ""ל",,,"בירה קלר ביר 500 מ""ל",מיליליטרים,500.00,"100 מ""ל",false,1,14.90,2.98,true,1,
4084500149526,false,גל כביסה טייד 2.48 ליטר,,,גל כביסה טייד 2.48 ל,ליטרים,0.00,ליטר,false,1,28.20,28.20,true,1,
4100130937163,false,בירה בקס שישייה 6*275 מל,,,בירה בקס שישייה 6*27,ליטרים,0.00,ליטר,false,1,27.90,27.90,true,1,
4100470106700,false,חומץ תפוחים אורגני 750 מל,,,חומץ תפוחים אורגני 7,מיליליטרים,750.00,"100 מ""ל",false,1,23.90,3.19,true,1,
4101540707353,false,שטולן לחם צימוקים וקליפות הדרים מסוכ 500,,,שטולן לחם צימוקים וק,גרמים,500.00,100 גרם,false,1,28.90,5.78,true,1,
4101540775413,false,עוגת שטולן עשירה עם מרצפן 950 גר,,DE,עוגת שטולן עשירה עם,גרמים,950.00,100 גרם,false,1,52.90,5.57,true,1,
4101940426823,false,"בירה 500 מ""ל 7.9% APOSTEL BRAU",,,"בירה 500 מ""ל 7.9% AP",מיליליטרים,500.00,"100 מ""ל",false,1,8.50,1.70,true,1,
4102430013615,false,שישיית בירה ביטבורגר 5% 330 מל,,,שישיית בירה ביטבורגר,מיליליטרים,1980.00,"100 מ""ל",false,1,49.90,2.52,true,1,
4102430310615,false,"שישיית בירה ביטבורגר דרייב 6*330 מ""ל",,,שישיית בירה ביטבורגר,מיליליטרים,1980.00,"100 מ""ל",false,1,48.90,2.47,true,1,
4102430315504,false,בירה ביטבורגר דרייב 330 מל,,,בירה ביטבורגר דרייב,מיליליטרים,330.00,"100 מ""ל",false,1,7.50,2.27,true,1,
4105120623941,false,"בירה ויינשטפן 500 מ""ל בקבוק",,,בירה ויינשטפן 500 מ,מיליליטרים,330.00,"100 מ""ל",false,1,13.90,4.21,true,1,
4105120624412,false,"בירה ויינשטפן ויטוס 500 מ""ל",,IL,בירה ויינשטפן ויטוס,מיליליטרים,500.00,"100 מ""ל",false,1,13.90,2.78,true,1,
4250231139956,false,הלורן-רויאל טינס דפדפי פטל 200 גרם,,,הלורן-רויאל טינס דפד,גרמים,200.00,100 גרם,false,1,18.40,9.20,true,1,
4250231140112,false,הלורן-רויאל טינס דפדפי קרמל מלוח 200 גרם,,,הלורן-רויאל טינס דפד,גרמים,200.00,100 גרם,false,1,18.40,9.20,true,1,
4260007240519,false,איקרה קישואים אולן 680 גר,,,ממרח קישואים 680 גר,גרמים,680.00,100 גרם,false,1,21.90,3.22,true,1,
4260007247891,false,"עגבניות ומלפפונים בחומץ אולן 1.6 ק""ג",,,אסורטי אולן אמפ 1.63,קילוגרמים,0.00,"ק""ג",false,1,35.50,35.50,true,1,
4260134390194,false,"בירה קירין איציבאן 330 מ""ל",,,בירה קירין איציבאן 3,מיליליטרים,330.00,"100 מ""ל",false,1,9.90,3.00,true,1,
4260334140049,false,שוקולד גנדויה טבעוני עם אגוזי לוז 65 גר,,,שוקולד גנדויה טבעוני,גרמים,65.00,100 גרם,false,1,13.90,21.38,true,1,
4333465053769,false,יין פרנאווי-סוביניון בלאן ניו זילנד 750,,,יין פרנאווי-סוביניון,Unknown,0.00,Unknown,false,1,88.90,88.90,true,1,
4388441344614,false,צוקולה פרלינים ש.מריר במילוי ליקר 160 גר,,DE,צוקולה פרלינים ש.מרי,גרמים,160.00,100 גרם,false,1,11.90,7.44,true,1,
4560198160055,false,טקוא צנון יפני 500 גרם,,,טקוא צנון יפני 500 ג,גרמים,500.00,100 גרם,false,1,36.30,7.26,true,1,
4600068009883,false,"קוואס אוצקובסקי 500 מ""ל פחית",,,קוואס אוצקובסקי 500,מיליליטרים,500.00,"100 מ""ל",false,1,9.90,1.98,true,1,
4600521002604,false,"ברנדי קווינט 3 500 מ""ל",,,ברנדי קווינט 3 500 מ,מיליליטרים,500.00,"100 מ""ל",false,1,65.90,13.18,true,1,
4600659010854,false,"וודקה 40% סטולי 700 מ""ל",,,וודקה 40% סטולי 700,מיליליטרים,700.00,"100 מ""ל",false,1,59.90,8.56,true,1,
4600682009450,false,"בירה בלטיקה מס 9 450 מ""ל בקבוק",,,בירה בלטיקה מס 9 450,מיליליטרים,450.00,"100 מ""ל",false,1,9.90,2.20,true,1,
4600682023524,false,בירה גורקובסקאיה בוהמיין פילס 440 מ,,,בירה גורקובסקאיה בוה,מיליליטרים,440.00,"100 מ""ל",false,1,8.90,2.02,true,1,
4600682023654,false,בירה גורקובסקאיה וויזאן לא מסוננת 440 מ,,,בירה גורקובסקאיה ווי,מיליליטרים,440.00,"100 מ""ל",false,1,8.90,2.02,true,1,
4600682407478,false,"בירה בלטיקה מס 7 470 מ""ל בקבוק",,,בירה בלטיקה מס 7 470,מיליליטרים,470.00,"100 מ""ל",false,1,9.90,2.11,true,1,
4600682409458,false,"בירה בלטיקה מס 9 450 מ""ל פחית",,,בירה בלטיקה מס 9 45,מיליליטרים,450.00,"100 מ""ל",false,1,9.90,2.20,true,1,
4600682483472,false,"בירה זיטאסקי גוס 480 מ""ל",,,בירה זיטאסקי גוס 480,מיליליטרים,480.00,"100 מ""ל",false,1,9.90,2.06,true,1,
4600851010669,false,מיונז פרובונסל 450 גרם,,FI,מיונז פרובונסל 450 ג,גרמים,450.00,100 גרם,false,1,15.90,3.53,true,1,
4601021050225,false,דובשנית קורובקה עם חלב מרוכז מבושל 300 ג,,,דובשנית קורובקה עם ח,גרמים,300.00,100 גרם,false,1,10.40,3.47,true,1,
4601780005443,false,דוחן 800 גר MAKFA,,RU,דוחן 800 גר MAKFA,גרמים,800.00,100 גרם,false,1,16.40,2.05,true,1,
4601780006211,false,סולת מאקפה 700 גר,,,סולת מאקפה 700 גר,גרמים,700.00,100 גרם,false,1,14.20,2.03,true,1,
4601780010690,false,גריסי פנינה 800ג מקפה,,,גריסי פנינה 800ג מקפ,גרמים,800.00,100 גרם,false,1,10.90,1.36,true,1,
4602441005116,false,משקה 2 ליטר TARCHUN,,,משקה 2 ליטר TARCHUN,ליטרים,0.00,ליטר,false,1,16.90,16.90,true,1,
4602486002057,false,"וודקה בלנקאיה ללא גלוטן 700 מ""ל",,RU,וודקה בלנקאיה ללא גל,מיליליטרים,700.00,"100 מ""ל",false,1,69.90,9.99,true,1,
4602486002071,false,"וודקה בלנקאיה גולד 700 מ""ל",,RU,וודקה בלנקאיה גולד 7,מיליליטרים,700.00,"100 מ""ל",false,1,59.90,8.56,true,1,
4602486002477,false,"וודקה בלנקאיה אקסטרה 700 מ""ל",,RU,וודקה בלנקאיה אקסטרה,מיליליטרים,700.00,"100 מ""ל",false,1,69.90,9.99,true,1,
4603400000043,false,"וודקה רוסקיי סטנדרט 700 מ""ל",,,וודקה רוסקיי סטנדרט,מיליליטרים,700.00,"100 מ""ל",false,1,64.90,9.27,true,1,
4603400000180,false,"וודקה סטנדרט פלטינום 700 מ""ל",,,וודקה סטנדרט פלטינום,מיליליטרים,700.00,"100 מ""ל",false,1,98.90,14.13,true,1,
4603400000197,false,"וודקה רוסקי סטנדרט 500 מ""ל",,,וודקה רוסקי סטנדרט 5,מיליליטרים,500.00,"100 מ""ל",false,1,61.90,12.38,true,1,
4603514010327,false,"גין באריסטר פינק מתובל 700 מ""ל",,RU,גין באריסטר פינק מתו,מיליליטרים,700.00,"100 מ""ל",false,1,109.90,15.70,true,1,
4603514010341,false,"גין באריסטר בלו מתובל 700 מ""ל",,RU,גין באריסטר בלו מתוב,מיליליטרים,700.00,"100 מ""ל",false,1,109.90,15.70,true,1,
4603928000976,false,"וודקה בלוגה נובל 700 מ""ל",,RU,וודקה בלוגה נובל 700,מיליליטרים,700.00,"100 מ""ל",false,1,129.90,18.56,true,1,
4604248000349,false,מיונז מאחייב פרובנסאל 380 גר,,,מיונז מאחייב פרובנסא,גרמים,380.00,100 גרם,false,1,11.90,3.13,true,1,
4604248000554,false,מיונז מאחייב פרובנסל 50.5% 800 גרם,,,מיונז מאחייב פרובנסל,גרמים,800.00,100 גרם,false,1,19.90,2.49,true,1,
4604248000844,false,מיונז מאחייב עם שמן זית 380 גרם,,,מיונז מאחייב עם שמן,גרמים,380.00,100 גרם,false,1,11.90,3.13,true,1,
4604248000851,false,מיונז מאחייב לימון 380 גרם,,,מיונז מאחייב לימון 3,גרמים,380.00,100 גרם,false,1,11.90,3.13,true,1,
4604248003043,false,קטשופ שישליק 500 גרם מחייב,,,קטשופ שישליק 500 גר,גרמים,500.00,100 גרם,false,1,13.50,2.70,true,1,
4604248006914,false,ריבת מאחייב פטל בזכוכית 400 גר,,,ריבת מאחייב פטל,גרמים,400.00,100 גרם,false,1,25.90,6.48,true,1,
4604248012601,false,חזרת 190 גרם מחייב,,,חזרת 190 גרם מחייב,גרמים,190.00,100 גרם,false,1,11.50,6.05,true,1,
4604248022709,false,מיונז מאחייב ביצים 50.5% 800 גרם,,RU,מיונז מאחייב ביצים 5,גרמים,800.00,100 גרם,false,1,19.90,2.49,true,1,
4605246002014,false,תה ויסוקוגורניי ליסט פרינצסה נורי 100 שק,,,תה נסיכה נורי הרים,Unknown,0.00,Unknown,false,1,21.90,21.90,true,1,
4605246004278,false,תה גרינפילד שחור ארל גריי 25 שקי 50 גר,,RU,תה גרינפילד שחור ארל,גרמים,50.00,100 גרם,false,1,13.20,26.40,true,1,
4605246007880,false,תה ירוק טאס גינגר מוחיטו 20 שקיות 1.8 גר,,,תה ירוק טאס גינגר מו,Unknown,0.00,Unknown,false,1,14.90,14.90,true,1,
4605362008716,false,גרעינים שחורים 300 גר בבקיני,,,גרעינים שחורים 300 ג,גרמים,300.00,100 גרם,false,1,18.90,6.30,true,1,
4605561010305,false,חתיכות פילה הרינג עם שמיר בשמן 500 גרם,,RU,חתיכות פילה הרינג,גרמים,500.00,100 גרם,false,1,31.50,6.30,true,1,
4605561010343,false,חתיכות פילה הרינג בשמן 500 גרם,,RU,חתיכות פילה הרינג,גרמים,500.00,100 גרם,false,1,31.50,6.30,true,1,
4605561011975,false,חתיכות פילה הרינג בשמן 150 גרם,,,חתיכות פילה הרינג בש,גרמים,200.00,100 גרם,false,1,8.90,4.45,true,1,
4605561012613,false,פילה הרינג (קצוץ) בשמן 400 גרם,,,פילה הרינג (קצוץ) בש,גרמים,400.00,100 גרם,false,1,18.80,4.70,true,1,
4605561013009,false,פילה הרינג בשמן 400 גרם,,,פילה הרינג בשמן 400,גרמים,400.00,100 גרם,false,1,18.80,4.70,true,1,
4606598003612,false,תבלין לכרעיים מגיה ווסטוקה 15 גרם,,,תבלין לכרעיים מגיה ו,Unknown,0.00,Unknown,false,1,3.90,3.90,true,1,
4607001410317,false,"רולדה ""אגדה"" בטעם תות שדה 200 גרם",,,"רולדה ""אגדה"" בטעם תו",גרמים,200.00,100 גרם,false,1,7.90,3.95,true,1,
4607001414452,false,טארטלט אורגינל 180 גרם ORIGINAL,,,טארטלט אורגינל 180 ג,גרמים,180.00,100 גרם,false,1,9.90,5.50,true,1,
4607001417569,false,טורט דבש (מאדוביק)במילוי ריבת חלב 350 גר,,,טורט דבש (מאדוביק)במ,גרמים,350.00,100 גרם,false,1,17.90,5.11,true,1,
4607002990238,false,שעועית אדומה דוד וניה 400 גר,,,שעועית אדומה דוד וני,גרמים,400.00,100 גרם,false,1,10.50,2.63,true,1,
4607002990252,false,שעועית לבנה דוד וניה 400 גר,,,שעועית לבנה דוד וניה,גרמים,400.00,100 גרם,false,1,10.50,2.63,true,1,
4607002990290,false,מלפפונים מוחמצים 680 גר D. Vanya,,,מלפפונים מוחמצים 680,גרמים,680.00,100 גרם,false,1,14.90,2.19,true,1,
4607002991235,false,אסורטי עגבניות ומלפפונים 1.8ל דאדיה וניה,,RU,אסורטי עגבניות ומלפפ,ליטרים,0.00,ליטר,false,1,29.90,29.90,true,1,
4607002991358,false,מלפפונים מוחמצים 1.8 ל דאדיה וניה,,RU,מלפפונים מוחמצים 1.8,ליטרים,0.00,ליטר,false,1,29.90,29.90,true,1,
4607002991587,false,עגבניות מוחמצות 1.8 ל דאדיה וניה,,RU,עגבניות מוחמצות 1.8,ליטרים,0.00,ליטר,false,1,29.90,29.90,true,1,
4607002995752,false,אסורטי עגבניות/מלפפונים דיאדיה וניה 680,,,אסורטי עגבניות/מלפפו,גרמים,680.00,100 גרם,false,1,14.90,2.19,true,1,
4607002995943,false,ממרח קישואים קלויים דיאדיה וניה 460 גר,,RU,ממרח קישואים קלויים,גרמים,460.00,100 גרם,false,1,12.90,2.80,true,1,
4607002997558,false,סלט הונגרי דיאדיה וניה 460 גרם,,RU,סלט הונגרי דיאדיה ונ,גרמים,460.00,100 גרם,false,1,12.90,2.80,true,1,
4607002998142,false,מלפפונים בחומץ 950 גר דאדיה וניה,,RU,מלפפונים בחומץ 950 ג,מיליליטרים,950.00,"100 מ""ל",false,1,16.90,1.78,true,1,
4607002998180,false,מלפפונים במלח 950 גר דאדיה וניה,,RU,מלפפונים במלח 950 גר,מיליליטרים,950.00,"100 מ""ל",false,1,16.90,1.78,true,1,
4607002999187,false,קורנישונים צרפתי דיאדיה וניה 680 גרם,,RU,קורנישונים צרפתי דיא,גרמים,680.00,100 גרם,false,1,14.90,2.19,true,1,
4607002999545,false,שעועית אדומה לוביו דיאדיה וניה 480 גר,,RU,שעועית אדומה לוביו ד,גרמים,480.00,100 גרם,false,1,12.90,2.69,true,1,
4607005400550,false,שוקולד מריר 72% פרמיום פובדה 250 גרם,,RU,שוקולד מריר 72% פרמי,גרמים,250.00,100 גרם,false,1,19.90,7.96,true,1,
4607005409829,false,שוקולד חלב 36% קקאו ללא סוכר 100 גר,,RU,שוקולד חלב 36% קקאו,גרמים,100.00,100 גרם,false,1,9.90,9.90,true,1,
4607012350992,false,גרעיני חמניות מרטין 100 גרם,,,גרעיני חמניות מרטין,גרמים,100.00,100 גרם,false,1,8.30,8.30,true,1,
4607012351005,false,גרעיני חמניות מרטין ללא מלח 200 גרם,,,גרעיני חמניות מרטין,גרמים,200.00,100 גרם,false,1,12.90,6.45,true,1,
4607012351128,false,גרעיני חמניות מרטין 500 גרם,,,גרעיני חמניות מרטין,גרמים,500.00,100 גרם,false,1,31.50,6.30,true,1,
4607012351807,false,"צנימים ""MARTIN"" בטעם בייקון 60 גר",,,"צנימים ""MARTIN"" בטעם",גרמים,60.00,100 גרם,false,1,5.50,9.17,true,1,
4607012351821,false,"צנימים ""MARTIN"" בטעם ירק עם שמנת 60 גר",,,"צנימים ""MARTIN"" בטעם",Unknown,0.00,Unknown,false,1,5.50,5.50,true,1,
4607012351951,false,גרעיני חמניות מרטין עם מלח 100 גרם,,,גרעיני חמניות מרטין,גרמים,100.00,100 גרם,false,1,8.30,8.30,true,1,
4607012351999,false,גרעיני חמניות מרטין עם מלח 200 גרם,,,גרעיני חמניות מרטין,גרמים,200.00,100 גרם,false,1,12.90,6.45,true,1,
4607012352002,false,גרעיני דלעת מרטין 100 גר,,RU,גרעיני דלעת מרטין 1,גרמים,100.00,100 גרם,false,1,14.20,14.20,true,1,
4607012352095,false,גרעיני חמניות מרטין עם מלח 500 גרם,,,גרעיני חמניות מרטין,גרמים,500.00,100 גרם,false,1,31.50,6.30,true,1,
4607012352453,false,גרעיני חמניות מרטין פסים עם מלח 150 גר,,,גרעיני חמניות מרטין,גרמים,150.00,100 גרם,false,1,12.00,8.00,true,1,
4607014780551,false,שמן חמניות מזוכך בלגו 1 ל,,,שמן חמניות מזוכך בל,מיליליטרים,1000.00,"100 מ""ל",false,1,21.90,2.19,true,1,
4607014782111,false,שמן חמניות לא מזוכך בלגו 1 ל,,,שמן חמניות לא מזוכך,מיליליטרים,1000.00,"100 מ""ל",false,1,21.90,2.19,true,1,
4607016240398,false,סולת 700 גרם,,,סולת 700 גרם,גרמים,700.00,100 גרם,false,1,10.90,1.56,true,1,
4607016243047,false,ש.שועל עם תות 5*40גר,,,ש.שועל עם תות 5*40גר,גרמים,200.00,100 גרם,false,1,14.90,7.45,true,1,
4607016243108,false,ש.שועל עם פטל 5*40גר,,,ש.שועל עם פטל 5*40גר,גרמים,200.00,100 גרם,false,1,14.90,7.45,true,1,
4607016245485,false,תבשיל כוסמת אובלקה 5*80 גר,,,תבשיל כוסמת אובלקה 5,גרמים,400.00,100 גרם,false,1,13.90,3.48,true,1,
4607016245805,false,דייסת ש.שועל עם תערובת פירות יער 5*40גר,,,דייסת ש.שועל עם תערו,גרמים,200.00,100 גרם,false,1,14.90,7.45,true,1,
4607016248448,false,דייסה שיבולת שועל עם בננה ותות שדה 200 ג,,RU,דייסה שיבולת שועל עם,גרמים,200.00,100 גרם,false,1,14.90,7.45,true,1,
4607025280019,false,"קמח 2 ק""ג",,,"קמח 2 ק""ג",קילוגרמים,0.00,"ק""ג",false,1,21.90,21.90,true,1,
4607025280026,false,קמח חיטה 1 קג,,,"קמח חיטה 1 ק""ג",גרמים,1000.00,100 גרם,false,1,11.90,1.19,true,1,
4607036201560,false,ממרח קישוים 520 גרם PICANTA,,RU,ממרח קישוים 520 גרם,גרמים,520.00,100 גרם,false,1,11.90,2.29,true,1,
4607037431164,false,זפיר בטעם חמאה 420 גרם NEVA,,,זפיר בטעם חמאה 420 ג,גרמים,420.00,100 גרם,false,1,19.90,4.74,true,1,
4607037435797,false,ממתק מוקצף בטעם וניל וחתיכות מרמלדה 220ג,,RU,ממתק מוקצף בטעם וניל,גרמים,220.00,100 גרם,false,1,11.90,5.41,true,1,
4607037439887,false,חלב ציפורים נבסקאיה 260 גרם,,RU,ממתק מוקצף וניל מצופ,גרמים,170.00,100 גרם,false,1,8.50,5.00,true,1,
4607038061056,false,שימורי קלמרי 250 גר,,,שימורי קלמרי 250 גר,גרמים,250.00,100 גרם,false,1,16.90,6.76,true,1,
4607041230852,false,צנימים עם צימוקים וסוכר 300 גר POSOLSKIE,,,צנימים עם צימוקים וס,גרמים,300.00,100 גרם,false,1,11.90,3.97,true,1,
4607051158221,false,תה ארל גריי 20 שקיקים CURTIS,,,תה ארל גריי 20 שקיקי,Unknown,0.00,Unknown,false,1,15.40,15.40,true,1,
4607051158672,false,תה פירות יער 20 שקיקים CURTIS,,,תה פירות יער 20 שקיק,Unknown,0.00,Unknown,false,1,15.40,15.40,true,1,
4607054450865,false,גרעינים סטניצניה 400 גר XXL,,,גרעינים סטניצניה 400,גרמים,400.00,100 גרם,false,1,30.70,7.68,true,1,
4607054452579,false,"גרעיני קלויים ומלוחים ""פשוט טעים"" 400 גר",,RU,גרעיני קלויים ומלוחי,גרמים,400.00,100 גרם,false,1,25.50,6.38,true,1,
4607065580223,false,דושירק בטעם עוף 90 גרם,,,דושירק בטעם עוף 90 ג,גרמים,90.00,100 גרם,false,1,10.90,12.11,true,1,
4607065580230,false,דושירק בטעם פטריות 90 גרם,,,דושירק בטעם פטריות 9,גרמים,90.00,100 גרם,false,1,10.90,12.11,true,1,
4607065580247,false,דושירק בטעם בקון 90 גר,,,דושירק בטעם בקון 90,גרמים,90.00,100 גרם,false,1,10.90,12.11,true,1,
4607065580353,false,מרק דושירק בטעם קימצי 90 גר,,,מרק דושירק בטעם קימצ,Unknown,0.00,Unknown,false,1,10.90,10.90,true,1,
4607065580575,false,תבשיל אטריות להכנה מהירה בטעם בקר 110 גר,,,תבשיל אטריות להכנה מ,גרמים,110.00,100 גרם,false,1,12.90,11.73,true,1,
4607084351385,false,עוגיות 360 גרם CHOCO-PIE,,RU,עוגיות 360 גרם CHOCO,גרמים,360.00,100 גרם,false,1,16.70,4.64,true,1,
4607084352542,false,עוגיות 360 גר ORION* CHOCO-PIE MANGO,,RU,עוגיות 360 גר ORION*,גרמים,360.00,100 גרם,false,1,15.90,4.42,true,1,
4607167191198,false,ריבה משמש בזכוכית 550 גר EMPIRE JAM,,,ריבה משמש בזכוכית 55,גרמים,550.00,100 גרם,false,1,41.90,7.62,true,1,
4607167191952,false,ריבה דובדבן עם פרוקטוז ימפריה גים 550 גר,,RU,ריבה דובדבן עם פרוקט,גרמים,550.00,100 גרם,false,1,41.90,7.62,true,1,
4607931605227,false,"משקה טרחון 500 מ""ל",,,משקה טרחון 500 מל,מיליליטרים,500.00,"100 מ""ל",false,1,9.90,1.98,true,1,
4610018570073,false,קוויאר בפחית 95 גר,,,קוויאר בפחית 95 גר,גרמים,95.00,100 גרם,false,1,41.90,44.11,true,1,
4620015850269,false,תה הודי נסישני 100 גר,,,תה הודי נסישני 100 ג,גרמים,200.00,100 גרם,false,1,20.40,10.20,true,1,
4620015850351,false,תה ירוק 36 גרם HUGO COCTAIL CURTIS,,,תה ירוק 36 גרם HUGO,Unknown,0.00,Unknown,false,1,15.40,15.40,true,1,
4630049326746,false,"שמן חמניות בראביטה 870 מ""ל",,,שמן חמניות בראביטה 8,מיליליטרים,870.00,"100 מ""ל",false,1,14.90,1.71,true,1,
4640001890031,false,סודה לשתייה 500 גר,,,סודה לשתייה 500 גר,גרמים,500.00,100 גרם,false,1,11.90,2.38,true,1,
4640018993343,false,טבליות למדיח פיניש קוואנטום רגיל 30 יח,,PL,טבליות למדיח פיניש ק,Unknown,0.00,Unknown,false,1,44.90,44.90,true,1,
4640018993350,false,טבליות למדיח פיניש קוואנטום לימון 30 יח,,PL,טבליות למדיח פיניש ק,Unknown,0.00,Unknown,false,1,44.90,44.90,true,1,
4640018993398,false,טבליות למדיח פיניש קוואנטום רגיל 60 יח,,,טבליות למדיח פיניש ק,Unknown,0.00,Unknown,false,1,68.50,68.50,true,1,
4660013940470,false,שוקולד חלב 32% פובדה 250 גר,,RU,שוקולד חלב 32% פובדה,גרמים,250.00,100 גרם,false,1,14.90,5.96,true,1,
4665270950200,false,פתיתי שיבולת שועל סמייניי זאקרומה 800 גר,,,פתיתי שיבולת שועל,גרמים,800.00,100 גרם,false,1,7.50,0.94,true,1,
4680009730021,false,דובשניות סחרניה בטעם וניל 500 גר BKK,,RU,דובשניות סחרניה בטעם,גרמים,500.00,100 גרם,false,1,13.90,2.78,true,1,
4710068001692,false,"מאסטר קפה לאטה 240 מ""ל",,,מאסטר קפה לאטה 240 מ,מיליליטרים,240.00,"100 מ""ל",false,1,7.90,3.29,true,1,
4710068001715,false,"מאסטר קפה טירמיסו 240 מ""ל",,,מאסטר קפה טירמיסו 24,מיליליטרים,240.00,"100 מ""ל",false,1,7.90,3.29,true,1,
4710068001739,false,"מאסטר קפה קולוביאני 240 מ""ל",,,מאסטר קפה קולוביאני,מיליליטרים,250.00,"100 מ""ל",false,1,7.90,3.16,true,1,
4710068002798,false,"מאסטר קפה וונילה 240 מ""ל",,,מאסטר קפה וניל 240 מ,מיליליטרים,240.00,"100 מ""ל",false,1,7.90,3.29,true,1,
4710068002811,false,"מאסטר קפה וונילה 240 מ""ל",,,מאסטר קפה וונילה 24,מיליליטרים,240.00,"100 מ""ל",false,1,8.20,3.42,true,1,
4710068003313,false,"מאסטר קפה אמריקנו 240 מ""ל",,,מאסטר קפה אמריקנו 24,מיליליטרים,240.00,"100 מ""ל",false,1,7.90,3.29,true,1,
4710964104916,false,שמן שומשום טהור 370 מל,,,שמן שומשום טהור 370,מיליליטרים,370.00,"100 מ""ל",false,1,26.10,7.05,true,1,
4710964170799,false,שומשום שחור קלוי 91 גרם,,,שומשום שחור קלוי 91,גרמים,91.00,100 גרם,false,1,17.90,19.67,true,1,
4711476002813,false,"קפה קר פיפו מוקצינו 240 מ""ל",,TW,קפה קר פיפו מוקצינו,מיליליטרים,240.00,"100 מ""ל",false,1,8.60,3.58,true,1,
4740098098331,false,"קוקטייל בלו לגון אה לה קוק 330 מ""ל",,,קוקטייל בלו לגון אה,מיליליטרים,330.00,"100 מ""ל",false,1,12.90,3.91,true,1,
4740098098355,false,"קוקטייל מוחיטו אה לה קוק 330 מ""ל",,,קוקטייל מוחיטו אה לה,מיליליטרים,330.00,"100 מ""ל",false,1,12.90,3.91,true,1,
4740098098379,false,"קוקטייל מרגריטה אה לה קוק 330 מ""ל",,,קוקטייל מרגריטה אה ל,מיליליטרים,330.00,"100 מ""ל",false,1,12.90,3.91,true,1,
4740098098393,false,"קוקטייל און דה ביץ אה לה קוק 330 מ""ל",,,קוקטייל און דה ביץ,מיליליטרים,330.00,"100 מ""ל",false,1,12.90,3.91,true,1,
4750012000173,false,דיווה קוסמופוליטן פסיפלורה 750 מל,,,דיווה קוסמופוליטן פס,Unknown,0.00,Unknown,false,1,24.90,24.90,true,1,
4750012025855,false,דיווה קוסמופוליטן-שיכר תפוח 750 מל,,,דיווה קוסמופוליטן,Unknown,0.00,Unknown,false,1,24.90,24.90,true,1,
4750012026852,false,דיווה קוסמופוליטן שיכר פרי יער 750 מל,,,דיווה קוסמופוליטן,Unknown,0.00,Unknown,false,1,24.90,24.90,true,1,
4750021008665,false,"וודקה ריגה בלאק קרנברי 700 מ""ל",,,וודקה ריגה בלאק קרנב,מיליליטרים,700.00,"100 מ""ל",false,1,52.90,7.56,true,1,
4750021011139,false,דיווה קוסמופוליטן פינה קולדה 750 מל,,,דיווה קוסמופוליטן פי,Unknown,0.00,Unknown,false,1,24.90,24.90,true,1,
4750021201592,false,וודקה 1 ליור RIGA BLACK,,,וודקה 1 ליטר RIGA BL,מיליליטרים,1000.00,"100 מ""ל",false,1,87.90,8.79,true,1,
4750021221361,false,"וודקה 700 מ""ל RIGA BLACK",,,"וודקה 700 מ""ל RIGA B",מיליליטרים,700.00,"100 מ""ל",false,1,52.90,7.56,true,1,
4750142002078,false,"בירה צסו יורמלה 500 מ""ל",,LV,בירה צסו יורמלה 500,מיליליטרים,500.00,"100 מ""ל",false,1,7.90,1.58,true,1,
4750142002719,false,"בירה בירה לא מסוננת צסו יורמלה 500 מ""ל",,LV,בירה בירה לא מסוננת,מיליליטרים,500.00,"100 מ""ל",false,1,7.90,1.58,true,1,
4750142005062,false,"בירה ברוזה לא מסוננת צסו 568 מ""ל",,,בירה ברוזה לא מסוננת,מיליליטרים,568.00,"100 מ""ל",false,1,8.90,1.57,true,1,
4750142016518,false,בירה צסו לא מסוננת 5.4% 568 מל,,,בירה צסו לא מסוננת 5,מיליליטרים,568.00,"100 מ""ל",false,1,8.90,1.57,true,1,
4750616002337,false,קילקה במיץ עגבניות בריווס וילנוס 240 גר,,,קילקה במיץ עגבניות ב,גרמים,240.00,100 גרם,false,1,7.50,3.13,true,1,
4750616006564,false,סרדינים על הגריל בשמן זית 190 גר,,,סרדינים על הגריל בשמ,גרמים,190.00,100 גרם,false,1,12.90,6.79,true,1,
4750616006571,false,סרדינים על הגריל בשמן זית עם צילי 190 ג,,,סרדינים על הגריל בשמ,גרמים,190.00,100 גרם,false,1,12.90,6.79,true,1,
4751002122325,false,לחם שיפון רזיסקי ריגה 500 גר,,LV,לחם שיפון רזיסקי ריג,גרמים,500.00,100 גרם,false,1,12.90,2.58,true,1,
4751002125494,false,לחם בורודינסקי עם גרעיני חמניות 350גר,,LV,לחם בורודינסקי עם גר,גרמים,350.00,100 גרם,false,1,12.90,3.69,true,1,
4751002127467,false,לחם שיפון בורודינסקי פרוס 500 גר,,LV,לחם שיפון בורודינסקי,גרמים,500.00,100 גרם,false,1,12.90,2.58,true,1,
4751007732758,false,פילה סלמון (סיומגה) במיץ טבעי 170 גר,,,פילה סלמון (סיומגה),גרמים,170.00,100 גרם,false,1,13.20,7.76,true,1,
4751007732833,false,פילה סלמון ברוטב עגבניות 170 גרם,,,פילה סלמון ברוטב עגב,גרמים,170.00,100 גרם,false,1,11.90,7.00,true,1,
4751007732970,false,סלט איטלקי עם סלומון 170 גרם,,,סלט איטלקי עם סלומון,גרמים,170.00,100 גרם,false,1,11.90,7.00,true,1,
4751007738392,false,שימורי דג שפרוטים מעושנים בשמן צמחי 240ג,,LV,שימורי דג שפרוטים 24,גרמים,240.00,100 גרם,false,1,10.90,4.54,true,1,
4751008660821,false,ממתק ללא סוכר עם אגוזי לוז סטיביה 90 ג,,,ממתק ללא סוכר עם אגו,גרמים,90.00,100 גרם,false,1,7.50,8.33,true,1,
4751032740315,false,"מרק סוליאנקה 500 מ""ל LATFOOD",,,"מרק סוליאנקה 500 מ""ל",מיליליטרים,500.00,"100 מ""ל",false,1,10.90,2.18,true,1,
4751032740360,false,"מרק אפונה 500 מ""ל LATFOOD",,,"מרק אפונה 500 מ""ל LA",מיליליטרים,500.00,"100 מ""ל",false,1,10.90,2.18,true,1,
4760062105070,false,תה ירוק באריזה שקופה אזרציי 250 גר BUKET,,AZ,תה ירוק 200 גר BUKET,גרמים,200.00,100 גרם,false,1,13.90,6.95,true,1,
4760065708957,false,עגבניות אדומות קלופות במיץ עגבניות 680גר,,AZ,עגבניות אדומות קלופו,גרמים,680.00,100 גרם,false,1,13.90,2.04,true,1,
4760065709145,false,מלפפונים בחומץ 670 גר,אזרסאן,AZ,מלפפונים בחומץ 670 ג,גרמים,670.00,100 גרם,false,1,14.90,2.22,true,1,
4760068001567,false,סלט פלפלים צלויים 315 גרם ביזים טארלה,,AZ,סלט פלפלים צלויים 31,גרמים,315.00,100 גרם,false,1,13.90,4.41,true,1,
4760074601058,false,גלידת שמנת וניל בציפו שוקולד אוסקר 100 ג,,,גלידת שמנת וניל בציפ,גרמים,75.00,100 גרם,false,1,8.30,11.07,true,1,
4760074601324,false,גלידת שמנת בטעם שוקולד ובציפוי קקאו לקומ,,,גלידת שמנת בטעם שוקו,גרמים,90.00,100 גרם,false,1,8.30,9.22,true,1,
4760074601331,false,גלידת שמנת בטעם וניל בציפוי קקאו לקומקה,,,גלידת שמנת בטעם וניל,גרמים,90.00,100 גרם,false,1,8.30,9.22,true,1,
4760074602420,false,אסקימו בטעם וניל בציפוי שוקולד קרוון סרי,,,אסקימו בטעם וניל בצי,גרמים,70.00,100 גרם,false,1,8.30,11.86,true,1,
4760129500268,false,BAGDANריבת חבושים 400 גר,,UZ,BAGDANריבת חבושים 40,גרמים,400.00,100 גרם,false,1,19.90,4.98,true,1,
4770179998113,false,אסורטי ריגה 348 גרם,,,אסורטי ריגה 348 גרם,גרמים,348.00,100 גרם,false,1,33.90,9.74,true,1,
4770237051804,false,חטיף גבינה וניל 45 גר,,,חטיף גבינה וניל 45 ג,גרמים,4500.00,100 גרם,false,1,4.50,0.10,true,1,
4770237051811,false,חטיף גבינה עם ריבת חלב 45 גר,,,חטיף גבינה עם ריבת ח,גרמים,4500.00,100 גרם,false,1,4.50,0.10,true,1,
4770237051828,false,חטיף גבינה תות שדה 45 גר,,,חטיף גבינה תות שדה 4,גרמים,4500.00,100 גרם,false,1,4.50,0.10,true,1,
4770237051842,false,חטיף גבינה בטעם שוקולד 45 גר,,,חטיף גבינה בטעם שוקו,גרמים,4500.00,100 גרם,false,1,4.50,0.10,true,1,
4770237055048,false,שמנת 15% 350 גר,,,15% 350 גר SMETANKA,גרמים,350.00,100 גרם,false,1,12.90,3.69,true,1,
4770237055055,false,שמנת 30% 200 גר,,,30% 200 גר SMETANKA,גרמים,200.00,100 גרם,false,1,11.90,5.95,true,1,
4770265045264,false,דייסת שיבולת שועל 200 גר,,,דייסת שיבולת שועל,גרמים,200.00,100 גרם,false,1,8.30,4.15,true,1,
4770265046452,false,גבינה מותכת 28% סבליה 185 גר,,LT,גבינה מותכת 28% סבלי,גרמים,185.00,100 גרם,false,1,20.90,11.30,true,1,
4770265046568,false,דייסת אורז עם משמש 200 גר,,,דייסת אורז עם משמש,גרמים,200.00,100 גרם,false,1,8.30,4.15,true,1,
4770265046575,false,דייסת סולת עם תותי בר 200 גר,,,דייסת סולת תותי בר,גרמים,200.00,100 גרם,false,1,8.30,4.15,true,1,
4770265212024,false,גבינה מותכת 22% דרבו 135 גר,,LT,גבינה מותכת 22% דרבו,גרמים,135.00,100 גרם,false,1,15.90,11.78,true,1,
4770265213786,false,משקה חלב ריזנקה 500 מל,,,משקה חלבי ריזנקה 500,מיליליטרים,500.00,"100 מ""ל",false,1,11.90,2.38,true,1,
4770265219535,false,גבינה אנגולי מעושנת 150 גר גורמן,,,גבינה אנגולי מעושנת,גרמים,150.00,100 גרם,false,1,12.90,8.60,true,1,
4770275048309,false,גבינת קוטג עם תבלינים 15% סבליה 130 גר,,LT,גבינת קוטג עם תבליני,גרמים,130.00,100 גרם,false,1,12.90,9.92,true,1,
4770275048316,false,גבינת קוטג עם מלפפון ושמיר 15% סבליה 130,,LT,גבינת קוטג עם מלפפון,גרמים,130.00,100 גרם,false,1,12.90,9.92,true,1,
4770275049580,false,טבורוג 5% סבליה 370 גר,,,טבורוג אנלוגי סבליה,גרמים,370.00,100 גרם,false,1,20.90,5.65,true,1,
4770275049597,false,טבורוג 5% סבליה 900 גר,,,טבורוג אנלוגי סבליה,גרמים,900.00,100 גרם,false,1,43.90,4.88,true,1,
4770275049603,false,טבורוג 9% סבליה 370 גר,,,טבורוג אנלוגי 9% סבל,גרמים,370.00,100 גרם,false,1,20.90,5.65,true,1,
4770275049696,false,"משקה חלב קפיר 900 מ""ל",,,משקה חלבי קפיר 900 מ,מיליליטרים,900.00,"100 מ""ל",false,1,15.90,1.77,true,1,
4770301230821,false,בירה אינדיה פייל אייל וולפאס אנגלמן 568,,,בירה אינדיה פייל אי,מיליליטרים,568.00,"100 מ""ל",false,1,10.90,1.92,true,1,
4770301232023,false,"אוסטרליה פייל אייל וולפאס אנגלמן 568 מ""ל",,,אוסטרליה פייל אייל ו,מיליליטרים,568.00,"100 מ""ל",false,1,10.90,1.92,true,1,
4770301235246,false,"בירה חיטה מייסטר 500 מ""ל פחית",,,בירה חיטה מייסטר 500,מיליליטרים,500.00,"100 מ""ל",false,1,7.90,1.58,true,1,
4770337046427,false,פרוסות גבינה 27% שומן 150 גרם MASSDAM,,,פרוסות גבינה 27% שומ,גרמים,150.00,100 גרם,false,1,20.10,13.40,true,1,
4770337047295,false,גבינה 200 גרם OLD GILDIJA,,IL,גבינה 200 גר OLD GIL,גרמים,200.00,100 גרם,false,1,24.90,12.45,true,1,
4770337047431,false,תחליף גבינה 150 גר SVALIA,,,גבינה אנלוגי 150 גר,גרמים,150.00,100 גרם,false,1,12.90,8.60,true,1,
4770337047455,false,תחליף גבינה רוסיסקי 150 גר,,,גבינה אנלוגי רוסיסקי,גרמים,150.00,100 גרם,false,1,12.90,8.60,true,1,
4770583213727,false,מיונז פרובנסל 450 גרם,,,מיונז פרובנסל 450 גר,גרמים,450.00,100 גרם,false,1,14.20,3.16,true,1,
4770583221340,false,מיונז 620 גר American,,LT,מיונז 620 גר America,גרמים,620.00,100 גרם,false,1,23.90,3.85,true,1,
4779036940852,false,עוגיות 60 גר GRIBOCHKI,,LT,עוגיות 60 גר GRIBOCH,גרמים,60.00,100 גרם,false,1,5.50,9.17,true,1,
4779036941149,false,עוגיות בצורת פטריות 150 גר,,,עוגיות בצורת פטריות,גרמים,150.00,100 גרם,false,1,11.80,7.87,true,1,
4780030690063,false,AGROMIRתערובת עגבניות שרי ומלפפונים 720,,,AGROMIRתערובת עגבניו,גרמים,720.00,100 גרם,false,1,15.90,2.21,true,1,
4780030690292,false,AGROMIRמלפפונים בחומץ עם שום ושמיר 720מ,,,AGROMIRמלפפונים בחומ,גרמים,750.00,100 גרם,false,1,14.90,1.99,true,1,
4780037060128,false,חצילים מטוגנים בשמן עם עגבניות ושום 500ג,,,חצילים מטוגנים בשמן,גרמים,500.00,100 גרם,false,1,15.90,3.18,true,1,
4780047500010,false,ZULYA BARAKA לפתן דובדבנים 1 ל,,,ZULYA BARAKA לפתן דו,מיליליטרים,1000.00,"100 מ""ל",false,1,18.90,1.89,true,1,
4780047500683,false,ZULYA BARAKA שום בחומץ 720 גר,,,ZULYA BARAKA שום בחו,גרמים,720.00,100 גרם,false,1,19.90,2.76,true,1,
4780047500799,false,ZULYA BARAKA פלפל חריף בחומץ 320 ג,,,ZULYA BARAKA פלפל חר,גרמים,320.00,100 גרם,false,1,13.90,4.34,true,1,
4780048900819,false,כמון שלם 45 גרם,,,כמון שלם 45 גרם,גרמים,45.00,100 גרם,false,1,17.90,39.78,true,1,
4780064180073,false,צימוקים בהירים אוזבקיים 150 גר,,,צימוקים בהירים אוזבק,גרמים,150.00,100 גרם,false,1,12.90,8.60,true,1,
4791001061263,false,תה אדבין 100 יחידות בטעמים,,,תה אדבין 100 יחידות,גרמים,200.00,100 גרם,false,1,27.90,13.95,true,1,
4792032060454,false,"גרין קוקו - מי קוקוס אורגניים 330 מ""ל",,,גרין קוקו - מי קוקוס,מיליליטרים,330.00,"100 מ""ל",false,1,10.50,3.18,true,1,
4792055006811,false,תה שחור עלים ארוכים פסיפלורה 100 HYSON,,LK,תה שחור עלים ארוכים,גרמים,100.00,100 גרם,false,1,16.50,16.50,true,1,
4792252001114,false,תה שחור ארל גריי 2 גר* 20 שק,,,תה שחור ארל גריי 2 ג,Unknown,0.00,Unknown,false,1,18.90,18.90,true,1,
4792252001152,false,"תה שחור ""גולד"" 100 גרם",,,"תה שחור ""גולד"" 100 ג",גרמים,100.00,100 גרם,false,1,19.90,19.90,true,1,
4792252100220,false,תה ירוק חלב אולונג 100 גרם,,,תה ירוק חלב אולונג,גרמים,100.00,100 גרם,false,1,23.90,23.90,true,1,
4793000637005,false,מקלות קינמון ציילון אורגני 50 גרם,,LK,מקלות קינמון ציילון,גרמים,50.00,100 גרם,false,1,18.90,37.80,true,1,
4793000637012,false,קינמון ציילון אורגני טחון 70 גרם,,LK,קינמון ציילון אורגני,גרמים,70.00,100 גרם,false,1,18.90,27.00,true,1,
4796019790013,false,"שמן קוקוס אורגני 300 מ""ל",,,שמן קוקוס אורגני 300,מיליליטרים,300.00,"100 מ""ל",false,1,25.50,8.50,true,1,
4796019790020,false,"שמן קוקוס אורגני 500 מ""ל גרין קוקו",,,שמן קוקוס אורגני 500,מיליליטרים,500.00,"100 מ""ל",false,1,36.50,7.30,true,1,
4796019790037,false,שמן קוקוס אורגני 1 ליטר גרין קוקו,,,שמן קוקוס אורגני 1 ל,מיליליטרים,1000.00,"100 מ""ל",false,1,60.50,6.05,true,1,
4801234159856,false,גלייד מיני גל בניחוח מרכך כביסה 75 גרם,,,גלייד מיני גל בניחוח,Unknown,0.00,Unknown,false,1,11.90,11.90,true,1,
4810065013121,false,חלב מרוכז ממותק דוי פק רוגציוב 280 גרם,,BY,חלב מרוכז ממותק דוי,גרמים,280.00,100 גרם,false,1,15.90,5.68,true,1,
4810168000066,false,פילה הרינג מלוח עם תבלינים 250 גר,,BY,פילה הרינג מלוח עם ת,גרמים,250.00,100 גרם,false,1,15.60,6.24,true,1,
4810168000103,false,פילה הרינג מטיאס 250גר,,BY,פילה הרינג מלוח מעוש,גרמים,250.00,100 גרם,false,1,15.60,6.24,true,1,
4810168000998,false,חתיכות פילה הרינג מלוח מצונן בצל 260 גר,,,חתיכות פילה הרינג,גרמים,260.00,100 גרם,false,1,19.80,7.62,true,1,
4810168001056,false,חתיכות פילה הרינג מלוח מצונן 260 גר,,,חתיכות פילה הרינג,גרמים,260.00,100 גרם,false,1,19.80,7.62,true,1,
4810168001933,false,מקלות סורימי בטעם סרטן קפוא 200 גרם,,,מקלות סורימי בטעם סר,גרמים,200.00,100 גרם,false,1,7.30,3.65,true,1,
4810168001964,false,נתחי סורימי בטעם סרטן קפוא 200 גרם,,,נתחי סורימי בטעם סרט,גרמים,200.00,100 גרם,false,1,7.30,3.65,true,1,
4810168004132,false,ביצי דג טרוטונית אטלנטי מומלח מצונן 180,,,ביצי דג טרוטונית אטל,גרמים,180.00,100 גרם,false,1,18.80,10.44,true,1,
4810168004149,false,ביצי דג טרוטונית אטלנטי מעושן מצונן 180,,,ביצי דג טרוטונית אטל,גרמים,180.00,100 גרם,false,1,18.80,10.44,true,1,
4810168004156,false,ביצי דג טרוטונית אטלנטי סלמון מעושן 180ג,,,ביצי דג טרוטונית אטל,גרמים,180.00,100 גרם,false,1,18.80,10.44,true,1,
4810168016104,false,ביצי דג טרוטונית אטלנטי חסילונים 180 גר,,,ביצי דג טרוטונית אטל,גרמים,180.00,100 גרם,false,1,18.80,10.44,true,1,
4810168018795,false,חתיכות פילה הרינג מלוח 200 גר,,,חתיכות פילה הרינג מל,גרמים,200.00,100 גרם,false,1,15.60,7.80,true,1,
4810168019051,false,פילה הרינג מלוח עם תבלין 200 גר,,BY,פילה הרינג מלוח עם ת,גרמים,200.00,100 גרם,false,1,15.60,7.80,true,1,
4810168020309,false,אצות ים מוחמצות 150 גר,,,אצות ים מוחמצות 150,גרמים,150.00,100 גרם,false,1,7.70,5.13,true,1,
4810168020330,false,אצות ים מוחמצות פטריות 150 גר,,,אצות ים מוחמצות,גרמים,150.00,100 גרם,false,1,7.70,5.13,true,1,
4810168020361,false,אצות ים מוחמצות עם חצילים 150 גר,,,אצות ים מוחמצות עם ח,גרמים,150.00,100 גרם,false,1,7.70,5.13,true,1,
4810168020392,false,אצות ים מוחמצות גזר 150 גר,,,אצות ים מוחמצות גזר,גרמים,150.00,100 גרם,false,1,7.70,5.13,true,1,
4810168023478,false,סלט אצות ים צוקה 150 גרם,,,סלט אצות ים צוקה 150,גרמים,150.00,100 גרם,false,1,14.90,9.93,true,1,
4810168024260,false,ביצי דג שיבוט מומלח מצונן 130 גר,,,ביצי דג שיבוט מומלח,גרמים,130.00,100 גרם,false,1,17.70,13.62,true,1,
4810168024512,false,חתיכות פילה הרינג מלוח מצונן תבלין 260גר,,,חתיכות פילה הרינג,גרמים,260.00,100 גרם,false,1,19.80,7.62,true,1,
4810168025793,false,ביצי דג זהבנון מומלח מצונן 130 גר,,,ביצי דג זהבנון מומלח,גרמים,130.00,100 גרם,false,1,17.70,13.62,true,1,
4810168031794,false,ביצי דג הרינג אטלנטי מומלח מצונן 110 גר,,,ביצי דג הרינג אטלנטי,גרמים,110.00,100 גרם,false,1,17.70,16.09,true,1,
4810168035785,false,ממרח עם קריל 150 גר,,BY,ממרח עם קריל 150 גר,גרמים,150.00,100 גרם,false,1,15.60,10.40,true,1,
4810168056964,false,בלינצס במילוי ממרח קקאו אגוזי לוז קפוא,,BY,בלינצס במילוי ממרח ק,גרמים,360.00,100 גרם,false,1,15.40,4.28,true,1,
4810168057435,false,חתיכות פילה הרינג מלוח בשמן XXL 500 גרם,,RU,חתיכות פילה הרינג מל,גרמים,500.00,100 גרם,false,1,31.50,6.30,true,1,
4810168057510,false,חתיכות פילה הרינג מתובל מלוח בשמן 400 גר,,,חתיכות פילה הרינג מת,גרמים,400.00,100 גרם,false,1,31.50,7.88,true,1,
4810168058876,false,ביצי דג טרוטונית Moiva עם אבוקדו וסלמון,,,ביצי דג טרוטונית Moi,גרמים,180.00,100 גרם,false,1,16.90,9.39,true,1,
4810168058975,false,חתיכות פילה דג הרינג סקנדינבי מלוח מצונן,,,חתיכות פילה דג הרינג,גרמים,260.00,100 גרם,false,1,19.80,7.62,true,1,
4810168058982,false,חתיכות פילה דג הרינג סקנדינבי מלוח בשמן,,RU,חתיכות פילה דג הרינג,גרמים,400.00,100 גרם,false,1,31.50,7.88,true,1,
4810168058999,false,פילה הרינג סקנדינבי מלוח 250 גרם,,,פילה הרינג סקנדינבי,גרמים,250.00,100 גרם,false,1,15.60,6.24,true,1,
4820000192187,false,"בירה אובולון ללא אלכוהול 500 מ""ל",,,בירה אובולון ללא אלכ,מיליליטרים,500.00,"100 מ""ל",false,1,7.80,1.56,true,1,
4820000455909,false,קואס טאראס 1.5 ל,,,קואס טאראס 1.5 ל,ליטרים,0.00,ליטר,false,1,17.90,17.90,true,1,
4820000456531,false,קואס טאראס שחור 1.5 ליטר,,,קואס טאראס שחור 1.5,ליטרים,0.00,ליטר,false,1,17.90,17.90,true,1,
4820002302058,false,קרקר עדין 400 גר,,,קרקר עדין 400 גר,גרמים,400.00,100 גרם,false,1,14.90,3.73,true,1,
4820005192946,false,שוקולד מילניום גולד חלב צימוקים אגוז 100,,,שוקולד מילניום גולד,גרמים,100.00,100 גרם,false,1,8.50,8.50,true,1,
4820016250604,false,"נקטר מולטיויטמין 200 מ""ל נאש סוק",,UA,נקטר מולטיויטמין 200,מיליליטרים,200.00,"100 מ""ל",false,1,3.90,1.95,true,1,
4820026674148,false,עוגת וופל מצופה שוקולד דליס 500 גרם,,UA,עוגת וופל מצופה שוקו,גרמים,500.00,100 גרם,false,1,37.90,7.58,true,1,
4820029960897,false,"קונפיטורה דומדמניות אדומ 1.2 ק""ג DARLI",,,קונפיטורה דומדמניות,גרמים,1200.00,100 גרם,false,1,36.90,3.08,true,1,
4820030561380,false,ממרח קישואים קייץ 500 גרם דרי באבושקה,,,ממרח קישואים קייץ 50,גרמים,500.00,100 גרם,false,1,12.90,2.58,true,1,
4820030561526,false,שימורי אפונה ירוקה 510 גרם באבושקה,,,שימורי אפונה ירוקה 5,מיליליטרים,500.00,"100 מ""ל",false,1,13.90,2.78,true,1,
4820030561557,false,שעועית לבנה 540 גרם באבושקינה,,,שעועית לבנה 540 גרם,גרמים,540.00,100 גרם,false,1,13.90,2.57,true,1,
4820061980433,false,שימורי דג ביצקי ירקות ברוטב עגבניות 250,,,שימורי דג ביצקי ירקו,גרמים,250.00,100 גרם,false,1,9.50,3.80,true,1,
4820077081124,false,"שמן חמניות לא מזוכך גרנה 850 מ""ל",,,שמן חמניות לא מזוכך,מיליליטרים,850.00,"100 מ""ל",false,1,12.90,1.52,true,1,
4820077081148,false,"שמן חמניות מזוכך גרנה 850 מ""ל",,,שמן חמניות מזוכך גרנ,מיליליטרים,850.00,"100 מ""ל",false,1,12.90,1.52,true,1,
4820080720584,false,"וודקה חלבני דאר קלאסיק 700 מ""ל",,,וודקה חלבני דאר קלאס,מיליליטרים,700.00,"100 מ""ל",false,1,65.90,9.41,true,1,
4820097894025,false,"הפס שיכר סיידר תפוחים בטעם טבעי 330 מ""ל",,,הפס שיכר סיידר תפוחי,מיליליטרים,330.00,"100 מ""ל",false,1,7.90,2.39,true,1,
4820097895190,false,הפס שיכר סיידר תפוחים בטעם דובדבן 330 מל,,,הפס שיכר סיידר תפוחי,מיליליטרים,330.00,"100 מ""ל",false,1,7.90,2.39,true,1,
4820097898221,false,"קוקטייל מוכן בורה בורה 330 מ""ל",,UA,קוקטייל מוכן בורה בו,מיליליטרים,330.00,"100 מ""ל",false,1,8.90,2.70,true,1,
4820097899150,false,"קוקטייל מוכן גין אשכוליות 330 מ""ל",,UA,קוקטייל מוכן גין אשכ,מיליליטרים,330.00,"100 מ""ל",false,1,8.90,2.70,true,1,
4820103341574,false,חלב מרוכז 370 גרם,,,חלב מרוכז 370 גרם,גרמים,370.00,100 גרם,false,1,12.90,3.49,true,1,
4820171993279,false,"קרפלך תפו""א ופטריות 900 גר",,,"קרפלך תפו""א ופטריות",גרמים,900.00,100 גרם,false,1,25.90,2.88,true,1,
4820171993293,false,קרפלך גבינה מלוחה 900 גר,,,קרפלך גבינה מלוחה 90,גרמים,900.00,100 גרם,false,1,29.90,3.32,true,1,
4820171997819,false,"ורניקי תפו""א ובצל 900 גר",,UA,"ורניקי תפו""א ובצל 90",גרמים,900.00,100 גרם,false,1,25.90,2.88,true,1,
4820179251593,false,איטריות רולטון בטעם בקר בבכוס 75 גרם,,,איטריות רולטון בטעם,גרמים,0.00,100 גרם,false,1,7.90,7.90,true,1,
4820179254013,false,פירה בטעם שמנת בכוס 40 גרם Rolton,Mareven Food Ukraine LLC,UA,פירה בטעם שמנת בכוס,גרמים,40.00,100 גרם,false,1,5.90,14.75,true,1,
4820179254044,false,פירה בטעם עוף בכוס 40 גרם Rolton,Mareven Food Ukraine LLC,UA,פירה בטעם עוף בכוס 4,גרמים,40.00,100 גרם,false,1,5.90,14.75,true,1,
4820181424916,false,"וודקה נמירוף דה לקס אורגינל 700 מ""ל",,,וודקה נמירוף דה לקס,מיליליטרים,700.00,"100 מ""ל",false,1,62.90,8.99,true,1,
4820182740053,false,ציפס בטעם סרטן 70 גר,,,ציפס בטעם סרטן 70 גר,גרמים,70.00,100 גרם,false,1,8.90,12.71,true,1,
4820182740084,false,ציפס בטעם בקון 70 גר,,,ציפס בטעם בקון 70 גר,Unknown,0.00,Unknown,false,1,8.90,8.90,true,1,
4820182741777,false,ציפס בטעם שישליק 70 גר Chipsters,,UA,ציפס בטעם שישליק 70,גרמים,70.00,100 גרם,false,1,8.90,12.71,true,1,
4820182742019,false,ציפס בטעם כנפיים ברביקיו 70 גר פלינט,,,ציפס כנפיים ברביקיו,גרמים,70.00,100 גרם,false,1,8.90,12.71,true,1,
4820199870026,false,סושקה מלוטקה בקק 300 גר,,,סושקה מלוטקה בקק 300,גרמים,300.00,100 גרם,false,1,8.50,2.83,true,1,
4820213960023,false,"יין לבן מבעבע חצי מתוק אודסה 750 מ""ל",,UA,יין לבן מבעבע חצי מת,מיליליטרים,750.00,"100 מ""ל",false,1,38.90,5.19,true,1,
4823006801435,false,לצו נזין 450 גרם,,,לצו נזין 450 גרם,גרמים,450.00,100 גרם,false,1,16.90,3.76,true,1,
4823006802395,false,חצילים ברוטב אדגיקה נזין 450 גרם,,,חצילים ברוטב אדגיקה,גרמים,450.00,100 גרם,false,1,16.90,3.76,true,1,
4823006802418,false,חציל יווני עם שמן זית נזין 450 גרם,,,חציל יווני עם שמן זי,גרמים,450.00,100 גרם,false,1,16.90,3.76,true,1,
4823077608513,false,סוכריות קורובקה 205 גרם רושן,,,סוכריות קורובקה 205,גרמים,205.00,100 גרם,false,1,6.90,3.37,true,1,
4823077612732,false,סוכריות קרמל רושן בים בום 200 גר,,UA,סוכריות קרמל רושן בי,גרמים,200.00,100 גרם,false,1,4.90,2.45,true,1,
4823077613203,false,שוקולד רושן מריר + פונדוק שלם 90 גר רושן,,,שוקולד רושן מריר + פ,גרמים,90.00,100 גרם,false,1,7.90,8.78,true,1,
4823077613630,false,באטונציק קרם ברולה 43 גר רושן,,,באטונציק קרם ברולה 4,גרמים,43.00,100 גרם,false,1,3.90,9.07,true,1,
4823077614675,false,ביסקוויט חלב 185 גר רושן,,,ביסקוויט חלב 185 גר,גרמים,185.00,100 גרם,false,1,3.90,2.11,true,1,
4823077614699,false,ביסקוויט וניל 185 גר רושן,,,ביסקוויט וניל 185 גר,גרמים,185.00,100 גרם,false,1,3.90,2.11,true,1,
4823077617041,false,באטונציק קרמל 40 גר רושן,,,באטונציק קרמל 40 גר,גרמים,40.00,100 גרם,false,1,3.10,7.75,true,1,
4823077618901,false,בונבוניירה שוטרס רום ליקר 150 גר,,,בונבוניירה שוטרס רום,גרמים,150.00,100 גרם,false,1,14.90,9.93,true,1,
4823077618918,false,בונבוניירה שוטרס ברנדי ליקר 150 גר,,,בונבוניירה שוטרס ברנ,גרמים,150.00,100 גרם,false,1,14.90,9.93,true,1,
4823077621154,false,באטונציק 43 גר רושן,,,באטונציק 43 גר רושן,גרמים,43.00,100 גרם,false,1,3.90,9.07,true,1,
4823077621642,false,וופל רושן בטעם שוקולד 72 גר,,,וופל רושן בטעם שוקול,גרמים,72.00,100 גרם,false,1,3.90,5.42,true,1,
4823077624223,false,גילי בוני פרוט 200 גר SUMMER MIX,,,גילי בוני פרוט 200 ג,גרמים,200.00,100 גרם,false,1,6.90,3.45,true,1,
4823077624247,false,גילי בוני פרוט 200 גר CITRUS MIX,,,גילי בוני פרוט 200 ג,גרמים,200.00,100 גרם,false,1,6.90,3.45,true,1,
4823077624261,false,גילי בוני פרוט 200 גר BERRY MIX,,,גילי בוני פרוט 200 ג,גרמים,200.00,100 גרם,false,1,6.90,3.45,true,1,
4823077625145,false,בונבוניירה רושן דובדבן בליקר דובדבן 155,,UA,בונבוניירה רושן דובד,גרמים,155.00,100 גרם,false,1,14.90,9.61,true,1,
4823077625589,false,וופל וואפרס חלב רושן 216 גר,,UA,וופל וואפרס חלב רושן,גרמים,216.00,100 גרם,false,1,6.90,3.19,true,1,
4823077625602,false,וופל וואפרס שוקולד רושן 216 גר,,UA,וופל וואפרס שוקולד ר,גרמים,216.00,100 גרם,false,1,6.90,3.19,true,1,
4823077625626,false,וופל וואפרס אגוז רושן 216 גר,,UA,וופל וואפרס אגוז רוש,גרמים,216.00,100 גרם,false,1,6.90,3.19,true,1,
4823077626203,false,שוקולד אורירי מריר 80 גר רושן,,UA,שוקולד אורירי מריר 8,גרמים,80.00,100 גרם,false,1,6.90,8.63,true,1,
4823077626227,false,שוקולד אורירי חלב 80 גר רושן,,UA,שוקולד אורירי חלב 80,גרמים,80.00,100 גרם,false,1,6.90,8.63,true,1,
4823077631474,false,קרקר קלאסי רושן 168 גר,,,קרקר קלאסי רושן 168,גרמים,168.00,100 גרם,false,1,4.90,2.92,true,1,
4823077632112,false,וופל בטעם קקאו חלב רושן 216 גר,,,וופל בטעם קקאו חלב ר,גרמים,216.00,100 גרם,false,1,6.90,3.19,true,1,
4823077632259,false,באטונציק קרם עם בוטנים 38 גר,,,באטונציק קרם עם בוטנ,גרמים,38.00,100 גרם,false,1,3.90,10.26,true,1,
4823077633348,false,עוגיות רושן עם חתיכות בוטנים 150 גר,,,עוגיות רושן עם חתיכו,גרמים,150.00,100 גרם,false,1,6.90,4.60,true,1,
4823077633508,false,חטיף וופל רושן במילוי קרם קקאו מצופה 34,,UA,חטיף וופל רושן במילו,גרמים,34.00,100 גרם,false,1,3.90,11.47,true,1,
4823077633690,false,בונבוניירה רושן שוטרס ויסקי 150 גר,,,בונבוניירה רושן שוטר,גרמים,150.00,100 גרם,false,1,14.90,9.93,true,1,
4823077634116,false,"סוכריות קורובקה 1 ק""ג רושן",,,"סוכריות קורובקה 1 ק""",גרמים,1000.00,100 גרם,false,1,24.90,2.49,true,1,
4823077634178,false,עוגיות עם מילוי תפוח קינמון 168 גר LOVIT,,,עוגיות עם מילוי תפוח,גרמים,168.00,100 גרם,false,1,6.90,4.11,true,1,
4823077634222,false,עוגיות תפוז 135 גר LOVITA,,,עוגיות תפוז 135 גר L,גרמים,135.00,100 גרם,false,1,6.90,5.11,true,1,
4823077634420,false,"עוגות אישיות ""TOO COOL"" חלב 270 גר",,,"עוגות אישיות ""TOO CO",גרמים,270.00,100 גרם,false,1,14.90,5.52,true,1,
4823077636004,false,עוגיות קקאו דובדבן 135 גר LOVITA,,,עוגיות קקאו דובדבן 1,גרמים,135.00,100 גרם,false,1,6.90,5.11,true,1,
4823077636059,false,עוגיות קקאו דובדבן 420 גר LOVITA,,UA,עוגיות קקאו דובדבן,גרמים,420.00,100 גרם,false,1,18.90,4.50,true,1,
4823077636097,false,עוגיות פטל 420 גר LOVITA,,,עוגיות פטל 420 גר LO,גרמים,420.00,100 גרם,false,1,18.90,4.50,true,1,
4823077636172,false,וופל רושן בטעם לימון 216 גר,,UA,וופל רושן בטעם לימון,גרמים,216.00,100 גרם,false,1,6.20,2.87,true,1,
4823077636592,false,סוכריות גלי קרייזי פצולקה 378 גר ROSHEN,,,סוכריות גלי קרייזי פ,גרמים,378.00,100 גרם,false,1,11.90,3.15,true,1,
4823105400560,false,ממרח זוקיני עם ירקות 500 גר,,,ממרח זוקיני עם ירקות,גרמים,500.00,100 גרם,false,1,14.90,2.98,true,1,
4823105400577,false,ממרח חצילים עם ירקות 500 גר,"טי.או בי. ""ויז'י פרודקשן""",,ממרח חצילים עם ירקות,גרמים,500.00,100 גרם,false,1,14.90,2.98,true,1,
4823105401086,false,ממרח זוקיני עם פלפלים חריפים 500 גרם,"טי.או בי. ""ויז'י פרודקשן""",,ממרח זוקיני עם פלפלי,גרמים,500.00,100 גרם,false,1,14.90,2.98,true,1,
4840008001199,false,מיני סושקה וניל 500 גרם FRANZELUTA,,,מיני סושקה וניל 500,גרמים,500.00,100 גרם,false,1,11.00,2.20,true,1,
4840008008624,false,מיני סושקה לוביטלסקיה 500 גרם FRANZELUTA,,,מיני סושקה לוביטלסקי,גרמים,500.00,100 גרם,false,1,11.00,2.20,true,1,
4840008017749,false,פרנזלוטה צנימים מיני וניל 200 גר,,,פרנזלוטה צנימים מיני,גרמים,200.00,100 גרם,false,1,8.30,4.15,true,1,
4840008017763,false,פרנזלוטה צנימים מיני עם צימוקים 200 גר,,,פרנזלוטה צנימים מיני,גרמים,200.00,100 גרם,false,1,8.30,4.15,true,1,
4840008018333,false,דובשניות טעם דבש 400 גרם פרנצלוטה,,,דובשניות טעם דבש 400,גרמים,400.00,100 גרם,false,1,9.80,2.45,true,1,
4840008028028,false,פרנזלוטה צנימים עם צימוקים 200 גרם,,,פרנזלוטה צנימים עם צ,גרמים,200.00,100 גרם,false,1,8.30,4.15,true,1,
4840008030243,false,לחם שיפון טאלין פרוס 500 גרם,,,לחם שיפון טאלין פרוס,גרמים,500.00,100 גרם,false,1,10.90,2.18,true,1,
4840008040075,false,350 עוגיות אוזניים עם קינמון גר,,MD,350 עוגיות אוזניים ע,גרמים,350.00,100 גרם,false,1,10.90,3.11,true,1,
4840048000299,false,"ברנדי בליי איסט 500 מ""ל מולדובה",,,ברנדי בליי איסט 500,מיליליטרים,500.00,"100 מ""ל",false,1,72.90,14.58,true,1,
4850001110378,false,"מיץ בננה טבעי 930 מ""ל YAN",,AM,מיץ בננה טבעי 930 מ,גרמים,930.00,100 גרם,false,12,19.90,2.14,true,1,
4850001111009,false,מיץ YAN רימונים טבעי 930 מל,,,מיץ YAN רימונים טבעי,גרמים,930.00,100 גרם,false,12,19.90,2.14,true,1,
4850001111054,false,מיץ YAN משמש טבעי 930 מל,,,מיץ YAN משמש טבעי 9,גרמים,930.00,100 גרם,false,12,19.90,2.14,true,1,
4850001111085,false,מיץ YAN תפוח טבעי 930 מל,,,מיץ YAN תפוח טבעי 9,גרמים,930.00,100 גרם,false,12,19.90,2.14,true,1,
4850001111153,false,משקה נקטר YAN דובדבנים 930 מל,,,משקה נקטר YAN דובדבנ,גרמים,930.00,100 גרם,false,12,19.90,2.14,true,1,
4850001111511,false,מיץ YAN עגבניות טבעי 930 מל,,,מיץ YAN עגבניות טבעי,גרמים,930.00,100 גרם,false,12,19.90,2.14,true,1,
4850001115151,false,האימאם באיאלדי - חצילים ברוטב עגבניות -,,,האימאם באיאלדי - חצי,גרמים,485.00,100 גרם,false,12,13.90,2.87,true,1,
4850001116493,false,סלט YAN ממרח חצלים פיקנטי 470 גר,,,סלט YAN ממרח חצלים פ,גרמים,470.00,100 גרם,false,12,15.40,3.28,true,1,
4850001117773,false,סלט YAN ממרח קישואים 470 גר,,,סלט YAN ממרח קישואים,גרמים,470.00,100 גרם,false,12,15.40,3.28,true,1,
4850001397649,false,JOYCO PANDA דרזיה שוקולד חלב 150 גר,,,JOYCO PANDA דרזיה שו,גרמים,150.00,100 גרם,false,1,11.50,7.67,true,1,
4850011110818,false,קונפיטורת דובדבנים 400 גר TAMARA,,,קונפיטורת דובדבנים 4,גרמים,400.00,100 גרם,false,1,26.50,6.63,true,1,
4860004073105,false,יין קינזמראולי חצי מתוק 750 מל,,,יין קינזמראולי חצי מ,Unknown,0.00,Unknown,false,1,39.90,39.90,true,1,
4860009000014,false,מיץ רימונים 1 ליטר תוצרת גרוזיה,,,מיץ רימונים 1 ליטר ת,מיליליטרים,1000.00,"100 מ""ל",false,1,22.90,2.29,true,1,
4860019001346,false,"מים מינרלים בורגומי 500 מ""ל",,,מים מינרלים בורגומי,מיליליטרים,500.00,"100 מ""ל",false,1,8.20,1.64,true,1,
4860019001414,false,"מים בורגומי 750 מ""ל",,,"מים בורגומי 750 מ""ל",מיליליטרים,750.00,"100 מ""ל",false,1,9.20,1.23,true,1,
4860019001421,false,"שישיית מים בורגומי 750 מ""ל",,,שישיית מים בורגומי 7,מיליליטרים,6500.00,"100 מ""ל",false,1,49.90,0.77,true,1,
4891130001199,false,רוטב צדפות 450 גרם,,,רוטב צדפות 450 גרם,גרמים,450.00,100 גרם,false,1,18.80,4.18,true,1,
4891228309268,false,שיק סכיני סילק טאצ אפ,,,שיק סכיני סילק טאצ א,יחידה,1.00,יחידה,false,1,19.90,19.90,true,1,
4891228430054,false,סכיני גילוח לנשים שיק אקזקטה 2 5 יח,,,סכיני גילוח לנשים שי,Unknown,0.00,Unknown,false,1,15.90,15.90,true,1,
4891228430092,false,שיק אקסטרים 3 פס לחות בתוספת ויטמין,,,שיק אקסטרים 3 פס לח,Unknown,0.00,Unknown,false,1,25.90,25.90,true,1,
4903001904192,false,"רוטב סויה יאמסה פרימיום 500 מ""ל",,,רוטב סויה יאמסה 500,מיליליטרים,500.00,"100 מ""ל",false,1,18.80,3.76,true,1,
4903001904208,false,רוטב סויה יאמסה פרימיום 1 ליטר,,,רוטב סויה יאמסה פרימ,מיליליטרים,1000.00,"100 מ""ל",false,1,33.50,3.35,true,1,
4903001930993,false,"רוטב טריאקי יאמאסה 500 מ""ל",,,רוטב טריאקי יאמאסה 5,מיליליטרים,500.00,"100 מ""ל",false,1,18.80,3.76,true,1,
4970916260118,false,"ניגורי איש השלג 180 מ""ל",,JP,ניגורי איש השלג 180,מיליליטרים,180.00,"100 מ""ל",false,1,33.90,18.83,true,1,
4978094999219,false,מחית סויה לבנה שירו מיסו 500 גרם,,,מחית סויה לבנה שירו,גרמים,500.00,100 גרם,false,1,21.50,4.30,true,1,
5000111046244,false,רוטב לסטייק היינץ 450 גר,,,רוטב לסטייק היינץ 45,גרמים,450.00,100 גרם,false,1,20.90,4.64,true,1,
5000111047371,false,רוטב ברביקיו קלאסי 465 גרם,,,רוטב ברביקיו קלאסי 4,גרמים,465.00,100 גרם,false,1,18.90,4.06,true,1,
5000127163195,false,דגני ספיישל קיי 500 גרם,,,דגני ספיישל קיי 500,גרמים,500.00,100 גרם,false,1,27.20,5.44,true,1,
5000146057710,false,נוזל וונדולין כחול 750 מל,,,נוזל וונדולין כחול 7,מיליליטרים,750.00,"100 מ""ל",false,1,14.90,1.99,true,1,
5000157073020,false,"רוטב דגים ווסטרשייר היינץ 150 מ""ל",,NL,רוטב דגים ווסטרשייר,מיליליטרים,150.00,"100 מ""ל",false,1,10.90,7.27,true,1,
5000157143365,false,"מתבל בטעם מיונז וקטשופ 425 מ""ל",,PL,מתבל בטעם מיונז וקטש,מיליליטרים,425.00,"100 מ""ל",false,1,15.90,3.74,true,1,
5000159020312,false,מלטיזרס 37 גרם,,,מלטיזרס 37 גרם,גרמים,37.00,100 גרם,false,1,5.50,14.86,true,1,
5000159304245,false,מ&מס קריספי 36 גרם,,,מ&מס קריספי 36 גרם,גרמים,36.00,100 גרם,false,1,5.50,15.28,true,1,
5000159344074,false,מאגדת סניקרס 6 יח,,FR,מאגדת סניקרס 6 יח,Unknown,0.00,Unknown,false,1,29.90,29.90,true,1,
5000159376655,false,סקיטלס פירות 38 גרם,,,סקיטלס פירות 38 גרם,גרמים,38.00,100 גרם,false,1,3.60,9.47,true,1,
5000159376792,false,סקיטלס חמוץ 38 גרם,,,סקיטלס חמוץ 38 גרם,גרמים,38.00,100 גרם,false,1,3.60,9.47,true,1,
5000159382694,false,מארס עשירייה 450 גרם,,NL,מארס עשירייה 450 גרם,גרמים,450.00,100 גרם,false,1,27.90,6.20,true,1,
5000159382731,false,סניקרס 10*50 גרם,,,סניקרס 10*50 גרם,גרמים,500.00,100 גרם,false,1,27.90,5.58,true,1,
5000159397292,false,מאגדת מארס 6 יח,,FR,מאגדת מארס 6 יח,Unknown,0.00,Unknown,false,1,29.90,29.90,true,1,
5000159407236,false,חטיף מארס 51 גרם,,,חטיף מארס 51 גרם,גרמים,51.00,100 גרם,false,1,4.60,9.02,true,1,
5000159459228,false,חטיף טוויקס 50 גרם,,,חטיף טוויקס 50 גרם,גרמים,50.00,100 גרם,false,1,4.60,9.20,true,1,
5000159461122,false,חטיף סניקרס 50 גרם,,,חטיף סניקרס 50 גרם,גרמים,50.00,100 גרם,false,1,4.60,9.20,true,1,
5000159471510,false,אם אנד אם בוטנים 220 גרם,,FR,אם אנד אם בוטנים 220,גרמים,220.00,100 גרם,false,1,17.60,8.00,true,1,
5000159471794,false,אם אנד אם שוקולד 220 גרם,,BE,אם אנד אם שוקולד 220,גרמים,220.00,100 גרם,false,1,17.60,8.00,true,1,
5000159473026,false,טוויקס מיניס 227 גרם,,NL,טוויקס מיניס 227 גרם,גרמים,227.00,100 גרם,false,1,16.90,7.44,true,1,
5000159473279,false,באונטי מיניס 227 גרם,,NL,באונטי מיניס 227 גרם,גרמים,227.00,100 גרם,false,1,16.90,7.44,true,1,
5000159473927,false,סניקרס מיניס 227 גרם,,NL,סניקרס מיניס 227 גרם,גרמים,227.00,100 גרם,false,1,16.90,7.44,true,1,
5000159473965,false,מילקיווי מיניס 227 גרם,,,מילקיווי מיניס 227 ג,גרמים,227.00,100 גרם,false,1,17.90,7.89,true,1,
5000159474573,false,מארס מיניס 227 גרם,,NL,מארס מיניס 227 גרם,גרמים,227.00,100 גרם,false,1,16.90,7.44,true,1,
5000159483063,false,מאגדת באונטי 6 יח,,,מאגדת באונטי 6 יח,Unknown,0.00,Unknown,false,1,29.90,29.90,true,1,
5000159484695,false,מאגדת טוויקס 6 יח,,FR,מאגדת טוויקס 6 יח,Unknown,0.00,Unknown,false,1,29.90,29.90,true,1,
5000159500258,false,מארז סלבריישן 186 גרם,,,מארז סלבריישן 186 גר,גרמים,186.00,100 גרם,false,1,28.90,15.54,true,1,
5000159543859,false,מלטיזרס שוקולד מריר 59 גרם,,,מלטיזרס שוקולד מריר,גרמים,59.00,100 גרם,false,1,10.90,18.47,true,1,
5000168199245,false,שוקולד חלב מעולה בתוספת קרמל מלוח,,TR,שוקולד חלב מעולה בתו,גרמים,90.00,100 גרם,false,1,15.90,17.67,true,1,
5000184221241,false,קנור ארומט-אבקת תיבול במיכל 90 גרם,,,קנור ארומט-אבקת תיבו,גרמים,90.00,100 גרם,false,1,17.30,19.22,true,1,
5000213014905,false,בירה גינס 440 מל פחית,,,"בירה גינס 440 מ""ל פח",מיליליטרים,440.00,"100 מ""ל",false,1,16.90,3.84,true,1,
5000219023772,false,פאל מאל כחול סטרים פילטר עשיריה,,,פאל מאל כחול סטרים פ,יחידה,1.00,יחידה,false,1,295.00,295.00,true,1,
5000232902450,false,שעועית אפויה 420 גר HP,,,שעועית אפויה 420 גר,גרמים,420.00,100 גרם,false,1,8.80,2.10,true,1,
5000267014234,false,"גוני ווקר אדום 700 מ""ל",,,מארז גוני ווקר אדום,מיליליטרים,750.00,"100 מ""ל",false,1,79.90,10.65,true,1,
5000267024233,false,"גוני ווקר שחור 40% 700 מ""ל",,,מארז גוני ווקר שחור,מיליליטרים,700.00,"100 מ""ל",false,1,114.90,16.41,true,1,
5000267116303,false,מארז וויסקי גוני ווקר דאבל בלק 700 מל,,,מארז וויסקי גוני ווק,מיליליטרים,700.00,"100 מ""ל",false,1,162.90,23.27,true,1,
5000289925440,false,"גין גורדון 700 מ""ל",,,"גין גורדון 700 מ""ל",מיליליטרים,700.00,"100 מ""ל",false,1,79.90,11.41,true,1,
5000299101100,false,"וויסקי פור רוזס ברבן ילו לייבל 700 מ""ל",,,וויסקי פור רוזס ברבן,מיליליטרים,700.00,"100 מ""ל",false,1,99.90,14.27,true,1,
5000299223031,false,"רום קפטן מורגן ספייסד 750 מ""ל",,,רום קפטן מורגן ספייס,מיליליטרים,750.00,"100 מ""ל",false,1,99.90,13.32,true,1,
5000328181844,false,דוריטוס - רוטב דיפ נאציו גבינה 280גרם,,GB,דוריטוס - רוטב דיפ נ,גרמים,280.00,100 גרם,false,1,19.90,7.11,true,1,
5000328637327,false,דוריטוס רוטב דיפ שמנת ועירית שום 300 גר,,GB,דוריטוס רוטב דיפ שמנ,גרמים,300.00,100 גרם,false,1,19.90,6.63,true,1,
5000394137516,false,מארז *4 סוללות דורסל אופטימום AAA,,BE,מארז *4 סוללות דורסל,Unknown,0.00,Unknown,false,1,21.90,21.90,true,1,
5000394140820,false,סוללות דורסל פלוס פאוור AA שישיית,,BE,סוללות דורסל פלוס פא,יחידה,1.00,יחידה,false,1,16.90,16.90,true,1,
5000394141209,false,סוללות דורסל פלוס פאוור AAA שישיית,,BE,סוללות דורסל פלוס פא,יחידה,1.00,יחידה,false,1,16.90,16.90,true,1,
5000394203921,false,סוללות דורסל ליתיום זוג,,CN,סוללות דורסל ליתיום,Unknown,0.00,Unknown,false,1,19.80,19.80,true,1,
5000396037531,false,מקוויטיס ביסקוויט מצופה שוקולד חלב 200 ג,,,מקוויטיס ביסקוויט מצ,גרמים,200.00,100 גרם,false,1,13.20,6.60,true,1,
5010029000252,false,וויטביקס 430 גרם,,,וויטביקס 430 גרם,גרמים,430.00,100 גרם,false,1,25.50,5.93,true,1,
5010029201246,false,"מוזלי שקדים וצימוקים ללת""ס 560 גר ALPEN",,GB,מוזלי שקדים וצימוקים,גרמים,560.00,100 גרם,false,1,28.20,5.04,true,1,
5010029221084,false,דגנים מלאים עם פרוטאין וויטביקס 450 גר,,,דגנים מלאים עם פרוטא,גרמים,450.00,100 גרם,false,1,29.90,6.64,true,1,
5010029223484,false,מוזלי תות חמוציות ואוכמניות 560 גר ALPEN,,GB,מוזלי תות חמוציות וא,גרמים,560.00,100 גרם,false,1,28.20,5.04,true,1,
5010038454831,false,בירה בלו מון 330 מל בקבוק,,,בירה בלו מון 330 מל,מיליליטרים,330.00,"100 מ""ל",false,1,13.90,4.21,true,1,
5010102243996,false,"בריטוויק מי טוניק מוגזים 850 מ""ל",,GB,בריטוויק מי טוניק מו,מיליליטרים,850.00,"100 מ""ל",false,1,10.90,1.28,true,1,
5010103800259,false,"וויסקי גיי אנד בי 700 מ""ל",,,וויסקי גיי אנד בי 70,מיליליטרים,700.00,"100 מ""ל",false,1,79.90,11.41,true,1,
5010182996799,false,ט.דאק גל אסלה,,,ט.דאק גל אסלה,Unknown,0.00,Unknown,false,1,13.80,13.80,true,1,
5010182997338,false,"ט.ד.ס. אסלה גל 55 מ""ל",,,"ט.ד.ס. אסלה גל 55 מ""",מיליליטרים,55.00,"100 מ""ל",false,1,13.80,25.09,true,1,
5010182997918,false,"טואלט דאק גל אסלה 55 מ""ל",,,טואלט דאק גל אסלה 55,מיליליטרים,55.00,"100 מ""ל",false,1,13.80,25.09,true,1,
5010265002836,false,רייויטה פת פריכה אורגינל שיפון 250 גרם,,,רייויטה פת פריכה אור,גרמים,250.00,100 גרם,false,1,13.90,5.56,true,1,
5010265002911,false,רייויטה פת פריכה מקמח שיפון מלא 250 גרם,,,רייויטה פת פריכה מקמ,גרמים,250.00,100 גרם,false,1,13.90,5.56,true,1,
5010314302863,false,"מקאלן 12 דאבל קאסק 700 מ""ל",,GB,מקאלן 12 דאבל קאסק 7,מיליליטרים,700.00,"100 מ""ל",false,1,279.90,39.99,true,1,
5010327000046,false,"וויסקי גראנטס 700 מ""ל",,,וויסקי גראנטס 700 מ,מיליליטרים,700.00,"100 מ""ל",false,1,84.90,12.13,true,1,
5010327105215,false,"וויסקי מונקי שולדר 700 מ""ל",,,וויסקי מונקי שולדר 7,מיליליטרים,700.00,"100 מ""ל",false,1,149.90,21.41,true,1,
5010327324333,false,"סינגל מאלט סקוטי גלנפידיך 14 שנה 700 מ""ל",,,סינגל מאלט סקוטי גלנ,מיליליטרים,700.00,"100 מ""ל",false,1,193.90,27.70,true,1,
5010327325125,false,וויסקי גלנפידיך 15 שנה סולרה רזרב 750 מל,,,וויסקי גלנפידיך,מיליליטרים,750.00,"100 מ""ל",false,1,199.90,26.65,true,1,
5010327399614,false,"גלנפידיך 12 אמריקן אווק כשר 700 מ""ל",וויליאם גרנטס ובניו,GB,גלנפידיך 12 אמריקן א,מיליליטרים,700.00,"100 מ""ל",false,1,189.90,27.13,true,1,
5010327658544,false,"בירה אינס אנד גון אוריגינל 330 מ""ל",,,בירה אינס אנד גון או,מיליליטרים,330.00,"100 מ""ל",false,1,14.90,4.52,true,1,
5010677180016,false,"גין בומביי ספייר איסט 700 מ""ל",,,גין בומביי ספייר איס,מיליליטרים,700.00,"100 מ""ל",false,1,142.90,20.41,true,1,
5010677551281,false,"בקרדי בריזר לימון 275 מ""ל",,,בקרדי בריזר לימון,מיליליטרים,275.00,"100 מ""ל",false,1,16.80,6.11,true,1,
5010677551397,false,"בקרדי בריזר לימון ליים 275 מ""ל",,,בקרדי בריזר לימון לי,מיליליטרים,275.00,"100 מ""ל",false,1,16.80,6.11,true,1,
5010677552387,false,"בקרדי בריזר אננס 275 מ""ל",,,בקרדי בריזר אננס 275,מיליליטרים,275.00,"100 מ""ל",false,1,16.80,6.11,true,1,
5010677554398,false,"בקרדי בריזר אבטיח 275 מ""ל",,,בקרדי בריזר אבטיח,מיליליטרים,275.00,"100 מ""ל",false,1,16.80,6.11,true,1,
5010677714006,false,"גין בומבאי ספייר 700 מ""ל",,,גין בומביי ספייר 700,מיליליטרים,700.00,"100 מ""ל",false,1,119.90,17.13,true,1,
5010677716000,false,גין בומביי 1 ליטר,,,גין בומביי 1 ליטר,מיליליטרים,1000.00,"100 מ""ל",false,1,159.90,15.99,true,1,
5010677850100,false,"וודקה גריי גוס 700 מ""ל",,FR,וודקה גריי גוס 700 מ,מיליליטרים,700.00,"100 מ""ל",false,1,114.90,16.41,true,1,
5010909006121,false,היילנד עוגיות חמאה סקוטיות משולשות 125 ג,,GB,היילנד עוגיות חמאה ס,גרמים,125.00,100 גרם,false,1,6.90,5.52,true,1,
5011007003005,false,"וויסקי אירי גיימסון 700 מ""ל",,,וויסקי אירי גיימסון,גרמים,800.00,100 גרם,false,1,94.90,11.86,true,1,
5011013100132,false,"אייריש קרים בייליס 750 מ""ל",,,אייריש קרים בייליס 7,מיליליטרים,750.00,"100 מ""ל",false,1,94.90,12.65,true,1,
5011013500680,false,"ליקר שרידנס 700 מ""ל",,,"ליקר שרידנס 700 מ""ל",מיליליטרים,700.00,"100 מ""ל",false,1,109.90,15.70,true,1,
5011013934546,false,"בייליס קרמל מלוח 700 מ""ל",,IE,בייליס קרמל מלוח 700,מיליליטרים,700.00,"100 מ""ל",false,1,125.90,17.99,true,1,
5011013935178,false,"בייליס פאי תפוחים 700 מ""ל",,IE,בייליס פאי תפוחים 7,מיליליטרים,700.00,"100 מ""ל",false,1,125.90,17.99,true,1,
5011157630281,false,"אורז בסמטי טילדה 1 ק""ג",,,אורז בסמטי טילדה 1 ק,גרמים,1000.00,100 גרם,false,1,25.90,2.59,true,1,
5011157671222,false,"אורז בסמטי חום מלא טילדה 1 ק""ג",,,אורז בסמטי חום מלא ט,גרמים,1000.00,100 גרם,false,1,27.20,2.72,true,1,
5011348015194,false,"בירה הובגובלין גולד 500 מ""ל",,,בירה הובגובלין גולד,מיליליטרים,500.00,"100 מ""ל",false,1,18.90,3.78,true,1,
5011348016474,false,"בירה פייר קאצר 500 מ""ל",,,בירה פייר קאצר 500 מ,מיליליטרים,500.00,"100 מ""ל",false,1,18.90,3.78,true,1,
5011348019918,false,"בירה דריי נאק 500 מ""ל",,,"בירה דריי נאק 500 מ""",מיליליטרים,500.00,"100 מ""ל",false,1,18.90,3.78,true,1,
5011885003500,false,בירה פולרס לונדון פרייד 330 מל,,,בירה פולרס לונדון פר,מיליליטרים,330.00,"100 מ""ל",false,1,15.90,4.82,true,1,
5013387205826,false,פרואט-חטיף ללא גלוטן שוקולד 100 גרם,,GB,פרואט-חטיף ללא גלוטן,גרמים,100.00,100 גרם,false,1,16.90,16.90,true,1,
5013967015401,false,"טמנאוולין שרי פיניש סינגל מאלט 700 מ""ל",,GB,טמנאוולין שרי פיניש,מיליליטרים,700.00,"100 מ""ל",false,1,157.90,22.56,true,1,
5014271330426,false,מעדן סאנט דלפור אוכמניות כחולות 284 גר,,,מעדן סאנט דלפור אוכמ,גרמים,284.00,100 גרם,false,1,22.90,8.06,true,1,
5014271350424,false,מעדן סאנט דלפור ארבע פירות 284 גר,,,מעדן סאנט דלפור ארבע,גרמים,284.00,100 גרם,false,1,22.90,8.06,true,1,
5014271360423,false,מעדן סאנט דלפור תפוז 284 גר,,,מעדן סאנט דלפור תפוז,גרמים,284.00,100 גרם,false,1,22.90,8.06,true,1,
5014271370422,false,מעדן סאנט דלפור אפרסק 284 גר,,,מעדן סאנט דלפור אפרס,גרמים,284.00,100 גרם,false,1,22.90,8.06,true,1,
5014271400426,false,מעדן סאנט דלפור תות שדה 284 גר,,,מעדן סאנט דלפור תות,גרמים,284.00,100 גרם,false,1,22.90,8.06,true,1,
5014271560427,false,מעדן סאנט דלפור תפוז גינגר 284 גר,,,מעדן סאנט דלפור תפוז,גרמים,284.00,100 גרם,false,1,22.90,8.06,true,1,
5014379009972,false,בירה לאגר באדוויזר פחית 500 מל,,GB,בירה לאגר באדוויזר פ,מיליליטרים,500.00,"100 מ""ל",false,1,9.50,1.90,true,1,
5017375033873,false,מיליונס סוכריות לעיסה תפוח 100 גרם,,,מיליונס סוכריות לעיס,גרמים,100.00,100 גרם,false,1,9.90,9.90,true,1,
5017375433888,false,מיליונס סוכריות לעיסה תות 85 גרם,,,מיליונס סוכריות לעיס,גרמים,85.00,100 גרם,false,1,9.90,11.65,true,1,
5017375433895,false,מיליונס סוכריות לעיסה בטעם מסטיק 85 גרם,,,מיליונס סוכריות לעיס,גרמים,85.00,100 גרם,false,1,9.90,11.65,true,1,
5018357006755,false,תערובת דגנים 50% פירות ואגוזים 540 גרם,,,תערובת דגנים 50% פיר,גרמים,540.00,100 גרם,false,1,33.50,6.20,true,1,
5018357006816,false,תערובת דגנים 30% פירות ואגוזים 620 גרם,,,תערובת דגנים 30% פיר,גרמים,620.00,100 גרם,false,1,26.90,4.34,true,1,
5018357011858,false,גרנולה ברי 500 גר דורסט סיריאלס,,,גרנולה ברי 500 גר דו,גרמים,500.00,100 גרם,false,1,34.50,6.90,true,1,
5018357012435,false,תערובת דגנים דורסט סיריאלס כוסמין 570 ג,,,תערובת דגנים דורסט ס,גרמים,570.00,100 גרם,false,1,34.50,6.05,true,1,
5018357012459,false,תערובת דגנים דורסט סיריאלס פירות 600 ג,,,תערובת דגנים דורסט ס,גרמים,600.00,100 גרם,false,1,34.50,5.75,true,1,
5018357012558,false,תערובת דגנים דורסט סיריאלס קלאסי 600 ג,,,תערובת דגנים דורסט ס,גרמים,600.00,100 גרם,false,1,34.50,5.75,true,1,
5024546356587,false,וויסקי גראנד מקניש 1 ליטר SCOTCH,,,וויסקי גראנד מקניש 1,מיליליטרים,1000.00,"100 מ""ל",false,1,115.90,11.59,true,1,
5024546366609,false,"וויסקי 700 מ""ל LAUDERS SCOTCH",,,"וויסקי 700 מ""ל LAUDE",מיליליטרים,700.00,"100 מ""ל",false,1,89.90,12.84,true,1,
5024546366630,false,וויסקי לאודרס 1 ליטר SCOTCH,,,וויסקי לאודרס 1 ליטר,מיליליטרים,1000.00,"100 מ""ל",false,1,115.90,11.59,true,1,
5029053002408,false,נ.טואלט קלינקס לבן 9 גל,,,נ.טואלט קלינקס לבן 9,מטרים,275.00,מטר,false,1,36.90,0.13,true,1,
5029053002439,false,נ.טואלט קלינקס צהוב 9 גלילים,,,נ.טואלט קלינקס צהוב,מטרים,275.00,מטר,false,1,36.90,0.13,true,1,
5029053510811,false,תחבושת קוטקס נורמל +,,,תחבושת קוטקס נורמל,Unknown,0.00,Unknown,false,1,25.90,25.90,true,1,
5029053510828,false,תחבושת קוטקס סופר +,,,תחבושת קוטקס סופר +,Unknown,0.00,Unknown,false,1,25.90,25.90,true,1,
5029053578309,false,קלינקס אולטרה סופט קוביה 48 דף,,,קלינקס אולטרה סופט ק,יחידה,1.00,יחידה,false,1,7.50,7.50,true,1,
5029054220085,false,מגבוני האגיס רך נולד 4 יח,,IL,מגבוני האגיס רך נולד,Unknown,0.00,Unknown,false,1,33.80,33.80,true,1,
5029977551013,false,"טקילה גראן סנטנריו אנייחו 700 מ""ל",,,טקילה גראן סנטנריו א,מיליליטרים,700.00,"100 מ""ל",false,1,179.90,25.70,true,1,
5030544902121,false,גבינה מעושנת DORSET RED במשקל,,,גבינה מעושנת DORSET,Unknown,0.00,"ק""ג",true,0,147.00,147.00,true,1,
5030544902992,false,גבינת צדר אנגלי 190 גר,,,גבינת צדר אנגלי 190,גרמים,190.00,100 גרם,false,1,35.50,18.68,true,1,
5030544903012,false,גבינת צדר מיושן 190 גר,,,גבינת צדר מיושן 190,גרמים,190.00,100 גרם,false,1,35.50,18.68,true,1,
5032678004870,false,"מי טוניק 200 מ""ל",,GB,"מי טוניק 200 מ""ל",מיליליטרים,200.00,"100 מ""ל",false,1,7.90,3.95,true,1,
5032678004979,false,"טוניק לייט פרנקלין 200 מ""ל",,GB,טוניק לייט פרנקלין,מיליליטרים,200.00,"100 מ""ל",false,1,7.90,3.95,true,1,
5032678006553,false,"מי טוניק אשכולית אדומה 200 מ""ל",,GB,מי טוניק אשכולית אדו,מיליליטרים,200.00,"100 מ""ל",false,1,7.90,3.95,true,1,
5035766044673,false,"סיידר תפוחים סטרונגבאו בודד 330 מ""ל",,,סיידר תפוחים סטרונגב,מיליליטרים,330.00,"100 מ""ל",false,1,8.50,2.58,true,1,
5035766060253,false,מרפיס פחית 500 מל,,,"מרפיס פחית 500 מ""ל",מיליליטרים,500.00,"100 מ""ל",false,1,14.90,2.98,true,1,
5050974505259,false,רייויטה פת פריכה שיפון גרענים/דגנים 250,,,רייויטה פת פריכה שיפ,גרמים,250.00,100 גרם,false,1,13.90,5.56,true,1,
5050974505297,false,רייויטה פת פריכה שיפון מלא שומשום 250 גר,,,רייויטה פת פריכה שיפ,גרמים,250.00,100 גרם,false,1,13.90,5.56,true,1,
5053827191753,false,דגני בוקר קלוגס - ווראייטי מארז 190 גר,,,דגני בוקר קלוגס - וו,גרמים,190.00,100 גרם,false,1,21.90,11.53,true,1,
5053827193368,false,קלוגס בראנפלקס 500 גרם,,,קלוגס בראנפלקס 500 ג,גרמים,500.00,100 גרם,false,1,25.10,5.02,true,1,
5053827213998,false,דגני בוקר קלוגס ספיישל קיי 375 גר,,GB,דגני בוקר קלוגס ספיי,גרמים,375.00,100 גרם,false,1,31.50,8.40,true,1,
5053827215862,false,קוקו פופס 500 גרם,,,קוקו פופס 500 גרם,גרמים,500.00,100 גרם,false,1,21.90,4.38,true,1,
5055966810014,false,"וויסקי בלק בוש 750 מ""ל",,,וויסקי בלק בוש 700 מ,מיליליטרים,700.00,"100 מ""ל",false,1,136.90,19.56,true,1,
5056357900925,false,סניקרס חטיף חלבון חמאת בוטנים 57 גרם,,NL,סניקרס חטיף חלבון חמ,גרמים,57.00,100 גרם,false,1,17.90,31.40,true,1,
5056357902936,false,סניקרס לבן חטיף היי פרוטאין 57 ג,,,סניקרס לבן חטיף היי,גרמים,57.00,100 גרם,false,1,17.90,31.40,true,1,
5056357903834,false,באונטי חטיף חלבון 52 גרם,,,באונטי חטיף חלבון 52,גרמים,52.00,100 גרם,false,1,17.90,34.42,true,1,
5056357906323,false,אם אנד אם קריספי חלבון 52 גרם,,,אם אנד אם קריספי חלב,גרמים,52.00,100 גרם,false,1,17.90,34.42,true,1,
5060017740011,false,"גין ברוקרס 700 מ""ל",,,"גין ברוקרס 700 מ""ל",מיליליטרים,700.00,"100 מ""ל",false,1,115.90,16.56,true,1,
5060017740158,false,"גין ברוקרס פינק 700 מ""ל",,,גין ברוקרס פינק 700,מיליליטרים,700.00,"100 מ""ל",false,1,115.90,16.56,true,1,
5060045588128,false,"וויסקי גים בים לבן 700 מ""ל",,,וויסקי גים בים לבן 7,מיליליטרים,700.00,"100 מ""ל",false,1,84.90,12.13,true,1,
5060139430364,false,יויו תות מולטי פק 100 גגרם,,GB,יויו תות מולטי פק 1,גרמים,100.00,100 גרם,false,1,19.90,19.90,true,1,
5060139430647,false,יויו פטל מולטי פק 100 גגרם,,GB,יויו פטל מולטי פק 1,גרמים,100.00,100 גרם,false,1,19.90,19.90,true,1,
5060190560741,false,"בירה אינס אנד גון רום פיניש 330 מ""ל",,,בירה אינס אנד גון רו,מיליליטרים,330.00,"100 מ""ל",false,1,14.90,4.52,true,1,
5060190561267,false,"בירה אינס אנד גון לאגר 330 מ""ל",,,בירה אינס אנד גון לא,מיליליטרים,330.00,"100 מ""ל",false,1,14.90,4.52,true,1,
5060255492277,false,חול אוור קלין 6 ליטר מולטי,,,אברקלין 6ל אדום,ליטרים,0.01,ליטר,false,1,69.90,6990.00,true,1,
5060255492284,false,חול חתולים EVER CLEAN לבנדר 6 ל,,,אברקלין 6ל (סגול ),ליטרים,0.01,ליטר,false,1,69.90,6990.00,true,1,
5060283762205,false,ציפס עדשים סריראצה וצילי 85 גרם,,GB,ציפס עדשים סריראצה ו,גרמים,85.00,100 גרם,false,1,15.90,18.71,true,1,
5060305460430,false,סקראביס חטיף חומוס צילי ליים 125 גרם,,,סקראביס חטיף חומוס,גרמים,125.00,100 גרם,false,1,16.90,13.52,true,1,
5060305460454,false,סקראביס חטיף חומוס מלח ים 125 גרם,,,סקראביס חטיף חומוס מ,גרמים,125.00,100 גרם,false,1,16.90,13.52,true,1,
5060309490150,false,דיאבלו סוכריות ללא סוכר קפוצינו 75 גרם,,GB,דיאבלו סוכריות ללא ס,גרמים,75.00,100 גרם,false,1,10.90,14.53,true,1,
5060319120047,false,תה ירוק אורגני 50 גרם הייר ליבינג,,,תה ירוק אורגני 50 גר,Unknown,0.00,Unknown,false,1,18.90,18.90,true,1,
5060319120092,false,תה אינגלש ברקפסט אורגני 45 ג הייר ליבינג,,,תה אינגלש ברקפסט אור,Unknown,0.00,Unknown,false,1,18.90,18.90,true,1,
5060319120108,false,תה ארל גריי אורגני 40 גר הייר ליבינג,,,תה ארל גריי אורגני 4,Unknown,0.00,Unknown,false,1,18.90,18.90,true,1,
5060323903933,false,הילפילד שעועית צ`ילי 400 גר,,,הילפילד שעועית צ`ילי,גרמים,400.00,100 גרם,false,1,9.10,2.28,true,1,
5060326870850,false,"חטיף חומוס, בטטה, אפונה בטעם מלוח85 ג",,GB,"חטיף חומוס, בטטה, אפ",גרמים,85.00,100 גרם,false,1,10.40,12.24,true,1,
5060326870898,false,חטיף ציפס חלבון בטעם ברביקיו מתוק85 ג,,GB,חטיף ציפס חלבון בטעם,גרמים,85.00,100 גרם,false,1,10.40,12.24,true,1,
5060326870911,false,חטיף ציפס חלבון בטעם מלח ופלפל85 ג,,GB,חטיף ציפס חלבון בטעם,גרמים,85.00,100 גרם,false,1,10.40,12.24,true,1,
5060402902130,false,"משקה טוויקס 350 מ""ל",,GB,"משקה טוויקס 350 מ""ל",מיליליטרים,350.00,"100 מ""ל",false,1,13.90,3.97,true,1,
5060462260539,false,אצבעות וופל קרם אגוזים שוקולד 45 גרם,,ES,אצבעות וופל קרם אגוז,גרמים,45.00,100 גרם,false,1,16.90,37.56,true,1,
5060462260713,false,אצבעות וופל קרם קרמל מלוח מ.קרמל 45 גרם,,ES,אצבעות וופל קרם קרמל,גרמים,45.00,100 גרם,false,1,16.90,37.56,true,1,
5060462261475,false,חטיף קאפס קרם בוטנים ציפוי שוקולד 34 גרם,,ES,חטיף קאפס קרם בוטנים,גרמים,34.00,100 גרם,false,1,16.90,49.71,true,1,
5060462261628,false,חטיף קאפס קרם בוטנים מ.שוקולד לבן 34 גרם,,ES,חטיף קאפס קרם בוטנים,גרמים,34.00,100 גרם,false,1,16.90,49.71,true,1,
5060465390004,false,"בירה סקיני ללא גלוטן 330 מ""ל",,GB,בירה סקיני ללא גלוטן,מיליליטרים,330.00,"100 מ""ל",false,1,11.90,3.61,true,1,
5060517886486,false,"מונסטר אנרגי פח 500 מ""ל",,RS,מונסטר אנרגי פח 500,מיליליטרים,500.00,"100 מ""ל",false,1,7.90,1.58,true,1,
5060517886516,false,"מונסטר אנרגי זירו פח 500 מ""ל",,RS,מונסטר אנרגי זירו פח,מיליליטרים,500.00,"100 מ""ל",false,1,7.90,1.58,true,1,
5060639128051,false,"מונסטר ULTRA פחית 500 מ""ל",,RS,מונסטר ULTRA פחית 50,מיליליטרים,500.00,"100 מ""ל",false,1,7.90,1.58,true,1,
5060639129102,false,"Mango Loco מונסטר 500 מ""ל",,,Mango Loco מונסטר 50,מיליליטרים,500.00,"100 מ""ל",false,1,7.90,1.58,true,1,
5060751218173,false,"מונסטר פייפליין פאנצ 500 מ""ל",,,מונסטר פייפליין פאנצ,מיליליטרים,500.00,"100 מ""ל",false,1,7.50,1.50,true,1,
5060751219033,false,"מונסטר אולטרה פרדייס 500 מ""ל",,,מונסטר אולטרה פרדייס,מיליליטרים,500.00,"100 מ""ל",false,1,7.50,1.50,true,1,
5099873006504,false,"וויסקי גק דניאלס פייר 700 מ""ל",,,וויסקי גק דניאלס פיי,מיליליטרים,700.00,"100 מ""ל",false,1,109.90,15.70,true,1,
5099873017623,false,"וויסקי גק דניאלס טנסי אפל 700 מ""ל",,,וויסקי גק דניאלס טנס,מיליליטרים,700.00,"100 מ""ל",false,1,109.90,15.70,true,1,
5099873038758,false,"וויסקי גנטלמן גק 700 מ""ל",,,וויסקי גנטלמן גק 700,מיליליטרים,700.00,"100 מ""ל",false,1,147.90,21.13,true,1,
5200100943749,false,עוגיות משיבולת שועל במילוי חמאת בוטנים,,GR,עוגיות משיבולת שועל,גרמים,180.00,100 גרם,false,1,12.90,7.17,true,1,
5200132560082,false,"יין דומיין סבאניס, מאלגוזיה 750 מ""ל",,GR,"יין דומיין סבאניס, מ",Unknown,0.00,Unknown,false,1,74.90,74.90,true,1,
5200132560150,false,"יין דומיין סבאניס, פייר ווינד רוזה 750",,GR,"יין דומיין סבאניס, פ",Unknown,0.00,Unknown,false,1,39.90,39.90,true,1,
5200132560167,false,"יין דומיין סבאניס, פייר ווינד לבן 750",,GR,"יין דומיין סבאניס, פ",Unknown,0.00,Unknown,false,1,39.90,39.90,true,1,
5200133120476,false,גליליות וופלים ממולא קרם אגוזים 400 גר,,,גליליות וופלים ממולא,גרמים,400.00,100 גרם,false,1,18.90,4.73,true,1,
5200133120483,false,גליליות וופלים ממולא קרם וניל 400 גר,,,גליליות וופלים ממולא,גרמים,400.00,100 גרם,false,1,18.90,4.73,true,1,
5201004020338,false,קפריס רולס קלאסיק 400 גרם,,GR,גליליות וופל קפריס ר,גרמים,400.00,100 גרם,false,1,20.90,5.23,true,1,
5201004021328,false,גליליות ממולאות קרם אגוזים 115 גר,,GR,גליליות קפריס רולס ק,גרמים,115.00,100 גרם,false,1,10.30,8.96,true,1,
5201043004412,false,זיתי קלמטה שחורים 200 גר,,,זיתי קלמטה שחורים 37,מיליליטרים,370.00,"100 מ""ל",false,1,15.90,4.30,true,1,
5201940010110,false,זיתים שחורים מזן קלמטה בפח 454 גרם,,,זיתים שחורים מזן קלמ,גרמים,454.00,100 גרם,false,1,17.90,3.94,true,1,
5202152200207,false,זיתים ירוקים מגולענים עם פפריקה רגינה370,,GR,זיתים ירוקים מגולעני,גרמים,370.00,100 גרם,false,1,15.90,4.30,true,1,
5202152200306,false,זיתים ירוקים מגולענים במי מלח רגינה370ג,,GR,זיתים ירוקים מגולעני,גרמים,370.00,100 גרם,false,1,15.90,4.30,true,1,
5202152200504,false,זיתים ירוקים מגולענים עם שום רגינה370גר,,GR,זיתים ירוקים מגולעני,גרמים,370.00,100 גרם,false,1,15.90,4.30,true,1,
5202152213108,false,זיתים קלמנטה במי מלח רגינה 370 גר,,GR,זיתים קלמנטה במי מלח,גרמים,370.00,100 גרם,false,1,13.90,3.76,true,1,
5202175001515,false,נאצ`וס בטעם מלוח 225 גר,,,נאצ`וס בטעם מלוח 225,גרמים,225.00,100 גרם,false,1,12.50,5.56,true,1,
5202302000022,false,זיתים שחורים טבעיים 275 גרם,,,זיתים שחורים טבעיים,גרמים,275.00,100 גרם,false,1,16.90,6.15,true,1,
5202390014239,false,צהובה טבעונית עם עשבי תיבול 200 גר,,,צהובה טבעונית עם עשב,גרמים,200.00,100 גרם,false,1,24.90,12.45,true,1,
5202390015618,false,צהובה טבעונית בטעם אורגינאלי 200 גר,,,צהובה טבעונית בטעם א,גרמים,200.00,100 גרם,false,1,24.90,12.45,true,1,
5202390016141,false,גוש מוצרלה טבעונית לפיצה 400 גר,,,גוש מוצרלה טבעונית ל,גרמים,400.00,100 גרם,false,1,31.90,7.98,true,1,
5202390020407,false,בסגנון פטה טבעוני 200 גר,,GR,בסגנון פטה טבעוני 20,גרמים,200.00,100 גרם,false,1,27.90,13.95,true,1,
5202390021121,false,קרמי אוריגינל טבעוני ויולייף 150 גר,,GR,קרמי אוריגינל טבעוני,גרמים,150.00,100 גרם,false,1,19.90,13.27,true,1,
5202413007019,false,"אוזו פלומארי 700 מ""ל",,,"אוזו פלומארי 700 מ""ל",מיליליטרים,700.00,"100 מ""ל",false,1,79.90,11.41,true,1,
5202413010019,false,אוזו פלומארי 1 ליטר,,,אוזו פלומארי 1 ליטר,ליטרים,0.00,ליטר,false,1,109.90,109.90,true,1,
5214000101062,false,שמן זית יווני כתית מעולה 1 ליטר Oleum,Oleum,,שמן זית יווני כתית מ,מיליליטרים,1000.00,"100 מ""ל",false,1,65.90,6.59,true,1,
5214000101369,false,"שמן זית יווני כתית מעולה 750 מ""ל Oleum",Oleum,,שמן זית יווני כתית מ,מיליליטרים,750.00,"100 מ""ל",false,1,54.90,7.32,true,1,
5391523057943,false,סימילאק גולד שלב 3 700 גרם,,,סימילאק גולד שלב 3,גרמים,700.00,100 גרם,false,1,71.90,10.27,true,1,
5400141213898,false,שימורי מלפפון חמוץ מתוק בוני 530 גר,,BE,שימורי מלפפון חמוץ מ,גרמים,530.00,100 גרם,false,1,18.50,3.49,true,1,
5400141357530,false,שימורי מלפפון חמוץ מתוק בוני 530 גר,,BE,שימורי מלפפון חמוץ מ,גרמים,530.00,100 גרם,false,1,19.40,3.66,true,1,
5400265022796,false,המלט- שוקוליס דפדפי קריספי 125 גר,,,המלט- שוקוליס דפדפי,גרמים,125.00,100 גרם,false,1,18.40,14.72,true,1,
5400265022802,false,המלט- שוקוליס דפדפי שוקולד 57% 125 גר,,BE,המלט- שוקוליס דפדפי,גרמים,125.00,100 גרם,false,1,18.40,14.72,true,1,
5400265022826,false,המלט- שוקוליס דפדפי תפוז קריספי 125 גר,,,המלט- שוקוליס דפדפי,גרמים,125.00,100 גרם,false,1,18.40,14.72,true,1,
5400265024226,false,קופידו-פרלינים בלגים במילוי קוואנטרו 150,,,קופידו-פרלינים בלגים,גרמים,150.00,100 גרם,false,1,19.70,13.13,true,1,
5400265024233,false,קופידו-פרלינים בלגים במילוי ויסקי טיצרס,,,קופידו-פרלינים בלגים,גרמים,150.00,100 גרם,false,1,19.70,13.13,true,1,
5400265024349,false,המלט מאפה מבצק עלים מסוכר 250 גר,,,המלט מאפה מבצק עלים,גרמים,250.00,100 גרם,false,1,14.50,5.80,true,1,
5400265026152,false,המלט -באריזת מתנה 250 גרם קלאסיק,,,המלט -באריזת מתנה 25,גרמים,250.00,100 גרם,false,1,46.50,18.60,true,1,
5400265032344,false,"המלט-מתנה ליין ""לאב"" 250 גרם",,,"המלט-מתנה ליין ""לאב""",גרמים,250.00,100 גרם,false,1,55.50,22.20,true,1,
5400265033006,false,המלט- נשיקות מרנג צבעוני 100 גרם,,,המלט- נשיקות מרנג צב,גרמים,100.00,100 גרם,false,1,12.90,12.90,true,1,
5400265037035,false,המלט בובת סנטה 55 גרם,,,המלט בובת סנטה 55 גר,גרמים,55.00,100 גרם,false,1,12.50,22.73,true,1,
5400265037998,false,המלט - בובת סנטה 125 גר,,,המלט - בובת סנטה 125,גרמים,125.00,100 גרם,false,1,18.90,15.12,true,1,
5400265040097,false,המלט-מרשמלו טוטי פרוטי 225 גר,,BE,המלט-מרשמלו טוטי פרו,גרמים,225.00,100 גרם,false,1,12.90,5.73,true,1,
5400265040745,false,המלט-מתנה ליין מנוקד 250 גר,,,המלט-מתנה ליין מנוקד,גרמים,250.00,100 גרם,false,1,55.50,22.20,true,1,
5400265040776,false,המלט סנטה שוקולד על מקל 35 גר,,,המלט סנטה שוקולד על,גרמים,35.00,100 גרם,false,1,10.90,31.14,true,1,
5400265040882,false,המלט-פרלינים בלגים דלוקס שחור 175 ג,,,המלט-פרלינים בלגים ד,גרמים,175.00,100 גרם,false,1,38.90,22.23,true,1,
5410076933129,false,"אריאל שושן צחור 3 ק""ג",,,"אריאל שושן צחור 3 ק""",קילוגרמים,0.00,"ק""ג",false,1,43.90,43.90,true,1,
5410091750909,false,פרסיל קפסולות גל לכביסה 14 יח UNIVERSAL,,,פרסיל קפסולות גל לכב,יחידה,1.00,יחידה,false,1,18.90,18.90,true,1,
5410126006087,false,ביסקוויט לוטוס קרמל 700 גרם,,,ביסקוויט לוטוס קרמל,גרמים,700.00,100 גרם,false,1,29.90,4.27,true,1,
5410126037005,false,מאגדת גלידה לוטוס 4 יח 284 גר,,BE,מאגדת גלידה לוטוס 4,Unknown,0.00,Unknown,false,1,41.90,41.90,true,1,
5410126106022,false,מארז עוגיות לוטוס 250 גר*2,,,מארז עוגיות לוטוס 25,גרמים,500.00,100 גרם,false,1,18.90,3.78,true,1,
5410126106183,false,ביסקויט לוטוס קרמל 312 גר 50 יח ארוז,,,ביסקויט לוטוס קרמל 3,גרמים,312.00,100 גרם,false,1,19.90,6.38,true,1,
5410126116953,false,ממרח עוגיות לוטוס קרמל 400 גר,,,ממרח עוגיות לוטוס קר,גרמים,400.00,100 גרם,false,1,25.90,6.48,true,1,
5410126666038,false,עוגיות לוטוס 279 גרם,,BE,עוגיות לוטוס 279 גרם,גרמים,279.00,100 גרם,false,1,14.60,5.23,true,1,
5410126716016,false,ביסקויט קרמל לוטוס 250 גר,,,ביסקויט קרמל לוטוס 2,גרמים,250.00,100 גרם,false,1,12.90,5.16,true,1,
5410173210055,false,רומבוסט קפה טחון וקלוי לפילטר 70 גרם,,,רומבוסט קפה טחון וקל,גרמים,70.00,100 גרם,false,1,25.10,35.86,true,1,
5410228144755,false,"בירה סטלה ארטואה שישייה בקבוק 330 מ""ל",,,שישיית סטלה ארטואה,מיליליטרים,1980.00,"100 מ""ל",false,1,34.90,1.76,true,1,
5410228267515,false,"שישיית בירה לאגר באדוויזר 6*330 מ""ל",,GB,שישיית בירה לאגר באד,מיליליטרים,1980.00,"100 מ""ל",false,1,38.90,1.96,true,1,
5410316983693,false,"סמירנוף אייס בודד 275 מ""ל",,,סמירנוף אייס בודד 27,מיליליטרים,275.00,"100 מ""ל",false,1,13.90,5.05,true,1,
5410316994019,false,"סמירנוף אדום 700 מ""ל",,,"סמירנוף אדום 700 מ""ל",מיליליטרים,700.00,"100 מ""ל",false,1,59.90,8.56,true,1,
5410358442097,false,הריבו מרשמלו לבן וורוד 140 גרם,,,הריבו מרשמלו לבן וור,גרמים,140.00,100 גרם,false,1,9.30,6.64,true,1,
5410358452027,false,הריבו ספקיז מרשמלו ורוד לבן פסים 175 גרם,,BE,הריבו ספקיז מרשמלו ו,גרמים,175.00,100 גרם,false,1,8.30,4.74,true,1,
5410358453116,false,הריבו- מרשמלו מיקס 175 גרם,,BE,הריבו- מרשמלו מיקס 1,גרמים,175.00,100 גרם,false,1,9.30,5.31,true,1,
5410358459347,false,הריבו מרשמלו ברביקיו 175 גרם,,BE,הריבו מרשמלו ברביקיו,גרמים,175.00,100 גרם,false,1,8.30,4.74,true,1,
5410481080005,false,קרלייר-נוגט אגוזים ושקדים 100 גרם,,BE,קרלייר-נוגט אגוזים ו,גרמים,100.00,100 גרם,false,1,16.40,16.40,true,1,
5410481080166,false,קרלייר-נוגט וניל עם שקדים 100 גר,,BE,קרלייר-נוגט וניל עם,גרמים,100.00,100 גרם,false,1,16.40,16.40,true,1,
5410481080173,false,קרלייר-נוגט שקדים ווניל 100 גר,,BE,קרלייר-נוגט שקדים וו,גרמים,100.00,100 גרם,false,1,16.40,16.40,true,1,
5410769200088,false,"בירה מק שוף 330 מ""ל בקבוק",,,"בירה מק שוף 330 מ""ל",מיליליטרים,330.00,"100 מ""ל",false,1,16.90,5.12,true,1,
5410769800554,false,"בקבוק צירי שוף 750 מ""ל בקבוק",,,בקבוק צירי שוף 750 מ,מיליליטרים,750.00,"100 מ""ל",false,1,31.90,4.25,true,1,
5410976140122,false,בונבוניירה צדפות 250 גרם גיליאן,,,בונבוניירה צדפות 250,גרמים,250.00,100 גרם,false,1,41.90,16.76,true,1,
5410976620518,false,בונבוניירה גוליאן מבחר קלאסי בלגי 305 גר,,,בונבוניירה גוליאן מב,גרמים,305.00,100 גרם,false,1,79.90,26.20,true,1,
5410976821014,false,גיליאן שוקולד מריר 50% ללא סוכר 100 גרם,,BE,גיליאן שוקולד מריר 5,גרמים,100.00,100 גרם,false,1,17.90,17.90,true,1,
5410976826019,false,שוקולד מריר 72% 100 גר גיליאן,,BE,שוקולד מריר 72% 100,גרמים,100.00,100 גרם,false,1,16.90,16.90,true,1,
5410976828013,false,גיליאן-שוקולד חלב מוקרם 100 גר,,BE,גיליאן-שוקולד חלב מו,גרמים,100.00,100 גרם,false,1,16.90,16.90,true,1,
5410976840022,false,גיליאן-שוקולד חלב קרמל מלוח 100 גר,,BE,גיליאן-שוקולד חלב קר,גרמים,100.00,100 גרם,false,1,16.90,16.90,true,1,
5410976853015,false,גיליאן-שוקולד חלב שקד מקורמל 100 גר,,,גיליאן-שוקולד חלב שק,גרמים,100.00,100 גרם,false,1,16.90,16.90,true,1,
5411081000523,false,"בירה קסטיל כהה 330 מ""ל",,,בירה קסטיל כהה 330 מ,מיליליטרים,330.00,"100 מ""ל",false,1,12.90,3.91,true,1,
5411081000677,false,"בירה קסטיל טריפל 330 מ""ל",,,בירה קסטיל טריפל 330,מיליליטרים,330.00,"100 מ""ל",false,1,12.90,3.91,true,1,
5411081003654,false,"בירה קסטיל רוז 330 מ""ל",,,בירה קסטיל רוז 330 מ,מיליליטרים,330.00,"100 מ""ל",false,1,12.90,3.91,true,1,
5411081003661,false,"בירה קסטיל רוז 750 מ""ל",,,בירה קסטיל רוז 750 מ,מיליליטרים,750.00,"100 מ""ל",false,1,38.90,5.19,true,1,
5411081005696,false,"בירה קסטיל שוקולד (בריסטה) 330 מ""ל",,,בירה קסטיל שוקולד (ב,מיליליטרים,330.00,"100 מ""ל",false,1,12.90,3.91,true,1,
5411188081852,false,אלפרו סויה בטעם וניל 1 ליטר,,,אלפרו סויה בטעם וניל,מיליליטרים,1000.00,"100 מ""ל",false,1,17.50,1.75,true,1,
5411188094159,false,אלפרו מעדן סויה בטעם שוקו בלגי 125 גר*4,,,אלפרו מעדן סויה בטעם,גרמים,500.00,100 גרם,false,1,19.80,3.96,true,1,
5411188094173,false,אלפרו מעדן סויה בטעם קרמל 125 גר * 4 יח,,,אלפרו מעדן סויה בטעם,מיליליטרים,500.00,"100 מ""ל",false,1,19.80,3.96,true,1,
5411188096108,false,"שמנת לבישול ע""ב סויה 250 מ""ל אלפרו",,,"שמנת לבישול ע""ב סוי",מיליליטרים,250.00,"100 מ""ל",false,1,10.90,4.36,true,1,
5411188110835,false,אלפרו משקה שקדים 1 ליטר,,,אלפרו משקה שקדים 1 ל,מיליליטרים,1000.00,"100 מ""ל",false,1,15.90,1.59,true,1,
5411188112549,false,אלפרו משקה אורז 1 ליטר,,,אלפרו משקה אורז 1 לי,מיליליטרים,1000.00,"100 מ""ל",false,1,15.90,1.59,true,1,
5411188112709,false,אלפרו משקה שקדים ללא סוכר 1 ליטר,,,אלפרו משקה שקדים ללא,מיליליטרים,1000.00,"100 מ""ל",false,1,15.90,1.59,true,1,
5411188115366,false,אלפרו משקה שיבולת שועל 1 ליטר,,,אלפרו משקה שיבולת שו,מיליליטרים,1000.00,"100 מ""ל",false,1,15.90,1.59,true,1,
5411188115434,false,אלפרו משקה בריסטה סויה 1ל,,BE,אלפרו משקה בריסטה סו,מיליליטרים,1000.00,"100 מ""ל",false,1,16.90,1.69,true,1,
5411188115472,false,אלפרו משקה סויה 1 ליטר,,BE,אלפרו משקה סויה 1 לי,מיליליטרים,1000.00,"100 מ""ל",false,1,14.90,1.49,true,1,
5411188118732,false,אלפרו משקה קוקוס שקדים 1 ליטר,,,אלפרו משקה קוקוס שקד,מיליליטרים,1000.00,"100 מ""ל",false,1,15.90,1.59,true,1,
5411188120957,false,"אלפרו קוקוס לבישול 14% שומן 250 מ""ל",,,אלפרו קוקוס לבישול 1,מיליליטרים,250.00,"100 מ""ל",false,1,10.90,4.36,true,1,
5411188121923,false,"שלישיות סויה סידן 750 מ""ל",,,שלישיות אלפרו סויה ב,מיליליטרים,750.00,"100 מ""ל",false,1,15.90,2.12,true,1,
5411188121978,false,"שלישיות סויה סידן 750 מ""ל",,,שלישיות אלפרו סויה ש,מיליליטרים,750.00,"100 מ""ל",false,1,15.90,2.12,true,1,
5411188122586,false,"אלפרו משקה שקדים 250 מ""ל",,,אלפרו משקה שקדים 250,מיליליטרים,250.00,"100 מ""ל",false,1,6.90,2.76,true,1,
5411188124689,false,"אלפרו משקה שיבולת שועל לל""ס 1 ליטר",,,אלפרו משקה שיבולת שו,מיליליטרים,1000.00,"100 מ""ל",false,1,15.90,1.59,true,1,
5411188124726,false,אלפרו משקה שיבולת שועל שקדים 1 ליטר,,,אלפרו משקה שיבולת שו,מיליליטרים,1000.00,"100 מ""ל",false,1,15.90,1.59,true,1,
5411188126195,false,אלפרו משקה שקדים אורגני 1 ליטר,,BE,אלפרו משקה שקדים,מיליליטרים,1000.00,"100 מ""ל",false,1,15.90,1.59,true,1,
5411188129899,false,אלפרו בריסטה משקה שקדים 1 ליטר,,BE,אלפרו בריסטה משקה שק,מיליליטרים,1000.00,"100 מ""ל",false,1,16.90,1.69,true,1,
5411188300328,false,אלפרו סויה בטעם שוקו 1 ליטר,,,אלפרו סויה בטעם שוקו,מיליליטרים,1000.00,"100 מ""ל",false,1,17.50,1.75,true,1,
5411188513483,false,"אלפרו סויה לבישול 14% שומן 250 מ""ל",,,אלפרו סויה לבישול 14,מיליליטרים,250.00,"100 מ""ל",false,1,10.50,4.20,true,1,
5411188543398,false,אלפרו משקה סויה ללא סוכר 1 ליטר,,BE,אלפרו משקה סויה ללא,מיליליטרים,1000.00,"100 מ""ל",false,1,14.90,1.49,true,1,
5411223030081,false,"בירה לינדמנס קריק דובדבנים 250 מ""ל",,,בירה לינדמנס דובדבני,מיליליטרים,250.00,"100 מ""ל",false,1,15.90,6.36,true,1,
5411223100579,false,"בירה לינדמנס אפל תפוח 250 מ""ל",,,בירה לינדמנס אפל תפו,מיליליטרים,250.00,"100 מ""ל",false,1,15.90,6.36,true,1,
5411223100838,false,"בירה לינדמנס פיץ אפרסק 250 מ""ל",,,בירה לינדמנס פיץ אפר,מיליליטרים,250.00,"100 מ""ל",false,1,15.90,6.36,true,1,
5411223100920,false,בירה לינדמנס קריק דובדבנים 750 מל,,,בירה לינדמנס קריק דו,מיליליטרים,750.00,"100 מ""ל",false,1,39.90,5.32,true,1,
5411616002190,false,"בירה STRONG מרטינס 8.5% כהל 500 מ""ל",,,בירה STRONG מרטינס,מיליליטרים,500.00,"100 מ""ל",false,1,8.90,1.78,true,1,
5411616133245,false,"בירה מרטנס 500 מ""ל-פחית",,,"בירה מרטנס 500 מ""ל-פ",מיליליטרים,500.00,"100 מ""ל",false,1,7.90,1.58,true,1,
5411616148546,false,"בירה מרטינס גולד 500 מ""ל-פחית",,,בירה מרטינס גולד 500,מיליליטרים,500.00,"100 מ""ל",false,1,7.90,1.58,true,1,
5411663002846,false,"בירה Gulden Draak QUAD 10.5% מ""ל 330",,,בירה Gulden Draak QU,מיליליטרים,330.00,"100 מ""ל",false,1,16.90,5.12,true,1,
5411676100928,false,"בירת ברבר רוז 330 מ""ל",,BE,"בירת ברבר רוז 330 מ""",מיליליטרים,330.00,"100 מ""ל",false,1,16.90,5.12,true,1,
5411681014005,false,בירה דובל 330 מל,,,"בירה דובל 330 מ""ל",מיליליטרים,330.00,"100 מ""ל",false,1,16.90,5.12,true,1,
5411681038001,false,בירה מרדסו טריפל 330 מל,,,בירה מרדסו טריפל 330,מיליליטרים,330.00,"100 מ""ל",false,1,16.90,5.12,true,1,
5411681038070,false,בירה מרדסו טריפל 750 מל,,,בירה מרדסו טריפל 750,מיליליטרים,750.00,"100 מ""ל",false,1,31.90,4.25,true,1,
5411681402635,false,"בירה דובל 750 מ""ל בקבוק",,,"בירה דובל 750 מ""ל בק",מיליליטרים,750.00,"100 מ""ל",false,1,39.90,5.32,true,1,
5412186000159,false,"בירה בהירה 330 מ""ל Blanche des neiges",,BE,"בירה בהירה 330 מ""ל",מיליליטרים,330.00,"100 מ""ל",false,1,13.90,4.21,true,1,
5412186000661,false,מארז דליריאום בלונד 8.5% 4*330 מלTremens,,BE,מארז דליריאום בלונד,מיליליטרים,1320.00,"100 מ""ל",false,1,79.90,6.05,true,1,
5412186000715,false,"דילריום נוקטורנום - בקבוק 330 מ""ל",,BE,בירה דילריום נוקטורנ,מיליליטרים,330.00,"100 מ""ל",false,1,15.90,4.82,true,1,
5412186003594,false,בירה דליריאום אמבר 7% 330 מל Argentum,,BE,בירה דליריאום אמבר,מיליליטרים,330.00,"100 מ""ל",false,1,15.90,4.82,true,1,
5412186004997,false,"מארז בירה דליריאום מארז מעורב 4*330 מ""ל",,BE,מארז בירה דליריאום מ,מיליליטרים,1320.00,"100 מ""ל",false,1,79.90,6.05,true,1,
5412514999841,false,רוטב לבישול על בסיס ירקות מקסיקני,,,רוטב לבישול על בסיס,גרמים,410.00,100 גרם,false,1,34.20,8.34,true,1,
5412514999919,false,פוקו-לוקו סלסה מקסיקנית 325 גרם,,,פוקו-לוקו סלסה מקסיק,גרמים,325.00,100 גרם,false,1,30.50,9.38,true,1,
5412514999933,false,פוקו לוקו -סלסה חריפה 325 גרם,,,פוקו לוקו -סלסה חריפ,מיליליטרים,325.00,"100 מ""ל",false,1,30.90,9.51,true,1,
5412514999957,false,סלסה גוואקמולה 300 גרם,,,סלסה גוואקמולה 300,גרמים,300.00,100 גרם,false,1,38.90,12.97,true,1,
5412956214533,false,שוקולד מריר עם לימון ופלפל שחור 100 גרם,,BE,שוקולד מריר עם לימון,גרמים,100.00,100 גרם,false,1,10.90,10.90,true,1,
5413121355099,false,שוקולד בלגי מריר קפה פרסטיז 100 גרם,,,שוקולד בלגי מריר קפה,גרמים,100.00,100 גרם,false,1,14.50,14.50,true,1,
5413121356829,false,שוקולד חלב 100 גר ללתס,,,שוקולד חלב 100 גר,גרמים,100.00,100 גרם,false,1,18.50,18.50,true,1,
5413121359035,false,בלגיאן טראפלס בלגי קקאו אורגינל 200 גרם,,,בלגיאן טראפלס בלגי ק,גרמים,200.00,100 גרם,false,1,18.60,9.30,true,1,
5413121359981,false,"בלגיאן שוקולד ללת""ס חלב אגוזים 100 גר",,,"בלגיאן שוקולד ללת""ס",גרמים,100.00,100 גרם,false,1,22.90,22.90,true,1,
5413121359998,false,"שוקולד מריר שקד ללת""ס בלגיאן 100 גר",,,"שוקולד מריר שקד ללת""",גרמים,100.00,100 גרם,false,1,22.90,22.90,true,1,
5413121363513,false,שוקולד מריר דובדבן בלגיאן 100 גרם,,,שוקולד מריר דובדבן ב,גרמים,100.00,100 גרם,false,1,14.50,14.50,true,1,
5413121365616,false,שוקולד בלגי מריר 90% בלגיאן 100 גרם,,,שוקולד בלגי מריר 90,גרמים,100.00,100 גרם,false,1,14.50,14.50,true,1,
5413149655522,false,"אריאל שושן צחור 1.25 ק""ג",,,אריאל שושן צחור 1.25,קילוגרמים,0.00,"ק""ג",false,1,23.90,23.90,true,1,
5413216990242,false,צדפי שוקולד ממולאים קרם אגוז 250 גר,,,צדפי שוקולד ממולאים,גרמים,250.00,100 גרם,false,1,19.90,7.96,true,1,
5414145035585,false,"וויסקי בורבון קנטקי גק 700 מ""ל",,US,וויסקי בורבון קנטקי,מיליליטרים,700.00,"100 מ""ל",false,1,84.90,12.13,true,1,
5414145035622,false,וויסקי בורבון קנטקי גק 1 ליטר,,,וויסקי בורבון קנטקי,מיליליטרים,1000.00,"100 מ""ל",false,1,130.90,13.09,true,1,
5414145036568,false,"ליקר קרם קלאב אוריגינל עם וויסקי 700 מ""ל",,,ליקר קרם קלאב אוריגי,מיליליטרים,700.00,"100 מ""ל",false,1,49.90,7.13,true,1,
5414359898143,false,ציפס מלח ים 250 גרם,,BE,ציפס מלח ים 250 גרם,גרמים,250.00,100 גרם,false,1,14.90,5.96,true,1,
5420066330210,false,ביאנקה טרופל קקאו באריזת כסף 175 גר,,,ביאנקה טרופל קקאו בא,גרמים,175.00,100 גרם,false,1,14.90,8.51,true,1,
5420066370001,false,טראפל בלגי קרמל 150 גרם,,,טראפל בלגי קרמל 150,גרמים,150.00,100 גרם,false,1,11.90,7.93,true,1,
5420066370049,false,טראפל בלגי תפוז 150 גרם,,,טראפל בלגי תפוז 150,גרמים,150.00,100 גרם,false,1,11.90,7.93,true,1,
5420066370384,false,טראפל בלגי אגוזים 150 גרם,,,טראפל בלגי אגוזים 15,גרמים,150.00,100 גרם,false,1,11.90,7.93,true,1,
5425025281862,false,מגיק וופל בלגי קפוא במילוי דובדבן 320 גר,,BE,מגיק וופל בלגי קפוא,גרמים,320.00,100 גרם,false,1,29.90,9.34,true,1,
5600395034076,false,טונה בהירה בשמן זית אורגני 110 גרם,,,טונה בהירה בשמן זית,גרמים,110.00,100 גרם,false,1,10.50,9.55,true,1,
5600395034083,false,סרדינים בשמן זית אורגני 120 גרם,,,סרדינים בשמן זית אור,גרמים,120.00,100 גרם,false,1,8.90,7.42,true,1,
5601008200444,false,עוגיות טבעת מצופה שוק. חלב 150 גר גודיס,,,עוגיות טבעת מצופה שו,גרמים,150.00,100 גרם,false,1,11.40,7.60,true,1,
5601008200468,false,עוגיות טבעת מצופה שוק. לבן 150 גר גודיס,,,עוגיות טבעת מצופה שו,גרמים,150.00,100 גרם,false,1,11.40,7.60,true,1,
5601010111035,false,סרדין בשמן זית 125 גר רמירז,,,סרדין בשמן זית 125 ג,גרמים,125.00,100 גרם,false,1,12.90,10.32,true,1,
5601010211087,false,פילה סרדין בשמן זית כתית 100 גר רמירז,,,פילה סרדין בשמן זית,גרמים,100.00,100 גרם,false,1,16.10,16.10,true,1,
5601012045505,false,"יין גאזלה 750 מ""ל",,,"יין גאזלה 750 מ""ל",Unknown,0.00,Unknown,false,1,40.90,40.90,true,1,
5601012837636,false,"יין סילק אנד ספייס אדום 750 מ""ל",,,יין סילק אנד ספייס א,Unknown,0.00,Unknown,false,1,65.90,65.90,true,1,
5601045300022,false,משקה גוארנה אנטרטיקה פחית 355 מל,,,משקה גוארנה אנטרטיק,מיליליטרים,356.00,"100 מ""ל",false,1,6.90,1.94,true,1,
5601083640104,false,יין סנדמאן פורט טוני 750 מל,,,יין סנדמאן פורט טוני,Unknown,0.00,Unknown,false,1,70.90,70.90,true,1,
5601083653104,false,יין סנדמאן פורט פאונדרס רזרב 750 מל,,,סנדמאן פורט פאונדרס,Unknown,0.00,Unknown,false,1,78.90,78.90,true,1,
5601996355485,false,"יין פורטה 6 לבן 750 מ""ל",,PT,יין פורטה 6 לבן 750,Unknown,0.00,Unknown,false,1,49.90,49.90,true,1,
5601996547897,false,"יין פורטה 6 אדום 750 מ""ל",,PT,יין פורטה 6 אדום 750,Unknown,0.00,Unknown,false,1,49.90,49.90,true,1,
5601996669872,false,"יין פורטה 6 וינו ורדה 750 מ""ל",,PT,יין פורטה 6 וינו ורד,Unknown,0.00,Unknown,false,1,49.90,49.90,true,1,
5694230223312,false,כבד דג במיץ טבעי 121 גר BRIVAIS VILNIS,,IS,כבד דג במיץ טבעי 121,גרמים,121.00,100 גרם,false,1,10.90,9.01,true,1,
5701932026964,false,הוט פופ מלוח 600 גרם,,,הוטפופ מלוח 600 גרם,גרמים,600.00,100 גרם,false,1,16.90,2.82,true,1,
5701932026971,false,הוטפופ חמאה 600 גרם,,,הוטפופ חמאה 600 גרם,גרמים,600.00,100 גרם,false,1,16.90,2.82,true,1,
5701932026995,false,פופקורן הוט פופ טבעי לייט 510 ג,,,פופקורן הופ פופ טבעי,גרמים,510.00,100 גרם,false,1,16.90,3.31,true,1,
5705550300963,false,ביצי דג שיבוט 200 גרם יורו פוד,,,ביצי דג שיבוט 200 גר,גרמים,200.00,100 גרם,false,1,12.90,6.45,true,1,
5708776001232,false,"סירופ מייפל אורגני 250 מ""ל Manna",,DK,סירופ מייפל אורגני 2,מיליליטרים,250.00,"100 מ""ל",false,1,31.50,12.60,true,1,
5711953106583,false,גבינת שמנת טבעי ארלה 200 גר,,IL,גבינת שמנת טבעי ארלה,גרמים,200.00,100 גרם,false,1,17.90,8.95,true,1,
5711953106590,false,גבינת שמנת שום ארלה 200 גר,,IL,גבינת שמנת שום ארלה,גרמים,200.00,100 גרם,false,1,17.90,8.95,true,1,
5711953106606,false,גבינת שמנת עשבי תיבול ארלה 200 גר,,IL,גבינת שמנת עשבי תיבו,גרמים,200.00,100 גרם,false,1,17.90,8.95,true,1,
5740900403215,false,ממרח לורפק עם מלח 250 גר,,DK,ממרח לורפק עם מלח 25,גרמים,250.00,100 גרם,false,1,17.90,7.16,true,1,
5740900403222,false,ממרח לורפק עם מלח מופחת שומן 250 גר,,DK,ממרח לורפק עם מלח מו,גרמים,250.00,100 גרם,false,1,17.90,7.16,true,1,
5740900403239,false,ממרח לורפק ללא מלח 250 גר,,DK,ממרח לורפק ללא מלח 2,גרמים,250.00,100 גרם,false,1,17.90,7.16,true,1,
5740900403260,false,ממרח לורפק ללא מלח מופחת שומן 250 גר,,DK,ממרח לורפק ללא מלח מ,גרמים,250.00,100 גרם,false,1,17.90,7.16,true,1,
5774540133805,false,אנטון ברג-מיני טאבלטס קרמל ורמי מרטן 100,,,אנטון ברג-מיני טאבלט,גרמים,100.00,100 גרם,false,1,24.90,24.90,true,1,
5774540870007,false,אנטון ברג-בקבוקוני שוקולד עם ליקרים 62גר,,,אנטון ברג-בקבוקוני ש,גרמים,62.00,100 גרם,false,1,22.90,36.94,true,1,
5774540924502,false,מרציפן מצופה שוקולד מריר 75 גר אנטון ברג,,,מרציפן מצופה שוקולד,גרמים,75.00,100 גרם,false,1,15.00,20.00,true,1,
5774540984056,false,אנטון ברג-מרציפן תות שדה ושמפניה 220 גר,,,אנטון ברג-מרציפן תות,גרמים,220.00,100 גרם,false,1,43.90,19.95,true,1,
5774540984155,false,אנטון ברג-מרציפן אוכמניות בוודקה 220 גר,,,אנטון ברג-מרציפן אוכ,גרמים,220.00,100 גרם,false,1,43.90,19.95,true,1,
5774540984254,false,אנטון ברג-מרציפן משמש בברנדי 220 גר,,,אנטון ברג-מרציפן משמ,גרמים,220.00,100 גרם,false,1,43.90,19.95,true,1,
5774540989853,false,אנטון ברג-מרציפן פטל בליקר תפוז 220 גר,,,אנטון ברג-מרציפן פטל,גרמים,220.00,100 גרם,false,1,43.90,19.95,true,1,
5900020012814,false,דגנים נסקוויק מלחמת הכוכבים 500 גרם,,,דגנים נסקוויק 500 גר,גרמים,375.00,100 גרם,false,1,28.90,7.71,true,1,
5900020015174,false,פיטנס חטיף דגנים שוקולד 141 גרם,,,פיטנס חטיף דגנים שוק,גרמים,141.00,100 גרם,false,1,18.90,13.40,true,1,
5900020018908,false,פיטנס חטיף דגנים קרם עוגיות 141 גרם,,,פיטנס חטיף דגנים קרם,גרמים,141.00,100 גרם,false,1,18.90,13.40,true,1,
5900020026552,false,האני נאט ציריוס מלחמת הכוכבים 625 גרם,,,האני נאט ציריוס מלחמ,גרמים,625.00,100 גרם,false,1,27.90,4.46,true,1,
5900020029669,false,חטיפי דגנים פיטנס פירות יער 6*23.5 גרם,,,חטיפי דגנים פיטנס פי,גרמים,141.00,100 גרם,false,1,18.90,13.40,true,1,
5900020032539,false,פיטנס מארז חטיף שוקולד 23.5*6,,,פיטנס מארז חטיף שוקו,גרמים,138.00,100 גרם,false,1,18.90,13.70,true,1,
5900020034021,false,פיטנס בר דליס שוקולד בננה 8*23.5 גרם,,PL,פיטנס בר דליס שוקולד,גרמים,188.00,100 גרם,false,1,18.90,10.05,true,1,
5900020034991,false,קראנץ צדפים בטעם שוקולד 450 גרם,,,קראנץ צדפים בטעם שוק,גרמים,450.00,100 גרם,false,1,27.90,6.20,true,1,
5900020036407,false,דגני בוקר שוקולד וקרמל ליון 480 גרם,,FR,דגני בוקר שוקולד וקר,גרמים,480.00,100 גרם,false,1,26.90,5.60,true,1,
5900020037916,false,צריוס שיבולת שועל 375 גרם,,FR,צריוס שיבולת שועל 37,גרמים,375.00,100 גרם,false,1,20.90,5.57,true,1,
5900020039590,false,פיטנס חטיף דגנים קלאסי פרווה 6*23.5ג,,PL,פיטנס חטיף דגנים קלא,גרמים,141.00,100 גרם,false,1,18.90,13.40,true,1,
5900020039620,false,פיטנס חטיף דגנים שקדים ודבש פרווה 6*23ג,,PL,פיטנס חטיף דגנים שקד,גרמים,140.00,100 גרם,false,1,18.90,13.50,true,1,
5900073020071,false,חטיפי תפוא בט.בייקון מעושן פרזיסנקי135גר,,,חטיפי תפוא בט.בייקון,גרמים,135.00,100 גרם,false,1,15.90,11.78,true,1,
5900073020293,false,חטיפי תירס בטעם בצל ירוק פרזיסנקי 150 גר,,,חטיפי תירס בטעם בצל,גרמים,150.00,100 גרם,false,1,15.90,10.60,true,1,
5900130034157,false,מאגדת גלידה מילקה 4 יח 284 גר,,DE,מאגדת גלידה מילקה,גרמים,284.00,100 גרם,false,1,36.90,12.99,true,1,
5900627063233,false,פיניש טבליות הכל ב-1 50 יח,,,פיניש טבליות הכל ב-1,Unknown,0.00,Unknown,false,1,39.90,39.90,true,1,
5900649056701,false,מלבין לקפה 400 גרם LOYD,,,LOYD מלבין לקפה 400,גרמים,400.00,100 גרם,false,1,18.40,4.60,true,1,
5901008000991,false,שימורי עגבניות כבושות 660 גר POLAN,,,שימורי עגבניות כבושו,גרמים,660.00,100 גרם,false,1,12.50,1.89,true,1,
5901008990100,false,פרוסות מלפפון ופלפל 850 גר POLAN,,PL,פרוסות מלפפון ופלפל,גרמים,850.00,100 גרם,false,1,14.90,1.75,true,1,
5901008990155,false,עגבניות ירוקות-פלפל 840 גר Polan,,PL,עגבניות ירוקות פלפל,גרמים,840.00,100 גרם,false,1,13.90,1.65,true,1,
5901008990162,false,סלט כרוב עם סלק 900 גרם Polan,,PL,סלט כרוב עם סלק 900,גרמים,900.00,100 גרם,false,1,13.90,1.54,true,1,
5901008990322,false,שימורי פטיסונים מוחמצים 860 גר POLAN,,,שימורי פטיסונים מוחמ,גרמים,860.00,100 גרם,false,1,22.90,2.66,true,1,
5901008990339,false,פרוסות מלפפונים מוחמצים 660 גר POLAN,,,פרוסות מלפפונים מוחמ,גרמים,660.00,100 גרם,false,1,16.30,2.47,true,1,
5901008990407,false,שימורי מלפפונים מוחמצים 860 גר POLAN,,,שימורי מלפפונים מוחמ,גרמים,860.00,100 גרם,false,1,20.90,2.43,true,1,
5901008990421,false,שימורי עגבניות שרי כבושות 880 גר POLAN,,PL,שימורי עגבניות שרי כ,גרמים,880.00,100 גרם,false,1,20.90,2.38,true,1,
5901008990445,false,ריבועי פלפל אדום 680 גר POLAN,,,ריבועי פלפל אדום 680,גרמים,680.00,100 גרם,false,1,17.90,2.63,true,1,
5901008990452,false,כרוב כבוש 900 גר POLAN,,,כרוב כבוש 900 גר POL,גרמים,900.00,100 גרם,false,1,17.90,1.99,true,1,
5901008990599,false,מלפפונים קורנישונים מוחמצים 860 גר POLAN,,,מלפפונים קורנישונים,גרמים,860.00,100 גרם,false,1,22.90,2.66,true,1,
5901046990315,false,חזרת אדומה 180 גר POLAN,,,חזרת אדומה 180 גר PO,גרמים,180.00,100 גרם,false,1,10.90,6.06,true,1,
5901414200411,false,ביסקוויט מיניס ממולא שוקולד היט 130 גר,,,ביסקוויט מיניס ממולא,גרמים,130.00,100 גרם,false,1,9.40,7.23,true,1,
5901669485663,false,ברון שוקולד מריר תפוז 100 גרם,,PL,ברון שוקולד מריר תפו,גרמים,100.00,100 גרם,false,1,9.90,9.90,true,1,
5901677000926,false,ברון שוקולד מריר מנטה 100 גרם,,PL,ברון שוקולד מריר מנט,גרמים,100.00,100 גרם,false,1,9.90,9.90,true,1,
5902198160403,false,"XL TEN משקה אנרגיה ללא סוכר 250 מ""ל",,,XL TEN משקה אנרגיה,מיליליטרים,250.00,"100 מ""ל",false,1,4.90,1.96,true,1,
5902581685520,false,ברון שוקולד חלב עם שברי אגוזי לוז 220 ג,,,ברון שוקולד חלב עם ש,גרמים,220.00,100 גרם,false,1,13.90,6.32,true,1,
5903141006694,false,ווג פריזון מנטול עשירייה,,,ווג פריזון מנטול עשי,Unknown,0.00,Unknown,false,1,375.00,375.00,true,1,
5904358560047,false,ברון שוקולד מריר עם קרמל ומלח ים 126 גרם,,PL,ברון שוקולד מריר עם,גרמים,126.00,100 גרם,false,1,13.90,11.03,true,1,
5904358560122,false,ברון שוקולד מריר בתוספת מלח ים 100 גרם,,PL,ברון שוקולד מריר בתו,גרמים,100.00,100 גרם,false,1,9.90,9.90,true,1,
5904358560146,false,ברון שוקולד חלב קוקוס ושקדים 220 גרם,,PL,ברון שוקולד חלב קוקו,גרמים,220.00,100 גרם,false,1,13.90,6.32,true,1,
5904603190302,false,סלט כרוב כבוש 850 גר *DWOREK*,,,סלט כרוב כבוש 850,גרמים,850.00,100 גרם,false,1,11.90,1.40,true,1,
5904603191323,false,מלפפונים כבושים 850 גר DWOREK,,,מלפפונים כבושים 850,גרמים,850.00,100 גרם,false,1,14.20,1.67,true,1,
5906485301012,false,"משקה אנרגיה XL פחית 250 מ""ל",,,משקה אנרגיה XL פחית,מיליליטרים,250.00,"100 מ""ל",false,1,4.90,1.96,true,1,
5907443601991,false,ברון סוויט אובסשן 250 גרם,,PL,ברון סוויט אובסשן 25,גרמים,250.00,100 גרם,false,1,19.90,7.96,true,1,
5907443604275,false,ברון אצבעות ש.מריר מרציפן ופיסטוק 200 גר,,PL,ברון אצבעות ש.מריר מ,גרמים,100.00,100 גרם,false,1,13.90,13.90,true,1,
5907623350404,false,כבד דג שיבות 240 גרם,,,כבד דג שיבות 240 גרם,גרמים,240.00,100 גרם,false,1,19.80,8.25,true,1,
5941021000639,false,שוקולד היידי חלב אגוז 100 גר,,,שוקולד היידי חלב אגו,גרמים,100.00,100 גרם,false,1,11.00,11.00,true,1,
5941021000899,false,טבלת היידי גראנדור מריר אגוז 100ג,,,היידי מריר אגוז 100ג,גרמים,100.00,100 גרם,false,1,11.00,11.00,true,1,
5941021001261,false,שוקולד היידי 75% 80 גר,,RO,שוקולד היידי 75% 80,גרמים,80.00,100 גרם,false,1,11.40,14.25,true,1,
5941021001674,false,היידי 85% 80ג,,,היידי 85% 80ג,Unknown,0.00,Unknown,false,1,11.40,11.40,true,1,
5941021002282,false,היידי גורמה דובדבן 100ג,,RO,טבלת שוקולד היידי גו,גרמים,100.00,100 גרם,false,1,12.90,12.90,true,1,
5941021005122,false,היידי חמוציות 80ג,,,היידי חמוציות 80ג,גרמים,80.00,100 גרם,false,1,11.40,14.25,true,1,
5941021005139,false,טבלת היידי גראנדור חלב שקד 100 גר,,,טבלת היידי גראנדור ח,גרמים,100.00,100 גרם,false,1,11.00,11.00,true,1,
5941021008208,false,טבלת היידי גראנדור מלח שחור 80 גר,,RO,טבלת היידי גראנדור מ,גרמים,80.00,100 גרם,false,1,9.90,12.38,true,1,
5941021015596,false,טבלת היידי שוקולד מריר אוכמניות 80 גר,,PL,טבלת היידי שוקולד מר,גרמים,80.00,100 גרם,false,1,9.90,12.38,true,1,
5941021016401,false,טבלת היידי גראנדור מריר שקד 100 גר,,PL,טבלת היידי גראנדור מ,גרמים,100.00,100 גרם,false,1,11.00,11.00,true,1,
5941850163017,false,רול ממולא קרם קקאו אקאסה 350 גר,,RO,רול ממולא קרם קקאו א,גרמים,350.00,100 גרם,false,1,15.90,4.54,true,1,
5941850163048,false,עוגה עם קפה נמס בטעם טירמיסו 300 גרם,,RO,עוגת טרמיסו אקאסה 30,גרמים,300.00,100 גרם,false,1,15.90,5.30,true,1,
5997321770307,false,רצועות שעווה ויט לעור רגיש 12 יח,,,רצועות שעווה ויט,Unknown,0.00,Unknown,false,1,39.90,39.90,true,1,
5998749108550,false,1X8X60Gויסקס טמפציקן&צז,,,ויסקס טמפציקן 60 גר,גרמים,60.00,100 גרם,false,1,13.90,23.17,true,1,
5998749108574,false,1X8X60G ויסקס טמפביף,,,ויסקס טמפביף 60 גר,גרמים,60.00,100 גרם,false,1,13.90,23.17,true,1,
5998749109113,false,פדיגרי דנטה לארג 270 ג,,,פדיגרי דנטה לארג 270,גרמים,270.00,100 גרם,false,1,19.90,7.37,true,1,
6001030003126,false,רוטב ולינגטונס ווסטר 250 גר,,,רוטב ולינגטונס ווסטר,גרמים,250.00,100 גרם,false,1,18.90,7.56,true,1,
6001030003584,false,"וולינגטון רוטב לסטייק 700 מ""ל",,,וולינגטון רוטב לסטיי,מיליליטרים,700.00,"100 מ""ל",false,1,29.90,4.27,true,1,
6001108045171,false,"שישיה סיידר סוואנה 6% אלכוהול 330 מ""ל",,ZA,שישיה סיידר סוואנה,מיליליטרים,1980.00,"100 מ""ל",false,1,52.90,2.67,true,1,
6001452283861,false,נידרברג קברנה מרלו 750 מל EDELROOD,,,נידרברג קברנה מרלו,Unknown,0.00,Unknown,false,1,60.90,60.90,true,1,
6001452301862,false,יין נידרברג קברנה סוביניון 750 מל,,,יין נידרברג קברנה סו,Unknown,0.00,Unknown,false,1,60.90,60.90,true,1,
6001452303873,false,יין נידרברג פינוטאז 750 מל,,,יין נידרברג פינוטאז,Unknown,0.00,Unknown,false,1,60.90,60.90,true,1,
6001452507004,false,יין נידרברג-קברנה סובניון/שיראז,,,יין נידרברג,Unknown,0.00,Unknown,false,1,60.90,60.90,true,1,
6001495062591,false,"ליקר אמרולה 750 מ""ל",,,ליקר אמרולה,מיליליטרים,750.00,"100 מ""ל",false,1,93.90,12.52,true,1,
6001496310547,false,יין פלר דה קאפ-פינוטאז 750 מל,,,יין פלר דה קאפ-פינוט,Unknown,0.00,Unknown,false,1,74.90,74.90,true,1,
6003105003178,false,"ציר עוף מרוכז 200 מ""ל אינה פארמנס",,,"ציר עוף מרוכז 200 מ""",מיליליטרים,200.00,"100 מ""ל",false,1,40.50,20.25,true,1,
6003105003185,false,"ציר בקר מרוכז 200 מ""ל אינה פארמנס",,,"ציר בקר מרוכז 200 מ""",מיליליטרים,200.00,"100 מ""ל",false,1,40.50,20.25,true,1,
6006507005023,false,קיגון לואיזיאנה 100 גרם CAPE HERBS,,,קיגון לואיזיאנה 100,גרמים,100.00,100 גרם,false,1,25.40,25.40,true,1,
6006507005795,false,טיקה טנדורי 100 גרם CAPE HERBS,,,טיקה טנדורי 100 גרם,גרמים,100.00,100 גרם,false,1,25.40,25.40,true,1,
6006507005887,false,"CAPE HERBS מטחנה מלח מתובל 240ג""ר",,,CAPE HERBS מטחנה מלח,גרמים,240.00,100 גרם,false,1,22.90,9.54,true,1,
6006507005924,false,"CAPE HERBS מטחנה מלח ופלפל 310ג""ר",,,CAPE HERBS מטחנה מלח,גרמים,310.00,100 גרם,false,1,22.90,7.39,true,1,
6006570000093,false,ציפוטלה 80 גרם CAPE HERBS,,,ציפוטלה 80 גרם CAPE,Unknown,0.00,Unknown,false,1,24.30,24.30,true,1,
6008165003984,false,פאל מאל כחול סטרים פילטר חפיסה,,,פאל מאל כחול סטרים פ,יחידה,1.00,יחידה,false,1,30.00,30.00,true,1,
6009645550738,false,FYNBOS רוטב פלפל צילי ושום חריף 130גר,,,FYNBOS רוטב פלפל ציל,גרמים,130.00,100 גרם,false,1,18.90,14.54,true,1,
6009645550745,false,FYNBOS רוטב פלפל הבנרו חריף 130גר,,,FYNBOS רוטב פלפל הב,גרמים,130.00,100 גרם,false,1,18.90,14.54,true,1,
6009645551902,false,FYNBOS רוטב פלפל ציפוטלה חריף 130 גר,,,FYNBOS רוטב פלפל ציפ,גרמים,130.00,100 גרם,false,1,18.90,14.54,true,1,
6009900532684,false,"יין קייפ גואל שרדונה ריזרב 750 מ""ל",,ZA,יין קייפ גואל שרדונה,Unknown,0.00,Unknown,false,1,48.90,48.90,true,1,
6009900532745,false,"יין קייפ גואל מרלו ריזרב 750 מ""ל",,ZA,יין קייפ גואל מרלו ר,Unknown,0.00,Unknown,false,1,48.90,48.90,true,1,
6009900532776,false,"יין קייפ גואל שנין בלאן ריזרב 750 מ""ל",,ZA,יין קייפ גואל שנין ב,Unknown,0.00,Unknown,false,1,48.90,48.90,true,1,
6009900532783,false,"יין גואל קברנה סוביניון ריזרב 750 מ""ל",,ZA,יין קייפ גואל קברנה,Unknown,0.00,Unknown,false,1,48.90,48.90,true,1,
6009900532790,false,יין קייפ גואל פינוטאז ריזרב 750 מ,,ZA,יין קייפ גואל פינוטא,Unknown,0.00,Unknown,false,1,48.90,48.90,true,1,
6111094000013,false,קוסקוס מרוקאי בינוני 1 קג,,,קוסקוס מרוקאי בינוני,גרמים,1000.00,100 גרם,false,1,19.50,1.95,true,1,
6111094000198,false,קוסקוס דארי דק 350 גרם,,,קוסקוס דארי דק 350 ג,גרמים,360.00,100 גרם,false,1,7.30,2.03,true,1,
6111094000259,false,"קוסקוס דארי בינוני 0.5 ק""ג",,,קוסקוס דארי בינוני 5,גרמים,500.00,100 גרם,false,1,9.90,1.98,true,1,
6411401072703,false,פייזר גיישה שוקו חלב קרם אגוזים 150 גרם,,FI,פייזר גיישה שוקולד ח,גרמים,150.00,100 גרם,false,1,27.90,18.60,true,1,
6908235694404,false,אוזניות מיקרופון אוניברסליות,,,אוזניות מיקרופון אונ,Unknown,0.00,Unknown,false,1,29.90,29.90,true,1,
6910191800287,false,אצות נורי בלו 10 דפים,,,אצות נורי בלו 10 דפי,Unknown,0.00,Unknown,false,1,13.90,13.90,true,1,
6912977000140,false,אטריות שעועית דקות 250 גרם,,,אטריות שעועית דקות 2,גרמים,250.00,100 גרם,false,1,9.90,3.96,true,1,
6920354822193,false,משחת שיניים קולגייט נטורל הדרים אקליפטוס,,BR,משחת שיניים קולגייט,מיליליטרים,68.00,"100 מ""ל",false,1,29.90,43.97,true,1,
6921052701001,false,אצות ווקאמה 40 גרם,,,אצות ווקאמה 40 גרם,גרמים,40.00,100 גרם,false,1,10.50,26.25,true,1,
6922276100083,false,מחית וואסבי - חזרת 43 גרם דליאן,,,מחית וואסבי - חזרת 4,גרמים,43.00,100 גרם,false,1,10.50,24.42,true,1,
6926832407074,false,חטיף אורז יפני 100 גרם,,,חטיף אורז יפני 100 ג,גרמים,100.00,100 גרם,false,1,8.00,8.00,true,1,
6928542903297,false,פרש דפי מנטה לימון צהוב 12 יח,,,פרש דפי מנטה לימון צ,Unknown,0.00,Unknown,false,1,8.90,8.90,true,1,
6933960500089,false,קנפיו 100 גרם-רצועות דלעת לסושי,,,קנפיו 100 גרם-רצועות,גרמים,100.00,100 גרם,false,1,13.50,13.50,true,1,
6934731200078,false,אטריות טריות דקות 200 גרם,,CN,אטריות טריות דקות 20,גרמים,200.00,100 גרם,false,1,8.30,4.15,true,1,
6934731210138,false,אטריות טריות עבות 200 גרם,,CN,אטריות טריות עבות 20,גרמים,200.00,100 גרם,false,1,8.30,4.15,true,1,
6936745600783,false,חומץ אורז מיצוקאן 500 מל,,,חומץ אורז מיצוקאן 50,מיליליטרים,500.00,"100 מ""ל",false,1,17.90,3.58,true,1,
6944027000428,false,תה סיני 250 גר,,,תה סיני 250 גר,גרמים,250.00,100 גרם,false,1,13.70,5.48,true,1,
6974640730167,false,פטריות שיטאקי 100 גרם,,,פטריות שיטאקי 100 גר,גרמים,100.00,100 גרם,false,1,15.90,15.90,true,1,
7271730901261,false,פסטה עם גבינה הכנה מהירה 156 גרם,,,פסטה עם גבינה הכנה מ,גרמים,156.00,100 גרם,false,1,11.80,7.56,true,1,
7290000000159,false,פלפל צבעוני,,,פלפל צבעוני,Unknown,0.00,Unknown,false,1,9.90,9.90,true,1,
7290000000374,false,פטריות,,,פטריות,Unknown,0.00,Unknown,false,1,12.90,12.90,true,1,
7290000000603,false,בצל ירוק,,,בצל ירוק,Unknown,0.00,Unknown,false,1,5.90,5.90,true,1,
7290000000608,false,חסה ערבית,,,חסה ערבית,Unknown,0.00,Unknown,false,1,5.90,5.90,true,1,
7290000000617,false,שורש -פטרוזילה,,,שורש -פטרוזילה,Unknown,0.00,Unknown,false,1,5.90,5.90,true,1,
7290000000626,false,ברוקולי,,,ברוקולי,Unknown,0.00,Unknown,false,1,14.90,14.90,true,1,
7290000000632,false,שום,,,שום ברשת,Unknown,0.00,Unknown,false,1,9.90,9.90,true,1,
7290000000636,false,תירס ארוז,,,תירס ארוז,Unknown,0.00,"ק""ג",true,0,14.90,14.90,true,1,
7290000000641,false,אננס טרי,,,אננס טרי,Unknown,0.00,Unknown,false,1,44.90,44.90,true,1,
7290000000669,false,חסה עגולה,,,חסה עגולה,Unknown,0.00,Unknown,false,1,5.90,5.90,true,1,
7290000000673,false,ירק,,,ירק,Unknown,0.00,Unknown,false,1,5.90,5.90,true,1,
7290000000695,false,אספרגוס,,,אספרגוס,Unknown,0.00,Unknown,false,1,39.90,39.90,true,1,
7290000000707,false,פטל,,,פטל,Unknown,0.00,Unknown,false,1,29.90,29.90,true,1,
7290000000733,false,"תפו""א למיקרו",,,תפוא למיקרו,Unknown,0.00,Unknown,false,1,5.10,5.10,true,1,
7290000000751,false,שום ברשת,,,שום ברשת,Unknown,0.00,Unknown,false,1,9.90,9.90,true,1,
7290000000831,false,בצלי פנינה,,,בצלי פנינה,Unknown,0.00,Unknown,false,1,13.90,13.90,true,1,
7290000001104,false,פטריות פרטובלה,,,פטריות פרטובלה,Unknown,0.00,Unknown,false,1,14.90,14.90,true,1,
7290000023007,false,"ברנד שטוק 84 750 מ""ל",,,"ברנד שטוק 84 750 מ""",מיליליטרים,750.00,"100 מ""ל",false,1,84.90,11.32,true,1,
7290000023083,false,"ערק אשקלון 40% 700 מ""ל",,,ערק אשקלון 40% 700 מ,מיליליטרים,700.00,"100 מ""ל",false,1,54.90,7.84,true,1,
7290000023809,false,יין קברנה סובניון קלאסיק 750 מל,,,יין קברנה סובניון קל,Unknown,0.00,Unknown,false,1,35.90,35.90,true,1,
7290000023816,false,יין אמרלד ריזלינג קלאסיק,,,יין אמרלד ריזלינג קל,Unknown,0.00,Unknown,false,1,35.90,35.90,true,1,
7290000023823,false,יין סוביניון בלאן קלסיק 750 מל,,,יין סוביניון בלאן קל,Unknown,0.00,Unknown,false,1,35.90,35.90,true,1,
7290000023830,false,יין קלאסיק שיראז רוזה 750 מל,,,יין קלאסיק שיראז רוז,Unknown,0.00,Unknown,false,1,35.90,35.90,true,1,
7290000023977,false,יין קלאסיק מרלו 750 מל,,,יין קלאסיק מרלו 750,Unknown,0.00,Unknown,false,1,35.90,35.90,true,1,
7290000036144,false,קורנפלור גלעם 200 גרם,,,קורנפלור גלעם 200 גר,גרמים,200.00,100 גרם,false,1,6.00,3.00,true,1,
7290000036151,false,קורנפלור 500 גרם,,,קורנפלור 500 גרם,גרמים,500.00,100 גרם,false,1,10.10,2.02,true,1,
7290000040042,false,יופלה תות 3% 150 גר,,,יופלה תות 3% 150 גרם,גרמים,150.00,100 גרם,false,1,5.40,3.60,true,1,
7290000040080,false,יופלה אפרסק 3% 150 גר,,,יופלה אפרסק 3% 150 ג,גרמים,150.00,100 גרם,false,1,5.40,3.60,true,1,
7290000040301,false,קולאז קממבר עין גדי 125 גרם,,,קולאז קממבר עין גדי,גרמים,125.00,100 גרם,false,1,20.90,16.72,true,1,
7290000040318,false,קולאז ברי בחפיסה 125 גרם,,,קולאז ברי בחפיסה 125,גרמים,125.00,100 גרם,false,1,20.90,16.72,true,1,
7290000040974,false,חלב טרי דל לקטוז 1 ל,,,חלב טרי דל לקטוז 1 ל,מיליליטרים,1000.00,"100 מ""ל",false,1,7.20,0.72,true,1,
7290000041858,false,"שמנת חמוצה 15% 200 מ""ל",,,שמנת חמוצה 15% 200 מ,מיליליטרים,200.00,"100 מ""ל",false,1,2.90,1.45,true,1,
7290000042435,false,חלב דל שומן בקרטון+פקק 1 ליטר 1%,,,חלב דל שומן בקרטון,מיליליטרים,1000.00,"100 מ""ל",false,1,5.86,0.59,true,1,
7290000042640,false,"חלב עמיד 3% 250 מ""ל",,,"חלב עמיד 3% 250 מ""ל",מיליליטרים,250.00,"100 מ""ל",false,1,2.90,1.16,true,1,
7290000043012,false,"שוקו עמיד 250 מ""ל",,,"שוקו עמיד 250 מ""ל",מיליליטרים,250.00,"100 מ""ל",false,1,5.40,2.16,true,1,
7290000043111,false,חמאה 200 גרם,,,חמאה 200 גרם,גרמים,200.00,100 גרם,false,1,7.80,3.90,true,1,
7290000043814,false,"שמנת עמידה להקצפה 38% 250 מ""ל",,,שמנת עמידה להקצפה 38,גרמים,250.00,100 גרם,false,1,6.47,2.59,true,1,
7290000043890,false,רויון 1.5% 1 ליטר,,,רויון 1.5% 1 ליטר,מיליליטרים,1000.00,"100 מ""ל",false,1,11.30,1.13,true,1,
7290000044712,false,פרילי תות 500 גרם,,,פרילי תות 500 גרם,גרמים,500.00,100 גרם,false,1,11.70,2.34,true,1,
7290000044880,false,"באדי תות 3% 500 מ""ל",,,"באדי תות 3% 500 מ""ל",גרמים,500.00,100 גרם,false,1,10.00,2.00,true,1,
7290000045580,false,גבינה מותכת חורש 240 גרם,,,גבינה מותכת חורש 240,גרמים,240.00,100 גרם,false,1,18.20,7.58,true,1,
7290000045917,false,קולאז עיזים פרומעז גליל 200 גרם,,,קולאז עיזים פרומעז ג,גרמים,200.00,100 גרם,false,1,28.20,14.10,true,1,
7290000046327,false,גבינת גלבוע פרוס 200 גרם,,,גבינת גלבוע פרוס 200,גרמים,200.00,100 גרם,false,1,14.50,7.25,true,1,
7290000047546,false,גבינת כנען 5% 500 גרם,,,גבינת כנען 5% 500 גר,גרמים,500.00,100 גרם,false,1,26.10,5.22,true,1,
7290000047942,false,גבינה לבנה 5% 250 גר בדצ,,,גבינה לבנה 5% 250 גר,גרמים,250.00,100 גרם,false,1,4.98,1.99,true,1,
7290000048185,false,גבינה לבנה 5% 250 גר,,,גבינה לבנה 5% 250 גר,גרמים,250.00,100 גרם,false,1,4.98,1.99,true,1,
7290000048192,false,גבינה למריחה 9% 250 גרם,,,גבינה למריחה 9% 250,גרמים,250.00,100 גרם,false,1,4.98,1.99,true,1,
7290000048413,false,גבינה חמד פיראוס 250 גרם,,,גבינה חמד פיראוס 250,גרמים,250.00,100 גרם,false,1,19.10,7.64,true,1,
7290000048437,false,צפתית פיראוס 5% 200 גרם,,,צפתית פיראוס 5% 200,גרמים,200.00,100 גרם,false,1,16.10,8.05,true,1,
7290000049458,false,פיראוס פטה עיזים 16% 250 גרם,,,פיראוס פטה עיזים 16%,גרמים,250.00,100 גרם,false,1,29.30,11.72,true,1,
7290000050447,false,יופלה תות 3% 500גר,,,יופלה תות 3% 500גר,גרמים,500.00,100 גרם,false,1,14.90,2.98,true,1,
7290000050454,false,יופלה אפרסק 3% 500 גר,,,יופלה אפרסק 3% 500 ג,גרמים,500.00,100 גרם,false,1,14.90,2.98,true,1,
7290000051352,false,חלב של פעם 3.5% 1 ל,,,חלב של פעם 3.5% 1 ל,מיליליטרים,1000.00,"100 מ""ל",false,1,8.30,0.83,true,1,
7290000051376,false,יופלה דיאט אננס ספורטיבי 0% 150גר,,,יופלה דיאט אננס ספור,גרמים,150.00,100 גרם,false,1,5.40,3.60,true,1,
7290000051710,false,פיראוס לאבנה עם שמן זית וזעתר 260גר,,,פיראוס לאבנה עם שמן,גרמים,260.00,100 גרם,false,1,14.60,5.62,true,1,
7290000052311,false,עמק פרוס בקופסא 200 גר 15% שומן,,,עמק פרוס בקופסא 200,גרמים,200.00,100 גרם,false,1,16.40,8.20,true,1,
7290000055015,false,פיראוס פטה כבשים 5% 250 גר,,,פיראוס פטה כבשים 5%,גרמים,250.00,100 גרם,false,1,28.50,11.40,true,1,
7290000055329,false,משקה יוגורט יופלה בטעם תות-מלון 250 גר,,,משקה יוגורט יופלה בט,גרמים,250.00,100 גרם,false,1,5.70,2.28,true,1,
7290000055336,false,משקה יוגורט יופלה בטעם בננה אפרסק 250 גר,,,משקה יוגורט יופלה בט,גרמים,250.00,100 גרם,false,1,5.70,2.28,true,1,
7290000055343,false,משקה יוגורט יופלה בטעם טרופי 250 גר,,,משקה יוגורט יופלה בט,גרמים,250.00,100 גרם,false,1,5.70,2.28,true,1,
7290000055350,false,גבינה צהובה חריץ עמק 28% במשקל,,,גבינה צהובה עמק 28%,Unknown,0.00,"ק""ג",true,0,44.79,44.79,true,1,
7290000055893,false,חמאה מהדרין 200 גר,,,חמאה מהדרין 200 גר,גרמים,200.00,100 גרם,false,1,7.80,3.90,true,1,
7290000056845,false,חלב קרטון 3% תנובה 1.5 ליטר,,,חלב קרטון 3% תנובה,ליטרים,0.00,ליטר,false,1,9.34,9.34,true,1,
7290000056890,false,שמיניית יופלה 0% 150 גר,,,שמיניית יופלה 0% 150,קילוגרמים,0.00,"ק""ג",false,1,31.90,31.90,true,1,
7290000056906,false,שמיניית יופלה לבן טבעי 1.5%,,,שמיניית יופלה לבן,גרמים,1200.00,100 גרם,false,1,20.30,1.69,true,1,
7290000057088,false,עמק דק 200 גרם,,,עמק דק 200 גרם,גרמים,200.00,100 גרם,false,1,16.40,8.20,true,1,
7290000057118,false,גבינה סמי 28% 400 גרם,,,גבינה סמי 28% 400 גר,גרמים,400.00,100 גרם,false,1,23.50,5.88,true,1,
7290000057132,false,יוגורט 1.5% 200 גרם,,,יוגורט 1.5% 200 גרם,גרמים,200.00,100 גרם,false,1,3.30,1.65,true,1,
7290000057552,false,דיאט יופלה ע.גבינה תות 0% 150גר,,,דיאט יופלה ע.גבינה,גרמים,150.00,100 גרם,false,1,5.40,3.60,true,1,
7290000058047,false,"שמנת 38% עם פקק 500 מ""ל",,IL,שמנת 38% עם פקק 500,מיליליטרים,500.00,"100 מ""ל",false,1,12.94,2.59,true,1,
7290000060071,false,פריכונים מאורז מלא מלוח עדין 80 גרם,,,פריכונים טבעי 80 גר,גרמים,80.00,100 גרם,false,1,8.20,10.25,true,1,
7290000060088,false,בייגלה מקלות מלוחים 400 גרם,,,בייגלה מקלות מלוחים,גרמים,400.00,100 גרם,false,1,11.90,2.98,true,1,
7290000060200,false,פתיתים אפויים קוסקוס 500 גרם,,,פתיתים אפויים קוסקוס,גרמים,500.00,100 גרם,false,1,7.90,1.58,true,1,
7290000060217,false,פסטה מקרוני מס 7 500 גר,,,פסטה מקרוני מס 7 500,גרמים,500.00,100 גרם,false,1,6.50,1.30,true,1,
7290000060316,false,פסטה ספגטי פרפקטו 500 גרם,,,פסטה ספגטי פרפקטו 50,גרמים,500.00,100 גרם,false,1,8.30,1.66,true,1,
7290000060323,false,פסטה פרפקטו ספגטיני (2) 500 גרם,,,פסטה פרפקטו ספגטיני,גרמים,500.00,100 גרם,false,1,8.30,1.66,true,1,
7290000060408,false,פתיתים אפויים טבעות 500 גרם,,,פתיתים אפויים טבעות,גרמים,500.00,100 גרם,false,1,7.90,1.58,true,1,
7290000060415,false,פרפקטו לזניה 500 גרם,,,פרפקטו לזניה 500 גרם,גרמים,500.00,100 גרם,false,1,16.90,3.38,true,1,
7290000060576,false,פתיתים אפויים כוכבים 500 גרם,,,פתיתים אפויים כוכבים,גרמים,500.00,100 גרם,false,1,7.90,1.58,true,1,
7290000060781,false,פסטה מסולסלים (57) 500 גרם,,,פסטה מסולסלים (57) 5,גרמים,500.00,100 גרם,false,1,6.50,1.30,true,1,
7290000060811,false,אקסטרים מטבע ענק 120 גרם,,,אקסטרים מטבע ענק 120,גרמים,120.00,100 גרם,false,1,11.00,9.17,true,1,
7290000060828,false,פסטה קרניים בינוניות (55) 500 גרם,,,פסטה קרניים בינוניות,גרמים,500.00,100 גרם,false,1,6.50,1.30,true,1,
7290000060842,false,פסטה צדפים גדולים (56) 500 גרם,,,פסטה צדפים גדולים (5,גרמים,500.00,100 גרם,false,1,6.50,1.30,true,1,
7290000060859,false,פסטה צדפים קטנים (24) 500 גרם,,,פסטה צדפים קטנים (24,גרמים,500.00,100 גרם,false,1,6.50,1.30,true,1,
7290000060880,false,ספגטי (3) 500 גרם,,,ספגטי (3) 500 גרם,גרמים,500.00,100 גרם,false,1,6.50,1.30,true,1,
7290000060903,false,פתיתים אפויים אורז 500 גרם,,,פתיתים אפויים אורז 5,גרמים,500.00,100 גרם,false,1,7.90,1.58,true,1,
7290000060958,false,אטריות בינוניות 400 גרם,,,אטריות בינוניות 400,גרמים,400.00,100 גרם,false,1,7.90,1.98,true,1,
7290000060965,false,אטריות רחבות 400 גרם,,,אטריות רחבות 400 גר,גרמים,400.00,100 גרם,false,1,7.90,1.98,true,1,
7290000061061,false,קרקר בצל 250 גרם,,,קרקר בצל 250 גרם,גרמים,250.00,100 גרם,false,1,11.90,4.76,true,1,
7290000061085,false,"רוטב צילי מתוק 290 מ""ל-בקבוק",,,רוטב צילי מתוק 290 מ,מיליליטרים,290.00,"100 מ""ל",false,1,13.90,4.79,true,1,
7290000061108,false,"רוטב טריאקי 290 מ""ל-בקבוק",,,"רוטב טריאקי 290 מ""ל-",מיליליטרים,290.00,"100 מ""ל",false,1,13.90,4.79,true,1,
7290000061450,false,פתיתים קוסקוס 3 צבעים 500 גר,,,פתיתים קוסקוס 3 צבעי,גרמים,500.00,100 גרם,false,1,7.90,1.58,true,1,
7290000061764,false,נסקפה רד מאג 200 גרם,,,נס קפה רד מאג 200 גר,גרמים,200.00,100 גרם,false,1,23.90,11.95,true,1,
7290000062952,false,מיני קרוטונים למרק וסלט 250 גר,,,מיני קרוטונים למרק ו,גרמים,250.00,100 גרם,false,1,16.90,6.76,true,1,
7290000063102,false,קמח עוגה תופח מאליו 350 גרם,,,קמח עוגה תופח מאליו,גרמים,350.00,100 גרם,false,1,5.90,1.69,true,1,
7290000063133,false,שקדי מרק 100 גרם -טבעי,,,שקדי מרק 100 גרם -טב,גרמים,100.00,100 גרם,false,1,6.50,6.50,true,1,
7290000063157,false,"קמח עוגה תופח מאליו 1 ק""ג",,,קמח עוגה תופח מאליו,גרמים,1000.00,100 גרם,false,1,10.30,1.03,true,1,
7290000064758,false,קוסקוס אמיתי בשקית 350 גרם,,,קוסקוס אמיתי בשקית 3,גרמים,350.00,100 גרם,false,1,8.90,2.54,true,1,
7290000064871,false,"מנה חמה פירה תפו""א ובצל 56 גרם",,,"מנה חמה פירה תפו""א ו",גרמים,56.00,100 גרם,false,1,8.80,15.71,true,1,
7290000065090,false,מיני קרוטונים למרק וסלט 400 גרם,,,מיני קרוטונים למרק ו,גרמים,400.00,100 גרם,false,1,26.50,6.63,true,1,
7290000065328,false,חלה מתוקה שאשא,,,חלה מתוקה שאשא,Unknown,0.00,Unknown,false,1,17.90,17.90,true,1,
7290000065335,false,"מנה חמה פירה תפו""א עם ירקות 55 גרם",,,"מנה חמה פירה תפו""א",גרמים,55.00,100 גרם,false,1,8.80,16.00,true,1,
7290000065540,false,מנה חמה פסטה מוקרמת 55 גרם,,,מנה חמה פסטה מוקרמת,גרמים,55.00,100 גרם,false,1,8.80,16.00,true,1,
7290000065557,false,מנה חמה קוסקוס עם ירקות 62 גר,,,מנה חמה קוסקוס עם יר,גרמים,62.00,100 גרם,false,1,8.80,14.19,true,1,
7290000065977,false,אסם חטיפי פריכונים תירס כלפ 80 גרם,,IL,אסם חטיפי פריכונים ת,גרמים,80.00,100 גרם,false,1,8.20,10.25,true,1,
7290000066141,false,ביסלי בטעם גריל 70 גרם,,,ביסלי בטעם גריל 70 ג,גרמים,70.00,100 גרם,false,1,4.50,6.43,true,1,
7290000066189,false,ביסלי בטעם פלאפל 200 גרם,,,ביסלי בטעם פלאפל 200,גרמים,200.00,100 גרם,false,1,7.90,3.95,true,1,
7290000066196,false,ביסלי בטעם גריל 200 גרם,,,ביסלי בטעם גריל 200,גרמים,200.00,100 גרם,false,1,7.90,3.95,true,1,
7290000066226,false,ביסלי בטעם פיצה 200 גרם,,,ביסלי בטעם פיצה 200,גרמים,200.00,100 גרם,false,1,7.90,3.95,true,1,
7290000066318,false,במבה 80 גרם,,,במבה 80 גרם,גרמים,80.00,100 גרם,false,1,4.90,6.13,true,1,
7290000066332,false,חטיף אפרופו 50 גרם,,,חטיף אפרופו 50 גרם,גרמים,50.00,100 גרם,false,1,5.90,11.80,true,1,
7290000066349,false,חטיף אפרופו 100 גרם,,,חטיף אפרופו 100 גרם,גרמים,100.00,100 גרם,false,1,9.90,9.90,true,1,
7290000067407,false,פרורית מתובלת בשקית 200 גרם,,,פרורית מתובלת בשקית,גרמים,200.00,100 גרם,false,1,7.50,3.75,true,1,
7290000067544,false,פירורית זהב 200 גרם,,,פירורית זהב 200 גרם,גרמים,200.00,100 גרם,false,1,7.50,3.75,true,1,
7290000067599,false,מנה חמה ספגטי בולונז 65 גרם,,,מנה חמה ספגטי בולונז,גרמים,65.00,100 גרם,false,1,8.80,13.54,true,1,
7290000068138,false,פודינג אינסטנט בטעם וניל,,,פודינג אינסטנט בטעם,גרמים,80.00,100 גרם,false,1,5.90,7.38,true,1,
7290000068190,false,גלי בזק בטעם תות שדה,,,גלי בזק בטעם תות שדה,גרמים,85.00,100 גרם,false,1,8.30,9.76,true,1,
7290000068343,false,פריכונים מאורז מלא 140 גרם,,,פריכונים מאורז מלא 1,גרמים,140.00,100 גרם,false,1,8.90,6.36,true,1,
7290000068701,false,שקדי מרק רכיבים טבעיים 400 גרם-מיכל,,,שקדי מרק רכיבים טבעי,גרמים,400.00,100 גרם,false,1,17.90,4.48,true,1,
7290000068770,false,במבה יום הולדת 80 גרם,,,במבה יום הולדת 80 גר,גרמים,80.00,100 גרם,false,1,4.90,6.13,true,1,
7290000069258,false,פסטה פרפקטו פנה ריגטה 500 גרם,,,פסטה פרפקטו פנה ריגט,גרמים,500.00,100 גרם,false,1,8.30,1.66,true,1,
7290000069364,false,פריכונים מאורז מלא ללא מלח וסוכר 140 גר,,,פריכונים מאורז מלא ל,גרמים,140.00,100 גרם,false,1,8.90,6.36,true,1,
7290000069609,false,חטיפי קרקר זעתר 300 גרם,,,חטיפי קרקר זעתר 300,גרמים,300.00,100 גרם,false,1,14.60,4.87,true,1,
7290000069715,false,חטיפי קרקר מלוח 300 גרם,,,חטיפי קרקר מלוח 300,גרמים,300.00,100 גרם,false,1,14.60,4.87,true,1,
7290000070308,false,אבקת מרק עוף אמיתי 400 גרם-מיכל,,,אבקת מרק עוף אמיתי,גרמים,400.00,100 גרם,false,1,21.70,5.43,true,1,
7290000070353,false,אבקת מרק בצל 400 גרם-מיכל,,,אבקת מרק בצל 400 גרם,גרמים,400.00,100 גרם,false,1,28.90,7.23,true,1,
7290000072241,false,"רוטב פיצה 290 מ""ל-בקבוק",,,"רוטב פיצה 290 מ""ל-בק",מיליליטרים,290.00,"100 מ""ל",false,1,13.90,4.79,true,1,
7290000072623,false,קטשופ אסם בקבוק לחיץ 750 גרם,,,קטשופ אסם בקבוק לחיץ,גרמים,750.00,100 גרם,false,1,11.90,1.59,true,1,
7290000072753,false,נסקפה טייסטרס צויס 200 גר,,,נסקפה טייסטרס צויס,גרמים,200.00,100 גרם,false,1,32.90,16.45,true,1,
7290000072760,false,נסקפה טייסטרס צויס 100 גר אוריגנל,,,נסקפה טייסטרס צויס,גרמים,100.00,100 גרם,false,1,28.20,28.20,true,1,
7290000072777,false,נסקפה טייסטרס צויס 200 גרם נטול,,,נסקפה טייסטרס צויס,גרמים,200.00,100 גרם,false,1,39.90,19.95,true,1,
7290000072784,false,נסקפה טייסטרס צויס 100 ג.נטול,,,נסקפה טייסטרס צויס,גרמים,100.00,100 גרם,false,1,31.50,31.50,true,1,
7290000072968,false,דגנים סיני מיניס מלחמת הכוכבים 500 גרם,,,דגנים סיני מיניס מלח,גרמים,375.00,100 גרם,false,1,28.90,7.71,true,1,
7290000073125,false,מנה חמה פסטה עם עגבניות 62 גר,,,מנה חמה פסטה עם עגבנ,גרמים,62.00,100 גרם,false,1,8.80,14.19,true,1,
7290000073415,false,מנה חמה פסטה ברוטב פיצה 61 גרם,,,מנה חמה פסטה ברוטב פ,גרמים,61.00,100 גרם,false,1,8.80,14.43,true,1,
7290000073750,false,מנה חמה נודלס אטר+ירקות טעם עוף 70 גרם,,,מנה חמה נודלס אטר+יר,גרמים,70.00,100 גרם,false,1,6.90,9.86,true,1,
7290000073767,false,מנה חמה נודלס אטר.+ירקות טעם בקר 70 גרם,,,מנה חמה נודלס אטר.+י,גרמים,70.00,100 גרם,false,1,6.90,9.86,true,1,
7290000073774,false,מנה חמה נודלס אטר+ירקות טעם צילי 70 גרם,,,מנה חמה נודלס אטר+יר,גרמים,70.00,100 גרם,false,1,6.90,9.86,true,1,
7290000074153,false,פתי בר שוקו 500 גרם,,,פתי בר שוקו 500 גרם,גרמים,500.00,100 גרם,false,1,14.90,2.98,true,1,
7290000074184,false,פתי בר וניל 500 גרם,,,פתי בר וניל 500 גרם,גרמים,500.00,100 גרם,false,1,12.00,2.40,true,1,
7290000074245,false,קרם קרקר 250 גרם,,,קרם קרקר 250 גרם,גרמים,250.00,100 גרם,false,1,11.60,4.64,true,1,
7290000074252,false,קרקר שומשום 250 גרם,,,קרקר שומשום 250 גרם,גרמים,250.00,100 גרם,false,1,11.20,4.48,true,1,
7290000074276,false,קרקר קלאסי 250 גרם אסם,,IL,קרקר קלאסי 250 גרם א,גרמים,250.00,100 גרם,false,1,11.90,4.76,true,1,
7290000074375,false,קרקר זהב 150 גרם,,,קרקר זהב 150 גרם,גרמים,150.00,100 גרם,false,1,8.50,5.67,true,1,
7290000074481,false,לחמית אגוזים 160 גרם,,,לחמית כפרית 190 גרם,גרמים,160.00,100 גרם,false,1,11.90,7.44,true,1,
7290000075204,false,לחמית חיטה מלאה 250 גרם,,,לחמית חיטה מלאה 250,גרמים,250.00,100 גרם,false,1,11.00,4.40,true,1,
7290000075693,false,עוגת שמרים שוקולד 360 ג,,,עוגת שמרים שוקולד 36,גרמים,360.00,100 גרם,false,1,18.90,5.25,true,1,
7290000076126,false,בייגלה שמיניות קטנות 80 גרם,,,בייגלה שמיניות קטנות,גרמים,80.00,100 גרם,false,1,3.90,4.88,true,1,
7290000076133,false,בייגלה שמיניות קטנות 400 גרם,,,בייגלה שמיניות קטנות,גרמים,400.00,100 גרם,false,1,11.90,2.98,true,1,
7290000076645,false,טוסטעים חיטה מלאה 100 גרם,,,טוסטעים חיטה מלאה 10,גרמים,100.00,100 גרם,false,1,11.90,11.90,true,1,
7290000077253,false,לחמית כפרית 190 גרם,,,לחמית כפרית 190 גרם,גרמים,190.00,100 גרם,false,1,11.90,6.26,true,1,
7290000078212,false,קרוטונים מתובלים 250 גרם,,,קרוטונים מתובלים 250,גרמים,250.00,100 גרם,false,1,15.90,6.36,true,1,
7290000079233,false,קרם קרקר דיאטטי דל נתרן 250 גרם,,,קרם קרקר דיאטטי דל נ,גרמים,250.00,100 גרם,false,1,13.50,5.40,true,1,
7290000080758,false,טוסטעים פת קלויה 100 גרם,,,טוסטעים פת קלויה 100,גרמים,100.00,100 גרם,false,1,11.90,11.90,true,1,
7290000080765,false,טוסטעים פת קלויה שומשום 100 גרם,,,טוסטעים פת קלויה שומ,גרמים,100.00,100 גרם,false,1,11.90,11.90,true,1,
7290000081663,false,בייגלה טבעות עם שומשום 300 גרם,,,בייגלה טבעות עם שומש,גרמים,300.00,100 גרם,false,1,11.90,3.97,true,1,
7290000100128,false,תות קפוא סנפרוסט 300 גרם,,IL,תות קפוא סנפרוסט 300,גרמים,300.00,100 גרם,false,1,19.90,6.63,true,1,
7290000100135,false,פירות קפואים סנפרוסט דובדבן 300 גר,,IL,פירות קפואים דובדבן,גרמים,300.00,100 גרם,false,1,20.90,6.97,true,1,
7290000100609,false,קוביות אנטיפסטי להקפצה 600 גרם,,IL,קוביות אנטיפסטי להקפ,גרמים,600.00,100 גרם,false,0,28.20,4.70,true,1,
7290000101927,false,אוכמניות כחולות מוקפאות סנפרוסט 300 גרם,,,אוכמניות כחולות מוקפ,גרמים,300.00,100 גרם,false,1,19.90,6.63,true,1,
7290000101934,false,מיקס פירות יער מוקפא סנפרוסט 300 גרם,,,מיקס פירות יער מוקפא,גרמים,300.00,100 גרם,false,1,19.90,6.63,true,1,
7290000101941,false,אננס מוקפא סנפרוסט 300 גרם,,,אננס מוקפא סנפרוסט,גרמים,300.00,100 גרם,false,1,19.90,6.63,true,1,
7290000101958,false,מנגו מוקפא סנפרוסט 300 גרם,,,מנגו מוקפא סנפרוסט,גרמים,300.00,100 גרם,false,1,19.90,6.63,true,1,
7290000103365,false,מרק ירקות 560 גרם,,,מרק ירקות 560 גרם,גרמים,560.00,100 גרם,false,1,19.90,3.55,true,1,
7290000103730,false,לקט להקפצה עם פסטה פוזילי סנפרוסט 800 גרם,,,לקט להקפצה עם פסטה פ,גרמים,800.00,100 גרם,false,1,27.20,3.40,true,1,
7290000103815,false,לקט להקפצה בסגנון תאילנדי 800 גר,,,לקט להקפצה בסגנון תא,גרמים,800.00,100 גרם,false,1,26.40,3.30,true,1,
7290000103839,false,מרק כתום 572 גרם,,,מרק כתום 572 גרם,גרמים,572.00,100 גרם,false,1,19.90,3.48,true,1,
7290000103846,false,מרק אפונה 572 גרם,,,מרק אפונה 572 גרם,גרמים,572.00,100 גרם,false,1,19.90,3.48,true,1,
7290000103877,false,מרק שעועית 644 גרם,,,מרק שעועית 644 גרם,גרמים,644.00,100 גרם,false,1,19.90,3.09,true,1,
7290000104072,false,עדשים ירוקים מבושלים סנפרוסט 800 גר,,,עדשים ירוקים מבושלים,גרמים,800.00,100 גרם,false,1,23.50,2.94,true,1,
7290000104201,false,אפונה עדינה 600 גר סנפרוסט,,,אפונה עדינה 600 גר,גרמים,600.00,100 גרם,false,1,19.90,3.32,true,1,
7290000104218,false,במיה 600 גר סנפרוסט,,,במיה 600 גר סנפרוסט,גרמים,600.00,100 גרם,false,1,20.50,3.42,true,1,
7290000104225,false,בצל קצוץ 600 גרם סנפרוסט,,,בצל קצוץ 600 גרם,גרמים,600.00,100 גרם,false,1,20.50,3.42,true,1,
7290000104676,false,אפונת גינה 800 גרם-סנפרוסט,,,אפונת גינה 800 גרם,גרמים,800.00,100 גרם,false,1,19.90,2.49,true,1,
7290000104683,false,שעועית ירוקה שלמה 800 גר סנפרוסט,,,שעועית ירוקה שלמה,גרמים,800.00,100 גרם,false,1,22.90,2.86,true,1,
7290000104690,false,תירס גרעינים 800 גרם סנפרוסט,,,תירס גרעינים 800 גרם,גרמים,800.00,100 גרם,false,1,19.90,2.49,true,1,
7290000104720,false,שעועית ירוקה חתוכה 800גר סנפרוסט,,,שעועית ירוקה חתוכה 8,גרמים,800.00,100 גרם,false,1,20.90,2.61,true,1,
7290000104744,false,כרובית 800 גר סנפרוסט,,,כרובית 800גר סנפרוסט,גרמים,800.00,100 גרם,false,1,28.50,3.56,true,1,
7290000104775,false,מדליוני תרד 800 גר סנפרוסט,,,מדליוני תרד סנפרוסט,גרמים,800.00,100 גרם,false,1,28.90,3.61,true,1,
7290000104799,false,שעועית לבנה 800 גר סנפרוסט,,,שעועית לבנה 800 גרם,גרמים,800.00,100 גרם,false,1,21.70,2.71,true,1,
7290000104805,false,חומוס קפוא סנפרוסט 800 גרם,,,חומוס קפוא סנפרוסט,גרמים,800.00,100 גרם,false,1,19.90,2.49,true,1,
7290000104829,false,"קלחוני תירס 1 ק""ג סנפרוסט",,,"קלחוני תירס 1 ק""ג סנ",גרמים,1000.00,100 גרם,false,1,22.90,2.29,true,1,
7290000104874,false,לקט לקוסקוס 800גר סנפרוסט,,,לקט לקוסקוס 800גר סנ,גרמים,800.00,100 גרם,false,1,24.90,3.11,true,1,
7290000104881,false,אפונה וגזר 800גר סנפרוסט,,,אפונה וגזר 800 גר,גרמים,800.00,100 גרם,false,1,18.90,2.36,true,1,
7290000104911,false,לקט נורמנדי 800 גר סנפרוסט,,,לקט נורמנדי 800 גרם,גרמים,800.00,100 גרם,false,1,24.90,3.11,true,1,
7290000107189,false,תחתיות ארטישוק 400 גרם סנפרוסט,,,תחתיות ארטישוק 400 ג,גרמים,400.00,100 גרם,false,1,22.90,5.73,true,1,
7290000107295,false,ברוקולי 800 גרם סנפרוסט,,,ברוקולי 800 גרם סנפר,גרמים,800.00,100 גרם,false,1,28.90,3.61,true,1,
7290000107615,false,מנה אסייטית צבעונית ועשירה סנפרוסט 800גר,,IL,מנה אסייטית צבעונית,גרמים,800.00,100 גרם,false,1,25.90,3.24,true,1,
7290000110851,false,"כפלי בצל בד""צ 70 גרם",,,"כפלי בצל בד""צ 70 גרם",גרמים,70.00,100 גרם,false,1,6.90,9.86,true,1,
7290000111000,false,שתיה קרה בודד,,,שתיה קרה בודד,Unknown,0.00,Unknown,false,1,1.00,1.00,true,1,
7290000111117,false,בדין לבן 4 ליטר -לבן,,,בדין לבן 4 ליטר -לבן,ליטרים,0.00,ליטר,false,1,21.90,21.90,true,1,
7290000111186,false,מיונז תלמה 500 גרם-צנצנת,,,מיונז תלמה 500 גרם-צ,גרמים,500.00,100 גרם,false,1,10.40,2.08,true,1,
7290000111353,false,מיונז 1 קג-צנצנת,,,"מיונז 1 ק""ג-צנצנת",גרמים,1000.00,100 גרם,false,1,18.90,1.89,true,1,
7290000111360,false,חרדל תלמה 250 גרם-צנצנת,,,חרדל תלמה 250 גרם-צנ,גרמים,250.00,100 גרם,false,1,7.50,3.00,true,1,
7290000111384,false,חרדל תלמה 550 גרם-צנצנת,,,חרדל תלמה 550 גרם-צנ,גרמים,550.00,100 גרם,false,1,10.90,1.98,true,1,
7290000112220,false,טחינה 500 גר בארכה,,,טחינה 500 גר בארכה,גרמים,500.00,100 גרם,false,1,15.90,3.18,true,1,
7290000112497,false,מרק עשיר עוף אטריות קנור 75 גרם - שקיות,,,מרק עשיר עוף אטריות,גרמים,75.00,100 גרם,false,1,13.90,18.53,true,1,
7290000112503,false,מרק עשיר ירקות קנור 69 גרם - שקיות,,,מרק עשיר ירקות קנור,גרמים,69.00,100 גרם,false,1,13.90,20.14,true,1,
7290000112619,false,אבקת מרק עוף קנור 400 גרם-צנצנת,,,אבקת מרק עוף קנור,גרמים,400.00,100 גרם,false,1,22.90,5.73,true,1,
7290000116884,false,רוטב קנור ברביקיו 300 גר,,,רוטב קנור ברביקיו,גרמים,300.00,100 גרם,false,1,12.50,4.17,true,1,
7290000116921,false,"רוטב קנור צילי מתוק 300 מ""ל",,,רוטב קנור צילי מתוק,מיליליטרים,300.00,"100 מ""ל",false,1,12.50,4.17,true,1,
7290000117171,false,מרק טעם עוף דל קלוריות 48 גרם-קופסא,,,מרק טעם עוף דל קלורי,גרמים,48.00,100 גרם,false,1,9.10,18.96,true,1,
7290000117720,false,מרק נמס בכוס פטריות 43 גרם- קנור,,,מרק נמס בכוס פטריות,גרמים,43.00,100 גרם,false,1,7.90,18.37,true,1,
7290000118277,false,קניידלך 130 גרם-קופסא,,,קניידלך 130 גרם-קופ,גרמים,130.00,100 גרם,false,1,12.00,9.23,true,1,
7290000120836,false,מיונז הלמנס 394 גרם,,,מיונז הלמנס 394 גרם,גרמים,433.00,100 גרם,false,1,12.80,2.96,true,1,
7290000120874,false,מיונז הלמנס לייט 424 גרם,,,מיונז הלמנס לייט 424,גרמים,476.00,100 גרם,false,1,12.80,2.69,true,1,
7290000121093,false,גבינה מון בלאן שוצרית 120 גרם,,,מון בלאן שוצרית 120,גרמים,120.00,100 גרם,false,1,13.90,11.58,true,1,
7290000121154,false,מון בלאן סלמון 120 גר,,,מון בלאן סלמון 120 ג,גרמים,120.00,100 גרם,false,1,14.90,12.42,true,1,
7290000122830,false,רוטב בישול סצואן 370 גרם קנור,,,רוטב בישול סצואן 370,גרמים,370.00,100 גרם,false,1,12.50,3.38,true,1,
7290000129457,false,קנור רוטב פטריות באבקה 29 גרם,,,קנור רוטב פטריות באב,גרמים,29.00,100 גרם,false,1,5.50,18.97,true,1,
7290000135045,false,"XL TEN משקה אנרגיה פתוח ללא סוכר 250 מ""ל",,,XL TEN משקה אנרגיה פ,מיליליטרים,250.00,"100 מ""ל",false,1,4.90,1.96,true,1,
7290000135052,false,"XL TEN משקה אנרגיה מנגו ללא סוכר 250 מ""ל",,,XL TEN משקה אנרגיה מ,מיליליטרים,250.00,"100 מ""ל",false,1,4.90,1.96,true,1,
7290000135113,false,"פחית XL TEN נענע ליים 250 מ""ל",,,פחית XL TEN נענע ליי,מיליליטרים,250.00,"100 מ""ל",false,1,4.90,1.96,true,1,
7290000135175,false,"פחית פפסי מקס לייט פחית צרה 330 מ""ל",,,פחית פפסי מקס ליים פ,מיליליטרים,330.00,"100 מ""ל",false,1,3.50,1.06,true,1,
7290000135311,false,פפסי מקס ליים 1.5 ליטר,,,פפסי מקס ליים 1.5 לי,ליטרים,0.00,ליטר,false,1,8.10,8.10,true,1,
7290000135342,false,"מי סודה 500 מ""ל בקבוק",,,"מי סודה 500 מ""ל בקבו",מיליליטרים,500.00,"100 מ""ל",false,1,2.90,0.58,true,1,
7290000135595,false,פפסי מקס בדובדבן 1.5 ליטר,,,פפסי מקס דובדבן 1.5,ליטרים,0.00,ליטר,false,1,7.80,7.80,true,1,
7290000136257,false,פאנק טוניק 1.5 ל טמפו,,IL,פאנק טוניק 1.5 ל טמפ,ליטרים,0.00,ליטר,false,1,10.20,10.20,true,1,
7290000136288,false,סירופ בטעם תפוחים 330 מל JUICER,,,סירופ בטעם תפוחים 33,מיליליטרים,330.00,"100 מ""ל",false,1,15.20,4.61,true,1,
7290000136301,false,סירופ בטעם ענבים 330 מל JUICER,,,סירופ בטעם ענבים 330,מיליליטרים,330.00,"100 מ""ל",false,1,15.20,4.61,true,1,
7290000136486,false,גאמפ דיאט אשכוליות 1.5 ליטר,,IL,גאמפ דיאט אשכוליות 1,ליטרים,0.00,ליטר,false,1,7.90,7.90,true,1,
7290000136523,false,גאמפ ענבים 1.5 ליטר,,IL,גאמפ ענבים 1.5 ליטר,ליטרים,0.00,ליטר,false,1,7.90,7.90,true,1,
7290000136585,false,גאמפ תפוז 1.5 ליטר,,IL,גאמפ תפוז 1.5 ליטר,ליטרים,0.00,ליטר,false,1,7.90,7.90,true,1,
7290000136608,false,גאמפ תפוח 1.5 ליטר,,IL,גאמפ תפוח 1.5 ליטר,ליטרים,0.00,ליטר,false,1,7.90,7.90,true,1,
7290000136646,false,נשר מאלט 1.5 ליטר,,IL,נשר מאלט 1.5 ליטר,ליטרים,0.00,ליטר,false,1,9.90,9.90,true,1,
7290000136653,false,דיאט נשר מאלט 1.5 ליטר,,IL,דיאט נשר מאלט 1.5 לי,ליטרים,0.00,ליטר,false,1,9.90,9.90,true,1,
7290000136660,false,מי סודה 1.5 ליטר,,IL,מי סודה 1.5 ליטר,ליטרים,0.00,ליטר,false,1,3.70,3.70,true,1,
7290000136677,false,פפסי קולה 1.5 ליטר,,IL,פפסי קולה 1.5 ליטר,ליטרים,0.00,ליטר,false,1,8.90,8.90,true,1,
7290000136684,false,פפסי מקס 1.5 ליטר,,IL,פפסי מקס 1.5 ליטר,ליטרים,0.00,ליטר,false,1,8.10,8.10,true,1,
7290000136707,false,מירינדה 1.5 ליטר,,IL,מירינדה 1.5 ליטר,ליטרים,0.00,ליטר,false,1,8.90,8.90,true,1,
7290000136752,false,שישיית סבן אפ דיאט 1.5 ליטר,,IL,שישיית סבן אפ דיאט,ליטרים,0.01,ליטר,false,1,38.90,3890.00,true,1,
7290000136769,false,פפסי קולה שישיה 1.5 ליטר,,IL,פפסי קולה שישיה 1.5,ליטרים,0.01,ליטר,false,1,38.90,3890.00,true,1,
7290000136776,false,שישיית פפסי מקס דל קלוריות 1.5 ליטר,,IL,שישיית פפסי מקס דל ק,ליטרים,0.01,ליטר,false,1,41.10,4110.00,true,1,
7290000136790,false,שישיית סודה 1.5 ליטר,,IL,שישיית סודה 1.5 ליטר,ליטרים,0.01,ליטר,false,1,20.70,2070.00,true,1,
7290000136806,false,רביעייה סודה לימון ליים 1.5 ליטר,,IL,רביעייה סודה לימון ל,ליטרים,0.01,ליטר,false,1,13.10,1310.00,true,1,
7290000136820,false,סודה פירות יער 1.5 ליטר רביעייה,,IL,סודה פירות יער 1.5 ל,ליטרים,0.01,ליטר,false,1,13.10,1310.00,true,1,
7290000136837,false,רביעייה סודה אפרסק 1.5 ליטר,,IL,רביעייה סודה אפרסק 1,ליטרים,0.01,ליטר,false,1,13.10,1310.00,true,1,
7290000136844,false,שישיית אקווה נובה 2 ל,,IL,שישיית אקווה נובה 2ל,ליטרים,0.01,ליטר,false,1,12.90,1290.00,true,1,
7290000136851,false,סבן אפ 1.5 ליטר,,IL,סבן אפ 1.5 ליטר,ליטרים,0.00,ליטר,false,1,8.90,8.90,true,1,
7290000136868,false,שישיית מים סאן בנדטו 1.5 ליטר,,IL,שישיית מים סאן בנדטו,ליטרים,0.01,ליטר,false,1,19.90,1990.00,true,1,
7290000136875,false,שישיית סאן בנדטו מוגז 1.5 ליטר,,IL,שישיית סאן בנדטו מוג,ליטרים,0.01,ליטר,false,1,19.90,1990.00,true,1,
7290000136936,false,סבן אפ דיאט 1.5 ליטר,,IL,סבן אפ דיאט 1.5 ליטר,ליטרים,0.00,ליטר,false,1,8.30,8.30,true,1,
7290000137513,false,גלידונית 60 יחידות,,,גלידונית 60 יחידות,גרמים,700.00,100 גרם,false,1,49.90,7.13,true,1,
7290000137643,false,שמיניית טעמקור,,,שמיניית טעמקור,גרמים,400.00,100 גרם,false,1,44.50,11.13,true,1,
7290000139104,false,שלווה מתוקה 230 גרם בשקית,,,שלווה מתוקה 230 גרם,גרמים,230.00,100 גרם,false,1,8.90,3.87,true,1,
7290000143200,false,"מרכך הוואי לשיער יבש 700 מ""ל",,,מרכך הוואי לשיער יבש,מיליליטרים,700.00,"100 מ""ל",false,1,12.90,1.84,true,1,
7290000144160,false,שמן זית כתית מעולה בטעם מודגש 750 מל,,,שמן זית כתית מעולה ב,מיליליטרים,750.00,"100 מ""ל",false,1,32.90,4.39,true,1,
7290000144474,false,שמן עץ הזית קנולה 1 ליטר בריאות מהטבע,,,שמן עץ הזית קנולה 1,מיליליטרים,1000.00,"100 מ""ל",false,1,16.90,1.69,true,1,
7290000148380,false,פיסטוק קלוי שקית 200 גרם,,,פיסטוק קלוי שקית 200,גרמים,200.00,100 גרם,false,1,26.50,13.25,true,1,
7290000148748,false,גרעיני חמניה שקית קליית גת 200 גרם,,,גרעיני חמניה שקית קל,גרמים,200.00,100 גרם,false,1,7.90,3.95,true,1,
7290000149615,false,נקה 7 סבון לתינוק רביעייה,,,נקה 7 סבון לתינוק רב,גרמים,400.00,100 גרם,false,1,14.50,3.63,true,1,
7290000149905,false,טקסטיל שמפו לכביסה 1 ליטר,,,טקסטיל שמפו לכביסה 1,מיליליטרים,1000.00,"100 מ""ל",false,1,18.60,1.86,true,1,
7290000168173,false,ברנפלקס קרנצים 375 גרם,,,ברנפלקס קרנצים 375 ג,גרמים,375.00,100 גרם,false,1,24.90,6.64,true,1,
7290000169538,false,מרק נמס בכוס עגבניות וקרוטונים 56 ג קנור,,,מרק נמס בכוס עגבניות,גרמים,56.00,100 גרם,false,1,7.90,14.11,true,1,
7290000169798,false,עוגי 20% פחות סוכר 500 גרם,,,עוגי 20% פחות סוכר 5,גרמים,500.00,100 גרם,false,1,26.50,5.30,true,1,
7290000174723,false,שוקולית 500 גרם,,,שוקולית 500 גרם,גרמים,500.00,100 גרם,false,1,13.90,2.78,true,1,
7290000176062,false,קפה עלית טורקי 100 גרם,,,קפה עלית טורקי 100 ג,גרמים,100.00,100 גרם,false,1,9.50,9.50,true,1,
7290000176079,false,קפה עלית טורקי עם הל 100 גרם,,,קפה עלית טורקי עם הל,גרמים,100.00,100 גרם,false,1,9.90,9.90,true,1,
7290000176116,false,קפה עלית טורקי וואקום,,,קפה עלית טורקי,גרמים,1000.00,100 גרם,false,1,112.40,11.24,true,1,
7290000176147,false,מוקה פילטר 500 גרם,,,מוקה פילטר 500 גרם,גרמים,500.00,100 גרם,false,1,59.90,11.98,true,1,
7290000176413,false,קפה נמס עלית 50 גרם,,,קפה נמס עלית 50 גרם,גרמים,50.00,100 גרם,false,1,13.90,27.80,true,1,
7290000176420,false,קפה נמס עלית 200 גרם,,,קפה נמס עלית 200 גרם,גרמים,200.00,100 גרם,false,1,21.90,10.95,true,1,
7290000176468,false,האג נמס אבקתי 50 גרם,,,האג נמס אבקתי 50 גרם,גרמים,50.00,100 גרם,false,1,13.30,26.60,true,1,
7290000176475,false,קפה האג נמס אבקתי 200 גרם,,IL,קפה האג נמס אבקתי 20,גרמים,200.00,100 גרם,false,1,40.90,20.45,true,1,
7290000178707,false,תפוציפס טבעי 50 גרם,,,תפוציפס טבעי 50 גרם,גרמים,50.00,100 גרם,false,1,4.30,8.60,true,1,
7290000178721,false,תפוציפס טבעי 200 גרם,,,תפוציפס טבעי 200 גרם,גרמים,200.00,100 גרם,false,1,10.90,5.45,true,1,
7290000185224,false,סילאן בקבוק לחיץ תמר כנרת 650 גר,,IL,סילאן בקבוק לחיץ תמר,גרמים,650.00,100 גרם,false,1,16.90,2.60,true,1,
7290000186030,false,מגבוני האגיס תחליב דיספנסר רביעייה,,,מגבוני האגיס תחליב ד,Unknown,0.00,Unknown,false,1,36.50,36.50,true,1,
7290000186535,false,לילי טריו לבן 32 גלילים,,,לילי טריו לבן 32 גלי,מטרים,537.28,מטר,false,1,42.90,0.08,true,1,
7290000186931,false,ניקול סקוטש חתוך 12 יח,,,ניקול סקוטש חתוך 12,Unknown,0.00,Unknown,false,1,13.90,13.90,true,1,
7290000187860,false,מגבוני טואלט לחים לילי דיספנסר 40 יח,,IL,נייר טואלט לח לילי פ,Unknown,0.00,Unknown,false,1,9.50,9.50,true,1,
7290000187938,false,לילי פסטל 32 גלילים,,,לילי פסטל 32 גלילים,מטרים,588.00,מטר,false,1,41.90,0.07,true,1,
7290000188553,false,מ. תחתון קוטקס סילק נורמל,,,מ. תחתון קוטקס סילק,Unknown,0.00,Unknown,false,1,25.50,25.50,true,1,
7290000189116,false,תבניות אינגליש קייק 6 יח,,,תבניות אינגליש קייק,Unknown,0.00,Unknown,false,1,14.90,14.90,true,1,
7290000189192,false,סופר מגבת ניקול 64 יחידות,,,סופר מגבת ניקול 64 י,מטרים,1.85,מטר,false,1,24.90,13.46,true,1,
7290000189260,false,תבניות מלבניות 5 יח,,,תבניות מלבניות 5 יח,Unknown,0.00,Unknown,false,1,14.90,14.90,true,1,
7290000189277,false,תבניות מלבניות גדולות ועמוקות 3 יח,,,תבניות מלבניות גדולו,Unknown,0.00,Unknown,false,1,14.90,14.90,true,1,
7290000189499,false,תבנית אפייה מקרטון עגולה,,,תבנית אפייה מקרטון ע,Unknown,0.00,Unknown,false,1,15.60,15.60,true,1,
7290000189536,false,שקיות אשפה ניקול 40 יח,,,שקיות אשפה ניקול 40,Unknown,0.00,Unknown,false,1,20.80,20.80,true,1,
7290000189550,false,זוג אשפתון ניקול ענק מתכלה 10 יח,,,XXL ניקול שקיות אשפה,Unknown,0.00,Unknown,false,1,28.50,28.50,true,1,
7290000189598,false,ניקול מטלית לחות חד פעמיות לניקוי כללי,,,ניקול מטלית לחות חד,Unknown,0.00,Unknown,false,1,12.90,12.90,true,1,
7290000189659,false,ניקול מטליות לחות לרצפה,,,ניקול מטליות לחות לר,Unknown,0.00,Unknown,false,1,14.90,14.90,true,1,
7290000189734,false,מטליות לחות לפרקטים,,,מטליות לחות לפרקטים,Unknown,0.00,Unknown,false,1,17.90,17.90,true,1,
7290000189871,false,אשפתון מתכלה ניקול 60 יח,,,אשפתון מתכלה ניקול 5,Unknown,0.00,Unknown,false,1,23.90,23.90,true,1,
7290000190068,false,מפיות ניקול 100,,,מפיות ניקול 100,Unknown,0.00,Unknown,false,1,9.40,9.40,true,1,
7290000190198,false,מטלית ניקול לניקוי חדרי שירותים ואמבט,,,מטלית ניקול לניקוי ח,Unknown,0.00,Unknown,false,1,14.90,14.90,true,1,
7290000190853,false,לילי פיור נייר טואלט דו שכבתי 30 גלילים,,,לילי פיור נייר טואלט,מטרים,588.00,מטר,false,1,43.90,0.07,true,1,
7290000191539,false,ממחטות נייר לילי 5 יח,,,ממחטות נייר לילי 5 י,Unknown,0.00,Unknown,false,1,16.70,16.70,true,1,
7290000191546,false,לילי צבעוני שלישיה,,,לילי צבעוני 90 דף*3,Unknown,0.00,Unknown,false,1,11.90,11.90,true,1,
7290000191966,false,נייר טואלט לח סנסטיב,,IL,נייר טואלט לח לילי נ,Unknown,0.00,Unknown,false,1,9.50,9.50,true,1,
7290000192581,false,נייר מגבת ניקול 6=12 129.72 מטר,,IL,נייר מגבת ניקול 6=12,מטרים,129.72,מטר,false,1,24.00,0.19,true,1,
7290000193076,false,שלישיית מטליות לריצפה ניקול,,,שלישיית מטליות לריצפ,Unknown,0.00,Unknown,false,1,13.20,13.20,true,1,
7290000194837,false,שקיות מזון גדולות עם ידיות קשירה 200 יח,,,שקיות מזון גדולות עם,Unknown,0.00,Unknown,false,1,18.80,18.80,true,1,
7290000195537,false,מגבוני האגיס רביעיה ללא בישום,,,מגבוני האגיס רביעיה,Unknown,0.00,Unknown,false,1,23.90,23.90,true,1,
7290000195773,false,מגבוני האגיס קמומיל רבעייה,,,מגבוני האגיס קמומיל,Unknown,0.00,Unknown,false,1,23.90,23.90,true,1,
7290000196039,false,מפות שולחן ניקול זוג,,,מפות שולחן ניקול זוג,Unknown,0.00,Unknown,false,1,17.90,17.90,true,1,
7290000197029,false,שקיות ריצרץ לאיחסון 12 יח,,,שקיות ריצרץ לאיחסון,Unknown,0.00,Unknown,false,1,18.90,18.90,true,1,
7290000197081,false,ניקול ניילון נצמד 150 מטר עם סליידר,,,ניילון נצמד ניקול עם,מטרים,150.00,מטר,false,1,38.90,0.26,true,1,
7290000197326,false,רדיד אלומיניום ניקול קצר זוג,,,רדיד אלומיניום ניקול,מטרים,15.00,מטר,false,1,12.90,0.86,true,1,
7290000197340,false,זוג רדיד ניקול ארוך אלומיניום,,,זוג רדיד ניקול ארוך,מטרים,15.00,מטר,false,1,23.00,1.53,true,1,
7290000197432,false,זוג סנדביצון ענק,,,זוג סנדביצון ענק,Unknown,0.00,Unknown,false,1,15.90,15.90,true,1,
7290000197456,false,האגיס פרידום דריי שלב 4 44 יחידות,,,האגיס פרידום דריי של,Unknown,0.00,Unknown,false,1,45.90,45.90,true,1,
7290000197548,false,האגיס פרידום דריי שלב 5 38 יחידות,,,האגיס פרידום דריי של,Unknown,0.00,Unknown,false,1,45.90,45.90,true,1,
7290000197654,false,אשפתון ניקול ענק 50,,,אשפתון ניקול ענק 45,Unknown,0.00,Unknown,false,1,25.10,25.10,true,1,
7290000197753,false,זוג ניילון נצמד ניקול,,,זוג ניילון נצמד ניקו,מטרים,60.00,מטר,false,1,13.90,0.23,true,1,
7290000197876,false,מגשית חד פעמית 26 ניקול,,,מגשית חד פעמית ניקול,Unknown,0.00,Unknown,false,1,11.90,11.90,true,1,
7290000197883,false,מגשית 100 כסופה - חיסכון,,,מגשית 100 כסופה - חי,Unknown,0.00,Unknown,false,1,11.90,11.90,true,1,
7290000197951,false,מגשית חד פעמית ניקול,,,מגשית חד פעמית ניקול,Unknown,0.00,Unknown,false,1,11.90,11.90,true,1,
7290000197982,false,רדיד אלומיניום 7.5*45 עבה זוג,,,רדיד אלומיניום 7.5*4,מטרים,15.00,מטר,false,1,27.50,1.83,true,1,
7290000197999,false,זוג רדיד ניקול עבה אלומיניום,,,זוג רדיד ניקול עבה,מטרים,15.00,מטר,false,1,18.80,1.25,true,1,
7290000201795,false,מגבוני האגיס שלישייה בושם,,,מגבוני האגיס שלישייה,Unknown,0.00,Unknown,false,1,22.90,22.90,true,1,
7290000204147,false,כרית ניקול 2 ב - 1,,,כרית ניקול 2 ב - 1,Unknown,0.00,Unknown,false,1,12.90,12.90,true,1,
7290000204215,false,כרית ניקול שישייה,,,כרית ניקול שישייה,Unknown,0.00,Unknown,false,1,12.90,12.90,true,1,
7290000204253,false,מטליות ניקול 9 יח,,,מטליות ניקול 9 יח,Unknown,0.00,Unknown,false,1,12.90,12.90,true,1,
7290000204512,false,מטליות לחות לרצפה בריח לימון ניקול 10 יח,,,מטליות לחות לרצפה בר,Unknown,0.00,Unknown,false,1,14.90,14.90,true,1,
7290000204611,false,ספוגית הקסם ניקול שישייה,,,ספוגית הקסם ניקול שי,Unknown,0.00,Unknown,false,1,13.90,13.90,true,1,
7290000207063,false,פריכוז 260 גרם,,,פריכוז 240 גר,גרמים,240.00,100 גרם,false,1,5.40,2.25,true,1,
7290000207162,false,רוטב עגבניות יכין 100 גרם,,IL,רוטב עגבניות יכין 10,גרמים,100.00,100 גרם,false,1,2.90,2.90,true,1,
7290000207438,false,עגבניות 2.5 A קוביות 850 גרם יכין,,,עגבניות 2.5 A קוביות,גרמים,850.00,100 גרם,false,1,10.90,1.28,true,1,
7290000208022,false,עגבניות 2.5 A מרוסקות 850 גרם יכין,,,עגבניות 2.5 A מרוסק,גרמים,850.00,100 גרם,false,1,10.90,1.28,true,1,
7290000208077,false,אפונת גינה רגילה 550 גרם יכין,,,אפונת גינה רגילה 550,גרמים,550.00,100 גרם,false,1,8.90,1.62,true,1,
7290000208114,false,אפונה וגזר יכין 550 גר,,,אפונה וגזר יכין 550,גרמים,550.00,100 גרם,false,1,8.90,1.62,true,1,
7290000208145,false,תירס לייט יכין 550 גרם A2,,,תירס לייט יכין 550 ג,גרמים,550.00,100 גרם,false,1,10.90,1.98,true,1,
7290000208176,false,תפוחי אדמה מקולפים A2,,,תפוחי אדמה מקולפים,גרמים,550.00,100 גרם,false,1,10.90,1.98,true,1,
7290000208213,false,שעועית יכין אפויה 580 גר A/2,,,שעועית יכין אפויה 58,גרמים,580.00,100 גרם,false,1,9.90,1.71,true,1,
7290000208220,false,שעועית צלי חריף A2,,,שעועית צלי חריף A2,גרמים,550.00,100 גרם,false,1,10.90,1.98,true,1,
7290000208251,false,שעועית ירוקה יכין 560 גרם,,,שעועית ירוקה יכין 56,גרמים,560.00,100 גרם,false,1,10.90,1.95,true,1,
7290000208312,false,תירס ואקום 400 גרם יכין,,IL,תירס מתוק יכין 400 ג,גרמים,400.00,100 גרם,false,1,7.90,1.98,true,1,
7290000208329,false,תירס גרעינים 550 גר A2 יכין,,,תירס גרעינים 550 גר,גרמים,550.00,100 גרם,false,1,8.90,1.62,true,1,
7290000208336,false,רוטב עגבניות 260 גרם יכין,,,רוטב עגבניות יכין 24,גרמים,240.00,100 גרם,false,1,4.90,2.04,true,1,
7290000208343,false,עגבניות מרוסקות שום 850 גר יכין A 2.5,,,עגבניות מרוסקות שום,גרמים,850.00,100 גרם,false,1,10.90,1.28,true,1,
7290000208350,false,עגבניות מרוסקות בצל 850 גר יכין A 2.5,,,עגבניות מרוסקות בצל,גרמים,800.00,100 גרם,false,1,10.90,1.36,true,1,
7290000208367,false,עגבניות מרוסקות בזיליקום יכין 850 A 2.5,,,עגבניות מרוסקות בזיל,גרמים,800.00,100 גרם,false,1,10.90,1.36,true,1,
7290000208404,false,פול יכין 560 גרם,,,פול יכין 560 גרם,גרמים,560.00,100 גרם,false,1,8.90,1.59,true,1,
7290000208428,false,חומוס יכין שלם 550 גר A/2,,,חומוס יכין שלם 550 ג,גרמים,550.00,100 גרם,false,1,8.90,1.62,true,1,
7290000208459,false,לקט תפוחי אדמה A2 יכין 550 גר,,,לקט תפוחי אדמה A2 יכ,גרמים,550.00,100 גרם,false,1,10.90,1.98,true,1,
7290000208480,false,תירס בטעם חמאה יכין 500 גר A/2,,,תירס בטעם חמאה יכין,גרמים,550.00,100 גרם,false,1,10.90,1.98,true,1,
7290000208534,false,תירס קיד יכין 550 גר,,,תירס קיד יכין 550 גר,גרמים,550.00,100 גרם,false,1,10.90,1.98,true,1,
7290000208800,false,תירס ואקום קיד 400 גרם יכין,,,תירס ואקום קיד 400 ג,גרמים,400.00,100 גרם,false,1,7.90,1.98,true,1,
7290000208855,false,רוטב לפסטה 260 גרם יכין,,,רוטב לפסטה 260 גרם י,מיליליטרים,260.00,"100 מ""ל",false,1,6.90,2.65,true,1,
7290000208893,false,תירס ואקום לייט 400 גרם יכין,,,תירס ואקום לייט 400,גרמים,400.00,100 גרם,false,1,7.90,1.98,true,1,
7290000208930,false,עגבניות +שום 260 גרם יכין,,,עגבניות +שום 260 גרם,גרמים,260.00,100 גרם,false,1,6.90,2.65,true,1,
7290000208947,false,עגבניות מרוסקות 260 גרם יכין,,,עגבניות מרוסקות 260,גרמים,260.00,100 גרם,false,1,6.90,2.65,true,1,
7290000208978,false,רסק עגבניות פריכוז 100 גרם,,,רסק עגבניות פריכוז 1,גרמים,100.00,100 גרם,false,1,3.40,3.40,true,1,
7290000209012,false,חומץ הדרים 1 ליטר,,,חומץ הדרים 1 ליטר,מיליליטרים,1000.00,"100 מ""ל",false,1,6.90,0.69,true,1,
7290000209371,false,שלישיית תירס יכין 165 גר OZ 6,,,שלישיית תירס יכין 16,גרמים,165.00,100 גרם,false,1,15.90,9.64,true,1,
7290000209388,false,שלישיית תירס לייט יכין 165 גר OZ 6,,,שלישיית תירס לייט יכ,גרמים,165.00,100 גרם,false,1,15.90,9.64,true,1,
7290000209517,false,סירופ דיאט 1 ל ט. לימון,,,סירופ דיאט 1 ל ט. לי,ליטרים,0.00,ליטר,false,1,18.90,18.90,true,1,
7290000209708,false,עגבניות +בזיליקום 260 גרם יכין,,,עגבניות +בזיליקום 26,גרמים,260.00,100 גרם,false,1,6.90,2.65,true,1,
7290000209913,false,עגבניות קוביות 260 גרם יכין,,,עגבניות קוביות 260 ג,גרמים,260.00,100 גרם,false,1,6.90,2.65,true,1,
7290000209944,false,רוטב עגבניות לשקשוקה 260 גרם יכין,,,רוטב עגבניות לשקשוק,גרמים,260.00,100 גרם,false,1,6.90,2.65,true,1,
7290000209951,false,רוטב עגבניות לפיצה 260 גרם יכין,,,רוטב עגבניות לפיצה,גרמים,260.00,100 גרם,false,1,6.90,2.65,true,1,
7290000209968,false,רוטב עגבניות ללזניה 260 גרם יכין,,,רוטב עגבניות ללזניה,גרמים,260.00,100 גרם,false,1,6.90,2.65,true,1,
7290000210469,false,עגבניות 2.5 A שלמות 850 גר יכין,,,עגבניות 2.5 A שלמות,גרמים,850.00,100 גרם,false,1,9.90,1.16,true,1,
7290000210896,false,רוטב בולונז 260 גרם יכין,,,רוטב בולונז 260 גרם,מיליליטרים,260.00,"100 מ""ל",false,1,6.90,2.65,true,1,
7290000211312,false,אורז מלא 1 קג,,,"אורז מלא 1 ק""ג",גרמים,1000.00,100 גרם,false,1,10.90,1.09,true,1,
7290000211442,false,"אורז פרסי 1 ק""ג סוגת",,,"אורז פרסי 1 ק""ג סוג",גרמים,1000.00,100 גרם,false,1,10.90,1.09,true,1,
7290000211503,false,"סוכר לבן 1 ק""ג",,,"סוכר לבן 1 ק""ג",קילוגרמים,0.00,"ק""ג",false,1,4.90,4.90,true,1,
7290000211626,false,אורז חיש 1 קג,,,"אורז חיש 1 ק""ג",גרמים,1000.00,100 גרם,false,1,12.50,1.25,true,1,
7290000211985,false,אורז עגול 1 קג,,,אורז עגול 1 קג,גרמים,1000.00,100 גרם,false,1,9.90,0.99,true,1,
7290000226514,false,עוגת דובוש ריבת חלב,,,עוגת דובוש ריבת חלב,גרמים,450.00,100 גרם,false,1,39.90,8.87,true,1,
7290000226552,false,קפולסקי עוגת טורט ריבת חלב+ קוקוס קפוא,,,קפולסקי עוגת טורט,קילוגרמים,0.00,"ק""ג",false,1,68.50,68.50,true,1,
7290000226569,false,קפולסקי עוגת טורט קצפת שוקולד,,,קפולסקי עוגת טורט,גרמים,1000.00,100 גרם,false,1,68.50,6.85,true,1,
7290000226576,false,קפולסקי עוגת טורט מצופה שוקולד,,,קפולסקי עוגת טורט,גרמים,1000.00,100 גרם,false,1,68.50,6.85,true,1,
7290000226613,false,עוגת דובוש מצופה בטעם שוקולד,,,עוגת דובוש מצופה בטע,גרמים,1000.00,100 גרם,false,1,39.90,3.99,true,1,
7290000238029,false,"בצק עלים מרודד 1 ק""ג מעדנות",,,"בצק עלים מרודד 1 ק""ג",גרמים,1000.00,100 גרם,false,1,24.90,2.49,true,1,
7290000238036,false,מלאווח 700גר מעדנות,,,מלאווח מעדנות 700 גר,גרמים,700.00,100 גרם,false,1,18.90,2.70,true,1,
7290000238173,false,בורקס גבינה מעדנות 800גר,,,בורקס גבינה מעדנות,גרמים,800.00,100 גרם,false,1,22.70,2.84,true,1,
7290000238180,false,"בורקס תפו""א 800 גרם מעדנות",,,"בורקס תפו""א 800 גרם",גרמים,800.00,100 גרם,false,1,21.70,2.71,true,1,
7290000253220,false,שוקולד ציפס אופנהיימר 260 גר,,IL,שוקולד ציפס אופנהיימ,גרמים,260.00,100 גרם,false,1,12.90,4.96,true,1,
7290000253244,false,מרציפן נקי אופנהיימר 86 גר,,IL,מרציפן נקי אופנהיימר,גרמים,86.00,100 גרם,false,1,9.50,11.05,true,1,
7290000253251,false,שוקו ציפס לבן אופנהיימר 300 גר,,IL,שוקו ציפס לבן אופנהי,גרמים,300.00,100 גרם,false,1,12.90,4.30,true,1,
7290000253459,false,נטיפי ציפס בטעם קרמל אופנהיימר 250 גר,,IL,נטיפי ציפס בטעם קרמל,גרמים,250.00,100 גרם,false,1,12.90,5.16,true,1,
7290000253732,false,מרציפן מצופה שוקולד אופנהיימר 86 גר,,IL,מרציפן מצופה שוקולד,גרמים,86.00,100 גרם,false,1,9.50,11.05,true,1,
7290000262031,false,נייר טואלט מולט 32 גלילים,,,נייר טואלט מולט 32 ג,מטרים,588.80,מטר,false,1,32.90,0.06,true,1,
7290000267036,false,שקד מולבן משובב 100 גרם,,,שקד מולבן משובב 100,גרמים,100.00,100 גרם,false,1,13.80,13.80,true,1,
7290000267050,false,שקד מולבן טחון 100 גרם,,,שקד מולבן טחון 100 ג,גרמים,100.00,100 גרם,false,1,13.80,13.80,true,1,
7290000267500,false,קליפות הדר מצופות בשוקולד 200 גרם,,,קליפות הדר מצופות בש,גרמים,200.00,100 גרם,false,1,14.20,7.10,true,1,
7290000267548,false,אגוז גרוס 100 גרם,,,אגוז גרוס 100 גרם,גרמים,100.00,100 גרם,false,1,12.90,12.90,true,1,
7290000267586,false,חמניות קלופיות 150 גר,,,חמניות קלופיות 150 ג,גרמים,150.00,100 גרם,false,1,5.50,3.67,true,1,
7290000272467,false,סירופ דיאט פטל 1 ליטר,,,סירופ דיאט פטל 1 ליט,מיליליטרים,1000.00,"100 מ""ל",false,1,21.90,2.19,true,1,
7290000272696,false,מיץ לימון עסיס משומר 1 ליטר-בקבוק,,,מיץ לימון עסיס משומר,מיליליטרים,1000.00,"100 מ""ל",false,1,12.90,1.29,true,1,
7290000272726,false,חומץ טבעי עסיס 5% -1 ליטר,,,חומץ טבעי עסיס 5% -1,מיליליטרים,1000.00,"100 מ""ל",false,1,7.30,0.73,true,1,
7290000286228,false,סנו סושי כרית יפנית שישייה,,,סנו סושי כרית יפנית,Unknown,0.00,Unknown,false,1,14.60,14.60,true,1,
7290000286549,false,סנו סושי מטלית לכל 9 יח,,,סנו סושי מטלית לכל 9,Unknown,0.00,Unknown,false,1,10.90,10.90,true,1,
7290000286761,false,ניילון נצמד פלוס ללא PVC סנו סושי 30 מטר,,,ניילון נצמד פלוס ללא,מטרים,30.00,מטר,false,1,13.90,0.46,true,1,
7290000286891,false,סנו מגן קריסטל 1 ליטר,,,סנו מגן קריסטל 1 ליט,מיליליטרים,1000.00,"100 מ""ל",false,1,26.50,2.65,true,1,
7290000287102,false,סנו שמפו שטחים,,,סנו שמפו שטחים,מיליליטרים,600.00,"100 מ""ל",false,1,27.50,4.58,true,1,
7290000287195,false,"סנו רהיט אירוסול 300 מ""ל",,,סנו רהיט אירוסול 30,מיליליטרים,300.00,"100 מ""ל",false,1,15.90,5.30,true,1,
7290000287621,false,סנו אנטי קאלק לאסלה 750 מל,,,סנו אנטי קאלק לאסלה,מיליליטרים,750.00,"100 מ""ל",false,1,16.00,2.13,true,1,
7290000288024,false,סנו זאוול לימון 4 ליטר,,,סנו זאוול לימון 4 לי,ליטרים,0.00,ליטר,false,1,17.90,17.90,true,1,
7290000288048,false,סנו זאוול מרסס מונבלאן 1 ליטר,,,סנו זאוול מרסס מונבל,מיליליטרים,1000.00,"100 מ""ל",false,1,19.90,1.99,true,1,
7290000288109,false,סנו מקסימה א. זאוול שקית 1.25קג,,,סנו מקסימה א. זאוול,קילוגרמים,0.00,"ק""ג",false,1,16.90,16.90,true,1,
7290000288352,false,K-300,,,K-300,מיליליטרים,600.00,"100 מ""ל",false,1,22.90,3.82,true,1,
7290000288390,false,K600,,,K600,מיליליטרים,500.00,"100 מ""ל",false,1,24.90,4.98,true,1,
7290000288737,false,סנו מקסימה ירוק שקית 1.25 קג מאסק,,,סנו מקסימה ירוק שקית,קילוגרמים,0.00,"ק""ג",false,1,16.90,16.90,true,1,
7290000289069,false,סנו זאוול מרסס לימון 1 ליטר,,,סנו זאוול מרסס לימון,מיליליטרים,1000.00,"100 מ""ל",false,1,19.90,1.99,true,1,
7290000289236,false,קוטל נמלים בבית ובחצר K3 פיתיון גל 10 גר,,IL,קוטל נמלים בבית ובחצ,גרמים,10.00,100 גרם,false,1,55.90,559.00,true,1,
7290000289380,false,סנו זאוול לאסלות מונבלאן 750 מל,,IL,גל ניקוי אסלה סנו זא,מיליליטרים,750.00,"100 מ""ל",false,1,16.40,2.19,true,1,
7290000289472,false,סנו סושי שקיות אשפה 90*76,,,סנו סושי שקיות אשפה,Unknown,0.00,Unknown,false,1,22.90,22.90,true,1,
7290000289496,false,סנו זאוול גל קרם לימון 750 מל,,,סנו זאוול גל קרם לימ,מיליליטרים,750.00,"100 מ""ל",false,1,14.60,1.95,true,1,
7290000289748,false,סנו פורטה פלוס 750 מל,,,סנו פורטה פלוס 750 מ,מיליליטרים,750.00,"100 מ""ל",false,1,15.90,2.12,true,1,
7290000292137,false,סנו מנקה עור נוזלי,,,סנו מנקה עור נוזלי,מיליליטרים,500.00,"100 מ""ל",false,1,37.90,7.58,true,1,
7290000292311,false,סנו פוליויקס סחלבים 2 ליטר,,,סנו פוליויקס סחלבים,ליטרים,0.00,ליטר,false,1,23.90,23.90,true,1,
7290000292557,false,סנומט נוזלי מילוי 45 לילות,,,סנומט נוזלי מילוי 45,Unknown,0.00,Unknown,false,1,20.90,20.90,true,1,
7290000292687,false,סנובון כחול שלישייה,,,סנובון כחול שלישייה,Unknown,0.00,Unknown,false,1,17.90,17.90,true,1,
7290000293073,false,סנו מקסימה מרכך כביסה ביו 4 ליטר,,,סנו מקסימה מרכך כביס,ליטרים,0.00,ליטר,false,1,22.90,22.90,true,1,
7290000293561,false,סנו עובש,,,סנו עובש,מיליליטרים,750.00,"100 מ""ל",false,1,17.90,2.39,true,1,
7290000293820,false,"גל רחצה קרמה מן אקטיב 700 מ""ל",,,גל רחצה קרמה מן אקטי,מיליליטרים,700.00,"100 מ""ל",false,1,21.90,3.13,true,1,
7290000293943,false,סנו אנטי קאלק מרסס,,,מרסס סנו אנטי קאלק 1,מיליליטרים,1000.00,"100 מ""ל",false,1,18.90,1.89,true,1,
7290000294780,false,סנו זאוול סמיכה 4 ליטר,,,סנו זאוול סמיכה 4 לי,ליטרים,0.00,ליטר,false,1,17.90,17.90,true,1,
7290000295336,false,סנו מקסימה סנסטיב שקית 1.25קג,,,סנו מקסימה סנסטיב שק,קילוגרמים,0.00,"ק""ג",false,1,16.90,16.90,true,1,
7290000295343,false,סנו מקסימה ביו שקית 1.25 קג,,,סנו מקסימה ביו שקית,קילוגרמים,0.00,"ק""ג",false,1,16.90,16.90,true,1,
7290000295404,false,סנו סושי אשפה 60 שקיות 50/70,,,סנו סושי אשפה 60 שק,Unknown,0.00,Unknown,false,1,23.90,23.90,true,1,
7290000295565,false,צמד רדיד אלומיניום 7.5*45,,,צמד רדיד אלומיניום 7,מטרים,15.00,מטר,false,1,22.90,1.53,true,1,
7290000302027,false,טיים רד עשיריה,,,טיים רד עשיריה,Unknown,0.00,Unknown,false,1,290.00,290.00,true,1,
7290000313160,false,עוגיות חברים זהבה 3 הדובים שוקו 250 גרם,,,עוגיות חברים זהבה 3,גרמים,250.00,100 גרם,false,1,10.00,4.00,true,1,
7290000313290,false,נודלס אטריות מסולסלות 200 גרם,,,נודלס אטריות מסולסלו,גרמים,200.00,100 גרם,false,1,11.90,5.95,true,1,
7290000315126,false,ציר עוף 300 גרם קנור,,,ציר עוף 300 גרם קנור,גרמים,300.00,100 גרם,false,1,27.80,9.27,true,1,
7290000315133,false,ציר בקר 300 גרם קנור,,,ציר בקר 300 גרם קנור,גרמים,300.00,100 גרם,false,1,27.80,9.27,true,1,
7290000334745,false,תפוגן אמריקן ציפס 1.5 קג,,,תפוגן אמריקן ציפס 1.,קילוגרמים,0.00,"ק""ג",false,1,26.50,26.50,true,1,
7290000336282,false,"פריגת סיידר צלול 330 מ""ל בקבוק",,,פריגת סיידר צלול 3,מיליליטרים,330.00,"100 מ""ל",false,1,8.90,2.70,true,1,
7290000341071,false,בדין בייבי 2 ליטר,,,בדין בייבי 2 ליטר,ליטרים,0.00,ליטר,false,1,16.90,16.90,true,1,
7290000345048,false,תה ויסוצקי 74 125 גרם,,,תה ויסוצקי 74 125 גר,גרמים,125.00,100 גרם,false,1,16.50,13.20,true,1,
7290000345055,false,תה ארל גריי 100 גרם,,,תה ארל גריי 100 גרם,גרמים,100.00,100 גרם,false,1,18.80,18.80,true,1,
7290000345116,false,תה ויסוצקי ירוק 125 גרם,,,תה ויסוצקי ירוק 125,גרמים,125.00,100 גרם,false,1,14.90,11.92,true,1,
7290000345208,false,תה ויסוצקי 25 שקיקים 1 גרם,,,תה ויסוצקי 25 שקיקים,Unknown,0.00,Unknown,false,1,8.50,8.50,true,1,
7290000345260,false,תה ויסוצקי 25 שקיקים 1.5 גרם,,,תה ויסוצקי 25 שקיקים,Unknown,0.00,Unknown,false,1,8.80,8.80,true,1,
7290000345277,false,תה ויסוצקי קלאסיק 50 שקיקים,,IL,תה ויסוצקי קלאסיק 50,Unknown,0.00,Unknown,false,1,14.90,14.90,true,1,
7290000345284,false,תה קלאסיק 100 שקיקים * 1.5 גרם,,IL,תה קלאסיק 100 שקיקים,גרמים,150.00,100 גרם,false,1,17.90,11.93,true,1,
7290000345291,false,תה ארל גריי 25 שקיקים 1.5 גרם,,,תה ארל גריי 25 שקיקי,Unknown,0.00,Unknown,false,1,18.90,18.90,true,1,
7290000345307,false,תה ארל גריי 50 שקיקים 1.5 גרם,,,תה ארל גריי 50 שקיקי,Unknown,0.00,Unknown,false,1,20.90,20.90,true,1,
7290000345536,false,תה נענע 25 שקיקים 1.5 גרם,,,תה נענע 25 שקיקים 1.,Unknown,0.00,Unknown,false,1,22.90,22.90,true,1,
7290000345666,false,תה אינגליש ברקפסט 25 שקיקים 2 גרם,,,תה אינגליש ברקפסט 25,Unknown,0.00,Unknown,false,1,20.90,20.90,true,1,
7290000346021,false,חליטת קמומיל בבונג גן קסום 50 שקיקים,,,חליטת קמומיל בבונג ג,Unknown,0.00,Unknown,false,1,36.90,36.90,true,1,
7290000346120,false,חליטת קסם הקינמון 25 שקיקים גן קסום,,,חליטת קסם הקינמון 25,Unknown,0.00,Unknown,false,1,19.90,19.90,true,1,
7290000346144,false,חליטת עינוגי התפוח 25 שקיקים גן קסום,,,חליטת עינוגי התפוח,Unknown,0.00,Unknown,false,1,19.90,19.90,true,1,
7290000346168,false,חליטת שומר 25 שקיקים גן קסום,,,חליטת שומר 25 שקיקים,Unknown,0.00,Unknown,false,1,19.90,19.90,true,1,
7290000346199,false,חליטת פירות היער 25 שקיקים גן קסום,,,חליטת פירות היער 25,Unknown,0.00,Unknown,false,1,19.90,19.90,true,1,
7290000346205,false,חליטת קמומיל 25 שקיקים הגן קסום,,,חליטת קמומיל 25 שקיק,Unknown,0.00,Unknown,false,1,19.90,19.90,true,1,
7290000347738,false,תה ירוק נענע 25 שקיקים 1.5 גרם,,,תה ירוק נענע 25 שקיק,Unknown,0.00,Unknown,false,1,26.90,26.90,true,1,
7290000347752,false,תה ירוק לימונית לואיזה 25 שקיקים 1.5 גרם,,,תה ירוק לימונית לואי,Unknown,0.00,Unknown,false,1,26.90,26.90,true,1,
7290000363011,false,סלמי קוניאק מובחר טירת צבי במשקל,,,סלמי קוניאק מובחר,Unknown,0.00,"ק""ג",true,0,82.00,82.00,true,1,
7290000363363,false,קבנוס מיוחד 160 גרםטירת צבי,,,קבנוס מיוחד 160 גרם,גרמים,160.00,100 גרם,false,1,21.90,13.69,true,1,
7290000363899,false,נקניקיות פיקנטיות 400 גרםטירת צבי,,,נקניקיות פיקנטיות,גרמים,400.00,100 גרם,false,1,14.90,3.73,true,1,
7290000364261,false,סלסולי כתף בקר 120גר טירת צבי,,,סלסולי כתף בקר 120גר,גרמים,120.00,100 גרם,false,1,17.90,14.92,true,1,
7290000364278,false,סלסולי סלמי איטלקי משובח 120גרטירת צבי,,,סלסולי סלמי איטלקי,גרמים,120.00,100 גרם,false,1,17.90,14.92,true,1,
7290000364285,false,סלסולי פסטרמה הודו 120גרטירת צבי,,,סלסולי פסטרמה הודו,גרמים,120.00,100 גרם,false,1,17.90,14.92,true,1,
7290000364292,false,סלסולי גחלים 120גר טירת צבי,,,סלסולי גחלים 120גר,גרמים,120.00,100 גרם,false,1,17.90,14.92,true,1,
7290000364803,false,נקניקיות קרנץ אמריקאי 500 גרם,,,נקניקיות קרנץ אמריקא,גרמים,500.00,100 גרם,false,1,32.10,6.42,true,1,
7290000364810,false,נקניקיות עגל 500 גרםטירת צבי,,,נקניקיות עגל 500 גרם,גרמים,500.00,100 גרם,false,1,31.10,6.22,true,1,
7290000364858,false,"טירת צבי נקניקיות עוף טרי 1 ק""ג",,,טירת צבי נקניקיות עו,קילוגרמים,0.00,"ק""ג",false,1,25.90,25.90,true,1,
7290000364872,false,נקניקיות עוף 400 גרםטירת צבי,,,נקניקיות עוף 400 גרם,גרמים,400.00,100 גרם,false,1,14.90,3.73,true,1,
7290000365909,false,פסטרמה הודו מעושנתטירת צבי,,,פסטרמה הודו מעושנת,Unknown,0.00,"ק""ג",true,0,93.00,93.00,true,1,
7290000367590,false,צמד כפרי טירת צבי 800 גרם,,,צמד כפרי טירת צבי,גרמים,800.00,100 גרם,false,1,29.90,3.74,true,1,
7290000369037,false,קוביות בולגרית מתובלות 200 גר,,,קוביות בולגרית מתובל,גרמים,200.00,100 גרם,false,1,17.90,8.95,true,1,
7290000369365,false,בולגרית למריחה עם חציל 200 גר,,,בולגרית למריחה עם חצ,גרמים,200.00,100 גרם,false,1,15.90,7.95,true,1,
7290000369617,false,כדורי פטה מתובלים 150 גר,,,כדורי פטה מתובלים 15,גרמים,150.00,100 גרם,false,1,20.90,13.93,true,1,
7290000369709,false,חמאה מתובלת 100 גר,,,חמאה מתובלת 100 גר,גרמים,100.00,100 גרם,false,1,15.90,15.90,true,1,
7290000377612,false,"פריגת סחוט תפוז 400 מ""ל",,,פריגת סחוט תפוז 400,מיליליטרים,400.00,"100 מ""ל",false,1,10.90,2.73,true,1,
7290000390536,false,לבבות חסה,,,לבבות חסה,Unknown,0.00,Unknown,false,1,12.90,12.90,true,1,
7290000408316,false,יוגורט דנונה דל לקטוז 200 גרם,,,דנונה דל לקטוז,גרמים,200.00,100 גרם,false,1,3.70,1.85,true,1,
7290000408354,false,דנונה בר פצפוצים 173 גר,,,דנונה בר פצפוצים 173,גרמים,173.00,100 גרם,false,1,4.80,2.77,true,1,
7290000412481,false,סנו מנקה אסלות 00 1 ליטר,,,סנו מנקה אסלות 00 1,מיליליטרים,1000.00,"100 מ""ל",false,1,8.90,0.89,true,1,
7290000416021,false,ממרח השחר 500 גרם,,,ממרח השחר 500 גרם,גרמים,500.00,100 גרם,false,1,14.90,2.98,true,1,
7290000416045,false,"ממרח השחר 1 ק""ג",,,"ממרח השחר 1 ק""ג",גרמים,1000.00,100 גרם,false,1,28.20,2.82,true,1,
7290000419107,false,קפה לנדור כחול 100 גרם,,,קפה לנדור כחול 100 ג,גרמים,100.00,100 גרם,false,1,8.90,8.90,true,1,
7290000419374,false,מארז קפה טחון המקורי 3 יח 100 גרם,,,מארז קפה טחון המקורי,גרמים,300.00,100 גרם,false,1,25.50,8.50,true,1,
7290000419909,false,קפה לנדוור טעם אקספרסו טחון טורקי 100ג,,,קפה לנדוור טעם אקספר,גרמים,100.00,100 גרם,false,1,8.90,8.90,true,1,
7290000420325,false,פופ קורן טבעי למיקרוגל 5 יח,,,פופ קורן טבעי למיקרו,גרמים,300.00,100 גרם,false,1,16.90,5.63,true,1,
7290000420332,false,פופ קורן חמאה למיקרוגל 5 יח,,,פופ קורן חמאה למיקרו,גרמים,300.00,100 גרם,false,1,16.90,5.63,true,1,
7290000420417,false,גלילונית + שרוך 60 יח 50X70,,,גלילונית + שרוך 60,Unknown,0.00,Unknown,false,1,19.90,19.90,true,1,
7290000430102,false,"קוביות קרח 2 ק""ג",,,"קוביות קרח 2 ק""ג",קילוגרמים,0.00,"ק""ג",false,1,10.90,10.90,true,1,
7290000446547,false,חמאת בוטנים ב.ד 350 גרם,,,חמאת בוטנים טבעית בט,גרמים,350.00,100 גרם,false,1,16.90,4.83,true,1,
7290000446554,false,חמאת בוטנים טבעית בט,,,חמאת בוטנים טבעית בט,גרמים,1000.00,100 גרם,false,1,33.90,3.39,true,1,
7290000453019,false,שמרית בשקית 50 גרם,,,שמרית בשקית 50 גרם,גרמים,50.00,100 גרם,false,1,5.20,10.40,true,1,
7290000453323,false,קמח תמי עמילן חיטה ללא גלוטן 500 גרם,,IL,קמח תמי עמילן חיטה ל,גרמים,500.00,100 גרם,false,1,18.90,3.78,true,1,
7290000453408,false,בצק פיצה דק מצונן ומוכן לאפיה 415 גר,,FR,בצק פיצה דק מצונן,גרמים,415.00,100 גרם,false,1,16.90,4.07,true,1,
7290000453415,false,בצק עלים מצונן ומוכן לאפיה 300 גר,,FR,בצק עלים מצונן ומוכן,גרמים,300.00,100 גרם,false,1,15.90,5.30,true,1,
7290000453422,false,בצק פילו ומוכן לאפיה 300 גר,,FR,בצק פילו מוכן לאפיה,גרמים,300.00,100 גרם,false,1,17.60,5.87,true,1,
7290000453446,false,פיצה קראסט שמרית 500 גרם,,IL,פיצה קראסט שמרית 500,גרמים,500.00,100 גרם,false,1,21.90,4.38,true,1,
7290000453781,false,שמרים יבשים שמרית 125 גרם,,PT,שמרים יבשים שמרית 12,גרמים,125.00,100 גרם,false,1,7.50,6.00,true,1,
7290000453798,false,שמרים יבשים אקטיבים 500 גרם שמרית,,,שמרים יבשים אקטיבים,גרמים,500.00,100 גרם,false,1,17.90,3.58,true,1,
7290000461625,false,בייגלה שמיניות מלוח 400 גרם,,,בייגלה שמיניות מלוח,גרמים,400.00,100 גרם,false,1,13.90,3.48,true,1,
7290000461656,false,בייגלה אחד אחד 400 גרם,,,בייגלה אחד אחד 400 ג,גרמים,400.00,100 גרם,false,1,13.90,3.48,true,1,
7290000461700,false,בייגל גדול גדול 400 גרם,,,בייגל גדול גדול 400,גרמים,400.00,100 גרם,false,1,16.90,4.23,true,1,
7290000461724,false,בייגל גדול גדול שומשום 400 גרם,,,בייגל גדול גדול שומש,גרמים,400.00,100 גרם,false,1,17.70,4.43,true,1,
7290000462103,false,סחוג זהבי אדום 150 גרם,,,סחוג זהבי אדום 150 ג,גרמים,150.00,100 גרם,false,1,10.90,7.27,true,1,
7290000462141,false,זחוק אדום מריף מאוד 150גר,,,זחוק אדום מריף מאוד,גרמים,350.00,100 גרם,false,1,10.90,3.11,true,1,
7290000462172,false,סחוג זהבי ירוק חריף 150 גרם,,,סחוג זהבי ירוק חריף,גרמים,150.00,100 גרם,false,1,10.90,7.27,true,1,
7290000467320,false,חומוס אבו מרוואן 400 גר,,,חומוס אבו מרוואן 400,גרמים,400.00,100 גרם,false,1,16.40,4.10,true,1,
7290000474090,false,חלב 1% בקרטון 1 ליטר,,,חלב 1% בקרטון 1 ליטר,מיליליטרים,1000.00,"100 מ""ל",false,1,5.86,0.59,true,1,
7290000474373,false,"שמנת חמוצה 200 מ""ל",,,"שמנת חמוצה 200 מ""ל",מיליליטרים,200.00,"100 מ""ל",false,1,2.40,1.20,true,1,
7290000474502,false,גבינה לבנה 5% 250 גר,,,גבינה לבנה 5%,גרמים,250.00,100 גרם,false,1,4.98,1.99,true,1,
7290000474540,false,טוב טעם 250 גרם,,,טוב טעם 250 גרם,גרמים,250.00,100 גרם,false,1,12.90,5.16,true,1,
7290000480107,false,קוואקר שיבולת שועל פחית 500 גר,,,קוואקר שיבולת שועל פ,גרמים,500.00,100 גרם,false,1,14.90,2.98,true,1,
7290000480442,false,קוואקר 500 גרם שקית,,,קוואקר 500 גרם שקית,גרמים,500.00,100 גרם,false,1,14.80,2.96,true,1,
7290000482019,false,קוקי רגיל 10 יח,,,קוקי רגיל 10 יח,Unknown,0.00,Unknown,false,1,11.50,11.50,true,1,
7290000482033,false,קוקי ענק שקיות לצליה 5 יח,,,קוקי ענק שקיות לצליה,Unknown,0.00,Unknown,false,1,11.50,11.50,true,1,
7290000483641,false,מרציפן חלה המרשלג 75 גרם,,,מרציפן חלה המרשלג 75,גרמים,75.00,100 גרם,false,1,10.60,14.13,true,1,
7290000483924,false,המרשלג בצק סוכר 600 גרם,,,המרשלג בצק סוכר 600,גרמים,600.00,100 גרם,false,1,16.50,2.75,true,1,
7290000484747,false,"ערק עלית 40% 700 מ""ל",,,"ערק עלית 40% 700 מ""ל",מיליליטרים,700.00,"100 מ""ל",false,1,59.90,8.56,true,1,
7290000490601,false,מאגדת גלידל וניל 8 יח דיאט,,,מאגדת גלידל וניל,גרמים,400.00,100 גרם,false,1,33.50,8.38,true,1,
7290000490762,false,מאגדת גלידל שוקו 8 יח דיאט,,,מאגדת גלידל שוקו 8 י,גרמים,400.00,100 גרם,false,1,33.50,8.38,true,1,
7290000493176,false,אבקת רוטב צלי לבשר-22 גרם,,,אבקת רוטב צלי לבשר-2,גרמים,22.00,100 גרם,false,1,5.40,24.55,true,1,
7290000493183,false,אבקת רוטב פטריות לבשר-30 גרם,,,אבקת רוטב פטריות לבש,גרמים,30.00,100 גרם,false,1,5.50,18.33,true,1,
7290000497044,false,לחם ברמן אקטיב 750 גר,,,לחם ברמן אקטיב 750 ג,גרמים,750.00,100 גרם,false,1,16.50,2.20,true,1,
7290000497112,false,אחיד פרוס ברמן,,,אחיד פרוס ברמן,גרמים,750.00,100 גרם,false,1,7.11,0.95,true,1,
7290000497228,false,שש לחמניות בשקית,,,שש לחמניות בשקית,גרמים,450.00,100 גרם,false,1,12.90,2.87,true,1,
7290000497303,false,שש לחמניות בשקית,,,שש לחמניות בשקית,גרמים,450.00,100 גרם,false,1,13.90,3.09,true,1,
7290000497426,false,לחם ברמן לענין פלוס 500 גרם,,,לחם ברמן לענין פלוס,גרמים,500.00,100 גרם,false,1,16.50,3.30,true,1,
7290000498003,false,לחם מקמח חיטה מלא 750 גר,,,לחח מקמח חיטה מלא 75,גרמים,750.00,100 גרם,false,1,17.50,2.33,true,1,
7290000498034,false,לחם מקמח כוסמין מלא 750 גרם,,IL,לחם מקמח כוסמין מלא,גרמים,750.00,100 גרם,false,1,17.50,2.33,true,1,
7290000504025,false,סוכרזית פטריה 300 טבליות,,,סוכרזית פטריה 300 טב,גרמים,300.00,100 גרם,false,1,11.50,3.83,true,1,
7290000504049,false,סוכרזית קנקן 1200 טבליות,,,סוכרזית קנקן 1200 טב,Unknown,0.00,Unknown,false,1,31.90,31.90,true,1,
7290000504209,false,"דיאט טיפ-ממתיק נוזלי 220 מ""ל",,,דיאט טיפ-ממתיק נוזלי,מיליליטרים,220.00,"100 מ""ל",false,1,26.50,12.05,true,1,
7290000504278,false,סוכרזית פטנט 700 טבליות,,,סוכרזית פטנט 700 טבל,גרמים,574.00,100 גרם,false,1,22.90,3.99,true,1,
7290000518114,false,מתוק וקל אבקה 200 גר,,,מתוק וקל אבקה 200 גר,גרמים,200.00,100 גרם,false,1,11.40,5.70,true,1,
7290000518176,false,מתוק וקל ענק 250 שקיות,,,מתוק וקל ענק 250 שקי,גרמים,250.00,100 גרם,false,1,23.60,9.44,true,1,
7290000518190,false,מתוק וקל סטיביה 100 שקיות,,,מתוק וקל סטיביה 100,Unknown,0.00,Unknown,false,1,30.90,30.90,true,1,
7290000518220,false,סוכרה דיאט 100 שקיות,,,סוכרה דיאט 100 שקיות,גרמים,100.00,100 גרם,false,1,29.90,29.90,true,1,
7290000518237,false,סוכרה דיאט אבקת 100 גרם,,,סוכרה דיאט אבקת 100,גרמים,100.00,100 גרם,false,1,30.10,30.10,true,1,
7290000518251,false,מתוק וקל זהב 100 שקיות,,,מתוק וקל זהב 100 שקי,Unknown,0.00,Unknown,false,1,17.40,17.40,true,1,
7290000518336,false,MOOOSH צמר גפן מתוק,,IL,MOOOSH צמר גפן מתוק,גרמים,10.00,100 גרם,false,1,5.20,52.00,true,1,
7290000518398,false,"סוכרה דיאט טיפות 150 מ""ל",,,סוכרה דיאט טיפות 150,מיליליטרים,150.00,"100 מ""ל",false,1,26.90,17.93,true,1,
7290000522104,false,חלב עמיד 3% 1 ליטר,,,חלב עמיד 3% 1 ליטר,מיליליטרים,1000.00,"100 מ""ל",false,1,8.90,0.89,true,1,
7290000522166,false,חלב הרים טהור-עמיד- נטול לקטוז 1 לי 3%,,,חלב הרים טהור-עמיד-,מיליליטרים,1000.00,"100 מ""ל",false,1,11.50,1.15,true,1,
7290000523125,false,מלח הארץ ים יבש 250 גרם,,,מלח הארץ ים יבש 250,גרמים,250.00,100 גרם,false,1,6.70,2.68,true,1,
7290000523224,false,מלח הארץ ים יבש 500 גרם,,,מלח הארץ ים יבש 500,גרמים,500.00,100 גרם,false,1,8.90,1.78,true,1,
7290000523514,false,מלח ים יבש מופחת נתרן 250 גר,,,מלח ים יבש מופחת נתר,גרמים,250.00,100 גרם,false,1,12.90,5.16,true,1,
7290000523804,false,מלח עדין 1 קג צנצנת,,,"מלח עדין 1 ק""ג צנצנת",גרמים,1000.00,100 גרם,false,1,8.50,0.85,true,1,
7290000523811,false,מלח גס 1 קג צנצנת,,,"מלח גס 1 ק""ג צנצנת",גרמים,1000.00,100 גרם,false,1,9.10,0.91,true,1,
7290000525969,false,מיץ תפוזים סחוט 1 ל פרימור,,,מיץ תפוזים סחוט 1 ל,מיליליטרים,1000.00,"100 מ""ל",false,1,17.20,1.72,true,1,
7290000540160,false,"עוגיות ללת""ס 500 גר",,,עוגיות מקלח מלא,גרמים,500.00,100 גרם,false,1,18.90,3.78,true,1,
7290000540290,false,דובשניות 600 גרם,,,דובשניות 600 גרם,גרמים,600.00,100 גרם,false,1,9.90,1.65,true,1,
7290000554402,false,מעדן מלבי 160 גר,,,מעדן מלבי 160 גר,גרמים,160.00,100 גרם,false,1,6.20,3.88,true,1,
7290000554457,false,צפתית מיני 5% 350 גרם,,,צפתית מיני 5% 350 גר,גרמים,350.00,100 גרם,false,1,23.90,6.83,true,1,
7290000554471,false,מוצרלה 180 גרם,,,מוצרלה 180 גרם,גרמים,180.00,100 גרם,false,1,18.90,10.50,true,1,
7290000554532,false,צפתית מעודנת 5% במלח ים טבעי 200גר,,,צפתית מעודנת 5% במלח,גרמים,200.00,100 גרם,false,1,15.90,7.95,true,1,
7290000554600,false,מוצרלה מגורדת 300 גרם,,,מוצרלה מגורדת 300 גר,גרמים,300.00,100 גרם,false,1,25.50,8.50,true,1,
7290000554624,false,מעדן ירח מתוק 150 גר,,,מעדן ירח מתוק 150 גר,גרמים,150.00,100 גרם,false,1,6.10,4.07,true,1,
7290000554686,false,לבנה בשמן זית וזעתר 250 גר,,,לבנה בשמן זית וזעתר,גרמים,250.00,100 גרם,false,1,16.90,6.76,true,1,
7290000554822,false,ריקוטה 250 גרם,,,ריקוטה 250 גרם,גרמים,250.00,100 גרם,false,1,15.90,6.36,true,1,
7290000554839,false,גבינת מסקרפונה 250 גרם,,,גבינת מסקרפונה 250 ג,גרמים,250.00,100 גרם,false,1,21.90,8.76,true,1,
7290000555505,false,פיקדון זוג,,,פיקדון זוג,Unknown,0.00,Unknown,false,1,0.60,0.60,true,1,
7290000555510,false,פיקדון שלישייה,,,פיקדון שלישייה,Unknown,0.00,Unknown,false,1,0.90,0.90,true,1,
7290000560533,false,אדג גל רגיל,,,אדג גל רגיל 198 גר,גרמים,198.00,100 גרם,false,1,21.90,11.06,true,1,
7290000571232,false,גבינת גאודה טבעי פרוס 200 גרם,,,גבינת גאודה טבעי פרו,גרמים,200.00,100 גרם,false,1,23.90,11.95,true,1,
7290000571386,false,יוגורמה יוגורט כבשים 850 גר,,,יוגורמה יוגורט כבשים,גרמים,850.00,100 גרם,false,1,27.90,3.28,true,1,
7290000571393,false,יוגורמה יוגורט כבשים 140 גר,,,יוגורמה יוגורט כבשים,גרמים,140.00,100 גרם,false,1,6.50,4.64,true,1,
7290000652177,false,נתחי פילה נסיכת הנילוס קפוא,,,נתחי פילה נסיכת הניל,Unknown,0.00,"ק""ג",true,0,74.90,74.90,true,1,
7290000652894,false,סטייק טונה קפוא,,,סטייק טונה קפוא,Unknown,0.00,"ק""ג",true,0,56.90,56.90,true,1,
7290000688176,false,"מי עדן בייבי 250 מ""ל",,,"מי עדן בייבי 250 מ""ל",מיליליטרים,250.00,"100 מ""ל",false,1,3.50,1.40,true,1,
7290000688381,false,"מי עדן שישיה אישי 500 מ""ל",,,מי עדן שישיה אישי,מיליליטרים,3000.00,"100 מ""ל",false,1,15.90,0.53,true,1,
7290000688503,false,שישיית מים ספורט 750 מל,,,שישיית מים ספורט 750,מיליליטרים,4500.00,"100 מ""ל",false,1,18.90,0.42,true,1,
7290000690536,false,לבבות חסה שטופה,,,לבבות חסה שטופה,Unknown,0.00,Unknown,false,1,10.10,10.10,true,1,
7290000692456,false,אגקס לניקוי חלונות כחול 1.5 ליטר,,,אגקס לניקוי חלונות כ,ליטרים,0.00,ליטר,false,1,28.20,28.20,true,1,
7290000803180,false,"מרידול מי פה 400 מ""ל",,,"מרידול מי פה 400 מ""ל",מיליליטרים,400.00,"100 מ""ל",false,1,34.90,8.73,true,1,
7290000805597,false,בונזו סניור 7+ 3 קג,,,בונזו סניור 7+ 3 קג,קילוגרמים,0.01,"ק""ג",false,1,49.90,4990.00,true,1,
7290000805900,false,לה-קט 2.85 קג עוף,,,לה קט 2.85 קג עוף,קילוגרמים,0.00,"ק""ג",false,1,59.90,59.90,true,1,
7290000805917,false,לה-קט 2.85 קג כבד,,,לה-קט 2.85 קג כבד,קילוגרמים,0.00,"ק""ג",false,1,65.00,65.00,true,1,
7290000805924,false,לה-קט 2.85 קג דגים,,,לה-קט 2.85 קג דגים,קילוגרמים,0.00,"ק""ג",false,1,59.90,59.90,true,1,
7290000993461,false,שרי צהוב,,,שרי צהוב,Unknown,0.00,Unknown,false,1,12.90,12.90,true,1,
7290000993560,false,שרי מנומר,,,שרי מנומר,Unknown,0.00,Unknown,false,1,12.90,12.90,true,1,
7290000995410,false,נבטים סינים,,,נבטים סינים,Unknown,0.00,Unknown,false,1,7.90,7.90,true,1,
7290000995441,false,קייל - כרוב על,,,קייל - כרוב על,Unknown,0.00,Unknown,false,1,17.90,17.90,true,1,
7290001045169,false,מיץ תפוחים צלול 1 ל פרימור,,,מיץ תפוחים צלול 1 ל,מיליליטרים,1000.00,"100 מ""ל",false,1,17.20,1.72,true,1,
7290001045688,false,"תפוזים סחוט 400 מ""ל פרימור",,,"תפוזים סחוט 400 מ""ל",מיליליטרים,400.00,"100 מ""ל",false,1,11.90,2.98,true,1,
7290001111500,false,לחם מחמצת בטעמים 700 גרם,,,לחם מחמצת בטעמים 700,גרמים,700.00,100 גרם,false,1,18.50,2.64,true,1,
7290001201572,false,ביצים אריזון 12 ענק,,,ביצים אריזון 12 ענק,Unknown,0.00,Unknown,false,1,13.10,13.10,true,1,
7290001201589,false,ביצים אריזון 12 גדול,,,ביצים אריזון 12 גדול,Unknown,0.00,Unknown,false,1,12.05,12.05,true,1,
7290001201596,false,ביצים אריזון 12 בינוני,,,ביצים אריזון 12 בינו,Unknown,0.00,Unknown,false,1,11.15,11.15,true,1,
7290001201657,false,ביצים אומגה 3 30 יח M,,,ביצים אומגה 3 30 יח,Unknown,0.00,Unknown,false,1,45.90,45.90,true,1,
7290001201824,false,ביצים אורגניות 12 יח L,,,ביצים אורגניות 12 יח,Unknown,0.00,Unknown,false,1,23.50,23.50,true,1,
7290001201862,false,ביצי חופש 12 יח L,,,ביצי חופש 12 יח L,Unknown,0.00,Unknown,false,1,20.90,20.90,true,1,
7290001201893,false,ביצים אומגה M 12 יח,,,ביצים אומגה M 12 יח,יחידה,1.00,יחידה,false,1,18.90,18.90,true,1,
7290001216040,false,טחינה 500 גרם טחינת אל-ארז,,,טחינה 500 גרם טחינת,גרמים,500.00,100 גרם,false,1,18.90,3.78,true,1,
7290001216231,false,טחינה מלאה 500 גרם טחינת אל-ארז,,,טחינה מלאה 500 גרם ט,גרמים,500.00,100 גרם,false,1,19.90,3.98,true,1,
7290001230331,false,כאמל בוקס חפיסה,,,כאמל בוקס חפיסה,Unknown,0.00,Unknown,false,1,30.90,30.90,true,1,
7290001230739,false,כאמל כחול חפיסה,,,כאמל כחול חפיסה,Unknown,0.00,Unknown,false,1,30.90,30.90,true,1,
7290001231233,false,ווינסטון בוקס חפיסה,,,ווינסטון בוקס חפיסה,Unknown,0.00,Unknown,false,1,33.00,33.00,true,1,
7290001231932,false,ווינסטון כחול בוקס חפיסה,,,ווינסטון כחול בוקס ח,Unknown,0.00,Unknown,false,1,33.00,33.00,true,1,
7290001246061,false,מרכך כביסה מרוכז כחו,,,מרכך כביסה מרוכז כחו,Unknown,0.00,Unknown,false,12,12.90,12.90,true,1,
7290001246085,false,ניקוי חלונות 1 ליטר טאצ,,,ניקוי חלונות 1 ליטר,Unknown,0.00,Unknown,false,1,7.90,7.90,true,1,
7290001246184,false,מבשם נטול גז טרופיקל 350 מל טאצ,,,מבשם נטול גז טרופיקל,Unknown,0.00,Unknown,false,1,10.90,10.90,true,1,
7290001246276,false,"תרסיס מטהר אוויר אורנים 300 מ""ל טאצ",,,תרסיס מטהר אוויר אור,Unknown,0.00,Unknown,false,1,5.50,5.50,true,1,
7290001246535,false,ת. נירוסטה 400 מל טאצ,,,ת. נירוסטה 400 מל טא,Unknown,0.00,Unknown,false,1,18.90,18.90,true,1,
7290001247068,false,קרטונית נקטר ספרינג תות בננה 1 ליטר,,,קרטונית נקטר ספרינג,מיליליטרים,1000.00,"100 מ""ל",false,1,7.60,0.76,true,1,
7290001247082,false,קרטונית נקטר ספרינג עגבניות 1 ליטר,,,קרטונית נקטר ספרינג,מיליליטרים,1000.00,"100 מ""ל",false,1,7.60,0.76,true,1,
7290001247099,false,קרטונית נקטר ספרינג מנגו 1 ליטר,,,קרטונית נקטר ספרינג,מיליליטרים,1000.00,"100 מ""ל",false,1,7.60,0.76,true,1,
7290001247112,false,קרטונית נקטר ספרינג לימונענע 1 ליטר,,,קרטונית נקטר ספרינג,מיליליטרים,1000.00,"100 מ""ל",false,1,7.60,0.76,true,1,
7290001247129,false,קרטונית נקטר ספרינג תפוזים,,,קרטונית נקטר ספרינג,מיליליטרים,1000.00,"100 מ""ל",false,1,7.60,0.76,true,1,
7290001247143,false,קרטונית נקטר ספרינג תפוחים,,,קרטונית נקטר ספרינג,מיליליטרים,1000.00,"100 מ""ל",false,1,7.60,0.76,true,1,
7290001258040,false,מארז גבינה רוקפור,,IL,מארז גבינה רוקפור,גרמים,0.00,"ק""ג",true,0,135.00,135.00,true,1,
7290001258255,false,מארז גבינה גאודה במשקל,,,מארז גבינה גאודה,Unknown,0.00,"ק""ג",true,0,116.00,116.00,true,1,
7290001258378,false,גבינת חלומי שקיל,,,גבינת חלומי במשקל,Unknown,0.00,"ק""ג",true,0,90.00,90.00,true,1,
7290001258415,false,רוקפור אישית 180 גר,,,רוקפור אישית 180 גר,גרמים,180.00,100 גרם,false,1,31.90,17.72,true,1,
7290001258446,false,"יוגורט צאן 5% 850 מ""ל",,,יוגורט צאן 5% 850 מל,מיליליטרים,850.00,"100 מ""ל",false,1,23.90,2.81,true,1,
7290001258668,false,עז-מה יחידה 250 גר,,,עז-מה יחידה,גרמים,250.00,100 גרם,false,1,17.90,7.16,true,1,
7290001258682,false,"יוגורט עיזים באריזה 500 מ""ל",,,יוגורט עיזים באריזה,מיליליטרים,500.00,"100 מ""ל",false,1,13.50,2.70,true,1,
7290001258729,false,לבנה צאן 270 גרם,,,לבנה צאן 270 גרם,גרמים,270.00,100 גרם,false,1,20.90,7.74,true,1,
7290001258736,false,יוגורט עיזים סילאן 0.5ל,,,מארז גבינה קשקבל,Unknown,0.00,"ק""ג",true,0,142.00,142.00,true,1,
7290001258774,false,גבינת מוצרלה בייבי 150גרם,,IL,גבינת מוצרלה בייבי 1,גרמים,150.00,100 גרם,false,1,15.90,10.60,true,1,
7290001258804,false,קשקבל אריזה ווקום 180 גר,,,קשקבל אריזה ווקום 18,גרמים,180.00,100 גרם,false,1,28.90,16.06,true,1,
7290001258958,false,מוצרלה מגורדת 200 גר,,,מוצרלה מגורדת 200 גר,גרמים,200.00,100 גרם,false,1,27.50,13.75,true,1,
7290001265642,false,שלישיית מעדני לה-קט פטה 3*400 גר,,,שלישיית מעדני לה-קט,גרמים,1200.00,100 גרם,false,1,19.90,1.66,true,1,
7290001274941,false,מאגדת גלידל פרי פטל 8 יח דיאט,,,מאגדת גלידל פרי פטל,גרמים,640.00,100 גרם,false,1,26.50,4.14,true,1,
7290001305058,false,פלמוליב נטורלס סבון נוזלי 500 צהוב,,,פלמוליב נטורלס סבון,מיליליטרים,500.00,"100 מ""ל",false,1,21.90,4.38,true,1,
7290001305188,false,פלמוליב לכלים אקטיב לימון 750 צהוב,,,פלמוליב לכלים אקטיב,מיליליטרים,750.00,"100 מ""ל",false,1,12.90,1.72,true,1,
7290001327180,false,קרמיסימו וניל ציפס 1.33 ליטר,,,קרמיסימו וניל ציפס 1,ליטרים,0.00,ליטר,false,1,24.90,24.90,true,1,
7290001327791,false,קרמיסימו עוגיות 1.33 ליטר,,,קרמיסימו עוגיות 1.33,ליטרים,0.00,ליטר,false,1,24.90,24.90,true,1,
7290001330234,false,קייבסקי טורט,,,קייבסקי טורט,גרמים,600.00,100 גרם,false,1,98.90,16.48,true,1,
7290001330265,false,עוגת ערב בפראג עגול,,,עוגת ערב בפראג עגול,גרמים,900.00,100 גרם,false,1,98.90,10.99,true,1,
7290001330753,false,עוגת שחרחורת מלבנית,,,עוגת שחרחורת מלבנית,גרמים,450.00,100 גרם,false,1,55.50,12.33,true,1,
7290001330838,false,עוגה בת קייב 700 גר,,,עוגה בת קייב 700 גר,גרמים,700.00,100 גרם,false,1,82.50,11.79,true,1,
7290001330890,false,עוגה פולינז שוקו בונדוק 700 גר,,,עוגה פולינז שוקו,גרמים,450.00,100 גרם,false,1,91.50,20.33,true,1,
7290001330951,false,עוגה סיביר ריבת חלב 800גר,,,עוגה סיביר ריבת חלב,גרמים,800.00,100 גרם,false,1,98.90,12.36,true,1,
7290001343845,false,"גרנולה פירות 1 ק""ג ורוד שקדיה",,,"גרנולה פירות 1 ק""ג ו",גרמים,1000.00,100 גרם,false,1,22.90,2.29,true,1,
7290001356173,false,סלמון פרוס 200 גרם,,,סלמון פרוס 200 גרם,גרמים,200.00,100 גרם,false,1,47.00,23.50,true,1,
7290001356562,false,פילה הרינג בטעמים 160 גר,,,פילה הרינג בטעמים 16,גרמים,160.00,100 גרם,false,1,18.50,11.56,true,1,
7290001361009,false,טורט קייבסקי,,,טורט קייבסקי,גרמים,700.00,100 גרם,false,1,84.90,12.13,true,1,
7290001361016,false,עוגה גינגית 600 גרם,,,עוגה גינגית 600 גרם,גרמים,600.00,100 גרם,false,1,47.90,7.98,true,1,
7290001361054,false,אקלרים וניל 600 גרם,,,אקלרים וניל 600 גרם,גרמים,600.00,100 גרם,false,1,45.90,7.65,true,1,
7290001361085,false,עוגת נפוליאון,,,עוגת נפוליאון,גרמים,600.00,100 גרם,false,1,47.90,7.98,true,1,
7290001361153,false,"עוגה פיצוץ 1.1 ק""ג",,,"עוגה פיצוץ 1.1 ק""ג",קילוגרמים,0.00,"ק""ג",false,1,114.90,114.90,true,1,
7290001361207,false,עוגת אוכמניות,,,עוגת אוכמניות,גרמים,650.00,100 גרם,false,1,50.90,7.83,true,1,
7290001361269,false,טורט קייב,,,טורט פס קייב 350 גרם,גרמים,350.00,100 גרם,false,1,52.90,15.11,true,1,
7290001361436,false,פס שמנת סמנטיק 550 גרם,,,פס שמנת סמנטיק 550 ג,גרמים,550.00,100 גרם,false,1,49.90,9.07,true,1,
7290001361450,false,עוגת ריבת חלב,,,עוגת ריבת חלב,גרמים,600.00,100 גרם,false,1,74.90,12.48,true,1,
7290001361580,false,פס היער השחור נטלי 550 גרם,,,פס היער השחור נטלי,גרמים,550.00,100 גרם,false,1,49.90,9.07,true,1,
7290001407547,false,טחינה משומשום מלא פי 6 500 גרם,,,טחינה משומשום מלא פי,גרמים,500.00,100 גרם,false,1,17.90,3.58,true,1,
7290001407813,false,חלבה שאמית פיסטוק 350 גרם,,,חלבה שאמית פיסטוק 35,גרמים,350.00,100 גרם,false,1,18.20,5.20,true,1,
7290001407844,false,חלבה קלאסית וניל 350 גרם,,,חלבה קלאסית וניל 350,גרמים,350.00,100 גרם,false,1,17.90,5.11,true,1,
7290001427453,false,מיץ תפוחים פינק ליידי קשת 1 ליטר,,IL,מיץ תפוחים פינק לייד,מיליליטרים,1000.00,"100 מ""ל",false,1,23.90,2.39,true,1,
7290001436790,false,מיני מרגז חריף 500 גרם,,,מיני מרגז חריף 500 ג,גרמים,500.00,100 גרם,false,1,29.50,5.90,true,1,
7290001468753,false,קמח תפוא 500 גרם,,,קמח תפוא 500 גרם,גרמים,500.00,100 גרם,false,1,7.90,1.58,true,1,
7290001482186,false,אננס חתוך בסירופ קל וילי פוד 565 גר,,TH,אננס חתוך בסירופ קל,גרמים,565.00,100 גרם,false,1,7.90,1.40,true,1,
7290001485019,false,גבינה שמנת טבעי 5% 200 גר מהדרין,,,גבינה שמנת טבעי 5% 2,גרמים,200.00,100 גרם,false,1,13.90,6.95,true,1,
7290001491010,false,תה ירוק יסמין 25 שקיקים 1.5 גרם,,,תה ירוק יסמין 25 שקי,Unknown,0.00,Unknown,false,1,26.90,26.90,true,1,
7290001491096,false,תה ירוק לימונית לואיזה 50 שקיקים,,,תה ירוק לימונית לואי,Unknown,0.00,Unknown,false,1,48.50,48.50,true,1,
7290001507360,false,חטיף אובלטים אורגניים עם כוסמין 100 גר,,,חטיף אובלטים אורגניי,גרמים,100.00,100 גרם,false,1,12.90,12.90,true,1,
7290001515310,false,שש כריות קרצוף יפניות סקוטש ברייט,,,שישיית כריות קרצוף,Unknown,0.00,Unknown,false,1,16.40,16.40,true,1,
7290001581049,false,שיפודי פרגיות קפוא מזרע,,,שיפודי פרגיות קפואים,Unknown,0.00,"ק""ג",true,0,65.90,65.90,true,1,
7290001581094,false,כנפיים עוף ללא נוצות טרי,,,כנפיים עוף ללא נוצות,Unknown,0.00,"ק""ג",true,0,18.90,18.90,true,1,
7290001581131,false,שוק טלה מפורק,,,שוק טלה מפורק,Unknown,0.00,"ק""ג",true,0,129.90,129.90,true,1,
7290001588352,false,אבוקדו אורגני,,,אבוקדו אורגני,Unknown,0.00,"ק""ג",true,0,38.90,38.90,true,1,
7290001588406,false,בצל יבש אורגני,,,בצל יבש אורי אורגני,קילוגרמים,0.00,"ק""ג",true,0,18.90,18.90,true,1,
7290001588437,false,מלפפון אורגני,,,מלפפון אורגני שדות,Unknown,0.00,"ק""ג",true,0,14.90,14.90,true,1,
7290001588444,false,עגבניה אורגנית,,,עגבניה אורגנית שדות,Unknown,0.00,"ק""ג",true,0,14.90,14.90,true,1,
7290001588567,false,תפוח עץ אורגני אדום,,,תפוח עץ אורגני אדום,Unknown,0.00,"ק""ג",true,0,29.90,29.90,true,1,
7290001588604,false,לימון אורגני,,,לימון אורגני שדות,Unknown,0.00,"ק""ג",true,0,19.90,19.90,true,1,
7290001588703,false,גזר ארוז מגשית אורגני,,,גזר ארוז מגשית אורגנ,Unknown,0.00,"ק""ג",true,0,14.90,14.90,true,1,
7290001594025,false,קוקה קולה קלאסי 350 מל,,,קוקה קולה קלאסי 350,מיליליטרים,350.00,"100 מ""ל",false,1,6.60,1.89,true,1,
7290001594155,false,"קוקה קולה 500 מ""ל",,,"קוקה קולה 500 מ""ל",מיליליטרים,500.00,"100 מ""ל",false,1,8.50,1.70,true,1,
7290001594384,false,"פריגת אשכוליות 500 מ""ל",,,פריגת אשכוליות 500 מ,מיליליטרים,500.00,"100 מ""ל",false,1,5.90,1.18,true,1,
7290001594520,false,"טובורג בקבוק 330 מ""ל",,,"טובורג בקבוק 330 מ""ל",מיליליטרים,330.00,"100 מ""ל",false,1,8.90,2.70,true,1,
7290001594544,false,טובורג מאלט בקבוק 330 מ|ל,,,טובורג מאלט בקבוק 33,מיליליטרים,330.00,"100 מ""ל",false,1,6.50,1.97,true,1,
7290001594568,false,"קרלסברג פחית 500 מ""ל",,,"קרלסברג פחית 500 מ""ל",מיליליטרים,500.00,"100 מ""ל",false,1,9.90,1.98,true,1,
7290001594575,false,"טובורג 500 מ""ל",,,"בירה טובורג 500 מ""ל",מיליליטרים,500.00,"100 מ""ל",false,1,9.90,1.98,true,1,
7290001594810,false,"שישיית מאלט 330 מ""ל בקבוקים",,,"שישיית מאלט 330 מ""ל",מיליליטרים,1980.00,"100 מ""ל",false,1,32.90,1.66,true,1,
7290001594858,false,"טובורג רד שישייה בקבוק 330 מ""ל",,,טובורג רד שישייה בקב,מיליליטרים,1980.00,"100 מ""ל",false,1,39.90,2.02,true,1,
7290001594865,false,"קרלסברג שישיה בקבוק 330 מ""ל",,,קרלסברג שישיה בקבוק,מיליליטרים,1980.00,"100 מ""ל",false,1,34.90,1.76,true,1,
7290001670354,false,מפת שולחן סופגת לבן/צבעוני,,,מפת שולחן הנמל סופגת,Unknown,0.00,Unknown,false,1,13.50,13.50,true,1,
7290001670408,false,נרות חימום בשקית 50 יח,,,נרות חימום בשקית 50,Unknown,0.00,Unknown,false,1,16.70,16.70,true,1,
7290001670736,false,כפפות ניילון שקוף 100 יח,,,כפפות ניילון שקוף 10,Unknown,0.00,Unknown,false,1,7.50,7.50,true,1,
7290001670873,false,צלחות 1 קג,,,צלחות הנמל 1 קג,Unknown,0.00,Unknown,false,1,59.90,59.90,true,1,
7290001780428,false,מאגדת שישיית גלידיאט שלגוני שוקולד,,,מאגדת שישיית גלידיאט,גרמים,312.00,100 גרם,false,1,32.90,10.54,true,1,
7290001780800,false,קראנץ ליבת נוגט,,,קראנץ ליבת נוגט,Unknown,0.00,Unknown,false,1,10.90,10.90,true,1,
7290001791349,false,פסגה אקונומיקה 4 ליטר,,,פסגה אקונומיקה 4 ליט,ליטרים,0.00,ליטר,false,1,11.90,11.90,true,1,
7290001791776,false,"סנו די רולאון פלוס אלוורה 50 מ""ל",,,סנו די רולאון פלוס,מיליליטרים,50.00,"100 מ""ל",false,1,23.90,47.80,true,1,
7290001817728,false,ציטוס כאפה עידן הקרח 55 גרם,,,ציטוס כאפה עידן הקרח,גרמים,55.00,100 גרם,false,1,4.50,8.18,true,1,
7290001881095,false,עגבניות שרי 1 קג,,,עגבניות שרי 1 קג,קילוגרמים,0.00,"ק""ג",false,1,30.90,30.90,true,1,
7290001881873,false,כרוב עם חמוציות 1 קג,,,כרוב עם חמוציות 1 קג,קילוגרמים,0.00,"ק""ג",false,1,23.00,23.00,true,1,
7290001901656,false,היימיש פיש הדג המיוחד 7 קציצות 600 גרם,,,היימיש פיש הדג המיוח,גרמים,600.00,100 גרם,false,1,18.90,3.15,true,1,
7290001901670,false,גפילטע פיש גולד ללא סוכר 470 ג הדג המיוח,,,גפילטע פיש גולד ללא,גרמים,470.00,100 גרם,false,1,25.90,5.51,true,1,
7290001973233,false,מגבונים קמיל בלו 120 יח,,,מגבונים קמיל בלו 120,Unknown,0.00,Unknown,false,1,14.50,14.50,true,1,
7290001975992,false,"בירה ויינשטפן 330 מ""ל",,,"בירה ויינשטפן 330 מ""",מיליליטרים,330.00,"100 מ""ל",false,1,14.90,4.52,true,1,
7290001990094,false,סוכר חום קלאסי בצנצנת 1 קג,,,סוכר חום קלאסי בצנצנ,גרמים,1000.00,100 גרם,false,1,15.90,1.59,true,1,
7290001990117,false,שומשום 100 גרם,,,שומשום 100 גרם,גרמים,100.00,100 גרם,false,1,4.70,4.70,true,1,
7290001990261,false,"חומוס 1 ק""ג",,,"חומוס 1 ק""ג",גרמים,1000.00,100 גרם,false,1,16.90,1.69,true,1,
7290001990278,false,"שעועית לבנה 1 ק""ג",,,"שעועית לבנה 1 ק""ג",גרמים,1000.00,100 גרם,false,1,23.00,2.30,true,1,
7290001990414,false,עדשים אדומים 1 קג,,,"עדשים אדומים 1 ק""ג",גרמים,1000.00,100 גרם,false,1,16.40,1.64,true,1,
7290001990421,false,פופקורן 1 קג,,,"פופקורן 1 ק""ג",גרמים,1000.00,100 גרם,false,1,11.40,1.14,true,1,
7290002000136,false,מגע המשי הדבש שעווה למיקרוגל,,,מגע המשי הדבש שעווה,גרמים,500.00,100 גרם,false,1,21.90,4.38,true,1,
7290002007036,false,כוסמת 500 גר,,,כוסמת 500 גר,גרמים,500.00,100 גרם,false,1,9.10,1.82,true,1,
7290002007234,false,אבקת סוכר 100 גרם,,,אבקת סוכר 100 גרם,גרמים,100.00,100 גרם,false,1,1.90,1.90,true,1,
7290002007302,false,מזרה צבע אחיד צנצנת 100 גרם,,,מזרה צבע אחיד צנצנת,גרמים,100.00,100 גרם,false,1,7.80,7.80,true,1,
7290002007357,false,שקיות צליה 10 יחידות,,,שקיות צליה 10 יחידות,Unknown,0.00,Unknown,false,1,5.50,5.50,true,1,
7290002007500,false,קיסמי שיניים בחבית 500 יחידות,,,קיסמי שיניים בחבית,Unknown,0.00,Unknown,false,1,3.30,3.30,true,1,
7290002007623,false,כוסות ליין 50 יח,,TR,כוסות ליין 50 יח,Unknown,0.00,Unknown,false,1,6.50,6.50,true,1,
7290002007852,false,תמציות לאפיה,,,תמציות לאפיה,Unknown,0.55,Unknown,false,1,4.60,8.36,true,1,
7290002007975,false,צלחות קטן 50 יח,,IL,צלחות קטן 50 יח,Unknown,0.00,Unknown,false,1,15.20,15.20,true,1,
7290002008040,false,שיפודים 30 סמ,,,שיפודים 30 סמ,Unknown,0.00,Unknown,false,1,4.20,4.20,true,1,
7290002008507,false,נייר אפיה 50 יחידות,,,נייר אפיה 50 יחידות,Unknown,0.00,Unknown,false,1,9.90,9.90,true,1,
7290002008743,false,סוכר וניל 10 יחידות,,,סוכר וניל 10,גרמים,100.00,100 גרם,false,1,2.30,2.30,true,1,
7290002008750,false,אבקת אפיה 10 יח,,,אבקת אפיה 10 יח,גרמים,100.00,100 גרם,false,1,2.30,2.30,true,1,
7290002008934,false,סוכריות לקישוט צבעוני הנמל 200 גרם,,IL,סוכריות לקישוט צבעונ,גרמים,200.00,100 גרם,false,1,9.50,4.75,true,1,
7290002008989,false,קשים 225 יח,,,קשים 225 יח,Unknown,0.00,Unknown,false,1,12.10,12.10,true,1,
7290002019114,false,רוטב עגבניות % 28 פריניר 560 גר,,,רוטב עגבניות % 28 פר,גרמים,560.00,100 גרם,false,1,6.90,1.23,true,1,
7290002019763,false,עגבניות מרוסקות פריניר 800 גר,,,עגבניות מרוסקות 800,גרמים,800.00,100 גרם,false,1,6.70,0.84,true,1,
7290002019787,false,רוטב עגבניות מרוכז מאוד 260 גרם פריניר,,,רוטב עגבניות מרוכז מ,גרמים,260.00,100 גרם,false,1,4.00,1.54,true,1,
7290002019794,false,רוטב עגבניות מרוכז מאוד 100 גרם פריניר,,,רוטב עגבניות מרוכז מ,גרמים,100.00,100 גרם,false,1,2.10,2.10,true,1,
7290002026884,false,מאגדת צאנקי מיקס בן&גריס *4,,,מאגדת צאנקי מיקס בן&,Unknown,0.00,Unknown,false,1,29.90,29.90,true,1,
7290002026891,false,מאגדת קוקי מיקס בן&גריס *4,,,מאגדת קוקי מיקס בן&ג,Unknown,0.00,Unknown,false,1,29.90,29.90,true,1,
7290002026914,false,מאגדת קלאסיק מיקס בן&גריס *4,,,מאגדת קלאסיק מיקס בן,Unknown,0.00,Unknown,false,1,29.90,29.90,true,1,
7290002027843,false,מיני בר תמרים ואגוזים 120 גרם,,IL,חטיף תמרים עם אגוזי,גרמים,120.00,100 גרם,false,1,14.90,12.42,true,1,
7290002037040,false,חלה פלוס ודש 500 גרם,,,חלה פלוס ודש 500 גרם,גרמים,500.00,100 גרם,false,1,16.50,3.30,true,1,
7290002037057,false,לחם לבן פרוס ודש,,,לחם לבן פרוס ודש,גרמים,500.00,100 גרם,false,1,6.10,1.22,true,1,
7290002037125,false,חלה פרוסה,,,חלה פרוסה,גרמים,500.00,100 גרם,false,1,10.90,2.18,true,1,
7290002037163,false,לחם אחיד פרוס,,,לחם אחיד פרוס,גרמים,750.00,100 גרם,false,1,7.11,0.95,true,1,
7290002037194,false,לחם שחור קמח מלא 750 גר,,,לחם שחור קמח מלא 750,גרמים,750.00,100 גרם,false,1,14.50,1.93,true,1,
7290002037309,false,שמיניית לחמניות המבורגר,,,שמיניית לחמניות המבו,גרמים,300.00,100 גרם,false,1,14.50,4.83,true,1,
7290002037569,false,שישיית לחמניות באניס,,,שישיית לחמניות באניס,גרמים,450.00,100 גרם,false,1,14.90,3.31,true,1,
7290002037637,false,מארז 4 חליות מתוקות,,,מארז 4 חליות מתוקות,גרמים,360.00,100 גרם,false,1,14.50,4.03,true,1,
7290002040019,false,קוסקוס רגיל 350 גרם,,,קוסקוס רגיל 350 גרם,גרמים,350.00,100 גרם,false,1,5.90,1.69,true,1,
7290002040064,false,קוסקוס דק 350 גרם,,,קוסקוס דק 350 גרם,גרמים,350.00,100 גרם,false,1,5.90,1.69,true,1,
7290002043218,false,ציפס אורז חום מלא מלח 60 גרם,,BG,ציפס אורז חום מלא מל,Unknown,0.00,Unknown,false,0,7.50,7.50,true,1,
7290002043867,false,באר אקסטרה בציפוי שוקולד לבן 5 יח 90 גרם,,,באר אקסטרה בציפוי שו,Unknown,0.00,Unknown,false,0,13.90,13.90,true,1,
7290002043874,false,באר אקסטרה קרמל מ.שוקולד חלב 5 יח 90 גר,,,באר אקסטרה קרמל מ.שו,גרמים,90.00,100 גרם,false,1,13.90,15.44,true,1,
7290002057048,false,זית סורי מבוקע יבנה 540 גרם,,,זית סורי מבוקע יבנה,גרמים,540.00,100 גרם,false,1,13.20,2.44,true,1,
7290002057185,false,טבעות זיתים ירוק יבנה 540 גרם,,,טבעות זיתים ירוקים,גרמים,540.00,100 גרם,false,1,10.90,2.02,true,1,
7290002057352,false,מלפפון מלח יבנה 7-9,,,מלפפון מלח יבנה 7-9,גרמים,540.00,100 גרם,false,1,7.90,1.46,true,1,
7290002057376,false,מלפפון במלח יבנה 13-17,,,מלפפון במלח יבנה 13-,גרמים,540.00,100 גרם,false,1,10.50,1.94,true,1,
7290002057383,false,מלפפון במלח 18-25 יבנה 540 גרם,,,מלפפון במלח 18-25 יב,גרמים,540.00,100 גרם,false,1,13.90,2.57,true,1,
7290002057451,false,מלפפון בחומץ יבנה 7-9,,,מלפפון בחומץ יבנה 7-,גרמים,540.00,100 גרם,false,1,7.90,1.46,true,1,
7290002057468,false,מלפפון בחומץ יבנה 10-12,,,מלפפון בחומץ יבנה 10,גרמים,540.00,100 גרם,false,1,8.90,1.65,true,1,
7290002057475,false,מלפפון בחומץ יבנה 13-17,,,מלפפון בחומץ יבנה 13,גרמים,540.00,100 גרם,false,1,10.50,1.94,true,1,
7290002057482,false,מלפפון בחומץ 18-25 יבנה 540 גרם,,,מלפפון בחומץ 18-25 י,גרמים,540.00,100 גרם,false,1,13.90,2.57,true,1,
7290002057604,false,שימורי שיפקה יבנה 540 גרם A2,,,שימורי שיפקה יבנה 54,גרמים,540.00,100 גרם,false,1,6.90,1.28,true,1,
7290002073529,false,פקורינו כבשים דותן במשקל,,,פקורינו כבשים דותן,קילוגרמים,0.00,"ק""ג",true,0,200.00,200.00,true,1,
7290002073628,false,גאודה אגוזים הולנדי במשקל,,,גאודה אגוזים הולנדי,Unknown,0.00,"ק""ג",true,0,147.00,147.00,true,1,
7290002073635,false,גאודה פסטו הולנדי במשקל,,,גאודה פסטו הולנדי במ,Unknown,0.00,"ק""ג",true,0,139.00,139.00,true,1,
7290002073680,false,גבינה קברה ביין ספרדי עיזים במשקל,,,גבינה קברה ביין ספרד,Unknown,0.00,"ק""ג",true,0,231.00,231.00,true,1,
7290002073864,false,תום כבשים דותן במשקל,,,תום כבשים דותן במשקל,Unknown,0.00,"ק""ג",true,0,196.00,196.00,true,1,
7290002075233,false,אייסקונפקט 250 גרם,,,אייסקונפקט 250 גרם,גרמים,250.00,100 גרם,false,1,18.60,7.44,true,1,
7290002107071,false,פטה עיזים מעודנת 16% 200 גרם,,,פטה עיזים מעודנת 16%,גרמים,200.00,100 גרם,false,1,27.50,13.75,true,1,
7290002107385,false,עז מה גבינת עיזים 180 גר,,,עז מה גבינת עיזים,גרמים,180.00,100 גרם,false,1,25.90,14.39,true,1,
7290002107491,false,גבינת עיזים למריחה 5% צוריאל 250 גר,,,גבינת עיזים למריחה 5,גרמים,250.00,100 גרם,false,1,17.50,7.00,true,1,
7290002107798,false,בולגרית בקר 5% בגביע 250 גר,,,בולגרית בקר 5% בגביע,גרמים,250.00,100 גרם,false,1,25.50,10.20,true,1,
7290002130567,false,דבש טהור יד מרדכי 350 גרם,,,דבש טהור יד מרדכי 35,גרמים,350.00,100 גרם,false,1,20.90,5.97,true,1,
7290002130574,false,דבש טהור 500 גר יד מרדכי זכוכית,,,דבש טהור יד מרדכי500,גרמים,500.00,100 גרם,false,1,28.60,5.72,true,1,
7290002130581,false,"דבש טהור יד מרדכי 1 ק""ג",,IL,דבש טהור יד מרדכי 1,גרמים,1000.00,100 גרם,false,1,49.50,4.95,true,1,
7290002132011,false,עבאדי עוגיות מזרחיות 400 גרם,,,עבאדי עוגיות מזרחיות,גרמים,400.00,100 גרם,false,1,19.70,4.93,true,1,
7290002133889,false,בולגרית מעודנת 5% בגביע 250 גר,,,בולגרית מעודנת 5%,גרמים,250.00,100 גרם,false,1,23.00,9.20,true,1,
7290002190141,false,ריבת חלב בצנצנת 450 גרם,,,ריבת חלב בצנצנת 450,גרמים,450.00,100 גרם,false,1,14.90,3.31,true,1,
7290002196884,false,"רוטב בוטנים וקארי 350 מ""ל",,,רוטב בוטנים וקארי 35,גרמים,350.00,100 גרם,false,1,19.90,5.69,true,1,
7290002204220,false,אוכמניות,,,אוכמניות,Unknown,0.00,Unknown,false,1,24.90,24.90,true,1,
7290002208129,false,חלומי כבשים דותן 250גר,,,חלומי כבשים דותן 250,גרמים,250.00,100 גרם,false,1,39.90,15.96,true,1,
7290002208464,false,קשקבל כבשים משק דותן 200 גרם,,,קשקבל כבשים משק דותן,גרמים,200.00,100 גרם,false,1,42.90,21.45,true,1,
7290002208471,false,פיקורינו כבשים משק דותן 200 גרם,,,פיקורינו כבשים משק ד,גרמים,200.00,100 גרם,false,1,42.90,21.45,true,1,
7290002208488,false,מנצגו כבשים משק דותן 200 גרם,,,מנצגו כבשים משק דותן,גרמים,200.00,100 גרם,false,1,42.90,21.45,true,1,
7290002208495,false,תום כבשים משק דותן 200 גרם,,,תום כבשים משק דותן 2,גרמים,200.00,100 גרם,false,1,42.90,21.45,true,1,
7290002208532,false,צדר כבשים משק דותן 200 גרם,,,צדר כבשים משק דותן 2,גרמים,200.00,100 גרם,false,1,42.90,21.45,true,1,
7290002232964,false,צפוי פז טחון דק 600,,,צפוי פז טחון דק 600,גרמים,600.00,100 גרם,false,1,35.50,5.92,true,1,
7290002232995,false,ציפוי פז דגש 500 גרם,,,ציפוי פז דגש 500 גרם,גרמים,500.00,100 גרם,false,1,32.90,6.58,true,1,
7290002253006,false,שום כתוש בצנצנת 200 גר דורות,,,שום כתוש בצנצנת 200,גרמים,200.00,100 גרם,false,1,17.90,8.95,true,1,
7290002253105,false,מגשית שום טרי דורות 80ג,,,מגשית שום טרי דורות,גרמים,80.00,100 גרם,false,1,14.90,18.63,true,1,
7290002253150,false,מגשית בזיליקום דורות 70 גר,,,מגשית בזיליקום דורות,גרמים,70.00,100 גרם,false,1,12.50,17.86,true,1,
7290002253167,false,מגשית פטרוזיליה דורות 70 גר,,,מגשית פטרוזיליה דורו,גרמים,70.00,100 גרם,false,1,12.50,17.86,true,1,
7290002253174,false,מגשית שמיר קצוץ דורות 70ג,,,מגשית שמיר קצוץ דורו,גרמים,70.00,100 גרם,false,1,12.50,17.86,true,1,
7290002253181,false,מגשית כוסברה דורות 70 גר,,,מגשית כוסברה דורות 7,גרמים,70.00,100 גרם,false,1,12.50,17.86,true,1,
7290002253198,false,מגשית גינגר כתוש קפוא 70גר,,,מגשית גינגר כתוש קפו,גרמים,70.00,100 גרם,false,1,13.90,19.86,true,1,
7290002253235,false,דורות רוטב פסטו 160 גרם,,,דורות רוטב פסטו 160,גרמים,160.00,100 גרם,false,1,15.90,9.94,true,1,
7290002253259,false,דורות רוטב עגבניות בזיליקום 160 גרם,,,דורות רוטב עגבניות ב,גרמים,160.00,100 גרם,false,1,15.90,9.94,true,1,
7290002253310,false,קוביות שום צילי חריף דורות 80 גר,,IL,קוביות שום צילי חריף,גרמים,80.00,100 גרם,false,1,13.90,17.38,true,1,
7290002277248,false,גבינה מון בלאן זעתר 120 גר,,,גבינה מון בלאן זעתר,גרמים,120.00,100 גרם,false,1,13.90,11.58,true,1,
7290002291046,false,המבורגר מסעדות 480 גרם,,,המבורגר מסעדות 480 ג,גרמים,480.00,100 גרם,false,1,29.90,6.23,true,1,
7290002304203,false,קונפיטורה ביתית תות לייט 600 גר,,,קונפיטורה ביתית תות,גרמים,600.00,100 גרם,false,1,32.90,5.48,true,1,
7290002304234,false,קונפיטורה ביתית אוכמניות לייט 600 גר,,,קונפיטורה ביתית אוכמ,גרמים,600.00,100 גרם,false,1,32.90,5.48,true,1,
7290002304609,false,קונפיטורה ביתי ענבי ציון תות 600 גרם,,IL,קונפיטורה ביתי ענבי,גרמים,600.00,100 גרם,false,1,19.90,3.32,true,1,
7290002304623,false,קונפיטורה ביתי ענבי ציון פירות יער 600 גר,,IL,קונפיטורה ביתי ענבי,גרמים,600.00,100 גרם,false,1,19.90,3.32,true,1,
7290002331025,false,נביעות 500 מל פקק ספורט,,,"נביעות 500 מ""ל",מיליליטרים,500.00,"100 מ""ל",false,1,5.90,1.18,true,1,
7290002331094,false,נביעות בודד 755 מל,,,"נביעות בודד 755 מ""ל",מיליליטרים,755.00,"100 מ""ל",false,1,5.90,0.78,true,1,
7290002331360,false,"שישיית מים נביעות 500 מ""ל",,,שישיית מים נביעות,מיליליטרים,3000.00,"100 מ""ל",false,1,14.90,0.50,true,1,
7290002331421,false,שישיית נביעות 755 מל,,,"שישיית נביעות 755 מ""",מיליליטרים,4530.00,"100 מ""ל",false,1,17.90,0.40,true,1,
7290002333098,false,חומוס אורגני 500 גר,,,חומוס אורגני 500 גר,גרמים,500.00,100 גרם,false,1,10.90,2.18,true,1,
7290002333319,false,קמח שיפון מלא 1 קג הרדוף,,,קמח שיפון מלא 1 קג ה,גרמים,1000.00,100 גרם,false,1,16.90,1.69,true,1,
7290002333463,false,שעועית מש אורגנית 500 גר,,,שעועית מש אורגנית 50,גרמים,500.00,100 גרם,false,1,15.90,3.18,true,1,
7290002333500,false,עדשים אדומים 500 גר,,,עדשים אדומים 500 גר,גרמים,500.00,100 גרם,false,1,11.90,2.38,true,1,
7290002333692,false,דוחן אורגני 500 גר,,,דוחן אורגני 500 גר,גרמים,500.00,100 גרם,false,1,10.90,2.18,true,1,
7290002333838,false,כוסמת אורגנית 500 גר,,,כוסמת אורגנית 500 גר,גרמים,500.00,100 גרם,false,1,11.90,2.38,true,1,
7290002333951,false,עדשים ירוקים אורגנים 500 גר,,,עדשים ירוקים אורגנים,גרמים,500.00,100 גרם,false,1,12.90,2.58,true,1,
7290002333968,false,עדשים צהובות חצויות אורגני 500 גר,,,עדשים צהובות חצויות,גרמים,500.00,100 גרם,false,1,13.90,2.78,true,1,
7290002333982,false,שעועית לבנה אורגנית 500 גר,,,שעועית לבנה אורגנית,גרמים,500.00,100 גרם,false,1,15.90,3.18,true,1,
7290002333999,false,גרעיני חמניות אורגנים 300 גר הרדוף,,,גרעיני חמניות אורגני,גרמים,300.00,100 גרם,false,1,12.90,4.30,true,1,
7290002353836,false,סרדינים רוברט בשמן זית 120 גר,,,סרדינים רוברט בשמן,גרמים,120.00,100 גרם,false,1,8.90,7.42,true,1,
7290002360124,false,תה פומפדור ורד בר+היביסקוס 20 שקיות,,,תה פומפדור ורד בר+הי,Unknown,0.00,Unknown,false,1,18.90,18.90,true,1,
7290002360155,false,תה חליטת פומפדור שומר 20 שקיות,,,תה חליטת פומפדור שומ,Unknown,0.00,Unknown,false,1,18.90,18.90,true,1,
7290002360278,false,תה חליטת פומפדור מנטה 20 יח,,,תה חליטת מנטה 20 יח,Unknown,0.00,Unknown,false,1,18.90,18.90,true,1,
7290002370994,false,גבינת גאודה עם פטריות כמהין שקיל,,NL,גבינת גאודה עם פטריו,Unknown,0.00,"ק""ג",true,0,155.00,155.00,true,1,
7290002371526,false,סלסולי פסטרמה שום וצילי 120 גר טירת צבי,,,סלסולי פסטרמה שום,גרמים,120.00,100 גרם,false,1,17.90,14.92,true,1,
7290002371533,false,סלסולי פסטרמה ודבש 120 גר טירת צבי,,,סלסולי פסטרמה ודבש 1,גרמים,120.00,100 גרם,false,1,17.90,14.92,true,1,
7290002371540,false,קורנביף 120 גר טירת מבי,,,קורנביף 120 גר,גרמים,120.00,100 גרם,false,1,17.90,14.92,true,1,
7290002371571,false,פסטרמה פרגיות לבאגט במשקלטירת צבי,,,פסטרמה פרגיות לבאגט,Unknown,0.00,"ק""ג",true,0,93.00,93.00,true,1,
7290002371854,false,"נקניקיות חריפות 1 ק""ג טירת צבי",,,נקניקיות חריפות 1 קג,קילוגרמים,0.00,"ק""ג",false,1,31.50,31.50,true,1,
7290002371939,false,סרוולט צרפתי 120 גר טירת צבי,,,סרוולט צרפתי 120 גר,גרמים,120.00,100 גרם,false,1,34.90,29.08,true,1,
7290002374268,false,שמן חמניות 1 ליטר,,,שמן חמניות 1 ליטר,מיליליטרים,1000.00,"100 מ""ל",false,1,13.50,1.35,true,1,
7290002374312,false,שמן קנולה 1 ליטר,,,שמן קנולה 1 ליטר,מיליליטרים,1000.00,"100 מ""ל",false,1,12.90,1.29,true,1,
7290002374640,false,שמן קנולה פלוס אומגה 3 1 ליטר עץ הזית,,,שמן קנולה פלוס אומגה,מיליליטרים,1000.00,"100 מ""ל",false,1,16.90,1.69,true,1,
7290002421399,false,גבינת גאודה צילי 200 גרם,,,גבינת גאודה צילי 200,גרמים,200.00,100 גרם,false,1,26.10,13.05,true,1,
7290002460060,false,"קמח 1 ק""ג",,,"קמח 1 ק""ג",קילוגרמים,0.00,"ק""ג",false,1,5.10,5.10,true,1,
7290002477556,false,כבד עוף טרי,,,כבד עוף טרי,Unknown,0.00,"ק""ג",true,0,22.90,22.90,true,1,
7290002485025,false,חומוס מסעדות 500גר,,,חומוס מסעדות 500גר,גרמים,500.00,100 גרם,false,1,16.70,3.34,true,1,
7290002485049,false,חומוס מסבחה 500גר,,,חומוס מסבחה 500גר,גרמים,500.00,100 גרם,false,1,16.70,3.34,true,1,
7290002485063,false,חומוס אבו גוש 500גר,,,חומוס אבו גוש 500גר,גרמים,500.00,100 גרם,false,1,16.70,3.34,true,1,
7290002488422,false,תמר מגהול פרימיום 600 גרם,,IL,תמר מגהול פרימיום 60,גרמים,600.00,100 גרם,false,1,20.90,3.48,true,1,
7290002507277,false,קציצות דג דלידג 700 גר,,,קציצות דג דלידג 700,גרמים,700.00,100 גרם,false,1,28.00,4.00,true,1,
7290002543046,false,קלוגס פרוסטיס 750 גרם,,,קלוגס פרוסטיס 750 גר,גרמים,750.00,100 גרם,false,1,22.90,3.05,true,1,
7290002543237,false,קלוגס קורן פלקס 750 גרם,,,קלוגס קורן פלקס 750,גרמים,750.00,100 גרם,false,1,16.90,2.25,true,1,
7290002551003,false,טונה סטארקיסט בשמן 160 גרם,,,טונה סטארקיסט בשמן,גרמים,160.00,100 גרם,false,1,7.80,4.88,true,1,
7290002551010,false,טונה סטארקיסט במים 160 גרם,,,טונה סטארקיסט במים,גרמים,160.00,100 גרם,false,1,7.80,4.88,true,1,
7290002616221,false,גבינה גרמנית פלאדין במשקל,,,גבינה גרמנית פלאדין,Unknown,0.00,"ק""ג",true,0,162.00,162.00,true,1,
7290002617013,false,מונטניולו גרמני במשקל,,,מונטניולו גרמני במשק,Unknown,0.00,"ק""ג",true,0,177.00,177.00,true,1,
7290002617297,false,פילה דג בסה מעובד קלאסי קפוא,,,פילה דג בסה קפוא,Unknown,0.00,Unknown,false,1,29.90,29.90,true,1,
7290002617709,false,"שרימפס מקולף גמבו 1 ק""ג קפוא 16/20",,,שרימפס מקולף גמבו 1,קילוגרמים,0.00,"ק""ג",false,1,143.50,143.50,true,1,
7290002617723,false,"שרימפס מקולף 1 ק""ג גדול קפוא 26/30",,,שרימפס מקולף גדול,קילוגרמים,0.00,"ק""ג",false,1,111.50,111.50,true,1,
7290002627210,false,גפילטע פיש 570 גר,,,גפילטע פיש 570 גר,גרמים,570.00,100 גרם,false,1,15.90,2.79,true,1,
7290002628293,false,טחון עוף קפוא 500 גרם,,IL,טחון עוף קפוא 500 גר,גרמים,500.00,100 גרם,false,1,12.00,2.40,true,1,
7290002661115,false,"לחם הולנדי 1.2 ק""ג",,,לחם הולנדי 1 קג,גרמים,1200.00,100 גרם,false,1,18.50,1.54,true,1,
7290002661153,false,"לחם דני קל 1 ק""ג",,,"לחם דני קל 1 ק""ג",גרמים,1000.00,100 גרם,false,1,16.90,1.69,true,1,
7290002692768,false,"תרסיס שמן קנולה מזוכך עץ הזית 200 מ""ל",,IL,תרסיס שמן קנולה מזוכ,מיליליטרים,200.00,"100 מ""ל",false,1,16.70,8.35,true,1,
7290002692782,false,"תרסיס שמן זית כתית מעולה עץ הזית 150 מ""ל",,IL,תרסיס שמן זית כתית מ,מיליליטרים,150.00,"100 מ""ל",false,1,16.70,11.13,true,1,
7290002697114,false,10 פיתות עבודת יד,,,10 פיתות עבודת יד,גרמים,500.00,100 גרם,false,1,17.90,3.58,true,1,
7290002730538,false,פדים להסרת איפור,,,בלונס מסיר איפור,Unknown,0.00,Unknown,false,1,11.90,11.90,true,1,
7290002730675,false,"משחת שיניים קולגייט משפחתי 100 מ""ל",,,משחת שיניים קולגייט,Unknown,0.00,Unknown,false,1,10.90,10.90,true,1,
7290002749059,false,מיני פולטבסקיה 290 גר,,,מיני פולטבסקיה 290 ג,גרמים,290.00,100 גרם,false,1,45.00,15.52,true,1,
7290002750963,false,בגט רוסטיק,,,רוסטיק שיפון,Unknown,0.00,Unknown,false,1,8.90,8.90,true,1,
7290002752332,false,מנטוס פירות,,,מנטוס פירות,גרמים,37.00,100 גרם,false,1,3.60,9.73,true,1,
7290002752349,false,מנטוס מנטה גליל,,NL,מנטוס מנטה גליל 37 ג,גרמים,37.00,100 גרם,false,1,3.60,9.73,true,1,
7290002753995,false,קישוטי עוגה 150 גרם,,,קישוטי עוגה 150 גרם,גרמים,150.00,100 גרם,false,1,23.50,15.67,true,1,
7290002766056,false,עגבניות שרי,,,עגבניות שרי,Unknown,0.00,Unknown,false,1,14.90,14.90,true,1,
7290002771104,false,קפה 500 גר עם הל,,,קפה 500 גר עם הל,גרמים,500.00,100 גרם,false,1,34.90,6.98,true,1,
7290002771111,false,קפה עם הל 250 גרם,,,קפה עם הל 250 גרם,גרמים,250.00,100 גרם,false,1,18.90,7.56,true,1,
7290002771128,false,קפה בלי הל 250 גרם,,,קפה בלי הל 250 גרם,גרמים,250.00,100 גרם,false,1,18.90,7.56,true,1,
7290002814016,false,מסיר שומנים סנט מוריץ 750 מל,,,מסיר שומנים,מיליליטרים,750.00,"100 מ""ל",false,1,17.70,2.36,true,1,
7290002824183,false,סקי משפחתי 5% 500 גרם,,,סקי משפחתי 5% 500 גר,גרמים,500.00,100 גרם,false,1,9.96,1.99,true,1,
7290002824466,false,יוגורט דנונה ביו 0% 200 גרם,,,יוגורט דנונה ביו 0%,מיליליטרים,200.00,"100 מ""ל",false,1,3.70,1.85,true,1,
7290002824640,false,גבינת סקי 5% 250 גרם,,IL,גבינת סקי 5% 250 גרם,גרמים,250.00,100 גרם,false,1,4.98,1.99,true,1,
7290002825722,false,כרוב אדום 500 גר,,,כרוב אדום 500 גר,גרמים,500.00,100 גרם,false,1,17.70,3.54,true,1,
7290002842415,false,פילה אנשובי אמיתי 50 גרם,,,פילה אנשובי אמיתי 50,גרמים,50.00,100 גרם,false,1,7.90,15.80,true,1,
7290002851721,false,מלפפון בייבי 600 גרם,,,מלפפון ביבי 600 גרם,גרמים,100.00,100 גרם,false,1,25.10,25.10,true,1,
7290002868996,false,קוטג 5% מועשר 250 גרם,,,קוטג 5% מועשר 250 גר,גרמים,250.00,100 גרם,false,1,6.50,2.60,true,1,
7290002879237,false,סומבררו ברבקיו 200 גר,,,סומבררו ברבקיו 200 ג,מיליליטרים,200.00,"100 מ""ל",false,1,18.90,9.45,true,1,
7290002879282,false,סומבררו-תירס טבעי 200 גרם,,,סומבררו-תירס טבעי 20,גרמים,200.00,100 גרם,false,1,18.90,9.45,true,1,
7290002879459,false,וילי פרוסות סלק כבוש בחומץ 710 ג,,,וילי פרוסות סלק כבוש,גרמים,710.00,100 גרם,false,1,21.00,2.96,true,1,
7290002881018,false,מעדן תות שדה 100% 284 גרם,,,מעדן תות שדה 100% 28,גרמים,284.00,100 גרם,false,1,15.90,5.60,true,1,
7290002881025,false,מעדן דובדבן חמוץ 100% 284 גרם,,,מעדן דובדבן חמוץ 100,גרמים,284.00,100 גרם,false,1,15.90,5.60,true,1,
7290002881209,false,רסק תפוחי עץ 720 גרם צנצנת,,,רסק תפוחי עץ 720 גרם,גרמים,720.00,100 גרם,false,1,12.80,1.78,true,1,
7290002881216,false,רסק תפוחי עץ דיאט 708 גרם צנצנת,,,רסק תפוחי עץ דיאט 7,גרמים,708.00,100 גרם,false,1,12.80,1.81,true,1,
7290002881230,false,אננס חתוך תומר 825 גרם,,,אננס חתוך תומר 850 ג,גרמים,825.00,100 גרם,false,1,12.90,1.56,true,1,
7290002881247,false,אננס שלם תומר 850 גרם,,,אננס שלם תומר 850 גר,גרמים,850.00,100 גרם,false,1,12.90,1.52,true,1,
7290002881254,false,קוקטייל טרופי תומר 850 גרם,,,קוקטייל טרופי תומר,גרמים,850.00,100 גרם,false,1,12.90,1.52,true,1,
7290002881513,false,חמאת בוטנים עם שברי בוטנים 500 גרם,,,חמאת בוטנים עם שברי,גרמים,500.00,100 גרם,false,1,17.70,3.54,true,1,
7290002881551,false,עלי גפן ממולאים 400 גרם,,,עלי גפן ממולאים 400,גרמים,400.00,100 גרם,false,1,11.00,2.75,true,1,
7290002881612,false,לפתן דובדבנים חמוצים 680 גרם,,,לפתן דובדבנים חמוצים,גרמים,680.00,100 גרם,false,1,12.90,1.90,true,1,
7290002881865,false,פטריות חתוכות 400 גר תומר,,,פטריות חתוכות 400 גר,גרמים,400.00,100 גרם,false,1,5.90,1.48,true,1,
7290002881919,false,שימורי פטריות 8 שלם 400 גר,,,שימורי פטריות 8 שלם,גרמים,400.00,100 גרם,false,1,9.00,2.25,true,1,
7290002881957,false,סרדין מרוקאי חריף 125 גר,,,סרדין מרוקאי חריף 12,גרמים,125.00,100 גרם,false,1,6.90,5.52,true,1,
7290002900436,false,פסטרמה איטלקיתטירת צבי,,,פסטרמה איטלקית,גרמים,0.00,"ק""ג",true,0,93.00,93.00,true,1,
7290002900566,false,"פסטרמה ברביקיו ד""ש 360 גטירת צבי",,,"פסטרמה ברביקיו ד""ש 3",גרמים,360.00,100 גרם,false,1,27.90,7.75,true,1,
7290002909569,false,פילה ברבוניה 400 גרם,,,פילה ברבוניה 400 גרם,גרמים,400.00,100 גרם,false,1,23.90,5.98,true,1,
7290002909804,false,פילה מרלוזה קפוא,,,פילה מרלוזה קפוא,Unknown,0.00,"ק""ג",true,0,35.90,35.90,true,1,
7290002909880,false,פולי סויה אדממה 400 גר בלדי,,,פולי סויה אדממה 400,גרמים,400.00,100 גרם,false,1,10.50,2.63,true,1,
7290002921349,false,סופר גלו 3 זוגי,,,סופר גלו 3 זוגי,Unknown,0.00,Unknown,false,1,14.90,14.90,true,1,
7290002946700,false,מצית פחם נוזלי 4.950 קג,,,מצית פחם נוזלי 4.950,קילוגרמים,0.00,"ק""ג",false,1,12.90,12.90,true,1,
7290002966005,false,קוויאר אדום מאצות ים 100גר,,,קוויאר אדום מאצות ים,גרמים,100.00,100 גרם,false,1,13.90,13.90,true,1,
7290002966012,false,קוויאר שחור מאצות ים 100גר,,,קוויאר שחור מאצות ים,גרמים,100.00,100 גרם,false,1,13.90,13.90,true,1,
7290002966067,false,סולו בטעם גבינת קממבר וקוויאר שחור 200גר,,,סולו בטעם גבינת קממב,גרמים,200.00,100 גרם,false,1,16.40,8.20,true,1,
7290002966098,false,סולו בטעם פירות ים וקוויאר אדום 200גר,,,סולו בטעם פירות ים ו,גרמים,200.00,100 גרם,false,1,16.40,8.20,true,1,
7290002966784,false,סלט איקרא ורודה 200 גרם,,IL,סלט איקרא ורודה 200,גרמים,200.00,100 גרם,false,1,13.90,6.95,true,1,
7290002966791,false,סלט איקרא לבנה 200 גרם,,IL,סלט איקרא לבנה 200 ג,גרמים,200.00,100 גרם,false,1,13.90,6.95,true,1,
7290002971009,false,"קמח לבן שטיבל 1 ק""ג",,,"קמח לבן שטיבל 1 ק""ג",גרמים,1000.00,100 גרם,false,1,4.80,0.48,true,1,
7290002971016,false,"סולת שטיבל 1 ק""ג",,,"סולת שטיבל 1 ק""ג",גרמים,1000.00,100 גרם,false,1,5.10,0.51,true,1,
7290002971214,false,"קמח לחם מעושר מס 2 1 ק""ג",,,קמח לחם מעושר מס 2 1,גרמים,1000.00,100 גרם,false,1,11.10,1.11,true,1,
7290002971955,false,"קמח שטיבל 650 ללא ניפוי 1 ק""ג",,,קמח שטיבל 650 ללא ני,גרמים,1000.00,100 גרם,false,1,9.50,0.95,true,1,
7290002971993,false,"קמח כוסמין מס 14 ללא ניפוי 1 ק""ג",,IL,קמח כוסמין מס 14 ללא,גרמים,1000.00,100 גרם,false,1,15.90,1.59,true,1,
7290002972006,false,"קמח שטיבל 405 ללא ניפוי 1 ק""ג",,,קמח שטיבל 405 ללא ני,גרמים,1000.00,100 גרם,false,1,9.50,0.95,true,1,
7290002987963,false,"חומוס אחלה 1 ק""ג",,,"חומוס אחלה 1 ק""ג",גרמים,1000.00,100 גרם,false,1,20.80,2.08,true,1,
7290003009640,false,סחוט טרי תפוז 1 ליטר,,,סחוט טרי תפוז 1 ליטר,מיליליטרים,1000.00,"100 מ""ל",false,1,17.20,1.72,true,1,
7290003011087,false,אורז בסמטי אלפאנט 1 קג,,,אורז בסמטי אלפאנט 1,גרמים,1000.00,100 גרם,false,1,15.00,1.50,true,1,
7290003024001,false,גבינה ברי צרפתי במשקל,,,גבינה ברי צרפתי,Unknown,0.00,"ק""ג",true,0,189.00,189.00,true,1,
7290003024513,false,גבינת פקורינו טוסקנו שקיל,,,גבינת פקורינו טוסקנו,Unknown,0.00,"ק""ג",true,0,273.00,273.00,true,1,
7290003024520,false,גבינת פרובולונה דולצה איטלקי במשקל,,,גבינת פרובולונה,Unknown,0.00,"ק""ג",true,0,204.00,204.00,true,1,
7290003026036,false,אל סבון קמיל בלו סנסיקר דר פישר 1 ל,,,אל סבון קמיל בלו סנס,מיליליטרים,1000.00,"100 מ""ל",false,1,34.90,3.49,true,1,
7290003029181,false,שוקו 1ליטר בקבוק,,IL,שוקו בקבוק יטבתה,מיליליטרים,1000.00,"100 מ""ל",false,1,12.50,1.25,true,1,
7290003029372,false,משקה חלב בננה 1 ליטר בקבוק,,,משקה חלב בננה 1 ליטר,מיליליטרים,1000.00,"100 מ""ל",false,1,12.50,1.25,true,1,
7290003029433,false,"שוקו פקק יטבתה 250 מ""ל",,,שוקו פקק יטבתה 250 מ,מיליליטרים,250.00,"100 מ""ל",false,1,5.70,2.28,true,1,
7290003029532,false,מוקה בקבוק 1 ליטר,,,מוקה בקבוק 1 ליטר,מיליליטרים,1000.00,"100 מ""ל",false,1,12.50,1.25,true,1,
7290003029907,false,קפה יטבתה 1 ליטר,,,קפה יטבתה 1ליטר,מיליליטרים,1000.00,"100 מ""ל",false,1,12.50,1.25,true,1,
7290003054176,false,לחם שיפון פומפרניקל 500 גרם,,,לחם שיפון פומפרניקל,גרמים,500.00,100 גרם,false,1,15.90,3.18,true,1,
7290003054220,false,לחם שיפון פומפרניקל 500 גרם,,,לחם שיפון פומפרניקל,גרמים,500.00,100 גרם,false,1,15.90,3.18,true,1,
7290003054657,false,חרדל דיזיון 370 גר,,,חרדל דיזיון 370 גר,גרמים,370.00,100 גרם,false,1,12.90,3.49,true,1,
7290003054725,false,חרדל אנגלי קולמנט 100 גרם,,,חרדל אנגלי קולמנט,גרמים,100.00,100 גרם,false,1,10.90,10.90,true,1,
7290003060078,false,"קמח שיפון מלא 1 ק""ג",,IL,"קמח שיפון מלא 1 ק""ג",גרמים,1000.00,100 גרם,false,1,5.40,0.54,true,1,
7290003072804,false,פסטרמה של פעם 200 גרם,,IL,פסטרמה של פעם 200 גר,גרמים,200.00,100 גרם,false,1,21.90,10.95,true,1,
7290003072835,false,נקניקיות קנאקוורסט 320 גרם,,IL,נקניקיות קנאקוורסט 3,גרמים,320.00,100 גרם,false,1,27.90,8.72,true,1,
7290003072965,false,קבנוס חריף מעושן טירת צבי 120 גרם,,,קבנוס חריף מעושן טיר,גרמים,120.00,100 גרם,false,1,12.90,10.75,true,1,
7290003072972,false,קבנוס בתיבול מעושן טירת צבי 120 גרם,,,קבנוס בתיבול מעושן ט,גרמים,120.00,100 גרם,false,1,12.90,10.75,true,1,
7290003126712,false,"משק צוריאל יוגורט עיזים 3% ביו 140מ""ל",,,משק צוריאל יוגורט עי,גרמים,140.00,100 גרם,false,1,7.50,5.36,true,1,
7290003126958,false,טופו גולמי 300גר,,,טופו גולמי 300גר,גרמים,300.00,100 גרם,false,1,14.90,4.97,true,1,
7290003141159,false,מרשמלו יוגטה 180 גרם,,,מרשמלו יוגטה 180 גרם,גרמים,180.00,100 גרם,false,1,8.90,4.94,true,1,
7290003142477,false,ערמונים קלופים וקלויים 100 גרם,,,ערמונים קלופים וקלוי,גרמים,100.00,100 גרם,false,1,9.30,9.30,true,1,
7290003143276,false,מרשמלו יוגטה מגולגל 180 גרם,,,מרשמלו יוגטה מגולגל,גרמים,180.00,100 גרם,false,1,10.10,5.61,true,1,
7290003144310,false,תערובת אגוזים וחמוציות קליית גת 150 גרם,,,תערובת אגוזים וחמוצי,גרמים,150.00,100 גרם,false,1,22.90,15.27,true,1,
7290003145751,false,קשיו קלוי קליית גת 200 גר,,,קשיו קלוי קליית גת 2,גרמים,200.00,100 גרם,false,1,25.50,12.75,true,1,
7290003145959,false,פקאן טבעי 150 גרם קליית גת,,,פקאן טבעי 150 גרם קל,גרמים,150.00,100 גרם,false,1,25.10,16.73,true,1,
7290003208579,false,וודקה גריי גוס 1 ליטר,,,וודקה גריי גוס 1 ליט,מיליליטרים,1000.00,"100 מ""ל",false,1,149.90,14.99,true,1,
7290003208593,false,"וורמוט מרטיני לבן יבש 750 מ""ל",,,וורמוט מרטיני לבן יב,Unknown,0.00,Unknown,false,1,49.90,49.90,true,1,
7290003208609,false,"וורמוט מרטיני אדום מתוק 750 מ""ל",,,וורמוט מרטיני אדום מ,Unknown,0.00,Unknown,false,1,49.90,49.90,true,1,
7290003208647,false,"יין מבעבע מרטיני ברוט 750 מ""ל",,,יין מבעבע מרטיני ברו,Unknown,0.00,Unknown,false,1,76.90,76.90,true,1,
7290003224128,false,"כיסונים תפו""א 800 גרם",,,"כיסונים תפו""א 800 גר",גרמים,800.00,100 גרם,false,1,21.90,2.74,true,1,
7290003224357,false,קוואס ביתי 2 ליטר,,,קוואס ביתי 2 ליטר,ליטרים,0.00,ליטר,false,1,16.90,16.90,true,1,
7290003224463,false,"כיסונים בשר - אוקראינסקי 1 ק""ג",,,כיסונים בשר - אוקראי,גרמים,1000.00,100 גרם,false,1,31.90,3.19,true,1,
7290003224487,false,כיסונים בשר מאמא מרי 1 קג,,,כיסונים בשר מאמא מרי,גרמים,1000.00,100 גרם,false,1,31.90,3.19,true,1,
7290003229109,false,פסטרמה בפפריקה 400 גרםטירת צבי,,,פסטרמה בפפריקה 400 ג,גרמים,400.00,100 גרם,false,1,27.90,6.98,true,1,
7290003229116,false,פסטרמה בדבש 400 גרםטירת צבי,,,פסטרמה בדבש 400 גרם,גרמים,400.00,100 גרם,false,1,27.90,6.98,true,1,
7290003229123,false,פסטרמה על גחלים 400 גרםטירת צבי,,,פסטרמה על גחלים,גרמים,400.00,100 גרם,false,1,27.90,6.98,true,1,
7290003229147,false,סלמי איטלקי 300 גרםטירת צבי,,,סלמי איטלקי 300 גרם,גרמים,300.00,100 גרם,false,1,28.90,9.63,true,1,
7290003229154,false,סלמי קוניאק 300 גרםטירת צבי,,,סלמי קוניאק 300 גרם,גרמים,300.00,100 גרם,false,1,28.90,9.63,true,1,
7290003229192,false,כתף בקר מעושן 400 גרםטירת צבי,,,כתף בקר מעושן 400 גר,גרמים,400.00,100 גרם,false,1,31.90,7.98,true,1,
7290003229208,false,פסטרמה ספרדית 360 גרטירת צבי,,,פסטרמה ספרדית 360 גר,גרמים,360.00,100 גרם,false,1,33.50,9.31,true,1,
7290003229215,false,פסטרמה איטלקית 360 גרטירת צבי,,,פסטרמה איטלקית 360 ג,גרמים,360.00,100 גרם,false,1,33.50,9.31,true,1,
7290003229222,false,סלמי תה משובח 300 גרטירת צבי,,,סלמי תה משובח 300 גר,גרמים,300.00,100 גרם,false,1,22.90,7.63,true,1,
7290003251308,false,"אציטון 100 מ""ל",,,"אציטון 100 מ""ל",מיליליטרים,10.00,"100 מ""ל",false,1,5.20,52.00,true,1,
7290003287291,false,קבב טלה וצנובר 500 גרם,,,קבב טלה וצנובר 500 ג,גרמים,500.00,100 גרם,false,1,29.50,5.90,true,1,
7290003287314,false,קבב על מקל קינמון 520 גרם,,,קבב על מקל קינמון 52,גרמים,520.00,100 גרם,false,1,29.50,5.67,true,1,
7290003321155,false,דנונה בר פקאן 183 גר,,,דנונה בר פקאן 183 גר,גרמים,183.00,100 גרם,false,1,4.80,2.62,true,1,
7290003326020,false,סלק וואקום,,,סלק וואקום,Unknown,0.00,Unknown,false,1,11.10,11.10,true,1,
7290003400500,false,חטיף הרשי ריזס נאטרייגיס 47 גרם,,,חטיף הרשי ריזס,גרמים,47.00,100 גרם,false,1,5.90,12.55,true,1,
7290003402809,false,חטיף הרשי ריזס שוקולד לבן 39 גר,,US,חטיף הרשי ריזס שוקול,גרמים,39.00,100 גרם,false,1,3.90,10.00,true,1,
7290003411313,false,מפות אל בד,,,מפות אל בד,Unknown,0.00,Unknown,false,1,7.80,7.80,true,1,
7290003411689,false,ליפתן הנמל לבנות 25,,TR,ליפתן הנמל לבנות 25,Unknown,0.00,Unknown,false,1,6.90,6.90,true,1,
7290003411993,false,גפרורים 10 יח,,,גפרורים 10 יח,Unknown,0.00,Unknown,false,1,3.10,3.10,true,1,
7290003414406,false,ריזס נטיפי לאפייה 283 גרם,,,ריזס נטיפי לאפייה 28,גרמים,283.00,100 גרם,false,1,19.80,7.00,true,1,
7290003423909,false,חטיף הרשי קוקיס קרם לבן 43 גרם,,,חטיף הרשי קוקיס קרם,Unknown,0.00,Unknown,false,1,5.50,5.50,true,1,
7290003427154,false,"שמן זית כתית מעולה מעודן זיתא 750 מ""ל",,IL,שמן זית כתית מעולה מ,מיליליטרים,750.00,"100 מ""ל",false,1,35.90,4.79,true,1,
7290003434664,false,ביס בר דגנים מלאים בשוקולד 120 גרם,,IL,ביס בר דגנים מלאים ב,גרמים,120.00,100 גרם,false,1,14.90,12.42,true,1,
7290003438006,false,ממרח פסטו איטלקי אוליביה 180 גרם,,,ממרח פסטו איטלקי,גרמים,180.00,100 גרם,false,1,14.50,8.06,true,1,
7290003438020,false,ממרח עגבניות מיובשות אוליביה 190 גר,,,ממרח עגבניות מיובשות,גרמים,190.00,100 גרם,false,1,14.50,7.63,true,1,
7290003438853,false,אריסה חריפה אוליביה 180 גר,,,אריסה חריפה אוליביה,גרמים,180.00,100 גרם,false,1,14.50,8.06,true,1,
7290003444009,false,חטיף הרשי ריזס שוקולד חלב 42 גר,,,חטיף הרשי ריזס שוקול,גרמים,42.00,100 גרם,false,1,3.90,9.29,true,1,
7290003450602,false,חרדל היינץ לחיץ 255 גרם,,,ממרח חרדל צהוב היינץ,גרמים,255.00,100 גרם,false,1,11.90,4.67,true,1,
7290003451012,false,בקלה צעיר קפוא,,AR,בקלה צעיר קפוא,Unknown,0.00,"ק""ג",true,0,22.00,22.00,true,1,
7290003457991,false,קורנטו קלאסיק וניל 6 יח,,,קורנטו קלאסיק וניל 6,גרמים,360.00,100 גרם,false,1,34.90,9.69,true,1,
7290003464791,false,שוק טלה טרי עם עצם,,,שוק טלה טרי עם עצם,Unknown,0.00,"ק""ג",true,0,104.90,104.90,true,1,
7290003464883,false,אגוז טרי,,,אגוז עגל טרי,Unknown,0.00,"ק""ג",true,0,69.90,69.90,true,1,
7290003478019,false,סחוג ירוק של רומיה 150 גר,,,סחוג ירוק של רומיה 1,גרמים,150.00,100 גרם,false,1,11.40,7.60,true,1,
7290003478132,false,פלפל צומה של רומיה 250 גר,,,פלפל צומה של רומיה 2,גרמים,250.00,100 גרם,false,1,11.40,4.56,true,1,
7290003478149,false,אריסה של רומיה 250 גר,,,אריסה של רומיה 250 ג,גרמים,250.00,100 גרם,false,1,11.40,4.56,true,1,
7290003514571,false,מנה פריכיות אורז עם מלח 100 גרם,,,מנה פריכיות אורז עם,גרמים,100.00,100 גרם,false,1,7.20,7.20,true,1,
7290003520572,false,מטריות שישייה עץ חרוב 54 גרם,,,מטריות שישייה עץ חרו,גרמים,54.00,100 גרם,false,1,15.90,29.44,true,1,
7290003522606,false,מגבוני חיטוי אלכוגל פארמה וויפס 160 יח,,IL,מגבוני חיטוי אלכוגל,Unknown,0.00,Unknown,false,1,27.90,27.90,true,1,
7290003570089,false,מנות פילה סלמון נורבגי קפוא בלדי,,,מנות פילה סלמון,Unknown,0.00,"ק""ג",true,0,94.90,94.90,true,1,
7290003570171,false,מינוט שניצל 300 גרם,,,מינוט שניצל 300 גרם,גרמים,300.00,100 גרם,false,1,28.20,9.40,true,1,
7290003570928,false,קבב 500 גרם,,,קבב 500 גרם,גרמים,500.00,100 גרם,false,1,29.50,5.90,true,1,
7290003578108,false,חתיכות אננס בסירופ קל וילי פוד 850 גרם,,TH,חתיכות אננס בסירופ ק,גרמים,850.00,100 גרם,false,1,9.90,1.16,true,1,
7290003578290,false,מקלוני אורז 300 גרם,,,מקלוני אורז 300 גרם,גרמים,1000.00,100 גרם,false,1,6.50,0.65,true,1,
7290003578313,false,דובדבנים ללא חרצנים 680 גרם,,,דובדבנים ללא חרצנים,גרמים,680.00,100 גרם,false,1,11.60,1.71,true,1,
7290003598311,false,מינוט סטייק 300 גרם קפוא,,IL,מינוט סטייק 300 גרם,גרמים,300.00,100 גרם,false,1,34.90,11.63,true,1,
7290003610112,false,צוואר בלי עצם טרי,,,צוואר בלי עצם טרי,Unknown,0.00,"ק""ג",true,0,59.90,59.90,true,1,
7290003610129,false,בשר טחון טרי לקבב/המבורגר,,,בשר טחון טרי,Unknown,0.00,"ק""ג",true,0,39.90,39.90,true,1,
7290003637003,false,לחם שיפון מיוחד,,,לחם שיפון מיוחד,גרמים,600.00,100 גרם,false,1,16.90,2.82,true,1,
7290003637065,false,לחם שיפון עם קימל 600 גרם,,IL,לחם שיפון עם קימל 60,גרמים,600.00,100 גרם,false,1,16.90,2.82,true,1,
7290003637072,false,לחם שיפון דגנים,,,לחם שיפון דגנים 600,גרמים,600.00,100 גרם,false,1,16.90,2.82,true,1,
7290003643004,false,"אורז בסמטי 1 ק""ג",,,"אורז בסמטי 1 ק""ג",גרמים,1000.00,100 גרם,false,1,14.90,1.49,true,1,
7290003643134,false,סוכר וניל 10*10 גרם,,,סוכר וניל 10*10 גרם,גרמים,100.00,100 גרם,false,1,2.90,2.90,true,1,
7290003643158,false,קורנפלור 200 גרם,,,קורנפלור 200 גרם,גרמים,200.00,100 גרם,false,1,3.90,1.95,true,1,
7290003643325,false,קוסקוס בינוני 350 גרם,,,קוסקוס בינוני 350 גר,גרמים,350.00,100 גרם,false,1,5.90,1.69,true,1,
7290003643387,false,סוכר לבן בצנצנת 1 קג,,,"סוכר לבן בצנצנת 1 ק""",גרמים,1000.00,100 גרם,false,1,8.90,0.89,true,1,
7290003643646,false,"סוכר חום דמררה צנצנת 1 ק""ג",,,סוכר חום דמררה צנצנת,גרמים,1000.00,100 גרם,false,1,14.20,1.42,true,1,
7290003643684,false,אפונה 500 גרם,,,אפונה 500 גרם,גרמים,500.00,100 גרם,false,1,6.80,1.36,true,1,
7290003643707,false,גריסים 500 גרם,,,גריסים 500 גרם,גרמים,500.00,100 גרם,false,1,5.90,1.18,true,1,
7290003643714,false,חומוס 500 גרם,,,חומוס 500 גרם,גרמים,500.00,100 גרם,false,1,8.90,1.78,true,1,
7290003643738,false,חיטה 500 גרם,,,חיטה 500 גרם,גרמים,500.00,100 גרם,false,1,5.50,1.10,true,1,
7290003643745,false,כוסמת 500 גרם,,,כוסמת 500 גרם,גרמים,500.00,100 גרם,false,1,7.90,1.58,true,1,
7290003643752,false,עדשים ירוקים 500 גרם,,,עדשים ירוקים 500 גרם,גרמים,500.00,100 גרם,false,1,8.50,1.70,true,1,
7290003643769,false,עדשים אדומים 500 גרם,,,עדשים אדומים 500 גרם,גרמים,500.00,100 גרם,false,1,8.90,1.78,true,1,
7290003643776,false,פופקורן 500 גרם,,,פופקורן 500 גרם,גרמים,500.00,100 גרם,false,1,6.50,1.30,true,1,
7290003643783,false,קוקוס 100 גרם,,,קוקוס 100 גרם,גרמים,100.00,100 גרם,false,1,4.70,4.70,true,1,
7290003643806,false,שעועית לבנה 500 גרם,,,שעועית לבנה 500 גרם,גרמים,500.00,100 גרם,false,1,11.90,2.38,true,1,
7290003643813,false,שעועית אדומה 500 גרם,,,שעועית אדומה 500 גרם,גרמים,500.00,100 גרם,false,1,12.90,2.58,true,1,
7290003719259,false,"ליבו לחם טבעי אקסקלוסיבי 1 ק""ג",,,ליבו לחם טבעי,גרמים,1000.00,100 גרם,false,1,16.90,1.69,true,1,
7290003726141,false,טופו משק גאיה 300 גר,,,טופו טבעי 300 גר,גרמים,320.00,100 גרם,false,1,12.90,4.03,true,1,
7290003726592,false,טופו וילר בטעם פסטו 300 גר,,,טופו וילר בטעם פסטו,גרמים,300.00,100 גרם,false,1,13.90,4.63,true,1,
7290003726615,false,טופו וילר 300 גר,,,טופו וילר 300 גר,גרמים,300.00,100 גרם,false,1,12.90,4.30,true,1,
7290003726684,false,טופו וילר בטעם פסטו 300 גר,,IL,טופו וילר בטעם טבעי,גרמים,300.00,100 גרם,false,1,14.90,4.97,true,1,
7290003752188,false,"יין יקב סלוקיה שרדונה 750 מ""ל",,,יין יקב סלוקיה שרדונ,מיליליטרים,750.00,"100 מ""ל",false,1,99.90,13.32,true,1,
7290003779086,false,סלרי ראש,,,סלרי ראש,Unknown,0.00,Unknown,false,1,5.90,5.90,true,1,
7290003779093,false,סלרי עלים,,,סלרי עלים,Unknown,0.00,Unknown,false,1,6.90,6.90,true,1,
7290003779116,false,שורש פטרוזיליה,,,שורש פטרוזיליה,Unknown,0.00,Unknown,false,1,4.10,4.10,true,1,
7290003781065,false,מלפפונים בסגנון צרפת,,VN,מלפפונים בסגנון צרפת,ליטרים,0.68,ליטר,false,1,11.90,17.50,true,1,
7290003781652,false,צלפים 350 גרם,,TR,צלפים 350 גרם,גרמים,350.00,100 גרם,false,1,11.60,3.31,true,1,
7290003781850,false,גבינת קשקבל פרוסות 200 גרם,,IL,גבינת קשקבל פרוסות 2,גרמים,200.00,100 גרם,false,1,24.50,12.25,true,1,
7290003804252,false,תיבולית נוסח הודי קנור 72 גרם,,,תיבולית נוסח הודי קנ,גרמים,72.00,100 גרם,false,1,12.30,17.08,true,1,
7290003804320,false,תיבולית שום קנור 72 גרם,,,תיבולית שום קנור 72,גרמים,95.00,100 גרם,false,1,12.30,12.95,true,1,
7290003805501,false,"פתית שוודי חסכוני בד""צ 300 גרם",,,פתית שוודי חסכוני בד,גרמים,300.00,100 גרם,false,1,18.50,6.17,true,1,
7290003805587,false,"פתית חיטה מלאה בד""צ 250 גרם-קופסא",,,"פתית חיטה מלאה בד""צ",גרמים,250.00,100 גרם,false,1,18.50,7.40,true,1,
7290003807482,false,"רוטב קנור טריאקי 300 מ""ל",,,רוטב קנור טריאקי 30,מיליליטרים,300.00,"100 מ""ל",false,1,12.50,4.17,true,1,
7290003864478,false,סרדינים בשמן צמחי 100 גרם פתח -קל,,,סרדינים בשמן צמחי 11,גרמים,110.00,100 גרם,false,1,5.50,5.00,true,1,
7290003864485,false,סרדינים ברוטב עגבניות 100 גרם פתח -קל,,,סרדינים ברוטב עגבניו,גרמים,110.00,100 גרם,false,1,5.50,5.00,true,1,
7290003864492,false,סרדינים בשמן צמחי חריף 100 גרם פתח -קל,,,סרדינים בשמן צמחי חר,גרמים,110.00,100 גרם,false,1,5.50,5.00,true,1,
7290003882922,false,עלי גפן ממולאות באורז 400 גרם,,,עלי גפן ממולאות באור,גרמים,400.00,100 גרם,false,1,9.90,2.48,true,1,
7290003976652,false,"מרסס לחיטוי משטחים 500 מ""ל טאצ",,,מרסס לחיטוי משטחים 5,Unknown,0.00,Unknown,false,1,13.90,13.90,true,1,
7290003976713,false,נוזל רצפות אנטיבקטריאלי 2 ליטר טאצ,,,נוזל רצפות אנטיבקטרי,Unknown,0.00,Unknown,false,1,19.90,19.90,true,1,
7290003976928,false,נ.כלים לפירות ללא צב,,,נ.כלים לפירות ללא צב,Unknown,0.00,Unknown,false,12,10.90,10.90,true,1,
7290003976966,false,מרסס ניקוי כללי בתוספת חומץ 1 ליטר,,,מרסס ניקוי כללי בתוס,Unknown,0.00,Unknown,false,1,11.90,11.90,true,1,
7290003989539,false,רביולי גבינה 400 גר,,,רביולי גבינה 400 גר,גרמים,400.00,100 גרם,false,1,22.90,5.73,true,1,
7290003989553,false,טורטוליני פטריות 400גר,,,טורטילני פטריות 400,גרמים,400.00,100 גרם,false,1,22.90,5.73,true,1,
7290004011284,false,"בסיס הכנת קצפת 212 מ""ל",,,בסיס הכנת קצפת 212 מ,מיליליטרים,212.00,"100 מ""ל",false,1,11.90,5.61,true,1,
7290004011338,false,ריץ קצפת במיכל 250 גר חלבי,,,ריץ קצפת במיכל 250 ג,גרמים,250.00,100 גרם,false,1,12.90,5.16,true,1,
7290004011345,false,ריץ קצפת במיכל 250 גר פרווה,,,ריץ קצפת במיכל 250 ג,גרמים,250.00,100 גרם,false,1,12.90,5.16,true,1,
7290004011796,false,קבבונים אל גאוצו 400 גר,,,קבבונים אל גאוצו 400,גרמים,400.00,100 גרם,false,1,27.90,6.98,true,1,
7290004011802,false,צוריסוס אל גאוצו 400 גר,,,צוריסוס אל גאוצו 400,גרמים,400.00,100 גרם,false,1,27.90,6.98,true,1,
7290004011819,false,המבורגר ריב אנט 360 גר,,,המבורגר ריב אנט 360,גרמים,360.00,100 גרם,false,1,24.90,6.92,true,1,
7290004011826,false,מיני המבורגר ריב אנט 360 גר,,,מיני המבורגר ריב אנט,גרמים,360.00,100 גרם,false,1,27.90,7.75,true,1,
7290004030216,false,מיץ חמוציות 1ליטר,,,מיץ חמוציות 1ליטר,מיליליטרים,1000.00,"100 מ""ל",false,1,15.90,1.59,true,1,
7290004030445,false,מיץ תפוזים 1 ליטר,,,מיץ תפוזים 1 ליטר,מיליליטרים,1000.00,"100 מ""ל",false,1,16.50,1.65,true,1,
7290004030612,false,מיץ קיווי אגס 90% 1 ל,,,מיץ קיווי אגס 90% 1,מיליליטרים,1000.00,"100 מ""ל",false,1,19.90,1.99,true,1,
7290004030834,false,סחוט טרי רימונים 1ל,,,סחוט טרי רימונים 1ל,מיליליטרים,1000.00,"100 מ""ל",false,1,30.90,3.09,true,1,
7290004033705,false,"לחמניות ""הבורגריה"" 600 גרם",,,"לחמניות ""הבורגריה"" 6",גרמים,600.00,100 גרם,false,1,14.50,2.42,true,1,
7290004033736,false,לחם עננים בסגנון בריוש 750 גרם,,IL,לחם עננים בסגנון ברי,גרמים,750.00,100 גרם,false,1,16.90,2.25,true,1,
7290004050788,false,בייקון 170 גר,,,בייקון 170 גר,גרמים,170.00,100 גרם,false,1,52.00,30.59,true,1,
7290004050856,false,סלמי מילאנו פרוס 170 גר,,,סלמי מילאנו פרוס 170,גרמים,170.00,100 גרם,false,1,35.00,20.59,true,1,
7290004050863,false,סלמי הרץ 170 גר,,,סלמי הרץ 170 גר,גרמים,170.00,100 גרם,false,1,35.00,20.59,true,1,
7290004050870,false,שינקן פולני פרוס 200 גר,,,שינקן פולני פרוס 200,גרמים,200.00,100 גרם,false,1,35.00,17.50,true,1,
7290004050887,false,פרושוטו 120 גר,,,פרושוטו 120 גר,גרמים,120.00,100 גרם,false,1,41.90,34.92,true,1,
7290004050948,false,סלמי כפרית פרוס 170 גר,,,סלמי כפרית פרוס 170,גרמים,170.00,100 גרם,false,1,36.00,21.18,true,1,
7290004050955,false,פטה כבד עוף 170 גר,,,פטה כבד עוף 170 גר,גרמים,170.00,100 גרם,false,1,17.90,10.53,true,1,
7290004050986,false,רו בייקון 170 גר,,,רו בייקון 170 גר,גרמים,170.00,100 גרם,false,1,59.90,35.24,true,1,
7290004051044,false,סלמי הונגרי פרוס 170גר,,,סלמי הונגרי פרוס 170,גרמים,170.00,100 גרם,false,1,36.50,21.47,true,1,
7290004051068,false,שינקן מעושן פרוס 200 גר,,,שינקן מעושן פרוס 200,גרמים,200.00,100 גרם,false,1,33.50,16.75,true,1,
7290004051136,false,סלמי צרפתי פרוס 170 גר,,,סלמי צרפתי פרוס,גרמים,170.00,100 גרם,false,1,36.50,21.47,true,1,
7290004051150,false,סלמי רו סרוולט 170 גר,,,סלמי רו סרוולט 170 ג,גרמים,170.00,100 גרם,false,1,36.50,21.47,true,1,
7290004051334,false,פפרוני עגל 170 גר,,,פפרוני עגל 170 גר,גרמים,170.00,100 גרם,false,1,32.90,19.35,true,1,
7290004051365,false,קרפצו 120 גר,,,קרפצו 120 גר,גרמים,120.00,100 גרם,false,1,36.90,30.75,true,1,
7290004051419,false,ממרח כבד מיני 220 גר,,,ממרח כבד מיני 220 גר,גרמים,220.00,100 גרם,false,1,19.90,9.05,true,1,
7290004051792,false,נקניקיות קוקטייל 900 גר,,,נקניקיות קוקטייל 900,גרמים,900.00,100 גרם,false,1,55.90,6.21,true,1,
7290004052041,false,קבנוס קלאסי 210 גר,,,קבנוס קלאסי 210 גר,גרמים,210.00,100 גרם,false,1,31.50,15.00,true,1,
7290004052225,false,חזה הודו מעושן בגריל 200 גר,,,חזה הודו מעושן בגריל,גרמים,200.00,100 גרם,false,1,22.90,11.45,true,1,
7290004052256,false,חזה הודו מעושן פרוס 200 גר,,,חזה הודו מעושן 200 ג,גרמים,200.00,100 גרם,false,1,22.90,11.45,true,1,
7290004052317,false,סלמי פפרוני 170 גר,,,סלמי פפרוני 170 גר,גרמים,170.00,100 גרם,false,1,36.50,21.47,true,1,
7290004052690,false,נקניקיות פרגית 600 גר,,,נקניקיות פרגית 600 ג,גרמים,600.00,100 גרם,false,1,23.90,3.98,true,1,
7290004053192,false,נקניקיות עגל 600 גר,,,נקניקיות עגל 600 גר,גרמים,600.00,100 גרם,false,1,30.90,5.15,true,1,
7290004053888,false,רוסטביף 200 גר,,,רוסטביף 200 גר,גרמים,200.00,100 גרם,false,1,51.90,25.95,true,1,
7290004054083,false,עצם פורקי מעושנת,,,עצם פורקי מעושנת,Unknown,0.00,Unknown,false,1,9.90,9.90,true,1,
7290004054236,false,גיוזה עוף 320 גר,,,גיוזה עוף 320 גר,גרמים,320.00,100 גרם,false,1,36.90,11.53,true,1,
7290004054267,false,נקניקיות פרנקפורטר 900 גר,,,נקניקיות פרנקפורטר,גרמים,900.00,100 גרם,false,1,56.90,6.32,true,1,
7290004054809,false,כתף בקר מעושנת 200 גר,,,כתף בקר מעושנת 200 ג,גרמים,200.00,100 גרם,false,1,31.90,15.95,true,1,
7290004054885,false,נקניקיות איטלקיות עם גבינה 400 גר,,,נקניקיות איטלקיות עם,גרמים,400.00,100 גרם,false,1,29.90,7.48,true,1,
7290004055271,false,פניני קבנוס 150 גר,,,פניני קבנוס 150 גר,גרמים,150.00,100 גרם,false,1,34.90,23.27,true,1,
7290004063016,false,"מלח דק 1 ק""ג",,,"מלח דק 1 ק""ג",גרמים,1000.00,100 גרם,false,1,2.07,0.21,true,1,
7290004063115,false,"מלח מטבח רגיל 1 ק""ג",,,"מלח מטבח גס 1 ק""ג",גרמים,1000.00,100 גרם,false,1,2.07,0.21,true,1,
7290004064082,false,מטחנה מלח ים טבעי 250 גרם מלח הארץ,,,מטחנה מלח ים טבעי 25,גרמים,250.00,100 גרם,false,1,14.90,5.96,true,1,
7290004064099,false,מטחנה מלח מהרי ההימלאיה 250 ג מלח הארץ,,,מטחנה מלח מהרי ההימל,גרמים,250.00,100 גרם,false,1,18.90,7.56,true,1,
7290004064105,false,מטחנה מלח עשבי תיבול 250 גר מלח הארץ,,,מטחנה מלח עשבי תיבול,גרמים,250.00,100 גרם,false,1,18.90,7.56,true,1,
7290004064174,false,"מלח הימלאיה דק בצנצנת 1 ק""ג",,,מלח הימלאיה דק בצנצנ,גרמים,1000.00,100 גרם,false,1,20.90,2.09,true,1,
7290004064181,false,"מלח הימלאיה גס בצנצנת 1 ק""ג",,,מלח הימלאיה גס בצנצנ,גרמים,1000.00,100 גרם,false,1,20.90,2.09,true,1,
7290004064303,false,מלח אטלנטי בצנצנת מלח הארץ 800 גרם,,IL,מלח אטלנטי בצנצנת מל,גרמים,800.00,100 גרם,false,1,24.50,3.06,true,1,
7290004064372,false,מטחנת מלח אקסטרא תבלינים איטלקי 105 גר,,IL,מטחנת מלח אקסטרא תבל,גרמים,105.00,100 גרם,false,1,18.90,18.00,true,1,
7290004064389,false,מלח הימלאיה דק 250 גר,,,מלח הימלאיה דק 250,גרמים,250.00,100 גרם,false,1,12.90,5.16,true,1,
7290004068011,false,יוגורט כבשים 600 גר,,,יוגורט כבשים 600 גר,גרמים,600.00,100 גרם,false,1,19.90,3.32,true,1,
7290004068028,false,ציזקי 3.5% 500 מל,,,ציזקי 3.5% 500 מל,גרמים,500.00,100 גרם,false,1,11.50,2.30,true,1,
7290004068035,false,"יוגורט איירן 500 מ""ל",,,"יוגורט איירן 500 מ""ל",מיליליטרים,500.00,"100 מ""ל",false,1,8.90,1.78,true,1,
7290004068172,false,יוגורט עיזים דלי 600 גר 5%,,,יוגורט עיזים דלי 600,גרמים,600.00,100 גרם,false,1,19.90,3.32,true,1,
7290004078225,false,מי-פה פלקס טוטל ירוק,,,מי-פה פלקס טוטל ירוק,מיליליטרים,500.00,"100 מ""ל",false,1,33.90,6.78,true,1,
7290004078270,false,פלמוליב צילינדר 1 ליטר לימון,,,פלמוליב צילינדר 1 לי,מיליליטרים,1000.00,"100 מ""ל",false,1,16.90,1.69,true,1,
7290004119010,false,גבינה מותכת שדה 500 גרם,,,גבינה מותכת שדה 500,גרמים,500.00,100 גרם,false,1,15.90,3.18,true,1,
7290004119225,false,יופלה אננס 3% 150 גר,,,יופלה אננס 3% 150 גר,גרמים,150.00,100 גרם,false,1,5.40,3.60,true,1,
7290004120108,false,דיאט יופלה דובדבן 150 גר,,,דיאט יופלה דובדבן 15,גרמים,150.00,100 גרם,false,1,5.40,3.60,true,1,
7290004120566,false,גבינה בולגרית פיראוס 24% 250 גרם,,,גבינה בולגרית פיראוס,גרמים,250.00,100 גרם,false,1,24.90,9.96,true,1,
7290004120573,false,גבינה בולגרית פיראוס 16% 250 גרם,,,גבינה בולגרית פיראוס,גרמים,250.00,100 גרם,false,1,24.90,9.96,true,1,
7290004120634,false,גבינה פיראוס בולגרית 5% 250 גרם,,,גבינה פיראוס בולגרית,גרמים,250.00,100 גרם,false,1,24.90,9.96,true,1,
7290004120832,false,כד חלב 2 ליטר 3%,,,כד חלב 2 ליטר 3%,ליטרים,0.00,ליטר,false,1,12.46,12.46,true,1,
7290004121488,false,דיאט יופלה אפרסק 150 גר,,,דיאט יופלה אפרסק 150,מיליליטרים,150.00,"100 מ""ל",false,1,5.40,3.60,true,1,
7290004121525,false,מאגדת 8 יופלה אפרסק תות,,,מאגדת 8 יופלה אפרסק,ליטרים,0.00,ליטר,false,1,31.90,31.90,true,1,
7290004121754,false,יופלה עוגת גבינה ותות 3% 150 גר,,,יופלה עוגת גבינה,גרמים,150.00,100 גרם,false,1,5.40,3.60,true,1,
7290004121839,false,גבינה פטה פיראוס 250 גרם,,,גבינה פטה פיראוס 250,גרמים,250.00,100 גרם,false,1,29.50,11.80,true,1,
7290004121853,false,גבינה בולגרית פיראוס 5% קוביות 200 גרם,,,גבינה בולגרית פיראוס,גרמים,200.00,100 גרם,false,1,22.70,11.35,true,1,
7290004122119,false,פתיתי פרמזן לפסטה 100 גרם,,IL,פתיתי פרמזן לפסטה הש,גרמים,220.00,100 גרם,false,1,12.80,5.82,true,1,
7290004122195,false,גבינה צהובה גוש חלב 200 גרם,,,גבינה צהובה גוש חלב,גרמים,200.00,100 גרם,false,1,14.90,7.45,true,1,
7290004122270,false,גבינה עמק פרוס בקופסה 28% 200 גרם,,,גבינה עמק פרוס בקופס,גרמים,200.00,100 גרם,false,1,16.40,8.20,true,1,
7290004122348,false,גבינת עמק לייט פרוס בקופסא 200 גרם,,,גבינת עמק לייט פרוס,גרמים,200.00,100 גרם,false,1,16.80,8.40,true,1,
7290004122676,false,חמד לייט 5% גביע 250גר,,,חמד לייט 5% גביע 250,גרמים,250.00,100 גרם,false,1,18.70,7.48,true,1,
7290004122683,false,אצבעות עמק 172 גר,,,אצבעות עמק 172 גר,גרמים,172.00,100 גרם,false,1,16.90,9.83,true,1,
7290004124205,false,דיאט יופלה תות 150 גר,,,דיאט יופלה תות 150 ג,גרמים,150.00,100 גרם,false,1,5.40,3.60,true,1,
7290004125370,false,"שמנת חמוצה מופחתת שומן 9% 200 מ""ל",,,שמנת חמוצה מופחתת שו,מיליליטרים,200.00,"100 מ""ל",false,1,3.90,1.95,true,1,
7290004125400,false,"שלי אשל 200 מ""ל",,,"שלי אשל 200 מ""ל",מיליליטרים,200.00,"100 מ""ל",false,1,1.69,0.85,true,1,
7290004125417,false,"שלי גיל 200 מ""ל",,,"שלי גיל 200 מ""ל",מיליליטרים,200.00,"100 מ""ל",false,1,1.50,0.75,true,1,
7290004125455,false,"שמנת חמוצה 15% 200 מ""ל",,,שמנת חמוצה 15% 200 מ,גרמים,200.00,100 גרם,false,1,2.40,1.20,true,1,
7290004125462,false,"שמנת חמוצה 15% 500 מ""ל",,,שמנת חמוצה 15% 500 מ,מיליליטרים,500.00,"100 מ""ל",false,1,6.00,1.20,true,1,
7290004125509,false,"שמנת חמוצה 100 מ""ל",,,"שמנת חמוצה 100 מ""ל",מיליליטרים,100.00,"100 מ""ל",false,1,1.70,1.70,true,1,
7290004125578,false,משקה סויה מועשר 1 ליטר,,,משקה סויה מועשר 1 לי,מיליליטרים,1000.00,"100 מ""ל",false,1,11.90,1.19,true,1,
7290004125585,false,משקה סויה על הבוקר 1 ליטר,,,משקה סויה על הבוקר 1,מיליליטרים,1000.00,"100 מ""ל",false,1,11.90,1.19,true,1,
7290004125721,false,"שמנת לבישול 15% השף הלבן 250 מ""ל",,,שמנת לבישול 15% השף,גרמים,250.00,100 גרם,false,1,8.30,3.32,true,1,
7290004125738,false,"שמנת מתוקה להקצפה 32% 250 מ""ל",,,שמנת מתוקה להקצפה 32,גרמים,250.00,100 גרם,false,1,6.90,2.76,true,1,
7290004125776,false,עמק פרוס בקופסה 400גר 28%,,,עמק פרוס בקופסה 400ג,גרמים,400.00,100 גרם,false,1,30.30,7.58,true,1,
7290004126674,false,טל העמק לייט 200 גרם,,,טל העמק לייט 200 גרם,גרמים,200.00,100 גרם,false,1,18.80,9.40,true,1,
7290004126759,false,דיאט יופלה פירות יער 150 גר,,,דיאט יופלה פירות יער,גרמים,150.00,100 גרם,false,1,5.40,3.60,true,1,
7290004126872,false,"שוקו שוק בקבוק 250 מ""ל",,,שוקו שוק בקבוק 250 מ,גרמים,250.00,100 גרם,false,1,6.50,2.60,true,1,
7290004127077,false,קוטג 3% 250 גרם,,,קוטג 3% 250 גרם,גרמים,250.00,100 גרם,false,1,5.70,2.28,true,1,
7290004127329,false,גבינת קוטג 5% 250 גרם,,,גבינת קוטג 5% 250 גר,גרמים,250.00,100 גרם,false,1,5.70,2.28,true,1,
7290004127336,false,גבינת קוטג 9% 250 גרם,,,גבינת קוטג 9% 250 גר,גרמים,250.00,100 גרם,false,1,5.70,2.28,true,1,
7290004127800,false,גבינה לבנה למריחה 5% 500 גר,,,גבינה לבנה למריחה 5%,גרמים,500.00,100 גרם,false,1,9.96,1.99,true,1,
7290004127817,false,גבינה למריחה 9% 500 גרם,,,גבינה למריחה 9% 500,גרמים,500.00,100 גרם,false,1,9.96,1.99,true,1,
7290004127862,false,גבינה למריחה 5% 750 גרם,,,גבינה למריחה 5% 750,גרמים,750.00,100 גרם,false,1,14.94,1.99,true,1,
7290004127916,false,גבינה למריחה 0.5% 500 גרם,,,גבינה למריחה 0.5%,גרמים,500.00,100 גרם,false,1,9.96,1.99,true,1,
7290004128432,false,פתיתים מיוחדים לפיצה על בסיס גבינה 500 ג,,,פתיתים מיוחדים לפיצה,גרמים,500.00,100 גרם,false,1,24.50,4.90,true,1,
7290004129101,false,נפוליאון טבעי 225 גרם,,,נפוליאון טבעי 225 גר,גרמים,225.00,100 גרם,false,1,15.00,6.67,true,1,
7290004129156,false,נפוליאון שום שמיר 225 גרם,,,נפוליאון שום שמיר 22,גרמים,225.00,100 גרם,false,1,15.00,6.67,true,1,
7290004129767,false,שמיניית יופלה לבן 3% 150 גרם,,,שמיניית יופלה לבן,ליטרים,0.00,ליטר,false,1,19.30,19.30,true,1,
7290004130794,false,משקה סויה טבעי מתיקות מופחתת 1ל,,,משקה סויה טבעי מתיקו,מיליליטרים,1000.00,"100 מ""ל",false,1,11.50,1.15,true,1,
7290004130916,false,יופלה פירות יער בשמנת 150 גר,,,יופלה פירות יער בשמנ,גרמים,150.00,100 גרם,false,1,5.40,3.60,true,1,
7290004131074,false,חלב קרטון+פקק 3% תנובה 1 ליטר,,,חלב קרטון+פקק 3% תנו,מיליליטרים,1000.00,"100 מ""ל",false,1,6.23,0.62,true,1,
7290004131432,false,יופלה לבן 3% 200 גר,,,יופלה לבן 3% 200 גר,גרמים,200.00,100 גרם,false,1,5.90,2.95,true,1,
7290004131456,false,יופלה לבן 1.5% 200 גר,,,יופלה לבן 1.5% 200 ג,מיליליטרים,200.00,"100 מ""ל",false,1,4.80,2.40,true,1,
7290004131814,false,פיראוס צפתית מעודנת 5% 200 גר,,,פיראוס צפתית מעודנת,גרמים,200.00,100 גרם,false,1,16.10,8.05,true,1,
7290004132552,false,דיאט סויה טבעי 1 ליטר,,,דיאט סויה טבעי 1 ליט,מיליליטרים,1000.00,"100 מ""ל",false,1,11.90,1.19,true,1,
7290004132712,false,אצבעות מוצרלה 172 גר,,,אצבעות מוצרלה 172 גר,גרמים,172.00,100 גרם,false,1,16.90,9.83,true,1,
7290004133511,false,יופלה לבן מאגדת שמינייה 1.5% מעודן,,,יופלה לבן שמינייה,ליטרים,0.00,ליטר,false,1,21.80,21.80,true,1,
7290004135225,false,"מעדן שוקולד דיאט 0% 150 מ""ל",,,מעדן שוקולד דיאט 0%,מיליליטרים,150.00,"100 מ""ל",false,1,4.30,2.87,true,1,
7290004135614,false,פיראוס בולגרית מעודנת 5% 250 גר,,,פיראוס בולגרית מעודנ,גרמים,250.00,100 גרם,false,1,24.90,9.96,true,1,
7290004136598,false,מארז הפסקת אוכל-חלב לילדים עם דגנים,,,מארז הפסקת אוכל-חלב,גרמים,250.00,100 גרם,false,1,10.40,4.16,true,1,
7290004136857,false,גלי פטל 125גר,,,גלי פטל 125גר,גרמים,125.00,100 גרם,false,1,2.60,2.08,true,1,
7290004136864,false,גלי אננס עם חתיכות אננס 125גר,,,גלי אננס עם חתיכות א,גרמים,125.00,100 גרם,false,1,3.00,2.40,true,1,
7290004136871,false,גלי אפרסק עם חתיכות אפרסק 125גר,,,גלי אפרסק עם חתיכות,גרמים,150.00,100 גרם,false,1,3.00,2.00,true,1,
7290004137021,false,"שמנת לבישול 10%-השף הלבן 250 מ""ל",,,שמנת לבישול 10%-השף,גרמים,250.00,100 גרם,false,1,8.30,3.32,true,1,
7290004137311,false,עמק לייט פרוס 9% 400 גר,,,עמק לייט פרוס 9% 400,גרמים,400.00,100 גרם,false,1,31.90,7.98,true,1,
7290004137809,false,פיראוס לאבנה 5% 250 גר,,,פיראוס לאבנה 5% 250,גרמים,250.00,100 גרם,false,1,13.90,5.56,true,1,
7290004150112,false,חומוס מזרחי פיקנטי פרימיום 300 גרם,,IL,חומוס מזרחי פיקנטי פ,גרמים,300.00,100 גרם,false,1,16.90,5.63,true,1,
7290004150129,false,טחינה פיקנטי פרימיום 300 גרם,,IL,טחינה פיקנטי פרימיום,גרמים,300.00,100 גרם,false,1,16.90,5.63,true,1,
7290004150136,false,חציל על האש פיקנטי פרימיום 300 גרם,,IL,חציל על האש פיקנטי פ,גרמים,300.00,100 גרם,false,1,16.90,5.63,true,1,
7290004150143,false,חציל במיונז פיקנטי פרימיום 300 גרם,,IL,חציל במיונז פיקנטי פ,גרמים,300.00,100 גרם,false,1,16.90,5.63,true,1,
7290004150150,false,חציל בטחינה פיקנטי פרימיום 300 גרם,,IL,חציל בטחינה פיקנטי פ,גרמים,300.00,100 גרם,false,1,16.90,5.63,true,1,
7290004150167,false,תפואדמה במיונז פיקנטי פרימיום 300 גרם,,IL,תפוחי אדמה במיונז פי,גרמים,300.00,100 גרם,false,1,16.90,5.63,true,1,
7290004150174,false,קולוסלאו פיקנטי פרימיום 300 גרם,,IL,קולוסלאו פיקנטי פרימ,גרמים,300.00,100 גרם,false,1,16.90,5.63,true,1,
7290004150181,false,חמוצים סיני פיקנטי פרימיום 300 גרם,,IL,חמוצים סיני פיקנטי פ,גרמים,300.00,100 גרם,false,1,16.90,5.63,true,1,
7290004150198,false,סלק מגורד פיקנטי פרימיום 300 גרם,,IL,סלק מגורד פיקנטי פרי,גרמים,300.00,100 גרם,false,1,16.90,5.63,true,1,
7290004150211,false,תורכי איסטנבול 300 גרם פיקנטי פרימיום,,IL,תורכי איסטנבול 300 ג,גרמים,300.00,100 גרם,false,1,16.90,5.63,true,1,
7290004150228,false,כרוב אדום 300 גרם פיקנטי פרימיום,,IL,כרוב אדום 300 גרם פי,גרמים,300.00,100 גרם,false,1,16.90,5.63,true,1,
7290004150235,false,חומוס עם חריף 300 גרם פיקנטי פרימיום,,IL,חומוס עם חריף 300 גר,גרמים,300.00,100 גרם,false,1,16.90,5.63,true,1,
7290004150273,false,חומוס גזר פיקנטי פרימיום 300 גרם,,IL,חומוס גזר פיקנטי פרי,גרמים,300.00,100 גרם,false,1,16.90,5.63,true,1,
7290004150358,false,חומוס סלק פיקנטי פרימיום 300 גרם,,IL,חומוס סלק פיקנטי פרי,גרמים,300.00,100 גרם,false,1,16.90,5.63,true,1,
7290004165017,false,"רסק תפוח עץ לל""תס יכין 560 גרם",,IL,"רסק תפוח עץ לל""תס יכ",גרמים,560.00,100 גרם,false,1,8.90,1.59,true,1,
7290004200930,false,זוג זיקוק 15 בשקית,,,זוג זיקוק 15 בשקית,Unknown,0.00,Unknown,false,1,10.50,10.50,true,1,
7290004221409,false,וובר רוטב חזרת 453 גרם בקבוק לחיץ,,,וובר רוטב חזרת 453 ג,גרמים,453.00,100 גרם,false,1,30.90,6.82,true,1,
7290004227975,false,צלעות טלה טרי,,,צלעות טלה טרי,Unknown,0.00,"ק""ג",true,0,179.90,179.90,true,1,
7290004324605,false,גבינת מון בלאן רוקפור 120 גר,,,גבינת מון בלאן רוקפו,גרמים,120.00,100 גרם,false,1,13.90,11.58,true,1,
7290004339401,false,המבורגר אורז עדשים טבע דלי 400 גר,,,המבורגר אורז עדשים ט,גרמים,400.00,100 גרם,false,1,25.90,6.48,true,1,
7290004339425,false,שווארמה מהצומח טבע דלי 350 גר,,,שווארמה מהצומח טבע ד,גרמים,350.00,100 גרם,false,1,25.90,7.40,true,1,
7290004339784,false,המבורגר על הגריל טבע דלי 400 גר,,,המבורגר על הגריל טבע,גרמים,400.00,100 גרם,false,1,25.90,6.48,true,1,
7290004339807,false,המבורגר כוסמת מש אורז מלא וציה 400 גר,,,המבורגר כוסמת מש אור,גרמים,400.00,100 גרם,false,1,25.90,6.48,true,1,
7290004339944,false,סיגרים בימלוי סייטןאמרנט 400 גר,,IL,סיגרים בימלוי סייטןא,גרמים,400.00,100 גרם,false,1,21.90,5.48,true,1,
7290004386825,false,שעועית ענק ברוטב עגבניות וילי פוד 420 גר,,GR,שעועית ענק ברוטב עגב,גרמים,420.00,100 גרם,false,1,11.00,2.62,true,1,
7290004419042,false,וואלס עגולה 700 גר,,,וואלס עגולה 700 גר,גרמים,700.00,100 גרם,false,1,91.50,13.07,true,1,
7290004419134,false,אוכמניות מלבנית 500 גר יח,,,אוכמניות מלבנית 500,גרמים,500.00,100 גרם,false,1,43.90,8.78,true,1,
7290004419394,false,עוגה עדינה שוקולד 400 גר,,,עוגה עדינה שוקולד 40,גרמים,400.00,100 גרם,false,1,43.90,10.98,true,1,
7290004492274,false,גל-גל 400 גרם,,,גל-גל 400 גרם,גרמים,400.00,100 גרם,false,1,13.90,3.48,true,1,
7290004492762,false,נשנושים תירס 325 גרם,,,נשנושים תירס 325 גרם,גרמים,325.00,100 גרם,false,1,13.90,4.28,true,1,
7290004494063,false,יין דלתון פטיט סירה 750 מל,,,יין דלתון פטיט סירה,Unknown,0.00,Unknown,false,1,64.60,64.60,true,1,
7290004494131,false,"יין דלתון קברנה סובניון 750 מ""ל",,,יין דלתון קברנה סובנ,Unknown,0.00,Unknown,false,1,64.90,64.90,true,1,
7290004494179,false,יין דלתון שרדונה 750 מל,,,יין דלתון שרדונה 750,Unknown,0.00,Unknown,false,1,64.60,64.60,true,1,
7290004502690,false,וודקה פינלנדיה 1 ליטר,,,וודקה פינלנדיה 1 ל,מיליליטרים,1000.00,"100 מ""ל",false,1,99.90,9.99,true,1,
7290004502997,false,"וודקה פינלנדיה 500 מ""ל",,,וודקה פינלנדיה 500 מ,מיליליטרים,500.00,"100 מ""ל",false,1,52.90,10.58,true,1,
7290004584351,false,סימפוניה 5% 200 גרם,,,סימפוניה 5% 200 גרם,גרמים,200.00,100 גרם,false,1,12.90,6.45,true,1,
7290004584528,false,יוגורט דנונה ביו טבעי 1.7% 200 גרם,,,יוגורט דנונה ביו טבע,גרמים,200.00,100 גרם,false,1,3.70,1.85,true,1,
7290004585907,false,"מעדן דני וניל 125 מ""ל",,,"מעדן דני וניל 125 מ""",מיליליטרים,125.00,"100 מ""ל",false,1,3.00,2.40,true,1,
7290004658953,false,סובניון בלאן לבן יבש 750 מל,,,סובניון בלאן לבן יבש,Unknown,0.00,Unknown,false,1,39.90,39.90,true,1,
7290004658960,false,יין ארמלד ריזלינג P.C לבן חצי יבש 750 מ,,,יין אמרלד ריזלינג P.,Unknown,0.00,Unknown,false,1,39.90,39.90,true,1,
7290004685010,false,שיפון פלוס לחם הארץ 500 גרם,,IL,לחם 100% שיפון מקמח,גרמים,500.00,100 גרם,false,1,17.90,3.58,true,1,
7290004685027,false,לחם חיטה מלאה פלוס לחם הארץ 500 גרם,,,לחם חיטה מלאה פלוס,גרמים,500.00,100 גרם,false,1,17.90,3.58,true,1,
7290004685089,false,לחם חמניות 500 גרם,,,לחם חמניות 500 גרם,גרמים,500.00,100 גרם,false,1,17.90,3.58,true,1,
7290004685126,false,לחם 5 דגנים 750 גרם,,,לחם 5 דגנים 750 גרם,גרמים,750.00,100 גרם,false,1,17.90,2.39,true,1,
7290004685157,false,לחם שיפון 100%,,,לחם שיפון 100%,גרמים,750.00,100 גרם,false,1,17.90,2.39,true,1,
7290004685195,false,לחם 10 דגנים,,,לחם 10 דגנים,גרמים,750.00,100 גרם,false,1,17.90,2.39,true,1,
7290004685225,false,לחם שיפון פומפרניקל מקמח שיפון,,,לחם שיפון פומפרניקל,גרמים,750.00,100 גרם,false,1,17.90,2.39,true,1,
7290004685430,false,לחם כוסמין 100% 500 גר,,,לחם כוסמין 100% 500,גרמים,500.00,100 גרם,false,1,17.90,3.58,true,1,
7290004685454,false,לחם שבולת שועל 500 גרם,,IL,לחם שיבולת שועל,גרמים,500.00,100 גרם,false,1,17.90,3.58,true,1,
7290004731472,false,אלסבון כיף שלישייה 1.5 ל,,,אלסבון כיף שלישייה 5,ליטרים,0.00,ליטר,false,1,22.70,22.70,true,1,
7290004731670,false,סנו דואופרש אפרסק ומנדרינה,,,סנו דואופרש אפרסק ומ,מיליליטרים,300.00,"100 מ""ל",false,1,14.50,4.83,true,1,
7290004731687,false,סנו דואופרש וניל,,,סנו דואופרש וניל,מיליליטרים,300.00,"100 מ""ל",false,1,14.50,4.83,true,1,
7290004731816,false,סושי מגבות הפלא שמינייה,,,סושי מגבות הפלא שמינ,Unknown,0.00,Unknown,false,1,17.90,17.90,true,1,
7290004737719,false,אספרגוס שלם מקולף 330 גרם צנצנת,,,אספרגוס שלם מקולף 33,גרמים,330.00,100 גרם,false,1,12.50,3.79,true,1,
7290004737900,false,חלב מרוכז ממותק וילי פוד 397 גר,,LT,חלב מרוכז ממותק וילי,גרמים,397.00,100 גרם,false,1,11.50,2.90,true,1,
7290004768911,false,אונט ריב מובחר טרי,,,אונט ריב מובחר טרי,Unknown,0.00,"ק""ג",true,0,69.90,69.90,true,1,
7290004872731,false,אקסטרים וניל,,,אקסטרים וניל,Unknown,0.00,Unknown,false,1,8.90,8.90,true,1,
7290004982355,false,טריפל צדר במשקל,,,טריפל צדר במשקל,Unknown,0.00,"ק""ג",true,0,140.00,140.00,true,1,
7290005008184,false,פלמוליב נטורלס סבון נוזלי 500 כתום,,,פלמוליב נטורלס סבון,מיליליטרים,500.00,"100 מ""ל",false,1,21.90,4.38,true,1,
7290005020162,false,"וויסקי בלנטייניס 700 מ""ל",,,וויסקי בלנטיינס 700,מיליליטרים,700.00,"100 מ""ל",false,1,84.90,12.13,true,1,
7290005020346,false,"רום בקרדי לבן 750 מ""ל",,,"רום בקרדי לבן 750 מ""",מיליליטרים,750.00,"100 מ""ל",false,1,115.90,15.45,true,1,
7290005020353,false,רום בקרדי לבן 1 ליטר,,,רום בקרדי לבן 1 ליטר,מיליליטרים,1000.00,"100 מ""ל",false,1,125.90,12.59,true,1,
7290005079290,false,גבינה צהובה נעם 15%,,,גבינה צהובה נעם 15%,Unknown,0.00,"ק""ג",true,0,78.90,78.90,true,1,
7290005084355,false,"משחת שיניים סנסודיין דואלקר 75 מ""ל",,,משחת שיניים סנסודיי,גרמים,75.00,100 גרם,false,1,22.90,30.53,true,1,
7290005095061,false,נר נשמה בפחית 24 שעות,,CN,נר נשמה בפחית 24 שעו,Unknown,0.00,Unknown,false,1,3.30,3.30,true,1,
7290005095269,false,נרות חימום 50 קוד,,,נרות חימום 50 יח,Unknown,0.00,Unknown,false,1,14.60,14.60,true,1,
7290005095344,false,נר נשמה שבועי,,CN,נר נשמה שבועי,Unknown,0.00,Unknown,false,1,14.50,14.50,true,1,
7290005095351,false,קופסאות סמרט 3 יח,,IL,קופסאות סמרט 3 יח,Unknown,0.00,Unknown,false,1,12.90,12.90,true,1,
7290005095368,false,קופסאות סמרט 3 יח,,IL,קופסאות סמרט 3 יח,Unknown,0.00,Unknown,false,1,12.90,12.90,true,1,
7290005095573,false,מצת קליפר,,,מצת קליפר,Unknown,0.00,Unknown,false,1,7.20,7.20,true,1,
7290005095719,false,חיטה תפוחה טבעית 150 גר שלוה,,,חיטה תפוחה טבעית 150,גרמים,200.00,100 גרם,false,1,9.90,4.95,true,1,
7290005111761,false,בונזו ארוחת בריאות 3 קג,,,בונזו ארוחת בריאות 3,קילוגרמים,0.00,"ק""ג",false,1,49.90,49.90,true,1,
7290005174551,false,חומוס יום יום 125 גרם,,,חומוס יום יום 125 גר,גרמים,125.00,100 גרם,false,1,5.80,4.64,true,1,
7290005174568,false,חצילים במיונז 125 גרם,,,חצילים במיונז 125 גר,גרמים,125.00,100 גרם,false,1,5.80,4.64,true,1,
7290005174575,false,טחינה יום יום 125 גרם,,,טחינה יום יום 125 גר,גרמים,125.00,100 גרם,false,1,5.80,4.64,true,1,
7290005175589,false,"קמח תירס תירס 1 ק""ג",,,"קמח תירס תירס 1 ק""ג",גרמים,1000.00,100 גרם,false,1,11.00,1.10,true,1,
7290005197758,false,חיוכים שוקו 150 גרם,,,חיוכים שוקו 150 גרם,גרמים,150.00,100 גרם,false,1,7.20,4.80,true,1,
7290005200786,false,תפוציפס שמנת ובצל 50 גרם,,,תפוציפס שמנת ובצל 50,גרמים,50.00,100 גרם,false,1,4.30,8.60,true,1,
7290005201455,false,קפה ארומה מגורען 200 גרם,,,קפה ארומה מגורען 200,גרמים,200.00,100 גרם,false,1,31.30,15.65,true,1,
7290005278044,false,תות בננה סחוט טרי 50,,,תות בננה סחוט טרי 50,מיליליטרים,500.00,"100 מ""ל",false,1,9.90,1.98,true,1,
7290005278075,false,פירות יער סחוט טרי 5,,,פירות יער סחוט טרי 5,מיליליטרים,500.00,"100 מ""ל",false,1,9.90,1.98,true,1,
7290005278112,false,קיווי אגס תפוח סחוט,,,קיווי אגס תפוח סחוט,מיליליטרים,500.00,"100 מ""ל",false,1,9.90,1.98,true,1,
7290005278174,false,לימונענע סחוט טרי 50,,,לימונענע סחוט טרי 50,מיליליטרים,500.00,"100 מ""ל",false,1,9.90,1.98,true,1,
7290005278228,false,"מנגו פסיפלורה 500 מ""ל",,,מנגו פסיפלורה,מיליליטרים,500.00,"100 מ""ל",false,1,9.90,1.98,true,1,
7290005278440,false,גזר תפוז סחוט טרי 50,,,גזר תפוז סחוט טרי 50,מיליליטרים,500.00,"100 מ""ל",false,1,9.90,1.98,true,1,
7290005287206,false,טונה סטארקיסט בשמן רביעיות 4*160 גר,,,טונה סטארקיסט בשמן ר,גרמים,640.00,100 גרם,false,1,25.90,4.05,true,1,
7290005287251,false,טונה סטארקיסט במים רביעיות 4*160 גר,,,טונה סטארקיסט במים ר,גרמים,640.00,100 גרם,false,1,25.90,4.05,true,1,
7290005287510,false,טונה בשמן עם פלפל חריף 160 גרם פ.ק,,,טונה בשמן עם פלפל חר,גרמים,160.00,100 גרם,false,1,9.40,5.88,true,1,
7290005287527,false,טונה בשמן עם לימון 160 גרם פ.ק,,,טונה בשמן עם לימון 1,גרמים,160.00,100 גרם,false,1,9.40,5.88,true,1,
7290005287534,false,טונה בשמן עישון טבעי 160 גרם פ.ק,,,טונה בשמן עישון טבעי,גרמים,160.00,100 גרם,false,1,9.40,5.88,true,1,
7290005326523,false,ממרח פסטו פטרוזיליה ונענע אוליביה 180 גר,,,ממרח פסטו פטרוזיליה,גרמים,180.00,100 גרם,false,1,14.50,8.06,true,1,
7290005326585,false,פסטו בזיליקום אוליביה 180 גר,,IL,פסטו בזיליקום אוליבי,גרמים,180.00,100 גרם,false,1,16.40,9.11,true,1,
7290005358241,false,לשון בקר קפוא,,,לשון בקר קפואה,Unknown,0.00,"ק""ג",true,0,38.90,38.90,true,1,
7290005384851,false,מיץ לימון 200 מ`ל,,IT,מיץ לימון 200 מ`ל,מיליליטרים,200.00,"100 מ""ל",false,1,5.50,2.75,true,1,
7290005423253,false,סנו מקסימה למייבש 750 מל אולטרא פרש,,,סנו מקסימה למייבש 75,מיליליטרים,750.00,"100 מ""ל",false,1,19.90,2.65,true,1,
7290005423567,false,סנו סושי מטליות בגליל צהוב 30 יח,,,סנו סושי מטליות בגלי,Unknown,0.00,Unknown,false,1,23.90,23.90,true,1,
7290005423635,false,רצפז דוחה חרקים 2 ליטר,,,רצפז דוחה חרקים 2 לי,ליטרים,0.00,ליטר,false,1,25.90,25.90,true,1,
7290005423918,false,סנו מקסימה מרכך כביסה בייבי 4 ליטר,,,סנו מקסימה מרכך כביס,ליטרים,0.00,ליטר,false,1,25.50,25.50,true,1,
7290005424113,false,סנו סושי 4 מטליות רצפה,,,סנו סושי 4 מטליות רצ,Unknown,0.00,Unknown,false,1,15.40,15.40,true,1,
7290005424403,false,אלסבון כיף 1 ליטר,,,אלסבון כיף 1 ליטר,מיליליטרים,1000.00,"100 מ""ל",false,1,16.00,1.60,true,1,
7290005424755,false,מטלית לרצפה דוחה תיקנים,,,מטלית דוחה תיקנים,Unknown,0.00,Unknown,false,1,17.90,17.90,true,1,
7290005425073,false,סנו דואופרש יסמין עץ סאנדלוור,,,סנו דואופרש יסמין עץ,מיליליטרים,300.00,"100 מ""ל",false,1,14.50,4.83,true,1,
7290005425127,false,"מרסס מנקה שומנים 99.9% 750 מ""ל",,IL,מרסס מנקה שומנים 99.,מיליליטרים,750.00,"100 מ""ל",false,1,14.90,1.99,true,1,
7290005425646,false,סנוקליר אקדח 1 ליטר,,,סנוקליר אקדח 1 ליטר,מיליליטרים,1000.00,"100 מ""ל",false,1,10.90,1.09,true,1,
7290005425714,false,שמפו לשטיחים פלוס,,,שמפו לשטיחים פלוס,מיליליטרים,600.00,"100 מ""ל",false,1,31.50,5.25,true,1,
7290005426193,false,סנו סושי ספוג הפלא,,,סנו סושי ספוג הפלא,Unknown,0.00,Unknown,false,1,15.00,15.00,true,1,
7290005427985,false,"קרמה תחליב רחצה לפנים 180 מ""ל גרגירים",,,קרמה תחליב רחצה לפני,מיליליטרים,180.00,"100 מ""ל",false,1,20.00,11.11,true,1,
7290005428852,false,סנו סופט מגבוני טישו לאף אריזת חמישיה,,,סנו סופט מגבוני טישו,Unknown,0.00,Unknown,false,1,18.20,18.20,true,1,
7290005430480,false,מטלית פלא סנו סושי,,,מטלית פלא סנו סושי,Unknown,0.00,Unknown,false,1,8.90,8.90,true,1,
7290005430510,false,נייר טואלט סופט 40 גלילים,,,נייר טואלט סופט 40 ג,מטרים,736.00,מטר,false,1,43.90,0.06,true,1,
7290005430602,false,סנו אוקסיגן מסיר כתמים קשים מרסס 750 מל,,,סנו אוקסיגן מסיר כתמ,מיליליטרים,750.00,"100 מ""ל",false,1,20.90,2.79,true,1,
7290005430671,false,סנו פוליויקס 2 ליטר +קרמיקה,,,סנו פוליויקס 2 ליטר,ליטרים,0.00,ליטר,false,1,21.90,21.90,true,1,
7290005431159,false,תותים בקצפת לייט 80 גרם,,,תותים בקצפת לייט 80,גרמים,80.00,100 גרם,false,1,7.90,9.88,true,1,
7290005431883,false,מלבי חלבי 165 גר,,IL,מלבי חלבי 165 גר,גרמים,165.00,100 גרם,false,1,7.90,4.79,true,1,
7290005431906,false,קדאיף 82 גר,,IL,קדאיף 82 גר,גרמים,82.00,100 גרם,false,1,7.90,9.63,true,1,
7290005431913,false,עוגת גינה פירורים 92 גרם,,IL,עוגת גבינה פירורים,גרמים,92.00,100 גרם,false,1,7.90,8.59,true,1,
7290005431920,false,עוגת גינה פירורים לייט 78 גר,,IL,עוגת גבינה פירורים,גרמים,78.00,100 גרם,false,1,7.90,10.13,true,1,
7290005431937,false,טירמיסו 82 גר,,IL,טירמיסו 82 גר,גרמים,82.00,100 גרם,false,1,7.90,9.63,true,1,
7290005431968,false,מלבי שמנת 150 גרם,,IL,מלבי שמנת 150 גרם,גרמים,150.00,100 גרם,false,1,8.50,5.67,true,1,
7290005555100,false,פיקדון רביעייה,,,פיקדון רביעייה,Unknown,0.00,Unknown,false,1,1.20,1.20,true,1,
7290005555101,false,פיקדון שישייה,,,פיקדון שישייה,Unknown,0.00,Unknown,false,1,1.80,1.80,true,1,
7290005555127,false,פיקדון 30 אג,,,פיקדון 30 אג,Unknown,0.00,Unknown,false,1,0.30,0.30,true,1,
7290005555777,false,"פיקדון חוזר 1.2 ש""ח בק 500 מ""ל",,,"פיקדון חוזר 1.2 ש""ח",Unknown,0.00,Unknown,false,1,1.20,1.20,true,1,
7290005559709,false,בורקס פיצה 700גר מעדנות,,,בורקס פיצה 700 גר,גרמים,700.00,100 גרם,false,1,30.50,4.36,true,1,
7290005559907,false,פיצה משפחתית גבינה מעדנות 500 גר,,,פיצה משפחתית גבינה,גרמים,500.00,100 גרם,false,1,24.90,4.98,true,1,
7290005559914,false,פיצה משפחתית זיתים מעדנות 550 גר,,,פיצה משפחתית זיתים מ,גרמים,550.00,100 גרם,false,1,25.90,4.71,true,1,
7290005559990,false,בצק פילאס תורכי מעדנות 600 גר,,,בצק פילאס תורכי מעדנ,גרמים,600.00,100 גרם,false,1,25.90,4.32,true,1,
7290005571022,false,צלי כתף טרי,,,צלי כתף טרי,Unknown,0.00,"ק""ג",true,0,89.90,89.90,true,1,
7290005571039,false,פילה עגל מדומה טרי,,,פילה מדומה טרי,Unknown,0.00,"ק""ג",true,0,69.90,69.90,true,1,
7290005571046,false,כתף בקר מרכזי טרי,,,כתף בקר מרכזי טרי,Unknown,0.00,"ק""ג",true,0,69.90,69.90,true,1,
7290005571060,false,אוסובוקו בקר טרי,,,אוסובוקו בקר טרי,Unknown,0.00,"ק""ג",true,0,49.90,49.90,true,1,
7290005571176,false,ויסבארטן טרי,,,ויסבארטן טרי,Unknown,0.00,"ק""ג",true,0,69.90,69.90,true,1,
7290005571183,false,שייטל בקר שלם,,,שייטל שלם,Unknown,0.00,"ק""ג",true,0,89.90,89.90,true,1,
7290005571213,false,שפיץ צך בקר,,,פיקנייה עגל טרי,Unknown,0.00,"ק""ג",true,0,94.90,94.90,true,1,
7290005571343,false,כבד עגל טרי,,,כבד עגל טרי,Unknown,0.00,"ק""ג",true,0,17.90,17.90,true,1,
7290005571596,false,נתח סינטה עגל טרי,,,סינטה עגל טרי,Unknown,0.00,"ק""ג",true,0,99.90,99.90,true,1,
7290005571909,false,אנטריקוט עגל טרי ללא עצם,,,אנטריקוט עגל טרי,Unknown,0.00,"ק""ג",true,0,169.90,169.90,true,1,
7290005591761,false,דבש טהור לחיץ פרחי בר 400 גרם,,,דבש טהור לחיץ פרחי ב,גרמים,400.00,100 גרם,false,1,24.90,6.23,true,1,
7290005610509,false,צנונית,,,צנונית,Unknown,0.00,Unknown,false,1,7.90,7.90,true,1,
7290005651069,false,לה-קט 2.85 קג מיקס,,,לה-קט 2.85 קג מיקס,קילוגרמים,0.00,"ק""ג",false,1,61.90,61.90,true,1,
7290005651427,false,בונזו מולטיפק 3*400 גר,,,בונזו מולטיפק 3*400,גרמים,400.00,100 גרם,false,1,17.90,4.48,true,1,
7290005678585,false,סקרלוטה ללא חרצנים,,,סקרלוטה ללא חרצנים,Unknown,0.00,"ק""ג",true,0,39.90,39.90,true,1,
7290005680052,false,אובה סופר פלוס 32,,,אובה סופר פלוס 32,Unknown,0.00,Unknown,false,1,24.90,24.90,true,1,
7290005686405,false,בננה ציפס 200 גרם ששון הקולה,,,בננה ציפס 200 גרם שש,גרמים,200.00,100 גרם,false,1,8.50,4.25,true,1,
7290005686436,false,תפוחי עץ 200 גרם,,,תפוחי עץ 200 גר,גרמים,200.00,100 גרם,false,1,14.50,7.25,true,1,
7290005697272,false,תום עיזים מונפורט מנות שקיל,,,תום עיזים מונפורט,Unknown,0.00,"ק""ג",true,0,224.00,224.00,true,1,
7290005697333,false,קממבר עיזים מנות שקיל גלילי,,,קממבר עיזים מנות שקי,Unknown,0.00,"ק""ג",true,0,194.00,194.00,true,1,
7290005697517,false,"יוגורט עיזים טבעי ביו 500 מ""ל",,,יוגורט עיזים טבעי בי,מיליליטרים,500.00,"100 מ""ל",false,1,18.90,3.78,true,1,
7290005697531,false,"יוגורט עיזים תות ביו 500 מ""ל",,,יוגורט עיזים תות ביו,מיליליטרים,500.00,"100 מ""ל",false,1,18.90,3.78,true,1,
7290005697548,false,"יוגורט עיזים פירות יער ביו 500 מ""ל",,,יוגורט עיזים פירות י,מיליליטרים,500.00,"100 מ""ל",false,1,18.90,3.78,true,1,
7290005697562,false,"יוגורט עיזים אפרסק ביו 500 מ""ל",,,יוגורט עיזים אפרסק ב,מיליליטרים,500.00,"100 מ""ל",false,1,18.90,3.78,true,1,
7290005697630,false,"יוגורט עיזים ביו תאנים 500 מ""ל",,,יוגורט עיזים ביו תאנ,מיליליטרים,500.00,"100 מ""ל",false,1,18.90,3.78,true,1,
7290005697708,false,יוגורט עיזים טבעי מחלבת גלילי 1 ליטר,,,יוגורט עיזים טבעי מח,מיליליטרים,1000.00,"100 מ""ל",false,1,23.00,2.30,true,1,
7290005786075,false,"קרפלך סאן סאניץ 1 ק""ג",,IL,קרפלך סאן סניץ 1.200,גרמים,1000.00,100 גרם,false,1,40.90,4.09,true,1,
7290005786099,false,"קרפלך עגל 1 ק""ג",,,"קרפלך עגל 1 ק""ג",גרמים,1000.00,100 גרם,false,1,40.90,4.09,true,1,
7290005786730,false,קרפלך 3 חזרזירים 1 קילו,,,קרפלך 3 חזרזירים 1 ק,גרמים,1000.00,100 גרם,false,1,45.50,4.55,true,1,
7290005789380,false,פרשיס קוסמטיקס להסרת איפור 54 יחידות,,,פרשיס קוסמטיקס להסרת,Unknown,0.00,Unknown,false,1,15.90,15.90,true,1,
7290005811111,false,בייגלה מקמח כוסמין עם מלח 300 גרם,,IL,בייגלה מקמח כוסמין ע,גרמים,300.00,100 גרם,false,1,16.90,5.63,true,1,
7290005811128,false,בייגלה מקמח כוסמין עם שומשום 300 גרם,,IL,בייגלה מקמח כוסמין ע,גרמים,300.00,100 גרם,false,1,16.90,5.63,true,1,
7290005838002,false,דניאלה 88 גרם,,,דניאלה וניל 100 גרם,גרמים,88.00,100 גרם,false,1,4.30,4.89,true,1,
7290005839078,false,מולטיפק יוגורט דנונה טבעי 3%,,,מולטיפק יוגורט דנונה,ליטרים,0.00,ליטר,false,1,17.90,17.90,true,1,
7290005839108,false,סימפוניה 5% עם זיתים 200 גרם,,,סימפוניה 5% עם זיתים,גרמים,200.00,100 גרם,false,1,12.90,6.45,true,1,
7290005839313,false,מילקי טופ מגולגלת 130 גרם,,,מילקי טופ מגולגלת 13,גרמים,130.00,100 גרם,false,1,5.30,4.08,true,1,
7290005896415,false,"בירה איגל לאגר פרימיום 5% 500 מ""ל פחית",,,בירה איגל לאגר פרימי,מיליליטרים,500.00,"100 מ""ל",false,1,6.90,1.38,true,1,
7290005896460,false,"בירה איגל חזקה 7.8% 500 מ""ל פחית",,,בירה איגל חזקה 7.8%,מיליליטרים,500.00,"100 מ""ל",false,1,6.90,1.38,true,1,
7290005896620,false,מים סאן בנדטו 1.5 ל מוגז,,,מים סאן בנדטו 1.5 ל,ליטרים,0.00,ליטר,false,1,3.60,3.60,true,1,
7290005896637,false,מים סאן בנדיטו 1.5 ליטר,,IL,מים סאן בנדיטו 1.5 ל,ליטרים,0.00,ליטר,false,1,4.00,4.00,true,1,
7290005946493,false,פלפל צילי,,,פלפל צילי,Unknown,0.00,Unknown,false,1,6.50,6.50,true,1,
7290005966347,false,יין גמלא סובניון בלנק 750 מל,,,יין גמלא סובניון בלנ,Unknown,0.00,Unknown,false,1,66.90,66.90,true,1,
7290005992018,false,יוגורט עיזים 500 מל,,,יוגורט עיזים 500 מל,גרמים,500.00,100 גרם,false,1,13.90,2.78,true,1,
7290005992575,false,בולגרית למריחה 250 גר,,,בולגרית למריחה 250 ג,גרמים,250.00,100 גרם,false,1,20.50,8.20,true,1,
7290005992735,false,גבינה לבנה טבעית 250 גר,,,גבינה לבנה טבעית 250,גרמים,250.00,100 גרם,false,1,13.50,5.40,true,1,
7290006189028,false,מיני פריזר עגל 480 גרם,,IL,מיני פריזר עגל 480 ג,גרמים,480.00,100 גרם,false,1,22.90,4.77,true,1,
7290006189358,false,סטייק אנטריקוט מוצר בשר מעובד מופשר,,,אנטריקוט מעובד מופשר,Unknown,0.00,"ק""ג",true,0,99.90,99.90,true,1,
7290006190741,false,פיקורינו פפאטו עם פלפל במשקל,,,פיקורינו פפאטו פלפל,Unknown,0.00,"ק""ג",true,0,231.00,231.00,true,1,
7290006190765,false,גבינת גרוייר רזרב שוויצרי במשקל,,,גבינת גרוייר רזרב,Unknown,0.00,"ק""ג",true,0,241.00,241.00,true,1,
7290006193704,false,פטה כבשים דותן במשקל,,,פטה כבש דותן במשקל,Unknown,0.00,"ק""ג",true,0,99.00,99.00,true,1,
7290006194008,false,גבינת פקורינו רומנו איטלקי שקיל,,,גבינת פקורינו רומנו,Unknown,0.00,"ק""ג",true,0,175.00,175.00,true,1,
7290006194015,false,גבינת גורגונזולה פיקנטית במשקל,,,גבינת גורגונזולה פיק,Unknown,0.00,"ק""ג",true,0,200.00,200.00,true,1,
7290006194022,false,גורגונזולה דולצה איטלקי במשקל,,,גורגונזולה דולצה,Unknown,0.00,"ק""ג",true,0,199.00,199.00,true,1,
7290006199218,false,מאגדת גלידל אייס מוקה 8 יח דיאט,,,מאגדת גלידל אייס מוק,גרמים,400.00,100 גרם,false,1,33.50,8.38,true,1,
7290006199942,false,מאגדת גלידל פרי דובדבן 8 יח,,,מאגדת גלידל פרי,גרמים,640.00,100 גרם,false,1,26.50,4.14,true,1,
7290006200006,false,ולנסי מנות במשקל,,,ולנסי מנות במשקל,Unknown,0.00,"ק""ג",true,0,157.00,157.00,true,1,
7290006229427,false,שישיית מים מינרלים סאן בנדטו 500 מל,,,שישיית מים מינרלים ס,ליטרים,0.02,ליטר,false,1,13.90,695.00,true,1,
7290006229588,false,בירה איגל לאגר פרימיום חזקה 6.3% 500 מל,,,בירה איגל לאגר פרימי,מיליליטרים,500.00,"100 מ""ל",false,1,6.90,1.38,true,1,
7290006241191,false,אגוזי מלך קליית גת 150 גר,,,אגוזי מלך קליית גת 1,גרמים,150.00,100 גרם,false,1,21.90,14.60,true,1,
7290006241214,false,שקד טבעי 200 ג שקית,,,שקד טבעי 200 ג שקית,גרמים,200.00,100 גרם,false,1,21.90,10.95,true,1,
7290006241504,false,פריז תפוזים קפוא 340 גרם,,,פריז תפוזים קפוא 340,גרמים,340.00,100 גרם,false,1,15.90,4.68,true,1,
7290006241511,false,פריז לימון נענע קפוא 340 גרם,,,פריז לימון נענע קפוא,גרמים,340.00,100 גרם,false,1,16.90,4.97,true,1,
7290006241535,false,פריז מנגו 340 גרם,,,פריז מנגו 340 גרם,ליטרים,0.00,ליטר,false,1,16.90,16.90,true,1,
7290006251275,false,תה ירוק סיני 25 שקיקים של 1.5 ג,,,תה ירוק סיני 25 שקיק,Unknown,0.00,Unknown,false,1,26.90,26.90,true,1,
7290006251282,false,ניפלאות הקרנברי 25 שקיקים גן קסום,,,ניפלאות הקרנברי 25 ש,Unknown,0.00,Unknown,false,1,19.90,19.90,true,1,
7290006251374,false,תה ירוק לימונית וגינגר 25 שקיקים,,,תה ירוק לימונית וגינ,Unknown,0.00,Unknown,false,1,26.90,26.90,true,1,
7290006251589,false,תה ירוק נענע באריזה 50 יח,,,תה ירוק נענע באריזה,Unknown,0.00,Unknown,false,1,48.50,48.50,true,1,
7290006265500,false,פטריות שמפיניון ארוז,,,פטריות שמפיניון ארוז,Unknown,0.00,Unknown,false,1,12.90,12.90,true,1,
7290006271174,false,גחנון בצק 700גר מעדנות,,,גחנון בצק מעדנות,גרמים,700.00,100 גרם,false,1,20.90,2.99,true,1,
7290006271181,false,גחנון אפוי 750גר מעדנות,,,גחנון אפוי 750 גר,גרמים,750.00,100 גרם,false,1,28.70,3.83,true,1,
7290006271648,false,"מיני בורקס תפו""א 800 גרם",,,"מיני בורקס תפו""א 800",גרמים,650.00,100 גרם,false,1,29.90,4.60,true,1,
7290006271655,false,מיני בורקס גבינה 800 גרם,,,מיני בורקס גבינה,גרמים,800.00,100 גרם,false,1,32.50,4.06,true,1,
7290006272072,false,חטיפי פיצה גבינה 650 גר,,,חטיפי פיצה גבינה,גרמים,650.00,100 גרם,false,1,36.90,5.68,true,1,
7290006272430,false,בצק עלים חמאה 600גר,,,בצק עלים חמאה מעדנות,גרמים,600.00,100 גרם,false,1,31.60,5.27,true,1,
7290006306159,false,פסטנונה-לזניה 4 גבינות 500גר,,,פסטנונה לזניה 4 גבינ,גרמים,500.00,100 גרם,false,1,41.90,8.38,true,1,
7290006306296,false,רביולי גבינה לילדים 400 גר,,,רביולי גבינה לילדים,גרמים,400.00,100 גרם,false,1,27.90,6.98,true,1,
7290006306302,false,רביולי גבינה ופרמזן 400 גר,פסטה נונה,IL,רביולי גבינה ופרמזן,גרמים,400.00,100 גרם,false,1,27.90,6.98,true,1,
7290006306319,false,רביולי בטטה 400 גר,,,רביולי בטטה 400 גר,גרמים,400.00,100 גרם,false,1,27.90,6.98,true,1,
7290006306326,false,רביולי פטריות 400 גר,,,רביולי פטריות 400 גר,גרמים,400.00,100 גרם,false,1,27.90,6.98,true,1,
7290006306333,false,רביולי תרד 400 גר,,,רביולי תרד 400 גר,גרמים,400.00,100 גרם,false,1,27.90,6.98,true,1,
7290006306357,false,רביולי גבינת עיזים 400 גר,,,רביולי גבינת עיזים 4,גרמים,400.00,100 גרם,false,1,24.90,6.23,true,1,
7290006327529,false,פטריות אסרטי 300 גר,,,פטריות אסרטי 300 גר,גרמים,300.00,100 גרם,false,1,21.90,7.30,true,1,
7290006337016,false,בלינצס בשר 800 גרם,,,בלינצס בשר 800 גרם,גרמים,800.00,100 גרם,false,1,37.90,4.74,true,1,
7290006337085,false,ציבורקי 600 גרם,,,ציבורקי 600 גרם,גרמים,600.00,100 גרם,false,1,33.90,5.65,true,1,
7290006337450,false,"פלמני לבן 1.3 ק""ג",,,"פלמני לבן 1.3 ק""ג",קילוגרמים,0.00,"ק""ג",false,1,39.90,39.90,true,1,
7290006337467,false,"פלמני דומשניה 1.3 ק""ג",,,"פלמני דומשניה 1.3 ק""",קילוגרמים,0.00,"ק""ג",false,1,39.90,39.90,true,1,
7290006337474,false,"פלמני עגל 1.3 ק""ג",,,"פלמני עגל 1.3 ק""ג",קילוגרמים,0.00,"ק""ג",false,1,39.00,39.00,true,1,
7290006337504,false,פלמני משפחתי 1300 גרם,"מפעלי אירנה לבצק ממולא בע""מ",IL,"פלמני משפחתי 1.3 ק""ג",קילוגרמים,0.00,"ק""ג",false,1,39.00,39.00,true,1,
7290006342065,false,בוטן קלויים 200 גרם ששון הקולה,,,בוטן קלויים 200 גרם,גרמים,200.00,100 גרם,false,1,7.90,3.95,true,1,
7290006342072,false,גרעין לבן 200 גרם ששון הקולה,,,גרעין לבן 200 גרם,גרמים,200.00,100 גרם,false,1,9.90,4.95,true,1,
7290006342089,false,גרעין שחור 200 גרם ששון הקולה,,,גרעין שחור 200 גרם ש,גרמים,200.00,100 גרם,false,1,7.00,3.50,true,1,
7290006342515,false,מנצס 200 גרם ששון הקולה,,,מנצס 200 גרם ששון הק,גרמים,200.00,100 גרם,false,1,6.90,3.45,true,1,
7290006342553,false,קבוקים 200 גרם ששון וקולה,,,קבוקים 200 גרם ששון,גרמים,200.00,100 גרם,false,1,5.90,2.95,true,1,
7290006342560,false,בוטן אמריקאי 200 גרם ששון הקולה,,,בוטן אמריקאי 200 גרם,גרמים,200.00,100 גרם,false,1,5.90,2.95,true,1,
7290006355065,false,קשקבליו איטלקי במשקל,,,קשקבליו איטלקי במשקל,Unknown,0.00,"ק""ג",true,0,204.00,204.00,true,1,
7290006355119,false,קשקבליו איטלקי מעושן במשקל,,,קשקבליו איטלקי מעושן,Unknown,0.00,"ק""ג",true,0,204.00,204.00,true,1,
7290006374738,false,קונפיטורת יד מרדכי תות 340 גרם,,,קונפיטורת יד מרדכי ת,גרמים,340.00,100 גרם,false,1,15.90,4.68,true,1,
7290006449559,false,עלי חסה שטופים,,,עלי חסה שטופים,Unknown,0.00,Unknown,false,1,12.90,12.90,true,1,
7290006459350,false,נפנף,,,נפנף,Unknown,0.00,Unknown,false,1,4.50,4.50,true,1,
7290006459442,false,מנגל,,,מנגל,Unknown,0.00,Unknown,false,1,43.90,43.90,true,1,
7290006459510,false,נרות חנוכה רגיל 44 יח,,CN,נרות חנוכה רגיל 44 י,Unknown,0.00,Unknown,false,1,3.90,3.90,true,1,
7290006459565,false,סט 7 קופסאות FRESH,,,סט 7 קופסאות FRESH,קילוגרמים,0.00,"ק""ג",false,1,59.90,59.90,true,1,
7290006459947,false,"פחמים גריל פרימיום שקד 2 ק""ג",,דרום אמריקה,פחמים גריל פרימיום ש,קילוגרמים,0.00,"ק""ג",false,1,21.90,21.90,true,1,
7290006492432,false,מוצרלה בייבי 150 גרם,,,מוצרלה בייבי 150 גרם,גרמים,170.00,100 גרם,false,1,15.30,9.00,true,1,
7290006492616,false,בולגרית בפרוסות 5% 250 גר,,,בולגרית בפרוסות 5% 2,גרמים,250.00,100 גרם,false,1,28.30,11.32,true,1,
7290006492630,false,גליל גבינת עיזים 180גר,,,גליל גבינת עיזים 180,גרמים,180.00,100 גרם,false,1,26.90,14.94,true,1,
7290006492685,false,לבנה עיזים 3% 250 גרם,,,לבנה עיזים 3% 250 גר,גרמים,250.00,100 גרם,false,1,19.90,7.96,true,1,
7290006492852,false,גבינה לבנה עיזים 250 גרם,,,גבינה לבנה עיזים 250,גרמים,250.00,100 גרם,false,1,18.20,7.28,true,1,
7290006492913,false,לבנה ציזיקי 250 גרם,,,לבנה ציזיקי 250 גרם,גרמים,250.00,100 גרם,false,1,15.50,6.20,true,1,
7290006494917,false,טוסו וופל קלאסי במילוי שוקולד 200 גרם,,,טוסו וופל קלאסי במיל,גרמים,180.00,100 גרם,false,1,11.90,6.61,true,1,
7290006496072,false,"סירופ למלבי 750 מ""ל",,IL,"סירופ למלבי 750 מ""ל",מיליליטרים,750.00,"100 מ""ל",false,1,21.90,2.92,true,1,
7290006520500,false,שוקיים עוף טרי,,,שוקיים עוף טרי,Unknown,0.00,"ק""ג",true,0,29.90,29.90,true,1,
7290006559029,false,כדורי מוצרלה בופלו במשקל,,,כדורי מוצרלה בופלו,Unknown,0.00,"ק""ג",true,0,170.00,170.00,true,1,
7290006567048,false,פתיתי קוסקוס ישראלי 350 גרם,,,פתיתי קוסקוס ישראלי,גרמים,350.00,100 גרם,false,1,10.50,3.00,true,1,
7290006577160,false,יוגורט טבעי 3.6% אורגני 1 ליטר מחלבת גלילי,,,יוגורט טבעי 3.6% אור,מיליליטרים,1000.00,"100 מ""ל",false,1,31.50,3.15,true,1,
7290006577986,false,יוגורט ביו 3.6% אורגני 500 מל,,,יוגורט ביו 3.6% אורג,מיליליטרים,500.00,"100 מ""ל",false,1,20.90,4.18,true,1,
7290006578655,false,הנרי וויליך גבינת גלוריוס עיזים במשקל,,,הנרי וויליך גבינת גל,Unknown,0.00,"ק""ג",true,0,195.00,195.00,true,1,
7290006578853,false,הנרי וויליך גבינת טרמנדס כמהין במשקל,,,הנרי וויליך גבינת טר,Unknown,0.00,"ק""ג",true,0,195.00,195.00,true,1,
7290006582539,false,חמוציות 250 גרם ששון הקולה,,,חמוציות 250 גרם ששון,גרמים,250.00,100 גרם,false,1,12.90,5.16,true,1,
7290006582799,false,גינגר מסוכר 200 גרם,,,גינגר מסוכר 200 גרם,גרמים,200.00,100 גרם,false,1,15.60,7.80,true,1,
7290006618078,false,אסטוניש מרסס ניקוי כללי 750 מל,,,אסטוניש מרסס ניקוי כ,מיליליטרים,750.00,"100 מ""ל",false,1,19.90,2.65,true,1,
7290006618085,false,"אסטוניש מרסס לאמבט 750 מ""ל",,,אסטוניש מרסס לאמבט 7,מיליליטרים,750.00,"100 מ""ל",false,1,19.90,2.65,true,1,
7290006618146,false,"הפי נוזל הדלקת פחמים 500 מ""ל",,,הפי נוזל הדלקת פחמים,מיליליטרים,500.00,"100 מ""ל",false,1,18.90,3.78,true,1,
7290006652027,false,במבה מולטי פק 15 יחידות,,,במבה מולטי פק 15 יחי,גרמים,300.00,100 גרם,false,1,27.20,9.07,true,1,
7290006653819,false,פתיתי קוסקוס דק 350 גרם,,,פתיתי קוסקוס דק 350,גרמים,350.00,100 גרם,false,1,10.50,3.00,true,1,
7290006660596,false,קמח עדשים אדומות ללא גלוטן 500 גרם,,IL,קמח עדשים אדומות ללא,גרמים,500.00,100 גרם,false,1,19.90,3.98,true,1,
7290006660602,false,מי קוקוס אורגני גרין קוקו קרטונית 1 ליטר,,VN,מי קוקוס אורגני גרין,מיליליטרים,1000.00,"100 מ""ל",false,1,20.90,2.09,true,1,
7290006660640,false,קמח טף דגש 500 גרם,,IL,קמח טף דגש 500 גרם,גרמים,500.00,100 גרם,false,1,26.90,5.38,true,1,
7290006664051,false,מארז 14 יח אקטימל טבעי,,,מארז 14 יח אקטימל טב,ליטרים,0.00,ליטר,false,1,35.50,35.50,true,1,
7290006664655,false,אקטימל טבעי שמינייה,,,אקטימל טבעי שמינייה,מיליליטרים,800.00,"100 מ""ל",false,1,22.70,2.84,true,1,
7290006664990,false,מארז ביו 1.7% 2+6 150 גר*8,,,מארז ביו 1.7% 2+6 15,ליטרים,0.00,ליטר,false,1,17.90,17.90,true,1,
7290006666307,false,חומוס 300 גר,,,חומוס 300 גר,גרמים,300.00,100 גרם,false,1,14.60,4.87,true,1,
7290006666314,false,טחינה אטרף 300 גר,,,טחינה אטרף 300 גר,גרמים,300.00,100 גרם,false,1,14.60,4.87,true,1,
7290006666338,false,טחינה ירוקה 300 גר,,,טחינה ירוקה 300 גר,גרמים,300.00,100 גרם,false,1,15.90,5.30,true,1,
7290006666345,false,חציל במיונז 300 גר,,,חציל במיונז 300 גר,גרמים,300.00,100 גרם,false,1,23.80,7.93,true,1,
7290006666352,false,חציל בטחינה 300 גר,,,חציל בטחינה 300 גר,גרמים,300.00,100 גרם,false,1,22.70,7.57,true,1,
7290006666406,false,חציל טבעי 300 גר,,,חציל טבעי 300 גר,גרמים,300.00,100 גרם,false,1,22.70,7.57,true,1,
7290006666413,false,כרוב שוודי 300 גר,,,כרוב שוודי 300 גר,גרמים,300.00,100 גרם,false,1,17.00,5.67,true,1,
7290006666420,false,קולסלו כרוב אמריקאי 300 גר,,,קולסלו כרוב אמריקאי,גרמים,300.00,100 גרם,false,1,16.20,5.40,true,1,
7290006666437,false,סלט טורקי 300 גר,,,סלט טורקי 300 גר,גרמים,300.00,100 גרם,false,1,19.00,6.33,true,1,
7290006666444,false,סלט מטבוחה 300 גר,,,סלט מטבוחה 300 גר,גרמים,300.00,100 גרם,false,1,22.70,7.57,true,1,
7290006666451,false,סלסה 300 גר,,,סלסה 300 גר,גרמים,300.00,100 גרם,false,1,24.50,8.17,true,1,
7290006666468,false,גזר בלימון 300 גר,,,גזר בלימון 300 גר,גרמים,300.00,100 גרם,false,1,22.70,7.57,true,1,
7290006666475,false,"סלט תפו""א רוסי 300 גר",,,"סלט תפו""א רוסי 300 ג",גרמים,300.00,100 גרם,false,1,17.00,5.67,true,1,
7290006666499,false,סלט טונה לבנה ברוטב 300 גר,,,סלט טונה לבנה ברוטב,גרמים,300.00,100 גרם,false,1,28.20,9.40,true,1,
7290006666529,false,פלפל מרוקאי 300 גר,,,פלפל מרוקאי 300 גר,גרמים,300.00,100 גרם,false,1,23.80,7.93,true,1,
7290006666543,false,סלט סלק 300 גר,,,סלט סלק 300 גר,גרמים,300.00,100 גרם,false,1,18.10,6.03,true,1,
7290006678782,false,סרדין מרוקאי 125 ג חריף בשמן צמחי,,,סרדין מרוקאי 125 ג ח,גרמים,100.00,100 גרם,false,1,6.50,6.50,true,1,
7290006678805,false,סרדין מרוקאי 125 ג ברוטב עגבניות,,,סרדין מרוקאי 125 ג ב,גרמים,100.00,100 גרם,false,1,6.50,6.50,true,1,
7290006678812,false,סרדין מרוקאי 125 ג בשמן צמחי,,,סרדין מרוקאי 125 ג ב,גרמים,100.00,100 גרם,false,1,6.50,6.50,true,1,
7290006681003,false,גלידה קרמיסימו סרבט תות לימון 650 גרם,,,גלידה קרמיסימו סרבט,ליטרים,0.00,ליטר,false,1,24.90,24.90,true,1,
7290006681553,false,שטראוס קרמבו וניל 8 יח,,,שטראוס קרמבו וניל 8,Unknown,0.00,Unknown,false,1,17.90,17.90,true,1,
7290006681577,false,מאגדת אסקימו שטראוס 10 יח לימון דובדבן,,,מאגדת אסקימו שטראוס,גרמים,700.00,100 גרם,false,1,20.50,2.93,true,1,
7290006704078,false,אורגנו,,,אורגנו,Unknown,0.00,Unknown,false,1,5.90,5.90,true,1,
7290006704832,false,אוכמניות טריות יחידה,,,אוכמניות טריות יחידה,Unknown,0.00,Unknown,false,1,24.90,24.90,true,1,
7290006705334,false,מקלות סורימי 200 גרם,,,מקלות סורימי 200 גרם,גרמים,200.00,100 גרם,false,1,5.10,2.55,true,1,
7290006705594,false,נתחי סורימי 200 גרם,,,נתחי סורימי 200 גרם,גרמים,200.00,100 גרם,false,1,5.20,2.60,true,1,
7290006724205,false,טופו חומוס 300 גרם,,,טופו חומוס 300 גרם,גרמים,300.00,100 גרם,false,1,12.90,4.30,true,1,
7290006724465,false,"דפי אורז טפיוקה מרובעים 22 ס""מ לל""ג 270",,VN,דפי אורז מרובעים 22,גרמים,270.00,100 גרם,false,1,12.90,4.78,true,1,
7290006724779,false,ממרח עגבניות מיובשות 185 גרם,,IL,ממרח עגבניות מיובשות,גרמים,185.00,100 גרם,false,1,25.10,13.57,true,1,
7290006724809,false,ממרח ארטישוק 185 גרם,,IL,ממרח ארטישוק 185 גרם,גרמים,185.00,100 גרם,false,1,25.10,13.57,true,1,
7290006744302,false,יין מוני סדרת M מוסקט לבן 750 מל,,IL,יין מוני סדרת M מוסק,Unknown,0.00,Unknown,false,1,44.90,44.90,true,1,
7290006764072,false,"בירה גולדסטאר בק חוזר 500 מ""ל",,,"בירה גולדסטאר 500 מ""",מיליליטרים,500.00,"100 מ""ל",false,1,7.70,1.54,true,1,
7290006764485,false,"שישיית נשר מאלט בקבוק 330 מ""ל",,,שישיית נשר מאלט בקבו,מיליליטרים,1980.00,"100 מ""ל",false,1,31.90,1.61,true,1,
7290006765000,false,טורטיה מקמח מלא 540 גרם,,,טורטיה מקמח מלא 540,גרמים,540.00,100 גרם,false,1,11.40,2.11,true,1,
7290006765772,false,אננס מיובש 200 גרם ששון הקולה,,,אננס מיובש 200 גרם ש,גרמים,200.00,100 גרם,false,1,13.20,6.60,true,1,
7290006765895,false,בוטן בקליפה 200 גרם שושן הקולה,,,בוטן בקליפה 200 גרם,גרמים,200.00,100 גרם,false,1,8.90,4.45,true,1,
7290006784636,false,fashion meduza ספריי,,,fashion meduza ספריי,Unknown,0.00,Unknown,false,1,13.90,13.90,true,1,
7290006805355,false,תערובת להכנת כדורי שוקולד 500 גרם,,,תערובת להכנת כדורי ש,גרמים,500.00,100 גרם,false,1,19.90,3.98,true,1,
7290006805850,false,תערובת להכנת פנקייק פילסבורי 500 גר,,,תערובת להכנת פנקייק,גרמים,500.00,100 גרם,false,1,19.90,3.98,true,1,
7290006822192,false,נקטר פריגת דיאט חמוציות 1 ליטר,,,נקטר פריגת דיאט חמוצ,מיליליטרים,1000.00,"100 מ""ל",false,1,13.50,1.35,true,1,
7290006833822,false,נקניקיות עוף 600 גר מזרע,,,נקניקיות עוף 600 גר,גרמים,600.00,100 גרם,false,1,23.90,3.98,true,1,
7290006834539,false,גבינת קומבוזולה גרמנית במשקל,,,גבינת קומבוזולה,Unknown,0.00,"ק""ג",true,0,199.00,199.00,true,1,
7290006835321,false,קבנוס עגל 250 גר,,,קבנוס עגל 250 גר,גרמים,250.00,100 גרם,false,1,23.90,9.56,true,1,
7290006855206,false,ברבריא חטיף שזיפים קוקוס 30*4,,,ברבריא חטיף שזיפים ק,גרמים,120.00,100 גרם,false,1,19.80,16.50,true,1,
7290006855251,false,ברבריא חטיף קשיו אגוז מלך חמוציות 30*4,,,ברבריא חטיף קשיו אגו,גרמים,120.00,100 גרם,false,1,19.80,16.50,true,1,
7290006866363,false,אשכוליות אדומות טבעי סחוט 1 ל פרימור,,,אשכוליות אדומות טבעי,מיליליטרים,1000.00,"100 מ""ל",false,1,17.20,1.72,true,1,
7290006899316,false,תה סרמוני סנצה יפני 20 שקיות,,,תה סרמוני סנצה יפני,Unknown,0.00,Unknown,false,1,19.90,19.90,true,1,
7290006899354,false,תה סרמוני קמומיל 20 שק`,,,תה סרמוני קמומיל 20,Unknown,0.00,Unknown,false,1,19.90,19.90,true,1,
7290006920836,false,מעושן פרוס 350 גרם,,,מעושן פרוס 350 גרם,גרמים,350.00,100 גרם,false,1,15.90,4.54,true,1,
7290006920843,false,מוצרלה פרוס 350 גרם,,,מוצרלה פרוס 350 גרם,גרמים,350.00,100 גרם,false,1,15.90,4.54,true,1,
7290006960023,false,כרוב כבוש 750 גר,,,כרוב כבוש 750 גר,גרמים,750.00,100 גרם,false,1,23.00,3.07,true,1,
7290006983176,false,לחמית שיפון 230 גרם,,,לחמית שיפון 230 גרם,גרמים,230.00,100 גרם,false,1,11.00,4.78,true,1,
7290006983206,false,תערובת להכנת פלפל קלי קלות 180 גרם,,,תערובת להכנת פלפל קל,גרמים,180.00,100 גרם,false,1,12.60,7.00,true,1,
7290006983527,false,עוגת הבית תפוחי עץ עם פירורים 400 גרם,,,עוגת הבית תפוחי עץ ע,גרמים,400.00,100 גרם,false,1,18.90,4.73,true,1,
7290006983763,false,עוגת שוקולד 400 גרם,,,עוגת שוקולד 400 גרם,גרמים,400.00,100 גרם,false,1,13.40,3.35,true,1,
7290006983770,false,עוגת שיש 400 גרם,,,עוגת שיש 400 גרם,גרמים,400.00,100 גרם,false,1,13.40,3.35,true,1,
7290006983787,false,עוגת שוקוציפס 400 גרם,,,עוגת שוקוציפס 400 גר,גרמים,400.00,100 גרם,false,1,13.40,3.35,true,1,
7290006983794,false,עוגת תפוז 400 גרם,,,עוגת תפוז 400 גרם,גרמים,400.00,100 גרם,false,1,13.40,3.35,true,1,
7290008066145,false,בירה קורונה,,,"בירה קורונה 355 מ""ל",מיליליטרים,355.00,"100 מ""ל",false,1,8.90,2.51,true,1,
7290008101257,false,זרעי ציה 300 גרם,,IL,זרעי ציה 300 גרם,גרמים,300.00,100 גרם,false,0,31.90,10.63,true,1,
7290008101264,false,זרעי ציה 150 גרם,,IL,זרעי ציה 150 גרם,גרמים,150.00,100 גרם,false,0,15.90,10.60,true,1,
7290008154222,false,שניצלונים עוף טוב 700 גרם,,,שניצלונים עוף טוב 70,גרמים,700.00,100 גרם,false,1,22.90,3.27,true,1,
7290008175173,false,לורפק חמאה 200 גר,,,חמאה ללא תוספת מלח 2,גרמים,200.00,100 גרם,false,1,12.90,6.45,true,1,
7290008175814,false,וילי פוד פטריות שמפניון חתיכות 400 גר`,,NL,וילי פוד פטריות שמפנ,גרמים,400.00,100 גרם,false,1,4.90,1.23,true,1,
7290008263030,false,פסטה פנה אורגנית מלאה 500 גר,,,פסטה פנה אורגנית מלא,גרמים,500.00,100 גרם,false,1,11.90,2.38,true,1,
7290008263597,false,קוואקר אורגני הרדוף 500 גר,,,קוואקר אורגני הרדוף,גרמים,500.00,100 גרם,false,1,11.90,2.38,true,1,
7290008263641,false,קוואקר אורגני עדין 500 גר,,,קוואקר אורגני עדין 5,גרמים,500.00,100 גרם,false,1,11.90,2.38,true,1,
7290008263658,false,"משקה סויה ללת""ס אורגני 1 ליטר",,,"משקה סויה ללת""ס אורג",מיליליטרים,1000.00,"100 מ""ל",false,1,12.90,1.29,true,1,
7290008329293,false,סכינים פרימיום שקוף/,,TR,סכינים פרימיום שקוף/,Unknown,1.00,Unknown,false,1,9.50,9.50,true,1,
7290008329309,false,מזלגות פרמיום שקוף/ק,,TR,מזלגות פרמיום שקוף/ק,Unknown,1.00,Unknown,false,1,9.50,9.50,true,1,
7290008329316,false,כפות פרימיום שקוף/קר,,TR,כפות פרימיום שקוף/קר,Unknown,1.00,Unknown,false,1,9.50,9.50,true,1,
7290008343602,false,"קובה בשר 1 ק""ג",,,"קובה בשר 1 ק""ג",Unknown,0.00,Unknown,false,1,23.90,23.90,true,1,
7290008347211,false,אצבעות דג 700 גרם,,,אצבעות דג 700 גרם,גרמים,700.00,100 גרם,false,1,29.90,4.27,true,1,
7290008403832,false,אולד רוטרדם בקר במשקל,,,אולד רוטרדם בקר במשק,Unknown,0.00,"ק""ג",true,0,165.00,165.00,true,1,
7290008403849,false,אולד רוטרדם עיזים במשקל,,,אולד רוטרדם עיזים במ,Unknown,0.00,"ק""ג",true,0,205.00,205.00,true,1,
7290008408073,false,מים מזוקקים בגלון 4 ל,,,מים מזוקקים בגלון 4,ליטרים,0.00,ליטר,false,1,15.50,15.50,true,1,
7290008409049,false,מאמא עוףמיני שניצלים בציפוי שומשום 500 ג,,,מאמא עוף מיני שניצלי,גרמים,500.00,100 גרם,false,1,31.90,6.38,true,1,
7290008409100,false,אצבעות שניצל בציפוי שומשום מאמא עוף 700 גרם,,,אצבעות שניצל בציפוי,גרמים,700.00,100 גרם,false,1,37.90,5.41,true,1,
7290008409124,false,שניצל גונגל 700 גרם,,,שניצל גונגל מאמא עוף,גרמים,700.00,100 גרם,false,1,37.90,5.41,true,1,
7290008409216,false,שניצל דק דק פריך 700 גר,,,שניצל דק דק פריך 700,גרמים,700.00,100 גרם,false,1,42.90,6.13,true,1,
7290008409223,false,שניצל דק מתובל 700 גר מאמא עוף,,,שניצל דק מתובל 700 ג,גרמים,700.00,100 גרם,false,1,42.90,6.13,true,1,
7290008409315,false,מאמא עוף מיני שניצלים בציפוי פריך 500 ג,,,מאמא עוף מיני שניצלי,גרמים,500.00,100 גרם,false,1,31.90,6.38,true,1,
7290008409407,false,שניצל דק בציפוי ציפס 700 גר,,,שניצל דק בציפוי ציפס,גרמים,700.00,100 גרם,false,1,42.90,6.13,true,1,
7290008409551,false,שניצל עוף אמיתי בציפוי מעודן-700 גרם,,,שניצל עוף אמיתי בציפ,גרמים,700.00,100 גרם,false,1,44.50,6.36,true,1,
7290008409582,false,שניצל עוף אמיתי ביתי 700 גרם,,,שניצל עוף אמיתי ביתי,גרמים,700.00,100 גרם,false,1,44.50,6.36,true,1,
7290008415071,false,חומוס עם טחינה 150 גרם,,,חומוס עם טחינה 150 ג,גרמים,150.00,100 גרם,false,1,6.10,4.07,true,1,
7290008415514,false,חומוס עם חריף 150 גרם,,,חומוס עם חריף 150 גר,גרמים,150.00,100 גרם,false,1,6.10,4.07,true,1,
7290008425100,false,יוגורט ביו 500 מל,,,יוגורט ביו 500 מל,מיליליטרים,500.00,"100 מ""ל",false,1,19.90,3.98,true,1,
7290008425124,false,יוגורט לאסי 500 מל,,,יוגורט לאסי 500 מל,מיליליטרים,500.00,"100 מ""ל",false,1,19.90,3.98,true,1,
7290008425155,false,"שמן זית 750 מ""ל",,,"שמן זית 750 מ""ל",מיליליטרים,750.00,"100 מ""ל",false,1,66.50,8.87,true,1,
7290008425186,false,זיתים סורי 400 גרם,,,זיתים סורי 400 גרם,גרמים,400.00,100 גרם,false,1,22.90,5.73,true,1,
7290008425193,false,זיתים נבאלי 400 גרם,,,זיתים נבאלי 400 גרם,גרמים,400.00,100 גרם,false,1,23.90,5.98,true,1,
7290008425322,false,"נקטר משמש 330 מ""ל",,,"נקטר משמש 330 מ""ל",מיליליטרים,330.00,"100 מ""ל",false,1,13.20,4.00,true,1,
7290008425339,false,"נקטר שזיף 330 מ""ל",,,"נקטר שזיף 330 מ""ל",מיליליטרים,330.00,"100 מ""ל",false,1,13.20,4.00,true,1,
7290008425346,false,"נקטר אפרסק 330 מ""ל",,,"נקטר אפרסק 330 מ""ל",מיליליטרים,330.00,"100 מ""ל",false,1,13.20,4.00,true,1,
7290008425704,false,נקטר שזיף 1 ליטר אורגני,,,נקטר שזיף 1 ליטר אור,מיליליטרים,1000.00,"100 מ""ל",false,1,25.90,2.59,true,1,
7290008437011,false,שריר טרי,,,שריר בקר טרי,Unknown,0.00,"ק""ג",true,0,49.90,49.90,true,1,
7290008437127,false,רגל עגל חלב קפוא מזרע,,,רגל עגל קפוא מזרע,Unknown,0.00,"ק""ג",true,0,36.90,36.90,true,1,
7290008437646,false,שקית גופיה טיב טעם,,,שקית גופיה,Unknown,0.00,Unknown,false,1,0.10,0.10,true,1,
7290008438285,false,גבינה אמנטל שוויצרי במשקל,,,גבינה אמנטל שוויצרי,Unknown,0.00,"ק""ג",true,0,220.00,220.00,true,1,
7290008443616,false,נקה 7 מייצב יבש אדום חדש 750 מל,,,נקה 7 מייצב יבש אדום,מיליליטרים,750.00,"100 מ""ל",false,1,14.90,1.99,true,1,
7290008461221,false,סרדין רוברט בשמן חמניות 120 גרם,,,סרדין רוברט בשמן חמנ,גרמים,120.00,100 גרם,false,1,7.90,6.58,true,1,
7290008461238,false,סרדין רוברט בשמן חמניות חריף 120 גר,,,סרדין רוברט בשמן חמנ,גרמים,120.00,100 גרם,false,1,7.90,6.58,true,1,
7290008462204,false,חרדל דיזיון מקורי 380 גרם,,,חרדל דיזון מקורי 380,גרמים,380.00,100 גרם,false,1,18.90,4.97,true,1,
7290008462259,false,חרדל דיזיון גרגירים 345 גרם,,,חרדל דיזיון גרגירים,גרמים,345.00,100 גרם,false,1,19.90,5.77,true,1,
7290008464024,false,"בירה גולדסטאר לא מסוננת 500 מ""ל פחית",,,בירה גולדסטאר לא מסו,מיליליטרים,500.00,"100 מ""ל",false,1,10.90,2.18,true,1,
7290008464109,false,"בירה גולדסטאר 330 מ""ל UNFILTERED",,,"בירה גולדסטאר 330 מ""",מיליליטרים,330.00,"100 מ""ל",false,1,8.90,2.70,true,1,
7290008464130,false,"שישיית בירה גולדסטאר 330 מ""ל UNFILTERED",,,שישיית בירה גולדסטאר,מיליליטרים,1980.00,"100 מ""ל",false,1,36.90,1.86,true,1,
7290008464222,false,"בירה מכבי 7.9% פחית 500 מ""ל",,,בירה מכבי 7.9% פחית,מיליליטרים,500.00,"100 מ""ל",false,1,8.90,1.78,true,1,
7290008464345,false,בירה גולדסטאר בקבוק 330 מל,,,בירה גולדסטאר בקבוק,מיליליטרים,330.00,"100 מ""ל",false,1,7.90,2.39,true,1,
7290008464369,false,"פפסי קולה פחית 330 מ""ל",,,פפסי קולה פחית 330 מ,מיליליטרים,330.00,"100 מ""ל",false,1,4.30,1.30,true,1,
7290008464376,false,"מירנדה פחית 330 מ""ל",,,"מירנדה פחית 330 מ""ל",מיליליטרים,330.00,"100 מ""ל",false,1,3.90,1.18,true,1,
7290008464383,false,"סבן אפ פחית 330 מ""ל",,,"סבן אפ פחית 330 מ""ל",מיליליטרים,330.00,"100 מ""ל",false,1,5.90,1.79,true,1,
7290008464390,false,"דיאט סבן אפ פחית 330 מ""ל",,,דיאט סבן אפ פחית 330,מיליליטרים,330.00,"100 מ""ל",false,1,5.90,1.79,true,1,
7290008464406,false,"פחית פפסי מקס 330 מ""ל",,,"פחית פפסי מקס 330 מ""",מיליליטרים,330.00,"100 מ""ל",false,1,4.30,1.30,true,1,
7290008464468,false,"גולדסטאר פחית 500 מ""ל",,,"גולדסטאר פחית 500 מ""",מיליליטרים,500.00,"100 מ""ל",false,1,9.30,1.86,true,1,
7290008464505,false,"מים סאן בנדטו 500 מ""ל",,,"מים סאן בנדטו 500 מ""",מיליליטרים,500.00,"100 מ""ל",false,1,2.90,0.58,true,1,
7290008464604,false,"היינקן פחית 500 מ""ל",,,"היינקן פחית 500 מ""ל",מיליליטרים,500.00,"100 מ""ל",false,1,10.90,2.18,true,1,
7290008464673,false,"בירה גולדסטאר SLOW BREW פחית 500 מ""ל",,IL,בירה גולדסטאר SLOW B,מיליליטרים,500.00,"100 מ""ל",false,1,10.90,2.18,true,1,
7290008464697,false,"שישיית בירה מכבי 7.9% 330 מ""ל",,,שישיית בירה מכבי 7.9,מיליליטרים,1980.00,"100 מ""ל",false,1,38.90,1.96,true,1,
7290008464703,false,"שישיית בקבוקי מכבי 330 מ""ל",,,שישיית בקבוקי מכבי 3,מיליליטרים,1980.00,"100 מ""ל",false,1,37.90,1.91,true,1,
7290008464734,false,"שישיית גולדסטאר 330 מ""ל SLOW BREW",,,שישיית גולדסטאר 330,מיליליטרים,1980.00,"100 מ""ל",false,1,41.90,2.12,true,1,
7290008464741,false,"שישיית בקבוקי גולדסטאר 330 מ""ל",,,שישיית בקבוקי גולדסט,מיליליטרים,1980.00,"100 מ""ל",false,1,29.90,1.51,true,1,
7290008464796,false,"שישיית הייניקן בקבוק 330 מ""ל",,,שישיית הייניקן בקבוק,מיליליטרים,1980.00,"100 מ""ל",false,1,36.90,1.86,true,1,
7290008464987,false,שישיית סודה 1.5 ליטר,,,שישיית סודה 1.5 ליטר,ליטרים,0.01,ליטר,false,1,18.90,1890.00,true,1,
7290008493413,false,פירורי גריסיני מאיר בייגל 200 גרם,,,פירורי גריסיני מאיר,גרמים,200.00,100 גרם,false,1,7.50,3.75,true,1,
7290008493710,false,פירורי גריסיני בייגל זהב 200 גרם,,,פירורי גריסיני בייגל,גרמים,200.00,100 גרם,false,1,7.50,3.75,true,1,
7290008498296,false,גאודה עיזים תאנים אגוזים שקיל,,,גאודה עיזים תאנים אג,Unknown,0.00,"ק""ג",true,0,199.00,199.00,true,1,
7290008500531,false,ערכת יום הולדת פילסברי 525 גרם,,,ערכת יום הולדת פילסב,גרמים,525.00,100 גרם,false,1,21.90,4.17,true,1,
7290008644112,false,מטבוחה יום יום 125 ג,,,מטבוחה יום יום 125 ג,גרמים,125.00,100 גרם,false,1,5.80,4.64,true,1,
7290008644235,false,עלי בייבי אחלה טבע,,,עלי בייבי אחלה טבע,גרמים,120.00,100 גרם,false,1,11.90,9.92,true,1,
7290008644839,false,חסה אחלה טבע,,,חסה אחלה טבע,גרמים,300.00,100 גרם,false,1,10.90,3.63,true,1,
7290008644945,false,סלט המושבה אחלה טבע,,,סלט המושבה אחלה טבע,גרמים,450.00,100 גרם,false,1,11.90,2.64,true,1,
7290008645935,false,חומוס אחלה 750 גר,,,חומוס אחלה 750 גרם,גרמים,750.00,100 גרם,false,1,11.90,1.59,true,1,
7290008670005,false,רקנאטי גליל עליון שרדונה 750 מל,,,רקנאטי גליל עליון ש,Unknown,0.00,Unknown,false,1,67.90,67.90,true,1,
7290008670135,false,רקנאטי גליל עליון סוביניון בלאן 750 מל,,,רקנאטי גליל עליון סו,Unknown,0.00,Unknown,false,1,67.90,67.90,true,1,
7290008670623,false,יין רקנאטי פטיט סירה רזרב 2014 750 מל,,,יין רקנאטי פטיט סירה,Unknown,0.00,Unknown,false,1,122.90,122.90,true,1,
7290008670869,false,רקנאטי יונתן לבן 750 מל,,IL,רקנאטי יונתן לבן 750,Unknown,0.00,Unknown,false,1,43.90,43.90,true,1,
7290008670913,false,רקנאטי גליל עליון קברנה סובניון 750 מל,,,רקנאטי גליל עליון קב,Unknown,0.00,Unknown,false,1,67.90,67.90,true,1,
7290008670920,false,יין רקנאטי גליל עליון מרלו 750 מל,,,יין רקנאטי גליל עלי,Unknown,0.00,Unknown,false,1,67.90,67.90,true,1,
7290008690713,false,נקטר אושן ספריי חמוציות 1 ל,,,נקטר אושן ספריי 1 ל,מיליליטרים,1000.00,"100 מ""ל",false,1,13.50,1.35,true,1,
7290008693134,false,דניאלה תות 88 גרם,,,דניאלה תות 88 גרם,גרמים,88.00,100 גרם,false,1,4.30,4.89,true,1,
7290008745239,false,תפוציפס אקסטרא טבעי 50 גרם,,,תפוציפס אקסטרא טבעי,גרמים,50.00,100 גרם,false,1,4.30,8.60,true,1,
7290008747547,false,תפוציפס קראנץ טבעי 200 גרם,,,תפוציפס קראנץ טבעי 2,גרמים,200.00,100 גרם,false,1,10.90,5.45,true,1,
7290008750264,false,מסטיק מאסט LL פליפ.דובדבן מגדים 28 גר,,,מסטיק מאסט LL פליפ.ד,Unknown,0.00,Unknown,false,1,4.90,4.90,true,1,
7290008752244,false,תפוציפס קראנצי גריל 50 גרם,,IL,תפוציפס קראנצי גריל,גרמים,50.00,100 גרם,false,1,4.30,8.60,true,1,
7290008753111,false,תפוציפס קראנצי מקסיקני 50 גרם,,,תפוציפס קראנצי מקסיק,גרמים,50.00,100 גרם,false,1,4.30,8.60,true,1,
7290008754415,false,מסטיק מאסט מגדים ספירמינט עדין ללס 28 גר,,IL,מסטיק מאסט מגדים ספי,Unknown,0.00,Unknown,false,1,4.90,4.90,true,1,
7290008754422,false,מסטיק מאסט מגדים פפרמינט 28 גרם,,IL,מסטיק מאסט מגדים פפר,Unknown,0.00,Unknown,false,1,4.90,4.90,true,1,
7290008757010,false,"שוופס ביטר 250 מ""ל",,,שוופס ביטר לימון 250,מיליליטרים,250.00,"100 מ""ל",false,1,6.90,2.76,true,1,
7290008757034,false,שוופס סודה 250 מל זכוכית,,,"שוופס סודה 250 מ""ל ז",מיליליטרים,250.00,"100 מ""ל",false,1,4.90,1.96,true,1,
7290008757980,false,קרטונית ספרינג רימונים 1 ליטר,,,קרטונית ספרינג רימונ,מיליליטרים,1000.00,"100 מ""ל",false,1,7.60,0.76,true,1,
7290008775816,false,ערגליות שוקו 300 גרם,,,ערגליות שוקו 300 גרם,גרמים,300.00,100 גרם,false,1,12.90,4.30,true,1,
7290008775823,false,ערגליות תות 300 גרם,,,ערגליות תות 300 גרם,גרמים,300.00,100 גרם,false,1,12.90,4.30,true,1,
7290008775892,false,פסטה פרפקטו לינגוויני (11) 500 גרם,,,פסטה פרפקטו לינגווינ,גרמים,500.00,100 גרם,false,1,8.30,1.66,true,1,
7290008776028,false,המבורגר קלאסי קפוא,,,המבורגר קלאסי קפוא,גרמים,300.00,100 גרם,false,0,31.50,10.50,true,1,
7290008801010,false,"יין קברנה /מרלו אדום יבש 750 מ""ל",,,יין קברנה /מרלו אדום,Unknown,0.00,Unknown,false,1,39.90,39.90,true,1,
7290008801119,false,סלקטד סוביניון בלאן לבן יבש 750 מל,,,סלקטד סוביניון בלאן,Unknown,0.00,Unknown,false,1,29.90,29.90,true,1,
7290008801843,false,קברנה סוביניון אדום יבש 750 מל סלקטד,,,קברנה סוביניון אדום,Unknown,0.00,Unknown,false,1,32.90,32.90,true,1,
7290008801850,false,סלקטד אמרלד ריזלינג לבן חצי יבש 750 מל,,,סלקטד אמרלד ריזלינג,Unknown,0.00,Unknown,false,1,29.90,29.90,true,1,
7290008802291,false,"יין מרלו אדום יבש 750 מ""ל PRIVATE",,,יין מרלו אדום יבש 75,Unknown,0.00,Unknown,false,1,39.90,39.90,true,1,
7290008804332,false,"יין שיראז אדום יבש 750 מ""ל PRIVATE",,,יין שיראז אדום יבש 7,Unknown,0.00,Unknown,false,1,39.90,39.90,true,1,
7290008804455,false,יין אזורית רוזה חצי יבש 750 מל,,,יין אזורית רוזה חצי,Unknown,0.00,Unknown,false,1,64.90,64.90,true,1,
7290008805520,false,קברנה מרלו אדום יבש 750 מל סלקטד,,,קברנה מרלו אדום יבש,Unknown,0.00,Unknown,false,1,32.90,32.90,true,1,
7290008805964,false,יין קברנה שיראז גליל עליון אדום יבש 750,,,יין קברנה שיראז גליל,Unknown,0.00,Unknown,false,1,70.90,70.90,true,1,
7290008806985,false,פינוקי גלידה שוקו וניל 630 גר,,,פינוקי גלידה שוקו,גרמים,630.00,100 גרם,false,1,49.90,7.92,true,1,
7290008834810,false,פילה עגל טרי,,,פילה עגל טרי,Unknown,0.00,"ק""ג",true,0,249.90,249.90,true,1,
7290008846219,false,שמן זית כתית מעולה 750 מל,,,שמן זית כתית מעולה 7,מיליליטרים,750.00,"100 מ""ל",false,1,43.90,5.85,true,1,
7290008849586,false,רוטב ריבת בצל לעוף אוליביה 310 גר,,,רוטב ריבת בצל לעוף,גרמים,310.00,100 גרם,false,1,14.90,4.81,true,1,
7290008849609,false,רוטב שום דבש לעוף אוליביה 310 גר,,,רוטב שום דבש לעוף,גרמים,310.00,100 גרם,false,1,14.90,4.81,true,1,
7290008849661,false,ממרח עגבניות מיובשות פיקנטי אוליביה 180ג,,IL,ממרח עגבניות מיובשות,גרמים,180.00,100 גרם,false,1,16.40,9.11,true,1,
7290008849777,false,רוטב צילי מתוק אוליביה 350 גר,,,רוטב צילי מתוק,גרמים,350.00,100 גרם,false,1,14.90,4.26,true,1,
7290008849838,false,טפנד זיתים אוליביה 180 גר,,IL,טפנד זיתים אוליביה 1,גרמים,180.00,100 גרם,false,1,16.40,9.11,true,1,
7290008849845,false,אריסה פיקנטית אוליביה 185 גר,,IL,אריסה פיקנטית אוליבי,גרמים,185.00,100 גרם,false,1,16.40,8.86,true,1,
7290008855051,false,טליאטלה ביצים 450 גרם,,,טליאטלה ביצים 450 גר,גרמים,450.00,100 גרם,false,0,29.30,6.51,true,1,
7290008855143,false,ניוקי בטטה 450 גרם,,,ניוקי בטטה 450 גרם,גרמים,450.00,100 גרם,false,0,28.90,6.42,true,1,
7290008855204,false,רביולי צאן 450 גרם,,,רביולי צאן 450 גרם,גרמים,450.00,100 גרם,false,0,47.50,10.56,true,1,
7290008855228,false,רביולי בטטה 450 גרם,,,רביולי בטטה 450 גרם,גרמים,450.00,100 גרם,false,0,47.50,10.56,true,1,
7290008855327,false,טורטליני גבינות במשקל,,,טורטליני גבינות 450,גרמים,450.00,100 גרם,false,0,47.50,10.56,true,1,
7290008855419,false,רוטב עגבניות 250 גר,,,רוטב עגבניות 250 גר,מיליליטרים,250.00,"100 מ""ל",false,1,31.50,12.60,true,1,
7290008855426,false,רוטב אלפרדו שמנת 250 גרם,,,רוטב אלפרדו שמנת 250,מיליליטרים,250.00,"100 מ""ל",false,1,33.50,13.40,true,1,
7290008855433,false,רוטב פסטו 250 גר,,,רוטב פסטו 250 גר,גרמים,250.00,100 גרם,false,1,34.50,13.80,true,1,
7290008855440,false,רוטב שמנת ועגבניות 250 גר,,,רוטב שמנת ועגבניות 2,גרמים,250.00,100 גרם,false,1,33.50,13.40,true,1,
7290008855457,false,רוטב פטריות 250 גר,,,רוטב פטריות 250 גר,גרמים,250.00,100 גרם,false,1,33.50,13.40,true,1,
7290008855518,false,רביולי תרד קפוא 450 גרם,,,רביולי תרד קפוא 450,גרמים,450.00,100 גרם,false,0,47.50,10.56,true,1,
7290008855563,false,רביולי פורמגו 450 גרם,,,רביולי פורמגו 450 גר,גרמים,450.00,100 גרם,false,0,47.50,10.56,true,1,
7290008866019,false,ברי עזים בייבי במשקל,,,ברי עזים בייבי במשקל,Unknown,0.00,"ק""ג",true,0,164.00,164.00,true,1,
7290008866033,false,גאודה עזים במשקל,,,גאודה עזים במשקל,Unknown,0.00,"ק""ג",true,0,164.00,164.00,true,1,
7290008899505,false,בגט לבן,,,בגט לבן,גרמים,250.00,100 גרם,false,1,7.90,3.16,true,1,
7290008909761,false,קרלסברג בקבוק 330 מל,,,קרלסברג בקבוק 330 מל,מיליליטרים,330.00,"100 מ""ל",false,1,8.90,2.70,true,1,
7290008909853,false,"קוקה קולה 500 מ""ל ZERO",,,"קוקה קולה 500 מ""ל Z",מיליליטרים,500.00,"100 מ""ל",false,1,8.50,1.70,true,1,
7290008909884,false,קוקה קולה ZERO קלאסי 350 מל-,,,קוקה קולה ZERO קלאסי,מיליליטרים,350.00,"100 מ""ל",false,1,6.50,1.86,true,1,
7290008961127,false,טושיונקה בקר רוסית 400 גרם,,,טושיונקה בקר רוסית 4,גרמים,400.00,100 גרם,false,1,25.10,6.28,true,1,
7290008961585,false,כוסמת פוסולסקי דבור 800 גר,,IL,כוסמת פוסולסקי דבור,גרמים,800.00,100 גרם,false,1,14.60,1.83,true,1,
7290008975780,false,בונזו גזע קטן 3 קג,,,בונזו גזע קטן 3 קג,קילוגרמים,0.00,"ק""ג",false,1,49.90,49.90,true,1,
7290008981279,false,זעתר ביתי נחלה 100 גרם,,,זעתר ביתי נחלה 100 ג,גרמים,100.00,100 גרם,false,1,12.90,12.90,true,1,
7290010002009,false,תערובת לציפוי מאפים מלוחים 130 גרם,,,תערובת לציפוי מאפים,גרמים,100.00,100 גרם,false,1,11.90,11.90,true,1,
7290010002023,false,כורכום הודי טחון 100 גרם,,,כורכום הודי טחון 100,גרמים,100.00,100 גרם,false,1,12.90,12.90,true,1,
7290010002030,false,כמון 100 גרם,,,כמון 100 גרם,גרמים,100.00,100 גרם,false,1,12.90,12.90,true,1,
7290010002047,false,מלח לימון 200 גרם,,,מלח לימון 200 גרם,גרמים,200.00,100 גרם,false,1,12.90,6.45,true,1,
7290010002061,false,פלפל לבן טחון 100 גרם,,,פלפל לבן טחון 120 גר,גרמים,100.00,100 גרם,false,1,19.90,19.90,true,1,
7290010002078,false,פלפל שחור טחון 100 גרם,,,פלפל שחור טחון 120 ג,גרמים,100.00,100 גרם,false,1,16.90,16.90,true,1,
7290010002108,false,פלפל שחור גרוס גס 90 גרם,,,פלפל שחור גרוס גס 90,גרמים,90.00,100 גרם,false,1,16.90,18.78,true,1,
7290010002122,false,פפריקה הונגרית מתוקה 100 גרם,,,פפריקה הונגרית מתוקה,גרמים,100.00,100 גרם,false,1,12.90,12.90,true,1,
7290010002139,false,פפריקה הונגרית חריפה 100 גרם,,,פפריקה הונגרית חריפה,גרמים,100.00,100 גרם,false,1,12.90,12.90,true,1,
7290010002146,false,פפריקה מרוקאית מתוקה 100 גרם,,,פפריקה מרוקאית מתוקה,גרמים,100.00,100 גרם,false,1,12.90,12.90,true,1,
7290010002153,false,פפריקה מרוקאית חריפה 100 גרם,,,פפריקה מרוקאית חריפה,גרמים,100.00,100 גרם,false,1,12.90,12.90,true,1,
7290010002191,false,מקלות קינמון 50 גרם,,,מקלות קינמון 50 גרם,גרמים,50.00,100 גרם,false,1,12.90,25.80,true,1,
7290010002207,false,קינמון טחון 100 גרם,,,קינמון טחון 100 גרם,גרמים,100.00,100 גרם,false,1,10.50,10.50,true,1,
7290010002214,false,צילי מקסיקני גרוס 70 גרם,,,צילי מקסיקני גרוס 70,Unknown,0.00,Unknown,false,1,12.90,12.90,true,1,
7290010002283,false,תבלין על האש 100 גרם,,,תבלין על האש 100 גרם,גרמים,100.00,100 גרם,false,1,12.90,12.90,true,1,
7290010002290,false,תערובת לשווארמה טורקית 100 גרם,,,תערובת לשווארמה טורק,גרמים,100.00,100 גרם,false,1,12.90,12.90,true,1,
7290010002306,false,תערובת לקציצות 100 גרם,,,תערובת לקציצות 100 ג,גרמים,100.00,100 גרם,false,1,12.90,12.90,true,1,
7290010002320,false,תבלין גריל עוף 100 גרם,,,תבלין גריל עוף 130 ג,גרמים,100.00,100 גרם,false,1,12.90,12.90,true,1,
7290010002344,false,תבלין לדג 100 גרם,,,תבלין לדג 100 גרם,גרמים,100.00,100 גרם,false,1,12.90,12.90,true,1,
7290010002351,false,זעתר ושומשום בלדי 100 גרם,,,זעתר ושומשום בלדי 10,גרמים,100.00,100 גרם,false,1,12.90,12.90,true,1,
7290010002368,false,תערובת חווג למרק 100 גרם,,,תערובת חווג למרק 100,גרמים,100.00,100 גרם,false,1,12.90,12.90,true,1,
7290010002375,false,מדרס קארי 100 גרם,,,מדרס קארי 100 גרם,גרמים,100.00,100 גרם,false,1,12.90,12.90,true,1,
7290010002382,false,אורגנו 40 גרם,,,אורגנו 40 גרם,Unknown,0.00,Unknown,false,1,10.50,10.50,true,1,
7290010002399,false,בזיליקום -ריחן 40 גרם,,,בזיליקום -ריחן 40 גר,Unknown,0.00,Unknown,false,1,10.50,10.50,true,1,
7290010002405,false,טימין הררי 40 גרם,,,טימין הררי 40 גרם,Unknown,0.00,Unknown,false,1,10.50,10.50,true,1,
7290010002429,false,עלי דפנה 20 גרם,,,עלי דפנה 20 גרם,Unknown,0.00,Unknown,false,1,10.50,10.50,true,1,
7290010002436,false,פטרוזיליה 25 גרם,,,פטרוזיליה 25 גרם,Unknown,0.25,Unknown,false,1,10.50,42.00,true,1,
7290010002443,false,רוזמרין 40 גרם,,,רוזמרין 40 גרם,Unknown,0.00,Unknown,false,1,10.50,10.50,true,1,
7290010002597,false,כוסברה ירוקה 30 גרם,,,כוסברה ירוקה 30 גרם,גרמים,30.00,100 גרם,false,1,10.50,35.00,true,1,
7290010002726,false,תבלין לפרגיות 100 גר,,,תבלין לפרגיות 100 גר,גרמים,100.00,100 גרם,false,1,12.90,12.90,true,1,
7290010003440,false,שבבי בצל מטוגן 200 גר,,,שבבי בצל מטוגן 200 ג,גרמים,200.00,100 גרם,false,1,12.90,6.45,true,1,
7290010003693,false,פפריקה מתוקה 80 גרם שקית,,,פפריקה מתוקה 80 גרם,Unknown,0.00,Unknown,false,1,6.90,6.90,true,1,
7290010003709,false,פלפל שחור טחון 50 גרם שקית,,,פלפל שחור טחון 50 גר,Unknown,0.00,Unknown,false,1,8.50,8.50,true,1,
7290010003754,false,כמון חטון 50 גרם שקית,,,כמון טחון 50 גרם,Unknown,0.00,Unknown,false,1,6.90,6.90,true,1,
7290010003761,false,כורכום טחון 80 שקית,,,כורכום טחון 80 שקית,Unknown,0.00,Unknown,false,1,6.90,6.90,true,1,
7290010003778,false,תיבול לגריל עוף שקית 80 גרם,,,תיבול לגריל עוף שקי,Unknown,0.00,Unknown,false,1,6.90,6.90,true,1,
7290010003792,false,מלח לימון שקית 100 גרם,,,מלח לימון שקית 100 ג,גרמים,100.00,100 גרם,false,1,6.90,6.90,true,1,
7290010023622,false,תה קלאסי בנגיעות נענע 100 גרם,,,תה קלאסי בנגיעות נענ,גרמים,100.00,100 גרם,false,1,17.90,17.90,true,1,
7290010023943,false,תה רויבוש קינמון ווניל,,,תה רויבוש קינמון וונ,Unknown,0.00,Unknown,false,1,37.50,37.50,true,1,
7290010045051,false,עוגיות מלבן שקדים 200 גרם לחמי,,,עוגיות מלבן שקדים 20,גרמים,200.00,100 גרם,false,1,19.90,9.95,true,1,
7290010065332,false,"פרינוק גוניור תפ""ע+בננה 190 גר",,,"פרינוק גוניור תפ""ע+ב",גרמים,190.00,100 גרם,false,1,7.90,4.16,true,1,
7290010065349,false,פרינוק גוניור סלט פירות 190 גר,,,פרינוק גוניור סלט פי,גרמים,190.00,100 גרם,false,1,7.90,4.16,true,1,
7290010116980,false,שוקולית 850 גרם,,,שוקולית 850 גרם,גרמים,850.00,100 גרם,false,1,20.50,2.41,true,1,
7290010117864,false,דוריטוס בטעם חריף אש 70 גרם,,IL,דוריטוס חריף אש 70,גרמים,70.00,100 גרם,false,1,4.50,6.43,true,1,
7290010124107,false,סטייק בורגר 400 גרם,,,סטייק בורגר 400 גרם,גרמים,400.00,100 גרם,false,1,21.90,5.48,true,1,
7290010124190,false,שניצל בקר מלינסה 250 גרם,,,שניצל בקר מלינסה 250,גרמים,250.00,100 גרם,false,1,15.60,6.24,true,1,
7290010124213,false,סינטה בקר דק דק 250 גרם,,,סינטה בקר דק דק 250,גרמים,250.00,100 גרם,false,1,21.90,8.76,true,1,
7290010124503,false,שומן כבש 200 גרם קפוא בלדי,,,שומן כבש 200 גרם קפו,גרמים,200.00,100 גרם,false,1,13.90,6.95,true,1,
7290010154012,false,לימון כבוש 250 גר,,,לימון כבוש 250 גרם,גרמים,250.00,100 גרם,false,1,15.90,6.36,true,1,
7290010154265,false,פלפל צומה 250 גר,,,פלפל צומה 250 גר,גרמים,250.00,100 גרם,false,1,15.90,6.36,true,1,
7290010154418,false,סחוג אדום 120 גר,,,סחוג אדום 120 גר,גרמים,120.00,100 גרם,false,1,10.90,9.08,true,1,
7290010154678,false,אריסה מרוקאית 250 גר,,,אריסה מרוקאית 250 גר,גרמים,250.00,100 גרם,false,1,15.90,6.36,true,1,
7290010154692,false,סחוג אדום 250 גר,,,סחוג אדום 250 גר,גרמים,250.00,100 גרם,false,1,15.90,6.36,true,1,
7290010163069,false,צנובר 100 גרם ששון הקולה,,,צנובר 100 גרם ששון ו,גרמים,100.00,100 גרם,false,1,29.90,29.90,true,1,
7290010173037,false,יין הרי גליל רוזה 750 מל,,,יין הרי גליל רוזה 20,Unknown,0.00,Unknown,false,1,32.90,32.90,true,1,
7290010195268,false,פופקורן פופסטאר מופחת שומן טבעי 5 יח,,,פופקורן פופסטאר מופח,גרמים,425.00,100 גרם,false,1,16.90,3.98,true,1,
7290010199891,false,אל סבון ארומטי סטייל תה אדום 500 מל משא,,,אל סבון ארומטי סטייל,מיליליטרים,500.00,"100 מ""ל",false,1,10.00,2.00,true,1,
7290010237548,false,"פפסי מקס דל קלוריות 500 מ""ל בקבוק",,,פפסי מקס דל קלוריות,מיליליטרים,500.00,"100 מ""ל",false,1,4.90,0.98,true,1,
7290010237562,false,"מירנדה 500 מ""ל בקבוק",,,"מירנדה 500 מ""ל בקבוק",מיליליטרים,500.00,"100 מ""ל",false,1,4.90,0.98,true,1,
7290010237685,false,"בירה הייניקן 330 מ""ל פחית",,,"בירה הייניקן 330 מ""ל",מיליליטרים,330.00,"100 מ""ל",false,1,10.90,3.30,true,1,
7290010237777,false,"בירה מכבי שנדי לימון 330 מ""ל",,,בירה מכבי שנדי לימון,מיליליטרים,330.00,"100 מ""ל",false,1,6.90,2.09,true,1,
7290010237890,false,"היינקן בק חוזר 500 מ""ל",,,"בירה היינקן 500 מ""ל",מיליליטרים,500.00,"100 מ""ל",false,1,9.90,1.98,true,1,
7290010259359,false,אטריות להקפצה רחבות נודלס 200 גרם,,,אטריות להקפצה רחבות,גרמים,200.00,100 גרם,false,0,4.90,2.45,true,1,
7290010259366,false,אטריות להקפצה מסולסלות נודלס 200 גרם,,,אטריות להקפצה מסולסל,גרמים,200.00,100 גרם,false,1,4.90,2.45,true,1,
7290010259830,false,מרק עם נודלס סיני פיקנטי מנת השף 70 גר,,,מרק עם נודלס סיני פי,גרמים,70.00,100 גרם,false,1,6.00,8.57,true,1,
7290010259847,false,מרק עם נודלס טעם תירס מנת השף 70 גר,,,מרק עם נודלס טעם תיר,גרמים,70.00,100 גרם,false,1,6.00,8.57,true,1,
7290010259977,false,שמן קנולה וילי פוד 1 ליטר,,,שמן קנולה וילי פוד 1,מיליליטרים,1000.00,"100 מ""ל",false,1,11.90,1.19,true,1,
7290010259991,false,צנימים וילי פוד 250 גרם,,GR,צנימים וילי פוד 250,גרמים,250.00,100 גרם,false,1,9.30,3.72,true,1,
7290010328093,false,ממרח חלבה 400 גרם,,IL,ממרח חלבה 400 גרם,גרמים,400.00,100 גרם,false,1,13.90,3.48,true,1,
7290010328246,false,אחווה טחינה משומשום מלא 500 גר,,,אחווה טחינה משומשום,גרמים,500.00,100 גרם,false,1,14.90,2.98,true,1,
7290010328253,false,אחווה טחינה משומשום טבעי 500 גר,,,אחווה טחינה משומשום,גרמים,500.00,100 גרם,false,1,14.90,2.98,true,1,
7290010328468,false,אחווה חטיפי מיני חלווה ב- 3 טעמים 18 יח,,,אחווה חטיפי מיני חלו,גרמים,250.00,100 גרם,false,1,13.20,5.28,true,1,
7290010328734,false,ממרח טחינה עם סילאן 400 גרם,,IL,ממרח טחינה עם סילאן,גרמים,400.00,100 גרם,false,1,13.90,3.48,true,1,
7290010328819,false,"ממרח טחינה עם שוקולד ללת""ס 400 גרם",,IL,ממרח טחינה עם שוקולד,גרמים,400.00,100 גרם,false,1,13.90,3.48,true,1,
7290010429554,false,שמן זית כתית מעולה 2 קלאסי 750 יד מרדכי,,,שמן זית כתית מעולה 2,מיליליטרים,750.00,"100 מ""ל",false,1,37.90,5.05,true,1,
7290010471669,false,דנונה בר תות קורנפלקס 175 גר,,,דנונה בר תות קורנפלק,גרמים,175.00,100 גרם,false,1,4.80,2.74,true,1,
7290010513727,false,פירורי לחם קינגדאו פנקו 200 גר,,,פירורי לחם קינגדאו פ,גרמים,200.00,100 גרם,false,1,9.30,4.65,true,1,
7290010561445,false,ברילי פיתות 420 גרם,,IL,ברילי פיתות 420 גרם,גרמים,420.00,100 גרם,false,1,19.90,4.74,true,1,
7290010561964,false,ברילי גבטה EXTRA קמח טף 380 גרם,,IL,ברילי גבטה EXTRA קמח,גרמים,380.00,100 גרם,false,1,19.90,5.24,true,1,
7290010582037,false,חטיף פלפלון,,,חטיף פלפלון,Unknown,0.00,Unknown,false,1,9.90,9.90,true,1,
7290010627004,false,טחינה ירושלים 500 גרם,,,טחינה ירושלים 500 גר,גרמים,500.00,100 גרם,false,1,16.90,3.38,true,1,
7290010650002,false,פטריות יער,,,פטריות יער,Unknown,0.00,Unknown,false,1,19.90,19.90,true,1,
7290010650019,false,אנדי בלגי,,,אנדי בלגי,Unknown,0.00,Unknown,false,1,14.90,14.90,true,1,
7290010650033,false,בצלצלי שאלוט,,,בצלצלי שאלוט,Unknown,0.00,Unknown,false,1,12.90,12.90,true,1,
7290010650040,false,פטריות שיטאקה טריות,,,פטריות שיטאקה טריות,Unknown,0.00,Unknown,false,1,14.90,14.90,true,1,
7290010650064,false,פטריות יער יבשות,,,פטריות יער יבשות,Unknown,0.00,Unknown,false,1,12.90,12.90,true,1,
7290010650088,false,פטריות שמפניון יבשות,,,פטריות שמפניון יבשות,Unknown,0.00,Unknown,false,1,9.90,9.90,true,1,
7290010650101,false,עגבניות מיובשות,,,עגבניות מיובשות,Unknown,0.00,Unknown,false,1,9.90,9.90,true,1,
7290010650194,false,גינגר במגש,,,גינגר במגש,גרמים,100.00,100 גרם,false,1,9.90,9.90,true,1,
7290010650231,false,מאי טאקי מיובש,,,מאי טאקי מיובש,Unknown,0.00,Unknown,false,1,12.90,12.90,true,1,
7290010650255,false,פטריות אנוקי,,,לקט פיטריות למרק,Unknown,0.00,Unknown,false,1,19.90,19.90,true,1,
7290010650279,false,לקט פטריות לפסטה,,,לקט פטריות לפסטה,ליטרים,0.00,ליטר,false,1,19.99,19.99,true,1,
7290010650286,false,ברוקולי,,,ברוקולי,Unknown,0.00,Unknown,false,1,14.90,14.90,true,1,
7290010650293,false,בצל שלות מקולף 250 גר,,,בצל שלות מקולף 250 ג,גרמים,250.00,100 גרם,false,1,18.90,7.56,true,1,
7290010650354,false,שורש כורכום טרי 120 גר,,,שורש כורכום טרי 120,גרמים,120.00,100 גרם,false,1,19.90,16.58,true,1,
7290010650385,false,למון ליים,,,למון ליים,Unknown,0.00,Unknown,false,1,14.90,14.90,true,1,
7290010650538,false,פינוקי בטטה סגולה 150 גר,,,תירס מתוק ארוז,Unknown,0.00,Unknown,false,1,14.90,14.90,true,1,
7290010650576,false,פטריות שינוקי 100 גר,,,פטריות שינוקי 100 גר,גרמים,100.00,100 גרם,false,1,19.90,19.90,true,1,
7290010650590,false,פטריות ריזוטו,,,תבשיל ריזוטו פטריות,Unknown,0.00,Unknown,false,1,14.90,14.90,true,1,
7290010650668,false,גבעול למון גראס,,,גבעול למון גראס,Unknown,0.00,Unknown,false,1,13.90,13.90,true,1,
7290010650767,false,אנדיב אדום,,,אנדיב אדום,Unknown,0.00,Unknown,false,1,14.90,14.90,true,1,
7290010650798,false,תבשיל בורגול ופטריות,,,תבשיל בורגול ופטריות,Unknown,0.00,Unknown,false,1,14.90,14.90,true,1,
7290010650804,false,תבשיל פתיתים ופטריות,,,תבשיל פתיתים ופטריות,Unknown,0.00,Unknown,false,1,14.90,14.90,true,1,
7290010650828,false,פיטריות שי מגי,,,פיטריות שי מגי,Unknown,0.00,Unknown,false,1,16.90,16.90,true,1,
7290010650910,false,עגבניות לחות בטעמים,,,עגבניות לחות בטעמים,Unknown,0.00,Unknown,false,1,15.90,15.90,true,1,
7290010650996,false,פטריות שימגי חום,,,פטריות שימגי חום,Unknown,0.00,Unknown,false,1,12.90,12.90,true,1,
7290010657681,false,פילה מקרל בשמן צמחי 125 ג קזבלנקה,,,פילה מקרל בשמן צמחי,גרמים,125.00,100 גרם,false,1,12.90,10.32,true,1,
7290010657698,false,פילה מקרל פלפל חריף 125 ג קזבלנקה,,,פילה מקרל פלפל חריף,גרמים,125.00,100 גרם,false,1,12.90,10.32,true,1,
7290010657704,false,פילה מקרל בשמן זית 125 ג קזבלנקה,,,פילה מקרל בשמן זית 1,גרמים,125.00,100 גרם,false,1,13.90,11.12,true,1,
7290010676446,false,"פילה דג בסה מעובד קפוא 1 ק""ג",,,פילה דג בסה קפוא,קילוגרמים,0.00,"ק""ג",false,1,32.90,32.90,true,1,
7290010701391,false,ממרח כבד בקר 225 גרם,,IL,ממרח כבד בקר 225 גרם,גרמים,225.00,100 גרם,false,1,17.90,7.96,true,1,
7290010766307,false,רוטב לפסטה בולונז 420 גרם,,,רוטב לפסטה בולונז 42,גרמים,420.00,100 גרם,false,1,14.90,3.55,true,1,
7290010766697,false,רוטב שקשוקה אוליביה 415 גר,,,רוטב שקשוקה אוליביה,גרמים,415.00,100 גרם,false,1,14.90,3.59,true,1,
7290010766949,false,ממרח ארטישוק אוליביה 190 גר,,,ממרח ארטישוק אוליביה,גרמים,190.00,100 גרם,false,1,14.50,7.63,true,1,
7290010766956,false,ממרח פלפ גמבה אוליביה 190 גר,,,ממרח פלפ גמבה,גרמים,190.00,100 גרם,false,1,14.50,7.63,true,1,
7290010777006,false,מארז לחמניות כוסמין 360 גרם,,IL,מארז לחמניות כוסמים,גרמים,360.00,100 גרם,false,1,16.90,4.69,true,1,
7290010777051,false,מארז לחמניות המבורגר 5 יח,,,מארז לחמניות המבורגר,Unknown,0.00,Unknown,false,1,15.90,15.90,true,1,
7290010777068,false,מארז לחמניות מתוקות/קלועות 5 יח,,,מארז לחמניות מתוקות/,Unknown,0.00,Unknown,false,1,15.90,15.90,true,1,
7290010777136,false,לחמנייה שמיניה 5 יח,,,לחמניה קלועה 5 יח,Unknown,0.00,Unknown,false,1,15.50,15.50,true,1,
7290010777150,false,פיתה בריבוע חיטה מלאה 8 יח,,,פיתה בריבוע חיטה מלא,Unknown,0.00,Unknown,false,1,17.90,17.90,true,1,
7290010777297,false,פיתה ביס לבן,,,פיתה ביס לבן,גרמים,500.00,100 גרם,false,1,17.90,3.58,true,1,
7290010777358,false,מארז שמיניית פיתות 100% כוסמין מלא,,,מארז שמיניית פיתות 1,גרמים,400.00,100 גרם,false,1,17.90,4.48,true,1,
7290010777488,false,מארז פיתות 100% מחמצת קמח מלא 500 גרם,,IL,מארז פיתות 100% מחמצ,גרמים,500.00,100 גרם,false,1,18.90,3.78,true,1,
7290010777525,false,מארז פיתות כוסמין 6 יח,,,מארז פיתות כוסמין 6,Unknown,0.00,Unknown,false,1,19.90,19.90,true,1,
7290010822096,false,מיץ תפוזים סחוט 2 ל סיידר הגליל,,IL,סיידר תפוח מוגז 275,מיליליטרים,275.00,"100 מ""ל",false,1,7.20,2.62,true,1,
7290010838219,false,סטיביה 100 שקיות 100 גרם מרמולייט,,,סטיביה 100 שקיות 100,גרמים,100.00,100 גרם,false,1,32.90,32.90,true,1,
7290010838431,false,טואלט דאק נוזל אסלה זוג כחול,,,טואלט דאק נוזל אסלה,ליטרים,0.00,ליטר,false,1,28.90,28.90,true,1,
7290010883356,false,כפפות אלוורה סנו סושי גדול גדול,,,כפפות אלוורה סנו סוש,Unknown,0.00,Unknown,false,1,12.20,12.20,true,1,
7290010883363,false,כפפות אלוורה סנו סושי גדול קטן,,,כפפות אלוורה סנו סוש,Unknown,0.00,Unknown,false,1,12.20,12.20,true,1,
7290010945146,false,קוטג 3% מועשר 250 גרם,,,קוטג 3% מועשר 250 גר,גרמים,250.00,100 גרם,false,1,6.50,2.60,true,1,
7290010945450,false,גבינה לבנה 3% 250 גר מועשר בסידן וויטמין,,,גבינה לבנה 3% 250 גר,גרמים,250.00,100 גרם,false,1,4.98,1.99,true,1,
7290010965199,false,סוקולנטים בעציץ 9,,,סוקולנטים בעציץ 9,Unknown,0.00,Unknown,false,1,9.90,9.90,true,1,
7290010970056,false,שמן זית כתית מעולה `טעמים`0.8% חומציות,,,שמן זית כתית מעולה `,מיליליטרים,750.00,"100 מ""ל",false,1,41.70,5.56,true,1,
7290010970100,false,שמן שומשום כבישה קרה 250 מיל טעמים,,,שמן שומשום כבישה קרה,מיליליטרים,250.00,"100 מ""ל",false,1,32.50,13.00,true,1,
7290010970179,false,דבש פרחי בר טעמים 350 גרם,,,דבש פרחי בר טעמים,גרמים,350.00,100 גרם,false,1,18.20,5.20,true,1,
7290010970223,false,חומץ בן יין אדום,,,חומץ בן יין אדום,מיליליטרים,500.00,"100 מ""ל",false,1,15.90,3.18,true,1,
7290010970247,false,שמן זית כתית מעולה 500 מל טעמים,,,שמן זית כתית מעולה 5,מיליליטרים,500.00,"100 מ""ל",false,1,31.30,6.26,true,1,
7290010970254,false,חומץ טעמים יין לבן,,,חומץ טעמים יין לבן,מיליליטרים,500.00,"100 מ""ל",false,1,15.90,3.18,true,1,
7290010970346,false,תמרים מובחרים מרוסקים 500 גרם,,,תמרים מובחרים מרוסקי,גרמים,500.00,100 גרם,false,1,15.90,3.18,true,1,
7290010970452,false,טחינה גולמית מעודנת 380 גרם,,,טחינה גולמית מעודנת,גרמים,380.00,100 גרם,false,1,15.90,4.18,true,1,
7290010970551,false,שמן אבוקדו מעודן 250 מ`ל טעמים,,,שמן אבוקדו מעודן,מיליליטרים,250.00,"100 מ""ל",false,1,34.70,13.88,true,1,
7290010970582,false,רוטב סויה 350 מל,,,רוטב סויה 350 מל,מיליליטרים,350.00,"100 מ""ל",false,1,13.70,3.91,true,1,
7290010970650,false,קרם בלסמי חומץ מצומצם ממודנה איטליה 250,,,קרם בלסמי חומץ מצומצ,מיליליטרים,250.00,"100 מ""ל",false,1,32.90,13.16,true,1,
7290010970711,false,ממרח פסטו בזיליקום 180 גרם,,IL,ממרח פסטו בזיליקום 1,גרמים,180.00,100 גרם,false,1,15.60,8.67,true,1,
7290010970728,false,ממרח עגבניות מיובשות 180 גרם,,,ממרח עגבניות מיובשות,גרמים,180.00,100 גרם,false,1,14.90,8.28,true,1,
7290010970742,false,ממרח פסטו פלפלים אמיתי 180 גרם,,,ממרח פסטו פלפלים אמי,גרמים,180.00,100 גרם,false,1,14.90,8.28,true,1,
7290010970759,false,"סירופ מלבי 250 מ""ל",,IL,"סירופ מלבי 250 מ""ל",מיליליטרים,250.00,"100 מ""ל",false,1,11.90,4.76,true,1,
7290010970780,false,סילאן תמרים 100% טבעי 350 גרם,,,סילאן תמרים 100% טבע,גרמים,350.00,100 גרם,false,1,13.70,3.91,true,1,
7290010970889,false,דבש לחיץ 350 גרם,,,דבש לחיץ 350 גרם,גרמים,350.00,100 גרם,false,1,23.00,6.57,true,1,
7290010970940,false,ממרח פסטו אדום 180 גרם,,IT,ממרח פסטו אדום 180 ג,גרמים,180.00,100 גרם,false,1,14.90,8.28,true,1,
7290010970971,false,שמן זית בתרסיס 150 גרם טעמים,,,שמן זית בתרסיס 150 ג,גרמים,150.00,100 גרם,false,1,21.90,14.60,true,1,
7290011017873,false,"פחית סליק זירו 330 מ""ל",,,פחית סליק זירו 330 מ,מיליליטרים,330.00,"100 מ""ל",false,1,5.40,1.64,true,1,
7290011017880,false,"פחית סליק ד. ק""ק 330 מ""ל",,,"פחית סליק ד. ק""ק 330",מיליליטרים,330.00,"100 מ""ל",false,1,5.40,1.64,true,1,
7290011018368,false,"שישיית בירה ויינשטפן 330 מ""ל",,,שישיית בירה ויינשטפן,מיליליטרים,1980.00,"100 מ""ל",false,1,69.90,3.53,true,1,
7290011018443,false,"סליק פאנטה אורנג 330 מ""ל",,,סליק פאנטה אורנג 330,מיליליטרים,330.00,"100 מ""ל",false,1,5.40,1.64,true,1,
7290011018924,false,ק.קולה דיאט פרידגפק סליק 330 מל שישייה,,,ק.קולה דיאט פרידגפק,ליטרים,0.00,ליטר,false,1,24.90,24.90,true,1,
7290011064075,false,לבנה עם תוספות 200 גר,,,לבנה עם תוספות 200 ג,גרמים,200.00,100 גרם,false,1,16.70,8.35,true,1,
7290011064099,false,טאפס שכונתי 125 גר,,,טאפס שכונתי 125 גר,גרמים,125.00,100 גרם,false,1,22.90,18.32,true,1,
7290011065416,false,פלפל שחור מטחנה 60 גרם,,,פלפל שחור מטחנה 60 ג,גרמים,60.00,100 גרם,false,1,19.90,33.17,true,1,
7290011065430,false,צילי מטחנה 50 גרם,,,צילי מטחנה 50 גרם,גרמים,50.00,100 גרם,false,1,19.90,39.80,true,1,
7290011081492,false,קרמיסימו שלושה שוקולדים,,,קרמיסימו שלושה שוקול,ליטרים,0.00,ליטר,false,1,24.90,24.90,true,1,
7290011082833,false,קממבר חרמון 200 גר,,,קממבר חרמון 200 גר,גרמים,200.00,100 גרם,false,1,41.90,20.95,true,1,
7290011082840,false,קממבר חרמון אגוזים 200 גר,,,קממבר חרמון אגוזים,גרמים,200.00,100 גרם,false,1,41.90,20.95,true,1,
7290011082857,false,קממבר בזלת 200 גר,,,קממבר בזלת 200 גר,גרמים,200.00,100 גרם,false,1,41.90,20.95,true,1,
7290011082864,false,ברי 200 גר,,,ברי 200 גר,גרמים,200.00,100 גרם,false,1,43.90,21.95,true,1,
7290011082871,false,ברי אגוזים 200 גר,,,ברי אגוזים 200 גר,גרמים,200.00,100 גרם,false,1,41.90,20.95,true,1,
7290011082888,false,ברי פחם 200 גר,,,ברי פחם 200 גר,גרמים,200.00,100 גרם,false,1,41.90,20.95,true,1,
7290011082895,false,סנט מור 200 גר,,,סנט מור 200 גר,גרמים,200.00,100 גרם,false,1,41.90,20.95,true,1,
7290011082901,false,סנט מור פחם 200 גר,,,סנט מור פחם 200 גר,גרמים,200.00,100 גרם,false,1,41.90,20.95,true,1,
7290011115296,false,סבון מוצק מעושר בלחות צמחים רביעייה,,,סבון מוצק מעושר בלחו,גרמים,400.00,100 גרם,false,1,14.50,3.63,true,1,
7290011126216,false,תה רויבוש קלאסי,,,תה רויבוש קלאסי,Unknown,0.00,Unknown,false,1,37.50,37.50,true,1,
7290011126452,false,חליטת קמומיל ונענע 25 שקיקים גן קסום,,,חליטת קמומיל ונענע 2,Unknown,0.00,Unknown,false,1,19.90,19.90,true,1,
7290011126469,false,חליטת קמומיל ודבש 25 שקיקים גן קסום,,,חליטת קמומיל ודבש 25,Unknown,0.00,Unknown,false,1,19.90,19.90,true,1,
7290011126940,false,תה ירוק ויסוצקי בתוספת מרווה 25 שקיקים,,,תה ירוק ויסוצקי בתוס,Unknown,0.00,Unknown,false,1,26.90,26.90,true,1,
7290011126957,false,תה ירוק ויסוצקי ארל גריי 25 שקיקים,,,תה ירוק ויסוצקי ארל,Unknown,0.00,Unknown,false,1,26.90,26.90,true,1,
7290011131371,false,"מיזלי קראנץ אלמונ 1 ק""ג",,,מיזלי קראנץ אלמונ 1,גרמים,1000.00,100 גרם,false,1,27.90,2.79,true,1,
7290011132507,false,מים סאן בנדטו מוגז עדין 500 מל,,,סאן בנדטו מוגז 50 מל,מיליליטרים,500.00,"100 מ""ל",false,1,4.90,0.98,true,1,
7290011133368,false,"מארז מכבי שנדי תפוח 330 מ""ל שישייה",,,מארז מכבי שנדי תפוח,מיליליטרים,1980.00,"100 מ""ל",false,1,29.90,1.51,true,1,
7290011133375,false,"מארז מכבי שנדי אפרסק 330 מ""ל שישייה",,,מארז מכבי שנדי אפרסק,מיליליטרים,1980.00,"100 מ""ל",false,1,29.90,1.51,true,1,
7290011142001,false,לחם דואט 550 גר,,,לחם דואט 550 גר,גרמים,550.00,100 גרם,false,1,12.90,2.35,true,1,
7290011142025,false,לחם שיפון אוקראינסקי 630 גר,,,לחם שיפון אוקראינסקי,גרמים,630.00,100 גרם,false,1,13.90,2.21,true,1,
7290011142049,false,לחם בריאות 650 גר,,,לחם בריאות 650 גר,גרמים,650.00,100 גרם,false,1,12.90,1.98,true,1,
7290011142148,false,מארז שישית לחמניות,,,מארז שישית לחמניות,גרמים,450.00,100 גרם,false,1,12.90,2.87,true,1,
7290011142193,false,4 לחמניות מתוקות,,,4 לחמניות מתוקות,Unknown,0.00,Unknown,false,1,12.90,12.90,true,1,
7290011142315,false,פרנה מאורך רביעיה 550 גר,,,פרנה מאורך רביעיה 55,Unknown,0.00,Unknown,false,1,14.90,14.90,true,1,
7290011142650,false,לחם 100% שיפון 900 גר,,,לחם 100% שיפון 900 ג,גרמים,900.00,100 גרם,false,1,17.90,1.99,true,1,
7290011148713,false,חלפיניו ארוז,,,חלפיניו ארוז,Unknown,0.00,Unknown,false,1,9.90,9.90,true,1,
7290011148898,false,גבעולי ברוקולי משקל 400 גר,,,גבעולי ברוקולי 400 ג,קילוגרמים,0.00,"ק""ג",false,1,14.90,14.90,true,1,
7290011148904,false,פלפל צילי,,,פלפל צילי,Unknown,0.00,Unknown,false,1,9.90,9.90,true,1,
7290011148935,false,מלפפון בייבי,,,מלפפון בייבי,Unknown,0.00,Unknown,false,1,12.90,12.90,true,1,
7290011153885,false,נייר אכיל ממותג דיסני,,,נייר אכיל ממותג דיסנ,Unknown,0.00,Unknown,false,1,22.60,22.60,true,1,
7290011154882,false,"תרכיז תפוזים טבעי 500 מ""ל",,,תרכיז תפוזים טבעי 50,מיליליטרים,500.00,"100 מ""ל",false,1,28.90,5.78,true,1,
7290011194246,false,קוטג 5% 250 גר,,,קוטג 5% 250 גר,גרמים,250.00,100 גרם,false,1,5.90,2.36,true,1,
7290011223038,false,עלים לקרמשניט 300 גר-ויצנצי,,,עלים לקרמשניט 300 גר,גרמים,143.00,100 גרם,false,1,17.90,12.52,true,1,
7290011223205,false,ריבת חלב ארגנטינאית 454 גרם,,,ריבת חלב ארגנטינאית,גרמים,454.00,100 גרם,false,1,17.90,3.94,true,1,
7290011223243,false,"טואלט דאק גל אסלה ניחוח לבנדר 55 מ""ל",,,טואלט דאק גל אסלה ני,Unknown,0.00,Unknown,false,1,13.80,13.80,true,1,
7290011235024,false,רוזמרין,,,רוזמרין,Unknown,0.00,Unknown,false,1,5.90,5.90,true,1,
7290011235055,false,בזיליקום,,,בזיליקום,Unknown,0.00,Unknown,false,1,5.90,5.90,true,1,
7290011235062,false,עירית,,,עירית,Unknown,0.00,Unknown,false,1,5.90,5.90,true,1,
7290011235079,false,רוזמרין,,,קורנית,Unknown,0.00,Unknown,false,1,5.90,5.90,true,1,
7290011235093,false,טרגון,,,טרגון,Unknown,0.00,Unknown,false,1,5.90,5.90,true,1,
7290011235109,false,מרווה,,,מרווה,Unknown,0.00,Unknown,false,1,5.90,5.90,true,1,
7290011236649,false,נטיפי שוקולד ציפס 54% מוצקי קקאו 300 גרם,,,נטיפי שוקולד ציפס 54,גרמים,300.00,100 גרם,false,1,15.20,5.07,true,1,
7290011312381,false,סטייק פורטבלה,,,סטייק פורטבלה,Unknown,0.00,Unknown,false,1,18.90,18.90,true,1,
7290011378233,false,"מאגדת ללת""ס חטיף חלבה וניל 126 גר",,,"מאגדת ללת""ס חטיף חלב",גרמים,126.00,100 גרם,false,1,13.90,11.03,true,1,
7290011378257,false,מאגדת חטיף חלבה וניל קפאן פיסטוק 7*18 ג,,,מאגדת חטיף חלבה וניל,גרמים,126.00,100 גרם,false,1,13.90,11.03,true,1,
7290011378769,false,מאגדת חטיף חלבה וניל 7*18 גר,,,מאגדת חטיף חלבה וניל,גרמים,126.00,100 גרם,false,1,13.90,11.03,true,1,
7290011378776,false,מאגדת חטיף חלבה פיסטוק 7*18 גר,,,מאגדת חטיף חלבה פיסט,גרמים,126.00,100 גרם,false,1,13.90,11.03,true,1,
7290011438142,false,"משקה חלב בטעם קפה 350מ""ל בקבוק",,IL,משקה חלב בטעם קפה,מיליליטרים,350.00,"100 מ""ל",false,1,7.30,2.09,true,1,
7290011447748,false,סופר-קט 3 קג בטעם אוקיאנוס וטונה,,,סופר קט מזון לחתולים,קילוגרמים,0.00,"ק""ג",false,1,49.90,49.90,true,1,
7290011447908,false,סופר-קט 3 קג בטעם עוף כבד,,,סופר קט מזון לחתולים,קילוגרמים,0.00,"ק""ג",false,1,49.90,49.90,true,1,
7290011473198,false,עדשים חומים אורגני 500 גרם,,,עדשים חומים אורגני 5,גרמים,500.00,100 גרם,false,1,12.90,2.58,true,1,
7290011473211,false,עדשים אדומים אורגני 500 גרם,,,עדשים אדומים אורגני,גרמים,500.00,100 גרם,false,1,14.20,2.84,true,1,
7290011473525,false,אורז בר טבעי 400 גרם,,,אורז בר טבעי 400 גרם,גרמים,400.00,100 גרם,false,1,32.50,8.13,true,1,
7290011498108,false,מרציפן נטו 75 גרם,,,מרציפן נטו 75 גרם,גרמים,75.00,100 גרם,false,1,12.60,16.80,true,1,
7290011498368,false,חמאת פיסטוק 200 גרם,,,חמאת פיסטוק 200 גרם,גרמים,200.00,100 גרם,false,1,48.50,24.25,true,1,
7290011498405,false,שמן קוקוס 100% 350 מל,,,שמן קוקוס 100% 350 מ,מיליליטרים,350.00,"100 מ""ל",false,1,22.90,6.54,true,1,
7290011498580,false,מרציפן אורגני 200 גר שקד תבור,,,מרציפן אורגני 200 גר,גרמים,200.00,100 גרם,false,1,27.90,13.95,true,1,
7290011498870,false,חטיף תמרים במילוי חמאת שקדים 150 גרם,,,חטיף תמרים במילוי חמ,גרמים,150.00,100 גרם,false,1,16.90,11.27,true,1,
7290011498887,false,חטיף תמרים במילוי חמאת קוקוס 150 גרם,,,חטיף תמרים במילוי חמ,גרמים,150.00,100 גרם,false,1,16.90,11.27,true,1,
7290011498894,false,חטיף תמרים במילוי חמאת בוטנים 150 גרם,,,חטיף תמרים במילוי חמ,גרמים,150.00,100 גרם,false,1,16.90,11.27,true,1,
7290011498900,false,חטיף תמר במילוי חמאת שקד מצופה 150 גרם,,,חטיף תמר במילוי חמאת,גרמים,150.00,100 גרם,false,1,18.90,12.60,true,1,
7290011498917,false,חטיף תמר במילוי חמאת קוקוס מצופה 150 גרם,,,חטיף תמר במילוי חמאת,גרמים,150.00,100 גרם,false,1,19.80,13.20,true,1,
7290011498948,false,חטיף תמרים בציפוי שוקולד 150 גרם,,,חטיף תמרים בציפוי שו,גרמים,150.00,100 גרם,false,1,18.90,12.60,true,1,
7290011498955,false,אגוזי אדמה 300 גרם,,,אגוזי אדמה 300 גרם,גרמים,300.00,100 גרם,false,1,14.60,4.87,true,1,
7290011498962,false,שקד לבן 300 גרם,,,שקד לבן 300 גרם,גרמים,300.00,100 גרם,false,1,36.90,12.30,true,1,
7290011499051,false,פטה כבשים מסורתית 250 גר,,,פטה כבשים מסורתית 2,גרמים,250.00,100 גרם,false,1,28.90,11.56,true,1,
7290011499105,false,בולגרית 5% 250גר,,,בולגרית 5% 250גר,גרמים,250.00,100 גרם,false,1,24.90,9.96,true,1,
7290011499129,false,קוביות בולגרית מעודנת 5% 200 גר,,,קוביות בולגרית מעודנ,גרמים,200.00,100 גרם,false,1,24.90,12.45,true,1,
7290011499303,false,גבינה בולגרית מעודנת עיזים 5% 250 גר,,,גבינה בולגרית מעודנת,גרמים,250.00,100 גרם,false,1,33.50,13.40,true,1,
7290011499327,false,גבינה בולגרית מעודנת חלב בקר 250 גר,,,גבינה בולגרית מעודנת,גרמים,250.00,100 גרם,false,1,24.90,9.96,true,1,
7290011499341,false,קשקאבל ארוז 200 גר,,IL,קשקאבל ארוז 200 גר,גרמים,200.00,100 גרם,false,1,29.90,14.95,true,1,
7290011499365,false,גבינת חלומי 200 גר,,,גבינת חלומי 200 גר,גרמים,200.00,100 גרם,false,1,24.90,12.45,true,1,
7290011499419,false,גבינת במרקם שמנת 5% טבעי 200 גר,,,גבינה במרקם שמנת 5%,גרמים,200.00,100 גרם,false,1,12.90,6.45,true,1,
7290011499525,false,לאבנה 500גר 9%,,,לאבנה 500גר 9%,גרמים,500.00,100 גרם,false,1,21.90,4.38,true,1,
7290011499624,false,גבינת שמנת 30% טבעי 200 גר,,,גבינת שמנת 30% טבעי,גרמים,200.00,100 גרם,false,1,13.40,6.70,true,1,
7290011499846,false,ריקוטה פרסקה 9% 300 גר,,,ריקוטה פרסקה 9% 300,גרמים,150.00,100 גרם,false,1,19.90,13.27,true,1,
7290011501556,false,קיווי 160 גרם,,,קיווי 160 גרם,גרמים,160.00,100 גרם,false,1,14.90,9.31,true,1,
7290011501617,false,חמוציות ברכז תפוחים ללא סוכר 250 גרם,,,חמוציות תפוחים ללא ס,גרמים,250.00,100 גרם,false,1,19.90,7.96,true,1,
7290011502867,false,גרנולה אגוזים 500 גרם שקדיה,,,גרנולה אגוזים 500 גר,גרמים,500.00,100 גרם,false,1,16.50,3.30,true,1,
7290011502874,false,גרנולה פירות 500 גרם שקדיה,,,גרנולה פירות 500 גרם,גרמים,500.00,100 גרם,false,1,16.50,3.30,true,1,
7290011515683,false,מאגדת אקסטרים וניל *6יח,,,מאגדת אקסטרים וניל,גרמים,432.00,100 גרם,false,1,38.90,9.00,true,1,
7290011515911,false,מאגדת לייט ריבת חלב 6יח,,,מאגדת לייט ריבת חלב,Unknown,0.00,Unknown,false,1,32.90,32.90,true,1,
7290011518561,false,אקטימל תות מארז משפחתי,,,אקטימל תות מארז משפח,ליטרים,0.00,ליטר,false,1,35.50,35.50,true,1,
7290011530488,false,שייק איט 450 גר saturday מיקס פירות קפוא,,IL,שייק איט 450 גר satu,גרמים,450.00,100 גרם,false,1,29.90,6.64,true,1,
7290011530945,false,קרפציו עגל 210 גרם קפוא,,IL,קרפציו עגל 210 גרם,גרמים,210.00,100 גרם,false,1,39.90,19.00,true,1,
7290011570507,false,"קמח נטול גלוטן כרגיל 1 ק""ג",,,קמח נטול גלוטן כרגיל,גרמים,1000.00,100 גרם,false,1,21.90,2.19,true,1,
7290011570934,false,קמח לפנקייק כרגיל 400 גרם,,,קמח לפנקייק כרגיל 40,גרמים,400.00,100 גרם,false,1,21.90,5.48,true,1,
7290011585198,false,כיסונים במילוי בשר 1400 גרם,,,כיסונים השף במילוי,גרמים,1400.00,100 גרם,false,1,50.90,3.64,true,1,
7290011585228,false,כיסונים במילוי בשר 1500 גרם,,,כיסונים במילוי בשר 1,גרמים,1500.00,100 גרם,false,1,42.90,2.86,true,1,
7290011585242,false,ציבורקי במילוי בשר וירק 600 גרם,,,ציבורקי במילוי בשר,גרמים,600.00,100 גרם,false,1,32.90,5.48,true,1,
7290011585723,false,כיסונים ביתי במילוי בשר 900 גרם,,,כיסונים ביתי במילוי,גרמים,900.00,100 גרם,false,1,32.90,3.66,true,1,
7290011585754,false,כיסונים סיבירסקי במילוי בשר 900 גרם,,,כיסונים סיבירסקי במי,גרמים,900.00,100 גרם,false,1,32.90,3.66,true,1,
7290011585778,false,"קרפלך במילוי תפו""א 700 גרם",,,"קרפלך במילוי תפו""א 7",גרמים,700.00,100 גרם,false,1,22.90,3.27,true,1,
7290011585815,false,מאפה (פירושקי) במילוי בשר 600 גרם,,,מאפה (פירושקי) במילו,גרמים,600.00,100 גרם,false,1,32.90,5.48,true,1,
7290011585853,false,בלינצס במילוי בשר 600 גרם,,,בלינצס במילוי בשר 60,גרמים,600.00,100 גרם,false,1,32.90,5.48,true,1,
7290011585891,false,בלינצס במילוי דובדבן 600 גרם,,,בלינצס עם דובדבן 600,גרמים,600.00,100 גרם,false,1,32.90,5.48,true,1,
7290011587079,false,חרדל דיזון גרגירים 370 גרם,,,חרדל דיזון גרגירים 3,גרמים,370.00,100 גרם,false,1,12.60,3.41,true,1,
7290011587307,false,ארטישוק תחתיות,,,ארטישוק תחתיות,גרמים,400.00,100 גרם,false,1,13.10,3.28,true,1,
7290011587444,false,מוזלי קראנצ פרות 600 גר,,,מוזלי קראנצ פרות 600,מיליליטרים,600.00,"100 מ""ל",false,1,17.30,2.88,true,1,
7290011587451,false,גרנולה פירות 600 גר,,,גרנולה פירות 600 גר,גרמים,600.00,100 גרם,false,1,17.30,2.88,true,1,
7290011587598,false,אנשובי בפח 45 גרם,,,פילה אנשובי 45 גרם,גרמים,45.00,100 גרם,false,1,7.90,17.56,true,1,
7290011587703,false,ממרח עגבניות חריף פסטו 360 גר,,,ממרח עגבניות חריף פס,גרמים,360.00,100 גרם,false,1,17.70,4.92,true,1,
7290011598365,false,סנו סושי סט מטליות מיקופייבר מקצועיות 4,,,סנו סושי סט מטליות מ,Unknown,0.00,Unknown,false,1,25.40,25.40,true,1,
7290011598457,false,נייר טואלט סופט לבן 48 גל,,,נייר טואלט סופט לבן,מטרים,882.00,מטר,false,1,49.90,0.06,true,1,
7290011644000,false,מקלות תירס ממותקים 80 גרם,,,מקלות תירס ממותקים 8,גרמים,90.00,100 גרם,false,1,5.70,6.33,true,1,
7290011695651,false,צנימים עגולים 300 גרם נאמן,,,צנימים עגולים 300 גר,גרמים,300.00,100 גרם,false,1,12.90,4.30,true,1,
7290011695972,false,טוסטים מלבנים בטעמים 100 גרם,,,טוסטים מלבנים בטעמים,גרמים,100.00,100 גרם,false,1,8.80,8.80,true,1,
7290011723200,false,טחינה הר ברכה 100% שומשום טהור 500 גר,,,טחינה הר ברכה 100% ש,גרמים,500.00,100 גרם,false,1,19.90,3.98,true,1,
7290011728007,false,נאצוס תירס טבעי טרז פזוס 180 גרם,,IL,נאצוס תירס טבעי טרז,גרמים,180.00,100 גרם,false,1,20.80,11.56,true,1,
7290011728335,false,סלסה פלפל אדום וצ`יפוטלה 330 גרם,,IL,סלסה פלפל אדום וצ`יפ,גרמים,330.00,100 גרם,false,1,26.90,8.15,true,1,
7290011728724,false,סלסה עגבניות חרוכות 200 גרם,,IL,סלסה עגבניות חרוכות,גרמים,200.00,100 גרם,false,1,20.90,10.45,true,1,
7290011800840,false,טחינה בלאדי רפי כהן 400 גר,,,טחינה בלאדי רפי כהן,גרמים,400.00,100 גרם,false,1,18.90,4.73,true,1,
7290011830168,false,פירורי לחם כוסמין אורגניים 200 גר,,,פירורי לחם כוסמין או,גרמים,200.00,100 גרם,false,1,14.90,7.45,true,1,
7290011830250,false,אטריות אורגניות ללא גלוטן 100% כוסמת 250,,,אטריות אורגניות ללא,גרמים,100.00,100 גרם,false,1,19.90,19.90,true,1,
7290011830373,false,פפרדלה מקמח דורום 5 צבעים אורגני 500 גרם,,,פפרדלה מקמח דורום 5,גרמים,500.00,100 גרם,false,1,32.50,6.50,true,1,
7290011830564,false,פתיבר כוסמין אורגני 200 גר,,,פתיבר כוסמין אורגני,גרמים,200.00,100 גרם,false,1,12.90,6.45,true,1,
7290011830830,false,חטיף ציקי מאנקי אורגני 20 גר השדה,,,חטיף ציקי מאנקי אורג,גרמים,20.00,100 גרם,false,1,3.60,18.00,true,1,
7290011830991,false,ציקי מאנקי 60 גר השדה,,,ציקי מאנקי 60 גר השד,גרמים,60.00,100 גרם,false,1,7.90,13.17,true,1,
7290011860271,false,תפוגן ביסבול טבעי 700 גר,,,תפוגן ביסבול טבעי 70,גרמים,700.00,100 גרם,false,1,18.90,2.70,true,1,
7290011877088,false,סנו סושי רדיד אלומיניום קצר 0.30 מ*7.5,,,סנו סושי רדיד אלומינ,מטרים,7.50,מטר,false,1,18.90,2.52,true,1,
7290011877095,false,סנו סושי רדיד אלומיניום ארוך 0.45 מ*7.5,,,סנו סושי רדיד אלומינ,מטרים,7.50,מטר,false,1,27.90,3.72,true,1,
7290011877859,false,"סנו אינסטלטור פותח סתימות 200 מ""ל",,,סנו אינסטלטור פותח ס,מיליליטרים,200.00,"100 מ""ל",false,1,15.90,7.95,true,1,
7290011878351,false,תמרים מגהול 400 גרם אורגני,,,תמרים מגהול 400 גרם,גרמים,400.00,100 גרם,false,1,28.90,7.23,true,1,
7290011878511,false,יוגורט ביו 250 מל,,,יוגורט ביו 250 מל,מיליליטרים,250.00,"100 מ""ל",false,1,11.90,4.76,true,1,
7290011878863,false,"נקטר משמש ללא תוספת סוכר 330 מ""ל",,,נקטר משמש ללא תוספת,מיליליטרים,330.00,"100 מ""ל",false,1,13.20,4.00,true,1,
7290011878870,false,"נקטר שזיף ללא תוספת סוכר 330 מ""ל",,,נקטר שזיף ללא תוספת,מיליליטרים,330.00,"100 מ""ל",false,1,13.20,4.00,true,1,
7290011923020,false,אוכמניות אורגני קפוא 300 גרם,,RS,אוכמניות אורגני קפוא,גרמים,300.00,100 גרם,false,1,26.50,8.83,true,1,
7290011923082,false,גבינה פרוסות בסגנון מוצרלה טבעוני 200 ג,,GR,גבינה פרוסות בסגנון,גרמים,200.00,100 גרם,false,1,21.90,10.95,true,1,
7290011923105,false,גבינה פרוסות בסגנון צדר טבעוני 200 ג,,GR,גבינה פרוסות בסגנון,גרמים,200.00,100 גרם,false,1,21.90,10.95,true,1,
7290011923112,false,גבינת גוש בסגנון פטה יוונית טבעוני 200 ג,,GR,גבינת גוש בסגנון פטה,גרמים,200.00,100 גרם,false,1,21.90,10.95,true,1,
7290011923273,false,טופו אורגני 300 גרם ליב,,,טופו אורגני 300 גרם,גרמים,300.00,100 גרם,false,1,13.90,4.63,true,1,
7290011923303,false,טופו טבעי ליב 300 גר,,,טופו טבעי ליב 300 גר,גרמים,300.00,100 גרם,false,1,11.90,3.97,true,1,
7290011931162,false,סוכרלייט נוזלי 220 גרם,,,סוכרלייט נוזלי 220 ג,גרמים,220.00,100 גרם,false,1,36.90,16.77,true,1,
7290011947309,false,זית סורי מבוקע עם לימון כבוש זיתא 220 גר,,,זית סורי מבוקע עם לי,גרמים,220.00,100 גרם,false,1,14.90,6.77,true,1,
7290011947316,false,זיתי קלמטה 215 גרם,,,זיתי קלמטה 215 גרם,גרמים,215.00,100 גרם,false,1,14.90,6.93,true,1,
7290011947743,false,מיקס זיתים זיתא 215 גרם,,IL,מיקס זיתים זיתא 215,גרמים,215.00,100 גרם,false,1,14.90,6.93,true,1,
7290011947781,false,מיקס זית ירוק/קלמטה ללא גלעין זיתא 190 ג,,IL,מיקס זית ירוק/קלמטה,גרמים,190.00,100 גרם,false,0,14.90,7.84,true,1,
7290011947798,false,זית קלמטה ללא גלעין זיתא 190 גר,,IL,זית קלמטה ללא גלעין,גרמים,190.00,100 גרם,false,0,14.90,7.84,true,1,
7290011947873,false,זית קלמטה בפח 440 גר,,IL,זית קלמטה בפח 440 גר,גרמים,440.00,100 גרם,false,1,21.90,4.98,true,1,
7290011947903,false,מיקס זיתים יווני 215 גר,,,מיקס זיתים יווני 215,גרמים,215.00,100 גרם,false,1,14.90,6.93,true,1,
7290012001994,false,חרדל דיזיון 350 גרם,,,חרדל דיזיון 350 גרם,גרמים,350.00,100 גרם,false,1,12.90,3.69,true,1,
7290012019012,false,אספרגוס לבן 350 גר,,,אספרגוס לבן 350 גר,גרמים,350.00,100 גרם,false,1,10.80,3.09,true,1,
7290012019036,false,שיני שום צנצנת 330 גרם,,,שיני שום צנצנת 330 ג,גרמים,330.00,100 גרם,false,1,11.50,3.48,true,1,
7290012019258,false,"רסק תפו""ע 4 יח 113 גר",,,"רסק תפו""ע 4 יח 113",גרמים,113.00,100 גרם,false,1,13.90,12.30,true,1,
7290012019265,false,"רסק תפו""ע דיאט 4 יח 113 גר",,,"רסק תפו""ע דיאט 4 יח",גרמים,113.00,100 גרם,false,1,13.90,12.30,true,1,
7290012019272,false,"רסק תפו""ע קינמון 4 יח 113 גר",,,"רסק תפו""ע קינמון 4 י",גרמים,113.00,100 גרם,false,1,13.90,12.30,true,1,
7290012019401,false,מיץ דובדבן 100% 1 ליטר תוצרת גרוזיה,,,מיץ דובדבן 100% 1 לי,מיליליטרים,1000.00,"100 מ""ל",false,1,22.90,2.29,true,1,
7290012022005,false,פריכיות חיטה 60 גרם,,,פריכיות חיטה 70 גרם,גרמים,70.00,100 גרם,false,1,12.90,18.43,true,1,
7290012022050,false,פריכיות חיטה מלאה 100 גרם,,,פריכיות חיטה מלאה,גרמים,100.00,100 גרם,false,1,13.90,13.90,true,1,
7290012022067,false,קריספיות קידס,,IL,קריספיות קידס 30 גרם,גרמים,30.00,100 גרם,false,1,10.90,36.33,true,1,
7290012022852,false,נגיסי קוקוס אפויים בטעם אורגינלי,,TH,נגיסי קוקוס אפויים ב,גרמים,50.00,100 גרם,false,1,11.90,23.80,true,1,
7290012046131,false,מטליות לניקוי וחיטוי כללי סופט קלין 400י,,,מטליות לניקוי וחיטוי,Unknown,0.00,Unknown,false,1,33.50,33.50,true,1,
7290012046162,false,אל סבון נוזלי מארז שלישייה,,IL,אל סבון נוזלי מארז ש,Unknown,0.00,Unknown,false,1,14.90,14.90,true,1,
7290012046179,false,אל סבון נוזלי 1 ליטר + משאבה,,IL,אל סבון נוזלי 1 ליטר,Unknown,0.00,Unknown,false,1,10.90,10.90,true,1,
7290012052163,false,רפאל-גרנולה אגוזים ופירות 350 גר,,,רפאל-גרנולה אגוזים ו,גרמים,350.00,100 גרם,false,1,17.90,5.11,true,1,
7290012052170,false,רפאל-גרנולה ללא סוכר 350 גר,,,רפאל-גרנולה ללא סוכר,גרמים,350.00,100 גרם,false,1,17.90,5.11,true,1,
7290012052194,false,רפאל-גרנולה פירות יער וקשיו 350 גר,,,רפאל-גרנולה פירות יע,גרמים,350.00,100 גרם,false,1,17.90,5.11,true,1,
7290012052323,false,"גרנולה מוזלי מיקס לא קלוי 1 ק""ג",,,גרנולה מוזלי מיקס לא,גרמים,1000.00,100 גרם,false,1,28.90,2.89,true,1,
7290012052330,false,"גרנולה חלבה 1 ק""ג",,,"גרנולה חלבה 1 ק""ג",קילוגרמים,0.00,"ק""ג",false,1,28.90,28.90,true,1,
7290012052347,false,גרנולה צימוקים ושקדים ללא תוספת סוכר 1קג,,,גרנולה צימוקים ושקדי,קילוגרמים,0.00,"ק""ג",false,1,28.90,28.90,true,1,
7290012052354,false,גרנולה רפאל-שוקולד ואגוזי לוז 350 גר,,,גרנולה רפאל-שוקולד ו,גרמים,350.00,100 גרם,false,1,17.90,5.11,true,1,
7290012117350,false,סנו ריצפז פרש 2 ליטר לילך לבנדר,,,סנו ריצפז פרש 2 ליטר,ליטרים,0.00,ליטר,false,1,21.90,21.90,true,1,
7290012117428,false,"קרמה מן שמפו+גל רחצה 2 ב1 700 מ""ל מעינות",,,קרמה מן שמפו+גל רחצה,מיליליטרים,700.00,"100 מ""ל",false,1,21.90,3.13,true,1,
7290012117541,false,מרכך כביסה מקסימה סופר מרוכז 1 ל ZEN,,,מרכך כביסה מקסימה סו,מיליליטרים,1000.00,"100 מ""ל",false,1,18.90,1.89,true,1,
7290012117558,false,מרכך כביסה מקסימה סופר מרוכז 1 ל מאסק,,,מרכך כביסה מקסימה סו,מיליליטרים,1000.00,"100 מ""ל",false,1,18.90,1.89,true,1,
7290012129742,false,מגבונים לחים פרשיס מבושם חמישייה,,IL,מגבונים לחים פרשיס מ,Unknown,0.00,Unknown,false,1,27.20,27.20,true,1,
7290012159275,false,מיונז אמיתי 430 גרם LINA,,,מיונז אמיתי 430 גרם,גרמים,430.00,100 גרם,false,1,11.00,2.56,true,1,
7290012191053,false,גפרורים ארוכים לגרילים,,,גפרור מטבח ארוך,Unknown,0.00,Unknown,false,1,7.90,7.90,true,1,
7290012208676,false,אסאי אורגני 100 ג NATUREZA,,,אסאי אורגני 100 ג NA,גרמים,100.00,100 גרם,false,1,9.90,9.90,true,1,
7290012245176,false,גולד ציפס קריספי 700 גרם,,IL,גולד ציפס קריספי 700,גרמים,700.00,100 גרם,false,1,16.90,2.41,true,1,
7290012245183,false,ציפס קריספי קלאסי 700 גרם,,IL,ציפס קריספי קלאסי 70,גרמים,700.00,100 גרם,false,1,22.90,3.27,true,1,
7290012245275,false,"גולד ציפס בטטה קריספי 1 ק""ג",,IL,גולד ציפס בטטה קריספ,גרמים,1000.00,100 גרם,false,1,31.90,3.19,true,1,
7290012245312,false,"גולד ציפס אמריקאי 1.5 ק""ג",,IL,גולד ציפס אמריקאי 1.,גרמים,1500.00,100 גרם,false,1,22.90,1.53,true,1,
7290012247316,false,לב עוף טרי,,,לב עוף טרי,Unknown,0.00,"ק""ג",true,0,34.90,34.90,true,1,
7290012251047,false,קבנוס כפרי 250 גרם מזרע,,,קבנוס כפרי 250 גרם,גרמים,250.00,100 גרם,false,1,18.90,7.56,true,1,
7290012251108,false,סלמי טורו 170 גרם,,,סלמי טורו 170 גרם,גרמים,170.00,100 גרם,false,1,32.50,19.12,true,1,
7290012251146,false,מיני קופצקי סרוולט 280 גרם,,,מיני קופצקי סרוולט,גרמים,280.00,100 גרם,false,1,33.50,11.96,true,1,
7290012251160,false,מיני קרמליובסקי סרוולט 350 גר,,,מיני קרמליובסקי,גרמים,350.00,100 גרם,false,1,37.90,10.83,true,1,
7290012251177,false,מיני סרוולט איטלקי 400 גר,,,מיני סרוולט איטלקי,גרמים,400.00,100 גרם,false,1,49.90,12.48,true,1,
7290012251276,false,תיק בד טיב טעם,,,תיק רב פעמי ממוחזר,Unknown,0.00,Unknown,false,1,5.90,5.90,true,1,
7290012251313,false,גיוזה בטטה 320 גר קפוא מזרע,,,גיוזה בטטה 320 גר,גרמים,320.00,100 גרם,false,1,36.90,11.53,true,1,
7290012251320,false,גיוזה בקר 320 גר קפוא מזרע,,,גיוזה בקר 320 גר,גרמים,320.00,100 גרם,false,1,36.90,11.53,true,1,
7290012251337,false,דים סאם עוף ואורז 360 גר,,,דים סאם עוף ואורז,גרמים,360.00,100 גרם,false,1,44.90,12.47,true,1,
7290012251344,false,דים סאם ירקות ואורז 360 גר,,,דים סאם ירקות ואורז,גרמים,360.00,100 גרם,false,1,44.90,12.47,true,1,
7290012251351,false,דים סאם אורז פטריות 360 גר קפוא,,,דים סאם אורז פטריות,גרמים,360.00,100 גרם,false,1,44.90,12.47,true,1,
7290012251368,false,דים סאם אורז בקר 360 גר קפוא,,,דים סאם אורז בקר 360,גרמים,360.00,100 גרם,false,1,44.90,12.47,true,1,
7290012251382,false,פריזר ביצת הזהב 500 גר מזרע,,,פריזר ביצת הזהב 500,גרמים,500.00,100 גרם,false,1,47.90,9.58,true,1,
7290012251412,false,"קרפלך עוף מזרע 1 ק""ג",,,"קרפלך עוף מזרע 1 ק""ג",גרמים,1000.00,100 גרם,false,1,38.50,3.85,true,1,
7290012251429,false,קרפלך בשר לבן מזרע 600 גר,,,קרפלך בשר לבן מזרע,גרמים,600.00,100 גרם,false,1,27.20,4.53,true,1,
7290012251474,false,שרימפס מקולף 500 גר קפוא XL,,,שרימפס מקולף 500 גר,גרמים,500.00,100 גרם,false,1,51.50,10.30,true,1,
7290012251481,false,שרימפס מקולף 500 גר קפוא L,,,שרימפס מקולף 500 גר,גרמים,500.00,100 גרם,false,1,52.50,10.50,true,1,
7290012251498,false,שרימפס מקולף 500 גר קפוא M,,,שרימפס מקולף 500 גר,גרמים,500.00,100 גרם,false,1,52.50,10.50,true,1,
7290012251528,false,נקניקיות בוואריה עם גבינה 700 גר מזרע,,,נקניקיות בוואריה,גרמים,700.00,100 גרם,false,1,67.90,9.70,true,1,
7290012251535,false,שרימפס מבושל 750 גר קפוא,,,שרימפס מבושל קפוא,גרמים,750.00,100 גרם,false,1,61.90,8.25,true,1,
7290012251542,false,"שרימפס לא מקולף גדול 1 ק""ג קפוא 26/30",,,שרימפס לא מקולף גדול,קילוגרמים,0.00,"ק""ג",false,1,110.50,110.50,true,1,
7290012251634,false,קבנוס בטעם כבש,,,קבנוס בטעם כבש,Unknown,0.00,Unknown,false,1,12.90,12.90,true,1,
7290012251696,false,בלינצס בשר 600 גר,,,בלינצס בשר 600 גר,גרמים,600.00,100 גרם,false,1,40.90,6.82,true,1,
7290012251726,false,מזרע קרפלך הודו מתכון סבתא 600 גר,,,מזרע קרפלך הודו 600ג,גרמים,600.00,100 גרם,false,1,33.50,5.58,true,1,
7290012251757,false,קרפלך תפוחי אדמה 600 גר,,,קרפלך תפוחי אדמה 600,גרמים,600.00,100 גרם,false,1,23.00,3.83,true,1,
7290012251924,false,"מול ניו זילנדי על חצי צדף קפוא 1 ק""ג",,,מול ניו זילנדי,גרמים,1000.00,100 גרם,false,1,69.90,6.99,true,1,
7290012252891,false,נקניקיות אוסטריות מצוננות 600 גרם,,IL,נקניקיות אוסטריות מצ,גרמים,600.00,100 גרם,false,1,32.90,5.48,true,1,
7290012252914,false,נקניקיות בלקניות מצוננות 600 גרם,,IL,נקניקיות בלקניות מצו,גרמים,600.00,100 גרם,false,1,25.90,4.32,true,1,
7290012306501,false,פריכיות כוסמת 150 גרם,,,פריכיות כוסמת 150 גר,גרמים,150.00,100 גרם,false,1,12.90,8.60,true,1,
7290012306532,false,פריכיות כוסמת עם מלח 150 גרם,,,פריכיות כוסמת עם מלח,גרמים,150.00,100 גרם,false,1,12.90,8.60,true,1,
7290012306624,false,פריכיות כוסמת בתוספת תירס 150 גרם,,,פריכיות כוסמת בתוספת,גרמים,150.00,100 גרם,false,1,12.90,8.60,true,1,
7290012309311,false,ערמונים קלופים שלמים 100 גר,,,ערמונים קלופים שלמים,גרמים,100.00,100 גרם,false,1,5.90,5.90,true,1,
7290012309939,false,חלבה מסולסלת 500 גרם,,,חלבה מסולסלת 500 גרם,גרמים,500.00,100 גרם,false,1,18.90,3.78,true,1,
7290012349522,false,מלח הימלאיה דק,,,מלח הימלאיה דק,גרמים,200.00,100 גרם,false,1,11.90,5.95,true,1,
7290012349553,false,מלח הימלאיה 500 גר ד,,,מלח הימלאיה 500 גר ד,גרמים,500.00,100 גרם,false,1,20.90,4.18,true,1,
7290012367717,false,קרם ידיים שיבולת שועל אפקטיב קר 150 מל,,,קרם ידיים שיבולת שוע,מיליליטרים,150.00,"100 מ""ל",false,1,16.80,11.20,true,1,
7290012384691,false,עוגיות מרנג וניל AZUL,,,עוגיות מרנג וניל AZU,גרמים,280.00,100 גרם,false,1,29.90,10.68,true,1,
7290012384783,false,מעדן חלבה,,,מעדן חלבה,Unknown,0.00,Unknown,false,1,39.90,39.90,true,1,
7290012384912,false,מעדן שכבות,,,מעדן שכבות,גרמים,900.00,100 גרם,false,1,39.90,4.43,true,1,
7290012385766,false,פאי בננה,,,פאי בננה,Unknown,0.00,Unknown,false,1,69.90,69.90,true,1,
7290012385773,false,פאי אגסים,,,פאי אגסים,Unknown,0.00,Unknown,false,1,69.90,69.90,true,1,
7290012385780,false,פאי לימון,,,פאי לימון,Unknown,0.00,Unknown,false,1,69.90,69.90,true,1,
7290012404993,false,ספרינג Collection דיאט חמוציות 1.25 ליטר,,,ספרינג Collection די,ליטרים,0.00,ליטר,false,1,13.40,13.40,true,1,
7290012413643,false,תה ירוק קמומיל 25 שקיקים ויסוצקי,,,תה ירוק קמומיל 25 ש,Unknown,0.00,Unknown,false,1,26.90,26.90,true,1,
7290012475368,false,מיץ סלק אורגני 1 ליטר,,TR,מיץ תפוחים אורגני 1,מיליליטרים,1000.00,"100 מ""ל",false,1,16.90,1.69,true,1,
7290012561405,false,בצל חצי מטוגן דורות 180גר,,,בצל חצי מטוגן דורות,גרמים,180.00,100 גרם,false,1,13.50,7.50,true,1,
7290012588259,false,"מים מינרלים כדורגל 500 מ""ל",,,מים מינרלים כדורגל 5,מיליליטרים,500.00,"100 מ""ל",false,1,3.00,0.60,true,1,
7290012637032,false,פירמידת זעתר 60 גרם,,,פירמידת זעתר 60 גרם,גרמים,60.00,100 גרם,false,1,15.90,26.50,true,1,
7290012642852,false,פלפל אדום על האש 520 גר,,,פלפל אדום על האש 520,גרמים,520.00,100 גרם,false,1,17.40,3.35,true,1,
7290012645112,false,יוגורט עיזים בדלי 750 מל,,,יוגורט עיזים בדלי 75,מיליליטרים,750.00,"100 מ""ל",false,1,21.90,2.92,true,1,
7290012645129,false,יוגורט כבשים בדלי 750 מל,,,יוגורט כבשים בדלי 7,מיליליטרים,750.00,"100 מ""ל",false,1,21.90,2.92,true,1,
7290012697241,false,"סוכרזית מצמח הסטיוויה נוזל 220 מ""ל",,,סוכרזית מצמח הסטיווי,מיליליטרים,220.00,"100 מ""ל",false,1,38.50,17.50,true,1,
7290012803215,false,וופל בלגי בטעם שוקולד 200 גר טוסו,,,וופל בלגי בטעם שוקול,גרמים,200.00,100 גרם,false,1,12.90,6.45,true,1,
7290012803222,false,וופל בלגי בטעם לימון 200 גר טוסו,,,וופל בלגי בטעם לימון,גרמים,200.00,100 גרם,false,1,12.90,6.45,true,1,
7290012803321,false,סוכרלוז 200 גר שקיות אישיות,,,סוכרלוז 200 גר שקיות,גרמים,200.00,100 גרם,false,1,46.40,23.20,true,1,
7290012803772,false,טוסו מר שוקולד חלב 100 גר,,,טוסו מר שוקולד חלב 1,גרמים,100.00,100 גרם,false,1,14.20,14.20,true,1,
7290012803796,false,טוסו מר שוקולד חלב עם אגוזים 100 גר,,,טוסו מר שוקולד חלב ע,גרמים,100.00,100 גרם,false,1,14.20,14.20,true,1,
7290012823374,false,מגבונים אנטי קאלק,,,מגבונים אנטי קאלק,Unknown,0.00,Unknown,false,1,16.00,16.00,true,1,
7290012823381,false,מרכך כביסה מקסימה סופר מרוכז 1 ל סנסטיב,,,מרכך כביסה מקסימה סו,מיליליטרים,1000.00,"100 מ""ל",false,1,18.90,1.89,true,1,
7290012823398,false,מט.לחות לריצפה בניחוח מרכך כביסה רצפז 10,,,מט.לחות לריצפה בניחו,Unknown,0.00,Unknown,false,1,14.90,14.90,true,1,
7290012823923,false,"מרכך כביסה מקסימה פרפיום 750 מ""ל GOLDEN",,,מרכך כביסה מקסימה פר,מיליליטרים,750.00,"100 מ""ל",false,1,18.90,2.52,true,1,
7290012864001,false,נבטי חמניה,,,נבטי חמניה,Unknown,0.00,Unknown,false,1,9.90,9.90,true,1,
7290012864025,false,נבטי אלפלפא,,,נבטי אלפלפא,Unknown,0.00,Unknown,false,1,6.90,6.90,true,1,
7290012864032,false,נבטוטים,,,נבטוטים,Unknown,0.00,Unknown,false,1,9.90,9.90,true,1,
7290012884986,false,ציפס לתנור עד 4% שומן 1.5 קג,,,ציפס לתנור עד 4% שומ,קילוגרמים,0.00,"ק""ג",false,1,29.90,29.90,true,1,
7290012901959,false,אטריות עם גבינה מסולסלים 156 גרם,,US,אטריות עם גבינה מסול,גרמים,156.00,100 גרם,false,1,13.50,8.65,true,1,
7290012901973,false,שעועית אדומה גאלה 400 גרם,,IT,שעועית אדומה גאלה 40,גרמים,400.00,100 גרם,false,1,12.00,3.00,true,1,
7290012921025,false,"בירה מלכה בהירה 330 מ""ל",,,בירה מלכה בהירה 330,מיליליטרים,330.00,"100 מ""ל",false,1,16.90,5.12,true,1,
7290012921032,false,"בירה מלכה אדמונית 330 מ""ל",,,בירה מלכה אדמונית 33,מיליליטרים,330.00,"100 מ""ל",false,1,16.90,5.12,true,1,
7290012921049,false,"בירה מלכה כהה 330 מ""ל",,,"בירה מלכה כהה 330 מ""",מיליליטרים,330.00,"100 מ""ל",false,1,16.90,5.12,true,1,
7290012921056,false,"בירה מלכה חיטה 330 מ""ל",,,בירה מלכה חיטה 330 מ,מיליליטרים,330.00,"100 מ""ל",false,1,16.90,5.12,true,1,
7290012921063,false,"בירה מלכה הינדי 330 מ""ל",,,בירה מלכה הינדי 330,מיליליטרים,330.00,"100 מ""ל",false,1,16.90,5.12,true,1,
7290012921070,false,"בירה מלכה אדמונית 750 מ""ל",,IL,בירה מלכה אדמונית 75,מיליליטרים,750.00,"100 מ""ל",false,1,33.90,4.52,true,1,
7290012936838,false,הל טחון 35 גרם,,,הל טחון 35 גרם,Unknown,0.00,Unknown,false,1,19.90,19.90,true,1,
7290012936906,false,תבלינים ציפורן שלם בצנצנות 25 גרם,,,תבלינים ציפורן שלם ב,Unknown,0.00,Unknown,false,1,15.90,15.90,true,1,
7290012936913,false,תבלינים סומק בצנצנת 40 גרם,,,תבלינים סומק בצנצנת,Unknown,0.00,Unknown,false,1,12.90,12.90,true,1,
7290012936937,false,תבלינים בהרט בצנצנת 40 גרם,,,תבלינים בהרט בצנצנת,Unknown,0.00,Unknown,false,1,12.90,12.90,true,1,
7290012936944,false,תבלינים אגוז מוסקט טחון 40 גרם,,,תבלינים אגוז מוסקט ט,Unknown,0.00,Unknown,false,1,16.40,16.40,true,1,
7290012958045,false,ביצי דגים 200 גר פחית,,,ביצי דגים 200 גר פחי,גרמים,200.00,100 גרם,false,1,104.90,52.45,true,1,
7290012983153,false,סילאן טבעי בקבוק לחיץ תמר כנרת 400 גר,,,סילאן טבעי בקבוק לחי,גרמים,400.00,100 גרם,false,1,18.90,4.73,true,1,
7290012983320,false,מלית/ממרח תמרים 450 גר,,,מלית/ממרח תמרים 450,גרמים,450.00,100 גרם,false,1,6.90,1.53,true,1,
7290013038432,false,אקווה נובה 2 ל,,IL,אקווה נובה 2 ל,ליטרים,0.00,ליטר,false,1,2.90,2.90,true,1,
7290013083685,false,מטרנה אקסטרה קר שלב 3 חסכון 700 גר,,,מטרנה אקסטרה קר שלב,גרמים,700.00,100 גרם,false,1,61.90,8.84,true,1,
7290013083999,false,קריסטל יורוקיטי 3.8 ליטר,,,קריסטל יורוקיטי 3.8,Unknown,0.00,Unknown,false,1,24.90,24.90,true,1,
7290013117212,false,בורקס פילו במילוי גבינה מעדנות 600 גר,,,בורקס פילו במילוי גב,גרמים,600.00,100 גרם,false,1,23.90,3.98,true,1,
7290013117229,false,"בורקס פילו במילוי תפו""א מעדנות 600 גר",,,בורקס פילו במילוי תפ,גרמים,600.00,100 גרם,false,1,23.90,3.98,true,1,
7290013117243,false,בורקס פילו בולגרית 600 גר,,,בורקס פילו בולגרית 6,גרמים,600.00,100 גרם,false,1,23.90,3.98,true,1,
7290013117427,false,בצק פריך מלוח 900 גר מעדנות,,,בצק פריך מלוח 900 גר,גרמים,900.00,100 גרם,false,1,27.50,3.06,true,1,
7290013117526,false,בצק שמרים למאפים מתוקים 900 גרם,,,בצק שמרים למאפים,גרמים,900.00,100 גרם,false,1,27.20,3.02,true,1,
7290013144157,false,סחלב 130 גרם,,,סחלב 130 גרם,גרמים,130.00,100 גרם,false,1,11.50,8.85,true,1,
7290013144195,false,תערובת כדורי שוקולד 500 גר,,,תערובת כדורי שוקולד,גרמים,500.00,100 גרם,false,1,19.90,3.98,true,1,
7290013144201,false,תערובת פנקייק 400 גר,,,תערובת פנקייק 400 גר,גרמים,400.00,100 גרם,false,1,18.40,4.60,true,1,
7290013144232,false,פודינג וניל 85 גר,,,פודינג וניל 85 גר,גרמים,85.00,100 גרם,false,1,6.60,7.76,true,1,
7290013144263,false,תערובת מלבי 100 גר,,,תערובת מלבי 100 גר,גרמים,100.00,100 גרם,false,1,11.90,11.90,true,1,
7290013144270,false,קרם פטיסייר 100 גר,,,קרם פטיסייר 100 גר,גרמים,100.00,100 גרם,false,1,11.90,11.90,true,1,
7290013144317,false,גלילית וופל למילוי 18 יח גוני,,,גלילית וופל למילוי 1,Unknown,0.00,Unknown,false,1,24.90,24.90,true,1,
7290013144393,false,"תמצית וניל 50 מ""ל",,,"תמצית וניל 50 מ""ל",מיליליטרים,50.00,"100 מ""ל",false,1,5.50,11.00,true,1,
7290013144409,false,"תמצית רום 50 מ""ל",,,"תמצית רום 50 מ""ל",מיליליטרים,50.00,"100 מ""ל",false,1,5.50,11.00,true,1,
7290013144416,false,"תמצית שקדים 50 מ""ל",,,"תמצית שקדים 50 מ""ל",מיליליטרים,50.00,"100 מ""ל",false,1,5.50,11.00,true,1,
7290013144447,false,"תמצית תפוז 50 מ""ל",,,"תמצית תפוז 50 מ""ל",מיליליטרים,50.00,"100 מ""ל",false,1,11.30,22.60,true,1,
7290013144515,false,"צבע מאכל צהוב 50 מ""ל",,,"צבע מאכל צהוב 50 מ""ל",מיליליטרים,50.00,"100 מ""ל",false,1,5.30,10.60,true,1,
7290013144539,false,"צבע מאכל אדום 50 מ""ל",,,"צבע מאכל אדום 50 מ""ל",מיליליטרים,50.00,"100 מ""ל",false,1,5.30,10.60,true,1,
7290013144751,false,סירופ בטעם מייפל 500 גרם,,,סירופ בטעם מייפל 500,גרמים,500.00,100 גרם,false,1,15.90,3.18,true,1,
7290013144768,false,סירופ בטעם שוקולד 500 גרם,,,סירופ בטעם שוקולד 50,גרמים,500.00,100 גרם,false,1,15.90,3.18,true,1,
7290013144805,false,אייס קפה דיאט 245 גרם,,IL,אייס קפה דיאט 245 גר,גרמים,245.00,100 גרם,false,1,20.90,8.53,true,1,
7290013144812,false,אייס וניל מימונס 320 גרם,,IL,אייס וניל מימונס 320,גרמים,320.00,100 גרם,false,1,18.90,5.91,true,1,
7290013144980,false,תרסיס שמן קנולה מימונס 170 גרם,,,תרסיס שמן קנולה מימו,גרמים,170.00,100 גרם,false,1,16.90,9.94,true,1,
7290013145017,false,אגוז מלך קלוף 100 גר,,,אגוז מלך קלוף 100 גר,גרמים,100.00,100 גרם,false,1,16.10,16.10,true,1,
7290013145024,false,אגוז מלך טחון 100 גר,,,אגוז מלך טחון 100 גר,גרמים,100.00,100 גרם,false,1,17.30,17.30,true,1,
7290013145031,false,אגוזי לוז מסוכרים 100 גר - ברס,,,אגוזי לוז מסוכרים 10,גרמים,100.00,100 גרם,false,1,16.90,16.90,true,1,
7290013145048,false,צנוברים 100 גר,,,צנוברים 100 גר,גרמים,100.00,100 גרם,false,1,32.90,32.90,true,1,
7290013145079,false,שקד טבעי גרוס 100 גר,,,שקד טבעי גרוס 100 גר,גרמים,100.00,100 גרם,false,1,16.90,16.90,true,1,
7290013145109,false,שקד מולבן טחון 100 גר,,,שקד מולבן טחון 100 ג,גרמים,100.00,100 גרם,false,1,16.90,16.90,true,1,
7290013145116,false,שקד מולבן מקלות 100 גר,,,שקד מולבן מקלות 100,גרמים,100.00,100 גרם,false,1,16.90,16.90,true,1,
7290013145123,false,שקד מולבן פרוס 100 גר,,,שקד מולבן פרוס 100 ג,גרמים,100.00,100 גרם,false,1,16.90,16.90,true,1,
7290013145161,false,פקאן מסוכר 100 גר,,,פקאן מסוכר 100 גר,גרמים,100.00,100 גרם,false,1,18.90,18.90,true,1,
7290013145178,false,קוקוס טחון לבן 100 גר,,,קוקוס טחון לבן 100 ג,גרמים,100.00,100 גרם,false,1,5.90,5.90,true,1,
7290013145192,false,שומשום 100 גר,,,שומשום 100 גר,גרמים,100.00,100 גרם,false,1,5.90,5.90,true,1,
7290013145215,false,שומשום 400 גר,,,שומשום 400 גר,גרמים,400.00,100 גרם,false,1,17.90,4.48,true,1,
7290013145390,false,שוקולד ציפס 250 גר,,,שוקולד ציפס 250 גר,גרמים,250.00,100 גרם,false,1,11.30,4.52,true,1,
7290013145437,false,שוקולד ציפס 48% 250 גרם,,,שוקולד ציפס 48% 250,גרמים,250.00,100 גרם,false,1,16.50,6.60,true,1,
7290013145444,false,שוקולד ציפס 66% 250 גרם מימונס,,,שוקולד ציפס 66% 250,גרמים,250.00,100 גרם,false,1,17.90,7.16,true,1,
7290013145451,false,קקאו 150 גר,,,קקאו 150 גר,גרמים,150.00,100 גרם,false,1,11.00,7.33,true,1,
7290013145529,false,סוכריות צבעוניות לקישוט 90 גר,,,סוכריות צבעוניות לקי,גרמים,90.00,100 גרם,false,1,7.10,7.89,true,1,
7290013145536,false,סוכריות בטעם שוקולד לקישוט 85 גר,,,סוכריות בטעם שוקולד,גרמים,85.00,100 גרם,false,1,7.10,8.35,true,1,
7290013145567,false,מיני מיני עדשים 90 גר,,,מיני מיני עדשים 90 ג,גרמים,90.00,100 גרם,false,1,14.00,15.56,true,1,
7290013145574,false,ערכה לקישוט 100 גר,,,ערכה לקישוט 100 גר,גרמים,100.00,100 גרם,false,1,14.90,14.90,true,1,
7290013145628,false,סוכריות צבעוניות 200 גרם,,,סוכריות צבעוניות 200,גרמים,200.00,100 גרם,false,1,10.50,5.25,true,1,
7290013145710,false,דובדבנים מסוכרים 100 גר,,,דובדבנים מסוכרים 100,גרמים,100.00,100 גרם,false,1,10.90,10.90,true,1,
7290013145796,false,"רביעיית צבעי מאכל גל 4*25 מ""ל",,IL,רביעיית צבעי מאכל גל,מיליליטרים,100.00,"100 מ""ל",false,1,49.90,49.90,true,1,
7290013145826,false,פודינג בטעם וניל לבן במיוחד 80 גר,,,פודינג בטעם וניל לבן,גרמים,80.00,100 גרם,false,1,6.60,8.25,true,1,
7290013145840,false,סוכר וניל 10 יח בצלופן,,,סוכר וניל 10 יח בצלו,Unknown,0.00,Unknown,false,1,2.70,2.70,true,1,
7290013145857,false,אבקת אפיה 10 יח בצלופן,,,אבקת אפיה 10 יח בצלו,Unknown,0.00,Unknown,false,1,2.70,2.70,true,1,
7290013145871,false,שמרים יבשים 11 גר*5,,,שמרים יבשים 11 גר*5,גרמים,55.00,100 גרם,false,1,11.40,20.73,true,1,
7290013145901,false,סודה לשתיה 100 גר,,,סודה לשתיה 100 גר,גרמים,100.00,100 גרם,false,1,2.00,2.00,true,1,
7290013145918,false,אבקת סוכר 100 גר,,,אבקת סוכר 100 גר,גרמים,100.00,100 גרם,false,1,2.00,2.00,true,1,
7290013145956,false,שמרים יבשים בואקום 500 גרם,,,שמרים יבשים בואקום 5,גרמים,500.00,100 גרם,false,1,15.90,3.18,true,1,
7290013145963,false,שמרים יבשים בואקום 125 גרם,,,שמרים יבשים בואקום 1,גרמים,125.00,100 גרם,false,1,6.60,5.28,true,1,
7290013145970,false,קורנפלור 200 גרם,,,קורנפלור 200 גרם,גרמים,200.00,100 גרם,false,1,4.20,2.10,true,1,
7290013146274,false,מארז תחתיות מרנג 8 יחידות 100 גרם,,,מארז תחתיות מרנג 8 י,גרמים,100.00,100 גרם,false,1,20.90,20.90,true,1,
7290013146410,false,נשיקות לקישוט צבע כחול 60 גרם,,IL,נשיקות לקישוט צבע כח,יחידה,1.00,יחידה,false,1,16.90,16.90,true,1,
7290013146441,false,נשיקות לקישוט בצבע ורוד 60 גרם,,IL,נשיקות לקישוט בצבע ו,גרמים,60.00,100 גרם,false,1,16.90,28.17,true,1,
7290013146656,false,כוכבים תכלת ירוק לבן לקישוט 60 גרם,,,כוכבים תכלת ירוק לבן,גרמים,60.00,100 גרם,false,1,12.90,21.50,true,1,
7290013146663,false,אטריות צבעוניות לקישוט 55 גרם,,,אטריות צבעוניות לקיש,גרמים,55.00,100 גרם,false,1,12.90,23.45,true,1,
7290013146670,false,סוכריות לב סגול ורוד לבן לקישוט 60 גרם,,,סוכריות לב סגול ורוד,גרמים,60.00,100 גרם,false,1,12.90,21.50,true,1,
7290013146724,false,אייס קפה מימונס 350 גרם,,,אייס קפה מימונס 350,גרמים,350.00,100 גרם,false,1,18.90,5.40,true,1,
7290013146755,false,מימונס קצפת 24% 500 גרם,,IL,מימונס קצפת 24% 500,גרמים,500.00,100 גרם,false,1,13.90,2.78,true,1,
7290013146762,false,מימונס קצפת 24% 200 גרם,,IL,מימונס קצפת 24% 200,גרמים,200.00,100 גרם,false,1,6.90,3.45,true,1,
7290013153593,false,מיץ תפוזים מתקתק 1 ליטר,,,מיץ תפוזים מתקתק 1 ל,מיליליטרים,1000.00,"100 מ""ל",false,1,17.90,1.79,true,1,
7290013187215,false,מנות פילה סלמון נורבגי 800 גר,,NO,פילה סלמון נורבגי,גרמים,800.00,100 גרם,false,1,89.90,11.24,true,1,
7290013187765,false,ברוקולי טבעפרוסט 800 גר,,,ברוקולי טבעפרוסט 800,גרמים,800.00,100 גרם,false,1,19.90,2.49,true,1,
7290013187772,false,אפונה ירוקה עדינה טבעפרוסט 800 גר,,,אפונה ירוקה עדינה טב,גרמים,800.00,100 גרם,false,1,19.90,2.49,true,1,
7290013187789,false,אפונה ירוקה טבעפרוסט 800 גר,,,אפונה ירוקה טבעפרוסט,גרמים,800.00,100 גרם,false,1,16.70,2.09,true,1,
7290013187796,false,שעועית ירוקה שלמה טבעפרוסט 800 גר,,,שעועית ירוקה שלמה טב,גרמים,800.00,100 גרם,false,1,16.90,2.11,true,1,
7290013187802,false,שעועית ירוקה עדינה טבעפרוסט 800 גר,,,שעועית ירוקה עדינה ט,גרמים,800.00,100 גרם,false,1,16.90,2.11,true,1,
7290013187819,false,שעועית ירוקה חתוכה טבעפרוסט 800 גר,,,שעועית ירוקה חתוכה ט,גרמים,800.00,100 גרם,false,1,16.90,2.11,true,1,
7290013187826,false,כרוב ניצנים טבעפרוסט 800 גר,,,כרוב ניצנים טבעפרוסט,גרמים,800.00,100 גרם,false,1,16.90,2.11,true,1,
7290013187833,false,כרובית טבעפרוסט 800 גר,,,כרובית טבעפרוסט 800,גרמים,800.00,100 גרם,false,1,16.90,2.11,true,1,
7290013187840,false,גזר גמדי טבעפרוסט 800 גר,,,גזר גמדי טבעפרוסט 80,גרמים,800.00,100 גרם,false,1,16.90,2.11,true,1,
7290013187857,false,תרד טבעפרוסט 800 גר,,,תרד טבעפרוסט 800 גר,גרמים,800.00,100 גרם,false,1,16.90,2.11,true,1,
7290013187871,false,סרוולט אוסטרי 170 גר,,,סרוולט אוסטרי 170 גר,גרמים,170.00,100 גרם,false,1,35.90,21.12,true,1,
7290013187888,false,רוסקי סרוולט 170 גר,,,רוסקי סרוולט 170 גר,גרמים,170.00,100 גרם,false,1,35.90,21.12,true,1,
7290013187949,false,סרוולט איטלקי 170 גר,,,סרוולט איטלקי 170 גר,גרמים,170.00,100 גרם,false,1,24.90,14.65,true,1,
7290013215017,false,פיטריות דואט,,,פיטריות דואט,Unknown,0.00,Unknown,false,1,19.90,19.90,true,1,
7290013215024,false,מגה פורטבלה,,,מגה פורטבלה,Unknown,0.00,Unknown,false,1,18.90,18.90,true,1,
7290013253149,false,"המבורגר 1 ק""ג אבי נחום",,IL,"המבורגר 1 ק""ג אבי נח",גרמים,100.00,100 גרם,false,1,73.50,73.50,true,1,
7290013253163,false,נקניקיות מרגז 800 גרם אבי נחום,,IL,נקניקיות מרגז 800 גר,גרמים,800.00,100 גרם,false,1,59.90,7.49,true,1,
7290013253194,false,"קבב מזרחי 1 ק""ג אבי נחום",,IL,"קבב מזרחי 1 ק""ג אבי",קילוגרמים,0.00,"ק""ג",false,1,73.50,73.50,true,1,
7290013253200,false,"קבב רומני 1 ק""ג אבי נחום",,IL,"קבב רומני 1 ק""ג",קילוגרמים,0.00,"ק""ג",false,1,73.50,73.50,true,1,
7290013253217,false,"קבב עם שומן כבש 1 ק""ג אבי נחום",,IL,"קבב עם שומן כבש 1 ק""",קילוגרמים,0.00,"ק""ג",false,1,73.50,73.50,true,1,
7290013267665,false,מאגדת סולרו פירות טרופים 354 גר,,,מאגדת סולרו פירות,גרמים,354.00,100 גרם,false,1,27.90,7.88,true,1,
7290013268020,false,מרכך כביסה מקסימה סופר מרוכז 1 ל אולטרא,,,מרכך כביסה מקסימה סו,מיליליטרים,1000.00,"100 מ""ל",false,1,18.90,1.89,true,1,
7290013268037,false,מרכך כביסה מקסימה סופר מרוכז 1 ל פצולי ל,,,מרכך כביסה מקסימה סו,מיליליטרים,1000.00,"100 מ""ל",false,1,18.90,1.89,true,1,
7290013268204,false,מגבונים לחיטוי אסלה סנובון,,,מגבונים לחיטוי אסלה,Unknown,0.00,Unknown,false,1,11.90,11.90,true,1,
7290013268242,false,נוזל רצפות ריצפז פרש הום מלון מפנק 2 ל,,IL,נוזל רצפות ריצפז פרש,ליטרים,0.00,ליטר,false,1,21.90,21.90,true,1,
7290013268839,false,פוליווקס פרקט בניחוח מלון 2 ליטר,,,פוליווקס פרקט,ליטרים,0.00,ליטר,false,1,25.10,25.10,true,1,
7290013268983,false,מרכך מרוכז 1 ליטר עוצמתי במיוחד,,,מרכך מרוכז 1 ליטר עו,ליטרים,0.00,ליטר,false,1,18.90,18.90,true,1,
7290013268990,false,מרכך כביסה מקסימה ביו סופר מרוכז 1 ל,,,מרכך כביסה מקסימה בי,מיליליטרים,1000.00,"100 מ""ל",false,1,18.90,1.89,true,1,
7290013269003,false,מרכך כביסה מקסימה בייבי 1 ל,,,מרכך כביסה מקסימה,מיליליטרים,1000.00,"100 מ""ל",false,1,22.90,2.29,true,1,
7290013269263,false,סנו מקסימה גל כביסה 3 ל מרוכז קריסטל נוא,,,סנו מקסימה גל כביסה,ליטרים,0.00,ליטר,false,1,35.90,35.90,true,1,
7290013269287,false,סנו מקסימה גל לכביסה 3 ליטר MUSK,,,סנו מקסימה גל לכביסה,ליטרים,0.00,ליטר,false,1,35.90,35.90,true,1,
7290013269638,false,ספוג הפלא אקסטרה סנו סושי 6 יח,,,ספוג הפלא אקסטרה סנו,Unknown,0.00,Unknown,false,1,14.50,14.50,true,1,
7290013269645,false,מטליות לחות לניקוי רצפה בניחוח מאסק,,,מטליות לחות לניקוי ר,Unknown,0.00,Unknown,false,1,13.20,13.20,true,1,
7290013269652,false,סנו פוליויקס גרניט פורצלן מאסק 2 ל,,,סנו פוליויקס גרניט פ,ליטרים,0.00,ליטר,false,1,23.90,23.90,true,1,
7290013269751,false,מט.לחות לרצפה סנו ריצפז פרש מלו בוטיק 10,,IL,מט.לחות לרצפה סנו רי,Unknown,0.00,Unknown,false,1,14.90,14.90,true,1,
7290013269867,false,"סנו סושי זוג מפות שולחן 120*180 ס""מ",,,סנו סושי זוג מפות שו,Unknown,0.00,Unknown,false,1,11.90,11.90,true,1,
7290013276117,false,"בירה נגב אואזיס 330 מ""ל",,,בירה נגב אואזיס 330,מיליליטרים,330.00,"100 מ""ל",false,1,16.90,5.12,true,1,
7290013276124,false,"בירה נגב אמבר אייל 330 מ""ל",,,בירה נגב אמבר אייל 3,מיליליטרים,330.00,"100 מ""ל",false,1,16.90,5.12,true,1,
7290013276131,false,"בירה נגב פורטר אלון 330 מ""ל",,,בירה נגב פורטר אלון,מיליליטרים,330.00,"100 מ""ל",false,1,16.90,5.12,true,1,
7290013284310,false,רוטב פסטה לילדים 240 גרם פריניר,,,רוטב פסטה לילדים 240,גרמים,240.00,100 גרם,false,1,5.90,2.46,true,1,
7290013284662,false,רוטב פיצה פיתה 240 גרם פריניר,,,רוטב פיצה פיתה 240 ג,גרמים,240.00,100 גרם,false,1,5.90,2.46,true,1,
7290013310019,false,קיסמי שיניים עם חוט דנטלי הוסטס,,,קיסמי שיניים עם חוט,Unknown,0.00,Unknown,false,1,7.10,7.10,true,1,
7290013310408,false,כפפות ניטרל XL כחולות ללא אבקה 80 יח,,,כפפות ניטרל XL כחולו,יחידה,1.00,יחידה,false,1,27.90,27.90,true,1,
7290013329301,false,פריכיות כוסמת עם מלח 160 גרם,,,פריכיות כוסמת עם מלח,גרמים,160.00,100 גרם,false,1,12.50,7.81,true,1,
7290013329318,false,פריכיות כוסמת ללא מלח 160 גרם,,,פריכיות כוסמת ללא מל,גרמים,160.00,100 גרם,false,1,12.50,7.81,true,1,
7290013329431,false,חמאת שקדים 300 גר - כרם,,,חמאת שקדים 300 גר,גרמים,300.00,100 גרם,false,1,46.40,15.47,true,1,
7290013329646,false,שמן קוקוס 350 מל - כרם,,,"שמן קוקוס 350 מ""ל",גרמים,350.00,100 גרם,false,1,25.50,7.29,true,1,
7290013329721,false,"תמר מגהול אורגני כרם - 1 ק""ג",,,תמר מגהול אורגני כרם,קילוגרמים,0.00,"ק""ג",false,1,29.90,29.90,true,1,
7290013329738,false,"תמר מגהול 1 ק""ג",,,"תמר מגהול 1 ק""ג",קילוגרמים,0.00,"ק""ג",false,1,24.90,24.90,true,1,
7290013358356,false,מאסטר שף פירורי לחם מוזהבים 320 גרם,,,מאסטר שף פירורי לחם,גרמים,320.00,100 גרם,false,1,8.30,2.59,true,1,
7290013358417,false,מנה אסייאתי רוטב טריאקי 300 מל מאסטר שף,,,מנה אסייאתי רוטב טרי,מיליליטרים,300.00,"100 מ""ל",false,1,13.90,4.63,true,1,
7290013358448,false,מנה קרוטונים לסלט 4 דגנים 200 גרם,,,מנה קרוטונים לסלט 4,גרמים,200.00,100 גרם,false,1,16.50,8.25,true,1,
7290013358462,false,מנה קרוטונים למרק שום בצל פטרוזיליה 350ג,,,מנה קרוטונים למרק שו,גרמים,350.00,100 גרם,false,1,17.90,5.11,true,1,
7290013358493,false,מנה אסייאתי קרם קוקוס פחית 400 מל מ.שף,,,מנה אסייאתי קרם קוקו,מיליליטרים,400.00,"100 מ""ל",false,1,10.90,2.73,true,1,
7290013358509,false,מאסטר שף מיקסלט 200 גרם,,,מאסטר שף מיקסלט 200,גרמים,200.00,100 גרם,false,1,20.60,10.30,true,1,
7290013358523,false,מאסטר שף שבבי בצל מטוגן 150 גרם,,,מאסטר שף שבבי בצל מט,גרמים,150.00,100 גרם,false,1,16.10,10.73,true,1,
7290013358530,false,"רוטב צילי מתוק מנה אסייאתי 700 מ""ל מ.שף",,,רוטב צילי מתוק מנה א,מיליליטרים,700.00,"100 מ""ל",false,1,13.90,1.99,true,1,
7290013358547,false,"רוטב צילי חריף 700 מ""ל מ.שף",,,רוטב צילי חריף 700,מיליליטרים,700.00,"100 מ""ל",false,1,13.90,1.99,true,1,
7290013358585,false,מנה אסייאתי נודלס ביצים להקפצה 400 מ.שף,,,מנה אסייאתי נודלס בי,גרמים,400.00,100 גרם,false,1,10.90,2.73,true,1,
7290013358806,false,מנה מאגדת פריכיות עם מלח 264 גרם,,,מנה מאגדת פריכיות עם,גרמים,264.00,100 גרם,false,1,14.20,5.38,true,1,
7290013366047,false,כרובית 500 גרם באריזה,,,כרובית 500 גרם באריז,גרמים,500.00,100 גרם,false,1,16.90,3.38,true,1,
7290013366108,false,אספרגוס,,,אספרגוס,Unknown,0.00,Unknown,false,1,39.90,39.90,true,1,
7290013366658,false,חסה סנלובה 200 גר,,,חסה סנלובה 200 גר,גרמים,200.00,100 גרם,false,1,14.90,7.45,true,1,
7290013366665,false,חסה גמביט,,,חסה גמביט,Unknown,0.00,Unknown,false,1,12.90,12.90,true,1,
7290013381088,false,עמבה הודית 500 גרם,,IL,עמבה הודית 500 גרם,גרמים,500.00,100 גרם,false,1,10.50,2.10,true,1,
7290013381699,false,קקאו טופ מותגים 500 גרם,,,קקאו טופ מותגים 500,גרמים,500.00,100 גרם,false,1,27.70,5.54,true,1,
7290013389114,false,"ניוקי תפו""א 500 גרם",,,"ניוקי תפו""א 500 גרם",גרמים,500.00,100 גרם,false,1,10.30,2.06,true,1,
7290013389176,false,"חומץ בלסמי ממודנה מובחר 500 מ""ל",,,חומץ בלסמי ממודנה מו,מיליליטרים,500.00,"100 מ""ל",false,1,31.90,6.38,true,1,
7290013389381,false,קמח תירס פולנטה 1 קג,,,"קמח תירס פולנטה 1 ק""",גרמים,1000.00,100 גרם,false,1,14.30,1.43,true,1,
7290013389909,false,פילה סרדין חריף 125 גרם,,,פילה סרדין חריף 125,גרמים,125.00,100 גרם,false,1,11.80,9.44,true,1,
7290013430083,false,"בירה אלכסנדר בלונד 330 מ""ל",,,בירה אלכסנדר בלונד 3,מיליליטרים,330.00,"100 מ""ל",false,1,14.90,4.52,true,1,
7290013430090,false,"בירה אלכסנדר אמברה 330 מ""ל",,,בירה אלכסנדר אמברה 3,מיליליטרים,330.00,"100 מ""ל",false,1,14.90,4.52,true,1,
7290013430304,false,"בירה אלכסנדר גרין 330 מ""ל",,,בירה אלכסנדר גרין 33,מיליליטרים,330.00,"100 מ""ל",false,1,14.90,4.52,true,1,
7290013442062,false,יוגורט 600 גר,,,יוגורט 600 גר,גרמים,600.00,100 גרם,false,1,21.90,3.65,true,1,
7290013442246,false,לבנה 250 גר,,,לבנה 250 גר,גרמים,250.00,100 גרם,false,1,18.90,7.56,true,1,
7290013442277,false,גבינת פטה 250 גר,,,גבינת פטה 250 גר,גרמים,250.00,100 גרם,false,1,34.90,13.96,true,1,
7290013442284,false,גבינת ברי 140 גר,,,גבינת ברי 140 גר,גרמים,140.00,100 גרם,false,1,27.90,19.93,true,1,
7290013442291,false,קממבר רגיל 140 גר,,,קממבר רגיל 140 גר,גרמים,140.00,100 גרם,false,1,27.90,19.93,true,1,
7290013442307,false,קממבר פקאן 140 גר,,,קממבר פקאן 140 גר,גרמים,140.00,100 גרם,false,1,27.90,19.93,true,1,
7290013442314,false,גבינת סנט מור 150 גר,,,גבינת סנט מור 150 גר,גרמים,150.00,100 גרם,false,1,30.90,20.60,true,1,
7290013442321,false,גבינת כבשה צהובה בסגנון גאודה 150 גר,,,גבינת כבשה צהובה,גרמים,150.00,100 גרם,false,1,27.90,18.60,true,1,
7290013442338,false,גבינת כבשה חרדלית 150 גר,,,גבינת כבשה חרדלית 15,גרמים,150.00,100 גרם,false,1,27.90,18.60,true,1,
7290013442345,false,גבינה ארוטן כמהין עובש כמהין 150 גר,,,גבינה ארוטן כמהין עו,גרמים,150.00,100 גרם,false,1,31.90,21.27,true,1,
7290013456281,false,"ערק מאלכי קלאסי 700 מ""ל",,,ערק מאלכי קלאסי 700,מיליליטרים,700.00,"100 מ""ל",false,1,59.90,8.56,true,1,
7290013472199,false,ערמונים קלופים וקלויים 105 גרם,,,ערמונים קלופים וקלוי,גרמים,105.00,100 גרם,false,1,7.90,7.52,true,1,
7290013492005,false,תפוחוני אדמה למיקרוגל,,,תפוחוני אדמה למיקרו,גרמים,700.00,100 גרם,false,1,9.90,1.41,true,1,
7290013493002,false,בירה בזלת פילזנר 750 מל,,,בירה בזלת פילזנר 750,מיליליטרים,750.00,"100 מ""ל",false,1,29.90,3.99,true,1,
7290013493026,false,בירה בזלת חיטה 750 מל,,,בירה בזלת חיטה 750 מ,מיליליטרים,750.00,"100 מ""ל",false,1,31.90,4.25,true,1,
7290013493040,false,בירה בזלת דאבל בוק 750 מל,,,בירה בזלת דאבל בוק 7,מיליליטרים,750.00,"100 מ""ל",false,1,32.90,4.39,true,1,
7290013521101,false,פטוציני כוסמין תרד 350 גר,,,פטוציני כוסמין תרד 3,גרמים,350.00,100 גרם,false,1,22.90,6.54,true,1,
7290013521224,false,"ספגטי כוסמת לל""ג אורגני 250 גרם",,,"ספגטי כוסמת לל""ג אור",גרמים,250.00,100 גרם,false,1,14.90,5.96,true,1,
7290013521415,false,אבקת מרק אורגני 20 בטעם עוף 200 גר,,,אבקת מרק אורגני 20 ב,גרמים,200.00,100 גרם,false,1,27.50,13.75,true,1,
7290013521842,false,ציפס תפוח אדמה אפוי 65 גרם,,SK,ציפס תפוח אדמה אפוי,גרמים,65.00,100 גרם,false,1,12.90,19.85,true,1,
7290013531117,false,רוטב לפסטה קידס 260 גר יכין,,,רוטב לפסטה קידס 260,מיליליטרים,260.00,"100 מ""ל",false,1,6.90,2.65,true,1,
7290013531377,false,תורמוס יכין 560 גרם,,,תורמוס יכין 560 גרם,גרמים,560.00,100 גרם,false,1,10.90,1.95,true,1,
7290013531490,false,פול מתובל יכין 560 גרם,,,פול מתובל יכין 560 ג,גרמים,560.00,100 גרם,false,1,10.90,1.95,true,1,
7290013531759,false,שעועית לבנה במים 550 גרם,,,שעועית לבנה במים 550,גרמים,550.00,100 גרם,false,1,10.90,1.98,true,1,
7290013542144,false,כוס נייר 4OZ לאספרס,,CN,כוס נייר 4OZ לאספרס,Unknown,1.00,Unknown,false,1,6.90,6.90,true,1,
7290013542236,false,כוס שתיה קרה 100 יח,,TR,כוס שתיה קרה 100 יח,Unknown,0.00,Unknown,false,1,11.00,11.00,true,1,
7290013542403,false,כוס ניר 2.5oz אספרס,,CN,כוס ניר 2.5oz אספרס,Unknown,1.00,Unknown,false,1,5.90,5.90,true,1,
7290013542434,false,שיפוד במבוק עבה,,CN,שיפוד במבוק עבה,Unknown,0.00,Unknown,false,1,2.90,2.90,true,1,
7290013542526,false,כוס נייר 50 יח לשתיה,,CN,כוס נייר 50 יח לשתיה,Unknown,0.00,Unknown,false,1,10.90,10.90,true,1,
7290013542571,false,תבניות אלומיניום 764,,CN,תבניות אלומיניום 764,Unknown,1.00,Unknown,false,1,10.00,10.00,true,1,
7290013558824,false,תבלין רוקולה /בזיליקום 100 גר,,,תבלין רוקולה /בזיליק,גרמים,100.00,100 גרם,false,1,9.90,9.90,true,1,
7290013558855,false,לבבות קיסר,,,לבבות קיסר,Unknown,0.00,Unknown,false,1,10.90,10.90,true,1,
7290013579232,false,אוכמניות כחולות Shake It 250 גרם,,IL,אוכמניות כחולות Shak,גרמים,250.00,100 גרם,false,1,10.90,4.36,true,1,
7290013579508,false,קוקוס קפוא Shake It 250 גרם,,IL,קוקוס קפוא Shake It,גרמים,250.00,100 גרם,false,1,10.90,4.36,true,1,
7290013579553,false,אלוורה קפואה Shake It 250 גרם,,IL,אלוורה קפואה Shake I,גרמים,250.00,100 גרם,false,1,10.90,4.36,true,1,
7290013580009,false,המבורגר זהב 400 גרם,,,המבורגר זהב 400 גרם,גרמים,400.00,100 גרם,false,1,21.90,5.48,true,1,
7290013585233,false,"ספרייט ZERO פחית סליק 330 מ""ל",,,ספרייט ZERO פחית סלי,מיליליטרים,330.00,"100 מ""ל",false,1,5.40,1.64,true,1,
7290013585257,false,"ספרייט ZERO בקבוק 500 מ""ל",,,ספרייט ZERO בקבוק 50,מיליליטרים,500.00,"100 מ""ל",false,1,8.50,1.70,true,1,
7290013585394,false,קוקה קולה 1 ליטר,,,קוקה קולה 1 ליטר,מיליליטרים,1000.00,"100 מ""ל",false,1,7.50,0.75,true,1,
7290013585967,false,מארז ספרייט זירו 6 * 330 פח Fridge- pack,,,מארז ספרייט זירו 6 *,ליטרים,0.00,ליטר,false,1,24.90,24.90,true,1,
7290013608260,false,מיץ רימונים 100% סחוט טרי פרימור 1 ל,,,מיץ רימונים 100% סחו,מיליליטרים,1000.00,"100 מ""ל",false,1,26.90,2.69,true,1,
7290013650153,false,"תמצית וניל טהורה 50 מ""ל",,US,תמצית וניל טהורה 50,מיליליטרים,1.00,"100 מ""ל",false,1,66.50,6650.00,true,1,
7290013675545,false,שניצל כלי תחבורה 700 גרם,,,שניצל כלי תחבורה 700,גרמים,700.00,100 גרם,false,1,37.90,5.41,true,1,
7290013702883,false,"שוופס מוגז פינק למונייד 500 מ""ל",,,שוופס מוגז פינק למונ,מיליליטרים,500.00,"100 מ""ל",false,1,7.50,1.50,true,1,
7290013713001,false,"בירה גמס אמבר איל 330 מ""ל",,,בירה גמס אמבר איל,מיליליטרים,330.00,"100 מ""ל",false,1,13.90,4.21,true,1,
7290013713025,false,"בירה פילס 330 מ""ל גמס",,,"בירה פילס 330 מ""ל ג",מיליליטרים,330.00,"100 מ""ל",false,1,13.90,4.21,true,1,
7290013713032,false,"בירה בירה גמס חיטה 330 מ""ל",,,בירה בירה גמס חיטה,מיליליטרים,330.00,"100 מ""ל",false,1,13.90,4.21,true,1,
7290013713049,false,"בירה גמס 8.8 איל בלגי מחוזקת 330 מ""ל",,,בירה גמס 8.8 איל בלג,מיליליטרים,330.00,"100 מ""ל",false,1,13.90,4.21,true,1,
7290013713094,false,"בירה I.P.A גמס 330 מ""ל",,,בירה I.P.A גמס 330,מיליליטרים,330.00,"100 מ""ל",false,1,13.90,4.21,true,1,
7290013720313,false,סורימי שרימפס 200 גר,,,סורימי שרימפס 200 גר,גרמים,200.00,100 גרם,false,1,10.40,5.20,true,1,
7290013720436,false,קרפלך בטעם ביתי קפוא 600 גר,,,קרפלך בטעם ביתי קפוא,גרמים,600.00,100 גרם,false,1,20.90,3.48,true,1,
7290013720443,false,קרפלך סבתא עוף קפוא 600 גר,,,קרפלך סבתא עוף קפוא,גרמים,600.00,100 גרם,false,1,29.50,4.92,true,1,
7290013720498,false,פיין שרימפס מבושל 750 גר M,,,פיין שרימפס מבושל,גרמים,750.00,100 גרם,false,1,60.90,8.12,true,1,
7290013720818,false,קלמרי 1 קג קפוא,,,קלמרי 1 קג קפוא,קילוגרמים,0.00,"ק""ג",false,1,92.90,92.90,true,1,
7290013720924,false,ממרח פטה אווז 140 גר,,,ממרח פטה אווז 140 גר,גרמים,140.00,100 גרם,false,1,14.90,10.64,true,1,
7290013724939,false,חמוציות בשוקולד מריר 140 גר שקדיה,,,חמוציות בשוקולד מריר,גרמים,140.00,100 גרם,false,1,12.90,9.21,true,1,
7290013740410,false,מיקס עוגיות רחלי 300 גרם,,IL,מיקס עוגיות רחלי 300,גרמים,300.00,100 גרם,false,1,32.90,10.97,true,1,
7290013740458,false,עוגיות קראנצ פקאן טבעוני 250 גרם,,IL,עוגיות קראנצ פקאן טב,גרמים,250.00,100 גרם,false,1,30.90,12.36,true,1,
7290013746306,false,"כעכים מקמח מלא ללת""ס 300 גרם",,,"כעכים מקמח מלא ללת""ס",גרמים,300.00,100 גרם,false,1,33.50,11.17,true,1,
7290013746368,false,שקדים מכוסמין 300 גרם,,,עוגיות כוסמין שקדים,גרמים,300.00,100 גרם,false,1,33.50,11.17,true,1,
7290013746504,false,מקלוני כוסמין עשבי תיבול 200 גרם,,,מקלוני כוסמין עשבי ת,גרמים,200.00,100 גרם,false,1,24.90,12.45,true,1,
7290013746580,false,שבלולי תמרים מקמח מל,,,שבלולי תמרים מקמח מל,גרמים,300.00,100 גרם,false,1,33.90,11.30,true,1,
7290013764003,false,שיכר לימונדה קלאסית 330 מל,,,שיכר לימונדה קלאסית,מיליליטרים,330.00,"100 מ""ל",false,1,14.90,4.52,true,1,
7290013764041,false,סיידר תפוחים מתוק 330 מל,,,סיידר תפוחים מתוק 33,מיליליטרים,330.00,"100 מ""ל",false,1,14.90,4.52,true,1,
7290013764102,false,סיידר תפוחים מתובל 330 מל,,,סיידר תפוחים מתובל 3,מיליליטרים,330.00,"100 מ""ל",false,1,14.90,4.52,true,1,
7290013764140,false,שיכר לימונדה חמוציות 330 מל,,,שיכר לימונדה חמוציות,מיליליטרים,330.00,"100 מ""ל",false,1,14.90,4.52,true,1,
7290013787392,false,רביולי גבינות 330 גרם,,,רביולי גבינות 330 גר,גרמים,330.00,100 גרם,false,1,28.20,8.55,true,1,
7290013787408,false,רביולי בטטה 330 גרם,,,רביולי בטטה 330 גרם,גרמים,330.00,100 גרם,false,1,28.20,8.55,true,1,
7290013787415,false,רביולי ריקוטה תרד 330 גרם,,,רביולי ריקוטה תרד 33,גרמים,330.00,100 גרם,false,1,28.20,8.55,true,1,
7290013847386,false,ס.ק לייט טונה 4% שומן בטעם טבעי 140 גרם,,,ס.ק לייט טונה 4% שומ,גרמים,140.00,100 גרם,false,1,8.90,6.36,true,1,
7290013847393,false,ס.ק לייט טונה 4% שומן עשבי תיבול 140 גרם,,,ס.ק לייט טונה 4% שומ,גרמים,140.00,100 גרם,false,1,8.90,6.36,true,1,
7290013847409,false,ס.ק לייט טונה 4% שומן לימון ופלפל חריף,,,ס.ק לייט טונה 4% שומ,גרמים,140.00,100 גרם,false,1,8.90,6.36,true,1,
7290013847454,false,טונה סטארקיסט שמן קנולה רביעיות 4*160 גר,,,טונה סטארקיסט שמן קנ,גרמים,640.00,100 גרם,false,1,25.90,4.05,true,1,
7290013847553,false,סטארקיסט טונה רביעייה דלת נתרן מים 4*160,,,סטארקיסט טונה 4*160,גרמים,640.00,100 גרם,false,1,25.90,4.05,true,1,
7290013847812,false,טונה ילופין בשמן זית כתית מעולה 140 גרם,,,טונה ילופין בשמן זית,גרמים,140.00,100 גרם,false,1,11.40,8.14,true,1,
7290013847867,false,מארז זוגות טונה בשמן סויה 2* 140 גר,,,טונה סטארקיסט בשמן ס,גרמים,280.00,100 גרם,false,1,13.90,4.96,true,1,
7290013848017,false,"סנו נירוסטה מתז 500 מ""ל",,,סנו נירוסטה מתז,מיליליטרים,500.00,"100 מ""ל",false,1,20.00,4.00,true,1,
7290013848383,false,"קרמה מן גל רחצה אקטיב בלוק 700 מ""ל",,,קרמה מן גל רחצה אקטי,מיליליטרים,700.00,"100 מ""ל",false,1,21.90,3.13,true,1,
7290013848581,false,סנו סושי מגבות נייר בגליל ענק,,,סנו סושי מגבות נייר,Unknown,0.00,Unknown,false,1,13.90,13.90,true,1,
7290013848611,false,סנו סושי רדיד אלומיניום 61 מטר,,,סנו סושי רדיד אלומינ,מטרים,61.00,מטר,false,1,46.90,0.77,true,1,
7290013848727,false,מכ.אוטומטי+מילוי פלוראל הרמוני סנופרש250,,,מכ.אוטומטי+מילוי פלו,מיליליטרים,250.00,"100 מ""ל",false,1,48.50,19.40,true,1,
7290013848758,false,סנו מקסימה גל כביסה בייבי סנסטיב 3ל,,,סנו מקסימה גל כביסה,ליטרים,0.00,ליטר,false,1,41.90,41.90,true,1,
7290013861412,false,המתוקים של ששון קוקוס 250 גרם,,,המתוקים של ששון קוקו,גרמים,250.00,100 גרם,false,1,14.00,5.60,true,1,
7290013861429,false,המתוקים של ששון שומשום 250 גרם,,,המתוקים של ששון שומש,גרמים,250.00,100 גרם,false,1,14.00,5.60,true,1,
7290013903044,false,רסק תפוחי עץ אורגני 452 גרם,,,רסק תפוחי עץ אורגני,גרמים,452.00,100 גרם,false,1,17.90,3.96,true,1,
7290013903150,false,קוביות מנגו אורגני ליב 300 גרם,,RS,קוביות מנגו אורגני ל,גרמים,300.00,100 גרם,false,1,26.50,8.83,true,1,
7290013903167,false,תערובת פירות אקזוטיים אורגניים ליב 300 ג,,RS,תערובת פירות אקזוטיי,גרמים,300.00,100 גרם,false,1,26.50,8.83,true,1,
7290013903266,false,תערובת פירות יער אורגני מוקפא 300 גר,,RS,תערובת פירות יער אור,גרמים,300.00,100 גרם,false,1,26.50,8.83,true,1,
7290013903273,false,אדממה אורגני קפוא 400 גר,,CN,אדממה אורגני קפוא 40,גרמים,400.00,100 גרם,false,1,13.20,3.30,true,1,
7290013903310,false,טופו אורגני 2 יח 500 גר,,IL,טופו אורגני 2 יח 500,גרמים,500.00,100 גרם,false,1,20.90,4.18,true,1,
7290013903327,false,טופו טבעי 2 יח 500 גר,,IL,טופו טבעי 2 יח 500 ג,גרמים,500.00,100 גרם,false,1,18.80,3.76,true,1,
7290013903389,false,שעועית ירוקה קפואה אורגני 500 גרם,קינגסור,CN,שעועית ירוקה קפואה א,גרמים,500.00,100 גרם,false,1,15.90,3.18,true,1,
7290013903396,false,גרעיני תירס מתוקים קפואים אורגני 500 גרם,קינגסור,CN,גרעיני תירס מתוקים ק,גרמים,500.00,100 גרם,false,1,15.90,3.18,true,1,
7290013903464,false,פולי סויה קלופים מוקפאים אורגני 500 גרם,קינגסור,CN,פולי סויה קלופים מוק,גרמים,500.00,100 גרם,false,1,16.70,3.34,true,1,
7290013903808,false,קציצות קינואה עם חמוציות טבעוני 400 גרם,,IL,קציצות קינואה עם חמו,גרמים,400.00,100 גרם,false,1,27.20,6.80,true,1,
7290013903815,false,קציצות בטטה טבעוני 400 גרם,,IL,קציצות בטטה טבעוני 4,גרמים,400.00,100 גרם,false,1,27.20,6.80,true,1,
7290013903822,false,קציצות כרובית וברוקולי טבעוני 400 גרם,,IL,קציצות כרובית וברוקו,גרמים,400.00,100 גרם,false,1,27.20,6.80,true,1,
7290013906052,false,נקניקיות פרגיות 300 גרםטירת צבי,,,נקניקיות פרגיות,גרמים,300.00,100 גרם,false,1,14.90,4.97,true,1,
7290013906205,false,פסטרמה שום וצילי 400 גרםטירת צבי,,,פסטרמה שום וצילי,גרמים,400.00,100 גרם,false,1,27.90,6.98,true,1,
7290013906441,false,קבנוס טירת צבי 120 גר,,,קבנוס טירת צבי 120 ג,גרמים,120.00,100 גרם,false,1,11.90,9.92,true,1,
7290013906489,false,חטיפי קבנוס טירת צבי 120 גר,,,חטיפי קבנוס טירת צבי,גרמים,120.00,100 גרם,false,1,12.90,10.75,true,1,
7290013906496,false,פסטרמה עגל בסגנון רומני טירת צבי 120 גר,,,פסטרמה עגל בסגנון רו,גרמים,120.00,100 גרם,false,1,19.90,16.58,true,1,
7290013906519,false,פרושוטו בקר טירת צבי 100 גר,,,פרושוטו בקר טירת צבי,גרמים,100.00,100 גרם,false,1,34.90,34.90,true,1,
7290013994042,false,זרעי פשתן אורגני 300 גר,,,זרעי פשתן אורגני 300,גרמים,300.00,100 גרם,false,1,9.90,3.30,true,1,
7290013994318,false,קינואה טריקולור אורגנית 500 גר,,,קינואה טריקולור אורג,גרמים,500.00,100 גרם,false,1,19.90,3.98,true,1,
7290013994547,false,אורז בסמטי חום אורגני 500 גר,,,אורז בסמטי חום,גרמים,500.00,100 גרם,false,1,12.90,2.58,true,1,
7290013994554,false,אורז בסמטי לבן אורגני 500 גר,,,אורז בסמטי לבן אורגנ,גרמים,500.00,100 גרם,false,1,12.90,2.58,true,1,
7290013994585,false,גרעיני דלעת קלופים אורגנים 300 גר הרדוף,,,גרעיני דלעת קלופים א,גרמים,300.00,100 גרם,false,1,18.90,6.30,true,1,
7290013994653,false,קינואה אורגני 500 גר הרדוף,,,קינואה אורגני 500 גר,גרמים,500.00,100 גרם,false,1,16.90,3.38,true,1,
7290013994677,false,עדשים שחורות אורגניות 500 גר,,,עדשים שחורות אורגניו,גרמים,500.00,100 גרם,false,1,15.90,3.18,true,1,
7290013994684,false,אפונה ירוקה חצויה אורגנית 500 גר,,,אפונה ירוקה חצויה או,גרמים,500.00,100 גרם,false,1,11.90,2.38,true,1,
7290013994912,false,"קמח כוסמין 70% אורגני הרדוף 1 ק""ג",,,קמח כוסמין 70% אורגנ,גרמים,1000.00,100 גרם,false,1,22.90,2.29,true,1,
7290014002135,false,תה ירוק ויסוצקי מיקס 25 שקיקים,,,תה ירוק ויסוצקי מיקס,Unknown,0.00,Unknown,false,1,26.90,26.90,true,1,
7290014002203,false,חליטת קמומיל ולואיזה 25 שק הגן הקסום,,,חליטת קמומיל ולואיזה,Unknown,0.00,Unknown,false,1,19.90,19.90,true,1,
7290014002944,false,גן קסום חליטת םירות וצמחים חמדת שקד 25 ש,,,גן קסום חליטת םירות,Unknown,0.00,Unknown,false,1,19.90,19.90,true,1,
7290014056008,false,"בירה שפירא פייל אייל 330 מ""ל",,IL,בירה שפירא פייל אייל,מיליליטרים,330.00,"100 מ""ל",false,1,16.90,5.12,true,1,
7290014056015,false,"בירה שפירא סטאוט 330 מ""ל",,IL,בירה שפירא סטאוט 330,מיליליטרים,330.00,"100 מ""ל",false,1,16.90,5.12,true,1,
7290014056039,false,"בירה שפירא חיטה 330 מ""ל",,IL,בירה שפירא חיטה 330,מיליליטרים,330.00,"100 מ""ל",false,1,16.90,5.12,true,1,
7290014056046,false,"בירה שפירא לאגר 330 מ""ל",,IL,בירה שפירא לאגר 330,מיליליטרים,330.00,"100 מ""ל",false,1,16.90,5.12,true,1,
7290014056053,false,"בירה שפירא אי פי אי 330 מ""ל",,IL,בירה שפירא אי פי אי,מיליליטרים,330.00,"100 מ""ל",false,1,16.90,5.12,true,1,
7290014066373,false,לנדוור קפסולות אספרסו קלאסיק 10 יח,,,לנדוור קפסולות אספרס,Unknown,0.00,Unknown,false,1,17.90,17.90,true,1,
7290014066380,false,לנדוור קפסולות אספרסו סופרימו 10 יח,,,לנדוור קפסולות אספרס,Unknown,0.00,Unknown,false,1,17.90,17.90,true,1,
7290014066441,false,לנדוור קפסולות אספרסו נטול קפאין 10 יח,,,לנדוור קפסולות אספרס,Unknown,0.00,Unknown,false,1,17.90,17.90,true,1,
7290014066526,false,לנדוור קפסולות אספרסו תערובת הבית 10 יח,,,לנדוור קפסולות אספרס,Unknown,0.00,Unknown,false,1,17.90,17.90,true,1,
7290014066533,false,לנדוור קפסולות אספרסו קלייה כפולה 10 יח,,,לנדוור קפסולות אספרס,Unknown,0.00,Unknown,false,1,17.90,17.90,true,1,
7290014079014,false,לבבות קיסר,,,לבבות קיסר,Unknown,0.00,Unknown,false,1,12.90,12.90,true,1,
7290014079236,false,פטריות פורטבלו,,,פטריות פורטבלו,Unknown,0.00,Unknown,false,1,14.90,14.90,true,1,
7290014094338,false,דלעת מקולפת 250 גר,,,דלעת מקולפת 250 גר,גרמים,250.00,100 גרם,false,1,25.50,10.20,true,1,
7290014094345,false,חמניה מקולפת 300 גר,,,חמניה מקולפת 300 גר,גרמים,300.00,100 גרם,false,1,13.80,4.60,true,1,
7290014094352,false,אגוזי מלך 200 גר,,,אגוזי מלך 200 גר,גרמים,200.00,100 גרם,false,1,16.90,8.45,true,1,
7290014094369,false,שקד טבעי 200 גר קופסא ששון הקולה,,,שקד טבעי 200 גר קופ,גרמים,200.00,100 גרם,false,1,23.90,11.95,true,1,
7290014094376,false,שזיפים ללא גלעין 330 גר,,,שזיפים ללא גלעין 330,גרמים,330.00,100 גרם,false,1,24.00,7.27,true,1,
7290014094383,false,משמש 330 גר,,,משמש 330 גר,גרמים,330.00,100 גרם,false,1,28.90,8.76,true,1,
7290014094390,false,חמוציות 330 גר,,,חמוציות 330 גר,גרמים,330.00,100 גרם,false,1,17.10,5.18,true,1,
7290014094406,false,צימוק לבן 330 גר,,,צימוק לבן 330 גר,גרמים,330.00,100 גרם,false,1,18.90,5.73,true,1,
7290014094482,false,רוטב צילי חריף 700 גרם אהרוני,,,רוטב צילי חריף 700 ג,גרמים,700.00,100 גרם,false,1,15.20,2.17,true,1,
7290014094505,false,אורז בסמטי טהור 1 קג אהרוני,,,"אורז בסמטי טהור 1 ק""",גרמים,1000.00,100 גרם,false,1,11.90,1.19,true,1,
7290014094529,false,"רוטב סויה 300 מ""ל אהרוני",,,"רוטב סויה 300 מ""ל אה",מיליליטרים,300.00,"100 מ""ל",false,1,13.10,4.37,true,1,
7290014094611,false,שקד מולבן פרוס 200 גר,,,שקד מולבן פרוס 200 ג,גרמים,200.00,100 גרם,false,1,31.90,15.95,true,1,
7290014094628,false,פקאן טבעי 200 גר,,,פקאן טבעי 200 גר,גרמים,200.00,100 גרם,false,1,32.50,16.25,true,1,
7290014094642,false,קשיו טבעי גדול 250 גר,,,קשיו טבעי גדול 250 ג,גרמים,250.00,100 גרם,false,1,30.90,12.36,true,1,
7290014094659,false,בונדוק טבעי 250 גר,,,בונדוק טבעי 250 גר,גרמים,250.00,100 גרם,false,1,33.50,13.40,true,1,
7290014094796,false,משמש מיובש 300 גרם ששון הקולה,,,משמש מיובש 300 גרם ש,גרמים,300.00,100 גרם,false,1,21.90,7.30,true,1,
7290014094826,false,שזיפים מיובשים ללא גלעין 300 ששון הקולה,,,שזיפים מיובשים ללא ג,גרמים,300.00,100 גרם,false,1,18.60,6.20,true,1,
7290014094833,false,צימוק בהיר 300 גרם ששון הקולה,,,צימוק בהיר 300 גרם ש,גרמים,300.00,100 גרם,false,1,15.30,5.10,true,1,
7290014094840,false,צימוק כהה 300 גרם ששון הקולה,,,צימוק כהה 300 גרם שש,גרמים,300.00,100 גרם,false,1,12.90,4.30,true,1,
7290014094857,false,פקאן סיני מסוכר 150 גרם ששון הקולה,,,פקאן סיני מסוכר 150,גרמים,150.00,100 גרם,false,1,23.00,15.33,true,1,
7290014094864,false,פיסטוק קלוי 170 גר עם קליפה ששון הקולה,,,פיסטוק קלוי 170 גר,גרמים,170.00,100 גרם,false,1,19.90,11.71,true,1,
7290014094895,false,אגוזים מלך קלופים 150 גרם ששון הקולה,,,אגוזים מלך קלופים 15,גרמים,150.00,100 גרם,false,1,13.90,9.27,true,1,
7290014094901,false,פקאן טבעי 150 גרם ששון הקולה,,,פקאן טבעי 150 גרם שש,גרמים,150.00,100 גרם,false,1,24.50,16.33,true,1,
7290014095861,false,שיבולת שועל דקה 500 גרם קוואקר,,,שיבולת שועל דקה 500,גרמים,500.00,100 גרם,false,1,7.90,1.58,true,1,
7290014218932,false,חטיפי פיצה זיתים 710 גר,,IL,חטיפי פיצה זיתים,גרמים,710.00,100 גרם,false,1,37.90,5.34,true,1,
7290014256231,false,"יין 4 וואטס אדום יקבי כרמל 750 מ""ל",,,יין 4 וואטס אדום יק,Unknown,0.00,Unknown,false,1,62.90,62.90,true,1,
7290014265066,false,יין הר עמשא לבן יתיר 750 מל,,,יין הר עמשא לבן יתיר,Unknown,0.00,Unknown,false,1,115.90,115.90,true,1,
7290014265950,false,"יין פטי ורדו 2019 750 מ""ל יקב יתיר",,,יין פטי ורדו 2019 75,Unknown,0.00,Unknown,false,1,159.90,159.90,true,1,
7290014318090,false,מיני ניוקי ללא גלוטן 500 גרם,,,מיני ניוקי ללא גלוטן,גרמים,500.00,100 גרם,false,1,22.90,4.58,true,1,
7290014318113,false,"ניוקי תפו""א ללא גלוטן 500 גרם",,,ניוקי תפוא ללא גלוטן,גרמים,500.00,100 גרם,false,1,22.90,4.58,true,1,
7290014318175,false,ממרח פסטו אדום עגבניות 190 גרם BELL,,,ממרח פסטו אדום עגבני,גרמים,190.00,100 גרם,false,1,22.00,11.58,true,1,
7290014318243,false,פולנטה איטלקית עדינה בווקום 1 קג,,,פולנטה איטלקית עדינה,קילוגרמים,0.00,"ק""ג",false,1,15.00,15.00,true,1,
7290014318267,false,"שמן כמהין לבן כשר 250 מ""ל",,,שמן כמהין לבן כשר 25,מיליליטרים,250.00,"100 מ""ל",false,1,94.50,37.80,true,1,
7290014318311,false,עגבניות פולפה שלישיות 400*3,,,עגבניות פולפה,קילוגרמים,0.00,"ק""ג",false,1,19.80,19.80,true,1,
7290014318595,false,טחינה אתיופית לבנה 380 גרם,,,טחינה אתיופית לבנה 3,גרמים,380.00,100 גרם,false,1,21.90,5.76,true,1,
7290014318878,false,"מיץ תפוח וגינגר אורגני 750 מ""ל",,IT,מיץ תפוח וגינגר אורג,מיליליטרים,750.00,"100 מ""ל",false,1,20.90,2.79,true,1,
7290014318885,false,"מיץ תפוח ואוכמניות כחולות אורגני 750 מ""ל",,IT,מיץ תפוח ואוכמניות כ,מיליליטרים,750.00,"100 מ""ל",false,1,20.90,2.79,true,1,
7290014397279,false,סנו סושי שקיות מזון XL 300 יח,,,סנו סושי שקיות מזון,Unknown,0.00,Unknown,false,1,14.90,14.90,true,1,
7290014397705,false,סנו פוליויקס פרקט בניחוח רענן 2 ליטר,,,סנו פוליויקס פרקט בנ,ליטרים,0.00,ליטר,false,1,25.50,25.50,true,1,
7290014397958,false,סנו די רול און דוחה יתושים ממקור טבעי 50,,,סנו די רול און דוחה,מיליליטרים,50.00,"100 מ""ל",false,1,22.90,45.80,true,1,
7290014435704,false,סלמון מעושן 100 גר,,,סלמון מעושן 100 גר,גרמים,100.00,100 גרם,false,1,25.90,25.90,true,1,
7290014435841,false,פילה מטיאס הולנדי בשמן 200 גר,,,פילה מטיאס הולנדי בש,גרמים,200.00,100 גרם,false,1,23.00,11.50,true,1,
7290014435889,false,סלט מטיאס עם מיונז 200 גר,,,סלט מטיאס עם מיונז 2,גרמים,200.00,100 גרם,false,1,21.90,10.95,true,1,
7290014440081,false,"יין מדבר אדום דרומי 750 מ""ל",,,יין מדבר אדום דרומי,Unknown,0.00,Unknown,false,1,73.90,73.90,true,1,
7290014440463,false,"יין מדבר שרדונה סדרה 22 750 מ""ל",,IL,יין מדבר שרדונה סדר,מיליליטרים,750.00,"100 מ""ל",false,1,52.90,7.05,true,1,
7290014440470,false,"יין מדבר סוביניון בלאן סדרה 22 750 מ""ל",,IL,יין מדבר סוביניון בל,מיליליטרים,750.00,"100 מ""ל",false,1,52.90,7.05,true,1,
7290014440487,false,"יקב מדבר סדרה 22 סוביניון 750 מ""ל",,IL,יקב מדבר סדרה 22 סוב,מיליליטרים,750.00,"100 מ""ל",false,1,52.90,7.05,true,1,
7290014440494,false,"יין מדבר רוזה סדרה 22 750 מ""ל",,IL,יין מדבר רוזה סדרה,מיליליטרים,750.00,"100 מ""ל",false,1,52.90,7.05,true,1,
7290014440548,false,"יקב מדבר סדרה 22 קברנה פרנק 750 מ""ל",,IL,יקב מדבר סדרה 22 קבר,מיליליטרים,750.00,"100 מ""ל",false,1,52.90,7.05,true,1,
7290014440807,false,"יין מדבר קברנה סוביניון סדרה 22 750 מ""ל",,IL,יין מדבר קברנה סובינ,מיליליטרים,750.00,"100 מ""ל",false,1,54.90,7.32,true,1,
7290014440883,false,"יין מדבר קברנה סוביניון 2017 750 מ""ל",,,יין מדבר קברנה סובינ,Unknown,0.00,Unknown,false,1,73.90,73.90,true,1,
7290014440890,false,"יין מדבר קברנה מרלו 750 מ""ל",,,יין מדבר קברנה מרלו,Unknown,0.00,Unknown,false,1,76.90,76.90,true,1,
7290014455252,false,גבינה גרנהפדנו מגורד 100 גר,,,גבינה גרנה פדנו,גרמים,100.00,100 גרם,false,1,13.90,13.90,true,1,
7290014455320,false,כדור מוצרלה פרסקה 100 גר,,,כדור מוצרלה פרסקה 10,גרמים,100.00,100 גרם,false,1,10.20,10.20,true,1,
7290014455467,false,מעדן שיבולת שועל וחלב 2% 150 גר,,,מעדן שיבולת שועל וחל,גרמים,150.00,100 גרם,false,1,6.20,4.13,true,1,
7290014459373,false,תפוגן ציפס קראנצי לתנור 1.5 קג,,,תפוגן ציפס קראנצי לת,קילוגרמים,0.00,"ק""ג",false,1,31.50,31.50,true,1,
7290014459472,false,ציפס תפוגן קלאסי 2 קג,,IL,ציפס תפוגן קלאסי 2 ק,קילוגרמים,0.00,"ק""ג",false,1,35.90,35.90,true,1,
7290014459632,false,ציפס טוגן תפוגן 1.5 קג,,IL,ציפס טוגן תפוגן 1.5,קילוגרמים,0.00,"ק""ג",false,1,23.00,23.00,true,1,
7290014466463,false,יין הר מוסקטו 750 מל,,,"יין הר מוסקטו 750 מ""",Unknown,0.00,Unknown,false,1,40.90,40.90,true,1,
7290014466890,false,"יין גמלא השמורה קברנה מרלו 2020 750 מ""ל",,,יין גמלא השמורה קברנ,Unknown,0.00,Unknown,false,1,69.90,69.90,true,1,
7290014471412,false,"מוזלי בוטנים אגוז ושקד 1 ק""ג ירוק שקדיה",,,מוזלי בוטנים אגוז וש,גרמים,1000.00,100 גרם,false,1,22.90,2.29,true,1,
7290014471443,false,"גרנולה צימוקים אגוז שקד 1 ק""ג כתום שקדיה",,,גרנולה צימוקים אגוז,גרמים,1000.00,100 גרם,false,1,22.90,2.29,true,1,
7290014472136,false,גרעין שחור קלוי 150 ג ששון הקולה,,,גרעין שחור קלוי 150,גרמים,150.00,100 גרם,false,1,5.30,3.53,true,1,
7290014472228,false,תאנים 330 גר,,,תאנים 330 גר,גרמים,330.00,100 גרם,false,1,25.20,7.64,true,1,
7290014472235,false,פקאן סיני מסוכר 200 גר,,,פקאן סיני מסוכר 200,גרמים,200.00,100 גרם,false,1,30.90,15.45,true,1,
7290014472471,false,גרעינים שחור ענק 200 גר פרימיום,,,גרעיני חמניה קלויים,גרמים,200.00,100 גרם,false,1,7.90,3.95,true,1,
7290014472488,false,שקד קלוי ענק 250 גרם פרימיום ששון הקולה,,,שקד קלוי ענק 250 גרם,גרמים,250.00,100 גרם,false,1,24.90,9.96,true,1,
7290014472495,false,קשיו קלוי ענק 250 גר פרימיום ששון הקולה,,,קשיו קלוי ענק 250 גר,גרמים,250.00,100 גרם,false,1,22.90,9.16,true,1,
7290014472501,false,פיסטוק קלוי ענק 250 ג פרימיום ששון הקולה,,,פיסטוק קלוי ענק 250,גרמים,250.00,100 גרם,false,1,24.90,9.96,true,1,
7290014472518,false,בוטן קלוי ענק 250 גר פרימיום ששון הקולה,,,בוטן קלוי ענק 250 גר,גרמים,250.00,100 גרם,false,1,12.90,5.16,true,1,
7290014472525,false,תערובת מובחרת 250 גר פרימיום ששון הקולה,,,תערובת מובחרת 250 גר,גרמים,250.00,100 גרם,false,1,24.90,9.96,true,1,
7290014472990,false,ממרח 100% שקדים 300 גרם,,,ממרח 100% שקדים 300,גרמים,300.00,100 גרם,false,1,41.90,13.97,true,1,
7290014503137,false,"יין כנען אדום דלתון 750 מ""ל",,,יין כנען אדום דלתון,Unknown,0.00,Unknown,false,1,44.90,44.90,true,1,
7290014503144,false,יין כנען לבן דלתון 750 מל,,,יין כנען לבן דלתון 7,Unknown,0.00,Unknown,false,1,44.90,44.90,true,1,
7290014525290,false,חטיף מרבה סלים דליס קריספי תות 125 גר,,,חטיף מרבה סלים דליס,גרמים,125.00,100 גרם,false,1,12.90,10.32,true,1,
7290014525306,false,חטיף מרבה סלים דליס קריספי אוכמניות 125,,,חטיף מרבה סלים דליס,גרמים,125.00,100 גרם,false,1,12.90,10.32,true,1,
7290014525313,false,חטיף מרבה סלים דליס קריספי שוקולד 125 ג,,,חטיף מרבה סלים דליס,גרמים,125.00,100 גרם,false,1,12.90,10.32,true,1,
7290014673007,false,תערובת עשבי תיבול ים תיכוני 40 גרם,,IL,תערובת עשבי תיבול ים,גרמים,40.00,100 גרם,false,1,11.90,29.75,true,1,
7290014673014,false,פלפל אנגלי שלם 90 גרם,,,פלפל אנגלי שלם 90 גר,Unknown,0.00,Unknown,false,1,16.40,16.40,true,1,
7290014673021,false,פלפל שחור שלם 100 גרם,,,פלפל שחור שלם 100 גר,גרמים,100.00,100 גרם,false,1,16.40,16.40,true,1,
7290014673038,false,תערובת עשבי תיבול טוסקנה 120 גרם,,IL,תערובת עשבי תיבול טו,גרמים,120.00,100 גרם,false,1,11.90,9.92,true,1,
7290014673045,false,תערובת עשבי תיבול לציפס 100 גרם,,IL,תערובת עשבי תיבול לצ,גרמים,100.00,100 גרם,false,1,11.90,11.90,true,1,
7290014673052,false,תערובת עשבי תיבול לתפוחי אדמה 120 גרם,,IL,תערובת עשבי תיבול לת,גרמים,120.00,100 גרם,false,1,11.90,9.92,true,1,
7290014673106,false,פפריקה אדומה גרוסה בשמן 400 גם,,IL,פפריקה אדומה גרוסה ב,גרמים,400.00,100 גרם,false,1,22.90,5.73,true,1,
7290014673137,false,תערובת עשבי תיבול לפיצה 100 גרם,,IL,תערובת עשבי תיבול לפ,גרמים,100.00,100 גרם,false,1,11.90,11.90,true,1,
7290014673366,false,כורכום טחון 250 גרם,,,כורכום טחון 250 גרם,גרמים,250.00,100 גרם,false,1,23.90,9.56,true,1,
7290014673397,false,תיבול לגריל עוף 250 גרם,,,תיבול לגריל עוף 250,גרמים,250.00,100 גרם,false,1,23.90,9.56,true,1,
7290014673410,false,פלפל שחור גרוס דק 250 גרם,,,פלפל שחור גרוס דק 25,גרמים,250.00,100 גרם,false,1,31.90,12.76,true,1,
7290014673434,false,פלפל שחור גרוס דק 50 גרם שקית,,,פלפל שחור גרוס 80 גר,Unknown,0.00,Unknown,false,1,10.40,10.40,true,1,
7290014673618,false,תבלינים זנגביל בצנצנת 30 גרם,,,תבלינים זנגביל בצנצנ,Unknown,0.00,Unknown,false,1,12.90,12.90,true,1,
7290014674004,false,קריספ מלח ים ושומשום 300 גרם,,IL,קריספ מלח ים ושומשום,גרמים,300.00,100 גרם,false,0,8.90,2.97,true,1,
7290014692299,false,גבינת ברי 125 גר,,,גבינת ברי 125 גר,גרמים,125.00,100 גרם,false,1,21.90,17.52,true,1,
7290014692749,false,"שמן זית כתית מעולה 750 מ""ל",,ES,שמן זית כתית מעולה 7,מיליליטרים,750.00,"100 מ""ל",false,1,34.90,4.65,true,1,
7290014692817,false,גבינת מוצרלה מגורדת 200 גרם,,IL,גבינת מוצרלה מגורדת,גרמים,200.00,100 גרם,false,1,15.40,7.70,true,1,
7290014749245,false,צונגו רצועות שניצל שומשום 600 גרם,,,צונגו רצועות שניצל ש,גרמים,600.00,100 גרם,false,1,39.90,6.65,true,1,
7290014749764,false,עוף טוב שניצל עוף ביתי עדין 700 גרם,,,עוף טוב שניצל עוף בי,גרמים,700.00,100 גרם,false,1,47.90,6.84,true,1,
7290014749887,false,שניצל דק ענק קריספ קלאסי 720 גרם,,,שניצל דק ענק קריספ ק,גרמים,720.00,100 גרם,false,1,36.90,5.13,true,1,
7290014758100,false,שמיניית מאגדת BIO יוגורט 3% 150 גרם,,,שמיניית מאגדת BIO,גרמים,150.00,100 גרם,false,1,17.20,11.47,true,1,
7290014758117,false,שמיניית יוגורט ביו 1.5% 150 גרם,,,שמיניית יוגורט ביו,קילוגרמים,0.00,"ק""ג",false,1,18.10,18.10,true,1,
7290014758162,false,חלב עיזים מלא 3.6% שומן 1 ליטר,,,חלב עיזים מלא 3.6% ש,מיליליטרים,1000.00,"100 מ""ל",false,1,16.90,1.69,true,1,
7290014758681,false,קוטג תנובה 1% 250 גרם,,,קוטג תנובה 1% 250 גר,גרמים,250.00,100 גרם,false,1,5.70,2.28,true,1,
7290014759084,false,נפוליאון מופחת שומן 16% 225 גר,,,נפוליאון מופחת שומן,גרמים,225.00,100 גרם,false,1,15.00,6.67,true,1,
7290014759909,false,גבינה פטה עזים פיראוס 5% 250 גרם,,,גבינה פטה עזים פיראו,גרמים,250.00,100 גרם,false,1,30.50,12.20,true,1,
7290014759978,false,קולאז קשקבל גלעד פלח 200 גר,,,קולאז קשקבל גלעד פלח,גרמים,200.00,100 גרם,false,1,30.90,15.45,true,1,
7290014759985,false,קולאז פרמזן גבע פלח 200 גר,,,קולאז פרמזן גבע פלח,גרמים,200.00,100 גרם,false,1,27.80,13.90,true,1,
7290014759992,false,קולאז רוקפור גליל פלח 140 גר,,,קולאז רוקפור גליל פל,גרמים,140.00,100 גרם,false,1,20.40,14.57,true,1,
7290014760134,false,מעדן סויה וניל 125 גר,,,מעדן סויה וניל,גרמים,125.00,100 גרם,false,1,4.70,3.76,true,1,
7290014760448,false,מאגדת גלבוע 22% 400 גר,,,גלבוע פרוס 22% 400 ג,גרמים,400.00,100 גרם,false,1,27.00,6.75,true,1,
7290014760912,false,מאגדת גוש חלב 28% 400 גר,,,מאגדת גוש חלב 28%,גרמים,400.00,100 גרם,false,1,28.10,7.03,true,1,
7290014761056,false,יולו שוקולד חלב מעולה 123 גר,,,יולו שוקולד חלב,גרמים,123.00,100 גרם,false,1,5.00,4.07,true,1,
7290014761063,false,יולו שוקולד מריר מעולה 123 גר,,,יולו שוקולד מריר,גרמים,123.00,100 גרם,false,1,5.00,4.07,true,1,
7290014761070,false,YOLO שוקולד לבן מעולה 123 ג,,,YOLO שוקולד לבן מעול,גרמים,123.00,100 גרם,false,1,5.00,4.07,true,1,
7290014761414,false,יולו מעדן שכבות שוקולד חלב ולבן 123 גר,,,יולו מעדן שכבות,גרמים,123.00,100 גרם,false,1,5.00,4.07,true,1,
7290014761612,false,YOLO מעדן שכבות שוקולד מריר ולבן 123 גר,,,YOLO מעדן שכבות שוקו,גרמים,123.00,100 גרם,false,1,5.00,4.07,true,1,
7290014762800,false,מעדן סויה שוקולד 125 גר,,,מעדן סויה שוקולד 125,גרמים,125.00,100 גרם,false,1,5.10,4.08,true,1,
7290014762831,false,גבינת שמנת נפוליאו 25% חלפיניו 225 גר,,,גבינת שמנת נפוליאו 2,גרמים,225.00,100 גרם,false,1,15.00,6.67,true,1,
7290014762848,false,פתיתי גלבוע 22% 500 גר,,,פתיתי גלבוע 22% 500,גרמים,500.00,100 גרם,false,1,38.50,7.70,true,1,
7290014762909,false,פתיתי מוצרלה 200 גר,,IL,פתיתי מוצרלה השף הלב,גרמים,220.00,100 גרם,false,1,18.50,8.41,true,1,
7290014789913,false,מארז עוגיות אוראו עם קרם וניל 3*176 גרם,,,מארז עוגיות אוראו עם,גרמים,528.00,100 גרם,false,1,25.10,4.75,true,1,
7290014803237,false,ערמונים קלופים וקלויים 100 גרם,,,ערמונים קלופים וקלוי,גרמים,100.00,100 גרם,false,1,8.00,8.00,true,1,
7290014803565,false,צנימים עגולים עם חיטה מלאה 300 גרם,,,צנימים עגולים עם חיט,גרמים,300.00,100 גרם,false,1,12.90,4.30,true,1,
7290014860070,false,"מקלות אורז ללא גלוטן 5 מ""מ 454 גרם",,,מקלות אורז ללא גלוטן,גרמים,454.00,100 גרם,false,1,11.90,2.62,true,1,
7290014860094,false,"מקלות אורז ללא גלוטן 3 מ""מ 454 גרם",,,מקלות אורז ללא גלוטן,גרמים,454.00,100 גרם,false,1,11.90,2.62,true,1,
7290014860155,false,"מחצלת במבו שטוחה 24*24 ס""מ",,,מחצלת במבו שטוחה 24*,Unknown,0.00,Unknown,false,1,9.90,9.90,true,1,
7290014860247,false,שבבי אורז מרובעים ללא גלוטן 227 גרם,,,שבבי אורז מרובעים לל,גרמים,227.00,100 גרם,false,1,11.40,5.02,true,1,
7290014890145,false,שמנת טבעית 25% 225 גר,,,שמנת טבעית 25% 225 ג,גרמים,225.00,100 גרם,false,1,12.00,5.33,true,1,
7290014890152,false,שמנת זיתים 25% 225 גר,,,שמנת זיתים 25% 225 ג,גרמים,225.00,100 גרם,false,1,12.00,5.33,true,1,
7290014890176,false,גבינת ריקוטה 250 גרם,,IL,גבינת ריקוטה 250 גרם,גרמים,250.00,100 גרם,false,1,12.90,5.16,true,1,
7290014890206,false,קרם פרש 250 גר,,IL,קרם פרש 250 גר,גרמים,250.00,100 גרם,false,1,16.50,6.60,true,1,
7290014905689,false,"הפי נוזל כלים ירוק תפוח 750 מ""ל",,,הפי נוזל כלים ירוק ת,מיליליטרים,750.00,"100 מ""ל",false,1,12.50,1.67,true,1,
7290014910461,false,"ערק יודה 700 מ""ל",,IL,"ערק יודה 700 מ""ל",מיליליטרים,700.00,"100 מ""ל",false,1,62.90,8.99,true,1,
7290014931008,false,פטרוזליה,,,פטרוזליה,יחידה,1.00,יחידה,false,1,7.90,7.90,true,1,
7290014931015,false,כוסברה,,,כוסברה,יחידה,1.00,יחידה,false,1,7.90,7.90,true,1,
7290014931053,false,בזילקום,,,בזילקום,יחידה,1.00,יחידה,false,1,7.90,7.90,true,1,
7290014931077,false,עירית,,,עירית,יחידה,1.00,יחידה,false,1,7.90,7.90,true,1,
7290014931084,false,אורגנו,,,אורגנו,קילוגרמים,0.00,"ק""ג",false,1,7.90,7.90,true,1,
7290014931091,false,קורנית / אורגנו,,,קורנית / אורגנו,יחידה,1.00,יחידה,false,1,7.90,7.90,true,1,
7290014931107,false,מנטה,,,מנטה,יחידה,1.00,יחידה,false,1,7.90,7.90,true,1,
7290014931176,false,עלי רומית,,,עלי רומית,Unknown,0.00,Unknown,false,1,12.90,12.90,true,1,
7290014931190,false,פאקצוי,,,פאקצוי,Unknown,0.00,Unknown,false,1,12.90,12.90,true,1,
7290014931206,false,גרגיר הנחל,,,גרגיר הנחל,Unknown,0.00,Unknown,false,1,12.90,12.90,true,1,
7290014947580,false,אבקת קקאו אורגנית 200 גר,,,אבקת קקאו אורגנית 20,גרמים,200.00,100 גרם,false,1,33.90,16.95,true,1,
7290015009003,false,"חומץ בן יין לבן 500 מ""ל",,,חומץ בן יין לבן 500,מיליליטרים,500.00,"100 מ""ל",false,1,22.80,4.56,true,1,
7290015009126,false,עלי טורטייה מקמח מלא 420 גר 25 סמ,,,עלי טורטייה מקמח מלא,גרמים,420.00,100 גרם,false,1,16.50,3.93,true,1,
7290015009188,false,"ניוקי תפוח""א עם דלעת 300 גרם",,,"ניוקי תפוח""א עם דלעת",גרמים,300.00,100 גרם,false,1,10.90,3.63,true,1,
7290015009218,false,ניוקי עם ערמונים 300 גרם,,,ניוקי עם ערמונים 300,גרמים,300.00,100 גרם,false,1,10.90,3.63,true,1,
7290015009225,false,ריבת חלב 450 גרם ALFAJOR,,,ריבת חלב 450 גרם ALF,גרמים,450.00,100 גרם,false,1,25.40,5.64,true,1,
7290015009249,false,רוטב סלסה חריף אדום 454 גר,lidestri food,US,רוטב סלסה חריף אדום,גרמים,454.00,100 גרם,false,1,20.90,4.60,true,1,
7290015009300,false,עלי טורטייה מקמח תירס 360 גרם,,,עלי טורטייה מקמח תיר,גרמים,360.00,100 גרם,false,1,16.70,4.64,true,1,
7290015009317,false,נאצ`וס תירס טבעי 200 גרם,,,נאצ`וס תירס טבעי 200,גרמים,200.00,100 גרם,false,1,13.90,6.95,true,1,
7290015009324,false,נאצ`וס ברביקיו 200 גרם,,,נאצ`וס ברביקיו 200 ג,גרמים,200.00,100 גרם,false,1,13.90,6.95,true,1,
7290015009331,false,נאצ`וס חריף 200 גרם,,,נאצ`וס חריף 200 גרם,גרמים,200.00,100 גרם,false,1,13.90,6.95,true,1,
7290015009386,false,"מיץ ליים משומר 946 מ""ל",,ES,מיץ ליים משומר 946 מ,מיליליטרים,946.00,"100 מ""ל",false,1,19.90,2.10,true,1,
7290015009393,false,זיתים שחורים מגולענים מזן קלמטה 430 גרם,,GR,זיתים שחורים מגולעני,גרמים,430.00,100 גרם,false,1,19.90,4.63,true,1,
7290015009409,false,זיתים שחורים מזן טאסוס במלח 250 גרם,,GR,זיתים שחורים מזן טאס,גרמים,250.00,100 גרם,false,1,19.90,7.96,true,1,
7290015009447,false,זיתים שחורים מזן קלמטה 440 גרם,,GR,זיתים שחורים מזן קלמ,גרמים,440.00,100 גרם,false,1,20.90,4.75,true,1,
7290015009508,false,סירופ מייפל טהור 250 מל,,,סירופ מייפל טהור 250,מיליליטרים,250.00,"100 מ""ל",false,1,49.50,19.80,true,1,
7290015009553,false,"רוטב אקסטרא חריף פלפל 148 מ""ל",קאמוק,CR,רוטב אקסטרא חריף פלפ,מיליליטרים,148.00,"100 מ""ל",false,1,19.90,13.45,true,1,
7290015009591,false,"רוטב אקסטרא חריף פלפל סקורפיון 148 מ""ל",קאמוק,CR,רוטב אקסטרא חריף פלפ,מיליליטרים,148.00,"100 מ""ל",false,1,19.90,13.45,true,1,
7290015009607,false,"רוטב אקסטרא חריף פלפל נגה גלוקיה 148 מ""ל",קאמוק,CR,רוטב אקסטרא חריף פלפ,מיליליטרים,148.00,"100 מ""ל",false,1,19.90,13.45,true,1,
7290015009614,false,"רוטב אקסטרא חריף פלפל סקוטש בונט 148 מ""ל",קאמוק,CR,רוטב אקסטרא חריף פלפ,מיליליטרים,148.00,"100 מ""ל",false,1,19.90,13.45,true,1,
7290015039246,false,רביעית טונה בהירה בשמן וילי פוד 4*160 גר,,TH,רביעית טונה בהירה בש,גרמים,640.00,100 גרם,false,1,22.90,3.58,true,1,
7290015039338,false,רביעית טונה במי מלח וילי פוד 4*160 גר,,TH,רביעית טונה במי מלח,גרמים,640.00,100 גרם,false,1,22.90,3.58,true,1,
7290015127066,false,תמר בהרי אורגני נאות סמדר 400 גרם,,,תמר בהרי אורגני,גרמים,400.00,100 גרם,false,1,20.90,5.23,true,1,
7290015127530,false,זית סורי אורגני 180 גרם,,IL,זית סורי אורגני 180,גרמים,180.00,100 גרם,false,1,15.90,8.83,true,1,
7290015129121,false,סקיני פסטה נודלס 270 גרם,,,סקיני פסטה נודלס 270,גרמים,270.00,100 גרם,false,1,11.90,4.41,true,1,
7290015129145,false,סקיני פסטה ספגטי 270 גרם,,,סקיני פסטה ספגטי 270,גרמים,270.00,100 גרם,false,1,11.90,4.41,true,1,
7290015129251,false,איטריות קונגאק ללא גלוטן 270 גרם skinny,,,איטריות קונגאק ללא ג,גרמים,270.00,100 גרם,false,1,11.90,4.41,true,1,
7290015129268,false,סקיני פסטה פנה שיבולת שועל 200 גרם,,,סקיני פסטה פנה שיבול,גרמים,200.00,100 גרם,false,1,11.90,5.95,true,1,
7290015129749,false,סקיני פסטה שיבולת שועל נודלס 270 גרם,,CN,סקיני פסטה שיבולת שו,גרמים,270.00,100 גרם,false,1,11.90,4.41,true,1,
7290015150200,false,עגבניות חתובות דק 400 גר,,,עגבניות חתובות דק 40,גרמים,400.00,100 גרם,false,1,7.50,1.88,true,1,
7290015150361,false,תה ירוק נענע סטיביה 25 שקיקים,,,תה ירוק נענע סטיביה,Unknown,0.00,Unknown,false,1,26.90,26.90,true,1,
7290015150903,false,תה ירוק גן קסום קינמון ודבש 25 שק*1.5 גר,,,תה ירוק גן קסום קינמ,Unknown,0.00,Unknown,false,1,26.90,26.90,true,1,
7290015155793,false,פרמיו כריות מיקס,,,פרמיו כריות מיקס,Unknown,0.00,Unknown,false,1,14.90,14.90,true,1,
7290015155809,false,פרמיו כריות עוף,,,פרמיו כריות עוף,Unknown,0.00,Unknown,false,1,14.90,14.90,true,1,
7290015161114,false,פסטה ספגטי כוסמין אורגני 500 גרם,,IT,פסטה ספגטי כוסמין או,גרמים,500.00,100 גרם,false,1,17.90,3.58,true,1,
7290015161350,false,אבקת מרק ירקות אורגני 200 גרם,,DE,אבקת מרק ירקות אורגנ,גרמים,200.00,100 גרם,false,1,23.90,11.95,true,1,
7290015161466,false,"חומץ תפוחים 5% אורגני לא מסונן 750 מ""ל",,,חומץ תפוחים 5% אורגנ,מיליליטרים,750.00,"100 מ""ל",false,1,19.90,2.65,true,1,
7290015161534,false,קוואקר עבה ללא גלוטן 400 גרם נוטרה זן,,FI,קוואקר עבה ללא גלוטן,גרמים,400.00,100 גרם,false,1,23.90,5.98,true,1,
7290015161558,false,קמח שיבולת שועל מלאה ללא גלוטן 500 גרם,,FI,קמח שיבולת שועל מלאה,גרמים,500.00,100 גרם,false,1,28.90,5.78,true,1,
7290015161923,false,"קרם קוקוס 22% אורגני ללא גלוטן 400 מ""ל",,,קרם קוקוס 22% אורגני,מיליליטרים,400.00,"100 מ""ל",false,1,14.90,3.73,true,1,
7290015161930,false,פסטPRO עדשים צהובות GF אורגנית 250 ג,,IT,פסטPRO עדשים צהובות,גרמים,250.00,100 גרם,false,1,19.90,7.96,true,1,
7290015161978,false,פסטPRO עדשים אדומות חומוס ופשתן אורג 250,,IT,פסטPRO עדשים אדומות,גרמים,250.00,100 גרם,false,1,19.90,7.96,true,1,
7290015164818,false,רוטב קארי צהובה 400 גרם SUREE כשר,,,רוטב קארי צהובה 400,מיליליטרים,400.00,"100 מ""ל",false,1,21.90,5.48,true,1,
7290015164832,false,מחית קארי ירוק 400 גרם SUREE כשר,,,מחית קארי ירוק 400 ג,מיליליטרים,400.00,"100 מ""ל",false,1,21.90,5.48,true,1,
7290015164856,false,רוטב קארי אדומה 400 גרם SUREE כשר,,,רוטב קארי אדומה 400,מיליליטרים,400.00,"100 מ""ל",false,1,21.90,5.48,true,1,
7290015178174,false,פסטו בטעם פרמזן אוליביה 180 גר,,IL,פסטו בטעם פרמזן אולי,גרמים,180.00,100 גרם,false,1,16.40,9.11,true,1,
7290015178198,false,ממרח חצילים שרופים אוליביה 180 גר,,IL,ממרח חצילים שרופים א,גרמים,180.00,100 גרם,false,1,16.40,9.11,true,1,
7290015282598,false,חומוס מסעדות 200 גר,,,חומוס מסעדות 200 גר,גרמים,200.00,100 גרם,false,1,11.60,5.80,true,1,
7290015282604,false,טחינה מיוחדת 200 גר,,,טחינה מיוחדת 200 גר,גרמים,200.00,100 גרם,false,1,11.60,5.80,true,1,
7290015282628,false,חציל בטעם כבד 200 גר,,,חציל בטעם כבד 200 גר,גרמים,200.00,100 גרם,false,1,13.90,6.95,true,1,
7290015282635,false,חומוס מסבחה 200 גר,,,חומוס מסבחה 200 גר,גרמים,200.00,100 גרם,false,1,11.60,5.80,true,1,
7290015282642,false,חומוס אבו גוש 200 גר,,,חומוס אבו גוש 200 גר,גרמים,200.00,100 גרם,false,1,11.60,5.80,true,1,
7290015282673,false,חציל במיונז ביתי 200 גר,,,חציל במיונז ביתי 200,גרמים,200.00,100 גרם,false,1,11.60,5.80,true,1,
7290015282680,false,קישואא בטעם כבד 200 גר,,,קישוא בטעם כבד 200 ג,גרמים,200.00,100 גרם,false,1,13.90,6.95,true,1,
7290015282697,false,כרוב אדום 200 גר,,,כרוב אדום 200 גר,גרמים,200.00,100 גרם,false,1,13.90,6.95,true,1,
7290015282710,false,קוביות סלק 200 גר,,,קוביות סלק 200 גר,גרמים,200.00,100 גרם,false,1,11.60,5.80,true,1,
7290015282727,false,גזר מרוקאי פיקנטי 200 גר,,,גזר מרוקאי פיקנטי 20,גרמים,200.00,100 גרם,false,1,13.90,6.95,true,1,
7290015282734,false,מטבוחה ביתית 200 גר,,,מטבוחה ביתית 200 גר,גרמים,200.00,100 גרם,false,1,13.90,6.95,true,1,
7290015282741,false,חציל תאילנדי 200 גר,,,חציל תאילנדי 200 גר,גרמים,200.00,100 גרם,false,1,13.90,6.95,true,1,
7290015282796,false,תפוח אדמה 200 גר,,,תפוח אדמה 200 גר,גרמים,200.00,100 גרם,false,1,13.90,6.95,true,1,
7290015289016,false,"בירה הרצל דולצה דה עסל 330 מ""ל",,IL,בירה הרצל דולצה דה ע,מיליליטרים,330.00,"100 מ""ל",false,1,14.90,4.52,true,1,
7290015306744,false,קמח חומוס 500 גרם,,IL,קמח חומוס 500 גרם,גרמים,500.00,100 גרם,false,1,16.90,3.38,true,1,
7290015335607,false,מעד ביו טבעי 150 גר,,IL,מעד ביו טבעי 150 גר,גרמים,150.00,100 גרם,false,1,7.90,5.27,true,1,
7290015335614,false,מעד ביו תות 150 גר,,IL,מעד ביו תות 150 גר,גרמים,150.00,100 גרם,false,1,7.90,5.27,true,1,
7290015335621,false,מעד ביו פירות יער 150 גר,,IL,מעד ביו פירות יער 15,גרמים,150.00,100 גרם,false,1,7.90,5.27,true,1,
7290015340281,false,קמח שקדים ללא גלוטן 500 גרם,,,קמח שקדים ללא גלוטן,גרמים,500.00,100 גרם,false,1,42.90,8.58,true,1,
7290015340434,false,שמן אבוקדו 500 מל,,,"שמן אבוקדו 500 מ""ל",מיליליטרים,500.00,"100 מ""ל",false,1,59.90,11.98,true,1,
7290015354899,false,חרדל דיזון מעודן 350 גרם,,FR,חרדל דיזון מעודן 350,גרמים,350.00,100 גרם,false,1,15.60,4.46,true,1,
7290015366670,false,אקוה פרש משחת שיניים מנטה 100 מל,,,אקוה פרש משחת שיניים,Unknown,0.00,Unknown,false,1,10.50,10.50,true,1,
7290015395939,false,חטיף אורז בטעם מתוק מלוח 120 גרם,,IL,חטיף אורז בטעם מתוק,גרמים,150.00,100 גרם,false,1,16.90,11.27,true,1,
7290015417136,false,עגבנית שרי אורגנית ארוז,,,עגבנית שרי אורגנית,גרמים,400.00,100 גרם,false,1,14.90,3.73,true,1,
7290015519106,false,מטען רכב גלקסי A2,,,מטען רכב גלקסי A2,Unknown,0.00,Unknown,false,1,39.90,39.90,true,1,
7290015528825,false,צלחת קטנה 7 מתכלה מ,,IN,צלחת קטנה 7 מתכלה מ,Unknown,1.00,Unknown,false,1,11.00,11.00,true,1,
7290015528832,false,צלחת 9 בינוני מתכלה,,IN,צלחת 9 בינוני מתכלה,Unknown,1.00,Unknown,false,1,12.80,12.80,true,1,
7290015528849,false,צלחת 10 ענקית מתכלה,,IN,צלחת 10 ענקית מתכלה,Unknown,1.00,Unknown,false,1,16.40,16.40,true,1,
7290015596268,false,אלכוגל אפרסק 100 מל,,,אלכוגל אפרסק 100 מל,Unknown,0.00,Unknown,false,1,11.90,11.90,true,1,
7290015597210,false,מאגדת קורנטו פרווה 6 יח טבעוני 378 גר,,,מאגדת קורנטו פרווה 6,Unknown,0.00,Unknown,false,1,34.90,34.90,true,1,
7290015597326,false,מאגדת קרחוני אייס לייט 3 טעמים 260 גר,,,מאגדת קרחוני אייס לי,גרמים,260.00,100 גרם,false,1,26.90,10.35,true,1,
7290015599023,false,צהובה טבעונית בטעם קלאסי 200 גרם,,,צהובה טבעונית 200 ג,גרמים,200.00,100 גרם,false,1,24.50,12.25,true,1,
7290015599078,false,צהובה טבעונית עם עשבי תיבול 200 גרם,,,צהובה טבעונית 200 גר,גרמים,200.00,100 גרם,false,1,24.50,12.25,true,1,
7290015599504,false,ממרח בטעם חמאה אורגני 225 גר,,DK,ממרח בטעם חמאה אורגנ,גרמים,225.00,100 גרם,false,1,21.50,9.56,true,1,
7290015603188,false,אטריות ביצים 454 גרם,,,אטריות ביצים 454 גרם,גרמים,454.00,100 גרם,false,1,11.90,2.62,true,1,
7290015603195,false,איטריות בתוספת תרד 454 גרם,,,איטריות בתוספת תרד 4,גרמים,454.00,100 גרם,false,1,11.90,2.62,true,1,
7290015603201,false,אטריות מחיטה מלאה 454 גרם,,,אטריות מחיטה מלאה 45,גרמים,454.00,100 גרם,false,1,11.90,2.62,true,1,
7290015603232,false,איטריות בתוספת דלעת 454 גרם,,,איטריות בתוספת דלעת,גרמים,454.00,100 גרם,false,1,11.90,2.62,true,1,
7290015603522,false,נוזל אגוזי קוקוס 5-7% 400 מל,,,נוזל אגוזי קוקוס 5-7,מיליליטרים,400.00,"100 מ""ל",false,1,7.90,1.98,true,1,
7290015603546,false,שימורי קרם קוקוס 17-19% 400 מל ASIATIC,,,שימורי קרם קוקוס 17-,מיליליטרים,400.00,"100 מ""ל",false,1,10.90,2.73,true,1,
7290015603560,false,"שימורי קרם קוקוס 20-22% 400 מ""ל",,,שימורי קרם קוקוס 20-,מיליליטרים,400.00,"100 מ""ל",false,1,10.90,2.73,true,1,
7290015603584,false,גינגר לבן כבוש ללא מונוסודיום 160 גרם,,,גינגר לבן כבוש ללא מ,גרמים,160.00,100 גרם,false,1,8.90,5.56,true,1,
7290015603591,false,גינגר כבוש וורוד 160 גרם,,,גינגר כבוש וורוד 160,גרמים,160.00,100 גרם,false,1,8.90,5.56,true,1,
7290015634076,false,יין עמק האלה שרדונה 2014 750 מל,,,יין עמק האלה שרדונה,Unknown,0.00,Unknown,false,1,87.90,87.90,true,1,
7290015634083,false,עמק האלה קברנה פרנק 2012 750 מל,,,יין עמק האלה קברנה פ,Unknown,0.00,Unknown,false,1,115.90,115.90,true,1,
7290015634113,false,יין עמק האלה רוזה 2015 750 מל,,,יין עמק האלה אוורד ר,Unknown,0.00,Unknown,false,1,46.90,46.90,true,1,
7290015634120,false,יין עמק האלה אוורד לבן 2015 750 מל,,,יין עמק האלה אוורד ל,Unknown,0.00,Unknown,false,1,46.90,46.90,true,1,
7290015634151,false,"עמק האלה קברנה סוביניון 2012 750 מ""ל",,,יין עמק האלה קברנה א,Unknown,0.00,Unknown,false,1,87.90,87.90,true,1,
7290015634168,false,יין עמק האלה מרלו 2013 750 מל,,,יין עמק האלה מרלו אס,Unknown,0.00,Unknown,false,1,87.90,87.90,true,1,
7290015634175,false,עמק האלה אוור רד ק.סוביניון 2015 750 מל,,,עמק האלה אוור רד קבר,Unknown,0.00,Unknown,false,1,46.90,46.90,true,1,
7290015634182,false,עמק האלה אוורד קברנה/ מרלו 2015 750 מל,,,עמק האלה אוורד אדום,Unknown,0.00,Unknown,false,1,46.90,46.90,true,1,
7290015652070,false,קשיו קלוי 150 גרם ששון הקולה,,,קשיו קלוי 150 גרם שש,גרמים,150.00,100 גרם,false,1,13.90,9.27,true,1,
7290015652087,false,תערובת פיצוחים 150 גרם ששון הקולה,,,תערובת פיצוחים 150 ג,גרמים,150.00,100 גרם,false,1,13.90,9.27,true,1,
7290015652254,false,גרעיני חמניה קלויים 400 גרם ששון הקלה,,,גרעיני חמניה קלויים,גרמים,400.00,100 גרם,false,1,10.00,2.50,true,1,
7290015652278,false,תערובת פיצוחים 250 גרם ששון הקולה,,,תערובת פיצוחים 250 ג,גרמים,250.00,100 גרם,false,1,20.00,8.00,true,1,
7290015652285,false,אגוזים קלופים 250 גרם ששון הקולה,,,אגוזים קלופים 250 גר,גרמים,250.00,100 גרם,false,1,20.00,8.00,true,1,
7290015652292,false,קבוקים עם שומשום 400 גרם ששון הקלה,,,קבוקים עם שומשום 400,גרמים,400.00,100 גרם,false,1,10.00,2.50,true,1,
7290015652308,false,מנצס 300 גרם ששון הקולה,,,מנצס 300 גרם ששון הק,גרמים,300.00,100 גרם,false,1,10.00,3.33,true,1,
7290015652315,false,חמוציות מסוכרות 300 גרם ששון הקולה,,,חמוציות מסוכרות 300,גרמים,300.00,100 גרם,false,1,10.00,3.33,true,1,
7290015652391,false,"קמח תירס הכנה מהירה ללא גלוטן 1 ק""ג",,,קמח תירס הכנה מהירה,גרמים,1000.00,100 גרם,false,1,14.50,1.45,true,1,
7290015652407,false,פיסטוק קלוי 250 גר דין שיווק,,,פיסטוק קלוי 250 גר ד,גרמים,250.00,100 גרם,false,1,20.00,8.00,true,1,
7290015652575,false,אהרוני ראס אל חנות 150 גר,,,אהרוני ראס אל חנות 1,גרמים,150.00,100 גרם,false,1,16.90,11.27,true,1,
7290015652605,false,פיסטוק קלוף 100 גרם השף,,,פיסטוק קלוף 100 גרם,גרמים,100.00,100 גרם,false,1,32.40,32.40,true,1,
7290015663052,false,מרק כפרי ביתי 400 גרם JEREMY GOURMET,,,מרק כפרי ביתי 400 גר,גרמים,400.00,100 גרם,false,1,27.70,6.93,true,1,
7290015670036,false,עוגיות קראנץ טבעוני,,IL,עוגיות קראנץ טבעוני,Unknown,0.00,Unknown,false,1,36.50,36.50,true,1,
7290015670050,false,גינגר שוקולד טבעוני,,IL,גינגר שוקולד טבעוני,Unknown,0.00,Unknown,false,1,35.90,35.90,true,1,
7290015670111,false,עוגיות שקד פרוס עם א,,IL,עוגיות שקד פרוס עם א,Unknown,0.00,Unknown,false,1,36.50,36.50,true,1,
7290015670234,false,מטבעות שומשום דלעת ו,,IL,מטבעות שומשום דלעת ו,Unknown,0.00,Unknown,false,1,35.90,35.90,true,1,
7290015670418,false,עוגיות אלפחורס,,IL,עוגיות אלפחורס,Unknown,0.00,Unknown,false,1,35.90,35.90,true,1,
7290015670425,false,מטבעות פרחי ריבה,,IL,מטבעות פרחי ריבה,Unknown,0.00,Unknown,false,1,35.90,35.90,true,1,
7290015670432,false,עוגיות גרנולה בריאות,מרסי,IL,עוגיות גרנולה בריאות,Unknown,0.00,Unknown,false,1,35.90,35.90,true,1,
7290015670456,false,רולדת תמרים,,IL,רולדת תמרים,Unknown,0.00,Unknown,false,1,35.90,35.90,true,1,
7290015670463,false,עוגיות שוקולד ציפס,,IL,עוגיות שוקולד ציפס,Unknown,0.00,Unknown,false,1,35.90,35.90,true,1,
7290015670470,false,סהרוני שקד חמאה 240 גרם,,IL,סהרוני שקד חמאה 240,גרמים,240.00,100 גרם,false,1,35.90,14.96,true,1,
7290015670531,false,רולדה ריבה ואגוזים 250 גרם,,IL,רולדה ריבה ואגוזים 2,Unknown,250.00,Unknown,false,1,35.90,0.14,true,1,
7290015670562,false,עוגיות חלווה,,IL,עוגיות חלווה,Unknown,0.00,Unknown,false,1,35.90,35.90,true,1,
7290015670630,false,עוגיות מרוקאיות בנגי,,IL,עוגיות מרוקאיות בנגי,Unknown,0.00,Unknown,false,1,35.90,35.90,true,1,
7290015670753,false,מקלות פרמזן,,IL,מקלות פרמזן,Unknown,0.00,Unknown,false,1,35.90,35.90,true,1,
7290015673181,false,בורגר מהצומח עם ברוקולי קליפורניה 400 גר,,,בורגר מהצומח עם ברוק,גרמים,400.00,100 גרם,false,1,25.90,6.48,true,1,
7290015673198,false,בורגר מהצומח עם פטריות טקסס 400 גר,,,בורגר מהצומח עם פטרי,גרמים,400.00,100 גרם,false,1,25.90,6.48,true,1,
7290015673211,false,טחון מהצומח להכנת בולונז קפוא 500 גר,,,טחון מהצומח להכנת,גרמים,500.00,100 גרם,false,1,26.90,5.38,true,1,
7290015673570,false,קריספי טופו מוכנים לאכילה 350 גר,,IL,קריספי טופו מוכנים ל,גרמים,350.00,100 גרם,false,1,27.90,7.97,true,1,
7290015673587,false,קריספי טופו ברוטב אסייתי 350 גר,,IL,קריספי טופו ברוטב אס,גרמים,350.00,100 גרם,false,1,28.50,8.14,true,1,
7290015673594,false,קריספי טופו ברוטב בוטנים קארי 350 גר,,IL,קריספי טופו ברוטב בו,גרמים,350.00,100 גרם,false,1,28.50,8.14,true,1,
7290015699730,false,הפי לרצפה מבושמת 1.5 ל,,BE,סבון לרצפות דה מרסיי,ליטרים,0.00,ליטר,false,1,14.90,14.90,true,1,
7290015781015,false,יין VISION מלבק 750 מל,,,יין VISION מלבק 750,Unknown,0.00,Unknown,false,1,42.90,42.90,true,1,
7290015781046,false,יין VISION לבן חצי יבש 750 מל,,,יין VISION לבן חצי י,Unknown,0.00,Unknown,false,1,42.90,42.90,true,1,
7290015781053,false,יין VISION לבן יבש 750 מל,,,יין VISION לבן יבש,Unknown,0.00,Unknown,false,1,42.90,42.90,true,1,
7290015781091,false,יין VISION קברנה סוביניון 750 מל,,,יין VISION קברנה סוב,Unknown,0.00,Unknown,false,1,42.90,42.90,true,1,
7290015781107,false,יין IMPRES סנגובזה 750 מל,,,יין IMPRES סנגובזה 7,Unknown,0.00,Unknown,false,1,49.90,49.90,true,1,
7290015781121,false,יין IMPRES קברנה סוביניון 750 מל,,,יין IMPRES קברנה סוב,Unknown,0.00,Unknown,false,1,49.90,49.90,true,1,
7290015781138,false,יין IMPRES שרדונה 750 מל,,,יין IMPRES שרדונה 75,Unknown,0.00,Unknown,false,1,49.90,49.90,true,1,
7290015781220,false,"INSPIRE דבוקי -גוורצטרמינר 750 מ""ל 2021",,,INSPIRE דבוקי -גוור,Unknown,0.00,Unknown,false,1,87.90,87.90,true,1,
7290015781282,false,יין IMPRES גוורצטרמינר 750 מל,,,יין IMPRES גוורצטרמי,Unknown,0.00,Unknown,false,1,49.90,49.90,true,1,
7290015781299,false,יין VISION שיראז 750 מל,,,יין VISION שיראז 750,Unknown,0.00,Unknown,false,1,42.90,42.90,true,1,
7290015781305,false,יין IMPRES סירה 750 מל,,,יין IMPRES סירה 750,Unknown,0.00,Unknown,false,1,49.90,49.90,true,1,
7290015790000,false,גרעיני רימון,,,גרעיני רימון,קילוגרמים,0.00,"ק""ג",false,1,17.90,17.90,true,1,
7290015790017,false,פלחי פומלה 250 גר,,,פלחי פומלה 250 גר,קילוגרמים,0.00,"ק""ג",false,1,17.90,17.90,true,1,
7290015858106,false,ממרח פסטו ביתי 180 גר,,,מצונן פסטו ביתי 180,גרמים,180.00,100 גרם,false,1,22.90,12.72,true,1,
7290015858113,false,ממרח עגבניות מיובשות 180 גר,,,מצונן ממרח עגבניות,גרמים,180.00,100 גרם,false,1,20.90,11.61,true,1,
7290015858175,false,ממרח פלפלים קלויים 180 גר,,,ממרח פלפלים קלויים 1,גרמים,180.00,100 גרם,false,1,22.90,12.72,true,1,
7290015858212,false,ממרח לימון כבוש 180 גר,,,ממרח לימון כבוש 180,גרמים,180.00,100 גרם,false,1,22.90,12.72,true,1,
7290015858229,false,ממרח טפנד זיתים קלמטה 180 גר,,,מצונן טפנד זיתים,גרמים,180.00,100 גרם,false,1,22.90,12.72,true,1,
7290015858243,false,ממרח צימיצורי 180 גר,,,ממרח צימיצורי עללחם,גרמים,180.00,100 גרם,false,1,22.90,12.72,true,1,
7290015858328,false,איולי פסטו עללחם 295 גרם,,IL,איולי פסטו עללחם 295,גרמים,295.00,100 גרם,false,1,17.90,6.07,true,1,
7290015858441,false,איולי פלפלים עללחם 295 גרם,,IL,איולי פלפלים עללחם 2,גרמים,295.00,100 גרם,false,1,17.90,6.07,true,1,
7290015858687,false,איולי שום עללחם 295 גרם,,IL,איולי שום עללחם 295,גרמים,295.00,100 גרם,false,1,17.90,6.07,true,1,
7290015858694,false,איולי שום לימון עללחם 295 גרם,,IL,איולי שום לימון עללח,גרמים,295.00,100 גרם,false,1,17.90,6.07,true,1,
7290015951227,false,"יין גמלא השמורה סירה 2021 750 מ""ל",,,יין גמלא סירה 2019 7,Unknown,0.00,Unknown,false,1,74.90,74.90,true,1,
7290015979665,false,חסה עגולה,,,חסה עגולה,Unknown,0.00,Unknown,false,1,5.90,5.90,true,1,
7290016006025,false,"שוופס סודה שרינק 500 מ""ל",,,שוופס סודה שרינק 500,מיליליטרים,500.00,"100 מ""ל",false,1,2.90,0.58,true,1,
7290016006292,false,קרטונית נקטר ספרינג מנגו בננה מלון 1 ל,,,קרטונית נקטר ספרינג,מיליליטרים,1000.00,"100 מ""ל",false,1,7.60,0.76,true,1,
7290016006322,false,מי עדן 1 ליטר,,,מי עדן 1 ליטר,מיליליטרים,1000.00,"100 מ""ל",false,1,3.50,0.35,true,1,
7290016006339,false,רביעיית מי עדן 1 ליטר,,,רביעיית מי עדן 1 ליט,מיליליטרים,4000.00,"100 מ""ל",false,1,11.90,0.30,true,1,
7290016006346,false,שישיית שרינק 500 מל שוופס סודה,,,שישיית שוופס סודה 50,מיליליטרים,1500.00,"100 מ""ל",false,1,17.30,1.15,true,1,
7290016028034,false,קינוחי גלידה 12 יח,,CN,קינוחי גלידה 12 יח,Unknown,1.00,Unknown,false,1,18.50,18.50,true,1,
7290016028232,false,שיפוד במבוק עבה 30 ס,,CN,שיפוד במבוק עבה 30 ס,Unknown,1.00,Unknown,false,1,2.90,2.90,true,1,
7290016028447,false,נר נשמה 24 שעות,,CN,נר נשמה 24 שעות,Unknown,1.00,Unknown,false,1,2.20,2.20,true,1,
7290016028645,false,שיפוד יקיטורי 18 סמ,,CN,שיפוד יקיטורי 18 סמ,Unknown,1.00,Unknown,false,1,5.90,5.90,true,1,
7290016028683,false,קיסמים מעוטרים 12 סמ,,CN,קיסמים מעוטרים 12 סמ,Unknown,1.00,Unknown,false,1,5.90,5.90,true,1,
7290016028836,false,קש מתקפל צבעוני 150 יח,,CN,קשית מתקפלת צבעונית,Unknown,0.00,Unknown,false,1,8.80,8.80,true,1,
7290016077766,false,היינץ שעועית אפויה 453 גרם,,,היינץ שעועית אפויה 4,גרמים,453.00,100 גרם,false,1,10.90,2.41,true,1,
7290016087499,false,עגבניה חתוך דק אריזת שלישייה A1,,,עגבניה חתוך דק אריזת,Unknown,0.00,Unknown,false,1,12.90,12.90,true,1,
7290016114300,false,נייר טואלט לילי לבן דאבל 16 גל=32 גל,,,נייר טואלט לילי לבן,מטרים,588.80,מטר,false,1,37.90,0.06,true,1,
7290016146141,false,"סירופ מייפל טהור אורגני 250 מ""ל",,,סירופ מייפל טהור אור,מיליליטרים,250.00,"100 מ""ל",false,1,31.90,12.76,true,1,
7290016146400,false,שוקולד תבור 60% 100 גרם,,IL,שוקולד תבור 60% 100,גרמים,100.00,100 גרם,false,1,17.70,17.70,true,1,
7290016146431,false,שוקולד תבור 72% 100 גרם,,IL,שוקולד תבור 72% 100,גרמים,100.00,100 גרם,false,1,17.70,17.70,true,1,
7290016146455,false,שוקולד תבור 100% 100 גרם BIO,,IL,שוקולד תבור 100% 10,גרמים,100.00,100 גרם,false,1,17.70,17.70,true,1,
7290016150391,false,סלק ואקום 500 גרם,,,סלק ואקום 500 גרם,Unknown,0.00,Unknown,false,1,7.90,7.90,true,1,
7290016162219,false,כדורי שוקולד פרווה,,,כדורי שוקולד פרווה 2,גרמים,250.00,100 גרם,false,1,31.50,12.60,true,1,
7290016162264,false,עוגת גבינה רנסנס 450 גר,,,עוגת גבינה רנסנס 450,גרמים,450.00,100 גרם,false,1,43.90,9.76,true,1,
7290016197488,false,ניקול מטלית קסם לשיש מארז שלישייה,,,ניקול מטלית קסם לשיש,Unknown,0.00,Unknown,false,1,12.90,12.90,true,1,
7290016197495,false,ניקול מטלית קסם לרצפה מארז זוג,,,ניקול מטלית קסם לרצפ,Unknown,0.00,Unknown,false,1,24.90,24.90,true,1,
7290016197877,false,שקית לפחי אשפה קטנים 80 יח M,,,שקית לפחי אשפה קטנים,Unknown,0.00,Unknown,false,1,27.20,27.20,true,1,
7290016217735,false,חציל על אש 200 גר,,,חציל על אש 200 גר,גרמים,200.00,100 גרם,false,1,11.60,5.80,true,1,
7290016217742,false,חציל על אש בטחינה 200 גר,,,חציל על אש בטחינה 20,גרמים,200.00,100 גרם,false,1,11.60,5.80,true,1,
7290016217759,false,חציל מרוקאי 200 גר,,,חציל מרוקאי 200 גר,גרמים,200.00,100 גרם,false,1,13.90,6.95,true,1,
7290016233384,false,גפילטע פיש 7 קציצות 540 גרם תומר,,,גפילטע פיש 7 קציצות,גרמים,540.00,100 גרם,false,1,18.80,3.48,true,1,
7290016233575,false,פתיתי שיבולת שועל 600 גר גוד מורנינג,,,פתיתי שיבולת שועל 60,גרמים,600.00,100 גרם,false,1,7.90,1.32,true,1,
7290016246018,false,בארכה מיקס פינוקיות חלבה 10*20 גרם.,,,בארכה מיקס פינוקיות,גרמים,200.00,100 גרם,false,1,15.50,7.75,true,1,
7290016246025,false,"בארכה ללת""ס פנוקיות חלבה 200 גר",,,בארכה פנוקיות חלבה ל,גרמים,200.00,100 גרם,false,1,15.50,7.75,true,1,
7290016246209,false,חטיף חלבה וניל 100 גרם בארכה,,,חטיף חלבה וניל 100 ג,גרמים,100.00,100 גרם,false,1,4.50,4.50,true,1,
7290016246711,false,בארכה טחינה גולמית מעודנת הריסה 300 גרם,,IL,בארכה טחינה גולמית מ,גרמים,310.00,100 גרם,false,1,13.90,4.48,true,1,
7290016248074,false,יין מסע ישראלי אדום ויתקין 750 מל,,,יין מסע ישראלי אדום,Unknown,0.00,Unknown,false,1,79.90,79.90,true,1,
7290016248111,false,יין מסע ישראלי ורוד ויתקין 750 מל,,,יין מסע ישראלי ורוד,Unknown,0.00,Unknown,false,1,79.90,79.90,true,1,
7290016248173,false,"יין מסע ישראלי לבן ויתקין 750 מ""ל",,,יין מסע ישראלי לבן ו,Unknown,0.00,Unknown,false,1,79.90,79.90,true,1,
7290016270570,false,מלפפון בייבי,,,מלפפון בייבי,Unknown,0.00,Unknown,false,1,12.90,12.90,true,1,
7290016270877,false,פלפלון ארוז,,,פלפלון ארוז,Unknown,0.00,Unknown,false,1,9.90,9.90,true,1,
7290016277630,false,צנובר 150 גרם ששון - קופסא,,,צנובר 150 גרם ששון -,גרמים,150.00,100 גרם,false,1,31.90,21.27,true,1,
7290016277647,false,בננה מסוכרת 250 גרם ששון- קופסא,,,בננה מסוכרת 250 גרם,גרמים,250.00,100 גרם,false,1,13.50,5.40,true,1,
7290016277654,false,פיסטוק קלוף טבעי 150 גרם ששון- קופסא,,,פיסטוק קלוף טבעי 150,גרמים,150.00,100 גרם,false,1,46.50,31.00,true,1,
7290016277661,false,שקד מולבן שלם 200 גרם ששון - קופסא,,,שקד מולבן שלם 200 גר,גרמים,200.00,100 גרם,false,1,33.20,16.60,true,1,
7290016334616,false,בצל ירוק,,,בצל ירוק,Unknown,0.00,Unknown,false,1,5.90,5.90,true,1,
7290016370973,false,פלפל קלוי גמביה בצנצנת 580 גרם,,,פלפל קלוי גמביה בצנצ,גרמים,580.00,100 גרם,false,1,11.90,2.05,true,1,
7290016372373,false,רסק עגבניות גראנד איטליה 2 * 135 גרם,,IT,רסק עגבניות גראנד בל,גרמים,270.00,100 גרם,false,1,8.90,3.30,true,1,
7290016372397,false,תה ירוק תפוז גינגר וכורכום 25 שקיקים,,,תה ירוק תפוז גינגר ו,Unknown,0.00,Unknown,false,1,26.90,26.90,true,1,
7290016372458,false,חליטת לימונית לואיזה גן קסום 50 שקיקים,,,חליטת לימונית לואיזה,Unknown,0.00,Unknown,false,1,36.90,36.90,true,1,
7290016372496,false,סודות הצמחים גינגר ודבש 20 שקיקים,,,סודות הצמחים גינגר ו,Unknown,0.00,Unknown,false,1,22.90,22.90,true,1,
7290016416992,false,עוגת דובוש ביסקוויטים 400 גר,,,עוגת דובוש ביסקוויטי,גרמים,400.00,100 גרם,false,1,39.90,9.98,true,1,
7290016448634,false,שפרוטים ריגה זהב בצנצנת 250 גרם,,LV,שפרוטים ריגה זהב בצנ,גרמים,250.00,100 גרם,false,1,16.70,6.68,true,1,
7290016448795,false,"משקה זרעי ציה בטעם קוקטייל פירות 290 מ""ל",,VN,משקה זרעי ציה בטעם ק,מיליליטרים,290.00,"100 מ""ל",false,1,7.90,2.72,true,1,
7290016448801,false,"משקה זרעי ציה בטעם קיווי 290 מ""ל",,VN,משקה זרעי ציה בטעם ק,מיליליטרים,290.00,"100 מ""ל",false,1,7.90,2.72,true,1,
7290016448832,false,"קפה קר בטעם אספרסו 250 מ""ל",,VN,קפה קר בטעם אספרסו,גרמים,250.00,100 גרם,false,1,6.90,2.76,true,1,
7290016448856,false,"קפה קר בטעם טירמיסו 250 מ""ל",,VN,קפה קר בטעם טירמיסו,גרמים,250.00,100 גרם,false,1,6.90,2.76,true,1,
7290016505108,false,פנדה מריר במילוי קפה 100 גרם,,,פנדה מריר במילוי קפה,גרמים,100.00,100 גרם,false,1,21.90,21.90,true,1,
7290016509786,false,גל פרסיל ירוק 2.5 ל,,,גל פרסיל ירוק 2.5 ל,ליטרים,0.00,ליטר,false,1,35.90,35.90,true,1,
7290016513011,false,מנגו קפוא 250 גר,,,מנגו קפוא 250 גר,גרמים,250.00,100 גרם,false,1,15.60,6.24,true,1,
7290016513028,false,אננס קפוא 250 גר,,,אננס קפוא 250 גר,גרמים,250.00,100 גרם,false,1,15.60,6.24,true,1,
7290016513035,false,פסיפלורה קפוא 250 גר,,,פסיפלורה קפוא 250 גר,גרמים,250.00,100 גרם,false,1,15.60,6.24,true,1,
7290016513042,false,מיקס פירות גן קפוא 250 גר,,,אובליפיחה 250 גר,גרמים,250.00,100 גרם,false,1,16.90,6.76,true,1,
7290016513257,false,פטל שחור 250 גר,,,פטל שחור 250 גר,גרמים,250.00,100 גרם,false,1,16.90,6.76,true,1,
7290016513264,false,חמוציות בר 250 גר,,,חמוציות בר 250 גר,גרמים,250.00,100 גרם,false,1,18.80,7.52,true,1,
7290016513288,false,פטל אדום 250 גר,,,פטל אדום 250 גר,גרמים,250.00,100 גרם,false,1,20.90,8.36,true,1,
7290016513295,false,דומדומית אדומה 250 גר,,,דומדומית אדומה 250 ג,גרמים,250.00,100 גרם,false,1,12.50,5.00,true,1,
7290016513318,false,אוכמניות שחורות 250 גר,,,אוכמניות שחורות 250,גרמים,250.00,100 גרם,false,1,18.80,7.52,true,1,
7290016513325,false,דובדבן 250 גר,,,דובדבן 250 גר,גרמים,250.00,100 גרם,false,1,12.50,5.00,true,1,
7290016513332,false,מיקס פירות 250 גר,,,מיקס פירות 250 גר,גרמים,250.00,100 גרם,false,1,12.50,5.00,true,1,
7290016513349,false,תות שדה 250 גר,,,תות שדה 250 גר,גרמים,250.00,100 גרם,false,1,12.10,4.84,true,1,
7290016523188,false,"סטימר לאידוי עץ ""10",,,"סטימר לאידוי עץ ""10",Unknown,0.00,Unknown,false,1,42.90,42.90,true,1,
7290016567007,false,אסאי 100 גרם,,,אסאי 100 גרם,גרמים,100.00,100 גרם,false,1,12.90,12.90,true,1,
7290016580211,false,נר 72 שעות בכוס זכוכ,,CN,נר 72 שעות בכוס זכוכ,Unknown,1.00,Unknown,false,1,6.90,6.90,true,1,
7290016580228,false,תבנית אפיה נייר אינג,,CN,תבנית אפיה נייר אינג,Unknown,1.00,Unknown,false,1,11.50,11.50,true,1,
7290016580235,false,תבנית אפיה נייר בינו,,CN,תבנית אפיה נייר בינו,Unknown,1.00,Unknown,false,1,12.10,12.10,true,1,
7290016580310,false,מפיות שולחן מהודרות,,CN,מפיות שולחן מהודרות,Unknown,1.00,Unknown,false,1,4.90,4.90,true,1,
7290016580327,false,מפיות שולחן מהודרות,,CN,מפיות שולחן מהודרות,Unknown,1.00,Unknown,false,1,4.90,4.90,true,1,
7290016580990,false,קיסמים שיניים שלישיה,,CN,קיסמים שיניים שלישיה,Unknown,1.00,Unknown,false,1,7.50,7.50,true,1,
7290016584011,false,חטיפוני גזר 350 גרם,,,חטיפוני גזר 350 גרם,גרמים,350.00,100 גרם,false,1,10.90,3.11,true,1,
7290016663297,false,עוגיות גרעינים חמוציות שוקולד 200 גרם,,IL,עוגיות גרעינים חמוצי,גרמים,200.00,100 גרם,false,1,20.90,10.45,true,1,
7290016663426,false,עוגיות שומשום שוקולד 200 גרם,,IL,עוגיות שומשום שוקולד,גרמים,200.00,100 גרם,false,1,20.90,10.45,true,1,
7290016667080,false,חטיף ציפס טורטיה ברביקיו 250 גרם,,BE,חטיף ציפס טורטיה ברב,גרמים,250.00,100 גרם,false,1,10.90,4.36,true,1,
7290016667097,false,חטיף ציפס טורטיה מלוח 250 גרם,,BE,חטיף ציפס טורטיה מלו,גרמים,250.00,100 גרם,false,1,10.90,4.36,true,1,
7290016682182,false,שייק תמר בננה מופחת סוכר 1 ל,,,שייק תמר בננה מופחת,מיליליטרים,1000.00,"100 מ""ל",false,1,19.90,1.99,true,1,
7290016682199,false,שייק תות בננה מופחת סוכר 1 ל,,,שייק תות בננה מופחת,מיליליטרים,1000.00,"100 מ""ל",false,1,19.90,1.99,true,1,
7290016682328,false,מיץ תפוזים עשוי מרכז 2 ליטר,,,מיץ תפוזים עשוי מרכז,ליטרים,0.00,ליטר,false,1,25.90,25.90,true,1,
7290016682335,false,סחוט טרי תפוזים 2 ליטר,,,סחוט טרי תפוזים 2 לי,ליטרים,0.00,ליטר,false,1,27.90,27.90,true,1,
7290016682342,false,מיץ תפוז וולנסיה 100% 2 ליטר,,,מיץ תפוז וולנסיה 100,ליטרים,0.00,ליטר,false,1,27.90,27.90,true,1,
7290016682366,false,סחוט טרי תפוח צלול 2 ליטר,,,סחוט טרי תפוח צלול 2,ליטרים,0.00,ליטר,false,1,26.90,26.90,true,1,
7290016682397,false,מיץ חמוציות 2 ליטר,,,מיץ חמוציות 2 ליטר,ליטרים,0.00,ליטר,false,1,26.90,26.90,true,1,
7290016682441,false,מיץ תפוזים 1 ליטר,,IL,מיץ תפוזים פריניב 1,מיליליטרים,1000.00,"100 מ""ל",false,1,16.90,1.69,true,1,
7290016717099,false,"יין אדום חצי יבש 750 מ""ל סלקטד",,,יין אדום חצי יבש 750,Unknown,0.00,Unknown,false,1,29.90,29.90,true,1,
7290016717631,false,"יין מוסקטו P.C לבן מבעבע 750 מ""ל",,,יין מוסקטו P.C לבן מ,Unknown,0.00,Unknown,false,1,39.90,39.90,true,1,
7290016717754,false,"יין ישן נושן אדום מתוק 750 מ""ל",,,יין ישן נושן אדום,Unknown,0.00,Unknown,false,1,21.90,21.90,true,1,
7290016866643,false,"משחת שיניים פרודונטקס פרש 75 מ""ל",,,משחת שיניים פרודנטקס,Unknown,0.00,Unknown,false,1,32.90,32.90,true,1,
7290016866650,false,"משחת שיניים פרודונטקס אורגינל 75 מ""ל",,,משחת שיניים פרודנטקס,Unknown,0.00,Unknown,false,1,32.90,32.90,true,1,
7290016882407,false,מחית חצילים קלויים 510 גרם,,,מחית חצילים קלויים 5,גרמים,510.00,100 גרם,false,1,13.50,2.65,true,1,
7290016945034,false,עגבניה מגי,,,עגבניה מגי,Unknown,0.00,"ק""ג",true,0,17.90,17.90,true,1,
7290017023182,false,"שוופס מוגז פירות תפוח פחית 330 מ""ל",,,שוופס מוגז פירות,מיליליטרים,330.00,"100 מ""ל",false,1,4.90,1.48,true,1,
7290017023199,false,"שוופס מוגז פירות תות ליים פחית 330 מ""ל",,,שוופס מוגז פירות תות,מיליליטרים,330.00,"100 מ""ל",false,1,4.90,1.48,true,1,
7290017023212,false,"רביעיית שוופס מוגז פירות תפוח 330 מ""ל",,,רביעיית שוופס מוגז פ,מיליליטרים,1320.00,"100 מ""ל",false,1,16.90,1.28,true,1,
7290017023236,false,"רביעיית שוופס מוגז פירות ענבים 330 מ""ל",,,רביעיית שוופס מוגז פ,מיליליטרים,1320.00,"100 מ""ל",false,1,16.90,1.28,true,1,
7290017023670,false,"שוופס מוגז פירות למונייד פחית 330 מ""ל",,,שוופס מוגז פירות למו,מיליליטרים,330.00,"100 מ""ל",false,1,4.90,1.48,true,1,
7290017058092,false,שיבולת שועל שלמה 600 גר גוד מורנינג,,,שיבולת שועל שלמה 600,גרמים,600.00,100 גרם,false,1,8.30,1.38,true,1,
7290017058139,false,רסק תפוח עץ עם תות שדה 452 גר,,,רסק תפוח עץ עם תות ש,גרמים,452.00,100 גרם,false,1,13.90,3.08,true,1,
7290017058528,false,ממרח זיתים ירוקים 200 גרם,,,ממרח זיתים ירוקים 20,גרמים,200.00,100 גרם,false,1,14.90,7.45,true,1,
7290017058542,false,"שמן קוקוס אורגני 414 מ""ל",,,שמן קוקוס אורגני 414,מיליליטרים,414.00,"100 מ""ל",false,1,25.90,6.26,true,1,
7290017062662,false,מרכך כביסה מרוכז כתום 1*5 ליטר טאצ,,,מרכך כביסה מרוכז כתו,Unknown,0.00,Unknown,false,12,12.90,12.90,true,1,
7290017062679,false,מרכך כביסה מרוכז צהוב 1 5 Xל טאצ,,,מרכך כביסה מרוכז צהו,Unknown,0.00,Unknown,false,12,12.90,12.90,true,1,
7290017065007,false,פרוסות מוצרלה גד 200 גרם,,,פרוסות מוצרלה גד 200,גרמים,200.00,100 גרם,false,1,21.90,10.95,true,1,
7290017065137,false,ריקוטה למריחה 5% טבעית 200 גר,,,ריקוטה למריחה 5% טבע,גרמים,200.00,100 גרם,false,1,11.90,5.95,true,1,
7290017065144,false,ריקוטה למריחה 5% בזיליקום 200 גר,,,ריקוטה למריחה 5% בזי,גרמים,200.00,100 גרם,false,1,11.50,5.75,true,1,
7290017065168,false,גבינה כחולה 100 גר,,,גבינה כחולה 100 גר,גרמים,100.00,100 גרם,false,1,18.90,18.90,true,1,
7290017065212,false,קרם מסקרפונה 250 גר,,,קרם מסקרפונה 250 גר,גרמים,250.00,100 גרם,false,1,22.90,9.16,true,1,
7290017065236,false,גבינה בולגרית מעודנת 24% 250 גר,,,גבינה בולגרית מעודנת,גרמים,250.00,100 גרם,false,1,24.90,9.96,true,1,
7290017065380,false,שבבי גרנה פדנו 100 גר,,IL,שבבי גרנה פדנו 100 ג,גרמים,100.00,100 גרם,false,1,15.90,15.90,true,1,
7290017065434,false,פרוסות גאודה בקר 200 גר,,IL,פרוסות גאודה בקר 200,גרמים,200.00,100 גרם,false,1,23.90,11.95,true,1,
7290017065441,false,פרוסות גאודה עיזים 200 גר,,IL,פרוסות גאודה עיזים 2,גרמים,200.00,100 גרם,false,1,35.90,17.95,true,1,
7290017065526,false,גבינה קוואטרו פורמאגי 300 גר,,IL,גבינה קוואטרו פורמאג,גרמים,300.00,100 גרם,false,1,30.90,10.30,true,1,
7290017065588,false,יוגורט יווני 10% 600 גר,,IL,יוגורט יווני 10% 600,גרמים,600.00,100 גרם,false,1,17.90,2.98,true,1,
7290017065618,false,פקורינו פרוס 150 גר,,ES,פקורינו פרוס 150 גר,גרמים,150.00,100 גרם,false,1,22.90,15.27,true,1,
7290017065649,false,קרם פטיסייר 250 גר,,IL,קרם פטיסייר 250 גר,גרמים,250.00,100 גרם,false,1,20.90,8.36,true,1,
7290017065663,false,פטה עיזים מעודנת 16% 250 גר,,,פטה עיזים מעודנת 16%,גרמים,250.00,100 גרם,false,1,33.90,13.56,true,1,
7290017065731,false,גבינת שמנת עם כמהין 30%,,IL,גבינת שמנת עם כמהין,גרמים,200.00,100 גרם,false,1,13.90,6.95,true,1,
7290017065762,false,גבינת מאנורי 100 גרם,,IL,גבינת מאנורי 100 גרם,גרמים,100.00,100 גרם,false,1,11.90,11.90,true,1,
7290017065786,false,צדר 210 גרם,,,צדר 210 גרם,גרמים,210.00,100 גרם,false,1,24.50,11.67,true,1,
7290017065861,false,קאציו אה פפה 200 גרם,,,קאציו אה פפה 200 גרם,גרמים,200.00,100 גרם,false,1,15.90,7.95,true,1,
7290017065878,false,רוטב מק אנד ציז 200 גרם,,,רוטב מק אנד ציז 200,גרמים,200.00,100 גרם,false,1,15.90,7.95,true,1,
7290017100395,false,S כפפות פנדה לטקס פרפקט 100 יח,,,S כפפות פנדה לטקס פר,יחידה,1.00,יחידה,false,1,43.90,43.90,true,1,
7290017100418,false,L כפפות פנדה לטקס פרפקט 100 יח,,,L כפפות פנדה לטקס פר,יחידה,1.00,יחידה,false,1,43.90,43.90,true,1,
7290017100425,false,XL כפפות פנדה לטקס פרפקט 100 יח,,,XL כפפות פנדה לטקס פ,יחידה,1.00,יחידה,false,1,43.90,43.90,true,1,
7290017105079,false,שימורי יכין שעועית אפויה 200 גר,,,שימורי יכין שעועית א,גרמים,200.00,100 גרם,false,1,4.90,2.45,true,1,
7290017105086,false,שימורי יכין שעועית צילי 200 גר,,,שימורי יכין שעועית צ,גרמים,200.00,100 גרם,false,1,4.90,2.45,true,1,
7290017105116,false,שימורי יכין תורמוס 200 גר,,,שימורי יכין תורמוס 2,גרמים,200.00,100 גרם,false,1,4.90,2.45,true,1,
7290017105468,false,מארז שלישייה אפונה קטנה יכין 3*200 גר,,IL,מארז שלישייה אפונה ק,גרמים,600.00,100 גרם,false,1,15.90,2.65,true,1,
7290017105550,false,מאגדת יכין רסק 100% עגבנייה 4*100 גרם,,IL,מאגדת רסק 100% עגבני,גרמים,400.00,100 גרם,false,1,12.90,3.23,true,1,
7290017105895,false,גרגירי חומוס מסעדות יכין 550 גרם,,IL,גרגירי חומוס מסעדות,Unknown,550.00,Unknown,false,1,10.90,0.02,true,1,
7290017141152,false,"גין ליים מלפפון מוגז 330 מ""ל",,IL,גין ליים מלפפון מוגז,מיליליטרים,330.00,"100 מ""ל",false,1,14.90,4.52,true,1,
7290017141176,false,"וודקה עם חמוציות אוק אנד אש 330 מ""ל",,IL,וודקה עם חמוציות אוק,מיליליטרים,330.00,"100 מ""ל",false,1,14.90,4.52,true,1,
7290017142005,false,"שמן קוקוס אורגני כתית 320 מ""ל עץ הזית",,,שמן קוקוס אורגני כתי,מיליליטרים,320.00,"100 מ""ל",false,1,29.90,9.34,true,1,
7290017142159,false,שלישיה טונה בשמן זית עץ הזית 3*80 גרם,,,שלישיה טונה בשמן זית,גרמים,240.00,100 גרם,false,1,24.90,10.38,true,1,
7290017142180,false,פילה טונה פרוס בשמן זית לימון פלפל 120 ג,,,פילה טונה פרוס בשמן,גרמים,120.00,100 גרם,false,1,15.90,13.25,true,1,
7290017142289,false,"תרסיס שמן חמניות מזוכך עץ הזית 200 מ""ל",,IL,תרסיס שמן חמניות מזו,מיליליטרים,200.00,"100 מ""ל",false,1,16.70,8.35,true,1,
7290017142395,false,טונה עם פסטה בשמן זית 160 גרם עץ הזית,,TH,טונה עם פסטה בשמן זי,גרמים,160.00,100 גרם,false,1,14.90,9.31,true,1,
7290017142487,false,בורגול עם גרגירי חומוס עם טונה בשמן זי,,TH,בורגול עם גרגירי חומ,גרמים,160.00,100 גרם,false,1,14.90,9.31,true,1,
7290017180281,false,מיונז טבעוני 260 גרם,,IL,מיונז טבעוני 260 גרם,גרמים,260.00,100 גרם,false,1,19.90,7.65,true,1,
7290017181363,false,רוטב לשקשוקה דודה ברטה 700 גרם,,IL,רוטב לשקשוקה דודה בר,גרמים,700.00,100 גרם,false,1,24.90,3.56,true,1,
7290017266060,false,וופל קראנצ`מילוי קרם בטעם שוקולד 175 גר,,,וופל קראנצ,גרמים,175.00,100 גרם,false,1,7.90,4.51,true,1,
7290017266909,false,SUN וופלים במילוי קרם בטעם שוקולד 200 גר,,IL,SUN וופלים במילוי קר,גרמים,200.00,100 גרם,false,1,4.90,2.45,true,1,
7290017289601,false,"IMPRESSION בלנד לבן 150 שנה 750 מ""ל",,,IMPRESSION בלנד לבן,Unknown,0.00,Unknown,false,1,49.90,49.90,true,1,
7290017289618,false,"IMPRESSION פטיט סירה 150 שנה 750 מ""ל",,,IMPRESSION פטיט סירה,Unknown,0.00,Unknown,false,1,49.90,49.90,true,1,
7290017325453,false,"משקה שקדים ללת""ס לל""ג אורגני 1 ליטר",,,"משקה שקדים ללת""ס לל""",מיליליטרים,1000.00,"100 מ""ל",false,1,16.40,1.64,true,1,
7290017325613,false,משקה שיבולת שועל אורגני 1 ליטר הרדוף,,ES,משקה שיבולת שועל אור,מיליליטרים,1000.00,"100 מ""ל",false,1,11.90,1.19,true,1,
7290017325620,false,משקה אורז בתוספת שקדים אורגנים 1 ליטר הר,,ES,משקה אורז בתוספת שקד,מיליליטרים,1000.00,"100 מ""ל",false,1,11.90,1.19,true,1,
7290017325705,false,"קמח שיבולת שועל לל""ג אורגני 500 גרם",,IL,"קמח שיבולת שועל לל""ג",גרמים,500.00,100 גרם,false,1,17.90,3.58,true,1,
7290017325743,false,"קמח עדשים אדומות לל""ג אורגני 500 גרם",,IL,"קמח עדשים אדומות לל""",גרמים,500.00,100 גרם,false,1,17.90,3.58,true,1,
7290017325828,false,"קוסקוס חומוס לל""ג אורגני הרדוף 350 גרם",,IT,"קוסקוס חומוס לל""ג או",גרמים,350.00,100 גרם,false,1,19.90,5.69,true,1,
7290017325897,false,"משקה סויה במתיקות מעודנת לל""ג אורגני 1 ל",,ES,משקה סויה במתיקות מע,מיליליטרים,1000.00,"100 מ""ל",false,1,12.90,1.29,true,1,
7290017386126,false,"קמח כוסמין 70% כרם 1 ק""ג",,IL,קמח כוסמין 70% כרם,גרמים,1000.00,100 גרם,false,1,15.90,1.59,true,1,
7290017386157,false,"קמח כוסמין לבן כרם - 1 ק""ג",,IL,קמח כוסמין לבן כרם,גרמים,1000.00,100 גרם,false,1,14.90,1.49,true,1,
7290017386188,false,קוואקר דק ללא גלוטן 450 גרם,,GB,קוואקר דק ללא גלוטן,גרמים,450.00,100 גרם,false,1,19.90,4.42,true,1,
7290017386263,false,"סירופ מייפל אורגני כרם 250 מ""ל",,,סירופ מייפל אורגני כ,מיליליטרים,250.00,"100 מ""ל",false,1,31.50,12.60,true,1,
7290017386270,false,אבקת קקאו אורגנית 200 גרם,,PE,אבקת קקאו אורגנית 20,גרמים,200.00,100 גרם,false,1,25.90,12.95,true,1,
7290017386997,false,מי קוקוס אורגניים 1 ליטר,,VN,מי קוקוס אורגניים 1,מיליליטרים,1000.00,"100 מ""ל",false,1,16.90,1.69,true,1,
7290017389011,false,מנגו מיובש ללא סוכר 160 גרם קופסא,,,מנגו מיובש ללא סוכר,גרמים,160.00,100 גרם,false,1,21.90,13.69,true,1,
7290017389028,false,אננס מיובש ללא סוכר 160 גרם קופסא,,,אננס מיובש ללא סוכר,גרמים,160.00,100 גרם,false,1,20.90,13.06,true,1,
7290017440804,false,"מסכת הזנה silver לשיער כסוף 300 מ""ל",,IL,מסכת הזנה silver לשי,מיליליטרים,300.00,"100 מ""ל",false,1,39.90,13.30,true,1,
7290017460086,false,פירורי לחם קלאסי זהב 400 גרם,,IL,פירורי לחם קלאסי זהב,גרמים,400.00,100 גרם,false,1,11.90,2.98,true,1,
7290017477299,false,געלה 200 גרם,,IL,געלה 200 גרם,גרמים,200.00,100 גרם,false,1,11.40,5.70,true,1,
7290017477305,false,זרעי ציה 250 גרם,,IL,זרעי ציה 250 גרם,גרמים,250.00,100 גרם,false,1,10.90,4.36,true,1,
7290017477350,false,תערובת לסלט ירוק 200 גרם,,IL,תערובת לסלט ירוק,גרמים,200.00,100 גרם,false,1,11.40,5.70,true,1,
7290017477367,false,מטבעות שוקולד לבן לאפיה 300 גרם,,IL,מטבעות שוקולד לבן לא,גרמים,300.00,100 גרם,false,1,16.70,5.57,true,1,
7290017477374,false,מטבעות שוקולד חלב לאפיה 300 גרם,,IL,מטבעות שוקולד חלב,גרמים,300.00,100 גרם,false,1,16.70,5.57,true,1,
7290017477398,false,שוקולד ציפס מריר 45% לאפיה 300 גרם,,IL,שוקולד ציפס מריר 45%,גרמים,300.00,100 גרם,false,1,16.70,5.57,true,1,
7290017513775,false,בייגלה פליפז מצופה בשוקולד חלב 140 גר,,TR,בייגלה פליפז מצופה ב,גרמים,140.00,100 גרם,false,1,9.50,6.79,true,1,
7290017513782,false,בייגלה פליפז מצופה בשוקולד מריר 140 גר,,TR,בייגלה פליפז מצופה ב,גרמים,140.00,100 גרם,false,1,9.50,6.79,true,1,
7290017516295,false,חטיף חלבון פרוטאין אגוז לוז שוקולד 50 גר,,,חטיף חלבון פרוטאין א,גרמים,50.00,100 גרם,false,1,11.50,23.00,true,1,
7290017516318,false,חטיף חלבון פרוטאין שוקולד 50 גר,,,חטיף חלבון פרוטאין ש,גרמים,50.00,100 גרם,false,1,11.50,23.00,true,1,
7290017516332,false,חטיף חלבון פרוטאין חמאת בוטנים 50 גר,,,חטיף חלבון פרוטאין ח,גרמים,50.00,100 גרם,false,1,11.50,23.00,true,1,
7290017516479,false,פנגיאה פרוטאין וניל 50 גרם,,,פנגיאה פרוטאין וניל,גרמים,50.00,100 גרם,false,1,11.50,23.00,true,1,
7290017516486,false,פנגיאה פרוטאין טרופי 50 גרם,,,פנגיאה פרוטאין טרופי,גרמים,50.00,100 גרם,false,1,11.50,23.00,true,1,
7290017589565,false,"יין קלאסיק גוורצטרמינר 750 מ""ל ברקן",,,יין קלאסיק גוורצטרמי,Unknown,0.00,Unknown,false,1,35.90,35.90,true,1,
7290017589633,false,"רזרב גולד אדישיין קברנה סוביניון 750 מ""ל",,,רזרב גולד אדישיין קב,Unknown,0.00,Unknown,false,1,49.90,49.90,true,1,
7290017599229,false,סוכרזית סוכרלוז 200 טבליות,,IL,סוכרזית סוכרלוז 200,Unknown,0.00,Unknown,false,1,25.90,25.90,true,1,
7290017599236,false,סוכרזית סטיוויה 200 טבליות,,IL,סוכרזית סטיוויה 200,Unknown,0.00,Unknown,false,1,27.90,27.90,true,1,
7290017599250,false,סוכרזית קלאסי 120 שקיות,,,סוכרזית קלאסי 120 ש,גרמים,100.00,100 גרם,false,1,41.90,41.90,true,1,
7290017599274,false,סוכרזית סטיוויה 120 שקיות,,,סוכרזית סטיוויה 120,גרמים,120.00,100 גרם,false,1,41.90,34.92,true,1,
7290017617046,false,רביעיית טונה בשמן זית כתית 4*140 גר,,,רביעיית טונה בשמן זי,גרמים,560.00,100 גרם,false,1,29.90,5.34,true,1,
7290017617084,false,סטארקיסט מיקס טו גו טונה ושעועית 185 גרם,,,סטארקיסט מיקס טו גו,גרמים,185.00,100 גרם,false,1,13.90,7.51,true,1,
7290017617091,false,סטארקיסט מיקס טו גו טונה ופתיתים 185 גרם,,,סטארקיסט מיקס טו גו,גרמים,185.00,100 גרם,false,1,13.90,7.51,true,1,
7290017617107,false,סטארקיסט מיקס טו גו טונה 4 דגנים 185 גרם,,,סטארקיסט מיקס טו גו,גרמים,185.00,100 גרם,false,1,13.90,7.51,true,1,
7290017617138,false,סטארקיסט טונה קנולה דלת נתרן שמן 4*160,,,סטארקיסט טונה קנולה,גרמים,640.00,100 גרם,false,1,25.90,4.05,true,1,
7290017617411,false,טונה סטארקיסט סלמון אורז מלא וירקות 160ג,,PL,טונה סטארקיסט סלמון,גרמים,160.00,100 גרם,false,1,16.90,10.56,true,1,
7290017617428,false,טונה סטארקיסט סלמון פסטה ברוטב עגבני 160,,PL,טונה סטארקיסט סלמון,גרמים,160.00,100 גרם,false,1,16.90,10.56,true,1,
7290017631110,false,בשר עם אורז טושונקה 400 גר,,IL,בשר עם אורז טושונקה,גרמים,400.00,100 גרם,false,1,14.90,3.73,true,1,
7290017631622,false,בשר עם כוסמת טושונקה 400 גר,,IL,בשר עם כוסמת טושונקה,גרמים,400.00,100 גרם,false,1,14.90,3.73,true,1,
7290017647548,false,"יין ירדן מרלו 2018 750 מ""ל",,,יין ירדן מרלו 2018 7,Unknown,0.00,Unknown,false,1,104.90,104.90,true,1,
7290017647708,false,"יין גמלא גוורצטרמינר 21 עברית 750 מ""ל",,,יין גמלא גוורצטרמינר,Unknown,0.00,Unknown,false,1,64.90,64.90,true,1,
7290017647722,false,"יין גמלא בלאנקו 20 עברית 750 מ""ל",,,יין גמלא בלאנקו 20 ע,Unknown,0.00,Unknown,false,1,64.90,64.90,true,1,
7290017647852,false,"יין ירדן מרלו 2019 750 מ""ל",,,יין ירדן מרלו 2019 7,Unknown,0.00,Unknown,false,1,104.90,104.90,true,1,
7290017647944,false,"יין פינו נואר ירדן 2020 750 מ""ל",,,יין פינו נואר ירדן 2,Unknown,0.00,Unknown,false,1,109.90,109.90,true,1,
7290017675015,false,טחינה היונה 450 גרם,,IL,טחינה היונה 450 גרם,גרמים,450.00,100 גרם,false,1,16.70,3.71,true,1,
7290017677804,false,"רוטב סויה קיקומן 444 מ""ל",,,רוטב סויה קיקומן 444,מיליליטרים,444.00,"100 מ""ל",false,1,25.10,5.65,true,1,
7290017712222,false,פרמיו שימורי מזון מל,,,פרמיו שימורי מזון מל,Unknown,0.00,Unknown,false,1,4.90,4.90,true,1,
7290017712260,false,פרמיו פטה סלמון לכלב,,,פרמיו פטה סלמון לכלב,Unknown,0.00,Unknown,false,1,5.90,5.90,true,1,
7290017712390,false,חטיף פרמיו סושי סלמו,,,חטיף פרמיו סושי סלמו,Unknown,0.00,Unknown,false,1,16.90,16.90,true,1,
7290017712659,false,הוריזן עוף לגור כלבי,,,הוריזן עוף לגור כלבי,Unknown,1.00,Unknown,false,1,4.90,4.90,true,1,
7290017712673,false,הוריזן בקר וכבד לכלב,,,הוריזן בקר וכבד לכלב,Unknown,1.00,Unknown,false,1,4.90,4.90,true,1,
7290017712758,false,פרמיו סלמון 100 ג,,,פרמיו סלמון 100 ג,Unknown,0.00,Unknown,false,1,4.90,4.90,true,1,
7290017712765,false,פרמיו סלמון ופורל 10,,,פרמיו סלמון ופורל 10,Unknown,0.00,Unknown,false,1,4.90,4.90,true,1,
7290017712949,false,פרמיו כריות סטרילייז,,,פרמיו כריות סטרילייז,Unknown,1.00,Unknown,false,1,9.90,9.90,true,1,
7290017715346,false,זית שחור טאסוס 400 גרם,,TR,זית שחור טאסוס 400,גרמים,400.00,100 גרם,false,1,15.90,3.98,true,1,
7290017715353,false,זית שחור טאסוס 700 גרם,,,זית שחור טאסוס 700 ג,גרמים,700.00,100 גרם,false,1,19.90,2.84,true,1,
7290017715735,false,A2 זית סורי מבוקע תומר 560 גרם,,IL,A2 זית סורי מבוקע תו,גרמים,560.00,100 גרם,false,1,9.90,1.77,true,1,
7290017751931,false,"אלכו גל 100 מ""ל",,IL,גל חיטוי ידיים 100 מ,Unknown,0.00,Unknown,false,1,10.90,10.90,true,1,
7290017791142,false,קרקר כוסמין מלא שקית,,IL,קרקר כוסמין מלא שקית,גרמים,225.00,100 גרם,false,1,27.90,12.40,true,1,
7290017791203,false,קרקר כוסמין מלא סלק שקית,,IL,קרקר כוסמין מלא סלק,גרמים,225.00,100 גרם,false,1,27.90,12.40,true,1,
7290017812571,false,יין תירוש אדום 100%ה טבעי 1 ליטר,,,יין תירוש אדום 100%,Unknown,0.00,Unknown,false,1,21.90,21.90,true,1,
7290017812588,false,יין תירוש לבן 100%ה טבעי 1 ליטר,,,יין תירוש לבן 100% ט,Unknown,0.00,Unknown,false,1,21.90,21.90,true,1,
7290017812885,false,"יין סוביניון בלאן גוורצטרמינר 750 מ""ל",,,יין סוביניון בלאן גו,Unknown,0.00,Unknown,false,1,39.90,39.90,true,1,
7290017870243,false,כוס נייר ענקית קשיח,,CN,כוס נייר ענקית קשיח,Unknown,1.00,Unknown,false,1,21.50,21.50,true,1,
7290017870250,false,כוס נייר גלים 12OZ ע,,CN,כוס נייר גלים 12OZ ע,Unknown,0.00,Unknown,false,1,16.90,16.90,true,1,
7290017870670,false,ליפתנית 5 מתכלה מעץ,,IN,ליפתנית 5 מתכלה מעץ,Unknown,1.00,Unknown,false,1,9.90,9.90,true,1,
7290017870717,false,צלחת 8 בינונית מרוב,,IN,צלחת 8 בינונית מרוב,Unknown,1.00,Unknown,false,1,14.50,14.50,true,1,
7290017872070,false,פרשוואנס,,IL,פרשוואנס שלישייה,Unknown,0.00,Unknown,false,1,13.50,13.50,true,1,
7290017872179,false,טוסו עוגיות טחינה 200 גרם,,,טוסו עוגיות טחינה 20,גרמים,200.00,100 גרם,false,1,22.90,11.45,true,1,
7290017872667,false,"סבון ידיים פמלי יהלום שמן קמומיל 500 מ""ל",,,סבון ידיים פמלי יהלו,מיליליטרים,500.00,"100 מ""ל",false,1,11.90,2.38,true,1,
7290017888071,false,"שוופס מוגז עדין פירות יער 330 מ""ל פחית",,IL,שוופס מוגז עדין פירו,מיליליטרים,330.00,"100 מ""ל",false,1,4.90,1.48,true,1,
7290017888347,false,מי עדן אישי 500 מל,,IL,מי עדן אישי 500 מל,מיליליטרים,500.00,"100 מ""ל",false,1,2.90,0.58,true,1,
7290017894041,false,"פתיתי שיבולת שועל דקה לל""ג דגש 400 גרם",,IL,פתיתי שיבולת שועל דק,גרמים,400.00,100 גרם,false,1,22.90,5.73,true,1,
7290017894089,false,קמח שיבולת שועל דגש 400 גרם,,IL,קמח שיבולת שועל דגש,גרמים,400.00,100 גרם,false,1,22.90,5.73,true,1,
7290017894140,false,נייר טואלט אקולוגי,,,נייר טואלט אקולוגי,Unknown,0.00,Unknown,false,1,46.90,46.90,true,1,
7290017894171,false,"קרם קוקוס אורגני גרין קוקו 250 מ""ל",,LK,קרם קוקוס אורגני גרי,מיליליטרים,250.00,"100 מ""ל",false,1,10.90,4.36,true,1,
7290017894201,false,סודה לשתייה ללא אלומיניום דגש 500 גרם,,IL,סודה לשתייה ללא אלומ,גרמים,500.00,100 גרם,false,1,18.90,3.78,true,1,
7290017894263,false,קטשופ אורגני 490 גרם,,LT,קטשופ אורגני 490 גרם,גרמים,490.00,100 גרם,false,1,13.90,2.84,true,1,
7290017894287,false,שקיות אוכל מנייר אקולוגי 50 יח,,IL,שקיות אוכל מנייר אקו,Unknown,0.00,Unknown,false,1,15.90,15.90,true,1,
7290017894331,false,חמאת אגוזי נמר לוז וקשיו 350 גרם,,IT,חמאת אגוזי נמר לוז ו,גרמים,350.00,100 גרם,false,1,34.90,9.97,true,1,
7290017894348,false,חמאת אגוזי נמר שקדים ופיסטוק 350 גרם,,IT,חמאת אגוזי נמר שקדים,גרמים,350.00,100 גרם,false,1,34.90,9.97,true,1,
7290017907208,false,קמח תמי רב תכליתי ללא גלוטן 500 גרם,,IL,קמח תמי רב תכליתי לל,גרמים,500.00,100 גרם,false,1,18.90,3.78,true,1,
7290017907222,false,קמח תמי תופח ללא גלוטן 500 גרם,,IL,קמח תמי תופח ללא גלו,גרמים,500.00,100 גרם,false,1,18.90,3.78,true,1,
7290017917283,false,"מגבוני קמיל בלו ד""ר פישר ללא בישום רביעי",,IL,"מגבוני קמיל בלו ד""ר",Unknown,0.00,Unknown,false,1,20.90,20.90,true,1,
7290017924014,false,מארז ציפס תפוחי עץ כרם 4*22 גרם,,,מארז ציפס תפוחי עץ כ,גרמים,88.00,100 גרם,false,1,18.90,21.48,true,1,
7290017924205,false,דפי אורז יסמין שחור 375 גרם,,VN,דפי אורז יסמין שחור,גרמים,375.00,100 גרם,false,1,15.90,4.24,true,1,
7290017928036,false,מקלות גריסיני שומשום 175 גרם,,IL,מקלות גריסיני שומשום,גרמים,175.00,100 גרם,false,1,12.90,7.37,true,1,
7290017928043,false,גריסיני קראנץ מלח 175 גרם,,IL,גריסיני קראנץ מלח 17,גרמים,175.00,100 גרם,false,1,12.90,7.37,true,1,
7290017928661,false,סמאש שבורים בטעם צדר 300 גרם,,BG,סמאש שבורים בטעם צדר,גרמים,300.00,100 גרם,false,1,16.70,5.57,true,1,
7290017928746,false,פירורי בייגלה מאיר בייגל 200 גר,,,פירורי בייגלה מאיר ב,גרמים,200.00,100 גרם,false,1,6.90,3.45,true,1,
7290017928821,false,מקלות גריסיני קלאסי 200 גרם,,IL,מקלות גריסיני קלאסי,גרמים,200.00,100 גרם,false,1,12.90,6.45,true,1,
7290017932088,false,בסיס פאי אפוי 170 גר,,,בסיס פאי אפוי 170 גר,גרמים,170.00,100 גרם,false,1,17.30,10.18,true,1,
7290017932231,false,"סירופ מייפל טהור גאלה 250 מ""ל",,,סירופ מייפל טהור גאל,מיליליטרים,250.00,"100 מ""ל",false,1,35.90,14.36,true,1,
7290017973487,false,שפרוטים גדולים בשמן ליפתית 200 גרם,,LV,שפרוטים גדולים בשמן,גרמים,200.00,100 גרם,false,1,9.90,4.95,true,1,
7290017973975,false,רצועות קלמרי מיובש ומומלח עם פלפל צילי,,,רצועות קלמרי מיובש ו,גרמים,90.00,100 גרם,false,1,14.60,16.22,true,1,
7290017973982,false,פרוסות דג שיבוט אלבין מיובש עם צילי 100,,,פרוסות דג שיבוט אלבי,גרמים,100.00,100 גרם,false,1,14.60,14.60,true,1,
7290018045695,false,דגניםבמילוי קרם קרמל מלוח 480 גרם,,DE,דגניםבמילוי קרם קרמל,מטרים,0.00,מטר,false,1,25.50,25.50,true,1,
7290018045893,false,דגניםבמילוי קרם נוגט 480 גרם,,DE,דגניםבמילוי קרם נוגט,מטרים,0.00,מטר,false,1,25.50,25.50,true,1,
7290018071243,false,כפפות פלסטיק שחורות איזי טאצ S 100 יח,,CN,כפפות פלסטיק שחורות,יחידה,1.00,יחידה,false,1,11.00,11.00,true,1,
7290018071250,false,כפפות פלסטיק שחורות איזי טאצ M 100 יח,,CN,כפפות פלסטיק שחורות,יחידה,1.00,יחידה,false,1,11.00,11.00,true,1,
7290018071267,false,כפפות פלסטיק שחורות איזי טאצ L 100 יח,,CN,כפפות פלסטיק שחורות,יחידה,1.00,יחידה,false,1,11.00,11.00,true,1,
7290018071274,false,כפפות פלסטיק שחורות איזי טאצ XL 100 יח,,CN,כפפות פלסטיק שחורות,יחידה,1.00,יחידה,false,1,11.00,11.00,true,1,
7290018091074,false,בצק עוגיות שוקולד ציפס מעדנות 300 גרם,,IL,בצק עוגיות שוקולד צי,גרמים,300.00,100 גרם,false,1,19.90,6.63,true,1,
7290018091234,false,פיצה מקסיקנית 260 גרם,,,פיצה מקסיקנית מעדנות,גרמים,260.00,100 גרם,false,1,16.90,6.50,true,1,
7290018091272,false,בצק עוגיות קקאו טריפל שוקולד ציפס מעדנו,,IL,בצק עוגיות קקאו טריפ,גרמים,300.00,100 גרם,false,1,19.90,6.63,true,1,
7290018091821,false,פיצה נפוליטנה 200 גרם,,,פיצה נפוליטנה 200 גר,גרמים,200.00,100 גרם,false,1,16.90,8.45,true,1,
7290018131251,false,אקסטרים מטבע שוקולד לבן וליבת קרם 128 גר,,,אקסטרים מטבע שוקולד,גרמים,128.00,100 גרם,false,1,10.60,8.28,true,1,
7290018131336,false,שלגון ליון 71 גרם,,,שלגון ליון 71 גרם,גרמים,71.00,100 גרם,false,1,10.60,14.93,true,1,
7290018131954,false,לה פרוטה תות נסטלה 350 גרם,,,לה פרוטה תות נסטלה 3,מיליליטרים,350.00,"100 מ""ל",false,1,32.90,9.40,true,1,
7290018165027,false,"יין רזרב גולד רוזה 750 מ""ל ברקן",,,יין רזרב גולד רוזה 7,Unknown,0.00,Unknown,false,1,49.90,49.90,true,1,
7290018192023,false,גבעול סלרי,,,גבעול סלרי,Unknown,0.00,Unknown,false,1,5.90,5.90,true,1,
7290018198056,false,תפוגן רוסטיק ציפס 1.5 קג,,,ציפס קוביות תפוגן 1.,גרמים,1500.00,100 גרם,false,1,26.90,1.79,true,1,
7290018198148,false,תפוגן קריספי ציפס קלאסי 1.25 קג,,IL,תפוגן קריספי ציפס קל,גרמים,1250.00,100 גרם,false,1,26.50,2.12,true,1,
7290018198254,false,תפוגן קריספי ציפס פוטטוס 1.25 קג,,IL,תפוגן קריספי ציפס פו,גרמים,1250.00,100 גרם,false,1,26.50,2.12,true,1,
7290018198384,false,ציפס קריספי פרוסות תפוגן 1.5 קג,,,ציפס קריספי פרוסות ת,גרמים,1500.00,100 גרם,false,1,24.90,1.66,true,1,
7290018237922,false,שניצלונים ציפוי ציפס עוף טוב 700 גרם,,,שניצלונים ציפוי ציפס,גרמים,700.00,100 גרם,false,1,22.90,3.27,true,1,
7290018237939,false,שניצלונים ציפוי שומשום עוף טוב 700 גרם,,IL,שניצלונים ציפוי שומש,גרמים,700.00,100 גרם,false,1,22.90,3.27,true,1,
7290018249352,false,אינסטנט פודינג קרמל סוויטאנגו 55 גר,,,אינסטנט פודינג קרמל,גרמים,55.00,100 גרם,false,1,12.90,23.45,true,1,
7290018249550,false,אינסטנט פודינג שוקולד סוויטאנגו 55 גר,,,אינסטנט פודינג שוקול,גרמים,55.00,100 גרם,false,1,12.90,23.45,true,1,
7290018249802,false,ממתיק סוויטאנגו 280 גר,,IL,ממתיק סוויטאנגו 280,גרמים,200.00,100 גרם,false,1,33.50,16.75,true,1,
7290018293805,false,מיץ עגבניות אורגני 1 ליטר,,,מיץ עגבניות אורגני 1,מיליליטרים,1000.00,"100 מ""ל",false,1,17.90,1.79,true,1,
7290018294192,false,"יין בלנד היינן 750 מ""ל P.C",,,יין בלנד היינן 750 מ,Unknown,0.00,Unknown,false,1,39.90,39.90,true,1,
7290018294208,false,יין אדום ישראלי 750 מל סלקטד,,,יין אדום ישראלי 750,Unknown,0.00,Unknown,false,1,32.90,32.90,true,1,
7290018338698,false,פנה דורום מלא אורגני 500 גרם,,,פנה דורום מלא אורגני,גרמים,500.00,100 גרם,false,1,9.90,1.98,true,1,
7290018338896,false,תה ירוק לימונית לואיזה אורגני 37.5 גרם,,LK,תה ירוק לימונית לואי,גרמים,38.00,100 גרם,false,1,14.90,39.21,true,1,
7290018338940,false,תה ירוק קינמון ותפוח אורגני 37.5 גרם,,LK,תה ירוק קינמון ותפוח,גרמים,38.00,100 גרם,false,1,14.90,39.21,true,1,
7290018344729,false,"טבע ירוק עוגיות כוסמין פקאן לל""ס 200 גר",,IL,טבע ירוק עוגיות כוסמ,גרמים,200.00,100 גרם,false,1,24.90,12.45,true,1,
7290018344736,false,"טבע ירוק עוגיות כוסמין שוקולד לל""ס 200 ג",,IL,טבע ירוק עוגיות כוסמ,גרמים,200.00,100 גרם,false,1,24.90,12.45,true,1,
7290018359129,false,פולפה עגבניות מקולפות חתוכות דק 690 גרם,,,פולפה עגבניות מקולפו,גרמים,690.00,100 גרם,false,1,10.90,1.58,true,1,
7290018359334,false,רכז עגבניות טבעי פריכוז שף יכין 580 גר,,IL,רכז עגבניות טבעי פרי,גרמים,580.00,100 גרם,false,1,10.90,1.88,true,1,
7290018359495,false,תירס מהשדה ללא תוספת סוכר יכין 550 גר,,IL,תירס מהשדה ללא תוספת,גרמים,550.00,100 גרם,false,1,10.90,1.98,true,1,
7290018359518,false,תירס מהשדה יכין 200*3 גרם,,,תירס מהשדה יכין 200*,גרמים,600.00,100 גרם,false,1,15.90,2.65,true,1,
7290018359570,false,שעועית צילי הקטניה יכין מארז 3* 200 גר,,,שעועית צילי הקטניה,גרמים,600.00,100 גרם,false,1,13.90,2.32,true,1,
7290018359587,false,חומוס הקטניה הטובה יכין מארז 3*200 גר,,,חומוס הקטניה הטובה י,גרמים,600.00,100 גרם,false,1,13.90,2.32,true,1,
7290018359662,false,קוביות סלק יכין מארז 3*200 גר,,,קוביות סלק יכין מארז,גרמים,600.00,100 גרם,false,1,15.90,2.65,true,1,
7290018359686,false,חומוס ענק יכין 550 ג A2,,IL,חומוס ענק יכין 550 ג,גרמים,550.00,100 גרם,false,1,10.90,1.98,true,1,
7290018359716,false,רוטב עגבניות פיצה טוסקנה 240 גרם יכין,,IL,רוטב עגבניות פיצה ט,גרמים,240.00,100 גרם,false,1,6.90,2.88,true,1,
7290018359938,false,רוטב עגבניות לשקשוקה יכין 400 גר,,,רוטב עגבניות לשקשוקה,גרמים,400.00,100 גרם,false,1,12.90,3.23,true,1,
7290018359945,false,רוטב פיקנטי חאריפה יכין 400 גר,,,רוטב פיקנטי חאריפה י,גרמים,400.00,100 גרם,false,1,12.90,3.23,true,1,
7290018371046,false,עגבניות שרי תמר אורגני 315 גרם,,IT,עגבניות שרי תמר אורג,גרמים,315.00,100 גרם,false,1,29.90,9.49,true,1,
7290018371312,false,אובלטים מקמח כוסמת אורגני 100 גרם,,IL,אובלטים מקמח כוסמת א,גרמים,100.00,100 גרם,false,1,13.90,13.90,true,1,
7290018371503,false,וופל קמח כוסמין אגוזים אורגני 200 גרם,,IL,וופל קמח כוסמין אגוז,גרמים,200.00,100 גרם,false,1,16.90,8.45,true,1,
7290018371602,false,קוביות וופלים כוסמין קקאו אורגני 200 גרם,,IL,קוביות וופלים כוסמין,גרמים,200.00,100 גרם,false,1,16.90,8.45,true,1,
7290018376416,false,פילה ברבוניה קפוא,,,פילה ברבוניה קפוא,Unknown,0.00,Unknown,false,0,29.90,29.90,true,1,
7290018380505,false,"אורז פרסי לבן ארוך 1 ק""ג",,TH,אורז פרסי לבן ארוך 1,גרמים,1000.00,100 גרם,false,1,7.90,0.79,true,1,
7290018394038,false,פיטריות שיטאקי מיובשות חוות תקוע,,,פיטריות שיטאקי מיובש,Unknown,0.00,Unknown,false,1,10.90,10.90,true,1,
7290018394083,false,שום פנינה 250 גר,,,שום פנינה 250 גר,גרמים,250.00,100 גרם,false,1,21.90,8.76,true,1,
7290018400647,false,סמודיז בננה תמר סנפרוסט 300 גרם,,,סמודיז בננה תמר סנפר,גרמים,300.00,100 גרם,false,1,19.90,6.63,true,1,
7290018440070,false,תרכיז עגבניות בשפורפרת,,,תרכיז עגבניות בשפורפ,גרמים,200.00,100 גרם,false,1,9.90,4.95,true,1,
7290018440223,false,צאי מסאלה 25 שקיקים 50 גר,,,צאי מסאלה 25 שקיקים,גרמים,50.00,100 גרם,false,1,22.90,45.80,true,1,
7290018440230,false,צאי ורדים 25 שקיקים 50 גר,,,צאי ורדים 25 שקיקים,גרמים,50.00,100 גרם,false,1,22.90,45.80,true,1,
7290018440407,false,תה ירוק מאטה קקאו לוז 25 שקיקים,,,תה ירוק מאטה קקאו לו,גרמים,400.00,100 גרם,false,1,26.90,6.73,true,1,
7290018440445,false,טונה קאלוו בשמן זית 160 גר,,,טונה קאלוו בשמן זית,גרמים,160.00,100 גרם,false,1,17.90,11.19,true,1,
7290018440476,false,140 בייגלה מצופה בקרם עוגת גבינג,,,140 בייגלה מצופה בקר,גרמים,140.00,100 גרם,false,1,9.50,6.79,true,1,
7290018440483,false,140 בייגלה מצופה בקרמל מלוח ושוקולד גר,,,140 בייגלה מצופה בק,גרמים,140.00,100 גרם,false,1,9.50,6.79,true,1,
7290018440490,false,סלט טונה קאלוו עם קוסקוס 150 גר,,,סלט טונה קאלוו עם קו,גרמים,150.00,100 גרם,false,1,14.90,9.93,true,1,
7290018440513,false,סלט קליפורנייה קאלוו עם טונה 150 גר,,,סלט קליפורנייה קאלוו,גרמים,150.00,100 גרם,false,1,14.90,9.93,true,1,
7290018440896,false,חליטת גינגר וכורכום- אפקט הגינגר 25 שק,,,חליטת גינגר וכורכום-,גרמים,50.00,100 גרם,false,1,22.90,45.80,true,1,
7290018441626,false,"בן אנד גריס גלידת מנטה עוגיות 500 מ""ל",,,בן אנד גריס גלידת מנ,מיליליטרים,500.00,"100 מ""ל",false,1,25.90,5.18,true,1,
7290018441664,false,מאגדת טילון קוקי מיקס בן&גריס *4,,,מאגדת טילון קוקי מיק,גרמים,400.00,100 גרם,false,1,29.90,7.48,true,1,
7290018468425,false,נקניק טבעוני בטעם פקנטי 100 גרם טירת צבי,,IL,נקניק טבעוני בטעם פק,גרמים,100.00,100 גרם,false,1,20.90,20.90,true,1,
7290018468432,false,נקניק טבעוני בטעם מעושן 100 גרם טירת צבי,,IL,נקניק טבעוני בטעם מע,גרמים,100.00,100 גרם,false,1,20.90,20.90,true,1,
7290018471029,false,שישיית שוופס סודה לימון 500 מל,,,שישיית שוופס סודה לי,מיליליטרים,1500.00,"100 מ""ל",false,1,17.30,1.15,true,1,
7290018471036,false,"שוופס סודה לימון 500 מ""ל",,,שוופס סודה לימון 500,מיליליטרים,500.00,"100 מ""ל",false,1,2.90,0.58,true,1,
7290018471111,false,"שוופס ליים מוחיטו 330 מ""ל בק",,,שוופס ליים מוחיטו 33,מיליליטרים,330.00,"100 מ""ל",false,1,6.20,1.88,true,1,
7290018471210,false,קרטונית נקטר ספרינג תפוח סברס 1 ליטר,,,קרטונית נקטר ספרינג,מיליליטרים,1000.00,"100 מ""ל",false,1,7.60,0.76,true,1,
7290018471449,false,ספרינג שייק בננה תמר תפוז 1 ל קרטונית,,IL,ספרינג שייק בננה תמר,מיליליטרים,1000.00,"100 מ""ל",false,1,14.60,1.46,true,1,
7290018471463,false,תפוזינה תפוז מנגו 1 ל קרטונית enjoy,,,תפוזינה תפוז מנגו 1,מיליליטרים,1000.00,"100 מ""ל",false,1,8.00,0.80,true,1,
7290018471470,false,תפוזינה תפוז פסיפלורה 1 ל קרטונית enjoy,,,תפוזינה תפוז פסיפלור,מיליליטרים,1000.00,"100 מ""ל",false,1,8.00,0.80,true,1,
7290018471906,false,שוופס מוגז לימונדה ורודה 1.5 ליטר,,IL,שוופס מוגז לימונדה ו,ליטרים,0.00,ליטר,false,1,9.30,9.30,true,1,
7290018471913,false,שוופס מוגז תפוחים 1.5 ל,,IL,שוופס מוגז תפוחים 1.,ליטרים,0.00,ליטר,false,1,9.30,9.30,true,1,
7290018471920,false,שוופס מוגז ענבים 1.5 ל,,IL,שוופס מוגז ענבים 1.5,ליטרים,0.00,ליטר,false,1,9.30,9.30,true,1,
7290018471937,false,שוופס מוגז פירות תות ליים 1.5 ל,,IL,שוופס מוגז פירות תות,ליטרים,0.00,ליטר,false,1,9.30,9.30,true,1,
7290018471944,false,שוופס מוגז לימונייד 1.5 ליטר,,IL,שוופס מוגז לימונייד,ליטרים,0.00,ליטר,false,1,9.30,9.30,true,1,
7290018493144,false,אל סבון היגייני קמיל דר פישר 1 ליטר,,,אל סבון היגייני קמיל,ליטרים,0.00,ליטר,false,1,16.90,16.90,true,1,
7290018509111,false,"כוסות 180 מ""ל 75 יח",,,"כוסות 180 מ""ל 75 יח",יחידה,1.00,יחידה,false,1,8.90,8.90,true,1,
7290018516256,false,פרמיו גור עוף 150 ג,,,פרמיו גור עוף 150 ג,Unknown,1.00,Unknown,false,1,5.90,5.90,true,1,
7290018542033,false,כפיות רויאל 10 יח,,TR,כפיות רויאל 10 יח,Unknown,0.00,Unknown,false,1,5.20,5.20,true,1,
7290018542149,false,צלחת 9 אבן שיש לבנה,,CN,צלחת 9 אבן שיש לבנה,Unknown,1.00,Unknown,false,1,31.90,31.90,true,1,
7290018542156,false,צלחת 10 אבן שיש לבנ,,CN,צלחת 10 אבן שיש לבנ,Unknown,0.00,Unknown,false,1,43.90,43.90,true,1,
7290018542163,false,מרקיה אבן שיש לבנה ע,,CN,מרקיה אבן שיש לבנה ע,Unknown,1.00,Unknown,false,1,20.90,20.90,true,1,
7290018542200,false,צלחת 10 אבן שיש שחור,,CN,צלחת 10 אבן שיש שחור,Unknown,0.00,Unknown,false,1,43.90,43.90,true,1,
7290018542798,false,תבניות אלומיניום זהב,,CN,תבניות אלומיניום זהב,Unknown,1.00,Unknown,false,1,11.90,11.90,true,1,
7290018542873,false,מזלגות עץ אר 50 יח,,IN,מזלגות עץ אר 50 יח,יחידה,1.00,יחידה,false,1,10.90,10.90,true,1,
7290018542897,false,כפיות עץ אר 50 יח,,IN,כפיות עץ אר 50 יח,יחידה,1.00,יחידה,false,1,7.90,7.90,true,1,
7290018542958,false,צלחת מתכלה 7.5 סדרת,,CN,צלחת מתכלה 7.5 סדרת,Unknown,1.00,Unknown,false,1,11.90,11.90,true,1,
7290018542965,false,צלחת מתכלה 9 סדרת שמ,,CN,צלחת מתכלה 9 סדרת שמ,Unknown,1.00,Unknown,false,1,17.50,17.50,true,1,
7290018542972,false,צלחת מתכלה 10 סדרת ש,,CN,צלחת מתכלה 10 סדרת ש,Unknown,1.00,Unknown,false,1,24.90,24.90,true,1,
7290018542989,false,קערה עגולה מתכלה 7.5,,CN,קערה עגולה מתכלה 7.5,Unknown,1.00,Unknown,false,1,16.90,16.90,true,1,
7290018542996,false,קערה אובלית מתכלה 7.,,CN,קערה אובלית מתכלה 7.,Unknown,1.00,Unknown,false,1,11.90,11.90,true,1,
7290018593295,false,קשיו פסטו חצי קשה טבעוני פלנטי 200 גרם,,IL,קשיו פסטו חצי קשה טב,גרמים,200.00,100 גרם,false,1,30.90,15.45,true,1,
7290018593325,false,לאבנה שקדים טבעוני פלנטי 220 גרם,,IL,לאבנה שקדים טבעוני פ,גרמים,220.00,100 גרם,false,1,21.90,9.95,true,1,
7290018641446,false,"ערק לימונדה מוגז 330 ""מ""ל",,,ערק לימונדה מוגז 33,מיליליטרים,330.00,"100 מ""ל",false,1,14.90,4.52,true,1,
7290018652039,false,לה קרמריה כרמל מלוח ונוגט 1.4 ליטר,,IL,לה קרמריה כרמל מלוח,מיליליטרים,1400.00,"100 מ""ל",false,1,25.90,1.85,true,1,
7290018652053,false,ביסקולידה אקסטרה שוקו וניל 90 גרם,,IL,ביסקולידה אקסטרה שוק,גרמים,90.00,100 גרם,false,1,5.90,6.56,true,1,
7290018652213,false,מאגדת קראנץ בר 298 גרם,,,מאגדת קראנץ בר 298 ג,גרמים,298.00,100 גרם,false,1,24.90,8.36,true,1,
7290018652671,false,לה קרמריה וולנס שוק וניל תו איל 700 גרם,,,לה קרמריה וולנס שוק,גרמים,700.00,100 גרם,false,1,24.50,3.50,true,1,
7290018652688,false,לה קרמריה פירות טרופיים 700 גרם,,,לה קרמריה פירות טרופ,גרמים,700.00,100 גרם,false,1,24.50,3.50,true,1,
7290018652886,false,מאגדת שוקו בננה 440 גרם,,,מאגדת שוקו בננה 440,גרמים,450.00,100 גרם,false,1,30.90,6.87,true,1,
7290018652909,false,מאגדת 99 תות עוגת גבינה 275 גרם,,,מאגדת 99 תות עוגת גב,גרמים,275.00,100 גרם,false,1,30.90,11.24,true,1,
7290018652923,false,מאגדת 99 אספרסו שוקולד 275 גרם,,,מאגדת 99 אספרסו שוקו,גרמים,275.00,100 גרם,false,1,30.90,11.24,true,1,
7290018677063,false,קוואקר עבה אורגני 500 גרם,,DK,קוואקר עבה אורגני 50,גרמים,500.00,100 גרם,false,1,11.90,2.38,true,1,
7290018677070,false,"קרם קוקוס אורגני 330 מ""ל",,LK,קרם קוקוס אורגני 330,מיליליטרים,330.00,"100 מ""ל",false,1,14.20,4.30,true,1,
7290018677087,false,"קרם קוקוס לל""ג אורגני נוטרה זן 1 ליטר",,LK,"קרם קוקוס לל""ג אורגנ",גרמים,1000.00,100 גרם,false,1,25.90,2.59,true,1,
7290018703229,false,חטיף חלבון שוקולד אגוזים פראוד 60 גרם,,,חטיף חלבון שוקולד אג,גרמים,60.00,100 גרם,false,1,13.90,23.17,true,1,
7290018703243,false,חטיף חלבון קרמל קראנצ פראוד 60 גרם,,,חטיף חלבון קרמל קראנ,גרמים,60.00,100 גרם,false,1,13.90,23.17,true,1,
7290018724606,false,סודה לשתייה לא אלומיניום 350 גרם,,IL,סודה לשתייה לא אלומי,גרמים,350.00,100 גרם,false,1,14.90,4.26,true,1,
7290018749210,false,מיני כיסונים קלאסיים במילוי בשר והודו למ,,,מיני כיסונים קלאסיים,גרמים,600.00,100 גרם,false,1,32.90,5.48,true,1,
7290018749227,false,"כיסונים במילוי בשר בראבו 1 ק""ג",,IL,כיסונים במילוי בשר ב,גרמים,1000.00,100 גרם,false,1,32.90,3.29,true,1,
7290018752708,false,מארז שוקולתמר במילוי חמאת שקדים 120 גרם,,IL,מארז שוקולתמר במילוי,גרמים,120.00,100 גרם,false,1,17.90,14.92,true,1,
7290018752746,false,מארז שוקולתמר במילוי חמאת שומשום 120 גרם,,IL,מארז שוקולתמר במילוי,גרמים,120.00,100 גרם,false,1,17.90,14.92,true,1,
7290018835012,false,באר אקסטרה בציפוי שוקולד חלב 5 יח 90 גר,,,באר אקסטרה בציפוי שו,גרמים,90.00,100 גרם,false,1,13.90,15.44,true,1,
7290018893005,false,בייגלה ציוקטה חרדל ודבש 160 גר,,RO,בייגלה ציוקטה חרדל ו,גרמים,160.00,100 גרם,false,1,8.90,5.56,true,1,
7290018893081,false,יוגטה עוג.איש. מגולגלות שוקולד קקאו 222,,,יוגטה עוג.איש. מגולג,גרמים,222.00,100 גרם,false,1,10.90,4.91,true,1,
7290018893289,false,יוגטה עוגות אישיות מגולגלות קקאו 222 גר,,,יוגטה עוגות אישיות מ,גרמים,222.00,100 גרם,false,1,11.40,5.14,true,1,
7290018893296,false,עוגיות חמאה מצופות שוקולד ציוקטה 100 גר,,BE,עוגיות חמאה מצופות ש,גרמים,100.00,100 גרם,false,1,11.90,11.90,true,1,
7290018893456,false,צוקטה עוגות אישיות במילוי קרם 10*30 גר,,,צוקטה עוגות אישיות ב,גרמים,300.00,100 גרם,false,1,16.40,5.47,true,1,
7290018893487,false,צוקטה עוגות אישיות בטעם קוקוס-350 גרם,,,צוקטה עוגות אישיות ב,גרמים,350.00,100 גרם,false,1,16.40,4.69,true,1,
7290018893647,false,עוגיות סנדוויץ בשוקולד חלב צוקטה 150 גר,,ES,עוגיות סנדוויץ בשוקו,גרמים,150.00,100 גרם,false,1,9.90,6.60,true,1,
7290018893715,false,בייגלה ציוקטה שטוח מצופה ש.חלב 80 גר,,RO,בייגלה ציוקטה שטוח מ,גרמים,80.00,100 גרם,false,1,8.90,11.13,true,1,
7290018893807,false,מארז שוקולד מריר 60% קקאו צוקטה 3*100 ג,,,מארז שוקולד מריר 60%,גרמים,300.00,100 גרם,false,1,12.90,4.30,true,1,
7290018893845,false,פתי בר צוקטה ביסקוויט בטעם חמאה 400 גר,,ES,פתי בר צוקטה ביסקווי,גרמים,400.00,100 גרם,false,1,9.90,2.48,true,1,
7290018921166,false,אל סבון קמיל בלו בתמצית אצות ים 1 ל,,,אל סבון קמיל בלו בתמ,מיליליטרים,1000.00,"100 מ""ל",false,1,15.90,1.59,true,1,
7290018925065,false,מיץ תפוזים סחוט 2 ל פרימור,,IL,מיץ תפוזים סחוט 2 ל,מיליליטרים,2000.00,"100 מ""ל",false,1,28.90,1.45,true,1,
7290018925072,false,משקה קל לימונים ונענע 2 ל פרימור,,IL,משקה קל לימונים ונענ,ליטרים,2.00,ליטר,false,1,28.90,14.45,true,1,
7290018925089,false,מיץ תפוחים צלול מרכז 2 ל פרימור,,IL,מיץ תפוחים צלול מרכז,מיליליטרים,2000.00,"100 מ""ל",false,1,28.90,1.45,true,1,
7290018925409,false,מיץ לימון ואננס 410 מל פרימור,,,מיץ לימון ואננס 410,מיליליטרים,410.00,"100 מ""ל",false,1,11.90,2.90,true,1,
7290018949009,false,גרופר משקה קל מוגז אורגני תפוזזה 330 מ,,PL,גרופר משקה קל מוגז א,מיליליטרים,330.00,"100 מ""ל",false,1,9.50,2.88,true,1,
7290018949016,false,"גרופר משקה קל מוגז אורגני תפוחחה 330 מ""",,PL,גרופר משקה קל מוגז א,מיליליטרים,330.00,"100 מ""ל",false,1,9.50,2.88,true,1,
7290018949023,false,"גרופר משקה קל מוגז אורגני לימוננ 330 מ""ל",,PL,גרופר משקה קל מוגז א,מיליליטרים,330.00,"100 מ""ל",false,1,9.50,2.88,true,1,
7290018972106,false,כרובית מצופה תומר 500 גרם,,IL,כרובית מצופה 500 גרם,גרמים,500.00,100 גרם,false,1,33.50,6.70,true,1,
7290018972113,false,ברוקולי מצופה תומר 500 גרם,,IL,ברוקולי מצופה תומר 5,גרמים,500.00,100 גרם,false,1,31.50,6.30,true,1,
7290018989005,false,פולפה טבעית יכין 400 גר*3,,,פולפה טבעית יכין 400,גרמים,1200.00,100 גרם,false,1,16.90,1.41,true,1,
7290018989081,false,חומוס הבית להכנת חומוס טרי יכין 400 גר,,,חומוס הבית להכנת חומ,גרמים,410.00,100 גרם,false,1,8.50,2.07,true,1,
7290019056027,false,שוופס מוגז פירות ללא סוכר תפוח 1.5 ל,,IL,שוופס מוגז פירות,ליטרים,0.00,ליטר,false,1,8.80,8.80,true,1,
7290019056034,false,שוופס מוגז אננס ללא סוכר 1.5 ל,,IL,שוופס מוגז אננס ללא,ליטרים,0.00,ליטר,false,1,8.80,8.80,true,1,
7290019056041,false,שוופס מוגז ללא סוכר למונייד 1.5 ל,,IL,שוופס מוגז ללא סוכר,ליטרים,0.00,ליטר,false,1,8.80,8.80,true,1,
7290019056065,false,שוופס מוגז עדין פירות יער 1.5 ליטר,,IL,שוופס מוגז עדין פירו,ליטרים,0.00,ליטר,false,1,9.90,9.90,true,1,
7290019056072,false,שוופס מוגז עדין אננס 1.5 ליטר,,IL,שוופס מוגז עדין אננס,ליטרים,0.00,ליטר,false,1,9.90,9.90,true,1,
7290019056089,false,שוופס מוגז עדין ריזלינג 1.5 ליטר,,IL,שוופס מוגז עדין ריזל,ליטרים,0.00,ליטר,false,1,9.90,9.90,true,1,
7290019056096,false,שוופס מוגז עדין אפרסק 1.5 ליטר,,IL,שוופס מוגז עדין אפרס,ליטרים,0.00,ליטר,false,1,9.90,9.90,true,1,
7290019056119,false,שוופס סודה 1.5 ליטר,,IL,שוופס סודה 1.5 ליטר,ליטרים,0.00,ליטר,false,1,4.00,4.00,true,1,
7290019056164,false,רביעיית שוופס סודה 1.5 לי,,IL,רביעיית שוופס סודה 1,ליטרים,0.00,ליטר,false,1,13.10,13.10,true,1,
7290019056171,false,רביעיית שוופס סודה לימון 1.5 לי,,IL,רביעיית שוופס סודה ל,ליטרים,0.00,ליטר,false,1,13.10,13.10,true,1,
7290019056188,false,רביעיית שוופס סודה נענע ליים 1.5 לי,,IL,רביעיית שוופס סודה נ,ליטרים,0.00,ליטר,false,1,13.10,13.10,true,1,
7290019056201,false,שוופס סודה פירות יער 1.5 ליטר,,IL,שוופס סודה פירות יער,ליטרים,0.00,ליטר,false,1,13.10,13.10,true,1,
7290019056232,false,שוופס ליים מוחיטו 1.5 ליטר,,IL,שוופס ליים מוחיטו 1.,ליטרים,0.00,ליטר,false,1,11.90,11.90,true,1,
7290019056263,false,שוופס WATER אפרסק 1.5 ליטר,,IL,שוופס WATER אפרסק 1.,ליטרים,0.00,ליטר,false,1,9.90,9.90,true,1,
7290019056287,false,שוופס WATER אפרסק 0 קלוריות 1.5 ליטר,,IL,שוופס WATER אפרסק 0,ליטרים,0.00,ליטר,false,1,9.90,9.90,true,1,
7290019056294,false,שוופס גינגר 1.5 ליטר,,IL,שוופס גינגר 1.5 ליטר,ליטרים,0.00,ליטר,false,1,12.70,12.70,true,1,
7290019056300,false,שוופס ביטר 1.5 ליטר,,IL,שוופס ביטר 1.5 ליטר,ליטרים,0.00,ליטר,false,1,12.70,12.70,true,1,
7290019056317,false,משקה 1.5 ל SCHWEPPES RUSSCHIAN,,IL,משקה שוופס ראשן 1.5,ליטרים,0.00,ליטר,false,1,12.70,12.70,true,1,
7290019056324,false,שוופס טוניק 1.5 ליטר,,IL,שוופס טוניק 1.5 ליטר,ליטרים,0.00,ליטר,false,1,12.70,12.70,true,1,
7290019056331,false,שוופס טוניק ללא סוכר 1.5 ליטר,,IL,שוופס טוניק ללא סוכר,ליטרים,0.00,ליטר,false,1,12.70,12.70,true,1,
7290019056355,false,תפוזינה לימונדה MIX לימונענע 1.5 ליטר,,IL,תפוזינה לימונענע 1.5,ליטרים,0.00,ליטר,false,1,9.50,9.50,true,1,
7290019056362,false,תפוזינה ענבים 1.5 ליטר,,IL,תפוזינה ענבים 1.5 לי,ליטרים,0.00,ליטר,false,1,9.50,9.50,true,1,
7290019056379,false,תפוזינה תפוזים 1.5 ליטר,,IL,תפוזינה תפוזים 1.5 ל,ליטרים,0.00,ליטר,false,1,9.50,9.50,true,1,
7290019056386,false,תפוזינה אשכוליות 1.5 ליטר,,IL,תפוזינה אשכוליות 1.5,ליטרים,0.00,ליטר,false,1,9.50,9.50,true,1,
7290019056393,false,תפוזינה תות בננה 1.5 ליטר,,IL,תפוזינה תות בננה 1.5,ליטרים,0.00,ליטר,false,1,9.50,9.50,true,1,
7290019056409,false,תפוזינה מנגו עסיסי 1.5 ליטר,,IL,תפוזינה מנגו עסיסי 1,ליטרים,0.00,ליטר,false,1,9.50,9.50,true,1,
7290019056416,false,תפוזינה לימונדה ורודה 1.5 ליטר,,IL,תפוזינה לימונדה ורוד,ליטרים,0.00,ליטר,false,1,9.50,9.50,true,1,
7290019056423,false,תפוזינה תפוח רענן 1.5 ליטר,,IL,תפוזינה תפוח רענן 1.,ליטרים,0.00,ליטר,false,1,9.50,9.50,true,1,
7290019056430,false,תפוזינה תפוזים לייט 1.5 ליטר,,IL,תפוזינה תפוזים לייט,ליטרים,0.00,ליטר,false,1,9.30,9.30,true,1,
7290019056447,false,תפוזינה אשכוליות לייט 1.5 ליטר,,IL,תפוזינה אשכוליות ליי,ליטרים,0.00,ליטר,false,1,9.30,9.30,true,1,
7290019056508,false,FRUIT WATER ענבים 1.5 ל,,IL,FRUIT WATER ענבים 1.,ליטרים,0.00,ליטר,false,1,9.90,9.90,true,1,
7290019056515,false,FRUIT WATER אננס 1.5 ל,,IL,FRUIT WATER אננס 1.5,ליטרים,0.00,ליטר,false,1,9.90,9.90,true,1,
7290019056539,false,FRUIT WATER אפרסק 1.5 ל,,IL,FRUIT WATER אפרסק 1.,ליטרים,0.00,ליטר,false,1,9.90,9.90,true,1,
7290019056546,false,FRUIT WATER אבטיח 1.5 ל,,IL,FRUIT WATER אבטיח 1.,ליטרים,0.00,ליטר,false,1,9.90,9.90,true,1,
7290019056553,false,שישיית מים עין גדי 2 ליטר,,IL,שישיית מים עין גדי 2,ליטרים,0.01,ליטר,false,1,13.80,1380.00,true,1,
7290019056577,false,ספרינג מנגו 1.5 ליטר,,IL,ספרינג מנגו 1.5 ליטר,ליטרים,0.00,ליטר,false,1,9.50,9.50,true,1,
7290019056584,false,ספרינג תפוז 1.5 ליטר,,IL,ספרינג תפוז 1.5 ליטר,ליטרים,0.00,ליטר,false,1,9.50,9.50,true,1,
7290019056591,false,ספרינג ענבים 1.5 ליטר,,IL,ספרינג ענבים 1.5 ליט,ליטרים,0.00,ליטר,false,1,9.50,9.50,true,1,
7290019056607,false,ספרינג תפוח 1.5 ליטר,,IL,ספרינג תפוח 1.5 ליטר,ליטרים,0.00,ליטר,false,1,9.50,9.50,true,1,
7290019056621,false,ספרינג 1.5 ליטר פירות טרופים,,IL,ספרינג 1.5 ליטר פירו,ליטרים,0.00,ליטר,false,1,9.50,9.50,true,1,
7290019056638,false,ספרינג תות בננה 1.5 ליטר,,IL,ספרינג תות בננה 1.5,ליטרים,0.00,ליטר,false,1,9.50,9.50,true,1,
7290019056645,false,ספרינג 1.5 ליטר אגסים סברס תפוח,,IL,ספרינג 1.5 ליטר אגסי,ליטרים,0.00,ליטר,false,1,9.50,9.50,true,1,
7290019056652,false,ספרינג אננס בננה 1.5 ליטר,,IL,ספרינג אננס בננה 1.5,ליטרים,0.00,ליטר,false,1,9.50,9.50,true,1,
7290019056669,false,ספרינג תפוחים לייט 1.5 ליטר,,IL,ספרינג תפוחים לייט 1,ליטרים,0.00,ליטר,false,1,9.30,9.30,true,1,
7290019056676,false,ספרינג אשכוליות אננס לייט 1.5 ליטר,,IL,ספרינג אשכוליות אננס,ליטרים,0.00,ליטר,false,1,9.30,9.30,true,1,
7290019056881,false,שוופס סודה 1.5 ליטר,,,שוופס סודה 1.5 ליטר,ליטרים,0.00,ליטר,false,1,4.00,4.00,true,1,
7290019056942,false,מי עין גדי 2 ל,,IL,מי עין גדי 2 ל,ליטרים,0.00,ליטר,false,1,3.00,3.00,true,1,
7290019056966,false,מי עדן 1.5 ליטר,,IL,מי עדן 1.5 ליטר,ליטרים,0.00,ליטר,false,1,5.20,5.20,true,1,
7290019056973,false,שישיית מי עדן 1.5 ליטר משפחתי,,IL,שישיית מי עדן 1.5 לי,ליטרים,0.01,ליטר,false,1,14.90,1490.00,true,1,
7290019153078,false,שוופס ביטר למון לייט 1.5 ל,,,שוופס ביטר למון לייט,ליטרים,0.00,ליטר,false,1,12.70,12.70,true,1,
7290019153085,false,שוופס לייםמוחיטו ללא סוכר 1.5 ל,,,שוופס ליים מוחיטו לל,ליטרים,0.00,ליטר,false,1,10.90,10.90,true,1,
7290019153252,false,שוופס סודה תפוח 1.5 ל רביעיות,,IL,שוופס סודה תפוח 1.5,ליטרים,0.00,ליטר,false,1,13.10,13.10,true,1,
7290019153344,false,תפוזינה סנגרייה 1.5 ל,,IL,תפוזינה סנגרייה 1.5,ליטרים,0.00,ליטר,false,1,9.50,9.50,true,1,
7290019153351,false,תפוזינה פינק אוזו 1.5 ל,,IL,תפוזינה פינק אוזו 1.,ליטרים,0.00,ליטר,false,1,9.50,9.50,true,1,
7290019153375,false,תפוזינה מוחיטו 1.5 ל,,IL,תפוזינה מוחיטו 1.5 ל,ליטרים,0.00,ליטר,false,1,9.50,9.50,true,1,
7290019167020,false,עוגת גבינה עם פירות יער לייט 80 גרם,,,עוגת גבינה עם פירות,גרמים,80.00,100 גרם,false,1,7.90,9.88,true,1,
7290019167037,false,תותים בקצפת 80 גרם,,,תותים בקצפת 80 גרם,גרמים,80.00,100 גרם,false,1,7.90,9.88,true,1,
7290019167044,false,קצפת עם קרם בייגלה מתוק מלוח 80 גרם,,,קצפת עם קרם בייגלה מ,גרמים,80.00,100 גרם,false,1,7.90,9.88,true,1,
7290019176053,false,פילה טונה במי מלח 160 גר,,LV,פילה טונה במי מלח 16,גרמים,160.00,100 גרם,false,1,15.90,9.94,true,1,
7290019232155,false,תה ויסוצקי חליטת לילה טוב קמומיל לבנדר25,,,תה ויסוצקי חליטת ליל,יחידה,1.00,יחידה,false,1,26.90,26.90,true,1,
7290019232162,false,תה ויסוצקי חליטת לילה טוב קמומיל מליסה25,,,תה ויסוצקי חליטת ליל,יחידה,1.00,יחידה,false,1,26.90,26.90,true,1,
7290019232186,false,תה ויסוצקי ירוק לימונית ולואיזהSTAY WELL,,,תה ויסוצקי ירוק לימו,יחידה,1.00,יחידה,false,1,26.90,26.90,true,1,
7290019232803,false,ביסקוויט הולגריין קרם חלב ושוקולד חלב300,,,ביסקוויט הולגריין קר,גרמים,300.00,100 גרם,false,1,12.90,4.30,true,1,
7290019232827,false,ביסקוויט הולגריין במילוי קרם אגוזים 300ג,,,ביסקוויט הולגריין במ,גרמים,300.00,100 גרם,false,1,12.90,4.30,true,1,
7290019232834,false,בייגלה פליפז מצופה קרם עוגיות ושוקולד140,,,בייגלה פליפז מצופה ק,גרמים,140.00,100 גרם,false,1,9.50,6.79,true,1,
7290019233039,false,רוטב שקשוקה קלאסית זיתא 420 גר,,IT,רוטב שקשוקה קלאסית ז,גרמים,420.00,100 גרם,false,1,14.90,3.55,true,1,
7290019297239,false,צימוק חום 330 גר,,,צימוק חום 330 גר,גרמים,330.00,100 גרם,false,1,15.40,4.67,true,1,
7290019297246,false,שזיפים 330 גר,,,שזיפים 330 גר,גרמים,330.00,100 גרם,false,1,24.00,7.27,true,1,
7290019297451,false,"מי ורדים 500 מ""ל",,,"מי ורדים 500 מ""ל",מיליליטרים,500.00,"100 מ""ל",false,1,22.50,4.50,true,1,
7290019297536,false,חמאת בוטנים עם שברי בוטנים 510 גרם,,,חמאת בוטנים עם שברי,גרמים,510.00,100 גרם,false,1,16.40,3.22,true,1,
7290019297543,false,חמאת בוטנים 510 גרם,,,חמאת בוטנים 510 גרם,גרמים,510.00,100 גרם,false,1,16.40,3.22,true,1,
7290019297550,false,בוטנים מטוגנים בקוספא 185 גרם,,,בוטנים מטוגנים בקוספ,גרמים,185.00,100 גרם,false,1,10.90,5.89,true,1,
7290019297628,false,שקד טבעי 150 גרם ששון הקולה,,,שקד טבעי 150 גרם ששו,גרמים,150.00,100 גרם,false,1,16.90,11.27,true,1,
7290019297635,false,שקד קלויים 150 גרם ששון הקולה,,,שקד קלויים 150 גרם ש,גרמים,150.00,100 גרם,false,1,17.90,11.93,true,1,
7290019297642,false,גרעין שחור קלוי ללא מלח 150 ג ששון הקולה,,,גרעין שחור קלוי ללא,גרמים,150.00,100 גרם,false,1,5.30,3.53,true,1,
7290019393016,false,"האופה- קמח חיטה לבן ללא צורך בניפוי 1 ק""",,IL,האופה- קמח חיטה לבן,גרמים,1000.00,100 גרם,false,1,7.90,0.79,true,1,
7290019443124,false,"בירה נגב אואזיס 330 מ""ל",,,בירה נגב אואזיס 330,מיליליטרים,330.00,"100 מ""ל",false,1,16.90,5.12,true,1,
7290069701151,false,פריזר דוקטורסקיה אוריגינל מזרע,,,פריזר דוקטורסקיה,Unknown,0.00,"ק""ג",true,0,80.00,80.00,true,1,
7290088555254,false,רביולי פטריות 450 גרם,,,רביולי פטריות 450 ג,גרמים,450.00,100 גרם,false,0,47.50,10.56,true,1,
7290089617142,false,פטריות אופיאטה מוחמצפוסולסקי דבור 680 ג,,CN,פטריות אופיאטה מוחמ,גרמים,680.00,100 גרם,false,1,17.60,2.59,true,1,
7290089617210,false,פטריות אסורטי מוחמצים 680 ג,,CN,פטריות אסורטי מוחמצ,גרמים,680.00,100 גרם,false,1,17.60,2.59,true,1,
7290100240137,false,בדין תרסיס למייבש כחול,,,בדין תרסיס למייבש כח,מיליליטרים,500.00,"100 מ""ל",false,1,23.90,4.78,true,1,
7290100240632,false,"פתית 6 דגנים בד""צ 250 גרם",,,"פתית 6 דגנים בד""צ 25",גרמים,250.00,100 גרם,false,1,18.50,7.40,true,1,
7290100240656,false,"פתית שיפון בד""צ 250 גרם",,,"פתית שיפון בד""צ 250",גרמים,300.00,100 גרם,false,1,18.50,6.17,true,1,
7290100243671,false,בדין אקסטרא כחול 960 מל,,,בדין אקסטרא כחול 960,מיליליטרים,960.00,"100 מ""ל",false,1,17.90,1.86,true,1,
7290100245231,false,מרק נמס בכוס ועוד ט.עוף שקדי מרק - קנור,,,מרק נמס בכוס ועוד ט.,גרמים,50.00,100 גרם,false,1,7.90,15.80,true,1,
7290100321775,false,חזה עוף טרי,,,חזה עוף טרי,Unknown,0.00,"ק""ג",true,0,35.90,35.90,true,1,
7290100323038,false,כרעיים עוף טרי,,,כרעיים עוף טרי,Unknown,0.00,"ק""ג",true,0,24.90,24.90,true,1,
7290100331118,false,חזה הודו נקבה טרי,,,חזה הודו נקבה טרי,Unknown,0.00,"ק""ג",true,0,33.90,33.90,true,1,
7290100334041,false,שווארמה הודו נקבה טרי,,,שווארמה הודו נקבה טר,Unknown,0.00,"ק""ג",true,0,79.90,79.90,true,1,
7290100335086,false,שוק הודו מפורק טרי,,,שוק הודו מפורק טרי,Unknown,0.00,"ק""ג",true,0,55.90,55.90,true,1,
7290100337400,false,גרון הודו זכר טרי,,,גרון הודו זכר טרי,Unknown,0.00,"ק""ג",true,0,34.90,34.90,true,1,
7290100570074,false,אבזרי מטבח,,,אבזרי מטבח,Unknown,0.00,Unknown,false,1,4.90,4.90,true,1,
7290100570234,false,אבזרי מטבח,,,אבזרי מטבח,Unknown,0.00,Unknown,false,1,12.90,12.90,true,1,
7290100571224,false,אבזרי מטבח,,,אבזרי מטבח,Unknown,0.00,Unknown,false,1,7.90,7.90,true,1,
7290100572146,false,אבזרי מטבח,,,אבזרי מטבח,Unknown,0.00,Unknown,false,1,24.90,24.90,true,1,
7290100572368,false,אבזרי מטבח,,,אבזרי מטבח,Unknown,0.00,Unknown,false,1,19.90,19.90,true,1,
7290100572702,false,אביזרי מטבח,,,אביזרי מטבח,Unknown,0.00,Unknown,false,1,10.90,10.90,true,1,
7290100573396,false,אביזרי מטבח,,,אביזרי מטבח,Unknown,0.00,Unknown,false,1,9.90,9.90,true,1,
7290100573716,false,אביזרי מטבח,,,אביזרי מטבח,Unknown,0.00,Unknown,false,1,14.90,14.90,true,1,
7290100575086,false,אבזרי מטבח,,,אבזרי מטבח,Unknown,0.00,Unknown,false,1,6.90,6.90,true,1,
7290100658338,false,"פלמוליב אוקסי פלוס כחול 750 מ""ל שקוף",,,פלמוליב אוקסי פלוס כ,מיליליטרים,750.00,"100 מ""ל",false,1,12.90,1.72,true,1,
7290100659090,false,חטיף פרי תמרים וקינמ ללא סוכר 90 גר 5 יח,,,חטיף פרי תמרים וקינמ,גרמים,90.00,100 גרם,false,1,19.90,22.11,true,1,
7290100680650,false,מנה חמה נודלס טעם ירקות תילאנדי 70 גרם,,,מנה חמה נודלס טעם יר,גרמים,70.00,100 גרם,false,1,6.90,9.86,true,1,
7290100680711,false,פירורית זהב 350 גרם,,,פירורית זהב 350 גרם,גרמים,350.00,100 גרם,false,1,9.50,2.71,true,1,
7290100680728,false,פירורית 350 גרם,,,פירורית 350 גרם,גרמים,350.00,100 גרם,false,1,8.90,2.54,true,1,
7290100681138,false,מארז אפרופו 3*50 גרם,,,מארז אפרופו 3*50 גרם,גרמים,150.00,100 גרם,false,0,13.90,9.27,true,1,
7290100683880,false,תבשילים משפחתיים פירה 260 גרם,,,תבשילים משפחתיים פיר,גרמים,260.00,100 גרם,false,1,20.30,7.81,true,1,
7290100684764,false,במבה על סרט 25 גרם,,,במבה על סרט 25 גרם,גרמים,25.00,100 גרם,false,1,2.50,10.00,true,1,
7290100685136,false,"מרק טעם עוף 1 ק""ג",,,"מרק טעם עוף 1 ק""ג",גרמים,1000.00,100 גרם,false,1,18.30,1.83,true,1,
7290100685334,false,מרק עוף אמיתי מרכיבים טבעיים 400 גרם,,,מרק עוף אמיתי מרכיבי,גרמים,400.00,100 גרם,false,1,25.50,6.38,true,1,
7290100685341,false,מרק תיבול טעם עוף זך רכיבים טיבעיים 400,,,מרק תיבול טעם עוף זך,גרמים,400.00,100 גרם,false,1,18.90,4.73,true,1,
7290100685600,false,פירורית חיטה מלאה 200 גרם,,,פירורית חיטה מלאה 20,גרמים,200.00,100 גרם,false,1,10.10,5.05,true,1,
7290100686171,false,מארז מולטיפק ביסלי גריל 6 יח 35 גר ליח,,,מארז מולטיפק ביסלי ג,גרמים,210.00,100 גרם,false,1,17.70,8.43,true,1,
7290100689301,false,מרק טעם עוף זך עדיף 400 גרם,,,מרק טעם עוף זך עדיף,גרמים,400.00,100 גרם,false,1,18.80,4.70,true,1,
7290100700020,false,גריסי פנינה 500 גרם,,,גריסי פנינה 500 גרם,גרמים,200.00,100 גרם,false,1,6.50,3.25,true,1,
7290100700075,false,פירורי לחם מוזהבים 200 גרם,,,פירורי לחם מוזהבים 2,גרמים,200.00,100 גרם,false,1,4.40,2.20,true,1,
7290100700242,false,אורז מלא עגול 1 קג,,,"אורז מלא עגול 1 ק""ג",גרמים,1000.00,100 גרם,false,1,11.90,1.19,true,1,
7290100700273,false,קינואה 500 גרם,,,קינואה 500 גרם,גרמים,500.00,100 גרם,false,1,14.90,2.98,true,1,
7290100700297,false,עדשים מנומרות 500 גרם,,,עדשים מנומרות 500 גר,גרמים,500.00,100 גרם,false,1,8.80,1.76,true,1,
7290100700372,false,אורז בסמטי מלא 1 קג,,,"אורז בסמטי מלא 1 ק""ג",גרמים,1000.00,100 גרם,false,1,13.90,1.39,true,1,
7290100700389,false,אורז אדום 1 קג,,,"אורז אדום 1 ק""ג",גרמים,1000.00,100 גרם,false,1,16.70,1.67,true,1,
7290100700396,false,אורז יסמין קלאסי 1 קג,,,אורז יסמין קלאסי 1 ק,גרמים,1000.00,100 גרם,false,1,12.40,1.24,true,1,
7290100700563,false,אורז מיקס 1 קג,,,"אורז מיקס 1 ק""ג",גרמים,1000.00,100 גרם,false,1,15.90,1.59,true,1,
7290100700587,false,בורגול 500 גרם,,,בורגול 500 גרם,גרמים,500.00,100 גרם,false,1,5.50,1.10,true,1,
7290100701126,false,שעועית מש 500 גר,,,שעועית מש 500 גר,גרמים,500.00,100 גרם,false,1,13.50,2.70,true,1,
7290100701140,false,אורז ריזוטו ארבוריו 1 קג,,,אורז ריזוטו ארבוריו,גרמים,1000.00,100 גרם,false,1,15.90,1.59,true,1,
7290100701157,false,אורז סושי 1 קג,,,"אורז סושי 1 ק""ג",גרמים,1000.00,100 גרם,false,1,15.50,1.55,true,1,
7290100701300,false,קינואה אדומה 500 גר סוגת,,,קינואה אדומה 500 גר,גרמים,500.00,100 גרם,false,1,14.90,2.98,true,1,
7290100701348,false,"קמח שיפון מלא 1 ק""ג סוגת",,,"קמח שיפון מלא 1 ק""ג",גרמים,1000.00,100 גרם,false,1,7.90,0.79,true,1,
7290100701386,false,"קמח לחלה 1 ק""ג סוגת",,,"קמח לחלה 1 ק""ג סוגת",גרמים,1000.00,100 גרם,false,1,7.90,0.79,true,1,
7290100701454,false,גרישה 500 גר,,,גרישה 500 גר,גרמים,500.00,100 גרם,false,1,5.50,1.10,true,1,
7290100701577,false,"קמח לחם 1 ק""ג סוגת",,,"קמח לחם 1 ק""ג סוגת",גרמים,1000.00,100 גרם,false,1,7.90,0.79,true,1,
7290100701874,false,"קמח כוסמין 1 ק""ג סוגת",,,"קמח כוסמין 1 ק""ג סוג",גרמים,1000.00,100 גרם,false,1,15.90,1.59,true,1,
7290100702246,false,שמרים יבשים בואקום 500 גרם,,,שמרים יבשים בואקום 5,גרמים,500.00,100 גרם,false,1,9.90,1.98,true,1,
7290100702260,false,קוסקוס דק 350 גרם,,,קוסקוס דק 350 גרם,גרמים,350.00,100 גרם,false,1,5.90,1.69,true,1,
7290100702314,false,שעועית שחורה 500 גרם סוגת,,,שעועית שחורה 500 גרם,גרמים,500.00,100 גרם,false,1,7.90,1.58,true,1,
7290100702383,false,"קמח תופח 1 ק""ג סוגת",,,"קמח תופח 1 ק""ג סוגת",גרמים,1000.00,100 גרם,false,1,7.90,0.79,true,1,
7290100702611,false,פתיתים אפויים אורז 500 גרם סוגת,,,פתיתים אפויים אורז 5,גרמים,500.00,100 גרם,false,1,6.50,1.30,true,1,
7290100702628,false,פתיתים אפויים קוסקוס 500 גרם סוגת,,,פתיתים אפויים קוסקוס,גרמים,500.00,100 גרם,false,1,6.50,1.30,true,1,
7290100702635,false,פתיתים אפויים כוכבים 500 גר,,,פתיתים אפויים כוכבים,גרמים,500.00,100 גרם,false,1,6.50,1.30,true,1,
7290100702642,false,פתיתים אפויים טבעת 500 גר,,,פתיתים אפויים טבעת 5,גרמים,500.00,100 גרם,false,1,6.50,1.30,true,1,
7290100702987,false,שיבולת שועל 500 גרם סוגת,,,שיבולת שועל 500 גרם,גרמים,500.00,100 גרם,false,1,6.80,1.36,true,1,
7290100702994,false,סוכר דמררה קלאסי בשקית 500 גר סוגת,,,סוכר דמררה קלאסי בשק,גרמים,500.00,100 גרם,false,1,6.90,1.38,true,1,
7290100703007,false,עדשים שחורות בלוגה 500 גר,,,עדשים שחורות בלוגה 5,גרמים,500.00,100 גרם,false,1,9.90,1.98,true,1,
7290100703434,false,בורגול חום 500 גרם,,,בורגול חום 500 גרם,גרמים,500.00,100 גרם,false,1,5.90,1.18,true,1,
7290100703564,false,שיבולת שועל עבה 500 גרם סוגת,,,שיבולת שועל עבה 500,גרמים,500.00,100 גרם,false,1,6.80,1.36,true,1,
7290100703632,false,"קמח מלא ללא ניפוי 1 ק""ג",,,קמח מלא ללא ניפוי 1,גרמים,1000.00,100 גרם,false,1,9.30,0.93,true,1,
7290100703670,false,קמח כוסמין מלא ללא ניפוי 1 קג,,,קמח כוסמין מלא ללא נ,גרמים,1000.00,100 גרם,false,1,15.90,1.59,true,1,
7290100703847,false,קוביות סוכר לבן סוגת 500 גרם,,,קוביות סוכר לבן סוגת,גרמים,500.00,100 גרם,false,1,11.90,2.38,true,1,
7290100703854,false,קוביות סוכר דמררה סוגת 500 גרם,,,קוביות סוכר דמררה סו,גרמים,500.00,100 גרם,false,1,11.90,2.38,true,1,
7290100703908,false,"סוכר דמררה 1 ק""ג",,,"סוכר דמררה 1 ק""ג",גרמים,1000.00,100 גרם,false,1,12.90,1.29,true,1,
7290100703915,false,מארז פופקורן למיקרוגל חמאה 5+1,,,מארז פופקורן למיקרוג,גרמים,540.00,100 גרם,false,1,12.00,2.22,true,1,
7290100703953,false,קוקוס 500 גרם,,,קוקוס 500 גרם,גרמים,500.00,100 גרם,false,1,12.90,2.58,true,1,
7290100850909,false,דוריטוס נאצו מקסיקני 70 גרם,,IL,דוריטוס נאצו מקסיקני,גרמים,70.00,100 גרם,false,1,4.50,6.43,true,1,
7290100850916,false,דוריטוס חמוץ חריף 70 גרם,,,דוריטוס חמוץ חריף 70,גרמים,70.00,100 גרם,false,1,4.50,6.43,true,1,
7290100850923,false,דוריטוס גריל 70 גרם,,,דוריטוס גריל 70 גרם,גרמים,70.00,100 גרם,false,1,4.50,6.43,true,1,
7290100850930,false,דוריטוס טבעי 70 גרם,,,דוריטוס טבעי 70 גרם,גרמים,70.00,100 גרם,false,1,4.50,6.43,true,1,
7290100858592,false,קקאו 150 גרם,,,קקאו 150 גרם,גרמים,150.00,100 גרם,false,1,10.90,7.27,true,1,
7290100858608,false,קקאו 500 גרם,,,קקאו 500 גרם,גרמים,500.00,100 גרם,false,1,28.20,5.64,true,1,
7290100921593,false,סבון אסלה סוד לימון 50 גר,,,סבון אסלה סוד לימון,גרמים,50.00,100 גרם,false,1,10.90,21.80,true,1,
7290101110811,false,מאגדת גלידל וניל\פסיפלורה 8 יח דיאט,,,מאגדת גלידל וניל\פסי,גרמים,600.00,100 גרם,false,1,33.50,5.58,true,1,
7290101112228,false,מאגדת גלידל פרי אננס 8 יח,,,מאגדת גלידל פרי אננס,גרמים,640.00,100 גרם,false,1,27.90,4.36,true,1,
7290101112921,false,מאגדת גלידל פרי פירות טרופים 679 גר,,IL,מאגדת גלידל פרי,גרמים,640.00,100 גרם,false,1,26.50,4.14,true,1,
7290101113157,false,מאגדת גלידל חלבי וניל עוגיות 6 יח 312 גר,,,מאגדת גלידל חלבי,יחידה,1.00,יחידה,false,1,26.50,26.50,true,1,
7290101113447,false,עשיריה גלידל מיני קסטה שוקו וניל 270 גרם,,,עשיריה גלידל מיני קס,גרמים,270.00,100 גרם,false,1,36.90,13.67,true,1,
7290101113751,false,מאגדת שלגון יולו קרמל ושוקולד בלונדי 4 י,,FR,מאגדת שלגון יולו קרמ,גרמים,200.00,100 גרם,false,1,19.90,9.95,true,1,
7290101113768,false,מאגדת שלגון יולו עוגיות שוקולד חלב 4 יח,,FR,מאגדת שלגון יולו עוג,גרמים,200.00,100 גרם,false,1,19.90,9.95,true,1,
7290101113805,false,מאגדת גלידה יופלה שייק פרי תות 5 יח 350,,IL,מאגדת גלידה יופלה שי,גרמים,350.00,100 גרם,false,1,25.90,7.40,true,1,
7290101486688,false,חטיף פרי אנרגיה דגנים עם שוקולד חמישייה,,,חטיף פרי אנרגיה דגני,גרמים,100.00,100 גרם,false,1,19.90,19.90,true,1,
7290101488248,false,ליידי 24/7 רול און ורוד פרש פיושן 50 מל,,,ליידי 24/7 רול און ו,מיליליטרים,50.00,"100 מ""ל",false,1,16.90,33.80,true,1,
7290101500001,false,בייבי מיקס,,,בייבי מיקס,Unknown,0.00,Unknown,false,1,6.90,6.90,true,1,
7290101500070,false,סופר מיקס נספק,,,סופר מיקס,Unknown,0.00,Unknown,false,1,11.90,11.90,true,1,
7290101500131,false,מיקס חסה נספק,,,מיקס חסה,Unknown,0.00,Unknown,false,1,11.90,11.90,true,1,
7290101500193,false,חסה רומית נספק,,,חסה רומית,Unknown,0.00,Unknown,false,1,12.90,12.90,true,1,
7290101500247,false,פינוקט 170 גרם נספק,,,פינוקט 170 גרם נספק,גרמים,170.00,100 גרם,false,1,11.90,7.00,true,1,
7290101500506,false,פטרוזיליה ארוזה,,,פטרוזיליה ארוזה,Unknown,0.00,Unknown,false,1,5.90,5.90,true,1,
7290101500513,false,שמיר ארוז,,,שמיר ארוז,Unknown,0.00,Unknown,false,1,5.90,5.90,true,1,
7290101500520,false,כוסברה ארוזה,,,כוסברה ארוזה,Unknown,0.00,Unknown,false,1,5.90,5.90,true,1,
7290101500537,false,נענע ארוזה,,,נענע ארוזה,Unknown,0.00,Unknown,false,1,5.90,5.90,true,1,
7290101500551,false,סלרי אמריקאי ארוז,,,סלרי אמריקאי ארוז,Unknown,0.00,Unknown,false,1,6.90,6.90,true,1,
7290101500568,false,סלרי ראש ארוז,,,סלרי ראש ארוז,Unknown,0.00,Unknown,false,1,5.90,5.90,true,1,
7290101500926,false,תרד ארוז רכות,,,תרד ארוז רכות,Unknown,0.00,Unknown,false,1,12.90,12.90,true,1,
7290101501176,false,פלפל טינקרבל,,,פלפל טינקרבל,Unknown,0.00,Unknown,false,1,9.90,9.90,true,1,
7290101501305,false,מלפפוני טעם,,,מלפפוני טעם,Unknown,0.00,Unknown,false,1,12.90,12.90,true,1,
7290101503507,false,בייבי בטטה,,,בייבי בטטה,Unknown,0.00,Unknown,false,0,14.90,14.90,true,1,
7290101551027,false,קפסולות 14 חזק במיוחד למכונות נספרסו 50,,IL,קפסולות 14 חזק במיוח,גרמים,50.00,100 גרם,false,1,18.90,37.80,true,1,
7290101551263,false,סילאן טבעי 700 גרם יד מרדכי,,,סילאן טבעי 700 גרם י,גרמים,700.00,100 גרם,false,1,29.90,4.27,true,1,
7290101551300,false,סילאן טבעי לחיץ יד מרדכי 380 גרם,,,סילאן טבעי לחיץ יד מ,גרמים,700.00,100 גרם,false,1,15.50,2.21,true,1,
7290101551539,false,דנונה פרו 20 גרם חלבון אפרסק 200 גר,,IL,דנונה פרו 20 גרם חלב,גרמים,200.00,100 גרם,false,1,6.10,3.05,true,1,
7290101551577,false,מארז קוואקר פחית + מדבקה 2*500 גר,,GB,מ. קוואקר שבולת שועל,גרמים,1000.00,100 גרם,false,1,28.90,2.89,true,1,
7290101551584,false,מארז טפוציפס קידס 10* 20 גר,,IL,מארז טפוציפס קידס 10,גרמים,200.00,100 גרם,false,1,16.90,8.45,true,1,
7290101551638,false,מארז ציטוס טעם קטשופ כאפה 10 * 20 גר,,IL,מארז ציטוס טעם קטשופ,גרמים,200.00,100 גרם,false,1,15.90,7.95,true,1,
7290101812999,false,כדור תבלינים,,IL,מיני פיין סלמי 350 ג,גרמים,350.00,100 גרם,false,1,34.90,9.97,true,1,
7290101864127,false,קליה אוקסי ספריי 750 מל,,,קליה אוקסי ספריי 750,מיליליטרים,500.00,"100 מ""ל",false,1,18.90,3.78,true,1,
7290101865261,false,"פיניש הברקה 800 מ""ל",,,"פיניש הברקה 800 מ""ל",מיליליטרים,800.00,"100 מ""ל",false,1,20.90,2.61,true,1,
7290101866633,false,קליה גל 3 ל,,,קליה גל 3 ל,ליטרים,0.00,ליטר,false,1,29.90,29.90,true,1,
7290101866787,false,קליה לכביסה לבנה 3 ל,,,קליה לכביסה לבנה 3 ל,ליטרים,0.00,ליטר,false,1,29.90,29.90,true,1,
7290101868958,false,"פיניש הברקה לימון 800 מ""ל",,,פיניש הברקה לימון 80,מיליליטרים,800.00,"100 מ""ל",false,1,20.90,2.61,true,1,
7290101869702,false,"גל AIO פיניש 600 מ""ל",,,"גל AIO פיניש 600 מ""",מיליליטרים,600.00,"100 מ""ל",false,1,37.50,6.25,true,1,
7290101869719,false,"גל AIO פיניש לימון 600 מ""ל",,,גל AIO פיניש לימון 6,מיליליטרים,600.00,"100 מ""ל",false,1,37.50,6.25,true,1,
7290101869788,false,אירוויק מילוי מבשם אוטומטי אואזיס,,,אירוויק מילוי מבשם א,Unknown,0.00,Unknown,false,1,24.90,24.90,true,1,
7290101952121,false,מקסי מיץ,,IL,פטרוצן עם שומן כבש,גרמים,500.00,100 גרם,false,1,29.90,5.98,true,1,
7290101952176,false,קבנוס ציידים 200 גרם,,,קבנוס ציידים 200 גרם,גרמים,200.00,100 גרם,false,1,26.90,13.45,true,1,
7290101952282,false,צוריסוס ארגנטינאי 530 גרם,,,צוריסוס ארגנטינאי,גרמים,530.00,100 גרם,false,1,39.90,7.53,true,1,
7290101952329,false,המבורגר טקסס 400 גרם,,,המבורגר טקסס 400 גרם,גרמים,400.00,100 גרם,false,1,28.90,7.23,true,1,
7290101952381,false,קבב מזרחי 600 גרם,,,קבב מזרחי 600 גרם,גרמים,600.00,100 גרם,false,1,43.90,7.32,true,1,
7290101952459,false,קבב כבש 600 גרם,,,קבב כבש 600 גרם,גרמים,600.00,100 גרם,false,1,44.90,7.48,true,1,
7290101952497,false,גרגרי חומוס טבעפרוסט 800 כר,,,גרגרי חומוס טבעפרוסט,גרמים,800.00,100 גרם,false,1,19.80,2.48,true,1,
7290101952527,false,לקט בסגנון אסייתי טבעפרוסט 800 גר,,,לקט בסגנון אסייתי טב,גרמים,800.00,100 גרם,false,1,19.80,2.48,true,1,
7290101952558,false,גרעיני תירס קפואים טבעפרוסט 800 גרם,,,גרעיני תירס קפואים,גרמים,800.00,100 גרם,false,1,16.20,2.03,true,1,
7290101952565,false,מחבת מלבני 21X33,,IL,מיני פריזר ילדים,גרמים,400.00,100 גרם,false,1,37.90,9.48,true,1,
7290101980919,false,מארז שלישיית ביצי שוקולד ממותגים,,,מארז שלישיית ביצי שו,Unknown,0.00,Unknown,false,1,15.90,15.90,true,1,
7290101982470,false,ממתק רולר בטעמים,,,ממתק רולר בטעמים,Unknown,0.00,Unknown,false,1,7.20,7.20,true,1,
7290102006441,false,זר יום הולדת לראש עם פרחים-לבן,,CN,זר יום הולדת לראש עם,Unknown,0.00,Unknown,false,24,9.90,9.90,true,1,
7290102030330,false,תפוציפס קראנצ מקסיקני 200 גרם,,,תפוציפס קראנצ מקסיקנ,גרמים,200.00,100 גרם,false,1,10.90,5.45,true,1,
7290102060979,false,"משחת שיניים משפחתי אלמקס 100 מ""ל",,,משחת שיניים משפחתי,Unknown,0.00,Unknown,false,1,22.90,22.90,true,1,
7290102062195,false,משחת שיניים אלמקס גוניור 75 מל,,,משחת שיניים אלמקס,Unknown,0.00,Unknown,false,1,19.20,19.20,true,1,
7290102300815,false,צדר אנגלי כתום פרוס 200 גרם,,,צדר אנגלי כתום פרוס,גרמים,200.00,100 גרם,false,1,33.50,16.75,true,1,
7290102300822,false,צדר אנגלית כתומה 200 גר,,,צדר אנגלית כתומה 200,גרמים,200.00,100 גרם,false,1,25.90,12.95,true,1,
7290102300860,false,צדר אנגלי 200 גרם,,,צדר אנגלי 200 גרם,גרמים,200.00,100 גרם,false,1,25.90,12.95,true,1,
7290102301430,false,מלוסין במשקל,,,מלוסין במשקל,Unknown,0.00,"ק""ג",true,0,169.00,169.00,true,1,
7290102301881,false,גבינת טרטר עשבי תיבול 150 גר,,,גבינת טרטר עשבי תיבו,גרמים,150.00,100 גרם,false,1,25.90,17.27,true,1,
7290102302833,false,גבינת גאודה הולנדית 150 גרם,,,גבינת גאודה הולנדית,גרמים,150.00,100 גרם,false,0,21.90,14.60,true,1,
7290102303878,false,אלוויר חמאה נורמנדי 200 גר,,,אלוויר חמאה נורמנדי,גרמים,200.00,100 גרם,false,1,21.90,10.95,true,1,
7290102303977,false,גוש טונה בשמן זית רוברט 140 גרם,,PT,גוש טונה בשמן זית רו,גרמים,140.00,100 גרם,false,1,12.90,9.21,true,1,
7290102304769,false,מימולט 210 גרם,,,גבינת מימולט 210 גרם,גרמים,210.00,100 גרם,false,0,39.90,19.00,true,1,
7290102390427,false,יוגורט מולר פרופ בטעם תות 150גר,,,יוגורט מולר פרופ בטע,גרמים,150.00,100 גרם,false,1,5.60,3.73,true,1,
7290102390465,false,"פרופ אפרסק פסיפלורה מולר 150 מ""ל",,,פרופ אפרסק פסיפלורה,מיליליטרים,150.00,"100 מ""ל",false,1,5.60,3.73,true,1,
7290102390489,false,"פרופ לימון מולר 150 מ""ל",,,פרופ לימון מולר 150,מיליליטרים,150.00,"100 מ""ל",false,1,5.60,3.73,true,1,
7290102391844,false,"פרופ מולר פירות יער 150 מ""ל",,,פרופ מולר פירות יער,גרמים,150.00,100 גרם,false,1,5.60,3.73,true,1,
7290102393039,false,מולר מיקס יוגורט קרמי עם פצפוצים 150ג,,,מולר מיקס יוגורט,גרמים,150.00,100 גרם,false,1,6.50,4.33,true,1,
7290102393060,false,מולר מיקס יוגורט קרמי עם קרם אגוזים 150ג,,,מולר מיקס יוגורט קרמ,גרמים,150.00,100 גרם,false,1,6.50,4.33,true,1,
7290102393169,false,SIMPLY FRUIT מולר בטעם תות 3% 150 גר,,,SIMPLY FRUIT מולר בט,מיליליטרים,150.00,"100 מ""ל",false,1,5.60,3.73,true,1,
7290102393176,false,SIMPLY FRUIT מולר בטעם אפרסק 3% 150 גר,,,SIMPLY FRUIT מולר בט,מיליליטרים,150.00,"100 מ""ל",false,1,5.60,3.73,true,1,
7290102393190,false,SIMPLY FRUIT מולר בטעם פירות יער 3%,,,SIMPLY FRUIT מולר בט,מיליליטרים,150.00,"100 מ""ל",false,1,5.60,3.73,true,1,
7290102393268,false,גבינה לבנה 5% 750 גר,,,גבינה לבנה 5% 750 גר,גרמים,750.00,100 גרם,false,1,14.94,1.99,true,1,
7290102393299,false,יוגורט עיזים לשתיה 500גר,,,יוגורט עיזים לשתיה 5,גרמים,500.00,100 גרם,false,1,15.90,3.18,true,1,
7290102393947,false,SIMPLY FRUIT מולר בטעם קיווי 3% 150 גר,,,SIMPLY FRUIT מולר בט,מיליליטרים,150.00,"100 מ""ל",false,1,5.60,3.73,true,1,
7290102394258,false,עז מה 9% מופחתת שומן צוריאל 180 גר,,,עז מה 9% מופחתת שומן,גרמים,180.00,100 גרם,false,0,25.90,14.39,true,1,
7290102394463,false,נעם גבינה צהובה וואקום 28% 500 גרם,,,נעם גבינה צהובה וואק,גרמים,500.00,100 גרם,false,1,30.90,6.18,true,1,
7290102394821,false,"נעם גבינה צהובה דק דק פ""ח 28% 200 גר",,,נעם גבינה צהובה דק ד,גרמים,200.00,100 גרם,false,1,18.90,9.45,true,1,
7290102394845,false,נעם גבינה צהובה דק דק 9% 200 גר,,,נעם גבינה צהובה דק ד,גרמים,200.00,100 גרם,false,1,18.90,9.45,true,1,
7290102395224,false,מאגדת שמיניה מולר נטורל 1.7%,,,מאגדת שמיניה מולר,גרמים,1200.00,100 גרם,false,1,19.90,1.66,true,1,
7290102395231,false,מאגדת שמיניה מולר נטורל 2.8%,,,מאגדת שמיניה מולר,גרמים,1200.00,100 גרם,false,1,19.90,1.66,true,1,
7290102395408,false,נעם גבינה צהובה 28% במשקל,,,נעם גבינה צהובה 28%,Unknown,0.00,"ק""ג",true,0,44.79,44.79,true,1,
7290102395415,false,נעם גבינה צהובה 9% במשקל,,,נעם גבינה צהובה 9% ב,Unknown,0.00,"ק""ג",true,0,92.00,92.00,true,1,
7290102395422,false,נעם גבינה צהובה 22% במשקל,,,נעם גבינה צהובה 22%,Unknown,0.00,"ק""ג",true,0,42.58,42.58,true,1,
7290102395446,false,מעדן מו וניל 123 גר,,,מעדן מו וניל 123 גר,גרמים,123.00,100 גרם,false,1,3.50,2.85,true,1,
7290102395477,false,מעדן מו שוקולד 123 גר,,,מעדן מו שוקולד 123,גרמים,123.00,100 גרם,false,1,3.50,2.85,true,1,
7290102396580,false,מעדן מו שוקולד ומוס שוקולד 123 גר,,,מעדן מו שוקולד ומוס,גרמים,123.00,100 גרם,false,1,3.50,2.85,true,1,
7290102396597,false,מעדן מוו וניל ומוס שוקולד 123 גר,,,מעדן מוו וניל ומוס ש,גרמים,123.00,100 גרם,false,1,3.50,2.85,true,1,
7290102396665,false,גבינה צהובה נעם דק דק 15% 200 גר,,,גבינה צהובה נעם דק ד,גרמים,200.00,100 גרם,false,1,18.90,9.45,true,1,
7290102397204,false,גבינה צהובה נעם דק דק 22% 200 גר,,,גבינה צהובה נעם דק ד,גרמים,200.00,100 גרם,false,1,18.90,9.45,true,1,
7290102397464,false,מולר נטורל+ פקאן גרעינים וחמוציות 170 גר,,,מולר נטורל+ פקאן גרע,גרמים,170.00,100 גרם,false,1,6.50,3.82,true,1,
7290102397600,false,מולר מיקס שקדים ובוטנים מקורמלים 170 גר,,,מולר מיקס שקדים ובוט,גרמים,170.00,100 גרם,false,1,6.50,3.82,true,1,
7290102397617,false,מולר מיקס קליק 170 גר,,,מולר מיקס קליק 170 ג,גרמים,170.00,100 גרם,false,1,6.50,3.82,true,1,
7290102397730,false,גבינת אמנטל נעם 200 גרם,,,גבינת אמנטל נעם 200,גרמים,200.00,100 גרם,false,1,19.90,9.95,true,1,
7290102397747,false,מוצרלה נעם רכיבים טבעיים 200 גרם,,,מוצרלה נעם רכיבים,גרמים,200.00,100 גרם,false,1,20.90,10.45,true,1,
7290102397891,false,גבינה מותכת 100 גרם צוריאל,,,גבינה מותכת 100 גרם,גרמים,100.00,100 גרם,false,1,8.50,8.50,true,1,
7290102398065,false,קרטון חלב 2 ליטר 3% מהדרין,,,חלב 3% מהדרין 2 ליטר,ליטרים,0.00,ליטר,false,1,12.46,12.46,true,1,
7290102398331,false,חלב מועשר דל לקטוז 1 ליטר,,,חלב מועשר דל לקטוז 1,מיליליטרים,1000.00,"100 מ""ל",false,1,8.90,0.89,true,1,
7290102398560,false,שוקו מועשר טרה 1 ליטר,,IL,שוקו מועשר טרה 1 ליט,מיליליטרים,1000.00,"100 מ""ל",false,1,13.90,1.39,true,1,
7290102398577,false,מששוקו מועשר טרה 250 מל,,IL,שוקו מועשר טרה 250 מ,מיליליטרים,250.00,"100 מ""ל",false,1,6.20,2.48,true,1,
7290102398805,false,משקה סויה בטעם וניל משק צוריאל 1 ליטר,,IL,משקה סויה בטעם וניל,ליטרים,0.00,ליטר,false,1,12.90,12.90,true,1,
7290102398836,false,משקה שקדים קלאסי משק צוריאל 1 ליטר,,IT,משקה שקדים קלאסי משק,ליטרים,0.00,ליטר,false,1,15.20,15.20,true,1,
7290102399048,false,קשקבל נעם 200 גר,,IL,קשקבל נעם 200 גר,גרמים,200.00,100 גרם,false,1,26.90,13.45,true,1,
7290102399635,false,"פרופ קוקוס ואננס 150 מ""ל",,IL,מולר פרופ קוקוס,מיליליטרים,150.00,"100 מ""ל",false,1,5.60,3.73,true,1,
7290102399789,false,מולר ספרדבל ממרח חמאה ללא מלח 250 גרם,,,מולר ספרדבל ממרח חמא,גרמים,250.00,100 גרם,false,1,21.50,8.60,true,1,
7290102399796,false,מולר אקטיב יוגורט חלבון לבן 200 גרם,,IL,מולר אקטיב יוגורט חל,גרמים,200.00,100 גרם,false,1,6.90,3.45,true,1,
7290102399802,false,מולר אקטיב יוגורט חלבון תות 200 גרם,,IL,מולר אקטיב יוגורט חל,גרמים,200.00,100 גרם,false,1,6.90,3.45,true,1,
7290102399819,false,מולר אקטיב יוגורט חלבון פירות 200 גרם,,IL,מולר אקטיב יוגורט,גרמים,200.00,100 גרם,false,1,6.90,3.45,true,1,
7290102399857,false,מולר אקטיב לייט יוגורט חלבון תות 200 גר,,IL,מולר אקטיב לייט יוגו,גרמים,200.00,100 גרם,false,1,6.90,3.45,true,1,
7290102601547,false,כפיות פרמיום שקוף/קר,,TR,כפיות פרמיום שקוף/קר,Unknown,0.00,Unknown,false,1,9.50,9.50,true,1,
7290102611836,false,להבונים בשקית 50 יח,,CN,להבונים בשקית 50 יח,Unknown,1.00,Unknown,false,1,12.50,12.50,true,1,
7290103124601,false,פלמוליב סבון נוזלי חלב ודבש משאבה 750 מל,,,פלמוליב סבון נוזלי ח,מיליליטרים,750.00,"100 מ""ל",false,1,21.90,2.92,true,1,
7290103126797,false,קולגייט סנסיטיב פרו רליף 75 מל,,,קולגייט סנסיטיב פרו,Unknown,0.00,Unknown,false,1,26.50,26.50,true,1,
7290103128739,false,בלונס מקלות אוזניים תינוק 50 יח,,,בלונס מקלות אוזניים,Unknown,0.00,Unknown,false,1,8.30,8.30,true,1,
7290103400194,false,"כרוב לבן 400 גר בד""צ ירקות שטראוס",,,כרוב לבן 400 גר,גרמים,400.00,100 גרם,false,1,10.90,2.73,true,1,
7290103400231,false,"גזר 400 גר בד""צ ירקות שטראוס",,,גזר 400 גר,גרמים,400.00,100 גרם,false,1,10.90,2.73,true,1,
7290103400255,false,"סלט קולסלאו 400 גר בד""צ ירקות שטראוס",,,סלט קולסלאו 400 גר,גרמים,400.00,100 גרם,false,1,10.90,2.73,true,1,
7290103401429,false,קפה קצב ברזילאי אוריגינס 200 גר,,,קפה קצב ברזילאי אורי,גרמים,200.00,100 גרם,false,1,28.90,14.45,true,1,
7290103404758,false,כרוב אדום 120 גר,,,כרוב אדום 120 גר,גרמים,125.00,100 גרם,false,1,5.80,4.64,true,1,
7290103408206,false,עלי חסה שטופים בקופסה 250גר,,,עלי חסה שטופים בקופס,גרמים,250.00,100 גרם,false,1,13.90,5.56,true,1,
7290103681173,false,"יין הר קברנה מיתוג תנשמת 750 מ""ל",,IL,יין הר קברנה מיתוג ת,מיליליטרים,750.00,"100 מ""ל",false,1,38.90,5.19,true,1,
7290103681180,false,"יין הר מרלו מיתוג תנשמת 750 מ""ל",,IL,יין הר מרלו מיתוג תנ,מיליליטרים,750.00,"100 מ""ל",false,1,38.90,5.19,true,1,
7290103681197,false,"יין הר שיראז מיתוג תנשמת 750 מ""ל",,IL,יין הר שיראז מיתוג ת,מיליליטרים,750.00,"100 מ""ל",false,1,38.90,5.19,true,1,
7290103681210,false,"יין הר שרדונה מיתוג תנשמת 750 מ""ל",,IL,יין הר שרדונה מיתוג,מיליליטרים,750.00,"100 מ""ל",false,1,38.90,5.19,true,1,
7290103681227,false,"יין הר גוורצטרמינר מיתוג תנשמת 750 מ""ל",,IL,יין הר גוורצטרמינר מ,מיליליטרים,750.00,"100 מ""ל",false,1,38.90,5.19,true,1,
7290103681234,false,"יין הר רוזה מיתוג תנשמת 750 מ""ל",,IL,יין הר רוזה מיתוג תנ,מיליליטרים,750.00,"100 מ""ל",false,1,38.90,5.19,true,1,
7290103681241,false,"יין הר מוסקטו מיתוג תנשמת 750 מ""ל",,IL,יין הר מוסקטו מיתוג,מיליליטרים,750.00,"100 מ""ל",false,1,39.90,5.32,true,1,
7290103681623,false,"יין הר מוסקטו רוזה 750 מ""ל",,IL,יין הר מוסקטו רוזה 7,מיליליטרים,750.00,"100 מ""ל",false,1,37.90,5.05,true,1,
7290103681739,false,יין הר לבן 2021 750 מל,,,יין הר לבן 2021 750,Unknown,0.00,Unknown,false,1,38.90,38.90,true,1,
7290103700072,false,טאצ מטליות זיג זג לריצפה שלישייה,,,טאצ מטליות זיג זג לר,Unknown,0.00,Unknown,false,1,8.90,8.90,true,1,
7290103700195,false,טאצ רדיד אלומיניום ק,,,טאצ רדיד אלומיניום ק,Unknown,0.00,Unknown,false,12,10.90,10.90,true,1,
7290103701130,false,מטליות מיקרופייבר לניקוי כללי טאצ 7 יח,,,מטליות מיקרופייבר לנ,Unknown,0.00,Unknown,false,1,15.90,15.90,true,1,
7290103702298,false,טאצ אשפתון עבה 50 יחידות,,,טאצ אשפתון עבה 50 יח,Unknown,0.00,Unknown,false,1,15.90,15.90,true,1,
7290103703226,false,טאצ מטליות לחות לניקוי כללי,,,טאצ מטליות לחות לניק,Unknown,0.00,Unknown,false,1,9.90,9.90,true,1,
7290103703240,false,טאצ מטליות לחות לריצפה,,,טאצ מטליות לחות לריצ,Unknown,0.00,Unknown,false,1,11.90,11.90,true,1,
7290103703370,false,טאצ מגבוני טואלט לחים מארז שלישייה,,,טאצ מגבוני טואלט לחי,Unknown,0.00,Unknown,false,1,15.90,15.90,true,1,
7290103704186,false,מגבות טאצ 6 גלילים כפול מהדורת 2021,,,מגבות טאצ 6 גלילים כ,יחידה,1.00,יחידה,false,1,19.90,19.90,true,1,
7290103704759,false,טואלט טאצ 16 כפול פרח סגול,,,טואלט טאצ 16 כפול פר,Unknown,0.00,Unknown,false,1,31.50,31.50,true,1,
7290104059117,false,הרשי סירופ שוקולד 680 גרם,,,הרשי סירופ שוקולד,גרמים,680.00,100 גרם,false,1,22.50,3.31,true,1,
7290104061417,false,חומוס טחינה 400 גר,,,חומוס טחינה 400 גר,גרמים,400.00,100 גרם,false,1,13.50,3.38,true,1,
7290104061431,false,חומוס צנובר 400 גר,,,חומוס צנובר 400 גר,גרמים,400.00,100 גרם,false,1,13.50,3.38,true,1,
7290104061448,false,חומוס חריף 400 גרם,,,חומוס חריף 400 גרם,גרמים,400.00,100 גרם,false,1,13.50,3.38,true,1,
7290104064012,false,חטיף פסק זמן שוקולד לבן 36 גר 2GOOD,,,חטיף פסק זמן שוקולד,גרמים,36.00,100 גרם,false,1,5.50,15.28,true,1,
7290104065187,false,קפה נמס בטעם מוקה 200 גר,,,קפה נמס בטעם מוקה 20,גרמים,200.00,100 גרם,false,1,26.90,13.45,true,1,
7290104065934,false,עלי רוקט 150גר,,,עלי רוקט 150גר,גרמים,150.00,100 גרם,false,1,11.90,7.93,true,1,
7290104068546,false,מסטיק מאסט פליפטופ קולה 28 גר,,,מסטיק מאסט פליפטופ ק,Unknown,0.00,Unknown,false,1,4.90,4.90,true,1,
7290104500572,false,חטיף אפרופו איטליאנו 50 גרם,,,חטיף אפרופו איטליאנו,גרמים,50.00,100 גרם,false,1,5.90,11.80,true,1,
7290104501661,false,פודינג אינסטנט בטעם וניל צרפתי 80 גר,,,פודינג אינסטנט בטעם,גרמים,80.00,100 גרם,false,1,5.90,7.38,true,1,
7290104503184,false,עוגת שבת בראוניס שוקולד ריבת חלב 380 גרם,,,עוגת שבת בראוניס שוק,גרמים,380.00,100 גרם,false,1,18.90,4.97,true,1,
7290104508943,false,במבה קלאסי 200 גרם,,,במבה קלאסי 200 גרם,גרמים,200.00,100 גרם,false,1,9.10,4.55,true,1,
7290104570513,false,"תמר מגהול 1 ק""ג",,,"תמר מגהול 1 ק""ג",קילוגרמים,0.00,"ק""ג",false,1,32.90,32.90,true,1,
7290104615214,false,צמחים,,,צמחים,Unknown,0.00,Unknown,false,1,25.00,25.00,true,1,
7290104615238,false,צמחים,,,צמחים,Unknown,0.00,Unknown,false,1,30.00,30.00,true,1,
7290104615252,false,צמחים,,,צמחים,Unknown,0.00,Unknown,false,1,40.00,40.00,true,1,
7290104615276,false,צמחים,,,צמחים,Unknown,0.00,Unknown,false,1,65.00,65.00,true,1,
7290104615290,false,עציצים,,,עציצים,Unknown,0.00,Unknown,false,1,140.00,140.00,true,1,
7290104615337,false,צמחים,,,צמחים,Unknown,0.00,Unknown,false,1,45.00,45.00,true,1,
7290104615344,false,צמחים,,,צמחים,Unknown,0.00,Unknown,false,1,50.00,50.00,true,1,
7290104615351,false,צמחים,,,צמחים,Unknown,0.00,Unknown,false,1,70.00,70.00,true,1,
7290104615412,false,צמחים,,,צמחים,Unknown,0.00,Unknown,false,1,13.00,13.00,true,1,
7290104615436,false,צמחים,,,צמחים,Unknown,0.00,Unknown,false,1,15.00,15.00,true,1,
7290104615498,false,צמחים,,,צמחים,Unknown,0.00,Unknown,false,1,21.00,21.00,true,1,
7290104615641,false,חבילת פרחים,,,חבילת פרחים,Unknown,0.00,Unknown,false,1,34.00,34.00,true,1,
7290104615719,false,צמחים,,,צמחים,Unknown,0.00,Unknown,false,1,30.00,30.00,true,1,
7290104615740,false,צמחים,,,צמחים,Unknown,0.00,Unknown,false,1,35.00,35.00,true,1,
7290104615818,false,צמחים,,,צמחים,Unknown,0.00,Unknown,false,1,42.00,42.00,true,1,
7290104615849,false,צמחים,,,צמחים,Unknown,0.00,Unknown,false,1,45.00,45.00,true,1,
7290104615894,false,צמחים,,,צמחים,Unknown,0.00,Unknown,false,1,50.00,50.00,true,1,
7290104615948,false,צמחים,,,צמחים,Unknown,0.00,Unknown,false,1,55.00,55.00,true,1,
7290104615955,false,עציצים,,,עציצים,Unknown,0.00,Unknown,false,1,60.00,60.00,true,1,
7290104615979,false,עציצים,,,עציצים,Unknown,0.00,Unknown,false,1,65.00,65.00,true,1,
7290104615993,false,עציצים,,,עציצים,Unknown,0.00,Unknown,false,1,75.00,75.00,true,1,
7290104618215,false,צמחים,,,צמחים,Unknown,0.00,Unknown,false,1,65.00,65.00,true,1,
7290104618222,false,צמחים,,,צמחים,Unknown,0.00,Unknown,false,1,70.00,70.00,true,1,
7290104618239,false,צמחים,,,צמחים,Unknown,0.00,Unknown,false,1,75.00,75.00,true,1,
7290104618260,false,צמחים,,,צמחים,Unknown,0.00,Unknown,false,1,90.00,90.00,true,1,
7290104618277,false,צמחים,,,צמחים,Unknown,0.00,Unknown,false,1,95.00,95.00,true,1,
7290104618291,false,צמחים,,,צמחים,Unknown,0.00,Unknown,false,1,105.00,105.00,true,1,
7290104618376,false,עציצים,,,עציצים,Unknown,0.00,Unknown,false,1,100.00,100.00,true,1,
7290104618451,false,עציצים,,,עציצים,Unknown,0.00,Unknown,false,1,80.00,80.00,true,1,
7290104721762,false,מארז קפה טורקי עלית 3*85 גר,,,מארז קפה טורקי עלית,גרמים,255.00,100 גרם,false,1,24.90,9.76,true,1,
7290104721953,false,לקט מסולסלים 350 גר ירקות שטראוס,,,לקט מסולסלים 350 גר,גרמים,350.00,100 גרם,false,1,13.90,3.97,true,1,
7290104722530,false,תפוציפס שמנת בצל 200 גרם,,,תפוציפס שמנת בצל 200,גרמים,200.00,100 גרם,false,1,10.90,5.45,true,1,
7290104726262,false,מארז דני לשתייה 4*125 גר,,,מארז דני לשתייה 4*12,גרמים,500.00,100 גרם,false,1,11.70,2.34,true,1,
7290104726712,false,"מארז מילקי שמיניייה 1.064 ק""ג",,,מארז מילקי שמיניייה,קילוגרמים,0.00,"ק""ג",false,1,23.60,23.60,true,1,
7290104728310,false,"שמנת עמידה לקצפת 38% 250 מ""ל",,,שמנת עמידה לקצפת 38%,מיליליטרים,250.00,"100 מ""ל",false,1,6.47,2.59,true,1,
7290104729003,false,"שמן זית כתית מעולה יד מרדכי 750 מ""ל",,IL,שמן זית כתית מעולה י,מיליליטרים,750.00,"100 מ""ל",false,1,34.90,4.65,true,1,
7290104960338,false,אל סבון אלוורה ותה ירוק נקה 7 750 מל,,,אל סבון אלוורה ותה י,מיליליטרים,750.00,"100 מ""ל",false,1,14.90,1.99,true,1,
7290104961878,false,"נטורל פורמולה שמפו קרטין אינטנס 400 מ""ל",,,נטורל פורמולה שמפו ק,מיליליטרים,400.00,"100 מ""ל",false,1,36.50,9.13,true,1,
7290104961885,false,"נטורל פורמולה מרכך קרטין אינטנס 400 מ""ל",,,נטורל פורמולה מרכך ק,מיליליטרים,400.00,"100 מ""ל",false,1,36.50,9.13,true,1,
7290104963018,false,סופטקר מגבונים ללא בישום רביעייה,,,סופטקר מגבונים ללא ב,Unknown,0.00,Unknown,false,1,20.90,20.90,true,1,
7290105360250,false,קפסולות מקיאטו למכונות נספרסו 50 גר,,,קפסולות מקיאטו למכונ,גרמים,50.00,100 גרם,false,1,18.90,37.80,true,1,
7290105360328,false,קפסולות אספרסו חזק למכונות נספרסו 50 גר,,,קפסולות אספרסו חזק ל,Unknown,0.00,Unknown,false,1,18.90,18.90,true,1,
7290105360335,false,קפסולות אספרסו למכונות נספרסו 50 גר,,,קפסולות אספרסו למכונ,גרמים,50.00,100 גרם,false,1,18.90,37.80,true,1,
7290105360755,false,"שמן זית 3 חזק 750 מ""ל יד מרדכי",,,"שמן זית 3 חזק 750 מ""",מיליליטרים,750.00,"100 מ""ל",false,1,37.90,5.05,true,1,
7290105360762,false,"שמן זית 1 עדין 750 מ""ל יד מרדכי",,,שמן זית 1 עדין 750 מ,מיליליטרים,750.00,"100 מ""ל",false,1,37.90,5.05,true,1,
7290105360878,false,מארז תפוציפס טבעי 50 גרם * 4,,,מארז תפוציפס טבעי 50,גרמים,200.00,100 גרם,false,1,13.50,6.75,true,1,
7290105362339,false,"שמנת לבישול 15% מהדרין 250 מ""ל",,,שמנת לבישול 15% מהדר,מיליליטרים,250.00,"100 מ""ל",false,1,9.90,3.96,true,1,
7290105363602,false,כיף כף מקלות קלאסי 40 גרם,,,כיף כף מקלות קלאסי 4,Unknown,0.00,Unknown,false,1,5.50,5.50,true,1,
7290105364289,false,כיף כף מקלות פצפוצים 40 גרם,,,כיף כף מקלות פצפוצים,Unknown,0.00,Unknown,false,1,5.50,5.50,true,1,
7290105364302,false,כיף כף מקלות אגוזים 42 גרם,,,כיף כף מקלות אגוזים,גרמים,42.00,100 גרם,false,1,5.50,13.10,true,1,
7290105366047,false,טחינה לבנה 400 גר,,,טחינה לבנה 400 גר,גרמים,400.00,100 גרם,false,1,19.30,4.83,true,1,
7290105366993,false,סימפוניה פלפל שיפקה חריף 5% 200 גר,,,סימפוניה פלפל שיפקה,גרמים,200.00,100 גרם,false,1,12.90,6.45,true,1,
7290105368904,false,"שמנת עמידה לקצפת 32% 250 מ""ל",,,שמנת עמידה לקצפת 32%,מיליליטרים,250.00,"100 מ""ל",false,1,9.90,3.96,true,1,
7290105369130,false,סימפוניה בצל ירוק 5% 200 גרם,,,סימפוניה בצל ירוק 3%,גרמים,200.00,100 גרם,false,1,12.90,6.45,true,1,
7290105430441,false,פלמוליב תחליב רחצה סחלב שחור 750 מל,,,פלמוליב תחליב רחצה ס,מיליליטרים,750.00,"100 מ""ל",false,1,21.90,2.92,true,1,
7290105431516,false,מארז חטיפי תמרים ובוטנים 125 גרם FREE,,,מארז חטיפי תמרים ובו,גרמים,110.00,100 גרם,false,1,19.90,18.09,true,1,
7290105431868,false,"פלמוליב ספא קוקוס גרגרים נוזלי 500 מ""ל",,,פלמוליב ספא קוקוס,מיליליטרים,500.00,"100 מ""ל",false,1,21.90,4.38,true,1,
7290105433961,false,ליידי ספיד סטיק לסט פרש אסנס ספרי דובדבן,,,ליידי ספיד סטיק לסט,מיליליטרים,150.00,"100 מ""ל",false,1,16.90,11.27,true,1,
7290105434050,false,דאו ספיד סטיק ירוק רגולר 85 גר,,,דאו ספיד סטיק ירוק ר,גרמים,85.00,100 גרם,false,1,21.90,25.76,true,1,
7290105434067,false,דאו ספיד סטיק כחול אושיין סרף 85 גר,,,דאו ספיד סטיק כחול א,גרמים,85.00,100 גרם,false,1,21.90,25.76,true,1,
7290105436382,false,חטיף מארז פרי אנרגיה תמרים עם קשיו 125,,,חטיף מארז פרי אנרגיה,גרמים,125.00,100 גרם,false,1,19.90,15.92,true,1,
7290105439499,false,מנה מאסטר שף מיונז 481 גר,,,מנה מאסטר שף מיונז 4,גרמים,481.00,100 גרם,false,1,11.90,2.47,true,1,
7290105439505,false,מנה מאסטר שף קרם בטעם מיונז לייט 479 גר,,,קרם בטעם מיונז,גרמים,479.00,100 גרם,false,1,14.20,2.96,true,1,
7290105439581,false,מנה מאסטר שף חרדל דיזיון צרפתי 370 גר,,,מנה מאסטר שף חרדל די,גרמים,370.00,100 גרם,false,1,12.90,3.49,true,1,
7290105474124,false,בונזו 12 קג,,,"בונזו 12 ק""ג",קילוגרמים,0.01,"ק""ג",false,1,129.90,12990.00,true,1,
7290105474179,false,מארז מען לה קט פטה מולטיפק 100 גר 4 יח,,,מארז מען לה קט פטה מ,גרמים,400.00,100 גרם,false,1,16.90,4.23,true,1,
7290105500151,false,"וודקה פינלנדיה 700 מ""ל",,,וודקה פינלנדיה 700 מ,מיליליטרים,700.00,"100 מ""ל",false,1,59.90,8.56,true,1,
7290105500236,false,"וויסקי גק דניאלס 700 מ""ל",,,וויסקי גק דניאלס 700,מיליליטרים,700.00,"100 מ""ל",false,1,109.90,15.70,true,1,
7290105500878,false,מרטיני וורמוט לבן 1 ליטר,,,מרטיני וורמוט לבן 1,Unknown,0.00,Unknown,false,1,62.90,62.90,true,1,
7290105500953,false,"וויסקי גק דניאלס דבש 700 מ""ל",,,וויסקי גק דניאלס דבש,מיליליטרים,700.00,"100 מ""ל",false,1,109.90,15.70,true,1,
7290105691224,false,חטיפי פריכונים טורטיה שום ובצל 60 גרם,,,חטיפי פריכונים טורטי,גרמים,60.00,100 גרם,false,1,8.50,14.17,true,1,
7290105691248,false,חטיפי פריכונים טורטיה תירס 60 גרם,,,חטיפי פריכונים טורטי,גרמים,60.00,100 גרם,false,1,8.50,14.17,true,1,
7290105691712,false,עוגיות הפסקת קפה חיטה מלאה 200 גרם,,,עוגיות הפסקת קפה חיט,גרמים,200.00,100 גרם,false,1,12.90,6.45,true,1,
7290105691934,false,קמח שמרים 1 קג,,,"קמח שמרים 1 ק""ג",גרמים,1000.00,100 גרם,false,1,11.90,1.19,true,1,
7290105693341,false,מארז במבה 25 גרם 10 יחי,,,מארז במבה 25 גרם 10,גרמים,250.00,100 גרם,false,1,17.90,7.16,true,1,
7290105693457,false,עוגת דמקה שוקו וניל 320 גרם,,,עוגת דמקה שוקו וניל,גרמים,320.00,100 גרם,false,1,13.40,4.19,true,1,
7290105693952,false,פירורית זהב שומשום 200 גרם,,,פירורית זהב שומשום 2,גרמים,200.00,100 גרם,false,1,7.50,3.75,true,1,
7290105694614,false,ספגטי מהיר הכנה 500 גרם אסם,,,ספגטי מהיר הכנה 500,גרמים,500.00,100 גרם,false,1,8.70,1.74,true,1,
7290105695321,false,עוגת בראוניס פרג 380 גרם,,,עוגת בראוניס פרג 380,גרמים,380.00,100 גרם,false,1,18.90,4.97,true,1,
7290105962331,false,זחוק אדום תימני מקורי חריף מאוד 220 גר,,,זחוק אדום תימני מקור,גרמים,220.00,100 גרם,false,1,15.00,6.82,true,1,
7290105965738,false,"משקה בוקר תות בננה 267 מ""ל",,,משקה בוקר תות בננה 2,מיליליטרים,267.00,"100 מ""ל",false,1,5.60,2.10,true,1,
7290105966469,false,חומץ בלסמי יד מרדכי 250 מל,,,חומץ בלסמי יד מרדכי,מיליליטרים,250.00,"100 מ""ל",false,1,16.90,6.76,true,1,
7290105968654,false,רביולי בטטה פרווה 400 גרם,,,רביולי בטטה פרווה,גרמים,400.00,100 גרם,false,1,22.90,5.73,true,1,
7290105968777,false,פריכיות אנרגי תחתית שוקולד מריר 70 גרם,,,פריכיות אנרגי תחתית,גרמים,70.00,100 גרם,false,1,8.90,12.71,true,1,
7290106520066,false,אצבעות וופל רבע לשבע 160 גר,,,אצבעות וופל רבע לשבע,גרמים,160.00,100 גרם,false,1,12.90,8.06,true,1,
7290106520288,false,דנונה פרו תות 2.4% 150 גרם,,,דנונה WOW תות 2.4% ש,גרמים,150.00,100 גרם,false,1,5.00,3.33,true,1,
7290106520905,false,סלט טורקי 400 גר,,,סלט טורקי 400 גר,גרמים,400.00,100 גרם,false,1,19.30,4.83,true,1,
7290106520912,false,שמנת לבישול 9% 250 מל,,,שמנת לבישול 9% 250 מ,מיליליטרים,250.00,"100 מ""ל",false,1,9.90,3.96,true,1,
7290106521049,false,אחלה טעמי השוק קוביות סלק 400 גר,,,אחלה טעמי השוק קוביו,גרמים,400.00,100 גרם,false,1,19.30,4.83,true,1,
7290106521926,false,טורקי עלית 150 גרם שקית,,,טורקי עלית 150 גרם ש,גרמים,150.00,100 גרם,false,1,12.90,8.60,true,1,
7290106524439,false,תפוציפס פופס 60 גרם,,,תפוציפס פופס 60 גרם,גרמים,60.00,100 גרם,false,1,4.30,7.17,true,1,
7290106526822,false,פריכיות אנרגי תחתית חלב 80 גרם,,,פריכיות אנרגי תחתית,גרמים,80.00,100 גרם,false,1,8.90,11.13,true,1,
7290106528567,false,חטיף דוריטוס גריל 185 גרם,,,חטיף דוריטוס גריל 18,גרמים,185.00,100 גרם,false,1,8.40,4.54,true,1,
7290106528949,false,לקט ערוגות,,,לקט ערוגות,Unknown,0.00,Unknown,false,1,12.90,12.90,true,1,
7290106572027,false,לחמית חמישה דגנים 190 גרם,,,לחמית חמישה דגנים 19,גרמים,190.00,100 גרם,false,1,11.00,5.79,true,1,
7290106572065,false,חטיפי פריכונים טורטיה חמוץ מתוק 60 גרם,,,חטיפי פריכונים טורטי,גרמים,60.00,100 גרם,false,1,8.50,14.17,true,1,
7290106572959,false,מארז אפרופו 25 גרם*5,,,מארז אפרופו 25 גרם*5,גרמים,125.00,100 גרם,false,1,15.60,12.48,true,1,
7290106572997,false,קמח שמרים לפיצה 1 קג,,,"קמח שמרים לפיצה 1 ק""",גרמים,1000.00,100 גרם,false,1,11.90,1.19,true,1,
7290106573277,false,קריספי טאפאס זיתים 150 גרם,,,קריספי טאפאס זיתים 1,גרמים,150.00,100 גרם,false,1,16.50,11.00,true,1,
7290106573314,false,קריספי טאפאס פיזורים 150 גרם,,,קריספי טאפאס פיזורים,גרמים,150.00,100 גרם,false,1,16.50,11.00,true,1,
7290106573598,false,חומוס לבנוני 400 גרם,,,חומוס לבנוני 400 גרם,גרמים,400.00,100 גרם,false,1,15.50,3.88,true,1,
7290106573628,false,חומוס עם טחינה 400 גר,,,חומוס עם טחינה 400 ג,גרמים,400.00,100 גרם,false,1,15.50,3.88,true,1,
7290106574793,false,עוגת הבית שוקו - שוקוציפס 350 גרם,,,עוגת הבית שוקו - שוק,גרמים,350.00,100 גרם,false,1,13.40,3.83,true,1,
7290106574977,false,בייגלה שטוחים עם מלח 300 גרם,,,בייגלה שטוחים עם מלח,גרמים,300.00,100 גרם,false,1,11.90,3.97,true,1,
7290106575257,false,עוגת סופלה בטעם שוקולד 340 גרם,,,עוגת סופלה בטעם שוקו,גרמים,340.00,100 גרם,false,1,13.40,3.94,true,1,
7290106575431,false,עוגת סופלה בטעם שוקו וניל 340 גרם,,,עוגת סופלה בטעם שוקו,גרמים,340.00,100 גרם,false,1,13.40,3.94,true,1,
7290106576513,false,חומוס חלק 400 גרם,,,חומוס חלק 400 גרם,גרמים,400.00,100 גרם,false,1,11.50,2.88,true,1,
7290106576537,false,חומוס מסעדה צבר 700 גר,,,חומוס מסעדה צבר 700,גרמים,700.00,100 גרם,false,1,14.50,2.07,true,1,
7290106576834,false,"לה קרמריה פונטש בננה כשל""פ 1.4 ל",,,לה קרמריה פונטש בננה,ליטרים,0.00,ליטר,false,1,25.90,25.90,true,1,
7290106576919,false,"לה קרמריה סורבה תות לימון כשל""פ 1.4 ל",,,לה קרמריה סורבה תות,ליטרים,0.00,ליטר,false,1,25.90,25.90,true,1,
7290106576971,false,"לה קרמריה שוקולד בלגי כשל""פ 1.4 ל",,,לה קרמריה שוקולד בלג,ליטרים,0.00,ליטר,false,1,25.90,25.90,true,1,
7290106577039,false,"לה קרמריה וניל שוקו פליק כשל""פ 1.4 ל",,,לה קרמריה וניל שוקו,ליטרים,0.00,ליטר,false,1,25.90,25.90,true,1,
7290106577282,false,טחינה 400 גר,,,טחינה 400 גרם,גרמים,400.00,100 גרם,false,1,14.50,3.63,true,1,
7290106577541,false,סלט כרוב אדום 400 גר,,,סלט כרוב אדום 400 גר,גרמים,400.00,100 גרם,false,1,14.50,3.63,true,1,
7290106577572,false,סלט מטבוחה 400 גר,,,סלט מטבוחה 400 גר,גרמים,400.00,100 גרם,false,1,15.20,3.80,true,1,
7290106578692,false,ביסלי במבה גריל מיקס 80 גרם,,,ביסלי במבה גריל מיקס,גרמים,80.00,100 גרם,false,1,4.90,6.13,true,1,
7290106578821,false,עוגת הבית שמרים שוקולד קלאסית 350 גרם,,,עוגת הבית שמרים שוקו,גרמים,350.00,100 גרם,false,1,18.90,5.40,true,1,
7290106652996,false,כיף כף מקלות קוקוס 40 גרם,,,כיף כף מקלות קוקוס 4,Unknown,0.00,Unknown,false,1,5.50,5.50,true,1,
7290106653689,false,לקט לסלט אסייתי 350 גר,,,לקט לסלט אסייתי 350,גרמים,350.00,100 גרם,false,1,12.90,3.69,true,1,
7290106656727,false,חיוכים שוקו 600 גרם,,,חיוכים שוקו 600 גרם,גרמים,600.00,100 גרם,false,1,21.90,3.65,true,1,
7290106656734,false,חיוכים וניל 600 גרם,,,חיוכים וניל 600 גרם,גרמים,600.00,100 גרם,false,1,21.90,3.65,true,1,
7290106663091,false,לאבנה 9% 500 גר,,,לאבנה 9% 500 גר,גרמים,500.00,100 גרם,false,1,21.90,4.38,true,1,
7290106663503,false,קונפיטורת לייט תות 230 גר,,,קונפיטורת לייט תות 2,גרמים,230.00,100 גרם,false,1,15.90,6.91,true,1,
7290106663558,false,רוטב טריאקי יד מרדכי 320 גרם,,IL,רוטב טריאקי רימון 28,גרמים,320.00,100 גרם,false,1,14.90,4.66,true,1,
7290106664555,false,יטבתה רוטב שמנת עם עגבניות 9% 250 גר,,,יטבתה רוטב שמנת עם ע,גרמים,250.00,100 גרם,false,1,11.60,4.64,true,1,
7290106664562,false,יטבתה רוטב שמנת עם פטריות 9% 250 גר,,IL,יטבתה רוטב שמנת עם פ,גרמים,250.00,100 גרם,false,1,11.60,4.64,true,1,
7290106666788,false,סוכריות נוסטלגיה דבש ממולאות 80 גרם,,PL,סוכריות נוסטלגיה דבש,גרמים,80.00,100 גרם,false,1,7.50,9.38,true,1,
7290106667266,false,חטיף דוריטוס חמוץ חריף 185 גרם,,,חטיף דוריטוס חמוץ חר,גרמים,185.00,100 גרם,false,1,8.40,4.54,true,1,
7290106668577,false,"מיץ לימון 250 מ""ל יד מרדכי",,,"מיץ לימון 250 מ""ל יד",מיליליטרים,250.00,"100 מ""ל",false,1,9.50,3.80,true,1,
7290106669857,false,קפסולות אספרסו בטעם וניל 50 גר,,,קפסולות אספרסו בטעם,גרמים,50.00,100 גרם,false,1,18.90,37.80,true,1,
7290106720626,false,ציטוס בטעם גבינה 80 גר,,,ציטוס בטעם גבינה 80,גרמים,80.00,100 גרם,false,1,4.90,6.13,true,1,
7290106721920,false,צנצנת מסטיקים ספירמינט מגדים ציקלט 66 גר,,,צנצנת מסטיקים ספירמי,Unknown,0.00,Unknown,false,1,11.50,11.50,true,1,
7290106723689,false,תרד בייבי 200 גר,,,תרד בייבי 200 גר,גרמים,200.00,100 גרם,false,1,12.90,6.45,true,1,
7290106724488,false,דנונה טבעי 1.7% 150 גר-פריט החזרות,,,דנונה טבעי 1.7% 150,גרמים,150.00,100 גרם,false,1,2.30,1.53,true,1,
7290106725867,false,"סירופ מייפל טבעי יד מרדכי 189 מ""ל",,,סירופ מייפל טבעי יד,מיליליטרים,189.00,"100 מ""ל",false,1,42.90,22.70,true,1,
7290106725874,false,"סירופ מייפל טבעי 236 מ""ל יד מרדכי",,,סירופ מייפל טבעי 236,מיליליטרים,236.00,"100 מ""ל",false,1,52.50,22.25,true,1,
7290106726178,false,דנונה פרו פירות יער 2.4% 150 גר,,,דנונה פרו פירות יער,גרמים,150.00,100 גרם,false,1,5.00,3.33,true,1,
7290106727984,false,כיף כף גביע פצפצים 135 גרם,,,כיף כף גביע פצפצים 1,גרמים,135.00,100 גרם,false,1,11.90,8.81,true,1,
7290106774131,false,שבבי שוקולד חלב 110 גרם,,IL,שבבי שוקולד חלב 110,גרמים,110.00,100 גרם,false,1,19.90,18.09,true,1,
7290106774292,false,שוקולד מריר 70% 500 גרם,,IL,שוקולד מריר 70% 500,גרמים,500.00,100 גרם,false,1,44.90,8.98,true,1,
7290106774308,false,שוקולד חלב 500 גרם,,IL,שוקולד חלב 500 גרם,גרמים,500.00,100 גרם,false,1,42.90,8.58,true,1,
7290106774315,false,שוקולד לבן 500 גרם,,IL,שוקולד לבן 500 גרם,גרמים,500.00,100 גרם,false,1,42.90,8.58,true,1,
7290107280020,false,סנו סושי מטליות לחות לנ.כללי עבות שלישיה,,,סנו סושי מטליות לחות,Unknown,0.00,Unknown,false,1,20.90,20.90,true,1,
7290107280099,false,שלישיית מגבונים לחים נשטים באסלה סופט,,,שלישיית מגבונים לחים,Unknown,0.00,Unknown,false,1,18.90,18.90,true,1,
7290107280129,false,סנו סושי 20 שקיות אשפה חזקות גדולות XXL,,,סנו סושי 20 שקיות אש,Unknown,0.00,Unknown,false,1,29.30,29.30,true,1,
7290107280570,false,סנו מקסימה גל כביסה מיקס אנד ווש 3 ל,,,סנו מקסימה גל כביסה,ליטרים,0.00,ליטר,false,1,35.90,35.90,true,1,
7290107280600,false,טבליות למדיח סנו ספארק 100 יח,,,טבליות למדיח סנו,Unknown,0.00,Unknown,false,1,73.50,73.50,true,1,
7290107280730,false,נוזל כלים סנו ספארק לבנדר 700 מל,,,נוזל כלים סנו ספארק,מיליליטרים,700.00,"100 מ""ל",false,1,10.50,1.50,true,1,
7290107280747,false,נוזל כלים סנו ספארק קלאסי 700 מל,,,נוזל כלים סנו ספארק,מיליליטרים,700.00,"100 מ""ל",false,1,10.50,1.50,true,1,
7290107645584,false,מרק עוף אמיתי רכיבים טבעיים 400 גרם,,,מרק עוף אמיתי רכיבים,גרמים,400.00,100 גרם,false,1,25.90,6.48,true,1,
7290107645591,false,מרק טעם עוף קנור רכיבים טבעיים 400 גרם,,,מרק טעם עוף קנור רכי,גרמים,400.00,100 גרם,false,1,20.90,5.23,true,1,
7290107646062,false,קנור מרק בצל רכיבים טבעיים 400 גרם,,,קנור מרק בצל רכיבים,גרמים,400.00,100 גרם,false,1,27.20,6.80,true,1,
7290107646147,false,מאגדת שוגי קורנפלקס 6 יחידות 156 גרם,,,מאגדת שוגי קורנפלקס,גרמים,156.00,100 גרם,false,1,14.90,9.55,true,1,
7290107646154,false,מאגדת קוקומן פצפוצים 6 יחידות 126 גרם,,,מאגדת קוקומן פצפוצים,גרמים,126.00,100 גרם,false,1,14.90,11.83,true,1,
7290107646826,false,מאגדת פתיתי תירס שוקולד 6 יחידות 156 גרם,,,מאגדת פתיתי תירס שוק,גרמים,156.00,100 גרם,false,1,14.90,9.55,true,1,
7290107646918,false,קנור רוטב שקשוקה 415 גרם,,,קנור רוטב שקשוקה 415,גרמים,415.00,100 גרם,false,1,13.90,3.35,true,1,
7290107646963,false,ממרח ספייסי מיו תלמה 250 גרם,,,ממרח ספייסי מיו תלמה,גרמים,250.00,100 גרם,false,1,9.90,3.96,true,1,
7290107646970,false,ממרח איולי שום תלמה 250 גרם,,,ממרח איולי שום תלמה,גרמים,250.00,100 גרם,false,1,9.90,3.96,true,1,
7290107647656,false,קרחון קוקוס ואננס פרווה 290 גר,,,קרחון קוקוס ואננס פר,גרמים,290.00,100 גרם,false,1,27.90,9.62,true,1,
7290107647731,false,קוקומן חום לבן 20% פחות סוכר 375 גרם,,,קוקומן חום לבן 20% פ,גרמים,375.00,100 גרם,false,1,23.90,6.37,true,1,
7290107647816,false,"דגני ברנפלקס ללא תוספת סוכר 500 גרם בד""צ",,,דגני ברנפלקס ללא תוס,גרמים,500.00,100 גרם,false,1,25.90,5.18,true,1,
7290107647823,false,"פינוקי בריאות ברנפלקס בד""צ 500 גרם",,,פינוקי בריאות ברנפלק,גרמים,500.00,100 גרם,false,1,24.90,4.98,true,1,
7290107648974,false,קנור רוטב עם בזיליקום לפסטה 415 גרם,,,קנור רוטב עם בזיליקו,גרמים,415.00,100 גרם,false,1,13.90,3.35,true,1,
7290107648981,false,קנור רוטב פומודורו 415 גרם,,,קנור רוטב פומודורו 4,גרמים,415.00,100 גרם,false,1,13.90,3.35,true,1,
7290107649100,false,בייגלה טבעות 300 גרם,,,בייגלה טבעות 300 גרם,גרמים,300.00,100 גרם,false,1,13.90,4.63,true,1,
7290107870047,false,אקסטרים טילון בראוניז מטבע ענק,,,אקסטרים טילון בראוני,גרמים,115.00,100 גרם,false,1,11.00,9.57,true,1,
7290107871532,false,מאגדת קרחונים מלון דובדבן 750 גר,,,מאגדת קרחונים מלון ד,גרמים,750.00,100 גרם,false,1,19.90,2.65,true,1,
7290107871990,false,פסטה צינורות 500 גר אסם,,,פסטה צינורות 500 גר,גרמים,500.00,100 גרם,false,1,6.50,1.30,true,1,
7290107874427,false,פריכונים מיני זעתר 25 גרם אסם,,,פריכונים מיני זעתר 2,גרמים,25.00,100 גרם,false,1,4.90,19.60,true,1,
7290107874441,false,פריכונים מיני בצל מקורמל 25 גרם אסם,,,פריכונים מיני בצל מק,גרמים,25.00,100 גרם,false,1,4.90,19.60,true,1,
7290107874502,false,ביסלי גריל קדמ. מארז אחיד 10 4*55 גרם,,,ביסלי גריל קדמ. מארז,גרמים,200.00,100 גרם,false,1,15.90,7.95,true,1,
7290107875271,false,ביסלי ברביקיו קדמ. מארז אחיד10 4*55 גרם,,,ביסלי ברביקיו קדמ. מ,גרמים,200.00,100 גרם,false,1,15.90,7.95,true,1,
7290107875820,false,קרוטונים אפויים בתיבול ביתי 180 גרם,,,קרוטונים אפויים בתיב,גרמים,180.00,100 גרם,false,1,14.50,8.06,true,1,
7290107877619,false,במבה במילוי קרם נוגט מארז 5*30גרם,,,במבה במילוי קרם נוגט,גרמים,150.00,100 גרם,false,1,18.20,12.13,true,1,
7290107879521,false,מאגדת לה פרוטה תות 5 יח,,,מאגדת לה פרוטה תות 5,Unknown,0.00,Unknown,false,1,27.90,27.90,true,1,
7290107879569,false,מאגדת לה פרוטה מנגו 5 יח,,,מאגדת לה פרוטה מנגו,Unknown,0.00,Unknown,false,1,27.90,27.90,true,1,
7290107930321,false,קונפיטורת יד מרדכי דובדובן 340 גרם,,,קונפיטורת יד מרדכי ד,גרמים,340.00,100 גרם,false,1,15.90,4.68,true,1,
7290107932080,false,חלב מועשר יוטבתה בבקבוק 3% 1 ליטר,,,חלב מועשר יוטבתה בבק,מיליליטרים,1000.00,"100 מ""ל",false,1,7.90,0.79,true,1,
7290107933155,false,לקט סלנובה 200 גר,,,לקט סלנובה 200 גר,גרמים,200.00,100 גרם,false,1,14.90,7.45,true,1,
7290107934473,false,מארז מיוחד אקטיביה שמיניה 1.5% 150ג יח,,,מארז מיוחד אקטיביה,גרמים,1200.00,100 גרם,false,1,23.00,1.92,true,1,
7290107936309,false,דנונה יווני לבן 5.8% 120 גר,,,דנונה יווני לבן 5.8%,גרמים,120.00,100 גרם,false,1,3.50,2.92,true,1,
7290107937542,false,משקה אקטיביה תות 1.2% 265 מל,,,משקה אקטיביה תות 1.2,מיליליטרים,265.00,"100 מ""ל",false,1,6.40,2.42,true,1,
7290107937627,false,צנצנת קוביות ספירמינט 58 גר מאסט,,,צנצנת קוביות ספירמינ,Unknown,0.00,Unknown,false,1,11.50,11.50,true,1,
7290107937634,false,צנצנת קוביות פפירמינט 58 גר מאסט,,,צנצנת קוביות פפירמינ,Unknown,0.00,Unknown,false,1,11.50,11.50,true,1,
7290107937641,false,צנצנת קוביות בזוקה 58 גר,,,צנצנת קוביות בזוקה 5,Unknown,0.00,Unknown,false,1,11.50,11.50,true,1,
7290107937856,false,קפסולות אספרסו 11 למכונות נספרסו 50 גר,,,קפסולות אספרסו 11 למ,Unknown,0.00,Unknown,false,1,18.90,18.90,true,1,
7290107938396,false,שמיניית אקטימל תות בנים 864 גר,,,שמיניית אקטימל תות 8,גרמים,864.00,100 גרם,false,1,22.70,2.63,true,1,
7290107939027,false,גזר דק דק 250 גרם,,,גזר דק דק 250 גרם,גרמים,250.00,100 גרם,false,1,7.90,3.16,true,1,
7290107940467,false,יוגורט אקטיביה 1.5% 200 גר,,,יוגורט אקטיביה 1.5%,גרמים,200.00,100 גרם,false,1,4.10,2.05,true,1,
7290107941259,false,עדשים ירוקות מבושלות,,,עדשים ירוקות מבושלות,גרמים,475.00,100 גרם,false,1,12.90,2.72,true,1,
7290107941266,false,שעועית אדומה מבושלת,,,שעועית אדומה מבושלת,גרמים,475.00,100 גרם,false,1,14.90,3.14,true,1,
7290107941273,false,חומוס מבושל,,,חומוס מבושל,גרמים,475.00,100 גרם,false,1,11.90,2.51,true,1,
7290107943192,false,"שמנת חמוצה מהערבה 27% 200 מ""ל",,,שמנת חמוצה מהערבה,מיליליטרים,200.00,"100 מ""ל",false,1,4.50,2.25,true,1,
7290107943369,false,קוואקר שיבולת שועל ללא גלוטן 511 גר,,,קוואקר שיבולת שועל ל,גרמים,511.00,100 גרם,false,1,19.90,3.89,true,1,
7290107944472,false,סימפוניה שום שמיר 5% 200 גר,,,סימפוניה שום שמיר 5%,גרמים,200.00,100 גרם,false,1,12.90,6.45,true,1,
7290107945165,false,קונפיטורת יד מרדכי משמש 340 גר,,,קונפיטורת יד מרדכי,גרמים,340.00,100 גרם,false,1,15.90,4.68,true,1,
7290107950190,false,מעדן דיאט שוקולד מריר 0.5% 130 גר,,,מעדן דיאט שוקולד מרי,גרמים,130.00,100 גרם,false,1,3.60,2.77,true,1,
7290107951111,false,בפלות לימון 200 גרם,,,בפלות לימון 200 גרם,גרמים,200.00,100 גרם,false,1,6.20,3.10,true,1,
7290107953559,false,מארז טורקי לדרך 168 גרם,,,מארז טורקי לדרך 168,גרמים,168.00,100 גרם,false,1,19.90,11.85,true,1,
7290107954709,false,קונפיטורת פירות יער 340 גר יד מרדכי,,,קונפיטורת פירות יער,גרמים,340.00,100 גרם,false,1,15.90,4.68,true,1,
7290107954976,false,משקה פרו קפה יטבתה 350 מל,,,משקה פרו קפה יטבתה 3,מיליליטרים,350.00,"100 מ""ל",false,1,7.20,2.06,true,1,
7290107956642,false,"תרסיס שמן זית יד מרדכי 150 מ""ל",,,תרסיס שמן זית יד מרד,מיליליטרים,150.00,"100 מ""ל",false,1,19.90,13.27,true,1,
7290107956895,false,קפסולות אספרסו בטעם קרמל 50 גר,,,קפסולות אספרסו בטעם,Unknown,0.00,Unknown,false,1,18.90,18.90,true,1,
7290107956901,false,קפסולות בטעם אגוזים למכונות נספרסו 50 גר,,,קפסולות בטעם אגוזים,גרמים,50.00,100 גרם,false,1,18.90,37.80,true,1,
7290107956932,false,קפסולות אספרסו אידונזיה למכונות 50 גר,,,קפסולות אספרסו אידונ,גרמים,50.00,100 גרם,false,1,18.90,37.80,true,1,
7290107957069,false,צנצנת עלמה בטעם אוכמניות 66 גר,,,צנצנת עלמה בטעם אוכמ,Unknown,0.00,Unknown,false,1,11.50,11.50,true,1,
7290107957076,false,צנצנת עלמה בטעם ספירמינט 66 גר,,,צנצנת עלמה בטעם ספיר,Unknown,0.00,Unknown,false,1,11.50,11.50,true,1,
7290107957229,false,נטיפי שוקולד ציפס מריר 250 גר,,,נטיפי שוקולד ציפס מר,גרמים,130.00,100 גרם,false,1,13.90,10.69,true,1,
7290107957991,false,מילקי CAKE מינייס 144 גר,,IT,מילקי CAKE מינייס 14,גרמים,144.00,100 גרם,false,1,17.60,12.22,true,1,
7290107958035,false,מארז דנונה מתיקות מעודנת ללא סוכר 8יח 2%,,,"מארז דנונה ללת""ס",גרמים,1200.00,100 גרם,false,1,19.50,1.63,true,1,
7290107971539,false,פרי חטיף בוטנים וקשיו שוקולד מריר 140 גר,,,פרי חטיף בוטנים וקשי,גרמים,140.00,100 גרם,false,1,19.90,14.21,true,1,
7290107971744,false,קולגייט מי פה טוטל ירוק 500 מל,,,קולגייט מי פה טוטל י,מיליליטרים,500.00,"100 מ""ל",false,1,33.90,6.78,true,1,
7290107971751,false,קולגייט מי פה טוטל כחול 500 מל,,,קולגייט מי פה טוטל כ,מיליליטרים,500.00,"100 מ""ל",false,1,33.90,6.78,true,1,
7290107973038,false,פלמוליב סבון ידיים אקווריום 300 מל,,,פלמוליב סבון ידיים א,מיליליטרים,300.00,"100 מ""ל",false,1,12.90,4.30,true,1,
7290107973793,false,מנה עגבניות שלמות 400 גר מאסטר שף,,,מנה עגבניות שלמות 40,גרמים,400.00,100 גרם,false,1,7.90,1.98,true,1,
7290107973809,false,מנה קוביות עגבניות 400 גר מאסטר שף,,,מנה קוביות עגבניות 4,גרמים,400.00,100 גרם,false,1,7.90,1.98,true,1,
7290107973861,false,מנה עגבניות קצוצות דק שלישיה 400 גר מ.שף,,,מנה עגבניות קצוצות ד,קילוגרמים,0.00,"ק""ג",false,1,18.80,18.80,true,1,
7290107974806,false,"מנה אורז בסמטי 1 ק""ג",,,"מנה אורז בסמטי 1 ק""ג",גרמים,1000.00,100 גרם,false,1,14.90,1.49,true,1,
7290107974813,false,"מנה אורז יסמין 1 ק""ג",,,"מנה אורז יסמין 1 ק""ג",גרמים,1000.00,100 גרם,false,1,13.50,1.35,true,1,
7290107974820,false,מנה מאסטר שף ממרח מתובל ספייסי 248 גר,,,מנה מאסטר שף ממרח מת,גרמים,248.00,100 גרם,false,1,10.10,4.07,true,1,
7290107974837,false,מנה מאסטר שף ממרח מתובל שום 246 גר,,,מנה מאסטר שף ממרח מת,גרמים,246.00,100 גרם,false,1,10.10,4.11,true,1,
7290107975346,false,דאו גל כח הטבע אולנג ספיד סטיק 65 גר,,,דאו גל כח הטבע אולנג,גרמים,65.00,100 גרם,false,1,21.90,33.69,true,1,
7290107976916,false,"סבון ידיים חלב זיתים פלמוליב 300 מ""ל",,,סבון ידיים חלב זיתים,מיליליטרים,300.00,"100 מ""ל",false,1,12.90,4.30,true,1,
7290107978347,false,מאסטר שף איטריות בינוניות 400 גר,,,מאסטר שף איטריות בינ,גרמים,400.00,100 גרם,false,1,6.90,1.73,true,1,
7290107979184,false,תב.אלומיניום עם נייר אפייה גדול קוקי 3 י,,,תב.אלומיניום עם נייר,Unknown,0.00,Unknown,false,1,12.00,12.00,true,1,
7290108070309,false,שקית בלונים פסטל מעו,,,שקית בלונים פסטל מעו,Unknown,0.00,Unknown,false,1,27.90,27.90,true,1,
7290108076561,false,בקבוק שתייה עם פיה נסגרת ורוד 600 מל,,,בקבוק שתייה עם פיה נ,Unknown,0.00,Unknown,false,1,19.90,19.90,true,1,
7290108201437,false,"אבקת כביסה קולון 101 2.5 ק""ג",,,אבקת כביסה קולון 101,קילוגרמים,0.00,"ק""ג",false,1,27.90,27.90,true,1,
7290108201802,false,"ספריי דטול לחיטוי בניחוח כביסה 400 מ""ל",,US,ספריי דטול לחיטוי בנ,מיליליטרים,400.00,"100 מ""ל",false,1,26.90,6.73,true,1,
7290108201864,false,קולון קפסולות גל לכביסה 28 יחידות,,,קולון קפסולות גל,Unknown,0.00,Unknown,false,1,31.90,31.90,true,1,
7290108350203,false,סקוטש ברייט+ספוג 6 יח,,,סקוטש ברייט+ספוג 6 י,Unknown,0.00,Unknown,false,1,12.90,12.90,true,1,
7290108350210,false,סנו סושי שקיות אשפה 30 יח XL,,,סנו סושי שקיות אשפה,Unknown,0.00,Unknown,false,1,28.50,28.50,true,1,
7290108350586,false,ספארק נוזל כלים בניחוח לימון רענן 1.5 ל,,,ספארק נוזל כלים בניח,ליטרים,0.00,ליטר,false,1,18.40,18.40,true,1,
7290108350616,false,מרכך כביסה מקסימה סופר מרוכ bluo blossom,,,מרכך כביסה מקסימה סו,מיליליטרים,1000.00,"100 מ""ל",false,1,18.90,1.89,true,1,
7290108351507,false,מרכך כביסה SOFT SILK סנו מקסימה 4 ל,,,מרכך כביסה SOFT SILK,ליטרים,0.00,ליטר,false,1,22.90,22.90,true,1,
7290108351514,false,מרכך כביסה BLUE BLOSSOM סנו מקסימה 4 ל,,,מרכך כביסה BLUE BLOS,ליטרים,0.00,ליטר,false,1,22.90,22.90,true,1,
7290108351552,false,"מרסס סנו גט +תוספת חומץ 750 מ""ל",,,מרסס סנו גט +תוספת ח,מיליליטרים,750.00,"100 מ""ל",false,1,14.90,1.99,true,1,
7290108351583,false,"נוזל לאסלה סנו גט+חומץ 750 מ""ל",,,נוזל לאסלה סנו גט+חו,מיליליטרים,750.00,"100 מ""ל",false,1,15.00,2.00,true,1,
7290108351699,false,מגבוני ניקוי סנו גט+חומץ שלישייה,,IL,מגבוני ניקוי סנו גט+,Unknown,0.00,Unknown,false,1,24.00,24.00,true,1,
7290108351804,false,מר.כביסה סנומקסימה מרוכזgentle breezeל1,,IL,מר.כביסה סנומקסימה מ,ליטרים,0.00,ליטר,false,1,18.90,18.90,true,1,
7290108351811,false,מר.כביסה סנומקסימה מרוכז floral touchל 1,,IL,מר.כביסה סנומקסימה מ,ליטרים,0.00,ליטר,false,1,18.90,18.90,true,1,
7290108351927,false,טבליות למדיח ספארק 70 יח,,IL,טבליות למדיח ספארק 7,Unknown,0.00,Unknown,false,1,49.90,49.90,true,1,
7290108352009,false,קפסולות גל למדיח סנו ספארק 50 יח,,IL,קפסולות גל למדיח סנו,Unknown,0.00,Unknown,false,1,55.50,55.50,true,1,
7290108352054,false,צמד מברשות שיניים 980 + חוט דנטלי מתנה,,,צמד מברשות שיניים 98,יחידה,1.00,יחידה,false,1,19.90,19.90,true,1,
7290108352207,false,קפסולות לכביסה סנו מקסימה פלורל 40 יח,,IL,קפסולות לכביסה סנו מ,יחידה,1.00,יחידה,false,1,47.50,47.50,true,1,
7290108352214,false,קפסולות לכביסה סנו מקסימה פרש 40 יח,,IL,קפסולות לכביסה סנו מ,Unknown,0.00,Unknown,false,1,47.50,47.50,true,1,
7290108352498,false,סנו פרש מכשיר אוטומטי+מילוי מלון בוטיק,,,סנו פרש מכשיר אוטומט,Unknown,0.00,Unknown,false,1,46.90,46.90,true,1,
7290108352535,false,מקסימה דפי בישום למייבש,,IL,מקסימה דפי בישום למי,Unknown,0.00,Unknown,false,1,14.90,14.90,true,1,
7290108352566,false,JOY סנו מקסימה מרכך כביסה 4 ליטר,,,JOY סנו מקסימה מרכך,ליטרים,0.00,ליטר,false,1,22.90,22.90,true,1,
7290108352641,false,מטלית הפלא לניקוי כללי סנו סושי 3 יח,,,מטלית הפלא לניקוי כל,Unknown,0.00,Unknown,false,1,17.30,17.30,true,1,
7290108352689,false,סקוטש ברייט סנו סושי 9 יח,,,סקוטש ברייט סנו סושי,Unknown,0.00,Unknown,false,1,12.90,12.90,true,1,
7290108352702,false,מגבוני טואלט לחים נשט.באסלה בוב ספוג 3 י,,,מגבוני טואלט לחים נש,Unknown,0.00,Unknown,false,1,18.90,18.90,true,1,
7290108352825,false,ספוג הפלא נירוסטה סנו סושי,,,ספוג הפלא נירוסטה סנ,Unknown,0.00,Unknown,false,1,13.50,13.50,true,1,
7290108352894,false,מפת שולחן חגיגית סנו סושי,,,מפת שולחן חגיגית סנו,Unknown,0.00,Unknown,false,1,9.90,9.90,true,1,
7290108353068,false,כרית קרצוף סנו סושי עם סיבי נירוסטה,,IL,כרית קרצוף סנו סושי,Unknown,0.00,Unknown,false,1,12.60,12.60,true,1,
7290108353099,false,ממחטות אף חמישייה 500 יח,,IL,ממחטות אף חמישייה 50,Unknown,0.00,Unknown,false,1,15.50,15.50,true,1,
7290108353532,false,שקיות אשפה סנו סושי 100 יח,,IL,שקיות אשפה סנו סושי,Unknown,0.00,Unknown,false,1,37.90,37.90,true,1,
7290108353549,false,נייר אפייה סנו סושי 100 יח,,IL,נייר אפייה סנו סושי,Unknown,0.00,Unknown,false,1,25.10,25.10,true,1,
7290108353648,false,שקיות אוכל מנייר סנו סושי 70 יח,,IL,שקיות אוכל מנייר סנו,יחידה,1.00,יחידה,false,1,13.90,13.90,true,1,
7290108353686,false,סושי מטלית לרצפה חלומית,,IL,סושי מטלית לרצפה חלו,Unknown,0.00,Unknown,false,1,14.50,14.50,true,1,
7290108354270,false,CALMמרכך כביסה מקסימה מרוכז 1 ל,,,CALMמרכך כביסה מקסימ,מיליליטרים,1000.00,"100 מ""ל",false,1,18.90,1.89,true,1,
7290108354430,false,שמפו כיף לשיקום והזנה שמן קוקוס 700 מל,,IL,שמפו כיף לשיקום והזנ,מיליליטרים,700.00,"100 מ""ל",false,1,14.30,2.04,true,1,
7290108354447,false,מרכך כיף לשיקום והזנה שמן קוקוס 700 מל,,IL,מרכך כיף לשיקום והזנ,מיליליטרים,700.00,"100 מ""ל",false,1,14.30,2.04,true,1,
7290108354607,false,נקה ביו שמפו 750 מל,,,נקה ביו שמפו 750 מל,מיליליטרים,750.00,"100 מ""ל",false,1,14.90,1.99,true,1,
7290108354614,false,נקה ביו מרכך 750 מל,,,נקה ביו מרכך 750 מל,מיליליטרים,750.00,"100 מ""ל",false,1,14.90,1.99,true,1,
7290108354911,false,"שמפו וגל רחצה קרמה מן 3 ב-1 700 מ""ל",,IL,שמפו וגל רחצה קרמה מ,מיליליטרים,700.00,"100 מ""ל",false,1,21.90,3.13,true,1,
7290108356113,false,"תחליב רחצה כיף דבש 700 מ""ל",,IL,תחליב רחצה כיף דבש 7,מיליליטרים,700.00,"100 מ""ל",false,1,13.90,1.99,true,1,
7290108356373,false,גל ניקוי לידיים סנו מדיק דמויות 30 גר,,,גל ניקוי לידיים סנו,גרמים,30.00,100 גרם,false,1,9.90,33.00,true,1,
7290108356489,false,"תחליב רחצה כיף אפרסק 700 מ""ל",,IL,תחליב רחצה כיף אפרסק,מיליליטרים,700.00,"100 מ""ל",false,1,14.20,2.03,true,1,
7290108356816,false,"כיף סבון ידיים בוטני גרניום ופט 500 מ""ל",,,כיף סבון ידיים בוטני,יחידה,1.00,יחידה,false,1,16.50,16.50,true,1,
7290108356861,false,מגבונים בייבי כיף חמישייה לא מבושם,,,מגבונים בייבי כיף חמ,Unknown,0.00,Unknown,false,1,22.90,22.90,true,1,
7290108357240,false,אוקסיגן אבקה להסרת כתמים קשים צבעונית,,,אוקסיגן אבקה להסרת כ,יחידה,1.00,יחידה,false,1,33.90,33.90,true,1,
7290108357264,false,מטהר אוויר סנו פרש אוטו אולטרה פרש 250מל,,IL,מטהר אוויר סנו פרש א,מיליליטרים,250.00,"100 מ""ל",false,1,16.90,6.76,true,1,
7290108357271,false,סנובון מוצק בניחוח כח החמצן שלישייה,,,סנובון מוצק בניחוח כ,מיליליטרים,0.00,"100 מ""ל",false,1,12.90,12.90,true,1,
7290108357288,false,סנו זאוול אקונומיקה בניחוח לבנה 4 ליטר,,,סנו זאוול אקונומיקה,ליטרים,0.00,ליטר,false,1,17.90,17.90,true,1,
7290108357301,false,"K-300 סנו 300 מ""ל",,,"K-300 סנו 300 מ""ל",מיליליטרים,300.00,"100 מ""ל",false,1,14.90,4.97,true,1,
7290108357509,false,קרמה קרם גוף וניל ופלפל ורוד 500 מל,,,קרמה קרם גוף וניל ופ,מיליליטרים,500.00,"100 מ""ל",false,1,26.50,5.30,true,1,
7290108357653,false,סנובון שלישיה בניחוח אוקיינוס,,,סנובון שלישיה בניחוח,Unknown,0.00,Unknown,false,1,17.90,17.90,true,1,
7290108357769,false,מרכך כיף לשיער רגיל תפוח זרעי ציה 700 מל,,IL,מרכך כיף לשיער רגיל,מיליליטרים,700.00,"100 מ""ל",false,1,13.90,1.99,true,1,
7290108357844,false,כיף אלסבון שקית מילוי + פקק 1 ליטר אצות,,IL,כיף אלסבון שקית מילו,Unknown,0.00,Unknown,false,1,10.90,10.90,true,1,
7290108357875,false,שמפו כיף לחות מוגברת עם אפרסק 700 מל,,IL,שמפו כיף לחות מוגברת,מיליליטרים,700.00,"100 מ""ל",false,1,14.30,2.04,true,1,
7290108358117,false,פרש הום מקלות בישום בניחוח כביסה רעננה,,,פרש הום מקלות בישום,יחידה,1.00,יחידה,false,1,21.90,21.90,true,1,
7290108358124,false,מקסימה דפי בישום למייבש בניחוח אולטרה פר,,,מקסימה דפי בישום למי,Unknown,0.00,Unknown,false,1,14.60,14.60,true,1,
7290108359008,false,L סנו שקית זיפר 15 יח,,IL,L סנו שקית זיפר 15 י,יחידה,1.00,יחידה,false,1,15.90,15.90,true,1,
7290108359039,false,שקיות אשפה סנו 30 יח +ידית לפחים גבוהים,,,שקיות אשפה סנו 30 יח,Unknown,0.00,Unknown,false,1,22.90,22.90,true,1,
7290108359046,false,שקיות אשפה חזקות במיוחד 30 יח,,IL,שקיות אשפה חזקות במי,Unknown,0.00,Unknown,false,1,29.30,29.30,true,1,
7290108359077,false,ממחטות אף סופט לושן 3 שכבות,,IL,ממחטות אף סופט לושן,יחידה,1.00,יחידה,false,1,14.90,14.90,true,1,
7290108359084,false,סושי כיסוי עם גומי מדיום,,IL,סושי כיסוי עם גומי מ,Unknown,0.00,Unknown,false,1,11.90,11.90,true,1,
7290108359091,false,סושי כיסוי עם גומי לארג,,IL,סושי כיסוי עם גומי ל,Unknown,0.00,Unknown,false,1,11.90,11.90,true,1,
7290108359152,false,"תבניות עגולות 25 ס""מ",,IL,"תבניות עגולות 25 ס""מ",Unknown,0.00,Unknown,false,1,11.90,11.90,true,1,
7290108359169,false,"תבניות עגולות 28 ס""מ",,IL,"תבניות עגולות 28 ס""מ",Unknown,0.00,Unknown,false,1,11.90,11.90,true,1,
7290108359183,false,שקיות אשפה 60 יחידות+ידית,,IL,שקיות אשפה 60 יחידות,Unknown,0.00,Unknown,false,1,24.90,24.90,true,1,
7290108359985,false,סנו זאוול מרסס פריחה לבנה 1 ליטר,,,סנו זאוול מרסס פריחה,מיליליטרים,1000.00,"100 מ""ל",false,1,19.90,1.99,true,1,
7290108500264,false,נתחי טונה בהירה בשמן וילי פוד 95 גר,,TH,נתחי טונה בהירה בשמן,גרמים,95.00,100 גרם,false,1,4.50,4.74,true,1,
7290108501353,false,פילה אנשובי אמיתי ארוך בשמן וילי פוד 45,,,פילה אנשובי אמיתי אר,גרמים,45.00,100 גרם,false,1,7.90,17.56,true,1,
7290108501360,false,גבינת צדר בשלה 200 גרם,,,גבינת צדר בשלה 200 ג,גרמים,200.00,100 גרם,false,1,21.90,10.95,true,1,
7290108501490,false,מוצרלה פרוסות 150 גרם,,,מוצרלה פרוסות 150 גר,גרמים,150.00,100 גרם,false,1,16.40,10.93,true,1,
7290108501964,false,הפי נוטס חטיף אגוזים וצימוקים 4*35 גרם,,,הפי נוטס חטיף אגוזים,גרמים,140.00,100 גרם,false,1,13.90,9.93,true,1,
7290108501971,false,הפי נוטס חטיף בוטנים ומשמש 4*35 גרם,,,הפי נוטס חטיף בוטנים,גרמים,140.00,100 גרם,false,1,13.90,9.93,true,1,
7290108501988,false,הפי נוטס חטיף שקדים וחמוציות 4*35 גרם,,,הפי נוטס חטיף שקדים,גרמים,140.00,100 גרם,false,1,13.90,9.93,true,1,
7290108502329,false,רביעית טונה בשמן זית וילי פוד 4*160 גר,,TH,רביעית טונה בשמן זית,גרמים,640.00,100 גרם,false,1,28.90,4.52,true,1,
7290108502725,false,גבינת גאודה פרוסות 400 גר,,IL,גבינת גאודה פרוסות 4,גרמים,400.00,100 גרם,false,1,25.10,6.28,true,1,
7290108502862,false,מלפפונים כבושים במלח 18-25 קטנים 600 גר,,,מלפפונים כבושים במלח,גרמים,600.00,100 גרם,false,1,10.90,1.82,true,1,
7290108503043,false,מארז תפוחונים 4 * 22 גר,,CN,מארז תפוחונים 4 * 22,גרמים,88.00,100 גרם,false,0,15.90,18.07,true,1,
7290108503067,false,פרמזנו משולש 150 גרם,,,פרמזנו משולש 150 גרם,גרמים,150.00,100 גרם,false,1,17.70,11.80,true,1,
7290108504385,false,גבינת שמנת עם חלפיניו 200 גר,,DE,גבינת שמנת עם חלפיני,גרמים,200.00,100 גרם,false,1,14.20,7.10,true,1,
7290108504699,false,רביעית טונה בשמן קנולה וילי פוד 4*160 גר,,TH,רביעית טונה בשמן קנו,גרמים,640.00,100 גרם,false,1,22.90,3.58,true,1,
7290108505184,false,יוגורט עם קוקוס 5% שומן 150 גרם,,GR,יוגורט עם קוקוס 5% ש,גרמים,150.00,100 גרם,false,1,6.60,4.40,true,1,
7290108505962,false,שזיפים מיובשים וילי פוד 400 גרם,,US,שזיפים מיובשים וילי,גרמים,400.00,100 גרם,false,1,25.90,6.48,true,1,
7290108506495,false,כנאפה קפוא 192.5 גרם,,TR,כנאפה קפוא 192.5 גרם,גרמים,193.00,100 גרם,false,1,16.90,8.76,true,1,
7290108506815,false,גלילי וופל וקרם קרמל מלוח פינוקים 400 גר,,GR,גלילי וופל וקרם קרמל,גרמים,400.00,100 גרם,false,1,17.90,4.48,true,1,
7290108507065,false,גבינת פרמגיאנו רגיאנו מגורדת 100 גרם,,IT,גבינת פרמגיאנו רגיאנ,גרמים,100.00,100 גרם,false,1,17.60,17.60,true,1,
7290108507652,false,ביסקויט פריך בשוקולד לבן 100 גרם,,TR,ביסקויט פריך בשוקולד,גרמים,100.00,100 גרם,false,1,6.90,6.90,true,1,
7290108508499,false,"איירן משקה יוגורט בסגנון טורקי 293 מ""ל",,TR,איירן משקה יוגורט בס,מיליליטרים,293.00,"100 מ""ל",false,1,6.50,2.22,true,1,
7290108508765,false,קונכיות פתיתים 400גרם,,TR,קונכיות פתיתים 400גר,גרמים,400.00,100 גרם,false,1,6.90,1.73,true,1,
7290108508772,false,קונכיות פתיתים עם תרד 400גרם,,TR,קונכיות פתיתים עם תר,גרמים,400.00,100 גרם,false,1,6.90,1.73,true,1,
7290108509106,false,גבינה בולגרית מעודנת בקוביות 13% 200 גרם,,,גבינה בולגרית מעודנת,גרמים,200.00,100 גרם,false,1,12.90,6.45,true,1,
7290108509113,false,גבינה בולגרית מעודנת 18% שומן 250 גרם,,,גבינה בולגרית מעודנת,גרמים,250.00,100 גרם,false,1,12.90,5.16,true,1,
7290108509250,false,"אנטיפסטי ארטישוק בשמן חמניות 380מ""ל",,,אנטיפסטי ארטישוק בשמ,מיליליטרים,380.00,"100 מ""ל",false,1,25.10,6.61,true,1,
7290108509694,false,זיתים ירוקים ממולאים פלפל פפרוני 820 גרם,,TR,זיתים ירוקים ממולאים,גרמים,820.00,100 גרם,false,1,20.80,2.54,true,1,
7290108509700,false,"אורז פרסי 1 ק""ג DAAWAT",,IN,"אורז פרסי 1 ק""ג DAAW",גרמים,1000.00,100 גרם,false,1,11.40,1.14,true,1,
7290108509755,false,גבינה חלומי 250 גרם 23% שומן,,,גבינה חלומי 250 גרם,גרמים,250.00,100 גרם,false,1,24.90,9.96,true,1,
7290108509939,false,פרוסות פילה טונה 120 גרם,,,פרוסות פילה טונה 120,גרמים,120.00,100 גרם,false,1,13.90,11.58,true,1,
7290109351025,false,מלך חומוס חומוסטחינה צבר 400 גר,,,מלך חומוס חומוסטחינה,גרמים,400.00,100 גרם,false,1,17.60,4.40,true,1,
7290109351957,false,פיטנס פריכיות גדולות שקלד.חלב 100 גרם,,,פיטנס פריכיות גדולות,גרמים,100.00,100 גרם,false,1,10.20,10.20,true,1,
7290109351971,false,פיטנס בר פריכיות שוקולד חלב 84 גרם,,,פיטנס בר פריכיות שוק,גרמים,84.00,100 גרם,false,1,14.90,17.74,true,1,
7290109353494,false,פרפקטו פארפאלה 500 גרם,,,פרפקטו פארפאלה 500,גרמים,500.00,100 גרם,false,1,8.30,1.66,true,1,
7290109354057,false,מאגדת לה פרוטה תפוז אננס 5 יח,,,מאגדת לה פרוטה תפוז,Unknown,0.00,Unknown,false,1,27.90,27.90,true,1,
7290109354972,false,פתי בר ללא גלוטן קלאסי 200 גרם אסם,,,פתי בר ללא גלוטן קלא,גרמים,200.00,100 גרם,false,1,12.00,6.00,true,1,
7290109354996,false,פתי בר ללא גלוטן שוקו 200 גרם אסם,,,פתי בר ללא גלוטן שוק,גרמים,200.00,100 גרם,false,1,12.00,6.00,true,1,
7290109358284,false,שניצל תירס עם חלבון טבעול 664 גר,,,שניצל תירס עם חלבון,גרמים,664.00,100 גרם,false,1,35.90,5.41,true,1,
7290109580036,false,"שניצל תירס 1.25 ק""ג זוגלובק",,,"שניצל תירס 1.25 ק""ג",גרמים,1250.00,100 גרם,false,1,39.90,3.19,true,1,
7290109580050,false,נקניקיות צוריסוס wonders 226 גר,,,נקניקיות צוריסוס,גרמים,226.00,100 גרם,false,1,38.50,17.04,true,1,
7290109580067,false,טחון wonders 340 גר,,,טחון wonders 340 גר,גרמים,340.00,100 גרם,false,1,38.50,11.32,true,1,
7290109580241,false,נאגטס מן הצומח זוגלובק 500 גרם,,,נאגטס מן הצומח זוגלו,גרמים,500.00,100 גרם,false,1,29.90,5.98,true,1,
7290109580449,false,סלמי בטעם כמהין 180 גרם,,,סלמי בטעם כמהין 180,גרמים,160.00,100 גרם,false,1,23.90,14.94,true,1,
7290109640198,false,מגורדת לפיצה ואפיה 20% שומן משומשו 200 ג,,IL,מגורדת לפיצה ואפיה 2,גרמים,200.00,100 גרם,false,1,22.90,11.45,true,1,
7290109640402,false,ממרח טבעי 9% בסיס רכיבי קוקוס 200 גר,,IL,ממרח טבעי 9% בסיס רכ,גרמים,200.00,100 גרם,false,1,17.90,8.95,true,1,
7290109920146,false,דורגול מסיר אבנית 750 מל,,,דורגול מסיר אבנית 75,מיליליטרים,750.00,"100 מ""ל",false,1,23.90,3.19,true,1,
7290109920153,false,מלבין כביסה לבנה יעקבי 790 גרם,,,מלבין כביסה לבנה יעק,גרמים,790.00,100 גרם,false,1,31.20,3.95,true,1,
7290109920603,false,"קרם ניקוי אסטוניש למטבח 500 מ""ל",,,קרם ניקוי אסטוניש למ,מיליליטרים,500.00,"100 מ""ל",false,1,19.90,3.98,true,1,
7290109920740,false,מרכך כביסה מרוכז לבנדר הפי 1 ליטר,,,מרכך כביסה מרוכז לבנ,מיליליטרים,1000.00,"100 מ""ל",false,1,15.90,1.59,true,1,
7290109920863,false,גל כביסה הפי מיוחד לכביסת בגדי ספורט,,,גל כביסה הפי מיוחד ל,מיליליטרים,1000.00,"100 מ""ל",false,1,15.80,1.58,true,1,
7290109921075,false,"נוזל דזיטול מחטא בגדים בכביסה 500 מ""ל",,ES,נוזל דזיטול מחטא בגד,מיליליטרים,500.00,"100 מ""ל",false,1,18.20,3.64,true,1,
7290109921129,false,מרכך כביסה סופר מרוכז ניחוח סיגליות,,,מרכך כביסה סופר מרוכ,מיליליטרים,1000.00,"100 מ""ל",false,1,15.90,1.59,true,1,
7290109923093,false,אסטוניש קרם כיריים ה,,IL,אסטוניש קרם כיריים ה,Unknown,1.00,Unknown,false,1,14.90,14.90,true,1,
7290110059545,false,בקבוק נירוסטה ספידרמ,,,בקבוק נירוסטה ספידרמ,Unknown,0.00,Unknown,false,1,29.90,29.90,true,1,
7290110110277,false,"סומרסבי סיידר תפוחים אלכוהולי 4*300 מ""ל",,,סומרסבי סיידר תפוחים,מיליליטרים,1320.00,"100 מ""ל",false,1,34.90,2.64,true,1,
7290110110369,false,שישיית בירה קרלסברג LUMA בקבוק 330 מל,,IL,שישיית בירה קרלסברג,מיליליטרים,1980.00,"100 מ""ל",false,1,39.90,2.02,true,1,
7290110110574,false,"סליק קולה ZERO לימון 330 מ""ל פחית",,,סליק קולה ZERO לימון,מיליליטרים,330.00,"100 מ""ל",false,1,5.40,1.64,true,1,
7290110110659,false,"ספרייט סליק חדש 330 מ""ל",,,ספרייט סליק חדש 330,מיליליטרים,330.00,"100 מ""ל",false,1,5.40,1.64,true,1,
7290110110703,false,"מארז ספרייט חדש 6*330 מ""ל Fridge- pack",,,מארז ספרייט חדש 6*33,ליטרים,0.00,ליטר,false,1,24.90,24.90,true,1,
7290110111564,false,פאוורייד משקה ספורט איזוט הדרים ליים 500,,,פאוורייד משקה ספורט,מיליליטרים,500.00,"100 מ""ל",false,1,12.90,2.58,true,1,
7290110111809,false,"פאנטה אוגנל סליק 330 מ""ל שישייה",,,שישיית פאנטה אורנג,ליטרים,0.00,ליטר,false,1,24.90,24.90,true,1,
7290110113261,false,נקטר אושן ספריי חמוציות 19 קלוריות 1 ל,,,נקטר אושן ספריי חמוצ,מיליליטרים,1000.00,"100 מ""ל",false,1,13.50,1.35,true,1,
7290110113476,false,"שישיית בירה קרלסברג 0.0 בק 330 מ""ל",,IL,שישיית בירה קרלסברג,מיליליטרים,1980.00,"100 מ""ל",false,1,32.90,1.66,true,1,
7290110113605,false,"בירה שקמה 330 מ""ל IPA",,,"בירה שקמה 330 מ""ל",מיליליטרים,330.00,"100 מ""ל",false,1,12.90,3.91,true,1,
7290110113629,false,"בירה שקמה אייל ענברי בק 330 מ""ל",,,בירה שקמה אייל ענברי,מיליליטרים,330.00,"100 מ""ל",false,1,12.90,3.91,true,1,
7290110114787,false,מים נביעות בטעם תפו,,IL,מים נביעות בטעם תפו,ליטרים,0.00,ליטר,false,1,10.40,10.40,true,1,
7290110114794,false,מים נביעות 1.5 ליטר,,IL,מים נביעות 1.5 ליטר,ליטרים,0.00,ליטר,false,1,10.40,10.40,true,1,
7290110114800,false,מים נביעות בטעם ענבי,,IL,מים נביעות בטעם ענבי,ליטרים,0.00,ליטר,false,1,10.40,10.40,true,1,
7290110114855,false,שישיית מים נביעות,,IL,שישיית מים נביעות,ליטרים,0.01,ליטר,false,1,13.70,1370.00,true,1,
7290110114893,false,פריגת סחוט טרי תפוז 2 ליטר,,,פריגת סחוט טרי תפוז,ליטרים,0.00,ליטר,false,1,29.30,29.30,true,1,
7290110114954,false,מיץ תפוזים מתקתק 100% 2 ליטר,,,מיץ תפוזים מתקתק 100,ליטרים,0.00,ליטר,false,1,26.90,26.90,true,1,
7290110114961,false,פריגת תפוזים 1.5 ליט,,IL,פריגת תפוזים 1.5 ליט,ליטרים,0.00,ליטר,false,1,9.90,9.90,true,1,
7290110114985,false,פריגת אשכוליות 1.5 ל,,IL,פריגת אשכוליות 1.5 ל,ליטרים,0.00,ליטר,false,1,9.90,9.90,true,1,
7290110114992,false,פריגת דיאט אשכוליות,,IL,פריגת דיאט אשכוליות,ליטרים,0.00,ליטר,false,1,9.90,9.90,true,1,
7290110115005,false,פריגת ענבים 1.5 ליטר,,IL,פריגת ענבים 1.5 ליטר,ליטרים,0.00,ליטר,false,1,9.90,9.90,true,1,
7290110115036,false,פריגת מנגו 1.5 ליטר,,IL,פריגת מנגו 1.5 ליטר,ליטרים,0.00,ליטר,false,1,9.90,9.90,true,1,
7290110115043,false,פריגת לימונענע 1.5 ל,,IL,פריגת לימונענע 1.5 ל,ליטרים,0.00,ליטר,false,1,9.90,9.90,true,1,
7290110115050,false,פריגת מיקס תות בננה,,IL,פריגת מיקס תות בננה,ליטרים,0.00,ליטר,false,1,9.90,9.90,true,1,
7290110115081,false,פריגת צלול ענבים 1.5 ליטר,,IL,פריגת צלול ענבים 1.5,ליטרים,0.00,ליטר,false,1,8.70,8.70,true,1,
7290110115104,false,פריגת צלול אפרסק 1.5,,IL,פריגת צלול אפרסק 1.5,ליטרים,0.00,ליטר,false,1,8.70,8.70,true,1,
7290110115111,false,פריגת צלול אננס 1.5,,IL,פריגת צלול אננס 1.5,ליטרים,0.00,ליטר,false,1,8.70,8.70,true,1,
7290110115128,false,פריגת צלול לימונענע,,IL,פריגת צלול לימונענע,ליטרים,0.00,ליטר,false,1,8.70,8.70,true,1,
7290110115203,false,קוקה קולה 1.5 ליטר,,IL,קוקה קולה 1.5 ליטר,ליטרים,0.00,ליטר,false,1,9.20,9.20,true,1,
7290110115210,false,קוקה קולה דיאט 1.5 ל,,IL,קוקה קולה דיאט 1.5 ל,ליטרים,0.00,ליטר,false,1,8.90,8.90,true,1,
7290110115234,false,קולה ZERO נטול 1.5 ל,,IL,קולה ZERO נטול 1.5 ל,ליטרים,0.00,ליטר,false,1,9.50,9.50,true,1,
7290110115241,false,קולה ZERO לימון 1.5,,IL,קולה ZERO לימון 1.5,ליטרים,0.00,ליטר,false,1,9.50,9.50,true,1,
7290110115265,false,ספרייט לימון- ליים 1,,IL,ספרייט לימון- ליים 1,ליטרים,0.00,ליטר,false,1,9.00,9.00,true,1,
7290110115272,false,ספרייט ZERO בקבוק 1.,,IL,ספרייט ZERO בקבוק 1.,ליטרים,0.00,ליטר,false,1,8.90,8.90,true,1,
7290110115289,false,ספרייט לימון- נענע 1,,IL,ספרייט לימון- נענע 1,ליטרים,0.00,ליטר,false,1,9.00,9.00,true,1,
7290110115296,false,פאנטה אורנג 1.5 ליטר,,IL,פאנטה אורנג 1.5 ליטר,ליטרים,0.00,ליטר,false,1,10.00,10.00,true,1,
7290110115302,false,פאנטה ZERO אורנג 1.5,,IL,פאנטה ZERO אורנג 1.5,ליטרים,0.00,ליטר,false,1,10.00,10.00,true,1,
7290110115319,false,פאנטה אקזוטיק 1.5 לי,,IL,פאנטה אקזוטיק 1.5 לי,ליטרים,0.00,ליטר,false,1,10.00,10.00,true,1,
7290110115333,false,פאנטה תות 1.5 ליטר,,IL,פאנטה תות 1.5 ליטר,ליטרים,0.00,ליטר,false,1,10.00,10.00,true,1,
7290110115357,false,קינלי סודה 1.5 ליטר,,IL,קינלי סודה 1.5 ליטר,ליטרים,0.00,ליטר,false,1,3.30,3.30,true,1,
7290110115364,false,קוקה קולה שישייה 1.5,,IL,קוקה קולה שישייה 1.5,ליטרים,0.01,ליטר,false,1,52.90,5290.00,true,1,
7290110115371,false,קוקה קולה דיאט שישיי,,IL,קוקה קולה דיאט שישיי,ליטרים,0.01,ליטר,false,1,49.90,4990.00,true,1,
7290110115388,false,ספרייט שישייה 1.5 לי,,IL,ספרייט שישייה 1.5 לי,ליטרים,0.01,ליטר,false,1,48.90,4890.00,true,1,
7290110115395,false,ספרייט ZERO שישייה 1,,IL,ספרייט ZERO שישייה 1,ליטרים,0.01,ליטר,false,1,48.90,4890.00,true,1,
7290110115401,false,קינלי סודה שישייה 1,,IL,קינלי סודה שישייה 1,ליטרים,0.01,ליטר,false,1,16.70,1670.00,true,1,
7290110115418,false,קוקה קולה דיאט ZERO,,IL,קוקה קולה דיאט ZERO,ליטרים,0.01,ליטר,false,1,49.90,4990.00,true,1,
7290110115425,false,תה פיוז לימון-נענע 1,,IL,תה פיוז לימון-נענע 1,ליטרים,0.00,ליטר,false,1,9.90,9.90,true,1,
7290110115449,false,תה פיוז מנגו 1.5 ליט,,IL,תה פיוז מנגו 1.5 ליט,ליטרים,0.00,ליטר,false,1,9.90,9.90,true,1,
7290110115456,false,תה פיוז אפרסק 90 קל,,IL,תה פיוז אפרסק 90 קל,ליטרים,0.00,ליטר,false,1,9.90,9.90,true,1,
7290110115463,false,תה פיוז אפרסק 1.5 לי,,IL,תה פיוז אפרסק 1.5 לי,ליטרים,0.00,ליטר,false,1,9.90,9.90,true,1,
7290110115494,false,תה פיוז ענבים 1.5 לי,,IL,תה פיוז ענבים 1.5 לי,ליטרים,0.00,ליטר,false,1,9.90,9.90,true,1,
7290110115517,false,שישיית קוקה קולה 2 ל,,IL,שישיית קוקה קולה 2 ל,ליטרים,0.01,ליטר,false,1,56.60,5660.00,true,1,
7290110115586,false,פריגת תפוזים 19 קל 1,,IL,פריגת תפוזים 19 קל 1,ליטרים,0.00,ליטר,false,1,8.70,8.70,true,1,
7290110115593,false,פריגת אשכוליות 19 קל,,IL,פריגת אשכוליות 19 קל,ליטרים,0.00,ליטר,false,1,8.70,8.70,true,1,
7290110115616,false,פיוז טי זירו גרין אננס 1.5 ליטר,,IL,פיוז טי זירו גרין אנ,ליטרים,0.00,ליטר,false,1,9.90,9.90,true,1,
7290110115623,false,פיוז טי זירו אפרסק 1.5 ליטר,,IL,פיוז טי זירו אפרסק 1,ליטרים,0.00,ליטר,false,1,9.90,9.90,true,1,
7290110115777,false,נביעות 1.5 ליטר,,,נביעות 1.5 ליטר,ליטרים,0.00,ליטר,false,1,3.90,3.90,true,1,
7290110115821,false,ספרייט לימון- ליים 1.5 ליטר,,,ספרייט לימון- ליים 1,ליטרים,0.00,ליטר,false,1,9.00,9.00,true,1,
7290110115838,false,ספרייט לימון- ליים 1.5 ליטר,,IL,ספרייט זירו לימון- ל,ליטרים,0.00,ליטר,false,1,8.90,8.90,true,1,
7290110115845,false,קוקה קולה 1.5 ליטר,,,קוקה קולה 1.5 ליטר,ליטרים,0.00,ליטר,false,1,9.20,9.20,true,1,
7290110115852,false,קוקה קולה דיאט 1.5 ליטר,,,קוקה קולה דיאט 1.5 ל,ליטרים,0.00,ליטר,false,1,9.20,9.20,true,1,
7290110115869,false,קוקה קולה 1.5 ליטר ZERO,,IL,קוקה קולה 1.5 ליטר,ליטרים,0.00,ליטר,false,1,9.50,9.50,true,1,
7290110115876,false,קינלי סודה 1.5 ליטר,,,קינלי סודה 1.5 ליטר,ליטרים,0.00,ליטר,false,1,3.30,3.30,true,1,
7290110115913,false,"פאוורייד זירו בטעם אננס 500 מ""ל",,IT,פאוורייד זירו בטעם א,מיליליטרים,500.00,"100 מ""ל",false,1,12.90,2.58,true,1,
7290110115975,false,קוקה ZERO ליטר,,,קוקה קולה זירו 1 ליט,מיליליטרים,1000.00,"100 מ""ל",false,1,7.20,0.72,true,1,
7290110116040,false,פאנטה זירו פירות כחול 1.5 ליטר,,IL,פאנטה זירו פירות כחו,ליטרים,0.00,ליטר,false,1,10.00,10.00,true,1,
7290110116064,false,פאנטה זירו פירות ירוק 1.5 ליטר,,IL,פאנטה זירו פירות ירו,ליטרים,0.00,ליטר,false,1,10.00,10.00,true,1,
7290110116125,false,סירופ בטעם פטל 750 מל פריגת,,,סירופ בטעם פטל 750 מ,מיליליטרים,750.00,"100 מ""ל",false,1,24.90,3.32,true,1,
7290110116194,false,נביעות+ סדרת 0 קלוריות לימון-ליים 1.5 לי,,,נביעות+ סדרת 0 קלורי,ליטרים,0.00,ליטר,false,1,8.50,8.50,true,1,
7290110116200,false,נביעות+ סדרת 0 קלוריות לימון-ליים 0.5 לי,,,נביעות+ סדרת 0 קלורי,מיליליטרים,500.00,"100 מ""ל",false,1,5.90,1.18,true,1,
7290110116217,false,נביעות+ סדרת 0 קלוריות אשכוליות 1.5 ליטר,,,נביעות+ סדרת 0 קלורי,ליטרים,0.00,ליטר,false,1,8.50,8.50,true,1,
7290110116316,false,קוקה-קולה שישייה 1.5 ליטר חג שמח,,,קוקה-קולה שישייה 1.5,ליטרים,0.01,ליטר,false,1,48.90,4890.00,true,1,
7290110116323,false,קוקה-קולה זירו שישייה 1.5 ליטר חג שמח,,,קוקה-קולה זירו שישיי,ליטרים,0.01,ליטר,false,1,45.90,4590.00,true,1,
7290110116385,false,"סליק סטפאני זירו 330 מ""ל",,,סליק סטפאני זירו 330,מיליליטרים,330.00,"100 מ""ל",false,1,5.40,1.64,true,1,
7290110116484,false,פריגת מיקס תות בננה 1 ליטר,,IL,פריגת מיקס תות בננה,מיליליטרים,1000.00,"100 מ""ל",false,1,19.90,1.99,true,1,
7290110116491,false,פריגת מיקס אפרסק משמש 1 ליטר,,IL,פריגת מיקס אפרסק משמ,מיליליטרים,1000.00,"100 מ""ל",false,1,19.90,1.99,true,1,
7290110116507,false,פריגת מיקס אננס בננה אגס 1 ליטר,,IL,פריגת מיקס אננס בננה,מיליליטרים,1000.00,"100 מ""ל",false,1,19.90,1.99,true,1,
7290110116514,false,"פריגת מיקס תות בננה 400 מ""ל",,,פריגת מיקס תות בננה,מיליליטרים,400.00,"100 מ""ל",false,1,10.90,2.73,true,1,
7290110116521,false,"פריגת מיקס אפרסק משמש 400 מ""ל",,,פריגת מיקס אפרסק משמ,מיליליטרים,400.00,"100 מ""ל",false,1,10.90,2.73,true,1,
7290110116552,false,ספרייט למון היט 1.5 ליטר,,IL,ספרייט למון היט 1.5,ליטרים,0.00,ליטר,false,1,9.00,9.00,true,1,
7290110116569,false,ספרייט ZERO בקבוק 1.5 ליטר,,IL,ספרייט ZERO בקבוק 1.,ליטרים,0.00,ליטר,false,1,8.90,8.90,true,1,
7290110320591,false,פיראוס בולגרית מעודנת 16% 250 גר,,,פיראוס בולגרית מעודנ,גרמים,250.00,100 גרם,false,1,24.90,9.96,true,1,
7290110320850,false,פתיתי עמק 200 גר,,,פתיתי עמק 200 גר,גרמים,200.00,100 גרם,false,1,17.90,8.95,true,1,
7290110320867,false,פתיתי עמק למאפים 28% 500 גר,,,פתיתי עמק למאפים 28%,גרמים,500.00,100 גרם,false,1,39.90,7.98,true,1,
7290110320935,false,פרוסות מוצרלה 150 גר,,,פרוסות מוצרלה 150 גר,גרמים,150.00,100 גרם,false,1,19.50,13.00,true,1,
7290110321277,false,קוטג בקטנה 5% 100 גר,,,קוטג בקטנה 5% 100 גר,גרמים,100.00,100 גרם,false,1,2.80,2.80,true,1,
7290110321284,false,קוטג בקטנה 9% 100 גר,,,קוטג בקטנה 9% 100 גר,גרמים,100.00,100 גרם,false,1,2.80,2.80,true,1,
7290110321604,false,קוביות בולגרית מעודנת 5% 200 גר,,IL,קוביות בולגרית 5% מע,גרמים,200.00,100 גרם,false,1,24.50,12.25,true,1,
7290110321680,false,יופלה תות 200 מל GO,,,יופלה גו תות חלבון,מיליליטרים,200.00,"100 מ""ל",false,1,6.20,3.10,true,1,
7290110321697,false,יופלה אפרסק 200 מל GO,,,יופלה אפרסק GO,מיליליטרים,200.00,"100 מ""ל",false,1,6.20,3.10,true,1,
7290110321703,false,יופלה GO פירות יער 200 מל,,,יופלה GO פירות יער 2,מיליליטרים,200.00,"100 מ""ל",false,1,6.20,3.10,true,1,
7290110322014,false,טופו טבעי 300 גר,,,טופו טבעי 300 גר,גרמים,300.00,100 גרם,false,1,12.90,4.30,true,1,
7290110322021,false,טופו בזיליקום 300 גר,,,טופו בזיליקום 300 גר,גרמים,300.00,100 גרם,false,1,12.90,4.30,true,1,
7290110322038,false,טופו פיקנטי 300 גר,,,טופו פיקנטי 300 גר,גרמים,300.00,100 גרם,false,1,12.90,4.30,true,1,
7290110323073,false,משקה יוגורט מועשר בחלבון תות פטל 1% 250מ,,IL,משקה יוגורט מועשר בח,מיליליטרים,250.00,"100 מ""ל",false,1,6.90,2.76,true,1,
7290110323301,false,גבינה טל העמק 32% 200 גר,,IL,גבינה טל העמק 32% 20,גרמים,200.00,100 גרם,false,1,20.90,10.45,true,1,
7290110323585,false,יוגורט עם דובדבן מופחת שומן 200 מל GO,,IL,יוגורט עם דובדבן מופ,מיליליטרים,200.00,"100 מ""ל",false,1,5.90,2.95,true,1,
7290110323592,false,יוגורט עם אפרסק מופחת שומן 200 מל GO,,IL,יוגורט עם אפרסק מופח,מיליליטרים,200.00,"100 מ""ל",false,1,6.20,3.10,true,1,
7290110324353,false,יופלה אננס לייט 200 מל GO,,IL,יופלה גו אננס לייט,מיליליטרים,200.00,"100 מ""ל",false,1,6.20,3.10,true,1,
7290110324711,false,ממרח סויה טבעי 9% 250 גר,,IL,ממרח סויה טבעי 9% 25,גרמים,250.00,100 גרם,false,1,11.00,4.40,true,1,
7290110324728,false,ממרח סויה שום שמיר 9% 250 גר,,IL,ממרח סויה שום שמיר 9,גרמים,250.00,100 גרם,false,1,11.00,4.40,true,1,
7290110324841,false,מעדן שקדים עם שוקולד מריר 125 גרם,,IL,מעדן שקדים עם שוקולד,גרמים,125.00,100 גרם,false,1,5.30,4.24,true,1,
7290110324858,false,מעדן שקדים בטעם אגוזי לוז 125 גרם,,IL,מעדן שקדים בטעם אגוז,גרמים,125.00,100 גרם,false,1,5.30,4.24,true,1,
7290110324872,false,גלבוע 5% 200 גרם,,,גלבוע 5% 200 גרם,גרמים,200.00,100 גרם,false,1,18.50,9.25,true,1,
7290110324926,false,משקה סויה ללא תוספת סוכר 1 ליטר,,,משקה סויה ללא תוספת,מיליליטרים,1000.00,"100 מ""ל",false,1,11.90,1.19,true,1,
7290110325114,false,משקה יוגורט גו לייט תות בננה 250 מל,,IL,משקה יוגורט גו לייט,מיליליטרים,250.00,"100 מ""ל",false,1,6.90,2.76,true,1,
7290110325305,false,מעדן סויה גו 20 גר חלבון במתיקות מעודנת,,IL,מעדן סויה גו 200 גרם,גרמים,200.00,100 גרם,false,1,6.20,3.10,true,1,
7290110325312,false,מעדן סויה גו 20 גר חלבון תות 200 גר,,IL,מעדן סויה גו 20 גר ח,גרמים,200.00,100 גרם,false,1,6.20,3.10,true,1,
7290110325510,false,יופלה טיוב במרקם חלק תות בננה 348 גר,,IL,יופלה טיוב יוגורט,גרמים,348.00,100 גרם,false,1,14.90,4.28,true,1,
7290110325619,false,מאגדת זוג משקה שקדים 2*1 ליטר,,IL,משקה שיבולת שועל 1 ל,ליטרים,0.00,ליטר,false,1,14.80,14.80,true,1,
7290110325701,false,גבינת פיראוס יווני 9% שומן על בסיס יוגור,,,גבינת פיראוס יווני 9,גרמים,250.00,100 גרם,false,1,14.60,5.84,true,1,
7290110325893,false,"אייס קפה GO 340 מ""ל",,IL,"אייס קפה GO 340 מ""ל",גרמים,340.00,100 גרם,false,1,8.90,2.62,true,1,
7290110326210,false,יופלה און טופ פצפוצים 157 גרם,,,יופלה און טופ פצפוצי,גרמים,157.00,100 גרם,false,1,5.80,3.69,true,1,
7290110326227,false,יופלה און טופ קורנפלקס 157 גרם,,,יופלה און טופ קורנפל,גרמים,157.00,100 גרם,false,1,5.80,3.69,true,1,
7290110326234,false,יופלה און טופ פצפוצים 157 גרם,,,יופלה און טופ כוכבים,גרמים,157.00,100 גרם,false,1,5.80,3.69,true,1,
7290110326241,false,ייופלה און טופ גרנולה 157 גרם,,,יופלה און טופ גרנולה,גרמים,157.00,100 גרם,false,1,5.80,3.69,true,1,
7290110326333,false,גבינה סקנדינבית פרוסות 170 גרם,,IL,גבינה סקנדינבית פרוס,גרמים,170.00,100 גרם,false,0,20.90,12.29,true,1,
7290110326999,false,"משקה חלב עם שוקולד קלאסי YOLO 340 מ""ל",,IL,משקה חלב עם שוקולד ק,מיליליטרים,340.00,"100 מ""ל",false,1,8.30,2.44,true,1,
7290110327545,false,יופלה און טופ תות עם פצפוצי שוקולד 157 ג,,,יופלה און טופ תות עם,גרמים,157.00,100 גרם,false,1,5.30,3.38,true,1,
7290110328504,false,טריו מיקס- מוצרלה סקנדינבית וגאודה 300 ג,,IL,טריו מיקס- מוצרלה סק,גרמים,300.00,100 גרם,false,1,29.90,9.97,true,1,
7290110328627,false,יוגורט סמיך בננה קרמל 0% 200 מל GO,,,יוגורט גו סמיך בננה,מיליליטרים,200.00,"100 מ""ל",false,1,6.20,3.10,true,1,
7290110328764,false,יוגורט סמיך תות 0% 200 מל GO,,,יוגורט גו סמיך תות,מיליליטרים,200.00,"100 מ""ל",false,1,6.20,3.10,true,1,
7290110328771,false,יוגורט סמיך פירות יער 0% 200 מל GO,,,יוגורט גו סמיך פירות,מיליליטרים,200.00,"100 מ""ל",false,1,6.20,3.10,true,1,
7290110328788,false,יוגורט סמיך אפרסק 0% 200 מל GO,,,יוגורט גו סמיך אפרסק,מיליליטרים,200.00,"100 מ""ל",false,1,6.20,3.10,true,1,
7290110328955,false,קוביות גבינת עזים בשמן מתובל פיראוס 350 גרם,,,קוביות גבינת עזים בש,גרמים,350.00,100 גרם,false,1,27.90,7.97,true,1,
7290110329136,false,מעדן חלב go בטעם שוקולד 12 ג חלבון 120 ג,,,מעדן חלב go בטעם שוק,גרמים,120.00,100 גרם,false,1,5.40,4.50,true,1,
7290110329143,false,מעדן חלב go בטעם וניל 12 ג חלבון 120 גרם,,,מעדן חלב go בטעם וני,גרמים,120.00,100 גרם,false,1,5.40,4.50,true,1,
7290110329266,false,יוגורט תנובה מחלב עיזים מלא 150 גרם,,,יוגורט תנובה מחלב עי,גרמים,150.00,100 גרם,false,1,6.90,4.60,true,1,
7290110329273,false,יוגורט תנובה מחלב עיזים מלא 750 גרם,,,יוגורט תנובה מחלב עי,גרמים,750.00,100 גרם,false,1,24.50,3.27,true,1,
7290110329303,false,פרוסות בטעם צהובה קלאסית אלטרנטיב 200 גר,,,פרוסות בטעם צהובה קל,גרמים,200.00,100 גרם,false,1,24.90,12.45,true,1,
7290110329686,false,"משקה חלב גו בטעם עוגיות 340 מ""ל",,,משקה חלב גו בטעם עוג,מיליליטרים,340.00,"100 מ""ל",false,1,8.90,2.62,true,1,
7290110329716,false,"משקה קפה קר בטעם קפוצינו 230 מ""ל",,IL,משקה קפה קר בטעם קפו,מיליליטרים,230.00,"100 מ""ל",false,1,7.90,3.43,true,1,
7290110329723,false,משקה קפה קר בטעם לאטה 230 גרם,,IL,משקה קפה קר בטעם לאט,מיליליטרים,230.00,"100 מ""ל",false,1,7.90,3.43,true,1,
7290110329730,false,משקה חלב עם שוקולד וקפה לאטה 230 גרם,,IL,משקה חלב עם שוקולד ו,מיליליטרים,230.00,"100 מ""ל",false,1,7.90,3.43,true,1,
7290110329792,false,סויה BIO אפרסק גביע Alternative 150 גרם,,IL,סויה BIO אפרסק גביע,גרמים,150.00,100 גרם,false,1,5.10,3.40,true,1,
7290110329808,false,סויה BIO תות גביע 150 גרם Alternative,,IL,סויה BIO תות גביע 15,גרמים,150.00,100 גרם,false,1,5.10,3.40,true,1,
7290110329815,false,מעדן סויה ביו מתיקות מעודנת alternative,,IL,מעדן סויה ביו מתיקות,גרמים,150.00,100 גרם,false,1,5.10,3.40,true,1,
7290110329822,false,מעדן סויה ביו פירות יער alternative 150,,IL,מעדן סויה ביו פירות,גרמים,150.00,100 גרם,false,1,5.10,3.40,true,1,
7290110329839,false,פרוסות צהובה בטעם זיתים alternat 200 גרם,,,פרוסות צהובה בטעם זי,גרמים,200.00,100 גרם,false,1,24.90,12.45,true,1,
7290110329846,false,סויה BIO טבעי גביע Alternative 150 גרם,,IL,סויה BIO טבעי גביע A,גרמים,150.00,100 גרם,false,1,5.10,3.40,true,1,
7290110550226,false,מטבעות שוקולד מריר לאפיה 400 גר,,IT,מטבעות שוקולד מריר ל,גרמים,400.00,100 גרם,false,1,35.90,8.98,true,1,
7290110550363,false,משולשות קינואה ומלח ים 65 גרם,,IL,משולשות קינואה ומלח,גרמים,65.00,100 גרם,false,1,12.80,19.69,true,1,
7290110550370,false,משולשות קינואה ופלפל שחור 65 גר,,,משולשות קינואה ופלפל,גרמים,65.00,100 גרם,false,1,12.80,19.69,true,1,
7290110552220,false,דנונה פרו תות 20 ג חלבון ללא סוכר 200 גר,,,דנונה פרו תות 20 ג ח,גרמים,200.00,100 גרם,false,1,6.10,3.05,true,1,
7290110552237,false,דנונה פרו אפרסק מנגו 20 ג ללא סוכר 200 ג,,,דנונה פרו אפרסק מנגו,גרמים,200.00,100 גרם,false,1,6.10,3.05,true,1,
7290110553012,false,מארז פלטינום קלאסיק וריפיל פסח 22 250 ג,,,מארז פלטינום קלאסיק,גרמים,250.00,100 גרם,false,1,28.90,11.56,true,1,
7290110553098,false,אנרגי מיקס צימוקים אגוזים וש. חלב 100 גר,,,אנרגי מיקס צימוקים א,גרמים,100.00,100 גרם,false,1,19.90,19.90,true,1,
7290110553135,false,קפוצינו סטיק וניל 130 גר,,IL,קפוצינו סטיק וניל 13,גרמים,130.00,100 גרם,false,1,18.90,14.54,true,1,
7290110553173,false,אנרגי פריכיות בטעם קרמל 40גר,,,אנרגי פריכיות בטעם ק,גרמים,40.00,100 גרם,false,1,7.90,19.75,true,1,
7290110553180,false,אנרגי פריכיות בטעם תפוח קינמון 40גר,,,אנרגי פריכיות בטעם ת,גרמים,40.00,100 גרם,false,1,7.90,19.75,true,1,
7290110553425,false,קפה נמס 200+20 2022,,,קפה נמס 200+20 2022,גרמים,220.00,100 גרם,false,1,21.90,9.95,true,1,
7290110553623,false,ציטוס קראנץ צדר חלפיניו 80 גר,,IL,ציטוס קראנץ צדר חלפי,גרמים,80.00,100 גרם,false,1,4.90,6.13,true,1,
7290110554125,false,נודלס סצואן חריף דלישס 350 גרם,,IT,נודלס סצואן חריף דלי,גרמים,350.00,100 גרם,false,1,28.90,8.26,true,1,
7290110554422,false,רוטב עגבניות ופלפלים לשקשוקה 350 גרם,,IT,רוטב עגבניות ופלפלים,גרמים,350.00,100 גרם,false,1,13.90,3.97,true,1,
7290110554507,false,קפה טורקי תימני 100 גרם,,,קפה טורקי תימני 100,גרמים,100.00,100 גרם,false,1,9.50,9.50,true,1,
7290110554514,false,קפה טורקי אתיופי 100 גרם,,,קפה טורקי אתיופי 100,גרמים,100.00,100 גרם,false,1,9.50,9.50,true,1,
7290110554583,false,מארז ציטוס פאפס גבינה 10 * 20 גר,,IL,מארז ציטוס פאפס גבינ,גרמים,200.00,100 גרם,false,1,15.90,7.95,true,1,
7290110554699,false,"קפסולות שת""פ קפה עולה נספרסו 50 גר",,,"קפסולות שת""פ קפה עול",גרמים,50.00,100 גרם,false,1,19.90,39.80,true,1,
7290110554705,false,"קפסולות שת""פ קפה יוניקו נספרסו 50 גר",,,"קפסולות שת""פ קפה יונ",גרמים,50.00,100 גרם,false,1,19.90,39.80,true,1,
7290110554798,false,פולי אספרסו עשירים וארומטיים 250 גר,,IL,פולי אספרסו עשירים ו,גרמים,250.00,100 גרם,false,1,25.90,10.36,true,1,
7290110555009,false,פסאטה זוגות 700 גרם יד מרדכי,,IT,פסאטה זוגות 700 גרם,גרמים,700.00,100 גרם,false,1,14.90,2.13,true,1,
7290110555603,false,שוקולוטה ספלנדיד 360 גרם,,GR,שוקולוטה ספלנדיד 360,גרמים,360.00,100 גרם,false,1,25.90,7.19,true,1,
7290110555665,false,קקאו דל שומן - קופסא 220 גר,,GR,קקאו דל שומן - קופסא,גרמים,220.00,100 גרם,false,1,21.90,9.95,true,1,
7290110556242,false,שוקולד מריר פרווה חדש 100 גרם,,,שוקולד מריר פרווה ח,גרמים,100.00,100 גרם,false,1,6.00,6.00,true,1,
7290110557027,false,חומוס 50% טחינה 400 גרם,,IL,חומוס 50% טחינה 400,גרמים,400.00,100 גרם,false,1,14.90,3.73,true,1,
7290110557102,false,מעדן חלב עם שוקולד מועשר בחלבון 150 גרם,,IL,מעדן חלב עם שוקולד,גרמים,150.00,100 גרם,false,1,5.50,3.67,true,1,
7290110557133,false,מעדן הגולן וניל 125 גרם,,IL,מעדן הגולן וניל 125,גרמים,125.00,100 גרם,false,1,3.20,2.56,true,1,
7290110557478,false,חומוס גלילי אחלה 600 גרם,,,חומוס גלילי אחלה 600,גרמים,600.00,100 גרם,false,1,12.90,2.15,true,1,
7290110558130,false,יוגורט אקטיביה שיבולת שועל ודבש 150 גרם,,IL,יוגורט אקטיביה שיבול,גרמים,150.00,100 גרם,false,1,5.30,3.53,true,1,
7290110558222,false,דנונה WOW בנופי שומן 150 גרם,,,דנונה WOW בנופי שומן,גרמים,150.00,100 גרם,false,1,5.00,3.33,true,1,
7290110558239,false,דנונה WOW קראק פאי 150 גרם,,,דנונה WOW קראק פאי 1,גרמים,150.00,100 גרם,false,1,5.00,3.33,true,1,
7290110558253,false,דנונה ריפרש בננה אננס וציה 250 גרם,,IL,דנונה ריפרש בננה אננ,מיליליטרים,250.00,"100 מ""ל",false,1,6.50,2.60,true,1,
7290110558284,false,דנונה ביו מולטי 200 גרם,,,דנונה ביו מולטי 200,גרמים,200.00,100 גרם,false,1,4.80,2.40,true,1,
7290110558307,false,דנונה פרו 20 ג חלבון עם שיבולת שועל 200,,IL,דנונה פרו 20 ג חלבון,גרמים,200.00,100 גרם,false,1,6.50,3.25,true,1,
7290110558314,false,דנונה פרו פיסטוק 20 ג ללא סוכר 200 ג,,,דנונה פרו פיסטוק 20,גרמים,200.00,100 גרם,false,1,5.90,2.95,true,1,
7290110558338,false,דנונה פרו 25 ג חלבון 200 גרם,,IL,דנונה פרו 25 ג חלבון,גרמים,200.00,100 גרם,false,1,6.10,3.05,true,1,
7290110559007,false,שעועית חומה 380 גר שטראוס טעם הטבע,,,שעועית חומה 380 גר ש,גרמים,380.00,100 גרם,false,1,7.50,1.97,true,1,
7290110559762,false,ריל מאגדת אגוזים תמרים קוקוס 105 גר,,,ריל מאגדת אגוזים תמר,גרמים,105.00,100 גרם,false,1,19.90,18.95,true,1,
7290110559939,false,נתחי סויה בסגנון שווארמה ומגדרה דלישס,,IT,נתחי סויה בסגנון שוו,גרמים,350.00,100 גרם,false,1,28.90,8.26,true,1,
7290110560317,false,פריכיות משולשות אנרגי מלח ים 30 גר,,IL,פריכיות משולשות אנרג,גרמים,30.00,100 גרם,false,1,5.90,19.67,true,1,
7290110560324,false,פריכיות משולשות אנרגי אפונה ירוקה 30 גר,,IL,פריכיות משולשות אנרג,גרמים,30.00,100 גרם,false,1,5.90,19.67,true,1,
7290110561352,false,דנונה דל לקטוז 200 גרם,,,דנונה דל לקטוז,גרמים,200.00,100 גרם,false,1,3.70,1.85,true,1,
7290110563431,false,משקה קפה קר 1.6% קלאסי 230 מל,אנסטל מילק,AT,משקה קפה קר 1.6% קלא,מיליליטרים,230.00,"100 מ""ל",false,1,8.90,3.87,true,1,
7290110563448,false,משקה קפה קר 1.6% מעודן 230 מל,,IL,משקה קפה קר 1.6% מעו,מיליליטרים,230.00,"100 מ""ל",false,1,8.90,3.87,true,1,
7290110563462,false,חלב נטול לקטוז 2% בבקבוק 1 ליטר,,IL,חלב נטול לקטוז 2% בב,ליטרים,0.00,ליטר,false,1,9.20,9.20,true,1,
7290110563820,false,סלק בואקום שטראוס,,,סלק בואקום,גרמים,1000.00,100 גרם,false,1,13.90,1.39,true,1,
7290110564339,false,חומוס עשיר ב-30% טחינה אל ארז 400 גר,,,חומוס עשיר ב-30% טחי,גרמים,400.00,100 גרם,false,1,14.90,3.73,true,1,
7290110564360,false,חומוס עשיר ב-40% טחינה 400 גר,,,חומוס עשיר ב-40% טחי,גרמים,400.00,100 גרם,false,1,14.90,3.73,true,1,
7290110564742,false,משקה קפה קר 1.2% חזק 230 מל,,IL,משקה קפה קר 1.2% חזק,מיליליטרים,230.00,"100 מ""ל",false,1,8.90,3.87,true,1,
7290110564919,false,דנונה מעודן ללא סוכר החזרות 150 גר,,,דנונה מעודן ללא סוכר,גרמים,150.00,100 גרם,false,1,4.30,2.87,true,1,
7290110565527,false,דנונה פרו 20 גרם חלבון 1.5% 200 גר,,,דנונה פרו 20 גרם חלב,גרמים,200.00,100 גרם,false,1,6.10,3.05,true,1,
7290110565572,false,מארז טורקי לדרך עם הל 168 גר,,IL,מארז טורקי לדרך עם ה,גרמים,168.00,100 גרם,false,1,19.90,11.85,true,1,
7290110566623,false,קפסולות קולומביה 08 למכונות נספרסו 50 גר,,IL,קפסולות קולומביה 08,גרמים,50.00,100 גרם,false,1,18.90,37.80,true,1,
7290110566975,false,דנונה פרו תות 20 גרם 12 יח,,,דנונה פרו תות 20 גרם,גרמים,200.00,100 גרם,false,1,6.10,3.05,true,1,
7290110567057,false,בוקסי מאסט מנטה אקליפטוס 64 גרם,,,בוקסי מנטה חזקה 66 ג,גרמים,66.00,100 גרם,false,1,11.50,17.42,true,1,
7290110568238,false,קצפת צמחית 21% 250 גר,,IL,קצפת צמחית 21% 250 ג,גרמים,250.00,100 גרם,false,1,8.90,3.56,true,1,
7290110568511,false,קונפיטורת פירות יער יד מרדכי 265 גרם,,IL,קונפיטורת פירות יער,גרמים,265.00,100 גרם,false,1,15.90,6.00,true,1,
7290110570224,false,"משקה קפה קר בטעם עוגיות 230 מ""ל",,AT,משקה קפה קר בטעם עוג,מיליליטרים,230.00,"100 מ""ל",false,1,8.90,3.87,true,1,
7290110570576,false,פולי אספרסו עשירים וארומטיים 500 גר,,,פולי אספרסו עשירים ו,גרמים,500.00,100 גרם,false,1,48.90,9.78,true,1,
7290110571375,false,אנרגי מיקס צימוקים תמרים טופי ופקאן 100,,,אנרגי מיקס צימוקים ת,גרמים,100.00,100 גרם,false,1,19.90,19.90,true,1,
7290110571382,false,מעדן חלב בטעם וניל מועשר בחלבון 150 גרם,,IL,מעדן חלב בטעם וניל מ,גרמים,150.00,100 גרם,false,1,5.50,3.67,true,1,
7290110571405,false,מיני פינוקיות בגביע פסק זמן 180 גר,,,מיני פינוקיות בגביע,גרמים,180.00,100 גרם,false,1,12.90,7.17,true,1,
7290110571412,false,מיני פינוקיות בגביע פאדג 180 גר,,,מיני פינוקיות בגביע,גרמים,180.00,100 גרם,false,1,12.90,7.17,true,1,
7290110571474,false,רבע לשבע טבעוני פופקורן 125 גר,,,רבע לשבע טבעוני פופק,גרמים,125.00,100 גרם,false,1,12.90,10.32,true,1,
7290110571535,false,מארז טורקי הל 3*100 גרם,,IL,מארז טורקי הל 3*100,גרמים,300.00,100 גרם,false,1,26.90,8.97,true,1,
7290110572129,false,כיף כף מקלות שוקולד לבן 40 גר,,,כיף כף מקלות שוקולד,Unknown,0.00,Unknown,false,1,5.50,5.50,true,1,
7290110572884,false,קפסולות 20 למכונות NESPRESSO,,,קפסולות 20 למכונות N,גרמים,50.00,100 גרם,false,1,18.90,37.80,true,1,
7290110572969,false,כיף כף פצפצים קרם לבן 40 גר,,,כיף כף פצפצים קרם לב,גרמים,40.00,100 גרם,false,1,6.30,15.75,true,1,
7290110576318,false,מארז שלישיית אגוז לבן 3*100 גר,,,מארז שלישיית אגוז לב,גרמים,300.00,100 גרם,false,1,27.90,9.30,true,1,
7290110576356,false,ספלנדיד שוקולד מריר פרו 64% 100 גר,,,ספלנדיד שוקולד מריר,גרמים,100.00,100 גרם,false,1,9.90,9.90,true,1,
7290110576363,false,ספלנדיד שוקולד מריר אוגנדה 80% 100 גר,,,ספלנדיד שוקולד מריר,גרמים,100.00,100 גרם,false,1,9.90,9.90,true,1,
7290110576370,false,מארז שלישיית אגוז מריר 3*100 גר,,,מארז שלישיית אגוז מר,גרמים,300.00,100 גרם,false,1,27.90,9.30,true,1,
7290110576387,false,מארז שלישיית אגוז חלב 3*100 גר,,FR,מארז שלישיית אגוז חל,גרמים,300.00,100 גרם,false,1,27.90,9.30,true,1,
7290110576752,false,ספלנדיד מריר 70% 22 100 גר,,,ספלנדיד מריר 70% 22,גרמים,100.00,100 גרם,false,1,12.50,12.50,true,1,
7290110576776,false,ספלנדיד מריר 85% 100 גר,,,ספלנדיד מריר 85% 100,גרמים,100.00,100 גרם,false,1,12.50,12.50,true,1,
7290110576868,false,גמדים רביעיית סלט פירות 200 גרם,,,גמדים רביעיית סלט פי,גרמים,200.00,100 גרם,false,1,12.90,6.45,true,1,
7290111098703,false,מארז מסכות פנים 50 יח,,CN,מארז מסכות פנים 50 י,יחידה,1.00,יחידה,false,1,10.90,10.90,true,1,
7290111340178,false,מטל.לחות לניקוי כללי בנ.מרכך כביסה 50 יח,,,מטל.לחות לניקוי כללי,Unknown,0.00,Unknown,false,1,15.60,15.60,true,1,
7290111340185,false,מטליות לחות לנ.רצפה בנ.מרכך כביסה 10 יח,,,מטליות לחות לנ.רצפה,Unknown,0.00,Unknown,false,1,14.90,14.90,true,1,
7290111340956,false,מט.לחות ניקול לנ.רצפה פריחה לבנה 10 יח,,,מט.לחות ניקול לנ.רצפ,Unknown,0.00,Unknown,false,1,15.90,15.90,true,1,
7290111341359,false,רדיד אלומיניום+סכין חיתוך ניקול 60 מטר,,IL,רדיד אלומיניום+סכין,מטרים,60.00,מטר,false,1,48.50,0.81,true,1,
7290111341984,false,נייר טואלט לילי לח מארז רביעייה,,IL,נייר טואלט לילי לח מ,Unknown,0.00,Unknown,false,1,24.00,24.00,true,1,
7290111342004,false,נייר טואלט לח לילי קידס 56 דפים,,IL,נייר טואלט לח לילי ק,Unknown,0.00,Unknown,false,1,9.50,9.50,true,1,
7290111342042,false,כריות יפניות ניקול לניקוי אנטיבקטריאלי 4,,IL,כריות יפניות ניקול ל,Unknown,0.00,Unknown,false,1,12.90,12.90,true,1,
7290111342059,false,מט.לחות ניקול לחיט משטחים אנטיבקטריאלי50,,IL,מט.לחות ניקול לחיט מ,Unknown,0.00,Unknown,false,1,15.90,15.90,true,1,
7290111342073,false,מט.ניקול מיקרופיבר למשטחים אנטיבקטריאלי2,,CN,מט.ניקול מיקרופיבר ל,Unknown,0.00,Unknown,false,1,17.90,17.90,true,1,
7290111342738,false,נייר טואלט לילי לח קידס מארז רביעייה,,IL,נייר טואלט לילי לח ק,Unknown,0.00,Unknown,false,1,24.00,24.00,true,1,
7290111343827,false,מטליות ניקוי וקרצוף ניקול 6 יח,,IL,מטליות ניקוי וקרצוף,יחידה,1.00,יחידה,false,1,15.90,15.90,true,1,
7290111343858,false,מטליות לחות ניקול לרצפה אנטיבקטריאלי 10,,IL,מטליות לחות ניקול לר,Unknown,0.00,Unknown,false,1,15.90,15.90,true,1,
7290111344138,false,"מטליות ניקול רב""ש אנטיבקטריאליות 6 יח",,,"מטליות ניקול רב""ש אנ",יחידה,1.00,יחידה,false,1,15.90,15.90,true,1,
7290111344145,false,מטליות ניקול מיקרופייבר לרצפה 2 יח,,CN,מטליות ניקול מיקרופי,יחידה,1.00,יחידה,false,1,35.90,35.90,true,1,
7290111344510,false,נייר אפייה ניקול בשקית 100 יח,,,נייר אפייה ניקול בשק,Unknown,0.00,Unknown,false,1,23.00,23.00,true,1,
7290111344572,false,25 יח ניקול שקיות אשפה עם ידיות,,,25 ניקול שקיות אשפה,Unknown,0.00,Unknown,false,1,27.90,27.90,true,1,
7290111344855,false,מגן תחתון אקסטרא פרוטקט לארג ביג,,CN,מגן תחתון אקסטרא פרו,Unknown,0.00,Unknown,false,1,25.50,25.50,true,1,
7290111344930,false,מט.לחות ניקול לנ.רצפה מרכך כביסה 10 יח,,,מט.לחות ניקול לנ.רצפ,Unknown,0.00,Unknown,false,1,14.90,14.90,true,1,
7290111345982,false,ניקול דפי ספוגיות הקסם 10 יח,,IL,ניקול דפי ספוגיות הק,יחידה,1.00,יחידה,false,1,14.90,14.90,true,1,
7290111346125,false,מגבוני האגיס שלישייה ללא בושם,,,מגבוני האגיס שלישייה,Unknown,0.00,Unknown,false,1,22.90,22.90,true,1,
7290111346132,false,מגבוני האגיס שלישייה סנסטיב קר,,,מגבוני האגיס שלישייה,Unknown,0.00,Unknown,false,1,22.90,22.90,true,1,
7290111350092,false,מארז מיקס חטיפי מיני לואקר בסט 200 גר,,,מארז מיקס חטיפי מיני,גרמים,200.00,100 גרם,false,1,26.70,13.35,true,1,
7290111350665,false,דבש לחיץ קליית גת 350 גר,,,דבש לחיץ קליית גת 35,גרמים,350.00,100 גרם,false,1,25.10,7.17,true,1,
7290111350719,false,חטיף נאצוס הוטפופ בסגנון מסעדות 322 גר,,US,חטיף נאצוס הוטפופ בס,גרמים,322.00,100 גרם,false,1,17.90,5.56,true,1,
7290111350726,false,חטיף נאצוס הוטפופ בסגנון מקסיקני 322 גר,,US,חטיף נאצוס הוטפופ בס,גרמים,322.00,100 גרם,false,1,17.90,5.56,true,1,
7290111350740,false,חמישיה הוטפופ קידס 500 גרם,,US,חמישיה הוטפופ קידס 5,גרמים,500.00,100 גרם,false,1,16.90,3.38,true,1,
7290111351747,false,טורטיות מקמח חיטה צוקטה 320 גר,,DE,טורטיות מקמח חיטה צו,גרמים,320.00,100 גרם,false,1,10.90,3.41,true,1,
7290111352430,false,ממרח תמרים טבעי קליית גת 440 גר,,IL,ממרח תמרים טבעי קליי,גרמים,440.00,100 גרם,false,1,15.90,3.61,true,1,
7290111352959,false,גומי יוגטה מקלותי חמוצים טעם פירות 80 גר,,TR,גומי יוגטה מקלותי חמ,גרמים,80.00,100 גרם,false,1,6.20,7.75,true,1,
7290111352966,false,מקלות יוגטה ממולאות חמוצות פירות 250 גר,,IL,מקלות יוגטה ממולאות,גרמים,250.00,100 גרם,false,1,7.90,3.16,true,1,
7290111353109,false,סוכריות גומי נחשים מבריק יוגטה 200 גר,סאדת,TR,סוכריות גומי נחשים מ,גרמים,200.00,100 גרם,false,1,11.00,5.50,true,1,
7290111353123,false,סוכריות גומי נחשים חמוצות יוגטה 200 גר,סאדת,TR,סוכריות גומי נחשים ח,גרמים,200.00,100 גרם,false,1,11.00,5.50,true,1,
7290111353437,false,חטיף בטטה ומלח ים 120 גר,,HN,חטיף בטטה ומלח ים 12,גרמים,120.00,100 גרם,false,1,15.90,13.25,true,1,
7290111353444,false,חטיף בטטות ומלח ים 120 גר,,HN,חטיף בטטות ומלח ים 1,גרמים,120.00,100 גרם,false,1,15.90,13.25,true,1,
7290111353451,false,חטיף בטטות ומלח ים 120 גר,,HN,חטיף ירקות שורש ומלח,גרמים,120.00,100 גרם,false,1,15.90,13.25,true,1,
7290111354120,false,ממרח חלווה קליית גת 300 גר,,IL,ממרח חלווה קליית גת,גרמים,300.00,100 גרם,false,1,17.90,5.97,true,1,
7290111354243,false,"טורטייה מרקדו קמח חיטה 30 ס""מ 540 גר",,,טורטייה מרקדו קמח חי,גרמים,540.00,100 גרם,false,1,13.90,2.57,true,1,
7290111564277,false,פריכיות פיטנס שלושה דגנים דקות 120 גר,,,פריכיות פיטנס שלושה,גרמים,120.00,100 גרם,false,1,11.90,9.92,true,1,
7290111564291,false,פריכיות פיטנס דקות עם קינואה 120 גר,,,פריכיות פיטנס דקות ע,גרמים,120.00,100 גרם,false,1,11.90,9.92,true,1,
7290111564956,false,ביסלי במבה מיקס 200 גרם,,,ביסלי במבה מיקס 200,גרמים,200.00,100 גרם,false,1,10.60,5.30,true,1,
7290111565038,false,לה קרמריה קוקילידה 1.4 ליטר,,,לה קרמריה קוקילידה 1,ליטרים,0.00,ליטר,false,1,25.90,25.90,true,1,
7290111566240,false,שניצל דק בטעם צילי חריף טבעול 564 גר,,,שניצל דק בטעם צילי,גרמים,564.00,100 גרם,false,1,35.90,6.37,true,1,
7290111566271,false,חטיפי תירס טבעול 657 גר,,,חטיפי תירס טבעול 657,גרמים,657.00,100 גרם,false,1,31.90,4.86,true,1,
7290111566318,false,שניצל דק טבעול 564 גר,,,שניצל דק טבעול 564 ג,גרמים,564.00,100 גרם,false,1,34.90,6.19,true,1,
7290111566332,false,נקניקיות וינר צמחוניות טבעול 680 גר,,,נקניקיות וינר צמחוני,גרמים,680.00,100 גרם,false,1,35.90,5.28,true,1,
7290111566417,false,טחון צמחוני טבעול 500 גר,,,טחון צמחוני טבעול 50,גרמים,500.00,100 גרם,false,1,35.90,7.18,true,1,
7290111566547,false,חזה בגריל צמחוני טבעול 560 גר,,,חזה בגריל צמחוני טבע,גרמים,560.00,100 גרם,false,1,34.90,6.23,true,1,
7290111566561,false,שניצל ברוקולי 99 קלוריות טבעול 560 גר,,,שניצל ברוקולי 99 קלו,גרמים,560.00,100 גרם,false,1,35.90,6.41,true,1,
7290111566585,false,שניצל צמחוני 99 קלוריות טבעול 650 גר,,,שניצל צמחוני 99 קלור,גרמים,650.00,100 גרם,false,1,35.90,5.52,true,1,
7290111566714,false,המבורגר צמחוני 99 קלוריות טבעול 600 גר,,,המבורגר צמחוני 99 קל,גרמים,600.00,100 גרם,false,1,35.90,5.98,true,1,
7290111566752,false,שניצל תירס 99 קלוריות טבעול 693 גר,,,שניצל תירס 99 קלוריו,גרמים,693.00,100 גרם,false,1,34.90,5.04,true,1,
7290111566776,false,נקניקיות קוקטייל צמחוניות טבעול 680 גר,,,נקניקיות קוקטייל צמח,גרמים,680.00,100 גרם,false,1,35.90,5.28,true,1,
7290111568206,false,ביסלי פארטי מיקס 150 גרם,,,ביסלי פארטי מיקס 150,גרמים,150.00,100 גרם,false,1,7.90,5.27,true,1,
7290111568251,false,נודלס אטריות להקפצה 350 גרם,,,נודלס אטריות להקפצה,גרמים,350.00,100 גרם,false,1,11.90,3.40,true,1,
7290111873423,false,נרות מטה כוכבים סופ,,CN,נרות מטה כוכבים סופ,Unknown,1.00,Unknown,false,10,6.90,6.90,true,1,
7290111930904,false,חטיף פוף כוכבים בצל 40 גרם,,,חטיף פוף כוכבים בצל,גרמים,40.00,100 גרם,false,1,4.60,11.50,true,1,
7290111930928,false,חטיף פוף לבבות גריל 40 גרם,,,חטיף פוף לבבות גריל,גרמים,40.00,100 גרם,false,1,4.60,11.50,true,1,
7290111932380,false,"משחת שיניים מרידול מארז זוג 75 מ""ל",,PL,משחת שיניים מרידול מ,מיליליטרים,150.00,"100 מ""ל",false,1,36.90,24.60,true,1,
7290111933462,false,"רוטב צילי מתוק מאסטר שף 300 מ""ל",,,רוטב צילי מתוק מאסטר,מיליליטרים,300.00,"100 מ""ל",false,1,11.90,3.97,true,1,
7290111933561,false,מאסטר שף תערובת ציפוי נגטס 250 גרם,,,מאסטר שף תערובת ציפו,גרמים,250.00,100 גרם,false,1,11.40,4.56,true,1,
7290111934827,false,"סבון ידיים פלמוליב היגיינה 300 מ""ל",,,סבון ידיים פלמוליב ה,מיליליטרים,300.00,"100 מ""ל",false,1,12.90,4.30,true,1,
7290111935527,false,משחת שיניים קולגייט טוטל קלין מינט 100מל,,PL,מש.שיניים קולגייט טו,מיליליטרים,100.00,"100 מ""ל",false,1,34.90,34.90,true,1,
7290111936241,false,"ספריי גוף ספיד סטיק קול אנרגי 140 מ""ל",,MX,ספריי גוף ספיד סטיק,מיליליטרים,140.00,"100 מ""ל",false,1,16.90,12.07,true,1,
7290111936258,false,"ספריי גוף ספיד סטיק קול פרידום 140 מ""ל",,MX,ספריי גוף ספיד סטיק,מיליליטרים,140.00,"100 מ""ל",false,1,16.90,12.07,true,1,
7290111936265,false,"ספריי גוף ספיד סטיק קול לייף 140 מ""ל",,MX,ספריי גוף ספיד סטיק,מיליליטרים,140.00,"100 מ""ל",false,1,16.90,12.07,true,1,
7290111937231,false,פרי מארז חטיף תמרים וקוקוס 5*25 גרם,,IL,פרי מארז חטיף תמרים,גרמים,125.00,100 גרם,false,1,19.90,15.92,true,1,
7290111937248,false,פרי מארז חטיף תמרים קשיו ולוז 5*25 גרם,,IL,פרי מארז חטיף תמרים,גרמים,125.00,100 גרם,false,1,19.90,15.92,true,1,
7290111937255,false,פרי מארז חטיף תמרים בוטנים ולוז 5*25 גרם,,IL,פרי מארז חטיף תמרים,גרמים,125.00,100 גרם,false,1,19.90,15.92,true,1,
7290111938481,false,"רוטב סויה בהירה מאסטר שף 300 מ""ל",,TH,רוטב סויה בהירה מאסט,מיליליטרים,300.00,"100 מ""ל",false,1,11.90,3.97,true,1,
7290111938498,false,"מנה אסייאתי רוטב סויה בהירה 700 מ""ל מ.שף",,,מנה אסייאתי רוטב סוי,מיליליטרים,700.00,"100 מ""ל",false,1,17.90,2.56,true,1,
7290111939174,false,ניילון נצמד קוקי עם גומי מידה L,,CN,ניילון נצמד קוקי עם,Unknown,0.00,Unknown,false,1,10.90,10.90,true,1,
7290111939181,false,ניילון נצמד קוקי עם גומי מיקס,,CN,ניילון נצמד קוקי עם,Unknown,0.00,Unknown,false,1,10.90,10.90,true,1,
7290112000408,false,"תרסיס דטול לניקוי כללי 750 מ""ל",,GB,תרסיס דטול לניקוי כל,מיליליטרים,750.00,"100 מ""ל",false,1,18.00,2.40,true,1,
7290112000712,false,קרם למקלחת ויט לגבר 150 מל,,,קרם למקלחת ויט לגבר,מיליליטרים,150.00,"100 מ""ל",false,1,49.90,33.27,true,1,
7290112000798,false,"תרסיס דטול אנטי בקטריאלי 750 מ""ל",,,תרסיס דטול אנטי בקטר,מיליליטרים,750.00,"100 מ""ל",false,1,18.00,2.40,true,1,
7290112000842,false,מגבונים דטול לניקוי כללי 60 יח,,PL,מגבונים דטול לניקוי,Unknown,0.00,Unknown,false,1,18.00,18.00,true,1,
7290112000873,false,מגבונים דטול לאמבטיה 60 יח,,PL,מגבונים דטול לאמבטיה,Unknown,0.00,Unknown,false,1,18.00,18.00,true,1,
7290112000880,false,מגבונים דטול למטבח 60 יח,,PL,מגבונים דטול למטבח 6,Unknown,0.00,Unknown,false,1,18.00,18.00,true,1,
7290112001436,false,"מנקה מדיח פיניש לימון 250 מ""ל",,PL,מנקה מדיח פיניש לימו,מיליליטרים,250.00,"100 מ""ל",false,1,19.90,7.96,true,1,
7290112001870,false,"מרסס סיליט לניקוי אמבטיות 750 מ""ל",,PL,מרסס סיליט לניקוי אמ,מיליליטרים,750.00,"100 מ""ל",false,1,16.90,2.25,true,1,
7290112002099,false,גל כביסה קולון מרוכז כחול 2.5 ל,,IL,גל כביסה קולון מרוכז,ליטרים,0.00,ליטר,false,1,29.90,29.90,true,1,
7290112002105,false,גל כביסה קולון מרוכז סגול 2.5 ל,,IL,גל כביסה קולון מרוכז,ליטרים,0.00,ליטר,false,1,29.90,29.90,true,1,
7290112002129,false,גל כביסה קולון מרוכז ירוק 2.5 ל,,IL,גל כביסה קולון מרוכז,ליטרים,0.00,ליטר,false,1,29.90,29.90,true,1,
7290112002983,false,מרסס סיליט חומצת לימון לניקוי כללי 750מל,,PL,מרסס סיליט חומצת לימ,מיליליטרים,750.00,"100 מ""ל",false,1,20.90,2.79,true,1,
7290112004161,false,איירוויק פרשמטיק מילוי עשבי בר 250 מל,,GB,איירוויק פרשמטיק מיל,מיליליטרים,250.00,"100 מ""ל",false,1,24.90,9.96,true,1,
7290112004611,false,"וניש קליה פאואר גל 200 מ""ל",,,וניש קליה פאואר גל 2,יחידה,1.00,יחידה,false,1,17.90,17.90,true,1,
7290112004710,false,וניש גליסמו לבן 750 מל,,IT,וניש גליסמו לבן 750,Unknown,0.00,Unknown,false,1,20.90,20.90,true,1,
7290112004963,false,פיניש אולטימייט 25 טבליות,,,פיניש אולטימייט 25 ט,Unknown,0.00,Unknown,false,1,44.90,44.90,true,1,
7290112004970,false,פיניש אולטימייט 50 טבליות,,,פיניש אולטימייט 50 ט,Unknown,0.00,Unknown,false,1,59.90,59.90,true,1,
7290112005045,false,וניש אבקת כביסה לבנה 480 גרם,,IT,וניש אבקת כביסה לבנה,יחידה,1.00,יחידה,false,1,18.80,18.80,true,1,
7290112005076,false,וניש אבקת כביסה צבעונית 480 גרם,,IT,וניש אבקת כביסה צבעו,יחידה,1.00,יחידה,false,1,18.80,18.80,true,1,
7290112190116,false,וופל הולנדי במילוי קרמל 224 גרם,,,וופל הולנדי במילוי ק,גרמים,224.00,100 גרם,false,1,11.40,5.09,true,1,
7290112330352,false,דנונה פרו וניל 20 גרם חלבון 0% 200 גר,,IL,דנונה פרו וניל 20 גר,גרמים,200.00,100 גרם,false,1,6.10,3.05,true,1,
7290112330390,false,דנונה פרו פירות יער 20 גרם חלבון 0% 200ג,,IL,דנונה פרו פירות יער,גרמים,200.00,100 גרם,false,1,6.10,3.05,true,1,
7290112330420,false,דנונה פרו 2.9% לבן 150 גר,,IL,דנונה פרו 2.9% לבן 1,גרמים,150.00,100 גרם,false,1,5.30,3.53,true,1,
7290112332585,false,"פריכיות תפו""א, אורז,סלק ומלח ים 30 גר",,IL,"פריכיות תפו""א, אורז,",גרמים,30.00,100 גרם,false,1,5.90,19.67,true,1,
7290112332691,false,עוגיית קרם פסק זמן אגוזים 200 גרם,,IL,עוגיית קרם פסק זמן א,גרמים,200.00,100 גרם,false,1,12.90,6.45,true,1,
7290112334749,false,קפה עלית טורקי 200 גרם + 10% תוספת,,,קפה עלית טורקי 200 ג,גרמים,220.00,100 גרם,false,1,17.90,8.14,true,1,
7290112335111,false,מסטיק מאסט קוביות בזוקה ללא גלוטן 86 גר,,DE,מסטיק מאסט קוביות בז,גרמים,86.00,100 גרם,false,1,16.70,19.42,true,1,
7290112335487,false,פריכיות הטעימות קצח ודגנים אנרגי 135 גר,,IL,פריכיות הטעימות קצח,גרמים,135.00,100 גרם,false,1,12.90,9.56,true,1,
7290112335494,false,פריכיות הטעימות פוטטוס אנרגי 135 גר,,IL,פריכיות הטעימות פוטט,גרמים,135.00,100 גרם,false,1,12.90,9.56,true,1,
7290112335500,false,פריכיות הטעימות חלבון אנרגי 135 גר,,IL,פריכיות הטעימות חלבו,גרמים,135.00,100 גרם,false,1,12.90,9.56,true,1,
7290112336637,false,"סוכריות מאסט לל""ס יוגורט תות אוכמניות 80",,PL,"סוכריות מאסט לל""ס יו",גרמים,80.00,100 גרם,false,1,10.90,13.63,true,1,
7290112336644,false,"סוכריות מאסט לל""ס לימון 80 גר",,PL,"סוכריות מאסט לל""ס לי",גרמים,80.00,100 גרם,false,1,10.90,13.63,true,1,
7290112336651,false,"סוכריות מאסט לל""ס ריבת חלב 80 גר",,PL,"סוכריות מאסט לל""ס רי",גרמים,80.00,100 גרם,false,1,10.90,13.63,true,1,
7290112336712,false,דנונה פרו 21 גרם חלבון 0% 200 גר,,IL,דנונה פרו 21 גרם חלב,גרמים,200.00,100 גרם,false,1,6.10,3.05,true,1,
7290112337474,false,"סוכריות מאסט לל""ס פטל לימון 80 גר",,PL,"סוכריות מאסט לל""ס פט",גרמים,80.00,100 גרם,false,1,10.90,13.63,true,1,
7290112339171,false,מילקי מוס 81 גר,,IL,מילקי מוס 133 גרם,גרמים,133.00,100 גרם,false,1,3.70,2.78,true,1,
7290112339867,false,גמדים סקוויז תות 100 גר,,IL,גמדים סקוויז תות 100,גרמים,100.00,100 גרם,false,1,6.50,6.50,true,1,
7290112339874,false,גמדים סקוויז תות בננה 100 גר,,IL,גמדים סקוויז תות,גרמים,100.00,100 גרם,false,1,6.50,6.50,true,1,
7290112340122,false,פריכיות טעימות 3 דגנים אנרגי 135 גר,,IL,פריכיות טעימות 3 דגנ,גרמים,135.00,100 גרם,false,1,12.90,9.56,true,1,
7290112340276,false,עוגית קרם קפה נמס 200 גרם,,IL,עוגית קרם קפה נמס 20,גרמים,200.00,100 גרם,false,1,12.90,6.45,true,1,
7290112340900,false,קפה טורקי האג נטול קפאין 200 גרם,,IL,קפה טורקי האג נטול ק,גרמים,200.00,100 גרם,false,1,29.90,14.95,true,1,
7290112341679,false,יוגורט אקטיביה 3% 200 גר,,IL,יוגורט אקטיביה 3% 2,גרמים,200.00,100 גרם,false,1,4.10,2.05,true,1,
7290112341686,false,מארז אקטיביה שמיניה 3% 150 גר*8,,IL,מארז אקטיביה שמיניה,גרמים,1200.00,100 גרם,false,1,23.00,1.92,true,1,
7290112342102,false,סימפוניה שום שמיר 5% 200 גר,,,סימפוניה בצל מקורמל,גרמים,200.00,100 גרם,false,1,12.90,6.45,true,1,
7290112342270,false,קפה פלטינוום אינטנס עלית 125 גרם,,IL,קפה פלטינוום אינטנס,גרמים,125.00,100 גרם,false,1,19.80,15.84,true,1,
7290112343260,false,יטבתה רוטב שמנת עם פטריות 9% 250 גר,,,יטבתה רוטב שמנת עם פ,גרמים,260.00,100 גרם,false,1,11.30,4.35,true,1,
7290112343420,false,"משקה חלב עם דגנים ובננה 350 מ""ל",,IL,משקה חלב עם דגנים וב,מיליליטרים,350.00,"100 מ""ל",false,1,8.20,2.34,true,1,
7290112343499,false,ציטוס 55 גרם 48 יחידות puffs,,,ציטוס 55 גרם 48 יחיד,גרמים,55.00,100 גרם,false,1,4.50,8.18,true,1,
7290112343512,false,ציטוס 160 גרם 9 יחידות puffs,,,ציטוס 160 גרם 9 יחי,גרמים,160.00,100 גרם,false,1,8.40,5.25,true,1,
7290112344724,false,מילקי מוס 133 גר,,IL,מילקי מוס 133 גרם,גרמים,81.00,100 גרם,false,1,3.70,4.57,true,1,
7290112344755,false,מילקי מופחת סוכר 133 גרם,,,מילקי מופחת סוכר 133,גרמים,133.00,100 גרם,false,1,2.90,2.18,true,1,
7290112344786,false,קפה פלטינום קלאסיק 200 גרם,,IL,קפה פלטינום קלאסיק 2,גרמים,200.00,100 גרם,false,1,28.90,14.45,true,1,
7290112344953,false,סימפוניה חציל קלוי 5% 200 גרם,,,סימפוניה חציל קלוי 5,גרמים,200.00,100 גרם,false,1,12.90,6.45,true,1,
7290112346360,false,בפלות אחת אחת בציפוי שוקולד חלב 180 גר,,,בפלות אחת אחת בציפוי,גרמים,180.00,100 גרם,false,1,15.90,8.83,true,1,
7290112346773,false,דנונה לייט אנד פריי וניל עם חלבון 150 גר,,IL,דנונה לייט אנד פריי,גרמים,150.00,100 גרם,false,1,5.70,3.80,true,1,
7290112346827,false,אקטימל ויטמין c פטל שמינייה,,IL,אקטימל ויטמין c פטל,מיליליטרים,800.00,"100 מ""ל",false,1,22.70,2.84,true,1,
7290112347008,false,גמדים סקוויז תות בננה 100 גר,,IL,גמדים סקוויז תות בננ,גרמים,100.00,100 גרם,false,1,6.20,6.20,true,1,
7290112348142,false,שעועית לבנה טעם הטבע קופסה 380 גר,,IT,שעועית לבנה טעם הטבע,גרמים,380.00,100 גרם,false,1,7.50,1.97,true,1,
7290112348616,false,קפה נמס עלית אגוזי לוז 100 גר,,IL,קפה נמס עלית אגוזי ל,גרמים,100.00,100 גרם,false,1,16.50,16.50,true,1,
7290112348999,false,פריכיות טעימות תירס דקות 135 ג,,IL,פריכיות טעימות תירס,גרמים,135.00,100 גרם,false,1,12.90,9.56,true,1,
7290112349316,false,מסטיק בזוקה ביג פופים בטעם תות 86 גר,,DE,מסטיק בזוקה ביג פופי,גרמים,86.00,100 גרם,false,1,16.70,19.42,true,1,
7290112349606,false,דניאלה תות בננה 88 גרם,,,דניאלה תות בננה 88 ג,גרמים,88.00,100 גרם,false,1,4.30,4.89,true,1,
7290112349705,false,רוטב עגבניות לפסטה קלאסי פומודורו 350 גר,,IT,רוטב עגבניות לפסטה ק,גרמים,350.00,100 גרם,false,1,13.90,3.97,true,1,
7290112349736,false,רוטב עגבניות לפסטה בזיליקום יד מרדכי 350,,IT,רוטב עגבניות לפסטה ב,גרמים,350.00,100 גרם,false,1,13.90,3.97,true,1,
7290112349750,false,רוטב עגבניות לפיצה יד מרדכי 350 גר,,IT,רוטב עגבניות לפיצה י,גרמים,350.00,100 גרם,false,1,13.90,3.97,true,1,
7290112349897,false,מסטיק מאסט קוביות מנטה ללא גלוטן 86 גר,,DE,מסטיק מאסט קוביות מנ,גרמים,86.00,100 גרם,false,1,16.70,19.42,true,1,
7290112350275,false,קפסולות לונגו למכונות נספרסו 55 גר,,IL,קפסולות לונגו למכונו,גרמים,55.00,100 גרם,false,1,18.90,34.36,true,1,
7290112350312,false,קפסולות 15 למכונות נספרסו 50 גר,,IL,קפסולות 15 למכונות נ,גרמים,50.00,100 גרם,false,1,18.90,37.80,true,1,
7290112351067,false,סילאן טבעי לחיץ יד מרדכי 630 גרם,,IL,סילאן טבעי לחיץ יד מ,גרמים,630.00,100 גרם,false,1,31.50,5.00,true,1,
7290112351258,false,עוגיית קקאו פינוקיות שחור לבן 200 גר,,IL,עוגיית קקאו פינוקיות,גרמים,200.00,100 גרם,false,1,12.90,6.45,true,1,
7290112351463,false,שלישיית סוכריות פטל לימון 45 גר FRESH,,,שלישיית סוכריות פטל,גרמים,45.00,100 גרם,false,1,9.90,22.00,true,1,
7290112351470,false,שלישיית סוכריות רימון תות 45 גר FRESH,,,שלישיית סוכריות רימו,גרמים,45.00,100 גרם,false,1,9.90,22.00,true,1,
7290112354945,false,תפוציפס טבעי 50 גר WAVY,,IL,תפוציפס טבעי 50 גר W,גרמים,50.00,100 גרם,false,1,4.30,8.60,true,1,
7290112354952,false,תפוציפס פפריקה 50 גר WAVY,,IL,תפוציפס פפריקה 50 גר,גרמים,50.00,100 גרם,false,1,4.30,8.60,true,1,
7290112354969,false,תפוציפס טבעי 200 גר WAVY,,IL,תפוציפס טבעי 200 גר,גרמים,200.00,100 גרם,false,1,10.90,5.45,true,1,
7290112355027,false,דנונה פרו 20 גרם חלבון קרמל מלוח 200 גרם,,,דנונה פרו 20 גרם חלב,גרמים,200.00,100 גרם,false,1,6.10,3.05,true,1,
7290112355102,false,גמדים פאוץ סלט פירות 100 גר,,IL,גמדים פאוץ סלט פירות,גרמים,100.00,100 גרם,false,1,6.50,6.50,true,1,
7290112355393,false,יטבתה רוטב שמנת עם בטטה 9% 250 גרם,,,יטבתה רוטב שמנת עם ב,גרמים,250.00,100 גרם,false,1,11.90,4.76,true,1,
7290112357045,false,עגבניות איטלקיות מרוסקות טעם הטבע 390 גר,,IT,עגבניות איטלקיות מרו,גרמים,390.00,100 גרם,false,1,7.50,1.92,true,1,
7290112357069,false,מחית עגבניות איטלקיות טעם הטבע 500 גר,,IT,מחית עגבניות איטלקיו,גרמים,500.00,100 גרם,false,1,7.50,1.50,true,1,
7290112357076,false,קוביות עגבניות איטלקיות טעם הטבע 390 גר,,IT,קוביות עגבניות איטלק,גרמים,390.00,100 גרם,false,1,7.50,1.92,true,1,
7290112357083,false,אפונת גינה טעם הטבע קופסה 380 גר,,IT,אפונת גינה טעם הטבע,גרמים,380.00,100 גרם,false,1,7.50,1.97,true,1,
7290112357106,false,שעועית אדומה טעם הטבע קופסה 380 גר,,IT,שעועית אדומה טעם הטב,גרמים,380.00,100 גרם,false,1,7.50,1.97,true,1,
7290112357113,false,גרגרי חומוס טעם הטבע קופסה 380 גר,,IT,גרגרי חומוס טעם הטבע,גרמים,380.00,100 גרם,false,1,7.50,1.97,true,1,
7290112357175,false,קפסולות בוסט למכונות נספרסו 50 גר,,IL,קפסולות בוסט למכונות,גרמים,50.00,100 גרם,false,1,18.90,37.80,true,1,
7290112357892,false,שלישיית סוכריות מנטה 45 גר FRESH,,,שלישיית סוכריות מנטה,גרמים,45.00,100 גרם,false,1,9.90,22.00,true,1,
7290112358004,false,פסק זמן קראנץ 32 גר,,IL,פסק זמן קראנץ 32 גר,גרמים,45.00,100 גרם,false,1,5.50,12.22,true,1,
7290112358127,false,דנונה פרו 20 ג חלבון עם מגנזיום 200 גרם,,IL,דנונה פרו 20 ג חלבון,גרמים,200.00,100 גרם,false,1,6.90,3.45,true,1,
7290112358219,false,רוטב צילי מתוק יד מרדכי 300 גר,,,רוטב צילי מתוק יד מר,גרמים,300.00,100 גרם,false,1,14.90,4.97,true,1,
7290112358431,false,ביסקוויט עד חצות דאבל 200 גרם,,IL,ביסקוויט עד חצות דאב,גרמים,180.00,100 גרם,false,1,14.80,8.22,true,1,
7290112359353,false,קפה טורקי אלדין 200 גרם,,,קפה טורקי אלדין 200,גרמים,200.00,100 גרם,false,1,24.90,12.45,true,1,
7290112359384,false,קפה נמס עלית אלפחורס ריבת חלב 100 גר,,IL,קפה נמס עלית אלפחורס,גרמים,100.00,100 גרם,false,1,16.50,16.50,true,1,
7290112490032,false,מרק קנור נמס בכוס תירס 45 גרם,,IL,מרק קנור נמס בכוס תי,גרמים,45.00,100 גרם,false,1,7.90,17.56,true,1,
7290112490209,false,מרק נמס בכוס עגבניות 56 גרם,,IL,מרק נמס בכוס עגבניות,גרמים,56.00,100 גרם,false,1,7.90,14.11,true,1,
7290112490216,false,מרק קנור נמס בכוס עוף וקרוטונים 48 גרם,,IL,מרק קנור נמס בכוס עו,גרמים,48.00,100 גרם,false,1,7.90,16.46,true,1,
7290112490230,false,מרק נמס בכוס אפונה 50 גרם,,IL,מרק נמס בכוס אפונה 5,גרמים,50.00,100 גרם,false,1,7.90,15.80,true,1,
7290112490582,false,הלמנס חרדל דיזון 350 גרם,,FR,הלמנס חרדל דיזון 350,גרמים,350.00,100 גרם,false,1,16.90,4.83,true,1,
7290112490599,false,הלמנס חרדל עם גרגרים 350 גרם,,FR,הלמנס חרדל עם גרגרים,גרמים,350.00,100 גרם,false,1,16.90,4.83,true,1,
7290112490650,false,קונפיטורה תות שדה 340 גרם-צנצנת,,FR,קונפיטורה תות שדה 34,גרמים,340.00,100 גרם,false,1,18.60,5.47,true,1,
7290112490667,false,קונפיטורה משמש 340 גרם-צנצנת,,FR,קונפיטורה משמש 340 ג,גרמים,340.00,100 גרם,false,1,17.90,5.26,true,1,
7290112490674,false,קונפיטורה דובדבן 340 גרם-צנצנת,,BE,קונפיטורה דובדבן 340,גרמים,340.00,100 גרם,false,1,17.90,5.26,true,1,
7290112490728,false,מרק עשיר ירקות עם בורגול 95 גרם,,IL,מרק עשיר ירקות עם בו,גרמים,72.00,100 גרם,false,1,14.90,20.69,true,1,
7290112490735,false,מרק עגבניות עם פסטה 100% רכיבים טבעיים,,IL,מרק עגבניות עם פסטה,גרמים,105.00,100 גרם,false,1,14.90,14.19,true,1,
7290112490742,false,מרק פטריות עם גריסים 100% רכיבים טבעיים,,IL,מרק פטריות עם גריסים,גרמים,104.00,100 גרם,false,1,14.90,14.33,true,1,
7290112490759,false,מרק עוף עם אטריות 100% רכיבים טבעיים,,IL,מרק עוף עם אטריות,גרמים,74.00,100 גרם,false,1,14.90,20.14,true,1,
7290112491701,false,ברנפלקס אקסטרה פרוטאין 375 גרם,,IL,ברנפלקס אקסטרה פרוטא,גרמים,375.00,100 גרם,false,1,24.90,6.64,true,1,
7290112491787,false,בייגלה דקים דקים שומשום קלאסי 300 גרם,,,בייגלה דקים דקים שומ,גרמים,300.00,100 גרם,false,1,13.90,4.63,true,1,
7290112491794,false,בייגלה דקים דקים בטעם שמנת בצל 300 גרם,,,בייגלה דקים דקים בטע,גרמים,400.00,100 גרם,false,1,13.90,3.48,true,1,
7290112492449,false,"שמפו פינוק לשיער רגיל 700 מ""ל",,IL,שמפו פינוק לשיער רגי,מיליליטרים,700.00,"100 מ""ל",false,1,12.90,1.84,true,1,
7290112492456,false,"שמפו פינוק לשיער יבש/פגום 700 מ""ל",,IL,שמפו פינוק לשיער יבש,מיליליטרים,700.00,"100 מ""ל",false,1,12.90,1.84,true,1,
7290112492531,false,"מרכך פינוק לשיער רגיל 700 מ""ל",,IL,מרכך פינוק לשיער רגי,מיליליטרים,700.00,"100 מ""ל",false,1,12.90,1.84,true,1,
7290112492593,false,תחליב רחצה פינוק בניחוח פינוק קלאסי 700,,IL,תחליב רחצה פינוק בני,מיליליטרים,700.00,"100 מ""ל",false,1,15.90,2.27,true,1,
7290112492609,false,"תחליב רחצה פינוק לבנדר וניל 700 מ""ל",,IL,תחליב רחצה פינוק לבנ,מיליליטרים,700.00,"100 מ""ל",false,1,15.90,2.27,true,1,
7290112492630,false,"שמפו פינוק 3 ב-1 לגבר 700 מ""ל",,IL,שמפו פינוק 3 ב-1 לגב,מיליליטרים,700.00,"100 מ""ל",false,1,12.90,1.84,true,1,
7290112492982,false,קנור מרק פטריות רכיבים טבעיים 400 גרם,,,קנור מרק פטריות רכיב,גרמים,400.00,100 גרם,false,1,26.90,6.73,true,1,
7290112492999,false,מרק טעם עוף 400 גרם צנצנת קנור,,,מרק טעם עוף 400 גרם,גרמים,400.00,100 גרם,false,1,16.90,4.23,true,1,
7290112493095,false,מרק קנור נמס בכוס עגבניות חריף 48 גרם,,,מרק קנור נמס בכוס עג,גרמים,48.00,100 גרם,false,1,7.90,16.46,true,1,
7290112493293,false,מרק קנור נמס בכוס ירקות 44 גרם,,,מרק קנור נמס בכוס יר,גרמים,44.00,100 גרם,false,1,7.90,17.95,true,1,
7290112493316,false,מרק היום אפונה 117 גרם,,IL,מרק היום אפונה 117 ג,גרמים,117.00,100 גרם,false,1,14.90,12.74,true,1,
7290112493934,false,קרמיסימו וניל 1.33 ליטר,,,קרמיסימו וניל 1.33 ל,ליטרים,0.00,ליטר,false,1,24.90,24.90,true,1,
7290112493965,false,קרמיסימו חלבית בטעם מסטיק וניל 665 גר,,,קרמיסימו חלבית בטעם,גרמים,665.00,100 גרם,false,1,24.90,3.74,true,1,
7290112494153,false,תיבולית ניחוח צלי קנור 72 גרם,,,תיבולית ניחוח צלי קנ,גרמים,72.00,100 גרם,false,1,12.30,17.08,true,1,
7290112494221,false,קליק ביסקוויט 65 גרם,,,קליק ביסקוויט 65 גרם,גרמים,65.00,100 גרם,false,1,6.90,10.62,true,1,
7290112494238,false,קליק כדורי חלב 65 גרם,,,קליק כדורי חלב 65 גר,גרמים,65.00,100 גרם,false,1,6.90,10.62,true,1,
7290112494283,false,קליק חום לבן 65 גרם,,,קליק חום לבן 65 גרם,גרמים,65.00,100 גרם,false,1,6.90,10.62,true,1,
7290112494313,false,קליק קורנפלקס 65 גרם,,,קליק קורנפלקס 65 גרם,גרמים,65.00,100 גרם,false,1,6.90,10.62,true,1,
7290112494344,false,קורנפלקס של אלופים כספי 850 גרם,,,קורנפלקס של אלופים כ,גרמים,850.00,100 גרם,false,1,18.90,2.22,true,1,
7290112494351,false,קורנפלקס של אלופים 850 גרם,,,קורנפלקס של אלופים 8,גרמים,850.00,100 גרם,false,1,18.90,2.22,true,1,
7290112494382,false,פירה בטעם ביתי 260 גרם-קופסא,,,פירה בטעם ביתי 260 ג,גרמים,260.00,100 גרם,false,1,13.90,5.35,true,1,
7290112494795,false,"גל כביסה בדין בניחוח בדין כחול 2.5 ק""ג",,IL,גל כביסה בדין בניחוח,קילוגרמים,0.00,"ק""ג",false,1,38.50,38.50,true,1,
7290112495006,false,כריות נוגט 686 גרם - קופסא,,,כריות נוגט 686 גרם -,גרמים,686.00,100 גרם,false,1,27.90,4.07,true,1,
7290112495037,false,"קוקומן כדורים פחות סוכר 375 גרם בד""צ",,,קוקומן כדורים פחות ס,גרמים,375.00,100 גרם,false,1,21.90,5.84,true,1,
7290112495044,false,קוקומן פצפוצים 375 גרם,,,קוקומן פצפוצים 375 ג,גרמים,375.00,100 גרם,false,1,21.90,5.84,true,1,
7290112495105,false,נשנושים תפוא בצל 260 גרם,,,נשנושים תפוא בצל 260,גרמים,260.00,100 גרם,false,1,13.90,5.35,true,1,
7290112495112,false,נשנושים זעתר 260 גרם,,,נשנושים זעתר 260 גרם,גרמים,260.00,100 גרם,false,1,13.90,5.35,true,1,
7290112495143,false,קרקרים קוקטייל מלוח 300 גרם,,,קרקרים קוקטייל מלוח,גרמים,300.00,100 גרם,false,1,14.90,4.97,true,1,
7290112495167,false,נישנושים משולש שומשום 300 גרם,,,נישנושים משולש שומשו,גרמים,300.00,100 גרם,false,1,10.00,3.33,true,1,
7290112495174,false,קרקרים קוקטייל שומשום 300 גרם,,,קרקרים קוקטייל שומשו,גרמים,300.00,100 גרם,false,1,14.90,4.97,true,1,
7290112495280,false,ריבועי ברנפלקס קינמון 400 גרם,,,ריבועי ברנפלקס קינמו,גרמים,400.00,100 גרם,false,1,24.90,6.23,true,1,
7290112495433,false,דליפקאן 400 גרם,,,דליפקאן 400 גרם,גרמים,400.00,100 גרם,false,1,23.90,5.98,true,1,
7290112495594,false,בייגל גדול גדול ללא מלח 400 גרם,,,בייגל גדול גדול ללא,גרמים,400.00,100 גרם,false,1,16.90,4.23,true,1,
7290112495662,false,קרקר חיטה מלאה עם פשתן 300 גרם,,,קרקר חיטה מלאה עם פש,גרמים,300.00,100 גרם,false,1,12.50,4.17,true,1,
7290112495686,false,קרקר שומשום 220 גרם,,,קרקר שומשום 220 גרם,גרמים,220.00,100 גרם,false,1,11.90,5.41,true,1,
7290112495747,false,רוטב קנור צילי מתוק מופחת סוכר 340 גרם,,,רוטב קנור צילי מתוק,גרמים,340.00,100 גרם,false,1,12.50,3.68,true,1,
7290112495754,false,"הלמנס לסלט אלף האיים 305 מ""ל",,,הלמנס לסלט אלף האיים,מיליליטרים,305.00,"100 מ""ל",false,1,15.40,5.05,true,1,
7290112495785,false,הלמנס רוטב שום 300 גרם,,,הלמנס רוטב שום 300 ג,גרמים,300.00,100 גרם,false,1,15.40,5.13,true,1,
7290112495792,false,"הלמנס לסלט שום לייט 300 מ""ל",,,הלמנס לסלט שום לייט,מיליליטרים,300.00,"100 מ""ל",false,1,15.40,5.13,true,1,
7290112495808,false,"הלמנס לסלט חרדל ודבש 305 מ""ל",,,הלמנס לסלט חרדל ודבש,מיליליטרים,305.00,"100 מ""ל",false,1,15.40,5.05,true,1,
7290112495815,false,הלמנס רוטב חרדל דבש לייט 305 גרם,,,הלמנס רוטב חרדל דבש,גרמים,305.00,100 גרם,false,1,15.40,5.05,true,1,
7290112495938,false,קרקר 6 דגנים 250 גרם,,,קרקר 6 דגנים 250 גרם,גרמים,250.00,100 גרם,false,1,11.90,4.76,true,1,
7290112495976,false,פריכיות אורז מצופות שוקולד חלב 35 גרם,,PL,פריכיות אורז מצופות,גרמים,35.00,100 גרם,false,1,6.50,18.57,true,1,
7290112496027,false,סירופ שוקולד 580 גרם-בקבוק,,,סירופ שוקולד 580 גר,גרמים,580.00,100 גרם,false,1,18.90,3.26,true,1,
7290112496034,false,סירופ מייפל 580 גרם-בקבוק,,,סירופ מייפל 580 גרם-,גרמים,580.00,100 גרם,false,1,18.90,3.26,true,1,
7290112496270,false,"פתית ציפס תפו""א עגבניות ועשבי תיבול 22 ג",,GB,"פתית ציפס תפו""א עגבנ",גרמים,22.00,100 גרם,false,1,5.90,26.82,true,1,
7290112496287,false,פתית ציפס בטטה בטעם טבעי 21 ג,,GB,פתית ציפס בטטה בטעם,גרמים,21.00,100 גרם,false,1,5.90,28.10,true,1,
7290112496294,false,פתית ציפס אפונה בתוספת צילי 22 ג,,GB,פתית ציפס אפונה בתוס,גרמים,22.00,100 גרם,false,1,5.90,26.82,true,1,
7290112496430,false,נמס בכוס אקסטרה עגבניות ואטריות קנור 37,,,נמס בכוס אקסטרה עגבנ,גרמים,37.00,100 גרם,false,1,4.90,13.24,true,1,
7290112496447,false,נמס בכוס אקסטרה טעם עוף ואטריות קנור 27,,,נמס בכוס אקסטרה טעם,גרמים,27.00,100 גרם,false,1,4.90,18.15,true,1,
7290112496461,false,מרק נמס בכוס אקסטרה ירקות ואיטריות קנור,,,מרק נמס בכוס אקסטרה,גרמים,32.00,100 גרם,false,1,4.90,15.31,true,1,
7290112497031,false,קנור רוטב עגבניות לקציצות 415 גרם,,IT,קנור רוטב עגבניות לק,גרמים,415.00,100 גרם,false,1,13.90,3.35,true,1,
7290112497123,false,סחלב 112 גרם-קופסא,,,סחלב 112 גרם-קופסא,גרמים,112.00,100 גרם,false,1,16.90,15.09,true,1,
7290112497864,false,מרק עוף אמיתי פחות נתרן 400 גרם,,,מרק עוף אמיתי פחות נ,גרמים,400.00,100 גרם,false,1,25.90,6.48,true,1,
7290112497994,false,גרנולה פרוטאין בתוספת חלבון ואגוזים 300,,,גרנולה פרוטאין בתוספ,גרמים,300.00,100 גרם,false,1,20.90,6.97,true,1,
7290112498007,false,גרנולה פרוטאין ת.חלבון שקדים חמוציות 300,,,גרנולה פרוטאין ת.חלב,גרמים,300.00,100 גרם,false,1,20.90,6.97,true,1,
7290112498526,false,פתית ציפס בטטה סגולה שמנת ובצל 22 ג,,GB,פתית ציפס בטטה סגולה,גרמים,22.00,100 גרם,false,1,5.90,26.82,true,1,
7290112498748,false,מיני סולרו תות 320 גרם,,,מיני סולרו תות 320 ג,גרמים,320.00,100 גרם,false,1,26.90,8.41,true,1,
7290112498915,false,מאגדת מיני מגנום שקדים 250 גרם,,IL,מאגדת מיני מגנום שקד,גרמים,250.00,100 גרם,false,1,29.90,11.96,true,1,
7290112498922,false,מאגדת מיני מגנום לבן 250 גרם,,IL,מאגדת מיני מגנום לבן,גרמים,250.00,100 גרם,false,1,29.90,11.96,true,1,
7290112499097,false,מאגדת מיני מגנום מריר INTENSE DARK,,IL,מאגדת מיני מגנום מרי,גרמים,310.00,100 גרם,false,1,29.90,9.65,true,1,
7290112499189,false,קרמיסימו חד קרן וניל תות בננה 1.33 ליטר,,,קרמיסימו חד קרן וניל,ליטרים,0.00,ליטר,false,1,24.90,24.90,true,1,
7290112499226,false,גלידונית פיסטוק בננה 703 גרם,,,גלידונית פיסטוק בננה,גרמים,703.00,100 גרם,false,1,49.90,7.10,true,1,
7290112499509,false,"דאו ספריי ניחוח אפרסק ולמון גראס 150 מ""ל",,,דאו ספריי ניחוח אפרס,מיליליטרים,150.00,"100 מ""ל",false,1,20.90,13.93,true,1,
7290112499776,false,גודיז 3 שוקולדים,,,גודיז 3 שוקולדים,גרמים,240.00,100 גרם,false,1,29.90,12.46,true,1,
7290112499844,false,מאגדת מיני מגנום דאבל 310 גר,,,מאגדת מיני מגנום דאב,גרמים,310.00,100 גרם,false,1,29.90,9.65,true,1,
7290112960856,false,גלידה אקסטרים מטבע שוקולד וריבת חלב 115ג,,IL,גלידה אקסטרים מטבע ש,גרמים,115.00,100 גרם,false,1,11.00,9.57,true,1,
7290112961266,false,בייגלה כפיות פיזור איטלקי 300 גרם,,,בייגלה כפיות פיזור א,גרמים,300.00,100 גרם,false,1,11.90,3.97,true,1,
7290112961327,false,בייגלה כפיות פיזור כפרי 300 גרם,,,בייגלה כפיות פיזור כ,גרמים,300.00,100 גרם,false,1,11.90,3.97,true,1,
7290112961372,false,פיטנס חטיפי פריכיות דקות קינמון 60 גרם,,IL,פיטנס חטיפי פריכיות,גרמים,60.00,100 גרם,false,1,9.90,16.50,true,1,
7290112961464,false,פיטנס חטיפי פריכיות דקות מתובלות 60 גרם,,IL,פיטנס חטיפי פריכיות,גרמים,60.00,100 גרם,false,1,9.90,16.50,true,1,
7290112962737,false,שניצל מן הצומח עם חלבון טבעול 664 גר,,IL,שניצל מן הצומח עם חל,גרמים,664.00,100 גרם,false,1,37.90,5.71,true,1,
7290112963918,false,פיטנס קרקר דק רוזמרין 140 גרם,,IL,פיטנס קרקר דק רוזמרי,גרמים,140.00,100 גרם,false,1,13.90,9.93,true,1,
7290112964410,false,"רוטב אלף האיים לסלט 290 מ""ל אסם",,IL,רוטב אלף האיים לסלט,מיליליטרים,290.00,"100 מ""ל",false,1,15.00,5.17,true,1,
7290112964434,false,"רוטב לסלט קיסר 295 מ""ל אסם",,IL,רוטב לסלט קיסר 295 מ,מיליליטרים,295.00,"100 מ""ל",false,1,15.00,5.08,true,1,
7290112964458,false,רוטב ויניגרט חדש לסלט 295 גרם אסם,,IL,רוטב ויניגרט חדש לסל,מיליליטרים,295.00,"100 מ""ל",false,1,15.00,5.08,true,1,
7290112964564,false,"רוטב אלף האיים לייט לסלט 290 מ""ל אסם",,IL,רוטב אלף האיים לייט,מיליליטרים,295.00,"100 מ""ל",false,1,15.00,5.08,true,1,
7290112964601,false,"רוטב בנוסח סצואן אסם 290 מ""ל",,,רוטב בנוסח סצואן אסם,מיליליטרים,290.00,"100 מ""ל",false,1,16.90,5.83,true,1,
7290112964724,false,טבעול המבורגר טבעוני 580 גרם,,,טבעול המבורגר טבעוני,גרמים,580.00,100 גרם,false,1,35.90,6.19,true,1,
7290112965141,false,תבשיל פתיתים אפויים עם ירקות 130 גרם,,,תבשיל פתיתים אפויים,גרמים,130.00,100 גרם,false,1,12.90,9.92,true,1,
7290112965325,false,תבשיל אורז ספרדי 140 גרם אסם,,,תבשיל אורז ספרדי 140,גרמים,140.00,100 גרם,false,1,12.90,9.21,true,1,
7290112965585,false,פרפקטו פסטה קסרצה 500 גרם,,,פרפקטו פסטה קסרצה 50,גרמים,500.00,100 גרם,false,1,8.30,1.66,true,1,
7290112965660,false,פיטנס חטיף מולטיגריין מלח פלפל 25 גרם,,IL,פיטנס חטיף מולטיגריי,גרמים,25.00,100 גרם,false,1,5.50,22.00,true,1,
7290112965684,false,פיטנס חטיף מולטיגריין ע.תיבול 25 גרם,,IL,פיטנס חטיף מולטיגריי,גרמים,25.00,100 גרם,false,1,5.50,22.00,true,1,
7290112965707,false,פיטנס חטיף מולטיגריין צילי מעודן 25 גרם,,IL,פיטנס חטיף מולטיגריי,גרמים,25.00,100 גרם,false,1,5.50,22.00,true,1,
7290112965868,false,קרם קרקר במליחות מעודנת 250 גרם אסם,,,קרם קרקר במליחות מעו,גרמים,250.00,100 גרם,false,1,11.40,4.56,true,1,
7290112965905,false,בייגלה שמיניות במליחות מעודנת 400 גר אסם,,,בייגלה שמיניות במליח,גרמים,400.00,100 גרם,false,1,11.90,2.98,true,1,
7290112965967,false,טבעול נאגטס ירקות כתומים 500 גרם,,IL,טבעול נאגטס ירקות כת,גרמים,500.00,100 גרם,false,1,35.90,7.18,true,1,
7290112965981,false,טבעול גורמה ארוחת דגנים 450 גרם,,IL,טבעול גורמה ארוחת דג,גרמים,450.00,100 גרם,false,1,35.90,7.98,true,1,
7290112966001,false,טבעול גורמה ארוחת ירוקים 450 גרם,,IL,טבעול גורמה ארוחת יר,גרמים,450.00,100 גרם,false,1,35.90,7.98,true,1,
7290112966094,false,הבית עוגת תפוז מופחתת סוכר 400 גרם,,,הבית עוגת תפוז מופחת,גרמים,400.00,100 גרם,false,1,13.40,3.35,true,1,
7290112966124,false,פתי בר מופחת סוכר 500 גרם אסם,,,פתי בר מופחת סוכר 50,גרמים,500.00,100 גרם,false,1,12.00,2.40,true,1,
7290112966445,false,במבה מתוקה אריזה גדולה 100 גרם,,IL,במבה מתוקה אריזה גדו,גרמים,100.00,100 גרם,false,1,8.30,8.30,true,1,
7290112966803,false,אסם פודינג אינסטנט שוקולד 88 גרם,,,אסם פודינג אינסטנט ש,גרמים,88.00,100 גרם,false,1,5.90,6.70,true,1,
7290112967114,false,פיטנס חטיפי פריכיות קטניות ופלפל 60 גרם,,,פיטנס חטיפי פריכיות,גרמים,60.00,100 גרם,false,1,9.90,16.50,true,1,
7290112967138,false,בייגלה שמיניות ללא גלוטן 250 גרם אסם,,,בייגלה שמיניות ללא ג,גרמים,250.00,100 גרם,false,1,15.90,6.36,true,1,
7290112967381,false,פיטנס חטיפי פריכיות קטניות ומלח ים 60 גר,,,פיטנס חטיפי פריכיות,גרמים,60.00,100 גרם,false,1,9.90,16.50,true,1,
7290112967572,false,"רוטב ברביקיו 290 מ""ל אסם",,,"רוטב ברביקיו 290 מ""ל",גרמים,290.00,100 גרם,false,1,13.90,4.79,true,1,
7290112968203,false,סלט טחינה בלדי 250 גרם,,IL,סלט טחינה בלדי 250 ג,גרמים,250.00,100 גרם,false,1,12.50,5.00,true,1,
7290112968340,false,חומוס צבר גרוס גס גס 400 גרם,,IL,חומוס צבר גרוס גס גס,גרמים,400.00,100 גרם,false,1,16.90,4.23,true,1,
7290112968807,false,פיטנס קרקר דק סלק 140 גרם,,,פיטנס קרקר דק סלק 14,גרמים,140.00,100 גרם,false,1,13.90,9.93,true,1,
7290112968821,false,פיטנס קרקר דק בטטה 140 גרם,,,פיטנס קרקר דק בטטה 1,גרמים,140.00,100 גרם,false,1,13.90,9.93,true,1,
7290113190375,false,סילאן טבעי שקדיה 900 גרם,,TR,סילאן טבעי שקדיה 900,גרמים,900.00,100 גרם,false,1,21.90,2.43,true,1,
7290113190450,false,ממרח תמרים שאן 450 גרם,,,ממרח תמרים שאן 450 ג,גרמים,450.00,100 גרם,false,1,8.90,1.98,true,1,
7290113191907,false,טורטיה חיטה להכנת פיצה 440 גרם,,TR,טורטיה חיטה להכנת פי,גרמים,440.00,100 גרם,false,1,11.90,2.70,true,1,
7290113192072,false,בוטנים מצופים בטעם צילי 100 גרם,,,בוטנים מצופים בטעם צ,גרמים,100.00,100 גרם,false,1,9.90,9.90,true,1,
7290113192096,false,בוטנים מצופים בטעם וואסבי 100 גרם,,,בוטנים מצופים בטעם ו,גרמים,100.00,100 גרם,false,1,9.90,9.90,true,1,
7290113192157,false,אגוזי ברזיל קלופים 150 גרם,,IL,אגוזי ברזיל קלופים 1,גרמים,150.00,100 גרם,false,1,18.80,12.53,true,1,
7290113192164,false,אגוזי קשיו קלופים 150 גרם,,IL,אגוזי קשיו קלופים 15,גרמים,150.00,100 גרם,false,1,17.90,11.93,true,1,
7290113192171,false,מיקס אגוזים שקדים וחמוציות 150 גרם,,IL,מיקס אגוזים שקדים וח,גרמים,150.00,100 גרם,false,1,17.90,11.93,true,1,
7290113192300,false,זיתים מושחרים חרוזית 275 גרם בית השיטה,,IL,זיתים מושחרים חרוזית,גרמים,275.00,100 גרם,false,1,12.90,4.69,true,1,
7290113192317,false,טבעות זיתים מושחרים 280 גרם בית השיטה,,IL,טבעות זיתים מושחרים,גרמים,280.00,100 גרם,false,1,14.90,5.32,true,1,
7290113192324,false,זית ירוק A2 בית השיטה 340 גרם,,IL,זית ירוק A2 בית השיט,גרמים,340.00,100 גרם,false,1,10.90,3.21,true,1,
7290113192331,false,זית ירוק גדול A2 בית השיטה 340 גרם,,IL,זית ירוק גדול A2 בית,גרמים,340.00,100 גרם,false,1,12.90,3.79,true,1,
7290113192355,false,זית חרוזית ירוק A2 בית השיטה 275 גרם,,,זית חרוזית ירוק A2 ב,גרמים,275.00,100 גרם,false,1,10.90,3.96,true,1,
7290113192362,false,זיתים ירוקים טבעות A2 בית השיטה 280 גרם,,IL,זיתים ירוקים טבעות A,גרמים,280.00,100 גרם,false,1,13.50,4.82,true,1,
7290113192386,false,זית סורי מבוקע A2 בית השיטה 340 גרם,,IL,זית סורי מבוקע A2 בי,גרמים,666.00,100 גרם,false,1,13.90,2.09,true,1,
7290113192393,false,קוקטייל זיתים A2 בית השיטה 336 גרם,,IL,קוקטייל זיתים A2 בית,גרמים,336.00,100 גרם,false,1,13.90,4.14,true,1,
7290113192478,false,מלפפונים במלח 10-12 בית השטה 320 גרם,,IL,מלפפונים במלח 10-12,גרמים,320.00,100 גרם,false,1,8.90,2.78,true,1,
7290113192492,false,מלפפון בחומץ 17-13 בית השיטה 290 גרם,,IL,מלפפון בחומץ 17-13 ב,גרמים,290.00,100 גרם,false,1,12.40,4.28,true,1,
7290113192508,false,מלפפון במלח 17-13 בית השיטה 320 גרם,,IL,מלפפון במלח 17-13 בי,גרמים,320.00,100 גרם,false,1,12.40,3.88,true,1,
7290113192515,false,מלפפון במלח 18-25 320 גרם בית השיטה,,IL,מלפפון במלח 18-25 32,גרמים,320.00,100 גרם,false,1,13.90,4.34,true,1,
7290113192522,false,מלפפון בחומץ 18-25 290 גרם בית השיטה,,IL,מלפפון בחומץ 18-25 2,גרמים,290.00,100 גרם,false,1,13.90,4.79,true,1,
7290113192539,false,מלפפון במלח 7-9 בית השיטה 320 גר,,IL,מלפפון במלח 7-9 בית,גרמים,320.00,100 גרם,false,1,7.90,2.47,true,1,
7290113192546,false,מלפפון בחומץ 7-9 בית השיטה 290 גר,,IL,מלפפון בחומץ 7-9 בי,גרמים,290.00,100 גרם,false,1,7.90,2.72,true,1,
7290113192553,false,מלפפונים במלח באלדי 13-17 בית השיטה 320ג,,IL,מלפפונים במלח באלדי,גרמים,320.00,100 גרם,false,1,11.90,3.72,true,1,
7290113192560,false,פלפל שיפקה A2 בית השיטה 230 גרם,,IL,פלפל שיפקה A2 בית ה,גרמים,230.00,100 גרם,false,1,8.80,3.83,true,1,
7290113192577,false,כרוב כבוש A2 בית השיטה 430 גרם,,IL,כרוב כבוש A2 בית השי,גרמים,430.00,100 גרם,false,1,9.50,2.21,true,1,
7290113192881,false,טורטיה חיטה מופחתת קלוריות 270 גרם,,TR,טורטיה חיטה מופחתת ק,גרמים,270.00,100 גרם,false,1,11.40,4.22,true,1,
7290113193000,false,פלפל שיפקונית 230 גרם בית השיטה,,IL,פלפל שיפקונית 230 גר,גרמים,230.00,100 גרם,false,1,13.90,6.04,true,1,
7290113193017,false,קוקטייל זיתים 275 גרם בית השיטה,,IL,קוקטייל זיתים 275 גר,גרמים,275.00,100 גרם,false,1,15.90,5.78,true,1,
7290113193031,false,חרוזית קלמטה 275 גרם בית השיטה,,IL,חרוזית קלמטה 275 גרם,גרמים,275.00,100 גרם,false,1,15.90,5.78,true,1,
7290113193321,false,בית השיטה שמן זית כתית מעולה 750 מל,,IL,בית השיטה שמן זית כת,מיליליטרים,750.00,"100 מ""ל",false,1,34.90,4.65,true,1,
7290113193369,false,בית השיטה תרסיס שמן קנולה מזוכך 150 מל,,,בית השיטה תרסיס שמן,מיליליטרים,150.00,"100 מ""ל",false,1,14.90,9.93,true,1,
7290113193406,false,בית השיטה טבעות קוקטייל זיתים 280 גרם,,,בית השיטה טבעות קוקט,גרמים,280.00,100 גרם,false,1,11.90,4.25,true,1,
7290113193888,false,חצילים מוחמצים 320 גרם בית השיטה,,IL,חצילים מוחמצים 320 ג,גרמים,320.00,100 גרם,false,1,13.90,4.34,true,1,
7290113195042,false,מלפפפון מלח כבישה ביתית 750 גרם,,,מלפפפון מלח כבישה בי,גרמים,750.00,100 גרם,false,1,33.50,4.47,true,1,
7290113195080,false,חלבה טורקית בטעם שוקו וניל 400 גרם,,,חלבה טורקית בטעם שוק,גרמים,400.00,100 גרם,false,1,13.90,3.48,true,1,
7290113195196,false,"רסק תפוחי עץ ללת""ס 710 גרם",,PL,"רסק תפוחי עץ ללת""ס 7",גרמים,710.00,100 גרם,false,1,12.50,1.76,true,1,
7290113195264,false,ממרח פלפלים קלויים 360 גרם,,MK,ממרח פלפלים קלויים 3,גרמים,360.00,100 גרם,false,1,12.90,3.58,true,1,
7290113195271,false,ממרח פלפלים פיקנטיים 360 גרם,,MK,ממרח פלפלים פיקנטיים,גרמים,360.00,100 גרם,false,1,12.90,3.58,true,1,
7290113195363,false,שמן חמניות מזוכך זית השיטה 1 ליטר,,,שמן חמניות מזוכך זית,מיליליטרים,1000.00,"100 מ""ל",false,1,14.90,1.49,true,1,
7290113195967,false,שיבולת שועל פחית 500 גרם,,,שיבולת שועל פחית 500,גרמים,500.00,100 גרם,false,1,9.90,1.98,true,1,
7290113196414,false,"אורז בסמטי שקדיה 1 ק""ג",,IN,אורז בסמטי שקדיה 1 ק,גרמים,1000.00,100 גרם,false,1,13.20,1.32,true,1,
7290113199767,false,ממרח שקדים 100% 300 גרם,,,ממרח שקדים 100% 300,גרמים,300.00,100 גרם,false,1,28.90,9.63,true,1,
7290113302259,false,חטיף בונזו נאגטס בקר,,,חטיף בונזו נאגטס בקר,Unknown,0.00,Unknown,false,1,12.90,12.90,true,1,
7290113302273,false,חטיף בונזו עצם קלציו,,,חטיף בונזו עצם קלציו,Unknown,0.00,Unknown,false,1,12.90,12.90,true,1,
7290113302303,false,חטיף בונזו סטיקים עם,,,חטיף בונזו סטיקים עם,Unknown,0.00,Unknown,false,1,12.90,12.90,true,1,
7290113302310,false,בונזו בטטה רול 80 גרם,,,בונזו בטטה רול 80 גר,Unknown,0.00,Unknown,false,1,12.90,12.90,true,1,
7290113302358,false,חטיפי בונזו עוף בצור,,,חטיפי בונזו עוף בצור,Unknown,0.00,Unknown,false,1,12.90,12.90,true,1,
7290113302396,false,שיפוד כבש ודג בקלה 8,,,שיפוד כבש ודג בקלה 8,Unknown,0.00,Unknown,false,1,12.90,12.90,true,1,
7290114310215,false,שמנת מתוקה 38% 250 מל בקבוק,,IL,שמנת מתוקה 38% 250 מ,גרמים,250.00,100 גרם,false,1,6.47,2.59,true,1,
7290114310222,false,חלב מועשר בסידן וויטמין D 3% 1.5 ל,,IL,חלב מועשר בסידן וויט,מיליליטרים,1500.00,"100 מ""ל",false,1,13.90,0.93,true,1,
7290114310239,false,חלב נטול לקטוז מועשר בוויטמין D 2% 1.5 ל,,IL,חלב נטול לקטוז מועשר,מיליליטרים,1500.00,"100 מ""ל",false,1,13.90,0.93,true,1,
7290114310338,false,גבינה צפתית מעודנת 5% 225 גרם,,IL,גבינה צפתית מעודנת 5,גרמים,225.00,100 גרם,false,1,19.50,8.67,true,1,
7290114310536,false,מולר אקטיב לייט יוגורט 25 ג חלבון 0% שו,,IL,מולר אקטיב לייט,גרמים,200.00,100 גרם,false,1,6.90,3.45,true,1,
7290114310963,false,יוגורט עיזים בדלי 3.7% משק צוריאל 500 ג,,IL,יוגורט עיזים בדלי 3.,גרמים,500.00,100 גרם,false,1,15.90,3.18,true,1,
7290114311038,false,"שמנת מתוקה 32% 250 מ""ל בבקבוק טרה",,,שמנת מתוקה 32% 250 מ,מיליליטרים,250.00,"100 מ""ל",false,1,7.20,2.88,true,1,
7290114311069,false,מולר אקטיב 25 ג חלבון 0% שומן 150 גרם,,IL,מולר אקטיב 25 ג חלבו,גרמים,150.00,100 גרם,false,1,6.90,4.60,true,1,
7290114311076,false,מולר חמאה צהובה עם שום 200 גרם,,,מולר חמאה צהובה עם ש,גרמים,200.00,100 גרם,false,1,13.90,6.95,true,1,
7290114311298,false,יוגורט מולר פרופ בטעם תות בננה מלון 150,,IL,יוגורט מולר פרופ בטע,גרמים,150.00,100 גרם,false,1,5.40,3.60,true,1,
7290114311304,false,יוגורט מולר פרופ בטעם מנגו פסיפלורה בננה,,IL,יוגורט מולר פרופ בטע,גרמים,150.00,100 גרם,false,1,5.40,3.60,true,1,
7290114311328,false,חלב דל לקטוז מועשר בויטמין D 2% 1 ליטר,,,חלב דל לקטוז מועשר ב,מיליליטרים,1000.00,"100 מ""ל",false,1,8.90,0.89,true,1,
7290114311458,false,חלב בקרטון מועשר ויטמין D 3% 1 ליטר,,,חלב בקרטון מועשר ויט,מיליליטרים,1000.00,"100 מ""ל",false,1,8.90,0.89,true,1,
7290114600750,false,קו-קווים חטיף אפוי עם פיקורינו 150 גרם,,IT,קו-קווים חטיף אפוי ע,גרמים,150.00,100 גרם,false,1,12.90,8.60,true,1,
7290114600767,false,קו-קווים חטיף אפוי זיתים ועגבניות 150,,IT,קו-קווים חטיף אפוי ז,גרמים,150.00,100 גרם,false,1,12.90,8.60,true,1,
7290114600989,false,"רוטב אלף האיים מאסטר שף 250 מ""ל",,NL,רוטב אלף האיים מאסטר,מיליליטרים,250.00,"100 מ""ל",false,1,10.90,4.36,true,1,
7290114602778,false,פרי סלייסים ציפס ירקות שורש 90 גרם,,ES,פרי סלייסים ציפס ירק,גרמים,90.00,100 גרם,false,1,15.20,16.89,true,1,
7290114603591,false,PLAY חטיף פוף בטעם קטשופ 40 גרם,,,PLAY חטיף פוף בטעם ק,גרמים,40.00,100 גרם,false,1,4.60,11.50,true,1,
7290114603607,false,PLAY חטיף פוף בטעם חמוץ חריף 40 גרם,,,PLAY חטיף פוף בטעם ח,גרמים,40.00,100 גרם,false,1,4.60,11.50,true,1,
7290114603768,false,"נוזל ניקוי שירותים אגקס 750 מ""ל*2 זוג",,FR,נוזל ניקוי שירותים א,ליטרים,0.00,ליטר,false,1,32.50,32.50,true,1,
7290114604116,false,עננים 500 מקלני כותנה,,CN,עננים 500 מקלני כותנ,Unknown,0.00,Unknown,false,1,10.90,10.90,true,1,
7290114604840,false,"דפי אורז 16 ס""מ 400 גרם",,,"דפי אורז 16 ס""מ 400",גרמים,400.00,100 גרם,false,1,11.50,2.88,true,1,
7290114604925,false,"קרם קוקוס לייט מאסטר שף 400 מ""ל",,,קרם קוקוס לייט מאסטר,מיליליטרים,400.00,"100 מ""ל",false,1,9.90,2.48,true,1,
7290114604963,false,מאסטר שף פירורי לחם מתובלים 230 גרם,,,מאסטר שף פירורי לחם,גרמים,230.00,100 גרם,false,1,8.30,3.61,true,1,
7290114606547,false,מיונז פטריות כמהין לחיץ מאסטר שף 242 גרם,,NL,מיונז פטריות כמהין ל,גרמים,242.00,100 גרם,false,1,14.60,6.03,true,1,
7290114606554,false,מיונז לייט לחיץ מאסטר שף 470 גרם,,NL,מיונז לייט לחיץ מאסט,גרמים,470.00,100 גרם,false,1,13.90,2.96,true,1,
7290114606561,false,מנה אסייאתי אטריות אורז דקות 400 ג מ.שף,,,מנה אסייאתי אטריות א,גרמים,400.00,100 גרם,false,1,10.90,2.73,true,1,
7290114606578,false,שקדי מרק מאסטר שף 400 גרם,,IL,שקדי מרק מאסטר שף 40,גרמים,400.00,100 גרם,false,1,10.00,2.50,true,1,
7290114606592,false,רוטב סויה מסורתי מאסטר שף 620 גר,,,רוטב סויה מסורתי מאס,גרמים,620.00,100 גרם,false,1,20.00,3.23,true,1,
7290114606608,false,רוטב סויה מסורתי מאסטר שף 620 גר,,,רוטב סויה מסורתי מאס,גרמים,620.00,100 גרם,false,1,20.00,3.23,true,1,
7290114608633,false,דפי אצה מאסטר שף 25 גרם,,,דפי אצה מאסטר שף 25,גרמים,25.00,100 גרם,false,1,13.50,54.00,true,1,
7290114608664,false,סילאן לחיץ מאסטר שף 680 גרם,,AE,סילאן לחיץ מאסטר שף,גרמים,680.00,100 גרם,false,1,21.90,3.22,true,1,
7290114659949,false,מסכה לפנים חד פעמי 50 יח,,,מסכה לפנים חד פעמי 5,יחידה,1.00,יחידה,false,1,10.90,10.90,true,1,
7290115190007,false,מרלבורו רד PP קרטוש,,,מרלבורו רד PP קרטוש,Unknown,0.00,Unknown,false,1,355.00,355.00,true,1,
7290115190014,false,מרלבורו רד קצר בוקס חפיסה,,,מרלבורו רד קצר בוקס,Unknown,0.00,Unknown,false,1,35.90,35.90,true,1,
7290115190076,false,מרלבורו גולד 100 חפיסה,,,מרלבורו גולד 100 חפי,Unknown,0.00,Unknown,false,1,35.90,35.90,true,1,
7290115190083,false,מרלבורו גולד PP קרטוש,,,מרלבורו גולד PP קרטו,Unknown,0.00,Unknown,false,1,355.00,355.00,true,1,
7290115190090,false,מרלבורו גולד קצר,,,מרלבורו גולד קצר,Unknown,0.00,Unknown,false,1,35.90,35.90,true,1,
7290115190151,false,מלבורו גולד טאצ 7.1 חפיסה,,,מלבורו גולד טאצ 7.1,יחידה,1.00,יחידה,false,1,31.90,31.90,true,1,
7290115190199,false,פרלמנט ארוך RCB חפיסה,,,פרלמנט ארוך RCB חפיס,Unknown,0.00,Unknown,false,1,41.00,41.00,true,1,
7290115190212,false,פרלמנט ארוך בלו RCB חפיסה,,,פרלמנט ארוך בלו RCB,Unknown,0.00,Unknown,false,1,41.00,41.00,true,1,
7290115190236,false,פרלמנט קצר בלו חפיסה,,,פרלמנט קצר בלו חפיסה,Unknown,0.00,Unknown,false,1,41.00,41.00,true,1,
7290115190250,false,פרלמנט נייט PP חפיסה,,,פרלמנט נייט PP חפיסה,Unknown,0.00,Unknown,false,1,41.00,41.00,true,1,
7290115190335,false,ל.מ.בלו לייבל ארוך בוקס חפיסה,,,ל.מ.בלו לייבל ארוך ב,Unknown,0.00,Unknown,false,1,31.90,31.90,true,1,
7290115190359,false,L&M בלו לייבל קצר-חפיסה,,,L&M בלו לייבל קצר-חפ,Unknown,0.00,Unknown,false,1,31.90,31.90,true,1,
7290115190397,false,ל.מ.רד לייבל קצר חפיסה,,,ל.מ רדPP חפיסה,Unknown,0.00,Unknown,false,1,31.90,31.90,true,1,
7290115190434,false,ל.מ וייב PP חפיסה,,,ל.מ וייב PP חפיסה,Unknown,0.00,Unknown,false,1,31.90,31.90,true,1,
7290115190496,false,נקסט פיין 100 חפיסה PP,,,נקסט פיין 100 חפיסה,Unknown,0.00,Unknown,false,1,29.90,29.90,true,1,
7290115190519,false,נקסט חפיסה,,,נקסט חפיסה,Unknown,0.00,Unknown,false,1,29.90,29.90,true,1,
7290115190571,false,נקסט לילך חפיסה,,,נקסט לילך PP חפיסה,Unknown,0.00,Unknown,false,1,29.90,29.90,true,1,
7290115190595,false,נקסט FF חפיסה,,,נקסט FF חפיסה,Unknown,0.00,Unknown,false,1,29.90,29.90,true,1,
7290115200003,false,אסם פתי בר פינוקי וניל 220 גרם,,,אסם פתי בר פינוקי ונ,גרמים,220.00,100 גרם,false,1,11.90,5.41,true,1,
7290115200027,false,אסם פתי בר פינוקי שוקו 220 גרם,,,אסם פתי בר פינוקי שו,גרמים,220.00,100 גרם,false,1,11.90,5.41,true,1,
7290115201451,false,טבעול גורמה לביבות בטטה קארי 455 גרם,,IL,טבעול גורמה לביבות ב,גרמים,455.00,100 גרם,false,1,35.90,7.89,true,1,
7290115201475,false,טבעול גורמה לביבות כרישה 434 גרם,,IL,טבעול גורמה לביבות כ,גרמים,434.00,100 גרם,false,1,35.90,8.27,true,1,
7290115201536,false,טבעול גורמה לביבות כרובית ותפוא 442 גרם,,IL,טבעול גורמה לביבות כ,גרמים,442.00,100 גרם,false,1,35.90,8.12,true,1,
7290115201680,false,ביסלי ברביקיו 70 גרם,,IL,ביסלי ברביקיו 70 גרם,גרמים,70.00,100 גרם,false,1,4.50,6.43,true,1,
7290115201703,false,ביסלי ברביקיו 200 גרם,,IL,ביסלי ברביקיו 200 גר,גרמים,200.00,100 גרם,false,1,7.90,3.95,true,1,
7290115201727,false,ביסלי בצל 200 גרם,,IL,ביסלי בצל 200 גרם,גרמים,200.00,100 גרם,false,1,7.90,3.95,true,1,
7290115202236,false,טופו קראנצ טבעול 470 גר,,IL,טופו קראנצ טבעול 470,גרמים,470.00,100 גרם,false,1,34.90,7.43,true,1,
7290115202434,false,חומוס עם זעתר צבר 375 גרם,,IL,חומוס עם זעתר צבר 37,גרמים,375.00,100 גרם,false,1,15.50,4.13,true,1,
7290115202816,false,מנה חמה פאוצ נדלס.אטר.טעם עוף 70 גרם,,,מנה חמה פאוצ נדלס.אט,גרמים,70.00,100 גרם,false,1,5.80,8.29,true,1,
7290115202847,false,מנה חמה פאוצ נודלס ספייסי 70 גרם,,,מנה חמה פאוצ נודלס ס,גרמים,70.00,100 גרם,false,1,5.80,8.29,true,1,
7290115203172,false,במבה פרו 80 גרם,,,במבה פרו 80 גרם,גרמים,80.00,100 גרם,false,1,4.90,6.13,true,1,
7290115203486,false,אסם פירורית בטעם ביסלי גריל 200 גרם,,,אסם פירורית בטעם ביס,גרמים,200.00,100 גרם,false,1,7.50,3.75,true,1,
7290115204056,false,קטשופ אסם מופחת סוכר 690 גרם,,IL,קטשופ אסם מופחת סוכר,גרמים,690.00,100 גרם,false,1,12.50,1.81,true,1,
7290115204186,false,צבר פסטו 190 גרם,,,צבר פסטו 190 גרם,יחידה,1.00,יחידה,false,1,20.90,20.90,true,1,
7290115205176,false,פיטנס קרקר כפרי 140 גרם,,IL,פיטנס קרקר כפרי 140,גרמים,140.00,100 גרם,false,1,13.90,9.93,true,1,
7290115205251,false,פיטנס בר פריכיות קרמל מלוח 84 גר,,,פיטנס בר פריכיות קרמ,גרמים,84.00,100 גרם,false,1,15.90,18.93,true,1,
7290115205312,false,פיטנס קרקר זיתים 140 גרם,,IL,פיטנס קרקר זיתים 140,גרמים,140.00,100 גרם,false,1,13.90,9.93,true,1,
7290115205527,false,פיטנס חטיף מולטגריין עם עדשים 25 גרם,,,פיטנס חטיף מולטגריין,גרמים,25.00,100 גרם,false,1,5.50,22.00,true,1,
7290115205541,false,פיטנס חטיף מולטיגריין עם חומוס 25גרם,,,פיטנס חטיף מולטיגריי,גרמים,25.00,100 גרם,false,1,5.50,22.00,true,1,
7290115205695,false,אסם בונזור בצק מצונן לפיצה 460 גרם,,IL,אסם בונזור בצק מצונן,גרמים,0.00,100 גרם,false,1,18.80,18.80,true,1,
7290115205718,false,אסם בונזור בצק מצונן עלים 230 גרם,,IL,אסם בונזור בצק מצונן,גרמים,0.00,100 גרם,false,1,15.90,15.90,true,1,
7290115207484,false,צבר סלט חציל על האש היתר 360 גרם,,,צבר סלט חציל על האש,גרמים,360.00,100 גרם,false,1,19.30,5.36,true,1,
7290115207507,false,צבר סלט טורקי 360 גרם,,,צבר סלט טורקי 360 גר,גרמים,360.00,100 גרם,false,1,19.30,5.36,true,1,
7290115207620,false,"אסם רוטב בסגנון סויה קלאסי 290 מ""ל",,,אסם רוטב בסגנון סויה,מיליליטרים,290.00,"100 מ""ל",false,1,16.90,5.83,true,1,
7290115207798,false,טבעול בורגר חריף טבעוני 420 גרם,,,טבעול בורגר חריף טבע,גרמים,420.00,100 גרם,false,1,35.90,8.55,true,1,
7290115207811,false,טבעול נקניקיות טבעוניות 418 גרם,,,טבעול נקניקיות טבעונ,גרמים,418.00,100 גרם,false,1,34.90,8.35,true,1,
7290115207989,false,סירופ ויטמינציק לימון 1 ליטר,,,סירופ ויטמינציק לימו,מיליליטרים,1000.00,"100 מ""ל",false,1,23.90,2.39,true,1,
7290115208009,false,סירופ ויטמינציק ענבים 1 ליטר,,,סירופ ויטמינציק ענבי,מיליליטרים,1000.00,"100 מ""ל",false,1,23.90,2.39,true,1,
7290115208047,false,סירופ ויטמינציק פטל 1 ליטר,,,סירופ ויטמינציק פטל,מיליליטרים,1000.00,"100 מ""ל",false,1,23.90,2.39,true,1,
7290115208061,false,סירופ ויטמינציק פתוח 1 ליטר,,,סירופ ויטמינציק תפוח,מיליליטרים,1000.00,"100 מ""ל",false,1,23.90,2.39,true,1,
7290115208320,false,אפרופו בטעם ביסלי בצל 50 גר,,,אפרופו בטעם ביסלי בצ,גרמים,50.00,100 גרם,false,1,5.90,11.80,true,1,
7290115208344,false,אסם בייגלה כפיות שמנת בצל 300 גרם,,,אסם בייגלה כפיות שמנ,גרמים,300.00,100 גרם,false,1,11.90,3.97,true,1,
7290115208597,false,אסם קרמוגית מיניס קרמל מלוח 200 גר,,,אסם קרמוגית מיניס קר,גרמים,200.00,100 גרם,false,1,12.90,6.45,true,1,
7290115209198,false,במבה אורירית 80 גרם,,,במבה אורירית 80 גרם,גרמים,80.00,100 גרם,false,1,4.90,6.13,true,1,
7290115209235,false,אסם פתי בר קפה 500 גרם,,,אסם פתי בר קפה 500 ג,גרמים,500.00,100 גרם,false,1,14.90,2.98,true,1,
7290115209358,false,במבה במילוי בראוניז 60 גר,,,במבה במילוי בראוניז,גרמים,60.00,100 גרם,false,1,4.90,8.17,true,1,
7290115209372,false,במבה במילוי בראוניז 150 גר,,,במבה במילוי בראוניז,גרמים,150.00,100 גרם,false,1,10.90,7.27,true,1,
7290115252330,false,וירו מנת קינואה ספרדי 470 גרם,,,וירו מנת קינואה ספרד,גרמים,470.00,100 גרם,false,1,15.90,3.38,true,1,
7290115252354,false,וירו מנת קינואה ים תיכוני 470 גרם,,,וירו מנת קינואה ים ת,גרמים,470.00,100 גרם,false,1,15.90,3.38,true,1,
7290115259209,false,טופי לבנדר בעבודת יד 100 גרם,,IL,טופי לבנדר בעבודת יד,גרמים,100.00,100 גרם,false,1,23.00,23.00,true,1,
7290115405088,false,קינוח אישי קדאיף קפולסקי 200 גרם,,IL,קינוח אישי קדאיף קפו,גרמים,200.00,100 גרם,false,1,16.90,8.45,true,1,
7290115405118,false,קינוח אישי גבינה תענוג תות קפולסקי 200 ג,,IL,קינוח אישי גבינה תענ,גרמים,200.00,100 גרם,false,1,16.90,8.45,true,1,
7290115405774,false,פחזניות ממולאות בטעם וניל קפולסקי 180 גר,,IL,פחזניות ממולאות בטעם,גרמים,180.00,100 גרם,false,1,16.90,9.39,true,1,
7290115405781,false,פחזניות ממולאות בטעם שוקולד קפולסקי 180,,IL,פחזניות ממולאות בטעם,גרמים,180.00,100 גרם,false,1,16.90,9.39,true,1,
7290115405798,false,פחזניות ממולאות בטעם ריבת חלב קפולסקי,,IL,פחזניות ממולאות בטעם,גרמים,180.00,100 גרם,false,1,16.90,9.39,true,1,
7290115405804,false,פחזניות ממולאות בטעם תות קפולסקי 180 גרם,,IL,פחזניות ממולאות בטעם,גרמים,180.00,100 גרם,false,1,16.90,9.39,true,1,
7290115405828,false,קינוח אישי גבינה אוכמניות קפולסקי 200 גר,,IL,קינוח אישי גבינה אוכ,גרמים,200.00,100 גרם,false,1,16.90,8.45,true,1,
7290115670677,false,גרנולה פירות טרופיים אנרגי 400 גרם,,CZ,גרנולה פירות טרופיים,גרמים,400.00,100 גרם,false,1,17.70,4.43,true,1,
7290115670684,false,גרנולה אגוזים אנרגי 400 גרם,,CZ,גרנולה אגוזים אנרגי,גרמים,400.00,100 גרם,false,1,17.70,4.43,true,1,
7290115671155,false,שלישיית סוכריות ענבים 45 גר FRESH,,,שלישיית סוכריות ענבי,גרמים,45.00,100 גרם,false,1,9.90,22.00,true,1,
7290115671308,false,מאסט פאן תות דובדבן 58 גרם,,,מאסט פאן תות דובדבן,גרמים,58.00,100 גרם,false,1,11.50,19.83,true,1,
7290115671339,false,מיני פינוקיות בראוניז בייגל בוטן 180 ג,,IL,מיני פינוקיות בראוני,גרמים,180.00,100 גרם,false,1,12.90,7.17,true,1,
7290115671346,false,מיני פינוקיות טופי קרמל מלוח 180 ג,,IL,מיני פינוקיות טופי ק,גרמים,180.00,100 גרם,false,1,12.90,7.17,true,1,
7290115671353,false,מיני פינוקיות שחור לבן 180 ג,,,מיני פינוקיות שחור ל,גרמים,180.00,100 גרם,false,1,12.90,7.17,true,1,
7290115675696,false,קוואקר אגוזים 375 גר 6 יח Cruesli,,,קוואקר אגוזים 375 ג,גרמים,375.00,100 גרם,false,1,18.90,5.04,true,1,
7290115675702,false,קוואקר פירות 375 גר 6 יח Cruesli,,,קוואקר פירות 375 גר,גרמים,375.00,100 גרם,false,1,18.90,5.04,true,1,
7290115675719,false,קוואקר שוקולד 375 גר 6 יח Cruesli,,,קוואקר שוקולד 375 גר,גרמים,375.00,100 גרם,false,1,18.90,5.04,true,1,
7290115675986,false,דנונה בר אגוזים מקורמלים 180 גר,,,דנונה בר אגוזים מקור,גרמים,180.00,100 גרם,false,1,4.80,2.67,true,1,
7290115676037,false,דנונה ריפרש תות דומדמניות 250 גרם,,IL,דנונה ריפרש תות דומד,מיליליטרים,250.00,"100 מ""ל",false,1,6.90,2.76,true,1,
7290115676051,false,משקה אקטיביה ש. שועל 1.2% 265 גרם,,IL,משקה אקטיביה ש. שועל,גרמים,265.00,100 גרם,false,1,6.40,2.42,true,1,
7290115676082,false,משקה דנונה פרו 20 תות 265 מל,,IL,משקה דנונה פרו 20 תו,מיליליטרים,265.00,"100 מ""ל",false,1,8.30,3.13,true,1,
7290115676273,false,קקאו 500 גרם +10% 550 גרם,,IL,קקאו 500 גרם +10% 55,גרמים,550.00,100 גרם,false,1,28.20,5.13,true,1,
7290115676341,false,"דבש טהור בסשאטים 18 י""ח * 9 גרם",,,דבש טהור בסשאטים 18,גרמים,162.00,100 גרם,false,1,25.90,15.99,true,1,
7290115677089,false,קונפיטורת יד מרדכי תפוח וקינמון 340 גרם,,,קונפיטורת יד מרדכי ת,גרמים,340.00,100 גרם,false,1,15.90,4.68,true,1,
7290115677409,false,אורז קארי צהוב דלישס 350 גרם,,IT,אורז קארי צהוב דלישס,גרמים,350.00,100 גרם,false,1,28.90,8.26,true,1,
7290115677423,false,אורז ירוק קארי חריף חריף דלישס 350 גרם,,IT,אורז ירוק קארי חריף,גרמים,350.00,100 גרם,false,1,28.90,8.26,true,1,
7290115678376,false,מעדן הגולן שוקולד 125 גרם,,,מעדן הגולן שוקולד,גרמים,125.00,100 גרם,false,1,3.20,2.56,true,1,
7290115678383,false,מעדן הגולן שוקולד מריר 125 גרם,,,מעדן הגולן שוקולד,גרמים,125.00,100 גרם,false,1,3.20,2.56,true,1,
7290115678635,false,נשנושי גבינה 25% עם כעכים שטוחים 67 גרם,,,נשנושי גבינה 25% עם,גרמים,67.00,100 גרם,false,1,11.90,17.76,true,1,
7290115678642,false,נשנושי גבינה 25% חטיף אפוי עם זיתים 67 ג,,,נשנושי גבינה 25% חטי,גרמים,67.00,100 גרם,false,1,11.90,17.76,true,1,
7290115678970,false,שלישיית סוכריות בזוקה 45 גר FRESH,,TR,שלישיית סוכריות בזוק,גרמים,45.00,100 גרם,false,1,9.90,22.00,true,1,
7290116244051,false,אצבעות שוקולד חלב 84 גרם LOL,,NL,אצבעות שוקולד חלב 84,יחידה,1.00,יחידה,false,1,8.90,8.90,true,1,
7290116244075,false,סמי הכבאי אצבעות שוקולד חלב 84 גרם,,NL,סמי הכבאי אצבעות שוק,יחידה,1.00,יחידה,false,1,8.90,8.90,true,1,
7290116530185,false,דלישקד קרמל מלוח 400 גרם,,,דלישקד קרמל מלוח 400,גרמים,400.00,100 גרם,false,1,24.90,6.23,true,1,
7290116530871,false,נשנושים חטיף מיקס 240 גרם,,,נשנושים חטיף מיקס 24,גרמים,240.00,100 גרם,false,1,13.90,5.79,true,1,
7290116531069,false,מרק בצל קנור 225 גרם,,IL,מרק בצל קנור 225 גרם,גרמים,225.00,100 גרם,false,1,19.90,8.84,true,1,
7290116531076,false,מרק פטריות קנור 225 גרם,,IL,מרק פטריות קנור 225,גרמים,225.00,100 גרם,false,1,19.90,8.84,true,1,
7290116531083,false,"דגני ברנפלקס דבש ושקדים ללת""ס 400 גרם",,IL,דגני ברנפלקס דבש ושק,גרמים,400.00,100 גרם,false,1,25.90,6.48,true,1,
7290116531243,false,שמפו+מרכך פינוק למניעת קשקשים 2 ב-1 700,,,שמפו+מרכך פינוק למני,מיליליטרים,700.00,"100 מ""ל",false,1,14.90,2.13,true,1,
7290116531496,false,קינמונים 375 גרם,,,קינמונים 375 גרם,גרמים,375.00,100 גרם,false,1,21.90,5.84,true,1,
7290116531571,false,מט.לחות לניקוי כללי בניחוח לימון סיף,,,מט.לחות לניקוי כללי,Unknown,0.00,Unknown,false,1,11.90,11.90,true,1,
7290116531762,false,בדין נייר למייבש ורוד,,,בדין נייר למייבש ורו,Unknown,0.00,Unknown,false,1,21.90,21.90,true,1,
7290116531779,false,בדין נייר למייבש כחול,,,בדין נייר מרכך למיי,Unknown,0.00,Unknown,false,1,21.90,21.90,true,1,
7290116531793,false,הלמנס רוטב לסלט קיסר 295 גרם,,IL,הלמנס רוטב לסלט קיסר,גרמים,295.00,100 גרם,false,1,15.40,5.22,true,1,
7290116532219,false,קורנפלקס בטעם תות 448 גרם,,,קורנפלקס בטעם תות 44,גרמים,448.00,100 גרם,false,1,20.90,4.67,true,1,
7290116532264,false,גודיז פרי אפרסק 300 גרם,,IL,גודיז פרי אפרסק 300,גרמים,300.00,100 גרם,false,1,29.90,9.97,true,1,
7290116532387,false,"סבון ידיים בתוספת חמאת שיאה 950 מ""ל",,,סבון ידיים בתוספת חמ,מיליליטרים,950.00,"100 מ""ל",false,1,12.90,1.36,true,1,
7290116532479,false,גלידת שמנת קליק בטעם שוקולד לבן עוגיות,,IL,גלידת שמנת קליק בטעם,גרמים,384.00,100 גרם,false,1,21.90,5.70,true,1,
7290116532615,false,"שמפו פינוק גוגי ברי 700 מ""ל",,IL,שמפו פינוק גוגי ברי,מיליליטרים,700.00,"100 מ""ל",false,1,12.90,1.84,true,1,
7290116532721,false,הלמנס רוטב לסלט לימון זעתר 295 גרם,,,הלמנס רוטב לסלט לימו,גרמים,295.00,100 גרם,false,1,15.40,5.22,true,1,
7290116532769,false,גרנולה פרוטאין ת.חלבון תפוח קינמון 300 ג,,,גרנולה פרוטאין ת.חלב,גרמים,300.00,100 גרם,false,1,20.90,6.97,true,1,
7290116532882,false,נשנושים איירביס בצל 155 גרם,,,נשנושים איירביס בצל,גרמים,155.00,100 גרם,false,1,13.90,8.97,true,1,
7290116532899,false,נשנושים איירביס פלאפל 155 גרם,,,נשנושים איירביס פלאפ,גרמים,155.00,100 גרם,false,1,13.90,8.97,true,1,
7290116532905,false,נשנושים איירביס ברביקיו 155 גרם,,,נשנושים איירביס ברבי,גרמים,155.00,100 גרם,false,1,13.90,8.97,true,1,
7290116533063,false,דגני בוקר שוגי קרטיב ענבים 400 גרם,,IL,דגני בוקר שוגי קרטיב,גרמים,400.00,100 גרם,false,1,22.90,5.73,true,1,
7290116930282,false,ארוחה בקטנה עם קרקרים 150 גרם,,,ארוחה בקטנה לאבנה עם,גרמים,150.00,100 גרם,false,1,8.50,5.67,true,1,
7290116930435,false,"יוגורט גו סמיך דובדבן 0% 200 מ""ל",,IL,יוגורט גו סמיך דובדב,מיליליטרים,200.00,"100 מ""ל",false,1,6.20,3.10,true,1,
7290116930459,false,"יופלה שייק מנגו בננה אננס וקוקוס 230 מ""ל",,,יופלה שייק מנגו בננה,מיליליטרים,230.00,"100 מ""ל",false,1,8.90,3.87,true,1,
7290116930466,false,"יופלה שייק מנגו בננה פסיפלורה והל 230 מ""",,,יופלה שייק מנגו בננה,מיליליטרים,230.00,"100 מ""ל",false,1,8.90,3.87,true,1,
7290116930480,false,"יופלה שייק בננה קיווי תפוח 230 מ""ל",,,יופלה שייק בננה קיוו,מיליליטרים,230.00,"100 מ""ל",false,1,8.90,3.87,true,1,
7290116930626,false,ארוחה בקטנה ציזיקי עם קרקרים 150 גרם,,,ארוחה בקטנה ציזיקי ע,גרמים,150.00,100 גרם,false,1,8.50,5.67,true,1,
7290116930701,false,מעדן חלב go בטעם קרמל מלוח 120 גרם,,,מעדן חלב go בטעם קרמ,גרמים,120.00,100 גרם,false,1,5.40,4.50,true,1,
7290116930725,false,סויה BIO קוקוס גביע Alternative 150 גרם,,,סויה BIO קוקוס גביע,גרמים,150.00,100 גרם,false,1,5.10,3.40,true,1,
7290116931081,false,מעדן סויה בטעם טופי קרמל 125 גרם,,,מעדן סויה בטעם טופי,גרמים,125.00,100 גרם,false,1,4.70,3.76,true,1,
7290117260227,false,קפה טורקי אמיתי מטורקיה 100 גרם,,,קפה טורקי אמיתי מטור,גרמים,100.00,100 גרם,false,1,5.90,5.90,true,1,
7290117260449,false,גבינה בולגרית מעודנת למריחה בטעם טבעי 5%,,,גבינה בולגרית מעודנת,גרמים,200.00,100 גרם,false,1,11.90,5.95,true,1,
7290117260456,false,גבינה בולגרית מעודנת למריחה עם זיתים 5%,,,גבינה בולגרית מעודנת,גרמים,200.00,100 גרם,false,1,11.90,5.95,true,1,
7290117260470,false,גבינה בולגרית מעודנת למריחה עם שום 5%,,,גבינה בולגרית מעודנת,גרמים,200.00,100 גרם,false,1,11.90,5.95,true,1,
7290117260579,false,חטיף קראנצי על בסיס קמח עדשים שמנת ובצל,,,חטיף קראנצי על בסיס,גרמים,80.00,100 גרם,false,1,10.50,13.13,true,1,
7290117260586,false,חטיף קראנצי על בסיס קמח עדשים פלפל וליים,,,חטיף קראנצי על בסיס,גרמים,80.00,100 גרם,false,1,10.50,13.13,true,1,
7290117260593,false,חטיף קראנצי על בסיס קמח עדשים צדר 80 גר,,,חטיף קראנצי על בסיס,גרמים,80.00,100 גרם,false,1,10.50,13.13,true,1,
7290117260821,false,גבינת כבשים צאנק עם פטריות כמהין 150 גרם,,ES,גבינת כבשים צאנק עם,גרמים,150.00,100 גרם,false,0,33.50,22.33,true,1,
7290117261026,false,זיתים ירוק מגולענים במי מלח וילי פוד300,,TR,זיתים ירוק מגולענים,גרמים,300.00,100 גרם,false,1,9.90,3.30,true,1,
7290117261347,false,תן בו בציפוי בטעם שוקולד לבן ופתיתי קוקו,,DK,תן בו בציפוי בטעם שו,גרמים,300.00,100 גרם,false,1,20.90,6.97,true,1,
7290117261354,false,גבינת ריקוטה 200 גרם 5%שומן מחלבת אירופה,,GR,גבינת ריקוטה 200 גרם,גרמים,200.00,100 גרם,false,1,11.90,5.95,true,1,
7290117261385,false,גבינת פטה לייט 500 גרם 8% שומן מחלבת איר,,IL,גבינת פטה לייט 500 ג,גרמים,500.00,100 גרם,false,0,26.90,5.38,true,1,
7290117261422,false,יוגורט פרוביוטי עם תות 2.7% שומן 125 גרם,,,יוגורט פרוביוטי עם ת,גרמים,125.00,100 גרם,false,1,3.90,3.12,true,1,
7290117261446,false,יוגורט פרוביוטי עם אפרסק ומשמש 2.7% שומן,,,יוגורט פרוביוטי עם א,גרמים,125.00,100 גרם,false,1,3.90,3.12,true,1,
7290117261569,false,סלמון אטלנטי מעושן קנולה וילי פוד 120 גר,,LV,סלמון אטלנטי מעושן ק,גרמים,120.00,100 גרם,false,1,14.90,12.42,true,1,
7290117261583,false,סרדינים בריסלינג מעושנים בשמן קנולה 185,,LV,סרדינים בריסלינג מעו,גרמים,185.00,100 גרם,false,1,14.90,8.05,true,1,
7290117261590,false,סרדינים בריסלינג מעושנים בשמן זית 185 ג,,LV,סרדינים בריסלינג מעו,גרמים,185.00,100 גרם,false,1,14.90,8.05,true,1,
7290117261606,false,פרוסות צהובה בטעם טבעי טבעוני 140 גרם,,GR,פרוסות צהובה בטעם טב,גרמים,140.00,100 גרם,false,1,14.90,10.64,true,1,
7290117261644,false,פרוסות צהובה בטעם צדר טבעוני 140 גרם,,GR,פרוסות צהובה בטעם צד,גרמים,140.00,100 גרם,false,1,14.90,10.64,true,1,
7290117380154,false,"רוטב אסייתי סויה מאסטר שף 264 מ""ל",,,רוטב אסייתי סויה מאס,מיליליטרים,264.00,"100 מ""ל",false,1,10.90,4.13,true,1,
7290117380178,false,טוויסט פוף שוקולד חלב 50 גרם,,IL,טוויסט פוף שוקולד חל,גרמים,50.00,100 גרם,false,1,4.90,9.80,true,1,
7290117380185,false,טוויסט פוף שוקולד חלב ולבן 50 גרם,,IL,טוויסט פוף שוקולד חל,גרמים,50.00,100 גרם,false,1,4.90,9.80,true,1,
7290117380192,false,חטיף פוף קראנץ בטעם גריל 60 גרם,,,חטיף פוף קראנץ בטעם,גרמים,60.00,100 גרם,false,1,4.60,7.67,true,1,
7290117380208,false,חטיף פוף קראנץ בטעם חמוץ חריף 60 גרם,,,חטיף פוף קראנץ בטעם,גרמים,60.00,100 גרם,false,1,4.60,7.67,true,1,
7290117380857,false,סלים דליס פייבר עוגיות בטעם לימון 120,,,סלים דליס פייבר עוגי,גרמים,120.00,100 גרם,false,1,12.90,10.75,true,1,
7290117380871,false,סלים דליס פייבר עוגיות בטעם אוכמניות 120,,,סלים דליס פייבר עוגי,גרמים,120.00,100 גרם,false,1,12.90,10.75,true,1,
7290117381236,false,פוף פריכיות מ.שוקולד מריר 70 גרם,,RS,פוף פריכיות מ.שוקולד,גרמים,70.00,100 גרם,false,1,7.90,11.29,true,1,
7290117381250,false,פוף פריכיות מ.שוקולד מריר תפוז 70 גרם,,RS,פוף פריכיות מ.שוקולד,גרמים,70.00,100 גרם,false,1,7.90,11.29,true,1,
7290117382318,false,חטיף חלבון מ.שוקולד מריר סלים דליס 60 גר,,IT,חטיף חלבון מ.שוקולד,גרמים,60.00,100 גרם,false,1,13.90,23.17,true,1,
7290117382325,false,חטיף חלבון מ.שוקולד חלב סלים דליס 60 גרם,,IT,חטיף חלבון מ.שוקולד,גרמים,60.00,100 גרם,false,1,13.90,23.17,true,1,
7290117382332,false,חטיף חלבון מ.שוקו עוגיות סלים דליס 60 גר,,IT,חטיף חלבון מ.שוקו עו,גרמים,60.00,100 גרם,false,1,13.90,23.17,true,1,
7290117383742,false,פלמוליב גבר מרענן 750 מל מארז זוג,,TR,פלמוליב גבר מרענן 75,Unknown,0.00,Unknown,false,1,30.00,30.00,true,1,
7290117900949,false,בוטנים מצופים אמריקאים 250 גרם,,IL,בוטנים מצופים אמריקא,גרמים,250.00,100 גרם,false,1,10.90,4.36,true,1,
7290117900956,false,תערובת פיצוחים קלויים 180 גרם,,IL,תערובת פיצוחים קלויי,גרמים,180.00,100 גרם,false,1,15.90,8.83,true,1,
7290117900963,false,בוטנים קלויים 270 גרם,,IL,בוטנים קלויים 270 גר,גרמים,270.00,100 גרם,false,1,10.90,4.04,true,1,
7290117900970,false,שקדים קלויים 180 גרם,,IL,שקדים קלויים 180 גרם,גרמים,180.00,100 גרם,false,1,16.90,9.39,true,1,
7290117900987,false,אגוזי פקאן קלוף 140 גרם,,IL,אגוזי פקאן קלוף 140,גרמים,140.00,100 גרם,false,1,16.90,12.07,true,1,
7290117900994,false,פקאן סיני מסוכר 140 גרם,,IL,פקאן סיני מסוכר 140,גרמים,140.00,100 גרם,false,1,15.90,11.36,true,1,
7290117901007,false,פיסטוקים קלויים 130 גרם,,IL,פיסטוקים קלויים 130,גרמים,130.00,100 גרם,false,1,15.90,12.23,true,1,
7290117901014,false,קשיו קלוי 160 גרם,,IL,קשיו קלוי 160 גרם,גרמים,160.00,100 גרם,false,1,15.90,9.94,true,1,
7290117901021,false,קבוקים בוטנים מצופים שומשום 220 גרם,,IL,קבוקים בוטנים מצופים,גרמים,220.00,100 גרם,false,1,10.90,4.95,true,1,
7290117901038,false,אגוזי מלך קלופים 190 גרם,,IL,אגוזי מלך קלופים 190,גרמים,190.00,100 גרם,false,1,15.90,8.37,true,1,
7290117901052,false,שקדים קלופים 180 גרם,,IL,שקדים קלופים 180 גרם,גרמים,180.00,100 גרם,false,1,15.90,8.83,true,1,
7290117901168,false,מיקס אגוזים וחמוציות 250 גרם ששון הקולה,,,מיקס אגוזים וחמוציות,גרמים,250.00,100 גרם,false,1,20.00,8.00,true,1,
7290117901175,false,שקדים קלופים 250 גרם ששון הקולה,,,שקדים קלופים 250 גרם,גרמים,250.00,100 גרם,false,1,20.00,8.00,true,1,
7290118420477,false,אסם בייגלה שטוחים בטעם ביסלי בצל 300 גר,,,אסם בייגלה שטוחים בט,גרמים,300.00,100 גרם,false,1,11.90,3.97,true,1,
7291008084816,false,"תמר מגהול 1 ק""ג",,,"תמר מגהול 1 ק""ג",קילוגרמים,0.00,"ק""ג",false,1,29.90,29.90,true,1,
7291008092286,false,תמר דקל נור,,,תמר דקל נור,Unknown,0.00,Unknown,false,1,11.90,11.90,true,1,
7296058000526,false,פריכיות כוסמת 130 גרם,,IL,פריכיות כוסמת 130 גר,גרמים,130.00,100 גרם,false,1,9.00,6.92,true,1,
7296168705113,false,קיסם/ מברשת לשיניים 300 יח,,CN,קיסם/ מברשת לשיניים,יחידה,1.00,יחידה,false,1,16.90,16.90,true,1,
7297488097995,false,גרנולה דבש דגש 250 גרם,,,גרנולה דבש דגש 250 ג,גרמים,250.00,100 גרם,false,1,17.90,7.16,true,1,
7297488098152,false,קמח חומוס 500 גרם,,,קמח חומוס 500 גרם,גרמים,500.00,100 גרם,false,1,17.90,3.58,true,1,
7297488098183,false,קמח אורז דגש 500 גרם,,,קמח אורז דגש 500 גרם,גרמים,500.00,100 גרם,false,1,11.90,2.38,true,1,
7297488098299,false,קמח טפיוקה 500 גרם,,,קמח טפיוקה 500 גרם,גרמים,500.00,100 גרם,false,1,10.90,2.18,true,1,
7297488098305,false,קמח שקדים דגש 250 גרם,,,קמח שקדים דגש 250 גר,גרמים,250.00,100 גרם,false,1,27.90,11.16,true,1,
7297488098688,false,"פצפוצי אורז מלא ללת""ס דגש 450 גרם",,,"פצפוצי אורז מלא ללת""",גרמים,450.00,100 גרם,false,1,26.50,5.89,true,1,
7297488099906,false,פרוסות בסגנון קלאסי 18% טבעונית 200 גרם,,,פרוסות בסגנון קלאסי,גרמים,200.00,100 גרם,false,1,23.90,11.95,true,1,
7297488199606,false,פצפוצי אורז קל 450 גרם דגש,,,פצפוצי אורז קל 450 ג,גרמים,450.00,100 גרם,false,1,26.50,5.89,true,1,
7312040017034,false,וודקה אבסולוט 1 ליטר,,,וודקה אבסולוט 1 ליטר,מיליליטרים,1000.00,"100 מ""ל",false,1,94.90,9.49,true,1,
7312040017683,false,"וודקה אבסולוט 700 מ""ל",,,"וודקה אבסולוט 700 מ""",מיליליטרים,700.00,"100 מ""ל",false,1,64.90,9.27,true,1,
7321011040629,false,דוני 20 מפיות תלת שכבתי חלקות,,,דוני מפיות תלת שכבתי,Unknown,0.00,Unknown,false,1,7.90,7.90,true,1,
7321011404070,false,דוני 20 מפיות תלת שכבתי מעוטרות,,,מפיות דוני תלת שכבתי,Unknown,0.00,Unknown,false,1,11.50,11.50,true,1,
7321031857054,false,"מפת שולחן דוני דוניסל 180*118 ס""מ",,האיחוד האירופי,מפת שולחן דוני דוניס,Unknown,0.00,Unknown,false,1,19.90,19.90,true,1,
7390010296733,false,גזר קוריאני 500 גר,,,גזר קוריאני 500 גר,גרמים,500.00,100 גרם,false,1,12.90,2.58,true,1,
7393714507020,false,קופרברג סיידר תות ליים 4.5% בקבוק 330 מ,,SE,קופרברג סיידר תות לי,מיליליטרים,330.00,"100 מ""ל",false,1,9.50,2.88,true,1,
7393714509604,false,קופרברג סיידר תפוח 4.5% בקבוק 330 מ,,SE,קופרברג סיידר תפוח 4,מיליליטרים,330.00,"100 מ""ל",false,1,9.50,2.88,true,1,
7394376123337,false,משקה ש.שועל אורגני 1 ליטר,,,משקה ש.שועל אורגני 1,מיליליטרים,1000.00,"100 מ""ל",false,1,14.90,1.49,true,1,
7394376615825,false,משקה ש.שועל מועשר בסידן וויטמינים 1 ליטר,,,משקה ש.שועל מועשר בס,מיליליטרים,1000.00,"100 מ""ל",false,1,14.90,1.49,true,1,
7394376615832,false,משקה ש.שועל בטעם שוקולד 1 ליטר,,,משקה ש.שועל בטעם שוק,מיליליטרים,1000.00,"100 מ""ל",false,1,16.90,1.69,true,1,
7394376616778,false,משקה ש.שועל להקצפה בריסטה 1 ליטר,,,משקה ש.שועל להקצפה ב,מיליליטרים,1000.00,"100 מ""ל",false,1,16.90,1.69,true,1,
7394376620294,false,משקה ש.שועל בטעם וניל 1 ליטר,,,משקה ש.שועל בטעם וני,מיליליטרים,1000.00,"100 מ""ל",false,1,16.90,1.69,true,1,
7441000720605,false,לבבות דקל(צנצנת)410 גרם,,EC,לבבות דקל(צנצנת)410,גרמים,410.00,100 גרם,false,1,17.90,4.37,true,1,
7501013101348,false,"גומקס נקטר מנגו 473 מ""ל",,,גומקס נקטר מנגו 473,מיליליטרים,473.00,"100 מ""ל",false,1,9.90,2.09,true,1,
7501013101355,false,"גומקס נקטר אפרסק 473 מ""ל",,,גומקס נקטר אפרסק 473,מיליליטרים,473.00,"100 מ""ל",false,1,9.90,2.09,true,1,
7501013101393,false,"גומקס משקה אננס 473 מ""ל",,,גומקס משקה אננס 473,מיליליטרים,473.00,"100 מ""ל",false,1,9.90,2.09,true,1,
7501013122039,false,גומקס נקטר מנגו קרטונית 1 ליטר,,,גומקס נקטר מנגו,מיליליטרים,1000.00,"100 מ""ל",false,1,11.70,1.17,true,1,
7501013122053,false,גומקס נקטר אפרסק קרטונית 1 ליטר,,,גומקס נקטר אפרסק קרט,מיליליטרים,1000.00,"100 מ""ל",false,1,11.70,1.17,true,1,
7501013122114,false,גומקס משקה אננס קרטונית 1 ליטר,,,גומקס משקה אננס קרטו,מיליליטרים,1000.00,"100 מ""ל",false,1,11.70,1.17,true,1,
7501013122190,false,גומקס משקה תפוחים קרטונית 1 ליטר,,,גומקס משקה תפוחים קר,מיליליטרים,1000.00,"100 מ""ל",false,1,11.70,1.17,true,1,
7501013122992,false,גומקס משקה קוקוס אננס קרטונית 1 ליטר,,,גומקס משקה קוקוס אננ,מיליליטרים,1000.00,"100 מ""ל",false,1,11.70,1.17,true,1,
7501013138047,false,נקטר רימונים 1 ליטר JAMEX,,,יוניקו פרסקו משקה רי,מיליליטרים,1000.00,"100 מ""ל",false,1,13.20,1.32,true,1,
7501049936945,false,"בירה סול שישייה בקבוק 330 מ""ל",,NL,בירה סול שישייה בקב,מיליליטרים,1980.00,"100 מ""ל",false,1,39.90,2.02,true,1,
7501064191466,false,"שישיית בירה קורונה 355 מ""ל בקבוק",,,שישיית בירה קורונה 3,מיליליטרים,2130.00,"100 מ""ל",false,1,34.90,1.64,true,1,
7503012779306,false,סירופ אגבה כחולה 100% 330 גרם נטורפוד,,,סירופ אגבה כחולה 100,גרמים,330.00,100 גרם,false,1,23.20,7.03,true,1,
7503012779405,false,"סירופ אגבה כחולה 660 מ""ל",,,סירופ אגבה כחולה 660,מיליליטרים,660.00,"100 מ""ל",false,1,36.90,5.59,true,1,
7509546061160,false,"קולגייט מ. שיניים מיניונים 2-5 75 מ""ל",,,קולגייט מ. שיניים מי,Unknown,0.00,Unknown,false,1,16.90,16.90,true,1,
7509546063515,false,ליידי ספיד סטיק פרו 5 ספריי 150 מל,,,ליידי ספיד סטיק פרו,מיליליטרים,150.00,"100 מ""ל",false,1,15.90,10.60,true,1,
7509546666846,false,"משחת שיניים קולגייט טוטאל פחם 75 מ""ל",,MX,קולגייט טוטאל משחת,מיליליטרים,75.00,"100 מ""ל",false,1,23.00,30.67,true,1,
7509546678702,false,קולגייט טוטל אנטי טרטר מתקדמת 100 מל,,MX,קולגייט טוטל אנטי טר,מיליליטרים,100.00,"100 מ""ל",false,1,19.90,19.90,true,1,
7590010296751,false,כרוב כבוש 500 גר,,,כרוב כבוש 500 גר,גרמים,500.00,100 גרם,false,1,11.90,2.38,true,1,
7590010296768,false,"כרוב כבוש 1 ק""ג",,,"כרוב כבוש 1 ק""ג",גרמים,1000.00,100 גרם,false,1,25.10,2.51,true,1,
7610008059080,false,טבלת שוקולד רגוסה מריר עם שקדים 100 גר,,CH,טבלת שוקולד רגוסה מר,גרמים,100.00,100 גרם,false,1,18.90,18.90,true,1,
7610008059110,false,טבלת שוקולד טורינו מריר 100 גר,,,טבלת שוקולד טורינו מ,גרמים,100.00,100 גרם,false,1,18.40,18.40,true,1,
7610008708506,false,בונבוניירה רגוסה מריר 400 גר,,CH,בונבוניירה רגוסה מרי,גרמים,400.00,100 גרם,false,1,66.50,16.63,true,1,
7610023050215,false,מיזלי קראנצ איקס 500 גרם בשקית,,,מיזלי קראנצ איקס 500,גרמים,500.00,100 גרם,false,1,29.30,5.86,true,1,
7610100034084,false,מיונז טומי 265 גר,,,מיונז טומי 265 גר,גרמים,265.00,100 גרם,false,1,13.90,5.25,true,1,
7610113000175,false,"רום בקרדי מוחיטו 700 מ""ל",,,רום בקרדי מוחיטו 700,מיליליטרים,700.00,"100 מ""ל",false,1,79.90,11.41,true,1,
7610113011652,false,"בקרדי בריזר תפוח 275 מ""ל",,,בקרדי בריזר תפוח 275,מיליליטרים,275.00,"100 מ""ל",false,1,16.80,6.11,true,1,
7610113013250,false,"משקה כוהלי על בסיס רום בקרדי 250 מ""ל",,BE,משקה כוהלי על בסיס ר,מיליליטרים,250.00,"100 מ""ל",false,1,15.90,6.36,true,1,
7610211130903,false,הרמזית 800+200 טבליות,,CH,הרמזית 800+200 טבליו,יחידה,1.00,יחידה,false,1,29.90,29.90,true,1,
7610400010481,false,לינדט אקסלנס מילק 100 גר,,,לינדט אקסלנס מילק,גרמים,100.00,100 גרם,false,1,16.90,16.90,true,1,
7610400014632,false,לינדט שוקולד לבן 100 גרם,,,לינדט שוקולד לבן 100,גרמים,100.00,100 גרם,false,1,16.90,16.90,true,1,
7610400014649,false,לינדט שוקולד חלב 100 גרם,,,לינדט שוקולד חלב 100,גרמים,100.00,100 גרם,false,1,16.90,16.90,true,1,
7610400068369,false,לינדט שוקולד אגוזים 100 גרם,,,לינדט שוקולד אגוזים,גרמים,100.00,100 גרם,false,1,16.90,16.90,true,1,
7610400068505,false,בונבוניירה לינדור מילק 200 גרם,,,בונבוניירה לינדור מי,גרמים,200.00,100 גרם,false,1,34.90,17.45,true,1,
7610400070577,false,לינדט אקסלנס צילי 100 גרם,,,לינדט אקסלנס צילי 1,גרמים,100.00,100 גרם,false,1,16.90,16.90,true,1,
7610400074155,false,לינדט שוקולד 60% 100 גרם,,,לינדט שוקולד 60% 100,גרמים,100.00,100 גרם,false,1,16.90,16.90,true,1,
7610400075770,false,לינדט לה גרנד מריר אגוז 150 גר,,,לינדט לה גרנד מריר א,גרמים,150.00,100 גרם,false,1,24.90,16.60,true,1,
7610400075787,false,לינדט לה גרנד חלב אגוזים 150 גר,,,לינדט לה גרנד חלב אג,גרמים,150.00,100 גרם,false,1,24.90,16.60,true,1,
7610400075794,false,לינדט לה גרנד לבן שקד 150 גר,,,לינדט לה גרנד לבן שק,גרמים,150.00,100 גרם,false,1,24.90,16.60,true,1,
7610400085946,false,לינדט לגרנד דארק אלמונד סולט 150 גרם,,,לינדט לגרנד דארק אלמ,גרמים,150.00,100 גרם,false,1,24.90,16.60,true,1,
7610400086202,false,לינדט לה גרנד בלו אנד קרנ 150 גר,,,לינדט לה גרנד בלו אנ,גרמים,150.00,100 גרם,false,1,24.90,16.60,true,1,
7610400091060,false,לינדט שוקולד אקסלנס אורנגי 100 גרם,,,לינדט שוקולד אקסלנס,גרמים,100.00,100 גרם,false,1,16.90,16.90,true,1,
7610563108377,false,אמנטל שוויצרי פרוס 150 גר,,,אמנטל שוויצרי פרוס,גרמים,150.00,100 גרם,false,1,40.90,27.27,true,1,
7610563208374,false,גרוייר שוויצרי פרוס 150 גר,,,גרוייר שוויצרי פרוס,גרמים,150.00,100 גרם,false,1,42.90,28.60,true,1,
7610928010048,false,הגרטי לניכוי כסף,,,הגרטי לניכוי כסף,Unknown,0.00,Unknown,false,1,39.90,39.90,true,1,
7612100005569,false,אובלטין 300 גרם,,,אובלטין 300 גרם,גרמים,300.00,100 גרם,false,1,31.90,10.63,true,1,
7613030979647,false,דגנים טריקס פירות עולם היורה 480 גרם,,,דגנים טריקס פירות עו,גרמים,480.00,100 גרם,false,1,28.90,6.02,true,1,
7613032045753,false,פיטנס שוקולד 375 ג,,,פיטנס שוקולד 375 ג,גרמים,375.00,100 גרם,false,1,22.90,6.11,true,1,
7613033548192,false,דגני בוקר פיטנס שוקולד מריר 375 גרם,,,דגני בוקר פיטנס שוקו,גרמים,375.00,100 גרם,false,1,22.90,6.11,true,1,
7613034146502,false,פורינה ONE מיני אקטי,,,פורינה ONE מיני אקטי,Unknown,0.00,Unknown,false,1,59.90,59.90,true,1,
7613034146656,false,פורינה ONE מיני אקטי,,,פורינה ONE מיני אקטי,Unknown,0.00,Unknown,false,1,59.90,59.90,true,1,
7613035514560,false,פורינה ONE חתול סטרי,,,פורינה ONE חתול סטרי,Unknown,0.00,Unknown,false,1,119.00,119.00,true,1,
7613035548374,false,גולדן מיניס מלחמת הכוכבים 570 גרם,,,גולדן מיניס מלחמת הכ,גרמים,570.00,100 גרם,false,1,28.90,5.07,true,1,
7613035618794,false,פורינה ONE חתול בוגר,,,פורינה ONE חתול בוגר,Unknown,0.00,Unknown,false,1,119.00,119.00,true,1,
7613035622623,false,פיטנס גרנולה שקדים ודבש 300 גרם,,,פיטנס גרנולה שקדים ו,גרמים,300.00,100 גרם,false,1,17.90,5.97,true,1,
7613035635845,false,פיטנס גרנולה שוקולד 300 גרם,,,פיטנס גרנולה שוקולד,גרמים,300.00,100 גרם,false,1,17.90,5.97,true,1,
7613035758834,false,פיטנס גרנולה חמוציות 300 גרם,,,פיטנס גרנולה חמוציות,גרמים,300.00,100 גרם,false,1,17.90,5.97,true,1,
7613035807778,false,פרפקטו רוטב עגבניות לבולונז 400 גרם,,,פרפקטו רוטב עגבניות,גרמים,400.00,100 גרם,false,1,11.90,2.98,true,1,
7613035809109,false,פרפקטו רוטב עגבניות ובזיליקום 400 גרם,,,פרפקטו רוטב עגבניות,גרמים,400.00,100 גרם,false,1,11.90,2.98,true,1,
7613035809123,false,פרפקטו רוטב עגבניות עם פלפלים 400 גר,,,פרפקטו רוטב עגבניות,גרמים,400.00,100 גרם,false,1,11.90,2.98,true,1,
7613035809857,false,פרפקטו רוטב עגבניות לפסטה ולבישול 400 ג,,,פרפקטו רוטב עגבניות,גרמים,400.00,100 גרם,false,1,11.90,2.98,true,1,
7613036120395,false,פורינה ONE כלב מידמק,,,פורינה ONE כלב מידמק,Unknown,0.00,Unknown,false,1,89.90,89.90,true,1,
7613036288026,false,דוגלי גור 3 קג,,,דוגלי גור 3 קג,קילוגרמים,0.00,"ק""ג",false,1,49.90,49.90,true,1,
7613036314114,false,נס קפה גולד 200 גרם,,,נס קפה גולד 200 גרם,גרמים,200.00,100 גרם,false,1,52.50,26.25,true,1,
7613036520492,false,פרפקטו רוטב עגבניות לפיצה 400 גרם,,,פרפקטו רוטב עגבניות,גרמים,400.00,100 גרם,false,1,11.90,2.98,true,1,
7613036723671,false,נסטלה דולצה שוקולד מריר 100 גרם,,,נסטלה דולצה שוקולד מ,גרמים,100.00,100 גרם,false,1,8.50,8.50,true,1,
7613036976657,false,פאוץ פריסקיז הודו 85,,,פאוץ פריסקיז הודו 85,Unknown,1.00,Unknown,false,1,5.90,5.90,true,1,
7613036976671,false,פאוץ פריסקיז עוף 85,,,פאוץ פריסקיז עוף 85,Unknown,0.00,Unknown,false,1,5.90,5.90,true,1,
7613036976695,false,פאוץ פריסקיז בקר 85,,,פאוץ פריסקיז בקר 85,Unknown,0.00,Unknown,false,1,5.90,5.90,true,1,
7613036976718,false,פאוץ פריסקיז ברווז 8,,,פאוץ פריסקיז ברווז 8,Unknown,0.00,Unknown,false,1,5.90,5.90,true,1,
7613036976732,false,פאוץ פריסקיז סלמון 8,,,פאוץ פריסקיז סלמון 8,Unknown,1.00,Unknown,false,1,5.90,5.90,true,1,
7613037686906,false,דגני בוקר פיטנס שקדים ודבש 355 גרם,,,דגני בוקר פיטנס שקדי,גרמים,375.00,100 גרם,false,1,22.90,6.11,true,1,
7613038268262,false,האני נאט ציריוס מופחת סוכר 410 גרם,,FR,האני נאט ציריוס מופח,גרמים,410.00,100 גרם,false,1,21.90,5.34,true,1,
7613038451954,false,קראנץ שוקולד מופחת סוכר 410 גרם,,FR,קראנץ שוקולד מופחת ס,גרמים,410.00,100 גרם,false,1,27.20,6.63,true,1,
7613287121783,false,סמארטיס מיני 187 גרם,,DE,סמארטיס מיני 187 גר,גרמים,187.00,100 גרם,false,1,15.40,8.24,true,1,
7613287186928,false,סטארבקס קפסולות ברקפסט רוסט 56 ג,,CH,סטארבקס קפסולות ברקפ,גרמים,56.00,100 גרם,false,1,22.90,40.89,true,1,
7613287394323,false,מולטי ציריוס 600 גרם 2021,,GB,מולטי ציריוס 600 גרם,גרמים,600.00,100 גרם,false,1,25.90,4.32,true,1,
7613287457486,false,אפטר אייט מוחיטו ומנטה 200 גר,,,אפטר אייט מוחיטו ומנ,גרמים,200.00,100 גרם,false,1,16.90,8.45,true,1,
7613287476678,false,סינימיניס צורוס 360 גרם,,PT,סינימיניס צורוס 360,גרמים,360.00,100 גרם,false,1,29.90,8.31,true,1,
7613287525789,false,"שישיית פרייה מים מוגזים 500 מ""ל",,,שישיית פרייה מים מוג,מיליליטרים,3000.00,"100 מ""ל",false,1,28.90,0.96,true,1,
7613287821348,false,טבעול נתחוני עוף סנסשיונל 350*6 גרם,,IL,טבעול נתחוני עוף סנס,גרמים,350.00,100 גרם,false,1,36.90,10.54,true,1,
7613287855640,false,סטארבקס קפסולות גוואטמלה 52 גרם,,,סטארבקס קפסולות גווא,גרמים,57.00,100 גרם,false,1,22.90,40.18,true,1,
7614500010013,false,טובלרון חלב 100 גר,,,טובלרון חלב 100 גר,גרמים,100.00,100 גרם,false,1,11.00,11.00,true,1,
7614500010310,false,טובלרון לבן 100 גר,,,טובלרון לבן 100 גר,גרמים,100.00,100 גרם,false,1,11.00,11.00,true,1,
7614500035788,false,טובלרון חלב 200 גר,,,טובלרון חלב 200 גר,גרמים,200.00,100 גרם,false,1,13.50,6.75,true,1,
7622010001858,false,אוראו ממולאות קרם וניל באטמן 176 גרם,,,אוראו ממולאות קרם ונ,גרמים,176.00,100 גרם,false,1,9.90,5.63,true,1,
7622200009084,false,מילקה שוקולד חלב ובסקוויט 300 גרם,,,מילקה שוקולד חלב ובס,גרמים,300.00,100 גרם,false,1,20.80,6.93,true,1,
7622201050757,false,שוקולד חלב עם קרמל מילקה 100 גרם,,,שוקולד חלב עם קרמל מ,גרמים,100.00,100 גרם,false,1,7.90,7.90,true,1,
7622201401900,false,עוגיות מילקה סנסיישן אוראו 156 גרם,,PL,עוגיות מילקה סנסיישן,גרמים,156.00,100 גרם,false,1,12.90,8.27,true,1,
7622201492878,false,מילקה שוקו לופס 132 גרם,,CZ,מילקה שוקו לופס 132,גרמים,132.00,100 גרם,false,1,15.90,12.05,true,1,
7622201801809,false,שוקולד אגוז מילקה 100 גרם,,,שוקולד אגוז מילקה 10,גרמים,100.00,100 גרם,false,1,7.90,7.90,true,1,
7622201802363,false,שוקולד מילקה צימוק 100 גרם,,,שוקולד מילקה צימוק,גרמים,100.00,100 גרם,false,1,7.90,7.90,true,1,
7622201802394,false,שוקולד מילקה חלב 100 גרם,,,שוקולד מילקה חלב 100,גרמים,100.00,100 גרם,false,1,7.90,7.90,true,1,
7622201813390,false,עוגיות מילקה וואפל במילוי קרם קקאו 150 ג,,,עוגיות מילקה וואפל ב,גרמים,150.00,100 גרם,false,1,12.90,8.60,true,1,
7622201823580,false,מוצרט פרלינים שוקולד מרציפן שקית 136 ג,,AT,מוצרט פרלינים שוקולד,גרמים,136.00,100 גרם,false,1,29.90,21.99,true,1,
7622210078131,false,שוקולד חלב עם דאיים מילקה 100 גרם,,,שוקולד חלב עם דאיים,גרמים,100.00,100 גרם,false,1,7.90,7.90,true,1,
7622210098917,false,שוקולד קדבורי מריר 100 גרם,,,שוקולד קדבורי מריר 1,גרמים,100.00,100 גרם,false,1,16.50,16.50,true,1,
7622210117762,false,בונבוניירה קוטדור בושה 200 גרם,,,בונבוניירה קוטדור בו,גרמים,200.00,100 גרם,false,1,19.80,9.90,true,1,
7622210137234,false,עוגיות אוראו עם דאבל קרים וניל 170 גר,,,עוגיות אוראו עם דאבל,גרמים,170.00,100 גרם,false,1,12.50,7.35,true,1,
7622210163899,false,שוקולד חלב עם עדשים מילקה 100 גר,,DE,שוקולד חלב עם עדשים,גרמים,100.00,100 גרם,false,1,7.90,7.90,true,1,
7622210240200,false,מילקה שוקולד חלב ועוגיות אוריאו 300 גרם,,,מילקה שוקולד חלב ועו,גרמים,300.00,100 גרם,false,1,20.80,6.93,true,1,
7622210248671,false,מילקה ש.חלב עדשים וסוכריות 250 גרם,,,מילקה ש.חלב עדשים וס,גרמים,250.00,100 גרם,false,1,20.80,8.32,true,1,
7622210392589,false,טובלרון טייני חלב 200 גרם,,,טובלרון טייני חלב 20,גרמים,200.00,100 גרם,false,1,19.80,9.90,true,1,
7622210421968,false,לו ביסקוויט פטיט אקולייה 150 גר,,,לו ביסקוויט פטיט אקו,גרמים,150.00,100 גרם,false,1,21.90,14.60,true,1,
7622210453327,false,עוגיות מילקה סנסיישן 156 גרם,,,מילקה סנסיישן 156 גר,גרמים,100.00,100 גרם,false,1,12.90,12.90,true,1,
7622210464729,false,אוראו גולדן 154 גרם,,UA,אוראו גולדן 154 גרם,גרמים,154.00,100 גרם,false,1,8.90,5.78,true,1,
7622210497383,false,קדבורי שוקולד חלב 95 גרם,,GB,קדבורי שוקולד חלב 95,גרמים,95.00,100 גרם,false,1,11.90,12.53,true,1,
7622210585639,false,מילקה כדורי ש.חלב במילוי אוראו 86 גרם,,DE,מילקה כדורי ש.חלב במ,גרמים,86.00,100 גרם,false,1,10.90,12.67,true,1,
7622210635105,false,אוראו תות 154 גרם,,UA,אוראו תות 154 גרם,גרמים,154.00,100 גרם,false,1,8.90,5.78,true,1,
7622210637994,false,אוראו ביס קראנצי אורגינל 110 גרם,,ES,אוראו ביס קראנצי אור,גרמים,110.00,100 גרם,false,1,8.90,8.09,true,1,
7622210664150,false,עוגיות אוראו וניל 396 גר,,CZ,עוגיות אוראו וניל 39,גרמים,396.00,100 גרם,false,1,17.90,4.52,true,1,
7622210690852,false,מילקה טריוולד 280 גרם,,,מילקה טריוולד 280 גר,גרמים,280.00,100 גרם,false,1,20.80,7.43,true,1,
7622210810915,false,שוקולד קדבורי אוראו בייטס 110 גרם,,GB,שוקולד קדבורי אוראו,גרמים,110.00,100 גרם,false,1,12.90,11.73,true,1,
7622210826053,false,שוקולד מילקה אוראו סנדביץ 92 גר,,DE,שוקולד מילקה אוראו ס,גרמים,92.00,100 גרם,false,1,7.90,8.59,true,1,
7622210835338,false,אוראו בראוניז 176 גר,,,אוראו בראוניז 176 גר,גרמים,176.00,100 גרם,false,1,9.90,5.63,true,1,
7622210989192,false,קדבורי פלאק רביעייה 80 גרם,,GB,קדבורי פלאק רביעייה,גרמים,80.00,100 גרם,false,1,11.90,14.88,true,1,
7622300270506,false,עוגיות ש.שועל מצופות שוקולד 168 גר מילקה,,,עוגיות ש.שועל מצופות,גרמים,168.00,100 גרם,false,1,12.90,7.68,true,1,
7622300315283,false,"אוראו וניל 154 גרם בד""צ",,UA,אוראו וניל 154 גרם ב,גרמים,154.00,100 גרם,false,1,9.90,6.43,true,1,
7622300340285,false,גבינת פילדלפיה 22% 175 גר,,,גבינת פילדלפיה 22%,גרמים,175.00,100 גרם,false,1,17.90,10.23,true,1,
7622300340292,false,גבינת פילדלפיה 11% 175 גר,,,גבינת פילדלפיה 11%,גרמים,175.00,100 גרם,false,1,17.90,10.23,true,1,
7622300489427,false,אוראו פאג שוקולד לבן 246 גרם,,,אוראו פאג שוקולד לבן,גרמים,246.00,100 גרם,false,1,19.90,8.09,true,1,
7622300489434,false,אוראו פאדג שוקולד חלב 246 גרם,,,אוראו פאדג שוקולד חל,גרמים,246.00,100 גרם,false,1,19.90,8.09,true,1,
7622300495046,false,שוקולד מילקה אקסטרה קקאו 100 גרם,,,שוקולד מילקה אקסטרה,גרמים,100.00,100 גרם,false,1,7.90,7.90,true,1,
7622300503079,false,ביסקוויט מצופה שוקולד חלב 200 גר מילקה,,,ביסקוויט מצופה שוקול,גרמים,200.00,100 גרם,false,1,12.90,6.45,true,1,
7622300617820,false,שוקולד מילקה אוראו 100 גרם,,,שוקולד מילקה אוראו 1,גרמים,100.00,100 גרם,false,1,7.90,7.90,true,1,
7622300737900,false,שוקולד קדבורי קרמל 120 גרם,,GB,קדבורי טבלת שוקולד ח,גרמים,120.00,100 גרם,false,1,11.90,9.92,true,1,
7622300756383,false,גבינת פילדלפיה עם שוקולד מילקה 175 גר,,,גבינת פילדלפיה עם שו,גרמים,175.00,100 גרם,false,1,17.90,10.23,true,1,
7622300756413,false,גבינת פילדלפיה 20% עם תבלינים 175 גר,,,גבינת פילדלפיה 20%,גרמים,175.00,100 גרם,false,1,17.90,10.23,true,1,
7622400005190,false,שוקולד חלב נגיעות שוקולד לבן מילקה 100 ג,,,שוקולד חלב נגיעות שו,גרמים,100.00,100 גרם,false,1,7.90,7.90,true,1,
7622400424335,false,מוצרט טבלת שוקולד ומרציפן 100 גרם,,AT,מוצרט טבלת שוקולד ומ,גרמים,100.00,100 גרם,false,1,17.90,17.90,true,1,
7630311507016,false,סטארבקס קפסולות סאני דיי 57 ג,,,סטארבקס קפסולות סאני,גרמים,57.00,100 גרם,false,1,22.90,40.18,true,1,
7630477891592,false,סטארבקס קפסולות האוס בלנד 57 גרם,,,סטארבקס קפסולות האוס,גרמים,57.00,100 גרם,false,1,22.90,40.18,true,1,
7630477891615,false,סטארבקס קפסולות סומטרה 55 גרם,,,סטארבקס קפסולות סומט,גרמים,55.00,100 גרם,false,1,22.90,41.64,true,1,
7630477891653,false,סטארבקס קפסולות אספרסו נטול 57 גרם,,,סטארבקס קפסולות אספר,גרמים,57.00,100 גרם,false,1,22.90,40.18,true,1,
7630477891677,false,סטארבקס קפסולות פייק פלייס 53 גרם,,,סטארבקס קפסולות פייק,גרמים,53.00,100 גרם,false,1,22.90,43.21,true,1,
7630477891691,false,סטארבקס קפסולות קולומביה 57 גרם,,,סטארבקס קפסולות קולו,גרמים,57.00,100 גרם,false,1,22.90,40.18,true,1,
7630477891714,false,סטארבקס קפסולות אספרסו 57 גרם,,,סטארבקס קפסולות אספר,גרמים,57.00,100 גרם,false,1,22.90,40.18,true,1,
7630477891738,false,סטארבקס קפסולות אספרסו בלונד 53 גרם,,,סטארבקס קפסולות אספר,גרמים,53.00,100 גרם,false,1,22.90,43.21,true,1,
7690010296765,false,עגבניות שרי 350 גר,,,עגבניות שרי 350 גר,גרמים,350.00,100 גרם,false,1,12.50,3.57,true,1,
7690010296772,false,עגבניות שרי במלח 600גר,,,עגבניות שרי במלח 600,גרמים,600.00,100 גרם,false,1,21.90,3.65,true,1,
7702018441075,false,סכיני גילוח גילט פיוזן ידני 12 יח,,,סכיני גילוח גילט פיו,Unknown,0.00,Unknown,false,1,149.90,149.90,true,1,
7702018462032,false,סכיני גילוח גילט מאך 3 רביעייה,,DE,סכיני גילוח גילט מאך,יחידה,1.00,יחידה,false,1,44.90,44.90,true,1,
7702018471423,false,סכיני גילוח גילט פיוזן רביעייה,,DE,סכיני גילוח גילט פיו,יחידה,1.00,יחידה,false,1,63.90,63.90,true,1,
7702024074625,false,חטיפי קרקר חיטה מלאה פיטנס 234 גרם,,CO,חטיפי קרקר חיטה מלאה,גרמים,234.00,100 גרם,false,1,13.90,5.94,true,1,
7702174066631,false,לקקן יוגטה פין פופ במילוי מסטיק 170 גר,,,לקקן יוגטה פין פופ ב,גרמים,170.00,100 גרם,false,1,16.00,9.41,true,1,
7702174068826,false,לקקן יוגטה בטעם פירות 12 יח 204 גרם,,,לקקן יוגטה בטעם פירו,גרמים,204.00,100 גרם,false,1,14.20,6.96,true,1,
7702174070201,false,לקקן יוגטה בטעם מגיק 12 יח 204 גרם,,,לקקן יוגטה בטעם מגיק,גרמים,204.00,100 גרם,false,1,14.20,6.96,true,1,
7702174073783,false,לקקן יוגטה פין פופ 10 יח בטעם קולה 170 ג,,,לקקן יוגטה פין פופ 1,גרמים,170.00,100 גרם,false,1,16.00,9.41,true,1,
7790070508614,false,תה גרבה 500 גרם,,AR,תה גרבה 500 גרם,גרמים,500.00,100 גרם,false,1,19.90,3.98,true,1,
7790240072150,false,טרפיצה קברנה סובניון 750 מל-יין אדום,,,טרפיצה קברנה סובניון,Unknown,0.00,Unknown,false,1,46.90,46.90,true,1,
7790240072808,false,יין אדום טרפיצה מלבק סדרת OAK CASK,,,יין אדום טרפיצה מלבק,Unknown,0.00,Unknown,false,1,61.90,61.90,true,1,
7790240090154,false,יין טרפיצה ברוקל מלבק 750 מל,,,יין טרפיצה ברוקל מלב,Unknown,0.00,Unknown,false,1,72.90,72.90,true,1,
7790240090192,false,יין טרפיצה ברוקל קברנה סובניון 750 מל,,,יין טרפיצה ברוקל קבר,Unknown,0.00,Unknown,false,1,76.90,76.90,true,1,
7790240092240,false,יין טרפיצה ברוקל קברנה פרנק 750 מל,,,יין טרפיצה ברוקל קבר,Unknown,0.00,Unknown,false,1,72.90,72.90,true,1,
7790240094442,false,"יין טרפיצה פיור מלבק 750 מ""ל",,AR,יין טרפיצה פיור מלבק,מיליליטרים,750.00,"100 מ""ל",false,1,60.90,8.12,true,1,
7790387110234,false,טאראגווי-תה גרבה מאטה עם מקל 500 גר,,,טאראגווי-תה גרבה מאט,גרמים,500.00,100 גרם,false,1,27.90,5.58,true,1,
7790387120219,false,טאראגווי-תה גרבה מאטה בלי מקל 500 גר,,,טאראגווי-תה גרבה מאט,גרמים,500.00,100 גרם,false,1,27.90,5.58,true,1,
7790762000679,false,סנטה אנה מרלו 750 מל,,,סנטה אנה מרלו 750 מל,Unknown,0.00,Unknown,false,1,41.90,41.90,true,1,
7790762000693,false,סנטה אנה שרדונה 750 מל,,,סנטה אנה שרדונה 750,Unknown,0.00,Unknown,false,1,41.90,41.90,true,1,
7790762001287,false,סנטה אנה קברנה סובניון 750 מל,,,סנטה אנה קברנה,Unknown,0.00,Unknown,false,1,41.90,41.90,true,1,
7790762001348,false,סנטה אנה מלבק 750 מל,,,סנטה אנה מלבק 750 מל,Unknown,0.00,Unknown,false,1,41.90,41.90,true,1,
7790762008453,false,סנטה אנה רזרב מלבק 750 מל,,,סנטה אנה רזרב מלבק,Unknown,0.00,Unknown,false,1,52.90,52.90,true,1,
7790762050117,false,סנטה אנה לה מסקוטה ק.סוביניון 750 מל,,,סנטה אנה לה מסקוטה,Unknown,0.00,Unknown,false,1,73.90,73.90,true,1,
7790762050124,false,סנטה אנה לה מסקוטה מלבק 750 מל,,,סנטה אנה לה מסקוטה,Unknown,0.00,Unknown,false,1,73.90,73.90,true,1,
7790762050902,false,סנטה אנה אונאנימה 750 מל,,,יין סנטה אנה,Unknown,0.00,Unknown,false,1,101.90,101.90,true,1,
7790762076773,false,סנטה אנה סובניון בלאן 750 מל,,,סנטה אנה סובניון בלא,Unknown,0.00,Unknown,false,1,41.90,41.90,true,1,
7791875005353,false,הוואנה דולצה דה לצה 450 גרם,,,ריבת חלב הוואנה דולצ,גרמים,450.00,100 גרם,false,1,21.90,4.87,true,1,
7792860006218,false,בייבי דול לקקן 24 גרם,,,לקקן בייבי דול 24 גר,גרמים,24.00,100 גרם,false,1,2.10,8.75,true,1,
7798074860363,false,"יין סאלנטיין פינו נואר 750 מ""ל",,AR,יין סאלנטיין פינו נו,Unknown,0.00,Unknown,false,1,64.90,64.90,true,1,
7798074863708,false,"יין פורטילו דולצה לבן מתוק 750 מ""ל",,AR,יין פורטילו דולצה לב,Unknown,0.00,Unknown,false,1,44.90,44.90,true,1,
7798074864224,false,"יין סאלנטיין קברנה פרנק 750 מ""ל",,AR,יין סאלנטיין קברנה פ,Unknown,0.00,Unknown,false,1,64.90,64.90,true,1,
7798159560096,false,"יין ארגנטו קלאסיק קברנה סוביניו 750 מ""ל",,AR,יין ארגנטו קלאסיק קב,Unknown,0.00,Unknown,false,1,41.90,41.90,true,1,
7860001952066,false,כף גלידה אסקימו,,,כף גלידה אסקימו,Unknown,0.00,Unknown,false,1,10.00,10.00,true,1,
7891024124826,false,"קולגייט משחת אופטיק וויט 75 מ""ל",,,קולגייט משחת אופטיק,מיליליטרים,75.00,"100 מ""ל",false,1,22.90,30.53,true,1,
8000020005285,false,יין פרוסקו מבעבע לבן יבש צינזנו 750 מל,,,יין פרוסקו מבעבע לבן,Unknown,0.00,Unknown,false,1,67.90,67.90,true,1,
8000040000802,false,קמפרי 1 ליטר,,,קמפרי 1 ליטר,מיליליטרים,1000.00,"100 מ""ל",false,1,109.90,10.99,true,1,
8000040500012,false,"וויסקי בורבון ווילד טורקי 81 700 מ""ל",,,וויסקי בורבון ווילד,מיליליטרים,700.00,"100 מ""ל",false,1,94.90,13.56,true,1,
8000070003774,false,קפסולות אספרסו לוואצה אינטנסו 13 16 יח,,,קפסולות אספרסו לוואצ,יחידה,1.00,יחידה,false,1,29.90,29.90,true,1,
8000070012783,false,קפה לוואצה קלוי וטחון חוזק 5 אורו 250 גר,,IT,קפה לוואצה קלוי וטחו,גרמים,250.00,100 גרם,false,1,39.90,15.96,true,1,
8000070032835,false,קפה לוואצה קלוי וטחון חוזק 10 מטינו 250 גר,,IT,קפה לוואצה קלוי וטחו,גרמים,250.00,100 גרם,false,1,31.50,12.60,true,1,
8000070038868,false,קפה לוואצה קלוי וטחון חוזק 8 קלאסיקו 250 גר,,IT,לוואצה חוזק 8 קרמה ג,גרמים,250.00,100 גרם,false,1,35.90,14.36,true,1,
8000070038974,false,"קרמה גוסטו פולי קפה 1 ג""ק לוואזה",,,קרמה גוסטו פולי קפה,גרמים,1000.00,100 גרם,false,1,131.50,13.15,true,1,
8000070053465,false,קפסולות לוואצה אורו חוזק 8 10 יח,,IT,קפסולות לוואצה אורו,יחידה,1.00,יחידה,false,1,22.90,22.90,true,1,
8000070053472,false,קפסולות לוואצה קרמה גוסטו קלאסיקו חוזק12,,IT,קפסולות לוואצה קרמה,יחידה,1.00,יחידה,false,1,22.90,22.90,true,1,
8000070053502,false,קפסולות לוואצה נטול קפאין חוזק 7 10 יח,,IT,קפסולות לוואצה נטול,יחידה,1.00,יחידה,false,1,22.90,22.90,true,1,
8000070053526,false,קפסולות לוואצה רוסה חוזק 10 10 יח,,IT,קפסולות לוואצה רוסה,יחידה,1.00,יחידה,false,1,22.90,22.90,true,1,
8000070055254,false,קפסולות לוואצה קרמה גוסטו פורטה חוזק 13,,IT,קפסולות לוואצה קרמה,יחידה,1.00,יחידה,false,1,22.90,22.90,true,1,
8000070059832,false,קפסולות לוואצה קרמה גוסטו ריקו חוזק 11,,IT,קפסולות לוואצה קרמה,יחידה,1.00,יחידה,false,1,22.90,22.90,true,1,
8000070064553,false,קפסולות אספרסו לוואצה רוסה 10 16 יח,,,קפסולות אספרסו לוואצ,יחידה,1.00,יחידה,false,1,29.90,29.90,true,1,
8000091200954,false,טורטיה ללא גלוטן 180 גרם,,IT,טורטיה ללא גלוטן 180,גרמים,180.00,100 גרם,false,1,20.80,11.56,true,1,
8000113003402,false,"קמח תירס בואקום 1 ק""ג",,,"קמח תירס בואקום 1 ק""",גרמים,1000.00,100 גרם,false,1,16.90,1.69,true,1,
8000139000102,false,גרופלו פסטה מפאלדה 500 גרם,,IT,גרופלו פסטה מפאלדה 5,גרמים,500.00,100 גרם,false,1,16.90,3.38,true,1,
8000139000942,false,פסטה גרפולו לומצינה 500 גרם,,,פסטה גרפולו לומקינה,גרמים,500.00,100 גרם,false,1,14.20,2.84,true,1,
8000139001253,false,פסטה גרפולו פוזילי לונגי 500 גרם,,,פסטה גרפולו פוזילי,גרמים,500.00,100 גרם,false,1,15.40,3.08,true,1,
8000139910142,false,פסטה גרפולו ספגטי 500 גרם,,,פסטה גרפולו ספגטי 50,גרמים,500.00,100 גרם,false,1,14.20,2.84,true,1,
8000139910159,false,פסטה גרפולו לינגוין 500 גרם,,,פסטה גרפולו לינגוין,גרמים,500.00,100 גרם,false,1,14.20,2.84,true,1,
8000139910173,false,פסטה גרפולו אורזו 500 גרם,,,פסטה גרפולו אורזו 50,גרמים,500.00,100 גרם,false,1,14.20,2.84,true,1,
8000139910197,false,פסטה גרפולו ריגטוני 500 גרם,,,פסטה גרפולו ריגטוני,גרמים,500.00,100 גרם,false,1,14.20,2.84,true,1,
8000139910203,false,פסטה גרפולו קוצי סארדי 500 גרם,,,פסטה גרפולו קוצי סאר,גרמים,500.00,100 גרם,false,1,14.20,2.84,true,1,
8000139910227,false,פסטה גרפולו פוזילי 500 גרם,,,פסטה גרפולו פוזילי 5,גרמים,500.00,100 גרם,false,1,14.20,2.84,true,1,
8000139910234,false,פסטה גרפולו פנה ריגטה 500 גר,,,פסטה גרפולו פנה ריגט,גרמים,500.00,100 גרם,false,1,14.20,2.84,true,1,
8000139910241,false,פסטה פארפאלה גרפולו 500 גרם,,,פסטה פארפאלה גרפולו,גרמים,500.00,100 גרם,false,1,14.20,2.84,true,1,
8000139910265,false,פסטה ראדיאטורי גרפולו 500 גר,,,פסטה ראדיאטורי גרפול,גרמים,500.00,100 גרם,false,1,14.20,2.84,true,1,
8000139910272,false,פסטה גרפולו פפרדלה נידו 500 גר,,,פסטה גרפולו פפרדלה נ,גרמים,500.00,100 גרם,false,1,15.40,3.08,true,1,
8000139910289,false,פסטה טליאטלה גרפולו 500 גר,,,פסטה גרפולו טליאטלה,גרמים,500.00,100 גרם,false,1,15.40,3.08,true,1,
8000139910357,false,פסטה לומאקוני גרפולו 500 גרם,,,פסטה לומאקוני גארופא,גרמים,500.00,100 גרם,false,1,15.40,3.08,true,1,
8000139910371,false,פסטה גרפולו פרימוורה 500 גרם,,,פסטה גרפולו פרימוורה,גרמים,500.00,100 גרם,false,1,15.40,3.08,true,1,
8000139910753,false,פסטה קאזארסה גרפולו 500 גר,,,פסטה גרפולו קסרצה,גרמים,500.00,100 גרם,false,1,14.20,2.84,true,1,
8000139910852,false,לזניה גרפולו 500 גרם,,,לזניה גרפולו 500 גרם,גרמים,500.00,100 גרם,false,1,18.60,3.72,true,1,
8000139920875,false,ניוקי תפוח אדמה גרפולו 500 גרם,,,ניוקי תפוח אדמה גרפו,גרמים,500.00,100 גרם,false,1,15.40,3.08,true,1,
8000139929748,false,פנה ללא גלוטן 400 גר,,,פנה ללא גלוטן 400 גר,גרמים,400.00,100 גרם,false,1,16.70,4.18,true,1,
8000139929830,false,400 פוזילונה ללא גלוטן גר,,,400 פוזילונה ללא גלו,גרמים,400.00,100 גרם,false,1,16.70,4.18,true,1,
8000146500039,false,"שמן זית כמהין 55 מ""ל URBANI",,,"שמן זית כמהין 55 מ""ל",מיליליטרים,55.00,"100 מ""ל",false,1,36.90,67.09,true,1,
8000193000452,false,"אורז ריזוטו איטלקי 1 ק""ג",,,אורז ריזוטו איטלקי 1,גרמים,1000.00,100 גרם,false,1,31.50,3.15,true,1,
8000215204219,false,משקה אורז - אורגני 1 ליטר,,,משקה אורז - אורגני 1,מיליליטרים,1000.00,"100 מ""ל",false,1,15.90,1.59,true,1,
8000215204240,false,משקה שקדים ואורז - אורגני 1 ליטר,,,משקה שקדים ואורז - א,מיליליטרים,1000.00,"100 מ""ל",false,1,15.90,1.59,true,1,
8000215204271,false,ויטריז - משקה שקדים ואורז אישי 200 גר,,,ויטריז - משקה שקדים,מיליליטרים,200.00,"100 מ""ל",false,1,4.90,2.45,true,1,
8000215204387,false,"רוטב בשמל צמחי אורגני ויטריז 500 מ""ל",,,רוטב בשמל צמחי אורגנ,מיליליטרים,500.00,"100 מ""ל",false,1,13.90,2.78,true,1,
8000215204394,false,משקה אגוזי לוז ואורז אורגני 1 ליטר,,,משקה אגוזי לוז ואורז,מיליליטרים,1000.00,"100 מ""ל",false,1,19.90,1.99,true,1,
8000215204561,false,VITASI משקה שקדים אורגני 1 ליטר,,IT,VITASI משקה שקדים או,מיליליטרים,1000.00,"100 מ""ל",false,1,17.90,1.79,true,1,
8000215204653,false,VITASI משקה סויה 1 ליטר,,,VITASI משקה סויה 1 ל,מיליליטרים,1000.00,"100 מ""ל",false,1,13.90,1.39,true,1,
8000215204677,false,משקה ש.שועל בריסטה אורגני 1 ליטר ויטריז,,,משקה ש.שועל בריסטה א,מיליליטרים,1000.00,"100 מ""ל",false,1,15.90,1.59,true,1,
8000215204714,false,משקה שיבולת שועל אורגני 1 ליטר PRIMAVENA,,,משקה שיבולת שועל אור,מיליליטרים,1000.00,"100 מ""ל",false,1,15.90,1.59,true,1,
8000215204745,false,משקה ש.שועל וניל אורגני 1 ליטר PRIMAVENA,,,משקה ש.שועל וניל אור,מיליליטרים,1000.00,"100 מ""ל",false,1,14.90,1.49,true,1,
8000320010026,false,עגבניות תמר מקולפות CIRIO 400 גר,,IT,עגבניות תמר מקולפות,גרמים,400.00,100 גרם,false,1,7.90,1.98,true,1,
8000320010088,false,רסק עגבניות CIRIO בקבוק 680 גר,,IT,פסאטה במרקם גס 680 מ,מיליליטרים,680.00,"100 מ""ל",false,1,14.60,2.15,true,1,
8000320010095,false,"פסאטה במרקם עדין 700 מ""ל CIRIO",,IT,פסאטה במרקם עדין 700,מיליליטרים,700.00,"100 מ""ל",false,1,12.90,1.84,true,1,
8000320414855,false,עגבניות מרוסקות 400 גר CIRIO,,,עגבניות מרוסקותCIRIO,גרמים,400.00,100 גרם,false,1,6.90,1.73,true,1,
8000380001446,false,לואקיני וופל פריך בשוקולד חלב 100 גר,,,לואקיני וופל פריך בש,גרמים,100.00,100 גרם,false,1,17.70,17.70,true,1,
8000380003723,false,עוגיות גרנד פטיסרי 100 ג אגוזים,,,עוגיות גרנד פטיסרי 1,גרמים,100.00,100 גרם,false,1,13.40,13.40,true,1,
8000380003761,false,עוגיות גרנד פטיסרי 100 ג קוקוס,,,עוגיות גרנד פטיסרי 1,גרמים,100.00,100 גרם,false,1,13.40,13.40,true,1,
8000380004669,false,וופל שוקולד לואקר 200 גרם,,,וופל שוקולד לואקר 20,גרמים,200.00,100 גרם,false,1,14.90,7.45,true,1,
8000380004676,false,וופל וניל 200 גרם,,,וופל וניל 200 גרם,גרמים,200.00,100 גרם,false,1,14.90,7.45,true,1,
8000380004881,false,וופל קואדרטיני טירמיסו 250 ג,,,וופל קואדרטיני טירמי,גרמים,220.00,100 גרם,false,1,15.20,6.91,true,1,
8000380004911,false,וופל קוארדטיני אגוז 250 גרם,,,וופל קוארדטיני אגוז,גרמים,250.00,100 גרם,false,1,15.20,6.08,true,1,
8000380004942,false,קואדרטיני וניל 250 גר,,,קואדרטיני וניל 250 ג,גרמים,250.00,100 גרם,false,1,15.20,6.08,true,1,
8000380004966,false,וופל קוארדטיני קקאו 250 גרם,,,וופל קוארדטיני קקאו,גרמים,250.00,100 גרם,false,1,15.20,6.08,true,1,
8000380007219,false,וופל לואקר אגוז 175 גרם,,,וופל לואקר אגוז 175,גרמים,175.00,100 גרם,false,1,12.90,7.37,true,1,
8000380007257,false,וופל גרדנה אגוז 200 גרם,,,וופל גרדנה אגוז 200,גרמים,200.00,100 גרם,false,1,15.90,7.95,true,1,
8000380007264,false,וופל לואקר קקאו 175 גרם,,,וופל לואקר קקאו 175,גרמים,175.00,100 גרם,false,1,12.90,7.37,true,1,
8000380106028,false,טורטינה אורגינל 1/6 125 גר לואקר,,,טורטינה אורגינל 1/6,גרמים,125.00,100 גרם,false,1,18.90,15.12,true,1,
8000380144044,false,וופל גרדנה שוקולד 200 גרם,,,וופל גרדנה שוקולד 20,גרמים,200.00,100 גרם,false,1,15.90,7.95,true,1,
8000380148035,false,עוגיות גרנד פטיסרי 100 גרם מריר אגוז,,,עוגיות גרנד פטיסרי 1,גרמים,100.00,100 גרם,false,1,13.40,13.40,true,1,
8000380153534,false,טורטינה לבן 1/6 125 גר לואקר,,,טורטינה לבן 1/6 125,גרמים,125.00,100 גרם,false,1,18.90,15.12,true,1,
8000380156825,false,שוקולד לואקר חלב 87 גרם,,IT,שוקולד לואקר חלב 87,גרמים,87.00,100 גרם,false,1,8.90,10.23,true,1,
8000380156849,false,שוקולד לואקר מריר 87 גרם,,IT,שוקולד לואקר מריר 87,גרמים,87.00,100 גרם,false,1,8.90,10.23,true,1,
8000380156856,false,שוקולד לואקר לבן 87 גרם,,IT,שוקולד לואקר לבן 87,גרמים,87.00,100 גרם,false,1,8.90,10.23,true,1,
8000380157440,false,שוקולד חלב ממולא קרם אגוזי לוז 85 גר,,,שוקולד חלב ממולא קרם,גרמים,85.00,100 גרם,false,1,8.90,10.47,true,1,
8000380158546,false,לואקיני וופל פריך בשוקולד מריר 100 גר,,,לואקיני וופל פריך,גרמים,100.00,100 גרם,false,1,17.70,17.70,true,1,
8000380180721,false,לואקר וופל קקאו במילוי קרם חלבי 175 גר,,,לואקר וופל קקאו במיל,גרמים,175.00,100 גרם,false,1,12.90,7.37,true,1,
8000380180837,false,גרנד פטיסרי עם קרם קוקוס מצופה שוק. 100,,,גרנד פטיסרי עם קרם ק,גרמים,100.00,100 גרם,false,1,13.40,13.40,true,1,
8000380181032,false,חטיפי אצבעות גרנדה קרם אגוזי לוז 125 גרם,,,חטיפי אצבעות גרנדה ק,גרמים,125.00,100 גרם,false,1,17.90,14.32,true,1,
8000380187249,false,עוגיות במילוי קרם שקדים לואקר 100 גר,,,עוגיות במילוי קרם שק,גרמים,100.00,100 גרם,false,1,15.90,15.90,true,1,
8000380192151,false,טורטינה טריפל שוקולד מריר 125 גר לואקר,,IT,טורטינה טריפל שוקולד,גרמים,125.00,100 גרם,false,1,18.90,15.12,true,1,
8000380192199,false,וופל לואקר דאבל שוקולד 175 גרם,,AT,וופל לואקר דאבל שוקו,גרמים,175.00,100 גרם,false,1,12.90,7.37,true,1,
8000380192588,false,וופל קואדרטיני דאבל שוקולד 250 גר,,AT,וופל קואדרטיני דאבל,גרמים,250.00,100 גרם,false,1,15.20,6.08,true,1,
8000380201396,false,שוקולד חלב ממולא קרם קרמל ועלי וופל פריכ,,,שוקולד חלב ממולא קרם,גרמים,125.00,100 גרם,false,1,18.90,15.12,true,1,
8000380205400,false,וופל לואקר קואדרטיני חמאת בוטנים 250 גר,,AT,וופל לואקר קואדרטיני,גרמים,250.00,100 גרם,false,1,15.20,6.08,true,1,
8000380205523,false,וופל לואקר קלאסיק חמאת בוטנים 175 גר,,AT,וופל לואקר קלאסיק חמ,גרמים,175.00,100 גרם,false,1,12.90,7.37,true,1,
8000500009673,false,בונבוניירה פררו רושה 300 גרם,,,בונבוניירה פררו רושה,גרמים,300.00,100 גרם,false,1,52.90,17.63,true,1,
8000500023624,false,קינדר הפי היפו חמישייה 103.5 גר,,,קינדר הפי היפו חמישי,גרמים,104.00,100 גרם,false,1,13.90,13.37,true,1,
8000500023976,false,בונבוניירה רפאלו 150 גרם,,,בונבוניירה רפאלו 150,גרמים,150.00,100 גרם,false,1,18.90,12.60,true,1,
8000500026731,false,שלישיית ביצי הפתעה קינדר 60 גר,,,שלישיית ביצי הפתעה ק,גרמים,60.00,100 גרם,false,1,16.00,26.67,true,1,
8000500028124,false,קינדר גוי מארז 1/3,,ZA,ביצת הפתעה קינדר גוי,גרמים,60.00,100 גרם,false,1,15.90,26.50,true,1,
8000500029350,false,שלישייה קינדר בואנו חלב 129 גרם,,,שלישייה קינדר בואנו,גרמים,129.00,100 גרם,false,1,11.90,9.22,true,1,
8000500032237,false,בונבוניירה פררו רושר 375 גר,,,בונבוניירה פררו רושר,גרמים,260.00,100 גרם,false,1,52.50,20.19,true,1,
8000500037874,false,בונבוניירה פררו רושה 200 גרם,,,בונבוניירה פררו רושה,גרמים,200.00,100 גרם,false,1,25.90,12.95,true,1,
8000500071083,false,קינדר שוקולד מארז 200 גרם,,,קינדר שוקולד מארז 20,גרמים,200.00,100 גרם,false,1,14.50,7.25,true,1,
8000500121436,false,שלישייה קינדר בואנו לבן 129 גרם,,,שלישייה קינדר בואנו,גרמים,129.00,100 גרם,false,1,11.90,9.22,true,1,
8000500167656,false,קינדר שוקולד עם דגנים 94 גר,,IT,קינדר שוקולד עם דגני,גרמים,94.00,100 גרם,false,1,9.30,9.89,true,1,
8000500227848,false,וופל נוטלה בי רדי שישייה 132 גרם,,IT,וופל נוטלה בי רדי שי,גרמים,132.00,100 גרם,false,1,13.50,10.23,true,1,
8000500247167,false,פררו קולקשיין 269 גרם,,,פררו קולקשיין 269 גר,גרמים,269.00,100 גרם,false,1,55.50,20.63,true,1,
8000500248744,false,פררו-קינדר עוגת תפוז במצופת שוקולד 36*10,,IT,פררו-קינדר עוגת תפוז,גרמים,360.00,100 גרם,false,1,29.90,8.31,true,1,
8000500256213,false,קינדר שוקולד מיני 120 גרם,,IT,קינדר שוקולד מיני 12,גרמים,120.00,100 גרם,false,1,12.50,10.42,true,1,
8000500266557,false,ביצי קינדר ענקיות- קריסמס (בנות) 220 גרם,,IT,ביצי קינדר ענקיות- ק,גרמים,220.00,100 גרם,false,1,64.90,29.50,true,1,
8000500266564,false,ביצי קינדר ענקיות- קריסמס (בנים) 220 גרם,,IT,ביצי קינדר ענקיות- ק,גרמים,220.00,100 גרם,false,1,64.90,29.50,true,1,
8000500267103,false,עוגת קינדר דליס 390 גר,,IT,עוגת קינדר דליס 390,גרמים,390.00,100 גרם,false,1,20.90,5.36,true,1,
8000500269169,false,קינדר קארדס חמישייה 128 גרם,,IT,וופל קינדר קארדס 128,גרמים,128.00,100 גרם,false,1,14.90,11.64,true,1,
8000500273555,false,פררו חנותה 44 גרם,,,פררו חנותה 44 גרם,גרמים,44.00,100 גרם,false,1,5.20,11.82,true,1,
8000500283158,false,עוגת קינד במילוי קרם חלב 270 גרם,,,עוגת קינד במילוי קרם,גרמים,270.00,100 גרם,false,1,29.90,11.07,true,1,
8000500283219,false,עוגת קינדר קקאו במילוי קרם שוקולד 290 גר,,,עוגת קינדר קקאו במיל,גרמים,290.00,100 גרם,false,1,29.90,10.31,true,1,
8000500283240,false,עוגת קינדר במילוי קרם שוקולד 290 גרם,,,פררו-קינדר עוגת ספוג,גרמים,290.00,100 גרם,false,1,29.90,10.31,true,1,
8000500372524,false,קינדר סנטה קלאוס ש. מריר חלב 110 גר,,,קינדר סנטה קלאוס ש.,גרמים,110.00,100 גרם,false,1,22.90,20.82,true,1,
8000500384664,false,מאגדת גלידה קינדר בואנו רביעייה 284 גרם,,DE,מאגדת גלידה קינדר בו,גרמים,284.00,100 גרם,false,1,36.90,12.99,true,1,
8000500384718,false,מאגדת גלידה קינדר בואנו שוקולד לבן רביעי,,DE,מאגדת גלידה קינדר בו,גרמים,284.00,100 גרם,false,1,36.90,12.99,true,1,
8000500386941,false,ממרח נוטלה 900 גר,,IT,ממרח נוטלה 900 גר,גרמים,900.00,100 גרם,false,1,29.90,3.32,true,1,
8000570048022,false,"וורמוט מרטיני פיירו 750 מ""ל",,,וורמוט מרטיני פיירו,Unknown,0.00,Unknown,false,1,49.90,49.90,true,1,
8000570283607,false,"יין מבעבע מרטיני אסטי 750 מ""ל",,IT,יין מבעבע מרטיני אסט,מיליליטרים,750.00,"100 מ""ל",false,1,76.90,10.25,true,1,
8000895003379,false,עוגיות רכות עם שקדים 175 גרם SAPORI,,,עוגיות רכות עם שקדים,גרמים,175.00,100 גרם,false,1,18.40,10.51,true,1,
8001003100218,false,סוכריות יוגטה גילי 800 גרם,,,סוכריות יוגטה גילי 8,גרמים,800.00,100 גרם,false,1,26.70,3.34,true,1,
8001090184375,false,"נוזל כלים פיירי אוריגינל 900 מ""ל",,GB,נוזל כלים פיירי אורי,מיליליטרים,900.00,"100 מ""ל",false,1,13.90,1.54,true,1,
8001090184412,false,"נוזל כלים פיירי לימון 900 מ""ל",,GB,נוזל כלים פיירי לימו,מיליליטרים,900.00,"100 מ""ל",false,1,13.90,1.54,true,1,
8001090458353,false,נוזל כלים אנטי בקטריאלי פיירי 515 מל,,,נוזל כלים אנטי בקטרי,מיליליטרים,515.00,"100 מ""ל",false,1,12.50,2.43,true,1,
8001090493637,false,שמפו לגבר אולטרא טוטאל קר הד&שולדרס 450מ,,,שמפו לגבר אולטרא טוט,מיליליטרים,450.00,"100 מ""ל",false,1,27.50,6.11,true,1,
8001090721099,false,קפסולות לכביסה אריאל פודש 27 יח,,FR,קפסולות לכביסה אריאל,Unknown,0.00,Unknown,false,1,36.90,36.90,true,1,
8001090721129,false,קפסולות לכביסה אריאל פודש קולור 27 יח,,FR,קפסולות לכביסה אריאל,Unknown,0.00,Unknown,false,1,36.90,36.90,true,1,
8001090748638,false,מרכך כביסה לנור מרוכז קיס 1 ל,,SA,מרכך כביסה לנור מרוכ,ליטרים,0.00,ליטר,false,1,33.50,33.50,true,1,
8001090802385,false,קפסולות גל לכביסה טייד בניחוח לנור 26 יח,,FR,קפסולות גל לכביסה טי,Unknown,0.00,Unknown,false,1,34.90,34.90,true,1,
8001090832450,false,"שמפו פנטן הנוסחה הקלאסית 660 מ""ל",,,שמפו פנטן הנוסחה הקל,מיליליטרים,660.00,"100 מ""ל",false,1,22.90,3.47,true,1,
8001090832610,false,"שמפו פנטן למגע רך כמשי 660 מ""ל",,,שמפו פנטן למגע רך כמ,מיליליטרים,660.00,"100 מ""ל",false,1,22.90,3.47,true,1,
8001090832818,false,"קונדישנר פנטן הנוסחה הקלאסית 660 מ""ל",,,קונדישנר פנטן הנוסחה,מיליליטרים,660.00,"100 מ""ל",false,1,22.90,3.47,true,1,
8001090833136,false,גל כביסה אריאל בייבי 2.255 ליטר,,FR,גל כביסה אריאל בייבי,ליטרים,0.00,ליטר,false,1,36.90,36.90,true,1,
8001090833167,false,גל כביסה אריאל בניחוח הרים 2.365 ליטר,,FR,גל כביסה אריאל בניחו,ליטרים,0.00,ליטר,false,1,36.90,36.90,true,1,
8001090833198,false,גל כביסה אריאל בניחוח מרענן 2.365 ליטר,,FR,גל כביסה אריאל בניחו,ליטרים,0.00,ליטר,false,1,36.90,36.90,true,1,
8001090833228,false,גל כביסה אריאל קולור 2.365 ליטר,,FR,גל כביסה אריאל קולור,ליטרים,0.00,ליטר,false,1,36.90,36.90,true,1,
8001090899194,false,תחבושות אולוויז פלטינום נורמל 24 יח,,DE,תחבושות אולוויז פלטי,Unknown,0.00,Unknown,false,1,27.20,27.20,true,1,
8001090899224,false,תחבושות אולוויז פלטינום לונג 20 יח,,DE,תחבושות אולוויז פלטי,Unknown,0.00,Unknown,false,1,27.20,27.20,true,1,
8001100050546,false,עוגת פנטונה עם צימוקים וקליפות תפו 500 ג,,,עוגת פנטונה עם צימוק,גרמים,500.00,100 גרם,false,1,37.90,7.58,true,1,
8001100051055,false,עוגת פנטונה עם צימוקים בציפוי אגוזי 750ג,,,עוגת פנטונה עם צימוק,גרמים,750.00,100 גרם,false,1,49.90,6.65,true,1,
8001100058979,false,עוגת פנטונה בציפוי סוכר 750 גרם,,IT,עוגת פנדורו בחושה קל,גרמים,750.00,100 גרם,false,1,54.90,7.32,true,1,
8001100059198,false,עוגת פנטונה בלוקו 100 גרם,,,עוגת פנטונה בלוקו,Unknown,0.00,Unknown,false,1,16.90,16.90,true,1,
8001100062518,false,פנטונה 750 גרם PANDORO פח,,,פנטונה 750 גרם PANDO,גרמים,750.00,100 גרם,false,1,74.90,9.99,true,1,
8001100063690,false,פנדורו במילוי קרם טירמיסו 800 גר Balocco,,IT,פנדורו במילוי קרם טי,גרמים,800.00,100 גרם,false,1,54.90,6.86,true,1,
8001100064802,false,עוגת סאן סירו 500 גרם,,IT,עוגת סאן סירו 500 גר,גרמים,500.00,100 גרם,false,1,29.90,5.98,true,1,
8001100067667,false,עוגת פנדורו בון נאטלה 700 גרם,,IT,עוגת פנדורו בון נאטל,גרמים,700.00,100 גרם,false,1,43.90,6.27,true,1,
8001160000888,false,"גטורייד ספורט תפוז 500 מ""ל",,,גטורייד ספורט תפוז 5,מיליליטרים,500.00,"100 מ""ל",false,1,12.90,2.58,true,1,
8001160001786,false,"גטורייד ספורט כחול 500 מ""ל",,,גטורייד ספורט כחול 5,מיליליטרים,500.00,"100 מ""ל",false,1,12.90,2.58,true,1,
8001160001892,false,"גטורייד ספורט תפוז אדום 500 מ""ל",,,גטורייד ספורט תפוז א,מיליליטרים,500.00,"100 מ""ל",false,1,12.90,2.58,true,1,
8001200023808,false,פסטה אליציה צבעוני 500 גר Agnesi,,,פסטה אליציה צבעוני 5,גרמים,500.00,100 גרם,false,1,8.80,1.76,true,1,
8001200038994,false,פסטה ספגטי חיטה מלאה 500 גר Agnesi,,,פסטה ספגטי חיטה מלאה,גרמים,500.00,100 גרם,false,1,14.20,2.84,true,1,
8001200039014,false,פסטה פנה חיטה מלאה 500 גר Agnesi,,,פסטה פנה חיטה מלאה 5,גרמים,500.00,100 גרם,false,1,14.20,2.84,true,1,
8001200045039,false,פסטה ספגטי מס.3 500 גר Agnesi,,IT,פסטה ספגטי מס.3 500,גרמים,500.00,100 גרם,false,1,8.80,1.76,true,1,
8001200045299,false,פסטה פנה ריגטה 500 גר Agnesi,,IT,פסטה פנה ריגטה 500 ג,גרמים,500.00,100 גרם,false,1,8.80,1.76,true,1,
8001200045350,false,פסטה ניוקי 500 גר Agnesi,,IT,פסטה ניוקי 500 גר Ag,גרמים,500.00,100 גרם,false,1,8.80,1.76,true,1,
8001200045374,false,פסטה צילנטני מסולסל 500 גר Agnesi,,,פסטה צילנטני מסולסל,גרמים,500.00,100 גרם,false,1,8.80,1.76,true,1,
8001200045831,false,פסטה פארפלה מס.61 500 גר Agnesi,,IT,פסטה פארפלה מס.61 50,גרמים,500.00,100 גרם,false,1,8.80,1.76,true,1,
8001200045978,false,פסטה פפרדלה ביצים 250 גר Agnesi,,,פסטה פפרדלה ביצים 25,גרמים,250.00,100 גרם,false,1,14.20,5.68,true,1,
8001200045992,false,פסטה ביצים ותרד 250 גר Agnesi,,,פסטה ביצים ותרד 250,גרמים,250.00,100 גרם,false,1,14.20,5.68,true,1,
8001291057515,false,ברון קיאנטי דל ברון ריקאסולי 750 מל,,,ברון קיאנטי דל ברון,Unknown,0.00,Unknown,false,1,52.90,52.90,true,1,
8001387077106,false,קונטיזקה קאנטלופי פרימיטיבו סאלנטו 750 מ,,IT,קונטיזקה קאנטלופי פר,מיליליטרים,750.00,"100 מ""ל",false,1,60.90,8.12,true,1,
8001387287109,false,קונטיזקה קוואטרו קונטי פרימיטיבו 750 מל,,IT,קונטיזקה קוואטרו קונ,מיליליטרים,750.00,"100 מ""ל",false,1,45.90,6.12,true,1,
8001420001327,false,אורז ריזוטו ארבוריו 500 גרם,,,אורז ריזוטו ארבוריו,גרמים,500.00,100 גרם,false,1,13.90,2.78,true,1,
8001420005608,false,ריזוטו אורז 3 דגנים 400 גר,,,ריזוטו אורז 3 דגנים,גרמים,400.00,100 גרם,false,1,12.90,3.23,true,1,
8001440118944,false,עגבניות פולפה 3*400 גר CIRIO,,IT,עגבניות פולפה 3*400,קילוגרמים,0.00,"ק""ג",false,1,15.90,15.90,true,1,
8001505000184,false,מעדן אוכמניות אורגני 250 גר FIORDIFRUTT,,,מעדן אוכמניות אורגני,גרמים,250.00,100 גרם,false,1,23.90,9.56,true,1,
8001505001105,false,ממרח אגוזי לוז אורגני 270 גרם NICCIOLATA,,,ממרח אגוזי לוז,גרמים,270.00,100 גרם,false,1,25.50,9.44,true,1,
8001561015580,false,ריבת בצל סגול איטלקית 300 גרם,,,ריבת בצל סגול איטלקי,גרמים,300.00,100 גרם,false,1,33.90,11.30,true,1,
8001561024131,false,גושי טונה בהירה עם צילי חריף 3*80 גרם,,IT,גושי טונה בהירה עם צ,גרמים,240.00,100 גרם,false,1,29.90,12.46,true,1,
8001620011935,false,"שישיית סאן בנדטו מוגז עדין 500 מ""ל",,,שישיית סאן בנדטו מוג,מיליליטרים,1500.00,"100 מ""ל",false,1,13.90,0.93,true,1,
8001620017449,false,"בנדטו שישייה 500 מ""ל פקק ספורט",,,"בנדטו שישייה 500 מ""ל",מיליליטרים,500.00,"100 מ""ל",false,1,3.50,0.70,true,1,
8001620017456,false,"סאן בנדטו שישייה 500 מ""ל פקק ספורט",,,סאן בנדטו שישייה 500,מיליליטרים,3000.00,"100 מ""ל",false,1,16.90,0.56,true,1,
8001637404195,false,גורגונזולה דולצה 150 גרם,,,גורגונזולה דולצה 150,גרמים,150.00,100 גרם,false,1,43.90,29.27,true,1,
8001637410813,false,גורגונזולה פיקנטה 150 גרם,,,גורגונזולה פיקנטה 15,גרמים,150.00,100 גרם,false,1,32.50,21.67,true,1,
8001841623061,false,חיתולי פמפרס בייבי דריי שלב 1 21 יח,,PL,חיתולי פמפרס בייבי ד,יחידה,1.00,יחידה,false,1,11.90,11.90,true,1,
8001841625188,false,"נוזל כלים פיירי פלטינום לימון 515 מ""ל",,GB,נוזל כלים פיירי פלטי,מיליליטרים,515.00,"100 מ""ל",false,1,12.50,2.43,true,1,
8001841625362,false,"נוזל כלים פיירי פלטינום לימון 780 מ""ל",,GB,נוזל כלים פיירי פלטי,מיליליטרים,780.00,"100 מ""ל",false,1,13.90,1.78,true,1,
8001841625461,false,"נוזל כלים פיירי פלטינום אורגינל 515 מ""ל",,GB,נוזל כלים פיירי פלטי,מיליליטרים,515.00,"100 מ""ל",false,1,12.50,2.43,true,1,
8001841669465,false,קפסולות לכביסה אריאל 24 יח בניחוח לנור,,FR,קפסולות לכביסה אריאל,Unknown,0.00,Unknown,false,1,36.90,36.90,true,1,
8001841893990,false,טבליות למדיח פלטינום פיירי 37 יחידות,,,טבליות למדיח פלטינום,יחידה,1.00,יחידה,false,1,43.90,43.90,true,1,
8001841958460,false,טבליות למדיח פיירי 48 יח,,BE,טבליות למדיח פיירי 4,יחידה,1.00,יחידה,false,1,43.90,43.90,true,1,
8001860250958,false,משקה חלב סויה 1 ליטר,,IT,משקה חלב סויה 1 ליטר,מיליליטרים,1000.00,"100 מ""ל",false,1,9.90,0.99,true,1,
8001876002145,false,פולנטה 500 גרם COLAVITA,,IT,פולנטה 500 גרם COLAV,גרמים,500.00,100 גרם,false,1,8.50,1.70,true,1,
8001935221401,false,וילה אנטינורי אדום 750 מל,,,וילה אנטינורי אדום,Unknown,0.00,Unknown,false,1,84.90,84.90,true,1,
8002200145682,false,קפה קימבו אינטנסו קפסולות 10 יח,,,קפה קימבו אינטנסו קפ,Unknown,0.00,Unknown,false,1,19.80,19.80,true,1,
8002213011301,false,"קמח לפסטה סוג ""00"" 1 ק""ג",,,"קמח לפסטה סוג ""00"" 1",גרמים,1000.00,100 גרם,false,1,16.90,1.69,true,1,
8002230000012,false,אפרול 1 ליטר,,,אפרול 1 ליטר,מיליליטרים,1000.00,"100 מ""ל",false,1,89.90,8.99,true,1,
8002267014662,false,ביצת שוקולד הפתעה ברבי שלישייה 60 גר,,,ביצת שוקולד הפתעה בר,גרמים,60.00,100 גרם,false,1,13.90,23.17,true,1,
8002267014945,false,ביצת שוקולד הפתעה הוט ווילס שלישייה 60 ג,,,ביצת שוקולד הפתעה הו,גרמים,60.00,100 גרם,false,1,13.90,23.17,true,1,
8002270015656,false,סאן פלגרינו 750 מל,,,סאן פלגרינו 750 מל,מיליליטרים,750.00,"100 מ""ל",false,1,11.90,1.59,true,1,
8002270166587,false,שישייה סאן פלגרינו פלסט 1 ליטר,,,שישייה סאן פלגרינו פ,ליטרים,0.01,ליטר,false,1,52.90,5290.00,true,1,
8002270236792,false,שישיית סאן פלגרינו לימון 500 גר,,,שישיית סאן פלגרינו ל,מיליליטרים,3000.00,"100 מ""ל",false,1,32.90,1.10,true,1,
8002270236808,false,סאן פלגרינו בטעם תפוז אדום ופטל 500 מ,,,סאן פלגרינו בטעם תפו,מיליליטרים,500.00,"100 מ""ל",false,1,6.90,1.38,true,1,
8002270436581,false,"שישיית מים סאן פלגרינו פלסט 500 מ""ל",,,שישיית מים סאן פלגרי,מיליליטרים,3000.00,"100 מ""ל",false,1,23.90,0.80,true,1,
8002270866524,false,סאן פלגרינו 1 ליטר,,,סאן פלגרינו 1 ליטר,מיליליטרים,1000.00,"100 מ""ל",false,1,9.90,0.99,true,1,
8002305008370,false,"רוקה דלה מאציה מנדוס פרימיטיבו 750 מ""ל",,,רוקה דלה מאציה מנדוס,Unknown,0.00,Unknown,false,1,83.90,83.90,true,1,
8002305009346,false,רוקה דלה מאציה קיאנטי ורנאולו 750 מל,,,רוקה דלה מאציה,Unknown,0.00,Unknown,false,1,56.90,56.90,true,1,
8002305861005,false,רוקה דה לה מאציה אורבייטו קלאסיקו 750 מל,,,רוקה דה לה מאציה אור,Unknown,0.00,Unknown,false,1,65.90,65.90,true,1,
8002590017514,false,קרקר רוזמרין ושמן זית 250 גרם COLUSSI,,,קרקר רוזמרין ושמן זי,גרמים,250.00,100 גרם,false,1,8.90,3.56,true,1,
8002590017538,false,קרקר חיטה מלאה 250 גרם COLUSSI,,,קרקר חיטה מלאה 250 ג,גרמים,250.00,100 גרם,false,1,7.60,3.04,true,1,
8002670504286,false,גרנורולו מיני בורגר טבעוני 180 גרם,,IT,גרנורולו מיני בורגר,גרמים,180.00,100 גרם,false,1,29.90,16.61,true,1,
8003207997854,false,"יין פאבולינו קיאנטי 750 מ""ל",,IT,יין פאבולינו קיאנטי,Unknown,0.00,Unknown,false,1,39.90,39.90,true,1,
8003207997861,false,"יין פאבולינו טוסקנה רוסו 750 מ""ל",,IT,יין פאבולינו טוסקנה,Unknown,0.00,Unknown,false,1,39.90,39.90,true,1,
8003294529228,false,פילה טונה בהירה במים 190 גרם,,IT,פילה טונה בהירה במים,גרמים,190.00,100 גרם,false,1,31.90,16.79,true,1,
8003340091280,false,בונבוניירה לינדור60% 200 גרם,,,בונבוניירה לינדור60%,גרמים,200.00,100 גרם,false,1,34.90,17.45,true,1,
8003410249306,false,שרוול תערובת קפה קלאסיקו עוצמה 10,,IT,שרוול תערובת קפה סגפ,גרמים,10.00,100 גרם,false,1,21.90,219.00,true,1,
8003410446484,false,שרוול תערובת קפה ערביקה עוצמה 9,,IT,שרוול תערובת קפה סגפ,גרמים,13.00,100 גרם,false,1,21.90,168.46,true,1,
8004030022010,false,ריו מרה אינסלטיסימי ירקות גינה טונה 160,,,ריו מרה אינסלטיסימי,גרמים,160.00,100 גרם,false,1,16.90,10.56,true,1,
8004030026018,false,ריו מרה אינסלטיסימי מקסיקני עם טונה 160,,,ריו מרה אינסלטיסימי,גרמים,160.00,100 גרם,false,1,16.90,10.56,true,1,
8004030044005,false,טונה בשמן זית ריו מרה 160 גרם,,,טונה בשמן זית ריו מר,גרמים,160.00,100 גרם,false,1,18.70,11.69,true,1,
8004030102033,false,טונה ריו מרה בשמן עם לימון ופלפל 3*80 גר,,,טונה ריו מרה בשמן עם,גרמים,240.00,100 גרם,false,1,28.90,12.04,true,1,
8004030177000,false,שלישיית טונה בשמן זית עם צילי 3*80 גרם,,,טונה בשמן זית עם ציל,גרמים,240.00,100 גרם,false,1,28.90,12.04,true,1,
8004030180000,false,טונה בשמן זית כתית ריו מרה 3*80 גרם,,,טונה בשמן זית כתית ר,גרמים,240.00,100 גרם,false,1,33.50,13.96,true,1,
8004030344938,false,שלישיית טונה ריו מרה 3*80 גרם,,,שלישיית טונה ריו מרה,גרמים,240.00,100 גרם,false,1,28.90,12.04,true,1,
8004030845046,false,ריו מרה אינסלטיסימי אורז עם טונה 160,,,ריו מרה אינסלטיסימי,גרמים,160.00,100 גרם,false,1,16.90,10.56,true,1,
8004123004893,false,"שמן מתובל בטעם פטריות כמהין 250 מ""ל",,IT,שמן מתובל בטעם פטריו,מיליליטרים,250.00,"100 מ""ל",false,1,41.50,16.60,true,1,
8004275058942,false,"שמן זית כתית מעולה 750 מ""ל CIRIO",,,שמן זית כתית מעולה 7,מיליליטרים,750.00,"100 מ""ל",false,1,39.90,5.32,true,1,
8004275059543,false,"חומץ בלסמי ממודנה גלייז 250 מ""ל CIRIO",,,חומץ בלסמי ממודנה,מיליליטרים,250.00,"100 מ""ל",false,1,21.90,8.76,true,1,
8004275059895,false,"חומץ בן יין לבן 500 מ""ל CIRIO",,,חומץ בן יין לבן 500,מיליליטרים,500.00,"100 מ""ל",false,1,16.70,3.34,true,1,
8004275079442,false,שמן זית כתית מעולה לא מסונן 1 ליטר CIRIO,,,שמן זית כתית מעולה,מיליליטרים,1000.00,"100 מ""ל",false,1,59.90,5.99,true,1,
8004690278277,false,"קמח דורום מלא איטלקי 1 ק""ג",,IT,קמח דורום מלא איטלקי,גרמים,1000.00,100 גרם,false,1,11.90,1.19,true,1,
8004708018987,false,מלח ורוד הימלאיה במטחנה 90 ארומה דה טוסק,,,מלח ורוד הימלאיה במט,גרמים,90.00,100 גרם,false,1,14.50,16.11,true,1,
8004800000071,false,גלילי וופל לאגו פלאסיר קרם אגוזי לוז 100,,,גלילי וופל לאגו פלאס,גרמים,100.00,100 גרם,false,1,12.90,12.90,true,1,
8004800004826,false,וופלים לאגו פלאסיר קרם קוקוס 98 גר,,,וופלים לאגו פלאסיר ק,גרמים,98.00,100 גרם,false,1,12.90,13.16,true,1,
8004800005502,false,גלילי ופל לאגו מיני רול קרם קקאו 125 גר,,,גלילי ופל לאגו מיני,גרמים,125.00,100 גרם,false,1,11.90,9.52,true,1,
8004800005519,false,גלילי ופל לאגו מיני רול קרם אגוזי לוז125,,,גלילי ופל לאגו מיני,גרמים,125.00,100 גרם,false,1,11.90,9.52,true,1,
8004800005526,false,גלילי ופל לאגו מיני רול קרם קוקוס 125 גר,,,גלילי ופל לאגו מיני,גרמים,125.00,100 גרם,false,1,11.90,9.52,true,1,
8005085723259,false,קריספו-פרלין מצופה ממולא קפוצינו 150 ג,,IT,קריספו-פרלין מצופה,גרמים,150.00,100 גרם,false,1,12.90,8.60,true,1,
8005110002243,false,רכז עגבניות DOPPIO בשפופרת 185 גרם,,,רכז עגבניות DOPPIO ב,גרמים,185.00,100 גרם,false,1,8.90,4.81,true,1,
8005110170300,false,POLPA עגבניות חתוכות דק 400X3 גרם MUTTI,,,POLPA עגבניות חתוכות,גרמים,400.00,100 גרם,false,1,18.90,4.73,true,1,
8005110171215,false,POLPAPEZZI עגבניות חתוכות 690 גרם MUTTI,,,POLPAPEZZI עגבניות ח,גרמים,500.00,100 גרם,false,1,15.90,3.18,true,1,
8005110180002,false,קטשופ עגבניות 340 גרם MUTTI,,,קטשופ עגבניות 340 גר,גרמים,340.00,100 גרם,false,1,10.90,3.21,true,1,
8005110191015,false,רסק עגבניות ובזיליקום 700 גרם,,,רסק עגבניות ובזיליקו,גרמים,500.00,100 גרם,false,1,14.90,2.98,true,1,
8005110550508,false,עגבניות שרי 400 גרם MUTTI,,,עגבניות שרי 400 גרם,מיליליטרים,400.00,"100 מ""ל",false,1,9.90,2.48,true,1,
8005110551253,false,רוטב פיצה 400 גרם MUTTI,,,רוטב פיצה 400 גרם,גרמים,400.00,100 גרם,false,1,9.90,2.48,true,1,
8005200256587,false,נסטי בטעם אפרסק 1.5 ליטר,,IL,נסטי בטעם אפרסק 1.5,ליטרים,0.00,ליטר,false,1,9.00,9.00,true,1,
8005200316588,false,נסטי דיאט בטעם אפרסק 1.5 ליטר,,IL,נסטי דיאט בטעם אפרסק,ליטרים,0.00,ליטר,false,1,9.00,9.00,true,1,
8005200486526,false,"נסטי בטעם אפרסק 500 מ""ל",,,נסטי בטעם אפרסק 500,מיליליטרים,500.00,"100 מ""ל",false,1,6.50,1.30,true,1,
8005390036075,false,סרטורי קברנה סוביניון 750 מל,,,יין וילה מורה קברנה,Unknown,0.00,Unknown,false,1,40.90,40.90,true,1,
8005390080993,false,יין וילה מורה רוזה 750 מל,,,יין וילה מורה רוזה 7,Unknown,0.00,Unknown,false,1,40.90,40.90,true,1,
8005390083291,false,יין סרטורי וילה מורה פינו ביאנקו 750 מל,,,יין וילה מורה פינו ב,Unknown,0.00,Unknown,false,1,40.90,40.90,true,1,
8005390095331,false,יין סרטורי ואלפוליצלה קלאסיקו 750 מל,,,יין סרטורי ואלפוליצל,Unknown,0.00,Unknown,false,1,76.90,76.90,true,1,
8005390936153,false,"סרטורי פינו גריגיו ארכולה 750 מ""ל",,,סרטורי פינו גריגיו,Unknown,0.00,Unknown,false,1,52.90,52.90,true,1,
8005469951452,false,ממרח אנשובי איטלקי 60 גרם,,,ממרח אנשובי איטלקי 6,גרמים,60.00,100 גרם,false,1,16.20,27.00,true,1,
8005469981602,false,פילה אנשובי איטלקי ש.חמניות 80 גר SCALIA,,,פילה אנשובי איטלקי ש,גרמים,80.00,100 גרם,false,1,16.90,21.13,true,1,
8005493000966,false,יין ציטרה קרוסו 750 מל,,,יין ציטרה קרוסו 750,Unknown,0.00,Unknown,false,1,83.90,83.90,true,1,
8005493003431,false,יין ציטרה פאליו מונטפלציאנו 750 מל,,,יין ציטרה פאליו מונט,Unknown,0.00,Unknown,false,1,66.90,66.90,true,1,
8005493003912,false,יין ציטרה קרוסו 1.5 ליטר,,,יין ציטרה קרוסו 1.5,Unknown,0.00,Unknown,false,1,119.90,119.90,true,1,
8005709201064,false,דפי לזניה גרנד ארמנדו 500 גרם,,,דפי לזניה גרנד ארמנד,גרמים,500.00,100 גרם,false,1,13.90,2.78,true,1,
8005803010586,false,גריסיני פיצה 125 גר,,,גריסיני פיצה 125 גר,גרמים,125.00,100 גרם,false,1,9.90,7.92,true,1,
8005803010661,false,גריסיני שומשום 125 גר,,,גריסיני שומשום 125,גרמים,125.00,100 גרם,false,1,9.90,7.92,true,1,
8005840020272,false,לואקר גלידה סנדוויץ לאטה אלפינו 264 גרם,,IT,לואקר גלידה סנדוויץ,גרמים,264.00,100 גרם,false,1,45.90,17.39,true,1,
8005900361291,false,סרטורי רגולו רוסו 750 מל,,,סרטורי רגולו רוסו,Unknown,0.00,Unknown,false,1,91.90,91.90,true,1,
8006050090239,false,"חומץ בלסמי ממודנה מאצטי אורגני 500 מ""ל",,,חומץ בלסמי ממודנה מא,מיליליטרים,500.00,"100 מ""ל",false,1,31.90,6.38,true,1,
8006227000399,false,מנצאטו-לחם פרוס לבן 400 גרם,,IT,מנצאטו-לחם פרוס לבן,גרמים,400.00,100 גרם,false,1,15.90,3.98,true,1,
8006227000405,false,סמנצאטו-לחם פרוס חיטה מלאה 400 גרם,,IT,סמנצאטו-לחם פרוס חיט,גרמים,400.00,100 גרם,false,1,15.90,3.98,true,1,
8006227000412,false,סמנצאטו-לחם פרוס חיטת דורום 400 גרם,,IT,סמנצאטו-לחם פרוס חיט,גרמים,400.00,100 גרם,false,1,15.90,3.98,true,1,
8006227000429,false,סמנצאטו לחם מחמצת פרוס 8 דגנים 400 גר,,,סמנצאטו לחם מחמצת פר,גרמים,400.00,100 גרם,false,1,15.90,3.98,true,1,
8006227000733,false,סמנצאטו-טראמציני ח.מלאה 250 גרם,,IT,סמנצאטו-טראמציני ח.מ,גרמים,250.00,100 גרם,false,1,16.90,6.76,true,1,
8006227001372,false,סמנצאטו לחם לבן שמן זית ללא קשה 400 גר,,,סמנצאטו לחם לבן שמן,גרמים,400.00,100 גרם,false,1,19.90,4.98,true,1,
8006227001389,false,סמנצאטו לחם מלא שמן זית ללא קשה 400 גר,,,סמנצאטו לחם מלא שמן,גרמים,400.00,100 גרם,false,1,19.90,4.98,true,1,
8006227270945,false,סמנצאטו-טראמציני לבן 250 גרם,,IT,סמנצאטו-טראמציני לבן,גרמים,250.00,100 גרם,false,1,16.90,6.76,true,1,
8006423461987,false,בונבוניירה סילין 300 גרם SORINI,,,בונבוניירה סילין 300,גרמים,300.00,100 גרם,false,1,55.50,18.50,true,1,
8006540088692,false,"הרבל אסנס מסיכה ארגן 450 מ""ל",,,הרבל אסנס מסיכה ארגן,יחידה,1.00,יחידה,false,1,49.90,49.90,true,1,
8006540358498,false,טמפקס פרל סופר 18 יח,,,טמפקס פרל סופר 18 יח,Unknown,0.00,Unknown,false,1,24.90,24.90,true,1,
8006540425930,false,קפסולות לכביסה אריאל כתמים קשים 24 יח,,,קפסולות לכביסה אריאל,Unknown,0.00,Unknown,false,1,36.90,36.90,true,1,
8006540429327,false,"פיירי סבון כלים לימון 440 מ""ל",,,פיירי סבון כלים לימו,יחידה,1.00,יחידה,false,1,10.90,10.90,true,1,
8006540491539,false,"נוזל כלים פיירי פלטינום אוריגינל 780 מ""ל",,GB,נוזל כלים פיירי פלטי,מיליליטרים,780.00,"100 מ""ל",false,1,13.90,1.78,true,1,
8006540495247,false,"מרכך כביסה לנור בניחוח פרחי בר 900 מ""ל",,,מרכך כביסה לנור בניח,מיליליטרים,897.00,"100 מ""ל",false,1,18.90,2.11,true,1,
8006663001042,false,גראנה פדאנה 200 גר,,IT,גרנה פדנו איטלקי,גרמים,200.00,100 גרם,false,1,28.20,14.10,true,1,
8006663001073,false,פרמזנו רגאנו איטלקי 200 גרם,,IT,פרמזנו רגאנו איטלקי,גרמים,200.00,100 גרם,false,1,35.90,17.95,true,1,
8007150901623,false,שמן זרעי ענבים 1 ליטר + 0.5 ליטר,,,שמן זרעי ענבים 1 ליט,ליטרים,0.00,ליטר,false,1,57.90,57.90,true,1,
8007150907175,false,שמן אורז 1 ליטר,,,שמן אורז 1 ליטר,ליטרים,0.00,ליטר,false,1,41.90,41.90,true,1,
8007178223547,false,"חומץ בלסמי מצומצם גקובזי 250 מ""ל",,,חומץ בלסמי מצומצם גק,מיליליטרים,250.00,"100 מ""ל",false,1,27.20,10.88,true,1,
8007270126791,false,"שמן זית אורגני קוסטה דאורו 750 מ""ל",,IT,שמן זית אורגני קוסטה,מיליליטרים,750.00,"100 מ""ל",false,1,52.50,7.00,true,1,
8007270999012,false,שמן גרעיני ענבים 1 ליטר,,,שמן גרעיני ענבים 1 ל,מיליליטרים,1000.00,"100 מ""ל",false,1,43.90,4.39,true,1,
8007520096003,false,מורנדו 4 קג לכלב(ירו,,,מורנדו 4 קג לכלב(ירו,Unknown,0.00,Unknown,false,1,49.90,49.90,true,1,
8007520096027,false,מור.פרופ כ קרוקט בקר,,,מור.פרופ כ קרוקט בקר,Unknown,0.00,Unknown,false,1,49.90,49.90,true,1,
8007537005920,false,פרימיום ציפס מלח ים 300 גרם,,IT,פרימיום ציפס מלח ים,גרמים,300.00,100 גרם,false,1,27.20,9.07,true,1,
8007537005937,false,פרימיום ציפס פלפל שחור ומלח ים 300 גרם,,IT,פרימיום ציפס פלפל שח,גרמים,300.00,100 גרם,false,1,27.20,9.07,true,1,
8007537006538,false,"טורטיליה ציפס תירס כחול לל""ג 450 גרם",,IT,טורטיליה ציפס תירס כ,גרמים,450.00,100 גרם,false,1,27.20,6.04,true,1,
8008429231014,false,טב שוקולד מריר ללא תוספת סוכר 75 ג,,,טב שוקולד מריר ללא ת,גרמים,75.00,100 גרם,false,1,10.50,14.00,true,1,
8008440222008,false,בירה פרוני 330 מל,,,"בירה פרוני 330 מ""ל",מיליליטרים,330.00,"100 מ""ל",false,1,7.90,2.39,true,1,
8008440522016,false,"שישיית בירה פרוני 6*330 מ""ל",,,שישיית בירה פרוני 6*,מיליליטרים,1980.00,"100 מ""ל",false,1,40.90,2.07,true,1,
8008495002402,false,יין מרסלה פיין 700 מל,,,יין מרסלה פיין 700 מ,Unknown,0.00,Unknown,false,1,51.90,51.90,true,1,
8008620009276,false,קרקר מלוח 500 גרם,,IT,קריץ קרקר מלוח 500 ג,גרמים,500.00,100 גרם,false,1,18.50,3.70,true,1,
8008620009290,false,קרקר חיטה 500 גרם,,IT,קריץ קרקר חיטה מלאה,גרמים,500.00,100 גרם,false,1,18.50,3.70,true,1,
8008660210021,false,מעדן ריבה מנץ אנד גאססר דובדבן 300 גר,,,מעדן ריבה מנץ אנד גא,גרמים,300.00,100 גרם,false,1,18.90,6.30,true,1,
8008660210038,false,מעדן ריבה מנץ אנד גאססר תות שדה 300 גר,,,מעדן ריבה מנץ אנד גא,גרמים,300.00,100 גרם,false,1,18.90,6.30,true,1,
8008698002049,false,קרקרים עגולים 175 גרם,,,קרקרים עגולים 175 גר,גרמים,175.00,100 גרם,false,1,24.90,14.23,true,1,
8008698002100,false,גריסיני 150 גרם,,,גריסיני 150 גרם,גרמים,150.00,100 גרם,false,1,25.10,16.73,true,1,
8008698002599,false,SCHAR לחם הבית 240 גרם,,,SCHAR לחם הבית 240 ג,גרמים,240.00,100 גרם,false,1,24.00,10.00,true,1,
8008698003152,false,"SCHAR גבטה כפרית לל""ג 250 גרם",,,"SCHAR גבטה כפרית לל""",גרמים,250.00,100 גרם,false,1,23.90,9.56,true,1,
8008698003503,false,עוגיות שיבולת שועל עם צימוקים 250 גר,,,קרקרים 210 גרם,גרמים,210.00,100 גרם,false,1,32.90,15.67,true,1,
8008698003961,false,SCHAR שוקו סטיק ללא גלוטן 150 גרם,,DE,SCHAR שוקו סטיק ללא,גרמים,150.00,100 גרם,false,1,23.90,15.93,true,1,
8008698004548,false,ביסקוויטים בציפוי קרם ללא גלוטן 150 גר,,,ביסקוויטים בציפוי קר,גרמים,150.00,100 גרם,false,1,20.90,13.93,true,1,
8008698004630,false,עוגיות דבל שוקולד 250 גרם,,,עוגיות דבל שוקולד 25,גרמים,250.00,100 גרם,false,1,30.50,12.20,true,1,
8008698005347,false,ביסקוטי שוקולד שר 150 גרם,,DE,ביסקוטי שוקולד שר 15,גרמים,150.00,100 גרם,false,1,15.90,10.60,true,1,
8008698008157,false,עוגיות דבל וניל 150 גרם,,,עוגיות דבל וניל 100,גרמים,100.00,100 גרם,false,1,13.90,13.90,true,1,
8008698010259,false,"SCHAR גבטה לל""ג 200 גרם",,,"SCHAR גבטה לל""ג 200",גרמים,200.00,100 גרם,false,1,23.90,11.95,true,1,
8008698010358,false,תערובת קמחים ללא גלוטן 500 גר SCHAER,,,תערובת קמחים ללא גלו,גרמים,500.00,100 גרם,false,1,17.90,3.58,true,1,
8008698012857,false,ביסקויטים פתי בר שר 165 גרם,,,ביסקויטים פתי בר שר,גרמים,165.00,100 גרם,false,1,21.50,13.03,true,1,
8008698013021,false,עוגיות שוק. ציפס ללא גלוטן 100 גר SCHAER,,,עוגיות שוק. ציפס ללא,גרמים,100.00,100 גרם,false,1,13.90,13.90,true,1,
8008698024065,false,לחם ללא גלוטן פאן בלנקו 250 גר,,DE,לחם ללא גלוטן פאן בל,גרמים,250.00,100 גרם,false,1,20.80,8.32,true,1,
8008698024140,false,לחם ללא גלוטן פאן מולטי גראנו 250 גר,,DE,לחם ללא גלוטן פאן מו,גרמים,250.00,100 גרם,false,1,20.80,8.32,true,1,
8008698024188,false,לחם ללא גלוטן פאן רוסטיקו 250 גר,,DE,לחם ללא גלוטן פאן רו,גרמים,250.00,100 גרם,false,1,20.80,8.32,true,1,
8008698029503,false,"חטיף כדורי דגנים שוקולד לל""ג 37 גרם",,IT,חטיף כדורי דגנים שוק,גרמים,37.00,100 גרם,false,1,9.90,26.76,true,1,
8008698031032,false,"חטיף קרוויס בטעם ברביקיו לל""ג 170 גרם",,FR,חטיף קרוויס בטעם ברב,גרמים,170.00,100 גרם,false,1,20.90,12.29,true,1,
8008698031056,false,"חטיף קרוויס טבעי לל""ג 170 גרם",,FR,"חטיף קרוויס טבעי לל""",גרמים,170.00,100 גרם,false,1,20.90,12.29,true,1,
8008698054109,false,ממרח אגוזי לוז קקאו ומקלות אפויים 52 גר,,,ממרח אגוזי לוז קקאו,גרמים,52.00,100 גרם,false,1,13.90,26.73,true,1,
8008825005363,false,עגבניות מרוסקות 3*400 גר Rodolfi,,,עגבניות מרוסקות 3*4,קילוגרמים,0.00,"ק""ג",false,1,18.80,18.80,true,1,
8008825012538,false,מחית עגבניות 690 גרם Rodolfi,,,מחית עגבניות 690 גרם,גרמים,690.00,100 גרם,false,1,12.90,1.87,true,1,
8008825012545,false,מחית עגבניות/זרעים 690 גרם Rodolfi,,,מחית עגבניות/זרעים 6,גרמים,690.00,100 גרם,false,1,13.50,1.96,true,1,
8008920590061,false,למברוסקו ספומנטה רוזה 750 מל CORONA,,,למברוסקו ספומנטה אדו,Unknown,0.00,Unknown,false,1,33.90,33.90,true,1,
8008920590078,false,למברוסקו ספומנטה לבן 750 מל CORONA,,,למברוסקו ספומנטה לבן,Unknown,0.00,Unknown,false,1,33.90,33.90,true,1,
8008920590085,false,למברוסקו ספומנטה אדום 750 מל CORONA,,,למברוסקו ספומנטה רוז,Unknown,0.00,Unknown,false,1,33.90,33.90,true,1,
8008990005519,false,זוג ברזליות לניקוי סירים,,,זוג ברזליות לניקוי ס,Unknown,0.00,Unknown,false,1,8.90,8.90,true,1,
8008990061508,false,מטאמא פנימי רפידה,,,מטאמא פנימי רפידה,Unknown,0.00,Unknown,false,1,34.50,34.50,true,1,
8009149000119,false,"קמח תירס מולינו פיילה - פולנטה 1 ק""ג",,,קמח תירס מולינו פייל,גרמים,1000.00,100 גרם,false,1,20.70,2.07,true,1,
8009730900088,false,"ספריי תיבול בטעם זעפרן 40 מ""ל",,,ספריי תיבול זעפרן,מיליליטרים,40.00,"100 מ""ל",false,1,13.90,34.75,true,1,
8009915000039,false,פסטה קפליני ללא גלוטן 250 גרם,,,פסטה קפליני ללא גלוט,גרמים,250.00,100 גרם,false,1,15.90,6.36,true,1,
8009915000282,false,פסטה פטוציני ללא גלוטן 250 גרם,,,פסטה פטוציני ללא גלו,גרמים,250.00,100 גרם,false,1,15.90,6.36,true,1,
8009915001227,false,פסטה פנה ללא גלוטן 250 גרם,,,פסטה פנה ללא גלוטן 2,גרמים,250.00,100 גרם,false,1,15.90,6.36,true,1,
8009915001340,false,פסטה אליקה ללא גלוטן 250 גרם,,,פסטה אליקה ללא גלוטן,גרמים,250.00,100 גרם,false,1,15.90,6.36,true,1,
8009915004167,false,ביסקוויט מקמח תירס עם קוקוס 250 גרם,,,ביסקוויט מקמח תירס ע,גרמים,250.00,100 גרם,false,1,17.90,7.16,true,1,
8009915008714,false,לזניה ללא גלוטן 250 גרם,,,לזניה ללא גלוטן 250,גרמים,250.00,100 גרם,false,1,20.50,8.20,true,1,
8009915008905,false,מיני גריסיני ל.גלוטן עם שמן זית 250 גרם,,,מיני גריסיני ל.גלוטן,גרמים,250.00,100 גרם,false,1,18.90,7.56,true,1,
8009915008912,false,מיני גריסיני ל.גלוטן זרעי ציה שומשום 250,,,מיני גריסיני ל.גלוטן,גרמים,250.00,100 גרם,false,1,18.90,7.56,true,1,
8010024006010,false,חמאת שקדים 100% 350 גרם השקד,,,חמאת שקדים 100% 350,גרמים,350.00,100 גרם,false,1,44.90,12.83,true,1,
8013108003523,false,בונבוניירה אגוזי פיימונטה 165 ג CAFFAREL,,,בונבוניירה אגוזי פיי,גרמים,165.00,100 גרם,false,1,29.90,18.12,true,1,
8014006005008,false,קרוטונים אפויים עם שמן זית 200 גר,,,קרוטונים אפויים עם ש,גרמים,200.00,100 גרם,false,1,18.90,9.45,true,1,
8015997000133,false,מאריני-קנטוציני עוגיות עם שקדים 200 ג,,IT,מאריני-קנטוציני עוגי,גרמים,200.00,100 גרם,false,1,15.60,7.80,true,1,
8015997000157,false,מאריני בישקוטים פריכים בטעם קקאו 200 גר,,IT,מאריני בישקוטים פריכ,גרמים,200.00,100 גרם,false,1,8.90,4.45,true,1,
8017300114452,false,"ליקר לימונצלו פיימה 700 מ""ל",,,ליקר לימונצלו פיימה,מיליליטרים,700.00,"100 מ""ל",false,1,94.90,13.56,true,1,
8017746066667,false,"יין רוזאטו די טוסקנה רוזה יבש 750 מ""ל",,,יין רוזאטו די טוסקנה,Unknown,0.00,Unknown,false,1,49.90,49.90,true,1,
8017746286539,false,"יין קיאנטי פוגיו סו וינצי 750 מ""ל",,,יין קיאנטי פוגיו סו,Unknown,0.00,Unknown,false,1,52.90,52.90,true,1,
8017938005184,false,"חומץ תפוחים אורגני 750 מ""ל",,,חומץ תפוחים אורגני 7,מיליליטרים,750.00,"100 מ""ל",false,1,18.90,2.52,true,1,
8017938005764,false,מיץ תפוחים אורגני 100% 1 ליטר נטורפוד,,,מיץ תפוחים אורגני 10,מיליליטרים,1000.00,"100 מ""ל",false,1,20.90,2.09,true,1,
8019428000099,false,משקה אורז אורגני בתוספת שקדים 1 ליטר,,,משקה אורז אורגני בתו,מיליליטרים,1000.00,"100 מ""ל",false,1,15.60,1.56,true,1,
8019428007005,false,משקה סויה אורגני 1 ליטר,,,משקה סויה אורגני 1 ל,מיליליטרים,1000.00,"100 מ""ל",false,1,12.50,1.25,true,1,
8019873824196,false,"יין קללנטה רוזה 750 מ""ל",,,יין קללנטה רוזה 750,Unknown,0.00,Unknown,false,1,109.90,109.90,true,1,
8021274041003,false,"קמח רוסו 1 ק""ג STAGIONI 5",,,"קמח רוסו 1 ק""ג STAG",גרמים,1000.00,100 גרם,false,1,11.40,1.14,true,1,
8021274070010,false,קמח לבן פיצה נפוליטנה 1 קג STAGIONI 5,,,קמח לבן פיצה נפוליטנ,גרמים,1000.00,100 גרם,false,1,11.80,1.18,true,1,
8022470213393,false,דרגיה שקד מריר 500 גר PRISCO MAX,,,דרגיה שקד מריר 500 ג,קילוגרמים,0.50,"ק""ג",false,1,39.90,79.80,true,1,
8022470213423,false,דרגיה לוז מריר 500 גר PRISCO MAX,,,בונ.ידרגיה לוז מריר,גרמים,500.00,100 גרם,false,1,39.90,7.98,true,1,
8022470213485,false,דרגיה דובדובן מריר 500 ג PRISCO MAX,,,דרגיה דובדובן מריר 5,קילוגרמים,0.50,"ק""ג",false,1,39.90,79.80,true,1,
8022470213515,false,דרגיה צימוקים מריר 500 גר PRISCO MAX,,,דרגיה צימוקים מריר 5,גרמים,500.00,100 גרם,false,1,34.90,6.98,true,1,
8022470253610,false,דרגה ליקר לימונצלו בשוקולד לבן 500 גר,,IT,דרגה ליקר לימונצלו ב,גרמים,500.00,100 גרם,false,1,44.90,8.98,true,1,
8022470253627,false,דרגה ליקר פיסטוקים בשוקולד לבן 500 גר,,IT,דרגה ליקר פיסטוקים ב,גרמים,500.00,100 גרם,false,1,44.90,8.98,true,1,
8022734000158,false,"חומץ בלסמי ממודנה 250 מ""ל ARGENTO",,,חומץ בלסמי ממודנה 25,מיליליטרים,250.00,"100 מ""ל",false,1,68.50,27.40,true,1,
8023114000515,false,יין איטלקי וורזנו קיאנטי קלסיקו 750 מל,,,יין איטלקי וורזנו קי,מיליליטרים,750.00,"100 מ""ל",false,1,99.90,13.32,true,1,
8023492000336,false,סטיק שוקולד מריר עם אגוזים 150 גר DG 3,,,סטיק שוקולד מריר עם,גרמים,150.00,100 גרם,false,1,16.90,11.27,true,1,
8023678162360,false,משקה שקדים אורגני 1 ליטר isola,,,משקה שקדים אורגני 1,מיליליטרים,1000.00,"100 מ""ל",false,1,16.90,1.69,true,1,
8023678164517,false,"משקה שקדים אורגני ללת""ס 1 ליטר isola",,,משקה שקדים אורגני לל,ליטרים,0.00,ליטר,false,1,17.70,17.70,true,1,
8024985000079,false,מחית תפוח משמש 100% פרי 200 ג נטורה נובה,,,מחית תפוח משמש 100%,גרמים,200.00,100 גרם,false,1,10.90,5.45,true,1,
8024985000086,false,מחית תפוח בננה 100% פרי 200 ג נטורה נובה,,,מחית תפוח בננה 100%,גרמים,200.00,100 גרם,false,1,10.90,5.45,true,1,
8024985002783,false,סמוזי נטורה נובה גזר ודלעת 100 גרם,,,סמוזי נטורה נובה גזר,גרמים,100.00,100 גרם,false,1,6.50,6.50,true,1,
8024985002912,false,סמוזי אגס בטטה 100 גר נטורה נובה,,IT,סמוזי אגס בטטה 100 ג,גרמים,100.00,100 גרם,false,1,6.50,6.50,true,1,
8024985002943,false,סמוזי נטורה נובה תפוח אננס קוקוס 100 גרם,,,סמוזי נטורה נובה תפו,גרמים,100.00,100 גרם,false,1,6.50,6.50,true,1,
8024985002950,false,סמוזי שזיף אורגני 100 גרם,,IT,סמוזי שזיף אורגני 10,גרמים,100.00,100 גרם,false,1,6.50,6.50,true,1,
8024985002967,false,סמוזי נטורה נובה בננה תרד 100 גרם,,,סמוזי נטורה נובה בננ,גרמים,100.00,100 גרם,false,1,6.50,6.50,true,1,
8024985005234,false,סמוזי נטורה נובה סמוצי תפוח מנגו 100 גרם,,,מחית נטורה נובה סמוצ,גרמים,100.00,100 גרם,false,1,6.50,6.50,true,1,
8024985005296,false,סמוזי אגס בננה תפוח וקינואה אורגני,,,סמוזי אגס בננה תפוח,גרמים,120.00,100 גרם,false,1,8.50,7.08,true,1,
8024985005302,false,סמוזי תפוח רימון פטל אוכמניות אורגני,,,סמוזי תפוח רימון פטל,גרמים,120.00,100 גרם,false,1,8.50,7.08,true,1,
8024985008037,false,סמוזי נטורה נובה סמוצי תפוח 100 גרם,,,מחית נטורה נובה סמוצ,גרמים,100.00,100 גרם,false,1,6.50,6.50,true,1,
8024985008044,false,סמוזי נטורה נובה סמוצי אגס 100 גרם,,,מחית נטורה נובה סמוצ,גרמים,100.00,100 גרם,false,1,6.50,6.50,true,1,
8024985008051,false,סמוזי נטורה נובה סמוצי פירות אדומים 100,,,מחית נטורה נובה סמוצ,גרמים,100.00,100 גרם,false,1,6.50,6.50,true,1,
8024985011204,false,סמוזי תפוח תות בננה 100 גר נטורה נובה,,,סמוזי תפוח תות בננה,גרמים,100.00,100 גרם,false,1,6.50,6.50,true,1,
8026985075910,false,"מיץ תפוחים אורגני 750 מ""ל",,,מיץ תפוחים אורגני 75,מיליליטרים,750.00,"100 מ""ל",false,1,20.90,2.79,true,1,
8030316001011,false,מונטאלבאנו פינו גריגיו 750 מל אורגני,,,מונטאלבאנו פינו,מיליליטרים,750.00,"100 מ""ל",false,1,70.90,9.45,true,1,
8032523530452,false,ממרח פיסטוק 200 גרם,,,ממרח פיסטוק 200 גרם,גרמים,200.00,100 גרם,false,1,37.90,18.95,true,1,
8032804430501,false,פליסיה פסטה פוזילי אפונה אורגני 250 גרם,,,פליסיה פסטה פוזילי א,גרמים,250.00,100 גרם,false,1,15.90,6.36,true,1,
8032804430976,false,"ריגטוני שיבולת שועל לל""ג פליסיה 340 גרם",,IT,ריגטוני שיבולת שועל,גרמים,340.00,100 גרם,false,1,18.90,5.56,true,1,
8032804432017,false,פוזילי פליסיה כוסמת אורגני 340 גר,,,פוזילי פליסיה כוסמת,גרמים,340.00,100 גרם,false,1,16.90,4.97,true,1,
8032804432031,false,פנה אורז מלא אורגני 340 גרם פליסיה,,,פנה אורז מלא אורגני,גרמים,340.00,100 גרם,false,1,14.90,4.38,true,1,
8032880800243,false,פיקניק הפתעה 50 גרם,,,פיקניק הפתעה 50 גרם,גרמים,50.00,100 גרם,false,1,8.50,17.00,true,1,
8033020445973,false,"PIVETTI קמח 00 לכל מטרה 1 ק""ג",,IT,PIVETTI קמח 00 לכל מ,גרמים,1000.00,100 גרם,false,1,8.30,0.83,true,1,
8033020445980,false,"PIVETTI קמח לפסטה 00 1 ק""ג",,IT,PIVETTI קמח לפסטה 00,גרמים,1000.00,100 גרם,false,1,13.90,1.39,true,1,
8033020446000,false,"PIVETTI קמח איטלקי לפיצה ופוקצה 1 ק""ג",,IT,PIVETTI קמח איטלקי ל,גרמים,1000.00,100 גרם,false,1,10.90,1.09,true,1,
8034023209104,false,רבעי ארטישוק 280 גרם TERRE,,,רבעי ארטישוק 280 גרם,גרמים,280.00,100 גרם,false,1,20.90,7.46,true,1,
8034023209166,false,ארטישוק שלם 530 גר TERRE,,,ארטישוק שלם 530 גר T,גרמים,530.00,100 גרם,false,1,30.50,5.75,true,1,
8034023209180,false,ארטישוק בגריל 290 גרם TERRE,,,ארטישוק בגריל 290 גר,גרמים,290.00,100 גרם,false,1,18.60,6.41,true,1,
8034141060106,false,וורמוט ביאנקו 1 ל GRAN TORINO,,,וורמוט ביאנקו 1 ל GR,Unknown,0.00,Unknown,false,1,38.90,38.90,true,1,
8050705431106,false,עוגיות במילוי קרם בטעם שוקולד 300 גר,,,עוגיות במילוי קרם בט,גרמים,300.00,100 גרם,false,1,15.90,5.30,true,1,
8050705431168,false,עוגיות במילוי קרם בטעם דובדבן 300 גר,,,עוגיות במילוי קרם בט,גרמים,300.00,100 גרם,false,1,15.90,5.30,true,1,
8050705432219,false,עוגיות בטעם קפה עם קרם חלב 300גר,,,עוגיות בטעם קפה עם ק,גרמים,300.00,100 גרם,false,1,15.90,5.30,true,1,
8076800195019,false,ספגטי מס 1 קפליני 500 גר ברילה,,,ספגטי מס 1 קפליני 5,גרמים,500.00,100 גרם,false,1,7.90,1.58,true,1,
8076800195033,false,ספגטי ברילה מס 3 ברילה,,,ספגטי ברילה מס 3 ברי,גרמים,500.00,100 גרם,false,1,7.90,1.58,true,1,
8076800195057,false,ספגטי ברילה מס 5 ברילה,,,ספגטי ברילה מס 5 ברי,גרמים,500.00,100 גרם,false,1,7.90,1.58,true,1,
8076800195132,false,פסטה ברילה מס 13,,,פסטה ברילה מס 13,גרמים,500.00,100 גרם,false,1,7.90,1.58,true,1,
8076800315097,false,ספגטי ברילה בוקטיני מס 9,,,ספגטי ברילה בוקטיני,גרמים,500.00,100 גרם,false,1,7.90,1.58,true,1,
8076802085738,false,פסטה ברילה פנה רגטה מס 73,,,פסטה ברילה פנה רגטה,גרמים,500.00,100 גרם,false,1,7.90,1.58,true,1,
8076802085837,false,פסטה ברילה טורטליוני מס 83,,,פסטה ברילה טורטליוני,גרמים,500.00,100 גרם,false,1,7.90,1.58,true,1,
8076802085981,false,פסטה ברילה פוזילי מס 98,,,פסטה ברילה פוזילי מס,גרמים,500.00,100 גרם,false,1,7.90,1.58,true,1,
8076808050440,false,פסטה ברילה מקרוני מס 44,,,פסטה ברילה מקרוני,גרמים,500.00,100 גרם,false,1,7.90,1.58,true,1,
8076808060654,false,ברילה פרפלה מס 65,,,ברילה פרפלה מס 65,גרמים,500.00,100 גרם,false,1,7.90,1.58,true,1,
8076808150072,false,ספגטי ברילה מס 7 ברילה,,,ספגטי ברילה מס 7 ברי,גרמים,500.00,100 גרם,false,1,7.90,1.58,true,1,
8076809501415,false,פנה טריקולור 78 500 גרם,,,פנה טריקולור 78 500,גרמים,500.00,100 גרם,false,1,17.10,3.42,true,1,
8076809512268,false,ברילה גירנדולה מס 34,,,ברילה גירנדולה מס 34,גרמים,500.00,100 גרם,false,1,7.90,1.58,true,1,
8076809513388,false,רוטב ארביאטה 400 גרם ברילה,,,רוטב ארביאטה 400 גרם,גרמים,400.00,100 גרם,false,1,16.90,4.23,true,1,
8076809513395,false,רוטב פומודורו 400 גרם ברילה,,,רוטב פומודורו 400 גר,גרמים,400.00,100 גרם,false,1,16.90,4.23,true,1,
8076809513654,false,בסיס רוטב עגבניות לבולונז 400 גרם ברילה,,,בסיס רוטב עגבניות לב,גרמים,400.00,100 גרם,false,1,16.90,4.23,true,1,
8076809513692,false,רוטב נפוליטנה 400 גרם ברילה,,,רוטב נפוליטנה 400 גר,גרמים,400.00,100 גרם,false,1,16.90,4.23,true,1,
8076809513739,false,רוטב בזיליקום 400 גרם ברילה,,,רוטב בזיליקום 400 גר,גרמים,400.00,100 גרם,false,1,16.90,4.23,true,1,
8076809514774,false,פסטה עם ביצים פפרדלה 250 גר,,,פסטה עם ביצים פפרדלה,גרמים,250.00,100 גרם,false,1,18.90,7.56,true,1,
8076809523561,false,רוטב פסטה בטעם פיצה 400 גרם ברילה,,,רוטב פסטה בטעם פיצה,גרמים,400.00,100 גרם,false,1,16.90,4.23,true,1,
8076809523738,false,ברילה לזניה 500 גרם,,,ברילה לזניה 500 גרם,גרמים,500.00,100 גרם,false,1,25.70,5.14,true,1,
8076809529419,false,ספגטי חיטה מלאה 500 גרם,,,ספגטי חיטה מלאה 500,גרמים,500.00,100 גרם,false,1,15.50,3.10,true,1,
8076809529433,false,פנטה רגטה חיטה מלאה 500 גרם,,,פנטה רגטה חיטה מלאה,גרמים,500.00,100 גרם,false,1,15.50,3.10,true,1,
8076809545440,false,ברילה ספגטי ללא גלוטן 400 גרם,,,ברילה ספגטי,גרמים,400.00,100 גרם,false,1,15.90,3.98,true,1,
8076809545457,false,ברילה פסטה ללא גלוטן צורת צינורות 400 גר,,,ברילה פסטה ללא גלוטן,גרמים,400.00,100 גרם,false,1,15.90,3.98,true,1,
8076809545464,false,ברילה פסטה ללא גלוטן צורת ספירלי 400 גר,,,ברילה פסטה ללא גלוטן,גרמים,400.00,100 גרם,false,1,15.90,3.98,true,1,
8076809547956,false,ברילה צ.ק קיפרי 500 גרם,,IT,ברילה קיפרי 500 גר,גרמים,500.00,100 גרם,false,1,7.90,1.58,true,1,
8190010296523,false,"כרוב חמוציות 1 ק""ג",,,"כרוב חמוציות 1 ק""ג",גרמים,1000.00,100 גרם,false,1,25.10,2.51,true,1,
8190010296547,false,כרוב חמוציות 500 גר,,,כרוב חמוציות 500 גר,גרמים,500.00,100 גרם,false,1,13.90,2.78,true,1,
8290010296858,false,אסורטי 600 גר,,,אסורטי 600 גר,גרמים,600.00,100 גרם,false,1,20.80,3.47,true,1,
8390010296831,false,כרוב בולגרי 500 גר,,,כרוב בולגרי 500 גר,גרמים,600.00,100 גרם,false,1,12.50,2.08,true,1,
8410001134833,false,זוג ספוגים לניקוי ללא שריטות,,,זוג ספוגים לניקוי לל,יחידה,1.00,יחידה,false,1,15.90,15.90,true,1,
8410013006142,false,יין קודורניו קלאסיקו קאווה רוזה יבש 750,,,יין קודורניו קלאסיקו,Unknown,0.00,Unknown,false,1,46.90,46.90,true,1,
8410013381010,false,יין מבעבע קודורניו קלאסיקו ברוט 750 מל,,,יין מבעבע קודורניו ק,Unknown,0.00,Unknown,false,1,48.90,48.90,true,1,
8410013381089,false,יין קווה קודורניו קלסיקו יבש 200מל*3,,,יין קווה קודורניו קל,Unknown,0.00,Unknown,false,1,67.10,67.10,true,1,
8410013383014,false,יין קאווה קודורניו קלאסיקו חצי יבש 750 מ,,,יין קאווה קודורניו ק,Unknown,0.00,Unknown,false,1,48.90,48.90,true,1,
8410013991042,false,יין קאווה באך יבש 750 מל,,,יין קאווה באך יבש 75,Unknown,0.00,Unknown,false,1,44.90,44.90,true,1,
8410013992094,false,יין קאווה באך חצי יבש 750 מל,,,יין קאווה באך חצי יב,Unknown,0.00,Unknown,false,1,44.90,44.90,true,1,
8410076600622,false,נייטשר וואלי שוקו ציפס,,,נייטשר וואלי שוקו צי,גרמים,175.00,100 גרם,false,1,19.90,11.37,true,1,
8410076600806,false,נייטשר וואלי חטיף שיבולת שועל מייפל 210,,,נייטשר וואלי חטיף שי,גרמים,210.00,100 גרם,false,1,19.90,9.48,true,1,
8410076610379,false,חטיף נייטשר ואלי פרוטאין שוקולד 210 גרם,,,חטיף נייטשר ואלי פרו,גרמים,210.00,100 גרם,false,1,26.90,12.81,true,1,
8410076610386,false,חטיף נייטשר ואלי פרוטאין קרם מלוח 210 גר,,,חטיף נייטשר ואלי פרו,גרמים,210.00,100 גרם,false,1,26.90,12.81,true,1,
8410076610492,false,חטיף צואי נייטשר וואלי בוטנים אמיתית 150,,,חטיף צואי נייטשר ווא,גרמים,150.00,100 גרם,false,1,19.90,13.27,true,1,
8410076610508,false,חטיף צואי נייטשר וואלי בוטנים ושקדים 150,,,חטיף צואי נייטשר ווא,גרמים,150.00,100 גרם,false,1,19.90,13.27,true,1,
8410076621047,false,חטיף פייבר 1 בטעם שוקולד פאדגי 120 גרם,,,חטיף פייבר 1 בטעם שו,גרמים,120.00,100 גרם,false,1,17.90,14.92,true,1,
8410104039134,false,פיניש מנקה ומחדש,,,מנקה ומחדש פיניש 250,מיליליטרים,250.00,"100 מ""ל",false,1,19.90,7.96,true,1,
8410104045111,false,פיניש מלח 2 קג,,,פיניש מלח 2 קג,קילוגרמים,0.00,"ק""ג",false,1,16.90,16.90,true,1,
8410109056532,false,ואלור טב שוק מריר במילוי טראפלס 100 ג,,,ואלור טב שוק מריר במ,גרמים,100.00,100 גרם,false,1,14.90,14.90,true,1,
8410109056549,false,ואלור טב שוק חלב במילוי קרם אגוזים 100,,,ואלור טב שוק חלב במי,גרמים,100.00,100 גרם,false,1,14.90,14.90,true,1,
8410128768324,false,ויוה סוי שקדים קרטונית 1 ליטר,,ES,ויוה סוי שקדים קרטונ,מיליליטרים,1000.00,"100 מ""ל",false,1,13.90,1.39,true,1,
8410179002767,false,זיתים ירוקים ממולאים באנשובי 300 גר ITLV,,ES,זיתים ירוקים ממולאים,גרמים,300.00,100 גרם,false,1,10.90,3.63,true,1,
8410182420114,false,בצלצלי פנינה בחומץ 370 גר,,,בצלצלי פנינה בחומץ 3,גרמים,340.00,100 גרם,false,1,13.30,3.91,true,1,
8410261151625,false,יין סנגריה גרסיה דון סימון אדום 1.5 ל,,,יין סנגריה גרסיה דון,Unknown,0.00,Unknown,false,1,20.90,20.90,true,1,
8410342003270,false,"טוראס-שוקולד מריר 72% אגוזים ללת""ס 150 ג",,ES,טוראס-שוקולד מריר 72,גרמים,150.00,100 גרם,false,1,19.90,13.27,true,1,
8410342005632,false,"טוראס-שוקולד חלב שקד ללת""ס 75 גרם",,ES,טוראס-שוקולד חלב שקד,גרמים,75.00,100 גרם,false,1,10.90,14.53,true,1,
8410342007063,false,"טוראס-שוקולד מריר 95% ללת""ס 100 גרם",,ES,טוראס-שוקולד מריר 95,גרמים,100.00,100 גרם,false,1,19.90,19.90,true,1,
8410342007148,false,"טוראס-ש.מריר תפוז 72% ללת""ס 125ג",,ES,טוראס-ש.מריר תפוז 72,גרמים,125.00,100 גרם,false,1,19.90,15.92,true,1,
8410342007421,false,"טוראס-שוקולד חלב אגוזים ללת""ס 150 גר",,ES,טוראס-שוקולד חלב אגו,גרמים,150.00,100 גרם,false,1,19.90,13.27,true,1,
8410376009392,false,"ביסקוויט ללת""ס חיטה מלאה 170 גר",,,ביסקוויט חיטה מלאה,גרמים,170.00,100 גרם,false,1,10.90,6.41,true,1,
8410376010701,false,"ביסקוויט ללת""ס גולון גלטה מריה 400 גר",,,ביסקוויט גולון,גרמים,400.00,100 גרם,false,1,18.90,4.73,true,1,
8410376028416,false,גולון או2 לצה 252ג,,ES,עוגיות מצופות שוקולד,גרמים,252.00,100 גרם,false,1,13.90,5.52,true,1,
8410376033267,false,"גולון ללת""ס ביסקויט",,,"גולון ללת""ס ביסקויט",גרמים,410.00,100 גרם,false,1,22.90,5.59,true,1,
8410376035407,false,גולון בישקוטים 200ג,,,גולון בישקוטים 200ג,גרמים,200.00,100 גרם,false,1,7.90,3.95,true,1,
8410376037319,false,קרקר פיק מלח גולון 300 גר,,ES,קרקר פיק מלח גולון 3,גרמים,300.00,100 גרם,false,1,10.90,3.63,true,1,
8410376037784,false,"ביסקויט ללת""ס סנדוויץ שוקו 250 גר גונץ",,,"ביסקויט ללת""ס סנדווי",גרמים,250.00,100 גרם,false,1,17.90,7.16,true,1,
8410376042481,false,גולון ביסקוויט קרם יוגורט ללתס 220 גרם,,,גולון ביסקוויט קרם י,גרמים,220.00,100 גרם,false,1,15.90,7.23,true,1,
8410376047509,false,"גולון ביסקויט ללת""ס 400 גרם",,,"גולון ביסקויט ללת""ס",גרמים,400.00,100 גרם,false,1,17.90,4.48,true,1,
8410376057270,false,גולון-ביסקוויט ללא סוכר עם ש.מריר 150 גר,,ES,"גולון-ביסקוויט ללת""ס",גרמים,150.00,100 גרם,false,1,18.90,12.60,true,1,
8410376059380,false,גולון וופל וניל ללא תוספת סוכר 180 גרם,,ES,גולון וופל וניל ללא,גרמים,180.00,100 גרם,false,1,17.90,9.94,true,1,
8410376059397,false,גולון וופל שוקולד ללא תוספת סוכר 180 גרם,,ES,גולון וופל שוקולד לל,גרמים,180.00,100 גרם,false,1,17.90,9.94,true,1,
8410376060461,false,גולון-ביסקוויט דיאגסטיב תפוז 280 גרם,,ES,גולון-ביסקוויט דיאגס,גרמים,280.00,100 גרם,false,1,15.50,5.54,true,1,
8410376064438,false,"גולון-פינאס ביסקויט שוקו חלב ללת""ס 150ג",,ES,גולון-פינאס ביסקויט,גרמים,150.00,100 גרם,false,1,17.90,11.93,true,1,
8410406001235,false,"יין קונסטנילה טמפרניו ריוחה 750 מ""ל",,ES,יין קונסטנילה טמפרני,מיליליטרים,750.00,"100 מ""ל",false,1,59.90,7.99,true,1,
8410525121500,false,פיני שטיחים מסוכרים 90 גרם,,ES,פיני שטיחים מסוכרים,Unknown,1.00,Unknown,false,1,7.50,7.50,true,1,
8410525175589,false,פיני סוכריות גלי בטעם דובדבן 80 גרם,,ES,פיני סוכריות גלי בטע,Unknown,1.00,Unknown,false,1,7.50,7.50,true,1,
8410525179327,false,פיני מרשמלו תות מסוכר 80 גרם,,ES,פיני מרשמלו תות מסוכ,Unknown,0.00,Unknown,false,1,7.50,7.50,true,1,
8410525205194,false,פיני גומי מוקצף בטעם תות ושמנת 75 גרם,,ES,פיני גומי מוקצף בטעם,Unknown,1.00,Unknown,false,1,7.50,7.50,true,1,
8410525220548,false,פיני גומי חמוץ תמנון 90 גרם,,ES,פיני גומי חמוץ תמנון,Unknown,1.00,Unknown,false,1,7.50,7.50,true,1,
8410655000423,false,"מארז בירה סאן מיגל 4*330 מ""ל",,,מארז בירה סאן מיגל 4,מיליליטרים,1320.00,"100 מ""ל",false,1,26.90,2.04,true,1,
8410655002458,false,"בירה סאן מיגל ללא גלוטן 330 מ""ל",,,בירה סאן מיגל ללא גל,מיליליטרים,330.00,"100 מ""ל",false,1,13.90,4.21,true,1,
8410743700297,false,יין קווה קסטילו פרלדה יבש 750 מל,,,יין קווה קסטילו פרלד,Unknown,0.00,Unknown,false,1,53.90,53.90,true,1,
8410743700303,false,יין קווה קסטילו פרלדה חצי יבש 750 מל,,,יין קווה קסטילו פרלד,Unknown,0.00,Unknown,false,1,53.90,53.90,true,1,
8410793001764,false,"רביעיית בירה אסטרייה דאם 330 מ""ל בקבוק",,,רביעיית בירה אסטרייה,מיליליטרים,1320.00,"100 מ""ל",false,1,39.90,3.02,true,1,
8410793263834,false,שישיית אסטרייה דאם דאורה ללא גלוטן 6*330,,,שישיית אסטרייה דאם ד,ליטרים,0.00,ליטר,false,1,51.90,51.90,true,1,
8411320105108,false,פילה אנשובי בשמן זית 95 גר ORTIZ צנצנת,,,פילה אנשובי בשמן זית,גרמים,95.00,100 גרם,false,1,54.50,57.37,true,1,
8411320334027,false,נתחי טונה צהובה בשמן זית 112 גר ORTIZ,,,נתחי טונה צהובה בשמן,גרמים,112.00,100 גרם,false,1,17.30,15.45,true,1,
8412168002529,false,"מחייה 13 - לימון 700 מ""ל",,ES,מחייה 13 - לימון 700,מיליליטרים,700.00,"100 מ""ל",false,1,60.90,8.70,true,1,
8413165070825,false,אוגרטה ריוחה קוסצה 2012 750 מל,,,אוגרטה ריוחה קוסצה,Unknown,0.00,Unknown,false,1,48.90,48.90,true,1,
8413376024839,false,גבינת עיזים רכה עשבי תיבול 29% 110 גר,,ES,גבינת עיזים רכה עשבי,גרמים,110.00,100 גרם,false,1,18.60,16.91,true,1,
8413664611611,false,פאפאס ארגנטה ציפס דליקטס 180 גרם,,ES,פאפאס ארגנטה ציפס דל,גרמים,180.00,100 גרם,false,1,24.90,13.83,true,1,
8413664611956,false,פאפאס ארגנטה-ציפס עם עשבי תיבול 160 ג,,,פאפאס ארגנטה-ציפס עם,גרמים,160.00,100 גרם,false,1,24.90,15.56,true,1,
8413664811851,false,פאפאס ארגנטה ציפס עם שמן זית 160 גרם,,ES,פאפאס ארגנטה ציפס עם,גרמים,160.00,100 גרם,false,1,24.90,15.56,true,1,
8413664811905,false,פאפאס ארגנטה ציפס ש.זית קינואה מלח 150 ג,,ES,פאפאס ארגנטה ציפס ש.,גרמים,150.00,100 גרם,false,1,24.90,16.60,true,1,
8420342002012,false,פרוטוס ריברה דל דוארו רובלה 750 מל,,,פרוטוס ריברה דל,Unknown,0.00,Unknown,false,1,73.90,73.90,true,1,
8420822130600,false,"סופר מסיר שומנים 750 מ""ל",,,סופר מסיר שומנים 750,יחידה,1.00,יחידה,false,1,18.90,18.90,true,1,
8421150647105,false,סנדמאן-שרי-ריץ גולדן 750 מל,,,סאנדמן שרי ריץ גולדן,Unknown,0.00,Unknown,false,1,71.90,71.90,true,1,
8423207206488,false,חטיף דגנים מלאים מצופה שוקולד חלב 120 גר,,,חטיף דגנים מלאים מצו,גרמים,120.00,100 גרם,false,1,12.90,10.75,true,1,
8423207206495,false,חטיף דגנים מלאים מצופה שוקולד מריר 120 ג,,,חטיף דגנים מלאים מצו,גרמים,120.00,100 גרם,false,1,12.90,10.75,true,1,
8423207206501,false,חטיף רב דגנים עם שוקולד חלב 78 גרם,,,חטיף רב דגנים עם שוק,גרמים,78.00,100 גרם,false,1,12.90,16.54,true,1,
8423207207362,false,חטיף דגנים סלים דליס שוקולד לבן 120 גר,,,חטיף דגנים סלים דליס,גרמים,120.00,100 גרם,false,1,12.90,10.75,true,1,
8423207208260,false,חטיף סלים דליס ללא גלוטן שוקולד חלב 78 ג,,,חטיף סלים דליס ללא ג,גרמים,78.00,100 גרם,false,1,11.90,15.26,true,1,
8423207208680,false,סלים דליס לילדים עם שוקולד חלב 120 גרם,,,סלים דליס לילדים עם,גרמים,120.00,100 גרם,false,1,12.90,10.75,true,1,
8423207208697,false,סלים דליס לילדים עם שוקולד לבן 120 גרם,,,סלים דליס לילדים עם,גרמים,120.00,100 גרם,false,1,12.90,10.75,true,1,
8423207208703,false,סלים דליס מהדורה עם שוקולד מריר 120 גרם,,,סלים דליס מהדורה עם,גרמים,120.00,100 גרם,false,1,12.90,10.75,true,1,
8423207208895,false,פריכיות תירס בטעם זיתים ועירית 123.5 גר,,,פריכיות תירס בטעם זי,גרמים,124.00,100 גרם,false,1,10.90,8.79,true,1,
8423207210287,false,סלים דליס שוקולד לבן בטעם יוגורט 120 גר,,,סלים דליס שוקולד לבן,גרמים,120.00,100 גרם,false,1,12.90,10.75,true,1,
8423207210928,false,סלים דליס טופינג אגוז לוז 90 גרם,,ES,סלים דליס טופינג אגו,גרמים,90.00,100 גרם,false,1,12.90,14.33,true,1,
8423207210942,false,סלים דליס טופינג פירות יער 90 גרם,,ES,סלים דליס טופינג פיר,גרמים,90.00,100 גרם,false,1,12.90,14.33,true,1,
8423207210966,false,סלים דליס טופינג קוקוס ולימון 90 גרם,,ES,סלים דליס טופינג קוק,גרמים,90.00,100 גרם,false,1,12.90,14.33,true,1,
8423207210980,false,סלים דליס טופינג קליפת תפוז 90 גרם,,ES,סלים דליס טופינג קלי,גרמים,90.00,100 גרם,false,1,12.90,14.33,true,1,
8423453905654,false,"בירה ווילדר לאגר 330 מ""ל בקבוק",,ES,בירה ווילדר לאגר 330,מיליליטרים,330.00,"100 מ""ל",false,1,6.50,1.97,true,1,
8423453905692,false,"בירה ווילדר לאגר 500 מ""ל פחית",,ES,בירה ווילדר לאגר 500,מיליליטרים,500.00,"100 מ""ל",false,1,7.90,1.58,true,1,
8425206000081,false,ריבת חלב מרדל 450 גרם,,,ריבת חלב מרדל 450 גר,גרמים,450.00,100 גרם,false,1,21.90,4.87,true,1,
8425206000142,false,ריבת חלב מרדל בקבוק לחיץ 370 גרם,,,ריבת חלב מרדל בקבוק,גרמים,370.00,100 גרם,false,1,19.90,5.38,true,1,
8431438000256,false,מנצגו קייסו ספרדי במשקל,,,מנצגו קייסו ספרדי במ,Unknown,0.00,"ק""ג",true,0,210.00,210.00,true,1,
8435495807605,false,מרכך כביסה תינוקלין היפואלרגני 1 ליטר,,TR,מרכך כביסה תינוקלין,מיליליטרים,1000.00,"100 מ""ל",false,1,21.90,2.19,true,1,
8437014256024,false,"סנגריה לולאה No.2 לבנה 750 מ""ל",,ES,סנגריה לולאה No.2 לב,מיליליטרים,750.00,"100 מ""ל",false,1,64.90,8.65,true,1,
8437019045302,false,"יין אלטאדו וורדחו פינקה פאלה 750 מ""ל",,ES,יין אלטאדו וורדחו פי,Unknown,0.00,Unknown,false,1,99.90,99.90,true,1,
8445290427120,false,פיטנס שוקולד מריר ובננה 330 גרם,,,פיטנס שוקולד מריר וב,גרמים,375.00,100 גרם,false,1,22.90,6.11,true,1,
8594403110111,false,בירה בדוויזר בודבר בהיר 500 מל,,,בירה בדוויזר בודבר,מיליליטרים,500.00,"100 מ""ל",false,1,14.90,2.98,true,1,
8594403707649,false,"בירה באדוויזר דארק לאגר 500 מ""ל פחית",,,בירה באדוויזר דארק ל,מיליליטרים,500.00,"100 מ""ל",false,1,8.90,1.78,true,1,
8594403707977,false,"בירה באדוויזר לאגר פחית 500 מ""ל",,,בירה באדוויזר לאגר פ,מיליליטרים,500.00,"100 מ""ל",false,1,9.90,1.98,true,1,
8594404001418,false,"בירה קוזל כהה 500 מ""ל",,,"בירה קוזל כהה 500 מ""",מיליליטרים,500.00,"100 מ""ל",false,1,9.40,1.88,true,1,
8594404110110,false,בירה פילסנר אוראקוול 500 מל,,,בירה פילסנר אוראקוול,מיליליטרים,500.00,"100 מ""ל",false,1,13.90,2.78,true,1,
8594404115115,false,בירה פילזנר אורקוול פחית 500 מל,,CZ,בירה פילזנר אורקוול,מיליליטרים,500.00,"100 מ""ל",false,1,11.90,2.38,true,1,
8594405105429,false,"ליקר בחרובקה 700 מ""ל",,,"ליקר בחרובקה 700 מ""ל",מיליליטרים,700.00,"100 מ""ל",false,1,115.90,16.56,true,1,
8595134503975,false,נייר גלגול בינוני כולל פילטר PIH,,,נייר גלגול בינוני כ,יחידה,1.00,יחידה,false,1,6.00,6.00,true,1,
8606109023609,false,"פרוויטה מיץ תפוחי עץ ודובדבנים 750 מ""ל",,RS,פרוויטה מיץ תפוחי עץ,מיליליטרים,750.00,"100 מ""ל",false,1,14.90,1.99,true,1,
8606109023623,false,פרוויטה מיץ תפוחי עץ ולימון ליים 750 מ,,RS,פרוויטה מיץ תפוחי עץ,מיליליטרים,750.00,"100 מ""ל",false,1,14.90,1.99,true,1,
8606109023715,false,פרוויטה מיץ תפוחי עץ ואפרסקים 750 מל,,RS,פרוויטה מיץ תפוחי עץ,מיליליטרים,750.00,"100 מ""ל",false,1,14.90,1.99,true,1,
8606109023722,false,פרוויטה מיץ תפוחי עץ ומשמשים 750 מל,,RS,פרוויטה מיץ תפוחי עץ,מיליליטרים,750.00,"100 מ""ל",false,1,14.90,1.99,true,1,
8681863065287,false,מלח הימלאיה וילי פוד 350 גר,,TR,מלח הימלאיה וילי פוד,גרמים,350.00,100 גרם,false,1,24.90,7.11,true,1,
8681863065492,false,מלח מתובל מעושן וילי פוד 110 גר,,TR,מלח מתובל מעושן וילי,גרמים,110.00,100 גרם,false,1,14.90,13.55,true,1,
8683130008355,false,מיונז עם שום הלמנס לחיץ 400 גרם,,TR,מיונז עם שום הלמנס ל,גרמים,400.00,100 גרם,false,1,16.90,4.23,true,1,
8683130025574,false,בדין אקסטרא לבנדר 960 מל,,,בדין אקסטרא לבנדר 96,מיליליטרים,960.00,"100 מ""ל",false,1,17.90,1.86,true,1,
8683130025581,false,בדין אקסטרא gbcr 960 מל,,,בדין אקסטרא gbcr 960,מיליליטרים,960.00,"100 מ""ל",false,1,17.90,1.86,true,1,
8683323063024,false,יוגטה שטיחים תותי פרוטי 220 גרם,,,יוגטה שטיחים תותי פר,גרמים,220.00,100 גרם,false,1,7.90,3.59,true,1,
8690103131149,false,ממרח זיתים מרמרה צנצנת 175 גר,,TR,ממרח זיתים מרמרה צנצ,גרמים,175.00,100 גרם,false,1,17.90,10.23,true,1,
8690504081913,false,מקוויטיס טינס מצופה שוקולד חלב 150 גרם,,TR,מקוויטיס טינס מצופה,גרמים,150.00,100 גרם,false,1,12.00,8.00,true,1,
8690504081937,false,מקוויטיס טינס שוקולד חלב וקפוצינו 150 גר,,,מקוויטיס טינס שוקולד,גרמים,150.00,100 גרם,false,1,12.00,8.00,true,1,
8690504153740,false,שוקולד מריר גודייבה קרם גנאש שוקולד 86 ג,,TR,שוקולד מריר גודייבה,גרמים,86.00,100 גרם,false,1,15.90,18.49,true,1,
8690504156543,false,שוקולד חלב גודייבה קרם גנאש שוקולד 88 גר,,TR,שוקולד חלב גודייבה ק,גרמים,88.00,100 גרם,false,1,15.90,18.07,true,1,
8690521016882,false,"שמפו דאב דמג תרפי רגיל 400 מ""ל",,,שמפו דאב דמג תרפי רג,מיליליטרים,400.00,"100 מ""ל",false,1,18.90,4.73,true,1,
8690526009278,false,מארז חטיפי מיני קרמל 126 גר ETI,,TR,מארז חטיפי מיני קרמל,גרמים,126.00,100 גרם,false,1,9.90,7.86,true,1,
8690526029191,false,מיני וופל במילוי קרם אגוזים וחתיכ 140 גר,,TR,מיני וופל קרם אגוזים,גרמים,140.00,100 גרם,false,1,12.90,9.21,true,1,
8690526039206,false,מיני וופל במילוי קרם קקאו 140 גרם,,TR,מיני וופל קרם קקאו ו,גרמים,140.00,100 גרם,false,1,12.90,9.21,true,1,
8690530007147,false,מגבות סלפאק קומפורט דו שכבתיות 6 גלילים,,TR,מגבות סלפאק קומפורט,יחידה,1.00,יחידה,false,1,13.90,13.90,true,1,
8690530015043,false,נייר מגבת סלפאק 3 שכבות 6 יח,,,נייר מגבת סלפאק 3 שכ,מטרים,64.00,מטר,false,1,17.90,0.28,true,1,
8690530032880,false,קומפורט מפיות סלפאק 200 יח,,,קומפורט מפיות סלפאק,יחידה,1.00,יחידה,false,1,17.90,17.90,true,1,
8690530036444,false,קומפורט נייר מגבת גמבו 2 שכבות 1=6,,,קומפורט נייר מגבת גמ,יחידה,1.00,יחידה,false,1,14.90,14.90,true,1,
8690530161320,false,ממחטות נייר סלפאק פרמיום לושיין 10 יח,,,ממחטות נייר סלפאק פר,Unknown,0.00,Unknown,false,1,10.90,10.90,true,1,
8690530284463,false,נייר טואלט סלפאק 3 שכבות 32 גל,,,נייר טואלט סלפאק 3 ש,מטרים,537.00,מטר,false,1,52.90,0.10,true,1,
8690530324824,false,נייר טואלט סלפאק מבושם 3 שכבות 32 גל,,,נייר טואלט סלפאק מבו,מטרים,537.00,מטר,false,1,54.90,0.10,true,1,
8690530324930,false,נייר טואלט סילאן 2 שכבות 32 גל,,TR,נייר טואלט סילאן 2 ש,מטרים,576.00,מטר,false,1,34.90,0.06,true,1,
8690530615120,false,נייר מגבת סילאן 2 שכבות 6 יח,,,נייר מגבת סילאן 2 שכ,מטרים,68.00,מטר,false,1,12.90,0.19,true,1,
8690637073373,false,תה ארל גריי - 25 סרוויס,,,תה ארל גריי - 25 סרו,Unknown,0.00,Unknown,false,1,10.50,10.50,true,1,
8690637504426,false,"קרם ניקוי סיף בניחוח לימון 500 מ""ל",,TR,קרם ניקוי סיף בניחוח,יחידה,1.00,יחידה,false,1,15.40,15.40,true,1,
8690637505607,false,"מרכך כביסה בדין פינוק כחול 960 מ""ל",,,מרכך כביסה בדין פינו,מיליליטרים,960.00,"100 מ""ל",false,1,17.90,1.86,true,1,
8690637505959,false,"סבון ידיים דאב לוטוס 500 מ""ל",,,סבון ידיים דאב לוטוס,מיליליטרים,500.00,"100 מ""ל",false,1,19.80,3.96,true,1,
8690637555084,false,מרכך כביסה בדין אקסטרא פריחת תפוז 960 מל,,,מרכך כביסה בדין אקסט,מיליליטרים,960.00,"100 מ""ל",false,1,17.90,1.86,true,1,
8690637704437,false,"דאב שמפו שמני הזנה 600 מ""ל",,,דאב שמפו שמני הזנה 6,מיליליטרים,600.00,"100 מ""ל",false,1,20.90,3.48,true,1,
8690637835643,false,תה ירוק לואיז הולימונית 20 שק ליפטון,,,תה ירוק לואיז הולימו,Unknown,0.00,Unknown,false,1,21.90,21.90,true,1,
8690637842399,false,מאגדת מיני מגנום דאבל פירות יער 6 יחידות,,,מאגדת מיני מגנום,גרמים,379.00,100 גרם,false,1,31.90,8.42,true,1,
8690637866654,false,תה ירוק קלאסי 50 מעטפות 75 גרם,,TR,תה ירוק קלאסי 50 מעט,Unknown,0.00,Unknown,false,1,34.90,34.90,true,1,
8690637871245,false,מיונז אמיתי הלמנס לחיץ 395 גם,,TR,מיונז אמיתי הלמנס לח,גרמים,395.00,100 גרם,false,1,16.90,4.28,true,1,
8690637890666,false,מאגדת מיני מגנום דאבל פיסטוק/שוקולד 6 יח,,IL,מאגדת מיני מגנום דאב,גרמים,282.00,100 גרם,false,1,31.90,11.31,true,1,
8690637976995,false,"מרכך כביסה בדין אקסטרה סחלבים 960 מ""ל",,TR,מרכך כביסה בדין אקסט,מיליליטרים,960.00,"100 מ""ל",false,1,17.90,1.86,true,1,
8690637989612,false,מאגדת מיני מגנום דולצה גולד 6 יח 246 גרם,,,מאגדת מיני מגנום דול,גרמים,282.00,100 גרם,false,1,31.90,11.31,true,1,
8690734006830,false,ספוגי קרצוף סקוטש ברייט 9 יח,,,ספוגי קרצוף סקוטש בר,Unknown,0.00,Unknown,false,1,18.90,18.90,true,1,
8690766156367,false,שוקולד חלב גודייבה מעולה 90 גר,,TR,שוקולד חלב גודייבה מ,גרמים,90.00,100 גרם,false,1,15.90,17.67,true,1,
8690766156374,false,שוקולד מריר 72% גודייבה 90 גר,,TR,שוקולד מריר 72% גודי,גרמים,90.00,100 גרם,false,1,15.90,17.67,true,1,
8690766156381,false,שוקולד מריר 90% גודייבה 90 גר,,TR,שוקולד מריר 90% גודי,גרמים,90.00,100 גרם,false,1,15.90,17.67,true,1,
8690766156398,false,שוקולד חלב גודייבה שקדים קלויים ודבש 90,,TR,שוקולד חלב גודייבה ש,גרמים,90.00,100 גרם,false,1,15.90,17.67,true,1,
8690766156404,false,שוקולד מריר גודייבה בטעם תפוז אדום 90 גר,,TR,שוקולד מריר גודייבה,גרמים,90.00,100 גרם,false,1,15.90,17.67,true,1,
8690766156411,false,שוקולד מריר גודייבה תות ופלפל ורוד 90 גר,,TR,שוקולד מריר גודייבה,גרמים,90.00,100 גרם,false,1,15.90,17.67,true,1,
8690777203012,false,פלפל ירוק כבוש לא חריף 600 גר SERA,,,פלפל ירוק כבוש לא חר,גרמים,600.00,100 גרם,false,1,12.90,2.15,true,1,
8690777206051,false,חצילים קלויים על האש 650 גרם SERA,,,חצילים קלויים על האש,גרמים,650.00,100 גרם,false,1,12.90,1.98,true,1,
8690777221405,false,פלפל אדום קלויים על האש 650 גרם SERA,,,פלפל אדום קלויים על,גרמים,650.00,100 גרם,false,1,12.90,1.98,true,1,
8690799022875,false,"ריבת שזיפים בזכוכית 1 ק""ג BEST QUALITY",,TR,ריבת שזיפים בזכוכית,קילוגרמים,0.00,"ק""ג",false,1,20.90,20.90,true,1,
8691351103124,false,טורקיש דילייט פירות 125 גרם,,TR,טורקיש דילייט פירות,גרמים,125.00,100 גרם,false,1,9.90,7.92,true,1,
8691351103131,false,טורקיש דילייט פיסטוק וא.לוז 125 גרם,,TR,טורקיש דילייט פיסטוק,גרמים,125.00,100 גרם,false,1,9.90,7.92,true,1,
8691351103148,false,טורקיש דילייט אגוזי לוז 125 גרם,,TR,טורקיש דילייט אגוזי,גרמים,125.00,100 גרם,false,1,9.90,7.92,true,1,
8691351103650,false,נוגט עם שקדים ופירות אקזוטיים 100 גרם,,TR,נוגט עם שקדים ופירות,גרמים,100.00,100 גרם,false,1,11.90,11.90,true,1,
8691351103681,false,נוגט שקדים ופירות יער 100 גרם,,TR,נוגט שקדים ופירות יע,גרמים,100.00,100 גרם,false,1,11.90,11.90,true,1,
8691451018335,false,דבק בעט סופר גלו גל לוקטייט 4 גר,,IE,דבק בעט סופר גלו גל,גרמים,4.00,100 גרם,false,1,22.90,572.50,true,1,
8691530924670,false,רכז רימונים טבעי 345 גר,,,רכז רימונים טבעי 345,גרמים,345.00,100 גרם,false,1,20.50,5.94,true,1,
8693495054058,false,סבון נוזלי פלמוליב לומינוס מקדמיה 750 מל,,TR,סבון נוזלי פלמוליב ל,מיליליטרים,750.00,"100 מ""ל",false,1,21.90,2.92,true,1,
8693638984723,false,"קונפיטורה תות שדה פרוטה 1 ק""ג",,TR,קונפיטורה תות שדה פר,גרמים,1000.00,100 גרם,false,1,21.90,2.19,true,1,
8694686405857,false,מיטו מזון לחתול 1 קג,,,מיטו מזון לחתול 1 קג,Unknown,0.00,Unknown,false,1,21.90,21.90,true,1,
8697418280111,false,עלי טורטייה 25 סמ 840 גרם LAVALIA,,,"עלי טורטייה 25 ס""מ 8",גרמים,840.00,100 גרם,false,1,32.00,3.81,true,1,
8697418280128,false,עלי טורטייה 20 סמ 540 גרם LAVALIA,,,"עלי טורטייה 20 ס""מ 5",גרמים,540.00,100 גרם,false,1,24.50,4.54,true,1,
8697418280173,false,עלי טורטייה מחיטה מלאה 840 גרם LAVALIA,,,עלי טורטייה מחיטה מל,גרמים,840.00,100 גרם,false,1,27.90,3.32,true,1,
8697418280333,false,שערות קדאיף מיובשות 500 גרם,,,שערות קדאיף מיובשות,גרמים,500.00,100 גרם,false,1,23.90,4.78,true,1,
8697418280487,false,עלי טורטייה קמח תירס 20 סמ 540 ג LAVALIA,,,עלי טורטייה קמח תירס,גרמים,540.00,100 גרם,false,1,26.70,4.94,true,1,
8697419747316,false,גליז גומי פירות יער 180 גרם,,,גליז גומי פירות יער,גרמים,180.00,100 גרם,false,1,9.90,5.50,true,1,
8697419747354,false,גליז גומי בצורת כובעים 180 גרם,,,גליז גומי בצורת כובע,גרמים,180.00,100 גרם,false,1,9.90,5.50,true,1,
8697419747385,false,גליז גומי כובעים מצופה 180 גרם,,,גליז גומי כובעים מצו,גרמים,180.00,100 גרם,false,1,9.90,5.50,true,1,
8697420500375,false,מיץ תפוחים אורגני 1 ליטר,,TR,מיץ תפוחים אורגני 1,מיליליטרים,1000.00,"100 מ""ל",false,1,17.50,1.75,true,1,
8697431925143,false,קונפיטורה 70% פירות יער 450 גרם,,,קונפיטורה 70% פירות,גרמים,450.00,100 גרם,false,1,18.60,4.13,true,1,
8697530910743,false,פאל מאל כחול קצר האוס חפיסה,,,פאל מאל כחול קצר האו,Unknown,0.00,Unknown,false,1,30.00,30.00,true,1,
8697530910750,false,פאל מאל כחול ארוך האוס חפיסה,,,פאל מאל כחול ארוך הא,Unknown,0.00,Unknown,false,1,30.00,30.00,true,1,
8697530910781,false,פאל מאל אדום האוס חפיסה,,,פאל מאל אדום האוס חפ,Unknown,0.00,Unknown,false,1,30.00,30.00,true,1,
8697826469092,false,טורטיה קטנה 12 יחידות 540 גרם,,,טורטיה קטנה 12 יחיד,גרמים,540.00,100 גרם,false,1,10.90,2.02,true,1,
8710252138599,false,הבלה בלגיה-קעריות ופל לגלידה וקינוח 100ג,,,הבלה בלגיה-קעריות ופ,גרמים,100.00,100 גרם,false,1,19.90,19.90,true,1,
8710418111213,false,עוגיות חמאה ברינק ספריטס הולנדי 400 גרם,,,עוגיות חמאה ברינק ספ,גרמים,400.00,100 גרם,false,1,12.50,3.13,true,1,
8710448580089,false,מיונז הולנדי 500 מל לחיץ,,,"מיונז הולנדי 500 מ""ל",גרמים,500.00,100 גרם,false,1,15.40,3.08,true,1,
8710448588740,false,רוטב חרדל דבש רמייה 500 גר,,NL,רוטב חרדל דבש רמייה,גרמים,500.00,100 גרם,false,1,14.90,2.98,true,1,
8710448593706,false,"מיונז לחיץ רמיה 350 מ""ל",,NL,מיונז לחיץ רמיה 350,מיליליטרים,350.00,"100 מ""ל",false,1,13.90,3.97,true,1,
8710448595175,false,"רוטב מעושן 450 מ""ל BLACEJACK",,,"רוטב מעושן 450 מ""ל B",מיליליטרים,450.00,"100 מ""ל",false,1,19.90,4.42,true,1,
8710448634331,false,מיונז ללא ביצים טבעוני רמייה 350 גר,,NL,מיונז ללא ביצים טבעו,גרמים,350.00,100 גרם,false,1,12.90,3.69,true,1,
8710448692744,false,קטשופ קארי רמייה 300 גר,,NL,קטשופ קארי רמייה 300,גרמים,300.00,100 גרם,false,1,9.90,3.30,true,1,
8710502064814,false,עוגיות מרבה שוקולד ציפס במרקם רך 175 גר,,,עוגיות מרבה שוקולד צ,גרמים,175.00,100 גרם,false,1,10.90,6.23,true,1,
8710502100864,false,מרבה פטיסרי עוגיות דאבל שוקולד 200 גרם,,NL,מרבה פטיסרי עוגיות ד,גרמים,200.00,100 גרם,false,1,11.50,5.75,true,1,
8710502139017,false,עוגיות שוקולד מצופות שוקולד 180 גר,,,עוגיות שוקולד מצופות,גרמים,180.00,100 גרם,false,1,10.90,6.06,true,1,
8710502194801,false,מרבה עוגיות שוקולד ציפס פירות יער 175 גר,,,מרבה עוגיות שוקולד צ,גרמים,175.00,100 גרם,false,1,10.90,6.23,true,1,
8710502231018,false,עוגיות מרבה שוקולד ציפס מיני 175 גר,,,עוגיות מרבה שוקולד צ,גרמים,175.00,100 גרם,false,1,11.90,6.80,true,1,
8710502279003,false,מרבה פטיסרי עוגיות שוקולד ציפס 180 גרם,,NL,מרבה פטיסרי עוגיות ש,גרמים,180.00,100 גרם,false,1,11.50,6.39,true,1,
8710502279010,false,עוגיות מרבה שוקולד ציפס מ.שוקולד 175 גר,,,עוגיות מרבה שוקולד צ,גרמים,175.00,100 גרם,false,1,10.90,6.23,true,1,
8710502470028,false,עוגיות מרבה נוגטלי 160 גרם,,,עוגיות מרבה נוגטלי 1,גרמים,160.00,100 גרם,false,1,10.90,6.81,true,1,
8710552274614,false,שמפו קצף לנ.שטיחים וניש קליה גולד 600 מל,,IT,שמפו קצף לנ.שטיחים ו,מיליליטרים,600.00,"100 מ""ל",false,1,28.50,4.75,true,1,
8710679158385,false,"ציפס פריטס קלאסי 2.5 ק""ג",,,"ציפס קלאסי 2.5 ק""ג",קילוגרמים,0.00,"ק""ג",false,1,44.90,44.90,true,1,
8710732228918,false,מצת קריקט,,,מצת קריקט,Unknown,0.00,Unknown,false,1,7.20,7.20,true,1,
8710800027573,false,מיני מנטוס שקית 178 גר,,,מיני מנטוס שקית 178,גרמים,178.00,100 גרם,false,1,16.70,9.38,true,1,
8710800961310,false,מנטוס תות 1/4,,,מנטוס תות 1/4,גרמים,160.00,100 גרם,false,1,13.90,8.69,true,1,
8710812011102,false,ריבת תות שדה ביתית 450 גרם,,,ריבת תות שדה ביתית 4,גרמים,450.00,100 גרם,false,1,13.70,3.04,true,1,
8711000371176,false,קפסולות קפה אספרסו קלאסיקו גייקובס 52 גר,,FR,קפסולות קפה אספרסו ק,גרמים,52.00,100 גרם,false,1,17.90,34.42,true,1,
8711000371183,false,קפסולות קפה אספרסו אינטנסו גייקובס 52 גר,,FR,קפסולות קפה אספרסו א,גרמים,52.00,100 גרם,false,1,17.90,34.42,true,1,
8711000371206,false,קפסולות קפה אספרסו ריסטרטו גייקובס 52 גר,,FR,קפסולות קפה אספרסו ר,גרמים,52.00,100 גרם,false,1,17.90,34.42,true,1,
8711000472040,false,קפסולות קפה אספרסו סלקשיין גייקובס 52 גר,,FR,קפסולות קפה אספרסו ס,גרמים,52.00,100 גרם,false,1,17.90,34.42,true,1,
8711200425990,false,חמאת בוטנים חלקה 350 גר Calve,,NL,חמאת בוטנים חלקה 350,גרמים,350.00,100 גרם,false,1,20.90,5.97,true,1,
8711200426034,false,חמאת בוטנים קראנצי 350 גר Calve,,NL,חמאת בוטנים קראנצי 3,גרמים,350.00,100 גרם,false,1,24.30,6.94,true,1,
8711200443789,false,"חרדל גרגרים בבקבוק לחיץ 235 מ""ל",,,חרדל גרגרים בבקבוק ל,מיליליטרים,235.00,"100 מ""ל",false,1,16.90,7.19,true,1,
8711200443802,false,"חרדל דיזון בבקבוק לחיץ 235 מ""ל",,,חרדל דיזון בבקבוק לח,מיליליטרים,235.00,"100 מ""ל",false,1,16.90,7.19,true,1,
8711281023344,false,חרדל הולנדי מקורי חלק קרמי 335 גרם,,,חרדל הולנדי מקורי חל,גרמים,335.00,100 גרם,false,1,16.90,5.04,true,1,
8711327475717,false,מגנום וניל שקדים 302 גרם,,IL,מגנום וניל שקדים 302,גרמים,302.00,100 גרם,false,1,23.90,7.91,true,1,
8711327475762,false,מגנום שוקולד לבן עוגיות 304 גרם,,IL,מגנום שוקולד לבן,גרמים,302.00,100 גרם,false,1,24.90,8.25,true,1,
8711406000496,false,"בירה לה טראפ טריפל 330 מ""ל",,,בירה לה טראפ טריפל 3,מיליליטרים,330.00,"100 מ""ל",false,1,13.90,4.21,true,1,
8711406032602,false,"בירה לה טראפ בלונד 330 מ""ל",,,בירה לה טראפ בלונד 3,מיליליטרים,330.00,"100 מ""ל",false,1,13.90,4.21,true,1,
8711406985489,false,"בירה לה טראפ חיטה 330 מ""ל",,,בירה לה טראפ חיטה 33,מיליליטרים,330.00,"100 מ""ל",false,1,13.90,4.21,true,1,
8712000051099,false,"שישיית בירה היינקן 0.0% אלכוהול 330 מ""ל",,,שישיית בירה היינקן 0,מיליליטרים,1980.00,"100 מ""ל",false,1,34.60,1.75,true,1,
8712092034673,false,גבינה מותכת מעושנת 23% במשקל,,,גבינה מותכת מעושנת 2,Unknown,0.00,"ק""ג",true,0,105.00,105.00,true,1,
8712100739231,false,תה בשקיות פירמיד,,,תה בשקיות פירמיד,גרמים,125.00,100 גרם,false,1,22.90,18.32,true,1,
8712514092304,false,מינק לקריץ הולנדי בציפוי פריך 225 גרם,,NL,מינק לקריץ הולנדי בצ,גרמים,225.00,100 גרם,false,1,15.90,7.07,true,1,
8712561594240,false,"דאב תחליב רחצה להזנה עמוקה 500 מ""ל",,,דאב תחליב רחצה להזנה,מיליליטרים,500.00,"100 מ""ל",false,1,19.90,3.98,true,1,
8713499045156,false,גאודה כמון הולנדית במשקל,,,גאודה כמון הולנדית ב,Unknown,0.00,"ק""ג",true,0,115.00,115.00,true,1,
8713501034406,false,גאודה שום הולנדית במשקל,,,גאודה שום הולנדית,Unknown,0.00,"ק""ג",true,0,126.00,126.00,true,1,
8713505038608,false,גאודה הולנדית פטריות כמהין במשקל,,,גאודה הולנדית פטריות,Unknown,0.00,"ק""ג",true,0,189.00,189.00,true,1,
8713600285983,false,לוק או לוק מגש פיצה 85 גרם,,NL,לוק או לוק מגש פיצה,גרמים,85.00,100 גרם,false,1,19.90,23.41,true,1,
8713600286713,false,לוק או לוק - גומי המבורגר 130 גרם,,NL,לוק או לוק - גומי המ,Unknown,130.00,Unknown,false,1,21.90,0.17,true,1,
8713600287703,false,לוק או לוק - גומי דונאטס 130 גרם,,NL,לוק או לוק - גומי דו,Unknown,130.00,Unknown,false,1,21.90,0.17,true,1,
8713800119972,false,רד בנד גומי פאן מיקס 200 גרם,,NL,רד בנד גומי פאן מיקס,גרמים,200.00,100 גרם,false,1,10.90,5.45,true,1,
8713800121760,false,רד בנד גומי פירות וליקריץ חצאים 200 גרם,,NL,רד בנד גומי פירות ול,גרמים,200.00,100 גרם,false,1,10.90,5.45,true,1,
8713800131240,false,נוגט בוטנים שוקולד לונקה 210 גר,,NL,נוגט בוטנים שוקולד ל,גרמים,210.00,100 גרם,false,1,16.90,8.05,true,1,
8714100616963,false,"ליפטון אייס תה מוגז 330 מ""ל",,BE,ליפטון אייס תה מוגז,מיליליטרים,330.00,"100 מ""ל",false,1,5.00,1.52,true,1,
8714200207962,false,ונקו -ממתק לקריץ בצורת חתולים 155 גרם,,,ונקו -ממתק לקריץ בצו,גרמים,155.00,100 גרם,false,1,11.90,7.68,true,1,
8714200208051,false,ממתק לקריץ בציפוי דרגה בצורת גיר 156 ג,,,ממתק לקריץ בציפוי דר,גרמים,152.00,100 גרם,false,1,11.90,7.83,true,1,
8714599410530,false,גייקובס קרונינג שקית רפיל 200 גרם,,,גייקובס קרונינג שקית,גרמים,200.00,100 גרם,false,1,25.20,12.60,true,1,
8714599412220,false,גייקובס וולווט קפה נמס מיובש 95 גרם,,RU,גייקובס וולווט קפה נ,גרמים,95.00,100 גרם,false,1,17.70,18.63,true,1,
8714599412336,false,גיקובס בריסטה אמריקנו קפה נמס 160 גר,,,גיקובס בריסטה אמריקנ,גרמים,160.00,100 גרם,false,1,29.50,18.44,true,1,
8714599513781,false,גיקובס גולד מיובש בהקפאה 200 גר,,,גיקובס גולד מיובש בה,גרמים,200.00,100 גרם,false,1,29.90,14.95,true,1,
8714599513835,false,קפה גיקובס קרונונג נטול קופאין 200 גר,,,קפה גיקובס קרונונג נ,גרמים,200.00,100 גרם,false,1,38.90,19.45,true,1,
8714599513866,false,גיקובס קרונונג מיובש בהקפאה 200 גר,,,גיקובס קרונונג מיובש,גרמים,200.00,100 גרם,false,1,29.50,14.75,true,1,
8714789402918,false,אגקס חגיגת פרחים 1.5 ל אדום פרחי בר,,,אגקס חגיגת פרחים 1.5,ליטרים,0.00,ליטר,false,1,24.50,24.50,true,1,
8714789450315,false,פלמוליב נוזל כלים לימון 1.5 ליטר,,,פלמוליב נוזל כלים לי,ליטרים,0.00,ליטר,false,1,18.80,18.80,true,1,
8714789740058,false,קולגייט מברשת שיניים טוויסטר זוג סופט,,,קולגייט מברשת שיניים,Unknown,0.00,Unknown,false,1,24.50,24.50,true,1,
8714789930848,false,"קולגייט משחת אופטיק וויט אינסטנט 75 מ""ל",,,קולגייט משחת אופטיק,Unknown,0.00,Unknown,false,1,22.90,22.90,true,1,
8714800021395,false,"בירה 8.6 גולד 500 מ""ל פחית",,,"בירה 8.6 גולד 500 מ""",מיליליטרים,500.00,"100 מ""ל",false,1,8.90,1.78,true,1,
8715035150300,false,"רוטב סויה קיקומן ללא גלוטן 250 מ""ל",,NL,רוטב סויה קיקומן ללא,מיליליטרים,250.00,"100 מ""ל",false,1,24.50,9.80,true,1,
8715035520301,false,רוטב יפני קיקומן פונזו סויה ולימון 250 מ,,NL,רוטב יפני קיקומן פונ,מיליליטרים,250.00,"100 מ""ל",false,1,24.50,9.80,true,1,
8715675121012,false,דרוסטה שוקולד חלב (כחול) 85 גרם,,NL,דרוסטה שוקולד חלב (כ,גרמים,85.00,100 גרם,false,1,8.90,10.47,true,1,
8715675121029,false,דרוסטה שוקולד מריר (אדום) 85 גרם,,NL,דרוסטה שוקולד מריר (,גרמים,85.00,100 גרם,false,1,8.90,10.47,true,1,
8715675121043,false,דרוסטה שוקולד חלב לבן (ורוד) 85 גרם,,NL,דרוסטה שוקולד חלב לב,גרמים,85.00,100 גרם,false,1,8.90,10.47,true,1,
8715675121050,false,דרוסטה ש.מריר אקסטרה קקאו (סגול) 80 גרם,,NL,דרוסטה ש.מריר אקסטרה,גרמים,80.00,100 גרם,false,1,8.90,11.13,true,1,
8715675121074,false,דרוסטה שוקולד חלב תפוז (כתום) 85 גרם,,NL,דרוסטה שוקולד חלב תפ,גרמים,85.00,100 גרם,false,1,8.90,10.47,true,1,
8715675121081,false,דרוסטה שוקולד מריר מנטה (ירוק) 85 גרם,,NL,דרוסטה שוקולד מריר מ,גרמים,85.00,100 גרם,false,1,8.90,10.47,true,1,
8715700110141,false,מיונז בצנצנת היינץ 460 גרם,,,מיונז בצנצנת היינץ 4,גרמים,460.00,100 גרם,false,1,12.90,2.80,true,1,
8715700110158,false,מיונז לייט בצנצנת היינץ 490 גרם,,,מיונז לייט בצנצנת הי,גרמים,490.00,100 גרם,false,1,12.90,2.63,true,1,
8715700115641,false,ממרח קרמי לחיץ לייט היינץ 420 גרם,,NL,ממרח קרמי לחיץ לייט,גרמים,420.00,100 גרם,false,1,15.90,3.79,true,1,
8715700115849,false,"מתבל עגבניות 1.35 ק""ג",,,"מתבל עגבניות 1.35 ק""",קילוגרמים,0.00,"ק""ג",false,1,24.30,24.30,true,1,
8715700120874,false,קטשופ שום היינץ 460 גרם,,NL,קטשופ שום היינץ 460,גרמים,460.00,100 גרם,false,1,11.40,2.48,true,1,
8715700416021,false,ממרח סנדויץ מלפפונים 300 גרם,,NL,ממרח סנדויץ מלפפונים,גרמים,300.00,100 גרם,false,1,18.40,6.13,true,1,
8715700419695,false,רוטב ברביקיו מתוק 500 גרם,,,רוטב ברביקיו מתוק 50,גרמים,500.00,100 גרם,false,1,18.90,3.78,true,1,
8715700419732,false,מתבל היינץ 700 גרם,,,מתבל היינץ 700 גרם,גרמים,700.00,100 גרם,false,1,13.90,1.99,true,1,
8715700421322,false,רוטב ברביקיו צילי 490 גרם,,,רוטב ברביקיו צילי,גרמים,490.00,100 גרם,false,1,18.90,3.86,true,1,
8715700422473,false,מיונז לחיץ היינץ 395 גרם,,,מיונז לחיץ היינץ 395,גרמים,395.00,100 גרם,false,1,15.90,4.03,true,1,
8715700423906,false,"מתבל עגבניות מופחת נתרן,פחות סוכר 555 גר",,,מתבל עגבניות מופחת נ,גרמים,555.00,100 גרם,false,1,11.90,2.14,true,1,
8716448119380,false,מאגדת גלידה ונקו ליקריץ גיר שמינייה 240,,FR,מאגדת גלידה ונקו ליק,גרמים,240.00,100 גרם,false,1,29.90,12.46,true,1,
8716605000742,false,גבינה מעושנת 200 גרם,,,גבינה מעושנת 200 גרם,גרמים,200.00,100 גרם,false,1,27.20,13.60,true,1,
8716605000995,false,גבינה מסדאם הולנדית במשקל,,,גבינה מסדאם הולנדית,Unknown,0.00,"ק""ג",true,0,90.00,90.00,true,1,
8716605001022,false,גבינת דניש בלו 100 גר,,,גבינת דניש בלו 100 ג,גרמים,100.00,100 גרם,false,1,15.20,15.20,true,1,
8717163711668,false,"דאו רקסונה ספריי טלק 150 מ""ל",,,דאו רקסונה ספריי טלק,מיליליטרים,150.00,"100 מ""ל",false,1,20.90,13.93,true,1,
8717399035231,false,סוכריות בטעם פירות 150 גרם,,NL,סוכריות בטעם פירות,גרמים,150.00,100 גרם,false,1,12.90,8.60,true,1,
8717399036290,false,סוכריות בטעם לימון 150 גרם,,NL,סוכריות בטעם לימון 1,גרמים,150.00,100 גרם,false,1,12.90,8.60,true,1,
8717677332175,false,טוני שוקולונלי שוקולד חלב אגוזי לוז 180ג,,NL,טוני שוקולונלי שוקול,מיליליטרים,180.00,"100 מ""ל",false,1,21.90,12.17,true,1,
8717677333936,false,טוני שוקולונלי שוקולד חלב נוגט 180 גרם,,NL,טוני שוקולונלי שוקול,מיליליטרים,180.00,"100 מ""ל",false,1,21.90,12.17,true,1,
8717677334094,false,טוני שוקולונלי שוקולד חלב 180 גרם,,NL,טוני שוקולונלי שוקול,מיליליטרים,180.00,"100 מ""ל",false,1,21.90,12.17,true,1,
8717677334117,false,טוני שוקולונלי שוקולד מריר 70% 180 גרם,,NL,טוני שוקולונלי שוקול,מיליליטרים,180.00,"100 מ""ל",false,1,21.90,12.17,true,1,
8717677334667,false,טוני שוקולונלי שוקולד חלב קרמל מלח 180 ג,,NL,טוני שוקולונלי שוקול,מיליליטרים,180.00,"100 מ""ל",false,1,21.90,12.17,true,1,
8717677336722,false,טוני שוקולונלי ש.מריר שקדים ומלח ים 180ג,,NL,טוני שוקולונלי ש.מרי,מיליליטרים,180.00,"100 מ""ל",false,1,21.90,12.17,true,1,
8717677337828,false,טוני שוקולונלי ש.לבן פטל וסוכריות 180 גר,,NL,טוני שוקולונלי ש.לבן,מיליליטרים,180.00,"100 מ""ל",false,1,21.90,12.17,true,1,
8717677337842,false,טוני שוקולונלי שוקולד לבן 180 גרם,,NL,טוני שוקולונלי שוקול,מיליליטרים,180.00,"100 מ""ל",false,1,21.90,12.17,true,1,
8717677338610,false,טוני שוקולונלי שוקולד בייגלה טופ 180 ג,,NL,טוני שוקולונלי שוקול,מיליליטרים,180.00,"100 מ""ל",false,1,21.90,12.17,true,1,
8718114734484,false,מיונז מייל 320 גרם,,,מיונז מייל 320 גרם,גרמים,320.00,100 גרם,false,1,17.70,5.53,true,1,
8718951048669,false,"ניקוי חלונות אגקס פרחים 750 מ""ל",,,ניקוי חלונות אגקס פר,מיליליטרים,750.00,"100 מ""ל",false,1,17.90,2.39,true,1,
8718951159808,false,מברשת שיניים קולגייט 360 שלישייה,,,מברשת שיניים קולגייט,Unknown,0.00,Unknown,false,1,39.90,39.90,true,1,
8718951166288,false,"משחת שיניים קולגייט מקס וייט 125 מ""ל",,PL,משחת שיניים קולגייט,מיליליטרים,125.00,"100 מ""ל",false,1,19.90,15.92,true,1,
8718951166561,false,"משחת שיניים קולגייט מקס פרש כחול 125 מ""ל",,PL,קולגייט משחה מקס פרש,מיליליטרים,125.00,"100 מ""ל",false,1,19.90,15.92,true,1,
8718951236790,false,"מש.שיניים קולגייט טוטל קלין מינט 100 מ""ל",,PL,מש.שיניים קולגייט טו,מיליליטרים,100.00,"100 מ""ל",false,1,20.90,20.90,true,1,
8718951236806,false,"מש.שיניים קולגייט טוטל להלבנה 100 מ""ל",,PL,קולגייט טוטל הלבנה,מיליליטרים,100.00,"100 מ""ל",false,1,20.90,20.90,true,1,
8718951236813,false,מש.שיניים קולגייט טוטל לניקוי מתקדם 100,,PL,מש.שיניים קולגייט טו,מיליליטרים,100.00,"100 מ""ל",false,1,20.90,20.90,true,1,
8718951313927,false,"סבון ידיים פלמוליב חימר טונוס 300 מ""ל",,IL,סבון ידיים פלמוליב ח,מיליליטרים,300.00,"100 מ""ל",false,1,12.90,4.30,true,1,
8718951333048,false,פלמוליב סבון ידיים למטבח 300 מל,,,פלמוליב סבון ידיים ל,מיליליטרים,300.00,"100 מ""ל",false,1,13.20,4.40,true,1,
8718951354807,false,נוזל רצפות אגקס חגיגת הפרחים יסמין 1.5 ל,,GR,נוזל רצפות אגקס חגיג,ליטרים,0.00,ליטר,false,1,24.50,24.50,true,1,
8718951377998,false,מברשת שיניים קולגייט סופטנס זוג,,CN,מברשת שיניים קולגייט,יחידה,1.00,יחידה,false,1,43.90,43.90,true,1,
8718951381292,false,"משחת שיניים קולגייט מקס דיטוקס 125 מ""ל",,PL,משחת שיניים קולגייט,מיליליטרים,125.00,"100 מ""ל",false,1,19.90,15.92,true,1,
8718951382664,false,"גל רחצה פלמוליב חימר טונוס 750 מ""ל",,TR,גל רחצה פלמוליב חימר,מיליליטרים,750.00,"100 מ""ל",false,1,21.90,2.92,true,1,
8718951382787,false,קולגייט משחת אופטיק וייט חימר ומינ 75 מל,,,קולגייט משחת אופטיק,מיליליטרים,75.00,"100 מ""ל",false,1,29.90,39.87,true,1,
8718951415836,false,"מי פה קולגייט םלאקס פחם 500 מ""ל",,PL,מי פה קולגייט םלאקס,מיליליטרים,500.00,"100 מ""ל",false,1,33.90,6.78,true,1,
8718951423558,false,פלמוליב סבון רחצה גוף ונשמה קמומי 750 מל,,,פלמוליב סבון רחצה גו,יחידה,1.00,יחידה,false,1,26.10,26.10,true,1,
8718951428492,false,פלמוליב סבון רחצה לגבר 4 ב-1 פחם 750 מל,,,פלמוליב סבון רחצה לג,מיליליטרים,750.00,"100 מ""ל",false,1,21.90,2.92,true,1,
8718951443396,false,סבון ידיים פלמוליב חלב ודבש שלישייה 900,,,סבון ידיים פלמוליב ח,מיליליטרים,900.00,"100 מ""ל",false,1,27.90,3.10,true,1,
8718951446564,false,פלמוליב גל רחצה מומנט עץ אלגום 500 מל,,TR,פלמוליב גל רחצה מומנ,מיליליטרים,500.00,"100 מ""ל",false,1,21.90,4.38,true,1,
8718951509627,false,קולגייט אופטיק וויט לאהבי קפה 75 מל,,PL,קולגייט אופטיק וויט,מיליליטרים,75.00,"100 מ""ל",false,1,29.90,39.87,true,1,
8719200998001,false,בלובנד בלי מלח 200 גרם,,IL,בלובנד בלי מלח 200 ג,גרמים,200.00,100 גרם,false,1,5.10,2.55,true,1,
8719200998018,false,מחמאה מרגרינה בטעם חמאה 200 גרם,,IL,מחמאה מרגרינה,גרמים,200.00,100 גרם,false,1,5.50,2.75,true,1,
8719324820417,false,חטיף טורטילה 200 גרם,,NL,חטיף טורטילה 200 גרם,גרמים,200.00,100 גרם,false,1,18.90,9.45,true,1,
8719831325467,false,מחבת פנקייק+נוטלה פאן לב 74 גר,,,מחבת פנקייק+נוטלה פא,גרמים,74.00,100 גרם,false,1,49.90,67.43,true,1,
8719831325481,false,מחבת מיקס+קיט קט פאן לב 75 גר,,,מחבת מיקס+קיט קט פאן,גרמים,75.00,100 גרם,false,1,49.90,66.53,true,1,
8719956490637,false,טוני שוקולונלי שוקולד ביסקוויט קינמן 180,,NL,טוני שוקולונלי שוקול,מיליליטרים,180.00,"100 מ""ל",false,1,21.90,12.17,true,1,
8719956492068,false,טוני שוקולונלי ש.חלב עוגיות ציפס 180 ג,,,טוני שוקולונלי ש.חלב,מיליליטרים,180.00,"100 מ""ל",false,1,21.90,12.17,true,1,
8719956493140,false,טוני שוקולונלי ש. חלב פקאן ובראוני 180ג,,,טוני שוקולונלי ש. חל,מיליליטרים,180.00,"100 מ""ל",false,1,21.90,12.17,true,1,
8719956496707,false,טוני שוקולונלי שוק. חלב ושבבי אגוזי 180ג,,,טוני שוקולונלי שוק.,מיליליטרים,180.00,"100 מ""ל",false,1,21.90,12.17,true,1,
8719956496721,false,טוני שוקולונלי שוקולד חלב וופל 180 גר,,,טוני שוקולונלי שוקול,מיליליטרים,180.00,"100 מ""ל",false,1,21.90,12.17,true,1,
8719956496745,false,טוני שוקולונלי שוקולד חלב ביסקוויט 180 ג,,,טוני שוקולונלי שוקול,מיליליטרים,180.00,"100 מ""ל",false,1,21.90,12.17,true,1,
8719992179305,false,גומי ספגטי צבעוני 200 גרם,,NL,גומי ספגטי צבעוני 20,גרמים,200.00,100 גרם,false,1,9.90,4.95,true,1,
8719992179329,false,גוי גומי חמוץ ציפס 225 גרם,,NL,גוי גומי חמוץ ציפס 2,גרמים,225.00,100 גרם,false,1,9.90,4.40,true,1,
8720100012445,false,וופל טוסט בלגי 6 יח 250 גרם בקרסלנד,,,וופל טוסט בלגי 6 יח,גרמים,250.00,100 גרם,false,1,14.50,5.80,true,1,
8720182253194,false,סבון מוצק דאב מלפפונים ותה ירוק שישיית,,DE,סבון מוצק דאב מלפפונ,גרמים,540.00,100 גרם,false,1,28.90,5.35,true,1,
8720182256362,false,סבון מוצק דאב קלאסי שישיית,,DE,סבון מוצק דאב קלאסי,גרמים,540.00,100 גרם,false,1,28.90,5.35,true,1,
8720182286604,false,"רוטב ברביקיו דבש לחיץ קאלווה 250 מ""ל",,NL,רוטב ברביקיו דבש לחי,מיליליטרים,250.00,"100 מ""ל",false,1,16.90,6.76,true,1,
8721200060107,false,סטרופ וופל 260 גר בקרסלנד,,,סטרופ וופל 260 גר בק,גרמים,260.00,100 גרם,false,1,16.50,6.35,true,1,
8723400756552,false,מנטוסRAINBOW 1/4,,,מנטוסRAINBOW 1/4,גרמים,150.00,100 גרם,false,1,14.60,9.73,true,1,
8723400793922,false,סוכריות לעיסה בטעם דובדבן מארז רביעייה,,,סוכריות לעיסה בטעם ד,גרמים,150.00,100 גרם,false,1,14.60,9.73,true,1,
8723400795803,false,מנטוס פאנטה תפוז רביעייה 150 גרם,,,מנטוס פאנטה תפוז רבי,גרמים,150.00,100 גרם,false,1,11.90,7.93,true,1,
8727500033094,false,קקאו הולנדי בלוקר 250 גרם,,,קקאו הולנדי בלוקר 25,גרמים,250.00,100 גרם,false,1,27.80,11.12,true,1,
8801043031011,false,נונגשים ראמאן-נודלס שין חריף בכוס 68 ג,,KR,נונגשים ראמאן-נודלס,גרמים,68.00,100 גרם,false,1,12.90,18.97,true,1,
8801043053167,false,נונגשים ראמאן-נודלס שין חריף מאוד 120 גר,,,נונגשים ראמאן-נודלס,גרמים,120.00,100 גרם,false,1,11.90,9.92,true,1,
8801055706440,false,טייסטרס צויס 20*1.8 גר TO GO,,,טייסטרס צויס 20*1.8,גרמים,96.00,100 גרם,false,1,11.90,12.40,true,1,
8801055707966,false,נסקפה טייסטרס צויס בריסטה 180 גר,,,נסקפה טייסטרס צויס ב,גרמים,180.00,100 גרם,false,1,32.90,18.28,true,1,
8801055708772,false,טייסטר צויס מארז 200+50 גרם,,KR,טייסטר צויס מארז 200,גרמים,250.00,100 גרם,false,1,32.90,13.16,true,1,
8801055709427,false,נסקפה טייסטרס צויס אלטה ריקה 100 גר,,KR,נסקפה טייסטרס צויס א,גרמים,100.00,100 גרם,false,1,25.10,25.10,true,1,
8801055709434,false,נסקפה טייסטרס צויס קולומביה 100 גר,,KR,נסקפה טייסטרס צויס ק,גרמים,100.00,100 גרם,false,1,25.10,25.10,true,1,
8801055709458,false,נסקפה קפוצינו קרמל 10*17גרם,,,נסקפה קפוצינו קרמל,גרמים,170.00,100 גרם,false,1,22.60,13.29,true,1,
8801055709465,false,נסקפה קפוצינו וניל 10*18.5 גרם,,,נסקפה קפוצינו וניל,גרמים,185.00,100 גרם,false,1,22.60,12.22,true,1,
8801055709489,false,נסקפה קפוצינו אגוזים 10*18 גר,,,נסקפה קפוצינו אגוזים,גרמים,180.00,100 גרם,false,1,22.60,12.56,true,1,
8801055709526,false,נסקפה קפוצינו שוקולד לבן 18*10,,,נסקפה קפוצינו שוקולד,גרמים,180.00,100 גרם,false,1,22.60,12.56,true,1,
8801085020301,false,אטריות נאמה אודון 200 גרם,,,אטריות נאמה אודון 20,גרמים,200.00,100 גרם,false,1,11.40,5.70,true,1,
8850100004840,false,אטריות אורז חום 500 גרם,,,אטריות אורז חום 500,גרמים,500.00,100 גרם,false,1,15.30,3.06,true,1,
8850161160851,false,"מי קוקוס קוקו מקס 350 מ""ל",,TH,מי קוקוס קוקו מקס 35,מיליליטרים,350.00,"100 מ""ל",false,1,9.20,2.63,true,1,
8850161161247,false,מי קוקוס קוקו מקס 1 ליטר,,TH,מי קוקוס קוקו מקס 1,מיליליטרים,1000.00,"100 מ""ל",false,1,17.90,1.79,true,1,
8850161166204,false,"קרם קוקוס 500 מ""ל",,,"קרם קוקוס 500 מ""ל",מיליליטרים,500.00,"100 מ""ל",false,1,11.00,2.20,true,1,
8850161167089,false,חלב קוקוס קוקו וואי 1 ליטר,,TH,חלב קוקוס קוקו וואי,מיליליטרים,1000.00,"100 מ""ל",false,1,17.90,1.79,true,1,
8850180040028,false,טמפורה 500 גרם GOGI,,,טמפורה 500 גרם GOGI,גרמים,500.00,100 גרם,false,1,12.50,2.50,true,1,
8850206250592,false,רוטב צ`ילי סיראצ`ה 540 גרם,,,רוטב צ`ילי סיראצ`ה 5,גרמים,540.00,100 גרם,false,1,20.90,3.87,true,1,
8850206280049,false,רוטב צילי חריף מיו 250 גרם,,TH,רוטב צילי חריף מיו 2,גרמים,250.00,100 גרם,false,1,17.70,7.08,true,1,
8850367300266,false,תערובת חמשת תבלינים 50 גרם,,,תערובת חמשת תבלינים,Unknown,0.00,Unknown,false,1,11.90,11.90,true,1,
8850367990443,false,"רוטב לסלט בסגנון אסייאתי 285 מ""ל TCC",,,רוטב לסלט בסגנון אסי,מיליליטרים,285.00,"100 מ""ל",false,1,12.90,4.53,true,1,
8850367992164,false,קרם קוקוס 250 מל 20-22% ללא חומר משמר,,,"קרם קוקוס 250 מ""ל 20",גרמים,250.00,100 גרם,false,1,8.80,3.52,true,1,
8850367992997,false,"קרם קוקוס ללא גלוטן וחומרי משמר 250 מ""ל",,,קרם קוקוס ללא גלוטן,מיליליטרים,250.00,"100 מ""ל",false,1,7.90,3.16,true,1,
8850367994021,false,"רוטב צילי מתוק ללא סוכר לל""ג 280 מ""ל",,,רוטב צילי מתוק ללא ס,מיליליטרים,280.00,"100 מ""ל",false,1,13.90,4.96,true,1,
8850367994786,false,מחית קארי אדומה 50 גרם,,,מחית קארי אדומה 50 ג,גרמים,50.00,100 גרם,false,1,5.90,11.80,true,1,
8850367994793,false,מחית קארי צהובה 50 גרם,,,מחית קארי צהובה 50 ג,גרמים,50.00,100 גרם,false,1,5.90,11.80,true,1,
8850389103111,false,"משקה קל סאפה בטעם ענבים 300 מ""ל",,,משקה קל סאפה בטעם ענ,מיליליטרים,300.00,"100 מ""ל",false,1,9.90,3.30,true,1,
8850389103159,false,מוגו מוגו ליצי עם חתיכות גלי קוקוס 320 מ,,,מוגו מוגו ליצי עם חת,מיליליטרים,320.00,"100 מ""ל",false,1,8.80,2.75,true,1,
8850389105825,false,סאפה אלוורה ענבים 1 ליטר,,,סאפה אלוורה ענבים 1,מיליליטרים,1000.00,"100 מ""ל",false,1,15.20,1.52,true,1,
8850389105832,false,סאפה אלוורה תפוחים 1 ליטר,,,סאפה אלוורה תפוחים 1,מיליליטרים,1000.00,"100 מ""ל",false,1,15.20,1.52,true,1,
8850389105849,false,סאפה אלוורה אפרסק 1 ליטר,,,סאפה אלוורה אפרסק 1,מיליליטרים,1000.00,"100 מ""ל",false,1,15.20,1.52,true,1,
8850389115312,false,"משקה קל סאפה בטעם מלון 300 מ""ל",,,משקה קל סאפה בטעם מל,מיליליטרים,300.00,"100 מ""ל",false,1,9.90,3.30,true,1,
8850389115336,false,סאפה אלוורה מלון 1 ליטר,,,סאפה אלוורה מלון 1 ל,מיליליטרים,1000.00,"100 מ""ל",false,1,15.20,1.52,true,1,
8850632604259,false,מקלות חספוסים יוגטה טעם תות שדה 50 גר,,,מקלות חספוסים יוגטה,גרמים,50.00,100 גרם,false,1,5.90,11.80,true,1,
8850632604266,false,מקלות חספוסים יוגטה טעם קולה 50 גר,,,מקלות חספוסים יוגטה,Unknown,0.00,Unknown,false,1,5.90,5.90,true,1,
8850632604372,false,שטיח חספוסים יוגטה טעם תות שדה 50 גר,,,שטיח חספוסים יוגטה,גרמים,50.00,100 גרם,false,1,5.90,11.80,true,1,
8850632604402,false,שטיח חספוסים יוגטה טעם מעורב 50 גר,,,שטיח חספוסים יוגטה,גרמים,50.00,100 גרם,false,1,5.90,11.80,true,1,
8852511010076,false,"מיונז יפני 520 מ""ל KEWPIE",,,"מיונז יפני 520 מ""ל K",מיליליטרים,520.00,"100 מ""ל",false,1,72.50,13.94,true,1,
8852633520408,false,סוכר דקלים 400 גרם SUP,,,סוכר דקלים 400 גרם,גרמים,400.00,100 גרם,false,1,21.70,5.43,true,1,
8853662004020,false,"רוטב צילי מתוק 725 מ""ל EXOTIC",,,רוטב צילי מתוק 725 מ,מיליליטרים,725.00,"100 מ""ל",false,1,16.70,2.30,true,1,
8853662040400,false,"רוטב סויה 725 מ""ל EXOTIC",,,רוטב סויה EXOTIK,מיליליטרים,725.00,"100 מ""ל",false,1,14.90,2.06,true,1,
8853662056661,false,"רוטב סריראצ`ה מיו 455 מ""ל",,,רוטב סריראצ`ה מיו 45,מיליליטרים,455.00,"100 מ""ל",false,1,31.50,6.92,true,1,
8853662057088,false,מחית קארי ירוק 400 גרם,,TH,מחית קארי ירוק 400 ג,גרמים,400.00,100 גרם,false,1,16.90,4.23,true,1,
8853662057095,false,מחית קארי אדום 400 גרם,,TH,מחית קארי אדום 400 ג,גרמים,400.00,100 גרם,false,1,16.90,4.23,true,1,
8854404000621,false,מחית קארי ירוק 70 גרם,,TH,מחית קארי ירוק 70 גר,גרמים,70.00,100 גרם,false,1,14.20,20.29,true,1,
8854404000829,false,מחית קארי מסמאן 70 גרם,,TH,מחית קארי מסמאן 70 ג,גרמים,70.00,100 גרם,false,1,14.20,20.29,true,1,
8854404001055,false,מחית קארי אדום 70 גרם,,TH,מחית קארי אדום 70 גר,גרמים,70.00,100 גרם,false,1,14.20,20.29,true,1,
8854404005220,false,רוטב קארי אדום 300 גרם,,TH,רוטב קארי אדום 300 ג,גרמים,300.00,100 גרם,false,1,24.90,8.30,true,1,
8854404005237,false,רוטב קארי ירוק 300 גרם,,TH,רוטב קארי ירוק 300 ג,גרמים,300.00,100 גרם,false,1,24.90,8.30,true,1,
8854661001843,false,שרימפס בייבי 500 גרם קפוא,,,שרימפס בייבי 500 גרם,גרמים,500.00,100 גרם,false,1,36.90,7.38,true,1,
8854661002055,false,שרימפס 500 גר לא מקולף 31/40,,,שרימפס קפוא לא קלוף,גרמים,500.00,100 גרם,false,1,51.50,10.30,true,1,
8854661003212,false,בשר מולים מבושלים 500 גר,,,בשר מולים מבושלים 50,גרמים,500.00,100 גרם,false,1,27.20,5.44,true,1,
8854661003786,false,שרימפס מבושל עם ראש 500 גר,,,שרימפס מבושל עם ראש,גרמים,510.00,100 גרם,false,1,35.90,7.04,true,1,
8854661007012,false,"שרימפס מבושל מקולף 1 ק""ג קפוא",,,שרימפס מבושל מקולף,קילוגרמים,0.00,"ק""ג",false,1,88.50,88.50,true,1,
8854661009726,false,שרימפס טמפורה 300 גר,,,שרימפס טמפורה 300 גר,גרמים,300.00,100 גרם,false,1,36.90,12.30,true,1,
8857106430505,false,"אטריות אורז עם אורז אדום לל""ג 250 גרם",,TH,אטריות אורז עם אורז,גרמים,250.00,100 גרם,false,1,10.50,4.20,true,1,
8858271002870,false,"רוטב פאד תאי 250 מ""ל מקסצאפ",,,"רוטב פאד תאי 250 מ""ל",מיליליטרים,250.00,"100 מ""ל",false,1,13.90,5.56,true,1,
8858271002887,false,"רוטב טרייאקי 250 מ""ל מקסצאפ",,,"רוטב טרייאקי 250 מ""ל",מיליליטרים,250.00,"100 מ""ל",false,1,13.90,5.56,true,1,
8858271003020,false,רוטב סויה פורמולה 1 700 גרם מקסצאפ,,,רוטב סויה פורמולה 1,מיליליטרים,700.00,"100 מ""ל",false,1,16.90,2.41,true,1,
8858271003044,false,רוטב סויה כהה פורמולה 5 700 גרם מקסצאפ,,,רוטב סויה כהה פורמול,מיליליטרים,700.00,"100 מ""ל",false,1,16.90,2.41,true,1,
8858271003068,false,"רוטב סויה מתוקה כהה 250 מ""ל מקסצאפ",,,רוטב סויה מתוק כהה,מיליליטרים,250.00,"100 מ""ל",false,1,13.90,5.56,true,1,
8858271003075,false,רוטב סויה מתוקה 700 גרם מקסצאפ,,,רוטב סויה מתוקה 700,מיליליטרים,700.00,"100 מ""ל",false,1,17.90,2.56,true,1,
8858271003938,false,"רוטב קארי ירוק 250 מ""ל מקסצאפ",,,רוטב קארי ירוק 250 מ,מיליליטרים,250.00,"100 מ""ל",false,1,13.90,5.56,true,1,
8858271003945,false,"רוטב קארי צהוב 250 מ""ל מקסצאפ",,,רוטב קארי צהוב 250 מ,מיליליטרים,250.00,"100 מ""ל",false,1,13.90,5.56,true,1,
8858271004034,false,"רוטב צילי חריף 700 מ""ל מקסצאפ",,,רוטב צילי חריף 700 מ,מיליליטרים,700.00,"100 מ""ל",false,1,16.90,2.41,true,1,
8858271004300,false,רוטב טריאקי מקסצאפ 700 מל,,,רוטב טריאקי מקסצאפ 7,מיליליטרים,700.00,"100 מ""ל",false,1,21.90,3.13,true,1,
8858271004423,false,רוטב טום יאם 250 מל מקסצאפ,,,"רוטב טום יאם 250 מ""ל",מיליליטרים,250.00,"100 מ""ל",false,1,16.60,6.64,true,1,
8858271004799,false,"רוטב צילי מתוק אל פורפסיס 700 מ""ל",,,רוטב צילי מתוק אל פו,מיליליטרים,700.00,"100 מ""ל",false,1,13.90,1.99,true,1,
8858271005451,false,רוטב סויה פורמולה 1 - 250 מל מקסצאפ,,,רוטב סויה פורמולה 1,מיליליטרים,250.00,"100 מ""ל",false,1,15.40,6.16,true,1,
8858359000255,false,עלי קפיר ליים יבשים 30 גר (שופרא),,,עלי קפיר ליים יבשים,גרמים,30.00,100 גרם,false,1,13.80,46.00,true,1,
8859103400727,false,דג ברקודה עם צילי מלוח מיובש 100 גר,,,דג ברקודה עם צילי מל,גרמים,100.00,100 גרם,false,1,15.40,15.40,true,1,
8859103400734,false,דג צנינון מלוח מיובש 100 גר,,,דג צנינון מלוח מיובש,גרמים,100.00,100 גרם,false,1,15.40,15.40,true,1,
8859103401199,false,דג ברקודה מלוח מיובש 100 גר,,,דג ברקודה מלוח מיובש,גרמים,100.00,100 גרם,false,1,15.40,15.40,true,1,
8886303210504,false,"קארה קרם קוקונט 24% 500 מ""ל",,,קארה קרם קוקונט 24%,מיליליטרים,500.00,"100 מ""ל",false,1,16.70,3.34,true,1,
8886303210542,false,"קארה קרם קוקונט 17% 400 מ""ל",,,קארה קרם קוקונט 17%,מיליליטרים,400.00,"100 מ""ל",false,1,11.00,2.75,true,1,
8888021200256,false,סוללות אנרגייזר שמינייה AA,,,סוללות אנרגייזר שמי,Unknown,0.00,Unknown,false,1,30.90,30.90,true,1,
8888056701117,false,נודלס אינסטנט טעם עוף קוקה 425 גרם,,SG,נודלס אינסטנט טעם עו,גרמים,425.00,100 גרם,false,1,21.90,5.15,true,1,
8888056706662,false,נודלס אינסטנט טעם פטריות קוקה 425 גרם,,,נודלס אינסטנט טעם פט,גרמים,425.00,100 גרם,false,1,21.90,5.15,true,1,
8901138825614,false,משחת שיניים מינט פרש הימלאיה 75 מל,,,משחת שיניים מינט פרש,מיליליטרים,75.00,"100 מ""ל",false,1,24.90,33.20,true,1,
8901537024014,false,"אורז בסמטי מובחר דאווט 1 ק""ג",,,אורז בסמטי מובחר,גרמים,1000.00,100 גרם,false,1,13.90,1.39,true,1,
8904180001333,false,רוטב מנגו צאטני מתוק 340 גרם,,,רוטב מנגו צאטני מתוק,גרמים,340.00,100 גרם,false,1,20.90,6.15,true,1,
8904180001449,false,ממרח להכנת עוף מסאלה בחמאה 300 גרם,,,ממרח להכנת עוף מסאלה,גרמים,300.00,100 גרם,false,1,20.90,6.97,true,1,
8906000596999,false,אורז בסמטי מלא 1 קג,,,אורז בסמטי מלא 1 קג,גרמים,1000.00,100 גרם,false,1,11.90,1.19,true,1,
8906118240388,false,קורנישונים כבושים קן,,,קורנישונים כבושים קן,Unknown,1.00,Unknown,false,1,13.90,13.90,true,1,
8908000959361,false,קורנישונים כבושים בחומץ 680 גר,,,קורנישונים כבושים בח,גרמים,680.00,100 גרם,false,1,13.90,2.04,true,1,
8908001017213,false,חטיף תירס בטעם טבעי 150 גרם,,,חטיף תירס בטעם טבעי,גרמים,150.00,100 גרם,false,1,12.90,8.60,true,1,
8908001017558,false,חטיף תירס בטעם צילי מתוק 150 גרם,,,חטיף תירס בטעם צילי,גרמים,150.00,100 גרם,false,1,12.90,8.60,true,1,
8934878081811,false,"דפי אורז 22 ס""מ 400 גר",,,"דפי אורז 22 ס""מ 400",גרמים,400.00,100 גרם,false,1,14.90,3.73,true,1,
8934878081866,false,"דפי אורז 22 ס""מ מרובעים 400 גרם TRAV",,,"דפי אורז 22 ס""מ מרוב",גרמים,400.00,100 גרם,false,1,14.60,3.65,true,1,
8935083158008,false,קוקטייל פירות ים 500 גר,,,קוקטייל פירות ים 500,גרמים,500.00,100 גרם,false,1,33.50,6.70,true,1,
8935083158022,false,ראשי קלמרי 500 גרם קפוא,,,ראשי קלמרי 500 גרם,גרמים,500.00,100 גרם,false,1,34.90,6.98,true,1,
8936071204318,false,"אורז דביק 1 ק""ג",,VN,"אורז דביק 1 ק""ג",גרמים,1000.00,100 גרם,false,1,17.90,1.79,true,1,
8938535541366,false,"דפי אורז צבעוניים לל""ג 22 ס""מ 400 גרם",,VN,דפי אורז צבעוניים לל,גרמים,400.00,100 גרם,false,1,16.90,4.23,true,1,
8994692541038,false,קונוסים KS 3 J WARE,,,קונוסים KS 3 J WA,יחידה,1.00,יחידה,false,1,7.00,7.00,true,1,
8997206332016,false,סוכר קוקוס אורגני 454 גרם אינדונזיה,,,סוכר קוקוס אורגני 45,גרמים,454.00,100 גרם,false,1,21.90,4.82,true,1,
9000100590693,false,סאיוס מוס לייצוב השיער 250 מל,,DE,מוס לייצוב סאיוס מקס,מיליליטרים,250.00,"100 מ""ל",false,1,26.40,10.56,true,1,
9000100798709,false,"דאודורנט פה רול און כוח המשיכה 50 מ""ל",,,דאודורנט פה רול און,מיליליטרים,50.00,"100 מ""ל",false,1,15.90,31.80,true,1,
9000101372878,false,דיסקס פרסיל לכביסה לבנה וצבעונית 22 יח,,HU,דיסקס פרסיל לכביסה ל,Unknown,0.00,Unknown,false,1,37.90,37.90,true,1,
9000101504484,false,קולור קאצר +ניקיון הגייני 10 שקיות,,HU,קולור קאצר +ניקיון ה,Unknown,0.00,Unknown,false,1,27.00,27.00,true,1,
9001148803103,false,שום קלוף,,,שום קלוף,Unknown,0.00,Unknown,false,1,14.90,14.90,true,1,
9002859011061,false,מקלות אפויים עם מלח ים 250 גר גונץ,,,מקלות אפויים עם מלח,גרמים,250.00,100 גרם,false,1,19.50,7.80,true,1,
9002859031434,false,גונץ - בוגי גילי פירות 250 גר,,,גונץ - בוגי גילי פיר,גרמים,250.00,100 גרם,false,1,12.00,4.80,true,1,
9002859042799,false,גונץ - מוצרט כדורים בשקית 300 גר,,,גונץ - מוצרט כדורים,גרמים,300.00,100 גרם,false,1,34.90,11.63,true,1,
9002859049248,false,ניקו פלפל שחור במטחנה 56 גרם גונץ,,,ניקו פלפל שחור במטחנ,גרמים,56.00,100 גרם,false,1,14.60,26.07,true,1,
9002859049286,false,ניקו צילי חריף במטחנה 95 גרם גונץ,,,ניקו צילי חריף במטחנ,גרמים,95.00,100 גרם,false,1,14.60,15.37,true,1,
9002859049316,false,דומינו דובשנית עם מרציפן 125 גר גנוץ,,DE,דומינו דובשנית עם מר,גרמים,125.00,100 גרם,false,1,9.90,7.92,true,1,
9002859049354,false,גונץ חטיף טבעות בצל 125 גר,,AT,גונץ חטיף טבעות בצל,גרמים,125.00,100 גרם,false,1,12.90,10.32,true,1,
9002859050183,false,טורטילה ציפס עם צילי 200 גר גנוץ,,AT,גונץ טורטילה ציפס חר,גרמים,220.00,100 גרם,false,1,14.60,6.64,true,1,
9002859050367,false,בובות סנטה קטנות בשקית 100 גר גונץ,,,בובות סנטה קטנות בשק,גרמים,100.00,100 גרם,false,1,10.90,10.90,true,1,
9002859050381,false,מיקס סנטה גדול בשקית 100 גר גונץ,,,מיקס סנטה גדול בשקית,גרמים,100.00,100 גרם,false,1,10.90,10.90,true,1,
9002859050596,false,טורטילה ציפס עם מלח 200 גר גנוץ,,AU,טורטילה ציפס עם מלח,גרמים,200.00,100 גרם,false,1,14.60,7.30,true,1,
9002859053825,false,גונץ-שוקולד סטיקס מריר קפה 75 גרם,,,גונץ-שוקולד סטיקס מר,גרמים,75.00,100 גרם,false,1,11.90,15.87,true,1,
9002859054099,false,מוצרט משושה 300 גרם גונץ,,,מוצרט משושה 300 גרם,גרמים,300.00,100 גרם,false,1,34.90,11.63,true,1,
9002859055553,false,בוגי-סוכריות בפחית בטעםי פירות 200 גר,,,בוגי-סוכריות בפחית ב,גרמים,200.00,100 גרם,false,1,13.50,6.75,true,1,
9002859055560,false,בוגי-סוכריות בפחית בטעם דובדובן 200 גרם,,,בוגי-סוכריות בפחית ב,גרמים,200.00,100 גרם,false,1,13.50,6.75,true,1,
9002859058172,false,בונבוניירה בננה ציפוי שוקולד מריר 300 גר,,,בונבוניירה בננה ציפו,גרמים,300.00,100 גרם,false,1,13.90,4.63,true,1,
9002859061240,false,ניקו - שבבי בצל מטוגן 250 גרם,,,ניקו - שבבי בצל מטוג,גרמים,250.00,100 גרם,false,1,11.60,4.64,true,1,
9002859064104,false,בוגי-סוכריות בפחית בטעם מנטה 200 גרם,,,בוגי-סוכריות בפחית ב,גרמים,200.00,100 גרם,false,1,13.50,6.75,true,1,
9002859064708,false,בוגי - סוכריותפירות בצנצנת 300 גר,,,בוגי - סוכריותפירות,גרמים,300.00,100 גרם,false,1,21.30,7.10,true,1,
9002859064982,false,חמישיית שוקולדים קריסמס 75 גר גונץ,,,חמישיית שוקולדים קרי,גרמים,75.00,100 גרם,false,1,8.90,11.87,true,1,
9002859067570,false,דפדפי שוקולד תפוז - גונץ 200 גרם,,,דפדפי שוקולד תפוז -,גרמים,200.00,100 גרם,false,1,18.40,9.20,true,1,
9002859067907,false,גונץ עוגיות עם קרם בטעם וניל 380 גרם,,,גונץ עוגיות עם קרם ב,גרמים,380.00,100 גרם,false,1,21.60,5.68,true,1,
9002859070921,false,גונץ בוטנים קלוים עם מלח 150 גרם,,,גונץ בוטנים קלוים עם,גרמים,150.00,100 גרם,false,1,10.90,7.27,true,1,
9002859071911,false,שוקולד חלב סנטה 4100 גר גונץ,,,שוקולד חלב סנטה 100,גרמים,100.00,100 גרם,false,1,10.90,10.90,true,1,
9002859072086,false,גונץ-מקלות אפויים עם רוזמרין 250 גר,,,גונץ-מקלות אפויים עם,גרמים,250.00,100 גרם,false,1,16.90,6.76,true,1,
9002859073199,false,גונץ-וופל קרם אגוז מצופה קקאו 200 גר,,,גונץ-וופל קרם אגוז מ,גרמים,200.00,100 גרם,false,1,12.90,6.45,true,1,
9002859081590,false,שוקולד סנטה על המקל שישייה 90 גר גונץ,,,שוקולד סנטה על המקל,גרמים,540.00,100 גרם,false,1,10.90,2.02,true,1,
9002859087189,false,גונץ גומי פירות יער 400 גר,,,גונץ גומי פירות יער,גרמים,400.00,100 גרם,false,1,22.90,5.73,true,1,
9002859087257,false,גונץ-קרקר קלאסי עם מלח 200 גרם,,,גונץ-קרקר קלאסי עם מ,גרמים,200.00,100 גרם,false,1,12.90,6.45,true,1,
9002859090530,false,גונץ בוגי סוכריות בפחית בטעם תפוז 200 גר,,,גונץ בוגי סוכריות בפ,גרמים,200.00,100 גרם,false,1,13.50,6.75,true,1,
9002859092657,false,גונץ-בננה ציפוי מריר 150 גר,,,גונץ-בננה ציפוי מריר,גרמים,150.00,100 גרם,false,1,9.80,6.53,true,1,
9002859097997,false,בובת סנטה עם פרליני שוקולד 60 גרם,,,בובת סנטה עם פרליני,גרמים,60.00,100 גרם,false,1,43.90,73.17,true,1,
9002859100222,false,גונץ וופל רול עם קרם שוקולד מריר 400 גרם,,,גונץ וופל רול עם קרם,גרמים,400.00,100 גרם,false,1,18.90,4.73,true,1,
9002859100536,false,בונבוניירה אצבעות שוקולד מוצרט 200 גרם,,,בונבוניירה מוצרט,גרמים,200.00,100 גרם,false,1,18.80,9.40,true,1,
9002859105630,false,גונץ מרציפן מצופה שוקולד חלב ונוגט 75 גר,,AT,גונץ מרציפן מצופה שו,גרמים,75.00,100 גרם,false,1,10.40,13.87,true,1,
9002859110870,false,פיאצלי צלפים במים וחומץ ברנדי 95 גר,,,פיאצלי צלפים במים וח,גרמים,95.00,100 גרם,false,1,12.90,13.58,true,1,
9002859110894,false,גונץ-שום עם עשבי תיבול בשמן 190 גרם,,,גונץ-שום עם עשבי תיב,גרמים,190.00,100 גרם,false,1,20.90,11.00,true,1,
9002859110993,false,"גינה-אייס קפה ונילה 230 מ""ל",,,גינה-אייס קפה ונילה,מיליליטרים,230.00,"100 מ""ל",false,1,9.90,4.30,true,1,
9002859111839,false,גונץ-ציפס חומוס עם מלח ים 75 גר,,,גונץ-ציפס חומוס עם מ,גרמים,75.00,100 גרם,false,1,11.90,15.87,true,1,
9002859111976,false,גונץ חטיף בוטנים אורגני 80 גרם,,AT,גונץ חטיף בוטנים אור,גרמים,80.00,100 גרם,false,1,12.90,16.13,true,1,
9002859113758,false,גונץ סנטה פרליני ש.חלב ק.חלב 100 גר,,,גונץ סנטה פרליני ש.ח,גרמים,100.00,100 גרם,false,1,16.90,16.90,true,1,
9002859114571,false,גונץ-מקלות בייגלה עם מלח 180 גר,,,גונץ-מקלות בייגלה עם,גרמים,160.00,100 גרם,false,1,14.90,9.31,true,1,
9002859114595,false,גונץ-מקלות בייגלה עם שומשום 160 גר,,,גונץ-מקלות בייגלה עם,גרמים,160.00,100 גרם,false,1,14.90,9.31,true,1,
9002859117701,false,גונץ-מרמלדה פירות 250 גר,,,גונץ-מרמלדה פירות 25,גרמים,250.00,100 גרם,false,1,11.90,4.76,true,1,
9002975393836,false,סוכריות גילי הריבו האפי קולה 70 גרם,,AT,סוכריות גילי הריבו ה,גרמים,70.00,100 גרם,false,1,7.90,11.29,true,1,
9003100120037,false,"בירה קייזר פחית 500 מ""ל",,AT,בירה קייזר פחית 500,מיליליטרים,500.00,"100 מ""ל",false,1,8.90,1.78,true,1,
9003400393032,false,"פחית בירה הל שטיגל 500 מ""ל",,AT,פחית בירה הל שטיגל 5,מיליליטרים,500.00,"100 מ""ל",false,1,9.90,1.98,true,1,
9003402655084,false,"בירה שטיגל רדלר פטל פחית 500 מ""ל",,,בירה שטיגל רדלר פטל,מיליליטרים,500.00,"100 מ""ל",false,1,8.90,1.78,true,1,
9003402660088,false,"בירה שטיגל גולדבראו 500 מ""ל פחית",,AT,בירה שטיגל גולדבראו,מיליליטרים,500.00,"100 מ""ל",false,1,9.90,1.98,true,1,
9003402664079,false,"בירה שטיגל רדלר לימון פחית 500 מ""ל",,,בירה שטיגל רדלר לימו,מיליליטרים,500.00,"100 מ""ל",false,1,8.90,1.78,true,1,
9004380002006,false,"טוויסט מוחיטו 240 מ""ל קרטונית",,AT,לנדסה-משקה מוחיטו 23,מיליליטרים,230.00,"100 מ""ל",false,1,11.90,5.17,true,1,
9004380071606,false,"לנדסה-אייס קפה וניל 230 מ""ל",,AT,לנדסה-אייס קפה וניל,מיליליטרים,230.00,"100 מ""ל",false,1,11.90,5.17,true,1,
9008700111546,false,נקטר דובדבן 1 ליטר ראוך,,,נקטר דובדבן 1 ליטר,מיליליטרים,1000.00,"100 מ""ל",false,1,15.40,1.54,true,1,
9008700146982,false,מיץ מולטיויטמין פרי אדומים 100% 1 ל ראוך,,,מיץ מולטיויטמין פרי,מיליליטרים,1000.00,"100 מ""ל",false,1,15.40,1.54,true,1,
9008700148146,false,נקטר ליצי 1 ליטר ראוך,,,נקטר ליצי 1 ליטר ראו,ליטרים,0.00,ליטר,false,1,15.40,15.40,true,1,
9013100062053,false,"ליקר מוצרט שוקולד גולד 500 מ""ל",,,ליקר מוצרט שוקולד גו,מיליליטרים,500.00,"100 מ""ל",false,1,94.90,18.98,true,1,
9028800139493,false,"בירה ציפפר לאגר 500 מ""ל פחית",,AT,בירה ציפפר לאגר 500,מיליליטרים,500.00,"100 מ""ל",false,1,8.90,1.78,true,1,
9028800627679,false,"בירה אדלוויס 500 מ""ל פחית",,,"בירה אדלוויס 500 מ""ל",מיליליטרים,500.00,"100 מ""ל",false,1,14.90,2.98,true,1,
9028800639962,false,"בירה אדלוויס 500 מ""ל",,,"בירה אדלוויס 500 מ""ל",מיליליטרים,500.00,"100 מ""ל",false,1,14.90,2.98,true,1,
9044400849105,false,סוכריות פז בשקית 10+1 85 גר,,,סוכריות פז בשקית 10+,גרמים,85.00,100 גרם,false,1,17.70,20.82,true,1,
9044400851672,false,סוכריות 3+1 PEZ,,,סוכריות 3+1 PEZ,Unknown,0.00,Unknown,false,1,11.90,11.90,true,1,
9044400885578,false,סוכריות מילוי PEZ,,,סוכריות מילוי PEZ,Unknown,0.00,Unknown,false,1,11.90,11.90,true,1,
9120097310583,false,חטיף שוקו בננה מיניונים מצונן 108 גרם,,,חטיף שוקו בננה מיניו,גרמים,108.00,100 גרם,false,1,15.50,14.35,true,1,
9270011131654,false,"מיזלי ביג מיקס 1 ק""ג",,,"מיזלי ביג מיקס 1 ק""ג",גרמים,1000.00,100 גרם,false,1,27.90,2.79,true,1,
9310072028743,false,טים טם אורגינל 200 גרם,,,טים טם אורגינל 200 ג,גרמים,200.00,100 גרם,false,1,21.70,10.85,true,1,
9310072028750,false,טים טם דאבל 200 גרם,,,טים טם דאבל 200 גרם,גרמים,200.00,100 גרם,false,1,21.70,10.85,true,1,
9311218109562,false,"יין לינדמנס בין 50 שיראז 750 מ""ל",,,יין לינדמנס בין 50 ש,Unknown,0.00,Unknown,false,1,59.90,59.90,true,1,
9311218110995,false,יין לינדמנס בין 45 קברנה סובניון 750 מל,,,יין לינדמנס בין 45 ק,Unknown,0.00,Unknown,false,1,59.90,59.90,true,1,
9311218119486,false,"לינדמנס בין 65 שרדונה 750 מ""ל",,,לינדמנס בין 65 שרדונ,Unknown,0.00,Unknown,false,1,59.90,59.90,true,1,
9322969000015,false,פריכיות תירס 150 גרם טעם אורגינלי,,,פריכיות תירס 150 גרם,גרמים,150.00,100 גרם,false,1,13.90,9.27,true,1,
9322969000022,false,פרכיות תירס 150 גרם עם סויה וזרעי פשתן,,,פרכיות תירס 150 גרם,גרמים,150.00,100 גרם,false,1,13.90,9.27,true,1,
9322969000039,false,פריכיות תירס 150 גרם עם 5 סוגי דגנים,,,פריכיות תירס 150 גרם,גרמים,150.00,100 גרם,false,1,13.90,9.27,true,1,
9322969000053,false,פריכיות אורז מלא ריל פוד 150 גר,,,פריכיות אורז מלא ריל,גרמים,150.00,100 גרם,false,1,13.90,9.27,true,1,
9415305122011,false,יין מטואה מרלבוך סוביניון בלאן 750 מל,,,יין מטואה מרלברו,Unknown,0.00,Unknown,false,1,95.90,95.90,true,1,
9419031001428,false,פרמניגהאם סובניון בלאן לבן יבש 750 מל,,NZ,פרמניגהאם סובניון בל,Unknown,0.00,Unknown,false,1,99.90,99.90,true,1,
9421025029974,false,זילנד פרנגרין סוביניון בלאן 750,,,זילנד פרנגרין סוביני,Unknown,0.00,Unknown,false,1,79.90,79.90,true,1,
9421902401176,false,"מול על חצי צדף ניו זילנד 1 ק""ג",,,מול על חצי צדף ניו ז,קילוגרמים,0.00,"ק""ג",false,1,59.90,59.90,true,1,
9720006678751,false,כבד דגים איסלנד 115 גרם,,,כבד דגים 115 גרם,גרמים,115.00,100 גרם,false,1,9.40,8.17,true,1,
9720188050109,false,גבינת טופו בטעמים 225 גרם,,,גבינת טופו בטעמים,גרמים,225.00,100 גרם,false,1,23.90,10.62,true,1,
9720188060108,false,שמנת טופו בטעמים 360 גרם,,,שמנת טופו בטעמים 360,גרמים,360.00,100 גרם,false,1,23.90,6.64,true,1,
9770793914006,false,עיתון גירוסלים פוסט יום שישי,,,עיתון גירוסלים פוסט,Unknown,0.00,Unknown,false,1,22.00,22.00,true,1,
9771565025005,false,מעריב סוף השבוע,,,מעריב סוף השבוע,Unknown,0.00,Unknown,false,1,20.00,20.00,true,1,
9771565039125,false,עיתון לאישה יום ב,,,עיתון לאישה יום ב,Unknown,0.00,Unknown,false,1,21.90,21.90,true,1,
9771565051066,false,ידיעות אחרונות שישי,,,ידיעות אחרונות שישי,Unknown,0.00,Unknown,false,1,20.00,20.00,true,1,
9771565290007,false,עיתון הארץ יום שישי,,,עיתון הארץ יום שישי,Unknown,0.00,Unknown,false,1,30.00,30.00,true,1,
9871184221359,false,גאודה הולנדית 30% במשקל,,,גאודה הולנדית 30%,Unknown,0.00,"ק""ג",true,0,90.00,90.00,true,1,
9871184221363,false,גאודה הולנדית עגבניות זיתים ובזיליקום,,,גאודה הולנדית עגבניה,Unknown,0.00,"ק""ג",true,0,133.00,133.00,true,1,
9871184221365,false,גאודה הולנדית עם רוטב חריף סמבל במשקל,,,גאודה הולנדית,Unknown,0.00,"ק""ג",true,0,131.00,131.00,true,1,
9871184221367,false,גאודה עיזים הולנדית במשקל,,,גאודה עיזים הולנדית,Unknown,0.00,"ק""ג",true,0,133.00,133.00,true,1,
