code,internal_code,name,manufacturer_name,manufacture_country,manufacturer_item_description,unit_qty,quantity,unit_of_measure,weighted,qty_in_package,price,unit_of_measure_price,allow_discount,status,item_id
602,false,קפה טורקי 85גרם!,,,בצל יבש,Unknown,0.00,"ק""ג",true,0,5.90,5.90,true,1,
619,false,פלפל אדום,,,פלפל אדום,Unknown,0.00,"ק""ג",true,0,9.90,9.90,true,1,
678,false,נתח קצבים טרי,,,ברוקולי,Unknown,0.00,Unknown,false,1,14.90,14.90,true,1,
5942,false,"תפו""ע קריספי",,,"תפו""ע קריספי",Unknown,0.00,"ק""ג",true,0,21.90,21.90,true,1,
12340,false,מרק לעובדים עם שתייה,,,מרק לעובדים עם שתייה,Unknown,0.00,Unknown,false,1,10.00,10.00,true,1,
14193,false,ארוחת קוסקוס,,,ארוחת קוסקוס,Unknown,0.00,Unknown,false,1,25.00,25.00,true,1,
14197,false,פלאפל 10 יח TO GO,,,פלאפל 10 יח TO GO,Unknown,0.00,Unknown,false,1,15.00,15.00,true,1,
46020,false,גבינה צהובה גלבוע 22% במשקל תנובה,,,גבינה צהובה גלבוע-במ,Unknown,0.00,"ק""ג",true,0,42.58,42.58,true,1,
53219,false,גבינה חריץ טל העמק 32% במשקל,,,גבינה טל העמק 32%,Unknown,0.00,"ק""ג",true,0,58.00,58.00,true,1,
56326,false,גבינה שוויצרית במשקל,,,גבינה שוויצרית במשקל,Unknown,0.00,"ק""ג",true,0,74.00,74.00,true,1,
90010,false,מסכה *10 ללא החזרה KN95,,,ללא החזרה KN95 מסכות,Unknown,0.00,Unknown,false,1,129.90,129.90,true,1,
321646,false,פיסטוק קלוי טבעי,,,פיסטוק קלוי,Unknown,0.00,"ק""ג",true,0,99.00,99.00,true,1,
346459,false,עוף מפורק טרי ללא אנטיביוטיקה,,,עוף מפורק טרי,Unknown,0.00,"ק""ג",true,0,28.90,28.90,true,1,
554815,false,מוצרלה טבעית במשקל,,,מוצרלה טבעית במשקל,Unknown,0.00,"ק""ג",true,0,83.00,83.00,true,1,
611266,false,פילה חזה עוף קפוא,,,חזה עוף קפוא,Unknown,0.00,"ק""ג",true,0,36.90,36.90,true,1,
624518,false,חמוציות חצאים,,,חמוציות חצאים,Unknown,0.00,"ק""ג",true,0,29.00,29.00,true,1,
644783,false,דג סלומון פילה מנות קפוא שקיל,,,פילה סלמון קפוא מנות,Unknown,0.00,"ק""ג",true,0,84.90,84.90,true,1,
659312,false,פילה סלומון קפוא בוואקום דגי תנובה,,,פילה סלמון קפוא,Unknown,0.00,"ק""ג",true,0,69.90,69.90,true,1,
663036,false,פילה אמנון קפוא ללא עור,,,פילה אמנון קפוא ללא,Unknown,0.00,"ק""ג",true,0,36.90,36.90,true,1,
663166,false,פילה הייק דרום אפריקאי,,ZA,פילה הייק קפוא,Unknown,0.00,"ק""ג",true,0,44.90,44.90,true,1,
1258118,false,גבינת קממברט-יעקבס,,,גבינת קממבר-יעקבס,Unknown,0.00,"ק""ג",true,0,95.00,95.00,true,1,
1356425,false,פילה מטיאס במשקל,,,פילה מטיאס במשקל,Unknown,0.00,"ק""ג",true,0,62.00,62.00,true,1,
1906286,false,חזה עוף חצוי אורגני קפוא,,IL,חזה עוף חצוי אורגני,Unknown,0.00,"ק""ג",true,0,95.90,95.90,true,1,
2345879,false,פרמזנו רגאנו במשקל,,IT,פרמזנו רגאנו במשקל,Unknown,0.00,"ק""ג",true,0,173.00,173.00,true,1,
2447511,false,זנב עגל טרי,,,זנב עגל טרי,Unknown,0.00,"ק""ג",true,0,59.90,59.90,true,1,
2511137,false,פטה עיזים 20% במשקל,,,פטה עיזים 20% במשקל,Unknown,0.00,"ק""ג",true,0,105.00,105.00,true,1,
2511236,false,גבינה בולגרית מעודנת 5% במשקל,,,גבינה בולגרית מעודנת,גרמים,0.00,"ק""ג",true,0,50.00,50.00,true,1,
2511281,false,ברינזה צאן במשקל,,,ברינזה צאן במשקל,Unknown,0.00,"ק""ג",true,0,89.00,89.00,true,1,
2560005,false,פירות קפואים במשקל,,,פירות קפואים במשקל,Unknown,0.00,"ק""ג",true,0,49.00,49.00,true,1,
2617471,false,גבינת צדר אנגלית מיושנת במשקל,,,גבינת צדר אנגלית,Unknown,0.00,"ק""ג",true,0,126.00,126.00,true,1,
2617488,false,גבינת צדר אנגלית מיושנת במשקל,,,גבינת צדר אנגלית,Unknown,0.00,"ק""ג",true,0,120.00,120.00,true,1,
3131105,false,תמר בונבוניירה,,,תמר בונבוניירה,קילוגרמים,0.00,"ק""ג",true,0,69.00,69.00,true,1,
3131181,false,מלח לימון במשקל,,,מלח לימון במשקל,Unknown,0.00,"ק""ג",true,0,39.00,39.00,true,1,
3131211,false,כוסברה במשקל,,,כוסברה במשקל,Unknown,0.00,"ק""ג",true,0,39.00,39.00,true,1,
3131228,false,פשתן,,,פשתן,Unknown,0.00,"ק""ג",true,0,11.00,11.00,true,1,
3131266,false,גרעיני חמניה במשקל,,,גרעיני חמניה במשקל,Unknown,0.00,"ק""ג",true,0,45.00,45.00,true,1,
3131297,false,בננה ציפס שטוח,,,בננה ציפס שטוח,Unknown,0.00,"ק""ג",true,0,39.00,39.00,true,1,
3131310,false,בוטן טבעי,,,בוטן טבעי,Unknown,0.00,"ק""ג",true,0,29.00,29.00,true,1,
3131334,false,פפאיה,,,פפאיה,Unknown,0.00,"ק""ג",true,0,45.00,45.00,true,1,
3131358,false,שזיף מגולען,,,שזיף מגולען,Unknown,0.00,"ק""ג",true,0,45.00,45.00,true,1,
3132157,false,מקלות קינמון במשקל,,,מקלות קינמון במשקל,Unknown,0.00,"ק""ג",true,0,90.00,90.00,true,1,
3192014,false,פקאן במשקל,,,פקאן במשקל,Unknown,0.00,"ק""ג",true,0,119.00,119.00,true,1,
3192083,false,זעתר ללא מלח,,,זעתר ללא מלח,Unknown,0.00,"ק""ג",true,0,69.00,69.00,true,1,
3192106,false,געלה,,,געלה,Unknown,0.00,"ק""ג",true,0,99.00,99.00,true,1,
3192168,false,פפריקה חריפה במשקל,,,פפריקה חריפה במשקל,Unknown,0.00,"ק""ג",true,0,50.00,50.00,true,1,
3192212,false,פלפל שחור גרוס דק במשקל,,,פלפל שחור גרוס דק במ,Unknown,0.00,"ק""ג",true,0,99.00,99.00,true,1,
3192236,false,פלפל שחור שלם במשקל,,,פלפל שחור שלם במשקל,Unknown,0.00,"ק""ג",true,0,90.00,90.00,true,1,
3192311,false,עלי דפנה במשקל,,,עלי דפנה במשקל,Unknown,0.00,"ק""ג",true,0,85.00,85.00,true,1,
3192519,false,חמוצים ב-4.90 שח ל-100 גר,,,חמוצים ב-4.90 שח ל-1,Unknown,0.00,"ק""ג",true,0,49.00,49.00,true,1,
3192564,false,תמר מגהול ענק,,,תמר מגהול ענק,Unknown,0.00,"ק""ג",true,0,69.00,69.00,true,1,
3192618,false,צנובר סיני,,,צנובר סיני,Unknown,0.00,"ק""ג",true,0,199.00,199.00,true,1,
3192663,false,חטיפים/מתוקים 8.9 שח ל100 גר,,,חטיפים/מתוקים 8.9 ש,Unknown,0.00,"ק""ג",true,0,89.00,89.00,true,1,
3192748,false,צימוק לבן ענק,,,צימוק לבן ענק,Unknown,0.00,"ק""ג",true,0,49.00,49.00,true,1,
3192854,false,קשיו טבעי במשקל,,,קשיו טבעי במשקל,Unknown,0.00,"ק""ג",true,0,80.00,80.00,true,1,
3192960,false,חמניה מקולף,,,חמניה מקולף,Unknown,0.00,"ק""ג",true,0,25.00,25.00,true,1,
3192977,false,דלעת מקולפת,,,דלעת מקולפת,Unknown,0.00,"ק""ג",true,0,49.00,49.00,true,1,
3193226,false,פקאן לא קלוי במשקל,,,פקאן לא קלוי במשקל,Unknown,0.00,"ק""ג",true,0,119.00,119.00,true,1,
3193325,false,בוטנים לא קלוי במשקל,,,בוטנים לא קלוי במשקל,Unknown,0.00,"ק""ג",true,0,59.00,59.00,true,1,
3211098,false,שזיף אמריקאי,,,שזיף אמריקאי,Unknown,0.00,"ק""ג",true,0,45.00,45.00,true,1,
3211104,false,צימוק חום,,,צימוק חום,Unknown,0.00,"ק""ג",true,0,39.00,39.00,true,1,
3211128,false,בוטנים מסוכרים,,,בוטנים מסוכרים,Unknown,0.00,"ק""ג",true,0,49.00,49.00,true,1,
3211203,false,תאנים מיובשות במשקל,,,תאנים מיובשות במשקל,Unknown,0.00,"ק""ג",true,0,59.00,59.00,true,1,
3211234,false,פפריקה מתוקה במשקל,,,פפריקה מתוקה במשקל,Unknown,0.00,"ק""ג",true,0,49.00,49.00,true,1,
3211241,false,שום גבישי שקיל,,,שום גבישי שקיל,Unknown,0.00,"ק""ג",true,0,99.00,99.00,true,1,
3211258,false,קינמון טחון במשקל,,,קינמון טחון במשקל,Unknown,0.00,"ק""ג",true,0,59.00,59.00,true,1,
3211357,false,צימוק לבן קטן,,,צימוק לבן קטן,Unknown,0.00,"ק""ג",true,0,39.00,39.00,true,1,
3211364,false,חלבה במשקל,,,חלבה במשקל,Unknown,0.00,"ק""ג",true,0,60.00,60.00,true,1,
3211432,false,פיסטוק חלבי מקולף,,,פיסטוק חלבי מקולף,Unknown,0.00,"ק""ג",true,0,189.00,189.00,true,1,
3211593,false,זעתר עם שומשום במשקל,,,זעתר עם שומשום במשקל,Unknown,0.00,"ק""ג",true,0,57.00,57.00,true,1,
3211623,false,פלפל אנגלי שלם במשקל,,,פלפל אנגלי שלם במשקל,Unknown,0.00,"ק""ג",true,0,85.00,85.00,true,1,
3211739,false,אננס צהוב עיגולים,,,אננס צהוב עיגולים,Unknown,0.00,"ק""ג",true,0,39.00,39.00,true,1,
3211777,false,תבלין לגריל עוף במשקל,,,תבלין לגריל עוף במשק,Unknown,0.00,"ק""ג",true,0,69.00,69.00,true,1,
3211807,false,תבלין לדג במשקל,,,תבלין לדג במשקל,Unknown,0.00,"ק""ג",true,0,75.00,75.00,true,1,
3211876,false,בצל יבש במשקל,,,בצל יבש במשקל,Unknown,0.00,"ק""ג",true,0,69.00,69.00,true,1,
3211913,false,זנגביל מסוכר,,,זנגביל מסוכר,Unknown,0.00,"ק""ג",true,0,49.00,49.00,true,1,
3211944,false,חוואג לקפה במשקל,,,חוואג לקפה במשקל,Unknown,0.00,"ק""ג",true,0,79.00,79.00,true,1,
3211968,false,סומק במשקל,,,סומק במשקל,Unknown,0.00,"ק""ג",true,0,59.00,59.00,true,1,
3211999,false,פריכיות אורז ריזוטו במשקל,,,פריכיות אורז ריזוטו,Unknown,0.00,"ק""ג",true,0,79.00,79.00,true,1,
3213092,false,בונדוק לא קלוי,,,בונדוק לא קלוי,Unknown,0.00,"ק""ג",true,0,89.00,89.00,true,1,
3213160,false,כורכום במשקל,,,כורכום במשקל,Unknown,0.00,"ק""ג",true,0,89.00,89.00,true,1,
3213191,false,צילי מתוק גרוס במשקל,,,צילי מתוק גרוס במשקל,Unknown,0.00,"ק""ג",true,0,90.00,90.00,true,1,
3213221,false,קארי מסאלה 1במשקל,,,קארי מסאלה 1במשקל,Unknown,0.00,"ק""ג",true,0,79.00,79.00,true,1,
3213245,false,תערובת לאורז שקדים/אשפרוב/בחש **כניסה בל,,,תערובת לאורז שקדים/א,Unknown,0.00,"ק""ג",true,0,70.00,70.00,true,1,
3213306,false,כמון מזרחי במשקל,,,כמון מזרחי במשקל,Unknown,0.00,"ק""ג",true,0,69.00,69.00,true,1,
3213313,false,בהרט במשקל,,,בהרט במשקל,Unknown,0.00,"ק""ג",true,0,89.00,89.00,true,1,
3213337,false,חוואג למרק במשקל,,,חוואג למרק במשקל,Unknown,0.00,"ק""ג",true,0,89.00,89.00,true,1,
3213351,false,שקדים בדבש,,,שקדים בדבש,Unknown,0.00,"ק""ג",true,0,89.00,89.00,true,1,
3213375,false,שקד טבעי,,,שקד טבעי,Unknown,0.00,"ק""ג",true,0,79.00,79.00,true,1,
3213382,false,אגוז מלך,,,אגוז מלך,Unknown,0.00,"ק""ג",true,0,69.00,69.00,true,1,
3213399,false,אגוז ברזיל,,,אגוז ברזיל,Unknown,0.00,"ק""ג",true,0,89.00,89.00,true,1,
3213405,false,קיווי במשקל,,,קיווי במשקל,Unknown,0.00,"ק""ג",true,0,100.00,100.00,true,1,
3213443,false,אננס טבעי,,,אננס טבעי,Unknown,0.00,"ק""ג",true,0,99.00,99.00,true,1,
3213481,false,פפאיה דל סוכר,,,פפאיה דל סוכר,Unknown,0.00,"ק""ג",true,0,99.00,99.00,true,1,
3213498,false,תפוח עץ מיובש טבעות במשקל,,,תפוח עץ מיובש טבעות,Unknown,0.00,"ק""ג",true,0,69.00,69.00,true,1,
3213504,false,תות שדה,,,תות שדה מיובש,Unknown,0.00,"ק""ג",true,0,90.00,90.00,true,1,
3213559,false,בננה מיובשת,,,בננה מיובשת,Unknown,0.00,"ק""ג",true,0,99.00,99.00,true,1,
3213573,false,משמש מיובש אוזבקי במשקל,,,משמש מיובש אוזבקי,Unknown,0.00,"ק""ג",true,0,79.00,79.00,true,1,
3213603,false,מנגו רצועות טבעי,,,מנגו רצועות טבעי,Unknown,0.00,"ק""ג",true,0,119.00,119.00,true,1,
3213696,false,משוקלדים במשקל,,,משוקלדים במשקל,Unknown,0.00,"ק""ג",true,0,100.00,100.00,true,1,
3213733,false,תערובת לאורז במשקל,,,תערובת לאורז במשקל,Unknown,0.00,"ק""ג",true,0,79.00,79.00,true,1,
3213757,false,קשיו בדבש,,,קשיו בדבש,Unknown,0.00,"ק""ג",true,0,99.00,99.00,true,1,
3213764,false,פקאן מסוכר,,,פקאן מסוכר,Unknown,0.00,"ק""ג",true,0,120.00,120.00,true,1,
3213771,false,פלפל שחור טחון במשקל,,,פלפל שחור טחון במשקל,Unknown,0.00,"ק""ג",true,0,99.00,99.00,true,1,
3213795,false,פלפל אנגלי טחון במשקל,,,פלפל אנגלי טחון במשק,Unknown,0.00,"ק""ג",true,0,89.00,89.00,true,1,
3213832,false,שקד מולבן פרוס/חצוי/טחון/שלם,,,שקד מולבן פרוס/חצוי/,Unknown,0.00,"ק""ג",true,0,99.00,99.00,true,1,
3213849,false,רצועות קוקוס,,,רצועות קוקוס,Unknown,0.00,"ק""ג",true,0,79.00,79.00,true,1,
3213863,false,מנגו רצועות מסוכר,,,מנגו רצועות מסוכר,Unknown,0.00,"ק""ג",true,0,79.00,79.00,true,1,
3213870,false,גרעיני ציה במשקל,,,גרעיני זרעי ציה,Unknown,0.00,"ק""ג",true,0,35.00,35.00,true,1,
3213986,false,תערובות אורז /מרקאש/חמוציות /ים תיכוני,,,תערובות אורז /מרקאש,Unknown,0.00,"ק""ג",true,0,79.00,79.00,true,1,
3345397,false,באס טרי 500/600,,,באס טרי 500-600 נטו,Unknown,0.00,"ק""ג",true,0,54.90,54.90,true,1,
3355518,false,סינטה עגל ללא אנטיביוטיקה מנוקר מוכשר,,,סינטה ללא אנטיביוטיק,Unknown,0.00,"ק""ג",true,0,169.90,169.90,true,1,
3355525,false,פילה עגל ללא אנטיביוטיקה מנוקר מוכשר,,,פילה עגל ללא אנטיביו,Unknown,0.00,"ק""ג",true,0,299.90,299.90,true,1,
3571550,false,"סטייק טונה אלבקור בד""ץ",,VN,סטייק טונה אלבקור קפ,Unknown,0.00,"ק""ג",true,0,50.90,50.90,true,1,
4068400,false,קאשקבל במשקל,,,קאשקבל במשקל,Unknown,0.00,"ק""ג",true,0,129.00,129.00,true,1,
4232825,false,עוף שלם אורגני קפוא,,,עוף שלם אורגני קפוא,Unknown,0.00,"ק""ג",true,0,44.90,44.90,true,1,
4232870,false,שניצל עוף אורגני קפוא,,,שניצל עוף אורגני קפו,Unknown,0.00,"ק""ג",true,0,94.90,94.90,true,1,
4232894,false,שוקיים עוף אורגני קפוא,,,שוקיים עוף אורגני קפ,Unknown,0.00,"ק""ג",true,0,85.90,85.90,true,1,
4234256,false,ברווז קפוא,,,ברווז קפוא,Unknown,0.00,"ק""ג",true,0,53.00,53.00,true,1,
4239299,false,לשון עגל טרי,,,לשון עגל טריה,Unknown,0.00,"ק""ג",true,0,69.90,69.90,true,1,
4281526,false,רצועות להקפצה טרי סקין,,IL,רצועות להקפצה חוות.ב,Unknown,0.00,"ק""ג",true,0,104.90,104.90,true,1,
4281540,false,דנבר קאט טרי סקין,,IL,דנבר קאט טרי חוות.ב,Unknown,0.00,"ק""ג",true,0,149.90,149.90,true,1,
4281564,false,שניצל וינאי טרי סקין,,IL,שניצל וינאי חוות.ב,Unknown,0.00,"ק""ג",true,0,109.90,109.90,true,1,
4281588,false,אוסובוקו פרימיום טרי,,IL,אוסובוקו פרימיום ח.ב,Unknown,0.00,"ק""ג",true,0,69.90,69.90,true,1,
4281595,false,שריר טרי סקין,,IL,שריר טרי חוות.ב,Unknown,0.00,"ק""ג",true,0,79.90,79.90,true,1,
4281601,false,אסאדו פרימיום טרי סקין,,IL,אסאדו פרימיום ח.ב,Unknown,0.00,"ק""ג",true,0,79.90,79.90,true,1,
4364526,false,אומצת צלע בקר טרי,,IL,אומצת צלע בקר חוות.ב,Unknown,0.00,"ק""ג",true,0,169.90,169.90,true,1,
4412227,false,"תפו""א אדום",,,תפוא אדום,Unknown,0.00,"ק""ג",true,0,5.90,5.90,true,1,
4412319,false,בטטה,,,בטטה,Unknown,0.00,"ק""ג",true,0,10.90,10.90,true,1,
4412340,false,קלמנטינה,,,קלמנטינה,Unknown,0.00,"ק""ג",true,0,9.90,9.90,true,1,
4412357,false,רימון,,,רימון,Unknown,0.00,"ק""ג",true,0,10.90,10.90,true,1,
4412388,false,שומר,,,שומר,Unknown,0.00,"ק""ג",true,0,10.90,10.90,true,1,
4412395,false,תפוז ברשת,,,תפוז ברשת,Unknown,0.00,"ק""ג",true,0,9.90,9.90,true,1,
4412418,false,קיווי,,,קיווי,Unknown,0.00,"ק""ג",true,0,26.90,26.90,true,1,
4412432,false,תפוזים,,,תפוזים,Unknown,0.00,"ק""ג",true,0,8.90,8.90,true,1,
4412456,false,"תפו""ע חרמון",,,תפוע חרמון,Unknown,0.00,"ק""ג",true,0,13.90,13.90,true,1,
4412470,false,"תפו""ע סמיט",,,תפוע סמיט,Unknown,0.00,"ק""ג",true,0,13.90,13.90,true,1,
4412500,false,בצל אדום,,,בצל אדום,Unknown,0.00,"ק""ג",true,0,8.90,8.90,true,1,
4412586,false,לימון,,,לימון,Unknown,0.00,"ק""ג",true,0,9.90,9.90,true,1,
4412616,false,בננות,,,בננות,Unknown,0.00,"ק""ג",true,0,8.90,8.90,true,1,
4412623,false,אגסים,,,אגסים,Unknown,0.00,"ק""ג",true,0,14.90,14.90,true,1,
4412647,false,אבוקדו,,,אבוקדו,Unknown,0.00,"ק""ג",true,0,15.90,15.90,true,1,
4412654,false,אפרסמון,,,אפרסמון,Unknown,0.00,"ק""ג",true,0,24.90,24.90,true,1,
4412678,false,"תפו""א לבן",,,תפוא לבן,Unknown,0.00,"ק""ג",true,0,4.90,4.90,true,1,
4412685,false,פומלה,,,פומלה,Unknown,0.00,"ק""ג",true,0,12.90,12.90,true,1,
4412708,false,קולרבי,,,קולורבי,Unknown,0.00,"ק""ג",true,0,7.90,7.90,true,1,
4412715,false,קשואים,,,קישואים,Unknown,0.00,"ק""ג",true,0,9.90,9.90,true,1,
4412746,false,פלפל חריף,,,פלפל חריף,Unknown,0.00,"ק""ג",true,0,8.90,8.90,true,1,
4412777,false,פלפל צהוב,,,פלפל צהוב,Unknown,0.00,"ק""ג",true,0,11.90,11.90,true,1,
4412784,false,עגבניות,,,עגבניות,Unknown,0.00,"ק""ג",true,0,10.90,10.90,true,1,
4412791,false,סלק,,,סלק,Unknown,0.00,"ק""ג",true,0,5.90,5.90,true,1,
4412814,false,מלפפונים,,,מלפפונים,Unknown,0.00,"ק""ג",true,0,8.90,8.90,true,1,
4412838,false,כרובית,,,כרובית,Unknown,0.00,"ק""ג",true,0,13.90,13.90,true,1,
4412852,false,כרוב לבן,,,כרוב לבן,Unknown,0.00,"ק""ג",true,0,4.90,4.90,true,1,
4412869,false,חצילים,,,חצילים,Unknown,0.00,"ק""ג",true,0,6.90,6.90,true,1,
4412876,false,דלעת,,,דלעת,Unknown,0.00,"ק""ג",true,0,8.90,8.90,true,1,
4412883,false,גזר,,,גזר,Unknown,0.00,"ק""ג",true,0,5.90,5.90,true,1,
4412913,false,דלורית,,,דלורית,Unknown,0.00,"ק""ג",true,0,9.90,9.90,true,1,
4412920,false,מלפפון ארוז,,,מלפפון בייבי ארוז,Unknown,0.00,Unknown,false,0,11.90,11.90,true,1,
4421014,false,כמון מזרחי שלם במשקל,,,כמון מזרחי שלם במשקל,Unknown,0.00,"ק""ג",true,0,62.00,62.00,true,1,
4421038,false,קינמון שלם סיני במשק,,,קינמון שלם סיני במשק,Unknown,0.00,"ק""ג",true,0,79.00,79.00,true,1,
4421106,false,חמוציות חתוך ברכז תפ,,,חמוציות חתוך ברכז תפ,Unknown,0.00,"ק""ג",true,0,59.00,59.00,true,1,
4421120,false,שומשום אדום במשקל,,,שומשום אדום במשקל,Unknown,0.00,"ק""ג",true,0,27.00,27.00,true,1,
4421748,false,גולדן ברי,,,גולדן ברי,Unknown,0.00,"ק""ג",true,0,119.00,119.00,true,1,
4421908,false,פירות יבשים בחרוב,,,פירות יבשים בחרוב,Unknown,0.00,"ק""ג",true,0,159.00,159.00,true,1,
4421939,false,פול מצרי אפוי,,,פול מצרי אפוי,Unknown,0.00,"ק""ג",true,0,54.00,54.00,true,1,
4429096,false,צלי כתף עגל טרי,,,צלי כתף עגל טרי,Unknown,0.00,"ק""ג",true,0,99.90,99.90,true,1,
4429591,false,גבינה נועה בסגנון גאודה במשקל,,,גבינה עדן בסגנון,Unknown,0.00,"ק""ג",true,0,146.00,146.00,true,1,
4467821,false,גב עוף עצמות,,,גב עוף עצמות,Unknown,0.00,"ק""ג",true,0,4.90,4.90,true,1,
4485016,false,חזה עוף טרי ללא אנטיביוטיקה,,,חזה עוף ללא אנטיביוט,Unknown,0.00,"ק""ג",true,0,44.90,44.90,true,1,
4485054,false,כרעיים עוף טרי ללא אנטיביוטיקה,,,כרעיים ע ללא אנטיביו,Unknown,0.00,"ק""ג",true,0,36.90,36.90,true,1,
4485191,false,עוף שלם טרי במגש משק ארצי,,,עוף שלם טרי,Unknown,0.00,"ק""ג",true,0,28.90,28.90,true,1,
4485207,false,חזה עוף טרי במגש משק ארצי,,,חזה עוף טרי,Unknown,0.00,"ק""ג",true,0,48.90,48.90,true,1,
4485221,false,שניצל עוף טרי במגש משק ארצי,,,שניצל עוף טרי,Unknown,0.00,"ק""ג",true,0,52.90,52.90,true,1,
4485238,false,סטייק פרגית טרי במגש משק ארצי,,,סטייק פרגית טרי,Unknown,0.00,"ק""ג",true,0,74.90,74.90,true,1,
4485245,false,כרעיים עוף טרי במגש משק ארצי,,,כרעיים עוף טרי,Unknown,0.00,"ק""ג",true,0,39.90,39.90,true,1,
4485252,false,שוקיים עוף טרי במגש משק ארצי,,,שוקיים עוף טרי,Unknown,0.00,"ק""ג",true,0,49.90,49.90,true,1,
4485269,false,ירכיים עוף טרי במגש משק ארצי,,,ירכיים עוף טרי,Unknown,0.00,"ק""ג",true,0,39.90,39.90,true,1,
4485276,false,כנפיים עוף טרי במגש משק ארצי,,,כנפיים עוף טרי,Unknown,0.00,"ק""ג",true,0,18.90,18.90,true,1,
4485290,false,כבד עוף טרי במגש משק ארצי,,,כבד עוף טרי,Unknown,0.00,"ק""ג",true,0,44.90,44.90,true,1,
4530044,false,אמנטל צרפתי במשקל,,,אמנטל צרפתי במשקל,Unknown,0.00,"ק""ג",true,0,115.00,115.00,true,1,
4725600,false,גבינה צהובה סקנדינבית 31% במשקל,,,גבינה צהובה סקנדינבי,Unknown,0.00,"ק""ג",true,0,75.00,75.00,true,1,
4861025,false,גבינה בולגרית 5%,,,גבינה בולגרית 5%,Unknown,0.00,"ק""ג",true,0,50.00,50.00,true,1,
4861278,false,גבינת שמנת 30% טבעי,,,גבינת שמנת 30% טבעי,גרמים,0.00,"ק""ג",true,0,45.00,45.00,true,1,
5697166,false,קממבר עיזים במשקל גלילי,,,קממבר עיזים גלילי,Unknown,0.00,"ק""ג",true,0,170.00,170.00,true,1,
5697210,false,גבינת סנט מור במשקל גלילי,,,גבינת סנט מור במשקל,Unknown,0.00,"ק""ג",true,0,195.00,195.00,true,1,
5697340,false,ברי עיזים מנות שקיל,,,ברי עיזים מנות שקיל,Unknown,0.00,"ק""ג",true,0,188.00,188.00,true,1,
5697371,false,קממבר כמהין מנות שקיל גלילי,,,קממבר כמהין גלילי,Unknown,0.00,"ק""ג",true,0,220.00,220.00,true,1,
5870477,false,"שמפו רימונים לשיער יבש 750 מ""ל",,,שמפו רימונים לשיער י,מיליליטרים,750.00,"100 מ""ל",false,1,10.00,1.33,true,1,
5992858,false,פטה 5% מעודנת במשקל,,,פטה 5% מעודנת במשקל,Unknown,0.00,"ק""ג",true,0,119.00,119.00,true,1,
5992964,false,פטה כבשים מסורתי במשקל,,,פטה כבשים מסורתי,Unknown,0.00,"ק""ג",true,0,102.00,102.00,true,1,
6192370,false,פילה אמנון 90-110,,,פילה אמנון טרי,Unknown,0.00,"ק""ג",true,0,79.90,79.90,true,1,
6192387,false,שרימפס וסת,,,פילה נסיכת הנילוס,Unknown,0.00,"ק""ג",true,0,69.90,69.90,true,1,
6270047,false,צנון,,,צנון,Unknown,0.00,"ק""ג",true,0,8.90,8.90,true,1,
6355812,false,צלעות טלה טרי,,,צלעות טלה טרי,Unknown,0.00,"ק""ג",true,0,149.90,149.90,true,1,
6452009,false,תמר דקל נור ענפים או,,,תמר דקל נור ענפים או,Unknown,0.00,"ק""ג",true,0,39.00,39.00,true,1,
6452023,false,תמר אמרי בתפזורת,,,תמר אמרי בתפזורת,Unknown,0.00,"ק""ג",true,0,39.00,39.00,true,1,
6452269,false,חטיף סויה קריספי תפז,,,חטיף סויה קריספי תפז,Unknown,0.00,"ק""ג",true,0,109.00,109.00,true,1,
6452382,false,זנגויל לא מסוכר,,,זנגויל לא מסוכר,Unknown,0.00,"ק""ג",true,0,59.00,59.00,true,1,
6452597,false,צימוקים אוזבקי,,,צימוקים אוזבקי,Unknown,0.00,"ק""ג",true,0,90.00,90.00,true,1,
6452610,false,קוקוס מיובש בשמש,,,קוקוס מיובש בשמש,Unknown,0.00,"ק""ג",true,0,89.00,89.00,true,1,
6452771,false,עוגיות במשקל,,,עוגיות במשקל,Unknown,0.00,"ק""ג",true,0,90.00,90.00,true,1,
6519320,false,תחליף גבינה מעושנת במשקל GURMAN,,,גבינה אנלוגי מעושנת,Unknown,0.00,"ק""ג",true,0,70.00,70.00,true,1,
6520333,false,שניצל הודו פרוס טרי,,,שניצל הודו פרוס טרי,Unknown,0.00,"ק""ג",true,0,39.90,39.90,true,1,
6707543,false,פילה עוף ללא אנטיביוטיקה עוף טוב במגש,,,פילה עוף ללא אנטיביו,Unknown,0.00,"ק""ג",true,0,49.90,49.90,true,1,
6833778,false,דניס טרי 400-500 נטו,,,דניס טרי 400-500 נטו,Unknown,0.00,"ק""ג",true,0,69.90,69.90,true,1,
6833785,false,לברק טרי נטו,,,לברק טרי נטו,Unknown,0.00,"ק""ג",true,0,74.90,74.90,true,1,
6836052,false,פורל וורוד 500-600,,,פורל ורוד טרי,Unknown,0.00,"ק""ג",true,0,79.90,79.90,true,1,
6836304,false,נתח פילה סלמון,,,נתח פילה סלמון,Unknown,0.00,"ק""ג",true,0,109.90,109.90,true,1,
6836908,false,פילה דניס 90-110,,,פילה דניס טרי,Unknown,0.00,"ק""ג",true,0,119.90,119.90,true,1,
6841124,false,פילה בורי 90-110,,,פילה בורי,Unknown,0.00,"ק""ג",true,0,94.90,94.90,true,1,
6841339,false,אמנון טרי 500/600,,,אמנון טרי,Unknown,0.00,"ק""ג",true,0,34.90,34.90,true,1,
6842084,false,פילה באס 90-110,,,פילה באס טרי,Unknown,0.00,"ק""ג",true,0,119.90,119.90,true,1,
6842121,false,ברמונדי טרי 600-800,,,ברמונדי טרי,Unknown,0.00,"ק""ג",true,0,59.90,59.90,true,1,
6842152,false,פילה ברמונדי 90-110,,,פילה ברמונדי טרי,Unknown,0.00,"ק""ג",true,0,109.90,109.90,true,1,
6842336,false,קרפיון טרי 1-2,,,קרפיון ענק טרי,Unknown,0.00,"ק""ג",true,0,39.90,39.90,true,1,
6842527,false,פילה לברק 90-110,,,פילה לברק טרי,Unknown,0.00,"ק""ג",true,0,119.90,119.90,true,1,
8286947,false,"פילה סלמון מנות ע""ע",,NO,"פילה סלמון מנות ע""ע",Unknown,0.00,"ק""ג",true,0,84.90,84.90,true,1,
8434683,false,צדר אדום גרמני במשקל,,,צדר אדום גרמני במשקל,Unknown,0.00,"ק""ג",true,0,89.00,89.00,true,1,
8434799,false,צדר לבן גרמני במשקל,,,צדר לבן גרמני במשקל,Unknown,0.00,"ק""ג",true,0,95.00,95.00,true,1,
8435208,false,בורי טרי 600-700,,,בורי טרי נקי,Unknown,0.00,"ק""ג",true,0,39.90,39.90,true,1,
8439848,false,סטייק סינטה בקר בוואקום,,,צלעות טלה טרי עדן,Unknown,0.00,"ק""ג",true,0,189.90,189.90,true,1,
8442466,false,גבינה ברי רגיל צאן,,,גבינה ברי רגיל צאן,Unknown,0.00,"ק""ג",true,0,210.00,210.00,true,1,
8442527,false,גבינה ברי פחם צאן,,,גבינה ברי פחם צאן,Unknown,0.00,"ק""ג",true,0,210.00,210.00,true,1,
8442657,false,גבינה ברי אגוזים צאן במשקל,,,גבינה ברי אגוזים צאן,Unknown,0.00,"ק""ג",true,0,210.00,210.00,true,1,
8442770,false,גבינה צפתית צאן בטעמים 15%,,,גבינה צפתית צאן בטעמ,Unknown,0.00,"ק""ג",true,0,110.00,110.00,true,1,
8498203,false,מונצגו,,,מנצגו,Unknown,0.00,"ק""ג",true,0,157.00,157.00,true,1,
8498210,false,גבינת כבשים עם פטריות כמהין במשקל,,,גבינת כבשים עם פטריו,Unknown,0.00,"ק""ג",true,0,314.00,314.00,true,1,
8498234,false,גבינת עיזים מאוריסיו שקיל,,,גבינת עיזים מאוריסיו,Unknown,0.00,"ק""ג",true,0,198.00,198.00,true,1,
8498265,false,גבינה תום דה קטלוניה במשקל,,,גבינה תום דה קטלוניה,Unknown,0.00,"ק""ג",true,0,189.00,189.00,true,1,
8498753,false,גבינת בושה עיזים במשקל,,,גבינת בושה עיזים במש,Unknown,0.00,"ק""ג",true,0,173.00,173.00,true,1,
8498838,false,גאודה עיזים מיושנת במשקל,,,גאודה עיזים מיושנת ב,Unknown,0.00,"ק""ג",true,0,194.00,194.00,true,1,
8498845,false,גאודה עיזים 14% במשקל,,,גאודה עיזים 14% במשק,Unknown,0.00,"ק""ג",true,0,190.00,190.00,true,1,
8498913,false,גבינת לנדנה עיזים יין שקיל,,,גבינת לנדנה עיזים יי,Unknown,0.00,"ק""ג",true,0,210.00,210.00,true,1,
8498944,false,גבינת גאודה וויסקי ומייפל,,,גבינת קרמלה גאודה בק,Unknown,0.00,"ק""ג",true,0,168.00,168.00,true,1,
8940153,false,קרים ציז פילדפיה במשקל,,,קרים ציז פילדפיה במש,Unknown,0.00,"ק""ג",true,0,68.00,68.00,true,1,
9001020,false,בטטה אורגנית במשקל,,,בטטה אורגנית במשקל,Unknown,0.00,"ק""ג",true,1,14.90,14.90,true,1,
9001167,false,פלפל אדום אורגני במשקל,,,פלפל אדום אורגני במש,Unknown,0.00,"ק""ג",true,1,14.90,14.90,true,1,
40111490,false,מ&מס שוקולד 45 גרם,,,מ&מס שוקולד 45 גרם,גרמים,45.00,100 גרם,false,1,4.90,10.89,true,1,
40144016,false,סוכריות חמאה וורטר אורגינל גליל בודד 50,קריניציה ויטמינה אס,DE,סוכריות חמאה וורטר א,גרמים,50.00,100 גרם,false,1,5.20,10.40,true,1,
40786179,false,בירה לוונבראו פחית 500 מל,,,בירה לוונבראו פחית 5,מיליליטרים,500.00,"100 מ""ל",false,1,11.90,2.38,true,1,
41001356,false,"בירה בקס פחית 500 מ""ל",יבואן ומשווק: ש. שסט,DE,"בירה בקס פחית 500 מ""",מיליליטרים,500.00,"100 מ""ל",false,1,11.90,2.38,true,1,
42101666,false,איירוייבז מנטה ואקליפטוס בקופסה 25 יח HP,ריגלי,GB,איירוייבז מנטה ואקלי,Unknown,0.00,Unknown,false,1,7.10,7.10,true,1,
42306788,false,איירוייבז אוכמניות ומנטה בקופסה 25 יח HP,ריגלי,GB,איירוייבז אוכמניות ו,Unknown,0.00,Unknown,false,1,7.10,7.10,true,1,
50157471,false,רוטב בורגר היינץ 230 גרם,היינץ,GB,רוטב בורגר היינץ 230,גרמים,230.00,100 גרם,false,1,14.90,6.48,true,1,
50184385,false,מרמייט אנגלי ממרח תמ,יוניליוור,GB,"מרמייט דרא""פ 125 גרם",גרמים,125.00,100 גרם,false,1,26.90,21.52,true,1,
54051157,false,מעדן סויה טעם שוקו אלפרו רביעיה 125 ג',אלפרו C.V.A,BE,אלפרו מעדן סויה בטעם,גרמים,500.00,100 גרם,false,1,18.90,3.78,true,1,
72940754,false,מעדן מילקי בטעם וניל עם קצפת,"שטראוס גרופ בע""מ",IL,מילקי וניל 130 גרם,גרמים,130.00,100 גרם,false,1,2.90,2.23,true,1,
72940761,false,מעדן מילקי בטעם שוקולד עם קצפת,מיוצר עי קונדיטוריית,IL,מילקי שוקולד 130 גרם,גרמים,130.00,100 גרם,false,1,2.90,2.23,true,1,
72940952,false,מעדן מילקי בטעם שוקולד עם אקסטרה קצפת,"שטראוס גרופ בע""מ",IL,מילקי פי 2 קצפת 104,גרמים,104.00,100 גרם,false,1,3.90,3.75,true,1,
72941041,false,מעדן מילקי מיני בטעם שוקולד עם קצפת,"שטראוס גרופ בע""מ",IL,מיני מילקי שוקולד 62,גרמים,62.00,100 גרם,false,1,2.30,3.71,true,1,
72961506,false,יוגורט עם תות 1.5% שומן 125 ג' פרילי,מיוצר עי קונדיטוריית,IL,פרילי תות 1.5% 125 ג,גרמים,125.00,100 גרם,false,1,4.30,3.44,true,1,
72961520,false,יוגורט עם אננס 1.5% שומן 125 ג' פרילי,מיוצר עי קונדיטוריית,IL,פרילי אננס 1.5% 125,גרמים,125.00,100 גרם,false,1,4.30,3.44,true,1,
72961544,false,באדי יוגורט בטעם תות שדה 3%,מחלבת אלון תבור,IL,"באדי תות 3% 125 מ""ל",גרמים,125.00,100 גרם,false,1,3.10,2.48,true,1,
72964422,false,תנובה יוגורט פרחים 4.5% 200מל,מחלבת תנובה,IL,יוגורט פרחים גביע 4.,גרמים,200.00,100 גרם,false,1,3.10,1.55,true,1,
72986370,false,"גלידת בן & ג'ריס פיינטים וניל 500מ""ל",מוצרי איכות אמריקאים,IL,בן אנד גריס גלידת ונ,מיליליטרים,500.00,"100 מ""ל",false,1,24.90,4.98,true,1,
72986424,false,"גלידת בן & ג'ריס פיינטים קרם עוגיות 500מ""ל",מוצרי איכות אמריקאיי,IL,בן אנד גריס גלידת קר,מיליליטרים,500.00,"100 מ""ל",false,1,24.90,4.98,true,1,
72986448,false,"גלידת בן & ג'ריס פיינטים טופי קראנץ 500מ""ל",מוצרי איכות אמריקאיי,IL,בן אנד גריס גלידת טו,מיליליטרים,800.00,"100 מ""ל",false,1,24.90,3.11,true,1,
72986455,false,"ניו יורק סופר גלידת שוקולד, חתיכות פאדג' ואגוזים",מוצרי איכות אמריקאיי,IL,בן אנד גריס גלידת ני,מיליליטרים,500.00,"100 מ""ל",false,1,24.90,4.98,true,1,
72989425,false,"גלידת בן & ג'ריס פיינטים שוקולד בראוניז 500מ""ל",מוצרי איכות אמריקאיי,IL,בן אנד גריס שוקולד ב,מיליליטרים,500.00,"100 מ""ל",false,1,24.90,4.98,true,1,
72991886,false,"גלידת דולצ'ה בטעם ריבת חלב עם פאדג' בן וג'ירי 500 מ""ל",מוצרי איכות אמריקאיי,IL,בן אנד גריס 500,מיליליטרים,500.00,"100 מ""ל",false,1,24.90,4.98,true,1,
72993637,false,מעדן חלב בטעם שוקולד 125 ג' דני,מחלבת אחיהוד,IL,מעדן דני שוקולד 125,גרמים,125.00,100 גרם,false,1,2.90,2.32,true,1,
75032814,false,"בירה קורונה 355 מ""ל בקבוק",סרבסריה מודלו,MX,"בירה קורונה 355 מ""ל",מיליליטרים,355.00,"100 מ""ל",false,1,8.20,2.31,true,1,
80001287,false,וופל חטיף לואקר אגוז 38 גר',ליימן מותגים,AT,חטיף גרדנה 38 גרם,גרמים,38.00,100 גרם,false,1,4.40,11.58,true,1,
80001461,false,לואקר חטיף שוקולד 38 גר',"א. לואקר קונפקט בע""מ",AT,חטיף גרדנה מצופה 38,גרמים,38.00,100 גרם,false,1,4.40,11.58,true,1,
80001911,false,וופל גרדנה במילוי קרם אגוזי לוז ובציפוי שוקולד לבן,ליימן מותגים,AT,גרדנה שוקולד לבן במי,גרמים,38.00,100 גרם,false,1,4.40,11.58,true,1,
80042556,false,POLPA עגבניות חתוכות דק 400 גרם MUTTI,"איי, בי, אינבוו",IT,POLPA עגבניות חתוכות,גרמים,400.00,100 גרם,false,1,7.90,1.98,true,1,
80042563,false,רסק עגבניות 700 ג' (צהוב) MUTTI,"איי, בי, אינבוו",IT,מחית עגבניות קלה 700,גרמים,700.00,100 גרם,false,1,11.90,1.70,true,1,
80043638,false,כורכום טחון אורגני 47 גר קנהמלה,קנמלה Cannamela,,כורכום טחון אורגני 4,Unknown,0.00,Unknown,false,1,15.90,15.90,true,1,
80043645,false,קארי טחון אורגני 52 גר קנהמלה,קנמלה Cannamela,,קארי טחון אורגני 52,Unknown,0.00,Unknown,false,1,15.90,15.90,true,1,
80043775,false,צילי טחון אורגני 50 גר קנהמלה,דגש- דוכן גן שמואל,,צילי טחון אורגני 50,Unknown,0.00,Unknown,false,1,15.90,15.90,true,1,
80043874,false,פלפל שחור אורגני במטחנה 28 גר קנהמלה,,,פלפל שחור אורגני במט,Unknown,0.00,Unknown,false,1,15.90,15.90,true,1,
80044062,false,ציפורן אורגני 32 גר קנהמלה,,,ציפורן אורגני 32 גר,Unknown,0.00,Unknown,false,1,15.90,15.90,true,1,
80044079,false,קינמון טחון אורגני 42 גר קנהמלה,,,קינמון טחון אורגני 4,Unknown,0.00,Unknown,false,1,15.90,15.90,true,1,
80083665,false,גנדולה עוגיות עם שוקולד ציפס אורגני 250,תות תעשיות מזון (201,IT,גנדולה עוגיות עם שוק,גרמים,250.00,100 גרם,false,1,14.90,5.96,true,1,
80083696,false,גנדולה עוגיות דגנים ופירות אורגני 250,גנדולה,IT,גנדולה עוגיות דגנים,גרמים,250.00,100 גרם,false,1,14.90,5.96,true,1,
80177173,false,ממרח אגוזי לוז עם קקאו,נוטלה Nutella,IT,ממרח נוטלה 350 גרם,גרמים,350.00,100 גרם,false,1,14.90,4.26,true,1,
80177616,false,אצבעות שוקולד קינדר Kinder שמונה יחידות,קינדר Kinder,IT,טבלת שוקולד קינדר 10,גרמים,100.00,100 גרם,false,1,8.40,8.40,true,1,
80273561,false,פלפל שחור במטחנה 45 גר ארומה דה טוסקנה,דרוגריה ואלימנטרי אס,IT,פלפל שחור במטחנה 45,גרמים,45.00,100 גרם,false,1,14.20,31.56,true,1,
80273592,false,פלפל ארבע עונות 30 גר ארומה דה טוסקנה,דרוגריה ואלימנטרי אס,IT,פלפל ארבע עונות 30 ג,גרמים,30.00,100 גרם,false,1,14.20,47.33,true,1,
80273660,false,שום במטחנה 50 גר ארומה דה טוסקנה,דרוגריה ואלימנטרי אס,IT,שום במטחנה 50 גר ארו,גרמים,50.00,100 גרם,false,1,14.20,28.40,true,1,
80310167,false,קינדר מקסי שישייה 126 גר,פררו,,קינדר מקסי שישייה 12,גרמים,126.00,100 גרם,false,1,9.90,7.86,true,1,
80310334,false,שוקולד קינדר בצורת סנטה קלאוס 55 גרם,פררו,IT,שוקולד קינדר בצורת ס,גרמים,55.00,100 גרם,false,1,11.90,21.64,true,1,
80473206,false,פפריקה מתוקה אורגנית 50 גרם קנהמלה,,,פפריקה מתוקה אורגנית,גרמים,50.00,100 גרם,false,1,15.90,31.80,true,1,
80473213,false,כמון אורגני 32 גרם קנהמלה,,,כמון אורגני 32 גרם ק,גרמים,32.00,100 גרם,false,1,15.90,49.69,true,1,
80473336,false,פלפל שחור טחון אורגני 50 גר קנהמלה,קנמלה Cannamela,,פלפל שחור טחון אורגנ,Unknown,0.00,Unknown,false,1,15.90,15.90,true,1,
80525264,false,Agnesi רוטב עגבניות ובזיל 400 גר,,IT,רוטב עגבניות,גרמים,400.00,100 גרם,false,0,14.60,3.65,true,1,
80525424,false,Agnesi רוטב עגבניות אראביאטה 400 גר,,IT,Agnesi רוטב עגבניות,גרמים,400.00,100 גרם,false,0,14.60,3.65,true,1,
80525462,false,Agnesi רוטב עגבניות נפוליטנה 400 גר,,IT,Agnesi רוטב עגבניות,גרמים,400.00,100 גרם,false,0,14.60,3.65,true,1,
80533900,false,פילה אנשובי בשמן זית 150 גרם צנצנת,,,פילה אנשובי בשמן זית,גרמים,150.00,100 גרם,false,1,54.90,36.60,true,1,
80541776,false,אורגנו אורגני 14 גר קנהמלה,האי נאם סי או אל.טי.,IT,אורגנו אורגני 14 גר,Unknown,0.00,Unknown,false,1,15.90,15.90,true,1,
80651017,false,תערובת עשבי טוסקנה במטחנה 15 ארומה דה טו,דרוגריה ואלימנטרי אס,IT,תערובת עשבי טוסקנה ב,גרמים,15.00,100 גרם,false,1,14.20,94.67,true,1,
80651765,false,גינגר זנגביל במטחנה 35 גר ארומה דה טוסקנ,דרוגריה ואלימנטרי אס,IT,גינגר זנגביל במטחנה,גרמים,35.00,100 גרם,false,1,14.20,40.57,true,1,
80655404,false,שום גבישי אורגני 70 גר קנהמלה,,,שום גבישי אורגני 70,Unknown,0.00,Unknown,false,1,15.90,15.90,true,1,
80655428,false,בזיליקום אורגני 15 גר קנהמלה,,,בזיליקום אורגני 15 ג,Unknown,0.00,Unknown,false,1,15.90,15.90,true,1,
80718765,false,טונה במים בצנצנת קלי,גיאצינטו קליפו,IT,טונה במים 160 גר CAL,גרמים,160.00,100 גרם,false,1,25.90,16.19,true,1,
80759737,false,צלפים במלח 60 גרם TERRE,,,צלפים במלח 60 גרם TE,גרמים,60.00,100 גרם,false,1,8.20,13.67,true,1,
80773429,false,מסטיק מנטוס פיור פרש בבקבוק בינוני בטעם תות 60 ג',"פרפטי ואן מלה ג'ידה,",NL,מנטוס בבקבוק פיור,Unknown,0.00,Unknown,false,1,9.90,9.90,true,1,
80773443,false,מסטיק מנטוס בבקבוק מעוגל בטעם מנטה מעודנת 60 ג',"פרפטי ואן מלה ג'ידה,",NL,מנטוס בבקבוק מעוגל ט,Unknown,0.00,Unknown,false,1,9.90,9.90,true,1,
80790990,false,מסטיק מנטוס בבקבוק מעוגל בטעם פירות -מנטה 60 ג',"פרפטי ואן מלה ג'ידה,",NL,מנטוס בבקבוק מעוגל ט,Unknown,0.00,Unknown,false,1,9.90,9.90,true,1,
80796121,false,מסטיק מנטוס בטעם פירות - מנטה 28 גרם,,,מסטיק מנטוס בטעם פיר,Unknown,0.00,Unknown,false,1,6.50,6.50,true,1,
80828761,false,מנטוס מסטיק אייר 56 גרם,,NL,מנטוס מסטיק אייר 56,גרמים,56.00,100 גרם,false,1,10.90,19.46,true,1,
80831402,false,סוכריות מנטוס מנטה עדינה 30 יח' ללא סוכר CLEAN BREATH,פרפטי ואן מלה,NL,"מנטוס מנטה עדינה לל""",גרמים,21.00,100 גרם,false,1,7.30,34.76,true,1,
80832560,false,סוכריות מנטוס פירות יער 21 ג' ללא סוכר CLEAN BREATH,פרפטי ואן מלה,TR,סוכריות מנטוס קלין ב,גרמים,21.00,100 גרם,false,1,7.30,34.76,true,1,
80854753,false,סוכריות מנטוס מנטה 30 יח' ללא סוכר CLEAN BREATH,פרפטי ואן מלה,TR,"מנטוס מנטה לל""ס 21 ג",גרמים,21.00,100 גרם,false,1,7.30,34.76,true,1,
80896081,false,מסטיק מנטוס פיור פרש בבקבוק בינוני בטעם אבטיח 60 ג',"פרפטי ואן מלה ג'ידה,",NL,מנטוס בבקבוק בינוני,Unknown,0.00,Unknown,false,1,9.90,9.90,true,1,
80929277,false,מסטיק מנטוס פיור וויט מנטה עדינה 150 גר,פרפטי ואן מלה ברדה,TR,מסטיק מנטוס פיור ווי,גרמים,150.00,100 גרם,false,1,18.90,12.60,true,1,
87108712,false,מארז סוכריות מנטוס Mentos פירות,פרפטי ואן מלה ברדה,NL,מנטוס פירות 1/4,גרמים,150.00,100 גרם,false,1,13.50,9.00,true,1,
90087547,false,מיץ עגבניות 1 ליטר ראוך קרטונית,ראוך Rauch,HU,מיץ עגבניות 1 ליטר ר,מיליליטרים,1000.00,"100 מ""ל",false,1,11.40,1.14,true,1,
90087769,false,מיץ אננס 100% קרטונית ראוך,ראוך Rauch,AT,מיץ אננס 100% קרטוני,ליטרים,0.00,ליטר,false,1,14.60,14.60,true,1,
90087998,false,"מיץ לימון טבעי 250 מ""ל",ראוך Rauch,,מיץ לימון טבעי 250 מ,מיליליטרים,250.00,"100 מ""ל",false,1,7.70,3.08,true,1,
90122514,false,מוצרט שוקולד מארז מתנה 34 גרם,,AT,מוצרט שוקולד מארז מת,גרמים,34.00,100 גרם,false,1,9.90,29.12,true,1,
8112100298,false,שמן שומשום טהור לא מ,Flavor full foods in,TW,"שמן שומשום 185 מ""ל",מיליליטרים,185.00,"100 מ""ל",false,1,14.90,8.05,true,1,
11182700916,false,קינג קול שעועית לבנה צפונית 439 גרם,הנובר פודס,US,שעועית לבנה צפונית 4,גרמים,454.00,100 גרם,false,1,12.10,2.67,true,1,
11182700923,false,קינג קול שעועית אדומה בהירה 439 גרם,הנובר פודס,US,שעועית אדומה בהירה 4,גרמים,454.00,100 גרם,false,1,12.10,2.67,true,1,
11182700930,false,קינג קול שעועית אדומה כהה 439 גרם,הנובר פודס,US,שעועית אדומה כהה 454,גרמים,454.00,100 גרם,false,1,12.10,2.67,true,1,
11182700954,false,קינג קול שעועית שחורה 439 גרם,הנובר פודס,,קינג קול שעועית שחור,גרמים,439.00,100 גרם,false,1,12.10,2.76,true,1,
11182701388,false,קינג קול שעועית פינטו 454 גרם,הנובר פודס,,קינג קול שעועית פינט,גרמים,454.00,100 גרם,false,1,12.10,2.67,true,1,
11359640106,false,קונכיות טאקו קנטינה,,NL,קונכיות טאקו 150 גר,גרמים,150.00,100 גרם,false,1,11.90,7.93,true,1,
16000185517,false,דגני בוקר פייבר וואן עתירי סובין FIBRE1,בטר אנד דיפרנט,US,פייבר וואן 555 גרם,גרמים,555.00,100 גרם,false,1,32.50,5.86,true,1,
16000548503,false,ניטשר ואלי קראנצי חטיף גרנולהומייפל 10 יח' 210 ג',ג'נרל מילס סאן אדריא,ES,קראנצי בטעם מייפל,גרמים,210.00,100 גרם,false,1,17.90,8.52,true,1,
16229909819,false,קרם קוקוס 1 ליטר AROY-D,תאי וורלד,,קרם קוקוס 1 ליטר ARO,ליטרים,0.00,ליטר,false,1,23.90,23.90,true,1,
16229917654,false,"מי קוקוס בתוספת ליצי 330 מ""ל",ויט וורלד קומפני,,מי קוקוס בתוספת ליצי,מיליליטרים,330.00,"100 מ""ל",false,1,8.20,2.48,true,1,
16229924263,false,קרם קוקוס 100% ארוי,ויט ורלד קומפני,VN,"קרם קוקוס 250 מ""ל",מיליליטרים,250.00,"100 מ""ל",false,1,10.40,4.16,true,1,
18000703494,false,תערובת עוגת וניל פיסברי 500 גר',הדקלאים אגודת שיתופי,IL,תערובת לעוגת וניל 51,גרמים,524.00,100 גרם,false,1,17.90,3.42,true,1,
18000766413,false,תערובת להכנת עוגה בטעם שוקולד,הדקלאים אגודת שיתופי,IL,תערובת לבראוניס 552,גרמים,609.00,100 גרם,false,1,17.90,2.94,true,1,
18787762165,false,ברונרס סבון נוזלי תינוקות ללא ריח 472 מל,וגה מוצרים טבעיים,US,סבון נוזלי לתינוקות,Unknown,0.00,Unknown,false,1,45.90,45.90,true,1,
18787763162,false,סבון נוזלי אקליפטוס,,,סבון נוזלי אקליפטוס,Unknown,0.00,Unknown,false,1,45.90,45.90,true,1,
18787764169,false,ברונרס סבון נוזלי לבנדר 472 מל,וגה מוצרים טבעיים,US,סבון נוזלי לבנדר של,Unknown,0.00,Unknown,false,1,45.90,45.90,true,1,
18787765166,false,סבון נוזלי מנטה מעור,דר ברונר,,סבון נוזלי מנטה מעור,Unknown,0.00,Unknown,false,1,45.90,45.90,true,1,
18787767160,false,סבון נוזלי פריחת הדו,,,סבון נוזלי פריחת הדו,Unknown,0.00,Unknown,false,1,45.90,45.90,true,1,
18787769164,false,ברונרס סבון נוזלי עץ התה 472 מל,וגה מוצרים טבעיים,US,סבון נוזלי עץ התה של,Unknown,0.00,Unknown,false,1,45.90,45.90,true,1,
18787772324,false,סבון נוזלי לתינוק,,,סבון נוזלי לתינוק,מיליליטרים,946.00,"100 מ""ל",false,1,79.90,8.45,true,1,
18787777169,false,סבון נוזלי תפוז ולימ,,,סבון נוזלי תפוז ולימ,Unknown,0.00,Unknown,false,1,45.90,45.90,true,1,
18787778166,false,סבון נוזלי ורד הבר ש,,,סבון נוזלי ורד הבר ש,Unknown,0.00,Unknown,false,1,45.90,45.90,true,1,
18787779163,false,סבון נוזלי תה ירוק ש,דר ברונר,,סבון נוזלי תה ירוק ש,מיליליטרים,472.00,"100 מ""ל",false,1,45.90,9.72,true,1,
18787780169,false,סבון נוזלי יסמין סנד,דר ברונר,,סבון נוזלי יסמין סנד,Unknown,0.00,Unknown,false,1,45.90,45.90,true,1,
18787783054,false,סבון מוצק אקליפטוס ש,,,סבון מוצק אקליפטוס ש,Unknown,0.00,Unknown,false,1,22.90,22.90,true,1,
18787788059,false,סבון מוצק ורד הבר של,,,סבון מוצק ורד הבר של,Unknown,0.00,Unknown,false,1,22.90,22.90,true,1,
18787789056,false,סבון מוצק דר ברונר,דר ברונר,,סבון מוצק תה ירוק,גרמים,140.00,100 גרם,false,1,22.90,16.36,true,1,
18787791059,false,סבון מוצק פריחת הדוב,,,סבון מוצק פריחת הדוב,Unknown,0.00,Unknown,false,1,22.90,22.90,true,1,
18787792056,false,סבון מוצק יסמין סנדל,דר ברונר,,סבון מוצק יסמין סנדל,Unknown,0.00,Unknown,false,1,22.90,22.90,true,1,
18787950012,false,"סבון סוכר לבנדר אורגני 355 מ""ל",,,סבון סוכר לבנדר אורג,מיליליטרים,355.00,"100 מ""ל",false,1,52.90,14.90,true,1,
21200513152,false,שלושה ספוגי קירצוף לא שורטים ורוד,M3,CA,שלושה ספוגי קירצוף ל,Unknown,0.00,Unknown,false,1,17.10,17.10,true,1,
21200572357,false,קרצוף לניקוי חזק סקוטש ברייט שלישייה,M3,CA,שלושה ספוגי קירצוף ל,Unknown,0.00,Unknown,false,1,17.10,17.10,true,1,
21723339994,false,רוטב דגים מזרח ומערב,טאנג סאנג ראר קי,TH,רוטב דגים 300מ`ל,מיליליטרים,300.00,"100 מ""ל",false,1,10.40,3.47,true,1,
21723758887,false,רוטב דגים טיפארוס 700 מל,Tang sang hah co. lt,TH,רוטב דגים טיפארוס,מיליליטרים,700.00,"100 מ""ל",false,1,14.60,2.09,true,1,
23243007476,false,סבון ירדן שלישיה 300,,,סבון ירדן שלישיה 300,Unknown,0.00,Unknown,false,1,49.90,49.90,true,1,
24463061163,false,סריראצה-רוטב פלפל צילי חריף 793 גר,,,"סריראצה-רוטב פלפל צ""",גרמים,793.00,100 גרם,false,1,54.50,6.87,true,1,
25675120006,false,חמצוצים 4 צבעים טעמים טבעי 100 גרם,חמצוצים,NL,חמצוצים 4 צבעים טבעי,גרמים,100.00,100 גרם,false,1,9.90,9.90,true,1,
30000315958,false,קוואקר פרוטאין בננה אגוזים 366 גרם,קוואקר אוטס קומפני,US,קוואקר פרוטאין בננה,גרמים,366.00,100 גרם,false,1,21.30,5.82,true,1,
30000315989,false,קוואקר פרוטאין חמוציות ושקדים 372 גר,קוואקר אוטס קומפני,US,קוואקר פרוטאין חמוצי,גרמים,372.00,100 גרם,false,1,21.30,5.73,true,1,
30568115205,false,"סוכריות בטעם גינגר לל""ג אורגני 100 גר",,US,סוכריות בטעם גינגר ל,גרמים,100.00,100 גרם,false,1,20.90,20.90,true,1,
30568115243,false,"סוכריות בטעם דבש לל""ג אורגני 100 גר",,US,"סוכריות בטעם דבש לל""",גרמים,100.00,100 גרם,false,1,20.90,20.90,true,1,
31290140107,false,שוקולד 75% מריר 90 גר Godiva sticks,גודייבה GODIVA,TR,שוקולד 75% מריר 90 ג,גרמים,90.00,100 גרם,false,1,14.90,16.56,true,1,
31290140176,false,שוקולוד מריר בתוספת שקדים שוקולד גודייבה פינגרס,גודייבה,TR,שוקולד מריר עם שקדים,גרמים,90.00,100 גרם,false,1,14.90,16.56,true,1,
31290140190,false,שוקולד עם נגיעות מלח ים שוקולד גודייבה פינגרס,גודייבה GODIVA,TR,שוקולד נגיעות מלח ים,גרמים,90.00,100 גרם,false,1,14.90,16.56,true,1,
33200147701,false,פרש&סופט דפים למייבש בניחוח טרופי 100 יח,פרש אנד סופט Frash'n soft,US,פרש&סופט דפים למייבש,Unknown,0.00,Unknown,false,1,28.50,28.50,true,1,
33617340610,false,קרקר ואזה 203-275 גרם מקמח שיפון 275,כלורוקס אוקלנד,SE,ואזה מקמח שיפון 250,גרמים,275.00,100 גרם,false,1,14.60,5.31,true,1,
33984003002,false,"סולגאר - ביוטין 600 מק""ג 50 טבליות",,,ביוטין 600 מקג,Unknown,0.00,Unknown,false,1,64.90,64.90,true,1,
33984004306,false,סולגאר - סידן ציטראט בתוספת ויטמין D-3 סולגאר 60 טבליות,,,סידן ציטראט בתוספת ו,Unknown,0.00,Unknown,false,1,64.90,64.90,true,1,
33984004764,false,אצטיל ל-קרניטין 1000מג,,,אצטיל ל-קרניטין 1000,Unknown,0.00,Unknown,false,1,229.90,229.90,true,1,
33984005204,false,סולגאר - סידן ומגנזיום בתוספת אבץ 100 טבליות,,,סידן ומגנזיום בתוספת,Unknown,0.00,Unknown,false,1,64.90,64.90,true,1,
33984009363,false,קו-אנזים Q10 (במינון 60 מ”ג),סולגאר,,קו-אנזים Q-10 60 מג,Unknown,0.00,Unknown,false,1,179.90,179.90,true,1,
33984010383,false,אסטרולה ויטמין C לא חומצי 500 מ”ג (כמוסות),סולגאר,,אסטרולה 500 מג,Unknown,0.00,Unknown,false,1,99.90,99.90,true,1,
33984010505,false,אסטרולה 1000 מג,,,אסטרולה 1000 מג,Unknown,0.00,Unknown,false,1,82.90,82.90,true,1,
33984010741,false,סולגאר - מולטי ויטמין מינרל לנשים 60 טבליות,,,מולטי - ויטמין- מינר,Unknown,0.00,Unknown,false,1,166.90,166.90,true,1,
33984011205,false,קומפלקס ויטמיני B-50,סולגאר,,קומפלקס ויטמיני B-50,Unknown,0.00,Unknown,false,1,69.90,69.90,true,1,
33984011212,false,קומפלקס ויטמיני B-50,סולגאר,,קומפלקס ויטמיני B-50,Unknown,0.00,Unknown,false,1,129.90,129.90,true,1,
33984012493,false,"סולגאר - ברזל עדין 25 מ""ג 90 כמוסות",סולגאר,,ברזל עדין 25 מג,Unknown,0.00,Unknown,false,1,73.90,73.90,true,1,
33984014176,false,סולגאר - קולגן סולגאר וחומצה היאלורונית 30 טבליות,סולגאר,,קומפלקס קולגן וחומצה,Unknown,0.00,Unknown,false,1,159.90,159.90,true,1,
33984017108,false,סולגאר - מגנזיום ציטראט 60 טבליות,סולגאר,,מגנזיום ציטראט,Unknown,0.00,Unknown,false,1,64.90,64.90,true,1,
33984017351,false,"פורמולה לטיפוח העור, הציפורניים והשיער H",,,"פורמולה לטיפוח העור,",Unknown,0.00,Unknown,false,1,129.90,129.90,true,1,
33984017368,false,"פורמולה לטיפוח העור, הציפורניים והשיער H",סולגאר,,"פורמולה לטיפוח העור,",Unknown,0.00,Unknown,false,1,179.90,179.90,true,1,
33984017504,false,קומפלקס ויטמיני B בצורת קו-אנזימים,סולגאר,,מגה סורב 50,Unknown,0.00,Unknown,false,1,105.90,105.90,true,1,
33984019409,false,"סולגאר - מטאפולין 400 מק""ג 50 טבליות",,,מטאפולין 400 מקג,Unknown,0.00,Unknown,false,1,53.90,53.90,true,1,
33984019515,false,"סולגאר - מתילקובלאמין 1000 B12 מק""ג 60 כמוסות",סולגאר,,ויטמין B12 מתילקובלא,Unknown,0.00,Unknown,false,1,69.90,69.90,true,1,
33984020290,false,שמן אורגנו פראי,סולגאר,,שמן אורגנו פראי,Unknown,0.00,Unknown,false,1,104.90,104.90,true,1,
33984020580,false,סולגאר - אומגה 3 950 100 כמוסות רכות סולגאר 100 כמוסות,סולגאר,,אומגה 3 950,Unknown,0.00,Unknown,false,1,179.90,179.90,true,1,
33984024007,false,"סולגאר - ויטמין C פקעות ורדים 1000 מ""ג 100 טבליות",סולגאר,,"ויטמין C ( מג 1,000)",Unknown,0.00,Unknown,false,1,108.90,108.90,true,1,
33984030503,false,ויטמין B-2 במינון 100 מ”ג,סולגאר,,-2B 100 מ`ג,Unknown,0.00,Unknown,false,1,95.90,95.90,true,1,
33984032293,false,"סולגאר - ויטמין B12 למציצה 1000 מק""ג 100 טבליות",סולגאר,,ויטמין B12 (מינון 10,Unknown,0.00,Unknown,false,1,84.90,84.90,true,1,
33984037205,false,"אבץ 50 מ""ג",סולגאר,,אבץ 50 מג,Unknown,0.00,Unknown,false,1,69.90,69.90,true,1,
33984041387,false,תמצית גינסנג קוריאני,,,תמצית גינסנג קוריאני,Unknown,0.00,Unknown,false,1,184.90,184.90,true,1,
33984041417,false,תמצית עלי זית,,,תמצית עלי זית,Unknown,0.00,Unknown,false,1,94.90,94.90,true,1,
33984504974,false,סולגאר - קומפלקס No 7 סולגאר 30 כמוסות,,,נאמבר 7 קומפלקס יעוד,Unknown,0.00,Unknown,false,1,144.90,144.90,true,1,
33984595972,false,סולגאר - כורכומין סולגאר ספקטרום 185X פטנטי 30 כמוסות רכות,,,כורכומין ספקטרום פטנ,Unknown,0.00,Unknown,false,1,159.90,159.90,true,1,
38527591053,false,קואקר דגנים מרובעים שיבולת שועל וקינמון,BEVERAGES FOODS & SE,US,דגני בוקר מרובעים קי,גרמים,411.00,100 גרם,false,1,19.90,4.84,true,1,
38527591060,false,דגני קוואקר מרובעים Quaker Squares עם סוכר חום,BEVERAGES FOODS & SE,US,דגני בוקר מרובעים 4,גרמים,411.00,100 גרם,false,1,19.90,4.84,true,1,
39047059009,false,"ווקרס ביסקוויט ש.שועל חמוציות לל""ג 150 ג",,,ווקרס ביסקוויט ש.שוע,גרמים,150.00,100 גרם,false,1,26.90,17.93,true,1,
39978002839,false,מסה הרינה קמח תירס אורגני לטורטיה 680 גר,,US,מסה הרינה קמח תירס א,גרמים,680.00,100 גרם,false,1,32.90,4.84,true,1,
39978033925,false,אבקת אפייה ללא גלוטן 397 גרם,,,אבקת אפייה ללא גלוטן,גרמים,397.00,100 גרם,false,1,29.90,7.53,true,1,
41224468108,false,עגבניות מיובשות שמן זית 340 גרם ROLAND,סיגס גיטה,TR,עגבניות מיובשות שמן,גרמים,340.00,100 גרם,false,1,20.80,6.12,true,1,
41390001079,false,"רוטב סויה מופחת נתרן קיקומן 444 מ""ל",קיקומן פודז אינק,US,רוטב סויה מופחת נתרן,מיליליטרים,444.00,"100 מ""ל",false,1,19.90,4.48,true,1,
41390010309,false,"רוטב טריאקי קיקומן 444 מ""ל",קיקומן פודז אינק,US,רוטב טריאקי קיקומן 4,מיליליטרים,444.00,"100 מ""ל",false,1,23.90,5.38,true,1,
41500000428,false,חרדל חום פרנצס חריף לחיץ 340 גרם,פרנצ'ס,US,ממרח חרדל בטעם פיקנט,גרמים,340.00,100 גרם,false,1,19.90,5.85,true,1,
41500818467,false,"פרנצ רוטב ווסטר מופחת נתרן 443 מ""ל",,US,רוטב וורצסטר דל נתרן,מיליליטרים,443.00,"100 מ""ל",false,1,23.90,5.40,true,1,
41570068274,false,"חלב שקדים טבעי ללא גלוטן 946 מ""ל",,,חלב שקדים טבעי ללא ג,מיליליטרים,946.00,"100 מ""ל",false,1,21.50,2.27,true,1,
41570113066,false,בלו דיאמנד משקה שקדים אוריג'נל ללא תוספת סוכר 1 ליטר,בלו דיאמונד,ZA,משקה שקדים אוריגנל,ליטרים,0.00,ליטר,false,1,19.90,19.90,true,1,
41740001056,false,גולדס רוטב לצלעות חמוץ מתוק 539 גרם,,,גולד רוטב חמוץ מתוק,גרמים,510.00,100 גרם,false,1,23.90,4.69,true,1,
41740001353,false,גולד רוטב חמוץ מתוק לעוף 539 גרם,,,גולד רוטב חמוץ מתוק,גרמים,510.00,100 גרם,false,1,23.90,4.69,true,1,
43647320018,false,קונפיטורה משמש 340 גר TIPTREE,,,קונפיטורה משמש 340 ג,גרמים,340.00,100 גרם,false,1,29.90,8.79,true,1,
43647680037,false,ריבה למון קרד טיפטרי 312 גרם,,,ריבה למון קרד טיפטרי,גרמים,312.00,100 גרם,false,1,29.90,9.58,true,1,
46214382259,false,עוגיות בראוניס שוקולד 225 ג',בנקטבקריי מרבה בי.וי,NL,עוגיות בראוניס 200 ג,גרמים,200.00,100 גרם,false,1,8.90,4.45,true,1,
47997130204,false,מגיק לתיבול סלמון 198 גרם,מגיק סיזנינג בלנד,US,מגיק לתיבול סלמון 19,גרמים,198.00,100 גרם,false,1,27.90,14.09,true,1,
48000007919,false,טונה לבנה מועשרת בחלבון 71 גרם,,TH,טונה לבנה מועשרת בחל,גרמים,71.00,100 גרם,false,1,16.90,23.80,true,1,
48327203513,false,"שמן זית כתית מעולה 750 מ""ל YBARRA",,ES,שמן זית כתית מעולה 7,מיליליטרים,750.00,"100 מ""ל",false,1,39.90,5.32,true,1,
50000015474,false,מזון חתולים פריסקיז,פריסקיז,US,פריסקיז מעדני הים 1.,קילוגרמים,0.00,"ק""ג",false,1,35.90,35.90,true,1,
50000084500,false,מזון יבש לחתול בטעם נתחי ברביקיו פריסקיז Friskies,נסטלה פורינה USA מק,US,פריסקיז נתחי ברביקיו,קילוגרמים,0.00,"ק""ג",false,1,35.90,35.90,true,1,
50000168583,false,"פריסקיז אקסטרא קראנץ 1.43 ק""ג",פריסקיז,US,פריסקיז אקסטרא קראנץ,Unknown,1.00,Unknown,false,1,35.90,35.90,true,1,
50000293339,false,פריסקיז גרייבי 156 ג,פורינה,US,פריסקיז גרייבי 156 ג,גרמים,156.00,100 גרם,false,1,6.90,4.42,true,1,
50000428946,false,פנסי פיסט דג סול ושרימפס,,,פנסי פיסט דג סול ושר,גרמים,85.00,100 גרם,false,1,5.90,6.94,true,1,
50000429042,false,פנסי פיסט - כבד עם מעדני עוף 85 גרם,נסטלה פורינה USA ג',US,פינסי פיטס כבד מעדן,גרמים,85.00,100 גרם,false,1,5.90,6.94,true,1,
50000429349,false,פנסי פיסט פטה פירות ים,,,פנסי פיסט פטה פירות,גרמים,85.00,100 גרם,false,1,5.90,6.94,true,1,
50000429448,false,פנסי פיסט - מוס סלמון 85 גרם,נסטלה פורינה USA סט,US,פנסי פיסט מוס סלומון,גרמים,85.00,100 גרם,false,1,5.90,6.94,true,1,
51141234892,false,סקוטש ברייט גליל ניירות דביקים 60 דף,3m,,סקוטש ברייט גליל ניי,Unknown,0.00,Unknown,false,1,25.90,25.90,true,1,
52100002453,false,תערובת תיבול לסטייק 96 גר,מקורמיק,US,תערובת תיבול לסטייק,גרמים,96.00,100 גרם,false,1,19.90,20.73,true,1,
52100002460,false,תערובת תיבול לעוף ודג 77 גר,מקרומיק,US,תערובת תיבול לעוף וד,גרמים,77.00,100 גרם,false,1,19.90,25.84,true,1,
52100002613,false,כורכום טחון מקורמיק,מקורמיק,US,כורכום טחון 26 גר,גרמים,26.00,100 גרם,false,1,17.90,68.85,true,1,
52100004266,false,עלי טימין מקורמיק 10,מקורמיק,US,טימין עלים 10 גר,גרמים,10.00,100 גרם,false,1,17.90,179.00,true,1,
52100004389,false,קנמון טחון מקורמיק 6,מקורמיק,US,קינמון טחון 67 גר,גרמים,67.00,100 גרם,false,1,21.90,32.69,true,1,
52100004488,false,פפריקה מקורמיק 60.1,מקרומיק,US,פפריקה 60 גר,גרמים,60.00,100 גרם,false,1,22.90,38.17,true,1,
52100005966,false,שבבי שום מקורמיק 85,מקרומיק,US,גבישי שום 85 גר,גרמים,85.00,100 גרם,false,1,29.50,34.71,true,1,
52100006260,false,אבקת שום מקורמיק 88.,מקרומיק,US,אבקת שום 88 גר,גרמים,88.00,100 גרם,false,1,29.50,33.52,true,1,
52100006765,false,תבלין פלפל אדום 42 גר,מקורמיק,US,תבלין פלפל אדום 42 ג,גרמים,42.00,100 גרם,false,1,17.90,42.62,true,1,
52100006987,false,עלי דפנה מקורמיק 3.4,מקורמיק,US,עלי דפנה 3 גר,גרמים,3.00,100 גרם,false,1,17.90,596.67,true,1,
52100030234,false,פלפל שחור שלם מקורמי,מקרומיק,US,פלפל שחור שלם 53 גר,גרמים,53.00,100 גרם,false,1,29.50,55.66,true,1,
52100040806,false,תערובת שום בצל פלפל שחור ומלח ים 120 גר,מקורמיק,US,תערובת שום בצל פלפל,גרמים,120.00,100 גרם,false,1,26.50,22.08,true,1,
52100041155,false,תערובת מלח הימליה ורוד פלפל ושום 184 גר,מקורמיק,US,תערובת מלח הימליה ור,גרמים,184.00,100 גרם,false,1,26.50,14.40,true,1,
52100070780,false,"תמצית תפוז טהורה 29 מ""ל",מקורמיק,US,תמצית תפוז טהורה 29,מיליליטרים,29.00,"100 מ""ל",false,1,17.90,61.72,true,1,
52100070995,false,תמצית וניל מקורמיק 2,מקורמיק,US,תמצית טעם וניל 59 גר,גרמים,59.00,100 גרם,false,1,10.90,18.47,true,1,
52100071121,false,עלי בזיליקום מיובשים 24 גר,,US,עלי בזיליקום מיובשים,גרמים,24.00,100 גרם,false,1,29.50,122.92,true,1,
52600751219,false,פלאף- ממרח מרשמלו בטעם וניל 213 גרם,,US,פלאף- ממרח מרשמלו בט,גרמים,213.00,100 גרם,false,1,17.90,8.40,true,1,
54881000048,false,תה במבחר פרי הדר 20 שקיקים אחמד,אחמד תה אנגליה,AE,תה במבחר פרי הדר 20,Unknown,0.00,Unknown,false,1,13.00,13.00,true,1,
54881001052,false,אחמד מארז תה שחור 6 סוגים 120 גרם,,,אחמד מארז תה שחור 6,גרמים,120.00,100 גרם,false,1,31.50,26.25,true,1,
54881003971,false,תה ירוק מבחר 20 שקיקים,אחמד תה אנגליה,AE,תה ירוק מבחר 20 שקיק,Unknown,0.00,Unknown,false,1,16.00,16.00,true,1,
54881004787,false,תה ירוק אחמד 100 שקיות,,AE,תה ירוק 100 שקיקים,Unknown,0.00,Unknown,false,1,23.90,23.90,true,1,
54881005654,false,תה ירוק יסמין 20 שקיות AHMAD TEA,אחמד תה אנגליה,AE,תה ירוק יסמין 20 שקי,Unknown,0.00,Unknown,false,1,16.00,16.00,true,1,
54881006958,false,תה שחור קינמון 20 שקיקים אחמד,אחמד תה אנגליה,,תה שחור קינמון 20 שק,Unknown,0.00,Unknown,false,1,13.00,13.00,true,1,
54881006972,false,תה שחור לימון וליים 20 שקיקים אחמד,תה אחמד Ahmad tea,,תה שחור לימון וליים,Unknown,0.00,Unknown,false,1,13.00,13.00,true,1,
54881007108,false,תה שחור דומדמניות 20 שקיקים אחמד,תה אחמד Ahmad tea,,תה שחור דומדמניות 20,Unknown,0.00,Unknown,false,1,13.00,13.00,true,1,
54881008167,false,תה אינגליש ברקפסט 100 שקיות AHMAD TEA,תה אחמד Ahmad tea,AE,תה אחמד אינגליש ברק,גרמים,200.00,100 גרם,false,1,21.50,10.75,true,1,
54881008174,false,תה אחמד ארל גריי 100 שקיקים,תה אחמד Ahmad tea,AE,תה אחמד ארל גריי 100,גרמים,180.00,100 גרם,false,1,21.50,11.94,true,1,
55369901673,false,אפלסנקס רביעיות רסק תפוחי עץ אפרסק ללא תוספת סוכר,ליייהי אורצ'רדס,,"אפלסנק ללת""ס רסק תפו",גרמים,113.00,100 גרם,false,1,17.40,15.40,true,1,
55369902342,false,אפלסנקס צנצנת רסק תפוחי עץ ממותק בסגנון ביתי 680 גרם עברית,לייהי אורצ'רדס,CA,"אפלסנק רסק תפו""ע בית",גרמים,709.00,100 גרם,false,1,15.90,2.24,true,1,
58449185048,false,"טבעות דגנים ואורז מלא אורגני לל""ג 284 ג",ניישר פאט',US,טבעות דגנים ואורז מל,גרמים,284.00,100 גרם,false,1,27.90,9.82,true,1,
58449450047,false,דייסת שיבולת שועל תפוח קינמון 400 גרם,נייצר וואלי,,דייסת שיבולת שועל תפ,גרמים,400.00,100 גרם,false,1,29.90,7.48,true,1,
58449450573,false,"דייסה בטעם ביתי לל""ג אורגני ללת""ס 320 גר",,US,"דייסה בטעם ביתי לל""ג",גרמים,320.00,100 גרם,false,1,37.90,11.84,true,1,
58449602187,false,קורנפלקס דבש אורגני,,,קורנפלקס בדבש 300 גר,גרמים,300.00,100 גרם,false,1,24.90,8.30,true,1,
58449771982,false,גרנולה שוקולד מריר וקוקוס אורגני 325 גר,,US,גרנולה שוקולד מריר ו,גרמים,325.00,100 גרם,false,1,33.90,10.43,true,1,
58449779032,false,דגני טבעות תירס ואורז מלא 325 גר WHOLE,נאטשר פאת פוד,,דגני טבעות תירס ואור,גרמים,325.00,100 גרם,false,1,24.90,7.66,true,1,
58449860020,false,דגני גורילה מאנצ אור,נאטשר פאת פוד,,גורילה מאנצ 284 גרם,גרמים,284.00,100 גרם,false,1,24.90,8.77,true,1,
58449860037,false,פצפוצי אורז מלא בטעם שוקולד קואלה קריספ,מולינו ניקולי s.p.a,US,דגני בוקר קואלה קריס,גרמים,325.00,100 גרם,false,1,23.90,7.35,true,1,
58449860075,false,כדורי למור בטעם חמאת בוטנים ושוקולד ללא גלוטן,נאטשר פאת פוד,,דגני בוקר לאמור אורג,גרמים,284.00,100 גרם,false,1,26.50,9.33,true,1,
62558202381,false,סירופ מייפל אורגני 100% טהור,דיקסר קוויבק,CA,מייפל אורגני טהור 10,מיליליטרים,236.00,"100 מ""ל",false,1,28.90,12.25,true,1,
63435703274,false,נייר טואלט רויאל אולטרא 3 שכבות 8 גל,מגסטה,CA,נייר טואלט רויאל אול,Unknown,0.00,Unknown,false,1,34.50,34.50,true,1,
63435711514,false,ממחטות אף רויאל טישו,מגסטה,CA,טישו רויאל 2 שכבות 1,Unknown,0.00,Unknown,false,1,8.30,8.30,true,1,
63435730034,false,רויאל מפיות 3 שכבות 40 דף,ארוינג טישו,CA,רויאל מפיות 3 שכבות,Unknown,0.00,Unknown,false,1,14.50,14.50,true,1,
64144090013,false,"ספריי שמן PAM בטעם חמאה 141 מ""ל",קונאגרה פודס,US,ספריי שמן PAM בטעם ח,גרמים,141.00,100 גרם,false,1,20.90,14.82,true,1,
64144090020,false,"ספריי שמן PAM בטעם שמן זית 141 מ""ל",קונאגרה פודס,US,ספריי שמן PAM בטעם ש,מיליליטרים,141.00,"100 מ""ל",false,1,20.90,14.82,true,1,
70177077693,false,תה אנגליש ברקפסט 25 שקיות טוינינגס 50 גר,אר. טווינינגס אנד קו,PL,תה אנגליש ברקפסט 25,גרמים,50.00,100 גרם,false,1,18.90,37.80,true,1,
70177078744,false,תה אינגליש ברקפסט נטול קפאין 25 שקיקי,טווינינגס Twinings,PL,תה אינגליש ברקפסט נט,Unknown,0.00,Unknown,false,1,21.90,21.90,true,1,
70177120948,false,טווינינגס שחור אפל & סינמון 50 גרם,טוינינג,,טווינינגס שחור אפל &,גרמים,50.00,100 גרם,false,1,18.90,37.80,true,1,
70177173203,false,תה ירוק עם מנטה 25 שק. טוינינגס,טווינינגס Twinings,GB,תה גרין מינט 37.5 גר,Unknown,0.00,Unknown,false,1,21.90,21.90,true,1,
70177177669,false,חליטה למון גינגר 30 גרם טווינינג,טוינינג,PL,חליטה למון גינגר 30,Unknown,0.00,Unknown,false,1,18.80,18.80,true,1,
70177177683,false,חליטה קמומיל האני 30 גרם טווינינג,טוינינג,PL,חליטה קמומיל האני 30,Unknown,0.00,Unknown,false,1,18.80,18.80,true,1,
70177273330,false,חליטת ורבנה 37.5 גרם טווינינג,טוינינג,PL,חליטת ורבנה 37.5 גרם,גרמים,38.00,100 גרם,false,1,18.80,49.47,true,1,
74234531142,false,פלפל חלפניו פרוס כבוש 210 גר,Empacadora San Marco,,פלפל חלפניו פרוס כבו,גרמים,210.00,100 גרם,false,1,13.50,6.43,true,1,
75810021255,false,"סאן ג'יי רוטב תמרי ללא גלוטן 296 מ""ל",סאן גיי אינטרנשיונל,,תמרי רוטב סויה סאן,מיליליטרים,296.00,"100 מ""ל",false,1,28.90,9.76,true,1,
76808009330,false,עוגיות סנדוויץ' במילוי קרם אגוזי לוז וקקאו,,,עוגיות סנדוויץ אגוזי,גרמים,200.00,100 גרם,false,1,14.90,7.45,true,1,
76808009347,false,עוגיות בטעם חמאה 180 גרם,,,עוגיות בטעם חמאה 180,גרמים,180.00,100 גרם,false,1,14.90,8.28,true,1,
76808009354,false,עוגיות קקאו שוקולד חלב ומריר 200 גרם,,,עוגיות קקאו שוקולד ח,גרמים,180.00,100 גרם,false,1,14.90,8.28,true,1,
76808009361,false,עוגיות לב ושבבי שוקולד מריר 200 גרם,,,עוגיות לב ושבבי שוקו,גרמים,180.00,100 גרם,false,1,14.90,8.28,true,1,
76840001767,false,גלידת וניל עוגיות חמאת בוטנים בצק לא אפו,מוצרי איכות אמריקאים,IL,גלידת וניל עוגיות חמ,מיליליטרים,500.00,"100 מ""ל",false,1,24.90,4.98,true,1,
76840001774,false,"גלידה עוגיות חלב עם חתיכות פאדג בן וג'ירי 500 מ""ל",מוצרי איכות אמריקאים,IL,גלידת עוגיות חלב וחת,מיליליטרים,500.00,"100 מ""ל",false,1,24.90,4.98,true,1,
76840100583,false,"גלידת וניל עם בצק עוגיות בן וג'ירי 473 מ""ל",מוצרי איכות אמריקאיי,IL,בן אנד גריס וניל עם,גרמים,500.00,100 גרם,false,1,24.90,4.98,true,1,
78522015000,false,ג'ייסון משחת שיניים מנטה,ג'ייסון Jason,US,גייסון משחת שיניים מ,Unknown,0.00,Unknown,false,1,39.90,39.90,true,1,
78522015154,false,ג'ייסון משחת שיניים עץ התה,ג'ייסון Jason,US,גייסון משחת שיניים ע,Unknown,0.00,Unknown,false,1,39.90,39.90,true,1,
78522015727,false,גייסון מי פה בניחוח ים להגנה על החניכיי,K-CARE,US,גייסון מי פה בניחוח,יחידה,1.00,יחידה,false,1,64.90,64.90,true,1,
78522020257,false,גייסון סבון ידיים נוזלי לבנדר,K-CARE,US,גייסון סבון ידיים,Unknown,0.00,Unknown,false,1,44.90,44.90,true,1,
78522021094,false,"ג'ייסון - ג'ל רחצה קמומיל 887 מ""ל",ג'ייסון Jason,US,גייסון גל רחצה קמומי,Unknown,0.00,Unknown,false,1,89.90,89.90,true,1,
78522021117,false,"ג'ייסון - ג'ל רחצה צמחים 887 מ""ל",ג'ייסון Jason,US,גייסון גל רחצה צמחים,Unknown,0.00,Unknown,false,1,89.90,89.90,true,1,
78522021131,false,גייסון גל רחצה לבנדר 887 מל,K-CARE,US,גייסון גל רחצה לבנדר,Unknown,0.00,Unknown,false,1,89.90,89.90,true,1,
78522021230,false,גייסון גל רחצה מי ורדים 887 מל,ג'ייסון Jason,US,גייסון גל רחצה מי ור,Unknown,0.00,Unknown,false,1,89.90,89.90,true,1,
78522030270,false,גייסון גל רחצה עץ התה 887 מל,ג'ייסון Jason,US,גייסון גל רחצה עץ הת,Unknown,0.00,Unknown,false,1,89.90,89.90,true,1,
78522050056,false,גייסון שמפו אצות ים,K-CARE,US,גייסון שמפו אצות ים,Unknown,0.00,Unknown,false,1,49.90,49.90,true,1,
78522050094,false,גייסון קונדישינר אצות ים,ג'ייסון Jason,US,גייסון קונדישנר אצות,קילוגרמים,0.00,"ק""ג",false,1,49.90,49.90,true,1,
78522070092,false,גייסון מרכך ביוטין לשיער יבש ופגום 473מל,ג'ייסון Jason,US,גייסון מרכך ביוטין ל,מיליליטרים,454.00,"100 מ""ל",false,1,49.90,10.99,true,1,
78895120318,false,רוטב למוקפץ עם סויה ושום 50 גרם LKK,לי קום קי פודס,CN,רוטב למוקפץ עם סויה,גרמים,50.00,100 גרם,false,1,6.90,13.80,true,1,
78895131178,false,רוטב למוקפץ עם סויה ודבש 70 גרם LKK,לי קום קי פודס,CN,רוטב למוקפץ עם סויה,גרמים,70.00,100 גרם,false,1,6.90,9.86,true,1,
78895148077,false,רוטב למוקפץ נודלס 50 גרם LKK,לי קום קי פודס,CN,רוטב למוקפץ נודלס 50,גרמים,50.00,100 גרם,false,1,6.90,13.80,true,1,
78895148299,false,רוטב למוקפץ להכנת עוף קונג פאו 60 ג' LKK,לי קום קי פודס,CN,רוטב למוקפץ לעוף קונ,גרמים,60.00,100 גרם,false,1,6.90,11.50,true,1,
84213017475,false,מסטמכר מיסלי אורגני עם פירות 500ג,מרום את קונפינו,,מיסלי אורגני עם פירו,גרמים,500.00,100 גרם,false,1,19.90,3.98,true,1,
84253240451,false,"אימג'ן ציר אורגני בטעם עוף 946 מ""ל מפוקח לאורגני על ידי סקאל ישראל",,,אימגן ציר אורגני בטע,מיליליטרים,946.00,"100 מ""ל",false,1,34.90,3.69,true,1,
84380957048,false,סאנט דלפור דובדבן שחור 284 גר,,,סאנט דלפור דובדבן שח,גרמים,284.00,100 גרם,false,1,20.90,7.36,true,1,
84380985812,false,אנט דלפור פטל שחור 284 גרם,,,אנט דלפור פטל שחור 2,גרמים,284.00,100 גרם,false,1,20.90,7.36,true,1,
85696608044,false,טופו מוצק ללא גלוטן,Morinaga nutritional,US,טופו ללא גלוטן 349 ג,מיליליטרים,349.00,"100 מ""ל",false,1,10.00,2.87,true,1,
89041081056,false,שמן סויה בתיבול צילי,Flavor full foods in,TW,"שמן צילי 180 מ""ל",מיליליטרים,185.00,"100 מ""ל",false,1,13.10,7.08,true,1,
93133737325,false,רוטב טריאקי שומשום עברית 566 גרם,אקזוטיק סאוס,US,רוטב טריאקי שומשום ע,גרמים,566.00,100 גרם,false,1,44.90,7.93,true,1,
96086000560,false,קרקר חמישה דגנים אורגני 200 גרם,מצות אביב,IL,קרקר חמישה דגנים אור,גרמים,200.00,100 גרם,false,1,12.90,6.45,true,1,
96086000577,false,קרקר כוסמת אורגני 200 גרם,מצות אביב,IL,קרקר כוסמת אורגני 20,גרמים,200.00,100 גרם,false,1,12.90,6.45,true,1,
96086001048,false,עוגיות קיטו שקדים אגוזי לוז וקקאו 200 גר,,,עוגיות קיטו שקדים אג,גרמים,200.00,100 גרם,false,1,25.90,12.95,true,1,
96086001512,false,"עוגיות קלות ללת""ס בטעם לימון 200 גר",מצות אביב,IL,"עוגיות קלות ללת""ס בט",גרמים,200.00,100 גרם,false,1,14.90,7.45,true,1,
96086001529,false,"עוגיות קלות ללת""ס בטעם קפוצינו 200 גר",מצות אביב,IL,"עוגיות קלות ללת""ס בט",גרמים,200.00,100 גרם,false,1,14.90,7.45,true,1,
96086001796,false,קרקר ביס מקמח כוסמין שומשום אורגני 150 ג,,IL,קרקר ביס מקמח כוסמין,גרמים,150.00,100 גרם,false,1,12.90,8.60,true,1,
142486201806,false,"חטיף חלבון שוקולד מריר ללת""ס 4*50 גרם",,,חטיף חלבון שוקולד מר,גרמים,200.00,100 גרם,false,1,45.90,22.95,true,1,
305210256712,false,וזלין מיני לשפתיים אורגינל 9 גר,"יוניליוור ג'ונסבורו,",US,וזלין מיני לשפתיים א,גרמים,7.00,100 גרם,false,1,15.90,227.14,true,1,
305210437371,false,וזלין מיני לשפתיים ורוד עדין 9 גר,"יוניליוור ג'ונסבורו,",US,וזלין מיני לשפתיים,גרמים,7.00,100 גרם,false,1,15.90,227.14,true,1,
308910525744,false,אטריות אורז דקות 454 גרם,ליאן תאי רייס,TH,אטריות אורז דקות 454,גרמים,454.00,100 גרם,false,1,11.40,2.51,true,1,
335824000531,false,שמן אורגנול גדול,,,שמן אורגנול גדול,Unknown,0.00,Unknown,false,1,194.90,194.90,true,1,
608614250356,false,פלור 30 מל,,IL,פלור 30 מל,מיליליטרים,30.00,"100 מ""ל",false,1,85.00,283.33,true,1,
608614250363,false,אפטרקל 50 מל,,IL,אפטרקל 50 מל,מיליליטרים,50.00,"100 מ""ל",false,1,79.00,158.00,true,1,
608614253586,false,חטיף חלבון טבעוני בטעם שוקולד,,,חטיף חלבון טבעוני ב,גרמים,60.00,100 גרם,false,1,14.50,24.17,true,1,
608614323630,false,חטיף חלבון שקדים דובדבן,,,חטיף חלבון שקדים דוב,Unknown,0.00,Unknown,false,1,15.90,15.90,true,1,
608614325733,false,"זוג נרות הופי 23 ס""מ",,,"זוג נרות הופי 23 ס""מ",Unknown,0.00,Unknown,false,1,29.90,29.90,true,1,
608614342631,false,פרסבורגר פרג,,,פרסבורגר פרג,Unknown,0.00,Unknown,false,1,39.90,39.90,true,1,
608614342648,false,שמרים גבינה דובדבן,,,שמרים גבינה דובדבן,Unknown,0.00,Unknown,false,1,39.90,39.90,true,1,
608614342662,false,קראנץ שוקולד,,,קראנץ שוקולד,Unknown,0.00,Unknown,false,1,39.90,39.90,true,1,
608614342754,false,עוגיות פרימיום,,,עוגיות פרימיום,Unknown,0.00,Unknown,false,1,37.90,37.90,true,1,
608614342815,false,מארז לחמניות,,,מארז לחמניות,Unknown,0.00,Unknown,false,1,16.90,16.90,true,1,
608614342921,false,חלת שמרים,,,חלת שמרים,Unknown,0.00,Unknown,false,1,15.90,15.90,true,1,
608614342990,false,חצי עוגת שמרים,,,חצי עוגת שמרים,Unknown,0.00,Unknown,false,1,24.90,24.90,true,1,
608614343065,false,חצי לחם מחמצת,,,חצי לחם מחמצת,Unknown,0.00,Unknown,false,1,12.90,12.90,true,1,
608614343072,false,לחם שיפון 100% קוביה,,,מארז בגט,Unknown,0.00,Unknown,false,1,16.90,16.90,true,1,
611745302917,false,מגבונים טבעיים בקופסת פלסטיק,,,מגבונים טבעיים בקופס,Unknown,0.00,Unknown,false,1,32.90,32.90,true,1,
613008742409,false,בקבוק אריזונה אפרסק 1 ליטר,נובה טרייד אל טי די,DE,אריזונה אפרסק בקבוק,מיליליטרים,1000.00,"100 מ""ל",false,1,11.80,1.18,true,1,
613008753290,false,"בקבוק אריזונה אפרסק 450 מ""ל",אריזונה Arizona,BG,"אריזונה אפרסק 450 מ""",מיליליטרים,450.00,"100 מ""ל",false,1,7.50,1.67,true,1,
613008753320,false,"אריזונה ג'ינסנג ודבש בקבוק 450 מ""ל.",נובה טרייד אל טי די,BG,אריזונה גינסנג ודבש,מיליליטרים,450.00,"100 מ""ל",false,1,7.50,1.67,true,1,
613008753382,false,"בקבוק אריזונה אוכמניות 450 מ""ל",לני אנד לארי,BG,אריזונה אוכמניות 450,מיליליטרים,450.00,"100 מ""ל",false,1,7.50,1.67,true,1,
618059163302,false,פיטורום שמפו לשיער חסר חיוניות,פרמה גורי,,פיטורום שמפו לשיער ח,Unknown,0.00,Unknown,false,1,69.90,69.90,true,1,
619286763006,false,תה נפלאות הטולסי אורגני 36 גרם,,,תה נפלאות הטולסי אור,גרמים,36.00,100 גרם,false,1,19.90,55.28,true,1,
621683921354,false,טינקיאדה לזניה פסטה ללא גלוטן 280 גרם,,,טינקיאדה לזניה פסטה,גרמים,280.00,100 גרם,false,1,27.90,9.96,true,1,
638102203090,false,חטיף על בסיס חלבון סויה פאדג' גרהם,"אבוט נוטרישן, מעבדות",US,חטיף זון קלסיק פאדג,גרמים,50.00,100 גרם,false,1,13.90,27.80,true,1,
638102532817,false,חטיף על בסיס חלבון סויה עם שוקולד מריר,"אבוט נוטרישן, מעבדות",US,חטיף זון דארק דאבל ש,גרמים,45.00,100 גרם,false,1,13.90,30.89,true,1,
638102532848,false,חטיף זון דארק שוקולד שקד 45 גר,סיטי ספורט,,חטיף זון דארק שוקולד,גרמים,45.00,100 גרם,false,1,13.90,30.89,true,1,
638102582737,false,חטיף על בסיס חלבון סויה עוגת קינמון עם שקדים,"אבוט נוטרישן, מעבדות",US,חטיף זון קלסיק רול ק,גרמים,50.00,100 גרם,false,1,13.90,27.80,true,1,
645173911038,false,קורנישון מלפפוןן מיני 720 גרם - תומר,קלמן אינדיה,IN,קורנישון מיני בצנצנת,גרמים,720.00,100 גרם,false,1,10.90,1.51,true,1,
645173911458,false,מלפפון פולני בחומץ 1 ליטר,,FI,מלפפון פולני בחומץ,קילוגרמים,0.00,"ק""ג",false,1,11.90,11.90,true,1,
649660432020,false,היל ויו שזיפים מיובשים מגולענים 567 גרם,היליו פאקינג קוסמי א,US,היל ויו שזיפים מיובש,גרמים,567.00,100 גרם,false,1,29.90,5.27,true,1,
649870160935,false,עצם דחוסה 8 פטסלנד,נאן טונג,CN,עצם דחוסה 8 פטסלנד,Unknown,0.00,Unknown,false,1,24.90,24.90,true,1,
649870165718,false,חטיף נייטיב לכלב עיג,לנגי,CN,חטיף נייטיב לכלב עיג,Unknown,1.00,Unknown,false,1,15.90,15.90,true,1,
654749351000,false,אבלון אורגניקס שמפו לבנדר,K-CARE,US,אבלון אורגניקס שמפו,Unknown,0.00,Unknown,false,1,49.90,49.90,true,1,
654749351178,false,אבלון אורגניקס שמפו עץ התה,K-CARE,US,אבלון אורגניקס שמפו,Unknown,0.00,Unknown,false,1,49.90,49.90,true,1,
654749361023,false,אבלון אורגניקס שמפו ביוטין -קומפלקס ויטמיני B,אבלון אורגניקס Avalon Organics,US,אבלון אורגניקס שמפו,מיליליטרים,400.00,"100 מ""ל",false,1,59.90,14.98,true,1,
654749361061,false,שמפו לטיפול ומניעת קשקשים אבלון אורגניקס,אבלון אורגניקס Avalon Organics,US,שמפו לטיפול ומניעת ק,Unknown,0.00,Unknown,false,1,69.90,69.90,true,1,
654749453827,false,אבלון אורגניקס קרם עיניים ויטמין C,,,אבלון אורגניקס קרם ע,Unknown,0.00,Unknown,false,1,159.90,159.90,true,1,
661176010035,false,צבע לשיערN5,,,צבע לשיערN5,Unknown,0.00,Unknown,false,1,59.90,59.90,true,1,
661176010905,false,צבע לשיער N4,,,צבע לשיער N4,Unknown,0.00,Unknown,false,1,59.90,59.90,true,1,
661176011148,false,צבע לשיער I7.7,,,צבע לשיער I7.7,Unknown,0.00,Unknown,false,1,59.90,59.90,true,1,
661176012916,false,נטורטינט שמפו לטיפול טיפוח וחיזוק שיער,,,נטורטינט שמפו לטיפול,Unknown,0.00,Unknown,false,1,59.90,59.90,true,1,
686412282984,false,נתחי טונה לבנה בשמן זית 220 גרם ORTIZ,אורטיז ORTIZ,ES,נתחי טונה לבנה בשמן,גרמים,220.00,100 גרם,false,1,46.90,21.32,true,1,
693493008204,false,"סליפצ'ק - תמצית פסיפלורה, ולריאן וקמומיל","ד""ר קיי DR. K",IL,סליפציק 30 מל,מיליליטרים,30.00,"100 מ""ל",false,1,65.00,216.67,true,1,
693493008327,false,פומאז בסגנון גבינת בולגרית 200 גרם,,IL,פומאז בסגנון גבינת ב,גרמים,200.00,100 גרם,false,1,16.90,8.45,true,1,
707595100206,false,מלפפונים חמוצים 355 ג' NESTOS,NESTOS,GR,מלפפונים חמוצים 355,גרמים,355.00,100 גרם,false,1,14.60,4.11,true,1,
720516021251,false,"פתיתים מקמח אורז ותירס חיות לל""ג 200 גרם",,AU,פתיתים מקמח אורז ותי,גרמים,200.00,100 גרם,false,1,18.90,9.45,true,1,
720516024344,false,"פתיתים עם אורז חום קינואה וכרוב לל""ג 250",,AU,פתיתים עם אורז חום ק,גרמים,250.00,100 גרם,false,1,24.90,9.96,true,1,
720516024351,false,"פתיתי דגנים כוסמת קינואה ודוחן לל""ג 250",,AU,פתיתי דגנים כוסמת קי,גרמים,250.00,100 גרם,false,1,24.90,9.96,true,1,
722252601414,false,קליף בילדרס בר חטיף חלבון שוקולד חמאת בו,,,קליף בילדרס בר חטיף,גרמים,68.00,100 גרם,false,1,15.90,23.38,true,1,
722252601421,false,קליף בילדרס בר חטיף חלבון שוקולד 68 גרם,,,קליף בילדרס בר חטיף,גרמים,68.00,100 גרם,false,1,15.90,23.38,true,1,
728229123590,false,חטיף על בסיס ירקות שורש בטעם טבעי,הונדורס צ'יפס יצור א,HN,חטיף ציפס טרה אורגי,גרמים,110.00,100 גרם,false,1,15.90,14.45,true,1,
728229123613,false,חטיף על בסיס תפוח אדמה כחול בטעם טבעי,היין סלסטיאל גרופ,US,ציפס 110 גרם טרה כחו,גרמים,110.00,100 גרם,false,1,15.90,14.45,true,1,
728229123811,false,חטיף על בסיס ירקות שורש בתיבול ים תיכוני,הונדורס צ'יפס יצור א,HN,ציפס 110 גרם טרה בטט,גרמים,110.00,100 גרם,false,1,15.90,14.45,true,1,
728229130154,false,חטיף ציפס מבטטה וסלק 110 גרם,הונדורס צ'יפס יצור א,HN,חטיף ציפס מבטטה וסלק,גרמים,110.00,100 גרם,false,1,15.90,14.45,true,1,
728229130444,false,"חטיף על בסיס ירקות שורש עם בטטה, תפו""א כחול וסלק",היין סלסטיאל גרופ,US,חטיף ציפס מירקות כחו,גרמים,110.00,100 גרם,false,1,15.90,14.45,true,1,
729906510016,false,"פתיתי ש.שועל לל""ג אורגני ללת""ס 510 גרם",,US,"פתיתי ש.שועל לל""ג או",גרמים,510.00,100 גרם,false,1,28.90,5.67,true,1,
737547486225,false,קבב טבעוני הקצב הירוק 400 גרם,,IL,קבב טבעוני הקצב הירו,גרמים,400.00,100 גרם,false,1,39.90,9.98,true,1,
753182340302,false,אבקת וואסבי 35 גרם קינגדאוו,Qingdao Sun-growing,CN,אבקת וואסבי 35 גרם ק,גרמים,35.00,100 גרם,false,1,16.70,47.71,true,1,
761720051108,false,"קארו סירופ תירס בהיר 470 מ""ל",אי סי איץ,US,קארו סירופ תירס בהיר,מיליליטרים,470.00,"100 מ""ל",false,1,33.90,7.21,true,1,
761720988183,false,ארגו אבקת אפיה ללא אלומיניאום 340 גר,"י. כהן בע""מ",,ארגו אבקת אפיה ללא א,גרמים,340.00,100 גרם,false,1,23.90,7.03,true,1,
768404001640,false,"גלידה בן&ג'ריס קפה משפחתית 500מ""ל",מוצרי איכות אמריקאיי,IL,בן אנד גריס בטעם קפה,מיליליטרים,500.00,"100 מ""ל",false,1,24.90,4.98,true,1,
769904000997,false,דגש שקדי מרק ללא גלו,משובח תעשיות מזון,IL,"שקדי מרק דג""ש 200 ג",גרמים,200.00,100 גרם,false,1,15.90,7.95,true,1,
770009011924,false,ניירות אפייה 100% טבעי 24 יח,Source Atlantique,IL,ניירות אפייה 100% טב,Unknown,0.00,Unknown,false,1,22.90,22.90,true,1,
770009250262,false,שקיות אוכל מנייר 100% טבעי,SOURCE ATLANTIQUE,IL,שקיות אוכל מנייר 100,Unknown,0.00,Unknown,false,1,21.90,21.90,true,1,
782126003003,false,מגן תחתון נושם 30 יחידות 200 גרם,,,מגן תחתון נושם 30 יח,Unknown,0.00,Unknown,false,1,22.50,22.50,true,1,
782126003065,false,מגן תחתון מעוגל 30 יחידות באריזה,,,מגן תחתון מעוגל 30 י,Unknown,0.00,Unknown,false,1,22.50,22.50,true,1,
782126003126,false,מגן תחתון מעוגל ארוז בנפרד 18 יח 220 גרם,,,מגן תחתון מעוגל ארוז,Unknown,0.00,Unknown,false,1,22.50,22.50,true,1,
782126003256,false,תחבושת אקסטרה נורמל,,,תחבושת אקסטרה נורמל,Unknown,0.00,Unknown,false,1,27.90,27.90,true,1,
782126003508,false,תחבושת יבש קל (בריחת,,,תחבושת יבש קל (בריחת,Unknown,0.00,Unknown,false,1,29.90,29.90,true,1,
787692838349,false,עוגיות חלבון שוקולד לבן ומקדמיה 114 גרם,,,עוגיות חלבון שוקולד,Unknown,0.00,Unknown,false,1,17.90,17.90,true,1,
791669336530,false,רלסטון דייסה ש. שועל מהירה קינמון 430 ג,,,רלסטון דייסה ש. שועל,גרמים,430.00,100 גרם,false,1,27.90,6.49,true,1,
804066020091,false,הרו קונפיטורת תפוזים 340 גר,,ES,הרו קונפיטורת תפוזים,גרמים,340.00,100 גרם,false,1,16.90,4.97,true,1,
814784024851,false,קלאסיק פלוס חלבון רוא טבעוני אורגני,,,קלאסיק פלוס חלבון רו,גרמים,750.00,100 גרם,false,1,199.90,26.65,true,1,
814784024868,false,קלאסיק פלוס חלבון רוא טבעוני אורגני וניל,,,קלאסיק פלוס חלבון רו,גרמים,750.00,100 גרם,false,1,199.90,26.65,true,1,
814784027746,false,קלין קטו וניל 720 גרם,,US,קלין קטו וניל 720 גר,גרמים,720.00,100 גרם,false,1,199.90,27.76,true,1,
814856010348,false,עוגיית חלבון ש.שועל וצימוקים 113 גרם,בייק סיטי,US,עוגיית חלבון ש.שועל,גרמים,113.00,100 גרם,false,1,16.90,14.96,true,1,
818570007066,false,1X12X29Mווטקינס וניל טהור,"ג'יי אר ווטקינס בע""מ",US,וטקינס וניל טהור 29,מיליליטרים,29.00,"100 מ""ל",false,1,31.90,110.00,true,1,
828093003490,false,מיקס פירות מיובשים 110 גרם,,TR,מיקס פירות מיובשים 1,גרמים,110.00,100 גרם,false,1,19.90,18.09,true,1,
833949000264,false,"סירופ מייפל אמיתי 100% אורגני 250 מ""ל",דיקסר קוויבק,CA,סירופ מייפל אמיתי,מיליליטרים,250.00,"100 מ""ל",false,1,35.90,14.36,true,1,
837524000953,false,נסטי - סבון טבעי פילוסופיה 250 גר,,,נסטי - סבון טבעי פיל,Unknown,0.00,Unknown,false,1,24.90,24.90,true,1,
837524000960,false,נסטי - סבון טבעי פילוסופיה 250 גר,,,נסטי - סבון טבעי פיל,Unknown,0.00,Unknown,false,1,24.90,24.90,true,1,
837524001103,false,"סבון רחצה נוזלי פירות שמן זית 500 מ""ל",,IT,סבון רחצה נוזלי פירו,מיליליטרים,500.00,"100 מ""ל",false,1,54.90,10.98,true,1,
837524001257,false,נסטי - סבון טבעי פילוסופיה 250 גר,,,נסטי - סבון טבעי פיל,Unknown,0.00,Unknown,false,1,24.90,24.90,true,1,
837524001370,false,נסטי - סבון טבעי פילוסופיה 250 גר,,,נסטי - סבון טבעי פיל,קילוגרמים,0.00,"ק""ג",false,1,24.90,24.90,true,1,
837524001707,false,נסטי - סבון טבעי רומנטיקה 250 גר,,,נסטי - סבון טבעי רומ,Unknown,0.00,Unknown,false,1,24.90,24.90,true,1,
837524001806,false,נסטי - סבון טבעי פילוסופיה 250 גר,,,נסטי - סבון טבעי פיל,Unknown,0.00,Unknown,false,1,24.90,24.90,true,1,
837524001844,false,נסטי סבון טבעי מארז פילוסופיה 6*150 גרם,,IT,נסטי סבון טבעי מארז,גרמים,900.00,100 גרם,false,1,79.90,8.88,true,1,
837524002421,false,סבון נסטי טבעי טרופיקל ליים הדרים 250 גר,,,סבון נסטי טבעי טרופי,גרמים,250.00,100 גרם,false,1,27.90,11.16,true,1,
837524002520,false,סבון נסטי אורגני ביונטורה פטל סרפד 250 ג,נסטי דנטה,IT,סבון נסטי אורגני ביו,גרמים,250.00,100 גרם,false,1,27.90,11.16,true,1,
837524002537,false,סבון נסטי א. ביונטורה גנסנג שעורה 250 גר,נסטי דנטה,IT,סבון נסטי א. ביונטור,גרמים,250.00,100 גרם,false,1,27.90,11.16,true,1,
837524003695,false,סבון נסטי אמבר 250 גר,,,סבון נסטי אמבר 250 ג,גרמים,250.00,100 גרם,false,1,27.90,11.16,true,1,
837524003824,false,סבון רחצה נוזלי לוקסורי שחור פחם 500 מ,,IT,סבון רחצה נוזלי לוקס,מיליליטרים,500.00,"100 מ""ל",false,1,54.90,10.98,true,1,
839762000641,false,משקה איילנד מנגו נקטר 1 ל',"פאראגאלה,דה אג'יפשן",EG,משקה איילנד מנגו 1 ל,מיליליטרים,1000.00,"100 מ""ל",false,1,14.90,1.49,true,1,
842515006722,false,משמשים מיובשים בשמש אורגני - 250 גרם,,,משמשים מיובשים בשמש,גרמים,250.00,100 גרם,false,1,31.50,12.60,true,1,
842515010125,false,משמשים מיובשים בשמש אורגני - 250 גרם,,,תאנים מיובשות בשמש א,גרמים,250.00,100 גרם,false,1,31.50,12.60,true,1,
842515020155,false,צימוקים סולטנה מיובשים בשמש אורגני 250 ג,,,צימוקים סולטנה מיובש,גרמים,250.00,100 גרם,false,1,28.90,11.56,true,1,
850835000030,false,תה הרפיה,,,תה הרפיה,Unknown,0.00,Unknown,false,1,31.90,31.90,true,1,
850835000498,false,תה מנקה,,,תה מנקה,Unknown,0.00,Unknown,false,1,31.90,31.90,true,1,
852629004774,false,נקניקיות ביונד מיט רביעייה 400 גר,תאי פרזידנט פוד פאבל,US,נקניקיות ביונד מיט,גרמים,400.00,100 גרם,false,1,41.90,10.48,true,1,
856591000062,false,עבאדי עוגיות מזרחיות מלח 400 גרם,מאפיית יוסף ושמחה עב,IL,עבאדי עוגיות מזרחיות,גרמים,400.00,100 גרם,false,1,18.90,4.73,true,1,
856591000109,false,עבאדי עוגיות מזרחיות פריך במיוחד 400 גרם,מאפיית יוסף ושמחה עב,IL,עבאדי עוגיות מזרחיות,גרמים,400.00,100 גרם,false,1,18.90,4.73,true,1,
856591000949,false,עבאדי קטנטנים מאפה חיטה מלוח 350ג גר',עבאדי,IL,מאפה חיטה עבאדי מלוח,גרמים,35000.00,100 גרם,false,1,21.90,0.06,true,1,
858847000642,false,אבקת מאקי ברי 85 גר,,,אבקת מאקי ברי 85 גר,Unknown,0.00,Unknown,false,1,124.90,124.90,true,1,
858847000680,false,קקאו ניבס שבבי קקאו 227 גר,,,קקאו ניבס שבבי קקאו,גרמים,227.00,100 גרם,false,1,64.90,28.59,true,1,
859547004329,false,ספוג ניקוי צבעוני סקראב דדי Scrub Daddy,סקארקיסט,US,ספוג ניקוי SCRUB DA,יחידה,1.00,יחידה,false,1,19.90,19.90,true,1,
859547004466,false,קירצוף וספוג ניקוי SCRUB DADDY,סקארקיסט,US,קירצוף וספוג ניקוי,יחידה,1.00,יחידה,false,1,19.90,19.90,true,1,
859547004688,false,ספוג קרצוף סקראב דדי,,US,ספוג ניקוי SCOUR DA,יחידה,1.00,יחידה,false,1,19.90,19.90,true,1,
859605002052,false,חטיף צקי מאנקי עם בננה אורגני 60 גרם,השדה מוצרים טבעיים ו,IL,חטיף צקי מאנקי עם בנ,גרמים,60.00,100 גרם,false,1,6.90,11.50,true,1,
884912129512,false,דגני בוקר קוקו פבלס פלינסטון 311 גר,פוסט לקיוויל,US,דגני בוקר קוקו פבלס,גרמים,311.00,100 גרם,false,1,22.90,7.36,true,1,
884912359155,false,דגני בוקר האני באנצס רוסטד 340 ג' POST,פוסט ארצות הברית,US,האני באנצס רוסטד 340,גרמים,340.00,100 גרם,false,1,22.90,6.74,true,1,
884912359421,false,דגני בוקר האני באנצס פקאן ומייפל 340 ג' POST,פוסט ארצות הברית,US,האני באנצס רוסטד 340,גרמים,340.00,100 גרם,false,1,22.90,6.74,true,1,
897581000365,false,מרשמלו טבעוני 283 גרם,גוד פוד פרודקטס S.p,IL,מרשמלו טבעוני 283 גר,גרמים,283.00,100 גרם,false,1,24.90,8.80,true,1,
897581000372,false,מיני מרשמלו טבעוני 283 גרם,,IL,מיני מרשמלו טבעוני 2,גרמים,283.00,100 גרם,false,1,24.90,8.80,true,1,
898193001252,false,חליטת קמומיל 28 גרם בונומלי,הייר ליבינג,IT,חליטת קמומיל 28 גרם,Unknown,0.00,Unknown,false,1,14.90,14.90,true,1,
1230000116022,false,ביונד בורגר Beyond Burger - מארז זוג,ביונד מיט קליפורניה,US,המבורגר ביונד מיט זו,גרמים,226.00,100 גרם,false,1,34.90,15.44,true,1,
2261746002521,false,גבינת בלו סטילטון אנגלית במשקל,,,גבינת בלו סטילטון,Unknown,0.00,"ק""ג",true,0,184.00,184.00,true,1,
3014260240226,false,"ג'ילט קצף גילוח לעור רגיש, 200 מ""ל",מולינו ניקולי s.p.a,GB,קצף גילוח גילט רגיש,מיליליטרים,200.00,"100 מ""ל",false,1,19.30,9.65,true,1,
3046920010801,false,שוקולד מריר אקסלנס עם אגוזי לוז,לינדט ושפרונגלי אס.א,FR,לינדט שוקולד אקסלנס,גרמים,100.00,100 גרם,false,1,14.90,14.90,true,1,
3046920010856,false,לינדט שוקולד אקסלנס לימון גינגיר 100 גר,לינדט,CH,לינדט שוקולד אקסלנס,גרמים,100.00,100 גרם,false,1,14.90,14.90,true,1,
3046920016377,false,לינדט שוקולד אקסלנס מריר 100% קקאו 50 גר,לינדט ושפרונגלי,DE,לינדט שוקולד אקסלנס,גרמים,50.00,100 גרם,false,1,14.90,29.80,true,1,
3046920027281,false,שוקולד מריר אקסלנס במילוי קרמל ומלח ים,לינדט ושפרונגלי,FR,לינדט אקס קרמל סולט,גרמים,100.00,100 גרם,false,1,14.90,14.90,true,1,
3046920028363,false,לינדט אקסלנס שוקולד 85% 100 גרם,לינדט ושפרונגלי,FR,לינדט אקסלנס 85% 100,גרמים,100.00,100 גרם,false,1,14.90,14.90,true,1,
3046920028721,false,שוקולד מריר אקסלנס 99%,לינדט ושפרונגלי,FR,לינדט אקסלנס 99%,גרמים,50.00,100 גרם,false,1,14.90,29.80,true,1,
3046920028752,false,לינדט אקסלנס מינט 100 גרם,לינדט ושפרונגלי,FR,לינדט אקסלנס מינט 10,גרמים,100.00,100 גרם,false,1,14.90,14.90,true,1,
3046920029674,false,שוקולד מריר אקסלנס עם מלח ים,לינדט ושפרונגלי,DE,לינדט אקס סולט 100 ג,גרמים,100.00,100 גרם,false,1,14.90,14.90,true,1,
3046920029681,false,לינדט שוקולד אקסלנס מילד 85% קקאו 100 גר,לינדט,DE,לינדט שוקולד אקסלנס,גרמים,100.00,100 גרם,false,1,14.90,14.90,true,1,
3046920029759,false,שוקולד מריר אקסלנס 90% קקאו,לינדט ושפרונגלי ג'י.,DE,"לינדט אקס 90%, 100 ג",גרמים,100.00,100 גרם,false,1,14.90,14.90,true,1,
3068320103389,false,"מים מינרלים אוויאן 750 מ""ל זכוכית",,,מים מינרלים אוויאן 7,מיליליטרים,750.00,"100 מ""ל",false,1,12.90,1.72,true,1,
3073781162790,false,גבינת בייבי בל אדם 1,מחלבות בל,FR,בייבי בל אדם 120 גר,גרמים,120.00,100 גרם,false,1,20.90,17.42,true,1,
3141360054405,false,פיניש מפיץ ריח למדיח בניחוח לימון וליים,הדקלאים אגודת שיתופי,HU,מפיץ ריח למדיח בניחו,Unknown,0.00,Unknown,false,1,22.50,22.50,true,1,
3178530402353,false,מיני מדליינס סאן מישל 175 גרם,סאן מישל,FR,מיני מדליינס סאן מיש,גרמים,175.00,100 גרם,false,1,12.50,7.14,true,1,
3178530407938,false,עוגיות מיני מדלן שוקולד 175 גרם,סאן מישל,FR,מיני מדליין 175 גר,גרמים,175.00,100 גרם,false,1,13.90,7.94,true,1,
3178530409673,false,עוגיות פלמיה קרמל 100 גרם,סן מישל,FR,עוגיות פלמיה קרמל 10,גרמים,100.00,100 גרם,false,1,14.90,14.90,true,1,
3178530411478,false,ביסקוויטים גאלט עם חמאה ומלח ים,סן מישל St Michel,FR,ביסקוויט סאן מישל גד,גרמים,150.00,100 גרם,false,1,12.90,8.60,true,1,
3179732348913,false,מים מינרלים פרייה 1 ליטר,נסטלה ווטרס ספלאי,FR,מים מינרלים פרייה 1,מיליליטרים,1000.00,"100 מ""ל",false,1,8.90,0.89,true,1,
3183280028036,false,"מלח ים גס בשקית 1 ק""ג LA BALEINE",,FR,LA BALEINE מלח ים בש,גרמים,1000.00,100 גרם,false,1,14.90,1.49,true,1,
3211200008049,false,"יין לאודלה רוזה 750 מ""ל",,FR,יין לאודלה רוזה 750,מיליליטרים,750.00,"100 מ""ל",false,1,47.90,6.39,true,1,
3211200108756,false,"יין מיזון קסטל מרלו רוזה 750 מ""ל",,,יין מיזון קסטל מרלו,Unknown,0.00,Unknown,false,1,46.90,46.90,true,1,
3211201046439,false,מיזון קסטל קברנה סוביניון 750 מל,,,מיזון קסטל קברנה סוב,Unknown,0.00,Unknown,false,1,46.90,46.90,true,1,
3211201046460,false,"מיזון קסטל מרלו 750 מ""ל",,,מיזון קסטל מרלו 750,Unknown,0.00,Unknown,false,1,46.90,46.90,true,1,
3211201046521,false,מיזון קסטל סוביניון בלאן 750 מל,,,מיזון קסטל סוביניון,Unknown,0.00,Unknown,false,1,46.90,46.90,true,1,
3211201046613,false,מיזון קסטל בורדו מרלו 750 מל,,,מיזון קסטל בורדו מרל,Unknown,0.00,Unknown,false,1,51.90,51.90,true,1,
3211201046644,false,"קסטל קוט דו רון גראנש סירה 750 מ""ל",,,מיזון קסטל קוט דו רו,Unknown,0.00,Unknown,false,1,51.90,51.90,true,1,
3211203444066,false,מיזון קסטל גרנד רזרב שרדונה 750 מל,,,מיזון קסטל גרנד רזרב,Unknown,0.00,Unknown,false,1,51.90,51.90,true,1,
3211203444103,false,מיזון קסטל גרנד רזרב ק. סוביניון 750 מ,,,מיזון קסטל גרנד רזרב,Unknown,0.00,Unknown,false,1,51.90,51.90,true,1,
3211209217602,false,מיזון רוזה דאנזו חצי מתוק 750 מל,,,מיזון רוזה דאנזו חצי,Unknown,0.00,Unknown,false,1,51.90,51.90,true,1,
3211209267126,false,מיזון קסטל גוורצטרמינר 750 מל,,,מיזון קסטל גוורצטרמי,Unknown,0.00,Unknown,false,1,44.90,44.90,true,1,
3211209282167,false,"מיזון קסטל ברוט רוזה מבעבע 750 מ""ל",,,מיזון קסטל ברוט רוזה,Unknown,0.00,Unknown,false,1,62.90,62.90,true,1,
3211209990833,false,"יין לאודלה לה פטיט לבן 750 מ""ל",,FR,יין לאודלה לה פטיט ל,מיליליטרים,750.00,"100 מ""ל",false,1,34.90,4.65,true,1,
3211209999553,false,"יין לאודלה קברנה סוביניון 750 מ""ל",,FR,יין לאודלה קברנה סוב,מיליליטרים,750.00,"100 מ""ל",false,1,47.90,6.39,true,1,
3211209999584,false,"יין לאודלה מרלו 750 מ""ל",,FR,יין לאודלה מרלו 750,מיליליטרים,750.00,"100 מ""ל",false,1,47.90,6.39,true,1,
3276210810105,false,יין לה פטיט פרייר סוביניון בלאן 750 מל,,,יין לה פטיט פרייר סו,Unknown,0.00,Unknown,false,1,51.90,51.90,true,1,
3276210811102,false,יין אדום יבש פינו נואר 750 מל,,,יין לה פטיט פרייר יב,Unknown,0.00,Unknown,false,1,51.90,51.90,true,1,
3276210812109,false,יין לה פטיט פרייר פינו נואר רוזה 750 מל,,,יין לה פטיט פרייר פי,Unknown,0.00,Unknown,false,1,51.90,51.90,true,1,
3335121614933,false,חרדל דיגון 370 גרם (גרגירים),קובינור,,חרדל דיגון 370 גרם (,גרמים,370.00,100 גרם,false,1,13.80,3.73,true,1,
3387390525960,false,קראנץ' דגנים פריכים עם שוקולד 500 גרם,הנסיך- מפעל לייצור ט,FR,דגני בוקר קראנץ 500,גרמים,500.00,100 גרם,false,1,22.90,4.58,true,1,
3451271002809,false,"יין אלן זופרואה שאבלי 750 מ""ל",,,אלן זופרואה שאבלי,Unknown,0.00,Unknown,false,1,104.90,104.90,true,1,
3504105028442,false,מוסטלה שמפו תינוקות מועשר בתמצית קמומיל,ניאופארם,,מוסטלה שמפו תינוקות,Unknown,0.00,Unknown,false,1,39.90,39.90,true,1,
3563490014898,false,חרדל לחיץ ריין דיזיון 265 גרם,ריין דיז'ון reine dijon,FR,חרדל לחיץ ריין דיזיו,גרמים,265.00,100 גרם,false,1,14.60,5.51,true,1,
3574660115154,false,או-בה טמפונים קלאסי סופר 32יח',ג'ונסון אנד ג'ונסון,GR,אובה סופר 32 חדש,Unknown,0.00,Unknown,false,1,21.90,21.90,true,1,
3574661500355,false,קרפרי מגן תחתון מקסי לונג רגיל 40 יח',ג'ויה מעבדות לקוסמטי,IT,מגן תחתון קרפרי מקסי,Unknown,0.00,Unknown,false,1,24.90,24.90,true,1,
3608580071389,false,ממרח ערמונים 370 גרם BONNE MAMAN,בון מאמא,FR,ממרח ערמונים 370 גרם,גרמים,370.00,100 גרם,false,1,26.50,7.16,true,1,
3608580730231,false,קונפיטורה בון ממאן תות שדה 370 גר',אף.סי תבליני בגליל ב,FR,קונפיטורה בטעם תות 3,גרמים,370.00,100 גרם,false,1,20.90,5.65,true,1,
3608580730248,false,קונפיטורה דובדובן 370 ג' בוני מאמן,אנדרוס,FR,קונפיטורה בטעם דובדב,גרמים,370.00,100 גרם,false,1,20.90,5.65,true,1,
3608580730286,false,קונפיטורה בון ממאן ארבע עונות 370 גר',אנדרוס,FR,קונפיטורה ארבע פירות,גרמים,370.00,100 גרם,false,1,20.90,5.65,true,1,
3760062816779,false,"יין ברתייה פואי פומה סובניון בלאן 750 מ""",,FR,יין ברתייה פואי פומה,מיליליטרים,750.00,"100 מ""ל",false,1,99.90,13.32,true,1,
3800093511578,false,"טימס מאפה שמרים עם מרמלדת תפו""ע 250 ג",,,טימס מאפה שמרים עם מ,גרמים,250.00,100 גרם,false,1,10.90,4.36,true,1,
3800103422221,false,"משקה בטעם תפוח + ויטמינים 330 מ""ל",,BG,משקה בטעם תפוח + ויט,מיליליטרים,330.00,"100 מ""ל",false,1,7.90,2.39,true,1,
3800103422238,false,"משקה בטעם לימון ליים + ויטמינים 330 מ""ל",,BG,משקה בטעם לימון ליים,מיליליטרים,330.00,"100 מ""ל",false,1,7.90,2.39,true,1,
4000161030300,false,נידרגר מרציפן מצופה שוקולד 125 גר,,,נידרגר מרציפן מצופה,גרמים,125.00,100 גרם,false,1,31.50,25.20,true,1,
4000161050728,false,נידרגר מרציפן במילוי נוגט ואגוזים 75 גר,,,נידרגר מרציפן במילוי,גרמים,75.00,100 גרם,false,1,22.90,30.53,true,1,
4000161060116,false,נידרגר שוקולד מריר במילוי מרציפן 110 גר,,,נידרגר שוקולד מריר ב,גרמים,110.00,100 גרם,false,1,19.90,18.09,true,1,
4000161060406,false,נידרגר מקלות מרציפן שוקולד מריר 40 גר,,,נידרגר מקלות מרציפן,גרמים,40.00,100 גרם,false,1,10.20,25.50,true,1,
4000161090106,false,נידרגר לבבות מרציפן בציפוי שוקולד 125 גר,J.G Niederegger Gmbh.Co.Kg,DE,נידרגר לבבות מרציפן,גרמים,125.00,100 גרם,false,1,39.90,31.92,true,1,
4000161100072,false,נידריגר אצבעות מרציפן 50 גרם,,,נידריגר אצבעות מרציפ,גרמים,50.00,100 גרם,false,1,14.90,29.80,true,1,
4000161100157,false,נידרגר מרציפן קלאסי באריזה 100 גר,Q Chocolate,,נידרגר מרציפן קלאסי,גרמים,100.00,100 גרם,false,1,34.50,34.50,true,1,
4000161110095,false,נידריגר אצבעות מרציפן פיסטוק 50 גרם,,,נידריגר אצבעות מרציפ,גרמים,50.00,100 גרם,false,1,14.90,29.80,true,1,
4000161110156,false,נידרגר מרציפן קלאסי בטעמים 100 גרם,,DE,נידרגר מרציפן קלאסי,גרמים,100.00,100 גרם,false,1,32.90,32.90,true,1,
4000417019004,false,שוקולד חלב עם אגוזי לוז שלמים,ריטר ספורט Ritter sport,DE,שוקולד RITTER SPORT,גרמים,400.00,100 גרם,false,1,10.90,2.73,true,1,
4000417025005,false,שוקולד ריטר ספורט מרציפן 100 גרם חלב נוכרי,ריטר ספורט Ritter sport,DE,שוקולד RITTER SPORT,גרמים,100.00,100 גרם,false,1,8.90,8.90,true,1,
4000417211002,false,שוקולד ריטר ספורט מוס קרמל 100 גרם חלב נוכרי,ריטר ספורט Ritter sport,DE,ריטר ספורט מוס קרמל,גרמים,100.00,100 גרם,false,1,8.90,8.90,true,1,
4000417212009,false,שוקולד ריטר ספורט מריר תפוז שקד 100 ג' חלב נוכרי,ריטר ספורט Ritter sport,DE,שוקולד ריטר ספורט שק,גרמים,100.00,100 גרם,false,1,8.90,8.90,true,1,
4000417222008,false,שוקולד ריטר ספורט חלב+שברי אגוזים 100 גרם חלב נוכרי,ריטר ספורט Ritter sport,DE,שוקולד ריטר ספורט חל,גרמים,100.00,100 גרם,false,1,8.90,8.90,true,1,
4000417224002,false,"ריטר ספורט טבלת שוקולד מריר אגוזים, 100 גרם",ריטר ספורט Ritter sport,DE,שוקולד RITTER SPORT,גרמים,100.00,100 גרם,false,1,10.90,10.90,true,1,
4000417298003,false,שוקולד ריטר ספורט קוקוס 100 גרם חלב נוכרי,ריטר ספורט Ritter sport,DE,שוקולד ריטר ספורט קו,גרמים,100.00,100 גרם,false,1,8.90,8.90,true,1,
4000417707000,false,שוקולד חלב מעולה עם שברי קשיו קלוי ומומלח,ריטר ספורט Ritter sport,DE,ריטר ספורט חלב קשיו,גרמים,100.00,100 גרם,false,1,10.90,10.90,true,1,
4000417708007,false,שוקולד ריטר ספורט מריר שקד 100 גרם,ריטר ספורט Ritter sport,DE,ריטר ספורט מריר שקד,גרמים,100.00,100 גרם,false,1,10.90,10.90,true,1,
4000436402559,false,גבינת אדם אמרלנד במשקל,,,גבינת אדם AMMERLAND,Unknown,0.00,"ק""ג",true,0,39.90,39.90,true,1,
4000436419994,false,גבינת גאודה אמרלנד במשקל,,,גבינת גאודה אמרלנד,Unknown,0.00,"ק""ג",true,0,39.90,39.90,true,1,
4000504149324,false,גבינת רוגט גרמני 125 גרם,,DE,גבינת רוגט גרמני 125,גרמים,125.00,100 גרם,false,0,22.90,18.32,true,1,
4000504213028,false,גבינה דורבלו גרמנית במשקל,,,גבינה דורבלו גרמנית,Unknown,0.00,"ק""ג",true,0,184.00,184.00,true,1,
4000522061752,false,בייגלה צ'יו מקלות מלוחים 100 גרם,צ'יו Chio,HU,בייגלה ציו מקלות 100,גרמים,100.00,100 גרם,false,1,5.20,5.20,true,1,
4000539280726,false,שוקולד לינדט אקסלנס מילד 70% 100 גר,לינדט ושפרונגלי,DE,שוקולד לינדט אקסלנס,גרמים,100.00,100 גרם,false,1,14.90,14.90,true,1,
4000539280740,false,שוקולד לינדט אקסלנס 78% 100 גר,לינדט,FR,שוקולד לינדט אקסלנס,גרמים,100.00,100 גרם,false,1,14.90,14.90,true,1,
4000539363108,false,שוקולד לינדור סטיקס 38 גרם,לינדור,,שוקולד לינדור סטיקס,גרמים,38.00,100 גרם,false,1,7.30,19.21,true,1,
4000576027933,false,צימרונים לאוזניים גאן קרול 200 יח,וו.פלץ,DE,צימרונים לאוזניים גא,יחידה,1.00,יחידה,false,1,7.90,7.90,true,1,
4000576399405,false,פדים רחבים להסרת איפור,ג'ין קרול Jean Carol,CN,פדים להסרת איפור רחב,Unknown,0.00,Unknown,false,1,10.50,10.50,true,1,
4000576722654,false,פדים להסרת איפור זוג *70 יח',ג'ין קרול Jean Carol,,פדים להסרת איפור 140,Unknown,0.00,Unknown,false,1,18.80,18.80,true,1,
4000799110641,false,פולי קפה בריסטה אורגני מאונט האגן 500 ג,,DE,פולי קפה בריסטה אורג,גרמים,500.00,100 גרם,false,1,79.90,15.98,true,1,
4000799136894,false,קפה נמס אורגני מ.בהקפה 100 גר מאנט האגן,מאונט האגן,DE,קפה נמס אורגני מ.בהק,גרמים,100.00,100 גרם,false,1,35.90,35.90,true,1,
4001499013676,false,"פרוש ספריי לניקוי חלונות 500 מ""ל",ארדל רקס,DE,פרוש ספריי לניקוי חל,מיליליטרים,500.00,"100 מ""ל",false,1,22.90,4.58,true,1,
4001499112942,false,פרוש נוזל לניקוי ומסיר שומנים הדרים 500,ארדל רקס,DE,פרוש נוזל לניקוי ומס,מיליליטרים,500.00,"100 מ""ל",false,1,22.90,4.58,true,1,
4001499116193,false,פרוש מרכך כביסה פרח הכותנה 750 מל,ארדל רקס,DE,פרוש מרכך כביסה פרח,מיליליטרים,750.00,"100 מ""ל",false,1,20.00,2.67,true,1,
4001499139796,false,פרוש קרם ניקוי לימון 500 מ`ל,,,פרוש קרם ניקוי לימון,מיליליטרים,500.00,"100 מ""ל",false,1,14.30,2.86,true,1,
4001499152061,false,פרוש ספריי לניקוי כללי מכיל סודה 500 מל,ארדל רקס,DE,פרוש ספריי לניקוי כל,מיליליטרים,500.00,"100 מ""ל",false,1,22.90,4.58,true,1,
4001499162916,false,"נוזל כלים פרוש סודה 500 מ""ל",ארדל רקס,DE,נוזל כלים פרוש סודה,מיליליטרים,500.00,"100 מ""ל",false,1,19.40,3.88,true,1,
4001499185267,false,פרוש נוזל ניקוי אסלות על בסיס לבנדר 750,ארדל רקס,DE,פרוש נוזל ניקוי אסלו,מיליליטרים,750.00,"100 מ""ל",false,1,19.50,2.60,true,1,
4001499909122,false,"פרוש נוזל מסיר אבנית 300 מ""ל",,,פרוש נוזל מסיר אבנית,מיליליטרים,300.00,"100 מ""ל",false,1,14.30,4.77,true,1,
4001499917349,false,פרוש נ.ניקוי רב תכליתי אקולוגי תפוזים500,ארדל רקס,DE,פרוש נ.ניקוי רב תכלי,מיליליטרים,500.00,"100 מ""ל",false,1,22.90,4.58,true,1,
4001499923760,false,פרוש נ.מסיר כתמים אקולוגי לפני כביסה 500,ארדל רקס,,פרוש נ.מסיר כתמים אק,מיליליטרים,500.00,"100 מ""ל",false,1,31.40,6.28,true,1,
4001499943430,false,"נוזל ניקוי אסלות פרוש בניחוח פטל 750 מ""ל",ארדל רקס,,נוזל ניקוי אסלות פרו,מיליליטרים,750.00,"100 מ""ל",false,1,19.50,2.60,true,1,
4001499954986,false,פרוש נוזל ניקוי אסלות על בסיס לימון 750,ארדל רקס,,פרוש נוזל ניקוי אסלו,מיליליטרים,750.00,"100 מ""ל",false,1,19.50,2.60,true,1,
4001518003800,false,טורינוס מקלות פריכים עם פלפל ומלח 125 גר,גריסון,DE,מקלות פריכים מלח ופל,גרמים,125.00,100 גרם,false,1,17.70,14.16,true,1,
4001518003817,false,מקלות פריכים עם גבינת גאודה 125 ג' טורינוס,גריסון,DE,חטיף חיטה אפוי בתוספ,גרמים,125.00,100 גרם,false,1,17.70,14.16,true,1,
4001638088138,false,"וולדה קרם קלנדולה לאזור החיתול, 75 מ""ל",וולדה WELEDA,,קרם קלנדולה לאזור הח,מיליליטרים,75.00,"100 מ""ל",false,1,49.90,66.53,true,1,
4001638098014,false,וולדה משחת שיניים קלנדולה,סמואלוב,,משחת שיניים קלנדולה,מיליליטרים,75.00,"100 מ""ל",false,1,35.90,47.87,true,1,
4001638098595,false,"וולדה סקין פוד קרם, 75 מ""ל",סמואלוב,DE,"סקין פוד קרם 75 מ""ל",מיליליטרים,75.00,"100 מ""ל",false,1,62.90,83.87,true,1,
4001638098946,false,"וולדה סבון קלנדולה, 100 גרם",סמואלוב,,סבון קלנדולה 100 גרם,גרמים,100.00,100 גרם,false,1,34.90,34.90,true,1,
4001638501989,false,וולדה סקין פוד חמאת שפתיים,סמואלוב,DE,סקין פוד חמאת שפתיים,Unknown,0.00,Unknown,false,1,39.90,39.90,true,1,
4002448017684,false,"סיליט באנג ספריי רב שימושי כתום 750 מ""ל",הדקלאים אגודת שיתופי,PL,סיליט באנג ספריי מסי,מיליליטרים,750.00,"100 מ""ל",false,1,14.50,1.93,true,1,
4002590000633,false,סוכריות קלפני פירות 150 גרם,ליימן מותגים,DE,סוכריות קלפני פירות,גרמים,150.00,100 גרם,false,1,13.70,9.13,true,1,
4006387085407,false,שלישיית פילטר מקסטרא סודהסטרים,בריטה Brita,,פילטר מקסטרה+ שלישיי,Unknown,0.00,Unknown,false,1,139.00,139.00,true,1,
4006387097370,false,קנקן סטייל+פילטר מקסטרא סודהסטרים,בריטה,DE,קנקן בריטה סטייל,Unknown,0.00,Unknown,false,1,169.00,169.00,true,1,
4007519050713,false,שקיות אשפה עם שרוך חזקות במיוחד 35 ליטר,פאלי Pely,DE,פלי שקיות אשפה 35 לי,Unknown,0.00,Unknown,false,1,13.50,13.50,true,1,
4007519050720,false,שקיות אשפה עם שרוך חזקות במיוחד 60 ליטר,פאלי Pely,DE,שקיות אשפה פלי עם שר,Unknown,0.00,Unknown,false,1,13.50,13.50,true,1,
4007745058804,false,מיונז אורגני נטורפוד,אף.סי תבליני בגליל ב,DE,מיונז אורגני 350 גרם,גרמים,350.00,100 גרם,false,1,24.90,7.11,true,1,
4007745058811,false,חרדל צרפתי חלק אורגני 200 גרם,נטורפוד,DE,חרדל צרפתי חלק אורגנ,גרמים,200.00,100 גרם,false,1,15.50,7.75,true,1,
4008287051032,false,בירה קרומבאכר פילס 0.50 ליטר פחית,מנדלז סי.אר. פרודקשן,DE,בירה קרומבאכר פילס,מיליליטרים,500.00,"100 מ""ל",false,1,10.50,2.10,true,1,
4008287905786,false,בירה קרומבאכר חיטה 5.3% פחית 500 מל,מנדלז סי.אר. פרודקשן,DE,בירה קרומבאכר חיטה,מיליליטרים,500.00,"100 מ""ל",false,1,10.50,2.10,true,1,
4008400101521,false,פררו-מון שרי פרליני דובדבן ליקר 105 גר,,,פררו-מון שרי פרליני,מיליליטרים,262.00,"100 מ""ל",false,1,24.90,9.50,true,1,
4008400102528,false,פררו-מון שרי פרליני דובדבן ליקר 157 גר,פררו,DE,פררו-מון שרי פרליני,גרמים,157.00,100 גרם,false,1,39.90,25.41,true,1,
4008400290423,false,עוגת ספוג במילוי חלבי מצופה שוקולד מריר ק'נדר פינגווי 120 ג',פררו טורקיה צ'יקולטה,TR,קינדר פינגווי עוגת,גרמים,120.00,100 גרם,false,1,15.20,12.67,true,1,
4008400511825,false,שוקולד קינדר בצורת סנטה קלאוס 110 גרם,פררו,IT,שוקולד קינדר בצורת ס,גרמים,110.00,100 גרם,false,1,22.90,20.82,true,1,
4009211007378,false,ראקסים אבקת קקאו פליפ-טופ 20% שומן 125 ג,,DE,ראקסים אבקת קקאו פלי,גרמים,125.00,100 גרם,false,1,11.90,9.52,true,1,
4009300522966,false,פומפדור תה ירוק נענע 20 שקיקים,"איטיליאן פוד, אס.פי.",DE,פומפדור תה ירוק נענע,Unknown,0.00,Unknown,false,1,22.90,22.90,true,1,
4009300524588,false,תה פומפדור חליטת צמחים פירות יער 20 יח',פומפדור Pompadour,DE,תה חליטת פומפדור פיר,Unknown,0.00,Unknown,false,1,18.80,18.80,true,1,
4009300524625,false,תה פומפדור צאי מסאלה 20 שקיקים,פומפדור Pompadour,DE,תה צאי מסאלה 20 יח,Unknown,0.00,Unknown,false,1,16.70,16.70,true,1,
4009300525011,false,פומפידור תה ירוק עם תפוז וג'ינגר 25 שקיקים,"איטיליאן פוד, אס.פי.",DE,תה פומפדור ירוק עם ת,Unknown,0.00,Unknown,false,1,22.90,22.90,true,1,
4009300525684,false,תה חליטת פומפדור לימון וגינגיר 20 יח,פומפדור Pompadour,DE,תה חליטת פומפדור לימ,Unknown,0.00,Unknown,false,1,18.80,18.80,true,1,
4009300526438,false,פומפדור תה ירוק קלאסי 30 גרם,"איטיליאן פוד, אס.פי.",DE,פומפדור תה ירוק קלאס,Unknown,0.00,Unknown,false,1,22.90,22.90,true,1,
4009300530121,false,חליטה קרה בטעמי אפרסק ופסיפלורה פומפדור 45 ג',פומפדור,DE,פומפדור חליטה קרה אפ,גרמים,45.00,100 גרם,false,1,15.90,35.33,true,1,
4009309022399,false,כרוב כבוש אורגני 680 גר,נטורפוד,DE,כרוב כבוש אורגני 680,גרמים,680.00,100 גרם,false,1,18.30,2.69,true,1,
4009309114346,false,"מלפפונים ללת""ס אורגניים בחומץ 670 גר",נטורפוד,DE,"מלפפונים ללת""ס אורגנ",גרמים,670.00,100 גרם,false,1,23.90,3.57,true,1,
4009309114407,false,מלפפונים אורגניים בחומץ 670 גר,נטורפוד,DE,מלפפונים אורגניים,גרמים,670.00,100 גרם,false,1,23.90,3.57,true,1,
4009309456453,false,שימורי סלק אדום אורגני נטורפוד 670 גר,נטורפוד,DE,שימורי סלק אורגני,גרמים,670.00,100 גרם,false,1,17.50,2.61,true,1,
4009309740422,false,רסק תפוחים אורגני – נטורפוד 700 גרם,נטורפוד,DE,רסק תפוחים אורגני –,גרמים,700.00,100 גרם,false,1,17.50,2.50,true,1,
4009900402965,false,אורביט וויט בטעם פירות בקבוקון 46מלבניות,ריגלי פולין,PL,מסטיק אורביט WHITE ב,Unknown,0.00,Unknown,false,1,10.00,10.00,true,1,
4009900403023,false,אורביט וויט בטעם מנטה בקבוקון 46 מלבניות,"ב.א מזון בע""מ",PL,מסטיק אורביט WHITE ב,Unknown,0.00,Unknown,false,1,10.00,10.00,true,1,
4009900420129,false,מסטיק אורביט פרופשנל פפרמינט בקבוקון 64 גר',מרס נדרלנד,PL,מסטיק אורביט פרופשיו,Unknown,0.00,Unknown,false,1,10.00,10.00,true,1,
4009900426121,false,מסטיק אורביט איירוויז בקבוקון אוכמניות 64ג',איירוויבס Airwaves,PL,מסטיק איירוויבז אוכמ,גרמים,64.00,100 גרם,false,1,10.90,17.03,true,1,
4009900479998,false,אורביט וויט אוכמניות בקבוקון 46 מלבניות,ריגלי פולין,PL,"מסטיק אורביט לל""ס או",Unknown,0.00,Unknown,false,1,10.00,10.00,true,1,
4009900482417,false,מסטיק אורביט פירות מנטה בקבוקון באבל מינט 45יח,ריגלי פולין,PL,מסטיק אורביט באבל מי,Unknown,0.00,Unknown,false,1,10.00,10.00,true,1,
4009900531122,false,"מסטיק בטעם מנטה ספירמינט, 64 ג' פרופשיונל אורפיט",מרס נדרלנד,PL,מסטיק אורביט פרופשיו,Unknown,0.00,Unknown,false,1,10.00,10.00,true,1,
4009900535519,false,מסטיק אורביט רפרשרס ספירמינט ללא סוכר 15.6גר',אורביט,PL,אורביט רפרשרס ספירמי,גרמים,16.00,100 גרם,false,1,3.90,24.38,true,1,
4009900535540,false,מסטיק אורביט רפרשרס פפרמינט ללא סוכר 15.6גר',אורביט,PL,אורביט רפרשרס פפרמינ,גרמים,16.00,100 גרם,false,1,3.90,24.38,true,1,
4009900535823,false,מסטיק אורביט רפרשרס באבלמינט ללא סוכר 15.6גר',אורביט,PL,אורביט רפרשרס באבלמי,גרמים,16.00,100 גרם,false,1,3.90,24.38,true,1,
4010160000280,false,א.ב טננבלוט טננבלוט סוכריות 75 גר,הובנר - טננבלוט חורף,,א.ב טננבלוט טננבלוט,Unknown,0.00,Unknown,false,1,17.90,17.90,true,1,
4010160990536,false,א.ב - סיליצאה שלישייה,,,א.ב - סיליצאה שליש,Unknown,0.00,Unknown,false,1,199.90,199.90,true,1,
4010492052612,false,אפולו סטיק רך לכלב עם בקר 55 גר,,,אפולו סטיק רך לכלב ע,גרמים,55.00,100 גרם,false,1,9.90,18.00,true,1,
4011800290030,false,קורני חטיף חלבון שוקולד 50 גרם,קורני,DE,חטיף חלבון קורני שוק,גרמים,50.00,100 גרם,false,1,8.50,17.00,true,1,
4011800528416,false,קורני חטיף דגנים עם בוטנים מתוק-מלוח*6,קורני Corny,DE,קורני בייס סויט & סו,גרמים,150.00,100 גרם,false,1,11.90,7.93,true,1,
4011800567613,false,קורני סנדוויץ שחור לבן 4 יחידות,מיוצר עי קונדיטוריית,DE,קורני מילק דארק וואי,גרמים,120.00,100 גרם,false,1,13.50,11.25,true,1,
4011800568610,false,חטיף קורני מילק Corny milk קלאסי,שוורטאוור וורקה,DE,קורני מילק קלאסיק 4,גרמים,120.00,100 גרם,false,1,13.50,11.25,true,1,
4011800617615,false,1X24X50G קורני ביג שוקולד,שוורטאוור וורקה,DE,קורני ביג שוקו 50 גר,גרמים,50.00,100 גרם,false,1,4.90,9.80,true,1,
4011800617714,false,קורני ביג שוקו בננה 50 גר,מיוצר עי קונדיטוריית,DE,קורני ביג שוקו בננה,גרמים,50.00,100 גרם,false,1,4.90,9.80,true,1,
4011800617813,false,קורני ביג בראוני 50 גר,שוורטאוור וורקה,DE,קורני ביג בראוני 50,גרמים,50.00,100 גרם,false,1,4.90,9.80,true,1,
4011800618315,false,קורני ביג דארק & וואיט 40 גר,,DE,קורני ביג דארק & ווא,גרמים,50.00,100 גרם,false,1,4.90,9.80,true,1,
4012200151280,false,"KUHNE חומץ בן יין לבן 100 מ""ל",,DE,KUHNE חומץ בן יין לב,מיליליטרים,100.00,"100 מ""ל",false,1,7.90,7.90,true,1,
4012824400108,false,יוגי תה אורגני הימלאיה 34 גר,,,יוגי תה אורגני הימלא,Unknown,0.00,Unknown,false,1,27.90,27.90,true,1,
4012824400153,false,יוגי תה קקאו אורגני 34 גר,,,יוגי תה קקאו אורגני,Unknown,0.00,Unknown,false,1,27.90,27.90,true,1,
4012824400252,false,יוגי תה רויבוס אורגני 30.6 גר,,,יוגי תה רויבוס אורגנ,Unknown,0.00,Unknown,false,1,27.90,27.90,true,1,
4012824401297,false,תה אורגני ליקריץ וקינמון 37.40 גר,,,תה אורגני ליקריץ וקי,Unknown,0.00,Unknown,false,1,27.90,27.90,true,1,
4012824405387,false,יוגי תה אורגני מאקה 35.70 גרם,,,יוגי תה אורגני מאקה,גרמים,36.00,100 גרם,false,1,27.90,77.50,true,1,
4013044100052,false,ליקרס מייצב לקציפות אורגני 32 גרם,תות תעשיות מזון (201,DE,ליקרס מייצב לקציפות,קילוגרמים,0.00,"ק""ג",false,1,7.50,7.50,true,1,
4014400400007,false,טופיפי 125 גרם,,,טופיפי 125 גרם,גרמים,125.00,100 גרם,false,1,15.00,12.00,true,1,
4014400901191,false,בונבונירה מרסי קלאסי 250 גרם חלב נוכרי,ליימן מותגים,DE,בונבוניירה מרסי 250,גרמים,250.00,100 גרם,false,1,27.30,10.92,true,1,
4014400907902,false,סוכריות חמאה ללא סוכר בטעם קרמל בקופסא,תות ממתקי איכות,DE,סוכריות וורטר בוקס ל,Unknown,0.00,Unknown,false,1,8.00,8.00,true,1,
4014400914696,false,וורטרס אורגינל סוכריות ללא סוכר 80 גרם,ליימן מותגים,DE,סוכריות חמאה וורטר א,Unknown,0.00,Unknown,false,1,8.00,8.00,true,1,
4014400914924,false,סוכריות וורטר אורגינל ללא סוכר קפה 80 ג',קריניציה ויטמינה אס,DE,סוכריות וורטר ללא ס,Unknown,0.00,Unknown,false,1,8.00,8.00,true,1,
4014400925319,false,וורטרס אורגינל פופקורן קרמל 140 גרם,וורטרס Werther's,DE,וורטר פופקורן קרמל 1,גרמים,140.00,100 גרם,false,1,16.70,11.93,true,1,
4014522180108,false,בודטה-סוכריות אורגני צמחים בטעם ג'ינגר 75ג,,DE,בודטה סוכריות אורגני,גרמים,75.00,100 גרם,false,1,10.90,14.53,true,1,
4015400690313,false,טמפונים פרל רגולר טמפקס קומפאק 18 יח,פרוקטר אנד גמבל,HU,טמפונים פרל רגולר טמ,Unknown,0.00,Unknown,false,1,28.50,28.50,true,1,
4015400690498,false,טמפונים פרל סופר פלוס טמפקס קומפאק 18 יח,פרוקטר אנד גמבל,HU,טמפונים פרל סופר פלו,Unknown,0.00,Unknown,false,1,28.50,28.50,true,1,
4015400755487,false,תחבושות היגייניות אולוויז אולטרה לונג - 24 יח',פרוקטר אנד גמבל,DE,תחבושות אולוויז וליו,Unknown,0.00,Unknown,false,1,19.90,19.90,true,1,
4015600762742,false,שמפו יומיומי למניעת קשקשים הנוסחה הקלאסית,פרוקטר אנד גמבל,RO,הד&שולדרס שמפו 500 מ,מיליליטרים,500.00,"100 מ""ל",false,1,20.90,4.18,true,1,
4017100160110,false,בלזן גלילי וופל במילוי קרם בטעם שוקולד 75 גר',בלזן פולסקה,DE,גלילי וופל במילוי קר,גרמים,75.00,100 גרם,false,1,9.90,13.20,true,1,
4017100216800,false,וופל מיניס קלאסי בשוקולד 100 גר בלזן,ליימן שליסל,DE,וופל מיניס קלאסי בשו,גרמים,100.00,100 גרם,false,1,9.90,9.90,true,1,
4017100366239,false,עוגיות ביסקוויט סנדוויץ ממולא קרם בטעם שוקולד,ליימן שליסל,PL,ביסקוויט בלזן לייבני,גרמים,190.00,100 גרם,false,1,15.60,8.21,true,1,
4018344564665,false,פילה הרינג ברוטב באלקני לארסן 200 גר,,LV,פילה הרינג ברוטב באל,גרמים,200.00,100 גרם,false,1,10.90,5.45,true,1,
4018344564689,false,פילה הרינג ברוטב איטלקי לארסן 200 גר,ס.י.א קרבלה,LV,פילה הרינג ברוטב איט,גרמים,200.00,100 גרם,false,1,10.90,5.45,true,1,
4018722100133,false,אטריות כוסמין וביצים אורגניות 250 גרם,אלב גולד,DE,אטריות כוסמין וביצים,גרמים,250.00,100 גרם,false,1,14.90,5.96,true,1,
4018722100188,false,אטריות רחבות כוסמין וביצים אורגניות,אלב גולד,DE,אטריות רחבות כוסמין,גרמים,250.00,100 גרם,false,1,14.90,5.96,true,1,
4018722102632,false,ספגטי כוסמין מלא אורגני 500 גרם,אלב גולד,DE,ספגטי כוסמין מלא אור,גרמים,500.00,100 גרם,false,1,16.90,3.38,true,1,
4018722102656,false,ספגטי כוסמין אורגני 500 גרם,אלב גולד,DE,ספגטי כוסמין אורגני,גרמים,500.00,100 גרם,false,1,16.90,3.38,true,1,
4020400890021,false,ויויל סוכריות ללא סוכר מנטה פעיל חריף,ויויל VIVIL,DE,ויויל סוכריות ללא סו,Unknown,0.00,Unknown,false,1,15.90,15.90,true,1,
4022025000137,false,יין בלו נאן גוורצטרמינר 750 מל,,,יין בלו נאן גוורצטרמ,Unknown,0.00,Unknown,false,1,46.90,46.90,true,1,
4023800012109,false,מרציפן שלוקוורד מצופ,,DE,מרציפן מצופה 100 גר,גרמים,100.00,100 גרם,false,1,7.90,7.90,true,1,
4023800122105,false,מרציפן לא מצופה 82 גרם,,DE,מרציפן לא מצופה 82 ג,גרמים,82.00,100 גרם,false,1,7.90,9.63,true,1,
4023800201909,false,שוקולד מריר מרציפן שלוקוורדר 100 גר,,,שוקולד מריר מרציפן ש,גרמים,100.00,100 גרם,false,1,8.90,8.90,true,1,
4023800231647,false,בונבוניירה מוצארט 200 גרם Mozartkugeln,,DE,בונבוניירה מוצארט 20,גרמים,200.00,100 גרם,false,1,19.90,9.95,true,1,
4023800601907,false,שוקולד חלב קרם קפה שלוקוורדר 100 גר,,,שוקולד חלב קרם קפה ש,גרמים,100.00,100 גרם,false,1,8.90,8.90,true,1,
4025700001962,false,מילקה טבלה 100 גר' לבן 1/22 (4248023),פי אר ג'יי אס סי מונ,DE,שוקולד לבן מילקה 100,גרמים,100.00,100 גרם,false,1,6.90,6.90,true,1,
4044889000733,false,ויואני שוקולד אורגני מריר עם צילי 100 גר,,,ויואני שוקולד אורגני,גרמים,100.00,100 גרם,false,1,21.90,21.90,true,1,
4044889001006,false,ויואני שוקולד אורגני מריר 71% 100 גרם,,,ויואני שוקולד אורגני,גרמים,100.00,100 גרם,false,1,19.90,19.90,true,1,
4044889002225,false,ויואני-שוקולד לבישול 70% אורגני 200 גר,,DE,ויואני-שוקולד לבישול,גרמים,200.00,100 גרם,false,1,31.90,15.95,true,1,
4044889002249,false,ויואני שוקולד אורגני מריר 92% 80 גרם,,,ויואני שוקולד אורגני,גרמים,100.00,100 גרם,false,1,19.90,19.90,true,1,
4044889002713,false,ויואני שוקולד אורגני מריר 75% קוקוס 80 ג,,,ויואני שוקולד אורגני,גרמים,80.00,100 גרם,false,1,19.90,24.88,true,1,
4044889004342,false,ויואני-שוקולד אורגני מריר 75% 80 גר,,,ויואני-שוקולד אורגני,גרמים,80.00,100 גרם,false,1,21.90,27.38,true,1,
4056489379508,false,קונטיננטל-ביסקויט סנדוויץ עם קרם חלב 250,קונטיננטל בייקריז,NL,קונטיננטל-ביסקויט סנ,גרמים,250.00,100 גרם,false,1,5.90,2.36,true,1,
4056489379515,false,קונטיננטל-ביסקויט סנדוויץ עם קרם שוק 250,קונטיננטל בייקריז,NL,קונטיננטל-ביסקויט סנ,גרמים,250.00,100 גרם,false,1,5.90,2.36,true,1,
4061445096689,false,קפה דוידוף מגורען 100 גר ESPRESSO 57,צ'יבו מנופקצ'ורינג,CO,קפה דווידוף אספרסו 5,גרמים,100.00,100 גרם,false,1,22.90,22.90,true,1,
4061445096702,false,קפה דוידוף מגורען 100 גר FINE AROMA,צ'יבו מנופקצ'ורינג,CO,קפה דווידוף פיין ארו,גרמים,100.00,100 גרם,false,1,22.90,22.90,true,1,
4062432001709,false,זנטיס מרציפן במילוי קרם שקדים 40 גרם,,DE,זנטיס מרציפן במילוי,Unknown,40.00,Unknown,false,1,6.90,0.17,true,1,
4062432001907,false,זנטיס מרציפן במילוי קרם קוקוס 40 גרם,,DE,זנטיס מרציפן במילוי,Unknown,40.00,Unknown,false,1,6.90,0.17,true,1,
4066600999614,false,"בירה פאולנר חיטה 500 מ""ל בקובק",מבשלת פאולנר,DE,בירה פאולנר חיטה 500,מיליליטרים,500.00,"100 מ""ל",false,1,11.90,2.38,true,1,
4086900100640,false,שמן תפוז 10 מל,,,שמן תפוז 10 מל,Unknown,0.00,Unknown,false,1,27.90,27.90,true,1,
4086900100756,false,שמן רוזמרין 10 מל,,,שמן רוזמרין 10 מל,Unknown,0.00,Unknown,false,1,37.90,37.90,true,1,
4086900105683,false,שמן פטצולי 5 מל,,,שמן פטצולי 5 מל,Unknown,0.00,Unknown,false,1,54.90,54.90,true,1,
4086900200098,false,שמן שקדים 100 מל,,,שמן שקדים 100 מל,Unknown,0.00,Unknown,false,1,25.90,25.90,true,1,
4105120623941,false,"בירה ויינשטפן בק' ח""פ 500 מ""ל",קרלסברג יבוא יצוא,DE,בירה ויינשטפן 500 מ,מיליליטרים,330.00,"100 מ""ל",false,1,11.90,3.61,true,1,
4250231136337,false,הלורן-שוקולד במילוי קרם מנטה 100 גר,,,הלורן-שוקולד במילוי,גרמים,100.00,100 גרם,false,1,3.90,3.90,true,1,
4250231139956,false,הלורן-רויאל טינס דפדפי פטל 200 גרם,,,הלורן-רויאל טינס דפד,גרמים,200.00,100 גרם,false,1,15.90,7.95,true,1,
4250231139970,false,הלורן-רויאל טינס דפדפי מנגו 200 גרם,,,הלורן-רויאל טינס דפד,גרמים,200.00,100 גרם,false,1,15.90,7.95,true,1,
4250231139994,false,הלורן-רויאל טינס דפדפי דומדמניות 200 גרם,,,הלורן-רויאל טינס דפד,גרמים,200.00,100 גרם,false,1,15.90,7.95,true,1,
4260334140049,false,שוקולד גנדויה טבעוני עם אגוזי לוז 65 גר,,,שוקולד גנדויה טבעוני,גרמים,65.00,100 גרם,false,1,12.90,19.85,true,1,
4260334140605,false,שוקולד גנדויה טבעוני עם אגוזי לוז 150 גר,האי נאם סי או אל.טי.,IT,שוקולד גנדויה טבעוני,גרמים,150.00,100 גרם,false,1,20.80,13.87,true,1,
4260651480033,false,אטריות חומוס פטוציני אורגני 250 גרם,,,אטריות חומוס פטוציני,גרמים,250.00,100 גרם,false,1,21.90,8.76,true,1,
4560198160055,false,טקואן צנון יפני קינג,,,טקוא צנון יפני 500 ג,גרמים,500.00,100 גרם,false,1,34.50,6.90,true,1,
4605561011975,false,חתיכות פילה הרינג בשמן 150 גר RS,,,חתיכות פילה הרינג בש,גרמים,200.00,100 גרם,false,1,8.30,4.15,true,1,
4605561013009,false,פילה הרינג בשמן 400 גר RS,,,פילה הרינג בשמן 400,גרמים,400.00,100 גרם,false,1,17.70,4.43,true,1,
4631150667674,false,שוקולטיה חטיף דגנים וקשיו ש.לבן 200 גר,,RU,שוקולטיה חטיף דגנים,Unknown,200.00,Unknown,false,1,29.90,0.15,true,1,
4710068001739,false,"מאסטר קפה קולומביאני 240 מ""ל",יוני פרזינדנט אנטרפר,TW,מאסטר קפה קולוביאני,מיליליטרים,250.00,"100 מ""ל",false,1,7.90,3.16,true,1,
4710964104916,false,שמן שומשום טהור מזרח,פלייבור פול פודס טיי,CN,שמן שומשום טהור 370,מיליליטרים,370.00,"100 מ""ל",false,1,20.90,5.65,true,1,
4710964170799,false,שומשום שחור קלוי 91 גרם,פלייבור פול פודס טיי,TH,שומשום שחור קלוי 91,גרמים,91.00,100 גרם,false,1,16.90,18.57,true,1,
4751003924003,false,סלט טונה עם ירקות איטלקי 185 ג' לארסן,,,סלט טונה וירקות איטל,גרמים,185.00,100 גרם,false,1,12.90,6.97,true,1,
4751003924010,false,סלט טונה עם ירקות מקסיקני 185 ג' לארסן,,,סלט טונה וירקות מקסי,גרמים,185.00,100 גרם,false,1,12.90,6.97,true,1,
4751007739917,false,נתחי דג סלמון במיץ טבעי תומר 185 גרם,,,נתחי דג סלמון במיץ ט,גרמים,185.00,100 גרם,false,1,9.90,5.35,true,1,
4751022361797,false,ריבועי שיפון ושיבולת שועל עם קינמון אורגניים,!Milzu,CZ,דגנים אורג. שיפון ש.,גרמים,250.00,100 גרם,false,1,21.90,8.76,true,1,
4770237051804,false,חטיף גבינה וניל 45 גר,,,חטיף גבינה וניל 45 ג,גרמים,4500.00,100 גרם,false,1,4.50,0.10,true,1,
4770237051811,false,חטיף גבינה עם ריבת חלב 45 גר,,,חטיף גבינה עם ריבת ח,גרמים,4500.00,100 גרם,false,1,4.50,0.10,true,1,
4770237051828,false,חטיף גבינה תות שדה 45 גר,,,חטיף גבינה תות שדה 4,גרמים,4500.00,100 גרם,false,1,4.50,0.10,true,1,
4770237051842,false,חטיף גבינה בטעם שוקולד 45 גר,,,חטיף גבינה בטעם שוקו,גרמים,4500.00,100 גרם,false,1,4.50,0.10,true,1,
4770265212024,false,גבינה מותכת 22% דרבו 135 גר,,LT,גבינה מותכת 22% דרבו,גרמים,135.00,100 גרם,false,1,15.50,11.48,true,1,
4770265219535,false,גבינה אנגולי מעושנת 150 גר גורמן,,,גבינה אנגולי מעושנת,גרמים,150.00,100 גרם,false,1,11.90,7.93,true,1,
4770337046748,false,גבינה פרמזן PARNIDZIO 200 גר,,IL,גבינה פרמזן PARNIDZI,גרמים,200.00,100 גרם,false,1,24.90,12.45,true,1,
4770337047264,false,גבינה 200 גר AGED GOUDA,,IL,גבינה 200 גר AGED GO,גרמים,200.00,100 גרם,false,1,24.90,12.45,true,1,
4770337047431,false,תחליף גבינה 150 גר SVALIA,,,גבינה אנלוגי 150 גר,גרמים,150.00,100 גרם,false,1,12.50,8.33,true,1,
4770337047455,false,תחליף גבינה רוסיסקי 150 גר,,,גבינה אנלוגי רוסיסקי,גרמים,150.00,100 גרם,false,1,12.50,8.33,true,1,
4770337047530,false,תחליף גבינה סבליה 240 גר,,,SVALIA גבינה אנלוגי,גרמים,240.00,100 גרם,false,1,17.90,7.46,true,1,
4770337048377,false,פרוסות גבינה 27% שומן 150 גרם Vilnius,,,פרוסות גבינה 27% שומ,גרמים,150.00,100 גרם,false,1,19.10,12.73,true,1,
4779039730283,false,מרק פטריות מוקרם אורגני 400 גר,,,מרק פטריות מוקרם אור,קילוגרמים,0.40,"ק""ג",false,1,19.90,49.75,true,1,
4779039730306,false,מרק גזר עם קוקוס אורגני 400 גר,,LT,מרק גזר עם קוקוס אור,קילוגרמים,0.40,"ק""ג",false,1,19.90,49.75,true,1,
4779039731143,false,מרק עדשים אורגני 400 גר,גרביאי,LT,מרק עדשים אורגני 400,גרמים,400.00,100 גרם,false,1,19.90,4.98,true,1,
4792032060454,false,"גרין קוקו - מי קוקוס אורגניים 330 מ""ל",סילברמיל,,גרין קוקו - מי קוקוס,מיליליטרים,330.00,"100 מ""ל",false,1,9.40,2.85,true,1,
4792055019804,false,תה שחור טרסון פסיפלורה 20 שקי*2 גר,,LK,תה שחור טרסון פסיפלו,גרמים,40.00,100 גרם,false,1,7.90,19.75,true,1,
4792059022053,false,קרם קוקוס אורגני 400 מ`ל,,,קרם קוקוס אורגני 400,Unknown,0.00,Unknown,false,1,11.90,11.90,true,1,
4793000637005,false,מקלות קינמון ציילון אורגני 50 גרם,אינטרנשיונל קומודטי,DE,מקלות קינמון ציילון,גרמים,50.00,100 גרם,false,1,16.90,33.80,true,1,
4793000637012,false,קינמון ציילון אורגני טחון 70 גרם,אינטרנשיונל קומודטי,DE,קינמון ציילון אורגני,גרמים,70.00,100 גרם,false,1,16.90,24.14,true,1,
4796011492298,false,"אמינו קוקוס אורגני אמזוניקו 250 מ""ל",,LK,אמינו קוקוס אורגני א,מיליליטרים,250.00,"100 מ""ל",false,1,19.90,7.96,true,1,
4796019790013,false,"שמן קוקוס אורגני 300 מ""ל",כפרי בריא,,שמן קוקוס אורגני 300,מיליליטרים,300.00,"100 מ""ל",false,1,23.90,7.97,true,1,
4796019790020,false,"שמן קוקוס אורגני 500 מ""ל גרין קוקו",גרין קוקו,LK,שמן קוקוס אורגני 500,מיליליטרים,500.00,"100 מ""ל",false,1,34.50,6.90,true,1,
4796019790037,false,שמן קוקוס אורגני 1 ליטר גרין קוקו,כפרי בריא,,שמן קוקוס אורגני 1 ל,מיליליטרים,1000.00,"100 מ""ל",false,1,57.50,5.75,true,1,
4810168000011,false,פילה דג הרינג מלוח מצונן 250ג',סנטה ברמור,BY,פילה הרינג מלוח 250,גרמים,250.00,100 גרם,false,1,15.20,6.08,true,1,
4810168000103,false,פילה הרינג מטיאס 250גר,,BY,פילה הרינג מלוח מעוש,גרמים,250.00,100 גרם,false,1,15.20,6.08,true,1,
4810168001056,false,פילה דג הרינג מלוח מצונן בצנצנת חתיכות 260ג',סנטה ברמור,BY,חתיכות פילה הרינג,גרמים,260.00,100 גרם,false,1,19.40,7.46,true,1,
4810168004156,false,ביצי דג טרוטונית אטלנטי סלמון מעושן 180ג,,,ביצי דג טרוטונית אטל,גרמים,180.00,100 גרם,false,1,17.70,9.83,true,1,
4810168018795,false,חתיכות פילה דג הרינג מלוח מצונן 200ג',סנטה ברמור,BY,חתיכות פילה הרינג מל,גרמים,200.00,100 גרם,false,1,15.20,7.60,true,1,
4810168020309,false,אצות ים מוחמצות 150 גר,,,אצות ים מוחמצות 150,גרמים,150.00,100 גרם,false,1,7.30,4.87,true,1,
4810168020330,false,אצות ים מוחמצות פטריות 150 גר,,,אצות ים מוחמצות,גרמים,150.00,100 גרם,false,1,7.30,4.87,true,1,
4810168024512,false,פילה דג הרינג מלוח מצונן עם תבלין בצנצנת חתיכות 260ג,סנטה ברמור,BY,חתיכות פילה הרינג,גרמים,260.00,100 גרם,false,1,19.40,7.46,true,1,
4810168035808,false,ממרח עם קריל ברוטב שמנת ושום 150 גר,,BY,ממרח עם קריל ברוטב ש,גרמים,150.00,100 גרם,false,1,15.20,10.13,true,1,
4810168039004,false,גלידה פלומביר משפחתי 400 גר,,,גלידה פלומביר משפחתי,גרמים,400.00,100 גרם,false,1,25.90,6.48,true,1,
4810168047351,false,בצק עלים מרודד מוקפא 450 גרם,,BY,בצק עלים מרודד מוקפא,גרמים,450.00,100 גרם,false,1,8.90,1.98,true,1,
4810168055028,false,כיסונים במילוי דובדבנים מוקפאים 450 גר (,,BY,כיסונים במילוי,גרמים,450.00,100 גרם,false,1,20.90,4.64,true,1,
4810168055035,false,כיסונים במילוי טבורוג וצימוקים מוקפאים,,BY,כיסונים במילוי,גרמים,450.00,100 גרם,false,1,16.70,3.71,true,1,
4810168055059,false,כיסונים במילוי גבינת ריקוטה ותרד מוקפא,,BY,כיסונים במילוי גבינת,גרמים,450.00,100 גרם,false,1,20.90,4.64,true,1,
4810168057435,false,חתיכות פילה דג הרינג מלוח בשמן מצונן 400 גר,,RU,חתיכות פילה הרינג מל,גרמים,500.00,100 גרם,false,1,30.50,6.10,true,1,
4810168057510,false,חתיכות פילה דג הרינג מתובל מלוח בשמן 400 גר,,,חתיכות פילה הרינג מת,גרמים,400.00,100 גרם,false,1,30.50,7.63,true,1,
4810168058975,false,חתיכות פילה דג הרינג סקנדינבי מלוח מצונן 260 גר,סנטה ברמור,BY,חתיכות פילה דג הרינג,גרמים,260.00,100 גרם,false,1,19.40,7.46,true,1,
4810168058982,false,חתיכות פילה דג הרינג סקנדינבי מלוח בשמן 400 גר,סנטה ברמור,RU,חתיכות פילה דג הרינג,גרמים,400.00,100 גרם,false,1,30.50,7.63,true,1,
4820077081124,false,"שמן חמניות לא מזוכך גרנה 850 מ""ל",,,שמן חמניות לא מזוכך,מיליליטרים,850.00,"100 מ""ל",false,1,12.90,1.52,true,1,
4820077081148,false,"שמן חמניות מזוכך גרנה 850 מ""ל",,,שמן חמניות מזוכך גרנ,מיליליטרים,850.00,"100 מ""ל",false,1,12.90,1.52,true,1,
4820198873288,false,תה ירוק 1.8 גר * 25 שק DALAI GREEN,,UA,תה ירוק 1.8 גר * 25,גרמים,45.00,100 גרם,false,1,10.90,24.22,true,1,
4823077602863,false,סוכריות דבורה משוגעת 200 גרם שקית,רושן,UA,"רושן סוכריות גלי ""קר",גרמים,200.00,100 גרם,false,1,6.90,3.45,true,1,
4823077613203,false,שוקולד רושן מריר + פונדוק שלם 90 גר רושן,רושן Roshen,,שוקולד רושן מריר + פ,גרמים,90.00,100 גרם,false,1,7.90,8.78,true,1,
4823077613630,false,חטיף שוקולד חלב במילוי קרם ברולה,רושן Roshen,UA,באטונציק קרם ברולה 4,גרמים,43.00,100 גרם,false,1,3.90,9.07,true,1,
4823077614675,false,ביסקוויט חלב 185 גר רושן,,,ביסקוויט חלב 185 גר,גרמים,185.00,100 גרם,false,1,3.90,2.11,true,1,
4823077614699,false,ביסקוויט וניל 185 גר רושן,,,ביסקוויט וניל 185 גר,גרמים,185.00,100 גרם,false,1,3.90,2.11,true,1,
4823077614767,false,שוקולד רושן חלב נוגט בטעם אגוזי לוז 90 ג,,,שוקולד רושן חלב נוגט,גרמים,90.00,100 גרם,false,1,4.90,5.44,true,1,
4823077615757,false,בונבוניירה סטרלה 200 גר רושן,,,בונבוניירה סטרלה 200,גרמים,200.00,100 גרם,false,1,24.90,12.45,true,1,
4823077616013,false,בונבוניירה וצרני קייב 176 גרם,,,בונבוניירה וצרני קיי,גרמים,176.00,100 גרם,false,1,25.90,14.72,true,1,
4823077617041,false,חטיף שוקולד חלב במילוי קרמל,רושן Roshen,UA,באטונציק קרמל 40 גר,גרמים,40.00,100 גרם,false,1,3.90,9.75,true,1,
4823077618161,false,וופל רול קונאפטו חלב רושן 140 גר,,,וופל רול קונאפטו חלב,גרמים,140.00,100 גרם,false,1,6.90,4.93,true,1,
4823077621154,false,באטונציק 43 גר רושן,,,באטונציק 43 גר רושן,גרמים,43.00,100 גרם,false,1,3.90,9.07,true,1,
4823077621635,false,וופל רושן בטעם חלב 72 גר,,,וופל רושן בטעם חלב 7,גרמים,72.00,100 גרם,false,1,3.90,5.42,true,1,
4823077621642,false,וופל רושן בטעם שוקולד 72 גר,,,וופל רושן בטעם שוקול,גרמים,72.00,100 גרם,false,1,3.90,5.42,true,1,
4823077621659,false,וופל רושן בטעם אגוז 72 גר,,,וופל רושן בטעם אגוז,גרמים,72.00,100 גרם,false,1,3.90,5.42,true,1,
4823077624223,false,סוכריות ג'לי בטעמי פירות Summer Mix,רושן Roshen,UA,גילי בוני פרוט 200 ג,גרמים,200.00,100 גרם,false,1,6.90,3.45,true,1,
4823077624247,false,סוכריות ג'לי מסוכרות בטעמי פירות,רושן Roshen,UA,גילי בוני פרוט 200 ג,גרמים,200.00,100 גרם,false,1,6.90,3.45,true,1,
4823077624261,false,גילי בוני פרוט 200 גר BERRY MIX,,,גילי בוני פרוט 200 ג,גרמים,200.00,100 גרם,false,1,6.90,3.45,true,1,
4823077624391,false,"רושן סוכריות טופי ""מינקי בינקי"" 185 גר",רושן,UA,"רושן סוכריות טופי ""מ",גרמים,185.00,100 גרם,false,1,6.90,3.73,true,1,
4823077625145,false,ממתקי שוקולד מריר עם דובדבן בליקר דובדבן,רושן Roshen,UA,בונבוניירה רושן דובד,גרמים,155.00,100 גרם,false,1,13.90,8.97,true,1,
4823077625589,false,וופל וואפרס חלב רושן 216 גר,,UA,וופל וואפרס חלב רושן,גרמים,216.00,100 גרם,false,1,6.90,3.19,true,1,
4823077625626,false,וופל וואפרס אגוז רושן 216 גר,,UA,וופל וואפרס אגוז רוש,גרמים,216.00,100 גרם,false,1,6.90,3.19,true,1,
4823077626203,false,שוקולד אורירי מריר 80 גר רושן,רושן Roshen,UA,שוקולד אורירי מריר 8,גרמים,80.00,100 גרם,false,1,6.90,8.63,true,1,
4823077626227,false,שוקולד אורירי חלב 80 גר רושן,רושן Roshen,UA,שוקולד אורירי חלב 80,גרמים,80.00,100 גרם,false,1,6.90,8.63,true,1,
4823077626241,false,שוקולד אורירי לבן קרמל 80 גר רושן,,UA,שוקולד אורירי לבן קר,גרמים,80.00,100 גרם,false,1,6.90,8.63,true,1,
4823077626364,false,שוקולד אורירי לבן 80 גר רושן,רושן Roshen,UA,שוקולד אורירי לבן 80,גרמים,80.00,100 גרם,false,1,6.90,8.63,true,1,
4823077629136,false,שוקולד רושן חלב 90 גר LACMI,,UA,שוקולד רושן חלב 90 ג,גרמים,90.00,100 גרם,false,1,6.90,7.67,true,1,
4823077631467,false,קרקר עם מלח ים רושן 168 גר,,,קרקר עם מלח ים רושן,גרמים,168.00,100 גרם,false,1,4.90,2.92,true,1,
4823077631474,false,קרקר קלאסי רושן 168 גר,,,קרקר קלאסי רושן 168,גרמים,168.00,100 גרם,false,1,4.90,2.92,true,1,
4823077631863,false,וופל רול קונאפטו וניל 140 גר,,UA,וופל רול קונאפטו וני,גרמים,140.00,100 גרם,false,1,6.90,4.93,true,1,
4823077632112,false,וופל בטעם קקאו חלב רושן 216 גר,,,וופל בטעם קקאו חלב ר,גרמים,216.00,100 גרם,false,1,6.90,3.19,true,1,
4823077632259,false,באטונציק קרם עם בוטנים 38 גר,רושן Roshen,UA,באטונציק קרם עם בוטנ,גרמים,38.00,100 גרם,false,1,3.90,10.26,true,1,
4823077632570,false,שוקולד רושן מריר 85 גר BRUT,,UA,שוקולד רושן מריר 85,גרמים,85.00,100 גרם,false,1,6.90,8.12,true,1,
4823077632587,false,שוקולד רושן חלב עם שקד שלם 90 גר LACMI,,,שוקולד רושן חלב עם ש,גרמים,90.00,100 גרם,false,1,7.90,8.78,true,1,
4823077633034,false,"גליליות וופל רושן ""קונאפטו"" קקאו 140 ג",,,"גליליות וופל רושן ""ק",גרמים,140.00,100 גרם,false,1,6.90,4.93,true,1,
4823077633058,false,"גליליות וופל רושן ""קונאפטו"" אגוז 140 ג",,,"גליליות וופל רושן ""ק",גרמים,140.00,100 גרם,false,1,6.90,4.93,true,1,
4823077633324,false,עוגיות רושן עם חתיכות שוקולד 150 גר,,,עוגיות שוקוציפס עם,גרמים,150.00,100 גרם,false,1,6.90,4.60,true,1,
4823077633348,false,עוגיות רושן עם חתיכות בוטנים 150 גר,,,עוגיות רושן עם חתיכו,גרמים,150.00,100 גרם,false,1,6.90,4.60,true,1,
4823077634178,false,עוגיות עם מילוי תפוח קינמון 168 גר LOVIT,,,עוגיות עם מילוי תפוח,גרמים,168.00,100 גרם,false,1,6.90,4.11,true,1,
4823077634222,false,עוגיות Lovita ממולאות ג'לי תפוז מצופות צימקאו,רושן Roshen,,עוגיות תפוז 135 גר L,גרמים,135.00,100 גרם,false,1,6.90,5.11,true,1,
4823077634246,false,עוגיות Lovita ממולאות ג'לי פטל מצופות צימקאו,רושן Roshen,,עוגיות פטל 135 גר LO,גרמים,135.00,100 גרם,false,1,6.90,5.11,true,1,
4823077634277,false,עוגיות Lovita ממולאות ג'לי תות שדה מצופות צימקאו,רושן Roshen,,עוגיות תות שדה 135 ג,גרמים,135.00,100 גרם,false,1,6.90,5.11,true,1,
4823077634369,false,שוקולד רושן חלב אוורירי 85 גר LACMI,,UA,שוקולד רושן חלב אוור,גרמים,85.00,100 גרם,false,1,6.90,8.12,true,1,
4823077634376,false,שוקולד רושן חלב אוורירי 85 גר LACMI NUT,,UA,שוקולד רושן חלב אוור,גרמים,85.00,100 גרם,false,1,6.90,8.12,true,1,
4823077634741,false,עוגיות עם מילוי תות שדה 168 גר LOVITA,,,עוגיות עם מילוי תות,גרמים,168.00,100 גרם,false,1,6.90,4.11,true,1,
4823077635809,false,וופלים דקיקים רושן קקאו 55 גר THINS,,UA,וופלים דקיקים רושן ק,גרמים,55.00,100 גרם,false,1,4.90,8.91,true,1,
4823077635816,false,וופלים דקיקים רושן אגוזי לוז 55 גר THINS,,UA,וופלים דקיקים רושן א,גרמים,55.00,100 גרם,false,1,4.90,8.91,true,1,
4823077636004,false,עוגיות Lovita ממולאות ג'לי דובדבן מצופות צימקאו,רושן Roshen,,עוגיות קקאו דובדבן 1,גרמים,135.00,100 גרם,false,1,6.90,5.11,true,1,
4823077636073,false,עוגיות תות שדה 420 גר LOVITA,,,עוגיות תות שדה 420 ג,גרמים,420.00,100 גרם,false,1,17.90,4.26,true,1,
4823077636547,false,סוכריות ממולאות פירות בים בום468ג ROSHEN,,,סוכריות ממולאות פירו,גרמים,468.00,100 גרם,false,1,11.90,2.54,true,1,
4823077636561,false,סוכריות ממולאות חלב קפה 378 גר ROSHEN,,,סוכריות ממולאות חלב,גרמים,378.00,100 גרם,false,1,11.90,3.15,true,1,
4823077636608,false,סוכריות טופי במילוי שוקולד 325 גר ROSHEN,,,סוכריות טופי במילוי,גרמים,325.00,100 גרם,false,1,11.90,3.66,true,1,
4860019001346,false,בורז'ומי מים מינרליים טבעיים 500מ'ל חדש,אי די אס בורגומי,,מים מינרלים בורגומי,מיליליטרים,500.00,"100 מ""ל",false,1,6.90,1.38,true,1,
4895060592307,false,פלורידה בקבוק חלב מנצ'סטר,,,סוכריות קידס - חטיף,Unknown,0.00,Unknown,false,1,7.80,7.80,true,1,
4903001904192,false,"רוטב סויה יאמסה פרימיום 500 מ""ל",הדקלאים אגודת שיתופי,JP,רוטב סויה יאמסה 500,מיליליטרים,500.00,"100 מ""ל",false,1,17.90,3.58,true,1,
4903001904208,false,רוטב סויה יאמסה פרימיום 1 ליטר,הדקלאים אגודת שיתופי,JP,רוטב סויה יאמסה פרימ,מיליליטרים,1000.00,"100 מ""ל",false,1,31.90,3.19,true,1,
4903001925784,false,"רוטב סויה יאמאסה פרמיום דל מלח 500 מ""ל",הדקלאים אגודת שיתופי,JP,רוטב סויה יאמאסה פרמ,מיליליטרים,500.00,"100 מ""ל",false,1,17.90,3.58,true,1,
5000108478119,false,קווקר פתיתי שיבולת שועל 500גרם,,,קוואקר 500 גרם,גרמים,500.00,100 גרם,false,1,10.00,2.00,true,1,
5000111001007,false,רוטב לסטייק ה.פ 255,היינץ,GB,HP רוטב 255 גרם,מיליליטרים,255.00,"100 מ""ל",false,1,21.90,8.59,true,1,
5000127163195,false,קלוגס ספיישל קיי 500 גר'.,קלוגס,GB,דגני ספיישל קיי 500,גרמים,500.00,100 גרם,false,1,24.90,4.98,true,1,
5000127533196,false,קלוגס וורייטי שמינייה 191 גרם,חברת קלוגס בריטניה,,קלוגס וורייטי שמיניי,גרמים,191.00,100 גרם,false,1,22.90,11.99,true,1,
5000146401568,false,וולייט דפים למניעת העברת צבע 10 דפים,ווליט Woolite,IT,וולייט קולור פרוטקשן,Unknown,0.00,Unknown,false,1,15.60,15.60,true,1,
5000159304245,false,מ&מס קריספי 36 גרם,,,מ&מס קריספי 36 גרם,גרמים,36.00,100 גרם,false,1,4.90,13.61,true,1,
5000159382694,false,מארס עשירייה 450 גרם,,NL,מארס עשירייה 450 גרם,גרמים,450.00,100 גרם,false,1,24.90,5.53,true,1,
5000159382731,false,סניקרס 10*50 גרם,,,סניקרס 10*50 גרם,גרמים,500.00,100 גרם,false,1,24.90,4.98,true,1,
5000159382786,false,טוויקס 10*50 גרם,,,טוויקס 10*50 גרם,גרמים,500.00,100 גרם,false,1,24.90,4.98,true,1,
5000159471510,false,אם אנד אם בוטנים 220 גרם,,FR,אם אנד אם בוטנים 220,גרמים,220.00,100 גרם,false,1,16.70,7.59,true,1,
5000159471794,false,אם אנד אם שוקולד 220 גרם,,BE,אם אנד אם שוקולד 220,גרמים,220.00,100 גרם,false,1,16.70,7.59,true,1,
5000159472029,false,אם אנד אם קריספי 213 גרם,,FR,אם אנד אם קריספי 213,גרמים,213.00,100 גרם,false,1,19.80,9.30,true,1,
5000159500258,false,מארז סלבריישן 186 גרם,,,מארז סלבריישן 186 גר,גרמים,186.00,100 גרם,false,1,26.90,14.46,true,1,
5000168199245,false,שוקולד חלב מעולה בתוספת קרמל מלוח פיור גודייבה 90 ג',"אולקר מקבוצת פלאדיס,",TR,שוקולד חלב מעולה בתו,גרמים,90.00,100 גרם,false,1,14.90,16.56,true,1,
5000396037531,false,מקוויטיס ביסקוויט מצופה שוקולד חלב 200 ג',מקוויטיס McVitie's,GB,מקוויטיס ביסקוויט מצ,גרמים,200.00,100 גרם,false,1,12.50,6.25,true,1,
5000396037548,false,מקוויטיס ביסקוויט מצופה שוקולד מריר 200 ג',mcvities digestive,GB,מקוויטיס ביסקוויט מצ,גרמים,200.00,100 גרם,false,1,12.50,6.25,true,1,
5000396037944,false,מקוויטיס ביסקוויט אורגינל 250 גרם,מקוויטיס McVitie's,GB,מקוויטיס ביסקוויט 25,גרמים,250.00,100 גרם,false,1,11.40,4.56,true,1,
5000488104400,false,רסקיו רמדי לילה - טיפות מפרחי באך,רסקיו,,רסקיו לילה 10 מ`ל,Unknown,0.00,Unknown,false,1,69.90,69.90,true,1,
5000488109368,false,רסקיו פלוס ויטמין בי סוכריות 10 יח,,,רסקיו פלוס ויטמין בי,Unknown,0.00,Unknown,false,1,34.90,34.90,true,1,
5010026515933,false,מורנפלייק מוזלי פירות ואגוזים 750 גרם,מורנינג פוד,GB,מורנפלייק מוזלי פירו,גרמים,750.00,100 גרם,false,1,24.90,3.32,true,1,
5010029000252,false,וויטביקס אורגינל 430 גרם,וויטביקס,GB,וויטביקס 430 גרם,גרמים,430.00,100 גרם,false,1,23.90,5.56,true,1,
5010029221084,false,דגני וויטביקס פרוטאין קראנץ' בטעם מקורי,טרופיקל דגיל תעשיות,,דגנים מלאים עם פרוטא,גרמים,450.00,100 גרם,false,1,27.90,6.20,true,1,
5010029222005,false,דגנים חיטה מלאה עם פרוטאין וויטביקס 440,וויטביקס,,דגנים חיטה מלאה עם פ,גרמים,440.00,100 גרם,false,1,27.90,6.34,true,1,
5010035068376,false,פוקס עוגיות טריפל שוק ציפס לבן ומריו 180,,,פוקס עוגיות טריפל שו,גרמים,180.00,100 גרם,false,1,11.90,6.61,true,1,
5010038454831,false,בירה בלו מון 330 מל בקבוק,"איי, בי, אינבוו",IL,בירה בלו מון 330 מל,מיליליטרים,330.00,"100 מ""ל",false,1,13.50,4.09,true,1,
5010265002911,false,רייויטה פת פריכה מקמח שיפון מלא 250 גרם,דה ג'ורדנס אנד ריווי,,רייויטה פת פריכה מקמ,גרמים,250.00,100 גרם,false,1,12.90,5.16,true,1,
5010511472666,false,הנרי - ממתקי ליקריץ 200 גרם,,,הנרי - ממתקי ליקריץ,גרמים,200.00,100 גרם,false,1,10.90,5.45,true,1,
5010511472673,false,הנרי גודס - ליקריץ אדום תות 200 גרם,,,הנרי גודס - ליקריץ א,גרמים,200.00,100 גרם,false,1,10.90,5.45,true,1,
5010677551281,false,"בקרדי בריזר לימון 275 מ""ל בקבוק",בקרדי בריזר Bacardi Breezer,BE,בקרדי בריזר לימון,מיליליטרים,275.00,"100 מ""ל",false,1,14.50,5.27,true,1,
5010677552387,false,"בקרדי בריזר אננס 275 מ""ל בקבוק",בקרדי בריזר Bacardi Breezer,BE,בקרדי בריזר אננס 275,מיליליטרים,275.00,"100 מ""ל",false,1,14.50,5.27,true,1,
5010909006121,false,היילנד עוגיות חמאה סקוטיות משולשות 125 ג,,GB,היילנד עוגיות חמאה ס,גרמים,125.00,100 גרם,false,1,6.50,5.20,true,1,
5011157630281,false,אורז לבן ארוך בסמטי טילדה Tilda,אלסקה/ טילדה,GB,אורז בסמטי טילדה 1 ק,גרמים,1000.00,100 גרם,false,1,24.90,2.49,true,1,
5011308000208,false,פטקס מחמצי מנגו חריף 283 גרם,,,פטקס מחמצי מנגו חריף,גרמים,283.00,100 גרם,false,1,17.90,6.33,true,1,
5011308002202,false,פטקס משחת קארי טנדורי 312 גרם,,,פטקס משחת קארי טנדור,גרמים,312.00,100 גרם,false,1,17.90,5.74,true,1,
5013387205789,false,פרואט-עוגיה ל.גלוטן ש.שועל וצימוקים150ג',,GB,פרואט עוגיה ל.גלוטן,גרמים,150.00,100 גרם,false,1,18.90,12.60,true,1,
5013387205826,false,פרואט-חטיף ללא גלוטן שוקולד 100 גרם,,GB,פרואט-חטיף ללא גלוטן,גרמים,100.00,100 גרם,false,1,15.90,15.90,true,1,
5013387206403,false,פרואט ביסקויט דיגסטיב ללא גלוטן 160 גרם,,GB,פרואט ביסקויט דיגסטי,גרמים,160.00,100 גרם,false,1,18.90,11.81,true,1,
5014271300429,false,סן דלפו מעדן משמש ללא סוכר 284גר,סנדלפור St.dalfour,FR,מעדן סאנט דלפור משמש,גרמים,284.00,100 גרם,false,1,19.90,7.01,true,1,
5014271310428,false,סן דלפו מעדן דבדבן שחור ללא סוכ 284 ג',המאפיה של הרמן,FR,מעדן סאנט דלפור דובד,גרמים,284.00,100 גרם,false,1,19.90,7.01,true,1,
5014271330426,false,מעדן סאנט דלפור אוכמניות כחולות 284 גר,סנדלפור St.dalfour,FR,מעדן סאנט דלפור אוכמ,גרמים,284.00,100 גרם,false,1,19.90,7.01,true,1,
5014271350424,false,מעדן סאנט דלפור ארבע פירות 284 גר,המאפיה של הרמן,FR,מעדן סאנט דלפור ארבע,גרמים,284.00,100 גרם,false,1,19.90,7.01,true,1,
5014271360423,false,סן דלפו מעדן תפוז ללא סוכר 284 ג',המאפיה של הרמן,FR,מעדן סאנט דלפור תפוז,גרמים,284.00,100 גרם,false,1,19.90,7.01,true,1,
5014271370422,false,סן דלפו מעדן אפרסק ללא סוכר 284גר,סנדלפור St.dalfour,FR,מעדן סאנט דלפור אפרס,גרמים,284.00,100 גרם,false,1,19.90,7.01,true,1,
5014271400426,false,סן דלפו מעדן תות שדה ללא סוכר 284 ג',המאפיה של הרמן,FR,מעדן סאנט דלפור תות,גרמים,284.00,100 גרם,false,1,19.90,7.01,true,1,
5014271795980,false,מעדן סאנט דלפור אוכמניות וחמוציות 284 גר,סנדלפור St.dalfour,FR,מעדן סאנט דלפור אוכמ,גרמים,284.00,100 גרם,false,1,19.90,7.01,true,1,
5014271797328,false,מעדן סאנט דלפור אגסים 284 גר,,,מעדן סאנט דלפור אגסי,גרמים,284.00,100 גרם,false,1,19.90,7.01,true,1,
5018357006731,false,תערובת דגנים 40% פירות ואגוזים 560 גרם,דורסט סיריאלס,,תערובת דגנים 40% פיר,גרמים,560.00,100 גרם,false,1,31.50,5.63,true,1,
5018357007653,false,תערובת דגנים עם פפאיה ואננס 620 גרם,דורסט סיריאלס Dorset Cereals,,תערובת דגנים עם פפאי,גרמים,620.00,100 גרם,false,1,25.90,4.18,true,1,
5018357011858,false,גרנולה ברי 500 גר דורסט סיריאלס,דורסט סיריאליס,IL,גרנולה ברי 500 גר דו,גרמים,500.00,100 גרם,false,1,32.50,6.50,true,1,
5018357011896,false,גרנולה דבש 500 גר דורסט סיריאלס,דורסט סיריאליס,IL,גרנולה דבש 500 גר דו,גרמים,500.00,100 גרם,false,1,33.90,6.78,true,1,
5018357012435,false,תערובת דגנים דורסט סיריאלס כוסמין 570 ג,דורסט סיריאלס,,תערובת דגנים דורסט ס,גרמים,570.00,100 גרם,false,1,32.50,5.70,true,1,
5018357012558,false,תערובת דגנים דורסט סיריאלס קלאסי 600 ג,דורסט סיריאלס,,תערובת דגנים דורסט ס,גרמים,600.00,100 גרם,false,1,32.50,5.42,true,1,
5026489483955,false,חטיף חומוס סיסולט איט ריל 45 גרם,קופרש סנק פודס,GB,חטיף חומוס סיסולט אי,Unknown,0.00,Unknown,false,1,8.90,8.90,true,1,
5026489484006,false,חטיף עדשים טומטו איט ריל 40 גרם,לקסמי אנד סונס סי/אי,GB,חטיף עדשים טומטו איט,Unknown,0.00,Unknown,false,1,8.90,8.90,true,1,
5029053000619,false,ממחטות קלינקס פוקט עשירייה,,,ממחטות קלינקס פוקט ע,Unknown,0.00,Unknown,false,1,12.50,12.50,true,1,
5029053002408,false,קלינקס - נייר טואולט קליניקס לבן 9 גלילים,קימברלי קלארק ישראל,IL,נ.טואלט קלינקס לבן 9,מטרים,275.00,מטר,false,1,33.90,0.12,true,1,
5029053039725,false,ממחטות נייר קלינקס נטורל פרש קופסה 72 דף,קימברלי קלארק,IL,ממחטות נייר קלינקס נ,Unknown,0.00,Unknown,false,1,11.90,11.90,true,1,
5050974505297,false,רייויטה פת פריכה שיפון מלא שומשום 250 גר,דה ג'ורדנס אנד ריווי,,רייויטה פת פריכה שיפ,גרמים,250.00,100 גרם,false,1,12.90,5.16,true,1,
5053827110679,false,"קלוגס ""פרוט לופס"" דגני בוקר 375 גרם",קלוגס,DE,"קלוגס ""פרוט לופס"" דג",גרמים,375.00,100 גרם,false,1,20.90,5.57,true,1,
5060108450003,false,מי טוניק פיבר טרי פר,פיבר טרי,,טוניק פיבר טרי 200 מ,מיליליטרים,200.00,"100 מ""ל",false,1,8.90,4.45,true,1,
5060119291466,false,חטיף חלבון שוקולד מריר ופטל סמארט 64 גרם,,DE,חטיף חלבון שוקולד מר,גרמים,64.00,100 גרם,false,1,16.90,26.41,true,1,
5060119291497,false,חטיף חלבון קרם עוגיות סמארט 64 גרם,,DE,חטיף חלבון קרם עוגיו,גרמים,64.00,100 גרם,false,1,16.90,26.41,true,1,
5060119291855,false,חטיף חלבון קרמל קראנץ סמארט 64 גרם,,DE,חטיף חלבון קרמל קראנ,גרמים,64.00,100 גרם,false,1,16.90,26.41,true,1,
5060119292050,false,חטיף חלבון בראוני שוקולד סמארט 64 גרם,,DE,חטיף חלבון בראוני שו,גרמים,64.00,100 גרם,false,1,16.90,26.41,true,1,
5060139430364,false,BEAR יו יו חטיף פירות בטעם תות חמישייה,דיפלומט,GB,יויו תות מולטי פק 1,גרמים,100.00,100 גרם,false,1,19.90,19.90,true,1,
5060139431033,false,BEAR יו יו חטיף פירות בטעם מנגו חמישייה,דיפלומט,GB,יויו מנגו מולטי פק,גרמים,100.00,100 גרם,false,1,19.90,19.90,true,1,
5060229010049,false,תה שלוש שומר,,,תה שלוש שומר,Unknown,0.00,Unknown,false,1,31.90,31.90,true,1,
5060229011473,false,תה אלדרברי ואכינצאה,,,תה אלדרברי ואכינצאה,Unknown,0.00,Unknown,false,1,31.90,31.90,true,1,
5060229011589,false,תה ארלגריי אורגני,,,תה ארלגריי אורגני,Unknown,0.00,Unknown,false,1,31.90,31.90,true,1,
5060229012005,false,תה ירוק מאצה אורגני,,,תה ירוק מאצה אורגני,Unknown,0.00,Unknown,false,1,31.90,31.90,true,1,
5060229012272,false,תה וומנקיינד,,,תה וומנקיינד,Unknown,0.00,Unknown,false,1,31.90,31.90,true,1,
5060229014436,false,תה ירוק מנקה,,,תה ירוק מנקה,Unknown,0.00,Unknown,false,1,31.90,31.90,true,1,
5060229016775,false,פטריות זהב,,,פטריות זהב,Unknown,0.00,Unknown,false,1,239.90,239.90,true,1,
5060283762199,false,ציפס עדשים מלח ים 85 גרם,,GB,ציפס עדשים מלח ים 85,גרמים,85.00,100 גרם,false,1,14.90,17.53,true,1,
5060283762205,false,ציפס עדשים סריראצה וצילי 85 גרם,,GB,ציפס עדשים סריראצה ו,גרמים,85.00,100 גרם,false,1,14.90,17.53,true,1,
5060309490006,false,דיאבלו טבלת שוקולד חלב 85 גרם,,,דיאבלו טבלת שוקולד ח,גרמים,85.00,100 גרם,false,1,10.90,12.82,true,1,
5060309490075,false,"דיאבלו עוגיות שוקולד ציפס ללת""ס 130 גר",,,דיאבלו עוגיות שוקולד,גרמים,130.00,100 גרם,false,1,17.90,13.77,true,1,
5060309490143,false,דיאבלו סוכריות ללא סוכר לימון 75 גרם,,GB,דיאבלו סוכריות ללא ס,גרמים,75.00,100 גרם,false,1,9.90,13.20,true,1,
5060309490617,false,דיאבלו טופי פירות ללא סוכר 75 גרם,,GB,דיאבלו טופי פירות לל,גרמים,75.00,100 גרם,false,1,9.90,13.20,true,1,
5060319120047,false,תה ירוק אורגני 50 גרם הייר ליבינג,הייר ליבינג,,תה ירוק אורגני 50 גר,Unknown,0.00,Unknown,false,1,17.90,17.90,true,1,
5060319120078,false,תה איבנינג אורגני 40 גרם הייר ליבינג,הייר ליבינג,,תה איבנינג אורגני 40,Unknown,0.00,Unknown,false,1,17.90,17.90,true,1,
5060319120092,false,תה אינגלש ברקפסט אורגני 45 ג הייר ליבינג,הייר ליבינג,GB,תה אינגלש ברקפסט אור,Unknown,0.00,Unknown,false,1,17.90,17.90,true,1,
5060319120108,false,תה ארל גריי אורגני 40 גר הייר ליבינג,הייר ליבינג,,תה ארל גריי אורגני 4,Unknown,0.00,Unknown,false,1,17.90,17.90,true,1,
5060319120115,false,תה ירוק אורגני 50 גרם הייר ליבינג,הייר ליבינג,,תה ירוק אורגני 50 גר,Unknown,0.00,Unknown,false,1,17.90,17.90,true,1,
5060319120122,false,תה צאי ירוק אורגני 40 גרם הייר ליבינג,הייר ליבינג,,תה צאי ירוק אורגני,גרמים,40.00,100 גרם,false,1,17.90,44.75,true,1,
5060319129286,false,תה לבן אורגני 35 גרם הייר ליבינג,הייר ליבינג,GB,תה לבן אורגני 35 גרם,Unknown,0.00,Unknown,false,1,17.90,17.90,true,1,
5060319129293,false,תה ירוק קוקוס אורגני 40 גרם הייר ליבינג,הייר ליבינג,GB,תה ירוק קוקוס אורגני,Unknown,0.00,Unknown,false,1,17.90,17.90,true,1,
5060319129422,false,חליטת דיטוקס אורגנית 25 גרם הייר ליבינג,אונלי נטורל פרודקטס,PT,חליטת דיטוקס אורגנית,Unknown,0.00,Unknown,false,1,17.90,17.90,true,1,
5060319129491,false,חליטת כורכום אורגני 30 גרם הייר ליבינג,הייר ליבינג,,חליטת כורכום אורגני,Unknown,0.00,Unknown,false,1,17.90,17.90,true,1,
5060326870850,false,"חטיף חומוס, בטטה, אפונה בטעם מלוח85 ג",,GB,"חטיף חומוס, בטטה, אפ",גרמים,85.00,100 גרם,false,1,9.90,11.65,true,1,
5060326870898,false,חטיף ציפס חלבון בטעם ברביקיו מתוק85 ג,,GB,חטיף ציפס חלבון בטעם,גרמים,85.00,100 גרם,false,1,9.90,11.65,true,1,
5060336502147,false,חרדל פיקלילי 400 גרם,,,חרדל פיקלילי 400 גרם,גרמים,400.00,100 גרם,false,1,34.50,8.63,true,1,
5060462260539,false,אצבעות וופל קרם אגוזים שוקולד 45 גרם,,ES,אצבעות וופל קרם אגוז,גרמים,45.00,100 גרם,false,1,15.90,35.33,true,1,
5060462260683,false,אצבעות וופל קרם אגוזים ש. לבן 45 גרם,,ES,אצבעות וופל קרם אגוז,גרמים,45.00,100 גרם,false,1,15.90,35.33,true,1,
5060462260713,false,אצבעות וופל קרם קרמל מלוח מ.קרמל 45 גרם,,ES,אצבעות וופל קרם קרמל,גרמים,45.00,100 גרם,false,1,15.90,35.33,true,1,
5060462261475,false,חטיף קאפס קרם בוטנים ציפוי שוקולד 34 גרם,,ES,חטיף קאפס קרם בוטנים,גרמים,34.00,100 גרם,false,1,15.90,46.76,true,1,
5060462261628,false,חטיף קאפס קרם בוטנים מ.שוקולד לבן 34 גרם,,ES,חטיף קאפס קרם בוטנים,גרמים,34.00,100 גרם,false,1,15.90,46.76,true,1,
5060462261727,false,אצבעות וופל במילוי קרם מקורמל 45 גרם,,ES,אצבעות וופל במילוי ק,גרמים,45.00,100 גרם,false,1,15.90,35.33,true,1,
5060462261758,false,כדורי וופל קראנציים במילוי קרם לוז 45 גר,,ES,כדורי וופל קראנציים,גרמים,45.00,100 גרם,false,1,15.90,35.33,true,1,
5060465390004,false,"בירה סקיני ללא גלוטן 330 מ""ל",סקיני ביר בע״מ,GB,בירה סקיני ללא גלוטן,מיליליטרים,330.00,"100 מ""ל",false,1,11.50,3.48,true,1,
5060465390059,false,"בירה סקיני לאגר 330 מ""ל פחית",סקיני בראנדס,GB,בירה סקיני לאגר 330,מיליליטרים,330.00,"100 מ""ל",false,1,9.90,3.00,true,1,
5060517886547,false,מונסטר אנרגי משקה אנרגיה דה דוקטור 500 מ,Monster energy סרביה,IL,מונסטר רוזי פח 500 מ,מיליליטרים,500.00,"100 מ""ל",false,1,6.90,1.38,true,1,
5060519140005,false,אשווגנדה 30 קפסולות,,,אשווגנדה 30 קפסולות,Unknown,0.00,Unknown,false,1,179.90,179.90,true,1,
5060519144102,false,חליטה הרגשה חדשה 20,פוקה,GB,תה הרגשה חדשה,Unknown,0.00,Unknown,false,1,31.90,31.90,true,1,
5060639128051,false,"משקה אנרגיה מונסטר אולטרה פחית 500 מ""ל",מונסטר אנרג'י לימטד,RS,מונסטר ULTRA פחית 50,מיליליטרים,500.00,"100 מ""ל",false,1,6.90,1.38,true,1,
5060751218173,false,"משקה אנרגיה מונסטר Pipline punch פח 500 מ""ל",מונסטר אנרג'י לימטד,RS,מונסטר פייפליין פאנצ,מיליליטרים,500.00,"100 מ""ל",false,1,6.50,1.30,true,1,
5060751219033,false,מונסטר אנרגי משקה אנרגיה אולטרה פרדייז,מונסטר אנרג'י לימטד,IE,מונסטר אולטרה פרדייס,מיליליטרים,500.00,"100 מ""ל",false,1,6.50,1.30,true,1,
5060805990710,false,חברים-עוגיות צ’נדלר קרמל מלוח 150 גר,,,חברים-עוגיות צ’נדלר,גרמים,150.00,100 גרם,false,1,21.90,14.60,true,1,
5060805990727,false,חברים-עוגיות פיביז עם שוקולד ציפס 150 גר,,,חברים-עוגיות פיביז ע,גרמים,150.00,100 גרם,false,1,21.90,14.60,true,1,
5060805990741,false,חברים-עוגיות מוניקה שוקולד ציפס 150 גר,,,חברים-עוגיות מוניקה,גרמים,150.00,100 גרם,false,1,21.90,14.60,true,1,
5065000523923,false,תה לימון-גראס וגינגר,,,תה לימון-גראס וגינגר,Unknown,0.00,Unknown,false,1,31.90,31.90,true,1,
5200133120582,false,גליליות וופלים במילוי שוקולד מריר 150 גר,גולדן ברייק Golden break,GR,גליליות וופלים במילו,גרמים,150.00,100 גרם,false,1,7.90,5.27,true,1,
5201004021328,false,קפריס רולס גלילי וופל במילוי קרם אגוזי לוז וקקאו,אי. ג'יי פאפאדופולוס,GR,גליליות קפריס רולס ק,גרמים,115.00,100 גרם,false,1,9.20,8.00,true,1,
5201340003088,false,טונה מעושנת וקינואה 160 ג' TRATA,,GR,טונה מעושנת וקינואה,גרמים,160.00,100 גרם,false,1,15.90,9.94,true,1,
5201671803609,false,זיתי קלמטה ללא גלעינים אורגני 150 גרם,השדה מוצרים טבעיים ו,GR,זיתי קלמטה ללא גלעינ,גרמים,150.00,100 גרם,false,1,20.90,13.93,true,1,
5201940010110,false,זיתים שחורים מזן קלמטה בפח 454 גרם,סיוארס אס.איי,GR,זיתים שחורים מזן קלמ,גרמים,454.00,100 גרם,false,1,14.90,3.28,true,1,
5202175002451,false,טורטייה- מאפה על בסי,אל סבור מקסיקן פוד,TW,"טורטיה 25 ס""מ",Unknown,0.00,Unknown,false,1,9.40,9.40,true,1,
5202302000039,false,זיתים שחורים טבעיים קלמטה 275 גרם,,,זיתים שחורים טבעיים,גרמים,275.00,100 גרם,false,1,27.50,10.00,true,1,
5202302010014,false,זיתים שחורים טבעיים טאסוס 170 גרם,,,זיתים שחורים טבעיים,גרמים,170.00,100 גרם,false,1,14.90,8.76,true,1,
5202302161181,false,"זיתים שחורים קלמטה ליליה 1 ק""ג",,,זיתים שחורים קלמטה ל,גרמים,1000.00,100 גרם,false,1,41.90,4.19,true,1,
5214000101062,false,שמן זית יווני כתית מעולה 1 ליטר Oleum,Oleum,,שמן זית יווני כתית מ,מיליליטרים,1000.00,"100 מ""ל",false,1,65.90,6.59,true,1,
5214000101369,false,"שמן זית יווני כתית מעולה 750 מ""ל Oleum",Oleum,,שמן זית יווני כתית מ,מיליליטרים,750.00,"100 מ""ל",false,1,54.90,7.32,true,1,
5391523057943,false,סימילאק גולד שלב 3 תרכובת מזון על בסיס חלב,אבוט מעבדות רפואיות,IE,סימילאק גולד שלב 3,גרמים,700.00,100 גרם,false,1,69.90,9.99,true,1,
5400265022819,false,המלט- שוקוליס דפדפי אגוז קריספי 125 גר,HAMLET NV,,המלט- שוקוליס דפדפי,גרמים,125.00,100 גרם,false,1,16.70,13.36,true,1,
5400265022826,false,המלט- שוקוליס דפדפי תפוז קריספי 125 גר,HAMLET NV,,המלט- שוקוליס דפדפי,גרמים,125.00,100 גרם,false,1,16.70,13.36,true,1,
5400265035253,false,המלט- שוקוליס דפדפי קרמל ומלח 125 גר,,,המלט- שוקוליס דפדפי,גרמים,125.00,100 גרם,false,1,18.40,14.72,true,1,
5410126006377,false,לוטוס עוגיות סנדוויץ' במילוי וניל 150 גר',לוטוס ביקרי בלגיה נ.,BE,לוטוס עוגיות במילוי,גרמים,150.00,100 גרם,false,1,10.00,6.67,true,1,
5410126106022,false,מארז עוגיות לוטוס 250 גר*2,לוטוס ביקרי נ.וי.,BE,מארז עוגיות לוטוס 25,גרמים,500.00,100 גרם,false,1,17.90,3.58,true,1,
5410228144755,false,"בירה סטלה ארטואה שישייה בקבוק 330 מ""ל",קרלסברג יבוא יצוא,IL,שישיית סטלה ארטואה,מיליליטרים,1980.00,"100 מ""ל",false,1,29.90,1.51,true,1,
5410481080012,false,קרלייר-נוגט שוקולד 100 גר,,BE,קרלייר-נוגט שוקולד 1,גרמים,100.00,100 גרם,false,1,15.60,15.60,true,1,
5410481080029,false,קרלייר-נוגט פיסטוק 100 גר,,BE,קרלייר-נוגט פיסטוק 1,גרמים,100.00,100 גרם,false,1,15.60,15.60,true,1,
5410481080036,false,קרלייר-נוגט תות שדה 100 גר,,BE,קרלייר נוגט תות שדה,גרמים,100.00,100 גרם,false,1,15.60,15.60,true,1,
5410481080050,false,קרלייר-נוגט קפה 100 גר,,BE,קרלייר-נוגט קפה 100,גרמים,100.00,100 גרם,false,1,15.60,15.60,true,1,
5410481080173,false,קרלייר-נוגט שקדים ווניל 100 גר,,BE,קרלייר-נוגט שקדים וו,גרמים,100.00,100 גרם,false,1,15.60,15.60,true,1,
5410769800356,false,"מארז הכולל 4 בקבוקי לה שוף 330 מ""ל+ כוס",,,מארז הכולל 4 בקבוקי,ליטרים,0.00,ליטר,false,1,62.90,62.90,true,1,
5410976823018,false,גיליאן-שוקולד מריר פטל 100 גר,,BE,גיליאן-שוקולד מריר פ,גרמים,100.00,100 גרם,false,1,16.90,16.90,true,1,
5410976826019,false,שוקולד מריר 72% 100 גר גיליאן,,BE,שוקולד מריר 72% 100,גרמים,100.00,100 גרם,false,1,16.90,16.90,true,1,
5410976840022,false,גיליאן-שוקולד חלב קרמל מלוח 100 גר,,BE,גיליאן-שוקולד חלב קר,גרמים,100.00,100 גרם,false,1,16.90,16.90,true,1,
5411188080268,false,אלפרו סויה אורגני אלפרו 1 ליטר,הנסיך- מפעל לייצור ט,BE,אלפרו סויה אורגני א,מיליליטרים,1000.00,"100 מ""ל",false,0,15.90,1.59,true,1,
5411188081852,false,אלפרו משקה סויה בטעם וניל 1 ל',הנסיך- מפעל לייצור ט,BE,אלפרו סויה בטעם וניל,מיליליטרים,1000.00,"100 מ""ל",false,1,15.90,1.59,true,1,
5411188110835,false,אלפרו חלב סויה שקדים וניל 1ל',הנסיך- מפעל לייצור ט,BE,אלפרו משקה שקדים 1 ל,מיליליטרים,1000.00,"100 מ""ל",false,1,13.90,1.39,true,1,
5411188112709,false,"משקה קוקוס אלפרו 1 ליטר משקה שקדים לל""ס",הנסיך- מפעל לייצור ט,BE,אלפרו משקה שקדים ללא,מיליליטרים,1000.00,"100 מ""ל",false,1,13.90,1.39,true,1,
5411188115366,false,משקה קוקוס אלפרו 1 ליטר משקה שיבולת שועל 1 ליטר,הנסיך- מפעל לייצור ט,BE,אלפרו משקה שיבולת שו,מיליליטרים,1000.00,"100 מ""ל",false,1,13.90,1.39,true,1,
5411188115472,false,אלפרו משקה סויה 1 ליטר,הנסיך- מפעל לייצור ט,BE,אלפרו משקה סויה 1 לי,מיליליטרים,1000.00,"100 מ""ל",false,1,13.90,1.39,true,1,
5411188118732,false,אלפרו חלב משקה קוקוס שקדים 1 ל',הנסיך- מפעל לייצור ט,BE,אלפרו משקה קוקוס שקד,מיליליטרים,1000.00,"100 מ""ל",false,1,13.90,1.39,true,1,
5411188121978,false,"משקה סויה בטעם שוקולד 3 * 250 מ""ל אלפרו",אלפרו C.V.A,BE,שלישיות אלפרו סויה ש,מיליליטרים,750.00,"100 מ""ל",false,1,15.90,2.12,true,1,
5411188122586,false,"אלפרו משקה שקדים 250 מ""ל",הנסיך- מפעל לייצור ט,BE,אלפרו משקה שקדים 250,מיליליטרים,250.00,"100 מ""ל",false,1,6.30,2.52,true,1,
5411188122661,false,אלפרו משקה שקדים לא קלויים ללא תוספת סוכר 1 ל',אלפרו Alpro,,אלפרו משקה שקדים לא,מיליליטרים,1000.00,"100 מ""ל",false,1,13.90,1.39,true,1,
5411188124689,false,משקה שיבולת שועל ללא סוכר 1ל' אלפרו,אלפרו Alpro,BE,אלפרו משקה שיבולת שו,מיליליטרים,1000.00,"100 מ""ל",false,1,13.90,1.39,true,1,
5411188126195,false,אלפרו משקה שקדים אורגני 1 ליטר,אלפרו Alpro,BE,אלפרו משקה שקדים,מיליליטרים,1000.00,"100 מ""ל",false,1,13.90,1.39,true,1,
5411188300328,false,אלפרו סויה בטעם שוקו 1 ליטר,הנסיך- מפעל לייצור ט,BE,אלפרו סויה בטעם שוקו,מיליליטרים,1000.00,"100 מ""ל",false,1,15.90,1.59,true,1,
5411188543398,false,אלפרו משקה סויה ללא סוכר 1 ליטר,הנסיך- מפעל לייצור ט,BE,אלפרו משקה סויה ללא,מיליליטרים,1000.00,"100 מ""ל",false,1,13.90,1.39,true,1,
5412533001617,false,נוזל לניקוי כלים אלוורה ולימון 1 ליטר,השחר,BE,נוזל לניקוי כלים אלו,מיליליטרים,1000.00,"100 מ""ל",false,1,19.90,1.99,true,1,
5412533001914,false,נוזל לניקוי כללי ומשטחים 1 ליטר,,,נוזל לניקוי כללי ומש,מיליליטרים,1000.00,"100 מ""ל",false,1,22.50,2.25,true,1,
5412533002287,false,נוזל לניקוי אסלות בניחוח אורנים ECOVER,,,נוזל לניקוי אסלות בנ,מיליליטרים,750.00,"100 מ""ל",false,1,19.90,2.65,true,1,
5412533002652,false,מסיר כתמים מבגדים 200 מל,,,מסיר כתמים מבגדים 20,מיליליטרים,200.00,"100 מ""ל",false,1,26.90,13.45,true,1,
5412533002911,false,מסיר אבנית אקולוגי 5,,,מסיר אבנית 500 מל,מיליליטרים,500.00,"100 מ""ל",false,1,25.90,5.18,true,1,
5412533003857,false,נוזל ניקוי אסלות גלי-ים (פקק כחול) 750 מ,,,נוזל ניקוי אסלות גלי,מיליליטרים,750.00,"100 מ""ל",false,1,19.90,2.65,true,1,
5412533004335,false,תרסיס לניקוי חלונות וזכוכית 500 מל,,,תרסיס לניקוי חלונות,מיליליטרים,500.00,"100 מ""ל",false,1,26.90,5.38,true,1,
5412533004618,false,תרסיס לניקוי משטחים מולטי אקשן ECOVER,,,תרסיס לניקוי משטחים,מיליליטרים,500.00,"100 מ""ל",false,1,26.90,5.38,true,1,
5412533140408,false,מלבין לכביסה ולבית ללא כלור 400 גר,,,מלבין לכביסה ולבית ל,גרמים,400.00,100 גרם,false,1,20.90,5.23,true,1,
5412533416602,false,טבליות למדיח 25יח אק,אקובר,,טבליות למדיח 500 גרם,גרמים,500.00,100 גרם,false,1,43.90,8.78,true,1,
5412533416626,false,אקובר הכל באחד למדיח גמבו,אקובר,BE,אקובר הכל באחד למדיח,Unknown,0.00,Unknown,false,1,89.90,89.90,true,1,
5412533418231,false,מרכך כביסה זירו 1 ליטר,,,מרכך כביסה זירו 1 לי,מיליליטרים,1000.00,"100 מ""ל",false,1,25.90,2.59,true,1,
5412533419566,false,נוזל לכביסה עדינה בניחוח נופר 750 מל,אקובר,,נוזל לכביסה עדינה בנ,מיליליטרים,750.00,"100 מ""ל",false,1,25.50,3.40,true,1,
5412533419665,false,"מרכך כביסה תפוח ושקדים 750 מ""ל",,,מרכך כביסה תפוח ושקד,מיליליטרים,750.00,"100 מ""ל",false,1,16.90,2.25,true,1,
5412533419702,false,"מרכך כביסה ווניל וגרדניה 750 מ""ל",אקובר,BE,מרכך כביסה ווניל וגר,מיליליטרים,750.00,"100 מ""ל",false,1,16.90,2.25,true,1,
5412533420364,false,נוזל כביסה פורמולה מרוכזת 1 ליטר,אקובר,,נוזל כביסה פורמולה מ,מיליליטרים,1000.00,"100 מ""ל",false,1,44.90,4.49,true,1,
5413121355082,false,שוקולד בלגי מריר משובח 72 פרסטיז 100 גרם,BCG,,שוקולד בלגי מריר משו,גרמים,100.00,100 גרם,false,1,13.50,13.50,true,1,
5413121358694,false,שוקולד בלגי מריר משובח 85%פרסטיז 100 גרם,BCG,,שוקולד בלגי מריר משו,גרמים,100.00,100 גרם,false,1,13.50,13.50,true,1,
5413121359769,false,לבבות וצדפי שוקולד 195ג' בלגיאן,BCG,BE,בלגיאן - צדפי שוקולד,גרמים,195.00,100 גרם,false,1,16.70,8.56,true,1,
5413121365616,false,שוקולד בלגי מריר 90% בלגיאן 100 גרם,BCG,,שוקולד בלגי מריר 90,גרמים,100.00,100 גרם,false,1,13.50,13.50,true,1,
5413149655522,false,"אבקת כביסה שושן צחור 1.25 ק""ג אריאל",פרוקטר אנד גמבל,TR,אריאל שושן צחור 1.25,קילוגרמים,0.00,"ק""ג",false,1,22.50,22.50,true,1,
5420066330203,false,ביאנקה- טרופל קקאו באריזות זהב 175 ג,Q Chocolate,,ביאנקה טרופל קקאו בא,גרמים,175.00,100 גרם,false,1,14.60,8.34,true,1,
5420066330210,false,ביאנקה- טרופל קקאו באריזות כסף 175 ג,Q Chocolate,,ביאנקה טרופל קקאו בא,גרמים,175.00,100 גרם,false,1,14.60,8.34,true,1,
5420066330234,false,ביאנקה טרופל בטעם אגוזים 175 גרם,,,ביאנקה טרופל בטעם אג,גרמים,175.00,100 גרם,false,1,13.90,7.94,true,1,
5425025122073,false,בירה לופולוס אורגניקוס 8.5% 330 מל,בראסרי לס,BE,בירה לופולוס אורגניק,מיליליטרים,330.00,"100 מ""ל",false,1,14.90,4.52,true,1,
5600213501261,false,"מלח אטלנטי דק שקית 1 ק""ג סאל מרינו",,,מלח אטלנטי דק שקית 1,גרמים,1000.00,100 גרם,false,1,19.90,1.99,true,1,
5600286004072,false,תפוחונים מתקתק אורגני 40 גרם,נטורפוד,PT,תפוחונים מתקתק אורגנ,גרמים,40.00,100 גרם,false,1,7.90,19.75,true,1,
5601008200444,false,גודיס Goodies עוגיות טבעת מצופות שוקולד חלב,הנסיך- מפעל לייצור ט,PT,עוגיות טבעת מצופה שו,גרמים,150.00,100 גרם,false,1,10.80,7.20,true,1,
5601008200451,false,עוגיות גודיס מרבה טבעת מצופה שוקו' מריר 150ג',מרבה Merba,PT,עוגיות טבעת מצופה שו,גרמים,150.00,100 גרם,false,1,10.80,7.20,true,1,
5601008200468,false,עוגיות מרבה גודיס טבעת מצופה שוקו' לבן 150ג',קריניציה ויטמינה אס,PT,עוגיות טבעת מצופה שו,גרמים,150.00,100 גרם,false,1,10.80,7.20,true,1,
5601010211070,false,סרדין במים 125 גר רמירז,רמירז אנד קה פילהאוס,PT,סרדין במים 125 גר ר,גרמים,125.00,100 גרם,false,1,10.90,8.72,true,1,
5601010211087,false,פילה סרדין בשמן זית כתית 100 גר רמירז,רמירז אנד קה פילהאוס,PT,פילה סרדין בשמן זית,גרמים,100.00,100 גרם,false,1,14.50,14.50,true,1,
5601012045505,false,"יין גאזלה 750 מ""ל",,,"יין גאזלה 750 מ""ל",Unknown,0.00,Unknown,false,1,38.90,38.90,true,1,
5601012837636,false,"יין סילק אנד ספייס אדום 750 מ""ל",,,יין סילק אנד ספייס א,Unknown,0.00,Unknown,false,1,62.90,62.90,true,1,
5604912415041,false,סרדינים בשמן חמניה פורטוס 125 גרם,קונסרבס פורטוגל נורט,PT,סרדינים בשמן חמניה פ,גרמים,125.00,100 גרם,false,1,6.90,5.52,true,1,
5701932026971,false,פופקורן להכנה במיקרוגל בטעם חמאה 6 שקיות,ליימן מותגים,US,הוטפופ חמאה 600 גרם,גרמים,600.00,100 גרם,false,1,14.90,2.48,true,1,
5708776001232,false,"סירופ מייפל אורגני 250 מ""ל Manna",,DK,סירופ מייפל אורגני 2,מיליליטרים,250.00,"100 מ""ל",false,1,29.90,11.96,true,1,
5711953150548,false,"משקה סטארבקס פרפוצינו קוקיז 250 מ""ל",,DK,משקה סטארבקס פרפוצינ,מיליליטרים,250.00,"100 מ""ל",false,1,14.90,5.96,true,1,
5740900403215,false,ממרח מחמאת לורפק עם מלח 250 ג',לורפאק Lurpak,DK,ממרח לורפק עם מלח 25,גרמים,250.00,100 גרם,false,1,16.90,6.76,true,1,
5740900403222,false,ממרח לורפק חמאה עם מלח מופחת שומן 250 ג,לורפאק Lurpak,DK,ממרח לורפק עם מלח מו,גרמים,250.00,100 גרם,false,1,16.90,6.76,true,1,
5740900403239,false,ממרח מחמאת לורפק ללא מלח 250 ג',לורפאק Lurpak,DK,ממרח לורפק ללא מלח 2,גרמים,250.00,100 גרם,false,1,16.90,6.76,true,1,
5740900403260,false,ממרח מחמאת לורפק ללא מלח 27% פחות שומן,ארלה פודס אמבה,DK,ממרח לורפק ללא מלח מ,גרמים,250.00,100 גרם,false,1,16.90,6.76,true,1,
5774540924502,false,מרציפן מצופה שוקולד מריר 75 גר אנטון ברג,,,מרציפן מצופה שוקולד,גרמים,75.00,100 גרם,false,1,13.50,18.00,true,1,
5774540984155,false,אנטון ברג-מרציפן אוכמניות בוודקה 220 גר,Anthon Berg,,אנטון ברג-מרציפן אוכ,גרמים,220.00,100 גרם,false,1,41.90,19.05,true,1,
5774540984254,false,אנטון ברג-מרציפן משמש בברנדי 220 גר,Anthon Berg,,אנטון ברג-מרציפן משמ,גרמים,220.00,100 גרם,false,1,41.90,19.05,true,1,
5900020015174,false,חטיף דגנים פיטנס Fitness עם שוקולד מריר,מיוצר עי קונדיטוריית,PL,פיטנס חטיף דגנים שוק,גרמים,141.00,100 גרם,false,1,18.80,13.33,true,1,
5900020024770,false,פיטנס - דליס חטיף דגנים שוקולד אגוז 22.50 גרם * 6,נסטלה פולין ברים,PL,פיטנס בר דליס שוקולד,גרמים,135.00,100 גרם,false,1,18.80,13.93,true,1,
5900020024817,false,פיטנס דליס Fitness Delice חטיף דגנים עם שוקולד לבן,סי.פי.פולין,PL,פיטנס בר דליס שוקולד,גרמים,135.00,100 גרם,false,1,18.80,13.93,true,1,
5900617035905,false,חטיף חלבון נוטרישיין בטעם קרמל מלוח,גרנייה,PL,חטיף פרוטאין 33 בטעם,גרמים,50.00,100 גרם,false,1,9.90,19.80,true,1,
5900951259180,false,ויסקס סטרייל אד.ציקן 1.4קילו,ויסקס,HU,ויסקס סטרייל אד.ציקן,קילוגרמים,0.00,"ק""ג",false,1,49.90,49.90,true,1,
5900951291593,false,אם אנד אם קרמל מלוח 70 גרם,מרס,GB,אם אנד אם קרמל מלוח,גרמים,175.00,100 גרם,false,1,10.90,6.23,true,1,
5900951293610,false,אם אנד אם בראוניז 70 גרם,מרס,GB,אם אנד אם בראוניז 70,גרמים,175.00,100 גרם,false,1,10.90,6.23,true,1,
5901008000991,false,שימורי עגבניות כבושות 660 גר POLAN,,,שימורי עגבניות כבושו,גרמים,660.00,100 גרם,false,1,11.40,1.73,true,1,
5901008990155,false,עגבניות ירוקות-פלפל 840 גר Polan,,PL,עגבניות ירוקות פלפל,גרמים,840.00,100 גרם,false,1,13.50,1.61,true,1,
5901008990162,false,סלט כרוב עם סלק 900 גרם Polan,,PL,סלט כרוב עם סלק 900,גרמים,900.00,100 גרם,false,1,12.90,1.43,true,1,
5901008990292,false,סלט כרוב וגזר כבוש 900 גרם Polan,,PL,סלט כרוב וגזר כבוש 9,גרמים,900.00,100 גרם,false,1,15.90,1.77,true,1,
5901008990322,false,שימורי פטיסונים מוחמצים 860 גר POLAN,,,שימורי פטיסונים מוחמ,גרמים,860.00,100 גרם,false,1,21.90,2.55,true,1,
5901008990339,false,פרוסות מלפפונים מוחמצים 660 גר POLAN,,,פרוסות מלפפונים מוחמ,גרמים,660.00,100 גרם,false,1,15.30,2.32,true,1,
5901008990452,false,כרוב כבוש 900 גר POLAN,,,כרוב כבוש 900 גר POL,גרמים,900.00,100 גרם,false,1,16.90,1.88,true,1,
5901008990599,false,מלפפונים קורנישונים מוחמצים 860 גר POLAN,,,מלפפונים קורנישונים,גרמים,860.00,100 גרם,false,1,21.90,2.55,true,1,
5901046990315,false,חזרת אדומה 180 גר POLAN,,,חזרת אדומה 180 גר PO,גרמים,180.00,100 גרם,false,1,10.90,6.06,true,1,
5902198160403,false,"משקה אנרגיה XL TEN פחית לל""ס 250מ""ל","טמפו משקאות בע""מ",IL,XL TEN משקה אנרגיה,מיליליטרים,250.00,"100 מ""ל",false,1,4.90,1.96,true,1,
5902581689344,false,ברון שוקולד מריר 70% עם קפה 100 גרם,,PL,ברון שוקולד מריר 70%,גרמים,100.00,100 גרם,false,1,9.90,9.90,true,1,
5902781000017,false,חליטת תה מלווה פירות ארוניה 25 שק,,,חליטת תה מלווה פירות,גרמים,50.00,100 גרם,false,1,12.90,25.80,true,1,
5902781000055,false,חליטת תה מלווה אוכמניות שחורות 25 שק,,,חליטת תה מלווה אוכמנ,Unknown,0.00,Unknown,false,1,12.90,12.90,true,1,
5902781000062,false,חליטת תה מלווה ורד בר 25 שק,,,חליטת תה מלווה ורד ב,Unknown,0.00,Unknown,false,1,12.90,12.90,true,1,
5902781000093,false,חליטת חליטת תה בבונג מלווה 25 שקיקים 50 גר,,PL,חליטת תה בבונג מלווה,Unknown,0.00,Unknown,false,1,12.90,12.90,true,1,
5902781000130,false,חליטת תה פטל מלווה 25 שק,,PL,חליטת תה פטל מלווה 2,גרמים,50.00,100 גרם,false,1,12.90,25.80,true,1,
5902781000192,false,תה מרווה מלווה 25 יח,,PL,תה מרווה מלווה 25 יח,גרמים,50.00,100 גרם,false,1,12.90,25.80,true,1,
5902781000260,false,חליטת תה מלווה חמוציות 25 שקיקים 50 גר,,PL,חליטת תה מלווה חמוצי,Unknown,0.00,Unknown,false,1,12.90,12.90,true,1,
5902781001205,false,חליטת תה עלי סרפד מלווה 25 שק,,PL,חליטת תה עלי סרפד מל,גרמים,50.00,100 גרם,false,1,12.90,25.80,true,1,
5902781001281,false,חליטת תה נענע מלווה 25 יח,,PL,חליטת תה נענע מלווה,גרמים,50.00,100 גרם,false,1,12.90,25.80,true,1,
5902781001304,false,חליטת תה מליסה מלווה 25 יח,,PL,חליטת תה מליסה מלווה,גרמים,50.00,100 גרם,false,1,12.90,25.80,true,1,
5902781002028,false,חליטת תה שומר מלווה 25 שק,,PL,חליטת תה שומר מלווה,גרמים,50.00,100 גרם,false,1,12.90,25.80,true,1,
5902808786672,false,"טורטילאב-דפי טורטייה 20 ס""מ 320 גרם",יושלם,PL,טורטילאב-דפי טורטייה,גרמים,320.00,100 גרם,false,1,10.90,3.41,true,1,
5904358560023,false,ברון ש. מריר עם חתיכות פטל 126 גרם,,PL,ברון שוקולד מריר עם,גרמים,126.00,100 גרם,false,1,12.90,10.24,true,1,
5906485301012,false,"משקה אנרגיה XL פחית 250 מ""ל","טמפו משקאות בע""מ",IL,משקה אנרגיה XL פחית,מיליליטרים,250.00,"100 מ""ל",false,1,4.90,1.96,true,1,
5907443604275,false,ברון אצבעות ש.מריר מרציפן ופיסטוק 200 גר,,PL,ברון אצבעות ש.מריר מ,גרמים,100.00,100 גרם,false,1,12.90,12.90,true,1,
5941634002686,false,סאם מילס איטריות אורגניות פוסילי על בסיס תירס 400 גרם,,RO,"אטריות פוסילי ע""ב תי",גרמים,400.00,100 גרם,false,1,14.90,3.73,true,1,
5941634002778,false,סאם מילס איטריות אורגניות פוסילי על בסיס תירס וקינואה 400 גרם,,RO,אטריות פוסילי תירס ו,גרמים,400.00,100 גרם,false,1,14.90,3.73,true,1,
5999076221561,false,חטיף חלבון זירו בר שוקולד בננה 50 גרם,,,חטיף חלבון זירו בר ש,גרמים,50.00,100 גרם,false,1,14.90,29.80,true,1,
5999076223596,false,חטיף חלבון זירו בר שוקולד קפוצינו 50 גר,,,חטיף חלבון זירו בר ש,גרמים,50.00,100 גרם,false,1,14.90,29.80,true,1,
5999076223602,false,חטיף חלבון זירו בר שוקולד עוגיות 50 גרם,,,חטיף חלבון זירו בר ש,גרמים,50.00,100 גרם,false,1,14.90,29.80,true,1,
5999076223619,false,חטיף חלבון זירו בר שוקולד קרמל 50 גרם,,,חטיף חלבון זירו בר ש,גרמים,50.00,100 גרם,false,1,14.90,29.80,true,1,
5999076223640,false,חטיף חלבון זירו בר שוקולד קוקוס 50 גרם,,,טיף חלבון זירו בר ש,גרמים,50.00,100 גרם,false,1,14.90,29.80,true,1,
6009900532684,false,"יין קייפ גואל שרדונה ריזרב 750 מ""ל",קייפ ג'ואל,ZA,יין קייפ גואל שרדונה,Unknown,0.00,Unknown,false,1,46.90,46.90,true,1,
6009900532769,false,"יין קייפ גואל רוזה ריזרב 750 מ""ל",קייפ ג'ואל,ZA,יין קייפ גואל רוזה ר,Unknown,0.00,Unknown,false,1,46.90,46.90,true,1,
6009900532776,false,"יין קייפ גואל שנין בלאן ריזרב 750 מ""ל",קייפ ג'ואל,ZA,יין קייפ גואל שנין ב,Unknown,0.00,Unknown,false,1,46.90,46.90,true,1,
6009900532790,false,יין קייפ גואל פינוטאז ריזרב 750 מ,קייפ ג'ואל,ZA,יין קייפ גואל פינוטא,Unknown,0.00,Unknown,false,1,46.90,46.90,true,1,
6111094000198,false,קוסקוס דארי דק 350 גרם,קרמה מן,MA,קוסקוס דארי דק 350 ג,גרמים,360.00,100 גרם,false,1,7.90,2.19,true,1,
6111094000228,false,"קוסקוס דארי דק תומר 1 ק""ג",דרי קוספט,MA,קוסקוס מרוקאי דק 1 ק,גרמים,1000.00,100 גרם,false,1,18.50,1.85,true,1,
6111094000242,false,תומר קוסקוס דארי דק 500גר,דרי קוספט,MA,קוסקוס דארי דק 0.5 ק,גרמים,500.00,100 גרם,false,1,9.50,1.90,true,1,
6111094000259,false,קוסקוס דארי בינוני 500ג'18X,דארי Dari,MA,קוסקוס דארי בינוני 5,גרמים,500.00,100 גרם,false,1,9.50,1.90,true,1,
6111094000709,false,דארי קוסקוס מחיטה מלאה 500 גרם,דארי,MA,קוסקוס דארי חיטה מלא,גרמים,500.00,100 גרם,false,1,9.50,1.90,true,1,
6111094000808,false,"קוסקוס דארי בינוני תומר 1 ק""ג + 10% תוספת",דרי קוספט,MA,קוסקוס דארי 1 קג + 1,קילוגרמים,0.00,"ק""ג",false,1,18.50,18.50,true,1,
6253017300012,false,טחינה קראוון המקורית,אחדות ביחר לטחינה ח,IL,טחינה יונה כחולה 500,גרמים,500.00,100 גרם,false,1,17.70,3.54,true,1,
6253017300029,false,טחינה גולמית קרוואן,קרואן Karawan,,טחינה יונה כחולה 1 ק,גרמים,1000.00,100 גרם,false,1,34.50,3.45,true,1,
6297000361154,false,סילאן תמרים אורגני 470 גרם,,,סילאן תמרים אורגני 4,גרמים,470.00,100 גרם,false,1,13.90,2.96,true,1,
6411401072666,false,פייזר שוקולדים עם ליקר 150 גרם,,FI,פייזר שוקולדים עם לי,גרמים,150.00,100 גרם,false,1,26.50,17.67,true,1,
6411401072703,false,פייזר גיישה שוקו חלב קרם אגוזים 150 גרם,,FI,פייזר גיישה שוקולד ח,גרמים,150.00,100 גרם,false,1,26.50,17.67,true,1,
6414100894003,false,תחבושת יומיומית- 100% תאית צמחית 26 יח,,,תחבושת יומיומית- 100,Unknown,0.00,Unknown,false,1,22.90,22.90,true,1,
6414100895000,false,תחבושת הגיינית 100%BIO טבעי 12 יח,,,תחבושת הגיינית 100%B,Unknown,0.00,Unknown,false,1,22.90,22.90,true,1,
6414100895802,false,מגן תחתון נורמל- 100% תאית צמחית 12 יח,,,מגן תחתון נורמל- 100,Unknown,0.00,Unknown,false,1,22.90,22.90,true,1,
6423036000167,false,שמן המפ אורגני 250 מל,,,שמן המפ אורגני 250 מ,Unknown,0.00,Unknown,false,1,99.90,99.90,true,1,
6910191800287,false,אצות נורי בלו 10 דף (ננגטונג),ננטונג היידה אקווטוק,CN,אצות נורי בלו 10 דפי,Unknown,0.00,Unknown,false,1,12.90,12.90,true,1,
6912977000140,false,אטריות שעועית דקות 250 גרם,יאנטאי ינסידה לנוגקא,CN,אטריות שעועית דקות 2,גרמים,250.00,100 גרם,false,1,8.80,3.52,true,1,
6921052701001,false,אצות ווקאמה מיובשות,ננטונג הידה אקוטיק פ,TH,אצות ווקאמה 40 גרם,גרמים,40.00,100 גרם,false,1,10.40,26.00,true,1,
6926832407074,false,חטיף אורז יפני 100 גרם,קסימן די ברייט,CN,חטיף אורז יפני 100 ג,גרמים,100.00,100 גרם,false,1,7.20,7.20,true,1,
6928542902795,false,פרש דפי ריענון כחול,שאטו בלוו,CN,פרש דפי מנטה חזקה כח,Unknown,0.00,Unknown,false,1,8.90,8.90,true,1,
6928542902818,false,סטריפס בטעם תות 12 י,שאטו בלוו,CN,פרש דפי מנטה תות אדו,Unknown,0.00,Unknown,false,1,8.90,8.90,true,1,
6934731200078,false,אטריות טריות דקות 200 גרם,יאנטאי ינסידה לנוגקא,CN,אטריות טריות דקות 20,גרמים,200.00,100 גרם,false,1,7.30,3.65,true,1,
6934731210138,false,אטריות טריות עבות 200 גרם,יאנטאי ינסידה לנוגקא,CN,אטריות טריות עבות 20,גרמים,200.00,100 גרם,false,1,7.30,3.65,true,1,
6934930083410,false,פומאז עשיר בחלבון ריקוטה ואמרנה 110 גרם,,IL,פומאז עשיר בחלבון רי,גרמים,110.00,100 גרם,false,1,10.90,9.91,true,1,
6936745600783,false,"חומץ אורז 500 מ""ל (דאניינג)",דאנינג יוה פודס קו,CN,חומץ אורז מיצוקאן 50,מיליליטרים,500.00,"100 מ""ל",false,1,15.90,3.18,true,1,
6974640730167,false,פטריות שיטאקי 100 גרם,ZHEJIANG FOREST INDU,CN,פטריות שיטאקי 100 גר,גרמים,100.00,100 גרם,false,1,14.90,14.90,true,1,
7290000000374,false,"פטריות שמפיניון בד""ץ (רביבים)",מרינה פטריות,IL,פטריות,Unknown,0.00,Unknown,false,1,12.90,12.90,true,1,
7290000000603,false,תמרים מגהול כחול 5 ק,,,בצל ירוק,Unknown,0.00,Unknown,false,1,4.90,4.90,true,1,
7290000000626,false,ברוקולי ארוז במגשית,,,ברוקולי,Unknown,0.00,Unknown,false,1,8.90,8.90,true,1,
7290000000636,false,תירס ארוז,,,תירס ארוז,Unknown,0.00,"ק""ג",true,0,12.90,12.90,true,1,
7290000000664,false,תות שדה,,,תות שדה,Unknown,0.00,Unknown,false,0,19.90,19.90,true,1,
7290000000665,false,נבטים/אלפפא,משתנה,IL,נבטים/אלפפא,Unknown,0.00,Unknown,false,1,11.90,11.90,true,1,
7290000000695,false,אספרגוס 400 ג',משתנה,IL,אספרגוס,Unknown,0.00,Unknown,false,1,29.90,29.90,true,1,
7290000000751,false,שום ברשת,,,שום ברשת,Unknown,0.00,Unknown,false,1,9.90,9.90,true,1,
7290000001104,false,פטריות חורש מיני ארוז 200 ג',"מרינה פטריות הגליל בע""מ",IL,פטריות פרטובלה,Unknown,0.00,Unknown,false,1,11.90,11.90,true,1,
7290000009977,false,משלוח,,,משלוח,Unknown,0.00,Unknown,false,1,29.90,29.90,true,1,
7290000036144,false,קונדיטור קורנפלור שק,גלעם,IL,קורנפלור גלעם 200 גר,גרמים,200.00,100 גרם,false,1,5.20,2.60,true,1,
7290000036151,false,קונדיטור קורנפלור 50,גלעם,IL,קורנפלור 500 גרם,גרמים,500.00,100 גרם,false,1,9.10,1.82,true,1,
7290000040042,false,יוגורט תות %3 גביע 150 ג' יופלה,תנובה חלב,IL,יופלה תות 3% 150 גרם,גרמים,150.00,100 גרם,false,1,5.00,3.33,true,1,
7290000040066,false,יוגורט דובדבן 3% שומן 150 ג' יופלה,תנובה מרכז שיתופי לש,IL,יופלה דובדבן 3% 150,גרמים,150.00,100 גרם,false,1,5.00,3.33,true,1,
7290000040080,false,יוגורט אפרסק 3% שומן 150 ג' יופלה,תנובה חלב,IL,יופלה אפרסק 3% 150 ג,גרמים,150.00,100 גרם,false,1,5.00,3.33,true,1,
7290000040301,false,"גבינת קולאז קממבר עין גדי 24%, 125 ג'",תנובה מרכז שיתופי לש,IL,קולאז קממבר עין גדי,גרמים,125.00,100 גרם,false,1,18.50,14.80,true,1,
7290000040318,false,גבינת ברי 24% קולאז עדי תנובה 125 ג',תנובה מרכז שיתופי לש,IL,קולאז ברי בחפיסה 125,גרמים,125.00,100 גרם,false,1,19.50,15.60,true,1,
7290000040974,false,חלב תנובה קרטון דל לקטוז 2% 1ל,תנובה מרכז שיתופי לש,IL,חלב טרי דל לקטוז 1 ל,מיליליטרים,1000.00,"100 מ""ל",false,1,7.10,0.71,true,1,
7290000041858,false,"שמנת חמוצה 15% יטבתה 200 מ""ל מהדרין",שטראוס גרופ,IL,שמנת חמוצה 15% 200 מ,מיליליטרים,200.00,"100 מ""ל",false,1,2.40,1.20,true,1,
7290000042015,false,חלב טרי 3% תנובה שקית 1ל' מהדרין,תנובה מרכז שיתופי לש,IL,"חלב בשקית 3% בד""צ 1",מיליליטרים,1000.00,"100 מ""ל",false,1,5.43,0.54,true,1,
7290000042435,false,חלב דל שומן בקרטון+פקק 1 ליטר 1%,תנובה מרכז שיתופי לש,IL,חלב דל שומן בקרטון,מיליליטרים,1000.00,"100 מ""ל",false,1,5.86,0.59,true,1,
7290000042640,false,"חלב תנובה עמיד 3% קרטון 250 מ""ל",תנובה מרכז שיתופי לש,IL,"חלב עמיד 3% 250 מ""ל",מיליליטרים,250.00,"100 מ""ל",false,1,3.10,1.24,true,1,
7290000042855,false,יוטבתה שוקו שקית 225מל,שטראוס גרופ,IL,"שוקו שקית 225 מ""ל",מיליליטרים,225.00,"100 מ""ל",false,1,2.70,1.20,true,1,
7290000043814,false,"שמנת מתוקה להקצפה 38% 250 מ""ל תנובה",תנובה מרכז שיתופי לש,IL,שמנת עמידה להקצפה 38,גרמים,250.00,100 גרם,false,1,6.47,2.59,true,1,
7290000043890,false,רוויון קרטון 1 ליטר %1.5,תנובה מרכז שיתופי לש,IL,רויון 1.5% 1 ליטר,מיליליטרים,1000.00,"100 מ""ל",false,1,11.30,1.13,true,1,
7290000043944,false,כד יוגורט תנובה 4% שומן 1.5 ליטר,מיוצר עי קונדיטוריית,IL,יוגורט 4% 1.5 ליטר,ליטרים,0.00,ליטר,false,1,16.50,16.50,true,1,
7290000044880,false,באדי יוגורט תות 3% שומן 500 ג' תנובה,מיוצר עי קונדיטוריית,IL,"באדי תות 3% 500 מ""ל",גרמים,500.00,100 גרם,false,1,9.90,1.98,true,1,
7290000045573,false,גבינת מותכת משולשים 25% שומן 200 ג' נעמה,תנובה חלב,IL,גבינה מותכת נעמה 200,גרמים,200.00,100 גרם,false,1,16.90,8.45,true,1,
7290000046327,false,"גבינת גלבוע פרוס 22%, 200 ג' תנובה",תנובה מרכז שיתופי לש,IL,גבינת גלבוע פרוס 200,גרמים,200.00,100 גרם,false,1,13.00,6.50,true,1,
7290000047546,false,כנען גבינה לבנה 5% 500 גרם ללא מלח,תנובה מרכז שיתופי לש,IL,גבינת כנען 5% 500 גר,גרמים,500.00,100 גרם,false,1,23.70,4.74,true,1,
7290000048185,false,גבינה לבנה 5% שומן 250 ג' תנובה,מיוצר עי קונדיטוריית,IL,גבינה לבנה 5% 250 גר,גרמים,250.00,100 גרם,false,1,4.98,1.99,true,1,
7290000048192,false,גבינה לבנה 9% שומן 250 ג' תנובה,מחלבת אלון תבור,IL,גבינה למריחה 9% 250,גרמים,250.00,100 גרם,false,1,4.98,1.99,true,1,
7290000048307,false,גבינת קוטג 5% עם זיתים 250ירוקים גרם,מיוצר עי קונדיטוריית,IL,גבינת קוטג 5%,גרמים,250.00,100 גרם,false,1,5.70,2.28,true,1,
7290000048413,false,גבינה חמד %16 שקית 250 ג' פיראוס,תנובה מרכז שיתופי לש,IL,גבינה חמד פיראוס 250,גרמים,250.00,100 גרם,false,1,18.90,7.56,true,1,
7290000048437,false,גבינה צפתית 5% 200 ג' פיראוס,פארייפאבה אגרואינדוס,IL,צפתית פיראוס 5% 200,גרמים,200.00,100 גרם,false,1,14.90,7.45,true,1,
7290000050447,false,יוגורט תות 500 ג' יופלה,מיוצר עי קונדיטוריית,IL,יופלה תות 3% 500גר,גרמים,500.00,100 גרם,false,1,14.90,2.98,true,1,
7290000051352,false,חלב מלא בטעם של פעם 3.4% תנובה קרטון 1 ל',תנובה מרכז שיתופי לש,IL,חלב של פעם 3.5% 1 ל,מיליליטרים,1000.00,"100 מ""ל",false,1,7.40,0.74,true,1,
7290000051376,false,יופלה דיאט אננס ספורטיבי 0% 150גר,תנובה מרכז שיתופי לש,IL,יופלה דיאט אננס ספור,גרמים,150.00,100 גרם,false,1,5.00,3.33,true,1,
7290000052311,false,עמק פרוס בקופסא 200 גר 15% שומן,תנובה מרכז שיתופי לש,IL,עמק פרוס בקופסא 200,גרמים,200.00,100 גרם,false,1,15.80,7.90,true,1,
7290000052649,false,גבינת לאבנה 5% שומן 500 ג' פיראוס,תנובה מרכז שיתופי לש,IL,פיראוס לאבנה גביע 50,גרמים,500.00,100 גרם,false,1,19.50,3.90,true,1,
7290000052717,false,קוטג' 5%עם שום שמיר 250 ג' תנובה,מיוצר עי קונדיטוריית,IL,קוטג 5% עם שום שמיר,גרמים,250.00,100 גרם,false,1,6.30,2.52,true,1,
7290000055015,false,גבינת פיראוס פטה כבשים 5% 250 ג' פיראוס,תנובה מרכז שיתופי לש,IL,פיראוס פטה כבשים 5%,גרמים,250.00,100 גרם,false,1,26.80,10.72,true,1,
7290000055329,false,משקה יוגורט יופלה בטעם תות-מלון 250 גר,תנובה מרכז שיתופי לש,IL,משקה יוגורט יופלה בט,גרמים,250.00,100 גרם,false,1,5.40,2.16,true,1,
7290000055336,false,משקה יוגורט יופלה בטעם בננה אפרסק 250 גר,תנובה מרכז שיתופי לש,IL,משקה יוגורט יופלה בט,גרמים,250.00,100 גרם,false,1,5.40,2.16,true,1,
7290000055350,false,גבינה צהובה חריץ עמק 28% במשקל,תנובה מרכז שיתופי לש,IL,גבינה צהובה עמק 28%,Unknown,0.00,"ק""ג",true,0,44.79,44.79,true,1,
7290000056845,false,חלב טרי 3% הומוגני קרטון 1.5 ל' תנובה,פארייפאבה אגרואינדוס,IL,חלב קרטון 3% תנובה,ליטרים,0.00,ליטר,false,1,9.34,9.34,true,1,
7290000056951,false,שמנת לבישול 15% 500 מל עמיד השף הלבן,תנובה מרכז שיתופי לש,IL,שמנת 15% באריזה עם פ,מיליליטרים,500.00,"100 מ""ל",false,1,16.20,3.24,true,1,
7290000057088,false,עמק פרוס דק דק 200 גרם 28%,תנובה מרכז שיתופי לש,IL,עמק דק 200 גרם,גרמים,200.00,100 גרם,false,1,15.80,7.90,true,1,
7290000057118,false,עמק סמי מעדנייה כשרות מהדרין,תנובה מרכז שיתופי לש,IL,גבינה סמי 28% 400 גר,גרמים,400.00,100 גרם,false,1,20.90,5.23,true,1,
7290000057132,false,יוגורט תנובה טבעי 1.5% גביע 200 גרם,מחלבת אלון תבור,IL,יוגורט 1.5% 200 גרם,גרמים,200.00,100 גרם,false,1,3.10,1.55,true,1,
7290000057149,false,יוגורט תנובה טבעי 3% גביע 200 גרם,מיוצר עי קונדיטוריית,IL,יוגורט תנובה 3% 200,גרמים,200.00,100 גרם,false,1,3.20,1.60,true,1,
7290000057552,false,יופלה דיאט עוגת גבינה ותות 0% גביע 150ג',תנובה חלב,IL,דיאט יופלה ע.גבינה,גרמים,150.00,100 גרם,false,1,5.00,3.33,true,1,
7290000058030,false,"יופלה שטוזים משקה יוגורט תות 8 יח' * 100 מ""ל",מיוצר עי קונדיטוריית,IL,משקה יופלה שטוזים,מיליליטרים,800.00,"100 מ""ל",false,1,20.60,2.58,true,1,
7290000060071,false,אוסם - חטיפי פריכונים מאורז מלא קלוי 80גר,"מיוצר ע""י PT, משווק",IL,פריכונים טבעי 80 גר,גרמים,80.00,100 גרם,false,1,7.50,9.38,true,1,
7290000060200,false,פסטה אסם פתיתים אפויים קוסקוס 500גר,"אסם תעשיות בע""מ",IL,פתיתים אפויים קוסקוס,גרמים,500.00,100 גרם,false,1,6.90,1.38,true,1,
7290000060385,false,פודינג וניל אינסטנט מארז רביעיה * 80 ג',"אסם תעשיות בע""מ",IL,פודינג אינסטנט טעם ו,גרמים,320.00,100 גרם,false,1,22.90,7.16,true,1,
7290000060408,false,פסטה אסם פתיתים אפויים טבעות 500 גר,"אסם תעשיות בע""מ",IL,פתיתים אפויים טבעות,גרמים,500.00,100 גרם,false,1,6.90,1.38,true,1,
7290000060965,false,פסטה אסם אטריות רחבות 400גר,"אסם תעשיות בע""מ",IL,אטריות רחבות 400 גר,גרמים,400.00,100 גרם,false,1,6.90,1.73,true,1,
7290000063102,false,קמח עוגה אסם תופח מאליו 350ג',"אסם תעשיות בע""מ",IL,קמח עוגה תופח מאליו,גרמים,350.00,100 גרם,false,1,4.90,1.40,true,1,
7290000063157,false,"קמח עוגה תופח מאליו 1 ק""ג","אסם תעשיות בע""מ",IL,קמח עוגה תופח מאליו,גרמים,1000.00,100 גרם,false,1,8.90,0.89,true,1,
7290000065977,false,חטיפי פריכונים תירס שומשום 80 ג' אוסם,"מיוצר ע""י פרח, משווק",IL,אסם חטיפי פריכונים ת,גרמים,80.00,100 גרם,false,1,7.50,9.38,true,1,
7290000066318,false,במבה קלאסי 80 גרם,"אסם תעשיות בע""מ",IL,במבה 80 גרם,גרמים,80.00,100 גרם,false,1,4.30,5.38,true,1,
7290000068138,false,אסם פודינג אינסטנט וניל 80 גרם,מיוצר עי קונדיטוריית,IL,פודינג אינסטנט בטעם,גרמים,80.00,100 גרם,false,1,5.50,6.88,true,1,
7290000068190,false,אסם גלי תות שדה צבעים טבעיים 90גרם,מיוצר עי קונדיטוריית,IL,גלי בזק בטעם תות שדה,גרמים,85.00,100 גרם,false,1,7.90,9.29,true,1,
7290000068237,false,ג'לי פטל צבע טבעי 85ג' אסם,מיוצר עי קונדיטוריית,IL,גלי בזק בטעם פטל צמח,גרמים,85.00,100 גרם,false,1,7.90,9.29,true,1,
7290000068343,false,אוסם - פירכונים מאורז מלא 140 גרם,"מיוצר ע""י PT, משווק",IL,פריכונים מאורז מלא 1,גרמים,140.00,100 גרם,false,1,7.90,5.64,true,1,
7290000068701,false,שקדי מרק רכיבים טבעיים 400 גרם-מיכל,"אסם תעשיות בע""מ",IL,שקדי מרק רכיבים טבעי,גרמים,400.00,100 גרם,false,1,16.30,4.08,true,1,
7290000068770,false,במבה יום הולדת 80 גרם,"אסם תעשיות בע""מ",IL,במבה יום הולדת 80 גר,גרמים,80.00,100 גרם,false,1,4.30,5.38,true,1,
7290000068787,false,במבה יום הולדת 25 גרם,מיוצר עי קונדיטוריית,IL,במבה יום הולדת 25 גר,גרמים,25.00,100 גרם,false,1,2.20,8.80,true,1,
7290000070308,false,אבקת מרק עוף אמיתי במיכל 400 גרם,"אסם תעשיות בע""מ",IL,אבקת מרק עוף אמיתי,גרמים,400.00,100 גרם,false,1,16.90,4.23,true,1,
7290000070322,false,אבקת מרק פטריות רכיבים טבעיים אוסם 400 ג',"אסם תעשיות בע""מ",IL,אבקת מרק פטריות 400,גרמים,400.00,100 גרם,false,1,27.50,6.88,true,1,
7290000072067,false,במבה במילוי קרם חלבה 60ג' אסם,מיוצר עי קונדיטוריית,IL,במבה במילוי חלווה 60,גרמים,60.00,100 גרם,false,1,4.30,7.17,true,1,
7290000072623,false,קטשופ אסם בקבוק לחיץ 750 גרם,"אסם תעשיות בע""מ",IL,קטשופ אסם בקבוק לחיץ,גרמים,750.00,100 גרם,false,1,10.90,1.45,true,1,
7290000072753,false,קפה טייסטר צ'ויס קפה מגורען 200ג',נסטלה קוריאה - קפה,IL,נסקפה טייסטרס צויס,גרמים,200.00,100 גרם,false,1,29.80,14.90,true,1,
7290000072777,false,קפה טייסטר צ'ויס מגור' נ.קפאין 200ג',נסטלה קוריאה - קפה,IL,נסקפה טייסטרס צויס,גרמים,200.00,100 גרם,false,1,38.90,19.45,true,1,
7290000072784,false,קפה טייסטר צויס נטול קופאין 100 גר',נסטלה קוריאה - קפה,KR,נסקפה טייסטרס צויס,גרמים,100.00,100 גרם,false,1,29.60,29.60,true,1,
7290000074153,false,ביסקוויט פתיבר שוקו,מיוצר עי קונדיטוריית,IL,פתי בר שוקו 500 גרם,גרמים,500.00,100 גרם,false,1,13.90,2.78,true,1,
7290000074184,false,אוסם - פתי בר בינוני 500 גרם,"אסם תעשיות בע""מ",IL,פתי בר וניל 500 גרם,גרמים,500.00,100 גרם,false,1,10.90,2.18,true,1,
7290000074245,false,אוסם - קרם קרקר אסם 250 גרם,"אסם תעשיות בע""מ",IL,קרם קרקר 250 גרם,גרמים,250.00,100 גרם,false,1,9.80,3.92,true,1,
7290000074276,false,קרקר פיקנטי טבעון 250 ג' אסם,"אסם תעשיות בע""מ",IL,קרקר קלאסי 250 גרם א,גרמים,250.00,100 גרם,false,1,9.90,3.96,true,1,
7290000074375,false,אוסם - קרקר זהב 150 גרם,"אסם תעשיות בע""מ",IL,קרקר זהב 150 גרם,גרמים,150.00,100 גרם,false,1,7.50,5.00,true,1,
7290000075204,false,אוסם - לחמית חיטה מלאה 250 גרם,"אסם תעשיות בע""מ",IL,לחמית חיטה מלאה 250,גרמים,250.00,100 גרם,false,1,10.40,4.16,true,1,
7290000079233,false,קרם קרקר דיאטטי דל נתרן 250 גרם,"אסם תעשיות בע""מ",IL,קרם קרקר דיאטטי דל נ,גרמים,250.00,100 גרם,false,1,12.50,5.00,true,1,
7290000080765,false,טוסטעים פת קלויה עם שומשום 100 ג' אוסם,ון דר מולן האלום,NL,טוסטעים פת קלויה שומ,גרמים,100.00,100 גרם,false,1,10.50,10.50,true,1,
7290000100029,false,פתיתי כרובית סנפרוסט 800 גר,"סנפרוסט בע""מ",IL,פתיתי כרובית סנפרוסט,גרמים,800.00,100 גרם,false,1,22.90,2.86,true,1,
7290000100036,false,פתיתי ברוקולי סנפרוס,"סנפרוסט בע""מ",IL,פתיתי ברוקולי 800 גר,גרמים,800.00,100 גרם,false,1,22.90,2.86,true,1,
7290000100128,false,פירות קפואים תות סנפרוסט 300 ג',"סנפרוסט בע""מ",IL,תות קפוא סנפרוסט 300,גרמים,300.00,100 גרם,false,1,17.90,5.97,true,1,
7290000100135,false,פירות קפואים סנפרוסט דובדבן 300 גר,"סנפרוסט בע""מ",IL,פירות קפואים דובדבן,גרמים,300.00,100 גרם,false,1,17.90,5.97,true,1,
7290000101927,false,אוכמניות כחולות מוקפאות סנפרוסט 300 גרם,"איי, בי, אינבוו",IL,אוכמניות כחולות מוקפ,גרמים,300.00,100 גרם,false,1,17.90,5.97,true,1,
7290000101941,false,אננס חתוך מוקפא סנפרוסט 300ג',"איי, בי, אינבוו",IL,אננס מוקפא סנפרוסט,גרמים,300.00,100 גרם,false,1,17.90,5.97,true,1,
7290000101958,false,מנגו חתוך מוקפא סנפרוסט 300ג',"איי, בי, אינבוו",IL,מנגו מוקפא סנפרוסט,גרמים,300.00,100 גרם,false,1,17.90,5.97,true,1,
7290000103730,false,לקט להקפצה עם פסטה פוזילי סנפרוסט 800 גרם,"איי, בי, אינבוו",IL,לקט להקפצה עם פסטה פ,גרמים,800.00,100 גרם,false,1,25.90,3.24,true,1,
7290000103815,false,סנפרוסט לקט להקפצה תאילנדי 800 גר,"סנפרוסט בע""מ",IL,לקט להקפצה בסגנון תא,גרמים,800.00,100 גרם,false,1,24.90,3.11,true,1,
7290000103822,false,ירקות שמלווים עוף סנפרוסט 800ג',"סנפרוסט בע""מ",IL,לקט לעוף 800 גרם סנפ,גרמים,800.00,100 גרם,false,1,22.90,2.86,true,1,
7290000104072,false,עדשים ירוקות מבושלות מוקפאות 800 ג' סנפרוסט,"איי, בי, אינבוו",IL,עדשים ירוקים מבושלים,גרמים,800.00,100 גרם,false,1,22.90,2.86,true,1,
7290000104201,false,אפונה עדינה 600 גר סנפרוסט,"איי, בי, אינבוו",IL,אפונה עדינה 600 גר,גרמים,600.00,100 גרם,false,1,17.90,2.98,true,1,
7290000104218,false,סנפרוסט במיה 600 גרם,"איי, בי, אינבוו",IL,במיה 600 גר סנפרוסט,גרמים,600.00,100 גרם,false,1,19.80,3.30,true,1,
7290000104225,false,בצל קצוץ סנפרוסט 600 גרם,"סנפרוסט בע""מ",IL,בצל קצוץ 600 גרם,גרמים,600.00,100 גרם,false,1,19.80,3.30,true,1,
7290000104676,false,אפונה קפואה סנפרוסט 800 גרם,"איי, בי, אינבוו",IL,אפונת גינה 800 גרם,גרמים,800.00,100 גרם,false,1,17.90,2.24,true,1,
7290000104683,false,שעועית ירוקה שלמה 800 גר סנפרוסט,"סנפרוסט בע""מ",IL,שעועית ירוקה שלמה,גרמים,800.00,100 גרם,false,1,19.90,2.49,true,1,
7290000104690,false,תירס גרעינים קפוא סנפרוסט 800 ג',"איי, בי, אינבוו",IL,תירס גרעינים 800 גרם,גרמים,800.00,100 גרם,false,1,17.90,2.24,true,1,
7290000104713,false,פול ירוק 800 גר סנפרוסט,"איי, בי, אינבוו",IL,פול ירוק 800 גר סנפר,גרמים,800.00,100 גרם,false,1,27.90,3.49,true,1,
7290000104751,false,כרוב ניצנים סנפרוסט 800 גרם,"איי, בי, אינבוו",IL,כרוב ניצנים 800 גר,גרמים,800.00,100 גרם,false,1,24.90,3.11,true,1,
7290000104775,false,מדליוני תרד 800 גר סנפרוסט,"איי, בי, אינבוו",IL,מדליוני תרד סנפרוסט,גרמים,800.00,100 גרם,false,1,28.90,3.61,true,1,
7290000104799,false,שעועית לבנה מבושלת סנפרוסט 800גר,"איי, בי, אינבוו",IL,שעועית לבנה 800 גרם,גרמים,800.00,100 גרם,false,1,19.70,2.46,true,1,
7290000104805,false,גרגירי חומוס קפוא 800 ג' סנפרוסט,"איי, בי, אינבוו",IL,חומוס קפוא סנפרוסט,גרמים,800.00,100 גרם,false,1,19.70,2.46,true,1,
7290000104829,false,"קלחוני תירס 1 ק""ג סנפרוסט","איי, בי, אינבוו",IL,"קלחוני תירס 1 ק""ג סנ",גרמים,1000.00,100 גרם,false,1,19.50,1.95,true,1,
7290000104874,false,ירקות לקוסקוס של אמא סנפרוסט 800ג',"סנפרוסט בע""מ",IL,לקט לקוסקוס 800גר סנ,גרמים,800.00,100 גרם,false,1,22.90,2.86,true,1,
7290000104881,false,אפונה וגזר קפוא סנפרוסט 800ג',"איי, בי, אינבוו",IL,אפונה וגזר 800 גר,גרמים,800.00,100 גרם,false,1,18.80,2.35,true,1,
7290000104904,false,לקט ירקות מעורבים 800 ג' סנפרוסט,"איי, בי, אינבוו",IL,ירקות מעורבים 800גר-,גרמים,800.00,100 גרם,false,1,22.90,2.86,true,1,
7290000104911,false,לקט נורמנדי 800 גר סנפרוסט,"איי, בי, אינבוו",IL,לקט נורמנדי 800 גרם,גרמים,800.00,100 גרם,false,1,22.90,2.86,true,1,
7290000107165,false,פולי סויה אדממה סנפרוסט 400 ג',"איי, בי, אינבוו",IL,חטיף סויה סנפרוסט,גרמים,400.00,100 גרם,false,1,14.60,3.65,true,1,
7290000107189,false,תחתיות ארטישוק 400 גרם סנפרוסט,"איי, בי, אינבוו",IL,תחתיות ארטישוק 400 ג,גרמים,400.00,100 גרם,false,1,21.90,5.48,true,1,
7290000107295,false,תפרחות ברוקולי סנפרוסט 800 ג',"איי, בי, אינבוו",IL,ברוקולי 800 גרם סנפר,גרמים,800.00,100 גרם,false,1,24.90,3.11,true,1,
7290000111063,false,מיונז אמיתי תלמה 250 ג',יוניליוור ישראל מזון,IL,מיונז תלמה 250 גרם,גרמים,250.00,100 גרם,false,1,7.60,3.04,true,1,
7290000111186,false,מיונז תלמה 500 גרם-צנצנת,יוניליוור ישראל מזון,IL,מיונז תלמה 500 גרם-צ,גרמים,500.00,100 גרם,false,1,9.90,1.98,true,1,
7290000112220,false,בארכה טחינה 100% שומשום 500 גרם,רושדי תעשיות מזון בע,IL,טחינה 500 גר בארכה,גרמים,500.00,100 גרם,false,1,13.90,2.78,true,1,
7290000112237,false,בארכה טחינה 100% שומשום 6*1000גרם,רושדי תעשיות מזון בע,IL,"טחינה 1 ק""ג-צנצנת",גרמים,1000.00,100 גרם,false,1,32.50,3.25,true,1,
7290000112497,false,מרק עשיר עוף אטריות קנור 75 גרם - שקיות,יוניליוור ישראל מזון,IL,מרק עשיר עוף אטריות,גרמים,75.00,100 גרם,false,1,13.50,18.00,true,1,
7290000112503,false,מרק עשיר ירקות קנור 69 גרם - שקיות,יוניליוור ישראל מזון,IL,מרק עשיר ירקות קנור,גרמים,69.00,100 גרם,false,1,13.50,19.57,true,1,
7290000112619,false,מרק עוף לתיבול והעשרה קנור 400 ג',יוניליוור ישראל מזון,IL,אבקת מרק עוף קנור,גרמים,400.00,100 גרם,false,1,19.90,4.98,true,1,
7290000116884,false,רוטב קנור ברביקיו 300 גר,יוניליוור ישראל מזון,IL,רוטב קנור ברביקיו,גרמים,300.00,100 גרם,false,1,10.90,3.63,true,1,
7290000116921,false,רוטב צ'ילי מתוק 370ג'12x קנור,יוניליוור ישראל מזון,IL,רוטב קנור צילי מתוק,מיליליטרים,300.00,"100 מ""ל",false,1,10.90,3.63,true,1,
7290000116945,false,קנור רוטב סויה קלאסי 300 מל,יוניליוור ישראל מזון,IL,רוטב קנור סויה 300 מ,מיליליטרים,300.00,"100 מ""ל",false,1,14.60,4.87,true,1,
7290000117171,false,מרק טעם עוף דל קלוריות 48 גרם-קופסא,יוניליוור ישראל מזון,IL,מרק טעם עוף דל קלורי,גרמים,48.00,100 גרם,false,1,9.00,18.75,true,1,
7290000117720,false,קנור - נמס בכוס זוג פטריות 21.50 גרם * 2,יוניליוור ישראל מזון,IL,מרק נמס בכוס פטריות,גרמים,43.00,100 גרם,false,1,6.90,16.05,true,1,
7290000118277,false,כופתאות מצה להכנת מהירה 65 ג' קנור,יוניליוור ישראל מזון,IL,קניידלך 130 גרם-קופ,גרמים,130.00,100 גרם,false,1,11.40,8.77,true,1,
7290000120836,false,הלמנס מיונז אמיתי 394גר ADR,קונפקו אינק' די.בי.א,CA,מיונז הלמנס 394 גרם,גרמים,433.00,100 גרם,false,1,10.90,2.52,true,1,
7290000120874,false,מיונז הלמנס לייט מופחת קלוריות 424ג,"יונילוור ארה""ב - HPC",US,מיונז הלמנס לייט 424,גרמים,476.00,100 גרם,false,1,10.90,2.29,true,1,
7290000135342,false,"מי סודה טמפו בקבוק 500 מ""ל",,IL,"מי סודה 500 מ""ל בקבו",מיליליטרים,500.00,"100 מ""ל",false,1,2.90,0.58,true,1,
7290000136646,false,משקה מאלט תריסר 1.5 ל' נשר,טמפו 7.5%,IL,נשר מאלט 1.5 ליטר,ליטרים,0.00,ליטר,false,1,8.90,8.90,true,1,
7290000136660,false,סודה 1.5ליטר ב.פקדון,טמפו,IL,מי סודה 1.5 ליטר,ליטרים,0.00,ליטר,false,1,3.70,3.70,true,1,
7290000136790,false,מארז סודה שישייה 1.5 ל' טמפו,טמפו 7.5%,IL,שישיית סודה 1.5 ליטר,ליטרים,0.01,ליטר,false,1,17.90,1790.00,true,1,
7290000136844,false,מארז מים מזוככים אקווה נובה שישיית 2 ליטר,אקווה נובה Aqua Nova,IL,שישיית אקווה נובה 2ל,ליטרים,0.01,ליטר,false,1,12.90,1290.00,true,1,
7290000136868,false,שישיית מים מינרלים סאן בנדטו,סאן בנדטו San Benedetto,IL,שישיית מים סאן בנדטו,ליטרים,0.01,ליטר,false,1,18.90,1890.00,true,1,
7290000136875,false,מארז מים מינרלים מוגז 6* 1.5 ל' סאן בנדטו,סאן בנדטו San Benedetto,IL,שישיית סאן בנדטו מוג,ליטרים,0.01,ליטר,false,1,19.90,1990.00,true,1,
7290000144160,false,"שמן זית כתית מעולה מודגש""עץ-הזית"" 750 מ""ל","מרקאולאו, ספרד.אבסה,",IT,שמן זית כתית מעולה ב,מיליליטרים,750.00,"100 מ""ל",false,1,29.90,3.99,true,1,
7290000144467,false,שמן חמניות מועשר בנוגדי חמצון 1 ל' עץ הזית,"נארז ע""י : א.ג. גילר",GR,שמן עץ הזית חמניות 1,מיליליטרים,1000.00,"100 מ""ל",false,1,16.40,1.64,true,1,
7290000144474,false,שמן עץ הזית קנולה 1 ליטר בריאות מהטבע,שמן תעשיות,EE,שמן עץ הזית קנולה 1,מיליליטרים,1000.00,"100 מ""ל",false,1,14.90,1.49,true,1,
7290000148489,false,גרעיני דלעת קליית גת שקית 200 גרם,"ג'י אנד ג'י בע""מ",IL,גרעיני דלעת קליית גת,גרמים,200.00,100 גרם,false,1,10.40,5.20,true,1,
7290000148618,false,קשיו מטוגן שקית קליית גת 200 גרם,"ג'י אנד ג'י בע""מ",IL,קשיו מטוגן שקית קליי,גרמים,200.00,100 גרם,false,1,22.90,11.45,true,1,
7290000148748,false,קליית גת גרעיני חמניה קלויים ומומלחים200,"ג'י אנד ג'י בע""מ",IL,גרעיני חמניה שקית קל,גרמים,200.00,100 גרם,false,1,7.30,3.65,true,1,
7290000148939,false,שקדים קלויים קלית גת 200 ג',"ג'י אנד ג'י בע""מ",IL,שקד קלוי שקית 200 ג,גרמים,200.00,100 גרם,false,1,21.90,10.95,true,1,
7290000158105,false,שניצל עוף מיני דינוזאור מעוף שגדל ללא אנטיביוטיקה,מוצרי עוף טוב (2001),IL,שניצל דינוזאור 700 ג,גרמים,700.00,100 גרם,false,1,38.90,5.56,true,1,
7290000161648,false,ח.קליק אין אאוט במילוי ק.חלב,יוניליוור ישראל מזון,IL,קליק IN במילוי קרם,גרמים,38.00,100 גרם,false,1,5.70,15.00,true,1,
7290000168173,false,ברנפלקס קרנצים 375 ג' תלמה,יוניליור ישראל מזון,IL,ברנפלקס קרנצים 375 ג,גרמים,375.00,100 גרם,false,1,20.90,5.57,true,1,
7290000174723,false,שוקולית אבקה להכנת משקה שוקו 500 גרם,הנסיך- מפעל לייצור ט,IL,שוקולית 500 גרם,גרמים,500.00,100 גרם,false,1,11.90,2.38,true,1,
7290000176062,false,קפה עלית טורקי 100 גרם,שטראוס קפה בי.וי.,IL,קפה עלית טורקי 100 ג,גרמים,100.00,100 גרם,false,1,8.90,8.90,true,1,
7290000176079,false,קפה עלית טורקי עם הל 100 גרם,הנסיך- מפעל לייצור ט,IL,קפה עלית טורקי עם הל,גרמים,100.00,100 גרם,false,1,8.90,8.90,true,1,
7290000176420,false,קפה נמס אבקתי 200ג עלית,שטראוס קפה בי.וי,IL,קפה נמס עלית 200 גרם,גרמים,200.00,100 גרם,false,1,19.90,9.95,true,1,
7290000176475,false,קפה נמס האג נטול קפאין 200 ג',שטראוס גרופ,IL,קפה האג נמס אבקתי 20,גרמים,200.00,100 גרם,false,1,38.90,19.45,true,1,
7290000178707,false,תפוצ'יפס טבעי 50 גרם,"שטראוס פריטו ליי בע""",IL,תפוציפס טבעי 50 גרם,גרמים,50.00,100 גרם,false,1,4.00,8.00,true,1,
7290000178721,false,חטיף תפוציפס טבעי 20,"שטראוס פריטו ליי בע""",IL,תפוציפס טבעי 200 גרם,גרמים,200.00,100 גרם,false,1,9.90,4.95,true,1,
7290000185330,false,סילאן טבעי תמר כנרת 900 גר,טעמי הגליל,IL,סילאן טבעי תמר כנרת,גרמים,900.00,100 גרם,false,1,23.90,2.66,true,1,
7290000185590,false,סילאן טבעי בבקבוק לחיץ 650 גרם,חצר כינרת מוצרי תמר,IL,סילאן טבעי בבקבוק לח,גרמים,635.00,100 גרם,false,1,19.90,3.13,true,1,
7290000187938,false,לילי - נייר טואולט נייר טואלט פסטל 32 יח',קימברלי קלארק,IL,לילי פסטל 32 גלילים,מטרים,588.00,מטר,false,1,39.90,0.07,true,1,
7290000187952,false,לילי טריפל קומפורט ורוד נ.טואלט 32 גלילי,קימברלי קלארק,IL,לילי טריו ורוד 32 גל,מטרים,537.28,מטר,false,1,42.90,0.08,true,1,
7290000188270,false,קליניקס ממחטות אף אולטרא סופט 2*80 דף,פאפלינס,,קלינקס אול סופט זוג,Unknown,0.00,Unknown,false,1,15.90,15.90,true,1,
7290000189116,false,ניקול תבניות אלומניום עגולות 5 יח',ניקול,CN,תבניות אינגליש קייק,Unknown,0.00,Unknown,false,1,10.90,10.90,true,1,
7290000189536,false,ניקול - שקיות אשפה 40 יח',אשפלסט,TR,שקיות אשפה ניקול 40,Unknown,0.00,Unknown,false,1,19.80,19.80,true,1,
7290000189598,false,מטליות לחות חד פעמיות לניקוי כללי 50 יח' ניקול,עלבד משואות יצחק בעמ,IL,ניקול מטלית לחות חד,Unknown,0.00,Unknown,false,1,11.90,11.90,true,1,
7290000189659,false,מטליות לחות לרצפה ניקול 10 יח'-מרכז,עלבד משואות יצחק בעמ,IL,ניקול מטליות לחות לר,Unknown,0.00,Unknown,false,1,10.90,10.90,true,1,
7290000189734,false,מטליות לחות לפרקט 10יח' ניקול,עלבד משואות יצחק בעמ,IL,מטליות לחות לפרקטים,Unknown,0.00,Unknown,false,1,18.40,18.40,true,1,
7290000189871,false,ניקול שקיות אשפה L עם שרוך 55 יח',"אשפלסט תעשיות בע""מ",IL,אשפתון מתכלה ניקול 5,Unknown,0.00,Unknown,false,1,19.90,19.90,true,1,
7290000190198,false,מטליות לניקוי וחיטוי חדרי שירותים ואמבטיה,עלבד משואות יצחק בעמ,IL,מטלית ניקול לניקוי ח,Unknown,0.00,Unknown,false,1,11.90,11.90,true,1,
7290000190853,false,לילי פיור נייר טואלט דו שכבתי 30 גלילים,חוגלה קימברלי,,לילי פיור נייר טואלט,מטרים,588.00,מטר,false,1,41.90,0.07,true,1,
7290000191652,false,קלינקס ממחטות טישו אולטרא סופט מארז 90X3יח',חוגלה קימברלי,IL,קלינקס שלישייה,Unknown,0.00,Unknown,false,1,10.90,10.90,true,1,
7290000192581,false,מגבת נייר גליל כפול ניקול 12=6 גליל,חוגלה קימברלי,IL,נייר מגבת ניקול 6=12,מטרים,129.72,מטר,false,1,21.50,0.17,true,1,
7290000196039,false,"מפות שולחן איריס ח""פ ניקול 2 יח'",דיספובד,IL,מפות שולחן ניקול זוג,Unknown,0.00,Unknown,false,1,12.00,12.00,true,1,
7290000196763,false,ניקול שקיות לאשפה השקית החזקה 40 יח',"אשפלסט תעשיות בע""מ",IL,השקית החזקה ניקול 40,Unknown,0.00,Unknown,false,1,25.90,25.90,true,1,
7290000197012,false,ניקול שקיות ניילון ריצרץ לאחסון 15יח',ניקול,IL,שקיות ריצרץ לטריות 1,Unknown,0.00,Unknown,false,1,13.40,13.40,true,1,
7290000197753,false,ניילון נצמד אנטי בטקריאלי ניקול 30X2מ',ניקול,CN,זוג ניילון נצמד ניקו,מטרים,60.00,מטר,false,1,11.90,0.20,true,1,
7290000204215,false,ניקול כריות יפניות 6 יח',פלסטו פוליש (ברקן),IL,כרית ניקול שישייה,Unknown,0.00,Unknown,false,1,11.90,11.90,true,1,
7290000204512,false,מטליות לחות לרצפה בניחוח לימון 10 יח' ניקול,עלבד משואות יצחק בעמ,IL,מטליות לחות לרצפה בר,Unknown,0.00,Unknown,false,1,10.90,10.90,true,1,
7290000207162,false,רוטב עגבניות מרכיב טבעי 100 ג' יכין,"זנלכל בע""מ",IL,רוטב עגבניות יכין 10,גרמים,100.00,100 גרם,false,1,2.50,2.50,true,1,
7290000207438,false,עגבניות 2.5 A קוביות 850 גרם יכין,"זנלכל בע""מ",IL,עגבניות 2.5 A קוביות,גרמים,850.00,100 גרם,false,1,9.90,1.16,true,1,
7290000208008,false,חריסה יכין A2 בית יוסף,"זנלכל בע""מ",IL,חריסה 550 גר יכין A/,גרמים,550.00,100 גרם,false,1,9.90,1.80,true,1,
7290000208077,false,אפונת גינה רגילה 550 גרם יכין,"זנלכל בע""מ",IL,אפונת גינה רגילה 550,גרמים,550.00,100 גרם,false,1,8.50,1.55,true,1,
7290000208114,false,"אפונה וגזר יכין A2 פ""ק בית יוסף","זנלכל בע""מ",IL,אפונה וגזר יכין 550,גרמים,550.00,100 גרם,false,1,8.50,1.55,true,1,
7290000208145,false,גרעיני תירס מתוק לייט 550 גרם יכין,"זנלכל בע""מ",IL,תירס לייט יכין 550 ג,גרמים,550.00,100 גרם,false,1,9.90,1.80,true,1,
7290000208176,false,"תפוח אדמה יכין A2 פ""מ בית יוסף","זנלכל בע""מ",IL,תפוחי אדמה מקולפים,גרמים,550.00,100 גרם,false,1,9.90,1.80,true,1,
7290000208220,false,"שעועית צ'לי יכין פ""ק A2 בית יוסף",היינץ צפון אמריקה מק,IL,שעועית צלי חריף A2,גרמים,550.00,100 גרם,false,1,9.90,1.80,true,1,
7290000208312,false,גרעיני תירס מתוק בואקום יכין 400 גר',"זנלכל בע""מ",IL,תירס מתוק יכין 400 ג,גרמים,400.00,100 גרם,false,1,6.90,1.73,true,1,
7290000208329,false,גרעיני תירס מתוק 550 גרם יכין,"זנלכל בע""מ",IL,תירס גרעינים 550 גר,גרמים,550.00,100 גרם,false,1,8.50,1.55,true,1,
7290000208343,false,עגבניות מרוסקות שום יכין A2.5 בית יוסף,היינץ צפון אמריקה מק,IL,עגבניות מרוסקות שום,גרמים,850.00,100 גרם,false,1,9.90,1.16,true,1,
7290000208367,false,עגבניות מרוסקות בתוספת בזיליקום 800 ג' יכין,זנלכל,IL,עגבניות מרוסקות בזיל,גרמים,800.00,100 גרם,false,1,9.90,1.24,true,1,
7290000208534,false,גרעיני תירס מתוק לילדים 550 גרם יכין,"זנלכל בע""מ",IL,תירס קיד יכין 550 גר,גרמים,550.00,100 גרם,false,1,9.90,1.80,true,1,
7290000208893,false,גרעיני תירס מתוק לייט 400 גרם יכין,היינץ צפון אמריקה מק,IL,תירס ואקום לייט 400,גרמים,400.00,100 גרם,false,1,6.90,1.73,true,1,
7290000208930,false,עגבניות מרוסקות בתוספת שום 240 גרם יכין,"זנלכל בע""מ",IL,עגבניות +שום 260 גרם,גרמים,260.00,100 גרם,false,1,6.50,2.50,true,1,
7290000209043,false,מיץ לימון משומר 1 ל' יכין,היינץ צפון אמריקה מק,IL,מיץ לימון יכין 1 ליט,מיליליטרים,1000.00,"100 מ""ל",false,1,6.90,0.69,true,1,
7290000209371,false,שלישיית תירס יכין 165 גר OZ 6,היינץ צפון אמריקה מק,IL,שלישיית תירס יכין 16,גרמים,165.00,100 גרם,false,1,14.90,9.03,true,1,
7290000209388,false,תירס גרגרים לייט וואקום מארז 60X3ג',קסקמט,IL,שלישיית תירס לייט יכ,גרמים,165.00,100 גרם,false,1,14.90,9.03,true,1,
7290000209708,false,עגבניות מרוסקות עם בזיליקום 240 גרם יכין,היינץ צפון אמריקה מק,IL,עגבניות +בזיליקום 26,גרמים,260.00,100 גרם,false,1,6.50,2.50,true,1,
7290000209722,false,רסק עגבניות 28% פריכוז 580 גרם יכין,"זנלכל בע""מ",IL,רסק עגבניות פריכוז A,גרמים,580.00,100 גרם,false,1,10.90,1.88,true,1,
7290000209913,false,עגבניות חתוכות לקוביות 240 גרם יכין,"זנלכל בע""מ",IL,עגבניות קוביות 260 ג,גרמים,260.00,100 גרם,false,1,6.50,2.50,true,1,
7290000209944,false,רוטב לעגבניות בסיס לשקשוקה 240 ג' יכין,"זנלכל בע""מ",IL,רוטב עגבניות לשקשוק,גרמים,260.00,100 גרם,false,1,6.50,2.50,true,1,
7290000209951,false,רוטב עגבניות לפיצה 260 גרם יכין,"זנלכל בע""מ",IL,רוטב עגבניות לפיצה,גרמים,260.00,100 גרם,false,1,6.50,2.50,true,1,
7290000209968,false,רוטב עגבניות ללזניה יכין 240 גרם,"זנלכל בע""מ",IL,רוטב עגבניות ללזניה,גרמים,260.00,100 גרם,false,1,6.50,2.50,true,1,
7290000210896,false,רוטב לפסטה בולונז 240 גרם יכין,"זנלכל בע""מ",IL,רוטב בולונז 260 גרם,מיליליטרים,260.00,"100 מ""ל",false,1,6.50,2.50,true,1,
7290000211169,false,"אורז תאילנדי אחד אחד סוגת 1 ק""ג",האי נאם סי או אל.טי.,IL,"אורז תאילנדי 1 ק""ג",קילוגרמים,0.00,"ק""ג",false,1,7.90,7.90,true,1,
7290000211312,false,סוגת אורז מלא פרסי אחד אחד 1 קג,האי נאם סי או אל.טי.,IL,"אורז מלא 1 ק""ג",גרמים,1000.00,100 גרם,false,1,10.40,1.04,true,1,
7290000211374,false,"קמח מלא סוגת 1 ק""ג",טחנת קמח דגן-שטיבל,IL,"קמח מלא 1 ק""ג סוגת",גרמים,1000.00,100 גרם,false,1,7.50,0.75,true,1,
7290000211442,false,"סוגת אורז פרסי קלאסי שקית 1 ק""ג",האי נאם סי או אל.טי.,IL,"אורז פרסי 1 ק""ג סוג",גרמים,1000.00,100 גרם,false,1,10.80,1.08,true,1,
7290000211626,false,"סוגת אורז חיש 1 ק""ג",סוגת תעשיות בעמ,IL,"אורז חיש 1 ק""ג",גרמים,1000.00,100 גרם,false,1,11.40,1.14,true,1,
7290000211985,false,"אורז ריזוטו עגול סוגת 1 ק""ג","סוגת תעשיות בע""מ",IL,אורז עגול 1 קג,גרמים,1000.00,100 גרם,false,1,9.90,0.99,true,1,
7290000238173,false,מעדנות בורקס גבינה 800גר,מיוצר עי קונדיטוריית,IL,בורקס גבינה מעדנות,גרמים,800.00,100 גרם,false,1,19.90,2.49,true,1,
7290000253251,false,שוקולד צ'יפס לבן אופנהיימר 250 גרם,אופנהיימר,IL,שוקו ציפס לבן אופנהי,גרמים,300.00,100 גרם,false,1,10.90,3.63,true,1,
7290000253800,false,אופנהיימר סוכריות קישוט 90 גר,אופנהיימר,IL,סוכריות קישוט צבעים,גרמים,90.00,100 גרם,false,1,8.90,9.89,true,1,
7290000264752,false,רדיד אלומיניום זוג עם הטבעה ניקול,חוגלה,IL,ניקול רדיד אלומיניום,Unknown,0.00,Unknown,false,1,15.60,15.60,true,1,
7290000267043,false,שקדים מולבנים פרוסים,"דין שיווק וקלייה בע""",IL,שקד מולבן פרוס 100 ג,גרמים,100.00,100 גרם,false,1,12.80,12.80,true,1,
7290000267050,false,שקד מולבן טחון 100 גרם,"דין שיווק וקלייה בע""",IL,שקד מולבן טחון 100 ג,גרמים,100.00,100 גרם,false,1,12.80,12.80,true,1,
7290000267678,false,גרעיני דלעת טבעי קלוף שקדיה 150 ג',"דין שיווק וקלייה בע""",US,גרעין דלעת טבעי קלוף,גרמים,150.00,100 גרם,false,1,13.50,9.00,true,1,
7290000272443,false,סירופ עסיס דיאט תפוזים צ.טבעי 1 ל',בית-השיטה עסיס תעשיו,IL,סירופ דיאט תפוזים 1,מיליליטרים,1000.00,"100 מ""ל",false,1,20.90,2.09,true,1,
7290000272726,false,חומץ טבעי 5% עסיס 1 ל' אסם,בית השיטה עסיס תעשיו,IL,חומץ טבעי עסיס 5% -1,מיליליטרים,1000.00,"100 מ""ל",false,1,6.90,0.69,true,1,
7290000286549,false,סנו סושי מטליות לניקוי כללי 9 יח',נועם אורים תעשיות בע,IL,סנו סושי מטלית לכל 9,Unknown,0.00,Unknown,false,1,10.50,10.50,true,1,
7290000286761,false,ניילון נצמד סנו סושי פלסטיק מארז 30X2 מ',מיוצר עי קונדיטוריית,CN,ניילון נצמד פלוס ללא,מטרים,30.00,מטר,false,1,10.90,0.36,true,1,
7290000287195,false,"סנו רהיט ספריי עשיר בווקס להברקה 305 מ""ל",מיוצר עי קונדיטוריית,IL,סנו רהיט אירוסול 30,מיליליטרים,300.00,"100 מ""ל",false,1,14.90,4.97,true,1,
7290000289472,false,סנו סושי שקיות 76*90 50 יח' XXL,מיוצר עי קונדיטוריית,IL,סנו סושי שקיות אשפה,Unknown,0.00,Unknown,false,1,18.90,18.90,true,1,
7290000291956,false,סנו ז'אוול בריח לבנדר 1 ל',סנו,,סנו זאוול מונבלאן 1,מיליליטרים,1000.00,"100 מ""ל",false,1,8.30,0.83,true,1,
7290000292687,false,סנובון לאסלה כחול אפרסק נתלה 55X3ג',מיוצר עי קונדיטוריית,IL,סנובון כחול שלישייה,Unknown,0.00,Unknown,false,1,16.90,16.90,true,1,
7290000292915,false,"סנו רסס ונגב אקדח 750מ""ל","סנו מפעלי ברונוס בע""",IL,סנו רסס ונגב 750 מל,מיליליטרים,750.00,"100 מ""ל",false,1,13.90,1.85,true,1,
7290000293561,false,"סנו מסיר עובש 750 מ""ל","סנו מפעלי ברונוס בע""",IL,סנו עובש,מיליליטרים,750.00,"100 מ""ל",false,1,15.90,2.12,true,1,
7290000293943,false,סנו אנטי קאלק מסיר אבנית וחלודה 1ל',מיוצר עי קונדיטוריית,IL,מרסס סנו אנטי קאלק 1,מיליליטרים,1000.00,"100 מ""ל",false,1,17.90,1.79,true,1,
7290000294780,false,סנו - ז'אוול אקונומיקה סמיכה מבושמת 4 ליטר,"סנו מפעלי ברונוס בע""",IL,סנו זאוול סמיכה 4 לי,ליטרים,0.00,ליטר,false,1,16.90,16.90,true,1,
7290000295565,false,רדיד אלומיניום סנו סושי זוגי 45X7.5מ',בורסה פזרי,TR,צמד רדיד אלומיניום 7,מטרים,15.00,מטר,false,1,16.90,1.13,true,1,
7290000300900,false,טבעול שניצל תירס 8*750גרם רכיבים טבעיים,עיצובים 2020 (4.8),IL,שניצל תירס 750 גרם,גרמים,750.00,100 גרם,false,1,24.90,3.32,true,1,
7290000315133,false,קנור ציר בקר משחתי 3,יוניליוור ישראל מזון,IL,ציר בקר 300 גרם קנור,גרמים,300.00,100 גרם,false,1,26.50,8.83,true,1,
7290000315140,false,קורנפלקס מלא 500 גרם בדץ,יוניליוור שפע ישראל,IL,קורנפלקס מלא 500 גרם,גרמים,500.00,100 גרם,false,1,21.50,4.30,true,1,
7290000336282,false,"פריגת סיידר צלול 330 מ""ל בקבוק",טמפו משקאות בעמ,IL,פריגת סיידר צלול 3,מיליליטרים,330.00,"100 מ""ל",false,1,8.20,2.48,true,1,
7290000339566,false,מרכך כביסה ורוד 4 ל' בדין,יוניליור ישראל טיפוח,IL,בדין 4 ליטר ורוד,ליטרים,0.00,ליטר,false,1,19.90,19.90,true,1,
7290000341071,false,בדין - מרכך כביסה בייבי לבן 2 ליטר,יוניליוור ישראל טיפו,IL,בדין בייבי 2 ליטר,ליטרים,0.00,ליטר,false,1,14.90,14.90,true,1,
7290000342856,false,מרכך כביסה כחול 4 ל' בדין,יוניליור ישראל טיפוח,IL,בדין 4 ליטר כחול,ליטרים,0.00,ליטר,false,1,19.90,19.90,true,1,
7290000345055,false,תה ויסוצקי ארל גריי 100 ג',מולינו ניקולי s.p.a,IL,תה ארל גריי 100 גרם,גרמים,100.00,100 גרם,false,1,17.70,17.70,true,1,
7290000345208,false,תה ויסוצקי קלאסיק מעודן 25X1.0יח',תה ויסוצקי,IL,תה ויסוצקי 25 שקיקים,Unknown,0.00,Unknown,false,1,7.70,7.70,true,1,
7290000345215,false,תה ויסוצקי קלאסיק 100/1 כחול מעודן,מולינו ניקולי s.p.a,IL,תה קלאסיק 100 שקיקים,גרמים,100.00,100 גרם,false,1,15.90,15.90,true,1,
7290000345260,false,תה ויסוצקי 25 שקיקים 1.5 גרם,מולינו ניקולי s.p.a,IL,תה ויסוצקי 25 שקיקים,Unknown,0.00,Unknown,false,1,8.40,8.40,true,1,
7290000345291,false,תה ארל גריי 25 שקיקים ויסוצקי,תה ויסוצקי,IL,תה ארל גריי 25 שקיקי,Unknown,0.00,Unknown,false,1,16.60,16.60,true,1,
7290000345536,false,תה נענע 25 שקיקים 1.5 גרם,מולינו ניקולי s.p.a,IL,תה נענע 25 שקיקים 1.,Unknown,0.00,Unknown,false,1,21.90,21.90,true,1,
7290000346199,false,חליטת פירות היער 25 שקיקים גן קסום,תה ויסוצקי,IL,חליטת פירות היער 25,Unknown,0.00,Unknown,false,1,18.90,18.90,true,1,
7290000346205,false,חליטת קמומיל 25 שקיקים הגן קסום,תה ויסוצקי,IL,חליטת קמומיל 25 שקיק,Unknown,0.00,Unknown,false,1,18.90,18.90,true,1,
7290000347738,false,תה ירוק נענע 25 שקיקים 1.5 גרם,תה ויסוצקי,IL,תה ירוק נענע 25 שקיק,Unknown,0.00,Unknown,false,1,24.90,24.90,true,1,
7290000347752,false,תה ירוק לימונית ולואיזה 25 שקיקים *1.5 ג'' ויסוצקי,תה ויסוצקי,IL,תה ירוק לימונית לואי,Unknown,0.00,Unknown,false,1,24.90,24.90,true,1,
7290000363899,false,נקניקיות פיקנטיות טירת צבי 400 גר',טירת- צבי,IL,נקניקיות פיקנטיות,גרמים,400.00,100 גרם,false,1,12.90,3.23,true,1,
7290000364261,false,דקניקים סלסולי כתף בקר 120 ג' טירת צבי,הנסיך- מפעל לייצור ט,IL,סלסולי כתף בקר 120גר,גרמים,120.00,100 גרם,false,1,14.90,12.42,true,1,
7290000364278,false,דקניקים סילסולי סלמי איטלקי 120 ג' טירת צבי,הנסיך- מפעל לייצור ט,IL,סלסולי סלמי איטלקי,גרמים,120.00,100 גרם,false,1,14.90,12.42,true,1,
7290000364285,false,דקניקים סלסולי פסטרמה הודו 120 ג' טירת צבי,הנסיך- מפעל לייצור ט,IL,סלסולי פסטרמה הודו,גרמים,120.00,100 גרם,false,1,14.90,12.42,true,1,
7290000364292,false,דקניקים סלסולי פסטרמה הודו על גחלים 120 ג' טירת צבי,הנסיך- מפעל לייצור ט,IL,סלסולי גחלים 120גר,גרמים,120.00,100 גרם,false,1,14.90,12.42,true,1,
7290000364803,false,נקניקיות קרנץ אמריקאי 500 גרם,הנסיך- מפעל לייצור ט,IL,נקניקיות קרנץ אמריקא,גרמים,500.00,100 גרם,false,1,27.90,5.58,true,1,
7290000364872,false,נקניקיות עוף 400 גרםטירת צבי,טיב טירת צבי 2000,IL,נקניקיות עוף 400 גרם,גרמים,400.00,100 גרם,false,1,13.90,3.48,true,1,
7290000377452,false,גרעיני אבטיח קלית גת 200 ג',הדקלאים אגודת שיתופי,IL,גרעיני אבטיח שקית 20,גרמים,200.00,100 גרם,false,1,14.60,7.30,true,1,
7290000377612,false,"מיץ סחוט תפוזים פריגת 400 מ""ל",גת גבעת חיים,IL,פריגת סחוט תפוז 400,מיליליטרים,400.00,"100 מ""ל",false,1,9.90,2.48,true,1,
7290000408316,false,יוגורט דנונה דל לקטוז 200 גרם,מיוצר עי קונדיטוריית,IL,דנונה דל לקטוז,גרמים,200.00,100 גרם,false,1,3.70,1.85,true,1,
7290000408354,false,יוגורט עם אורז מצופה שוקולד קקאו 175 ג' דנונה,"שטראוס בריאות בע""מ",IL,דנונה בר פצפוצים 173,גרמים,173.00,100 גרם,false,1,4.60,2.66,true,1,
7290000416854,false,אבקת קקאו השחר העולה 150ג',השחר העולה תעשייות מ,IL,קקאו 150 גרם השחר הע,גרמים,150.00,100 גרם,false,1,11.80,7.87,true,1,
7290000446547,false,חמאת בוטנים טבעית ללא סוכר 350גר,"בטר אנד דיפרנט בע""מ",IL,חמאת בוטנים טבעית בט,גרמים,350.00,100 גרם,false,1,14.20,4.06,true,1,
7290000446554,false,"חמאת בוטנים טבעית 1 ק""ג בי&די",בטר אנד דיפרנט B&D,IL,חמאת בוטנים טבעית בט,גרמים,1000.00,100 גרם,false,1,26.90,2.69,true,1,
7290000453323,false,קמח תמי עמילן חיטה ללא גלוטן 500 גרם,תמי,IL,קמח תמי עמילן חיטה ל,גרמים,500.00,100 גרם,false,1,18.80,3.76,true,1,
7290000453330,false,קמח תמי לעוגת וניל ללא גלוטן 500 גרם,,IL,קמח תמי לעוגת וניל ל,גרמים,500.00,100 גרם,false,1,18.80,3.76,true,1,
7290000453781,false,שמרים יבשים שמרית 125 גרם,"פאקא תעשיות בע""מ",PT,שמרים יבשים שמרית 12,גרמים,125.00,100 גרם,false,1,6.90,5.52,true,1,
7290000461656,false,בייגלה אחד אחד 400 ג' מקלות,בייגל את בייגל מזון,IL,בייגלה אחד אחד 400 ג,גרמים,400.00,100 גרם,false,1,13.50,3.38,true,1,
7290000467153,false,צבר חומוס סמיר הגדול 400גר,סלטי צבר,IL,חומוס סמיר הגדול 400,גרמים,400.00,100 גרם,false,1,13.90,3.48,true,1,
7290000467320,false,צבר חומוס אבו מרוואן 400גר.,לחמנו,IL,חומוס אבו מרוואן 400,גרמים,400.00,100 גרם,false,1,13.90,3.48,true,1,
7290000474090,false,חלב הומוגני 1% קרטון טרה 1ל',מילקו תעשיות בעמ,IL,חלב 1% בקרטון 1 ליטר,מיליליטרים,1000.00,"100 מ""ל",false,1,5.86,0.59,true,1,
7290000474502,false,גבינה לבנה 5% 250ג' טרה מהדרין,טרה,IL,גבינה לבנה 5%,גרמים,250.00,100 גרם,false,1,4.98,1.99,true,1,
7290000474540,false,גבינה טוב טעם 3% טרה 250ג' מהדרין,טרה,IL,טוב טעם 250 גרם,גרמים,250.00,100 גרם,false,1,11.90,4.76,true,1,
7290000474830,false,גבינה צהובה מגורדת 28% שומן 500 ג' נעם,מילקו תעשיות בעמ,IL,נעם גבינה צהובה מגור,גרמים,500.00,100 גרם,false,1,34.90,6.98,true,1,
7290000480107,false,קוואקר שיבולת שועל פחית 500 גר',וולקרס סנקס לימיטד,GB,קוואקר שיבולת שועל פ,גרמים,500.00,100 גרם,false,1,12.90,2.58,true,1,
7290000480442,false,קוואקר שיבולת שועל שקית 500 גר',פריטו ליי FRITO-LAY,IL,קוואקר 500 גרם שקית,גרמים,500.00,100 גרם,false,1,12.80,2.56,true,1,
7290000482019,false,שקיות קוקי רגיל צליה 10יח',"ש. שסטוביץ בע""מ",IL,קוקי רגיל 10 יח,Unknown,0.00,Unknown,false,1,10.90,10.90,true,1,
7290000483139,false,מרציפן גולמי המרשלג 100 גרם,"המרשלג פרלינס בע""מ",IL,מרציפן גולמי המרשלג,גרמים,100.00,100 גרם,false,1,9.90,9.90,true,1,
7290000483887,false,מרציפן המרשלג ללא תוספת סוכר 75 גרם,המרשלג,IL,מרציפן המרשלג ללא תו,גרמים,75.00,100 גרם,false,1,16.20,21.60,true,1,
7290000490762,false,מאגדת גלידל שוקו 8 יח דיאט,הגלידות של פלדמן,IL,מאגדת גלידל שוקו 8 י,גרמים,400.00,100 גרם,false,1,32.90,8.23,true,1,
7290000497044,false,לחם ברמן אקטיב 750 גר,מאפית י את א ברמן בע,IL,לחם ברמן אקטיב 750 ג,גרמים,750.00,100 גרם,false,1,15.90,2.12,true,1,
7290000497204,false,פיתות אסלי 5 יח' ברמן,מאפית י את א ברמן בע,IL,פיתות אסלי ברמן 5 יח,גרמים,500.00,100 גרם,false,1,6.90,1.38,true,1,
7290000497273,false,לחמניות אקטיב ברמן 450 גר,מאפית י את א ברמן בע,IL,לחמניות אקטיב ברמן 4,גרמים,450.00,100 גרם,false,1,14.50,3.22,true,1,
7290000497426,false,לחם ברמן לענין פלוס 500 גרם,מאפית י את א ברמן בע,IL,לחם ברמן לענין פלוס,גרמים,500.00,100 גרם,false,1,14.50,2.90,true,1,
7290000497570,false,לחם דגנים פלוס ברמן 500 גרם,מאפית י את א ברמן בע,IL,לחם דגנים פלוס ברמן,גרמים,500.00,100 גרם,false,1,14.50,2.90,true,1,
7290000504025,false,סוכרזית פטריה 300 טבליות,אף.סי תבליני בגליל ב,IL,סוכרזית פטריה 300 טב,גרמים,300.00,100 גרם,false,1,10.90,3.63,true,1,
7290000504049,false,סוכרזית קנקן 1200 טבליות,אף.סי תבליני בגליל ב,IL,סוכרזית קנקן 1200 טב,Unknown,0.00,Unknown,false,1,31.50,31.50,true,1,
7290000504278,false,סוכרזית - קלאסי פטנט 700 טבליות,אף.סי תבליני בגליל ב,IL,סוכרזית פטנט 700 טבל,גרמים,574.00,100 גרם,false,1,14.90,2.60,true,1,
7290000518190,false,מתוק וקל סטיביה 100 שקיות,מתוק וקל,IL,מתוק וקל סטיביה 100,Unknown,0.00,Unknown,false,1,29.50,29.50,true,1,
7290000518220,false,סוכרה דיאט ממתיק 100 שקיות,פתח תקווה,IL,סוכרה דיאט 100 שקיות,גרמים,100.00,100 גרם,false,1,25.90,25.90,true,1,
7290000518237,false,סוכרה דיאט אבקת 100 גרם,מתוק וקל בעמ,IL,סוכרה דיאט אבקת 100,גרמים,100.00,100 גרם,false,1,27.10,27.10,true,1,
7290000518336,false,ממתק צמר גפן מתוק מסיבים תזונתיים,מתוק וקל בעמ,IL,MOOOSH צמר גפן מתוק,גרמים,10.00,100 גרם,false,1,5.20,52.00,true,1,
7290000522111,false,חלב טרי אורגני 3% 1 ליטר,,,חלב טרי אורגני 3% 1,מיליליטרים,1000.00,"100 מ""ל",false,1,12.90,1.29,true,1,
7290000522166,false,חלב הרים טהור-עמיד- נטול לקטוז 1 לי 3%,"מחלבות רמת הגולן בע""",IL,חלב הרים טהור-עמיד-,מיליליטרים,1000.00,"100 מ""ל",false,1,11.40,1.14,true,1,
7290000523125,false,מלח הארץ הים האדום 250 ג' עדין,חברת מלח הארץ אילת ב,IL,מלח הארץ ים יבש 250,גרמים,250.00,100 גרם,false,1,5.90,2.36,true,1,
7290000523224,false,מלח הארץ הים האדום 500 ג' עדין,חברת מלח הארץ אילת ב,IL,מלח הארץ ים יבש 500,גרמים,500.00,100 גרם,false,1,7.90,1.58,true,1,
7290000523514,false,מלח הארץ 50% מכמות הנתרן 250 גרם,חברת מלח הארץ אילת ב,IL,מלח ים יבש מופחת נתר,גרמים,250.00,100 גרם,false,1,12.50,5.00,true,1,
7290000523521,false,מלח ים מועשר ביוד 250 ג' מלח הארץ,חברת מלח הארץ אילת ב,IL,מלח הארץ מועשר ביוד,גרמים,250.00,100 גרם,false,1,6.90,2.76,true,1,
7290000523804,false,"מלח עדין צנצנת 1 ק""ג מלח הארץ",חברת מלח הארץ אילת ב,IL,"מלח עדין 1 ק""ג צנצנת",גרמים,1000.00,100 גרם,false,1,8.30,0.83,true,1,
7290000523811,false,"צנצנת מלח גס 1 ק""ג מלח הארץ",חברת מלח הארץ אילת ב,IL,"מלח גס 1 ק""ג צנצנת",גרמים,1000.00,100 גרם,false,1,9.00,0.90,true,1,
7290000525969,false,פרימור סחוט תפוזים טבעי 1ל',"גניר (1992) בע""מ",IL,מיץ תפוזים סחוט 1 ל,מיליליטרים,1000.00,"100 מ""ל",false,1,15.80,1.58,true,1,
7290000529271,false,תה עדנים-חליטת חרוב ופריחת פסיפלורה 45 ג,,IL,תה עדנים-חליטת חרוב,גרמים,45.00,100 גרם,false,1,16.90,37.56,true,1,
7290000529783,false,חליטת קמומיל אורגני 40 גרם עדנים,,,חליטת קמומיל אורגני,Unknown,0.00,Unknown,false,1,16.90,16.90,true,1,
7290000529790,false,חליטת לואיזה לימונית אורגני 40 גרם עדנים,,,חליטת לואיזה לימונית,Unknown,0.00,Unknown,false,1,16.90,16.90,true,1,
7290000529875,false,צאי מאסלה אורגני 30 ג' עדנים,,,תה צאי מאסלה אורגני,Unknown,0.00,Unknown,false,1,16.90,16.90,true,1,
7290000540177,false,טישו שולחני מעוצב 3 שכבות 100 יח,,CN,טישו שולחני מעוצב 3,יחידה,1.00,יחידה,false,1,8.00,8.00,true,1,
7290000540276,false,"שיפודים 5 מ""מ 30 ס""מ 50 יח",,CN,"שיפודים 5 מ""מ 30 ס""מ",יחידה,1.00,יחידה,false,1,5.50,5.50,true,1,
7290000554402,false,מלבי&קוקוס ובוטנים 5,"מיוצר ע""י קוד יצרן E",IL,מעדן מלבי 160 גר,גרמים,160.00,100 גרם,false,1,5.60,3.50,true,1,
7290000554471,false,גבינת מוצרלה 22% נקניק 180ג' גד,"מחלבות גד בע""מ",IL,מוצרלה 180 גרם,גרמים,180.00,100 גרם,false,1,16.40,9.11,true,1,
7290000554532,false,גבינה צפתית מעודנת במלח ים 5% 200 ג' גד,הנסיך- מפעל לייצור ט,IL,צפתית מעודנת 5% במלח,גרמים,200.00,100 גרם,false,1,14.90,7.45,true,1,
7290000554600,false,מוצרלה מגורדת 18% 300 גרם - רובין,מחלבות גד בעמ,IL,מוצרלה מגורדת 300 גר,גרמים,300.00,100 גרם,false,1,24.90,8.30,true,1,
7290000554624,false,ירח מתוק 3% 150 גרם רובין,"מיוצר ע""י קוד יצרן E",IL,מעדן ירח מתוק 150 גר,גרמים,150.00,100 גרם,false,1,5.60,3.73,true,1,
7290000554686,false,לאבנה שמן זית וזעתר 5% 250 גרם - רבנות,מחלבות גד בעמ,IL,לבנה בשמן זית וזעתר,גרמים,250.00,100 גרם,false,1,15.00,6.00,true,1,
7290000554822,false,גבינת ריקוטה טבעי 5% שומן 250 ג' גד,מחלבות גד בעמ,IL,ריקוטה 250 גרם,גרמים,250.00,100 גרם,false,1,14.50,5.80,true,1,
7290000554839,false,שמנת מתוקה קשה בסגנון איטלקי 40% שומן 250 ג' גד,מחלבות גד בעמ,IL,גבינת מסקרפונה 250 ג,גרמים,250.00,100 גרם,false,1,20.90,8.36,true,1,
7290000571232,false,גבינת גאודה טבעית פרוס 30% המחלווה 150ג',גבינות משק אחים מאיר,IL,גבינת גאודה טבעי פרו,גרמים,200.00,100 גרם,false,1,22.90,11.45,true,1,
7290000571300,false,גבינה גאודה פרוס מעושנת המחלבה 150ג',גבינות משק אחים מאיר,IL,גבינת גאודה מעושנת,גרמים,200.00,100 גרם,false,1,22.90,11.45,true,1,
7290000571386,false,יוגורמה יוגורט כבשים 850 גר,גבינות משק אחים מאיר,IL,יוגורמה יוגורט כבשים,גרמים,850.00,100 גרם,false,1,26.90,3.16,true,1,
7290000571393,false,יוגורמה יוגורט כבשים 140 גר,גבינות משק אחים מאיר,IL,יוגורמה יוגורט כבשים,גרמים,140.00,100 גרם,false,1,6.30,4.50,true,1,
7290000571478,false,גבינת תום עיזים פרוס 200 גרם,גבינות משק אחים מאיר,IL,גבינת תום עיזים פרוס,גרמים,200.00,100 גרם,false,1,39.00,19.50,true,1,
7290000571843,false,יוגורט עיזים יוגורמה 140 גר,גבינות משק אחים מאיר,IL,יוגורט עיזים יוגורמה,גרמים,140.00,100 גרם,false,1,6.30,4.50,true,1,
7290000572208,false,חלבה חטיף וניל אחווה 100ג',שוורצקוף& הנקל דיסלד,IL,חלבה 100 גרם אחוה,גרמים,100.00,100 גרם,false,1,3.20,3.20,true,1,
7290000646299,false,פילה נסיכת הנילוס קפוא,דגי תנובה,ZA,פילה נסיכת הנילוס קפ,Unknown,0.00,"ק""ג",true,0,54.90,54.90,true,1,
7290000652542,false,פילה אמנון 5-7 תנובה,דגי תנובה,CN,פילה אמנון קפוא,Unknown,0.00,"ק""ג",true,0,36.90,36.90,true,1,
7290000654546,false,פילה אמנון קפוא 100% דג,תנובה,IL,פילה אמנון קפוא 7-9,Unknown,0.00,"ק""ג",true,0,36.90,36.90,true,1,
7290000662817,false,סלמון מעושן 100 גרם נורבגי,דגי תנובה,צ'ילה (TDE),סלמון מעושן 100 גרם,גרמים,100.00,100 גרם,false,0,23.90,23.90,true,1,
7290000663135,false,קוביות סלמון 100% דג קפוא 300 גרם,commercial mares de,CL,קוביות סלמון 100% דג,גרמים,300.00,100 גרם,false,0,29.90,9.97,true,1,
7290000688381,false,שישיית מי עדן פקק ספורט 0.5 ליטר,"מי עדן בע""מ",IL,מי עדן שישיה אישי,מיליליטרים,3000.00,"100 מ""ל",false,1,14.90,0.50,true,1,
7290000688466,false,מים מינרלים מי עדן ג,מופק ממקור בזלתי עדן,IL,"מי עדן ספורט 750 מ""ל",מיליליטרים,750.00,"100 מ""ל",false,1,3.00,0.40,true,1,
7290000688503,false,"שישיית מי עדן ג'ים 750 מ""ל","מי עדן בע""מ",IL,שישיית מים ספורט 750,מיליליטרים,4500.00,"100 מ""ל",false,1,15.90,0.35,true,1,
7290000995410,false,נבטים סיניים ארוז,נסטלה פורינה USA קר,IL,נבטים סינים,Unknown,0.00,Unknown,false,1,11.90,11.90,true,1,
7290000995939,false,פטרוזליה ארוז,,,פטרוזיליה,Unknown,0.00,Unknown,false,1,4.90,4.90,true,1,
7290000995946,false,שמיר,,,שמיר,Unknown,0.00,Unknown,false,1,4.90,4.90,true,1,
7290000995953,false,כוסברה ארוז,,,כוסברה,Unknown,0.00,Unknown,false,1,4.90,4.90,true,1,
7290000996011,false,נענע ארוז,,,נענע,Unknown,0.00,Unknown,false,1,4.90,4.90,true,1,
7290001045169,false,פרימור סחוט תפוחי עץ צלול 1 ל',"גניר (1992) בע""מ",IL,מיץ תפוחים צלול 1 ל,מיליליטרים,1000.00,"100 מ""ל",false,1,15.80,1.58,true,1,
7290001045688,false,"תפוזים סחוט 400 מ""ל פרימור",פרימור,IL,"תפוזים סחוט 400 מ""ל",מיליליטרים,400.00,"100 מ""ל",false,1,10.90,2.73,true,1,
7290001065983,false,פסיליום 340 גר`,,,פסיליום 340 גר`,Unknown,0.00,Unknown,false,1,64.90,64.90,true,1,
7290001164266,false,גרנולה ללא סוכר 500 גר,אפקט טבעי בעמ,IL,גרנולה ללא סוכר 500,גרמים,500.00,100 גרם,false,1,25.90,5.18,true,1,
7290001164402,false,תערובת ג'עלה,בטר אנד דיפרנט,IL,געלה 200 גר,גרמים,200.00,100 גרם,false,1,13.90,6.95,true,1,
7290001201824,false,תבנית ביצים 12 יח' לארג' אורגני,לסר,IL,ביצים אורגניות 12 יח,Unknown,0.00,Unknown,false,1,21.90,21.90,true,1,
7290001201862,false,ביצי חופש לארג' 12 יחידות,לסר,IL,ביצי חופש 12 יח L,Unknown,0.00,Unknown,false,1,19.50,19.50,true,1,
7290001201893,false,ביצים אומגה M 12 יח,,,ביצים אומגה M 12 יח,יחידה,1.00,יחידה,false,1,18.90,18.90,true,1,
7290001216040,false,טחינה 500 גרם טחינת אל-ארז,דולפין ספא,IL,טחינה 500 גרם טחינת,גרמים,500.00,100 גרם,false,1,16.20,3.24,true,1,
7290001216057,false,"טחינה גולמית אל ארז 1 ק""ג",טחינה אל ארז,IL,"טחינה 1 ק""ג טחינת אל",גרמים,500.00,100 גרם,false,1,32.30,6.46,true,1,
7290001216231,false,טחינה גולמית שומשום מלא אל ארז 500ג',דולפין ספא,IL,טחינה מלאה 500 גרם ט,גרמים,500.00,100 גרם,false,1,17.20,3.44,true,1,
7290001246061,false,מרכך מרוכז פרפיום פנטזי טאצ 1ל',סאסאטק,IL,מרכך כביסה מרוכז כחו,Unknown,0.00,Unknown,false,12,11.90,11.90,true,1,
7290001246122,false,"תרסיס ניקוי כללי+ אקונומיקה 750 מ""ל טאצ",סאסאטק,IL,תרסיס ניקוי כללי+אקו,Unknown,0.00,Unknown,false,1,10.90,10.90,true,1,
7290001246917,false,אקופרינד- מנקה אמבטיות וכיורים 750 מל,אקופרנד,IL,אקופרינד- מנקה אמבטי,מיליליטרים,750.00,"100 מ""ל",false,1,15.90,2.12,true,1,
7290001246955,false,אקופרנד לשטיפה וניקוי פירות וירקות 1 ליט,,,אקופרנד לשטיפה וניקו,מיליליטרים,1000.00,"100 מ""ל",false,1,18.90,1.89,true,1,
7290001246962,false,אקופרינד-נוזל כלים תפוז 1 ליטר,פ.פ.ח. שאביט,IL,אקופרינד-נוזל כלים ת,מיליליטרים,1000.00,"100 מ""ל",false,1,14.90,1.49,true,1,
7290001246979,false,אקופרינד-נוזל כלים 1 ליטר לימון,,,אקופרינד-נוזל כלים 1,מיליליטרים,1000.00,"100 מ""ל",false,1,14.90,1.49,true,1,
7290001246993,false,אקופרינד-נוזל רצפות 4 ליטר,אקופרנד,,אקופרינד-נוזל רצפות,ליטרים,0.00,ליטר,false,1,26.90,26.90,true,1,
7290001247068,false,קרטונית נקטר ספרינג תות בננה 1 ליטר,"יפאורה תבורי בע""מ",IL,קרטונית נקטר ספרינג,מיליליטרים,1000.00,"100 מ""ל",false,1,6.90,0.69,true,1,
7290001247129,false,נקטר ספרינג תפוזים קרטונית 1 ל',"יפאורה תבורי בע""מ",IL,קרטונית נקטר ספרינג,מיליליטרים,1000.00,"100 מ""ל",false,1,6.90,0.69,true,1,
7290001258446,false,משק יעקבס יוגורט כבש,גבינות משק יעקבס,IL,יוגורט צאן 5% 850 מל,מיליליטרים,850.00,"100 מ""ל",false,1,21.90,2.58,true,1,
7290001258668,false,שמנת עיזים למריחה.,גבינות משק יעקבס,IL,עז-מה יחידה,גרמים,250.00,100 גרם,false,1,17.70,7.08,true,1,
7290001258682,false,"יוגורט עיזים באריזה 500 מ""ל",גבינות משק יעקבס,IL,יוגורט עיזים באריזה,מיליליטרים,500.00,"100 מ""ל",false,1,13.10,2.62,true,1,
7290001258729,false,לאבנה עיזים יעקובס 2,גבינות משק יעקבס,IL,לבנה צאן 270 גרם,גרמים,270.00,100 גרם,false,1,20.50,7.59,true,1,
7290001274941,false,מאגדת גלידל פרי פטל 8 יח דיאט,הגלידות של פלדמן,IL,מאגדת גלידל פרי פטל,גרמים,640.00,100 גרם,false,1,26.50,4.14,true,1,
7290001305188,false,פלמוליב כלים שקוף לימון 750 בקבוק חדש,יבואן ומשווק: ש. שסט,GR,פלמוליב לכלים אקטיב,מיליליטרים,750.00,"100 מ""ל",false,1,11.90,1.59,true,1,
7290001342770,false,פפריקה מעושנת טחונה 100 גרם,,HU,פפריקה מעושנת טחונה,גרמים,100.00,100 גרם,false,1,23.90,23.90,true,1,
7290001342848,false,קרם פפריקה הונגרית מתוקה בשפופרת 160 גרם,,HU,קרם פפריקה הונגרית מ,גרמים,160.00,100 גרם,false,1,25.90,16.19,true,1,
7290001407134,false,בארכה פרוסות חלווה שוקו וניל+פ.קקאו 400גר,רושדי תעשיות מזון בע,IL,פרוסות חלבה קלאסית ו,גרמים,400.00,100 גרם,false,1,16.90,4.23,true,1,
7290001407547,false,טחינה גולמית משומשום מלא פי 6 בארכה 500ג',רושדי תעשיות מזון בע,IL,טחינה משומשום מלא פי,גרמים,500.00,100 גרם,false,1,15.90,3.18,true,1,
7290001407752,false,טחינה גולמית עם פטרוזליה בארכה 500ג',רושדי תעשיות מזון בע,,טחינה עם פטרוזיליה,גרמים,500.00,100 גרם,false,1,18.90,3.78,true,1,
7290001407813,false,חלבה שאמית פיסטוק בקטנה בארכה 350ג',רושדי תעשיות מזון בע,IL,חלבה שאמית פיסטוק 35,גרמים,350.00,100 גרם,false,1,17.30,4.94,true,1,
7290001427019,false,"מיץ תפוזים סחוט 100% 500 מ""ל",קשת מיצים,IL,"מיץ תפוז קשת 500 מ""ל",מיליליטרים,500.00,"100 מ""ל",false,1,17.90,3.58,true,1,
7290001427033,false,מיץ תפוחים סחוט טבעי,"פריניב בע""מ",IL,מיץ תפוחים 1 ליטר,מיליליטרים,1000.00,"100 מ""ל",false,1,18.90,1.89,true,1,
7290001427095,false,קשת מיץ סלק תפוח 500 מל,קשת מיצים טבעיים,IL,"מיץ סלק 500 מ""ל",מיליליטרים,500.00,"100 מ""ל",false,1,14.90,2.98,true,1,
7290001427132,false,"מיץ רימונים טבעי 500 מ""ל קשת",קשת מיצים טבעיים,IL,"מיץ רימונים 500 מ""ל",מיליליטרים,500.00,"100 מ""ל",false,1,24.90,4.98,true,1,
7290001427323,false,מיץ סלק ותפוח פט 1 ליטר חדש,,,מיץ סלק ותפוח פט 1 ל,מיליליטרים,1000.00,"100 מ""ל",false,1,22.90,2.29,true,1,
7290001471845,false,אלטמן - ויטמין B-12 פלוס טבליות 120 יח',,,ויטמין B-12 פלוס (12,Unknown,0.00,Unknown,false,1,66.90,66.90,true,1,
7290001482094,false,גבינה פרמז'נו משולשים ויליפוד 200ג',זנטי אס. אי לאלין,IT,פרמזנו 200 גר,גרמים,200.00,100 גרם,false,1,27.50,13.75,true,1,
7290001482384,false,אננס חתוך 227 גרם ויליפוד,וילי פוד,TH,אננס חתוך וילי פוד 2,גרמים,227.00,100 גרם,false,1,4.80,2.11,true,1,
7290001485019,false,גבינת שמנת 5% טעם טבעי 200 ג' טרה,טרה,IL,גבינה שמנת טבעי 5% 2,גרמים,200.00,100 גרם,false,1,12.90,6.45,true,1,
7290001507018,false,וופל גלילית אורגנית 100 גרם השדה,השדה מוצרים אורגניים,IL,וופל גלילית אורגנית,גרמים,100.00,100 גרם,false,1,14.90,14.90,true,1,
7290001507063,false,פתי בר מקמח מלא אורג,השדה מוצרים אורגניים,IL,פתיבר אורגני 200 גר,גרמים,200.00,100 גרם,false,1,9.50,4.75,true,1,
7290001507070,false,פתיבר חרובים אורגני 200 גר,השדה מוצרים אורגניים,IL,פתיבר חרובים אורגני,גרמים,200.00,100 גרם,false,1,9.50,4.75,true,1,
7290001507162,false,חטיף אובלטים אורגניים שומשום 100 גר,השדה מוצרים אורגניים,IL,חטיף אובלטים אורגניי,גרמים,100.00,100 גרם,false,1,8.90,8.90,true,1,
7290001507179,false,חטיף אובלטים אורגניים עם קימל 100 גר,השדה מוצרים טבעיים ו,IL,חטיף אובלטים אורגניי,גרמים,100.00,100 גרם,false,1,8.90,8.90,true,1,
7290001507360,false,חטיף אובלטים אורגניים עם כוסמין 100 גר,השדה מוצרים טבעיים ו,IL,חטיף אובלטים אורגניי,גרמים,100.00,100 גרם,false,1,11.90,11.90,true,1,
7290001515310,false,שש כריות קרצוף יפניות סקוטש ברייט,3m,,שישיית כריות קרצוף,Unknown,0.00,Unknown,false,1,15.60,15.60,true,1,
7290001515631,false,שלושה ספוגי קרצוף קשיחים ארוכים אדומים,M3,ES,שלושה ספוגי קרצוף,Unknown,0.00,Unknown,false,1,10.80,10.80,true,1,
7290001588406,false,בצל יבש אורגני,,,בצל יבש אורי אורגני,קילוגרמים,0.00,"ק""ג",true,0,18.90,18.90,true,1,
7290001588963,false,לבבות חסה אורגני,,,לבבות חסה אורגני,Unknown,0.00,Unknown,false,1,11.00,11.00,true,1,
7290001670408,false,נרות חימום בשקית 50 יח`,לחמנו,CN,נרות חימום בשקית 50,Unknown,0.00,Unknown,false,1,15.60,15.60,true,1,
7290001694459,false,תה ירוק מאצה יפני 50 גרם,,JP,תה ירוק מאצה יפני 50,Unknown,0.00,Unknown,false,1,44.90,44.90,true,1,
7290001990148,false,"סוכר גולדן קלאסי צנצנת 1ק""ג סוגת",האי נאם סי או אל.טי.,IL,סוכר גולדן קלאסי צנצ,גרמים,1000.00,100 גרם,false,1,12.90,1.29,true,1,
7290001990377,false,סוגת שעועית בובס 500 גר,סוגת תעשיות בעמ,IL,שעועית בובס 500 גרם,גרמים,500.00,100 גרם,false,1,12.50,2.50,true,1,
7290001990391,false,אפונה יבשה 1קג סוגת,"סוגת תעשיות בע""מ",IL,"אפונה 1 ק""ג",גרמים,1000.00,100 גרם,false,1,12.90,1.29,true,1,
7290001990407,false,"עדשים ירוקים 1 ק""ג סוגת","סוגת תעשיות בע""מ",IL,"עדשים ירוקים 1 ק""ג",גרמים,1000.00,100 גרם,false,1,15.60,1.56,true,1,
7290002037569,false,לחמניות באוניס 6יח 450גר,,,שישיית לחמניות באניס,גרמים,450.00,100 גרם,false,1,12.90,2.87,true,1,
7290002037637,false,חליות מתוקות מארז 4יח',מאפית י את א ברמן בע,IL,מארז 4 חליות מתוקות,גרמים,360.00,100 גרם,false,1,12.50,3.47,true,1,
7290002043096,false,פריכוני אורז חום מלא שוקולד לבן 70 גרם,נוהלס,BG,פריכוני אורז חום מלא,גרמים,70.00,100 גרם,false,0,8.90,12.71,true,1,
7290002043218,false,ציפס אורז חום מלא מלח אקסטרא 60 ג',מימונס אפיה,BG,ציפס אורז חום מלא מל,Unknown,0.00,Unknown,false,0,6.90,6.90,true,1,
7290002043331,false,ציפס אורז חום מלא כוסמת אקסטרא 60 ג',,BG,ציפס אורז חום מלא כו,גרמים,60.00,100 גרם,false,0,7.90,13.17,true,1,
7290002053118,false,אוריינט אטריות ביצים מס 14 200 ג',האי נאם סי או אל.טי.,PL,אטריות ביצים 14 200,גרמים,200.00,100 גרם,false,1,8.60,4.30,true,1,
7290002053538,false,נודלס תאילנדי אורינטל 400 גר + 25% תוספת,פ.פ.ח. טאביה ספ זאו.או,PL,נודלס תאילנדי אורינט,גרמים,500.00,100 גרם,false,1,13.90,2.78,true,1,
7290002057123,false,זיתים ירוקים חרוזית מנזנילו A-2,קבוצת יבנה,IL,חרוזית ירוק יבנה 540,גרמים,540.00,100 גרם,false,1,9.60,1.78,true,1,
7290002057185,false,טבעות זיתים ירוקים 560 ג' יבנה,קבוצת יבנה,IL,טבעות זיתים ירוקים,גרמים,540.00,100 גרם,false,1,9.90,1.83,true,1,
7290002057352,false,מלפפון במלח 7-9 560 ג' יבנה,קבוצת יבנה מוצרי מזו,IL,מלפפון מלח יבנה 7-9,גרמים,540.00,100 גרם,false,1,6.90,1.28,true,1,
7290002057376,false,מלפפון במלח ‏17‏-‏13‏ 560 ג' יבנה,קבוצת יבנה,IL,מלפפון במלח יבנה 13-,גרמים,540.00,100 גרם,false,1,9.90,1.83,true,1,
7290002057383,false,מלפפון במלח ‏25‏-‏18‏ 560 ג' יבנה,קבוצת יבנה,IL,מלפפון במלח 18-25 יב,גרמים,540.00,100 גרם,false,1,12.90,2.39,true,1,
7290002057451,false,מלפפון בחומץ ‏9‏-‏7‏ %‏20‏ 560 ג' יבנה,אף.סי תבליני בגליל ב,IL,מלפפון בחומץ יבנה 7-,גרמים,540.00,100 גרם,false,1,6.90,1.28,true,1,
7290002057734,false,זיתים חרוזית שחור A2 יבנה 540ג',קבוצת יבנה,IL,זית חרוזית שחור יבנה,גרמים,540.00,100 גרם,false,1,9.90,1.83,true,1,
7290002073017,false,תיק בד עדן טבע,,,תיק בד עדן טבע,Unknown,0.00,Unknown,false,1,5.90,5.90,true,1,
7290002073680,false,גבינה קברה ביין ספרדי עיזים במשקל,,,גבינה קברה ביין ספרד,Unknown,0.00,"ק""ג",true,0,210.00,210.00,true,1,
7290002075233,false,בונבוניירה אייסקונפק,יושלם,,אייסקונפקט 250 גרם,גרמים,250.00,100 גרם,false,1,16.90,6.76,true,1,
7290002107071,false,צוריאל פטה עיזים מעודנת גביע 16% 200ג,מחלבת משק צוריאל,IL,פטה עיזים מעודנת 16%,גרמים,200.00,100 גרם,false,1,26.90,13.45,true,1,
7290002107385,false,גבינת מה עיזים בגליל צוריאל 180 ג',מחלבת משק צוריאל,IL,עז מה גבינת עיזים,גרמים,180.00,100 גרם,false,1,24.90,13.83,true,1,
7290002107491,false,גבינת עזים למריחה טבעי 5% צוריאל 250 ג',מחלבת משק צוריאל,IL,גבינת עיזים למריחה 5,גרמים,250.00,100 גרם,false,1,16.90,6.76,true,1,
7290002107965,false,טבורוג גבינה לאפייה 5% צוריאל 500 ג',מחלבת משק צוריאל,IL,צוריאל גבינה טבורוג,גרמים,500.00,100 גרם,false,1,24.90,4.98,true,1,
7290002130567,false,דבש טהור מפרחי בר בזכוכית 350 גרם,מכוורת יד מרדכי שטרא,IL,דבש טהור יד מרדכי 35,גרמים,350.00,100 גרם,false,1,18.90,5.40,true,1,
7290002130574,false,דבש טהור מפרחי בר בזכוכית 500 ג' יד מרדכי,מכוורת יד מרדכי שטרא,IL,דבש טהור יד מרדכי500,גרמים,500.00,100 גרם,false,1,24.70,4.94,true,1,
7290002132011,false,עוגיות מזרחיות עבאדי 500 גרם,מאפיית יוסף ושמחה עב,IL,עבאדי עוגיות מזרחיות,גרמים,400.00,100 גרם,false,1,18.90,4.73,true,1,
7290002133162,false,השומרון בולגרית גביע,מחלבת השומרון,IL,בולגרית % 5 בגביע 25,גרמים,200.00,100 גרם,false,1,19.50,9.75,true,1,
7290002133506,false,יוגורט של פעם חלב עיזים 400גר,מחלבת השומרון,IL,יוגורט של פעם חלב עי,גרמים,400.00,100 גרם,false,1,11.90,2.98,true,1,
7290002133537,false,יוגורט של פעם עיזים 180גר,מחלבת השומרון,IL,יוגורט של פעם עיזים,גרמים,180.00,100 גרם,false,1,6.20,3.44,true,1,
7290002133575,false,יוגורט של פעם חלב כבשים 400גר,מחלבת השומרון,,יוגורט של פעם חלב כב,גרמים,400.00,100 גרם,false,1,11.90,2.98,true,1,
7290002133858,false,בולגרית צאן 250 מ`ל השומרון,מחלבת השומרון,IL,בולגרית צאן 250 גרם,גרמים,250.00,100 גרם,false,1,22.90,9.16,true,1,
7290002133889,false,בולגרית מעודנת 5% בגביע 250 גר,מחלבת השומרון,IL,בולגרית מעודנת 5%,גרמים,250.00,100 גרם,false,1,20.90,8.36,true,1,
7290002133940,false,יוגורט של פעם כבשים 180 גר,מחלבת השומרון,IL,יוגורט של פעם כבשים,גרמים,180.00,100 גרם,false,1,7.10,3.94,true,1,
7290002196891,false,מלח סלרי 120 גר,,,מלח סלרי 120 גר,גרמים,120.00,100 גרם,false,1,19.90,16.58,true,1,
7290002196969,false,מזון מלכות 37000,,,מזון מלכות 37000,גרמים,450.00,100 גרם,false,1,84.90,18.87,true,1,
7290002232964,false,פירורים לציפוי פז לל,"תירפז בע""מ",IL,צפוי פז טחון דק 600,גרמים,600.00,100 גרם,false,1,33.50,5.58,true,1,
7290002253105,false,מגשית קוביות שום טרי דורות 80 ג',עיצובים 2020 (3.8),IL,מגשית שום טרי דורות,גרמים,80.00,100 גרם,false,1,12.90,16.13,true,1,
7290002253150,false,בזיליקום טרי קצוץ דורות 70 ג',עיצובים 2020 (3.8),IL,מגשית בזיליקום דורות,גרמים,70.00,100 גרם,false,1,12.50,17.86,true,1,
7290002253181,false,כוסברה טריה קצוצה 70 ג' דורות,עיצובים 2020 (3.8),IL,מגשית כוסברה דורות 7,גרמים,70.00,100 גרם,false,1,12.50,17.86,true,1,
7290002253198,false,ג'ינג'ר טרי כתוש במגשית 70 ג' דורות,עיצובים 2020 (3.8),IL,מגשית גינגר כתוש קפו,גרמים,70.00,100 גרם,false,1,13.50,19.29,true,1,
7290002263661,false,"מיץ לימון 100% טבעי 250 מ""ל",,IT,מיץ לימון 100% טבעי,מיליליטרים,250.00,"100 מ""ל",false,0,7.50,3.00,true,1,
7290002320487,false,מעדן משמש 100% פרי ל.ת.סוכר בית יצחק 284ג',בית יצחק,,"מעדן משמש ללת""ס 100%",גרמים,284.00,100 גרם,false,1,17.90,6.30,true,1,
7290002331490,false,נביעות מים מינרלים 1 ליטר,נביעות טבע הגליל בעמ,IL,מים נביעות 1 ליטר,מיליליטרים,1000.00,"100 מ""ל",false,1,2.90,0.29,true,1,
7290002333098,false,גרגירי חומוס אורגני,אול אורגני,IL,חומוס אורגני 500 גר,גרמים,500.00,100 גרם,false,1,10.90,2.18,true,1,
7290002333104,false,בורגול אורגני הרדוף,אול אורגני,IL,בורגול אורגני 500 גר,גרמים,500.00,100 גרם,false,1,8.90,1.78,true,1,
7290002333456,false,גריסי פנינה אורגני 500 גר,אול אורגני,IL,גריסי פנינה אורגני,גרמים,500.00,100 גרם,false,1,9.90,1.98,true,1,
7290002333463,false,הרדוף שעועית מש אורגני 500 ג,אול אורגני,IL,שעועית מש אורגנית 50,גרמים,500.00,100 גרם,false,1,15.90,3.18,true,1,
7290002333494,false,שעועית אזוקי אורגנית 500 גרם,טריאקי,TR,שעועית אזוקי אורגנית,גרמים,500.00,100 גרם,false,1,15.90,3.18,true,1,
7290002333500,false,עדשים אדומים אורגני,אול אורגני,IL,עדשים אדומים 500 גר,גרמים,500.00,100 גרם,false,1,11.90,2.38,true,1,
7290002333678,false,שומשום מלא אורגני 300 גר,אול אורגני,IL,שומשום מלא אורגני 30,גרמים,300.00,100 גרם,false,1,12.90,4.30,true,1,
7290002333692,false,דוחן אורגני 500 ג הר,הרדוף,,דוחן אורגני 500 גר,גרמים,500.00,100 גרם,false,1,10.90,2.18,true,1,
7290002333838,false,כוסמת אורגני הרדוף 5,אול אורגני,IL,כוסמת אורגנית 500 גר,גרמים,500.00,100 גרם,false,1,11.40,2.28,true,1,
7290002333951,false,עדשים ירוקים אורגנים 500 גר,אול אורגני,IL,עדשים ירוקים אורגנים,גרמים,500.00,100 גרם,false,1,11.90,2.38,true,1,
7290002333968,false,עדשים צהובות חצויות אורגני 500 גר,הרדוף,,עדשים צהובות חצויות,גרמים,500.00,100 גרם,false,1,12.90,2.58,true,1,
7290002333982,false,שעועית לבנה אורגנית 500 גר,אול אורגני,IL,שעועית לבנה אורגנית,גרמים,500.00,100 גרם,false,1,15.90,3.18,true,1,
7290002333999,false,גרעיני חמניות אורגנים 300 גר הרדוף,אול אורגני,IL,גרעיני חמניות אורגני,גרמים,300.00,100 גרם,false,1,12.90,4.30,true,1,
7290002353836,false,סרדינים רוברט בשמן זית 115 גרם,קונסרבס פורטוגל נורט,PT,סרדינים רוברט בשמן,גרמים,120.00,100 גרם,false,1,8.90,7.42,true,1,
7290002360155,false,חליטת תה פרחי שומר פומפדור 20 שקיקים,TEEKANNE- POMPADOU,DE,תה חליטת פומפדור שומ,Unknown,0.00,Unknown,false,1,18.80,18.80,true,1,
7290002360230,false,חרדל דיזון גרגרים 210 גרם בורנייר,EUROPEENNE DE CONDIM,FR,חרדל דיזון גרגרים 21,גרמים,200.00,100 גרם,false,1,15.40,7.70,true,1,
7290002360278,false,חליטת תה מנטה פומפדור 20 שקיקים,"איטיליאן פוד, אס.פי.",DE,תה חליטת מנטה 20 יח,Unknown,0.00,Unknown,false,1,18.80,18.80,true,1,
7290002360285,false,תה פומפדור חליטת צמחים קמומיל 20 שק,TEEKANNE- POMPADOU,DE,תה חליטת קמומיל 20 י,Unknown,0.00,Unknown,false,1,18.80,18.80,true,1,
7290002371526,false,סלסולי פסטרמה שום וצילי 120 גר טירת צבי,הנסיך- מפעל לייצור ט,IL,סלסולי פסטרמה שום,גרמים,120.00,100 גרם,false,1,14.90,12.42,true,1,
7290002371533,false,דקניקים סלסולי פסטרמה בדבש 120 ג' טירת צבי,הנסיך- מפעל לייצור ט,IL,סלסולי פסטרמה ודבש 1,גרמים,120.00,100 גרם,false,1,14.90,12.42,true,1,
7290002371540,false,דקניקים קורנדביף 120 ג' טירת צבי,הנסיך- מפעל לייצור ט,IL,קורנביף 120 גר,גרמים,120.00,100 גרם,false,1,14.90,12.42,true,1,
7290002374268,false,שמן חמניות מילומור 1 ליטר,שמן תעשיות,IL,שמן חמניות 1 ליטר,מיליליטרים,1000.00,"100 מ""ל",false,1,12.50,1.25,true,1,
7290002374312,false,"שמן קנולה מילומור 1 ל' עד""ח","נארז ע""י : א.ג. גילר",IL,שמן קנולה 1 ליטר,מיליליטרים,1000.00,"100 מ""ל",false,1,10.90,1.09,true,1,
7290002374640,false,שמן קנולה פלוס אומגה 3 1 ליטר עץ הזית,שמן תעשיות,IL,שמן קנולה פלוס אומגה,מיליליטרים,1000.00,"100 מ""ל",false,1,16.90,1.69,true,1,
7290002421115,false,כדורי לאבנה בקר 400 גרם,מחלבת גדות,,כדורי לאבנה בקר 400,גרמים,400.00,100 גרם,false,1,33.90,8.48,true,1,
7290002421160,false,גבינת פטה 160 גרם גד,מחלבת גדות,,גבינת פטה 19% 160 גר,גרמים,160.00,100 גרם,false,1,23.90,14.94,true,1,
7290002421177,false,גבינת תום היידי בת ההרים 170 גרם,מחלבת גדות,,גבינת תום היידי,גרמים,170.00,100 גרם,false,1,33.20,19.53,true,1,
7290002421399,false,גבינת גאודה צילי 200 גרם,מחלבת גדות,,גבינת גאודה צילי 200,גרמים,200.00,100 גרם,false,1,24.90,12.45,true,1,
7290002421443,false,גבינת צדר 180 גרם חל,מחלבת גדות,,גבינת צדר 180 גרם,גרמים,180.00,100 גרם,false,1,23.90,13.28,true,1,
7290002543121,false,קלוגס אול בראן פלקס עם צימוקים 500 גרם,,,קלוגס אול בראן פלקס,גרמים,500.00,100 גרם,false,1,28.70,5.74,true,1,
7290002551010,false,טונה סטארקיסט במים 160 גרם,"סטארקיסט פודור בע""מ",TR,טונה סטארקיסט במים,גרמים,160.00,100 גרם,false,1,7.40,4.63,true,1,
7290002566175,false,חטיף שומשום בתוספת סילאן טבעי 180 גרם,,IL,חטיף שומשום בתוספת ס,גרמים,180.00,100 גרם,false,1,17.90,9.94,true,1,
7290002566946,false,חטיף בוטנים 180 גרם,,,חטיף בוטנים 180 גרם,גרמים,180.00,100 גרם,false,1,17.90,9.94,true,1,
7290002617013,false,מונטניולו גרמני במשקל,,,מונטניולו גרמני במשק,Unknown,0.00,"ק""ג",true,0,168.00,168.00,true,1,
7290002661115,false,לחם שיפון הולנדי 1.2 מהדרין,מאפית י את א ברמן בע,IL,לחם הולנדי 1 קג,גרמים,1200.00,100 גרם,false,1,17.90,1.49,true,1,
7290002661443,false,פירורי לחם מוזהבים עדינים 200 גר.,,IL,פירור זהוב עדין 200,גרמים,250.00,100 גרם,false,1,2.90,1.16,true,1,
7290002661474,false,פירור זהוב עם שמשום 200 גרם,,IL,פירור זהוב עם שמשום,גרמים,250.00,100 גרם,false,1,2.90,1.16,true,1,
7290002661856,false,מיני קרוטונים מתובלים למרק ולסלט 350 גרם,מאפית י את א ברמן בע,GB,מיני קרוטונים מתובלי,גרמים,350.00,100 גרם,false,1,17.90,5.11,true,1,
7290002661962,false,קרקר תירס פריך בתוספ,אבונט ק.פ.ט,HU,פריך קינואה 150 גרם,גרמים,150.00,100 גרם,false,1,7.20,4.80,true,1,
7290002661979,false,קרקר פריך פישתן כשלפ 100גר,אבונט ק.פ.ט,HU,פריך פישתן 150 גרם,גרמים,150.00,100 גרם,false,1,7.20,4.80,true,1,
7290002661986,false,קרקר תירס פריך ברמן,אבונט ק.פ.ט,HU,פריך תירס 150 גרם,גרמים,150.00,100 גרם,false,1,7.20,4.80,true,1,
7290002674221,false,"אקווה פרש משחת שינים משאבה מנטה 100 מ""ל",גלקסו סמית קליין,GB,אקוה פרש משחת שיניים,Unknown,0.00,Unknown,false,1,20.50,20.50,true,1,
7290002692393,false,שמן קנולה מועשר1 ליטר-עץ הזית,שמן תעשיות,IL,שמן קנולה עץ הזית 1,מיליליטרים,1000.00,"100 מ""ל",false,1,15.90,1.59,true,1,
7290002730262,false,פלמוליב כלים שקוף קלאסי 750 בקבוק חדש,יבואן ומשווק: ש. שסט,GR,פלמוליב לכלים אקטיב,מיליליטרים,750.00,"100 מ""ל",false,1,11.90,1.59,true,1,
7290002730521,false,צימרוני אוזניים בלונס בקופסא 200 יח',ספטונה,GR,צמרונים בלונס קופסא,Unknown,0.00,Unknown,false,1,7.90,7.90,true,1,
7290002752332,false,"סוכריות מנטוס פירות בגליל, 37.5 גרם",הדקלאים אגודת שיתופי,NL,מנטוס פירות,גרמים,37.00,100 גרם,false,1,3.60,9.73,true,1,
7290002752349,false,סוכריות מנטוס מנטה 40יח' בגליל 38ג',פרפטי ואן מלה,NL,מנטוס מנטה גליל 37 ג,גרמים,37.00,100 גרם,false,1,3.60,9.73,true,1,
7290002793311,false,שירות והחלפה מילוי גז 60 סודהסטרים,סודה סטרים,IL,שירות והחלפה מילוי ג,Unknown,0.00,Unknown,false,1,59.90,59.90,true,1,
7290002824183,false,גבינה לבנה 5% שומן 500 ג' שטראוס,מיוצר עי קונדיטוריית,IL,סקי משפחתי 5% 500 גר,גרמים,500.00,100 גרם,false,1,9.96,1.99,true,1,
7290002824466,false,יוגורט דנונה ביו 0% 200 גרם,"שטראוס בריאות בע""מ",IL,יוגורט דנונה ביו 0%,מיליליטרים,200.00,"100 מ""ל",false,1,3.70,1.85,true,1,
7290002824640,false,גבינה שטראוס 5% 250 ג',מיוצר עי קונדיטוריית,IL,גבינת סקי 5% 250 גרם,גרמים,250.00,100 גרם,false,1,4.98,1.99,true,1,
7290002842002,false,מורנפלייק שיבולת שועל 500 גרם הכנה מהירה,מורנינג פוד,GB,מורנפלייק שיבולת שוע,גרמים,500.00,100 גרם,false,1,11.90,2.38,true,1,
7290002842293,false,סרדין מינרבה חריף 120 גרם,יו.אס.איי וליו קו,,סרדין מינרבה חריף 12,גרמים,120.00,100 גרם,false,1,8.90,7.42,true,1,
7290002842309,false,סרדין מינרבה בשמן 120 גרם,יו.אס.איי וליו קו,,סרדין מינרבה בשמן 12,גרמים,120.00,100 גרם,false,1,8.90,7.42,true,1,
7290002868996,false,קוטג' 5% מועשר טרה 250ג' מהדרין,טרה,IL,קוטג 5% מועשר 250 גר,גרמים,250.00,100 גרם,false,1,5.90,2.36,true,1,
7290002879237,false,טורטיה חטיף צ'יפס תירס צ'ילי 200ג' פלוטקין,דדוש דניאל,,סומבררו ברבקיו 200 ג,מיליליטרים,200.00,"100 מ""ל",false,1,18.50,9.25,true,1,
7290002879282,false,ציפס חטיף תירס טבעי סומבררו 200 גרם,אן. וי סנק פוד,BE,סומבררו-תירס טבעי 20,גרמים,200.00,100 גרם,false,1,18.50,9.25,true,1,
7290002881018,false,מעדן תות שדה 100% 284 גרם,,,מעדן תות שדה 100% 28,גרמים,284.00,100 גרם,false,1,14.90,5.25,true,1,
7290002881032,false,מעדן אוכמניות כחולות 100% 284 גרם,,,מעדן אוכמניות כחולות,גרמים,284.00,100 גרם,false,1,14.90,5.25,true,1,
7290002881216,false,רסק תפוחי עץ דיאט 708 גרם צנצנת,,,רסק תפוחי עץ דיאט 7,גרמים,708.00,100 גרם,false,1,12.10,1.71,true,1,
7290002881414,false,תומר-אטריות ביציםעבו,אופאל,CN,נודלס עבה 400 גרם,גרמים,400.00,100 גרם,false,1,7.50,1.88,true,1,
7290002881513,false,חמאת בוטנים עם שברי בוטנים תמר 510 גר',,,חמאת בוטנים עם שברי,גרמים,500.00,100 גרם,false,1,16.90,3.38,true,1,
7290002881551,false,עלי גפן בשמן זית ממולא 400ג תומר,אסמא קונסרב,TR,עלי גפן ממולאים 400,גרמים,400.00,100 גרם,false,1,10.40,2.60,true,1,
7290002881865,false,פטריות שמפיניון חתוכות 400 ג' תומר,Prochamp B.V,,פטריות חתוכות 400 גר,גרמים,400.00,100 גרם,false,1,5.20,1.30,true,1,
7290002881964,false,סרדינים מרוקאי ברוטב עגבניות 125ג' תומר,Union des pecheries,MA,סרדין מרוקאי ברוטב ע,גרמים,125.00,100 גרם,false,1,6.50,5.20,true,1,
7290002900566,false,פסטרמה ברביקיו דל שומן טירת צבי 360 ג',הנסיך- מפעל לייצור ט,IL,"פסטרמה ברביקיו ד""ש 3",גרמים,360.00,100 גרם,false,1,25.90,7.19,true,1,
7290002909569,false,דג ברבוניה פילה קפוא 400 ג',דולפין ספא,,פילה ברבוניה 400 גרם,גרמים,400.00,100 גרם,false,1,22.90,5.73,true,1,
7290002971016,false,"שטיבל סולת חיטה 1 ק""ג","שטיבל בע""מ",IL,"סולת שטיבל 1 ק""ג",גרמים,1000.00,100 גרם,false,1,4.80,0.48,true,1,
7290002971207,false,קמח רב תכליתי מס 1 שטיבל 1 קג,שטיבל טחנות קמח,IL,קמח רב תכליתי מס 1 ש,גרמים,1000.00,100 גרם,false,1,9.60,0.96,true,1,
7290002971214,false,"קמח לחם מעושר מס 2 1 ק""ג",מיוצר עי קונדיטוריית,IL,קמח לחם מעושר מס 2 1,גרמים,1000.00,100 גרם,false,1,10.10,1.01,true,1,
7290002971993,false,"קמח כוסמין מס 14 ללא ניפוי 1 ק""ג",טחנת קמח דגן-שטיבל,IL,קמח כוסמין מס 14 ללא,גרמים,1000.00,100 גרם,false,1,15.60,1.56,true,1,
7290002973669,false,"קמח שטיבל ללחם 2 ללא ניפוי 1 ק""ג",טחנת קמח דגן-שטיבל,IL,קמח שטיבל ללחם 2 ללא,גרמים,1000.00,100 גרם,false,1,9.40,0.94,true,1,
7290003004683,false,"מורינגה 400 מ""ג 120 כמוסות",,,"מורינגה 400 מ""ג 120",Unknown,0.00,Unknown,false,1,94.90,94.90,true,1,
7290003004812,false,"שמן המפ 250 מ""ל",,,"שמן המפ 250 מ""ל",מיליליטרים,250.00,"100 מ""ל",false,1,119.90,47.96,true,1,
7290003009329,false,בוטן אמריקאי קלית גת 200 ג',הדקלאים אגודת שיתופי,IL,בוטן אמריקאי שקית 20,גרמים,200.00,100 גרם,false,1,7.30,3.65,true,1,
7290003011087,false,אורז בסמטי אלפאנט 1 קג,אלסקה/ טילדה,IN,אורז בסמטי אלפאנט 1,גרמים,1000.00,100 גרם,false,1,12.90,1.29,true,1,
7290003024001,false,גבינה ברי צרפתי במשקל,,FR,גבינה ברי צרפתי,Unknown,0.00,"ק""ג",true,0,184.00,184.00,true,1,
7290003024513,false,גבינת פקורינו טוסקנו שקיל,,,גבינת פקורינו טוסקנו,Unknown,0.00,"ק""ג",true,0,259.00,259.00,true,1,
7290003029181,false,משקה יטבתה שוקו' בקבוק 1ל מהדרין,שטראוס גרופ,IL,שוקו בקבוק יטבתה,מיליליטרים,1000.00,"100 מ""ל",false,1,11.90,1.19,true,1,
7290003029389,false,"משקה חלב בננה פקק ספורט 250 מ""ל יוטבתה",שטראוס גרופ,IL,"בננה פקק 250 מ""ל",מיליליטרים,250.00,"100 מ""ל",false,1,5.50,2.20,true,1,
7290003029433,false,"משקה יטבתה שוקו פקק 250 מ""ל מהדרין",שטראוס גרופ,IL,שוקו פקק יטבתה 250 מ,מיליליטרים,250.00,"100 מ""ל",false,1,5.50,2.20,true,1,
7290003029815,false,חלב יוטבתה מועשר 3% בכד 2ל',שטראוס גרופ,IL,חלב יטבתה 3% מועשר 2,ליטרים,0.00,ליטר,false,1,15.00,15.00,true,1,
7290003054183,false,מסטמכר לחם שיפון מלא 500ג,מרום את קונפינו,DE,לחם שיפון מלא 500 גר,גרמים,500.00,100 גרם,false,1,14.90,2.98,true,1,
7290003054213,false,מסטמכר לחם שיפון כפרי 500ג,מרום את קונפינו,DE,לחם שיפון כפרי 500 ג,גרמים,500.00,100 גרם,false,1,14.90,2.98,true,1,
7290003054220,false,מסטמכר לחם שיפון פומפרניקל 500ג,מסטמאכר ג'.אמ.בי.הי,DE,לחם שיפון פומפרניקל,גרמים,500.00,100 גרם,false,1,14.90,2.98,true,1,
7290003126712,false,"משק צוריאל יוגורט עיזים 3% ביו 140מ""ל",מחלבת משק צוריאל,IL,משק צוריאל יוגורט עי,גרמים,140.00,100 גרם,false,1,6.50,4.64,true,1,
7290003126958,false,טופו גבינה גוש בואקום צוריאל 300 ג',א.י.ן תעשיות מזון בע,IL,טופו גולמי 300גר,גרמים,300.00,100 גרם,false,1,13.50,4.50,true,1,
7290003144310,false,תערובת אגוזים וחמוציות קליית גת 150 גרם,ליימן מותגים,IL,תערובת אגוזים וחמוצי,גרמים,150.00,100 גרם,false,1,21.90,14.60,true,1,
7290003145751,false,קשיו קלוי קליית גת 200 גר,הדקלאים אגודת שיתופי,IL,קשיו קלוי קליית גת 2,גרמים,200.00,100 גרם,false,1,23.90,11.95,true,1,
7290003176182,false,ארניקה היל קרם לעור (50),,,ארניקה היל קרם לעור,Unknown,0.00,Unknown,false,1,72.90,72.90,true,1,
7290003213146,false,צילי מקסיקני במשקל,,,צילי מקסיקני במשקל,Unknown,0.00,"ק""ג",true,0,69.00,69.00,true,1,
7290003220588,false,"רוטה צ'ילי מתוק ללא סוכר 700 מ""ל WOK",תאי פרידה אינדסטרי ב,TH,רוטב צ`ילי מתוק ללא,מיליליטרים,700.00,"100 מ""ל",false,1,17.70,2.53,true,1,
7290003220595,false,"ווק אורז לסושי 1 ק""ג WOK","מיה תעשיות מזון בע""מ",IL,אורז לסושי 1 ק`ג,גרמים,1000.00,100 גרם,false,1,13.50,1.35,true,1,
7290003220779,false,"ווק אטריות אורז עובי 3 מ""מ 400 גרם",אסיאן סופירה פודס חב,TH,מקלוני אורז 3 ממ 400,גרמים,400.00,100 גרם,false,1,9.90,2.48,true,1,
7290003220786,false,"אטריות אורז ללא גלוטן 5 מ""מ 400 ג' WOK",אסיאן סופירה פודס חב,TH,מקלוני אורז 5 מ`מ 40,גרמים,400.00,100 גרם,false,1,9.90,2.48,true,1,
7290003220830,false,ווק חומץ אורז יסמין,דיאמונד פריזרוד פודס,TH,חומץ אורז יסמין 500,מיליליטרים,500.00,"100 מ""ל",false,1,15.50,3.10,true,1,
7290003220977,false,עוגיות חצי ירח מצופה 175 נאפה מעדני מלך,מגדנית הדר,IL,מעדני המלך חצי ירח מ,גרמים,175.00,100 גרם,false,1,7.90,4.51,true,1,
7290003229116,false,פסטרמה בדבש 400 גרםטירת צבי,הנסיך- מפעל לייצור ט,IL,פסטרמה בדבש 400 גרם,גרמים,400.00,100 גרם,false,1,25.90,6.48,true,1,
7290003229123,false,פסטרמה על גחלים 400 גרםטירת צבי,הנסיך- מפעל לייצור ט,IL,פסטרמה על גחלים,גרמים,400.00,100 גרם,false,1,25.90,6.48,true,1,
7290003229147,false,נקניק סלמי איטלקי טירת צבי 300 ג',הנסיך- מפעל לייצור ט,IL,סלמי איטלקי 300 גרם,גרמים,300.00,100 גרם,false,1,25.90,8.63,true,1,
7290003229154,false,סלמי קוניאק מובחר טירת צבי 300 ג',הנסיך- מפעל לייצור ט,IL,סלמי קוניאק 300 גרם,גרמים,300.00,100 גרם,false,1,25.90,8.63,true,1,
7290003229192,false,כתף בקר מעושן טירת צבי 400 ג' צבי,טיב טירת צבי 2000,IL,כתף בקר מעושן 400 גר,גרמים,400.00,100 גרם,false,1,28.90,7.23,true,1,
7290003229208,false,פסטרמה ספרדית 2% טירת צבי 360 ג',טירת- צבי,IL,פסטרמה ספרדית 360 גר,גרמים,360.00,100 גרם,false,1,29.90,8.31,true,1,
7290003229215,false,פסטרמה איטלקית טירת צבי 360 ג',טירת- צבי,IL,פסטרמה איטלקית 360 ג,גרמים,360.00,100 גרם,false,1,29.90,8.31,true,1,
7290003321155,false,יוגורט בר עם פקאן מצופה שוקולד 183 ג' דנונה,"שטראוס בריאות בע""מ",IL,דנונה בר פקאן 183 גר,גרמים,183.00,100 גרם,false,1,4.60,2.51,true,1,
7290003411405,false,נר נשמה להבית 24 שעות,מיוצר בסין.יבוא ושיו,CN,נר נשמה בפח הנמל 24,Unknown,0.00,Unknown,false,1,2.70,2.70,true,1,
7290003427154,false,"שמן זית כתית מעולה מעודן זיתא 750 מ""ל",זיתא – י.ט.ב תעשיות,IL,שמן זית כתית מעולה מ,מיליליטרים,750.00,"100 מ""ל",false,1,32.90,4.39,true,1,
7290003438006,false,ממרח אולביה פסטו וצנובר איטלקי 190ג',מיוצר עי קונדיטוריית,IL,ממרח פסטו איטלקי,גרמים,180.00,100 גרם,false,1,13.90,7.72,true,1,
7290003438020,false,ממרח עגבניות מיובשות אוליביה 190 גר,מיוצר עי קונדיטוריית,IL,ממרח עגבניות מיובשות,גרמים,190.00,100 גרם,false,1,13.90,7.32,true,1,
7290003438709,false,ממרח אולביה זיתים שחורים וירוקים 190 ג',גוד פוד פרודקטס S.p,IL,ממרח זיתים שחורים,גרמים,190.00,100 גרם,false,1,13.90,7.32,true,1,
7290003438853,false,אוליביה ממרח אריסה חריפה 185 גר ',אוליביה,IL,אריסה חריפה אוליביה,גרמים,180.00,100 גרם,false,1,13.90,7.72,true,1,
7290003438990,false,עיטורי עגבניות מיובשות וזיתים אוליביה 280 ג',אוליביה גורמה בעמ,IL,עיטורי עגבניות מיובש,גרמים,280.00,100 גרם,false,1,19.80,7.07,true,1,
7290003441952,false,קיוליק קפליות חיסכון (60) כשר,,,קיוליק קפליות חיסכון,Unknown,0.00,Unknown,false,1,104.90,104.90,true,1,
7290003449750,false,דיאנטוס,,,דיאנטוס,Unknown,0.00,Unknown,false,1,129.90,129.90,true,1,
7290003450602,false,חרדל אמיתי צהוב בקבוק לחיץ 255 גר,היינץ צפון אמריקה מק,US,ממרח חרדל צהוב היינץ,גרמים,255.00,100 גרם,false,1,8.90,3.49,true,1,
7290003514571,false,מנה פריכיות אורז עם מלח 100 גרם,מנה Mana,IL,מנה פריכיות אורז עם,גרמים,100.00,100 גרם,false,1,6.50,6.50,true,1,
7290003520572,false,מטריות חרובים שקית בודד (בשרוול 6 שקיות),תופינית,,מטריות שישייה עץ חרו,גרמים,54.00,100 גרם,false,1,15.60,28.89,true,1,
7290003578108,false,חתיכות אננס בסירופ קל וילי פוד 850 גרם,וילי פוד,TH,חתיכות אננס בסירופ ק,גרמים,850.00,100 גרם,false,1,9.90,1.16,true,1,
7290003578177,false,תירס גמדי שלם ויליפוד 410 ג',מגסטיק פוד אידסטרי ק,TH,תירס גמדי צעיר שלם 4,גרמים,410.00,100 גרם,false,1,6.90,1.68,true,1,
7290003578290,false,וילי פוד מקלוני אורז בדץ 300ג,פוגיאן לונגהאי אנליד,CN,מקלוני אורז 300 גרם,גרמים,1000.00,100 גרם,false,1,5.90,0.59,true,1,
7290003598311,false,מינוט סטייק חלק ריאה 300 ג',בלדי,IL,מינוט סטייק 300 גרם,גרמים,300.00,100 גרם,false,1,34.90,11.63,true,1,
7290003610143,false,פילה עגל טרי,,,פילה עגל טרי,Unknown,0.00,"ק""ג",true,0,264.90,264.90,true,1,
7290003643004,false,"אורז בסמטי קלאסי 1 ק""ג סוגת",האי נאם סי או אל.טי.,IL,"אורז בסמטי 1 ק""ג",גרמים,1000.00,100 גרם,false,1,13.90,1.39,true,1,
7290003643134,false,סוגת סוכר וניל 10 יח*10 גרם,גוד פוד פרודקטס S.p,IL,סוכר וניל 10*10 גרם,גרמים,100.00,100 גרם,false,1,3.00,3.00,true,1,
7290003643158,false,קורנפלור 200 גר סוגת,המאפיה של הרמן,IL,קורנפלור 200 גרם,גרמים,200.00,100 גרם,false,1,3.50,1.75,true,1,
7290003643172,false,אבקת סוכר 100 ג' סוגת,א.ל ייצור ושיווק תבל,IL,אבקת סוכר 100 גרם,גרמים,100.00,100 גרם,false,1,2.20,2.20,true,1,
7290003643646,false,"סוכר דמררה קלאסי בצנצנת סוגת 1 ק""ג",האי נאם סי או אל.טי.,IL,סוכר חום דמררה צנצנת,גרמים,1000.00,100 גרם,false,1,12.90,1.29,true,1,
7290003643707,false,סוגת גריסים 500 גרם,"סוגת תעשיות בע""מ",IL,גריסים 500 גרם,גרמים,500.00,100 גרם,false,1,5.20,1.04,true,1,
7290003643714,false,סוגת חומוס 500 גרם,האי נאם סי או אל.טי.,IL,חומוס 500 גרם,גרמים,500.00,100 גרם,false,1,7.90,1.58,true,1,
7290003643738,false,סוגת חיטה 500 גרם,האי נאם סי או אל.טי.,IL,חיטה 500 גרם,גרמים,500.00,100 גרם,false,1,5.20,1.04,true,1,
7290003643745,false,סוגת כוסמת 500 גרם,האי נאם סי או אל.טי.,IL,כוסמת 500 גרם,גרמים,500.00,100 גרם,false,1,6.90,1.38,true,1,
7290003643752,false,עדשים ירוקים יבש סוגת 500 גר',האי נאם סי או אל.טי.,IL,עדשים ירוקים 500 גרם,גרמים,500.00,100 גרם,false,1,7.90,1.58,true,1,
7290003643769,false,עדשים אדומים יבש סוגת 500 גר',"סוגת תעשיות בע""מ",IL,עדשים אדומים 500 גרם,גרמים,500.00,100 גרם,false,1,8.50,1.70,true,1,
7290003643776,false,"פופקורן גרעינים סוגת 500 ג' כשל""פ",האי נאם סי או אל.טי.,IL,פופקורן 500 גרם,גרמים,500.00,100 גרם,false,1,5.90,1.18,true,1,
7290003643783,false,קוקוס סוגת 100 גרם,האי נאם סי או אל.טי.,IL,קוקוס 100 גרם,גרמים,100.00,100 גרם,false,1,3.90,3.90,true,1,
7290003643806,false,שעועית לבנה יבשה סוגת 500 ג',האי נאם סי או אל.טי.,IL,שעועית לבנה 500 גרם,גרמים,500.00,100 גרם,false,1,11.80,2.36,true,1,
7290003713950,false,טרס פסוס סלסה מקסיקנ,"דוידוב סלמון בע""מ",IL,סלסה מקסיקנה 210 גרם,גרמים,200.00,100 גרם,false,1,19.50,9.75,true,1,
7290003726011,false,טופו רך כפרי בריא 30,,,טופו רך כפרי בריא 30,גרמים,300.00,100 גרם,false,1,14.60,4.87,true,1,
7290003726028,false,טמפה 250 גרם,,,טמפה 250 גרם,גרמים,250.00,100 גרם,false,1,15.90,6.36,true,1,
7290003726110,false,טופו אורגני בוואקום,,,טופו אורגני (רגיל) ב,גרמים,300.00,100 גרם,false,1,13.90,4.63,true,1,
7290003726479,false,טופו אורגני 1 קג כפ,,,טופו אורגני 1 קג כפ,גרמים,1000.00,100 גרם,false,1,42.90,4.29,true,1,
7290003726592,false,טופו מתובל בפסטו במרקם קלאסי,משק וואיילר,IL,טופו וילר בטעם פסטו,גרמים,300.00,100 גרם,false,1,12.90,4.30,true,1,
7290003726615,false,טופו ויילר במרקם קשה,הדקלאים אגודת שיתופי,IL,טופו וילר 300 גר,גרמים,300.00,100 גרם,false,1,11.90,3.97,true,1,
7290003726745,false,קציצות טופו עם סלק משק ויילר 400 גר,משק ויילר,IL,קציצות טופו עם סלק מ,גרמים,400.00,100 גרם,false,1,27.90,6.98,true,1,
7290003744855,false,אובלטים עם שומשום 300 גר,"ברט בע""מ",,אובלטים שומשום 300 ג,גרמים,300.00,100 גרם,false,1,10.90,3.63,true,1,
7290003779093,false,סלרי עלים,,,סלרי עלים,Unknown,0.00,Unknown,false,1,5.90,5.90,true,1,
7290003781850,false,גבינת קשקבל פרוסות 200 גרם,וילי פוד,IL,גבינת קשקבל פרוסות 2,גרמים,200.00,100 גרם,false,1,22.90,11.45,true,1,
7290003804382,false,"תיבולית פטריות בד""ץ 72 ג' קנור",יוניליוור ישראל מזון,IL,תיבולית פטריות קנור,גרמים,72.00,100 גרם,false,1,11.40,15.83,true,1,
7290003807178,false,"רוטב קנור סויה בסגנון סיני 300 מ""ל",אתר חיפה 778 - Food,IL,רוטב קנור סויה בסגנו,מיליליטרים,300.00,"100 מ""ל",false,1,10.90,3.63,true,1,
7290003864478,false,סרדינים בשמן צמחי ויליפוד 110ג' פתח קל,גולדן פרייז קאנינג א,TH,סרדינים בשמן צמחי 11,גרמים,110.00,100 גרם,false,1,5.20,4.73,true,1,
7290003864485,false,סרדינים ברוטב עגבנ יות ויליפוד 110ג' פתח קל,גולדן פרייז קאנינג א,TH,סרדינים ברוטב עגבניו,גרמים,110.00,100 גרם,false,1,5.20,4.73,true,1,
7290003864492,false,סרדינים בשמן צמחי חריף פתח קל ויליפוד 110ג',גולדן פרייז קאנינג א,TH,סרדינים בשמן צמחי חר,גרמים,110.00,100 גרם,false,1,5.20,4.73,true,1,
7290003882922,false,עלי גפן ממולאים באורז ויליפוד 400ג',הזה פלאקספו פוד קו ב,CN,עלי גפן ממולאות באור,גרמים,400.00,100 גרם,false,1,8.90,2.23,true,1,
7290003976034,false,אקופרנד מרכך כביסה חבצלת 4 ל נטורפוד,אקופרנד,IL,אקופרנד מרכך כביסה ח,ליטרים,0.00,ליטר,false,1,31.90,31.90,true,1,
7290003976065,false,אקופרנד מרכך כביסה מרוכז קסם אביבי 1 ליט,אקופרנד,,אקופרנד מרכך כביסה מ,מיליליטרים,1000.00,"100 מ""ל",false,1,19.90,1.99,true,1,
7290003976089,false,גל כביסה למכונה 4 ליטר,,,גל כביסה למכונה 4 לי,ליטרים,0.00,ליטר,false,1,47.90,47.90,true,1,
7290003976096,false,אקופרינד-גל כביסה מרוכז 1 ליטר,אקופרנד,,אקופרינד-גל כביסה מר,מיליליטרים,1000.00,"100 מ""ל",false,1,19.90,1.99,true,1,
7290003976119,false,אקופרנד נוזל כלים לבנדר ללא 750SLS מל,אקופרנד,IL,אקופרנד נוזל כלים לב,מיליליטרים,750.00,"100 מ""ל",false,1,14.90,1.99,true,1,
7290003976126,false,נוזל כלים לימון אלוורה ללא 750 SLS מל,אקופרנד,IL,נוזל כלים לימון אלוו,מיליליטרים,750.00,"100 מ""ל",false,1,14.90,1.99,true,1,
7290003976300,false,אקופרנד מטלית רב פעמית אקולוגית,אקופרנד,,אקופרנד מטלית רב פעמ,Unknown,0.00,Unknown,false,1,21.90,21.90,true,1,
7290003976348,false,"נוזל חיטוי רב תכליתי גרין קר 750 מ""ל",,,נוזל חיטוי רב תכליתי,מיליליטרים,750.00,"100 מ""ל",false,1,11.90,1.59,true,1,
7290003976355,false,מרכך מרוכז לבנדר גרין קר 1 ליטר,,,מרכך מרוכז לבנדר גרי,מיליליטרים,1000.00,"100 מ""ל",false,1,11.90,1.19,true,1,
7290003976379,false,"מסיר שומנים וניקוי כללי גרין קר 750 מ""ל",,,מסיר שומנים וניקוי כ,מיליליטרים,750.00,"100 מ""ל",false,1,12.90,1.72,true,1,
7290003976393,false,גל כביסה גרין קר 3 ליטר,,,גל כביסה גרין קר 3 ל,ליטרים,0.00,ליטר,false,1,25.90,25.90,true,1,
7290003976409,false,מרכך מרוכז פרחים גרין קר 1 ליטר,,,מרכך מרוכז פרחים גרי,מיליליטרים,1000.00,"100 מ""ל",false,1,11.90,1.19,true,1,
7290003976430,false,"נוזל כלים לימון גרין קר 750 מ""ל",,,נוזל כלים לימון גרין,מיליליטרים,750.00,"100 מ""ל",false,1,6.90,0.92,true,1,
7290003976447,false,נוזל רצפות לבנדר גרין קר 2 ליטר,,,נוזל רצפות לבנדר גרי,מיליליטרים,750.00,"100 מ""ל",false,1,10.90,1.45,true,1,
7290003976461,false,"ניקוי חלונות גרין קר 750 מ""ל",,,ניקוי חלונות גרין קר,מיליליטרים,750.00,"100 מ""ל",false,1,8.90,1.19,true,1,
7290003976478,false,"נוזל כלים תפוח 18% גרין קר 750 מ""ל",,,נוזל כלים תפוח 18% ג,מיליליטרים,750.00,"100 מ""ל",false,1,6.90,0.92,true,1,
7290003976713,false,נוזל רצפות פנטזי אנטיבקטריאלי טאצ' 2 ליטר,,,נוזל רצפות אנטיבקטרי,Unknown,0.00,Unknown,false,1,18.90,18.90,true,1,
7290003976928,false,"נוזל לכלים לפירות טאצ' 750 מ""ל",,,נ.כלים לפירות ללא צב,Unknown,0.00,Unknown,false,12,9.90,9.90,true,1,
7290004011338,false,"קצפת מתוקה מכונה 250 מ""ל ריץ'",האי נאם סי או אל.טי.,IT,ריץ קצפת במיכל 250 ג,גרמים,250.00,100 גרם,false,1,9.90,3.96,true,1,
7290004023041,false,"לחם שיפון ללא שמרים ד""ר מרק 750 גר'",המאפה של דר מרק בריא,IL,לחם שיפון מחמצת 750,גרמים,750.00,100 גרם,false,1,14.90,1.99,true,1,
7290004030216,false,פריניב נקטר חמוציות 1ליטר,פריניב בעמ,IL,מיץ חמוציות 1ליטר,מיליליטרים,1000.00,"100 מ""ל",false,1,14.90,1.49,true,1,
7290004030810,false,שייק 100% בננה פסיפלורה תפוז מופחת סוכר1,פריניב בעמ,IL,שייק 100% בננה פסיפל,מיליליטרים,1000.00,"100 מ""ל",false,1,22.90,2.29,true,1,
7290004030834,false,פריניב מיץ רימונים סחוט 1 ליטר,פריניב בעמ,IL,סחוט טרי רימונים 1ל,מיליליטרים,1000.00,"100 מ""ל",false,1,28.90,2.89,true,1,
7290004030964,false,סחוט טרי תפוח צלול 2 ליטר,,,סחוט טרי תפוח צלול 2,ליטרים,0.00,ליטר,false,1,24.60,24.60,true,1,
7290004033705,false,הבורגריה – 6 לחמניות המבורגר בשקית,מאפית י את א ברמן בע,IL,"לחמניות ""הבורגריה"" 6",גרמים,600.00,100 גרם,false,1,13.90,2.32,true,1,
7290004033736,false,"עננים לחם לבן בסגנון בריוש עם פרוסות עבות, 500 גרם",מאפית י את א ברמן בע,IL,לחם עננים בסגנון ברי,גרמים,750.00,100 גרם,false,1,16.50,2.20,true,1,
7290004033804,false,לחם כפרי ללא גלוטן 320 גרם,מאפית י את א ברמן בע,IL,לחם כפרי ללא גלוטן 3,קילוגרמים,0.32,"ק""ג",false,1,18.90,59.06,true,1,
7290004063016,false,מלח שולחן מעולה דק 1,האי נאם סי או אל.טי.,IL,"מלח דק 1 ק""ג",גרמים,1000.00,100 גרם,false,1,2.07,0.21,true,1,
7290004063115,false,"מלח מטבח עבה להמלחת בשר ובישול 1 ק""ג 1ק""ג",האי נאם סי או אל.טי.,IL,"מלח מטבח גס 1 ק""ג",גרמים,1000.00,100 גרם,false,1,2.07,0.21,true,1,
7290004063153,false,"מלח ים אטלנטי טבעי 1 ק""ג",חברת מלח הארץ אילת ב,FR,מלח ים אטלנטי טבעי 1,גרמים,1000.00,100 גרם,false,1,20.90,2.09,true,1,
7290004064082,false,מטחנה מלח ים טבעי 250 גרם מלח הארץ,חברת מלח הארץ אילת ב,IL,מטחנה מלח ים טבעי 25,גרמים,250.00,100 גרם,false,1,14.60,5.84,true,1,
7290004064181,false,"תבלין מלח ההימלאיה גס בצנצנת 1 ק""ג",חברת מלח הארץ אילת ב,IL,מלח הימלאיה גס בצנצנ,גרמים,1000.00,100 גרם,false,1,19.80,1.98,true,1,
7290004064198,false,מטחנת מלח ספייסי- אקסטרא תבלינים 115 ג',"מלח הארץ אילת בע""מ",IL,מטחנת מלח תבלינים,גרמים,115.00,100 גרם,false,1,17.90,15.57,true,1,
7290004064228,false,מלח במטחנה אקסטרא תבלינים שום ופלפל 125 גר',"מלח הארץ אילת בע""מ",IL,מטחנת מלח תבלינים,גרמים,115.00,100 גרם,false,1,17.90,15.57,true,1,
7290004064389,false,מלח הימלאיה דק מלחייה 250 גרם,"מלח הארץ אילת בע""מ",IL,מלח הימלאיה דק 250,גרמים,250.00,100 גרם,false,1,11.90,4.76,true,1,
7290004067502,false,"מעדן אפרסק ללת""ס 100% פרי 284 גר",בית יצחק,,"מעדן אפרסק ללת""ס 100",גרמים,284.00,100 גרם,false,1,17.90,6.30,true,1,
7290004067656,false,מעדן פירות יער 100% פרי ל.ת.סוכר בית יצחק 284ג',בית יצחק,,"מעדן פירות יער ללת""ס",גרמים,284.00,100 גרם,false,1,17.90,6.30,true,1,
7290004068011,false,יוגורט כבשים בדלי 5% שומן 600 ג' גד,"מיוצר ע""י קוד יצרן M",IL,יוגורט כבשים 600 גר,גרמים,600.00,100 גרם,false,1,17.20,2.87,true,1,
7290004068035,false,"איירן יוגורט לשתייה 3% גד 500 מ""ל","מיוצר ע""י קוד יצרן M",IL,"יוגורט איירן 500 מ""ל",מיליליטרים,500.00,"100 מ""ל",false,1,8.00,1.60,true,1,
7290004068172,false,"יוגורט עיזים בדלי 5% 600 מ""ל רובין",קוד יצרן MKN,IL,יוגורט עיזים דלי 600,גרמים,600.00,100 גרם,false,1,17.30,2.88,true,1,
7290004119225,false,יוגורט אננס 3% שומן 150 ג' יופלה,תנובה מרכז שיתופי לש,IL,יופלה אננס 3% 150 גר,גרמים,150.00,100 גרם,false,1,5.00,3.33,true,1,
7290004119928,false,קרלו מעדן וניל רביעיות גביע 125 1.5%,מחלבת אלון תבור,IL,קרלו וניל 125 גרם,גרמים,125.00,100 גרם,false,1,3.10,2.48,true,1,
7290004119973,false,קרלו מעדן שוקו רביעיה גביע 125 1.5%,תנובה מרכז שיתופי לש,IL,קרלו שוקו 125 גרם,גרמים,125.00,100 גרם,false,1,3.10,2.48,true,1,
7290004120108,false,יופלה דיאט יוגורט דובדבן %0 גביע 150ג',תנובה מרכז שיתופי לש,IL,דיאט יופלה דובדבן 15,גרמים,150.00,100 גרם,false,1,5.00,3.33,true,1,
7290004120566,false,גבינה בולגרית פיראוס 24% 250 גרם,תנובה חלב,IL,גבינה בולגרית פיראוס,גרמים,250.00,100 גרם,false,1,23.70,9.48,true,1,
7290004120573,false,גבינה בולגרית פיראוס 16% 250 גרם,תנובה מרכז שיתופי לש,IL,גבינה בולגרית פיראוס,גרמים,250.00,100 גרם,false,1,23.70,9.48,true,1,
7290004120634,false,גבינה פיראוס בולגרית 5% 250 גרם,תנובה מרכז שיתופי לש,IL,גבינה פיראוס בולגרית,גרמים,250.00,100 גרם,false,1,21.90,8.76,true,1,
7290004121488,false,יופלה דיאט אפרסק 0% גביע 150 ג',תנובה מרכז שיתופי לש,IL,דיאט יופלה אפרסק 150,מיליליטרים,150.00,"100 מ""ל",false,1,5.00,3.33,true,1,
7290004121754,false,יוגורט עוגת גבינה ותות 3% שומן 150 ג' יופלה,תנובה חלב,IL,יופלה עוגת גבינה,גרמים,150.00,100 גרם,false,1,5.00,3.33,true,1,
7290004121839,false,גבינת פטה כבשים 20% 250 ג' פיראוס,תנובה מרכז שיתופי לש,IL,גבינה פטה פיראוס 250,גרמים,250.00,100 גרם,false,1,26.80,10.72,true,1,
7290004122119,false,פתיתי פרמזן לפסטה %23 100 ג' השף הלבן,פ.פ.ח. שאביט,IL,פתיתי פרמזן לפסטה הש,גרמים,220.00,100 גרם,false,1,12.20,5.55,true,1,
7290004122195,false,"גבינת גוש חלב פרוס 28%, כשרות מהדרין, 200 ג'",תנובה חלב,IL,גבינה צהובה גוש חלב,גרמים,200.00,100 גרם,false,1,13.80,6.90,true,1,
7290004122270,false,גבינה צהובה פרוס בקופסא %28 200 ג' עמק,תנובה מרכז שיתופי לש,IL,גבינה עמק פרוס בקופס,גרמים,200.00,100 גרם,false,1,15.80,7.90,true,1,
7290004122348,false,גבינת עמק לייט פרוס בקופסא 200 גרם,תנובה מרכז שיתופי לש,IL,גבינת עמק לייט פרוס,גרמים,200.00,100 גרם,false,1,16.60,8.30,true,1,
7290004122676,false,גבינת חמד לייט 5% פיראוס 250 ג',"תנובה,מחלבת טנא נוגה",IL,חמד לייט 5% גביע 250,גרמים,250.00,100 גרם,false,1,18.50,7.40,true,1,
7290004122683,false,חטיף גבינת אצבעות 28% 172 ג' עמק,תנובה מרכז שיתופי לש,IL,אצבעות עמק 172 גר,גרמים,172.00,100 גרם,false,1,16.40,9.53,true,1,
7290004124205,false,יוגורט דיאט תות %0 שומן 150 ג' יופלה,תנובה מרכז שיתופי לש,IL,דיאט יופלה תות 150 ג,גרמים,150.00,100 גרם,false,1,5.00,3.33,true,1,
7290004125400,false,"שלי אשל 4.5% תנובה 200מ""ל מהדרין",פארייפאבה אגרואינדוס,IL,"שלי אשל 200 מ""ל",מיליליטרים,200.00,"100 מ""ל",false,1,1.69,0.85,true,1,
7290004125417,false,"שלי גיל 3% תנובה 200מ""ל מהדרין",תנובה מרכז שיתופי לש,IL,"שלי גיל 200 מ""ל",מיליליטרים,200.00,"100 מ""ל",false,1,1.50,0.75,true,1,
7290004125455,false,**תנובה שמנת אורגינל מהדרין 15% 200מל,תנובה מרכז שיתופי לש,IL,שמנת חמוצה 15% 200 מ,גרמים,200.00,100 גרם,false,1,2.40,1.20,true,1,
7290004125462,false,"שמנת אורגינל 15% מהדרין 500 מ""ל",תנובה מרכז שיתופי לש,IL,שמנת חמוצה 15% 500 מ,מיליליטרים,500.00,"100 מ""ל",false,1,6.00,1.20,true,1,
7290004125509,false,"שמנת 15% חצי מנה 100 מ""ל תנובה",תנובה מרכז שיתופי לש,IL,"שמנת חמוצה 100 מ""ל",מיליליטרים,100.00,"100 מ""ל",false,1,1.70,1.70,true,1,
7290004125578,false,משקה סויה מעושר בסידן תנובה 1ל',תנובה מרכז שיתופי לש,IL,משקה סויה מועשר 1 לי,מיליליטרים,1000.00,"100 מ""ל",false,1,10.90,1.09,true,1,
7290004125585,false,משקה סויה וניל תנובה E אלטרנטיב,תנובה מרכז שיתופי לש,IL,משקה סויה על הבוקר 1,מיליליטרים,1000.00,"100 מ""ל",false,1,10.90,1.09,true,1,
7290004125721,false,"שמנת לבישול 15% שומן 250 מ""ל תנובה",תנובה מרכז שיתופי לש,IL,שמנת לבישול 15% השף,גרמים,250.00,100 גרם,false,1,8.30,3.32,true,1,
7290004125738,false,שמנת מתוקה להקצפה32% 250מל עמיד השף הלבן,תנובה מרכז שיתופי לש,IL,שמנת מתוקה להקצפה 32,גרמים,250.00,100 גרם,false,1,6.50,2.60,true,1,
7290004125776,false,גבינה צהובה עמק 28% 400 גרם בקופסא,תנובה חלב,IL,עמק פרוס בקופסה 400ג,גרמים,400.00,100 גרם,false,1,27.90,6.98,true,1,
7290004126674,false,פרוסות גבינה חצי קשה 9% שומן 200 ג' עמק,תנובה מרכז שיתופי לש,IL,טל העמק לייט 200 גרם,גרמים,200.00,100 גרם,false,1,18.50,9.25,true,1,
7290004126759,false,יופלה דיאט פירות יער %0 גביע 150 ג',תנובה חלב,IL,דיאט יופלה פירות יער,גרמים,150.00,100 גרם,false,1,5.00,3.33,true,1,
7290004127077,false,קוטג' 3% שומן 250 ג' תנובה,מיוצר עי קונדיטוריית,IL,קוטג 3% 250 גרם,גרמים,250.00,100 גרם,false,1,5.50,2.20,true,1,
7290004127329,false,קוטג' 5% תנובה 250ג' מהדרין,מיוצר עי קונדיטוריית,IL,גבינת קוטג 5% 250 גר,גרמים,250.00,100 גרם,false,1,5.50,2.20,true,1,
7290004127336,false,קוטג' 9% תנובה 250 ג' הדרין,מיוצר עי קונדיטוריית,IL,גבינת קוטג 9% 250 גר,גרמים,250.00,100 גרם,false,1,5.50,2.20,true,1,
7290004127800,false,גבינה לבנה 5% שומן 500 ג' תנובה,מיוצר עי קונדיטוריית,IL,גבינה לבנה למריחה 5%,גרמים,500.00,100 גרם,false,1,9.96,1.99,true,1,
7290004127817,false,גבינה לבנה 9% שומן 500 ג' תנובה,מיוצר עי קונדיטוריית,IL,גבינה למריחה 9% 500,גרמים,500.00,100 גרם,false,1,9.96,1.99,true,1,
7290004127916,false,גבינה לבנה 0.5% שומן 500 ג' תנובה,תנובה מרכז שיתופי לש,IL,גבינה למריחה 0.5%,גרמים,500.00,100 גרם,false,1,9.96,1.99,true,1,
7290004128333,false,לאבנה על בסיס יוגורט %9 שומן 500 ג' פיראוס,תנובה חלב,IL,גבינה לאבנה 9% 500 ג,גרמים,500.00,100 גרם,false,1,19.50,3.90,true,1,
7290004128432,false,פתיתים מיוחדים לפיצה על בסיס גבינה 500 ג',תנובה חלב,IL,פתיתים מיוחדים לפיצה,גרמים,500.00,100 גרם,false,1,21.90,4.38,true,1,
7290004129101,false,גבינת שמנת 25% בטעם טבעי 225 ג' נפוליאון,תנובה מרכז שיתופי לש,IL,נפוליאון טבעי 225 גר,גרמים,225.00,100 גרם,false,1,13.90,6.18,true,1,
7290004129156,false,גבינת שמנת25% עם שום שמיר 225 ג' נפוליאון,תנובה מרכז שיתופי לש,IL,נפוליאון שום שמיר 22,גרמים,225.00,100 גרם,false,1,13.90,6.18,true,1,
7290004129736,false,יוגורט במתיקות מעודנת 1.5% שומן 200 ג' יופלה,תנובה מרכז שיתופי לש,IL,יופלה לבן 1.5% 200 ג,מיליליטרים,200.00,"100 מ""ל",false,1,4.20,2.10,true,1,
7290004129767,false,יופלה לבן טבעי מאגדת 3% 8*150מל,מחלבת אלון תבור,IL,שמיניית יופלה לבן,ליטרים,0.00,ליטר,false,1,17.30,17.30,true,1,
7290004130794,false,משקה סויה טבעי במתיקות מופחתת 1 ליטר,תנובה מרכז שיתופי לש,IL,משקה סויה טבעי מתיקו,מיליליטרים,1000.00,"100 מ""ל",false,1,9.90,0.99,true,1,
7290004130916,false,יוגורט 3% פירות יער בשמנת 150 ג' יופלה,תנובה מרכז שיתופי לש,IL,יופלה פירות יער בשמנ,גרמים,150.00,100 גרם,false,1,5.00,3.33,true,1,
7290004131074,false,**חלב תנובה טרי מהדרין קרטון 3% 1ל,תנובה מרכז שיתופי לש,IL,חלב קרטון+פקק 3% תנו,מיליליטרים,1000.00,"100 מ""ל",false,1,6.23,0.62,true,1,
7290004131432,false,יוגורט ביו 3% שומן 200 ג' יופלה,מיוצר עי קונדיטוריית,IL,יופלה לבן 3% 200 גר,גרמים,200.00,100 גרם,false,1,3.90,1.95,true,1,
7290004131456,false,יוגורט ביו 1.5% שומן 200 ג' יופלה,מיוצר עי קונדיטוריית,IL,יופלה לבן 1.5% 200 ג,מיליליטרים,200.00,"100 מ""ל",false,1,4.00,2.00,true,1,
7290004131814,false,גבינה צפתית 5% מעודנת 200 ג' פיראוס,פארייפאבה אגרואינדוס,IL,פיראוס צפתית מעודנת,גרמים,200.00,100 גרם,false,1,14.90,7.45,true,1,
7290004132552,false,משקה סויה לייט בטעם טבעי טרי 1 ליטר,תנובה מרכז שיתופי לש,IL,דיאט סויה טבעי 1 ליט,מיליליטרים,1000.00,"100 מ""ל",false,1,10.90,1.09,true,1,
7290004132712,false,חטיף אצבעות גבינת מוצרלה 20% 172 ג' עמק,תנובה מרכז שיתופי לש,IL,אצבעות מוצרלה 172 גר,גרמים,172.00,100 גרם,false,1,16.40,9.53,true,1,
7290004134945,false,יוגורט מוקה 3% שומן 150 ג' יופלה,תנובה מרכז שיתופי לש,IL,יופלה מוקה 3% 150גר,גרמים,150.00,100 גרם,false,1,5.00,3.33,true,1,
7290004135058,false,מאגדת קרלו מיני 8*100 גרם שוקולד מהדרין,תנובה מרכז שיתופי לש,IL,מאגדת קרלו מיני שוקו,גרמים,800.00,100 גרם,false,1,14.90,1.86,true,1,
7290004135614,false,גבינה בולגרית מעודנת 5% 250 ג' פיראוס,תנובה חלב,IL,פיראוס בולגרית מעודנ,גרמים,250.00,100 גרם,false,1,21.90,8.76,true,1,
7290004136598,false,מארז הפסקת אוכל עם קורנפלקס ומשקה חלב עמיד בטעם וניל,פארייפאבה אגרואינדוס,IL,מארז הפסקת אוכל-חלב,גרמים,250.00,100 גרם,false,1,10.90,4.36,true,1,
7290004136857,false,מעדן גלי פטל 125 גרם,תנובה מרכז שיתופי לש,IL,גלי פטל 125גר,גרמים,125.00,100 גרם,false,1,2.80,2.24,true,1,
7290004136864,false,ג'לי תנובה אננס עם חתיכות אננס 125מל,תנובה חלב,IL,גלי אננס עם חתיכות א,גרמים,125.00,100 גרם,false,1,2.90,2.32,true,1,
7290004136871,false,ג'לי תנובה אפרסק עם חתיכות אפרסק 125מל,תנובה מרכז שיתופי לש,IL,גלי אפרסק עם חתיכות,גרמים,150.00,100 גרם,false,1,2.90,1.93,true,1,
7290004137021,false,"שמנת לבישול 10% עמיד השף הלבן 250 מ""ל",תנובה מרכז שיתופי לש,IL,שמנת לבישול 10%-השף,גרמים,250.00,100 גרם,false,1,8.30,3.32,true,1,
7290004137311,false,עמק לייט משפחתית 9% 400ג-ועדת מהדרין,תנובה חלב,IL,עמק לייט פרוס 9% 400,גרמים,400.00,100 גרם,false,1,30.90,7.73,true,1,
7290004137809,false,פיראוס לאבנה 5% גביע 250 גרם,"תנובה, מחלבת אלון תב",IL,פיראוס לאבנה 5% 250,גרמים,250.00,100 גרם,false,1,12.90,5.16,true,1,
7290004150136,false,חציל על האש פיקנטי פרימיום 300 גרם,"סלטי שמיר 2006 בע""מ",IL,חציל על האש פיקנטי פ,גרמים,300.00,100 גרם,false,1,15.90,5.30,true,1,
7290004219819,false,קומפלטה מלבין קפה הולנדי 200ג,פריזלנד פודס קיוויט,NL,מלבין קפה הולנדי 200,גרמים,200.00,100 גרם,false,1,11.90,5.95,true,1,
7290004234218,false,ברווז טרי ארוז,"נטו מלינדה סחר בע""מ",IL,ברווז טרי,Unknown,0.00,"ק""ג",true,0,62.90,62.90,true,1,
7290004339012,false,שניצל עם חלבון אפונה 450 גרם,,IL,שניצל עם חלבון אפונה,גרמים,450.00,100 גרם,false,1,30.90,6.87,true,1,
7290004339142,false,רוטב בסגנון מיונז טבעוני 300 גרם,טבע דלי,IL,רוטב בסגנון מיונז טב,גרמים,300.00,100 גרם,false,1,19.90,6.63,true,1,
7290004339173,false,המבורגר קינואה טבע דלי 400 גר,טבע דלי,IL,המבורגר קינואה טבע ד,גרמים,400.00,100 גרם,false,1,24.90,6.23,true,1,
7290004339425,false,שווארמה מהצומח טבע דלי 350 גר,טבע דלי בעמ,IL,שווארמה מהצומח טבע ד,גרמים,350.00,100 גרם,false,1,24.90,7.11,true,1,
7290004339432,false,סייטן קפוא טבעי 500 גרם טבע דלי,טבע דלי בעמ,IL,סייטן קפוא טבעי 500,גרמים,500.00,100 גרם,false,1,19.90,3.98,true,1,
7290004339630,false,סייטן טבעי טבע דלי 350 גר,טבע דלי,IL,סייטן טבעי טבע דלי 3,גרמים,350.00,100 גרם,false,1,19.90,5.69,true,1,
7290004339777,false,סייטן טחון בולונז 350 גרם טבע דלי,טבע דלי,IL,סייטן טחון בולונז,גרמים,350.00,100 גרם,false,1,26.50,7.57,true,1,
7290004339838,false,קבב מהצומח 350 גרם טבע דלי,טבע דלי,IL,קבב מהצומח 350 גרם ט,גרמים,350.00,100 גרם,false,1,24.90,7.11,true,1,
7290004339975,false,קובה בורגול במילוי סטיין אמרנט 400 גר,טבע דלי,IL,קובה בורגול במילוי,גרמים,400.00,100 גרם,false,1,30.90,7.73,true,1,
7290004364892,false,קבב טלה 480 גרם,,IL,קבב טלה 480 גרם,גרמים,480.00,100 גרם,false,1,39.90,8.31,true,1,
7290004364915,false,קבב אירופאי 480 גרם,,IL,קבב אירופאי 480 גרם,גרמים,480.00,100 גרם,false,1,39.90,8.31,true,1,
7290004364939,false,המבורגר חווה 880 גרם,,IL,המבורגר 880 גרם,גרמים,880.00,100 גרם,false,1,69.90,7.94,true,1,
7290004386825,false,שעועית בגודל ענק אפויה ברוטב עגבניות -מוכן לאכילה,וילי פוד,GR,שעועית ענק ברוטב עגב,גרמים,420.00,100 גרם,false,1,10.40,2.48,true,1,
7290004485344,false,פרגית עוף טרי משק אר,,,זוג עופיונים טריים,Unknown,0.00,"ק""ג",true,0,55.90,55.90,true,1,
7290004494131,false,יין דלתון קברנה סוביניון גליל,"איי, בי, אינבוו",IL,יין דלתון קברנה סובנ,Unknown,0.00,Unknown,false,1,54.90,54.90,true,1,
7290004494179,false,יין דלתון שרדונה 750 מל,"איי, בי, אינבוו",IL,יין דלתון שרדונה 750,Unknown,0.00,Unknown,false,1,54.90,54.90,true,1,
7290004494919,false,יין כנען קברנה שיראז 750 מל דלתון,"יקב דלתון בע""מ",IL,יין כנען קברנה שיראז,מיליליטרים,750.00,"100 מ""ל",false,1,44.90,5.99,true,1,
7290004584351,false,גבינה לבנה סימפוניה עם תוספות 200 ג' חמישית 200,"שטראוס בריאות בע""מ",IL,סימפוניה 5% 200 גרם,גרמים,200.00,100 גרם,false,1,11.00,5.50,true,1,
7290004584528,false,יוגורט דנונה ביו טבעי 1.7% 200 גרם,מיוצר עי קונדיטוריית,IL,יוגורט דנונה ביו טבע,גרמים,200.00,100 גרם,false,1,3.70,1.85,true,1,
7290004603175,false,מלח הארץ מלחייה גס 500 גרם,תעשיות מלח לישראל,IL,מלח ים האדום גס 500,גרמים,500.00,100 גרם,false,1,8.90,1.78,true,1,
7290004658960,false,יין ארמלד ריזלינג P.C לבן חצי יבש 750 מ,אגודת הכורמים הקואופ,IL,יין אמרלד ריזלינג P.,Unknown,0.00,Unknown,false,1,37.90,37.90,true,1,
7290004685089,false,לחם הארץ לחם חמניות 500 גר',מאפית י את א ברמן בע,IL,לחם חמניות 500 גרם,גרמים,500.00,100 גרם,false,1,16.50,3.30,true,1,
7290004685126,false,לחם פומפרניקל לחם הארץ 750 גרם,מאפית י את א ברמן בע,IL,לחם 5 דגנים 750 גרם,גרמים,750.00,100 גרם,false,1,16.50,2.20,true,1,
7290004685157,false,לחם שיפון 100% 750 גרם לחם הארץ,מאפית י את א ברמן בע,IL,לחם שיפון 100%,גרמים,750.00,100 גרם,false,1,16.50,2.20,true,1,
7290004685225,false,לחם שיפון פומפרניקל מקמח שיפון,מאפית י את א ברמן בע,IL,לחם שיפון פומפרניקל,גרמים,750.00,100 גרם,false,1,16.50,2.20,true,1,
7290004685430,false,לחם כוסמין לחם הארץ,מאפית י את א ברמן בע,IL,לחם כוסמין 100% 500,גרמים,500.00,100 גרם,false,1,16.50,3.30,true,1,
7290004685447,false,לחמניות כוסמין 6 יחי' 450 גר',מאפית י את א ברמן בע,IL,שישיית לחמניות כוסמי,Unknown,0.00,Unknown,false,1,15.50,15.50,true,1,
7290004685478,false,פיתות כוסמין 100% כוסמין 550 גרם,מאפית י את א ברמן בע,IL,פיתות כוסמין 100% כו,גרמים,550.00,100 גרם,false,1,17.90,3.25,true,1,
7290004737900,false,חלב מרוכז ממותק 397 גרם ויליפוד,יו.איי.בי מאריג'אמפו,LT,חלב מרוכז ממותק וילי,גרמים,397.00,100 גרם,false,1,10.90,2.75,true,1,
7290004759193,false,סופרלס בודד 100 טבליות אלטמן בדצ,,,סופרלס בודד 100 טבלי,Unknown,0.00,Unknown,false,1,69.90,69.90,true,1,
7290004768294,false,פילה אמנון ללא עור קפוא 5-7 בלדי,בלאדי,CN,פילה אמנון ללא עור,Unknown,0.00,"ק""ג",true,0,34.90,34.90,true,1,
7290004933180,false,חילבה,,,חילבה,Unknown,0.00,Unknown,false,1,69.90,69.90,true,1,
7290004952075,false,חלבה אורגנית שומשום מלא 300 גר,הרדוף,IL,חלבה אורגנית שומשום,גרמים,300.00,100 גרם,false,1,21.90,7.30,true,1,
7290004952112,false,סוכר קנים אורגני הרדוף 1 קג,אול אורגני,IL,סוכר קנים אורגני הרד,גרמים,1000.00,100 גרם,false,1,11.90,1.19,true,1,
7290004952778,false,טופו מפולי סויה אורגני הרדוף 300 גר,כפר בריא בעמ,IL,טופו מפולי סויה אורג,גרמים,300.00,100 גרם,false,1,15.60,5.20,true,1,
7290004952785,false,פריכיות אורז וכוסמת דקות אורגני 100 גר ה,פרח תעשיות,IL,פריכיות אורז וכוסמת,Unknown,0.00,Unknown,false,1,13.90,13.90,true,1,
7290004952792,false,פריכיות אורז מלא דק אורגני 100 גר הרדוף,פרח תעשיות,IL,פריכיות אורז מלא דק,Unknown,0.00,Unknown,false,1,13.90,13.90,true,1,
7290005095269,false,נרות חימום 50 יח' שק,,,נרות חימום 50 יח,Unknown,0.00,Unknown,false,1,11.90,11.90,true,1,
7290005095702,false,חיטה תפוחה בדבש 200 גר שלוה,,,חיטה תפוחה בדבש 200,גרמים,200.00,100 גרם,false,1,9.90,4.95,true,1,
7290005158131,false,קרקר כוסמין עם חמניות וסלק 200 גרם,,,קרקר כוסמין עם חמניו,גרמים,200.00,100 גרם,false,1,26.90,13.45,true,1,
7290005158247,false,מקלוני שוקולד ציפס וקקאו מכוסמין 200 גרם,,IL,מקלוני שוקולד ציפס ו,גרמים,200.00,100 גרם,false,1,27.90,13.95,true,1,
7290005158254,false,מקלוני שוקולד ציפס מכוסמין 200 גרם,,IL,מקלוני שוקולד ציפס מ,גרמים,200.00,100 גרם,false,1,27.90,13.95,true,1,
7290005158285,false,אצבעות כוסמין שומשום ושמן זית 200 גרם,,IL,אצבעות כוסמין שומשום,גרמים,200.00,100 גרם,false,1,30.90,15.45,true,1,
7290005169762,false,לקסין פורטה כמוסות זוגות,,,לקסין פורטה זוגות,Unknown,0.00,Unknown,false,1,104.90,104.90,true,1,
7290005169939,false,תה טיבטי קלאסי נענע 90 שקיקים,סודות המזרח,IL,תה טיבטי נענע 180 גר,גרמים,180.00,100 גרם,false,1,52.90,29.39,true,1,
7290005171369,false,קרטייב טבעוני,,,קרטייב טבעוני,Unknown,0.00,Unknown,false,1,169.90,169.90,true,1,
7290005171451,false,פרופרגי(קלטיב ) טבעוני,,,פרופרגי(קלטיב ) טבעו,Unknown,0.00,Unknown,false,1,194.90,194.90,true,1,
7290005174551,false,סלט חומוס עם צנוברים 125 ג' אחלה,מיוצר עי קונדיטוריית,IL,חומוס יום יום 125 גר,גרמים,125.00,100 גרם,false,1,4.90,3.92,true,1,
7290005174568,false,אחלה סלט חצילים יום 125 ג',מיוצר עי קונדיטוריית,IL,חצילים במיונז 125 גר,גרמים,125.00,100 גרם,false,1,4.90,3.92,true,1,
7290005175589,false,וילי פוד קמח תירס ללא גלוטן 1קג,וילי פוד,AR,"קמח תירס תירס 1 ק""ג",גרמים,1000.00,100 גרם,false,1,9.90,0.99,true,1,
7290005201882,false,קפה טורקי עלית 200 גרם,הנסיך- מפעל לייצור ט,IL,קפה טורקי עלית 200 ג,גרמים,200.00,100 גרם,false,1,15.90,7.95,true,1,
7290005287251,false,טונה סטארקיסט במים רביעיות 4*160 גר,"סטארקיסט פודור בע""מ",IL,טונה סטארקיסט במים ר,גרמים,640.00,100 גרם,false,1,24.90,3.89,true,1,
7290005287510,false,טונה בשמן עם בפלפל חריף 160 ג' סטארקיסט,תאי יוניון גרופ,TH,טונה בשמן עם פלפל חר,גרמים,160.00,100 גרם,false,1,8.90,5.56,true,1,
7290005287527,false,טונה סטארקיסט בשמן עם לימון 160 גר,"סטארקיסט פודור בע""מ",TH,טונה בשמן עם לימון 1,גרמים,160.00,100 גרם,false,1,8.90,5.56,true,1,
7290005326387,false,עגבניות מיובשות בשמן זית אוליביה 280ג',אוליביה,IL,עגבניות מיובשות,גרמים,270.00,100 גרם,false,1,19.80,7.33,true,1,
7290005326523,false,ממרח פסטו פטרוזיליה ונענע אוליביה 180 גר,אוליביה,IL,ממרח פסטו פטרוזיליה,גרמים,180.00,100 גרם,false,1,13.90,7.72,true,1,
7290005326585,false,ממרח אוליביה פסטו בזיליקום 180 ג',"אוליביה גורמה בע""מ",IL,פסטו בזיליקום אוליבי,גרמים,180.00,100 גרם,false,1,15.60,8.67,true,1,
7290005326677,false,רוטב ברביקיו אוליביה 350 גר,,IL,רוטב ברביקיו אוליביה,גרמים,350.00,100 גרם,false,1,13.90,3.97,true,1,
7290005384851,false,וילי פוד מיץ לימון בדץ 200מל,וילי פוד,IT,מיץ לימון 200 מ`ל,מיליליטרים,200.00,"100 מ""ל",false,1,4.90,2.45,true,1,
7290005423055,false,סנו פורטה פלוס מתז בניחות לימון 1 ל',"סנו מפעלי ברונוס בע""",IL,מרסס סנו פורטה פלוס,מיליליטרים,1000.00,"100 מ""ל",false,1,17.90,1.79,true,1,
7290005423567,false,מטליות לניקוי כללי בגליל 40 יח' סנו סושי,אסותא תעשיות אלבד בע,IL,סנו סושי מטליות בגלי,Unknown,0.00,Unknown,false,1,20.20,20.20,true,1,
7290005426193,false,ספוג הפלא אריזת סנו 6יח',טרופיקל דגיל תעשיות,IL,סנו סושי ספוג הפלא,Unknown,0.00,Unknown,false,1,14.20,14.20,true,1,
7290005431968,false,עדן קינוחים מלבי שמנת,עדן קינוחים Eden,IL,מלבי שמנת 150 גרם,גרמים,150.00,100 גרם,false,1,6.90,4.60,true,1,
7290005555100,false,פיקדון רביעייה,,,פיקדון רביעייה,Unknown,0.00,Unknown,false,1,1.20,1.20,true,1,
7290005555101,false,פיקדון שישייה,,,פיקדון שישייה,Unknown,0.00,Unknown,false,1,1.80,1.80,true,1,
7290005559990,false,בצק פילאס תורכי מעדנות 600 גרם,מיוצר עי קונדיטוריית,IL,בצק פילאס תורכי מעדנ,גרמים,600.00,100 גרם,false,1,22.90,3.82,true,1,
7290005591761,false,דבש טהור מפרחי בר בלחיץ 400 ג' יד מרדכי,מכוורת יד מרדכי שטרא,IL,דבש טהור לחיץ פרחי ב,גרמים,400.00,100 גרם,false,1,20.90,5.23,true,1,
7290005651427,false,שלישיות מעדני בונזו לכלבים 400X3 גרם,בונזו,FR,בונזו מולטיפק 3*400,גרמים,400.00,100 גרם,false,1,17.90,4.48,true,1,
7290005684418,false,לחם כוסמין אורגני 700 גר,המאפיה של הרמן,IL,לחם כוסמין אורגני 70,גרמים,700.00,100 גרם,false,1,11.90,1.70,true,1,
7290005684425,false,לחם שיפון אורגני 600 גרם,,,לחם שיפון אורגני 600,גרמים,600.00,100 גרם,false,1,11.90,1.98,true,1,
7290005684432,false,לחם שיפון מועשר אורגני 500 גר,,,לחם שיפון מועשר אורג,גרמים,500.00,100 גרם,false,1,11.90,2.38,true,1,
7290005684449,false,לחם שיפון קל אורגני 500 גר,,,לחם שיפון קל אורגני,גרמים,500.00,100 גרם,false,1,11.90,2.38,true,1,
7290005684456,false,לחם דגנים קל אורגני 500 גר,,,לחם דגנים קל אורגני,גרמים,500.00,100 גרם,false,1,11.90,2.38,true,1,
7290005684784,false,10 מיני פיתה כוסמין,,,10 מיני פיתה כוסמין,Unknown,0.00,Unknown,false,1,13.90,13.90,true,1,
7290005684845,false,מארז פיתה אורגנית כו,,,5 פיתות כוסמין אורגנ,Unknown,0.00,Unknown,false,1,8.90,8.90,true,1,
7290005697333,false,קממבר עיזים מנות שקיל גלילי,גלילי,,קממבר עיזים מנות שקי,Unknown,0.00,"ק""ג",true,0,193.00,193.00,true,1,
7290005697517,false,"יוגורט עיזים טבעי ביו 500 מ""ל",גלילי,IL,יוגורט עיזים טבעי בי,מיליליטרים,500.00,"100 מ""ל",false,1,17.90,3.58,true,1,
7290005697524,false,"יוגורט עיזים תמרים ביו 500 מ""ל",גלילי,IL,יוגורט עיזים תמרים ב,מיליליטרים,500.00,"100 מ""ל",false,1,18.80,3.76,true,1,
7290005697531,false,"יוגורט עיזים תות ביו 500 מ""ל",גלילי,IL,יוגורט עיזים תות ביו,מיליליטרים,500.00,"100 מ""ל",false,1,18.80,3.76,true,1,
7290005697623,false,"יוגורט עיזים ביו פסיפלורה 500 מ""ל",גלילי,,יוגורט עיזים ביו פסי,מיליליטרים,500.00,"100 מ""ל",false,1,17.90,3.58,true,1,
7290005697647,false,יוגורט עיזים בדלי 750 מל,,IL,יוגורט עיזים בדלי 75,מיליליטרים,750.00,"100 מ""ל",false,1,21.90,2.92,true,1,
7290005697654,false,יוגורט עיזים אורגני בדלי 750 מל,,IL,יוגורט עיזים אורגני,מיליליטרים,750.00,"100 מ""ל",false,1,26.50,3.53,true,1,
7290005697661,false,יוגורט צאן יווני בדלי 750 מל,,IL,יוגורט צאן יווני בדל,מיליליטרים,750.00,"100 מ""ל",false,1,21.90,2.92,true,1,
7290005697708,false,יוגורט עיזים טבעי מחלבת גלילי 1 ליטר,,,יוגורט עיזים טבעי מח,מיליליטרים,1000.00,"100 מ""ל",false,1,17.90,1.79,true,1,
7290005811128,false,בייגלה מקמח כוסמין עם שומשום 300 גרם,"אם החיטה בע""מ",IL,בייגלה מקמח כוסמין ע,גרמים,300.00,100 גרם,false,1,15.90,5.30,true,1,
7290005838002,false,מעדן גבינה ויוגורט בטעם וניל 88 ג' דניאלה,"שטראוס בריאות בע""מ",IL,דניאלה וניל 100 גרם,גרמים,88.00,100 גרם,false,1,4.10,4.66,true,1,
7290005838972,false,גבינת יום יום 5% שטראוס 125ג',מיוצר עי קונדיטוריית,IL,גבינת סקי יום יום 5%,גרמים,125.00,100 גרם,false,1,2.49,1.99,true,1,
7290005839078,false,"דנונה יוגורט ביו 3% לבן מארז 150X8מ""ל",מיוצר עי קונדיטוריית,IL,מולטיפק יוגורט דנונה,ליטרים,0.00,ליטר,false,1,16.90,16.90,true,1,
7290005839108,false,גבינה לבנה סימפוניה עם תוספות 200 ג'+זיתים 5%,"שטראוס בריאות בע""מ",IL,סימפוניה 5% עם זיתים,גרמים,200.00,100 גרם,false,1,11.00,5.50,true,1,
7290005839313,false,"מילקי טופ שוקולד מגולגל 170 מ""ל",מיוצר עי קונדיטוריית,IL,מילקי טופ מגולגלת 13,גרמים,130.00,100 גרם,false,1,4.90,3.77,true,1,
7290005896620,false,מים מוגז ' סאן בנדטו ' יחידה,אקווה מינרלה סאן בנד,IT,מים סאן בנדטו 1.5 ל,ליטרים,0.00,ליטר,false,1,3.50,3.50,true,1,
7290005896637,false,מים סן בנדטו בודד 1.5 ליטר-,אקווה מינרלה סאן בנד,IT,מים סאן בנדיטו 1.5 ל,ליטרים,0.00,ליטר,false,1,4.20,4.20,true,1,
7290005966347,false,יין גמלא סובניון בלנק 750 מל,יקבי רמת הגולן,IL,יין גמלא סובניון בלנ,Unknown,0.00,Unknown,false,1,62.90,62.90,true,1,
7290005992018,false,"יוגורט עיזים לשתיה 3% 500 מ""ל רובין","מיוצר ע""י קוד יצרן M",IL,יוגורט עיזים 500 מל,גרמים,500.00,100 גרם,false,1,12.20,2.44,true,1,
7290006190741,false,פיקורינו פפאטו עם פלפל במשקל,,,פיקורינו פפאטו פלפל,Unknown,0.00,"ק""ג",true,0,210.00,210.00,true,1,
7290006190765,false,גבינת גרוייר רזרב שוויצרי במשקל,,CH,גבינת גרוייר רזרב,Unknown,0.00,"ק""ג",true,0,236.00,236.00,true,1,
7290006194022,false,גורגונזולה דולצה איטלקי במשקל,,,גורגונזולה דולצה,Unknown,0.00,"ק""ג",true,0,191.00,191.00,true,1,
7290006199027,false,מאגדת גלידל וניל מצופה סורבה תות שדה [8],הגלידות של פלדמן,IL,מאגדת גלידל וניל\פטל,גרמים,600.00,100 גרם,false,1,32.90,5.48,true,1,
7290006199218,false,מאגדת גלידל אייס מוקה 8 יח דיאט,הגלידות של פלדמן,IL,מאגדת גלידל אייס מוק,גרמים,400.00,100 גרם,false,1,32.90,8.23,true,1,
7290006229427,false,שישיית מים מינרלים סאן בנדטו 500 מל,סן בנדטו,,שישיית מים מינרלים ס,ליטרים,0.02,ליטר,false,1,12.90,645.00,true,1,
7290006241191,false,אגוזי מלך קליית גת 150 גר,הדקלאים אגודת שיתופי,US,אגוזי מלך קליית גת 1,גרמים,150.00,100 גרם,false,1,20.90,13.93,true,1,
7290006241214,false,שקד טבעי קלית גת 200 ג',הדקלאים אגודת שיתופי,IL,שקד טבעי 200 ג שקית,גרמים,200.00,100 גרם,false,1,20.90,10.45,true,1,
7290006241504,false,פריגת תפוזים קפוא 345 גרם,פריגת מצוננים,IL,פריז תפוזים קפוא 340,גרמים,340.00,100 גרם,false,1,15.60,4.59,true,1,
7290006241689,false,פריז לימון קפוא 340 גרם,היינץ צפון אמריקה מק,IL,פריז לימון קפוא 340,גרמים,340.00,100 גרם,false,1,16.70,4.91,true,1,
7290006251107,false,תה ויסוצקי צ'אי מסאלה 25 יח',מולינו ניקולי s.p.a,IL,תה צאי מסאלה 25 שקיק,Unknown,0.00,Unknown,false,1,18.90,18.90,true,1,
7290006251268,false,תה ירוק תפוח וקינמון 25 שקיקים 1.5 גר,תה ויסוצקי,IL,תה ירוק תפוח וקינמון,Unknown,0.00,Unknown,false,1,24.90,24.90,true,1,
7290006251374,false,תה ירוק לימונית וגינגר 25 שקיקים ויסוצקי,תה ויסוצקי,IL,תה ירוק לימונית וגינ,Unknown,0.00,Unknown,false,1,24.90,24.90,true,1,
7290006272072,false,חטיפי פיצה בשקית מעדנות 650ג',"מעדנות בע""מ",IL,חטיפי פיצה גבינה,גרמים,650.00,100 גרם,false,1,33.90,5.22,true,1,
7290006272430,false,בצק עלים חמאה מעדנות 600 ג',מיוצר עי קונדיטוריית,IL,בצק עלים חמאה מעדנות,גרמים,600.00,100 גרם,false,1,28.60,4.77,true,1,
7290006296078,false,בוקר (שחרין ) 250 מ`ל -ע.קדם 250 מ`ל,,,בוקר (שחרין ) 250 מ`,Unknown,0.00,Unknown,false,1,49.90,49.90,true,1,
7290006296313,false,קטיפה משחה טיפולית עשבי קדם,,,קטיפה משחה טיפולית,Unknown,0.00,Unknown,false,1,79.90,79.90,true,1,
7290006296634,false,רגלים 50 מל-ע.קדם,,,רגלים 50 מל-ע.קדם,Unknown,0.00,Unknown,false,1,88.90,88.90,true,1,
7290006306296,false,רביולי במילוי גבינה לילדים 400 ג' פסטה נונה,פסטנונה רמת דלטון מר,IL,רביולי גבינה לילדים,גרמים,400.00,100 גרם,false,1,23.90,5.98,true,1,
7290006306302,false,רביולי במילוי גבינות פרמזן ריקוטה 400 ג' פסטה נונה,דורום תעשיות מזון ופ,IL,רביולי גבינה ופרמזן,גרמים,400.00,100 גרם,false,1,23.90,5.98,true,1,
7290006342065,false,בוטנים קלויים 200 ג ששון הקולה,,,בוטן קלויים 200 גרם,גרמים,200.00,100 גרם,false,1,7.50,3.75,true,1,
7290006342072,false,גרעין לבן 200 גרם ששון הקולה,"דין שיווק וקלייה בע""",IL,גרעין לבן 200 גרם,גרמים,200.00,100 גרם,false,1,9.40,4.70,true,1,
7290006374738,false,קונפיטורת יד מרדכי תות 340 גרם,אף.סי תבליני בגליל ב,IL,קונפיטורת יד מרדכי ת,גרמים,340.00,100 גרם,false,1,15.60,4.59,true,1,
7290006437044,false,אלטמן - פרוביוטיק DIGEST כמוסות 60 יח',אלטמן,,(60) DIGEST פרוביוטי,Unknown,0.00,Unknown,false,1,87.90,87.90,true,1,
7290006437198,false,לקטזין MAX - אנזים לקטאז המסייע לעיכול מוצרי חלב,אלטמן,,לקטזין MAX כשר,Unknown,0.00,Unknown,false,1,87.90,87.90,true,1,
7290006437273,false,חומצה פולית 400 מקג (200) כשר,אלטמן,,חומצה פולית 400 מקג,Unknown,0.00,Unknown,false,1,58.90,58.90,true,1,
7290006437341,false,קרנמיקס MAX תמצית חמוציות פטנטית ויטמין C וצמחים,אלטמן,,קרנמיקס MAX כשר,Unknown,0.00,Unknown,false,1,113.90,113.90,true,1,
7290006437495,false,פרוטק כמוסות - תמציות צמחי מרפא,אלטמן,,פרוטק כמוסות (100) ח,Unknown,0.00,Unknown,false,1,109.90,109.90,true,1,
7290006437563,false,אלטמן - אבץ פיקולינט טבליות 100 יח',אלטמן,,אבץ פיקולינט (100) כ,Unknown,0.00,Unknown,false,1,58.90,58.90,true,1,
7290006437648,false,ויטמין B-12 פלוס חסכון (200) כשר,,,ויטמין B-12 פלוס חסכ,Unknown,0.00,Unknown,false,1,113.90,113.90,true,1,
7290006437914,false,חילבה (180) אלטמן בדצ,,,חילבה (180) אלטמן בד,Unknown,0.00,Unknown,false,1,147.90,147.90,true,1,
7290006472847,false,אובליפיכה סרום לשיער,,,אובליפיכה סרום לשיער,Unknown,0.00,Unknown,false,1,76.00,76.00,true,1,
7290006492432,false,גבינת מוצרלה בייבי 18% 300 ג' גד,מחלבות גד בעמ,IL,מוצרלה בייבי 150 גרם,גרמים,170.00,100 גרם,false,1,13.90,8.18,true,1,
7290006492616,false,גבינה בולגרית פרוסות 5% 250 ג' גד,DSH עבור מחלבות גד ב,IL,בולגרית בפרוסות 5% 2,גרמים,250.00,100 גרם,false,1,26.80,10.72,true,1,
7290006492630,false,גליל גד עז 22% 180 גרם - רבנות,מחלבות גד בעמ,IL,גליל גבינת עיזים 180,גרמים,180.00,100 גרם,false,1,22.90,12.72,true,1,
7290006492685,false,לאבנה עיזים 5% 250 גרם - רובין,מחלבות גד בעמ,IL,לבנה עיזים 3% 250 גר,גרמים,250.00,100 גרם,false,1,17.40,6.96,true,1,
7290006492852,false,גבינת עיזים למריחה 5% שומן 250 ג' גד,מחלבות גד,IL,גבינה לבנה עיזים 250,גרמים,250.00,100 גרם,false,1,16.40,6.56,true,1,
7290006492913,false,ציזיקי לבנה למריחה בתוספת שום שמיר,מחלבות גד בעמ,IL,לבנה ציזיקי 250 גרם,גרמים,250.00,100 גרם,false,1,13.20,5.28,true,1,
7290006541901,false,ממרח שום 180גרם מוטי,"איטיליאן פוד, אס.פי.",IL,ממרח שום 190 גרם,גרמים,190.00,100 גרם,false,1,20.90,11.00,true,1,
7290006559029,false,כדורי מוצרלה בופלו במשקל,חוות הבואפלו,,כדורי מוצרלה בופלו,Unknown,0.00,"ק""ג",true,0,166.00,166.00,true,1,
7290006559098,false,לבנה בופאלו כדור בשמן זית 250גר,,,לבנה בופאלו כדור בשמ,גרמים,250.00,100 גרם,false,1,24.90,9.96,true,1,
7290006559180,false,לבנה בופאלו למריחה 250 גר,,,לבנה בופאלו למריחה,גרמים,250.00,100 גרם,false,1,21.50,8.60,true,1,
7290006559265,false,גבינת מוצרלה בופאלו,,,מוצרלה בופאלו 250 גר,גרמים,250.00,100 גרם,false,1,37.90,15.16,true,1,
7290006559340,false,בוקצינו די בופאלו 150 גר,,,בוקצינו די בופאלו 15,גרמים,150.00,100 גרם,false,1,27.00,18.00,true,1,
7290006559388,false,יוגורט בסגנון יוגורט ביו 5% 850 גר,חוות הבואפלו,,יוגורט בסגנון יוגורט,גרמים,850.00,100 גרם,false,1,24.90,2.93,true,1,
7290006559395,false,יורט בסגנון יוגורט ביו 5% 200 גר,חוות הבואפלו,IL,יורט בסגנון יוגורט,גרמים,200.00,100 גרם,false,1,8.30,4.15,true,1,
7290006559456,false,משקה יוגורט פרוביטי טבעי 500גר,,,משקה יוגורט פרוביטי,גרמים,500.00,100 גרם,false,1,17.90,3.58,true,1,
7290006559692,false,גבינת בופאלו קדם 5%,,,גבינת קדם 5%,גרמים,500.00,100 גרם,false,1,26.90,5.38,true,1,
7290006577160,false,יוגורט טבעי 3.6% אורגני 1 ליטר מחלבת גלילי,חוות רום,,יוגורט טבעי 3.6% אור,מיליליטרים,1000.00,"100 מ""ל",false,1,22.50,2.25,true,1,
7290006577511,false,פטה 5% 200 גר,,,פטה עיזים 5% אורגנית,גרמים,200.00,100 גרם,false,1,39.90,19.95,true,1,
7290006577658,false,ברינזה עיזים 5% 200 גרם מחלבת גלילי,,,ברינזה עיזים 5% אורג,גרמים,200.00,100 גרם,false,1,42.90,21.45,true,1,
7290006577986,false,יוגורט ביו 3.6% אורגני 500 מל,חוות רום,,יוגורט ביו 3.6% אורג,מיליליטרים,500.00,"100 מ""ל",false,1,20.90,4.18,true,1,
7290006660022,false,אקופרינד-נוזל רב תכליתי 1 ליטר,,,אקופרינד-נוזל רב תכל,מיליליטרים,1000.00,"100 מ""ל",false,1,15.90,1.59,true,1,
7290006660046,false,אקופרינד-מסיר שומנים 750 מל,,,אקופרינד-מסיר שומנים,מיליליטרים,750.00,"100 מ""ל",false,1,17.90,2.39,true,1,
7290006660060,false,אקופרינד-ניקוי אסלות 750 מל,,,אקופרינד-ניקוי אסלות,מיליליטרים,750.00,"100 מ""ל",false,1,13.90,1.85,true,1,
7290006660084,false,אקופירנד-ניקוי חלונות 750 מל,,,אקופירנד-ניקוי חלונו,מיליליטרים,750.00,"100 מ""ל",false,1,14.90,1.99,true,1,
7290006660138,false,אקופרינד-מרכך כביסה מרוכז פריחת העמק,,,אקופרינד-מרכך כביסה,מיליליטרים,1000.00,"100 מ""ל",false,1,19.90,1.99,true,1,
7290006660268,false,אקופרנד מרכך כביסה מרוכז מאסק 1 ליטר,,,אקופרנד מרכך כביסה מ,מיליליטרים,1000.00,"100 מ""ל",false,1,19.90,1.99,true,1,
7290006660411,false,בוטני מגבונים טבעיים ואקולוגיים,,,בוטני מגבונים טבעיים,Unknown,0.00,Unknown,false,1,9.90,9.90,true,1,
7290006660596,false,קמח עדשים אדומות ללא גלוטן 500 גרם,אף.סי תבליני בגליל ב,IL,קמח עדשים אדומות ללא,גרמים,500.00,100 גרם,false,1,19.90,3.98,true,1,
7290006660602,false,מי קוקוס אורגני גרין קוקו קרטונית 1 ליטר,תות תעשיות מזון (201,PH,מי קוקוס אורגני גרין,מיליליטרים,1000.00,"100 מ""ל",false,1,19.90,1.99,true,1,
7290006664051,false,"אקטימל לבן מארז 100X14 מ""ל",מיוצר עי קונדיטוריית,IL,מארז 14 יח אקטימל טב,ליטרים,0.00,ליטר,false,1,29.90,29.90,true,1,
7290006664532,false,יוגורט עם תות 3% שומן 150 ג' דנונה,מיוצר עי קונדיטוריית,IL,דנונה תות 3% 150 גר,גרמים,180.00,100 גרם,false,1,4.30,2.39,true,1,
7290006664655,false,"אקטימל לבן טבעי מארז 100X8 מ""ל",מיוצר עי קונדיטוריית,IL,אקטימל טבעי שמינייה,מיליליטרים,800.00,"100 מ""ל",false,1,20.90,2.61,true,1,
7290006664990,false,דנונה ביו מארז חיסכון 1.5% 8 יח' *150 ג',מיוצר עי קונדיטוריית,IL,מארז ביו 1.7% 2+6 15,ליטרים,0.00,ליטר,false,1,16.90,16.90,true,1,
7290006677662,false,תה טיבטי קלאסי לימונענע 90 שקיקים,סודות המזרח,,תה טיבטי לימונענע 18,גרמים,180.00,100 גרם,false,1,49.90,27.72,true,1,
7290006708069,false,גרון הודו טרי ארוז עוף טוב,,,גרון הודו טרי ארוז,Unknown,0.00,"ק""ג",true,0,32.90,32.90,true,1,
7290006724441,false,"דפי אורז מלא וטפיוקה 22 ס""מ לל""ג 270 גרם",,VN,דפי אורז מלא וטפיוקה,גרמים,270.00,100 גרם,false,1,13.90,5.15,true,1,
7290006724458,false,"דפי אורז וטפיוקה עגולים 22 ס""מ לל""ג 270",,VN,דפי אורז וטפיוקה עגו,גרמים,270.00,100 גרם,false,1,11.90,4.41,true,1,
7290006724465,false,"דפי אורז טפיוקה מרובעים 22 ס""מ לל""ג 270",,VN,דפי אורז מרובעים 22,גרמים,270.00,100 גרם,false,1,11.90,4.41,true,1,
7290006724472,false,טחינה אורגנית 500 גרם ליב,אחדות,IL,טחינה אורגנית 500 גר,גרמים,500.00,100 גרם,false,1,18.90,3.78,true,1,
7290006724793,false,ממרח לימון כבוש 185 גרם,,IL,ממרח לימון כבוש 185,גרמים,185.00,100 גרם,false,1,22.90,12.38,true,1,
7290006724809,false,ממרח ארטישוק 185 גרם,,IL,ממרח ארטישוק 185 גרם,גרמים,185.00,100 גרם,false,1,22.90,12.38,true,1,
7290006724830,false,חזרת 185 גרם,,,חזרת 185 גרם,גרמים,185.00,100 גרם,false,1,22.90,12.38,true,1,
7290006744425,false,יין מוני סדרת M קברנה סוביניון 750 מל,,,יין מוני סדרת M קברנ,Unknown,0.00,Unknown,false,1,41.90,41.90,true,1,
7290006744456,false,יין מוני סדרת M מרלו 750 מל,,,יין מוני סדרת M מרלו,Unknown,0.00,Unknown,false,1,41.90,41.90,true,1,
7290006744760,false,יין מוני נחל קלרט 750 מל,,,יין מוני נחל קלרט 75,Unknown,0.00,Unknown,false,1,67.90,67.90,true,1,
7290006744777,false,יין מונינ נחל פטיט ורדו 750 מל,,,יין מונינ נחל פטיט ו,Unknown,0.00,Unknown,false,1,67.90,67.90,true,1,
7290006744814,false,"יין מוני קברנה רזרב 750 מ""ל",,,יין מוני קברנה רזרב,Unknown,0.00,Unknown,false,1,89.90,89.90,true,1,
7290006765000,false,טורטיות חיטה מלאה 8יח 540 ג',אלקטי קוראבייכיסיגיד,TR,טורטיה מקמח מלא 540,גרמים,540.00,100 גרם,false,1,10.40,1.93,true,1,
7290006765895,false,בוטן בקליפה 200 גרם שושן הקולה,"דין שיווק וקלייה בע""",IL,בוטן בקליפה 200 גרם,גרמים,200.00,100 גרם,false,1,7.90,3.95,true,1,
7290006822192,false,מיץ חמוציות דיאט אושן ספריי 1 ליטר,מבשלות בירה בינלאומי,IL,נקטר פריגת דיאט חמוצ,מיליליטרים,1000.00,"100 מ""ל",false,1,11.90,1.19,true,1,
7290006834539,false,גבינת קומבוזולה גרמנית במשקל,,,גבינת קומבוזולה,Unknown,0.00,"ק""ג",true,0,194.00,194.00,true,1,
7290006834546,false,גבינת שמברי גרמנית במשקל,,,גבינת שמברי גרמנית,Unknown,0.00,"ק""ג",true,0,204.00,204.00,true,1,
7290006834553,false,גבינת רוגט גרמני במשקל,,,גבינת רוגט גרמני,Unknown,0.00,"ק""ג",true,0,219.00,219.00,true,1,
7290006855183,false,ברבריא חטיף תמרים שומשום אגוז מלך 30*4,טבעית מוצרים מן הטבע,IL,ברבריא חטיף תמרים שו,גרמים,120.00,100 גרם,false,1,17.90,14.92,true,1,
7290006855190,false,חטיף תמרים ואגוזי מלך עם בננה ללא תוספת סוכר,טבעית מוצרים מן הטבע,,ברבריא חטיף תמריםבננ,גרמים,120.00,100 גרם,false,1,17.90,14.92,true,1,
7290006855206,false,ברברי רביעייה תמר קוקוס שקדים 108 גרם,טבעית מוצרים מן הטבע,IL,ברבריא חטיף שזיפים ק,גרמים,120.00,100 גרם,false,1,17.90,14.92,true,1,
7290006855244,false,ברבריא חטיף אגוזים שקדים וצימוקים 30*4,טבעית מוצרים מן הטבע,IL,ברבריא חטיף אגוזים ש,גרמים,120.00,100 גרם,false,1,17.90,14.92,true,1,
7290006855251,false,חטיף קשיו חמוציות וסילאן ברבריא 4*30 ג',טבעית מוצרים מן הטבע,IL,ברבריא חטיף קשיו אגו,גרמים,120.00,100 גרם,false,1,17.90,14.92,true,1,
7290006899316,false,תה סרמוני סנצה יפני 20 שקיות,תה סרמוני בעמ,IL,תה סרמוני סנצה יפני,Unknown,0.00,Unknown,false,1,18.90,18.90,true,1,
7290006899354,false,תה סרמוני קמומיל 20 שק`,תה סרמוני בעמ,IL,תה סרמוני קמומיל 20,Unknown,0.00,Unknown,false,1,18.90,18.90,true,1,
7290006983176,false,אוסם - לחמית שיפון 250 גרם,"אסם תעשיות בע""מ",IL,לחמית שיפון 230 גרם,גרמים,230.00,100 גרם,false,1,10.40,4.52,true,1,
7290008017732,false,מורז קרם פוליגונום ליום לעור יבש,מורז,,קרם פוליגונום לעור י,Unknown,0.00,Unknown,false,1,59.90,59.90,true,1,
7290008017909,false,מורז מגן פוליגונום לשפתים טיפולי,מורז,,מגן שפתיים,Unknown,0.00,Unknown,false,1,12.90,12.90,true,1,
7290008017992,false,מורז קרם לילה טבעי לעור יבש 50 מל,מורז,,קרם לילה טבעי לעור י,Unknown,0.00,Unknown,false,1,54.90,54.90,true,1,
7290008101257,false,זרעי ציה 300 גרם,,IL,זרעי ציה 300 גרם,גרמים,300.00,100 גרם,false,0,29.90,9.97,true,1,
7290008175173,false,חמאה מפינלנד ללא מלח 200 גרם ויליפוד,ואליו אל.טי.די,FI,חמאה ללא תוספת מלח 2,גרמים,200.00,100 גרם,false,1,15.90,7.95,true,1,
7290008175814,false,וילי פוד פטריות שמפיניון חתוך בדץ 400ג,"אוקצ'מפ אס, איי אויי",PL,וילי פוד פטריות שמפנ,גרמים,400.00,100 גרם,false,1,4.90,1.23,true,1,
7290008263023,false,פוסילי אורגני מלא אורגני 500 גר,פסטיפיסוי פליצ'טי,IT,פוסילי אורגני מלא או,גרמים,500.00,100 גרם,false,1,10.90,2.18,true,1,
7290008263030,false,פסטה פנה אורגנית מלאה 500 גר,פסטיפיסוי פליצ'טי,IT,פסטה פנה אורגנית מלא,גרמים,500.00,100 גרם,false,1,10.90,2.18,true,1,
7290008263047,false,ספגטי אורגני לבן 500 גר,פסטיפיסוי פליצ'טי,IT,ספגטי אורגני לבן 500,גרמים,500.00,100 גרם,false,1,10.90,2.18,true,1,
7290008263481,false,פסטה פנה אורגנית הרדוף 500 גר`,פסטיפיסוי פליצ'טי,IT,פסטה פנה אורגנית הרד,גרמים,500.00,100 גרם,false,1,10.90,2.18,true,1,
7290008263498,false,פסטה פוסילי אורגנית הרדוף 500 גר,פסטיפיסוי פליצ'טי,IT,פסטה פוסילי אורגנית,גרמים,500.00,100 גרם,false,1,10.90,2.18,true,1,
7290008263528,false,ממרח קקאו בתוספת אגוזים אגוזים הרדוף 350,ברינקרס פוד,NL,ממרח קקאו בתוספת אגו,גרמים,350.00,100 גרם,false,1,26.90,7.69,true,1,
7290008263597,false,קוואקר אורגני הרדוף 500 גר,אול אורגני,IL,קוואקר אורגני הרדוף,גרמים,500.00,100 גרם,false,1,10.90,2.18,true,1,
7290008263641,false,קוואקר אורגני עדין 500 גר,אול אורגני,IL,קוואקר אורגני עדין 5,גרמים,500.00,100 גרם,false,1,10.90,2.18,true,1,
7290008263658,false,"משקה סויה ללת""ס אורגני 1 ליטר",ליקואטס,ES,"משקה סויה ללת""ס אורג",מיליליטרים,1000.00,"100 מ""ל",false,1,11.90,1.19,true,1,
7290008263764,false,פסטה פוזילי טריקולור אורגנית 500 גר,פסטיפיסוי פליצ'טי,IT,פסטה פוזילי טריקולור,גרמים,500.00,100 גרם,false,1,14.90,2.98,true,1,
7290008286466,false,דג פילה לברק יפני ארוז קפוא,,CN,פילה לברק יפני 5-7,Unknown,0.00,"ק""ג",true,0,49.90,49.90,true,1,
7290008324052,false,"יומי חורף - אכינצאה, סמבוק שחור, פרופוליס וויטמין C",אלטמן,,יומי חורף,Unknown,0.00,Unknown,false,1,62.90,62.90,true,1,
7290008329385,false,כוס נייר לשתיה חמה,,CN,כוס נייר לשתיה חמה,Unknown,1.00,Unknown,false,1,11.40,11.40,true,1,
7290008330107,false,מרכך כביסה סגול 4 ל' בדין,יוניליור ישראל טיפוח,IL,בדין 4 ליטר סגול,ליטרים,0.00,ליטר,false,1,19.90,19.90,true,1,
7290008343466,false,בצק פילו 500 גרם שלושת האופים,שלושת האופים שגמור,IL,בצק פילו 500 גר,גרמים,500.00,100 גרם,false,1,19.90,3.98,true,1,
7290008408707,false,"קרם ידיים אובליפיחה 150 מ""ל",,IL,קרם ידיים אובליפיחה,מיליליטרים,150.00,"100 מ""ל",false,1,17.90,11.93,true,1,
7290008409049,false,מאמא עוףמיני שניצלים בציפוי שומשום 500 ג,תנובה גליל שותפות מו,IL,מאמא עוף מיני שניצלי,גרמים,500.00,100 גרם,false,1,27.90,5.58,true,1,
7290008409100,false,אצבעות שניצל בציפוי שומשום מאמא עוף 700 גרם,תנובה גליל שותפות מו,IL,אצבעות שניצל בציפוי,גרמים,700.00,100 גרם,false,1,36.90,5.27,true,1,
7290008409124,false,מאמא עוף קפוא שניצל ג'ונגל פריך 700 גרם,תנובה גליל שותפות מו,IL,שניצל גונגל מאמא עוף,גרמים,700.00,100 גרם,false,1,36.90,5.27,true,1,
7290008409407,false,שניצל דק ציפס מאמא עוף 700 ג',תנובה גליל שותפות מו,IL,שניצל דק בציפוי ציפס,גרמים,700.00,100 גרם,false,1,39.90,5.70,true,1,
7290008409551,false,שניצל עוף אמיתי בציפוי מעודן 700 ג' מאמא עוף,תנובה גליל שותפות מו,IL,שניצל עוף אמיתי בציפ,גרמים,700.00,100 גרם,false,1,41.70,5.96,true,1,
7290008409582,false,שניצל אמיתי בציפוי ביתי מאמא עוף 700 ג',תנובה גליל שותפות מו,IL,שניצל עוף אמיתי ביתי,גרמים,700.00,100 גרם,false,1,41.70,5.96,true,1,
7290008425100,false,יוגורט ביו טבעי אורג,,IL,יוגורט ביו 500 מל,מיליליטרים,500.00,"100 מ""ל",false,1,19.90,3.98,true,1,
7290008425124,false,יוגורט ביו לאסי אורג,,IL,יוגורט לאסי 500 מל,מיליליטרים,500.00,"100 מ""ל",false,1,19.40,3.88,true,1,
7290008425155,false,"שמן זית 750 מ""ל",,,"שמן זית 750 מ""ל",מיליליטרים,750.00,"100 מ""ל",false,1,62.90,8.39,true,1,
7290008425186,false,זיתים סורים 400 גרם,,,זיתים סורי 400 גרם,גרמים,400.00,100 גרם,false,1,22.90,5.73,true,1,
7290008425278,false,מיץ תפוחים אורגני,,,"מיץ תפוחים 330 מ""ל",מיליליטרים,330.00,"100 מ""ל",false,1,13.90,4.21,true,1,
7290008425322,false,נקטר משמש אורגני,,,"נקטר משמש 330 מ""ל",מיליליטרים,330.00,"100 מ""ל",false,1,13.20,4.00,true,1,
7290008425346,false,"נקטר אפרסק 330 מ""ל",,,"נקטר אפרסק 330 מ""ל",מיליליטרים,330.00,"100 מ""ל",false,1,13.20,4.00,true,1,
7290008425490,false,נקטר משמש 1 ליטר אורגני,,IL,נקטר משמש 1 ליטר אור,מיליליטרים,1000.00,"100 מ""ל",false,1,25.90,2.59,true,1,
7290008425704,false,נקטר שזיף 1 ליטר אורגני,,IL,נקטר שזיף 1 ליטר אור,מיליליטרים,1000.00,"100 מ""ל",false,1,25.90,2.59,true,1,
7290008425711,false,"נקטר קוקטייל 330 מ""ל",,,"נקטר קוקטייל 330 מ""ל",מיליליטרים,330.00,"100 מ""ל",false,1,13.20,4.00,true,1,
7290008425728,false,נקטר קוקטייל 1 ליטר אורגני,,,נקטר קוקטייל 1 ליטר,מיליליטרים,1000.00,"100 מ""ל",false,1,25.90,2.59,true,1,
7290008437646,false,שקית גופיה טיב טעם,,,שקית גופיה,Unknown,0.00,Unknown,false,1,0.10,0.10,true,1,
7290008438285,false,גבינה אמנטל שוויצרי במשקל,,CH,גבינה אמנטל שוויצרי,Unknown,0.00,"ק""ג",true,0,215.00,215.00,true,1,
7290008461221,false,סרדינים רוברט בשמן חמניות 115 גרם,"רמירז, מטוסינוס",PT,סרדין רוברט בשמן חמנ,גרמים,120.00,100 גרם,false,1,7.90,6.58,true,1,
7290008461238,false,סרדין רוברט בשמן חמניות ופלפל חריף 115 ג',קונסוורס,PT,סרדין רוברט בשמן חמנ,גרמים,120.00,100 גרם,false,1,7.90,6.58,true,1,
7290008462204,false,חרדל דיזיון מקורי 380 גרם,יוניליבר צרפת,FR,חרדל דיזון מקורי 380,גרמים,380.00,100 גרם,false,1,12.90,3.39,true,1,
7290008462259,false,חרדל דיזיון גרגירים 345 גרם,יוניליוור צרפת,FR,חרדל דיזיון גרגירים,גרמים,345.00,100 גרם,false,1,13.90,4.03,true,1,
7290008464024,false,"בירה גולדסטאר לא מסוננת 500 מ""ל פחית","טמפו משקאות בע""מ",IL,בירה גולדסטאר לא מסו,מיליליטרים,500.00,"100 מ""ל",false,1,9.50,1.90,true,1,
7290008464475,false,"בירה מכבי פחית 500 מ""ל","טמפו משקאות בע""מ",IL,בירה מכבי פחית 500 מ,מיליליטרים,500.00,"100 מ""ל",false,1,8.90,1.78,true,1,
7290008464604,false,"בירה היינקן פחית 500מ""ל",טמפו משקאות בע''מ,NL,"היינקן פחית 500 מ""ל",מיליליטרים,500.00,"100 מ""ל",false,1,9.90,1.98,true,1,
7290008464673,false,"בירה גולדסטאר SLOWBREW פחית 10%, 500 מ""ל","טמפו משקאות בע""מ",IL,בירה גולדסטאר SLOW B,מיליליטרים,500.00,"100 מ""ל",false,1,9.70,1.94,true,1,
7290008464741,false,"שישייית בירה גולדסטאר כהה 330X6 מ""ל",גולדסטאר,IL,שישיית בקבוקי גולדסט,מיליליטרים,1980.00,"100 מ""ל",false,1,27.90,1.41,true,1,
7290008493710,false,פירורי גריסיני זהב מאיר בייגל 200 גרם,מאיר בייגל,IL,פירורי גריסיני בייגל,גרמים,200.00,100 גרם,false,1,6.20,3.10,true,1,
7290008498296,false,גאודה עיזים תאנים אגוזים שקיל,,,גאודה עיזים תאנים אג,Unknown,0.00,"ק""ג",true,0,199.00,199.00,true,1,
7290008618090,false,פילה סלמון טרי,,,פילה סלמון טרי,Unknown,0.00,"ק""ג",true,0,99.90,99.90,true,1,
7290008644112,false,סלט מטבוחה יום יום אחלה 125 ג',"שטראוס גרופ בע""מ",IL,מטבוחה יום יום 125 ג,גרמים,125.00,100 גרם,false,1,4.90,3.92,true,1,
7290008644235,false,עלי בייבי 120 גר' שטראוס,שטראוס בריאות ירקות,IL,עלי בייבי אחלה טבע,גרמים,120.00,100 גרם,false,1,11.90,9.92,true,1,
7290008644839,false,סלט חסה ארוז 300 גרם,תות תעשיות מזון (201,IL,חסה אחלה טבע,גרמים,300.00,100 גרם,false,1,10.90,3.63,true,1,
7290008644945,false,סלט המושבה שטופים שט,שטראוס בריאות ירקות,IL,סלט המושבה אחלה טבע,גרמים,450.00,100 גרם,false,1,11.90,2.64,true,1,
7290008645935,false,חומוס לניגוב אחלה 750 ג',"שטראוס גרופ בע""מ",IL,חומוס אחלה 750 גרם,גרמים,750.00,100 גרם,false,1,9.90,1.32,true,1,
7290008670005,false,רקנאטי גליל עליון שרדונה 750 מל,,,רקנאטי גליל עליון ש,Unknown,0.00,Unknown,false,1,62.90,62.90,true,1,
7290008670142,false,"יין רקנאטי יסמין אדום 2019 750 מ""ל",תות ממתקי איכות,IL,רקנאטי יסמין אדום 75,Unknown,0.00,Unknown,false,1,31.90,31.90,true,1,
7290008670623,false,יין רקנאטי פטיט סירה רזרב 2014 750 מל,,IL,יין רקנאטי פטיט סירה,Unknown,0.00,Unknown,false,1,119.90,119.90,true,1,
7290008670692,false,"יין רקנאטי מרסלאן רזרב 2018 750 מ""ל",,IL,יין רקנאטי מרסלאן ר,Unknown,0.00,Unknown,false,1,114.90,114.90,true,1,
7290008670920,false,יין רקנאטי גליל עליון מרלו 750 מל,,,יין רקנאטי גליל עלי,Unknown,0.00,Unknown,false,1,62.90,62.90,true,1,
7290008670937,false,רקנאטי גליל עליון שיראז 2017 750 מל,,,רקנאטי גליל עליון שי,Unknown,0.00,Unknown,false,1,62.90,62.90,true,1,
7290008690713,false,פריגת אושן ספריי חמוציות 1ל',מבשלות בירה בינלאומי,IL,נקטר אושן ספריי 1 ל,מיליליטרים,1000.00,"100 מ""ל",false,1,11.90,1.19,true,1,
7290008693134,false,מעדן גבינה ויוגורט בטעם תות 5% שומן 88 ג' דניאלה,"שטראוס בריאות בע""מ",IL,דניאלה תות 88 גרם,גרמים,88.00,100 גרם,false,1,4.10,4.66,true,1,
7290008745239,false,תפוציפס אקסטרא טבעי 50 גרם,"שטראוס פריטו ליי בע""",IL,תפוציפס אקסטרא טבעי,גרמים,50.00,100 גרם,false,1,4.00,8.00,true,1,
7290008747547,false,תפוציפס קראנץ טבעי 200 גרם,"שטראוס פריטו ליי בע""",IL,תפוציפס קראנץ טבעי 2,גרמים,200.00,100 גרם,false,1,9.90,4.95,true,1,
7290008776240,false,כתף טלה טרי,,,כתף טלה טרי,Unknown,0.00,"ק""ג",true,0,130.00,130.00,true,1,
7290008801010,false,"יין קברנה סוביניון מרלו פרייוט קולקשן 750 מ""ל",אגודת הכורמים הקאופו,IL,יין קברנה /מרלו אדום,Unknown,0.00,Unknown,false,1,37.90,37.90,true,1,
7290008801522,false,יין קינג דויד קונקורד אדום מתוק 750 מל,אגודת הכורמים הקואופ,IL,יין קינג דויד קונקור,Unknown,0.00,Unknown,false,1,22.90,22.90,true,1,
7290008801546,false,"יין קינג דויד מוסקט מתוק לבן 750 מ""ל",אגודת הכורמים הקואופ,IL,יין קינג דויד מוסקט,Unknown,0.00,Unknown,false,1,22.90,22.90,true,1,
7290008804332,false,שיראז אדום יבש פריווט קולקשיין 750מל,אגודת הכורמים הקואופ,IL,יין שיראז אדום יבש 7,Unknown,0.00,Unknown,false,1,37.90,37.90,true,1,
7290008846219,false,שמן זית כתית מעולה 750 מל,האי נאם סי או אל.טי.,IL,שמן זית כתית מעולה 7,מיליליטרים,750.00,"100 מ""ל",false,1,41.90,5.59,true,1,
7290008849470,false,ממרח פלפל ציומה אוליביה 190 גר,אוליביה גורמה בעמ,IL,ממרח פלפל ציומה,גרמים,190.00,100 גרם,false,1,13.90,7.32,true,1,
7290008849586,false,רוטב ריבת בצל לעוף אוליביה 310 גר,אוליביה,IL,רוטב ריבת בצל לעוף,גרמים,310.00,100 גרם,false,1,13.90,4.48,true,1,
7290008855051,false,טליאטלה ביצים 450 גרם,,,טליאטלה ביצים 450 גר,גרמים,450.00,100 גרם,false,0,36.90,8.20,true,1,
7290008855204,false,רביולי צאן 450 גרם,,,רביולי צאן 450 גרם,גרמים,450.00,100 גרם,false,0,49.90,11.09,true,1,
7290008855327,false,טורטליני גבינות במשקל,,,טורטליני גבינות 450,גרמים,450.00,100 גרם,false,0,49.90,11.09,true,1,
7290008855433,false,רוטב פסטו 250 גר,,,רוטב פסטו 250 גר,גרמים,250.00,100 גרם,false,1,37.90,15.16,true,1,
7290008855518,false,רביולי תרד קפוא 450 גרם,,,רביולי תרד קפוא 450,גרמים,450.00,100 גרם,false,0,49.90,11.09,true,1,
7290008855563,false,רביולי פורמגו 450 גרם,,,רביולי פורמגו 450 גר,גרמים,450.00,100 גרם,false,0,49.90,11.09,true,1,
7290008952132,false,"מסננת רשת 14 ס""מ ידית לבנה",,,מסננת רשת 14 סמ ידית,Unknown,0.00,Unknown,false,1,19.90,19.90,true,1,
7290008968157,false,אינטימה קצף להיגיינה נשית אובלפיכה-עץ התה,קמילוטרקט,,קמילוטרט אינטימה 200,Unknown,0.00,Unknown,false,1,54.90,54.90,true,1,
7290008989596,false,דייסת דגנים מעורבים 200 גר מהדרין,בטר אנד דיפרנט B&D,IL,דייסת דגנים עם קינוא,Unknown,0.00,Unknown,false,1,14.90,14.90,true,1,
7290010002023,false,כורכום הודי טחון 100 גרם,א.ל ייצור ושיווק תבל,IL,כורכום הודי טחון 100,גרמים,100.00,100 גרם,false,1,11.60,11.60,true,1,
7290010002030,false,כמון טחון 100גרם יורדן,א.ל ייצור ושיווק תבל,IL,כמון 100 גרם,גרמים,100.00,100 גרם,false,1,11.60,11.60,true,1,
7290010002047,false,תבליני מימון מלח לימון,א.ל ייצור ושיווק תבל,IL,מלח לימון 200 גרם,גרמים,200.00,100 גרם,false,1,11.90,5.95,true,1,
7290010002078,false,פלפל שחור טחון 100 גרם,א.ל ייצור ושיווק תבל,IL,פלפל שחור טחון 120 ג,גרמים,100.00,100 גרם,false,1,15.50,15.50,true,1,
7290010002108,false,פלפל שחור גרוס גס 90 גרם,א.ל ייצור ושיווק תבל,IL,פלפל שחור גרוס גס 90,גרמים,90.00,100 גרם,false,1,15.50,17.22,true,1,
7290010002122,false,פפריקה הונגרית מתוקה 100 גרם,א.ל ייצור ושיווק תבל,IL,פפריקה הונגרית מתוקה,גרמים,100.00,100 גרם,false,1,11.60,11.60,true,1,
7290010002146,false,פפריקה מרוקאית מתוקה 100 גרם,א.ל ייצור ושיווק תבל,IL,פפריקה מרוקאית מתוקה,גרמים,100.00,100 גרם,false,1,11.60,11.60,true,1,
7290010002153,false,פפריקה מרוקאית חריפה 100 גרם,א.ל ייצור ושיווק תבל,IL,פפריקה מרוקאית חריפה,גרמים,100.00,100 גרם,false,1,11.60,11.60,true,1,
7290010002191,false,תבליני מימון מקלות קינמון,א.ל ייצור ושיווק תבל,IL,מקלות קינמון 50 גרם,גרמים,50.00,100 גרם,false,1,11.90,23.80,true,1,
7290010002207,false,מימון קינמון טחון במ,א.ל ייצור ושיווק תבל,IL,קינמון טחון 100 גרם,גרמים,100.00,100 גרם,false,1,9.40,9.40,true,1,
7290010002214,false,צילי מקסיקני גרוס 70 גרם,א.ל ייצור ושיווק תבל,IL,צילי מקסיקני גרוס 70,Unknown,0.00,Unknown,false,1,11.40,11.40,true,1,
7290010002283,false,מימון תבלין על האש ב,א.ל ייצור ושיווק תבל,IL,תבלין על האש 100 גרם,גרמים,100.00,100 גרם,false,1,11.40,11.40,true,1,
7290010002313,false,תבלין ראס אל חנות מי,א.ל ייצור ושיווק תבל,IL,ראס אל חנות 100 גרם,גרמים,100.00,100 גרם,false,1,11.40,11.40,true,1,
7290010002344,false,תיבול לדג מיכל 110 ג,א.ל ייצור ושיווק תבל,,תבלין לדג 100 גרם,גרמים,100.00,100 גרם,false,1,11.40,11.40,true,1,
7290010002368,false,תערובת חווג למרק 100 גרם,א.ל ייצור ושיווק תבל,IL,תערובת חווג למרק 100,גרמים,100.00,100 גרם,false,1,11.40,11.40,true,1,
7290010002375,false,קארי מדרבס מיכל 100,א.ל ייצור ושיווק תבל,IL,מדרס קארי 100 גרם,גרמים,100.00,100 גרם,false,1,11.40,11.40,true,1,
7290010002399,false,תבלין בזיליקום ריחן,א.ל ייצור ושיווק תבל,,בזיליקום -ריחן 40 גר,Unknown,0.00,Unknown,false,1,9.40,9.40,true,1,
7290010002429,false,תבליני מימון עלי דפנה,א.ל ייצור ושיווק תבל,IL,עלי דפנה 20 גרם,Unknown,0.00,Unknown,false,1,9.40,9.40,true,1,
7290010002443,false,מימון רוזמרין במיכל,א.ל ייצור ושיווק תבל,IL,רוזמרין 40 גרם,Unknown,0.00,Unknown,false,1,9.40,9.40,true,1,
7290010002450,false,תבלין שמיר מיכל 30,א.ל ייצור ושיווק תבל,IL,שמיר 25 גרם,Unknown,0.00,Unknown,false,1,9.40,9.40,true,1,
7290010002481,false,מימון שום טחון במיכל,א.ל ייצור ושיווק תבל,,שום טחון 100 גרם,גרמים,100.00,100 גרם,false,1,15.50,15.50,true,1,
7290010002597,false,מימון כוסברה ירוקה ב,א.ל ייצור ושיווק תבל,,כוסברה ירוקה 30 גרם,גרמים,30.00,100 גרם,false,1,9.40,31.33,true,1,
7290010002726,false,תיבול לפרגיות מיכל 1,א.ל ייצור ושיווק תבל,IL,תבלין לפרגיות 100 גר,גרמים,100.00,100 גרם,false,1,11.40,11.40,true,1,
7290010003693,false,פפריקה מתוקה 80 גרם שקית,א.ל ייצור ושיווק תבל,IL,פפריקה מתוקה 80 גרם,Unknown,0.00,Unknown,false,1,6.50,6.50,true,1,
7290010003709,false,פלפל שחור טחון 50 גרם שקית,א.ל ייצור ושיווק תבל,IL,פלפל שחור טחון 50 גר,Unknown,0.00,Unknown,false,1,7.90,7.90,true,1,
7290010003754,false,מימון כמון טחון שקית,א.ל ייצור ושיווק תבל,IL,כמון טחון 50 גרם,Unknown,0.00,Unknown,false,1,6.50,6.50,true,1,
7290010003761,false,מימון כורכום טחון שק,א.ל ייצור ושיווק תבל,IL,כורכום טחון 80 שקית,Unknown,0.00,Unknown,false,1,6.50,6.50,true,1,
7290010003792,false,מלח לימון שקית 100 גרם,א.ל ייצור ושיווק תבל,IL,מלח לימון שקית 100 ג,גרמים,100.00,100 גרם,false,1,6.50,6.50,true,1,
7290010003808,false,זעתר ושומשום 80 גרם שקית,א.ל ייצור ושיווק תבל,IL,זעתר ושומשום 80 גרם,Unknown,0.00,Unknown,false,1,6.50,6.50,true,1,
7290010003839,false,קינמון טחון 80 גרם שקית,א.ל ייצור ושיווק תבל,IL,שקיות תבלינים שונים,Unknown,0.00,Unknown,false,1,6.50,6.50,true,1,
7290010003846,false,מימון אורגנו שקית 20,א.ל ייצור ושיווק תבל,,אורגנו 20 גרם שקית,Unknown,0.00,Unknown,false,1,6.50,6.50,true,1,
7290010003990,false,מימון פטרוזיליה שקית,א.ל ייצור ושיווק תבל,,פטרוזיליה 20 גרם שקי,Unknown,0.00,Unknown,false,1,6.50,6.50,true,1,
7290010023141,false,תה לימונענע הגן הקסום 25 שיקיקים,תה ויסוצקי,IL,לימונענע 25 שקיקים,Unknown,0.00,Unknown,false,1,18.90,18.90,true,1,
7290010032327,false,דבש אקליפטוס 500 גרם מכוורת צוקרמן,,,דבש אקליפטוס 500 גרם,גרמים,500.00,100 גרם,false,1,31.50,6.30,true,1,
7290010032334,false,דבש זעתר 500 גרם מכוורת צוקרמן,,,דבש זעתר 500 גרם מכו,גרמים,500.00,100 גרם,false,1,31.50,6.30,true,1,
7290010032341,false,דבש אשל 500 גרם מכוורת צוקרמן,,,דבש אשל 500 גרם מכוו,גרמים,500.00,100 גרם,false,1,31.50,6.30,true,1,
7290010032358,false,דבש דרדר 500 גרם מכוורת צוקרמן,,,דבש דרדר 500 גרם מכו,גרמים,500.00,100 גרם,false,1,31.50,6.30,true,1,
7290010032419,false,"דבש פרחי בר 1 ק""ג מכוורת צוקרמן",,,"דבש פרחי בר 1 ק""ג מכ",גרמים,1000.00,100 גרם,false,1,58.50,5.85,true,1,
7290010032426,false,"דבש אקליפטוס 1 ק""ג מכוורת צוקרמן",,,"דבש אקליפטוס 1 ק""ג מ",גרמים,1000.00,100 גרם,false,1,58.50,5.85,true,1,
7290010032457,false,"דבש דרדר 1 ק""ג מכוורת צוקרמן",,,"דבש דרדר 1 ק""ג מכוור",קילוגרמים,0.00,"ק""ג",false,1,58.50,58.50,true,1,
7290010032464,false,"דבש שזיף 1 ק""ג מכוורת צוקרמן",,,"דבש שזיף 1 ק""ג מכוור",גרמים,1000.00,100 גרם,false,1,58.50,5.85,true,1,
7290010032471,false,"דבש אבוקדו 1 ק""ג מכוורת צוקרמן",,,"דבש אבוקדו 1 ק""ג מכו",קילוגרמים,0.00,"ק""ג",false,1,58.50,58.50,true,1,
7290010032709,false,קרם דבש פרחי הדר 400 גרם,,,קרם דבש פרחי הדר 400,גרמים,400.00,100 גרם,false,1,39.90,9.98,true,1,
7290010032730,false,קרם דבש זעתר 400 גרם,,,קרם דבש זעתר 400 גרם,גרמים,400.00,100 גרם,false,1,39.90,9.98,true,1,
7290010065332,false,פרינוק - ג'וניור פתוחי עץ ובננה 190 גרם,פרוטה פודווין איי.אס,CZ,"פרינוק גוניור תפ""ע+ב",גרמים,190.00,100 גרם,false,1,7.90,4.16,true,1,
7290010066513,false,נתחי טונה בשמן צמחי רביעיה *158ג' פילטונה,תעשיות פילטונה,IL,נתחי טונה בשמן צמחי,גרמים,640.00,100 גרם,false,1,22.90,3.58,true,1,
7290010066575,false,נתחי טונה במים רביעיה *158ג' פילטונה,תעשיות פילטונה,IL,רביעיית טונה במים,גרמים,640.00,100 גרם,false,1,22.90,3.58,true,1,
7290010066582,false,נתחי טונה בשמן קנולה רביעיה * 158 ג' פילטונה,תעשיות פילטונה,IL,נתחי טונה בהירה בשמן,גרמים,640.00,100 גרם,false,1,22.90,3.58,true,1,
7290010066599,false,רביעיית נתחי טונה בשמן זית פילטונה 158X4 גרם,תעשיות פילטונה,IL,רביעיית טונה בשמן,גרמים,640.00,100 גרם,false,1,27.90,4.36,true,1,
7290010081684,false,פולן 500 גר,,,פולן 500 גר,גרמים,500.00,100 גרם,false,1,84.90,16.98,true,1,
7290010084401,false,אמזון קרם לכאבים,,,אמזון קרם לכאבים,Unknown,0.00,Unknown,false,1,69.90,69.90,true,1,
7290010124213,false,סינטה בקר דק דק אל מטאדור 250 ג',בלאדי,IL,סינטה בקר דק דק 250,גרמים,250.00,100 גרם,false,1,20.90,8.36,true,1,
7290010154548,false,ממרח שום טבעי 225 גר' מעדני ביטון,תבליני יוחאי ביטון,IL,ממרח שום טבעי 250 גר,גרמים,250.00,100 גרם,false,1,15.60,6.24,true,1,
7290010163069,false,צנובר 100 גרם ששון הקולה,"דין שיווק וקלייה בע""",IL,צנובר 100 גרם ששון ו,גרמים,100.00,100 גרם,false,1,28.90,28.90,true,1,
7290010173181,false,יין אלה הרי גליל 750 מל,יקבי רמת הגולן,IL,יין אלה הרי גליל 75,Unknown,0.00,Unknown,false,1,62.90,62.90,true,1,
7290010184408,false,שמן חוחובה 200 מל רפאלו,,,שמן חוחובה 200 מל רפ,Unknown,0.00,Unknown,false,1,104.00,104.00,true,1,
7290010207558,false,מגנוקס נוזל קרנברי 500 מל,Magnox,,מגנוקס נוזל קרנברי 5,Unknown,0.00,Unknown,false,1,54.90,54.90,true,1,
7290010207640,false,כמוסות מגנזיום וויטמינים.NT L.C,נווה NAVEH,,אנטילג קרמפס,Unknown,0.00,Unknown,false,1,59.90,59.90,true,1,
7290010259366,false,וילי פוד נודלס אטר.ביצים מסולסל בדץ 200ג,פוג'יאן לונגהאי אנלי,CN,אטריות להקפצה מסולסל,גרמים,200.00,100 גרם,false,1,4.50,2.25,true,1,
7290010259977,false,שמן קנולה וילי פוד 1 ליטר,בונגי פולין אס.פי.זד,PL,שמן קנולה וילי פוד 1,מיליליטרים,1000.00,"100 מ""ל",false,1,10.90,1.09,true,1,
7290010259991,false,וילי פוד צנימים בדץ 250ג,וילי פוד,PT,צנימים וילי פוד 250,גרמים,250.00,100 גרם,false,1,8.30,3.32,true,1,
7290010278909,false,שקית פו הדב 5 יח,,,שקית פו הדב 5 יח,Unknown,0.00,Unknown,false,1,5.90,5.90,true,1,
7290010300518,false,נאמן שבולת שועל שקית 500ג,,,קווקר 500 גרם שקית,גרמים,500.00,100 גרם,false,1,9.90,1.98,true,1,
7290010304752,false,טחינה ללא מלח אורגני 500 גרם,,IL,טחינה ללא מלח אורגני,גרמים,500.00,100 גרם,false,1,15.90,3.18,true,1,
7290010304769,false,טחינה שומשום מלא טבעוני 500 גרם,,IL,טחינה שומשום מלא טבע,גרמים,500.00,100 גרם,false,1,14.90,2.98,true,1,
7290010318162,false,זים קל מולטי אינזים (60) אלטמן,,,זים קל מולטי אינזים,Unknown,0.00,Unknown,false,1,72.90,72.90,true,1,
7290010318636,false,אלטמן - אלספה אומגה 3 כמוסות רכות 210 יח',,,אלספה 210,Unknown,0.00,Unknown,false,1,76.90,76.90,true,1,
7290010318827,false,אלטמן - מגנזיום ציטראט קפליות 60 יח',,,מגנזיום ציטראט (60),Unknown,0.00,Unknown,false,1,59.90,59.90,true,1,
7290010328093,false,ממרח חלווה אחווה 400 ג' מהדרין,אחדות בית חרושת לטחי,IL,ממרח חלבה 400 גרם,גרמים,400.00,100 גרם,false,1,13.90,3.48,true,1,
7290010328246,false,טחינה גולמית שומשום מלא אחווה 500 ג',"אחדות ביח""ר לטחינה ח",IL,אחווה טחינה משומשום,גרמים,500.00,100 גרם,false,1,14.90,2.98,true,1,
7290010328253,false,טחינה משומשום טבעי 500 גר מהדרין,"אחדות ביח""ר לטחינה ח",IL,אחווה טחינה משומשום,גרמים,500.00,100 גרם,false,1,14.90,2.98,true,1,
7290010328468,false,אחווה חטיפי מיני חלווה ב- 3 טעמים 18 יח,שוורצקוף& הנקל דיסלד,IL,אחווה חטיפי מיני חלו,גרמים,250.00,100 גרם,false,1,12.50,5.00,true,1,
7290010362318,false,CALENDULLA CREAM,,,CALENDULLA CREAM,Unknown,0.00,Unknown,false,1,79.00,79.00,true,1,
7290010362325,false,ARNICA CREAM,,,ARNICA CREAM,Unknown,0.00,Unknown,false,1,79.00,79.00,true,1,
7290010362691,false,בלזם ירושלמי 100 מ`ל,,,בלזם ירושלמי 100 מ`ל,Unknown,0.00,Unknown,false,1,139.90,139.90,true,1,
7290010429318,false,מעדן פירות יער 100% פרי 250 גר,,,מעדן פירות יער 100%,גרמים,250.00,100 גרם,false,1,16.40,6.56,true,1,
7290010471669,false,יוגורט תות עם קורנפלקס מצופה שוקולד ללא גלוטן 3.9%,"שטראוס בריאות בע""מ",IL,דנונה בר תות קורנפלק,גרמים,175.00,100 גרם,false,1,4.60,2.63,true,1,
7290010502202,false,"קפה טורקי פרימיום וואקום 1 ק""ג",ר.ס חברה ליבוא ויצור,,קפה טורקי וואקום 1 ק,גרמים,1000.00,100 גרם,false,1,43.90,4.39,true,1,
7290010513703,false,צ'ופסטיקס צפצפה - 20 יחידות,גולין פנגזו,CN,צופסטיקס 20 יח חד פע,Unknown,0.00,Unknown,false,1,7.30,7.30,true,1,
7290010513727,false,פנקו פרורי לחם 200 גרם (קינגדאו),קינגדאו גוניון פודס,CN,פירורי לחם קינגדאו פ,גרמים,200.00,100 גרם,false,1,7.90,3.95,true,1,
7290010546053,false,מנדל גרנולה בריאות קלויה ללא סוכר 400 גר,מנדל טי אמ סחר,IL,"גרנולה ללת""ס",גרמים,400.00,100 גרם,false,1,20.80,5.20,true,1,
7290010546152,false,גרנולה קלויה בתוספת אגוזים ותמרים 400 ג',יוליניבר,IL,מנדל גרנולה תמרים 4,גרמים,400.00,100 גרם,false,1,20.80,5.20,true,1,
7290010546633,false,מנדל גרנולה חמאת בוטנים מעושר בחלבון 350,מנדל,IL,מנדל גרנולה חמאת בוט,גרמים,350.00,100 גרם,false,1,20.80,5.94,true,1,
7290010561407,false,ברילי לחם פרוס EXTRA ויטמינים ומינרלים 500 ג',בר אל- ללא גלוטן,IL,ברילי לחם פרוס EXTRA,גרמים,500.00,100 גרם,false,1,19.90,3.98,true,1,
7290010561421,false,ברילי לחם כפרי EXTRA קמח טף 500 גרם,אשבל מזון פונקציונלי,IL,ברילי לחם כפרי EXTRA,גרמים,500.00,100 גרם,false,1,19.90,3.98,true,1,
7290010561445,false,פיתות ללא גלוטן - 5 יח',אשבל מזון פונקציונלי,IL,ברילי פיתות 420 גרם,גרמים,420.00,100 גרם,false,1,19.90,4.74,true,1,
7290010561469,false,מאפה אצבע ללא גלוטן 330 גרם,אשבל מזון פונקציונלי,IL,ברילי לחמניות אצבע 3,גרמים,200.00,100 גרם,false,1,19.90,9.95,true,1,
7290010561490,false,לחמניות 4 יח קפוא ללא גלוטן 370 גר,בר אל- ללא גלוטן,,לחמניות 4 יח קפוא לל,גרמים,360.00,100 גרם,false,1,19.90,5.53,true,1,
7290010561643,false,"ברילי פירורי לחם לל""ג 250 גרם",אשבל מזון פונקציונלי,IL,"ברילי פירורי לחם לל""",גרמים,250.00,100 גרם,false,1,17.90,7.16,true,1,
7290010561698,false,ברילי כמו סוכר קיטו 500 גרם,,,ברילי כמו סוכר קיטו,גרמים,500.00,100 גרם,false,1,45.90,9.18,true,1,
7290010561728,false,ברילי שוקו קיטו 40 גרם,אשבל,IL,ברילי שוקו קיטו 40 ג,גרמים,40.00,100 גרם,false,1,11.90,29.75,true,1,
7290010561964,false,ג'בטה EXTRA קמח טף ללא גלוטן - 3 יח',אשבל מזון פונקציונלי,IL,ברילי גבטה EXTRA קמח,גרמים,380.00,100 גרם,false,1,19.90,5.24,true,1,
7290010627004,false,טחינה גולמית מסורתית ירושלים 500 ג',"בראשית ירושלים בע""מ",IL,טחינה ירושלים 500 גר,גרמים,500.00,100 גרם,false,1,15.90,3.18,true,1,
7290010650019,false,עולש אנדיב בלגי חוות,חוות פטריות תקוע,IL,אנדי בלגי,Unknown,0.00,Unknown,false,1,13.90,13.90,true,1,
7290010650026,false,זנגוויל ארוז (200 גרם-שקית),יוליניבר,IL,גינגר,Unknown,0.00,Unknown,false,1,7.90,7.90,true,1,
7290010650033,false,בצלצלי שאלוט תקוע אר,חוות פטריות תקוע,IL,בצלצלי שאלוט,Unknown,0.00,Unknown,false,1,9.90,9.90,true,1,
7290010650088,false,פטריות שמפיניון מיובש,קרלו,IL,פטריות שמפניון יבשות,Unknown,0.00,Unknown,false,1,9.90,9.90,true,1,
7290010657698,false,פילה מקרל פלפל חריף 125 ג קזבלנקה,יוניון דה פחריס,,פילה מקרל פלפל חריף,גרמים,125.00,100 גרם,false,1,11.90,9.52,true,1,
7290010657704,false,פילה מקרל בשמן זית 125 ג קזבלנקה,יוניון דה פחריס,,פילה מקרל בשמן זית 1,גרמים,125.00,100 גרם,false,1,12.90,10.32,true,1,
7290010700806,false,אסטרגלוס 60 כמוסות N,,,אסטרגלוס 60 כמוסות N,Unknown,0.00,Unknown,false,1,52.90,52.90,true,1,
7290010705238,false,זרעי צ`יה לבן 360 גרם,,,זרעי צ`יה לבן 360 גר,גרמים,360.00,100 גרם,false,1,31.90,8.86,true,1,
7290010720149,false,נבטי אלפלפא אורגני,הקסם הירוק,,נבטי תלתן,Unknown,0.00,Unknown,false,1,9.90,9.90,true,1,
7290010720224,false,נבטוטים גדול אורגני,הקסם הירוק,,נבטוטים אורגני,Unknown,0.00,Unknown,false,1,9.90,9.90,true,1,
7290010766956,false,אוליביה ממרח פלפלים מתוקים אדומים 180 גר,אוליביה,IL,ממרח פלפ גמבה,גרמים,190.00,100 גרם,false,1,13.90,7.32,true,1,
7290010883356,false,כפפות אלוורה רב שימושיות מרופדות גדול L,סנו סושי,CN,כפפות אלוורה סנו סוש,Unknown,0.00,Unknown,false,1,11.40,11.40,true,1,
7290010883370,false,כפפות אלוורה רב שימושיות מרופדות בינוני M,האי נאם סי או אל.טי.,CN,כפפות אלוורה סנו סוש,Unknown,0.00,Unknown,false,1,11.40,11.40,true,1,
7290010922819,false,"מלון קפוא כשרות בד""ץ, 250 גרם",,IL,מלון קפוא Shake It 2,גרמים,250.00,100 גרם,false,1,10.90,4.36,true,1,
7290010922857,false,"מנגו קפוא 250 גרם בד""ץ עדה חרדית",,IL,מנגו קפוא Shake It 2,גרמים,250.00,100 גרם,false,1,10.90,4.36,true,1,
7290010945481,false,גבינה לבנה 5% שומן 500 ג' טרה,טרה,IL,גבינה לבנה 5% 500 גר,גרמים,500.00,100 גרם,false,1,9.96,1.99,true,1,
7290010970056,false,שמן זית כתית מעולה `טעמים`0.8% חומציות,,,שמן זית כתית מעולה `,מיליליטרים,750.00,"100 מ""ל",false,1,37.60,5.01,true,1,
7290010970100,false,שמן שומשום כבישה קרה 250 מיל טעמים,טעמים,IL,שמן שומשום כבישה קרה,מיליליטרים,250.00,"100 מ""ל",false,1,30.50,12.20,true,1,
7290010970179,false,דבש פרחי בר טעמים 350 גרם,,,דבש פרחי בר טעמים,גרמים,350.00,100 גרם,false,1,16.40,4.69,true,1,
7290010970186,false,דבש פרחי בר טעמים 1 קג,,,דבש פרחי בר טעמים 1,קילוגרמים,0.00,"ק""ג",false,1,49.50,49.50,true,1,
7290010970216,false,חומץ טעמים בלסמי 500,טעמים,IL,חומץ טעמים בלסמי 500,מיליליטרים,500.00,"100 מ""ל",false,1,24.00,4.80,true,1,
7290010970230,false,חומץ טעמים פירות הד,יושלם,IL,חומץ טעמים פירות הד,מיליליטרים,500.00,"100 מ""ל",false,1,15.60,3.12,true,1,
7290010970452,false,טחינה גולמית מעודנת 380 גרם,,,טחינה גולמית מעודנת,גרמים,380.00,100 גרם,false,1,14.90,3.92,true,1,
7290010970551,false,שמן אבוקדו מעודן 250 מ`ל טעמים,טעמים,IL,שמן אבוקדו מעודן,מיליליטרים,250.00,"100 מ""ל",false,1,31.30,12.52,true,1,
7290010970599,false,חומץ אורז 350 מל,,,חומץ אורז 350 מל,מיליליטרים,350.00,"100 מ""ל",false,1,12.40,3.54,true,1,
7290010970650,false,קרם בלסמי חומץ מצומצם ממודנה איטליה 250,טעמים,,קרם בלסמי חומץ מצומצ,מיליליטרים,250.00,"100 מ""ל",false,1,29.50,11.80,true,1,
7290010970711,false,פסטו בזיליקום א-לה ג'נובזה,טעמים,IL,ממרח פסטו בזיליקום 1,גרמים,180.00,100 גרם,false,1,13.90,7.72,true,1,
7290010970889,false,דבש לחיץ 350 גרם,,,דבש לחיץ 350 גרם,גרמים,350.00,100 גרם,false,1,20.90,5.97,true,1,
7290010970971,false,שמן זית בתרסיס 150 גרם טעמים,,,שמן זית בתרסיס 150 ג,גרמים,150.00,100 גרם,false,1,19.90,13.27,true,1,
7290011018368,false,"שישיית בירה ויינשטפן 330 מ""ל","ויינשטפן, ת.ד 1155 פ",DE,שישיית בירה ויינשטפן,מיליליטרים,1980.00,"100 מ""ל",false,1,69.90,3.53,true,1,
7290011026301,false,"ד""ר פישר - שמפו לשיער כסוף 400 מ""ל","ד""ר פישר Dr fischer",IL,שמפו silver לשיער כס,מיליליטרים,400.00,"100 מ""ל",false,1,29.90,7.48,true,1,
7290011065416,false,פלפל שחור מטחנה 60 גרם,א.ל ייצור ושיווק תבל,,פלפל שחור מטחנה 60 ג,גרמים,60.00,100 גרם,false,1,17.90,29.83,true,1,
7290011065423,false,מלח ים מטחנה 130 גרם,א.ל ייצור ושיווק תבל,,מלח ים מטחנה 130 גרם,גרמים,130.00,100 גרם,false,1,17.90,13.77,true,1,
7290011070007,false,נטע קרם סטופיק,,,נטע קרם סטופיק,Unknown,0.00,Unknown,false,1,98.00,98.00,true,1,
7290011070588,false,מורינגה,,,מורינגה,Unknown,0.00,Unknown,false,1,99.90,99.90,true,1,
7290011126452,false,חליטת קמומיל ונענע 25 שקיקים גן קסום,תה ויסוצקי,IL,חליטת קמומיל ונענע 2,Unknown,0.00,Unknown,false,1,18.90,18.90,true,1,
7290011126469,false,חליטת קמומיל ודבש 25 שקיקים גן קסום,תה ויסוצקי,IL,חליטת קמומיל ודבש 25,Unknown,0.00,Unknown,false,1,18.90,18.90,true,1,
7290011131050,false,"גרנולה גרין פקאן 1 ק""ג",ויטליאה ניקולה דו,MK,גרנולה גרין פקאן 1 ק,גרמים,1000.00,100 גרם,false,1,29.40,2.94,true,1,
7290011131395,false,"מיזלי קראנץ 30% פירות 1 ק""ג",ויטליאה ניקולה דו,MK,מיזלי קראנץ 30% פירו,גרמים,1000.00,100 גרם,false,1,25.90,2.59,true,1,
7290011142001,false,לחם שיפון בורודינסקי,,,לחם דואט 550 גר,גרמים,550.00,100 גרם,false,1,12.90,2.35,true,1,
7290011142049,false,לחם קל לבריאות 630 ג,,,לחם בריאות 650 גר,גרמים,650.00,100 גרם,false,1,12.90,1.98,true,1,
7290011142056,false,לחם שיפון טעמים 320 גר,,,לחם שיפון טעמים 320,גרמים,320.00,100 גרם,false,1,6.90,2.16,true,1,
7290011142148,false,שישיית לחמניות אצבע מאפיית דואט,,,מארז שישית לחמניות,גרמים,450.00,100 גרם,false,1,12.90,2.87,true,1,
7290011142193,false,לחמניות קלועות מתוקות עם צימוקים 400 גרם,,,4 לחמניות מתוקות,Unknown,0.00,Unknown,false,1,12.90,12.90,true,1,
7290011142315,false,פרנה מאורך רביעיה 550 גר,,IL,פרנה מאורך רביעיה 55,Unknown,0.00,Unknown,false,1,14.90,14.90,true,1,
7290011142322,false,פיתה בחבילה 10 יח',,,פיתה בחבילה 10 יח,Unknown,0.00,Unknown,false,1,14.90,14.90,true,1,
7290011142445,false,לחם כוסמין מאפית דו,אלון חברה ליצור שיוו,IL,לחם כוסמין 600 גר,גרמים,600.00,100 גרם,false,1,16.90,2.82,true,1,
7290011142650,false,לחם שיפון עם אגוזים-,,IL,לחם 100% שיפון 900 ג,גרמים,900.00,100 גרם,false,1,17.90,1.99,true,1,
7290011142834,false,פיתות קלה 10 יח מארז 500 גר,,,מארז פיתה קלה 10 יח,גרמים,500.00,100 גרם,false,1,15.90,3.18,true,1,
7290011148935,false,מלפפון מיני ארוז,חקלאי,IL,מלפפון בייבי,Unknown,0.00,Unknown,false,1,14.90,14.90,true,1,
7290011166359,false,רול און אבן קריסטל לאישה,,,רול און אבן קריסטל ל,Unknown,0.00,Unknown,false,1,29.90,29.90,true,1,
7290011166366,false,רול און אבן קריסטל לגבר,,,רול און אבן קריסטל ל,Unknown,0.00,Unknown,false,1,29.90,29.90,true,1,
7290011166762,false,סאן דאורדורנט אבן קריסטל לנערים,,,סאן דאורדורנט אבן קר,Unknown,0.00,Unknown,false,1,29.90,29.90,true,1,
7290011166786,false,דאורדורנט רול אבן קריסטל 100 מל LOVLIS,,,דאורדורנט רול אבן קר,מיליליטרים,100.00,"100 מ""ל",false,1,39.90,39.90,true,1,
7290011166793,false,דאורדורנט רול לבנדר קריסטל 100 מל LOVLIS,,,דאורדורנט רול לבנדר,Unknown,0.00,Unknown,false,1,39.90,39.90,true,1,
7290011166809,false,דאורדורנט רול לאישה קריסטל 100 מל LOVLIS,,,דאורדורנט רול לאישה,Unknown,0.00,Unknown,false,1,39.90,39.90,true,1,
7290011194246,false,קוטג שטראוס 5% עם סידן 250ג,מיוצר עי קונדיטוריית,IL,קוטג 5% 250 גר,גרמים,250.00,100 גרם,false,1,5.90,2.36,true,1,
7290011235024,false,רוזמרין,חקלאי,IL,רוזמרין,Unknown,0.00,Unknown,false,1,5.90,5.90,true,1,
7290011235031,false,בזיליקום,,,רוקולה,Unknown,0.00,Unknown,false,1,5.90,5.90,true,1,
7290011235055,false,בזיליקום,יבולי הבשור,IL,בזיליקום,Unknown,0.00,Unknown,false,1,5.90,5.90,true,1,
7290011235062,false,עירית,חקלאי,IL,עירית,Unknown,0.00,Unknown,false,1,5.90,5.90,true,1,
7290011235079,false,קורנית (טימין),חקלאי,IL,קורנית,Unknown,0.00,Unknown,false,1,5.90,5.90,true,1,
7290011236649,false,נטיפי שוקולד ציפס 54% מוצקי קקאו 300 גרם,בייסיק,IL,נטיפי שוקולד ציפס 54,גרמים,300.00,100 גרם,false,1,14.20,4.73,true,1,
7290011291068,false,"תמצית ולריאן 50 מ""ל",Nutri Care נוטרי קאר,,"תמצית ולריאן 50 מ""ל",מיליליטרים,50.00,"100 מ""ל",false,1,57.90,115.80,true,1,
7290011291228,false,קיו 10 אופטימום 60 מ,,,קיו 10 אופטימום 60 מ,Unknown,0.00,Unknown,false,1,89.90,89.90,true,1,
7290011291884,false,כרומיום פיקולינט 500,,,כרומיום פיקולינט 500,Unknown,0.00,Unknown,false,1,62.90,62.90,true,1,
7290011312381,false,פטריות חורש למנגל 320 ג',"מרינה פטריות הגליל בע""מ",IL,סטייק פורטבלה,Unknown,0.00,Unknown,false,1,17.90,17.90,true,1,
7290011332983,false,מגבונים לניקוי אף מגבונאף קמיל בלו- מארז שלישייה,"ד""ר פישר Dr fischer",IL,מגבונאף קמיל בלו של,Unknown,0.00,Unknown,false,1,26.60,26.60,true,1,
7290011343064,false,"שמן זית סורי 750 מ""ל",,,"שמן זית סורי 750 מ""ל",מיליליטרים,750.00,"100 מ""ל",false,1,55.50,7.40,true,1,
7290011343149,false,שמן זית ארבקינה 2 ליטר,,,שמן זית ארבקינה 2 לי,ליטרים,0.00,ליטר,false,1,120.50,120.50,true,1,
7290011343170,false,שמן זית פיקואל גשור 750 מל,,,שמן זית פיקואל גשור,מיליליטרים,750.00,"100 מ""ל",false,1,55.50,7.40,true,1,
7290011343194,false,"שמן זית ארבקינה 750 מ""ל",,,שמן זית ארבקינה 750,מיליליטרים,750.00,"100 מ""ל",false,1,55.50,7.40,true,1,
7290011378233,false,בארכה מאגדת חטיפי חלווה וניל ל.סוכר 120גר,רושדי תעשיות מזון בע,IL,"מאגדת ללת""ס חטיף חלב",גרמים,126.00,100 גרם,false,1,13.50,10.71,true,1,
7290011378769,false,בארכה - חטיף בקטנה חלבה וניל 20 גרם * 6,רושדי תעשיות מזון בע,IL,מאגדת חטיף חלבה וניל,גרמים,126.00,100 גרם,false,1,13.50,10.71,true,1,
7290011379018,false,מארז משפחתי שמפיניון 500 ג' מרינה,מרינה פטריות,IL,פטריות צמד חמד מעורב,Unknown,0.00,Unknown,false,1,17.90,17.90,true,1,
7290011415181,false,"שמן לבנדר מסיק/גרינלייף 10 מ""ל",,,שמן לבנדר מסיק/גרינל,מיליליטרים,10.00,"100 מ""ל",false,1,24.90,249.00,true,1,
7290011415198,false,"שמן עץ התה מסיק/גרינלייף 10 מ""ל",,,שמן עץ התה מסיק/גרינ,מיליליטרים,10.00,"100 מ""ל",false,1,29.90,299.00,true,1,
7290011418137,false,תה נטרואל דיאט מנטה,,,תה נטרואל דיאט מנטה,Unknown,0.00,Unknown,false,1,62.90,62.90,true,1,
7290011418144,false,תה נטרואל דיאט קלאסי,,,תה נטרואל דיאט קלאסי,Unknown,0.00,Unknown,false,1,62.90,62.90,true,1,
7290011418151,false,תה נטרואל דיאט לימון,,,תה נטרואל דיאט לימון,Unknown,0.00,Unknown,false,1,62.90,62.90,true,1,
7290011426576,false,שקדימון 300 גרם,,IL,שקדימון 300 גרם,גרמים,300.00,100 גרם,false,1,34.90,11.63,true,1,
7290011435226,false,דבש מפרחי בר לחיץ 650 ג' יד מרדכי,מכוורת יד מרדכי שטרא,IL,דבש מפרחי בר 650 גרם,גרמים,650.00,100 גרם,false,1,31.90,4.91,true,1,
7290011447304,false,מטרנה פרימיום חלבי שלב 3 700 גרם חיסכון,מטרנה תעשיות ש.מ,IL,מטרנה פרימיום חלבי ש,גרמים,700.00,100 גרם,false,1,49.90,7.13,true,1,
7290011473006,false,קינואה אורגנית תבואו,ארוז ע' תבואות,BO,קינואה אורגנית 500 ג,גרמים,500.00,100 גרם,false,1,16.70,3.34,true,1,
7290011473020,false,קמח תירס אורגני 500 גרם,תבואות,AR,קמח תירס אורגני 500,גרמים,500.00,100 גרם,false,1,10.90,2.18,true,1,
7290011473112,false,אורז אדום אורגני 500 גרם תבואות,תבואות,,אורז אדום אורגני 500,גרמים,500.00,100 גרם,false,1,16.90,3.38,true,1,
7290011473136,false,גרעיני דלעת קלוף אורגני 300 גרם,אורז ע'י,CN,גרעיני דלעת קלוף אור,גרמים,300.00,100 גרם,false,1,20.90,6.97,true,1,
7290011473143,false,קוסקוס אורגני 500 גרם,תבואות,,קוסקוס אורגני 500 גר,גרמים,500.00,100 גרם,false,1,13.90,2.78,true,1,
7290011473181,false,עדשים שחורים אורגני 500 גרם תבאות,ארוז ע' תבואות,CA,עדשים שחורים אורגני,גרמים,500.00,100 גרם,false,1,15.90,3.18,true,1,
7290011473204,false,עדשים ירוקים אורגני 500 גרם,ארוז ע' תבואות,TR,עדשים ירוקים אורגני,גרמים,500.00,100 גרם,false,1,12.90,2.58,true,1,
7290011473211,false,עדשים אדומים אורגני 500 גרם,אורז ע'י,CN,עדשים אדומים אורגני,גרמים,500.00,100 גרם,false,1,13.50,2.70,true,1,
7290011473242,false,פשתן זרעים אורגני 500 גרם,ארוז ע' תבואות,US,פשתן זרעים אורגני 50,גרמים,500.00,100 גרם,false,1,11.50,2.30,true,1,
7290011473259,false,פשתן טחון אורגני 350 גר,תבואות,CN,פשתן טחון אורגני,גרמים,350.00,100 גרם,false,1,12.90,3.69,true,1,
7290011473280,false,חומוס אורגני תבואות,תבואות,IL,חומוס אורגני 500 גרם,גרמים,500.00,100 גרם,false,1,12.90,2.58,true,1,
7290011473297,false,גריסי פנינה אורגני 500 גרם,אורז ע'י,IT,גריסי פנינה אורגני 5,גרמים,500.00,100 גרם,false,1,10.90,2.18,true,1,
7290011473310,false,פולי אזוקי אורגני 500 גרם,תבואות,CN,פולי אזוקי אורגני 50,גרמים,500.00,100 גרם,false,1,14.90,2.98,true,1,
7290011473327,false,שעועית מש אורגנית 500 גרם,ארוז ע' תבואות,CN,שעועית מש אורגנית 50,גרמים,500.00,100 גרם,false,1,14.90,2.98,true,1,
7290011473341,false,שעועית אדומה 500 גרם תבואות,תבואות,,שעועית אדומה 500 גרם,גרמים,500.00,100 גרם,false,1,13.90,2.78,true,1,
7290011473365,false,תבואות דוחן אורגני,תבואות,US,דוחן אורגני 500 גרם,גרמים,500.00,100 גרם,false,1,11.90,2.38,true,1,
7290011473389,false,קמח כוסמין לבן אורגני 500 גרם,תבואות מוצרי מזון או,IT,קמח כוסמין לבן אורגנ,גרמים,500.00,100 גרם,false,1,13.90,2.78,true,1,
7290011473457,false,שומשום שחו אורגני 400 גרם,,,שומשום שחו אורגני 40,גרמים,400.00,100 גרם,false,1,14.90,3.73,true,1,
7290011473464,false,סובין שיבולת שועל אורגנית,אורז ע'י,GB,סובין ש. שועל אורגני,גרמים,400.00,100 גרם,false,1,13.90,3.48,true,1,
7290011473471,false,אורז בסמטי לבן אורגני 500 גרם,תבואות,IN,אורז בסמטי לבן אורגנ,גרמים,500.00,100 גרם,false,1,12.90,2.58,true,1,
7290011473495,false,שמרי בירה-פתיתים טבעי 200 גר,תבואות,,שמרי בירה-פתיתים טבע,גרמים,200.00,100 גרם,false,1,22.90,11.45,true,1,
7290011473556,false,סוכר פירות טבעי 500 גרם תבואות,תבואות,US,סוכר פירות טבעי 500,גרמים,500.00,100 גרם,false,1,14.90,2.98,true,1,
7290011473563,false,פולי קקאו שלמים אורגני 200 גרם,תבואות,,פולי קקאו שלמים אורג,גרמים,200.00,100 גרם,false,1,20.90,10.45,true,1,
7290011473570,false,קמח חומוס טבעי 500 גרם תבואות,תבואות מוצרי מזון או,IL,קמח חומוס טבעי 500 ג,גרמים,500.00,100 גרם,false,1,11.90,2.38,true,1,
7290011473648,false,"סוכר דמררה אורגני 1 ק""ג",תבואות,BR,סוכר דמררה אורגני 1,גרמים,1000.00,100 גרם,false,1,12.90,1.29,true,1,
7290011473655,false,"סוכר קנים אורגני 1 ק""ג",ארוז ע' תבואות,BR,סוכר קנים אורגני 1 ק,גרמים,1000.00,100 גרם,false,1,10.90,1.09,true,1,
7290011473679,false,"חיטה מלאה אורגנית 1 ק""ג",,,חיטה מלאה אורגנית 1,קילוגרמים,0.00,"ק""ג",false,1,13.50,13.50,true,1,
7290011473686,false,"אורז עגול מלא אורגני 1 ק""ג תבואות",,,אורז עגול מלא אורגני,גרמים,1000.00,100 גרם,false,1,16.90,1.69,true,1,
7290011473709,false,קינואה אורגנית תבואו,,,"קינואה אורגנית 1 ק""ג",גרמים,1000.00,100 גרם,false,1,27.90,2.79,true,1,
7290011473723,false,הימליה דק שקית 1 קילו תבואות,,,הימליה דק שקית 1 קיל,גרמים,1000.00,100 גרם,false,1,16.70,1.67,true,1,
7290011473730,false,"אורז פרא מעורב טבעי 1 ק""ג תבואות",אינפוסה רובי,IL,אורז פרא מעורב טבעי,גרמים,1000.00,100 גרם,false,1,18.90,1.89,true,1,
7290011473754,false,תאנים מיובשות אורגני,נימקס איזמיר,TR,תאנים אורגניות 250 ג,גרמים,250.00,100 גרם,false,1,19.50,7.80,true,1,
7290011473761,false,צימוקים אורגניים 250 גר,תבואות,,צימוקים אורגניים,גרמים,250.00,100 גרם,false,1,17.90,7.16,true,1,
7290011473778,false,משמש מיובש אורגני 25,נימקס איזמיר,TR,משמש אורגני 250 גר,גרמים,250.00,100 גרם,false,1,17.90,7.16,true,1,
7290011473860,false,שמרי בירה-אבקה טבעי 250 גר,תבואות,FR,שמרי בירה-אבקה טבעי,גרמים,250.00,100 גרם,false,1,23.50,9.40,true,1,
7290011473907,false,סובין חיטה טבעי 200 גרם,תבואות,IL,סובין חיטה טבעי 200,גרמים,200.00,100 גרם,false,1,6.20,3.10,true,1,
7290011473921,false,סובין שיבולת שועל טבעי 500 גרם,תבואות,,סובין שיבולת שועל טב,גרמים,500.00,100 גרם,false,1,12.90,2.58,true,1,
7290011473952,false,קוואקר מהיר הכנה טבעי 400 גר,ארוז ע' תבואות,GB,קוואקר מהיר הכנה טבע,גרמים,500.00,100 גרם,false,1,7.50,1.50,true,1,
7290011473983,false,תערובת קטניות אורגני,תבואות,,קדרה אורגנית 500 גר,גרמים,500.00,100 גרם,false,1,16.90,3.38,true,1,
7290011474058,false,ספגטי כוסמין אורגני 500 גר,תבואות,,ספגטי כוסמין אורגני,גרמים,500.00,100 גרם,false,1,19.90,3.98,true,1,
7290011474102,false,תערובת קטניות אורגנית למרק 500 גרם,גולי בגמברו,IL,תערובת קטניות אורגני,גרמים,500.00,100 גרם,false,1,16.90,3.38,true,1,
7290011474249,false,ממרח שקדים טבעי 300 גרם,גי' אנד גי' בעמ,IL,ממרח שקדים טבעי 300,גרמים,300.00,100 גרם,false,1,33.90,11.30,true,1,
7290011474317,false,מלח המליה גס צנצנת 1 קג,,,מלח המליה גס צנצנת 1,גרמים,1000.00,100 גרם,false,1,19.90,1.99,true,1,
7290011474386,false,קוואקר אורגני דק 500 גרם,תבואות,,קוואקר אורגני דק 500,גרמים,500.00,100 גרם,false,1,10.40,2.08,true,1,
7290011474577,false,פולי קקאו גרוס נא אורגני 200 גרם,תבואות,,פולי קקאו גרוס נא או,מיליליטרים,750.00,"100 מ""ל",false,1,20.90,2.79,true,1,
7290011474591,false,פנה כוסמין מלא אורגני 500 גרם,,,פנה כוסמין מלא אורגנ,גרמים,500.00,100 גרם,false,1,19.90,3.98,true,1,
7290011474768,false,"קמח כוסמין לבן אורגני 1 ק""ג תבואות",תבואות,,קמח כוסמין לבן אורגנ,גרמים,1000.00,100 גרם,false,1,22.90,2.29,true,1,
7290011474898,false,סוכר קוקוס אורגני 300 גרם תבואות,תבואות,,סוכר קוקוס אורגני 30,גרמים,300.00,100 גרם,false,1,13.90,4.63,true,1,
7290011474997,false,ערמונים אורגניים 100 גר,תבואות,,ערמונים אורגניים 100,גרמים,100.00,100 גרם,false,1,6.90,6.90,true,1,
7290011482138,false,"מי זהר 250 מ""ל",,,מי זהר 250 מל,מיליליטרים,250.00,"100 מ""ל",false,1,14.90,5.96,true,1,
7290011493165,false,תמצית וניל טהור 50 מ,,,תמצית וניל טהור 50 מ,מיליליטרים,50.00,"100 מ""ל",false,1,62.90,125.80,true,1,
7290011498085,false,מרציפן מצופה שוקולד 30 גרם,,,מרציפן מצופה שוקולד,גרמים,30.00,100 גרם,false,1,6.50,21.67,true,1,
7290011498108,false,מרציפן נטו 75 גרם,שקד תבור,,מרציפן נטו 75 גרם,גרמים,75.00,100 גרם,false,1,8.90,11.87,true,1,
7290011498160,false,שמן קוקוס 100% שקד תבור 1 ליטר,שקד תבור,IL,שמן קוקוס אורגני טהו,מיליליטרים,1000.00,"100 מ""ל",false,1,54.90,5.49,true,1,
7290011498177,false,ממרח שקד לבן 700 גרם,שקד תבור,IL,שקד לבן 700 גרם,גרמים,700.00,100 גרם,false,1,73.50,10.50,true,1,
7290011498221,false,גרוסליין - סילאן טבעי 900 גרם,אלמנדוס,IL,סילאן תמרים טבעי 900,גרמים,900.00,100 גרם,false,1,19.90,2.21,true,1,
7290011498283,false,אגוזי אדמה חמאה בוטנים 700 גר,שקד תבור,,אגוזי אדמה חמאה בוטנ,גרמים,700.00,100 גרם,false,1,26.50,3.79,true,1,
7290011498351,false,ממרח אילסר אגוזי לוז,שקד תבור,IL,חמאת לוז 200 גרם,גרמים,200.00,100 גרם,false,1,24.90,12.45,true,1,
7290011498368,false,ממרח פיסטוק אלת הבטנ,שקד תבור,,חמאת פיסטוק 200 גרם,גרמים,200.00,100 גרם,false,1,45.90,22.95,true,1,
7290011498375,false,חמאת קוקוס אורגני 10,שקד תבור,,אגוז קוקוס 300 גרם,גרמים,300.00,100 גרם,false,1,21.90,7.30,true,1,
7290011498573,false,"שוקולד מריר 61% ללת""ס 200 גרם",לובקה,,"שוקולד מריר 61% ללת""",גרמים,200.00,100 גרם,false,1,22.90,11.45,true,1,
7290011498580,false,מרציפן אורגני 200 גר שקד תבור,,,מרציפן אורגני 200 גר,גרמים,200.00,100 גרם,false,1,26.90,13.45,true,1,
7290011498696,false,פולי קקאו קראנץ מתוק אורגני 100 גרם,,,פולי קקאו קראנץ מתוק,Unknown,0.00,Unknown,false,1,21.50,21.50,true,1,
7290011498795,false,אבקת מאקה שקד תבור 2,שקד תבור,,אבקת מאקה 250 גרם,גרמים,250.00,100 גרם,false,1,39.90,15.96,true,1,
7290011498801,false,מרציפן פרימיום 65% 200 גרם,"אלמנדוס בע""מ",IL,מרציפן פרימיום 65% 2,גרמים,200.00,100 גרם,false,1,27.90,13.95,true,1,
7290011498870,false,חטיף תמרים במילוי חמאת שקדים 150 גרם,"אלמנדוס בע""מ",IL,חטיף תמרים במילוי חמ,גרמים,150.00,100 גרם,false,1,16.70,11.13,true,1,
7290011498887,false,חטיף תמרים במילוי חמאת קוקוס 150 גרם,"אלמנדוס בע""מ",IL,חטיף תמרים במילוי חמ,גרמים,150.00,100 גרם,false,1,16.70,11.13,true,1,
7290011498900,false,חטיף תמר במילוי חמאת שקד מצופה 150 גרם,"אלמנדוס בע""מ",IL,חטיף תמר במילוי חמאת,גרמים,150.00,100 גרם,false,1,18.80,12.53,true,1,
7290011498917,false,חטיף תמר במילוי חמאת קוקוס מצופה 150 גרם,שקד תבור,IL,חטיף תמר במילוי חמאת,גרמים,150.00,100 גרם,false,1,18.80,12.53,true,1,
7290011498955,false,חמאת בוטנים שקד תבור,שקד תבור,IL,אגוזי אדמה 300 גרם,גרמים,300.00,100 גרם,false,1,13.50,4.50,true,1,
7290011498962,false,ממרח שקד לבן כבישה ק,"אלמונדס בע""מ",IL,שקד לבן 300 גרם,גרמים,300.00,100 גרם,false,1,34.50,11.50,true,1,
7290011498993,false,חמאת קשיו לבן 300 גרם,שקד תבור,,חמאת קשיו לבן 300 גר,גרמים,300.00,100 גרם,false,1,27.90,9.30,true,1,
7290011499051,false,פטה כבשים מסורתית 20% בגביע 250 גרם - רובין,MKN עבור מחלבות גד ב,IL,פטה כבשים מסורתית 2,גרמים,250.00,100 גרם,false,1,24.90,9.96,true,1,
7290011499105,false,בולגרית מסורתית 5% 250 גרם -רבנות,ג'נרל מילס סאן אדריא,IL,בולגרית 5% 250גר,גרמים,250.00,100 גרם,false,1,22.60,9.04,true,1,
7290011499112,false,בולגרית מסורתית 16% 250 גרם - רבנות,"מיוצר ע""י dsh",IL,בולגרית 16% 250גר,גרמים,250.00,100 גרם,false,1,22.60,9.04,true,1,
7290011499129,false,בולגרית מעודנת קוביות קטנות 5% 200 גרם - רבנות,קוד יצרן DSH,IL,קוביות בולגרית מעודנ,גרמים,200.00,100 גרם,false,1,20.90,10.45,true,1,
7290011499303,false,פטה עיזים מעודנת 5% בגביע 250 גרם - רבנות,ג'נרל מילס סאן אדריא,IL,גבינה בולגרית מעודנת,גרמים,250.00,100 גרם,false,1,30.90,12.36,true,1,
7290011499327,false,גבינה בולגרית מעודנת 5% 250 גרם - רבנות,מיוצר על ידי DSH עבו,IL,גבינה בולגרית מעודנת,גרמים,250.00,100 גרם,false,1,22.90,9.16,true,1,
7290011499341,false,קשקבל בוואקום 26% 200 גרם - רבנות,הנסיך- מפעל לייצור ט,IL,קשקאבל ארוז 200 גר,גרמים,200.00,100 גרם,false,1,28.90,14.45,true,1,
7290011499358,false,גבינה פטה עיזים 200 גר',מיוצר על ידי קוד יצר,IL,גבינת פטה עיזים 200,גרמים,200.00,100 גרם,false,1,26.00,13.00,true,1,
7290011499365,false,גד חלומי 24% 200 גרם רובין,"מחלבות גד בע""מ",IL,גבינת חלומי 200 גר,גרמים,200.00,100 גרם,false,1,20.90,10.45,true,1,
7290011499419,false,גבינה במרקם שמנת בטעם טבעי 5% ניו יורק,מחלבות גד,IL,גבינה במרקם שמנת 5%,גרמים,200.00,100 גרם,false,1,11.40,5.70,true,1,
7290011499624,false,שמנת 30% ניו יורק טבעי 200 גרם רבנות,מחלבות גד,IL,גבינת שמנת 30% טבעי,גרמים,200.00,100 גרם,false,1,12.90,6.45,true,1,
7290011499846,false,גבינת ריקוטה פרסקה 9% 300 ג' גד,מחלבות גד בעמ,IL,ריקוטה פרסקה 9% 300,גרמים,150.00,100 גרם,false,1,18.00,12.00,true,1,
7290011501563,false,נקטר חמוציות דין שיו,,,מיץ חמוציות 1.89 ליט,ליטרים,0.00,ליטר,false,1,17.90,17.90,true,1,
7290011502850,false,דלישס מיזלי עם פירות 500גר,"דין שיווק וקלייה בע""",IL,מיזלי פירות 500 גר,גרמים,500.00,100 גרם,false,1,14.90,2.98,true,1,
7290011502867,false,דלישס גרנולה במבחר אגוזים 500גר,"דין שיווק וקלייה בע""",IL,גרנולה אגוזים 500 גר,גרמים,500.00,100 גרם,false,1,14.90,2.98,true,1,
7290011502874,false,דלישס גרנולה עם פירות יבשים 500גר,"דין שיווק וקלייה בע""",IL,גרנולה פירות 500 גרם,גרמים,500.00,100 גרם,false,1,14.90,2.98,true,1,
7290011518561,false,"אקטימל תות משפחתי מארז 14X100מ""ל",מיוצר עי קונדיטוריית,IL,אקטימל תות מארז משפח,ליטרים,0.00,ליטר,false,1,29.90,29.90,true,1,
7290011530532,false,מיקס פירות קפואים שייק איט ירוק - 3*150 ג',"הבו-קדו בע""מ",IL,שייק איט 450 גרם,גרמים,450.00,100 גרם,false,1,31.50,7.00,true,1,
7290011552381,false,סבון רחצה נוזלי לבנדר אורגני 500,,IL,סבון רחצה נוזלי לבנד,מיליליטרים,500.00,"100 מ""ל",false,1,31.90,6.38,true,1,
7290011552398,false,סבון רחצה נוזלי למון גראס אורגני 500,,IL,סבון רחצה נוזלי למון,מיליליטרים,500.00,"100 מ""ל",false,1,31.90,6.38,true,1,
7290011552404,false,סבון רחצה נוזלי וניל פטשולי אורגני 500,,IL,סבון רחצה נוזלי וניל,מיליליטרים,500.00,"100 מ""ל",false,1,31.90,6.38,true,1,
7290011552473,false,"שמפו סרפד רוזמרין טיפולי 500 מ""ל",,IL,שמפו סרפד רוזמרין טי,מיליליטרים,500.00,"100 מ""ל",false,1,39.90,7.98,true,1,
7290011552510,false,שמפו לוליס לבנדר אורגני 500 מ`ל,,IL,שמפו לוליס לבנדר אור,גרמים,500.00,100 גרם,false,1,35.90,7.18,true,1,
7290011552695,false,"LOVLIS שמן קיק אורגני 100 מ""ל",,,LOVLIS שמן קיק אורגנ,מיליליטרים,100.00,"100 מ""ל",false,1,44.90,44.90,true,1,
7290011570507,false,"קמח נטול גלוטן כרגיל 1 ק""ג",אשבל -מזון פונקציונל,IL,קמח נטול גלוטן כרגיל,גרמים,1000.00,100 גרם,false,1,20.90,2.09,true,1,
7290011570644,false,קמח כרגיל נטול גלוטן ללחם 500 גרם,אשבל מזון פונקציונאל,IL,קמח כרגיל נטול גלוטן,גרמים,500.00,100 גרם,false,1,19.90,3.98,true,1,
7290011570781,false,תערובת להכנת עוגה בטעם וניל ללא גלוטן,אשבל -מזון פונקציונל,IL,קמח כרגיל בטעם וניל,גרמים,450.00,100 גרם,false,1,19.90,4.42,true,1,
7290011570934,false,תערובת להכנת פנקייק ללא גלוטן 500 ג',אשבל מזון פונקציונאל,IL,קמח לפנקייק כרגיל 40,גרמים,400.00,100 גרם,false,1,19.90,4.98,true,1,
7290011587079,false,חרדל דיז'ון גרגירים 370 ג' PICCATA,,IL,חרדל דיזון גרגירים 3,גרמים,370.00,100 גרם,false,1,11.40,3.08,true,1,
7290011587123,false,קרם קוקוס תומר 400 מ,,IL,קרם קוקוס 400 גר,גרמים,400.00,100 גרם,false,1,8.90,2.23,true,1,
7290011587444,false,מוזלי קראנצ'י בתוספת 35% פירות,Vitalia nikola ltd,MK,מוזלי קראנצ פרות 600,מיליליטרים,600.00,"100 מ""ל",false,1,15.60,2.60,true,1,
7290011587468,false,מוזלי קראנצ'י בתוספת אגוזים,Vitalia nikola ltd,MK,מוזלי קראנצ 600 גר,מיליליטרים,600.00,"100 מ""ל",false,1,15.60,2.60,true,1,
7290011587635,false,מקרל מרוקאי ברוטב עגבניות 125 גר,תומר,,מקרל מרוקאי ברוטב עג,גרמים,125.00,100 גרם,false,1,7.90,6.32,true,1,
7290011587758,false,אטריות נודלס דק 200 גר' -תומר,אופאל,CN,נודלס דק 200 גר,גרמים,200.00,100 גרם,false,1,4.50,2.25,true,1,
7290011587826,false,חרדל דיז'ון 370 ג' PICCATA,,,חרדל דיזון 370 גרם,גרמים,370.00,100 גרם,false,1,11.40,3.08,true,1,
7290011615260,false,"טורטייה 20 ס""מ קוטר וילי פוד 540 גר",מוטלוקל גידה סאנאי ט,TR,"טורטייה 20 ס""מ קוטר",גרמים,540.00,100 גרם,false,1,9.90,1.83,true,1,
7290011622442,false,טבעונים - חטיף טבעות דגנים מלאים בטעם טבעי 45 גרם,הארט Heart,IL,חטיף בריאות לתינוקות,גרמים,45.00,100 גרם,false,1,6.90,15.33,true,1,
7290011651442,false,משקה קלמדין סופרהרב 500 מל,,,משקה קלמדין סופרהרב,Unknown,0.00,Unknown,false,1,106.90,106.90,true,1,
7290011723200,false,טחינה הר ברכה 100% שומשום טהור 500 גר,טחינה הר ברכה בעמ,IL,טחינה הר ברכה 100% ש,גרמים,500.00,100 גרם,false,1,18.90,3.78,true,1,
7290011728007,false,נאצוס תירס טבעי טרז פזוס 180 גרם,,IL,נאצוס תירס טבעי טרז,גרמים,180.00,100 גרם,false,1,19.80,11.00,true,1,
7290011728335,false,סלסה פלפל אדום וצ`יפוטלה 330 גרם,,IL,סלסה פלפל אדום וצ`יפ,גרמים,330.00,100 גרם,false,1,26.90,8.15,true,1,
7290011765217,false,"סנו מדיק ג'ל לניקוי ידיים אלוורה 100 מ""ל",גוד פוד פרודקטס S.p,IL,סנומדיק גל לניקוי יד,Unknown,0.00,Unknown,false,1,9.90,9.90,true,1,
7290011800840,false,טחינה בלאדי רפי כהן 400 ג' צבר,רפי כהן / צבר,IL,טחינה בלאדי רפי כהן,גרמים,400.00,100 גרם,false,1,18.30,4.58,true,1,
7290011830007,false,סוכר קנים אורגני חום 1 קג,השדה מוצרים אורגניים,IN,סוכר קנים אורגני חום,גרמים,1000.00,100 גרם,false,1,13.50,1.35,true,1,
7290011830151,false,פירורי לחם אורגניים השדה 200 גר,"חטיפים מן הטבע בע""""מ",,פירורי לחם אורגניים,גרמים,200.00,100 גרם,false,1,11.90,5.95,true,1,
7290011830168,false,פירורי לחם כוסמין אורגניים 200 גר,השדה מוצרים טבעיים ו,,פירורי לחם כוסמין או,גרמים,200.00,100 גרם,false,1,13.90,6.95,true,1,
7290011830182,false,פסטה כוסמין פוסילי השדה 400 גר,השדה מוצרים אורגניים,IT,פסטה כוסמין פוסילי ה,גרמים,400.00,100 גרם,false,1,21.90,5.48,true,1,
7290011830236,false,בייגלה מקמח כוסמין +מלח 200 גרם השדה,השדה מוצרים אורגניים,,בייגלה מקמח כוסמין +,גרמים,200.00,100 גרם,false,1,17.70,8.85,true,1,
7290011830243,false,אטריות אורג. ללא גלוטן מאורז תאילנדי 250,דולפין ספא,CN,אטריות אורג. ללא גלו,גרמים,250.00,100 גרם,false,1,16.90,6.76,true,1,
7290011830250,false,אטריות אורגניות ללא גלוטן 100% כוסמת 250,השדה מוצרים טבעיים ו,CN,אטריות אורגניות ללא,גרמים,100.00,100 גרם,false,1,18.90,18.90,true,1,
7290011830267,false,אטריות אורגניות ללא גלוטן מאורז מלא 250,השדה מוצרים אורגניים,CN,אטריות אורגניות ללא,גרמים,250.00,100 גרם,false,1,16.90,6.76,true,1,
7290011830274,false,אטריות אורגניות ללא גלוטן מאורז שחור 250,השדה מוצרים טבעיים ו,CN,אטריות אורגניות ללא,גרמים,250.00,100 גרם,false,1,18.90,7.56,true,1,
7290011830328,false,מחית תפוח עץ אורגני 100 גרם,השדה מוצרים טבעיים ו,ES,מחית תפוח עץ אורגני,גרמים,100.00,100 גרם,false,1,4.90,4.90,true,1,
7290011830335,false,מחית תפוח עץ ובננה אורגני 100 גרם,השדה מוצרים טבעיים ו,ES,מחית תפוח עץ ובננה א,גרמים,100.00,100 גרם,false,1,4.90,4.90,true,1,
7290011830366,false,טליאטלה מקמח דורום 5 צבעים אורגני 500 גר,השדה מוצרים טבעיים ו,IT,טליאטלה מקמח דורום 5,גרמים,500.00,100 גרם,false,1,30.50,6.10,true,1,
7290011830373,false,פפרדלה מקמח דורום 5 צבעים אורגני 500 גרם,השדה מוצרים טבעיים ו,IT,פפרדלה מקמח דורום 5,גרמים,500.00,100 גרם,false,1,30.50,6.10,true,1,
7290011830564,false,ביסקוויט פתי בר כוסמין אורגני,השדה מוצרים אורגניים,IL,פתיבר כוסמין אורגני,גרמים,200.00,100 גרם,false,1,12.50,6.25,true,1,
7290011830601,false,פינגווינים חטיף אורגני להקפאה בטעמים 400,דולפין ספא,IT,פינגווינים חטיף אורג,גרמים,400.00,100 גרם,false,1,15.90,3.98,true,1,
7290011830830,false,חטיף ציקי מאנקי אורגני 20 גר השדה,כפרי בריא,IL,חטיף ציקי מאנקי אורג,גרמים,20.00,100 גרם,false,1,3.30,16.50,true,1,
7290011830991,false,חטיף בוטנים ציקי מאנ,השדה מוצרים טבעיים ו,,ציקי מאנקי 60 גר השד,גרמים,60.00,100 גרם,false,1,6.90,11.50,true,1,
7290011867065,false,גרנובל תחליב ניקוי לפנים 150 מ`ל,,,גרנובל תחליב ניקוי ל,Unknown,0.00,Unknown,false,1,99.90,99.90,true,1,
7290011877088,false,"רדיד אלומיניום רוחב 30 ס""מ, 18 מיקרון - מארז זוג",בורסה פאזרי,TR,סנו סושי רדיד אלומינ,מטרים,7.50,מטר,false,1,18.40,2.45,true,1,
7290011877095,false,"סנו סושי צמד רדידי אלומיניום רחב 45 ס""מ",בורסה פאזרי,TR,סנו סושי רדיד אלומינ,מטרים,7.50,מטר,false,1,26.50,3.53,true,1,
7290011878351,false,תמרים מגהול 400 גרם אורגני,,,תמרים מגהול 400 גרם,גרמים,400.00,100 גרם,false,1,27.90,6.98,true,1,
7290011878368,false,תמרים זהידי 400 גרם,,,תמרים זהידי 400 גרם,גרמים,40000.00,100 גרם,false,1,16.90,0.04,true,1,
7290011878375,false,תמרים דקל נור 400 גרם,,,תמרים דקל נור 400 גר,גרמים,40000.00,100 גרם,false,1,17.90,0.04,true,1,
7290011878511,false,יוגורט עיזים ביו נא,,,יוגורט ביו 250 מל,מיליליטרים,250.00,"100 מ""ל",false,1,11.90,4.76,true,1,
7290011878528,false,יוגורט לאסי נאות סמד,,,לאסי 250 מל,מיליליטרים,250.00,"100 מ""ל",false,1,11.90,4.76,true,1,
7290011878597,false,גבינת שיטה בולגרית א,,IL,בולגרית 200 גר בקופס,גרמים,200.00,100 גרם,false,1,39.90,19.95,true,1,
7290011878702,false,חטיף אורגני תמר קוקוס 30 גרם נאות סמדר,General,IL,חטיף אורגני תמר קוקו,גרמים,30.00,100 גרם,false,1,7.30,24.33,true,1,
7290011878887,false,נאות סמדר רביעיית חטיף תמר 30 גר,,,נאות סמדר רביעיית חט,גרמים,3000.00,100 גרם,false,1,26.90,0.90,true,1,
7290011878924,false,חטיף אורגני שזיף 30 גרם נאות סמדר,,,חטיף אורגני שזיף 30,גרמים,30.00,100 גרם,false,1,7.30,24.33,true,1,
7290011878931,false,חטיף אורגני משמש 30 גרם נאות סמדר,,,חטיף אורגני משמש 30,גרמים,30.00,100 גרם,false,1,7.30,24.33,true,1,
7290011899295,false,פרוביוטיק - ג'ארו דופילוס,אלטמן,,גארודופילוס (60) אלט,Unknown,0.00,Unknown,false,1,142.90,142.90,true,1,
7290011899479,false,אלטמן - מולטי ויטמין לנשים בהריון קפליות 60 יח',אלטמן,,פרנטל 9 חודשים כשר (,Unknown,0.00,Unknown,false,1,74.90,74.90,true,1,
7290011899622,false,סידן ציטראט+ויטמין D חסכון(120)כשר אלטמן,אלטמן,,סידן ציטראט+ויטמין D,Unknown,0.00,Unknown,false,1,109.90,109.90,true,1,
7290011923020,false,אוכמניות אורגני קפוא 300 גרם,,RS,אוכמניות אורגני קפוא,גרמים,300.00,100 גרם,false,1,24.90,8.30,true,1,
7290011923068,false,גבינה פרוסות צהובה קלאסית טבעוני 200 ג,,GR,גבינה פרוסות צהובה ק,גרמים,200.00,100 גרם,false,1,19.90,9.95,true,1,
7290011923112,false,גבינת גוש בסגנון פטה יוונית טבעוני 200 ג,,GR,גבינת גוש בסגנון פטה,גרמים,200.00,100 גרם,false,1,19.90,9.95,true,1,
7290011923211,false,"שמן זית אורגני 750 מ""ל ליב",,,שמן זית אורגני 750 מ,גרמים,750.00,100 גרם,false,1,57.50,7.67,true,1,
7290011923273,false,טופו אורגני 300 גרם ליב,א.י.ן תעשיות מזון בע,IL,טופו אורגני 300 גרם,גרמים,300.00,100 גרם,false,1,13.50,4.50,true,1,
7290011923303,false,טופו טבעי 300גרם ליב,א.י.ן תעשיות מזון בע,IL,טופו טבעי ליב 300 גר,גרמים,300.00,100 גרם,false,1,10.90,3.63,true,1,
7290011931162,false,סוכרלייט ממתיק נוזלי על בסיס סוכרלוז,אף.סי תבליני בגליל ב,IL,סוכרלייט נוזלי 220 ג,גרמים,220.00,100 גרם,false,1,35.50,16.14,true,1,
7290011931193,false,ממתיק על בסיס סוכרלוז כפית לכפית,סוכרזית Sucrazit,IL,סוכרלייט כפית לכפית,גרמים,105.00,100 גרם,false,1,37.90,36.10,true,1,
7290011947316,false,זיתא זיתי קלמטה בשמן זית כתית מעולה 215ג,זיתא - י.ט.ב תעשיות,IL,זיתי קלמטה 215 גרם,גרמים,215.00,100 גרם,false,1,13.90,6.47,true,1,
7290011947521,false,"שמן זית כתית מעולה 750 מ""ל טעם מודגש זיתא",זיתא - י.ט.ב תעשיות,IL,שמן זית כתית מעולה מ,מיליליטרים,750.00,"100 מ""ל",false,1,32.90,4.39,true,1,
7290011947781,false,מיקס זית ירוק וזית קלמטה ללא גלעין עם שמן זית 190 ג',זיתא - י.ט.ב תעשיות,IL,מיקס זית ירוק/קלמטה,גרמים,190.00,100 גרם,false,0,14.60,7.68,true,1,
7290011947798,false,זית קלמטה ללא גלעין עם שמן זית כתית 190 ג',זיתא - י.ט.ב תעשיות,IL,זית קלמטה ללא גלעין,גרמים,190.00,100 גרם,false,0,14.60,7.68,true,1,
7290011947873,false,זית קלמטה בפח זיתא 250 ג',זיתא - י.ט.ב תעשיות,GR,זית קלמטה בפח 440 גר,גרמים,440.00,100 גרם,false,1,20.90,4.75,true,1,
7290011971694,false,ספגטי טריקולור מסמולינת דורום אורגני 500,פסטיפיסוי פליצ'טי,IT,ספגטי טריקולור מסמול,גרמים,500.00,100 גרם,false,1,14.90,2.98,true,1,
7290011971724,false,פתיתי כוסמין אורגני 500 גר,הרדוף,,פתיתי כוסמין אורגני,גרמים,500.00,100 גרם,false,1,14.90,2.98,true,1,
7290011985004,false,גימנמה עלים חזרה לטבע 50 גרם,,,גימנמה עלים חזרה לטב,גרמים,50.00,100 גרם,false,1,26.90,53.80,true,1,
7290011985073,false,פקעות ורדים שלם 50גר,,,פקעות ורדים שלם 50גר,Unknown,0.00,Unknown,false,1,12.90,12.90,true,1,
7290011985172,false,ליקוריץ שוש קירח גרוס 50 גר,,,ליקוריץ שוש קירח,Unknown,0.00,Unknown,false,1,19.90,19.90,true,1,
7290011985233,false,פספילורה 50גר,,,פספילורה 50גר,Unknown,0.00,Unknown,false,1,21.90,21.90,true,1,
7290011985264,false,פטל אדום עלים 50 גר,,,פטל אדום עלים 50 גר,Unknown,0.00,Unknown,false,1,15.90,15.90,true,1,
7290011985318,false,שן ארי עלים 50 גר,,,שן ארי עלים 50 גר,Unknown,0.00,Unknown,false,1,19.90,19.90,true,1,
7290011985325,false,טיליה עלים ופרחים 50גר,,,טיליה עלים ופרחים 50,Unknown,0.00,Unknown,false,1,29.90,29.90,true,1,
7290011985332,false,סרפד 50 גר,,,סרפד 50 גר,Unknown,0.00,Unknown,false,1,12.90,12.90,true,1,
7290011985363,false,מרווה משולשת 50 גר,,,מרווה משולשת 50 גר,Unknown,0.00,Unknown,false,1,15.90,15.90,true,1,
7290011985387,false,עוזרר עלים 50 גר,,,עוזרר עלים 50 גר,גרמים,1.00,100 גרם,false,1,24.90,2490.00,true,1,
7290011985486,false,זית עלים 50גר,,,זית עלים 50גר,Unknown,0.00,Unknown,false,1,15.90,15.90,true,1,
7290011985646,false,זעתר חזרה לטבע 50 גרם,,,זעתר חזרה לטבע 50 גר,גרמים,50.00,100 גרם,false,1,19.90,39.80,true,1,
7290011985721,false,שומר זרעים 100 גר,,,שומר זרעים 100 גר,Unknown,0.00,Unknown,false,1,9.90,9.90,true,1,
7290011985776,false,בבונג 50 גר,,,בבונג 50 גר,Unknown,0.00,Unknown,false,1,12.90,12.90,true,1,
7290011985790,false,מנטה 50 גר,,,מנטה 50 גר,Unknown,0.00,Unknown,false,1,11.90,11.90,true,1,
7290012001994,false,חרדל דיז'ון גרעינים 350 ג' ריין דיזון,ריין דיז'ון reine dijon,FR,חרדל דיזיון 350 גרם,גרמים,350.00,100 גרם,false,1,11.90,3.40,true,1,
7290012012013,false,דמיאנה 50 גר,,,דמיאנה 50 גר,Unknown,0.00,Unknown,false,1,46.90,46.90,true,1,
7290012012891,false,היביסקוס חזרה לטבע 50 גרם,,,היביסקוס חזרה לטבע 5,גרמים,50.00,100 גרם,false,1,10.90,21.80,true,1,
7290012019197,false,"רסק תפו""ע דיאט 6 יח 113 גר",,,"רסק תפו""ע דיאט 6 יח",גרמים,113.00,100 גרם,false,1,18.70,16.55,true,1,
7290012019265,false,"רסק תפו""ע דיאט תומר מארז 113X4ג'",Cherry growers inc,US,"רסק תפו""ע דיאט 4 יח",גרמים,113.00,100 גרם,false,1,13.50,11.95,true,1,
7290012019401,false,מיץ דובדבן 100% 1 ליטר תוצרת גרוזיה,,,מיץ דובדבן 100% 1 לי,מיליליטרים,1000.00,"100 מ""ל",false,1,21.90,2.19,true,1,
7290012022005,false,פריכיות חיטה 60 גרם,,,פריכיות חיטה 70 גרם,גרמים,70.00,100 גרם,false,1,11.90,17.00,true,1,
7290012022050,false,פריכיות חיטה מלאה 100 גרם,,,פריכיות חיטה מלאה,גרמים,100.00,100 גרם,false,1,13.90,13.90,true,1,
7290012022067,false,קריספיות קידס,,IL,קריספיות קידס 30 גרם,גרמים,30.00,100 גרם,false,1,10.90,36.33,true,1,
7290012046124,false,רב מגבת SOFT CLEAN 800 גרם,,IL,רב מגבת SOFT CLEAN 8,גרמים,800.00,100 גרם,false,1,26.50,3.31,true,1,
7290012052170,false,גרנולה עם אגוזים ופירות יבשים במתיקות מעודנת,רפאלס,IL,רפאל-גרנולה ללא סוכר,גרמים,350.00,100 גרם,false,1,16.90,4.83,true,1,
7290012052187,false,גרנולה רפאל - חלבה תמרים ושקדים,רפאלס,IL,רפאל-גרנולה חלבה תמר,גרמים,350.00,100 גרם,false,1,16.90,4.83,true,1,
7290012052194,false,רפאל-גרנולה פירות יער וקשיו 350 גר,רפאלס,IL,רפאל-גרנולה פירות יע,גרמים,350.00,100 גרם,false,1,16.90,4.83,true,1,
7290012052354,false,גרנולה רפאל-שוקולד ואגוזי לוז 350 גר,רפאלס,IL,גרנולה רפאל-שוקולד ו,גרמים,350.00,100 גרם,false,1,16.90,4.83,true,1,
7290012082986,false,"P1000 שמפו ביוטין שורשים 500 מ""ל",,,P1000 שמפו ביוטין שו,מיליליטרים,500.00,"100 מ""ל",false,1,49.90,9.98,true,1,
7290012082993,false,"P1000 מרכך ביוטין שורשים 500 מ""ל",,,P1000 מרכך ביוטין שו,מיליליטרים,500.00,"100 מ""ל",false,1,49.90,9.98,true,1,
7290012117428,false,"קרמה מן שמפו+גל רחצה 2 ב1 700 מ""ל מעינות",טרופיקל דגיל תעשיות,IL,קרמה מן שמפו+גל רחצה,מיליליטרים,700.00,"100 מ""ל",false,1,20.90,2.99,true,1,
7290012117534,false,סנו - מקסימה מרכך כביסה מרוכז קול 1 ליטר,"סנו מפעלי ברונוס בע""",IL,מרכך כביסה מקסימה סו,מיליליטרים,1000.00,"100 מ""ל",false,1,17.90,1.79,true,1,
7290012117916,false,סנו אינסטלאטור פותח סתימות נוזלי 1 ל',"סנו מפעלי ברונוס בע""",IL,סנו אינסטלטור נוזלי,מיליליטרים,1000.00,"100 מ""ל",false,1,26.90,2.69,true,1,
7290012129742,false,מגבונים פרשיס מבושם 72 יח' * חמישיה,,IL,מגבונים לחים פרשיס מ,Unknown,0.00,Unknown,false,1,26.50,26.50,true,1,
7290012132667,false,דאודורנט רול און לובליס לבנדר,,,דאודורנט רול און לוב,Unknown,0.00,Unknown,false,1,29.90,29.90,true,1,
7290012132704,false,שמפו לוליס רוזמרין אורגני 400 מ`ל,,,שמפו לוליס רוזמרין א,Unknown,0.00,Unknown,false,1,35.90,35.90,true,1,
7290012132896,false,"דאודורנט אבן קריסטל ספריי לגבר 65 מ""ל",,,דאודורנט אבן קריסטל,מיליליטרים,65.00,"100 מ""ל",false,1,35.90,55.23,true,1,
7290012132919,false,"דאודורנט אבן קריסטל ספריי לבנדר 65 מ""ל",,,דאודורנט אבן קריסטל,מיליליטרים,65.00,"100 מ""ל",false,1,35.90,55.23,true,1,
7290012132964,false,"חמאת שיאה אורגנית 200 מ""ל",,IL,חמאת שיאה אורגנית 20,מיליליטרים,200.00,"100 מ""ל",false,1,49.90,24.95,true,1,
7290012159275,false,מיונז אמיתי 430 גרם LINA,לינה,,מיונז אמיתי 430 גרם,גרמים,430.00,100 גרם,false,1,10.40,2.42,true,1,
7290012208027,false,ממרח חזרת מוטי שף 18,"איטיליאן פוד, אס.פי.",IL,ממרח חזרת מוטי שף 18,גרמים,180.00,100 גרם,false,1,20.90,11.61,true,1,
7290012208065,false,ממרח לימון כבוש 190 גרם,"איטיליאן פוד, אס.פי.",IL,ממרח לימון כבוש 190,גרמים,190.00,100 גרם,false,1,20.90,11.00,true,1,
7290012208362,false,פריכיות כוסמת עם טף בהיר 135 גרם,,,פריכיות כוסמת עם טף,גרמים,135.00,100 גרם,false,1,11.90,8.81,true,1,
7290012208911,false,"מלח הימלאיה דק שקית 1 ק""ג",,PK,מלח הימלאיה דק שקית,גרמים,1000.00,100 גרם,false,1,13.90,1.39,true,1,
7290012208928,false,"מלח הימלאיה גס שקית 1 ק""ג",,PK,מלח הימלאיה גס שקית,גרמים,1000.00,100 גרם,false,1,13.90,1.39,true,1,
7290012208935,false,מלח הימלאיה שחור 200 גרם,,PK,מלח הימלאיה שחור 200,גרמים,200.00,100 גרם,false,1,17.90,8.95,true,1,
7290012245183,false,ציפס קריספי קלאסי 700 גרם,אגריסטו,BE,ציפס קריספי קלאסי 70,גרמים,700.00,100 גרם,false,1,21.90,3.13,true,1,
7290012245275,false,"גולד ציפס בטטה קריספי 1 ק""ג",אגריסטו,BE,גולד ציפס בטטה קריספ,גרמים,1000.00,100 גרם,false,1,30.90,3.09,true,1,
7290012245329,false,"צ'יפס קלאסי 1.5 ק""ג גולד שארית",יוליניבר,IL,גולד ציפס קלאסי 1.5,גרמים,1500.00,100 גרם,false,1,21.90,1.46,true,1,
7290012245336,false,"גולד צ'יפס סטייק 1.5 ק""ג גולד שארית",אגריסטו,IL,גולד סטייק ציפס 1.5,גרמים,1500.00,100 גרם,false,1,21.90,1.46,true,1,
7290012309311,false,ערמונים קלופים שלמים 100 גר,"דין שיווק וקליה בע""מ",CN,ערמונים קלופים שלמים,גרמים,100.00,100 גרם,false,1,5.80,5.80,true,1,
7290012309878,false,חלבה פיסטוק ששון הקולה 500 ג',דין שיווק,IL,חלבה עם פיסטוק 500 ג,גרמים,500.00,100 גרם,false,1,15.60,3.12,true,1,
7290012309939,false,חלבה מסולסלת דין שיווק 500 ג',אף.סי תבליני בגליל ב,IL,חלבה מסולסלת 500 גרם,גרמים,500.00,100 גרם,false,1,18.80,3.76,true,1,
7290012349522,false,מלח הימלאיה דק,,,מלח הימלאיה דק,גרמים,200.00,100 גרם,false,1,10.90,5.45,true,1,
7290012349546,false,מלח הימלאיה 200 גר ע,,,מלח הימלאיה 200 גר ע,גרמים,200.00,100 גרם,false,1,13.50,6.75,true,1,
7290012349553,false,מלח הימלאיה 500 גר ד,,,מלח הימלאיה 500 גר ד,גרמים,500.00,100 גרם,false,1,19.50,3.90,true,1,
7290012349577,false,מלח הימלאיה 200 גר,,,מלח הימלאיה 200 גר,גרמים,200.00,100 גרם,false,1,10.90,5.45,true,1,
7290012349645,false,מלח ים אטלנטי טבעי ג,,,מלח ים אטלנטי טבעי ג,גרמים,500.00,100 גרם,false,1,19.90,3.98,true,1,
7290012349652,false,מלח דק גבישי מן ההימ,,,מלח דק גבישי מן ההימ,גרמים,1000.00,100 גרם,false,1,32.50,3.25,true,1,
7290012413643,false,תה ירוק קמומיל 25 שקיקים ויסוצקי,ויסוצקי ירוק,IL,תה ירוק קמומיל 25 ש,Unknown,0.00,Unknown,false,1,24.90,24.90,true,1,
7290012475092,false,משקה דגנים נמס אורגני גרין פילד 100 גרם,,PL,משקה דגנים נמס אורגנ,גרמים,100.00,100 גרם,false,1,21.90,21.90,true,1,
7290012475870,false,"גליל גבינה מעושן ע""ב אורז טבעוני 200 ג",פריסקולאט ס.ר.ל. קוסטנזה,IT,"גליל גבינה מעושן ע""ב",גרמים,200.00,100 גרם,false,1,34.90,17.45,true,1,
7290012485817,false,סי 500 לא חומצי,,,סי 500 לא חומצי,Unknown,0.00,Unknown,false,1,69.00,69.00,true,1,
7290012491047,false,"שמפו קלנדולה אורגני אל דמע 400 מ""ל MOMMY CARE",מאמי קר Mommy Care,,שמפו אורגני לתינוק-,Unknown,0.00,Unknown,false,1,34.90,34.90,true,1,
7290012491405,false,"סבון טבעי לניקוי בקבוקים, מוצצים ומשאבות חלב",מאמי קר Mommy Care,,סבון טבעי לבקבוקים 2,Unknown,0.00,Unknown,false,1,22.90,22.90,true,1,
7290012491474,false,שמפו לילדים לריכוך השיער והזנת עור הקרקפת,מאמי קר Mommy Care,,שמפו לילד 400 מ`ל,Unknown,0.00,Unknown,false,1,34.90,34.90,true,1,
7290012491696,false,תערובת ציטרונלה להגנה מפני עקיצות יתושים,מאמי קר Mommy Care,IL,שמן אורגני להרחקת ית,Unknown,0.00,Unknown,false,1,29.90,29.90,true,1,
7290012497032,false,ברזל רך 30 מג (80) אלטמן כשר,אלטמן,,ברזל רך 30 מג (80) א,Unknown,0.00,Unknown,false,1,65.90,65.90,true,1,
7290012497063,false,סידן מגנזיום אבץ+ ויטמין D כשר(100)אלטמן,,,סידן מגנזיום אבץ+ וי,Unknown,0.00,Unknown,false,1,61.90,61.90,true,1,
7290012497544,false,ימלין זנסיפריס (65),,,ימלין זנסיפריס (65),Unknown,0.00,Unknown,false,1,44.90,44.90,true,1,
7290012497889,false,אלטמן - אלספה MAX כמוסות רכות 100 יח',,,אלספה MAX כמוסות (10,Unknown,0.00,Unknown,false,1,130.90,130.90,true,1,
7290012522581,false,טבעול שניצל תירס ללא גלוטן טבעול 664 גרם,עיצובים 2020 (4.8),IL,שניצל תירס טבעול ללא,גרמים,664.00,100 גרם,false,1,36.50,5.50,true,1,
7290012602627,false,דבש פרחי בר חוף הכרמל 640 ג',,,יערה בדבש 620 גרם,גרמים,620.00,100 גרם,false,1,41.90,6.76,true,1,
7290012624087,false,סבון טבעי פריחת הגליל - גרניום למון גראס,,,סבון טבעי פריחת הגלי,Unknown,0.00,Unknown,false,1,24.90,24.90,true,1,
7290012624100,false,סבון טבעי פריחת הגליל - פצולי לבנדר ווני,,,סבון טבעי פריחת הגלי,Unknown,0.00,Unknown,false,1,24.90,24.90,true,1,
7290012624209,false,סבון נוזלי GALILEE לבנדר 400 מל,,,סבון נוזלי GALILEE ל,Unknown,0.00,Unknown,false,1,39.90,39.90,true,1,
7290012624216,false,סבון נוזלי GALILEE פטשולי לבנדר וניל 400,,,סבון נוזלי GALILEE פ,Unknown,0.00,Unknown,false,1,39.90,39.90,true,1,
7290012624223,false,סבון נוזלי GALILEE נענע רוזמרין 400 מל,,,סבון נוזלי GALILEE נ,Unknown,0.00,Unknown,false,1,39.90,39.90,true,1,
7290012624391,false,סבון מוצק GALILEE ורד 170 גרם,,,סבון מוצק GALILEE ור,Unknown,0.00,Unknown,false,1,29.90,29.90,true,1,
7290012624698,false,"חמאת שפתיים אורגנית 10 מ""ל",,,חמאת שפתיים אורגנית,Unknown,0.00,Unknown,false,1,13.90,13.90,true,1,
7290012624766,false,סבון פנים טבעי GALILEE שמן זרעי רימונים,,,סבון פנים טבעי GALIL,Unknown,0.00,Unknown,false,1,44.90,44.90,true,1,
7290012645112,false,"יוגורט עיזים בדלי חלב הארץ 750מ""ל",מחלבות סוסיא,IL,יוגורט עיזים בדלי 75,מיליליטרים,750.00,"100 מ""ל",false,1,20.50,2.73,true,1,
7290012645129,false,"יוגורט כבשים בדלי חלב הארץ 750מ""ל",מחלבות סוסיא,IL,יוגורט כבשים בדלי 7,מיליליטרים,750.00,"100 מ""ל",false,1,20.50,2.73,true,1,
7290012645297,false,סוסיא יוגורט עיזים ביו 2.8% ט.טבעי 150מל,מחלבות סוסיא,IL,יוגורט עיזים בטעם טב,גרמים,150.00,100 גרם,false,1,6.50,4.33,true,1,
7290012702167,false,מורז מסכת שיער לטיפול ושיקום שיער פגום,מורז,,מסיכת פוליגונום טבעי,Unknown,0.00,Unknown,false,1,59.90,59.90,true,1,
7290012702822,false,מורז ספריי הגנה שקוף SPF50 200 מל,מורז,IL,ספרי הגנה שקוף SPF 5,Unknown,0.00,Unknown,false,1,74.90,74.90,true,1,
7290012759321,false,טרפלס תמרים טחינה ופ,,,טרפלס תמרים טחינה ופ,Unknown,0.00,Unknown,false,1,36.90,36.90,true,1,
7290012759659,false,משפחתית בראוניז תמר שוקולד קוקוס ואגוז מ,ממה חטיפי אנרגיה,IL,משפחתית בראוניז תמר,גרמים,240.00,100 גרם,false,1,29.90,12.46,true,1,
7290012759666,false,משפחתית בראוניז תמר שוקולד פקאן ופולי קק,ממה חטיפי אנרגיה,IL,משפחתית בראוניז תמר,גרמים,240.00,100 גרם,false,1,29.90,12.46,true,1,
7290012760037,false,סופהרב - ביו 25 30 כמוסות,סופהרב,,ביו 25,Unknown,0.00,Unknown,false,1,115.90,115.90,true,1,
7290012760174,false,"ויטמין D סופט ג'ל 400 יחב""ל",סופהרב,,ויטמין די 400 בד`צ,Unknown,0.00,Unknown,false,1,42.90,42.90,true,1,
7290012760266,false,"סופהרב - טיפות ויטמין 1000 D3 בד""ץ 20 מ""ל",סופהרב,,טיפות ויטמין 1000 D3,מיליליטרים,20.00,"100 מ""ל",false,1,33.90,169.50,true,1,
7290012760761,false,"סופהרב - ויטמין 1000 D3 סופטג'ל בד""ץ 90 כמוסות רכות",סופהרב,IL,די 1000 בד`צ,Unknown,0.00,Unknown,false,1,42.90,42.90,true,1,
7290012760891,false,סידן 600,,,סידן 600,Unknown,0.00,Unknown,false,1,13.90,13.90,true,1,
7290012798573,false,יין לוריא טרסה 750 מל,,,יין לוריא טרסה 750 מ,Unknown,0.00,Unknown,false,1,79.90,79.90,true,1,
7290012803314,false,ממתיק על בסיס סוכרלוז - טבליות,מיוצר עי קונדיטוריית,IL,סוכרלוז 300 טבליות 2,גרמים,22.00,100 גרם,false,1,47.50,215.91,true,1,
7290012803772,false,שוקולד חלב ללא תוספת סוכר,אלטינמארקה גידה סאן,TR,טוסו מר שוקולד חלב 1,גרמים,100.00,100 גרם,false,1,13.50,13.50,true,1,
7290012803789,false,שוקולד מריר עם אגוזים ללא תוספת סוכר,האי נאם סי או אל.טי.,TR,טוסו מר שוקולד מריר,גרמים,100.00,100 גרם,false,1,13.50,13.50,true,1,
7290012803796,false,שוקולד חלב עם אגוזים ללא תוספת סוכר,אלטינמארקה גידה סאן,TR,טוסו מר שוקולד חלב ע,גרמים,100.00,100 גרם,false,1,13.50,13.50,true,1,
7290012823374,false,מטליות לניקוי כללי אנטי קאלק,מיוצר עי קונדיטוריית,IL,מגבונים אנטי קאלק,Unknown,0.00,Unknown,false,1,15.20,15.20,true,1,
7290012921025,false,"בירה מלכה בהירה 330 מ""ל","בירה מלכה בע""מ",IL,בירה מלכה בהירה 330,מיליליטרים,330.00,"100 מ""ל",false,1,15.90,4.82,true,1,
7290012921032,false,"בירה מלכה אדמונית 330 מ""ל","איי, בי, אינבוו",IL,בירה מלכה אדמונית 33,מיליליטרים,330.00,"100 מ""ל",false,1,15.90,4.82,true,1,
7290012921056,false,מלכה בוטיק בירה חיטה,מבשלת בירה ישראלית,IL,בירה מלכה חיטה 330 מ,מיליליטרים,330.00,"100 מ""ל",false,1,15.90,4.82,true,1,
7290012926105,false,מחבת גריל מלבנית 24*,,,מחבת גריל מלבנית 24*,Unknown,0.00,Unknown,false,1,119.00,119.00,true,1,
7290012936890,false,תבלינים קצח בצנצנות זכוכית 50 גרם,א.ל ייצור ושיווק תבל,,תבלינים קצח בצנצנות,Unknown,0.00,Unknown,false,1,11.80,11.80,true,1,
7290012958014,false,ביצי דגים 113 גר זכוכית,,,ביצי דגים 113 גר זכו,גרמים,113.00,100 גרם,false,1,57.50,50.88,true,1,
7290012962417,false,כפפות איזי טאצ ניטריל ל.אבקה כחול 100M,,ID,כפפות איזי טאצ ניטרי,Unknown,0.00,Unknown,false,1,27.90,27.90,true,1,
7290012962424,false,כפפות איזי טאצ ניטריל ל.אבקה כחול 100L,,ID,כפפות איזי טאצ ניטרי,Unknown,0.00,Unknown,false,1,27.90,27.90,true,1,
7290012962431,false,כפפות איזי טאצ ניטריל ל.אבקה כחול 100XL,,ID,כפפות איזי טאצ ניטרי,Unknown,0.00,Unknown,false,1,27.90,27.90,true,1,
7290012979309,false,דר עור דאודורנט רול בניחוח רענן 70 מל,"ד""ר עור DOCTOR OR",,DEO OR דאודורנט רול,מיליליטרים,70.00,"100 מ""ל",false,1,54.90,78.43,true,1,
7290012983610,false,תמרים ללא חרצנים תמר כנרת 500 גרם,"חצר כנרת מוצרי תמר אגש""ח",IL,תמרים ללא חרצנים תמר,גרמים,500.00,100 גרם,false,1,14.90,2.98,true,1,
7290013083661,false,תרכובת מזון המשך לפעוטות שלב 1 Extra Care,מטרנה תעשיות ש.מ,IL,מטרנה אקסטרה קר שלב,גרמים,700.00,100 גרם,false,1,59.90,8.56,true,1,
7290013083685,false,תרכובת מזון המשך לפעוטות שלב 3 Extra Care,מטרנה תעשיות ש.מ,IL,מטרנה אקסטרה קר שלב,גרמים,700.00,100 גרם,false,1,59.90,8.56,true,1,
7290013089809,false,פילה אמנון קפוא במשקל,,,פילה אמנון קפוא,Unknown,0.00,"ק""ג",true,0,37.00,37.00,true,1,
7290013117212,false,בורקס פילו במילוי גבינה מעדנות 600 גר,מיוצר עי קונדיטוריית,IL,בורקס פילו במילוי גב,גרמים,600.00,100 גרם,false,1,19.90,3.32,true,1,
7290013121028,false,לחם לבן ללא גלוטן 500 גר קפוא,אביב קונדיטוריה מעול,IL,לחם לבן ללא גלוטן,גרמים,500.00,100 גרם,false,1,17.90,3.58,true,1,
7290013121042,false,לחם איטלקי ללא גלוטן 500 גר קפוא,אביב קונדיטוריה מעול,IL,לחם איטלקי ללא גלוטן,גרמים,500.00,100 גרם,false,1,20.90,4.18,true,1,
7290013121134,false,בייגל ללא גלוטן 430 גר קפוא,אביב קונדיטוריה מעול,IL,בייגל ללא גלוטן,גרמים,430.00,100 גרם,false,1,20.80,4.84,true,1,
7290013121165,false,שישיית לחמניות ללא גלוטן 460 גר קפוא,אביב קונדיטוריה מעול,IL,שישיית לחמניות ללא ג,גרמים,460.00,100 גרם,false,1,20.90,4.54,true,1,
7290013121752,false,לחם לבן ביתי ללא גלוטן 700 גר קפוא,אביב קונדיטוריה מעול,IL,לחם לבן ביתי,גרמים,700.00,100 גרם,false,1,26.50,3.79,true,1,
7290013142450,false,"כורכום C3 - מיצוי שורש כורכום 1000 מ""ג",אלטמן,,כורכום C3 ׁ(60) כשר,Unknown,0.00,Unknown,false,1,124.90,124.90,true,1,
7290013144287,false,גלי טעם תות מימונס 8,א.ל ייצור ושיווק תבל,IL,גלי תות 85 גר,גרמים,85.00,100 גרם,false,1,6.90,8.12,true,1,
7290013144393,false,"תמצית בטעם וניל מימונס 50 מ""ל",מיוצר עי קונדיטוריית,IL,"תמצית וניל 50 מ""ל",מיליליטרים,50.00,"100 מ""ל",false,1,4.80,9.60,true,1,
7290013144980,false,תרסיס שמן קנולה מימונס 170 גרם,מולינו ניקולי s.p.a,FI,תרסיס שמן קנולה מימו,גרמים,170.00,100 גרם,false,1,15.60,9.18,true,1,
7290013145017,false,אגוז מלך קלוף מימונס 100 גר',מימונס אפייה,IL,אגוז מלך קלוף 100 גר,גרמים,100.00,100 גרם,false,1,14.50,14.50,true,1,
7290013145109,false,שקד מולבן טחון מימונס 100 גר',מימונס אפייה,IL,שקד מולבן טחון 100 ג,גרמים,100.00,100 גרם,false,1,14.90,14.90,true,1,
7290013145178,false,קוקוס טחון לבן מימונס 100 ג',מימונס אפייה,IL,קוקוס טחון לבן 100 ג,גרמים,100.00,100 גרם,false,1,5.20,5.20,true,1,
7290013145406,false,שוקולד צ'יפס לבן מימונס 250 גר',אינטרגטה תעשיות מזון,IL,שוקולד ציפס לבן 250,גרמים,250.00,100 גרם,false,1,9.60,3.84,true,1,
7290013145437,false,שוקולד מריר מעולה ציפס מימונס 250 ג',הנסיך- מפעל לייצור ט,IL,שוקולד ציפס 48% 250,גרמים,250.00,100 גרם,false,1,15.50,6.20,true,1,
7290013145451,false,אבקת קקאו מימונס 150 ג',מיוצר עי קונדיטוריית,IL,קקאו 150 גר,גרמים,150.00,100 גרם,false,1,10.40,6.93,true,1,
7290013145826,false,פודניג בטעם וניל לבן במיוחד מימונס 80 ג',א.ל ייצור ושיווק תבל,IL,פודינג בטעם וניל לבן,גרמים,80.00,100 גרם,false,1,6.20,7.75,true,1,
7290013145840,false,סוכר וניל מימונס 10* 10 ג',מיוצר עי קונדיטוריית,IL,סוכר וניל 10 יח בצלו,Unknown,0.00,Unknown,false,1,2.70,2.70,true,1,
7290013145857,false,מימונס אבקת אפיה 10* 10ג',מימונס אפייה,IL,אבקת אפיה 10 יח בצלו,Unknown,0.00,Unknown,false,1,2.70,2.70,true,1,
7290013145918,false,אבקת סוכר מימונס 100 גר',א.ל. ייצור ושיווק תב,IL,אבקת סוכר 100 גר,גרמים,100.00,100 גרם,false,1,1.80,1.80,true,1,
7290013145963,false,שמרים יבשים בוואקום מימונוס 125 ג',מימונס אפייה,CN,שמרים יבשים בואקום 1,גרמים,125.00,100 גרם,false,1,6.20,4.96,true,1,
7290013146762,false,קצפת לזילוף מימונס פ,,IL,מימונס קצפת 24% 200,גרמים,200.00,100 גרם,false,1,6.90,3.45,true,1,
7290013153432,false,"פריגת סחוט לימונענע 400 מ""ל",היינץ צפון אמריקה מק,IL,פריגת סחוט לימונע 40,מיליליטרים,400.00,"100 מ""ל",false,1,9.90,2.48,true,1,
7290013153593,false,מיץ תפוזים מתקתק 1 ליטר,"גת גבעת חיים,",IL,מיץ תפוזים מתקתק 1 ל,מיליליטרים,1000.00,"100 מ""ל",false,1,16.90,1.69,true,1,
7290013171030,false,לחמניות כוסמין אורגנ,,,לחמניות כוסמין אורגנ,גרמים,400.00,100 גרם,false,1,10.90,2.73,true,1,
7290013171047,false,4 בייגל כוסמין אורגנ,,,4 בייגל כוסמין אורגנ,גרמים,400.00,100 גרם,false,1,10.90,2.73,true,1,
7290013176004,false,יוגורט עיזים 500 טבע,,IL,יוגורט עיזים 500 טבע,מיליליטרים,500.00,"100 מ""ל",false,1,17.60,3.52,true,1,
7290013176028,false,יוגורט עיזים תות 500,,IL,יוגורט עיזים תות,מיליליטרים,500.00,"100 מ""ל",false,1,17.60,3.52,true,1,
7290013176042,false,יוגורט עיזים פירות י,,IL,יוגורט עיזים פירות י,מיליליטרים,500.00,"100 מ""ל",false,1,17.60,3.52,true,1,
7290013176059,false,ארבלה אנאבל עיזים טבעי גבינה,ארבלה,IL,ארבלה אנאבל עיזים טב,גרמים,190.00,100 גרם,false,1,20.90,11.00,true,1,
7290013176257,false,יוגורט עיזים פרוביוט,,IL,יוגורט עיזים פרוביוט,גרמים,150.00,100 גרם,false,1,5.50,3.67,true,1,
7290013176264,false,יוגורט עיזים בטעם תו,,IL,יוגורט עיזים בטעם תו,גרמים,150.00,100 גרם,false,1,5.50,3.67,true,1,
7290013181268,false,סכינים מעץ מתכלה - מארז 25 יח',תבניכל,,סכינים מעץ 10 יח,Unknown,0.00,Unknown,false,1,9.50,9.50,true,1,
7290013187215,false,מנות פילה סלמון נורבגי 800 גר,,NO,פילה סלמון נורבגי,גרמים,800.00,100 גרם,false,1,86.90,10.86,true,1,
7290013187765,false,ברוקולי טבעפרוסט 800 גר,,,ברוקולי טבעפרוסט 800,גרמים,800.00,100 גרם,false,1,18.90,2.36,true,1,
7290013187772,false,אפונה ירוקה עדינה טבעפרוסט 800 גר,,,אפונה ירוקה עדינה טב,גרמים,800.00,100 גרם,false,1,18.90,2.36,true,1,
7290013187789,false,אפונה ירוקה טבעפרוסט 800 גר,,,אפונה ירוקה טבעפרוסט,גרמים,800.00,100 גרם,false,1,15.60,1.95,true,1,
7290013187796,false,שעועית ירוקה שלמה טבעפרוסט 800 גר,,,שעועית ירוקה שלמה טב,גרמים,800.00,100 גרם,false,1,15.90,1.99,true,1,
7290013187802,false,שעועית ירוקה עדינה טבעפרוסט 800 גר,,,שעועית ירוקה עדינה ט,גרמים,800.00,100 גרם,false,1,15.90,1.99,true,1,
7290013187819,false,שעועית ירוקה חתוכה טבעפרוסט 800 גר,,,שעועית ירוקה חתוכה ט,גרמים,800.00,100 גרם,false,1,15.90,1.99,true,1,
7290013187826,false,כרוב ניצנים טבעפרוסט 800 גר,,,כרוב ניצנים טבעפרוסט,גרמים,800.00,100 גרם,false,1,15.90,1.99,true,1,
7290013187833,false,כרובית טבעפרוסט 800 גר,,,כרובית טבעפרוסט 800,גרמים,800.00,100 גרם,false,1,15.90,1.99,true,1,
7290013187840,false,גזר גמדי טבעפרוסט 800 גר,,,גזר גמדי טבעפרוסט 80,גרמים,800.00,100 גרם,false,1,15.90,1.99,true,1,
7290013187857,false,טבעפרוסט תרד 800 גרם,,,תרד טבעפרוסט 800 גר,גרמים,800.00,100 גרם,false,1,15.90,1.99,true,1,
7290013234377,false,שמן אורגנו,,,שמן אורגנו,Unknown,0.00,Unknown,false,1,144.90,144.90,true,1,
7290013250049,false,קרם לחות גרניום לאיזון עור הפנים,,,קרם לחות גרניום לאיז,Unknown,0.00,Unknown,false,1,139.90,139.90,true,1,
7290013250063,false,קרם לחות זרעי רימונים למיצוק ומתיחת העור,,,קרם לחות זרעי רימוני,Unknown,0.00,Unknown,false,1,159.90,159.90,true,1,
7290013250117,false,מסיכת אובליפיכה להזנה מוגברת וללא שטיפה,,,מסיכת אובליפיכה להזנ,Unknown,0.00,Unknown,false,1,149.90,149.90,true,1,
7290013250223,false,"סרום נרולי למיצוק והזנה 30 מ""ל",,,סרום נרולי למיצוק וה,מיליליטרים,30.00,"100 מ""ל",false,1,199.90,666.33,true,1,
7290013268990,false,סנו - מקסימה מרכך כביסה מרוכז ביו 1 ליטר,"סנו מפעלי ברונוס בע""",IL,מרכך כביסה מקסימה בי,מיליליטרים,1000.00,"100 מ""ל",false,1,17.90,1.79,true,1,
7290013269157,false,"מרכך ומבשם מקסימה למייבש לבנדר 750 מ""ל סנו",סנו מקסימה,,סנו מקסימה למייבש 75,מיליליטרים,750.00,"100 מ""ל",false,1,18.90,2.52,true,1,
7290013310378,false,כפפות ניטריל S כחולות ללא אבקה 80 יח' EASY TOUCH,איזי טאץ' Easy touch,TH,כפפות ניטרל S כחולות,יחידה,1.00,יחידה,false,1,26.90,26.90,true,1,
7290013310408,false,כפפות ניטריל XL כחולות ללא אבקה 80 יח' EASY TOUCH,איזי טאץ' Easy touch,TH,כפפות ניטרל XL כחולו,יחידה,1.00,יחידה,false,1,27.90,27.90,true,1,
7290013329004,false,סילאן ללא תוספת סוכר כרם 900 גרם,תמר העמקים,,סילאן ללא תוספת סוכר,גרמים,900.00,100 גרם,false,1,22.90,2.54,true,1,
7290013329028,false,ממתיק טבעי סטיביה 50,א.מ.ב,IL,"סטיביה 50 מ""ל - כרם",מיליליטרים,50.00,"100 מ""ל",false,1,31.30,62.60,true,1,
7290013329301,false,פריכיות כוסמת עם מלח 160 גרם,ZBG,,פריכיות כוסמת עם מלח,גרמים,160.00,100 גרם,false,1,12.00,7.50,true,1,
7290013329318,false,פריכיות כוסמת ללא מלח 160 גרם,ZBG,,פריכיות כוסמת ללא מל,גרמים,160.00,100 גרם,false,1,12.00,7.50,true,1,
7290013329417,false,"סוכר דמררה 1 ק""ג - כרם",ה.ס. יבוא ויצור,,"סוכר דמררה 1 ק""ג - כ",קילוגרמים,0.00,"ק""ג",false,1,10.30,10.30,true,1,
7290013329516,false,שזיפים ללא גרעין 330 גר,רפאלס,,שזיפים ללא גרעין 330,גרמים,330.00,100 גרם,false,1,22.90,6.94,true,1,
7290013329615,false,צימוק חום כרם 330 גר,כרם תעשיות,IL,צימוק חום 330 גר,גרמים,330.00,100 גרם,false,1,13.50,4.09,true,1,
7290013329738,false,תמר מגהול כרם 1 קג,כרם תעשיות,IL,"תמר מגהול 1 ק""ג",קילוגרמים,0.00,"ק""ג",false,1,24.90,24.90,true,1,
7290013358356,false,מאסטר שף פירורי לחם מוזהבים 320 גרם,מנה י.א בעמ,IL,מאסטר שף פירורי לחם,גרמים,320.00,100 גרם,false,1,7.80,2.44,true,1,
7290013358363,false,פירורי לחם פנקו מזוהבים מאסטר שף מנה 300 ג',קריניציה ויטמינה אס,IL,פירורי לחם פנקו 300,גרמים,300.00,100 גרם,false,1,9.80,3.27,true,1,
7290013358530,false,מאסטר שף אסייאתי רוטב צ'ילי מתוק 700 מל,קריניציה ויטמינה אס,TH,רוטב צילי מתוק מנה א,מיליליטרים,700.00,"100 מ""ל",false,1,11.90,1.70,true,1,
7290013358585,false,מנה אסייאתי נודלס ביצים להקפצה 400 מ.שף,הנסיך- מפעל לייצור ט,CN,מנה אסייאתי נודלס בי,גרמים,400.00,100 גרם,false,1,9.90,2.48,true,1,
7290013358837,false,מנה מאגדת פריכיות אורז ללא מלח 264 גר,Mana,,מנה מאגדת פריכיות או,גרמים,264.00,100 גרם,false,1,12.90,4.89,true,1,
7290013366634,false,כרמל יבולים חסה סלנו,שמיניית מעדן חלב שוק,IL,חסה ראשים 200 גר,גרמים,200.00,100 גרם,false,1,11.90,5.95,true,1,
7290013381699,false,קקאו טופ מותגים 500 גרם,נאמן לאורך זמן,,קקאו טופ מותגים 500,גרמים,500.00,100 גרם,false,1,26.50,5.30,true,1,
7290013381712,false,קיסם שינויים+חוט דנטלי בקופסא 60יח,,,קיסם שינויים+חוט דנט,Unknown,0.00,Unknown,false,1,12.00,12.00,true,1,
7290013381910,false,"טורטיות ללא חומר משמר דגנים 20 ס""מ 8",,,טורטיות ללא חומר משמ,Unknown,0.00,Unknown,false,1,9.90,9.90,true,1,
7290013430250,false,"בירה אלכסנדר חיטה ישראלית 330 מ""ל",יקבי כרמל,IL,בירה אלכסנדר חיטה יש,מיליליטרים,330.00,"100 מ""ל",false,1,13.90,4.21,true,1,
7290013433046,false,חטיף בוטנים במילוי תפוח פרימיום 30 גרם,,IL,חטיף בוטנים במילוי ת,גרמים,30.00,100 גרם,false,1,5.90,19.67,true,1,
7290013433060,false,חטיף בוטנים במילוי שקדים פרימיום 30 גרם,,IL,חטיף בוטנים במילוי ש,גרמים,30.00,100 גרם,false,1,5.90,19.67,true,1,
7290013433176,false,ממרח קרם אגוזים שוקולד מריר 250 גרם,,IL,ממרח קרם אגוזים שוקו,גרמים,250.00,100 גרם,false,1,46.90,18.76,true,1,
7290013433343,false,גרנולה 70% דגנים ללא חיטה 300 גרם,,IL,גרנולה 70% דגנים ללא,גרמים,300.00,100 גרם,false,1,17.90,5.97,true,1,
7290013433367,false,"קרם קוקוס 20-22% אורגני 330 מ""ל",,VN,קרם קוקוס 20-22% אור,מיליליטרים,330.00,"100 מ""ל",false,1,12.90,3.91,true,1,
7290013433381,false,"שוקו על קרם קוקוס שקוף שזה טבעי 330 מ""ל",,,שוקו על קרם קוקוס שק,מיליליטרים,330.00,"100 מ""ל",false,1,12.90,3.91,true,1,
7290013442062,false,יוגורט עדין קטיפתי 6,מוטק'ה החולב,,יוגורט 600 גר,גרמים,600.00,100 גרם,false,1,19.90,3.32,true,1,
7290013442246,false,לבנה 9% מוטקה החולב,מוטק'ה החולב,IL,לבנה 250 גר,גרמים,250.00,100 גרם,false,1,17.90,7.16,true,1,
7290013442277,false,גבינה בסגנון פטה יוו,מוטק'ה החולב,IL,גבינת פטה 250 גר,גרמים,250.00,100 גרם,false,1,32.90,13.16,true,1,
7290013442284,false,גבינת ברי כבשים 140ג,מוטק'ה החולב,IL,גבינת ברי 140 גר,גרמים,140.00,100 גרם,false,1,26.90,19.21,true,1,
7290013442291,false,גבינת קממבר כבשים 14,מוטק'ה החולב,IL,קממבר רגיל 140 גר,גרמים,140.00,100 גרם,false,1,26.90,19.21,true,1,
7290013442307,false,גבינת קממבר פקאן כבש,מוטק'ה החולב,IL,קממבר פקאן 140 גר,גרמים,140.00,100 גרם,false,1,26.90,19.21,true,1,
7290013442314,false,גבינת סנט מור כבשים,מוטק'ה החולב,IL,גבינת סנט מור 150 גר,גרמים,150.00,100 גרם,false,1,29.90,19.93,true,1,
7290013453068,false,עוגיות כוסמין ופירות יער ללא ת.ס 240 גר,האי נאם סי או אל.טי.,IL,עוגיות כוסמין ופירות,גרמים,240.00,100 גרם,false,1,27.50,11.46,true,1,
7290013453075,false,עוגיות שיבולת שועל טחינה מלאה ודבש 270 ג,דני וגלית בעמ,IL,עוגיות שיבולת שועל ט,גרמים,270.00,100 גרם,false,1,25.90,9.59,true,1,
7290013453112,false,ריבועי כוסמין ללא ת.סוכר 250 גר,,,ריבועי כוסמין,גרמים,250.00,100 גרם,false,1,27.50,11.00,true,1,
7290013453136,false,עוגיות כוסמין שטרודל תפוחים ללא תוספת סוכר טבעוני,דני וגלית,,עוגיות כוסמין בניחוח,גרמים,230.00,100 גרם,false,1,27.50,11.96,true,1,
7290013453143,false,עוגיות טחינה ואגוזי לוז ללא ת.סוכר 270 ג,האי נאם סי או אל.טי.,IL,עוגיות טחינה ואגוזי,גרמים,270.00,100 גרם,false,1,25.90,9.59,true,1,
7290013453150,false,עוגיות קוקוס ואגוזי,האי נאם סי או אל.טי.,IL,עוגיות כוסמין קוקוס,גרמים,230.00,100 גרם,false,1,25.90,11.26,true,1,
7290013453235,false,עוגיות טחינה וכוסמין,דני וגלית בעמ,IL,עוגיות טחינה וכוסמין,גרמים,230.00,100 גרם,false,1,25.90,11.26,true,1,
7290013453242,false,עוגיות אניס מרוקאיות,,,עוגיות אניס מרוקאיות,גרמים,230.00,100 גרם,false,1,19.90,8.65,true,1,
7290013453396,false,עוגיות חלבון חלווה 180 גרם,דני וגלית בעמ,IL,עוגיות חלבון חלווה 1,גרמים,180.00,100 גרם,false,1,23.90,13.28,true,1,
7290013453419,false,עוגיות חלבון שוקולד 180 גרם,דני וגלית בעמ,IL,עוגיות חלבון שוקולד,גרמים,180.00,100 גרם,false,1,23.90,13.28,true,1,
7290013453587,false,עוגיות גרנולה ושוקולדציפס טבעוני 230 גר,,,עוגיות גרנולה ושוקול,גרמים,230.00,100 גרם,false,1,25.90,11.26,true,1,
7290013453617,false,ביסקוטי שקדים וקוקוס 200 גרם,האי נאם סי או אל.טי.,IL,ביסקוטי שקדים וקוקוס,גרמים,200.00,100 גרם,false,1,29.50,14.75,true,1,
7290013453648,false,עוגיות פירות יער מקמח שקדים וקמח אורז מלא,דני וגלית,,עוגיות פירות יער,גרמים,230.00,100 גרם,false,1,29.50,12.83,true,1,
7290013453679,false,עוגיות אוכמניות ותפוז מקמח שקדים 230 גרם,,,עוגיות אוכמניות ותפו,גרמים,230.00,100 גרם,false,1,29.50,12.83,true,1,
7290013464248,false,"סופהרב - מגנזיום ציטראט+ויטמין B6 בד""ץ 60 טבליות",סופהרב,,מגנזיום ציטראט+ B6 ב,Unknown,0.00,Unknown,false,1,49.90,49.90,true,1,
7290013464309,false,טיפות ויטמין D לפעוטות וילדים,סופהרב,,ויטמין די 400 טיפות,Unknown,0.00,Unknown,false,1,26.90,26.90,true,1,
7290013465061,false,ויטמין B12 2000 120,,,ויטמין B12 2000 120,Unknown,0.00,Unknown,false,1,62.90,62.90,true,1,
7290013465481,false,אנזימי עיכול 60 כמוסות,סופהרב,,אנזימי עיכול 60 כמוס,Unknown,0.00,Unknown,false,1,74.90,74.90,true,1,
7290013472199,false,ערמונים קלופים וקלויים 105 גרם,בייג'גג פוינונג,CN,ערמונים קלופים וקלוי,גרמים,105.00,100 גרם,false,1,7.20,6.86,true,1,
7290013472892,false,בולגריה קוביות במי מלח - מרכיבי חלב ושומן צמחי,"קוליוס אס.איי, גריק",GR,בולגריה בקוביות 200,גרמים,200.00,100 גרם,false,1,11.40,5.70,true,1,
7290013521101,false,פטוציני כוסמין תרד 350 גר,השדה מוצרים אורגניים,HU,פטוציני כוסמין תרד 3,גרמים,350.00,100 גרם,false,1,21.90,6.26,true,1,
7290013521187,false,"ספגטי עדשים אדומות לל""ג אורגני 250 גרם",השדה מוצרים טבעיים ו,IT,ספגטי עדשים אדומות ל,גרמים,250.00,100 גרם,false,1,13.90,5.56,true,1,
7290013521194,false,"טורטיליוני כוסמת לל""ג אורגני 250 גרם",השדה מוצרים טבעיים ו,IT,"טורטיליוני כוסמת לל""",גרמים,250.00,100 גרם,false,1,13.90,5.56,true,1,
7290013521200,false,"פוזילי אפונה ירוקה לל""ג אורגני 250 גרם",השדה מוצרים טבעיים ו,IT,פוזילי אפונה ירוקה ל,גרמים,250.00,100 גרם,false,1,13.90,5.56,true,1,
7290013521231,false,פסטה כוסמין אורגנית עם תרד ועגבניות,השדה מוצרים אורגניים,HU,פסטה כוסמין טריקולור,גרמים,500.00,100 גרם,false,1,21.90,4.38,true,1,
7290013521309,false,מיונז אורגני השדה 33,השדה מוצרים טבעיים ו,NL,מיונז אורגני 330 גר,גרמים,330.00,100 גרם,false,1,22.90,6.94,true,1,
7290013521316,false,ממרח אורגני בטעם מיונז ללא ביצים 230 גר,השדה מוצרים אורגניים,NL,ממרח אורגני בטעם מיו,גרמים,230.00,100 גרם,false,1,18.90,8.22,true,1,
7290013521347,false,חרדל דיזון אורגני 200 גר,השדה מוצרים אורגניים,,חרדל דיזון אורגני 20,גרמים,200.00,100 גרם,false,1,15.90,7.95,true,1,
7290013521392,false,רסק תפוחים אורגני 360 גר,מחנדל,NL,רסק תפוחים אורגני 36,גרמים,360.00,100 גרם,false,1,14.90,4.14,true,1,
7290013521491,false,קטשופ אורגני 567 גרם,שוורצקוף& הנקל דיסלד,US,קטשופ אורגני 567 גר,גרמים,567.00,100 גרם,false,1,19.80,3.49,true,1,
7290013521545,false,עוגיות חצי ירח אורגניות 180 גר,,,עוגיות חצי ירח אורגנ,גרמים,180.00,100 גרם,false,1,14.90,8.28,true,1,
7290013521569,false,רסק תפוח בננה אורגני 360 גר,השדה מוצרים טבעיים ו,,רסק תפוח בננה אורגני,גרמים,360.00,100 גרם,false,1,14.90,4.14,true,1,
7290013521576,false,כרוב כבוש אורגני 680 גר,,,כרוב כבוש אורגני 680,גרמים,680.00,100 גרם,false,1,21.50,3.16,true,1,
7290013521590,false,תירס מתוק אורגני 350 גר,דולפין ספא,NL,תירס מתוק אורגני 350,גרמים,350.00,100 גרם,false,1,16.90,4.83,true,1,
7290013521613,false,שעועית לבנה אורגנית ברוטב עגבניות 350 גר,דולפין ספא,NL,שעועית לבנה אורגנית,גרמים,350.00,100 גרם,false,1,18.90,5.40,true,1,
7290013521828,false,פסטה כוסמין ספירולינה פטוציני 300 גרם,,,פסטה כוסמין ספירולינ,גרמים,300.00,100 גרם,false,1,21.90,7.30,true,1,
7290013521842,false,ציפס תפוח אדמה אפוי 65 גרם,"סיבי, נובי פריס",SK,ציפס תפוח אדמה אפוי,גרמים,65.00,100 גרם,false,1,11.90,18.31,true,1,
7290013531117,false,רוטב פסטה לילדים 240 גרם יכין,"זנלכל בע""מ",IL,רוטב לפסטה קידס 260,מיליליטרים,260.00,"100 מ""ל",false,1,6.50,2.50,true,1,
7290013531377,false,תורמוס A2 יכין בית יוסף,היינץ צפון אמריקה מק,IL,תורמוס יכין 560 גרם,גרמים,560.00,100 גרם,false,1,9.90,1.77,true,1,
7290013531490,false,פול מתובל יכין 560 גרם,זנלכל,IL,פול מתובל יכין 560 ג,גרמים,560.00,100 גרם,false,1,9.90,1.77,true,1,
7290013531759,false,שעועית אפויה במים 550 ג' יכין,"זנלכל בע""מ",IL,שעועית לבנה במים 550,גרמים,550.00,100 גרם,false,1,9.90,1.80,true,1,
7290013542144,false,כוסות קרטון 4OZ אר50 יח',,CN,כוס נייר 4OZ לאספרס,Unknown,1.00,Unknown,false,1,6.50,6.50,true,1,
7290013542533,false,כוס נייר גדולה לשתיה,,CN,כוס נייר גדולה לשתיה,Unknown,1.00,Unknown,false,1,23.90,23.90,true,1,
7290013542540,false,תבניות אלומיניום 799 א'ר 5 דנטס,,CN,תבניות אלומיניום 799,Unknown,1.00,Unknown,false,1,10.00,10.00,true,1,
7290013542557,false,תבניות אלומיניום 702,,CN,תבניות אלומיניום 702,Unknown,1.00,Unknown,false,1,10.00,10.00,true,1,
7290013542564,false,תבניות אלומיניום 729,,CN,תבניות אלומיניום 729,Unknown,1.00,Unknown,false,1,9.50,9.50,true,1,
7290013542588,false,תבניות אלומיניום 731,,CN,תבניות אלומיניום 731,Unknown,1.00,Unknown,false,1,10.00,10.00,true,1,
7290013556035,false,ביאנג פיאן לילדים,,,ביאנג פיאן לילדים,Unknown,0.00,Unknown,false,1,89.90,89.90,true,1,
7290013556202,false,פורמולה סינית בתרסיס,,,פורמולה סינית בתרסיס,Unknown,0.00,Unknown,false,1,74.90,74.90,true,1,
7290013571229,false,קיו 10 אופטימום 100,,,קיו 10 אופטימום 100,Unknown,0.00,Unknown,false,1,319.90,319.90,true,1,
7290013571557,false,ממו אקטיב בד`ץ,,,ממו אקטיב בד`ץ,Unknown,0.00,Unknown,false,1,179.90,179.90,true,1,
7290013585233,false,"ספרייט זירו פחית סליק 330 מ""ל",גוד פוד פרודקטס S.p,IL,ספרייט ZERO פחית סלי,מיליליטרים,330.00,"100 מ""ל",false,1,5.40,1.64,true,1,
7290013621047,false,"מגה 50 מ""ל B-12 גרמזה טיפות",,,"מגה 50 מ""ל B-12 גרמז",מיליליטרים,50.00,"100 מ""ל",false,1,94.90,189.80,true,1,
7290013645050,false,פירורי לחם שרהלה 300 גרם,מוצרי הכט,IL,פירורי לחם שרהלה 300,גרמים,300.00,100 גרם,false,1,24.50,8.17,true,1,
7290013645104,false,פיתותללא גלוטן 500 גרם,מוצרי הכט,IL,פיתותללא גלוטן 500 ג,גרמים,500.00,100 גרם,false,1,18.90,3.78,true,1,
7290013645272,false,עוגיות נשיקות ללא גל,מוצרי הכט,IL,עוגיות נשיקות ללא גל,גרמים,75.00,100 גרם,false,1,20.50,27.33,true,1,
7290013650153,false,"תמצית וניל טהורה 50 מ""ל",Global Gourmet Produ,US,תמצית וניל טהורה 50,מיליליטרים,1.00,"100 מ""ל",false,1,62.90,6290.00,true,1,
7290013650542,false,פתיתי סויה 75%חלבון 300 גרם,סולבר חצור,,פתיתי סויה 75%חלבון,גרמים,300.00,100 גרם,false,1,12.40,4.13,true,1,
7290013650559,false,גולש סויה 75%חלבון 300 גר,"העידן האורגני בע""מ",,גולש סויה 75%חלבון 3,גרמים,300.00,100 גרם,false,1,10.30,3.43,true,1,
7290013671240,false,דאודורנט טבעי לאישה,,,דאודורנט טבעי לאישה,Unknown,0.00,Unknown,false,1,26.90,26.90,true,1,
7290013713025,false,"בירה ג'מס פילס בקבוק 330 מ""ל","אביר הבר בע""מ",IL,"בירה פילס 330 מ""ל ג",מיליליטרים,330.00,"100 מ""ל",false,1,12.90,3.91,true,1,
7290013713032,false,"בירה ג'מס חיטה בקבוק 330 מ""ל","אביר הבר בע""מ",IL,בירה בירה גמס חיטה,מיליליטרים,330.00,"100 מ""ל",false,1,12.90,3.91,true,1,
7290013724939,false,חמוציות בשוקולד מריר 140 גר שקדיה,"דין שיווק וקלייה בע""",IL,חמוציות בשוקולד מריר,גרמים,140.00,100 גרם,false,1,13.50,9.64,true,1,
7290013724946,false,שקדים בשוקולד מריר 140 גר שקדיה,"דין שיווק וקלייה בע""",IL,שקדים בשוקולד מריר 1,גרמים,140.00,100 גרם,false,1,13.50,9.64,true,1,
7290013724960,false,שקדים בשוקולד חלב 140 גר שקדיה,"דין שיווק וקלייה בע""",IL,שקדים בשוקולד חלב 14,גרמים,140.00,100 גרם,false,1,13.50,9.64,true,1,
7290013746306,false,"כעכים מקמח מלא ללת""ס 300 גרם",,,"כעכים מקמח מלא ללת""ס",גרמים,300.00,100 גרם,false,1,31.50,10.50,true,1,
7290013746368,false,עוגיות כוסמין ושקדים,"דגן מיני מזונות בע""מ",IL,עוגיות כוסמין שקדים,גרמים,300.00,100 גרם,false,1,31.50,10.50,true,1,
7290013746504,false,מקלוני כוסמין עשבי תיבול 200 גרם,"דגן מיני מזונות בע""מ",IL,מקלוני כוסמין עשבי ת,גרמים,200.00,100 גרם,false,1,22.90,11.45,true,1,
7290013746542,false,רולדת כוסמין בממרח אגוזי לוז ל.סוכר 300,מפעלי דגן,,רולדת כוסמין בממרח א,גרמים,300.00,100 גרם,false,1,32.90,10.97,true,1,
7290013746580,false,שבלולי תמרים מקמח מל,,,שבלולי תמרים מקמח מל,גרמים,300.00,100 גרם,false,1,33.90,11.30,true,1,
7290013746597,false,מעמול תמרים מכוסמין,,,300 עוגיות מעמול תמר,גרמים,300.00,100 גרם,false,1,33.90,11.30,true,1,
7290013746627,false,רולדת תמרים ללא סוכר,מפעלי דגן,,רולדת תמרים 300 גרם,גרמים,300.00,100 גרם,false,1,32.90,10.97,true,1,
7290013746672,false,עוגיות כוסמין ואגוזי,דגן מיני מזונות,IL,כוסמין אגוזים וקוקוס,גרמים,250.00,100 גרם,false,1,31.50,12.60,true,1,
7290013746689,false,שיבולית שועל ואוכמני,פרוטרופיק סיה.,IL,שיבולית שועל ואוכמני,גרמים,250.00,100 גרם,false,1,31.50,12.60,true,1,
7290013746719,false,קרקר שיפון מקמח מלא,,,קרקר שיפון מקמח מלא,גרמים,200.00,100 גרם,false,1,26.90,13.45,true,1,
7290013746726,false,קרקר שיבולית שועל 20,,,קרקר שיבולית שועל 20,גרמים,200.00,100 גרם,false,1,26.90,13.45,true,1,
7290013746733,false,קרקר כוסמין עם חמניו,,,קרקר כוסמין עם חמניה,גרמים,200.00,100 גרם,false,1,26.90,13.45,true,1,
7290013746788,false,מקלוני כוסמין עם עגבניה ואורגנו 200 גרם,פרוטרופיק סיה.,IL,מקלוני כוסמין עם עגב,גרמים,200.00,100 גרם,false,1,22.90,11.45,true,1,
7290013746795,false,מקלוני כוסמין עם קצח וציה 200 גרם,פרוטרופיק סיה.,IL,מקלוני כוסמין עם קצח,גרמים,200.00,100 גרם,false,1,22.90,11.45,true,1,
7290013746986,false,קרקר כוסמין עם חמניות וכורכום 200 גרם,,,קרקר כוסמין עם חמניו,גרמים,200.00,100 גרם,false,1,26.90,13.45,true,1,
7290013750839,false,לוח חיתוך אנטי 25*15,,,לוח חיתוך אנטי 25*15,Unknown,0.00,Unknown,false,1,31.50,31.50,true,1,
7290013756190,false,D מאנוז 500 מג (60) כשר אלטמן,,,D מאנוז 500 מג (60),Unknown,0.00,Unknown,false,1,134.90,134.90,true,1,
7290013756541,false,אלטמן - אסטר C כמוסות 60 יח',אלטמן,,אסטר Cׁ500 מג (60) ב,Unknown,0.00,Unknown,false,1,59.90,59.90,true,1,
7290013756916,false,ויטמין D-1000 טבליות,אלטמן,,ויטמין D - 1000,Unknown,0.00,Unknown,false,1,35.90,35.90,true,1,
7290013764102,false,סיידר תפוחים מתובל 330 מל,,BE,סיידר תפוחים מתובל 3,מיליליטרים,330.00,"100 מ""ל",false,1,13.90,4.21,true,1,
7290013771216,false,שומרון גבינת פטה יוו,מיוצר עי קונדיטוריית,IL,פטאקי 16% 250 גר,גרמים,250.00,100 גרם,false,1,14.90,5.96,true,1,
7290013787392,false,רביולי גבינות קלאסי 330 גרם ריקו בית יוסף,יוניליוור גרמניה Gm,IL,רביולי גבינות 330 גר,גרמים,330.00,100 גרם,false,1,25.90,7.85,true,1,
7290013800923,false,מנגט קקאו אקולוגי מס 4 60 יח,,IT,מנגט קקאו אקולוגי מס,Unknown,0.00,Unknown,false,1,8.50,8.50,true,1,
7290013816894,false,שוקולד מריר אורגני קמינו ורדה הולי 100 ג,"הולי קקאו שוקולד בע""",IL,שוקולד מריר אורגני ק,גרמים,100.00,100 גרם,false,1,20.90,20.90,true,1,
7290013816917,false,שוקולד מריר אורגני קמינו ורדה הולי 100%,"הולי קקאו שוקולד בע""",IL,שוקולד מריר אורגני ק,גרמים,100.00,100 גרם,false,1,20.90,20.90,true,1,
7290013847119,false,סטארקיסט טונה בשמן קנולה 4*160 גר,,VN,טונה סטארקיסט בשמן ק,גרמים,640.00,100 גרם,false,1,24.90,3.89,true,1,
7290013847409,false,נתחי טונה לייט במים ושמן קנולה עם לימון ופלפל חריף 4%,סטארקיסט Starkist,IL,ס.ק לייט טונה 4% שומ,גרמים,140.00,100 גרם,false,1,8.50,6.07,true,1,
7290013847454,false,טונה סטארקיסט שמן קנולה רביעיות 4*160 גר,"סטארקיסט פודור בע""מ",IL,טונה סטארקיסט שמן קנ,גרמים,640.00,100 גרם,false,1,24.90,3.89,true,1,
7290013847812,false,נתחי טונה בהירה בשמן זית כתית מעולה Yellowfin,סטארקיסט Starkist,IL,טונה ילופין בשמן זית,גרמים,140.00,100 גרם,false,1,11.00,7.86,true,1,
7290013847867,false,מארז זוג טונה בשמן סויה 140 ג' סטארקיסט,טונה ויטנאם קו. אל.ט,IL,טונה סטארקיסט בשמן ס,גרמים,280.00,100 גרם,false,1,13.50,4.82,true,1,
7290013848611,false,רדיד אלומיניום עבה וחזק 61 מטר,סנו סושי,IL,סנו סושי רדיד אלומינ,מטרים,61.00,מטר,false,1,44.50,0.73,true,1,
7290013861054,false,צימוקים בשוקולד חלב 140 גר שקדיה,"דין שיווק וקלייה בע""",IL,צימוקים בשוקולד חלב,גרמים,140.00,100 גרם,false,1,13.50,9.64,true,1,
7290013861443,false,המתוקים של ששון בוטנים 250 גרם,קריניציה ויטמינה אס,IL,המתוקים של ששון בוטנ,גרמים,250.00,100 גרם,false,1,12.60,5.04,true,1,
7290013861566,false,אורז לסושי 1 ק''ג,,TH,"אורז לסושי 1 ק""ג",גרמים,1000.00,100 גרם,false,1,11.90,1.19,true,1,
7290013903044,false,רסק תפוחי עץ אורגני 452 גרם,,,רסק תפוחי עץ אורגני,גרמים,452.00,100 גרם,false,1,16.90,3.74,true,1,
7290013903150,false,קוביות מנגו אורגני ליב 300 גרם,,RS,קוביות מנגו אורגני ל,גרמים,300.00,100 גרם,false,1,24.90,8.30,true,1,
7290013903167,false,תערובת פירות אקזוטיים אורגניים ליב 300 ג,,RS,תערובת פירות אקזוטיי,גרמים,300.00,100 גרם,false,1,24.90,8.30,true,1,
7290013903266,false,תערובת פירות יער אורגני מוקפא 300 גר,פריגו,RS,תערובת פירות יער אור,גרמים,300.00,100 גרם,false,1,24.90,8.30,true,1,
7290013903273,false,אדממה אורגני קפוא 400 גר,זהג'יאנג קינגסור פוד,CN,אדממה אורגני קפוא 40,גרמים,400.00,100 גרם,false,1,12.50,3.13,true,1,
7290013903310,false,טופו אורגני 2 יח 500 גר,,IL,טופו אורגני 2 יח 500,גרמים,500.00,100 גרם,false,1,18.90,3.78,true,1,
7290013903327,false,טופו טבעי 2 יח 500 גר,אין תעשיות,IL,טופו טבעי 2 יח 500 ג,גרמים,500.00,100 גרם,false,1,16.90,3.38,true,1,
7290013903389,false,שעועית ירוקה קפואה אורגני 500 גרם,ליב אורגני,CN,שעועית ירוקה קפואה א,גרמים,500.00,100 גרם,false,1,14.90,2.98,true,1,
7290013903396,false,גרעיני תירס מתוקים קפואים אורגני 500 גרם,קינגסור,CN,גרעיני תירס מתוקים ק,גרמים,500.00,100 גרם,false,1,14.90,2.98,true,1,
7290013903464,false,פולי סויה קלופים מוקפאים אורגני 500 גרם,זהג'יאנג קינגסור,CN,פולי סויה קלופים מוק,גרמים,500.00,100 גרם,false,1,15.60,3.12,true,1,
7290013903594,false,רסק תפוחים טבעי 670 גרם ליב,טעמי הגליל בעמ,IL,רסק תפוחים טבעי 670,גרמים,670.00,100 גרם,false,1,12.50,1.87,true,1,
7290013903655,false,ממרח תמרים טבעי ליב 440 גרם,,IL,ממרח תמרים טבעי ליב,גרמים,440.00,100 גרם,false,1,17.90,4.07,true,1,
7290013903808,false,קציצות קינואה עם חמוציות טבעוני 400 גרם,,IL,קציצות קינואה עם חמו,גרמים,400.00,100 גרם,false,1,26.50,6.63,true,1,
7290013903815,false,קציצות בטטה טבעוני 400 גרם,,IL,קציצות בטטה טבעוני 4,גרמים,400.00,100 גרם,false,1,26.50,6.63,true,1,
7290013903822,false,קציצות כרובית וברוקולי טבעוני 400 גרם,,IL,קציצות כרובית וברוקו,גרמים,400.00,100 גרם,false,1,26.50,6.63,true,1,
7290013903839,false,קציצות עדשים וירקות טבעוני 400 גרם,,IL,קציצות עדשים וירקות,גרמים,400.00,100 גרם,false,1,26.50,6.63,true,1,
7290013903846,false,קציצות סלק טבעוני 400 גרם,,IL,קציצות סלק טבעוני 40,גרמים,400.00,100 גרם,false,1,26.50,6.63,true,1,
7290013903983,false,דומדמניות שחורות אורגני ליב 300 גרם,,RS,דומדמניות שחורות אור,גרמים,300.00,100 גרם,false,1,24.90,8.30,true,1,
7290013906052,false,נקניקיות פרגיות טירת צבי 300 גר',הנסיך- מפעל לייצור ט,IL,נקניקיות פרגיות,גרמים,300.00,100 גרם,false,1,12.90,4.30,true,1,
7290013906519,false,פרושוטו בקר דליקטיב 100 גרם,הנסיך- מפעל לייצור ט,IL,פרושוטו בקר טירת צבי,גרמים,100.00,100 גרם,false,1,34.50,34.50,true,1,
7290013913852,false,נוזל כלים ידידותי לסביבה 1 ליטר - לימון,,,נוזל כלים ידידותי לס,מיליליטרים,1000.00,"100 מ""ל",false,1,15.90,1.59,true,1,
7290013913890,false,נוזל רב תכליתי ידידותי סביבה 1 ליטר תפוז,,,נוזל רב תכליתי ידידו,מיליליטרים,1000.00,"100 מ""ל",false,1,19.90,1.99,true,1,
7290013913906,false,נוזל כלים ידידותי לסביבה 1 ליטר - תפוז,,,נוזל כלים ידידותי לס,מיליליטרים,1000.00,"100 מ""ל",false,1,15.90,1.59,true,1,
7290013913975,false,סבון רחצה צמחי לילדי,,,סבון רחצה צמחי לילדי,Unknown,0.00,Unknown,false,1,28.90,28.90,true,1,
7290013913999,false,סבון ידיים ריח הדרים,,,סבון ידיים ריח הדרים,Unknown,0.00,Unknown,false,1,19.90,19.90,true,1,
7290013994004,false,אורז ארוך לבן אורגני 500 גר,הרדוף,,אורז ארוך לבן אורגני,גרמים,500.00,100 גרם,false,1,10.90,2.18,true,1,
7290013994028,false,אורז חום מלא עגול אורגני 500 גר הרדוף,אול אורגני,IL,אורז חום מלא עגול א,גרמים,500.00,100 גרם,false,1,10.90,2.18,true,1,
7290013994042,false,זרעי פשתן אורגני 300 גר,אול אורגני,IL,זרעי פשתן אורגני 300,גרמים,300.00,100 גרם,false,1,9.90,3.30,true,1,
7290013994066,false,ספלטפלקס אורגני פתיתי כוסמין 375 גר,הרדוף,,ספלטפלקס אורגני פתית,גרמים,375.00,100 גרם,false,1,24.50,6.53,true,1,
7290013994073,false,פוזילי אורגני 400 גר מקמח כוסמין מלא,הרדוף,,פוזילי אורגני 400 גר,גרמים,400.00,100 גרם,false,1,19.90,4.98,true,1,
7290013994219,false,עדשים חומות אורגניות 500 גר הרדוף,הרדוף,,עדשים חומות אורגניות,גרמים,500.00,100 גרם,false,1,11.90,2.38,true,1,
7290013994318,false,קינואה מעורבת - טריקולור אורגנית,אול אורגני,IL,קינואה טריקולור אורג,גרמים,500.00,100 גרם,false,1,19.90,3.98,true,1,
7290013994370,false,שימורי אפונה אורגני 340 גרם,,,שימורי אפונה אורגני,גרמים,340.00,100 גרם,false,1,12.90,3.79,true,1,
7290013994417,false,הרדוף גרעיני שיבולת שועל אורגני 500 גרם,הרדוף,,הרדוף גרעיני שיבולת,גרמים,500.00,100 גרם,false,1,9.90,1.98,true,1,
7290013994424,false,הרדוף גרעיני כוסמין אורגני 500 גרם,הרדוף,,הרדוף גרעיני כוסמין,גרמים,500.00,100 גרם,false,1,12.90,2.58,true,1,
7290013994448,false,הרדוף אמרנט אורגני 500 גרם,הרדוף,,הרדוף אמרנט אורגני,גרמים,500.00,100 גרם,false,1,18.90,3.78,true,1,
7290013994547,false,אורז בסמטי חום אורגני 500 גר,הרדוף,,אורז בסמטי חום,גרמים,500.00,100 גרם,false,1,12.90,2.58,true,1,
7290013994585,false,גרעיני דלעת קלופים אורגנים 300 גר הרדוף,אול אורגני,IL,גרעיני דלעת קלופים א,גרמים,300.00,100 גרם,false,1,18.90,6.30,true,1,
7290013994653,false,קינואה אורגני 500 גר הרדוף,אול אורגני,IL,קינואה אורגני 500 גר,גרמים,500.00,100 גרם,false,1,16.90,3.38,true,1,
7290013994677,false,עדשים שחורות אורגניות 500 גר,אול אורגני,IL,עדשים שחורות אורגניו,גרמים,500.00,100 גרם,false,1,15.90,3.18,true,1,
7290013994684,false,אפונה ירוקה חצויה אורגנית 500 גר,אול אורגני,IL,אפונה ירוקה חצויה או,גרמים,500.00,100 גרם,false,1,11.90,2.38,true,1,
7290013994707,false,פופקורן אורגני 500 גר,הרדוף,,פופקורן אורגני 500 ג,גרמים,500.00,100 גרם,false,1,11.90,2.38,true,1,
7290013994769,false,בייגלה עם שומשום מקמח מלא אורגני 200 גרם,הרדוף,,בייגלה עם שומשום מקמ,גרמים,200.00,100 גרם,false,1,12.90,6.45,true,1,
7290013994776,false,גרגירי תירס קפואים א,,,גרגירי תירס קפואים א,גרמים,800.00,100 גרם,false,1,23.90,2.99,true,1,
7290013994806,false,אפונה עדינה קפואה או,,,אפונה עדינה קפואה או,גרמים,600.00,100 גרם,false,1,23.90,3.98,true,1,
7290013994813,false,הרדוף שעועית שחורה אורגנית 500 גרם,הרדוף,,הרדוף שעועית שחורה א,גרמים,500.00,100 גרם,false,1,13.90,2.78,true,1,
7290013994820,false,הרדוף שומשום שחור אורגני 300 גרם,הרדוף,,הרדוף שומשום שחור או,גרמים,300.00,100 גרם,false,1,15.90,5.30,true,1,
7290014002203,false,תה ויסוצקי חליטת לימונית ולואיזה 20יח',תה ויסוצקי,IL,חליטת קמומיל ולואיזה,Unknown,0.00,Unknown,false,1,18.90,18.90,true,1,
7290014059085,false,"משחת שיניים סנסודיין 75 מ""ל פרימיום לשיקום והגנה","סמית קליין ביצ'ם בע""",GB,משחת שיניים סנסודיין,Unknown,0.00,Unknown,false,1,28.50,28.50,true,1,
7290014065024,false,מגנוקס 365,,,מגנוקס 365,Unknown,0.00,Unknown,false,1,69.90,69.90,true,1,
7290014066366,false,לנדוור-קפסולות אספרסו ריסטרטו(08) - 10יח'12X יח,קפה לנדוור,IL,לנדוור קפסולות אספרס,Unknown,0.00,Unknown,false,1,17.70,17.70,true,1,
7290014066441,false,לנדוור-קפסולות אספרסו נטול קפאין(07) - 10יח'12X יח,קפה לנדוור,IL,לנדוור קפסולות אספרס,Unknown,0.00,Unknown,false,1,17.70,17.70,true,1,
7290014079014,false,לבבות קיסר ארוז נספק,"מרינה פטריות הגליל בע""מ",IL,לבבות קיסר,Unknown,0.00,Unknown,false,1,11.90,11.90,true,1,
7290014083479,false,גבינת גאודה פרוסות 150 גרם 29% שומן,ג.וילי פוד אינטרנשיו,IL,גבינה גאודה 27% 150,גרמים,150.00,100 גרם,false,1,9.90,6.60,true,1,
7290014094338,false,דלעת מקולפת 250 קופסא,"דין שיווק וקלייה בע""",,דלעת מקולפת 250 גר,גרמים,250.00,100 גרם,false,1,22.90,9.16,true,1,
7290014094567,false,שמן זית כתית מעולה 750 מל אהרוני,"דין שיווק וקלייה בע""",ES,שמן זית כתית מעולה 7,מיליליטרים,750.00,"100 מ""ל",false,1,29.90,3.99,true,1,
7290014094611,false,שקד מולבן פרוס 200 גר,"דין שיווק וקלייה בע""",IL,שקד מולבן פרוס 200 ג,גרמים,200.00,100 גרם,false,1,28.50,14.25,true,1,
7290014094840,false,צימוק כהה 300 גרם ששון הקולה,"דין שיווק וקלייה בע""",US,צימוק כהה 300 גרם שש,גרמים,300.00,100 גרם,false,1,11.90,3.97,true,1,
7290014095946,false,משוקלדים פקאן בשוקולד מריר 140 גרם,"שקדיה גבע תעשיות בע""",IL,משוקלדים פקאן מריר 1,גרמים,140.00,100 גרם,false,1,13.50,9.64,true,1,
7290014218932,false,חטיפי פיצה בתוספת זיתים 710 ג' מעדנות,מיוצר עי קונדיטוריית,IL,חטיפי פיצה זיתים,גרמים,710.00,100 גרם,false,1,33.90,4.77,true,1,
7290014233263,false,קרם לילה רימונים,,,קרם לילה רימונים,Unknown,0.00,Unknown,false,1,99.90,99.90,true,1,
7290014256446,false,יין פטיט סירה 2010 CARMEL VINEYARDS 750,,,יין פטיט סירה 2010 C,מיליליטרים,750.00,"100 מ""ל",false,1,89.90,11.99,true,1,
7290014256897,false,יין BUZZ קריאנזה 750 מל שביעית,יקבי כרמל,,יין BUZZ קריאנזה 75,מיליליטרים,750.00,"100 מ""ל",false,1,29.90,3.99,true,1,
7290014256903,false,סלקטד מוסקטו לבן מבעבע 750 מל יאנג,,,סלקטד מוסקטו לבן מבע,מיליליטרים,750.00,"100 מ""ל",false,1,29.90,3.99,true,1,
7290014270169,false,קורדיספס פיור 60 כמוסות,,,קורדיספס פיור 60 כמו,Unknown,0.00,Unknown,false,1,239.90,239.90,true,1,
7290014270213,false,מיקו פרוטקט 50 כמוסות,,,מיקו פרוטקט 50 כמוסו,Unknown,0.00,Unknown,false,1,184.90,184.90,true,1,
7290014318113,false,"ניוקי תפו""א ללא גלוטן 500 גרם",,,ניוקי תפוא ללא גלוטן,גרמים,500.00,100 גרם,false,1,21.50,4.30,true,1,
7290014318243,false,פולנטה איטלקית עדינה בווקום 1 קג,,,פולנטה איטלקית עדינה,קילוגרמים,0.00,"ק""ג",false,1,14.90,14.90,true,1,
7290014318250,false,"פולנטה איטלקית קלאסית 1 ק""ג",,,פולנטה איטלקית קלאסי,גרמים,1000.00,100 גרם,false,1,14.90,1.49,true,1,
7290014318434,false,זיתים איטלקיים מזן צריניולה 540 גר BELL,,,זיתים איטלקיים מזן צ,גרמים,540.00,100 גרם,false,1,23.90,4.43,true,1,
7290014318670,false,רוטב רימונים אורגני,,AZ,"רכז רימונים 250 מ""ל",מיליליטרים,250.00,"100 מ""ל",false,1,27.90,11.16,true,1,
7290014397538,false,"סנופרש הום בניחוח בוקר אביבי 350 מ""ל",סנו מפעלי ברונוס בעמ,IL,סנופרש הום בניחוח בו,מיליליטרים,350.00,"100 מ""ל",false,1,13.90,3.97,true,1,
7290014435704,false,סלמון מעושן 100גר' שמיר,שבעת הימים - שמיר,IL,סלמון מעושן 100 גר,גרמים,100.00,100 גרם,false,1,24.90,24.90,true,1,
7290014435803,false,מטיאס הולנדי (פרובנציאל) עם בצל בשמן 180 גרם,שבעת הימים - שמיר,IL,מטיאס הולנדי עם בצל,גרמים,200.00,100 גרם,false,1,19.80,9.90,true,1,
7290014435810,false,הרינג כבוש ובצל במרינת חמוץ מתוק שמיר 180 ג',שבעת הימים - שמיר,IL,הרינג כבוש עם בצל חמ,גרמים,220.00,100 גרם,false,1,19.80,9.00,true,1,
7290014435827,false,פילה מקרל מעושן בשמן ויטהול 180 גר,"סלטי שמיר 2006 בע""מ",IL,פילה מקרל מעושן בשמן,גרמים,180.00,100 גרם,false,1,26.50,14.72,true,1,
7290014435834,false,מקרל מעושן פרוס בשמן 180 גרם,שבעת הימים - שמיר,IL,מקרל מעושן פרוס בשמן,גרמים,190.00,100 גרם,false,1,26.50,13.95,true,1,
7290014435841,false,פילה מטיאס הולנדי בשמן שמיר 180ג',סלטי שמיר 2006 בעמ,IL,פילה מטיאס הולנדי בש,גרמים,200.00,100 גרם,false,1,19.80,9.90,true,1,
7290014435872,false,סלט הרינג ומיונז שמיר 250ג',שבעת הימים - שמיר,IL,סלט הרינג עם מיונז 2,גרמים,200.00,100 גרם,false,1,19.80,9.90,true,1,
7290014435889,false,סלט מטיאס עם מיונז 180 גרם,שבעת הימים - שמיר,IL,סלט מטיאס עם מיונז 2,גרמים,200.00,100 גרם,false,1,19.80,9.90,true,1,
7290014435896,false,סלט סלומון עם מיונז 180 גר',שבעת הימים - שמיר,IL,סלט סלמון עם מיונז 2,גרמים,200.00,100 גרם,false,1,24.90,12.45,true,1,
7290014440463,false,"יין מדבר שרדונה סדרה 22 750 מ""ל",,IL,יין מדבר שרדונה סדר,מיליליטרים,750.00,"100 מ""ל",false,1,51.90,6.92,true,1,
7290014440470,false,"יין מדבר סוביניון בלאן סדרה 22 750 מ""ל",,IL,יין מדבר סוביניון בל,מיליליטרים,750.00,"100 מ""ל",false,1,51.90,6.92,true,1,
7290014440487,false,"יקב מדבר סדרה 22 סוביניון 750 מ""ל",,IL,יקב מדבר סדרה 22 סוב,מיליליטרים,750.00,"100 מ""ל",false,1,51.90,6.92,true,1,
7290014440548,false,"יקב מדבר סדרה 22 קברנה פרנק 750 מ""ל",,IL,יקב מדבר סדרה 22 קבר,מיליליטרים,750.00,"100 מ""ל",false,1,51.90,6.92,true,1,
7290014440807,false,"יין מדבר קברנה סוביניון סדרה 22 750 מ""ל",,IL,יין מדבר קברנה סובינ,מיליליטרים,750.00,"100 מ""ל",false,1,51.90,6.92,true,1,
7290014440883,false,"יין מדבר קברנה סוביניון 2017 750 מ""ל",,,יין מדבר קברנה סובינ,Unknown,0.00,Unknown,false,1,72.90,72.90,true,1,
7290014440975,false,"יין מדבר סירה 750 מ""ל",,,"יין מדבר סירה 750 מ""",Unknown,0.00,Unknown,false,1,72.90,72.90,true,1,
7290014451230,false,נייר אפייה טבעי 30 דפים GF,גרין פלאש,IL,נייר אפייה טבעי 30 ד,Unknown,0.00,Unknown,false,1,16.90,16.90,true,1,
7290014451247,false,מטליות מבד במבוק 92 דפים GF,גרין-פלאש,IL,מטליות מבד במבוק 92,Unknown,0.00,Unknown,false,1,19.90,19.90,true,1,
7290014455245,false,גבינת גרנה פדנו משולש 29% 200 גרם בית יוסף,מחלבת סוציאלה מנטובה,IT,גרנה פדנו משולש 200,גרמים,200.00,100 גרם,false,1,25.20,12.60,true,1,
7290014455252,false,גבינה קשה מגורדת גרנה פדנו 29% שומן,מחלבות גד,IT,גבינה גרנה פדנו,גרמים,100.00,100 גרם,false,1,11.90,11.90,true,1,
7290014455320,false,גבינה כדורי מוצרלה פרסקה גד 100ג',מחלבות גד בעמ,IL,כדור מוצרלה פרסקה 10,גרמים,100.00,100 גרם,false,1,9.70,9.70,true,1,
7290014465114,false,מגנזיום אוקסיד 520,,,מגנזיום אוקסיד 520,Unknown,0.00,Unknown,false,1,59.90,59.90,true,1,
7290014465534,false,כלורופיל נוזלי 300 מ,,,כלורופיל נוזלי 300 מ,Unknown,0.00,Unknown,false,1,104.90,104.90,true,1,
7290014465572,false,תמצית פסיפלורה 50 מ`,,,תמצית פסיפלורה 50 מ`,Unknown,0.00,Unknown,false,1,49.90,49.90,true,1,
7290014465824,false,קול דאון 30 מ`ל,,,קול דאון 30 מ`ל,Unknown,0.00,Unknown,false,1,79.90,79.90,true,1,
7290014466609,false,יין מרלו גמלא 2020 750 מל,יקבי רמת הגולן,IL,יין מרלו גמלא 2020 7,Unknown,0.00,Unknown,false,1,58.90,58.90,true,1,
7290014471429,false,"מוזלי עם פירות 1 ק""ג - 429 סגול שקדיה","דין שיווק וקלייה בע""",IL,"מיזלי עם פירות 1 ק""ג",גרמים,1000.00,100 גרם,false,1,21.90,2.19,true,1,
7290014471443,false,"גרנולה צימוקים אגוזים ושקדים1 ק""ג חדש - 443 כתום שקדיה (כתום)","דין שיווק וקלייה בע""",IL,גרנולה צימוקים אגוז,גרמים,1000.00,100 גרם,false,1,21.90,2.19,true,1,
7290014472471,false,גרעינים שחור ענק 200גר' פרימיום,"דין שיווק וקלייה בע""",IL,גרעיני חמניה קלויים,גרמים,200.00,100 גרם,false,1,6.90,3.45,true,1,
7290014472488,false,שקד קלוי ענק 250 גרם פרימיום ששון הקולה,"שקדיה גבע תעשיות בע""",IL,שקד קלוי ענק 250 גרם,גרמים,250.00,100 גרם,false,1,23.90,9.56,true,1,
7290014472501,false,פיסטוק קלוי ענק 250 ג פרימיום ששון הקולה,"דין שיווק וקלייה בע""",IL,פיסטוק קלוי ענק 250,גרמים,250.00,100 גרם,false,1,23.90,9.56,true,1,
7290014472990,false,ממרח 100% שקדים שקדיה 300 ג',דין שיווק,IL,ממרח 100% שקדים 300,גרמים,300.00,100 גרם,false,1,36.90,12.30,true,1,
7290014477087,false,פילה אמנון 7-9 קפוא בלדי,,,פילה אמנון 7-9 קפוא,Unknown,0.00,"ק""ג",true,0,34.90,34.90,true,1,
7290014500198,false,מפות מוטבעות לבן 1 יחידות,,,מפות מוטבעות לבן,Unknown,0.00,Unknown,false,1,12.90,12.90,true,1,
7290014503137,false,"יין כנען אדום דלתון 750 מ""ל","איי, בי, אינבוו",IL,יין כנען אדום דלתון,Unknown,0.00,Unknown,false,1,44.90,44.90,true,1,
7290014503144,false,יין כנען לבן דלתון 750 מל,"איי, בי, אינבוו",IL,יין כנען לבן דלתון 7,Unknown,0.00,Unknown,false,1,44.90,44.90,true,1,
7290014525023,false,חטיף בריאות יוגורט במילוי פירות יער 182ג,סלים דליס Slim Delis,ES,חטיף בריאות יוגורט ב,גרמים,182.00,100 גרם,false,1,10.90,5.99,true,1,
7290014525290,false,חטיף מרבה סלים דליס קריספי תות 125 גר,סלים דליס Slim Delis,NL,חטיף מרבה סלים דליס,גרמים,125.00,100 גרם,false,1,10.90,8.72,true,1,
7290014525306,false,חטיף מרבה סלים דליס קריספי אוכמניות 125,סלים דליס Slim Delis,NL,חטיף מרבה סלים דליס,גרמים,125.00,100 גרם,false,1,10.90,8.72,true,1,
7290014525313,false,חטיף מרבה סלים דליס קריספי שוקולד 125 ג,סלים דליס Slim Delis,NL,חטיף מרבה סלים דליס,גרמים,125.00,100 גרם,false,1,10.90,8.72,true,1,
7290014546578,false,כמוסות מלחים - 60 כמ,,,כמוסות מלחים - 60 כמ,Unknown,0.00,Unknown,false,1,59.90,59.90,true,1,
7290014548466,false,פטה עיזים 5% גלילי 200 גרם מחלבת גלילי,חוות רום,,פטה עיזים 5% גלילי 2,גרמים,200.00,100 גרם,false,1,30.90,15.45,true,1,
7290014548497,false,גבינת עיזים מעודנת 5% 200 גרם מחלבת גליל,חוות רום,IL,גבינת עיזים מעודנת 5,גרמים,200.00,100 גרם,false,1,18.90,9.45,true,1,
7290014548565,false,צרקסית עיזים 12% 200 גרם,חוות רום,IL,צרקסית עיזים 12% 200,גרמים,200.00,100 גרם,false,1,24.90,12.45,true,1,
7290014548572,false,צרקסית עשבי תיבול 12% 200 גרם,חוות רום,IL,צרקסית עשבי תיבול 12,גרמים,200.00,100 גרם,false,1,24.90,12.45,true,1,
7290014578708,false,צרקסית עשבי תיבול 12% 200 גר,,,צרקסית עשבי תיבול 12,Unknown,0.00,Unknown,false,1,34.90,34.90,true,1,
7290014587953,false,אשווגנדה אורגנית אבקה גמוקה 250 גרם,,,אשווגנדה אורגנית אבק,גרמים,250.00,100 גרם,false,1,94.90,37.96,true,1,
7290014608047,false,סמבוכל תמצית קיד- מתמצית פרי סמבוק שחור,סמבוכל,,סמבוכול קיד 120 מ`ל,Unknown,0.00,Unknown,false,1,59.90,59.90,true,1,
7290014626249,false,"מארז זוג משחת שיניים לילדים 2*50 מ""ל",סמואלוב,DE,מארז זוג משחת שיניים,מיליליטרים,100.00,"100 מ""ל",false,1,59.90,59.90,true,1,
7290014626546,false,"וולדה תחליב רחצה ושמפו, שלישיה 3 * 200 מ""ל",סמואלוב,DE,מארז תחליב רחצה ושמפ,מיליליטרים,600.00,"100 מ""ל",false,1,109.90,18.32,true,1,
7290014628090,false,"גרנאולה תמר אגוזי מלך ללת""ס 300 גרם",,,גרנאולה תמר אגוזי מל,גרמים,300.00,100 גרם,false,1,35.90,11.97,true,1,
7290014628106,false,"גרנאולה קקאו לוז ותותי עץ ללת""ס 300 גרם",,,גרנאולה קקאו לוז ותו,גרמים,300.00,100 גרם,false,1,35.90,11.97,true,1,
7290014628410,false,קרקר ירקות גינה 150 ג RAW,,IL,קרקר ירקות גינה 150,גרמים,150.00,100 גרם,false,1,29.90,19.93,true,1,
7290014628427,false,קרקר ירוק 150 ג RAW,,IL,קרקר ירוק 150 ג RAW,גרמים,150.00,100 גרם,false,1,29.90,19.93,true,1,
7290014628472,false,RAW קרקר כוסמת וציה 150 גרם,,IL,RAW קרקר כוסמת וציה,גרמים,150.00,100 גרם,false,1,26.90,17.93,true,1,
7290014628571,false,"גרנאולה סופר ברי ללת""ס 300 גרם",,,גרנאולה סופר ברי ללת,גרמים,300.00,100 גרם,false,1,35.90,11.97,true,1,
7290014673021,false,תבליני מימון פלפל שח,א.ל ייצור ושיווק תבל,IL,פלפל שחור שלם 100 גר,גרמים,100.00,100 גרם,false,1,15.50,15.50,true,1,
7290014673410,false,פלפל שחור גרוס דק 250 גרם,א.ל ייצור ושיווק תבל,IL,פלפל שחור גרוס דק 25,גרמים,250.00,100 גרם,false,1,30.90,12.36,true,1,
7290014692336,false,וילי פוד שיני שום במי מלח 340 גר,לינאי קטימה פודסטאפ,CN,שיני שום במי מלח 340,גרמים,340.00,100 גרם,false,1,13.10,3.85,true,1,
7290014692541,false,גבינת מגורדת 500ג' GOLDEN,ג.וילי פוד אינטרנשיו,IL,צהובה מגורדת גולדן 5,גרמים,500.00,100 גרם,false,1,21.90,4.38,true,1,
7290014692749,false,"שמן זית כתית מעולה 750 מ""ל",וילי פוד,ES,שמן זית כתית מעולה 7,מיליליטרים,750.00,"100 מ""ל",false,1,34.50,4.60,true,1,
7290014692817,false,גבינת מוצרלה מגורדת 200 ג' EURO CHEESE ויליפוד,הנסיך- מפעל לייצור ט,IL,גבינת מוצרלה מגורדת,גרמים,200.00,100 גרם,false,1,14.60,7.30,true,1,
7290014720008,false,נייטשר נאט שמפו לשיער רגיל 400 מל,נייטשר נאט Nature Nut,,נייטר נאט שמפו רגיל,Unknown,0.00,Unknown,false,1,33.90,33.90,true,1,
7290014720015,false,נייטשר נאט שמפו לשיער יבש-פגום 400 מל,נייטשר נאט Nature Nut,,נייטר נאט שמפו יבש 4,Unknown,0.00,Unknown,false,1,33.90,33.90,true,1,
7290014720022,false,נייטשר נאט מרכך לשיער יבש-פגום 400 מל,נייטשר נאט Nature Nut,,נייטר נאט מרכך 400 מ,Unknown,0.00,Unknown,false,1,33.90,33.90,true,1,
7290014720046,false,נייטשר נאט מסכה לשיער יבש-פגום 250 מל,נייטשר נאט Nature Nut,,נייטר נאט מסכה לשיער,Unknown,0.00,Unknown,false,1,44.90,44.90,true,1,
7290014720084,false,נייטשר נאט ג`ל רחצה 400 מ`ל,נייטשר נאט Nature Nut,,נייטשר נאט ג`ל רחצה,Unknown,0.00,Unknown,false,1,33.90,33.90,true,1,
7290014725348,false,"סוכרזית קלאסי 100 שקיות כש""לפ",סוכרזית Sucrazit,IL,סוכרזית קלאסי 100 שק,גרמים,130.00,100 גרם,false,1,18.50,14.23,true,1,
7290014758117,false,מאגדת יוגורט ביו 1.5% שומן 8 יח' *150 ג' תנובה,מיוצר עי קונדיטוריית,IL,שמיניית יוגורט ביו,קילוגרמים,0.00,"ק""ג",false,1,17.20,17.20,true,1,
7290014758162,false,חלב עיזים מלא 3.6% קרטון 1 ל' תנובה,תנובה מרכז שיתופי לש,IL,חלב עיזים מלא 3.6% ש,מיליליטרים,1000.00,"100 מ""ל",false,1,14.90,1.49,true,1,
7290014758681,false,קוטג' תנובה 1% גביע 250 ג',מיוצר עי קונדיטוריית,IL,קוטג תנובה 1% 250 גר,גרמים,250.00,100 גרם,false,1,5.50,2.20,true,1,
7290014759084,false,גבינת שמנת 16% בטעם טבעי 225 ג' נפוליאון,תנובה מרכז שיתופי לש,IL,נפוליאון מופחת שומן,גרמים,225.00,100 גרם,false,1,13.90,6.18,true,1,
7290014759909,false,פטה עיזים 5% פיראוס גביע 250 גרם,"תנובה, מחלבת טנא נוג",IL,גבינה פטה עזים פיראו,גרמים,250.00,100 גרם,false,1,28.40,11.36,true,1,
7290014759978,false,"גבינת קצקבל פלח גלעד 27%, 200 ג'",תנובה חלב,IL,קולאז קשקבל גלעד פלח,גרמים,200.00,100 גרם,false,1,26.60,13.30,true,1,
7290014759985,false,"גבינת פרמזן גבע 23% פלח, 200 ג'",תנובה חלב,IL,קולאז פרמזן גבע פלח,גרמים,200.00,100 גרם,false,1,25.50,12.75,true,1,
7290014760134,false,מעדן סויה בטעם וניל אלטרנטיב,תנובה Alternative,IL,מעדן סויה וניל,גרמים,125.00,100 גרם,false,1,4.90,3.92,true,1,
7290014760141,false,משקה שקדים תנובה E אלטרנטיב,תנובה Alternative,IL,משקה שקדים טרי 1 ליט,מיליליטרים,1000.00,"100 מ""ל",false,1,12.90,1.29,true,1,
7290014761063,false,מעדן שוקולד מריר מעולה 123 ג' יולו,מיוצר עי קונדיטוריית,IL,יולו שוקולד מריר,גרמים,123.00,100 גרם,false,1,4.70,3.82,true,1,
7290014761070,false,מעדן שוקולד לבן מעולה 123 ג' יולו,מיוצר עי קונדיטוריית,IL,YOLO שוקולד לבן מעול,גרמים,123.00,100 גרם,false,1,4.70,3.82,true,1,
7290014761612,false,YOLO מעדן שכבות שוקולד מריר ולבן מעולה,מיוצר עי קונדיטוריית,IL,YOLO מעדן שכבות שוקו,גרמים,123.00,100 גרם,false,1,4.70,3.82,true,1,
7290014762800,false,מעדן סויה שוקולד גביע 125 גרם אלטרנטיב,תנובה מרכז שיתופי לש,IL,מעדן סויה שוקולד 125,גרמים,125.00,100 גרם,false,1,4.90,3.92,true,1,
7290014762831,false,גבינת שמנת חלפיניו 24% שומן 225 ג' נפוליאון,תנובה מרכז שיתופי לש,IL,גבינת שמנת נפוליאו 2,גרמים,225.00,100 גרם,false,1,13.90,6.18,true,1,
7290014762909,false,פתיתי מוצרלה 20% שומן 200 ג' השף הלבן,"תנובה, מחלבת תל יוסף",IL,פתיתי מוצרלה השף הלב,גרמים,220.00,100 גרם,false,1,15.90,7.23,true,1,
7290014763272,false,יוגורט סויה BIO לשתיה תות ובננה אלטרנטיב,תות תעשיות מזון (201,IL,משקה סויה ביו תות בנ,מיליליטרים,250.00,"100 מ""ל",false,1,5.90,2.36,true,1,
7290014775039,false,סופר קיו 10 60 מג (60),,,סופר קיו 10 60 מג (6,Unknown,0.00,Unknown,false,1,72.90,72.90,true,1,
7290014775053,false,סופר קיו 10 100 מג (60),,,סופר קיו 10 100 מג (,Unknown,0.00,Unknown,false,1,104.90,104.90,true,1,
7290014775763,false,MSM רליף 1125 מג כשר(120),,,MSM רליף 1125 מג כשר,Unknown,0.00,Unknown,false,1,114.90,114.90,true,1,
7290014775770,false,"נוסטרול 900 - מינון מחוזק של פיטוסטרולים 900 מ""ג לכמוסה",אלטמן,,נוסטרול 900(60),Unknown,0.00,Unknown,false,1,86.90,86.90,true,1,
7290014803237,false,ערמונים קלופים וקלויים 100 גרם,,,ערמונים קלופים וקלוי,גרמים,100.00,100 גרם,false,1,7.20,7.20,true,1,
7290014860063,false,מקלוני אורז ללא גלוטן 454 גר,oriental food co.ltd,TH,מקלוני אורז ללא גלוט,גרמים,454.00,100 גרם,false,1,9.90,2.18,true,1,
7290014860070,false,"מקלוני אורז ללא גלוטן 5 מ""מ 454גר' (אור)",ניינטי נודל קו,TH,מקלות אורז ללא גלוטן,גרמים,454.00,100 גרם,false,1,11.40,2.51,true,1,
7290014860094,false,"מקלות אורז ללא גלוטן 3 מ""מ 454 גרם",ניינטי נודל קו,TH,מקלות אורז ללא גלוטן,גרמים,454.00,100 גרם,false,1,11.40,2.51,true,1,
7290014860155,false,"מחצלת במבו שטוחה 24*24 ס""מ",גולין פנגזו,CN,מחצלת במבו שטוחה 24*,Unknown,0.00,Unknown,false,1,9.40,9.40,true,1,
7290014890145,false,גבינת שמנת בטעם טבעי 25%,גבינות משק יעקבס,IL,שמנת טבעית 25% 225 ג,גרמים,225.00,100 גרם,false,1,11.40,5.07,true,1,
7290014890176,false,גבינת ריקוטה 250 גרם,מחלבת משק יעקובס,IL,גבינת ריקוטה 250 גרם,גרמים,250.00,100 גרם,false,1,12.50,5.00,true,1,
7290014901575,false,אל סבון סטייל ארומטי בניחוח תה מרווה,סטייל Style,TR,אל סבון ארומטי סטייל,מיליליטרים,500.00,"100 מ""ל",false,1,8.90,1.78,true,1,
7290014910515,false,שימורי שפרוטים מעושנים בשמן צמחי 250 גר,,,שימורי שפרוטים מעוש,גרמים,250.00,100 גרם,false,1,12.50,5.00,true,1,
7290014947047,false,פריכיות כוסמת עם מלח 175 גרם,זן בר המכללה לטבעונו,IL,פריכיות כוסמת עם מלח,גרמים,175.00,100 גרם,false,1,10.90,6.23,true,1,
7290014950757,false,"סרום פנים משקם 30 מ""ל",,,"סרום פנים משקם 30 מ""",מיליליטרים,30.00,"100 מ""ל",false,1,199.90,666.33,true,1,
7290014950788,false,קרם גוף ארומתרפי פרח,,,קרם גוף ארומתרפי פרח,Unknown,0.00,Unknown,false,1,59.90,59.90,true,1,
7290014950795,false,"קרם גוף פרחי הדרים וברגמוט 250 מ""ל",,,קרם גוף פרחי הדרים,מיליליטרים,250.00,"100 מ""ל",false,1,89.90,35.96,true,1,
7290014950856,false,קרם גוף ארומתרפי פטש,,,קרם גוף ארומתרפי פטש,Unknown,0.00,Unknown,false,1,89.90,89.90,true,1,
7290014950870,false,"קרם ידיים ארומתרפי פרחי הדרים 70 מ""ל",,,קרם ידיים ארומתרפי,Unknown,0.00,Unknown,false,1,39.90,39.90,true,1,
7290014950887,false,"קרם לחות נר הלילה 50 מ""ל",,,קרם לחות נר הלילה 50,מיליליטרים,50.00,"100 מ""ל",false,1,159.90,319.80,true,1,
7290014950894,false,קרם לילה,,,קרם לילה,Unknown,0.00,Unknown,false,1,169.90,169.90,true,1,
7290014950900,false,סבון פנים לעור רגיל עד יבש 100 מל,,,סבון פנים לעור רגיל,מיליליטרים,100.00,"100 מ""ל",false,1,69.90,69.90,true,1,
7290014950924,false,פילינג רימון והדרים,,,פילינג רימון והדרים,Unknown,0.00,Unknown,false,1,119.90,119.90,true,1,
7290014952898,false,נוזל כביסה אקולוגי היפואלרגני לתינוק 2 ל,,,נוזל כביסה אקולוגי ה,ליטרים,0.00,ליטר,false,1,44.90,44.90,true,1,
7290014974593,false,גביעי גלידריה ללא גלוטן 12 יחי',כרמית תעשיות ממתקים,IL,גביעי גלידריה 12 יח,גרמים,132.00,100 גרם,false,1,17.90,13.56,true,1,
7290014981966,false,ל- ליזין 500 מ`ג,,,ל- ליזין 500 מ`ג,Unknown,0.00,Unknown,false,1,99.90,99.90,true,1,
7290015009003,false,"חומץ בן יין לבן 500 מ""ל",מנדלז סי.אר. פרודקשן,ES,חומץ בן יין לבן 500,מיליליטרים,500.00,"100 מ""ל",false,1,20.60,4.12,true,1,
7290015009010,false,"חומץ בן יין אדום 500 מ""ל",מנדלז סי.אר. פרודקשן,ES,חומץ בן יין אדום 500,מיליליטרים,500.00,"100 מ""ל",false,1,20.60,4.12,true,1,
7290015009102,false,"עלי טורטייה מקמח לבן 20 ס""מ 360 גרם",,,עלי טורטייה מקמח לבן,גרמים,360.00,100 גרם,false,1,15.30,4.25,true,1,
7290015009119,false,עלי טורטייה מקמח תירס 360 גרם,פרינסיס און וה אונלו,TR,עלי טורטייה מקמח תיר,גרמים,360.00,100 גרם,false,1,16.00,4.44,true,1,
7290015009393,false,זיתים שחורים מגולענים מזן קלמטה 430 גרם,אידיאל ס.א,GR,זיתים שחורים מגולעני,גרמים,430.00,100 גרם,false,1,16.90,3.93,true,1,
7290015009409,false,זיתים שחורים מזן טאסוס במלח 250 גרם,אדיאל ס.א,GR,זיתים שחורים מזן טאס,גרמים,250.00,100 גרם,false,1,19.40,7.76,true,1,
7290015009553,false,"רוטב אקסטרא חריף פלפל 148 מ""ל",קאמוק,CR,רוטב אקסטרא חריף פלפ,מיליליטרים,148.00,"100 מ""ל",false,1,19.90,13.45,true,1,
7290015009591,false,"רוטב אקסטרא חריף פלפל סקורפיון 148 מ""ל",קאמוק,CR,רוטב אקסטרא חריף פלפ,מיליליטרים,148.00,"100 מ""ל",false,1,19.90,13.45,true,1,
7290015009607,false,"רוטב אקסטרא חריף פלפל נגה גלוקיה 148 מ""ל",קאמוק,CR,רוטב אקסטרא חריף פלפ,מיליליטרים,148.00,"100 מ""ל",false,1,19.90,13.45,true,1,
7290015009638,false,"רוטב צילי מתוק ופסיפלורה 355 מ""ל",קאמוק,CR,רוטב צילי מתוק ופסיפ,מיליליטרים,355.00,"100 מ""ל",false,1,29.90,8.42,true,1,
7290015039246,false,נתחי טונה בשמן צמחי רביעיה * 160 ג' וילי פוד,וילי פוד,TH,רביעית טונה בהירה בש,גרמים,640.00,100 גרם,false,1,19.90,3.11,true,1,
7290015039499,false,ויליפוד עוגיות חמאה איטלקיות מובחרות 1ק,טדסקו אס.אר.אל ויה ד,IT,עוגיות איטלקיות מובח,גרמים,1000.00,100 גרם,false,1,13.90,1.39,true,1,
7290015127516,false,זית פיקואל אורגני 180 גרם,,IL,זית פיקואל אורגני 18,גרמים,180.00,100 גרם,false,1,14.90,8.28,true,1,
7290015127530,false,זית סורי אורגני 180 גרם,,IL,זית סורי אורגני 180,גרמים,180.00,100 גרם,false,1,14.90,8.28,true,1,
7290015127585,false,מעדן מדברי תמר עם גוגי אורגני 30 גרם,,IL,מעדן מדברי תמר עם גו,גרמים,30.00,100 גרם,false,1,7.30,24.33,true,1,
7290015127684,false,"שמן זית כתית מעולה אורגני 250 מ""ל",General,IL,שמן זית כתית מעולה א,מיליליטרים,250.00,"100 מ""ל",false,1,23.90,9.56,true,1,
7290015129121,false,סקיני פסטה נודלס 270 גרם,הוויזאי וואנגייה פוד,CN,סקיני פסטה נודלס 270,גרמים,270.00,100 גרם,false,1,10.90,4.04,true,1,
7290015129145,false,אטריות קונג'אק בתוספת טפיוקה בצורת ספגטי,הוויזאי וואנגייה פוד,CN,סקיני פסטה ספגטי 270,גרמים,270.00,100 גרם,false,1,10.90,4.04,true,1,
7290015129220,false,איטריות קונגאק ללא גלוטן 270 גרם skinny,אף.סי תבליני בגליל ב,CN,איטריות קונגאק ללא ג,גרמים,270.00,100 גרם,false,1,10.90,4.04,true,1,
7290015129268,false,סקיני פסטה פנה שיבולת שועל 200 גרם,סקיני פסטה,CN,סקיני פסטה פנה שיבול,גרמים,200.00,100 גרם,false,1,10.90,5.45,true,1,
7290015129749,false,סקיני פסטה שיבולת שועל נודלס 270 גרם,סצ'ואן סנטאיואן,CN,סקיני פסטה שיבולת שו,גרמים,270.00,100 גרם,false,1,10.90,4.04,true,1,
7290015129756,false,סקיני פסטה שיבולת שועל פטוציני 270 גרם,סצ'ואן סנטאיואן,CN,סקיני פסטה שיבולת שו,גרמים,270.00,100 גרם,false,1,10.90,4.04,true,1,
7290015140058,false,צמד משטחי יבוש ירוק,,,צמד משטחי ייבוש/הנחה,Unknown,0.00,Unknown,false,1,39.90,39.90,true,1,
7290015141512,false,סכין סנטוקו 17 מאסטר,,,מאסטר- סכין יפנית סנ,Unknown,0.00,Unknown,false,1,99.90,99.90,true,1,
7290015150088,false,מחית עגבניות גראנד איטליה 700 גרם,שוורצקוף& הנקל דיסלד,IT,מחית עגבניות גראנד א,גרמים,700.00,100 גרם,false,1,12.30,1.76,true,1,
7290015150118,false,עגבניות חתוכות דק בלה איטליה 3*400 ג',אמיליאנה קונסרב ס.פ.,IL,עגבניות חתוכות דק בל,גרמים,1200.00,100 גרם,false,1,17.60,1.47,true,1,
7290015155830,false,מחית תפוחי עץ ובננה חטיפטף ללא תוספת סוכר,פרוטה פודווין איי.אס,CZ,מחית תפוח בננה חטיפט,גרמים,120.00,100 גרם,false,1,6.50,5.42,true,1,
7290015155847,false,מחית סלט פירות חטיפטף ללא תוספת סוכר,פרוטה פודיווין איי.א,CZ,מחית סלט פירות חטיפט,גרמים,120.00,100 גרם,false,1,6.50,5.42,true,1,
7290015155878,false,חטיף אורז אפוי לתינוקות טבעי חטיפטף 28גר,,TH,חטיף אורז אפוי לתינו,גרמים,28.00,100 גרם,false,1,9.90,35.36,true,1,
7290015155885,false,חטיפטף - חטיף אורז אפוי בטעם אוכמניות 28 גרם,,,חטיף אורז אפוי לתינו,גרמים,28.00,100 גרם,false,1,9.90,35.36,true,1,
7290015155892,false,חטיף אורז אפוי לתינוקות בננה חטיפטף 28גר,,TH,חטיף אורז אפוי לתינו,גרמים,28.00,100 גרם,false,1,9.90,35.36,true,1,
7290015161121,false,פסטה ספגטי כוסמין 100% מלא אורגני 500 גר',,IT,פסטה ספגטי כוסמין 10,גרמים,500.00,100 גרם,false,1,17.90,3.58,true,1,
7290015161152,false,גרנולה מפתיתי כוסמין בתוספת פירות ואגוזים,נוטרה זן NutraZen,IL,גרנולה כוסמין פירות,גרמים,300.00,100 גרם,false,1,27.90,9.30,true,1,
7290015161350,false,אבקת מרק ירקות אורגני 200 גרם,,DE,אבקת מרק ירקות אורגנ,גרמים,200.00,100 גרם,false,1,23.90,11.95,true,1,
7290015161367,false,אבקת מרק ירקות אורגני טבעוני דל שומן,נוטרה זן NutraZen,DE,אבקת מרק ירקות אורגנ,גרמים,200.00,100 גרם,false,1,23.90,11.95,true,1,
7290015161534,false,קוואקר שיבולת שועל עבה ללא גלוטן - 400 גרם,נוטרה זן NutraZen,FI,קוואקר עבה ללא גלוטן,גרמים,400.00,100 גרם,false,1,22.90,5.73,true,1,
7290015161541,false,קוואקר שיבולת שועל אינסטנט ללא גלוטן - 400 גרם,נוטרה זן NutraZen,FI,קוואקר דק ללא גלוטן,גרמים,400.00,100 גרם,false,1,22.90,5.73,true,1,
7290015161589,false,"פת פריכה אורגנית לל""ג ירקות גינה 100 גר",אקסטרודו בצ'יצה,CZ,"פת פריכה אורגנית לל""",גרמים,100.00,100 גרם,false,1,14.60,14.60,true,1,
7290015161633,false,"סוכר וניל לל""ג אורגני נוטרזן 100 גרם",,,"סוכר וניל לל""ג אורגנ",גרמים,100.00,100 גרם,false,1,17.90,17.90,true,1,
7290015161718,false,"אבקת סוכר לל""ג אורגני נוטרזן 100 גרם",,,"אבקת סוכר לל""ג אורגנ",גרמים,100.00,100 גרם,false,1,14.90,14.90,true,1,
7290015161763,false,אבקת מרק ירקות אורגני ללא שמרים 200 גרם,נוטרה זן NutraZen,DE,אבקת מרק ירקות אורגנ,גרמים,200.00,100 גרם,false,1,23.90,11.95,true,1,
7290015161848,false,פת פריכה אורגנית עם כוסמת וקינואה ללא גלוטן,אקסטרודו בצ'יצה,CZ,"פת פריכה אורגנית לל""",גרמים,100.00,100 גרם,false,1,14.60,14.60,true,1,
7290015161855,false,פת פריכה אורגנית עם קינואה וחרובים ללא גלוטן,נוטרה זן NutraZen,CZ,"פת פריכה אורגנית לל""",גרמים,100.00,100 גרם,false,1,14.60,14.60,true,1,
7290015161862,false,פת פריכה אורגנית ללא גלוטן - ערמונים 100,אקסטרודו בצ'יצה,CZ,פת פריכה אורגנית ללא,גרמים,100.00,100 גרם,false,1,14.60,14.60,true,1,
7290015161879,false,פת פריכה PRO עדשים אדומות וחומות ללא גלוטן,נוטרה זן NutraZen,CZ,פת פריכה אורגנית PRO,גרמים,100.00,100 גרם,false,1,16.90,16.90,true,1,
7290015161923,false,קרם קוקוס 22% אורגני ללא גלוטן נוטרה זן,"אינסטנטה בע""מ",LK,קרם קוקוס 22% אורגני,מיליליטרים,400.00,"100 מ""ל",false,1,14.60,3.65,true,1,
7290015161930,false,"פסטPRO קסרצ'ה פתיתים אורגניים, ללא גלוטן",נוטרה זן NutraZen,IT,פסטPRO עדשים צהובות,גרמים,250.00,100 גרם,false,1,19.90,7.96,true,1,
7290015161978,false,"פסטPRO סלנטאני פתיתים אורגניים, ללא גלוטן",נוטרה זן NutraZen,IT,פסטPRO עדשים אדומות,גרמים,250.00,100 גרם,false,1,19.90,7.96,true,1,
7290015164818,false,רוטב קארי צהובה 400 גרם SUREE כשר,Theppadungporn cocon,TH,רוטב קארי צהובה 400,מיליליטרים,400.00,"100 מ""ל",false,1,19.90,4.98,true,1,
7290015164832,false,מחית קארי ירוק 400 גרם SUREE כשר,טאפאדונגפורן קוקינט,TH,מחית קארי ירוק 400 ג,מיליליטרים,400.00,"100 מ""ל",false,1,19.90,4.98,true,1,
7290015164856,false,רוטב קארי אדומה 400 גרם SUREE כשר,טאפאדונגפורן קוקינט,TH,רוטב קארי אדומה 400,מיליליטרים,400.00,"100 מ""ל",false,1,19.90,4.98,true,1,
7290015178174,false,ממרח אוליביה - פסטו בטעם פרמז'ן 180 גרם,יוניליוור גרמניה Gm,IL,פסטו בטעם פרמזן אולי,גרמים,180.00,100 גרם,false,1,15.60,8.67,true,1,
7290015178181,false,ממרח אוליביה - ארטישוק ברוזמרין 180 גרם,יוניליוור גרמניה Gm,IL,ארטישוק ברוזמרין אול,גרמים,180.00,100 גרם,false,1,15.60,8.67,true,1,
7290015178198,false,ממרח אוליביה - חצילים שרופים 180 גרם,תנובה ב.ע.ד,IL,ממרח חצילים שרופים א,גרמים,180.00,100 גרם,false,1,15.60,8.67,true,1,
7290015178204,false,ממרח אוליביה - עגבניות מיובשות בשמש עם לימון 180 גרם,תנובה ב.ע.ד,IL,עגבניות מיובשות עם ל,גרמים,180.00,100 גרם,false,1,15.60,8.67,true,1,
7290015193139,false,רוטב צילי מתוק וואק,תאי פרידה אינדסטרי ב,TH,"צ`ילי מתוק ללת""ס",מיליליטרים,300.00,"100 מ""ל",false,1,10.30,3.43,true,1,
7290015246064,false,פארטוקל 30 מל,,IL,פארטוקל 30 מל,מיליליטרים,30.00,"100 מ""ל",false,1,95.00,316.67,true,1,
7290015246095,false,ליקצי'ק - תמצית נבטי ליקופודיום,"ד""ר קיי DR. K",IL,ליקצק 30 מל,מיליליטרים,30.00,"100 מ""ל",false,1,65.00,216.67,true,1,
7290015246101,false,מילקל 30 מל,,IL,מילקל 30 מל,מיליליטרים,30.00,"100 מ""ל",false,1,79.00,263.33,true,1,
7290015246323,false,וייהרצ'יק - תמצית שורש בצל,"ד""ר קיי DR. K",IL,וייהרציק 30 מל,מיליליטרים,30.00,"100 מ""ל",false,1,65.00,216.67,true,1,
7290015246361,false,טונציק 30 מל,,IL,טונציק 30 מל,מיליליטרים,30.00,"100 מ""ל",false,1,65.00,216.67,true,1,
7290015264105,false,טחינה ממלכת החלבה בתוספת פסטו 400 גרם,,IL,טחינה ממלכת החלבה,גרמים,400.00,100 גרם,false,1,26.90,6.73,true,1,
7290015282000,false,איקרא אדומה SEVEN SEAS 200 גרם,שבעת הימים - שמיר,IL,איקרה אדומה 200 גרם,גרמים,200.00,100 גרם,false,0,14.60,7.30,true,1,
7290015282024,false,איקרא לבנה SEVEN SEAS 200 גרם,שבעת הימים - שמיר,IL,איקרה לבנה 200 גרם,גרמים,200.00,100 גרם,false,0,14.60,7.30,true,1,
7290015282390,false,סלט תורכי 200 גרם שמיר,"סלטי שמיר 2006 בע""מ",IL,תורכי 200 גר,גרמים,200.00,100 גרם,false,1,13.50,6.75,true,1,
7290015282581,false,חומוס שמיר אבו גוש עם חריף 200 גר',"סלטי שמיר 2006 בע""מ",IL,חומוס אבו גוש עם חרי,גרמים,200.00,100 גרם,false,1,11.00,5.50,true,1,
7290015282598,false,חומוס שמיר מסעדות 200 גר',"סלטי שמיר 2006 בע""מ",IL,חומוס מסעדות 200 גר,גרמים,200.00,100 גרם,false,1,11.00,5.50,true,1,
7290015282635,false,חומוס שמיר מסבחה 200 גר',"סלטי שמיר 2006 בע""מ",IL,חומוס מסבחה 200 גר,גרמים,200.00,100 גרם,false,1,11.00,5.50,true,1,
7290015282642,false,חומוס שמיר אבו גוש 200 גר',"סלטי שמיר 2006 בע""מ",IL,חומוס אבו גוש 200 גר,גרמים,200.00,100 גרם,false,1,11.00,5.50,true,1,
7290015282673,false,חציל שמיר במיונז ביתי 200 גורמה גר',"סלטי שמיר 2006 בע""מ",IL,חציל במיונז ביתי 200,גרמים,200.00,100 גרם,false,1,11.00,5.50,true,1,
7290015282741,false,חציל תאילנדי אסלי שמיר 200 ג',"סלטי שמיר 2006 בע""מ",IL,חציל תאילנדי 200 גר,גרמים,200.00,100 גרם,false,1,13.50,6.75,true,1,
7290015284004,false,שמפו לכל סוגי השיער ירקות ירוקים ECOLOVE,א.ל. ארמן,IL,שמפו לכל סוגי השיער,גרמים,500.00,100 גרם,false,1,32.90,6.58,true,1,
7290015284028,false,סבון גוף ירקות ירוקים 500 מל ECOLOVE,א.ל. ארמן,IL,סבון גוף ירקות ירוק,מיליליטרים,500.00,"100 מ""ל",false,1,32.90,6.58,true,1,
7290015284042,false,שמפו לשיער רגיל/שמן ירקות אדומים ECOLOVE,א.ל. ארמן,IL,שמפו לשיער רגיל/שמן,גרמים,500.00,100 גרם,false,1,32.90,6.58,true,1,
7290015284059,false,מרכך לשיער רגיל/שמן ירקות אדומים ECOLOVE,א.ל. ארמן,IL,מרכך לשיער רגיל/שמן,גרמים,500.00,100 גרם,false,1,32.90,6.58,true,1,
7290015284066,false,סבון גוף ירקות אדומים 500 מל ECOLOVE,א.ל. ארמן,IL,סבון גוף ירקות אדומי,מיליליטרים,500.00,"100 מ""ל",false,1,32.90,6.58,true,1,
7290015284127,false,קרם לחות לשיער רגיל-יבש ירקות כתומים,,,קרם לחות לשיער רגיל-,מיליליטרים,400.00,"100 מ""ל",false,1,42.90,10.73,true,1,
7290015284196,false,סבון גוף משפחתי ירקות ירוקים 1 ליטר,א.ל. ארמן,IL,סבון גוף משפחתי ירקו,מיליליטרים,1000.00,"100 מ""ל",false,1,52.90,5.29,true,1,
7290015284202,false,ECOLOVE שמפו לשיער צבוע ויבש מאוד 500 מל,א.ל. ארמן,IL,ECOLOVE שמפו לשיער צ,מיליליטרים,500.00,"100 מ""ל",false,1,32.90,6.58,true,1,
7290015284219,false,ECOLOVE מרכך לשיער צבוע ויבש מאוד 500 מל,א.ל. ארמן,,ECOLOVE מרכך לשיער צ,מיליליטרים,500.00,"100 מ""ל",false,1,32.90,6.58,true,1,
7290015284240,false,ECOLOVE מסיכה לשיער צבוע ויבש מאוד 350 מ,א.ל. ארמן,,ECOLOVE מסיכה לשיער,מיליליטרים,350.00,"100 מ""ל",false,1,44.90,12.83,true,1,
7290015284264,false,סבון גוף לעור יבש ירקות סגולים 1 ליטר,א.ל. ארמן,IL,סבון גוף לעור יבש יר,מיליליטרים,1000.00,"100 מ""ל",false,1,52.90,5.29,true,1,
7290015284400,false,"קרם ידיים eco love לעור יבש 100 מ""ל",א.ל. ארמן,IL,קרם ידיים eco love ל,Unknown,0.00,Unknown,false,1,21.90,21.90,true,1,
7290015284417,false,"קרם גוף eco love לעור יבש 150 מ""ל",א.ל. ארמן,IL,קרם גוף eco love לעו,מיליליטרים,150.00,"100 מ""ל",false,1,35.90,23.93,true,1,
7290015284677,false,מרכך שיער שעבר החלקה ללא מלח אקולאב 500מ,א.ל. ארמן,,מרכך שיער שעבר החלקה,מיליליטרים,500.00,"100 מ""ל",false,1,36.90,7.38,true,1,
7290015284684,false,מסכת שיער שעבר החלקה ללא מלח אקולאב 350מ,א.ל. ארמן,IL,מסכה לשיער שעבר החלק,מיליליטרים,350.00,"100 מ""ל",false,1,49.90,14.26,true,1,
7290015284769,false,"גל ניקוי פנים אקולאב 150 מ""ל",הרמן,IL,גל ניקוי פנים אקולאב,מיליליטרים,150.00,"100 מ""ל",false,1,49.90,33.27,true,1,
7290015294539,false,פרוביוטיקה + 50,,,פרוביוטיקה + 50,Unknown,0.00,Unknown,false,1,129.90,129.90,true,1,
7290015294560,false,כורכום,,,כורכום לונגוידה,Unknown,0.00,Unknown,false,1,129.90,129.90,true,1,
7290015294577,false,וגהמגה - אומגה 3 צמחית כמוסות,,,וגהמגה - אומגה 3 צמח,Unknown,0.00,Unknown,false,1,109.90,109.90,true,1,
7290015306744,false,קמח חומוס 500 גרם,העידן האורגני,IL,קמח חומוס 500 גרם,גרמים,500.00,100 גרם,false,1,15.90,3.18,true,1,
7290015335607,false,יוגונאט טבעי 150 גר',טרופיקל דגיל תעשיות,IL,מעד ביו טבעי 150 גר,גרמים,150.00,100 גרם,false,1,7.90,5.27,true,1,
7290015335614,false,מעדן ביו תות 150גרם,טרופיקל דגיל תעשיות,IL,מעד ביו תות 150 גר,גרמים,150.00,100 גרם,false,1,7.90,5.27,true,1,
7290015335706,false,מעד ביו שוקולד 150 גר,,IL,מעד ביו שוקולד 150 ג,גרמים,150.00,100 גרם,false,1,7.90,5.27,true,1,
7290015340281,false,קמח שקדים ללא גלוטן 500 גרם,"העידן האורגני בע""מ",,קמח שקדים ללא גלוטן,גרמים,500.00,100 גרם,false,1,41.90,8.38,true,1,
7290015340304,false,סילאן טבעי 900 גר' ל,,IL,סילאן טבעי 900 גרם,גרמים,900.00,100 גרם,false,1,19.90,2.21,true,1,
7290015340656,false,חמאת פיסטוק 250ג'- ה,פון בק,IL,חמאת פיסטוק 250 גרם,גרמים,250.00,100 גרם,false,1,59.90,23.96,true,1,
7290015371049,false,שמן קוקוס וירגין,,,שמן קוקוס וירגין,Unknown,0.00,Unknown,false,1,67.50,67.50,true,1,
7290015395939,false,חטיף אורז בטעם מתוק מלוח 120 גרם,דין שיווק,IL,חטיף אורז בטעם מתוק,גרמים,150.00,100 גרם,false,1,15.90,10.60,true,1,
7290015408271,false,גדילן זרעים עלעלים 100 גרם,,IL,גדילן זרעים עלעלים 1,גרמים,100.00,100 גרם,false,1,34.90,34.90,true,1,
7290015408578,false,עשב לימון קצוץ אורגני,,,עשב לימון קצוץ אורגנ,Unknown,0.00,Unknown,false,1,17.90,17.90,true,1,
7290015417136,false,עגבנית שרי אורגנית ארוז,ר.א.ן מוצרים טריים ב,IL,עגבנית שרי אורגנית,גרמים,400.00,100 גרם,false,1,14.90,3.73,true,1,
7290015417167,false,פלפל ביס אורגני,,,פלפל ביס אורגני,גרמים,200.00,100 גרם,false,1,11.90,5.95,true,1,
7290015417242,false,מלפפון מיני אורגני ארוז,,,מלפפון מיני אורגני א,גרמים,350.00,100 גרם,false,1,12.90,3.69,true,1,
7290015417365,false,גינגר אורגני,,,גינגר אורגני,קילוגרמים,0.00,"ק""ג",false,1,16.90,16.90,true,1,
7290015429009,false,דנסיטי - תוסף סידן אמורפי,DENSITY,,דנסיטי- סידן אמורפי,Unknown,0.00,Unknown,false,1,199.90,199.90,true,1,
7290015437332,false,דפי בצק פילו לסיגרים 330 גרם,,,דפי בצק פילו לסיגרים,גרמים,330.00,100 גרם,false,1,16.40,4.97,true,1,
7290015446587,false,פראוד - חטיף חלבון קוקוס 60 גרם,,,פראוד - חטיף חלבון ק,גרמים,60.00,100 גרם,false,1,12.90,21.50,true,1,
7290015446594,false,פראוד - חטיף חלבון לאטה 60 גרם,v.s.i,NL,פראוד - חטיף חלבון ל,גרמים,60.00,100 גרם,false,1,12.90,21.50,true,1,
7290015446600,false,פראוד - חטיף חלבון תות חמוציות 60 גרם,,,פראוד - חטיף חלבון ת,גרמים,60.00,100 גרם,false,1,12.90,21.50,true,1,
7290015446617,false,פראוד - חטיף חלבון בננה טופי 60 גרם,v.s.i,NL,פראוד - חטיף חלבון ב,גרמים,60.00,100 גרם,false,1,12.90,21.50,true,1,
7290015446624,false,פראוד - חטיף חלבון דאבל שוקולד 50 גרם,,,פראוד - חטיף חלבון ד,גרמים,50.00,100 גרם,false,1,12.90,25.80,true,1,
7290015446631,false,פראוד - חטיף חלבון קרם עוגיות 50 גרם,,,פראוד - חטיף חלבון ק,גרמים,50.00,100 גרם,false,1,12.90,25.80,true,1,
7290015446648,false,פראוד - חטיף חלבון בוטנים קרמל 50 גרם,,,פראוד - חטיף חלבון ב,גרמים,50.00,100 גרם,false,1,12.90,25.80,true,1,
7290015458689,false,"שמפו סרפד 400 מ""ל",,,"שמפו סרפד 400 מ""ל",מיליליטרים,400.00,"100 מ""ל",false,1,49.90,12.48,true,1,
7290015458764,false,מסיכת הזנה לשיער 250,,,מסיכת הזנה לשיער 250,Unknown,0.00,Unknown,false,1,119.90,119.90,true,1,
7290015458870,false,מי פנים לעור שמן רימ,,,מי פנים לעור שמן רימ,Unknown,0.00,Unknown,false,1,69.90,69.90,true,1,
7290015458900,false,"קרם גוף ברוש גרניום ולבונה 120 מ""ל",,,קרם גוף ברוש גרניום,מיליליטרים,120.00,"100 מ""ל",false,1,59.90,49.92,true,1,
7290015458931,false,קרם גוף מאסק קוקוס 1,,,קרם גוף מאסק קוקוס 1,Unknown,0.00,Unknown,false,1,59.90,59.90,true,1,
7290015458948,false,קרם ידיים מאסק קוקוס,,,קרם ידיים מאסק קוקוס,Unknown,0.00,Unknown,false,1,39.90,39.90,true,1,
7290015459013,false,"קרם רגליים 120 מ""ל",,,"קרם רגליים 120 מ""ל",מיליליטרים,120.00,"100 מ""ל",false,1,68.00,56.67,true,1,
7290015459044,false,פילינג גוף ארומתרפי 300 גרם,,IL,פילינג גוף ארומתרפי,גרמים,300.00,100 גרם,false,1,59.90,19.97,true,1,
7290015499002,false,מגבונים טבעיים- 100% כותנה אורגנית,,,מגבונים טבעיים- 100%,Unknown,0.00,Unknown,false,1,11.90,11.90,true,1,
7290015528825,false,צלחת 7 מתכלה אר 25 יח' דנטס,,IN,צלחת קטנה 7 מתכלה מ,Unknown,1.00,Unknown,false,1,10.40,10.40,true,1,
7290015528832,false,צלחת 9 מתכלה אר' 25 יח' דנטס,,IN,צלחת 9 בינוני מתכלה,Unknown,1.00,Unknown,false,1,12.10,12.10,true,1,
7290015528849,false,צלחת 10 מתכלה אר' 25 יח' דנטס,,IN,צלחת 10 ענקית מתכלה,Unknown,1.00,Unknown,false,1,15.60,15.60,true,1,
7290015528870,false,ליפתנית מתכלה אר' 25 יח' דנטס,,IN,ליפתנית 200 מל מתכלה,Unknown,1.00,Unknown,false,1,5.90,5.90,true,1,
7290015599016,false,צהובה טבעונית עם זיתים 200 גרם,אריויה ס.א.,GR,צהובה טבעונית עם זית,גרמים,200.00,100 גרם,false,1,24.30,12.15,true,1,
7290015599023,false,פרוסות צהובה טבעונית בטעם קלאסי,וגה מוצרים טבעוניים VEGA,GR,צהובה טבעונית 200 ג,גרמים,200.00,100 גרם,false,1,24.30,12.15,true,1,
7290015599054,false,פרוסות צהובה טבעונית בטעם גבינת צ'דר,וגה מוצרים טבעוניים VEGA,GR,צהובה טבעונית 200 ג,גרמים,200.00,100 גרם,false,1,24.30,12.15,true,1,
7290015599061,false,פרוסות צהובה טבעונית בטעם מוצרלה,וגה מוצרים טבעוניים VEGA,GR,צהובה טבעונית 200 ג,גרמים,200.00,100 גרם,false,1,24.30,12.15,true,1,
7290015599191,false,גבינת שמנת טבעונית בסגנון קלאסי 170 גרם,ביוטי איילנד פודס בע,,גבינת שמנת טבעונית ב,גרמים,170.00,100 גרם,false,1,19.90,11.71,true,1,
7290015599207,false,גבינת שמנת טבעונית בטעם צדר 170 גרם,ביוטי איילנד פודס בע,,גבינת שמנת טבעונית ב,גרמים,170.00,100 גרם,false,1,19.90,11.71,true,1,
7290015599283,false,אבקת בסיס לחביתה טבעונית 250 גר,,,אבקת בסיס לחביתה טבע,גרמים,250.00,100 גרם,false,1,24.90,9.96,true,1,
7290015599306,false,גבינת שמנת טבעונית עם עירית 170 גרם,ביוטי איילנד פודס בע,,גבינת שמנת טבעונית ע,גרמים,170.00,100 גרם,false,1,19.90,11.71,true,1,
7290015599313,false,גבינת שמנת טבעונית עם בצל ירוק ופלפל,ביוטי איילנד פודס בע,,גבינת שמנת טבעונית ע,גרמים,170.00,100 גרם,false,1,19.90,11.71,true,1,
7290015599504,false,ממרח בטעם חמאה אורגני 225 גר,גוד פוד פרודקטס S.p,DK,ממרח בטעם חמאה אורגנ,גרמים,225.00,100 גרם,false,1,20.90,9.29,true,1,
7290015599719,false,תחליף פרמזן טבעוני 1,המאפיה של הרמן,GR,פרמזן טבעוני 150 גרם,גרמים,150.00,100 גרם,false,1,24.90,16.60,true,1,
7290015599740,false,אמפנדה במילוי טחון מהצומח 400 גרם,,IL,אמפנדה במילוי טחון מ,גרמים,400.00,100 גרם,false,1,28.90,7.23,true,1,
7290015603522,false,נוזל אגוזי קוקוס 5-7% 400 מל,אסי אטיק גרו אינדוסט,TH,נוזל אגוזי קוקוס 5-7,מיליליטרים,400.00,"100 מ""ל",false,1,7.30,1.83,true,1,
7290015603546,false,"שימורי קרם קוקוס 17-19% 400 מ""ל (ASIATIC)(כ)",אסי אטיק גרו אינדוסט,TH,שימורי קרם קוקוס 17-,מיליליטרים,400.00,"100 מ""ל",false,1,9.90,2.48,true,1,
7290015603560,false,"שימורי קרם קוקוס 20-22% 400 מ""ל",אסי אטיק גרו אינדוסט,TH,שימורי קרם קוקוס 20-,מיליליטרים,400.00,"100 מ""ל",false,1,9.90,2.48,true,1,
7290015603584,false,ג'ינגר לבן כבוש ללא מונוסודיום 160 גרם (כ),לאיווי איפנג פודס קו,CN,גינגר לבן כבוש ללא מ,גרמים,160.00,100 גרם,false,1,7.90,4.94,true,1,
7290015634076,false,יין עמק האלה שרדונה 2014 750 מל,עמק האלה,IL,יין עמק האלה שרדונה,Unknown,0.00,Unknown,false,1,83.90,83.90,true,1,
7290015634113,false,יין עמק האלה רוזה 2015 750 מל,עמק האלה,IL,יין עמק האלה אוורד ר,Unknown,0.00,Unknown,false,1,44.90,44.90,true,1,
7290015634182,false,עמק האלה אוורד קברנה/ מרלו 2015 750 מל,עמק האלה,IL,עמק האלה אוורד אדום,Unknown,0.00,Unknown,false,1,44.90,44.90,true,1,
7290015652087,false,תערובת פיצוחים 150 גרם ששון הקולה,דין שיווק,IL,תערובת פיצוחים 150 ג,גרמים,150.00,100 גרם,false,1,13.30,8.87,true,1,
7290015652124,false,"רוטב סריראציה חריף מאוד 450 מ""ל אהרוני",,TH,רוטב סריראצה חריף מא,גרמים,450.00,100 גרם,false,1,17.20,3.82,true,1,
7290015652308,false,מנצס 300 גרם ששון הקולה,"דין שיווק וקלייה בע""",IL,מנצס 300 גרם ששון הק,גרמים,300.00,100 גרם,false,1,10.00,3.33,true,1,
7290015652322,false,בוטנים אמריקאיים מצופים 400 גר ששון הקלה,"דין שיווק וקלייה בע""",IL,בוטנים אמריקאיים מצו,גרמים,400.00,100 גרם,false,1,10.00,2.50,true,1,
7290015652346,false,פלפלים ירוקים חריפים מוחמצים 680 גרם,,,פלפלים ירוקים חריפים,גרמים,680.00,100 גרם,false,1,9.90,1.46,true,1,
7290015652384,false,"קמח תירס הכנה מהירה ללא גלוטן 1 ק""ג",דין שיווק,IT,קמח תירס הכנה מהירה,גרמים,1000.00,100 גרם,false,1,13.50,1.35,true,1,
7290015652407,false,פיסטוק קלוי 250 גר דין שיווק,"דין שיווק וקלייה בע""",IL,פיסטוק קלוי 250 גר ד,גרמים,250.00,100 גרם,false,1,20.00,8.00,true,1,
7290015652520,false,"תערובת השף עשבי תיבול ושום לתיבול דגים, עופות, מאפים ועוד","נווה התבלין בע""מ",IL,אהרוני עשבי טיבול לד,Unknown,0.00,Unknown,false,1,15.60,15.60,true,1,
7290015652537,false,"תערובת תיבול פלפל, לימון פרסי ושום לבשר ותבשילים","נווה התבלין בע""מ",IL,"אהרוני פלפל, לימון פ",גרמים,130.00,100 גרם,false,1,15.60,12.00,true,1,
7290015652544,false,תבלין גריל עוף ארומטי 130 גרם - אהרוני,"נווה התבלין בע""מ",IL,אהרוני גריל עוף ארומ,גרמים,130.00,100 גרם,false,1,15.60,12.00,true,1,
7290015652551,false,תערובת תיבול זעתר ושומשום בלדי,"נווה התבלין בע""מ",IL,אהרוני זעתר ושומשום,גרמים,150.00,100 גרם,false,1,15.60,10.40,true,1,
7290015652568,false,אהרוני עשבי טיבול לדגים 70 גר,"נווה התבלין בע""מ",IL,אהרוני עשבי טיבול לד,Unknown,0.00,Unknown,false,1,15.60,15.60,true,1,
7290015652575,false,תבלין ראס אל חנות 150 גרם - אהרוני,"נווה התבלין בע""מ",IL,אהרוני ראס אל חנות 1,גרמים,150.00,100 גרם,false,1,15.60,10.40,true,1,
7290015652582,false,אהרוני חריימה דג 150 גר,"נווה התבלין בע""מ",IL,אהרוני חריימה דג 150,גרמים,150.00,100 גרם,false,1,15.60,10.40,true,1,
7290015652599,false,תערובת מתובלת להכנת צלי בקר,"נווה התבלין בע""מ",IL,אהרוני צלי בקר 120 ג,גרמים,120.00,100 גרם,false,1,15.60,13.00,true,1,
7290015662031,false,ספירולינה טריה simpli good 140 גרם,,IL,ספירולינה טריה 140 ג,גרמים,140.00,100 גרם,false,1,49.90,35.64,true,1,
7290015670012,false,מטבעות שומשום וטחינה טבעוני 240 גרם,קונדיטוריה מרסי,IL,מטבעות שומשום וטחינה,Unknown,0.00,Unknown,false,1,34.90,34.90,true,1,
7290015670050,false,עוגיות טבעוניות ג'ינ,מרסי,IL,גינגר שוקולד טבעוני,Unknown,0.00,Unknown,false,1,34.90,34.90,true,1,
7290015670418,false,עוגיות מרסי חמאה ורי,קונדיטוריה מרסי,IL,עוגיות אלפחורס,Unknown,0.00,Unknown,false,1,34.90,34.90,true,1,
7290015670449,false,עוגיות מרסי שבולת שו,קונדיטוריה מרסי,IL,גרנולה פירות יבשים,Unknown,0.00,Unknown,false,1,34.90,34.90,true,1,
7290015670456,false,עוגיות מרסי בצק פריך,קונדיטוריה מרסי,IL,רולדת תמרים,Unknown,0.00,Unknown,false,1,34.90,34.90,true,1,
7290015670463,false,עוגיות מרסי חמאה שוק,קונדיטוריה מרסי,IL,עוגיות שוקולד ציפס,Unknown,0.00,Unknown,false,1,34.90,34.90,true,1,
7290015670470,false,סהרוני שקד חמאה 240 גרם,קונדיטוריה מרסי,IL,סהרוני שקד חמאה 240,גרמים,240.00,100 גרם,false,1,34.90,14.54,true,1,
7290015670494,false,עוגיות מרסי בצק חמאה,קונדיטוריה מרסי,IL,עוגיות לימון שקד פרו,Unknown,0.00,Unknown,false,1,34.90,34.90,true,1,
7290015670708,false,עוגיות מרסי בצק פריך,קונדיטוריה מרסי,IL,כעכי שומשום,Unknown,0.00,Unknown,false,1,34.90,34.90,true,1,
7290015670753,false,עוגיות מרסי חמאה וגב,מרסי,IL,מקלות פרמזן,Unknown,0.00,Unknown,false,1,34.90,34.90,true,1,
7290015673150,false,קציצות אוקרה ברוקולי וציה 400 גר,ליב,,קציצות אוקרה ברוקולי,גרמים,400.00,100 גרם,false,1,20.90,5.23,true,1,
7290015673167,false,קציצות אוקרה פטריות וציה 400 גר,ליב,,קציצות אוקרה פטריות,גרמים,400.00,100 גרם,false,1,20.90,5.23,true,1,
7290015673198,false,בורגר מהצומח עם פטריות טקסס 400 גר,טבע דלי בעמ,IL,בורגר מהצומח עם פטרי,גרמים,400.00,100 גרם,false,1,24.90,6.23,true,1,
7290015673204,false,קבב מהצומח עם פטרוזיליה 400 גר,טבע דלי בעמ,IL,קבב מהצומח עם פטרוזי,גרמים,400.00,100 גרם,false,1,24.90,6.23,true,1,
7290015673211,false,טחון מהצומח להכנת בולונז קפוא 500 גר,טבע דלי,IL,טחון מהצומח להכנת,גרמים,500.00,100 גרם,false,1,25.90,5.18,true,1,
7290015673464,false,שווארמה מן הצומח קפוא 400 גר,טבע דלי,IL,שווארמה מן הצומח קפו,גרמים,400.00,100 גרם,false,1,25.90,6.48,true,1,
7290015673570,false,קריספי טופו מוכנים לאכילה 350 גר,טבע דלי,IL,קריספי טופו מוכנים ל,גרמים,350.00,100 גרם,false,1,26.90,7.69,true,1,
7290015673594,false,קריספי טופו ברוטב בוטנים קארי 350 גר,טבע דלי,IL,קריספי טופו ברוטב בו,גרמים,350.00,100 גרם,false,1,26.90,7.69,true,1,
7290015673617,false,כדורי בשר ללא בשר 400 גרם,טבע דלי,IL,כדורי בשר ללא בשר 40,גרמים,400.00,100 גרם,false,1,27.90,6.98,true,1,
7290015675017,false,איתוש להרחקת יתושים,,,איתוש להרחקת יתושים,Unknown,0.00,Unknown,false,1,44.90,44.90,true,1,
7290015675048,false,דאודורנט סטיק פטשולי,,,דאודורנט סטיק פטשולי,Unknown,0.00,Unknown,false,1,39.90,39.90,true,1,
7290015675161,false,מסכת ניקוי חימר ירוק,,,מסכת ניקוי חימר ירוק,Unknown,0.00,Unknown,false,1,64.90,64.90,true,1,
7290015675192,false,משחת קלנדולה אורגנית,,,משחת קלנדולה אורגנית,Unknown,0.00,Unknown,false,1,44.90,44.90,true,1,
7290015675215,false,קרם הגנה לפנים 50 מל,,,קרם הגנה לפנים 50 מל,Unknown,0.00,Unknown,false,1,89.90,89.90,true,1,
7290015675253,false,סבון לפנים יסמין/ורד,,,סבון לפנים יסמין/ורד,Unknown,0.00,Unknown,false,1,54.90,54.90,true,1,
7290015675277,false,קרם ידים אורגני אתרו,,,קרם ידים אורגני אתרו,Unknown,0.00,Unknown,false,1,29.90,29.90,true,1,
7290015675284,false,קרם רגליים אורגני את,,,קרם רגליים אורגני את,Unknown,0.00,Unknown,false,1,29.90,29.90,true,1,
7290015695961,false,מיקס עלי בייבי אורגנ,,,עלי בייבי אורגניים,Unknown,0.00,Unknown,false,1,12.50,12.50,true,1,
7290015704526,false,כף סינון אובאלית COLLECTION,,,כף סינון אובאלית COL,Unknown,0.00,Unknown,false,1,22.90,22.90,true,1,
7290015704670,false,כף הגשה COLLECTION,,,כף הגשה COLLECTION,Unknown,0.00,Unknown,false,1,22.90,22.90,true,1,
7290015765039,false,פרופוליס מרוכז 40 כמוסות,,,פרופוליס מרוכז 40 כמ,Unknown,0.00,Unknown,false,1,45.90,45.90,true,1,
7290015765404,false,זים (75) GAZ,,,זים (75) GAZ,Unknown,0.00,Unknown,false,1,59.90,59.90,true,1,
7290015765596,false,אלטמן - ספירולינה כמוסות 200 יח',,,ספירולינה 200 טבליות,Unknown,0.00,Unknown,false,1,87.90,87.90,true,1,
7290015765626,false,אלטמן - ברזל COMFORT אריזות אישיות 30 יח',אלטמן,,ברזל קומפורט 30 כשר,Unknown,0.00,Unknown,false,1,89.90,89.90,true,1,
7290015765756,false,אשווגנדה 60 כמוסות,,,אשווגנדה 60 כמוסות,Unknown,0.00,Unknown,false,1,129.90,129.90,true,1,
7290015765930,false,מגה גלופלקס כורכום 30 MGC,אלטמן,,מגה גלופלקס כורכום 3,Unknown,0.00,Unknown,false,1,139.90,139.90,true,1,
7290015790000,false,גרגירי רימונים בקופס,חקלאי,IL,גרעיני רימון,קילוגרמים,0.00,"ק""ג",false,1,17.90,17.90,true,1,
7290015856706,false,סנקסו חטיף אפונה אפויה טבעי 50 גרם,תות תעשיות מזון (201,IL,סנקסו חטיף אפונה אפו,גרמים,50.00,100 גרם,false,1,5.90,11.80,true,1,
7290015856713,false,סנקסו חטיף אפונה אפוי עם אריסה 50 גרם,אפיפית נצרת (1971) ב,IL,סנקסו חטיף אפונה אפו,גרמים,50.00,100 גרם,false,1,5.90,11.80,true,1,
7290015856720,false,סנקסו חטיף אפונה אפוי עם זעתר 50 גרם,תות תעשיות מזון (201,IL,סנקסו חטיף אפונה אפו,גרמים,50.00,100 גרם,false,1,5.90,11.80,true,1,
7290015856737,false,סנקסו חטיף אפונה אפוי עם פלפל 50 גרם,אפיפית נצרת (1971) ב,IL,סנקסו חטיף אפונה אפו,גרמים,50.00,100 גרם,false,1,5.90,11.80,true,1,
7290015858687,false,עללחם ממרח איולי שום 295 גרם,מדשא תעשיות מזון בעמ,IL,איולי שום עללחם 295,גרמים,295.00,100 גרם,false,1,16.90,5.73,true,1,
7290015858694,false,עללחם ממרח איולי שום לימון 295 גרם,מדשא תעשיות מזון בעמ,IL,איולי שום לימון עללח,גרמים,295.00,100 גרם,false,1,16.90,5.73,true,1,
7290015895408,false,ויטמין 100 כמ` A,,,ויטמין 100 כמ` A,Unknown,0.00,Unknown,false,1,52.90,52.90,true,1,
7290015951227,false,"יין גמלא השמורה סירה 2021 750 מ""ל",יקבי רמת הגולן,IL,יין גמלא סירה 2019 7,Unknown,0.00,Unknown,false,1,70.90,70.90,true,1,
7290015951616,false,"יין סנגובזה גמלא 2019 750 מ""ל",יקבי רמת הגולן,,יין סנגובזה גמלא 201,Unknown,0.00,Unknown,false,1,66.90,66.90,true,1,
7290015968133,false,אטב פרמיום כחול/לבן הוסטס 48 יח,,CN,אטב פרמיום כחול/לבן,Unknown,0.00,Unknown,false,1,14.90,14.90,true,1,
7290015977104,false,לוח חיתוך 20*15במבוק ארקוסטיל,,,לוח חיתוך במבוק 20X1,Unknown,0.00,Unknown,false,1,21.90,21.90,true,1,
7290015979559,false,חסה ערבית,,,חסה ערבית,Unknown,0.00,Unknown,false,1,4.90,4.90,true,1,
7290015979665,false,חסה עגולה,חקלאי,IL,חסה עגולה,Unknown,0.00,Unknown,false,1,7.90,7.90,true,1,
7290015996983,false,סוכרזית סוכרלוז 0 קלוריות 130 גר,ביסקול בעn,IL,סוכרזית סוכרלוז 0 קל,גרמים,136.00,100 גרם,false,1,35.90,26.40,true,1,
7290016006322,false,מים מינרליים מי עדן,מופק ממקור בזלתי עדן,IL,מי עדן 1 ליטר,מיליליטרים,1000.00,"100 מ""ל",false,1,2.90,0.29,true,1,
7290016006339,false,מים מינרלים - מארז רביעייה,מופק ממקור בזלתי עדן,IL,רביעיית מי עדן 1 ליט,מיליליטרים,4000.00,"100 מ""ל",false,1,10.90,0.27,true,1,
7290016035032,false,לחמניות פשתן מזרעי פשתן טחונים 250 גר,מאפית ביכורים,IL,לחמניות פשתן מזרעי פ,גרמים,250.00,100 גרם,false,1,24.90,9.96,true,1,
7290016077766,false,היינץ שעועית אפויה 453 גרם,הייבורי קנקו,CA,היינץ שעועית אפויה 4,גרמים,453.00,100 גרם,false,1,8.90,1.96,true,1,
7290016096491,false,נתחי טונה בהירה בשמן צמחי שלישיה *80ג' פילטונה,תעשיות פילטונה,IL,נתחי טונה בהירה בשמן,גרמים,240.00,100 גרם,false,1,11.90,4.96,true,1,
7290016114041,false,ניקול המגבת הבריאה זוג,,,ניקול המגבת הבריאה ז,יחידה,1.00,יחידה,false,1,15.90,15.90,true,1,
7290016146103,false,סילאן טבעי לחיץ 500 גרם,"אלמונדס בע""מ",IL,סילאן טבעי לחיץ 500,גרמים,500.00,100 גרם,false,1,13.90,2.78,true,1,
7290016146141,false,"סירופ מייפל טהור אורגני 250 מ""ל",אלמנדוס,IL,סירופ מייפל טהור אור,מיליליטרים,250.00,"100 מ""ל",false,1,29.90,11.96,true,1,
7290016146400,false,שוקולד תבור 60% 100 גרם,לובקה,IL,שוקולד תבור 60% 100,גרמים,100.00,100 גרם,false,1,16.70,16.70,true,1,
7290016146424,false,BIO שוקולד תבור 70% 100 גרם,לובקה,IL,BIO שוקולד תבור 70%,גרמים,100.00,100 גרם,false,1,16.70,16.70,true,1,
7290016146431,false,שוקולד תבור 72% 100 גרם,לובקה,IL,שוקולד תבור 72% 100,גרמים,100.00,100 גרם,false,1,16.70,16.70,true,1,
7290016146448,false,שוקולד תבור 85% 100 גרם,לובקה,IL,שוקולד תבור 85% 100,גרמים,100.00,100 גרם,false,1,16.70,16.70,true,1,
7290016146455,false,שוקולד תבור 100% 100 גרם BIO,לובקה,IL,שוקולד תבור 100% 10,גרמים,100.00,100 גרם,false,1,16.70,16.70,true,1,
7290016150391,false,סלק ואקום 500 גרם,חקלאי,IL,סלק ואקום 500 גרם,Unknown,0.00,Unknown,false,1,7.90,7.90,true,1,
7290016150865,false,תערובת מיזלי גרין בנ,וויטליה,MK,"מיזלי בננה ותמר 1 ק""",גרמים,1000.00,100 גרם,false,1,25.90,2.59,true,1,
7290016156423,false,מאפה כוסמת ןסלק טבעוני 270 גרם,,,מאפה כוסמת ןסלק טבעו,גרמים,270.00,100 גרם,false,1,29.90,11.07,true,1,
7290016156430,false,מאפה כוסמת ןבטטה טבעוני 270 גרם,,,מאפה כוסמת ןבטטה טבע,גרמים,270.00,100 גרם,false,1,29.90,11.07,true,1,
7290016188035,false,קברנה סובניון אדום יבש 750 מל שביעית,,,קברנה סובניון אדום י,מיליליטרים,750.00,"100 מ""ל",false,1,39.90,5.32,true,1,
7290016188066,false,יין שיראז אדום יבש 750 מל PRIVATE שביעי,,,יין שיראז אדום יבש 7,Unknown,0.00,Unknown,false,1,39.90,39.90,true,1,
7290016197495,false,ניקול זוג מטליות הקסם מיקרופייבר לרצפה,חוגלה קימברלי,CN,ניקול מטלית קסם לרצפ,Unknown,0.00,Unknown,false,1,22.90,22.90,true,1,
7290016197877,false,ניקול שקיות לפחי מטבח קטנים 60 יח' M,UFO,,שקית לפחי אשפה קטנים,Unknown,0.00,Unknown,false,1,26.50,26.50,true,1,
7290016233384,false,גפילטע פיש 7 קציצות 540 גרם תומר,דג טעים ירושלים,IL,גפילטע פיש 7 קציצות,גרמים,540.00,100 גרם,false,1,17.70,3.28,true,1,
7290016233995,false,שימורי אנשובי עם שמן זית 45 ג' תומר,תומר,IL,פילה אנשובי,גרמים,45.00,100 גרם,false,1,6.90,15.33,true,1,
7290016245318,false,לחם פשתן פרוס מזרעי פשתן טחונים 450 גר,,IL,לחם פשתן פרוס מזרעי,גרמים,450.00,100 גרם,false,1,24.90,5.53,true,1,
7290016246209,false,חטיף חלבה וניל 100 גרם בארכה,בארכה,,חטיף חלבה וניל 100 ג,גרמים,100.00,100 גרם,false,1,3.90,3.90,true,1,
7290016246308,false,בארכה בקטנה חטיף חלבה וניל קוקוס 7*18 גר,רושדי תעשיות מזון בע,IL,בארכה בקטנה חטיף חלב,גרמים,126.00,100 גרם,false,1,13.50,10.71,true,1,
7290016248173,false,"יין מסע ישראלי לבן ויתקין 750 מ""ל","ישראל-יקב ויתקין בע""",,יין מסע ישראלי לבן ו,Unknown,0.00,Unknown,false,1,79.90,79.90,true,1,
7290016277630,false,צנובר 150 גרם ששון - קופסא,"דין שיווק וקלייה בע""",,צנובר 150 גרם ששון -,גרמים,150.00,100 גרם,false,1,29.90,19.93,true,1,
7290016299199,false,ארגניה סרום חומצה היאלורונית וקרטין 100,ארגניה,IL,סרום חומצה היאלרונית,Unknown,0.00,Unknown,false,1,59.90,59.90,true,1,
7290016299236,false,"ARGANIA מסכה לשיער חומצה היאלורונית שיאהמתולתל ומסולסל 500 מ""ל",,,מסיכת שיער חומצה היא,Unknown,0.00,Unknown,false,1,59.90,59.90,true,1,
7290016299298,false,"קרם גוף אלוורה קמומיל ותה ירוק 500 מ""ל",,IL,קרם גוף אלוורה קמומי,ליטרים,0.50,ליטר,false,1,39.90,79.80,true,1,
7290016299618,false,"ARGANIA שמפו קיק ללא מלחים ,ללא SLS ,ללא פארבן 450 מ""ל",ארגניה,IL,שמפו קיק,Unknown,0.00,Unknown,false,1,34.90,34.90,true,1,
7290016299670,false,שמן קיק בכבישה קרה ארגניה,,,שמן קיק בכבישה קרה,מיליליטרים,0.00,"100 מ""ל",false,1,49.90,49.90,true,1,
7290016299878,false,"ARGANIA מסיכה טיפולית לשיער מעושר בחומצה האילרונית וקרטין ללא SLS 500 מ""ל",ארגניה,IL,מסיכת שיער חומצה היא,Unknown,0.00,Unknown,false,1,59.90,59.90,true,1,
7290016321883,false,פ.ו נייר טואלט מתכלה ילדים 40יח- שלישייה,עלבד משואות יצחק בעמ,IL,נייר טואלט פרש וואנס,Unknown,0.00,Unknown,false,1,16.70,16.70,true,1,
7290016321890,false,פ.ו נייר טואלט מתכלה מבוגרים 40יח- שלישייה,עלבד משואות יצחק בעמ,IL,נייר טואלט פרש וואנס,Unknown,0.00,Unknown,false,1,16.70,16.70,true,1,
7290016370959,false,חציל קלוי פירה בצנצנת ‏580‏ ג' יבנה,תאי פרזידנט פוד פאבל,GR,חציל קלוי פירה בצנצנ,גרמים,580.00,100 גרם,false,1,10.90,1.88,true,1,
7290016370973,false,פלפל קלוי גמביה בצנצנת 580 ג' ‏יבנה,קוזט אס.איי.פיין פוד,GR,פלפל קלוי גמביה בצנצ,גרמים,580.00,100 גרם,false,1,10.90,1.88,true,1,
7290016372373,false,רסק עגבניות ללא תוספת סוכר ומלח - מארז זוג,גרנד איטליה Grand Italia,IT,רסק עגבניות גראנד בל,גרמים,270.00,100 גרם,false,1,7.90,2.93,true,1,
7290016372397,false,"תה ויסוצקי ירוק תפוז,ג'ינגר וכורכום 25 יח'",ויסוצקי ירוק,IL,תה ירוק תפוז גינגר ו,Unknown,0.00,Unknown,false,1,24.90,24.90,true,1,
7290016372489,false,ויסוצקי חליטת ג'ינג'ר ולימון סודות הצמחים 25 שקיקים,תה ויסוצקי,IL,סודות הצמחים גינגר ו,Unknown,0.00,Unknown,false,1,21.90,21.90,true,1,
7290016381443,false,סילאן לחיץ טבעי כרם 350 גר,משק צור עין יהב,,סילאן לחיץ טבעי כרם,גרמים,350.00,100 גרם,false,1,15.50,4.43,true,1,
7290016381474,false,סילאן לחיץ אורגני כרם 350 גר,משק צור עין יהב,,סילאן לחיץ אורגני כר,גרמים,350.00,100 גרם,false,1,19.90,5.69,true,1,
7290016417012,false,ויטמין C ליפוזומאלי בספיגה גבוהה בטעם תפוז,אקוסאפ ecosupp,,ויטמין C ליפוזומלי 2,Unknown,0.00,Unknown,false,1,199.90,199.90,true,1,
7290016417029,false,ויטמין B12 מתיל קובלמין וחומצה פולית,אקוסאפ ecosupp,,ויטמין מתיל B12 וחומ,Unknown,0.00,Unknown,false,1,119.90,119.90,true,1,
7290016417036,false,חומצה פולית טבעית BI,,,חומצה פולית טבעית BI,Unknown,0.00,Unknown,false,1,119.90,119.90,true,1,
7290016417043,false,ויטמין D3 ליפוזומלי,,,ויטמין D3 ליפוזומלי,Unknown,0.00,Unknown,false,1,119.90,119.90,true,1,
7290016417081,false,IRON MAX ברזל בתוספת ויטמין C,אקוסאפ ecosupp,,ברזל עדין למבוגרים 6,Unknown,0.00,Unknown,false,1,119.90,119.90,true,1,
7290016505023,false,שוקולד פנדה קרם נוגט טבעוני 100 גרם,"מדשא תעשיות מזון בע""",IL,שוקולד פנדה קרם נוגט,גרמים,100.00,100 גרם,false,1,20.80,20.80,true,1,
7290016505030,false,שוקולד פנדה אגוזי לוז טבעוני 100 גרם,,,שוקולד פנדה אגוזי לו,גרמים,100.00,100 גרם,false,1,19.90,19.90,true,1,
7290016505047,false,שוקולד פנדה קרמלח טבעוני 100 גרם,"מדשא תעשיות מזון בע""",IL,שוקולד פנדה קרמלח טב,גרמים,100.00,100 גרם,false,1,19.90,19.90,true,1,
7290016505061,false,שוקולד פנדה לבן עוגיות טבעוני 100 גרם,,,שוקולד פנדה לבן עוגי,גרמים,100.00,100 גרם,false,1,20.80,20.80,true,1,
7290016523195,false,"סטימר לאידוי עץ ""8",Fujian fuzhou tian s,,"סטימר לאידוי עץ ""8",Unknown,0.00,Unknown,false,1,37.90,37.90,true,1,
7290016574272,false,ממרח אריסה 180 גרם מ,,IL,ממרח אריסה 180 גר,גרמים,180.00,100 גרם,false,1,20.90,11.61,true,1,
7290016580082,false,קסרול עמוק רויאל 10,,CN,קסרול עמוק רויאל 10,Unknown,1.00,Unknown,false,1,7.50,7.50,true,1,
7290016580853,false,כוס נייר קשיחה 8 OZ,,CN,כוס נייר קשיחה 8 OZ,Unknown,0.00,Unknown,false,1,14.90,14.90,true,1,
7290016584011,false,חטיפוני גזר 350 גרם גיזרונים,"מרינה פטריות הגליל בע""מ",IL,חטיפוני גזר 350 גרם,גרמים,350.00,100 גרם,false,1,10.90,3.11,true,1,
7290016594027,false,שליז חמאת אגוזי נמר אגוזי לוז ושקדים 300,,,שליז חמאת אגוזי נמר,גרמים,300.00,100 גרם,false,1,29.90,9.97,true,1,
7290016594065,false,שליז צופלה-ממרח אגוזי נמר קשיו קקאו 300ג,,,שליז צופלה-ממרח אגוז,גרמים,300.00,100 גרם,false,1,29.90,9.97,true,1,
7290016594140,false,"מחית אורגנית תפו""ע אגסים וברוקולי 120 גר",,IT,"מחית אורגנית תפו""ע א",גרמים,120.00,100 גרם,false,1,6.20,5.17,true,1,
7290016607772,false,"יין רוזה גליל דלתון 750 מ""ל","איי, בי, אינבוו",IL,יין רוזה גליל דלתון,Unknown,0.00,Unknown,false,1,54.90,54.90,true,1,
7290016646030,false,חלווה טעם של פעם היילה 400 גרם,,אתיופיה,חלווה טעם של פעם היי,גרמים,400.00,100 גרם,false,1,29.90,7.48,true,1,
7290016646085,false,טחינה אתיופית טבעונית היילה 380 גרם,,אתיופיה,טחינה אתיופית טבעוני,גרמים,380.00,100 גרם,false,1,19.90,5.24,true,1,
7290016646115,false,"היילה חלווה עם פיסטוק ללת""ס 400 גרם",,אתיופיה,היילה חלווה עם פיסטו,גרמים,400.00,100 גרם,false,1,29.90,7.48,true,1,
7290016646122,false,"היילה חלווה בטעם של פעם ללת""ס 400 גרם",,אתיופיה,היילה חלווה בטעם של,גרמים,400.00,100 גרם,false,1,29.90,7.48,true,1,
7290016669862,false,סבון שמנים לוליס אורגני שלישיה 125גרם,,,סבון שמנים לוליס אור,גרמים,450.00,100 גרם,false,1,41.90,9.31,true,1,
7290016682038,false,"פריניב סחוט תפוזים 400מ""ל",פרי ניב,IL,מיץ תפוזים פריניב 40,מיליליטרים,400.00,"100 מ""ל",false,1,9.90,2.48,true,1,
7290016682052,false,מיץ לימונענע פריניב 400 מל,פרי ניב,IL,מיץ לימונענע פריניב,מיליליטרים,400.00,"100 מ""ל",false,1,9.90,2.48,true,1,
7290016682083,false,"פריניב נקטר תות בננה 400 מ""ל",פרי ניב,IL,מיץ תות בננה פריניב,מיליליטרים,400.00,"100 מ""ל",false,1,9.90,2.48,true,1,
7290016682182,false,פריניב שייק תמר בננה מופחת סוכר 1 ליטר,פריניב בעמ,IL,שייק תמר בננה מופחת,מיליליטרים,1000.00,"100 מ""ל",false,1,18.90,1.89,true,1,
7290016682250,false,מיץ תפוז גזר פרי ניב 1 ליטר,פרי ניב,IL,מיץ תפוגזר 1 ליטר פר,מיליליטרים,1000.00,"100 מ""ל",false,1,17.20,1.72,true,1,
7290016682335,false,מיץ תפוזים פרי ניב 2 ליטר -,פרי ניב,IL,סחוט טרי תפוזים 2 לי,ליטרים,0.00,ליטר,false,1,24.90,24.90,true,1,
7290016682359,false,מיץ תפוזים שמוטי פרי ניב 2 ליטר-,פרי ניב,IL,מיץ תפוז שמוטי 100%,ליטרים,0.00,ליטר,false,1,24.90,24.90,true,1,
7290016692198,false,מאמי קייר משחת החתלה קלנדולה קלאסיק,מאמי קר Mommy Care,IL,קרם החתלה - קלנדולה,Unknown,0.00,Unknown,false,1,24.90,24.90,true,1,
7290016692587,false,מרכך כביסה ירוק 1 ליטר,,,מרכך כביסה ירוק 1 לי,מיליליטרים,1000.00,"100 מ""ל",false,1,27.90,2.79,true,1,
7290016692600,false,מרכך כביסה ורוד 1 ליטר,,,מרכך כביסה ורוד 1 לי,מיליליטרים,1000.00,"100 מ""ל",false,1,27.90,2.79,true,1,
7290016717167,false,"יין 2 ווטאס לבן יקבי כרמל 750 מ""ל",,IL,יין 2 ווטאס לבן יקבי,Unknown,0.00,Unknown,false,1,59.90,59.90,true,1,
7290016717174,false,"יין 2 ווטאס רוזה יקבי כרמל 750 מ""ל",,,יין 2 ווטאס רוזה יק,Unknown,0.00,Unknown,false,1,59.90,59.90,true,1,
7290016717754,false,"יין ישן נושן יקבי כרמל 750 מ""ל ^^^",אגודת הכורמים הקואופ,IL,יין ישן נושן אדום,Unknown,0.00,Unknown,false,1,20.90,20.90,true,1,
7290016747171,false,"קרם תינוקות להגנה מפני השמש 50מ""ל spf50",מורז,IL,קרם תינוקות להגנה מפ,Unknown,0.00,Unknown,false,1,64.90,64.90,true,1,
7290016757644,false,פותחן בקבוקים ידית ס,,,פותחן בקבוקים ידית ס,Unknown,0.00,Unknown,false,1,19.80,19.80,true,1,
7290016865943,false,אטריות ביצים פטוציני אוריינט 400 גרם,פ.פ.ח טאביט,PL,אטריות ביצים פטוציני,גרמים,400.00,100 גרם,false,1,13.90,3.48,true,1,
7290016866667,false,"פרודונטקס - משחת שיניים ללא פלאוריד 75 מ""ל",פרודונטקס Parodontax,SK,משחת שיניים פרודונטק,Unknown,0.00,Unknown,false,1,30.90,30.90,true,1,
7290016866674,false,"פרודונטקס - משחת שיניים מלבינה 75 מ""ל",פרודונטקס Parodontax,SK,משחת שיניים פרודונטק,Unknown,0.00,Unknown,false,1,30.90,30.90,true,1,
7290016867152,false,פיתות קלות כוסמין 5 יחידות 330 גר,המאפה של דר מרק בריא,IL,פיתות קלות כוסמין 5,גרמים,330.00,100 גרם,false,1,14.90,4.52,true,1,
7290016883176,false,"מוזלי פתיתי שיבולת שועל עם שוקולד מריר ושבבי קוקוס 1 ק""ג","דין שיווק וקלייה בע""",MK,"מוזלי ע""ב פתיתי שיבו",גרמים,1000.00,100 גרם,false,1,21.90,2.19,true,1,
7290016995008,false,פופקורן אורגני 500 גרם,תבואות,,פופקורן אורגני 500 ג,גרמים,500.00,100 גרם,false,1,10.90,2.18,true,1,
7290016995046,false,"קמח טף טבעי 1 ק""ג תב",תבואות,,"קמח טף אורגני 1 ק""ג",גרמים,1000.00,100 גרם,false,1,21.90,2.19,true,1,
7290016995053,false,קמח טפיוקה 500 גר' ת,תבואות,,קמח טפיוקה 500 גרם,גרמים,500.00,100 גרם,false,1,9.90,1.98,true,1,
7290016995220,false,דבש אורגני מפרחי בר 500 גרם,,AR,דבש אורגני מפרחי בר,גרמים,500.00,100 גרם,false,1,43.90,8.78,true,1,
7290016995305,false,פסטה טריקולור אורגנית 500 גרם,,IT,פסטה טריקולור אורגני,גרמים,500.00,100 גרם,false,1,9.90,1.98,true,1,
7290016995329,false,מלחיה הימליה גס תבוא,תבואות,PK,מלח הימלאיה גס 250 ג,גרמים,250.00,100 גרם,false,1,9.90,3.96,true,1,
7290016995398,false,חומץ תפוחים אורגני 1 ליטר,תבואות,ES,חומץ תפוחים אורגני 1,מיליליטרים,1000.00,"100 מ""ל",false,1,21.90,2.19,true,1,
7290016995404,false,חומץ תפוחים מסונן אורגני 1 ליטר,תבואות,,חומץ תפוחים מסונן א,מיליליטרים,1000.00,"100 מ""ל",false,1,21.90,2.19,true,1,
7290016995466,false,אגבה כחולה אורגני 330 גרם,שקד תבור,MX,אגבה כחולה אורגני 33,גרמים,330.00,100 גרם,false,1,15.90,4.82,true,1,
7290016995701,false,מחית בננה תפוח אורגני 100 גרם,תבואות,,מחית בננה תפוח אורגנ,גרמים,100.00,100 גרם,false,1,4.90,4.90,true,1,
7290016995725,false,מחית מנגו תפוח אפרסק אורגני 100 גרם,תבואות מוצרי מזון או,IT,מחית מנגו תפוח אפרסק,גרמים,100.00,100 גרם,false,1,4.90,4.90,true,1,
7290016995787,false,"קמח שיפון מלא מנופה 1 ק""ג",תבואות,IL,קמח שיפון מלא מנופה,גרמים,1000.00,100 גרם,false,1,11.90,1.19,true,1,
7290016995992,false,סודה לשתייה ללא אלומיניום 700 גרם,תבואות,IL,סודה לשתייה ללא אלומ,גרמים,700.00,100 גרם,false,1,20.90,2.99,true,1,
7290017031255,false,חטיף דגנים ואורז עם פירות יבשים בוטנים ושקדים ללא גלוטן 140 ג',אמקו,CZ,חטיף דגנים ואורז עם,גרמים,140.00,100 גרם,false,1,12.90,9.21,true,1,
7290017031262,false,חטיף דגנים ואורז עם חמאת בוטנים ללא גלוטן 140 ג',אמקו,CZ,חטיף דגנים ואורז עם,גרמים,140.00,100 גרם,false,1,12.90,9.21,true,1,
7290017031286,false,חטיף דגנים ואורז בתוספת שוקולד מריר ללא גלוטן 140 ג',אמקו,CZ,חטיף דגנים אורז עם ש,גרמים,140.00,100 גרם,false,1,12.90,9.21,true,1,
7290017058009,false,שימורי אנשובי עם צלפים 45 ג' תומר,,IL,אנשובי עם צלפים 45 ג,Unknown,0.00,Unknown,false,1,6.90,6.90,true,1,
7290017058146,false,רסק תפוח עץ עם אפרסק 452 גר,תומר,,רסק תפוח עץ עם אפרסק,גרמים,452.00,100 גרם,false,1,13.50,2.99,true,1,
7290017058542,false,"שמן קוקוס אורגני 414 מ""ל",,,שמן קוקוס אורגני 414,מיליליטרים,414.00,"100 מ""ל",false,1,24.90,6.01,true,1,
7290017058573,false,תומר פרוסות פלפל חלפיניו בחומץ 340 גרם,אינדיה אגרו אקספורט,IN,פרוסות פלפל חלפיניו,גרמים,340.00,100 גרם,false,1,9.90,2.91,true,1,
7290017058795,false,תירס גמדי שלם במי מלח בצנצנת 340 גרם,אינדיה אגרו אקספורט,IN,תירס גמדי שלם במי מל,גרמים,340.00,100 גרם,false,1,7.90,2.32,true,1,
7290017058832,false,תרסיס שמן חמניות 142 גרם,,TR,תרסיס שמן חמניות 142,גרמים,142.00,100 גרם,false,1,13.90,9.79,true,1,
7290017058887,false,רביעיית טונה בהירה בצ'ילי* 140 ג' מונטרי,,TH,טונה מונטריי צילי חר,גרמים,140.00,100 גרם,false,1,23.90,17.07,true,1,
7290017062693,false,מרכך כביסה מרוכז לבן 1*5 ליטר טאצ,סאסאטק,IL,מרכך כביסה מרוכז לבן,Unknown,0.00,Unknown,false,12,11.90,11.90,true,1,
7290017065007,false,פרוסות גבינה מוצרלה חצי קשה 22% שומן 200 ג' גד,מחלבות גד בעמ,IL,פרוסות מוצרלה גד 200,גרמים,200.00,100 גרם,false,1,18.50,9.25,true,1,
7290017065137,false,ריקוטה למריחה 5% טבעית 200 גרם - רובין,האי נאם סי או אל.טי.,IL,ריקוטה למריחה 5% טבע,גרמים,200.00,100 גרם,false,1,10.10,5.05,true,1,
7290017065236,false,גבינה בולגרית מעודנת 24% גד 250 ג',הנסיך- מפעל לייצור ט,IL,גבינה בולגרית מעודנת,גרמים,250.00,100 גרם,false,1,22.60,9.04,true,1,
7290017065434,false,פרוסות גבינה גאודה הולנדית חצי קשה 200 גרם בית יוסף,מחלבות גד בעמ,NL,פרוסות גאודה בקר 200,גרמים,200.00,100 גרם,false,1,21.90,10.95,true,1,
7290017065441,false,פרוסות גבינת גאודה עיזים 30%,מחלבות גד,NL,פרוסות גאודה עיזים 2,גרמים,200.00,100 גרם,false,1,33.90,16.95,true,1,
7290017065526,false,קוואטרו פורמאג'י 4 גבינות מגוררות 26%,מחלבות גד בעמ,IL,גבינה קוואטרו פורמאג,גרמים,300.00,100 גרם,false,1,29.90,9.97,true,1,
7290017065731,false,גבינת שמנת 30% ניו יורק +כמהין 200 גרם רבנות,פ.פ.ח. שאביט,IL,גבינת שמנת עם כמהין,גרמים,200.00,100 גרם,false,1,12.90,6.45,true,1,
7290017086057,false,כדורי פלאפל קציצות טבעוני 400 גרם,,IL,כדורי פלאפל קציצות ט,גרמים,400.00,100 גרם,false,1,22.90,5.73,true,1,
7290017086071,false,כדורי תירס קציצות טבעוני 400 גרם,,IL,כדורי תירס קציצות טב,גרמים,400.00,100 גרם,false,1,22.90,5.73,true,1,
7290017100418,false,כפפות חד פעמי לטיקס L 1/10 עם אבקה,פאלאס,ID,L כפפות פנדה לטקס פר,יחידה,1.00,יחידה,false,1,41.90,41.90,true,1,
7290017105468,false,מארז שלישייה אפונה קטנה יכין 3*200 גר,קשקמט קונסרב הונגריה,IL,מארז שלישייה אפונה ק,גרמים,600.00,100 גרם,false,1,14.90,2.48,true,1,
7290017105895,false,גרגרי חומוס להכנת חומוס 550 גרם יכין,זנלכל,IL,גרגירי חומוס מסעדות,Unknown,550.00,Unknown,false,1,8.90,0.02,true,1,
7290017118925,false,מאג פורצלן לבן אפור,,,מאג פורצלן לבן אפור,Unknown,0.00,Unknown,false,1,13.90,13.90,true,1,
7290017118956,false,מאג פורצלן לבן נייבי,,,מאג פורצלן לבן נייבי,Unknown,0.00,Unknown,false,1,13.90,13.90,true,1,
7290017118963,false,מאג פורצלן לבן ירוק,,,מאג פורצלן לבן ירוק,Unknown,0.00,Unknown,false,1,13.90,13.90,true,1,
7290017140063,false,"קמח עדשים אדומות לל""ג 500 גרם",אופק מן הטבע,,קמח עדשים אדומות 50,גרמים,500.00,100 גרם,false,1,15.90,3.18,true,1,
7290017140308,false,קמח שקדים-שי של הטבע,אופק מן הטבע,IL,קמח שקדים 250 גר,גרמים,250.00,100 גרם,false,1,24.90,9.96,true,1,
7290017141053,false,בירה אוק אנד אש ניפה,,BE,בירה אש ניפה 330 מל,מיליליטרים,330.00,"100 מ""ל",false,1,13.90,4.21,true,1,
7290017142012,false,שמן קוקוס אורגני כתית 500 גר עץ הזית,עץ הזית,,שמן קוקוס אורגני כתי,גרמים,500.00,100 גרם,false,1,39.90,7.98,true,1,
7290017142111,false,פתיתי טונה בשמן זית טו גו עץ הזית 85 גרם,"יוניקורד ח.צ בע""מ",TH,פתיתי טונה בשמן זית,גרמים,85.00,100 גרם,false,1,9.90,11.65,true,1,
7290017142128,false,"שמן זית כתית מעולה קלאסי עץ הזית 750 מ""ל",שמן תעשיות,IL,שמן זית כתית מעולה ק,מיליליטרים,750.00,"100 מ""ל",false,1,29.90,3.99,true,1,
7290017142159,false,מארז נתחי טונה בהירה בשמן זית 3*80 ג' עץ הזית,הנסיך- מפעל לייצור ט,TH,שלישיה טונה בשמן זית,גרמים,240.00,100 גרם,false,1,20.90,8.71,true,1,
7290017142180,false,פילה טונה בשמן זית בטעם לימון עם פלפל שחור 120 ג',"יוניקורד ח.צ בע""מ",TH,פילה טונה פרוס בשמן,גרמים,120.00,100 גרם,false,1,15.60,13.00,true,1,
7290017142203,false,פילה טונה בשמן זית בטעם מעושן עץ המוצר 120 ג',"יוניקורד ח.צ בע""מ",TH,פילה טונה פרוס בשמן,גרמים,120.00,100 גרם,false,1,15.60,13.00,true,1,
7290017142234,false,פתיתי טונה בשמן זית טעם מעושן טו גו 85 ג,"יוניקורד ח.צ בע""מ",TH,פתיתי טונה בשמן זית,גרמים,85.00,100 גרם,false,1,9.90,11.65,true,1,
7290017142340,false,שמן זרעי ענבים מזוכך עץ הזית,עץ השדה,TH,שמן זרעי ענבים 1 ליט,מיליליטרים,1000.00,"100 מ""ל",false,1,31.50,3.15,true,1,
7290017142364,false,"שמן דלעת לא מזוכך עץ הזית 250 מ""ל",עץ השדה,SI,שמן דלעת לא מזוכך עץ,מיליליטרים,250.00,"100 מ""ל",false,1,41.90,16.76,true,1,
7290017142388,false,שמן חמניות אומגה 3 פלוס 1 ליטר עץ הזית,שמן תעשיות,IL,שמן חמניות פלוס אומג,ליטרים,0.00,ליטר,false,1,14.90,14.90,true,1,
7290017142395,false,טונה עם פסטה בשמן זית 160 גרם עץ הזית,עץ הזית,TH,טונה עם פסטה בשמן זי,גרמים,160.00,100 גרם,false,1,13.90,8.69,true,1,
7290017142401,false,קינואה לבנה ואדומה עם טונה בשמן זית 160 גרם,ג'נרל מילס סאן אדריא,TH,טונה עם קינואה לבנה/,גרמים,160.00,100 גרם,false,1,13.90,8.69,true,1,
7290017142456,false,מארז נתחי טונה בהירה בשמן זית 2 * 160 ג' עץ הזית,עץ הזית,TH,נתחי טונה בשמן זית 1,גרמים,320.00,100 גרם,false,1,20.90,6.53,true,1,
7290017142487,false,בורגול עם גרגירי חומוס עם טונה בשמן זי,עץ הזית,TH,בורגול עם גרגירי חומ,גרמים,160.00,100 גרם,false,1,13.90,8.69,true,1,
7290017180588,false,ריבת בצל יין אדום וסויה 250 גרם,,IL,ריבת בצל יין אדום וס,גרמים,250.00,100 גרם,false,1,18.90,7.56,true,1,
7290017181363,false,רוטב לשקשוקה דודה ברטה 700 גרם,,IL,רוטב לשקשוקה דודה בר,גרמים,700.00,100 גרם,false,1,23.90,3.41,true,1,
7290017218007,false,אלטמן - פרוביוטיק שייפ כמוסות 30 יח',אלטמן,,פרוביוטיקה שייפ 30,Unknown,0.00,Unknown,false,1,86.90,86.90,true,1,
7290017218236,false,אלטמן - קולגן BOOST חומצה היאלורונית אריזות אישיות 30 יח',אלטמן,,קולגן בוסט חומצה היא,Unknown,0.00,Unknown,false,1,133.90,133.90,true,1,
7290017218243,false,STOP פרוביוטיק 30 כמוסות,,,STOP פרוביוטיק 30 כמ,Unknown,0.00,Unknown,false,1,61.90,61.90,true,1,
7290017218366,false,אלטמן - ויטמין D-1000 כמוסות רכות 100 יח',,,ויטמין D 1000 100 כמ,Unknown,0.00,Unknown,false,1,40.90,40.90,true,1,
7290017232072,false,שוקולד מריר שבבי שקדים קלאסי טבעוני 100,,,שוקולד מריר שבבי שקד,גרמים,100.00,100 גרם,false,1,36.90,36.90,true,1,
7290017243221,false,ביו LR 25,,,ביו-25 60 כמוסות,Unknown,0.00,Unknown,false,1,217.90,217.90,true,1,
7290017243238,false,כורכומין ליקוויד גל 60 כמ,,,כורכומין ליקוויד גל,Unknown,0.00,Unknown,false,1,185.90,185.90,true,1,
7290017243337,false,סופהרב - קומפלקס חומצה היאלורונית 60 כמוסות,,,קומפלקס חומצה היאלרו,Unknown,0.00,Unknown,false,1,143.90,143.90,true,1,
7290017243528,false,"סופהרב - אבץ +ויטמין C סופהרב 60 טבליות למציצה בד""ץ",,IL,אבץ + ויטמין סי למצי,Unknown,0.00,Unknown,false,1,42.90,42.90,true,1,
7290017253084,false,מגבונים לחים פרשיס דיספנסר 72 יח',,IL,מגבונים לחים פרשיס ד,Unknown,0.00,Unknown,false,1,5.90,5.90,true,1,
7290017253213,false,שלישייה פרשיס 60 מגבוני נייר טואלט לחים,,,שלישייה פרשיס 60 מגב,Unknown,0.00,Unknown,false,1,22.90,22.90,true,1,
7290017266503,false,"גלילי וופל במילוי קרם שוקולד לל""ס 100 גר' עלמה",גילרו,IL,גלילי וופל עם קרם בט,גרמים,100.00,100 גרם,false,1,7.90,7.90,true,1,
7290017325323,false,מיקס כוסמת אורז מלא/אדום אורגני 250 גרם,,IL,מיקס כוסמת אורז מלא/,גרמים,250.00,100 גרם,false,1,14.90,5.96,true,1,
7290017325347,false,מקלות בייגלה מכוסמין מלא אורגני 200 גרם,הרדוף,IL,מקלות בייגלה מכוסמין,גרמים,200.00,100 גרם,false,1,16.90,8.45,true,1,
7290017325385,false,חמאה אורגנית אדמה 200 גרם,,NL,חמאה אורגנית אדמה 20,גרמים,200.00,100 גרם,false,1,15.90,7.95,true,1,
7290017325422,false,פריכיות דקות אורז מלא אורגני 100 גרם,פרח תעשיות,IL,פריכיות דקות אורז מל,גרמים,100.00,100 גרם,false,1,13.90,13.90,true,1,
7290017325453,false,"משקה שקדים ללת""ס לל""ג אורגני 1 ליטר",ליקואטס,ES,"משקה שקדים ללת""ס לל""",מיליליטרים,1000.00,"100 מ""ל",false,1,15.60,1.56,true,1,
7290017325514,false,שזיפים מיובשים אורגניים הרדוף 200 גרם,,BG,שזיפים מיובשים אורגנ,גרמים,200.00,100 גרם,false,1,23.90,11.95,true,1,
7290017325538,false,תערובת פירות קפואים אורגני 250 גרם,,IL,תערובת פירות קפואים,גרמים,250.00,100 גרם,false,1,21.90,8.76,true,1,
7290017325552,false,תות שדה קפוא אורגני 300 גרם,,IL,תות שדה קפוא אורגני,גרמים,250.00,100 גרם,false,1,21.90,8.76,true,1,
7290017325583,false,קוסקוס כוסמין מלא אורגני 350 גרם,הרדוף,IT,קוסקוס כוסמין מלא או,גרמים,350.00,100 גרם,false,1,15.90,4.54,true,1,
7290017325613,false,משקה שיבולת שועל אורגני 1 ליטר הרדוף,סוי מג'יק,ES,משקה שיבולת שועל אור,מיליליטרים,1000.00,"100 מ""ל",false,1,11.90,1.19,true,1,
7290017325620,false,משקה אורז בתוספת שקדים אורגנים 1 ליטר הר,ליקואטס,ES,משקה אורז בתוספת שקד,מיליליטרים,1000.00,"100 מ""ל",false,1,11.90,1.19,true,1,
7290017325682,false,פריכיות כוסמת אורגני הרדוף 160 גרם,הרדוף,IL,פריכיות כוסמת אורגני,גרמים,160.00,100 גרם,false,1,12.90,8.06,true,1,
7290017325705,false,"קמח שיבולת שועל לל""ג אורגני 500 גרם",טחנת קמח דגן לישראל,IL,"קמח שיבולת שועל לל""ג",גרמים,500.00,100 גרם,false,1,16.90,3.38,true,1,
7290017325774,false,ספגטי חיטת כוסמין אמר אורגני 400 גרם,פסטיפיסוי פליצ'טי,IT,ספגטי חיטת כוסמין אמ,גרמים,400.00,100 גרם,false,1,19.90,4.98,true,1,
7290017325804,false,"קוואקר עדין לל""ג אורגני הרדוף 500 גרם",אול אורגני,IL,"קוואקר עדין לל""ג אור",גרמים,500.00,100 גרם,false,1,17.90,3.58,true,1,
7290017325842,false,פריכיות אורז מלא אורגניות 110 גר,הרדוף,,פריכיות אורז מלא אור,גרמים,110.00,100 גרם,false,1,9.90,9.00,true,1,
7290017325897,false,"משקה סויה במתיקות מעודנת לל""ג אורגני 1 ל",ליקואטס,ES,משקה סויה במתיקות מע,מיליליטרים,1000.00,"100 מ""ל",false,1,11.90,1.19,true,1,
7290017325927,false,"ברנפלקס ללת""ס אורגני הרדוף 375 גר",לאמרי,IT,"ברנפלקס ללת""ס אורגני",גרמים,375.00,100 גרם,false,1,19.90,5.31,true,1,
7290017325941,false,טחינה אורגנית הרדוף 450 גר,אחדות,IL,טחינה אורגנית הרדוף,גרמים,450.00,100 גרם,false,1,17.90,3.98,true,1,
7290017325958,false,"קמח שלושה דגנים מלא אורגני הרדוף 1 ק""ג",,,קמח שלושה דגנים מלא,גרמים,1000.00,100 גרם,false,1,20.90,2.09,true,1,
7290017364001,false,פדים סופר סגול 10 יח' גוד קאר,,,תחבושת לילה,Unknown,0.00,Unknown,false,1,29.90,29.90,true,1,
7290017386041,false,חמאת בוטנים קלאסית כרם - 510 גר,"רופארל פודס בע""מ",IN,חמאת בוטנים קלאסית כ,גרמים,510.00,100 גרם,false,0,12.90,2.53,true,1,
7290017386119,false,"קמח כוסמין מלא 100% כרם 1 ק""ג",עץ השדה,IL,קמח כוסמין מלא 100%,גרמים,1000.00,100 גרם,false,1,14.90,1.49,true,1,
7290017386140,false,"קמח חיטה 70% כרם 1 ק""ג",עץ השדה,IL,קמח חיטה 70% כרם 1 ק,קילוגרמים,0.00,"ק""ג",false,0,9.90,9.90,true,1,
7290017386188,false,קוואקר דק ללא גלוטן 450 גרם,כרם תעשיות,GB,קוואקר דק ללא גלוטן,גרמים,450.00,100 גרם,false,1,19.90,4.42,true,1,
7290017386263,false,"סירופ מייפל אורגני כרם 250 מ""ל",קופרדקס איי פי אס,DK,סירופ מייפל אורגני כ,מיליליטרים,250.00,"100 מ""ל",false,1,28.90,11.56,true,1,
7290017386768,false,חטיף תפוחי עץ מיובשים 22 גרם,,CN,חטיף תפוחי עץ מיובשי,גרמים,22.00,100 גרם,false,1,5.00,22.73,true,1,
7290017386867,false,סירופ חרוב טבעי כרם,אנטליה יניגון תעשיות,TR,"סירופ חרובים 400 מ""ל",מיליליטרים,400.00,"100 מ""ל",false,1,15.90,3.98,true,1,
7290017386942,false,"קרם קוקוס אורגני 20-22% שומן 400 מ""ל",,VN,קרם קוקוס אורגני 20-,מיליליטרים,400.00,"100 מ""ל",false,1,11.50,2.88,true,1,
7290017386959,false,"נוזל קוקוס אורגני 17-19% שומן 400 מ""ל",,VN,נוזל קוקוס אורגני 17,מיליליטרים,400.00,"100 מ""ל",false,1,11.50,2.88,true,1,
7290017389011,false,מנגו מיובש ללא סוכר 160 גרם קופסא,"דין שיווק וקלייה בע""",IL,מנגו מיובש ללא סוכר,גרמים,160.00,100 גרם,false,1,22.90,14.31,true,1,
7290017440965,false,אל סבון היגייני לניקוי יסודי ולהזנת העור clean & nourish,"ד""ר פישר Dr fischer",IL,אל סבון לידיים קמיל,ליטרים,0.00,ליטר,false,1,15.90,15.90,true,1,
7290017477275,false,גרעיני חמניה קלופים קלויים 200 גרם,דין שיווק,IL,גרעיני חמניה קלופים,גרמים,200.00,100 גרם,false,1,9.90,4.95,true,1,
7290017477367,false,מטבעות שוקולד לבן לאפיה 300 גרם,דין שיווק,IL,מטבעות שוקולד לבן לא,גרמים,300.00,100 גרם,false,1,15.60,5.20,true,1,
7290017477374,false,מטבעות שוקולד חלב לאפיה 300 גרם,דין שיווק,IL,מטבעות שוקולד חלב,גרמים,300.00,100 גרם,false,1,15.60,5.20,true,1,
7290017477398,false,שוקולד ציפס מריר 45% לאפיה 300 גרם,דין שיווק,IL,שוקולד ציפס מריר 45%,גרמים,300.00,100 גרם,false,1,15.60,5.20,true,1,
7290017477596,false,תמר מגהול פרימיום 400 ג' בקופסא,"שקדיה גבע תעשיות בע""",IL,תמר מגהול פרימיום 40,גרמים,400.00,100 גרם,false,1,19.90,4.98,true,1,
7290017490328,false,ביוטי קולגן H,,,ביוטי קולגן H,Unknown,0.00,Unknown,false,1,119.90,119.90,true,1,
7290017490366,false,פומנוקס כמוסות שמן רימונים פטנטית,,,פומנוקס כמוסות שמן ר,Unknown,0.00,Unknown,false,1,136.90,136.90,true,1,
7290017490458,false,"גאבא 100 כמוסות 500 מ""ג",,,גאבא 100 כמוסות 500,גרמים,1.00,100 גרם,false,1,114.90,11490.00,true,1,
7290017506043,false,שוקולד קפה 75% טבעוני 60 גרם,,IL,שוקולד קפה 75% טבעונ,גרמים,60.00,100 גרם,false,1,19.90,33.17,true,1,
7290017506081,false,"גרנאולה אננס וקוקוס ללת""ס 300 גרם",,,גרנאולה אננס וקוקוס,גרמים,300.00,100 גרם,false,1,35.90,11.97,true,1,
7290017506272,false,"גרנאולה כוסמת ואגוזים ללת""ס 300 גרם",,,גרנאולה כוסמת ואגוזי,גרמים,300.00,100 גרם,false,1,35.90,11.97,true,1,
7290017513775,false,פליפז בייגלה מצופה שוקולד חלב 140 גרם,שוורצקוף& הנקל דיסלד,TR,בייגלה פליפז מצופה ב,גרמים,140.00,100 גרם,false,1,8.90,6.36,true,1,
7290017513782,false,פליפז בייגלה מצופה שוקולד מריר 140 גרם,שוורצקוף& הנקל דיסלד,TR,בייגלה פליפז מצופה ב,גרמים,140.00,100 גרם,false,1,8.90,6.36,true,1,
7290017516295,false,חטיף חלבון פרוטאין אגוז לוז שוקולד 50 גר,פנגיאה,,חטיף חלבון פרוטאין א,גרמים,50.00,100 גרם,false,1,10.90,21.80,true,1,
7290017516318,false,חטיף חלבון פרוטאין שוקולד 50 גר,פנגיאה,,חטיף חלבון פרוטאין ש,גרמים,50.00,100 גרם,false,1,10.90,21.80,true,1,
7290017516424,false,שוקלד + פנגיאה שוקולד קוקוס ואגוזי לוז 300 גרם,ש.ר רגע בטבע,IL,פנגיאה שוקולד קוקוס,גרמים,300.00,100 גרם,false,1,32.90,10.97,true,1,
7290017516431,false,שוקלד + פנגיאה שוקולד קוקוס שקדים וקפה 300 גרם,ש.ר רגע בטבע,IL,פנגיאה שוקולד קוקוס,גרמים,300.00,100 גרם,false,1,32.90,10.97,true,1,
7290017516448,false,שוקלד פנגיאה שוקולד קוקוס תמריםשקדים וחרוב 300 גרם,פנגיאה,IL,פנגיאה שוקולד קוקוס,גרמים,300.00,100 גרם,false,1,32.90,10.97,true,1,
7290017599236,false,סוכרזית סטיוויה 200 טבליות,סנו מפעלי ברונוס.,IL,סוכרזית סטיוויה 200,Unknown,0.00,Unknown,false,1,26.90,26.90,true,1,
7290017617046,false,נתחי טונה בשמן זית כתית מעולה רביעיה * 140 ג',סטארקיסט,TR,רביעיית טונה בשמן זי,גרמים,560.00,100 גרם,false,1,28.90,5.16,true,1,
7290017617084,false,סטארקיסט מיקס טוגו טונה עם שעועית 185 גרם,דרדנל אוננטאס גידה,TR,סטארקיסט מיקס טו גו,גרמים,185.00,100 גרם,false,1,13.50,7.30,true,1,
7290017617091,false,סטארקיסט מיקס טוגו טונה עם פתיתים 185 גרם,דרדנל אונוסטאס גידה,TR,סטארקיסט מיקס טו גו,גרמים,185.00,100 גרם,false,1,13.50,7.30,true,1,
7290017617107,false,סטארקיסט מיקס טוגו טונה עם 4 דגנים 185 גרם,"איטיליאן פוד, אס.פי.",TR,סטארקיסט מיקס טו גו,גרמים,185.00,100 גרם,false,1,13.50,7.30,true,1,
7290017617411,false,מיקס סלמון עם אורז מלא וירקות 160 ג' סטארקיסט,גראאל אס איי,PL,טונה סטארקיסט סלמון,גרמים,160.00,100 גרם,false,1,15.90,9.94,true,1,
7290017617435,false,מיקס סלמון עם עדשים קינואה וירק 160 ג' סטארקיסט,גראאל אס איי,PL,טונה סטארקיסט סלמון,גרמים,160.00,100 גרם,false,1,15.90,9.94,true,1,
7290017647166,false,יין פינו נואר גמלא 2021 750 מל,יקבי רמת הגולן,,יין פינו נואר גמלא 2,Unknown,0.00,Unknown,false,1,63.90,63.90,true,1,
7290017647425,false,יין גמלא קברנה סוביניון 2019 750 מל,יקבי רמת הגולן,IL,יין גמלא קברנה סובינ,Unknown,0.00,Unknown,false,1,64.40,64.40,true,1,
7290017647722,false,"יין גמלא בלאנקו 20 עברית 750 מ""ל",יקבי רמת הגולן,IL,יין גמלא בלאנקו 20 ע,Unknown,0.00,Unknown,false,1,64.90,64.90,true,1,
7290017647944,false,"יין פינו נואר ירדן 2020 750 מ""ל",,,יין פינו נואר ירדן 2,Unknown,0.00,Unknown,false,1,104.90,104.90,true,1,
7290017671697,false,סט 2 מגבות פס אדום 100% כותנה ארקוסטיל,,,סט 2 מגבות מטבח פס א,Unknown,0.00,Unknown,false,1,32.90,32.90,true,1,
7290017671703,false,סט 2 מגבות פס כחול 100% כותנה ארקוסטיל,,,סט 2 מגבות מטבח פס כ,Unknown,0.00,Unknown,false,1,32.90,32.90,true,1,
7290017675008,false,טחינה גולמית היונה,היונה,IL,טחינה היונה 900 גרם,גרמים,900.00,100 גרם,false,1,28.50,3.17,true,1,
7290017675015,false,טחינת היונה המקורית,,IL,טחינה היונה 450 גרם,גרמים,450.00,100 גרם,false,1,15.60,3.47,true,1,
7290017675060,false,טחינה שומשום מלא היונה 450 גרם,,IL,טחינה שומשום מלא הי,גרמים,450.00,100 גרם,false,1,15.60,3.47,true,1,
7290017677804,false,"רוטב סויה קיקומן ללא חומרים משמרים 444 מ""ל",קיקומן פודז אינק,US,רוטב סויה קיקומן 444,מיליליטרים,444.00,"100 מ""ל",false,1,19.90,4.48,true,1,
7290017712741,false,פרמיו כבש 100 ג',,,פרמיו כבש 100 ג,Unknown,0.00,Unknown,false,1,4.90,4.90,true,1,
7290017712932,false,פרמיו כריות בקר לחתול,פרמיו Premio,,פרמיו כריות בקר 60 ג,Unknown,1.00,Unknown,false,1,9.90,9.90,true,1,
7290017712949,false,פרמיו כריות סטרילייז לחתול,פרמיו Premio,AT,פרמיו כריות סטרילייז,Unknown,1.00,Unknown,false,1,9.90,9.90,true,1,
7290017715506,false,חומץ 5% תומר 1 ליטר,,IL,חומץ 5% תומר 1 ליטר,מיליליטרים,1000.00,"100 מ""ל",false,1,5.50,0.55,true,1,
7290017715889,false,מוזלי גרנולה עם אגוזים 600 גרם,ויטליה,MK,מוזלי עם אגוזים 600,מיליליטרים,600.00,"100 מ""ל",false,1,15.60,2.60,true,1,
7290017715964,false,מחית תפוח עץ דיאט עם אפרסק 4*113 ג' תומר,,,רסק תפוח עץ עם אפרסק,גרמים,452.00,100 גרם,false,1,13.50,2.99,true,1,
7290017791142,false,קרקר כוסמין מלא שקית,"מאפיית פת במלח בע""מ",IL,קרקר כוסמין מלא שקית,גרמים,225.00,100 גרם,false,1,26.50,11.78,true,1,
7290017791203,false,קרקר כוסמין מלא סלק שקית,"מאפיית פת במלח בע""מ",IL,קרקר כוסמין מלא סלק,גרמים,225.00,100 גרם,false,1,26.50,11.78,true,1,
7290017812571,false,יין תירוש אדום 100%ה טבעי 1 ליטר,יקבי כרמל Carmel Winery,IL,יין תירוש אדום 100%,Unknown,0.00,Unknown,false,1,19.90,19.90,true,1,
7290017816005,false,בייגלה כוסמין שמיניות שומשום 300 גר,יוליניבר,IL,בייגלה כוסמין שמיניו,גרמים,300.00,100 גרם,false,1,15.50,5.17,true,1,
7290017816135,false,פריכיות כוסמין מקור הכוסמין 90 גר,זן-בר,IL,פריכיות כוסמין מקור,גרמים,90.00,100 גרם,false,1,9.90,11.00,true,1,
7290017850092,false,"זעפרן נייצרס פרו 40 מ""ג",,,זעפרן נייצרס פרו 40,גרמים,0.00,100 גרם,false,1,99.90,99.90,true,1,
7290017850146,false,פרוביוטיקה 25 ביליון,,,פרוביוטיקה 25 ביליון,Unknown,0.00,Unknown,false,1,149.90,149.90,true,1,
7290017850221,false,היילופרו 30 כמוסות,,,היילופרו 30 כמוסות,Unknown,0.00,Unknown,false,1,89.90,89.90,true,1,
7290017870243,false,כוס נייר ענקית קשיח,,CN,כוס נייר ענקית קשיח,Unknown,1.00,Unknown,false,1,19.90,19.90,true,1,
7290017870748,false,צלחת 9 מתכלה עץ דקל,HINDUSTAN ARECA PROD,IN,צלחת 9 גדולה עגולה,Unknown,1.00,Unknown,false,1,12.90,12.90,true,1,
7290017870755,false,צלחת 10 מתכלה עץ דקל,HINDUSTAN ARECA PROD,IN,צלחת 10 ענקית מתכל,Unknown,1.00,Unknown,false,1,14.90,14.90,true,1,
7290017870762,false,מגש מלבני מתכלה עץ ד,HINDUSTAN ARECA PROD,IN,מגש מלבני מתכלה מעץ,Unknown,1.00,Unknown,false,1,14.50,14.50,true,1,
7290017872162,false,טוסו - עוגיות אגוזי לוז ללא סוכר 200 גרם,היינץ צפון אמריקה מק,IL,טוסו עוגיות אגוזי לו,גרמים,200.00,100 גרם,false,1,21.90,10.95,true,1,
7290017872179,false,טוסו - עוגיות טחינה ללא סוכר 200 גרם,היינץ צפון אמריקה מק,IL,טוסו עוגיות טחינה 20,גרמים,200.00,100 גרם,false,1,21.90,10.95,true,1,
7290017872865,false,בייביביס חטיפי דגנים אפויים לתינוקות בטעם גזר ועגבנייה,טאטא גלובל בוורג'ס,IL,בייביביס חטיפי דגנים,יחידה,1.00,יחידה,false,1,14.90,14.90,true,1,
7290017888019,false,"משקה תפוח רימון סלק גינגיר פרות &ווג 350 מ""ל",מיוצר עי קונדיטוריית,IL,פרוט & ווג תפוח רימו,מיליליטרים,350.00,"100 מ""ל",false,1,7.50,2.14,true,1,
7290017888026,false,"משקה אננס תפוח גזר פרות & ווג 350 מ""ל",פרוט אנד וג' Fruit & Veg,IL,פרוט & וג אננס תפוח,מיליליטרים,350.00,"100 מ""ל",false,1,7.50,2.14,true,1,
7290017888033,false,"משקה בננה מלון נענע פרות &ווג 350 מ""ל",פרוט אנד וג' Fruit & Veg,IL,פרוט & וג בננה מלון,מיליליטרים,350.00,"100 מ""ל",false,1,7.50,2.14,true,1,
7290017888347,false,מי עדן ספורט בקבוק ב,,IL,מי עדן אישי 500 מל,מיליליטרים,500.00,"100 מ""ל",false,1,2.90,0.58,true,1,
7290017888354,false,מי עדן GYM בקבוק ספו,מי עדן,IL,מים ספורט 750 מל,מיליליטרים,750.00,"100 מ""ל",false,1,3.00,0.40,true,1,
7290017888644,false,"משקה אננס בננה כורכום פרות & ווג 350 מ""ל",פרוט אנד וג' Fruit & Veg,IL,פרוט & וג בננה מלון,מיליליטרים,350.00,"100 מ""ל",false,1,7.50,2.14,true,1,
7290017888729,false,שוופס סודה בקבוק 1 ל',"יפאורה תבורי בע""מ",IL,שוופס סודה 1 ליטר,מיליליטרים,1000.00,"100 מ""ל",false,1,3.90,0.39,true,1,
7290017894058,false,דגש תערובת להכנת לחם 500 גרם,"אף סי, תבליני הגליל",IL,דגש תערובת להכנת לחם,גרמים,500.00,100 גרם,false,1,17.90,3.58,true,1,
7290017894072,false,אקופרנד אבקת הלבנה א,אקופרנד,IL,אבקת הלבנה 500 גרם,גרמים,500.00,100 גרם,false,1,19.90,3.98,true,1,
7290017894089,false,קמח שיבולת שועל דגש 400 גרם,אף. סי תבליני הגליל,IL,קמח שיבולת שועל דגש,גרמים,400.00,100 גרם,false,1,22.90,5.73,true,1,
7290017894096,false,ממרח בטעם מיונז טבעוני אורגני 350 גרם,אף.סי תבליני בגליל ב,DE,ממרח בטעם מיונז טבעו,גרמים,350.00,100 גרם,false,1,23.90,6.83,true,1,
7290017894102,false,פנה אורז תירס דגש 400 גרם,אנדריאני,IT,פנה אורז תירס דגש 40,גרמים,400.00,100 גרם,false,1,10.90,2.73,true,1,
7290017894119,false,פוזילי אורז תירס דגש 400 גרם,אנדריאני,IL,פוזילי אורז תירס דגש,גרמים,400.00,100 גרם,false,1,10.90,2.73,true,1,
7290017894126,false,פוזילי טריקולור דגש 400 גרם,אנדריאני,IL,פוזילי טריקולור דגש,גרמים,400.00,100 גרם,false,1,10.90,2.73,true,1,
7290017894140,false,נייר טואלט אקולוגי,,,נייר טואלט אקולוגי,Unknown,0.00,Unknown,false,1,46.90,46.90,true,1,
7290017894218,false,גרנולה ש.שועל מלאה ופירות דגש 250 גרם,דגש,IL,גרנולה ש.שועל מלאה ו,גרמים,250.00,100 גרם,false,1,21.90,8.76,true,1,
7290017894225,false,גרנולה ש.שועל מלאה ואגוזים דגש 250 גרם,דגש,IL,גרנולה ש.שועל מלאה ו,גרמים,250.00,100 גרם,false,1,21.90,8.76,true,1,
7290017894249,false,"שמן המפ אורגני נטורפוד 250 מ""ל",,IL,שמן המפ אורגני נטורפ,מיליליטרים,250.00,"100 מ""ל",false,1,48.90,19.56,true,1,
7290017894287,false,שקיות אוכל מנייר אקולוגי 50 יח,,IL,שקיות אוכל מנייר אקו,Unknown,0.00,Unknown,false,1,14.90,14.90,true,1,
7290017894300,false,גנדולה עוגיות כוסמין לימון אורגני 250,גנדולה,IT,גנדולה עוגיות כוסמין,גרמים,250.00,100 גרם,false,1,14.90,5.96,true,1,
7290017894324,false,חמאת אגוזי נמר קשיו וקקאו 350 גרם,,IT,חמאת אגוזי נמר קשיו,גרמים,350.00,100 גרם,false,1,33.90,9.69,true,1,
7290017894331,false,חמאת אגוזי נמר לוז וקשיו 350 גרם,,IT,חמאת אגוזי נמר לוז ו,גרמים,350.00,100 גרם,false,1,33.90,9.69,true,1,
7290017894348,false,חמאת אגוזי נמר שקדים ופיסטוק 350 גרם,,IT,חמאת אגוזי נמר שקדים,גרמים,350.00,100 גרם,false,1,33.90,9.69,true,1,
7290017907208,false,תערובת קמח רב תכליתי לנמנעים מגלוטן,מנדלז סי.אר. פרודקשן,IL,קמח תמי רב תכליתי לל,גרמים,500.00,100 גרם,false,1,18.80,3.76,true,1,
7290017907222,false,תערובת קמח תופח לנמנעים מגלוטן,פוראטוס ישראל,IL,קמח תמי תופח ללא גלו,גרמים,500.00,100 גרם,false,1,18.80,3.76,true,1,
7290017924014,false,מארז ציפס תפוחי עץ כרם 4*22 גרם,זנגנינג ג'יניו אינדו,CN,מארז ציפס תפוחי עץ כ,גרמים,88.00,100 גרם,false,1,17.90,20.34,true,1,
7290017924199,false,דפי אורז עם סלק 375 גרם,,VN,דפי אורז עם סלק 375,גרמים,375.00,100 גרם,false,1,14.90,3.97,true,1,
7290017924205,false,דפי אורז יסמין שחור 375 גרם,,VN,דפי אורז יסמין שחור,גרמים,375.00,100 גרם,false,1,14.90,3.97,true,1,
7290017924670,false,עדשים ירוקות אורגני 500 גרם,כרם תעשיות,IL,עדשים ירוקות אורגני,גרמים,500.00,100 גרם,false,1,11.90,2.38,true,1,
7290017924694,false,עדשים אדומות אורגני 500 גרם,כרם תעשיות,IL,עדשים אדומות אורגני,גרמים,500.00,100 גרם,false,1,11.50,2.30,true,1,
7290017924854,false,קוואקר עבה אורגני 400 גרם,כרם תעשיות,IL,קוואקר עבה אורגני 40,גרמים,400.00,100 גרם,false,1,7.90,1.98,true,1,
7290017924861,false,"שמן זית אורגני כרם 750 מ""ל",,IT,שמן זית אורגני כרם 7,מיליליטרים,750.00,"100 מ""ל",false,1,37.90,5.05,true,1,
7290017928036,false,מאיר בייגל מקלות גריסיני שומשום 175 ג',מאיר את בייגל,IL,מקלות גריסיני שומשום,גרמים,175.00,100 גרם,false,1,12.50,7.14,true,1,
7290017928043,false,מאיר בייגל גריסיני קראנץ' מלח 175 ג',מאיר את בייגל,IL,גריסיני קראנץ מלח 17,גרמים,175.00,100 גרם,false,1,12.50,7.14,true,1,
7290017928432,false,מאיר בייגל מקלות גריסיני קראנץ פרג 175גר,מאיר את בייגל,IL,גריסיני קראנץ פרג 17,גרמים,175.00,100 גרם,false,1,12.50,7.14,true,1,
7290017928630,false,"גריסיני קראנץ' פינוקים שומשום, קצח, שום ובצל",מאיר את בייגל,IL,גריסיני קראנץ פינוקי,גרמים,175.00,100 גרם,false,1,12.50,7.14,true,1,
7290017962030,false,גרנולה סופר בריס 330 גרם,דני וגלית בעמ,IL,גרנולה סופר בריס 330,גרמים,330.00,100 גרם,false,1,21.90,6.64,true,1,
7290017962160,false,עוגיות כוסמין אוכמניות וניל טבעוני 230 ג,,,עוגיות כוסמין אוכמני,גרמים,230.00,100 גרם,false,1,25.90,11.26,true,1,
7290017983134,false,יין אדיר כרם בן זמרה מקסלן רוזה 750 מל,,IL,יין אדיר כרם בן זמרה,Unknown,0.00,Unknown,false,1,93.90,93.90,true,1,
7290017983165,false,"יין אדיר כרם בן זמרה קולומבארד 750 מ""ל",,IL,יין אדיר כרם בן זמרה,Unknown,0.00,Unknown,false,1,93.90,93.90,true,1,
7290017983172,false,יין אדיר כרם בן זמרה גראנש לבן 750 מל,,IL,יין אדיר כרם בן זמרה,Unknown,0.00,Unknown,false,1,93.90,93.90,true,1,
7290018011324,false,מאגדת ארטיק סורבה קוקוס 5*80 גרם,תמרה ארטיק,IL,מאגדת ארטיק סורבה קו,גרמים,400.00,100 גרם,false,1,42.90,10.73,true,1,
7290018011713,false,מאגדת ארטיק יוגורט תות מקופלת 5*80 גרם,תמרה ארטיק,IL,מאגדת ארטיק יוגורט ת,גרמים,400.00,100 גרם,false,1,39.90,9.98,true,1,
7290018038222,false,פיצה מרגריטה גבינשיו כוסמין 380 גרם,,,פיצה מרגריטה גבינשיו,גרמים,380.00,100 גרם,false,1,28.90,7.61,true,1,
7290018038888,false,פיצה זוגית מרגריטה פרמזן 380 גר,פרוזן פקטורי,IL,פיצה זוגית מרגריטה פ,גרמים,380.00,100 גרם,false,1,26.50,6.97,true,1,
7290018071267,false,כפפות פלסטיק שחורות איזי טאצ L 100 יח,איזי טאצ,CN,כפפות פלסטיק שחורות,יחידה,1.00,יחידה,false,1,10.40,10.40,true,1,
7290018098486,false,פיצה טבעונית משפחתית מרגריטה 350 גרם MILK FREE,נטורל קייקס,IL,פיצה מרגריטה 350 גרם,גרמים,350.00,100 גרם,false,1,21.90,6.26,true,1,
7290018127001,false,עוגיות שוקולד פצפוצים חלווה קפה 230 גרם,,IL,עוגיות שוקולד פצפוצי,גרמים,230.00,100 גרם,false,1,34.90,15.17,true,1,
7290018127032,false,חטיף תמר אגוזים 220 גרם,רום גת,IL,חטיף תמר אגוזים 220,גרמים,220.00,100 גרם,false,1,34.90,15.86,true,1,
7290018127438,false,"תערובת להכנת קניידלך לל""ג 130 גרם",,,תערובת להכנת קניידלך,גרמים,130.00,100 גרם,false,1,16.90,13.00,true,1,
7290018127452,false,"ביסקוויט פתי בר לל""ג 200 גרם",רום גת,IL,"ביסקוויט פתי בר לל""ג",גרמים,200.00,100 גרם,false,1,12.90,6.45,true,1,
7290018171851,false,"OS+ קרם יום ליפטינג 60 מ""ל",,,OS+ קרם יום ליפטינג,מיליליטרים,60.00,"100 מ""ל",false,1,79.90,133.17,true,1,
7290018285060,false,רוטב עגבנייה דר שקשוקה 400 גרם,,,רוטב עגבנייה דר שקשו,גרמים,400.00,100 גרם,false,1,14.90,3.73,true,1,
7290018294192,false,"יין בלנד היינן אדום יבש 750 מ""ל p.c",כרמל מזרחי,IL,יין בלנד היינן 750 מ,Unknown,0.00,Unknown,false,1,37.90,37.90,true,1,
7290018294369,false,תירוש כרמל מיץ ענבים,יקבי כרמל Carmel Winery,,"תירוש אדום 700 מ""ל",מיליליטרים,700.00,"100 מ""ל",false,1,14.90,2.13,true,1,
7290018328002,false,סרום פנים משקם כליל 30 גרם,,IL,סרום פנים משקם כליל,גרמים,30.00,100 גרם,false,1,199.90,666.33,true,1,
7290018328026,false,קרם לחות אנטי אייגינג כליל 50 גרם,,IL,קרם לחות אנטי אייגינ,גרמים,50.00,100 גרם,false,1,189.90,379.80,true,1,
7290018328088,false,"קרם הזנה ללילה כליל 50 מ""ל",,IL,קרם הזנה ללילה כליל,מיליליטרים,50.00,"100 מ""ל",false,1,199.90,399.80,true,1,
7290018338001,false,חלבון אפונה אורגני 200 גרם,,,חלבון אפונה אורגני 2,גרמים,200.00,100 גרם,false,1,29.90,14.95,true,1,
7290018338070,false,חיטת פריקי תבואות 5,תבואות,IL,חיטת פריקי 500 גרם,גרמים,500.00,100 גרם,false,1,12.90,2.58,true,1,
7290018338100,false,טחינה אורגנית משומשו,תבואות,,טחינה אורגנית 500 גר,גרמים,500.00,100 גרם,false,1,16.90,3.38,true,1,
7290018338155,false,טחינה עם שום אורגנית לחיץ 300 גרם,תבואות,,טחינה עם שום אורגנית,גרמים,300.00,100 גרם,false,1,13.90,4.63,true,1,
7290018338193,false,כורכום טחון אורגני 90 גרם,,IN,כורכום טחון אורגני 9,Unknown,0.00,Unknown,false,1,14.90,14.90,true,1,
7290018338216,false,פלפל שחור גרוס אורגני 80 גרם,,IN,פלפל שחור גרוס אורגנ,גרמים,80.00,100 גרם,false,1,14.90,18.63,true,1,
7290018338223,false,צילי אדום גרוס אורגני 75 גרם,,IN,צילי אדום גרוס אורגנ,גרמים,75.00,100 גרם,false,1,14.90,19.87,true,1,
7290018338230,false,קינמון טחון אורגני 90 גרם,,IN,קינמון טחון אורגני 9,גרמים,90.00,100 גרם,false,1,14.90,16.56,true,1,
7290018338247,false,כמון טחון אורגני 90 גרם,,IN,כמון טחון אורגני 90,גרמים,90.00,100 גרם,false,1,14.90,16.56,true,1,
7290018338254,false,אבקת גינגר אורגני 75 גרם,,IN,אבקת גינגר אורגני 75,גרמים,75.00,100 גרם,false,1,14.90,19.87,true,1,
7290018338285,false,גראם מסאלה אורגני 90 גרם,,IN,גראם מסאלה אורגני 90,גרמים,90.00,100 גרם,false,1,14.90,16.56,true,1,
7290018338360,false,רסק עגבניות אורגני 70 גרם,,IT,רסק עגבניות אורגני 7,גרמים,70.00,100 גרם,false,1,2.60,3.71,true,1,
7290018338377,false,פלפל קאיין אורגני 90 גרם,,IN,פלפל קאיין אורגני 90,גרמים,90.00,100 גרם,false,1,14.90,16.56,true,1,
7290018338384,false,ממתיק אריתריטול 310,,CN,אריתריטול 310 גרם,גרמים,310.00,100 גרם,false,1,19.90,6.42,true,1,
7290018338438,false,פניני טפיוקה קטן 400 גרם,,,פניני טפיוקה קטן 400,גרמים,400.00,100 גרם,false,1,8.90,2.23,true,1,
7290018338445,false,פניני טפיוקה גדול 400 גרם,,,פניני טפיוקה גדול 40,גרמים,400.00,100 גרם,false,1,8.90,2.23,true,1,
7290018338520,false,מיץ רימון אורגני 1 ליטר,,TR,מיץ רימון אורגני 1 ל,מיליליטרים,1000.00,"100 מ""ל",false,1,17.90,1.79,true,1,
7290018338681,false,ספגטי דורום מלא אורגני 500 גרם,תבואות,IT,ספגטי דורום מלא אורג,גרמים,500.00,100 גרם,false,1,8.90,1.78,true,1,
7290018338704,false,פוסילי דורום מלא אורגני 500 גרם,תבואות,IT,פוסילי דורום מלא אור,גרמים,500.00,100 גרם,false,1,8.90,1.78,true,1,
7290018338728,false,ציפורן טחון אורגני 40 גרם,,IN,ציפורן טחון אורגני 4,גרמים,40.00,100 גרם,false,1,14.90,37.25,true,1,
7290018338735,false,אגוז מוסקט טחון אורגני 40 גרם,,IN,אגוז מוסקט טחון אורג,גרמים,40.00,100 גרם,false,1,14.90,37.25,true,1,
7290018338759,false,אבקת שום אורגני 80 גרם,,IN,אבקת שום אורגני 80 ג,גרמים,80.00,100 גרם,false,1,14.90,18.63,true,1,
7290018338797,false,ראס אל חנות אורגני 80 גרם,,IN,ראס אל חנות אורגני 8,גרמים,80.00,100 גרם,false,1,14.90,18.63,true,1,
7290018338865,false,תה ירוק בטעם יסמין אורגני 37.5 גרם,,LK,תה ירוק בטעם יסמין א,גרמים,38.00,100 גרם,false,1,14.90,39.21,true,1,
7290018338896,false,תה ירוק לימונית לואיזה אורגני 37.5 גרם,,LK,תה ירוק לימונית לואי,גרמים,38.00,100 גרם,false,1,14.90,39.21,true,1,
7290018338902,false,תה ירוק בתוספת מאצה אורגני 37.5 גרם,,LK,תה ירוק בתוספת מאצה,גרמים,38.00,100 גרם,false,1,14.90,39.21,true,1,
7290018338957,false,מחית תפוח אוכמניות רימון אורגני 100 גרם,תבואות,IT,מחית תפוח אוכמניות ר,גרמים,100.00,100 גרם,false,1,4.90,4.90,true,1,
7290018338964,false,מחית תפוח אורגני 100 גרם,תבואות,IT,מחית תפוח אורגני 10,גרמים,100.00,100 גרם,false,1,4.90,4.90,true,1,
7290018343685,false,"מגבוני אלכוגל ד""ר פישר 70% אלכוהול 20 יח",פישר תעשיות,IL,"מגבוני אלכוגל ד""ר פי",יחידה,1.00,יחידה,false,1,17.90,17.90,true,1,
7290018344095,false,חטיף חלבון בטעם בוטנים מלח 50 ג' VEG PROTEIN,טבע ירוק,IL,חטיף חלבון בוטנים ומ,גרמים,50.00,100 גרם,false,1,9.90,19.80,true,1,
7290018344101,false,חטיף חלבון בטעם קקאו וקפה 50 ג' VEG PROTEIN,טבע ירוק,IL,חטיף חלבון קקאו קפה,גרמים,50.00,100 גרם,false,1,9.90,19.80,true,1,
7290018344118,false,חטיף חלבון פירות וסלק טבע ירוק 50 גרם,,IL,חטיף חלבון פירות וסל,גרמים,50.00,100 גרם,false,1,9.90,19.80,true,1,
7290018344125,false,חטיף חלבון אגוזי לוז קקאו טבע ירוק 50 גר,טבע ירוק,IL,חטיף חלבון אגוזי לוז,גרמים,50.00,100 גרם,false,1,9.90,19.80,true,1,
7290018359112,false,יכין פאסאטה מחית עגבניות איטלקיות 690 ג',אמיליאנה קונסרב,IT,פאסאטה מחית עגבניות,גרמים,690.00,100 גרם,false,1,9.90,1.43,true,1,
7290018359334,false,רכז עגבניות טבעי פריכוז שף יכין 580 גרם,זנלכל,IL,רכז עגבניות טבעי פרי,גרמים,580.00,100 גרם,false,1,10.90,1.88,true,1,
7290018359495,false,תירס מהשדה בלי תוספת סוכר יכין 550 גרם,היינץ צפון אמריקה מק,IL,תירס מהשדה ללא תוספת,גרמים,550.00,100 גרם,false,1,9.90,1.80,true,1,
7290018359556,false,יכין תירס מהשדה בלי תוספת סוכר 400 גר',היינץ צפון אמריקה מק,IL,תירס מהשדה יכין 400,גרמים,400.00,100 גרם,false,1,6.90,1.73,true,1,
7290018359655,false,מארז פטריות חתוכות יכין 200X3 גרם,יכין,,פטריות חתוכות יכין 1,גרמים,185.00,100 גרם,false,1,11.90,6.43,true,1,
7290018359679,false,שעועית לימה הקיסרית יכין 550 גר,זנלכל,IL,שעועית לימה הקיסרית,גרמים,550.00,100 גרם,false,1,9.90,1.80,true,1,
7290018359686,false,גרגירי חומוס הקיסריה,היינץ צפון אמריקה מק,IL,חומוס ענק יכין 550 ג,גרמים,550.00,100 גרם,false,1,9.90,1.80,true,1,
7290018359716,false,רוטב עגבניות פיצה טוסקנה 240 גרם יכין,"זנלכל בע""מ",IL,רוטב עגבניות פיצה ט,גרמים,240.00,100 גרם,false,1,6.50,2.71,true,1,
7290018359860,false,רסק עגבניות ליקופן טבעי יכין 200 גר*2,זנלכל,IL,רסק עגבניות ליקופן ט,גרמים,400.00,100 גרם,false,1,14.90,3.73,true,1,
7290018359945,false,חאריפה רוטב פיקנטי מפלפלים וירקות 400גר,זנלכל,IL,רוטב פיקנטי חאריפה י,גרמים,400.00,100 גרם,false,1,11.90,2.98,true,1,
7290018371022,false,עגבניות שלמות מקולפות אורגני 350 גרם,ביואיטליה,IT,עגבניות שלמות מקולפו,גרמים,350.00,100 גרם,false,1,29.90,8.54,true,1,
7290018371053,false,"תרסיס שמן קנולה אורגני השדה 200 מ""ל",השדה מוצרים טבעיים ו,TR,תרסיס שמן קנולה אורג,מיליליטרים,200.00,"100 מ""ל",false,1,22.90,11.45,true,1,
7290018371091,false,בייגלה כוסמין שומשום ללא מלח אורגני 200,השדה מוצרים טבעיים ו,IL,בייגלה כוסמין שומשום,גרמים,200.00,100 גרם,false,1,16.90,8.45,true,1,
7290018371176,false,זיתים במילוי שום אורגני 295 גרם,השדה מוצרים טבעיים ו,GR,זיתים במילוי שום אור,גרמים,295.00,100 גרם,false,1,19.90,6.75,true,1,
7290018371206,false,מחית תפוח עץ ושזיפים אורגני 100 גרם,השדה מוצרים טבעיים ו,ES,מחית תפוח עץ ושזיפים,גרמים,100.00,100 גרם,false,1,4.90,4.90,true,1,
7290018371213,false,מחית תפוח עץ ואפרסק אורגני 100 גרם,השדה מוצרים טבעיים ו,ES,מחית תפוח עץ ואפרסק,גרמים,100.00,100 גרם,false,1,4.90,4.90,true,1,
7290018371237,false,"חמאת בוטנים קראנץ ללת""ס/מלח אורגני 400 ג",השדה מוצרים טבעיים ו,IL,חמאת בוטנים קראנץ לל,גרמים,400.00,100 גרם,false,1,22.90,5.73,true,1,
7290018371312,false,אובלטים מקמח כוסמת אורגני 100 גרם,אם החיטה,IL,אובלטים מקמח כוסמת א,גרמים,100.00,100 גרם,false,1,12.90,12.90,true,1,
7290018371466,false,וופל קמח מלא חרובים אורגני 200 גרם,השדה מוצרים טבעיים ו,IL,וופל קמח מלא חרובים,גרמים,200.00,100 גרם,false,1,12.90,6.45,true,1,
7290018371473,false,וופל קמח כוסמין חרובים אורגני 500 גרם,,IL,וופל קמח כוסמין חרוב,גרמים,500.00,100 גרם,false,1,26.90,5.38,true,1,
7290018371480,false,וופל קמח כוסמין חרובים אורגני 200 גרם,"רוקחמן בע""מ",IL,וופל קמח כוסמין חרוב,גרמים,200.00,100 גרם,false,1,15.90,7.95,true,1,
7290018371534,false,וופל קוביות כוסמין חרובים אורגני 200 גר,"רוקחמן בע""מ",IL,וופל קוביות כוסמין ח,גרמים,200.00,100 גרם,false,1,16.90,8.45,true,1,
7290018371541,false,מאגדת חטיף וופל חרובים אורגני 7*20 גר,רוקחמן,IL,מאגדת חטיף וופל חרוב,גרמים,140.00,100 גרם,false,1,13.90,9.93,true,1,
7290018371565,false,פסטה כוסמין תרד קונכיה השדה 400 גר,,,פסטה כוסמין תרד קונכ,גרמים,400.00,100 גרם,false,1,19.90,4.98,true,1,
7290018380024,false,מלפפון במלח 13-17+ 20 % 670 ג' תומר,,IL,מלפפון במלח 13-17 +,גרמים,670.00,100 גרם,false,1,9.40,1.40,true,1,
7290018380406,false,עוגיות בטעם חמאה בפח 114 גרם,ESS PEE,IN,עוגיות בטעם חמאה 114,גרמים,114.00,100 גרם,false,1,6.90,6.05,true,1,
7290018380628,false,צלפים שלמים עם גבעול בחומץ 370 גרם,,MA,צלפים עם גבעול במי מ,גרמים,370.00,100 גרם,false,1,13.50,3.65,true,1,
7290018380802,false,רגא'מה תבשיל הודי חומוס 300 גרם,,,תבשיל הודי חומוס 300,גרמים,300.00,100 גרם,false,1,11.90,3.97,true,1,
7290018380819,false,רגא'מה תבשיל הודי חצילים 300 גרם,,,תבשיל הודי חצילים 30,גרמים,300.00,100 גרם,false,1,11.90,3.97,true,1,
7290018380826,false,רגא'מה תבשיל הודי שעועית אדומה 300 גרם,,,תבשיל הודי שעועית אד,גרמים,300.00,100 גרם,false,1,11.90,3.97,true,1,
7290018440070,false,תרכיז עגבניות בשפורפרת 28BX בלה איטליה 200 ג',בלה איטליה Bella Italia,IT,תרכיז עגבניות בשפורפ,גרמים,200.00,100 גרם,false,1,9.40,4.70,true,1,
7290018440223,false,חווית הצ'אי- מסאלה עוצמתי,תה ויסוצקי,IL,צאי מסאלה 25 שקיקים,גרמים,50.00,100 גרם,false,1,21.90,43.80,true,1,
7290018440230,false,צ'אי ורדים 25 שק' ויסוצקי,תה ויסוצקי,IL,צאי ורדים 25 שקיקים,גרמים,50.00,100 גרם,false,1,21.90,43.80,true,1,
7290018440438,false,טונה קאלוו איזי פליפ בשמן 65 גר*3,קאלבו קונסרבס ס.ל.ו,ES,טונה קאלוו איזי פליפ,גרמים,195.00,100 גרם,false,1,25.90,13.28,true,1,
7290018440445,false,טונה קאלוו בשמן זית 160 גר,קאלבו קונסרבס ס.ל.ו,ES,טונה קאלוו בשמן זית,גרמים,160.00,100 גרם,false,1,16.90,10.56,true,1,
7290018440490,false,סלט טונה קאלוו עם קוסקוס 150 גר,קאלבו קונסרבס ס.ל.ו,ES,סלט טונה קאלוו עם קו,גרמים,150.00,100 גרם,false,1,13.90,9.27,true,1,
7290018440513,false,סלט קליפורנייה קאלוו עם טונה 150 גר,קאלבו קונסרבס ס.ל.ו,ES,סלט קליפורנייה קאלוו,גרמים,150.00,100 גרם,false,1,13.90,9.27,true,1,
7290018468425,false,נקניק טבעוני בטעם פקנטי 100 גרם טירת צבי,טיב טירת צבי 2000,IL,נקניק טבעוני בטעם פק,גרמים,100.00,100 גרם,false,1,19.90,19.90,true,1,
7290018471395,false,משקה פרוט& ווג' תפוח רימון ג'ינג'ר 1 ליטר,פרוט אנד וג' Fruit & Veg,IL,פרוט & ווג תפוח רימו,מיליליטרים,1000.00,"100 מ""ל",false,1,14.90,1.49,true,1,
7290018471449,false,קרטונית ספרינג שייק בננה תמר תפוז 1 ליטר,"יפאורה תבורי בע""מ",IL,ספרינג שייק בננה תמר,מיליליטרים,1000.00,"100 מ""ל",false,1,14.30,1.43,true,1,
7290018471906,false,שוופס מוגז פירות לימונדה ורודה 1.5 ליטר פיקדון,"יפאורה תבורי בע""מ",IL,שוופס מוגז לימונדה ו,ליטרים,0.00,ליטר,false,1,9.20,9.20,true,1,
7290018471913,false,שוופס מוגז פירות תפוחים 1.5 ליטר-,"יפאורה תבורי בע""מ",IL,שוופס מוגז תפוחים 1.,ליטרים,0.00,ליטר,false,1,9.20,9.20,true,1,
7290018471920,false,שוופס מוגז פירות ענבים 1.5 ליטר פיקדון,"יפאורה תבורי בע""מ",IL,שוופס מוגז ענבים 1.5,ליטרים,0.00,ליטר,false,1,9.20,9.20,true,1,
7290018516331,false,פאוץ תפוח בננה שבולת שועל 120 ג' פירונק,פרוטה פודווין איי.אס,CZ,פאוץ פרינוק תפוח בננ,גרמים,120.00,100 גרם,false,1,6.50,5.42,true,1,
7290018542002,false,מזלגות רויאל 10 יח,,TR,מזלגות רויאל 10 יח,Unknown,0.00,Unknown,false,1,6.90,6.90,true,1,
7290018542019,false,כפות רויאל אר' 10 יח' דנטס,,TR,כפות רויאל 10 יח,Unknown,0.00,Unknown,false,1,6.90,6.90,true,1,
7290018542422,false,מגש מתכלה מלבני גדו,,IL,מגש מתכלה מלבני גדו,Unknown,1.00,Unknown,false,1,10.90,10.90,true,1,
7290018542897,false,כפיות עץ אר 50 יח,,IN,כפיות עץ אר 50 יח,יחידה,1.00,יחידה,false,1,7.50,7.50,true,1,
7290018542958,false,"צלחת מתכלה 7.5"" סדרת שמש אר 20 יח' דנטס",,CN,צלחת מתכלה 7.5 סדרת,Unknown,1.00,Unknown,false,1,10.50,10.50,true,1,
7290018542996,false,"קערה אובלית מתכלה 7.5"" סדרת שמש אר 20 יח' דנטס",,CN,קערה אובלית מתכלה 7.,Unknown,1.00,Unknown,false,1,10.50,10.50,true,1,
7290018593004,false,פטה שקדים טבעי פלנטי,פלנטי,IL,פטה שקדים טבעי 200 ג,גרמים,200.00,100 גרם,false,1,31.50,15.75,true,1,
7290018593295,false,קשיו פסטו חצי קשה טבעוני פלנטי 200 גרם,פלנטי,IL,קשיו פסטו חצי קשה טב,גרמים,200.00,100 גרם,false,1,29.90,14.95,true,1,
7290018677018,false,לחם מחמצת כוסמין מלא אורגני 375 גרם,,CZ,לחם מחמצת כוסמין מלא,גרמים,375.00,100 גרם,false,1,18.90,5.04,true,1,
7290018677056,false,קוואקר דק אורגני 500 גרם,,DK,קוואקר דק אורגני 500,גרמים,500.00,100 גרם,false,1,11.90,2.38,true,1,
7290018677063,false,קוואקר עבה אורגני 500 גרם,,DK,קוואקר עבה אורגני 50,גרמים,500.00,100 גרם,false,1,11.90,2.38,true,1,
7290018677070,false,"קרם קוקוס אורגני 330 מ""ל",בראנץ' אוף בן טרה אי,IL,קרם קוקוס אורגני 330,מיליליטרים,330.00,"100 מ""ל",false,1,13.50,4.09,true,1,
7290018677155,false,"תערובת קמחים רב תכליתי לל""ג 500 גרם",נוטרה זון,IT,תערובת קמחים רב תכלי,גרמים,500.00,100 גרם,false,1,19.90,3.98,true,1,
7290018677179,false,"מחית עגבניות לל""ג אורגני 695 גרם",,IL,"מחית עגבניות לל""ג או",גרמים,695.00,100 גרם,false,1,12.90,1.86,true,1,
7290018677278,false,PRO פתיתים מעדשים צהובות אורגני 250 גרם,,IT,PRO פתיתים מעדשים צה,גרמים,250.00,100 גרם,false,1,19.90,7.96,true,1,
7290018677285,false,PRO פתיתים מעדשים אדומות אורגני 250 גרם,,IT,PRO פתיתים מעדשים אד,גרמים,250.00,100 גרם,false,1,19.90,7.96,true,1,
7290018677292,false,PRO אטריות מעדשים אדומות אורגני 250 גרם,,IT,PRO אטריות מעדשים אד,גרמים,250.00,100 גרם,false,1,19.90,7.96,true,1,
7290018677308,false,PRO אטריות מעדשים צהובות אורגני 250 גרם,,IT,PRO אטריות מעדשים צה,גרמים,250.00,100 גרם,false,1,19.90,7.96,true,1,
7290018681701,false,"סירופ מייפל אורגני כרם 1 ק""ג",,CA,סירופ מייפל אורגני כ,גרמים,1000.00,100 גרם,false,1,82.90,8.29,true,1,
7290018681930,false,פריכיות שיבולת שועל כרם 100 גרם,זן בר,IL,פריכיות שיבולת שועל,גרמים,100.00,100 גרם,false,1,7.90,7.90,true,1,
7290018724071,false,קקאו אורגני נטורלה 100 גרם,לוקס פרודקטס,IL,קקאו אורגני נטורלה 1,גרמים,100.00,100 גרם,false,1,17.90,17.90,true,1,
7290018724606,false,סודה לשתייה לא אלומיניום 350 גרם,,IL,סודה לשתייה לא אלומי,גרמים,350.00,100 גרם,false,1,14.90,4.26,true,1,
7290018752746,false,מארז שוקולתמר במילוי חמאת שומשום 120 גרם,,IL,מארז שוקולתמר במילוי,גרמים,120.00,100 גרם,false,1,17.90,14.92,true,1,
7290018757000,false,מיץ רימונים אורגני עתיד ירוק 1 ליטר,,TR,מיץ רימונים אורגני ע,מיליליטרים,1000.00,"100 מ""ל",false,1,19.90,1.99,true,1,
7290018757116,false,קמח שקדים עתיד ירוק 250 גרם,"אשבל פונקציות בע""מ",IL,קמח שקדים עתיד ירוק,גרמים,250.00,100 גרם,false,1,24.90,9.96,true,1,
7290018757154,false,קמח עדשים אדומות עתיד ירוק 400 גרם,,IL,קמח עדשים אדומות עתי,גרמים,400.00,100 גרם,false,1,13.90,3.48,true,1,
7290018757178,false,קמח כוסמת אורגני עתיד ירוק 400 גרם,,IL,קמח כוסמת אורגני עתי,גרמים,400.00,100 גרם,false,1,10.90,2.73,true,1,
7290018757185,false,פריכיות כוסמת ללא תוספת מלח 150 גרם,,,פריכיות כוסמת ללא תו,גרמים,150.00,100 גרם,false,1,8.90,5.93,true,1,
7290018757208,false,קמח טפיוקה עתיד ירוק 400 גרם,,IL,קמח טפיוקה עתיד ירוק,גרמים,400.00,100 גרם,false,1,10.90,2.73,true,1,
7290018757277,false,בורגר ירקות טבעוני עתיד ירוק 400 גרם,,IL,בורגר ירקות טבעוני ע,גרמים,400.00,100 גרם,false,1,20.90,5.23,true,1,
7290018757420,false,יובה חלבון סויה מיובש מסולסלת קשרים 300,,CN,יובה חלבון סויה מיוב,גרמים,300.00,100 גרם,false,1,20.90,6.97,true,1,
7290018757444,false,קמח תירס עתיד ירוק 400 גרם,,IL,קמח תירס עתיד ירוק 4,גרמים,400.00,100 גרם,false,1,9.90,2.48,true,1,
7290018757567,false,"מיץ אפרסק משמש תפוח אורגני 250 מ""ל",,TR,מיץ אפרסק משמש תפוח,מיליליטרים,250.00,"100 מ""ל",false,1,9.90,3.96,true,1,
7290018757574,false,זרעי ציה 230 ג SUPER FOOD,,,זרעי ציה 230 ג SUPER,גרמים,230.00,100 גרם,false,1,13.90,6.04,true,1,
7290018757697,false,"חומץ תפוחים עם האמא אורגני 750 מ""ל",,TR,חומץ תפוחים עם האמא,מיליליטרים,750.00,"100 מ""ל",false,1,17.90,2.39,true,1,
7290018757871,false,סזירופ מייפל אורגני עתיד ירוק 1 ליטר,,CA,סזירופ מייפל אורגני,מיליליטרים,1000.00,"100 מ""ל",false,1,99.90,9.99,true,1,
7290018757888,false,"סזירופ מייפל אורגני עתיד ירוק 236 מ""ל",,CA,סזירופ מייפל אורגני,מיליליטרים,236.00,"100 מ""ל",false,1,27.90,11.82,true,1,
7290018757925,false,רצועות עוף טבעוני עתיד ירוק 120 גרם,,,רצועות עוף טבעוני עת,גרמים,120.00,100 גרם,false,1,21.90,18.25,true,1,
7290018757949,false,ממרח אגוזי נמר שקד מולבן ופיסטוק 300 גרם,,IL,ממרח אגוזי נמר שקד מ,גרמים,300.00,100 גרם,false,1,29.90,9.97,true,1,
7290018757963,false,"קמח כוסמין 80% אורגני עתיד ירוק 1 ק""ג",,IL,קמח כוסמין 80% אורג,גרמים,1000.00,100 גרם,false,1,16.90,1.69,true,1,
7290018757970,false,"קמח כוסמין מלא 100% אורגני 1 ק""ג",,IL,קמח כוסמין מלא 100%,גרמים,1000.00,100 גרם,false,1,16.90,1.69,true,1,
7290018777268,false,חטיף חלבון בננה קקאו טבע ירוק 50 גרם,טבע ירוק,IL,חטיף חלבון בננה קקאו,גרמים,50.00,100 גרם,false,1,9.90,19.80,true,1,
7290018777275,false,חטיף חלבון בטעם עוגיות וניל 50 ג' VEG PROTEIN,טבע ירוק,IL,חטיף חלבון עוגיות ונ,גרמים,50.00,100 גרם,false,1,9.90,19.80,true,1,
7290018893005,false,"חטיפי בייגלה אפוי בטעם חרדל ודבש, 160 גרם",צ'וקטה Chocketa,RO,בייגלה ציוקטה חרדל ו,גרמים,160.00,100 גרם,false,1,7.90,4.94,true,1,
7290018893456,false,צוקטה עוגות אישיות במילוי קרם ובציפוי בטעם שוקולד,פרדי קונדיטוריה אס.פ,IT,צוקטה עוגות אישיות ב,גרמים,300.00,100 גרם,false,1,15.60,5.20,true,1,
7290018925065,false,מיץ פרימור תפוזים סחוט 2 ליטר-,"גניר (1992) בע""מ",IL,מיץ תפוזים סחוט 2 ל,מיליליטרים,2000.00,"100 מ""ל",false,1,27.90,1.40,true,1,
7290018925416,false,"מיץ לימון ופסיפלורה 400 מ""ל פרימור","גניר בע""מ",IL,מיץ לימון ופסיפלורה,מיליליטרים,410.00,"100 מ""ל",false,1,10.90,2.66,true,1,
7290018949009,false,גרופר משקה קל מוגז אורגני תפוזזה 330 מ,,IL,גרופר משקה קל מוגז א,מיליליטרים,330.00,"100 מ""ל",false,1,9.50,2.88,true,1,
7290018949023,false,"גרופר משקה קל מוגז אורגני לימוננ 330 מ""ל",,IL,גרופר משקה קל מוגז א,מיליליטרים,330.00,"100 מ""ל",false,1,9.50,2.88,true,1,
7290018989081,false,חומוס הבית להכנת חומוס טרי יכין 400 גר,זנלכל,IL,חומוס הבית להכנת חומ,גרמים,410.00,100 גרם,false,1,7.90,1.93,true,1,
7290019017608,false,"OCEAN ויטמין B12 ליפוזומאל 50 מ""ל",,IL,OCEAN ויטמין B12 ליפ,מיליליטרים,50.00,"100 מ""ל",false,1,99.90,199.80,true,1,
7290019056027,false,שוופס מוגז פירות תפוחים ללא סוכר 1.5 ליטר פיקדון,"יפאורה תבורי בע""מ",IL,שוופס מוגז פירות,ליטרים,0.00,ליטר,false,1,8.70,8.70,true,1,
7290019056041,false,שוופס מוגז פירות לימונייד ללא סוכר 1.5 ליטר פיקדון,יפאורה תבורי,IL,שוופס מוגז ללא סוכר,ליטרים,0.00,ליטר,false,1,8.70,8.70,true,1,
7290019056119,false,שוופס סודה 1.5 ליטר פיקדון,"יפאורה תבורי בע""מ",IL,שוופס סודה 1.5 ליטר,ליטרים,0.00,ליטר,false,1,3.80,3.80,true,1,
7290019056164,false,שוופס סודה 1.5 ליטר רביעייה פיקדון,"יפאורה תבורי בע""מ",IL,רביעיית שוופס סודה 1,ליטרים,0.00,ליטר,false,1,12.10,12.10,true,1,
7290019056256,false,שוופס מים בטעמים תפוחים 1.5 ליטר פיקדון,מיוצר עי קונדיטוריית,IL,שוופס WATER תפוח 1.5,ליטרים,0.00,ליטר,false,1,9.50,9.50,true,1,
7290019056331,false,שוופס טוניק ללא סוכר 1.5 ליטר פיקדון,מיוצר עי קונדיטוריית,IL,שוופס טוניק ללא סוכר,ליטרים,0.00,ליטר,false,1,11.90,11.90,true,1,
7290019056447,false,תפוזינה אשכוליות לייט 1.5 ליטר פיקדון,"יפאורה תבורי בע""מ",IL,תפוזינה אשכוליות ליי,ליטרים,0.00,ליטר,false,1,8.90,8.90,true,1,
7290019056478,false,ספרינג טי קר אפרסק 1.5ליטר פיקדון,"יפאורה תבורי בע""מ",IL,משקה ספרינג טי אפרסק,ליטרים,0.00,ליטר,false,1,8.20,8.20,true,1,
7290019056485,false,ספריג תה ירוק לימון לואיזה 1.5 ליטר פיקדון,"יפאורה תבורי בע""מ",IL,משקה ספרינג טי לימון,ליטרים,0.00,ליטר,false,1,8.20,8.20,true,1,
7290019056508,false,פרוט ווטר ענבים 1.5 ליטר פיקדון,"יפאורה תבורי בע""מ",IL,FRUIT WATER ענבים 1.,ליטרים,0.00,ליטר,false,1,9.50,9.50,true,1,
7290019056515,false,פרוט ווטר אננס 1.5 ליטר פיקדון,"יפאורה תבורי בע""מ",IL,FRUIT WATER אננס 1.5,ליטרים,0.00,ליטר,false,1,9.50,9.50,true,1,
7290019056539,false,פרוט ווטר אפרסק 1.5 ליטר פיקדון,"יפאורה תבורי בע""מ",IL,FRUIT WATER אפרסק 1.,ליטרים,0.00,ליטר,false,1,9.50,9.50,true,1,
7290019056553,false,עין גדי מים מינרלים 2 ליטר*6 יח',עין גדי מים מינרליים,IL,שישיית מים עין גדי 2,ליטרים,0.01,ליטר,false,1,13.30,1330.00,true,1,
7290019056577,false,ספרינג מנגו 1.5 ליטר פיקדון,"יפאורה תבורי בע""מ",IL,ספרינג מנגו 1.5 ליטר,ליטרים,0.00,ליטר,false,1,9.20,9.20,true,1,
7290019056584,false,ספרינג תפוזים 1.5 ליטר פיקדון,"יפאורה תבורי בע""מ",IL,ספרינג תפוז 1.5 ליטר,ליטרים,0.00,ליטר,false,1,9.20,9.20,true,1,
7290019056614,false,ספרינג אפרסק 1.5 ליטר פיקדון,"יפאורה תבורי בע""מ",IL,ספרינג אפרסק 1.5 ליט,ליטרים,0.00,ליטר,false,1,9.20,9.20,true,1,
7290019056621,false,ספרינג פירות טרופיים 1.5 ליטר פיקדון,"יפאורה תבורי בע""מ",IL,ספרינג 1.5 ליטר פירו,ליטרים,0.00,ליטר,false,1,9.20,9.20,true,1,
7290019056638,false,ספרינג תות בננה 1.5 ליטר פיקדון,"יפאורה תבורי בע""מ",IL,ספרינג תות בננה 1.5,ליטרים,0.00,ליטר,false,1,9.20,9.20,true,1,
7290019056645,false,ספרחנג אגס תפוח סברס 1.5 ליטר פיקדון,"יפאורה תבורי בע""מ",IL,ספרינג 1.5 ליטר אגסי,ליטרים,0.00,ליטר,false,1,9.20,9.20,true,1,
7290019056942,false,מים עין גדי 2 ליטר ב,יפאורה,IL,מי עין גדי 2 ל,ליטרים,0.00,ליטר,false,1,2.80,2.80,true,1,
7290019056966,false,מי עדן בקבוק פיקדון 1.5 ליטר,יפאורה,IL,מי עדן 1.5 ליטר,ליטרים,0.00,ליטר,false,1,4.20,4.20,true,1,
7290019056973,false,שישיית מי עדן 1.5 ליטר משפחתי,מופק ממקור בזלתי עדן,IL,שישיית מי עדן 1.5 לי,ליטרים,0.01,ליטר,false,1,13.90,1390.00,true,1,
7290019108009,false,פומאז- מעדן שוקולד שקדים 120 גרם,,IL,פומאז- מעדן שוקולד ש,גרמים,120.00,100 גרם,false,1,10.90,9.08,true,1,
7290019108023,false,פומאז מעדן פו מוס שקדים שוקולד 120 גרם,,IL,פומאז מעדן פו מוס שק,גרמים,120.00,100 גרם,false,1,10.90,9.08,true,1,
7290019108801,false,פומאז- מעדן תות שקדים 120 גרם,,IL,פומאז- מעדן תות שקדי,גרמים,120.00,100 גרם,false,1,10.90,9.08,true,1,
7290019137023,false,תה ירוק בתוספת לואיזה אורגני 37.5 גרם,,LK,תה ירוק בתוספת לואיז,גרמים,38.00,100 גרם,false,1,14.90,39.21,true,1,
7290019137115,false,לחם מחמצת שיפון מלא גרעיני חמנייה 500 גר,,,לחם מחמצת שיפון מלא,גרמים,500.00,100 גרם,false,1,14.90,2.98,true,1,
7290019137122,false,לחם מחמצת שיפון מלא פרוס אורגני 500 גרם,,,לחם מחמצת שיפון מלא,גרמים,500.00,100 גרם,false,1,14.90,2.98,true,1,
7290019137184,false,ניוקי תפוחי אדמה אורגני 350 גרם,,IT,ניוקי תפוחי אדמה אור,גרמים,350.00,100 גרם,false,1,14.90,4.26,true,1,
7290019137207,false,ניוקי תפוחי אדמה עם תרד אורגני 350 גרם,,IT,ניוקי תפוחי אדמה עם,גרמים,350.00,100 גרם,false,1,14.90,4.26,true,1,
7290019137351,false,רוטב צילי מתוק אורגני 545 גרם,,LT,רוטב צילי מתוק אורגנ,גרמים,545.00,100 גרם,false,1,21.90,4.02,true,1,
7290019153078,false,"שוופס ביטר למון לייט, 1.5 ליטר פקדון",יפאורה תבורי,IL,שוופס ביטר למון לייט,ליטרים,0.00,ליטר,false,1,11.90,11.90,true,1,
7290019153085,false,שוופס מוגז ליים מוחיטו ללא סוכר 1.5 ליטר-,יפאורה תבורי,IL,שוופס ליים מוחיטו לל,ליטרים,0.00,ליטר,false,1,9.90,9.90,true,1,
7290019153252,false,שוופס סודה תפוח 1.5 ליטר רביעייה פיקדון,יפאורה תבורי,IL,שוופס סודה תפוח 1.5,ליטרים,0.00,ליטר,false,1,12.10,12.10,true,1,
7290019153313,false,"משקהתפוח חמוציות אוכמניות 350 מ""ל פרות & ווג",יפאורה תבורי בעמ,IL,פרוט & וג תפוח חמוצי,מיליליטרים,350.00,"100 מ""ל",false,1,7.50,2.14,true,1,
7290019203018,false,טורטייה מחומוס מונבט ללא גלוטן 180 ג' Full Wrap,"אופא מזון בריאות בע""",IL,טורטייה מחומוס מונבט,גרמים,180.00,100 גרם,false,1,21.90,12.17,true,1,
7290019226109,false,אננס פרוס תומר 565 גרם,,,אננס פרוס תומר 565 ג,גרמים,565.00,100 גרם,false,1,8.90,1.58,true,1,
7290019232094,false,חליטת פירות וצמחים בטעם אפרסק 25 שקיקים ויסוצקי,תה ויסוצקי,IL,חליטת פירות וצמחים ב,יחידה,1.00,יחידה,false,1,18.90,18.90,true,1,
7290019232162,false,"חליטת ""לילה טוב"" קמומיל מליסה 25 שקיקים ויסוצקי",תה ויסוצקי,IL,תה ויסוצקי חליטת ליל,יחידה,1.00,יחידה,false,1,25.90,25.90,true,1,
7290019232827,false,הולגריין ביסקוויט במילוי אגוזי לוז 300 גרם רבנות,פלאדיס,TR,ביסקוויט הולגריין במ,גרמים,300.00,100 גרם,false,1,11.90,3.97,true,1,
7290019233008,false,רוטב עגבניות עם קוביות ארטישוק ושמן זית 420ג ויסוצקי,דליציה דורה אס.אר.אל,IT,רוטב שקשוקה ארטישוק,גרמים,420.00,100 גרם,false,1,13.90,3.31,true,1,
7290019233015,false,רוטב שקשוקה תבשיל ירקות עם שמן זית כתית מעולה 420ג זיתא,זיתא,IT,רוטב שקשוקה ירוקה-תב,גרמים,420.00,100 גרם,false,1,13.90,3.31,true,1,
7290019233022,false,שקשוקה חצילים- רוטב עגבניות עם קוביות חצילים צלויים,דליציה דורה אס.אר.אל,IT,רוטב שקשוקה חצילים ז,גרמים,420.00,100 גרם,false,1,13.90,3.31,true,1,
7290019297246,false,שזיפים מיובשים 250 גרם ששון הקולה,"דין שיווק וקלייה בע""",US,שזיפים 330 גר,גרמים,330.00,100 גרם,false,1,22.90,6.94,true,1,
7290019297536,false,חמאת בוטנים עם שברי בוטנים Crazy or Nuts,דין שיווק,,חמאת בוטנים עם שברי,גרמים,510.00,100 גרם,false,1,14.20,2.78,true,1,
7290100240632,false,קרקר פתית 200-300ג' 6 דגנים 250 גרם,יוניליוור ישראל מזון,IL,"פתית 6 דגנים בד""צ 25",גרמים,250.00,100 גרם,false,1,16.90,6.76,true,1,
7290100240656,false,פתית חיטה מלאה בדצ 250 גרם,יוניליוור ישראל מזון,IL,"פתית שיפון בד""צ 250",גרמים,300.00,100 גרם,false,1,16.90,5.63,true,1,
7290100243671,false,מרכך כביסה מרכך כביסה בדין אקסטרה 1 ל',יוניליוור סנאיי וי ט,TR,בדין אקסטרא כחול 960,מיליליטרים,960.00,"100 מ""ל",false,1,15.90,1.66,true,1,
7290100245231,false,נמס בכוס מרק בטעם עוף עם אטריות ושקדי מרק-2 שקיות,יוניליוור ישראל מזון,IL,מרק נמס בכוס ועוד ט.,גרמים,50.00,100 גרם,false,1,6.90,13.80,true,1,
7290100321768,false,שניצל עוף טרי ללא אנטיביוטיקה,,,שניצל ע ללא אנטיביוט,Unknown,0.00,"ק""ג",true,0,48.90,48.90,true,1,
7290100324011,false,שוקיים עוף טרי ללא אנטיביוטיקה,,,שוקיים ע ללא אנטיביו,Unknown,0.00,"ק""ג",true,0,38.90,38.90,true,1,
7290100324509,false,פרגית עוף טרי ללא אנטיביוטיקה,,,פרגית ע ללא אנטיביוט,Unknown,0.00,"ק""ג",true,0,79.90,79.90,true,1,
7290100327029,false,כנפיים עוף טרי ללא אנטיביוטיקה,,,כנף ע ללא אנטיביוטיק,Unknown,0.00,"ק""ג",true,0,12.90,12.90,true,1,
7290100330203,false,הודו שלם טרי,,,הודו שלם טרי,Unknown,0.00,"ק""ג",true,0,29.90,29.90,true,1,
7290100331118,false,חזה הודו נקבה טרי,,,חזה הודו נקבה טרי,Unknown,0.00,"ק""ג",true,0,33.90,33.90,true,1,
7290100334041,false,שווארמה הודו נקבה טרי,,,שווארמה הודו נקבה טר,Unknown,0.00,"ק""ג",true,0,79.90,79.90,true,1,
7290100335086,false,שוק הודו מפורק טרי,,,שוק הודו מפורק טרי,Unknown,0.00,"ק""ג",true,0,55.90,55.90,true,1,
7290100335161,false,שוק הודו נקבה טרי,,,שוק הודו נקבה טרי,Unknown,0.00,"ק""ג",true,0,29.90,29.90,true,1,
7290100335406,false,ירך הודו זכר,,,ירך הודו זכר,Unknown,0.00,"ק""ג",true,0,58.90,58.90,true,1,
7290100337066,false,כנף הודו נקבה טרי,,,כנף הודו נקבה טרי,Unknown,0.00,"ק""ג",true,0,16.90,16.90,true,1,
7290100337400,false,גרון הודו זכר טרי,,,גרון הודו זכר טרי,Unknown,0.00,"ק""ג",true,0,34.90,34.90,true,1,
7290100570234,false,אביזרי מטבח,,,אבזרי מטבח,Unknown,0.00,Unknown,false,1,12.90,12.90,true,1,
7290100571224,false,אביזרי מטבח,,,אבזרי מטבח,Unknown,0.00,Unknown,false,1,7.90,7.90,true,1,
7290100572368,false,אביזרי מטבח,,,אבזרי מטבח,Unknown,0.00,Unknown,false,1,19.90,19.90,true,1,
7290100572702,false,אביזרי מטבח ב-11.00,,,אביזרי מטבח,Unknown,0.00,Unknown,false,1,10.90,10.90,true,1,
7290100573396,false,אביזרי מטבח.,,,אביזרי מטבח,Unknown,0.00,Unknown,false,1,9.90,9.90,true,1,
7290100573716,false,שקית זילוף טרמיסו,,,אביזרי מטבח,Unknown,0.00,Unknown,false,1,14.90,14.90,true,1,
7290100658338,false,נוזל כלים אוקסי פלוס עם נוסחת החמצן הפעיל,הנסיך- מפעל לייצור ט,GR,פלמוליב אוקסי פלוס כ,מיליליטרים,750.00,"100 מ""ל",false,1,11.90,1.59,true,1,
7290100685334,false,מרק עוף אמיתי מרכיבים טבעיים 400 גרם,"אסם תעשיות בע""מ",IL,מרק עוף אמיתי מרכיבי,גרמים,400.00,100 גרם,false,1,21.70,5.43,true,1,
7290100685341,false,מרק תיבול טעם עוף זך רכיבים טיבעיים 400,"אסם תעשיות בע""מ",IL,מרק תיבול טעם עוף זך,גרמים,400.00,100 גרם,false,1,16.60,4.15,true,1,
7290100700020,false,סוגת גריסי פנינה 500גרם,האי נאם סי או אל.טי.,IL,גריסי פנינה 500 גרם,גרמים,200.00,100 גרם,false,1,5.90,2.95,true,1,
7290100700068,false,סוגת שעועית צבעונית 500גרם,"סוגת תעשיות בע""מ",IL,שעועית צבעונית 500 ג,גרמים,500.00,100 גרם,false,1,7.90,1.58,true,1,
7290100700075,false,פירורי לחם מוזהבים 200 ג' סוגת,"סוגת תעשיות בע""מ",IL,פירורי לחם מוזהבים 2,גרמים,200.00,100 גרם,false,1,4.10,2.05,true,1,
7290100700242,false,"אורז מלא עגול סוגת 1 ק""ג","סוגת תעשיות בע""מ",IL,"אורז מלא עגול 1 ק""ג",גרמים,1000.00,100 גרם,false,1,11.40,1.14,true,1,
7290100700273,false,קינואה לבנה 500 ג סו,האי נאם סי או אל.טי.,IL,קינואה 500 גרם,גרמים,500.00,100 גרם,false,1,13.90,2.78,true,1,
7290100700297,false,סוגת עדשים שחורות 500 גרם,"סוגת תעשיות בע""מ",IL,עדשים מנומרות 500 גר,גרמים,500.00,100 גרם,false,1,8.30,1.66,true,1,
7290100700310,false,"סוגת כוסמת סוגת 1ק""ג","סוגת תעשיות בע""מ",IL,"כוסמת 1 ק""ג",גרמים,1000.00,100 גרם,false,1,14.60,1.46,true,1,
7290100700327,false,"גריסי פנינה סוגת 1 ק""ג","סוגת תעשיות בע""מ",IL,"גריסי פניניה 1 ק""ג",גרמים,1000.00,100 גרם,false,1,10.00,1.00,true,1,
7290100700334,false,קינואה לבנה 1 קג סוג,"סוגת תעשיות בע""מ",IL,"קינואה סוגת 1 ק""ג",קילוגרמים,0.00,"ק""ג",false,1,20.90,20.90,true,1,
7290100700365,false,"שעועית אדומה 1 ק""ג סוגת",סוגת תעשיות בעמ,,"שעועית אדומה 1 ק""ג",גרמים,1000.00,100 גרם,false,1,20.80,2.08,true,1,
7290100700372,false,"סוגת אורז בסמטי מלא 1 ק""ג",האי נאם סי או אל.טי.,IL,"אורז בסמטי מלא 1 ק""ג",גרמים,1000.00,100 גרם,false,1,13.50,1.35,true,1,
7290100700389,false,"סוגת אורז אדום 1 ק""ג",סוגת תעשיות בעמ,IL,"אורז אדום 1 ק""ג",גרמים,1000.00,100 גרם,false,1,15.60,1.56,true,1,
7290100700396,false,"סוגת אורז יסמין קלאסי 1 ק""ג",האי נאם סי או אל.טי.,IL,אורז יסמין קלאסי 1 ק,גרמים,1000.00,100 גרם,false,1,11.90,1.19,true,1,
7290100700563,false,אורז מיקס קלאסי 1 קג,סוגת תעשיות בעמ,IL,"אורז מיקס 1 ק""ג",גרמים,1000.00,100 גרם,false,1,15.60,1.56,true,1,
7290100700587,false,"בורגול ""סוגת"" 500 גרם",האי נאם סי או אל.טי.,IL,בורגול 500 גרם,גרמים,500.00,100 גרם,false,1,5.20,1.04,true,1,
7290100701126,false,שעועית מש 500גר סוגת,סוגת תעשיות בעמ,IL,שעועית מש 500 גר,גרמים,500.00,100 גרם,false,1,12.50,2.50,true,1,
7290100701140,false,אורז ריזוטו ארבוריו 1 קג,"סוגת תעשיות בע""מ",IL,אורז ריזוטו ארבוריו,גרמים,1000.00,100 גרם,false,1,15.60,1.56,true,1,
7290100701157,false,"אורז לסושי סוגת 1 ק""ג",סוגת תעשיות בעמ,IL,"אורז סושי 1 ק""ג",גרמים,1000.00,100 גרם,false,1,12.80,1.28,true,1,
7290100701300,false,סוגת קינואה אדומה 500גרם,סוגת,,קינואה אדומה 500 גר,גרמים,500.00,100 גרם,false,1,13.90,2.78,true,1,
7290100701331,false,קמח רב תכליתי שטיבל קמח חיטה לבן בהיר,"שטיבל בע""מ - טחנות ק",IL,"קמח רב תכליתי 1 ק""ג",גרמים,1000.00,100 גרם,false,1,7.50,0.75,true,1,
7290100701348,false,"קמח שיפון מלא 1 ק""ג סוגת",שטיבל טחנות קמח,IL,"קמח שיפון מלא 1 ק""ג",גרמים,1000.00,100 גרם,false,1,7.50,0.75,true,1,
7290100701409,false,קמח תירס סוגת 500 גר,מולינו פילה ספא,IL,קמח תירס 500 גרם,גרמים,500.00,100 גרם,false,1,6.90,1.38,true,1,
7290100701454,false,סוגת גרישה 500 גרם,"סוגת תעשיות בע""מ",IL,גרישה 500 גר,גרמים,500.00,100 גרם,false,1,4.90,0.98,true,1,
7290100701577,false,קמח לחם קמח חיטה לבן שטיבל,שטיבל טחנות קמח,IL,"קמח לחם 1 ק""ג סוגת",גרמים,1000.00,100 גרם,false,1,7.50,0.75,true,1,
7290100701874,false,"קמח כוסמין 1 ק""ג סוגת",טחנות קמח שטיבל באר,IL,"קמח כוסמין 1 ק""ג סוג",גרמים,1000.00,100 גרם,false,1,14.90,1.49,true,1,
7290100701881,false,קמח פיצה ופוקצ'ה- קמח חיטה לבן בהיר שטיבל,"שטיבל בע""מ - טחנת קמ",IL,"קמח פיצה ופוקצה 1 ק""",גרמים,1000.00,100 גרם,false,1,7.50,0.75,true,1,
7290100701966,false,אפונה צהובה 500 ג' סוגת,"סוגת תעשיות בע""מ",IL,אפונה צהובה 500 גרם,גרמים,500.00,100 גרם,false,1,5.90,1.18,true,1,
7290100702260,false,קוסקוס דק סוגת 350 גר',"אסיף תעשיות מזון בע""",IL,קוסקוס דק 350 גרם,גרמים,350.00,100 גרם,false,1,5.00,1.43,true,1,
7290100702277,false,קוסקוס עבה סוגת 350 גר',"אסיף תעשיות מזון בע""",IL,קוסקוס עבה 350 גרם,גרמים,350.00,100 גרם,false,1,5.00,1.43,true,1,
7290100702314,false,שעועית שחורה 500 גרם סוגת,סוגת תעשיות בעמ,IL,שעועית שחורה 500 גרם,גרמים,500.00,100 גרם,false,1,7.90,1.58,true,1,
7290100702383,false,קמח תופח מס' 13 סוגת,שטיבל טחנות קמח,IL,"קמח תופח 1 ק""ג סוגת",גרמים,1000.00,100 גרם,false,1,7.50,0.75,true,1,
7290100702628,false,פתיתים אפויים קוסקוס 500 גרם סוגת,"אסיף תעשיות מזון בע""",IL,פתיתים אפויים קוסקוס,גרמים,500.00,100 גרם,false,1,6.50,1.30,true,1,
7290100702635,false,פתיתים אפויים כוכבים סוגת 500 ג',"אסיף תעשיות מזון בע""",IL,פתיתים אפויים כוכבים,גרמים,500.00,100 גרם,false,1,6.50,1.30,true,1,
7290100702642,false,פתיתים אפויים טבעת 500 ג' סוגת,"אסיף תעשיות מזון בע""",IL,פתיתים אפויים טבעת 5,גרמים,500.00,100 גרם,false,1,6.50,1.30,true,1,
7290100702673,false,פתיתים אפויים 3 צבעים 400 גר גרם סוגת,"אסיף תעשיות מזון בע""",IL,פתיתים אפויים 3 צבעי,גרמים,400.00,100 גרם,false,1,6.50,1.63,true,1,
7290100702987,false,פתיתי שיבולת שועל דק סוגת 500ג',סוגת תעשיות,,שיבולת שועל 500 גרם,גרמים,500.00,100 גרם,false,1,6.20,1.24,true,1,
7290100702994,false,סוגת סוכר דמררה קלאסי בשקית 500 גרם,"סוגת תעשיות בע""מ",IL,סוכר דמררה קלאסי בשק,גרמים,500.00,100 גרם,false,1,6.50,1.30,true,1,
7290100703007,false,עדשים שחורות בלוגה סוגת 500 גר',האי נאם סי או אל.טי.,IL,עדשים שחורות בלוגה 5,גרמים,500.00,100 גרם,false,1,8.90,1.78,true,1,
7290100703434,false,בורגול חום סוגת 500 ג',"סוגת תעשיות בע""מ",IL,בורגול חום 500 גרם,גרמים,500.00,100 גרם,false,1,4.90,0.98,true,1,
7290100703458,false,כוסמת לא קלוי 500 ג' סוגת,סוגת תעשיות בעמ,IL,כוסמת ללא קליה 500 ג,גרמים,500.00,100 גרם,false,1,7.30,1.46,true,1,
7290100703533,false,קמח קסם תערובת קמח עם שמרים,"שטיבל בע""מ",IL,"קמח קסם 1 ק""ג",גרמים,1000.00,100 גרם,false,1,9.40,0.94,true,1,
7290100703564,false,פתיתי שיבולת שועל עבה סוגת 500 ג',,,שיבולת שועל עבה 500,גרמים,500.00,100 גרם,false,1,6.20,1.24,true,1,
7290100703670,false,"קמח כוסמין ללא ניפוי 1 ק""ג סוגת","שטיבל בע""מ",IL,קמח כוסמין מלא ללא נ,גרמים,1000.00,100 גרם,false,1,14.90,1.49,true,1,
7290100703854,false,קוביות סוכר לבן דמררה 500 ג' סוגת,טרופיקל,,קוביות סוכר דמררה סו,גרמים,500.00,100 גרם,false,1,9.90,1.98,true,1,
7290100703861,false,"תערובת קמח קסם לחלה סוגת 1 ק""ג","שטיבל בע""מ",IL,תערובת קמח קסם לחלה,גרמים,1000.00,100 גרם,false,1,8.90,0.89,true,1,
7290100703922,false,פופקורן להכנה במיקרוגל בטעם טבעי - מארז 6 שקיות,סוגת,IL,מארז פופקורן למיקרוג,גרמים,540.00,100 גרם,false,1,11.40,2.11,true,1,
7290100704141,false,סודה לשתייה 100 ג' סוגת,א.ל. ייצור ושיווק תב,IL,סודה לשתייה 100 גרם,גרמים,100.00,100 גרם,false,1,2.50,2.50,true,1,
7290100790533,false,קפה שחור בקלייה כהה אורגני אווא 250 גרם,,IL,קפה שחור בקלייה כהה,גרמים,250.00,100 גרם,false,1,39.90,15.96,true,1,
7290100858592,false,אבקת קקאו עלית שקית 150 ג',הנסיך- מפעל לייצור ט,IL,קקאו 150 גרם,גרמים,150.00,100 גרם,false,1,9.90,6.60,true,1,
7290101112228,false,גלידל פרי קרחון מופחת קלוריות בטעם אננס - 8 יח',הגלידות של פלדמן,IL,מאגדת גלידל פרי אננס,גרמים,640.00,100 גרם,false,1,26.50,4.14,true,1,
7290101112921,false,גלידל פרי קרחון מופחת קלוריות פירות טרופיים - 8 יח',הגלידות של פלדמן,IL,מאגדת גלידל פרי,גרמים,640.00,100 גרם,false,1,26.50,4.14,true,1,
7290101113157,false,מאגדת גלידל חלבי וניל עוגיות 6 יח 312 גר,הגלידות של פלדמן,IL,מאגדת גלידל חלבי,יחידה,1.00,יחידה,false,1,26.50,26.50,true,1,
7290101113379,false,מאגדת גלידה יופלה יוגורט וסורבה תות 5 יח,פלקו בעמ,IL,מאגדת גלידה יופלה,גרמים,350.00,100 גרם,false,1,24.90,7.11,true,1,
7290101113805,false,מאגדת קרחון שייק פרי תות 70% פרי 5*70 ג' יופלה,הגלידות של פלדמן,IL,מאגדת גלידה יופלה שי,גרמים,350.00,100 גרם,false,1,24.90,7.11,true,1,
7290101113904,false,מארז מנבו וניל 12 יח' פלדמן,הגלידות של פלדמן,IL,מנבו וניל 12 יח,יחידה,1.00,יחידה,false,1,24.90,24.90,true,1,
7290101500193,false,מיקס חסה - נספק 200,חקלאי,IL,חסה רומית,Unknown,0.00,Unknown,false,1,11.90,11.90,true,1,
7290101500506,false,פטרוזיליה ארוזה,,,פטרוזיליה ארוזה,Unknown,0.00,Unknown,false,1,4.90,4.90,true,1,
7290101500513,false,שמיר ארוז,,,שמיר ארוז,Unknown,0.00,Unknown,false,1,4.90,4.90,true,1,
7290101500520,false,כוסברה ארוזה,,,כוסברה ארוזה,Unknown,0.00,Unknown,false,1,4.90,4.90,true,1,
7290101500551,false,סלרי אמריקאי ארוז,חקלאי,IL,סלרי אמריקאי ארוז,Unknown,0.00,Unknown,false,1,6.90,6.90,true,1,
7290101500568,false,שורש סלרי ארוז,חקלאי,IL,סלרי ראש ארוז,Unknown,0.00,Unknown,false,1,5.90,5.90,true,1,
7290101500575,false,שורש פטרוזיליה ארוז,חקלאי,IL,שורש פטרוזיליה,Unknown,0.00,Unknown,false,1,5.90,5.90,true,1,
7290101500926,false,תרד ארוז רכות,יושלם,IL,תרד ארוז רכות,Unknown,0.00,Unknown,false,1,11.90,11.90,true,1,
7290101501305,false,מלפפונים בייבי,חקלאי,IL,מלפפוני טעם,Unknown,0.00,Unknown,false,1,11.90,11.90,true,1,
7290101501589,false,גינגר יחידה 200 גרם,יוליניבר,IL,גינגר טבעי,Unknown,0.00,Unknown,false,1,11.90,11.90,true,1,
7290101551027,false,קפסולות קפה אספרסו חזק במיוחד 14 עלית 10 יח',הנסיך- מפעל לייצור ט,IL,קפסולות 14 חזק במיוח,גרמים,50.00,100 גרם,false,1,16.50,33.00,true,1,
7290101551263,false,סילאן טבעי ללא תוספת סוכר,מכוורת יד מרדכי,IL,סילאן טבעי 700 גרם י,גרמים,700.00,100 גרם,false,1,28.50,4.07,true,1,
7290101551300,false,סילאן טבעי ללא תוספת סוכר בקבוק לחיץ,מכוורת יד מרדכי,IL,סילאן טבעי לחיץ יד מ,גרמים,700.00,100 גרם,false,1,14.90,2.13,true,1,
7290101869726,false,ג'ל מרוכז למדיח פיניש all in one max,רקיט בנקיזר,PL,גל AIO פיניש 1 ליטר,מיליליטרים,1000.00,"100 מ""ל",false,1,42.90,4.29,true,1,
7290101952497,false,גרגרי חומוס טבעפרוסט 800 כר,,,גרגרי חומוס טבעפרוסט,גרמים,800.00,100 גרם,false,1,18.80,2.35,true,1,
7290101952527,false,לקט בסגנון אסייתי טבעפרוסט 800 גר,,,לקט בסגנון אסייתי טב,גרמים,800.00,100 גרם,false,1,18.80,2.35,true,1,
7290101952558,false,גרעיני תירס קפואים טבעפרוסט 800 גרם,,,גרעיני תירס קפואים,גרמים,800.00,100 גרם,false,1,16.20,2.03,true,1,
7290102031276,false,מארז 8 יחידות אקטימל משקה יוגורט בטעם תות בננה,מיוצר עי קונדיטוריית,IL,אקטימל תות בננה,גרמים,850.00,100 גרם,false,1,20.90,2.46,true,1,
7290102300822,false,גבינה צ'דר אנגלית כתומה 200 ג',דאולי צ'יסמייקרס,GB,צדר אנגלית כתומה 200,גרמים,200.00,100 גרם,false,1,24.90,12.45,true,1,
7290102300860,false,גבינת צ'דר אנגלי לבן 35%,דאוליי צ'יסמייקרס,GB,צדר אנגלי 200 גרם,גרמים,200.00,100 גרם,false,1,24.90,12.45,true,1,
7290102302253,false,גבינה גאודה עיזים 20,מיוצר עי קונדיטוריית,NL,גבינת עיזים 200 גרם,גרמים,200.00,100 גרם,false,1,35.90,17.95,true,1,
7290102303977,false,גוש טונה בשמן זית רוברט 140 גרם,רמירז אנד קה פילהאוס,PT,גוש טונה בשמן זית רו,גרמים,140.00,100 גרם,false,1,11.90,8.50,true,1,
7290102303984,false,גוש טונה במים רוברט 140 גרם,רמירז אנד קה פילהאוס,PT,גוש טונה במים רוברט,גרמים,140.00,100 גרם,false,1,10.90,7.79,true,1,
7290102390427,false,יוגורט ביו עם קציפת תות 3% שומן 150 ג' מולר,מולר Muller,IL,יוגורט מולר פרופ בטע,גרמים,150.00,100 גרם,false,1,5.30,3.53,true,1,
7290102390465,false,יוגורט ביו עם קציפת אפרסק ופסיפלורה 3% שומן 150 ג' מולר,מולר Muller,IL,פרופ אפרסק פסיפלורה,מיליליטרים,150.00,"100 מ""ל",false,1,5.30,3.53,true,1,
7290102390489,false,יוגורט ביו עם קציפת לימון 3% שומן 150 ג' מולר,מולר Muller,IL,פרופ לימון מולר 150,מיליליטרים,150.00,"100 מ""ל",false,1,5.30,3.53,true,1,
7290102391844,false,יוגורט ביו עם קציפת פירות יער3% שומן 150 ג' מולר,מולר Muller,IL,פרופ מולר פירות יער,גרמים,150.00,100 גרם,false,1,5.30,3.53,true,1,
7290102392049,false,גבינה תבור לאפייה 5% 500 ג' צוריאל,מחלבת משק צוריאל,IL,צוריאל תבור גבינה לא,גרמים,500.00,100 גרם,false,1,24.90,4.98,true,1,
7290102392094,false,חלב עיזים 4.1% צוריאל 1 ל' קרטון,מילקו תעשיות בעמ,IL,חלב עיזים בקרטון 1ל,מיליליטרים,1000.00,"100 מ""ל",false,1,15.90,1.59,true,1,
7290102392254,false,חלב 1% בקרטון 2 ל' טרה,מילקו תעשיות בעמ,IL,חלב 2 ל 1%,ליטרים,0.00,ליטר,false,1,11.72,11.72,true,1,
7290102393039,false,מולר מיקס יוגורט קרמי בתוספת פצפוצי שוקולד 170 ג',מולר Muller,IL,מולר מיקס יוגורט,גרמים,150.00,100 גרם,false,1,6.20,4.13,true,1,
7290102393060,false,מיקס יוגורט גליליות וופל קרם אגוזים 170 ג' מולר,מולר Muller,IL,מולר מיקס יוגורט קרמ,גרמים,150.00,100 גרם,false,1,6.20,4.13,true,1,
7290102393169,false,סימפלי פרוט יוגורט תות 3% שומן 150 ג' מולר,מולר Muller,IL,SIMPLY FRUIT מולר בט,מיליליטרים,150.00,"100 מ""ל",false,1,5.30,3.53,true,1,
7290102393176,false,סימפלי פרוט יוגורט אפרסק 3% שומן 150 ג' מולר,מילקו תעשיות בעמ,IL,SIMPLY FRUIT מולר בט,מיליליטרים,150.00,"100 מ""ל",false,1,5.30,3.53,true,1,
7290102393190,false,סימפלי פרוט פירות היער 3% שומן 150 ג' מולר,מילקו תעשיות בעמ,IL,SIMPLY FRUIT מולר בט,מיליליטרים,150.00,"100 מ""ל",false,1,5.30,3.53,true,1,
7290102393299,false,יוגורט עיזים לשתייה 3% שומן 500 ג' צוריאל,מיוצר עי קוד יצרן HG,IL,יוגורט עיזים לשתיה 5,גרמים,500.00,100 גרם,false,1,12.90,2.58,true,1,
7290102393848,false,"משק צוריאל יוגורט עיזים תות 3% 140 מ""ל",מחלבת משק צוריאל,IL,משק צוריאל יוגורט עי,מיליליטרים,140.00,"100 מ""ל",false,1,6.50,4.64,true,1,
7290102393855,false,"משק צוריאל יוגורט עיזים אפרסק 3% 140 מ""ל",מחלבת משק צוריאל,IL,משק צוריאל יוגורט עי,מיליליטרים,140.00,"100 מ""ל",false,1,6.50,4.64,true,1,
7290102393947,false,סימפלי פרוט יוגורט בטעם קיווי 3% שומן 150 ג' מולר,מילקו תעשיות בעמ,IL,SIMPLY FRUIT מולר בט,מיליליטרים,150.00,"100 מ""ל",false,1,5.30,3.53,true,1,
7290102394081,false,מולר מיקס יוגורט קרמי עם קורנפלקס מצופה שוקולד,מילקו תעשייה בעמ,IL,מולר מיקס עם קורנפלק,גרמים,150.00,100 גרם,false,1,6.20,4.13,true,1,
7290102394258,false,עז מה 9% מופחתת שומן צוריאל 180 גר,מחלבת משק צוריאל,IL,עז מה 9% מופחתת שומן,גרמים,180.00,100 גרם,false,0,24.90,13.83,true,1,
7290102394821,false,"נעם גבינה צהובה דק דק פ""ח 28% 200 גר",מילקו תעשיות בעמ,IL,נעם גבינה צהובה דק ד,גרמים,200.00,100 גרם,false,1,17.50,8.75,true,1,
7290102394845,false,פרוסות גבינת נעם מופחתת שומן 9%,מילקו תעשיות בעמ,IL,נעם גבינה צהובה דק ד,גרמים,200.00,100 גרם,false,1,17.90,8.95,true,1,
7290102395101,false,ממרח גבינה ושוקולד שוקי 200 גר,מילקו תעשיות בעמ,IL,ממרח גבינה ושוקולד ש,גרמים,200.00,100 גרם,false,1,12.50,6.25,true,1,
7290102395217,false,מאגדת שמיניה מולר במתיקות מעודנת 1.2% 8*150 ג',מולר Muller,IL,מאגדת שמיניה מולר,גרמים,1200.00,100 גרם,false,1,21.90,1.83,true,1,
7290102395224,false,מארז 8 גביעים יוגורט ביו בטעם טבעי 1.7%,מולר Muller,IL,מאגדת שמיניה מולר,גרמים,1200.00,100 גרם,false,1,18.90,1.58,true,1,
7290102395231,false,מולר נטורל 2.8% ביאנקו מאגדת 8 יח' * 150 ג',מולר Muller,IL,מאגדת שמיניה מולר,גרמים,1200.00,100 גרם,false,1,18.90,1.58,true,1,
7290102395378,false,גבינה צהובה נועם 28% וואקום פרוס 360ג',טרה,IL,נעם גבינה צהובה וואק,גרמים,360.00,100 גרם,false,1,23.90,6.64,true,1,
7290102395408,false,נעם גבינה צהובה 28% במשקל,טרה,IL,נעם גבינה צהובה 28%,Unknown,0.00,"ק""ג",true,0,44.79,44.79,true,1,
7290102395415,false,נעם גבינה צהובה 9% במשקל,טרה,IL,נעם גבינה צהובה 9% ב,Unknown,0.00,"ק""ג",true,0,86.00,86.00,true,1,
7290102395422,false,נעם גבינה צהובה 22% במשקל,טרה,IL,נעם גבינה צהובה 22%,Unknown,0.00,"ק""ג",true,0,42.58,42.58,true,1,
7290102396436,false,מעדן שוקולד 1.5% שומן 125 ג' טרה,טרה,IL,מעדן מו שוקולד 123 ג,גרמים,123.00,100 גרם,false,1,3.00,2.44,true,1,
7290102396665,false,פרוסות גבינת נעם מופחתת שומן 15%,מילקו תעשיות בעמ,IL,גבינה צהובה נעם דק ד,גרמים,200.00,100 גרם,false,1,16.90,8.45,true,1,
7290102396672,false,זבינה צהובה נעם דק דק 9% 360 גר,טרה,IL,זבינה צהובה נעם דק ד,גרמים,360.00,100 גרם,false,1,29.90,8.31,true,1,
7290102396719,false,יוגורט ביו עם תות שדה 0% Simply Fruit,מולר Muller,IL,מולר SIMPLY FRUIT תו,גרמים,150.00,100 גרם,false,1,5.30,3.53,true,1,
7290102397204,false,פרוסות גבינה 22% שומן 200 ג' נעם,מילקו תעשיות בעמ,IL,גבינה צהובה נעם דק ד,גרמים,200.00,100 גרם,false,1,17.90,8.95,true,1,
7290102397464,false,יוגורט ביו בתוספת גרעינים אגוזים וחמוציות 170 ג' מולר,מולר Muller,IL,מולר נטורל+ פקאן גרע,גרמים,170.00,100 גרם,false,1,6.20,3.65,true,1,
7290102397600,false,מיקס יוגורט בתוספת שקדים ובוטנים מקורמלים 170 ג' מולר,מילקו תעשייה בעמ,IL,מולר מיקס שקדים ובוט,גרמים,170.00,100 גרם,false,1,6.20,3.65,true,1,
7290102397617,false,יוגורט ביו קרמי עם כדורים מצופים שוקולד חום לבן,מולר Muller,IL,מולר מיקס קליק 170 ג,גרמים,170.00,100 גרם,false,1,6.20,3.65,true,1,
7290102397730,false,פרוסות גבינה אמנטל חצי קשה 30% שומן 200 ג' נעם,טרה,IL,גבינת אמנטל נעם 200,גרמים,200.00,100 גרם,false,1,18.90,9.45,true,1,
7290102397747,false,פרוסות גבינת מוצרלה נעם מחלב בקר 22%,טרה,IL,מוצרלה נעם רכיבים,גרמים,200.00,100 גרם,false,1,19.90,9.95,true,1,
7290102398065,false,**חלב בקרטון 2 ליטר 3% מהדרין - טרה,טרה,IL,חלב 3% מהדרין 2 ליטר,ליטרים,0.00,ליטר,false,1,12.46,12.46,true,1,
7290102398331,false,חלב דל לקטוז 2% מועשר בויטמין D,טרה,IL,חלב מועשר דל לקטוז 1,מיליליטרים,1000.00,"100 מ""ל",false,1,8.50,0.85,true,1,
7290102398553,false,שוקו טרה בבקבוק 1.5 ליטר,מילקו תעשיות בעמ,IL,שוקו טרה בבקבוק 1.5,ליטרים,0.00,ליטר,false,1,17.50,17.50,true,1,
7290102398577,false,משקה חלב בטעם שוקו 2% בבקבוק אישי,מילקו תעשיות בעמ,IL,שוקו מועשר טרה 250 מ,מיליליטרים,250.00,"100 מ""ל",false,1,5.90,2.36,true,1,
7290102399048,false,פרוסות גבינת קשקבל נעם 200 ג' טרה,מילקו,IL,קשקבל נעם 200 גר,גרמים,200.00,100 גרם,false,1,24.90,12.45,true,1,
7290102399635,false,"מולר פרופ יוגורט ביו עם קציפת קוקוס ואננס 150 מ""ל",מולר Muller,IL,מולר פרופ קוקוס,מיליליטרים,150.00,"100 מ""ל",false,1,5.30,3.53,true,1,
7290102399772,false,ממרח חמאת מולר ושמן לפתית במליחות עדינה,Molkerei Weihensteph,DE,מולר ספרדבל ממרח,גרמים,250.00,100 גרם,false,1,19.90,7.96,true,1,
7290102399789,false,ממרח חמאת מולר ושמן לפתית ללא תוספת מלח,Molkerei Weihensteph,DE,מולר ספרדבל ממרח חמא,גרמים,250.00,100 גרם,false,1,19.90,7.96,true,1,
7290102399796,false,מעדן יוגורט לבן מועשר בחלבון 200 ג' מולר אקטיב,מולר Muller,IL,מולר אקטיב יוגורט חל,גרמים,200.00,100 גרם,false,1,5.90,2.95,true,1,
7290102399802,false,יוגורט עם תות מולר אקטיב מועשר בחלבון 200 גר',מולר Muller,IL,מולר אקטיב יוגורט חל,גרמים,200.00,100 גרם,false,1,6.50,3.25,true,1,
7290102399819,false,יוגורט עם פירות יער מולר אקטיב מועשר בחלבון 200 גר',מולר Muller,IL,מולר אקטיב יוגורט,גרמים,200.00,100 גרם,false,1,6.50,3.25,true,1,
7290103087098,false,כורכומין אפקט,,,כורכומין אפקט,Unknown,0.00,Unknown,false,1,139.90,139.90,true,1,
7290103087258,false,שיח אברהם ויטקס,,,שיח אברהם ויטקס,Unknown,0.00,Unknown,false,1,119.00,119.00,true,1,
7290103128739,false,בלונס צימרוני אוזניים לתינוק 50 יח',הנסיך- מפעל לייצור ט,GR,בלונס מקלות אוזניים,Unknown,0.00,Unknown,false,1,7.90,7.90,true,1,
7290103400231,false,"גזר 400 גר בד""צ ירקות שטראוס","טרופיקל דגיל בע""מ אז",IL,גזר 400 גר,גרמים,400.00,100 גרם,false,1,9.90,2.48,true,1,
7290103401429,false,קפה קצב ברזילאי אוריגינס 200 גר,הנסיך- מפעל לייצור ט,IL,קפה קצב ברזילאי אורי,גרמים,200.00,100 גרם,false,1,21.90,10.95,true,1,
7290103404758,false,כרוב אדום במיונז אחל,מיוצר עי קונדיטוריית,IL,כרוב אדום 120 גר,גרמים,125.00,100 גרם,false,1,4.80,3.84,true,1,
7290103408206,false,עלי חסה בקופסא 250 גרם ירקות שטראוס,שטראוס בריאות ירקות,IL,עלי חסה שטופים בקופס,גרמים,250.00,100 גרם,false,1,11.90,4.76,true,1,
7290103613013,false,יוריקל 100 מל UR ראן לדלקות שתן,,,יוריקל 100 מל UR ראן,Unknown,0.00,Unknown,false,1,149.90,149.90,true,1,
7290103700225,false,רדיד אלומניום רוחב 45 עובי 14 מיקרון,,,טאצ רדיד אלומיניום א,Unknown,0.00,Unknown,false,12,13.90,13.90,true,1,
7290103700393,false,טאצ' כריות יפניות עבות עם תעלות 4 יח',"שניב תעשיות נייר בע""",IL,כריות קרצוף טאצ 4 יח,Unknown,0.00,Unknown,false,1,8.50,8.50,true,1,
7290103700652,false,טאצ' ספוג הפלא מארז שישייה,"שניב תעשיות נייר בע""",,מארז שישייה ספוג הפל,Unknown,0.00,Unknown,false,1,7.90,7.90,true,1,
7290103701147,false,טאצ' רדיד אלומיניום 200 מטר,,IL,טאצ רדיד אלומיניום 2,מטרים,200.00,מטר,false,1,32.50,0.16,true,1,
7290103702212,false,טאצ' ממחטות כיס עשירייה,"שניב תעשיות נייר בע""",,טאצ ממחטות כיס רגיל,Unknown,0.00,Unknown,false,1,5.90,5.90,true,1,
7290103702298,false,טאצ' אשפתון עבה בגליל 77*90 50 יח',"שניב תעשיות נייר בע""",,טאצ אשפתון עבה 50 יח,Unknown,0.00,Unknown,false,1,14.90,14.90,true,1,
7290103702304,false,טאצ אשפתון עבה במיוחד 35 יחידות,"שניב תעשיות נייר בע""",,טאצ אשפתון עבה במיוח,Unknown,0.00,Unknown,false,1,14.90,14.90,true,1,
7290103703226,false,טאצ מטליות לחות לניקוי כללי,,,טאצ מטליות לחות לניק,Unknown,0.00,Unknown,false,1,7.90,7.90,true,1,
7290103703370,false,טאצ מגבוני טואלט לחים מארז שלישייה,,,טאצ מגבוני טואלט לחי,Unknown,0.00,Unknown,false,1,14.90,14.90,true,1,
7290103703998,false,טאצ' מגבונים לחים לחיטוי 99.9% אנטיבקטריאלים 50 יח',עלבד,IL,טאצ מגבונים אנטיבקטר,Unknown,0.00,Unknown,false,1,10.90,10.90,true,1,
7290103704209,false,נייר מגבת תאית טאצ' 12 גלילים,,,מגבות טאצ 12 מהדורת,Unknown,0.00,Unknown,false,22,19.90,19.90,true,1,
7290103704575,false,נייר טואלט טאצ' פרימיום 48 גלילים,,,טואלט טאצ 48 מהדורת,Unknown,0.00,Unknown,false,18,38.90,38.90,true,1,
7290103704759,false,טואלט טאצ 16 כפול פרח סגול,,,טואלט טאצ 16 כפול פר,Unknown,0.00,Unknown,false,1,31.50,31.50,true,1,
7290104061417,false,חומוס טחינה אחלה 400 ג',"שטראוס גרופ בע""מ",IL,חומוס טחינה 400 גר,גרמים,400.00,100 גרם,false,1,10.90,2.73,true,1,
7290104061431,false,חומוס אחלה עם צנובר 400 ג',"שטראוס גרופ בע""מ",IL,חומוס צנובר 400 גר,גרמים,400.00,100 גרם,false,1,10.90,2.73,true,1,
7290104061448,false,חומוס עם חריף 400 ג' אחלה,מיוצר עי קונדיטוריית,IL,חומוס חריף 400 גרם,גרמים,400.00,100 גרם,false,1,10.90,2.73,true,1,
7290104065187,false,אבקה להכנת משקה קפה בטעם מוקה,שטראוס,IL,קפה נמס בטעם מוקה 20,גרמים,200.00,100 גרם,false,1,24.90,12.45,true,1,
7290104065934,false,עלי רוקט 150 גרם שטראוס,שטראוס בריאות ירקות,IL,עלי רוקט 150גר,גרמים,150.00,100 גרם,false,1,10.90,7.27,true,1,
7290104067693,false,אחלה חומוס עם חריף 150 גרם,מיוצר עי קונדיטוריית,IL,חומוס חריף 150 גר,גרמים,150.00,100 גרם,false,1,6.20,4.13,true,1,
7290104615214,false,צמחים,,,צמחים,Unknown,0.00,Unknown,false,1,25.00,25.00,true,1,
7290104615238,false,זרים אחידים,,,צמחים,Unknown,0.00,Unknown,false,1,30.00,30.00,true,1,
7290104615252,false,זרים אחידים,,,צמחים,Unknown,0.00,Unknown,false,1,40.00,40.00,true,1,
7290104615429,false,צמחים,,,צמחים,Unknown,0.00,Unknown,false,1,14.00,14.00,true,1,
7290104615450,false,צמחים,,,צמחים,Unknown,0.00,Unknown,false,1,17.00,17.00,true,1,
7290104615498,false,צמחים,,,צמחים,Unknown,0.00,Unknown,false,1,21.00,21.00,true,1,
7290104615948,false,צמחים,,,צמחים,Unknown,0.00,Unknown,false,1,55.00,55.00,true,1,
7290104618215,false,צמחים,,,צמחים,Unknown,0.00,Unknown,false,1,65.00,65.00,true,1,
7290104618246,false,צמחים,,,צמחים,Unknown,0.00,Unknown,false,1,80.00,80.00,true,1,
7290104618451,false,עציצים,,,עציצים,Unknown,0.00,Unknown,false,1,80.00,80.00,true,1,
7290104721953,false,לקט מסולסלים 350 גר ירקות שטראוס,תות תעשיות מזון (201,IL,לקט מסולסלים 350 גר,גרמים,350.00,100 גרם,false,1,13.90,3.97,true,1,
7290104722530,false,תפוצ'יפס שמנת בצל 200 גרם,"שטראוס פריטו ליי בע""",IL,תפוציפס שמנת בצל 200,גרמים,200.00,100 גרם,false,1,9.90,4.95,true,1,
7290104960338,false,"נקה 7 תחליב רחצה ארומה אלוורה ותה ירוק 750מ""ל","אמיליה קוסמטיקס בע""מ",IL,אל סבון אלוורה ותה י,מיליליטרים,750.00,"100 מ""ל",false,1,14.50,1.93,true,1,
7290105040794,false,בנפייבר סיבים תזונתי,בנפייבר Benefiber,,בנפייבר סיבים 261 גר,גרמים,261.00,100 גרם,false,1,59.90,22.95,true,1,
7290105362339,false,"שמנת לבישול 15% 250 מ""ל יטבתה מהדרין",שטראוס גרופ,IL,שמנת לבישול 15% מהדר,מיליליטרים,250.00,"100 מ""ל",false,1,8.40,3.36,true,1,
7290105366993,false,גבינה לבנה סימפוניה עם תוספות 200 ג' פלפל שיפקה,"שטראוס בריאות בע""מ",IL,סימפוניה פלפל שיפקה,גרמים,200.00,100 גרם,false,1,11.00,5.50,true,1,
7290105368904,false,"שמנת מתוקה להקצפה 32% שומן 250 מ""ל יוטבתה",שטראוס גרופ,IL,שמנת עמידה לקצפת 32%,מיליליטרים,250.00,"100 מ""ל",false,1,7.60,3.04,true,1,
7290105369130,false,סימפוניה גבינה במרקם שמנת בצל ירוק 5%,"שטראוס בריאות בע""מ",IL,סימפוניה בצל ירוק 3%,גרמים,200.00,100 גרם,false,1,11.00,5.50,true,1,
7290105431516,false,פרי חטיף תמרים ובוטנים ללא סוכר חמישיה,טבעית מוצרים מן הטבע,IL,מארז חטיפי תמרים ובו,גרמים,110.00,100 גרם,false,1,19.80,18.00,true,1,
7290105435989,false,מנה אייר פופס טבעי 40 גרם,,,מנה אייר פופס טבעי 4,Unknown,0.00,Unknown,false,1,5.40,5.40,true,1,
7290105438546,false,קוקי נייר אפייה פרימיום 40 יח',קוקי,IL,נייר אפי פרימיום קוק,Unknown,0.00,Unknown,false,1,9.90,9.90,true,1,
7290105439499,false,מיונז הולנדי 481 ג' מאסטר שף,רמיה סי.וי. הולנד,NL,מנה מאסטר שף מיונז 4,גרמים,481.00,100 גרם,false,1,11.90,2.47,true,1,
7290105439505,false,מנה מאסטר שף קרם בטעם מיונז לייט 479 גר,רמיה סי.וי. הולנד,NL,קרם בטעם מיונז,גרמים,479.00,100 גרם,false,1,13.50,2.82,true,1,
7290105439581,false,מנה מאסטר שף חרדל דיזיון צרפתי 370 גר,סאס קווינור,FR,מנה מאסטר שף חרדל די,גרמים,370.00,100 גרם,false,1,11.90,3.22,true,1,
7290105473950,false,חול חתולים מתגבש יור,יורוקיטי,IL,יורוקיטי קופסה 5 קג,קילוגרמים,0.01,"ק""ג",false,1,34.90,3490.00,true,1,
7290105691224,false,פריכונים חטיפי טורטיה שום בצל 60 ג' אוסם,"מיוצר ע""י PT, משווק",IL,חטיפי פריכונים טורטי,גרמים,60.00,100 גרם,false,1,7.50,12.50,true,1,
7290105691248,false,פריכונים חטיפי טורטיה תירס 60 ג' אוסם,"מיוצר ע""י PT, משווק",IL,חטיפי פריכונים טורטי,גרמים,60.00,100 גרם,false,1,7.50,12.50,true,1,
7290105850348,false,מרכך שיער צמחי 500 מ,,,מרכך שיער צמחי 500 מ,Unknown,0.00,Unknown,false,1,28.90,28.90,true,1,
7290105851956,false,קרם יום אורגני נץ החלב לעור יבש 50 מל,,,קרם יום אורגני נץ הח,Unknown,0.00,Unknown,false,1,154.90,154.90,true,1,
7290105851963,false,קרם לילה אורגני הדסים לעור יבש 50 מל,,,קרם לילה אורגני הדסי,Unknown,0.00,Unknown,false,1,154.90,154.90,true,1,
7290105856494,false,שמפו צמחי לבנדר במיו,,,שמפו צמחי לבנדר במיו,Unknown,0.00,Unknown,false,1,28.90,28.90,true,1,
7290105856517,false,סבון רחצה צמחי תה יר,,,סבון רחצה צמחי תה יר,Unknown,0.00,Unknown,false,1,28.90,28.90,true,1,
7290105858009,false,שמפו צמחי קלנדולה,,,שמפו צמחי קלנדולה,מיליליטרים,598.00,"100 מ""ל",false,1,28.90,4.83,true,1,
7290105858016,false,שמפו סרפד רוזמרין,,,שמפו סרפד רוזמרין,מיליליטרים,500.00,"100 מ""ל",false,1,28.90,5.78,true,1,
7290105965738,false,יוגורט לשתיה בטעם תות בננה267 ג' דנונה,מיוצר עי קונדיטוריית,IL,משקה בוקר תות בננה 2,מיליליטרים,267.00,"100 מ""ל",false,1,5.00,1.87,true,1,
7290105966469,false,"חומץ בלסמי יד מרדכי 250מ""ל",אצטייה ג'וזפה קרמוני,IT,חומץ בלסמי יד מרדכי,מיליליטרים,250.00,"100 מ""ל",false,1,14.70,5.88,true,1,
7290106520288,false,יוגורט פרו חלבון עם תות 2.4% שומן 150 ג' דנונה,"שטראוס בריאות בע""מ",IL,דנונה WOW תות 2.4% ש,גרמים,150.00,100 גרם,false,1,4.90,3.27,true,1,
7290106520912,false,"שמנת לבישול 9% 250 מ""ל יטבתה",שטראוס גרופ,IL,שמנת לבישול 9% 250 מ,מיליליטרים,250.00,"100 מ""ל",false,1,8.40,3.36,true,1,
7290106526822,false,פריכיות אורז עם תחתית שוקולד חלב 80 ג' אנרגי,"טחנת האבן תעשיות בע""",IL,פריכיות אנרגי תחתית,גרמים,80.00,100 גרם,false,1,7.90,9.88,true,1,
7290106528949,false,שטראוס לקט ערוגות 45,שטראוס בריאות ירקות,IL,לקט ערוגות,Unknown,0.00,Unknown,false,1,12.90,12.90,true,1,
7290106572027,false,אוסם - לחמית חמישה דגנים 190 גרם,"אסם תעשיות בע""מ",IL,לחמית חמישה דגנים 19,גרמים,190.00,100 גרם,false,1,10.40,5.47,true,1,
7290106573598,false,צבר חומוס לבנוני 400גרם,סלטי צבר,IL,חומוס לבנוני 400 גרם,גרמים,400.00,100 גרם,false,1,11.90,2.98,true,1,
7290106573628,false,צבר חומוס עם טחינה 400גר,לחמנו,IL,חומוס עם טחינה 400 ג,גרמים,400.00,100 גרם,false,1,11.90,2.98,true,1,
7290106576513,false,סלט חומוס צבר 400 גר,סלטי צבר,IL,חומוס חלק 400 גרם,גרמים,400.00,100 גרם,false,1,9.90,2.48,true,1,
7290106576537,false,צבר חומוס מסעדה 700 גר,סלטי צבר,IL,חומוס מסעדה צבר 700,גרמים,700.00,100 גרם,false,1,10.90,1.56,true,1,
7290106577541,false,צבר כרוב אדום מרובע 400גרם,סלטי צבר,IL,סלט כרוב אדום 400 גר,גרמים,400.00,100 גרם,false,1,12.90,3.23,true,1,
7290106577572,false,צבר מטבוחה מרובע 400גרם,סלטי צבר,IL,סלט מטבוחה 400 גר,גרמים,400.00,100 גרם,false,1,12.90,3.23,true,1,
7290106579293,false,סלט סלק רפי כהן 400 גר,,,סלט סלק רפי כהן 400,גרמים,400.00,100 גרם,false,1,17.50,4.38,true,1,
7290106663121,false,מילקי cake עוגה אישית 34 גרם,בובארד איטליה אס.פי.,IT,עוגה אישית מילקי 34,גרמים,34.00,100 גרם,false,1,3.20,9.41,true,1,
7290106663558,false,"רוטב טריאקי ורימון יד מרדכי 280מ""ל",אף.סי תבליני בגליל ב,IL,רוטב טריאקי רימון 28,גרמים,320.00,100 גרם,false,1,14.60,4.56,true,1,
7290106664562,false,רוטב שמנת עם פטריות 9% שומן 258 ג' יוטבתה,שטראוס גרופ,IL,יטבתה רוטב שמנת עם פ,גרמים,250.00,100 גרם,false,1,10.90,4.36,true,1,
7290106667266,false,חטיף דוריטוס חמוץ חריף 185 גרם,שטראוס פריטו ליי (מל,IL,חטיף דוריטוס חמוץ חר,גרמים,185.00,100 גרם,false,1,7.40,4.00,true,1,
7290106669857,false,קפסולות 06 אספרסו בטעם וניל עלית 10יח',הנסיך- מפעל לייצור ט,IL,קפסולות אספרסו בטעם,גרמים,50.00,100 גרם,false,1,16.50,33.00,true,1,
7290106721913,false,מסטיק מאסט MUST ללא סוכר בטעם מנטה מרעננת,"שטראוס גרופ בע""מ",IL,צנצנת מסטיקים ריח פה,Unknown,0.00,Unknown,false,1,9.90,9.90,true,1,
7290106721920,false,צנצנת מסטיק מאסט בטעם ספירמינט עדין 66 ג' עלית,"שטראוס גרופ בע""מ.",IL,צנצנת מסטיקים ספירמי,Unknown,0.00,Unknown,false,1,9.90,9.90,true,1,
7290106726178,false,יוגורט PRO עם פירות יער 2.4% 10 גרם חלבון בגביע,מיוצר עי קונדיטוריית,IL,דנונה פרו פירות יער,גרמים,150.00,100 גרם,false,1,4.90,3.27,true,1,
7290107280709,false,"סנו ספארק נוזל הברקה למדיח 700 מ""ל","סנו מפעלי ברונוס בע""",IL,נוזל הברקה למדיח סנו,מיליליטרים,900.00,"100 מ""ל",false,1,16.70,1.86,true,1,
7290107280723,false,נוזל לניקוי כלים סנו ספארק Spark בניחוח לימון רענן,סנו כימיקלים,IL,נוזל כלים סנו ספארק,מיליליטרים,700.00,"100 מ""ל",false,1,10.40,1.49,true,1,
7290107280730,false,נוזל לניקוי כלים סנו ספארק Spark בניחוח לבנדר,מיוצר עי קונדיטוריית,IL,נוזל כלים סנו ספארק,מיליליטרים,700.00,"100 מ""ל",false,1,10.40,1.49,true,1,
7290107280761,false,נוזל לניקוי כלים בניחוח לימון רענן סנו ספארק Spark,מיוצר עי קונדיטוריית,IL,ספארק נוזל כלים בניח,מיליליטרים,1000.00,"100 מ""ל",false,1,14.60,1.46,true,1,
7290107645584,false,אבקת מרק עוף אמיתי רכיבים טבעיים 400 גרם - רבנות,יוניליוור ישראל מזון,IL,מרק עוף אמיתי רכיבים,גרמים,400.00,100 גרם,false,1,19.90,4.98,true,1,
7290107646062,false,אבקת מרק בצל רכיבים טבעיים קנור 400 ג',יוניליוור ישראל מזון,IL,קנור מרק בצל רכיבים,גרמים,400.00,100 גרם,false,1,24.90,6.23,true,1,
7290107647816,false,"דגני ברנפלקס ללא תוספת סוכר 500 גרם בד""צ",יוניליוור ישראל מזון,IL,דגני ברנפלקס ללא תוס,גרמים,500.00,100 גרם,false,1,23.90,4.78,true,1,
7290107648943,false,ברנפלקס קרנצים מייפל 375 ג' תלמה,יוניליוור שפע ישראל,IL,דגנים בטעם מייפל ללת,גרמים,375.00,100 גרם,false,1,20.90,5.57,true,1,
7290107648974,false,קנור רוטב עם בזיליקום לפסטה 415 גרם,יוניליוור,IL,קנור רוטב עם בזיליקו,גרמים,415.00,100 גרם,false,1,12.90,3.11,true,1,
7290107648981,false,רוטב עגבניות קלאסי פומודורו 415 ג' קנור,מיוצר עי קונסורזייו,IL,קנור רוטב פומודורו 4,גרמים,415.00,100 גרם,false,1,12.90,3.11,true,1,
7290107871297,false,אוסם - מיני פריכונים עשבי תיבול 25 גרם,"מיוצר ע""י PT, משווק",IL,פריכונים מיני עשבי ת,גרמים,25.00,100 גרם,false,1,4.90,19.60,true,1,
7290107932080,false,חלב מועשר יוטבתה בבקבוק 3% 1 ליטר,מחלבת יטבתה,IL,חלב מועשר יוטבתה בבק,מיליליטרים,1000.00,"100 מ""ל",false,1,7.70,0.77,true,1,
7290107936309,false,דנונה יוגורט 7% יווני לבן 130 ג',"שטראוס בריאות בע""מ",IL,דנונה יווני לבן 5.8%,גרמים,120.00,100 גרם,false,1,3.50,2.92,true,1,
7290107937627,false,מסטיק מאסט Must קוביות ללא סוכר בטעם מנטה עדינה,אסקום קונפקשיין,IL,צנצנת קוביות ספירמינ,Unknown,0.00,Unknown,false,1,9.90,9.90,true,1,
7290107937641,false,מסטיק בצנצנת קוביות בזוקה 58 ג',אסקום קונפקשיין,IL,צנצנת קוביות בזוקה 5,Unknown,0.00,Unknown,false,1,9.90,9.90,true,1,
7290107937856,false,קפסולות 11חזק למכונות נספרסו עלית 10יח',הנסיך- מפעל לייצור ט,IL,קפסולות אספרסו 11 למ,Unknown,0.00,Unknown,false,1,16.50,16.50,true,1,
7290107938396,false,"אקטימל משקה פרוביוטי תות 100X8 מ""ל",מיוצר עי קונדיטוריית,IL,שמיניית אקטימל תות 8,גרמים,864.00,100 גרם,false,1,20.90,2.42,true,1,
7290107940467,false,אקטיביה יוגורט 1.5% שומן 200 ג' דנונה,מיוצר עי קונדיטוריית,IL,יוגורט אקטיביה 1.5%,גרמים,200.00,100 גרם,false,1,3.90,1.95,true,1,
7290107941266,false,טעם הטבע שעועית אגומ,הורקסה לס לגונס דה ס,ES,שעועית אדומה מבושלת,גרמים,475.00,100 גרם,false,1,14.90,3.14,true,1,
7290107943369,false,קוואקר שיבולת שועל ללא גלוטן 511 גר'.,היידי שוקולד בירונטי,US,קוואקר שיבולת שועל ל,גרמים,511.00,100 גרם,false,1,16.90,3.31,true,1,
7290107944472,false,סימפוניה גבינה במרקם שמנת 5% שום שמיר,"שטראוס בריאות בע""מ",IL,סימפוניה שום שמיר 5%,גרמים,200.00,100 גרם,false,1,11.00,5.50,true,1,
7290107956895,false,קפסולות 07 אספרסו בטעם קרמל עלית 10יח',שטראוס גרופ,IL,קפסולות אספרסו בטעם,Unknown,0.00,Unknown,false,1,16.50,16.50,true,1,
7290107956901,false,קפסולות בטעם אגוזים למכונות נספרסו 50 גר,שטראוס גרופ,IL,קפסולות בטעם אגוזים,גרמים,50.00,100 גרם,false,1,16.50,33.00,true,1,
7290107956925,false,קפסולות 13 אוגנדה למכונת נספרסו עלית 10יח',שטראוס קפה בי.וי,IL,קפסולות אוגנדה 13 למ,גרמים,50.00,100 גרם,false,1,16.50,33.00,true,1,
7290107956932,false,קפסולות אספרסו אידונזיה למכונות 50 גר,שטראוס קפה בי.וי,IL,קפסולות אספרסו אידונ,גרמים,50.00,100 גרם,false,1,16.50,33.00,true,1,
7290107973038,false,"פלמוליב סבון ידיים אקווריום 300 מ""ל",הנסיך- מפעל לייצור ט,TR,פלמוליב סבון ידיים א,מיליליטרים,300.00,"100 מ""ל",false,1,12.50,4.17,true,1,
7290107973809,false,שימורי עגבניות קוביות 400 ג' מאסטר שף,פראנו אריקו ופיגלי ס,IT,מנה קוביות עגבניות 4,גרמים,400.00,100 גרם,false,1,7.20,1.80,true,1,
7290107974066,false,"עלי טורטיה קמח מלא 20ס""מ 8יח' מאסטר שף 320ג'",אלקאטי קורביישיסי גי,ES,מנה עלי טורטיה קמח מ,גרמים,320.00,100 גרם,false,1,10.90,3.41,true,1,
7290107974073,false,מנה עלי טורטיה קמח לבן מ.שף 20 סמ 320 גר,אלקאטי קורביישיסי גי,ES,מנה עלי טורטיה קמח ל,גרמים,320.00,100 גרם,false,1,10.90,3.41,true,1,
7290107974806,false,"אורז בסמטי 1 ק""ג מאסטר שף",דווה סינג שיהם סינג,IN,"מנה אורז בסמטי 1 ק""ג",גרמים,1000.00,100 גרם,false,1,13.90,1.39,true,1,
7290107974813,false,"אורז יסמין 1 ק""ג מאסטר שף",מאסטר שף,,"מנה אורז יסמין 1 ק""ג",גרמים,1000.00,100 גרם,false,1,12.50,1.25,true,1,
7290107974820,false,מנה מאסטר שף ממרח מתובל ספייסי 248 גר,מאסטר שף,NL,מנה מאסטר שף ממרח מת,גרמים,248.00,100 גרם,false,1,9.10,3.67,true,1,
7290107976916,false,"פלמוליב סבון ידיים חלב זיתים 300 מ""ל",פלמוליב Palmolive,IT,סבון ידיים חלב זיתים,מיליליטרים,300.00,"100 מ""ל",false,1,12.50,4.17,true,1,
7290107978330,false,מאסטר שף איטריות דקות 400 גרם,הדקלאים אגודת שיתופי,PL,מאסטר שף איטריות דקו,גרמים,400.00,100 גרם,false,1,6.20,1.55,true,1,
7290107978347,false,מאסטר שף איטריות בינוניות 400 גר,הדקלאים אגודת שיתופי,PL,מאסטר שף איטריות בינ,גרמים,400.00,100 גרם,false,1,6.20,1.55,true,1,
7290108350555,false,נוזל כלים סנו ספארק Spark היפואלרגני פריחת השקד,סנו,IL,ספארק נוזל כלים לעור,מיליליטרים,1000.00,"100 מ""ל",false,1,14.60,1.46,true,1,
7290108350586,false,נוזל לניקוי כלים סנו ספארק Spark בניחוח לימון רענן,סנו,IL,ספארק נוזל כלים בניח,ליטרים,0.00,ליטר,false,1,17.70,17.70,true,1,
7290108350623,false,מרכך כביסה סופר מרוכז סופט סילק מקסימה 1 ל' סנו,"סנו מפעלי ברונוס בע""",IL,מרכך כביסה מקסימה סו,מיליליטרים,1000.00,"100 מ""ל",false,1,17.90,1.79,true,1,
7290108351811,false,מקסימה מרכך כביסה סופר מרוכז פלור טאצ' 1 ליטר,מיוצר עי קונדיטוריית,IL,מר.כביסה סנומקסימה מ,ליטרים,0.00,ליטר,false,1,17.90,17.90,true,1,
7290108352207,false,מקסימה קפסולות לכביסה פלורל 40 יחידות,טרופיקל דגיל תעשיות,IL,קפסולות לכביסה סנו מ,יחידה,1.00,יחידה,false,1,39.90,39.90,true,1,
7290108352214,false,סנו - מקסימה קפסולות כביסה בניחוח בריזה מרעננת 40 יח',טרופיקל דגיל תעשיות,IL,קפסולות לכביסה סנו מ,Unknown,0.00,Unknown,false,1,39.90,39.90,true,1,
7290108352535,false,סנו - מקסימה דפי בישום לחים למייבש הכביסה בניחוח מרכך כביסה,סנו מקסימה,IL,מקסימה דפי בישום למי,Unknown,0.00,Unknown,false,1,14.60,14.60,true,1,
7290108352801,false,"שקיות אשפה S לפחים קטנים 56*45 ס""מ בניחוח עדין","סנו מפעלי ברונוס בע""",IL,שקיות אשפה סנו סושי,Unknown,0.00,Unknown,false,1,18.90,18.90,true,1,
7290108352825,false,ספוג הפלא נירוסטה סנו סושי 3יח',s.k.a.t ltdסנו מפעלי,IL,ספוג הפלא נירוסטה סנ,Unknown,0.00,Unknown,false,1,12.80,12.80,true,1,
7290108352863,false,סנו סושי שקיות צלייה 20יח' מידה L,מיוצר עי קונדיטוריית,IL,שקיות צלייה סנו סושי,Unknown,0.00,Unknown,false,1,9.50,9.50,true,1,
7290108352900,false,סנו סושי מגבות הפלא גליל כפול 6 גלילים,סנו מפעלי ברונוס בעמ,IL,מגבות נייר סנו סושי,מטרים,126.90,מטר,false,1,24.90,0.20,true,1,
7290108353006,false,שקיות מזון נקשרות סנו סושי 250 יח',מיוצר עי קונדיטוריית,IL,שקיות אוכל סנו סושי,יחידה,1.00,יחידה,false,1,13.90,13.90,true,1,
7290108353068,false,ספוג הפלא נירוסטה עם סיבי קירצוף סנו סושי 2 יח',מיוצר עי קונדיטוריית,IL,כרית קרצוף סנו סושי,Unknown,0.00,Unknown,false,1,12.20,12.20,true,1,
7290108353082,false,ממחטות אף בקופסה 2 שכבות סנו סופט 120 דף,מיוצר עי קונדיטוריית,IL,ממחטות אף בקופסא 120,Unknown,0.00,Unknown,false,1,9.90,9.90,true,1,
7290108353662,false,"סנו סושי מפת שולחן מוטבעת 120*270 ס""מ",סנו סושי,IL,XL סושי מפת שולחן מו,יחידה,1.00,יחידה,false,1,8.90,8.90,true,1,
7290108354706,false,"קרמה - תחליב רחצה מאסק 500 מ""ל",החברה הדרומית,IL,קרמה תחליב רחצה מאסק,Unknown,0.00,Unknown,false,1,12.90,12.90,true,1,
7290108357110,false,"קרליין - נושם ביו דאודורנט רול און 75 מ""ל Valvet Rose לאישה",החברה הדרומית,IL,קרליין דאו. רולאון 7,Unknown,0.00,Unknown,false,1,12.90,12.90,true,1,
7290108357189,false,"מבשם ומרכך למייבש הכביסה מקסימה פלורל 750 מ""ל סנו","סנו מפעלי ברונוס בע""",IL,מבשם כביסה סנו מקסימ,מיליליטרים,750.00,"100 מ""ל",false,1,18.90,2.52,true,1,
7290108357516,false,"קרמה - סבון ידיים וניל ופלפל ורוד 500 מ""ל",קרמה,IL,סבון ידיים קרמה וניל,מיליליטרים,500.00,"100 מ""ל",false,1,16.90,3.38,true,1,
7290108358094,false,"קרמה - תחליב רחצה חמאת שיאה וקוקוי 500 מ""ל",החברה הדרומית,IL,קרמה תחליב רחצה שיאה,Unknown,0.00,Unknown,false,1,12.90,12.90,true,1,
7290108359077,false,סנו - סופט לושן ממחטות אף בקופסא 3 שכבות 120 יח',סנו סופט Soft,IL,ממחטות אף סופט לושן,יחידה,1.00,יחידה,false,1,14.60,14.60,true,1,
7290108359121,false,סנו סושי שקיות אשפה חזקות במיוחד 100 יח' L,סנו סושי,IL,שקיות אשפה חזקות וגד,יחידה,1.00,יחידה,false,1,61.90,61.90,true,1,
7290108359985,false,סנו - ז'אוול מרסס קצף לניקוי וחינו בניחוח פריחה לבנה 1 ליטר,סנו ז'אוול Javel,IL,סנו זאוול מרסס פריחה,מיליליטרים,1000.00,"100 מ""ל",false,1,18.90,1.89,true,1,
7290108500264,false,נתחי טונה בהירה בשמן וילי פוד 95 גר,אליאנס סלקט פודס,TH,נתחי טונה בהירה בשמן,גרמים,95.00,100 גרם,false,1,3.90,4.11,true,1,
7290108500677,false,כבד דג שיבוט מעושן בשמן הדג,"איטיליאן פוד, אס.פי.",IS,כבד דג שיבוט בשמן הד,גרמים,115.00,100 גרם,false,1,11.40,9.91,true,1,
7290108501346,false,גבינה גאודה מגורדת 28% 500 גר,Euro יורו מחלבות אירופה,DE,גבינה גאודה מגורדת 2,גרמים,500.00,100 גרם,false,1,24.90,4.98,true,1,
7290108501360,false,גבינת צ'דר בשלה MATURED ORANGE,Wyke Farms,,גבינת צדר בשלה 200 ג,גרמים,200.00,100 גרם,false,1,20.90,10.45,true,1,
7290108501391,false,פרוסות גבינה חצי קשה מחלב עיזים,,IL,גבינת עיזים חצי קשה,גרמים,150.00,100 גרם,false,1,22.90,15.27,true,1,
7290108501988,false,חטיף שקדים וחמוציות הפי נוטס מארז 35X4ג',ואמראליס,GR,הפי נוטס חטיף שקדים,גרמים,140.00,100 גרם,false,1,12.90,9.21,true,1,
7290108502329,false,רביעית טונה בשמן זית וילי פוד 4*160 גר,גולדן פרייז,TH,רביעית טונה בשמן זית,גרמים,640.00,100 גרם,false,1,28.50,4.45,true,1,
7290108502725,false,גבינת גאודה פרוסות 400 גר`וילי פוד,Euro יורו מחלבות אירופה,DE,גבינת גאודה פרוסות 4,גרמים,400.00,100 גרם,false,1,19.90,4.98,true,1,
7290108502763,false,גבינת קממבר 200 גר ו,פטוראז',FR,גבינה קממבר 200 גר,גרמים,200.00,100 גרם,false,1,20.90,10.45,true,1,
7290108502862,false,מלפפונים כבושים במלח 18-25קטנים מאוד 600ג',זיתור סאן גירה סני ו,TR,מלפפונים כבושים במלח,גרמים,600.00,100 גרם,false,1,10.40,1.73,true,1,
7290108503043,false,תפוחונים חטיף פלחים מיובשים מארז 22X4ג',ינטאי זונגקאן פוד קו,CN,מארז תפוחונים 4 * 22,גרמים,88.00,100 גרם,false,0,14.90,16.93,true,1,
7290108503814,false,גבינה מותכת למריחה 200 גר,,FI,גבינה מותכת ויאולה,גרמים,200.00,100 גרם,false,1,12.50,6.25,true,1,
7290108504699,false,נתחי טונה בשמן קנולה רביעיה * 160 ג' וילי פוד,גולדן פרייז,TH,רביעית טונה בשמן קנו,גרמים,640.00,100 גרם,false,1,19.90,3.11,true,1,
7290108505603,false,שלישיית נתחי טונה בשמן צמחי 90 גרם קרטונית,גולדן,TH,שלישיית טונה בהירה ב,גרמים,240.00,100 גרם,false,1,11.90,4.96,true,1,
7290108505726,false,אצבעות-גבינה חצי קשה 25% שומן 200גר,סאסו פטוראגס קומטויס,TR,אצבעות גבינה חצי קשה,גרמים,200.00,100 גרם,false,0,12.90,6.45,true,1,
7290108505733,false,צמות - גבינה חצי קשה 25% שומן 200 ג',אונטד גידה,TR,גבינה צמות חצי קשה,גרמים,200.00,100 גרם,false,0,12.90,6.45,true,1,
7290108507652,false,ביסקויט פריך בשוקולד לבן 100 גרם -קהילות,מודרן צ'יקולטה,TR,ביסקויט פריך בשוקולד,גרמים,100.00,100 גרם,false,1,6.90,6.90,true,1,
7290108507911,false,קינואה עם טונה וירקות - מוכן לאכילה,וילי פוד,TR,קינואה עם טונה וירקו,גרמים,160.00,100 גרם,false,1,13.10,8.19,true,1,
7290108508161,false,ספגטי ללא גלוטן 400 גרם חתם סופר,,,ספגטי ללא גלוטן 400ג,גרמים,400.00,100 גרם,false,1,9.90,2.48,true,1,
7290108508703,false,טורטיה ללא גלוטן 270 גרם ויליפוד,מוטלוקל גידה סאנאי ט,TR,טורטיה ללא גלוטן 270,גרמים,270.00,100 גרם,false,1,9.90,3.67,true,1,
7290108508772,false,קונכיות פתיתים עם תרד 400 גרם,וילי פוד,TR,קונכיות פתיתים עם תר,גרמים,400.00,100 גרם,false,1,6.90,1.73,true,1,
7290108509113,false,"גבינה בולגרית מעודנת 18% שומן 250 גרם חת""ס פ""ת",Euro יורו מחלבות אירופה,TR,גבינה בולגרית מעודנת,גרמים,250.00,100 גרם,false,1,12.90,5.16,true,1,
7290108509359,false,פופקורן בציפוי בטעם קרמל 90 ג' ויליפוד,סנרו ס.א,UA,פופקורן בציפוי בטעם,גרמים,90.00,100 גרם,false,1,8.30,9.22,true,1,
7290108509625,false,זיתים ירוקים ופלפל על הגריל מגולענים במרינדה 730 גרם,,TR,זיתים ירוקים ופלפל ע,גרמים,730.00,100 גרם,false,1,24.90,3.41,true,1,
7290108509694,false,זיתים ירוקים ממולאים פלפל פפרוני 820 גרם,,TR,זיתים ירוקים ממולאים,גרמים,820.00,100 גרם,false,1,19.80,2.41,true,1,
7290108509700,false,אורז פרסי דאוואט 1 ק,אל.טי.פודס לימיטד,IN,"אורז פרסי 1 ק""ג DAAW",גרמים,1000.00,100 גרם,false,1,10.40,1.04,true,1,
7290108509755,false,גבינה חלומי 250 גרם 23% שומן,,קפריסין,גבינה חלומי 250 גרם,גרמים,250.00,100 גרם,false,1,24.90,9.96,true,1,
7290108509908,false,"מנת השף בשקית-איטריות בטעם ירקות 85 ג' חתם סופר ב""ב",וילי פוד - מנת השף,TH,אטריות להכנה מהירה ב,גרמים,85.00,100 גרם,false,1,3.90,4.59,true,1,
7290108509915,false,"מנת השף בשקית-איטריות בטעם סיני פיקנטי 85 ג' חתם סופר ב""ב",וילי פוד - מנת השף,TH,אטריות להכנה מהירה ס,גרמים,85.00,100 גרם,false,1,3.90,4.59,true,1,
7290108509922,false,"מנת השף בשקית-איטריות בטעם עוף 85 ג' חתם סופר ב""ב",וילי פוד - מנת השף,TH,אטריות להכנה מהירה ב,גרמים,85.00,100 גרם,false,1,3.90,4.59,true,1,
7290108509939,false,פרוסות פילה טונה בשמן זית כתית מעולה,וילי פוד,,פרוסות פילה טונה 120,גרמים,120.00,100 גרם,false,1,12.90,10.75,true,1,
7290109352916,false,פריכיות דגנים פיטנס מצופות שוקולד לבן,פרח תעשיות,IL,פיטנס בר פריכיות שוק,גרמים,84.00,100 גרם,false,1,12.90,15.36,true,1,
7290109354101,false,לחמית ללא גלוטן 200 ג' אסם,"אסם תעשיות בע""מ",IL,לחמית ללא גלוטן,גרמים,200.00,100 גרם,false,1,11.40,5.70,true,1,
7290109354996,false,פתי בר ללא גלוטן שוקו 200 גרם אסם,מיוצר עי קונדיטוריית,IL,פתי בר ללא גלוטן שוק,גרמים,200.00,100 גרם,false,1,11.40,5.70,true,1,
7290109580036,false,"שניצל תירס 1.25 ק""ג זוגלובק",,,"שניצל תירס 1.25 ק""ג",גרמים,1250.00,100 גרם,false,1,37.90,3.03,true,1,
7290109580050,false,נקניקיות צ'וריסוס וונדרס 0% בשר טבעוני ללא גלוטן,זוגלובק וונדרס Wonders,IL,נקניקיות צוריסוס,גרמים,226.00,100 גרם,false,1,36.50,16.15,true,1,
7290109580067,false,"טחון וונדרס 0% בשר , טבעוני",זוגלובק וונדרס Wonders,IL,טחון wonders 340 גר,גרמים,340.00,100 גרם,false,1,36.50,10.74,true,1,
7290109580234,false,"נקניקיות מרגז חריפות וונדרס 0% בשר, טבעוני",זוגלובק וונדרס Wonders,IL,נקניקיות מרגז wonder,גרמים,226.00,100 גרם,false,1,35.50,15.71,true,1,
7290109580241,false,נאגטס מן הצומח זוגלובק 500 גרם,זוגלובק טבע,IL,נאגטס מן הצומח זוגלו,גרמים,500.00,100 גרם,false,1,29.90,5.98,true,1,
7290109580319,false,"בורגר וונדרס 0% בשר , טבעוני",זוגלובק וונדרס Wonders,IL,בורגר wonders 280 גר,גרמים,280.00,100 גרם,false,1,35.50,12.68,true,1,
7290109580449,false,סלמי בטעם כמהין פרימיום 180 ג' זוגלובק,זוגלובק,IL,סלמי בטעם כמהין 180,גרמים,160.00,100 גרם,false,1,23.90,14.94,true,1,
7290109640372,false,ממרח עם זיתים על בסיס רכיבי קוקוס 9%,משו משו,IL,ממרח זיתים בסיס רכיב,גרמים,200.00,100 גרם,false,1,17.90,8.95,true,1,
7290109640396,false,ממרח שום שמיר בסיס רכיבי קוקוס 200 גר,,IL,ממרח שום שמיר בסיס ר,גרמים,200.00,100 גרם,false,1,17.90,8.95,true,1,
7290109640778,false,מאפה פילאס בסגנון בשר טבעוני 600 גרם,סנו מפעלי ברונוס.,IL,מאפה פילאס בסגנון בש,גרמים,600.00,100 גרם,false,1,26.90,4.48,true,1,
7290109640785,false,מאפה פילאס טבעוני במילוי בסגנון פיצה,סנו מפעלי ברונוס.,IL,מאפה פילאס בסגנון פי,גרמים,600.00,100 גרם,false,1,26.90,4.48,true,1,
7290110114787,false,נביעות + תפוח 1.5 ליטר פיקדון,נביעות טבע הגליל בעמ,IL,מים נביעות בטעם תפו,ליטרים,0.00,ליטר,false,1,9.50,9.50,true,1,
7290110114794,false,נביעות + אפרסק 1.5 ליטר פיקדון,"נביעות טבע הגליל בע""",IL,מים נביעות 1.5 ליטר,ליטרים,0.00,ליטר,false,1,9.50,9.50,true,1,
7290110114855,false,"נביעות מים מינרליים, שישיה 6 * 1.5 ליטר פקדון",נביעות טבע הגליל בעמ,IL,שישיית מים נביעות,ליטרים,0.01,ליטר,false,1,12.70,1270.00,true,1,
7290110114954,false,מיץ תפוזים מתקתקים 100% 2 ל' פריגת,פריגת מצוננים,IL,מיץ תפוזים מתקתק 100,ליטרים,0.00,ליטר,false,1,21.40,21.40,true,1,
7290110115005,false,פריגת ענבים 1.5 ליטר פיקדון,מבשלות בירה בינלאומי,IL,פריגת ענבים 1.5 ליטר,ליטרים,0.00,ליטר,false,1,8.90,8.90,true,1,
7290110115463,false,פיוז טי אפרסק 1.5 ליטר פיקדון,מבשלות בירה בינלאומי,IL,תה פיוז אפרסק 1.5 לי,ליטרים,0.00,ליטר,false,1,9.00,9.00,true,1,
7290110115777,false,מים מינרליים נביעות 1.5 ל,נביעות,,נביעות 1.5 ליטר,ליטרים,0.00,ליטר,false,1,3.90,3.90,true,1,
7290110115821,false,"ספרייט לימון, 1.5 ליטר פקדון",כלורוקס אוקלנד,IL,ספרייט לימון- ליים 1,ליטרים,0.00,ליטר,false,1,8.90,8.90,true,1,
7290110115838,false,ספרייט לימון- ליים 1.5 ליטר,"אינסטנטה בע""מ",IL,ספרייט זירו לימון- ל,ליטרים,0.00,ליטר,false,1,8.90,8.90,true,1,
7290110115913,false,"משקה ספורט איזוטוני זירו בטעם אננס 500 מ""ל פאוורייד",Caslino al Piano pla,IT,פאוורייד זירו בטעם א,מיליליטרים,500.00,"100 מ""ל",false,1,11.90,2.38,true,1,
7290110116491,false,מיץ סחוט אפרסק משמש 1 ל' פריגת,פריגת מצוננים,IL,פריגת מיקס אפרסק משמ,מיליליטרים,1000.00,"100 מ""ל",false,1,15.80,1.58,true,1,
7290110116507,false,מיץ מיקס אננה בננה אגס 1 ל' פריגת,פריגת מצוננים,IL,פריגת מיקס אננס בננה,מיליליטרים,1000.00,"100 מ""ל",false,1,15.80,1.58,true,1,
7290110116514,false,"פריגת מיקס תות בננה 400 מ""ל",פריגת,IL,פריגת מיקס תות בננה,מיליליטרים,400.00,"100 מ""ל",false,1,9.90,2.48,true,1,
7290110320591,false,פיראוס בולגרית מעודנת 16% 250 גר,תנובה חלב,IL,פיראוס בולגרית מעודנ,גרמים,250.00,100 גרם,false,1,21.90,8.76,true,1,
7290110320683,false,משקה יופלה 360 בטעם תות אריזת שמיניה,מיוצר עי קונדיטוריית,IL,מארז משקה יופלה תות,מיליליטרים,856.00,"100 מ""ל",false,1,19.90,2.32,true,1,
7290110320850,false,פתיתים גבינה חצי קשה מגורדת 28% שומן,תנובה מרכז שיתופי לש,IL,פתיתי עמק 200 גר,גרמים,200.00,100 גרם,false,1,15.20,7.60,true,1,
7290110321031,false,מעדן חלב GO יוגורט מועשר בחלבון טבעי 200 ג' יופלה,"תנובה, מחלבת אלון תב",IL,יופלה 200 מל GO,מיליליטרים,200.00,"100 מ""ל",false,1,5.60,2.80,true,1,
7290110321277,false,קוטג' בקטנה % 5 100 ג' תנובה,פארייפאבה אגרואינדוס,IL,קוטג בקטנה 5% 100 גר,גרמים,100.00,100 גרם,false,1,2.60,2.60,true,1,
7290110321284,false,קוטג' בקטנה 9% 100 ג' תנובה,פארייפאבה אגרואינדוס,IL,קוטג בקטנה 9% 100 גר,גרמים,100.00,100 גרם,false,1,2.60,2.60,true,1,
7290110321680,false,יוגורט GO בטעם תות 20 גרם חלבון בגביע,מיוצר עי קונדיטוריית,IL,יופלה גו תות חלבון,מיליליטרים,200.00,"100 מ""ל",false,1,5.70,2.85,true,1,
7290110321697,false,יוגורט GO בטעם אפרסק 20 גרם חלבון בגביע,מיוצר עי קונדיטוריית,IL,יופלה אפרסק GO,מיליליטרים,200.00,"100 מ""ל",false,1,5.70,2.85,true,1,
7290110321703,false,יוגורט GO בטעם פירות יער 20 גרם חלבון בגביע,מיוצר עי קונדיטוריית,IL,יופלה GO פירות יער 2,מיליליטרים,200.00,"100 מ""ל",false,1,5.70,2.85,true,1,
7290110321789,false,גבינה מסקרפונה 38% השף הלבן 250 גר,תנובה חלב,IL,גבינה מסקרפונה 38% ה,גרמים,250.00,100 גרם,false,1,21.90,8.76,true,1,
7290110322014,false,טופו בטעם טבעי תנובה ALTERNATIVE,שוורצקוף& הנקל דיסלד,IL,טופו טבעי 300 גר,גרמים,300.00,100 גרם,false,1,12.50,4.17,true,1,
7290110322021,false,טופו עם בזיליקום תנובה ALTERNATIVE,שוורצקוף& הנקל דיסלד,IL,טופו בזיליקום 300 גר,גרמים,300.00,100 גרם,false,1,12.50,4.17,true,1,
7290110322038,false,טופו פיקנטי תנובה ALTERNATIVE,שוורצקוף& הנקל דיסלד,IL,טופו פיקנטי 300 גר,גרמים,300.00,100 גרם,false,1,12.50,4.17,true,1,
7290110322946,false,יופלה טיוב יוגורט במרקם חלק בטעם תות בננה כשרות רבנות 348 ג',תנובה חלב,IL,יופלה טיוב במרקם חלק,גרמים,348.00,100 גרם,false,1,14.90,4.28,true,1,
7290110323301,false,טל העמק בסגנון אמנטל 32% שומן 200 גרם,עמק - תנובה,IL,גבינה טל העמק 32% 20,גרמים,200.00,100 גרם,false,1,18.90,9.45,true,1,
7290110323585,false,יופלה יוגורט עם דובדבן מופחת קלוריות 200 ג' GO,יופלה Yoplait,IL,יוגורט עם דובדבן מופ,מיליליטרים,200.00,"100 מ""ל",false,1,5.70,2.85,true,1,
7290110323592,false,יופלה יוגורט עם אפרסק מופחת קלוריות 200 ג' GO,יופלה Yoplait,IL,יוגורט עם אפרסק מופח,מיליליטרים,200.00,"100 מ""ל",false,1,5.70,2.85,true,1,
7290110323714,false,משקה קוקוס שקדים תנובה E אלטרנטיב,מיוצר עי קונדיטוריית,IL,משקה קוקוס שקדים 1 ל,מיליליטרים,1000.00,"100 מ""ל",false,1,12.90,1.29,true,1,
7290110324070,false,גבינת חלומי מחלב בקר 22%שומן 200גר,"תנובה בע""מ",IL,חלומי מחלב בקר 22%,גרמים,200.00,100 גרם,false,1,21.90,10.95,true,1,
7290110324353,false,יוגורט GO לייט בטעם אננס 20 גרם חלבון בגביע,מיוצר עי קונדיטוריית,IL,יופלה גו אננס לייט,מיליליטרים,200.00,"100 מ""ל",false,1,5.70,2.85,true,1,
7290110324551,false,יופלה טיוב יוגורט במרקם חלק בטעם תות 348 ג',תנובה חלב,IL,יופלה טיוב במרקם חלק,גרמים,348.00,100 גרם,false,1,14.90,4.28,true,1,
7290110324728,false,ממרח סויה עם שום שמיר 9% שומן אלטרנטיב,מיוצר עי קונדיטוריית,IL,ממרח סויה שום שמיר 9,גרמים,250.00,100 גרם,false,1,10.90,4.36,true,1,
7290110324841,false,מעדן שקדים עם שוקולד מריר אלטרנטיב,מיוצר עי קונדיטוריית,IL,מעדן שקדים עם שוקולד,גרמים,125.00,100 גרם,false,1,4.20,3.36,true,1,
7290110324858,false,מעדן שקדים בטעם אגוזי לוז אלטרנטיב,מיוצר עי קונדיטוריית,IL,מעדן שקדים בטעם אגוז,גרמים,125.00,100 גרם,false,1,4.20,3.36,true,1,
7290110324872,false,גבינה צהובה גלבוע 5% שומן 200 גרם,גלבוע - תנובה,IL,גלבוע 5% 200 גרם,גרמים,200.00,100 גרם,false,1,17.90,8.95,true,1,
7290110324926,false,משקה סויה ללא תוספת סוכר E אלטרנטיב,תנובה מרכז שיתופי לש,IL,משקה סויה ללא תוספת,מיליליטרים,1000.00,"100 מ""ל",false,1,10.90,1.09,true,1,
7290110325084,false,מאגדת שמינייה מיני קרלו שוניל 8*100גרם,תנובה חלב,IL,מאגדת מיני קרלו שוקו,גרמים,800.00,100 גרם,false,1,15.90,1.99,true,1,
7290110325114,false,"משקה יוגורט יופלה גו לייט תות בננה 250 מ""ל - רבנות",מיוצר עי קונדיטוריית,IL,משקה יוגורט גו לייט,מיליליטרים,250.00,"100 מ""ל",false,1,5.90,2.36,true,1,
7290110325121,false,משקה יוגורט יופלה גו לייט מנגו אננס,"תנובה בע""מ",IL,משקה יוגורט גו לייט,מיליליטרים,250.00,"100 מ""ל",false,1,5.90,2.36,true,1,
7290110325312,false,מעדן סויה GO מועשר בחלבון בטעם תות,"תנובה בע""מ",IL,מעדן סויה גו 20 גר ח,גרמים,200.00,100 גרם,false,1,5.70,2.85,true,1,
7290110325510,false,יופלה טיוב יוגורט במרקם חלק בטעם וניל - 348 ג',"תנובה בע""מ",IL,יופלה טיוב יוגורט,גרמים,348.00,100 גרם,false,1,14.90,4.28,true,1,
7290110325619,false,משקה שיבולת שועל תנובה E אלטרנטיב,מיוצר עי קונדיטוריית,IL,משקה שיבולת שועל 1 ל,ליטרים,0.00,ליטר,false,1,12.90,12.90,true,1,
7290110325701,false,פיראוס צזיקי יווני 9% שומן על בסיס יוגורט,גוד פוד פרודקטס S.p,IL,גבינת פיראוס יווני 9,גרמים,250.00,100 גרם,false,1,14.50,5.80,true,1,
7290110325893,false,משקה חלב GO מועשר בחלבון בטעם אייס קפה,מיוצר עי קונדיטוריית,IL,"אייס קפה GO 340 מ""ל",גרמים,340.00,100 גרם,false,1,8.90,2.62,true,1,
7290110326173,false,YOLO NUTS מעדן שוקולד בתוספת עוגיות 120 גרם,תנובה חלב,IL,יולו שוקולד לבן קרם,גרמים,120.00,100 גרם,false,1,5.50,4.58,true,1,
7290110326210,false,יופלה און טופ פצפוצים 157 גרם.,מיוצר עי קונדיטוריית,IL,יופלה און טופ פצפוצי,גרמים,157.00,100 גרם,false,1,5.90,3.76,true,1,
7290110326227,false,יוגורט און טופ קורנפלקס 157 ג' יופלה,מיוצר עי קונדיטוריית,IL,יופלה און טופ קורנפל,גרמים,157.00,100 גרם,false,1,5.90,3.76,true,1,
7290110326333,false,פרוסות גבינה בסגנון סקנדינבי 31%,פ.פ.ח. שאביט,IL,גבינה סקנדינבית פרוס,גרמים,170.00,100 גרם,false,0,19.90,11.71,true,1,
7290110326906,false,חלב טרי נטול לקטוז 3% 1 ליטר,מיוצר עי קונדיטוריית,IL,חלב טרי נטול לקטוז 3,מיליליטרים,1000.00,"100 מ""ל",false,1,7.40,0.74,true,1,
7290110326999,false,"משקאות חלב+שוקולד קלאסי 340 מ""ל YOLO בקבוק.",תנובה חלב,IL,משקה חלב עם שוקולד ק,מיליליטרים,340.00,"100 מ""ל",false,1,8.20,2.41,true,1,
7290110327033,false,משקה סויה גו מועשר בחלבון במתיקות מופחתת 1 ליטר,מיוצר עי קונדיטוריית,IL,משקה סויה גו מועשר מ,מיליליטרים,1000.00,"100 מ""ל",false,1,12.90,1.29,true,1,
7290110327514,false,משקה שיבולת שועל בטעם אגוזי לוז 1 ליטר אלטרנטיב,תנובה מרכז שיתופי לש,IL,משקה שיבולת שועל בטע,מיליליטרים,1000.00,"100 מ""ל",false,1,12.90,1.29,true,1,
7290110327798,false,חטיף חלבון GO - שוקולד 60 ג' חלב נוכרי - רבנות,"בלמונט קונפקציות בע""",US,GO חטיף חלבון בטעם ש,גרמים,60.00,100 גרם,false,1,11.90,19.83,true,1,
7290110327828,false,חטיף חלבון GO - חמאת בוטנים 60 ג' חלב נוכרי - רבנות,"בלמונט קונפקציות בע""",US,GO חטיף חלבון בטעם ח,גרמים,60.00,100 גרם,false,1,11.90,19.83,true,1,
7290110328504,false,טריו - מיקס גבינות מוצרלה סקנדינבית וגאודה 300 גרם,מיוצר עי קונדיטוריית,IL,טריו מיקס- מוצרלה סק,גרמים,300.00,100 גרם,false,1,31.90,10.63,true,1,
7290110328627,false,יוגורט יופלה GO במרקם סמיך בטעם בננה קרמל 0%,מיוצר עי קונדיטוריית,IL,יוגורט גו סמיך בננה,מיליליטרים,200.00,"100 מ""ל",false,1,5.90,2.95,true,1,
7290110328764,false,יוגורט יופלה GO במרקם סמיך עם תות 0%,מיוצר עי קונדיטוריית,IL,יוגורט גו סמיך תות,מיליליטרים,200.00,"100 מ""ל",false,1,5.70,2.85,true,1,
7290110328771,false,יוגורט יופלה GO במרקם סמיך עם פירות יער 0%,מיוצר עי קונדיטוריית,IL,יוגורט גו סמיך פירות,מיליליטרים,200.00,"100 מ""ל",false,1,5.90,2.95,true,1,
7290110328788,false,יוגורט יופלה GO במרקם סמיך בטעם אפרסק 0%,תנובה מרכז שיתופי לש,IL,יוגורט גו סמיך אפרסק,מיליליטרים,200.00,"100 מ""ל",false,1,5.90,2.95,true,1,
7290110329136,false,מעדן חלב מעושר בחלבון בטעם שוקולד 120 ג' GO,תנובה מרכז שיתופי לש,IL,מעדן חלב go בטעם שוק,גרמים,120.00,100 גרם,false,1,5.50,4.58,true,1,
7290110329143,false,מעדן חלב מעושר בחלבון בטעם וניל גביע 120 ג' GO,תנובה מרכז שיתופי לש,IL,מעדן חלב go בטעם וני,גרמים,120.00,100 גרם,false,1,5.50,4.58,true,1,
7290110329266,false,יוגורט תנובה מחלב עיזים מלא תנובה 140 ג',תנובה,IL,יוגורט תנובה מחלב עי,גרמים,150.00,100 גרם,false,1,6.90,4.60,true,1,
7290110329273,false,יוגורט תנובה מחלב עיזים מלא 750 גרם,תנובה,IL,יוגורט תנובה מחלב עי,גרמים,750.00,100 גרם,false,1,24.90,3.32,true,1,
7290110329303,false,פרוסות בטעם צהובה קלאסית אלטרנטיב 200 גר,תנובה Alternative,IL,פרוסות בטעם צהובה קל,גרמים,200.00,100 גרם,false,1,24.50,12.25,true,1,
7290110329426,false,טופו טבעי 250 ג'+רוטב קרם קוקוס קארי פיקנטי 60 ג' אלטרנטיב,תנובה חלב,IL,טופו טבעי 250 גרם עם,ליטרים,0.31,ליטר,false,1,13.90,44.84,true,1,
7290110329433,false,טופו טבעי ALTERNATIVE 250 גרם עם רוטב סצ'ואן,תנובה חלב,IL,טופו טבעי 250 גרם עם,ליטרים,0.31,ליטר,false,1,13.90,44.84,true,1,
7290110329686,false,"משקה חלב גו בטעם עוגיות 340 מ""ל",מיוצר עי קונדיטוריית,IL,משקה חלב גו בטעם עוג,מיליליטרים,340.00,"100 מ""ל",false,1,8.90,2.62,true,1,
7290110329792,false,יוגורט סויה BIO Alternative אפרסק 150 ג' תנובה,מיוצר עי קונדיטוריית,IL,סויה BIO אפרסק גביע,גרמים,150.00,100 גרם,false,1,5.20,3.47,true,1,
7290110329808,false,יוגורט סויה BIO Alternative תות 150 ג' תנובה,מיוצר עי קונדיטוריית,IL,סויה BIO תות גביע 15,גרמים,150.00,100 גרם,false,1,5.20,3.47,true,1,
7290110329815,false,סויה BIO מתיקות מעודנת גביע 150 גרם אלטרנטיב,מיוצר עי קונדיטוריית,IL,מעדן סויה ביו מתיקות,גרמים,150.00,100 גרם,false,1,5.20,3.47,true,1,
7290110329822,false,יוגורט סויה BIO Alternative פירות יער 150 ג' תנובה,מיוצר עי קונדיטוריית,IL,מעדן סויה ביו פירות,גרמים,150.00,100 גרם,false,1,5.20,3.47,true,1,
7290110329839,false,פרוסות צהובה בטעם זיתים 200 ג' אלטרנטיב אלטרנטיב,מיוצר עי קונדיטוריית,IL,פרוסות צהובה בטעם זי,גרמים,200.00,100 גרם,false,1,24.50,12.25,true,1,
7290110329846,false,יוגורט סויה BIO Alternative בטעם טבעי 150 ג' תנובה,מיוצר עי קונדיטוריית,IL,סויה BIO טבעי גביע A,גרמים,150.00,100 גרם,false,1,5.20,3.47,true,1,
7290110550363,false,"פריכיות משולשות תירס, אורז שיבולת שועל, קינואה",אנרג'י Energy - שטראוס,IL,משולשות קינואה ומלח,גרמים,65.00,100 גרם,false,1,12.10,18.62,true,1,
7290110552220,false,יוגורט PRO בטעם תות 0% סוכר לבן 20 גרם חלבון בגביע,"שטראוס בריאות בע""מ",IL,דנונה פרו תות 20 ג ח,גרמים,200.00,100 גרם,false,1,5.90,2.95,true,1,
7290110552237,false,יוגורט פרו בטעם אפרסק מנגו ללא סוכר 200 ג' דנונה,"שטראוס בריאות בע""מ",IL,דנונה פרו אפרסק מנגו,גרמים,200.00,100 גרם,false,1,5.90,2.95,true,1,
7290110553029,false,"אנרג'י קריספס-פריכיות חומוס, עדשים ואפונה עם קייל וסלק","פרח תעשיו מזון בע""מ",IL,פריכיות חלבון קייל ח,גרמים,60.00,100 גרם,false,1,12.10,20.17,true,1,
7290110553036,false,קריספס-פריכיות עם אפונה ובטטה סגולה בטעם בצל מקורמל,"פרח תעשיו מזון בע""מ",IL,פריכת חלבון בטטה סגו,גרמים,60.00,100 גרם,false,1,12.10,20.17,true,1,
7290110553173,false,אנרגי פריכיות אורז בטעם קרמל 50 גרם,סאנורייס בלגיום,IL,אנרגי פריכיות בטעם ק,גרמים,40.00,100 גרם,false,1,6.90,17.25,true,1,
7290110553623,false,צ'יטוס קראנצ'י בטעם צ'דר חלפיניו - חלבי,"שטראוס פריטו ליי בע""",IL,ציטוס קראנץ צדר חלפי,גרמים,80.00,100 גרם,false,1,4.50,5.63,true,1,
7290110554125,false,נודלס סצואן חריף דלישס 350 גרם,אוכל ביתי ניר עציון,IL,נודלס סצואן חריף דלי,גרמים,350.00,100 גרם,false,1,28.50,8.14,true,1,
7290110554729,false,קפסולות עלית אספרסו 04 תואמות למכונות NESPRESSO,שטראוס קפה בי.וי,IL,קפסולות אספרסו 04 ל,גרמים,50.00,100 גרם,false,1,16.50,33.00,true,1,
7290110556242,false,"שוקולד מריר פרווה 100 גר' בד""ץ תוצרת חוץ","שטראוס גרופ בע""מ.",IL,שוקולד מריר פרווה ח,גרמים,100.00,100 גרם,false,1,5.50,5.50,true,1,
7290110557102,false,מעדן חלב עם שוקולד מועשר בחלבון 150 ג' שטראוס,מיוצר עי קונדיטוריית,IL,מעדן חלב עם שוקולד,גרמים,150.00,100 גרם,false,1,5.50,3.67,true,1,
7290110558253,false,"דנונה ריפרש בננה אננס וצ`יה, 250 גרם","שטראוס בריאות בע""מ",IL,דנונה ריפרש בננה אננ,מיליליטרים,250.00,"100 מ""ל",false,1,6.50,2.60,true,1,
7290110558284,false,יוגורט ביו מולטי 200 ג' דנונה,"שטראוס בריאות בע""מ",IL,דנונה ביו מולטי 200,גרמים,200.00,100 גרם,false,1,4.50,2.25,true,1,
7290110558314,false,דנונה פרו 20 ג' חלבון ללא סוכר פיסטוק 200 גרם,"שטראוס בריאות בע""מ",IL,דנונה פרו פיסטוק 20,גרמים,200.00,100 גרם,false,1,5.90,2.95,true,1,
7290110558338,false,דנונה פרו 25 ג' חלבון 200 ג' שטראוס,"שטראוס בריאות בע""מ",IL,דנונה פרו 25 ג חלבון,גרמים,200.00,100 גרם,false,1,5.90,2.95,true,1,
7290110559007,false,"שועועית חומה טעם הטבע קופסה, 380 גרם",קונסרב איטליה,IT,שעועית חומה 380 גר ש,גרמים,380.00,100 גרם,false,1,7.30,1.92,true,1,
7290110559762,false,"מאגדת אנרג'י ריל אגוזים,תמרים,קוקוס 115 גרם",קונסרב איטליה,GR,ריל מאגדת אגוזים תמר,גרמים,105.00,100 גרם,false,1,18.90,18.00,true,1,
7290110560324,false,"הפריכיות הטעימות תפו""א, אורז, אפונה ומלח ים","פרח תעשיו מזון בע""מ",IL,פריכיות משולשות אנרג,גרמים,30.00,100 גרם,false,1,5.00,16.67,true,1,
7290110561352,false,דנונה יוגורט ביו פרוביוטי 3% דל לקטוז 150ג',"שטראוס בריאות בע""מ",IL,דנונה דל לקטוז,גרמים,200.00,100 גרם,false,1,3.70,1.85,true,1,
7290110563431,false,"משקה קפה קר בסגנון קלאסי 230 מ""ל 1.6% יוטבתה",האי נאם סי או אל.טי.,AT,משקה קפה קר 1.6% קלא,מיליליטרים,230.00,"100 מ""ל",false,1,8.30,3.61,true,1,
7290110563448,false,"משקה קפה קר בסגנון מעודן 230 מ""ל 1.6% יוטבתה",האי נאם סי או אל.טי.,AT,משקה קפה קר 1.6% מעו,מיליליטרים,230.00,"100 מ""ל",false,1,8.30,3.61,true,1,
7290110563462,false,חלב בבקבוק נטול לקטוז 2% יטבתה 1 ל',מחלבת יטבתה,IL,חלב נטול לקטוז 2% בב,ליטרים,0.00,ליטר,false,1,8.20,8.20,true,1,
7290110564360,false,חומוס אחלה הסידרה המובחר 40% טחינה 400 גר',מיוצר עי קונדיטוריית,IL,חומוס עשיר ב-40% טחי,גרמים,400.00,100 גרם,false,1,13.90,3.48,true,1,
7290110564742,false,"משקה קפה קר בסגנון חזק 230 מ""ל 1.2% יוטבתה",האי נאם סי או אל.טי.,AT,משקה קפה קר 1.2% חזק,מיליליטרים,230.00,"100 מ""ל",false,1,8.30,3.61,true,1,
7290110565527,false,יוגורט PRO פרו 1.5% 20 גרם חלבון בגביע,"שטראוס בריאות בע""מ",IL,דנונה פרו 20 גרם חלב,גרמים,200.00,100 גרם,false,1,5.90,2.95,true,1,
7290110566975,false,דנונה פרו יוגורט 0% תות עשיר בחלבון 200ג',"שטראוס בריאות בע""מ",IL,דנונה פרו תות 20 גרם,גרמים,200.00,100 גרם,false,1,5.90,2.95,true,1,
7290110571184,false,עדשים חומות 380 גר שטראוס טעם הטבע,קונסרב איטליה,IT,עדשים חומות 380 גר ש,גרמים,380.00,100 גרם,false,1,7.30,1.92,true,1,
7290110571375,false,"אנרג'י מיקס תערובת צימוקים, תמרים, טופי ושברי פקאן",אנרג'י Energy - שטראוס,GB,אנרגי מיקס צימוקים ת,גרמים,100.00,100 גרם,false,1,18.90,18.90,true,1,
7290110571382,false,מעדן חלב בטעם וניל מעושר בחלבון 150 ג' שטראוס,"שטראוס בריאות בע""מ",IL,מעדן חלב בטעם וניל מ,גרמים,150.00,100 גרם,false,1,5.50,3.67,true,1,
7290110571535,false,מארז קפה טורקי הל 3*100 ג' עלית,שטראוס קפה בי.וי,IL,מארז טורקי הל 3*100,גרמים,300.00,100 גרם,false,1,24.90,8.30,true,1,
7290110572969,false,כיף כף פצפצים עקרם לבן 40ג' עלית,שולן צ'יקולטה גידה ס,TR,כיף כף פצפצים קרם לב,גרמים,40.00,100 גרם,false,1,6.20,15.50,true,1,
7290110574420,false,חטיף פופקורן בטעם פסק זמן 70 גרם,סראנו בעבור שטראוס,קפריסין,פופקורן בטעם פסק זמן,גרמים,70.00,100 גרם,false,1,7.90,11.29,true,1,
7290110576752,false,טבלאות שוקולד ספלנדיד מריר 70% 100 ג' עלית,קימ'ס גריפלנן,BE,ספלנדיד מריר 70% 22,גרמים,100.00,100 גרם,false,1,10.00,10.00,true,1,
7290110576776,false,טבלאות שוקולד ספלנדיד מריר 85% 100 ג' עלית,קימ'ס גריפלנן,BE,ספלנדיד מריר 85% 100,גרמים,100.00,100 גרם,false,1,10.00,10.00,true,1,
7290110577230,false,משקה חלב פיסטוק 1ליטר יטבתה בקבוק,שטראוס גרופ,IL,משקה חלב בטעם פיסטוק,מיליליטרים,1000.00,"100 מ""ל",false,1,11.90,1.19,true,1,
7290110577247,false,"יטבתה משקה חלב-פיסטוק בבקבוק 350 מ""ל",שטראוס גרופ,IL,משקה חלב בטעם פיסטוק,מיליליטרים,350.00,"100 מ""ל",false,1,6.90,1.97,true,1,
7290110922672,false,חמאת שיאה לגוף מדאם פינק אורכידאה,,,חמאת שיאה לגוף מדאם,Unknown,0.00,Unknown,false,1,49.90,49.90,true,1,
7290111098703,false,מארז מסכות פנים 50 יח,,CN,מארז מסכות פנים 50 י,יחידה,1.00,יחידה,false,1,9.90,9.90,true,1,
7290111340956,false,ניקול מטליות לחות לרצפה בניחוח פריחה לבנה,על בד,IL,מט.לחות ניקול לנ.רצפ,Unknown,0.00,Unknown,false,1,10.90,10.90,true,1,
7290111342042,false,ניקול כריות יפניות אנטיבקטריאלי 4 יחידות,פלסטו פוליש,IL,כריות יפניות ניקול ל,Unknown,0.00,Unknown,false,1,11.90,11.90,true,1,
7290111343117,false,ממחטות אף קלינקס לושן סופט פק 140 דף,קימברלי קלארק,IL,ממחטות אף קלינקס לוש,Unknown,0.00,Unknown,false,1,11.90,11.90,true,1,
7290111344527,false,ניקול שקיות אשפה XXL לפחים ענקיים 20 יחי,אשפלסט,IL,זוג שקיות אשפה ניקול,Unknown,0.00,Unknown,false,1,25.90,25.90,true,1,
7290111344565,false,ניקול שקיות זיפר מארז משולב מידות,taizhou inter packin,CN,ניקול שקיות זיפר מאר,יחידה,1.00,יחידה,false,1,13.90,13.90,true,1,
7290111344930,false,מטליות לחות לרצפה בניחוח מרכך כביסה 10 יח' ניקול,General,IL,מט.לחות ניקול לנ.רצפ,Unknown,0.00,Unknown,false,1,10.90,10.90,true,1,
7290111345050,false,כריות מיקרופייבר ניקול לניקוי עדין,,IL,כריות מיקרופייבר ניק,Unknown,0.00,Unknown,false,1,15.60,15.60,true,1,
7290111345814,false,נייר טואלט לילי נטורל קר 30 גלילים מהדורה,קימברלי קלארק,IL,לילי נייר טואלט נטור,מטרים,588.00,מטר,false,1,41.90,0.07,true,1,
7290111345821,false,נייר טואלט נטורל קר - מארז 16 גלילי ג'מבו,חוגלה קימברלי,IL,נייר טואלט לילי לבן,מטרים,588.80,מטר,false,1,34.90,0.06,true,1,
7290111346293,false,מגבות ניקול שישייה מהדורה חגיגית,קימברלי קלארק,IL,מגבות ניקול שישייה מ,Unknown,0.00,Unknown,false,1,12.90,12.90,true,1,
7290111350665,false,קליית גת דבש לחיץ 350 גרם,חקלאות עין חרוד מאוח,IL,דבש לחיץ קליית גת 35,גרמים,350.00,100 גרם,false,1,23.90,6.83,true,1,
7290111351280,false,תערובת אגוזים קלויים ללא מלח 150 גרם,קליית גת,IL,תערובת אגוזים קלויים,גרמים,150.00,100 גרם,false,1,21.90,14.60,true,1,
7290111352140,false,חמוציות מיובשות ברכז תפוחים קליית גת 150,קליית גת,IL,חמוציות מיובשות ברכז,גרמים,150.00,100 גרם,false,1,15.60,10.40,true,1,
7290111354151,false,ממרח אגוזי לוז קליית גת 200 גר,,IL,ממרח אגוזי לוז קליית,גרמים,200.00,100 גרם,false,1,16.90,8.45,true,1,
7290111564277,false,פריכיות דקות ונימוחות 3 דגנים פיטנס Fitness,פרח תעשיות,IL,פריכיות פיטנס שלושה,גרמים,120.00,100 גרם,false,1,10.90,9.08,true,1,
7290111564291,false,פריכיות דקות ונימוחות 3 דגנים וקינואה פיטנס Fitness,פרח תעשיות,IL,פריכיות פיטנס דקות ע,גרמים,120.00,100 גרם,false,1,10.90,9.08,true,1,
7290111566226,false,טבעול שניצל ברוקולי 667 גר',עיצובים 2020 (4.8),IL,שניצל ברוקולי טבעול,גרמים,667.00,100 גרם,false,1,36.50,5.47,true,1,
7290111566240,false,שניצל דק מן הצומח בטעם צ'ילי חריף 700 גרם,עיצובים 2020 (4.8),IL,שניצל דק בטעם צילי,גרמים,564.00,100 גרם,false,1,36.50,6.47,true,1,
7290111566271,false,טבעול חטיפי תירס 657 גר',עיצובים 2020 (4.8),IL,חטיפי תירס טבעול 657,גרמים,657.00,100 גרם,false,1,29.90,4.55,true,1,
7290111566318,false,שניצל דק מן הצומח בטעם ביתי 700 גרם,עיצובים 2020 (4.8),IL,שניצל דק טבעול 564 ג,גרמים,564.00,100 גרם,false,1,31.90,5.66,true,1,
7290111566417,false,טחון צמחוני עם המון חלבון,עיצובים 2020 (4.8),IL,טחון צמחוני טבעול 50,גרמים,500.00,100 גרם,false,1,36.50,7.30,true,1,
7290111566660,false,טבעול קציצות עדשים כתומות 530 גר',עיצובים 2020 (4.8),IL,קציצות עדשים כתומות,גרמים,530.00,100 גרם,false,1,36.50,6.89,true,1,
7290111566691,false,טבעול שניצל תרד 99 קלוריות 560 גר',עיצובים 2020 (4.8),IL,שניצל תרד 99 קלוריות,גרמים,560.00,100 גרם,false,1,36.50,6.52,true,1,
7290111566752,false,טבעול שניצל תירס 99 קלוריות 693 גר',עיצובים 2020 (4.8),IL,שניצל תירס 99 קלוריו,גרמים,693.00,100 גרם,false,1,31.90,4.60,true,1,
7290111566776,false,טבעול נקניקיות קוקטייל צמחוניות 680 גר',עיצובים 2020 (4.8),IL,נקניקיות קוקטייל צמח,גרמים,680.00,100 גרם,false,1,36.50,5.37,true,1,
7290111568251,false,אטריות נודלס להקפצה אסם אסייתי 350 גר',תאי פרזידנטפוד,TH,נודלס אטריות להקפצה,גרמים,350.00,100 גרם,false,1,11.40,3.26,true,1,
7290111667367,false,קשים מעץ טבעי-אר' 8,,CN,קשים מעץ טבעי 8 יח,Unknown,0.00,Unknown,false,1,7.50,7.50,true,1,
7290111933554,false,עגבניות איטלקיות קוביות - מארז שלישיה,קונסוריזיו קאסאלסקו,IT,מנה עגבניות קוביות ש,קילוגרמים,0.00,"ק""ג",false,1,17.70,17.70,true,1,
7290111933561,false,מאסטר שף תערובת ציפוי נגטס 250 גרם,טסט וסנט קו.לטד,TH,מאסטר שף תערובת ציפו,גרמים,250.00,100 גרם,false,1,10.40,4.16,true,1,
7290111937231,false,"מארז פרי חטיפים 5 יח' כשל""פ תמרים וקוקוס",שסטוביץ,IL,פרי מארז חטיף תמרים,גרמים,125.00,100 גרם,false,1,18.90,15.12,true,1,
7290111937255,false,פרי מארז חטיפי 5יח תמרים בוטנים ואגוזי לוז 125ג',טבעית מוצרים מן הטבע,IL,פרי מארז חטיף תמרים,גרמים,125.00,100 גרם,false,1,18.90,15.12,true,1,
7290112000842,false,דטול מגבונים לניקוי כללי בניחות לימון 60 יח',רקיט בנקיזר,US,מגבונים דטול לניקוי,Unknown,0.00,Unknown,false,1,17.10,17.10,true,1,
7290112000880,false,מטליות לחות למטבח מנקה ומחטא עוצמתי,רקיט בנקיזר,PL,מגבונים דטול למטבח 6,Unknown,0.00,Unknown,false,1,17.10,17.10,true,1,
7290112001436,false,פיניש מנקה ומחדש למדיח בניחוח לימון,רקיט בנקיזר,PL,מנקה מדיח פיניש לימו,מיליליטרים,250.00,"100 מ""ל",false,1,14.90,5.96,true,1,
7290112002044,false,טבליות פיניש מנקה מדיח 3 יח,רקיט בנקיזר,HU,טבליות פיניש מנקה מד,Unknown,0.00,Unknown,false,1,32.50,32.50,true,1,
7290112005076,false,וניש תוסף כביסה רב תכליתי צבעוני 480 גרם,רקיט בנקיזר,IT,וניש אבקת כביסה צבעו,יחידה,1.00,יחידה,false,1,18.80,18.80,true,1,
7290112190116,false,וופל הולנדי במילוי קרמל 224 גרם,,,וופל הולנדי במילוי ק,גרמים,224.00,100 גרם,false,1,10.90,4.87,true,1,
7290112191083,false,טורטיה מקמח חיטה 320מלא גרם 8 יחידות,,,טורטיה מקמח חיטה 320,גרמים,320.00,100 גרם,false,1,7.90,2.47,true,1,
7290112191090,false,טורטיה עם קמח כוסמת מלא 320מלא גרם 8 יחי,,,טורטיה עם קמח כוסמת,גרמים,320.00,100 גרם,false,1,8.90,2.78,true,1,
7290112191274,false,טורטיה מקמח חיטה 780גרם 12 יחידות,,,טורטיה מקמח חיטה 780,גרמים,780.00,100 גרם,false,1,12.90,1.65,true,1,
7290112192295,false,עוגיות סנדויץ במילוי ללא גלוטן 200 ג',"מוצרי הכט בע""מ",IL,עוגיות סנדויץ במילוי,גרמים,200.00,100 גרם,false,1,20.50,10.25,true,1,
7290112330352,false,"יוגורט PRO בטעם וניל 0% , 20 גרם חלבון בגביע","שטראוס בריאות בע""מ",IL,דנונה פרו וניל 20 גר,גרמים,200.00,100 גרם,false,1,5.90,2.95,true,1,
7290112330390,false,יוגורט PRO בטעם פירות יער 0% 20 גרם חלבון בגביע,"שטראוס בריאות בע""מ",IL,דנונה פרו פירות יער,גרמים,200.00,100 גרם,false,1,5.90,2.95,true,1,
7290112332899,false,עלית - צנצנת בזוקה פופים קלאסי 58 גרם,רוג'ר אנד רוג'ר,IL,צנצנת בזוקה פופים קל,גרמים,58.00,100 גרם,false,1,9.90,17.07,true,1,
7290112334749,false,קפה טורקי שקית 10% תוספת 200 ג' עלית,שטראוס קפה בי.וי,IL,קפה עלית טורקי 200 ג,גרמים,220.00,100 גרם,false,1,15.90,7.23,true,1,
7290112335487,false,פריכיות הטעימות קצח ודגנים אנרגי 135 גר,אנרג'י Energy - שטראוס,IL,פריכיות הטעימות קצח,גרמים,135.00,100 גרם,false,1,10.90,8.07,true,1,
7290112335494,false,הפריכיות הטעימות תפוחי אדמה בטעם פוטטוס,"פרח תעשיות מזון בע""מ",IL,פריכיות הטעימות פוטט,גרמים,135.00,100 גרם,false,1,10.90,8.07,true,1,
7290112336712,false,יוגורט PRO לבן 0% 21 גרם חלבון בגביע,"שטראוס בריאות בע""מ",IL,דנונה פרו 21 גרם חלב,גרמים,200.00,100 גרם,false,1,5.90,2.95,true,1,
7290112339867,false,גמדים לדרך גבינה לבנה עם מחית תות,שטראוס,IL,גמדים סקוויז תות 100,גרמים,100.00,100 גרם,false,1,5.90,5.90,true,1,
7290112339874,false,גמדים לדרך גבינה לבנה עם מחיות תות ובננה,שטראוס,IL,גמדים סקוויז תות,גרמים,100.00,100 גרם,false,1,5.90,5.90,true,1,
7290112340122,false,פריכיות טעימות 3 דגנים אנרגי 135 גר,אנרג'י Energy - שטראוס,IL,פריכיות טעימות 3 דגנ,גרמים,135.00,100 גרם,false,1,10.90,8.07,true,1,
7290112341679,false,דנונה אקטיביה 3% שומן 200 גרם,מיוצר עי קונדיטוריית,IL,יוגורט אקטיביה 3% 2,גרמים,200.00,100 גרם,false,1,3.90,1.95,true,1,
7290112341686,false,מארז אקטיביה שמיניה 3% 150 גר*8,מיוצר עי קונדיטוריית,IL,מארז אקטיביה שמיניה,גרמים,1200.00,100 גרם,false,1,19.90,1.66,true,1,
7290112343499,false,חטיף צ'יטוס פאפס אפוי בטעם גבינה,"שטראוס פריטו ליי בע""",IL,ציטוס 55 גרם 48 יחיד,גרמים,55.00,100 גרם,false,1,3.50,6.36,true,1,
7290112343512,false,ציטוס 160 גרם 9 יחידות puffs,"שטראוס פריטו ליי בע""",IL,ציטוס 160 גרם 9 יחי,גרמים,160.00,100 גרם,false,1,7.90,4.94,true,1,
7290112344755,false,מילקי שוקולד 26% פחות סוכר 135 גרם,מיוצר עי קונדיטוריית,IL,מילקי מופחת סוכר 133,גרמים,133.00,100 גרם,false,1,2.90,2.18,true,1,
7290112346827,false,אקטימל פטל ויטמין C שמינייה,שטראוס גרופ,IL,אקטימל ויטמין c פטל,מיליליטרים,800.00,"100 מ""ל",false,1,20.90,2.61,true,1,
7290112348142,false,שעועית לבנה 380 גר' בקופסה טעם הטבע,שטראוס טעם הטבע,IT,שעועית לבנה טעם הטבע,גרמים,380.00,100 גרם,false,1,7.30,1.92,true,1,
7290112349606,false,מעדן גבינה ויוגורט תות בננה 88 ג' דניאלה,"שטראוס בריאות בע""מ",IL,דניאלה תות בננה 88 ג,גרמים,88.00,100 גרם,false,1,4.10,4.66,true,1,
7290112349705,false,פומודורו רוטב עגבניות קלאסי לפסטה 350 גר' יד מרדכי,אמיליאנה קונסרב סוסי,IT,רוטב עגבניות לפסטה ק,גרמים,350.00,100 גרם,false,1,13.50,3.86,true,1,
7290112349736,false,בזיליקום רוטב עגבניות לפסטה 350 גר' יד מרדכי,אמיליאנה קונסרב סוסי,IT,רוטב עגבניות לפסטה ב,גרמים,350.00,100 גרם,false,1,13.50,3.86,true,1,
7290112349743,false,ארביאטה רוטב עגבניות פיקנטי לפסטה 350 ג' יד מרדכי,אמיליאנה קונסרב ס.פ.,IT,רוטב עגבניות לפסטה פ,גרמים,350.00,100 גרם,false,1,13.50,3.86,true,1,
7290112349750,false,פיצה רוטב עגבניות לפיצה 350 גר' יד מרדכי,אמיליאנה קונסרב ס.פ.,IT,רוטב עגבניות לפיצה י,גרמים,350.00,100 גרם,false,1,13.50,3.86,true,1,
7290112351463,false,שלישיית סוכריות מאסט FRESH פטל לימון 45 ג' עלית,עלית,,שלישיית סוכריות פטל,גרמים,45.00,100 גרם,false,1,9.50,21.11,true,1,
7290112351470,false,סוכריות ללא סוכר בטעם תות רימון מאסט פרש,עלית,,שלישיית סוכריות רימו,גרמים,45.00,100 גרם,false,1,9.50,21.11,true,1,
7290112353887,false,"משקה קפה קר בטעם אגוזים יטבתה 230 מ""ל",האי נאם סי או אל.טי.,AT,משקה קפה קר בטעם,מיליליטרים,230.00,"100 מ""ל",false,1,8.30,3.61,true,1,
7290112354174,false,פסטה רוזה דלישס 280 גרם,"טרופיקל דגיל בע""מ אז",IT,פסטה רוזה דלישס 280,גרמים,280.00,100 גרם,false,1,22.90,8.18,true,1,
7290112354945,false,חטיף תפוצ'יפס WAVY בטעם טבעי,שטראוס פריטו ליי בע”,IL,תפוציפס טבעי 50 גר W,גרמים,50.00,100 גרם,false,1,4.00,8.00,true,1,
7290112354952,false,חטיף תפוצ'יפס WAVY בטעם פפריקה,שטראוס פריטו ליי בע”,IL,תפוציפס פפריקה 50 גר,גרמים,50.00,100 גרם,false,1,4.00,8.00,true,1,
7290112355027,false,דנונה פרו 20 גרם חלבון קרמל מלוח 200 גרם,"שטראוס בריאות בע""מ",IL,דנונה פרו 20 גרם חלב,גרמים,200.00,100 גרם,false,1,5.90,2.95,true,1,
7290112355102,false,גמדים סקוויז 100 גרם פאוץ סלט פירות 100 גרם,"שטראוס בריאות בע""מ",IL,גמדים פאוץ סלט פירות,גרמים,100.00,100 גרם,false,1,5.90,5.90,true,1,
7290112356536,false,אבקת קקאו 150 גר 10% תוספת עלית,הנסיך- מפעל לייצור ט,IL,קקאו עלית 150 גרם +,גרמים,165.00,100 גרם,false,1,9.90,6.00,true,1,
7290112357045,false,עגבניות איטלקיות מרוסקות 390 גר' בקופסה טעם הטבע,שטראוס טעם הטבע,IT,עגבניות איטלקיות מרו,גרמים,390.00,100 גרם,false,1,6.90,1.77,true,1,
7290112357069,false,מחית עגבניות איטלקיות בקופסה 500 גר' טעם הטבע,שטראוס טעם הטבע,IT,מחית עגבניות איטלקיו,גרמים,500.00,100 גרם,false,1,6.90,1.38,true,1,
7290112357083,false,טעם הטבע אפונה ירוקה 380 גרם קופסה,הדקלאים אגודת שיתופי,IT,אפונת גינה טעם הטבע,גרמים,380.00,100 גרם,false,1,7.30,1.92,true,1,
7290112357106,false,שעועית אדומה 380 גר' בקופסה טעם הטבע,שטראוס טעם הטבע,IT,שעועית אדומה טעם הטב,גרמים,380.00,100 גרם,false,1,7.30,1.92,true,1,
7290112357113,false,גרגרי חומוס בקופסה 380 גר' טעם הטבע,שטראוס טעם הטבע,IT,גרגרי חומוס טעם הטבע,גרמים,380.00,100 גרם,false,1,7.30,1.92,true,1,
7290112358127,false,דנונה פרו חלבון+מגנזיום- וניל ועוגיות 200 גרם,מיוצר עי קונדיטוריית,IL,דנונה פרו 20 ג חלבון,גרמים,200.00,100 גרם,false,1,6.40,3.20,true,1,
7290112358240,false,רוטב גריל יד מרדכי 300 גרם,"בית אל מזון בע""מ",IL,רוטב גריל יד מרדכי,גרמים,300.00,100 גרם,false,1,14.60,4.87,true,1,
7290112490032,false,"נמס בכוס תירס קנור בד""ץ, זוגי 22.5X2 גרם,",יוניליוור,IL,מרק קנור נמס בכוס תי,גרמים,45.00,100 גרם,false,1,6.90,15.33,true,1,
7290112490209,false,נמס בכוס מרק עגבניות עם קרוטונים רכיבים טבעיים,אתר חיפה אבקות - Foo,IL,מרק נמס בכוס עגבניות,גרמים,56.00,100 גרם,false,1,6.90,12.32,true,1,
7290112490216,false,נמס בכוס מרק עוף עם קרוטונים רכיבים טבעיים,אתר חיפה אבקות - Foo,IL,מרק קנור נמס בכוס עו,גרמים,48.00,100 גרם,false,1,6.90,14.38,true,1,
7290112490230,false,קנור מרק נמס בכוס אפונה רכיבים טבעיים,אתר חיפה אבקות - Foo,IL,מרק נמס בכוס אפונה 5,גרמים,50.00,100 גרם,false,1,6.90,13.80,true,1,
7290112490582,false,חרדל דיזון צרפתי 350 ג' הלמנס,הלמנס hellmann's,FR,הלמנס חרדל דיזון 350,גרמים,350.00,100 גרם,false,1,15.90,4.54,true,1,
7290112490650,false,קונפיטורה תות שדה 340 גרם-צנצנת,קונפיטורות לה-ארדניי,IL,קונפיטורה תות שדה 34,גרמים,340.00,100 גרם,false,1,17.70,5.21,true,1,
7290112490667,false,קונפיטורה משמש 340 גרם-צנצנת,אתר חיפה 778 - Food,IL,קונפיטורה משמש 340 ג,גרמים,340.00,100 גרם,false,1,17.70,5.21,true,1,
7290112490735,false,מרק עשיר עגבניות פסטה ר.טבעי קנור 105ג',יוניליוור,IL,מרק עגבניות עם פסטה,גרמים,105.00,100 גרם,false,1,14.60,13.90,true,1,
7290112490742,false,מרק עשיר פטריות עם גריסים רכיבים טבעיים 104 ג' קנור,יוניליוור,IL,מרק פטריות עם גריסים,גרמים,104.00,100 גרם,false,1,14.60,14.04,true,1,
7290112490827,false,תרסיס ריחני למייבש הכביסה בדין בייבי 500,"זוהר דליה, קיבוץ דלי",IL,תרסיס ריחני למייבש ה,מיליליטרים,500.00,"100 מ""ל",false,1,22.50,4.50,true,1,
7290112491701,false,ברנפלקס בטעם וניל מעודן 20% חלבון Extra Protein,יוניליוור ישראל מזון,IL,ברנפלקס אקסטרה פרוטא,גרמים,375.00,100 גרם,false,1,21.90,5.84,true,1,
7290112491770,false,בייגלה דקים דקים מלח ב.בייגל 300 גר',בייגל את בייגל מזון,IL,בייגלה דקים דקים מלח,גרמים,300.00,100 גרם,false,1,13.50,4.50,true,1,
7290112492609,false,"תחליב רחצה פינוק 700 מ""ל לבנדר ווניל",אתר ליוור - HPC,IL,תחליב רחצה פינוק לבנ,מיליליטרים,700.00,"100 מ""ל",false,1,15.60,2.23,true,1,
7290112493088,false,נמס בכוס עדשים מרק רכיבים טבעיים קנור 54 ג',אתר חיפה אבקות - Foo,IL,מרק קנור נמס בכוס עד,גרמים,54.00,100 גרם,false,1,6.90,12.78,true,1,
7290112493095,false,נמס בכוס מרק עגבניות חריף רכיבים טבעיים קנור 48 ג',אתר חיפה אבקות - Foo,IL,מרק קנור נמס בכוס עג,גרמים,48.00,100 גרם,false,1,6.90,14.38,true,1,
7290112493293,false,קנור - נמס ירקות וקרוטונים ר.טבעי 44 גרם,אתר חיפה אבקות - Foo,IL,מרק קנור נמס בכוס יר,גרמים,44.00,100 גרם,false,1,6.90,15.68,true,1,
7290112493316,false,מרק אפונה רכיבים טבעיים 117 ג' קנור,יוניליוור,IL,מרק היום אפונה 117 ג,גרמים,117.00,100 גרם,false,1,14.60,12.48,true,1,
7290112494221,false,קליק - ביסקויט תפזורת 65 גרם,יוניליוור ישראל מזון,IL,קליק ביסקוויט 65 גרם,גרמים,65.00,100 גרם,false,1,5.90,9.08,true,1,
7290112494238,false,קליק - כדורים חלב תפזורת 65 גרם,יוניליוור ישראל מזון,IL,קליק כדורי חלב 65 גר,גרמים,65.00,100 גרם,false,1,5.90,9.08,true,1,
7290112494313,false,קליק - קורנפלקס תפזורת 65 גרם,יוניליוור ישראל מזון,IL,קליק קורנפלקס 65 גרם,גרמים,65.00,100 גרם,false,1,5.90,9.08,true,1,
7290112494344,false,קורנפלקס כספי אלופים תלמה850 גר',יוניליוור שפע ישראל,IL,קורנפלקס של אלופים כ,גרמים,850.00,100 גרם,false,1,17.60,2.07,true,1,
7290112494351,false,תלמה קורנפלקס של אלופים 850 ג',יוניליוור שפע ישראל,IL,קורנפלקס של אלופים 8,גרמים,850.00,100 גרם,false,1,17.60,2.07,true,1,
7290112494610,false,קנור רוטב עגבניות פיקנטי לדג 415 גרם,קונסורזיו קאסאלאסקו,IL,קנור רוטב עגבניות פי,גרמים,415.00,100 גרם,false,1,12.90,3.11,true,1,
7290112494818,false,"ג'ל לכביסה לבנה וצבעונית בייבי 2.5 ק""ג",היינץ צפון אמריקה מק,IL,גל כביסה בדין בייבי,קילוגרמים,0.00,"ק""ג",false,1,36.50,36.50,true,1,
7290112495006,false,כריות נוגט 686 גרם - קופסא,יוניליוור שפע ישראל,IL,כריות נוגט 686 גרם -,גרמים,686.00,100 גרם,false,1,24.90,3.63,true,1,
7290112495228,false,"קורנפלקס דבש תלמה 448 ג' בד""צ",יוניליוור שפע ישראל,IL,קורנפלקס דבש 448 גרם,גרמים,448.00,100 גרם,false,1,18.70,4.17,true,1,
7290112495235,false,ריבועי דגנים של אלופים וניל 488 גר',יוניליוור שפע ישראל,IL,קורנפלקס וניל תלמה 4,גרמים,448.00,100 גרם,false,1,18.70,4.17,true,1,
7290112495280,false,ריבועי ברנפלקס קינמון 400 גרם,אתר שפע - Food,IL,ריבועי ברנפלקס קינמו,גרמים,400.00,100 גרם,false,1,20.90,5.23,true,1,
7290112495433,false,דגני דליפקאן תוספת אגוזי פקאן ושקדים 400 גר,יוניליור שפע ישראל ב,IL,דליפקאן 400 גרם,גרמים,400.00,100 גרם,false,1,20.90,5.23,true,1,
7290112495488,false,קורנפלקס פתיתי תירס קלויים ללא גלוטן 500,"מולינו ניקולי S.p.A,",IT,קורנפלקס פתיתי תירס,גרמים,500.00,100 גרם,false,1,22.90,4.58,true,1,
7290112495747,false,רוטב צ''ילי מתוק כ 70% פחות סוכר 340 ג' קנור,יוניליוור ישראל מזון,IL,רוטב קנור צילי מתוק,גרמים,340.00,100 גרם,false,1,10.90,3.21,true,1,
7290112495976,false,פריכיות אורז מצופות שוקולד חלב 35 גרם,גוד פוד פרודקטס Sp.z,PL,פריכיות אורז מצופות,גרמים,35.00,100 גרם,false,1,6.20,17.71,true,1,
7290112495983,false,פרכיות פתיתבציפוי שוקולד חלב ושבבי קרמל מלוח 39 גר',גוד פוד פרודקטס Sp.z,PL,פריכיות אורז שוקולד,גרמים,35.00,100 גרם,false,1,6.20,17.71,true,1,
7290112496287,false,פתית - צ'יפס בטטה בטעם טבעי 21 גרם,JLM גלובל פודס37 דרך,GB,פתית ציפס בטטה בטעם,גרמים,21.00,100 גרם,false,1,5.80,27.62,true,1,
7290112496294,false,חטיף פתית צ'יפס עם אפונה ירוקה צהובה וצ'ילי,JLM גלובל פודס37 דרך,GB,פתית ציפס אפונה בתוס,גרמים,22.00,100 גרם,false,1,5.80,26.36,true,1,
7290112496331,false,קורנפלקס בננה תלמה 448 גר'.,אתר שפע - Food,IL,קורנפלקס בטעם בננה 4,גרמים,448.00,100 גרם,false,1,18.70,4.17,true,1,
7290112496430,false,קנור נמס בכוס אקסטרה עגבניות+איטריות 37 גרם - רבנות,יוניליוור ישראל מזון,IL,נמס בכוס אקסטרה עגבנ,גרמים,37.00,100 גרם,false,1,4.50,12.16,true,1,
7290112496447,false,נמס בכוס אקסטרה טעם עוף עם המון אטריות 27ג',יוניליוור ישראל מזון,IL,נמס בכוס אקסטרה טעם,גרמים,27.00,100 גרם,false,1,4.50,16.67,true,1,
7290112496461,false,נמס בכוס אקסטרה מרק ירקות עם המון אטריות,יוניליוור ישראל מזון,IL,מרק נמס בכוס אקסטרה,גרמים,32.00,100 גרם,false,1,4.50,14.06,true,1,
7290112497000,false,פנטסטיק תרכיז ניקוי רב תכליתי בניחוח לימון,"זוהר דליה, קיבוץ דלי",IL,נוזל ניקוי כללי סיף,ליטרים,0.00,ליטר,false,1,13.90,13.90,true,1,
7290112498069,false,#קוקומן ללא גלוטן כשלפ 375ג - חדש,"מולינו ניקולי S.p.A,",IL,קוקומן ללא גלוטן 375,גרמים,375.00,100 גרם,false,1,23.90,6.37,true,1,
7290112498441,false,רוטב אסייתי למוקפץ קנור 370 גרם,אתר חיפה 778 - Food,IL,רוטב קנור אסייתי למו,מיליליטרים,370.00,"100 מ""ל",false,1,10.90,2.95,true,1,
7290112498526,false,פתית צ'יפס בטטה סגולה בטעם שמנת בצל 22 גרם,JLM גלובל פודס37 דרך,GB,פתית ציפס בטטה סגולה,גרמים,22.00,100 גרם,false,1,5.80,26.36,true,1,
7290112962287,false,טבעול שווארמה טבעונית 6*450 גרם,מיוצר עי קונדיטוריית,IL,טבעול שווארמה טבעוני,גרמים,450.00,100 גרם,false,1,31.90,7.09,true,1,
7290112963321,false,גרטיפי בייגלה שטוח הכל ללא גלוטן 300 גר,מיוצר עי קונדיטוריית,IL,גרטיפי בייגלה שטוח ה,גרמים,300.00,100 גרם,false,1,19.80,6.60,true,1,
7290112963918,false,פיטנס חטיפי קרקר דק רוזמרין 140 גרם,נסטלה Nestle,IL,פיטנס קרקר דק רוזמרי,גרמים,140.00,100 גרם,false,1,11.90,8.50,true,1,
7290112964434,false,"רוטב לסלט קיסר 295 מ""ל אסם","אסם תעשיות בע""מ",IL,רוטב לסלט קיסר 295 מ,מיליליטרים,295.00,"100 מ""ל",false,1,14.20,4.81,true,1,
7290112965660,false,פיטנס - חטיף מולטיגריין מלח פלפל 25 גרם,מיוצר עי קונדיטוריית,IL,פיטנס חטיף מולטיגריי,גרמים,25.00,100 גרם,false,1,4.90,19.60,true,1,
7290112967114,false,פיטנס חטיפי פריכיות קטניות ופלפל 60 גרם,"פרח תעשיות מזון בע""מ",IL,פיטנס חטיפי פריכיות,גרמים,60.00,100 גרם,false,1,8.90,14.83,true,1,
7290112968807,false,פיטנס - קרקר דק סלק 140 גרם,מפעל אסם יקנעם,IL,פיטנס קרקר דק סלק 14,גרמים,140.00,100 גרם,false,1,11.90,8.50,true,1,
7290112968821,false,פיטנס - קרקר דק בטטה 140 גרם,מפעל אסם יקנעם,IL,פיטנס קרקר דק בטטה 1,גרמים,140.00,100 גרם,false,1,11.90,8.50,true,1,
7290113190450,false,ממרח תמרים שאן 450 גרם,"תמר העמקים בע""מ",IL,ממרח תמרים שאן 450 ג,גרמים,450.00,100 גרם,false,1,7.90,1.76,true,1,
7290113192317,false,טבעות זיתים מושחרים 280 גרם בית השיטה,בית השיטה,IL,טבעות זיתים מושחרים,גרמים,280.00,100 גרם,false,1,13.90,4.96,true,1,
7290113192478,false,בית השיטה מלפפונים במלח בינוני 10-12 320 גרם,בית השיטה,IL,מלפפונים במלח 10-12,גרמים,320.00,100 גרם,false,1,7.60,2.38,true,1,
7290113192492,false,בית השיטה מלפפונים בחומץ קטנים 1317 290 גרם,בית השיטה,IL,מלפפון בחומץ 17-13 ב,גרמים,290.00,100 גרם,false,1,10.90,3.76,true,1,
7290113192508,false,בית השיטה מלפפונים במלח קטן 1317 320 גרם,בית השיטה,IL,מלפפון במלח 17-13 בי,גרמים,320.00,100 גרם,false,1,10.90,3.41,true,1,
7290113192515,false,בית השיטה מלפפונים במלח קטן מאוד 1825 320 גרם,בית השיטה,IL,מלפפון במלח 18-25 32,גרמים,320.00,100 גרם,false,1,12.90,4.03,true,1,
7290113192539,false,בית השיטה מלפפונים במלח גדול 79 320 גרם,בית השיטה,IL,מלפפון במלח 7-9 בית,גרמים,320.00,100 גרם,false,1,6.90,2.16,true,1,
7290113192546,false,בית השיטה מלפפונים בחומץ גדול 79 290 גרם,בית השיטה,IL,מלפפון בחומץ 7-9 בי,גרמים,290.00,100 גרם,false,1,6.90,2.38,true,1,
7290113192577,false,בית השיטה כרוב כבוש חתוך 430 גרם,בית השיטה,IL,כרוב כבוש A2 בית השי,גרמים,430.00,100 גרם,false,1,8.20,1.91,true,1,
7290113192881,false,"טורטיה חיטה מופחת קלוריות, קוטר 20 ס""מ - 6 יח'",דין שיווק,TR,טורטיה חיטה מופחתת ק,גרמים,270.00,100 גרם,false,1,10.00,3.70,true,1,
7290113192997,false,זית מרוקאי 340 גרם בית השיטה,בית השיטה,IL,זית מרוקאי 340 גרם,גרמים,340.00,100 גרם,false,1,13.90,4.09,true,1,
7290113193031,false,חרוזית קלמטה - זיתים שחורים ללא גלעין קלמטה,שוורצקוף& הנקל דיסלד,IL,חרוזית קלמטה 275 גרם,גרמים,275.00,100 גרם,false,1,13.90,5.05,true,1,
7290113193321,false,"שמן זית כתית מעולה בית השיטה 750 מ""ל",בית השיטה,IL,בית השיטה שמן זית כת,מיליליטרים,750.00,"100 מ""ל",false,1,34.50,4.60,true,1,
7290113195080,false,חלבה טורקית בטעם שוקו וניל 400 גרם,,TR,חלבה טורקית בטעם שוק,גרמים,400.00,100 גרם,false,1,12.90,3.23,true,1,
7290113195158,false,בית השיטה מיקס רצועות פלפל 215 גרם,,,בית השיטה מיקס רצועו,גרמים,215.00,100 גרם,false,1,13.90,6.47,true,1,
7290113195172,false,בית השיטה רצועות קולורבי בתחמיץ 215 גרם,בית השיטה עסיס תעשיו,IL,בית השיטה רצועות קול,גרמים,215.00,100 גרם,false,1,10.90,5.07,true,1,
7290113195196,false,"רסק תפוחי עץ ללת""ס 710 גרם",,PL,"רסק תפוחי עץ ללת""ס 7",גרמים,710.00,100 גרם,false,1,10.90,1.54,true,1,
7290113195967,false,שיבולת שועל פחית 500 גרם,דין שיווק,IL,שיבולת שועל פחית 500,גרמים,500.00,100 גרם,false,1,9.90,1.98,true,1,
7290113196414,false,"אורז בסמטי 1 ק""ג כחול מטאלי שקדיה",דאבה סינג שאם סינג,IN,אורז בסמטי שקדיה 1 ק,גרמים,1000.00,100 גרם,false,1,12.50,1.25,true,1,
7290113199668,false,"חלבה בטעם וניל ללת""ס 400 גרם",,IL,"חלבה בטעם וניל ללת""ס",גרמים,400.00,100 גרם,false,1,17.90,4.48,true,1,
7290113199767,false,ממרח שקדים 300 גרם השקדיה,פפאיינס,TW,ממרח שקדים 100% 300,גרמים,300.00,100 גרם,false,1,27.90,9.30,true,1,
7290113199781,false,ממרח אגוזים ובוטנים 100% 200 גרם,פפאיינס,TW,ממרח אגוזים ובוטנים,גרמים,200.00,100 גרם,false,1,15.90,7.95,true,1,
7290113302310,false,בונזו בטטה רול 80 גרם,שינייה פט פוד,CN,בונזו בטטה רול 80 גר,Unknown,0.00,Unknown,false,1,12.90,12.90,true,1,
7290113620766,false,חמאת בוטנים מלאה אורגנית 300 גרם,,BG,חמאת בוטנים מלאה אור,גרמים,300.00,100 גרם,false,1,19.90,6.63,true,1,
7290113670327,false,נוזל כביסה 1 ליטר,,,נוזל כביסה 1 ליטר,מיליליטרים,1000.00,"100 מ""ל",false,1,16.90,1.69,true,1,
7290114151566,false,"שמפו לכל סוגי השיער בוטני 500 מ""ל",אף.סי תבליני בגליל ב,IL,שמפו לכל סוגי השיער,מיליליטרים,500.00,"100 מ""ל",false,1,25.90,5.18,true,1,
7290114151573,false,"שמפו לשיער רגיל-שמן בוטני 500 מ""ל",אף.סי תבליני בגליל ב,IL,שמפו לשיער רגיל-שמן,מיליליטרים,500.00,"100 מ""ל",false,1,25.90,5.18,true,1,
7290114151580,false,"שמפו לשיער צבוע ויבש מאוד בוטני 500 מ""ל",,IL,שמפו לשיער צבוע ויבש,מיליליטרים,500.00,"100 מ""ל",false,1,25.90,5.18,true,1,
7290114151597,false,"שמפו לשיער רגיל-יבש בוטני 500 מ""ל",אף.סי תבליני בגליל ב,IL,שמפו לשיער רגיל-יבש,מיליליטרים,500.00,"100 מ""ל",false,1,25.90,5.18,true,1,
7290114151603,false,"מרכך לכל סוגי השיער בוטני 500 מ""ל",אף.סי תבליני בגליל ב,IL,מרכך לכל סוגי השיער,מיליליטרים,500.00,"100 מ""ל",false,1,25.90,5.18,true,1,
7290114151610,false,"מרכך לשיער רגיל-שמן בוטני 500 מ""ל",אף.סי תבליני בגליל ב,IL,מרכך לשיער רגיל-שמן,מיליליטרים,500.00,"100 מ""ל",false,1,25.90,5.18,true,1,
7290114151627,false,"מרכך לשיער צבוע ויבש מאוד בוטני 500 מ""ל",,IL,מרכך לשיער צבוע ויבש,מיליליטרים,500.00,"100 מ""ל",false,1,25.90,5.18,true,1,
7290114151634,false,"מרכך לשיער רגיל-יבש בוטני 500 מ""ל",אף.סי תבליני בגליל ב,IL,מרכך לשיער רגיל-יבש,מיליליטרים,500.00,"100 מ""ל",false,1,25.90,5.18,true,1,
7290114151641,false,"סבון גוף משפחתי בוטני 500 מ""ל",אף.סי תבליני בגליל ב,IL,סבון גוף משפחתי בוטנ,מיליליטרים,500.00,"100 מ""ל",false,1,25.90,5.18,true,1,
7290114151658,false,"סבון גוף לעור יבש בוטני 500 מ""ל",אף.סי תבליני בגליל ב,IL,סבון גוף לעור יבש בו,מיליליטרים,500.00,"100 מ""ל",false,1,25.90,5.18,true,1,
7290114151665,false,"סבון ידיים שמן קוקוס עץ התה 500 מ""ל",אף.סי תבליני בגליל ב,IL,סבון ידיים שמן קוקוס,מיליליטרים,500.00,"100 מ""ל",false,1,22.90,4.58,true,1,
7290114151672,false,"סבון ידיים לעור יבש בוטני 500 מ""ל",אף.סי תבליני בגליל ב,IL,סבון ידיים לעור יבש,מיליליטרים,500.00,"100 מ""ל",false,1,22.90,4.58,true,1,
7290114152174,false,"סבון ידיים תפוז/מורינגה/לימון 500 מ""ל",אף.סי תבליני בגליל ב,IL,סבון ידיים בוטני 500,מיליליטרים,500.00,"100 מ""ל",false,1,22.90,4.58,true,1,
7290114154130,false,"שמפו ללא מלחים בוטני 500 מ""ל",,IL,שמפו ללא מלחים בוטני,מיליליטרים,500.00,"100 מ""ל",false,1,31.90,6.38,true,1,
7290114310215,false,"**טרה שמנת מתוקה 38% 250 מ""ל בקבוק.",מילקו תעשיות בעמ,IL,שמנת מתוקה 38% 250 מ,גרמים,250.00,100 גרם,false,1,6.47,2.59,true,1,
7290114310222,false,חלב 1.5 ליטר 3% מועשר בסידן וויטמין D.,מילקו תעשיות בעמ,IL,חלב מועשר בסידן וויט,מיליליטרים,1500.00,"100 מ""ל",false,1,12.50,0.83,true,1,
7290114310239,false,חלב טרה נטול לקטוז מועשר בוויטמין D 2% 1.5 ל',מילקו תעשיות בעמ,IL,חלב נטול לקטוז מועשר,מיליליטרים,1500.00,"100 מ""ל",false,1,12.50,0.83,true,1,
7290114310338,false,צפתית מעודנת 5% 225 גר' משק צוריאל,מחלבת משק צוריאל,IL,גבינה צפתית מעודנת 5,גרמים,225.00,100 גרם,false,1,19.10,8.49,true,1,
7290114310536,false,יוגורט לייט מעושר בחלבון בטעם וניל מולר 200 ג',מולר Muller,IL,מולר אקטיב לייט,גרמים,200.00,100 גרם,false,1,6.50,3.25,true,1,
7290114310963,false,יוגורט מחלב עיזים מלא כ3.8% שומן מועשר 500 גר',מחלבת משק צוריאל,IL,יוגורט עיזים בדלי 3.,גרמים,500.00,100 גרם,false,1,14.90,2.98,true,1,
7290114311038,false,שמנת מתוקה עמידה 32% 250מל בקבוק,מילקו,IL,שמנת מתוקה 32% 250 מ,מיליליטרים,250.00,"100 מ""ל",false,1,6.90,2.76,true,1,
7290114311069,false,יוגורט לבן מועשר בחלבון 0% שומן 200 גרם muller active,מולר Muller,IL,מולר אקטיב 25 ג חלבו,גרמים,150.00,100 גרם,false,1,5.90,3.93,true,1,
7290114311076,false,"חמאת מולר צהובה עם שום, 200 גרם",מולר Muller,IL,מולר חמאה צהובה עם ש,גרמים,200.00,100 גרם,false,1,12.90,6.45,true,1,
7290114311298,false,יוגורט מולר פרופ בטעם תות בננה מלון 150,מולר Muller,IL,יוגורט מולר פרופ בטע,גרמים,150.00,100 גרם,false,1,5.00,3.33,true,1,
7290114311304,false,יוגורט קציפת מנגו פסיפלורה בננה 150 ג' מולר,מולר Muller,IL,יוגורט מולר פרופ בטע,גרמים,150.00,100 גרם,false,1,5.00,3.33,true,1,
7290114311328,false,חלב נטול לקטוז 2% שומן מועשר בויטמין D,ג'י.אר.אמ.גרופו אלימ,IL,חלב דל לקטוז מועשר ב,מיליליטרים,1000.00,"100 מ""ל",false,1,8.50,0.85,true,1,
7290114311359,false,יוגורט עם קציפת מנגו 3% שומן פרופ 150 ג' מולר,מולר Muller,IL,יוגורט מולר פרופ בטע,גרמים,150.00,100 גרם,false,1,5.00,3.33,true,1,
7290114311434,false,מולר אקטיב יוגורט בטעם קרמל מלוח 200 גרם,מילקו,IL,מולר אקטיב יוגורט בט,גרמים,200.00,100 גרם,false,1,6.20,3.10,true,1,
7290114311441,false,"מולר אקטיב בטעם עוגיות חמאה 0% שומן, 200 גרם",מילקו,IL,מולר אקטיב יוגורט בט,גרמים,200.00,100 גרם,false,1,6.20,3.10,true,1,
7290114311502,false,"משקה חלב בקבוק בטעם סחלב, 1 ליטר",מילקו תעשיות בעמ,IL,משקה חלב בטעם סחלב ט,מיליליטרים,1000.00,"100 מ""ל",false,1,12.50,1.25,true,1,
7290114600927,false,מאסטר שף עלי טורטייה חיטה מלאה 320 גרם,אלקאטי קורביישיסי גי,ES,מנה עלי טורטיה חיט מ,גרמים,320.00,100 גרם,false,1,10.90,3.41,true,1,
7290114604857,false,"דפי אורז מאסטר שף קוטר 22 ס""מ 400 גרם",מאסטר שף,VN,"דפי אורז 22 ס""מ 400",גרמים,400.00,100 גרם,false,1,10.90,2.73,true,1,
7290114606547,false,מיונז פטריות כמהין לחיץ מאסטר שף 242 גרם,מאסטר שף,NL,מיונז פטריות כמהין ל,גרמים,242.00,100 גרם,false,1,13.50,5.58,true,1,
7290114606578,false,שקדי מרק מאסטר שף 400 גרם,שסטוביץ,IL,שקדי מרק מאסטר שף 40,גרמים,400.00,100 גרם,false,1,9.90,2.48,true,1,
7290114608633,false,"דפי אצה מאסטר שף, 25 גרם",מאסטר שף,,דפי אצה מאסטר שף 25,גרמים,25.00,100 גרם,false,1,12.50,50.00,true,1,
7290114659949,false,מסכה לפנים חד-פעמי 50 יחי,נ'יאנג יונג,CN,מסכה לפנים חד פעמי 5,יחידה,1.00,יחידה,false,1,9.90,9.90,true,1,
7290115079340,false,שקית 10 פסטל מקרון,,CN,שקית 10 פסטל מקרון,Unknown,1.00,Unknown,false,20,4.90,4.90,true,1,
7290115202236,false,טבעול טופו קראנצים 470 גרם,עיצובים 2020 (4.8),IL,טופו קראנצ טבעול 470,גרמים,470.00,100 גרם,false,1,36.50,7.77,true,1,
7290115203134,false,פופקו פופקורן במבה 80 ג' אסם,"אסם תעשיות בע""מ",IL,פופקו פופקורן במבה 8,גרמים,80.00,100 גרם,false,1,5.40,6.75,true,1,
7290115204018,false,מנה חמה איטלקי פסטה בסגנון אלפרדו 60 ג' אסם,"אסם תעשיות בע""מ",IL,מנה חמה איטלקי פסטה,גרמים,60.00,100 גרם,false,1,8.30,13.83,true,1,
7290115204155,false,צבר סחוג אדום 6*190גרם חדש,צבר,IL,צבר סחוג אדום 190 גר,יחידה,1.00,יחידה,false,1,12.90,12.90,true,1,
7290115204186,false,פסטו המעדינה של צבר,צבר,IL,צבר פסטו 190 גרם,יחידה,1.00,יחידה,false,1,19.80,19.80,true,1,
7290115204247,false,ממרח עגבניות מיובשות 190 ג' צבר,צבר,IL,צבר עגבניות מיובשות,יחידה,1.00,יחידה,false,1,18.90,18.90,true,1,
7290115205022,false,אוסם - שקדי מרק מקלונים 350 גרם,"אסם תעשיות בע""מ",IL,אסם שקדי מרק מקלונים,גרמים,350.00,100 גרם,false,1,10.00,2.86,true,1,
7290115205176,false,פיטנס - קרקר דק כפרי פיטנס 140 גרם,נסטלה Nestle,IL,פיטנס קרקר כפרי 140,גרמים,140.00,100 גרם,false,1,11.90,8.50,true,1,
7290115205251,false,פיטנס בר פריכיות קרמל מלוח 84 גרם,פרח תעשיות,,פיטנס בר פריכיות קרמ,גרמים,84.00,100 גרם,false,1,12.90,15.36,true,1,
7290115205312,false,קרקר פיטנס דק עם זיתי קלמטה ועשבי תיבול,"אסם השקעות בע""מ",IL,פיטנס קרקר זיתים 140,גרמים,140.00,100 גרם,false,1,11.90,8.50,true,1,
7290115205527,false,חטיף פיטנס מולטיגריין עם עדשים 25 גרם,פיטנס,IL,פיטנס חטיף מולטגריין,גרמים,25.00,100 גרם,false,1,4.90,19.60,true,1,
7290115205541,false,חטיף פיטנס מולטיגריין עם חומוס 25 גרם,"אסם השקעות בע""מ",IL,פיטנס חטיף מולטיגריי,גרמים,25.00,100 גרם,false,1,4.90,19.60,true,1,
7290115205633,false,טבעול סנסשיונל/גורמה נקנקיות 350 גר',עיצובים 2020 (4.8),IL,טבעול סנסשיונל נקניק,גרמים,350.00,100 גרם,false,1,34.90,9.97,true,1,
7290115208009,false,ויטמינצ'יק תרכיז ענבים 1 ליטר,בית-השיטה עסיס תעשיו,IL,סירופ ויטמינציק ענבי,מיליליטרים,1000.00,"100 מ""ל",false,1,21.90,2.19,true,1,
7290115208047,false,ויטמינצ'יק תרכיז פטל 1 ליטר,בית-השיטה עסיס תעשיו,IL,סירופ ויטמינציק פטל,מיליליטרים,1000.00,"100 מ""ל",false,1,21.90,2.19,true,1,
7290115208061,false,ויטמינצ'יק תרכיז תפוח 1 ליטר,בית השיטה עסיס תעשיו,IL,סירופ ויטמינציק תפוח,מיליליטרים,1000.00,"100 מ""ל",false,1,21.90,2.19,true,1,
7290115208801,false,לחמית דבש ואגוזים 190ג אסם,אסם,IL,לחמית דבש ואגוזים 19,גרמים,190.00,100 גרם,false,1,9.90,5.21,true,1,
7290115208849,false,"מנה חמה פסטה מוקרמת ט.עוף בד""צ 55גר","אסם תעשיות בע""מ",IL,מנה חמה פירה עם בטטה,גרמים,51.00,100 גרם,false,1,8.30,16.27,true,1,
7290115209136,false,"טבעול חטיפי עוף צימחי העדה החרדית 1ק""ג",טבעול ישראל,IL,טבעול חטיפי עוף צמחי,גרמים,1200.00,100 גרם,false,1,54.90,4.58,true,1,
7290115209235,false,פתי בר קפה 500 גרם אסם,"אסם תעשיות בע""מ",IL,אסם פתי בר קפה 500 ג,גרמים,500.00,100 גרם,false,1,13.90,2.78,true,1,
7290115209358,false,במבה במילוי קרם בטעם בראוניז,"אסם תעשיות בע""מ",IL,במבה במילוי בראוניז,גרמים,60.00,100 גרם,false,1,4.30,7.17,true,1,
7290115209372,false,במבה במילוי בראוניז 150ג' אסם,"אסם תעשיות בע""מ",IL,במבה במילוי בראוניז,גרמים,150.00,100 גרם,false,1,10.90,7.27,true,1,
7290115250527,false,קרקר חומוס פתפותים 2,"מאפיית פת במלח בע""מ",IL,קרקר חומוס 225 גרם,גרמים,225.00,100 גרם,false,1,26.50,11.78,true,1,
7290115252354,false,וירו מנת קינואה ים תיכוני 470 גרם,,PE,וירו מנת קינואה ים ת,גרמים,470.00,100 גרם,false,1,15.90,3.38,true,1,
7290115670677,false,גרנולה פירות טרופיים אנרגי 400 גרם,,CZ,גרנולה פירות טרופיים,גרמים,400.00,100 גרם,false,1,15.90,3.98,true,1,
7290115670691,false,גרנולה שיבולת שועל עם פירות יער,אנרג'י Energy - שטראוס,CZ,גרנולה פירות יער אנר,גרמים,400.00,100 גרם,false,1,15.90,3.98,true,1,
7290115670707,false,גרנולה שיבולת שועל עם שוקולד ואגוזי לוז,אנרג'י Energy - שטראוס,CZ,גרנולה שוקולד ואגוזי,גרמים,400.00,100 גרם,false,1,15.90,3.98,true,1,
7290115671308,false,מסטיק מאסט פאן בצנצנת תות דובדבן,אסקום קונפשטיין,DE,מאסט פאן תות דובדבן,גרמים,58.00,100 גרם,false,1,9.90,17.07,true,1,
7290115676082,false,משקה דנונה פרו 20 יוגורט תות 255 ג' רבנות,"שטראוס בריאות בע""מ.",IL,משקה דנונה פרו 20 תו,מיליליטרים,265.00,"100 מ""ל",false,1,7.90,2.98,true,1,
7290115677089,false,קונפיטורת יד מרדכי תפוח וקינמון 340 גרם,"בית אל מזון בע""מ",IL,קונפיטורת יד מרדכי ת,גרמים,340.00,100 גרם,false,1,15.60,4.59,true,1,
7290115677362,false,נודלס טריאקי דלישס 350 גרם,"טרופיקל דגיל בע""מ אז",IL,נודלס טריאקי דלישס 3,גרמים,350.00,100 גרם,false,1,28.50,8.14,true,1,
7290115678970,false,מארז סוכריות FRESH בטעם בזוקה עלית 3*15 ג',הליקון גידה,TR,שלישיית סוכריות בזוק,גרמים,45.00,100 גרם,false,1,9.50,21.11,true,1,
7290116530185,false,דגני בוקר דלישקד קרמל מלוח 400 ג' תלמה,יוניליוור שפע ישראל,IL,דלישקד קרמל מלוח 400,גרמים,400.00,100 גרם,false,1,20.90,5.23,true,1,
7290116531069,false,קנור מרק בצל 100% רכיבים טבעיים 225 גרם,יוניליוור ישראל מזון,IL,מרק בצל קנור 225 גרם,גרמים,225.00,100 גרם,false,1,19.80,8.80,true,1,
7290116531083,false,"דגני ברנפלקס דבש ושקדים ללת""ס 400 גרם",יוניליוור שפע ישראל,IL,דגני ברנפלקס דבש ושק,גרמים,400.00,100 גרם,false,1,20.90,5.23,true,1,
7290116531496,false,דגני בוקר קינמונים 375 ג' תלמה,נאוג'אזיס נווזיס UAB,LT,קינמונים 375 גרם,גרמים,375.00,100 גרם,false,1,18.90,5.04,true,1,
7290116531557,false,"פריכיות פתית תירס עם מלח 150 גרם כשל""פ",גוד פוד פרודקטס,PL,מאגדת פתית פריכיות ת,גרמים,150.00,100 גרם,false,1,13.90,9.27,true,1,
7290116531564,false,מאגדת פתית פריכיות תירס דקות עם קינואה ובזיליקום 150 ג',גוד פוד פרודקטס,PL,מאגדת פתית פריכיות ק,גרמים,150.00,100 גרם,false,1,13.90,9.27,true,1,
7290116531571,false,סיף מטליות לחות לניקוי כללי 99.9% בניחוח,יוניליוור,IL,מט.לחות לניקוי כללי,Unknown,0.00,Unknown,false,1,10.90,10.90,true,1,
7290116531595,false,מגבונים סיף לניקוי בניחוח מאסק 50 יח',יוניליוור,IL,מט.לחות סיף לנ.כללי,Unknown,0.00,Unknown,false,1,10.90,10.90,true,1,
7290116531649,false,"שמפו פינוק לשיער בניחוח תפוח 700 מ""ל",יוניליוור ישראל טיפו,IL,שמפו פינוק בניחוח תפ,מיליליטרים,700.00,"100 מ""ל",false,1,11.90,1.70,true,1,
7290116531762,false,בדין דפי מרכך למייבש כביסה ורוד 40 יחיד,"קלינטסט - 3p ארה""ב",US,בדין נייר למייבש ורו,Unknown,0.00,Unknown,false,1,18.30,18.30,true,1,
7290116531793,false,הלמנס רוטב לסלט קיסר 295 גרם,יוניליוור ישראל מזון,IL,הלמנס רוטב לסלט קיסר,גרמים,295.00,100 גרם,false,1,14.60,4.95,true,1,
7290116531892,false,רוטב על האש רוטב בטעם ברביקיו מעושן,אתר חיפה 778 - Food,IL,רוטב קנור ברביקיו מע,מיליליטרים,350.00,"100 מ""ל",false,1,10.90,3.11,true,1,
7290116532219,false,קורנפלקס תות 448 גרם תלמה רבנות,אתר שפע - Food,IL,קורנפלקס בטעם תות 44,גרמים,448.00,100 גרם,false,1,18.70,4.17,true,1,
7290116532622,false,פינוק מרכך לשיער בתוספת גוגי ברי 700 מל,אתר ליוור - HPC,IL,מרכך פינוק גוגי ברי,מיליליטרים,700.00,"100 מ""ל",false,1,11.90,1.70,true,1,
7290116532769,false,"גרנולה פרוטאין בתוספת חלבון, תפוח וקינמון",חטיפי העמק,IL,גרנולה פרוטאין ת.חלב,גרמים,300.00,100 גרם,false,1,19.80,6.60,true,1,
7290116533094,false,"פינוק שמפו שיער בניחוח ורדים לבנים 700 מ""ל",יוניליוור,IL,שמפו פינוק ורדים לבנ,מיליליטרים,700.00,"100 מ""ל",false,1,11.90,1.70,true,1,
7290116533216,false,"קנור מרק תיבול ירקות 235 מ""ל",יוניליוור,IL,מרק ירקות קנור 235 ג,גרמים,235.00,100 גרם,false,1,19.80,8.43,true,1,
7290116930015,false,חטיף חלבון GO קרמל ח.בוטנים קריספי 20 גרם חלבון,בלמונט קונפקציות,US,GO חטיף חלבון קרמל מ,גרמים,60.00,100 גרם,false,1,11.90,19.83,true,1,
7290116930282,false,ארוחה בקטנה לאבנה עם קרקרים 150ג' תנובה,תנובה חלב,IL,ארוחה בקטנה לאבנה עם,גרמים,150.00,100 גרם,false,1,7.90,5.27,true,1,
7290116930435,false,יוגורט סמיך 0% דובדבן יופלה 200 ג' GO,תנובה מרכז שיתופי לש,IL,יוגורט גו סמיך דובדב,מיליליטרים,200.00,"100 מ""ל",false,1,5.70,2.85,true,1,
7290116930459,false,"יופלה שייק מנגו בננה אננס וקוקוס 230 מ""ל",קבוצת המזון אקטשלאר,IL,יופלה שייק מנגו בננה,מיליליטרים,230.00,"100 מ""ל",false,1,8.50,3.70,true,1,
7290116930466,false,"משקה SHAKE בננה מנגן פסיפלורה והל 230 מ""ל יופלה",קבוצת המזון אקטשלאר,IL,יופלה שייק מנגו בננה,מיליליטרים,230.00,"100 מ""ל",false,1,8.50,3.70,true,1,
7290116930480,false,"משקה SHAKE בננה קיווי תפוח 230 מ""ל יופלה",קבוצת המזון אקטשלאר,IL,יופלה שייק בננה קיוו,מיליליטרים,230.00,"100 מ""ל",false,1,8.50,3.70,true,1,
7290116930626,false,ארוחה בקטנה ציזיקי עם קרקרים 150ג' תנובה,תנובה חלב,IL,ארוחה בקטנה ציזיקי ע,גרמים,150.00,100 גרם,false,1,7.90,5.27,true,1,
7290116930657,false,משקה חלב גו בטעם בננה תמר עם ש. שועל 340,תנובה מרכז שיתופי לש,IL,משקה חלב גו בטעם בננ,מיליליטרים,340.00,"100 מ""ל",false,1,8.90,2.62,true,1,
7290116930701,false,מעדן חלב GO מועשר בחלבון בטעם קרמל מלוח,תנובה מרכז שיתופי לש,IL,מעדן חלב go בטעם קרמ,גרמים,120.00,100 גרם,false,1,5.10,4.25,true,1,
7290116930725,false,סויה BIO קוקוס גביע 150 גרם אלטרנטיב,תנובה חלב,IL,סויה BIO קוקוס גביע,גרמים,150.00,100 גרם,false,1,4.80,3.20,true,1,
7290116930954,false,יוגורט טעם פאי תפוחים 3% 150 ג' יופלה,"תנובה בע""מ",IL,יופלה בטעם פאי תפוחי,גרמים,150.00,100 גרם,false,1,5.00,3.33,true,1,
7290116931081,false,מעדן סויה - טופי קרמל 125 גרם אלטרנטיב,תנובה מרכז שיתופי לש,IL,מעדן סויה בטעם טופי,גרמים,125.00,100 גרם,false,1,4.60,3.68,true,1,
7290116931104,false,יופלה גו במרקם סמיך עם אננס 0% שומן 200ג',תנובה חלב,IL,יוגורט גו סמיך עם אנ,מיליליטרים,200.00,"100 מ""ל",false,1,5.90,2.95,true,1,
7290117260050,false,קונפיטורה חבושים 380 ג' ויליפוד,וילי פוד,TR,קונפיטורה חבושים 380,גרמים,380.00,100 גרם,false,1,9.90,2.61,true,1,
7290117260227,false,קפה טורקי אמיתי מטורקיה 100 גרם,,,קפה טורקי אמיתי מטור,גרמים,100.00,100 גרם,false,1,5.90,5.90,true,1,
7290117260487,false,ניוקי תפוח אדמה מצונן 500 גרם,סיימה,IT,ניוקי תפוח אדמה מצונ,גרמים,500.00,100 גרם,false,1,15.90,3.18,true,1,
7290117260500,false,מיני ניוקי תפוחי אדמה מצונן 500 גרם קהילות,סיימה,IT,מיני ניוקי תפוח אדמה,גרמים,500.00,100 גרם,false,1,15.90,3.18,true,1,
7290117260920,false,קרקרים ללא גלוטן 125 גרם חלב נוכרי,ארמנדומודיאה אס.אר.א,IT,קרקרים וילי פוד ללא,גרמים,125.00,100 גרם,false,1,9.90,7.92,true,1,
7290117260944,false,מיני גריסיני עם שמן זית ללא גלוטן 125 גרם ויליפוד,מודיאה אס.אר.אל,IT,מיני גריסיני וילי פו,גרמים,125.00,100 גרם,false,1,9.90,7.92,true,1,
7290117260951,false,ביסקוויטים ללא גלוטן ופירות הדר 125 גרם ויליפוד,וילי פוד,IT,ביסקוויטים וילי פוד,גרמים,125.00,100 גרם,false,1,9.90,7.92,true,1,
7290117260968,false,ביסקוויטים ללא גלוטן 125 גרם ויליפוד,מודיאה אס.אר.אל,IT,ביסקוויטים וילי פוד,גרמים,125.00,100 גרם,false,1,9.90,7.92,true,1,
7290117261026,false,זיתים ירוק מגולענים במי מלח וילי פוד300,,TR,זיתים ירוק מגולענים,גרמים,300.00,100 גרם,false,1,8.90,2.97,true,1,
7290117261354,false,גבינת ריקוטה 200 גרם 5%שומן מחלבת אירופה,באלבן גידה סנאי,TR,גבינת ריקוטה 200 גרם,גרמים,200.00,100 גרם,false,1,11.90,5.95,true,1,
7290117261521,false,סלמון אטלנטי בשמן קנולה וילי פוד 120 גר,באנגה,LV,סלמון אטלנטי בשמן קנ,גרמים,120.00,100 גרם,false,1,13.90,11.58,true,1,
7290117261545,false,סלמון אטלנטי ברוטב טריאקי וילי פוד 120 ג,באנגה,LV,סלמון אטלנטי ברוטב ט,גרמים,120.00,100 גרם,false,1,13.90,11.58,true,1,
7290117261569,false,סלמון אטלנטי מעושן קנולה וילי פוד 120 גר,באנגה,LV,סלמון אטלנטי מעושן ק,גרמים,120.00,100 גרם,false,1,13.90,11.58,true,1,
7290117261576,false,סרדינים בריסלינג מעושנים ברוטב עגבניות 129 גרם,ליסיט,LV,סרדינים בריסלינג מעו,גרמים,185.00,100 גרם,false,1,13.90,7.51,true,1,
7290117261927,false,גבינת פקורינו מחלב כבשים צאנק 150 גרם,אל פסטור,ES,גבינת פקורינו מחלב כ,גרמים,150.00,100 גרם,false,0,19.90,13.27,true,1,
7290117262047,false,וופל במילוי בטעם בננה ושוקולד 200 גר' ויליפוד,,GR,וופל בננה ושוקולד וי,גרמים,200.00,100 גרם,false,1,11.90,5.95,true,1,
7290117262221,false,"משקה יוגורט פרוביוטי עם אננס 200מ""ל 2.3%שומן יורו",Euro יורו מחלבות אירופה,TR,משקה יוגורט פרוביוטי,מיליליטרים,200.00,"100 מ""ל",false,1,6.20,3.10,true,1,
7290117262238,false,"משקה יוגורט פרוביוטי עם תות שדה 200מ""ל 2.3%שומן יורו",Euro יורו מחלבות אירופה,TR,משקה יוגורט עם תות ש,מיליליטרים,200.00,"100 מ""ל",false,1,6.20,3.10,true,1,
7290117262245,false,"משקה יוגורט פרוביוטי עם אפרסק ומשמש 200מ""ל 2.3%שומן יורו",Euro יורו מחלבות אירופה,TR,משקה יוגורט עם אפרסק,מיליליטרים,200.00,"100 מ""ל",false,1,6.20,3.10,true,1,
7290117380864,false,עוגות בראוניס אישיות בטעם שוקולד 120 ג' סלים דליס פייבר,הלמה הלום,NL,סלים דליס פייבר עוגי,גרמים,120.00,100 גרם,false,1,10.90,9.08,true,1,
7290117382318,false,סלים דליס - חטיף חלבון מצופה שוקולד מריר 60 גרם,"י. מרבה ישראל בע""מ",IT,חטיף חלבון מ.שוקולד,גרמים,60.00,100 גרם,false,1,12.90,21.50,true,1,
7290117900987,false,אגוזי פקאן קלוף 140 גרם,"שקדיה גבע תעשיות בע""",IL,אגוזי פקאן קלוף 140,גרמים,140.00,100 גרם,false,1,15.90,11.36,true,1,
7290117901014,false,קשיו קלוי שקדיה 160,"שקדיה גבע תעשיות בע""",IL,קשיו קלוי 160 גרם,גרמים,160.00,100 גרם,false,1,15.00,9.38,true,1,
7290117901038,false,אגוזי מלך קלופים 190 גרם,"שקדיה גבע תעשיות בע""",IL,אגוזי מלך קלופים 190,גרמים,190.00,100 גרם,false,1,15.00,7.89,true,1,
7290117901168,false,מיקס אגוזים וחמוציות 250 גרם ששון הקולה,,,מיקס אגוזים וחמוציות,גרמים,250.00,100 גרם,false,1,20.00,8.00,true,1,
7290118350361,false,כוסות לשתיה קרה 50 יחידות,,,כוסות לשתיה קרה 50 י,Unknown,0.00,Unknown,false,1,5.50,5.50,true,1,
7290118420071,false,במבה ביסלי ברביקיו מיקס 80ג' אסם,"אסם תעשיות בע""מ",IL,במבה ביסלי ברביקיו מ,גרמים,80.00,100 גרם,false,1,4.30,5.38,true,1,
7290118420378,false,פתיבר פינוקים בטעם תותים בשמנת - חלבי,דר גררד,IL,אסם פתי בר פינוקים ת,גרמים,220.00,100 גרם,false,1,10.90,4.95,true,1,
7293738625277,false,שמן ארומטי-אורן,,,שמן ארומטי-אורן,Unknown,0.00,Unknown,false,1,24.90,24.90,true,1,
7293738625437,false,שמן ארומטי-לבנדר,,,שמן ארומטי-לבנדר,Unknown,0.00,Unknown,false,1,29.90,29.90,true,1,
7293738625901,false,שמן עץ התה,,,שמן עץ התה,Unknown,0.00,Unknown,false,1,24.90,24.90,true,1,
7293738625925,false,שמן שקדים 500 מ`ל,,,שמן שקדים 500 מ`ל,Unknown,0.00,Unknown,false,1,42.90,42.90,true,1,
7296058000373,false,פריכיות דקות אורז מלא פרח 100גר,פרח תעשיות,IL,פריכיות דקות אורז מל,גרמים,100.00,100 גרם,false,1,7.60,7.60,true,1,
7296058000519,false,פריכיות כוסמת דל נתרן 130 גרם,,IL,פריכיות כוסמת 130 גר,גרמים,130.00,100 גרם,false,1,8.90,6.85,true,1,
7296168705113,false,וולטרס קיסמי שיניים דנטליים,ארוינג טישו,CN,קיסם/ מברשת לשיניים,יחידה,1.00,יחידה,false,1,16.70,16.70,true,1,
7297488098152,false,דגש קמח חומוס ללא גל,אף.סי תבליני בגליל ב,IL,קמח חומוס 500 גרם,גרמים,500.00,100 גרם,false,1,17.50,3.50,true,1,
7297488098190,false,קמח אורז מלא ללא גלוטן,אף.סי תבליני בגליל ב,IL,קמח אורז מלא 500 גרם,גרמים,500.00,100 גרם,false,1,15.90,3.18,true,1,
7297488098220,false,קמח תפוח אדמה ללא גלוטן,תות תעשיות מזון (201,IL,"קמח תפו""א 500 גרם",גרמים,500.00,100 גרם,false,1,12.90,2.58,true,1,
7297488098299,false,קמח טפיוקה ללא גלוטן,אף סי תבליני הגליל ב,IL,קמח טפיוקה 500 גרם,גרמים,500.00,100 גרם,false,1,9.90,1.98,true,1,
7297488098305,false,קמח שקדים ללא גלוטן,תות תעשיות מזון (201,IL,קמח שקדים דגש 250 גר,גרמים,250.00,100 גרם,false,1,26.90,10.76,true,1,
7297488098688,false,"פצפוצי אורז מלא ללת""ס דגש 450 גרם","תירפז בע""מ",IL,"פצפוצי אורז מלא ללת""",גרמים,450.00,100 גרם,false,1,24.90,5.53,true,1,
7297488099890,false,פרוסות בסגנון קלאסי מופחתת שומן טבעוני 200 גרם,"טרופיקל דגיל בע""מ אז",IL,פרוסות בסגנון קלאסי,גרמים,200.00,100 גרם,false,1,22.90,11.45,true,1,
7297488099951,false,מלוחה 5% טבעונית 250 גרם,"טרופיקל דגיל בע""מ אז",IL,מלוחה 5% טבעונית 250,גרמים,250.00,100 גרם,false,1,22.90,9.16,true,1,
7297488199620,false,פצפוצי אורז מלא תפוח ללא גלוטן,דגש- דוכן גן שמואל,IL,פצפוצי אורז מלא 450,גרמים,450.00,100 גרם,false,1,24.90,5.53,true,1,
7297488199682,false,קמח כוסמת ללא גלוטן,תות תעשיות מזון (201,IL,קמח כוסמת 500 ג דגש,גרמים,500.00,100 גרם,false,1,16.90,3.38,true,1,
7312220035735,false,אנאס עוגיות דקות בטעם תפוז 150 גר,Annas Pepparkakor,SE,אנאס עוגיות דקות בטע,גרמים,150.00,100 גרם,false,1,11.90,7.93,true,1,
7321011040308,false,דוני 20 מפיות תלת שכבתי חלקות,דוני,SE,דוני מפיות תלת שכבתי,Unknown,0.00,Unknown,false,1,7.50,7.50,true,1,
7321011040629,false,דוני 20מפיות תלת שכבתי צבעים שונים,דוני,SE,דוני מפיות תלת שכבתי,Unknown,0.00,Unknown,false,1,7.50,7.50,true,1,
7321011404070,false,דוני 20מפיות מעוטרות תלת שכבתי צבעים,דוני,SE,מפיות דוני תלת שכבתי,Unknown,0.00,Unknown,false,1,11.00,11.00,true,1,
7321011550067,false,דוני 10 מפיות אלגנט במגוון צבעים,דוני,SE,דוני 10 מפיות אלגנט,Unknown,0.00,Unknown,false,1,22.50,22.50,true,1,
7321031857054,false,דוני מפות שולחן דוניסל 180X118 דמוי בד במיגוון צבעים,דוני,האיחוד האירופי,מפת שולחן דוני דוניס,Unknown,0.00,Unknown,false,1,18.90,18.90,true,1,
7350075690051,false,מברשת שיניים HUMBLE BRUSH למבוגרים סופט,,,מברשת שיניים HUMBLE,יחידה,1.00,יחידה,false,1,22.50,22.50,true,1,
7350075691584,false,"משחת שיניים טבעית לילדים 75 מ""ל HUMBLE",,,משחת שיניים טבעית לי,מיליליטרים,75.00,"100 מ""ל",false,1,26.90,35.87,true,1,
7394376123337,false,"משקה שיבולת שועל אורגני אוטלי , 1 ל'",טרנסומס פוד איי.בי,SE,משקה ש.שועל אורגני 1,מיליליטרים,1000.00,"100 מ""ל",false,1,13.90,1.39,true,1,
7394376615825,false,"אוטלי משקה שיבולת שועל בתוספת סידן וויטמינים , 1 ל'",טרנסומס פוד,SE,משקה ש.שועל מועשר בס,מיליליטרים,1000.00,"100 מ""ל",false,1,13.90,1.39,true,1,
7394376615832,false,אוטלי משקה שיבולת שועל בטעם שוקולד 1 ליטר,טרנסומס פוד,SE,משקה ש.שועל בטעם שוק,מיליליטרים,1000.00,"100 מ""ל",false,1,15.90,1.59,true,1,
7394376616778,false,אוטלי משקה שיבולת שועל להקצפה בריסטה 1 ליטר,טרנסומס פוד,SE,משקה ש.שועל להקצפה ב,מיליליטרים,1000.00,"100 מ""ל",false,1,15.90,1.59,true,1,
7394376620294,false,משקה ש.שועל בטעם וניל 1 ליטר,איי אם פי אס איי תעש,NL,משקה ש.שועל בטעם וני,מיליליטרים,1000.00,"100 מ""ל",false,1,15.90,1.59,true,1,
7441000720599,false,לבבות דקל(פח)400 גרם,אינקופלמיטו,EC,לבבות דקל(פח)400 גרם,גרמים,400.00,100 גרם,false,1,11.90,2.98,true,1,
7441000720605,false,לבבות דקל(צנצנת)410 גרם,אינקופלמיטו אס. אי,EC,לבבות דקל(צנצנת)410,גרמים,410.00,100 גרם,false,1,16.90,4.12,true,1,
7500162900000,false,"בירה סול 330 מ""ל בקבוק",פארייפאבה אגרואינדוס,NL,"בירה סול 330 מ""ל בק",מיליליטרים,330.00,"100 מ""ל",false,1,6.90,2.09,true,1,
7501013101348,false,"ג'ומקס מנגו בקבוק 473 מ""ל תריסר",חומקס קומר קומרסאליז,MX,גומקס נקטר מנגו 473,מיליליטרים,473.00,"100 מ""ל",false,1,9.50,2.01,true,1,
7501013101355,false,"נקטר אפרסק ג'ומקס 473 מ""ל",חומקס קומר קומרסאליז,MX,גומקס נקטר אפרסק 473,מיליליטרים,473.00,"100 מ""ל",false,1,9.50,2.01,true,1,
7501013101393,false,"ג'ומקס אננס בקבוק 473 מ""ל תריסר",פארייפאבה אגרואינדוס,MX,גומקס משקה אננס 473,מיליליטרים,473.00,"100 מ""ל",false,1,9.50,2.01,true,1,
7501013122039,false,ג'ומקס מיץ מנגו קרטונית ליטר תריסר,חומקס קומר קומרסאליז,MX,גומקס נקטר מנגו,מיליליטרים,1000.00,"100 מ""ל",false,1,11.10,1.11,true,1,
7501013122053,false,ג'ומקס מיץ אפרסק קרטונית ליטר תריסר,חומקס קומר קומרסאליז,MX,גומקס נקטר אפרסק קרט,מיליליטרים,1000.00,"100 מ""ל",false,1,11.10,1.11,true,1,
7501013122190,false,ג'ומקס מיץ תפוחים קרטונית ליטר תריסר,חומקס קומר קומרסאליז,MX,גומקס משקה תפוחים קר,מיליליטרים,1000.00,"100 מ""ל",false,1,11.10,1.11,true,1,
7501013138047,false,משקה יוניקו פרסקו רימונים קרטונית 1 ליטר,תומקס קומרסאליזדורה,MX,יוניקו פרסקו משקה רי,מיליליטרים,1000.00,"100 מ""ל",false,1,12.80,1.28,true,1,
7501013138184,false,משקה יוניקו פרסקו חמוציות קרטונית 1 ליטר,חומקס קומר קומרסאליז,MX,יוניקו פרסקו משקה חמ,מיליליטרים,1000.00,"100 מ""ל",false,1,12.80,1.28,true,1,
7501049936945,false,"בירה סול שישייה בקבוק 330 מ""ל",היינקן,NL,בירה סול שישייה בקב,מיליליטרים,1980.00,"100 מ""ל",false,1,31.90,1.61,true,1,
7503012779306,false,סירופ אגבה כחולה 100% 330 גרם נטורפוד,נוטריגבאס דה מקסיקו,MX,סירופ אגבה כחולה 100,גרמים,330.00,100 גרם,false,1,20.90,6.33,true,1,
7509546678702,false,קולגייט משחת שיניים טוטל אנטי טרטר 100 מ,קולגייט-פלמוליב,PL,קולגייט טוטל אנטי טר,מיליליטרים,100.00,"100 מ""ל",false,1,19.90,19.90,true,1,
7610023050215,false,מיזלי קראנצ איקס 500 גרם בשקית,פמיליה familia,CH,מיזלי קראנצ איקס 500,גרמים,500.00,100 גרם,false,1,25.90,5.18,true,1,
7610202466738,false,"סטלה-שוקולד חלב ללת""ס 100 גרם",,ES,"סטלה-שוקולד חלב ללת""",גרמים,100.00,100 גרם,false,1,17.90,17.90,true,1,
7610202466769,false,"סטלה-שוק מריר 72% פולי קקאו לל""ס 100 גרם",,ES,סטלה-שוק מריר 72% פו,גרמים,100.00,100 גרם,false,1,17.90,17.90,true,1,
7610202475310,false,"סטלה שוקולד מריר77%אקוודור לל""ס 100 גר",,ES,סטלה שוקולד מריר77%א,גרמים,100.00,100 גרם,false,1,17.90,17.90,true,1,
7610211130903,false,סוכרזית הרמזית 800+2,מרום את קונפינו,CH,הרמזית 800+200 טבליו,יחידה,1.00,יחידה,false,1,29.90,29.90,true,1,
7610313012114,false,הרבה מארה גדול אורגנ,,,הרבה מארה גדול אורגנ,גרמים,250.00,100 גרם,false,1,29.90,11.96,true,1,
7610313015405,false,הרבה מארה אורגני (12,,,הרבה מארה אורגני (12,גרמים,125.00,100 גרם,false,1,20.90,16.72,true,1,
7610400014649,false,שוקולד חלב במילוי קרם רך,לינדט ושפרונגלי קילש,CH,לינדט שוקולד חלב 100,גרמים,100.00,100 גרם,false,1,15.80,15.80,true,1,
7610400070577,false,שוקולד מריר אקסלנס עם צ'ילי,לינדט Lindt,CH,לינדט אקסלנס צילי 1,גרמים,100.00,100 גרם,false,1,14.90,14.90,true,1,
7610400074155,false,שוקולד מריר במילוי קרם,לינדט ושפרונגלי קילש,CH,לינדט שוקולד 60% 100,גרמים,100.00,100 גרם,false,1,15.80,15.80,true,1,
7610400075770,false,שוקולד מריר עם אגוזי לוז שלמים,לינדט ושפרונגלי,CH,לינדט לה גרנד מריר א,גרמים,150.00,100 גרם,false,1,23.90,15.93,true,1,
7610400075787,false,שוקולד חלב עם אגוזי לוז שלמים,"לינדט ושפרונגלי, קיל",CH,לינדט לה גרנד חלב אג,גרמים,150.00,100 גרם,false,1,23.90,15.93,true,1,
7610400085946,false,לינדט לגרנד דארק אלמונד סולט 150 גרם,לינדט,,לינדט לגרנד דארק אלמ,גרמים,150.00,100 גרם,false,1,23.90,15.93,true,1,
7610400091060,false,שוקולד מריר לינדט אקסלנס בתוספת תפוז ושקדים,לינדט ושפרונגלי קילש,CH,לינדט שוקולד אקסלנס,גרמים,100.00,100 גרם,false,1,14.90,14.90,true,1,
7610491023148,false,מולסה מורגה 450 גרם,,,מולסה מורגה 450 גרם,גרמים,450.00,100 גרם,false,1,39.90,8.87,true,1,
7610700001417,false,"ריקולה ס.קשות לל""ס בטעם לימון דבש 75 גר",,CH,"ריקולה ס.קשות לל""ס ב",Unknown,75.00,Unknown,false,1,13.90,0.19,true,1,
7610700002681,false,ריקולה סוכריות ללא סוכר בטעם צמחים 50 גר',,CH,סוכריות ריקולה ללא ס,גרמים,50.00,100 גרם,false,1,12.90,25.80,true,1,
7610700009956,false,ריקולה ללא ת.סוכר סמבוקוס 50 גרם,,CH,סוכריות ריקולה ללא ס,גרמים,50.00,100 גרם,false,1,12.90,25.80,true,1,
7610700012642,false,ריקולה בשקית לימון מינט 70 גרם,ריקולה,CH,סוכריות לימון ריקולה,גרמים,70.00,100 גרם,false,1,10.90,15.57,true,1,
7610700013083,false,סוכריות ריקולה ללא סוכר מרעננת 50 גר,,,סוכריות ריקולה ללא ס,גרמים,50.00,100 גרם,false,1,12.90,25.80,true,1,
7610700600863,false,סוכריות צמחים בפחית ריקולה 100 גרם,,CH,סוכריות צמחים בפחית,גרמים,100.00,100 גרם,false,1,18.90,18.90,true,1,
7610700607046,false,סוכריות צמחים לימון ומנטה ללא תוספת סוכר,ריקולה Ricola,CH,סוכריות ריקולה דיאט,גרמים,50.00,100 גרם,false,1,12.90,25.80,true,1,
7610700612507,false,"ריקולה ס.קשות לל""ס בטעם מנטה לימון 45 גר",,CH,"ריקולה ס.קשות לל""ס ב",גרמים,45.00,100 גרם,false,1,10.50,23.33,true,1,
7610700612859,false,"ריקולה ס.קשות לל""ס בטעם פירות יער 45 גר",,CH,"ריקולה ס.קשות לל""ס ב",גרמים,45.00,100 גרם,false,1,10.50,23.33,true,1,
7612100005569,false,אובלטין 300 גרם,,,אובלטין 300 גרם,גרמים,300.00,100 גרם,false,1,33.90,11.30,true,1,
7613030979647,false,דגני בוקר טריקס פירות עולם היורה 480 ג',ג'נרל מילס סאן אדריא,IL,דגנים טריקס פירות עו,גרמים,480.00,100 גרם,false,1,25.50,5.31,true,1,
7613031241576,false,אפטר אייט מקלות שוקולד מנטה 125 גרם,,,אפטר אייט מקלות שוקו,גרמים,125.00,100 גרם,false,1,17.90,14.32,true,1,
7613032045753,false,פיטנס - דגני בוקר שוקולד 375 גרם,נסטלה צרפת איטנקורט,FR,פיטנס שוקולד 375 ג,גרמים,375.00,100 גרם,false,1,19.90,5.31,true,1,
7613034146656,false,מזון לכלבים קטנים בטעם בקר פורינה ONE,פורינה Purina,US,פורינה ONE מיני אקטי,Unknown,0.00,Unknown,false,1,59.90,59.90,true,1,
7613035618794,false,"פורינה ONE חתול בוגר עוף 3 ק""ג",פורינה Purina,US,פורינה ONE חתול בוגר,Unknown,0.00,Unknown,false,1,119.00,119.00,true,1,
7613035622623,false,פיטנס - גרנולה שקדים ודבש 300 גרם,שוורצקוף& הנקל דיסלד,LT,פיטנס גרנולה שקדים ו,גרמים,300.00,100 גרם,false,1,17.70,5.90,true,1,
7613035635845,false,פיטנס גרנולה שוקולד 14*300 גרם,שוורצקוף& הנקל דיסלד,LT,פיטנס גרנולה שוקולד,גרמים,300.00,100 גרם,false,1,17.70,5.90,true,1,
7613035809857,false,פרפקטו רוטב עגבניות לפסטה ולבישול 400 ג' אסם,אסם פרפקטו Perfecto,ES,פרפקטו רוטב עגבניות,גרמים,400.00,100 גרם,false,1,11.40,2.85,true,1,
7613036723671,false,נסטלה דולצה שוקולד מריר 100 גרם,,,נסטלה דולצה שוקולד מ,גרמים,100.00,100 גרם,false,1,7.90,7.90,true,1,
7613036880534,false,גרבר מחית ירקות מעורבים מטרנה 190 גר',נסטלה פולסקה אס.איי,PL,מחית גרבר מרק ירקות,גרמים,190.00,100 גרם,false,1,7.80,4.11,true,1,
7613036976657,false,מזון לחתולים פריסקיז פאוצ' הודו,נסטלה פורינה,HU,פאוץ פריסקיז הודו 85,Unknown,1.00,Unknown,false,1,5.90,5.90,true,1,
7613039770450,false,טבעול סנסשיונל בורגר 226 גרם,ג'נרל מילס סאן אדריא,IL,טבעול סנסשיונל בורגר,גרמים,226.00,100 גרם,false,1,34.90,15.44,true,1,
7613039879382,false,גרבר - מחית תפוחי עץ 190 גרם,נסטלה פולסקה אס.איי,PL,מחית גרבר תפוחי עץ,גרמים,190.00,100 גרם,false,1,7.80,4.11,true,1,
7613287181411,false,ויטמינציק מחית סלט פירות 110 גרם,"טרופיקל דגיל בע""מ אז",ES,ויטמינציק סלט פירות,גרמים,110.00,100 גרם,false,1,5.90,5.36,true,1,
7613287182326,false,ויטמינציק מחית בננה תפוח 110 גרם,"נסטלה ספרד ס.א, מפעל",ES,ויטמינציק בננה תפוח,גרמים,110.00,100 גרם,false,1,5.90,5.36,true,1,
7613287394323,false,אסם מולטי צ'יריוס 14*600 גרם 2021,נסטלה פולין דגני בוק,GB,מולטי ציריוס 600 גרם,גרמים,600.00,100 גרם,false,1,21.90,3.65,true,1,
7613287855640,false,סטארבקס קפסולות קפה גוואטמלה 10 יחידות,נסטלה,CH,סטארבקס קפסולות גווא,גרמים,57.00,100 גרם,false,1,21.90,38.42,true,1,
7614500010013,false,טובלרון - שוקולד חלב קלאסי 100 גרם,,,טובלרון חלב 100 גר,גרמים,100.00,100 גרם,false,1,10.40,10.40,true,1,
7614500010310,false,שוקולד בר לבן 100 ג' טובלרון,,,טובלרון לבן 100 גר,גרמים,100.00,100 גרם,false,1,10.40,10.40,true,1,
7614500010617,false,טובלרון - שוקולד מריר 100 גרם,,,טובלרון מריר 100 גרם,גרמים,100.00,100 גרם,false,1,10.40,10.40,true,1,
7617400098358,false,עוגיות סוויס דליס טרופינו חלב 100 גר,,CH,טרופינו שוויץ-וופל ק,גרמים,100.00,100 גרם,false,1,10.90,10.90,true,1,
7622201050757,false,שוקולד מילקה טבלת חלב עם קרמל 100 ג',מילקה Milka,DE,שוקולד חלב עם קרמל מ,גרמים,100.00,100 גרם,false,1,6.90,6.90,true,1,
7622201502515,false,מילקה - עוגיות קוקי לופ 132 גרם,גיורי קייקס קייאפטי,HU,מילקה קוקי לופ 132 ג,גרמים,132.00,100 גרם,false,1,10.90,8.26,true,1,
7622201802394,false,שוקולד מילקה חלב מסרונים 100 גרם,מנדלז דויצ'לנד סנקס,PL,שוקולד מילקה חלב 100,גרמים,100.00,100 גרם,false,1,6.90,6.90,true,1,
7622210078131,false,מילקה שוקולד חלב במילוי קרם שמנת 100 ג',מנדלז דויצ'לנד סנקס,PL,שוקולד חלב עם דאיים,גרמים,100.00,100 גרם,false,1,6.90,6.90,true,1,
7622210163899,false,שוקולד חלב במילוי סוכריות עדשים,מונדלז דויצ'לנד סנקס,DE,שוקולד חלב עם עדשים,גרמים,100.00,100 גרם,false,1,6.90,6.90,true,1,
7622210240200,false,מילקה שוקולד חלב ועוגיות אוריאו 300 גרם,מונדליז,,מילקה שוקולד חלב ועו,גרמים,300.00,100 גרם,false,1,19.80,6.60,true,1,
7622210275516,false,מילקה שוקולד ביסקוויטים 300 גרם,,DE,מילקה שוקולד ביסקווי,גרמים,300.00,100 גרם,false,1,19.80,6.60,true,1,
7622210286918,false,שוקולד קדבורי קרמל ניבלס 120 גרם,,GB,שוקולד קדבורי קרמל נ,גרמים,120.00,100 גרם,false,1,14.90,12.42,true,1,
7622210287021,false,שוקולד קדבורי וויספה בייטס 110 גרם,,GB,קדבורי וויספה בייטס,גרמים,110.00,100 גרם,false,1,14.90,13.55,true,1,
7622210453327,false,עוגיות שוקוצ'יפס במילוי שוקולד סנסיישן,מנדלז פולסקה פרודקשן,PL,מילקה סנסיישן 156 גר,גרמים,100.00,100 גרם,false,1,10.90,10.90,true,1,
7622210644473,false,קדבורי שוקולד חלב ושברי אגוזי לוז 95 גרם,,,קדבורי שוקולד חלב וש,גרמים,95.00,100 גרם,false,1,10.90,11.47,true,1,
7622210644817,false,קדבורי פירות יבשים ואגוזים 110 גרם,,,קדבורי פירות יבשים ו,גרמים,110.00,100 גרם,false,1,10.90,9.91,true,1,
7622210654816,false,שוקולד קדבורי פאדג בייטס 120 גרם,,GB,קדבורי פאדג בייטס 12,גרמים,120.00,100 גרם,false,1,14.90,12.42,true,1,
7622210835338,false,אוראו עוגיות ממולאות טעם בראוניז 176 גרם,מנדלז אספנה גאלטס פר,ES,אוראו בראוניז 176 גר,גרמים,176.00,100 גרם,false,1,8.90,5.06,true,1,
7622300340292,false,גבינת שמנת 11% שומן 175 ג' פילדלפיה,מונדלז דויצ'לנד פרוד,DE,גבינת פילדלפיה 11%,גרמים,175.00,100 גרם,false,1,14.90,8.51,true,1,
7622300434472,false,מילקה עוגיות גאפה שוקו מוס 128 ג,מונדליז,CZ,מילקה עוגיות גאפה שו,גרמים,128.00,100 גרם,false,1,8.90,6.95,true,1,
7622300441715,false,מילקה - עוגיות שוקומינס 150 גרם,מילקה Milka,CZ,עוגיות מילקה שוקו מי,גרמים,150.00,100 גרם,false,1,10.90,7.27,true,1,
7622300489434,false,"עוגיות אוראו פאדג' בציפוי שוקולד חלב, 246 גרם",מנדלז אספנה גאלטס פר,ES,אוראו פאדג שוקולד חל,גרמים,246.00,100 גרם,false,1,18.90,7.68,true,1,
7622300498429,false,טבלת שוקולד ממולא תות 100ג' מילקה,מונדלייז,DE,שוקולד מילקה קרם תות,גרמים,100.00,100 גרם,false,1,6.90,6.90,true,1,
7622300509606,false,ברני עוגת ספוג במילוי קרם שוקולד 150 גרם,מונדליז,PL,ברני עוגת ספוג במילו,גרמים,150.00,100 גרם,false,1,11.40,7.60,true,1,
7622300617820,false,שוקלד מילקה טבלת חלב אוראו 100ג',מנדלז דויצ'לנד סנקס,PL,שוקולד מילקה אוראו 1,גרמים,100.00,100 גרם,false,1,6.90,6.90,true,1,
7622300737900,false,שוקולד קדבורי קרמל 120 גרם,מונדליז,GB,קדבורי טבלת שוקולד ח,גרמים,120.00,100 גרם,false,1,10.90,9.08,true,1,
7622300756383,false,ממרח גבינת עם שוקולד מילקה פילדלפיה 175 ג',מונדלייז,DE,גבינת פילדלפיה עם שו,גרמים,175.00,100 גרם,false,1,16.90,9.66,true,1,
7622300756413,false,גבינת פילדלפיה 20% שומן עם תבלינים 175 ג',מונדלז דויצ'לנד פרוד,DE,גבינת פילדלפיה 20%,גרמים,175.00,100 גרם,false,1,14.90,8.51,true,1,
7630477891592,false,סטארבקס קפסולות קפה האוס בלנד 10 יחידות,סטארבקס Starbucks,CH,סטארבקס קפסולות האוס,גרמים,57.00,100 גרם,false,1,21.90,38.42,true,1,
7630477891653,false,סטארבקס קפסולות קפה אספרסו נטול 10 יחידו,סטארבקס Starbucks,CH,סטארבקס קפסולות אספר,גרמים,57.00,100 גרם,false,1,21.90,38.42,true,1,
7630477891691,false,סטארבקס קפסולות קפה קולמביה 10 יחידות,סטארבקס Starbucks,CH,סטארבקס קפסולות קולו,גרמים,57.00,100 גרם,false,1,21.90,38.42,true,1,
7630477891738,false,סטארבקס קפסולות קפה אספרסו בלונד 10 יחיד,סטארבקס Starbucks,CH,סטארבקס קפסולות אספר,גרמים,53.00,100 גרם,false,1,21.90,41.32,true,1,
7702018487394,false,מכשיר גילוח גילט סקינגארד ידני,פרוקטר אנד גמבל,PL,מכשיר גילוח גילט סקי,Unknown,0.00,Unknown,false,1,66.90,66.90,true,1,
7702018495818,false,סכיני גילוח גילט סקינגארד ידני שמינייה,פרוקטר אנד גמבל,US,סכיני גילוח גילט סקי,Unknown,0.00,Unknown,false,1,149.90,149.90,true,1,
7702024258322,false,"חטיפי קרקר עם חיטה מלאה, צ'יה וזרעי פשתן פיטנס",נסטלה Nestle,CO,פיטנס חטיפי קרקר ציה,גרמים,234.00,100 גרם,false,1,11.90,5.09,true,1,
7702174068833,false,סוכריות לקקן במילוי טופי בטעמי גלידת פירות,הדקלאים אגודת שיתופי,EC,לקקן יוגטה טעם גלידה,גרמים,204.00,100 גרם,false,1,13.50,6.62,true,1,
7750526001786,false,אינקה ציפס ירוקות שורש אוריגינל 142גר,Global Gourmet Produ,US,אינקה ציפס ירוקות שו,גרמים,142.00,100 גרם,false,1,19.90,14.01,true,1,
7790240072150,false,טרפיצה קברנה סובניון 750 מל-יין אדום,,,טרפיצה קברנה סובניון,Unknown,0.00,Unknown,false,1,39.90,39.90,true,1,
7790240072785,false,יין אדום טרפיצה קברנה סובניון OAK CASK,,,יין אדום טרפיצה קברנ,Unknown,0.00,Unknown,false,1,57.90,57.90,true,1,
7790240072808,false,יין אדום טרפיצה מלבק סדרת OAK CASK,,,יין אדום טרפיצה מלבק,Unknown,0.00,Unknown,false,1,57.90,57.90,true,1,
7790240090154,false,יין טרפיצה ברוקל מלבק 750 מל,,,יין טרפיצה ברוקל מלב,Unknown,0.00,Unknown,false,1,68.90,68.90,true,1,
7790240096866,false,"יין פיור מלבק שחור 750 מ""ל",,AR,יין פיור מלבק שחור 7,מיליליטרים,750.00,"100 מ""ל",false,1,57.90,7.72,true,1,
7790240097474,false,"יין פיור שרדונה 750 מ""ל",,AR,יין פיור שרדונה 750,מיליליטרים,750.00,"100 מ""ל",false,1,57.90,7.72,true,1,
7790762076773,false,סנטה אנה סובניון בלאן 750 מל,,,סנטה אנה סובניון בלא,Unknown,0.00,Unknown,false,1,40.90,40.90,true,1,
7891024124826,false,קולגייט משחת אופטיק ספרקלינג וייט 75מל,הנסיך- מפעל לייצור ט,BR,קולגייט משחת אופטיק,מיליליטרים,75.00,"100 מ""ל",false,1,19.90,26.53,true,1,
8000070012783,false,קפה לוואצה קלוי וטחון חוזק 5 אורו 250 גר,לווצה טורינו,IT,קפה לוואצה קלוי וטחו,גרמים,250.00,100 גרם,false,1,39.90,15.96,true,1,
8000070035980,false,קפה לוואצה קלוי וטחון חוזק 5 רוסה 250 גר,לווצה טורינו,IT,קפה לוואצה קלוי וטחו,גרמים,250.00,100 גרם,false,1,35.50,14.20,true,1,
8000070081017,false,קפסולות קפה אספרסו דיצו 10 10 יחידות,לאוג'י לוואצה אס.פי.,IT,קפסולות לוואצה דיציו,גרמים,50.00,100 גרם,false,1,19.90,39.80,true,1,
8000139000102,false,גרופלו פסטה מפאלדה 500 גרם,,IT,גרופלו פסטה מפאלדה 5,גרמים,500.00,100 גרם,false,1,16.90,3.38,true,1,
8000139000942,false,פסטה גרפולו לומצינה 500 גרם,,,פסטה גרפולו לומקינה,גרמים,500.00,100 גרם,false,1,13.50,2.70,true,1,
8000139001253,false,פסטה גרפולו פוזילי לונגי 500 גרם,,,פסטה גרפולו פוזילי,גרמים,500.00,100 גרם,false,1,14.60,2.92,true,1,
8000139002021,false,פסטה גרפולו קלמרטה 500 גרם,,,פסטה גרפולו קלמרטה 5,גרמים,500.00,100 גרם,false,1,14.60,2.92,true,1,
8000139910142,false,פסטה גרפולו ספגטי 500 גרם,,,פסטה גרפולו ספגטי 50,גרמים,500.00,100 גרם,false,1,13.50,2.70,true,1,
8000139910173,false,פסטה גרפולו אורזו 500 גרם,,,פסטה גרפולו אורזו 50,גרמים,500.00,100 גרם,false,1,13.50,2.70,true,1,
8000139910197,false,פסטה גרפולו ריגטוני 500 גרם,,,פסטה גרפולו ריגטוני,גרמים,500.00,100 גרם,false,1,13.50,2.70,true,1,
8000139910203,false,פסטה גרפולו קוצי סארדי 500 גרם,,,פסטה גרפולו קוצי סאר,גרמים,500.00,100 גרם,false,1,13.50,2.70,true,1,
8000139910227,false,פסטה גרפולו פוזילי 500 גרם,,,פסטה גרפולו פוזילי 5,גרמים,500.00,100 גרם,false,1,13.50,2.70,true,1,
8000139910234,false,פסטה גרפולו פנה ריגטה 500 גר,,,פסטה גרפולו פנה ריגט,גרמים,500.00,100 גרם,false,1,13.50,2.70,true,1,
8000139910265,false,פסטה ראדיאטורי גרפולו 500 גר,,,פסטה ראדיאטורי גרפול,גרמים,500.00,100 גרם,false,1,13.50,2.70,true,1,
8000139910272,false,פסטה גרפולו פפרדלה נידו 500 גר,,,פסטה גרפולו פפרדלה נ,גרמים,500.00,100 גרם,false,1,14.60,2.92,true,1,
8000139910289,false,פסטה טליאטלה גרפולו 500 גר,,,פסטה גרפולו טליאטלה,גרמים,500.00,100 גרם,false,1,14.60,2.92,true,1,
8000139910357,false,פסטה לומאקוני גרפולו 500 גרם,,,פסטה לומאקוני גארופא,גרמים,500.00,100 גרם,false,1,14.60,2.92,true,1,
8000139910371,false,פסטה גרפולו פרימוורה 500 גרם,,,פסטה גרפולו פרימוורה,גרמים,500.00,100 גרם,false,1,14.60,2.92,true,1,
8000139910753,false,פסטה קאזארסה גרפולו 500 גר,,,פסטה גרפולו קסרצה,גרמים,500.00,100 גרם,false,1,13.50,2.70,true,1,
8000139910852,false,לזניה גרפולו 500 גרם,,,לזניה גרפולו 500 גרם,גרמים,500.00,100 גרם,false,1,17.70,3.54,true,1,
8000139920875,false,ניוקי תפוח אדמה גרפולו 500 גרם,,,ניוקי תפוח אדמה גרפו,גרמים,500.00,100 גרם,false,1,14.60,2.92,true,1,
8000139929687,false,ספגטי ללא גלוטן 400 גר,,,ספגטי ללא גלוטן 400,גרמים,400.00,100 גרם,false,1,15.90,3.98,true,1,
8000139929748,false,פנה ללא גלוטן 400 גר,,,פנה ללא גלוטן 400 גר,גרמים,400.00,100 גרם,false,1,15.90,3.98,true,1,
8000139929830,false,400 פוזילונה ללא גלוטן גר,,,400 פוזילונה ללא גלו,גרמים,400.00,100 גרם,false,1,15.90,3.98,true,1,
8000215204219,false,משקה אורז - אורגני 1 ליטר,בטר אנד דיפרנט,IT,משקה אורז - אורגני 1,מיליליטרים,1000.00,"100 מ""ל",false,1,14.90,1.49,true,1,
8000215204240,false,משקה שקדים ואורז - אורגני 1 ליטר,בטר אנד דיפרנט,IT,משקה שקדים ואורז - א,מיליליטרים,1000.00,"100 מ""ל",false,1,14.90,1.49,true,1,
8000215204264,false,ויטריז - משקה אורז אישי אישי 200 גר,בטר אנד דיפרנט,IT,ויטריז - משקה אורז א,מיליליטרים,200.00,"100 מ""ל",false,1,3.90,1.95,true,1,
8000215204271,false,ויטריז - משקה שקדים ואורז אישי 200 גר,"נטורפוד בע""מ",IT,ויטריז - משקה שקדים,מיליליטרים,200.00,"100 מ""ל",false,1,4.50,2.25,true,1,
8000215204370,false,ויטריז לבישול תחל. שמנת צמחי אורגני 200,ויטריז,IT,ויטריז לבישול תחל.,מיליליטרים,200.00,"100 מ""ל",false,1,6.50,3.25,true,1,
8000215204387,false,"רוטב בשמל צמחי אורגני ויטריז 500 מ""ל",,,רוטב בשמל צמחי אורגנ,מיליליטרים,500.00,"100 מ""ל",false,1,12.90,2.58,true,1,
8000215204394,false,משקה אגוזי לוז ואורז אורגני 1 ליטר,בטר אנד דיפרנט,US,משקה אגוזי לוז ואורז,מיליליטרים,1000.00,"100 מ""ל",false,1,18.90,1.89,true,1,
8000215204554,false,משקה אורז קוקוס אורגני 1 ליטר ויטריז,אלינור,,משקה אורז קוקוס אורג,מיליליטרים,1000.00,"100 מ""ל",false,1,14.90,1.49,true,1,
8000215204561,false,VITASI משקה שקדים אורגני 1 ליטר,בטר אנד דיפרנט,IT,VITASI משקה שקדים או,מיליליטרים,1000.00,"100 מ""ל",false,1,13.90,1.39,true,1,
8000215204677,false,משקה ש.שועל בריסטה אורגני 1 ליטר ויטריז,בטר אנד דיפרנט,IT,משקה ש.שועל בריסטה א,מיליליטרים,1000.00,"100 מ""ל",false,1,14.90,1.49,true,1,
8000215204714,false,משקה שיבולת שועל אורגני 1 ליטר PRIMAVENA,בטר אנד דיפרנט,IT,משקה שיבולת שועל אור,מיליליטרים,1000.00,"100 מ""ל",false,1,14.90,1.49,true,1,
8000215204745,false,משקה ש.שועל וניל אורגני 1 ליטר PRIMAVENA,אלינור,IT,משקה ש.שועל וניל אור,מיליליטרים,1000.00,"100 מ""ל",false,1,13.90,1.39,true,1,
8000320010026,false,עגבניות תמר מקולפות CIRIO 400 גר,צ'יריו,IT,עגבניות תמר מקולפות,גרמים,400.00,100 גרם,false,1,6.90,1.73,true,1,
8000320010095,false,"רוטב עגבניות במרקם עדין 700 מ""ל MUTTI",קונסרב,IT,פסאטה במרקם עדין 700,מיליליטרים,700.00,"100 מ""ל",false,1,11.90,1.70,true,1,
8000380003723,false,גרנד פטיסרי עוגיות וופל אגוזים 100ג',קריניציה ויטמינה אס,IT,עוגיות גרנד פטיסרי 1,גרמים,100.00,100 גרם,false,1,12.20,12.20,true,1,
8000380004676,false,קוביות וופל סנדוויץ Sandwich עם וניל וחלב,"א. לואקר, קונפקט ג'י",AT,וופל וניל 200 גרם,גרמים,200.00,100 גרם,false,1,12.80,6.40,true,1,
8000380004881,false,וופל קוארדטיני לואקר קוביות טרמיסו 220ג',קריניציה ויטמינה אס,IT,וופל קואדרטיני טירמי,גרמים,220.00,100 גרם,false,1,13.90,6.32,true,1,
8000380004911,false,קוביות וופל קואדרטיני Quadratini קרם אגוזים,קריניציה ויטמינה אס,AT,וופל קוארדטיני אגוז,גרמים,250.00,100 גרם,false,1,13.90,5.56,true,1,
8000380004966,false,וופל קוארדטיני לואקר קוביות שוקולד 250ג',קריניציה ויטמינה אס,AT,וופל קוארדטיני קקאו,גרמים,250.00,100 גרם,false,1,13.90,5.56,true,1,
8000380007257,false,וופל גרנדה מצופה שוקולד 200ג',קריניציה ויטמינה אס,IT,וופל גרדנה אגוז 200,גרמים,200.00,100 גרם,false,1,14.40,7.20,true,1,
8000380007264,false,וופל לואקר קקאו 175 גרם,קריניציה ויטמינה אס,AT,וופל לואקר קקאו 175,גרמים,175.00,100 גרם,false,1,11.80,6.74,true,1,
8000380007271,false,וופל לואקר קרם חלב 175ג',ליימן מותגים,AT,וופל לואקר חלב 175 ג,גרמים,175.00,100 גרם,false,1,11.80,6.74,true,1,
8000380156856,false,שוקולד לואקר לבן 87 גרם,ליימן מותגים,IT,שוקולד לואקר לבן 87,גרמים,87.00,100 גרם,false,1,8.50,9.77,true,1,
8000380180721,false,לואקר וופל קקאו במילוי קרם חלבי 175 גר,קריניציה ויטמינה אס,AT,לואקר וופל קקאו במיל,גרמים,175.00,100 גרם,false,1,11.80,6.74,true,1,
8000380180745,false,קוביות וופל קואדרטיני קקאו במילוי קר חלב,"א. לואקר, קונפקט ג'י",AT,לואקר קוביות וופל קק,גרמים,250.00,100 גרם,false,1,13.90,5.56,true,1,
8000380205400,false,קוביות וופל קואדרטיני בטעם חמאת בוטנים,ליימן מותגים,AT,וופל לואקר קואדרטיני,גרמים,250.00,100 גרם,false,1,13.90,5.56,true,1,
8000500023624,false,חטיפי הפי היפו Happy Hippo במילוי קרם חלב וקקאו,קינדר Kinder,IT,קינדר הפי היפו חמישי,גרמים,104.00,100 גרם,false,1,12.50,12.02,true,1,
8000500026731,false,שוקולד ביצי הפתעה קינדר שלישייה,קינדר Kinder,IT,שלישיית ביצי הפתעה ק,גרמים,60.00,100 גרם,false,1,14.90,24.83,true,1,
8000500028124,false,קינדר גוי ביצת הפתעה מארז שלישיה,ליימן שליסל,ZA,ביצת הפתעה קינדר גוי,גרמים,60.00,100 גרם,false,1,14.90,24.83,true,1,
8000500029350,false,מארז וופל מצופה 3יח' *43 גרם קינדר בואנו,קינדר Kinder,PL,שלישייה קינדר בואנו,גרמים,129.00,100 גרם,false,1,9.90,7.67,true,1,
8000500037874,false,בונבוניירה פררו רושה 200 גרם,פררו Ferrero,IT,בונבוניירה פררו רושה,גרמים,200.00,100 גרם,false,1,23.90,11.95,true,1,
8000500121436,false,מארז קינדר בואנו Kinder Bueno לבן שלוש יחידות,קינדר Kinder,PL,שלישייה קינדר בואנו,גרמים,129.00,100 גרם,false,1,9.90,7.67,true,1,
8000500126325,false,ביצי שוקולד הפתעה קינדר ג'וי ורוד בנות שלישיה,קינדר Kinder,ZA,קינדר גוי ורוד מארז,גרמים,60.00,100 גרם,false,1,14.90,24.83,true,1,
8000500167656,false,קינדר שוקולד עם דגנים סיריאל 94 ג',פררו,IT,קינדר שוקולד עם דגני,גרמים,94.00,100 גרם,false,1,6.90,7.34,true,1,
8000500227848,false,נוטלה - בי רדי אצבעות ביסקוויט במילוי שוקולד 6 יח' * 22 גרם,פררו,IT,וופל נוטלה בי רדי שי,גרמים,132.00,100 גרם,false,1,12.50,9.47,true,1,
8000500249352,false,קינדר בואנו מיני מיקס שקית 205 ג',קדבורי,PL,קינדר בואנו מיני מיק,גרמים,205.00,100 גרם,false,1,18.90,9.22,true,1,
8000500256213,false,קינדר שוקולד מיני בשקית.,קדבורי,IT,קינדר שוקולד מיני 12,גרמים,120.00,100 גרם,false,1,10.00,8.33,true,1,
8000500267103,false,קינדר דליס עוגת ספוג קקאו במילוי חלבי*10,קינדר Kinder,IT,עוגת קינדר דליס 390,גרמים,390.00,100 גרם,false,1,19.90,5.10,true,1,
8000500269169,false,קינדר קארדס Kinder Cards - חמישייה,קינדר Kinder,IT,וופל קינדר קארדס 128,גרמים,128.00,100 גרם,false,1,13.90,10.86,true,1,
8000500283219,false,עוגת קינדר קקאו במילוי קרם שוקולד 290 גר,פררו,IT,עוגת קינדר קקאו במיל,גרמים,290.00,100 גרם,false,1,29.90,10.31,true,1,
8000500283240,false,עוגת קינדר במילוי קרם שוקולד 290 גרם,פררו,IT,פררו-קינדר עוגת ספוג,גרמים,290.00,100 גרם,false,1,29.90,10.31,true,1,
8000500359884,false,שוקולד לבן ממולא קרם אגוזים 90 ג' פררו רושר,,DE,טבלת שוקולד פררו רוש,גרמים,90.00,100 גרם,false,1,17.70,19.67,true,1,
8000500372524,false,קינדר סנטה קלאוס ש. מריר חלב 110 גר,,,קינדר סנטה קלאוס ש.,גרמים,110.00,100 גרם,false,1,21.90,19.91,true,1,
8000500386941,false,"ממרח קקאו עם אגוזי לוז, 900 גרם",קדבורי,IT,ממרח נוטלה 900 גר,גרמים,900.00,100 גרם,false,1,29.90,3.32,true,1,
8000635156945,false,סוכריות ליקריץ אורגני מארז שלישיה 36 גרם,,IT,סוכריות ליקריץ אורגנ,גרמים,36.00,100 גרם,false,1,29.90,83.06,true,1,
8000815004233,false,מים אקווה פאנה 750 מל,,,מים אקווה פאנה 750 מ,מיליליטרים,750.00,"100 מ""ל",false,1,11.90,1.59,true,1,
8000895003379,false,עוגיות רכות עם שקדים 175 גרם SAPORI,,,עוגיות רכות עם שקדים,גרמים,175.00,100 גרם,false,1,17.40,9.94,true,1,
8001003100218,false,סוכריות יוגטה ג'לי פירות 800 גר',תות ממתקי איכות,IT,סוכריות יוגטה גילי 8,גרמים,800.00,100 גרם,false,1,23.90,2.99,true,1,
8001090184375,false,"נוזל כלים פיירי 900 מ""ל ירוק אורגינל",פרוקטר אנד גמבל,GB,נוזל כלים פיירי אורי,מיליליטרים,900.00,"100 מ""ל",false,1,12.90,1.43,true,1,
8001090458353,false,סבון כלים פעולה אנטי-בקטריאלית אקליפטוס,פרוקטר אנד גמבל,US,נוזל כלים אנטי בקטרי,מיליליטרים,515.00,"100 מ""ל",false,1,10.90,2.12,true,1,
8001090734044,false,מגן תחתון אולוויז מגה פק לארג פרש 64 יח,פרוקטר אנד גמבל,UA,מגן תחתון אולוויז מג,Unknown,0.00,Unknown,false,1,19.90,19.90,true,1,
8001090737809,false,אולוויז מגן תחתון סינגל טנגה 36 יחידות,פרוקטר אנד גמבל,ES,מגן תחתון אולוויז סי,Unknown,0.00,Unknown,false,1,16.00,16.00,true,1,
8001090833136,false,אריאל ג'ל כביסה בייבי 2.255 ליטר,פרוקטר אנד גמבל,FR,גל כביסה אריאל בייבי,ליטרים,0.00,ליטר,false,1,32.90,32.90,true,1,
8001090833167,false,גל כביסה אריאל בניחוח הרים 2.365 ליטר,פרוקטור אנד גמבל,FR,גל כביסה אריאל בניחו,ליטרים,0.00,ליטר,false,1,32.90,32.90,true,1,
8001090899255,false,תחבושות אולוויז פלטינום לילה 16 יח',פרוקטר אנד גמבל,DE,תחבושות אולוויז פלטי,Unknown,0.00,Unknown,false,1,26.50,26.50,true,1,
8001090899286,false,תחבושות אולוויז פלטינום לילה בטוח 14 יח',פרוקטר אנד גמבל,DE,תחבושות אולוויז פלטי,Unknown,0.00,Unknown,false,1,26.50,26.50,true,1,
8001100051055,false,עוגת פנטונה עם צימוקים בציפוי אגוזי 750ג,,,עוגת פנטונה עם צימוק,גרמים,750.00,100 גרם,false,1,46.90,6.25,true,1,
8001100059198,false,עוגת פנטונה בלוקו 100 גרם,,,עוגת פנטונה בלוקו,Unknown,0.00,Unknown,false,1,15.90,15.90,true,1,
8001100064802,false,עוגת סאן סירו 500 גרם,,IT,עוגת סאן סירו 500 גר,גרמים,500.00,100 גרם,false,1,29.90,5.98,true,1,
8001160001892,false,"משקה אנרגיה גטורייד ספורט תפוז אדום 500מ""ל",פארייפאבה אגרואינדוס,IT,גטורייד ספורט תפוז א,מיליליטרים,500.00,"100 מ""ל",false,1,12.20,2.44,true,1,
8001200023808,false,פסטה אליציה צבעוני 500 גר Agnesi,,,פסטה אליציה צבעוני 5,גרמים,500.00,100 גרם,false,1,8.30,1.66,true,1,
8001200025505,false,פסטה פוזילי מס.78 500 גר Agnesi,,,פסטה פוזילי מס.78 50,גרמים,500.00,100 גרם,false,1,8.30,1.66,true,1,
8001200039014,false,פסטה פנה חיטה מלאה 500 גר Agnesi,,,פסטה פנה חיטה מלאה 5,גרמים,500.00,100 גרם,false,1,13.50,2.70,true,1,
8001200045039,false,פסטה ספגטי מס.3 500 גר Agnesi,,IT,פסטה ספגטי מס.3 500,גרמים,500.00,100 גרם,false,1,8.30,1.66,true,1,
8001200045053,false,פסטה ספגטיני מס.2 500 גר Agnesi,,IT,פסטה ספגטיני מס.2 50,גרמים,500.00,100 גרם,false,1,8.30,1.66,true,1,
8001200045350,false,פסטה ניוקי 500 גר Agnesi,,IT,פסטה ניוקי 500 גר Ag,גרמים,500.00,100 גרם,false,1,8.30,1.66,true,1,
8001200045473,false,פסטה ריגטוני 500 גר Agnesi,,,פסטה ריגטוני 500 גר,גרמים,500.00,100 גרם,false,1,8.30,1.66,true,1,
8001200045831,false,פסטה פארפלה מס.61 500 גר Agnesi,,IT,פסטה פארפלה מס.61 50,גרמים,500.00,100 גרם,false,1,8.30,1.66,true,1,
8001200045916,false,פסטה טליאטלה ביצים 250 גר Agnesi,,,פסטה טליאטלה ביצים 2,גרמים,250.00,100 גרם,false,1,13.50,5.40,true,1,
8001200045978,false,פסטה פפרדלה ביצים 250 גר Agnesi,,,פסטה פפרדלה ביצים 25,גרמים,250.00,100 גרם,false,1,13.50,5.40,true,1,
8001200045992,false,פסטה ביצים ותרד 250 גר Agnesi,,,פסטה ביצים ותרד 250,גרמים,250.00,100 גרם,false,1,13.50,5.40,true,1,
8001250110015,false,לזניה דה צקו 500 גרם,דה צ'אקו DE CECCO,IT,דפי לזניה 500 גרם,גרמים,500.00,100 גרם,false,1,22.90,4.58,true,1,
8001250120076,false,לינגוויני 500 גרם DE CECCO,,,לינגוויני 500 גרם DE,גרמים,500.00,100 גרם,false,1,10.90,2.18,true,1,
8001250120113,false,פסטה ספגטיני מס 11 ד,,,ספגטיני 500 גרם DE C,גרמים,500.00,100 גרם,false,1,10.90,2.18,true,1,
8001250120120,false,פסטה ספגטי מס 12 דה,דה צ'אקו DE CECCO,,ספגטי 500 גרם DE CEC,גרמים,500.00,100 גרם,false,1,10.90,2.18,true,1,
8001250120236,false,טורטוליוני 500 גרם DE CECCO,,,טורטוליוני 500 גרם D,גרמים,500.00,100 גרם,false,1,10.90,2.18,true,1,
8001250120243,false,ריגטוני 500 גרם DE CECCO,דה צ'אקו DE CECCO,,ריגטוני 500 גרם DE C,גרמים,500.00,100 גרם,false,1,10.90,2.18,true,1,
8001250120267,false,ריגטוני קצר 500 גרם DE CECCO,,,ריגטוני קצר 500 גרם,גרמים,500.00,100 גרם,false,1,10.90,2.18,true,1,
8001250120335,false,קיפרי ריגטי 500 גרם DE CECCO,,,קיפרי ריגטי 500 גרם,גרמים,500.00,100 גרם,false,1,10.90,2.18,true,1,
8001250120342,false,פסטה פוזיליני מס 34,דה צ'אקו DE CECCO,,פוזילי 500 גרם DE CE,גרמים,500.00,100 גרם,false,1,10.90,2.18,true,1,
8001250120410,false,פסטה פנה מס 41 דה צק,דה צ'אקו DE CECCO,IT,פנה 500 גרם DE CECCO,גרמים,500.00,100 גרם,false,1,10.90,2.18,true,1,
8001250120465,false,קונכיות ניוקי 500 גרם DE CECCO,,,קונכיות ניוקי 500 גר,גרמים,500.00,100 גרם,false,1,10.90,2.18,true,1,
8001250120748,false,פסטה ריזו מס 74 דה צ,,,ריזו 500 גרם DE CECC,גרמים,500.00,100 גרם,false,1,10.90,2.18,true,1,
8001250120885,false,חונקי כמרים 500 גרם DE CECCO,דה צ'אקו DE CECCO,,חונקי כמרים 500 גרם,גרמים,500.00,100 גרם,false,1,10.90,2.18,true,1,
8001250120908,false,פסטה ראקט מס 90 דה צ,דה צ'אקו DE CECCO,,ראקט 500 גרם DE CECC,גרמים,500.00,100 גרם,false,1,10.90,2.18,true,1,
8001250120939,false,פסטה פרפלה מס 93 דה,,,פרפלה 500 גרם DE CEC,גרמים,500.00,100 גרם,false,1,10.90,2.18,true,1,
8001250121981,false,פוזילי מסולסל 500 גרם DE CECCO,,,פוזילי מסולסל 500 גר,גרמים,500.00,100 גרם,false,1,10.90,2.18,true,1,
8001250152015,false,פסטה פפרדלה דה צקו ק,דה צ'אקו DE CECCO,IT,פפרדלה 500 גרם DE CE,גרמים,500.00,100 גרם,false,1,18.90,3.78,true,1,
8001250152114,false,טריפוליני 500 גרם DE CECCO,דה צ'אקו DE CECCO,,טריפוליני 500 גרם DE,גרמים,500.00,100 גרם,false,1,18.90,3.78,true,1,
8001250201003,false,קנלוני ביצים 250 גרם DE CECCO,דה צ'אקו DE CECCO,,קנלוני ביצים 250 גרם,גרמים,250.00,100 גרם,false,1,19.80,7.92,true,1,
8001250201034,false,פטוציני ביצים 250 גרם DE CECCO,DE CECCO,IT,פטוציני ביצים 250 גר,גרמים,500.00,100 גרם,false,1,14.90,2.98,true,1,
8001250250018,false,"שמן זית EXTRA VIRGIN CLASSICO (כחול) 750 מ""ל",VIRGINIAS INDUSTRIAS,IT,שמן זית קלאסיקו 750,מיליליטרים,750.00,"100 מ""ל",false,1,41.90,5.59,true,1,
8001250310415,false,פנה חיטה מלאה 500 גרם DE CECCO,,,פנה חיטה מלאה 500 גר,גרמים,500.00,100 גרם,false,1,14.90,2.98,true,1,
8001250861764,false,קמח מחיטת דורום דה צ,דה צקו,IT,קמח דורום 1 קג,גרמים,1000.00,100 גרם,false,1,22.90,2.29,true,1,
8001387287109,false,קונטיזקה קוואטרו קונטי פרימיטיבו 750 מל,,IT,קונטיזקה קוואטרו קונ,מיליליטרים,750.00,"100 מ""ל",false,1,43.90,5.85,true,1,
8001420001327,false,אורז ריזוטו ארבוריו 500 גרם,ריזו גאלו,IT,אורז ריזוטו ארבוריו,גרמים,500.00,100 גרם,false,1,13.90,2.78,true,1,
8001420002782,false,אורז שחור ונרה 500 גר,,,אורז שחור ונרה 500 ג,גרמים,500.00,100 גרם,false,1,32.90,6.58,true,1,
8001420005608,false,ריזוטו אורז 3 דגנים 400 גר,ריזו גאלו,IT,ריזוטו אורז 3 דגנים,גרמים,400.00,100 גרם,false,1,12.90,3.23,true,1,
8001420006360,false,אורז ריזוטו פרונטו כמהין 175 גרם,ריזו גאלו,IT,אורז ריזוטו פרונטו כ,גרמים,175.00,100 גרם,false,1,16.60,9.49,true,1,
8001440118944,false,CIRIO מארז שלישיית עגבניות חתוכות דק,דיפלומט,IT,עגבניות פולפה 3*400,קילוגרמים,0.00,"ק""ג",false,1,15.90,15.90,true,1,
8001440134487,false,עגבניות שרי מקולפות 400 גר CIRIO,,IT,עגבניות שרי מקולפות,גרמים,400.00,100 גרם,false,1,9.90,2.48,true,1,
8001505000160,false,מעדן דובדבנים אורגני 250 גר FIORDIFRUTT,פיור די פרוטה,IT,מעדן דובדבנים אורגני,גרמים,250.00,100 גרם,false,1,22.90,9.16,true,1,
8001505000177,false,מעדן משמש אורגני 250 גר FIORDIFRUTTA,פיור די פרוטה,IT,מעדן משמש אורגני 250,גרמים,250.00,100 גרם,false,1,22.90,9.16,true,1,
8001505000283,false,מעדן פטל אורגני 250 גר FIORDIFRUTTA,אף.סי תבליני בגליל ב,IT,מעדן פטל אורגני 250,גרמים,250.00,100 גרם,false,1,22.90,9.16,true,1,
8001505000306,false,מעדן פירות יער אורגני 250 ג FIORDIFRUTT,פיור די פרוטה,IT,מעדן פירות יער אורגנ,גרמים,250.00,100 גרם,false,1,22.90,9.16,true,1,
8001505000313,false,ממרח אגוזי לוז אורגני 270 גרם NICCIOLATA,ריג'וני דה אסינו,IT,ממרח אגוזי לוז אורגנ,גרמים,270.00,100 גרם,false,1,23.90,8.85,true,1,
8001505000320,false,מעדן תותי יער אורגני 250 ג FIORDIFRUTTA,אף.סי תבליני בגליל ב,IT,מעדן תותי יער אורגני,גרמים,250.00,100 גרם,false,1,22.90,9.16,true,1,
8001505000498,false,מעדן לימונים 250 ג FIORDIFRUTTA,פיור די פרוטה,IT,מעדן לימונים 250 ג F,גרמים,250.00,100 גרם,false,1,22.90,9.16,true,1,
8001505000573,false,מעדן דומדמניות שחורות 250 ג FIORDIFRUTTA,פיור די פרוטה,IT,מעדן דומדמניות שחורו,גרמים,250.00,100 גרם,false,1,22.90,9.16,true,1,
8001505000580,false,מעדן אפרסק 250 ג FIORDIFRUTTA,פיור די פרוטה,IT,מעדן אפרסק 250 ג FIO,גרמים,250.00,100 גרם,false,1,22.90,9.16,true,1,
8001505001785,false,ממרח אגוזי לוז לבן אורגני 270 גרם,ריגוני די אסיי ישראל,IT,ממרח אגוזי לוז לבן א,גרמים,270.00,100 גרם,false,1,23.90,8.85,true,1,
8001505002850,false,נוציולטה ממרח אגוזי לוז אורגני 700 גרם,ריג'וני דה אסינו,IT,נוציולטה ממרח אגוזי,גרמים,700.00,100 גרם,false,1,52.50,7.50,true,1,
8001505003963,false,ממרח אגוזי לוז קראנצי אורגני 270 גרם,,IT,ממרח אגוזי לוז קראנצ,גרמים,270.00,100 גרם,false,1,23.90,8.85,true,1,
8001620015636,false,"משקה פירות פרוטה-מיקס פירות 400 מ""ל סאן בנדטו",אקווה מינרלה סאן בנד,IT,סן בנדטו מיקס פירות,מיליליטרים,400.00,"100 מ""ל",false,1,7.90,1.98,true,1,
8001620019160,false,"סן בנדטו אפרסק 400 מ""ל 12 יח'",אקווה מינרלה סאן בנד,IT,סאן בנדטו אפרסק 400,מיליליטרים,400.00,"100 מ""ל",false,1,5.30,1.33,true,1,
8001620019177,false,"סן בנדטו ענבים 400 מ""ל 12 יח'",אקווה מינרלה סאן בנד,IT,סאן בנדטו ענבים 400,מיליליטרים,400.00,"100 מ""ל",false,1,5.30,1.33,true,1,
8001841669465,false,אריאל קפסולות לכביסה ג'ל 24 יח' בניחוח לנור,פרוקטר אנד גמבל,FR,קפסולות לכביסה אריאל,Unknown,0.00,Unknown,false,1,34.90,34.90,true,1,
8001841669519,false,אריאל קפסולות גל לכביסה 3ב1 רגיל 55 יח,פרוקטר אנד גמבל,FR,קפסולות לכביסה אריאל,יחידה,1.00,יחידה,false,1,66.90,66.90,true,1,
8001841941929,false,אולוויז לילה בטוח אקסטרה 16יח תחבושות ול,פרוקטר אנד גמבל,DE,תחבושות אולוויז וליו,Unknown,0.00,Unknown,false,1,19.90,19.90,true,1,
8001841960081,false,פיירי טבליות למדיח פלטינום הכל באחד - מארז 37 יח',פרוקטר אנד גמבל,BE,טבליות למדיח פלטינום,יחידה,1.00,יחידה,false,1,41.90,41.90,true,1,
8002200141837,false,קפה קימבו נאופלי אלומינ עוצמה 10 - 10 קפ,,,קפה קימבו נאופלי אלו,Unknown,0.00,Unknown,false,1,18.80,18.80,true,1,
8002200143206,false,קפה קימבו ריסטרטו אלומינ עוצמה 12 -10 קפ,,,קפה קימבו ריסטרטו אל,Unknown,0.00,Unknown,false,1,18.80,18.80,true,1,
8002213004068,false,קמח לפיצה ורוד 1 קג,,,"קמח לפיצה 1 ק""ג PZ2",גרמים,1000.00,100 גרם,false,1,12.90,1.29,true,1,
8002270166587,false,שישייה סאן פלגרינו פלסט 1 ליטר,,,שישייה סאן פלגרינו פ,ליטרים,0.01,ליטר,false,1,51.90,5190.00,true,1,
8002270236792,false,אסנזה משקה מוגז בטעם לימון גרידת לימון- שישייה,סן פלגרינו San Pellegrino,,שישיית סאן פלגרינו ל,מיליליטרים,3000.00,"100 מ""ל",false,1,31.90,1.06,true,1,
8002270436581,false,"שישיית מים סאן פלגרינו פלסט 500 מ""ל",סן-פלגרינו,IL,שישיית מים סאן פלגרי,מיליליטרים,3000.00,"100 מ""ל",false,1,27.90,0.93,true,1,
8002270846472,false,מים סאן פלגרינו פלסט 500 מל,סן-פלגרינו,IT,מים סאן פלגרינו פלסט,מיליליטרים,500.00,"100 מ""ל",false,1,5.20,1.04,true,1,
8002270866524,false,סאן פלנגרינו מים מינ,סן פלגרינו San Pellegrino,IL,סאן פלגרינו 1 ליטר,מיליליטרים,1000.00,"100 מ""ל",false,1,9.90,0.99,true,1,
8002670504286,false,גרנורולו מיני בורגר טבעוני 180 גרם,,IT,גרנורולו מיני בורגר,גרמים,180.00,100 גרם,false,1,27.90,15.50,true,1,
8003007800484,false,פסטה צוקה 4 טעמים 500 גרם,,IT,פסטה צוקה 4 טעמים,גרמים,500.00,100 גרם,false,1,16.90,3.38,true,1,
8003007810001,false,פסטה פנטה 4 טעמים 500 גרם,,IT,פסטה פנטה 4 טעמים 5,גרמים,500.00,100 גרם,false,1,16.90,3.38,true,1,
8003007817918,false,פסטה טראלורו לומקוני,,IT,פסטה לומקוני 500 גר,גרמים,500.00,100 גרם,false,1,16.90,3.38,true,1,
8003294540117,false,פילה טונה 2*100 גר,,,פילה טונה 2*100 גר,גרמים,200.00,100 גרם,false,1,35.90,17.95,true,1,
8003410249351,false,"סגפרדו, קפסולות קפה, ברזיל, עוצמה 8",,,"סגפרדו, קפסולות קפה,",גרמים,10.00,100 גרם,false,1,20.90,209.00,true,1,
8003445000859,false,סבון נסטי שמן זית לבנדר טבעי 100 גרם,,,סבון נסטי שמן זית לב,גרמים,100.00,100 גרם,false,1,12.90,12.90,true,1,
8003445000873,false,סבון נסטי שמן זית אלוורה טבעי 100 גרם,,,סבון נסטי שמן זית אל,גרמים,100.00,100 גרם,false,1,12.90,12.90,true,1,
8003445000880,false,סבון נסטי שמן זית ושמן ארגן טבעי 100 גרם,נסטי דנטה,IT,סבון נסטי שמן זית וש,גרמים,100.00,100 גרם,false,1,12.90,12.90,true,1,
8003445000972,false,סבון לחות טבעי אמור סרינטי ילנג יסמין ור,,IT,סבון לחות טבעי אמור,גרמים,170.00,100 גרם,false,1,19.90,11.71,true,1,
8003445001115,false,סבון לחות טבעי אמור רילקס ענבר לבנדר,,IT,סבון לחות טבעי אמור,גרמים,170.00,100 גרם,false,1,19.90,11.71,true,1,
8003445901002,false,נסטי סבון מרסיי לכביסה ידנית 2*150 גרם,,IT,נסטי סבון מרסיי לכבי,גרמים,300.00,100 גרם,false,1,19.90,6.63,true,1,
8003490037206,false,מאפה בצורת מקלות מלח 250 גר,,IT,רוברטו-מקלות גריסיני,גרמים,250.00,100 גרם,false,1,24.90,9.96,true,1,
8003490042804,false,רוברטו-מקלות גריסיני שמן זית 250 גר,,IT,רוברטו-מקלות גריסיני,גרמים,250.00,100 גרם,false,1,17.90,7.16,true,1,
8003490044501,false,רוברטו-מקלות מיני גריסיני מלוחים 150 גר,,IT,רוברטו-מקלות מיני גר,גרמים,150.00,100 גרם,false,1,12.90,8.60,true,1,
8004030044005,false,נתחי טונה בשמן זית ריו מרה 160 ג',"בולטון אלימנטרי בע""מ",IT,טונה בשמן זית ריו מר,גרמים,160.00,100 גרם,false,1,16.80,10.50,true,1,
8004030081024,false,נתחי טונה עם שום ופלפל אדום ריו מרה 160 ג',"בולטון אלימנטרי בע""מ",IT,טונה בשמן זית שום ופ,גרמים,160.00,100 גרם,false,1,16.80,10.50,true,1,
8004030102033,false,טונה בשמן זית עם מיץ לימון ופלפל שחור - מארז 3 יח',בולטון אלימנטרי,IT,טונה ריו מרה בשמן עם,גרמים,240.00,100 גרם,false,1,26.90,11.21,true,1,
8004030177000,false,טונה בשמן זית וצ'ילי ריו מרה מארז 80X3 גר',ריו מארה Rio Mare,IT,טונה בשמן זית עם ציל,גרמים,240.00,100 גרם,false,1,26.90,11.21,true,1,
8004030180000,false,טונה בשמן זית כתית ריו מרה 3*80 גרם,בולטון אלימנטרי,IT,טונה בשמן זית כתית ר,גרמים,240.00,100 גרם,false,1,31.50,13.13,true,1,
8004030344938,false,ריו מרה טונה בשמן זית 80 גרם*שלישייה,"בולטון אלימנטרי בע""מ",IT,שלישיית טונה ריו מרה,גרמים,240.00,100 גרם,false,1,26.90,11.21,true,1,
8004275058942,false,"שמן זית כתית מעולה 750 מ""ל CIRIO",,,שמן זית כתית מעולה 7,מיליליטרים,750.00,"100 מ""ל",false,1,38.90,5.19,true,1,
8004275059543,false,"חומץ בלסמי ממודנה גלייז 250 מ""ל CIRIO",,,חומץ בלסמי ממודנה,מיליליטרים,250.00,"100 מ""ל",false,1,20.90,8.36,true,1,
8004690278246,false,"קמח דורום איטלקי לפיצה 1 ק""ג",,IT,קמח דורום איטלקי לפי,גרמים,1000.00,100 גרם,false,1,10.40,1.04,true,1,
8004708018987,false,מלח ורוד הימלאיה במטחנה 90 ארומה דה טוסק,דרוגריה ואלימנטרי אס,IT,מלח ורוד הימלאיה במט,גרמים,90.00,100 גרם,false,1,14.20,15.78,true,1,
8004800000064,false,לאגו פלאסיר- גלילי ופל קרם קקאו בציפוי ש.חלב - 100 ג',לאגו,IT,גלילי וופל לאגו פלאס,גרמים,100.00,100 גרם,false,1,11.90,11.90,true,1,
8004800005526,false,וופל מיני רול גלילי ופל במילוי קרם קוקוס- 125 ג' לאגו,לגו גרופ ס.פ.א.,IT,גלילי ופל לאגו מיני,גרמים,125.00,100 גרם,false,1,10.90,8.72,true,1,
8004800008152,false,בישקוטים לאגו 200 גרם,,,בישקוטים לאגו 200 גר,גרמים,200.00,100 גרם,false,1,6.50,3.25,true,1,
8005085715445,false,קריספו- דובדבן מריר מצופה שוקו מריר 130,,,קריספו- דובדבן מריר,גרמים,130.00,100 גרם,false,1,16.70,12.85,true,1,
8005085719382,false,קריספו-לימון מסוכר מצופה שוקולד 130 גרם,,IT,קריספו-לימון מסוכר מ,גרמים,130.00,100 גרם,false,1,12.90,9.92,true,1,
8005085719429,false,קריספו-צימוקים מצופים שוקולד מריר 150 גר,,IT,קריספו-צימוקים מצופי,גרמים,150.00,100 גרם,false,1,12.90,8.60,true,1,
8005085726496,false,קריספו-ביצי ש.חלב ועדשי שוקולד 150 ג,,IT,קריספו-ביצי ש.חלב וע,גרמים,150.00,100 גרם,false,1,12.90,8.60,true,1,
8005110002243,false,רכז עגבניות Doppio Concentr בשפופרת 185 ג' MUTTI,"איי, בי, אינבוו",IT,רכז עגבניות DOPPIO ב,גרמים,185.00,100 גרם,false,1,7.50,4.05,true,1,
8005110060106,false,מארז זוג עגבניות מקולפות 400*2 גרם MUTTI,"איי, בי, אינבוו",IT,מארז זוג עגבניות מקו,גרמים,800.00,100 גרם,false,1,14.90,1.86,true,1,
8005110170300,false,עגבניות מרוסקות חתוכות מוטי MUTTI שלישיה *400,מוטי Mutti,IT,POLPA עגבניות חתוכות,גרמים,400.00,100 גרם,false,1,16.90,4.23,true,1,
8005110171215,false,עגבניות חתוכות 690 POLPAPEZZI ג' (כחול) MUTTI,"איי, בי, אינבוו",IT,POLPAPEZZI עגבניות ח,גרמים,500.00,100 גרם,false,1,14.90,2.98,true,1,
8005110191015,false,רסק עגבניות ובזיליקום 700 ג' (ירוק) MUTTI,"איי, בי, אינבוו",IT,רסק עגבניות ובזיליקו,גרמים,500.00,100 גרם,false,1,12.90,2.58,true,1,
8005110550508,false,עגבניות שרי 400 גרם MUTTI,,,עגבניות שרי 400 גרם,מיליליטרים,400.00,"100 מ""ל",false,1,9.40,2.35,true,1,
8005110551253,false,רוטב לפיצה להכנת פיצה איטלקית קלאסית,"איי, בי, אינבוו",IT,רוטב פיצה 400 גרם,גרמים,400.00,100 גרם,false,1,9.90,2.48,true,1,
8005360004639,false,רוטב עגבניות אורגני עם פלפלים 350 גרם,אף.סי תבליני בגליל ב,IT,רוטב עגבניות אורגני,גרמים,350.00,100 גרם,false,1,13.50,3.86,true,1,
8005390095331,false,יין סרטורי ואלפוליצלה קלאסיקו 750 מל,,,יין סרטורי ואלפוליצל,Unknown,0.00,Unknown,false,1,68.90,68.90,true,1,
8005469981602,false,פילה אנשובי איטלקי ש.חמניות 80 גר SCALIA,בנדטו סקילה,,פילה אנשובי איטלקי ש,גרמים,80.00,100 גרם,false,1,15.90,19.88,true,1,
8005803010357,false,גריסיני קלאסי עם שמן זית ומלח 125 גר,"אינסטנטה בע""מ",IT,גריסיני קלאסי עם שמן,גרמים,125.00,100 גרם,false,1,9.40,7.52,true,1,
8005803010371,false,מקלות גריסיני עם רוזמרין,"אינסטנטה בע""מ",IT,גריסיני רוזמרין 125,גרמים,125.00,100 גרם,false,1,9.40,7.52,true,1,
8005803010586,false,מקלות גריסיני בטעם פיצה,"הוסטה איטליה, ס.ר.ל.",IT,גריסיני פיצה 125 גר,גרמים,125.00,100 גרם,false,1,9.40,7.52,true,1,
8005803010661,false,אמור די פאן - שומשום 125 גרם,"הוסטה איטליה, ס.ר.ל.",IT,גריסיני שומשום 125,גרמים,125.00,100 גרם,false,1,9.40,7.52,true,1,
8006050090239,false,"חומץ בלסמי ממודנה מאצטי אורגני 500 מ""ל",יבואן ומשווק: ש. שסט,IT,חומץ בלסמי ממודנה מא,מיליליטרים,500.00,"100 מ""ל",false,1,31.50,6.30,true,1,
8006540425930,false,אריאל קפסולות לכביסה ג'ל 24 יח' לכתמים קשים,פרוקטר אנד גמבל,FR,קפסולות לכביסה אריאל,Unknown,0.00,Unknown,false,1,34.90,34.90,true,1,
8006540429327,false,פיירי מקס פאוור לימון עם מנגנון למניעת נזילות,פיירי Fairy,CZ,פיירי סבון כלים לימו,יחידה,1.00,יחידה,false,1,10.90,10.90,true,1,
8006643006067,false,עגבניות מרוסקות 400 גרם CHOPPED,,,עגבניות מרוסקות 400,גרמים,400.00,100 גרם,false,1,8.90,2.23,true,1,
8006922085349,false,גלידה משפחתית בטעם שמנת עם פירות יער סיווירו מאריה 2 ל',,,מעדן קפוא בטעם שמנת,גרמים,1000.00,100 גרם,false,1,52.50,5.25,true,1,
8007150909551,false,שמן בוטנים אולאיטליה 1 ליטר,,,שמן בוטנים אולאיטליה,מיליליטרים,1000.00,"100 מ""ל",false,1,43.90,4.39,true,1,
8007178120310,false,חומץ בלסמי ד'מודנה Giacobazzi,פטורייה ג'יאקובאזי ס,IT,חומץ בלסמי גקובזי 50,מיליליטרים,500.00,"100 מ""ל",false,1,21.90,4.38,true,1,
8007270501017,false,"שמן זית קוסטה דאורו 750 מ""ל",,IT,שמן זית קוסטה דאורו,מיליליטרים,750.00,"100 מ""ל",false,1,46.90,6.25,true,1,
8007270701059,false,"שמן זית לא מסונן קוסטה דאורו 750 מ""ל",,IT,שמן זית לא מסונן קוס,מיליליטרים,750.00,"100 מ""ל",false,1,44.90,5.99,true,1,
8007270999012,false,שמן גרעיני ענבים 1 ליטר,קוסטה דיאורו,IT,שמן גרעיני ענבים 1 ל,מיליליטרים,1000.00,"100 מ""ל",false,1,41.90,4.19,true,1,
8008620009276,false,קריץ-קרקר מלוח 500 גרם,,IT,קריץ קרקר מלוח 500 ג,גרמים,500.00,100 גרם,false,1,17.50,3.50,true,1,
8008660210021,false,מעדן ריבה מנץ אנד גאססר דובדבן 300 גר,שוורצקוף& הנקל דיסלד,IT,מעדן ריבה מנץ אנד גא,גרמים,300.00,100 גרם,false,1,18.80,6.27,true,1,
8008660210038,false,מעדן ריבה מנץ אנד גאססר תות שדה 300 גר,קריניציה ויטמינה אס,IT,מעדן ריבה מנץ אנד גא,גרמים,300.00,100 גרם,false,1,18.80,6.27,true,1,
8008660210045,false,מעדן ריבה מנץ אנד גאססר פירות יער 300 גר,שוורצקוף& הנקל דיסלד,IT,מעדן ריבה מנץ אנד גא,גרמים,300.00,100 גרם,false,1,18.80,6.27,true,1,
8008698002049,false,קרקרים עגולים ללא גלוטן,ס.ר.ל פוסטל,IT,קרקרים עגולים 175 גר,גרמים,175.00,100 גרם,false,1,23.90,13.66,true,1,
8008698002599,false,לחם הבית פרוס ללא גל,דר שר,IT,SCHAR לחם הבית 240 ג,גרמים,240.00,100 גרם,false,1,22.90,9.54,true,1,
8008698002810,false,"עוגה אישית לל""ג שר 10*35 גרם",,IT,"עוגה אישית לל""ג שר 1",גרמים,350.00,100 גרם,false,1,32.90,9.40,true,1,
8008698003152,false,"SCHAR גבטה כפרית לל""ג 250 גרם",,DE,"SCHAR גבטה כפרית לל""",גרמים,250.00,100 גרם,false,1,22.90,9.16,true,1,
8008698003503,false,עוגיות שיבולת שועל עם צימוקים 250 גר,"דר שר ס.ר.ל פוסטל, א",IT,קרקרים 210 גרם,גרמים,210.00,100 גרם,false,1,32.50,15.48,true,1,
8008698003961,false,SCHAR שוקו סטיק ללא גלוטן 150 גרם,schar,DE,SCHAR שוקו סטיק ללא,גרמים,150.00,100 גרם,false,1,22.90,15.27,true,1,
8008698004630,false,עוגיות דבל שוקולד 250 גרם,ס.ר.ל פוסטל,DE,עוגיות דבל שוקולד 25,גרמים,250.00,100 גרם,false,1,28.50,11.40,true,1,
8008698004807,false,תערובת קמחים לאפיית לחם ל.גלוטן 1020קג,ס.ר.ל פוסטל,AT,תערובת קמחים לאפיית,גרמים,1000.00,100 גרם,false,1,30.90,3.09,true,1,
8008698004852,false,תערובת קמחים לאפיית עוגות ללא גלוטן 1קג,"ד""ר שר ס.ר.ל",,תערובת קמחים לאפיית,גרמים,1000.00,100 גרם,false,1,30.90,3.09,true,1,
8008698005231,false,עוגיות סנדוויץ בטעם שוקולד ממולאות קרם חלב ללא גלוט,שר Schar,IT,עוגיות שוקולד שר 165,גרמים,165.00,100 גרם,false,1,20.90,12.67,true,1,
8008698005347,false,ביסקוטי מצופות שוקולד ללא גלוטן 150 ג',שר Schar,IT,ביסקוטי שוקולד שר 15,גרמים,150.00,100 גרם,false,1,15.90,10.60,true,1,
8008698008157,false,שר עוגיות שוקולד במילוי קרם שמנת ללא גלוטן 100 גר',דר שר ס.ר.ל פוסטל,IT,עוגיות דבל וניל 100,גרמים,100.00,100 גרם,false,1,12.90,12.90,true,1,
8008698010259,false,לחמניות גבטה ללא גךל,,DE,"SCHAR גבטה לל""ג 200",גרמים,200.00,100 גרם,false,1,22.90,11.45,true,1,
8008698010358,false,תערובת קמחים ללא גלוטן 500 גר SCHAER,"ד""ר שר ס.ר.ל",IT,תערובת קמחים ללא גלו,גרמים,500.00,100 גרם,false,1,16.90,3.38,true,1,
8008698012857,false,שר ביסקוויט פתי בר חמאה ללא גלוטן 165 ג',ס.ר.ל פוסטל,IT,ביסקויטים פתי בר שר,גרמים,165.00,100 גרם,false,1,20.80,12.61,true,1,
8008698013021,false,עוגיות ללא גלוטן עם שבבי שוקולד מריר,דר שר פוסטל,IT,עוגיות שוק. ציפס ללא,גרמים,100.00,100 גרם,false,1,12.90,12.90,true,1,
8008698024065,false,לחם ללא גלוטן פאן בלנקו 250 גר,schar,IT,לחם ללא גלוטן פאן בל,גרמים,250.00,100 גרם,false,1,19.80,7.92,true,1,
8008698024140,false,לחם ללא גלוטן פאן מולטי גראנו 250 גר,schar,DE,לחם ללא גלוטן פאן מו,גרמים,250.00,100 גרם,false,1,19.80,7.92,true,1,
8008698024188,false,לחם ללא גלוטן פאן רוסטיקו 250 גר,schar,DE,לחם ללא גלוטן פאן רו,גרמים,250.00,100 גרם,false,1,19.80,7.92,true,1,
8008698029503,false,"חטיף כדורי דגנים שוקולד לל""ג 37 גרם",,IT,חטיף כדורי דגנים שוק,גרמים,37.00,100 גרם,false,1,8.90,24.05,true,1,
8008698031032,false,"חטיף קרוויס בטעם ברביקיו לל""ג 170 גרם",,FR,חטיף קרוויס בטעם ברב,גרמים,170.00,100 גרם,false,1,19.90,11.71,true,1,
8008698031056,false,"חטיף קרוויס טבעי לל""ג 170 גרם",,FR,"חטיף קרוויס טבעי לל""",גרמים,170.00,100 גרם,false,1,19.90,11.71,true,1,
8008698032084,false,SCHAR עוגיות מיני חברים 125 גרם,,DE,SCHAR עוגיות מיני חב,גרמים,125.00,100 גרם,false,1,12.90,10.32,true,1,
8008698033876,false,SCHAR קרקר בתוספת דגנים 210 גרם,,DE,SCHAR קרקר בתוספת דג,גרמים,210.00,100 גרם,false,1,29.90,14.24,true,1,
8008698054109,false,ממרח אגוזי לוז קקאו ומקלות אפויים 52 גר,"ד""ר שר ס.ר.ל",IT,ממרח אגוזי לוז קקאו,גרמים,52.00,100 גרם,false,1,12.90,24.81,true,1,
8008825012545,false,מחית עגבניות/זרעים 690 גרם Rodolfi,,,מחית עגבניות/זרעים 6,גרמים,690.00,100 גרם,false,1,12.00,1.74,true,1,
8008857114484,false,"פסטה פוזילי לל""ג רגיה 400 גרם",רגיה,IT,"פסטה פוזילי לל""ג רגי",גרמים,400.00,100 גרם,false,1,9.90,2.48,true,1,
8008990001245,false,שלושה ספוגי קירצוף עם ידית אחיזה,,,שלושה ספוגי קירצוף ע,Unknown,0.00,Unknown,false,1,6.50,6.50,true,1,
8008990012715,false,שלושה ספוגי קירצוף ירוקים,,,שלושה ספוגי קירצוף י,Unknown,0.00,Unknown,false,1,6.50,6.50,true,1,
8009470009164,false,סימבה שימורים לכלבים כבש 415 ג',,,סימבה לכלב כבש 415,גרמים,400.00,100 גרם,false,1,4.00,1.00,true,1,
8009915000039,false,פסטה קפליני ללא גלוטן 250 גר (12) (3),לה וואניציאני La Venezian,,פסטה קפליני ללא גלוט,גרמים,250.00,100 גרם,false,1,14.90,5.96,true,1,
8009915000305,false,פולנטה צהובה 500 גרם,,,פולנטה צהובה 500 גרם,גרמים,500.00,100 גרם,false,1,15.90,3.18,true,1,
8009915000701,false,פסטה תירס ריגוטיני ללא גלוטן,לה וואניציאני La Venezian,,פסטה ריגטוני ללא גלו,גרמים,250.00,100 גרם,false,1,14.90,5.96,true,1,
8009915008912,false,מיני גריסיני ללא גלוטן עם זרעי צ'יה ושומשום 250,מולינו דה פירו,,מיני גריסיני ל.גלוטן,גרמים,250.00,100 גרם,false,1,17.90,7.16,true,1,
8010024006003,false,חמאת שקדים 100% 250 גרם השקד,,,חמאת שקדים 100% 250,גרמים,250.00,100 גרם,false,1,31.90,12.76,true,1,
8010024006010,false,חמאת שקדים 100% 350 גרם השקד,תות תעשיות מזון (201,IT,חמאת שקדים 100% 350,גרמים,350.00,100 גרם,false,1,43.90,12.54,true,1,
8013399145278,false,דיאטורל סוכריות סטיביה ליקוריץ רך 70 גרם,דיאטורל Dietorelle,IT,סוכריות סטיביה,Unknown,0.00,Unknown,false,1,12.60,12.60,true,1,
8014601026354,false,"קמח ""00"" איטלקי לפיצה שף אדום 1 ק""ג",קאפוטו,IT,"קמח ""00"" איטלקי לפיצ",גרמים,1000.00,100 גרם,false,1,15.60,1.56,true,1,
8015997000133,false,מאריני-קנטוצ'יני עוגיות עם שקדים 200 גר',,IT,מאריני-קנטוציני עוגי,גרמים,200.00,100 גרם,false,1,14.60,7.30,true,1,
8016744802130,false,צבע לשיער טבעי N7,,,צבע לשיער טבעי N7,Unknown,0.00,Unknown,false,1,59.90,59.90,true,1,
8016744802147,false,צבע לשיער טבעי N 6,,,צבע לשיער טבעי N 6,Unknown,0.00,Unknown,false,1,59.90,59.90,true,1,
8016744802185,false,צבע לשיער טבעי N2,,,צבע לשיער טבעי N2,Unknown,0.00,Unknown,false,1,59.90,59.90,true,1,
8016744802192,false,צבע לשיער טבעי N1,,,צבע לשיער טבעי N1,Unknown,0.00,Unknown,false,1,59.90,59.90,true,1,
8016867002646,false,מגן תחתון אורגניק ארוך במיוחד 20 יח,CORMAN,IT,מגן תחתון אורגניק אר,Unknown,0.00,Unknown,false,1,22.90,22.90,true,1,
8016867007023,false,צמרונים אורגניק ביוטי 200 יח,CMC Gmbh,TR,צמרונים אורגניק ביוט,Unknown,0.00,Unknown,false,1,13.90,13.90,true,1,
8016867007382,false,טמפון קומפקט סופר עם מוליך 16 יח,,IT,טמפון קומפקט סופר עם,Unknown,0.00,Unknown,false,1,36.90,36.90,true,1,
8016867008945,false,מגן תחתון 24 אורגניק באריזת תפזורת,corman,IT,מגן תחתון 24 אורגניק,Unknown,0.00,Unknown,false,1,22.90,22.90,true,1,
8016867008969,false,טמפונים עם מוליך סופר אורגניק,COTTON HITEC,DE,טמפונים עם מוליך סופ,Unknown,0.00,Unknown,false,1,34.90,34.90,true,1,
8016867009935,false,תחבושות דקות 03 לזרימה מוגברת אורגניק,corman,IT,תחבושות דקות 03 לזרי,Unknown,0.00,Unknown,false,1,29.90,29.90,true,1,
8016867009942,false,תחבושות דקות 02 לזרימה רגילה אורגניק,corman,IT,תחבושות דקות 02 לזרי,Unknown,0.00,Unknown,false,1,29.90,29.90,true,1,
8017070766554,false,קרקר סקיני קלאסי 150 גרם,,IT,קרקרים קלאסיים 150 ג,גרמים,150.00,100 גרם,false,1,10.90,7.27,true,1,
8017070766578,false,קרקרים בתיבול עגבניות ואורגנו 150 גרם,,IT,קרקרים בתיבול עגבניו,גרמים,150.00,100 גרם,false,1,10.90,7.27,true,1,
8017938005184,false,"חומץ תפוחים אורגני 750 מ""ל",,,חומץ תפוחים אורגני 7,מיליליטרים,750.00,"100 מ""ל",false,1,16.90,2.25,true,1,
8017938005764,false,מיץ תפוחים אורגני 100% 1 ליטר נטורפוד,לוצ'ה מריה,IT,מיץ תפוחים אורגני 10,מיליליטרים,1000.00,"100 מ""ל",false,1,19.90,1.99,true,1,
8018102000110,false,ריזוטו ארבוריו סופרפינו 500 גרם,,,ריזוטו ארבוריו סופרפ,גרמים,500.00,100 גרם,false,1,18.90,3.78,true,1,
8019428000013,false,משקה אורז אורגני 1 ליטר,the bridge,IT,משקה אורז אורגני 1 ל,מיליליטרים,1000.00,"100 מ""ל",false,1,13.90,1.39,true,1,
8019428000099,false,משקה אורז אורגני בתוספת שקדים 1 ליטר,the bridge,IT,משקה אורז אורגני בתו,מיליליטרים,1000.00,"100 מ""ל",false,1,14.60,1.46,true,1,
8019428000105,false,משקה שיבולת שועל אורגני 1 ליטר,the bridge,IT,משקה שיבולת שועל אור,מיליליטרים,1000.00,"100 מ""ל",false,1,13.90,1.39,true,1,
8019428004059,false,"משקה אורז אורגני 250 מ""ל",,,משקה אורז אורגני 250,מיליליטרים,250.00,"100 מ""ל",false,1,5.50,2.20,true,1,
8019428004066,false,"משקה אורז שקדים אורגני 250 מ""ל",,,משקה אורז שקדים אורג,מיליליטרים,250.00,"100 מ""ל",false,1,5.50,2.20,true,1,
8019428005001,false,שמנת אורגנית לבישול על בסיס ש.שועל 240 מ,,,שמנת אורגנית לבישול,מיליליטרים,240.00,"100 מ""ל",false,1,10.90,4.54,true,1,
8019428005032,false,תחליף שמנת עב סויה אורגני 200 גרם,,IT,תחליף שמנת עב סויה א,מיליליטרים,200.00,"100 מ""ל",false,1,10.90,5.45,true,1,
8019428007005,false,משקה סויה אורגני 1 ליטר,the bridge,IT,משקה סויה אורגני 1 ל,מיליליטרים,1000.00,"100 מ""ל",false,1,12.50,1.25,true,1,
8019428007111,false,משקה שקדים אורגני 1 ליטר,THE BRIDGE,IT,משקה שקדים אורגני 1,מיליליטרים,1000.00,"100 מ""ל",false,1,21.90,2.19,true,1,
8019428007289,false,משקה שקדים ללא סוכר,,,משקה שקדים ללא סוכר,מיליליטרים,1000.00,"100 מ""ל",false,1,16.70,1.67,true,1,
8021274001007,false,קמח פסטה פרסקה 1 קג STAGIONI 5,,,"קמח פסטה פרסקה 1 ק""ג",קילוגרמים,0.00,"ק""ג",false,1,14.90,14.90,true,1,
8021274041003,false,"קמח רוסו 1 ק""ג STAGIONI 5",,,"קמח רוסו 1 ק""ג STAG",גרמים,1000.00,100 גרם,false,1,14.90,1.49,true,1,
8021274070010,false,קמח לבן פיצה נפוליטנה 1 קג STAGIONI 5,,,קמח לבן פיצה נפוליטנ,גרמים,1000.00,100 גרם,false,1,14.90,1.49,true,1,
8022734000103,false,"חומץ בלסמי ממודנה 250 מ""ל ORO",,,חומץ בלסמי ממודנה 25,מיליליטרים,250.00,"100 מ""ל",false,1,102.90,41.16,true,1,
8023678164517,false,"משקה שקדים אורגני ללת""ס 1 ליטר isola",איזולה ביו Isola Bio,IT,משקה שקדים אורגני לל,ליטרים,0.00,ליטר,false,1,16.70,16.70,true,1,
8023678728269,false,משקה קוקוס אורגני 1,איזולה ביו Isola Bio,IT,משקה קוקוס 1 ליטר,ליטרים,1.00,ליטר,false,1,15.90,15.90,true,1,
8024046201018,false,מחית אורגנית שזיפים 120 גרם,,IT,מחית אורגנית שזיפים,גרמים,120.00,100 גרם,false,1,6.20,5.17,true,1,
8024046202015,false,"מחית אורגנית תפו""ע תות שדה ובננה 120 גרם",,IT,"מחית אורגנית תפו""ע ת",גרמים,120.00,100 גרם,false,1,6.20,5.17,true,1,
8024046203012,false,מחית אורגנית תפוחי עץ ואוכמניות 120 גר,,IT,מחית אורגנית תפוחי ע,גרמים,120.00,100 גרם,false,1,6.20,5.17,true,1,
8024046204019,false,מחית אורגנית גזר משמש ודלעת 120 גרם,,IT,מחית אורגנית גזר משמ,גרמים,120.00,100 גרם,false,1,6.20,5.17,true,1,
8024046205016,false,מחית אורגנית תפוחי עץ קיווי ותרד 120 ג,דולפין ספא,IT,מחית אורגנית תפוחי ע,גרמים,120.00,100 גרם,false,1,6.20,5.17,true,1,
8024985000062,false,מחית תפוח אורגני 100% פרי 200 גר נטורה,"נטורפוד בע""מ",IT,מחית תפוח אורגני,גרמים,200.00,100 גרם,false,1,9.90,4.95,true,1,
8024985000079,false,מחית תפוח משמש 100% פרי 200 ג נטורה נובה,נטורה נובה,IT,מחית תפוח משמש 100%,גרמים,200.00,100 גרם,false,1,9.90,4.95,true,1,
8024985000109,false,מחית אגס אורגנ 100% פרי 200 ג נטורה נובה,נטורה נובה,IT,מחית אגס אורגנ 100%,גרמים,200.00,100 גרם,false,1,9.90,4.95,true,1,
8024985002783,false,סמוזי נטורה נובה גזר ודלעת 100 גרם,נטורה נובה,,סמוזי נטורה נובה גזר,גרמים,100.00,100 גרם,false,1,5.90,5.90,true,1,
8024985002912,false,סמוזי אגס בטטה 100 גר נטורה נובה,נטורה נובה,IT,סמוזי אגס בטטה 100 ג,גרמים,100.00,100 גרם,false,1,5.90,5.90,true,1,
8024985002943,false,סמוזי נטורה נובה תפוח אננס קוקוס 100 גרם,נטורה נובה,IT,סמוזי נטורה נובה תפו,גרמים,100.00,100 גרם,false,1,5.90,5.90,true,1,
8024985002950,false,סמוזי שזיף אורגני 100 גרם,נטורה נובה,IT,סמוזי שזיף אורגני 10,גרמים,100.00,100 גרם,false,1,5.90,5.90,true,1,
8024985002967,false,סמוזי נטורה נובה בננה תרד 100 גרם,נטורה נובה,IT,סמוזי נטורה נובה בננ,גרמים,100.00,100 גרם,false,1,5.90,5.90,true,1,
8024985003988,false,סמוזי תפוח בננה 100 גר נטורה נובה,נטורה נובה,IT,סמוזי תפוח בננה 100,גרמים,100.00,100 גרם,false,1,5.90,5.90,true,1,
8024985004299,false,סמוזי מעורב תפוח/פירות רביעיה 400 גר,נטורה נובה,,סמוזי מעורב תפוח/פיר,גרמים,400.00,100 גרם,false,1,22.90,5.73,true,1,
8024985004305,false,סמוזי תפוח רביעיה 400 גר נטורה נובה,נטורה נובה,IT,סמוזי תפוח רביעיה 40,גרמים,400.00,100 גרם,false,1,22.90,5.73,true,1,
8024985005234,false,סמוזי נטורה נובה סמוצי תפוח מנגו 100 גרם,נטורה נובה,IT,מחית נטורה נובה סמוצ,גרמים,100.00,100 גרם,false,1,5.90,5.90,true,1,
8024985005296,false,סמוזי אגס בננה תפוח וקינואה אורגני,נטורה נובה,IT,סמוזי אגס בננה תפוח,גרמים,120.00,100 גרם,false,1,7.50,6.25,true,1,
8024985005302,false,סמוזי תפוח רימון פטל אוכמניות אורגני,נטורה נובה,IT,סמוזי תפוח רימון פטל,גרמים,120.00,100 גרם,false,1,7.50,6.25,true,1,
8024985006309,false,סמוזי מנגו רביעיה 400 גר נטורה נובה,נטורה נובה,IT,סמוזי מנגו רביעיה 40,גרמים,400.00,100 גרם,false,1,22.90,5.73,true,1,
8024985008037,false,סמוזי נטורה נובה סמוצי תפוח 100 גרם,"נטורפוד בע""מ",IT,מחית נטורה נובה סמוצ,גרמים,100.00,100 גרם,false,1,5.90,5.90,true,1,
8024985008044,false,סמוזי נטורה נובה סמוצי אגס 100 גרם,"נטורפוד בע""מ",IT,מחית נטורה נובה סמוצ,גרמים,100.00,100 גרם,false,1,5.90,5.90,true,1,
8024985008051,false,סמוזי נטורה נובה סמוצי פירות אדומים 100,"נטורפוד בע""מ",IT,מחית נטורה נובה סמוצ,גרמים,100.00,100 גרם,false,1,5.90,5.90,true,1,
8024985011204,false,סמוזי תפוח תות בננה 100 גר נטורה נובה,נטורה נובה,IL,סמוזי תפוח תות בננה,גרמים,100.00,100 גרם,false,1,5.90,5.90,true,1,
8030243010261,false,5.06 ביוקאפ נוטריקול,,,5.06 ביוקאפ נוטריקול,Unknown,0.00,Unknown,false,1,63.90,63.90,true,1,
8030243010391,false,8.0 ביוקאפ נוטריקולו,,,8.0 ביוקאפ נוטריקולו,Unknown,0.00,Unknown,false,1,63.90,63.90,true,1,
8030243015259,false,ביוקאפ דליקטו מהיר צבע חום עדין,,,ביוקאפ דליקטו מהיר צ,מיליליטרים,135.00,"100 מ""ל",false,1,63.90,47.33,true,1,
8030243015280,false,ביוקאפ דליקטו מהיר צבע בלונדיני טבעי,,,ביוקאפ דליקטו מהיר צ,מיליליטרים,135.00,"100 מ""ל",false,1,63.90,47.33,true,1,
8030243021144,false,4.05 ביוקאפ דליקטו מהיר צבע שוקולד ערמו,,,4.05 ביוקאפ דליקטו,Unknown,0.00,Unknown,false,1,63.90,63.90,true,1,
8030243021182,false,ביוקאפ דליקטו מהיר צבע אדום רובי 6.66,,,ביוקאפ דליקטו מהיר צ,Unknown,0.00,Unknown,false,1,63.90,63.90,true,1,
8030316001011,false,מונטאלבאנו פינו גריגיו 750 מל אורגני,,,מונטאלבאנו פינו,מיליליטרים,750.00,"100 מ""ל",false,1,65.90,8.79,true,1,
8032523531299,false,ממרח קקאו עם אגוזי לוז 200 גרם,,IT,ממרח קקאו עם אגוזי ל,גרמים,200.00,100 גרם,false,1,25.90,12.95,true,1,
8032685196770,false,עגבניות אורגניות מקולפות 400 גרם SOLANIA,סולניה,IT,עגבניות אורגניות מקו,גרמים,400.00,100 גרם,false,1,7.50,1.88,true,1,
8032804430471,false,פליסיה פסטה סדניני עדשים אורגני 250 גרם,אף.סי תבליני בגליל ב,IT,פליסיה פסטה סדניני ע,גרמים,250.00,100 גרם,false,1,15.60,6.24,true,1,
8032804430501,false,פליסיה פסטה פוזילי אפונה אורגני 250 גרם,אף.סי תבליני בגליל ב,IT,פליסיה פסטה פוזילי א,גרמים,250.00,100 גרם,false,1,15.60,6.24,true,1,
8032804431287,false,ספגטי אורז מלא אורגני 400 גרם פליסיה,פליסיה Felicia Bio,IT,ספגטי אורז מלא אורגנ,גרמים,400.00,100 גרם,false,1,16.90,4.23,true,1,
8032804435643,false,פוזילי אורז מלא אורגני 340 גרם פליסיה,פליסיה Felicia Bio,,פוזילי אורז מלא אורג,גרמים,340.00,100 גרם,false,1,13.90,4.09,true,1,
8032880800243,false,פיקניק הפתעה 50 גרם-איגוד רבנים,"הוסטה איטליה, ס.ר.ל.",IT,פיקניק הפתעה 50 גרם,גרמים,50.00,100 גרם,false,1,7.90,15.80,true,1,
8033020445973,false,"PIVETTI קמח 00 לכל מטרה 1 ק""ג",פיווטי Pivetti,IT,PIVETTI קמח 00 לכל מ,גרמים,1000.00,100 גרם,false,1,7.90,0.79,true,1,
8033020445980,false,"קמח לפסטה 1 pasta fresca ק""ג 00 PIVETTI",PIVETTI,IT,PIVETTI קמח לפסטה 00,גרמים,1000.00,100 גרם,false,1,13.50,1.35,true,1,
8033020445997,false,"קמח איטלקי ללחמים 1 ק""ג 0 PIVETTI",PIVETTI,IT,PIVETTI קמח איטלקי ל,גרמים,1000.00,100 גרם,false,1,11.40,1.14,true,1,
8033087771381,false,ניוקי ללא גלוטן לה ניוקריה 500 גרם,,,ניוקי ללא גלוטן לה נ,גרמים,500.00,100 גרם,false,1,18.50,3.70,true,1,
8034023209104,false,רבעי ארטישוק 280 גרם TERRE,,,רבעי ארטישוק 280 גרם,גרמים,280.00,100 גרם,false,1,18.70,6.68,true,1,
8034023209180,false,ארטישוק בגריל 290 גרם TERRE,,,ארטישוק בגריל 290 גר,גרמים,290.00,100 גרם,false,1,18.10,6.24,true,1,
8050534144246,false,"פסטה קמח תירס ואמרנט לל""ג אורגני 250 גר",,IT,פסטה קמח תירס ואמרנט,גרמים,250.00,100 גרם,false,1,15.90,6.36,true,1,
8050534144550,false,"פסטה אפונה ירוקה לל""ג אורגני 250 גר",,IT,"פסטה אפונה ירוקה לל""",גרמים,250.00,100 גרם,false,1,15.90,6.36,true,1,
8052440756216,false,שמן חמניות אורגני כבישה קרה 1 ליטר,תות תעשיות מזון (201,IT,שמן חמניות אורגני כב,מיליליטרים,1000.00,"100 מ""ל",false,1,35.50,3.55,true,1,
8052440756315,false,שמן קנולה אורגני 1 ליטר נטורפוד,תות תעשיות מזון (201,IT,שמן קנולה אורגני 1 ל,ליטרים,0.00,ליטר,false,1,35.50,35.50,true,1,
8056732080713,false,פיו בואנו ברוסקטה בצ,,IT,פיו בואנו ברוסקטה בצ,Unknown,0.00,Unknown,false,1,10.90,10.90,true,1,
8056732080720,false,פיו בואנו קרוסטיני ח,,IT,פיו בואנו קרוסטיני ח,Unknown,0.00,Unknown,false,1,10.90,10.90,true,1,
8076800195019,false,ברילה - צ.א ספגטי מס1 קפליני 500 גרם,ברילה גי.אי.אר פרטלי,IT,ספגטי מס 1 קפליני 5,גרמים,500.00,100 גרם,false,1,6.90,1.38,true,1,
8076800195033,false,ברילה - צ.א ספגטיני מס3 חדש 500 גרם,ברילה גי.אי.אר פרטלי,IT,ספגטי ברילה מס 3 ברי,גרמים,500.00,100 גרם,false,1,6.90,1.38,true,1,
8076800195057,false,ברילה - צ.א ספגטי מס5 חדש 500 גרם,ברילה גי.אי.אר פרטלי,IT,ספגטי ברילה מס 5 ברי,גרמים,500.00,100 גרם,false,1,6.90,1.38,true,1,
8076800195132,false,ברילה - צ.א בבטה מס13 500 גרם,ברילה גי.אי.אר פרטלי,IT,פסטה ברילה מס 13,גרמים,500.00,100 גרם,false,1,6.90,1.38,true,1,
8076800315097,false,ברילה - צ.א בוקטיני מס9 500 גרם,ברילה גי.אי.אר פרטלי,IT,ספגטי ברילה בוקטיני,גרמים,500.00,100 גרם,false,1,6.90,1.38,true,1,
8076802085738,false,ברילה - צ.ק פנה רגטה חדש 500 גרם,ברילה גי.אי.אר פרטלי,IT,פסטה ברילה פנה רגטה,גרמים,500.00,100 גרם,false,1,6.90,1.38,true,1,
8076802085837,false,ברילה - צ.ק טורטליוני מס83 500 גרם,הנסיך- מפעל לייצור ט,IT,פסטה ברילה טורטליוני,גרמים,500.00,100 גרם,false,1,6.90,1.38,true,1,
8076802085981,false,ברילה - צ.ק פוזילי חדש 500 גרם,ברילה גי.אי.אר פרטלי,IT,פסטה ברילה פוזילי מס,גרמים,500.00,100 גרם,false,1,6.90,1.38,true,1,
8076808050440,false,ברילה - צ.ק מקרוני מס44 500 גרם,ברילה Barilla,IT,פסטה ברילה מקרוני,גרמים,500.00,100 גרם,false,1,6.90,1.38,true,1,
8076808060654,false,ברילה - צ.ק פרפלה חדש 500 גרם,ברילה גי.אי.אר פרטלי,IT,ברילה פרפלה מס 65,גרמים,500.00,100 גרם,false,1,6.90,1.38,true,1,
8076808070882,false,פסטה למילוי קנלוני 250 גר,פאסטיפיקו ריגו אס.אר,IT,פסטה למילוי קנלוני 2,גרמים,500.00,100 גרם,false,1,16.70,3.34,true,1,
8076808150072,false,ברילה - צ.א ספגטוני מס7 חדש 500 גרם,ברילה גי.אי.אר פרטלי,IT,ספגטי ברילה מס 7 ברי,גרמים,500.00,100 גרם,false,1,6.90,1.38,true,1,
8076809512268,false,ברילה - צ.ק גירנדולה חדש 500 גרם,ברילה גי.אי.אר פרטלי,IT,ברילה גירנדולה מס 34,גרמים,500.00,100 גרם,false,1,6.90,1.38,true,1,
8076809513654,false,בסיס רוטב עגבניות לבולונז 400 גרם ברילה,ברילה גי.אי.אר פרטלי,IT,בסיס רוטב עגבניות לב,גרמים,400.00,100 גרם,false,1,14.90,3.73,true,1,
8076809513692,false,רוטב עגבניות נפולטנה בתוספת ירקות,ברילה גי.אי.אר פרטלי,IT,רוטב נפוליטנה 400 גר,גרמים,400.00,100 גרם,false,1,14.90,3.73,true,1,
8076809513739,false,ברילה רוטב עגבניות עם בזיליקום 400 גרם,ברילה גי.אי.אר פרטלי,IT,רוטב בזיליקום 400 גר,גרמים,400.00,100 גרם,false,1,14.90,3.73,true,1,
8076809523561,false,ברילה - רוטב פסטה בטעם טוסקנה 400 גרם,ברילה גי.אי.אר פרטלי,IT,רוטב פסטה בטעם פיצה,גרמים,400.00,100 גרם,false,1,14.90,3.73,true,1,
8076809523714,false,"פסטה ברילה טליאטלה, 500 ג'","ש. שסטוביץ בע""מ",IT,ברילה איטריות 500 גר,גרמים,500.00,100 גרם,false,1,22.90,4.58,true,1,
8076809523738,false,פסטה ברילה לזניה 500ג',ברילה גי.אי.אר פרטלי,IT,ברילה לזניה 500 גרם,גרמים,500.00,100 גרם,false,1,21.70,4.34,true,1,
8076809529419,false,ספגטי מחיטה מלאה מס' 5 500 ג' ברילה,ברילה גי. אי. אר פרט,IT,ספגטי חיטה מלאה 500,גרמים,500.00,100 גרם,false,1,12.90,2.58,true,1,
8076809545440,false,ברילה ספגטי ללא גלוטן 400 גרם,"ש. שסטוביץ בע""מ",IT,ברילה ספגטי,גרמים,400.00,100 גרם,false,1,14.90,3.73,true,1,
8076809545464,false,ברילה פסטה ללא גלוטן צורת ספירלי 400 גר,מולינו אנדריאני אס.א,IT,ברילה פסטה ללא גלוטן,גרמים,400.00,100 גרם,false,1,14.90,3.73,true,1,
8076809580762,false,רוטב פסטו ברילה 190 גר GENOVESE,,IT,רוטב פסטו ברילה 190,גרמים,190.00,100 גרם,false,1,18.80,9.89,true,1,
8410001109978,false,ספוגי קרצוף ללכלוך קשה זוג,3m,TR,ספוגי קרצוף ללכלוך ק,Unknown,0.00,Unknown,false,1,12.90,12.90,true,1,
8410001134864,false,זוג ספוגים לניקוי קשה שמזון אינו נלכד בתוכו,3m,US,זוג ספוגים לניקוי קש,יחידה,1.00,יחידה,false,1,15.90,15.90,true,1,
8410013006142,false,יין קודורניו קלאסיקו קאווה רוזה יבש 750,,,יין קודורניו קלאסיקו,Unknown,0.00,Unknown,false,1,46.90,46.90,true,1,
8410031934892,false,סוכריות צופה צופ מלודי רביעייה 60 גרם,פרפטי ואן מלה,RU,סוכריות צופה צופ מלו,גרמים,60.00,100 גרם,false,1,10.40,17.33,true,1,
8410076600479,false,נייטשר וואלי ש.שועל ושבבי שוקולד 210 גר,,,נייטשר וואלי ש.שועל,גרמים,210.00,100 גרם,false,1,17.90,8.52,true,1,
8410076600790,false,נייצ'ר ואלי - חטיף שיבולת שועל עם דבש 210 גרם 1/5,ג'נרל מילס,ES,נייטשר וואלי שיבולת,גרמים,210.00,100 גרם,false,1,17.90,8.52,true,1,
8410076600806,false,נייצ'ר וואלי - חטיף שיבולת שועל סירוף מייפל 210 גרם 1/5,ג'נרל מילס,ES,נייטשר וואלי חטיף שי,גרמים,210.00,100 גרם,false,1,17.90,8.52,true,1,
8410076601254,false,נייטשר וואלי וראייטי מיקס 210 גרם,,,נייטשר וואלי וראייט,גרמים,210.00,100 גרם,false,1,17.90,8.52,true,1,
8410076610287,false,חמישייה נייציר ואלי פופקורן ציפוי יוגורט,,,חמישייה נייציר ואלי,גרמים,100.00,100 גרם,false,1,21.90,21.90,true,1,
8410076610492,false,סוויט אנד סולטי שוקולד מריר בציפוי חמאת בוטנים,יבואן ומשווק: ש. שסט,ES,חטיף צואי נייטשר ווא,גרמים,150.00,100 גרם,false,1,17.90,11.93,true,1,
8410076610508,false,"נייטשר וואלי צ'ואי שוקולד מריר בוטנים ושקדים, חמישיה 5 * 30 גרם",נייצ'ר ואלי Nature Valley,ES,חטיף צואי נייטשר ווא,גרמים,150.00,100 גרם,false,1,17.90,11.93,true,1,
8410076621009,false,עוגות אישיות בטעם קרמל עם חתיכות בטעם קרמל מלוח,"גלאטס סירו בע""מ",PT,חטיף פייבר 1 בטעם קר,גרמים,120.00,100 גרם,false,1,17.70,14.75,true,1,
8410076621047,false,עוגות אישיות בטעם שוקולד עם חתיכות בטעם שוקולד,"גלאטס סירו בע""מ",ES,חטיף פייבר 1 בטעם שו,גרמים,120.00,100 גרם,false,1,17.70,14.75,true,1,
8410104045111,false,"פיניש מלח למדיח כלים 2ק""ג",רקיט בנקיזר,IL,פיניש מלח 2 קג,קילוגרמים,0.00,"ק""ג",false,1,14.90,14.90,true,1,
8410128768355,false,ויוה סוי סויה קלאסי קרטונית ליטר,קלידאד פסקואל,ES,ויוה סוי סויה קלאסי,מיליליטרים,1000.00,"100 מ""ל",false,1,11.90,1.19,true,1,
8410128783587,false,ויוה סוי שיבולת שועל קרטונית 1 ליטר,קלידאד פסקואל,ES,ויוה סוי שיבולת שועל,מיליליטרים,1000.00,"100 מ""ל",false,1,12.90,1.29,true,1,
8410128785734,false,ויוה סוי בריסטה משפחתי 1 ליטר,קלידאד פסקואל,ES,ויוה סוי בריסטה משפח,מיליליטרים,1000.00,"100 מ""ל",false,1,11.90,1.19,true,1,
8410342004796,false,שוקולד מריר 85% ללא סוכר טוראס 100ג',צ'יקולטס טוארס,ES,טוראס-שוקולד מריר 85,גרמים,100.00,100 גרם,false,1,19.80,19.80,true,1,
8410342004987,false,"טוראס-שוקולד מריר 52% קפה ללת""ס 100 גר",,ES,טוראס-שוקולד מריר 52,גרמים,100.00,100 גרם,false,1,19.80,19.80,true,1,
8410342005595,false,"טוראס-שוקולד חלב ללת""ס 75 גרם",,ES,טוראס-שוקולד חלב ללת,גרמים,75.00,100 גרם,false,1,9.90,13.20,true,1,
8410342005625,false,"טוראס-שוקולד חלב אגוז ללת""ס 75 גרם",,ES,טוראס-שוקולד חלב אגו,גרמים,75.00,100 גרם,false,1,9.90,13.20,true,1,
8410342005632,false,טוראס שוקולד חלב שקד ללא סוכר 75 גרם,,ES,טוראס-שוקולד חלב שקד,גרמים,75.00,100 גרם,false,1,9.90,13.20,true,1,
8410342007049,false,"טוראס-שוקולד מריר 85% ללת""ס 75 גרם",,,טוראס-שוקולד מריר 85,גרמים,75.00,100 גרם,false,1,9.90,13.20,true,1,
8410376009392,false,גולון- ביסקוויטחיטה מלאה ללא סוכר 170 גר'1/16,גאלטס גלון סא,ES,ביסקוויט חיטה מלאה,גרמים,170.00,100 גרם,false,1,13.50,7.94,true,1,
8410376009408,false,גולון-דורדה ביסקוויט זהב ללא סוכר 330 גר'1/15,GULLON,,"ביסקויט זהב ללת""ס",גרמים,330.00,100 גרם,false,1,20.90,6.33,true,1,
8410376010701,false,"ביסקוויט ללת""ס גולון גלטה מריה 400 גר",תות תעשיות מזון (201,ES,ביסקוויט גולון,גרמים,400.00,100 גרם,false,1,20.20,5.05,true,1,
8410376016789,false,דיאגסטיב ביסקויט חיטה מלאה גולון 400 ג',GULLON,,ביסקוויט דיאגסטיב בצ,גרמים,300.00,100 גרם,false,1,13.50,4.50,true,1,
8410376037784,false,"ביסקויט ללת""ס סנדוויץ שוקו 250 גר גונץ",תות תעשיות מזון (201,ES,"ביסקויט ללת""ס סנדווי",גרמים,250.00,100 גרם,false,1,16.90,6.76,true,1,
8410376042481,false,גולון ביסקוויט קרם יוגורט ללתס 220 גרם,גלטס גולון,,גולון ביסקוויט קרם י,גרמים,220.00,100 גרם,false,1,19.20,8.73,true,1,
8410376045017,false,גולון קרקרים ללא גלוטן וביצים 200 גרם,,,גולון קרקרים ללא גלו,גרמים,200.00,100 גרם,false,1,21.90,10.95,true,1,
8410376052633,false,גולון-עוגיות שוקוצ'יפס ללא תוספת סוכר 150 ג 1/12,VIRGINIAS INDUSTRIAS,ES,גולון-עוגיות שוקוציפ,גרמים,150.00,100 גרם,false,1,14.90,9.93,true,1,
8410376059380,false,גולון וופל וניל ללא תוספת סוכר 180 גרם,GULLON,ES,גולון וופל וניל ללא,גרמים,180.00,100 גרם,false,1,19.90,11.06,true,1,
8410376064063,false,"גולון-שוקו רינג ביסקויט ללת""ס 150 גר",,ES,גולון-שוקו רינג ביסק,גרמים,150.00,100 גרם,false,1,16.90,11.27,true,1,
8410525116704,false,פיני גומי נשיקות 90 גרם,,ES,פיני גומי נשיקות 90,Unknown,1.00,Unknown,false,1,6.90,6.90,true,1,
8410525116735,false,פיני צינורות ליקריץ עם מילוי מתוק 90 גרם,,ES,פיני צינורות ליקריץ,Unknown,1.00,Unknown,false,1,6.90,6.90,true,1,
8410525116742,false,פיני גומי פטל 90 גרם,,ES,פיני גומי פטל 90 גרם,גרמים,90.00,100 גרם,false,1,6.90,7.67,true,1,
8410525116759,false,פיני גומי בננה 90 גרם,,ES,פיני גומי בננה 90 גר,גרמים,90.00,100 גרם,false,1,6.90,7.67,true,1,
8410525116797,false,פיני גומי טבעות אפרסק חמוץ 90 גרם,,ES,פיני גומי טבעות אפרס,Unknown,1.00,Unknown,false,1,6.90,6.90,true,1,
8410525116827,false,פיני מסטיק עגול 90 גרם,,ES,פיני מסטיק עגול 90 ג,Unknown,1.00,Unknown,false,1,6.90,6.90,true,1,
8410525143397,false,פיני מסטיק פירות 90 גרם,,ES,פיני מסטיק פירות 90,Unknown,0.00,Unknown,false,1,6.90,6.90,true,1,
8410525147906,false,פיני מסטיק מלון 90 גרם,,ES,פיני מסטיק מלון 90 ג,Unknown,1.00,Unknown,false,1,6.90,6.90,true,1,
8410525152412,false,פיני גומי חמוץ במילוי מתוק 90 גרם,,ES,פיני גומי חמוץ במילו,Unknown,1.00,Unknown,false,1,6.90,6.90,true,1,
8410525183768,false,פיני סינימה מיקס 90 גרם,,ES,פיני סינימה מיקס 90,Unknown,1.00,Unknown,false,1,6.90,6.90,true,1,
8410525186516,false,פיני גומי יוגורט 90 גרם,,ES,פיני גומי יוגורט 90,Unknown,1.00,Unknown,false,1,6.90,6.90,true,1,
8410525220548,false,פיני גומי חמוץ תמנון 90 גרם,,ES,פיני גומי חמוץ תמנון,Unknown,1.00,Unknown,false,1,6.90,6.90,true,1,
8410525244384,false,פיני גומי במילוי תות וקרם 85 גרם,,ES,פיני גומי במילוי תות,גרמים,85.00,100 גרם,false,1,6.90,8.12,true,1,
8410628460612,false,טונה ספרדית בשמן זית ולימון 190 גרם,קונסורסיו,ES,טונה ספרדית בשמן זית,גרמים,190.00,100 גרם,false,1,28.50,15.00,true,1,
8410655001147,false,בירה סאן מיגל 500 מל פחית,,,בירה סאן מיגל אספסיא,מיליליטרים,500.00,"100 מ""ל",false,1,9.20,1.84,true,1,
8410655002458,false,"בירה סאן מיגל ללא גלוטן 330 מ""ל",,,בירה סאן מיגל ללא גל,מיליליטרים,330.00,"100 מ""ל",false,1,12.50,3.79,true,1,
8410793262936,false,"אסטרייה דאם דאורה ללא גלוטן 330 מ""ל","סי סי דאם, אס.אל, בר",ES,אסטרייה דאם דאורה בק,מיליליטרים,330.00,"100 מ""ל",false,1,9.90,3.00,true,1,
8411320105108,false,פילה אנשובי בשמן זית 95 גר ORTIZ צנצנת,אורטיז,ES,פילה אנשובי בשמן זית,גרמים,95.00,100 גרם,false,1,51.50,54.21,true,1,
8411320334027,false,נתחי טונה צהובה בשמן זית (פחית) 112 ג ORTIZ,אורטיז ORTIZ,ES,נתחי טונה צהובה בשמן,גרמים,112.00,100 גרם,false,1,16.40,14.64,true,1,
8411320382967,false,טונה צהובה בשמן זית (צנצנת) 220 גרם,אורטיז ORTIZ,ES,נתחי טונה צהובה בשמן,גרמים,220.00,100 גרם,false,1,42.90,19.50,true,1,
8413664511447,false,פאפאס ארגנטה ברוסקטה שום ופטרוזיליה 150 ג',,ES,פאפאס ארגנטה-ברוסקטה,גרמים,150.00,100 גרם,false,1,12.90,8.60,true,1,
8413664511706,false,פאפאס ארגנטה-ברוסקטה עגבניות ואורגנו 150גר,,ES,פאפאס ארגנטה ברוסקטה,גרמים,150.00,100 גרם,false,1,12.90,8.60,true,1,
8413664611956,false,פאפאס ארגנטה-ציפס עם עשבי תיבול 160 ג,,,פאפאס ארגנטה-ציפס עם,גרמים,160.00,100 גרם,false,1,23.50,14.69,true,1,
8413700669729,false,ארוחת פאייה ירקות קיט 256 גרם,,ES,ארוחת פאייה ירקות קי,גרמים,256.00,100 גרם,false,1,24.90,9.73,true,1,
8423207208871,false,פרכיות תירס בטעם טבעי סלים דליס 130ג',סלים דליס Slim Delis,ES,פריכיות תירס בטעם טב,גרמים,130.00,100 גרם,false,1,9.90,7.62,true,1,
8423207208888,false,פריכיות תירס בטעם עגבניות ועשבי תיבול סלים דליס 123 ג',סלים דליס Slim Delis,ES,פריכיות תירס עגבניות,גרמים,124.00,100 גרם,false,1,9.90,7.98,true,1,
8423207210287,false,מרבה סלים דליס שוקולד לבן בטעם יוגורט 120 ג',סלים דליס Slim Delis,ES,סלים דליס שוקולד לבן,גרמים,120.00,100 גרם,false,1,10.90,9.08,true,1,
8423207210928,false,חטיף דגנים מצופה שוקולד חלב ואגוזי לוז - 5 במארז,נוטרישן אנד סנטה קוב,ES,סלים דליס טופינג אגו,גרמים,90.00,100 גרם,false,1,10.90,12.11,true,1,
8423371000202,false,מיקס בוטנים מלוחים SALYSOL,,ES,בוטנים מלוחים 150 גר,גרמים,150.00,100 גרם,false,1,12.50,8.33,true,1,
8423371000462,false,סאליסול- קוקטייל מיקס 50 גרם,גלוברנדס,ES,קוקטייל מיקס סאליסול,גרמים,50.00,100 גרם,false,1,6.00,12.00,true,1,
8423371000653,false,סאליסול- בוטנים מלוחים בדבש 50 גרם,גלוברנדס,ES,בוטנים מלוחים בדבש ס,גרמים,50.00,100 גרם,false,1,6.00,12.00,true,1,
8423371002725,false,סאליסול- קוקטייל מיקס 100 גרם,גלוברנדס,ES,קוקטייל מיקס 100 גרם,גרמים,100.00,100 גרם,false,1,12.50,12.50,true,1,
8423371007492,false,גרעיני חמניה סאליסול 140 גרם,,ES,גרעיני חמניה סאליסול,גרמים,140.00,100 גרם,false,1,12.50,8.93,true,1,
8423371007584,false,אגוז קשיו קלויים סאליסול 50 גר,,,אגוז קשיו קלויים סאל,גרמים,50.00,100 גרם,false,1,9.90,19.80,true,1,
8429449014973,false,נטורטינט מרכך לשיער צבוע,,,נטורטינט מרכך לשיער,Unknown,0.00,Unknown,false,1,39.90,39.90,true,1,
8431438000256,false,מנצגו קייסו ספרדי במשקל,,,מנצגו קייסו ספרדי במ,Unknown,0.00,"ק""ג",true,0,208.00,208.00,true,1,
8445290019516,false,קוואלטי סטריט שקית 382 גרם,,,קוואלטי סטריט שקית 3,גרמים,382.00,100 גרם,false,1,36.90,9.66,true,1,
8563149401432,false,אומגה 3 נוזל 240 מל,,,אומגה 3 נוזל 240 מל,Unknown,0.00,Unknown,false,1,139.90,139.90,true,1,
8594071481018,false,חטיף סופרפוד אוכמניות קינואה אורגני 47 ג,,,חטיף סופרפוד אוכמניו,גרמים,47.00,100 גרם,false,1,14.90,31.70,true,1,
8594071481025,false,חטיף סופרפוד אסאי בננה אורגני 47 גר,,,חטיף סופרפוד אסאי בנ,גרמים,47.00,100 גרם,false,1,14.90,31.70,true,1,
8594071484583,false,חטיף חלבון שוקולד ספירולינה אורגני 47 גר,,,חטיף חלבון שוקולד ספ,גרמים,47.00,100 גרם,false,1,14.90,31.70,true,1,
8594071484606,false,חטיף סופרפוד א.ברזיל גוארנה אורגני 47 גר,,,חטיף סופרפוד א.ברזיל,גרמים,47.00,100 גרם,false,1,14.90,31.70,true,1,
8594071484613,false,חטיף סופרפוד ציה פיסטוק אורגני 47 גרם,,,חטיף סופרפוד ציה פיס,גרמים,47.00,100 גרם,false,1,14.90,31.70,true,1,
8595657101450,false,חטיף חלבון תות שדה אורגני 47 גר,,,חטיף חלבון תות שדה א,גרמים,47.00,100 גרם,false,1,14.90,31.70,true,1,
8595657101481,false,חטיף חלבון פטל אורגני 47 גר,,,חטיף חלבון פטל אורגנ,גרמים,47.00,100 גרם,false,1,14.90,31.70,true,1,
8595657101764,false,חטיף חלבון פירות יער אורגני 47 גר,,,חטיף חלבון פירות יער,גרמים,47.00,100 גרם,false,1,14.90,31.70,true,1,
8595657101795,false,חטיף חלבון אגוזים וניל אורגני 47 גר,,,חטיף חלבון אגוזים ונ,גרמים,47.00,100 גרם,false,1,14.90,31.70,true,1,
8681863065270,false,מלח ים מים האגאי וילי פוד 350 גר,שף סיזונס גידה סאן,TR,מלח ים מים האגאי ויל,גרמים,350.00,100 גרם,false,1,24.90,7.11,true,1,
8681863065287,false,מלח הימלאיה וילי פוד 350 גר,שף סיזונס גידה סאן,TR,מלח הימלאיה וילי פוד,גרמים,350.00,100 גרם,false,1,24.90,7.11,true,1,
8681863065324,false,מלח ים עם רוזמרין וילי פוד 200 גר,שף סיזונס גידה סאן,TR,מלח ים עם רוזמרין וי,גרמים,200.00,100 גרם,false,1,24.90,12.45,true,1,
8681917250034,false,חטיף פיט פיט משפחתי אורגני תמר קקאו 150,,TR,חטיף פיט פיט משפחתי,גרמים,150.00,100 גרם,false,1,26.90,17.93,true,1,
8683130008935,false,ממרח קטשיונז לחיץ 425 גם,יוניליוור ישראל שיוו,TR,ממרח קטשיונז לחיץ 42,גרמים,425.00,100 גרם,false,1,14.90,3.51,true,1,
8690504081913,false,מקוויטיס טינס מצופה שוקולד חלב 150 גרם,שוורצקוף& הנקל דיסלד,TR,מקוויטיס טינס מצופה,גרמים,150.00,100 גרם,false,1,11.40,7.60,true,1,
8690504081920,false,מקוויטיס טינס מצופה שוקולד מריר 150 גרם,שוורצקוף& הנקל דיסלד,TR,מקוויטיס טינס מצופה,גרמים,150.00,100 גרם,false,1,11.40,7.60,true,1,
8690504081937,false,מקוויטיס טינס שוקולד חלב וקפוצינו 150 גר,שוורצקוף& הנקל דיסלד,TR,מקוויטיס טינס שוקולד,גרמים,150.00,100 גרם,false,1,11.40,7.60,true,1,
8690504153740,false,שוקולד מריר במילוי קרם בטעם שוקולד מריר,ביסקוט ביסקווי סילבר,TR,שוקולד מריר גודייבה,גרמים,86.00,100 גרם,false,1,14.90,17.33,true,1,
8690504156543,false,טבלת שוקלד חלב ממולא בקרם גנאש שוקולד חלב 88 גר',ביסקוט ביסקווי סילבר,TR,שוקולד חלב גודייבה ק,גרמים,88.00,100 גרם,false,1,14.90,16.93,true,1,
8690530015043,false,סלפאק מגבות מטבח שישיה 3 שכבות,איפק,,נייר מגבת סלפאק 3 שכ,מטרים,64.00,מטר,false,1,19.90,0.31,true,1,
8690530032880,false,מפיות סלפאק קומפורט חד שכבתיות 200,,,קומפורט מפיות סלפאק,יחידה,1.00,יחידה,false,1,16.90,16.90,true,1,
8690530036741,false,ממחטות נייר סלפאק 3 שכבות 48 יח,,TR,ממחטות נייר סלפאק 3,Unknown,0.00,Unknown,false,1,7.90,7.90,true,1,
8690530151338,false,"סלפאק קלאסי ממחטות אף אריזת כיס, 10 יח'",,,ממחטות נייר סלפאק פר,Unknown,0.00,Unknown,false,1,10.90,10.90,true,1,
8690530274471,false,נייר טואלט סלפאק קומפורט 2 שכבות 32 גל,,TR,נ.טואלט סלפאק קומפור,מטרים,614.00,מטר,false,1,39.90,0.06,true,1,
8690530284463,false,נייר טואלט 3 שכבות 32 גלילים סלפאק,איפק קג'יט,TR,נייר טואלט סלפאק 3 ש,מטרים,537.00,מטר,false,1,49.90,0.09,true,1,
8690637073373,false,תה ארל גריי בטעם ברגמוט ליפטון 25 שקיקים,יונילוור - תורכיה,TR,תה ארל גריי - 25 סרו,Unknown,0.00,Unknown,false,1,10.30,10.30,true,1,
8690637503856,false,ממרח הלמנס כ- 40% פחות שומן לעומת מיונז,"בסטפוד - 3P ארה""ב Fo",TR,ממרח הלמנס לחיץ מופח,גרמים,355.00,100 גרם,false,1,14.90,4.20,true,1,
8690637799594,false,תה ירוק ליפטון נענע בסגנון מרוקאי 20יח',בסן בסין סנאיי וי טי,TR,ליפטון תה ירוק נענע,Unknown,0.00,Unknown,false,1,20.90,20.90,true,1,
8690637858758,false,ג'ל לניקוי כללי בתוספת אקונומיקה בניחוח אורנים,סיף פנטסטיק Cif Fantastic,IL,גל לנ.כללי סיף אקונו,מיליליטרים,750.00,"100 מ""ל",false,1,16.70,2.23,true,1,
8690637865589,false,דאב תחליב רחצה לידיים 500 מלפפונים ותה י,General,TR,סבון ידיים דאב מלפפו,מיליליטרים,500.00,"100 מ""ל",false,1,19.80,3.96,true,1,
8690637871245,false,הלמנס מיונז אמיתי 395 גר' בקבוק לחיץ.,"בסטפוד - 3P ארה""ב Fo",TR,מיונז אמיתי הלמנס לח,גרמים,395.00,100 גרם,false,1,14.90,3.77,true,1,
8690637946301,false,"בדין - מרכך כביסה אקסטרא בייביי כחול 960 מ""ל",יוניליוור סנאיי וי ט,TR,מרכך כביסה בדין אקסט,מיליליטרים,960.00,"100 מ""ל",false,1,15.90,1.66,true,1,
8690637946318,false,מרכך כביסה אקסטרה בייבי היפואלרגני בריח טלק,יוניליוור סנאיי וי ט,IL,מרכך כביסה בדין אקסט,מיליליטרים,960.00,"100 מ""ל",false,1,15.90,1.66,true,1,
8690637976995,false,"בדין - מרכך כביסה אקסטרא ורוד סחלבים פראי 960 מ""ל",יוניליוור סנאיי וי ט,TR,מרכך כביסה בדין אקסט,מיליליטרים,960.00,"100 מ""ל",false,1,15.90,1.66,true,1,
8690766156367,false,שוקולד חלב גודייבה מעולה 90 גר,"אולקר מקבוצת פלאדיס,",TR,שוקולד חלב גודייבה מ,גרמים,90.00,100 גרם,false,1,14.90,16.56,true,1,
8690766156374,false,שוקולד גודייבה מריר 72% מוצרי קקאו 90 גר,"אולקר מקבוצת פלאדיס,",TR,שוקולד מריר 72% גודי,גרמים,90.00,100 גרם,false,1,14.90,16.56,true,1,
8690766156381,false,גודייבה שוקולד מריר 90% מוצקי קקאו 90 גרם,"אולקר מקבוצת פלאדיס,",TR,שוקולד מריר 90% גודי,גרמים,90.00,100 גרם,false,1,14.90,16.56,true,1,
8690766156398,false,שוקולד חלב מעולה בתוספת שברי שקדים קלויים דבש ומלח 90ג',"אולקר מקבוצת פלאדיס,",TR,שוקולד חלב גודייבה ש,גרמים,90.00,100 גרם,false,1,14.90,16.56,true,1,
8690766156404,false,שוקולד מריר מעולה גודייבה תפוז אדום 90 גרם,גודייבה,TR,שוקולד מריר גודייבה,גרמים,90.00,100 גרם,false,1,14.90,16.56,true,1,
8690766156411,false,שוקולד מריר מעולה בטעם פלפל ורוד עם חתיכות תות מסוכר 90ג',"אולקר מקבוצת פלאדיס,",TR,שוקולד מריר גודייבה,גרמים,90.00,100 גרם,false,1,14.90,16.56,true,1,
8690777206051,false,חצילים קלויים על האש סארה 650 גר',קוראהן פזלרמה וי דיס,TR,חצילים קלויים על האש,גרמים,650.00,100 גרם,false,1,11.90,1.83,true,1,
8690777221405,false,פלפל אדום קלויים על האש 650 גרם SERA,קוראהן פזלרמה וי דיס,TR,פלפל אדום קלויים על,גרמים,650.00,100 גרם,false,1,11.90,1.83,true,1,
8693495052191,false,פלמוליב ס.נוזלי אפרסק 750 מל משאבה,שסטוביץ,TR,סבון נוזלי פלמוליב,מיליליטרים,750.00,"100 מ""ל",false,1,19.90,2.65,true,1,
8695543006804,false,גבינה ציז לונג 200 גר,מורטביי,TR,גבינה ציז לונג 200 ג,גרמים,200.00,100 גרם,false,1,22.90,11.45,true,1,
8697418280104,false,עלי טורטייה 30 יח,,,עלי טורטייה 30 יח,קילוגרמים,0.00,"ק""ג",false,1,35.50,35.50,true,1,
8697418280111,false,עלי טורטייה 25 סמ 840 גרם LAVALIA,פרינסיס און וה אונלו,TR,"עלי טורטייה 25 ס""מ 8",גרמים,840.00,100 גרם,false,1,31.90,3.80,true,1,
8697418280180,false,עלי טורטייה 360 גר LAVALIA,פרינסיס און וה אונלו,TR,עלי טורטייה 360 גר L,גרמים,360.00,100 גרם,false,1,18.30,5.08,true,1,
8697418280487,false,עלי טורטייה קמח תירס 20 סמ 540 ג LAVALIA,פרינסיס און וה אונלו,TR,עלי טורטייה קמח תירס,גרמים,540.00,100 גרם,false,1,26.50,4.91,true,1,
8697420500375,false,מיץ תפוחים אורגני 1 ליטר,פרימור,TR,מיץ תפוחים אורגני 1,מיליליטרים,1000.00,"100 מ""ל",false,1,16.50,1.65,true,1,
8697431460064,false,קונפיטורה משמש 70% פרי פרופה 454 גר',פרוטנגו Fruitango,,קונפיטורה 70% פרי מש,גרמים,450.00,100 גרם,false,1,17.70,3.93,true,1,
8697431460217,false,קונפיטורה 70% תפוזים 450 ג' FRUPPA,פרוטנגו Fruitango,,קונפיטורת 70% תפוזים,גרמים,450.00,100 גרם,false,1,17.70,3.93,true,1,
8697431921701,false,קונפיטורה תות שדה 70% פרי פרופה 454 גר',פרוטנגו Fruitango,,קונפיטורה 70% תות שד,גרמים,450.00,100 גרם,false,1,17.70,3.93,true,1,
8697431921718,false,קונפיטורה דובדבן חמוץ 70% פרי פרופה 454 גר',פרוטנגו Fruitango,,קונפיטורה 70% דובדבן,גרמים,454.00,100 גרם,false,1,17.70,3.90,true,1,
8697431925143,false,קונפיטורה 70% פירות יער 450 ג' FRUPPA,פרוטנגו Fruitango,,קונפיטורה 70% פירות,גרמים,450.00,100 גרם,false,1,17.70,3.93,true,1,
8697826469092,false,טורטיה קטנה 12 יחידות 540 גרם,דין שיווק,TR,טורטיה קטנה 12 יחיד,גרמים,540.00,100 גרם,false,1,9.90,1.83,true,1,
8710448692744,false,קטשופ קארי רמייה 300 גר,רמייה,NL,קטשופ קארי רמייה 300,גרמים,300.00,100 גרם,false,1,9.90,3.30,true,1,
8710496503986,false,דה רויטל - פירורי שוקולד מריר 400 גר,De ruijter,,דה רויטל - פירורי שו,גרמים,400.00,100 גרם,false,1,27.50,6.88,true,1,
8710496504983,false,דה רויטל - פירורי שוקולד חלב 400 גר,De ruijter,,דה רויטל - פירורי שו,גרמים,400.00,100 גרם,false,1,27.50,6.88,true,1,
8710502100864,false,עוגיות מרבה פטיסרי דאבל שוקולד 200 גרם,מרבה,NL,מרבה פטיסרי עוגיות ד,גרמים,200.00,100 גרם,false,1,10.90,5.45,true,1,
8710502139017,false,עוגיות שוקוציפס מצופות שוקולד 180 ג',בנקטבקריי מרבה בי.וי,NL,עוגיות שוקולד מצופות,גרמים,180.00,100 גרם,false,1,8.90,4.94,true,1,
8710502279010,false,מרבה עוגיות שוקולד ציפס מצופות שוקולד 175 גרם - רבנות,"י.מרבה ישראל בע""מ",NL,עוגיות מרבה שוקולד צ,גרמים,175.00,100 גרם,false,1,8.90,5.09,true,1,
8710502285509,false,מרבה - עוגיות לימון ושוקולד צ'יפס במרקם רך 175 גרם,בנקטבקריי מרבה בי.וי,NL,עוגיות לימון שוקולד,גרמים,175.00,100 גרם,false,1,8.90,5.09,true,1,
8710679158385,false,"ציפס פריטס קלאסי 2.5 ק""ג",,,"ציפס קלאסי 2.5 ק""ג",קילוגרמים,0.00,"ק""ג",false,1,44.90,44.90,true,1,
8711000371183,false,קפסולות קפה אספרסו אינטנסו 10*52 ג' ג'ייקובס,קריניציה ויטמינה אס,FR,קפסולות קפה אספרסו א,גרמים,52.00,100 גרם,false,1,16.90,32.50,true,1,
8711000371206,false,קפסולות קפה אספרסו ריסטרטו 10*52 ג' ג'ייקובס,קריניציה ויטמינה אס,FR,קפסולות קפה אספרסו ר,גרמים,52.00,100 גרם,false,1,16.90,32.50,true,1,
8711200425990,false,חמאת בוטנים חלקה 350 גר Calve,יוניקורן פיקלס,NL,חמאת בוטנים חלקה 350,גרמים,350.00,100 גרם,false,1,19.90,5.69,true,1,
8711200426034,false,חמאת בוטנים קראנצי 350 גר Calve,יוניקורן פיקלס,NL,חמאת בוטנים קראנצי 3,גרמים,350.00,100 גרם,false,1,20.80,5.94,true,1,
8711200443789,false,"חרדל גרגרים בבקבוק לחיץ 235 מ""ל",מיילי,FR,חרדל גרגרים בבקבוק ל,מיליליטרים,235.00,"100 מ""ל",false,1,15.90,6.77,true,1,
8711200484874,false,"רוטב חרדל דבש בקבוק קאלווה 450 מ""ל",יוניליוור,NL,רוטב חרדל דבש בקבוק,מיליליטרים,450.00,"100 מ""ל",false,1,18.90,4.20,true,1,
8711281013345,false,חרדל הולנדי מקורי גרגירים 335 גרם,מוסטאד מולן דה האוסמ,,חרדל הולנדי מקורי גר,גרמים,335.00,100 גרם,false,1,14.90,4.45,true,1,
8712561594608,false,"דאב תחליב רחיצה להזנה עמוקה 750 מ""ל",יוניליוור גרמניה (בו,DE,תחליב רחצה דאב להזנה,מיליליטרים,750.00,"100 מ""ל",false,1,15.00,2.00,true,1,
8712561646024,false,דאב תחליב רחצה קרם פיסטוק ומגנוליה 750 מ,יוניליוור גרמניה (בו,DE,תחליב רחצה דאב קרם פ,מיליליטרים,750.00,"100 מ""ל",false,1,22.90,3.05,true,1,
8713800139710,false,גלי בינס פקטורי פירות 90 גרם,,,גלי בינס פקטורי פירו,גרמים,90.00,100 גרם,false,1,10.90,12.11,true,1,
8714100616963,false,"ליפטון אייס תה מוגז 330 מ""ל",,BE,ליפטון אייס תה מוגז,מיליליטרים,330.00,"100 מ""ל",false,1,5.00,1.52,true,1,
8714443620030,false,מרק ירקות אורגני 200 גרם,תות תעשיות מזון (201,NL,מרק ירקות אורגני 200,גרמים,200.00,100 גרם,false,1,32.50,16.25,true,1,
8714599104316,false,קפה שחור קלוי וטחון טורקי גייקובס 200 גר,ג'ייקובס Jacobs,RU,קפה שחור קלוי וטחון,גרמים,200.00,100 גרם,false,1,15.60,7.80,true,1,
8714599412220,false,גייקובס וולווט קפה נמס מיובש 95 גרם,קראפט,RU,גייקובס וולווט קפה נ,גרמים,95.00,100 גרם,false,1,16.70,17.58,true,1,
8714599412336,false,קפה נמס בריסטה אמריקנו קלוי וטחון 160 ג' ג'ייקובס,ג'ייקובס דאו אגברטס,RU,גיקובס בריסטה אמריקנ,גרמים,160.00,100 גרם,false,1,26.90,16.81,true,1,
8714599513781,false,גייקובס גולד קפה נמס מיובש בהקפאה 200גרם,אל.אל. סי ג''יקובס ד,RU,גיקובס גולד מיובש בה,גרמים,200.00,100 גרם,false,1,25.90,12.95,true,1,
8714599513866,false,גייקובס קרוננג קפה נמס מיובש בהקפאה 200ג,אל.אל.סי גייקובס דאו,RU,גיקובס קרונונג מיובש,גרמים,200.00,100 גרם,false,1,26.90,13.45,true,1,
8714789402918,false,נוזל לניקוי כללי ולרצפה בניחוח פרחי בר,הנסיך- מפעל לייצור ט,GR,אגקס חגיגת פרחים 1.5,ליטרים,0.00,ליטר,false,1,22.90,22.90,true,1,
8715035150300,false,"רוטב סויה קיקומן ללא גלוטן 250 מ""ל",קיקומן פודז יורופ בי,NL,רוטב סויה קיקומן ללא,מיליליטרים,250.00,"100 מ""ל",false,1,22.90,9.16,true,1,
8715675121043,false,דרוסטה - שוקולד חלב ושוקולד לבן 85 גרם,,NL,דרוסטה שוקולד חלב לב,גרמים,85.00,100 גרם,false,1,8.90,10.47,true,1,
8715675121074,false,דרוסטה שוקולד חלב תפוז (כתום) 85 גרם,,NL,דרוסטה שוקולד חלב תפ,גרמים,85.00,100 גרם,false,1,8.90,10.47,true,1,
8715675121081,false,דרוסטה שוקולד מריר מנטה (ירוק) 85 גרם,,NL,דרוסטה שוקולד מריר מ,גרמים,85.00,100 גרם,false,1,8.90,10.47,true,1,
8715675121098,false,דרוסטה שוקולד חלב קרמל ומלח ים 85 גר,,NL,דרוסטה שוקולד חלב קר,גרמים,85.00,100 גרם,false,1,8.90,10.47,true,1,
8715700115849,false,היינץ מתבל עגבניות 1,היינץ,US,"מתבל עגבניות 1.35 ק""",קילוגרמים,0.00,"ק""ג",false,1,21.90,21.90,true,1,
8715700120874,false,מתבל עגבניות היינץ בתוספת שום,ה.י. היינץ,NL,קטשופ שום היינץ 460,גרמים,460.00,100 גרם,false,1,10.40,2.26,true,1,
8716605000995,false,גבינה מסדאם הולנדית במשקל,,,גבינה מסדאם הולנדית,Unknown,0.00,"ק""ג",true,0,80.00,80.00,true,1,
8716695882877,false,"רסק תפוח עץ ללת""ס 360 גרם",,,"רסק תפוח עץ ללת""ס 36",גרמים,360.00,100 גרם,false,1,7.20,2.00,true,1,
8717472073099,false,חטיף חלבון שוקולד קרמל 55 גרם,,IL,חטיף חלבון שוקולד קר,גרמים,55.00,100 גרם,false,1,17.90,32.55,true,1,
8717472073112,false,חטיף חלבון שוקולד לבן 55 גרם,,,חטיף חלבון שוקולד לב,גרמים,55.00,100 גרם,false,1,17.90,32.55,true,1,
8717472073136,false,חטיף חלבון עוגת גבינה ברבריאן 55 גרם,,HR,חטיף חלבון עוגת גבינ,גרמים,55.00,100 גרם,false,1,15.90,28.91,true,1,
8717677334094,false,טוני שוקולונלי שוקולד חלב 180 גרם,,NL,טוני שוקולונלי שוקול,מיליליטרים,180.00,"100 מ""ל",false,1,20.90,11.61,true,1,
8717677334117,false,טוני שוקולונלי שוקולד מריר 70% 180 גרם,,NL,טוני שוקולונלי שוקול,מיליליטרים,180.00,"100 מ""ל",false,1,20.90,11.61,true,1,
8717677334667,false,טוני שוקולונלי שוקולד חלב קרמל מלח 180 ג,,NL,טוני שוקולונלי שוקול,מיליליטרים,180.00,"100 מ""ל",false,1,20.90,11.61,true,1,
8717677336722,false,טוני שוקולונלי ש.מריר שקדים ומלח ים 180ג,,NL,טוני שוקולונלי ש.מרי,מיליליטרים,180.00,"100 מ""ל",false,1,20.90,11.61,true,1,
8717677337828,false,טוני שוקולונלי ש.לבן פטל וסוכריות 180 גר,,NL,טוני שוקולונלי ש.לבן,מיליליטרים,180.00,"100 מ""ל",false,1,20.90,11.61,true,1,
8717677337842,false,טוני שוקולונלי שוקולד לבן 180 גרם,,NL,טוני שוקולונלי שוקול,מיליליטרים,180.00,"100 מ""ל",false,1,20.90,11.61,true,1,
8717677338610,false,טוני שוקולונלי שוקולד בייגלה טופ 180 ג,,NL,טוני שוקולונלי שוקול,מיליליטרים,180.00,"100 מ""ל",false,1,20.90,11.61,true,1,
8718114734484,false,מיונז מאילי 320 גר צ,בונגראן,FR,מיונז מייל 320 גרם,גרמים,320.00,100 גרם,false,1,13.90,4.34,true,1,
8718421271627,false,"מיונז אמיתי אורגני 370 מ""ל",,NL,מיונז אמיתי אורגני 3,מיליליטרים,370.00,"100 מ""ל",false,1,16.90,4.57,true,1,
8718692610835,false,שלישית בקבוקי סודה סטרים פיוז 1 ליטר,סודה סטרים,IL,שלישיית בקבוקים 1 ל,Unknown,0.00,Unknown,false,1,61.60,61.60,true,1,
8718692619456,false,בר משקאות ספיריט לבן+ בקבוק 1 ל' ומיכל הגזה 60 ל',סודהסטרים sodastream,,מכשיר הגזה ספיריט לב,Unknown,0.00,Unknown,false,1,566.50,566.50,true,1,
8718951228801,false,"משחת שיניים קולגייט מקס פרש כחול 125 מ""ל",CP-Poland swidnica,PL,משחת שיניים קולגייט,מיליליטרים,125.00,"100 מ""ל",false,1,17.90,14.32,true,1,
8718951509627,false,"משחת שיניים אופטיק וויט לאוהבי קפה 75 מ""ל קולגייט",קולגייט פלמוליב,PL,קולגייט אופטיק וויט,מיליליטרים,75.00,"100 מ""ל",false,1,24.90,33.20,true,1,
8719128117249,false,"סירופ פפסי מקס 440 מ""ל סודהסטרים",סודה סטרים,IL,סירופ פפסי מקס,מיליליטרים,440.00,"100 מ""ל",false,1,22.90,5.20,true,1,
8719128117294,false,"סירופ דייט סבן אפ 440 מ""ל סודהסטרים",סודה סטרים,IL,סירופ דיאט סבן אפ,מיליליטרים,440.00,"100 מ""ל",false,1,22.90,5.20,true,1,
8719956490637,false,טוני שוקולונלי שוקולד ביסקוויט קינמן 180,,NL,טוני שוקולונלי שוקול,מיליליטרים,180.00,"100 מ""ל",false,1,20.90,11.61,true,1,
8719956492068,false,טוני שוקולונלי ש.חלב עוגיות ציפס 180 ג,,,טוני שוקולונלי ש.חלב,מיליליטרים,180.00,"100 מ""ל",false,1,20.90,11.61,true,1,
8719956496721,false,טוני שוקולונלי שוקולד חלב וופל 180 גר,,,טוני שוקולונלי שוקול,מיליליטרים,180.00,"100 מ""ל",false,1,20.90,11.61,true,1,
8719956496745,false,טוני שוקולונלי שוקולד חלב ביסקוויט 180 ג,,,טוני שוקולונלי שוקול,מיליליטרים,180.00,"100 מ""ל",false,1,20.90,11.61,true,1,
8719992179572,false,גוי&קו קרמבו בציפוי סוכריות שוקולד 240ג,,,גוי&קו קרמבו בציפוי,גרמים,240.00,100 גרם,false,1,10.90,4.54,true,1,
8720100012445,false,וופל טוסט בלגי 6 יח 250 גרם בקרסלנד,דה בנקט גרופ,NL,וופל טוסט בלגי 6 יח,גרמים,250.00,100 גרם,false,1,13.90,5.56,true,1,
8720182286604,false,"רוטב ברביקיו דבש לחיץ קאלווה 250 מ""ל",יוניליוור,NL,רוטב ברביקיו דבש לחי,מיליליטרים,250.00,"100 מ""ל",false,1,16.90,6.76,true,1,
8720254871790,false,ציקולה בונבוניירה אגוזי לוז 108 גרם,,NL,ציקולה בונבוניירה אג,גרמים,108.00,100 גרם,false,1,13.90,12.87,true,1,
8801055708772,false,מארז טייסטרס צ'ויס 200 גרם+50 גר' מתנה,נסטלה קוריאה - קפה,IL,טייסטר צויס מארז 200,גרמים,250.00,100 גרם,false,1,29.80,11.92,true,1,
8801085020301,false,אטריות נאמה אודון 200 גרם,Alpha international,,אטריות נאמה אודון 20,גרמים,200.00,100 גרם,false,1,10.00,5.00,true,1,
8850161160851,false,"מי קוקוס קוקו מקס 350 מ""ל",פארייפאבה אגרואינדוס,TH,מי קוקוס קוקו מקס 35,מיליליטרים,350.00,"100 מ""ל",false,1,8.90,2.54,true,1,
8850161161247,false,מי קוקוס קוקו מקס 1 ליטר,טויו סייקאן,TH,מי קוקוס קוקו מקס 1,מיליליטרים,1000.00,"100 מ""ל",false,1,16.90,1.69,true,1,
8850161167041,false,"חלב קוקוס קוקו וואי 270 מ""ל",טויו טייקאן קו.אל.טי,TH,חלב קוקוס קוקו וואי,מיליליטרים,270.00,"100 מ""ל",false,1,8.90,3.30,true,1,
8850180040028,false,קמח טמפורה להכנת בלי,קרנחם אוטאי פחרה,TH,טמפורה 500 גרם GOGI,גרמים,500.00,100 גרם,false,1,11.40,2.28,true,1,
8850206250592,false,רוטב צ`ילי סיראצ`ה 540 גרם,יאן וואל יון קו.לטד,TH,רוטב צ`ילי סיראצ`ה 5,גרמים,540.00,100 גרם,false,1,17.90,3.31,true,1,
8850206280049,false,רוטב צילי חריף מיו 250 גרם,yan wal yun corpara,TH,רוטב צילי חריף מיו 2,גרמים,250.00,100 גרם,false,1,16.90,6.76,true,1,
8850367990443,false,"רוטב לסלט בסגנון אסייאתי 285 מ""ל TCC",theppadungporn cocon,TH,רוטב לסלט בסגנון אסי,מיליליטרים,285.00,"100 מ""ל",false,1,11.90,4.18,true,1,
8850367992171,false,קרם קוקוס 1 ליטר 20-22% ללא חומר משמר,טאפאדונגפורן קוקינט,TH,קרם קוקוס 1 ליטר,מיליליטרים,1000.00,"100 מ""ל",false,1,24.90,2.49,true,1,
8850367992997,false,"קרם קוקוס ללא גלוטן וחומרי משמר 250 מ""ל",Theppadungporn cocon,,קרם קוקוס ללא גלוטן,מיליליטרים,250.00,"100 מ""ל",false,1,6.90,2.76,true,1,
8850367994427,false,נוזל קוקוס מרוכז וממותק 330 גרם,Theppadungporn cocon,TH,נוזל קוקוס מרוכז וממ,גרמים,330.00,100 גרם,false,1,12.90,3.91,true,1,
8850367994793,false,מחית קארי צהובה 50 גרם,Theppadungporn cocon,TH,מחית קארי צהובה 50 ג,גרמים,50.00,100 גרם,false,1,5.90,11.80,true,1,
8850389103111,false,"משקה קל סאפה בטעם ענבים 300 מ""ל",פארייפאבה אגרואינדוס,TH,משקה קל סאפה בטעם ענ,מיליליטרים,300.00,"100 מ""ל",false,1,8.90,2.97,true,1,
8850389103128,false,"משקה קל סאפה בטעם תפוח 300 מ""ל",פארייפאבה אגרואינדוס,TH,משקה קל סאפה בטעם תפ,מיליליטרים,300.00,"100 מ""ל",false,1,8.90,2.97,true,1,
8850389104637,false,"משקה קל סאפה אלוורה אפרסק 300 מ""ל",פארייפאבה אגרואינדוס,TH,משקה קל סאפה אלוורה,מיליליטרים,300.00,"100 מ""ל",false,1,8.90,2.97,true,1,
8850389105832,false,סאפה אלוורה תפוחים 1 ליטר,פארייפאבה אגרואינדוס,TH,סאפה אלוורה תפוחים 1,מיליליטרים,1000.00,"100 מ""ל",false,1,14.90,1.49,true,1,
8850389105849,false,סאפה אלוורה אפרסק 1 ליטר,סאפה פובליק קומפני ל,TH,סאפה אלוורה אפרסק 1,מיליליטרים,1000.00,"100 מ""ל",false,1,14.90,1.49,true,1,
8850632604259,false,חיספוסים ממתק בטעם תות שדה בצורת מקלות,ג'נרל קנדי בעמ,TH,מקלות חספוסים יוגטה,גרמים,50.00,100 גרם,false,1,5.90,11.80,true,1,
8850632604266,false,יוגטה מקלות חמוצות בטעם קולה 50 גרם 24 יח',ג'נרל קנדי בעמ,TH,מקלות חספוסים יוגטה,Unknown,0.00,Unknown,false,1,5.90,5.90,true,1,
8850999008110,false,"סודה 325 מ""ל LEO",,,"סודה 325 מ""ל LEO",מיליליטרים,325.00,"100 מ""ל",false,1,4.90,1.51,true,1,
8851613101378,false,"נוזל קוקוס ארוי די 250 מ""ל",כלורוקס אוקלנד,TH,נוזל קוקוס,מיליליטרים,250.00,"100 מ""ל",false,1,10.40,4.16,true,1,
8851613101385,false,"חלב קוקוס ארוי-די קרטון 500מ""ל",תאי אגרי פוד פובליק,TH,"חלב קוקוס 500 מ""ל",מיליליטרים,500.00,"100 מ""ל",false,1,12.90,2.58,true,1,
8853662004020,false,"רוטב צילי מתוק 725 מ""ל EXOTIC",,,רוטב צילי מתוק 725 מ,מיליליטרים,725.00,"100 מ""ל",false,1,16.20,2.23,true,1,
8857106430512,false,"אטריות אורז עם אורז חום לל""ג 250 גרם",,TH,אטריות אורז עם אורז,גרמים,250.00,100 גרם,false,1,9.90,3.96,true,1,
8857106430529,false,"אטריות אורז עם עלי תות עץ לל""ג 250 גרם",,TH,אטריות אורז עם עלי ת,גרמים,250.00,100 גרם,false,1,9.90,3.96,true,1,
8858271002887,false,"רוטב טרייאקי 250 מ""ל מקסצאפ",דאנינג יוה פודס קו,TH,"רוטב טרייאקי 250 מ""ל",מיליליטרים,250.00,"100 מ""ל",false,1,11.90,4.76,true,1,
8858271003020,false,רוטב סויה פורמולה 1 - 700 מ'ל מקסצ'אפ,יאן ונזל יון,TH,רוטב סויה פורמולה 1,מיליליטרים,700.00,"100 מ""ל",false,1,16.70,2.39,true,1,
8858271003044,false,רוטב סויה כהה פורמולה 5 700 גרם מקסצאפ,Yan Wal Yun Corpora,,רוטב סויה כהה פורמול,מיליליטרים,700.00,"100 מ""ל",false,1,15.90,2.27,true,1,
8858271003068,false,"רוטב סויה מתוקה כהה 250 מ""ל מקסצאפ",Yan Wal Yun Corpora,,רוטב סויה מתוק כהה,מיליליטרים,250.00,"100 מ""ל",false,1,11.90,4.76,true,1,
8858271003136,false,"רוטב פטריות צמחוני 250 מ""ל מקסצאפ",yan wal yun corpara,TH,רוטב פטריות צמחוני 2,מיליליטרים,250.00,"100 מ""ל",false,1,11.90,4.76,true,1,
8858271003938,false,"רוטב קארי ירוק 250 מ""ל מקסצאפ","ייאן וואל יון בע""מ",TH,רוטב קארי ירוק 250 מ,מיליליטרים,250.00,"100 מ""ל",false,1,11.90,4.76,true,1,
8858271004126,false,רוטב חמוץ מתוק 700 מ'ל - מקסצ'אפ,יאן ונזל יון,TH,רוטב חמוץ מתוק 700 ג,מיליליטרים,700.00,"100 מ""ל",false,1,15.90,2.27,true,1,
8858271005451,false,רוטב סויה פורמולה 1 - 250 מל מקסצאפ,yan wal yun corpara,TH,רוטב סויה פורמולה 1,מיליליטרים,250.00,"100 מ""ל",false,1,14.60,5.84,true,1,
8858271005772,false,"רוטב סויה ללא גלוטן 300 מ""ל",יאן ונזל יון,TH,רוטב סויה ללא גלוטן,מיליליטרים,300.00,"100 מ""ל",false,1,17.70,5.90,true,1,
8858359000255,false,עלי קפיר ליים יבשים 30 גר (שופרא),סופר גיי,TH,עלי קפיר ליים יבשים,גרמים,30.00,100 גרם,false,1,12.40,41.33,true,1,
8858710455021,false,"רוטב סויה תמרי לל""ג אורגני 200 מ""ל",,TH,"רוטב סויה תמרי לל""ג",מיליליטרים,200.00,"100 מ""ל",false,1,20.90,10.45,true,1,
8858710476026,false,"חומץ אורז לל""ג אורגני 200 מ""ל",,TH,"חומץ אורז לל""ג אורגנ",מיליליטרים,200.00,"100 מ""ל",false,1,22.90,11.45,true,1,
8859103400697,false,דג בברית צנינית צהובה מלוח מיובש 100 גר,,,דג בברית צנינית צהוב,גרמים,100.00,100 גרם,false,1,14.60,14.60,true,1,
8859103400727,false,דג ברקודה עם צילי מלוח מיובש 100 גר,,,דג ברקודה עם צילי מל,גרמים,100.00,100 גרם,false,1,14.60,14.60,true,1,
8886303210504,false,"קארה קרם קוקונט 24% 500 מ""ל",,,קארה קרם קוקונט 24%,מיליליטרים,500.00,"100 מ""ל",false,1,15.60,3.12,true,1,
8886303210542,false,"קארה קרם קוקונט 17% 400 מ""ל",,,קארה קרם קוקונט 17%,מיליליטרים,400.00,"100 מ""ל",false,1,10.40,2.60,true,1,
8888021200720,false,סוללות אנרג'יזר MAX AAA שמינייה,יצרן: אנרג'ייזר סינג,SG,סוללות אנרגייזר שמי,Unknown,0.00,Unknown,false,1,29.50,29.50,true,1,
8901138511500,false,קרם נגד קמטים,,,קרם נגד קמטים,Unknown,0.00,Unknown,false,1,89.90,89.90,true,1,
8901138511609,false,הימלאיה סבון דבש לעור רגיל,,,הימלאיה סבון דבש לעו,Unknown,0.00,Unknown,false,1,14.90,14.90,true,1,
8901138511616,false,הימלאיה סבון מלפפון לעור שמן,,,הימלאיה סבון מלפפון,Unknown,0.00,Unknown,false,1,14.90,14.90,true,1,
8901138711900,false,הימלאיה פילינג יומי פנים ללא סבון 150 מל,ניאולייף,IN,הימלאיה פילינג יומי,מיליליטרים,150.00,"100 מ""ל",false,1,39.90,26.60,true,1,
8901138823344,false,הימלאיה שפתון חמאת קקאו,ניאופארם,IN,הימלאיה שפתון חמאת ק,Unknown,0.00,Unknown,false,1,19.90,19.90,true,1,
8901537024014,false,"אורז בסמטי מובחר 1 ק""ג - דוואט) יורה דיעה",הנסיך- מפעל לייצור ט,IN,אורז בסמטי מובחר,גרמים,1000.00,100 גרם,false,1,12.90,1.29,true,1,
8901537076679,false,"אורז בסמטי חום מלא 1 ק""ג דאוואט",האי נאם סי או אל.טי.,IN,אורז בסמטי חום מלא ד,גרמים,1000.00,100 גרם,false,1,12.90,1.29,true,1,
8904018300010,false,יוניק- סבון טבעי איורודי מדימיקס 75 גרם,,,יוניק- סבון טבעי איו,גרמים,75.00,100 גרם,false,1,18.90,25.20,true,1,
8904180001333,false,רוטב מנגו צאטני מתוק 340 גרם,,,רוטב מנגו צאטני מתוק,גרמים,340.00,100 גרם,false,1,19.90,5.85,true,1,
8906009019116,false,"ספירולינה אורגנית 250 טבליות - 1000 מ""ג",,,ספירולינה אורגנית 25,Unknown,0.00,Unknown,false,1,149.90,149.90,true,1,
8934878081811,false,"דפי אורז 22 ס""מ 400 גר'(Trav) ללא גלוטן",דאנינג יוה פודס קו,CN,"דפי אורז 22 ס""מ 400",גרמים,400.00,100 גרם,false,1,11.90,2.98,true,1,
8934878081866,false,"דפי אורז 22 ס""מ מרובעים 400 גרם TRAV",Chanh Khang Company,,"דפי אורז 22 ס""מ מרוב",גרמים,400.00,100 גרם,false,1,10.90,2.73,true,1,
8936071204318,false,"אורז דביק 1 ק""ג",,VN,"אורז דביק 1 ק""ג",גרמים,1000.00,100 גרם,false,1,16.90,1.69,true,1,
8997206332016,false,סוכר קוקוס אורגני 454 גרם אינדונזיה,,,סוכר קוקוס אורגני 45,גרמים,454.00,100 גרם,false,1,21.90,4.82,true,1,
9002859041242,false,גונץ שימורי חומוס 800 גרם,,IT,גונץ שימורי חומוס 80,גרמים,800.00,100 גרם,false,1,15.90,1.99,true,1,
9002859042799,false,גונץ - מוצרט כדורים בשקית 300 גר,GUNZ WARENHANDELS,,גונץ - מוצרט כדורים,גרמים,300.00,100 גרם,false,1,29.90,9.97,true,1,
9002859046346,false,עגבניות מיובשות בשמן 280 גר פיאצלי,,,עגבניות מיובשות בשמן,גרמים,280.00,100 גרם,false,1,20.90,7.46,true,1,
9002859054099,false,מוצרט-שוקולד ממולא 300ג',GUNZ WARENHANDELS,,מוצרט משושה 300 גרם,גרמים,300.00,100 גרם,false,1,29.90,9.97,true,1,
9002859067570,false,דפדפי שוקולד תפוז - גונץ 200 גרם,GUNZ WARENHANDELS,,דפדפי שוקולד תפוז -,גרמים,200.00,100 גרם,false,1,16.70,8.35,true,1,
9002859073199,false,גונץ-וופל קרם אגוז מצופה קקאו 200 גר,,,גונץ-וופל קרם אגוז מ,גרמים,200.00,100 גרם,false,1,11.90,5.95,true,1,
9002859100536,false,בונבוניירה אצבעות שוקולד מוצרט 200 גרם,GUNZ WARENHANDELS,,בונבוניירה מוצרט,גרמים,200.00,100 גרם,false,1,17.70,8.85,true,1,
9002859110252,false,גונץ מוצרט.שוק מריר טראפל ומרציפן 143 ג,,,גונץ מוצרט.שוק מריר,גרמים,143.00,100 גרם,false,1,13.90,9.72,true,1,
9004307067200,false,תערובת מלח הימלאיה פפריקה וצילי 170 גרם,גררד וגנר,AT,תערובת מלח הימלאיה פ,גרמים,170.00,100 גרם,false,1,22.90,13.47,true,1,
9008700128575,false,נקטר פסיפלורה 1 ל' RAUCH,ראוך Rauch,HU,נקטר פסיפלורה 1 ליטר,ליטרים,0.00,ליטר,false,1,14.60,14.60,true,1,
9008700146982,false,מיץ מולטיויטמין פרי אדומים 100% 1 ל ראוך,,,מיץ מולטיויטמין פרי,מיליליטרים,1000.00,"100 מ""ל",false,1,14.60,1.46,true,1,
9044400826861,false,סוכריות פז בטעם בננה אגס אסיאתי 68 גר,פז פרודקשיין יורו,AT,סוכריות פז בטעם בננה,גרמים,68.00,100 גרם,false,1,8.90,13.09,true,1,
9120025839957,false,חטיף מילקה מצונן 128 גרם,,,חטיף מילקה מצונן 128,גרמים,128.00,100 גרם,false,1,15.50,12.11,true,1,
9310072028750,false,טים טם Tim Tam וופל שוקולד ציפוי כפול,"ארנוטס ביסקוויטס בע""",AU,טים טם דאבל 200 גרם,גרמים,200.00,100 גרם,false,1,19.90,9.95,true,1,
9322969000015,false,פריכיות תירס בטעם אורגינל ריל פודס 150 ג',אף.סי תבליני בגליל ב,AU,פריכיות תירס 150 גרם,גרמים,150.00,100 גרם,false,1,12.80,8.53,true,1,
9322969000022,false,פריכיות תירס עם סויה וזרעי פשתן ללא גלוטן,אף.סי תבליני בגליל ב,AU,פרכיות תירס 150 גרם,גרמים,150.00,100 גרם,false,1,12.80,8.53,true,1,
9322969000039,false,פריכיות תירס 150 גרם עם 5 סוגי דגנים,,,פריכיות תירס 150 גרם,גרמים,150.00,100 גרם,false,1,12.80,8.53,true,1,
9322969000046,false,פריכיות תירס שומשום אורגני ריל פודס 150 ג',אף.סי תבליני בגליל ב,AU,פריכויות תירס אורגני,גרמים,150.00,100 גרם,false,1,12.80,8.53,true,1,
9322969000053,false,פריכיות אורז מלא ריל פוד 150 גר,סנו מפעלי ברונוס.,IT,פריכיות אורז מלא ריל,גרמים,150.00,100 גרם,false,1,12.80,8.53,true,1,
9414202058003,false,בקבוק פליפ טופ 475 סיסטמה,,,בקבוק פליפ טופ 475 ס,Unknown,0.00,Unknown,false,1,36.90,36.90,true,1,
9414202214669,false,צמד אחסון מיני סיסטמה,,,צמד מיכלים ליוגורט/ת,Unknown,0.00,Unknown,false,1,39.90,39.90,true,1,
9414202614209,false,קנקן 2 ל סיסטמה,,,אקסנטס - קנקן למיץ 2,Unknown,0.00,Unknown,false,1,49.90,49.90,true,1,
9720188060108,false,טופוטי ממרח על בסיס סויה בסגנון שמנת 340ג',טופוטי ברנדס אינק.ג',IL,שמנת טופו בטעמים 360,גרמים,360.00,100 גרם,false,1,21.90,6.08,true,1,
9871184221359,false,גאודה הולנדית 30% במשקל,,,גאודה הולנדית 30%,Unknown,0.00,"ק""ג",true,0,89.00,89.00,true,1,
9871184221367,false,גאודה עיזים הולנדית במשקל,,,גאודה עיזים הולנדית,Unknown,0.00,"ק""ג",true,0,127.00,127.00,true,1,
