code,internal_code,name,manufacturer_name,manufacture_country,manufacturer_item_description,unit_qty,quantity,unit_of_measure,weighted,qty_in_package,price,unit_of_measure_price,allow_discount,status,item_id
30095137,false,אססי - לק גוון11,לוריאל,DE,לק גוון 11,יחידה,1.00,יחידה,false,1,41.90,41.90,true,1,
30095359,false,לק גוון 33 יח',לוריאל,DE,לק גוון 33,יחידה,1.00,יחידה,false,1,41.90,41.90,true,1,
30095472,false,אססי - לק גוון45,לוריאל,DE,לק גוון 45,יחידה,1.00,יחידה,false,1,41.90,41.90,true,1,
30095526,false,אססי - לק גוון50,לוריאל,DE,לק גוון 50,יחידה,1.00,יחידה,false,1,41.90,41.90,true,1,
30095595,false,אססי - לק גוון57,לוריאל,DE,לק גוון 57,יחידה,1.00,יחידה,false,1,41.90,41.90,true,1,
30095632,false,אססי - לק גוון61,לוריאל,DE,לק גוון 61,יחידה,1.00,יחידה,false,1,41.90,41.90,true,1,
30095656,false,אססי - לק גוון63,לוריאל,DE,לק גוון 63,יחידה,1.00,יחידה,false,1,41.90,41.90,true,1,
30108387,false,מייבלין - מסקרה קולוסאל גו אקס שחור,מייבלין Maybelline,FR,מסקרה שחור,יחידה,1.00,יחידה,false,1,40.00,40.00,true,1,
30145382,false,לוריאל - קולוריש סלים מאט 602,,FR,קולוריש סלים מאט,יחידה,1.00,יחידה,false,1,55.00,55.00,true,1,
30147942,false,לוריאל - קולוריש סלים מאט 640,,FR,קולוריש סלים מאט,יחידה,1.00,יחידה,false,1,55.00,55.00,true,1,
30160903,false,לוריאל - מסקרה אייר 30 שעות,,IT,מסקרה מגה ווליום,יחידה,1.00,יחידה,false,1,50.00,50.00,true,1,
30166967,false,מייבלין - מסקרה סקיי היי,סייפו,IT,מסקרה HIGH SKY,יחידה,1.00,יחידה,false,1,45.00,45.00,true,1,
30171725,false,מסקרה לאש מיני יח',מייבלין,FR,מסקרה לאש מיני,יחידה,1.00,יחידה,false,1,19.90,19.90,true,1,
40052403,false,קיט קט 4 אצבעות שוקולד חלב,נסטלה Nestle,DE,חטיף קיט קאט,גרמים,41.00,100 גרם,false,1,4.90,11.95,true,1,
40144061,false,קנופרס חטיף וופל 25 גרם 24 יח,ליימן שליסל,DE,חטיף וופל,גרמים,25.00,100 גרם,false,1,3.60,14.40,true,1,
42207443,false,"ניוואה קרם רב שימושי קליל 50 מ""ל",ביירסדורץ,IL,קרם ניוואה סופט,מיליליטרים,50.00,"100 מ""ל",false,0,8.90,17.80,true,1,
59082637,false,"רקסונה - דאודורנט רולאון לגבר אקסטרא קול 50 מ""ל",יוניליוור פיליפינים,GB,רקסונה רול און,מיליליטרים,50.00,"100 מ""ל",false,1,17.90,35.80,true,1,
72994061,false,חטיף פסק זמן GOOD גלילית לבן 40 גרם,שולן צ'\יקולטה גידה סאן.,TR,פסק זמן 2 גוד,גרמים,36.00,100 גרם,false,0,5.00,13.89,true,1,
80050025,false,סוכריות טיק טק תפוז 16 גרם,פררו - אלבה,ZA,טיק טק תפוז,גרמים,16.00,100 גרם,false,0,3.90,24.38,true,1,
80050124,false,סוכריות טיק טק מנטה 16 גרם,פררו - אלבה,ZA,סוכריות טיק טק,גרמים,16.00,100 גרם,false,0,3.90,24.38,true,1,
80773443,false,מנטוס בקבוק מעוגל - מסטיק ללא סוכר בטעם מנטה 60 גרם,"פרפטי ואן מלה ג'\ידה,סאן",TR,מסטיק מנטוס,גרמים,60.00,100 גרם,false,1,9.90,16.50,true,1,
80780595,false,מסטיק מנטוס ביג בבקבוק מעוגל טעם מנטה-עדינה 90 ג',פרפטי ואן מלה הולנד,TR,מסטיק מנטוס,גרמים,90.00,100 גרם,false,1,19.90,22.11,true,1,
80790990,false,מסטיק מנטוס בבקבוק מעוגל בטעם פירות -מנטה 60 ג',"פרפטי ואן מלה ג'\ידה,סאן",TR,מסטיק מנטוס,גרמים,60.00,100 גרם,false,1,9.90,16.50,true,1,
80804697,false,מסטיק וויט White בטעם מנטה מתוקה ללא סוכר,פרפטי ואן מלה,TR,מסטיק מנטוס,גרמים,105.00,100 גרם,false,1,19.90,18.95,true,1,
80854753,false,סוכריות מנטוס מנטה 30 יח' ללא סוכר CLEAN BREATH,פרפטי ואן מלה,NL,סוכריות מנטוס,גרמים,21.00,100 גרם,false,1,6.90,32.86,true,1,
80874652,false,קינדר קארדס 120 גרם - בודד,פררו,IT,קינדר קארדס,גרמים,26.00,100 גרם,false,1,4.30,16.54,true,1,
80913467,false,מנטוס בקבוק מעוגל - מסטיק ללא סוכר בטעם מנטה,פרפטי ואן מלה הולנד,TR,מסטיק מנטוס,גרמים,60.00,100 גרם,false,1,9.90,16.50,true,1,
80926481,false,מסטיק מנטוס פיור פרש בבקבוק בינוני בטעם אבטיח 90ג',"פרפטי ואן מלה ג'ידה,סאן",TR,מסטיק מנטוס,גרמים,90.00,100 גרם,false,1,19.90,22.11,true,1,
80936848,false,סוכריות טיק טק תות שדה 24 יח',ליימן-שליסל,ZA,טיק טק תות שדה,גרמים,16.00,100 גרם,false,0,3.90,24.38,true,1,
80945468,false,סוכריות פיור וויט טעם מנטה מתוקה 60 ג' מנטוס,"פרפטי ואן מלה ג'ידה,סאן",TR,מנטוס פיור וויט,גרמים,60.00,100 גרם,false,1,10.90,18.17,true,1,
80979128,false,מנטוס מסטיק בקבוק מעוגל בטעם דובדבן,פרפטי ואן מלה הולנד,TR,מסטיק מנטוס,גרמים,60.00,100 גרם,false,1,9.90,16.50,true,1,
80986348,false,סוכריות פיור וויט טעם מנטה 60 ג' מנטוס,"פרפטי ואן מלה ג'ידה,סאן",TR,מנטוס פיור וויט,גרמים,60.00,100 גרם,false,1,10.90,18.17,true,1,
87108538,false,סוכריות בטעם תות מנטוס 37.5 גרם,הדקלאים אגודת שיתופי,NL,מנטוס תות,גרמים,37.00,100 גרם,false,0,3.90,10.54,true,1,
16000423534,false,חטיפי גרנולה קראנצ'י עם שיבולת שועל ושוקולד מריר נייצ'ר ואלי 5*42 גרם,ג'נרל מילס סאן אדריאן,ES,חטיף נייצ'ר ואלי,גרמים,210.00,100 גרם,false,0,15.90,7.57,true,1,
16000548404,false,חטיפי גרנולה קראנצ'י עם שיבולת שועל ודבש נייצ'ר ואלי 5*42 גרם,ג'נרל מילס סאן אדריאן,ES,חטיף נייטשר ואלי,גרמים,210.00,100 גרם,false,0,15.90,7.57,true,1,
20714287047,false,קליניק אול אבאוט אייז ריץ 15 מל,קליניק,GB,קרם עיניים עשיר,מיליליטרים,15.00,"100 מ""ל",false,0,199.00,1326.67,true,1,
20714678197,false,קליניק סמארט קרם לילה יבש,קליניק,UA,קרם לחות ללילה,מיליליטרים,50.00,"100 מ""ל",false,0,388.00,776.00,true,1,
20714904111,false,קליניק סופר דיפנס קרם לעור יבש עד מעורב,אלקליל,US,קרם לחות מסדרת S,יחידה,1.00,יחידה,false,1,275.00,275.00,true,1,
22548434017,false,מארז וונדרלסט אדפ יח',,FR,מארז וונדרלסט אד,יחידה,1.00,יחידה,false,1,399.00,399.00,true,1,
36000516890,false,ממחטות אף עם אלוורה + ויטמין E תלת שכבתי,חוגלה קימברלי,US,קלינקס לושן,יחידה,1.00,יחידה,false,1,19.90,19.90,true,1,
38000232183,false,פרינגלס ביג אורגינל 149 גרם,פרינגלס מנופקצ'ורינג קונ,US,פרינגלס אורגינל,גרמים,149.00,100 גרם,false,1,9.90,6.64,true,1,
40000514510,false,M&M אריזה קטנה's בוטנים אריזה קטנה 49 גרם,M&M אם אנד אם,US,עדשי מ&מ'ס,גרמים,49.00,100 גרם,false,1,5.00,10.20,true,1,
41554220186,false,מייבלין - ליינר ג'ל שחור,,IL,ליינר ג'ל שחור,יחידה,1.00,יחידה,false,1,35.00,35.00,true,1,
46214731552,false,עוגיות שוקולד צ'יפס 37% גודיס 225 גרם,קריניציה ויטמינה אס,NL,עוגיות ש.צ'יפס,גרמים,225.00,100 גרם,false,0,13.90,6.18,true,1,
77975094778,false,שברי בייגלה סניידרס בטעם דבש חרדל 340 גר,סניידרס אוף האנובר,US,סניידרס דבש חרדל,גרמים,340.00,100 גרם,false,1,16.90,4.97,true,1,
78300081098,false,פלייטקס ספורט עם מוליך רגולר 18 יח,פלייטקס מניפאקטורינג בעמ,US,טמפוני פלייטקס,יחידה,1.00,יחידה,false,1,22.90,22.90,true,1,
78300081111,false,פלייטקס ספורט עם מוליך סופר 18 יח,פלייטקס מניפאקטורינג בעמ,US,טמפוני פלייטקס,יחידה,1.00,יחידה,false,1,22.90,22.90,true,1,
78300098393,false,פלייטקס טמפונים סופר פלוס סימפלי גנטל גלייד,פלייטקס מניפאקטורינג בעמ,US,טמפונים עם מוליך,יחידה,1.00,יחידה,false,1,22.90,22.90,true,1,
79625014624,false,מארז שתי ספוגיות מייק אפ,,IL,מארז שתי ספוגיות,יחידה,1.00,יחידה,false,1,52.00,52.00,true,1,
79625017045,false,מברשת מיני רב שימוש לאפו,,IL,מברשת מיני רב שי,יחידה,1.00,יחידה,false,1,29.00,29.00,true,1,
79625915662,false,ספוגית מייק אפ יח',,IL,ספוגית מייק אפ,יחידה,1.00,יחידה,false,1,29.00,29.00,true,1,
88300607433,false,One Ck א.ד.ט יוניסקס200מ,קלווין קליין,FR,One Ck א.ד.ט,מיליליטרים,200.00,"100 מ""ל",false,0,179.00,89.50,true,1,
192333119921,false,מתנת תיק עם 4 פר,,,מתנת תיק עם 4 פר,יחידה,1.00,יחידה,false,0,49.00,49.00,true,1,
192333119990,false,קיט פברואר 22 יח',,FR,קיט פברואר 22,יחידה,1.00,יחידה,false,1,49.90,49.90,true,1,
192333142004,false,קליניק מארז אנטי אייגינג למראה עור צעיר,אסתי לאודר,US,סט אנטי אייג'ינג,יחידה,1.00,יחידה,false,1,385.00,385.00,true,1,
305210043596,false,"וזלין - תחליב לחות עם תמצית לוונדר 600 מ""ל","יוניליוור, ג'\פרסון סיטי",US,וזלין תחליב לחות,מיליליטרים,600.00,"100 מ""ל",false,1,25.90,4.32,true,1,
638102204721,false,חטיף זון פרפקט פאדג5'יח,אדיר סחר,US,חטיף זון פרפקט פ,יחידה,1.00,יחידה,false,1,59.90,59.90,true,1,
651080153515,false,פלקרס חוט דנטלי לילדים 30 יח,דנטלון,CN,קיסם עם חוט,יחידה,1.00,יחידה,false,1,13.50,13.50,true,1,
651080161510,false,פלקרס פולסר לשיניים צפופות-מנטה 35 יחידו,מיוצר עי קונדיטוריית,CN,קיסם עם חוט,יחידה,1.00,יחידה,false,1,13.50,13.50,true,1,
651080647519,false,קיסמים עם חוט דנטלי פלאקרס מנטה 35 יחידות,"פלקרס רנור ארה""ב",US,קיסם עם חוט,יחידה,1.00,יחידה,false,1,13.50,13.50,true,1,
667548099219,false,"ויקטוריה סיקרט - בודי ספריי אמבר רומאנס 250 מ""ל",ויקטוריה סיקרט,IL,אמבר רומנס,מיליליטרים,250.00,"100 מ""ל",false,1,59.00,23.60,true,1,
667549011548,false,"ויקטוריה סיקרט - בודי ספריי טמפטיישן 250 מ""ל",ויקטוריה סיקרט,US,טמפטיישן פרגרנס,מיליליטרים,250.00,"100 מ""ל",false,1,59.00,23.60,true,1,
719346065405,false,"פנטזי אדפ לאישה 100 מ""ל - בריטני ספירס",בריטני ספירס BRITNEY SPEARS,US,fantasy א.ד.פ,מיליליטרים,100.00,"100 מ""ל",false,0,99.00,99.00,true,1,
719565464522,false,מארז יופי LOL,,CN,מארז יופי LOL,יחידה,1.00,יחידה,false,0,47.90,47.90,true,1,
737052717630,false,"גוצ'י אדט 90 מ""ל",P&G לילית,IL,גוצ'י אדט,מיליליטרים,90.00,"100 מ""ל",false,0,298.00,331.11,true,1,
810905034662,false,"קרם תלתלים 400 מ""ל",,IL,קרם תלתלים,מיליליטרים,400.00,"100 מ""ל",false,1,89.00,22.25,true,1,
810905038066,false,מסכת פלאש מעניקה ברק 200,,IL,מסכת פלאש מעניקה,מיליליטרים,200.00,"100 מ""ל",false,1,109.00,54.50,true,1,
812256021711,false,"אריאנה גראנדה סוויט לייק קנדי א.ד.פ 100 מ""ל",,IL,סוויט לייק קנדי,מיליליטרים,100.00,"100 מ""ל",false,1,209.00,209.00,true,1,
815151025686,false,נומוקור שמפו לשיער 300 מ,,IL,נומוקור שמפו לשי,מיליליטרים,300.00,"100 מ""ל",false,1,99.00,33.00,true,1,
815151025716,false,נומוקור מרכך לשיער 300 מ,,IL,נומוקור מרכך לשי,מיליליטרים,300.00,"100 מ""ל",false,1,79.00,26.33,true,1,
815151025778,false,"מוס נפח 251 מ""ל",,IL,מוס נפח,מיליליטרים,251.00,"100 מ""ל",false,1,99.00,39.44,true,1,
815151025976,false,color-lock VAULT קונדישנ,,IL,color-lock VAULT,מיליליטרים,300.00,"100 מ""ל",false,1,79.00,26.33,true,1,
815151026041,false,"שמפו אנטי פריז 300מ""ל",,IL,שמפו אנטי פריז,מיליליטרים,300.00,"100 מ""ל",false,1,99.00,33.00,true,1,
815151028090,false,סט דוגמיות שמפו+קונדישנר,,IL,סט דוגמיות שמפו+,יחידה,1.00,יחידה,false,1,5.00,5.00,true,1,
815151028106,false,סט דוגמיות color-l VAULT,,IL,סט דוגמיות VAULT,יחידה,1.00,יחידה,false,1,5.00,5.00,true,1,
815151028113,false,סט דוגמיות שמפו+קונדישנר,,IL,סט דוגמיות שמפו+,יחידה,1.00,יחידה,false,1,5.00,5.00,true,1,
887167308039,false,אסתי לאודר רויטאליזינג סופרים קרם לחות,אסתי לאודר,US,קרם אנטי אייגיני,מיליליטרים,50.00,"100 מ""ל",false,1,485.00,970.00,true,1,
887167485488,false,אסתי אדוונס נייט ריפר סרום מתקדם 50 מל,אלקליל,US,סרום תיקון מתקדם,מיליליטרים,50.00,"100 מ""ל",false,1,500.00,1000.00,true,1,
887167620018,false,בלוק באסטר 2022 מארז,אסתי לאודר,CN,בלוק באסטר,יחידה,1.00,יחידה,false,1,569.00,569.00,true,1,
3014260100667,false,אורל בי מברשת שיניים ילדים 3-5 שנים,פרוקטר אנד גמבל,IE,מברשת השיניים,יחידה,1.00,יחידה,false,1,13.90,13.90,true,1,
3014260100698,false,אורל בי מברשת שיניים ילדים 6-12 שנים,פרוקטר אנד גמבל,IE,אורל בי לילדים,יחידה,1.00,יחידה,false,1,13.90,13.90,true,1,
3014260262709,false,סכין גילוח ונוס לנשים 4 יחידות,ג'ילט ונוס Gillette Venus,DE,סכיני גילוח ונ,יחידה,1.00,יחידה,false,0,49.90,49.90,true,1,
3014260283254,false,סכיני גילוח חד פעמי בלו 2 פלוס *5,פרוקטר & גמבל,IL,"סכיני גילוח ח""פ",יחידה,1.00,יחידה,false,0,12.90,12.90,true,1,
3014260289287,false,סכין גילוח גילט בלו 2 לנשים-חמישייה,פרוקטר אנד גמבל,RU,סכיני גילוח,יחידה,1.00,יחידה,false,0,15.90,15.90,true,1,
3059944022415,false,רצועות שעווה מוכנות לשימוש מועשרת בתמציות ובניחוח ורדים,רקיט בנקיזר צרפת,FR,ויט רצועות,יחידה,1.00,יחידה,false,0,38.90,38.90,true,1,
3145891055306,false,"שאנל5 ל'או 100מ""ל",שאנל בישום,IL,"שאנל5 ל'או 100מ""",מיליליטרים,100.00,"100 מ""ל",false,0,620.00,620.00,true,1,
3145891364200,false,"שאנל צ'אנס א.ד.פ ירוק פריץ' 100 מ""ל",שאנל בישום,IL,צ'אנס או פראש אד,מיליליטרים,100.00,"100 מ""ל",false,0,550.00,550.00,true,1,
3348901507653,false,מיס דיור רוז רוזס 100מל,,FR,מיס דיור רוז,מיליליטרים,100.00,"100 מ""ל",false,1,489.00,489.00,true,1,
3349668543021,false,INTENSE INVICTUS א.ד.ט,PUIG בישום,IL,INTENSE INVICTUS,מיליליטרים,100.00,"100 מ""ל",false,0,319.00,319.00,true,1,
3360375006432,false,"ארמני קוד אדט לגבר 125 מ""ל - ג'ורג'יו ארמני",לנקום בישום,FR,Code Armani אדט,מיליליטרים,125.00,"100 מ""ל",false,1,394.00,315.20,true,1,
3386460076388,false,"רושאס מן רושאס - א.ד.ט 100 מ""ל",רבלון בישום,IL,ROCHAS א.ד.ט,מיליליטרים,100.00,"100 מ""ל",false,1,169.00,169.00,true,1,
3386460118125,false,"מונבלאן לג'אנד (ג) אדפ 100 מ""ל",,FR,מונבלאן לגנד אדפ,מיליליטרים,100.00,"100 מ""ל",false,1,259.00,259.00,true,1,
3386460129275,false,מארז קואץ דרים אדפ לאשה,אינטר פרמיום,FR,קואץ דרים סט,יחידה,1.00,יחידה,false,1,299.00,299.00,true,1,
3390150574283,false,פאיו רוז ליפט קרם עיניים עשיר לחיזוק ול,לילית,FR,רוז ליפט קרם עינ,מיליליטרים,15.00,"100 מ""ל",false,1,169.00,1126.67,true,1,
3412242510075,false,אדידס טיים פרוס אדט100מל,COTY,ES,א.ד.ט אדידס,מיליליטרים,100.00,"100 מ""ל",false,0,39.90,39.90,true,1,
3423222013097,false,נרסיסו אומברה אדפ 150 מל,,FR,נרסיסו אומברה אד,מיליליטרים,150.00,"100 מ""ל",false,1,539.00,359.34,true,1,
3423222055912,false,נרסיסו פור הר אדפ מארז,פרסטיג' שיסיידו,FR,מארז נרסיסו פור,יחידה,1.00,יחידה,false,1,499.00,499.00,true,1,
3423473021216,false,"דולצ'ה גבאנה דה וואן אדט 150 מ""ל לגבר",,FR,"דה וואן 150מ""ל",מיליליטרים,150.00,"100 מ""ל",false,1,399.00,266.00,true,1,
3423474891856,false,"דיז איז היר זאדיג אנד וולטר - א.ד.פ 100 מ""ל",זדיג&וולטייר,FR,IS THIS א.ד.פ,מיליליטרים,100.00,"100 מ""ל",false,0,279.00,279.00,true,1,
3423478840652,false,"נרסיסו פודרה (א) אדפ 90מ""ל",נרסיסו רדריגז,FR,PUDREE NARCISO,מיליליטרים,90.00,"100 מ""ל",false,1,399.00,443.33,true,1,
3423478844858,false,"נרסיסו רוג' אדפ לאישה 90 מ""ל - נרסיסו רודריגז",,FR,ROUGE א.ד.פ לאשה,מיליליטרים,90.00,"100 מ""ל",false,1,399.00,443.33,true,1,
3494800280682,false,מרינה דה בורבון סט לאישה,,FR,מרינה דה בורבון,יחידה,1.00,יחידה,false,1,169.90,169.90,true,1,
3574660115154,false,או-בה טמפונים קלאסי סופר 32יח',ג'\ונסון אנד ג'\ונסון,GR,טמפוני או בה,יחידה,1.00,יחידה,false,0,24.90,24.90,true,1,
3574660239829,false,קרם ידיים קל סדרה נורבגית נוטרוגינה 50 מ,ניוטרוג'ינה Neutrogena,FR,קרם ידיים קליל,מיליליטרים,75.00,"100 מ""ל",false,0,28.90,38.53,true,1,
3574660240009,false,טמפונים או בה נורמל,ג'ונסון,GR,או-בה נורמל,יחידה,1.00,יחידה,false,1,14.90,14.90,true,1,
3574661003917,false,מי פה ליסטרין טוטל קר250,ג'\ונסון אנד ג'\ונסון,IT,מי פה ליסטרין,מיליליטרים,250.00,"100 מ""ל",false,0,9.90,3.96,true,1,
3574661098531,false,ניוטרוגינה תחליב גוף מועשר לעור יבש/רגיש,ניוטרוג'ינה Neutrogena,GR,תחליב גוף,מיליליטרים,400.00,"100 מ""ל",false,1,29.90,7.48,true,1,
3574661114637,false,ליסטרין שטיפת פה קול מינט טעם מעודן 500,ג'\ונסון אנד ג'\ונסון,IT,מי פה ליסטרין,מיליליטרים,500.00,"100 מ""ל",false,1,19.90,3.98,true,1,
3574661200019,false,נוטרוגינה ת.גוף ויזבלי ריניו משאבה 400 מל,ניוטרוג'ינה Neutrogena,GR,תחליב גוף,מיליליטרים,400.00,"100 מ""ל",false,1,29.90,7.48,true,1,
3574661352275,false,ליסטירין מי פה פירות יער 250 מל,ג'\ונסון אנד ג'\ונסון,IT,מי פה ליסטרין,מיליליטרים,250.00,"100 מ""ל",false,1,12.90,5.16,true,1,
3574661458748,false,טלק גונסון 200 ג' חדש,ג'ונסון,IT,טלק לתינוקות,גרמים,200.00,100 גרם,false,1,19.90,9.95,true,1,
3574661487618,false,קרפרי מגן תחתון מקסי לארג'' מבושם 48 יח'',ג'ויה מעבדות לקוסמטי,IT,קרפרי מגני תחתון,יחידה,1.00,יחידה,false,1,20.90,20.90,true,1,
3574661487625,false,מגני תחתון פלוס לארג' בניחוח עדין L,הדקלאים אגודת שיתופי,IT,מגן תחתון קרפרי,יחידה,1.00,יחידה,false,1,20.90,20.90,true,1,
3574661491806,false,מי פה אדבנס וויט מנטה מסירה כתמים קשים,ג'\ונסון אנד ג'\ונסון,IT,מי פה ליסטרין,מיליליטרים,500.00,"100 מ""ל",false,1,19.90,3.98,true,1,
3574661498430,false,"ניוטרוג'ינה - תרחיץ גרגירים אשכולית ורודה 150מ""ל",שסטוביץ,FR,אשכולית ורודה תר,מיליליטרים,150.00,"100 מ""ל",false,1,57.90,38.60,true,1,
3574661500355,false,קרפרי מגן תחתון מקסי לונג רגיל 40 יח',ג'ויה מעבדות לקוסמטי,IT,מגני תחתון קרפרי,יחידה,1.00,יחידה,false,1,20.90,20.90,true,1,
3574661501901,false,שטיפה אינטימית יומיומית מכיל תה ירוק ואלוורה,קולגייט פלמוליב,IT,שטיפה אינטימית,מיליליטרים,200.00,"100 מ""ל",false,1,19.90,9.95,true,1,
3574661552576,false,קרפרי מגן תחתון רגיל טנגה לבן 56 יח חדש,הדקלאים אגודת שיתופי,GR,מגני תחתון קרפרי,יחידה,1.00,יחידה,false,1,20.90,20.90,true,1,
3574661552804,false,מגן תחתון קרפרי אלוורה 56 יחידות,הדקלאים אגודת שיתופי,IT,מגני תחתון קרפרי,יחידה,1.00,יחידה,false,1,20.90,20.90,true,1,
3574661552811,false,מגן תחתון קרפרי כותון אוורירי 56 יחידות,הדקלאים אגודת שיתופי,GR,מגן תחתון קרפרי,יחידה,1.00,יחידה,false,1,20.90,20.90,true,1,
3574661554884,false,קרפרי מגן תחתון רגיל טנגה מבושם 56 יח,הדקלאים אגודת שיתופי,IT,מגני תחתון קרפרי,יחידה,1.00,יחידה,false,1,20.90,20.90,true,1,
3574661585857,false,קרפרי תחבושת מקסי נורמל 18 יח,,DE,קרפרי תחבושות מק,יחידה,1.00,יחידה,false,1,19.90,19.90,true,1,
3574661610344,false,נטרוגינה קרם לחות עשיר ומרוכז לעור יבש ע,גונסון אנד גונסון סנטה ב,IT,ניוטרוג'ינה קרם,מיליליטרים,300.00,"100 מ""ל",false,1,26.90,8.97,true,1,
3574661650760,false,נטרוגינה קליר דפנד+ ניקוי אקנה 200 מל,שסטוביץ,GR,קליר דפנד+ניקוי,מיליליטרים,200.00,"100 מ""ל",false,1,59.90,29.95,true,1,
3574669907392,false,ג'ונסון שמפו לתינוק 750,ג'ונסון,IT,ג'ונסון שמפו לתי,מיליליטרים,750.00,"100 מ""ל",false,1,19.90,2.65,true,1,
3574669907972,false,"גונסון בייבי שמפו טיפות של ברק 750 מ""ל",ג'ונסונס Johnson's,IT,ג'ונסון שמפו,מיליליטרים,750.00,"100 מ""ל",false,1,28.90,3.85,true,1,
3574669908948,false,"גונסונס בייבי אל סבון לרחצה עדינה 750 מ""ל",גונסון אנד גונסון,IT,ג'ונסון אל סבון,מיליליטרים,750.00,"100 מ""ל",false,1,24.90,3.32,true,1,
3574669909136,false,"שמן לתינוק גונסון 300 מ""ל",ג'ונסון,IT,שמן תינוקות ג'ונ,מיליליטרים,300.00,"100 מ""ל",false,1,24.90,8.30,true,1,
3600520297262,false,מן אקספרט הידרה אנרגטיק קרם לחות יומי נג,לוריאל,GB,היידרה לחות 5 ב1,מיליליטרים,50.00,"100 מ""ל",false,1,49.90,99.80,true,1,
3600520881799,false,לוריאל - מסקרה טלסקופיק שחור,לוריאל פריז L'OREAL PARIS,IT,TELESCOPIC מסקרה,יחידה,1.00,יחידה,false,0,63.90,63.90,true,1,
3600520932897,false,לוריאל - פודרה טרומאצ N4,סייפו,IT,פודרה טארו מאץ,יחידה,1.00,יחידה,false,0,49.90,49.90,true,1,
3600521627419,false,סומק 150 טרו מאץ,לוריאל,IT,סומק טרו מאץ,יחידה,1.00,יחידה,false,0,56.90,56.90,true,1,
3600521966396,false,לוריאל - שפתון קולוריש 376,סייפו,IT,שפתון קולוריש,יחידה,1.00,יחידה,false,0,58.90,58.90,true,1,
3600523201303,false,לוריאל - דרמו רויטליפט פילר לילה,קרלסרו,DE,קרם לילה,מיליליטרים,50.00,"100 מ""ל",false,1,84.90,169.80,true,1,
3600523206834,false,רויטליפט פילר קרם יום אנטי אייג'ינג להשבת נפח,"קרלסרו, גרמניה",IT,קרם יום,מיליליטרים,50.00,"100 מ""ל",false,1,84.90,169.80,true,1,
3600523337712,false,לוריאל - מג'יק ריטאצ' 6 חום מהגוני,לוריאל,BE,מג'יק ריטאצ' חום,מיליליטרים,75.00,"100 מ""ל",false,1,29.90,39.87,true,1,
3600523584741,false,קולוריש מאט 655יח',לוריאל איפור,FR,קולוריש מאט,יחידה,1.00,יחידה,false,1,59.90,59.90,true,1,
3600523652228,false,"לוריאל - אלביב מרכך טוטאל ריפר 550 מ""ל",לוריאל - אלביב Elvive,TR,אלביב שמפו,מיליליטרים,550.00,"100 מ""ל",false,1,16.90,3.07,true,1,
3600523652242,false,"לוריאל - אלביב שמפו קולור פרוטקט 550 מ""ל",לוריאל - אלביב Elvive,TR,אלביב שמפו,מיליליטרים,550.00,"100 מ""ל",false,1,16.90,3.07,true,1,
3600523652280,false,"לוריאל אלביב שמפו מועשר ב 6 שמנים, 550 מ""ל",לוריאל - אלביב Elvive,TR,אלביב שמפו,מיליליטרים,550.00,"100 מ""ל",false,1,16.90,3.07,true,1,
3600523782574,false,לוריאל - אלביב מסכה דרים לונג 300,לוריאל - אלביב Elvive,DE,מסכה לשיער אלביב,מיליליטרים,300.00,"100 מ""ל",false,1,29.90,9.97,true,1,
3600523784479,false,לוריאל - מייקאפ מאט קאבר 230,,IL,מייק אפ מאט קאבר,מיליליטרים,30.00,"100 מ""ל",false,1,103.90,346.33,true,1,
3600523784509,false,לוריאל - מייקאפ מאט קאבר 320,,IL,מייק אפ מאט קאבר,מיליליטרים,30.00,"100 מ""ל",false,1,103.90,346.33,true,1,
3600523816699,false,לוריאל - דרמו פעולה משולשת פרש ג'ל עברית,"קרלסרו, גרמניה",DE,קרם לחות,מיליליטרים,50.00,"100 מ""ל",false,1,55.00,110.00,true,1,
3600523873920,false,לוריאל - דרמו רויטליפט פילר טפטפת סרום עברית,לוריאל,DE,רויטליפט פילר סר,מיליליטרים,30.00,"100 מ""ל",false,1,84.90,283.00,true,1,
3600523936663,false,לוריאל אייג פרפקט רנסנס קרם יום,לוריאל,DE,אייג'\ פרפקט רנס,מיליליטרים,50.00,"100 מ""ל",false,1,124.00,248.00,true,1,
3600523953554,false,לוריאל - דרמו פרחים מגבונים ורוד עברית,לוריאל,DE,דרמו פרחים מגבונ,יחידה,1.00,יחידה,false,1,15.90,15.90,true,1,
3600523953677,false,לוריאל - דרמו רויטליפט קלאסי יום SPF30 עברית,"קרלסרו, גרמניה",DE,דרמו רויטליפט לח,מיליליטרים,50.00,"100 מ""ל",false,1,69.90,139.80,true,1,
3600523970698,false,"לוריאל - אלביב דרים לונג וונדר ווטר 200 מ""ל",לוריאל,BE,אלביב וונדר ווטר,מיליליטרים,200.00,"100 מ""ל",false,1,29.90,14.95,true,1,
3600523971954,false,לוריאל - דרמו רויטליפט לייזר סרום רטינול,לוריאל,DE,דרמו רויטליפט לי,מיליליטרים,30.00,"100 מ""ל",false,1,109.00,363.33,true,1,
3600523985838,false,לוריאל - דרמו רויטליפט פילר ג'ל ניקוי לפנים,"לוריאל פרודקשן דויטשלנד,",DE,דרמו רויטליפט פ,מיליליטרים,150.00,"100 מ""ל",false,1,40.00,26.67,true,1,
3600524051006,false,"לוריאל - רויטליפט ג'ל ניקוי חומצה גליקולית 150 מ""ל",קרלסרו,DE,רויטליפט ג'ל ניק,מיליליטרים,150.00,"100 מ""ל",false,1,40.00,26.67,true,1,
3600524051211,false,"לוריאל - רויטליפט פילר קרם יום 50 מ""ל",לוריאל,DE,רויטפילט פילר קר,מיליליטרים,50.00,"100 מ""ל",false,1,84.90,169.80,true,1,
3600530733842,false,מייבלין - קונסילר ספוגית 01IAR,מייבלין Maybelline,IL,קונסילר אנטי איג,יחידה,1.00,יחידה,false,1,45.90,45.90,true,1,
3600530733859,false,מייבלין - קונסילר ספוגית 02IAR,,IL,קונסילר אנטי איג,יחידה,1.00,יחידה,false,1,45.90,45.90,true,1,
3600531143459,false,מייבלין - מסקרה לאש שחור,סייפו,IT,מסקרה,יחידה,1.00,יחידה,false,1,39.90,39.90,true,1,
3600531411107,false,מייבלין - שפתון ס.סטיי אינק 15,,IL,שפתון סופר סטיי,יחידה,1.00,יחידה,false,1,43.90,43.90,true,1,
3600531511654,false,נייל קר הכל באחד יח',לוריאל,IL,נייל קר הכל באחד,יחידה,1.00,יחידה,false,1,62.90,62.90,true,1,
3600531511685,false,נייל קר טופ גל סטאר יח',לוריאל,IL,נייל קר טופ גל ס,יחידה,1.00,יחידה,false,1,62.90,62.90,true,1,
3600531513443,false,מייבלין - שפתון ס.סטיי אינק 135,לוריאל,IL,שפתון מאט אינק 1,יחידה,1.00,יחידה,false,1,43.90,43.90,true,1,
3600531531065,false,מייב איילינר עמיד טאטו ליינר ג'ל שחור,,DE,טאטו ליינר ג'ל ש,יחידה,1.00,יחידה,false,1,20.00,20.00,true,1,
3600531537357,false,מייבלין - סומק פיט מי 50,,IL,סומק פיטמי 50,יחידה,1.00,יחידה,false,1,35.00,35.00,true,1,
3600531609771,false,מייבלין - שפתון ליפטר גלוס 03,,FR,שפתון ליפטר גלוס,יחידה,1.00,יחידה,false,1,40.00,40.00,true,1,
3600540928863,false,גרניה מיניראל רול און קליר אינויזיבל,קוסמופול,FR,דאודורנט גרנייה,מיליליטרים,50.00,"100 מ""ל",false,0,11.90,23.80,true,1,
3600541253667,false,"גרנייה - דאודורנט ספריי לאישה אינביזיבל BWC (ורוד) 150 מ""ל","לוריאל ישראל בע""מ",FR,דאו.גרנייה,מיליליטרים,150.00,"100 מ""ל",false,0,11.90,7.93,true,1,
3600541382930,false,גרנייה - מים מיסלרים לכל סוגי העור,"קוסמופול, פולין",PL,מים מיסלריים,מיליליטרים,400.00,"100 מ""ל",false,0,29.90,7.47,true,1,
3600541448476,false,גרניה מינראל רול און דריי קונטרול,"לוריאל ישראל בע""מ",FR,דאודורנט גרנייה,מיליליטרים,50.00,"100 מ""ל",false,1,11.90,23.80,true,1,
3600541928275,false,מי פנים מיסלריים דו-פאזיים מסיר איפור עמיד במים,"קוסמופול, פולין",PL,מים מיסלריים דו,מיליליטרים,400.00,"100 מ""ל",false,1,29.90,7.47,true,1,
3600541940574,false,"גרנייה מים מיסלרים 700 מ""ל",קוסמופול,PL,מים מיסלריים,מיליליטרים,700.00,"100 מ""ל",false,0,40.90,5.84,true,1,
3600542097239,false,גרנייה - מסכת טישו פחם תה שחור,ביוטיקוס אינטרנשיונאל,CN,מסכת טישו פחם,יחידה,1.00,יחידה,false,1,14.90,14.90,true,1,
3600542154772,false,גרנייה מסכת טישו עיניים סקין אקטיב קוקוס,לוריאל,CN,טישו עיניים קוקו,יחידה,1.00,יחידה,false,1,12.90,12.90,true,1,
3600542216623,false,"גרנייה - דאודורנט רול און לאישה אקשן קונטרול רול 96 שעות 50 מ""ל",סופרוקוס,PL,דאודורנט גרנייה,מיליליטרים,50.00,"100 מ""ל",false,1,11.90,23.80,true,1,
3600542267953,false,גרנייה - פיור אקטיב מים מיסלריים 400,גרנייה-קוסמטיקה,PL,פיור מי מיסלר,מיליליטרים,400.00,"100 מ""ל",false,1,29.90,7.47,true,1,
3600542326339,false,גרנייה מיסלר ורדים 400 מ,קוסמופול,PL,גרנייה מיסלר ורד,מיליליטרים,400.00,"100 מ""ל",false,1,29.90,7.47,true,1,
3600542375801,false,גרניה פיור אקטיב 3ב1 פחם 150 מל,לוריאל,FR,פיור אקטיב 3 ב 1,מיליליטרים,150.00,"100 מ""ל",false,1,35.00,23.33,true,1,
3600542385091,false,"גרנייה - דאודורנט רול און לאישה אקשן קונטרול 72 שעות 50 מ""ל",קוסמופול,PL,רול און גרנייה,מיליליטרים,50.00,"100 מ""ל",false,1,11.90,23.80,true,1,
3600542385251,false,"גרנייה - דאודורנט רול און לאישה פרוטקשן 6 כותנה (ורוד) 50 מ""ל",גרנייה Garnier,FR,רול און גרנייה,מיליליטרים,50.00,"100 מ""ל",false,1,11.90,23.80,true,1,
3600542385268,false,"גרנייה - דאודורנט רול און לאישה אינביזיבל BWC (ורוד) 50 מ""ל",לוריאל ישראל קוסמטיקס בע,PL,גרנייה רול און,מיליליטרים,50.00,"100 מ""ל",false,1,11.90,23.80,true,1,
3600542385275,false,"גרנייה - דאודורנט רול און לאישה פיור אקטיב 50 מ""ל",גרנייה Garnier,FR,רול און גרנייה,מיליליטרים,50.00,"100 מ""ל",false,1,11.90,23.80,true,1,
3600542415194,false,גרניה סקין נטורלס קרם לחות BB גוון ללא ש,לוריאל,FR,קרם לחות,מיליליטרים,50.00,"100 מ""ל",false,1,60.00,120.00,true,1,
3600542421683,false,"גרנייה - פרוקטיס היירפוד שמפו בננה 350 מ""ל","אינטרביוטי קוסמטיק בע""\מ",IL,פרוקטיס היירפוד,מיליליטרים,350.00,"100 מ""ל",false,1,14.90,4.26,true,1,
3600542421737,false,גרנייה פרוקטיס היפורד מסכה מקדמיה 390 גר,"אינטרביוטי קוסמטיק בע""\מ",IL,פרוקטיס היירפוד,מיליליטרים,390.00,"100 מ""ל",false,1,41.90,10.74,true,1,
3600542431842,false,גרנייה - קולור נטורלס 4 חום כהה טבעי חדש,לוריאל ישראל קוסמטיקס בע,PL,קולור נטורלס 4,יחידה,1.00,יחידה,false,1,18.90,18.90,true,1,
3600542431859,false,גרנייה - קולור נטורלס 5 חום טבעי חדש,לוריאל ישראל קוסמטיקס בע,PL,צבע שיער קולור,יחידה,1.00,יחידה,false,1,18.90,18.90,true,1,
3600542431866,false,גרנייה קולור נטורלס צבע לשיער חום בהיר 6,גרנייה Garnier,PL,קולור נטורלס 6,יחידה,1.00,יחידה,false,1,18.90,18.90,true,1,
3600542431910,false,גרנייה - קולור נטורלס 2.1 שחור כחול חדש,לוריאל ישראל קוסמטיקס בע,PL,קולור נטורלס 2.1,יחידה,1.00,יחידה,false,1,18.90,18.90,true,1,
3600542431934,false,גרנייה - קולור נטורלס 6.25 חום אגוז חדש,לוריאל ישראל קוסמטיקס בע,PL,קולור נטורלס6.25,יחידה,1.00,יחידה,false,1,18.90,18.90,true,1,
3600542431965,false,גרנייה - קולור נטורלס 5.52 חום דבש חדש,משווק ויבואןn\:לוריאל יש,PL,קולור נטורלס5.52,יחידה,1.00,יחידה,false,1,18.90,18.90,true,1,
3600542431989,false,גרנייה - קולור נטורלס 6.34 חום שוקולד חדש,לוריאל ישראל קוסמטיקס בע,PL,קולור נטורלס6.34,יחידה,1.00,יחידה,false,1,18.90,18.90,true,1,
3600542432061,false,גרנייה - קולור נטורלס 7.1 בלונד טבעי אפרפר חדש,קוסמופול,PL,קולור נטורלס 7.1,יחידה,1.00,יחידה,false,1,18.90,18.90,true,1,
3600542456579,false,גרניה מיסלר ויטמין סי 400 מל,לוריאל,DE,מיסלר ויטמין סי,מיליליטרים,400.00,"100 מ""ל",false,1,29.90,7.48,true,1,
3607345264912,false,"אדידס בודי ספריי לגבר אייס דייב, ללא אלומיניום, 150 מל",אגריפק אס איי לגרדה,ES,ספריי גוף אדידס,מיליליטרים,150.00,"100 מ""ל",false,0,22.90,15.27,true,1,
3614226754301,false,"וולה מוס לנפח והגנה דלוקס 200 מ""ל",דיפלומט,FR,וולה מוס לנפח,מיליליטרים,200.00,"100 מ""ל",false,1,41.00,20.50,true,1,
3614226761651,false,תרסיס קולסטון רוט טאצ' אפ בלונד בהיר - כהה,וולה Wella,FR,קולסטון ספריי,מיליליטרים,75.00,"100 מ""ל",false,1,27.90,37.20,true,1,
3614226761668,false,קולסטון רוט טאצ אפ ספריי שורשים-בלונד בה,וולה Wella,FR,קולסטון ספריי,מיליליטרים,75.00,"100 מ""ל",false,1,27.90,37.20,true,1,
3614228865852,false,סופט קולור 40 חום בינוני,"HFC פרסטיג,'\ שטיינברג,",DE,וולה סופט קולור,יחידה,1.00,יחידה,false,1,41.90,41.90,true,1,
3614229717082,false,וולה מוס לשיער וולה דלוקס למגע חלק כמשי 200 מ,אינטרספריי,FR,וולה מוס מגע משי,מיליליטרים,200.00,"100 מ""ל",false,1,41.00,20.50,true,1,
3614229717099,false,וולה ספריי לשיער וולה דלוקס למגע חלק כמשי 250,אינטרספריי,FR,וולה ספריי לשיער,מיליליטרים,250.00,"100 מ""ל",false,1,46.90,18.76,true,1,
3614273069557,false,"ליברה אינטנס אדפ לאישה 90 מ""ל - איב סאן לורן",,IL,ליברה אינטנס אדפ,מיליליטרים,90.00,"100 מ""ל",false,1,429.00,476.67,true,1,
3614273318105,false,איב סאן לורן Y לה פרפום 100 מל,,FR,בושם לגבר Y לה פ,מיליליטרים,100.00,"100 מ""ל",false,1,439.00,439.00,true,1,
3614273610377,false,מארז מון פריז לאשה אדפ,,FR,מארז מון פריז לא,יחידה,1.00,יחידה,false,1,445.00,445.00,true,1,
3616302076796,false,סופט קולור 10 אספרסו שחור,דיפלומט,DE,סופט קולור 1/0,גרמים,180.00,100 גרם,false,1,41.90,23.28,true,1,
3760022731432,false,Juliette has a gun NOT A PERFUME SUPERDOSE EDP 100ML,GUN A HAS JULIETTE,FR,Perfume A Not,מיליליטרים,100.00,"100 מ""ל",false,0,439.00,439.00,true,1,
3838824129068,false,פאלטה - דלוקס שמני הזנה חום קפה 4-68,הנקל סוד,DE,צבע לשיער פלטה,יחידה,1.00,יחידה,false,0,28.90,28.90,true,1,
3838824240275,false,צבע סמי קיט פלטה 6-65 יח,שוורצקופף והנקל,SI,צבע לשיער פלטה,יחידה,1.00,יחידה,false,0,29.90,29.90,true,1,
3838824381022,false,צבעי שיער חום שוקולד כהה 3-65 סמי קיט פאלטה,שוורצקופף והנקל,DE,צבע לשיער פלטה,יחידה,1.00,יחידה,false,1,29.90,29.90,true,1,
4001683011426,false,או-בה מיני פרו קומפורט16,ג'ונסון,GR,או-בה מיני פרו ק,יחידה,1.00,יחידה,false,1,14.90,14.90,true,1,
4005808128631,false,ניוואה 500 גל רחצה לגבר תמציות ליים,ביירסדורף,DE,ניוואה גל רחצה,מיליליטרים,500.00,"100 מ""ל",false,0,14.90,2.98,true,1,
4005808222698,false,ניוואה לגבר- קצף גילוח לבעלי עור רגיש,ביירסדורץ,DE,קצף גילוח ניוואה,מיליליטרים,200.00,"100 מ""ל",false,0,15.90,7.95,true,1,
4005808293469,false,"ניוואה - דאודורנט ספריי לגבר יבש 150 מ""ל",BEIERSDORF MANUFACTU,DE,ניוואה דאודורנט,מיליליטרים,150.00,"100 מ""ל",false,1,23.90,15.93,true,1,
4005808366392,false,שפתון ליובש כחול קלאסי לבלו 48 גרם,טרופיקל דגיל תעשיות,IL,שפתון לבלו כחול,יחידה,1.00,יחידה,false,1,10.00,10.00,true,1,
4005808650002,false,שפתון לבלו כחול,ביירסדורץ,IL,שפתון לבלו,יחידה,1.00,יחידה,false,0,10.00,10.00,true,1,
4005808650200,false,לבלו שפתון סופט ורוד בודד 4.8גר,אלפא,,שפתון לבלו,יחידה,1.00,יחידה,false,0,10.00,10.00,true,1,
4005808650712,false,לבלו שפתון לחות דובדבן,HELLAS BEIERSDORF,DE,לבלו דובדבן,יחידה,1.00,יחידה,false,0,10.00,10.00,true,1,
4005808650903,false,לבלו הידרו קר,ביירסדורף,DE,לבלו אפרסק,יחידה,1.00,יחידה,false,0,10.00,10.00,true,1,
4005808670611,false,"קרם לחות פנים לעור עדין-יבש ניוואה 50 מ""ל",ביירסדורץ,DE,קרם לחות,מיליליטרים,50.00,"100 מ""ל",false,0,64.90,129.80,true,1,
4005808698103,false,ניוואה תחליב גוף סמוד לעור יבש 500 מל,בטר אנד דיפרנט,DE,ניוואה תחליב גוף,מיליליטרים,500.00,"100 מ""ל",false,1,29.90,5.98,true,1,
4005808702107,false,ניוואה תחליב גוף לעור יבש מאד 500 מל,בטר אנד דיפרנט,DE,ניוואה תחליב גוף,מיליליטרים,500.00,"100 מ""ל",false,1,29.90,5.98,true,1,
4005808813063,false,תחליב לחות לעור רגיש לאחר גילוח,בטר אנד דיפרנט,DE,ניוואה אפטר שייב,מיליליטרים,100.00,"100 מ""ל",false,0,39.90,39.90,true,1,
4005808817405,false,"ג'ל גילוח לעור רגיש ניוואה 200 מ""ל",פרוטרופיק סיה.,PL,ג'ל גילוח ניוואה,מיליליטרים,200.00,"100 מ""ל",false,0,24.90,12.45,true,1,
4005808851515,false,שפתון לבלו גבר בליסט,אלפא,DE,לבלו גבר בליסטר,יחידה,1.00,יחידה,false,0,10.00,10.00,true,1,
4005808890507,false,"ניוואה סופט קרם לחות 200 מ""ל",ניוואה Nivea,ES,קרם ניוואה סופט,מיליליטרים,200.00,"100 מ""ל",false,0,24.90,12.45,true,1,
4005808908585,false,"ניוואה - דאודורנט ספריי לאישה פאודר טאץ 150 מ""ל",ביירסדורץ,DE,דאודורנט ניוואה,מיליליטרים,150.00,"100 מ""ל",false,0,23.90,15.93,true,1,
4005900416391,false,ניוואה Q10 קרם יום אנרגי מועשר בויטמין C,ניוואה ויסאז',DE,קרם יום אנרג'י,מיליליטרים,50.00,"100 מ""ל",false,0,110.00,220.00,true,1,
4005900485243,false,"ניוואה - דאודורנט רול און לגבר דריי פרש 50 מ""ל",ביירסדורף,DE,דאודורנט ניוואה,מיליליטרים,50.00,"100 מ""ל",false,1,23.90,47.80,true,1,
4005900545688,false,ניוואה Q10 קרם יום המסייע למניעת מראה סי,אלפא,DE,קרם יום,מיליליטרים,50.00,"100 מ""ל",false,1,110.00,220.00,true,1,
4005900555915,false,"ניוואה - תחליב רחצה קוקוס וחוחובה 750 מ""ל",ביירסדורף AG,DE,תחליב רחצה,מיליליטרים,750.00,"100 מ""ל",false,1,19.90,2.65,false,1,
4005900661371,false,ניוואה Q10 אקסטרה נורישינג קרם לילה מזין,אלפא,PL,Q10 קרם לילה שמן,מיליליטרים,50.00,"100 מ""ל",false,1,110.00,220.00,true,1,
4005900786975,false,"סרום לומינוס לטיפול מתקדם בכתמים כהים 50 מ""ל",אלפא,PL,סלולר לומינוס 63,מיליליטרים,30.00,"100 מ""ל",false,1,140.00,466.67,true,1,
4005900874962,false,"ניוואה - דאודורנט רול און לגבר דיפ בלק 50 מ""ל",ביירסדורף AG,DE,דאודורנט ניוואה,מיליליטרים,50.00,"100 מ""ל",false,1,23.90,47.80,true,1,
4008600314226,false,נוק זוג מוצצי סיליקון מיקי 6-18 אדום,פרומדיקו,DE,מוצצי מיקי מאוס,יחידה,1.00,יחידה,false,1,39.90,39.90,true,1,
4009900402965,false,אורביט וויט בטעם פירות בקבוקון 46מלבניות,ריגלי פולין,PL,אורביט בקבוקון,גרמים,64.00,100 גרם,false,0,8.90,13.90,true,1,
4009900403023,false,אורביט וויט בטעם מנטה בקבוקון 46 מלבניות,"ב.א מזון בע""מ",PL,אורביט בקבוקון,גרמים,64.00,100 גרם,false,0,8.90,13.90,true,1,
4009900420129,false,מסטיק אורביט פרופשנל פפרמינט בקבוקון 64 גר',מרס נדרלנד,PL,אורביט פפרמינט,גרמים,64.00,100 גרם,false,1,8.90,13.90,true,1,
4009900479998,false,אורביט וויט אוכמניות בקבוקון 46 מלבניות,ריגלי פולין,PL,אורביט בקבוקון,גרמים,64.00,100 גרם,false,0,8.90,13.90,true,1,
4009900484305,false,מסטיק אורביט פרופשיונל סוויטמינט ביגי לבן 60יח',אורביט Orbit,GB,אורביט בקבוק,גרמים,84.00,100 גרם,false,0,10.90,12.98,true,1,
4009900509770,false,אורביט באריזת בקבוק בטעם תות 60 יח',אורביט Orbit,GB,אורביט בקבוק,גרמים,84.00,100 גרם,false,1,10.90,12.98,true,1,
4009900536257,false,מסטיק אורביט רפרשרס ספירמינט בקבוקון ללא סוכר 67 גר',מרס ריגלי קונפקשונרי,PL,אורביט רפרשרס,גרמים,67.00,100 גרם,false,1,13.00,19.40,true,1,
4009900536288,false,מסטיק אורביט רפרשרס פפרמינט בקבוקון ללא סוכר 67 גר',מרס ריגלי קונפקשונרי,PL,אורביט רפרשרס,גרמים,67.00,100 גרם,false,1,13.00,19.40,true,1,
4009900539685,false,"מסטיק פייב באונס בטעם מנטה בקבוקון, 61.8 גרם",ריגלי בעמ רוסיה,PL,מסטיק פייב,גרמים,61.00,100 גרם,false,1,12.90,21.15,true,1,
4009900539746,false,"מסטיק פייב באונס בטעם אבטיח בקבוקון, 61.8 גרם",ריגלי בעמ רוסיה,PL,מסטיק פייב,גרמים,61.00,100 גרם,false,1,12.90,21.15,true,1,
4009900540551,false,מסטיק אורביט רפרשרס טרופיקל בקבוקון ללא סוכר,מרס פולין,PL,אורביט רפרשרס,גרמים,67.00,100 גרם,false,1,13.00,19.40,true,1,
4012273123009,false,נטרוגינה קרם ידיים 50 מל הסדרה הנורבגית,גונסון אנד גונסון,FR,קרם ידיים,מיליליטרים,50.00,"100 מ""ל",false,0,28.90,57.80,true,1,
4014400901191,false,בונבונריית מרסי מבחר ממתקי שוקולד 250 גרם,ליימן מותגים,DE,בונבוניירת מרסי,גרמים,250.00,100 גרם,false,0,24.90,9.96,true,1,
4014400907902,false,"וורטרס אורגינל סוכריות חמאה ללא סוכר בקופסה
42 גרם",תות ממתקי איכות,DE,סוכריות וורטר,גרמים,42.00,100 גרם,false,0,7.90,18.81,true,1,
4014400923711,false,בונבוניירה שוקולד אגוזים טופיפי 125 גרם,ליימן מותגים,DE,טופיפי,גרמים,125.00,100 גרם,false,1,15.90,12.72,true,1,
4015000280372,false,"דאודורנט רול און בניחוח לימון פה 50 מ""ל",שוורצקופף והנקל,DE,דאודורנט FA,מיליליטרים,50.00,"100 מ""ל",false,0,13.90,27.80,true,1,
4015100190786,false,גליס מסכת סרום לשיקום עמוק עם קרטין,שוורצקופף והנקל,SK,מסכת גליס,מיליליטרים,300.00,"100 מ""ל",false,1,23.90,7.97,true,1,
4015400690313,false,טמפונים פרל רגולר טמפקס קומפאק 18 יח,פרוקטר אנד גמבל,HU,טמפקס,יחידה,1.00,יחידה,false,1,23.90,23.90,true,1,
4015400690405,false,טמפונים פרל סופר טמפקס קומפאק 18 יח,פרוקטר אנד גמבל,HU,טמפקס,יחידה,1.00,יחידה,false,1,23.90,23.90,true,1,
4015400990482,false,"אבקת כביסה אריאל קולור 3 ק""ג",פרוקטר אנד גמבל,TR,אבקת אריאל קולור,קילוגרמים,3.00,"ק""ג",false,1,37.90,12.63,true,1,
4015600763251,false,שמפו הד&שולדרס קלאסי600מ,פרוקטר אנד גמבל,RO,שמפו הד&שולדרס,מיליליטרים,600.00,"100 מ""ל",false,0,25.90,4.32,true,1,
4015600763534,false,הד&שולדרס 600 שמפו מגע משי,פרוקטר אנד גמבל,RO,שמפו הד&שולדרס,מיליליטרים,600.00,"100 מ""ל",false,0,25.90,4.32,true,1,
4015600807573,false,"ג'ילט - דאודורנט ג'ל לגבר כדוריות פאוור ראש 75 מ""ל",פרוקטר אנד גמבל,GB,דאודורנט ג'ל,מיליליטרים,75.00,"100 מ""ל",false,0,32.90,43.87,true,1,
4045787068382,false,צבע לשיער פרוטאין קולור- 6.03 חום זהבהב,שוורצקופף והנקל,DE,פרוטאין קולור,יחידה,1.00,יחידה,false,0,23.90,23.90,true,1,
4045787068467,false,"אינדולה - פרוטאין צבע 7 בלונד בינוני 60 מ""ל",שוורצקופף והנקל,DE,פרוטאין קולור,יחידה,1.00,יחידה,false,0,23.90,23.90,true,1,
4045787068498,false,"אינדולה - פרוטאין צבע 7-3 דבש 60 מ""ל",שוורצקופף והנקל,DE,פרוטאין קולור,יחידה,1.00,יחידה,false,0,23.90,23.90,true,1,
4045787068504,false,"אינדולה - פרוטאין צבע 7-35 פקאן 60 מ""ל",שוורצקופף והנקל,DE,פרוטאין קולור,יחידה,1.00,יחידה,false,0,23.90,23.90,true,1,
4056800943739,false,קרם חמצן וולוקסון Welloxon 6%,פרוקטר אנד גמבל,FR,חמצן וולה,מיליליטרים,60.00,"100 מ""ל",false,0,5.90,9.83,true,1,
4056800943791,false,קרם חמצן וולוקסון Welloxon 9%,פרוקטר אנד גמבל,FR,חמצן וולה9%,מיליליטרים,60.00,"100 מ""ל",false,0,5.90,9.83,true,1,
4059729034151,false,Catrice HD Liquid Coverage Foundation 065,,IL,מייק אפ 65-HD,מיליליטרים,30.00,"100 מ""ל",false,1,29.00,96.67,true,1,
4059729034465,false,Cat. HD Liquid Coverage Foundation 046,,IL,מייק אפ HD 46,מיליליטרים,30.00,"100 מ""ל",false,1,29.00,96.67,true,1,
4059729053107,false,Catrice More Than Nude Nail Polish 02,,DE,לק ניוד 02,יחידה,1.00,יחידה,false,1,10.00,10.00,true,1,
4059729191748,false,עפרון קז'אל 270 יח',,DE,עפרון קז'אל 270,יחידה,1.00,יחידה,false,1,9.00,9.00,true,1,
4059729191762,false,Cat. Slim'Matic Ultra Precise Brow Pencil Waterproof 050,,IL,עפרון גבות סלים,יחידה,1.00,יחידה,false,1,14.00,14.00,true,1,
4059729222978,false,Catrice Ten!sational 10 in 1 Dream Primer,,IL,פריימר 10 ב 1,מיליליטרים,30.00,"100 מ""ל",false,1,25.00,83.33,true,1,
4059729248336,false,Cat. Hemp & Mint Glow Lip Balm,,IL,באלם לשפתיים,יחידה,1.00,יחידה,false,1,21.00,21.00,true,1,
4059729248381,false,Cat. Matt Pro Ink Liquid Lipstick 050,,FR,שפתון מט פרו נוז,יחידה,1.00,יחידה,false,1,21.00,21.00,true,1,
4059729248398,false,Cat. Matt Pro Ink Liquid Lipstick 060,,FR,שפתון מט פרו נוז,יחידה,1.00,יחידה,false,1,21.00,21.00,true,1,
4059729248411,false,שפתון מט פרו נוזלי 080 י,,FR,שפתון מט פרו נוז,יחידה,1.00,יחידה,false,1,21.00,21.00,true,1,
4059729250322,false,בוסטר אקסטרים לשפתיים יח,,IL,בוסטר אקסטרים לש,יחידה,1.00,יחידה,false,1,17.00,17.00,true,1,
4059729250551,false,Cat. More Than Nude Nail Polish 06,,IL,לק ניוד יח',יחידה,1.00,יחידה,false,1,10.00,10.00,true,1,
4059729276414,false,ליפגלוס שפתיים מלאות 140,,FR,ליפגלוס שפתיים מ,יחידה,1.00,יחידה,false,1,15.00,15.00,true,1,
4059729277404,false,Cat. More Than Nude Nail Polish 10,,FR,לק ניוד 10 יח',יחידה,1.00,יחידה,false,1,10.00,10.00,true,1,
4059729311351,false,Catrice LIFT UP Volume & Lift Masc. 010,,IT,מסקרה עם אפקט,יחידה,1.00,יחידה,false,0,21.00,21.00,true,1,
4059729312266,false,Catrice Cheek Oil-Infused Blush 010,,IT,סומק בצבע אפרסקי,יחידה,1.00,יחידה,false,0,21.00,21.00,true,1,
4059729312624,false,שפתון +חומצה היאלרונית,,IT,שפתון עם חומצה,יחידה,1.00,יחידה,false,0,15.00,15.00,true,1,
4059729313409,false,צללית עמידה לאורך זמן,,IT,צללית לעיניים,יחידה,1.00,יחידה,false,0,13.00,13.00,true,1,
4059729329424,false,Catrice 20H Ultra Gel Eye Pencil WP 050,,DE,עיפרון לעיניים,יחידה,1.00,יחידה,false,0,10.00,10.00,true,1,
4059729330314,false,צללית עמידה לאורך זמן,,IT,צללית לעיניים,יחידה,1.00,יחידה,false,0,13.00,13.00,true,1,
4059729331786,false,"מייקאפ למראה מאט 30 מ""ל",,IT,מייקאפ למראה מאט,מיליליטרים,30.00,"100 מ""ל",false,0,27.00,90.00,true,1,
4059729332875,false,Catrice All Matt Shine Powd. 100,,IT,פודרה,יחידה,1.00,יחידה,false,0,15.00,15.00,true,1,
4059729333629,false,Catrice Vegan Coll. Matt Lipst. 040,,IT,אודם למראה מאט,יחידה,1.00,יחידה,false,0,17.00,17.00,true,1,
4059729343352,false,מדבקות לשפתיים הידרוג'ל,,KR,מדבקות לשפתיים ה,יחידה,1.00,יחידה,false,1,15.00,15.00,true,1,
4084500065536,false,פנטן קרם לחות מוגברת לעיצוב שיער 300 מל,פרוקטר אנד גמבל,FR,קרם לשיער פנטן,מיליליטרים,300.00,"100 מ""ל",false,0,23.90,7.97,true,1,
4084500471900,false,"ג'ילט - דאודורנט ג'ל לגבר קליר פאוור ראש 70 מ""ל",ג'\ילט פרוקטר אנד גמבל,PL,ג'ילט דאו קליר ג,מיליליטרים,70.00,"100 מ""ל",false,1,22.90,32.71,true,1,
4084500739253,false,"אוראל בי משחת שיניים- להלבנה לובן מהודר 75 מ""ל",פרוקטר אנד גמבל,DE,משחת אורל בי,מיליליטרים,75.00,"100 מ""ל",false,1,29.90,39.87,true,1,
4103330017369,false,חוט דנטלי לניקוי גשרים,פרוקטר & גמבל,IE,חוט דנטלי לניקוי,יחידה,1.00,יחידה,false,1,26.90,26.90,true,1,
4210201078128,false,מברשת שיניים חשמלית נטענת 800 סנסיטיבD16,דיפלומט,DE,אורל בי נטענת,יחידה,1.00,יחידה,false,0,234.00,234.00,true,1,
4210201176688,false,אורל בי ראש חשמלי סנסיטיב 4 יחידות,פרוקטר אנד גמבל,DE,ראש חשמלי 4 יח,יחידה,1.00,יחידה,false,1,89.90,89.90,true,1,
4210201360742,false,אורל בי ראש חשמלי פלקסי סופט 4 יחידות,פרוקטר אנד גמבל,DE,אורל בי 4 ראשים,יחידה,1.00,יחידה,false,1,89.90,89.90,true,1,
4250035288157,false,עפרון קז'אל 10,CATRICE,DE,עפרון קז'אל 10,יחידה,1.00,יחידה,false,0,9.00,9.00,true,1,
4250338446513,false,Cat. Sharpener,CATRICE,DE,מחדד,יחידה,1.00,יחידה,false,0,9.00,9.00,true,1,
4250338474363,false,איילנר נוזלי,CATRICE,DE,איילנר נוזלי,יחידה,1.00,יחידה,false,0,15.00,15.00,true,1,
4250338474431,false,עפרון קז'אל 70,CATRICE,DE,עפרון קז'אל 70,יחידה,1.00,יחידה,false,0,9.00,9.00,true,1,
4250587732399,false,עפרון קז'אל 140,CATRICE,DE,עפרון קז'אל 140,יחידה,1.00,יחידה,false,0,9.00,9.00,true,1,
4250587754230,false,Catrice All Matt Plus Shine Control Powder 010,CATRICE,DE,פודרה מט 10,יחידה,1.00,יחידה,false,0,15.00,15.00,true,1,
4250587792119,false,Cat. Tinted Lip Glow Balm,CATRICE,DE,באלם לשפתיים,יחידה,1.00,יחידה,false,0,21.00,21.00,true,1,
4250947544662,false,Catrice Liquid Camouflage High Coverage Concealer 010,CATRICE,DE,קונסילר נוזלי 1,יחידה,1.00,יחידה,false,0,15.00,15.00,true,1,
4251232282788,false,עפרון קז'אל 260,CATRICE,DE,עפרון קז'אל 260,יחידה,1.00,יחידה,false,0,9.00,9.00,true,1,
4251232283594,false,Cat. Mattlover Lipstick Pen 030,,IL,שפתון מאט 030,יחידה,1.00,יחידה,false,1,21.00,21.00,true,1,
4251232283617,false,Cat. Mattlover Lipstick Pen 050,,IL,שפתון מאט 050,יחידה,1.00,יחידה,false,1,21.00,21.00,true,1,
4251232283624,false,Cat. Mattlover Lipstick Pen 060,,IL,שפתון מאט 060,יחידה,1.00,יחידה,false,1,21.00,21.00,true,1,
4251232284485,false,Cat. Power Gel 2in1 Base & Top Coat,CATRICE,DE,בסיס וטופ 2ב1,יחידה,1.00,יחידה,false,0,10.00,10.00,true,1,
4800888209405,false,רקסונה - דאודורנט סטיק לגבר קובלט דריי 50 גרם,יוניליוור,PH,דאודורנט רקסונה,גרמים,50.00,100 גרם,false,1,20.90,41.80,true,1,
4891228308032,false,סכין גילוח שיק אינטואישן לאישה+5 סכינים,ארץ ייצור סכינים: ארהבn\,US,שיק אינטואישן5+ס,יחידה,1.00,יחידה,false,1,91.90,91.90,true,1,
4891228308049,false,סכין גילוח שיק היידרו 5 סנס לגבר+7סכינים,ארץ ייצור סכינים: ארהבn\,US,הידרו מארז גילוח,יחידה,1.00,יחידה,false,1,91.90,91.90,true,1,
4895115486018,false,BUTTITUDE מסכת ישבן מעצב,,IL,BUTTITUDE מסכת י,יחידה,1.00,יחידה,false,1,19.90,19.90,true,1,
4895115486032,false,BUTTITUDE מסכת ישבן מטהר,,IL,BUTTITUDE מסכת י,יחידה,1.00,יחידה,false,1,19.90,19.90,true,1,
4902430742597,false,ORAL B ProHealth Criss Cross Bacterial Blast BUY 2 GET 1 (SOFT),פרוקטר & גמבל,IN,מברשות שיניים3*,יחידה,1.00,יחידה,false,1,24.90,24.90,true,1,
4902430904629,false,מכשיר גילוח פיוז'ן + סכין 1,ג'\ילט פרוקטר אנד גמבל,PL,מכשיר ג'ילט פיוז,יחידה,1.00,יחידה,false,1,39.90,39.90,true,1,
5000159020312,false,מלטיזרס אריזה קטנה 37 גרם,מלטיזרס Maltesers,NL,שוקולד מלטיזרס,גרמים,37.00,100 גרם,false,1,4.90,13.24,true,1,
5000159376655,false,סוכריות SKITTLES פירות קטן 38 גרם אדום,ריגלי ממתקים,CZ,סוכריות סקיטלס,גרמים,38.00,100 גרם,false,0,2.90,7.63,true,1,
5000159500845,false,סלבריישן מארז מתנה 196 גרם,מיילי,NL,בונבונ.סלבריישן,גרמים,196.00,100 גרם,false,1,22.90,11.68,true,1,
5000204114898,false,גלייד ארוסול מבשם אוויר ניחוח מרכך כביסה,"אס.סי ג'\ונסון,מידרכט, ה",NL,גלייד ארוסול,מיליליטרים,300.00,"100 מ""ל",false,1,8.90,2.97,true,1,
5000394137486,false,רביעיות סוללות אופטימום AA דורסל,פרוקטר אנד גמבל,BE,דורסל אופטימום,יחידה,1.00,יחידה,false,1,24.90,24.90,true,1,
5000394137516,false,רביעיות סוללות אופטימום AAA דורסל,פרוקטר אנד גמבל,BE,דורסל אופטימום,יחידה,1.00,יחידה,false,1,24.90,24.90,true,1,
5000394140899,false,סוללות AA דורסל פלוס - 8 יח',דורסל Duracell,BE,דורסל שמיניות AA,יחידה,1.00,יחידה,false,1,29.90,29.90,true,1,
5010123703509,false,ליסטרין קולמינט 250,ג'ונסון,IL,ליסטרין קולמינט,מיליליטרים,250.00,"100 מ""ל",false,1,9.90,3.96,true,1,
5010415332387,false,טומי טיפי זוג מוצצי לטקס בלון 6M,טומי טיפי,CN,טומי טיפי מוצצי,יחידה,1.00,יחידה,false,0,33.90,33.90,true,1,
5010415333582,false,מוצצים איורי חיות6-18זוג,הכי טבעי-הנסיך,IL,טבעי מוצצים מעוצ,יחידה,1.00,יחידה,false,0,44.90,44.90,true,1,
5010415334138,false,מוצצים זוהר חושך18-36זוג,הכי טבעי-הנסיך,IL,זוג מוצצים,יחידה,1.00,יחידה,false,0,44.90,44.90,true,1,
5010622005012,false,חוט דנטלי אסנשייאל ללא שעווה 50 מטר,פרוקטר אנד גמבל,IE,חוט דנטלי,מטרים,50.00,מטר,false,0,17.90,0.36,true,1,
5010622017947,false,אורל בי חוט דנטלי סאטן מנטה 25 מטר,פרוקטר & גמבל,IE,חוט דנטלי אורל ב,מטרים,25.00,מטר,false,1,15.90,0.64,true,1,
5010724526798,false,שמפו יבש בניחוח דובדבן בטיסט 200 גר,צ'\רצ'\ אנד דיוויט,GB,בטיסט שמפו,מיליליטרים,200.00,"100 מ""ל",false,1,29.90,14.95,true,1,
5010724527511,false,בטיסט שמפו יבש בניחוח טרופי 200 מ'ל,צ'\רצ'\ אנד דיוויט,GB,בטיסט שמפו,מיליליטרים,200.00,"100 מ""ל",false,1,29.90,14.95,true,1,
5011408040791,false,לוריאל - דרמו רויטליפט קלאסי לילה,"קרלסרו, גרמניה",DE,REVITALIFT קרם,מיליליטרים,50.00,"100 מ""ל",false,0,69.90,139.80,true,1,
5028763004368,false,קופסא לשיניים תותבות,איתן ספקים E,GB,קופסא לתותבות,יחידה,1.00,יחידה,false,0,21.90,21.90,true,1,
5029053032658,false,שמיניית ממחטות טישו קלינקס 9 יחידות,חוגלה קימברלי,IT,קלינקס שמיניה,יחידה,1.00,יחידה,false,1,7.90,7.90,true,1,
5029053039725,false,ממחטות נייר קלינקס נטורל פרש קופסה 72 דף,קימברלי קלארק,IL,קלינקס נטורל פרש,יחידה,1.00,יחידה,false,1,12.90,12.90,true,1,
5029053510811,false,תחבושות נורמל פלוס עם כנפיים קוטקס 28 יחידות,קימברלי קלארק,CZ,תחבושות קוטקס,יחידה,1.00,יחידה,false,0,21.90,21.90,true,1,
5029053510828,false,תחבושות סופר פלוס עם כנפיים קוטקס 22יחידות,קימברלי קלארק,CZ,תחבושות קוטקס,יחידה,1.00,יחידה,false,0,21.90,21.90,true,1,
5029053523446,false,קוטקס - תחבושות אולטרה נייט + כנפיים 20 יח',קימברלי קלארק,CZ,תחבושות נייט קוט,יחידה,1.00,יחידה,false,0,21.90,21.90,true,1,
5029053534589,false,קוטקס טמפוני מיני B נורמל 32 יחידות,קימברלי קלארק,CZ,טמפוני קוטקס,יחידה,1.00,יחידה,false,0,27.90,27.90,true,1,
5029053535227,false,קוטקס טמפון עם מוליך נורמל 16 יחידות,קימברלי קלארק,CZ,טמפוני קוטקס,יחידה,1.00,יחידה,false,0,18.90,18.90,true,1,
5029053574141,false,האגיס פול אפס תח.גמילה לילה בנות 18 יחיד,חוגלה,IL,האגיס גמילה בנות,יחידה,1.00,יחידה,false,1,48.90,48.90,true,1,
5029053574158,false,האגיס פול אפס תח.גמילה לילה בנים 18 יחיד,KC צ'כיה,IL,האגיס גמילה בנים,יחידה,1.00,יחידה,false,1,48.90,48.90,true,1,
5029053578309,false,קופסת ממחטות אולטרה סופט 48 דף קלינקס,קימברלי,IL,קלינקס אולטרה,יחידה,1.00,יחידה,false,1,8.90,8.90,true,1,
5029054220085,false,האגיס - מגבוני האגיס אקסטרה קר לא מבושם 56 יח' * 4,קימברלי קלארק,IL,מגבונים לרך נולד,יחידה,1.00,יחידה,false,1,31.90,31.90,true,1,
5060022302280,false,מיסט שיזוף עצמי פנים80מל,ST.TROPEZ,GB,מיסט שיזוף עצמי,מיליליטרים,80.00,"100 מ""ל",false,1,115.00,143.75,true,1,
5060103310012,false,"מולקולה 01 אסנטריק פסים א.ד.ט 100 מ""ל",רבלון בישום,GB,Escentric 01 אדט,מיליליטרים,100.00,"100 מ""ל",false,1,349.00,349.00,true,1,
5201178801054,false,"קרם רב שימושי ניוואה 250 מ""ל",טרופיקל דגיל תעשיות,DE,ניוואה קרם לחות,מיליליטרים,250.00,"100 מ""ל",false,0,24.90,9.96,true,1,
5201263011801,false,מגן תחתון EVERY DAY נורמל 20 יח',,GR,מגני תחתון נורמל,יחידה,1.00,יחידה,false,1,12.90,12.90,true,1,
5201347400545,false,רצועות שעווה מוכנות לשימוש לפנים ולאזורים רגישים,רקיט בנקיזר צרפת,FR,רצועות שעווה ויט,יחידה,1.00,יחידה,false,0,38.90,38.90,true,1,
5202300043151,false,צבע לשיער קולסטון - 8/0 בלונד בהיר,פרוקטר אנד גמבל,DE,קולסטון שפופרת,יחידה,1.00,יחידה,false,0,25.90,25.90,true,1,
5202300043175,false,צבע לשיער קולסטון - 6/0 בלונד כהה,פרוקטר אנד גמבל,DE,קולסטון שפופרת,יחידה,1.00,יחידה,false,0,25.90,25.90,true,1,
5202300043281,false,צבע לשיער קולסטון - 7/1 בלונד אפרפר בינוני,פרוקטר אנד גמבל,DE,קולסטון שפורפרת,יחידה,1.00,יחידה,false,0,25.90,25.90,true,1,
5410091677992,false,"סאיוס - ספריי לשיער לייצוב מקסימלי 400 מ""ל",שוורצקופף והנקל,DE,ספרי עיצוב סאיוס,מיליליטרים,400.00,"100 מ""ל",false,0,46.90,11.73,true,1,
5601036205541,false,צבע לשיער אקסלנס קרם - 3 חום כהה מאוד,לוריאל Loreal,BE,צבע לשיער אקסלנס,יחידה,1.00,יחידה,false,0,42.90,42.90,true,1,
5601036205558,false,צבע לשיער אקסלנס קרם - 4 חום כהה,לוריאל Loreal,BE,צבע שיער אקסלנס,יחידה,1.00,יחידה,false,0,42.90,42.90,true,1,
5601036205589,false,צבע לשיער אקסלנס קרם - 5 חום טבעי,לוריאל Loreal,BE,צבע לשיער אקסלנס,יחידה,1.00,יחידה,false,0,42.90,42.90,true,1,
5601036205596,false,צבע לשיער אקסלנס קרם - 5.3 חום זהוב,לוריאל ישראל קוסמטיקס בע,BE,צבע לשיער אקסלנס,יחידה,1.00,יחידה,false,0,42.90,42.90,true,1,
5601036205626,false,צבע לשיער אקסלנס קרם - 6 בלונד כהה,לוריאל Loreal,BE,צבע שיער אקסלנס,יחידה,1.00,יחידה,false,0,42.90,42.90,true,1,
5601036205657,false,צבע לשיער אקסלנס קרם - 7 בלונד,לוריאל Loreal,BE,צבע לשיער אקסלנס,יחידה,1.00,יחידה,false,0,42.90,42.90,true,1,
5601036205664,false,לוריאל - אקסלנס קרם 7.1 בלונד טבעי אפרפר,ליברמו,BE,צבעי שיער אקסלנס,יחידה,1.00,יחידה,false,0,42.90,42.90,true,1,
5601036205725,false,לוריאל - אקסלנס קרם 10 בלונד מאוד מאוד בהיר,לוריאל ישראל קוסמטיקס בע,BE,צבע שיער אקסלנס,יחידה,1.00,יחידה,false,0,42.90,42.90,true,1,
5900020015174,false,פיטנס חטיפי אנרגיה דגנים בטעם שוקולד נסטלה 6*23.5 גרם,מיוצר עי קונדיטוריית,PL,חטיפי פיטנס 6 יח,גרמים,141.00,100 גרם,false,0,14.90,10.57,true,1,
5901887001744,false,"קרם עיניים 15 מ""ל",,PL,קרם עיניים,מיליליטרים,15.00,"100 מ""ל",false,1,14.90,99.33,true,1,
5901887001751,false,"טונר ניקוי לפנים 200 מ""ל",,PL,טונר ניקוי לפנים,מיליליטרים,200.00,"100 מ""ל",false,1,17.90,8.95,true,1,
5901887010593,false,קרם ידיים וציפורניים 80,,PL,קרם ידיים וציפור,מיליליטרים,80.00,"100 מ""ל",false,1,11.90,14.88,true,1,
5901887018223,false,קרם גוף חלב עיזים 400 מל,,PL,קרם גוף חלב עיזי,מיליליטרים,400.00,"100 מ""ל",false,1,21.90,5.48,true,1,
5901887018230,false,חמאת גוף חלב עיזים 200 מ,,PL,חמאת גוף חלב עיז,מיליליטרים,200.00,"100 מ""ל",false,1,24.90,12.45,true,1,
5901887026785,false,יסמין ק.לילה לגיל +50 50,,PL,יסמין ק.לילה,מיליליטרים,50.00,"100 מ""ל",false,1,24.90,49.80,true,1,
5901887026815,false,יסמין מים מיסלריים +50 2,,PL,יסמין מים מיסלרי,מיליליטרים,200.00,"100 מ""ל",false,1,18.90,9.45,true,1,
5901887029656,false,מנוקה ג'ל לניקוי פנים 20,,PL,מנוקה ג'ל לניקוי,מיליליטרים,200.00,"100 מ""ל",false,1,18.90,9.45,true,1,
5901887029670,false,"מנוקה קרם לילה 50 מ""ל",,PL,מנוקה קרם לילה,יחידה,1.00,יחידה,false,1,19.90,19.90,true,1,
5901887043751,false,"סרום ממריץ ומחליק 50 מ""ל",,PL,סרום ממריץ ומחלי,מיליליטרים,50.00,"100 מ""ל",false,1,24.90,49.80,true,1,
5906485301012,false,"משקה אנרגיה XL פחית 250 מ""ל","טמפו משקאות בע""מ",IL,משקה אנרגיה XL,מיליליטרים,250.00,"100 מ""ל",false,0,5.90,2.36,true,1,
5997321770307,false,ויט רצועות שעווה מוכנות לעור רגיש 12 יחידות,רקיט בנקיזר צרפת,FR,ויט רצעות,יחידה,1.00,יחידה,false,1,38.90,38.90,true,1,
6085010094151,false,"קלאב דה נואיט Club De Nuit א.ד.פ לאישה 105 מ""ל",ארמף Armaf,FR,nuit de club א.ד,מיליליטרים,105.00,"100 מ""ל",false,1,99.00,94.28,true,1,
6294015102642,false,קלאב דה נואי אורבן105מל,,AE,קלאב דה נואי אור,מיליליטרים,105.00,"100 מ""ל",false,1,119.00,113.34,true,1,
6295124030246,false,סאפיל באונד אדט,,AE,סאפיל באונד אדט,יחידה,1.00,יחידה,false,0,59.00,59.00,true,1,
6295124030314,false,"סאפיל אינטנס אדפ 100 מ""ל",,FR,סאפיל אינטנס אדפ,מיליליטרים,100.00,"100 מ""ל",false,1,59.00,59.00,true,1,
6910021100204,false,קולגייט מב. שיניים 360 צרקואל שחור,קולגייט-פלמוליב,IL,מברשת קולגייט 36,יחידה,1.00,יחידה,false,1,10.00,10.00,true,1,
6937266700785,false,שיק אינטואישן סנסיטיב נשים סכיני גילוח*3,שסטוביץ,CN,שיק 3 סכינים,יחידה,1.00,יחידה,false,1,37.90,37.90,true,1,
7038516140357,false,מברשת שיניים ג'ורדן טוטל סופט מארז 4 יחידות,מיוצר במלזיה עבור ג',NO,מברשת שיניים,יחידה,1.00,יחידה,false,0,10.00,10.00,true,1,
7046110028001,false,מברשת שיניים גרין קלין,,MY,מברשת שיניים גרי,יחידה,1.00,יחידה,false,1,13.00,13.00,true,1,
7046110064535,false,מארז זוג מברשת שיניים ג'ורדן ילדים 0-2,ג'ורדן Jordan,MY,מברשות שיניים,יחידה,1.00,יחידה,false,0,19.90,19.90,true,1,
7046110065945,false,גורדן מברשת אינטרדנטל פלקטרום CONE 10 יח,ג'ורדן,IL,XS מברשת אינטרדנ,יחידה,1.00,יחידה,false,0,38.90,38.90,true,1,
7046110066034,false,גורדן מברשת אינטרדנטל פלקטרום MICRO 10יח,ג'ורדן,IL,Mמ.שיניים ג'ורדן,יחידה,1.00,יחידה,false,0,38.90,38.90,true,1,
7046110071519,false,"ג'ורדן משחת שיניים לילדים( 2-6 ) 50מ""ל",דנטלון,IL,משחת שיניים,מיליליטרים,50.00,"100 מ""ל",false,1,11.90,23.80,true,1,
7290000066141,false,ביסלי חטיף בטעם גריל אסם 70 גרם,"אסם השקעות בע""\מ",IL,ביסלי גריל,גרמים,70.00,100 גרם,false,0,4.90,7.00,true,1,
7290000066332,false,אפרופו חטיף תירס אסם 50 גרם,מיוצר עי קונדיטוריית,IL,חטיף אפרופו,גרמים,50.00,100 גרם,false,0,5.90,11.80,true,1,
7290000068770,false,במבה יום הולדת חטיף בוטנים אסם 80 גרם,"אסם השקעות בע""\מ",IL,במבה יום הולדת,גרמים,80.00,100 גרם,false,0,5.90,7.38,true,1,
7290000072753,false,קפה נמס מגורען טסטרס צ'ויס 200 גרם-,נסטלה קוריאה - קפה,KR,קפה טסטרס צ'ויס,גרמים,200.00,100 גרם,false,0,34.90,17.45,true,1,
7290000074245,false,אוסם - קרם קרקר אסם 250 גרם,"אסם השקעות בע""\מ",IL,קרם קרקר אסם,גרמים,250.00,100 גרם,false,0,11.90,4.76,true,1,
7290000076126,false,אוסם - בייגלה שמיניות קטנות 80 גרם,"אסם השקעות בע""\מ",IL,בייגלה שמיניות,גרמים,80.00,100 גרם,false,0,3.30,4.13,true,1,
7290000146645,false,הוואי - סבון מוצק שחור מסתורי 100 גרם רביעייה,טרופיקל דגיל קוסמטיק,IL,סבון הוואי 4 יח,גרמים,400.00,100 גרם,false,0,13.90,3.48,true,1,
7290000146928,false,"משחת שיניים לילדים בטעם ענבים טום וג'רי 50 מ""ל",טרופיקל דגיל קוסמטיק,IL,משחת טום וג'רי,מיליליטרים,50.00,"100 מ""ל",false,0,9.90,19.80,true,1,
7290000146997,false,משחת שיניים לילדים מסטיק טום וג'רי 50 מל,טרופיקל דגיל קוסמטיק,IL,משחת טום וג'רי,מיליליטרים,50.00,"100 מ""ל",false,0,9.90,19.80,true,1,
7290000161631,false,ח.קליק אין אאוט במילוי נוגט,יוניליוור ישראל מזון בע\,IL,קליק IN נוגט,גרמים,38.00,100 גרם,false,0,5.90,15.53,true,1,
7290000178707,false,תפוצ'יפס בטעם טבעי 50 גרם,"שטראוס פריטו ליי בע""\מ )",IL,חטיף תפוצ'יפס,גרמים,50.00,100 גרם,false,0,4.30,8.60,true,1,
7290000187938,false,לילי - נייר טואולט נייר טואלט פסטל 32 יח',לילי נייר טואלט חוגלה,IL,נייר טואלט פסטל,מטרים,588.00,100 מטר,false,0,44.90,7.64,true,1,
7290000187952,false,נייר טואלט תלת שכבתי ורוד לילי 32 יחידות,לילי נייר טואלט חוגלה,IL,נייר טואלט טריו,מטרים,537.00,100 מטר,false,0,48.90,9.11,true,1,
7290000190853,false,לילי פיור נייר טואלט דו שכבתי לבן 30 גלילים,לילי נייר טואלט חוגלה,IL,נייר טואלט לילי,מטרים,537.00,100 מטר,false,0,44.90,8.36,true,1,
7290000191645,false,"חיתולים האגיס ליטל בייביס ניו בורן שלב 1 עד 4 ק""ג",קימברלי קלארק ארהב,US,חיתולי האגיס,יחידה,1.00,יחידה,false,0,33.90,33.90,true,1,
7290000192581,false,מגבת נייר גליל כפול ניקול 12=6 גליל,קימברלי-קלארק,IL,מגבות נייר,מטרים,129.00,מטר,false,1,24.90,0.19,true,1,
7290000193083,false,נובה-לי תחבושות היגייניות לילי 28 יחידות,חוגלה קימברלי,CZ,תחבושות נובה לי,יחידה,1.00,יחידה,false,0,9.90,9.90,true,1,
7290000193472,false,מגן תחתון נטורל נורמל לילי 60 יחידות,חוגלה קימברלי,ES,פדיות לילי,יחידה,1.00,יחידה,false,0,13.90,13.90,true,1,
7290000193656,false,תחבושות עם כנפיים סופר פלוס לילי 24 יחידות,חוגלה קימברלי,ES,תחבושות לילי,יחידה,1.00,יחידה,false,0,13.90,13.90,true,1,
7290000194905,false,שקמה מכנסון גזרתי סופר נייט M,חוגלה קימברלי,IL,מכנסוני שקמה,יחידה,1.00,יחידה,false,1,69.90,69.90,true,1,
7290000195537,false,האגיס - מגבוני האגיס דיילי קר לא מבושם 64 יח' * 4,חוגלה קימברלי,IL,מגבונים האגיס 4י,יחידה,1.00,יחידה,false,0,24.90,24.90,true,1,
7290000195773,false,האגיס - מגבוני האגיס סנסטיב קר לא מבושם 64 יח' * 4,חוגלה קימברלי,IL,מגבונים האגיס 4י,יחידה,1.00,יחידה,false,0,24.90,24.90,true,1,
7290000197456,false,חיתולים פרידום דריי שלב 4 האגיס 44 יחידות,קימברלי קלארק ישראל,IL,חיתולי האגיס,יחידה,1.00,יחידה,false,0,45.90,45.90,true,1,
7290000197463,false,חיתולים פרידום דריי שלב +4 האגיס 40 יחידות,קימברלי קלארק ישראל,IL,חיתולי האגיס,יחידה,1.00,יחידה,false,0,45.90,45.90,true,1,
7290000197548,false,חיתולים פרידום דריי שלב 5 האגיס 36 יחידות,קימברלי קלארק ישראל,IL,חיתולי האגיס,יחידה,1.00,יחידה,false,0,45.90,45.90,true,1,
7290000197678,false,חיתולי האגיס פרידום דריי שלב 6 30 יחידות,קימברלי קלארק ישראל,IL,חיתולי האגיס,יחידה,1.00,יחידה,false,0,45.90,45.90,true,1,
7290000199313,false,תחבושות עם כנפיים נורמל פלוס קוטקס 30 יחידות,חוגלה קימברלי,CZ,קוטקס תחבושות,יחידה,1.00,יחידה,false,0,21.90,21.90,true,1,
7290000201832,false,טיטולים פרימיום שלב 3 50 יחידות,חוגלה קימברלי,IL,טיטולים פרימיום,יחידה,1.00,יחידה,false,1,31.90,31.90,true,1,
7290000201856,false,טיטולים פרימיום שלב4+ 38 יחידות .,חוגלה קימברלי,IL,טיטולים פרימיום,יחידה,1.00,יחידה,false,1,31.90,31.90,true,1,
7290000201863,false,טיטולים פרימיום שלב 5 34 יחידות,חוגלה קימברלי,IL,טיטולים פרימיום,יחידה,1.00,יחידה,false,1,31.90,31.90,true,1,
7290000203560,false,סדיניה שקמה 15 יחידות,חוגלה קימברלי,IL,סדיניה שקמה,יחידה,1.00,יחידה,false,0,51.90,51.90,true,1,
7290000205915,false,חיתולי האגיס אקסטרה קייר מידה 4 40 יחידות,חוגלה קימברלי,IL,חיתולי האגיס,יחידה,1.00,יחידה,false,1,55.90,55.90,true,1,
7290000245294,false,"א.כ. פרסיל סופרא שקית 2.5 ק""ג","הנקל סוד בע""\מ",IL,אבקת כביסה פרסיל,קילוגרמים,2.50,"ק""ג",false,0,27.90,11.16,true,1,
7290000262413,false,חיתולי האגיס אקסטרה קייר מידה 5 34 יחידות,חוגלה קימברלי,IL,חיתולי האגיס,יחידה,1.00,יחידה,false,1,55.90,55.90,true,1,
7290000263359,false,חיתולים ליטל בייביז מידה 1 האגיס 40 יחידות,קימברלי קלארק שיווק,IL,חיתולי האגיס,יחידה,1.00,יחידה,false,0,33.90,33.90,true,1,
7290000287195,false,"סנו רהיט ספריי עשיר בווקס להברקה 305 מ""ל",מיוצר עי קונדיטוריית,IL,סנו רהיט מרסס,מיליליטרים,305.00,"100 מ""ל",false,0,17.90,5.87,true,1,
7290000288079,false,סנו - ז'אוול אקונומיקה לימון 2 ליטר,"סנו מפעלי ברונוס בע""מ",IL,סנו JAVEL מלבין,ליטרים,2.00,ליטר,false,0,13.90,6.95,true,1,
7290000288413,false,סנו-די דוחה יתושים כדורי סנו 50 גרם,גוד פוד פרודקטס S.p,IL,סנו די כדורי,מיליליטרים,50.00,"100 מ""ל",false,0,21.90,43.80,true,1,
7290000288727,false,סנו מקסימה אבקת כביסה מאסק מילוי 1.25,קריות זול,IL,אבקת כביסה,קילוגרמים,1.25,"ק""ג",false,0,18.90,15.12,true,1,
7290000289069,false,סנו - ז'אוול מרסס קצף ניקוי בתוספת אקונומיקה בריח לימון 1 ליטר,"סנו מפעלי ברונוס בע""מ",IL,סנו ג'אוול מרסס,ליטרים,1.00,ליטר,false,0,19.90,19.90,true,1,
7290000293943,false,"מרסס לבן מסיר אבנית 1 ליטר אנטי קאלק ""סנו""",מיוצר עי קונדיטוריית,IL,סנו אנטי קאלק,ליטרים,1.00,ליטר,false,0,17.90,17.90,true,1,
7290000295336,false,סנו מקסימה אבקת כביסה סנסטיב מילוי1.25,סנו מפעלי ברונוס בעמ,IL,אבקת כביסה,קילוגרמים,1.25,"ק""ג",false,0,18.90,15.12,true,1,
7290000295558,false,"רדיד אלומיניום רוחב 30 ס""מ סנו סושי 2 יח' 7.5 מטר",מולינו ניקולי s.p.a,TR,צמד רדידי אלומינ,מטרים,15.00,מטר,false,0,15.90,1.06,true,1,
7290000347752,false,תה ירוק לימונית ולואיזה 25 שקיקים *1.5 ג'' ויסוצקי,תה ויסוצקי,IL,תה ירוק לימונית,גרמים,37.00,100 גרם,false,0,21.90,59.19,true,1,
7290000412481,false,נוזל לניקוי אסלות 00 סנו 1 ליטר,מיוצר עי קונדיטוריית,IL,"מנקה אסלות 00""",ליטרים,1.00,ליטר,false,0,7.90,7.90,true,1,
7290000442044,false,פמינה תחליב רחצה אינטימי חמוציות 220 מל,פמינה,IL,פמינה חמוציות,מיליליטרים,220.00,"100 מ""ל",false,0,27.90,12.68,true,1,
7290000560533,false,אדג' ג'ל ירוק לעור רגיל 198גרם,אס.סי ג'ונסון ובניו,US,אדג' ג'ל לגילוח,גרמים,198.00,100 גרם,false,0,18.90,9.55,true,1,
7290000689180,false,בליסטקס שפתון-סטיק מנטה,מדיליין פריגו,IL,בליסטיק סטיק,יחידה,1.00,יחידה,false,0,9.90,9.90,true,1,
7290000802909,false,עדינול משחה לתינוק קלאסיק 100ג',מיוצר עי קונדיטוריית,IL,עדינול לתינוק,גרמים,100.00,100 גרם,false,0,15.90,15.90,true,1,
7290000803067,false,"משחת שיניים לילדים גילאים 6-2 אלמקס 75 מ""ל",הנסיך- מפעל לייצור ט,PL,משחת שיניים,מיליליטרים,75.00,"100 מ""ל",false,0,17.90,23.87,true,1,
7290001865453,false,פמילי לקשרי 1 ליטר לבנדר ארומטי+משאבה,מיוצר עי קונדיטוריית,TR,סבון נוזלי פמלי,ליטרים,1.00,ליטר,false,0,10.00,10.00,true,1,
7290002000136,false,מגע הדבש -שעווה להסרת שיער למיקרוגל 500 גרם,"ש. שוורץ )באר שבע( בע""\מ",IL,שעוות מגע משי,גרמים,500.00,100 גרם,false,0,27.90,5.58,true,1,
7290002002857,false,"מגע הדבש, ניירות להסרת שיער בשעווה, 50 יחידות","איטיליאן פוד, אס.פי.",IL,נייר שעווה,יחידה,1.00,יחידה,false,0,24.90,24.90,true,1,
7290002041832,false,דאו.רול און לאב ליין80מ,חלאבין,IL,דאו.רול און,מיליליטרים,80.00,"100 מ""ל",false,0,19.90,24.88,true,1,
7290002132011,false,עוגיות מזרחיות מלוחות עבאדי 400 גרם,מאפיית יוסף ושמחה עבאדי,IL,עוגיות מזרחיות,גרמים,400.00,100 גרם,false,0,18.90,4.73,true,1,
7290002515371,false,"קמיל בלו אל סבון לתינוקות ד""ר פישר 1 ליטר",פישר מעבדות פרמצבטיות בע,IL,קמיל בלו לתינוק,ליטרים,1.00,ליטר,false,0,21.90,21.90,true,1,
7290002730675,false,"קולגייט משחת שיניים אדומה משפחתי 100 מ""ל",קולגייט-פלמוליב,PL,משחת שיניים,מיליליטרים,100.00,"100 מ""ל",false,0,12.90,12.90,true,1,
7290002730811,false,"משחת שיניים ג'ל פסים מרעננים קולגייט 100 מ""ל",הנסיך- מפעל לייצור ט,PL,משחת קולגייט ג'ל,מיליליטרים,100.00,"100 מ""ל",false,0,13.90,13.90,true,1,
7290002730941,false,כדורי צמר גפן בלונס 100 יחידות,הנסיך- מפעל לייצור ט,GR,צמר גפן פרוס,גרמים,100.00,100 גרם,false,0,9.90,9.90,true,1,
7290002752332,false,"סוכריות מנטוס פירות בגליל, 37.5 גרם",הדקלאים אגודת שיתופי,NL,סוכריות מנטוס,גרמים,37.00,100 גרם,false,0,3.90,10.54,true,1,
7290002752349,false,סוכריות מנטוס מנטה 40יח' בגליל 38ג',פרפטי ואן מלה,NL,סוכריות מנטוס,גרמים,37.00,100 גרם,false,0,3.90,10.54,true,1,
7290002814016,false,"מסיר שומנים מתז 750 מ""ל סנט מוריץ כשל""פ עד""ח","קומפלקס כימיקלים בע""",IL,מסיר שומנים קר,מיליליטרים,750.00,"100 מ""ל",false,0,15.90,2.12,true,1,
7290002814245,false,מגבוני אקנומיקה בדלי 400 יח',,IL,מטליות אקונומיקה,יחידה,1.00,יחידה,false,1,27.90,27.90,true,1,
7290002814290,false,קצף מרוכז blanco בניחוח לימון משמיד 99.9% חיידקים סנט מוריץ 1 ליטר,קומפלקס כימיקלים בעמ,IL,קצף אקונומיקה,ליטרים,1.00,ליטר,false,1,14.90,14.90,true,1,
7290002814498,false,"סנט מוריץ - מרסס חומץ לניקוי כללי 750 מ""ל",קומפלקס כימיקלים,TR,נוזל ניקוי כללי,מיליליטרים,750.00,"100 מ""ל",false,1,11.90,1.59,true,1,
7290002814542,false,סנט מוריץ שקיות אשפה 75*90 -25 יח',קומפלקס כימיקלים בעמ,CN,אשפתון,יחידה,1.00,יחידה,false,1,12.90,12.90,true,1,
7290002814825,false,סבון אסלה כדוריות שלישייה אוקיינוס כחול,"קומפלקס כימיקלים בע""",TR,כדוריות לאסלה3*,גרמים,150.00,100 גרם,false,1,12.90,8.60,true,1,
7290002814887,false,מטליות רצפה לניקוי ובישום סנטמוריץ,קומפלקס כימיקלים,CN,מטליות רצפה 10יח,יחידה,1.00,יחידה,false,1,10.00,10.00,true,1,
7290003026036,false,"ד""ר פישר - קמיל בלו סנסיטיב אל סבון עדין לתינוק 1 ליטר",פישר מעבדות פרמצבטיות בע,IL,אל סבון קמיל בלו,ליטרים,1.00,ליטר,false,0,24.90,24.90,true,1,
7290003026227,false,"קמיל בלו שמפו לתינוק סנסיטיב אל דמע ד""ר פישר 1 ליטר",פישר מעבדות פרמצבטיות בע,IL,שמפו קמיל בלו,ליטרים,1.00,ליטר,false,0,24.90,24.90,true,1,
7290003026319,false,"קמיל בלו סנסיטיב משחה תינוק ד""ר פישר 120 גרם",פישר מעבדות פרמצבטיות בע,IL,משחת החתלה סנסטי,גרמים,120.00,100 גרם,false,0,18.90,15.75,true,1,
7290003047642,false,תה שחור יילו לייבל 100*1.5 ג' שקיק ליפטון,"יונילוור רוסייה בע""מ",RU,תה ילו לייבל,גרמים,150.00,100 גרם,false,0,11.90,7.94,true,1,
7290003145768,false,בוטנים אמריקאיים 50גר קליית גת,ששון ושות;#039& )ש.ת. תע,IL,בוטן מצופה 50גרם,גרמים,50.00,100 גרם,false,0,3.90,7.80,true,1,
7290003387373,false,דאודורנט ספיד סטיק בסיסי קלאסי פרש ספורט לגבר,הנסיך- מפעל לייצור ט,US,דאודורנט,גרמים,50.00,100 גרם,false,0,17.90,35.80,true,1,
7290003401369,false,"קרם לחות לשיער חוחובה נטורל פורמולה 400 מ""ל",מיוצר עי אמיליה קוסמ,IL,קרם לחות לשיער,מיליליטרים,400.00,"100 מ""ל",false,0,21.90,5.48,true,1,
7290003401376,false,"קרם לחות ועיצוב לשיער אלוורה נטורל 400 מ""ל",מיוצר עי אמיליה קוסמ,IL,קרם לחות לשיער,מיליליטרים,400.00,"100 מ""ל",false,0,21.90,5.48,true,1,
7290003401420,false,"קרם לחות לשיער סיליקון כתום נטורל 400 מ""ל",מיוצר עי אמיליה קוסמ,IL,קרם לחות לשיער,מיליליטרים,400.00,"100 מ""ל",false,0,21.90,5.48,true,1,
7290003423909,false,חטיף קוקיס אנד קרים לבן 43 גרם,ליימן מותגים,US,חטיף שוקולד לבן,גרמים,43.00,100 גרם,false,0,4.90,11.40,true,1,
7290003444009,false,הרשי ריזס חטיף במילוי בוטנים 42 גרם,ליימן מותגים,US,חטיף שוקולד חלב,גרמים,42.00,100 גרם,false,0,3.90,9.29,true,1,
7290003520572,false,מטריות חרובים שקית בודד (בשרוול 6 שקיות),תופינית,,מטריות שוקולד,גרמים,54.00,100 גרם,false,0,16.90,31.30,true,1,
7290003521074,false,"ד""ר פישר - סרקל מרכך שיער לילדים 1 ליטר",פישר מעבדות פרמצבטיות בע,IL,מרכך לילדים סרקל,ליטרים,1.00,ליטר,false,0,27.90,27.90,true,1,
7290004014407,false,עדשי מ&מ'ס חמאת בוטנים46,מרס נדרלנד,US,עדשי מ&מ'ס,גרמים,46.00,100 גרם,false,1,5.00,10.87,true,1,
7290004078263,false,מקלות אוזניים פלסטיק 2* 200 יחידות,ספטונה,GR,מקלוני כותנה,יחידה,1.00,יחידה,false,0,14.90,14.90,true,1,
7290004078942,false,ליידי ספיד סטיק - דאודורנט ג'ל לאישה 65 גרם,קולגייט-פלמוליב,US,דאודורנט,גרמים,65.00,100 גרם,false,0,17.90,27.54,true,1,
7290004731472,false,"שלישיית אלסבון צבעוני כיף 500 מ""ל",טרופיקל דגיל תעשיות,IL,אלסבון כיף 3 יח,ליטרים,1.50,ליטר,false,0,22.90,15.27,true,1,
7290005008184,false,"סבון נוזלי בניחוח חלב שקדים פלמוליב 500 מ""ל",הנסיך- מפעל לייצור ט,TR,סב.נוזלי פלמול,מיליליטרים,500.00,"100 מ""ל",false,0,17.90,3.58,true,1,
7290005008191,false,"סבון נוזלי ארומה בניחוח לבנדר פטצ'ולי וילנג ילנג פלמוליב 500 מ""ל",הנסיך- מפעל לייצור ט,TR,סב.נוזלי פלמוליב,מיליליטרים,500.00,"100 מ""ל",false,0,17.90,3.58,true,1,
7290005084355,false,סנסודין משחת שיניים דואל קר פלואוריד 75,גלקסו סמית קליין,GB,משחת שיניים,מיליליטרים,75.00,"100 מ""ל",false,0,18.90,25.20,true,1,
7290005199738,false,גומי מאסט בטעם פפרמינט ריח פה נעים פליפטופ 28 ג' עלית,"שטראוס גרופ בע""מ",IL,מאסט מנטה מרעננת,גרמים,28.00,100 גרם,false,0,4.50,16.07,true,1,
7290005287206,false,רביעיית טונה בשמן סטארקיסט 160 גרם,"סטארקיסט פודור בע""מ",VN,טונה סטארקיסט4יח,גרמים,640.00,100 גרם,false,0,26.90,4.20,true,1,
7290005423635,false,ריצפז נוזל רצפות דוחה תיקנים סנו 2 ליטר,מיוצר עי קונדיטוריית,IL,ריצפז דוחה חרקים,ליטרים,2.00,ליטר,false,0,22.90,11.45,true,1,
7290005425110,false,"חיטוי משטחים 99.9% מתז מחטא ומשמיד 750 מ""ל","סנו מפעלי ברונוס בע""\מ",IL,מחטא משטחים סנו,מיליליטרים,750.00,"100 מ""ל",false,1,16.90,2.25,true,1,
7290005427770,false,"קרמה - קרם לחות לשיער לגבר 400 מ""ל",טרופיקל דגיל תעשיות,IL,קרמה לחות לשיער,מיליליטרים,400.00,"100 מ""ל",false,0,24.90,6.23,true,1,
7290005427978,false,"תחליב רחצה לפנים פילינג קרמה 180 מ""ל",גוד פוד פרודקטס S.p,IL,תחליב רחצה לפנים,מיליליטרים,180.00,"100 מ""ל",false,0,15.90,8.83,true,1,
7290005430602,false,"סנו אוקסיג'ן ספריי להסרת כתמים עם חמצן פעיל 750 מ""ל","סנו מפעלי ברונוס בע""",IL,אוקסיג'ן מ.כתמים,מיליליטרים,750.00,"100 מ""ל",false,0,16.90,2.25,true,1,
7290005477683,false,"טיטניום - אפטר שייב קלאסי 100 מ""ל",קרליין,IL,טיטניום אפט.שייב,מיליליטרים,100.00,"100 מ""ל",false,0,49.00,49.00,true,1,
7290005500688,false,"פנינה רוזנבלום מסיכה לשיקום ורודה , 1 ק""ג",פנינה רוזנבלום,IL,מסיכה לשיער,קילוגרמים,1.00,"ק""ג",false,0,39.90,39.90,true,1,
7290005587825,false,לוריאל - דרמו מסיר איפור דו פאזי 125 עברית,"קרלסרו, גרמניה",DE,מסיר איפור,מיליליטרים,150.00,"100 מ""ל",false,0,31.90,21.27,true,1,
7290005930935,false,קרם רגליים שפ לבנדר100מל,חלאבין,IL,קרם רגליים לבנדר,מיליליטרים,100.00,"100 מ""ל",false,1,14.90,14.90,true,1,
7290006287106,false,"נטורל - ווקס לשיער לעיצוב אלסטי 120 מ""ל",מיוצר עי : אמיליה קוסמטי,IL,ווקס עיצוב שיער,מיליליטרים,120.00,"100 מ""ל",false,0,31.90,26.58,true,1,
7290006784360,false,חלונית סנט מוריץ לניקוי חלונות 1 ליטר,"קומפלקס כימיקלים בע""",IL,מרסס חלונית,ליטרים,1.00,ליטר,false,0,7.90,7.90,true,1,
7290006784438,false,מרכך כביסה pure love לבן 1 ל' סנט מוריץ,קומפלקס כימיקלים בעמ,TR,LOVE PUREמרכך כב,ליטרים,1.00,ליטר,false,1,11.90,11.90,true,1,
7290006788269,false,קרליין פרפקט קר סרום למיצוק העור,קרליין,IL,סרום למיצוק,מיליליטרים,30.00,"100 מ""ל",false,0,99.00,330.00,true,1,
7290006788481,false,"קרליין - נושם סאן רייס דאודורנט ספריי לאישה כתום 200 מ""ל",מיוצר עי : אמיליה קוסמטי,IL,דאודורנט קרליין,מיליליטרים,200.00,"100 מ""ל",false,0,13.90,6.95,true,1,
7290006791870,false,"נטורל - ג'ל שיער לעיצוב חזק 500 מ""ל",מיוצר עי : אמיליה קוסמטי,IL,ג'ל לעיצוב שיער,מיליליטרים,500.00,"100 מ""ל",false,0,24.90,4.98,true,1,
7290006992185,false,"מטרנה - דייסת אורז פרוביוטי כשל""פ 200 גרם",מולינו ניקולי s.p.a,IL,דייסת אורז,גרמים,200.00,100 גרם,false,0,14.50,7.25,true,1,
7290006992390,false,"מטרנה - דייסת וניל פרוביוטי כשל""פ 200 גרם",מולינו ניקולי s.p.a,IL,דייסת וניל מטרנה,גרמים,200.00,100 גרם,false,0,14.50,7.25,true,1,
7290008104050,false,"שטיפת אינטימית לקטופיל פמינה 220 מ""ל",כצט נוביס סעמ,IL,תחליב פמינה,מיליליטרים,220.00,"100 מ""ל",false,0,27.90,12.68,true,1,
7290008116558,false,ליסטירין מי פה בטעם מנטה מרענן 250 מל,ג'\ונסון אנד ג'\ונסון,IT,מי פה ליסטרין,מיליליטרים,250.00,"100 מ""ל",false,0,9.90,3.96,true,1,
7290008116565,false,ליסטרין שטיפת פה פרש 500 מל,ג'\ונסון אנד ג'\ונסון,IT,מי פה ליסטרין,מיליליטרים,500.00,"100 מ""ל",false,0,19.90,3.98,true,1,
7290008116886,false,בלנאום שמן רחצה טיפולי לתינוקות וילדים 5,ניאופארם,DE,בלנאום בייבי פור,מיליליטרים,500.00,"100 מ""ל",false,0,74.90,14.98,true,1,
7290008264037,false,פינצטה אלכסון,סולינגן,IL,פינצטה אלכסון,יחידה,1.00,יחידה,false,0,39.90,39.90,true,1,
7290008264068,false,פינצטה אלכסון,סולינגן,IL,פינצטה אלכסון,יחידה,1.00,יחידה,false,0,39.90,39.90,true,1,
7290008264266,false,מספריים להב דק,סולינגן,IL,מספריים להב דק,יחידה,1.00,יחידה,false,0,110.90,110.90,true,1,
7290008264365,false,קוצץ בינוני+פלסטיק,סולינגן,IL,קוצץ בינוני+פלסט,יחידה,1.00,יחידה,false,0,34.90,34.90,true,1,
7290008264464,false,מעגל ריסים יח',סולינגן,IL,מעגל ריסים,יחידה,1.00,יחידה,false,1,48.00,48.00,true,1,
7290008264471,false,משייף +ידית לבנה,סולינגן,KP,משייף +ידית לבנה,יחידה,1.00,יחידה,false,0,16.90,16.90,true,1,
7290008264488,false,"פצירת אקריל 18 ס""מ",סולינגן,IL,פצירת אקריל 18 ס,יחידה,1.00,יחידה,false,0,18.00,18.00,true,1,
7290008264518,false,מספריים לעור דק,סולינגן,IL,מספריים לעור דק,יחידה,1.00,יחידה,false,0,45.00,45.00,true,1,
7290008443951,false,336 קולור ניילס-לק,קרליין,IL,לק 336,יחידה,1.00,יחידה,false,0,14.90,14.90,true,1,
7290008464505,false,סאן בנדטו בקבוק פלסטיק 500מל,אקווה מינרלה סאן בנדטו ב,IT,סאן בנדטו רגיל 0,מיליליטרים,500.00,"100 מ""ל",false,0,5.30,1.06,true,1,
7290008750264,false,"מסטיק מאסט ציקלס דובדבן 28 גרם לל""ס מגדים","שטראוס גרופ בע""מ",IL,מסטיק מאסט,גרמים,28.00,100 גרם,false,0,4.50,16.07,true,1,
7290010182985,false,חלאבלין דאודורנט סטיק 72 שעות כחול,חלאבין,IL,דאו.סטיק 50 מל,מיליליטרים,50.00,"100 מ""ל",false,0,29.90,59.80,true,1,
7290010237531,false,פפסי קולה פלסטיק 500מל,סנו מפעלי ברונוס.,IL,פפסי בקבוק,מיליליטרים,500.00,"100 מ""ל",false,0,5.90,1.18,true,1,
7290010237548,false,"פפסי מקס דל קלוריות 500 מ""ל בקבוק",טמפו משקאות בעמ,IL,פפסי מקס,מיליליטרים,500.00,"100 מ""ל",false,0,5.90,1.18,true,1,
7290010381272,false,קרליין - דיפ ליינר שחור 80,קרליין,DE,דיפ ליינר 80,יחידה,1.00,יחידה,false,0,54.90,54.90,true,1,
7290010381524,false,קרליין - עפרון עיניים ללא חידוד 202,קרליין,DE,עפרון עיניים,יחידה,1.00,יחידה,false,0,29.90,29.90,true,1,
7290010381555,false,קרליין - עפרון עיניים ללא חידוד 205,קרליין,DE,עפרון עיניים,יחידה,1.00,יחידה,false,0,29.90,29.90,true,1,
7290010381708,false,קרליין - עפרון שפתיים ללא חידוד 247,קרליין,IL,עפרון שפתיים,יחידה,1.00,יחידה,false,0,29.90,29.90,true,1,
7290010748853,false,"ד""ר פישר - אפקטיב קר קרם ידיים סנסיטיב 150 מ""ל",פישר מעבדות פרמצבטיות בע,IL,קרם ידיים,מיליליטרים,150.00,"100 מ""ל",false,0,9.90,6.60,true,1,
7290010748860,false,"ד""ר פישר - אפקטיב קר קרם ידיים אינטנסיב 150 מ""ל",פישר מעבדות פרמצבטיות בע,IL,קרם ידיים,מיליליטרים,150.00,"100 מ""ל",false,0,9.90,6.60,true,1,
7290010748877,false,"אפקטיב קר קרם גוף סנסטיב לעור רגיש ח 700 מ""ל",פישר מעבדות פרמצבטיות בע,IL,"ד""ר פישר קרם גוף",מיליליטרים,700.00,"100 מ""ל",false,0,24.90,3.55,true,1,
7290010748891,false,אפקטיב קר קרם גוף מולטי ויטמין לעור רגיל יבש ח 7,פישר מעבדות פרמצבטיות בע,IL,קרם גוף,מיליליטרים,700.00,"100 מ""ל",false,0,24.90,3.55,true,1,
7290011026066,false,"ד""ר פישר - סרקל שמפו + מרכך לילדים 1 ליטר",פישר מעבדות פרמצבטיות בע,IL,סרקל 2 ב1-,ליטרים,1.00,ליטר,false,0,27.90,27.90,true,1,
7290011132507,false,סן בנדטו- מים מנרליים - מוגז עדין 500 מל,אקווה מינרלה סאן בנדטו ב,IT,סאן בנדטו מוגז 0,מיליליטרים,500.00,"100 מ""ל",false,0,5.00,1.00,true,1,
7290011447014,false,מטרנה דייסת סלט פירות 200 גרם,מטרנה תעשיות ש.מ,IL,דייסת מטרנה,גרמים,200.00,100 גרם,false,0,14.50,7.25,true,1,
7290011598211,false,"סנו - אנטי קאלק מרסס ניקוי כללי 4 ב-1 700 מ""ל",מיוצר עי קונדיטוריית,IL,סנו אנטי קאלק,מיליליטרים,700.00,"100 מ""ל",false,0,16.90,2.41,true,1,
7290011618025,false,בייבי ביס הוט קידס נגיסי אורז לתינוק,גואנז'ו יונג וואנט פ,CN,בייבי ביס,גרמים,50.00,100 גרם,false,0,14.90,29.80,true,1,
7290011618124,false,נגיסי אורז לתינוקות בטעם ירקות,גואנז'ו יונג וואנט פ,CN,בייבי ביס,גרמים,50.00,100 גרם,false,0,14.90,29.80,true,1,
7290011618131,false,"בייבי ביס חטיף אורז כשל""פ בטעם גזר",גואנז'ו יונג וואנט פ,CN,בייבי ביס,גרמים,50.00,100 גרם,false,0,14.90,29.80,true,1,
7290011618216,false,בייבי ביס טעם בננה 50 גר,גואנז'ו יונג וואנט פ,CN,בייבי ביס,גרמים,50.00,100 גרם,false,0,14.90,29.80,true,1,
7290011622442,false,טבעונים - חטיף טבעות דגנים מלאים בטעם טבעי 45 גרם,הארט Heart,IL,חטיף בריאות,גרמים,45.00,100 גרם,false,0,7.50,16.67,true,1,
7290011743833,false,"סנסודיין משחת שיניים פרונאמל 75 מ""ל",גלקסו סמית קליין,GB,משחת שיניים,מיליליטרים,75.00,"100 מ""ל",false,0,21.90,29.20,true,1,
7290011745707,false,משחת שיניים פרונמל Pro namel לילדים לגילאי 6-12,גלקסו סמית קליין,SK,משחת שיניים,מיליליטרים,50.00,"100 מ""ל",false,0,15.90,31.80,true,1,
7290011765088,false,ג'ל גילוח לעור רגיל מנטול Cool,טרופיקל דגיל תעשיות,TR,ג'ל גילוח קרמה,מיליליטרים,200.00,"100 מ""ל",false,0,16.90,8.45,true,1,
7290011765095,false,קרמה מן גל גילוח אלוורה ירוק 200 מל,טרופיקל דגיל תעשיות,TR,ג'ל גילוח קרמה,מיליליטרים,200.00,"100 מ""ל",false,0,16.90,8.45,true,1,
7290011765316,false,מברשת שיניים לילדים עם שעון 4-8 אורביטול,החברה הדרומית,CN,מברשת שיניים,יחידה,1.00,יחידה,false,0,9.90,9.90,true,1,
7290011765446,false,משחת שיניים לילדים בוב ספוג בטעם מיץ ענבים עם פלואוריד למניעת עששת,טרופיקל דגיל תעשיות קוסמ,IL,משחת שיניים,גרמים,70.00,100 גרם,false,0,11.90,17.00,true,1,
7290011870232,false,שלט מארז 8 סוללה פוג,פוג'יקום,CN,סוללות פוג'יקום,יחידה,1.00,יחידה,false,0,16.90,16.90,true,1,
7290011870263,false,סוללה אצבע מארז 8 פו,פוג'יקום,CN,סוללות פוג'יקום,יחידה,1.00,יחידה,false,0,16.90,16.90,true,1,
7290011870270,false,פוג'יקום סוללות מארז 12 יח' AA,פוג'יקום,CN,סוללות פוג'י,יחידה,1.00,יחידה,false,0,19.90,19.90,true,1,
7290011912642,false,ליסטרין שטיפת פה הגנה על השיניים והחניכי,ג'\ונסון אנד ג'\ונסון,IT,מי פה ליסטרין,מיליליטרים,500.00,"100 מ""ל",false,0,19.90,3.98,true,1,
7290012116025,false,שמפו פיית הפרפרים לסירוק קל מכיל רוזמרין,קוסמופארם בע'\'\מ,IL,שמפו כיף,מיליליטרים,750.00,"100 מ""ל",false,0,13.90,1.85,true,1,
7290012116032,false,כיף פיות מרכך לסירוק קל 750 מל,טרופיקל דגיל תעשיות,IL,מרכך כיף,מיליליטרים,750.00,"100 מ""ל",false,0,13.90,1.85,true,1,
7290012116612,false,אורביטול מברשת שיניים מארז 4 יח',ג'נרל מילס סאן אדריא,CN,4 מברשות שיניים,יחידה,1.00,יחידה,false,0,16.90,16.90,true,1,
7290012117534,false,מרכך כביסה מרוכז תכלת קול סנו מקסימה 1 ליטר,"סנו מפעלי ברונוס בע""\מ",IL,מקסימה ס.מרוכז,ליטרים,1.00,ליטר,false,0,18.90,18.90,true,1,
7290012193071,false,גורדן קסמי שיניים דקים מארז זוג,ג'ורדן,IL,ג'ורדן מארז זוג,יחידה,1.00,יחידה,false,0,28.90,28.90,true,1,
7290012352034,false,"נטורל - קרם לחות עם שמן אגוז מקדמיה לשיער מתולתל 400 מ""ל",נטורל פורמולה Natural Formula,IL,קרם לחות נטורל,מיליליטרים,400.00,"100 מ""ל",false,0,25.90,6.48,true,1,
7290012367700,false,קרם גוף אינטנסיב רליף Intensive relief לעור יבש ומגורה,פישר מעבדות פרמצבטיות בע,IL,קרם גוף,מיליליטרים,700.00,"100 מ""ל",false,0,24.90,3.55,true,1,
7290012367717,false,קרם ידיים וציפורניים Intensive relief לעור יבש ומגורה,פישר מעבדות פרמצבטיות בע,IL,קרם ידיים,מיליליטרים,150.00,"100 מ""ל",false,0,9.90,6.60,true,1,
7290012491405,false,"סבון טבעי לניקוי בקבוקים, מוצצים ומשאבות חלב",מאמי קר Mommy Care,IL,סבון ניקוי בקבוק,מיליליטרים,230.00,"100 מ""ל",false,0,25.90,11.26,true,1,
7290012938580,false,"סנסודיין משחת שיניים להלבנה עדינה 75 מ""ל",גלקסוסמית'\קליין קונסיומ,GB,משחת סנסודיין,מיליליטרים,75.00,"100 מ""ל",false,0,18.90,25.20,true,1,
7290012938740,false,"משחת שיניים פרש מינט מנטה 75מ""ל סנסודיין",גלקסו סמית קליין,GB,משחת סנסודיין,מיליליטרים,75.00,"100 מ""ל",false,0,18.90,25.20,true,1,
7290012938924,false,אקוהפרש מי פה ללא אלכוהול 500 מל,מולינו ניקולי s.p.a,GB,מי פה אקווה פרש,מיליליטרים,500.00,"100 מ""ל",false,0,20.90,4.18,true,1,
7290013083678,false,תחליף חלב מטרנה אקסטרה קר שלב 2 700 גרם,מולינו ניקולי s.p.a,IL,מטרנה אקסטרה קר,גרמים,700.00,100 גרם,false,0,59.90,8.56,true,1,
7290013269003,false,מרכך כביסה סופר מרוכז בייבי לתינוקות ולעור רגיש,"סנו מפעלי ברונוס בע""\מ",IL,מקסימה מרכך,ליטרים,1.00,ליטר,false,0,18.90,18.90,true,1,
7290013269287,false,סנו - מקסימה ג'ל כביסה מרוכז מאסק 3 ליטר,"סנו מפעלי ברונוס בע""\מ",IL,ג'ל כביסה מרוכז,ליטרים,3.00,ליטר,false,0,29.90,9.97,true,1,
7290013269638,false,ספוג הפלא אקסטרה Extra- מארז 6 יח',החברה הדרומית,IL,ספוג הפלא אקסטרה,יחידה,1.00,יחידה,false,0,13.90,13.90,true,1,
7290013269645,false,ריצפז פרש מטליות לחות לריצפה בניחוח מאסק 10 יחידות,סנו מפעלי ברונוס בעמ,IL,מטליות ריצפז,יחידה,1.00,יחידה,false,0,13.90,13.90,true,1,
7290013269751,false,מטליות לחותריצפז פרש לניקוי ריצפה בניחות מלון בוטיק 10 יח' סנו,טרופיקל דגיל תעשיות,IL,מטליות ריצפז,יחידה,1.00,יחידה,false,1,13.90,13.90,true,1,
7290013310859,false,ערכה לניקוי האף ואוזניים,LTD E.L.CO,CN,ערכת ניקוי לאף,יחידה,1.00,יחידה,false,0,27.90,27.90,true,1,
7290013412300,false,חִתוּלִים נועם סופת אל נאית L,"DPLבע""מ",IL,חיתולי נועם,יחידה,1.00,יחידה,false,0,65.90,65.90,true,1,
7290013412317,false,חִתוּלִים נועם סופת אל נאית XL,"DPLבע""מ",IL,חיתולי נועם,יחידה,1.00,יחידה,false,0,65.90,65.90,true,1,
7290013652157,false,"ד""ר פישר - נטורל קר מגבונים להסרת איפור לעור רגיל יבש 30 יח' * 3",פישר מעבדות פרמצבטיות בע,IL,מגבונים 3 יח,יחידה,1.00,יחידה,false,0,19.90,19.90,true,1,
7290013652812,false,"נטורל קר קרם ידיים רגיל/יבש 150 מ""ל",פישר מעבדות פרמצבטיות בע,IL,קרם ידיים נטורל,מיליליטרים,150.00,"100 מ""ל",false,0,13.90,9.27,true,1,
7290013848420,false,דאודורנט גל קרמה מן אנטיפרספירנט 70 מל,גוד פוד פרודקטס S.p,IL,דאו.ג'ל ספורט,מיליליטרים,70.00,"100 מ""ל",false,0,19.90,28.43,true,1,
7290013848758,false,מקסימה גל כביסה מרוכז בייבי 3ליטר סנסטיב,"סנו מפעלי ברונוס בע""\מ",IL,ג'ל לכביסה בייבי,ליטרים,3.00,ליטר,false,0,37.90,12.63,true,1,
7290014059085,false,"משחת שיניים סנסודיין 75 מ""ל פרימיום לשיקום והגנה","סמית קליין ביצ'ם בע""",GB,משחת סנסודיין,מיליליטרים,75.00,"100 מ""ל",false,0,21.90,29.20,true,1,
7290014204560,false,"פנינהרוזנבלום- סבון נוזלי לידיים שלישיה,3*500 מ""ל",פ.רוזנבלום כללי,IL,פנינה-סבון 500,ליטרים,1.50,ליטר,false,0,9.90,6.60,true,1,
7290014547353,false,סנסודין זוג מברשות שיניים דואלקר ירוק+יר,"L Co., Industrial Shummi",CN,2 מברשו סנסודיין,יחידה,1.00,יחידה,false,1,29.90,29.90,true,1,
7290014901896,false,"מי פה סנסודיין מנטה מרענן 500 מ""ל",גלקסוסמיתקליין,GB,סנסודיין מי פה,מיליליטרים,500.00,"100 מ""ל",false,1,19.90,3.98,true,1,
7290015155823,false,מחית תפוחי עץ חטיפטף ללא תוספת סוכר,פרוטה פודיווין איי.א,CZ,חטיפטף פרינוק,גרמים,120.00,100 גרם,false,1,5.00,4.17,true,1,
7290015155830,false,מחית תפוחי עץ ובננה חטיפטף ללא תוספת סוכר,פרוטה פודווין איי.אס,CZ,חטיפטף פרינוק,גרמים,120.00,100 גרם,false,1,5.00,4.17,true,1,
7290015176446,false,אוזניות סטריאו עם מיקרופ,פוג'יקום,CN,אוזניות עם מקרופ,יחידה,1.00,יחידה,false,1,32.90,32.90,true,1,
7290015176491,false,כבל מקצועי לאייפון יח',פוג'יקום,CN,כבל מקצועי לאיפו,יחידה,1.00,יחידה,false,1,54.90,54.90,true,1,
7290015366250,false,"סטייל - ספריי קרטין לשיער 120 מ""ל",א.ל. ארמן,IL,ספריי קרטין,מיליליטרים,100.00,"100 מ""ל",false,1,32.90,32.90,true,1,
7290015366663,false,"משחת שיניים מנטה עדין אקווה פרש 100 מ""ל",גלקסוסמיתקליין,SK,משחה אקווה פרש,מיליליטרים,100.00,"100 מ""ל",false,1,7.90,7.90,true,1,
7290015366670,false,משחת שיניים הגנה משולשת מנטה מרענן,גלקסוסמיתקליין,SK,משחה אקווה פרש,מיליליטרים,100.00,"100 מ""ל",false,1,7.90,7.90,true,1,
7290015366748,false,"שמן לשיער ארגן קוקוס סטייל 120 מ""ל",א.ל ארמן,IL,שמן לשיער סטייל,מיליליטרים,120.00,"100 מ""ל",false,1,48.90,40.75,true,1,
7290015470384,false,קרם ידיים מטפח אינטנסיב מועשר בשמן שקדים,אינטרקוסמא,IL,קרם ידיים פנג'ל,מיליליטרים,100.00,"100 מ""ל",false,1,11.90,11.90,true,1,
7290015733229,false,תרכובת מזון לתינוקות חלבי שלב 2 אקסטרה קר מהדרין,מטרנה,IL,מטרנה אקסטרה,גרמים,700.00,100 גרם,false,1,59.90,8.56,true,1,
7290015733427,false,מטרנה דייסת גם וגם וניל פרו12*300ג 2019,מולינו ניקולי s.p.a,IL,דייסת מטרנה,גרמים,300.00,100 גרם,false,1,19.90,6.63,true,1,
7290015733441,false,מטרנה דייסת גם וגם דגנים פרו 300 גר',מטרנה תעשיות ש.מ,IL,דייסת מטרנה,גרמים,300.00,100 גרם,false,1,19.90,6.63,true,1,
7290015733557,false,מטרנה גולד TO GO שלב 1 135 גרם,מטרנה תעשיות ש.מ.,IL,מטרנה טו גו,גרמים,135.00,100 גרם,false,1,14.90,11.04,true,1,
7290015733977,false,תרכובת מזון קומפורט על בסיס חלבי דל לקטוז,מטרנה תעשיות ש.מ.,IL,מטרנה קומפורט עם,גרמים,700.00,100 גרם,false,1,69.90,9.99,false,1,
7290016197600,false,דיפנד - תחבושת לנשים נורמל 12 יח',קימברלי קלארק,VN,תחבושות דיפנד,יחידה,1.00,יחידה,false,1,19.90,19.90,true,1,
7290016197617,false,תחבושת לנשים אקסטרה דיפנד 10 יחידות,קימברלי קלארק,VN,תחבושות דיפנד,יחידה,1.00,יחידה,false,1,19.90,19.90,true,1,
7290016197624,false,תחבושות לנשים סופר דיפנד 8 יחידות,קימברלי קלארק,VN,תחבושות דיפנד,יחידה,1.00,יחידה,false,1,19.90,19.90,true,1,
7290016230888,false,סוללות V3 5) יחידות( 5 י,פוג'יקום,IL,סוללות V3,יחידה,1.00,יחידה,false,1,21.90,21.90,true,1,
7290016299076,false,"ARGANIA שמפו טיפולי חומצה היאלרונית וקרטין ללא SLS ללא פארבן ללא מלחים ללא רכיבים מן החי 450 מ""ל",ארגניה יצור ושיווק,IL,שמפו טיפולי חומצ,מיליליטרים,450.00,"100 מ""ל",false,1,39.90,8.87,true,1,
7290016299359,false,"ARGANIA - מרכך ארגן לכל סוגי השיער ללא ס.ל.ס 450 מ""ל",ארגניה יצור ושיווק,IL,מרכך ארגן ללאSLS,מיליליטרים,450.00,"100 מ""ל",false,1,38.90,8.64,true,1,
7290016299403,false,"ARGANIA - קרם לחות לשיער המועשר בשמן קיק ללא ס.ל.ס 400 מ""ל",ארגניה,IL,קרם לחות שמן קיק,מיליליטרים,400.00,"100 מ""ל",false,1,44.90,11.23,true,1,
7290016299410,false,ארגניה שמפו חומצה היאלורונית וחמאת שיאה,ארגניה יצור ושיווק,IL,שמפו לשיער מתולת,מיליליטרים,450.00,"100 מ""ל",false,1,38.90,8.64,true,1,
7290016299618,false,"ARGANIA שמפו קיק ללא מלחים ,ללא SLS ,ללא פארבן 450 מ""ל",ארגניה יצור ושיווק,IL,שמפו קיק,מיליליטרים,450.00,"100 מ""ל",false,1,34.90,7.76,true,1,
7290016299625,false,ארגניה מסכת קיק ללא שטיפה 250 מל,ארגניה,IL,מסיכת קיק,מיליליטרים,250.00,"100 מ""ל",false,1,46.50,18.60,true,1,
7290016299663,false,"שמן קיק בכבישה קרה ארגניה 100 מ""ל",,IL,שמן קיק,מיליליטרים,100.00,"100 מ""ל",false,1,20.00,20.00,true,1,
7290016299687,false,ארגניה מרכך חומצה היאלורונית וחמאת שיאה,ארגניה יצור ושיווק,IL,מרכך לשיער מתולת,מיליליטרים,450.00,"100 מ""ל",false,1,38.90,8.64,true,1,
7290016299755,false,"ARGANIA מרכך קיק ללא מלחים ,ללא SLS ,ללא פארבן 400 מ""ל",ארגניה יצור ושיווק,IL,מרכך קיק,מיליליטרים,450.00,"100 מ""ל",false,1,34.90,7.76,true,1,
7290016299878,false,"ARGANIA מסיכה טיפולית לשיער מעושר בחומצה האילרונית וקרטין ללא SLS 500 מ""ל",ארגניה יצור ושיווק,IL,מסיכה טיפולית לש,מיליליטרים,500.00,"100 מ""ל",false,1,44.90,8.98,true,1,
7290016321661,false,פרש וואנס SENSITIVE מגבונים ללא בישום רביעייה 72 יחידות,עלבד משואות יצחק,IL,פרש וואנס 4יח,יחידה,1.00,יחידה,false,1,18.90,18.90,true,1,
7290016321678,false,מגבונים לחים בניחוח מרענן עם תמציות קמומיל ואלוורה,עלבד משואות יצחק,IL,פרש וואנס 4 יח,יחידה,1.00,יחידה,false,1,18.90,18.90,true,1,
7290016321777,false,מגע הדבש רצועות שעווה לפנים אלוורה 20 יח,שוורצקוף& הנקל דיסלד,IL,רצועות שעווה לפנ,יחידה,1.00,יחידה,false,1,29.90,29.90,true,1,
7290016329261,false,סרקל מתיר קשרים ספריי רציףף 300 מ'ל,פישר מעבדות פרמצבטיות בע,IL,סרקל מתיר קשרים,מיליליטרים,300.00,"100 מ""ל",false,1,24.90,8.30,true,1,
7290016437430,false,דיפנד - גזרה גבוה תחתון אקסטרה לארג' נשים 16 יח',KC Vietnam,IL,תחתון דיפנד,יחידה,1.00,יחידה,false,1,82.90,82.90,true,1,
7290016437645,false,חיתולי האגיס פרידום דריי pants מידה 5 34 יחידות,קימברלי קלארק צ'כיה,CZ,חיתולי האגיס,יחידה,1.00,יחידה,false,1,43.90,43.90,true,1,
7290016437652,false,חיתולי האגיס פרידום דריי pants מידה 6 30 יחידות,קימברלי קלארק צ'כיה,CZ,חיתולי האגיס,יחידה,1.00,יחידה,false,1,43.90,43.90,true,1,
7290016509342,false,סוד מארז טריו כדוריות לאסלה כחול אקטיבי אקונומיקה,הנקל סוד,HU,סבון אסלה 3 יח,גרמים,150.00,100 גרם,false,1,14.90,9.93,true,1,
7290016509786,false,פרסיל גל לכביסה לבנה וצבעונית-ירוק 2.5 ל,"הנקל סוד בע""\מ",IL,ג'ל כביסה פרסיל,ליטרים,2.50,ליטר,false,1,29.90,11.96,true,1,
7290016621365,false,אל סבון היגייני לניקוי יסודי קמיל Clean & Moisture,פישר מעבדות פרמצבטיות בע,IL,אל סבון קמיל,ליטרים,1.00,ליטר,false,1,15.90,15.90,true,1,
7290016866643,false,פרודונטקס מ.שיניים אקסטרה פרש 75 מל,פרודונטקס Parodontax,SK,משחה פרודונטקס,מיליליטרים,75.00,"100 מ""ל",false,1,31.90,42.53,true,1,
7290016866650,false,"פרודונטקס - משחת שיניים אוריג'ינל 75 מ""ל",פרודונטקס Parodontax,SK,משחה פרודונטקס,מיליליטרים,75.00,"100 מ""ל",false,1,31.90,42.53,true,1,
7290016866681,false,מברשת שיניים פרודונטקס סופט,גלקסוס סמית קליין,CN,מברשת פרודונטקס,יחידה,1.00,יחידה,false,1,23.90,23.90,true,1,
7290016866704,false,"סטייל שמפו לאחר החלקה מועשר בויטמין אי, 750 מ""ל",סטייל Style,IL,שמפו קרטין,מיליליטרים,750.00,"100 מ""ל",false,1,29.90,3.99,true,1,
7290017031811,false,פרודונטקס מברשת שיניים אקסטרא סופט א.זוג,גלקסוסמיתקליין,CN,מברשות פרודונטקס,יחידה,1.00,יחידה,false,1,19.90,19.90,true,1,
7290017088051,false,בייביסיטר - חיתולי סטנדרט מידה 3 - 52 יח',די.פי.אל תעשיות מוצרים ח,IL,חיתולי בייביסיטר,יחידה,1.00,יחידה,false,1,35.90,35.90,true,1,
7290017088075,false,בייביסיטר - חיתולי סטנדרט מידה 4+ - 40 יח',די.פי.אל תעשיות מוצרים ח,IL,חיתולי בייביסיטר,יחידה,1.00,יחידה,false,1,35.90,35.90,true,1,
7290017088082,false,בייביסיטר - חיתולי סטנדרט מידה 5 - 36 יח',די.פי.אל תעשיות מוצרים ח,IL,חיתולי בייביסיטר,יחידה,1.00,יחידה,false,1,35.90,35.90,true,1,
7290017088099,false,בייביסיטר - חיתולי סטנדרט מידה 6 - 30 יח',די.פי.אל תעשיות מוצרים ח,IL,חיתולי בייביסיטר,יחידה,1.00,יחידה,false,1,31.90,31.90,true,1,
7290017088327,false,רבעיית מגבונים בייביסיטר אקסטרא סופט ללא בישום 64 יחידות,די.פי.אל בעמ,IL,מגבוני בייביסיטר,יחידה,1.00,יחידה,false,1,15.90,15.90,true,1,
7290017088839,false,BREEZE תחבושות לבריחת שתן אקסטרה פלוס (8 יח'),ניאופארם,IT,בריז תחבושות שתן,יחידה,1.00,יחידה,false,1,19.90,19.90,true,1,
7290017088846,false,BREEZE תחבושות לבריחת שתן מקסי (8 יח'),ניאופארם,IT,בריז תחבושות שתן,יחידה,1.00,יחידה,false,1,19.90,19.90,true,1,
7290017088853,false,BREEZE תחתונים לבריחת שתן מידה M יח' 14,ניאופארם,IT,בריז תחתונים,יחידה,1.00,יחידה,false,1,67.90,67.90,true,1,
7290017088969,false,חיתולי בייביסיטר ניו בורן מידה 1 42 יח',די.פי.אל תעשיות מוצרים ח,IL,חיתול דק מידה 1,יחידה,1.00,יחידה,false,1,26.90,26.90,true,1,
7290017629094,false,סילון מים דנטלי נטען פרש גאמס,ELECTRICAL BFT SHENZHEN,CN,סילון מים דנטלי,יחידה,1.00,יחידה,false,1,299.00,299.00,true,1,
7290017695044,false,"קיט החלקה ושמפו 200 מ""ל",מיסטר בונד,IL,קיט החלקה ושמפו,יחידה,1.00,יחידה,false,1,159.90,159.90,true,1,
7290017872070,false,מארז מגבונים לחים בניחוח מרענן פרש וואנס שלישייה,"ווטנפס בע""\מn\",IL,פרש וואנס מגבון,יחידה,1.00,יחידה,false,1,10.00,10.00,false,1,
7290017872872,false,בייביביס חטיפי דגנים אפויים לתינוקות בטעם גזר וסלק,טאטא גלובל בוורג'ס,IL,כוכבים דגנים,גרמים,35.00,100 גרם,false,1,13.90,39.71,true,1,
7290017872933,false,מגע הדבש רצועות שעווה לגוף 12+3 מגבוני ש,ש.שוורץ,ES,רצועות שעווה לגו,יחידה,1.00,יחידה,false,1,29.90,29.90,true,1,
7290017872957,false,אדג' - מכשיר גילוח רב פעמי ידית + 3 סכינים לעור רגיש,General,US,מכשיר+סכין גילוח,יחידה,1.00,יחידה,false,1,69.90,69.90,true,1,
7290017873169,false,"פמילי סבון ידיים מועשר בשמן זית 500 מ""ל",טאהא,TR,תחליב רחצה פמלי,מיליליטרים,500.00,"100 מ""ל",false,1,11.90,2.38,true,1,
7290017873350,false,קרם יד.פנג'ל אינטנסיב100,"דנלוג אינטרקוסמא בע""\מ",IL,קרם ידיים פנג'ל,מיליליטרים,100.00,"100 מ""ל",false,1,9.90,9.90,true,1,
7290017917382,false,אל סבון היגייני לניקוי יסודי ולהרגע העור clean & calm,"ד""ר פישר Dr fischer",IL,קמיל סבון ידיים,ליטרים,1.00,ליטר,false,1,15.90,15.90,true,1,
7290017917399,false,מגבונים לסיוע בטיפול ובמניעת תפרחת חיתולים קמיל בלו,"ד""ר פישר Dr fischer",IL,מגבונים לתפרחת,יחידה,1.00,יחידה,false,1,18.90,18.90,true,1,
7290017917467,false,קמיל בלו סנסטי בשיבולת שועל אל סבון טיפולי לתינוק,"ד""ר פישר Dr fischer",IL,אל סבון ש.שועל,ליטרים,1.00,ליטר,false,1,24.90,24.90,true,1,
7290017917542,false,"ד""ר פישר שמפו בלונד ללא תוספת מלחים 400 מ""ל",מדי פישר,IL,שמפו ללא מלחים,מיליליטרים,400.00,"100 מ""ל",false,1,39.90,9.98,true,1,
7290017928821,false,מקלות גריסיני קלאסי מאיר בייגל 200 גרם,מאיר את בייגל,IL,גריסיני קלאסי,גרמים,200.00,100 גרם,false,1,12.50,6.25,true,1,
7290018043189,false,פראוד - חטיף חלבון בטעם קשיו קרמל 60 גרם,מרס נדרלנד,NL,פראוד חטיף קשיו,גרמים,60.00,100 גרם,false,1,14.90,24.83,true,1,
7290018080061,false,מברשת אצבע דו צדדית מסיליקון,מאמי קר Mommy Care,CN,מברשת אצבע סליקו,יחידה,1.00,יחידה,false,1,19.90,19.90,true,1,
7290018132388,false,"מטרנה גולד בד""ץ שלב 2 700 גרם",מטרנה תעשיות ש.מ.,IL,מטרנה גולד שלב 2,גרמים,700.00,100 גרם,false,1,73.90,10.56,true,1,
7290018182277,false,LA BELLE מקלוני נייר שחור עם צמר גפן צבעוני-כחול 200 יח,,CN,מקלוני נייר שחור,יחידה,1.00,יחידה,false,1,9.90,9.90,true,1,
7290018182307,false,מקלוני נייר לבן עם צמר גפן צבעוני 200 יח,,CN,מקלוני נייר לבן,יחידה,1.00,יחידה,false,1,9.90,9.90,true,1,
7290018182710,false,תוספות שיער לקוקו אריאנה,פארמה דיל,CN,ת.שיער לקוקו,יחידה,1.00,יחידה,false,1,59.90,59.90,true,1,
7290018182796,false,תוספות שיער לקוקו יסמין,פארמה דיל,CN,ת.שיער לקוקו,יחידה,1.00,יחידה,false,1,49.90,49.90,true,1,
7290018182888,false,קיסמי מברשות רכים מגומי,,IL,קיסמי מברשות גומ,יחידה,1.00,יחידה,false,1,19.90,19.90,true,1,
7290018493076,false,"אפקטיב קר קרם ידייםמועשר בשמן ארגן ד""ר פישר 100 מ""ל",פישר מעבדות פרמצבטיות,IL,קרם ידיים,מיליליטרים,100.00,"100 מ""ל",false,1,11.90,11.90,true,1,
7290018703311,false,פראוד - חטיף חלבון קרם עוגיות קראנצ' 60ג,v.s.i,NL,חטיף חלבון,גרמים,60.00,100 גרם,false,1,13.90,23.17,true,1,
7290018733141,false,מסכה לתלתלים 60 שניות 50,מיסטר בונד,IL,מסכה לתלתלים 60,מיליליטרים,500.00,"100 מ""ל",false,1,49.90,9.98,true,1,
7290019014669,false,ג'ל לכביסה צבעונית 1.35ל,סאסא טק,IL,ג'ל לכביסה ירוק,ליטרים,1.35,ליטר,false,1,29.90,22.15,true,1,
7290019014768,false,"ניקוי כלים 24% 750מ""ל",סאסא טק,IL,ניקוי כלים 24%,מיליליטרים,750.00,"100 מ""ל",false,1,14.90,1.99,true,1,
7290019014782,false,מרסס אקונומיקה לבנדר750מ,סאסא טק,IL,מרסס אקונומיקה,מיליליטרים,750.00,"100 מ""ל",false,1,16.90,2.25,true,1,
7290019274117,false,"מרסס ניקוי נירוסטה500מ""ל",סאסא טק,IL,מנקה נירוסטה,מיליליטרים,500.00,"100 מ""ל",false,1,14.90,2.98,true,1,
7290100240137,false,"תרסיס ריחני למייבש כחול בדין 500 מ""ל","זוהר דליה, קיבוץ דליה, 1",IL,תרסיס למייבש,מיליליטרים,500.00,"100 מ""ל",false,0,19.90,3.98,true,1,
7290100243671,false,"מרכך כביסה מרוכז אקסטרה כחול בדין 960 מ""ל",יוניליוור סנאיי וי טיקאר,TR,מרכך כביסה בדין,מיליליטרים,960.00,"100 מ""ל",false,0,18.90,1.97,true,1,
7290100412732,false,דר עור תחליב גוף לעור יבש פרחי בר 400 מל,"אמיליה קוסמטיקס בע""מ",IL,תחליב גוף דר עור,מיליליטרים,400.00,"100 מ""ל",false,1,21.90,5.48,true,1,
7290100412763,false,"תחליב רחצה קלאסק לבנדר דר עור 700 מ""ל","אמיליה קוסמטיקס בע""מ",IL,תחליב רחצה,מיליליטרים,700.00,"100 מ""ל",false,1,14.90,2.13,true,1,
7290100412817,false,דר עור קרם רגליים לעור יבש פרחי בר 100 מ,"אמיליה קוסמטיקס בע""מ",IL,קרם רגליים,מיליליטרים,100.00,"100 מ""ל",false,1,10.90,10.90,true,1,
7290100653586,false,"דאודורנט ג'ל פרש פיוזן 24/7 ליידי ספיד סטיק 65 מ""ל",ליידי ספיד סטיק Lady Speed Stick,US,ליידי ס.סטיק24/7,גרמים,65.00,100 גרם,false,0,17.90,27.54,true,1,
7290100850916,false,דוריטוס חמוץ חריף מעודן 70 גרם כשר לפסח,"שטראוס פריטו ליי בע""\מ )",IL,דוריטוס חמוץ ח,גרמים,70.00,100 גרם,false,0,3.90,5.57,true,1,
7290100850923,false,דוריטוס בטעם גריל 70 גרם,"שטראוס פריטו ליי בע""\מ )",IL,דוריטוס גריל,גרמים,70.00,100 גרם,false,0,3.90,5.57,true,1,
7290100925669,false,קולור קאצ'ר - דפים למכונת כביסה 10 יח',"הנקל סוד בע""\מ",IE,דפי קולור קאצ'ר,יחידה,1.00,יחידה,false,1,13.90,13.90,true,1,
7290101488316,false,ליידי ספיד סטיק - דאודורנט סטיק לאישה ללא סימן ורוד סטיק 65 גרם,ליידי ספיד סטיק Lady Speed Stick,US,ליידי ספיד סטיק,גרמים,65.00,100 גרם,false,0,17.90,27.54,true,1,
7290101488323,false,ליידי ספיד סטיק - דאודורנט סטיק לאישה ללא סימן ירוק סטיק 65 גרם,ליידי ספיד סטיק Lady Speed Stick,US,ליידי ספיד סטיק,גרמים,65.00,100 גרם,false,0,17.90,27.54,true,1,
7290101865261,false,"פיניש נוזל הברקה למדיח 800 מ""ל",רקיט בנקיזר,PL,פיניש נוזל הברקה,מיליליטרים,800.00,"100 מ""ל",false,0,14.90,1.86,true,1,
7290102060764,false,מרידול מברשת שיניים אריזת זוג,יבואן ומשווק: ש. שסט,CH,2 מברשות שיניים,יחידה,1.00,יחידה,false,0,38.90,38.90,true,1,
7290102062195,false,"משחת שיניים לילדים לגילאי 6-12 אלמקס 75 מ""ל",יבואן ומשווק: ש. שסט,PE,משחת אלמקס,מיליליטרים,75.00,"100 מ""ל",false,0,17.90,23.87,true,1,
7290103120658,false,דאודורנט ספיד סטיק גל שחור 85 גרם,הנסיך- מפעל לייצור ט,US,דאודורנט,גרמים,85.00,100 גרם,false,0,17.90,21.06,true,1,
7290103124588,false,"סבון נוזלי ארומה בניחוח לבנדר פטצ'ולי פלמוליב 750 מ""ל",הנסיך- מפעל לייצור ט,TR,סבון פלמוליב,מיליליטרים,750.00,"100 מ""ל",false,0,16.90,2.26,true,1,
7290103124601,false,"תחליב רחצה נוזל חלב ודבש משאבה 750מ""ל פלמוליב",הנסיך- מפעל לייצור ט,TR,סבון פלמוליב,מיליליטרים,750.00,"100 מ""ל",false,0,16.90,2.26,true,1,
7290103126797,false,"משחת שיניים קולגייט סנסיטיב פרו רליף 75 מ""ל",הנסיך- מפעל לייצור ט,BR,משחת קולגייט,מיליליטרים,75.00,"100 מ""ל",false,0,19.90,26.53,true,1,
7290103129408,false,ליידי ספיד סטיק - דאודורנט סטיק לאישה פרש אסנס פריחת הפרדס 65 גרם,ליידי ספיד סטיק Lady Speed Stick,US,ליידי ספיד סטיק,גרמים,65.00,100 גרם,false,0,17.90,27.54,true,1,
7290104068539,false,מאסט פליפטופ מלון ואבטיח ללא גרעינים,"שטראוס גרופ בע""מ",IL,מסטיק מאסט,גרמים,28.00,100 גרם,false,0,4.50,16.07,true,1,
7290104960178,false,שפתון קולור קוד P32,קרליין,IL,שפתון קולור קוד,יחידה,1.00,יחידה,false,0,59.90,59.90,true,1,
7290104960208,false,שפתון קולור קוד P35,קרליין,IL,שפתון קולור קוד,יחידה,1.00,יחידה,false,0,59.90,59.90,true,1,
7290104960338,false,"נקה 7 תחליב רחצה ארומה אלוורה ותה ירוק 750מ""ל",טרופיקל דגיל תעשיות קוסמ,IL,תחליב רחצה נקה 7,מיליליטרים,750.00,"100 מ""ל",false,0,12.90,1.72,true,1,
7290104961236,false,"מי פנים לניקוי, הסרה ורענון העור לעור רגיל/מעורב",קרליין Careline,IL,מי פנים,מיליליטרים,260.00,"100 מ""ל",false,0,39.90,15.35,true,1,
7290104961878,false,"שמפו לשיער קרטין אינטנס פורמולה 400 מ""ל נטורל",נטורל פורמולה Natural Formula,IL,שמפו קרטין,מיליליטרים,400.00,"100 מ""ל",false,0,29.90,7.48,true,1,
7290104962110,false,דאודורנט קרליין ספריי נושם לנערות ללא אלומיניום,מיוצר עי : אמיליה קוסמטי,IL,ספריי נושם,מיליליטרים,200.00,"100 מ""ל",false,0,13.90,6.95,true,1,
7290104962134,false,דאודורנט קרליין רול און נושם לנערות ללא אלומיניום,מיוצר עי : אמיליה קוסמטי,IL,רול און נושם,מיליליטרים,75.00,"100 מ""ל",false,0,13.90,18.53,true,1,
7290104962462,false,"טיטניום - קוונטום בושם לגבר א.ד.ט 100 מ""ל",קרליין,IL,טיטניום,מיליליטרים,100.00,"100 מ""ל",false,1,79.00,79.00,true,1,
7290104962585,false,דאודורנט רול און נושם +אינביזיבל ללא סימנים לבנים,מיוצר עי : אמיליה קוסמטי,IL,דאו.קרליין,מיליליטרים,75.00,"100 מ""ל",false,1,13.90,18.53,true,1,
7290104962660,false,"קרליין - נושם דאודורנט ספריי לאישה ללא אלומיניום 200 מ""ל",אמיליה קוסמטיקס בעמ,IL,ספריי נושם,מיליליטרים,200.00,"100 מ""ל",false,0,13.90,6.95,true,1,
7290104962844,false,"שמפו אמפולה לטיפול אינטנסיבי לשיער יבש, צבוע ופגום",נטורל פורמולה Natural Formula,IL,שמפו אמפולה,מיליליטרים,400.00,"100 מ""ל",false,1,29.90,7.48,true,1,
7290104962868,false,"מסכת אמפולה לטיפול אינטנסיבי לשיער יבש, צבוע ופגום",נטורל פורמולה Natural Formula,IL,מסכת אמפולה,מיליליטרים,350.00,"100 מ""ל",false,1,39.90,11.40,true,1,
7290104963001,false,סופטקר מגבונים לחים רביעייה בניחוח עדין,החברה הדרומית,IL,מגבונים סופטקר,יחידה,1.00,יחידה,false,1,19.90,19.90,true,1,
7290104963223,false,סופטקר - אל סבון עדין לתינוק לעור רגיש 1 ליטר,קוסמופארם בע'\'\מ,IL,סופטקר אל סבון,ליטרים,1.00,ליטר,false,1,18.90,18.90,true,1,
7290104964060,false,"טיטניום - אלמנט בושם לגבר א.ד.ט 100 מ""ל",קרליין,IL,טיטניום אלמנט,מיליליטרים,100.00,"100 מ""ל",false,1,79.00,79.00,true,1,
7290104964923,false,קרליין - שפתון מנפח שפתיים,,IL,אינטנס ליפ פלומר,מיליליטרים,8.00,"100 מ""ל",false,1,49.90,623.75,true,1,
7290104964930,false,קרליין - פיגמנט ללחיים ולשפתיים,,IL,ליפ טיינט שפתון,מיליליטרים,10.00,"100 מ""ל",false,1,39.90,399.00,true,1,
7290104964992,false,"CHABLIS - בושם לאישה 100 מ""ל",,IL,CHABLIS א.ד.פ לא,מיליליטרים,100.00,"100 מ""ל",false,1,99.00,99.00,true,1,
7290104965654,false,קרליין נושם דאו סטיק סוויט קיס לנערות 50,מיוצר עי : אמיליה קוסמטי,IL,דאורדורנט סטיק,מיליליטרים,50.00,"100 מ""ל",false,1,18.90,37.80,true,1,
7290104969867,false,"קרליין - רטינול בוסטר 30 מ""ל",אגיס,IL,BOOSTER רטינול,מיליליטרים,30.00,"100 מ""ל",false,1,69.90,233.00,true,1,
7290104969928,false,"קרליין - סי פאוור קרם לילה 50 מ""ל",פאר פארם בעמ,IL,פאוור סי קרם ליל,מיליליטרים,50.00,"100 מ""ל",false,1,49.90,99.80,true,1,
7290105360250,false,קפסולות 09 עשיר וארומטי למכונת נספרסו עלית 10יח',הנסיך- מפעל לייצור ט,IL,קפסולות קפה,גרמים,50.00,100 גרם,false,0,19.90,39.80,true,1,
7290105360328,false,קפסולות אספרסו חזק למכונות נספרסו 10 יח',הנסיך- מפעל לייצור ט,IL,קפסולות מס' 10,גרמים,50.00,100 גרם,false,0,19.90,39.80,true,1,
7290105360335,false,קפסולות אספרסו למכונות נספרסו 50 גר,הנסיך- מפעל לייצור ט,IL,קפסולות מס' 7,גרמים,50.00,100 גרם,false,0,19.90,39.80,true,1,
7290105430441,false,פלמוליב ס.נוזלי סחלב שחור 750 מל משאבה,הנסיך- מפעל לייצור ט,TR,סבון פלמוליב,מיליליטרים,750.00,"100 מ""ל",false,0,16.90,2.26,true,1,
7290105430502,false,ספיד סטיק סטיין גארד סטיק 50 גרם,קולגייט-פלמוליב,US,דאו.ספיד סטיק,גרמים,50.00,100 גרם,false,0,17.90,35.80,true,1,
7290105431868,false,"פלמוליב ספא קוקוס גרגרים נוזלי 500 מ""ל",הנסיך- מפעל לייצור ט,TR,פלמוליב ספא,מיליליטרים,500.00,"100 מ""ל",false,0,17.90,3.58,true,1,
7290105434067,false,ספיד סטיק - דאודורנט סטיק לגבר XL אושן סרף 85 גרם,קולגייט פלמוליב,US,דאו. ספיד סטיק,יחידה,1.00,יחידה,false,0,17.90,17.90,true,1,
7290106720626,false,צ'יטוס קראנצ' בטעם גבינה - חלבי,"שטראוס פריטו ליי בע""\מ )",IL,ציטוס גבינה,גרמים,80.00,100 גרם,false,1,4.90,6.13,true,1,
7290106721920,false,צנצנת מסטיק מאסט בטעם ספירמינט עדין 66 ג' עלית,"שטראוס גרופ בע""\מ.",IL,מסטיק ספירמינט,גרמים,66.00,100 גרם,false,1,9.90,15.00,true,1,
7290107280020,false,שלישיית מטליות לחות לניקוי כללי סנו סושי 50 יחידות,טרופיקל דגיל- תעשיות,IL,מטליות לחות מארז,יחידה,1.00,יחידה,false,0,26.90,26.90,true,1,
7290107280099,false,שלישיית מגובנים נשטפים באסלה סופט סוד 48 יחידות,טרופיקל דגיל- תעשיות,IL,מגבוני נייר לחים,יחידה,1.00,יחידה,false,0,17.90,17.90,true,1,
7290107280761,false,נוזל לניקוי כלים בניחוח לימון רענן סנו ספארק Spark,מיוצר עי קונדיטוריית,IL,נוזל כלים לימון,ליטרים,1.00,ליטר,false,0,12.90,12.90,true,1,
7290107544511,false,קרם להסרת שיער לנעורת אורנה 19 80 ג',אלפא קוסמטיקה,IL,דפילטור לנערות,גרמים,80.00,100 גרם,false,1,24.90,31.13,true,1,
7290107646147,false,"חטיף שוגי קורנפלקס תלמה 156 גרם מארז 6 יחידות בד""צ",יוניליוור ישראל מזון בעמ,IL,חטיפי שוגי 6 יח,גרמים,156.00,100 גרם,false,1,15.90,10.19,true,1,
7290107646826,false,"חטיף שוגי שוקו תלמה 156 גרם מארז 6 יחידות בד""צ",יוניליוור ישראל מזון בעמ,IL,חטיפי שוגי 6 יח,גרמים,156.00,100 גרם,false,1,15.90,10.19,true,1,
7290107937627,false,מסטיק מאסט Must קוביות ללא סוכר בטעם מנטה עדינה,אסקום קונפקשיין,DE,קוביות מסטיק,גרמים,58.00,100 גרם,false,1,9.90,17.07,true,1,
7290107937634,false,צנצנית מסטיק מאסט קוביות פפירמינט 58 ג' עלית,אסקום קונפקשיין,DE,קוביות מסטיק,גרמים,58.00,100 גרם,false,1,9.90,17.07,true,1,
7290107937641,false,צנצנת מסטיק בזוקה קוביות ללא סוכר,אסקום קונפקשיין,DE,קוביות מסטיק,גרמים,58.00,100 גרם,false,1,9.90,17.07,true,1,
7290107973038,false,"סבון ידיים משאבה פלמוליב אקווריום 300 מ""ל",הנסיך- מפעל לייצור ט,IT,סבון פלמוליב,מיליליטרים,300.00,"100 מ""ל",false,1,10.90,3.63,true,1,
7290107975278,false,דאודורנט סטיק עם הגנת אלוורה Aloe Protection,ליידי ספיד סטיק Lady Speed Stick,US,ליידי ספיד סטיק,גרמים,45.00,100 גרם,false,1,17.90,39.78,true,1,
7290107975544,false,"קולגייט משחת שיניים סמיילס ברבי לגילאי 6 50מ""ל",קולגייט- פלמוליב,PL,משחת שיניים,מיליליטרים,50.00,"100 מ""ל",false,1,14.90,29.80,true,1,
7290107977456,false,"פלמוליב - ג'ל רחצה ושמפו ספורט לגבר 750 מ""ל",קולגייט פלמוליב,TR,ג'ל רחצה פלמוליב,מיליליטרים,750.00,"100 מ""ל",false,1,16.90,2.26,true,1,
7290107977753,false,"משחת שיניים פרודונט אקספרס 75 מ""ל ""מרידול""",קולגייט פלמוליב,PL,משחת שיניים,מיליליטרים,75.00,"100 מ""ל",false,1,24.90,33.20,true,1,
7290107978637,false,"מרידול משחת שיניים 75 מ""ל כשל""פ-מרכז",קולגייט פלמוליב,PL,משחת מרידול,מיליליטרים,75.00,"100 מ""ל",false,1,19.90,26.53,true,1,
7290108350616,false,סנו - מקסימה מרכך כביסה מרוכז פריחה כחולה 1 ליטר,"סנו מפעלי ברונוס בע""\מ",IL,מרכך מקסימה,ליטרים,1.00,ליטר,false,1,18.90,18.90,true,1,
7290108350623,false,מרכך כביסה סופר מרוכז סופט סילק מקסימה 1 ל' סנו,"סנו מפעלי ברונוס בע""\מ",IL,מרכך מקסימה,ליטרים,1.00,ליטר,false,1,18.90,18.90,true,1,
7290108350722,false,אורביטול גוניור משחת שיניים בוב ספוג 70ג,טרופיקל דגיל תעשיות קוסמ,IL,משחת אורביטול +6,מיליליטרים,70.00,"100 מ""ל",false,1,11.90,17.00,true,1,
7290108351552,false,"סנו - ג'ט לניקוי כללי בתוספת חומץ בניחוח לבנדר 750 מ""ל","סנו מפעלי ברונוס בע""\מ",IL,סנו ג'ט עם חומץ,מיליליטרים,750.00,"100 מ""ל",false,1,15.90,2.12,true,1,
7290108351613,false,סנו ריצפז פרש הום 2 ליטר בניחוח מלון חלומי,"סנו מפעלי ברונוס בע""\מ",IL,ריצפז פרש הום,ליטרים,2.00,ליטר,false,1,24.90,12.45,true,1,
7290108352641,false,סנו סושי מטלית הפלא לניקוי כללי במארז שלישייה,סנו מפעלי ברונוס.,IL,מטליות הפלא 3 יח,יחידה,1.00,יחידה,false,1,13.90,13.90,true,1,
7290108352672,false,צמד מטליות הפלא לרצפה מיקרפייבר סנו סושי,סנו מפעלי ברונוס.,CN,מטליות לרצפה 2יח,יחידה,1.00,יחידה,false,1,18.90,18.90,true,1,
7290108352825,false,ספוג הפלא נירוסטה סנו סושי 3יח',ltdn s.k.a.tסנו מפעלי בר,CN,ספוג הפלא נירוסט,יחידה,1.00,יחידה,false,1,11.90,11.90,true,1,
7290108353440,false,אורביטול מברשות שיניים נאנו לחניכיים 2יח,החברה הדרומית,CN,מברשות שיניים2יח,יחידה,1.00,יחידה,false,1,31.90,31.90,true,1,
7290108353907,false,"קרמה - דאודורנט רול און לאישה קרמה קלאסי 75 מ""ל","קוסמופארם בע""\מ",IL,דאודורנט קרמה,מיליליטרים,75.00,"100 מ""ל",false,1,16.90,22.53,true,1,
7290108353983,false,"קרמה - קרם גוף קרמה קלאסי 500 מ""ל",טרופיקל דגיל תעשיות,IL,קרם גוף קלאסי,מיליליטרים,500.00,"100 מ""ל",false,1,19.90,3.98,true,1,
7290108354140,false,קרליין - נושם מגבוני דיאורדורנט פיור ורוד,החברה הדרומית,IL,מגבוני דאודורנט,יחידה,1.00,יחידה,false,1,11.90,11.90,true,1,
7290108354157,false,קרליין - נושם מגבוני דיאורדורנט סאן רייס כתום,החברה הדרומית,IL,מגבוני דאודורנט,יחידה,1.00,יחידה,false,1,11.90,11.90,true,1,
7290108354850,false,"דאורדוראנט רול און קרמה בריזת ים 75 מ""ל",החברה הדרומית,IL,דאודורנט קרמה,מיליליטרים,75.00,"100 מ""ל",false,1,16.90,22.53,true,1,
7290108355055,false,לחו.לשיער מקצועי גלייז נטורל פורמולה 400,נטורל פורמולה Natural Formula,IL,לחות נט.פורמולה,מיליליטרים,400.00,"100 מ""ל",false,1,29.90,7.48,true,1,
7290108355079,false,לחו.לשיער מקצועי קוקוס נטורל פורמולה 400,החברה הדרומית,IL,לחות נט.פורמולה,מיליליטרים,400.00,"100 מ""ל",false,1,29.90,7.48,true,1,
7290108356120,false,"תחליב רחצה כיף קוקוס וניל 700 מ""ל",קוסמופארם,IL,כיף תחליב רחצה,מיליליטרים,700.00,"100 מ""ל",false,1,12.90,1.84,true,1,
7290108356168,false,"כיף - תחליב רחצה אוקיינוס 700 מ""ל",גוד פוד פרודקטס S.p,IL,כיף תחליב רחצה,מיליליטרים,700.00,"100 מ""ל",false,1,12.90,1.84,true,1,
7290108356274,false,"כיף - מוס רחצה בניחוח תותים ושמנת 150 מ""ל",החברה הדרומית,IL,כיף מוס רחצה,מיליליטרים,150.00,"100 מ""ל",false,1,11.90,7.93,true,1,
7290108356298,false,"כיף - מוס רחצה בניחוח קרם עוגיות 150 מ""ל",קוסטר אירוסול,IL,כיף מוס רחצה,מיליליטרים,150.00,"100 מ""ל",false,1,11.90,7.93,true,1,
7290108356403,false,"כיף תחליב רחצה בניחוח עוגת חד קרן 700 מ""ל",קוסמופארם בעמ,IL,כיף תחליב רחצה,מיליליטרים,700.00,"100 מ""ל",false,1,12.90,1.84,true,1,
7290108356489,false,"כיף - תחליב רחצה אפרסק וחמאת מורומורו 700 מ""ל",קוסמופארם בעמ,IL,תחליב רחצה אפרסק,מיליליטרים,700.00,"100 מ""ל",false,1,12.90,1.84,true,1,
7290108356519,false,קרליין שמפו 10למניעת קשקשים 700מל,"קוסמופארם בע""\מ",IL,שמפו 10 קרליין,מיליליטרים,700.00,"100 מ""ל",false,1,14.90,2.13,true,1,
7290108356526,false,"קרליין - שמפו 10 לשיער יבש 700 מ""ל","קוסמופארם בע""\מ",IL,שמפו 10 קרליין,מיליליטרים,700.00,"100 מ""ל",false,1,14.90,2.13,true,1,
7290108356564,false,"קרליין - מרכך 10 לשיער רגיל 700 מ""ל","קוסמופארם בע""\מn\",IL,מרכך 10 קרליין,מיליליטרים,700.00,"100 מ""ל",false,1,14.90,2.13,true,1,
7290108356571,false,"קרליין - מרכך 10 לשיער יבש 700 מ""ל","קוסמופארם בע""\מ",IL,מרכך 10 קרליין,מיליליטרים,700.00,"100 מ""ל",false,1,14.90,2.13,true,1,
7290108357004,false,כיף שמפו ורד ושמן קוקוי לרכות וברק,טרופיקל דגיל תעשיות,IL,שמפו כיף,מיליליטרים,700.00,"100 מ""ל",false,1,11.90,1.70,true,1,
7290108357080,false,"קרליין - נושם ביו דאודורנט ספריי 150 מ""ל Secret Garden לאישה",קוסטר אירוסול,IL,דאו.ספריי ביו,מיליליטרים,150.00,"100 מ""ל",false,1,16.90,11.27,true,1,
7290108357509,false,"קרמה קרם גוף וניל ופלפל ורוד 500 מ""ל",טרופיקל דגיל תעשיות,IL,קרם גוף קרמה,מיליליטרים,500.00,"100 מ""ל",false,1,19.90,3.98,true,1,
7290108357707,false,"כיף שמפו לשיער רגיל- תפוח זרעי צ'יה 700 מ""ל",גוד פוד פרודקטס S.p,IL,כיף שמפו,מיליליטרים,700.00,"100 מ""ל",false,1,11.90,1.70,true,1,
7290108357769,false,"מרכך לשיער רגיל תפוח וזרעי צ'יה 700 מ""ל כיף",גוד פוד פרודקטס S.p,IL,כיף מרכך שיער,מיליליטרים,700.00,"100 מ""ל",false,1,11.90,1.70,true,1,
7290108357776,false,"כיף מרכך לשיער יבש -רימונים ושמן ארגן 700 מ""ל",גוד פוד פרודקטס S.p,IL,כיף מרכך שיער,מיליליטרים,700.00,"100 מ""ל",false,1,11.90,1.70,true,1,
7290108357837,false,כיף אל סבון 1 ליטר ג'נסינג שקית מילוי + פקק,"קוסמופארם בע""\מ",IL,כיף שקית מילוי,ליטרים,1.00,ליטר,false,1,11.90,11.90,true,1,
7290108357844,false,כיף אל סבון 1 ליטר אצות ים שקית מילוי + פקק,"קוסמופארם בע""\מ",IL,כיף שקית מילוי,ליטרים,1.00,ליטר,false,1,11.90,11.90,true,1,
7290108359077,false,סנו - סופט לושן ממחטות אף בקופסא 3 שכבות 120 יח',"סנו מפעלו ברונוס בע""\מ",EG,סופט לושן ממחטות,יחידה,1.00,יחידה,false,1,9.90,9.90,true,1,
7290110327828,false,חטיף חלבון GO - חמאת בוטנים 60 ג' חלב נוכרי - רבנות,"בלמונט קונפקציות בע""\מ.",US,חטיף חלבון,גרמים,60.00,100 גרם,false,1,13.90,23.17,true,1,
7290110554095,false,דבש לחיץ 440 גרם,מכוורת יד מרדכי שטראוס ב,IL,דבש לחיץ,גרמים,440.00,100 גרם,false,1,21.90,4.98,true,1,
7290110556242,false,"שוקולד מריר פרווה 100 גר' בד""ץ תוצרת חוץ","שטראוס גרופ בע""מ.",FR,שוקולד פרה מריר,גרמים,100.00,100 גרם,false,1,5.50,5.50,true,1,
7290110730109,false,נוטרילון קומפורט תרכובת מזון מגיל לידה,נוטרישיה קאלק,NL,נוטרילון 900 גרם,גרמים,900.00,100 גרם,false,1,101.90,11.32,true,1,
7290111093432,false,דר עור חמאת גוף אנטי אייגינג בניחוח סחלב,ניאופארם,IL,חמאת גוף 250,מיליליטרים,250.00,"100 מ""ל",false,1,21.90,8.76,true,1,
7290111097041,false,מגבוני בייביסיטר מבושמים 66*8,קיבוץ עמיר dpl,IL,מגבוני בייביסיטר,יחידה,1.00,יחידה,false,1,19.90,19.90,true,1,
7290111340956,false,ניקול מטליות לחות לרצפה בניחוח פריחה לבנה,חוגלה קימברלי,IL,מטליות רצפה לחות,יחידה,1.00,יחידה,false,1,11.90,11.90,true,1,
7290111341984,false,לילי - מגבוני נייר טואלט לח פיור רביעייה,קימברלי,IL,נייר טואלט לח4יח,יחידה,1.00,יחידה,false,1,23.90,23.90,true,1,
7290111342059,false,50 מטליות מיקרופייבר לשטחים אנטיבקטריאלי ניקול,ניקול,IL,מטליות לחות50יח,יחידה,1.00,יחידה,false,1,16.90,16.90,true,1,
7290111342738,false,לילי - מגבוני נייר טואלט לח קידס רביעייה,לילי נייר טואלט חוגלה,IL,נייר טואלט לח4יח,יחידה,1.00,יחידה,false,1,23.90,23.90,true,1,
7290111343483,false,קוטקס יאנג נייט תחבושות עם כנפיים 20 יח,חוגלה,CZ,תחבושות קוטקס,יחידה,1.00,יחידה,false,1,21.90,21.90,true,1,
7290111343766,false,דיפנד תחתונים סופגים M גברים 10 יח,חוגלה,IL,דיפנד תחתון סופג,יחידה,1.00,יחידה,false,1,53.90,53.90,true,1,
7290111343773,false,דיפנד תחתונים סופגים L גברים 9 יח,חוגלה,IL,דיפנד תחתון סופג,יחידה,1.00,יחידה,false,1,53.90,53.90,true,1,
7290111344183,false,דיפנד תחתונים סופגים M נשים 10 יח,חוגלה,IL,דיפנד תחתון סופג,יחידה,1.00,יחידה,false,1,53.90,53.90,true,1,
7290111344459,false,קוטוקס תחבושות נייט אקסטרא לונג 20 יח',חוגלה קימברלי,CN,תחבושות נייט,יחידה,1.00,יחידה,false,1,21.90,21.90,true,1,
7290111344824,false,מגן תחתון קוטקס אקסטרא אנטיבקטריאלי לארג',חוגלה,CN,מגן תחתון קוטקס,יחידה,1.00,יחידה,false,1,21.90,21.90,true,1,
7290111344855,false,קוטקס - מגיני יום אקסטרא פרוטקט לארג' ביג 52 יח',חוגלה קימברלי,CN,מגן תחתון קוטקס,יחידה,1.00,יחידה,false,1,21.90,21.90,true,1,
7290111345753,false,תחבושות נטורל דואו נורמל 24 יח' קוטקס,קריות זול,CZ,תחבושות כותנה נו,יחידה,1.00,יחידה,false,1,21.90,21.90,true,1,
7290111345760,false,תחבושות נטורל דואו סופר 18 יח' קוטקס,קריות זול,CZ,תחבושות קוטקס,יחידה,1.00,יחידה,false,1,21.90,21.90,true,1,
7290111425318,false,פילינג פנים זהב וג'ינג'ר,ארמן,IL,פילינג פנים זהב,מיליליטרים,125.00,"100 מ""ל",false,0,36.90,29.52,true,1,
7290111564291,false,פריכיות דקות ונימוחות 3 דגנים וקינואה פיטנס Fitness,פרח תעשיות בעמ,IL,פריכיות פיטנס,גרמים,120.00,100 גרם,false,1,11.90,9.92,true,1,
7290111931338,false,סבון רחצה פלמוליב לומינוס מועשר בשמנים טבעיים,קולגייט פלמוליב,TR,סבון פלמוליב,מיליליטרים,500.00,"100 מ""ל",false,1,17.90,3.58,true,1,
7290111935527,false,"מ. שיניים קולגייט טוטל קלין מיניט -זוג כשל""פ2*100 גרם",קולגייט פלמוליב,PL,משחת קולגייט,מיליליטרים,200.00,"100 מ""ל",false,1,34.90,17.45,true,1,
7290111936296,false,סבון נוזלי פלמוליב ארומה סנסיישן מסאג750,קולגייט פלמוליב,TR,סבון פלמוליב,מיליליטרים,750.00,"100 מ""ל",false,1,16.90,2.26,true,1,
7290112000736,false,פיניש טבליות aio 80 יח אריזת חסכון,רקיט בנקיזר,PL,פיניש 80 טבליות,יחידה,1.00,יחידה,false,1,61.90,61.90,true,1,
7290112002099,false,קולון גל כביסה מרוכז 2.5 ליטר קלאסי,רקיט בנקיזר,IL,ג'ל כביסה קולון,ליטרים,2.50,ליטר,false,1,25.90,10.36,true,1,
7290112002457,false,דטול - שלישיית מגבונים לניקוי וחיטוי בניחוח לימון,רקיט בנקיזר,PL,דטול מגבונים 3יח,יחידה,1.00,יחידה,false,1,21.90,21.90,true,1,
7290112005045,false,וניש מסיר כתמים אבקה לכביסה לבנה 480 גרם,רקיט בנקיזר,IT,וניש אבקה לכביסה,גרמים,480.00,100 גרם,false,1,14.90,3.11,true,1,
7290112192561,false,"משחת שיניים פרודונטקס הגנה מלאה מרעננת הלבנה 75 מ""ל",ג'י.אס.קיי קונסיומר,IE,משחה פרודונטקס,מיליליטרים,75.00,"100 מ""ל",false,1,35.90,47.87,true,1,
7290112192875,false,"סנסודיין - משחת שיניים רגישות וחניכיים 75 מ""ל",סנסודיין Sensodyne,GB,משחת סנסודיין,מיליליטרים,75.00,"100 מ""ל",false,1,34.90,46.53,true,1,
7290112196736,false,סטייל שמפו קולור קונטרול סילבר 400 מל,גורי,IL,שמפו קולור קונטר,מיליליטרים,400.00,"100 מ""ל",false,1,24.90,6.23,true,1,
7290112197078,false,"סטייל - תחליב רחצה לניקוי וטיפוח הידיים חמאת שיאה 500 מ""ל",רנקסאן פלסטיק יאנגר,TR,תחליב ידיים,מיליליטרים,500.00,"100 מ""ל",false,1,8.90,1.78,true,1,
7290112336651,false,סוכריות מאסט ללא סוכר ריבת חלב 80 ג' עלית,שטראוס גרופ,PL,סוכריות מאסט,גרמים,80.00,100 גרם,false,1,8.90,11.13,true,1,
7290112340245,false,צנצנת מסטיק מאסט בטעם דובדבן 66 ג' עלית,"שטראוס גרופ בע""\מ",IL,מסטיק דובדבן,גרמים,66.00,100 גרם,false,1,9.90,15.00,true,1,
7290112340252,false,צנצנת מסטיק מאסט בטעם אבטיח מלון 66 ג' עלית,"שטראוס גרופ בע""\מ",IL,מסטיק אבטיח מלון,גרמים,66.00,100 גרם,false,1,9.90,15.00,true,1,
7290112349538,false,קפה עלית טורקי 160 גרם,שטראוס קפה בי.וי.,IL,קפה טורקי עלית,גרמים,160.00,100 גרם,false,1,11.90,7.44,true,1,
7290112492449,false,פינוק שמפו שיער רגיל 700 מל-חדש,יוניליוור ישראל טיפוח אי,IL,שמפו לשיער רגיל,מיליליטרים,700.00,"100 מ""ל",false,1,13.90,1.99,true,1,
7290112492463,false,"שמפו ומרכך 2 ב-1 לשיער רגיל פינוק 700 מ""ל.",יוניליוור ישראל טיפו,IL,פינוק שמפו+מרכך,מיליליטרים,700.00,"100 מ""ל",false,0,13.90,1.99,true,1,
7290112492487,false,פינוק שמפו לשיער עם שמן מרוקאי 700 מל,יוניליוור ישראל טיפוח אי,IL,שמפו פינוק,מיליליטרים,700.00,"100 מ""ל",false,1,13.90,1.99,true,1,
7290112492531,false,פינוק מרכך שיער רגיל 700 מל-חדש,יוניליוור פארם,IL,מרכך לשיער רגיל,מיליליטרים,700.00,"100 מ""ל",false,1,13.90,1.99,true,1,
7290112492548,false,"מרכך פינוק עם שמן חוחובה 700 מ""ל",יוניליוור פארם,IL,מרכך פינוק,מיליליטרים,700.00,"100 מ""ל",false,1,13.90,1.99,true,1,
7290112492593,false,תחליב רחצה פינוק בניחוח פינוק קלאסי 700,יוניליוור ישראל טיפוח אי,IL,תחליב רחצה פינוק,מיליליטרים,700.00,"100 מ""ל",false,1,11.90,1.70,true,1,
7290112492630,false,"שמפו ג'ל רחצה וסבון פנים 3 ב-1 לגבר פינוק 700 מ""ל",יוניליוור ישראל טיפוח אי,IL,פינוק 3 ב1- לגבר,מיליליטרים,700.00,"100 מ""ל",false,1,13.90,1.99,true,1,
7290112492715,false,"פינוק שמפו ללא דמעות לסירוק קל לילדים 700 מ""ל",יוניליוור ישראל טיפוח אי,IL,שמפו פינוק ילדים,מיליליטרים,700.00,"100 מ""ל",false,1,14.90,2.13,true,1,
7290112494313,false,קליק - קורנפלקס תפזורת 65 גרם,יוניליוור ישראל מזון בע\,IL,קליק קורנפלקס,גרמים,65.00,100 גרם,false,1,7.90,12.15,true,1,
7290112497505,false,וזלין תחליב גוף בתוספת אלוורה 600 מל,"יוניליוור, ג'פרסון סיטי,",US,קרם גוף ואזלין,מיליליטרים,600.00,"100 מ""ל",false,1,25.90,4.32,true,1,
7290112498267,false,פינוק אל סבון לידיים בניחוח פינוק קלאסי,קוסטר אירוסול ולף סנ,TR,אל סבון פינוק,מיליליטרים,950.00,"100 מ""ל",false,1,12.90,1.36,true,1,
7290112498274,false,פינוק אלסבון לידיים לבנדר וניל 1ליטר+משא,יוניליוור ישראל טיפוח אי,TR,אל סבון פינוק,מיליליטרים,950.00,"100 מ""ל",false,1,12.90,1.36,true,1,
7290112498281,false,"אל סבון לידיים בתוספת שמן קוקוס פינוק 950 מ""ל",יוניליוור ישראל טיפוח אי,TR,אל סבון פינוק,מיליליטרים,950.00,"100 מ""ל",false,1,12.90,1.36,true,1,
7290112965660,false,פיטנס - חטיף מולטיגריין מלח פלפל 25 גרם,מיוצר עי קונדיטוריית,IL,חטיף פיטנס מלח,גרמים,25.00,100 גרם,false,1,5.50,22.00,true,1,
7290114607391,false,"קולגייט משחת לילדים ברבי 2-5 שנים, 75 מ""ל",קולגייט פלמוליב,PL,קולגייט מינייוני,מיליליטרים,75.00,"100 מ""ל",false,1,16.90,22.53,true,1,
7290114609388,false,קירינס עטיפת זוהר לפנים,,KP,קירינס עטיפת זוה,יחידה,1.00,יחידה,false,1,9.90,9.90,true,1,
7290114659949,false,מסיכה לפנים חד פעמי - 50 יחידות בחבילה,נ'יאנג יונג,CN,מסכת פנים חד פעמ,יחידה,1.00,יחידה,false,1,12.90,12.90,true,1,
7290114721677,false,אוזניות מקרופון עם חיבור,פוג'יקום,CN,אוזניות מקרופון,יחידה,1.00,יחידה,false,1,59.90,59.90,true,1,
7290114751131,false,משחת שיניים אורל בי לילדים קארס 114 גר,פרוקטר אנד גמבל,DE,משחת שיניים לילד,מיליליטרים,75.00,"100 מ""ל",false,1,14.90,19.86,true,1,
7290115073676,false,מסכה לפנים חד פעמי 50 יח צבעוניות,שמחה זה אנחנו,CN,מסכת פנים חד פעמ,יחידה,1.00,יחידה,false,1,12.90,12.90,true,1,
7290115077131,false,מסכות ילדים צבעוני מעורב 40 יח',מ.פאנג,CN,מסכת פנים חד פעמ,יחידה,1.00,יחידה,false,1,24.90,24.90,true,1,
7290115209198,false,במבה אוורירית אסם 80 גרם,"אסם תעשיות בע""מ",IL,במבה אוורירית,גרמים,80.00,100 גרם,false,1,5.90,7.38,true,1,
7290116530161,false,"פינוק ת. רחצה שייק אננס, מלון וחלב שיבולת שועל 750מ""ל",יוניליוור ישראל טיפוח אי,IL,תחליב רחצה פינוק,מיליליטרים,700.00,"100 מ""ל",false,1,11.90,1.70,true,1,
7290116530215,false,דאודרנט סטיק לגבר דרק טמפטיישן 76 ג' אקס,יוניליוור פארם,US,דאו. סטיק אקס,גרמים,77.00,100 גרם,false,1,21.90,28.44,true,1,
7290116530888,false,ג'ל לכביסה לבנה וצבעונית פינוק כחול בדין 2.5 ל',"זוהר דליה, קיבוץ דליה, 1",IL,ג'ל כביסה בדין,ליטרים,2.50,ליטר,false,1,35.90,14.36,true,1,
7290116531762,false,דפים ריחניים למייבש כביסה בדין ורוד 40 יחידות,"קלינטסט - 3p ארה""ב",US,דפים למייבש,יחידה,1.00,יחידה,false,1,18.90,18.90,true,1,
7290116531977,false,אקס דאודורנט בודי ספריי סקייטבורד וורדים,"קוסטר אירוסול, גבזה 4140",GB,דאו .ספריי אקס,מיליליטרים,150.00,"100 מ""ל",false,1,11.90,7.93,true,1,
7290116532615,false,"שמפו לשיער בתוספת תמצית גוג'י ברי פינוק 700 מ""ל.",יוניליוור ישראלn\טיפוח א,IL,שמפו פינוק,מיליליטרים,700.00,"100 מ""ל",false,1,13.90,1.99,true,1,
7290116532622,false,"מרכך לשיער בתוספת תמצית גוג'י ברי פינוק 700 מ""ל.",יוניליוור ישראלn\טיפוח א,IL,מרכך עם גוגי ברי,מיליליטרים,700.00,"100 מ""ל",false,1,13.90,1.99,true,1,
7290116533094,false,"פינוק שמפו שיער בניחוח ורדים לבנים 700 מ""ל",יוניליוור ישראל טיפוח אי,IL,שמפו פינוק ורדים,מיליליטרים,700.00,"100 מ""ל",false,1,13.90,1.99,true,1,
7290117823798,false,בדיקה עצמית מהירה לזיהוי אנטיגן 5 יח,,CN,בדיקת אנטיגן עצמ,יחידה,1.00,יחידה,false,1,39.90,39.90,true,1,
7290117825785,false,מסכה KN95 לבן 5 יחידות,,CN,מסכה לפנים KN95,יחידה,1.00,יחידה,false,1,10.00,10.00,true,1,
7290117860045,false,שמפו תמציות אלוורה ותה ירוק לשיער רגיל,"טרופיקל גליל בע""מ",IL,שמפו הוואי,מיליליטרים,700.00,"100 מ""ל",false,1,11.90,1.70,true,1,
7290117860090,false,מרכך תמציות אלוורה ותה ירוק לשיער רגיל,"טרופיקל דגיל בע""\מ",IL,מרכך מטפח לשיער,מיליליטרים,700.00,"100 מ""ל",false,1,11.90,1.70,true,1,
7290117860144,false,הוואי שמפו פירות אקזוטיים וקלנדולה 700,"טרופיקל גליל בע""מ",IL,שמפו הוואי,מיליליטרים,700.00,"100 מ""ל",false,1,11.90,1.70,true,1,
7290117860342,false,מרכך קומפלקס קרטין לשיער עדין או חלש,"טרופיקל גליל בע""מ",IL,מרכך הוואי,מיליליטרים,700.00,"100 מ""ל",false,1,11.90,1.70,true,1,
7290117860380,false,"תחליב רחצה יוגורט בניחוח אלוורה 700 מ""ל הוואי","טרופיקל דגיל בע""\מ",IL,תחליב רחצה הוואי,מיליליטרים,700.00,"100 מ""ל",false,1,11.90,1.70,true,1,
7296073095583,false,"אצטון שופרסל 100 מ""ל","ש. שוורץ )באר שבע( בע""\מ",IL,אצטון BE,מיליליטרים,100.00,"100 מ""ל",false,0,2.30,2.30,true,1,
7296073223009,false,שמן זית,,IT,שמן זית,מיליליטרים,750.00,"100 מ""ל",false,0,29.90,3.99,true,1,
7296073239017,false,מכשיר טרימר להסרת שיער,TECHONGGIES TAIKONE,CN,מכשיר טרימר,יחידה,1.00,יחידה,false,1,49.90,49.90,true,1,
7296073241522,false,ממחטות אף 100*5 יח,שניב תעשיות נייר,IL,ממחטות אף 5 יח,יחידה,1.00,יחידה,false,1,12.90,12.90,true,1,
7296073261384,false,"אל סבון מעורב 500*3 מ""ל",טאהא קימיה,TR,אל סבון נוזלי3יח,ליטרים,1.50,ליטר,false,1,12.90,8.60,true,1,
7296073273448,false,"ג'ל אלוורה 100מ""ל",ש.שוורץ,IL,ג'ל אלוורה,מיליליטרים,100.00,"100 מ""ל",false,1,9.90,9.90,true,1,
7296073277255,false,מארז מגבונים לחים 6 יח,דינמיק,IL,מארז מגבוניםלחים,יחידה,1.00,יחידה,false,1,22.90,22.90,true,1,
7296073281696,false,מגבוני טואלט לילד 40*3יח,שופרסל,IL,"מגבוני נ""ט לילד",יחידה,1.00,יחידה,false,1,14.90,14.90,true,1,
7296073281702,false,מגבוני נ.טואלט למבוגרים,דינמיק תעשיות מגבונים,IL,מגבוני נייר לחים,יחידה,1.00,יחידה,false,1,12.10,12.10,true,1,
7296073286073,false,"אורז בסמטי בצנצנת 1 ק""ג",SETIA LAL CHAMAN,IN,אורז בסמטי,קילוגרמים,1.00,"ק""ג",false,1,14.90,14.90,true,1,
7296073286417,false,שק.אשפה חזקות גדולות60יח,אשפלסט,IL,שקיות אשפה 60 יח,יחידה,1.00,יחידה,false,1,19.90,19.90,true,1,
7296073291077,false,משטחי החתלה שופרסל 10יח,PAKTEN,TR,משטחי החתלה,יחידה,1.00,יחידה,false,1,16.90,16.90,true,1,
7296073330592,false,מעגל ריסים אפור,BE NOW,CN,מעגל ריסים אפור,יחידה,1.00,יחידה,false,0,12.90,12.90,true,1,
7296073330639,false,ספוג לניקוי פנים 3 יח,BE NOW,CN,3ספוג ניקוי פנים,יחידה,1.00,יחידה,false,0,11.90,11.90,true,1,
7296073330684,false,4 ספוגיות למייקאפ משולש,BE NOW,CN,4 ספוגיות משולש,יחידה,1.00,יחידה,false,0,9.90,9.90,true,1,
7296073330936,false,פינצטה אפורה קצה ישר,BE NOW,CN,פינצטה ישרה אפור,יחידה,1.00,יחידה,false,0,19.90,19.90,true,1,
7296073330943,false,פינצטה אפורה קצה מכופף,BE NOW,CN,פינצטה מ. אפור,יחידה,1.00,יחידה,false,0,19.90,19.90,true,1,
7296073330974,false,פינצטה לאב יו איכותית,BE NOW,CN,פינצטה לאב יו,יחידה,1.00,יחידה,false,0,19.90,19.90,true,1,
7296073331025,false,פינצטה ידית מחוררת,BE NOW,CN,פינצטה חורים,יחידה,1.00,יחידה,false,0,39.90,39.90,true,1,
7296073331087,false,קוצץ אל חלד גדול,BE NOW,CN,קוצץ גדול,יחידה,1.00,יחידה,false,0,19.90,19.90,true,1,
7296073331148,false,מספריים לציפורניים מבריק,BE NOW,CN,מספריים לציפורן,יחידה,1.00,יחידה,false,0,29.90,29.90,true,1,
7296073331209,false,מספריים לתינוק קצה מעוגל,BE NOW,CN,מספריים לתינוק,יחידה,1.00,יחידה,false,0,39.90,39.90,true,1,
7296073331254,false,פצירה צבעונית,BE NOW,CN,פצירה צבעונית,יחידה,1.00,יחידה,false,0,8.90,8.90,true,1,
7296073331261,false,פצירת אקריל,BE NOW,CN,פצירת אקריל,יחידה,1.00,יחידה,false,0,8.90,8.90,true,1,
7296073331599,false,מברשת שיער מאורכת ורוד L,BE NOW,CN,מברשת מ. Lורוד,יחידה,1.00,יחידה,false,0,24.90,24.90,true,1,
7296073331612,false,מברשת שיער מטקה שחורה,BE NOW,CN,מברשת מטקה שחורה,יחידה,1.00,יחידה,false,0,29.90,29.90,true,1,
7296073331766,false,מברשת ש.התרת קשרים ורודה,BE NOW,CN,מברשת קשרים,יחידה,1.00,יחידה,false,0,34.90,34.90,true,1,
7296073331865,false,מסרק כיס שחור,BE NOW,CN,מסרק כיס שחור,יחידה,1.00,יחידה,false,0,8.90,8.90,true,1,
7296073331940,false,גומיות שחורות 12 יח,BE NOW,CN,12 גומיות שחורות,יחידה,1.00,יחידה,false,0,9.90,9.90,true,1,
7296073332077,false,גומיות פפיון ופנינה,BE NOW,CN,גומיות פפיון,יחידה,1.00,יחידה,false,0,16.90,16.90,true,1,
7296073332114,false,גומיות מגבת שחורות 8 יח,BE NOW,CN,8ג.מגבת שחור,יחידה,1.00,יחידה,false,0,9.90,9.90,true,1,
7296073332138,false,8 גומיות מגבת צר שחור,BE NOW,CN,8ג.מגבת צר שחור,יחידה,1.00,יחידה,false,0,9.90,9.90,true,1,
7296073332176,false,6 גומיות שחור פתוחות,BE NOW,CN,6גומיות ש. פתוח,יחידה,1.00,יחידה,false,0,9.90,9.90,true,1,
7296073332237,false,2 סרט ילדות שחור וכוכבים,BE NOW,CN,2סרט ילדות כוכב,יחידה,1.00,יחידה,false,0,14.90,14.90,true,1,
7296073332312,false,סרט סטנדרטי שחור,BE NOW,CN,סרט סטנדרטי שחור,יחידה,1.00,יחידה,false,0,14.90,14.90,true,1,
7296073332367,false,2 זוגות תיקתק לב וכוכב,BE NOW,CN,2 זוגות תיקתק לב,יחידה,1.00,יחידה,false,0,9.90,9.90,true,1,
7296073332480,false,סיכות תיקתק שחור 6 יח,BE NOW,CN,6תיקתק שחור,יחידה,1.00,יחידה,false,0,13.50,13.50,true,1,
7296073332541,false,קליפסים קטנים 8 יח חום,BE NOW,CN,8קליפסים S חום,יחידה,1.00,יחידה,false,0,14.90,14.90,true,1,
7296073332558,false,קליפס בינוני 4 יח שחור,BE NOW,CN,4קליפס M שחור,יחידה,1.00,יחידה,false,0,14.90,14.90,true,1,
7296073332596,false,קליפס בננה,BE NOW,CN,קליפס בננה,יחידה,1.00,יחידה,false,0,14.90,14.90,true,1,
7296073332619,false,קליפס L גומי מונע החלקה,BE NOW,CN,קליפס ענק גומי,יחידה,1.00,יחידה,false,0,19.90,19.90,true,1,
7296073332763,false,קשת עם שיניים גדולות,BE NOW,CN,קשת שיניים גדול,יחידה,1.00,יחידה,false,0,9.90,9.90,true,1,
7296073332848,false,ספוג רשת ספוגים כתום,BE NOW,CN,ספוג רשת כתום,יחידה,1.00,יחידה,false,0,8.90,8.90,true,1,
7296073332954,false,כפפת רחצה מסיבי טופו,BE NOW,CN,כפפת רחצה טופו,יחידה,1.00,יחידה,false,0,29.90,29.90,true,1,
7296073332992,false,כובע אמבט ניילון,BE NOW,CN,כובע אמבט ניילון,יחידה,1.00,יחידה,false,0,9.90,9.90,true,1,
7296073333005,false,כובע אמבט כפול,BE NOW,CN,כובע אמבטיה כפול,יחידה,1.00,יחידה,false,0,16.90,16.90,true,1,
7296073333401,false,פצירת אקריל אפורה 5 יח',BE NOW,CN,5 פצירות אקריל,יחידה,1.00,יחידה,false,0,29.90,29.90,true,1,
7296073333562,false,תיק איפור נשיקה,BE NOW,CN,תיק איפור נשיקה,יחידה,1.00,יחידה,false,0,34.90,34.90,true,1,
7296073333654,false,מברשת שיער מטקה סגולה L,BE NOW,CN,מברשת מטקה Lסגול,יחידה,1.00,יחידה,false,0,24.90,24.90,true,1,
7296073340096,false,שמפו מפרץ הרפתקאות 1ליטר,,TR,שמפו לילדים,ליטרים,1.00,ליטר,false,1,14.90,14.90,true,1,
7296073341697,false,ממחטות אף לכיס 10 יחידות,שניב תעשיות נייר,IT,ממחטות אף לכיס,יחידה,1.00,יחידה,false,1,7.90,7.90,true,1,
7296073343134,false,אלסבון מ.הרפתקאות ורוד1ל,אמיליה קוסמטיקס,TR,אל סבון ורוד,ליטרים,1.00,ליטר,false,1,14.90,14.90,true,1,
7296073343271,false,פדים להסרת איפור יחידה,BE NOW,IL,פדים להסרת איפור,יחידה,1.00,יחידה,false,1,9.90,9.90,true,1,
7296073343295,false,קסמי אזניים פלסטיק 300 י,BE NOW,IL,קסמי אזניים פלסט,יחידה,1.00,יחידה,false,1,10.90,10.90,true,1,
7296073343318,false,קסמי אזניים פלסטיק 100י,BE NOW,IL,קסמי אזניים פלסט,יחידה,1.00,יחידה,false,1,2.90,2.90,true,1,
7296073343325,false,קסמי אזניים מעץ 100 יחיד,BE NOW,CN,קסמי אזניים מעץ,יחידה,1.00,יחידה,false,1,2.90,2.90,true,1,
7296073343493,false,כדורי צמר גפן 100 יח',BE NOW,IL,כדורי צמר גפן,יחידה,1.00,יחידה,false,1,9.90,9.90,true,1,
7296073343592,false,Be אל סבון לידיים מארז,BE NOW,IL,אל סבון לידיים פ,מיליליטרים,1500.00,"100 מ""ל",false,1,12.90,0.86,true,1,
7296073343608,false,אל סבון לבנדר 1 ליטר BE,,IL,אל סבון לבנדר,ליטרים,1.00,ליטר,false,1,10.90,10.90,true,1,
7296073343615,false,אל סבון קמומיל 1 ליטר BE,,IL,אל סבון קמומילBE,ליטרים,1.00,ליטר,false,1,10.90,10.90,true,1,
7296073343660,false,Be מסיר לק לא אציטון175מ,,TR,מסיר לק ללא אציט,מיליליטרים,175.00,"100 מ""ל",false,1,7.90,4.52,true,1,
7296073343691,false,Beמסיר לק עם ספוגית75מל,,IL,מסיר לק עם ספוגי,מיליליטרים,75.00,"100 מ""ל",false,1,10.90,14.53,true,1,
7296073345305,false,משחת שיניים פרופ+הרבל100,,BG,משחת שיניים הרבל,מיליליטרים,100.00,"100 מ""ל",false,1,7.90,7.90,true,1,
7296073345336,false,משחת שיניים לילדים 2-6,שופרסל,BG,משחת שיניים KIDS,מיליליטרים,50.00,"100 מ""ל",false,1,7.90,15.80,true,1,
7296073345459,false,קיסמים עם חוט בשקית50יח,,CN,קיסמים עם חוט,יחידה,1.00,יחידה,false,1,10.90,10.90,true,1,
7296073345480,false,חוט דנטלי שעווה מנטה 50מ,,CN,חוט דנטלי מנטה,מטרים,50.00,מטר,false,1,10.90,0.22,true,1,
7296073346340,false,עוגות אישיות קרם שוקו350,קסליני,IT,עוגות אישיות,גרמים,350.00,100 גרם,false,1,20.70,5.91,true,1,
7296073362821,false,סב.ידיים בצבעי פסטל500*3,טאהא קימיה,TR,סבון ידיים 3 יח,ליטרים,1.50,ליטר,false,1,14.90,9.93,true,1,
7296073363200,false,Be מסכה לשיער מוחלק 500מ,א.משי תעשיות,IL,מסכה לשיער יבשBE,מיליליטרים,500.00,"100 מ""ל",false,1,29.90,5.98,true,1,
7296073363262,false,"מרכך לשיער מוחלק 500 מ""ל",א.משי תעשיות,IL,מרכך לשיער יבש,מיליליטרים,500.00,"100 מ""ל",false,1,19.90,3.98,true,1,
7296073363309,false,שמפו לשיער מתולתלBE 500,א.משי תעשיות,IL,שמפו לשיער מתולת,מיליליטרים,500.00,"100 מ""ל",false,1,19.90,3.98,true,1,
7296073363989,false,"סכיני גילוח חד""פ לאשה5יח",,US,"סכיני גילוח חד""פ",יחידה,1.00,יחידה,false,1,9.90,9.90,true,1,
7296073363996,false,"סכיני גילוח חד""פ לגבר5יח",,US,"סכיני גילוח חד""פ",יחידה,1.00,יחידה,false,1,9.90,9.90,true,1,
7296073364719,false,משחת שיניים לילדים גיל 6,MENUFACLURER,BG,משחת שיניים לילד,מיליליטרים,50.00,"100 מ""ל",false,1,7.90,15.80,true,1,
7296073374640,false,Beשעווה למיקרוגל 500גר,ש.שוורץ,IL,שעווה למיקרוגל,גרמים,500.00,100 גרם,false,1,19.90,3.98,true,1,
7296073380412,false,גומיות שחורות 3 סוגים 12,BE NOW,CN,גומיות שחורות,יחידה,1.00,יחידה,false,1,19.90,19.90,true,1,
7296073380450,false,זוג מוצצים קצר 0-6 יחי,,CN,זוג מוצצים קצר,יחידה,1.00,יחידה,false,1,29.90,29.90,true,1,
7296073380665,false,מברשת התרת קשרים שחורה,BE NOW,CN,מברשת התרת קשרים,יחידה,1.00,יחידה,false,1,34.90,34.90,true,1,
7296073380825,false,Be ג'ל רחצה מקדמיה 700מ,קוסמטיקס,TR,Be ג'ל רחצה,מיליליטרים,700.00,"100 מ""ל",false,1,13.90,1.99,true,1,
7296073380832,false,Be ג'ל רחצה אורכידאה 700,קוסמטיקס,TR,Be ג'ל רחצה,מיליליטרים,700.00,"100 מ""ל",false,1,13.90,1.99,true,1,
7296073380917,false,רצועות שעווה לפנים 12 יח,VIOCOX,ES,רצועות שעווה,יחידה,1.00,יחידה,false,1,21.90,21.90,true,1,
7296073380924,false,רצועות שעווה לעור יבש 16,VIOCOX,ES,רצועות שעווה,יחידה,1.00,יחידה,false,1,21.90,21.90,true,1,
7296073380931,false,ג'ל אלכוהול 70%בניחוח ים,,TR,ג'ל אלכוהול 70%ב,מיליליטרים,500.00,"100 מ""ל",false,1,15.00,3.00,true,1,
7296073380948,false,ג'ל אלכוהול 70%בניחוח ים,,TR,ג'ל אלכוהול 70%ב,מיליליטרים,200.00,"100 מ""ל",false,1,7.90,3.95,true,1,
7296073381181,false,קליפסים גודל בינוני זוג,BE NOW,CN,קליפסים גודל בינ,יחידה,1.00,יחידה,false,1,12.90,12.90,true,1,
7296073381235,false,תחליב רחצה Vanilla 700מ,שופרסל,TR,תחליב רחצה,מיליליטרים,700.00,"100 מ""ל",false,1,12.90,1.84,true,1,
7296073381440,false,פצצה בינונית 160 גרם,,IL,פצצה בינונית,גרמים,160.00,100 גרם,false,1,16.90,10.56,true,1,
7296073381457,false,פצצה קטנה 110 גרם,"מיידלע סבונים בע""מ",IL,פצצה קטנה,גרמים,110.00,100 גרם,false,1,12.90,11.73,true,1,
7296073381495,false,קליפסים גודל בינוני זוג,BE NOW,CN,זוג קליפסים,יחידה,1.00,יחידה,false,1,12.90,12.90,true,1,
7296073391654,false,מגבונים לחיטוי וניקוי50י,טרופיקל דגיל,IL,מגבונים לניקוי,יחידה,1.00,יחידה,false,1,12.90,12.90,true,1,
7296073392934,false,נייר טואלט גליל כפול24יח,,IL,נייר טואלט 24 גל,מטרים,860.00,100 מטר,false,1,39.90,4.64,true,1,
7296073411239,false,מרכך כביסה מרוכז מאסק1ל,,IL,מרכך כביסה מרוכז,ליטרים,1.00,ליטר,false,1,14.90,14.90,true,1,
7296073411246,false,מרכך מרוכז יסמין/לילך1ל,,IL,מרכך כביסה מרוכז,ליטרים,1.00,ליטר,false,1,14.90,14.90,true,1,
7296073415114,false,מגני תחתון נורמל 60 יח,קוראטקס,DE,מגני תחתון B,יחידה,1.00,יחידה,false,1,9.90,9.90,true,1,
7296073415121,false,מגני תחתון לארג' 52 יחיד,קוראטקס,DE,מגני תחתון B,יחידה,1.00,יחידה,false,1,9.90,9.90,true,1,
7296073440109,false,קפסולות לכביסה 36 יחידות,גליל כימיקלים בעמ,IL,קפסולות לכביסה,יחידה,1.00,יחידה,false,1,34.90,34.90,true,1,
7296073445395,false,"תרחיץ פנים מיסלרי 150מ""ל",קוסמטיקס,TR,תרחיץ פנים מיסלר,יחידה,1.00,יחידה,false,0,9.90,9.90,true,1,
7296073445401,false,"תרחיץ פנים גרגירי150 מ""ל",קוסמטיקס,TR,תרחיץ פנים מיסלר,מיליליטרים,150.00,"100 מ""ל",false,1,9.90,6.60,true,1,
7296073445548,false,"מכשיר גילוח ר""פ לנשים2+",EDGEWELL,US,מ.גילוח לנשים,יחידה,1.00,יחידה,false,1,29.90,29.90,true,1,
7296073445555,false,סכיני גילוח רב''פ לנשים,EDGEWELL,US,סכיני גילוח נשים,יחידה,1.00,יחידה,false,1,24.90,24.90,true,1,
7296073445708,false,מחית תפוח אפרסק בננה 90ג,DELAFRUIT,ES,מחית מיקס פירות,גרמים,90.00,100 גרם,false,1,4.90,5.44,true,1,
7296073449508,false,מגבוני ניו בורן 64*4,דינמיק,IL,מגבוני ניו בורן,יחידה,1.00,יחידה,false,1,25.90,25.90,true,1,
7296073449881,false,מגבות נייר גליל כפול 6יח,שניב תעשיות נייר,IL,מגבות נייר,מטרים,130.00,מטר,false,1,19.90,0.15,true,1,
7296073457787,false,מוס רחצה לגוף אבטיח 200,סאסא קוסמטיקס,IL,מוס רחצה לגוף אב,מיליליטרים,200.00,"100 מ""ל",false,1,19.90,9.95,true,1,
7296073460404,false,מראת חיילים  מלבנית יח',,CN,מראת חיילים  מלב,יחידה,1.00,יחידה,false,1,14.90,14.90,true,1,
7296073485056,false,מפיץ ריח chill ונילה מאס,דרימי,IL,מפיץ ריח chill ו,יחידה,1.00,יחידה,false,1,49.90,49.90,true,1,
7296073496564,false,ספוג רחצה 50 גרם,,CN,ספוג רחצה,גרמים,50.00,100 גרם,false,1,9.90,19.80,true,1,
7296073516286,false,מגבונים לחים לילדים 72*4,"DPL בע""מ",IL,מגבונים לחים,יחידה,1.00,יחידה,false,1,16.90,16.90,true,1,
7296073526957,false,פרל מסכה לשיער מוחלק500מ,א.משי תעשיות,IL,פרל מסכה לשיער,מיליליטרים,500.00,"100 מ""ל",false,1,29.90,5.98,true,1,
7296073528777,false,קיסמי אוזניים עץ שק300יח,אל ואי טי,CN,קיסמי אוזניים,יחידה,1.00,יחידה,false,1,6.90,6.90,true,1,
7296073531289,false,פדים להסרת איפור אובלי40,LTD CO S.T.O,TR,פדים להסרת איפור,יחידה,1.00,יחידה,false,1,7.90,7.90,true,1,
7296073552833,false,"סבון נוזלי לבן 500 מ""ל",טאהא קימיה,TR,סבון נוזלי,מיליליטרים,500.00,"100 מ""ל",false,1,11.90,2.38,true,1,
7296073564683,false,BE אל סבון מאסק 1ליטר,טאהא קימיה,TR,BE אל סבון,ליטרים,1.00,ליטר,false,1,11.90,11.90,true,1,
7296073565161,false,קוצץ ציפורניים גדול מקצו,BE NOW,CN,קוצץ ציפורניים ג,יחידה,1.00,יחידה,false,1,19.90,19.90,true,1,
7296089001691,false,בדיקת טיל Covid19 home test מארז בודד,פארמה דיל,CN,בדיקה קורונה טיל,יחידה,1.00,יחידה,false,1,10.00,10.00,true,1,
7296168001390,false,אציטון 100 גרם,איתן ספקים E,IL,אציטון,מיליליטרים,100.00,"100 מ""ל",false,0,5.90,5.90,true,1,
7296179000658,false,סט בניחוח מסק,,IL,סט בניחוח מסק,יחידה,1.00,יחידה,false,0,54.90,54.90,true,1,
7296179010312,false,שיק לק עמיד 032,שיק לקים,IL,שיק לק עמיד,יחידה,1.00,יחידה,false,0,13.90,13.90,true,1,
7296179011180,false,שיק לק עמיד 258,שיק לקים,IL,שיק לק עמיד,יחידה,1.00,יחידה,false,0,13.90,13.90,true,1,
7296179011685,false,שיק לק עמיד 245,שיק לקים,IL,שיק לק עמיד,יחידה,1.00,יחידה,false,0,13.90,13.90,true,1,
7296179011753,false,שיק לק עמיד 228,שיק לקים,IL,שיק לק עמיד,יחידה,1.00,יחידה,false,0,13.90,13.90,true,1,
7296179011784,false,לכה טופ מאט,שיק לקים,IL,לכה טופ מאט,יחידה,1.00,יחידה,false,0,21.90,21.90,true,1,
7296179012125,false,שיק לק עמיד 287,שיק לקים,IL,שיק לק עמיד,יחידה,1.00,יחידה,false,0,13.90,13.90,true,1,
7296179014181,false,לק עמיד שיק 250,שיק לקים,IL,לק 250,יחידה,1.00,יחידה,false,0,13.90,13.90,true,1,
7296179014952,false,שיק.לק 410,שיק לקים,IL,שיק.לק 410,יחידה,1.00,יחידה,false,0,13.90,13.90,true,1,
7296179021677,false,מידנייט WHITE חמאת גוף 300 מל,חלאבין,IL,חמאת גוף 300 מל,מיליליטרים,300.00,"100 מ""ל",false,0,49.90,16.63,true,1,
7501013101355,false,"נקטר בטעם אפרסק 500 מ""ל JUMEX",חומקס קומר קומרסאליזדורה,MX,משקה גומקס אפרסק,מיליליטרים,473.00,"100 מ""ל",false,1,8.90,1.88,true,1,
7509546057545,false,ליידי ספיד סטיק פרו 5 סטיק 45 גרם,קולגייט פלמוליב,US,ליידי ספיד סטיק,גרמים,45.00,100 גרם,false,1,17.90,39.78,true,1,
7613036880534,false,גרבר מחית ירקות מעורבים מטרנה 190 גר',נסטלה פולסקה אס.איי,PL,מחית מרק ירקות,גרמים,190.00,100 גרם,false,1,6.90,3.63,true,1,
7614500035788,false,טובלרון שוקולד חלב 200 גרם,מונדלייז,CH,טובלרון חלב,גרמים,200.00,100 גרם,false,0,19.90,9.95,true,1,
7622010001858,false,עוגיות אוראו ממולאות קרם וניל 176 גרם.,פי אר ג'\יי אס אי מנדלז,UA,עוגיות אוראו,גרמים,176.00,100 גרם,false,1,9.90,5.63,true,1,
7622201808631,false,אוראו מיני עוגיות ממולאות קרם וניל 67גרם,פי.טי. מונדלז אינדונ,ID,עוגיות אוראו מינ,גרמים,67.00,100 גרם,false,1,8.90,13.28,true,1,
7622300200237,false,שוקולד מילקה שוקולד חלב 250 גרם,מונדליז אוסטרייך פרו,AT,שוקולד חלב מילקה,גרמים,250.00,100 גרם,false,0,16.90,6.76,true,1,
7638900248357,false,סוללות אנרגייזר2032 זוג,אנרג'ייזר,CN,סוללות 2032 זוג,יחידה,1.00,יחידה,false,1,19.90,19.90,true,1,
7640177366191,false,"WISH שופרד 75 מ""ל",,IL,WISH שופרד,מיליליטרים,75.00,"100 מ""ל",false,1,199.00,265.33,true,1,
7702018321520,false,דאודורנט סטיק לגבר Pro G Arctic ice,תות ממתקי איכות,US,דאודורנט סטיק,מיליליטרים,45.00,"100 מ""ל",false,0,23.90,53.11,true,1,
7702018441075,false,גילט מארז סכינים פיוזן ידני 12 יחידות,דיפלומט,PL,סכיני גילוח,יחידה,1.00,יחידה,false,1,139.00,139.00,true,1,
7702018470884,false,גילט מארז פיוזן 16 סכיני גילוח,"פרוקטר אנד גמבל, גרמניה",PL,סכיני גילוח,יחידה,1.00,יחידה,false,1,179.00,179.00,true,1,
7702018544738,false,קינג סי מכונה לעיצוב הזקן גילט,דיפלומט,CA,מכונה לעיצוב זקן,יחידה,1.00,יחידה,false,1,184.90,184.90,true,1,
7702018607532,false,גילט מארז פרוגלייד 14 סכינים,"פרוקטר אנד גמבל, גרמניה",DE,סכיני גילוח 14יח,יחידה,1.00,יחידה,false,1,179.00,179.00,true,1,
7702018886364,false,ונוס קומפורטגליד בריז,פרוקטר & גמבל,IL,ונוס קומפורטגליד,יחידה,1.00,יחידה,false,1,59.90,59.90,true,1,
7702018980833,false,"ג'ילט ג'ל גילוח סירייס מועשר בלחות - 200 מ""ל",פרוקטר אנד גמבל,GB,ג'ל גילוח סירייס,מיליליטרים,200.00,"100 מ""ל",false,1,18.90,9.45,true,1,
7891024124826,false,קולגייט משחת אופטיק ספרקלינג וייט 75מל,הנסיך- מפעל לייצור ט,BR,משחת קולגייט,מיליליטרים,75.00,"100 מ""ל",false,0,20.90,27.87,true,1,
7891024179482,false,"שטיפת פה קולגייט אופטיק וייט 500מ""ל",יבואן ומשווק: ש. שסט,PL,מי פה קולגייט,מיליליטרים,500.00,"100 מ""ל",false,0,33.90,6.78,true,1,
8000380003723,false,וופל אגוזים בציפוי שוקולד לואקר 100 גרם,קריניציה ויטמינה אס,IT,גראנד פטיסרי,גרמים,100.00,100 גרם,false,0,14.20,14.20,true,1,
8000380004911,false,קוביות וופל קואדרטיני Quadratini קרם אגוזים,קריניציה ויטמינה אס,AT,ופל קואדרטיני,גרמים,250.00,100 גרם,false,0,15.30,6.12,true,1,
8000380007257,false,וופל גרדנה אגוזים לואקר 200 גרם,קריניציה ויטמינה אס,IT,ופלים גרדנה,גרמים,200.00,100 גרם,false,0,15.90,7.95,true,1,
8000380106028,false,טורטינה לואקר וופל שוקולד ואגוזים שישיה 125ג',קריניציה ויטמינה אס,IT,וופל טורטינה,גרמים,125.00,100 גרם,false,0,17.30,13.84,true,1,
8000500009673,false,בונבוניירת פררו רושה 300 גרם,פררו - אלבה,IT,בונבוניירת רושה,גרמים,300.00,100 גרם,false,0,49.40,16.47,true,1,
8000500023624,false,חטיפי הפי היפו Happy Hippo במילוי קרם חלב וקקאו,פררו - אלבה,DE,קינדר הפי היפו,גרמים,102.00,100 גרם,false,0,13.90,13.63,true,1,
8000500026731,false,שוקולד ביצי הפתעה קינדר שלישייה,פררו אס.פי.אי,IT,ביצי הפתעה קינדר,גרמים,60.00,100 גרם,false,1,16.00,26.67,true,1,
8000500029350,false,מארז וופל מצופה 3יח' *43 גרם קינדר בואנו,פררו - אלבה,PL,קינדר בואנו,גרמים,129.00,100 גרם,false,0,11.90,9.22,true,1,
8000500037874,false,בונבונרייה פררו רושר 200 גרם,פררו - אלבה,IT,בונבוניירה רושה,גרמים,200.00,100 גרם,false,0,24.90,12.45,true,1,
8000500227848,false,נוטלה - בי רדי אצבעות ביסקוויט במילוי שוקולד 6 יח' * 22 גרם,פררו,IT,נוטלה בי רדי,גרמים,132.00,100 גרם,false,1,13.50,10.23,true,1,
8000500267103,false,קינדר דליס עוגת ספוג קקאו במילוי חלבי*10,קינדר Kinder,IT,עוגות קינדר דליס,גרמים,390.00,100 גרם,false,1,20.90,5.36,true,1,
8000500269169,false,קינדר קארדס Kinder Cards - חמישייה,קריות זול,IT,קינדר קארדס,גרמים,128.00,100 גרם,false,1,13.90,10.86,true,1,
8001090111715,false,תחתונים אולוויז דיסקריט מידה M לבריחת שתן,פרוקטר אנד גמבל,DE,אולוויז דיסקריט,יחידה,1.00,יחידה,false,1,38.90,38.90,true,1,
8001090222428,false,"הרבל אסנסס - שמפו חלב קוקוס 400 מ""ל",הרבל אסנס Herbal Essences,FR,שמפו הרבל אסנס,מיליליטרים,400.00,"100 מ""ל",false,1,19.90,4.98,true,1,
8001090222541,false,הרבל אסנסס שמפו תות שדה ומנטה 400 גרם,הרבל אסנס Herbal Essences,FR,שמפו הרבל אסנס,מיליליטרים,400.00,"100 מ""ל",false,1,19.90,4.98,true,1,
8001090222572,false,הרבל אסנסס מרכך תות שדה ומנטה 400 גרם,הרבל אסנס Herbal Essences,FR,מרכך הרבל אסנס,מיליליטרים,400.00,"100 מ""ל",false,1,19.90,4.98,true,1,
8001090222725,false,"הרבל אסנסס - שמפו שמן מורינגה 400 מ""ל",הרבל אסנס Herbal Essences,FR,שמפו הרבל אסנס,מיליליטרים,400.00,"100 מ""ל",false,1,19.90,4.98,true,1,
8001090222756,false,"הרבל אסנסס - מרכך שמן מורינגה 400 מ""ל",הרבל אסנס Herbal Essences,FR,מרכך הרבל אסנסס,מיליליטרים,400.00,"100 מ""ל",false,1,19.90,4.98,true,1,
8001090222879,false,"הרבל אסנסס - מרכך שיקום שמן ארגן 400 מ""ל",הרבל אסנס Herbal Essences,FR,מרכך הרבל אסנס,מיליליטרים,400.00,"100 מ""ל",false,1,19.90,4.98,true,1,
8001090290939,false,"אוראל בי משחת שיניים- להלבנה לובן בוהק 75 מ""ל",פרוקטר אנד גמבל,DE,משחת אורל בי,מיליליטרים,75.00,"100 מ""ל",false,1,29.90,39.87,true,1,
8001090336446,false,פמפרס בייבי דריי חיתולים מידה 4 34 יח,פרוקטר אנד גמבל,DE,פמפרס בייבי,יחידה,1.00,יחידה,false,1,34.90,34.90,true,1,
8001090375230,false,"פנטן מרכך מרוכז 200 מ""ל לחות מוגברת",פרוקטר אנד גמבל,FR,מרכך פנטן,מיליליטרים,200.00,"100 מ""ל",false,1,28.90,14.45,true,1,
8001090379337,false,פמפרס פרימיום קר חיתולים שלב 3 40 יח VP,פרוקטר אנד גמבל,PL,פמפרס פרימיום,יחידה,1.00,יחידה,false,1,38.90,38.90,true,1,
8001090379368,false,פמפרס פרימיום קר חיתולים שלב 4 34 יח VP,פרוקטר אנד גמבל,PL,פמפרס פרימיום,יחידה,1.00,יחידה,false,1,38.90,38.90,true,1,
8001090379399,false,פמפרס פרימיום קר חיתולים שלב 5 30 יח VP,פרוקטר אנד גמבל,PL,פמפרס פרימיום,יחידה,1.00,יחידה,false,1,38.90,38.90,true,1,
8001090632715,false,מש.שיניים אורל בי לילדים פרוזן וקארס120ג,פרוקטר אנד גמבל,DE,משחת שיניים לילד,מיליליטרים,75.00,"100 מ""ל",false,1,14.90,19.86,true,1,
8001090678225,false,"הד אנד שולדרס מרכך סופרים משקם 275 מ""ל",פרוקטר אנד גמבל,FR,מרכך הד&שולדרס,מיליליטרים,275.00,"100 מ""ל",false,1,18.90,6.87,true,1,
8001090832771,false,"פנטן שמפו להזנת קרטין 660 מ""ל",פרוקטר אנד גמבל,RO,שמפו פנטן,מיליליטרים,660.00,"100 מ""ל",false,1,23.90,3.62,true,1,
8001090899194,false,תחבושות אולוויז פלטינום נורמל 24 יחידות,פרוקטר אנד גמבל,DE,תחבושות אולוויז,יחידה,1.00,יחידה,false,1,25.90,25.90,true,1,
8001090899224,false,תחבושות אולוויז פלטינום לונג 20 יחידות,פרוקטר אנד גמבל,DE,תחבושות אולוייז,יחידה,1.00,יחידה,false,1,25.90,25.90,true,1,
8001090899255,false,תחבושות אולוויז פלטינום לילה 16 יחידות,פרוקטר אנד גמבל,DE,תחבשות אולוויז,יחידה,1.00,יחידה,false,1,25.90,25.90,true,1,
8001090993502,false,טמפקס כותנה סופר 16 יח',פרוקטר אנד גמבל,US,טמפקס כותנה סופר,יחידה,1.00,יחידה,false,1,23.90,23.90,true,1,
8001841006710,false,לנור כדוריות הריח בניחוח רענן 210 גרם,פרוקטר אנד גמבל,US,לנור מבשם כביסה,גרמים,210.00,100 גרם,false,1,37.90,18.05,true,1,
8001841053806,false,תחבושות היגייניות אולוויז מקסי עבה לילה,פרוקטר אנד גמבל,HU,תחבושות אולוויז,יחידה,1.00,יחידה,false,1,13.90,13.90,true,1,
8001841062624,false,פמפרס מגבונים לחים ללא בישום רביעייה,פרוקטר אנד גמבל.,DE,מגבוני פמפרס 4יח,יחידה,1.00,יחידה,false,1,17.90,17.90,true,1,
8001841077949,false,מארז מגבוני פמפרס בניחוח מרענן - רביעייה,פרוקטר אנד גמבל,DE,מגבוני פמפרס 4יח,יחידה,1.00,יחידה,false,1,17.90,17.90,true,1,
8001841104751,false,פמפרס פרימיום קר חיתולים שלב 1 52 יח VP,פרוקטר אנד גמבל,PL,פמפרס,יחידה,1.00,יחידה,false,1,37.90,37.90,true,1,
8001841105093,false,פמפרס פרימיום קר חיתולים שלב 6 26 יח VP,פרוקטר אנד גמבל,PL,פמפרס,יחידה,1.00,יחידה,false,1,38.90,38.90,true,1,
8001841217574,false,תחבושות אולוויז אולטרא כפול לונג 24 יח,,DE,תחבושות כפול אול,יחידה,1.00,יחידה,false,0,17.90,17.90,true,1,
8001841332307,false,אולוויז תחבושת בוטיק לונג 8 יח,פרוקטר אנד גמבל,DE,דיסקריט תחבושות,יחידה,1.00,יחידה,false,1,23.90,23.90,true,1,
8001841410524,false,שמפו הד&שולדרס קוקוס600מ,פרוקטר אנד גמבל,RO,שמפו הד&שולדרס,מיליליטרים,600.00,"100 מ""ל",false,1,25.90,4.32,true,1,
8001841500799,false,"הרבל אסנסס - שמפו ללא סולפטים אלוורה ומנגו 380 מ""ל",הרבל אסנס Herbal Essences,FR,שמפו ללא סולפטים,מיליליטרים,380.00,"100 מ""ל",false,1,24.90,6.55,true,1,
8001841625362,false,"נוזל כלים בניחוח לימון פלטינום 780 מ""ל פיירי",פרוקטר אנד גמבל,GB,פיירי נוזל כלים,מיליליטרים,780.00,"100 מ""ל",false,1,12.90,1.65,true,1,
8001841660257,false,מסכת מינרלס במבוק לשיער חזק וארוך,פנטן Pantene,FR,פנטן מיראקלס במב,מיליליטרים,160.00,"100 מ""ל",false,1,18.90,11.81,true,1,
8001841669465,false,קפסולות לכביסה אריאל בניחוח לנור 24 יחידות,פרוקטר אנד גמבל,FR,קפסולות גל כביסה,יחידה,1.00,יחידה,false,1,37.90,37.90,true,1,
8001841669519,false,קפסולות לכביסה ALL IN ONE אריאל 55 יחידות,פרוקטר אנד גמבל,FR,קפסולות לכביסה,יחידה,1.00,יחידה,false,1,72.90,72.90,true,1,
8005200486526,false,"נסטי, תה קר בטעם אפרסק 500 מל",מפעל סאנפלגרינו S.p.,IT,נסטי בטעם אפרסק,מיליליטרים,500.00,"100 מ""ל",false,0,5.90,1.18,true,1,
8005610481005,false,"בלום אדפ לאישה 100 מ""ל - גוצ'י",P&G לילית,GR,גוצ'י בלום אדפ,מיליליטרים,100.00,"100 מ""ל",false,0,494.00,494.00,true,1,
8005610481906,false,גוצי בלום מארז יח',,FR,גוצי בלום מארז,יחידה,1.00,יחידה,false,1,399.00,399.00,true,1,
8006540110317,false,שמפו מינרלס ביוטין + במבוק לשיער חזק וארוך,פרוקטר אנד גמבל,RO,פנטן מיראקלס,גרמים,400.00,100 גרם,false,1,18.90,4.73,true,1,
8006540112793,false,"מרכך כביסה מרוכז בניחוח יסמין לנור 900 מ""ל",פרוקטר אנד גמבל,US,לנור מרכך מרוכז,מיליליטרים,900.00,"100 מ""ל",false,1,19.90,2.21,true,1,
8006540112823,false,"לנור מרכך כביסה מרוכז בניחוח האוקיינוס 900 מ""ל",פרוקטר אנד גמבל,FR,לנור מרכך מרוכז,מיליליטרים,900.00,"100 מ""ל",false,1,19.90,2.21,true,1,
8006540157374,false,מרכך מינרלס ביוטין + במבוק לשיער חזק וארוך,פנטן Pantene,FR,פנטן מיראקלס,מיליליטרים,275.00,"100 מ""ל",false,1,18.90,6.87,true,1,
8006540221068,false,מגן תחתון אלוויז וליופק לונג פלוס 40 יחי',פרוקטר & גמבל,DE,מגן תחתון אולווי,יחידה,1.00,יחידה,false,1,17.90,17.90,true,1,
8006540221341,false,אולוויז מגן תחתון וליופק לארג' 48 יחידות,,DE,מגן תחתון אולווי,יחידה,1.00,יחידה,false,1,17.90,17.90,true,1,
8006540221426,false,מגן תחתון דייליס סלים 74,,DE,מגן תחתון דייליס,יחידה,1.00,יחידה,false,1,17.90,17.90,true,1,
8006540221464,false,מגן תחתון אולוויז וליופק נורמל 56 יחידות,,DE,מגן תחתון אולווי,יחידה,1.00,יחידה,false,1,17.90,17.90,true,1,
8006540406793,false,פמפרס בייבי דריי פנטס מידה 6 34 יח,דיפלומט,PL,פמפרס מכנסונים,יחידה,1.00,יחידה,false,1,54.90,54.90,true,1,
8006540463550,false,פיירי טבליות למדיח פלטינום 63 יחידות,פרוקטר אנד גמבל,BE,פיירי טבליות,יחידה,1.00,יחידה,false,1,65.00,65.00,true,1,
8006540495186,false,לנור מרכך כביסה מרוכז רגיש בייבי 900 מל,פרוקטר אנד גמבל,FR,מרכך כביסה בייבי,מיליליטרים,900.00,"100 מ""ל",false,1,19.90,2.21,true,1,
8006540592496,false,תחבושות אולוויז אולטרא כפול לילה 20 יח,פרוקטר & גמבל,HU,תחבושות כפול ליל,יחידה,1.00,יחידה,false,1,17.90,17.90,true,1,
8011003845354,false,VERSACE EROS FLAME EDP 100,,IT,FLA EROS VERSACE,מיליליטרים,100.00,"100 מ""ל",false,1,249.00,249.00,true,1,
8017331031407,false,BIOREPAIR משחת שיניים להגנה מלאה 75 מל,זר טכנולוגיות,IT,ביוריפאיר מ.להגנ,מיליליטרים,75.00,"100 מ""ל",false,0,19.90,26.53,true,1,
8017331045213,false,בלנקס משחת שיניים להסרת כתמים שפופרת75מל,זר הייטק,IT,בלנקס מש.שיניים,גרמים,75.00,100 גרם,false,0,17.90,23.87,true,1,
8032880800243,false,פיקניק הפתעה - אגוזי לוז ומקלות אפויים,"הוסטה איטליה, ס.ר.ל.",IT,פיקניק הפתעה,גרמים,50.00,100 גרם,false,0,9.90,19.80,true,1,
8033661564880,false,ממחטות נייר מיניונ 6 יחי,,IL,ממחטות נייר 6 יח,יחידה,1.00,יחידה,false,1,9.90,9.90,true,1,
8053853182548,false,FROZENממחטות נייר מצויירות 6יח',,IL,ממחטות נייר 6 יח,יחידה,1.00,יחידה,false,1,9.90,9.90,true,1,
8053853182562,false,FROZENקובית ממחטות נייר 56יח',,IL,ממחטות נייר 56יח,יחידה,1.00,יחידה,false,1,11.90,11.90,true,1,
8076800195057,false,ברילה - צ.א ספגטי מס5 חדש 500 גרם,ברילה גי.אי.אר פרטלי ס.פ,IT,ספגטי מס 5 ברילה,גרמים,500.00,100 גרם,false,0,11.90,2.38,true,1,
8076809513395,false,ברילה פומודורו רוטב עגבניות קלאסי 400 גר,ברילה גי.אי.אר פרטלי ס.פ,IT,רוטב עגבניות,גרמים,400.00,100 גרם,false,0,13.90,3.48,true,1,
8423207207362,false,חטיפי סלים דליס שוקולד לבן מרבה 6 יחידות,ביסנצ'ורי אס.אל.יו,ES,סלים דליס,גרמים,120.00,100 גרם,false,0,15.90,13.25,true,1,
8427030007861,false,סימילאק גולד נאושור עם HMO,אבוט,ES,סימילאק גולד נאו,גרמים,370.00,100 גרם,false,1,39.90,10.78,true,1,
8435495807636,false,ג'ל כביסה היפואלרגני 2 ל' תינוקלין,פרוקטר אנד גמבל,TR,תינוקלין ג'ל,ליטרים,2.00,ליטר,false,1,34.90,17.45,true,1,
8690637704376,false,"שמפו לטיפוח יום יומי דאב 600 מ""ל",יוניליוור סנאיי וי טיקאר,TR,שמפו דאב,מיליליטרים,600.00,"100 מ""ל",false,0,21.90,3.65,true,1,
8690637916991,false,מרכך דאב עם שמן אבוקדו ותמצית קלנדולה600,יונילוור - תורכיה,TR,מרכך שיער דאב,מיליליטרים,600.00,"100 מ""ל",false,1,21.90,3.65,true,1,
8690637946301,false,"בדין - מרכך כביסה אקסטרא בייביי כחול 960 מ""ל",יוניליוור סנאיי וי טיקאר,TR,בדין מרכך בייבי,מיליליטרים,960.00,"100 מ""ל",false,1,18.90,1.97,true,1,
8690637946318,false,"מרכך כביסה בדין מרוכז אקסטרה בייבי טלק 960 מ""ל",יוניליוור סנאיי וי טיקאר,TR,מרכך בדין בייבי,מיליליטרים,960.00,"100 מ""ל",false,1,18.90,1.97,true,1,
8690637976995,false,"מרכך כביסה מרוכז אקסטרה ורוד סחלבים פראי בדין 960 מ""ל",יוניליוור סנאיי וי טיקאר,TR,בדין אקסטרה ורוד,מיליליטרים,960.00,"100 מ""ל",false,1,18.90,1.97,true,1,
8691900174032,false,קוטקס תחבושות נורמל 24 יח,חוגלה קימברלי,CZ,קוטקס נורמל,יחידה,1.00,יחידה,false,1,19.90,19.90,true,1,
8693495054034,false,פלמוליב ס.נוזלי לומינוס אבוקדו 750 משאבה,קולגייט פלמוליב,TR,פלמוליב ג'ל רחצה,מיליליטרים,750.00,"100 מ""ל",false,1,16.90,2.26,true,1,
8697659241575,false,דיסני מארז פרוזן בושם יח,,IL,דיסני מארז פרוזן,יחידה,1.00,יחידה,false,1,89.90,89.90,true,1,
8699954702140,false,מסיכת פחם פעיל לרענון יח,,IL,מסיכת פחם פעיל ל,יחידה,1.00,יחידה,false,1,7.90,7.90,true,1,
8710103901716,false,אוונט מוצץ 0-6 אולטרה אייר לילה בנים,פיליפס אוונט,GB,מוצץ אולטרא אייר,יחידה,1.00,יחידה,false,1,59.90,59.90,true,1,
8710447224342,false,טרזמה שמפו קרטין לשיער 400 מל,"יוניליוור פולין, רחוב קר",PL,טרזמה שמפו קרטין,מיליליטרים,400.00,"100 מ""ל",false,1,19.90,4.98,true,1,
8710447275306,false,דאב קרם ידיים שמן אבוקדו ותמצית קלנדולה,"יוניליוור פולין, רחוב קר",PL,קרם ידיים דאב,מיליליטרים,75.00,"100 מ""ל",false,1,13.90,18.53,true,1,
8710447275313,false,דאב קרם ידיים שמן קוקוס וחלב שקדים,"יוניליוור פולין, רחוב קר",PL,קרם ידיים דאב,מיליליטרים,75.00,"100 מ""ל",false,1,13.90,18.53,true,1,
8710447284117,false,"ג'ל רחצה אקס בלאק 400 מ""ל",יוניליוור גרמניה (בו,DE,אקס ג'ל רחצה בלק,מיליליטרים,400.00,"100 מ""ל",false,1,15.90,3.98,true,1,
8710522584200,false,דאב תחליב רחצה אלוורה ומי ורדים 500 מל,"יוניליוור גרמניה, Gmbh &",DE,תחליב רחצה דאב,מיליליטרים,500.00,"100 מ""ל",false,1,17.90,3.58,true,1,
8710847973970,false,"תחליב רחצה דאב אלוורה מי עץ שדר, 750 מ""ל","יוניליוור גרמניה, Gmbh &",DE,תחליב רחצה דאב,מיליליטרים,750.00,"100 מ""ל",false,1,23.90,3.19,true,1,
8710847995729,false,"רקסונה - דאודורנט ספריי לאישה דייזי פאוור 150 מ""ל","יוניליוור אנגליה, דרך קו",GB,דאודורנט רקסונה,מיליליטרים,150.00,"100 מ""ל",false,1,17.90,11.93,true,1,
8712400718073,false,נוטרילון A.R תרכובת מזון מגיל לידה,נוטרישה-נוטרילון,NL,נוטרילון 400 גרם,גרמים,400.00,100 גרם,false,0,51.90,12.98,true,1,
8712400802499,false,תרכובת מזון המשך לפעוטות על בסיס חלב שלב 1,נוטרישיה קאלק ב. ו.,NL,נוטרילון שלה1-,גרמים,800.00,100 גרם,false,0,68.90,8.61,true,1,
8712400802512,false,תרכובת מזון המשך לפעוטות על בסיס חלב שלב 2,נוטרישיה קאלק ב. ו.,NL,נוטרילון שלב2-,גרמים,800.00,100 גרם,false,0,68.90,8.61,true,1,
8712400802536,false,תרכובת מזון המשך לפעוטות על בסיס חלב שלב 3,נוטרישיה קאלק ב. ו.,NL,נוטרילון שלב3-,גרמים,800.00,100 גרם,false,0,68.90,8.61,true,1,
8712561611411,false,"תחליב רחצה בניחוח מלפפון ותה ירוק דאב 750 מ""ל","יוניליוור גרמניה, Gmbh &",DE,תחליב רחצה דאב,מיליליטרים,750.00,"100 מ""ל",false,1,23.90,3.19,true,1,
8714789218465,false,מברשת שיניים 360 סופט קולגייט 2 יחידות,הנסיך- מפעל לייצור ט,CN,2 מברשות שיניים,יחידה,1.00,יחידה,false,0,29.90,29.90,true,1,
8714789303925,false,מברשת שיניים 360 סנסטיב רכה במיוחד קולגייט 2 יחידות,קולגייט- פלמוליב,CH,2 מברשות שיניים,יחידה,1.00,יחידה,false,0,29.90,29.90,true,1,
8714789930848,false,"משחת שיניים אופטיק וייט הלבנה מיידית קולגייט 75 מ""ל",הנסיך- מפעל לייצור ט,PL,משחת קולגייט,מיליליטרים,75.00,"100 מ""ל",false,0,20.90,27.87,true,1,
8717163607305,false,דאב סבון מוצק גרגירים לעיסוי עדין *4,יוניליוור גרמניה (בו,DE,סבון דאב רביעייה,גרמים,400.00,100 גרם,false,0,18.90,4.73,true,1,
8717163647226,false,"אקס דאודורנט ספריי גוף בלאק 150 מ""ל",ארנסט. רחוב קומבינצק,GB,אקס ספריי,מיליליטרים,150.00,"100 מ""ל",false,1,18.90,12.60,true,1,
8717163647233,false,"אקס דאודורנט ספריי גוף בלאק נייט 150 מ""ל",ארנסט. רחוב קומבינצק,GB,אקס ספריי,מיליליטרים,150.00,"100 מ""ל",false,1,18.90,12.60,true,1,
8717163647240,false,"אקס דאודורנט ספריי גוף לגבר שוקולד 150 מ""ל",יוניליוור גרמניה (בו,GB,אקס ספריי,מיליליטרים,150.00,"100 מ""ל",false,1,18.90,12.60,true,1,
8717163647257,false,"אקס אנטיפרספירנט ספריי גוף גולד 150מ""ל",יוניליוור אנגליה,GB,אקס ספריי,מיליליטרים,150.00,"100 מ""ל",false,1,18.90,12.60,true,1,
8717163714850,false,"דאו דאב ספריי קוקוס ויסמין 150 מ""ל","קוסטר אירוסול, גבזה 4140",TR,דאודורנט דאב,מיליליטרים,150.00,"100 מ""ל",false,1,18.90,12.60,true,1,
8718951044913,false,מרידול משחת שיניים להלבנה 75 מל,קולגייט פלמוליב,PL,משחת מרידול,מיליליטרים,75.00,"100 מ""ל",false,1,20.90,27.87,true,1,
8718951093331,false,מרידול זוג מברשות שיניים אקסטרה סופט,קולגייט פלמוליב,CH,זוג מברשות מרידו,יחידה,1.00,יחידה,false,1,38.90,38.90,true,1,
8718951144064,false,מרידול מברשת שיניים פרודונט אקספרט זוג,"ש. שסטוביץ בע""\מ",CH,זוג מברשות מרידו,יחידה,1.00,יחידה,false,1,38.90,38.90,true,1,
8718951187122,false,זוג מברשות שיניים אלמקס לילדים גילאי 0-3,GABA TRISA SWIZ,CN,מברשות אלמקס,יחידה,1.00,יחידה,false,1,24.90,24.90,true,1,
8718951236790,false,"קולגייט טוטאל משחת שיניים קלין מינט לפה בריא 100 מ""ל",קולגייט פלמוליב,PL,קולגייט טוטל,מיליליטרים,100.00,"100 מ""ל",false,1,14.90,14.90,true,1,
8718951236806,false,"קולגייט טוטאל הלבנה משחת שיניים המסייעת בהסרת כתמים 100 מ""ל",קולגייט Colgate,PL,קולגייט טוטל,מיליליטרים,100.00,"100 מ""ל",false,1,14.90,14.90,true,1,
8718951240742,false,"קולגייט טוטאל משחת שיניים פסים מרעננים 100 מ""ל",קולגייט פלמוליב,PL,קולגייט טוטל,מיליליטרים,100.00,"100 מ""ל",false,1,14.90,14.90,true,1,
8718951278851,false,מ.שיניים אדוונס וויט פחם,קולגייט,PL,מ.שיניים קולגייט,מיליליטרים,100.00,"100 מ""ל",false,1,19.90,19.90,true,1,
8718951286733,false,"קולגייט אופטיק וייט לסטינג וייט משחת שיניים 75 מ""ל",קולגייט Colgate,PL,משחת אופטיק וויט,מיליליטרים,75.00,"100 מ""ל",false,1,24.90,33.20,true,1,
8718951313576,false,קולגייט משחת שיניים מקס פרש קול קריסטל 100 מל,קולגייט פלמוליב,PL,משחת קולגייט,מיליליטרים,100.00,"100 מ""ל",false,1,12.90,12.90,true,1,
8718951314009,false,"סבון נוזלי פלמוליב פטל שחור 750 מ""ל",קולגייט פלמוליב,TR,תחליב רחצה,מיליליטרים,750.00,"100 מ""ל",false,1,16.90,2.26,true,1,
8718951333048,false,"פלמוליב סבון לידיים למטבח, 300 מ""ל",הנסיך- מפעל לייצור ט,IT,פלמוליב ידיים,מיליליטרים,300.00,"100 מ""ל",false,1,10.90,3.63,true,1,
8718951370135,false,"סבון נוזלי ארומה סנסיישן גלואו 750 מ""ל פלמוליב",קולגייט פלמוליב,TR,סבון פלמוליב,מיליליטרים,750.00,"100 מ""ל",false,1,16.90,2.26,true,1,
8718951382664,false,"פלמוליב ג'ל רחצה חימר ואקליפטוס 750 מ""ל",קולגייט פלמוליב,TR,סבון פמוליב,מיליליטרים,750.00,"100 מ""ל",false,1,16.90,2.26,true,1,
8718951382718,false,"פלמוליב ג'ל רחצה חימר התחדשות 750 מ""ל",קולגייט פלמוליב,TR,סבון פמוליב,מיליליטרים,750.00,"100 מ""ל",false,1,16.90,2.26,true,1,
8718951509627,false,"קולגייט אופטיק וייט לאוהבי קפה ותה משחת שיניים 75 מ""ל",קולגייט פלמוליב,PL,קולגייט משחה,מיליליטרים,75.00,"100 מ""ל",false,1,24.90,33.20,true,1,
8720181045912,false,"אקס דאודורנט ספריי גוף אפריקה 150 מ""ל","יוניליוור אנגליה, דרך קו",GB,אקס ספריי,מיליליטרים,150.00,"100 מ""ל",false,1,18.90,12.60,true,1,
8720181046605,false,דאב - דאודורנט ספריי לאישה אורגינל כחול 150מל,"יוניליוור אנגליה, דרך קו",TR,דאודורנט דאב,מיליליטרים,150.00,"100 מ""ל",false,1,18.90,12.60,true,1,
8720181074745,false,דאב דאו ספריי בניחוח אסאי 150 מל,"יוניליוור אנגליה, דרך קו",GB,דאודורנט דאב,מיליליטרים,150.00,"100 מ""ל",false,1,18.90,12.60,true,1,
8720182256850,false,דאב אל סבון מוצק קלאסי 90 גרם רביעייה,יוניליוור ישראל טיפוח אי,DE,דאב סבון מוצק קל,גרמים,360.00,100 גרם,false,1,17.00,4.72,true,1,
8850389103128,false,"משקה קל סאפה בטעם תפוח 300 מ""ל",פארייפאבה אגרואינדוס,TH,משקה סאפה תפוח,מיליליטרים,300.00,"100 מ""ל",false,0,7.90,2.63,true,1,
8850389104637,false,"משקה קל סאפה אלוורה אפרסק 300 מ""ל",פארייפאבה אגרואינדוס,TH,סאפה אפרסק,מיליליטרים,300.00,"100 מ""ל",false,0,7.90,2.63,true,1,
8901138500306,false,משחת שיניים איורודית עם פלואוריד מן הטבע,הימלאיה Himalaya,IN,מש.שיניים הימלאי,מיליליטרים,100.00,"100 מ""ל",false,0,24.90,24.90,true,1,
8901314550286,false,6 מב.קולגייט אקסטרה קלין,קולגייט פלמוליב,CN,6 מברשות שיניים,יחידה,1.00,יחידה,false,1,12.90,12.90,true,1,
9000101418163,false,"סבון אסלה בניחוח מתחלף תפוח ירוק נופר, 3 יחידות",ברף Bref,RS,ברף לאסלה 3 יח,גרמים,150.00,100 גרם,false,1,20.90,13.93,true,1,
9000101520965,false,"סבון אסלה בניחוח מתחלף לוטוס עדין במבוק, 3 יחידות",ברף Bref,RS,ברף לאסלה 3 יח,גרמים,150.00,100 גרם,false,1,20.90,13.93,true,1,
9000101537550,false,פרסיל קאפסולות לכביסה לבנה וצבעונית 52 יח',הנקל סוד,HU,פרסיל פאוור קאפס,יחידה,1.00,יחידה,false,1,64.90,64.90,true,1,
9001616202148,false,מאם מוצצים לטקס 16+ כחול,General,HU,זוג מוצצים,יחידה,1.00,יחידה,false,0,38.90,38.90,true,1,
9001616202155,false,מוצץ לתינוק אולטי סיליקון ללא ביספנול 16+ מאם,מאם Mam,HU,זוג מוצצים מאמ,יחידה,1.00,יחידה,false,0,38.90,38.90,true,1,
9001616702846,false,מאם מוצצים סיליקון 0-6 אייר ורוד,General,AT,זוג מוצצים איר 0,יחידה,1.00,יחידה,false,1,38.90,38.90,true,1,
9001616702921,false,מאם בקבוק אנטי קוליק 260 מל לבן,General,HU,בקבוק אנטי קוליק,יחידה,1.00,יחידה,false,1,38.90,38.90,true,1,
