code,internal_code,name,manufacturer_name,manufacture_country,manufacturer_item_description,unit_qty,quantity,unit_of_measure,weighted,qty_in_package,price,unit_of_measure_price,allow_discount,status,item_id
55,true,משלוחים לבית,,,משלוחים לבית,יחידה,0.00,יחידה,false,,29.90,0.0000,true,1,34395
103,true,לחמניה בריאות,,,לחמניה בריאות,יח',1.00,יח',false,,3.50,3.5000,true,1,2398
163,true,פטריות שמפיניון תפזו,,,פטריות שמפיניון תפזו,קילוגרמים,1.00,"ק""ג",true,,39.90,39.9000,true,1,50699
301,true,בקבוק ריק חוזר בירה,,,בקבוק ריק חוזר בירה,יחידה,0.00,יחידה,false,,1.20,0.0000,true,1,6857
352,true,לחמניית ראנצ`,,,לחמניית ראנצ`,יחידה,0.00,יחידה,false,,2.90,0.0000,true,1,4432
374,true,פטריות שמפניון,,,פטריות שמפניון,יח',1.00,יח',false,,8.90,8.9000,true,1,50702
519,true,מעורב בבגט,,,מעורב בבגט,יחידה,0.00,יחידה,false,,25.00,0.0000,true,1,275802
996,true,חלה קלועה,,,חלה קלועה,יח',1.00,יח',false,,12.90,12.9000,true,1,2418
997,true,מיני חלה,,,מיני חלה,יחידה,0.00,יחידה,false,,6.90,0.0000,true,1,2419
998,true,חלה מתוקה קלועה,,,חלה מתוקה קלועה,יח',1.00,יח',false,,12.90,12.9000,true,1,2420
1058,true,חלה רגילה/חלה ציפורי,,,חלה רגילה/חלה ציפורי,גרמים,500.00,100 גרם,false,,5.17,1.0340,true,1,4435
1128,true,אגס חום,,,אגס חום,קילוגרמים,1.00,"ק""ג",true,,15.90,15.9000,true,1,50709
1212,true,לחמנית כריך/ביס/לבן/,,,לחמנית כריך/ביס/לבן/,יח',1.00,יח',false,,2.50,2.5000,true,1,2440
1214,true,לחמניה לוסי לבנה,,,לחמניה לוסי לבנה,יחידה,0.00,יחידה,false,,2.00,0.0000,true,1,4440
1215,true,לחמנית קשר/חתונה 75,,,לחמנית קשר/חתונה 75,גרמים,75.00,100 גרם,false,,2.00,2.6667,true,1,4441
1221,true,לחמניה כפולה קלועה/מ,,,לחמניה כפולה קלועה/מ,יחידה,0.00,יחידה,false,,2.90,0.0000,true,1,4447
1476,true,לימון סיני,,,לימון סיני,קילוגרמים,1.00,"ק""ג",true,,12.90,12.9000,true,1,50712
1481,true,שזיף שגיב,,,שזיף שגיב,קילוגרמים,1.00,"ק""ג",true,,19.90,19.9000,true,1,50714
1494,true,תפו`א לבן תפזורת,,,תפו`א לבן תפזורת,קילוגרמים,1.00,"ק""ג",true,,5.90,5.9000,true,1,50723
1495,true,תפו`א  אדום תפזורת,,,תפו`א  אדום תפזורת,קילוגרמים,1.00,"ק""ג",true,,5.90,5.9000,true,1,50724
1499,true,עגבניות תמר,,,עגבניות תמר,קילוגרמים,1.00,"ק""ג",true,,6.90,6.9000,true,1,50726
1500,true,פלפל כתום,,,פלפל כתום,קילוגרמים,1.00,"ק""ג",true,,9.90,9.9000,true,1,50727
1501,true,עגבניות,,,עגבניות,קילוגרמים,1.00,"ק""ג",true,,6.90,6.9000,true,1,50728
1502,true,מלפפונים,,,מלפפונים,קילוגרמים,1.00,"ק""ג",true,,6.90,6.9000,true,1,50729
1503,true,גזר ארוז,,,גזר ארוז,קילוגרמים,1.00,"ק""ג",true,,4.90,4.9000,true,1,50730
1504,true,סלק,,,סלק,קילוגרמים,1.00,"ק""ג",true,,6.90,6.9000,true,1,50731
1505,true,כרוב לבן,,,כרוב לבן,קילוגרמים,1.00,"ק""ג",true,,4.90,4.9000,true,1,50732
1506,true,כרוב אדום,,,כרוב אדום,קילוגרמים,1.00,"ק""ג",true,,6.90,6.9000,true,1,50733
1507,true,כרובית,,,כרובית,קילוגרמים,1.00,"ק""ג",true,,9.90,9.9000,true,1,50734
1508,true,שזיף אבטיח,,,שזיף אבטיח,קילוגרמים,1.00,"ק""ג",true,,29.90,29.9000,true,1,46528
1510,true,קישואים,,,קישואים,קילוגרמים,1.00,"ק""ג",true,,7.90,7.9000,true,1,50735
1511,true,חצילים,,,חצילים,קילוגרמים,1.00,"ק""ג",true,,7.90,7.9000,true,1,50736
1513,true,פלפל ירוק,,,פלפל ירוק,קילוגרמים,1.00,"ק""ג",true,,9.90,9.9000,true,1,50737
1515,true,פלפל חריף,,,פלפל חריף,קילוגרמים,1.00,"ק""ג",true,,9.90,9.9000,true,1,50739
1516,true,פלפל אדום,,,פלפל אדום,קילוגרמים,1.00,"ק""ג",true,,9.90,9.9000,true,1,50740
1518,true,מלון,,,מלון,קילוגרמים,1.00,"ק""ג",true,,6.90,6.9000,true,1,50742
1519,true,בצל יבש,,,בצל יבש,קילוגרמים,1.00,"ק""ג",true,,5.90,5.9000,true,1,50743
1521,true,קולורבי,,,קולורבי,קילוגרמים,1.00,"ק""ג",true,,9.90,9.9000,true,1,50744
1535,true,תפו`א אדום ארוז,,,תפו`א אדום ארוז,קילוגרמים,1.00,"ק""ג",true,,4.90,4.9000,true,1,50751
1545,true,שום ארוז ייבוא יח',,,שום ארוז ייבוא יח',יח',1.00,יח',false,,5.90,5.9000,true,1,50759
1547,true,שומר,,,שומר,קילוגרמים,1.00,"ק""ג",true,,7.90,7.9000,true,1,50761
1550,true,תפו`א לבן ארוז,,,תפו`א לבן ארוז,קילוגרמים,1.00,"ק""ג",true,,4.90,4.9000,true,1,50762
1551,true,לימון,,,לימון,קילוגרמים,1.00,"ק""ג",true,,9.90,9.9000,true,1,50763
1552,true,תפוז,,,תפוז,קילוגרמים,1.00,"ק""ג",true,,6.90,6.9000,true,1,50764
1553,true,ענב לבן,,,ענב לבן,קילוגרמים,1.00,"ק""ג",true,,19.90,19.9000,true,1,50765
1555,true,תפוז ארוז,,,תפוז ארוז,קילוגרמים,1.00,"ק""ג",true,,6.90,6.9000,true,1,50767
1556,true,בננה מובחרת,,,בננה מובחרת,קילוגרמים,1.00,"ק""ג",true,,7.90,7.9000,true,1,50768
1557,true,צנון,,,צנון,קילוגרמים,1.00,"ק""ג",true,,6.90,6.9000,true,1,50769
1560,true,דלעת ארוזה,,,דלעת ארוזה,קילוגרמים,1.00,"ק""ג",true,,9.90,9.9000,true,1,50772
1561,true,תפוח עץ זהוב,,,תפוח עץ זהוב,קילוגרמים,1.00,"ק""ג",true,,9.90,9.9000,true,1,50773
1562,true,תפוח עץ יונתן,,,תפוח עץ יונתן,קילוגרמים,1.00,"ק""ג",true,,9.90,9.9000,true,1,50774
1563,true,תפוח עץ חרמון,,,תפוח עץ חרמון,קילוגרמים,1.00,"ק""ג",true,,9.90,9.9000,true,1,50775
1564,true,תפוח עץ סמיט,,,תפוח עץ סמיט,קילוגרמים,1.00,"ק""ג",true,,9.90,9.9000,true,1,50776
1568,true,רימון,,,רימון,קילוגרמים,1.00,"ק""ג",true,,13.90,13.9000,true,1,50779
1570,true,קלמנטינה,,,קלמנטינה,קילוגרמים,1.00,"ק""ג",true,,6.90,6.9000,true,1,50780
1572,true,אבוקדו מובחר,,,אבוקדו מובחר,קילוגרמים,1.00,"ק""ג",true,,13.90,13.9000,true,1,50782
1573,true,מנגו,,,מנגו,קילוגרמים,1.00,"ק""ג",true,,15.90,15.9000,true,1,50783
1574,true,בטטה מתוקה,,,בטטה מתוקה,קילוגרמים,1.00,"ק""ג",true,,9.90,9.9000,true,1,50784
1576,true,אגס,,,אגס,קילוגרמים,1.00,"ק""ג",true,,13.90,13.9000,true,1,50785
1581,true,פלפל צהוב,,,פלפל צהוב,קילוגרמים,1.00,"ק""ג",true,,9.90,9.9000,true,1,50787
1590,true,פומלה,,,פומלה,קילוגרמים,1.00,"ק""ג",true,,8.90,8.9000,true,1,50792
1591,true,ענב אדום,,,ענב אדום,קילוגרמים,1.00,"ק""ג",true,,19.90,19.9000,true,1,50793
1601,true,סלרי חתוך ליח,,,סלרי חתוך ליח,יח',1.00,יח',false,,6.90,6.9000,true,1,47671
1603,true,אבוקדו ברשת,,,אבוקדו ברשת,קילוגרמים,1.00,"ק""ג",true,,16.90,16.9000,true,1,50798
1604,true,אפרסמון,,,אפרסמון,קילוגרמים,1.00,"ק""ג",true,,13.90,13.9000,true,1,50799
1607,true,תפו`א קטן אפיה ארוז,,,תפו`א קטן אפיה ארוז,קילוגרמים,1.00,"ק""ג",true,,6.90,6.9000,true,1,50802
1608,true,זנגוויל\גינגיר תפזור,,,זנגוויל\גינגיר תפזור,קילוגרמים,1.00,"ק""ג",true,,28.90,28.9000,true,1,50803
1610,true,שרי אשכולות לקג,,,שרי אשכולות לקג,קילוגרמים,1.00,"ק""ג",true,,17.90,17.9000,true,1,50804
1613,true,דלורית,,,דלורית,קילוגרמים,1.00,"ק""ג",true,,6.90,6.9000,true,1,50806
1615,true,בצל אדום,,,בצל אדום,קילוגרמים,1.00,"ק""ג",true,,6.90,6.9000,true,1,50808
1617,true,אננס,,,אננס,יח',1.00,יח',false,,36.90,36.9000,true,1,50809
1619,true,פומלית,,,פומלית,קילוגרמים,1.00,"ק""ג",true,,8.90,8.9000,true,1,50811
1632,true,קישוא זוקיני ירוק,,,קישוא זוקיני ירוק,קילוגרמים,1.00,"ק""ג",true,,11.90,11.9000,true,1,50814
1645,true,תפוח עץ גלה,,,תפוח עץ גלה,קילוגרמים,1.00,"ק""ג",true,,9.90,9.9000,true,1,50820
1683,true,תפוח עץ פינק קריפס,,,תפוח עץ פינק קריפס,קילוגרמים,1.00,"ק""ג",true,,11.90,11.9000,true,1,50832
1708,true,גזר תפזורת,,,גזר תפזורת,קילוגרמים,1.00,"ק""ג",true,,4.90,4.9000,true,1,50843
1854,true,שרי מיניאפלם,,,שרי מיניאפלם,יח',1.00,יח',false,,8.90,8.9000,true,1,46535
4015,true,קוקוס ראש,,,קוקוס ראש,יח',1.00,יח',false,,6.90,6.9000,true,1,50893
7664,true,שרי תמר תפזורת לובלו,,,שרי תמר תפזורת לובלו,קילוגרמים,1.00,"ק""ג",true,,19.90,19.9000,true,1,50894
7777,true,זיכוי אריזה,,,זיכוי אריזה,קילוגרמים,1.00,"ק""ג",true,,1.00,1.0000,true,1,2462
8888,true,פיקדון זיכוי לקוח,,,פיקדון זיכוי לקוח,יחידה,0.00,יחידה,false,,0.30,0.0000,true,1,34543
9999,true,פיקדון בקבוקים,,,פיקדון בקבוקים,יחידה,0.00,יחידה,false,,0.30,0.0000,true,1,75
5678585,true,ענב סקרלוטה,,,ענב סקרלוטה,קילוגרמים,1.00,"ק""ג",true,,23.90,23.9000,true,1,50908
72940754,false,"מילקי וניל 170 מ""ל",,,"מילקי וניל 170 מ""ל",מיליליטרים,170.00,"100 מ""ל",false,,2.90,1.7059,true,1,23199
72940761,false,מילקי שוקולד מהדרין,,,מילקי שוקולד מהדרין,מיליליטרים,170.00,"100 מ""ל",false,,2.90,1.7059,true,1,23200
72940952,false,מילקי אקסטראה קצפת מ,,,מילקי אקסטראה קצפת מ,מיליליטרים,110.00,"100 מ""ל",false,,3.90,3.5455,true,1,23201
72961209,false,"שמנת חמוצהבד""צ תנובה",,,"שמנת חמוצהבד""צ תנובה",מיליליטרים,200.00,"100 מ""ל",false,,2.40,1.2000,true,1,25679
72961216,false,"אשל 4.5% בד""צ 200 מ""",,,"אשל 4.5% בד""צ 200 מ""",מיליליטרים,200.00,"100 מ""ל",false,,1.69,0.8450,true,1,25680
72961223,false,"גיל 3% בד""צ 200 מ""ל",,,"גיל 3% בד""צ 200 מ""ל",מיליליטרים,200.00,"100 מ""ל",false,,1.51,0.7550,true,1,25681
72961506,false,פרילי תות 1.5% 125מל,,,פרילי תות 1.5% 125מל,מיליליטרים,125.00,"100 מ""ל",false,,3.50,2.8000,true,1,25682
72961520,false,פרילי אננס 1.5% 125מ,,,פרילי אננס 1.5% 125מ,מיליליטרים,125.00,"100 מ""ל",false,,3.50,2.8000,true,1,25684
72963753,false,תנובה שמנת של פעם 27,,,תנובה שמנת של פעם 27,מיליליטרים,200.00,"100 מ""ל",false,,4.20,2.1000,true,1,25690
72964422,false,תנובה יוגורט פרחים 4,,,תנובה יוגורט פרחים 4,מיליליטרים,200.00,"100 מ""ל",false,,2.90,1.4500,true,1,25693
72986233,false,באדי וניל בדץ 125מל,,,באדי וניל בדץ 125מל,מיליליטרים,125.00,"100 מ""ל",false,,2.90,2.3200,true,1,25694
72986240,false,באדי שוקו בדץ 125מל,,,באדי שוקו בדץ 125מל,מיליליטרים,125.00,"100 מ""ל",false,,2.90,2.3200,true,1,25695
80773443,false,מסטיק מנטוס בקבוק בט,,,מסטיק מנטוס בקבוק בט,גרמים,60.00,100 גרם,false,,10.90,18.1667,true,1,12544
80896081,false,מסטיק מנטוס בקבוק בט,,,מסטיק מנטוס בקבוק בט,גרמים,60.00,100 גרם,false,,10.90,18.1667,true,1,12567
80913467,false,מסטיק מנטוס בקבוק בט,,,מסטיק מנטוס בקבוק בט,גרמים,60.00,100 גרם,false,,10.90,18.1667,true,1,12569
87108712,false,סוכריות מנטוס פירות,,,סוכריות מנטוס פירות,גרמים,150.00,100 גרם,false,,10.90,7.2667,true,1,12584
90162602,false,משקה אנרגיה RED BULL,,,משקה אנרגיה RED BULL,מיליליטרים,250.00,"100 מ""ל",false,,5.90,2.3600,true,1,5215
96137130,false,דאב רולאון בניחוח אג,,,דאב רולאון בניחוח אג,מיליליטרים,50.00,"100 מ""ל",false,,16.90,33.8000,true,1,10044
198888886,false,עיגול אגורות,,,עיגול אגורות,יחידה,0.00,יחידה,false,,1.00,0.0000,true,1,47097
8421361250,false,בובות TY עיניים גדול,,,בובות TY עיניים גדול,יחידה,0.00,יחידה,false,,28.90,0.0000,true,1,31745
10900145015,false,שקיות אשפה חזקות במי,,,שקיות אשפה חזקות במי,גרמים,325.00,100 גרם,false,,12.90,3.9692,true,1,301263
10900634069,false,שקיות אשפה חזקות במי,,,שקיות אשפה חזקות במי,גרמים,325.00,100 גרם,false,,12.90,3.9692,true,1,301264
16229924263,false,"קרם קוקוס 250 מ""ל.",,,"קרם קוקוס 250 מ""ל.",מיליליטרים,250.00,"100 מ""ל",false,,9.90,3.9600,true,1,3345
25675950313,false,פשקס סוכריות אודלס ת,,,פשקס סוכריות אודלס ת,גרמים,244.00,100 גרם,false,,13.90,5.6967,true,1,12965
25675950337,false,אודלס מאגדת בטעם ענב,,,אודלס מאגדת בטעם ענב,גרמים,224.00,100 גרם,false,,15.90,7.0982,true,1,297593
25675950382,false,פשקס סוכריות אודלס פ,,,פשקס סוכריות אודלס פ,גרמים,224.00,100 גרם,false,,13.90,6.2054,true,1,12966
25700005698,false,זיפלוק שקיות אחסון ב,,,זיפלוק שקיות אחסון ב,גרמים,147.00,100 גרם,false,,12.90,8.7755,true,1,115180
38000232152,false,פרינגלס ביג ברביקיו,,,פרינגלס ביג ברביקיו,גרמים,158.00,100 גרם,false,,8.90,5.6329,true,1,52463
38000232176,false,פרינגלס ביג שמנת בצל,,,פרינגלס ביג שמנת בצל,גרמים,158.00,100 גרם,false,,8.90,5.6329,true,1,52464
38000232183,false,פרינגלס ביג אורגינל,,,פרינגלס ביג אורגינל,גרמים,158.00,100 גרם,false,,8.90,5.6329,true,1,52465
77245110610,false,סוכריות מאסט ללא סוכ,,,סוכריות מאסט ללא סוכ,גרמים,80.00,100 גרם,false,,7.90,9.8750,true,1,22148
80432402931,false,שיבאס וויסקי ריגאל 1,,,שיבאס וויסקי ריגאל 1,מיליליטרים,700.00,"100 מ""ל",false,,120.90,17.2714,true,1,33763
611745285685,true,אבוקדו בשל יח,,,אבוקדו בשל יח,גרמים,470.00,100 גרם,false,,12.90,2.7447,true,1,50909
651080161510,false,פלקרס קיסם עם חוט ג',,,פלקרס קיסם עם חוט ג',יחידה,0.00,יחידה,false,,9.90,0.0000,true,1,5464
750536585853,false,אצות נורי כסף קלויות,,,אצות נורי כסף קלויות,גרמים,28.00,100 גרם,false,,12.90,46.0714,true,1,12984
811146030161,false,טינגלרס תות בשקית 28,,,טינגלרס תות בשקית 28,גרמים,288.00,100 גרם,false,,12.90,4.4792,true,1,12988
811146030178,false,טינגלרס פטל בשקית 28,,,טינגלרס פטל בשקית 28,גרמים,288.00,100 גרם,false,,12.90,4.4792,true,1,12989
811146030185,false,טינגרלס דובדבן בשקית,,,טינגרלס דובדבן בשקית,גרמים,288.00,100 גרם,false,,12.90,4.4792,true,1,297576
811146030192,false,טינגרלס תפוח עץ בשקי,,,טינגרלס תפוח עץ בשקי,גרמים,288.00,100 גרם,false,,12.90,4.4792,true,1,297577
811146030383,false,סוכריות קשות בטעם פי,,,סוכריות קשות בטעם פי,גרמים,120.00,100 גרם,false,,12.90,10.7500,true,1,297547
835811000389,false,שקיות אוכל למזון נשל,,,שקיות אוכל למזון נשל,יחידה,0.00,יחידה,false,,9.90,0.0000,true,1,7423
835811001195,false,מגש אובלי גדול מדקל,,,מגש אובלי גדול מדקל,יח',5.00,יח',false,,21.90,4.3800,true,1,208259
835811001676,false,תבנית גדולה 9 יח. R-,,,תבנית גדולה 9 יח. R-,יחידה,0.00,יחידה,false,,11.90,0.0000,true,1,7441
835811001959,false,תבנית אלומניום עבה ר,,,תבנית אלומניום עבה ר,יחידה,0.00,יחידה,false,,10.90,0.0000,true,1,7464
835811003458,false,מזלגות אלגנט שקוף 50,,,מזלגות אלגנט שקוף 50,יחידה,0.00,יחידה,false,,9.90,0.0000,true,1,424971
835811003489,false,כפיות  אלגנט שקוף 50,,,כפיות  אלגנט שקוף 50,יחידה,0.00,יחידה,false,,9.90,0.0000,true,1,424988
835811004202,false,מפות שולחן 6 מטר עבה,,,מפות שולחן 6 מטר עבה,יחידה,0.00,יחידה,false,,17.50,0.0000,true,1,7504
835811004226,false,הנמל מפת ניילון בגלי,,,הנמל מפת ניילון בגלי,מטרים,45.00,מטר,false,,39.90,0.8867,true,1,7506
835811004431,false,מארז  ממחטות נייר טי,,,מארז  ממחטות נייר טי,יח',5.00,יח',false,,9.90,1.9800,true,1,241440
835811005810,false,תבנית אלומיניום מרוב,,,תבנית אלומיניום מרוב,יחידה,0.00,יחידה,false,,11.90,0.0000,true,1,7560
835811005933,false,תבנית ענקית 5 יח. R-,,,תבנית ענקית 5 יח. R-,יחידה,0.00,יחידה,false,,11.90,0.0000,true,1,7562
835811005957,false,תבנית מלבנית עם מכסה,,,תבנית מלבנית עם מכסה,יחידה,0.00,יחידה,false,,11.90,0.0000,true,1,7564
835811006435,false,תבנית מלבנית עמוקה ע,,,תבנית מלבנית עמוקה ע,יחידה,0.00,יחידה,false,,11.90,0.0000,true,1,7595
835811006497,false,אבקת סוכר 500 גר,,,אבקת סוכר 500 גר,גרמים,500.00,100 גרם,false,,8.90,1.7800,true,1,7598
835811007234,false,אפונה יבשה הנמל 500,,,אפונה יבשה הנמל 500,גרמים,500.00,100 גרם,false,,5.90,1.1800,true,1,7634
835811007296,false,כפיות  אלגנט קרם 50,,,כפיות  אלגנט קרם 50,יחידה,0.00,יחידה,false,,9.90,0.0000,true,1,425004
835811007302,false,כפות אלגנט קרם 50 יח,,,כפות אלגנט קרם 50 יח,יחידה,0.00,יחידה,false,,9.90,0.0000,true,1,425005
835811007319,false,מזלגות אלגנט קרם 50,,,מזלגות אלגנט קרם 50,יחידה,0.00,יחידה,false,,9.90,0.0000,true,1,424989
835811007357,false,סלטינות 25 יחידות,,,סלטינות 25 יחידות,יחידה,0.00,יחידה,false,,8.90,0.0000,true,1,7637
835811008347,false,גפרור ענק,,,גפרור ענק,יחידה,0.00,יחידה,false,,7.90,0.0000,true,1,7652
835811008996,false,כוסות קרטון 10 אוז,,,כוסות קרטון 10 אוז,יחידה,0.00,יחידה,false,,15.90,0.0000,true,1,7672
835811009689,false,כוסות צבע מעורב 50 י,,,כוסות צבע מעורב 50 י,יחידה,0.00,יחידה,false,,15.90,0.0000,true,1,7707
3141360054405,false,פיניש מפיץ ריח לימון,,,פיניש מפיץ ריח לימון,יחידה,0.00,יחידה,false,,14.90,0.0000,true,1,20793
3387390525960,false,דגני קראנץ' נסטלה 50,,,דגני קראנץ' נסטלה 50,גרמים,500.00,100 גרם,false,,26.90,5.3800,true,1,18381
3387390730852,false,דגני פיטנס נסטלה 375,,,דגני פיטנס נסטלה 375,גרמים,375.00,100 גרם,false,,21.90,5.8400,true,1,18382
3560071341947,false,שמן זית כתית מעולה ב,,FR,שמן זית כתית מעולה ב,מיליליטרים,750.00,"100 מ""ל",false,,11.50,1.5333,true,1,433508
3560071431945,false,קפסולות קפה קרפור עו,,FR,קפסולות קפה קרפור עו,גרמים,52.00,100 גרם,false,,6.90,13.2692,true,1,435487
3560071432300,false,קפסולות קפה אתיופיה,,FR,קפסולות קפה אתיופיה,גרמים,52.00,100 גרם,false,,6.90,13.2692,true,1,435497
3574661114637,false,מי פה זירו ליסטרין 5,,,מי פה זירו ליסטרין 5,מיליליטרים,500.00,"100 מ""ל",false,,24.90,4.9800,true,1,29395
3574661485218,false,אובה פרוקומפורט נורמ,,,אובה פרוקומפורט נורמ,יחידה,0.00,יחידה,false,,21.90,0.0000,true,1,385938
3574661552576,false,קרפרי רגיל טנגה לבן,,,קרפרי רגיל טנגה לבן,יחידה,0.00,יחידה,false,,14.90,0.0000,true,1,65577
3574661552804,false,קרפרי מגן תחתן אלוור,,,קרפרי מגן תחתן אלוור,יחידה,0.00,יחידה,false,,14.90,0.0000,true,1,65578
3574661552811,false,קרפרי כותון אוורירי,,,קרפרי כותון אוורירי,יחידה,0.00,יחידה,false,,14.90,0.0000,true,1,65656
3574661554877,false,קרפרי כותון מבושם 56,,,קרפרי כותון מבושם 56,יחידה,0.00,יחידה,false,,14.90,0.0000,true,1,65564
3600523782567,false,שמפו דרים לונג אלביב,,,שמפו דרים לונג אלביב,מיליליטרים,500.00,"100 מ""ל",false,,14.90,2.9800,true,1,12294
3600542385251,false,דאודורנט רול פרוטקשן,,,דאודורנט רול פרוטקשן,יחידה,50.00,יחידה,false,,14.90,0.2980,true,1,190987
4009900402965,false,אורביט וויט פירות בק,,,אורביט וויט פירות בק,גרמים,64.00,100 גרם,false,,10.90,17.0313,true,1,20662
4009900403023,false,אורביט וויט מנטה בקב,,,אורביט וויט מנטה בקב,גרמים,64.00,100 גרם,false,,10.90,17.0313,true,1,20663
4009900420129,false,אורביט פרופשייונל פפ,,,אורביט פרופשייונל פפ,גרמים,64.00,100 גרם,false,,10.90,17.0313,true,1,20670
4009900491044,false,אירוויבז בקבוק M מנט,,,אירוויבז בקבוק M מנט,גרמים,84.00,100 גרם,false,,12.90,15.3571,true,1,20700
4009900531122,false,אורביט פרופשייונל ספ,,,אורביט פרופשייונל ספ,גרמים,64.00,100 גרם,false,,10.90,17.0313,true,1,20722
4009900534611,false,איירוויבז בטעם מלון,,,איירוויבז בטעם מלון,גרמים,64.00,100 גרם,false,,10.90,17.0313,true,1,74931
4009900535540,false,אורביט רפרשרס פפרמינ,,,אורביט רפרשרס פפרמינ,גרמים,15.00,100 גרם,false,,3.90,26.0000,true,1,126208
4009900536257,false,מסטיק אורביט רפרשרס,,,מסטיק אורביט רפרשרס,גרמים,67.00,100 גרם,false,,11.90,17.7612,true,1,126210
4009900539401,false,מסטיק בטעם מנטה פייב,,,מסטיק בטעם מנטה פייב,גרמים,14.40,100 גרם,false,,3.90,27.0833,true,1,300981
4015400598329,false,קוואטרו נורמל פלוס א,,,קוואטרו נורמל פלוס א,יחידה,0.00,יחידה,false,,42.00,0.0000,true,1,26869
4015400598381,false,קוואטרו לונג פלוס או,,,קוואטרו לונג פלוס או,יחידה,0.00,יחידה,false,,42.00,0.0000,true,1,26870
4015400690498,false,טמפון פרל סופר פלוס,,,טמפון פרל סופר פלוס,יחידה,0.00,יחידה,false,,19.90,0.0000,true,1,26899
4015400990482,false,אבקת כביסה אריאל קול,,,אבקת כביסה אריאל קול,קילוגרמים,3.00,"ק""ג",false,,37.90,12.6333,true,1,26937
4015600971946,false,שמפו פנטן קלאסי 500,,,שמפו פנטן קלאסי 500,מיליליטרים,500.00,"100 מ""ל",false,,13.90,2.7800,true,1,188307
4084500149526,false,טייד גל 2.48 ליטר,,,טייד גל 2.48 ליטר,ליטרים,2.48,ליטר,false,,33.90,13.6694,true,1,27072
4260147890513,false,אטריות ביצים דקות במ,,,אטריות ביצים דקות במ,גרמים,500.00,100 גרם,false,,10.00,2.0000,true,1,4583
4603928000976,false,בלוגה וודקה 700מל,,,בלוגה וודקה 700מל,מיליליטרים,700.00,"100 מ""ל",false,,130.90,18.7000,true,1,33767
4640018993398,false,פיניש קוואנטום למדיח,,,פיניש קוואנטום למדיח,יחידה,0.00,יחידה,false,,59.90,0.0000,true,1,69014
4800888150080,false,דאו' רולאון מלפפונים,,,דאו' רולאון מלפפונים,מיליליטרים,50.00,"100 מ""ל",false,,16.90,33.8000,true,1,10066
4800888209368,false,רקסונה סטיק גבר אקסט,,,רקסונה סטיק גבר אקסט,מיליליטרים,50.00,"100 מ""ל",false,,17.90,35.8000,true,1,63851
4891228430092,false,שיק אקסטרים3 ס.גילוח,,,שיק אקסטרים3 ס.גילוח,יחידה,0.00,יחידה,false,,16.90,0.0000,true,1,21335
4891228460242,false,סכיני גילוח שיק קווא,,,סכיני גילוח שיק קווא,יחידה,0.00,יחידה,false,,29.90,0.0000,true,1,21342
5000157143365,false,מתבל בטעם מיונז וקטש,,,מתבל בטעם מיונז וקטש,מיליליטרים,425.00,"100 מ""ל",false,,15.90,3.7412,true,1,5243
5000394137486,false,סוללות דורסל רבעיות,,,סוללות דורסל רבעיות,יחידה,0.00,יחידה,false,,21.90,0.0000,true,1,304898
5000394137516,false,סוללות דורסל רבעיות,,,סוללות דורסל רבעיות,יחידה,0.00,יחידה,false,,21.90,0.0000,true,1,304899
5000394141209,false,סוללות דורסל שישיות,,,סוללות דורסל שישיות,יחידה,0.00,יחידה,false,,22.90,0.0000,true,1,304882
5000394203921,false,דורסל זוג סוללות לית,,,דורסל זוג סוללות לית,יחידה,0.00,יחידה,false,,19.90,0.0000,true,1,27130
5010182998847,false,דאק ג'ל נוזל לניקוי,,,דאק ג'ל נוזל לניקוי,מיליליטרים,750.00,"100 מ""ל",false,,10.90,1.4533,true,1,5669
5010677554398,false,בקרדי בריזר אבטיח,,,בקרדי בריזר אבטיח,מיליליטרים,275.00,"100 מ""ל",false,,13.90,5.0545,true,1,9275
5013965948428,false,אורל בי משחה פרואקספ,,,אורל בי משחה פרואקספ,מיליליטרים,75.00,"100 מ""ל",false,,11.90,15.8667,true,1,180322
5014271310428,false,סאן דלפור מעדן דובדב,,,סאן דלפור מעדן דובדב,גרמים,284.00,100 גרם,false,,20.90,7.3592,true,1,16761
5014271400426,false,סאן דלפור מעדן תות ש,,,סאן דלפור מעדן תות ש,גרמים,284.00,100 גרם,false,,20.90,7.3592,true,1,16768
5024546366609,false,וויסקי לאודרס 700מל,,,וויסקי לאודרס 700מל,מיליליטרים,700.00,"100 מ""ל",false,,100.90,14.4143,true,1,134
5053827215862,false,דגני בוקר קוקו פופס,,,דגני בוקר קוקו פופס,גרמים,500.00,100 גרם,false,,16.90,3.3800,true,1,85450
5099864006377,false,"סימילאק מהדרין בד""צ",,,"סימילאק מהדרין בד""צ",גרמים,900.00,100 גרם,false,,75.90,8.4333,true,1,29431
5410126006087,false,לוטוס עוגיות קרמל 70,,,לוטוס עוגיות קרמל 70,גרמים,700.00,100 גרם,false,,31.90,4.5571,true,1,5258
5410126106183,false,ביסקוויט קרמל 312גרם,,,ביסקוויט קרמל 312גרם,גרמים,312.00,100 גרם,false,,17.90,5.7372,true,1,5263
5410126116953,false,לוטוס ממרח ביסקוויט,,,לוטוס ממרח ביסקוויט,גרמים,400.00,100 גרם,false,,22.90,5.7250,true,1,5265
5410126716016,false,ביסקוויט בטעם קרמל ל,,,ביסקוויט בטעם קרמל ל,גרמים,250.00,100 גרם,false,,11.90,4.7600,true,1,5267
5411188112709,false,אלפרו משקה שקדים ללא,,,אלפרו משקה שקדים ללא,יחידה,0.00,יחידה,false,,14.90,0.0000,true,1,21364
5411188134985,false,אלפרו 3.5% שומן NOT,,,אלפרו 3.5% שומן NOT,ליטרים,1.00,ליטר,false,,13.90,13.9000,true,1,182194
5411188135005,false,אלפרו 1.8% שומן NOT,,,אלפרו 1.8% שומן NOT,ליטרים,1.00,ליטר,false,,13.90,13.9000,true,1,185624
5413149655522,false,אריאל אבקת כביסה שוש,,,אריאל אבקת כביסה שוש,קילוגרמים,1.25,"ק""ג",false,,17.90,14.3200,true,1,27231
5701932026964,false,הוט פופ .פופקורן עם,,,הוט פופ .פופקורן עם,גרמים,600.00,100 גרם,false,,14.90,2.4833,true,1,12725
5765220190157,false,עטרות נייר לאפייה 2,,,עטרות נייר לאפייה 2,יח',130.00,יח',false,,4.90,0.0377,true,1,122925
5765220190164,false,עטרות נייר לאפייה 3,,,עטרות נייר לאפייה 3,יח',130.00,יח',false,,4.90,0.0377,true,1,122926
5765220190171,false,עטרות נייר לאפייה 4,,,עטרות נייר לאפייה 4,יח',130.00,יח',false,,5.50,0.0423,true,1,122939
5765571206613,false,נר נשמה 9 ימים בפלסט,,,נר נשמה 9 ימים בפלסט,יחידה,0.00,יחידה,false,,9.90,0.0000,true,1,450263
5900020026552,false,האני נאט ציריוס נסטל,,,האני נאט ציריוס נסטל,גרמים,625.00,100 גרם,false,,27.90,4.4640,true,1,18400
5906485301012,false,אקס אל משקה אנרגיה 2,,,אקס אל משקה אנרגיה 2,מיליליטרים,250.00,"100 מ""ל",false,,4.90,1.9600,true,1,9283
6524543313129,false,זוג פמוט דקורטיבי,,,זוג פמוט דקורטיבי,יחידה,0.00,יחידה,false,,8.50,0.0000,true,1,48523
6902019042016,false,אטבי כביסה 10 יחידות,,,אטבי כביסה 10 יחידות,יחידה,0.00,יחידה,false,,5.50,0.0000,true,1,13091
6902019042061,false,מארז בלונים 50 יח,,,מארז בלונים 50 יח,יחידה,0.00,יחידה,false,,10.90,0.0000,true,1,13094
6920190410011,false,נייר מאפינס לאפייה ו,,,נייר מאפינס לאפייה ו,יחידה,0.00,יחידה,false,,11.90,0.0000,true,1,13103
6928054201423,false,כפפות ניילון good li,,,כפפות ניילון good li,יחידה,0.00,יחידה,false,,4.50,0.0000,true,1,352099
6951097101085,false,מאג מעוצב,,,מאג מעוצב,יחידה,0.00,יחידה,false,,4.90,0.0000,true,1,28001
6951097101672,false,מאג נבאדה(6 סט),,,מאג נבאדה(6 סט),יחידה,0.00,יחידה,false,,29.90,0.0000,true,1,28004
7160589856238,false,נייס שבלולים לשיער,,,נייס שבלולים לשיער,יחידה,0.00,יחידה,false,,3.90,0.0000,true,1,33935
7180589856540,false,נייס שבלולים לשיער,,,נייס שבלולים לשיער,יחידה,0.00,יחידה,false,,3.90,0.0000,true,1,33936
7290000000004,false,לחמניית אצבע עם נקני,,,לחמניית אצבע עם נקני,יחידה,0.00,יחידה,false,,9.90,0.0000,true,1,34386
7290000000465,false,לחמניה שמינייה,,,לחמניה שמינייה,יח',1.00,יח',false,,3.90,3.9000,true,1,2412
7290000001056,false,לחם אחיד 750 גרם,,,לחם אחיד 750 גרם,גרמים,750.00,100 גרם,false,,4.90,0.6533,true,1,4451
7290000011593,false,שזיף,,,שזיף,קילוגרמים,1.00,"ק""ג",true,,19.90,19.9000,true,1,50895
7290000023083,false,"ערק אשקלון 700 מ""ל כ",,,"ערק אשקלון 700 מ""ל כ",מיליליטרים,700.00,"100 מ""ל",false,,50.90,7.2714,true,1,9291
7290000023427,false,ליקר אמרטו שטוק.,,,ליקר אמרטו שטוק.,מיליליטרים,750.00,"100 מ""ל",false,,39.90,5.3200,true,1,9293
7290000023809,false,קלאסיק קברנה סובניון,,,קלאסיק קברנה סובניון,מיליליטרים,750.00,"100 מ""ל",false,,32.90,4.3867,true,1,9304
7290000024523,false,תירוש של סגל 1 ליטר,,,תירוש של סגל 1 ליטר,ליטרים,1.00,ליטר,false,,13.90,13.9000,true,1,9322
7290000032665,false,רוטב עגבניות 28% ברי,,,רוטב עגבניות 28% ברי,גרמים,580.00,100 גרם,false,,7.52,1.2966,true,1,8608
7290000040042,false,יופלה תות שובב 3% 15,,,יופלה תות שובב 3% 15,מיליליטרים,150.00,"100 מ""ל",false,,4.90,3.2667,true,1,25697
7290000040066,false,יופלה דובדבן פראי 3%,,,יופלה דובדבן פראי 3%,מיליליטרים,150.00,"100 מ""ל",false,,4.90,3.2667,true,1,25698
7290000040080,false,יופלה אפרסק מאוהב 3%,,,יופלה אפרסק מאוהב 3%,מיליליטרים,150.00,"100 מ""ל",false,,4.90,3.2667,true,1,25699
7290000040301,false,תנובה גבינת קממבר עי,,,תנובה גבינת קממבר עי,גרמים,125.00,100 גרם,false,,17.90,14.3200,true,1,25700
7290000040318,false,תנובה גבינת ברי 24%,,,תנובה גבינת ברי 24%,גרמים,125.00,100 גרם,false,,17.90,14.3200,true,1,25701
7290000040974,false,חלב תנובה קרטון דל ל,,,חלב תנובה קרטון דל ל,ליטרים,1.00,ליטר,false,,7.50,7.5000,true,1,25704
7290000041407,false,"גיל 3% בד""צ 125 מ""ל",,,"גיל 3% בד""צ 125 מ""ל",מיליליטרים,125.00,"100 מ""ל",false,,0.90,0.7200,true,1,25705
7290000041445,false,"קוטג' 5% תנובה בד""צ",,,"קוטג' 5% תנובה בד""צ",גרמים,250.00,100 גרם,false,,5.70,2.2800,true,1,25706
7290000041452,false,"קוטג' תנובה בד""צ 9%",,,"קוטג' תנובה בד""צ 9%",גרמים,250.00,100 גרם,false,,5.70,2.2800,true,1,25707
7290000041858,false,יטבתה שמנת חמוצה 15%,,,יטבתה שמנת חמוצה 15%,מיליליטרים,200.00,"100 מ""ל",false,,2.50,1.2500,true,1,23227
7290000042015,false,חלב תנובה טרי שקית,,,חלב תנובה טרי שקית,יחידה,0.00,יחידה,false,,5.43,0.0000,true,1,25709
7290000042404,false,יטבתה חלב מועשר שקית,,,יטבתה חלב מועשר שקית,ליטרים,1.00,ליטר,false,,5.90,5.9000,true,1,23230
7290000042671,false,"חלב תנובה עמיד בד""צ",,,"חלב תנובה עמיד בד""צ",ליטרים,1.00,ליטר,false,,5.90,5.9000,true,1,25721
7290000042855,false,יטבתה שוקו שקית 225,,,יטבתה שוקו שקית 225,מיליליטרים,225.00,"100 מ""ל",false,,2.90,1.2889,true,1,23232
7290000043814,false,שף לבן שמנת לקצפת עמ,,,שף לבן שמנת לקצפת עמ,מיליליטרים,250.00,"100 מ""ל",false,,6.47,2.5880,true,1,25725
7290000044712,false,פרילי תות 1.5% 500מל,,,פרילי תות 1.5% 500מל,מיליליטרים,500.00,"100 מ""ל",false,,10.90,2.1800,true,1,25731
7290000044880,false,באדי תות 3% 500מל,,,באדי תות 3% 500מל,מיליליטרים,500.00,"100 מ""ל",false,,8.90,1.7800,true,1,25733
7290000045399,false,ניר גבינה מותכת 26%,,,ניר גבינה מותכת 26%,גרמים,200.00,100 גרם,false,,13.40,6.7000,true,1,25734
7290000047621,false,"גבינה לבנה רכה בד""צ",,,"גבינה לבנה רכה בד""צ",גרמים,250.00,100 גרם,false,,4.98,1.9920,true,1,25741
7290000047942,false,תנובה גבינה לבנה 9%,,,תנובה גבינה לבנה 9%,גרמים,250.00,100 גרם,false,,4.75,1.9000,true,1,25742
7290000048413,false,פיראוס חמד 16% 250ג,,,פיראוס חמד 16% 250ג,גרמים,250.00,100 גרם,false,,17.90,7.1600,true,1,25746
7290000048437,false,פיראוס צפתית 5% 200,,,פיראוס צפתית 5% 200,גרמים,200.00,100 גרם,false,,13.90,6.9500,true,1,25747
7290000048451,false,פיראוס חרמון מלוחה 1,,,פיראוס חרמון מלוחה 1,גרמים,250.00,100 גרם,false,,16.90,6.7600,true,1,25749
7290000051307,false,חלב תנובה הפ.אוכל עו,,,חלב תנובה הפ.אוכל עו,מיליליטרים,150.00,"100 מ""ל",false,,9.50,6.3333,true,1,25760
7290000052311,false,עמק מהדרין 15% 200 ג,,,עמק מהדרין 15% 200 ג,גרמים,200.00,100 גרם,false,,16.20,8.1000,true,1,25769
7290000052946,false,יופלה בדץ מעודן 8*15,,,יופלה בדץ מעודן 8*15,ליטרים,1.20,ליטר,false,,19.90,16.5833,true,1,25774
7290000053981,false,מאגדת יופלה תות ואפר,,,מאגדת יופלה תות ואפר,קילוגרמים,1.20,"ק""ג",false,,24.90,20.7500,true,1,25777
7290000055343,false,יופלה משקה יוגורט טר,,,יופלה משקה יוגורט טר,מיליליטרים,250.00,"100 מ""ל",false,,5.50,2.2000,true,1,25787
7290000055756,false,תנובה גבינה לבנה בדץ,,,תנובה גבינה לבנה בדץ,קילוגרמים,1.70,"ק""ג",false,,33.80,19.8824,true,1,25792
7290000056753,false,"עמק פרוס 28% בד""צ 20",,,"עמק פרוס 28% בד""צ 20",גרמים,200.00,100 גרם,false,,14.90,7.4500,true,1,25798
7290000056883,false,יופלה טעמים משתנים 3,,,יופלה טעמים משתנים 3,קילוגרמים,1.20,"ק""ג",false,,29.90,24.9167,true,1,25802
7290000056890,false,יופלה דיאט טעמים שונ,,,יופלה דיאט טעמים שונ,קילוגרמים,1.20,"ק""ג",false,,29.90,24.9167,true,1,25803
7290000057088,false,עמק דק דק 28% 200גר,,,עמק דק דק 28% 200גר,גרמים,200.00,100 גרם,false,,14.90,7.4500,true,1,25809
7290000057118,false,עמק  סמי  28% 400 גר,,,עמק  סמי  28% 400 גר,גרמים,400.00,100 גרם,false,,20.90,5.2250,true,1,25810
7290000057132,false,תנובה יוגורט טבעי 1.,,,תנובה יוגורט טבעי 1.,מיליליטרים,200.00,"100 מ""ל",false,,3.50,1.7500,true,1,25811
7290000057149,false,תנובה יוגורט טבעי 3%,,,תנובה יוגורט טבעי 3%,גרמים,200.00,100 גרם,false,,3.50,1.7500,true,1,25812
7290000057477,false,חלב תנובה בקרטון  3%,,,חלב תנובה בקרטון  3%,ליטרים,1.50,ליטר,false,,9.34,6.2267,true,1,25813
7290000057934,false,משקאות חלב תנובה שוק,,,משקאות חלב תנובה שוק,ליטרים,1.00,ליטר,false,,12.90,12.9000,true,1,25816
7290000058030,false,יופלה שטוזים משקה יו,,,יופלה שטוזים משקה יו,מיליליטרים,800.00,"100 מ""ל",false,,20.90,2.6125,true,1,25817
7290000058047,false,שף לבן שמנת מתוקה מה,,,שף לבן שמנת מתוקה מה,מיליליטרים,500.00,"100 מ""ל",false,,12.94,2.5880,true,1,25818
7290000058580,false,קוקילידה וניל,,,קוקילידה וניל,יחידה,0.00,יחידה,false,,10.50,0.0000,true,1,16069
7290000058979,false,"גיל בטעם תות בד""צ 3%",,,"גיל בטעם תות בד""צ 3%",גרמים,125.00,100 גרם,false,,1.50,1.2000,true,1,25824
7290000060071,false,חטיפי פריכונים מאורז,,,חטיפי פריכונים מאורז,גרמים,80.00,100 גרם,false,,7.90,9.8750,true,1,18413
7290000060088,false,בייגלה אסם מקלות מלו,,,בייגלה אסם מקלות מלו,גרמים,400.00,100 גרם,false,,10.90,2.7250,true,1,18414
7290000060200,false,פתיתים אפויים קוסקוס,,,פתיתים אפויים קוסקוס,גרמים,500.00,100 גרם,false,,7.90,1.5800,true,1,18418
7290000060217,false,פסטה מקרוני אסם 500,,,פסטה מקרוני אסם 500,גרמים,500.00,100 גרם,false,,6.50,1.3000,true,1,18419
7290000060248,false,פסטה תלתלים אסם 500,,,פסטה תלתלים אסם 500,גרמים,500.00,100 גרם,false,,6.50,1.3000,true,1,18420
7290000060316,false,פסטה ספגטי פרפקטו 50,,,פסטה ספגטי פרפקטו 50,גרמים,500.00,100 גרם,false,,6.90,1.3800,true,1,18422
7290000060415,false,לזאניה פרפקטו  500 ג,,,לזאניה פרפקטו  500 ג,גרמים,500.00,100 גרם,false,,12.90,2.5800,true,1,18427
7290000060576,false,פתיתים אפויים כוכבים,,,פתיתים אפויים כוכבים,גרמים,500.00,100 גרם,false,,7.90,1.5800,true,1,18433
7290000060781,false,פסטה מסולסלים אסם 50,,,פסטה מסולסלים אסם 50,גרמים,500.00,100 גרם,false,,6.50,1.3000,true,1,18434
7290000060828,false,פסטה קרניים בינוניות,,,פסטה קרניים בינוניות,גרמים,500.00,100 גרם,false,,6.50,1.3000,true,1,18435
7290000060842,false,פסטה צדפים גדולים אס,,,פסטה צדפים גדולים אס,גרמים,500.00,100 גרם,false,,6.50,1.3000,true,1,18436
7290000060880,false,ספגטי אסם 500 גרם,,,ספגטי אסם 500 גרם,גרמים,500.00,100 גרם,false,,6.50,1.3000,true,1,18439
7290000060903,false,פתיתים אפויים אורז א,,,פתיתים אפויים אורז א,גרמים,500.00,100 גרם,false,,7.90,1.5800,true,1,18440
7290000060958,false,אטריות בינוניות אסם,,,אטריות בינוניות אסם,גרמים,400.00,100 גרם,false,,6.90,1.7250,true,1,18442
7290000061108,false,רוטב טריאקי אסם 290,,,רוטב טריאקי אסם 290,מיליליטרים,290.00,"100 מ""ל",false,,11.90,4.1034,true,1,18447
7290000061214,false,פתיתים קוסקוס בצל אס,,,פתיתים קוסקוס בצל אס,גרמים,500.00,100 גרם,false,,6.90,1.3800,true,1,18448
7290000061450,false,פתיתים קוסקוס 3 צבעי,,,פתיתים קוסקוס 3 צבעי,גרמים,500.00,100 גרם,false,,7.90,1.5800,true,1,18451
7290000061764,false,נס קפה רד מאג טעם חד,,,נס קפה רד מאג טעם חד,גרמים,200.00,100 גרם,false,,22.90,11.4500,true,1,18452
7290000062952,false,מיני קרוטונים למרק ו,,,מיני קרוטונים למרק ו,גרמים,250.00,100 גרם,false,,15.50,6.2000,true,1,18458
7290000063133,false,שקדי מרק רכיבים טבעי,,,שקדי מרק רכיבים טבעי,גרמים,100.00,100 גרם,false,,5.90,5.9000,true,1,18462
7290000064871,false,"מנה חמה פירה תפו""א ו",,,"מנה חמה פירה תפו""א ו",גרמים,56.00,100 גרם,false,,5.90,10.5357,true,1,18475
7290000065335,false,מנה חמה פירה וירקות,,,מנה חמה פירה וירקות,גרמים,55.00,100 גרם,false,,5.90,10.7273,true,1,18478
7290000065557,false,מנה חמה קוסקוס וירקו,,,מנה חמה קוסקוס וירקו,גרמים,84.00,100 גרם,false,,5.90,7.0238,true,1,18480
7290000065977,false,חטיפי פריכונים תירס,,,חטיפי פריכונים תירס,גרמים,80.00,100 גרם,false,,7.90,9.8750,true,1,18486
7290000066141,false,ביסלי גריל 70 גר'.,,,ביסלי גריל 70 גר'.,גרמים,70.00,100 גרם,false,,3.90,5.5714,true,1,18488
7290000066196,false,ביסלי גריל 200גרם,,,ביסלי גריל 200גרם,גרמים,200.00,100 גרם,false,,7.90,3.9500,true,1,18493
7290000066295,false,במבה מתוקה מחומרים ט,,,במבה מתוקה מחומרים ט,גרמים,30.00,100 גרם,false,,2.90,9.6667,true,1,18498
7290000066318,false,במבה קלאסי 80 גרם,,,במבה קלאסי 80 גרם,גרמים,80.00,100 גרם,false,,4.90,6.1250,true,1,18500
7290000066332,false,אפרופו 50 גרם,,,אפרופו 50 גרם,גרמים,50.00,100 גרם,false,,5.00,10.0000,true,1,18501
7290000066431,false,פופקו חמאה ודבש 80גר,,,פופקו חמאה ודבש 80גר,גרמים,80.00,100 גרם,false,,5.90,7.3750,true,1,18503
7290000067544,false,אסם פירורית פירורי ל,,,אסם פירורית פירורי ל,גרמים,200.00,100 גרם,false,,6.50,3.2500,true,1,18512
7290000068138,false,אסם פודינג אינסטנט ו,,,אסם פודינג אינסטנט ו,גרמים,80.00,100 גרם,false,,5.90,7.3750,true,1,18522
7290000068237,false,אסם ג'לי פטל צבעים ט,,,אסם ג'לי פטל צבעים ט,גרמים,85.00,100 גרם,false,,6.90,8.1176,true,1,18528
7290000068701,false,שקדי מרק במיכל אסם 4,,,שקדי מרק במיכל אסם 4,גרמים,400.00,100 גרם,false,,16.90,4.2250,true,1,18533
7290000068770,false,במבה יום הולדת 80גרם,,,במבה יום הולדת 80גרם,גרמים,80.00,100 גרם,false,,4.90,6.1250,true,1,18534
7290000068787,false,במבה יום הולדת 25גרם,,,במבה יום הולדת 25גרם,גרמים,25.00,100 גרם,false,,2.50,10.0000,true,1,18535
7290000069258,false,פנה ריגאטה פרפקטו 50,,,פנה ריגאטה פרפקטו 50,גרמים,500.00,100 גרם,false,,6.90,1.3800,true,1,18539
7290000070322,false,אבקת מרק פטריות רכיב,,,אבקת מרק פטריות רכיב,גרמים,400.00,100 גרם,false,,28.00,7.0000,true,1,18551
7290000070353,false,אבקת מרק בצל רכיבים,,,אבקת מרק בצל רכיבים,גרמים,400.00,100 גרם,false,,28.00,7.0000,true,1,18552
7290000070919,false,בייגלה אסם רשתות מלח,,,בייגלה אסם רשתות מלח,גרמים,400.00,100 גרם,false,,14.50,3.6250,true,1,18560
7290000072623,false,אסם קטשופ בקבוק לחיץ,,,אסם קטשופ בקבוק לחיץ,גרמים,750.00,100 גרם,false,,12.50,1.6667,true,1,18568
7290000072753,false,נס קפה טייסטרס צ'ויס,,,נס קפה טייסטרס צ'ויס,גרמים,200.00,100 גרם,false,,32.90,16.4500,true,1,18571
7290000072777,false,טייסטרס צוייס נטול ק,,,טייסטרס צוייס נטול ק,גרמים,200.00,100 גרם,false,,40.90,20.4500,true,1,18573
7290000073415,false,מנה חמה פסטה ברוטב פ,,,מנה חמה פסטה ברוטב פ,גרמים,61.00,100 גרם,false,,5.90,9.6721,true,1,18581
7290000073699,false,צבר חומוס חלק 150ג,,,צבר חומוס חלק 150ג,גרמים,150.00,100 גרם,false,,5.50,3.6667,true,1,19634
7290000073750,false,מנה חמה נודלס בטעם ע,,,מנה חמה נודלס בטעם ע,גרמים,70.00,100 גרם,false,,6.90,9.8571,true,1,18583
7290000073767,false,מנה חמה נודלס בטעם ב,,,מנה חמה נודלס בטעם ב,גרמים,70.00,100 גרם,false,,6.90,9.8571,true,1,18584
7290000073774,false,מנה חמה נודלס בטעם פ,,,מנה חמה נודלס בטעם פ,גרמים,70.00,100 גרם,false,,6.90,9.8571,true,1,18585
7290000074245,false,אסם קרם קרקר 250גרם,,,אסם קרם קרקר 250גרם,גרמים,250.00,100 גרם,false,,8.90,3.5600,true,1,18592
7290000074252,false,אסם קרקר שומשום 250ג,,,אסם קרקר שומשום 250ג,גרמים,250.00,100 גרם,false,,8.90,3.5600,true,1,18593
7290000074276,false,טבעון קרקר פיקנטי 25,,,טבעון קרקר פיקנטי 25,גרמים,250.00,100 גרם,false,,9.90,3.9600,true,1,18594
7290000074375,false,אסם קרקר זהב 150גרם,,,אסם קרקר זהב 150גרם,גרמים,150.00,100 גרם,false,,7.50,5.0000,true,1,18597
7290000074481,false,לחמית אגוזים 160גרם,,,לחמית אגוזים 160גרם,גרמים,160.00,100 גרם,false,,10.90,6.8125,true,1,18599
7290000074696,false,אסם קרם קרקר 1קג,,,אסם קרם קרקר 1קג,קילוגרמים,1.00,"ק""ג",false,,19.90,19.9000,true,1,18601
7290000075204,false,לחמית חיטה מלאה 250ג,,,לחמית חיטה מלאה 250ג,גרמים,250.00,100 גרם,false,,8.70,3.4800,true,1,18609
7290000076126,false,אסם בייגלה שמיניות ק,,,אסם בייגלה שמיניות ק,גרמים,80.00,100 גרם,false,,3.50,4.3750,true,1,18611
7290000076133,false,בייגלה אסם שמיניות ק,,,בייגלה אסם שמיניות ק,גרמים,400.00,100 גרם,false,,10.90,2.7250,true,1,18612
7290000077253,false,לחמית כפרית 190גרם,,,לחמית כפרית 190גרם,גרמים,190.00,100 גרם,false,,10.90,5.7368,true,1,18617
7290000079233,false,אסם קרם קרקר דל נתרן,,,אסם קרם קרקר דל נתרן,גרמים,250.00,100 גרם,false,,9.90,3.9600,true,1,18623
7290000081663,false,בייגלה אסם טבעות שומ,,,בייגלה אסם טבעות שומ,גרמים,300.00,100 גרם,false,,10.90,3.6333,true,1,18628
7290000085180,false,גטניו - פתיבר וניל 4,,,גטניו - פתיבר וניל 4,גרמים,470.00,100 גרם,false,,9.90,2.1064,true,1,41202
7290000100128,false,סדרת פירות קפואים-תו,,,סדרת פירות קפואים-תו,גרמים,300.00,100 גרם,false,,16.90,5.6333,true,1,25429
7290000100135,false,סדרת פירות קפואים-דו,,,סדרת פירות קפואים-דו,גרמים,300.00,100 גרם,false,,16.90,5.6333,true,1,25430
7290000100197,false,לקט אפונה תירס וגזר,,,לקט אפונה תירס וגזר,גרמים,700.00,100 גרם,false,,12.90,1.8429,true,1,25436
7290000103525,false,"סנפרוסט גזר גמדי בד""",,,"סנפרוסט גזר גמדי בד""",גרמים,700.00,100 גרם,false,,12.90,1.8429,true,1,25473
7290000103532,false,סנפרוסט גרעיני תירס,,,סנפרוסט גרעיני תירס,גרמים,700.00,100 גרם,false,,12.90,1.8429,true,1,25474
7290000104713,false,פול ירוק 800גר,,,פול ירוק 800גר,גרמים,800.00,100 גרם,false,,20.90,2.6125,true,1,25506
7290000104799,false,שעועית לבנה מבושלת 8,,,שעועית לבנה מבושלת 8,גרמים,800.00,100 גרם,false,,18.90,2.3625,true,1,25513
7290000105145,false,צלעות מחפוד קפוא מס`,,,צלעות מחפוד קפוא מס`,קילוגרמים,1.00,"ק""ג",true,,49.90,49.9000,true,1,46799
7290000105176,false,כתף  מס' 4 קפוא מחפו,,,כתף  מס' 4 קפוא מחפו,קילוגרמים,1.00,"ק""ג",true,,54.90,54.9000,true,1,46801
7290000105190,false,פילה מדומה מחפוד קפו,,,פילה מדומה מחפוד קפו,קילוגרמים,1.00,"ק""ג",true,,63.90,63.9000,true,1,46803
7290000105220,false,שריר בשר מס' 8 מחפוד,,,שריר בשר מס' 8 מחפוד,קילוגרמים,1.00,"ק""ג",true,,63.90,63.9000,true,1,46806
7290000105572,false,צלי כתף קפוא ארוז מח,,,צלי כתף קפוא ארוז מח,קילוגרמים,1.00,"ק""ג",true,,49.90,49.9000,true,1,46816
7290000107189,false,תחתיות ארטישוק 400גר,,,תחתיות ארטישוק 400גר,גרמים,400.00,100 גרם,false,,19.90,4.9750,true,1,25529
7290000111063,false,מיונז אמיתי 250 ג צנ,,,מיונז אמיתי 250 ג צנ,גרמים,250.00,100 גרם,false,,7.90,3.1600,true,1,10087
7290000111117,false,בדין מרכך כביסה לבן,,,בדין מרכך כביסה לבן,ליטרים,4.00,ליטר,false,,19.90,4.9750,true,1,10088
7290000111384,false,חרדל אמיתי תלמה 550,,,חרדל אמיתי תלמה 550,גרמים,550.00,100 גרם,false,,8.40,1.5273,true,1,10094
7290000112220,false,בארכה טחינה 100% שומ,,,בארכה טחינה 100% שומ,גרמים,500.00,100 גרם,false,,14.90,2.9800,true,1,18629
7290000112619,false,מרק עוף אמיתי לתיבול,,,מרק עוף אמיתי לתיבול,גרמים,400.00,100 גרם,false,,19.90,4.9750,true,1,10099
7290000114187,false,סיף פנטסטיק אורנים 4,,,סיף פנטסטיק אורנים 4,ליטרים,4.00,ליטר,false,,19.90,4.9750,true,1,10105
7290000116204,false,מרק דגש עוף קנור 1 ק,,,מרק דגש עוף קנור 1 ק,קילוגרמים,1.00,"ק""ג",false,,14.90,14.9000,true,1,10111
7290000116884,false,רוטב ברביקיו קנור 20,,,רוטב ברביקיו קנור 20,מיליליטרים,200.00,"100 מ""ל",false,,12.90,6.4500,true,1,10112
7290000116945,false,רוטב סויה קנור 300מל,,,רוטב סויה קנור 300מל,מיליליטרים,300.00,"100 מ""ל",false,,12.90,4.3000,true,1,10114
7290000117720,false,מרק נמס בכוס פטריות,,,מרק נמס בכוס פטריות,גרמים,43.00,100 גרם,false,,6.90,16.0465,true,1,10120
7290000120836,false,מיונז הלמנס 394 גרם,,,מיונז הלמנס 394 גרם,גרמים,394.00,100 גרם,false,,12.90,3.2741,true,1,10131
7290000120874,false,מיונז הלמנס לייט 424,,,מיונז הלמנס לייט 424,גרמים,424.00,100 גרם,false,,12.90,3.0425,true,1,10132
7290000121079,false,מון בלאן שמיר 7% 120,,,מון בלאן שמיר 7% 120,גרמים,120.00,100 גרם,false,,11.90,9.9167,true,1,16779
7290000121093,false,מון בלאן שויצרית 7%,,,מון בלאן שויצרית 7%,גרמים,120.00,100 גרם,false,,11.90,9.9167,true,1,16780
7290000121109,false,מון בלאן זיתים 7% 12,,,מון בלאן זיתים 7% 12,גרמים,120.00,100 גרם,false,,11.90,9.9167,true,1,16781
7290000121147,false,מון בלאן פיקנטי 7% 1,,,מון בלאן פיקנטי 7% 1,גרמים,120.00,100 גרם,false,,11.90,9.9167,true,1,16782
7290000121239,false,מיוקל 5% מופחת שומן,,,מיוקל 5% מופחת שומן,גרמים,500.00,100 גרם,false,,12.80,2.5600,true,1,10133
7290000135625,false,גולדסטאר פחיות 4*500,,,גולדסטאר פחיות 4*500,ליטרים,2.00,ליטר,false,,27.90,13.9500,true,1,169071
7290000136189,false,סבן אפ דיאט 1.5 ליטר,,,סבן אפ דיאט 1.5 ליטר,ליטרים,1.50,ליטר,false,,8.50,5.6667,true,1,220249
7290000136240,false,טמפו סודה 1.5 ליטר,,,טמפו סודה 1.5 ליטר,ליטרים,1.50,ליטר,false,,3.90,2.6000,true,1,219884
7290000136516,false,ג`אמפ פסיפלורה 1.5 ל,,,ג`אמפ פסיפלורה 1.5 ל,ליטרים,1.50,ליטר,false,,7.90,5.2667,true,1,219821
7290000136523,false,ג`אמפ ענבים 1.5 ליטר,,,ג`אמפ ענבים 1.5 ליטר,ליטרים,1.50,ליטר,false,,7.90,5.2667,true,1,219838
7290000136585,false,ג`אמפ תפוז 1.5 ליטר,,,ג`אמפ תפוז 1.5 ליטר,ליטרים,1.50,ליטר,false,,7.90,5.2667,true,1,219822
7290000136790,false,טמפו סודה 6*1.5 ליטר,,,טמפו סודה 6*1.5 ליטר,ליטרים,9.00,ליטר,false,,19.60,2.1778,true,1,219868
7290000136844,false,אקווה נובה 6*2 ליטר,,,אקווה נובה 6*2 ליטר,ליטרים,12.00,ליטר,false,,12.90,1.0750,true,1,219774
7290000139012,false,מספריים מטבח מתכת,,,מספריים מטבח מתכת,יחידה,0.00,יחידה,false,,10.00,0.0000,true,1,12953
7290000139104,false,שלווה אשבול 230 גרם,,,שלווה אשבול 230 גרם,גרמים,230.00,100 גרם,false,,7.90,3.4348,true,1,1328
7290000139227,false,דגן לבן משפחתי אשבול,,,דגן לבן משפחתי אשבול,גרמים,150.00,100 גרם,false,,7.90,5.2667,true,1,1334
7290000144160,false,שמן זית כתית מעולה א,,,שמן זית כתית מעולה א,מיליליטרים,750.00,"100 מ""ל",false,,35.90,4.7867,true,1,29327
7290000144467,false,שמן חמניות בריאות מה,,,שמן חמניות בריאות מה,ליטרים,1.00,ליטר,false,,16.90,16.9000,true,1,29330
7290000144474,false,שמן קנולה בריאות עץ,,,שמן קנולה בריאות עץ,ליטרים,1.00,ליטר,false,,16.90,16.9000,true,1,29331
7290000148380,false,פיסטוק קלוי 200 גרם,,,פיסטוק קלוי 200 גרם,גרמים,200.00,100 גרם,false,,21.50,10.7500,true,1,12729
7290000148618,false,אגוז קשיו מטוגן 200,,,אגוז קשיו מטוגן 200,גרמים,200.00,100 גרם,false,,18.90,9.4500,true,1,12731
7290000151885,false,נקניק הודו יחידה 700,,,נקניק הודו יחידה 700,גרמים,700.00,100 גרם,false,,19.00,2.7143,true,1,19656
7290000152943,false,עוף טוב סלמי פסטרמה,,,עוף טוב סלמי פסטרמה,גרמים,700.00,100 גרם,false,,30.90,4.4143,true,1,19661
7290000166605,false,סיף פנטסטיק כללי יסמ,,,סיף פנטסטיק כללי יסמ,ליטרים,4.00,ליטר,false,,19.90,4.9750,true,1,10222
7290000168173,false,ברנפלקס קרנצים תלמה,,,ברנפלקס קרנצים תלמה,גרמים,375.00,100 גרם,false,,23.90,6.3733,true,1,10246
7290000169538,false,נמס בכוס עגבניות וקר,,,נמס בכוס עגבניות וקר,גרמים,62.00,100 גרם,false,,6.90,11.1290,true,1,10266
7290000174723,false,שוקולית 500 גרם,,,שוקולית 500 גרם,גרמים,500.00,100 גרם,false,,13.90,2.7800,true,1,22166
7290000176079,false,טורקי עלית קפה עם הל,,,טורקי עלית קפה עם הל,גרמים,100.00,100 גרם,false,,9.50,9.5000,true,1,22169
7290000176420,false,קפה נמס עלית פחית 20,,,קפה נמס עלית פחית 20,גרמים,200.00,100 גרם,false,,20.90,10.4500,true,1,22175
7290000176482,false,קפה נמס עלית מגדים 2,,,קפה נמס עלית מגדים 2,גרמים,200.00,100 גרם,false,,20.90,10.4500,true,1,22178
7290000178707,false,תפוציפס טבעי 50 גרם,,,תפוציפס טבעי 50 גרם,גרמים,50.00,100 גרם,false,,4.30,8.6000,true,1,24146
7290000178721,false,תפוציפס טבעי 200 גרם,,,תפוציפס טבעי 200 גרם,גרמים,200.00,100 גרם,false,,9.90,4.9500,true,1,24148
7290000188355,false,מגבות מטבח ניקול לבנ,,,מגבות מטבח ניקול לבנ,מטרים,64.80,מטר,false,,12.90,0.1991,true,1,8852
7290000189116,false,ניקול תבניות עגולות,,,ניקול תבניות עגולות,יחידה,0.00,יחידה,false,,11.90,0.0000,true,1,8865
7290000189505,false,ניקול תבנית אפייה מק,,,ניקול תבנית אפייה מק,יחידה,0.00,יחידה,false,,9.90,0.0000,true,1,8877
7290000190068,false,מפיות לבן ניקול 100,,,מפיות לבן ניקול 100,יחידה,0.00,יחידה,false,,7.90,0.0000,true,1,8891
7290000191225,false,האגיס רך נולד מידה 2,,,האגיס רך נולד מידה 2,יחידה,0.00,יחידה,false,,29.90,0.0000,true,1,8907
7290000193014,false,מגן תחתון אינטרלוד ל,,,מגן תחתון אינטרלוד ל,יחידה,0.00,יחידה,false,,10.90,0.0000,true,1,8921
7290000193083,false,תחבושות נובה לי לילי,,,תחבושות נובה לי לילי,יחידה,0.00,יחידה,false,,10.90,0.0000,true,1,8923
7290000194178,false,עוף מס' 1 קפוא מחפוד,,,עוף מס' 1 קפוא מחפוד,קילוגרמים,1.00,"ק""ג",true,,27.90,27.9000,true,1,46826
7290000194208,false,כרעיים עוף חלק רב מח,,,כרעיים עוף חלק רב מח,קילוגרמים,1.00,"ק""ג",true,,33.90,33.9000,true,1,46828
7290000194239,false,מחפוד-חזה עוף קפוא מ,,,מחפוד-חזה עוף קפוא מ,קילוגרמים,1.00,"ק""ג",true,,33.90,33.9000,true,1,46829
7290000194253,false,כנפיים עוף קפוא ארוז,,,כנפיים עוף קפוא ארוז,קילוגרמים,1.00,"ק""ג",true,,13.90,13.9000,true,1,46830
7290000194260,false,מחפוד-שוקיים עוף קפו,,,מחפוד-שוקיים עוף קפו,קילוגרמים,1.00,"ק""ג",true,,35.90,35.9000,true,1,46831
7290000194529,false,עוף טרי מחפוד ארוז,,,עוף טרי מחפוד ארוז,קילוגרמים,1.00,"ק""ג",true,,27.90,27.9000,true,1,46837
7290000194536,false,חזה עוף טרי מחפוד אר,,,חזה עוף טרי מחפוד אר,קילוגרמים,1.00,"ק""ג",true,,34.90,34.9000,true,1,46838
7290000194543,false,כרעיים עוף טרי מחפוד,,,כרעיים עוף טרי מחפוד,קילוגרמים,1.00,"ק""ג",true,,34.90,34.9000,true,1,46839
7290000194550,false,כנפיים עוף מחפוד במש,,,כנפיים עוף מחפוד במש,קילוגרמים,1.00,"ק""ג",true,,15.90,15.9000,true,1,46840
7290000194567,false,ירכיים עוף טרי מחפוד,,,ירכיים עוף טרי מחפוד,קילוגרמים,1.00,"ק""ג",true,,34.90,34.9000,true,1,46841
7290000194574,false,מחפוד שוקיים עוף טרי,,,מחפוד שוקיים עוף טרי,קילוגרמים,1.00,"ק""ג",true,,36.90,36.9000,true,1,46842
7290000194581,false,פרגיות עוף טרי מחפוד,,,פרגיות עוף טרי מחפוד,קילוגרמים,1.00,"ק""ג",true,,84.90,84.9000,true,1,46843
7290000194635,false,שניצל עוף טרי מחפוד,,,שניצל עוף טרי מחפוד,קילוגרמים,1.00,"ק""ג",true,,36.90,36.9000,true,1,46846
7290000195216,false,ניקול נייר אפייה בשק,,,ניקול נייר אפייה בשק,יחידה,0.00,יחידה,false,,10.90,0.0000,true,1,8952
7290000195537,false,מגבוני האגיס דיילי ק,,,מגבוני האגיס דיילי ק,יחידה,0.00,יחידה,false,,18.90,0.0000,true,1,8958
7290000195773,false,מגבוני האגיס סנסטיב,,,מגבוני האגיס סנסטיב,יחידה,0.00,יחידה,false,,18.90,0.0000,true,1,8962
7290000196039,false,ניקול מפות שולחן זוג,,,ניקול מפות שולחן זוג,יחידה,0.00,יחידה,false,,12.90,0.0000,true,1,8964
7290000197425,false,האגיס פרידום דריי של,,,האגיס פרידום דריי של,יחידה,0.00,יחידה,false,,42.90,0.0000,true,1,8986
7290000197432,false,ניקול שקיות אוכל זוג,,,ניקול שקיות אוכל זוג,יחידה,0.00,יחידה,false,,13.50,0.0000,true,1,8987
7290000197456,false,האגיס פרידום דריי של,,,האגיס פרידום דריי של,יחידה,0.00,יחידה,false,,42.90,0.0000,true,1,8988
7290000197463,false,האגיס פרידום דריי של,,,האגיס פרידום דריי של,יחידה,0.00,יחידה,false,,42.90,0.0000,true,1,8989
7290000197548,false,האגיס פרידום דריי של,,,האגיס פרידום דריי של,יחידה,0.00,יחידה,false,,42.90,0.0000,true,1,8993
7290000197678,false,האגיס פרידום דריי  ש,,,האגיס פרידום דריי  ש,יחידה,0.00,יחידה,false,,42.90,0.0000,true,1,8995
7290000201832,false,טיטולים פרימיום שלב,,,טיטולים פרימיום שלב,יחידה,0.00,יחידה,false,,30.90,0.0000,true,1,9013
7290000201863,false,טיטולים פרימיום שלב,,,טיטולים פרימיום שלב,יחידה,0.00,יחידה,false,,30.90,0.0000,true,1,9016
7290000201870,false,טיטולים פרימיום שלב,,,טיטולים פרימיום שלב,יחידה,0.00,יחידה,false,,30.90,0.0000,true,1,9017
7290000205762,false,האגיס אקסטרה קייר מי,,,האגיס אקסטרה קייר מי,יחידה,0.00,יחידה,false,,55.90,0.0000,true,1,9042
7290000207063,false,רוטב עגבניות פריכוז,,,רוטב עגבניות פריכוז,גרמים,240.00,100 גרם,false,,3.90,1.6250,true,1,8610
7290000207438,false,עגבניות לקוביות יכין,,,עגבניות לקוביות יכין,גרמים,800.00,100 גרם,false,,9.90,1.2375,true,1,8614
7290000208114,false,אפונת גינה וגזר יכין,,,אפונת גינה וגזר יכין,גרמים,330.00,100 גרם,false,,8.90,2.6970,true,1,8622
7290000208404,false,פול מצרי יכין 550 גר,,,פול מצרי יכין 550 גר,גרמים,350.00,100 גרם,false,,8.90,2.5429,true,1,8638
7290000208855,false,רוטב לפסטה קלאסי יכי,,,רוטב לפסטה קלאסי יכי,גרמים,260.00,100 גרם,false,,5.50,2.1154,true,1,8647
7290000208978,false,רוטב עגבניות פריכוז,,,רוטב עגבניות פריכוז,גרמים,100.00,100 גרם,false,,3.50,3.5000,true,1,8651
7290000209012,false,חומץ הדרים 5% יכין 1,,,חומץ הדרים 5% יכין 1,ליטרים,1.00,ליטר,false,,5.90,5.9000,true,1,8653
7290000209043,false,מיץ לימון משומר יכין,,,מיץ לימון משומר יכין,ליטרים,1.00,ליטר,false,,4.90,4.9000,true,1,8654
7290000209371,false,תירס שלישיה יכין 3*1,,,תירס שלישיה יכין 3*1,גרמים,495.00,100 גרם,false,,14.90,3.0101,true,1,8663
7290000209388,false,תירס לייט שלישיה יכי,,,תירס לייט שלישיה יכי,גרמים,420.00,100 גרם,false,,14.90,3.5476,true,1,8664
7290000209524,false,סירופ דייאט פטל יכין,,,סירופ דייאט פטל יכין,ליטרים,1.00,ליטר,false,,16.90,16.9000,true,1,8667
7290000209579,false,סירופ דייאט אננס יכי,,,סירופ דייאט אננס יכי,ליטרים,1.00,ליטר,false,,16.90,16.9000,true,1,8671
7290000209722,false,רוטב עגבניות מרוכז מ,,,רוטב עגבניות מרוכז מ,גרמים,580.00,100 גרם,false,,9.90,1.7069,true,1,8675
7290000209968,false,רוטב ללזניה יכין 240,,,רוטב ללזניה יכין 240,גרמים,260.00,100 גרם,false,,5.50,2.1154,true,1,8680
7290000211169,false,אורז תאילנדי 1 ק'ג,,,אורז תאילנדי 1 ק'ג,קילוגרמים,1.00,"ק""ג",false,,7.50,7.5000,true,1,17298
7290000211312,false,אורז מלא אחד אחד 1קג,,,אורז מלא אחד אחד 1קג,קילוגרמים,1.00,"ק""ג",false,,9.00,9.0000,true,1,17299
7290000211442,false,סוגת אורז פרסי קלאסי,,,סוגת אורז פרסי קלאסי,קילוגרמים,1.00,"ק""ג",false,,11.50,11.5000,true,1,17302
7290000211503,false,"סוכר סוגת לבן 1 ק""ג",,,"סוכר סוגת לבן 1 ק""ג",קילוגרמים,1.00,"ק""ג",false,,4.50,4.5000,true,1,17303
7290000238029,false,"בצק עלים 1ק""ג",,,"בצק עלים 1ק""ג",קילוגרמים,1.00,"ק""ג",false,,20.90,20.9000,true,1,35602
7290000238036,false,מעדנות מלווח 700גר,,,מעדנות מלווח 700גר,גרמים,700.00,100 גרם,false,,17.90,2.5571,true,1,35603
7290000238173,false,בורקס גבינה מעדנות 8,,,בורקס גבינה מעדנות 8,גרמים,800.00,100 גרם,false,,19.90,2.4875,true,1,35604
7290000238180,false,"בורקס תפו""א 800גר",,,"בורקס תפו""א 800גר",גרמים,800.00,100 גרם,false,,18.90,2.3625,true,1,35605
7290000262413,false,האגיס אקסטרה קייר מי,,,האגיס אקסטרה קייר מי,יחידה,0.00,יחידה,false,,55.90,0.0000,true,1,9050
7290000263359,false,האגיס אקסטרא קייר של,,,האגיס אקסטרא קייר של,יחידה,0.00,יחידה,false,,29.90,0.0000,true,1,9060
7290000272443,false,סירופ דיאט תפוז עסיס,,,סירופ דיאט תפוז עסיס,יחידה,0.00,יחידה,false,,16.90,0.0000,true,1,18634
7290000272726,false,חומץ טבעי 5% עסיס 1,,,חומץ טבעי 5% עסיס 1,ליטרים,1.00,ליטר,false,,7.50,7.5000,true,1,18637
7290000286228,false,סנו סושי שישיות כריו,,,סנו סושי שישיות כריו,יחידה,0.00,יחידה,false,,11.90,0.0000,true,1,29673
7290000286549,false,סנו סושי מטליות לכל,,,סנו סושי מטליות לכל,יחידה,0.00,יחידה,false,,11.90,0.0000,true,1,29682
7290000286594,false,סנו X לימון במיכל 60,,,סנו X לימון במיכל 60,גרמים,600.00,100 גרם,false,,9.90,1.6500,true,1,29684
7290000286761,false,סנו סושי פלסטיק נצמד,,,סנו סושי פלסטיק נצמד,מטרים,60.00,מטר,false,,11.90,0.1983,true,1,29686
7290000286891,false,סנו מגן קריסטל  1 לי,,,סנו מגן קריסטל  1 לי,ליטרים,1.00,ליטר,false,,22.90,22.9000,true,1,29688
7290000286921,false,סנוקל רסס כבס,,,סנוקל רסס כבס,מיליליטרים,750.00,"100 מ""ל",false,,12.90,1.7200,true,1,29691
7290000287195,false,סנו רהיט ספריי עשיר,,,סנו רהיט ספריי עשיר,מיליליטרים,305.00,"100 מ""ל",false,,14.90,4.8852,true,1,29695
7290000287355,false,סנו סופר פוליש 1ליטר,,,סנו סופר פוליש 1ליטר,ליטרים,1.00,ליטר,false,,22.90,22.9000,true,1,29696
7290000288024,false,סנו ז'אוול בריח לימו,,,סנו ז'אוול בריח לימו,ליטרים,4.00,ליטר,false,,16.90,4.2250,true,1,29709
7290000288048,false,סנו ג'אוול מרסס אילנ,,,סנו ג'אוול מרסס אילנ,ליטרים,1.00,ליטר,false,,18.90,18.9000,true,1,29711
7290000289069,false,סנו ג'אוול מרסס לימו,,,סנו ג'אוול מרסס לימו,ליטרים,1.00,ליטר,false,,18.90,18.9000,true,1,29731
7290000292311,false,סנו פוליווקס סחלבים,,,סנו פוליווקס סחלבים,ליטרים,2.00,ליטר,false,,20.90,10.4500,true,1,29750
7290000292687,false,סנובון כחול שלישיה,,,סנובון כחול שלישיה,גרמים,165.00,100 גרם,false,,17.90,10.8485,true,1,29757
7290000293820,false,שמפו וג'ל רחצה קרבון,,,שמפו וג'ל רחצה קרבון,מיליליטרים,700.00,"100 מ""ל",false,,18.90,2.7000,true,1,29766
7290000294780,false,סנו ז'אוול סמיכה 4 ל,,,סנו ז'אוול סמיכה 4 ל,ליטרים,4.00,ליטר,false,,16.90,4.2250,true,1,29775
7290000295336,false,סנו מקסימה סנסיטיב 1,,,סנו מקסימה סנסיטיב 1,קילוגרמים,1.25,"ק""ג",false,,14.90,11.9200,true,1,29779
7290000295565,false,רדיד אלומיניום רחב ב,,,רדיד אלומיניום רחב ב,מטרים,15.00,מטר,false,,16.90,1.1267,true,1,29786
7290000300900,false,שניצל תירס טבעול רכי,,,שניצל תירס טבעול רכי,גרמים,750.00,100 גרם,false,,24.90,3.3200,true,1,19699
7290000311067,false,עוגיות מינימן 250 גר,,,עוגיות מינימן 250 גר,גרמים,250.00,100 גרם,false,,6.90,2.7600,true,1,20492
7290000311128,false,עוגיות בטעם חמאה 300,,,עוגיות בטעם חמאה 300,גרמים,300.00,100 גרם,false,,6.90,2.3000,true,1,20496
7290000311135,false,עוגיות שוקוסטיקס 300,,,עוגיות שוקוסטיקס 300,גרמים,300.00,100 גרם,false,,6.90,2.3000,true,1,20497
7290000311180,false,מאגדת ופלית צבעונית,,,מאגדת ופלית צבעונית,גרמים,250.00,100 גרם,false,,6.90,2.7600,true,1,20501
7290000311203,false,ופלים בטעם שוקולד מן,,,ופלים בטעם שוקולד מן,גרמים,200.00,100 גרם,false,,4.50,2.2500,true,1,20503
7290000311210,false,ופלים בטעם לימון מן,,,ופלים בטעם לימון מן,גרמים,200.00,100 גרם,false,,4.50,2.2500,true,1,20504
7290000311227,false,ופלים בטעם קפה מן 20,,,ופלים בטעם קפה מן 20,גרמים,200.00,100 גרם,false,,4.50,2.2500,true,1,20505
7290000311234,false,ופלים בטעם וניל מן 2,,,ופלים בטעם וניל מן 2,גרמים,200.00,100 גרם,false,,4.50,2.2500,true,1,20506
7290000311258,false,ופל מצופה מן 250 גרם,,,ופל מצופה מן 250 גרם,גרמים,250.00,100 גרם,false,,6.90,2.7600,true,1,20508
7290000311272,false,ופלים בטעם חלבה מן 1,,,ופלים בטעם חלבה מן 1,גרמים,180.00,100 גרם,false,,4.50,2.5000,true,1,20509
7290000311357,false,ופל אגוזית מן עשיריו,,,ופל אגוזית מן עשיריו,גרמים,280.00,100 גרם,false,,9.90,3.5357,true,1,20513
7290000311364,false,מאגדת ופל TAKE1 עשיר,,,מאגדת ופל TAKE1 עשיר,גרמים,210.00,100 גרם,false,,6.90,3.2857,true,1,20514
7290000311425,false,ופל מצופה כחול עשירי,,,ופל מצופה כחול עשירי,גרמים,200.00,100 גרם,false,,6.90,3.4500,true,1,20515
7290000311432,false,עוגיות גרנולה קינמון,,,עוגיות גרנולה קינמון,גרמים,200.00,100 גרם,false,,8.90,4.4500,true,1,301183
7290000311463,false,עוגיות חיטה מלאה בטע,,,עוגיות חיטה מלאה בטע,גרמים,200.00,100 גרם,false,,8.90,4.4500,true,1,193627
7290000311500,false,ופלים בטעם שוקולד מן,,,ופלים בטעם שוקולד מן,גרמים,500.00,100 גרם,false,,8.90,1.7800,true,1,20516
7290000311708,false,עוגיות חיטה מלאה 300,,,עוגיות חיטה מלאה 300,גרמים,300.00,100 גרם,false,,6.90,2.3000,true,1,20521
7290000311715,false,עוגיות כוכבים שוקולד,,,עוגיות כוכבים שוקולד,גרמים,300.00,100 גרם,false,,6.90,2.3000,true,1,20522
7290000311722,false,עוגיות  כוכבים וניל,,,עוגיות  כוכבים וניל,גרמים,300.00,100 גרם,false,,6.90,2.3000,true,1,20523
7290000311746,false,עוגיות קרמל 300 גרם,,,עוגיות קרמל 300 גרם,גרמים,300.00,100 גרם,false,,6.90,2.3000,true,1,20525
7290000311753,false,עוגיות חיטה בטעם חלו,,,עוגיות חיטה בטעם חלו,גרמים,250.00,100 גרם,false,,6.90,2.7600,true,1,191293
7290000311845,false,עוגיות חיטה מלאה ללא,,,עוגיות חיטה מלאה ללא,גרמים,200.00,100 גרם,false,,8.90,4.4500,true,1,177986
7290000311869,false,ופלים בטעם שוקולד לל,,,ופלים בטעם שוקולד לל,גרמים,180.00,100 גרם,false,,7.90,4.3889,true,1,41203
7290000311883,false,עוגיות גרנולה עם סיב,,,עוגיות גרנולה עם סיב,גרמים,200.00,100 גרם,false,,8.90,4.4500,true,1,301184
7290000312750,false,ביגלה שומשום 200 גרם,,,ביגלה שומשום 200 גרם,גרמים,200.00,100 גרם,false,,5.90,2.9500,true,1,57718
7290000313160,false,חברים זהבה ושלושת הד,,,חברים זהבה ושלושת הד,גרמים,250.00,100 גרם,false,,9.50,3.8000,true,1,18638
7290000315140,false,קורנפלקס מלא תלמה בד,,,קורנפלקס מלא תלמה בד,גרמים,500.00,100 גרם,false,,19.90,3.9800,true,1,10277
7290000334387,false,"תפוגן 2 ק""ג כשל""פ בד",,,"תפוגן 2 ק""ג כשל""פ בד",קילוגרמים,2.00,"ק""ג",false,,29.90,14.9500,true,1,19712
7290000334684,false,טבעות בצל 700 גרם,,,טבעות בצל 700 גרם,גרמים,700.00,100 גרם,false,,19.90,2.8429,true,1,19713
7290000334745,false,"אמריקאן ציפס 1.5 ק""ג",,,"אמריקאן ציפס 1.5 ק""ג",קילוגרמים,1.50,"ק""ג",false,,24.90,16.6000,true,1,19714
7290000339191,false,אבקת הלבנה רן 350 גר,,,אבקת הלבנה רן 350 גר,גרמים,350.00,100 גרם,false,,20.90,5.9714,true,1,10291
7290000339566,false,בדין מרכך כביסה ורוד,,,בדין מרכך כביסה ורוד,ליטרים,4.00,ליטר,false,,19.90,4.9750,true,1,10292
7290000342832,false,בדין מרכך כביסה צהוב,,,בדין מרכך כביסה צהוב,ליטרים,4.00,ליטר,false,,19.90,4.9750,true,1,10298
7290000342856,false,בדין מרכך כביסה כחול,,,בדין מרכך כביסה כחול,ליטרים,4.00,ליטר,false,,19.90,4.9750,true,1,10299
7290000345215,false,תה ויסוצקי קלאסיק 10,,,תה ויסוצקי קלאסיק 10,גרמים,100.00,100 גרם,false,,18.90,18.9000,true,1,24587
7290000345291,false,תה ארל גריי 1.5/25,,,תה ארל גריי 1.5/25,גרמים,37.50,100 גרם,false,,15.90,42.4000,true,1,24591
7290000345307,false,תה ארל גריי 1.5/50,,,תה ארל גריי 1.5/50,גרמים,75.00,100 גרם,false,,30.00,40.0000,true,1,24592
7290000345536,false,תה נענע 25 שקיות 1.5,,,תה נענע 25 שקיות 1.5,גרמים,37.50,100 גרם,false,,18.90,50.4000,true,1,24593
7290000346120,false,תה קסם הקנמון 25 שקי,,,תה קסם הקנמון 25 שקי,גרמים,62.50,100 גרם,false,,17.90,28.6400,true,1,24599
7290000346137,false,תה הילולי פירות 25 ש,,,תה הילולי פירות 25 ש,גרמים,62.50,100 גרם,false,,17.90,28.6400,true,1,24600
7290000346168,false,תה חליטת שומר גן קסו,,,תה חליטת שומר גן קסו,גרמים,37.50,100 גרם,false,,17.90,47.7333,true,1,24603
7290000346199,false,תה פירות יער 25 שקיק,,,תה פירות יער 25 שקיק,גרמים,67.50,100 גרם,false,,17.90,26.5185,true,1,24604
7290000346205,false,תה קמומיל 25 שקיקים,,,תה קמומיל 25 שקיקים,גרמים,37.50,100 גרם,false,,17.90,47.7333,true,1,24605
7290000347738,false,תה ירוק נענע 25 שקיק,,,תה ירוק נענע 25 שקיק,גרמים,37.50,100 גרם,false,,26.90,71.7333,true,1,24611
7290000347752,false,תה ירוק לימונית ולוא,,,תה ירוק לימונית ולוא,גרמים,37.50,100 גרם,false,,26.90,71.7333,true,1,24612
7290000379142,false,לחם עינן אנגל 750 גר,,,לחם עינן אנגל 750 גר,גרמים,750.00,100 גרם,false,,16.90,2.2533,true,1,35373
7290000379203,false,לחם עינן קל אנגל 500,,,לחם עינן קל אנגל 500,גרמים,500.00,100 גרם,false,,16.90,3.3800,true,1,35375
7290000379258,false,חלת קונדיטורית אנגל,,,חלת קונדיטורית אנגל,גרמים,500.00,100 גרם,false,,15.90,3.1800,true,1,35377
7290000408316,false,דנונה טבעי 3% 200מל,,,דנונה טבעי 3% 200מל,מיליליטרים,200.00,"100 מ""ל",false,,3.70,1.8500,true,1,23235
7290000408354,false,דנונה קראנצ' פצפוצים,,,דנונה קראנצ' פצפוצים,מיליליטרים,175.00,"100 מ""ל",false,,4.90,2.8000,true,1,23236
7290000416618,false,ממרח שוקולד פרווה הש,,,ממרח שוקולד פרווה הש,גרמים,400.00,100 גרם,false,,11.90,2.9750,true,1,28858
7290000416632,false,ממרח שוקולד פרווה הש,,,ממרח שוקולד פרווה הש,קילוגרמים,1.00,"ק""ג",false,,26.90,26.9000,true,1,28859
7290000416861,false,ממרח חלבי השחר 750 ג,,,ממרח חלבי השחר 750 ג,קילוגרמים,1.00,"ק""ג",false,,19.90,19.9000,true,1,215834
7290000420417,false,גלילונית שקיות אשפה,,,גלילונית שקיות אשפה,יחידה,0.00,יחידה,false,,22.90,0.0000,true,1,5725
7290000435251,false,מיני משמחים 500 גרם,,,מיני משמחים 500 גרם,גרמים,500.00,100 גרם,false,,18.70,3.7400,true,1,240623
7290000450209,false,טונה בשמן פוסידון  1,,,טונה בשמן פוסידון  1,גרמים,108.00,100 גרם,false,,5.90,5.4630,true,1,16786
7290000453019,false,שמרית שמרים טריים לא,,,שמרית שמרים טריים לא,גרמים,50.00,100 גרם,false,,4.50,9.0000,true,1,23237
7290000453408,false,שמרית בצק פיצה דק מצ,,,שמרית בצק פיצה דק מצ,גרמים,415.00,100 גרם,false,,17.50,4.2169,true,1,23239
7290000453422,false,שמרית בצק פילו מוכן,,,שמרית בצק פילו מוכן,גרמים,300.00,100 גרם,false,,15.90,5.3000,true,1,23241
7290000453798,false,שמרים יבשים אקטיביים,,,שמרים יבשים אקטיביים,גרמים,500.00,100 גרם,false,,12.90,2.5800,true,1,22192
7290000453866,false,נטורינה קוקוס שטראוס,,,נטורינה קוקוס שטראוס,גרמים,200.00,100 גרם,false,,7.70,3.8500,true,1,23242
7290000453880,false,מרגרינה ללא מלח לאפי,,,מרגרינה ללא מלח לאפי,גרמים,200.00,100 גרם,false,,4.90,2.4500,true,1,23244
7290000453897,false,מרגרינה בטעם חמאה 20,,,מרגרינה בטעם חמאה 20,גרמים,200.00,100 גרם,false,,4.90,2.4500,true,1,23245
7290000461625,false,ביגלה 8 8 400גר,,,ביגלה 8 8 400גר,גרמים,400.00,100 גרם,false,,10.90,2.7250,true,1,10302
7290000461656,false,מקלות מלוחים 400 גרם,,,מקלות מלוחים 400 גרם,גרמים,400.00,100 גרם,false,,10.90,2.7250,true,1,10303
7290000461700,false,ביגלה שמיניות גדולות,,,ביגלה שמיניות גדולות,גרמים,400.00,100 גרם,false,,12.90,3.2250,true,1,10304
7290000461793,false,ביגלה ארוך ארוך דל ש,,,ביגלה ארוך ארוך דל ש,גרמים,150.00,100 גרם,false,,5.90,3.9333,true,1,10307
7290000462103,false,סחוג אדום חריף עדין,,,סחוג אדום חריף עדין,גרמים,150.00,100 גרם,false,,9.90,6.6000,true,1,23246
7290000462141,false,סחוג אדום חריף מאוד,,,סחוג אדום חריף מאוד,גרמים,150.00,100 גרם,false,,9.90,6.6000,true,1,23247
7290000462172,false,סחוג ירוק חריף מאוד,,,סחוג ירוק חריף מאוד,גרמים,150.00,100 גרם,false,,9.90,6.6000,true,1,23249
7290000474090,false,טרה חלב בקרטון 1% 1ל,,,טרה חלב בקרטון 1% 1ל,ליטרים,1.00,ליטר,false,,5.86,5.8600,true,1,6338
7290000474502,false,טרה גבינה לבנה 5% 25,,,טרה גבינה לבנה 5% 25,גרמים,250.00,100 גרם,false,,4.98,1.9920,true,1,6347
7290000474540,false,טוב טעם גבינה 3% 250,,,טוב טעם גבינה 3% 250,גרמים,250.00,100 גרם,false,,11.50,4.6000,true,1,6348
7290000480107,false,"קוואקר מהיר אטוס לל""",,,"קוואקר מהיר אטוס לל""",גרמים,500.00,100 גרם,false,,13.90,2.7800,true,1,24149
7290000480442,false,שיבולת שועל בשקית קו,,,שיבולת שועל בשקית קו,גרמים,500.00,100 גרם,false,,13.50,2.7000,true,1,24150
7290000481029,false,פיתות 10 יחידות בטעם,,,פיתות 10 יחידות בטעם,קילוגרמים,1.00,"ק""ג",false,,10.90,10.9000,true,1,57123
7290000481043,true,עשיריית פיתות כוסמין,,,עשיריית פיתות כוסמין,גרמים,700.00,100 גרם,false,,14.90,2.1286,true,1,138477
7290000481531,false,לחמניות 10 יחידות חי,,,לחמניות 10 יחידות חי,גרמים,750.00,100 גרם,false,,13.90,1.8533,true,1,4457
7290000481883,false,10 לחמניות דגנית,,,10 לחמניות דגנית,גרמים,750.00,100 גרם,false,,13.90,1.8533,true,1,4461
7290000482033,false,שקיות קוקי ענק בתנור,,,שקיות קוקי ענק בתנור,יחידה,0.00,יחידה,false,,12.60,0.0000,true,1,21405
7290000484747,false,"עלית הארק 40% 700 מ""",,,"עלית הארק 40% 700 מ""",מיליליטרים,700.00,"100 מ""ל",false,,59.90,8.5571,true,1,28883
7290000493176,false,אסם אבקת רוטב צלי לב,,,אסם אבקת רוטב צלי לב,גרמים,22.00,100 גרם,false,,3.90,17.7273,true,1,18678
7290000493183,false,אסם אבקת רוטב פטריות,,,אסם אבקת רוטב פטריות,גרמים,30.00,100 גרם,false,,3.90,13.0000,true,1,18679
7290000496360,false,פילה  בקלה דרום אפרי,,,פילה  בקלה דרום אפרי,קילוגרמים,1.00,"ק""ג",true,,43.90,43.9000,true,1,194487
7290000498157,false,לחמניה שמיניה שומשום,,,לחמניה שמיניה שומשום,יחידה,0.00,יחידה,false,,2.90,0.0000,true,1,194709
7290000498409,false,חלה מתוקה ברמן 500 ג,,,חלה מתוקה ברמן 500 ג,יחידה,0.00,יחידה,false,,8.90,0.0000,true,1,43516
7290000521008,false,אדום יבש סגל.,,,אדום יבש סגל.,מיליליטרים,750.00,"100 מ""ל",false,,21.90,2.9200,true,1,9374
7290000521022,false,סגל לבן חצי יבש 750,,,סגל לבן חצי יבש 750,מיליליטרים,750.00,"100 מ""ל",false,,21.90,2.9200,true,1,9376
7290000521404,false,מרום גליל סינגל קברנ,,,מרום גליל סינגל קברנ,מיליליטרים,750.00,"100 מ""ל",false,,38.90,5.1867,true,1,9384
7290000521411,false,מרום גליל סינגל מרלו,,,מרום גליל סינגל מרלו,מיליליטרים,750.00,"100 מ""ל",false,,38.90,5.1867,true,1,9385
7290000522188,false,עוף מס' 2 קפוא רובין,,,עוף מס' 2 קפוא רובין,קילוגרמים,1.00,"ק""ג",true,,26.90,26.9000,true,1,46890
7290000522201,false,כרעיים עוף ארוז קפוא,,,כרעיים עוף ארוז קפוא,קילוגרמים,1.00,"ק""ג",true,,36.90,36.9000,true,1,46892
7290000522256,false,כנפיים עוף ארוז קפוא,,,כנפיים עוף ארוז קפוא,קילוגרמים,1.00,"ק""ג",true,,19.90,19.9000,true,1,46894
7290000523125,false,מלח ים יבש הארץ 250,,,מלח ים יבש הארץ 250,גרמים,250.00,100 גרם,false,,6.50,2.6000,true,1,24614
7290000523224,false,מלח ים יבש הארץ 500,,,מלח ים יבש הארץ 500,גרמים,500.00,100 גרם,false,,7.90,1.5800,true,1,15454
7290000523514,false,מלח 50% פחות נתרן הא,,,מלח 50% פחות נתרן הא,גרמים,250.00,100 גרם,false,,10.30,4.1200,true,1,15455
7290000523804,false,מלח עדין בצנצנת הארץ,,,מלח עדין בצנצנת הארץ,קילוגרמים,1.00,"ק""ג",false,,7.50,7.5000,true,1,24616
7290000525969,false,פרימור מיץ תפוזים 1ל,,,פרימור מיץ תפוזים 1ל,ליטרים,1.00,ליטר,false,,15.90,15.9000,true,1,23253
7290000533353,false,זוגלובק בצק עלים 1קג,,,זוגלובק בצק עלים 1קג,קילוגרמים,1.00,"ק""ג",false,,14.90,14.9000,true,1,38922
7290000536774,false,"נקניקיה 1 ק""ג בד""ץ.",,,"נקניקיה 1 ק""ג בד""ץ.",קילוגרמים,1.00,"ק""ג",false,,30.90,30.9000,true,1,38929
7290000572208,false,חלוה וניל אחוה 100 ג,,,חלוה וניל אחוה 100 ג,גרמים,100.00,100 גרם,false,,3.50,3.5000,true,1,676
7290000572222,false,חלוה בטעם וניל אחוה,,,חלוה בטעם וניל אחוה,גרמים,500.00,100 גרם,false,,11.50,2.3000,true,1,678
7290000574035,false,לחם אחיד פרוס דגנית,,,לחם אחיד פרוס דגנית,גרמים,750.00,100 גרם,false,,7.11,0.9480,true,1,4467
7290000574141,false,לחם חיטה מלאה דגנית,,,לחם חיטה מלאה דגנית,גרמים,750.00,100 גרם,false,,15.90,2.1200,true,1,4473
7290000574172,false,לחם קל חיטה מלאה דגנ,,,לחם קל חיטה מלאה דגנ,גרמים,750.00,100 גרם,false,,14.90,1.9867,true,1,4475
7290000574455,false,לחם חיטה מלא+כוסמין,,,לחם חיטה מלא+כוסמין,גרמים,750.00,100 גרם,false,,14.90,1.9867,true,1,4487
7290000616421,false,"סטייק טונה בד""ץ חתם",,,"סטייק טונה בד""ץ חתם",קילוגרמים,1.00,"ק""ג",true,,39.90,39.9000,true,1,89857
7290000646299,false,פילה נסיכה 100% דגי,,,פילה נסיכה 100% דגי,קילוגרמים,1.00,"ק""ג",true,,54.90,54.9000,true,1,164138
7290000652177,false,נתחי פילה נסיכה 100%,,,נתחי פילה נסיכה 100%,קילוגרמים,1.00,"ק""ג",true,,69.90,69.9000,true,1,94182
7290000652542,false,פילה אמנון 5-7 100%,,,פילה אמנון 5-7 100%,קילוגרמים,1.00,"ק""ג",true,,38.90,38.9000,true,1,94155
7290000652894,false,סטייק דג טונה 100% ד,,,סטייק דג טונה 100% ד,קילוגרמים,1.00,"ק""ג",true,,44.90,44.9000,true,1,94183
7290000654546,false,פילה אמנון 7-9 100%,,,פילה אמנון 7-9 100%,קילוגרמים,1.00,"ק""ג",true,,38.90,38.9000,true,1,94157
7290000655376,false,פילה דניס קפוא,,,פילה דניס קפוא,קילוגרמים,1.00,"ק""ג",true,,89.90,89.9000,true,1,26481
7290000658926,false,פילה מרלוזה קפוא 100,,,פילה מרלוזה קפוא 100,קילוגרמים,1.00,"ק""ג",true,,32.90,32.9000,true,1,26484
7290000663036,false,פילה אמנון ללא עור 1,,,פילה אמנון ללא עור 1,קילוגרמים,1.00,"ק""ג",true,,44.90,44.9000,true,1,164124
7290000688084,false,מי עדן 1/2 ליטר ספור,,,מי עדן 1/2 ליטר ספור,מיליליטרים,500.00,"100 מ""ל",false,,2.90,0.5800,true,1,11456
7290000688176,false,"מי עדן בייבי 330 מ""ל",,,"מי עדן בייבי 330 מ""ל",מיליליטרים,250.00,"100 מ""ל",false,,2.90,1.1600,true,1,11458
7290000688381,false,מי עדן פקק ספורט 6*5,,,מי עדן פקק ספורט 6*5,ליטרים,3.00,ליטר,false,,13.90,4.6333,true,1,11460
7290000688466,false,מי עדן ג'ים 750מל,,,מי עדן ג'ים 750מל,מיליליטרים,750.00,"100 מ""ל",false,,2.90,0.3867,true,1,11462
7290000688503,false,מי עדן ג'ים 6*750מל,,,מי עדן ג'ים 6*750מל,ליטרים,4.50,ליטר,false,,15.90,3.5333,true,1,11463
7290000692227,false,פלמוליב לכלים קלאסי-,,,פלמוליב לכלים קלאסי-,יחידה,0.00,יחידה,false,,13.90,0.0000,true,1,21410
7290000707345,false,חזה עוף שלם טרי ארוז,,,חזה עוף שלם טרי ארוז,קילוגרמים,1.00,"ק""ג",true,,31.90,31.9000,true,1,17982
7290000707352,false,שניצל עוף טרי ארוז,,,שניצל עוף טרי ארוז,קילוגרמים,1.00,"ק""ג",true,,37.90,37.9000,true,1,17983
7290000707369,false,כרעיים עוף טרי ארוז,,,כרעיים עוף טרי ארוז,קילוגרמים,1.00,"ק""ג",true,,26.90,26.9000,true,1,17984
7290000707376,false,ירכיים עוף טרי ארוז,,,ירכיים עוף טרי ארוז,קילוגרמים,1.00,"ק""ג",true,,26.90,26.9000,true,1,17985
7290000707383,false,שוקיים עוף טרי ארוז,,,שוקיים עוף טרי ארוז,קילוגרמים,1.00,"ק""ג",true,,28.90,28.9000,true,1,17986
7290000707390,false,פרגית עוף טרי ארוז ש,,,פרגית עוף טרי ארוז ש,קילוגרמים,1.00,"ק""ג",true,,54.90,54.9000,true,1,17987
7290000707420,false,עוף שלם טרי ארוז,,,עוף שלם טרי ארוז,קילוגרמים,1.00,"ק""ג",true,,19.90,19.9000,true,1,17988
7290000707437,false,כנפיים עוף טרי ארוז,,,כנפיים עוף טרי ארוז,קילוגרמים,1.00,"ק""ג",true,,10.90,10.9000,true,1,17989
7290000707543,false,פילה עוף טרי ארוז,,,פילה עוף טרי ארוז,קילוגרמים,1.00,"ק""ג",true,,37.90,37.9000,true,1,17994
7290000708069,false,גרון הודו נקבה ארוז,,,גרון הודו נקבה ארוז,קילוגרמים,1.00,"ק""ג",true,,29.90,29.9000,true,1,18002
7290000768294,false,פילה אמנון קפוא-ללא,,,פילה אמנון קפוא-ללא,קילוגרמים,1.00,"ק""ג",true,,34.90,34.9000,true,1,51470
7290000803067,false,משחת שיניים לילדים א,,,משחת שיניים לילדים א,מיליליטרים,75.00,"100 מ""ל",false,,15.90,21.2000,true,1,21417
7290000925853,false,פילה דג מרלוזה ארוז,,,פילה דג מרלוזה ארוז,קילוגרמים,1.00,"ק""ג",true,,29.90,29.9000,true,1,439437
7290001041017,false,מיה חוואיג תימני 50ג,,,מיה חוואיג תימני 50ג,גרמים,50.00,100 גרם,false,,6.00,12.0000,true,1,14837
7290001041130,false,ממרח תמרים מיה 450 ג,,,ממרח תמרים מיה 450 ג,גרמים,450.00,100 גרם,false,,7.90,1.7556,true,1,14844
7290001041147,false,חומוס 1 ק'ג,,,חומוס 1 ק'ג,קילוגרמים,1.00,"ק""ג",false,,11.90,11.9000,true,1,14845
7290001041161,false,שעועית 1 ק'ג,,,שעועית 1 ק'ג,קילוגרמים,1.00,"ק""ג",false,,14.90,14.9000,true,1,14847
7290001041178,false,"אפונה 1 ק""ג",,,"אפונה 1 ק""ג",קילוגרמים,1.00,"ק""ג",false,,9.80,9.8000,true,1,14848
7290001041185,false,פופקורן 1 ק'ג,,,פופקורן 1 ק'ג,קילוגרמים,1.00,"ק""ג",false,,9.90,9.9000,true,1,14849
7290001041192,false,עדשים אדומות 1 ק'ג,,,עדשים אדומות 1 ק'ג,קילוגרמים,1.00,"ק""ג",false,,11.90,11.9000,true,1,14850
7290001041208,false,עדשים ירוקות 1 ק'ג,,,עדשים ירוקות 1 ק'ג,קילוגרמים,1.00,"ק""ג",false,,12.90,12.9000,true,1,14851
7290001041215,false,חיטה 1 ק'ג,,,חיטה 1 ק'ג,קילוגרמים,1.00,"ק""ג",false,,8.90,8.9000,true,1,14852
7290001041260,false,שומשום מיה 400 גרם,,,שומשום מיה 400 גרם,גרמים,400.00,100 גרם,false,,11.90,2.9750,true,1,14854
7290001041277,false,פרורי לחם 400 גרם,,,פרורי לחם 400 גרם,גרמים,400.00,100 גרם,false,,5.90,1.4750,true,1,14855
7290001041291,false,לקקנים סוכריות על מק,,,לקקנים סוכריות על מק,גרמים,70.00,100 גרם,false,,17.90,25.5714,true,1,14857
7290001041888,false,פפריקה מתוקה 300גרם,,,פפריקה מתוקה 300גרם,גרמים,300.00,100 גרם,false,,16.90,5.6333,true,1,14873
7290001041994,false,סוכר זהב דמררה צנצנת,,,סוכר זהב דמררה צנצנת,קילוגרמים,1.00,"ק""ג",false,,11.90,11.9000,true,1,14880
7290001045688,false,פרימור מיץ תפוזים 40,,,פרימור מיץ תפוזים 40,מיליליטרים,400.00,"100 מ""ל",false,,7.90,1.9750,true,1,23259
7290001051136,false,סודה שוופס 1.5 רביעי,,,סודה שוופס 1.5 רביעי,ליטרים,6.00,ליטר,false,,11.00,1.8333,true,1,11470
7290001136294,false,שמפו יבש אדום נקה 7,,,שמפו יבש אדום נקה 7,מיליליטרים,750.00,"100 מ""ל",false,,11.90,1.5867,true,1,29797
7290001136799,false,תחליב רחצה ורד ויסמי,,,תחליב רחצה ורד ויסמי,יחידה,0.00,יחידה,false,,15.90,0.0000,true,1,29802
7290001136973,false,תחליב רחצה קמומיל נק,,,תחליב רחצה קמומיל נק,יחידה,0.00,יחידה,false,,15.90,0.0000,true,1,29803
7290001201510,false,30 ביצים M  מ.לסר,,,30 ביצים M  מ.לסר,יחידה,0.00,יחידה,false,,27.87,0.0000,true,1,13619
7290001201589,false,12 ביצים L  מ.לסר,,,12 ביצים L  מ.לסר,יחידה,0.00,יחידה,false,,12.05,0.0000,true,1,13622
7290001201596,false,12 ביצים M  מ.לסר,,,12 ביצים M  מ.לסר,יחידה,0.00,יחידה,false,,11.15,0.0000,true,1,13623
7290001201602,false,18ביצים L  מ.לסר,,,18ביצים L  מ.לסר,יחידה,0.00,יחידה,false,,18.07,0.0000,true,1,240642
7290001216040,false,טחינה אל ארז 100% שו,,,טחינה אל ארז 100% שו,גרמים,500.00,100 גרם,false,,15.90,3.1800,true,1,34843
7290001216231,false,טחינה מלאה 100% שומש,,,טחינה מלאה 100% שומש,גרמים,500.00,100 גרם,false,,16.90,3.3800,true,1,34848
7290001245705,false,אקונומיקה מבושמת 4 ל,,,אקונומיקה מבושמת 4 ל,ליטרים,4.00,ליטר,false,,10.90,2.7250,true,1,37970
7290001245712,false,אקונומיקה טאצ' 4 ליט,,,אקונומיקה טאצ' 4 ליט,ליטרים,4.00,ליטר,false,,10.90,2.7250,true,1,37971
7290001245736,false,ג'ל כביסה כחול 3 ליט,,,ג'ל כביסה כחול 3 ליט,ליטרים,1.00,ליטר,false,,18.90,18.9000,true,1,37973
7290001245798,false,נוזל כלים לימון 18%,,,נוזל כלים לימון 18%,ליטרים,1.60,ליטר,false,,10.90,6.8125,true,1,37975
7290001245828,false,נוזל כלים קלאסי 18%,,,נוזל כלים קלאסי 18%,ליטרים,1.60,ליטר,false,,10.90,6.8125,true,1,37977
7290001245958,false,מרכך כביסה טאצ' ורוד,,,מרכך כביסה טאצ' ורוד,ליטרים,4.00,ליטר,false,,14.90,3.7250,true,1,37989
7290001245972,false,מרכך כביסה טאצ' לבן,,,מרכך כביסה טאצ' לבן,ליטרים,4.00,ליטר,false,,14.90,3.7250,true,1,37991
7290001245989,false,מרכך כביסה טאצ' סגול,,,מרכך כביסה טאצ' סגול,ליטרים,4.00,ליטר,false,,14.90,3.7250,true,1,37992
7290001246061,false,מרכך פרימיום פנטזי 1,,,מרכך פרימיום פנטזי 1,ליטרים,1.00,ליטר,false,,12.90,12.9000,true,1,37994
7290001246078,false,מרכך פרימיום סנשואל,,,מרכך פרימיום סנשואל,ליטרים,1.00,ליטר,false,,12.90,12.9000,true,1,37995
7290001246085,false,תרסיס מנקה חלונות 1,,,תרסיס מנקה חלונות 1,ליטרים,1.00,ליטר,false,,6.90,6.9000,true,1,37996
7290001246146,false,מסיר אבן 1 ליטר טאצ',,,מסיר אבן 1 ליטר טאצ',ליטרים,1.00,ליטר,false,,14.90,14.9000,true,1,38002
7290001246351,false,נוזל רצפות לבנדר 4 ל,,,נוזל רצפות לבנדר 4 ל,ליטרים,4.00,ליטר,false,,12.90,3.2250,true,1,38008
7290001246825,false,ג'ל כביסה ירוק טאצ',,,ג'ל כביסה ירוק טאצ',ליטרים,5.00,ליטר,false,,29.90,5.9800,true,1,264911
7290001247068,false,ספרינג תות בננה קרטו,,,ספרינג תות בננה קרטו,ליטרים,1.00,ליטר,false,,6.90,6.9000,true,1,11477
7290001247082,false,ספרינג עגבניות קרטונ,,,ספרינג עגבניות קרטונ,ליטרים,1.00,ליטר,false,,6.90,6.9000,true,1,11478
7290001247099,false,ספרינג מנגו קרטונית,,,ספרינג מנגו קרטונית,ליטרים,1.00,ליטר,false,,6.90,6.9000,true,1,11479
7290001247105,false,ספרינג נקטר אפרסק 1ל,,,ספרינג נקטר אפרסק 1ל,ליטרים,1.00,ליטר,false,,6.90,6.9000,true,1,11480
7290001247112,false,ספרינג לימונענע קרטו,,,ספרינג לימונענע קרטו,ליטרים,1.00,ליטר,false,,6.90,6.9000,true,1,11481
7290001247129,false,ספרינג תפוז קרטונית,,,ספרינג תפוז קרטונית,ליטרים,1.00,ליטר,false,,6.90,6.9000,true,1,11482
7290001247143,false,ספרינג תפוח קרטונית,,,ספרינג תפוח קרטונית,ליטרים,1.00,ליטר,false,,6.90,6.9000,true,1,11484
7290001305188,false,פלמוליב לכלים פריחת,,,פלמוליב לכלים פריחת,מיליליטרים,750.00,"100 מ""ל",false,,11.90,1.5867,true,1,21422
7290001327180,false,קרמיסימו וניל ציפ 1.,,,קרמיסימו וניל ציפ 1.,ליטרים,1.33,ליטר,false,,20.90,15.7143,true,1,4223
7290001327791,false,קרמיסימו עוגיות 1.33,,,קרמיסימו עוגיות 1.33,ליטרים,1.33,ליטר,false,,20.90,15.7143,true,1,4227
7290001407134,false,פרוסות חלבה שוקו וני,,,פרוסות חלבה שוקו וני,גרמים,350.00,100 גרם,false,,14.90,4.2571,true,1,18687
7290001419618,false,וופל עלמה בלגי שוקו,,,וופל עלמה בלגי שוקו,גרמים,200.00,100 גרם,false,,3.90,1.9500,true,1,41225
7290001419779,false,וופל עלמה קלאסי 200,,,וופל עלמה קלאסי 200,גרמים,200.00,100 גרם,false,,3.90,1.9500,true,1,41226
7290001419793,false,גביעים מגולגלים עלמה,,,גביעים מגולגלים עלמה,גרמים,120.00,100 גרם,false,,13.00,10.8333,true,1,41227
7290001468661,false,מסיר לק ריחני,,,מסיר לק ריחני,מיליליטרים,100.00,"100 מ""ל",false,,7.00,7.0000,true,1,15859
7290001485019,false,טרה גבינת שמנת טבעי,,,טרה גבינת שמנת טבעי,גרמים,200.00,100 גרם,false,,10.90,5.4500,true,1,6359
7290001491010,false,תה ירוק עם יסמין T.T,,,תה ירוק עם יסמין T.T,גרמים,37.50,100 גרם,false,,26.90,71.7333,true,1,24619
7290001491096,false,תה ירוק בתוספת לימונ,,,תה ירוק בתוספת לימונ,גרמים,75.00,100 גרם,false,,46.90,62.5333,true,1,24620
7290001594025,false,קוקה קולה קלאסי 350,,,קוקה קולה קלאסי 350,מיליליטרים,350.00,"100 מ""ל",false,,6.90,1.9714,true,1,6821
7290001594155,false,קוקה קולה 500מל,,,קוקה קולה 500מל,מיליליטרים,500.00,"100 מ""ל",false,,7.90,1.5800,true,1,6829
7290001594858,false,טובורג רד בקבוק פקדו,,,טובורג רד בקבוק פקדו,ליטרים,1.98,ליטר,false,,43.90,22.1717,true,1,6852
7290001594865,false,קרלסברג בירה בקבוק 6,,,קרלסברג בירה בקבוק 6,ליטרים,1.98,ליטר,false,,45.90,23.1818,true,1,6853
7290001670057,false,.סכום ח.פ.כפיות 100י,,,.סכום ח.פ.כפיות 100י,יחידה,0.00,יחידה,false,,13.90,0.0000,true,1,7716
7290001670064,false,סכינים 100יח,,,סכינים 100יח,יחידה,0.00,יחידה,false,,13.90,0.0000,true,1,7717
7290001713242,false,"שקיות אשפה 25 י""ח 75",,,"שקיות אשפה 25 י""ח 75",יחידה,0.00,יחידה,false,,12.90,0.0000,true,1,311920
7290001780428,false,נסטלה לייט 6 שלגוני,,,נסטלה לייט 6 שלגוני,גרמים,312.00,100 גרם,false,,28.90,9.2628,true,1,16090
7290001780800,false,קראנץ' ליבת נוגט,,,קראנץ' ליבת נוגט,יחידה,0.00,יחידה,false,,10.50,0.0000,true,1,16091
7290001813478,false,חיוכים חגיגה וניל 90,,,חיוכים חגיגה וניל 90,גרמים,900.00,100 גרם,false,,19.90,2.2111,true,1,22210
7290001817728,false,ציטוס כאפה 55 גרם,,,ציטוס כאפה 55 גרם,גרמים,55.00,100 גרם,false,,3.50,6.3636,true,1,24153
7290001865453,false,סבון נוזלי לבנדר+ מש,,,סבון נוזלי לבנדר+ מש,יחידה,0.00,יחידה,false,,12.90,0.0000,true,1,5753
7290001946121,false,פפריקה מתוקה בשמן בי,,,פפריקה מתוקה בשמן בי,גרמים,400.00,100 גרם,false,,17.90,4.4750,true,1,193113
7290001990148,false,סוכר גולדן קלאסי בצנ,,,סוכר גולדן קלאסי בצנ,קילוגרמים,1.00,"ק""ג",false,,12.90,12.9000,true,1,17311
7290001990261,false,"סוגת חומוס 1 ק""ג",,,"סוגת חומוס 1 ק""ג",קילוגרמים,1.00,"ק""ג",false,,15.90,15.9000,true,1,17312
7290001990278,false,סוגת שעועית לבנה 1 ק,,,סוגת שעועית לבנה 1 ק,קילוגרמים,1.00,"ק""ג",false,,18.90,18.9000,true,1,17313
7290001990391,false,"אפונה 1 ק""ג",,,"אפונה 1 ק""ג",קילוגרמים,1.00,"ק""ג",false,,12.90,12.9000,true,1,17315
7290001990407,false,עדשים ירוקים 1 קג,,,עדשים ירוקים 1 קג,קילוגרמים,1.00,"ק""ג",false,,15.90,15.9000,true,1,17316
7290001990414,false,סוגת עדשים אדומים 1,,,סוגת עדשים אדומים 1,קילוגרמים,1.00,"ק""ג",false,,15.90,15.9000,true,1,17317
7290001990421,false,"סוגת פופקורן 1 ק""ג",,,"סוגת פופקורן 1 ק""ג",קילוגרמים,1.00,"ק""ג",false,,10.90,10.9000,true,1,17318
7290002000136,false,שעווה להסרת שיער למי,,,שעווה להסרת שיער למי,גרמים,500.00,100 גרם,false,,19.90,3.9800,true,1,5759
7290002000143,false,קרם ידיים קלאסיק פנג,,,קרם ידיים קלאסיק פנג,מיליליטרים,100.00,"100 מ""ל",false,,7.90,7.9000,true,1,5760
7290002007241,false,סודה לשתיה 50 גרם,,,סודה לשתיה 50 גרם,גרמים,50.00,100 גרם,false,,2.50,5.0000,true,1,7746
7290002007357,false,שקיות לצליה דליקטס מ,,,שקיות לצליה דליקטס מ,יחידה,0.00,יחידה,false,,4.90,0.0000,true,1,7749
7290002007487,false,צמר פלדה 100 גר',,,צמר פלדה 100 גר',גרמים,100.00,100 גרם,false,,3.90,3.9000,true,1,7755
7290002007500,false,קיסמים חבית הנמל 500,,,קיסמים חבית הנמל 500,יח',500.00,יח',false,,3.50,0.0070,true,1,7756
7290002007975,false,צלחות קטן 50יח,,,צלחות קטן 50יח,יחידה,0.00,יחידה,false,,13.90,0.0000,true,1,7767
7290002007982,false,מזלגות חד פעמי 100 י,,,מזלגות חד פעמי 100 י,יחידה,0.00,יחידה,false,,13.90,0.0000,true,1,7768
7290002007999,false,צלחות גדול 50יח הנמל,,,צלחות גדול 50יח הנמל,יחידה,0.00,יחידה,false,,16.90,0.0000,true,1,7769
7290002008187,false,קש לשתיה מתקפל 40יח,,,קש לשתיה מתקפל 40יח,יחידה,0.00,יחידה,false,,1.90,0.0000,true,1,7781
7290002008224,false,קישוט לעוגה גליד.,,,קישוט לעוגה גליד.,גרמים,60.00,100 גרם,false,,5.90,9.8333,true,1,7782
7290002008507,false,נייר אפיה 50יח,,,נייר אפיה 50יח,יחידה,0.00,יחידה,false,,10.80,0.0000,true,1,7792
7290002008743,false,סוכר וניל 10*10 גרם,,,סוכר וניל 10*10 גרם,גרמים,100.00,100 גרם,false,,2.90,2.9000,true,1,7797
7290002008750,false,אבקת אפיה 10*10 גרם,,,אבקת אפיה 10*10 גרם,גרמים,100.00,100 גרם,false,,2.90,2.9000,true,1,7798
7290002043218,false,אקסטרא צ'יפס מלח ואו,,,אקסטרא צ'יפס מלח ואו,גרמים,60.00,100 גרם,false,,8.50,14.1667,true,1,144422
7290002043591,false,חטיף צ'יפס משפחתי בט,,,חטיף צ'יפס משפחתי בט,גרמים,120.00,100 גרם,false,,12.50,10.4167,true,1,306323
7290002043782,false,צ'יפס טקסס ברבקיו אק,,,צ'יפס טקסס ברבקיו אק,גרמים,60.00,100 גרם,false,,8.50,14.1667,true,1,101241
7290002057048,false,זית סורי מבוקע יבנה,,,זית סורי מבוקע יבנה,גרמים,540.00,100 גרם,false,,10.90,2.0185,true,1,44695
7290002057123,false,זיתים חרוזית ירוק קב,,,זיתים חרוזית ירוק קב,גרמים,275.00,100 גרם,false,,9.90,3.6000,true,1,44702
7290002057185,false,טבעות זיתים ירוקים ק,,,טבעות זיתים ירוקים ק,גרמים,540.00,100 גרם,false,,9.50,1.7593,true,1,44708
7290002057352,false,מלפפונים  במלח 7-9 ק,,,מלפפונים  במלח 7-9 ק,גרמים,560.00,100 גרם,false,,6.90,1.2321,true,1,44716
7290002057369,false,מלפפון במלח 10-12 קב,,,מלפפון במלח 10-12 קב,גרמים,560.00,100 גרם,false,,7.90,1.4107,true,1,44717
7290002057376,false,מלפפון במלח 13-17 קב,,,מלפפון במלח 13-17 קב,גרמים,560.00,100 גרם,false,,9.90,1.7679,true,1,44718
7290002057383,false,מלפפון 18-25במלח קבו,,,מלפפון 18-25במלח קבו,גרמים,560.00,100 גרם,false,,11.90,2.1250,true,1,44719
7290002057451,false,מלפפון בחומץ 7-9 קבו,,,מלפפון בחומץ 7-9 קבו,גרמים,560.00,100 גרם,false,,6.90,1.2321,true,1,44722
7290002057468,false,מלפפון בחומץ 10-12 ק,,,מלפפון בחומץ 10-12 ק,גרמים,560.00,100 גרם,false,,7.90,1.4107,true,1,44723
7290002057475,false,מלפפון בחומץ 13-17 ק,,,מלפפון בחומץ 13-17 ק,גרמים,560.00,100 גרם,false,,9.90,1.7679,true,1,28069
7290002057482,false,מלפפון בחומץ 18-25 ק,,,מלפפון בחומץ 18-25 ק,גרמים,560.00,100 גרם,false,,11.90,2.1250,true,1,28070
7290002057628,false,זיתים טבעות מושחר קב,,,זיתים טבעות מושחר קב,גרמים,275.00,100 גרם,false,,8.90,3.2364,true,1,44726
7290002065555,false,6 לחמניות רכות אנגל,,,6 לחמניות רכות אנגל,גרמים,450.00,100 גרם,false,,11.90,2.6444,true,1,35419
7290002077725,false,סלמון מעושן 100 ג,,,סלמון מעושן 100 ג,גרמים,100.00,100 גרם,false,,19.90,19.9000,true,1,16819
7290002105503,false,המבורגר טחון 500 גר,,,המבורגר טחון 500 גר,גרמים,500.00,100 גרם,false,,19.90,3.9800,true,1,47017
7290002105510,false,קבב מזרחי 500-מחפוד,,,קבב מזרחי 500-מחפוד,גרמים,500.00,100 גרם,false,,20.90,4.1800,true,1,47018
7290002105527,false,גולש בקר 800 גרם מחפ,,,גולש בקר 800 גרם מחפ,גרמים,800.00,100 גרם,false,,49.90,6.2375,true,1,47019
7290002105558,false,טחון בקר 500-מחפוד,,,טחון בקר 500-מחפוד,גרמים,500.00,100 גרם,false,,19.90,3.9800,true,1,47022
7290002105565,false,טחון הודו 500 גרם מח,,,טחון הודו 500 גרם מח,גרמים,500.00,100 גרם,false,,13.90,2.7800,true,1,47023
7290002105671,false,טחון עוף 500 גר מחפו,,,טחון עוף 500 גר מחפו,גרמים,500.00,100 גרם,false,,13.90,2.7800,true,1,47024
7290002105749,false,טחון בקר 100% בשר 1,,,טחון בקר 100% בשר 1,קילוגרמים,1.00,"ק""ג",false,,49.90,49.9000,true,1,47027
7290002105756,false,"טחון בקר 1 ק""ג מחפוד",,,"טחון בקר 1 ק""ג מחפוד",קילוגרמים,1.00,"ק""ג",false,,39.90,39.9000,true,1,47028
7290002107491,false,צוריאל גבינת עזים למ,,,צוריאל גבינת עזים למ,גרמים,250.00,100 גרם,false,,14.90,5.9600,true,1,6369
7290002109372,false,בורקס פילו אצבעות בו,,,בורקס פילו אצבעות בו,גרמים,700.00,100 גרם,false,,19.90,2.8429,true,1,16822
7290002111085,false,רוטב עגבניות 22% פרי,,,רוטב עגבניות 22% פרי,גרמים,100.00,100 גרם,false,,2.20,2.2000,true,1,8685
7290002111139,false,"רסק תפו""ע דיאט פרי מ",,,"רסק תפו""ע דיאט פרי מ",גרמים,560.00,100 גרם,false,,8.90,1.5893,true,1,8687
7290002111214,false,A2 גרעיני תירס לייט,,,A2 גרעיני תירס לייט,גרמים,550.00,100 גרם,false,,8.90,1.6182,true,1,8688
7290002111313,false,עגבניות קוביות פרי מ,,,עגבניות קוביות פרי מ,גרמים,800.00,100 גרם,false,,9.90,1.2375,true,1,8689
7290002111337,false,רוטב עגבניות 22% פרי,,,רוטב עגבניות 22% פרי,גרמים,240.00,100 גרם,false,,4.50,1.8750,true,1,8690
7290002111474,false,אפונת גדולה פרי מבור,,,אפונת גדולה פרי מבור,גרמים,335.00,100 גרם,false,,7.90,2.3582,true,1,8691
7290002111511,false,אפונה וגזר פרי מבורך,,,אפונה וגזר פרי מבורך,גרמים,550.00,100 גרם,false,,7.90,1.4364,true,1,8693
7290002111634,false,חומוס שלם פרי מבורך,,,חומוס שלם פרי מבורך,גרמים,550.00,100 גרם,false,,8.90,1.6182,true,1,8694
7290002111696,false,עגבניות מרוסקות פרי,,,עגבניות מרוסקות פרי,גרמים,800.00,100 גרם,false,,9.90,1.2375,true,1,8697
7290002111764,false,שעועית לבנה ברוטב עג,,,שעועית לבנה ברוטב עג,גרמים,580.00,100 גרם,false,,8.90,1.5345,true,1,8698
7290002111818,false,גרעיני תירס מתוק פרי,,,גרעיני תירס מתוק פרי,גרמים,246.00,100 גרם,false,,5.90,2.3984,true,1,8699
7290002111825,false,גרעיני תירס מתוק פרי,,,גרעיני תירס מתוק פרי,גרמים,335.00,100 גרם,false,,7.90,2.3582,true,1,8700
7290002129455,false,פיצה איטלקית   450 ג,,,פיצה איטלקית   450 ג,גרמים,450.00,100 גרם,false,,21.90,4.8667,true,1,16826
7290002130567,false,דבש טהור מפרחי בר בצ,,,דבש טהור מפרחי בר בצ,גרמים,350.00,100 גרם,false,,20.90,5.9714,true,1,22220
7290002130581,false,דבש טהור מפרחי בר בצ,,,דבש טהור מפרחי בר בצ,קילוגרמים,1.00,"ק""ג",false,,45.90,45.9000,true,1,22222
7290002157953,false,טונה בשמן קנולה וילי,,,טונה בשמן קנולה וילי,גרמים,560.00,100 גרם,false,,19.90,3.5536,true,1,16830
7290002253150,false,בזיליקום טרי קצוץ 70,,,בזיליקום טרי קצוץ 70,גרמים,70.00,100 גרם,false,,10.50,15.0000,true,1,19734
7290002253167,false,פטרוזליה טרייה קצוצה,,,פטרוזליה טרייה קצוצה,גרמים,70.00,100 גרם,false,,10.50,15.0000,true,1,19735
7290002255055,false,פלאפל חטיפי אלקיים 7,,,פלאפל חטיפי אלקיים 7,גרמים,700.00,100 גרם,false,,13.90,1.9857,true,1,51492
7290002255086,false,קובה ביתי במילוי בשר,,,קובה ביתי במילוי בשר,גרמים,700.00,100 גרם,false,,22.90,3.2714,true,1,51493
7290002263562,false,מיץ לימון משומר תבלי,,,מיץ לימון משומר תבלי,מיליליטרים,200.00,"100 מ""ל",false,,6.90,3.4500,true,1,67137
7290002263586,false,מיץ לימון משומר תבלי,,,מיץ לימון משומר תבלי,מיליליטרים,500.00,"100 מ""ל",false,,10.90,2.1800,true,1,67138
7290002263661,false,מיץ לימון 100% טבעי,,,מיץ לימון 100% טבעי,מיליליטרים,250.00,"100 מ""ל",false,,7.90,3.1600,true,1,67139
7290002281474,false,מארז פיצה 5 יח',,,מארז פיצה 5 יח',יחידה,0.00,יחידה,false,,50.90,0.0000,true,1,16844
7290002317081,false,זיתים נטולי גלעין 20,,,זיתים נטולי גלעין 20,גרמים,670.00,100 גרם,false,,10.90,1.6269,true,1,24401
7290002317128,false,מלפפון במלח 10-12 מו,,,מלפפון במלח 10-12 מו,גרמים,560.00,100 גרם,false,,10.90,1.9464,true,1,24402
7290002317166,false,מלפפון בחומץ 10-12 מ,,,מלפפון בחומץ 10-12 מ,גרמים,560.00,100 גרם,false,,10.90,1.9464,true,1,24405
7290002317265,false,מלפפון במלח 20% 7-9,,,מלפפון במלח 20% 7-9,גרמים,670.00,100 גרם,false,,9.90,1.4776,true,1,24412
7290002317289,false,חצילים מוטולה 560 גר,,,חצילים מוטולה 560 גר,גרמים,560.00,100 גרם,false,,9.90,1.7679,true,1,24413
7290002317296,false,פלפל שיפקה + 20% מוט,,,פלפל שיפקה + 20% מוט,גרמים,550.00,100 גרם,false,,9.90,1.8000,true,1,24414
7290002317319,false,מלפפון בחומץ 7-9 20%,,,מלפפון בחומץ 7-9 20%,גרמים,670.00,100 גרם,false,,9.90,1.4776,true,1,24416
7290002317388,false,צנצנת ירקות בתיבול מ,,,צנצנת ירקות בתיבול מ,קילוגרמים,1.65,"100 ק""ג",false,,29.90,1812.1212,true,1,365245
7290002317579,false,טבעות זיתים ירוקים מ,,,טבעות זיתים ירוקים מ,גרמים,560.00,100 גרם,false,,10.90,1.9464,true,1,24430
7290002319016,false,אבקת אפיה 10 יח' מיה,,,אבקת אפיה 10 יח' מיה,גרמים,100.00,100 גרם,false,,2.90,2.9000,true,1,14882
7290002319023,false,1/10 סוכר וניל,,,1/10 סוכר וניל,גרמים,100.00,100 גרם,false,,2.50,2.5000,true,1,14883
7290002319054,false,פרג טחון 100ג,,,פרג טחון 100ג,גרמים,100.00,100 גרם,false,,4.90,4.9000,true,1,14886
7290002319078,false,שומשום 100ג,,,שומשום 100ג,גרמים,100.00,100 גרם,false,,4.90,4.9000,true,1,14888
7290002319092,false,קמח תפוחי אדמה מיה 5,,,קמח תפוחי אדמה מיה 5,גרמים,500.00,100 גרם,false,,4.90,0.9800,true,1,14890
7290002319115,false,חומוס גדול מיה 500 ג,,,חומוס גדול מיה 500 ג,גרמים,500.00,100 גרם,false,,8.90,1.7800,true,1,14891
7290002319146,false,שעועית אדומה מיה 500,,,שעועית אדומה מיה 500,גרמים,500.00,100 גרם,false,,10.90,2.1800,true,1,14894
7290002319160,false,אפונה יבשה מיה 500 ג,,,אפונה יבשה מיה 500 ג,גרמים,500.00,100 גרם,false,,4.90,0.9800,true,1,14895
7290002319184,false,עדשים אדומים מיה 500,,,עדשים אדומים מיה 500,גרמים,500.00,100 גרם,false,,8.90,1.7800,true,1,14897
7290002319221,false,חיטה מיה 500 גרם,,,חיטה מיה 500 גרם,גרמים,500.00,100 גרם,false,,5.50,1.1000,true,1,14901
7290002319412,false,פפריקה חריפה 80גרם צ,,,פפריקה חריפה 80גרם צ,גרמים,80.00,100 גרם,false,,6.00,7.5000,true,1,14908
7290002319429,false,.פפריקה מתוקה 80 גר.,,,.פפריקה מתוקה 80 גר.,גרמים,80.00,100 גרם,false,,6.00,7.5000,true,1,14909
7290002319443,false,.כמון 80גר,,,.כמון 80גר,גרמים,80.00,100 גרם,false,,6.00,7.5000,true,1,14911
7290002319467,false,.אורגנו 35גר,,,.אורגנו 35גר,גרמים,35.00,100 גרם,false,,6.00,17.1429,true,1,14913
7290002319597,false,.כוזברה 80גר,,,.כוזברה 80גר,גרמים,80.00,100 גרם,false,,6.00,7.5000,true,1,14917
7290002319641,false,מיה גריל עוף 80ג,,,מיה גריל עוף 80ג,גרמים,80.00,100 גרם,false,,6.00,7.5000,true,1,14922
7290002319658,false,מיה תבלין לסטייק 80ג,,,מיה תבלין לסטייק 80ג,גרמים,80.00,100 גרם,false,,6.00,7.5000,true,1,14923
7290002319689,false,סודה לשתיה 150 ג,,,סודה לשתיה 150 ג,גרמים,150.00,100 גרם,false,,6.50,4.3333,true,1,14924
7290002319740,false,אגוז טחון 100 גרם,,,אגוז טחון 100 גרם,גרמים,100.00,100 גרם,false,,12.80,12.8000,true,1,14928
7290002319771,false,תמצית אפיה וניל,,,תמצית אפיה וניל,מיליליטרים,50.00,"100 מ""ל",false,,3.50,7.0000,true,1,14930
7290002319801,false,שבבי בצל 50גרם צנצנת,,,שבבי בצל 50גרם צנצנת,גרמים,50.00,100 גרם,false,,6.00,12.0000,true,1,14933
7290002331025,false,נביעות 1/2 ליטר ספור,,,נביעות 1/2 ליטר ספור,מיליליטרים,500.00,"100 מ""ל",false,,4.50,0.9000,true,1,6865
7290002331094,false,755מל מים מינרלים TO,,,755מל מים מינרלים TO,מיליליטרים,755.00,"100 מ""ל",false,,4.90,0.6490,true,1,6866
7290002331360,false,נביעות TO GO שישייה,,,נביעות TO GO שישייה,ליטרים,3.00,ליטר,false,,12.90,4.3000,true,1,6876
7290002331421,false,נביעות 6*755מל,,,נביעות 6*755מל,ליטרים,4.53,ליטר,false,,15.90,3.5099,true,1,6877
7290002402855,false,נקניקיות קוקטייל 400,,,נקניקיות קוקטייל 400,גרמים,400.00,100 גרם,false,,10.90,2.7250,true,1,47041
7290002404576,false,"מוריה לייט 750 מ""ל",,,"מוריה לייט 750 מ""ל",מיליליטרים,750.00,"100 מ""ל",false,,16.90,2.2533,true,1,11864
7290002404613,false,יין וירטואוז קברנה 7,,,יין וירטואוז קברנה 7,מיליליטרים,750.00,"100 מ""ל",false,,45.90,6.1200,true,1,11868
7290002507277,false,קציצות דג 700גר,,,קציצות דג 700גר,גרמים,700.00,100 גרם,false,,29.90,4.2714,true,1,16895
7290002543046,false,פרוסטיס דגני קלוגס 7,,,פרוסטיס דגני קלוגס 7,גרמים,750.00,100 גרם,false,,16.90,2.2533,true,1,5278
7290002543237,false,קורנפלקס קלוגס 750 ג,,,קורנפלקס קלוגס 750 ג,גרמים,750.00,100 גרם,false,,14.90,1.9867,true,1,5282
7290002577508,false,פילה הרינג בשמן ובצל,,,פילה הרינג בשמן ובצל,גרמים,240.00,100 גרם,false,,24.90,10.3750,true,1,240645
7290002581079,false,תן צאפ טבעות 50 גרם,,,תן צאפ טבעות 50 גרם,גרמים,50.00,100 גרם,false,,4.20,8.4000,true,1,14945
7290002599029,false,תבליני יונה פפריקה מ,,,תבליני יונה פפריקה מ,גרמים,100.00,100 גרם,false,,4.90,4.9000,true,1,10014
7290002599197,false,תבליני יונה פלפל שחו,,,תבליני יונה פלפל שחו,גרמים,50.00,100 גרם,false,,5.90,11.8000,true,1,10019
7290002603481,false,פיצת השף מאיטליה CHE,,,פיצת השף מאיטליה CHE,גרמים,200.00,100 גרם,false,,16.90,8.4500,true,1,16899
7290002627210,false,גפילטע פיש בצנצנת דל,,,גפילטע פיש בצנצנת דל,גרמים,560.00,100 גרם,false,,12.90,2.3036,true,1,16903
7290002651116,false,"גחנון חמסי 1 ק""ג",,,"גחנון חמסי 1 ק""ג",קילוגרמים,1.00,"ק""ג",false,,19.90,19.9000,true,1,16904
7290002692478,false,שמן זית כתית מעולה מ,,,שמן זית כתית מעולה מ,מיליליטרים,750.00,"100 מ""ל",false,,35.90,4.7867,true,1,29348
7290002703358,false,צנצנת דבש עין חרוד 3,,,צנצנת דבש עין חרוד 3,גרמים,350.00,100 גרם,false,,17.90,5.1143,true,1,47378
7290002703402,false,דבש עין חרוד 400 גרם,,,דבש עין חרוד 400 גרם,גרמים,400.00,100 גרם,false,,19.90,4.9750,true,1,47379
7290002703617,false,סילאן 100% טבעי לחיץ,,,סילאן 100% טבעי לחיץ,גרמים,385.00,100 גרם,false,,13.90,3.6104,true,1,47381
7290002703655,false,סילאן 100% טבעי עין,,,סילאן 100% טבעי עין,גרמים,385.00,100 גרם,false,,13.90,3.6104,true,1,47382
7290002730811,false,משחת שיניים גל משפחת,,,משחת שיניים גל משפחת,מיליליטרים,100.00,"100 מ""ל",false,,13.10,13.1000,true,1,21439
7290002730941,false,צמר גפן פרוס בלונס 1,,,צמר גפן פרוס בלונס 1,גרמים,100.00,100 גרם,false,,6.90,6.9000,true,1,21443
7290002735007,false,"בצק עלים 1 ק""ג",,,"בצק עלים 1 ק""ג",קילוגרמים,1.00,"ק""ג",false,,13.90,13.9000,true,1,20416
7290002735021,false,ינון גחנון ארוז 750,,,ינון גחנון ארוז 750,גרמים,750.00,100 גרם,false,,13.90,1.8533,true,1,20418
7290002735113,false,בורקס גבינה ינון 800,,,בורקס גבינה ינון 800,גרמים,800.00,100 גרם,false,,16.90,2.1125,true,1,20419
7290002735274,false,ינון גחנון אפוי 600,,,ינון גחנון אפוי 600,גרמים,600.00,100 גרם,false,,15.90,2.6500,true,1,20423
7290002752349,false,מנטוס סוכריות מנטה 3,,,מנטוס סוכריות מנטה 3,גרמים,37.50,100 גרם,false,,2.90,7.7333,true,1,12742
7290002757139,false,שלושת האופים מלוואח,,,שלושת האופים מלוואח,גרמים,700.00,100 גרם,false,,12.90,1.8429,true,1,16924
7290002757511,false,דלידג קציצות דג לביש,,,דלידג קציצות דג לביש,גרמים,750.00,100 גרם,false,,32.90,4.3867,true,1,16927
7290002768074,false,סבון נוזלי דרמופון 1,,,סבון נוזלי דרמופון 1,יחידה,0.00,יחידה,false,,16.90,0.0000,true,1,29840
7290002782735,false,דאו' לגבר פנינה רוזנ,,,דאו' לגבר פנינה רוזנ,מיליליטרים,150.00,"100 מ""ל",false,,15.90,10.6000,true,1,18110
7290002824183,false,גבינה לבנה 5% סקי 50,,,גבינה לבנה 5% סקי 50,גרמים,500.00,100 גרם,false,,9.50,1.9000,true,1,23261
7290002824466,false,דנונה יוגורט ביו 0%,,,דנונה יוגורט ביו 0%,מיליליטרים,200.00,"100 מ""ל",false,,3.70,1.8500,true,1,23262
7290002824640,false,גבינה 5% סקי 250 גרם,,,גבינה 5% סקי 250 גרם,גרמים,250.00,100 גרם,false,,4.98,1.9920,true,1,23263
7290002825722,false,אחלה כרוב אדום 500ג,,,אחלה כרוב אדום 500ג,גרמים,500.00,100 גרם,false,,14.90,2.9800,true,1,23265
7290002827306,false,עוף ירושלים נקניקיות,,,עוף ירושלים נקניקיות,גרמים,400.00,100 גרם,false,,10.90,2.7250,true,1,47051
7290002827320,false,עוף ירושלים נקניקיות,,,עוף ירושלים נקניקיות,גרמים,400.00,100 גרם,false,,16.90,4.2250,true,1,47053
7290002827337,false,עוף ירושלים נקניקיות,,,עוף ירושלים נקניקיות,גרמים,400.00,100 גרם,false,,10.90,2.7250,true,1,47054
7290002842002,false,מורנפלייק פתיתי שיבו,,,מורנפלייק פתיתי שיבו,גרמים,500.00,100 גרם,false,,11.90,2.3800,true,1,41965
7290002868996,false,טרה קוטג מועשר 5% 25,,,טרה קוטג מועשר 5% 25,גרמים,250.00,100 גרם,false,,5.50,2.2000,true,1,6375
7290002871248,false,בירה טובורג רד בקבוק,,,בירה טובורג רד בקבוק,מיליליטרים,500.00,"100 מ""ל",false,,7.90,1.5800,true,1,6899
7290002871361,false,קרלסברג בירה בק.חוזר,,,קרלסברג בירה בק.חוזר,מיליליטרים,500.00,"100 מ""ל",false,,7.90,1.5800,true,1,6900
7290002925729,false,משחת שיניים בטעם פפר,,,משחת שיניים בטעם פפר,מיליליטרים,120.00,"100 מ""ל",false,,15.90,13.2500,true,1,29843
7290002971993,false,קמח כוסמין מלא ללא צ,,,קמח כוסמין מלא ללא צ,קילוגרמים,1.00,"ק""ג",false,,15.90,15.9000,true,1,9220
7290002973812,false,קמח כוסמין 80% ללא צ,,,קמח כוסמין 80% ללא צ,קילוגרמים,1.00,"ק""ג",false,,15.90,15.9000,true,1,108213
7290002986652,false,גטניו - פתיבר שוקו 4,,,גטניו - פתיבר שוקו 4,גרמים,470.00,100 גרם,false,,9.90,2.1064,true,1,41249
7290002987963,false,אחלה חומוס 1קג,,,אחלה חומוס 1קג,קילוגרמים,1.00,"ק""ג",false,,15.90,15.9000,true,1,23266
7290003009312,false,בוטן קלוי 200 גרם,,,בוטן קלוי 200 גרם,גרמים,200.00,100 גרם,false,,7.90,3.9500,true,1,12746
7290003015627,false,ריצפז פרש אפרסק 2 לי,,,ריצפז פרש אפרסק 2 לי,ליטרים,2.00,ליטר,false,,18.90,9.4500,true,1,29851
7290003015641,false,ריצפז פרש יסמין 2 לי,,,ריצפז פרש יסמין 2 לי,ליטרים,2.00,ליטר,false,,18.90,9.4500,true,1,29853
7290003026227,false,קמיל בלו סנסיטיב שמפ,,,קמיל בלו סנסיטיב שמפ,יחידה,0.00,יחידה,false,,33.90,0.0000,true,1,29065
7290003026234,false,קמיל בלו תחליב לתינו,,,קמיל בלו תחליב לתינו,גרמים,500.00,100 גרם,false,,30.90,6.1800,true,1,29066
7290003029181,false,יטבתה שוקו בקבוק 1ל,,,יטבתה שוקו בקבוק 1ל,ליטרים,1.00,ליטר,false,,11.90,11.9000,true,1,23270
7290003029372,false,יטבתה משקה חלב בננה,,,יטבתה משקה חלב בננה,ליטרים,1.00,ליטר,false,,11.90,11.9000,true,1,23273
7290003029389,false,יטבתה משקה חלב בננה+,,,יטבתה משקה חלב בננה+,מיליליטרים,250.00,"100 מ""ל",false,,5.90,2.3600,true,1,23274
7290003029433,false,יטבתה שוקו +פקק 250,,,יטבתה שוקו +פקק 250,מיליליטרים,250.00,"100 מ""ל",false,,5.90,2.3600,true,1,23275
7290003029532,false,יטבתה מוקה 1ל,,,יטבתה מוקה 1ל,ליטרים,1.00,ליטר,false,,11.90,11.9000,true,1,23277
7290003029792,false,יטבתה מהדרין שוקו שק,,,יטבתה מהדרין שוקו שק,ליטרים,1.80,ליטר,false,,18.90,10.5000,true,1,23279
7290003029815,false,חלב מועשר בכד2 ליטר,,,חלב מועשר בכד2 ליטר,ליטרים,2.00,ליטר,false,,15.90,7.9500,true,1,23280
7290003029907,false,יטבתה אייס קפה 1ל,,,יטבתה אייס קפה 1ל,ליטרים,1.00,ליטר,false,,11.90,11.9000,true,1,23282
7290003031702,false,טירת צבי נקניקיות הו,,,טירת צבי נקניקיות הו,קילוגרמים,1.00,"ק""ג",false,,26.90,26.9000,true,1,25345
7290003031740,false,טירתצבי פסטרמה בדבש,,,טירתצבי פסטרמה בדבש,גרמים,400.00,100 גרם,false,,30.90,7.7250,true,1,25347
7290003031757,false,טירת צבי פסטרמה בפפר,,,טירת צבי פסטרמה בפפר,גרמים,400.00,100 גרם,false,,27.90,6.9750,true,1,25348
7290003031788,false,צמד כפרי מחפוד נק.סל,,,צמד כפרי מחפוד נק.סל,גרמים,800.00,100 גרם,false,,29.90,3.7375,true,1,25349
7290003031849,false,טירת צבי צמד מהדרין,,,טירת צבי צמד מהדרין,גרמים,600.00,100 גרם,false,,29.90,4.9833,true,1,25350
7290003069705,false,פיצה גבינה תפזורת 80,,,פיצה גבינה תפזורת 80,גרמים,80.00,100 גרם,false,,2.50,3.1250,true,1,16985
7290003102976,false,קיסמי אוזניים פלסטיק,,,קיסמי אוזניים פלסטיק,יחידה,0.00,יחידה,false,,4.40,0.0000,true,1,877
7290003107315,false,"סולת  דגן 1 ק""ג",,,"סולת  דגן 1 ק""ג",קילוגרמים,1.00,"ק""ג",false,,4.50,4.5000,true,1,9232
7290003107346,false,קמח חיטה לבן דגן 1 ק,,,קמח חיטה לבן דגן 1 ק,קילוגרמים,1.00,"ק""ג",false,,4.50,4.5000,true,1,9234
7290003143146,false,ממרח תמרים 450 גרם,,,ממרח תמרים 450 גרם,גרמים,450.00,100 גרם,false,,6.90,1.5333,true,1,12763
7290003144419,false,סילאן טבעי קלית גת 7,,,סילאן טבעי קלית גת 7,גרמים,710.00,100 גרם,false,,28.90,4.0704,true,1,12774
7290003145751,false,קשיו קלוי 200 גרם,,,קשיו קלוי 200 גרם,גרמים,200.00,100 גרם,false,,19.90,9.9500,true,1,12783
7290003145959,false,אגוז פקאן טבעי 150 ג,,,אגוז פקאן טבעי 150 ג,גרמים,150.00,100 גרם,false,,19.90,13.2667,true,1,12786
7290003220403,false,מעדני המלך קרקר עם מ,,,מעדני המלך קרקר עם מ,גרמים,110.00,100 גרם,false,,2.90,2.6364,true,1,41256
7290003220410,false,מעדני המלך קרקר שומש,,,מעדני המלך קרקר שומש,גרמים,110.00,100 גרם,false,,2.90,2.6364,true,1,41257
7290003220526,false,רוטב צ'ילי חריף 700,,,רוטב צ'ילי חריף 700,מיליליטרים,700.00,"100 מ""ל",false,,11.90,1.7000,true,1,41265
7290003220588,false,ווק רוטב צ'ילי מתוק,,,ווק רוטב צ'ילי מתוק,מיליליטרים,700.00,"100 מ""ל",false,,14.90,2.1286,true,1,240786
7290003220755,false,ווק רוטב סויה כהה 64,,,ווק רוטב סויה כהה 64,מיליליטרים,640.00,"100 מ""ל",false,,14.90,2.3281,true,1,240815
7290003220977,false,מעדני מלך ירח חצי מצ,,,מעדני מלך ירח חצי מצ,גרמים,175.00,100 גרם,false,,7.90,4.5143,true,1,145463
7290003251308,false,"אציטון משובח  100 מ""",,,"אציטון משובח  100 מ""",מיליליטרים,100.00,"100 מ""ל",false,,3.90,3.9000,true,1,21172
7290003268252,false,לחם חיטה מלא ללא גרע,,,לחם חיטה מלא ללא גרע,גרמים,750.00,100 גרם,false,,14.90,1.9867,true,1,4502
7290003321155,false,דנונה קראנצ' ששבי פק,,,דנונה קראנצ' ששבי פק,מיליליטרים,183.00,"100 מ""ל",false,,4.90,2.6776,true,1,23283
7290003411689,false,לפתניות 25 יח,,,לפתניות 25 יח,יחידה,0.00,יחידה,false,,4.90,0.0000,true,1,7844
7290003411696,false,מרקיות חד פעמי 25 יח,,,מרקיות חד פעמי 25 יח,יחידה,0.00,יחידה,false,,10.90,0.0000,true,1,7845
7290003411993,false,גפרורים 10 יחידות,,,גפרורים 10 יחידות,יחידה,0.00,יחידה,false,,2.90,0.0000,true,1,7856
7290003457991,false,מאגדת קורנטו  קלאסיק,,,מאגדת קורנטו  קלאסיק,גרמים,300.00,100 גרם,false,,35.90,11.9667,true,1,4241
7290003514007,false,שקדי מרק מנה 400 גרם,,,שקדי מרק מנה 400 גרם,גרמים,400.00,100 גרם,false,,8.90,2.2250,true,1,21449
7290003525461,false,סלט טונה פיקנטי וילי,,,סלט טונה פיקנטי וילי,גרמים,160.00,100 גרם,false,,7.00,4.3750,true,1,17001
7290003525904,false,סלט טונה פיקנטי וילי,,,סלט טונה פיקנטי וילי,גרמים,480.00,100 גרם,false,,16.90,3.5208,true,1,17005
7290003550753,false,טונה בהירה בשמן פוסי,,,טונה בהירה בשמן פוסי,גרמים,308.00,100 גרם,false,,19.90,6.4610,true,1,17019
7290003578108,false,אננס חתוך ויליפוד 85,,,אננס חתוך ויליפוד 85,גרמים,490.00,100 גרם,false,,8.90,1.8163,true,1,2865
7290003578177,false,תירס גמדי שלם ויליפו,,,תירס גמדי שלם ויליפו,גרמים,210.00,100 גרם,false,,6.90,3.2857,true,1,2868
7290003578313,false,דובדבנים חמוצים ללא,,,דובדבנים חמוצים ללא,גרמים,350.00,100 גרם,false,,9.90,2.8286,true,1,2871
7290003578672,false,שמן חמניות 1 ליטר,,,שמן חמניות 1 ליטר,ליטרים,1.00,ליטר,false,,12.90,12.9000,true,1,2874
7290003643004,false,"סוגת אורז בסמטי 1 ק""",,,"סוגת אורז בסמטי 1 ק""",קילוגרמים,1.00,"ק""ג",false,,13.90,13.9000,true,1,17319
7290003643325,false,קוסקוס בינוני סוגת 3,,,קוסקוס בינוני סוגת 3,גרמים,350.00,100 גרם,false,,4.90,1.4000,true,1,17327
7290003643387,false,סוכר לבן בצנצנת סוגת,,,סוכר לבן בצנצנת סוגת,קילוגרמים,1.00,"ק""ג",false,,8.90,8.9000,true,1,17330
7290003643646,false,סוכר דמררה בצנצנת חו,,,סוכר דמררה בצנצנת חו,קילוגרמים,1.00,"ק""ג",false,,12.90,12.9000,true,1,17331
7290003643684,false,אפונה יבשה 500 גרם,,,אפונה יבשה 500 גרם,גרמים,500.00,100 גרם,false,,6.90,1.3800,true,1,17332
7290003643707,false,סוגת גריסים 500גר,,,סוגת גריסים 500גר,גרמים,500.00,100 גרם,false,,5.90,1.1800,true,1,17333
7290003643714,false,חומוס 500 גרם,,,חומוס 500 גרם,גרמים,500.00,100 גרם,false,,8.90,1.7800,true,1,17334
7290003643738,false,סוגת חיטה 500 גר,,,סוגת חיטה 500 גר,גרמים,500.00,100 גרם,false,,5.90,1.1800,true,1,17335
7290003643745,false,כוסמת 500 גרם,,,כוסמת 500 גרם,גרמים,500.00,100 גרם,false,,7.90,1.5800,true,1,17336
7290003643752,false,עדשים ירוקות 500 גרם,,,עדשים ירוקות 500 גרם,גרמים,500.00,100 גרם,false,,8.90,1.7800,true,1,17337
7290003643769,false,עדשים אדומות 500 גרם,,,עדשים אדומות 500 גרם,גרמים,500.00,100 גרם,false,,8.90,1.7800,true,1,17338
7290003643776,false,סוגת פופקורן 500 גרם,,,סוגת פופקורן 500 גרם,גרמים,500.00,100 גרם,false,,5.90,1.1800,true,1,17339
7290003643806,false,שעועית לבנה 500 גרם,,,שעועית לבנה 500 גרם,גרמים,500.00,100 גרם,false,,10.90,2.1800,true,1,17341
7290003643813,false,שעועית אדומה 500 גרם,,,שעועית אדומה 500 גרם,גרמים,500.00,100 גרם,false,,10.90,2.1800,true,1,17342
7290003681051,false,אגוז פקאן סיני מסוכר,,,אגוז פקאן סיני מסוכר,גרמים,100.00,100 גרם,false,,13.90,13.9000,true,1,14949
7290003681235,false,מיה פלפל אנגלי 50ג,,,מיה פלפל אנגלי 50ג,גרמים,50.00,100 גרם,false,,6.00,12.0000,true,1,14954
7290003681303,false,שעועית מעורבת 500 גר,,,שעועית מעורבת 500 גר,גרמים,500.00,100 גרם,false,,12.90,2.5800,true,1,14958
7290003681334,false,קוקוס 400 גר. בדצ,,,קוקוס 400 גר. בדצ,גרמים,400.00,100 גרם,false,,11.90,2.9750,true,1,14959
7290003681365,false,70 סוכריות קישוט לעו,,,70 סוכריות קישוט לעו,גרמים,70.00,100 גרם,false,,4.90,7.0000,true,1,14961
7290003681693,false,חומוס לבן ענק מיה 50,,,חומוס לבן ענק מיה 50,גרמים,500.00,100 גרם,false,,10.90,2.1800,true,1,14975
7290003681716,false,גריסי פנינה 500 גרם,,,גריסי פנינה 500 גרם,גרמים,500.00,100 גרם,false,,5.90,1.1800,true,1,14976
7290003681723,false,מיה תבלין לפיצה 80ג,,,מיה תבלין לפיצה 80ג,גרמים,80.00,100 גרם,false,,6.00,7.5000,true,1,14977
7290003681730,false,מיה גריל דג 80ג,,,מיה גריל דג 80ג,גרמים,80.00,100 גרם,false,,6.00,7.5000,true,1,14978
7290003681747,false,מיה תבלין לגריל בשר,,,מיה תבלין לגריל בשר,גרמים,80.00,100 גרם,false,,6.00,7.5000,true,1,14979
7290003681761,false,מיה גבישי שום 80ג,,,מיה גבישי שום 80ג,גרמים,80.00,100 גרם,false,,7.90,9.8750,true,1,14981
7290003681921,false,טופי מתוק מיה 200 גר,,,טופי מתוק מיה 200 גר,גרמים,200.00,100 גרם,false,,5.90,2.9500,true,1,14987
7290003726783,false,שניצל טופו בטעם עוף,,,שניצל טופו בטעם עוף,גרמים,420.00,100 גרם,false,,27.90,6.6429,true,1,427281
7290003781652,false,צלפים במלח ויליפוד 3,,,צלפים במלח ויליפוד 3,גרמים,350.00,100 גרם,false,,9.90,2.8286,true,1,2878
7290003805587,false,פתית חיטה מלאה בד'ץ,,,פתית חיטה מלאה בד'ץ,גרמים,250.00,100 גרם,false,,16.90,6.7600,true,1,10357
7290003807178,false,רוטב סויה בסגנון סינ,,,רוטב סויה בסגנון סינ,מיליליטרים,300.00,"100 מ""ל",false,,12.90,4.3000,true,1,10373
7290003882922,false,עלי גפן ממולאים באור,,,עלי גפן ממולאים באור,גרמים,360.00,100 גרם,false,,8.90,2.4722,true,1,2885
7290003920730,false,בשר לחמין 800 גרם קפ,,,בשר לחמין 800 גרם קפ,גרמים,800.00,100 גרם,false,,59.90,7.4875,true,1,47063
7290003989096,false,אחלה חציל פיקנטי 500,,,אחלה חציל פיקנטי 500,גרמים,500.00,100 גרם,false,,15.90,3.1800,true,1,23289
7290003989539,false,EAT GOOD רביולי גבינ,,,EAT GOOD רביולי גבינ,גרמים,400.00,100 גרם,false,,19.90,4.9750,true,1,23290
7290003989553,false,שטראוס טורטליני פטרי,,,שטראוס טורטליני פטרי,גרמים,400.00,100 גרם,false,,19.90,4.9750,true,1,23291
7290004011260,false,קפה עם תחליף חלב על,,,קפה עם תחליף חלב על,מיליליטרים,426.00,"100 מ""ל",false,,9.90,2.3239,true,1,17021
7290004011277,false,שמנת לבישול על בסיס,,,שמנת לבישול על בסיס,מיליליטרים,220.00,"100 מ""ל",false,,8.90,4.0455,true,1,17022
7290004011284,false,ריצ בסיס להכנת קצפת,,,ריצ בסיס להכנת קצפת,מיליליטרים,212.00,"100 מ""ל",false,,6.90,3.2547,true,1,17023
7290004011345,false,קצפת ריץ במיכל פרווה,,,קצפת ריץ במיכל פרווה,מיליליטרים,238.00,"100 מ""ל",false,,9.90,4.1597,true,1,17026
7290004063016,false,"מלח שולחן סלית 1 ק""ג",,,"מלח שולחן סלית 1 ק""ג",קילוגרמים,1.00,"ק""ג",false,,1.80,1.8000,true,1,15456
7290004063115,false,מלח מטבח גס לבישול כ,,,מלח מטבח גס לבישול כ,קילוגרמים,1.00,"ק""ג",false,,1.80,1.8000,true,1,15457
7290004064174,false,מלח ההימלאיה דק בצנצ,,,מלח ההימלאיה דק בצנצ,קילוגרמים,1.00,"ק""ג",false,,16.90,16.9000,true,1,15459
7290004064310,false,מלח פלוס בצל מלחייה,,,מלח פלוס בצל מלחייה,גרמים,175.00,100 גרם,false,,10.30,5.8857,true,1,171658
7290004078270,false,פלמוליב לכלים לימון-,,,פלמוליב לכלים לימון-,יחידה,0.00,יחידה,false,,13.90,0.0000,true,1,21470
7290004078942,false,דיאודורנט ג'ל מרענן,,,דיאודורנט ג'ל מרענן,גרמים,65.00,100 גרם,false,,17.90,27.5385,true,1,21473
7290004119225,false,יופלה אננס 3% 150מל,,,יופלה אננס 3% 150מל,גרמים,150.00,100 גרם,false,,4.90,3.2667,true,1,25858
7290004119928,false,קרלו וניל 3% 125מל,,,קרלו וניל 3% 125מל,מיליליטרים,125.00,"100 מ""ל",false,,2.90,2.3200,true,1,25860
7290004119973,false,קרלו שוקולדה 3% 125מ,,,קרלו שוקולדה 3% 125מ,מיליליטרים,125.00,"100 מ""ל",false,,2.90,2.3200,true,1,25861
7290004120061,false,קרלו שוניל 3% 125מל,,,קרלו שוניל 3% 125מל,מיליליטרים,125.00,"100 מ""ל",false,,2.90,2.3200,true,1,25862
7290004120283,false,"שוקו תנובה בד""ץ שקית",,,"שוקו תנובה בד""ץ שקית",מיליליטרים,225.00,"100 מ""ל",false,,2.90,1.2889,true,1,25867
7290004120566,false,פיראוס בולגרית 24% 2,,,פיראוס בולגרית 24% 2,גרמים,250.00,100 גרם,false,,22.90,9.1600,true,1,25870
7290004120573,false,פיראוס בולגרית בקר 1,,,פיראוס בולגרית בקר 1,גרמים,250.00,100 גרם,false,,22.90,9.1600,true,1,25871
7290004120634,false,פיראוס בולגרית 5% 25,,,פיראוס בולגרית 5% 25,גרמים,250.00,100 גרם,false,,22.90,9.1600,true,1,25872
7290004121488,false,יופלה דיאט אפרסק 0%,,,יופלה דיאט אפרסק 0%,מיליליטרים,150.00,"100 מ""ל",false,,4.90,3.2667,true,1,25875
7290004121839,false,פיראוס פטה כבשים 20%,,,פיראוס פטה כבשים 20%,גרמים,250.00,100 גרם,false,,26.90,10.7600,true,1,25878
7290004121853,false,פיראוס בולגרית בקובי,,,פיראוס בולגרית בקובי,גרמים,200.00,100 גרם,false,,20.90,10.4500,true,1,25879
7290004122195,false,גוש חלב פרוס 28% 200,,,גוש חלב פרוס 28% 200,גרמים,200.00,100 גרם,false,,12.90,6.4500,true,1,25882
7290004122348,false,עמק לייט 9% 200ג,,,עמק לייט 9% 200ג,גרמים,200.00,100 גרם,false,,16.80,8.4000,true,1,25884
7290004122676,false,פיראוס חמד לייט 5% 2,,,פיראוס חמד לייט 5% 2,גרמים,250.00,100 גרם,false,,17.90,7.1600,true,1,25886
7290004122683,false,עמק אצבעות 172ג,,,עמק אצבעות 172ג,גרמים,172.00,100 גרם,false,,14.90,8.6628,true,1,25887
7290004124205,false,יופלה דיאט תות 0% 15,,,יופלה דיאט תות 0% 15,מיליליטרים,150.00,"100 מ""ל",false,,4.90,3.2667,true,1,25895
7290004124847,false,שף לבן קצפת צמחית 24,,,שף לבן קצפת צמחית 24,מיליליטרים,500.00,"100 מ""ל",false,,14.90,2.9800,true,1,25897
7290004125370,false,תנובה שמנת מופחתת 9%,,,תנובה שמנת מופחתת 9%,מיליליטרים,200.00,"100 מ""ל",false,,3.90,1.9500,true,1,25899
7290004125400,false,"אשל 4.5% בד""צ מהדרין",,,"אשל 4.5% בד""צ מהדרין",מיליליטרים,200.00,"100 מ""ל",false,,1.69,0.8450,true,1,25900
7290004125417,false,"גיל 3% בד""צ מהדרין",,,"גיל 3% בד""צ מהדרין",מיליליטרים,200.00,"100 מ""ל",false,,1.51,0.7550,true,1,25901
7290004125455,false,תנובה שמנת אורגינל מ,,,תנובה שמנת אורגינל מ,מיליליטרים,200.00,"100 מ""ל",false,,2.40,1.2000,true,1,25902
7290004125462,false,תנובה שמנת חמוצה 15%,,,תנובה שמנת חמוצה 15%,מיליליטרים,500.00,"100 מ""ל",false,,6.00,1.2000,true,1,25903
7290004125509,false,תנובה שמנת חצי מנה 1,,,תנובה שמנת חצי מנה 1,מיליליטרים,100.00,"100 מ""ל",false,,1.70,1.7000,true,1,25904
7290004125585,false,סויה תנובה משקה סויה,,,סויה תנובה משקה סויה,ליטרים,1.00,ליטר,false,,10.90,10.9000,true,1,25906
7290004125738,false,שף לבן שמנת להקצפה 3,,,שף לבן שמנת להקצפה 3,מיליליטרים,250.00,"100 מ""ל",false,,6.90,2.7600,true,1,25909
7290004126872,false,משקאות חלב תנובה שוק,,,משקאות חלב תנובה שוק,מיליליטרים,250.00,"100 מ""ל",false,,5.90,2.3600,true,1,25915
7290004127800,false,תנובה גבינה לבנה 5%,,,תנובה גבינה לבנה 5%,גרמים,500.00,100 גרם,false,,9.96,1.9920,true,1,25920
7290004127817,false,תנובה גבינה לבנה 9%,,,תנובה גבינה לבנה 9%,גרמים,500.00,100 גרם,false,,8.90,1.7800,true,1,25921
7290004127862,false,תנובה גבינה למריחה מ,,,תנובה גבינה למריחה מ,גרמים,750.00,100 גרם,false,,14.90,1.9867,true,1,25922
7290004127916,false,תנובה גבינת %1/2 500,,,תנובה גבינת %1/2 500,גרמים,500.00,100 גרם,false,,8.90,1.7800,true,1,25923
7290004128333,false,פיראוס לאבנה גביע %9,,,פיראוס לאבנה גביע %9,גרמים,500.00,100 גרם,false,,19.90,3.9800,true,1,25925
7290004129101,false,נפוליאון בטעם טבעי 2,,,נפוליאון בטעם טבעי 2,גרמים,225.00,100 גרם,false,,14.90,6.6222,true,1,25929
7290004129156,false,נפוליאון שום שמיר 25,,,נפוליאון שום שמיר 25,גרמים,225.00,100 גרם,false,,14.90,6.6222,true,1,25931
7290004130695,false,משקאות חלב תנובה איי,,,משקאות חלב תנובה איי,ליטרים,1.00,ליטר,false,,12.90,12.9000,true,1,25937
7290004130794,false,סויה תנובה טבעי במתי,,,סויה תנובה טבעי במתי,ליטרים,1.00,ליטר,false,,9.90,9.9000,true,1,25938
7290004131074,false,חלב תנובה הומוגני מה,,,חלב תנובה הומוגני מה,ליטרים,1.00,ליטר,false,,6.23,6.2300,true,1,25941
7290004131814,false,פיראוס צפתית מעודנת,,,פיראוס צפתית מעודנת,גרמים,200.00,100 גרם,false,,13.90,6.9500,true,1,25949
7290004132552,false,סויה תנובה לייט בטעם,,,סויה תנובה לייט בטעם,ליטרים,1.00,ליטר,false,,9.90,9.9000,true,1,25956
7290004135072,false,קרלו מיני שוקולד בדץ,,,קרלו מיני שוקולד בדץ,מיליליטרים,800.00,"100 מ""ל",false,,13.90,1.7375,true,1,25971
7290004135119,false,קרלו מיני וניל בדץ 8,,,קרלו מיני וניל בדץ 8,מיליליטרים,800.00,"100 מ""ל",false,,13.90,1.7375,true,1,25972
7290004135225,false,מעדן תנובה דיאט שוקו,,,מעדן תנובה דיאט שוקו,מיליליטרים,150.00,"100 מ""ל",false,,3.90,2.6000,true,1,25973
7290004136154,false,משקאות חלב תנובה איי,,,משקאות חלב תנובה איי,מיליליטרים,340.00,"100 מ""ל",false,,6.90,2.0294,true,1,25978
7290004136598,false,מארז הפסקת אוכל חלב,,,מארז הפסקת אוכל חלב,גרמים,150.00,100 גרם,false,,9.50,6.3333,true,1,25982
7290004136857,false,ג'לי תנובה פטל 125מל,,,ג'לי תנובה פטל 125מל,מיליליטרים,125.00,"100 מ""ל",false,,2.50,2.0000,true,1,25983
7290004136871,false,ג'לי תנובה אפרסק עם,,,ג'לי תנובה אפרסק עם,מיליליטרים,125.00,"100 מ""ל",false,,2.90,2.3200,true,1,25985
7290004137021,false,שף לבן שמנת לבישול 1,,,שף לבן שמנת לבישול 1,מיליליטרים,250.00,"100 מ""ל",false,,7.90,3.1600,true,1,25987
7290004150167,false,"סלט תפו""א במיונז 300",,,"סלט תפו""א במיונז 300",גרמים,300.00,100 גרם,false,,14.90,4.9667,true,1,425336
7290004150198,false,סלק מגורד 300 גרם,,,סלק מגורד 300 גרם,גרמים,300.00,100 גרם,false,,14.90,4.9667,true,1,425339
7290004150204,false,סלט מטבוחה 300 גרם,,,סלט מטבוחה 300 גרם,גרמים,300.00,100 גרם,false,,14.90,4.9667,true,1,425340
7290004150266,false,סלט קטניות צבעוני 30,,,סלט קטניות צבעוני 30,גרמים,300.00,100 גרם,false,,14.90,4.9667,true,1,425345
7290004199074,false,סאני פלסטר אינטרסן 5,,,סאני פלסטר אינטרסן 5,100 יח',50.00,100 יח',false,,6.90,13.8000,true,1,883
7290004199579,false,סאני פלסטר אינטרסן 1,,,סאני פלסטר אינטרסן 1,יחידה,0.00,יחידה,false,,9.90,0.0000,true,1,895
7290004199777,false,צימרוני אוזניים כוטו,,,צימרוני אוזניים כוטו,יחידה,0.00,יחידה,false,,7.90,0.0000,true,1,896
7290004492274,false,טבעות מלוחות 400 גר,,,טבעות מלוחות 400 גר,גרמים,400.00,100 גרם,false,,10.90,2.7250,true,1,10381
7290004492762,false,נשנושים תירס 325 גר,,,נשנושים תירס 325 גר,גרמים,325.00,100 גרם,false,,11.90,3.6615,true,1,10386
7290004537241,false,אפונת גינה קפואה 800,,,אפונת גינה קפואה 800,גרמים,800.00,100 גרם,false,,11.90,1.4875,true,1,51517
7290004554330,false,אסקימו דובדבן,,,אסקימו דובדבן,יחידה,0.00,יחידה,false,,1.90,0.0000,true,1,4244
7290004554781,false,אסקימו לימון,,,אסקימו לימון,יחידה,0.00,יחידה,false,,1.90,0.0000,true,1,4249
7290004554903,false,פנטסיה שוקו וניל פרו,,,פנטסיה שוקו וניל פרו,מיליליטרים,900.00,"100 מ""ל",false,,26.70,2.9667,true,1,4251
7290004584306,false,גמדים תות בננה 4*100,,,גמדים תות בננה 4*100,מיליליטרים,400.00,"100 מ""ל",false,,10.90,2.7250,true,1,23292
7290004584528,false,דנונה יוגורט טבעי 1.,,,דנונה יוגורט טבעי 1.,מיליליטרים,200.00,"100 מ""ל",false,,3.70,1.8500,true,1,23294
7290004603175,false,מלח ים האדום גס הארץ,,,מלח ים האדום גס הארץ,גרמים,500.00,100 גרם,false,,7.90,1.5800,true,1,24647
7290004731083,false,אלסבון ג'נסנג כיף 1,,,אלסבון ג'נסנג כיף 1,ליטרים,1.00,ליטר,false,,12.90,12.9000,true,1,29868
7290004872069,false,קרחון לימון,,,קרחון לימון,יחידה,0.00,יחידה,false,,2.90,0.0000,true,1,16095
7290004872243,false,בננה מצופה- מועשר בס,,,בננה מצופה- מועשר בס,יחידה,0.00,יחידה,false,,5.00,0.0000,true,1,16097
7290004872250,false,אבטיח שרבט,,,אבטיח שרבט,גרמים,540.00,100 גרם,false,,4.90,0.9074,true,1,16098
7290004872359,false,קרחון דובדבן,,,קרחון דובדבן,יחידה,0.00,יחידה,false,,2.90,0.0000,true,1,16099
7290004872731,false,אקסטרים וניל,,,אקסטרים וניל,יחידה,0.00,יחידה,false,,6.90,0.0000,true,1,16100
7290004944032,false,חומוס אסלי 400 גר,,,חומוס אסלי 400 גר,גרמים,400.00,100 גרם,false,,10.90,2.7250,true,1,17699
7290004944049,false,טחינה אסלי 400 גרם,,,טחינה אסלי 400 גרם,גרמים,400.00,100 גרם,false,,10.90,2.7250,true,1,17700
7290005008481,false,דאודורנט ג'ל ספורט ס,,,דאודורנט ג'ל ספורט ס,גרמים,85.00,100 גרם,false,,26.90,31.6471,true,1,21478
7290005084355,false,משחת שיניים דואל קר,,,משחת שיניים דואל קר,מיליליטרים,75.00,"100 מ""ל",false,,21.90,29.2000,true,1,3815
7290005113222,false,זיתים מיקס יבנה 540,,,זיתים מיקס יבנה 540,גרמים,340.00,100 גרם,false,,9.90,2.9118,true,1,44738
7290005168253,false,קליל יין לקידוש 750,,,קליל יין לקידוש 750,מיליליטרים,750.00,"100 מ""ל",false,,15.20,2.0267,true,1,11957
7290005168284,false,"גן עדן 750 מ""ל",,,"גן עדן 750 מ""ל",מיליליטרים,750.00,"100 מ""ל",false,,19.90,2.6533,true,1,11958
7290005168314,false,יין אצילים אדום מתוק,,,יין אצילים אדום מתוק,מיליליטרים,750.00,"100 מ""ל",false,,15.50,2.0667,true,1,11960
7290005174513,false,חציל במיונז אחלה 500,,,חציל במיונז אחלה 500,גרמים,500.00,100 גרם,false,,15.90,3.1800,true,1,23296
7290005174551,false,אחלה חומוס 125ג,,,אחלה חומוס 125ג,גרמים,125.00,100 גרם,false,,4.90,3.9200,true,1,23297
7290005174575,false,אחלה טחינה 125גר,,,אחלה טחינה 125גר,גרמים,125.00,100 גרם,false,,4.90,3.9200,true,1,23299
7290005197758,false,חיוכים של שוקו,,,חיוכים של שוקו,גרמים,150.00,100 גרם,false,,5.50,3.6667,true,1,22235
7290005199288,false,מאסט פטל לימון 28 גר,,,מאסט פטל לימון 28 גר,גרמים,28.00,100 גרם,false,,3.90,13.9286,true,1,22238
7290005200786,false,תפוציפס שמנת ובצל 50,,,תפוציפס שמנת ובצל 50,גרמים,50.00,100 גרם,false,,4.30,8.6000,true,1,24156
7290005201882,false,טורקי עלית 200 גר',,,טורקי עלית 200 גר',גרמים,200.00,100 גרם,false,,15.90,7.9500,true,1,22246
7290005287206,false,טונה בשמן סטארקיסט ר,,,טונה בשמן סטארקיסט ר,גרמים,640.00,100 גרם,false,,26.90,4.2031,true,1,26648
7290005287213,false,טונה בשמן סטארקיסט ב,,,טונה בשמן סטארקיסט ב,גרמים,640.00,100 גרם,false,,26.90,4.2031,true,1,26649
7290005287251,false,טונה במים סטארקיסט ר,,,טונה במים סטארקיסט ר,גרמים,640.00,100 גרם,false,,26.90,4.2031,true,1,26651
7290005287930,false,טונה במים סטארקיסט ב,,,טונה במים סטארקיסט ב,גרמים,640.00,100 גרם,false,,26.90,4.2031,true,1,26670
7290005326585,false,אוליביה פסטו בזיליקו,,,אוליביה פסטו בזיליקו,גרמים,180.00,100 גרם,false,,12.90,7.1667,true,1,25995
7290005384851,false,מיץ לימון משומר וילי,,,מיץ לימון משומר וילי,מיליליטרים,200.00,"100 מ""ל",false,,3.90,1.9500,true,1,2900
7290005403989,false,במיה קפואה 600 גרם ש,,,במיה קפואה 600 גרם ש,גרמים,600.00,100 גרם,false,,10.90,1.8167,true,1,51531
7290005423253,false,סנו מקסימה למייבש או,,,סנו מקסימה למייבש או,מיליליטרים,750.00,"100 מ""ל",false,,19.90,2.6533,true,1,29893
7290005423635,false,נוזל לניקוי רצפות דו,,,נוזל לניקוי רצפות דו,ליטרים,2.00,ליטר,false,,21.90,10.9500,true,1,29905
7290005423734,false,מרכך כביסה סנו מקסימ,,,מרכך כביסה סנו מקסימ,ליטרים,4.00,ליטר,false,,22.90,5.7250,true,1,29906
7290005423871,false,משחת שיניים אורביטול,,,משחת שיניים אורביטול,גרמים,435.00,100 גרם,false,,16.90,3.8851,true,1,29908
7290005424700,false,פורטה פלוס - קצף ברי,,,פורטה פלוס - קצף ברי,מיליליטרים,1.00,"100 מ""ל",false,,17.90,1790.0000,true,1,29921
7290005424847,false,סנו סופט מפיות 30*30,,,סנו סופט מפיות 30*30,יחידה,0.00,יחידה,false,,7.90,0.0000,true,1,29927
7290005425202,false,אבקת כביסה סנו מקסימ,,,אבקת כביסה סנו מקסימ,קילוגרמים,2.50,"ק""ג",false,,26.90,10.7600,true,1,29936
7290005426964,false,סנובון כחול שלישיה ב,,,סנובון כחול שלישיה ב,גרמים,165.00,100 גרם,false,,17.90,10.8485,true,1,29969
7290005427107,false,סנו סושי מגבות הפלא,,,סנו סושי מגבות הפלא,מטרים,63.50,מטר,false,,11.90,0.1874,true,1,29971
7290005429279,false,אבקת כביסה סנו מקסימ,,,אבקת כביסה סנו מקסימ,קילוגרמים,6.00,"ק""ג",false,,49.90,8.3167,true,1,30010
7290005429286,false,אבקת כביסה סנו מקסימ,,,אבקת כביסה סנו מקסימ,קילוגרמים,6.00,"ק""ג",false,,49.90,8.3167,true,1,30011
7290005430602,false,סנו אוקסיג'ן מסיר כת,,,סנו אוקסיג'ן מסיר כת,מיליליטרים,750.00,"100 מ""ל",false,,17.90,2.3867,true,1,30015
7290005437540,false,פיטריות חתוכות טעמן,,,פיטריות חתוכות טעמן,גרמים,290.00,100 גרם,false,,4.50,1.5517,true,1,9592
7290005559990,false,בצק פילאס תורכי מעדנ,,,בצק פילאס תורכי מעדנ,גרמים,600.00,100 גרם,false,,21.90,3.6500,true,1,35619
7290005576010,false,חסה מהדרין,,,חסה מהדרין,יח',1.00,יח',false,,7.90,7.9000,true,1,44776
7290005576027,false,פטרוזיליה גלאט עלים,,,פטרוזיליה גלאט עלים,יח',1.00,יח',false,,6.90,6.9000,true,1,44777
7290005576034,false,כוסברה מהדרין,,,כוסברה מהדרין,יח',1.00,יח',false,,6.90,6.9000,true,1,44778
7290005576041,false,שמיר מהדרין,,,שמיר מהדרין,יח',1.00,יח',false,,6.90,6.9000,true,1,44779
7290005576065,false,סלרי מהדרין,,,סלרי מהדרין,יח',1.00,יח',false,,7.90,7.9000,true,1,44781
7290005576072,false,מנגולד מהדרין,,,מנגולד מהדרין,יח',1.00,יח',false,,7.90,7.9000,true,1,44782
7290005576089,false,בצל ירוק מהדרין,,,בצל ירוק מהדרין,יח',1.00,יח',false,,7.90,7.9000,true,1,44783
7290005576096,false,כרוב לבן גלאט,,,כרוב לבן גלאט,קילוגרמים,1.00,"ק""ג",true,,15.90,15.9000,true,1,44767
7290005576164,false,עשבי תיבול מהדרין,,,עשבי תיבול מהדרין,יח',1.00,יח',false,,8.90,8.9000,true,1,44787
7290005576201,false,כרוב לבן קצוץ 400 גר,,,כרוב לבן קצוץ 400 גר,גרמים,400.00,100 גרם,false,,12.90,3.2250,true,1,44789
7290005576218,false,כרוב אדום 400 גרם,,,כרוב אדום 400 גרם,גרמים,400.00,100 גרם,false,,12.90,3.2250,true,1,44790
7290005576225,false,קולסלאו 400 גרם בדץ,,,קולסלאו 400 גרם בדץ,גרמים,400.00,100 גרם,false,,12.90,3.2250,true,1,20481
7290005576348,false,גזרדק דק 250 גרם,,,גזרדק דק 250 גרם,גרמים,250.00,100 גרם,false,,7.90,3.1600,true,1,44798
7290005576614,false,סלק בוואקום גלאט עלי,,,סלק בוואקום גלאט עלי,יח',1.00,יח',false,,7.90,7.9000,true,1,44801
7290005576768,false,עלי סלק גלאט עלי טבע,,,עלי סלק גלאט עלי טבע,גרמים,300.00,100 גרם,false,,7.90,2.6333,true,1,117801
7290005610011,false,תפו`א אדום דוד משה,,,תפו`א אדום דוד משה,קילוגרמים,1.00,"ק""ג",true,,5.90,5.9000,true,1,50903
7290005838002,false,דניאלה מעדן גבינה 15,,,דניאלה מעדן גבינה 15,מיליליטרים,150.00,"100 מ""ל",false,,4.30,2.8667,true,1,23301
7290005839078,false,דנונה ביו מארז חסכון,,,דנונה ביו מארז חסכון,קילוגרמים,1.20,"ק""ג",false,,17.90,14.9167,true,1,23304
7290005854040,false,אסקימו משמש,,,אסקימו משמש,יחידה,0.00,יחידה,false,,1.90,0.0000,true,1,4253
7290005938245,false,פרסקו ממרח מצונן פסט,,,פרסקו ממרח מצונן פסט,גרמים,220.00,100 גרם,false,,19.90,9.0455,true,1,17089
7290006065049,false,פילה באס יפני 7-9 20,,,פילה באס יפני 7-9 20,קילוגרמים,1.00,"ק""ג",true,,41.90,41.9000,true,1,179843
7290006065179,false,סטייק טונה קפוא בואק,,,סטייק טונה קפוא בואק,קילוגרמים,1.00,"ק""ג",true,,39.90,39.9000,true,1,133682
7290006065407,false,נתחי פילה  נסיכת הני,,,נתחי פילה  נסיכת הני,קילוגרמים,1.00,"ק""ג",true,,46.90,46.9000,true,1,179828
7290006229069,false,ג`אמפ ענבים 1.5 ליטר,,,ג`אמפ ענבים 1.5 ליטר,ליטרים,1.50,ליטר,false,,7.20,4.8000,true,1,9405
7290006229588,false,איגל בירה פחית זהב 5,,,איגל בירה פחית זהב 5,מיליליטרים,500.00,"100 מ""ל",false,,5.90,1.1800,true,1,9409
7290006241191,false,אגוזי מלך 150 גרם קל,,,אגוזי מלך 150 גרם קל,גרמים,150.00,100 גרם,false,,17.90,11.9333,true,1,12798
7290006251107,false,תה מסאלה ויסוצקי 2/2,,,תה מסאלה ויסוצקי 2/2,גרמים,50.00,100 גרם,false,,20.90,41.8000,true,1,24648
7290006251275,false,תה ירוק סיני,,,תה ירוק סיני,גרמים,37.50,100 גרם,false,,26.90,71.7333,true,1,24650
7290006251374,false,תה ירוק לימונית וג'י,,,תה ירוק לימונית וג'י,גרמים,25.00,100 גרם,false,,26.90,107.6000,true,1,24653
7290006251589,false,תה ירוק עם עלי נענע,,,תה ירוק עם עלי נענע,גרמים,75.00,100 גרם,false,,46.90,62.5333,true,1,24654
7290006342447,false,גרעיני אבטיח 200  גר,,,גרעיני אבטיח 200  גר,גרמים,200.00,100 גרם,false,,12.90,6.4500,true,1,4625
7290006342560,false,בוטן אמריקאי 200 גרם,,,בוטן אמריקאי 200 גרם,גרמים,200.00,100 גרם,false,,7.90,3.9500,true,1,4630
7290006374738,false,קונפיטורת תות יד מור,,,קונפיטורת תות יד מור,גרמים,340.00,100 גרם,false,,13.90,4.0882,true,1,22254
7290006511157,false,פטריות שלמות שמפיניו,,,פטריות שלמות שמפיניו,גרמים,230.00,100 גרם,false,,6.90,3.0000,true,1,2904
7290006511751,false,פטריות חתוכות ויליפו,,,פטריות חתוכות ויליפו,גרמים,870.00,100 גרם,false,,13.00,1.4943,true,1,2907
7290006567048,false,קוסקוס ישראלי בשקית,,,קוסקוס ישראלי בשקית,גרמים,350.00,100 גרם,false,,8.90,2.5429,true,1,18703
7290006652027,false,במבה יום הולדת מאח.1,,,במבה יום הולדת מאח.1,גרמים,300.00,100 גרם,false,,24.90,8.3000,true,1,18708
7290006653765,false,פטוציני פרפקטו 500 ג,,,פטוציני פרפקטו 500 ג,גרמים,500.00,100 גרם,false,,6.90,1.3800,true,1,18710
7290006653819,false,קוסקוס דק בשקית אסם,,,קוסקוס דק בשקית אסם,גרמים,350.00,100 גרם,false,,8.90,2.5429,true,1,18711
7290006664051,false,אקטימל טבעי 14*100מל,,,אקטימל טבעי 14*100מל,ליטרים,1.40,ליטר,false,,32.90,23.5000,true,1,23310
7290006664402,false,שטראוס גבינה 5% 750ג,,,שטראוס גבינה 5% 750ג,גרמים,750.00,100 גרם,false,,12.90,1.7200,true,1,23314
7290006664655,false,אקטימל טבעי 8*100מל,,,אקטימל טבעי 8*100מל,מיליליטרים,800.00,"100 מ""ל",false,,19.90,2.4875,true,1,23317
7290006664990,false,דנונה ביו מארז חיסכו,,,דנונה ביו מארז חיסכו,קילוגרמים,1.20,"ק""ג",false,,17.90,14.9167,true,1,23320
7290006681003,false,קרמיסימו תות לימון ס,,,קרמיסימו תות לימון ס,ליטרים,1.33,ליטר,false,,20.90,15.7143,true,1,4256
7290006737854,false,מרשמלו 150 גרם.,,,מרשמלו 150 גרם.,גרמים,150.00,100 גרם,false,,5.90,3.9333,true,1,13157
7290006739131,false,זוגלובק בצק פילו 500,,,זוגלובק בצק פילו 500,גרמים,500.00,100 גרם,false,,17.90,3.5800,true,1,38959
7290006739445,false,שניצל תירס קלאסי 750,,,שניצל תירס קלאסי 750,גרמים,750.00,100 גרם,false,,22.90,3.0533,true,1,38969
7290006764072,false,גולדסטאר בירה בק חוז,,,גולדסטאר בירה בק חוז,מיליליטרים,500.00,"100 מ""ל",false,,7.90,1.5800,true,1,9412
7290006765895,false,בוטן קלוי בקליפה 200,,,בוטן קלוי בקליפה 200,גרמים,200.00,100 גרם,false,,7.90,3.9500,true,1,4645
7290006775016,false,עוגת תפוז מבית טוב 4,,,עוגת תפוז מבית טוב 4,גרמים,450.00,100 גרם,false,,10.90,2.4222,true,1,688
7290006775023,false,עוגת אנגלית מבית טוב,,,עוגת אנגלית מבית טוב,גרמים,450.00,100 גרם,false,,10.90,2.4222,true,1,689
7290006775030,false,עוגת שוקו-ציפס מבית,,,עוגת שוקו-ציפס מבית,גרמים,450.00,100 גרם,false,,10.90,2.4222,true,1,690
7290006775047,false,עוגת שוקולד מבית טוב,,,עוגת שוקולד מבית טוב,גרמים,450.00,100 גרם,false,,10.90,2.4222,true,1,691
7290006775054,false,עוגת שיש מבית טוב 45,,,עוגת שיש מבית טוב 45,גרמים,450.00,100 גרם,false,,10.90,2.4222,true,1,692
7290006775085,false,עוגת שמרים שוקולד אח,,,עוגת שמרים שוקולד אח,גרמים,400.00,100 גרם,false,,10.90,2.7250,true,1,694
7290006775764,false,עוגת שוקוצ'יפס ללא ת,,,עוגת שוקוצ'יפס ללא ת,גרמים,400.00,100 גרם,false,,11.90,2.9750,true,1,704
7290006866363,false,פרימור מיץ אשכולית א,,,פרימור מיץ אשכולית א,ליטרים,1.00,ליטר,false,,15.90,15.9000,true,1,23321
7290006983176,false,לחמית שיפון אסם 250,,,לחמית שיפון אסם 250,גרמים,230.00,100 גרם,false,,8.70,3.7826,true,1,18715
7290006983770,false,עוגת הבית שיש 400גר,,,עוגת הבית שיש 400גר,גרמים,400.00,100 גרם,false,,14.90,3.7250,true,1,18720
7290006983787,false,עוגת הבית שוקוציפס 4,,,עוגת הבית שוקוציפס 4,גרמים,400.00,100 גרם,false,,14.90,3.7250,true,1,18721
7290006983794,false,עוגת הבית תפוז 400גר,,,עוגת הבית תפוז 400גר,גרמים,400.00,100 גרם,false,,14.90,3.7250,true,1,18722
7290006992161,false,מטרנה דייסת קורנפלור,,,מטרנה דייסת קורנפלור,גרמים,200.00,100 גרם,false,,13.90,6.9500,true,1,18724
7290006992390,false,מטרנה דייסת וניל פרו,,,מטרנה דייסת וניל פרו,גרמים,200.00,100 גרם,false,,13.90,6.9500,true,1,18728
7290008101318,false,פירורי לחם זהוב קלאס,,,פירורי לחם זהוב קלאס,גרמים,300.00,100 גרם,false,,6.90,2.3000,true,1,364148
7290008102469,false,פירורי לחם זהוב קלאס,,,פירורי לחם זהוב קלאס,גרמים,800.00,100 גרם,false,,12.90,1.6125,true,1,364178
7290008116541,false,מי פה ליסטרין בטעם מ,,,מי פה ליסטרין בטעם מ,מיליליטרים,500.00,"100 מ""ל",false,,24.90,4.9800,true,1,29468
7290008154222,false,שניצלונים עוף טוב 70,,,שניצלונים עוף טוב 70,גרמים,700.00,100 גרם,false,,19.90,2.8429,true,1,19766
7290008257718,false,רפידות הנקה זוג מבצע,,,רפידות הנקה זוג מבצע,יחידה,0.00,יחידה,false,,19.90,0.0000,true,1,1198
7290008330381,false,בדין דפי מרכך ורוד 4,,,בדין דפי מרכך ורוד 4,יחידה,0.00,יחידה,false,,18.90,0.0000,true,1,10407
7290008330398,false,בדין דפי מרכך כחול 4,,,בדין דפי מרכך כחול 4,יחידה,0.00,יחידה,false,,18.90,0.0000,true,1,10408
7290008343466,false,בצק פילו 500 גרם,,,בצק פילו 500 גרם,גרמים,500.00,100 גרם,false,,19.90,3.9800,true,1,17110
7290008347211,false,דלידג אצבעות דג 700,,,דלידג אצבעות דג 700,גרמים,700.00,100 גרם,false,,21.90,3.1286,true,1,17132
7290008415071,false,צבר חומוס עם טחינה 1,,,צבר חומוס עם טחינה 1,גרמים,150.00,100 גרם,false,,5.90,3.9333,true,1,19769
7290008415514,false,צבר סלט חומוס עם חרי,,,צבר סלט חומוס עם חרי,גרמים,150.00,100 גרם,false,,5.50,3.6667,true,1,19770
7290008464024,false,גולדסטאר לא מסונן פח,,,גולדסטאר לא מסונן פח,מיליליטרים,500.00,"100 מ""ל",false,,8.90,1.7800,true,1,9429
7290008464604,false,הייניקן בירה פח 500מ,,,הייניקן בירה פח 500מ,מיליליטרים,500.00,"100 מ""ל",false,,12.50,2.5000,true,1,9452
7290008464741,false,"גולדסטאר ח""פ בקבוק 6",,,"גולדסטאר ח""פ בקבוק 6",ליטרים,1.98,ליטר,false,,37.90,19.1414,true,1,9459
7290008464796,false,"הייניקן בקבוק ח""פ 6*",,,"הייניקן בקבוק ח""פ 6*",ליטרים,1.98,ליטר,false,,39.90,20.1515,true,1,9462
7290008470759,false,אורביט סטיקס ספירמינ,,,אורביט סטיקס ספירמינ,יחידה,0.00,יחידה,false,,15.90,0.0000,true,1,20763
7290008470766,false,אורביט סטיקס בטעם פפ,,,אורביט סטיקס בטעם פפ,יחידה,0.00,יחידה,false,,15.90,0.0000,true,1,20764
7290008634045,false,סאני פלסטר שקוף  30י,,,סאני פלסטר שקוף  30י,יחידה,0.00,יחידה,false,,6.90,0.0000,true,1,897
7290008634663,false,שלישיית בקבוקים גדול,,,שלישיית בקבוקים גדול,יחידה,0.00,יחידה,false,,16.90,0.0000,true,1,906
7290008636209,false,כורכום 300גרם צנצנת,,,כורכום 300גרם צנצנת,גרמים,300.00,100 גרם,false,,16.90,5.6333,true,1,15003
7290008636216,false,מיה אבקת שום 300ג,,,מיה אבקת שום 300ג,גרמים,300.00,100 גרם,false,,16.90,5.6333,true,1,15004
7290008636339,false,מחית תפוחי אדמה פירה,,,מחית תפוחי אדמה פירה,גרמים,400.00,100 גרם,false,,9.90,2.4750,true,1,15005
7290008636919,false,קקאו הולנדי 200 גרם,,,קקאו הולנדי 200 גרם,גרמים,200.00,100 גרם,false,,14.90,7.4500,true,1,15015
7290008636926,false,קקאו הולנדי 500גר. ב,,,קקאו הולנדי 500גר. ב,גרמים,500.00,100 גרם,false,,17.90,3.5800,true,1,15016
7290008636933,false,אגוז מלך גרוסים 100,,,אגוז מלך גרוסים 100,גרמים,100.00,100 גרם,false,,12.80,12.8000,true,1,15017
7290008636988,false,מיה גרעיני חמניות קל,,,מיה גרעיני חמניות קל,גרמים,100.00,100 גרם,false,,3.90,3.9000,true,1,15022
7290008636995,false,מיה גרעיני דלעת קלופ,,,מיה גרעיני דלעת קלופ,גרמים,100.00,100 גרם,false,,9.10,9.1000,true,1,15023
7290008644112,false,אחלה מטבוחה 125ג,,,אחלה מטבוחה 125ג,גרמים,125.00,100 גרם,false,,4.90,3.9200,true,1,23322
7290008690713,false,אושן ספרי חמוציות 1ל,,,אושן ספרי חמוציות 1ל,ליטרים,1.00,ליטר,false,,12.90,12.9000,true,1,6982
7290008693134,false,דניאלה תות מעדן גבינ,,,דניאלה תות מעדן גבינ,מיליליטרים,150.00,"100 מ""ל",false,,4.30,2.8667,true,1,23327
7290008745239,false,תפוציפס קראנץ טבעי 5,,,תפוציפס קראנץ טבעי 5,גרמים,50.00,100 גרם,false,,4.30,8.6000,true,1,24158
7290008750264,false,מאסט דובדבן 28ג,,,מאסט דובדבן 28ג,גרמים,28.00,100 גרם,false,,3.90,13.9286,true,1,22265
7290008754415,false,מאסט מנטה עדין 28 גר,,,מאסט מנטה עדין 28 גר,גרמים,28.00,100 גרם,false,,3.90,13.9286,true,1,22274
7290008754422,false,מאסט מנטה קלאסי 28ג,,,מאסט מנטה קלאסי 28ג,גרמים,28.00,100 גרם,false,,3.90,13.9286,true,1,22275
7290008775816,false,ערגליות שוקולד 300 ג,,,ערגליות שוקולד 300 ג,גרמים,300.00,100 גרם,false,,9.90,3.3000,true,1,18731
7290008775823,false,ערגליות תות שדה 300,,,ערגליות תות שדה 300,גרמים,300.00,100 גרם,false,,9.90,3.3000,true,1,18732
7290008792264,false,מפיות טאצ' 100,,,מפיות טאצ' 100,יחידה,0.00,יחידה,false,,4.90,0.0000,true,1,24451
7290008801522,false,יין קונקורד קינג דיו,,,יין קונקורד קינג דיו,מיליליטרים,750.00,"100 מ""ל",false,,21.90,2.9200,true,1,519
7290008801843,false,יין סלקטד קברנה סובנ,,,יין סלקטד קברנה סובנ,מיליליטרים,750.00,"100 מ""ל",false,,29.90,3.9867,true,1,522
7290008802512,false,יין וינו אדום יבש,,,יין וינו אדום יבש,מיליליטרים,750.00,"100 מ""ל",false,,21.90,2.9200,true,1,525
7290008806985,false,קרמיסימו נישנושים ש.,,,קרמיסימו נישנושים ש.,גרמים,630.00,100 גרם,false,,50.90,8.0794,true,1,4273
7290008909853,false,קוקה קולה זירו 500 מ,,,קוקה קולה זירו 500 מ,מיליליטרים,500.00,"100 מ""ל",false,,7.90,1.5800,true,1,6998
7290008909884,false,קוקה קולה ZERO קלאסי,,,קוקה קולה ZERO קלאסי,מיליליטרים,350.00,"100 מ""ל",false,,6.90,1.9714,true,1,7001
7290008975551,false,מטרנה מהדרין  שלב 3,,,מטרנה מהדרין  שלב 3,גרמים,700.00,100 גרם,false,,49.90,7.1286,true,1,18736
7290009018004,false,פיקדון בקבוק/פחית בו,,,פיקדון בקבוק/פחית בו,יחידה,0.00,יחידה,false,,0.30,0.0000,true,1,66
7290009018011,false,פיקדון בקבוק/פחיות ש,,,פיקדון בקבוק/פחיות ש,יחידה,0.00,יחידה,false,,1.80,0.0000,true,1,64
7290009018264,false,פיקדון בקבוק/פחית רב,,,פיקדון בקבוק/פחית רב,יחידה,0.00,יחידה,false,,1.20,0.0000,true,1,105
7290010002023,false,מימון כורכום הודי טח,,,מימון כורכום הודי טח,גרמים,100.00,100 גרם,false,,12.90,12.9000,true,1,245
7290010002030,false,מימון כמון במיכל 100,,,מימון כמון במיכל 100,גרמים,100.00,100 גרם,false,,12.90,12.9000,true,1,246
7290010002047,false,מימון מלח לימון במיכ,,,מימון מלח לימון במיכ,גרמים,200.00,100 גרם,false,,9.50,4.7500,true,1,247
7290010002061,false,מימון פלפל לבן טחון,,,מימון פלפל לבן טחון,גרמים,100.00,100 גרם,false,,17.50,17.5000,true,1,249
7290010002078,false,מימון פלפל שחור טחון,,,מימון פלפל שחור טחון,גרמים,100.00,100 גרם,false,,14.50,14.5000,true,1,250
7290010002092,false,מימון פלפל שחור גרוס,,,מימון פלפל שחור גרוס,גרמים,90.00,100 גרם,false,,14.50,16.1111,true,1,252
7290010002108,false,מימון פלפל שחור גרוס,,,מימון פלפל שחור גרוס,גרמים,90.00,100 גרם,false,,14.50,16.1111,true,1,253
7290010002146,false,מימון פפריקה מרוקאית,,,מימון פפריקה מרוקאית,גרמים,100.00,100 גרם,false,,12.90,12.9000,true,1,257
7290010002207,false,מימון קינמון טחון במ,,,מימון קינמון טחון במ,גרמים,100.00,100 גרם,false,,9.50,9.5000,true,1,260
7290010002214,false,מימון צילי גרוס 80 ג,,,מימון צילי גרוס 80 ג,גרמים,80.00,100 גרם,false,,12.90,16.1250,true,1,261
7290010002320,false,מימון תיבול לגריל עו,,,מימון תיבול לגריל עו,גרמים,100.00,100 גרם,false,,12.90,12.9000,true,1,266
7290010002368,false,מימון תערובת חווג` ל,,,מימון תערובת חווג` ל,גרמים,100.00,100 גרם,false,,12.90,12.9000,true,1,270
7290010002375,false,מימון קארי 100 גרם,,,מימון קארי 100 גרם,גרמים,100.00,100 גרם,false,,12.90,12.9000,true,1,271
7290010002382,false,מימון אורגנו במיכל 4,,,מימון אורגנו במיכל 4,גרמים,40.00,100 גרם,false,,9.50,23.7500,true,1,272
7290010002498,false,מימון שום גבישי 120,,,מימון שום גבישי 120,גרמים,120.00,100 גרם,false,,14.50,12.0833,true,1,280
7290010002726,false,מימון תיבול לפרגיות,,,מימון תיבול לפרגיות,גרמים,100.00,100 גרם,false,,12.90,12.9000,true,1,283
7290010003686,false,מימון עלי דפנה שקית,,,מימון עלי דפנה שקית,גרמים,20.00,100 גרם,false,,5.90,29.5000,true,1,289
7290010003693,false,מימון פפריקה מתוקה ש,,,מימון פפריקה מתוקה ש,גרמים,80.00,100 גרם,false,,5.90,7.3750,true,1,290
7290010003709,false,מימון פלפל שחור טחון,,,מימון פלפל שחור טחון,גרמים,50.00,100 גרם,false,,7.90,15.8000,true,1,291
7290010003754,false,מימון כמון טחון שקית,,,מימון כמון טחון שקית,גרמים,50.00,100 גרם,false,,5.90,11.8000,true,1,292
7290010003761,false,מימון כורכום טחון שק,,,מימון כורכום טחון שק,גרמים,80.00,100 גרם,false,,5.90,7.3750,true,1,293
7290010003778,false,מימון תיבול לגריל עו,,,מימון תיבול לגריל עו,גרמים,80.00,100 גרם,false,,5.90,7.3750,true,1,294
7290010003792,false,מימון מלח לימון שקית,,,מימון מלח לימון שקית,גרמים,100.00,100 גרם,false,,5.90,5.9000,true,1,296
7290010003808,false,מימון זעתר ושומשום ש,,,מימון זעתר ושומשום ש,גרמים,80.00,100 גרם,false,,5.90,7.3750,true,1,297
7290010003839,false,מימון קינמון טחון שק,,,מימון קינמון טחון שק,גרמים,80.00,100 גרם,false,,5.90,7.3750,true,1,300
7290010060597,false,סרקל שמפו לילדים 1.2,,,סרקל שמפו לילדים 1.2,ליטרים,1.25,ליטר,false,,31.90,25.5200,true,1,271074
7290010065318,false,מחית פרינוק גוניור ת,,,מחית פרינוק גוניור ת,גרמים,190.00,100 גרם,false,,6.90,3.6316,true,1,3522
7290010065332,false,"פרינוק גוניור תפ""ע ב",,,"פרינוק גוניור תפ""ע ב",גרמים,190.00,100 גרם,false,,6.90,3.6316,true,1,3524
7290010065349,false,מחית פרינוק גוניור ס,,,מחית פרינוק גוניור ס,גרמים,190.00,100 גרם,false,,6.90,3.6316,true,1,3525
7290010065745,false,פרינוק ג'וניור לפתן,,,פרינוק ג'וניור לפתן,גרמים,190.00,100 גרם,false,,6.90,3.6316,true,1,3533
7290010066513,false,נתחי טונה בשמן צמחי,,,נתחי טונה בשמן צמחי,גרמים,632.00,100 גרם,false,,22.90,3.6234,true,1,26581
7290010066575,false,נתחי טונה במים פילטו,,,נתחי טונה במים פילטו,גרמים,632.00,100 גרם,false,,22.90,3.6234,true,1,26583
7290010066582,false,נתחי טונה בשמן קנולה,,,נתחי טונה בשמן קנולה,גרמים,632.00,100 גרם,false,,22.90,3.6234,true,1,26584
7290010116980,false,שוקולית 850 גרם,,,שוקולית 850 גרם,גרמים,850.00,100 גרם,false,,17.90,2.1059,true,1,22287
7290010117864,false,דוריטוס חריף אש 70 ג,,,דוריטוס חריף אש 70 ג,גרמים,70.00,100 גרם,false,,3.90,5.5714,true,1,24170
7290010118328,false,תפוצ'יפס טבעי 6*40 ג,,,תפוצ'יפס טבעי 6*40 ג,גרמים,240.00,100 גרם,false,,13.90,5.7917,true,1,24174
7290010129003,false,עוגיות אוזניים 600גר,,,עוגיות אוזניים 600גר,גרמים,600.00,100 גרם,false,,19.90,3.3167,true,1,20150
7290010129010,false,עוגיות ריבה 600גר,,,עוגיות ריבה 600גר,גרמים,600.00,100 גרם,false,,19.90,3.3167,true,1,20151
7290010129027,false,עוגיות מרוקאיות 600,,,עוגיות מרוקאיות 600,גרמים,600.00,100 גרם,false,,19.90,3.3167,true,1,20152
7290010129553,false,עוגיות רולדה תמרים 6,,,עוגיות רולדה תמרים 6,גרמים,600.00,100 גרם,false,,19.90,3.3167,true,1,20176
7290010129720,false,עוגיות שמרים שניק קי,,,עוגיות שמרים שניק קי,גרמים,400.00,100 גרם,false,,12.90,3.2250,true,1,20188
7290010129959,false,עוגיות שמרים רוגלעך,,,עוגיות שמרים רוגלעך,גרמים,400.00,100 גרם,false,,12.90,3.2250,true,1,20199
7290010153503,false,שעועית ענק 400 גרם,,,שעועית ענק 400 גרם,גרמים,400.00,100 גרם,false,,10.90,2.7250,true,1,15028
7290010153510,false,בורגול מיה 500 גרם,,,בורגול מיה 500 גרם,גרמים,500.00,100 גרם,false,,5.50,1.1000,true,1,15029
7290010153541,false,קוואקר מהיר להכנה מי,,,קוואקר מהיר להכנה מי,גרמים,500.00,100 גרם,false,,7.90,1.5800,true,1,15032
7290010153688,false,חומץ טבעי מיה 1 ליטר,,,חומץ טבעי מיה 1 ליטר,ליטרים,1.00,ליטר,false,,5.90,5.9000,true,1,15036
7290010153770,false,ציפוי לשניצל פיקנטי,,,ציפוי לשניצל פיקנטי,גרמים,500.00,100 גרם,false,,8.90,1.7800,true,1,15043
7290010153787,false,ציפוי לשניצל עם שום,,,ציפוי לשניצל עם שום,גרמים,500.00,100 גרם,false,,8.90,1.7800,true,1,15044
7290010153794,false,ציפוי לשניצל עם עשבי,,,ציפוי לשניצל עם עשבי,גרמים,500.00,100 גרם,false,,8.90,1.7800,true,1,15045
7290010153800,false,ציפוי לשניצל עם תיבו,,,ציפוי לשניצל עם תיבו,גרמים,500.00,100 גרם,false,,8.90,1.7800,true,1,15046
7290010153817,false,ריבת חלב מיה 400 גרם,,,ריבת חלב מיה 400 גרם,גרמים,400.00,100 גרם,false,,11.90,2.9750,true,1,15047
7290010153862,false,70 פלפל שחור גרוס,,,70 פלפל שחור גרוס,גרמים,70.00,100 גרם,false,,11.50,16.4286,true,1,15052
7290010154029,false,250 אריסה מתוקה ביטו,,,250 אריסה מתוקה ביטו,גרמים,250.00,100 גרם,false,,13.90,5.5600,true,1,17143
7290010154241,false,סלט חזרת ביטון 250 ג,,,סלט חזרת ביטון 250 ג,גרמים,250.00,100 גרם,false,,13.90,5.5600,true,1,17145
7290010154678,false,יוחאי ביטון אריסה מר,,,יוחאי ביטון אריסה מר,גרמים,250.00,100 גרם,false,,13.90,5.5600,true,1,17156
7290010154685,false,סלט שום כתוש 250 גר',,,סלט שום כתוש 250 גר',גרמים,250.00,100 גרם,false,,13.90,5.5600,true,1,17157
7290010175819,false,חמאת בוטנים 510גר,,,חמאת בוטנים 510גר,גרמים,510.00,100 גרם,false,,11.90,2.3333,true,1,9632
7290010176793,false,מארז קונוסי סודה 375,,,מארז קונוסי סודה 375,גרמים,375.00,100 גרם,false,,15.90,4.2400,true,1,9645
7290010192052,false,סלרי עלים (אמריקאי),,,סלרי עלים (אמריקאי),יח',1.00,יח',false,,5.90,5.9000,true,1,35562
7290010237685,false,היינקן בירה צואר ארו,,,היינקן בירה צואר ארו,מיליליטרים,330.00,"100 מ""ל",false,,9.90,3.0000,true,1,9477
7290010237890,false,הייניקן בירה בקבוק ח,,,הייניקן בירה בקבוק ח,מיליליטרים,500.00,"100 מ""ל",false,,9.90,1.9800,true,1,9482
7290010259007,false,עוגיות בישקוטים וניל,,,עוגיות בישקוטים וניל,גרמים,200.00,100 גרם,false,,7.00,3.5000,true,1,2916
7290010259830,false,נודלס בטעם סיני פיקנ,,,נודלס בטעם סיני פיקנ,גרמים,70.00,100 גרם,false,,4.90,7.0000,true,1,2924
7290010259847,false,נודלס טעם תירס מנת ה,,,נודלס טעם תירס מנת ה,גרמים,70.00,100 גרם,false,,4.90,7.0000,true,1,2925
7290010259861,false,נודלס בטעם ירקות מנת,,,נודלס בטעם ירקות מנת,גרמים,70.00,100 גרם,false,,4.90,7.0000,true,1,2927
7290010259977,false,שמן קנולה ויליפוד 1,,,שמן קנולה ויליפוד 1,ליטרים,1.00,ליטר,false,,10.90,10.9000,true,1,2931
7290010259991,false,"צנימים בד""ץ וילי פוד",,,"צנימים בד""ץ וילי פוד",גרמים,250.00,100 גרם,false,,8.50,3.4000,true,1,2932
7290010328505,false,חטיפי מיני חלבה ללא,,,חטיפי מיני חלבה ללא,גרמים,150.00,100 גרם,false,,10.90,7.2667,true,1,720
7290010328680,false,עוגת שוקלד ציפס 450,,,עוגת שוקלד ציפס 450,גרמים,450.00,100 גרם,false,,10.90,2.4222,true,1,727
7290010429554,false,שמן זית כתית מעולה 2,,,שמן זית כתית מעולה 2,מיליליטרים,750.00,"100 מ""ל",false,,38.90,5.1867,true,1,22292
7290010471669,false,דנונה קראנצ' יוגורט,,,דנונה קראנצ' יוגורט,מיליליטרים,175.00,"100 מ""ל",false,,4.90,2.8000,true,1,23328
7290010472390,false,מארז  דני  שוקולד 8*,,,מארז  דני  שוקולד 8*,מיליליטרים,1000.00,"100 מ""ל",false,,16.90,1.6900,true,1,23332
7290010617180,false,זוג מוצץ סיליקון מעו,,,זוג מוצץ סיליקון מעו,יחידה,0.00,יחידה,false,,18.90,0.0000,true,1,1213
7290010617241,false,זוג מוצץ קזינו,,,זוג מוצץ קזינו,יחידה,0.00,יחידה,false,,18.90,0.0000,true,1,1216
7290010617258,false,מוצץ קצר,,,מוצץ קצר,יחידה,0.00,יחידה,false,,18.90,0.0000,true,1,1217
7290010632121,false,כוס אימון עם פיה רכה,,,כוס אימון עם פיה רכה,יחידה,0.00,יחידה,false,,17.90,0.0000,true,1,916
7290010632787,false,צימרוני אוזניים עץ כ,,,צימרוני אוזניים עץ כ,יחידה,0.00,יחידה,false,,4.50,0.0000,true,1,940
7290010711253,false,מיקרופייבר ניקוי כלל,,,מיקרופייבר ניקוי כלל,יחידה,0.00,יחידה,false,,10.90,0.0000,true,1,13487
7290010718627,false,אל סבון נוזלי ירוק פ,,,אל סבון נוזלי ירוק פ,יחידה,0.00,יחידה,false,,9.90,0.0000,true,1,18143
7290010814251,false,שוקולד חלב אגו 3 יח',,,שוקולד חלב אגו 3 יח',גרמים,255.00,100 גרם,false,,10.90,4.2745,true,1,38602
7290010883370,false,סנו סושי זוג כפפות א,,,סנו סושי זוג כפפות א,יחידה,0.00,יחידה,false,,9.90,0.0000,true,1,30105
7290010903924,false,שניצל צמחי דק שף הטב,,,שניצל צמחי דק שף הטב,קילוגרמים,1.00,"ק""ג",false,,19.90,19.9000,true,1,202282
7290010931330,false,אחלה מטבוחה 500ג,,,אחלה מטבוחה 500ג,גרמים,500.00,100 גרם,false,,15.90,3.1800,true,1,23334
7290010945146,false,טרה קוטג מועשר 3% 25,,,טרה קוטג מועשר 3% 25,גרמים,250.00,100 גרם,false,,5.50,2.2000,true,1,6406
7290010945450,false,טרה גבינה לבנה מהדרי,,,טרה גבינה לבנה מהדרי,גרמים,250.00,100 גרם,false,,4.98,1.9920,true,1,6409
7290011017866,false,קוקה קולה פחית סליק,,,קוקה קולה פחית סליק,מיליליטרים,330.00,"100 מ""ל",false,,5.50,1.6667,true,1,7024
7290011017873,false,ZERO קולה פחית סליק,,,ZERO קולה פחית סליק,מיליליטרים,330.00,"100 מ""ל",false,,5.50,1.6667,true,1,7025
7290011017880,false,קולה דיאט פחית סליק,,,קולה דיאט פחית סליק,מיליליטרים,330.00,"100 מ""ל",false,,5.50,1.6667,true,1,7026
7290011081492,false,קרמיסימו שלושה שוקול,,,קרמיסימו שלושה שוקול,ליטרים,1.33,ליטר,false,,20.90,15.7143,true,1,4286
7290011081690,false,קרמיסימו פרווה שוקו,,,קרמיסימו פרווה שוקו,ליטרים,1.33,ליטר,false,,20.90,15.7143,true,1,4287
7290011126209,false,תה הגן הקסום תפוח וק,,,תה הגן הקסום תפוח וק,גרמים,55.00,100 גרם,false,,17.90,32.5455,true,1,24682
7290011126469,false,תה קמומיל ודבש 1.5גר,,,תה קמומיל ודבש 1.5גר,גרמים,37.50,100 גרם,false,,17.90,47.7333,true,1,24691
7290011126957,false,תה ירוק ארל גריי T.T,,,תה ירוק ארל גריי T.T,גרמים,37.50,100 גרם,false,,26.90,71.7333,true,1,24696
7290011153885,false,נייר אכיל לעוגה ממות,,,נייר אכיל לעוגה ממות,יחידה,0.00,יחידה,false,,18.90,0.0000,true,1,32251
7290011164539,false,זאזא טופי ממולא 600ג,,,זאזא טופי ממולא 600ג,גרמים,600.00,100 גרם,false,,14.90,2.4833,true,1,9652
7290011164546,false,זאזא טופי אטומיק ממו,,,זאזא טופי אטומיק ממו,גרמים,600.00,100 גרם,false,,14.90,2.4833,true,1,9653
7290011164553,false,זאזא טופי פירות 700,,,זאזא טופי פירות 700,גרמים,700.00,100 גרם,false,,14.90,2.1286,true,1,9654
7290011194246,false,קוטג שטראוס 5% עם סי,,,קוטג שטראוס 5% עם סי,גרמים,250.00,100 גרם,false,,5.90,2.3600,true,1,23336
7290011249748,false,גילרו רולים שוקו 100,,,גילרו רולים שוקו 100,גרמים,100.00,100 גרם,false,,3.90,3.9000,true,1,41296
7290011249755,false,רולים אגוז 100 גרם,,,רולים אגוז 100 גרם,גרמים,100.00,100 גרם,false,,3.90,3.9000,true,1,41297
7290011254018,false,שעועית מש 500 גרם,,,שעועית מש 500 גרם,גרמים,500.00,100 גרם,false,,9.90,1.9800,true,1,15059
7290011254032,false,קינואה 500 גרם,,,קינואה 500 גרם,גרמים,500.00,100 גרם,false,,12.90,2.5800,true,1,15061
7290011254070,false,פלפל שחור בשקית 50 ג,,,פלפל שחור בשקית 50 ג,גרמים,50.00,100 גרם,false,,8.50,17.0000,true,1,15065
7290011254087,false,קינמון בשקית מיה 80,,,קינמון בשקית מיה 80,גרמים,80.00,100 גרם,false,,4.00,5.0000,true,1,15066
7290011254094,false,כמון בשקית מיה 80 גר,,,כמון בשקית מיה 80 גר,גרמים,80.00,100 גרם,false,,4.00,5.0000,true,1,15067
7290011254100,false,כרכום שקית מיה 80 גר,,,כרכום שקית מיה 80 גר,גרמים,80.00,100 גרם,false,,4.00,5.0000,true,1,15068
7290011254117,false,פפריקה מתוקה שקית מי,,,פפריקה מתוקה שקית מי,גרמים,80.00,100 גרם,false,,4.00,5.0000,true,1,15069
7290011254148,false,אבקת שום שקית מיה 80,,,אבקת שום שקית מיה 80,גרמים,80.00,100 גרם,false,,6.90,8.6250,true,1,15072
7290011254155,false,מלח לימון שקית מיה 8,,,מלח לימון שקית מיה 8,גרמים,80.00,100 גרם,false,,4.00,5.0000,true,1,15073
7290011254179,false,גריל עוף שקית מיה 80,,,גריל עוף שקית מיה 80,גרמים,80.00,100 גרם,false,,4.00,5.0000,true,1,15075
7290011254193,false,שבבי שום מהדרין מיה,,,שבבי שום מהדרין מיה,גרמים,50.00,100 גרם,false,,6.90,13.8000,true,1,15077
7290011254209,false,גבישי שום מיה 80 גרם,,,גבישי שום מיה 80 גרם,גרמים,80.00,100 גרם,false,,6.90,8.6250,true,1,15078
7290011254230,false,תן צ'אפ טבעות 8 יח'*,,,תן צ'אפ טבעות 8 יח'*,גרמים,120.00,100 גרם,false,,7.90,6.5833,true,1,15079
7290011254254,false,שוקולד ציפס 300גר,,,שוקולד ציפס 300גר,גרמים,300.00,100 גרם,false,,9.90,3.3000,true,1,15081
7290011254452,false,סוכריות ללא סוכר מנט,,,סוכריות ללא סוכר מנט,גרמים,80.00,100 גרם,false,,5.90,7.3750,true,1,15089
7290011254469,false,סוכריות ללא סוכר לימ,,,סוכריות ללא סוכר לימ,גרמים,80.00,100 גרם,false,,5.90,7.3750,true,1,15090
7290011254476,false,סוכריות ללא סוכר תפו,,,סוכריות ללא סוכר תפו,גרמים,80.00,100 גרם,false,,5.90,7.3750,true,1,15091
7290011254490,false,סוכריות ללא סוכר טעם,,,סוכריות ללא סוכר טעם,גרמים,80.00,100 גרם,false,,5.90,7.3750,true,1,15093
7290011254728,false,ג'לטין טהור 25 גר' ב,,,ג'לטין טהור 25 גר' ב,גרמים,25.00,100 גרם,false,,10.90,43.6000,true,1,15100
7290011254803,false,סוכריות ג'לי טבעות 1,,,סוכריות ג'לי טבעות 1,גרמים,125.00,100 גרם,false,,6.50,5.2000,true,1,15105
7290011254810,false,סוכריות ג'לי דובונים,,,סוכריות ג'לי דובונים,גרמים,125.00,100 גרם,false,,6.50,5.2000,true,1,15106
7290011254827,false,סוכריות ג'לי פירות ק,,,סוכריות ג'לי פירות ק,גרמים,125.00,100 גרם,false,,6.50,5.2000,true,1,15107
7290011254841,false,סוכריות ג'לי חמוץ מו,,,סוכריות ג'לי חמוץ מו,גרמים,125.00,100 גרם,false,,6.50,5.2000,true,1,15109
7290011254858,false,סוכריות ג'לי גן חיות,,,סוכריות ג'לי גן חיות,גרמים,125.00,100 גרם,false,,6.50,5.2000,true,1,15110
7290011378233,false,בארכה בקטנה מאגדת ונ,,,בארכה בקטנה מאגדת ונ,גרמים,120.00,100 גרם,false,,11.90,9.9167,true,1,18739
7290011379018,false,פטריות צמד חמד,,,פטריות צמד חמד,גרמים,500.00,100 גרם,false,,17.90,3.5800,true,1,41525
7290011435226,false,דבש מפרחי בר לחיץ 65,,,דבש מפרחי בר לחיץ 65,גרמים,650.00,100 גרם,false,,34.90,5.3692,true,1,22293
7290011438142,false,יטבתה אייס קפה בבקבו,,,יטבתה אייס קפה בבקבו,מיליליטרים,350.00,"100 מ""ל",false,,6.50,1.8571,true,1,23342
7290011447359,false,מטרנה מהדרין שלב 1,,,מטרנה מהדרין שלב 1,גרמים,700.00,100 גרם,false,,49.90,7.1286,true,1,18757
7290011447373,false,מטרנה מהדרין שלב 2,,,מטרנה מהדרין שלב 2,גרמים,700.00,100 גרם,false,,49.90,7.1286,true,1,18758
7290011489533,false,בייגלה שמיניות מלח ה,,,בייגלה שמיניות מלח ה,גרמים,300.00,100 גרם,false,,6.90,2.3000,true,1,41300
7290011505806,false,קיסמי שיניים פלסטיק,,,קיסמי שיניים פלסטיק,יחידה,0.00,יחידה,false,,9.90,0.0000,true,1,964
7290011525712,false,קמיל בלו סנסיטיב לפנ,,,קמיל בלו סנסיטיב לפנ,יחידה,0.00,יחידה,false,,33.90,0.0000,true,1,29130
7290011598211,false,מנקה כללי אנטיקאלק 7,,,מנקה כללי אנטיקאלק 7,מיליליטרים,700.00,"100 מ""ל",false,,17.90,2.5571,true,1,30138
7290011598402,false,מרכך כביסה סנו מקסימ,,,מרכך כביסה סנו מקסימ,ליטרים,4.00,ליטר,false,,22.90,5.7250,true,1,30142
7290011599836,false,משפר אפיה רובינפלד 1,,,משפר אפיה רובינפלד 1,גרמים,100.00,100 גרם,false,,10.90,10.9000,true,1,36811
7290011615260,false,"עלי טורטיה בד""ץ וילי",,,"עלי טורטיה בד""ץ וילי",גרמים,540.00,100 גרם,false,,8.90,1.6481,true,1,2942
7290011732264,false,פרמידה סודה 36 יחי ש,,,פרמידה סודה 36 יחי ש,גרמים,432.00,100 גרם,false,,15.90,3.6806,true,1,9668
7290011732271,false,פירות סודה 32 יחידות,,,פירות סודה 32 יחידות,גרמים,432.00,100 גרם,false,,15.90,3.6806,true,1,9669
7290011732820,false,גרעיני תירס מתוק טעמ,,,גרעיני תירס מתוק טעמ,גרמים,340.00,100 גרם,false,,4.90,1.4412,true,1,9674
7290011732943,false,שקדי מרק טעמן 400 גר,,,שקדי מרק טעמן 400 גר,גרמים,400.00,100 גרם,false,,7.90,1.9750,true,1,9675
7290011800642,false,צבר מטבוחה מרוקאית 4,,,צבר מטבוחה מרוקאית 4,גרמים,400.00,100 גרם,false,,16.90,4.2250,true,1,19785
7290011800840,false,צבר רפי כהן טחינה בל,,,צבר רפי כהן טחינה בל,גרמים,400.00,100 גרם,false,,16.90,4.2250,true,1,19788
7290011877446,false,קרם נגד גירויים בייב,,,קרם נגד גירויים בייב,גרמים,100.00,100 גרם,false,,11.90,11.9000,true,1,30170
7290011877866,false,אבקת כביסה סנו מקסימ,,,אבקת כביסה סנו מקסימ,קילוגרמים,6.00,"ק""ג",false,,49.90,8.3167,true,1,30177
7290011977665,false,סרדינים ברוטב עגבניו,,,סרדינים ברוטב עגבניו,גרמים,125.00,100 גרם,false,,3.90,3.1200,true,1,9683
7290012001994,false,חרדל דיגון גרעינים 3,,,חרדל דיגון גרעינים 3,גרמים,350.00,100 גרם,false,,12.50,3.5714,true,1,5325
7290012025495,false,"טחינה אסלי 1 ק""ג",,,"טחינה אסלי 1 ק""ג",קילוגרמים,1.00,"ק""ג",false,,13.90,13.9000,true,1,17725
7290012025822,false,שמיר סלק אסלי 400 גר,,,שמיר סלק אסלי 400 גר,גרמים,400.00,100 גרם,false,,10.90,2.7250,true,1,17726
7290012086113,false,עגבניות שרי,,,עגבניות שרי,גרמים,500.00,100 גרם,false,,8.90,1.7800,true,1,50937
7290012116025,false,שמפו כיף פיות 750 מל,,,שמפו כיף פיות 750 מל,מיליליטרים,750.00,"100 מ""ל",false,,11.90,1.5867,true,1,30183
7290012116063,false,אל סבון כיף פיות בתמ,,,אל סבון כיף פיות בתמ,מיליליטרים,750.00,"100 מ""ל",false,,11.90,1.5867,true,1,30185
7290012116537,false,אבקת כביסה סנו מקסימ,,,אבקת כביסה סנו מקסימ,קילוגרמים,2.50,"ק""ג",false,,26.90,10.7600,true,1,30191
7290012117091,false,אבקת כביסה סנו מקסימ,,,אבקת כביסה סנו מקסימ,קילוגרמים,6.00,"ק""ג",false,,49.90,8.3167,true,1,30206
7290012117350,false,ריצפז פרש לילך לבנדר,,,ריצפז פרש לילך לבנדר,ליטרים,2.00,ליטר,false,,18.90,9.4500,true,1,30210
7290012117435,false,שמפו וג'ל רחצה אלוור,,,שמפו וג'ל רחצה אלוור,מיליליטרים,700.00,"100 מ""ל",false,,18.90,2.7000,true,1,30217
7290012117558,false,סנו מקסימה מרכך קומפ,,,סנו מקסימה מרכך קומפ,יחידה,0.00,יחידה,false,,18.90,0.0000,true,1,30221
7290012117732,false,מרכך כביסה סנו מקסימ,,,מרכך כביסה סנו מקסימ,ליטרים,4.00,ליטר,false,,22.90,5.7250,true,1,30229
7290012227592,false,זוגלובק חרמון כפרי+ת,,,זוגלובק חרמון כפרי+ת,גרמים,700.00,100 גרם,false,,35.90,5.1286,true,1,39034
7290012227608,false,זוגלובק כפרי חרמון+ב,,,זוגלובק כפרי חרמון+ב,גרמים,600.00,100 גרם,false,,35.90,5.9833,true,1,39035
7290012227615,false,מחפוד נקניקיות עוף ז,,,מחפוד נקניקיות עוף ז,גרמים,800.00,100 גרם,false,,27.90,3.4875,true,1,39036
7290012227622,false,זוגלובק פסטרמה בדבש,,,זוגלובק פסטרמה בדבש,גרמים,400.00,100 גרם,false,,21.90,5.4750,true,1,39037
7290012227738,false,סלמי תה מעושן מחפוד,,,סלמי תה מעושן מחפוד,גרמים,370.00,100 גרם,false,,19.90,5.3784,true,1,39041
7290012227776,false,פסטרמה הודו מחפוד זו,,,פסטרמה הודו מחפוד זו,גרמים,400.00,100 גרם,false,,21.90,5.4750,true,1,39044
7290012227783,false,זוגלובק נקניק תה מעו,,,זוגלובק נקניק תה מעו,גרמים,400.00,100 גרם,false,,19.90,4.9750,true,1,39045
7290012228407,false,נקניקיות ג'מבו מחפוד,,,נקניקיות ג'מבו מחפוד,קילוגרמים,1.50,"ק""ג",false,,40.90,27.2667,true,1,39069
7290012228766,false,קבנוס מחפוד זוגלובק,,,קבנוס מחפוד זוגלובק,גרמים,120.00,100 גרם,false,,11.90,9.9167,true,1,142734
7290012260827,false,שערות קדאיף  475 גרם,,,שערות קדאיף  475 גרם,גרמים,475.00,100 גרם,false,,14.90,3.1368,true,1,49341
7290012313240,false,מיקס זית ירוק וקלמטה,,,מיקס זית ירוק וקלמטה,גרמים,560.00,100 גרם,false,,10.90,1.9464,true,1,119899
7290012372100,false,קמח חיטה 80% רובינפל,,,קמח חיטה 80% רובינפל,קילוגרמים,1.00,"ק""ג",false,,10.90,10.9000,true,1,36812
7290012372117,false,קמח חיטה מלא 100% רו,,,קמח חיטה מלא 100% רו,קילוגרמים,1.00,"ק""ג",false,,10.90,10.9000,true,1,36813
7290012372124,false,קמח כוסמין 100% רובי,,,קמח כוסמין 100% רובי,קילוגרמים,1.00,"ק""ג",false,,16.90,16.9000,true,1,321632
7290012372155,false,קמח כוסמין 80% רובינ,,,קמח כוסמין 80% רובינ,קילוגרמים,1.00,"ק""ג",false,,16.90,16.9000,true,1,36815
7290012372209,false,קמח חיטה לבן מנופה ר,,,קמח חיטה לבן מנופה ר,קילוגרמים,1.00,"ק""ג",false,,7.90,7.9000,true,1,321605
7290012372247,false,קמח כוסמין לבן רובינ,,,קמח כוסמין לבן רובינ,קילוגרמים,1.00,"ק""ג",false,,16.90,16.9000,true,1,321633
7290012454172,false,סוכריות ללא סוכר בטע,,,סוכריות ללא סוכר בטע,גרמים,80.00,100 גרם,false,,5.90,7.3750,true,1,15121
7290012454189,false,סוכריות ללא סוכר מיה,,,סוכריות ללא סוכר מיה,גרמים,80.00,100 גרם,false,,5.90,7.3750,true,1,15122
7290012454196,false,סוכריות ללא סוכר בעט,,,סוכריות ללא סוכר בעט,גרמים,80.00,100 גרם,false,,5.90,7.3750,true,1,15123
7290012454578,false,מיה קישוט לעוגה בצנצ,,,מיה קישוט לעוגה בצנצ,גרמים,70.00,100 גרם,false,,4.90,7.0000,true,1,15129
7290012522581,false,טבעול שניצל תירס ללא,,,טבעול שניצל תירס ללא,גרמים,664.00,100 גרם,false,,19.90,2.9970,true,1,19798
7290012525452,false,אקסטרים שוקו וניל,,,אקסטרים שוקו וניל,גרמים,70.00,100 גרם,false,,6.90,9.8571,true,1,16108
7290012557972,false,עוגיות נמסות במילוי,,,עוגיות נמסות במילוי,גרמים,150.00,100 גרם,false,,5.90,3.9333,true,1,13198
7290012576607,false,ברקן יין פרמייר אדום,,,ברקן יין פרמייר אדום,מיליליטרים,750.00,"100 מ""ל",false,,26.90,3.5867,true,1,9525
7290012645112,false,יוגורט עיזים בדלי 75,,,יוגורט עיזים בדלי 75,מיליליטרים,750.00,"100 מ""ל",false,,18.90,2.5200,true,1,23355
7290012645297,false,סוסיא יוגורט עיזים ב,,,סוסיא יוגורט עיזים ב,מיליליטרים,150.00,"100 מ""ל",false,,5.90,3.9333,true,1,23361
7290012645389,false,חלב הארץ יוגורט ביו,,,חלב הארץ יוגורט ביו,ליטרים,1.00,ליטר,false,,21.90,21.9000,true,1,23364
7290012823602,false,נייר טואלט סופט סילק,,,נייר טואלט סופט סילק,מטרים,588.00,מטר,false,,33.90,0.0577,true,1,30272
7290012936937,false,מימון בהרט 40 גרם,,,מימון בהרט 40 גרם,גרמים,50.00,100 גרם,false,,12.90,25.8000,true,1,354
7290012962943,false,כפפות ניטריל סייף טא,,,כפפות ניטריל סייף טא,יחידה,0.00,יחידה,false,,27.90,0.0000,true,1,330839
7290013010001,false,עגבניות מרוסקות פרי,,,עגבניות מרוסקות פרי,גרמים,260.00,100 גרם,false,,5.50,2.1154,true,1,8706
7290013010018,false,רוטב לפסטה פרי מבורך,,,רוטב לפסטה פרי מבורך,גרמים,260.00,100 גרם,false,,5.50,2.1154,true,1,8707
7290013010025,false,רוטב לפיצה פרי מבורך,,,רוטב לפיצה פרי מבורך,גרמים,260.00,100 גרם,false,,5.50,2.1154,true,1,8708
7290013010032,false,רוטב לשקשוקה פרי מבו,,,רוטב לשקשוקה פרי מבו,יחידה,260.00,יחידה,false,,5.50,0.0212,true,1,8709
7290013027399,false,לחם 100 בתוספת שיפון,,,לחם 100 בתוספת שיפון,גרמים,750.00,100 גרם,false,,14.90,1.9867,true,1,35481
7290013117229,false,בורקס פילו תפוא מעדנ,,,בורקס פילו תפוא מעדנ,גרמים,600.00,100 גרם,false,,19.90,3.3167,true,1,35637
7290013144157,false,מימונס סחלב 130 גרם,,,מימונס סחלב 130 גרם,גרמים,130.00,100 גרם,false,,10.90,8.3846,true,1,15346
7290013144195,false,תערובת כדורי שוקולד,,,תערובת כדורי שוקולד,גרמים,500.00,100 גרם,false,,17.50,3.5000,true,1,15350
7290013144201,false,תערובת פנקייק 400גר,,,תערובת פנקייק 400גר,גרמים,400.00,100 גרם,false,,17.50,4.3750,true,1,15351
7290013144218,false,תערובת עוגת וניל 560,,,תערובת עוגת וניל 560,גרמים,560.00,100 גרם,false,,17.50,3.1250,true,1,15352
7290013144225,false,תערובת עוגת שיש 560ג,,,תערובת עוגת שיש 560ג,גרמים,560.00,100 גרם,false,,17.50,3.1250,true,1,15353
7290013144232,false,פודינג וניל 85 גרם,,,פודינג וניל 85 גרם,גרמים,80.00,100 גרם,false,,6.90,8.6250,true,1,15354
7290013144393,false,תמצית בטעם וניל 50גר,,,תמצית בטעם וניל 50גר,גרמים,50.00,100 גרם,false,,4.90,9.8000,true,1,15363
7290013144751,false,מימונס סירופ בטעם מי,,,מימונס סירופ בטעם מי,מיליליטרים,500.00,"100 מ""ל",false,,13.90,2.7800,true,1,15373
7290013144768,false,מימונס סירופ בטעם שו,,,מימונס סירופ בטעם שו,מיליליטרים,500.00,"100 מ""ל",false,,13.90,2.7800,true,1,15374
7290013145017,false,מימונס אגוז מלך קלוף,,,מימונס אגוז מלך קלוף,גרמים,100.00,100 גרם,false,,11.90,11.9000,true,1,15379
7290013145024,false,מימונס אגוז מלך טחון,,,מימונס אגוז מלך טחון,גרמים,100.00,100 גרם,false,,13.90,13.9000,true,1,15380
7290013145031,false,מימונס ברס אגוזי לוז,,,מימונס ברס אגוזי לוז,גרמים,100.00,100 גרם,false,,12.90,12.9000,true,1,15381
7290013145093,false,מימונס שקד מולבן גרו,,,מימונס שקד מולבן גרו,גרמים,100.00,100 גרם,false,,12.90,12.9000,true,1,15386
7290013145109,false,מימונס שקד מולבן טחו,,,מימונס שקד מולבן טחו,גרמים,100.00,100 גרם,false,,12.90,12.9000,true,1,15387
7290013145116,false,מימונס שקד מולבן מקל,,,מימונס שקד מולבן מקל,גרמים,100.00,100 גרם,false,,12.90,12.9000,true,1,15388
7290013145123,false,מימונס שקד מולבן פרו,,,מימונס שקד מולבן פרו,גרמים,100.00,100 גרם,false,,12.90,12.9000,true,1,15389
7290013145178,false,קוקוס טחון לבן 100 ג,,,קוקוס טחון לבן 100 ג,גרמים,100.00,100 גרם,false,,4.90,4.9000,true,1,15393
7290013145192,false,שומשום 100גר,,,שומשום 100גר,גרמים,100.00,100 גרם,false,,4.90,4.9000,true,1,15394
7290013145215,false,שומשום 400גר,,,שומשום 400גר,גרמים,400.00,100 גרם,false,,15.90,3.9750,true,1,15395
7290013145390,false,מימונס שוקולד ציפס מ,,,מימונס שוקולד ציפס מ,גרמים,250.00,100 גרם,false,,9.90,3.9600,true,1,15399
7290013145406,false,מימונס שוקולד ציפס ל,,,מימונס שוקולד ציפס ל,גרמים,250.00,100 גרם,false,,9.90,3.9600,true,1,15400
7290013145437,false,מימונס שוקולד ציפס 4,,,מימונס שוקולד ציפס 4,גרמים,250.00,100 גרם,false,,15.50,6.2000,true,1,15402
7290013145444,false,מימונס שוקולד ציפס 6,,,מימונס שוקולד ציפס 6,גרמים,250.00,100 גרם,false,,16.90,6.7600,true,1,15403
7290013145451,false,מימונס קקאו 150 גר,,,מימונס קקאו 150 גר,גרמים,150.00,100 גרם,false,,9.90,6.6000,true,1,15404
7290013145529,false,מימונס סוכריות צבעונ,,,מימונס סוכריות צבעונ,גרמים,90.00,100 גרם,false,,5.90,6.5556,true,1,15406
7290013145567,false,מיני מיני עדשים 90גר,,,מיני מיני עדשים 90גר,גרמים,90.00,100 גרם,false,,11.90,13.2222,true,1,15408
7290013145574,false,ערכה לקישוט 100 גרם.,,,ערכה לקישוט 100 גרם.,גרמים,100.00,100 גרם,false,,11.90,11.9000,true,1,15409
7290013145628,false,סוכריות צבעוניות לקי,,,סוכריות צבעוניות לקי,גרמים,200.00,100 גרם,false,,9.90,4.9500,true,1,15411
7290013145796,false,מארז צבעי ג'ל למאכל,,,מארז צבעי ג'ל למאכל,מיליליטרים,100.00,"100 מ""ל",false,,49.90,49.9000,true,1,377337
7290013145833,false,מימונס פודינג שוקולד,,,מימונס פודינג שוקולד,גרמים,95.00,100 גרם,false,,5.90,6.2105,true,1,15424
7290013145840,false,מימונס סוכר וניל 10*,,,מימונס סוכר וניל 10*,גרמים,100.00,100 גרם,false,,2.90,2.9000,true,1,15425
7290013145857,false,אבקת אפיה 10* 10 גרם,,,אבקת אפיה 10* 10 גרם,גרמים,100.00,100 גרם,false,,2.90,2.9000,true,1,15426
7290013145864,false,מימונס ג`לטין טהור א,,,מימונס ג`לטין טהור א,גרמים,28.00,100 גרם,false,,12.00,42.8571,true,1,15427
7290013145901,false,סודה לשתיה 100 גרם,,,סודה לשתיה 100 גרם,גרמים,100.00,100 גרם,false,,2.90,2.9000,true,1,15429
7290013145956,false,מימונס שמרים יבשים ב,,,מימונס שמרים יבשים ב,גרמים,500.00,100 גרם,false,,13.90,2.7800,true,1,15433
7290013145963,false,מימונס שמרים יבשים ב,,,מימונס שמרים יבשים ב,גרמים,125.00,100 גרם,false,,5.90,4.7200,true,1,15434
7290013145970,false,מימונס קורנפלור 200,,,מימונס קורנפלור 200,גרמים,200.00,100 גרם,false,,4.90,2.4500,true,1,15435
7290013146199,false,מימונס קרם נוגט 350,,,מימונס קרם נוגט 350,גרמים,400.00,100 גרם,false,,15.90,3.9750,true,1,15444
7290013146304,false,מימונס קורנפלור 500,,,מימונס קורנפלור 500,גרמים,500.00,100 גרם,false,,6.90,1.3800,true,1,15447
7290013146656,false,כוכבים צבעוניים לקיש,,,כוכבים צבעוניים לקיש,יחידה,0.00,יחידה,false,,11.90,0.0000,true,1,66593
7290013146663,false,קונפטי לקישוט צבעוני,,,קונפטי לקישוט צבעוני,גרמים,55.00,100 גרם,false,,11.90,21.6364,true,1,66594
7290013146670,false,סוכריות לב צבעוניות,,,סוכריות לב צבעוניות,יחידה,0.00,יחידה,false,,11.90,0.0000,true,1,66736
7290013146854,false,מיימונס קוקוס לבן טח,,,מיימונס קוקוס לבן טח,גרמים,400.00,100 גרם,false,,14.90,3.7250,true,1,15451
7290013153432,false,פריגת סחוט לימונענע,,,פריגת סחוט לימונענע,מיליליטרים,400.00,"100 מ""ל",false,,9.90,2.4750,true,1,6424
7290013267665,false,סולרו מאגדת מיני   *,,,סולרו מאגדת מיני   *,גרמים,354.00,100 גרם,false,,24.90,7.0339,true,1,4302
7290013268020,false,סנו מקסימה אולטרא פר,,,סנו מקסימה אולטרא פר,יחידה,0.00,יחידה,false,,18.90,0.0000,true,1,30290
7290013268037,false,סנו מקסימה פצ'ולי מר,,,סנו מקסימה פצ'ולי מר,יחידה,0.00,יחידה,false,,18.90,0.0000,true,1,30291
7290013268990,false,סנו מקסימה מרכך מרוכ,,,סנו מקסימה מרכך מרוכ,יחידה,0.00,יחידה,false,,18.90,0.0000,true,1,30330
7290013269263,false,מקסימה גל כביסה קריס,,,מקסימה גל כביסה קריס,ליטרים,3.00,ליטר,false,,33.90,11.3000,true,1,30337
7290013269287,false,מקסימה מאסק גל כביסה,,,מקסימה מאסק גל כביסה,ליטרים,3.00,ליטר,false,,33.90,11.3000,true,1,30338
7290013269300,false,סנו סושי פלסטיק נצמד,,,סנו סושי פלסטיק נצמד,מטרים,150.00,מטר,false,,23.90,0.1593,true,1,30339
7290013269621,false,ריצפז פרש הום בניחוח,,,ריצפז פרש הום בניחוח,ליטרים,2.00,ליטר,false,,22.90,11.4500,true,1,30345
7290013269652,false,פוליויקס גרניט פורצל,,,פוליויקס גרניט פורצל,ליטרים,2.00,ליטר,false,,20.90,10.4500,true,1,30348
7290013269751,false,ריצפז מטליות לחות לנ,,,ריצפז מטליות לחות לנ,יחידה,0.00,יחידה,false,,11.90,0.0000,true,1,30352
7290013269850,false,סנו סושי נייר אפיה א,,,סנו סושי נייר אפיה א,יחידה,0.00,יחידה,false,,17.90,0.0000,true,1,30356
7290013284310,false,רוטב לפסטה לילדים פר,,,רוטב לפסטה לילדים פר,גרמים,240.00,100 גרם,false,,4.90,2.0417,true,1,41319
7290013284662,false,רוטב פיצה פיתה פריני,,,רוטב פיצה פיתה פריני,גרמים,240.00,100 גרם,false,,4.90,2.0417,true,1,41320
7290013302014,false,טעמן שוקו מהדרין 1 ק,,,טעמן שוקו מהדרין 1 ק,קילוגרמים,1.00,"ק""ג",false,,10.90,10.9000,true,1,9711
7290013358356,false,מאסטר שף פירורי לחם,,,מאסטר שף פירורי לחם,גרמים,350.00,100 גרם,false,,8.90,2.5429,true,1,21496
7290013358363,false,מאסטר שף  פירורי לחם,,,מאסטר שף  פירורי לחם,גרמים,300.00,100 גרם,false,,9.90,3.3000,true,1,21497
7290013358547,false,מאסטר שף רוטב צ'ילי,,,מאסטר שף רוטב צ'ילי,מיליליטרים,700.00,"100 מ""ל",false,,12.90,1.8429,true,1,21512
7290013358806,false,מאגדת פריכיות עם מלח,,,מאגדת פריכיות עם מלח,גרמים,264.00,100 גרם,false,,12.90,4.8864,true,1,21518
7290013424914,false,אפרסק פלחים קפוא 500,,,אפרסק פלחים קפוא 500,גרמים,500.00,100 גרם,false,,9.90,1.9800,true,1,149017
7290013472199,false,וילי פוד ערמונים 100,,,וילי פוד ערמונים 100,גרמים,100.00,100 גרם,false,,5.90,5.9000,true,1,2959
7290013525819,false,שמיר שום כתוש 150ג,,,שמיר שום כתוש 150ג,גרמים,150.00,100 גרם,false,,8.90,5.9333,true,1,17740
7290013531759,false,שעועית אפויה במים יכ,,,שעועית אפויה במים יכ,גרמים,550.00,100 גרם,false,,9.90,1.8000,true,1,8740
7290013534057,false,מיה ציפס בטטה טבעי 1,,,מיה ציפס בטטה טבעי 1,גרמים,100.00,100 גרם,false,,7.90,7.9000,true,1,15135
7290013585387,false,קולה זירו 1 ליטר,,,קולה זירו 1 ליטר,ליטרים,1.00,ליטר,false,,7.90,7.9000,true,1,7088
7290013585394,false,קוקה קולה 1 ליטר,,,קוקה קולה 1 ליטר,ליטרים,1.00,ליטר,false,,7.90,7.9000,true,1,7089
7290013608260,false,פרימור מיץ רימונים ס,,,פרימור מיץ רימונים ס,יחידה,0.00,יחידה,false,,22.90,0.0000,true,1,23369
7290013608864,false,פרימור משקה פירות הד,,,פרימור משקה פירות הד,ליטרים,1.00,ליטר,false,,15.90,15.9000,true,1,91382
7290013625700,false,חצאי משמש בסירופ קל,,,חצאי משמש בסירופ קל,גרמים,820.00,100 גרם,false,,11.90,1.4512,true,1,261240
7290013625922,false,איטריות דקות טעמן 40,,,איטריות דקות טעמן 40,גרמים,400.00,100 גרם,false,,4.90,1.2250,true,1,9753
7290013677006,false,חומוס בואקום 500 גר',,,חומוס בואקום 500 גר',גרמים,500.00,100 גרם,false,,8.90,1.7800,true,1,15136
7290013677020,false,שעועית לבנה בואקום 5,,,שעועית לבנה בואקום 5,גרמים,500.00,100 גרם,false,,8.90,1.7800,true,1,15138
7290013677037,false,עדשים ירוקות בואקום,,,עדשים ירוקות בואקום,גרמים,500.00,100 גרם,false,,10.90,2.1800,true,1,15139
7290013677044,false,עדשים אדומות סלקטד 5,,,עדשים אדומות סלקטד 5,גרמים,500.00,100 גרם,false,,9.90,1.9800,true,1,15140
7290013677105,false,אפונה בואקום מיה 500,,,אפונה בואקום מיה 500,גרמים,500.00,100 גרם,false,,7.90,1.5800,true,1,15146
7290013677112,false,בורגול סלקטד 500גרם,,,בורגול סלקטד 500גרם,גרמים,500.00,100 גרם,false,,7.90,1.5800,true,1,15147
7290013677129,false,מיה סלקטד שעועית מעו,,,מיה סלקטד שעועית מעו,גרמים,500.00,100 גרם,false,,8.90,1.7800,true,1,15148
7290013677259,false,זעתר 50 גרם בשקית,,,זעתר 50 גרם בשקית,גרמים,50.00,100 גרם,false,,4.00,8.0000,true,1,15158
7290013677280,false,ציפורן שלם 40גרם שקי,,,ציפורן שלם 40גרם שקי,גרמים,40.00,100 גרם,false,,4.00,10.0000,true,1,15161
7290013677297,false,מיה אבקת בצל שקית 80,,,מיה אבקת בצל שקית 80,גרמים,80.00,100 גרם,false,,4.00,5.0000,true,1,15162
7290013677303,false,חוויג' תימני 50 גרם,,,חוויג' תימני 50 גרם,גרמים,50.00,100 גרם,false,,4.00,8.0000,true,1,15163
7290013677327,false,אבקת קארי 80גרם שקית,,,אבקת קארי 80גרם שקית,גרמים,80.00,100 גרם,false,,4.00,5.0000,true,1,15165
7290013677686,false,פפריקה מרוקאית בשקית,,,פפריקה מרוקאית בשקית,גרמים,80.00,100 גרם,false,,4.50,5.6250,true,1,15182
7290013677747,false,מיה אבקת שוקו בשקית,,,מיה אבקת שוקו בשקית,גרמים,500.00,100 גרם,false,,9.90,1.9800,true,1,15185
7290013677839,false,בורגול 1 ק'ג,,,בורגול 1 ק'ג,קילוגרמים,1.00,"ק""ג",false,,8.90,8.9000,true,1,15189
7290013724946,false,שקדים בציפוי שוקלד מ,,,שקדים בציפוי שוקלד מ,גרמים,140.00,100 גרם,false,,10.90,7.7857,true,1,4672
7290013724960,false,שקדים בציפוי שוקולד,,,שקדים בציפוי שוקולד,גרמים,140.00,100 גרם,false,,10.90,7.7857,true,1,4674
7290013724991,false,אגוזי לוז בציפוי שוק,,,אגוזי לוז בציפוי שוק,גרמים,140.00,100 גרם,false,,10.90,7.7857,true,1,4677
7290013906250,false,טירת צבי סלמי מהדרין,,,טירת צבי סלמי מהדרין,גרמים,200.00,100 גרם,false,,9.90,4.9500,true,1,25386
7290013906298,false,טירת צבי נקניקיות קה,,,טירת צבי נקניקיות קה,גרמים,400.00,100 גרם,false,,13.90,3.4750,true,1,25389
7290013906311,false,טירת צבי פסטרמה מעוש,,,טירת צבי פסטרמה מעוש,גרמים,400.00,100 גרם,false,,30.90,7.7250,true,1,25391
7290013906700,false,"נקניקיות הודו 1.5 ק""",,,"נקניקיות הודו 1.5 ק""",קילוגרמים,1.50,"100 ק""ג",false,,29.90,1993.3333,true,1,285281
7290013906922,false,טירת צבי נקניקיות הו,,,טירת צבי נקניקיות הו,קילוגרמים,1.00,"ק""ג",false,,28.90,28.9000,true,1,25408
7290013927200,false,אחווה עוגת שוקולד צי,,,אחווה עוגת שוקולד צי,גרמים,400.00,100 גרם,false,,11.90,2.9750,true,1,759
7290013927323,false,עוגת בראוניס אחוה 40,,,עוגת בראוניס אחוה 40,גרמים,400.00,100 גרם,false,,11.90,2.9750,true,1,762
7290014002203,false,תה חליטת לימונית ולו,,,תה חליטת לימונית ולו,גרמים,37.50,100 גרם,false,,17.90,47.7333,true,1,24741
7290014002982,false,תה ירוק לימונית סטיב,,,תה ירוק לימונית סטיב,גרמים,37.50,100 גרם,false,,26.90,71.7333,true,1,24754
7290014094376,false,שזיף ללא גלעין בקופס,,,שזיף ללא גלעין בקופס,גרמים,330.00,100 גרם,false,,23.90,7.2424,true,1,4700
7290014094543,false,תרסיס שמן קנולה שקדי,,,תרסיס שמן קנולה שקדי,מיליליטרים,186.00,"100 מ""ל",false,,10.90,5.8602,true,1,4715
7290014094895,false,אגוז מלך 150גר ששון,,,אגוז מלך 150גר ששון,גרמים,150.00,100 גרם,false,,10.90,7.2667,true,1,4733
7290014218505,false,פיצה 3 יח 360 גרם בד,,,פיצה 3 יח 360 גרם בד,קילוגרמים,1.08,"ק""ג",false,,32.90,30.4630,true,1,35668
7290014256620,false,יין באזז קריניאנו 75,,,יין באזז קריניאנו 75,מיליליטרים,750.00,"100 מ""ל",false,,27.90,3.7200,true,1,563
7290014256637,false,יין באזז מוסקטו 750מ,,,יין באזז מוסקטו 750מ,מיליליטרים,750.00,"100 מ""ל",false,,27.90,3.7200,true,1,564
7290014258716,false,מטרנה צמחי 700 גר',,,מטרנה צמחי 700 גר',גרמים,700.00,100 גרם,false,,55.90,7.9857,true,1,18778
7290014258877,false,מטרנה מהדרין ספיישל,,,מטרנה מהדרין ספיישל,גרמים,700.00,100 גרם,false,,69.90,9.9857,true,1,18781
7290014325036,false,ג'לי שמחות 600 גרם,,,ג'לי שמחות 600 גרם,גרמים,600.00,100 גרם,false,,19.90,3.3167,true,1,15193
7290014325043,false,מיה פודינג וניל 1 ק`,,,מיה פודינג וניל 1 ק`,קילוגרמים,1.00,"ק""ג",false,,21.90,21.9000,true,1,15194
7290014325531,false,חמאת בוטנים 500 גרם,,,חמאת בוטנים 500 גרם,גרמים,500.00,100 גרם,false,,11.90,2.3800,true,1,15209
7290014397453,false,סנו אוקסיג'ן לכביסה,,,סנו אוקסיג'ן לכביסה,ליטרים,3.00,ליטר,false,,30.90,10.3000,true,1,30420
7290014435803,false,מטיאס הולנדי פרובנצי,,,מטיאס הולנדי פרובנצי,גרמים,180.00,100 גרם,false,,18.90,10.5000,true,1,17749
7290014435810,false,הרינג כבוש עם בצל במ,,,הרינג כבוש עם בצל במ,גרמים,180.00,100 גרם,false,,18.90,10.5000,true,1,17750
7290014435834,false,מקרל מעושן פרוס בשמן,,,מקרל מעושן פרוס בשמן,גרמים,180.00,100 גרם,false,,24.90,13.8333,true,1,17752
7290014435889,false,סלט מטיאס עם מיונז 1,,,סלט מטיאס עם מיונז 1,גרמים,180.00,100 גרם,false,,18.90,10.5000,true,1,17755
7290014471412,false,מוזלי בוטנים אגוזים,,,מוזלי בוטנים אגוזים,קילוגרמים,1.00,"ק""ג",false,,18.90,18.9000,true,1,4741
7290014472136,false,גרעין שחור קלוי 150,,,גרעין שחור קלוי 150,גרמים,150.00,100 גרם,false,,4.90,3.2667,true,1,4754
7290014603028,false,שלגון סולרו טעם תות,,,שלגון סולרו טעם תות,גרמים,70.00,100 גרם,false,,8.50,12.1429,true,1,139455
7290014636736,false,כרבולית מינק 130/170,,,כרבולית מינק 130/170,יחידה,0.00,יחידה,false,,50.90,0.0000,true,1,203346
7290014673366,false,מימון כורכום טחון 25,,,מימון כורכום טחון 25,גרמים,250.00,100 גרם,false,,21.90,8.7600,true,1,361
7290014673397,false,מימון תיבול לגריל עו,,,מימון תיבול לגריל עו,גרמים,250.00,100 גרם,false,,21.90,8.7600,true,1,364
7290014673403,false,מימון פלפל שחור טחון,,,מימון פלפל שחור טחון,גרמים,250.00,100 גרם,false,,30.90,12.3600,true,1,365
7290014673410,false,מימון פלפל שחור גרוס,,,מימון פלפל שחור גרוס,גרמים,250.00,100 גרם,false,,30.90,12.3600,true,1,366
7290014673434,false,פלפל שחור גרוס דק בש,,,פלפל שחור גרוס דק בש,גרמים,80.00,100 גרם,false,,8.90,11.1250,true,1,367
7290014674004,false,פירורי לחם עם שומשום,,,פירורי לחם עם שומשום,גרמים,300.00,100 גרם,false,,7.90,2.6333,true,1,364149
7290014731264,false,כוסות לשתיה קרה חד פ,,,כוסות לשתיה קרה חד פ,יח',100.00,יח',false,,6.90,0.0690,true,1,28138
7290014731271,false,כוסות שתיה קרה 80 יח,,,כוסות שתיה קרה 80 יח,יחידה,0.00,יחידה,false,,5.90,0.0000,true,1,401363
7290014749245,false,רצועות שניצל שומשום,,,רצועות שניצל שומשום,גרמים,600.00,100 גרם,false,,40.90,6.8167,true,1,66610
7290014758100,false,יוגורט תנובה 3% 8*15,,,יוגורט תנובה 3% 8*15,קילוגרמים,1.20,"ק""ג",false,,16.90,14.0833,true,1,26024
7290014758162,false,חלב תנובה עיזים מלא,,,חלב תנובה עיזים מלא,ליטרים,1.00,ליטר,false,,15.90,15.9000,true,1,26027
7290014759084,false,נפוליאון 16% 225גר,,,נפוליאון 16% 225גר,גרמים,225.00,100 גרם,false,,14.90,6.6222,true,1,26032
7290014759701,false,יופלה יוגורט מעודן ט,,,יופלה יוגורט מעודן ט,קילוגרמים,1.20,"ק""ג",false,,19.90,16.5833,true,1,26038
7290014760134,false,גביע מעדן סויה בטעם,,,גביע מעדן סויה בטעם,גרמים,125.00,100 גרם,false,,3.90,3.1200,true,1,26044
7290014760141,false,תנובה משקה שקדים טרי,,,תנובה משקה שקדים טרי,יחידה,0.00,יחידה,false,,13.90,0.0000,true,1,26045
7290014760912,false,גוש חלב 28% מהדרין 4,,,גוש חלב 28% מהדרין 4,גרמים,400.00,100 גרם,false,,24.90,6.2250,true,1,26052
7290014761018,false,גיל בטעם וניל 3% 125,,,גיל בטעם וניל 3% 125,גרמים,125.00,100 גרם,false,,1.50,1.2000,true,1,26053
7290014761056,false,יולו שוקולד חלב מעול,,,יולו שוקולד חלב מעול,גרמים,122.00,100 גרם,false,,4.90,4.0164,true,1,26054
7290014761063,false,יולו שוקולד מריר מעו,,,יולו שוקולד מריר מעו,גרמים,122.00,100 גרם,false,,4.90,4.0164,true,1,26055
7290014761070,false,יולו שוקולד לבן מעול,,,יולו שוקולד לבן מעול,גרמים,122.00,100 גרם,false,,4.90,4.0164,true,1,26056
7290014761193,false,פרילי פירות יער 1.5%,,,פרילי פירות יער 1.5%,גרמים,125.00,100 גרם,false,,3.50,2.8000,true,1,26057
7290014761254,false,תנובה יוגורט ביו 3%,,,תנובה יוגורט ביו 3%,קילוגרמים,1.20,"ק""ג",false,,16.90,14.0833,true,1,26058
7290014761414,false,יולו מעדן שכבות שוקו,,,יולו מעדן שכבות שוקו,גרמים,122.00,100 גרם,false,,4.90,4.0164,true,1,26065
7290014761698,false,עמק סמי מעדנייה בד`צ,,,עמק סמי מעדנייה בד`צ,גרמים,600.00,100 גרם,false,,30.90,5.1500,true,1,26071
7290014762756,false,נפוליאון 16% עם בצל,,,נפוליאון 16% עם בצל,גרמים,225.00,100 גרם,false,,14.90,6.6222,true,1,26084
7290014762831,false,גבינת שמנת נפוליאון,,,גבינת שמנת נפוליאון,גרמים,225.00,100 גרם,false,,14.90,6.6222,true,1,26090
7290014763418,false,יוגורט כד תנובה 4% 1,,,יוגורט כד תנובה 4% 1,ליטרים,1.50,ליטר,false,,15.90,10.6000,true,1,26108
7290014803756,false,רוטב טריאקי פתאי 300,,,רוטב טריאקי פתאי 300,מיליליטרים,100.00,"100 מ""ל",false,,7.90,7.9000,true,1,15976
7290014855458,false,מגבוני בייבי פרפורמנ,,,מגבוני בייבי פרפורמנ,יחידה,0.00,יחידה,false,,16.90,0.0000,true,1,29535
7290014940901,false,לחם פשוט מלא אנגל 75,,,לחם פשוט מלא אנגל 75,גרמים,750.00,100 גרם,false,,15.90,2.1200,true,1,35491
7290014974562,false,עלמה גביעי גלידה 24,,,עלמה גביעי גלידה 24,גרמים,120.00,100 גרם,false,,6.90,5.7500,true,1,41330
7290015025942,false,קרם ידיים מועשר בשמן,,,קרם ידיים מועשר בשמן,מיליליטרים,80.00,"100 מ""ל",false,,7.90,9.8750,true,1,5993
7290015037273,false,פטרוזיליה מהדרין חסל,,,פטרוזיליה מהדרין חסל,יח',1.00,יח',false,,6.90,6.9000,true,1,45837
7290015037280,false,כוסברה מהדרין,,,כוסברה מהדרין,יח',1.00,יח',false,,6.90,6.9000,true,1,45838
7290015037297,false,שמיר מהדרין,,,שמיר מהדרין,יח',1.00,יח',false,,6.90,6.9000,true,1,45839
7290015037396,false,נענע מהדרין,,,נענע מהדרין,יח',1.00,יח',false,,6.90,6.9000,true,1,45840
7290015037402,false,בצל ירוק מהדרין,,,בצל ירוק מהדרין,יח',1.00,יח',false,,7.90,7.9000,true,1,45841
7290015037419,false,סלרי מהדרין,,,סלרי מהדרין,יח',1.00,יח',false,,7.90,7.9000,true,1,45842
7290015037426,false,עלי סלק חסלט,,,עלי סלק חסלט,יח',1.00,יח',false,,7.90,7.9000,true,1,45843
7290015037433,false,חסה מהדרין חסלט,,,חסה מהדרין חסלט,יח',1.00,יח',false,,7.90,7.9000,true,1,45844
7290015150118,false,עגבניות חתוכות דק בל,,,עגבניות חתוכות דק בל,גרמים,400.00,100 גרם,false,,18.90,4.7250,true,1,24780
7290015155830,false,פאוץ' פרינוק מחית תפ,,,פאוץ' פרינוק מחית תפ,גרמים,120.00,100 גרם,false,,5.90,4.9167,true,1,3656
7290015156776,false,פאוץ' פרינוק פירות ט,,,פאוץ' פרינוק פירות ט,גרמים,120.00,100 גרם,false,,5.90,4.9167,true,1,3663
7290015178204,false,אוליביה עגבניות מיוב,,,אוליביה עגבניות מיוב,גרמים,180.00,100 גרם,false,,12.90,7.1667,true,1,118672
7290015193559,false,אובלטים מלח 300 גר',,,אובלטים מלח 300 גר',גרמים,300.00,100 גרם,false,,10.90,3.6333,true,1,41373
7290015193849,false,ארומה קרקר עם מלח 30,,,ארומה קרקר עם מלח 30,גרמים,300.00,100 גרם,false,,8.70,2.9000,true,1,41381
7290015253314,false,"פחם נמיביה אדום 4 ק""",,,"פחם נמיביה אדום 4 ק""",יחידה,0.00,יחידה,false,,26.90,0.0000,true,1,291822
7290015282390,false,סלט תורכי 200 ג שמיר,,,סלט תורכי 200 ג שמיר,גרמים,200.00,100 גרם,false,,12.90,6.4500,true,1,17774
7290015282581,false,חומוס אבו גוש עם חרי,,,חומוס אבו גוש עם חרי,גרמים,200.00,100 גרם,false,,10.90,5.4500,true,1,17777
7290015282635,false,חומוס מסבחה,,,חומוס מסבחה,גרמים,200.00,100 גרם,false,,10.90,5.4500,true,1,17782
7290015282697,false,סלט כרוב אדום 200ג ש,,,סלט כרוב אדום 200ג ש,גרמים,200.00,100 גרם,false,,12.90,6.4500,true,1,17787
7290015282710,false,קוביות סלק סלטי שמיר,,,קוביות סלק סלטי שמיר,גרמים,200.00,100 גרם,false,,10.90,5.4500,true,1,17788
7290015282734,false,מטבוחה ביתית.,,,מטבוחה ביתית.,גרמים,200.00,100 גרם,false,,12.90,6.4500,true,1,17790
7290015282741,false,חציל תילאנדי סלטי שמ,,,חציל תילאנדי סלטי שמ,גרמים,200.00,100 גרם,false,,12.90,6.4500,true,1,17791
7290015282796,false,סלט תפוח אדמה 200 ג,,,סלט תפוח אדמה 200 ג,גרמים,200.00,100 גרם,false,,12.90,6.4500,true,1,17796
7290015328531,false,להבונים 50 יח' 3 שעו,,,להבונים 50 יח' 3 שעו,יחידה,0.00,יחידה,false,,9.90,0.0000,true,1,13234
7290015328579,false,מגולגלות במילוי קרם,,,מגולגלות במילוי קרם,גרמים,115.00,100 גרם,false,,7.90,6.8696,true,1,13236
7290015328593,false,מגולגלות במילוי קרם,,,מגולגלות במילוי קרם,גרמים,115.00,100 גרם,false,,7.90,6.8696,true,1,13237
7290015328647,false,נר נשמה בפח 24 שעות,,,נר נשמה בפח 24 שעות,יחידה,0.00,יחידה,false,,1.90,0.0000,true,1,13241
7290015328685,false,מנורת לד 9 וולט,,,מנורת לד 9 וולט,יחידה,0.00,יחידה,false,,8.90,0.0000,true,1,13245
7290015328692,false,מנורת לד 12 וולט,,,מנורת לד 12 וולט,יחידה,0.00,יחידה,false,,9.90,0.0000,true,1,13246
7290015328838,false,קיסמי עץ לירון קרביץ,,,קיסמי עץ לירון קרביץ,יחידה,0.00,יחידה,false,,2.90,0.0000,true,1,13258
7290015339643,false,שוקולד מריר מעולה טע,,,שוקולד מריר מעולה טע,גרמים,100.00,100 גרם,false,,6.90,6.9000,true,1,9817
7290015347174,false,אורז פרסי בוואקום סל,,,אורז פרסי בוואקום סל,קילוגרמים,1.00,"ק""ג",false,,11.90,11.9000,true,1,15211
7290015347211,false,מיה סלקטד גריסי פנינ,,,מיה סלקטד גריסי פנינ,קילוגרמים,1.00,"ק""ג",false,,12.90,12.9000,true,1,15215
7290015347259,false,פירורי לחם מוזהבים 4,,,פירורי לחם מוזהבים 4,גרמים,400.00,100 גרם,false,,5.90,1.4750,true,1,15218
7290015347273,false,נטיפי שוקולד מריר לא,,,נטיפי שוקולד מריר לא,גרמים,250.00,100 גרם,false,,9.90,3.9600,true,1,15220
7290015347464,false,מיה קינואה מעורבת 50,,,מיה קינואה מעורבת 50,גרמים,400.00,100 גרם,false,,14.90,3.7250,true,1,15233
7290015347488,false,סוכר דמררה בשקית מיה,,,סוכר דמררה בשקית מיה,קילוגרמים,1.00,"ק""ג",false,,9.90,9.9000,true,1,15235
7290015347686,false,צ'ילי גרום 50 גרם בש,,,צ'ילי גרום 50 גרם בש,גרמים,50.00,100 גרם,false,,8.50,17.0000,true,1,15241
7290015347709,false,אגוז מוסקט 70 גרם,,,אגוז מוסקט 70 גרם,גרמים,70.00,100 גרם,false,,11.50,16.4286,true,1,15243
7290015347761,false,סוכריות ג'לי רכות כו,,,סוכריות ג'לי רכות כו,גרמים,125.00,100 גרם,false,,6.50,5.2000,true,1,15246
7290015347976,false,עדשי שוקולד 80גר,,,עדשי שוקולד 80גר,גרמים,80.00,100 גרם,false,,6.90,8.6250,true,1,15250
7290015347990,false,עדשי שוקולד מיה 8*20,,,עדשי שוקולד מיה 8*20,גרמים,160.00,100 גרם,false,,13.90,8.6875,true,1,15251
7290015348089,false,למברוסקו אמיליאנו לב,,,למברוסקו אמיליאנו לב,מיליליטרים,750.00,"100 מ""ל",false,,24.90,3.3200,true,1,9537
7290015348096,false,למברוסקו אמיליאנו רו,,,למברוסקו אמיליאנו רו,מיליליטרים,750.00,"100 מ""ל",false,,24.90,3.3200,true,1,9538
7290015597937,false,קורנטו קלאסי וניל חד,,,קורנטו קלאסי וניל חד,יחידה,0.00,יחידה,false,,6.90,0.0000,true,1,4368
7290015644297,false,6 לחמניות פשוט מלא א,,,6 לחמניות פשוט מלא א,יחידה,0.00,יחידה,false,,11.90,0.0000,true,1,35492
7290015652254,false,גרעיני חמניה קלויים,,,גרעיני חמניה קלויים,גרמים,400.00,100 גרם,false,,10.00,2.5000,true,1,4807
7290015652278,false,תערובת פיצוחים ששון,,,תערובת פיצוחים ששון,גרמים,250.00,100 גרם,false,,20.00,8.0000,true,1,4809
7290015652292,false,קבוקים עם שומשום ששו,,,קבוקים עם שומשום ששו,גרמים,400.00,100 גרם,false,,10.00,2.5000,true,1,4811
7290015652308,false,מנצ'ס ששון הקולה 300,,,מנצ'ס ששון הקולה 300,גרמים,300.00,100 גרם,false,,10.00,3.3333,true,1,4812
7290015733205,false,מטרנה אקסטרה קר מהדר,,,מטרנה אקסטרה קר מהדר,גרמים,700.00,100 גרם,false,,59.90,8.5571,true,1,18789
7290015781008,false,ויז'ן מרלו,,,ויז'ן מרלו,מיליליטרים,750.00,"100 מ""ל",false,,39.90,5.3200,true,1,11818
7290015781015,false,ויז'ן מלבק,,,ויז'ן מלבק,מיליליטרים,750.00,"100 מ""ל",false,,39.90,5.3200,true,1,11819
7290015781053,false,ויז'ן לבן יבש,,,ויז'ן לבן יבש,מיליליטרים,750.00,"100 מ""ל",false,,39.90,5.3200,true,1,11821
7290015781152,false,אימפרשן יין רוזה,,,אימפרשן יין רוזה,מיליליטרים,750.00,"100 מ""ל",false,,49.90,6.6533,true,1,11828
7290015781169,false,אימפרשן אדום חצי יבש,,,אימפרשן אדום חצי יבש,מיליליטרים,750.00,"100 מ""ל",false,,49.90,6.6533,true,1,11829
7290015856171,false,בייגלה שמיניות מלח ה,,,בייגלה שמיניות מלח ה,גרמים,300.00,100 גרם,false,,3.90,1.3000,true,1,275831
7290015856935,false,ביסקוויט אקטרא פריך,,,ביסקוויט אקטרא פריך,גרמים,400.00,100 גרם,false,,8.90,2.2250,true,1,275334
7290015858106,false,ממרח פסטו ביתי עללחם,,,ממרח פסטו ביתי עללחם,גרמים,180.00,100 גרם,false,,16.90,9.3889,true,1,23381
7290015872096,false,חומוס אסלי שמיר 700,,,חומוס אסלי שמיר 700,גרמים,700.00,100 גרם,false,,8.90,1.2714,true,1,17801
7290016006025,false,שוופס סודה 500מל,,,שוופס סודה 500מל,מיליליטרים,500.00,"100 מ""ל",false,,3.90,0.7800,true,1,11692
7290016006292,false,ספרינג מנגו בננה מלו,,,ספרינג מנגו בננה מלו,יחידה,0.00,יחידה,false,,6.90,0.0000,true,1,11702
7290016006322,false,מי עדן 1 ליטר,,,מי עדן 1 ליטר,ליטרים,1.00,ליטר,false,,2.90,2.9000,true,1,11703
7290016006346,false,שוופס סודה שישייה 0.,,,שוופס סודה שישייה 0.,ליטרים,3.00,ליטר,false,,13.90,4.6333,true,1,11705
7290016087123,false,רוטב עגבניות מתובל ל,,,רוטב עגבניות מתובל ל,גרמים,240.00,100 גרם,false,,4.90,2.0417,true,1,41385
7290016087147,false,רוטב עגבניות מתובל ל,,,רוטב עגבניות מתובל ל,גרמים,240.00,100 גרם,false,,4.90,2.0417,true,1,41386
7290016096491,false,נתחי טונה בשמן צמחי,,,נתחי טונה בשמן צמחי,גרמים,240.00,100 גרם,false,,11.90,4.9583,true,1,26595
7290016096811,false,ממרח טונה פילטונה רב,,,ממרח טונה פילטונה רב,גרמים,160.00,100 גרם,false,,19.90,12.4375,true,1,117379
7290016096934,false,סלט טונה 2 יח' פילטו,,,סלט טונה 2 יח' פילטו,גרמים,320.00,100 גרם,false,,11.90,3.7188,true,1,160723
7290016098181,false,ביסקוויט אותיות אלף-,,,ביסקוויט אותיות אלף-,גרמים,200.00,100 גרם,false,,4.90,2.4500,true,1,106992
7290016104271,false,ריבת חלב 340 גר`,,,ריבת חלב 340 גר`,גרמים,340.00,100 גרם,false,,12.90,3.7941,true,1,13277
7290016104615,false,סילאן תמרים 900 גרם,,,סילאן תמרים 900 גרם,גרמים,900.00,100 גרם,false,,12.90,1.4333,true,1,13284
7290016104868,false,סירופ בטעם מייפל 700,,,סירופ בטעם מייפל 700,גרמים,700.00,100 גרם,false,,12.90,1.8429,true,1,13291
7290016150711,false,AVEL נוזל קוקוס תאיל,,,AVEL נוזל קוקוס תאיל,מיליליטרים,400.00,"100 מ""ל",false,,5.90,1.4750,true,1,48893
7290016217759,false,חצילים בסגנון מרוקאי,,,חצילים בסגנון מרוקאי,גרמים,200.00,100 גרם,false,,12.90,6.4500,true,1,17810
7290016217988,false,דגים גרבדלקס 100גר,,,דגים גרבדלקס 100גר,גרמים,100.00,100 גרם,false,,23.90,23.9000,true,1,17813
7290016246209,false,בארכה חטיף חלבה וניל,,,בארכה חטיף חלבה וניל,גרמים,100.00,100 גרם,false,,3.90,3.9000,true,1,18797
7290016277630,false,צנובר טבעי 150 גרם ש,,,צנובר טבעי 150 גרם ש,גרמים,150.00,100 גרם,false,,30.90,20.6000,true,1,108515
7290016319309,false,אל סבון מאסק+משאבה פ,,,אל סבון מאסק+משאבה פ,ליטרים,1.00,ליטר,false,,12.90,12.9000,true,1,6011
7290016321548,false,רצועות שעווה קמומיל,,,רצועות שעווה קמומיל,יחידה,0.00,יחידה,false,,24.90,0.0000,true,1,6039
7290016370270,false,זית קלמטה ללא גלעין,,,זית קלמטה ללא גלעין,גרמים,560.00,100 גרם,false,,11.90,2.1250,true,1,119900
7290016373646,false,פסים חמוצים בטעם פטל,,,פסים חמוצים בטעם פטל,גרמים,275.00,100 גרם,false,,8.90,3.2364,true,1,9926
7290016373707,false,מקלות חמוצים אפרסק 1,,,מקלות חמוצים אפרסק 1,גרמים,18.00,100 גרם,false,,1.90,10.5556,true,1,9932
7290016373738,false,מקלות חמוצים תותי פר,,,מקלות חמוצים תותי פר,גרמים,275.00,100 גרם,false,,8.90,3.2364,true,1,9935
7290016509847,false,פרסיל ג'ל 2.5 ליטר ב,,,פרסיל ג'ל 2.5 ליטר ב,ליטרים,2.50,ליטר,false,,36.90,14.7600,true,1,34913
7290016513981,false,קרפלך במילוי תפוח אד,,,קרפלך במילוי תפוח אד,יח',1.00,יח',false,,17.90,17.9000,true,1,417454
7290016564006,false,מבריקל הפלא,,,מבריקל הפלא,יחידה,0.00,יחידה,false,,10.90,0.0000,true,1,47753
7290016682038,false,"מיץ תפוזים 400 מ""ל פ",,,"מיץ תפוזים 400 מ""ל פ",מיליליטרים,400.00,"100 מ""ל",false,,9.50,2.3750,true,1,49436
7290016682052,false,"מיץ לימונענע 400 מ""ל",,,"מיץ לימונענע 400 מ""ל",מיליליטרים,400.00,"100 מ""ל",false,,9.50,2.3750,true,1,49437
7290016682342,false,פרי ניב מיץ 100% טבע,,,פרי ניב מיץ 100% טבע,ליטרים,2.00,ליטר,false,,26.60,13.3000,true,1,219072
7290016693041,false,יין אמירים קברנה 750,,,יין אמירים קברנה 750,מיליליטרים,750.00,"100 מ""ל",false,,21.90,2.9200,true,1,11918
7290016693799,false,יין מוסקטו פינק היוצ,,,יין מוסקטו פינק היוצ,מיליליטרים,750.00,"100 מ""ל",false,,37.90,5.0533,true,1,57593
7290016717631,false,יין  P.C  מוסקטו יין,,,יין  P.C  מוסקטו יין,מיליליטרים,750.00,"100 מ""ל",false,,39.90,5.3200,true,1,636
7290016866643,false,מש.שיניים פרש פרודונ,,,מש.שיניים פרש פרודונ,מיליליטרים,75.00,"100 מ""ל",false,,31.90,42.5333,true,1,4025
7290016867046,false,פיתות קלות כוסמין במ,,,פיתות קלות כוסמין במ,גרמים,303.00,100 גרם,false,,14.90,4.9175,true,1,201104
7290016867114,false,לחם כוסמין קל מלא 50,,,לחם כוסמין קל מלא 50,גרמים,500.00,100 גרם,false,,17.90,3.5800,true,1,201059
7290016867152,false,פיתות קלות כוסמין 29,,,פיתות קלות כוסמין 29,גרמים,292.00,100 גרם,false,,13.90,4.7603,true,1,201107
7290016867176,false,לחמניות ק. כוסמין שו,,,לחמניות ק. כוסמין שו,גרמים,300.00,100 גרם,false,,13.90,4.6333,true,1,201108
7290016883091,false,חרדל דיז'ון שקדיה 35,,,חרדל דיז'ון שקדיה 35,גרמים,350.00,100 גרם,false,,10.00,2.8571,true,1,404849
7290016948035,false,מטריה הפוכה,,,מטריה הפוכה,יחידה,0.00,יחידה,false,,29.90,0.0000,true,1,261800
7290016967074,false,חיטה מלאה אנגל 750 ג,,,חיטה מלאה אנגל 750 ג,גרמים,750.00,100 גרם,false,,16.90,2.2533,true,1,35497
7290017023199,false,פחית שוופס גזוז בטעם,,,פחית שוופס גזוז בטעם,מיליליטרים,0.00,"100 מ""ל",false,,4.20,0.0000,true,1,226824
7290017023205,false,פחית שוופס גזוז בטעם,,,פחית שוופס גזוז בטעם,מיליליטרים,330.00,"100 מ""ל",false,,4.20,1.2727,true,1,36219
7290017023212,false,רביעיית משקה שוופס ב,,,רביעיית משקה שוופס ב,ליטרים,1.32,ליטר,false,,13.90,10.5303,true,1,11724
7290017023229,false,רביעיית משקה שוופס ב,,,רביעיית משקה שוופס ב,ליטרים,1.32,ליטר,false,,13.90,10.5303,true,1,11725
7290017062693,false,מרכך כביסה מרוכז טאצ,,,מרכך כביסה מרוכז טאצ,ליטרים,1.00,ליטר,false,,12.90,12.9000,true,1,119351
7290017062730,false,נוזל כלים לבנדר 36%,,,נוזל כלים לבנדר 36%,מיליליטרים,750.00,"100 מ""ל",false,,8.90,1.1867,true,1,109729
7290017062747,false,נוזל כלים תפוח 36% 7,,,נוזל כלים תפוח 36% 7,מיליליטרים,750.00,"100 מ""ל",false,,8.90,1.1867,true,1,109730
7290017062754,false,נוזל כלים לימון 36%,,,נוזל כלים לימון 36%,מיליליטרים,750.00,"100 מ""ל",false,,8.90,1.1867,true,1,111177
7290017068350,false,עדשים שחורות בלוגה מ,,,עדשים שחורות בלוגה מ,גרמים,500.00,100 גרם,false,,8.90,1.7800,true,1,282683
7290017068367,false,מיה שמרים בוואקום 12,,,מיה שמרים בוואקום 12,גרמים,125.00,100 גרם,false,,4.90,3.9200,true,1,15277
7290017068374,false,מיה שמרים בוואקום 50,,,מיה שמרים בוואקום 50,גרמים,500.00,100 גרם,false,,10.90,2.1800,true,1,15278
7290017068916,false,ג'לי טבעות בציפוי סו,,,ג'לי טבעות בציפוי סו,גרמים,350.00,100 גרם,false,,14.90,4.2571,true,1,96052
7290017068923,false,ג'לי בינס קרנבל מיה,,,ג'לי בינס קרנבל מיה,גרמים,350.00,100 גרם,false,,14.90,4.2571,true,1,279935
7290017068978,false,שיבולת שועל מלאה להכ,,,שיבולת שועל מלאה להכ,קילוגרמים,1.00,"ק""ג",false,,9.90,9.9000,true,1,387915
7290017068985,false,שיבולת שועל מלאה עבה,,,שיבולת שועל מלאה עבה,קילוגרמים,1.00,"ק""ג",false,,9.90,9.9000,true,1,387901
7290017079707,false,שוקולד מריר עם אגוזי,,,שוקולד מריר עם אגוזי,גרמים,270.00,100 גרם,false,,13.90,5.1481,true,1,119591
7290017079806,false,שוקולד חלב מעולה טעמ,,,שוקולד חלב מעולה טעמ,גרמים,100.00,100 גרם,false,,3.90,3.9000,true,1,137302
7290017079813,false,שוקולד מריר מעולה טע,,,שוקולד מריר מעולה טע,גרמים,100.00,100 גרם,false,,3.90,3.9000,true,1,137303
7290017079967,false,סרדינים בשמן קנולה (,,,סרדינים בשמן קנולה (,גרמים,125.00,100 גרם,false,,7.90,6.3200,true,1,323920
7290017079974,false,סרדינים בשמן קנולה (,,,סרדינים בשמן קנולה (,גרמים,125.00,100 גרם,false,,7.90,6.3200,true,1,323934
7290017088105,false,ביייביסיטר נוחות מיד,,,ביייביסיטר נוחות מיד,יח',40.00,יח',false,,34.90,0.8725,true,1,29551
7290017088631,false,מגבון Tooly רביעייה,,,מגבון Tooly רביעייה,יחידה,0.00,יחידה,false,,10.90,0.0000,true,1,63880
7290017088822,false,תחבושות Breeze לבריח,,,תחבושות Breeze לבריח,יח',12.00,יח',false,,18.90,1.5750,true,1,157948
7290017088846,false,תחבושות Breeze לבריח,,,תחבושות Breeze לבריח,יח',12.00,יח',false,,18.90,1.5750,true,1,157276
7290017088914,false,מגבונים מבושם בייביס,,,מגבונים מבושם בייביס,יחידה,0.00,יחידה,false,,16.90,0.0000,true,1,102811
7290017088969,false,חיתולי בייביסיטר  NB,,,חיתולי בייביסיטר  NB,יחידה,0.00,יחידה,false,,29.90,0.0000,true,1,208113
7290017088983,false,חיתולי בייביסיטר  NB,,,חיתולי בייביסיטר  NB,יחידה,0.00,יחידה,false,,29.90,0.0000,true,1,208114
7290017094861,false,חומוס עם רוטב מסבחה,,,חומוס עם רוטב מסבחה,גרמים,400.00,100 גרם,false,,10.90,2.7250,true,1,17826
7290017105550,false,מאגדת רסק עגבניות יכ,,,מאגדת רסק עגבניות יכ,גרמים,400.00,100 גרם,false,,11.90,2.9750,true,1,8755
7290017105895,false,גרגרי חומוס מסעדות י,,,גרגרי חומוס מסעדות י,גרמים,550.00,100 גרם,false,,9.90,1.8000,true,1,85823
7290017129754,false,שוקולד פרימיום מריר,,,שוקולד פרימיום מריר,גרמים,100.00,100 גרם,false,,7.90,7.9000,true,1,38776
7290017129761,false,אגו שוקולד פרימיום מ,,,אגו שוקולד פרימיום מ,גרמים,100.00,100 גרם,false,,7.90,7.9000,true,1,38777
7290017129778,false,אגו שוקולד פרימיום מ,,,אגו שוקולד פרימיום מ,גרמים,100.00,100 גרם,false,,7.90,7.9000,true,1,38778
7290017129839,false,אגו שוקולד פרימיום מ,,,אגו שוקולד פרימיום מ,גרמים,100.00,100 גרם,false,,7.90,7.9000,true,1,38784
7290017142111,false,פתיתי טונה בהירה בשמ,,,פתיתי טונה בהירה בשמ,גרמים,85.00,100 גרם,false,,9.90,11.6471,true,1,29362
7290017142166,false,פילה טונה פרוס עם בש,,,פילה טונה פרוס עם בש,גרמים,120.00,100 גרם,false,,14.90,12.4167,true,1,29365
7290017142180,false,פילה טונה פרוס זית ל,,,פילה טונה פרוס זית ל,גרמים,120.00,100 גרם,false,,14.90,12.4167,true,1,29366
7290017142401,false,קינואה לבנה ואדומה ע,,,קינואה לבנה ואדומה ע,גרמים,160.00,100 גרם,false,,13.90,8.6875,true,1,105458
7290017142418,false,אורז עדשים עם טונה ב,,,אורז עדשים עם טונה ב,גרמים,160.00,100 גרם,false,,13.90,8.6875,true,1,29382
7290017217420,false,סבון אסלה מבושם בניח,,,סבון אסלה מבושם בניח,יחידה,0.00,יחידה,false,,12.90,0.0000,true,1,406851
7290017260006,false,שמן פארפין למאור 1 ל,,,שמן פארפין למאור 1 ל,יחידה,0.00,יחידה,false,,28.90,0.0000,true,1,110425
7290017266046,false,חטיף וופל קראנצ במיל,,,חטיף וופל קראנצ במיל,גרמים,600.00,100 גרם,false,,17.90,2.9833,true,1,41394
7290017266725,false,חטיף וופל  קראנצ' במ,,,חטיף וופל  קראנצ' במ,גרמים,480.00,100 גרם,false,,17.90,3.7292,true,1,112365
7290017266916,false,ופלים מעולים במילוי,,,ופלים מעולים במילוי,גרמים,200.00,100 גרם,false,,4.90,2.4500,true,1,419017
7290017275420,false,מיני קצפיות בטעם תות,,,מיני קצפיות בטעם תות,גרמים,140.00,100 גרם,false,,8.90,6.3571,true,1,302302
7290017304519,true,חלה חצי מתוקה ארוזה,,,חלה חצי מתוקה ארוזה,גרמים,500.00,100 גרם,false,,15.90,3.1800,true,1,67118
7290017304885,false,לחם שיפון וחיטה מלאה,,,לחם שיפון וחיטה מלאה,גרמים,750.00,100 גרם,false,,16.90,2.2533,true,1,35503
7290017513829,false,תה ירוק לימונית ג'ינ,,,תה ירוק לימונית ג'ינ,גרמים,37.50,100 גרם,false,,26.90,71.7333,true,1,106977
7290017589565,false,"קלאסיק גוורץ 750 מ""ל",,,"קלאסיק גוורץ 750 מ""ל",מיליליטרים,750.00,"100 מ""ל",false,,32.90,4.3867,true,1,9550
7290017589633,false,יין רזרב קברנה גולד,,,יין רזרב קברנה גולד,מיליליטרים,750.00,"100 מ""ל",false,,48.90,6.5200,true,1,9551
7290017595023,false,כוסית זכוכית עם סילי,,,כוסית זכוכית עם סילי,יחידה,0.00,יחידה,false,,2.90,0.0000,true,1,46505
7290017595061,false,זוג כוסיות שלהבת מעג,,,זוג כוסיות שלהבת מעג,יחידה,0.00,יחידה,false,,4.90,0.0000,true,1,48725
7290017617046,false,טונה בשמן זית סטארקי,,,טונה בשמן זית סטארקי,גרמים,560.00,100 גרם,false,,28.90,5.1607,true,1,26708
7290017617084,false,סטארקיסט מיקס 185 גר,,,סטארקיסט מיקס 185 גר,גרמים,185.00,100 גרם,false,,12.90,6.9730,true,1,254385
7290017617107,false,סטארקיסט מיקס 185 גר,,,סטארקיסט מיקס 185 גר,גרמים,185.00,100 גרם,false,,12.90,6.9730,true,1,218579
7290017641119,false,אגו שוקולד פרימיום 8,,,אגו שוקולד פרימיום 8,גרמים,100.00,100 גרם,false,,7.90,7.9000,true,1,38795
7290017641720,false,שוקולד 70% שברי שקד,,,שוקולד 70% שברי שקד,גרמים,100.00,100 גרם,false,,7.90,7.9000,true,1,38820
7290017641737,false,שוקולד 70% שברי אגוז,,,שוקולד 70% שברי אגוז,גרמים,100.00,100 גרם,false,,7.90,7.9000,true,1,38821
7290017641744,false,איגלו סטיקס כרמית 8*,,,איגלו סטיקס כרמית 8*,גרמים,800.00,100 גרם,false,,4.90,0.6125,true,1,73452
7290017677804,false,קיקומן רוטב סויה ללא,,,קיקומן רוטב סויה ללא,מיליליטרים,444.00,"100 מ""ל",false,,19.90,4.4820,true,1,5340
7290017812052,false,אקסלנס שיראז קברנה ס,,,אקסלנס שיראז קברנה ס,מיליליטרים,750.00,"100 מ""ל",false,,25.90,3.4533,true,1,640
7290017812380,false,תירוש מיץ ענבים אדום,,,תירוש מיץ ענבים אדום,מיליליטרים,750.00,"100 מ""ל",false,,12.90,1.7200,true,1,648
7290017812861,false,יין וינו לבן יבש יקב,,,יין וינו לבן יבש יקב,מיליליטרים,750.00,"100 מ""ל",false,,21.90,2.9200,true,1,181338
7290017812977,false,יין באזז אננס יקבי כ,,,יין באזז אננס יקבי כ,מיליליטרים,750.00,"100 מ""ל",false,,27.90,3.7200,true,1,160575
7290017872070,false,פרשוואנס מגבונים מאר,,,פרשוואנס מגבונים מאר,יחידה,0.00,יחידה,false,,12.90,0.0000,true,1,383617
7290017873008,false,גלילונית שקיות רב שי,,,גלילונית שקיות רב שי,יחידה,0.00,יחידה,false,,15.90,0.0000,true,1,230486
7290017928036,false,מקלות גריסיני שומשום,,,מקלות גריסיני שומשום,גרמים,175.00,100 גרם,false,,11.90,6.8000,true,1,5341
7290017928616,false,שטוחלה שומשום מאיר ב,,,שטוחלה שומשום מאיר ב,גרמים,300.00,100 גרם,false,,11.90,3.9667,true,1,5353
7290017928746,false,פירורי בייגלה מאיר ב,,,פירורי בייגלה מאיר ב,גרמים,200.00,100 גרם,false,,6.90,3.4500,true,1,301556
7290017941219,false,כפות 40 יח' עבה במיו,,,כפות 40 יח' עבה במיו,יחידה,0.00,יחידה,false,,7.90,0.0000,true,1,136532
7290017941257,false,כפות 40 יח' עבה במיו,,,כפות 40 יח' עבה במיו,יחידה,0.00,יחידה,false,,7.90,0.0000,true,1,136535
7290017941288,false,נר נשמה 24 שעות,,,נר נשמה 24 שעות,יחידה,0.00,יחידה,false,,1.90,0.0000,true,1,176302
7290017941349,false,נרונים 72 יח' 4 שעות,,,נרונים 72 יח' 4 שעות,יחידה,0.00,יחידה,false,,21.90,0.0000,true,1,188278
7290017941370,false,להבונים 50 יח' 3 שעו,,,להבונים 50 יח' 3 שעו,יחידה,0.00,יחידה,false,,9.90,0.0000,true,1,176306
7290017941387,false,להבונים בקופסא 100 י,,,להבונים בקופסא 100 י,יחידה,0.00,יחידה,false,,22.90,0.0000,true,1,188280
7290017941462,false,כוסות שתיה חמה 8B  י,,,כוסות שתיה חמה 8B  י,יחידה,0.00,יחידה,false,,9.90,0.0000,true,1,144058
7290017941509,false,שקיות פס סגור 15 יח',,,שקיות פס סגור 15 יח',יחידה,0.00,יחידה,false,,8.90,0.0000,true,1,160646
7290017941608,false,קערות אובליות לבן 50,,,קערות אובליות לבן 50,יחידה,0.00,יחידה,false,,10.90,0.0000,true,1,135999
7290017941738,false,מארז צלחות מהודר 20+,,,מארז צלחות מהודר 20+,יחידה,0.00,יחידה,false,,55.90,0.0000,true,1,131439
7290017941745,false,מארז צלחות מהודר 20+,,,מארז צלחות מהודר 20+,יחידה,0.00,יחידה,false,,55.90,0.0000,true,1,131440
7290017941783,false,מארז צלחות מהודר 20+,,,מארז צלחות מהודר 20+,יחידה,0.00,יחידה,false,,55.90,0.0000,true,1,132546
7290017941875,false,קערת פלסטיק עגולה 9.,,,קערת פלסטיק עגולה 9.,יחידה,0.00,יחידה,false,,8.90,0.0000,true,1,128043
7290017941882,false,קערת פלסטיק אובלית 1,,,קערת פלסטיק אובלית 1,יחידה,0.00,יחידה,false,,7.90,0.0000,true,1,128044
7290017941967,false,שקיות אוכל XL  300 י,,,שקיות אוכל XL  300 י,יחידה,0.00,יחידה,false,,8.90,0.0000,true,1,167704
7290017947105,false,לחם בסגנון אמריקה אנ,,,לחם בסגנון אמריקה אנ,גרמים,500.00,100 גרם,false,,14.90,2.9800,true,1,35504
7290017947334,true,חלה טרום נבוטה אנגל,,,חלה טרום נבוטה אנגל,גרמים,500.00,100 גרם,false,,15.90,3.1800,true,1,67119
7290017947372,true,חלה מתוקה ארוזה אנגל,,,חלה מתוקה ארוזה אנגל,גרמים,500.00,100 גרם,false,,15.90,3.1800,true,1,67123
7290017947464,false,שמיניית פיתות כוסמין,,,שמיניית פיתות כוסמין,גרמים,400.00,100 גרם,false,,16.90,4.2250,true,1,99760
7290017947495,false,6 לחמניות כוסמין אנג,,,6 לחמניות כוסמין אנג,גרמים,450.00,100 גרם,false,,15.90,3.5333,true,1,116541
7290017947891,false,לחם כוסמין וחיטה מלא,,,לחם כוסמין וחיטה מלא,גרמים,750.00,100 גרם,false,,16.90,2.2533,true,1,35505
7290017947921,true,מארז לחמניות המבורגר,,,מארז לחמניות המבורגר,גרמים,450.00,100 גרם,false,,14.90,3.3111,true,1,73474
7290017947938,false,8 לחמניות המבורגר בס,,,8 לחמניות המבורגר בס,גרמים,4000.00,100 גרם,false,,14.90,0.3725,true,1,117121
7290018071212,false,כפפות ניטרו-V כחולות,,,כפפות ניטרו-V כחולות,יחידה,0.00,יחידה,false,,19.90,0.0000,true,1,330318
7290018071229,false,כפפות ניטרו-V כחולות,,,כפפות ניטרו-V כחולות,יחידה,0.00,יחידה,false,,19.90,0.0000,true,1,330319
7290018091029,false,מקלות פילו תפוח אדמה,,,מקלות פילו תפוח אדמה,גרמים,450.00,100 גרם,false,,15.90,3.5333,true,1,84408
7290018091616,false,מקלות פילו גבינה 450,,,מקלות פילו גבינה 450,גרמים,450.00,100 גרם,false,,15.90,3.5333,true,1,84409
7290018127438,false,קניידלך ללא גלוטן כש,,,קניידלך ללא גלוטן כש,גרמים,130.00,100 גרם,false,,15.90,12.2308,true,1,130037
7290018131251,false,אקסטרים מטבע שוקולד,,,אקסטרים מטבע שוקולד,יחידה,0.00,יחידה,false,,9.90,0.0000,true,1,64877
7290018131770,false,שלגון וניל מצופה תות,,,שלגון וניל מצופה תות,גרמים,67.00,100 גרם,false,,4.90,7.3134,true,1,156957
7290018195048,false,חתיכות אננס מקולף בס,,,חתיכות אננס מקולף בס,גרמים,490.00,100 גרם,false,,11.90,2.4286,true,1,329322
7290018195178,false,שוקולד מריר 62% טעמן,,,שוקולד מריר 62% טעמן,גרמים,100.00,100 גרם,false,,5.90,5.9000,true,1,261648
7290018195406,false,שמן זית כתית עגול טע,,,שמן זית כתית עגול טע,מיליליטרים,750.00,"100 מ""ל",false,,29.90,3.9867,true,1,261553
7290018198339,false,תפוגן טוגן קלאסי 1.8,,,תפוגן טוגן קלאסי 1.8,קילוגרמים,1.80,"ק""ג",false,,22.90,12.7222,true,1,424793
7290018225493,false,תנור חימום 2 גופים פ,,,תנור חימום 2 גופים פ,יחידה,0.00,יחידה,false,,69.90,0.0000,true,1,214443
7290018225882,false,מפזר חום לאמבטיה 200,,,מפזר חום לאמבטיה 200,יחידה,0.00,יחידה,false,,99.90,0.0000,true,1,214444
7290018236086,false,ע.ט. נקניקיות עוף 12,,,ע.ט. נקניקיות עוף 12,קילוגרמים,1.00,"ק""ג",false,,28.90,28.9000,true,1,166248
7290018237908,false,נקניקיות עסיסיות למנ,,,נקניקיות עסיסיות למנ,קילוגרמים,400.00,"ק""ג",false,,15.90,0.0398,true,1,346536
7290018237939,false,שניצלונים ציפוי שומש,,,שניצלונים ציפוי שומש,גרמים,700.00,100 גרם,false,,21.90,3.1286,true,1,404520
7290018294352,false,"ארק יקבי כרמל 700 מ""",,,"ארק יקבי כרמל 700 מ""",מיליליטרים,700.00,"100 מ""ל",false,,55.20,7.8857,true,1,289975
7290018333112,false,טופי אצבעות מיקס פיר,,,טופי אצבעות מיקס פיר,גרמים,402.00,100 גרם,false,,9.90,2.4627,true,1,118560
7290018359334,false,רכז עגבניות טבעי פרי,,,רכז עגבניות טבעי פרי,גרמים,580.00,100 גרם,false,,9.90,1.7069,true,1,105320
7290018359495,false,תירס מהשדה בלי תוספת,,,תירס מהשדה בלי תוספת,גרמים,550.00,100 גרם,false,,8.90,1.6182,true,1,105345
7290018359716,false,רוטב פיצה טוסקנה יכי,,,רוטב פיצה טוסקנה יכי,גרמים,240.00,100 גרם,false,,5.50,2.2917,true,1,144612
7290018440247,false,חווית הצ'אי- שקדים 2,,,חווית הצ'אי- שקדים 2,גרמים,50.00,100 גרם,false,,19.90,39.8000,true,1,214729
7290018471210,false,קרטונית אגס תפוח וסב,,,קרטונית אגס תפוח וסב,ליטרים,1.00,ליטר,false,,6.90,6.9000,true,1,141949
7290018471463,false,נקטר תפוזינה ENJOY ב,,,נקטר תפוזינה ENJOY ב,ליטרים,1.00,ליטר,false,,6.90,6.9000,true,1,156571
7290018471470,false,נקטר תפוזינה ENJOY ב,,,נקטר תפוזינה ENJOY ב,ליטרים,1.00,ליטר,false,,6.90,6.9000,true,1,156572
7290018471630,false,שוופס טוניק מלפפון ל,,,שוופס טוניק מלפפון ל,ליטרים,1.00,ליטר,false,,9.10,9.1000,true,1,158959
7290018471906,false,שוופס מוגז לימונדה ו,,,שוופס מוגז לימונדה ו,ליטרים,1.50,ליטר,false,,9.50,6.3333,true,1,220423
7290018471937,false,שוופס מוגז פירות תות,,,שוופס מוגז פירות תות,ליטרים,1.50,ליטר,false,,9.50,6.3333,true,1,220439
7290018471944,false,שוופס מוגז למונייד 1,,,שוופס מוגז למונייד 1,ליטרים,1.50,ליטר,false,,9.50,6.3333,true,1,220440
7290018471951,false,שוופס פרוטס אשכולית,,,שוופס פרוטס אשכולית,ליטרים,1.50,ליטר,false,,9.50,6.3333,true,1,220441
7290018493069,false,קרם ידיים אפקטיב קר,,,קרם ידיים אפקטיב קר,מיליליטרים,100.00,"100 מ""ל",false,,15.90,15.9000,true,1,357243
7290018493878,false,"סרקל שמפו 750 מ""ל עם",,,"סרקל שמפו 750 מ""ל עם",מיליליטרים,750.00,"100 מ""ל",false,,19.90,2.6533,true,1,174647
7290018493885,false,"סרקל מרכך 750 מ""ל עם",,,"סרקל מרכך 750 מ""ל עם",מיליליטרים,750.00,"100 מ""ל",false,,19.90,2.6533,true,1,174648
7290018500231,false,לחם וויקאנד אנג'ל 75,,,לחם וויקאנד אנג'ל 75,גרמים,750.00,100 גרם,false,,18.90,2.5200,true,1,383183
7290018500361,false,לחם אחיד פרוס מאפיית,,,לחם אחיד פרוס מאפיית,גרמים,900.00,100 גרם,false,,8.32,0.9244,true,1,401419
7290018500385,true,חלה רגילה אנגל 650 ג,,,חלה רגילה אנגל 650 ג,גרמים,650.00,100 גרם,false,,6.50,1.0000,true,1,427312
7290018500392,true,חלה קלועה אנגל 650 ג,,,חלה קלועה אנגל 650 ג,גרמים,650.00,100 גרם,false,,6.50,1.0000,true,1,427313
7290018540329,false,פיתה פיתה אנגל 880 ג,,,פיתה פיתה אנגל 880 ג,יח',10.00,יח',false,,12.90,1.2900,true,1,132583
7290018540817,false,לחם ארטיזנל כוסמין א,,,לחם ארטיזנל כוסמין א,גרמים,500.00,100 גרם,false,,18.90,3.7800,true,1,313967
7290018540824,false,לחם מחמצת כפרי artis,,,לחם מחמצת כפרי artis,גרמים,500.00,100 גרם,false,,18.90,3.7800,true,1,313982
7290018564677,false,ממרח ארטישוק שף הטבע,,,ממרח ארטישוק שף הטבע,גרמים,200.00,100 גרם,false,,12.90,6.4500,true,1,302282
7290018564684,false,ממרח פסטו בזיליקום ו,,,ממרח פסטו בזיליקום ו,גרמים,200.00,100 גרם,false,,12.90,6.4500,true,1,302283
7290018564714,false,ממרח לימון כבוש שף ה,,,ממרח לימון כבוש שף ה,גרמים,200.00,100 גרם,false,,12.90,6.4500,true,1,302286
7290018571064,false,מקלוני טופי מיה 450,,,מקלוני טופי מיה 450,גרמים,450.00,100 גרם,false,,14.90,3.3111,true,1,138268
7290018571071,false,פספסים טופי מיה 450,,,פספסים טופי מיה 450,גרמים,450.00,100 גרם,false,,14.90,3.3111,true,1,138269
7290018571415,false,לקקנים מולטיקולור תו,,,לקקנים מולטיקולור תו,גרמים,220.00,100 גרם,false,,9.90,4.5000,true,1,279951
7290018571699,false,קמח שקדים מיה 250 גר,,,קמח שקדים מיה 250 גר,גרמים,250.00,100 גרם,false,,26.90,10.7600,true,1,328644
7290018571705,false,"אורז יסמין 1 ק""ג",,,"אורז יסמין 1 ק""ג",קילוגרמים,1.00,"ק""ג",false,,11.90,11.9000,true,1,387857
7290018571743,false,"אורז מלא 1 ק""ג",,,"אורז מלא 1 ק""ג",קילוגרמים,1.00,"ק""ג",false,,9.90,9.9000,true,1,387887
7290018626085,false,לפתניות 4.5 שקוף 50,,,לפתניות 4.5 שקוף 50,יחידה,0.00,יחידה,false,,8.90,0.0000,true,1,135964
7290018626290,false,פיצה מרגריטה עגבניות,,,פיצה מרגריטה עגבניות,גרמים,420.00,100 גרם,false,,11.90,2.8333,true,1,185670
7290018626528,false,ניילון נצמד 30*150 ע,,,ניילון נצמד 30*150 ע,מטרים,150.00,מטר,false,,18.90,0.1260,true,1,158175
7290018626900,false,מפיות תלת שכבתיות 20,,,מפיות תלת שכבתיות 20,יחידה,0.00,יחידה,false,,5.90,0.0000,true,1,199205
7290018652015,false,סופרולר 75 גרם.,,,סופרולר 75 גרם.,גרמים,75.00,100 גרם,false,,7.90,10.5333,true,1,166747
7290018652053,false,ביסקולידה אקס בטעם ש,,,ביסקולידה אקס בטעם ש,גרמים,90.00,100 גרם,false,,7.90,8.7778,true,1,156958
7290018652770,false,אקסטרים בטעם בייגלה,,,אקסטרים בטעם בייגלה,גרמים,115.00,100 גרם,false,,9.90,8.6087,true,1,290299
7290018720028,false,מעדני המלך אותיות 25,,,מעדני המלך אותיות 25,גרמים,250.00,100 גרם,false,,5.90,2.3600,true,1,145477
7290018720110,false,עוגיות ממולאות בקרם,,,עוגיות ממולאות בקרם,גרמים,150.00,100 גרם,false,,6.90,4.6000,true,1,209547
7290018720189,false,ביסקוויט קסטה בטעם ש,,,ביסקוויט קסטה בטעם ש,גרמים,200.00,100 גרם,false,,5.90,2.9500,true,1,416920
7290018720219,false,פיצפוצי אורז ללא סוכ,,,פיצפוצי אורז ללא סוכ,גרמים,250.00,100 גרם,false,,13.90,5.5600,true,1,415257
7290018720226,false,פיצפוצי אורז עם סוכר,,,פיצפוצי אורז עם סוכר,גרמים,250.00,100 גרם,false,,13.90,5.5600,true,1,415258
7290018835029,false,מרק בטעם עוף פרווה ת,,,מרק בטעם עוף פרווה ת,גרמים,400.00,100 גרם,false,,15.90,3.9750,true,1,415225
7290018878095,false,שלשות שוקולד ללס חלב,,,שלשות שוקולד ללס חלב,גרמים,255.00,100 גרם,false,,14.90,5.8431,true,1,323695
7290018886229,false,מזלגות עבות 50 יח',,,מזלגות עבות 50 יח',יחידה,0.00,יחידה,false,,9.90,0.0000,true,1,181756
7290018886243,false,כפות עבות 50 יח'  קר,,,כפות עבות 50 יח'  קר,יחידה,0.00,יחידה,false,,9.90,0.0000,true,1,181758
7290018886649,false,כוס קינוח משולשת 20,,,כוס קינוח משולשת 20,יחידה,0.00,יחידה,false,,10.90,0.0000,true,1,251322
7290018886991,false,שמן קנולה אלומות 1 ל,,,שמן קנולה אלומות 1 ל,ליטרים,1.00,ליטר,false,,10.90,10.9000,true,1,197478
7290018893036,false,ביסקוויטי סנדוויץ בט,,,ביסקוויטי סנדוויץ בט,גרמים,176.00,100 גרם,false,,5.90,3.3523,true,1,262671
7290018893661,false,צ'וקטה עוגות אישיות,,,צ'וקטה עוגות אישיות,גרמים,240.00,100 גרם,false,,12.90,5.3750,true,1,186391
7290018925065,false,פרימור מיץ תפוזים סח,,,פרימור מיץ תפוזים סח,ליטרים,2.00,ליטר,false,,27.90,13.9500,true,1,233657
7290018935026,false,כוסות 8B שתיה חמה 30,,,כוסות 8B שתיה חמה 30,יחידה,0.00,יחידה,false,,5.90,0.0000,true,1,311523
7290018989005,false,פולפה טבעית יכין  3*,,,פולפה טבעית יכין  3*,קילוגרמים,1.20,"ק""ג",false,,16.90,14.0833,true,1,266664
7290019014010,false,נוזל רצפות לגונה טאצ,,,נוזל רצפות לגונה טאצ,ליטרים,4.00,ליטר,false,,12.90,3.2250,true,1,260880
7290019014034,false,נוזל רצפות לוטוס טאצ,,,נוזל רצפות לוטוס טאצ,ליטרים,4.00,ליטר,false,,12.90,3.2250,true,1,256507
7290019031000,false,WIZ מארז חמישיית ניי,,,WIZ מארז חמישיית ניי,יחידה,0.00,יחידה,false,,10.90,0.0000,true,1,257294
7290019031017,false,נר הבדלה צהוב,,,נר הבדלה צהוב,יחידה,0.00,יחידה,false,,8.90,0.0000,true,1,323608
7290019031048,false,להבונים ריחניים וניל,,,להבונים ריחניים וניל,יחידה,0.00,יחידה,false,,11.90,0.0000,true,1,323638
7290019031079,false,תבנית R-29 מרובעת קט,,,תבנית R-29 מרובעת קט,יחידה,0.00,יחידה,false,,9.90,0.0000,true,1,301524
7290019031086,false,תבנית R-31 גדולה 7 י,,,תבנית R-31 גדולה 7 י,יחידה,0.00,יחידה,false,,9.90,0.0000,true,1,301525
7290019031123,false,תבנית אלומינים A-14,,,תבנית אלומינים A-14,יחידה,0.00,יחידה,false,,9.90,0.0000,true,1,301529
7290019031215,false,כוסות 10OZ לשתייה חמ,,,כוסות 10OZ לשתייה חמ,יחידה,0.00,יחידה,false,,9.90,0.0000,true,1,311488
7290019031222,false,כוסות 12OZ לשתייה חמ,,,כוסות 12OZ לשתייה חמ,יחידה,0.00,יחידה,false,,11.90,0.0000,true,1,311503
7290019031307,false,לפתניות לבנות 25 יח',,,לפתניות לבנות 25 יח',יחידה,0.00,יחידה,false,,5.90,0.0000,true,1,291790
7290019031345,false,צלחות גדולות 9 לבן 2,,,צלחות גדולות 9 לבן 2,יחידה,0.00,יחידה,false,,12.90,0.0000,true,1,262700
7290019031352,false,"צלחות ענקיות 10"" לבנ",,,"צלחות ענקיות 10"" לבנ",יחידה,0.00,יחידה,false,,23.90,0.0000,true,1,291794
7290019031543,false,שמן זית כתית מעולה א,,,שמן זית כתית מעולה א,מיליליטרים,750.00,"100 מ""ל",false,,30.90,4.1200,true,1,311132
7290019031666,false,WIZ צלחות קטנות שקופ,,,WIZ צלחות קטנות שקופ,יחידה,0.00,יחידה,false,,9.90,0.0000,true,1,417347
7290019056027,false,שוופס מוגז פירות תפו,,,שוופס מוגז פירות תפו,ליטרים,1.50,ליטר,false,,8.90,5.9333,true,1,220442
7290019056034,false,שוופס מוגז פירות אננ,,,שוופס מוגז פירות אננ,ליטרים,1.50,ליטר,false,,8.90,5.9333,true,1,220443
7290019056041,false,שוופס מוגז פירות ללא,,,שוופס מוגז פירות ללא,ליטרים,1.50,ליטר,false,,8.90,5.9333,true,1,220457
7290019056058,false,שוופס מוגז עדין תפוח,,,שוופס מוגז עדין תפוח,ליטרים,1.50,ליטר,false,,8.90,5.9333,true,1,219869
7290019056065,false,שוופס מוגז עדין פירו,,,שוופס מוגז עדין פירו,ליטרים,1.50,ליטר,false,,8.90,5.9333,true,1,219870
7290019056072,false,שוופס מוגז עדין אננס,,,שוופס מוגז עדין אננס,ליטרים,1.50,ליטר,false,,8.90,5.9333,true,1,219886
7290019056089,false,שוופס מוגז עדין טעם,,,שוופס מוגז עדין טעם,ליטרים,1.50,ליטר,false,,8.90,5.9333,true,1,219887
7290019056096,false,שוופס מוגז עדין אפרס,,,שוופס מוגז עדין אפרס,ליטרים,1.50,ליטר,false,,8.90,5.9333,true,1,219888
7290019056119,false,שוופס סודה 1.5ליטר,,,שוופס סודה 1.5ליטר,ליטרים,1.50,ליטר,false,,3.90,2.6000,true,1,219760
7290019056164,false,שוופס סודה 4*1.5ליטר,,,שוופס סודה 4*1.5ליטר,ליטרים,6.00,ליטר,false,,13.10,2.1833,true,1,219775
7290019056171,false,שוופס סודה לימון 4*1,,,שוופס סודה לימון 4*1,ליטרים,6.00,ליטר,false,,13.10,2.1833,true,1,219791
7290019056188,false,שוופס סודה נענע ליים,,,שוופס סודה נענע ליים,ליטרים,6.00,ליטר,false,,13.10,2.1833,true,1,219806
7290019056232,false,שוופס ליים מוחיטו 1.,,,שוופס ליים מוחיטו 1.,ליטרים,1.50,ליטר,false,,9.50,6.3333,true,1,219903
7290019056249,false,שוופס וואטר ענבים 1.,,,שוופס וואטר ענבים 1.,ליטרים,1.50,ליטר,false,,8.90,5.9333,true,1,219716
7290019056256,false,שוופס וואטר בטעם תפו,,,שוופס וואטר בטעם תפו,ליטרים,1.50,ליטר,false,,8.90,5.9333,true,1,219731
7290019056300,false,שוופס ביטר לימון 1.5,,,שוופס ביטר לימון 1.5,ליטרים,1.50,ליטר,false,,12.50,8.3333,true,1,220488
7290019056317,false,שוופס ראשן 1.5 ליטר,,,שוופס ראשן 1.5 ליטר,ליטרים,1.50,ליטר,false,,12.50,8.3333,true,1,220489
7290019056324,false,שוופס מי טוניק 1.5 ל,,,שוופס מי טוניק 1.5 ל,ליטרים,1.50,ליטר,false,,12.50,8.3333,true,1,220490
7290019056331,false,שוופס טוניק ללא סוכר,,,שוופס טוניק ללא סוכר,ליטרים,1.50,ליטר,false,,11.90,7.9333,true,1,220504
7290019056355,false,תפוזינה לימונדה נענע,,,תפוזינה לימונדה נענע,ליטרים,1.50,ליטר,false,,8.90,5.9333,true,1,219333
7290019056379,false,תפוזינה תפוזים 1.5 ל,,,תפוזינה תפוזים 1.5 ל,ליטרים,1.50,ליטר,false,,8.90,5.9333,true,1,219472
7290019056386,false,תפוזינה אשכוליות 1.5,,,תפוזינה אשכוליות 1.5,ליטרים,1.50,ליטר,false,,8.90,5.9333,true,1,219473
7290019056393,false,תפוזינה תות בננה 1.5,,,תפוזינה תות בננה 1.5,ליטרים,1.50,ליטר,false,,8.90,5.9333,true,1,219490
7290019056423,false,תפוזינה תפוח רענן 1.,,,תפוזינה תפוח רענן 1.,ליטרים,1.50,ליטר,false,,8.90,5.9333,true,1,219532
7290019056508,false,פרוט ווטר ענבים 1.5,,,פרוט ווטר ענבים 1.5,ליטרים,1.50,ליטר,false,,9.50,6.3333,true,1,219632
7290019056515,false,פרוט ווטר אננס 1.5 ל,,,פרוט ווטר אננס 1.5 ל,ליטרים,1.50,ליטר,false,,9.50,6.3333,true,1,219660
7290019056522,false,פרוט ווטר תות 1.5 לי,,,פרוט ווטר תות 1.5 לי,ליטרים,1.50,ליטר,false,,9.50,6.3333,true,1,219674
7290019056539,false,פרוט ווטר אפרסק 1.5,,,פרוט ווטר אפרסק 1.5,ליטרים,1.50,ליטר,false,,9.50,6.3333,true,1,219688
7290019056546,false,פרוט ווטר אבטיח 1.5,,,פרוט ווטר אבטיח 1.5,ליטרים,1.50,ליטר,false,,9.50,6.3333,true,1,219689
7290019056553,false,עין גדי מים מינרלים,,,עין גדי מים מינרלים,ליטרים,12.00,ליטר,false,,13.30,1.1083,true,1,220615
7290019056577,false,ספרינג מנגו 1.5 ליטר,,,ספרינג מנגו 1.5 ליטר,ליטרים,1.50,ליטר,false,,8.90,5.9333,true,1,219206
7290019056584,false,ספרינג תפוזים 1.5 לי,,,ספרינג תפוזים 1.5 לי,ליטרים,1.50,ליטר,false,,8.90,5.9333,true,1,219236
7290019056591,false,ספרינג ענבים 1.5 ליט,,,ספרינג ענבים 1.5 ליט,ליטרים,1.50,ליטר,false,,8.90,5.9333,true,1,219237
7290019056607,false,ספרינג תפוחים 1.5 לי,,,ספרינג תפוחים 1.5 לי,ליטרים,1.50,ליטר,false,,8.90,5.9333,true,1,219238
7290019056614,false,ספרינג אפרסק 1.5 ליט,,,ספרינג אפרסק 1.5 ליט,ליטרים,1.50,ליטר,false,,8.90,5.9333,true,1,219252
7290019056621,false,ספרינג פירות טרופיים,,,ספרינג פירות טרופיים,ליטרים,1.50,ליטר,false,,8.90,5.9333,true,1,219270
7290019056638,false,ספרינג תות בננה 1.5,,,ספרינג תות בננה 1.5,ליטרים,1.50,ליטר,false,,8.90,5.9333,true,1,219271
7290019056645,false,ספרינג אגס סברס תפוח,,,ספרינג אגס סברס תפוח,ליטרים,1.50,ליטר,false,,8.90,5.9333,true,1,219272
7290019056652,false,ספרינג אננס בננה 1.5,,,ספרינג אננס בננה 1.5,ליטרים,1.50,ליטר,false,,8.90,5.9333,true,1,219294
7290019056720,false,קריסטל מיץ ענבים 2 ל,,,קריסטל מיץ ענבים 2 ל,ליטרים,2.00,ליטר,false,,7.90,3.9500,true,1,220505
7290019056744,false,קריסטל מיץ תפוזים 2,,,קריסטל מיץ תפוזים 2,ליטרים,2.00,ליטר,false,,7.90,3.9500,true,1,220520
7290019056782,false,קריסטל למון ליים 2 ל,,,קריסטל למון ליים 2 ל,ליטרים,2.00,ליטר,false,,7.90,3.9500,true,1,220537
7290019056799,false,קריסטל אקזוטי 2 ליטר,,,קריסטל אקזוטי 2 ליטר,ליטרים,2.00,ליטר,false,,7.90,3.9500,true,1,220538
7290019056836,false,תות קריסטל 2 ליטר,,,תות קריסטל 2 ליטר,ליטרים,2.00,ליטר,false,,7.90,3.9500,true,1,220569
7290019056843,false,קריסטל קולה 2 ליטר,,,קריסטל קולה 2 ליטר,ליטרים,2.00,ליטר,false,,7.90,3.9500,true,1,220570
7290019056959,false,מי עדן 1.5 ליטר,,,מי עדן 1.5 ליטר,ליטרים,1.50,ליטר,false,,3.90,2.6000,true,1,240581
7290019056973,false,מי עדן 6*1.5 ליטר,,,מי עדן 6*1.5 ליטר,ליטרים,9.00,ליטר,false,,12.90,1.4333,true,1,220585
7290019153252,false,שוופס סודה תפוח 4*1.,,,שוופס סודה תפוח 4*1.,ליטרים,6.00,ליטר,false,,13.10,2.1833,true,1,350612
7290019153375,false,תפוזינה מוחיטו 1.5 ל,,,תפוזינה מוחיטו 1.5 ל,ליטרים,1.50,ליטר,false,,8.90,5.9333,true,1,369777
7290019245001,false,שמן קנולה אלומות 1 ל,,,שמן קנולה אלומות 1 ל,ליטרים,1.00,ליטר,false,,10.90,10.9000,true,1,337696
7290019297543,false,חמאת בוטנים שקדיה 51,,,חמאת בוטנים שקדיה 51,גרמים,510.00,100 גרם,false,,9.90,1.9412,true,1,4919
7290019297628,false,שקד טבעי 150 גרם ששו,,,שקד טבעי 150 גרם ששו,גרמים,150.00,100 גרם,false,,13.90,9.2667,true,1,4925
7290019297635,false,שקד קלוי  150 גרם,,,שקד קלוי  150 גרם,גרמים,150.00,100 גרם,false,,16.90,11.2667,true,1,4926
7290019303657,false,פינוקיות שומשום מיקס,,,פינוקיות שומשום מיקס,גרמים,220.00,100 גרם,false,,18.90,8.5909,true,1,435620
7290019303756,false,פינוקיות שומשום וגרע,,,פינוקיות שומשום וגרע,גרמים,220.00,100 גרם,false,,18.90,8.5909,true,1,435636
7290019303800,false,פינוקיות שומשום שקדי,,,פינוקיות שומשום שקדי,גרמים,220.00,100 גרם,false,,18.90,8.5909,true,1,435637
7290100243671,false,בדין אקסטרא כחול-960,,,בדין אקסטרא כחול-960,מיליליטרים,960.00,"100 מ""ל",false,,14.90,1.5521,true,1,10449
7290100412459,false,מגבונים לניקוי וחיטו,,,מגבונים לניקוי וחיטו,יחידה,0.00,יחידה,false,,7.90,0.0000,true,1,29578
7290100412466,false,מגבונים לניקוי רצפות,,,מגבונים לניקוי רצפות,יח',10.00,יח',false,,10.90,1.0900,true,1,29579
7290100653586,false,דיאודורנט ליידי ספיד,,,דיאודורנט ליידי ספיד,גרמים,65.00,100 גרם,false,,17.90,27.5385,true,1,21561
7290100680650,false,מנה חמה נודלס תאילנד,,,מנה חמה נודלס תאילנד,גרמים,76.00,100 גרם,false,,6.90,9.0789,true,1,18807
7290100680711,false,אסם פירורית זהב 350,,,אסם פירורית זהב 350,גרמים,350.00,100 גרם,false,,9.90,2.8286,true,1,18809
7290100680728,false,פירורית רגילה שקית 3,,,פירורית רגילה שקית 3,גרמים,350.00,100 גרם,false,,7.90,2.2571,true,1,18810
7290100681138,false,אפרופו מאח 3*50 גר',,,אפרופו מאח 3*50 גר',גרמים,150.00,100 גרם,false,,12.90,8.6000,true,1,18814
7290100685136,false,מרק בטעם עוף אסם 1 ק,,,מרק בטעם עוף אסם 1 ק,קילוגרמים,1.00,"ק""ג",false,,15.90,15.9000,true,1,18831
7290100687109,false,במבה במילוי קרם נוגט,,,במבה במילוי קרם נוגט,גרמים,60.00,100 גרם,false,,4.50,7.5000,true,1,18845
7290100689301,false,מרק בטעם עוף זך אסם,,,מרק בטעם עוף זך אסם,גרמים,400.00,100 גרם,false,,13.90,3.4750,true,1,18852
7290100700006,false,"סוגת חיטה 1 ק""ג",,,"סוגת חיטה 1 ק""ג",קילוגרמים,1.00,"ק""ג",false,,8.90,8.9000,true,1,17346
7290100700020,false,סוגת גריסי פנינה 500,,,סוגת גריסי פנינה 500,גרמים,500.00,100 גרם,false,,6.90,1.3800,true,1,17347
7290100700242,false,סוגת אורז מלא עגול 1,,,סוגת אורז מלא עגול 1,קילוגרמים,1.00,"ק""ג",false,,9.90,9.9000,true,1,17349
7290100700273,false,קינואה סוגת 500 גרם,,,קינואה סוגת 500 גרם,גרמים,500.00,100 גרם,false,,14.90,2.9800,true,1,17351
7290100700310,false,כוסמת 1 ק'ג,,,כוסמת 1 ק'ג,קילוגרמים,1.00,"ק""ג",false,,15.90,15.9000,true,1,17353
7290100700334,false,סוגת קינואה 1קג,,,סוגת קינואה 1קג,קילוגרמים,1.00,"ק""ג",false,,28.90,28.9000,true,1,17355
7290100700372,false,אורז בסמטי מלא 1 ק'ג,,,אורז בסמטי מלא 1 ק'ג,קילוגרמים,1.00,"ק""ג",false,,10.00,10.0000,true,1,17357
7290100700396,false,סוגת אורז יסמין קלאס,,,סוגת אורז יסמין קלאס,קילוגרמים,1.00,"ק""ג",false,,12.90,12.9000,true,1,17359
7290100700587,false,סוגת בורגול 500 גר,,,סוגת בורגול 500 גר,גרמים,500.00,100 גרם,false,,6.90,1.3800,true,1,17365
7290100701157,false,אורז סושי 1 קג,,,אורז סושי 1 קג,קילוגרמים,1.00,"ק""ג",false,,11.90,11.9000,true,1,17368
7290100701331,false,קמח רב תכליתי סוגת,,,קמח רב תכליתי סוגת,קילוגרמים,1.00,"ק""ג",false,,6.90,6.9000,true,1,17371
7290100701409,false,קמח תירס סוגת 500 גר,,,קמח תירס סוגת 500 גר,גרמים,500.00,100 גרם,false,,6.90,1.3800,true,1,17375
7290100701454,false,גרישה 500 גרם,,,גרישה 500 גרם,גרמים,500.00,100 גרם,false,,6.90,1.3800,true,1,17377
7290100702260,false,קוסקוס דק סוגת 350 ג,,,קוסקוס דק סוגת 350 ג,גרמים,350.00,100 גרם,false,,4.90,1.4000,true,1,17388
7290100702277,false,קוסקוס עבה סוגת 350,,,קוסקוס עבה סוגת 350,גרמים,350.00,100 גרם,false,,4.90,1.4000,true,1,17389
7290100702284,false,קוסקוס מלא סוגת 350,,,קוסקוס מלא סוגת 350,גרמים,350.00,100 גרם,false,,4.90,1.4000,true,1,17390
7290100702383,false,"קמח תופח סוגת 1 ק""ג",,,"קמח תופח סוגת 1 ק""ג",קילוגרמים,1.00,"ק""ג",false,,6.90,6.9000,true,1,17393
7290100702611,false,פתיתים אפויים אורז ס,,,פתיתים אפויים אורז ס,גרמים,500.00,100 גרם,false,,4.90,0.9800,true,1,17402
7290100702628,false,פתיתים אפויים קוסקוס,,,פתיתים אפויים קוסקוס,גרמים,500.00,100 גרם,false,,4.90,0.9800,true,1,17403
7290100702635,false,פתיתים אפויים כוכבים,,,פתיתים אפויים כוכבים,גרמים,500.00,100 גרם,false,,4.90,0.9800,true,1,17404
7290100702741,false,סוכר חום בהיר בצנצנת,,,סוכר חום בהיר בצנצנת,קילוגרמים,1.00,"ק""ג",false,,12.90,12.9000,true,1,17413
7290100702987,false,פתיתי שיבולת שועל סו,,,פתיתי שיבולת שועל סו,גרמים,500.00,100 גרם,false,,6.90,1.3800,true,1,17430
7290100702994,false,סוכר דמררה בשקית סוג,,,סוכר דמררה בשקית סוג,גרמים,500.00,100 גרם,false,,5.90,1.1800,true,1,17431
7290100703007,false,סוגת עדשים שחורות בל,,,סוגת עדשים שחורות בל,גרמים,500.00,100 גרם,false,,8.90,1.7800,true,1,17432
7290100703533,false,קמח קסם רב תכליתי סו,,,קמח קסם רב תכליתי סו,קילוגרמים,1.00,"ק""ג",false,,7.90,7.9000,true,1,17453
7290100703564,false,שיבולת שועל עבה סוגת,,,שיבולת שועל עבה סוגת,גרמים,500.00,100 גרם,false,,6.90,1.3800,true,1,17456
7290100703625,false,קמח לבן ללא ניפוי סו,,,קמח לבן ללא ניפוי סו,קילוגרמים,1.00,"ק""ג",false,,7.90,7.9000,true,1,17459
7290100703632,false,קמח מלא ללא ניפוי סו,,,קמח מלא ללא ניפוי סו,קילוגרמים,1.00,"ק""ג",false,,7.90,7.9000,true,1,17460
7290100703915,false,מארז פופקורן למיקרוג,,,מארז פופקורן למיקרוג,גרמים,540.00,100 גרם,false,,12.90,2.3889,true,1,17471
7290100703922,false,מארז פופקורן למיקרוג,,,מארז פופקורן למיקרוג,גרמים,540.00,100 גרם,false,,12.90,2.3889,true,1,17472
7290100704493,false,קמח שמרים פיצה סוגת,,,קמח שמרים פיצה סוגת,קילוגרמים,1.00,"ק""ג",false,,7.90,7.9000,true,1,117392
7290100704622,false,סוכר דמררה דק דק בצנ,,,סוכר דמררה דק דק בצנ,גרמים,500.00,100 גרם,false,,7.90,1.5800,true,1,214500
7290100704660,false,קינואה מיקס סוגת 500,,,קינואה מיקס סוגת 500,גרמים,500.00,100 גרם,false,,14.90,2.9800,true,1,158775
7290100850909,false,דוריטוס נאצו מקסיקני,,,דוריטוס נאצו מקסיקני,גרמים,70.00,100 גרם,false,,3.90,5.5714,true,1,24177
7290100850916,false,דוריטוס חמוץ חריף 70,,,דוריטוס חמוץ חריף 70,גרמים,70.00,100 גרם,false,,3.90,5.5714,true,1,24178
7290100850923,false,דוריטוס גריל 70 גרם,,,דוריטוס גריל 70 גרם,גרמים,70.00,100 גרם,false,,3.90,5.5714,true,1,24179
7290100850930,false,דוריטוס טבעי 70 גרם,,,דוריטוס טבעי 70 גרם,גרמים,70.00,100 גרם,false,,3.90,5.5714,true,1,24180
7290100858592,false,עלית קקאו 150ג,,,עלית קקאו 150ג,גרמים,150.00,100 גרם,false,,10.50,7.0000,true,1,22363
7290100858608,false,עלית קקאו 500ג,,,עלית קקאו 500ג,גרמים,500.00,100 גרם,false,,27.10,5.4200,true,1,22364
7290100921609,false,סוד סבון 4 כדוריות ל,,,סוד סבון 4 כדוריות ל,גרמים,50.00,100 גרם,false,,9.90,19.8000,true,1,34947
7290100924457,false,סוד סבון 4 כדוריות ל,,,סוד סבון 4 כדוריות ל,גרמים,150.00,100 גרם,false,,19.90,13.2667,true,1,34962
7290100925676,false,קולור קאצ'ר 20 דפים,,,קולור קאצ'ר 20 דפים,יחידה,0.00,יחידה,false,,22.90,0.0000,true,1,35011
7290101453918,false,נר מספר 4,,,נר מספר 4,יחידה,0.00,יחידה,false,,4.50,0.0000,true,1,32281
7290101459880,false,נרות אותיות- יום הול,,,נרות אותיות- יום הול,יחידה,0.00,יחידה,false,,9.90,0.0000,true,1,32480
7290101488323,false,דאו' ללא סימן ירוק ל,,,דאו' ללא סימן ירוק ל,גרמים,65.00,100 גרם,false,,19.90,30.6154,true,1,21577
7290101551263,false,סילאן טבעי יד מרדכי,,,סילאן טבעי יד מרדכי,גרמים,700.00,100 גרם,false,,20.90,2.9857,true,1,22373
7290101551300,false,סילאן טבעי לחיץ יד מ,,,סילאן טבעי לחיץ יד מ,גרמים,380.00,100 גרם,false,,14.90,3.9211,true,1,22374
7290101551539,false,דנונה פרו 20 אפרסק 2,,,דנונה פרו 20 אפרסק 2,גרמים,200.00,100 גרם,false,,5.90,2.9500,true,1,23395
7290101551584,false,מארז תפוצ'יפס קידס 1,,,מארז תפוצ'יפס קידס 1,גרמים,200.00,100 גרם,false,,13.90,6.9500,true,1,24185
7290101551638,false,מארז צ'יטוס כאפה 10*,,,מארז צ'יטוס כאפה 10*,גרמים,200.00,100 גרם,false,,12.90,6.4500,true,1,24189
7290101864127,false,קליה אוקסי ספריי 750,,,קליה אוקסי ספריי 750,מיליליטרים,750.00,"100 מ""ל",false,,16.90,2.2533,true,1,20904
7290101999720,false,נרות מטה לבבות פו,,,נרות מטה לבבות פו,יחידה,0.00,יחידה,false,,7.50,0.0000,true,1,32814
7290102031276,false,אקטימל תות בננה 8*10,,,אקטימל תות בננה 8*10,מיליליטרים,800.00,"100 מ""ל",false,,19.90,2.4875,true,1,23416
7290102060764,false,זוג מברשות שיניים עד,,,זוג מברשות שיניים עד,יחידה,0.00,יחידה,false,,35.90,0.0000,true,1,21578
7290102060979,false,משחת שיניים משפחתי א,,,משחת שיניים משפחתי א,מיליליטרים,100.00,"100 מ""ל",false,,18.90,18.9000,true,1,21580
7290102390427,false,מולר פרופ תות 3% 150,,,מולר פרופ תות 3% 150,גרמים,150.00,100 גרם,false,,5.50,3.6667,true,1,6437
7290102390465,false,מולר פרופ אפרסק פסיפ,,,מולר פרופ אפרסק פסיפ,גרמים,150.00,100 גרם,false,,5.50,3.6667,true,1,6438
7290102390489,false,מולר פרופ לימון 3% 1,,,מולר פרופ לימון 3% 1,גרמים,150.00,100 גרם,false,,5.50,3.6667,true,1,6440
7290102391844,false,מולר פרופ לבן+קציפת,,,מולר פרופ לבן+קציפת,גרמים,150.00,100 גרם,false,,5.50,3.6667,true,1,6447
7290102392094,false,צוריאל חלב עיזים 1ל,,,צוריאל חלב עיזים 1ל,ליטרים,1.00,ליטר,false,,15.50,15.5000,true,1,6450
7290102392254,false,טרה חלב 1% 2ל,,,טרה חלב 1% 2ל,ליטרים,2.00,ליטר,false,,11.72,5.8600,true,1,6453
7290102393039,false,מולר מיקס בתוספת פצפ,,,מולר מיקס בתוספת פצפ,מיליליטרים,170.00,"100 מ""ל",false,,5.90,3.4706,true,1,6466
7290102393268,false,טרה גבינה לבנה אריזת,,,טרה גבינה לבנה אריזת,גרמים,750.00,100 גרם,false,,14.90,1.9867,true,1,6476
7290102393718,false,צוריאל חלומי חלב בקר,,,צוריאל חלומי חלב בקר,גרמים,200.00,100 גרם,false,,21.90,10.9500,true,1,6480
7290102394258,false,צוריאל מה עז 9% 180ג,,,צוריאל מה עז 9% 180ג,גרמים,180.00,100 גרם,false,,20.90,11.6111,true,1,6487
7290102394463,false,נעם גבינה צהובה וואק,,,נעם גבינה צהובה וואק,גרמים,500.00,100 גרם,false,,24.90,4.9800,true,1,6494
7290102394845,false,נעם גבינה צהובה דק ד,,,נעם גבינה צהובה דק ד,גרמים,200.00,100 גרם,false,,14.90,7.4500,true,1,6499
7290102395217,false,מולר ביאנקו במתיקות,,,מולר ביאנקו במתיקות,קילוגרמים,1.20,"ק""ג",false,,18.90,15.7500,true,1,6506
7290102395224,false,מולר נטורל 1.7% 8*15,,,מולר נטורל 1.7% 8*15,קילוגרמים,1.20,"ק""ג",false,,15.90,13.2500,true,1,6507
7290102395231,false,מולר נטורל 2.8% 8*15,,,מולר נטורל 2.8% 8*15,קילוגרמים,1.20,"ק""ג",false,,15.90,13.2500,true,1,6508
7290102395378,false,נעם גבינה צהובה ואקו,,,נעם גבינה צהובה ואקו,גרמים,360.00,100 גרם,false,,19.90,5.5278,true,1,6511
7290102395521,false,טרה שמנת לבישול 15%+,,,טרה שמנת לבישול 15%+,מיליליטרים,500.00,"100 מ""ל",false,,16.50,3.3000,true,1,6518
7290102396399,false,מוו מעדן שוקולד 100*,,,מוו מעדן שוקולד 100*,גרמים,800.00,100 גרם,false,,12.90,1.6125,true,1,6535
7290102396405,false,מוו מעדן וניל 100*8,,,מוו מעדן וניל 100*8,גרמים,800.00,100 גרם,false,,12.90,1.6125,true,1,6536
7290102396436,false,מוו מעדן שוקולד 1.5%,,,מוו מעדן שוקולד 1.5%,גרמים,125.00,100 גרם,false,,3.50,2.8000,true,1,6539
7290102396443,false,מוו מעדן וניל 1.5% 1,,,מוו מעדן וניל 1.5% 1,גרמים,125.00,100 גרם,false,,3.50,2.8000,true,1,6540
7290102396580,false,מוו מעדן שוקולד ומוס,,,מוו מעדן שוקולד ומוס,גרמים,118.00,100 גרם,false,,2.90,2.4576,true,1,6544
7290102396597,false,מוו מעדן וניל ומוס ש,,,מוו מעדן וניל ומוס ש,גרמים,118.00,100 גרם,false,,2.90,2.4576,true,1,6545
7290102396665,false,גבנ`צ דקדק פתח סגור,,,גבנ`צ דקדק פתח סגור,גרמים,200.00,100 גרם,false,,14.90,7.4500,true,1,6548
7290102396672,false,נעם צהובה דק דק 9% 3,,,נעם צהובה דק דק 9% 3,גרמים,360.00,100 גרם,false,,24.90,6.9167,true,1,6549
7290102397617,false,מולר מיקס קליק 168 ג,,,מולר מיקס קליק 168 ג,גרמים,168.00,100 גרם,false,,5.90,3.5119,true,1,6601
7290102397679,false,קוטג' וחצי 5% 375 גר,,,קוטג' וחצי 5% 375 גר,גרמים,375.00,100 גרם,false,,7.90,2.1067,true,1,6604
7290102397891,false,רביעייה גבינה מותכת,,,רביעייה גבינה מותכת,גרמים,100.00,100 גרם,false,,7.50,7.5000,true,1,6617
7290102398560,false,שוקו טרה מועשר בבקבו,,,שוקו טרה מועשר בבקבו,ליטרים,1.00,ליטר,false,,11.90,11.9000,true,1,6660
7290102398577,false,שוקו טרה מועשר בבקבו,,,שוקו טרה מועשר בבקבו,מיליליטרים,250.00,"100 מ""ל",false,,5.50,2.2000,true,1,6661
7290102398669,false,אייס קפוצ'ינו מווו ט,,,אייס קפוצ'ינו מווו ט,ליטרים,1.00,ליטר,false,,11.90,11.9000,true,1,82160
7290102398836,false,משקה שקדים קלאסי משק,,,משקה שקדים קלאסי משק,ליטרים,1.00,ליטר,false,,11.90,11.9000,true,1,6673
7290102399796,false,יוגורט חלבון לבן 250,,,יוגורט חלבון לבן 250,גרמים,200.00,100 גרם,false,,6.90,3.4500,true,1,75467
7290102399802,false,יוגורט חלבון תות 20,,,יוגורט חלבון תות 20,גרמים,200.00,100 גרם,false,,6.90,3.4500,true,1,75468
7290102840182,false,פודינג שוקולד 85 ג,,,פודינג שוקולד 85 ג,גרמים,85.00,100 גרם,false,,3.90,4.5882,true,1,15281
7290103120658,false,דאודורנט ג'ל שחור ספ,,,דאודורנט ג'ל שחור ספ,מיליליטרים,85.00,"100 מ""ל",false,,19.90,23.4118,true,1,21590
7290103404758,false,אחלה כרוב אדום 120ג,,,אחלה כרוב אדום 120ג,גרמים,120.00,100 גרם,false,,5.50,4.5833,true,1,23424
7290103700225,false,טאצ רדיד אלומיניום ר,,,טאצ רדיד אלומיניום ר,יחידה,0.00,יחידה,false,,17.90,0.0000,true,1,24456
7290103700386,false,טאצ' כריות יפניות 6י,,,טאצ' כריות יפניות 6י,יחידה,0.00,יחידה,false,,9.90,0.0000,true,1,24458
7290103700393,false,טאצ' כריות יפניות עב,,,טאצ' כריות יפניות עב,יחידה,0.00,יחידה,false,,8.90,0.0000,true,1,24459
7290103700652,false,טאצ' ספוג הפלא 6יח,,,טאצ' ספוג הפלא 6יח,יחידה,0.00,יחידה,false,,9.90,0.0000,true,1,24460
7290103701093,false,טאצ מטליות מקרופייבר,,,טאצ מטליות מקרופייבר,יחידה,0.00,יחידה,false,,14.90,0.0000,true,1,24467
7290103701147,false,טאצ רדידי אלומיניום,,,טאצ רדידי אלומיניום,מטרים,60.90,מטר,false,,35.90,0.5895,true,1,24469
7290103701178,false,טאצ ספוג הפלא בלוק,,,טאצ ספוג הפלא בלוק,יחידה,0.00,יחידה,false,,5.90,0.0000,true,1,24471
7290103702212,false,טאצ ממחטות כיס,,,טאצ ממחטות כיס,יחידה,0.00,יחידה,false,,7.90,0.0000,true,1,24475
7290103702229,false,טאצ מפות עבות במיוחד,,,טאצ מפות עבות במיוחד,יחידה,0.00,יחידה,false,,9.90,0.0000,true,1,24476
7290103702236,false,טאצ מפות עבות במיוחד,,,טאצ מפות עבות במיוחד,יחידה,0.00,יחידה,false,,9.90,0.0000,true,1,24477
7290103703219,false,טאצ' מטליות לחות לני,,,טאצ' מטליות לחות לני,יחידה,0.00,יחידה,false,,20.90,0.0000,true,1,38129
7290103703226,false,טאצ' מטליות לחות לני,,,טאצ' מטליות לחות לני,יח',50.00,יח',false,,8.90,0.1780,true,1,24497
7290103703370,false,טאצ' מגבוני נייר טוא,,,טאצ' מגבוני נייר טוא,יח',3.00,יח',false,,15.90,5.3000,true,1,24499
7290103703394,false,טאצ' ניילון נצמד זוג,,,טאצ' ניילון נצמד זוג,יחידה,0.00,יחידה,false,,10.90,0.0000,true,1,24500
7290103703455,false,טאצ' ספוג מבריק הפלא,,,טאצ' ספוג מבריק הפלא,גרמים,50.00,100 גרם,false,,10.90,21.8000,true,1,24501
7290103704155,false,מגבות נייר 6 גלילים,,,מגבות נייר 6 גלילים,מטרים,63.00,מטר,false,,10.90,0.1730,true,1,170614
7290103704162,false,נייר טואלט טאצ' 32 ג,,,נייר טואלט טאצ' 32 ג,יח',0.00,יח',false,,31.90,0.0000,true,1,145401
7290103704575,false,נייר טואלט טאצ' 48 י,,,נייר טואלט טאצ' 48 י,יחידה,0.00,יחידה,false,,39.90,0.0000,true,1,145402
7290103704766,false,נייר טואלט  24 גליל,,,נייר טואלט  24 גליל,יחידה,0.00,יחידה,false,,42.90,0.0000,true,1,366473
7290104061417,false,אחלה חומוס טחינה 400,,,אחלה חומוס טחינה 400,גרמים,400.00,100 גרם,false,,10.90,2.7250,true,1,23429
7290104061424,false,אחלה חומוס זעתר 400,,,אחלה חומוס זעתר 400,גרמים,400.00,100 גרם,false,,10.90,2.7250,true,1,23430
7290104061431,false,אחלה חומוס צנובר 400,,,אחלה חומוס צנובר 400,גרמים,400.00,100 גרם,false,,10.90,2.7250,true,1,23431
7290104061448,false,אחלה חומוס חריף 400ג,,,אחלה חומוס חריף 400ג,גרמים,400.00,100 גרם,false,,10.90,2.7250,true,1,23432
7290104062599,false,גמדים תות בננה 8*100,,,גמדים תות בננה 8*100,מיליליטרים,800.00,"100 מ""ל",false,,18.90,2.3625,true,1,23433
7290104066566,false,אחלה טחינה 500ג,,,אחלה טחינה 500ג,גרמים,500.00,100 גרם,false,,15.90,3.1800,true,1,23436
7290104067693,false,אחלה חומוס עם חריף 1,,,אחלה חומוס עם חריף 1,גרמים,150.00,100 גרם,false,,5.90,3.9333,true,1,23439
7290104068539,false,מאסט מלון ואבטיח 28ג,,,מאסט מלון ואבטיח 28ג,גרמים,28.00,100 גרם,false,,3.90,13.9286,true,1,22425
7290104068546,false,מאסט קולה 28 גרם,,,מאסט קולה 28 גרם,גרמים,28.00,100 גרם,false,,3.90,13.9286,true,1,22426
7290104500572,false,אפרופו איטלקי 36*50ג,,,אפרופו איטלקי 36*50ג,גרמים,50.00,100 גרם,false,,5.00,10.0000,true,1,18855
7290104501661,false,אסם פודינג בטעם וניל,,,אסם פודינג בטעם וניל,גרמים,80.00,100 גרם,false,,5.90,7.3750,true,1,18856
7290104504228,false,דובונים קדמ.מארז אחי,,,דובונים קדמ.מארז אחי,גרמים,100.00,100 גרם,false,,13.90,13.9000,true,1,18861
7290104508189,false,גביעי גלידה ממותקים,,,גביעי גלידה ממותקים,0   יח',24.00,0   יח',false,,13.90,0.5792,true,1,18867
7290104508943,false,במבה קלאסי 18*200 גר,,,במבה קלאסי 18*200 גר,גרמים,200.00,100 גרם,false,,10.90,5.4500,true,1,18870
7290104570131,false,"תמר מג'הול 1 ק""ג",,,"תמר מג'הול 1 ק""ג",קילוגרמים,1.00,"ק""ג",false,,17.90,17.9000,true,1,42931
7290104570513,false,תמר מג'הול 1 ק'ג בד',,,תמר מג'הול 1 ק'ג בד',קילוגרמים,1.00,"ק""ג",false,,14.90,14.9000,true,1,42935
7290104720499,false,מארז דני וניל  8*125,,,מארז דני וניל  8*125,מיליליטרים,125.00,"100 מ""ל",false,,16.90,13.5200,true,1,23441
7290104726712,false,מילקי שמינייה מארז 8,,,מילקי שמינייה מארז 8,קילוגרמים,1.06,"ק""ג",false,,20.90,19.7170,true,1,23452
7290104728310,false,יטבתה שמנת עמידה לקצ,,,יטבתה שמנת עמידה לקצ,מיליליטרים,250.00,"100 מ""ל",false,,6.47,2.5880,true,1,23457
7290104960239,false,תחליב רחצה קמומיל נק,,,תחליב רחצה קמומיל נק,מיליליטרים,750.00,"100 מ""ל",false,,11.90,1.5867,true,1,30460
7290104960246,false,תחליב רחצה ורד ויסמי,,,תחליב רחצה ורד ויסמי,מיליליטרים,750.00,"100 מ""ל",false,,11.90,1.5867,true,1,30461
7290104961878,false,קרטין אינטנס שמפו נט,,,קרטין אינטנס שמפו נט,מיליליטרים,400.00,"100 מ""ל",false,,31.90,7.9750,true,1,30485
7290104962073,false,דאו' ספריי גולד טיטנ,,,דאו' ספריי גולד טיטנ,מיליליטרים,180.00,"100 מ""ל",false,,15.90,8.8333,true,1,30495
7290104963223,false,סופטקר אלסבון קלאסי,,,סופטקר אלסבון קלאסי,יחידה,0.00,יחידה,false,,17.90,0.0000,true,1,30528
7290105180377,false,מוצץ סיליקון שלישייה,,,מוצץ סיליקון שלישייה,יחידה,0.00,יחידה,false,,17.90,0.0000,true,1,1273
7290105180384,false,מוצץ סיליקון שלישייה,,,מוצץ סיליקון שלישייה,יחידה,0.00,יחידה,false,,17.90,0.0000,true,1,1274
7290105180902,false,מברשת שיניים אריסטוק,,,מברשת שיניים אריסטוק,יח',5.00,יח',false,,9.90,1.9800,true,1,1316
7290105181954,false,סופר זיו מלבין ומחדש,,,סופר זיו מלבין ומחדש,יחידה,0.00,יחידה,false,,13.00,0.0000,true,1,1325
7290105360755,false,שמן זית 3 חזק כתית י,,,שמן זית 3 חזק כתית י,מיליליטרים,750.00,"100 מ""ל",false,,38.90,5.1867,true,1,22452
7290105360762,false,שמן זית 1 עדין כתית,,,שמן זית 1 עדין כתית,מיליליטרים,750.00,"100 מ""ל",false,,38.90,5.1867,true,1,22453
7290105362339,false,יטבתה שמנת לבישול 15,,,יטבתה שמנת לבישול 15,מיליליטרים,250.00,"100 מ""ל",false,,7.90,3.1600,true,1,23462
7290105366023,false,אחלה חציל בטעם כבד 4,,,אחלה חציל בטעם כבד 4,גרמים,400.00,100 גרם,false,,15.90,3.9750,true,1,23465
7290105368904,false,יטבתה שמנת עמידה לקצ,,,יטבתה שמנת עמידה לקצ,מיליליטרים,250.00,"100 מ""ל",false,,7.50,3.0000,true,1,23492
7290105433961,false,ליידי ספיד סטיק ספרי,,,ליידי ספיד סטיק ספרי,מיליליטרים,150.00,"100 מ""ל",false,,19.90,13.2667,true,1,21635
7290105439499,false,מיונז הולנדי מאסטר ש,,,מיונז הולנדי מאסטר ש,גרמים,480.00,100 גרם,false,,11.90,2.4792,true,1,21654
7290105439581,false,מאסטר שף מאסטר שף חר,,,מאסטר שף מאסטר שף חר,מיליליטרים,370.00,"100 מ""ל",false,,11.90,3.2162,true,1,21656
7290105691224,false,חטיפי פריכונים טורטי,,,חטיפי פריכונים טורטי,גרמים,60.00,100 גרם,false,,7.50,12.5000,true,1,18881
7290105691248,false,חטיפי פריכונים טורטי,,,חטיפי פריכונים טורטי,גרמים,60.00,100 גרם,false,,7.50,12.5000,true,1,18882
7290105693341,false,במבה מאח.15 10*25גרם,,,במבה מאח.15 10*25גרם,גרמים,250.00,100 גרם,false,,16.90,6.7600,true,1,18896
7290105693952,false,פירורית זהב שומשום 2,,,פירורית זהב שומשום 2,גרמים,200.00,100 גרם,false,,6.50,3.2500,true,1,18899
7290105964564,false,אחלה חומוס אחלה 400ג,,,אחלה חומוס אחלה 400ג,גרמים,400.00,100 גרם,false,,8.90,2.2250,true,1,23503
7290105965738,false,דנונה משקה תות בננה,,,דנונה משקה תות בננה,גרמים,267.00,100 גרם,false,,4.90,1.8352,true,1,23509
7290105968098,false,אחלה קולסלאו 500ג,,,אחלה קולסלאו 500ג,גרמים,500.00,100 גרם,false,,15.90,3.1800,true,1,23515
7290105968654,false,שטראוס רביולי בטטה 4,,,שטראוס רביולי בטטה 4,גרמים,400.00,100 גרם,false,,19.90,4.9750,true,1,23516
7290106520066,false,רבע לשבע 160 גרם,,,רבע לשבע 160 גרם,גרמים,160.00,100 גרם,false,,11.90,7.4375,true,1,22499
7290106520912,false,יטבתה שמנת לבישול 9%,,,יטבתה שמנת לבישול 9%,מיליליטרים,250.00,"100 מ""ל",false,,7.90,3.1600,true,1,23527
7290106521926,false,קפה טורקי עלית 150 ג,,,קפה טורקי עלית 150 ג,גרמים,150.00,100 גרם,false,,12.90,8.6000,true,1,22507
7290106528628,false,דוריטוס טבעי 185 גר`,,,דוריטוס טבעי 185 גר`,גרמים,185.00,100 גרם,false,,7.90,4.2703,true,1,24247
7290106571792,false,ויטמינציק ענבים,,,ויטמינציק ענבים,יחידה,0.00,יחידה,false,,2.90,0.0000,true,1,16136
7290106572027,false,לחמית חמישה דגנים אס,,,לחמית חמישה דגנים אס,גרמים,190.00,100 גרם,false,,8.70,4.5789,true,1,18928
7290106574120,false,גומיגם 90גר.,,,גומיגם 90גר.,גרמים,90.00,100 גרם,false,,7.50,8.3333,true,1,16139
7290106574793,false,עוגת הבית שוקו שוקוצ,,,עוגת הבית שוקו שוקוצ,גרמים,350.00,100 גרם,false,,14.90,4.2571,true,1,18948
7290106574953,false,אסם בייגלה שטוחים שו,,,אסם בייגלה שטוחים שו,גרמים,300.00,100 גרם,false,,11.90,3.9667,true,1,18949
7290106574977,false,אסם בייגלה שטוחים עם,,,אסם בייגלה שטוחים עם,גרמים,300.00,100 גרם,false,,11.90,3.9667,true,1,18950
7290106575011,false,פתיתים אפויים חיטה מ,,,פתיתים אפויים חיטה מ,גרמים,400.00,100 גרם,false,,7.90,1.9750,true,1,18951
7290106576513,false,צבר חומוס 400 גרם,,,צבר חומוס 400 גרם,גרמים,400.00,100 גרם,false,,9.90,2.4750,true,1,19926
7290106576537,false,צבר חומוס מסעדה 700,,,צבר חומוס מסעדה 700,גרמים,700.00,100 גרם,false,,10.90,1.5571,true,1,19927
7290106577282,false,צבר מרובע טחינה 400ג,,,צבר מרובע טחינה 400ג,גרמים,400.00,100 גרם,false,,12.90,3.2250,true,1,19928
7290106577541,false,צבר מרובע כרוב אדום,,,צבר מרובע כרוב אדום,גרמים,400.00,100 גרם,false,,12.90,3.2250,true,1,19934
7290106577572,false,צבר מרובע מטבוחה  40,,,צבר מרובע מטבוחה  40,גרמים,400.00,100 גרם,false,,12.90,3.2250,true,1,19935
7290106578692,false,במבה ביסלי מיקס 36*8,,,במבה ביסלי מיקס 36*8,גרמים,80.00,100 גרם,false,,4.50,5.6250,true,1,18972
7290106663503,false,קונפיטורת לייט תות 2,,,קונפיטורת לייט תות 2,גרמים,230.00,100 גרם,false,,13.90,6.0435,true,1,22591
7290106664067,false,שטראוס לאבנה שמן זית,,,שטראוס לאבנה שמן זית,גרמים,400.00,100 גרם,false,,14.90,3.7250,true,1,23570
7290106666788,false,סוכריות נוסטלגיה דבש,,,סוכריות נוסטלגיה דבש,גרמים,80.00,100 גרם,false,,7.90,9.8750,true,1,22609
7290106668577,false,מיץ לימון טבעי יד מר,,,מיץ לימון טבעי יד מר,מיליליטרים,250.00,"100 מ""ל",false,,7.90,3.1600,true,1,22615
7290106721913,false,מאסט צנצנת ריח פה צ',,,מאסט צנצנת ריח פה צ',גרמים,66.00,100 גרם,false,,9.90,15.0000,true,1,22642
7290106721920,false,מאסט צנצנת ספירמינט,,,מאסט צנצנת ספירמינט,גרמים,66.00,100 גרם,false,,9.90,15.0000,true,1,22643
7290107280013,false,ליטופים  מגבונים ללא,,,ליטופים  מגבונים ללא,יחידה,0.00,יחידה,false,,18.90,0.0000,true,1,30556
7290107280341,false,ריצפז מטליות לחות לנ,,,ריצפז מטליות לחות לנ,יחידה,0.00,יחידה,false,,11.90,0.0000,true,1,30570
7290107280549,false,"K-400 סנו קטן 300 מ""",,,"K-400 סנו קטן 300 מ""",מיליליטרים,300.00,"100 מ""ל",false,,12.90,4.3000,true,1,30579
7290107280709,false,סנו ספארק נוזל הברקה,,,סנו ספארק נוזל הברקה,מיליליטרים,700.00,"100 מ""ל",false,,14.90,2.1286,true,1,30591
7290107280716,false,סנו ספארק מלח למדיח,,,סנו ספארק מלח למדיח,קילוגרמים,2.00,"ק""ג",false,,12.90,6.4500,true,1,30592
7290107280761,false,ספארק נוזל לכלים לימ,,,ספארק נוזל לכלים לימ,יחידה,0.00,יחידה,false,,11.90,0.0000,true,1,30598
7290107645591,false,מרק טעם עוף רכיבים ט,,,מרק טעם עוף רכיבים ט,גרמים,400.00,100 גרם,false,,17.90,4.4750,true,1,10600
7290107646925,false,ברנפלקס אקסטרה פייבר,,,ברנפלקס אקסטרה פייבר,גרמים,410.00,100 גרם,false,,23.90,5.8293,true,1,10645
7290107647656,false,מאגדת מיני סולרו קוק,,,מאגדת מיני סולרו קוק,גרמים,245.00,100 גרם,false,,24.90,10.1633,true,1,4385
7290107647731,false,קוקומן חום לבן 20% ת,,,קוקומן חום לבן 20% ת,גרמים,375.00,100 גרם,false,,20.90,5.5733,true,1,10667
7290107647816,false,ברנפלקס ללא סוכר בד',,,ברנפלקס ללא סוכר בד',גרמים,500.00,100 גרם,false,,23.90,4.7800,true,1,10674
7290107647823,false,"ברנפלקס תלמה בד""ץ 50",,,"ברנפלקס תלמה בד""ץ 50",גרמים,500.00,100 גרם,false,,23.90,4.7800,true,1,10675
7290107647854,false,שוגי 20% סוכר תלמה ב,,,שוגי 20% סוכר תלמה ב,גרמים,500.00,100 גרם,false,,23.90,4.7800,true,1,10677
7290107648943,false,ברנפלקס דגני בוקר קר,,,ברנפלקס דגני בוקר קר,גרמים,375.00,100 גרם,false,,23.90,6.3733,true,1,10697
7290107649100,false,בייגלה טבעות שומשום,,,בייגלה טבעות שומשום,גרמים,300.00,100 גרם,false,,10.90,3.6333,true,1,10709
7290107871990,false,פסטה צינורות אסם 500,,,פסטה צינורות אסם 500,גרמים,500.00,100 גרם,false,,6.50,1.3000,true,1,18999
7290107874502,false,ביסלי גריל 4*55 גרם,,,ביסלי גריל 4*55 גרם,גרמים,220.00,100 גרם,false,,12.90,5.8636,true,1,19021
7290107875004,false,פופקו חמאה ודבש מארז,,,פופקו חמאה ודבש מארז,גרמים,240.00,100 גרם,false,,18.90,7.8750,true,1,19026
7290107875271,false,ביסלי ברבקיו מארז 4*,,,ביסלי ברבקיו מארז 4*,גרמים,220.00,100 גרם,false,,12.90,5.8636,true,1,19032
7290107877619,false,במבה במילוי קרם נוגט,,,במבה במילוי קרם נוגט,גרמים,150.00,100 גרם,false,,13.90,9.2667,true,1,19067
7290107879620,false,לה פרוטה תפוח מלון,,,לה פרוטה תפוח מלון,יחידה,0.00,יחידה,false,,5.90,0.0000,true,1,16190
7290107879668,false,לה פרוטה תות,,,לה פרוטה תות,יחידה,0.00,יחידה,false,,5.90,0.0000,true,1,16192
7290107879712,false,קרחון בטעם פירות אדו,,,קרחון בטעם פירות אדו,יחידה,0.00,יחידה,false,,6.90,0.0000,true,1,16194
7290107930321,false,יד מרדכי קונפיטורה ד,,,יד מרדכי קונפיטורה ד,גרמים,340.00,100 גרם,false,,13.90,4.0882,true,1,22699
7290107932080,false,יטבתה חלב בבקבוק 3%,,,יטבתה חלב בבקבוק 3%,ליטרים,1.00,ליטר,false,,7.90,7.9000,true,1,23621
7290107937627,false,צנצנת קוביות ספירמינ,,,צנצנת קוביות ספירמינ,גרמים,58.00,100 גרם,false,,9.90,17.0690,true,1,22755
7290107937634,false,צנצנת קוביות פפירמינ,,,צנצנת קוביות פפירמינ,גרמים,58.00,100 גרם,false,,9.90,17.0690,true,1,22756
7290107937641,false,צנצנת קוביות בזוקה 5,,,צנצנת קוביות בזוקה 5,גרמים,58.00,100 גרם,false,,9.90,17.0690,true,1,22757
7290107940030,false,חומוס אחלה 650 גר,,,חומוס אחלה 650 גר,גרמים,650.00,100 גרם,false,,9.90,1.5231,true,1,23672
7290107943192,false,יטבתה שמנת 27%  200מ,,,יטבתה שמנת 27%  200מ,מיליליטרים,200.00,"100 מ""ל",false,,3.90,1.9500,true,1,23716
7290107945165,false,יד מרדכי קונפיטורת מ,,,יד מרדכי קונפיטורת מ,גרמים,340.00,100 גרם,false,,13.90,4.0882,true,1,22828
7290107951104,false,בפלות 200 גרם שוקולד,,,בפלות 200 גרם שוקולד,גרמים,200.00,100 גרם,false,,3.90,1.9500,true,1,22864
7290107951111,false,בפלות בטעם לימון עלי,,,בפלות בטעם לימון עלי,גרמים,200.00,100 גרם,false,,3.90,1.9500,true,1,22865
7290107951715,false,מאסט צנצנת קוביות ענ,,,מאסט צנצנת קוביות ענ,גרמים,58.00,100 גרם,false,,9.90,17.0690,true,1,22880
7290107954709,false,יד מרדכי קונפיטורת פ,,,יד מרדכי קונפיטורת פ,גרמים,340.00,100 גרם,false,,13.90,4.0882,true,1,22912
7290107956642,false,תרסיס שמן זית יד מרד,,,תרסיס שמן זית יד מרד,מיליליטרים,150.00,"100 מ""ל",false,,16.90,11.2667,true,1,22947
7290107956710,false,מארז מיני מילקי 16 י,,,מארז מיני מילקי 16 י,ליטרים,1.44,ליטר,false,,19.90,13.8194,true,1,23859
7290107956963,false,יוגורט עם תות 3% דנו,,,יוגורט עם תות 3% דנו,קילוגרמים,1.20,"ק""ג",false,,17.90,14.9167,true,1,23864
7290107957069,false,מסטיק עלמה בטעם אוכמ,,,מסטיק עלמה בטעם אוכמ,גרמים,66.00,100 גרם,false,,9.90,15.0000,true,1,22961
7290107958035,false,8 דנונה מתיקות מעודנ,,,8 דנונה מתיקות מעודנ,קילוגרמים,1.20,"ק""ג",false,,18.50,15.4167,true,1,23884
7290107973861,false,עגבניות קצוצות דק מא,,,עגבניות קצוצות דק מא,קילוגרמים,1.20,"ק""ג",false,,15.90,13.2500,true,1,21706
7290107974073,false,עלי טורטיה קמח לבן מ,,,עלי טורטיה קמח לבן מ,גרמים,320.00,100 גרם,false,,10.90,3.4063,true,1,21712
7290107974080,false,עלי טורטיה קמח לבן מ,,,עלי טורטיה קמח לבן מ,גרמים,820.00,100 גרם,false,,16.90,2.0610,true,1,21713
7290107978323,false,איטריות דקיקות מאסטר,,,איטריות דקיקות מאסטר,גרמים,400.00,100 גרם,false,,5.90,1.4750,true,1,21760
7290107978453,false,קראנצו'ס גריל 55 גרם,,,קראנצו'ס גריל 55 גרם,גרמים,55.00,100 גרם,false,,3.90,7.0909,true,1,21765
7290107978460,false,קראנצו'ס פלאפל 55 גר,,,קראנצו'ס פלאפל 55 גר,גרמים,55.00,100 גרם,false,,3.90,7.0909,true,1,21766
7290108070316,false,שקית 50 פסטל,,,שקית 50 פסטל,יחידה,0.00,יחידה,false,,11.90,0.0000,true,1,33093
7290108074659,false,סוכריה טבעת הלו קיטי,,,סוכריה טבעת הלו קיטי,יחידה,0.00,יחידה,false,,5.50,0.0000,true,1,33204
7290108079333,false,מארז בלונים על מקל ל,,,מארז בלונים על מקל ל,יחידה,0.00,יחידה,false,,30.90,0.0000,true,1,33319
7290108201031,false,קולון סטריפים 64 יח`,,,קולון סטריפים 64 יח`,יחידה,0.00,יחידה,false,,41.90,0.0000,true,1,20986
7290108350203,false,כריות קרצוף עם ספוג,,,כריות קרצוף עם ספוג,יחידה,0.00,יחידה,false,,9.90,0.0000,true,1,30612
7290108350548,false,סנו ספארק משאבה בניח,,,סנו ספארק משאבה בניח,ליטרים,1.00,ליטר,false,,11.90,11.9000,true,1,30622
7290108350616,false,מרכך כביסה מקסימה סו,,,מרכך כביסה מקסימה סו,יחידה,0.00,יחידה,false,,18.90,0.0000,true,1,30628
7290108350753,false,משחת שיניים פרוטקט&פ,,,משחת שיניים פרוטקט&פ,גרמים,145.00,100 גרם,false,,10.90,7.5172,true,1,30639
7290108351507,false,מרכך כביסה סנו מקסימ,,,מרכך כביסה סנו מקסימ,ליטרים,4.00,ליטר,false,,22.90,5.7250,true,1,30663
7290108351613,false,ריצפז פרש הום מלון ח,,,ריצפז פרש הום מלון ח,ליטרים,2.00,ליטר,false,,22.90,11.4500,true,1,30673
7290108351927,false,סנו ספארק טבליות למד,,,סנו ספארק טבליות למד,קילוגרמים,1.40,"ק""ג",false,,40.90,29.2143,true,1,30695
7290108352207,false,קפס' כביסה בניחוח פל,,,קפס' כביסה בניחוח פל,גרמים,840.00,100 גרם,false,,35.90,4.2738,true,1,69959
7290108352337,false,סנו פרש הום אוטומטיק,,,סנו פרש הום אוטומטיק,גרמים,250.00,100 גרם,false,,13.90,5.5600,true,1,73687
7290108352344,false,סנו פרש הום אוטומטיק,,,סנו פרש הום אוטומטיק,גרמים,250.00,100 גרם,false,,13.90,5.5600,true,1,73674
7290108352481,false,מטהר אוויר סנומוד טר,,,מטהר אוויר סנומוד טר,מיליליטרים,150.00,"100 מ""ל",false,,11.90,7.9333,true,1,135153
7290108352535,false,דפי בישום לחים למייב,,,דפי בישום לחים למייב,יחידה,0.00,יחידה,false,,12.90,0.0000,true,1,210740
7290108354164,false,כיף שלישיית אלסבון ק,,,כיף שלישיית אלסבון ק,ליטרים,1.50,ליטר,false,,19.90,13.2667,true,1,119323
7290108354430,false,שמפו כיף לשיקום והזנ,,,שמפו כיף לשיקום והזנ,מיליליטרים,700.00,"100 מ""ל",false,,11.90,1.7000,true,1,130416
7290108355307,false,שמפו סירוק קל נקה 7,,,שמפו סירוק קל נקה 7,מיליליטרים,750.00,"100 מ""ל",false,,14.90,1.9867,true,1,30794
7290108356151,false,תחליב רחצה מאסק יסמי,,,תחליב רחצה מאסק יסמי,מיליליטרים,700.00,"100 מ""ל",false,,11.90,1.7000,true,1,30823
7290108356281,false,ת.רחצה כיף בניחוח אנ,,,ת.רחצה כיף בניחוח אנ,מיליליטרים,700.00,"100 מ""ל",false,,12.90,1.8429,true,1,66855
7290108356519,false,שמפו לשיער בתוספת שמ,,,שמפו לשיער בתוספת שמ,מיליליטרים,700.00,"100 מ""ל",false,,13.90,1.9857,true,1,260222
7290108357004,false,כיף שמפו לשיער ורד ו,,,כיף שמפו לשיער ורד ו,מיליליטרים,700.00,"100 מ""ל",false,,11.90,1.7000,true,1,30825
7290108357295,false,מרסס אוקסיג'ן מסיר כ,,,מרסס אוקסיג'ן מסיר כ,מיליליטרים,750.00,"100 מ""ל",false,,17.90,2.3867,true,1,384703
7290108357707,false,שמפו לשיער רגיל תפוח,,,שמפו לשיער רגיל תפוח,מיליליטרים,700.00,"100 מ""ל",false,,11.90,1.7000,true,1,30829
7290108357714,false,שמפו לשיער יבש רימונ,,,שמפו לשיער יבש רימונ,מיליליטרים,700.00,"100 מ""ל",false,,11.90,1.7000,true,1,30830
7290108357875,false,שמפו לחות מוגברת אפר,,,שמפו לחות מוגברת אפר,מיליליטרים,700.00,"100 מ""ל",false,,11.90,1.7000,true,1,313236
7290108357882,false,מרכך לחות מוגברת אפר,,,מרכך לחות מוגברת אפר,מיליליטרים,700.00,"100 מ""ל",false,,11.90,1.7000,true,1,313237
7290108501353,false,פילה אנשובי ארוך בשמ,,,פילה אנשובי ארוך בשמ,גרמים,45.00,100 גרם,false,,6.90,15.3333,true,1,3070
7290108502862,false,מלפפונים כבושים במלח,,,מלפפונים כבושים במלח,גרמים,600.00,100 גרם,false,,11.90,1.9833,true,1,3168
7290108507058,false,ביסקויט פריך בשוקולד,,,ביסקויט פריך בשוקולד,גרמים,100.00,100 גרם,false,,6.90,6.9000,true,1,280721
7290108507645,false,ביסקויט פריך בשוקולד,,,ביסקויט פריך בשוקולד,גרמים,100.00,100 גרם,false,,6.90,6.9000,true,1,280722
7290108507652,false,ביסקויט פריך בשוקולד,,,ביסקויט פריך בשוקולד,גרמים,100.00,100 גרם,false,,6.90,6.9000,true,1,280723
7290108509229,false,חטיף אורז אפוי לתינו,,,חטיף אורז אפוי לתינו,גרמים,50.00,100 גרם,false,,11.90,23.8000,true,1,251990
7290108509700,false,"אורז פרסי 1 ק""ג DAAW",,,"אורז פרסי 1 ק""ג DAAW",קילוגרמים,1.00,"ק""ג",false,,10.90,10.9000,true,1,216052
7290108509939,false,פרוסות פילה טונה 120,,,פרוסות פילה טונה 120,גרמים,120.00,100 גרם,false,,12.90,10.7500,true,1,252083
7290108509960,false,שלישיית נתחי טונה בה,,,שלישיית נתחי טונה בה,גרמים,240.00,100 גרם,false,,14.90,6.2083,true,1,252069
7290109351025,false,מלך החומוס חומוס טחי,,,מלך החומוס חומוס טחי,גרמים,400.00,100 גרם,false,,12.90,3.2250,true,1,19953
7290109353272,false,ספגטי עתיר בסיבים פר,,,ספגטי עתיר בסיבים פר,גרמים,500.00,100 גרם,false,,6.90,1.3800,true,1,19138
7290109354972,false,אסם פתי בר ללא גלוטן,,,אסם פתי בר ללא גלוטן,גרמים,200.00,100 גרם,false,,10.90,5.4500,true,1,19151
7290109358765,false,דגני קראנץ' רולס נוג,,,דגני קראנץ' רולס נוג,גרמים,450.00,100 גרם,false,,27.90,6.2000,true,1,19183
7290109580043,false,זוגלובק שניצל תירס 1,,,זוגלובק שניצל תירס 1,קילוגרמים,1.75,"ק""ג",false,,49.90,28.5143,true,1,107881
7290109640198,false,מגורדת לפיצה ואפייה,,,מגורדת לפיצה ואפייה,גרמים,200.00,100 גרם,false,,17.90,8.9500,true,1,6162
7290110114794,false,נביעות + אפרסק 1.5 ל,,,נביעות + אפרסק 1.5 ל,ליטרים,1.50,ליטר,false,,9.50,6.3333,true,1,219105
7290110114800,false,נביעות + ענבים 1.5 ל,,,נביעות + ענבים 1.5 ל,ליטרים,1.50,ליטר,false,,9.50,6.3333,true,1,219106
7290110114855,false,מי נביעות שישייה 1.5,,,מי נביעות שישייה 1.5,ליטרים,9.00,ליטר,false,,14.90,1.6556,true,1,219120
7290110114893,false,פריגת סחוט תפוזים 2,,,פריגת סחוט תפוזים 2,ליטרים,2.00,ליטר,false,,29.20,14.6000,true,1,219039
7290110114961,false,פריגת תפוזים 1.5 ליט,,,פריגת תפוזים 1.5 ליט,ליטרים,1.50,ליטר,false,,9.90,6.6000,true,1,219134
7290110114985,false,פריגת אשכולית 1.5 לי,,,פריגת אשכולית 1.5 לי,ליטרים,1.50,ליטר,false,,9.90,6.6000,true,1,219149
7290110114992,false,פריגת דיאט אשכולית 1,,,פריגת דיאט אשכולית 1,ליטרים,1.50,ליטר,false,,9.90,6.6000,true,1,219150
7290110115005,false,פריגת ענבים 1.5 ליטר,,,פריגת ענבים 1.5 ליטר,ליטרים,1.50,ליטר,false,,9.90,6.6000,true,1,219177
7290110115036,false,פריגת מנגו 1.5 ליטר,,,פריגת מנגו 1.5 ליטר,ליטרים,1.50,ליטר,false,,9.90,6.6000,true,1,219220
7290110115043,false,פריגת לימונענע 1.5 ל,,,פריגת לימונענע 1.5 ל,ליטרים,1.50,ליטר,false,,9.90,6.6000,true,1,219221
7290110115050,false,פריגת מיקס תות בננה,,,פריגת מיקס תות בננה,ליטרים,1.50,ליטר,false,,9.90,6.6000,true,1,219235
7290110115081,false,פריגת צלול ענבים 1.5,,,פריגת צלול ענבים 1.5,ליטרים,1.50,ליטר,false,,9.90,6.6000,true,1,219286
7290110115180,false,נביעות 1.5 ליטר,,,נביעות 1.5 ליטר,ליטרים,1.50,ליטר,false,,4.20,2.8000,true,1,248318
7290110115203,false,קוקה קולה 1.5 ליטר,,,קוקה קולה 1.5 ליטר,ליטרים,1.50,ליטר,false,,8.90,5.9333,true,1,219311
7290110115210,false,דיאט קוקה קולה 1.5 ל,,,דיאט קוקה קולה 1.5 ל,ליטרים,1.50,ליטר,false,,8.90,5.9333,true,1,219326
7290110115227,false,קוקה קולה זירו בקבוק,,,קוקה קולה זירו בקבוק,ליטרים,1.50,ליטר,false,,8.90,5.9333,true,1,219327
7290110115234,false,קולה ZERO נטול 1.5 ל,,,קולה ZERO נטול 1.5 ל,ליטרים,1.50,ליטר,false,,8.90,5.9333,true,1,219328
7290110115241,false,קולה ZERO לימון 1.5,,,קולה ZERO לימון 1.5,ליטרים,1.50,ליטר,false,,8.90,5.9333,true,1,219329
7290110115265,false,ספרייט 1.5 ליטר LIME,,,ספרייט 1.5 ליטר LIME,ליטרים,1.50,ליטר,false,,8.90,5.9333,true,1,219402
7290110115272,false,ספרייט זירו 1.5 ליטר,,,ספרייט זירו 1.5 ליטר,ליטרים,1.50,ליטר,false,,8.90,5.9333,true,1,219403
7290110115333,false,פאנטה תות 1.5 ליטר,,,פאנטה תות 1.5 ליטר,ליטרים,1.50,ליטר,false,,9.90,6.6000,true,1,219439
7290110115357,false,קינלי סודה 1.5 ליטר,,,קינלי סודה 1.5 ליטר,ליטרים,1.50,ליטר,false,,4.50,3.0000,true,1,219467
7290110115364,false,קוקה קולה 6*1.5 ליטר,,,קוקה קולה 6*1.5 ליטר,ליטרים,9.00,ליטר,false,,49.90,5.5444,true,1,219331
7290110115401,false,קינלי סודה 6*1.5 ליט,,,קינלי סודה 6*1.5 ליט,ליטרים,9.00,ליטר,false,,14.90,1.6556,true,1,237976
7290110115418,false,קוקה קולה זירו שישיי,,,קוקה קולה זירו שישיי,ליטרים,9.00,ליטר,false,,49.90,5.5444,true,1,219347
7290110115463,false,פיוז טי אפרסק 1.5 לי,,,פיוז טי אפרסק 1.5 לי,ליטרים,1.50,ליטר,false,,9.50,6.3333,true,1,219487
7290110116194,false,נביעות+ לימון ליים 0,,,נביעות+ לימון ליים 0,ליטרים,1.50,ליטר,false,,9.90,6.6000,true,1,415507
7290110320683,false,משקה יופלה שמיניה בט,,,משקה יופלה שמיניה בט,מיליליטרים,856.00,"100 מ""ל",false,,16.90,1.9743,true,1,26175
7290110320867,false,עמק פתיתים למאפים 28,,,עמק פתיתים למאפים 28,גרמים,500.00,100 גרם,false,,33.90,6.7800,true,1,26186
7290110321277,false,קוטג' תנובה בקטנה  5,,,קוטג' תנובה בקטנה  5,גרמים,100.00,100 גרם,false,,2.60,2.6000,true,1,26217
7290110321284,false,קוטג' תנובה בקטנה  9,,,קוטג' תנובה בקטנה  9,גרמים,100.00,100 גרם,false,,2.60,2.6000,true,1,26218
7290110321468,false,"שרינק יופלה תות בד""צ",,,"שרינק יופלה תות בד""צ",קילוגרמים,1.20,"ק""ג",false,,24.90,20.7500,true,1,26228
7290110322014,false,טופו טבעי 300 גרם,,,טופו טבעי 300 גרם,גרמים,300.00,100 גרם,false,,12.90,4.3000,true,1,26261
7290110323714,false,תנובה משקה קוקוס שקד,,,תנובה משקה קוקוס שקד,יחידה,0.00,יחידה,false,,13.90,0.0000,true,1,26338
7290110324070,false,גבינת חלומי מחלב בקר,,,גבינת חלומי מחלב בקר,גרמים,200.00,100 גרם,false,,18.90,9.4500,true,1,26362
7290110324728,false,ממרח סויה 9% עם שום,,,ממרח סויה 9% עם שום,גרמים,250.00,100 גרם,false,,8.90,3.5600,true,1,26407
7290110324872,false,גלבוע גבינה פרוסה 5%,,,גלבוע גבינה פרוסה 5%,גרמים,200.00,100 גרם,false,,18.90,9.4500,true,1,26418
7290110324926,false,משקה סויה ללא תוספת,,,משקה סויה ללא תוספת,יחידה,0.00,יחידה,false,,10.90,0.0000,true,1,26421
7290110325619,false,תנובה משקה שיבולת שו,,,תנובה משקה שיבולת שו,יחידה,0.00,יחידה,false,,13.90,0.0000,true,1,26447
7290110325893,false,משקה תנובה GO אייס ק,,,משקה תנובה GO אייס ק,גרמים,340.00,100 גרם,false,,7.90,2.3235,true,1,26466
7290110326210,false,יופלה און טופ פצפוצי,,,יופלה און טופ פצפוצי,גרמים,157.00,100 גרם,false,,4.90,3.1210,true,1,61826
7290110326227,false,יופלה און טופ קורנפל,,,יופלה און טופ קורנפל,גרמים,157.00,100 גרם,false,,4.90,3.1210,true,1,61848
7290110327514,false,משקה שיבולת שועל בטע,,,משקה שיבולת שועל בטע,יחידה,0.00,יחידה,false,,13.90,0.0000,true,1,177664
7290110328931,false,פתיתי גבינה למאפים ה,,,פתיתי גבינה למאפים ה,גרמים,500.00,100 גרם,false,,26.90,5.3800,true,1,437199
7290110329723,false,קפה קר בטעם לאטה תנו,,,קפה קר בטעם לאטה תנו,מיליליטרים,230.00,"100 מ""ל",false,,6.90,3.0000,true,1,337380
7290110329730,false,קפה קר בטעם לאטה שוק,,,קפה קר בטעם לאטה שוק,מיליליטרים,230.00,"100 מ""ל",false,,6.90,3.0000,true,1,337381
7290110329792,false,סויה BIO אפרסק גביע,,,סויה BIO אפרסק גביע,גרמים,150.00,100 גרם,false,,4.50,3.0000,true,1,271417
7290110329808,false,סויה BIO תות גביע 15,,,סויה BIO תות גביע 15,גרמים,150.00,100 גרם,false,,4.50,3.0000,true,1,271418
7290110329815,false,סויה BIO מתיקות מעוד,,,סויה BIO מתיקות מעוד,גרמים,150.00,100 גרם,false,,4.50,3.0000,true,1,271419
7290110329822,false,סויה BIO פירות יער ג,,,סויה BIO פירות יער ג,גרמים,150.00,100 גרם,false,,4.50,3.0000,true,1,271420
7290110329846,false,סויה BIO טבעי גביע 1,,,סויה BIO טבעי גביע 1,גרמים,150.00,100 גרם,false,,4.50,3.0000,true,1,271421
7290110550219,false,מטבעות שוקולד לבן לא,,,מטבעות שוקולד לבן לא,גרמים,400.00,100 גרם,false,,29.90,7.4750,true,1,337108
7290110550370,false,אנרגי פריכיות משולשו,,,אנרגי פריכיות משולשו,גרמים,65.00,100 גרם,false,,9.90,15.2308,true,1,442506
7290110552220,false,דנונה PRO 20 גרם חלב,,,דנונה PRO 20 גרם חלב,גרמים,200.00,100 גרם,false,,5.90,2.9500,true,1,259982
7290110552237,false,דנונה PRO 20 גרם חלב,,,דנונה PRO 20 גרם חלב,גרמים,200.00,100 גרם,false,,5.90,2.9500,true,1,259968
7290110553173,false,פריכיות אורז בטעם קר,,,פריכיות אורז בטעם קר,גרמים,40.00,100 גרם,false,,6.90,17.2500,true,1,442671
7290110553180,false,פריכיות עם תפוח וקינ,,,פריכיות עם תפוח וקינ,גרמים,40.00,100 גרם,false,,6.90,17.2500,true,1,442672
7290110554422,false,רוטב עגבניות ופלפלים,,,רוטב עגבניות ופלפלים,גרמים,350.00,100 גרם,false,,10.90,3.1143,true,1,289241
7290110555306,false,רבע לשבע טבעוני סינמ,,,רבע לשבע טבעוני סינמ,גרמים,120.00,100 גרם,false,,11.90,9.9167,true,1,345625
7290110555368,false,רבע לשבע טבעוני מרשמ,,,רבע לשבע טבעוני מרשמ,גרמים,125.00,100 גרם,false,,11.90,9.5200,true,1,345666
7290110556242,false,שוקולד מריר מעולה 10,,,שוקולד מריר מעולה 10,גרמים,100.00,100 גרם,false,,5.70,5.7000,true,1,431092
7290110557027,false,חומוס הסדרה עשיר ב50,,,חומוס הסדרה עשיר ב50,גרמים,400.00,100 גרם,false,,13.90,3.4750,true,1,224973
7290110557133,false,מעדן הגולן מעדן חלב,,,מעדן הגולן מעדן חלב,גרמים,125.00,100 גרם,false,,2.90,2.3200,true,1,217098
7290110558314,false,דנונה פרו ללא סוכר 2,,,דנונה פרו ללא סוכר 2,גרמים,200.00,100 גרם,false,,5.90,2.9500,true,1,405251
7290110560317,false,פריכיות משולשות מלח,,,פריכיות משולשות מלח,גרמים,30.00,100 גרם,false,,5.50,18.3333,true,1,22985
7290110560324,false,פריכיות משולשות אפונ,,,פריכיות משולשות אפונ,גרמים,30.00,100 גרם,false,,5.50,18.3333,true,1,22986
7290110561352,false,דנונה ביו דל לקטוז ב,,,דנונה ביו דל לקטוז ב,גרמים,200.00,100 גרם,false,,3.90,1.9500,true,1,23922
7290110563431,false,יטבתה משקה קפה קר בס,,,יטבתה משקה קפה קר בס,מיליליטרים,230.00,"100 מ""ל",false,,7.90,3.4348,true,1,23935
7290110563462,false,יטבתה חלב בבקבוק נטו,,,יטבתה חלב בבקבוק נטו,ליטרים,1.00,ליטר,false,,8.90,8.9000,true,1,23938
7290110565527,false,דנונה PRO 20 גרם חלב,,,דנונה PRO 20 גרם חלב,גרמים,200.00,100 גרם,false,,5.90,2.9500,true,1,23963
7290110566975,false,דנונה PRO 20 גרם חלב,,,דנונה PRO 20 גרם חלב,גרמים,200.00,100 גרם,false,,5.90,2.9500,true,1,23973
7290110568238,false,קצפת צימחית 21% במתי,,,קצפת צימחית 21% במתי,מיליליטרים,250.00,"100 מ""ל",false,,8.90,3.5600,true,1,23985
7290110568559,false,מארז דוריטוס חמוץ חר,,,מארז דוריטוס חמוץ חר,גרמים,250.00,100 גרם,false,,13.90,5.5600,true,1,24374
7290110571412,false,מיני פינוקיות בגביע,,,מיני פינוקיות בגביע,גרמים,180.00,100 גרם,false,,10.90,6.0556,true,1,451106
7290110576752,false,שוקולד ספלנדיד מריר,,,שוקולד ספלנדיד מריר,גרמים,100.00,100 גרם,false,,11.90,11.9000,true,1,451316
7290110576776,false,שוקולד ספלנדיד מריר,,,שוקולד ספלנדיד מריר,גרמים,100.00,100 גרם,false,,11.90,11.9000,true,1,451317
7290111094361,false,קוויק שקיות אשפה XL,,,קוויק שקיות אשפה XL,יחידה,0.00,יחידה,false,,12.90,0.0000,true,1,213778
7290111094613,false,מגבונים לניקוי משקפי,,,מגבונים לניקוי משקפי,יחידה,0.00,יחידה,false,,8.90,0.0000,true,1,29612
7290111094651,false,קוויק שקיות אשפה L ח,,,קוויק שקיות אשפה L ח,יחידה,0.00,יחידה,false,,12.90,0.0000,true,1,213779
7290111095818,false,שקיות אשפה L  עם שרו,,,שקיות אשפה L  עם שרו,יחידה,0.00,יחידה,false,,19.90,0.0000,true,1,29614
7290111097546,false,קוויק מטליות לחות לנ,,,קוויק מטליות לחות לנ,יחידה,0.00,יחידה,false,,7.90,0.0000,true,1,294433
7290111097836,false,קוויק מגבונים לניקוי,,,קוויק מגבונים לניקוי,יחידה,0.00,יחידה,false,,7.90,0.0000,true,1,294434
7290111098536,false,מגבונים לחים לתינוק,,,מגבונים לחים לתינוק,יחידה,0.00,יחידה,false,,14.90,0.0000,true,1,321314
7290111341366,false,ניקול מפיות לאירוח 1,,,ניקול מפיות לאירוח 1,יח',150.00,יח',false,,9.90,0.0660,true,1,9128
7290111342004,false,לילי נייר טואלט לח ק,,,לילי נייר טואלט לח ק,יחידה,0.00,יחידה,false,,8.50,0.0000,true,1,9148
7290111342073,false,מטליות מיקורפייבר אנ,,,מטליות מיקורפייבר אנ,יחידה,0.00,יחידה,false,,13.90,0.0000,true,1,9151
7290111342523,false,מפיות צבעוני ניקול 1,,,מפיות צבעוני ניקול 1,יחידה,0.00,יחידה,false,,7.90,0.0000,true,1,9153
7290111343827,false,ניקול מטליות רב שימו,,,ניקול מטליות רב שימו,יח',9.00,יח',false,,9.90,1.1000,true,1,93109
7290111344206,false,מגבוני האגיס נטורל ק,,,מגבוני האגיס נטורל ק,יחידה,0.00,יחידה,false,,18.90,0.0000,true,1,213373
7290111353550,false,חמאת בוטנים טבעית קל,,,חמאת בוטנים טבעית קל,גרמים,300.00,100 גרם,false,,14.90,4.9667,true,1,404863
7290111563492,false,צבר מרובע  מטבוחה חר,,,צבר מרובע  מטבוחה חר,גרמים,400.00,100 גרם,false,,12.90,3.2250,true,1,20002
7290111564277,false,פריכיות 3 דגנים דקות,,,פריכיות 3 דגנים דקות,גרמים,120.00,100 גרם,false,,11.90,9.9167,true,1,19220
7290111565038,false,לה קרמריה  בטעם וניל,,,לה קרמריה  בטעם וניל,ליטרים,1.40,ליטר,false,,22.90,16.3571,true,1,16224
7290111566271,false,חטיפי תירס טבעול  65,,,חטיפי תירס טבעול  65,גרמים,657.00,100 גרם,false,,32.90,5.0076,true,1,20015
7290111566318,false,שניצל דק צמחוני   בט,,,שניצל דק צמחוני   בט,גרמים,564.00,100 גרם,false,,32.90,5.8333,true,1,20017
7290111566332,false,נקניקיה וינר  680 גר,,,נקניקיה וינר  680 גר,גרמים,680.00,100 גרם,false,,32.90,4.8382,true,1,20018
7290111566585,false,שניצל מן הצומח  מופח,,,שניצל מן הצומח  מופח,גרמים,650.00,100 גרם,false,,32.90,5.0615,true,1,20023
7290111566714,false,המבורגר  מן הצומח  6,,,המבורגר  מן הצומח  6,גרמים,600.00,100 גרם,false,,32.90,5.4833,true,1,20026
7290111566752,false,שניצל תירס לייט טבעו,,,שניצל תירס לייט טבעו,גרמים,693.00,100 גרם,false,,32.90,4.7475,true,1,20028
7290111566776,false,נקנקיות  קוקטייל  מן,,,נקנקיות  קוקטייל  מן,גרמים,680.00,100 גרם,false,,32.90,4.8382,true,1,20029
7290111568466,false,אסם רוטב אסיאתי למוק,,,אסם רוטב אסיאתי למוק,מיליליטרים,290.00,"100 מ""ל",false,,12.90,4.4483,true,1,19276
7290111930850,false,קראנצו'ס פיצה 55 גרם,,,קראנצו'ס פיצה 55 גרם,גרמים,55.00,100 גרם,false,,3.90,7.0909,true,1,21788
7290111932380,false,מרידול משחות שיניים,,,מרידול משחות שיניים,גרמים,150.00,100 גרם,false,,32.90,21.9333,true,1,21811
7290111933462,false,רוטב צ'ילי מתוק 300,,,רוטב צ'ילי מתוק 300,מיליליטרים,300.00,"100 מ""ל",false,,10.90,3.6333,true,1,21821
7290111936203,false,ליידי ספיד סטיק דרמה,,,ליידי ספיד סטיק דרמה,מיליליטרים,150.00,"100 מ""ל",false,,19.90,13.2667,true,1,21841
7290111938481,false,רוטב סויה בהירה מ.שף,,,רוטב סויה בהירה מ.שף,מיליליטרים,300.00,"100 מ""ל",false,,9.90,3.3000,true,1,76861
7290112002136,false,קולון ג'ל 4 ליטר רגי,,,קולון ג'ל 4 ליטר רגי,ליטרים,4.00,ליטר,false,,34.90,8.7250,true,1,21074
7290112002983,false,סיליט חומצת לימון לנ,,,סיליט חומצת לימון לנ,מיליליטרים,750.00,"100 מ""ל",false,,13.90,1.8533,true,1,85901
7290112004000,false,אבקה להסרת כתמים  לב,,,אבקה להסרת כתמים  לב,קילוגרמים,1.62,"ק""ג",false,,34.90,21.5432,true,1,306721
7290112005052,false,וניש אבקה לכביסה לבנ,,,וניש אבקה לכביסה לבנ,ליטרים,1500.00,100 ליטר,false,,39.90,2.6600,true,1,407054
7290112005083,false,וניש אבקה לכביסה צבע,,,וניש אבקה לכביסה צבע,ליטרים,1.50,100 ליטר,false,,39.90,2660.0000,true,1,407055
7290112330352,false,דנונה פרו 20 גר וניל,,,דנונה פרו 20 גר וניל,גרמים,200.00,100 גרם,false,,5.90,2.9500,true,1,23995
7290112330390,false,דנונה פרו 20 גר פירו,,,דנונה פרו 20 גר פירו,גרמים,200.00,100 גרם,false,,5.90,2.9500,true,1,23997
7290112332585,false,"פריכיות הטעימות תפו""",,,"פריכיות הטעימות תפו""",גרמים,30.00,100 גרם,false,,5.50,18.3333,true,1,23086
7290112332691,false,פינוקיות עוגיית קרם,,,פינוקיות עוגיית קרם,גרמים,200.00,100 גרם,false,,10.90,5.4500,true,1,23088
7290112332899,false,מאסט בזוקה פופים קלא,,,מאסט בזוקה פופים קלא,גרמים,58.00,100 גרם,false,,9.90,17.0690,true,1,23092
7290112335487,false,פריכיות הטעימות קצח,,,פריכיות הטעימות קצח,גרמים,135.00,100 גרם,false,,11.90,8.8148,true,1,23102
7290112335500,false,פריכיות הטעימות עשיר,,,פריכיות הטעימות עשיר,גרמים,135.00,100 גרם,false,,11.90,8.8148,true,1,23104
7290112336637,false,"סוכריות מאסט לל""ס יו",,,"סוכריות מאסט לל""ס יו",גרמים,80.00,100 גרם,false,,7.90,9.8750,true,1,23115
7290112336651,false,סוכריות מאסט ללא סוכ,,,סוכריות מאסט ללא סוכ,גרמים,80.00,100 גרם,false,,7.90,9.8750,true,1,23117
7290112337481,false,"סוכריות מאסט לל""ס קפ",,,"סוכריות מאסט לל""ס קפ",גרמים,80.00,100 גרם,false,,7.90,9.8750,true,1,23121
7290112339867,false,גמדים סקוויז בודד תו,,,גמדים סקוויז בודד תו,גרמים,100.00,100 גרם,false,,5.90,5.9000,true,1,24056
7290112339874,false,גמדים סקוויז בודד תו,,,גמדים סקוויז בודד תו,גרמים,100.00,100 גרם,false,,5.90,5.9000,true,1,24057
7290112340122,false,פריכיות הטעימות 3 דג,,,פריכיות הטעימות 3 דג,גרמים,135.00,100 גרם,false,,11.90,8.8148,true,1,23130
7290112340276,false,פינוקיות עוגיית קרם,,,פינוקיות עוגיית קרם,גרמים,200.00,100 גרם,false,,10.90,5.4500,true,1,23134
7290112343499,false,ציטוס Puffs בטעם גבי,,,ציטוס Puffs בטעם גבי,גרמים,55.00,100 גרם,false,,3.50,6.3636,true,1,205536
7290112344724,false,מילקי בטעם שוקולד בל,,,מילקי בטעם שוקולד בל,מיליליטרים,170.00,"100 מ""ל",false,,3.50,2.0588,true,1,24096
7290112344786,false,פלטינום קלאסיק עלית,,,פלטינום קלאסיק עלית,גרמים,200.00,100 גרם,false,,27.90,13.9500,true,1,23163
7290112346360,false,בפלות אחת אחת בציפוי,,,בפלות אחת אחת בציפוי,גרמים,180.00,100 גרם,false,,14.90,8.2778,true,1,23174
7290112349316,false,בזוקה ביג פופים בטעם,,,בזוקה ביג פופים בטעם,גרמים,86.00,100 גרם,false,,12.90,15.0000,true,1,63908
7290112349897,false,מאסט קוביות מנטה 86,,,מאסט קוביות מנטה 86,גרמים,86.00,100 גרם,false,,12.90,15.0000,true,1,63909
7290112350312,false,עלית קפסולות  15 למכ,,,עלית קפסולות  15 למכ,גרמים,50.00,100 גרם,false,,17.90,35.8000,true,1,102248
7290112351258,false,פינוקיות עוגיית שחור,,,פינוקיות עוגיית שחור,גרמים,200.00,100 גרם,false,,10.90,5.4500,true,1,94734
7290112355102,false,סקוויז גמדים לדרך סל,,,סקוויז גמדים לדרך סל,גרמים,100.00,100 גרם,false,,5.90,5.9000,true,1,125567
7290112357069,false,מחית עגבניות איטלקיו,,,מחית עגבניות איטלקיו,גרמים,500.00,100 גרם,false,,7.50,1.5000,true,1,69621
7290112357113,false,גרגרי חומוס טעם הטבע,,,גרגרי חומוס טעם הטבע,גרמים,380.00,100 גרם,false,,6.90,1.8158,true,1,69623
7290112490032,false,נמס בכוס תירס קנור 2,,,נמס בכוס תירס קנור 2,גרמים,45.00,100 גרם,false,,6.90,15.3333,true,1,10737
7290112490209,false,נמס בכוס מרק עגבניות,,,נמס בכוס מרק עגבניות,גרמים,56.00,100 גרם,false,,6.90,12.3214,true,1,10743
7290112490230,false,נמס בכוס אפונה רכיבי,,,נמס בכוס אפונה רכיבי,גרמים,50.00,100 גרם,false,,6.90,13.8000,true,1,10745
7290112490650,false,קונפיטורה 778 תות שד,,,קונפיטורה 778 תות שד,גרמים,340.00,100 גרם,false,,14.90,4.3824,true,1,10755
7290112490735,false,מרק היום מרק עגבניות,,,מרק היום מרק עגבניות,גרמים,105.00,100 גרם,false,,11.90,11.3333,true,1,203103
7290112490742,false,מרק היום מרק פטריות,,,מרק היום מרק פטריות,גרמים,104.00,100 גרם,false,,11.90,11.4423,true,1,203104
7290112490759,false,מרק היום עוף עם אטרי,,,מרק היום עוף עם אטרי,גרמים,74.00,100 גרם,false,,11.90,16.0811,true,1,203089
7290112491701,false,ברנפלקס אקסטרה פרוטא,,,ברנפלקס אקסטרה פרוטא,גרמים,400.00,100 גרם,false,,23.90,5.9750,true,1,10797
7290112491770,false,בייגלה דקים דקים עם,,,בייגלה דקים דקים עם,גרמים,300.00,100 גרם,false,,9.90,3.3000,true,1,10798
7290112492449,false,פינוק שמפו לשיער רגי,,,פינוק שמפו לשיער רגי,מיליליטרים,700.00,"100 מ""ל",false,,11.90,1.7000,true,1,59411
7290112492456,false,פינוק שמפו שיער יבש,,,פינוק שמפו שיער יבש,מיליליטרים,700.00,"100 מ""ל",false,,11.90,1.7000,true,1,59412
7290112492579,false,פינוק מרכך שמן קוקוס,,,פינוק מרכך שמן קוקוס,מיליליטרים,700.00,"100 מ""ל",false,,11.90,1.7000,true,1,59418
7290112492593,false,פינוק תחליב רחצה קלא,,,פינוק תחליב רחצה קלא,מיליליטרים,700.00,"100 מ""ל",false,,9.90,1.4143,true,1,59433
7290112492722,false,פינוק 2 ב 1 ילדים 70,,,פינוק 2 ב 1 ילדים 70,מיליליטרים,700.00,"100 מ""ל",false,,11.90,1.7000,true,1,81753
7290112492982,false,מרק פטריות 100% רכיב,,,מרק פטריות 100% רכיב,יח',400.00,יח',false,,24.90,0.0622,true,1,74849
7290112493088,false,נמס בכוס מרק עדשים ח,,,נמס בכוס מרק עדשים ח,גרמים,54.00,100 גרם,false,,6.90,12.7778,true,1,10823
7290112493095,false,נמס בכוס מרק עגבניות,,,נמס בכוס מרק עגבניות,גרמים,48.00,100 גרם,false,,6.90,14.3750,true,1,10824
7290112493927,false,קרמיסימו ריבת חלב 1.,,,קרמיסימו ריבת חלב 1.,ליטרים,1.33,ליטר,false,,20.90,15.7143,true,1,4407
7290112493934,false,קרמיסימו וניל 1.33 ל,,,קרמיסימו וניל 1.33 ל,ליטרים,1.33,ליטר,false,,20.90,15.7143,true,1,4408
7290112494221,false,קליק ביסקוויט 65 גרם,,,קליק ביסקוויט 65 גרם,גרמים,65.00,100 גרם,false,,5.90,9.0769,true,1,10842
7290112494238,false,קליק כדורים חלב 65 ג,,,קליק כדורים חלב 65 ג,גרמים,65.00,100 גרם,false,,5.90,9.0769,true,1,10843
7290112494276,false,קליק כריות 65 גרם,,,קליק כריות 65 גרם,גרמים,65.00,100 גרם,false,,5.90,9.0769,true,1,10845
7290112494283,false,קליק מעורב חום לבן 6,,,קליק מעורב חום לבן 6,גרמים,65.00,100 גרם,false,,5.90,9.0769,true,1,10846
7290112494351,false,קורנפלקס של אלופים ת,,,קורנפלקס של אלופים ת,גרמים,850.00,100 גרם,false,,17.90,2.1059,true,1,56964
7290112494382,false,פירה בטעם ביתי קנור,,,פירה בטעם ביתי קנור,גרמים,260.00,100 גרם,false,,12.90,4.9615,true,1,10849
7290112494801,false,ג'ל לכביסה לבנה וצבע,,,ג'ל לכביסה לבנה וצבע,ליטרים,2.50,ליטר,false,,33.90,13.5600,true,1,10859
7290112495037,false,קוקומן כדורים תלמה ב,,,קוקומן כדורים תלמה ב,גרמים,375.00,100 גרם,false,,20.90,5.5733,true,1,10866
7290112495044,false,קוקומן פצפוצים תלמה,,,קוקומן פצפוצים תלמה,גרמים,375.00,100 גרם,false,,20.90,5.5733,true,1,10867
7290112495143,false,נשנושים קוקטייל מלוח,,,נשנושים קוקטייל מלוח,גרמים,300.00,100 גרם,false,,12.90,4.3000,true,1,10871
7290112495150,false,נשנושים עגול מלוח 30,,,נשנושים עגול מלוח 30,גרמים,300.00,100 גרם,false,,12.90,4.3000,true,1,10872
7290112495167,false,נשנושים משולש שומשום,,,נשנושים משולש שומשום,גרמים,300.00,100 גרם,false,,12.90,4.3000,true,1,10873
7290112495174,false,נשנושים קוקטייל שומש,,,נשנושים קוקטייל שומש,גרמים,300.00,100 גרם,false,,12.90,4.3000,true,1,10874
7290112495228,false,קורנפלקס דבש תלמה תל,,,קורנפלקס דבש תלמה תל,גרמים,448.00,100 גרם,false,,17.90,3.9955,true,1,10875
7290112495242,false,קורנפלקס מייפל תלמה,,,קורנפלקס מייפל תלמה,גרמים,448.00,100 גרם,false,,17.90,3.9955,true,1,10877
7290112495280,false,ריבועי ברנפלקס קינמו,,,ריבועי ברנפלקס קינמו,גרמים,400.00,100 גרם,false,,23.90,5.9750,true,1,74852
7290112495754,false,רוטב אלף האיים הלמנס,,,רוטב אלף האיים הלמנס,גרמים,305.00,100 גרם,false,,10.50,3.4426,true,1,53347
7290112495785,false,רוטב שום הלמנס 300 ג,,,רוטב שום הלמנס 300 ג,גרמים,300.00,100 גרם,false,,10.50,3.5000,true,1,53349
7290112495938,false,קרקר משפחתי 6 דגנים,,,קרקר משפחתי 6 דגנים,גרמים,250.00,100 גרם,false,,8.90,3.5600,true,1,74873
7290112496027,false,"סירופ שוקולד 600 מ""ל",,,"סירופ שוקולד 600 מ""ל",מיליליטרים,600.00,"100 מ""ל",false,,12.90,2.1500,true,1,10885
7290112496034,false,"סירופ מייפל בד""צ 600",,,"סירופ מייפל בד""צ 600",מיליליטרים,600.00,"100 מ""ל",false,,12.90,2.1500,true,1,10886
7290112496430,false,נמס בכוס אקסטרה מרק,,,נמס בכוס אקסטרה מרק,גרמים,37.00,100 גרם,false,,4.20,11.3514,true,1,203198
7290112497000,false,סיף פנטסטיק ניקוי כל,,,סיף פנטסטיק ניקוי כל,יחידה,0.00,יחידה,false,,12.90,0.0000,true,1,63866
7290112497123,false,קנור סחלב 112 גרם,,,קנור סחלב 112 גרם,גרמים,112.00,100 גרם,false,,14.90,13.3036,true,1,114495
7290112498274,false,אל סבון לידיים בניחו,,,אל סבון לידיים בניחו,מיליליטרים,950.00,"100 מ""ל",false,,11.90,1.2526,true,1,172400
7290112498281,false,אל סבון לידיים בתוספ,,,אל סבון לידיים בתוספ,מיליליטרים,950.00,"100 מ""ל",false,,11.90,1.2526,true,1,170952
7290112498298,false,אל סבון לידיים בתוספ,,,אל סבון לידיים בתוספ,מיליליטרים,950.00,"100 מ""ל",false,,11.90,1.2526,true,1,170953
7290112498915,false,מאגדת מיני מגנום שקד,,,מאגדת מיני מגנום שקד,גרמים,310.00,100 גרם,false,,27.90,9.0000,true,1,161953
7290112499189,false,קרמיסימו חד קרן בטעמ,,,קרמיסימו חד קרן בטעמ,ליטרים,1.33,ליטר,false,,20.90,15.7143,true,1,413948
7290112499196,false,קרמיסימו בטעם החלב ש,,,קרמיסימו בטעם החלב ש,ליטרים,1.33,ליטר,false,,20.90,15.7143,true,1,413963
7290112499462,false,תחליב רחצה בתוספת שמ,,,תחליב רחצה בתוספת שמ,מיליליטרים,700.00,"100 מ""ל",false,,9.90,1.4143,true,1,162026
7290112499639,false,טילון סופר מגנום וני,,,טילון סופר מגנום וני,יחידה,0.00,יחידה,false,,9.90,0.0000,true,1,54095
7290112499646,false,קורנטו סופר פקאנים,,,קורנטו סופר פקאנים,יחידה,0.00,יחידה,false,,9.90,0.0000,true,1,54109
7290112499677,false,מגנום שוקולד לבן ADR,,,מגנום שוקולד לבן ADR,יחידה,0.00,יחידה,false,,9.90,0.0000,true,1,4411
7290112499813,false,"אסקימו אבטיח בד""צ",,,"אסקימו אבטיח בד""צ",יחידה,0.00,יחידה,false,,1.90,0.0000,true,1,57308
7290112499837,false,מגנום דואט שוקולד עם,,,מגנום דואט שוקולד עם,גרמים,90.00,100 גרם,false,,9.90,11.0000,true,1,54081
7290112499929,false,מגנום שוקולד,,,מגנום שוקולד,גרמים,90.00,100 גרם,false,,9.90,11.0000,true,1,54082
7290112499936,false,מגנום שקדים מובחרים,,,מגנום שקדים מובחרים,גרמים,90.00,100 גרם,false,,9.90,11.0000,true,1,54096
7290112499943,false,מגנום מאגדת מיני שוק,,,מגנום מאגדת מיני שוק,גרמים,250.00,100 גרם,false,,27.90,11.1600,true,1,4415
7290112961266,false,בייגלה כפיות בסגנון,,,בייגלה כפיות בסגנון,גרמים,300.00,100 גרם,false,,11.90,3.9667,true,1,19298
7290112963918,false,פיטנס חטיפי קרקר דק,,,פיטנס חטיפי קרקר דק,גרמים,140.00,100 גרם,false,,11.90,8.5000,true,1,19330
7290112964052,false,פסטה וזוביוטו פרפקטו,,,פסטה וזוביוטו פרפקטו,גרמים,500.00,100 גרם,false,,9.90,1.9800,true,1,19332
7290112964076,false,פסטה קונכיות גדולות,,,פסטה קונכיות גדולות,גרמים,400.00,100 גרם,false,,9.90,2.4750,true,1,19333
7290112964410,false,אסם רוטב אלף האיים ל,,,אסם רוטב אלף האיים ל,מיליליטרים,290.00,"100 מ""ל",false,,11.90,4.1034,true,1,19343
7290112964502,false,אסם רוטב אלף האיים ל,,,אסם רוטב אלף האיים ל,מיליליטרים,600.00,"100 מ""ל",false,,17.90,2.9833,true,1,19347
7290112965103,false,קוסקוס עם ירקות אסם,,,קוסקוס עם ירקות אסם,גרמים,146.00,100 גרם,false,,11.90,8.1507,true,1,19356
7290112965165,false,זוג מרק נמס פטריות ב,,,זוג מרק נמס פטריות ב,גרמים,48.00,100 גרם,false,,5.90,12.2917,true,1,19359
7290112965240,false,זוג מרק נמס עגבניות,,,זוג מרק נמס עגבניות,גרמים,60.00,100 גרם,false,,5.90,9.8333,true,1,19363
7290112965264,false,זוג מרק נמס אפונה בד,,,זוג מרק נמס אפונה בד,גרמים,30.00,100 גרם,false,,5.90,19.6667,true,1,19364
7290112965288,false,זוג מרק נמס ירקות בד,,,זוג מרק נמס ירקות בד,גרמים,30.00,100 גרם,false,,5.90,19.6667,true,1,19365
7290112965660,false,פיטנס חטיף מולטיגריי,,,פיטנס חטיף מולטיגריי,גרמים,25.00,100 גרם,false,,4.90,19.6000,true,1,117923
7290112965684,false,פיטנס חטיף מולטיגריי,,,פיטנס חטיף מולטיגריי,גרמים,25.00,100 גרם,false,,4.90,19.6000,true,1,117924
7290112965707,false,פיטנס חטיף מולטיגריי,,,פיטנס חטיף מולטיגריי,גרמים,25.00,100 גרם,false,,4.90,19.6000,true,1,117925
7290112965868,false,אסם קרם קרקר במליחות,,,אסם קרם קרקר במליחות,גרמים,250.00,100 גרם,false,,8.90,3.5600,true,1,19377
7290112965905,false,אסם בייגלה שמיניות ב,,,אסם בייגלה שמיניות ב,גרמים,400.00,100 גרם,false,,10.90,2.7250,true,1,19378
7290112966001,false,טבעול גורמה ארוחת יר,,,טבעול גורמה ארוחת יר,גרמים,450.00,100 גרם,false,,34.90,7.7556,true,1,408619
7290112966803,false,אסם פודינג אינסטנט ש,,,אסם פודינג אינסטנט ש,גרמים,88.00,100 גרם,false,,5.90,6.7045,true,1,19394
7290112967244,false,ביסלי גריל מארז 10*,,,ביסלי גריל מארז 10*,גרמים,200.00,100 גרם,false,,11.90,5.9500,true,1,19398
7290112968340,false,חומוס גרוס גס גס צבר,,,חומוס גרוס גס גס צבר,גרמים,400.00,100 גרם,false,,12.90,3.2250,true,1,20070
7290112968449,false,סלט כרוב אדום צבר 25,,,סלט כרוב אדום צבר 25,גרמים,250.00,100 גרם,false,,10.90,4.3600,true,1,20072
7290112968807,false,פיטנס קרקר דק סלק 14,,,פיטנס קרקר דק סלק 14,גרמים,140.00,100 גרם,false,,11.90,8.5000,true,1,126308
7290112968821,false,פיטנס קרקר דק בטטה 1,,,פיטנס קרקר דק בטטה 1,גרמים,140.00,100 גרם,false,,11.90,8.5000,true,1,126321
7290113100961,false,מספריים דגם יהלום,,,מספריים דגם יהלום,יחידה,0.00,יחידה,false,,15.00,0.0000,true,1,50034
7290113192331,false,זיתים ירוק גדול בית,,,זיתים ירוק גדול בית,גרמים,340.00,100 גרם,false,,10.90,3.2059,true,1,19424
7290113192348,false,זית ירוק שום 17-19בי,,,זית ירוק שום 17-19בי,גרמים,560.00,100 גרם,false,,9.90,1.7679,true,1,19425
7290113192355,false,זיתים חרוזית ירוק בי,,,זיתים חרוזית ירוק בי,גרמים,275.00,100 גרם,false,,9.90,3.6000,true,1,19426
7290113192362,false,טבעות זיתים ירוקים ב,,,טבעות זיתים ירוקים ב,גרמים,280.00,100 גרם,false,,10.90,3.8929,true,1,19427
7290113192379,false,זיתים ירוקים מבוקעים,,,זיתים ירוקים מבוקעים,גרמים,340.00,100 גרם,false,,10.90,3.2059,true,1,19428
7290113192386,false,זית סורי מבוקע בית ה,,,זית סורי מבוקע בית ה,גרמים,340.00,100 גרם,false,,11.90,3.5000,true,1,19429
7290113192393,false,קוקטייל זיתים בית הש,,,קוקטייל זיתים בית הש,גרמים,336.00,100 גרם,false,,10.90,3.2440,true,1,19430
7290113192478,false,מלפפון במלח 10-12 בי,,,מלפפון במלח 10-12 בי,גרמים,320.00,100 גרם,false,,7.90,2.4688,true,1,19438
7290113192508,false,מלפפון במלח 13-17 בי,,,מלפפון במלח 13-17 בי,גרמים,320.00,100 גרם,false,,9.90,3.0938,true,1,19441
7290113192515,false,מלפפון במלח 18-25 בי,,,מלפפון במלח 18-25 בי,גרמים,320.00,100 גרם,false,,10.90,3.4063,true,1,19442
7290113192539,false,מלפפון במלח 7-9 בית,,,מלפפון במלח 7-9 בית,גרמים,560.00,100 גרם,false,,6.90,1.2321,true,1,19444
7290113192553,false,מלפפון במלח בלדי 13-,,,מלפפון במלח בלדי 13-,גרמים,320.00,100 גרם,false,,10.90,3.4063,true,1,19446
7290113192577,false,כרוב כבוש בית השיטה,,,כרוב כבוש בית השיטה,יחידה,430.00,יחידה,false,,7.90,0.0184,true,1,19448
7290113192881,false,טורטיה חיטה מופחתת ק,,,טורטיה חיטה מופחתת ק,גרמים,270.00,100 גרם,false,,9.90,3.6667,true,1,192793
7290113193017,false,בית השיטה קוקטייל זי,,,בית השיטה קוקטייל זי,גרמים,275.00,100 גרם,false,,12.90,4.6909,true,1,110893
7290113193321,false,שמן זית כתית מעולה ב,,,שמן זית כתית מעולה ב,מיליליטרים,750.00,"100 מ""ל",false,,30.90,4.1200,true,1,217219
7290113193406,false,טבעות קוקטיל זיתים ב,,,טבעות קוקטיל זיתים ב,גרמים,560.00,100 גרם,false,,10.70,1.9107,true,1,110907
7290113193888,false,בית השיטה חצילים מוח,,,בית השיטה חצילים מוח,גרמים,320.00,100 גרם,false,,9.90,3.0938,true,1,170506
7290113196414,false,אורז בסמטי שקדיה 1 ק,,,אורז בסמטי שקדיה 1 ק,קילוגרמים,1.00,"ק""ג",false,,9.90,9.9000,true,1,192860
7290113196513,false,פריכיות כוסמת שקדים,,,פריכיות כוסמת שקדים,גרמים,150.00,100 גרם,false,,11.90,7.9333,true,1,193167
7290113196544,false,קשיו  קלוי  250 גרם,,,קשיו  קלוי  250 גרם,גרמים,250.00,100 גרם,false,,20.90,8.3600,true,1,158364
7290113196926,false,מנה חמה אטריות אורז,,,מנה חמה אטריות אורז,גרמים,60.00,100 גרם,false,,7.90,13.1667,true,1,429515
7290113197176,false,חמאת בוטנים טבעית עם,,,חמאת בוטנים טבעית עם,גרמים,510.00,100 גרם,false,,15.90,3.1176,true,1,429546
7290113198579,false,סוכריות גומי דובונים,,,סוכריות גומי דובונים,גרמים,200.00,100 גרם,false,,10.90,5.4500,true,1,299443
7290113198586,false,סוכריות גומי מסוכר ב,,,סוכריות גומי מסוכר ב,גרמים,200.00,100 גרם,false,,10.90,5.4500,true,1,299444
7290113198593,false,סוכריות גומי מסוכר ב,,,סוכריות גומי מסוכר ב,גרמים,200.00,100 גרם,false,,10.90,5.4500,true,1,299445
7290113199682,false,גרנולה שיבולת שועל ע,,,גרנולה שיבולת שועל ע,גרמים,500.00,100 גרם,false,,13.50,2.7000,true,1,408691
7290113199842,false,מגש אירוח סוכריות גו,,,מגש אירוח סוכריות גו,גרמים,700.00,100 גרם,false,,32.90,4.7000,true,1,299465
7290113199897,false,סוכריות חמצוצים בטעם,,,סוכריות חמצוצים בטעם,גרמים,180.00,100 גרם,false,,10.90,6.0556,true,1,299447
7290113199903,false,סוכריות חמצוצים בטעם,,,סוכריות חמצוצים בטעם,גרמים,180.00,100 גרם,false,,10.90,6.0556,true,1,299448
7290113199910,false,סוכריות חמצוצים בטעם,,,סוכריות חמצוצים בטעם,גרמים,180.00,100 גרם,false,,10.90,6.0556,true,1,299449
7290113199927,false,סוכריות חמצוצים בטעם,,,סוכריות חמצוצים בטעם,גרמים,180.00,100 גרם,false,,10.90,6.0556,true,1,299450
7290113289109,false,קערות אלגנט קרם 25 י,,,קערות אלגנט קרם 25 י,יחידה,0.00,יחידה,false,,5.90,0.0000,true,1,199601
7290113289130,false,לפתניות אלגנט קרם 25,,,לפתניות אלגנט קרם 25,יחידה,0.00,יחידה,false,,5.90,0.0000,true,1,199630
7290113289505,false,רדיד אלומיניום כוכבי,,,רדיד אלומיניום כוכבי,יחידה,0.00,יחידה,false,,32.90,0.0000,true,1,257211
7290114310215,false,שמנת מתוקה 38% בקבוק,,,שמנת מתוקה 38% בקבוק,מיליליטרים,250.00,"100 מ""ל",false,,6.47,2.5880,true,1,70309
7290114310239,false,חלב נטול לקטוז  1.5,,,חלב נטול לקטוז  1.5,ליטרים,1.50,ליטר,false,,11.90,7.9333,true,1,83354
7290114310611,false,משקה חלב בננה בבקבוק,,,משקה חלב בננה בבקבוק,מיליליטרים,250.00,"100 מ""ל",false,,5.50,2.2000,true,1,167771
7290114310628,false,משקה חלב וניל עוגיות,,,משקה חלב וניל עוגיות,ליטרים,1.00,ליטר,false,,11.90,11.9000,true,1,155152
7290114311014,false,משקה חלב אייס קפוצ'י,,,משקה חלב אייס קפוצ'י,מיליליטרים,250.00,"100 מ""ל",false,,5.20,2.0800,true,1,346347
7290114311038,false,שמנת מתוקה 32% בקבוק,,,שמנת מתוקה 32% בקבוק,מיליליטרים,250.00,"100 מ""ל",false,,6.90,2.7600,true,1,346333
7290114311076,false,חמאה צהובה עם שום מו,,,חמאה צהובה עם שום מו,גרמים,200.00,100 גרם,false,,10.90,5.4500,true,1,337311
7290114311298,false,מולר פרופ תות בננה מ,,,מולר פרופ תות בננה מ,גרמים,150.00,100 גרם,false,,5.50,3.6667,true,1,408395
7290114311304,false,מולר פרופ מנגו פסיפל,,,מולר פרופ מנגו פסיפל,גרמים,150.00,100 גרם,false,,5.50,3.6667,true,1,408410
7290114311359,false,מולר פרופ מנגו 3% 15,,,מולר פרופ מנגו 3% 15,גרמים,150.00,100 גרם,false,,5.50,3.6667,true,1,408396
7290114600941,false,מאסטר שף מאסטר שף  מ,,,מאסטר שף מאסטר שף  מ,גרמים,435.00,100 גרם,false,,14.90,3.4253,true,1,87553
7290114603508,false,מאסטר שף רוטב להקפצה,,,מאסטר שף רוטב להקפצה,מיליליטרים,300.00,"100 מ""ל",false,,9.90,3.3000,true,1,111865
7290114606554,false,מאסטר שף מיונז לייט,,,מאסטר שף מיונז לייט,גרמים,470.00,100 גרם,false,,14.90,3.1702,true,1,151037
7290115200713,false,מארז במבה קלאסי אסם,,,מארז במבה קלאסי אסם,גרמים,250.00,100 גרם,false,,12.90,5.1600,true,1,119985
7290115202212,false,טבעול גורמה לביבות ס,,,טבעול גורמה לביבות ס,גרמים,434.00,100 גרם,false,,34.90,8.0415,true,1,408589
7290115202786,false,מנה חמה פאוצ' נדלסאט,,,מנה חמה פאוצ' נדלסאט,גרמים,70.00,100 גרם,false,,4.90,7.0000,true,1,149613
7290115202816,false,מנה חמה פאוצ' נדלסאט,,,מנה חמה פאוצ' נדלסאט,גרמים,70.00,100 גרם,false,,4.90,7.0000,true,1,149614
7290115202847,false,מנה חמה פאוצ' נדלסאט,,,מנה חמה פאוצ' נדלסאט,גרמים,70.00,100 גרם,false,,4.90,7.0000,true,1,149615
7290115203134,false,פופקו פופקורן במבה 4,,,פופקו פופקורן במבה 4,גרמים,80.00,100 גרם,false,,5.90,7.3750,true,1,165805
7290115203295,false,פרפקטו פסטה ריציאולי,,,פרפקטו פסטה ריציאולי,גרמים,400.00,100 גרם,false,,9.90,2.4750,true,1,149616
7290115204186,false,פסטו המעדינה של צבר,,,פסטו המעדינה של צבר,גרמים,190.00,100 גרם,false,,15.90,8.3684,true,1,304593
7290115205176,false,פיטנס קרקר THIN כפרי,,,פיטנס קרקר THIN כפרי,גרמים,140.00,100 גרם,false,,11.90,8.5000,true,1,221018
7290115205527,false,פיטנס חטיף מולטגריין,,,פיטנס חטיף מולטגריין,גרמים,25.00,100 גרם,false,,4.90,19.6000,true,1,383415
7290115205541,false,פיטנס חטיף מולטיגריי,,,פיטנס חטיף מולטיגריי,גרמים,25.00,100 גרם,false,,4.90,19.6000,true,1,383431
7290115207163,false,ניוקי בזיליקום ושום,,,ניוקי בזיליקום ושום,גרמים,500.00,100 גרם,false,,12.90,2.5800,true,1,258333
7290115207484,false,חציל על האש היתר צבר,,,חציל על האש היתר צבר,גרמים,400.00,100 גרם,false,,16.90,4.2250,true,1,270534
7290115207507,false,צבר סלט טורקי 360 גר,,,צבר סלט טורקי 360 גר,גרמים,360.00,100 גרם,false,,16.90,4.6944,true,1,267268
7290115207620,false,אסם רוטב בסגנון סויה,,,אסם רוטב בסגנון סויה,מיליליטרים,320.00,"100 מ""ל",false,,12.90,4.0313,true,1,378521
7290115207682,false,אסם רוטב בסגנון סויה,,,אסם רוטב בסגנון סויה,מיליליטרים,330.00,"100 מ""ל",false,,11.90,3.6061,true,1,378478
7290115207941,false,ויטמינצ'יק אננס 1 לי,,,ויטמינצ'יק אננס 1 לי,ליטרים,1.00,ליטר,false,,22.50,22.5000,true,1,282333
7290115207989,false,ויטמינצ'יק לימון 1 ל,,,ויטמינצ'יק לימון 1 ל,ליטרים,1.00,ליטר,false,,22.50,22.5000,true,1,282349
7290115208009,false,ויטמינצ'יק ענבים 1 ל,,,ויטמינצ'יק ענבים 1 ל,ליטרים,1.00,ליטר,false,,22.50,22.5000,true,1,282350
7290115208801,false,לחמית דבש ואגוזים 19,,,לחמית דבש ואגוזים 19,גרמים,190.00,100 גרם,false,,10.90,5.7368,true,1,410122
7290115403299,false,עוגיות פרפריות אדל 4,,,עוגיות פרפריות אדל 4,גרמים,450.00,100 גרם,false,,17.90,3.9778,true,1,350816
7290115403312,false,עוגיות מלוחות קריספי,,,עוגיות מלוחות קריספי,גרמים,450.00,100 גרם,false,,17.90,3.9778,true,1,350818
7290115403411,false,עוגיות עינוגים בטעם,,,עוגיות עינוגים בטעם,גרמים,500.00,100 גרם,false,,17.90,3.5800,true,1,350827
7290115403435,false,עוגיות מעמול תמר אדל,,,עוגיות מעמול תמר אדל,גרמים,500.00,100 גרם,false,,17.90,3.5800,true,1,350829
7290115403442,false,עוגיות ממולאות בטעם,,,עוגיות ממולאות בטעם,גרמים,500.00,100 גרם,false,,17.90,3.5800,true,1,350830
7290115403459,false,עוגיות נסיכה בטעם תו,,,עוגיות נסיכה בטעם תו,גרמים,500.00,100 גרם,false,,17.90,3.5800,true,1,350831
7290115403466,false,עוגיות נסיכה מיקס אד,,,עוגיות נסיכה מיקס אד,גרמים,500.00,100 גרם,false,,17.90,3.5800,true,1,350832
7290115403473,false,עוגיות עינוגי שוקולד,,,עוגיות עינוגי שוקולד,גרמים,500.00,100 גרם,false,,17.90,3.5800,true,1,350833
7290115403480,false,עוגיות בסגנון מרוקאי,,,עוגיות בסגנון מרוקאי,גרמים,500.00,100 גרם,false,,17.90,3.5800,true,1,350834
7290115403503,false,עוגיות פרסה תמרים אד,,,עוגיות פרסה תמרים אד,גרמים,500.00,100 גרם,false,,17.90,3.5800,true,1,350835
7290115403510,false,עוגיות מגולגלות תמרי,,,עוגיות מגולגלות תמרי,גרמים,500.00,100 גרם,false,,17.90,3.5800,true,1,350836
7290115403541,false,עוגיות גרייבה אדל 50,,,עוגיות גרייבה אדל 50,גרמים,500.00,100 גרם,false,,17.90,3.5800,true,1,350839
7290115410068,false,חציל במיונז 400 גרם,,,חציל במיונז 400 גרם,גרמים,400.00,100 גרם,false,,10.90,2.7250,true,1,192063
7290115410075,false,טחינה 400 גרם סלטי ה,,,טחינה 400 גרם סלטי ה,גרמים,400.00,100 גרם,false,,10.90,2.7250,true,1,192048
7290115410082,false,טורקי 400 גרם סלטי ה,,,טורקי 400 גרם סלטי ה,גרמים,400.00,100 גרם,false,,10.90,2.7250,true,1,192064
7290115410099,false,מטבוחה 400 גרם סלטי,,,מטבוחה 400 גרם סלטי,גרמים,400.00,100 גרם,false,,10.90,2.7250,true,1,192065
7290115410556,false,חומוס מסבחה 250 גרם,,,חומוס מסבחה 250 גרם,גרמים,250.00,100 גרם,false,,10.90,4.3600,true,1,192011
7290115410563,false,חומוס מסבחה חריף 250,,,חומוס מסבחה חריף 250,גרמים,250.00,100 גרם,false,,10.90,4.3600,true,1,192012
7290115410600,false,חציל במיונז 250 גרם-,,,חציל במיונז 250 גרם-,גרמים,250.00,100 גרם,false,,10.90,4.3600,true,1,192029
7290115411928,false,"תפו""א 400 גרם סלטי ה",,,"תפו""א 400 גרם סלטי ה",גרמים,400.00,100 גרם,false,,10.90,2.7250,true,1,192067
7290115671155,false,שלישיית סוכריות בזוק,,,שלישיית סוכריות בזוק,גרמים,45.00,100 גרם,false,,8.90,19.7778,true,1,264635
7290115671339,false,מיני פינוקיות בראוני,,,מיני פינוקיות בראוני,גרמים,180.00,100 גרם,false,,10.90,6.0556,true,1,180815
7290115671346,false,מיני פינוקיות במילוי,,,מיני פינוקיות במילוי,גרמים,180.00,100 גרם,false,,10.90,6.0556,true,1,180830
7290115671353,false,מיני פינוקיות שחור ל,,,מיני פינוקיות שחור ל,גרמים,180.00,100 גרם,false,,10.90,6.0556,true,1,251665
7290115678383,false,מעדן הגולן מעדן חלב,,,מעדן הגולן מעדן חלב,גרמים,125.00,100 גרם,false,,2.90,2.3200,true,1,182371
7290115679960,false,ציטוס פופקורן בטעם ט,,,ציטוס פופקורן בטעם ט,גרמים,60.00,100 גרם,false,,3.90,6.5000,true,1,207581
7290116530062,false,רוטב לסלט ויניגרטה 2,,,רוטב לסלט ויניגרטה 2,גרמים,295.00,100 גרם,false,,10.50,3.5593,true,1,175530
7290116530185,false,דגני בוקר דלישקד קרמ,,,דגני בוקר דלישקד קרמ,גרמים,400.00,100 גרם,false,,23.90,5.9750,true,1,266759
7290116530482,false,מארז קורנפלקס של אלו,,,מארז קורנפלקס של אלו,גרמים,150.00,100 גרם,false,,12.90,8.6000,true,1,207341
7290116530871,false,חטיף נשנושים מיקס+בי,,,חטיף נשנושים מיקס+בי,גרמים,240.00,100 גרם,false,,11.90,4.9583,true,1,415210
7290116531083,false,דגני בוקר ברנפלקס לל,,,דגני בוקר ברנפלקס לל,גרמים,500.00,100 גרם,false,,23.90,4.7800,true,1,267679
7290116531090,false,דג דג חטיף אפוי במלי,,,דג דג חטיף אפוי במלי,גרמים,250.00,100 גרם,false,,10.00,4.0000,true,1,283662
7290116531243,false,שמפו ומרכך 2 ב-1 למנ,,,שמפו ומרכך 2 ב-1 למנ,מיליליטרים,700.00,"100 מ""ל",false,,11.90,1.7000,true,1,233643
7290116531496,false,דגני בוקר קינמונים ת,,,דגני בוקר קינמונים ת,גרמים,375.00,100 גרם,false,,20.90,5.5733,true,1,304441
7290116531915,false,דג דג חטיף אפוי בטעם,,,דג דג חטיף אפוי בטעם,גרמים,250.00,100 גרם,false,,10.00,4.0000,true,1,286939
7290116532479,false,קליק גלידת שמנת בטעם,,,קליק גלידת שמנת בטעם,מיליליטרים,520.00,"100 מ""ל",false,,18.90,3.6346,true,1,393629
7290116532486,false,גלידת שמנת קליק בטעם,,,גלידת שמנת קליק בטעם,מיליליטרים,520.00,"100 מ""ל",false,,18.90,3.6346,true,1,393588
7290116930244,false,מארז יוגורט 1.5% תנו,,,מארז יוגורט 1.5% תנו,קילוגרמים,1.20,"100 ק""ג",false,,16.50,1375.0000,true,1,337410
7290117261576,false,סרדינים בריסלינג מעו,,,סרדינים בריסלינג מעו,גרמים,185.00,100 גרם,false,,13.90,7.5135,true,1,435269
7290117380888,false,מרבה טייק אווי - עוג,,,מרבה טייק אווי - עוג,גרמים,140.00,100 גרם,false,,9.90,7.0714,true,1,437364
7290117761052,false,מנקה חלונות 1 ליטר ז,,,מנקה חלונות 1 ליטר ז,ליטרים,1.00,ליטר,false,,14.90,14.9000,true,1,305881
7290117900949,false,בוטנים מצופים  אמריק,,,בוטנים מצופים  אמריק,גרמים,250.00,100 גרם,false,,10.90,4.3600,true,1,386867
7290117900956,false,תערובת פיצוחים קלויי,,,תערובת פיצוחים קלויי,גרמים,180.00,100 גרם,false,,15.90,8.8333,true,1,386868
7290117900970,false,שקד קלוי 180 גרם,,,שקד קלוי 180 גרם,גרמים,180.00,100 גרם,false,,15.90,8.8333,true,1,386870
7290117900987,false,פקאן קלוף 140 גרם,,,פקאן קלוף 140 גרם,גרמים,140.00,100 גרם,false,,15.90,11.3571,true,1,386871
7290117900994,false,פקאן סיני מסוכר 140,,,פקאן סיני מסוכר 140,גרמים,140.00,100 גרם,false,,15.90,11.3571,true,1,386872
7290117901014,false,קשיו קלוי 160 גרם,,,קשיו קלוי 160 גרם,גרמים,160.00,100 גרם,false,,15.90,9.9375,true,1,386874
7290117901038,false,אגוז מלך קלוף 190 גר,,,אגוז מלך קלוף 190 גר,גרמים,190.00,100 גרם,false,,15.90,8.3684,true,1,386876
7290589856775,false,נייס שבלולים לשיער,,,נייס שבלולים לשיער,יחידה,0.00,יחידה,false,,5.90,0.0000,true,1,33937
7296102210727,false,סט 4 קופסאות עגול,,,סט 4 קופסאות עגול,יחידה,0.00,יחידה,false,,19.90,0.0000,true,1,277938
7297395000200,false,בדי בדיקה בת מלך סרי,,,בדי בדיקה בת מלך סרי,יחידה,0.00,יחידה,false,,7.00,0.0000,true,1,34240
7297488099968,false,מלוחה 16% מרכיבים צמ,,,מלוחה 16% מרכיבים צמ,גרמים,250.00,100 גרם,false,,17.90,7.1600,true,1,202197
7312040017683,false,אבסולוט וודקה 700 מל,,,אבסולוט וודקה 700 מל,מיליליטרים,700.00,"100 מ""ל",false,,70.90,10.1286,true,1,33776
7380580005255,false,נייס שבלולים לשיער,,,נייס שבלולים לשיער,יחידה,0.00,יחידה,false,,7.90,0.0000,true,1,33945
7480588956563,false,נייס שבלולים לשיער,,,נייס שבלולים לשיער,יחידה,0.00,יחידה,false,,9.90,0.0000,true,1,33947
7500162900000,false,"בירה סול 330 מ""ל בוד",,,"בירה סול 330 מ""ל בוד",מיליליטרים,330.00,"100 מ""ל",false,,6.90,2.0909,true,1,233302
7501013122039,false,ג'ומקס נקטר מנגו קרט,,,ג'ומקס נקטר מנגו קרט,ליטרים,1.00,ליטר,false,,10.90,10.9000,true,1,39411
7501013122992,false,ג'ומקס משקה קוקוס אנ,,,ג'ומקס משקה קוקוס אנ,ליטרים,1.00,ליטר,false,,10.90,10.9000,true,1,39415
7501064191398,false,קורונה מארז שישיה 6*,,,קורונה מארז שישיה 6*,ליטרים,2.13,ליטר,false,,39.90,18.7324,true,1,29635
7509546061160,false,משחת שיניים קולגייט,,,משחת שיניים קולגייט,מיליליטרים,75.00,"100 מ""ל",false,,15.90,21.2000,true,1,354505
7509546063515,false,ליידי ספיד סטיק פרו,,,ליידי ספיד סטיק פרו,מיליליטרים,150.00,"100 מ""ל",false,,19.90,13.2667,true,1,436392
7509546678702,false,משחת שיניים קולגייט,,,משחת שיניים קולגייט,מיליליטרים,100.00,"100 מ""ל",false,,16.90,16.9000,true,1,396281
7610100034084,false,מיונז טומי 265 גרם,,,מיונז טומי 265 גרם,גרמים,265.00,100 גרם,false,,15.90,6.0000,true,1,12834
7613030979647,false,דגני בוקר טריקס 480,,,דגני בוקר טריקס 480,גרמים,480.00,100 גרם,false,,27.90,5.8125,true,1,19451
7613033548192,false,דגני בוקר פיטנס שוקו,,,דגני בוקר פיטנס שוקו,גרמים,375.00,100 גרם,false,,21.90,5.8400,true,1,19474
7613036520492,false,פרפקטו רוטב עגבניות,,,פרפקטו רוטב עגבניות,גרמים,400.00,100 גרם,false,,9.90,2.4750,true,1,19531
7613036576734,false,חמשושים פרווה 60 גרם,,,חמשושים פרווה 60 גרם,גרמים,60.00,100 גרם,false,,7.50,12.5000,true,1,16251
7613038268262,false,האני נאט ציריוס מופח,,,האני נאט ציריוס מופח,גרמים,410.00,100 גרם,false,,18.90,4.6098,true,1,19555
7613039881965,false,גרבר מחית גזר תפוח 1,,,גרבר מחית גזר תפוח 1,גרמים,190.00,100 גרם,false,,5.90,3.1053,true,1,231769
7613287181411,false,פאוץ סלט פירות ויטמי,,,פאוץ סלט פירות ויטמי,גרמים,110.00,100 גרם,false,,5.90,5.3636,true,1,189597
7613287182326,false,פאוץ בננה תפוח ויטמי,,,פאוץ בננה תפוח ויטמי,גרמים,110.00,100 גרם,false,,5.90,5.3636,true,1,189598
7613287182456,false,פאוץ אגס תפוח בננה ו,,,פאוץ אגס תפוח בננה ו,גרמים,110.00,100 גרם,false,,5.90,5.3636,true,1,189601
7613287394323,false,מולטי צ'יריוס 100% ד,,,מולטי צ'יריוס 100% ד,גרמים,600.00,100 גרם,false,,22.90,3.8167,true,1,167482
7613287476678,false,סינימיניס צ'ורוס 360,,,סינימיניס צ'ורוס 360,גרמים,360.00,100 גרם,false,,27.90,7.7500,true,1,177369
7622010001858,false,עוגיות אוראו  סנדביץ,,,עוגיות אוראו  סנדביץ,גרמים,176.00,100 גרם,false,,9.90,5.6250,true,1,5123
7622201802363,false,מילקה שוקולד חלב עם,,,מילקה שוקולד חלב עם,גרמים,100.00,100 גרם,false,,6.90,6.9000,true,1,182073
7622201808631,false,אוראו מיני כוסות בטע,,,אוראו מיני כוסות בטע,גרמים,67.00,100 גרם,false,,9.90,14.7761,true,1,188075
7622300617820,false,מילקה שוקולד אוראו 1,,,מילקה שוקולד אוראו 1,גרמים,100.00,100 גרם,false,,6.90,6.9000,true,1,5161
7690589856667,false,נייס שבלולים לשיער,,,נייס שבלולים לשיער,יחידה,0.00,יחידה,false,,12.90,0.0000,true,1,33948
7790040420076,false,אלפחורס עוגיות סנדבי,,,אלפחורס עוגיות סנדבי,גרמים,117.00,100 גרם,false,,8.90,7.6068,true,1,113528
7790580419738,false,ביצי שוקולד בון בון,,,ביצי שוקולד בון בון,גרמים,156.00,100 גרם,false,,12.90,8.2692,true,1,129330
7790580421663,false,בון בון ריבת חלב וקר,,,בון בון ריבת חלב וקר,גרמים,288.00,100 גרם,false,,19.90,6.9097,true,1,428604
7800601801098,false,נר הבדלה דקורטיבי פמ,,,נר הבדלה דקורטיבי פמ,יחידה,0.00,יחידה,false,,15.90,0.0000,true,1,13333
7891024124826,false,מש.שיניים אופטיק ווי,,,מש.שיניים אופטיק ווי,מיליליטרים,75.00,"100 מ""ל",false,,19.90,26.5333,true,1,21876
7900250001006,false,אביזרי שיער,,,אביזרי שיער,יחידה,0.00,יחידה,false,,15.90,0.0000,true,1,33949
7900250001013,false,אביזרי שיער,,,אביזרי שיער,יחידה,0.00,יחידה,false,,19.90,0.0000,true,1,33950
8000380187300,false,עוגיות לואקר פתיתי ש,,,עוגיות לואקר פתיתי ש,גרמים,120.00,100 גרם,false,,13.90,11.5833,true,1,109163
8000380192243,false,וופל לואקר מקסי אגוז,,,וופל לואקר מקסי אגוז,גרמים,200.00,100 גרם,false,,13.90,6.9500,true,1,12898
8000380207183,false,טורטינה 1/6 חמאת בוט,,,טורטינה 1/6 חמאת בוט,גרמים,126.00,100 גרם,false,,15.90,12.6190,true,1,396336
8001003100164,false,יוגטה סוכריות ג'לי פ,,,יוגטה סוכריות ג'לי פ,גרמים,450.00,100 גרם,false,,11.90,2.6444,true,1,42092
8001090015969,false,פיירי קפסולות למדיח,,,פיירי קפסולות למדיח,גרמים,938.00,100 גרם,false,,60.90,6.4925,true,1,27386
8001090184412,false,פיירי נוזל כלים  לימ,,,פיירי נוזל כלים  לימ,מיליליטרים,900.00,"100 מ""ל",false,,12.90,1.4333,true,1,356164
8001090336521,false,פמפרס בייבי דריי מיד,,,פמפרס בייבי דריי מיד,יחידה,0.00,יחידה,false,,32.90,0.0000,true,1,27411
8001090832450,false,שמפו הנוסחה הקלאסית,,,שמפו הנוסחה הקלאסית,מיליליטרים,660.00,"100 מ""ל",false,,21.90,3.3182,true,1,68992
8001090832573,false,שמפו לחות מוגברת פנט,,,שמפו לחות מוגברת פנט,מיליליטרים,660.00,"100 מ""ל",false,,21.90,3.3182,true,1,68994
8001090832818,false,מרכך נוסחה קלאסית פנ,,,מרכך נוסחה קלאסית פנ,מיליליטרים,660.00,"100 מ""ל",false,,21.90,3.3182,true,1,68995
8001090832894,false,מרכך לחות מוגברת פנט,,,מרכך לחות מוגברת פנט,מיליליטרים,660.00,"100 מ""ל",false,,21.90,3.3182,true,1,68997
8001090833167,false,אריאל ג'ל כביסה ניחו,,,אריאל ג'ל כביסה ניחו,ליטרים,2.37,ליטר,false,,30.90,13.0380,true,1,27474
8001090899194,false,תחבושות פלטינום נורמ,,,תחבושות פלטינום נורמ,יחידה,0.00,יחידה,false,,19.90,0.0000,true,1,27486
8001090899224,false,תחבושות פלטינום לונג,,,תחבושות פלטינום לונג,יחידה,0.00,יחידה,false,,19.90,0.0000,true,1,27487
8001090899286,false,תחבושות פלטינום לילה,,,תחבושות פלטינום לילה,יחידה,0.00,יחידה,false,,19.90,0.0000,true,1,27489
8001841053806,false,תחבושות עבה לילה אול,,,תחבושות עבה לילה אול,יחידה,0.00,יחידה,false,,13.90,0.0000,true,1,27505
8001841105093,false,חיתולי פמפרס פרימיום,,,חיתולי פמפרס פרימיום,יחידה,0.00,יחידה,false,,35.90,0.0000,true,1,27509
8001841625287,false,פיירי נוזל כלים פלטי,,,פיירי נוזל כלים פלטי,ליטרים,1.01,ליטר,false,,17.90,17.7228,true,1,73825
8001841663654,false,פיירי נוזל כלים 650,,,פיירי נוזל כלים 650,מיליליטרים,650.00,"100 מ""ל",false,,9.90,1.5231,true,1,421485
8001841663692,false,פיירי נוזל כלים  לימ,,,פיירי נוזל כלים  לימ,מיליליטרים,900.00,"100 מ""ל",false,,11.90,1.3222,true,1,398543
8001841669465,false,אריאל קפסולות 24 יחי,,,אריאל קפסולות 24 יחי,גרמים,646.00,100 גרם,false,,32.90,5.0929,true,1,225682
8001841716435,false,ג'ל רחצה ושמפו לעור,,,ג'ל רחצה ושמפו לעור,מיליליטרים,360.00,"100 מ""ל",false,,16.90,4.6944,true,1,209563
8001841716596,false,ג'ל רחצה ושמפו מרענן,,,ג'ל רחצה ושמפו מרענן,מיליליטרים,360.00,"100 מ""ל",false,,16.90,4.6944,true,1,209564
8001841941929,false,אולוויז וליו פק לילה,,,אולוויז וליו פק לילה,יחידה,0.00,יחידה,false,,20.90,0.0000,true,1,301654
8001841958460,false,פיירי קפסולות למדיח,,,פיירי קפסולות למדיח,יחידה,0.00,יחידה,false,,38.90,0.0000,true,1,124807
8003012013602,false,קפסולות אורו גריבלדי,,,קפסולות אורו גריבלדי,גרמים,55.00,100 גרם,false,,9.90,18.0000,true,1,251959
8006540027042,false,לנור מרכך מרוכז בניח,,,לנור מרכך מרוכז בניח,מיליליטרים,900.00,"100 מ""ל",false,,16.90,1.8778,true,1,260324
8006540112823,false,לנור מרכך מרוכז בניח,,,לנור מרכך מרוכז בניח,מיליליטרים,900.00,"100 מ""ל",false,,16.90,1.8778,true,1,161955
8006540429327,false,"פיירי לימון 440 מ""ל",,,"פיירי לימון 440 מ""ל",מיליליטרים,440.00,"100 מ""ל",false,,10.90,2.4773,true,1,260474
8006540628737,false,שמפו הד שולדרס קלאסי,,,שמפו הד שולדרס קלאסי,מיליליטרים,350.00,"100 מ""ל",false,,16.90,4.8286,true,1,428533
8017938005122,false,חומץ תפוחים אורגני 7,,,חומץ תפוחים אורגני 7,מיליליטרים,750.00,"100 מ""ל",false,,19.90,2.6533,true,1,112728
8032804430471,false,פליסיה - סדניני עדשי,,,פליסיה - סדניני עדשי,גרמים,250.00,100 גרם,false,,13.90,5.5600,true,1,113039
8076800195033,false,ספגטי מס' 3 ברילה 50,,,ספגטי מס' 3 ברילה 50,גרמים,500.00,100 גרם,false,,6.90,1.3800,true,1,21902
8076800195057,false,ספגטיני מס' 5 ברילה,,,ספגטיני מס' 5 ברילה,גרמים,500.00,100 גרם,false,,6.90,1.3800,true,1,21903
8076808060654,false,פסטה פרפלה 65 ברילה,,,פסטה פרפלה 65 ברילה,גרמים,500.00,100 גרם,false,,6.90,1.3800,true,1,21913
8076809513395,false,ברילה רוטב פורמודרו,,,ברילה רוטב פורמודרו,גרמים,400.00,100 גרם,false,,14.90,3.7250,true,1,21919
8410128783587,false,ויוה סוי שיבולת שועל,,,ויוה סוי שיבולת שועל,ליטרים,1.00,ליטר,false,,11.90,11.9000,true,1,408968
8690637007705,false,שלגון מסטיגם בטעם ונ,,,שלגון מסטיגם בטעם ונ,גרמים,80.00,100 גרם,false,,6.90,8.6250,true,1,4416
8690637505607,false,מרכך כביסה אקסטרה כח,,,מרכך כביסה אקסטרה כח,מיליליטרים,960.00,"100 מ""ל",false,,14.90,1.5521,true,1,183128
8690637704376,false,שמפו יום יומי דאב 60,,,שמפו יום יומי דאב 60,מיליליטרים,600.00,"100 מ""ל",false,,16.90,2.8167,true,1,10937
8690637858758,false,סיף ג'ל אקונומיקה או,,,סיף ג'ל אקונומיקה או,מיליליטרים,750.00,"100 מ""ל",false,,12.90,1.7200,true,1,10955
8690946270074,false,פסטה ספגטי 500 גרם B,,,פסטה ספגטי 500 גרם B,גרמים,500.00,100 גרם,false,,3.90,0.7800,true,1,445500
8690946270111,false,פסטה פוזלי 500 גרם B,,,פסטה פוזלי 500 גרם B,גרמים,500.00,100 גרם,false,,3.90,0.7800,true,1,445501
8690946270241,false,פסטה קונכיות גדולות,,,פסטה קונכיות גדולות,גרמים,500.00,100 גרם,false,,3.90,0.7800,true,1,445502
8690946272207,false,פסטה פנה 500 גרם BAH,,,פסטה פנה 500 גרם BAH,גרמים,500.00,100 גרם,false,,3.90,0.7800,true,1,445503
8690946272320,false,פסטה מקרוני 500 גרם,,,פסטה מקרוני 500 גרם,גרמים,500.00,100 גרם,false,,3.90,0.7800,true,1,445504
8691058141238,false,AVEL ערמונים שלמים ק,,,AVEL ערמונים שלמים ק,גרמים,100.00,100 גרם,false,,4.90,4.9000,true,1,48904
8691900174056,false,תחבושות קוטקס לילה,,,תחבושות קוטקס לילה,100 יח',16.00,100 יח',false,,16.90,105.6250,true,1,398629
8710502194825,false,מרבה עוגיות שוקולד צ,,,מרבה עוגיות שוקולד צ,גרמים,150.00,100 גרם,false,,5.90,3.9333,true,1,21992
8711000371176,false,ג'ייקובס קפסולות קפה,,,ג'ייקובס קפסולות קפה,גרמים,52.00,100 גרם,false,,18.90,36.3462,true,1,5181
8714599513835,false,קפה ג`יקובס נטול קופ,,,קפה ג`יקובס נטול קופ,גרמים,200.00,100 גרם,false,,35.90,17.9500,true,1,5195
8714599513866,false,קפה ג'יקובס קרונונג,,,קפה ג'יקובס קרונונג,גרמים,200.00,100 גרם,false,,29.90,14.9500,true,1,5196
8714789218465,false,זוג מברשות שיניים 36,,,זוג מברשות שיניים 36,יחידה,0.00,יחידה,false,,30.90,0.0000,true,1,22008
8714789450315,false,פלמוליב שקוף לימון 1,,,פלמוליב שקוף לימון 1,ליטרים,1.50,ליטר,false,,15.90,10.6000,true,1,22017
8714789834467,false,פלמוליב נוזל כלים 1.,,,פלמוליב נוזל כלים 1.,ליטרים,1.50,ליטר,false,,15.90,10.6000,true,1,22035
8715700423906,false,מתבל עגבניות היינץ 2,,,מתבל עגבניות היינץ 2,גרמים,555.00,100 גרם,false,,11.90,2.1441,true,1,5417
8717163607305,false,סבון מוצק גרגירים דא,,,סבון מוצק גרגירים דא,גרמים,400.00,100 גרם,false,,17.90,4.4750,true,1,11088
8717644390566,false,סבון מוצק תמצית מלפפ,,,סבון מוצק תמצית מלפפ,גרמים,400.00,100 גרם,false,,17.90,4.4750,true,1,11110
8718951030206,false,משחת קולגייט סנסטיב,,,משחת קולגייט סנסטיב,מיליליטרים,75.00,"100 מ""ל",false,,17.90,23.8667,true,1,63813
8718951159808,false,מארז שלישייה מברשת 3,,,מארז שלישייה מברשת 3,יחידה,0.00,יחידה,false,,30.90,0.0000,true,1,22066
8718951166288,false,קולגייט משחת שיניים,,,קולגייט משחת שיניים,מיליליטרים,125.00,"100 מ""ל",false,,17.90,14.3200,true,1,22069
8718951236790,false,משחת שיניים קלין מינ,,,משחת שיניים קלין מינ,מיליליטרים,100.00,"100 מ""ל",false,,16.90,16.9000,true,1,22085
8718951240742,false,מש.שיניים פסים מרעננ,,,מש.שיניים פסים מרעננ,גרמים,128.00,100 גרם,false,,16.90,13.2031,true,1,22088
8718951288492,false,מרידול משחת שיניים ב,,,מרידול משחת שיניים ב,מיליליטרים,150.00,"100 מ""ל",false,,30.90,20.6000,true,1,135053
8718951313927,false,סבון ידיים חימר טונו,,,סבון ידיים חימר טונו,מיליליטרים,300.00,"100 מ""ל",false,,9.90,3.3000,true,1,107852
8718951382640,false,סבון רחצה חימר דיטוק,,,סבון רחצה חימר דיטוק,מיליליטרים,750.00,"100 מ""ל",false,,19.90,2.6533,true,1,105781
8718951431614,false,ג'ל רחצה פלמוליב So,,,ג'ל רחצה פלמוליב So,מיליליטרים,750.00,"100 מ""ל",false,,19.90,2.6533,true,1,205114
8719200997998,false,בלו בנד לבישול וטיגו,,,בלו בנד לבישול וטיגו,גרמים,200.00,100 גרם,false,,4.90,2.4500,true,1,11116
8719200998001,false,בלו בנד ללא מלח 200,,,בלו בנד ללא מלח 200,גרמים,200.00,100 גרם,false,,4.90,2.4500,true,1,11117
8719200998018,false,מחמאה מרגרינה בטעם ח,,,מחמאה מרגרינה בטעם ח,גרמים,200.00,100 גרם,false,,4.90,2.4500,true,1,11118
8720181046605,false,דאו' ספריי אוריגינל,,,דאו' ספריי אוריגינל,מיליליטרים,150.00,"100 מ""ל",false,,14.90,9.9333,true,1,115668
8720181201332,false,סבון מוצק גרגירים דא,,,סבון מוצק גרגירים דא,גרמים,400.00,100 גרם,false,,17.90,4.4750,true,1,398397
8720182253156,false,סבון מוצק  מלפפון ות,,,סבון מוצק  מלפפון ות,גרמים,400.00,100 גרם,false,,17.90,4.4750,true,1,398398
8801055707966,false,נס קפה טייסטרס צ'ויס,,,נס קפה טייסטרס צ'ויס,גרמים,180.00,100 גרם,false,,32.90,18.2778,true,1,19576
8888021200256,false,AAאנרג'ייזר סוללות מ,,,AAאנרג'ייזר סוללות מ,יחידה,0.00,יחידה,false,,29.90,0.0000,true,1,6133
8888021200720,false,AAAאנרג'ייזר סוללות,,,AAAאנרג'ייזר סוללות,יחידה,0.00,יחידה,false,,29.90,0.0000,true,1,6134
8901537024014,false,וילי פוד אורז בסמטי,,,וילי פוד אורז בסמטי,גרמים,1000.00,100 גרם,false,,14.90,1.4900,true,1,3313
9720188050109,false,טופוטי ממרח טופו בטע,,,טופוטי ממרח טופו בטע,גרמים,225.00,100 גרם,false,,21.50,9.5556,true,1,6755
