code,internal_code,name,manufacturer_name,manufacture_country,manufacturer_item_description,unit_qty,quantity,unit_of_measure,weighted,qty_in_package,price,unit_of_measure_price,allow_discount,status,item_id
602,false,קפה טורקי 85גרם!,,,בצל יבש,Unknown,0.00,"ק""ג",true,0,3.90,3.90,true,1,
619,false,פלפל אדום,,,פלפל אדום,Unknown,0.00,"ק""ג",true,0,9.90,9.90,true,1,
5942,false,"תפו""ע קריספי",,,"תפו""ע קריספי",Unknown,0.00,"ק""ג",true,0,10.90,10.90,true,1,
6031,false,נקניק פיקולו יבש שלם,,,נקניק פיקולו יבש שלם,Unknown,0.00,"ק""ג",true,0,126.00,126.00,true,1,
8073,false,הרץ יבש שלם,,,הרץ יבש שלם,Unknown,0.00,"ק""ג",true,0,126.00,126.00,true,1,
9966,false,משלוח אינטרנט,,,משלוח אינטרנט,Unknown,0.00,Unknown,false,1,29.90,29.90,true,1,
15125,false,חלה/חלה מתוקה,,,חלה/חלה מתוקה,Unknown,0.00,Unknown,false,1,12.90,12.90,true,1,
45429,false,בטטה ירושלמית,,,בטטה ירושלמית,Unknown,0.00,"ק""ג",true,0,6.99,6.99,true,1,
46020,false,גבינה צהובה גלבוע 22% במשקל תנובה,הפריט בפיקוח,,גבינה צהובה גלבוע-במ,Unknown,0.00,"ק""ג",true,0,40.59,40.59,true,1,
47034,false,קולאז' רוקפור גליל חריץ תנובה,,,קולאז רוקפור גליל,קילוגרמים,0.00,"ק""ג",true,0,126.00,126.00,true,1,
47485,false,גבינה בולגרית 24% פיראוס,,,בולגרית פיראוס 24% ב,Unknown,0.00,"ק""ג",true,0,59.00,59.00,true,1,
53219,false,גבינה חריץ טל העמק 32% במשקל,,,גבינה טל העמק 32%,Unknown,0.00,"ק""ג",true,0,58.00,58.00,true,1,
54766,false,מארז לחמניות,,,מארז גבטה,Unknown,0.00,Unknown,false,1,16.90,16.90,true,1,
56326,false,גבינה שוויצרית במשקל,,,גבינה שוויצרית במשקל,Unknown,0.00,"ק""ג",true,0,74.00,74.00,true,1,
86958,false,גבינה סלמי במשקל,,,גבינה סלמי במשקל,Unknown,0.00,"ק""ג",true,0,62.00,62.00,true,1,
90010,false,מסכה *10 ללא החזרה KN95,,,ללא החזרה KN95 מסכות,Unknown,0.00,Unknown,false,1,129.90,129.90,true,1,
91112,false,עוגיות מוס בטעמים במשקל,,,עוגת גבינה במשקל,Unknown,0.00,"ק""ג",true,0,62.90,62.90,true,1,
363462,false,סלמי מעושן איטלקי טירת צבי במשקל,טירת צבי - מעדניה,,סלמי מעושן איטלקי,Unknown,0.00,"ק""ג",true,0,75.00,75.00,true,1,
363486,false,נקניק תה טירת צבי במשקל,טירת צבי - מעדניה,,נקניק תה טירת צבי,Unknown,0.00,"ק""ג",true,0,55.00,55.00,true,1,
365954,false,פסטרמה הודו גחלים טירת צבי,טירת צבי - מעדניה,,פסטרמה גחלים,Unknown,0.00,"ק""ג",true,0,85.00,85.00,true,1,
369341,false,לבנה אבו גוש ירוק במשקל,,,לבנה אבו גוש ירוק במ,Unknown,0.00,"ק""ג",true,0,50.00,50.00,true,1,
554754,false,"גבינה מוצרלה כדור קטן גד לק""ג",גבינות מעדניה,,מוצרלה קטן במשקל,Unknown,0.00,"ק""ג",true,0,92.00,92.00,true,1,
554815,false,"גב.מוצרלה נקניק צמה גד לק""ג",גבינות מעדניה,,מוצרלה טבעית במשקל,Unknown,0.00,"ק""ג",true,0,83.00,83.00,true,1,
554921,false,"גבינה אורדה 4.5% ריקוטה גד ק""ג.",גבינות מעדניה,,גבינת ריקוטה,קילוגרמים,0.00,"ק""ג",true,0,61.00,61.00,true,1,
554969,false,גבינת שמנת 30% במשקל,גבינות מעדניה,,גבינת שמנת 30% טבעי,Unknown,0.00,"ק""ג",true,0,45.00,45.00,true,1,
<<<<<<< HEAD
=======
554976,false,"גבינה שמנת זיתים 30% גד לק""ג",גבינות מעדניה,,גבינת שמנת 30% זיתים,קילוגרמים,0.00,"ק""ג",true,0,45.00,45.00,true,1,
>>>>>>> d048ac2f4f281c9d788043ab4e81b61b0dbe3743
554990,false,מוצרלה במים כדורים גדולים 18% במשקל,גבינות מעדניה,,כדורי מוצרלה במשקל,Unknown,0.00,"ק""ג",true,0,95.00,95.00,true,1,
644783,false,מנות פילה סלמון קפוא דגי תנובה,דגיים קפואים,,פילה סלמון קפוא מנות,Unknown,0.00,"ק""ג",true,0,84.90,84.90,true,1,
659312,false,פילה סלומון קפוא בוואקום דגי תנובה,דגיים קפואים,,פילה סלמון קפוא,Unknown,0.00,"ק""ג",true,0,59.90,59.90,true,1,
663036,false,פילה אמנון 5-7 קפוא ללא עור דגי תנובה,דגיים קפואים,,פילה אמנון קפוא ללא,Unknown,0.00,"ק""ג",true,0,37.90,37.90,true,1,
663166,false,פילה הייק דרום אפריקאי,דגיים קפואים,ZA,פילה הייק קפוא,Unknown,0.00,"ק""ג",true,0,44.90,44.90,true,1,
1101414,false,סינטה לבנה מעושנת-להב,,,סינטה לבנה מעושנת,Unknown,0.00,"ק""ג",true,0,105.00,105.00,true,1,
1258101,false,גאודה טבעית במשקל,,,גאודה טבעית במשקל,Unknown,0.00,"ק""ג",true,0,99.00,99.00,true,1,
1258118,false,גבינת קממברט-יעקבס,,,גבינת קממבר-יעקבס,Unknown,0.00,"ק""ג",true,0,95.00,95.00,true,1,
1258170,false,גבינת רוקפור צאן במשקל-יעקבס,,,גבינת רוקפור צאן במש,גרמים,0.00,"ק""ג",true,0,145.00,145.00,true,1,
1258217,false,גבינת לבנה עיזים במשקל,,,גבינת לבנה עיזים במש,Unknown,0.00,"ק""ג",true,0,65.00,65.00,true,1,
1258453,false,קממבר בקר עם אגוזים במשקל,,,קממבר בקר עם אגוזים,קילוגרמים,0.00,"ק""ג",true,0,95.00,95.00,true,1,
1258989,false,קממברט בקר בייבי במשקל,,,קממבר בקר בייבי,Unknown,0.00,"ק""ג",true,0,95.00,95.00,true,1,
1356234,false,מקרל מעושן בוואקום,,,מקרל מעושן בוואקום,Unknown,0.00,"ק""ג",true,0,95.00,95.00,true,1,
1356258,false,מקרל מעושן M במשקל,,,מקרל מעושן M במשקל,Unknown,0.00,"ק""ג",true,0,77.00,77.00,true,1,
1356418,false,פילה הרינג במשקל,,,פילה הרינג במשקל,Unknown,0.00,"ק""ג",true,0,59.00,59.00,true,1,
1356425,false,פילה מטיאס במשקל,,,פילה מטיאס במשקל,Unknown,0.00,"ק""ג",true,0,62.00,62.00,true,1,
1356500,false,קילקה בלי ראש במשקל,,,קילקה בלי ראש במשקל,Unknown,0.00,"ק""ג",true,0,74.00,74.00,true,1,
1356586,false,מקרוסקה,,,מקרוסקה,Unknown,0.00,"ק""ג",true,0,139.00,139.00,true,1,
1356630,false,פילה הרינג כבוש במשקל,,,פילה הרינג כבוש במש,Unknown,0.00,"ק""ג",true,0,62.00,62.00,true,1,
1356951,false,סלמון פלטה פרוס,,,סלמון פלטה פרוס,Unknown,0.00,"ק""ג",true,0,220.00,220.00,true,1,
1404379,false,נקניק בריאנסקיה,,,נקניק בריאנסקיה,Unknown,0.00,"ק""ג",true,0,82.00,82.00,true,1,
1404447,false,נקניק סופר דומגנייאה,,,נקניק סופר דומגנייאה,Unknown,0.00,"ק""ג",true,0,120.00,120.00,true,1,
1406113,false,פריזר פרלמנט במשקל,,,פריזר פרלמנט במשקל,Unknown,0.00,"ק""ג",true,0,95.00,95.00,true,1,
1411827,false,שוקיים/כרעיים מעושן,,,שוקיים/כרעיים מעושן,Unknown,0.00,"ק""ג",true,0,49.00,49.00,true,1,
1418789,false,פריזר אליטנאיה קטן במשקל,,,פריזר אליטנאיה קטן,Unknown,0.00,"ק""ג",true,0,89.00,89.00,true,1,
1532010,false,סלמון מעושן חם במשקל,,,סלמון מעושן חם במשקל,Unknown,0.00,"ק""ג",true,0,188.00,188.00,true,1,
1532034,false,פורל בעישון חם במשקל,,,פורל בעישון חם במשקל,Unknown,0.00,"ק""ג",true,0,175.00,175.00,true,1,
1532065,false,דג טונה מעושן חם במשקל,,,דג טונה מעושן חם במש,Unknown,0.00,"ק""ג",true,0,149.00,149.00,true,1,
1532317,false,מקרל בשמן במשקל,,,מקרל בשמן במשקל,Unknown,0.00,"ק""ג",true,0,99.00,99.00,true,1,
2073932,false,פסטרמה רוסט ריב עגל,,,פסטרמה רוסט ריב עגל,Unknown,0.00,"ק""ג",true,0,113.00,113.00,true,1,
2220675,false,גרנה פדנו איטלקית במשקל,,,גרנה פדנו איטלקית,Unknown,0.00,"ק""ג",true,0,142.00,142.00,true,1,
2265009,false,סלמון פרוס במשקל,,,סלמון פרוס במשקל,Unknown,0.00,"ק""ג",true,0,199.00,199.00,true,1,
2265719,false,הרינג נורבגי קפוא שקיל,,,הרינג נורבגי קפוא,Unknown,0.00,"ק""ג",true,0,30.00,30.00,true,1,
2345824,false,פרמזנו רגאנו מנות במשקל,,IT,פרמזנו רגאנו מנות במ,Unknown,0.00,"ק""ג",true,0,208.00,208.00,true,1,
2345879,false,פרמזנו רגאנו במשקל,,IT,פרמזנו רגאנו במשקל,Unknown,0.00,"ק""ג",true,0,173.00,173.00,true,1,
2385455,false,בולגרית מעודנת 24% גד במשקל,,,בולגרית מעודנת 24% ג,Unknown,0.00,"ק""ג",true,0,59.00,59.00,true,1,
2410348,false,רוסטביף עגל קפוא ברשת,,,רוסטביף עגל ברשת,Unknown,0.00,"ק""ג",true,0,62.90,62.90,true,1,
2511137,false,פטה עיזים 20% במשקל,,,פטה עיזים 20% במשקל,Unknown,0.00,"ק""ג",true,0,100.00,100.00,true,1,
2511229,false,בולגרית מעודנת 16% במשקל,,,בולגרית מעודנת 16% ב,Unknown,0.00,"ק""ג",true,0,45.00,45.00,true,1,
2511236,false,גבינה בולגרית מעודנת 5% במשקל,,,גבינה בולגרית מעודנת,גרמים,0.00,"ק""ג",true,0,45.00,45.00,true,1,
2511281,false,ברינזה צאן במשקל,,,ברינזה צאן במשקל,Unknown,0.00,"ק""ג",true,0,80.00,80.00,true,1,
2511427,false,אצבעות שוקלד וניל במשקל,,,אצבעות שוקלד וניל במ,Unknown,0.00,"ק""ג",true,0,60.00,60.00,true,1,
2596448,false,חזה בקר כבוש קורנביף קפוא במשקל,,,חזה בקר כבוש קורנביף,Unknown,0.00,"ק""ג",true,0,66.00,66.00,true,1,
2616474,false,סלמון טראוט מעושן,,,סלמון טראוט מעושן,Unknown,0.00,"ק""ג",true,0,188.00,188.00,true,1,
2617471,false,גבינת צדר אנגלית מיושנת במשקל,,,גבינת צדר אנגלית,Unknown,0.00,"ק""ג",true,0,126.00,126.00,true,1,
2617488,false,גבינת צדר אנגלית מיושנת במשקל,,,גבינת צדר אנגלית,Unknown,0.00,"ק""ג",true,0,120.00,120.00,true,1,
2617495,false,גבינת צדר אנגלית עם וויסקי במשקל,,,גבינת צדר אנגלית,Unknown,0.00,"ק""ג",true,0,159.00,159.00,true,1,
2617501,false,גבינת צדר עם חמוציות במשקל,,,גבינת צדר עם חמוציות,Unknown,0.00,"ק""ג",true,0,166.00,166.00,true,1,
2617525,false,צוריסוס טלה קפוא,,,צוריסוס טלה קפוא,Unknown,0.00,"ק""ג",true,0,66.90,66.90,true,1,
2749561,false,נקניקיות בוואריה מזרע,,,נקניקיות בוואריה,Unknown,0.00,"ק""ג",true,0,79.00,79.00,true,1,
2749899,false,פילה לבן טרי,,,פילה לבן טרי,Unknown,0.00,"ק""ג",true,0,84.90,84.90,true,1,
2812530,false,גאודה הולנדי עשבי תיבול במשקל,,,גאודה עשבי תיבול,Unknown,0.00,"ק""ג",true,0,102.00,102.00,true,1,
2837046,false,גבינת קרלובסקי במשקל,,,גבינת קרלובסקי במשקל,Unknown,0.00,"ק""ג",true,0,85.00,85.00,true,1,
2837121,false,גבינת פושיחונסקי במשקל,,,גבינת פושיחונסקי במש,Unknown,0.00,"ק""ג",true,0,79.00,79.00,true,1,
3006021,false,קוביות מעדן פטה במשקל,,,קוביות מעדן פטה,Unknown,0.00,"ק""ג",true,0,92.00,92.00,true,1,
3006120,false,טאפס שכונתי במשקל,,,טאפס שכונתי במשקל,Unknown,0.00,"ק""ג",true,0,170.00,170.00,true,1,
3018680,false,נקניק קרקובסקיה דימוב,,,נקניק קרקובסקיה,Unknown,0.00,"ק""ג",true,0,109.00,109.00,true,1,
3131181,false,מלח לימון במשקל,,,מלח לימון במשקל,Unknown,0.00,"ק""ג",true,0,40.00,40.00,true,1,
3131211,false,כוסברה במשקל,,,כוסברה במשקל,Unknown,0.00,"ק""ג",true,0,40.00,40.00,true,1,
3131266,false,גרעיני חמניה במשקל,,,גרעיני חמניה במשקל,Unknown,0.00,"ק""ג",true,0,40.00,40.00,true,1,
3131297,false,בננה ציפס שטוח,,,בננה ציפס שטוח,Unknown,0.00,"ק""ג",true,0,39.00,39.00,true,1,
3131334,false,פפאיה,,,פפאיה,Unknown,0.00,"ק""ג",true,0,50.00,50.00,true,1,
3189045,false,גבינה צהובה בסגנון הולנדי 26% מעדניה,,,צהובה הולנדית במשקל,קילוגרמים,0.00,"ק""ג",true,0,37.00,37.00,true,1,
3189274,false,צהובה מעושנת במשקל,,,צהובה מעושנת במשקל,קילוגרמים,0.00,"ק""ג",true,0,40.00,40.00,true,1,
3192311,false,עלי דפנה במשקל,,,עלי דפנה במשקל,Unknown,0.00,"ק""ג",true,0,200.00,200.00,true,1,
3192502,false,חמוצים ב-6.90 ₪ ל-100 גר,,,חמוצים בתפזורת,Unknown,0.00,"ק""ג",true,0,69.00,69.00,true,1,
3192519,false,חמוצים ב-4.90 שח ל-100 גר,,,חמוצים ב-4.90 שח ל-1,Unknown,0.00,"ק""ג",true,0,49.00,49.00,true,1,
3192526,false,חמוצים ב-3.90 שח ל100 גר,,,חמוצים ב-3.90 שח ל10,Unknown,0.00,"ק""ג",true,0,39.00,39.00,true,1,
3192564,false,תמר מגהול ענק,,,תמר מגהול ענק,Unknown,0.00,"ק""ג",true,0,70.00,70.00,true,1,
3192618,false,צנובר סיני,,,צנובר סיני,Unknown,0.00,"ק""ג",true,0,248.00,248.00,true,1,
3192649,false,קוואקר דק,,,קוואקר דק,Unknown,0.00,"ק""ג",true,0,10.00,10.00,true,1,
3192854,false,קשיו טבעי במשקל,,,קשיו טבעי במשקל,Unknown,0.00,"ק""ג",true,0,80.00,80.00,true,1,
3211104,false,צימוק חום,,,צימוק חום,Unknown,0.00,"ק""ג",true,0,50.00,50.00,true,1,
3211203,false,תאנים מיובשות במשקל,,,תאנים מיובשות במשקל,Unknown,0.00,"ק""ג",true,0,69.00,69.00,true,1,
3211234,false,פפריקה מתוקה במשקל,,,פפריקה מתוקה במשקל,Unknown,0.00,"ק""ג",true,0,54.00,54.00,true,1,
3211258,false,קינמון טחון במשקל,,,קינמון טחון במשקל,Unknown,0.00,"ק""ג",true,0,60.00,60.00,true,1,
3211357,false,צימוק לבן קטן,,,צימוק לבן קטן,Unknown,0.00,"ק""ג",true,0,60.00,60.00,true,1,
3211364,false,חלבה במשקל,,,חלבה במשקל,Unknown,0.00,"ק""ג",true,0,60.00,60.00,true,1,
3211432,false,פיסטוק חלבי מקולף,,,פיסטוק חלבי מקולף,Unknown,0.00,"ק""ג",true,0,200.00,200.00,true,1,
3211760,false,תבלין לשווארמה במשקל,,,תבלין לשווארמה במשקל,Unknown,0.00,"ק""ג",true,0,70.00,70.00,true,1,
3211937,false,תערובת לתפוח אדמה,,,תערובת לתפוח אדמה,Unknown,0.00,"ק""ג",true,0,80.00,80.00,true,1,
3213160,false,כורכום במשקל,,,כורכום במשקל,Unknown,0.00,"ק""ג",true,0,90.00,90.00,true,1,
3213177,false,פילדפיה במשקל,,,פילדפיה במשקל,Unknown,0.00,"ק""ג",true,0,90.00,90.00,true,1,
3213214,false,זעתר במשקל,,,זעתר במשקל,Unknown,0.00,"ק""ג",true,0,90.00,90.00,true,1,
3213337,false,חוואג למרק במשקל,,,חוואג למרק במשקל,Unknown,0.00,"ק""ג",true,0,90.00,90.00,true,1,
3213344,false,חמוציות במשקל,,,חמוציות במשקל,Unknown,0.00,"ק""ג",true,0,80.00,80.00,true,1,
3213375,false,שקד טבעי,,,שקד טבעי,Unknown,0.00,"ק""ג",true,0,89.00,89.00,true,1,
3213382,false,אגוז מלך,,,אגוז מלך,Unknown,0.00,"ק""ג",true,0,89.00,89.00,true,1,
3213399,false,אגוז ברזיל,,,אגוז ברזיל,Unknown,0.00,"ק""ג",true,0,99.00,99.00,true,1,
3213443,false,אננס טבעי,,,אננס טבעי,Unknown,0.00,"ק""ג",true,0,120.00,120.00,true,1,
3213498,false,תפוח עץ מיובש טבעות במשקל,,,תפוח עץ מיובש טבעות,Unknown,0.00,"ק""ג",true,0,89.00,89.00,true,1,
3213559,false,בננה מיובשת,,,בננה מיובשת,Unknown,0.00,"ק""ג",true,0,100.00,100.00,true,1,
3213573,false,משמש מיובש אוזבקי במשקל,,,משמש מיובש אוזבקי,Unknown,0.00,"ק""ג",true,0,79.00,79.00,true,1,
3213634,false,תפוע קוביות בקינמון,,,תפוע קוביות בקינמון,Unknown,0.00,"ק""ג",true,0,100.00,100.00,true,1,
3213696,false,משוקלדים במשקל,,,משוקלדים במשקל,Unknown,0.00,"ק""ג",true,0,100.00,100.00,true,1,
3213764,false,פקאן מסוכר,,,פקאן מסוכר,Unknown,0.00,"ק""ג",true,0,120.00,120.00,true,1,
3213771,false,פלפל שחור טחון במשקל,,,פלפל שחור טחון במשקל,Unknown,0.00,"ק""ג",true,0,120.00,120.00,true,1,
3213788,false,פלפל לבן במשקל,,,פלפל לבן במשקל,Unknown,0.00,"ק""ג",true,0,149.00,149.00,true,1,
3213832,false,שקד מולבן פרוס/חצוי/טחון/שלם,,,שקד מולבן פרוס/חצוי/,Unknown,0.00,"ק""ג",true,0,130.00,130.00,true,1,
3345724,false,שוקיים עוף בלי עור,,,שוקיים עוף בלי עור,Unknown,0.00,"ק""ג",true,0,34.90,34.90,true,1,
3345731,false,כרעיים ללא עור ושומן,,,כרעיים ללא עור ושומן,Unknown,0.00,"ק""ג",true,0,27.90,27.90,true,1,
3464562,false,סטייק סינטה עגל טרי,,,סטייק סינטה עגל,Unknown,0.00,"ק""ג",true,0,104.90,104.90,true,1,
3571550,false,"סטייק טונה אלבקור בד""ץ",,VN,סטייק טונה אלבקור קפ,Unknown,0.00,"ק""ג",true,0,50.90,50.90,true,1,
3692972,false,גבינה שמנת 30%,,,גבינה שמנת 30%,Unknown,0.00,"ק""ג",true,0,56.00,56.00,true,1,
3714339,false,וינר עבה במשקל מניה,,,וינר עבה במשקל מניה,Unknown,0.00,"ק""ג",true,0,69.00,69.00,true,1,
3800001,false,כנפיים טרי לוקס,,,כנפיים טרי לוקס,Unknown,0.00,"ק""ג",true,0,21.90,21.90,true,1,
3800513,false,פילה עוף טרי,,,פילה עוף טרי,Unknown,0.00,"ק""ג",true,0,39.90,39.90,true,1,
4000257,false,טחון בקר+כבש,,,טחון בקר וכבש,Unknown,0.00,"ק""ג",true,0,69.90,69.90,true,1,
4050191,false,נקניק סלמי הונגרי,,,נקניק סלמי הונגרי,Unknown,0.00,"ק""ג",true,0,175.00,175.00,true,1,
4050207,false,פסטרמה רולדה פיטרסקייה מזרע,,,רולדה פיטרסקייה,Unknown,0.00,"ק""ג",true,0,95.00,95.00,true,1,
4050283,false,פפרוני עגל במשקל,,,פפרוני עגל במשקל,Unknown,0.00,"ק""ג",true,0,165.00,165.00,true,1,
4050368,false,סלמי קופצסקי סרוולט,,,סלמי קופצסקי סרוולט,Unknown,0.00,"ק""ג",true,0,110.00,110.00,true,1,
4050429,false,קבנוס אוחוטניצי קולבסי,,,קבנוס אוחוטניצי קולב,Unknown,0.00,"ק""ג",true,0,125.00,125.00,true,1,
4050443,false,בייקון במשקל,,,בייקון במשקל,Unknown,0.00,"ק""ג",true,0,200.00,200.00,true,1,
4050559,false,מורטדלה איטלקית זיתים מזרע,,,מורטדלה איטלקית זיתי,Unknown,0.00,"ק""ג",true,0,66.00,66.00,true,1,
4050597,false,פרושוטו,,,פרושוטו,Unknown,0.00,"ק""ג",true,0,312.00,312.00,true,1,
4050801,false,לשון בקר איטלקי,,,לשון בקר איטלקי,Unknown,0.00,"ק""ג",true,0,135.00,135.00,true,1,
4050894,false,נקניק סלמי כפרי,,,נקניק סלמי כפרי,Unknown,0.00,"ק""ג",true,0,175.00,175.00,true,1,
4051006,false,קישקע ארוז קפוא מזרע,,,קישקע קפוא מזרע,Unknown,0.00,"ק""ג",true,0,44.90,44.90,true,1,
4051013,false,בלוק פטה כבד עוף,,,בלוק פטה כבד עוף,Unknown,0.00,"ק""ג",true,0,85.00,85.00,true,1,
4051082,false,קורנביף במשקל,,,קורנביף במשקל,Unknown,0.00,"ק""ג",true,0,120.00,120.00,true,1,
4051174,false,סרוולט אוסטרי במשקל,,,סרוולט אוסטרי,Unknown,0.00,"ק""ג",true,0,175.00,175.00,true,1,
4051204,false,פסטרמה הודו עם אווז,,,פסטרמה הודו עם אווז,Unknown,0.00,"ק""ג",true,0,135.00,135.00,true,1,
4051402,false,צוואר מעושן במשקל,,,צוואר מעושן במשקל,Unknown,0.00,"ק""ג",true,0,170.00,170.00,true,1,
4051464,false,נקניק סלמי מילאנו,,,נקניק סלמי מילאנו,Unknown,0.00,"ק""ג",true,0,155.00,155.00,true,1,
4051488,false,גבינה קייבסקי במשקל,,,גבינה קייבסקי במשקל,Unknown,0.00,"ק""ג",true,0,74.00,74.00,true,1,
4051495,false,בוזנינה כפרית במשקל,,,בוזנינה כפרית במשקל,Unknown,0.00,"ק""ג",true,0,170.00,170.00,true,1,
4051563,false,נקניק סלמי צרפתי,,,נקניק סלמי צרפתי,Unknown,0.00,"ק""ג",true,0,175.00,175.00,true,1,
4051594,false,נקניק סלמי פארמה במשקל,,,נקניק סלמי פארמה,Unknown,0.00,"ק""ג",true,0,105.00,105.00,true,1,
4051600,false,נקניק פיין סלמי,,,נקניק פיין סלמי,Unknown,0.00,"ק""ג",true,0,105.00,105.00,true,1,
4051617,false,נקניק סלמי רוונה במשקל,,,נקניק סלמי רוונה,Unknown,0.00,"ק""ג",true,0,100.00,100.00,true,1,
4051785,false,מורטדלה איטלקית,,,מורטדלה איטלקית,Unknown,0.00,"ק""ג",true,0,70.00,70.00,true,1,
4052034,false,נקניק מוסקובסקיה -מזרע,,,נקניק מוסקובסקיה,Unknown,0.00,"ק""ג",true,0,115.00,115.00,true,1,
4052102,false,עוף מעושן בטעם רוסי במשקל,,,עוף מעושן בטעם רוסי,Unknown,0.00,"ק""ג",true,0,75.00,75.00,true,1,
4052188,false,חזה הודו מעושן בגריל במשקל,,,חזה הודו מעושן בגריל,Unknown,0.00,"ק""ג",true,0,80.00,80.00,true,1,
4052386,false,פסטרמה אסאדו לבן במשקל,,,פסטרמה אסאדו לבן במש,Unknown,0.00,"ק""ג",true,0,140.00,140.00,true,1,
4052423,false,ברזאולה,,,ברזאולה,Unknown,0.00,"ק""ג",true,0,295.00,295.00,true,1,
4052577,false,שווארמה הודו צועני במשקל,,,שווארמה הודו צועני,Unknown,0.00,"ק""ג",true,0,125.00,125.00,true,1,
4052652,false,רו בייקון במשקל,,,רו בייקון במשקל,Unknown,0.00,"ק""ג",true,0,260.00,260.00,true,1,
4052775,false,נקניקיות 100 פרנקפורטר,,,נקניקיות 100 פרנקפור,Unknown,0.00,"ק""ג",true,0,65.00,65.00,true,1,
4052966,false,נקניק תה רחב במשקל,,,נקניק תה במשקל,Unknown,0.00,"ק""ג",true,0,65.00,65.00,true,1,
4052973,false,רוסטביף ללא חומר משמר במשקל,,,רוסטביף,Unknown,0.00,"ק""ג",true,0,195.00,195.00,true,1,
4053000,false,נקניק רו סרוולט,,,נקניק רו סרוולט,Unknown,0.00,"ק""ג",true,0,165.00,165.00,true,1,
4053017,false,נקניק סלמי הרץ מזרע,,,נקניק סלמי הרץ מזרע,Unknown,0.00,"ק""ג",true,0,152.00,152.00,true,1,
4053024,false,נקניק פפרוני,,,נקניק פפרוני,Unknown,0.00,"ק""ג",true,0,165.00,165.00,true,1,
4053161,false,נקניק רוסקי סרוולט,,,נקניק רוסקי סרוולט,Unknown,0.00,"ק""ג",true,0,165.00,165.00,true,1,
4053215,false,פסטרמה על האש,,,פסטרמה על האש,Unknown,0.00,"ק""ג",true,0,139.00,139.00,true,1,
4054014,false,שינקן מעושן במשקל,,,שינקן מעושן במשקל,Unknown,0.00,"ק""ג",true,0,130.00,130.00,true,1,
4054021,false,שינקן פולני פולני חצי במשקל,,,שינקן פולני במשקל,Unknown,0.00,"ק""ג",true,0,120.00,120.00,true,1,
4054038,false,שינקן צועני במשקל,,,שינקן צועני במשקל,Unknown,0.00,"ק""ג",true,0,120.00,120.00,true,1,
4054366,false,סלמי מוסקובסקי סרוולט,,,מוסקובסקי סרוולד,Unknown,0.00,"ק""ג",true,0,160.00,160.00,true,1,
4054427,false,שוק חזירון בלי עצם,,,פסטרמה שוק חזירון,Unknown,0.00,"ק""ג",true,0,110.00,110.00,true,1,
4054434,false,וצינה מוסקובסקיה,,,וצינה מוסקובסקיה,Unknown,0.00,"ק""ג",true,0,150.00,150.00,true,1,
4054502,false,לשון עגל קרושה,,,לשון עגל קרושה,Unknown,0.00,"ק""ג",true,0,90.00,90.00,true,1,
4055103,false,נקניקיות עגל במשקל,,,נקניקיות עגל במשקל,Unknown,0.00,"ק""ג",true,0,50.00,50.00,true,1,
4055479,false,פסטרמה בקר בפלפל,,,פסטרמה בקר בפלפל,Unknown,0.00,"ק""ג",true,0,125.00,125.00,true,1,
4055608,false,פריזר איטלקי,,,פריזר איטלקי,Unknown,0.00,"ק""ג",true,0,62.00,62.00,true,1,
4055615,false,פריזר עגל,,,פריזר עגל,Unknown,0.00,"ק""ג",true,0,45.00,45.00,true,1,
4055813,false,נקניק טורו מבשר בקר,,,נקניק טורו מבשר בקר,Unknown,0.00,"ק""ג",true,0,135.00,135.00,true,1,
4055943,false,לקס עגל,,,לקס עגל,Unknown,0.00,"ק""ג",true,0,220.00,220.00,true,1,
4068417,false,ברי פקאן מחלב בקר במשקל,,,ברי פקאן מחלב בקר במ,Unknown,0.00,"ק""ג",true,0,132.00,132.00,true,1,
4135324,false,בולגרית מעודנת פיראוס 5% למעדניה,,,בולגרית פיראוס מעודנ,Unknown,0.00,"ק""ג",true,0,49.00,49.00,true,1,
4136291,false,צפתית מעודנת פיראוס 5% למעדניה,,,גבינה צפתית מעודנת 5,Unknown,0.00,"ק""ג",true,0,62.00,62.00,true,1,
4232825,false,עוף שלם אורגני קפוא,,,עוף שלם אורגני קפוא,Unknown,0.00,"ק""ג",true,0,44.90,44.90,true,1,
4232832,false,כרעיים עוף קפוא אורג,,,כרעיים עוף קפוא אורג,Unknown,0.00,"ק""ג",true,0,64.90,64.90,true,1,
4232887,false,כנפיים עוף אורגני קפוא,,,כנפיים עוף אורגני קפ,Unknown,0.00,"ק""ג",true,0,27.90,27.90,true,1,
4281526,false,רצועות להקפצה טרי סקין,,IL,רצועות להקפצה חוות.ב,Unknown,0.00,"ק""ג",true,0,104.90,104.90,true,1,
4281540,false,דנבר קאט טרי סקין,,IL,דנבר קאט טרי חוות.ב,Unknown,0.00,"ק""ג",true,0,149.90,149.90,true,1,
4281564,false,שניצל וינאי טרי סקין,,IL,שניצל וינאי חוות.ב,Unknown,0.00,"ק""ג",true,0,109.90,109.90,true,1,
4412135,false,לוף,,,לוף,Unknown,0.00,"ק""ג",true,0,8.80,8.80,true,1,
4412142,false,"תפו""ע גאלה",,,תפוע גאלה,Unknown,0.00,"ק""ג",true,0,9.99,9.99,true,1,
4412166,false,אשכולית אדומה,,,אשכולית אדומה,Unknown,0.00,"ק""ג",true,0,5.99,5.99,true,1,
4412173,false,"תפו""ע ענה",,,תפוע ענה,Unknown,0.00,"ק""ג",true,0,6.99,6.99,true,1,
4412210,false,זנגביל,,,זנגביל,Unknown,0.00,"ק""ג",true,0,50.00,50.00,true,1,
4412227,false,"תפו""א אדום",,,תפוא אדום,Unknown,0.00,"ק""ג",true,0,3.90,3.90,true,1,
4412319,false,בטטה,,,בטטה,Unknown,0.00,"ק""ג",true,0,4.90,4.90,true,1,
4412340,false,קלמנטינה,,,קלמנטינה,Unknown,0.00,"ק""ג",true,0,2.50,2.50,true,1,
4412357,false,רימון,,,רימון,Unknown,0.00,"ק""ג",true,0,9.90,9.90,true,1,
4412364,false,דלעת ערמונים,,,דלעת ערמונים,Unknown,0.00,"ק""ג",true,0,30.00,30.00,true,1,
4412388,false,שומר,,,שומר,Unknown,0.00,"ק""ג",true,0,2.99,2.99,true,1,
4412418,false,קיווי,,,קיווי,Unknown,0.00,"ק""ג",true,0,6.90,6.90,true,1,
4412432,false,תפוזים,,,תפוזים,Unknown,0.00,"ק""ג",true,0,3.90,3.90,true,1,
4412449,false,"תפו""ע יהונתן",,,תפוע יהונתן,Unknown,0.00,"ק""ג",true,0,9.90,9.90,true,1,
4412456,false,"תפו""ע חרמון",,,תפוע חרמון,Unknown,0.00,"ק""ג",true,0,9.90,9.90,true,1,
4412463,false,"תפו""ע מוזהב",,,תפוע מוזהב,Unknown,0.00,"ק""ג",true,0,6.90,6.90,true,1,
4412470,false,"תפו""ע סמיט",,,תפוע סמיט,Unknown,0.00,"ק""ג",true,0,14.90,14.90,true,1,
4412487,false,שזיף אדום,,,שזיף אדום,Unknown,0.00,"ק""ג",true,0,3.99,3.99,true,1,
4412500,false,בצל אדום,,,בצל אדום,Unknown,0.00,"ק""ג",true,0,4.40,4.40,true,1,
4412524,false,פומלית,,,פומלית,Unknown,0.00,"ק""ג",true,0,4.90,4.90,true,1,
4412531,false,ענבים ירוקים,,,ענבים ירוקים,Unknown,0.00,"ק""ג",true,0,39.90,39.90,true,1,
4412548,false,ענבים שחורים,,,ענבים שחורים,Unknown,0.00,"ק""ג",true,0,39.90,39.90,true,1,
4412579,false,מנגו,,,מנגו,Unknown,0.00,"ק""ג",true,0,4.99,4.99,true,1,
4412586,false,לימון,,,לימון,Unknown,0.00,"ק""ג",true,0,4.90,4.90,true,1,
4412616,false,בננות,,,בננות,Unknown,0.00,"ק""ג",true,0,5.90,5.90,true,1,
4412623,false,אגסים,,,אגסים,Unknown,0.00,"ק""ג",true,0,8.90,8.90,true,1,
4412647,false,אבוקדו,,,אבוקדו,Unknown,0.00,"ק""ג",true,0,7.90,7.90,true,1,
4412654,false,אפרסמון,,,אפרסמון,Unknown,0.00,"ק""ג",true,0,8.90,8.90,true,1,
4412678,false,"תפו""א לבן",,,תפוא לבן,Unknown,0.00,"ק""ג",true,0,3.30,3.30,true,1,
4412685,false,פומלה,,,פומלה,Unknown,0.00,"ק""ג",true,0,5.80,5.80,true,1,
4412708,false,קולרבי,,,קולורבי,Unknown,0.00,"ק""ג",true,0,5.90,5.90,true,1,
4412715,false,קשואים,,,קישואים,Unknown,0.00,"ק""ג",true,0,4.90,4.90,true,1,
4412722,false,פרסה,,,פרסה,Unknown,0.00,"ק""ג",true,0,8.99,8.99,true,1,
4412746,false,פלפל חריף,,,פלפל חריף,Unknown,0.00,"ק""ג",true,0,4.90,4.90,true,1,
4412753,false,פלפל נהריה,,,פלפל נהריה,Unknown,0.00,"ק""ג",true,0,4.90,4.90,true,1,
4412760,false,פלפל ירוק,,,פלפל ירוק,Unknown,0.00,"ק""ג",true,0,4.99,4.99,true,1,
4412777,false,פלפל צהוב,,,פלפל צהוב,Unknown,0.00,"ק""ג",true,0,7.90,7.90,true,1,
4412784,false,עגבניות,,,עגבניות,Unknown,0.00,"ק""ג",true,0,6.90,6.90,true,1,
4412791,false,סלק,,,סלק,Unknown,0.00,"ק""ג",true,0,3.95,3.95,true,1,
4412807,false,מלון,,,מלון,Unknown,0.00,"ק""ג",true,0,4.90,4.90,true,1,
4412814,false,מלפפונים,,,מלפפונים,Unknown,0.00,"ק""ג",true,0,5.90,5.90,true,1,
4412838,false,כרובית,,,כרובית,Unknown,0.00,"ק""ג",true,0,14.90,14.90,true,1,
4412845,false,כרוב אדום,,,כרוב אדום,Unknown,0.00,"ק""ג",true,0,4.60,4.60,true,1,
4412852,false,כרוב לבן,,,כרוב לבן,Unknown,0.00,"ק""ג",true,0,2.90,2.90,true,1,
4412869,false,חצילים,,,חצילים,Unknown,0.00,"ק""ג",true,0,1.99,1.99,true,1,
4412876,false,דלעת,,,דלעת,Unknown,0.00,"ק""ג",true,0,1.90,1.90,true,1,
4412883,false,גזר,,,גזר,Unknown,0.00,"ק""ג",true,0,4.90,4.90,true,1,
4412913,false,דלורית,,,דלורית,Unknown,0.00,"ק""ג",true,0,13.99,13.99,true,1,
4412920,false,מלפפון ארוז,,,מלפפון בייבי ארוז,Unknown,0.00,Unknown,false,0,5.90,5.90,true,1,
4412944,false,פטריות יער יחידה,,,פטריות יער,Unknown,0.00,Unknown,false,1,22.90,22.90,true,1,
4467180,false,שניצל עוף דק דק שירות עצמי,,,שניצל עוף דק דק,Unknown,0.00,"ק""ג",true,0,48.90,48.90,true,1,
4485283,false,לב עוף טרי במגש משק ארצי,,,לב עוף טרי,Unknown,0.00,"ק""ג",true,0,39.90,39.90,true,1,
4530044,false,אמנטל צרפתי במשקל,,,אמנטל צרפתי במשקל,Unknown,0.00,"ק""ג",true,0,115.00,115.00,true,1,
4725600,false,גבינה צהובה סקנדינבית 31% במשקל,,,גבינה צהובה סקנדינבי,Unknown,0.00,"ק""ג",true,0,75.00,75.00,true,1,
4861025,false,גבינה בולגרית 5%,,,גבינה בולגרית 5%,Unknown,0.00,"ק""ג",true,0,45.00,45.00,true,1,
4861063,false,גבינת קאש 9% במשקל,,,גבינת קאש 9% במשקל,קילוגרמים,0.00,"ק""ג",true,0,49.00,49.00,true,1,
4861261,false,טבורוג בטעמים 9%,,,טבורוג בטעמים 9%,Unknown,0.00,"ק""ג",true,0,37.00,37.00,true,1,
4861278,false,גבינת שמנת 30% טבעי,,,גבינת שמנת 30% טבעי,גרמים,0.00,"ק""ג",true,0,38.00,38.00,true,1,
4861315,false,לבנה טבעי 5% שמן זית וזעתר,,,לבנה טבעי 5% שמן זית,Unknown,0.00,"ק""ג",true,0,48.00,48.00,true,1,
4982393,false,ברס בלו במשקל,,,ברס בלו במשקל,Unknown,0.00,"ק""ג",true,0,165.00,165.00,true,1,
5053122,false,טבורוג צמוקים במשקל,,,טבורוג צמוקים במשקל,Unknown,0.00,"ק""ג",true,0,27.00,27.00,true,1,
5053580,false,גבינה טבורוג 5% במשקל,,,גבינה טבורוג 5%,Unknown,0.00,"ק""ג",true,0,29.00,29.00,true,1,
5053597,false,גבינה טבורוג 0% במשקל,,,גבינה טבורוג 0%,Unknown,0.00,"ק""ג",true,0,29.00,29.00,true,1,
5053603,false,גבינת שמנת 42% במשקל,,,גבינת שמנת 42% במשקל,Unknown,0.00,"ק""ג",true,0,32.00,32.00,true,1,
5053627,false,גבינת שמנת 15% במשקל,,,גבינת שמנת 15% במשקל,Unknown,0.00,"ק""ג",true,0,18.00,18.00,true,1,
5555200,false,פיקדון חוזר שישייה 1.2,,,פיקדון חוזר שישייה 1,Unknown,0.00,Unknown,false,1,7.20,7.20,true,1,
5678400,false,ענבים ראד גלוב חרצנים,,,ענבים ראד גלוב חרצני,Unknown,0.00,"ק""ג",true,0,19.90,19.90,true,1,
5992667,false,בולגרית 5% במשקל,,,בולגרית 5% במשקל,Unknown,0.00,"ק""ג",true,0,60.00,60.00,true,1,
5992858,false,פטה 5% מעודנת במשקל,,,פטה 5% מעודנת במשקל,Unknown,0.00,"ק""ג",true,0,119.00,119.00,true,1,
5992872,false,צפתית במים 5% במשקל,,,צפתית 5% במשקל,Unknown,0.00,"ק""ג",true,0,64.00,64.00,true,1,
5992889,false,גבינת שמנת 30% שמיר,,,גבינת שמנת 30% שמיר,קילוגרמים,0.00,"ק""ג",true,0,45.00,45.00,true,1,
6186027,false,בשר לבן טרי טחון,,,בשר לבן טרי טחון,Unknown,0.00,"ק""ג",true,0,64.90,64.90,true,1,
6187260,false,סינטה לבן טרי מפורק,,,סינטה לבנה מפורקת,Unknown,0.00,"ק""ג",true,0,79.90,79.90,true,1,
6187468,false,סטייק צלע לבן טרי,,,סטייק צלע לבן טרי,Unknown,0.00,"ק""ג",true,0,71.90,71.90,true,1,
6187604,false,שייטל טרי,,,שייטל בקר נקי טרי,Unknown,0.00,"ק""ג",true,0,109.90,109.90,true,1,
6188663,false,חזה הודו ברביקיו דל שומן מזרע,,,חזה הודו דל שומן,Unknown,0.00,"ק""ג",true,0,80.00,80.00,true,1,
6188717,false,חזה הודו רומני דל שומן מזרע,,,חזה הודו רומני דל.ש,Unknown,0.00,"ק""ג",true,0,85.00,85.00,true,1,
6190062,false,צוואר לבן מפורק טרי,,,צוואר לבן בלי עצם,Unknown,0.00,"ק""ג",true,0,109.90,109.90,true,1,
6191915,false,גבינה מגורדת,,,גבינה מגורדת,Unknown,0.00,"ק""ג",true,0,55.00,55.00,true,1,
6195098,false,גבינת כדור אדם במשקל,,,גבינת כדור אדם במשקל,Unknown,0.00,"ק""ג",true,0,74.00,74.00,true,1,
6217936,false,קוסטיצה שחור במשקל מניה,,,קוסטיצה שחור במשקל,Unknown,0.00,"ק""ג",true,0,139.00,139.00,true,1,
6217950,false,נקניקיות וינר חדש פרדי מניה,,,נקניקיות וינר פרדי,Unknown,0.00,"ק""ג",true,0,75.00,75.00,true,1,
6219015,false,נקניק הרץ מניה,,,נקניק הרץ,Unknown,0.00,"ק""ג",true,0,105.00,105.00,true,1,
6219077,false,נקניק סלמי רוחברג מניה,,,נקניק סלמי רוחברג,Unknown,0.00,"ק""ג",true,0,160.00,160.00,true,1,
6219138,false,נקניק זרניסטיה מניה,,,נקניק זרניסטיה,Unknown,0.00,"ק""ג",true,0,160.00,160.00,true,1,
6219435,false,נקניק גולן מניה,,,נקניק גולן,Unknown,0.00,"ק""ג",true,0,115.00,115.00,true,1,
6219459,false,נקניק גרמני מניה,,,נקניק גרמני,Unknown,0.00,"ק""ג",true,0,115.00,115.00,true,1,
6219640,false,קוסטיצה לבן במשקל מניה,,,קוסטיצה לבנה במשקל,קילוגרמים,0.00,"ק""ג",true,0,139.00,139.00,true,1,
6355300,false,נתח בשר בקר טחון,,,בשר עגל טרי טחון,Unknown,0.00,"ק""ג",true,0,64.90,64.90,true,1,
6452269,false,חטיף סויה קריספי תפז,,,חטיף סויה קריספי תפז,Unknown,0.00,"ק""ג",true,0,112.00,112.00,true,1,
6519511,false,פריזר עוף מזרע,,,פריזר עוף,Unknown,0.00,"ק""ג",true,0,35.00,35.00,true,1,
6519566,false,פריזר אדום גדול,,,פריזר אדום גדול,Unknown,0.00,"ק""ג",true,0,59.00,59.00,true,1,
6520227,false,טחון הודו טרי,,,טחון הודו טרי,Unknown,0.00,"ק""ג",true,0,33.90,33.90,true,1,
6520340,false,שיפודי פרגיות טרי,,,שיפודי פרגיות טרי,Unknown,0.00,"ק""ג",true,0,69.90,69.90,true,1,
6520388,false,שניצל חזה עוף פרוס טרי,,,שניצל חזה עוף פרוס,Unknown,0.00,"ק""ג",true,0,29.90,29.90,true,1,
6704672,false,"זוקיני ירוק/צהוב כ-1 ק""ג ארוז",,,זוקיני ירוק/צהוב כ-1,Unknown,0.00,"ק""ג",true,0,9.90,9.90,true,1,
6707383,false,שוקיים עוף ללא אנטיביוטיקה עוף טוב מגש,,,שוקיים ללא אנטיביוטי,Unknown,0.00,"ק""ג",true,0,39.90,39.90,true,1,
6707390,false,שווארמה עוף ללא אנטיביוטיקה ע טוב מגש,,,שווארמה ללא אנטיביוט,Unknown,0.00,"ק""ג",true,0,82.90,82.90,true,1,
6707420,false,עוף שלם ללא אנטיביוטיקה עוף טוב ארוז,,,עוף שלם טרי ללא אנטי,Unknown,0.00,"ק""ג",true,0,28.90,28.90,true,1,
6707437,false,כנפיים עוף ללא אנטיביוטיקה ארוז עוף טוב,,,כנפיים עוף טרי,Unknown,0.00,"ק""ג",true,0,12.90,12.90,true,1,
6707451,false,לב עוף טרי ללא אנטיביוטיקה עוף טוב מגש,,,לב עוף ללא אנטיביוטי,Unknown,0.00,"ק""ג",true,0,34.90,34.90,true,1,
6707468,false,כבד עוף טרי ללא אנטיביוטיקה עוף טוב מגש,,,כבד עוף ללא אנטיביוט,Unknown,0.00,"ק""ג",true,0,24.90,24.90,true,1,
6707543,false,פילה עוף ללא אנטיביוטיקה עוף טוב במגש,,,פילה עוף ללא אנטיביו,Unknown,0.00,"ק""ג",true,0,49.90,49.90,true,1,
6708151,false,שניצל דק ללא אנטיביוטיקה עוף טוב במגש,,,שניצל דק ללא אנטיביו,Unknown,0.00,"ק""ג",true,0,49.90,49.90,true,1,
6708847,false,חזה עוף ללא אנטיביוטיקה עוף טוב במגש,,,חזה עוף ללא אנטיביוט,Unknown,0.00,"ק""ג",true,0,46.90,46.90,true,1,
6835147,false,פסטרמה לבנה רוסית בשום מזרע,,,פסטרמה לבנה רוסית,Unknown,0.00,"ק""ג",true,0,115.00,115.00,true,1,
6835161,false,פסטרמה לבנה רוסית מעושנת מזרע,,,פסטרמה לבנה רוסית,Unknown,0.00,"ק""ג",true,0,120.00,120.00,true,1,
6836403,false,קממבר תאנים,,,קממבר תאנים,Unknown,0.00,"ק""ג",true,0,200.00,200.00,true,1,
6836441,false,גבינת ברי תאנים במשקל,,,גבינת ברי תאנים,Unknown,0.00,"ק""ג",true,0,210.00,210.00,true,1,
6836496,false,ברי אגוזים במשקל,,,ברי אגוזים במשקל,Unknown,0.00,"ק""ג",true,0,157.00,157.00,true,1,
6837394,false,סלמי העמק מזרע,,,סלמי העמק,Unknown,0.00,"ק""ג",true,0,55.00,55.00,true,1,
6837509,false,גבינת דנאבלו דנמרק במשקל,,,גבינת דנאבלו דנמרק,Unknown,0.00,"ק""ג",true,0,126.00,126.00,true,1,
6837639,false,תחליף גבינה במשקל ROSSIYSKIY,,,ROSSIYSKIY גבינה אנל,Unknown,0.00,"ק""ג",true,0,70.00,70.00,true,1,
6843371,false,ספריבס חזה לבן ללא עור טרי,,,ספריבס חזה לבן ללא ע,Unknown,0.00,"ק""ג",true,0,85.90,85.90,true,1,
6843913,false,ירכיים עוף טרי,,,ירכיים עוף טרי,Unknown,0.00,"ק""ג",true,0,24.90,24.90,true,1,
6843944,false,עוף שלם טרי,,,עוף שלם טרי,Unknown,0.00,"ק""ג",true,0,9.90,9.90,true,1,
8175777,false,גבינת IBERICO מעורבת במשקל,,,גבינת IBERICO מעורבת,Unknown,0.00,"ק""ג",true,0,95.00,95.00,true,1,
8379502,false,חצו-טבורוג יבש במשקל,,,חצו-טבורוג יבש במשקל,Unknown,0.00,"ק""ג",true,0,32.00,32.00,true,1,
8379854,false,גבינה גרוזינסקי במשקל,,,גבינה גרוזינסקי במשק,Unknown,0.00,"ק""ג",true,0,59.00,59.00,true,1,
8379977,false,גבינת סולוגוני במשקל,,,גבינת סולוגוני במשקל,Unknown,0.00,"ק""ג",true,0,74.00,74.00,true,1,
8403641,false,גבינה בימסטר רויאל במשקל,,,גבינה בימסטר רויאל ב,Unknown,0.00,"ק""ג",true,0,168.00,168.00,true,1,
8431736,false,לחם 100% כוסמין,,,לחם 100% כוסמין,Unknown,0.00,Unknown,false,1,23.90,23.90,true,1,
8433426,false,פילה הייק קפוא,,,פילה הייק קפוא,Unknown,0.00,"ק""ג",true,0,54.90,54.90,true,1,
8433686,false,נקניקיות מרגז קפוא ארוז,,,נקניקיות מרגז קפואות,Unknown,0.00,"ק""ג",true,0,68.90,68.90,true,1,
8433853,false,כתף בקר מעושן מזרע,,,כתף בקר מעושנת מזרע,Unknown,0.00,"ק""ג",true,0,130.00,130.00,true,1,
8434638,false,פרגיות עוף שווארמה טרי,,IL,פרגית קצרה/ שווארמה,Unknown,0.00,"ק""ג",true,0,59.90,59.90,true,1,
8434683,false,צדר אדום גרמני במשקל,,,צדר אדום גרמני במשקל,Unknown,0.00,"ק""ג",true,0,89.00,89.00,true,1,
8434799,false,צדר לבן גרמני במשקל,,,צדר לבן גרמני במשקל,Unknown,0.00,"ק""ג",true,0,95.00,95.00,true,1,
8437103,false,גבינת סנט מור פחם במשקל,,,גבינת סנט מור פחם במ,Unknown,0.00,"ק""ג",true,0,157.00,157.00,true,1,
8437288,false,גבינת הדר בסגנון קממבר במשקל,,,גבינת הדר בסגנון קממ,Unknown,0.00,"ק""ג",true,0,157.00,157.00,true,1,
8437707,false,גבינה כחולה מחלב בקר סטילטון,,,גבינה נטע בסגנון מנצ,Unknown,0.00,"ק""ג",true,0,146.00,146.00,true,1,
8438544,false,גבינה ברי במשקל,,,גבינה בר בסגנון ברי,Unknown,0.00,"ק""ג",true,0,150.00,150.00,true,1,
8438667,false,פסטרמה כתף רומני מזרע,,,פסטרמה כתף רומני,Unknown,0.00,"ק""ג",true,0,120.00,120.00,true,1,
8439213,false,פסטרמה הודו פרפר על האש מזרע,,,פסטרמה הודו פרפר על,Unknown,0.00,"ק""ג",true,0,75.00,75.00,true,1,
8439428,false,פסטרמה לבנה מעודנת רומנית מזרע,,,פסטרמה לבנה מעודנת,Unknown,0.00,"ק""ג",true,0,135.00,135.00,true,1,
8439510,false,פסטרמה הודו בדבש מזרע,,,פסטרמה הודו בדבש,Unknown,0.00,"ק""ג",true,0,70.00,70.00,true,1,
8439527,false,פסטרמה הודו פרפר מעושן מזרע,,,פסטרמה הודו פרפר מעו,Unknown,0.00,"ק""ג",true,0,75.00,75.00,true,1,
8439541,false,פסטרמה הודו על האש,,,פסטרמה הודו על האש,Unknown,0.00,"ק""ג",true,0,70.00,70.00,true,1,
8439572,false,פסטרמה הודו פרפר רומני מזרע,,,פסטרמה הודו פרפר,Unknown,0.00,"ק""ג",true,0,75.00,75.00,true,1,
8439589,false,פסטרמה הודו פרפר בשום,,,פסטרמה הודו פרפר בשו,Unknown,0.00,"ק""ג",true,0,72.00,72.00,true,1,
8439756,false,פסטרמה הודו פלפל מזרע,,,פסטרמה הודו פלפל,Unknown,0.00,"ק""ג",true,0,72.00,72.00,true,1,
8439787,false,פסטרמה לבנה רומנית מזרע,,,פסטרמה לבנה רומנית,Unknown,0.00,"ק""ג",true,0,120.00,120.00,true,1,
8440004,false,ירך לבן (פולקה) טרי,,,ירך לבן טרי,Unknown,0.00,"ק""ג",true,0,64.90,64.90,true,1,
8440851,false,ספריבס לבן טרי,,,ספריבס לבן טרי,Unknown,0.00,"ק""ג",true,0,119.90,119.90,true,1,
8440868,false,כתף לבן מפורק נקי טרי,,,כתף לבן מפורק טרי,Unknown,0.00,"ק""ג",true,0,64.90,64.90,true,1,
8441575,false,גבינה קממבר בזלת צאן במשקל,,,גבינה קממבר בזלת צאן,Unknown,0.00,"ק""ג",true,0,210.00,210.00,true,1,
8442114,false,דמשניה ארוכה מזרע,,,דמשניה ארוכה מזרע,Unknown,0.00,"ק""ג",true,0,110.00,110.00,true,1,
8442374,false,סלמי פיין כפרית מזרע,,,סלמי פיין כפרית,Unknown,0.00,"ק""ג",true,0,95.00,95.00,true,1,
8442459,false,נקניק קבנוס בוקבינה מזרע,,,נקניק קבנוס בוקבינה,Unknown,0.00,"ק""ג",true,0,100.00,100.00,true,1,
8442473,false,נקניק הרץ יבש מזרע,,,נקניק הרץ יבש,Unknown,0.00,"ק""ג",true,0,175.00,175.00,true,1,
8442527,false,גבינה ברי פחם צאן,,,גבינה ברי פחם צאן,Unknown,0.00,"ק""ג",true,0,210.00,210.00,true,1,
8442602,false,נקניק פיקולו יבש,,,נקניק פיקולו יבש,Unknown,0.00,"ק""ג",true,0,152.00,152.00,true,1,
8442640,false,פילה דג בסה קפוא בוואקום,,,פילה דג בסה קפוא,Unknown,0.00,"ק""ג",true,0,30.00,30.00,true,1,
8442688,false,נקניק כפרית יבש מזרע,,,נקניק כפרית יבש,Unknown,0.00,"ק""ג",true,0,162.00,162.00,true,1,
8442831,false,שינקין מעודן מעושן דל שומן מזרע,,,שינקין מעודן מעושן,Unknown,0.00,"ק""ג",true,0,135.00,135.00,true,1,
8461047,false,גבינת ברי לה רוסטיק במשקל,,,גבינת ברי לה רוסטיק,Unknown,0.00,"ק""ג",true,0,149.00,149.00,true,1,
8713438,false,גאודה מיושנת גלגל במשקל D DAIRY,,,גאודה הולנדית מיושנת,Unknown,0.00,"ק""ג",true,0,129.00,129.00,true,1,
8774871,false,סטייק פרגיות צרפתי,,,סטייק פרגיות צרפתי,Unknown,0.00,"ק""ג",true,0,39.90,39.90,true,1,
8776097,false,פרוסות עגל טרי לצלי,,,פרוסות עגל טרי לצלי,Unknown,0.00,"ק""ג",true,0,69.90,69.90,true,1,
8776127,false,אוסובוקו עגל טרי,,,אוסובוקו עגל טרי,Unknown,0.00,"ק""ג",true,0,49.90,49.90,true,1,
8776820,false,קוביות שריר לקדירה טרי,,,קוביות שריר לקדירה,Unknown,0.00,"ק""ג",true,0,59.90,59.90,true,1,
8776837,false,שייטל טרי לרוסטביף,,,שייטל טרי לרוסטביף,Unknown,0.00,"ק""ג",true,0,109.90,109.90,true,1,
8776875,false,סטייק ניו יורק,,,סטייק ניו יורק,Unknown,0.00,"ק""ג",true,0,119.90,119.90,true,1,
8881005,false,פילה סלמון טרי,,,פילה סלמון טרי,Unknown,0.00,"ק""ג",true,0,109.90,109.90,true,1,
9441017,false,עגבניות שרי,,,עגבניות שרי,Unknown,0.00,"ק""ג",true,0,5.99,5.99,true,1,
9990005,false,שובר אתר 5 שח,,,שובר אתר 5 שח,Unknown,0.00,Unknown,false,1,0.10,0.10,true,1,
9990010,false,שובר אתר 10 שח,,,שובר אתר 10 שח,Unknown,0.00,Unknown,false,1,0.10,0.10,true,1,
9990015,false,שובר אתר 15 שח,,,שובר אתר 15 שח,Unknown,0.00,Unknown,false,1,0.10,0.10,true,1,
9990020,false,שובר אתר 20 שח,,,שובר אתר 20 שח,Unknown,0.00,Unknown,false,1,0.10,0.10,true,1,
9990025,false,שובר אתר 25 שח,,,שובר אתר 25 שח,Unknown,0.00,Unknown,false,1,0.10,0.10,true,1,
9999212,false,משלוח באתר,,,משלוח מיוחד באתר,Unknown,0.00,Unknown,false,1,29.90,29.90,true,1,
11549475,false,לחמניה שמרים,,,לחמניה שמרים,גרמים,180.00,100 גרם,false,1,3.90,2.17,true,1,
32147230,false,"מיץ לימון משומר 200מ""ל(לימונית אקסטרא)",ג'נרל מילס סאן אדריא,,מיץ לימון משומר 200,מיליליטרים,200.00,"100 מ""ל",false,1,6.90,3.45,true,1,
40084107,false,ביצת שוקולד הפתעה קינדר,פרדי קונדטוריה אס פי,,קינדר ביצת הפתעה,Unknown,0.00,Unknown,false,1,5.50,5.50,true,1,
40111445,false,מ&מס פינאטס 45 גרם,,,מ&מס פינאטס 45 גרם,גרמים,45.00,100 גרם,false,1,4.90,10.89,true,1,
40111490,false,מ&מס שוקולד 45 גרם,,,מ&מס שוקולד 45 גרם,גרמים,45.00,100 גרם,false,1,4.90,10.89,true,1,
40173351,false,"בירה מייסלס חיטה אורגינל 500 מ""ל",מייסלס Maisel's,DE,בירה מייזל חיטה אורג,מיליליטרים,500.00,"100 מ""ל",false,1,11.90,2.38,true,1,
40786179,false,בירה לוונבראו פחית 500 מל,Spaten,,בירה לוונבראו פחית 5,מיליליטרים,500.00,"100 מ""ל",false,1,11.90,2.38,true,1,
42061939,false,"בירה בקס בקבוק 500 מ""ל בקבוק","איי, בי, אינבוו",,"בירה בקס 500 מ""ל",מיליליטרים,500.00,"100 מ""ל",false,1,9.90,1.98,true,1,
42315926,false,"קרם ידיים ניוואה סמוט 100 מ""ל",אלפא,,קרם ידיים ניוואה סמו,Unknown,0.00,Unknown,false,1,19.90,19.90,true,1,
45358850,false,אוסובוקו טרי פרוס,,,אוסובוקו טרי,Unknown,0.00,"ק""ג",true,0,49.90,49.90,true,1,
54051140,false,מעדן סויה טעם וניל אלפרו רביעיה * 125 ג',הנסיך- מפעל לייצור ט,,אלפרו מעדן סויה בטעם,מיליליטרים,500.00,"100 מ""ל",false,1,18.90,3.78,true,1,
54051157,false,מעדן סויה טעם שוקו אלפרו רביעיה 125 ג',קריות זול,,אלפרו מעדן סויה בטעם,גרמים,500.00,100 גרם,false,1,18.90,3.78,true,1,
72940754,false,"מילקי מעדן וניל עם קצפת שטראוס 133 מ""ל","שטראוס גרופ בע""\מ",,מילקי וניל 130 גרם,גרמים,130.00,100 גרם,false,1,2.90,2.23,true,1,
72940761,false,"מילקי מעדן שוקולד עם קצפת שטראוס 133 מ""ל",מיוצר עי קונדיטוריית,,מילקי שוקולד 130 גרם,גרמים,130.00,100 גרם,false,1,2.90,2.23,true,1,
72940952,false,מעדן מילקי בטעם שוקולד עם אקסטרה קצפת,"שטראוס גרופ בע""\מ",,מילקי פי 2 קצפת 104,גרמים,104.00,100 גרם,false,1,3.90,3.75,true,1,
72940976,false,סלט כרוב אדום אחלה 250 גרם,מיוצר עי קונדיטוריית,,כרוב אדום 250 גרם,גרמים,250.00,100 גרם,false,1,10.00,4.00,true,1,
72940983,false,סלט חומוס 250 גר אחל,מיוצר עי קונדיטוריית,,חומוס אחלה 250 גרם,גרמים,250.00,100 גרם,false,1,8.30,3.32,true,1,
72941041,false,מעדן מילקי מיני בטעם שוקולד עם קצפת,"שטראוס גרופ בע""\מ",,מיני מילקי שוקולד 62,גרמים,62.00,100 גרם,false,1,2.30,3.71,true,1,
72945308,false,קוביית שמרים טריים לאפיה שמרית 50 גרם,"פאקא תעשיות בע""\מ",,שמרית קוביה 50 גרם,גרמים,50.00,100 גרם,false,1,4.00,8.00,true,1,
72961544,false,"באדי יוגורט בטעם תות שדה 3% תנובה 125 מ""ל",מחלבת אלון תבור,,"באדי תות 3% 125 מ""ל",גרמים,125.00,100 גרם,false,1,3.00,2.40,true,1,
72993637,false,מעדן חלב בטעם שוקולד 125 ג' דני,"שטראוס גרופ בע""\מ",,מעדן דני שוקולד 125,גרמים,125.00,100 גרם,false,1,2.90,2.32,true,1,
80001911,false,וופל גרדנה במילוי קרם אגוזי לוז ובציפוי שוקולד לבן,ליימן מותגים,,גרדנה שוקולד לבן במי,גרמים,38.00,100 גרם,false,1,4.40,11.58,true,1,
80042556,false,POLPA עגבניות חתוכות דק 400 גרם MUTTI,"איי, בי, אינבוו",,POLPA עגבניות חתוכות,גרמים,400.00,100 גרם,false,1,6.80,1.70,true,1,
80042563,false,רסק עגבניות 700 ג' (צהוב) MUTTI,"איי, בי, אינבוו",IT,מחית עגבניות קלה 700,גרמים,700.00,100 גרם,false,1,11.90,1.70,true,1,
80044079,false,קינמון טחון אורגני 42 גר קנהמלה,קנהמלה,,קינמון טחון אורגני 4,Unknown,0.00,Unknown,false,1,15.90,15.90,true,1,
80050025,false,סוכריות טיק טק תפוז 16 גרם,פררו - אלבה,,סוכריות טיק טק בטעם,גרמים,16.00,100 גרם,false,1,3.50,21.88,true,1,
80052760,false,קינדר בואנו Kinder Bueno עם חלב ואגוזי לוז,פררו - אלבה,,חטיף קינדר בואנו 43,גרמים,43.00,100 גרם,false,1,3.90,9.07,true,1,
80083665,false,גנדולה עוגיות עם שוקולד ציפס אורגני 250,תות תעשיות מזון (201,IT,גנדולה עוגיות עם שוק,גרמים,250.00,100 גרם,false,1,14.90,5.96,true,1,
80083696,false,גנדולה עוגיות דגנים ופירות אורגני 250,,IT,גנדולה עוגיות דגנים,גרמים,250.00,100 גרם,false,1,14.90,5.96,true,1,
80136194,false,חטיפי הפי היפו Happy Hippo במילוי קרם חלבי ואגוזי לוז,קינדר Kinder,,קינדר הפי היפו אגוזי,גרמים,104.00,100 גרם,false,1,12.50,12.02,true,1,
80177173,false,ממרח שוקולד נוטלה 350 גרם,פררו - אלבה,,ממרח נוטלה 350 גרם,גרמים,350.00,100 גרם,false,1,14.90,4.26,true,1,
80177616,false,אצבעות שוקולד קינדר Kinder שמונה יחידות,פררו - אלבה,,טבלת שוקולד קינדר 10,גרמים,100.00,100 גרם,false,1,8.40,8.40,true,1,
80310167,false,קינדר שוקולד מקסי 126 גר,קינדר,,קינדר מקסי שישייה 12,גרמים,126.00,100 גרם,false,1,9.90,7.86,true,1,
80473336,false,פלפל שחור טחון אורגני 50 גר קנהמלה,קנמלה Cannamela,,פלפל שחור טחון אורגנ,Unknown,0.00,Unknown,false,1,15.90,15.90,true,1,
80525462,false,Agnesi רוטב עגבניות נפוליטנה 400 גר,,IT,Agnesi רוטב עגבניות,גרמים,400.00,100 גרם,false,0,14.60,3.65,true,1,
80541776,false,אורגנו אורגני 14 גר קנהמלה,האי נאם סי או אל.טי.,,אורגנו אורגני 14 גר,Unknown,0.00,Unknown,false,1,15.90,15.90,true,1,
80655404,false,שום גבישי אורגני 70 גר קנהמלה,קנהמלה,,שום גבישי אורגני 70,Unknown,0.00,Unknown,false,1,15.90,15.90,true,1,
80704188,false,מחית כמהין 80 גרם,,,מחית כמהין 80 גרם,Unknown,0.00,Unknown,false,1,57.50,57.50,true,1,
80761761,false,קינדר בואנו לבן בודד 39 גרם,ליימן שליסל,,קינדר בואנו לבן בודד,גרמים,39.00,100 גרם,false,1,3.90,10.00,true,1,
80773429,false,מנטוס בקבוק מעוגל - מסטיק ללא סוכר בטעם תות 60 גרם,"פרפטי ואן מלה ג'\ידה,סאן",,מנטוס בבקבוק פיור,Unknown,0.00,Unknown,false,1,9.90,9.90,true,1,
80773443,false,מנטוס בקבוק מעוגל - מסטיק ללא סוכר בטעם מנטה 60 גרם,"פרפטי ואן מלה ג'\ידה,סאן",,מנטוס בבקבוק מעוגל ט,Unknown,0.00,Unknown,false,1,9.90,9.90,true,1,
80790990,false,מסטיק מנטוס בבקבוק מעוגל בטעם פירות -מנטה 60 ג',"פרפטי ואן מלה ג'\ידה,סאן",,מנטוס בבקבוק מעוגל ט,Unknown,0.00,Unknown,false,1,9.90,9.90,true,1,
80843184,false,מנטוס מסטיק פיור פרש בטעם ענבים 60גר,פרפטי ואן מלה הולנד,,מנטוס בבקבוק פיור בט,גרמים,60.00,100 גרם,false,1,9.90,16.50,true,1,
80854753,false,סוכריות מנטוס מנטה 30 יח' ללא סוכר CLEAN BREATH,פרפטי ואן מלה,,"מנטוס מנטה לל""ס 21 ג",גרמים,21.00,100 גרם,false,1,7.30,34.76,true,1,
80874652,false,קינדר קארדס 120 גרם - בודד,פררו,IT,וופל קינדר קארדס 25.,גרמים,26.00,100 גרם,false,1,3.50,13.46,true,1,
80896081,false,מנטוס בקבוק מעוגל - מסטיק ללא סוכר בטעם אבטיח 60 גרם,"פרפטי ואן מלה ג'\ידה,סאן",,מנטוס בבקבוק בינוני,Unknown,0.00,Unknown,false,1,9.90,9.90,true,1,
80913467,false,מנטוס בקבוק מעוגל - מסטיק ללא סוכר בטעם מנטה,פרפטי ואן מלה הולנד,,מנטוס בבקבוק מעוגל ב,Unknown,0.00,Unknown,false,1,9.90,9.90,true,1,
80945468,false,סוכריות פיור וויט טעם מנטה מתוקה 60 ג' מנטוס,"פרפטי ואן מלה ג'ידה,סאן",,מסטיק מנטוס וייט מנט,גרמים,60.00,100 גרם,false,1,9.90,16.50,true,1,
80979128,false,מנטוס מסטיק בקבוק מעוגל בטעם דובדבן,פרפטי ואן מלה הולנד,,מנטוס בבקבוק פיור בט,גרמים,60.00,100 גרם,false,1,9.90,16.50,true,1,
85942677,false,ניר קצר דק פארטי+פילטר50,U 4 ROLL,,נייר קצר + פילטר,יחידה,1.00,יחידה,false,1,6.00,6.00,true,1,
87108538,false,סוכריות בטעם תות מנטוס 37.5 גרם,הדקלאים אגודת שיתופי,,מנטוס תות שדה,Unknown,0.00,Unknown,false,1,3.60,3.60,true,1,
87108651,false,סוכריות בטעם מנטה מנטוס 4*37.5 גרם,הדקלאים אגודת שיתופי,,מנטוס מנטה 1/4,גרמים,150.00,100 גרם,false,1,13.50,9.00,true,1,
87221503,false,"מיונז הולנדי אמיתי גאודס 650 מ""ל",,NL,מיונז גאודס הולנדי א,גרמים,650.00,100 גרם,false,1,23.90,3.68,true,1,
90034107,false,"בירה שטיגל גולדברו 500 מ""ל",מבשלת שטיגל,,בירה שטיגל גולדברו,מיליליטרים,500.00,"100 מ""ל",false,1,12.90,2.58,true,1,
90087011,false,מיץ תפוחים 100% קרטונית ראוך,Rauch fruchtsafte gm,,מיץ תפוחים 100% קרט,מיליליטרים,1000.00,"100 מ""ל",false,1,14.60,1.46,true,1,
90087066,false,מיץ תפוזים 100% טבעי 1 ל' RAUCH,ראוך Rauch,,מיץ תפוזים ראוך 100%,מיליליטרים,1000.00,"100 מ""ל",false,1,14.60,1.46,true,1,
90087271,false,נקטר אוכמניות 1 ליטר קרטונית ראוך,Rauch fruchtsafte gm,,נקטר אוכמניות 1 ליטר,מיליליטרים,1000.00,"100 מ""ל",false,1,14.60,1.46,true,1,
90087547,false,מיץ עגבניות 1 ליטר ראוך קרטונית,Rauch fruchtsafte gm,,מיץ עגבניות 1 ליטר ר,מיליליטרים,1000.00,"100 מ""ל",false,1,11.40,1.14,true,1,
90087769,false,מיץ אננס 100% קרטונית ראוך,Rauch fruchtsafte gm,,מיץ אננס 100% קרטוני,ליטרים,0.00,ליטר,false,1,14.60,14.60,true,1,
90087974,false,חומץ טבעי מתפוחים 750 מל,ראוך פרוכטסאפה,,חומץ טבעי מתפוחים 75,מיליליטרים,750.00,"100 מ""ל",false,1,15.60,2.08,true,1,
90162602,false,רד בול משקה אנרגיה פקדון 30 אג,רד בול ג'י.אם.בי. אץ,,משקה רד בול מוגז פחי,מיליליטרים,250.00,"100 מ""ל",false,1,7.20,2.88,true,1,
90162800,false,רד בול משקה אנרגיה ללא סוכר פקדון 30 אג,רד בול ג'י.אם.בי. אץ,,משקה רד בול מוגז,מיליליטרים,250.00,"100 מ""ל",false,1,7.20,2.88,true,1,
90446269,false,"משקה רד בול אבטיח מוגז פחית 250 מ""ל",ראון פרוכטסאפה,,משקה רד בול אבטיח מו,מיליליטרים,250.00,"100 מ""ל",false,1,7.20,2.88,true,1,
90453427,false,"משקה אנרגיה רד בול פיטאיה 250 מ""ל",רד בול,,משקה אנרגיה רד בול פ,מיליליטרים,250.00,"100 מ""ל",false,1,7.20,2.88,true,1,
8112100298,false,"שמן שומשום טהור מזרח ומערב 185 מ""ל",Flavor full foods in,,"שמן שומשום 185 מ""ל",מיליליטרים,185.00,"100 מ""ל",false,1,14.90,8.05,true,1,
9800800056,false,חטיף שוקולד עם מקלות לחם אנד גו,פררו - אלבה,,נוטלה & גו 52 גרם,גרמים,52.00,100 גרם,false,1,5.00,9.62,true,1,
11182700954,false,קינג קול שעועית שחורה 439 גרם,האנאובר פודס קורפורשיין,,קינג קול שעועית שחור,גרמים,439.00,100 גרם,false,1,12.10,2.76,true,1,
11210000094,false,"רוטב ""טבסקו"" על בסיס פלפל אדום 60 מ""ל",מקאילהייני אייבורי,,טבסקו פלפל אדום 60 מ,מיליליטרים,90.00,"100 מ""ל",false,1,10.90,12.11,true,1,
12086313318,false,גוזף דרוהין לאפורה שרדונה 750 מל,,,גוזף דרוהין לאפורה,Unknown,0.00,Unknown,false,1,85.90,85.90,true,1,
12086322211,false,יין דרוהין שבלי 750 מל צרפתי,,,יין דרוהין שבלי 750,Unknown,0.00,Unknown,false,1,104.90,104.90,true,1,
12086322228,false,"יין גוזף דרוהין שבלי 375 מ""ל",,,יין גוזף דרוהין שבלי,Unknown,0.00,Unknown,false,1,51.90,51.90,true,1,
12086511318,false,זוזף דרוהין לאפורה פינו נואר 750 מל,,,זוזף דרוהין לאפורה,Unknown,0.00,Unknown,false,1,101.90,101.90,true,1,
12300103138,false,סיגריות כאמל בוקס פק,Unknown,,כאמל בוקס עשירייה,Unknown,0.00,Unknown,false,1,305.00,305.00,true,1,
13409918104,false,רוטב ברביקיו אורגינל 510 גר סוויט בייבי,סוויט בייבי רייז שיק,,רוטב ברביקיו אורגינל,גרמים,510.00,100 גרם,false,1,23.90,4.69,true,1,
14100077121,false,פפרידג' פארם עוגיות סוסליטו שוקולד חלב מקדמיה 204 גרם,פפרידג פראם,,עוגיות פפרידג פארם א,גרמים,206.00,100 גרם,false,1,24.90,12.09,true,1,
14100082033,false,עוגיות פפרידג בראוניז רכות קפטיבה (אדום),פפרידג פראם,,עוגיות פפרידג פארם ק,גרמים,244.00,100 גרם,false,1,24.90,10.20,true,1,
16000185517,false,דגני בוקר פייבר וואן עתירי סובין FIBRE1,בטר אנד דיפרנט,,פייבר וואן 555 גרם,גרמים,555.00,100 גרם,false,1,32.50,5.86,true,1,
16000281684,false,חטיפי גרנולה קראנצ'י עם פקאן נייצ'ר ואלי 5*42 גרם,ליימן מותגים,,קראנצי בטעם פקאן 210,גרמים,210.00,100 גרם,false,1,19.90,9.48,true,1,
16000423534,false,חטיפי גרנולה קראנצ'י עם שיבולת שועל ושוקולד מריר נייצ'ר ואלי 5*42 גרם,ג'נרל מילס סאן אדריאן,,קראנצי שיבולת שועל ו,גרמים,210.00,100 גרם,false,1,19.90,9.48,true,1,
16000548404,false,חטיפי גרנולה קראנצ'י עם שיבולת שועל ודבש נייצ'ר ואלי 5*42 גרם,ג'נרל מילס סאן אדריאן,,קראנצי בטעם שיבולת,גרמים,210.00,100 גרם,false,1,19.90,9.48,true,1,
16000548503,false,חטיפי גרנולה קראנצ'י עם מייפל וסוכר חום נייצ'ר ואלי 5*42 גרם,ג'נרל מילס סאן אדריאן,,קראנצי בטעם מייפל,גרמים,210.00,100 גרם,false,1,19.90,9.48,true,1,
16000548602,false,חטיפי גרנולה קראנצ'י קינמון נייצ'ר ואלי 5*24 גרם,ג'נרל מילס סאן אדריאן,,קראנצי בטעם קנמון,גרמים,210.00,100 גרם,false,1,19.90,9.48,true,1,
16000548909,false,חטיפי גרנולה קראנצ'י במגוון טעמים נייצ'ר ואלי 5*42 גרם,ג'נרל מילס סאן אדריאן,,חטיף ניישטר וואלי 1/,גרמים,210.00,100 גרם,false,1,19.90,9.48,true,1,
16229917630,false,"מי קוקוס בתוספת אננס 330 מ""ל",ויט וורלד קומפני,,מי קוקוס בתוספת אננס,מיליליטרים,330.00,"100 מ""ל",false,1,8.20,2.48,true,1,
16229917647,false,"מי קוקוס בתוספת מנגו 330 מ""ל",ויט וורלד קומפני,,מי קוקוס בתוספת מנגו,מיליליטרים,330.00,"100 מ""ל",false,1,8.20,2.48,true,1,
16229918354,false,"רוטב קארי אדום 250 מ""ל",תאי אגרי פוד,TH,רוטב קארי אדום 250 מ,מיליליטרים,250.00,"100 מ""ל",false,1,10.90,4.36,true,1,
16229924263,false,"ארוי-די קרם קוקוס 250 מ""ל",תאי אגרי פוד פובליק קו'\,,"קרם קוקוס 250 מ""ל",מיליליטרים,250.00,"100 מ""ל",false,1,10.40,4.16,true,1,
17273502551,false,אמריקן גורנן חרדל קטן 227 גרם,,,חרדל לחיץ 225 גר,גרמים,225.00,100 גרם,false,1,9.90,4.40,true,1,
18000701223,false,"פילסברי, עוגה בטעם שוקולד, תערובת להכנת עוגה בטעם שוקולד. 500 גרם",הדקלאים אגודת שיתופי,,תערובת לעוגת שוקולד,גרמים,517.00,100 גרם,false,1,17.90,3.46,true,1,
18000766413,false,"פילסברי, עוגה בטעם שוקולד, תערובת להכנת עוגה בטעם שוקולד. 550 גרם.",הדקלאים אגודת שיתופי,,תערובת לבראוניס 552,גרמים,609.00,100 גרם,false,1,17.90,2.94,true,1,
18787780169,false,סבון נוזלי יסמין סנדלווד,דר ברונר,,סבון נוזלי יסמין סנד,Unknown,0.00,Unknown,false,1,45.90,45.90,true,1,
18787792056,false,סבון מוצק יסמין סנדלווד,דר ברונר,,סבון מוצק יסמין סנדל,Unknown,0.00,Unknown,false,1,22.90,22.90,true,1,
21200513152,false,"שלישיית ספוגי קרצוף עדינים ""סקוטש ברייט""",3M קנדה,,שלושה ספוגי קירצוף ל,Unknown,0.00,Unknown,false,1,17.10,17.10,true,1,
21200572357,false,שלישיית ספוגי קרצוף לניקוי חזק (ירוקים),M3,,שלושה ספוגי קירצוף ל,Unknown,0.00,Unknown,false,1,17.10,17.10,true,1,
23243005311,false,סבון ירדן 100 ג קלאסי מארז רביעיה,,,סבון ירדן 100 ג קלאס,גרמים,400.00,100 גרם,false,1,59.90,14.98,true,1,
23535301046,false,"תמצית וניל מדאגסקאר בורבון 60 מ""ל",,,תמצית וניל מדאגסקאר,Unknown,0.00,Unknown,false,1,59.90,59.90,true,1,
24100204113,false,סנשיין קרקר ציז איט אורגינל 198 גר,קיבלר,,סנשיין קרקר ציז איט,גרמים,198.00,100 גרם,false,1,16.60,8.38,true,1,
24100315345,false,סנשיין קרקר צ`יז צ`דר לבן בשקית 85 גר,,,סנשיין קרקר צ`יז צ`ד,גרמים,85.00,100 גרם,false,1,7.50,8.82,true,1,
25675120006,false,חמצוצים 4 צבעים טעמים טבעי 100 גרם,פאסין ב.ו,,חמצוצים 4 צבעים טבעי,גרמים,100.00,100 גרם,false,1,9.40,9.40,true,1,
25675120068,false,מקלות חמצוצים בטעם קולה פשקז 100 גרם,פשקז Paskesz,,מקלות חמצוצים קולה 1,גרמים,100.00,100 גרם,false,1,9.40,9.40,true,1,
25675121041,false,סאוור בלטס Sour Belts בטעם אוכמניות,פשקז Paskesz,,חמצוצים רחב פטל 115,גרמים,115.00,100 גרם,false,1,11.40,9.91,true,1,
25675301153,false,סאוור סטיקס Sour Sticks בטעם אוכמניות,פשקז Paskesz,,מקלות חמצוצים פטל 50,גרמים,50.00,100 גרם,false,1,5.20,10.40,true,1,
25700005650,false,שקיות הקפאה גדולות- 14 יח' זיפלוק,אס.סי.גונסון ובניו,,זיפלוק שקיות הקפאה ג,Unknown,0.00,Unknown,false,1,16.70,16.70,true,1,
25700005698,false,זיפלוק שקיות אחסון בינוניות 24 יחידות,אס.סי.גונסון ובניו,,זיפלוק שקיות אחסון ב,Unknown,0.00,Unknown,false,1,16.70,16.70,true,1,
29801025203,false,עוגיות חמאה קריספי - ב. באטרס 200 גר,HAMLET NV,,עוגיות חמאה קריספי -,גרמים,200.00,100 גרם,false,1,20.90,10.45,true,1,
30100472414,false,סנדוויץ קרקר קלאב צדר 311 גרם,קיבלר,,סנדוויץ קרקר קלאב צד,גרמים,311.00,100 גרם,false,1,28.50,9.16,true,1,
33200147701,false,פרש&סופט דפים למייבש בניחוח טרופי 100 יח,פרש אנד סופט Frash'n soft,,פרש&סופט דפים למייבש,Unknown,0.00,Unknown,false,1,28.50,28.50,true,1,
33617000026,false,קרקר ואזה 203-275 גרם מקמח מלא 260,כלורוקס אוקלנד,,ואזה קמח מלא 260 גר,גרמים,260.00,100 גרם,false,1,14.60,5.62,true,1,
33617322616,false,פת פריכה מקמח שיפון ואזה 270 גרם,כלורוקס אוקלנד,,ואזה קלה מקמח שיפון,גרמים,270.00,100 גרם,false,1,14.60,5.41,true,1,
33984011878,false,סולגאר - מולטי ויטמין VM-2000 (קטן) 60 טבליות,LTD .AMBROZIA,,מולטי - ויטמין - מינ,Unknown,0.00,Unknown,false,1,149.90,149.90,true,1,
33984020580,false,סולגאר - אומגה 3 950 100 כמוסות רכות סולגאר 100 כמוסות,LTD .AMBROZIA,,אומגה 3 950,Unknown,0.00,Unknown,false,1,179.90,179.90,true,1,
33984023802,false,"סולגאר - ויטמין C פקעות ורדים 500 מ""ג 100 טבליות",LTD .AMBROZIA,,ויטמין C ( מג 500) ב,Unknown,0.00,Unknown,false,1,74.90,74.90,true,1,
33984037250,false,"סולגאר - אבץ פיקולינאט 22 מ""ג 100 טבליות",LTD .AMBROZIA,,אבץ פיקולינאט 22 מג,Unknown,0.00,Unknown,false,1,59.90,59.90,true,1,
33984595972,false,סולגאר - כורכומין סולגאר ספקטרום 185X פטנטי 30 כמוסות רכות,LTD .AMBROZIA,,כורכומין ספקטרום פטנ,Unknown,0.00,Unknown,false,1,159.90,159.90,true,1,
34000148301,false,הרשי נטיפי שוקולד מריר לאפייה 340 גר,ליימן מותגים,,הרשי נטיפי שוקולד מר,גרמים,340.00,100 גרם,false,1,18.90,5.56,true,1,
34000442652,false,ריזס טבלה בטעם שוקולד ממולאת קרם בוטנים 120 גרם,ליימן מותגים,,טבלת ריזס 120 גרם X,גרמים,120.00,100 גרם,false,1,11.20,9.33,true,1,
34000446001,false,ריזס מיניאטורס- חטיף שוקולד במילוי חמאת בוטנים 150 גרם,ליימן מותגים,,חטיפי שוקולד ריזס מי,גרמים,150.00,100 גרם,false,1,10.90,7.27,true,1,
34000470228,false,ריזס מיניס חטיף שוקולד במילוי חמאת בוטנים 70 גרם,הרשי,,חטיף ריזס מיניס 70 ג,גרמים,70.00,100 גרם,false,1,7.50,10.71,true,1,
34000470563,false,ריסז מיניס באריזה משפחתית 215 גרם,ליימן מותגים,US,ריסז מיניס 215 גר,גרמים,215.00,100 גרם,false,1,22.90,10.65,true,1,
<<<<<<< HEAD
37600297967,false,מטבל סלסה בחריפות עדינה צי צי 439 גר,מותגים,US,מטבל סלסה בחריפות עד,גרמים,439.00,100 גרם,false,1,21.90,4.99,true,1,
=======
34000544431,false,ממתקי הרשיז טוויזלרס טעם דובדבן 172 גרם,ליימן מותגים,US,ממתקי הרשיז טוויזלרס,גרמים,172.00,100 גרם,false,1,8.90,5.17,true,1,
37600297967,false,מטבל סלסה בחריפות עדינה צי צי 439 גר,מותגים,US,מטבל סלסה בחריפות עד,גרמים,439.00,100 גרם,false,1,21.90,4.99,true,1,
38000138638,false,חטיף צ'יפס פרינגלס פיצה 158 גרם,פרינגלס מנופקצ'ורינג קונ,,פרינגלס פיצה 158 גרם,גרמים,158.00,100 גרם,false,1,8.90,5.63,true,1,
>>>>>>> d048ac2f4f281c9d788043ab4e81b61b0dbe3743
38000138720,false,חטיף צ'יפס פרינגלס ראנץ 158 גרם,פרינגלס מנופקצ'ורינג קונ,,פרינגלס ראנץ 158 גרם,גרמים,158.00,100 גרם,false,1,8.90,5.63,true,1,
38000183928,false,פרינגלס חרדל ודבש 158 גרם,פרינגלס מניופקצ'ורינ,US,פרינגלס חרדל ודבש 15,גרמים,158.00,100 גרם,false,1,8.90,5.63,true,1,
38000197840,false,פרינגלס גלי בטעם חריף מתוק 137 ג',פרינגלס מניופקצ'ורינ,US,פרינגלס וייב חריף מת,גרמים,137.00,100 גרם,false,1,8.90,6.50,true,1,
38000202278,false,חטיף צ'יפס גלי בטעם אורגינל מלוח,פרינגלס מניופקצ'ורינ,US,פרינגלס וייב אורגינל,גרמים,130.00,100 גרם,false,1,8.90,6.85,true,1,
38000232152,false,פרינגלס חטיפי תפוח אדמה בטעם ברביקיו 158 גרם,פרינגלס מנופקצ'ורינג קומ,,פרינגלס ברביקיו 158,גרמים,158.00,100 גרם,false,1,8.90,5.63,true,1,
38000232169,false,פרינגלס מידי אורגינל 67 גרם.,פרינגלס מנופקצ'ורינג קונ,,פרינגלס מידי אורגינל,גרמים,71.00,100 גרם,false,1,5.80,8.17,true,1,
38000232176,false,פרינגלס ביג שמנת בצל 158 גרם,פרינגלס מנופקצ'ורינג קונ,,פרינגלס שמנת בצל 158,גרמים,158.00,100 גרם,false,1,8.90,5.63,true,1,
38000232183,false,פרינגלס ביג אורגינל 149 גרם,פרינגלס מנופקצ'ורינג קונ,,פרינגלס אוריגינל 149,גרמים,149.00,100 גרם,false,1,8.90,5.97,true,1,
38527591053,false,קואקר דגנים מרובעים שיבולת שועל וקינמון,קוואקר אוטס קומפני,,דגני בוקר מרובעים קי,גרמים,411.00,100 גרם,false,1,19.90,4.84,true,1,
38527591060,false,דגני קוואקר מרובעים Quaker Squares עם סוכר חום,קוואקר אוטס קומפני,,דגני בוקר מרובעים 4,גרמים,411.00,100 גרם,false,1,19.90,4.84,true,1,
39000008051,false,טורטיה אורטגה ארוחת טאקו קיט,בי אנד ג'י,,אורטגה טאקו ארוחת קי,גרמים,283.00,100 גרם,false,1,36.50,12.90,true,1,
39000010351,false,פלפל חלפיניו בצנצנת אורטגה 340 גרם,בי אנד ג'י,,פלפל חלפיניו בצנצנת,גרמים,340.00,100 גרם,false,1,20.90,6.15,true,1,
39000015622,false,C&T סלסה מדיום אורטגה 453 גרם,,,C&T סלסה מדיום אורטג,גרמים,453.00,100 גרם,false,1,24.90,5.50,true,1,
39047001152,false,ווקרס עוגיות חמאה פינגרס 150 גרם,,,ווקרס עוגיות חמאה פי,גרמים,150.00,100 גרם,false,1,19.80,13.20,true,1,
39047005426,false,ווקרס ביסקוויט גינגר 150 גרם,,,ווקרס ביסקוויט עם גי,גרמים,150.00,100 גרם,false,1,19.80,13.20,true,1,
39047010208,false,"ווקרס עוגיות חמאה עגולות לל""ג 140 גרם",,,ווקרס עוגיות חמאה עג,Unknown,0.00,Unknown,false,1,22.90,22.90,true,1,
39978113771,false,"קמח שיבולת שועל מלא לל""ג 510 גרם",,US,קמח שיבולת שועל מלא,גרמים,510.00,100 גרם,false,1,36.90,7.24,true,1,
41331124027,false,גויה שעועית קידני אדומה 439 גרם,,,גויה שעועית קידני אד,גרמים,439.00,100 גרם,false,1,11.90,2.71,true,1,
41335000549,false,"רוטב ראנצ בטרמילק קנז 473 מ""ל",קנס פודס,,רוטב ראנצ בטרמילק קנ,גרמים,473.00,100 גרם,false,1,27.90,5.90,true,1,
41390001079,false,"רוטב סויה קיקומן מופחת נתרן 444 מ""ל",קיקומן פודז אינק,US,רוטב סויה מופחת נתרן,מיליליטרים,444.00,"100 מ""ל",false,1,19.90,4.48,true,1,
41390010309,false,"רוטב טריאקי קיקומן 444 מ""ל",קיקומן פודז אינק,,רוטב טריאקי קיקומן 4,מיליליטרים,444.00,"100 מ""ל",false,1,23.90,5.38,true,1,
42400108153,false,דגני בוקר צבעוניים בטעם פירות טוטי פרוטיס,פוסט ארצות הברית,US,דגני פוסט טוטי פרוטי,גרמים,354.00,100 גרם,false,1,22.60,6.38,true,1,
46214372250,false,"עוגיות שטרודל פריכות תפו""ע וצימוקים",מרבה Merba,,"עוגיות שטרודל תפו""ע",גרמים,225.00,100 גרם,false,1,8.90,3.96,true,1,
46214382259,false,עוגיות בראוניס שוקולד 225 ג',בנקטבקריי מרבה בי.וי,,עוגיות בראוניס 200 ג,גרמים,200.00,100 גרם,false,1,8.90,4.45,true,1,
46214731552,false,עוגיות שוקולד צ'יפס 37% גודיס 225 גרם,קריניציה ויטמינה אס,,עוגיות מרבה שוקולד צ,גרמים,225.00,100 גרם,false,1,8.90,3.96,true,1,
48256214758,false,מסיר כתמים קשים לכביסה לבנה וצבעונית,יעקבי- אסטוניש Astonish,,אסטוניש אבקת הפלא 1,גרמים,1000.00,100 גרם,false,1,35.90,3.59,true,1,
48327203513,false,"שמן זית כתית מעולה 750 מ""ל YBARRA",,ES,שמן זית כתית מעולה 7,מיליליטרים,750.00,"100 מ""ל",false,1,39.90,5.32,true,1,
50000015474,false,"מזון חתולים פריסקיז מעדני הים 1.43 ק""ג",פריסקיז,,פריסקיז מעדני הים 1.,קילוגרמים,0.00,"ק""ג",false,1,34.90,34.90,true,1,
50000084500,false,מזון יבש לחתול בטעם נתחי ברביקיו פריסקיז Friskies,נסטלה פורינה USA מק,,פריסקיז נתחי ברביקיו,קילוגרמים,0.00,"ק""ג",false,1,35.90,35.90,true,1,
50000100347,false,"פריסקיז - מעדני החתול מועשר בחלב 1.40 ק""ג",נסטלה פורינה USA מק,,פריסקיז מעדני החתול,קילוגרמים,0.00,"ק""ג",false,1,35.90,35.90,true,1,
50000168583,false,"מזון חתולים פריסקיז אקסטרא קראנץ 1.43 ק""ג","פורינה ארה""\ב",,פריסקיז אקסטרא קראנץ,Unknown,1.00,Unknown,false,1,35.90,35.90,true,1,
50000426942,false,פנסי פיסט צאנקי בשר ועוף,,,פנסי פיסט צאנקי בשר,גרמים,85.00,100 גרם,false,1,5.90,6.94,true,1,
50000428946,false,פנסי פיסט דג סול ושרימפס,,,פנסי פיסט דג סול ושר,גרמים,85.00,100 גרם,false,1,5.90,6.94,true,1,
50000429042,false,מזון חתולים כבד מעודן ועוף פנסי פיסט 85 גרם,נסטלה פורינה USA ג',,פינסי פיטס כבד מעדן,גרמים,85.00,100 גרם,false,1,5.90,6.94,true,1,
50000429349,false,פנסי פיסט פטה פירות ים,,,פנסי פיסט פטה פירות,גרמים,85.00,100 גרם,false,1,5.90,6.94,true,1,
50000429646,false,פריסקיז פנסי פיסט לח דג אוקיאנוס 85 גרם,נסטלה פורינה USA ג',,פנסי פיסט דגי אוקיינ,גרמים,85.00,100 גרם,false,1,5.90,6.94,true,1,
50000429844,false,מזון חתולים בטעם הודו ועוף פנסי פיסט 85 גרם,נסטלה פורינה USA ג',,פינסי פיטס הודוו נתח,גרמים,85.00,100 גרם,false,1,5.90,6.94,true,1,
50000503896,false,פנסי פיסט גרילד סלמון,פורינה,,פנסי פיסט גרילד סלמ,גרמים,85.00,100 גרם,false,1,5.90,6.94,true,1,
50000836123,false,פנסי פיסט גריל טונה,,,פנסי פיסט גריל טונה,גרמים,85.00,100 גרם,false,1,5.90,6.94,true,1,
51135807514,false,סופר גלו נוזלי 4 שפופרות,Unknown,,סופר גלו נוזלי 4 שפו,Unknown,0.00,Unknown,false,1,19.90,19.90,true,1,
51141234892,false,גליל ניירות דביקים 60 יחיודות סקוטש ברייט,3m,,סקוטש ברייט גליל ניי,Unknown,0.00,Unknown,false,1,25.90,25.90,true,1,
51141314990,false,מתלה אמבט דמוי ניקל עם פס הדבקה נוסף,3m,CN,מתלה אמבט דמוי ניקל+,Unknown,0.00,Unknown,false,1,25.90,25.90,true,1,
52100004426,false,מקלות קינמון מקורמיק,,US,מקלות קינמון 21 גר,גרמים,21.00,100 גרם,false,1,29.50,140.48,true,1,
52100005966,false,גבישי שום מקורמיק 85 גרם,מקרומיק,US,גבישי שום 85 גר,גרמים,85.00,100 גרם,false,1,29.50,34.71,true,1,
52100040806,false,תערובת שום בצל פלפל שחור ומלח ים 120 גר,מקורמיק,US,תערובת שום בצל פלפל,גרמים,120.00,100 גרם,false,1,26.50,22.08,true,1,
52100070865,false,"תמצית וניל טהור מקורמיק 29 מ""ל",מקורמיק האנט ואלי,US,תמצית וניל תהור 29 ג,גרמים,29.00,100 גרם,false,1,29.90,103.10,true,1,
52100070995,false,תמצית בטעם וניל מקורמיק 59 גרם,מקורמיק,US,תמצית טעם וניל 59 גר,גרמים,59.00,100 גרם,false,1,10.90,18.47,true,1,
52100071138,false,תבלין אורגנו (אורגנו,מקרומיק תבלינים,US,אורגנו עלים 38 גר,גרמים,38.00,100 גרם,false,1,19.90,52.37,true,1,
54881000062,false,תה שחור לימונית וקמומיל 20 שקיות אחמד,אחמד תה אנגליה,,תה שחור לימונית וקמו,Unknown,0.00,Unknown,false,1,13.00,13.00,true,1,
54881000208,false,תה שחור לימון וגינגיר 20 שקיות אחמד,אחמד תה אנגליה,,תה שחור לימון וגינגי,Unknown,0.00,Unknown,false,1,13.00,13.00,true,1,
54881004787,false,תה ירוק אחמד 100 שקיות,Sunshine tea (pvt) l,,תה ירוק 100 שקיקים,Unknown,0.00,Unknown,false,1,23.90,23.90,true,1,
54881008174,false,תה אחמד ארל גריי 100 שקיקים,תה אחמד Ahmad tea,,תה אחמד ארל גריי 100,גרמים,180.00,100 גרם,false,1,21.50,11.94,true,1,
54881012423,false,תה ירוק בטעם פטל רימונים 20 שקים 40 גרם,אחמד תה אנגליה,,תה ירוק בטעם קיווי,Unknown,0.00,Unknown,false,1,16.00,16.00,true,1,
55369902564,false,אפלסנקס רביעיות רסק תפוחי עץ ללא תוספת סוכר עברית,ליייהי אורצ'רדס,,"רסק תפו""ע ללת""ס רביע",גרמים,113.00,100 גרם,false,1,17.40,15.40,true,1,
58449450634,false,"דייסה בטעמים לל""ג אורגני 320 גר",נייטשר פאת'\,US,"דייסה בטעמים לל""ג או",גרמים,320.00,100 גרם,false,1,37.90,11.84,true,1,
58449770206,false,הריטאג מולטיגריין 375 גרם,נייטשר פאת'\,,הריטאג מולטיגריין 37,גרמים,375.00,100 גרם,false,1,24.50,6.53,true,1,
58449779032,false,דגני טבעות תירס ואורז מלא 325 גר WHOLE,נאטשר פאת פוד,,דגני טבעות תירס ואור,גרמים,325.00,100 גרם,false,1,24.90,7.66,true,1,
58449860037,false,"קואלה קריספי דגני בוקר natures path לל""ג 325 גרם",נאטשר פאת פוד,,דגני בוקר קואלה קריס,גרמים,325.00,100 גרם,false,1,23.90,7.35,true,1,
62558003209,false,סירופ מייפל אורגני 100% טהור,ברנרד סיינט,,מייפל סירופ אורגני 9,מיליליטרים,946.00,"100 מ""ל",false,1,99.50,10.52,true,1,
63435711033,false,רויאל טישו 3 שכבות 88 אולטרא,מגסטה,CA,טישו רויאל 3 שכבות 8,Unknown,0.00,Unknown,false,1,8.30,8.30,true,1,
64144090013,false,פאם תרסיס על בסיס שמן קנולה בטעם חמאה,קונאגרה פודס,,ספריי שמן PAM בטעם ח,גרמים,141.00,100 גרם,false,1,9.90,7.02,true,1,
64144090020,false,"ספריי שמן PAM בטעם שמן זית 141 מ""ל",קונאגרה פודס,,ספריי שמן PAM בטעם ש,מיליליטרים,141.00,"100 מ""ל",false,1,9.90,7.02,true,1,
64144090051,false,"ספריי שמן PAM קנולה אורגינל 148 מ""ל",קונאגרה פודס,,ספריי שמן PAM קנולה,מיליליטרים,148.00,"100 מ""ל",false,1,9.90,6.69,true,1,
70177077563,false,תה ארל גריי 25 שקיות טוינינגס 50 גר,אר. טווינינגס אנד קומפני,,תה ארל גריי 25 שקיות,גרמים,50.00,100 גרם,false,1,18.90,37.80,true,1,
70177077693,false,תה אנגליש ברקפסט 25 שקיות טוינינגס 50 גר,אר. טווינינגס אנד קומפני,,תה אנגליש ברקפסט 25,גרמים,50.00,100 גרם,false,1,18.90,37.80,true,1,
70177120948,false,טווינינגס שחור אפל & סינמון 50 גרם,אר.טווינינג אנד קומפני א,,טווינינגס שחור אפל &,גרמים,50.00,100 גרם,false,1,18.90,37.80,true,1,
70177177683,false,חליטה קמומיל האני 30 גרם טווינינג,אר. טווינינגס אנד קומפני,PL,חליטה קמומיל האני 30,Unknown,0.00,Unknown,false,1,18.80,18.80,true,1,
70177177737,false,חליטה פיור קמומיל 20 גרם טווינינג,אר. טווינינגס אנד קומפני,PL,חליטה פיור קמומיל 20,Unknown,0.00,Unknown,false,1,18.80,18.80,true,1,
70177177744,false,חליטה פיור פפרמינט 40 גרם טווינינג,טוינינג,PL,חליטה פיור פפרמינט 4,Unknown,0.00,Unknown,false,1,18.80,18.80,true,1,
71505022415,false,קרם ציז במשקל,,,קרם ציז במשקל,Unknown,0.00,"ק""ג",true,0,59.00,59.00,true,1,
74234531142,false,פלפל חלפניו פרוס כבוש 210 ג' צנצנת (כ),Empacadora San Marco,,פלפל חלפניו פרוס כבו,גרמים,210.00,100 גרם,false,1,13.50,6.43,true,1,
74234815525,false,שימורי מחית שעועית עם רוטב ציפוטלה 430 ג,Empacadora San Marco,,שימורי מחית שעועית ע,גרמים,430.00,100 גרם,false,1,12.90,3.00,true,1,
74261110334,false,רוטב סויה תמרי 1 ליטר,מנדרין סוי סוס,,רוטב סויה תמרי 1 ל,מיליליטרים,1000.00,"100 מ""ל",false,1,35.90,3.59,true,1,
75810021255,false,"סאן ג'יי רוטב תמרי ללא גלוטן 296 מ""ל",סאן גיי אינטרנשיונל,,תמרי רוטב סויה סאן,מיליליטרים,296.00,"100 מ""ל",false,1,28.90,9.76,true,1,
76808009330,false,עוגיות סנדוויץ' במילוי קרם אגוזי לוז וקקאו,,,עוגיות סנדוויץ אגוזי,גרמים,200.00,100 גרם,false,1,14.90,7.45,true,1,
77975022757,false,בייגלה קשה מבצק שאור בסגנון אמריקאי,סניידרס אוף האנובר,,בייגלה אמריקאי ענק ב,גרמים,390.00,100 גרם,false,1,16.90,4.33,true,1,
77975036976,false,מטבל עגבניות בחריפות עדינה סניידרס 439 ג',סניידרס אוף האנובר,,סלסה מטבל עגב.חריפות,גרמים,439.00,100 גרם,false,1,18.80,4.28,true,1,
77975094624,false,"סניידרס סנדוויץ בייגלה במילוי חמאת בוטנים , 226 ג'",סניידרס Snyder's,,סניידרס שברי בייגלה,גרמים,270.00,100 גרם,false,1,16.90,6.26,true,1,
77975094631,false,סניידרס סנדוויץ' בייגלה במילוי קרם בטעם צ'דר 226 גרם,סניידרס לאנס,,סניידרס סנדוויץ בייג,גרמים,283.00,100 גרם,false,1,16.90,5.97,true,1,
77975094761,false,סניידרס חטיפים על בסיס קמח חיטה בטעם גבינת צ'דר,סניידרס אוף האנובר,,שברי בייגלה סניידרס,גרמים,340.00,100 גרם,false,1,16.90,4.97,true,1,
77975094778,false,שברי בייגלה סניידרס בטעם דבש חרדל 340 גר,סניידרס אוף האנובר,,שברי בייגלה סניידרס,גרמים,340.00,100 גרם,false,1,16.90,4.97,true,1,
77975095157,false,סניידרס שברי בייגלה בטעם חלפיניו 318 גרם,סניידרס Snyder's,US,שברי בייגלה סניידרס,גרמים,318.00,100 גרם,false,1,16.90,5.31,true,1,
78522000150,false,ג'ייסון שמפו חוחובה לשיער חזק ובריא,ג'ייסון Jason,US,שמפו חוחובה + שמן קי,גרמים,411.00,100 גרם,false,1,49.90,12.14,true,1,
78522007289,false,גייסון משחת שיניים טבעית תות לילדים,K-CARE,,גייסון משחת שיניים ל,Unknown,0.00,Unknown,false,1,29.90,29.90,true,1,
78522015109,false,ג'ייסון משחת שיניים ניחוח ים מרענן,ג'ייסון Jason,,גייסון משחת שיניים נ,Unknown,0.00,Unknown,false,1,39.90,39.90,true,1,
80432402931,false,"וויסקי סקוטי, שיבאס ריגאל 12 שנה, 700 מ''ל",מזקקת האחים שיבאס,,וויסקי שיבאס רגאל 12,מיליליטרים,700.00,"100 מ""ל",false,1,114.90,16.41,true,1,
82184090442,false,וויסקי ג'ק דניאלס 1 ליטר,בראון פורמן,,וויסקי גק דניאלס 1 ל,מיליליטרים,1000.00,"100 מ""ל",false,1,140.90,14.09,true,1,
82242294935,false,יין לנארלי הד אותנטיק בלאק 750 מל,,,יין לנארלי הד אותנטי,Unknown,0.00,Unknown,false,1,86.90,86.90,true,1,
84380957048,false,סאנט דלפור דובדבן שחור 284 גר,,,סאנט דלפור דובדבן שח,גרמים,284.00,100 גרם,false,1,20.90,7.36,true,1,
84380957840,false,סאנט דלפור ארבעה פירות 284 גרם,,,סאנט דלפור ארבעה פיר,גרמים,284.00,100 גרם,false,1,20.90,7.36,true,1,
96086000003,false,קיטו מיני גריסיני בסיס קמח שקדים 200 גרם,מצות אביב 2014 מאפה בעמ,,קיטו מיני גריסיני בס,גרמים,230.00,100 גרם,false,1,21.90,9.52,true,1,
96086000577,false,קרקר כוסמת אורגני 200 גרם,מצות אביב 2014 מאפה בעמ,,קרקר כוסמת אורגני 20,גרמים,200.00,100 גרם,false,1,12.90,6.45,true,1,
96086000720,false,קרקר כוסמין מלא ושומשום ללא מלח,,,קרקר כוסמין מלא ושומ,גרמים,200.00,100 גרם,false,1,12.90,6.45,true,1,
96086000898,false,"ממרח קיטו אגוזי לוז, חמאת קקאו 200 גר",,,ממרח קיטו אגוזי לוז,גרמים,200.00,100 גרם,false,1,37.90,18.95,true,1,
96086001048,false,עוגיות קיטו שקדים אגוזי לוז וקקאו 200 גר,,,עוגיות קיטו שקדים אג,גרמים,200.00,100 גרם,false,1,25.90,12.95,true,1,
96086001079,false,עוגיות קיטו מקמח שקדים ואגוזי לוז 200 ג,מצות אביב,,עוגיות קיטו מקמח שקד,גרמים,200.00,100 גרם,false,1,25.90,12.95,true,1,
305210317079,false,וזלין מיני לשפתיים חמאת קקאו 9 גר,"יוניליוור ג'ונסבורו,",US,וזלין מיני לשפתיים,גרמים,7.00,100 גרם,false,1,15.90,227.14,true,1,
305210464728,false,וזלין מיני לשפתיים בטעם קרם ברולה,"יונילוור ארה""ב - HPC",US,וזלין מיני לשפתיים,גרמים,7.00,100 גרם,false,1,15.90,227.14,true,1,
605453320202,false,סורימי פלייק נתחים 454 גר,אל.אם פודס,,סורימי פלייק נתחים 4,גרמים,454.00,100 גרם,false,1,41.90,9.23,true,1,
608614253586,false,חטיף חלבון טבעוני בטעם שוקולד,,,חטיף חלבון טבעוני ב,גרמים,60.00,100 גרם,false,1,14.50,24.17,true,1,
608614342631,false,פרסבורגר פרג,,,פרסבורגר פרג,Unknown,0.00,Unknown,false,1,43.90,43.90,true,1,
608614342648,false,שמרים גבינה דובדבן,,,שמרים גבינה דובדבן,Unknown,0.00,Unknown,false,1,43.90,43.90,true,1,
608614342655,false,קראנץ אגוזים,,,קראנץ אגוזים,Unknown,0.00,Unknown,false,1,43.90,43.90,true,1,
608614342662,false,קראנץ שוקולד,,,קראנץ שוקולד,Unknown,0.00,Unknown,false,1,43.90,43.90,true,1,
608614342686,false,בריוש אוכמניות,,,בריוש אוכמניות,Unknown,0.00,Unknown,false,1,43.90,43.90,true,1,
608614342716,false,שטרודל תפוחים,,,שטרודל תפוחים,Unknown,0.00,Unknown,false,1,43.90,43.90,true,1,
608614342730,false,בראוניז שוקולד,,,בראוניז שוקולד,Unknown,0.00,Unknown,false,1,43.90,43.90,true,1,
608614342792,false,מארז פחזניות,,,מארז פחזניות,Unknown,0.00,Unknown,false,1,49.90,49.90,true,1,
613008742348,false,בקבוק אריזונה ג'נסינג ודבש 1 ליטר,"נטורלה גטרנק בע""\מn\",DE,אריזונה גנסנג ודבש ב,מיליליטרים,1000.00,"100 מ""ל",false,1,11.80,1.18,true,1,
613008742409,false,בקבוק אריזונה אפרסק 1 ליטר,"נטורלה גטרנק בע""\מn\",DE,אריזונה אפרסק בקבוק,מיליליטרים,1000.00,"100 מ""ל",false,1,11.80,1.18,true,1,
613008753320,false,"אריזונה ג'ינסנג ודבש בקבוק 450 מ""ל.",לני אנד לארי,BG,אריזונה גינסנג ודבש,מיליליטרים,450.00,"100 מ""ל",false,1,7.50,1.67,true,1,
613008753351,false,"בקבוק אריזונה רימונים 450 מ""ל",לני אנד לארי,BG,אריזונה רימונים 450,מיליליטרים,450.00,"100 מ""ל",false,1,7.50,1.67,true,1,
621683920159,false,טינקיאדה ספגטי פסטה ארוז ללא גלוטן 454 ג,פוד דירקשיין אינק,,טינקיאדה ספגטי פסטה,גרמים,454.00,100 גרם,false,1,25.50,5.62,true,1,
621683921156,false,טינקיאדה פנה פסטה ארוז ללא גלוטן 454,,,טינקיאדה פנה פסטה אר,גרמים,454.00,100 גרם,false,1,25.50,5.62,true,1,
621683921255,false,טינקיאדה ספירל פסטה ארוז ללא גלוטן 454,,,טינקיאדה ספירל פסטה,גרמים,454.00,100 גרם,false,1,25.50,5.62,true,1,
645173911038,false,קורנישון מלפפוןן מיני 720 גרם - תומר,קלמן אינדיה פי וי סי,,קורנישון מיני בצנצנת,גרמים,720.00,100 גרם,false,1,10.90,1.51,true,1,
651080161510,false,פלקרס פולסר לשיניים צפופות-מנטה 35 יחידו,מיוצר עי קונדיטוריית,CN,חוט דנטלי פלאקרס 35,Unknown,0.00,Unknown,false,1,11.90,11.90,true,1,
651080647519,false,קיסמים עם חוט דנטלי פלאקרס מנטה 35 יחידות,"פלקרס רנור ארה""ב",CN,חוט דנטלי פלאקרס מנט,Unknown,0.00,Unknown,false,1,13.50,13.50,true,1,
686412282984,false,נתחי טונה לבנה בשמן זית 220 גרם ORTIZ,אורטיז ORTIZ,,נתחי טונה לבנה בשמן,גרמים,220.00,100 גרם,false,1,46.90,21.32,true,1,
691535513013,false,חטיף חלבון נוגו ללא סוכר חמאת בוטנים,,,חטיף חלבון נוגו ללא,Unknown,0.00,Unknown,false,1,14.90,14.90,true,1,
691535521018,false,חטיף חלבון נוגו שוקוציפ,,,חטיף חלבון נוגו שוקו,Unknown,0.00,Unknown,false,1,14.90,14.90,true,1,
691535523012,false,חטיף חלבונים בטעם מו,,,חטיף חלבון נוגו מוקה,Unknown,0.00,Unknown,false,1,14.90,14.90,true,1,
693493003179,false,פומאז בסגנון גבינת שמנת אוורירית 200 גרם,,IL,פומאז בסגנון גבינת ש,גרמים,200.00,100 גרם,false,1,16.90,8.45,true,1,
693493095532,false,עוגיות אלפחורס ממולא,,,עוגיות אלפחורס ממולא,Unknown,0.00,Unknown,false,1,37.90,37.90,true,1,
693493095587,false,עוגיות חמאה ללא תוספ,,,עוגיות חמאה ללא תוספ,Unknown,0.00,Unknown,false,1,37.90,37.90,true,1,
693493095594,false,עוגיות מלוחות,,,עוגיות מלוחות,Unknown,0.00,Unknown,false,1,37.90,37.90,true,1,
693493095778,false,מוס שוקולד מקופלת,,,מוס שוקולד מקופלת,Unknown,0.00,Unknown,false,1,57.90,57.90,true,1,
693493095877,false,קראנץ שוקולד נוגטלה,,,קראנץ שוקולד נוגטלה,Unknown,0.00,Unknown,false,1,43.90,43.90,true,1,
693493095914,false,מארז שנק וניל,,,מארז שנק וניל,Unknown,0.00,Unknown,false,1,26.90,26.90,true,1,
693493095921,false,מארז רוגלך בטעמים,,,מארז רוגלך בטעמים,Unknown,0.00,Unknown,false,1,26.90,26.90,true,1,
693493095938,false,מארז שנק שוקולד,,,מארז שנק שוקולד,Unknown,0.00,Unknown,false,1,26.90,26.90,true,1,
693493095952,false,בריוש שוקולד,,,בריוש שוקולד,Unknown,0.00,Unknown,false,1,43.90,43.90,true,1,
693493102575,false,עגבניות שרי מארז יחידה,חקלאי,,עגבניות שרי,Unknown,0.00,Unknown,false,1,10.90,10.90,true,1,
710535495539,false,"אורז בסמטי 96% 1 ק""ג Avel",,IN,"אורז בסמטי 96% 1 ק""ג",גרמים,1000.00,100 גרם,false,1,12.50,1.25,true,1,
721733000715,false,"פטרון אניחו טקילה 700 מ""ל",פטרון,,פטרון אניחו טקילה 70,מיליליטרים,700.00,"100 מ""ל",false,1,224.90,32.13,true,1,
728229123590,false,טרה אורגינל חטיף על בסיס ירקות שורש בטעם טבעי 110 גרם,הונדורס צ'יפס יצור א,,חטיף ציפס טרה אורגי,גרמים,110.00,100 גרם,false,1,15.90,14.45,true,1,
728229123811,false,טרה חטיף על בסיס ירקות שורש בתיבול ים תיכוני 110 גרם,הונדורס צ'יפס יצור א,,ציפס 110 גרם טרה בטט,גרמים,110.00,100 גרם,false,1,15.90,14.45,true,1,
728229124764,false,טרה חטיף על בסיס בטטה עם מלח ים 110 גרם,היין פיוצ'ור נטורל פ,US,חטיף ציפס בטטה עם מל,גרמים,110.00,100 גרם,false,1,15.90,14.45,true,1,
728229130154,false,טרה חטיף על בסיס בטטה וסלק בטעם טבעי 110 גרם,הונדורס צ'יפס יצור א,,חטיף ציפס מבטטה וסלק,גרמים,110.00,100 גרם,false,1,15.90,14.45,true,1,
753656706351,false,ת'ינק חטיף חלבון בטעם שוקולד לבן 60 גרם,,US,סינק חטיף חלבון בטעם,גרמים,60.00,100 גרם,false,1,15.90,26.50,true,1,
753656712024,false,סינק חטיף חלבון בטעם לימון 60 גרם,,US,סינק חטיף חלבון בטעם,גרמים,60.00,100 גרם,false,1,15.90,26.50,true,1,
761720988183,false,ארגו אבקת אפיה ללא אלומיניאום 340 גר,איי סי אייץ,,ארגו אבקת אפיה ללא א,גרמים,340.00,100 גרם,false,1,23.90,7.03,true,1,
769904000997,false,שקדי מרק ללא גלוטן200גרם,משובח תעשיות מזון,,"שקדי מרק דג""ש 200 ג",גרמים,200.00,100 גרם,false,1,13.90,6.95,true,1,
770009011924,false,ניירות אפייה 100% טבעי 24 יח,Source Atlantique,,ניירות אפייה 100% טב,Unknown,0.00,Unknown,false,1,22.90,22.90,true,1,
770009250262,false,שקיות אוכל מנייר 100% טבעי,SOURCE ATLANTIQUE,,שקיות אוכל מנייר 100,Unknown,0.00,Unknown,false,1,21.90,21.90,true,1,
788434104821,false,חטיף חלבון וואן בטעם חמאת בוטנים 60 גרם,בלמונט קונפקשנס,US,ONE חטיף חמאת בוטנים,גרמים,60.00,100 גרם,false,1,17.90,29.83,true,1,
810019370205,false,סאנט דלפור מנגו ופסיפלורה 284 גרם,,,סאנט דלפור מנגו ופסי,גרמים,284.00,100 גרם,false,1,20.90,7.36,true,1,
814784024868,false,קלאסיק פלוס חלבון רוא טבעוני אורגני וניל,פוקה,,קלאסיק פלוס חלבון רו,גרמים,750.00,100 גרם,false,1,199.90,26.65,true,1,
814856010782,false,מאפין חלבון דאבל שוקולד 113 גרם,בייק סיטי,,מאפין חלבון דאבל שוק,גרמים,113.00,100 גרם,false,1,16.90,14.96,true,1,
818570007066,false,"פיור וניל טהור 29 מ""ל ""ווטקינס""","ג'יי אר ווטקינס בע""מ",,וטקינס וניל טהור 29,מיליליטרים,29.00,"100 מ""ל",false,1,31.90,110.00,true,1,
819046001274,false,אינקה ציפס ירקות שורש טרופיים 142 גר,Global Gourmet Produ,,אינקה ציפס ירקות שור,גרמים,142.00,100 גרם,false,1,19.90,14.01,true,1,
828093003490,false,מיקס פירות מיובשים 110 גרם,,TR,מיקס פירות מיובשים 1,גרמים,110.00,100 גרם,false,1,19.90,18.09,true,1,
833949000264,false,"סירופ מייפל אמיתי 100% אורגני 250 מ""ל",דיקסר קוויבק,,סירופ מייפל אמיתי,מיליליטרים,250.00,"100 מ""ל",false,1,29.90,11.96,true,1,
835811000167,false,נר נשמה בזכוכית לשבעה ימים,MULDER NATURAL FOODS,CN,נר נשמה בזכוכית לשבע,Unknown,0.00,Unknown,false,1,10.90,10.90,true,1,
835811001652,false,כוס לשתיה קרה 330 סמק` 40 יח` )בירה(,ווינפאק סחר בעמ,,כוס לשתייה קרה הנמל,Unknown,0.00,Unknown,false,1,12.50,12.50,true,1,
835811002277,false,"שיפודים עבים מבמבוק 35 ס""מ 50 יח",גרנג יוניברס,,שיפודים עבים מבמבוק,Unknown,0.00,Unknown,false,1,5.90,5.90,true,1,
835811005025,false,סיר אלומיניום בינוני+מכסה 2יח 3.85 ליטר,קינפויל גאנגזו,,סיר אלומיניום בינוני,Unknown,0.00,Unknown,false,1,17.50,17.50,true,1,
835811005339,false,זוג שקיות אוכל ארוז בקרטון הנמל,,,שקיות אוכל הנמל זוג,Unknown,0.00,Unknown,false,1,11.40,11.40,true,1,
835811005407,false,כוסות קפה לדרך עם מכסה ענק הנמל 12יח',"צח ייבוא ושיווק בע""מ",,קפה לדרך ענק 12 יח+,Unknown,0.00,Unknown,false,1,19.80,19.80,true,1,
835811005704,false,נייר עטיפה לכריכים הנמל 100 יחידות,טופ פלסט 2002 בעמ,,נייר עטיפה לכריכים 1,Unknown,0.00,Unknown,false,1,13.90,13.90,true,1,
835811006213,false,קערות מתכלה מקנה סוכר טבעי 25 יח,"איטיליאן פוד, אס.פי.",,קערות מתכלה מקנה סוכ,Unknown,0.00,Unknown,false,1,20.80,20.80,true,1,
835811006220,false,צלחות ענקיות מתכלה מקנה סוכר טבעי 25 יח,הנמל,,צלחות ענקיות מתכלה מ,Unknown,0.00,Unknown,false,1,24.90,24.90,true,1,
835811006237,false,צלחות קטנות מקנה סוכר טבעי 25 יח,הנמל,,צלחות קטנות מקנה סוכ,Unknown,0.00,Unknown,false,1,14.50,14.50,true,1,
835811006244,false,צלחות גדולות מקנה סוכר טבעי 25 יח,הנמל,,צלחות גדולות מקנה סו,Unknown,0.00,Unknown,false,1,20.90,20.90,true,1,
835811007494,false,גלטין טהור מדגים 2 יח` 14 X גר`,גואנגדונג מיניאנג,,גלטין דגים טהור 28,Unknown,0.00,Unknown,false,1,12.50,12.50,true,1,
835811008347,false,גפרור מיוחד ענק הנמל 1 יחידה,הנמל,,גפרור ענק,Unknown,0.00,Unknown,false,1,8.60,8.60,true,1,
835811008989,false,כוסות קרטון 50 יח' גודל 12 OZ,הנמל,,כוסות קרטון 50 יח,Unknown,0.00,Unknown,false,1,19.80,19.80,true,1,
835811008996,false,"כוסות חד פעמי קרטון 295 מ""ל",הנמל,CN,כוסות קרטון הנמל 50,Unknown,0.00,Unknown,false,1,19.80,19.80,true,1,
835811009016,false,כוסות קרטון 50 יח 4 OZ,הנמל,,כוסות קרטון 50 יח 4,Unknown,0.00,Unknown,false,1,19.80,19.80,true,1,
835811009023,false,"כוסות משקה חם קרטון 235 מ""ל",הנמל,,כוסות קרטון 50 יח,Unknown,0.00,Unknown,false,1,19.80,19.80,true,1,
835811009191,false,"צלחות אלגנט בינוני ח""פ הנמל 18 יח'",בי רייט,,צלחות הנמל אלגנט גדו,Unknown,0.00,Unknown,false,1,51.90,51.90,true,1,
839762000641,false,משקה איילנד מנגו נקטר 1 ל',"פאראגאלה,דה אג'יפשן",,משקה איילנד מנגו 1 ל,מיליליטרים,1000.00,"100 מ""ל",false,1,14.90,1.49,true,1,
841058006633,false,"אדג' ג'יל גילוח מועשר בשיבולת שועל 198 מ""ל",אנרג'ייזר,,גל גילוח אדג שחור נג,גרמים,198.00,100 גרם,false,1,19.90,10.05,true,1,
844510013224,false,"ייין רושלים הילז גוורצטרמינר 750 מ""ל",,,יין רושלים הילז גוור,מיליליטרים,750.00,"100 מ""ל",false,1,47.90,6.39,true,1,
851621000043,false,"בירה blanc 1664 בקבוק 330 מ""ל",,,בירה 1664 Blanc בקבו,מיליליטרים,330.00,"100 מ""ל",false,1,9.90,3.00,true,1,
851621000050,false,בירה חיטה בטעם הדרים 1664 בלאנק - שישייה,קרלסברג ספליי קומפאני פו,,שישיית בירה 1664 Bla,מיליליטרים,1980.00,"100 מ""ל",false,1,40.90,2.07,true,1,
856134000719,false,מרמלדה לימון ותפוז 265 גר Kharkovchanka,חרקוב בסקוויט,UA,מרמלדה לימון ותפוז 2,גרמים,265.00,100 גרם,false,1,12.90,4.87,true,1,
856591000062,false,עוגיות מזרחיות עם מלח עבאדי 400 גרם,מאפיית יוסף ושמחה עבאדי,,עבאדי עוגיות מזרחיות,גרמים,400.00,100 גרם,false,1,18.90,4.73,true,1,
856591000109,false,עוגיות מזרחיות פריך במיוחד עבאדי 400 גרם,מאפיית יוסף ושמחה עבאדי,,עבאדי עוגיות מזרחיות,גרמים,400.00,100 גרם,false,1,18.90,4.73,true,1,
856591000512,false,עוגיות מזרחיות מקלונים עם שומשום עבאדי 400 גרם,מאפיית יוסף ושמחה עבאדי,,עבאדי עוגיות מזרחיות,גרמים,400.00,100 גרם,false,1,18.90,4.73,true,1,
859547004466,false,קירצוף וספוג ניקוי SCRUB DADDY,סקראב דאבי,,קירצוף וספוג ניקוי,יחידה,1.00,יחידה,false,1,19.90,19.90,true,1,
884912002372,false,דגני בוקר גרייט גריינס פוסט453 גרם,פוסט ארצות הברית,,דגני סלקט קרנברי 369,גרמים,369.00,100 גרם,false,1,22.90,6.21,true,1,
884912116505,false,דגני בננה נאט קראנץ' Banana Nut Crunch,פוסט ארצות הברית,,דגני סלקט בננה 369 ג,גרמים,369.00,100 גרם,false,1,22.90,6.21,true,1,
884912126115,false,גרייט גריינס דגני בוקר עם פירות יבשים פוסט 453 גרם,הנסיך- מפעל לייצור ט,,דגני סלקט גרייט גרי,גרמים,454.00,100 גרם,false,1,22.90,5.04,true,1,
884912342737,false,דגני בוקר קריספי וופל פוסט 326 גרם.,הנסיך- מפעל לייצור ט,,דגני פוסט וואפל קריס,גרמים,326.00,100 גרם,false,1,22.60,6.93,true,1,
884912359155,false,דגני בוקר האני באנצ'ס האני רוסטד פוסט 340 גרם,פוסט ארצות הברית,,האני באנצס רוסטד 340,גרמים,340.00,100 גרם,false,1,22.90,6.74,true,1,
884912359162,false,האני באנצ' דגני בוקר עם שקדים פוסט 411 גרם,פוסט ארצות הברית,,האני באנצס עם שקדים,גרמים,340.00,100 גרם,false,1,22.90,6.74,true,1,
884912359414,false,דגני בוקר האני באנצס קינמון 340 ג' POST,פוסט ארצות הברית,US,האני באנצס עם קינמון,גרמים,340.00,100 גרם,false,1,22.90,6.74,true,1,
884912359483,false,דגני בוקר האני באנצ'ס תות פוסט 311 גרם,פוסט ארצות הברית,US,האני באנצס עם תות 31,גרמים,311.00,100 גרם,false,1,22.90,7.36,true,1,
884912365200,false,דגני בוקר אוראו שחור ולבן 311 גרם,פוסט ארצות הברית,,דגני בוקר אוראו עוגי,גרמים,311.00,100 גרם,false,1,23.90,7.68,true,1,
884912365217,false,דגני בוקר אוראו שחור ולבן 311 גרם,פוסט ארצות הברית,US,דגני בוקר אוראו הדור,גרמים,311.00,100 גרם,false,1,23.90,7.68,true,1,
897581000365,false,מרשמלו טבעוני 283 גרם ללא גלוטן,גוד פוד פרודקטס S.p,IL,מרשמלו טבעוני 283 גר,גרמים,283.00,100 גרם,false,1,24.90,8.80,true,1,
1220000070356,false,"יין דליקאטו פינו נואר 750 מ""ל",,US,יין דליקאטו פינו נוא,Unknown,0.00,Unknown,false,1,54.90,54.90,true,1,
2261746002521,false,גבינת בלו סטילטון אנגלית במשקל,,,גבינת בלו סטילטון,Unknown,0.00,"ק""ג",true,0,184.00,184.00,true,1,
<<<<<<< HEAD
3014260240226,false,"קצף גילוח ג'ילט לעור רגיש 200 מ""ל",מולינו ניקולי s.p.a,,קצף גילוח גילט רגיש,מיליליטרים,200.00,"100 מ""ל",false,1,19.30,9.65,true,1,
3014260283254,false,סכיני גילוח חד פעמי בלו 2 פלוס *5,פרוקטר & גמבל,,סכיני גילוח חד פעמי,Unknown,0.00,Unknown,false,1,13.20,13.20,true,1,
3014260833848,false,מברשות שיניים אורל בי פרו אקספרט 35 זוג,,,מברשות שיניים אורל ב,יחידה,1.00,יחידה,false,1,39.90,39.90,true,1,
3045201108008,false,אידיאל מסיר כתמים לפני כביסה -כדור מבריש,אידיאל Ideal,,אידיאל מסיר כתמים לפ,Unknown,0.00,Unknown,false,1,25.50,25.50,true,1,
=======
3014260240226,false,"קצף גילוח ג'ילט לעור רגיש 200 מ""ל",דיפלומט מפיצים (1986) בע`מ,,קצף גילוח גילט רגיש,מיליליטרים,200.00,"100 מ""ל",false,1,19.30,9.65,true,1,
3014260283254,false,סכיני גילוח חד פעמי בלו 2 פלוס ג`ילט) (5,פארמה דיל (פ.א.ב.) שיווק והפצה,,סכיני גילוח חד פעמי,Unknown,0.00,Unknown,false,1,13.20,13.20,true,1,
3045201108008,false,אידיאל מסיר כתמים לפני כביסה -כדור מבריש,יעקב יעקבי ובניו בעמ,,אידיאל מסיר כתמים לפ,Unknown,0.00,Unknown,false,1,25.50,25.50,true,1,
3046920010801,false,שוקולד מריר אקסלנס עם אגוזי לוז,לינדט ושפרונגלי קילשברג,,לינדט שוקולד אקסלנס,גרמים,100.00,100 גרם,false,1,14.90,14.90,true,1,
>>>>>>> d048ac2f4f281c9d788043ab4e81b61b0dbe3743
3046920010856,false,לינדט שוקולד אקסלנס לימון גינגיר 100 גר,לינדט ושפרונגלי,CH,לינדט שוקולד אקסלנס,גרמים,100.00,100 גרם,false,1,14.90,14.90,true,1,
3046920027281,false,שוקולד מריר אקסלנס במילוי קרמל ומלח ים,לינדט ושפרונגלי קילשברג,,לינדט אקס קרמל סולט,גרמים,100.00,100 גרם,false,1,14.90,14.90,true,1,
3046920028004,false,לינדט שוקולד אקסלנס מריר 70% 100 גר,לינדט ושפרונגלי קילשברג,,לינדט שוקולד אקסלנס,גרמים,100.00,100 גרם,false,1,14.90,14.90,true,1,
3046920028363,false,לינדט אקסלנס 85% מוצקי קקאו 100 גרם,לינדט ושפרונגלי קילשברג,,לינדט אקסלנס 85% 100,גרמים,100.00,100 גרם,false,1,14.90,14.90,true,1,
<<<<<<< HEAD
3046920029674,false,שוקולד לינדט אקסלנס סולט 100 גרם,לינדט ושפרונגלי קילשברג,,לינדט אקס סולט 100 ג,גרמים,100.00,100 גרם,false,1,14.90,14.90,true,1,
3046920029681,false,לינדט שוקולד אקסלנס מילד 85% קקאו 100 גר,לינדט ושפרונגלי,DE,לינדט שוקולד אקסלנס,גרמים,100.00,100 גרם,false,1,14.90,14.90,true,1,
3046920029759,false,לינדט אקסלנס 90% מוצקי קקאו 100 גרם,לינדט ושפרונגלי קילשברג,,"לינדט אקס 90%, 100 ג",גרמים,100.00,100 גרם,false,1,14.90,14.90,true,1,
3068320014067,false,מים מינרלים אוויאן 750 מל,קריניציה ויטמינה אס,,מים מינרלים אוויאן 7,מיליליטרים,1000.00,"100 מ""ל",false,1,9.90,0.99,true,1,
=======
3046920028752,false,שוקולד לינדט אקסלנס מינט 100 גרם,לינדט ושפרונגלי קילשברג,,לינדט אקסלנס מינט 10,גרמים,100.00,100 גרם,false,1,14.90,14.90,true,1,
3046920029674,false,אקסלנס עם שבבי מלח לינדט (100 גרם),לינדט ושפרונגלי קילשברג,,לינדט אקס סולט 100 ג,גרמים,100.00,100 גרם,false,1,14.90,14.90,true,1,
3046920029681,false,לינדט שוקולד אקסלנס מילד 85% קקאו 100 גר,משה סידס ובנו בעמ,DE,לינדט שוקולד אקסלנס,גרמים,100.00,100 גרם,false,1,14.90,14.90,true,1,
3046920029759,false,אקסלנס שוקולד מריר 90% לינדט (100 גרם),לינדט ושפרונגלי קילשברג,,"לינדט אקס 90%, 100 ג",גרמים,100.00,100 גרם,false,1,14.90,14.90,true,1,
3068320014067,false,אוויאן מים מינרליים ספורט 750 מל,קריניציה ויטמינה אס,,מים מינרלים אוויאן 7,מיליליטרים,1000.00,"100 מ""ל",false,1,9.90,0.99,true,1,
>>>>>>> d048ac2f4f281c9d788043ab4e81b61b0dbe3743
3068320017846,false,מים מינרלים אוויאן 1 ליטר,קריניציה ויטמינה אס,,מים מינרלים אוויאן 1,מיליליטרים,1000.00,"100 מ""ל",false,1,10.90,1.09,true,1,
3073780574242,false,גבינה לואש קירי 16 יח' 240 ג',,,גבינה לה וואש קירי,גרמים,280.00,100 גרם,false,1,28.50,10.18,true,1,
3073780593083,false,גבינה לואש קירי 32 יח' 480 ג',"מפעלי גבינות ""ביל",,גבינה לה וואש קירי,גרמים,480.00,100 גרם,false,1,50.50,10.52,true,1,
3073781077278,false,גבינה לואש קירי 12 יח' 200 ג',"מפעלי גבינות ""ביל",,גבינה לה וואש קירי,גרמים,200.00,100 גרם,false,1,19.90,9.95,true,1,
<<<<<<< HEAD
3073781162790,false,גבינה מותכת בייבי בל 120 גרם,מחלבות בל,,בייבי בל אדם 120 גר,גרמים,120.00,100 גרם,false,1,16.50,13.75,true,1,
=======
3073781162790,false,גבינה מותכת בייבי בל 120 גרם,א. סיימן סחר בעמ,,בייבי בל אדם 120 גר,גרמים,120.00,100 גרם,false,1,16.50,13.75,true,1,
>>>>>>> d048ac2f4f281c9d788043ab4e81b61b0dbe3743
3080216034508,false,"בירה Grimbergen Blonde בודד 330 מ""ל",גרימברגן Grimbergen,,בירה רגינברג בלונד 3,מיליליטרים,330.00,"100 מ""ל",false,1,7.90,2.39,true,1,
3080216034645,false,"בירה גרינברגן אמברה בודד 330מ""ל",החברה המרכזית להפצת משקאות בעמ,,בירה רגינברג אמברה 3,מיליליטרים,330.00,"100 מ""ל",false,1,10.50,3.18,true,1,
3090291123035,false,מונטאוור פרוסות 125 גרם,סבנסיה,,מונטאוור פרוסות 125,גרמים,125.00,100 גרם,false,1,20.90,16.72,true,1,
3090291389400,false,פול אפי קלאסי פרוסות 150 גרם,סבנסיה,,פול אפי קלאסי פרוסות,גרמים,150.00,100 גרם,false,1,20.90,13.93,true,1,
3134375003513,false,דבק כללי חזק במיוחד 30 גר,3m,,דבק כללי חזק במיוחד,Unknown,0.00,Unknown,false,1,22.90,22.90,true,1,
3141360054405,false,פיניש מפיץ ריח למדיח בניחוח לימון וליים,רקיט בנקיזר (ניר איסט) בעמ,,מפיץ ריח למדיח בניחו,Unknown,0.00,Unknown,false,1,22.50,22.50,true,1,
3161420001972,false,"ברנדי סנט רמי 700 מ""ל VSOP",רמי קואנטרו,,"ברנדי סנט רמי 700 מ""",מיליליטרים,700.00,"100 מ""ל",false,1,77.90,11.13,true,1,
<<<<<<< HEAD
3161911229199,false,חמאה צרפתית רכה למריחה אל & ויר 250 גרם,אלל אה וויר,,אלוויר חמאה רכה 250,גרמים,250.00,100 גרם,false,1,22.90,9.16,true,1,
3161911366429,false,חמאה צרפתית מלוחה רכה למריחה אלוויר 250 גר',ארזינא,,אלוויר חמאה רכה מלוח,גרמים,250.00,100 גרם,false,1,22.90,9.16,true,1,
3161911393210,false,אלוויר חמאת נורמנדי מלוחה 200 גרם,אלוויר,FR,אלוויר חמאה נורמנדי,גרמים,200.00,100 גרם,false,1,20.90,10.45,true,1,
=======
3161911229199,false,חמאה צרפתית רכה למריחה אל & ויר 250 גרם,א. סיימן סחר בעמ,,אלוויר חמאה רכה 250,גרמים,250.00,100 גרם,false,1,22.90,9.16,true,1,
3161911366429,false,חמאה צרפתית מלוחה רכה למריחה אלוויר 250 גר',א. סיימן סחר בעמ,,אלוויר חמאה רכה מלוח,גרמים,250.00,100 גרם,false,1,22.90,9.16,true,1,
3161911393210,false,חמאת נורמנדי מלוחה אלוויר 200 גרם,א.סיימן סחר בעמ,FR,אלוויר חמאה נורמנדי,גרמים,200.00,100 גרם,false,1,20.90,10.45,true,1,
>>>>>>> d048ac2f4f281c9d788043ab4e81b61b0dbe3743
3175460000017,false,גבינת בורסאן שום ועשבי תיבול 150 גר,השחר,,גבינת בורסאן שום 150,גרמים,150.00,100 גרם,false,1,20.90,13.93,true,1,
3175460000062,false,גבינת בורסאן פלפל שחור 150 גרם,השחר,,גבינת בורסאן פלפל שח,גרמים,150.00,100 גרם,false,1,20.90,13.93,true,1,
3175460000864,false,גבינת בורסאן טבעי 150 גר,Unknown,,גבינת בורסאן טבעי 15,גרמים,150.00,100 גרם,false,1,20.90,13.93,true,1,
3175460030083,false,גבינת בורסאן בצל ועירית 150 גר,השחר,,גבינת בורסאן בצל ועי,גרמים,150.00,100 גרם,false,1,20.90,13.93,true,1,
3175529633934,false,יין לבן ויו פאפ שרדונה קולומברד 750 מל,,FR,יין לבן ויו פאפ שרדו,Unknown,0.00,Unknown,false,1,41.90,41.90,true,1,
3178530402353,false,עוגות מיני מדלן קלאסי סאן מישל 175 גרם,סאן מישל ביסוויט,,מיני מדליינס סאן מיש,גרמים,175.00,100 גרם,false,1,12.50,7.14,true,1,
<<<<<<< HEAD
3178530407938,false,עוגיות מיני מדליין עם שוקוצ'יפס סאן מישל 175 גרם,סאן מישל,,מיני מדליין 175 גר,גרמים,175.00,100 גרם,false,1,13.90,7.94,true,1,
3178530417418,false,דונאט עם שוקולד צ'יפס 180 גרם סן מישל,סן מישל St Michel,,דונאט עם שוקולד ציפס,גרמים,180.00,100 גרם,false,1,14.90,8.28,true,1,
=======
3178530407938,false,עוגיות מיני מדליין עם שוקוצ'יפס סאן מישל 175 גרם,א. סיימן סחר בעמ,,מיני מדליין 175 גר,גרמים,175.00,100 גרם,false,1,13.90,7.94,true,1,
3178530417340,false,בראוניז שוקולד סנט מישל 210 גרם,א. סיימן סחר בעמ,FR,בראוניז שוקולד סאן מ,גרמים,210.00,100 גרם,false,1,17.90,8.52,true,1,
3178530417418,false,עוגיות חמאה דונאט עם שוקולד ציפס 180 גר,א. סיימן סחר בעמ,,דונאט עם שוקולד ציפס,גרמים,180.00,100 גרם,false,1,14.90,8.28,true,1,
>>>>>>> d048ac2f4f281c9d788043ab4e81b61b0dbe3743
3184030003570,false,גבינה קממברט 250 גר מנות,,,גבינה קממבר 250 גר,גרמים,250.00,100 גרם,false,1,43.90,17.56,true,1,
3185370061503,false,שמפניה מואט ושנדו רוזה באריזת מתנה 750 מ,Moet Chandon,,שמפניה מואט ושנדו רו,Unknown,0.00,Unknown,false,1,313.90,313.90,true,1,
3211200108756,false,"יין מיזון קסטל מרלו רוזה 750 מ""ל",,,יין מיזון קסטל מרלו,Unknown,0.00,Unknown,false,1,46.90,46.90,true,1,
3211201046439,false,מיזון קסטל קברנה סוביניון 750 מל,,,מיזון קסטל קברנה סוב,Unknown,0.00,Unknown,false,1,46.90,46.90,true,1,
3211201046460,false,"מיזון קסטל מרלו 750 מ""ל",,,מיזון קסטל מרלו 750,Unknown,0.00,Unknown,false,1,46.90,46.90,true,1,
3211201046613,false,מיזון קסטל בורדו מרלו 750 מל,,,מיזון קסטל בורדו מרל,Unknown,0.00,Unknown,false,1,51.90,51.90,true,1,
3211203433220,false,ברון דה לסטאק בורדו 750 מל,,,ברון דה לסטאק בורדו,Unknown,0.00,Unknown,false,1,59.90,59.90,true,1,
3211203444066,false,מיזון קסטל גרנד רזרב שרדונה 750 מל,,,מיזון קסטל גרנד רזרב,Unknown,0.00,Unknown,false,1,51.90,51.90,true,1,
3211203444103,false,מיזון קסטל גרנד רזרב ק. סוביניון 750 מ,,,מיזון קסטל גרנד רזרב,Unknown,0.00,Unknown,false,1,51.90,51.90,true,1,
3211203444141,false,מיזון קסטל גרנד רזרב סירה 750 מל,,,מיזון קסטל גרנד רזרב,Unknown,0.00,Unknown,false,1,51.90,51.90,true,1,
3211209149897,false,יין ברון דה לסטאק רוזה בורדו 750 מל,,,יין ברון דה לסטאק רו,Unknown,0.00,Unknown,false,1,59.90,59.90,true,1,
3211209194507,false,מיזון קסטל שרדונה 750 מל,,,מיזון קסטל שרדונה 75,Unknown,0.00,Unknown,false,1,46.90,46.90,true,1,
3211209217602,false,מיזון רוזה דאנזו חצי מתוק 750 מל,,,מיזון רוזה דאנזו חצי,Unknown,0.00,Unknown,false,1,51.90,51.90,true,1,
3211209265900,false,"יין פמלי קסטל ברוט מבעבע 750 מ""ל",,,יין מיזון קסטל ברוט,Unknown,0.00,Unknown,false,1,62.90,62.90,true,1,
3211209968030,false,יין קמברה שרדונה 1 ליטר,קמברה,,יין קמברה שרדונה 1 ל,Unknown,0.00,Unknown,false,1,39.90,39.90,true,1,
3211209973348,false,"יין לאודלה מרסלן סירה 750 מ""ל",,FR,יין לאודלה מרסלן סיר,מיליליטרים,750.00,"100 מ""ל",false,1,47.90,6.39,true,1,
3211209987550,false,שאטו קבלייר רוזה קוט דה פרובאנס 750,,,שאטו קבלייר רוזה קוט,Unknown,0.00,Unknown,false,1,67.90,67.90,true,1,
3211209990826,false,"יין לאודלה שרדונה 750 מ""ל",,FR,יין לאודלה שרדונה 75,מיליליטרים,750.00,"100 מ""ל",false,1,47.90,6.39,true,1,
3211209999553,false,"יין לאודלה קברנה סוביניון 750 מ""ל",,FR,יין לאודלה קברנה סוב,מיליליטרים,750.00,"100 מ""ל",false,1,47.90,6.39,true,1,
3211209999584,false,"יין לאודלה מרלו 750 מ""ל",,FR,יין לאודלה מרלו 750,מיליליטרים,750.00,"100 מ""ל",false,1,47.90,6.39,true,1,
3254550033217,false,סנט מור גבינת ברי איסיני 220 גרם,אף.סי תבליני בגליל ב,,ברי מרובע 220 גר,גרמים,220.00,100 גרם,false,1,30.90,14.05,true,1,
3254550033279,false,גבינת קממבר 250 גרם סנט מר,א. סיימן סחר בעמ,,קממבר 250 גר,גרמים,250.00,100 גרם,false,1,30.90,12.36,true,1,
3256760106408,false,פלשארד בסגנון פטה 500 גר,,,פלשארד בסגנון פטה 50,גרמים,500.00,100 גרם,false,1,12.50,2.50,true,1,
3258368570049,false,"מארז גרנד אמפרר XO כשר 700 מ""ל",,,מארז גרנד אמפרר XO כ,מיליליטרים,700.00,"100 מ""ל",false,1,187.90,26.84,true,1,
3263280106429,false,"קוארפו קוקטייל מוחיטו 750 מ""ל",,,קוארפו קוקטייל מוחיט,מיליליטרים,750.00,"100 מ""ל",false,1,67.90,9.05,true,1,
3263280107310,false,"קוארפו פינה קולדה 700 מ""ל",,,קוארפו פינה קולדה 7,מיליליטרים,700.00,"100 מ""ל",false,1,62.90,8.99,true,1,
3270620001702,false,"קוניאק לואי רוייה 700 מ""ל VSOP",,,קוניאק לואי רוייה 70,מיליליטרים,700.00,"100 מ""ל",false,1,200.90,28.70,true,1,
3272770003148,false,"שברוקס גבינת עיזים פרמידה, 150 גרם",מיוצר עי קונדיטוריית,,שברו עיזים טבעי 150,גרמים,150.00,100 גרם,false,1,24.90,16.60,true,1,
3276210810105,false,יין לה פטיט פרייר סוביניון בלאן 750 מל,,,יין לה פטיט פרייר סו,Unknown,0.00,Unknown,false,1,51.90,51.90,true,1,
3276210811102,false,יין אדום יבש פינו נואר 750 מל,,,יין לה פטיט פרייר יב,Unknown,0.00,Unknown,false,1,51.90,51.90,true,1,
<<<<<<< HEAD
3387390320244,false,פיטנס דגני בוקר מחיטה מלאה עם פירות נסטלה 375 גרם,נסטלה צרפת איטנקורט,,דגני בוקר פיטנס עם פ,גרמים,375.00,100 גרם,false,1,19.90,5.31,true,1,
3387390525960,false,קראנץ' דגני בוקר עם שוקולד חלב נסטלה 500 גרם,הנסיך- מפעל לייצור ט,,דגני בוקר קראנץ 500,גרמים,500.00,100 גרם,false,1,22.90,4.58,true,1,
3387390730852,false,פיטנס דגנים מחיטה מלאה ואורז נסטלה 375 גרם,נסטלה צרפת איטנקורט,,דגני בוקר פיטנס 375,גרמים,375.00,100 גרם,false,1,19.90,5.31,true,1,
3412290023640,false,אמנטל צרפתי ארוז 250 גר,,,אמנטל צרפתי ארוז 250,גרמים,250.00,100 גרם,false,1,28.50,11.40,true,1,
3431501000173,false,סנט אגור במשקל,,,סנט אגור במשקל,Unknown,0.00,"ק""ג",true,0,199.00,199.00,true,1,
3451271002809,false,"יין אלן זופרואה שאבלי 750 מ""ל",,,אלן זופרואה שאבלי,Unknown,0.00,Unknown,false,1,104.90,104.90,true,1,
3480341002685,false,טרטר אפרטיף בסגנון פרובנס 101 גר,בונגראן,,טרטר אפרטיף בסגנון פ,גרמים,101.00,100 גרם,false,1,20.90,20.69,true,1,
=======
3328640121945,false,וויסקי היילנד קווין בלנדד שרי פיניש 1 ל,,,וויסקי היילנד קווין,מיליליטרים,1000.00,"100 מ""ל",false,1,99.90,9.99,true,1,
3387390320244,false,פיטנס דגני בוקר מחיטה מלאה עם פירות נסטלה 375 גרם,קבוצת אוסם סחר שותפות מוגבלת,,דגני בוקר פיטנס עם פ,גרמים,375.00,100 גרם,false,1,19.90,5.31,true,1,
3387390525960,false,קראנץ' דגני בוקר עם שוקולד חלב נסטלה 500 גרם,קבוצת אוסם סחר שותפות מוגבלת,,דגני בוקר קראנץ 500,גרמים,500.00,100 גרם,false,1,22.90,4.58,true,1,
3387390730852,false,פיטנס דגנים מחיטה מלאה ואורז נסטלה 375 גרם,קבוצת אוסם סחר-שות.מוגבלת,,דגני בוקר פיטנס 375,גרמים,375.00,100 גרם,false,1,19.90,5.31,true,1,
3412290023640,false,אמנטל צרפתי ארוז 250 גר,,,אמנטל צרפתי ארוז 250,גרמים,250.00,100 גרם,false,1,28.50,11.40,true,1,
3431501000173,false,סנט אגור במשקל,,,סנט אגור במשקל,Unknown,0.00,"ק""ג",true,0,199.00,199.00,true,1,
3451271002809,false,"יין אלן זופרואה שאבלי 750 מ""ל",,,אלן זופרואה שאבלי,Unknown,0.00,Unknown,false,1,104.90,104.90,true,1,
3451272001535,false,"יין אלן זופרואה פרמייר קרו 750 מ""ל",,FR,יין אלן זופרואה פרמי,Unknown,0.00,Unknown,false,1,166.90,166.90,true,1,
3480341002685,false,טרטר אפרטיף בסגנון פרובנס 101 גר,א. סיימן סחר בעמ,,טרטר אפרטיף בסגנון פ,גרמים,101.00,100 גרם,false,1,20.90,20.69,true,1,
>>>>>>> d048ac2f4f281c9d788043ab4e81b61b0dbe3743
3500610085338,false,גיי פי שנה לבן מבעבע 750 מל,LANDIRAS JP CHENET,,גיי פי שנה לבן מבעבע,Unknown,0.00,Unknown,false,1,43.90,43.90,true,1,
3500610091360,false,יין פרסטיגום לבן יבש 750 מל,,,יין פרסטיגום לבן יבש,Unknown,0.00,Unknown,false,1,28.90,28.90,true,1,
3523230026826,false,"גבינת עיזים למריחה פירמידה, 140 גרם",א. סיימן סחר בעמ,,גבינה עיזים למריחה פ,גרמים,140.00,100 גרם,false,1,21.90,15.64,true,1,
3523230026888,false,"גבינת עיזים שום ועשבי תיבול למריחה פירמידה, 140 גרם",א. סיימן סחר בעמ,,גב עיזים למריחה שום,גרמים,140.00,100 גרם,false,1,21.90,15.64,true,1,
3523230032278,false,גבינת עיזים למריחה 150 גרם,אוריאל,,גבינת עיזים למריחה 1,גרמים,150.00,100 גרם,false,1,24.50,16.33,true,1,
3574660115154,false,או-בה טמפונים קלאסי סופר 32יח',ג'\ונסון אנד ג'\ונסון,,אובה סופר 32 חדש,Unknown,0.00,Unknown,false,1,21.90,21.90,true,1,
3574661114637,false,ליסטרין שטיפת פה קול מינט טעם מעודן 500,ג'\ונסון אנד ג'\ונסון,IT,מי פה ליסטרין מנטה ע,מיליליטרים,500.00,"100 מ""ל",false,1,19.80,3.96,true,1,
3574661363998,false,"מי פה ליסטרין תה ירוק 500 מ""ל",ג'\ונסון אנד ג'\ונסון,,מי פה ליסטרין תה ירו,מיליליטרים,500.00,"100 מ""ל",false,1,23.90,4.78,true,1,
3574661485218,false,טמפונים נורמל אובה 32 יח' פרוקומפורט,"ש. שסטוביץ בע""\מ",,אובה נורמל פרוקומפור,Unknown,0.00,Unknown,false,1,21.90,21.90,true,1,
3574661487328,false,קרפרי מגני תחתון אורגינל פלוס 56 יח',הדקלאים אגודת שיתופי,IT,מגן תחתון קרפרי רגיל,Unknown,0.00,Unknown,false,1,24.90,24.90,true,1,
3574661487618,false,קרפרי מגן תחתון מקסי לארג'' מבושם 48 יח'',ג'ויה מעבדות לקוסמטי,IT,מגן תחתון קרפרי מקסי,Unknown,0.00,Unknown,false,1,24.90,24.90,true,1,
<<<<<<< HEAD
=======
3574661491806,false,מי פה אדבנס וויט מנטה מסירה כתמים קשים,ג'\ונסון אנד ג'\ונסון,IT,מי פה ליסטרין אדוונס,מיליליטרים,500.00,"100 מ""ל",false,1,23.90,4.78,true,1,
>>>>>>> d048ac2f4f281c9d788043ab4e81b61b0dbe3743
3574661506272,false,קרפרי מגבונים אינטימיים אלוורה 20 יח,ג'\ונסון אנד ג'\ונסון,,מגבונים אינטימיים קר,Unknown,0.00,Unknown,false,1,19.90,19.90,true,1,
3574661552576,false,קרפרי מגן תחתון רגיל טנגה לבן 56 יח חדש,הדקלאים אגודת שיתופי,IT,מגן תחתון קרפרי רגיל,Unknown,0.00,Unknown,false,1,24.90,24.90,true,1,
3574661552811,false,מגן תחתון קרפרי כותון אוורירי 56 יחידות,הדקלאים אגודת שיתופי,IT,מגן תחתון קרפרי כותו,Unknown,0.00,Unknown,false,1,24.90,24.90,true,1,
3574661643359,false,ליסטרין נטורלס שטיפת פה אנאמל פרוטקט,ג'\ונסון אנד ג'\ונסון,IT,מי פה ליסטרין נטורלס,מיליליטרים,500.00,"100 מ""ל",false,1,23.90,4.78,true,1,
3574669907682,false,גונסונס בייבי טלק 500 גרם חדש,גונסון אנד גונסון,IT,טלק גונסונס בייבי 5,Unknown,0.00,Unknown,false,1,34.90,34.90,true,1,
3574669907767,false,גונסונס בייבי שמפו קמומיל 750 מל חדש,ג'ונסונס בייבי,IT,שמפו גונסונס בייבי,Unknown,0.00,Unknown,false,1,26.90,26.90,true,1,
3574669908443,false,ג'ונסון בייבי אל סבון וקצף אמבט 750 חדש,Johnson Toilet-IT,IT,אל סבון וקצף אמבט ג,Unknown,0.00,Unknown,false,1,22.90,22.90,true,1,
3574669908665,false,גונסונס בייבי אל סבון לפני השינה 750 מל,גונסון אנד גונסון,IT,אל סבון לפני שינה גו,Unknown,0.00,Unknown,false,1,22.90,22.90,true,1,
<<<<<<< HEAD
3574669908948,false,"גונסונס בייבי אל סבון לרחצה עדינה 750 מ""ל",גונסון אנד גונסון,IT,אל סבון לרחצה עדינה,Unknown,0.00,Unknown,false,1,22.90,22.90,true,1,
3600523782567,false,"לוריאל - אלביב שמפו דרים לונג 500 מ""ל",לוריאל - אלביב Elvive,FR,שמפו לוראל אלביב דרי,מיליליטרים,500.00,"100 מ""ל",false,1,16.90,3.38,true,1,
3600523782581,false,מרכך מתיר קשרים לשיער ארוך ופגום Dream Long,לוריאל - אלביב Elvive,FR,מרכך לוראל אלביב דרי,מיליליטרים,500.00,"100 מ""ל",false,1,16.90,3.38,true,1,
3607340717635,false,אדידס גל רחצה לגבר אייס דייב 400 מל,קוטי ס.פ,ES,גל רחצה לגברים אדידס,מיליליטרים,400.00,"100 מ""ל",false,1,14.90,3.73,true,1,
3607343817547,false,"אדידס - דאודורנט ספריי לגבר קליימקול 150 מ""ל",קולפ,PT,דאו אדידס ספריי לגבר,מיליליטרים,150.00,"100 מ""ל",false,1,15.90,10.60,true,1,
3608580730231,false,קונפיטורה בון ממאן תות שדה 370 גר',אף.סי תבליני בגליל ב,,קונפיטורה בטעם תות 3,גרמים,370.00,100 גרם,false,1,20.90,5.65,true,1,
=======
3600523651870,false,שמפו לחיזוק סיב השערה לכל סוגי השיער,לוריאל ישראל קוסמטיקס בעמ,,שמפו ארגנין לוריאל,מיליליטרים,550.00,"100 מ""ל",false,1,18.00,3.27,true,1,
3600523652280,false,"לוריאל אלביב שמפו מועשר ב 6 שמנים, 550 מ""ל",לוריאל ישראל קוסמטיקס בעמ,,שמפו לוריאל אלביב,מיליליטרים,550.00,"100 מ""ל",false,1,18.00,3.27,true,1,
3600523652297,false,"מרכך לשיער אלביב זהב 6 שמנים , 550 מ""ל",לוריאל ישראל קוסמטיקס בעמ,,מרכך לוריאל אלביב,מיליליטרים,550.00,"100 מ""ל",false,1,18.00,3.27,true,1,
3600523782567,false,"לוריאל - אלביב שמפו דרים לונג 500 מ""ל",לוריאל ישראל קוסמטיקס בעמ,FR,שמפו לוראל אלביב דרי,מיליליטרים,500.00,"100 מ""ל",false,1,16.90,3.38,true,1,
3600523782581,false,מרכך מתיר קשרים לשיער ארוך ופגום Dream Long,לוריאל ישראל קוסמטיקס בעמ,FR,מרכך לוראל אלביב דרי,מיליליטרים,500.00,"100 מ""ל",false,1,16.90,3.38,true,1,
3607340717635,false,אדידס גל רחצה לגבר אייס דייב 400 מל,דנשר (1963) בעמ,ES,גל רחצה לגברים אדידס,מיליליטרים,400.00,"100 מ""ל",false,1,14.90,3.73,true,1,
3608580730231,false,קונפיטורה בון ממאן תות שדה 370 גר',אף.סי תבליני בגליל ב,,קונפיטורה בטעם תות 3,גרמים,370.00,100 גרם,false,1,20.90,5.65,true,1,
3608580730279,false,מרמלדת תפוזים 370 גר BONNE MAMAN,ר.ב. מוצרי דגנים בעמ,,מרמלדת תפוזים 370 גר,גרמים,370.00,100 גרם,false,1,20.90,5.65,true,1,
>>>>>>> d048ac2f4f281c9d788043ab4e81b61b0dbe3743
3608580730323,false,קונפיטורה בטעם פטל 370 גר BONNE MAMAN,אנדורס,,קונפיטורה בטעם פטל 3,גרמים,370.00,100 גרם,false,1,20.90,5.65,true,1,
3661163990545,false,"אדידס דאודורנט ספריי לגברים אקשיין 200 מ""ל",מיוצר עי קונדיטוריית,PT,דאו ספריי לגבר אדידס,מיליליטרים,200.00,"100 מ""ל",false,1,19.90,9.95,true,1,
3662444002766,false,חלה בריוש ראובנס 500 גרם,N.F.D,FR,חלה בריוש ראובנס 500,גרמים,500.00,100 גרם,false,1,24.90,4.98,true,1,
3662444002773,false,חלה בריוש שוקוציפס ראובנס 500 גרם,N.F.D,FR,חלה בריוש שוקוציפס ר,גרמים,500.00,100 גרם,false,1,24.90,4.98,true,1,
3663559000135,false,שזיפים מיובשים אורגניים 250 גרם,היצרן: לה קומפני דה,FR,שזיפים מיובשים אורגנ,גרמים,250.00,100 גרם,false,1,27.90,11.16,true,1,
3760009240339,false,"אלן גומה גיגונדאס 750 מ""ל",,FR,אלן גומה גיגונדאס 75,מיליליטרים,750.00,"100 מ""ל",false,1,151.90,20.25,true,1,
3800016701161,false,"לפתן חצאי שזיף בסירופ 700 מ""ל",פרוקטו סליבאן GSC,,לפתן חצאי שזיף בסירו,מיליליטרים,700.00,"100 מ""ל",false,1,10.70,1.53,true,1,
3800065723015,false,מקלות גריסיני מלוח קלאסי סוויט פלוס 235 גר,,BG,גריסיני קלאסי עם מלח,גרמים,235.00,100 גרם,false,1,8.90,3.79,true,1,
3800163830073,false,זיתים ירוקים ממולאים פלפל 720 גרם,,TR,זיתים ירוקים ממולאים,גרמים,720.00,100 גרם,false,1,15.90,2.21,true,1,
<<<<<<< HEAD
3800740021870,false,ממרח ירוקות לוטניצה 265 גר,,BG,ממרח ירוקות לוטניצה,גרמים,265.00,100 גרם,false,1,20.90,7.89,true,1,
3838824193915,false,צבע לשיער פאלטה סמי קיט שחור 0-1,שוורצקופף והנקל,,פלטה סמי קיט 1-0 שחו,Unknown,0.00,Unknown,false,1,29.90,29.90,true,1,
3838945007870,false,מיץ תפוזים 100% עם ויטמין סי 1 ליטר,FRUCTAL,,מיץ תפוזים 100% עם ו,מיליליטרים,1000.00,"100 מ""ל",false,1,14.60,1.46,true,1,
3838945509022,false,נקטר נקטר תות שדה 45% 1 ל FRUCTAL,FRUCTAL,,נקטר נקטר תות שדה 45,מיליליטרים,1000.00,"100 מ""ל",false,1,14.60,1.46,true,1,
=======
3800205875109,false,צנימים אובן בקד עגבניות וזיתים 70 גר,,,צנימים עגבניות זיתים,גרמים,70.00,100 גרם,false,1,5.90,8.43,true,1,
3800740021870,false,ממרח ירוקות לוטניצה 265 גר,,BG,ממרח ירוקות לוטניצה,גרמים,265.00,100 גרם,false,1,20.90,7.89,true,1,
3838824193915,false,צבע לשיער פאלטה סמי קיט שחור 0-1,שוורצקופף והנקל,,פלטה סמי קיט 1-0 שחו,Unknown,0.00,Unknown,false,1,29.90,29.90,true,1,
>>>>>>> d048ac2f4f281c9d788043ab4e81b61b0dbe3743
3838945509060,false,מיץ תפוחים 100% 1 ליטר FRUCTAL,FRUCTAL,,מיץ תפוחים 100% 1 לי,מיליליטרים,1000.00,"100 מ""ל",false,1,14.60,1.46,true,1,
3850104008443,false,תערובת תבלינים עם ירקות ווגטה 500 גר,פודרבקה ד.ד,HR,תערובת תבלינים עם יר,גרמים,500.00,100 גרם,false,1,38.90,7.78,true,1,
4000161050728,false,נידרגר מרציפן במילוי נוגט ואגוזים 75 גר,,,נידרגר מרציפן במילוי,גרמים,75.00,100 גרם,false,1,22.90,30.53,true,1,
4000161060161,false,נידרגר שוק.מריר וגינגיר מילוי מרציפן 110,,,נידרגר שוק.מריר וגינ,גרמים,110.00,100 גרם,false,1,19.90,18.09,true,1,
4000161100072,false,נידריגר אצבעות מרציפן 50 גרם,,,נידריגר אצבעות מרציפ,גרמים,50.00,100 גרם,false,1,14.90,29.80,true,1,
4000161110095,false,נידריגר אצבעות מרציפן פיסטוק 50 גרם,,,נידריגר אצבעות מרציפ,גרמים,50.00,100 גרם,false,1,14.90,29.80,true,1,
4000281604504,false,בונבוניירה ליקר 150 גרם,,DE,פרליני שוקולד מריר ב,גרמים,150.00,100 גרם,false,1,10.90,7.27,true,1,
4000417023001,false,ריטר ספורט שוקולד חלב מעולה עם שקדים שלמים,ריטר ספורט Ritter sport,,שוקולד RITTER SPORT,גרמים,100.00,100 גרם,false,1,10.90,10.90,true,1,
4000417025005,false,שוקולד מריר במילוי מרציפן ריטר ספורט 100 גרם,ריטר ספורט Ritter sport,,שוקולד RITTER SPORT,גרמים,100.00,100 גרם,false,1,8.90,8.90,true,1,
4000417026002,false,שוקולד ריטר ספורט פרלין 100 גרם חלב נוכרי,ריטר ספורט Ritter sport,,שוקולד ריטר ספורט נו,גרמים,100.00,100 גרם,false,1,8.90,8.90,true,1,
4000417212009,false,ריטר ספורט שוקולד מריר מעולה עם שקדים קצוצים וקליפות תפוז מסוכרות,ריטר ספורט Ritter sport,DE,שוקולד ריטר ספורט שק,גרמים,100.00,100 גרם,false,1,8.90,8.90,true,1,
4000417222008,false,שוקולד ריטר ספורט חלב+שברי אגוזים 100 גרם חלב נוכרי,ריטר ספורט Ritter sport,,שוקולד ריטר ספורט חל,גרמים,100.00,100 גרם,false,1,8.90,8.90,true,1,
4000417224002,false,"ריטר ספורט טבלת שוקולד מריר אגוזים, 100 גרם",ריטר ספורט Ritter sport,,שוקולד RITTER SPORT,גרמים,100.00,100 גרם,false,1,10.90,10.90,true,1,
<<<<<<< HEAD
=======
4000417294005,false,שוקולד ריטר מוס קקאו 100 גרם חלב נוכרי,ריטר ספורט Ritter sport,,שוקולד RITTER SPORT,גרמים,100.00,100 גרם,false,1,8.90,8.90,true,1,
>>>>>>> d048ac2f4f281c9d788043ab4e81b61b0dbe3743
4000417298003,false,שוקולד ריטר ספורט קוקוס 100 גרם חלב נוכרי,ריטר ספורט Ritter sport,,שוקולד ריטר ספורט קו,גרמים,100.00,100 גרם,false,1,8.90,8.90,true,1,
4000417707000,false,שוקולד חלב מעולה עם שברי קשיו קלוי ומומלח,ריטר ספורט Ritter sport,,ריטר ספורט חלב קשיו,גרמים,100.00,100 גרם,false,1,10.90,10.90,true,1,
4000504149027,false,גבינת קממבר דה לוקס 125 גרם,,,גבינת קממבר דה לוקס,גרמים,125.00,100 גרם,false,1,21.90,17.52,true,1,
4000504149324,false,גבינת רוגט גרמני 125 גרם,,DE,גבינת רוגט גרמני 125,גרמים,125.00,100 גרם,false,0,22.90,18.32,true,1,
4000504149423,false,גבינת קמבוזולה 125 גרם,,DE,גבינת קמבוזולה 125 ג,גרמים,125.00,100 גרם,false,1,21.90,17.52,true,1,
4000504213028,false,גבינה דורבלו גרמנית במשקל,,,גבינה דורבלו גרמנית,Unknown,0.00,"ק""ג",true,0,184.00,184.00,true,1,
<<<<<<< HEAD
4000522009747,false,"מקלות בייגלה תפו""א צ'יו 80 גרם",טרופיקל דגיל תעשיות,,"מקלות תפו""א מלוחים 8",גרמים,80.00,100 גרם,false,1,5.20,6.50,true,1,
4000522061752,false,בייגלה צ'יו מקלות מלוחים 100 גרם,צ'יו Chio,,בייגלה ציו מקלות 100,גרמים,100.00,100 גרם,false,1,5.20,5.20,true,1,
=======
4000522061752,false,בייגלה צ'יו מקלות מלוחים 100 גרם,ר.ב. מוצרי דגנים בעמ,,בייגלה ציו מקלות 100,גרמים,100.00,100 גרם,false,1,5.20,5.20,true,1,
>>>>>>> d048ac2f4f281c9d788043ab4e81b61b0dbe3743
4000539280740,false,לינדט אקסלנס 78% מוצקי קקאו 100 גרם,לינדט ושפרונגלי קילשברג,DE,שוקולד לינדט אקסלנס,גרמים,100.00,100 גרם,false,1,14.90,14.90,true,1,
4000539363108,false,שוקולד לינדור סטיקס 38 גרם,משה סידס ובנו בעמ,,שוקולד לינדור סטיקס,גרמים,38.00,100 גרם,false,1,7.30,19.21,true,1,
4000576027933,false,צימרונים לאוזניים גאן קרול 200 יח,וו.פלץ,DE,צימרונים לאוזניים גא,יחידה,1.00,יחידה,false,1,7.90,7.90,true,1,
4000576399405,false,פדים רחבים להסרת איפור,ג'ין קרול Jean Carol,,פדים להסרת איפור רחב,Unknown,0.00,Unknown,false,1,10.50,10.50,true,1,
4000576481889,false,צימרוני אוזניים לתינוק 72 יח',ג'ין קרול Jean Carol,,צימרונים לתינוק 72 י,Unknown,0.00,Unknown,false,1,6.90,6.90,true,1,
4000576722654,false,פדים להסרת איפור זוג *70 יח',ג'ין קרול Jean Carol,,פדים להסרת איפור 140,Unknown,0.00,Unknown,false,1,18.80,18.80,true,1,
4001499185267,false,פרוש נוזל ניקוי אסלות על בסיס לבנדר 750,ארדל רקס,,פרוש נוזל ניקוי אסלו,מיליליטרים,750.00,"100 מ""ל",false,1,19.50,2.60,true,1,
4001499917349,false,פרוש נ.ניקוי רב תכליתי אקולוגי תפוזים500,ארדל רקס,,פרוש נ.ניקוי רב תכלי,מיליליטרים,500.00,"100 מ""ל",false,1,22.90,4.58,true,1,
4001507161948,false,קווקר פתיתי שיבולת שועל דקה 500 גר,פורטין מולנברקה ג'ב,,קווקר פתיתי שיבולת ש,גרמים,500.00,100 גרם,false,1,6.20,1.24,true,1,
4001507161955,false,קווקר פתיתי שיבולת שועל עבה 500 גר,פורטין מולנברקה ג'ב,,קווקר פתיתי שיבולת ש,גרמים,500.00,100 גרם,false,1,6.20,1.24,true,1,
4001518003800,false,טורינוס מקלות פריכים עם פלפל ומלח 125 גרם,ר.ב. מוצרי דגנים בעמ,,מקלות פריכים מלח ופל,גרמים,125.00,100 גרם,false,1,17.70,14.16,true,1,
4001518106112,false,טורינוס מקלות פריכים עם רוזמרין 125 גרם,ר.ב. מוצרי דגנים בעמ,,מקלות פריכים רוזמרין,גרמים,125.00,100 גרם,false,1,17.70,14.16,true,1,
4001638081863,false,"וולדה משחת שיניים לילדים, 50 מ""ל",S.L.A (DR.SAMUELOV,,משחת שיניים לילדים 5,מיליליטרים,50.00,"100 מ""ל",false,1,35.90,71.80,true,1,
4001686301524,false,הריבו גולדבירס מיני דובוני גומי 250 גרם,,DE,הריבו גולדבירס מיני,גרמים,250.00,100 גרם,false,1,16.70,6.68,true,1,
4002103311515,false,"בירה ארדינגר כהה 500 מ""ל בקבוק",,,בירה ארדינגר כהה 50,מיליליטרים,500.00,"100 מ""ל",false,1,10.90,2.18,true,1,
4002309009100,false,ממרח שוקולד 350 גר KIDDY DUO,,LT,ממרח שוקולד 350 גר K,גרמים,350.00,100 גרם,false,1,15.90,4.54,true,1,
<<<<<<< HEAD
4002590000022,false,סוכריות קלפני פירות יער אוכמניות 150 ג',ליימן מותגים,,קלפני פירות אוכמניות,גרמים,150.00,100 גרם,false,1,13.70,9.13,true,1,
=======
4002448017684,false,"סיליט באנג ספריי ניקוי כללי מסיר אבנית 750 מ""ל",רקיט בנקיזר (ניר איסט) בעמ,,סיליט באנג ספריי מסי,מיליליטרים,750.00,"100 מ""ל",false,1,13.90,1.85,true,1,
4002590000022,false,סוכריות קלפני פירות יער אוכמניות 150 ג',ליימן שליסל בע`מ,,קלפני פירות אוכמניות,גרמים,150.00,100 גרם,false,1,13.70,9.13,true,1,
>>>>>>> d048ac2f4f281c9d788043ab4e81b61b0dbe3743
4002631025830,false,"בירה קוניגסבאכר חיטה 5.1% 500 מ""ל פחית",קרלסברג יבוא יצוא,,בירה קוניגסבאכר חיטה,מיליליטרים,500.00,"100 מ""ל",false,1,6.90,1.38,true,1,
4002720004371,false,קפה אספרסו קלוי וטחון 250 גרם BELLA CREMA,דנשר (1963) בעמ,,קפה אספרסו 250 גרם B,גרמים,250.00,100 גרם,false,1,29.50,11.80,true,1,
4002720005736,false,מליטה קפה לפילטר פרימיום 250 גרם,המאפיה של הרמן,,קפה פילטר מליטה 250,גרמים,250.00,100 גרם,false,1,18.80,7.52,true,1,
4002899701118,false,קונטיננטל דובשניות מצופות שוקול חלב 500ג,,NL,קונטיננטל דובשניות מ,גרמים,500.00,100 גרם,false,1,20.90,4.18,true,1,
4003301058486,false,"יין מייבאך סוביניון בלא לבן 750 מ""ל",,,יין מייבאך סוביניון,Unknown,0.00,Unknown,false,1,56.90,56.90,true,1,
4005500310105,false,"רוטב לתיבול מאגי 202 מ""ל",נסטלה,AT,MAGGI-רוטב לתיבול 20,מיליליטרים,202.00,"100 מ""ל",false,1,20.90,10.35,true,1,
4005563160419,false,"ליקר פידג אבטיח 20% 700 מ""ל",,,ליקר פידג אבטיח 20%,מיליליטרים,700.00,"100 מ""ל",false,1,62.90,8.99,true,1,
4005563194025,false,"ליקר פידג תאנים 700 מ""ל",,,ליקר פידג תאנים 700,מיליליטרים,700.00,"100 מ""ל",false,1,62.90,8.99,true,1,
4005808366392,false,שפתון ליובש כחול קלאסי לבלו 48 גרם,טרופיקל דגיל תעשיות,,שפתון לבלו כחול,Unknown,0.00,Unknown,false,1,15.60,15.60,true,1,
4005808698103,false,ניוואה תחליב גוף סמוד לעור יבש 500 מל,בטר אנד דיפרנט,DE,קרם גוף ניוואה סמוד,מיליליטרים,500.00,"100 מ""ל",false,1,25.90,5.18,true,1,
4005900036506,false,"ניוואה - דאודורנט רול און לגבר שקוף בלק 50 מ""ל",טרופיקל דגיל תעשיות,,דאודורנט רול און לגב,גרמים,160.00,100 גרם,false,1,23.50,14.69,true,1,
4005900036568,false,ניוואה דאודורנט רולאון ספריי לאישה בלק אנד וויט 150 מ''ל,אלפא- ב.ד.ף בעמ,,דאודורנט ספריי לאשה,גרמים,130.00,100 גרם,false,1,23.50,18.08,true,1,
4005900037909,false,"ניוואה - דאודורנט ספריי לאישה אינויזיבל פיור 150 מ""ל",אלפא ב.ד.ף בעמ,,דאודורנט ספריי ניווא,מיליליטרים,150.00,"100 מ""ל",false,1,23.50,15.67,true,1,
4005900555915,false,"ניוואה - תחליב רחצה קוקוס וחוחובה 750 מ""ל",אלפא- ב.ד.ף בעמ,DE,תחליב רחצה ניוואה קו,מיליליטרים,750.00,"100 מ""ל",false,1,17.90,2.39,true,1,
4006387085407,false,שלישיית פילטר מקסטרא סודהסטרים,סודה סטרים ישראל בעמ,,פילטר מקסטרה+ שלישיי,Unknown,0.00,Unknown,false,1,139.00,139.00,true,1,
4006591330003,false,עוגת שזיפים 1.25 קילו,,DE,עוגת שזיפים 1.25 קיל,מיליליטרים,1250.00,"100 מ""ל",false,1,83.50,6.68,true,1,
<<<<<<< HEAD
4006814011108,false,שוקולד סנטה קלאוס בו,WAWI-EURO,,סנטה בודד 150 גר WAW,גרמים,150.00,100 גרם,false,1,8.90,5.93,true,1,
4007519050713,false,שקיות אשפה עם שרוך חזקות במיוחד 35 ליטר,פאלי Pely,,פלי שקיות אשפה 35 לי,Unknown,0.00,Unknown,false,1,13.50,13.50,true,1,
4007519050744,false,שקיות אשפה עם שרוך חזקות במיוחד 120 ליטר,פאלי Pely,,פלי שקיות אשפה 120,Unknown,0.00,Unknown,false,1,13.50,13.50,true,1,
4007519086248,false,פלי 20 שקיות אשפה ריחניות 35 ל,וו.פלץ,,פלי 20 שקיות אשפה רי,Unknown,0.00,Unknown,false,1,12.90,12.90,true,1,
4007745058804,false,נטורפוד מיונז אורגני 340 גרם,אף.סי תבליני בגליל ב,,מיונז אורגני 350 גרם,גרמים,350.00,100 גרם,false,1,22.90,6.54,true,1,
4007745058828,false,חרדל צרפתי גרגרים אורגני 200 גרם,נטורפוד,,חרדל צרפתי גרגרים או,גרמים,200.00,100 גרם,false,1,15.50,7.75,true,1,
4008287762020,false,בירה קרומבאכר חיטה 0.50 ליטר בקבוק,קרומבכר בראורי,DE,בירה קרומבאכר חיטה 5,מיליליטרים,500.00,"100 מ""ל",false,1,10.50,2.10,true,1,
4008400102528,false,פררו-מון שרי פרליני דובדבן ליקר 157 גר,פררו,DE,פררו-מון שרי פרליני,גרמים,157.00,100 גרם,false,1,39.90,25.41,true,1,
=======
4006591340002,false,עוגת פטל 1 קילו,,DE,עוגת פטל 1 קילו,מיליליטרים,1000.00,"100 מ""ל",false,1,83.50,8.35,true,1,
4006814011108,false,שוקולד סנטה קלאוס בו,WAWI-EURO,,סנטה בודד 150 גר WAW,גרמים,150.00,100 גרם,false,1,8.90,5.93,true,1,
4007519050744,false,שקיות אשפה עם שרוך חזקות במיוחד 120 ליטר,פאלי Pely,,פלי שקיות אשפה 120,Unknown,0.00,Unknown,false,1,13.50,13.50,true,1,
4007519086248,false,פלי 20 שקיות אשפה ריחניות 35 ל,וו.פלץ,,פלי 20 שקיות אשפה רי,Unknown,0.00,Unknown,false,1,12.90,12.90,true,1,
4007745058804,false,נטורפוד מיונז אורגני 340 גרם,אף.סי תבליני בגליל ב,,מיונז אורגני 350 גרם,גרמים,350.00,100 גרם,false,1,22.90,6.54,true,1,
4007745058828,false,חרדל צרפתי גרגרים אורגני 200 גרם,נטורפוד בעמ,,חרדל צרפתי גרגרים או,גרמים,200.00,100 גרם,false,1,15.50,7.75,true,1,
4008287762020,false,בירה קרומבאכר חיטה 0.50 ליטר בקבוק,אגודת הכורמים -כרמל מזרחי,DE,בירה קרומבאכר חיטה 5,מיליליטרים,500.00,"100 מ""ל",false,1,10.50,2.10,true,1,
>>>>>>> d048ac2f4f281c9d788043ab4e81b61b0dbe3743
4009300002314,false,הרבה תיוני תה שומר 20 יח 35 גרם,,,הרבה תיוני תה שומר 2,גרמים,35.00,100 גרם,false,1,7.90,22.57,true,1,
4009300522966,false,תה ירוק עם נענע פומפדור 20 יחידות,"איטיליאן פוד, אס.פי.",,פומפדור תה ירוק נענע,Unknown,0.00,Unknown,false,1,22.90,22.90,true,1,
4009300524588,false,חליטת צמחים פומפדור פירות יער 20 יחידות,ש. שסטוביץ בע`מ,,תה חליטת פומפדור פיר,Unknown,0.00,Unknown,false,1,18.80,18.80,true,1,
4009300524625,false,תה צ'אי מסאלה פומפדור 20 יחידות,ש.שסטוביץ בעמ,,תה צאי מסאלה 20 יח,Unknown,0.00,Unknown,false,1,16.70,16.70,true,1,
4009300525684,false,חליטת צמחים פומפדור ג'ינג'ר ולימון 20 יחידות,ש. שסטוביץ בע`מ,,תה חליטת פומפדור לימ,Unknown,0.00,Unknown,false,1,18.80,18.80,true,1,
4009300529514,false,תה חליטת פומפדור פירות אוכמניות 20 יח,ש.שסטוביץ בעמ,DE,תה חליטת פומפדור פיר,גרמים,50.00,100 גרם,false,1,18.80,37.60,true,1,
4009300529576,false,תה חליטת פומפדור פירות רימונים 20 יח,ש.שסטוביץ בעמ,,תה חליטת פומפדור פיר,Unknown,0.00,Unknown,false,1,18.80,18.80,true,1,
4009300530107,false,חליטה קרה בטעמי תות שדה ותפוז פומפדור 45 ג',ש.שסטוביץ בעמ,,פומפדור חליטה קרה תו,גרמים,45.00,100 גרם,false,1,15.90,35.33,true,1,
4009300530145,false,חליטה קרה בטעמי מוחיטו ופירות יער פומפדור 45 ג',ש. שסטוביץ בע`מ,,פומפדור חליטה קרה מו,גרמים,45.00,100 גרם,false,1,15.90,35.33,true,1,
4009309022399,false,כרוב כבוש אורגני 670 גרם,נטורפוד בעמ,,כרוב כבוש אורגני 680,גרמים,680.00,100 גרם,false,1,18.30,2.69,true,1,
4009309114346,false,מלפפונים אורגניים בחומץ ללא סוכר – נטורפוד,נטורפוד,,"מלפפונים ללת""ס אורגנ",גרמים,670.00,100 גרם,false,1,23.90,3.57,true,1,
<<<<<<< HEAD
4009309742426,false,רסק תפוח מנגו אורגני 700 גר נטורפוד,נטורפוד,,רסק תפוח מנגו אורגני,גרמים,700.00,100 גרם,false,1,18.90,2.70,true,1,
4009900402965,false,אורביט וויט בטעם פירות בקבוקון 46מלבניות,ריגלי פולין,,מסטיק אורביט WHITE ב,Unknown,0.00,Unknown,false,1,10.00,10.00,true,1,
4009900403023,false,אורביט וויט בטעם מנטה בקבוקון 46 מלבניות,"ב.א מזון בע""מ",,מסטיק אורביט WHITE ב,Unknown,0.00,Unknown,false,1,10.00,10.00,true,1,
4009900426039,false,מסטיק מנטה אקליפטוס בקבוקון איירווייבס 64 גרם,איירוויבס Airwaves,PL,מסטיק איירוויבז מנטה,גרמים,64.00,100 גרם,false,1,10.90,17.03,true,1,
4009900426121,false,מסטיק אורביט איירוויז בקבוקון אוכמניות 64ג',איירוויבס Airwaves,,מסטיק איירוויבז אוכמ,גרמים,64.00,100 גרם,false,1,10.90,17.03,true,1,
4009900455299,false,"סוכרית ג'לי אדומה 174 גרם ""סקיטלס""",ריגלי ממתקים,,סקיטלס פירות 174 גרם,גרמים,174.00,100 גרם,false,1,10.40,5.98,true,1,
4009900465304,false,סוכריות סקיטלס פירות חמוצים 174 גרם,ריגלי ממתקים,,סקיטלס פירות חמוצים,גרמים,174.00,100 גרם,false,1,10.40,5.98,true,1,
4009900479998,false,אורביט וויט אוכמניות בקבוקון 46 מלבניות,ריגלי פולין,,"מסטיק אורביט לל""ס או",Unknown,0.00,Unknown,false,1,10.00,10.00,true,1,
4009900482417,false,מסטיק אורביט פירות מנטה בקבוקון באבל מינט 45יח,ריגלי פולין,,מסטיק אורביט באבל מי,Unknown,0.00,Unknown,false,1,10.00,10.00,true,1,
4009900531122,false,"מסטיק בטעם מנטה ספירמינט, 64 ג' פרופשיונל אורפיט",מרס נדרלנד,PL,מסטיק אורביט פרופשיו,Unknown,0.00,Unknown,false,1,10.00,10.00,true,1,
4009900539340,false,סוכריות סקיטלס ג'יינט סאוור 141 גרם,מרס ריגלי קונפקשונרי,,סקיטלס גיינט סאוור 1,גרמים,141.00,100 גרם,false,1,10.40,7.38,true,1,
4009900539746,false,"מסטיק פייב באונס בטעם אבטיח בקבוקון, 61.8 גרם",ריגלי בעמ רוסיה,,מסטיק פייב באונס אבט,גרמים,62.00,100 גרם,false,1,12.20,19.68,true,1,
=======
4009900402965,false,אורביט וויט בטעם פירות בקבוקון 46מלבניות,"מרס ריגלי ישראל בע""מ",,מסטיק אורביט WHITE ב,Unknown,0.00,Unknown,false,1,10.00,10.00,true,1,
4009900403023,false,אורביט וויט בטעם מנטה בקבוקון 46 מלבניות,"מרס ריגלי ישראל בע""מ",,מסטיק אורביט WHITE ב,Unknown,0.00,Unknown,false,1,10.00,10.00,true,1,
4009900426039,false,מסטיק מנטה אקליפטוס בקבוקון איירווייבס 64 גרם,"מרס ריגלי ישראל בע""מ",PL,מסטיק איירוויבז מנטה,גרמים,64.00,100 גרם,false,1,10.90,17.03,true,1,
4009900426121,false,מסטיק אורביט איירוויז בקבוקון אוכמניות 64ג',"מרס ריגלי ישראל בע""מ",,מסטיק איירוויבז אוכמ,גרמים,64.00,100 גרם,false,1,10.90,17.03,true,1,
4009900455299,false,"סוכרית ג'לי אדומה 174 גרם ""סקיטלס""","מרס ריגלי ישראל בע""מ",,סקיטלס פירות 174 גרם,גרמים,174.00,100 גרם,false,1,10.40,5.98,true,1,
4009900465304,false,סוכריות סקיטלס פירות חמוצים 174 גרם,"מרס ריגלי ישראל בע""מ",,סקיטלס פירות חמוצים,גרמים,174.00,100 גרם,false,1,10.40,5.98,true,1,
4009900479998,false,אורביט וויט אוכמניות בקבוקון 46 מלבניות,"מרס ריגלי ישראל בע""מ",,"מסטיק אורביט לל""ס או",Unknown,0.00,Unknown,false,1,10.00,10.00,true,1,
4009900482417,false,מסטיק אורביט פירות מנטה בקבוקון באבל מינט 45יח,"מרס ריגלי ישראל בע""מ",,מסטיק אורביט באבל מי,Unknown,0.00,Unknown,false,1,10.00,10.00,true,1,
4009900531122,false,"מסטיק בטעם מנטה ספירמינט, 64 ג' פרופשיונל אורפיט","מרס ריגלי ישראל בע""מ",PL,מסטיק אורביט פרופשיו,Unknown,0.00,Unknown,false,1,10.00,10.00,true,1,
4009900539340,false,סוכריות ג`יינט פירות סקיטלס סאוור (141 ג,מרס ריגלי קונפקשונרי,,סקיטלס גיינט סאוור 1,גרמים,141.00,100 גרם,false,1,10.40,7.38,true,1,
4009900539746,false,"מסטיק פייב באונס בטעם אבטיח בקבוקון, 61.8 גרם","מרס ריגלי ישראל בע""מ",,מסטיק פייב באונס אבט,גרמים,62.00,100 גרם,false,1,12.20,19.68,true,1,
>>>>>>> d048ac2f4f281c9d788043ab4e81b61b0dbe3743
4010160000280,false,א.ב טננבלוט טננבלוט סוכריות 75 גר,הובנר - טננבלוט חורף,,א.ב טננבלוט טננבלוט,Unknown,0.00,Unknown,false,1,17.90,17.90,true,1,
4010160055716,false,טננבלוט N סירופ עם תמציות צמחים,הובנר - טננבלוט חורף,,א.ב טננבלוט - טננבלו,Unknown,0.00,Unknown,false,1,84.90,84.90,true,1,
4010160055730,false,א.ב טננבלוט - טננבלוט לגרון,הובנר - טננבלוט חורף,,א.ב טננבלוט - טננבלו,Unknown,0.00,Unknown,false,1,34.90,34.90,true,1,
4011800528416,false,קורני חטיף דגנים עם בוטנים מתוק-מלוח*6,משה סידס ובנו בעמ,DE,קורני בייס סויט & סו,גרמים,150.00,100 גרם,false,1,11.90,7.93,true,1,
4011800567613,false,מאגדת קורני מילק דרק & ואיט 120 גרם,מיוצר עי קונדיטוריית,DE,קורני מילק דארק וואי,גרמים,120.00,100 גרם,false,1,13.50,11.25,true,1,
4011800568610,false,מארז רביעיית קורני בטעם קלאסי,שוורטאוור וורקה,DE,קורני מילק קלאסיק 4,גרמים,120.00,100 גרם,false,1,13.50,11.25,true,1,
<<<<<<< HEAD
4011800577810,false,מארז חטיפי קורני פרי נוגט 120 גרם,שוורטאוור וורקה,,קורני פרי (6) נוגט 1,גרמים,120.00,100 גרם,false,1,11.90,9.92,true,1,
=======
4011800577810,false,מארז חטיפי קורני פרי נוגט 120 גרם,משה סידס ובנו בעמ,,קורני פרי (6) נוגט 1,גרמים,120.00,100 גרם,false,1,11.90,9.92,true,1,
>>>>>>> d048ac2f4f281c9d788043ab4e81b61b0dbe3743
4011800617714,false,"""קורני"" ביג שוקו בננה50 גרם",מיוצר עי קונדיטוריית,DE,קורני ביג שוקו בננה,גרמים,50.00,100 גרם,false,1,4.90,9.80,true,1,
4011800628512,false,חטיף קורני שוקולד חלב 6 יח 150 גר,מיוצר עי קונדיטוריית,DE,חטיף קורני שוקולד חל,גרמים,150.00,100 גרם,false,1,11.90,7.93,true,1,
4011800629519,false,"מארז חטיפי דגנים אגוזים ""קורני""",משה סידס ובנו בעמ,DE,קורני בייס נאטס 150,גרמים,150.00,100 גרם,false,1,11.90,7.93,true,1,
4011800630515,false,חטיף קורני שוקולד חלב ובננה 6 יח 150 גר,מיוצר עי קונדיטוריית,DE,חטיף קורני שוקולד חל,גרמים,150.00,100 גרם,false,1,11.90,7.93,true,1,
4011800633516,false,קורני שוקולד מריר מעולה 58% קקאו 6*1,משה סידס ובנו בעמ,DE,קורני בייס דרק שוקו,גרמים,138.00,100 גרם,false,1,11.90,8.62,true,1,
4011800636517,false,קורני פרי שוקולד חלב מעולה ללא סוכר 6*1,מיוצר עי קונדיטוריית,DE,קורני פרי שוקולד חלב,גרמים,120.00,100 גרם,false,1,13.50,11.25,true,1,
4013044100007,false,ליקרס אבקת אפיה אורגנית 48 גרם,ליקרס,,ליקרס אבקת אפיה אורג,גרמים,48.00,100 גרם,false,1,7.90,16.46,true,1,
4014086024245,false,בירה גרלסבורג חיטה מעוננת לא מסוננת 500,קוניגסבכר,,בירה גרלסבורג חיטה מ,מיליליטרים,500.00,"100 מ""ל",false,1,6.90,1.38,true,1,
4014303116265,false,הלורן כדורי שוקולד ממולא שרי 125 גרם,,DE,הלורן כדורי שוקולד מ,גרמים,125.00,100 גרם,false,1,10.00,8.00,true,1,
4014303119402,false,הלורן שוקולד חלב ממולא קרם קוקוס 125 גרם,,,הלורן שוקולד חלב ממו,גרמים,125.00,100 גרם,false,1,10.00,8.00,true,1,
4014400901412,false,מרסי בונבוניירה שוק`מריר 250 גר כשלפ,ליימן שליסל בע`מ,,בונבוניירה מרסי 250,גרמים,250.00,100 גרם,false,1,27.30,10.92,true,1,
4014400904376,false,סוכריות טופי בטעם שוקולד סטורק 325 גרם,קריניציה ויטמינה אס,,סוכריות שטרוק שוקולד,גרמים,325.00,100 גרם,false,1,23.90,7.35,true,1,
4014400907902,false,"וורטרס אורגינל סוכריות חמאה ללא סוכר בקופסה
<<<<<<< HEAD
42 גרם",תות ממתקי איכות,,סוכריות וורטר בוקס ל,Unknown,0.00,Unknown,false,1,8.00,8.00,true,1,
4014400910063,false,סוכריות חמאה וורטרס אורגינל 135 גרם,וורטר'ס אורגינל,,סוכריות וורטר אורגינ,גרמים,135.00,100 גרם,false,1,13.20,9.78,true,1,
4014400914696,false,וורטרס אורגינל סוכריות ללא סוכר 80 גרם,ליימן מותגים,,סוכריות חמאה וורטר א,Unknown,0.00,Unknown,false,1,8.00,8.00,true,1,
4014400920857,false,וורטר אורגינל ללא סוכר בטעם שוקולד-שקית 70 גרם,קריניציה ויטמינה אס,,סוכריות וורטר ללא ס,Unknown,0.00,Unknown,false,1,8.00,8.00,true,1,
4014400923711,false,בונבוניירה שוקולד אגוזים טופיפי 125 גרם,ליימן מותגים,,טופיפי 125 גרם,גרמים,125.00,100 גרם,false,1,12.50,10.00,true,1,
4014400925319,false,וורטרס אורגינל פופקורן קרמל 140 גרם,וורטרס Werther's,DE,וורטר פופקורן קרמל 1,גרמים,140.00,100 גרם,false,1,16.70,11.93,true,1,
4015000031394,false,"ספטיל - משחה להסרת כתמים 200 מ""ל",קריות זול,,ספטיל להסרת כתמים 20,מיליליטרים,200.00,"100 מ""ל",false,1,18.80,9.40,true,1,
=======
42 גרם",ליימן שליסל בע`מ,,סוכריות וורטר בוקס ל,Unknown,0.00,Unknown,false,1,8.00,8.00,true,1,
4014400910063,false,סוכריות חמאה וורטרס אורגינל (135 גרם),ליימן שליסל בע`מ,,סוכריות וורטר אורגינ,גרמים,135.00,100 גרם,false,1,13.20,9.78,true,1,
4014400914696,false,וורטרס אורגינל סוכריות ללא סוכר 80 גרם,ליימן שליסל בע`מ,,סוכריות חמאה וורטר א,Unknown,0.00,Unknown,false,1,8.00,8.00,true,1,
4014400920857,false,וורטר אורגינל ללא סוכר בטעם שוקולד-שקית 70 גרם,קריניציה ויטמינה אס,,סוכריות וורטר ללא ס,Unknown,0.00,Unknown,false,1,8.00,8.00,true,1,
4014400923711,false,בונבוניירה שוקולד אגוזים טופיפי 125 גרם,ליימן שליסל בע`מ,,טופיפי 125 גרם,גרמים,125.00,100 גרם,false,1,12.50,10.00,true,1,
4014400925319,false,וורטרס אורגינל פופקורן קרמל 140 גרם,ליימן שליסל בע`מ,DE,וורטר פופקורן קרמל 1,גרמים,140.00,100 גרם,false,1,16.70,11.93,true,1,
>>>>>>> d048ac2f4f281c9d788043ab4e81b61b0dbe3743
4015000280372,false,"דאודורנט רול און בניחוח לימון פה 50 מ""ל",שוורצקופף והנקל,,פה רול און שחור לגבר,מיליליטרים,50.00,"100 מ""ל",false,1,15.30,30.60,true,1,
4015000615921,false,"פה - דאודורנט ספריי לגבר ספורט 200 מ""ל",שוורצקופף והנקל,,פה ספריי שחור לגבר,מיליליטרים,200.00,"100 מ""ל",false,1,15.30,7.65,true,1,
4015000976268,false,שמפו גליס Gliss למראה שיער מבריק Million Gloss,"הובי קוסמטיק, חברת ייצור",,שמפו גליס מיליון גלו,מיליליטרים,400.00,"100 מ""ל",false,1,18.90,4.73,true,1,
4015000976275,false,מרכך גליס Gliss למראה שיער מבריק Million Gloss,שוורצקופף והנקל,,מרכך גליס מיליון גלו,מיליליטרים,400.00,"100 מ""ל",false,1,18.90,4.73,true,1,
4015100298000,false,גליס מסכה ביו-טק 2ב-1 300 מל,שוורצקופף והנקל,SK,מסכה גליס ביו טק 300,מיליליטרים,300.00,"100 מ""ל",false,1,41.00,13.67,true,1,
<<<<<<< HEAD
4015400564034,false,מגן תחתון אולוויז מגה פק לונג פלוס 58 יחידות,פרוקטר אנד גמבל,,אולדייז מגה פק לונג,Unknown,0.00,Unknown,false,1,19.90,19.90,true,1,
4015400564454,false,מגני תחתון אולוויז לארג' עם ניחוח מגה פק,פרוקטר אנד גמבל,,אולדייז מגה פק לארג,Unknown,0.00,Unknown,false,1,19.90,19.90,true,1,
4015400598329,false,תחבושות אולוויז קוואטרו נורמל פלוס 56 יחידות,פרוקטר אנד גמבל,,אולויז קוואטרו נורמל,Unknown,0.00,Unknown,false,1,36.90,36.90,true,1,
4015400598381,false,תחבושות היגייניות אולטרה לונג - מארז קוואטרו 48 יח',פרוקטר אנד גמבל,,אולויז קוואטרו לונג,Unknown,0.00,Unknown,false,1,36.90,36.90,true,1,
4015400598411,false,תחבושות היגייניות יום ולילה Day & Night - מארז 40 יח',פרוקטר אנד גמבל,,תחבושות אולוויז קווא,Unknown,0.00,Unknown,false,1,36.90,36.90,true,1,
4015400681670,false,תחבושות אולוויז וליו פק לילה בטוח 18 יחידות,פרוקטר אנד גמבל,,תחבושות אולוויז לילה,Unknown,0.00,Unknown,false,1,19.90,19.90,true,1,
4015400731719,false,תחבושות היגייניות אולוויז יום ולילה Day & Night,פרוקטר אנד גמבל,,תחבושות אולוויז כפול,Unknown,0.00,Unknown,false,1,19.90,19.90,true,1,
4015400746812,false,מגני תחתון אולוויז נורמל עם ניחוח מגה פק,פרוקטר אנד גמבל,,מגן תחתון נורמל,Unknown,0.00,Unknown,false,1,19.90,19.90,true,1,
4015400755241,false,תחבושות היגייניות אולוויז אולטרה נורמל - 28 יח',פרוקטר אנד גמבל,,תחבושות אולוויז וליו,Unknown,0.00,Unknown,false,1,19.90,19.90,true,1,
4015400755487,false,תחבושות היגייניות אולוויז אולטרה לונג - 24 יח',פרוקטר אנד גמבל,,תחבושות אולוויז וליו,Unknown,0.00,Unknown,false,1,19.90,19.90,true,1,
4015400990543,false,"אבקת כביסה קולור 8 ק""ג אריאל",פרוקטור אנד גמבל,,אבקת כביסה קולור ארי,קילוגרמים,0.01,"ק""ג",false,1,82.50,8250.00,true,1,
4015600762742,false,שמפו יומיומי למניעת קשקשים הנוסחה הקלאסית,פרוקטר אנד גמבל,,הד&שולדרס שמפו 500 מ,מיליליטרים,500.00,"100 מ""ל",false,1,15.90,3.18,true,1,
4015600762780,false,שמפו וקונדישינר יומיומי למניעת קשקשים הנוסחה הקלאסית 2in1,פרוקטר אנד גמבל,,הד&שולדרס 2 ב 1 500,מיליליטרים,500.00,"100 מ""ל",false,1,15.90,3.18,true,1,
4015600763022,false,שמפו יומיומי למניעת קשקשים לשיער יבש/פגום לשיער רך כמשי,פרוקטר אנד גמבל,,הד&שולדרס שמפו 500 מ,מיליליטרים,500.00,"100 מ""ל",false,1,15.90,3.18,true,1,
4015600807436,false,"ג'ילט - דאודורנט ג'ל לגבר כדוריות קול וויב 75 מ""ל",פרוקטר אנד גמבל,,דאו גילט גל לגבר 75,מיליליטרים,75.00,"100 מ""ל",false,1,22.90,30.53,true,1,
4015600807573,false,"ג'ילט - דאודורנט ג'ל לגבר כדוריות פאוור ראש 75 מ""ל",פרוקטר אנד גמבל,,דאו גילט גל לגבר פאו,מיליליטרים,75.00,"100 מ""ל",false,1,22.90,30.53,true,1,
=======
4015400564034,false,מגן תחתון אולוויז מגה פק לונג פלוס 58 יחידות,דיפלומט מפיצים (1986) בע`מ,,אולדייז מגה פק לונג,Unknown,0.00,Unknown,false,1,19.90,19.90,true,1,
4015400564454,false,מגני תחתון אולוויז לארג' עם ניחוח מגה פק,דיפלומט מפיצים (1986) בע`מ,,אולדייז מגה פק לארג,Unknown,0.00,Unknown,false,1,19.90,19.90,true,1,
4015400598329,false,תחבושות אולוויז קוואטרו נורמל פלוס 56 יחידות,דיפלומט מפיצים (1968) בעמ,,אולויז קוואטרו נורמל,Unknown,0.00,Unknown,false,1,36.90,36.90,true,1,
4015400598381,false,תחבושות היגייניות אולטרה לונג - מארז קוואטרו 48 יח',דיפלומט מפיצים (1968) בעמ,,אולויז קוואטרו לונג,Unknown,0.00,Unknown,false,1,36.90,36.90,true,1,
4015400598411,false,תחבושות היגייניות יום ולילה Day & Night - מארז 40 יח',דיפלומט מפיצים (1968) בעמ,,תחבושות אולוויז קווא,Unknown,0.00,Unknown,false,1,36.90,36.90,true,1,
4015400681670,false,תחבושות אולוויז וליו פק לילה בטוח 18 יחידות,דיפלומט מפיצים (1986) בע`מ,,תחבושות אולוויז לילה,Unknown,0.00,Unknown,false,1,19.90,19.90,true,1,
4015400731719,false,תחבושות היגייניות אולוויז יום ולילה Day & Night,דיפלומט מפיצים (1986) בע`מ,,תחבושות אולוויז כפול,Unknown,0.00,Unknown,false,1,19.90,19.90,true,1,
4015400746812,false,מגני תחתון אולוויז נורמל עם ניחוח מגה פק,דיפלומט מפיצים (1986) בע`מ,,מגן תחתון נורמל,Unknown,0.00,Unknown,false,1,19.90,19.90,true,1,
4015400755241,false,תחבושות היגייניות אולוויז אולטרה נורמל - 28 יח',דיפלומט מפיצים (1986) בע`מ,,תחבושות אולוויז וליו,Unknown,0.00,Unknown,false,1,19.90,19.90,true,1,
4015400755487,false,תחבושות היגייניות אולוויז אולטרה לונג - 24 יח',דיפלומט מפיצים (1986) בע`מ,,תחבושות אולוויז וליו,Unknown,0.00,Unknown,false,1,19.90,19.90,true,1,
4015400990543,false,"אבקת כביסה קולור 8 ק""ג אריאל",דיפלומט מפיצים (1968) בעמ,,אבקת כביסה קולור ארי,קילוגרמים,0.01,"ק""ג",false,1,82.50,8250.00,true,1,
4015600762742,false,שמפו יומיומי למניעת קשקשים הנוסחה הקלאסית,דיפלומט מפיצים (1986) בע`מ,,הד&שולדרס שמפו 500 מ,מיליליטרים,500.00,"100 מ""ל",false,1,15.90,3.18,true,1,
4015600762780,false,שמפו וקונדישינר יומיומי למניעת קשקשים הנוסחה הקלאסית 2in1,דיפלומט מפיצים (1986) בע`מ,,הד&שולדרס 2 ב 1 500,מיליליטרים,500.00,"100 מ""ל",false,1,15.90,3.18,true,1,
4015600762940,false,שמפו יומיומי למניעת קשקשים בניחוח תפוח,דיפלומט מפיצים (1986) בע`מ,,הד&שולדרס שמפו 500 מ,מיליליטרים,500.00,"100 מ""ל",false,1,15.90,3.18,true,1,
4015600763022,false,שמפו יומיומי למניעת קשקשים לשיער יבש/פגום לשיער רך כמשי,דיפלומט מפיצים (1986) בע`מ,,הד&שולדרס שמפו 500 מ,מיליליטרים,500.00,"100 מ""ל",false,1,15.90,3.18,true,1,
4015600807436,false,"ג'ילט - דאודורנט ג'ל לגבר כדוריות קול וויב 75 מ""ל",פארמה דיל (פ.א.ב.) שיווק והפצה,,דאו גילט גל לגבר 75,מיליליטרים,75.00,"100 מ""ל",false,1,22.90,30.53,true,1,
4015600807573,false,"ג'ילט - דאודורנט ג'ל לגבר כדוריות פאוור ראש 75 מ""ל",פארמה דיל (פ.א.ב.) שיווק והפצה,,דאו גילט גל לגבר פאו,מיליליטרים,75.00,"100 מ""ל",false,1,22.90,30.53,true,1,
>>>>>>> d048ac2f4f281c9d788043ab4e81b61b0dbe3743
4017100198151,false,בלזן היט ביסקוויט עם מלית קרם בטעם וניל (41%) 220 גרם,הדקלאים אגודת שיתופי,,ביסקוויט ממולא קרם ו,גרמים,220.00,100 גרם,false,1,10.40,4.73,true,1,
4017100219900,false,בלזן וופלטן וופל מגולגל מצופה שוקולד חלב 100 גרם,הדקלאים אגודת שיתופי,,וופלטן גליליות וופל,גרמים,100.00,100 גרם,false,1,15.60,15.60,true,1,
4017100290008,false,בלזן בסקויט חמאה מצופה שוקולד חלב 125 גרם,הדקלאים אגודת שיתופי,,ביסקוויט ליבניץ שוקו,גרמים,125.00,100 גרם,false,1,15.60,12.48,true,1,
4017100291005,false,בלזן לייבניז בסקויט חמאה מצופה שוקולד מריר 125 גרם,הדקלאים אגודת שיתופי,,בלזן ביסקוויט מצופה,גרמים,125.00,100 גרם,false,1,15.60,12.48,true,1,
4017100364112,false,בלזן היט בסקוויט סנדביץ עם מלית קרם בטעם שוקולד קקאו (41%) 220 גרם,הדקלאים אגודת שיתופי,,ביסקוויט ממולא קרם ש,גרמים,220.00,100 גרם,false,1,10.40,4.73,true,1,
4018344564665,false,פילה הרינג ברוטב באלקני לארסן 200 גר,,,פילה הרינג ברוטב באל,גרמים,200.00,100 גרם,false,1,10.90,5.45,true,1,
4018722102656,false,ספגטי כוסמין אורגני 500 גרם,נטורפוד בעמ,,ספגטי כוסמין אורגני,גרמים,500.00,100 גרם,false,1,16.90,3.38,true,1,
4018722344308,false,פפרדלה כוסמין אורגני אלב גולד 500 גרם,אלב גולד,DE,פפרדלה כוסמין אורגני,גרמים,500.00,100 גרם,false,1,20.90,4.18,true,1,
4019400440657,false,הלורן דפדפי שוקולד מנטה 200 גר,,,שוקולד במילוי מנטה 2,גרמים,200.00,100 גרם,false,1,16.90,8.45,true,1,
4022025000137,false,יין בלו נאן גוורצטרמינר 750 מל,,,יין בלו נאן גוורצטרמ,Unknown,0.00,Unknown,false,1,46.90,46.90,true,1,
<<<<<<< HEAD
4025700001962,false,מילקה טבלה 100 גר' לבן 1/22 (4248023),פי אר ג'יי אס סי מונ,,שוקולד לבן מילקה 100,גרמים,100.00,100 גרם,false,1,6.90,6.90,true,1,
=======
4022025379035,false,"בלו נאן רוזה מבעבע 750 מ""ל",בלו נאן,,בלו נאן רוזה מבעבע 7,Unknown,0.00,Unknown,false,1,51.90,51.90,true,1,
4025700001962,false,מילקה טבלה 100 גר' לבן 1/22 (4248023),דיפלומט מפיצים (1968) בעמ**,,שוקולד לבן מילקה 100,גרמים,100.00,100 גרם,false,1,6.90,6.90,true,1,
>>>>>>> d048ac2f4f281c9d788043ab4e81b61b0dbe3743
4044889004106,false,ויואני-שוקולד אורגני מריר 100% 100 גר,,,ויואני-שוקולד אורגני,גרמים,80.00,100 גרם,false,1,21.90,27.38,true,1,
4052197000369,false,שישיית בירה בנדיקטינר חיטה 330 מל*6,בנדיקטינר וויצבראו,,שישיית בירה בנדיקטינ,מיליליטרים,1980.00,"100 מ""ל",false,1,47.90,2.42,true,1,
4053700292455,false,ויט רצועות שעווה מוכנות להסרת שיער לעור רגיל 12 יחידות,רקיט בנקיזר (ניר איסט) בעמ,,VEET רצועות שעווה קר,Unknown,0.00,Unknown,false,1,41.90,41.90,true,1,
4061445096726,false,קפה דוידוף מגורען 100 גר RICH AROMA,"טשיבו, אספי.זד.או.או",CO,קפה דווידוף ריץ ארומ,גרמים,100.00,100 גרם,false,1,19.90,19.90,true,1,
<<<<<<< HEAD
4066600601920,false,פאולנר ביתר חיטה מעוננת 500 מל,פאולנר Paulaner,DE,"בירה פאולנר 500 מ""ל",מיליליטרים,500.00,"100 מ""ל",false,1,11.90,2.38,true,1,
4066600612049,false,"בירה פאולנר אורטובר פאסט 500 מ""ל בקובק",מבשלת פאולנר,,בירה פאולנר אורטובר,מיליליטרים,500.00,"100 מ""ל",false,1,11.30,2.26,true,1,
4066600999614,false,"בירה פאולנר, בירת חיטה מעוננת, בקבוק 500 מ""ל",מבשלת פאולנר,,בירה פאולנר חיטה 500,מיליליטרים,500.00,"100 מ""ל",false,1,10.90,2.18,true,1,
4067600001123,false,פילה הרינג מעושן בשמן לארסן 190 גר,,,פילה הרינג מעושן בשמ,גרמים,190.00,100 גרם,false,1,12.90,6.79,true,1,
4072700003649,false,"פרנזיסקאנר בירה מעוננת 500 מ""ל","איי, בי, אינבוו",,בירה פרנסיסקאנר בהיר,מיליליטרים,500.00,"100 מ""ל",false,1,12.90,2.58,true,1,
4084500065536,false,פנטן קרם לחות מוגברת לעיצוב שיער 300 מל,פרוקטר אנד גמבל,,קרם לחות פנטן מוגברת,מיליליטרים,300.00,"100 מ""ל",false,1,21.90,7.30,true,1,
4084500065598,false,"קרם לחות פנטן לתלתלים מושלמים 300 מ""ל",פרוקטר אנד גמבל,,קרם לחות פנטן לתלתלי,מיליליטרים,300.00,"100 מ""ל",false,1,21.90,7.30,true,1,
4084500081314,false,משחת שיניים פרו אקספרט לניקוי עמוק בטעם מנטה,פרוקטר אנד גמבל,DE,משחת שיניים אורל בי,מיליליטרים,75.00,"100 מ""ל",false,1,15.30,20.40,true,1,
4084500088917,false,"נוזל כלים פיירי לימון 650 מ""ל בד""צ",פרוקטר אנד גמבל,,נוזל כלים פיירי לימו,מיליליטרים,650.00,"100 מ""ל",false,1,8.90,1.37,true,1,
4084500149526,false,טייד גל כביסה 2.48 ליטר אלפים רענן,פרוקטר אנד גמבל,,גל כביסה טייד 2.48 ל,ליטרים,0.00,ליטר,false,1,25.90,25.90,true,1,
4084500853836,false,"נוזל כלים פיירי ורדים ומשי 515 מ""ל בד""צ",פרוקטר אנד גמבל,GB,נוזל כלים פיירי ורדי,מיליליטרים,515.00,"100 מ""ל",false,1,10.90,2.12,true,1,
4100130937163,false,בירה בקס שישייה 6*275 מל,"איי, בי, אינבוו",,בירה בקס שישייה 6*27,ליטרים,0.00,ליטר,false,1,25.90,25.90,true,1,
=======
4062400543125,false,"טקילה סיירה זהב רפוסדו 700 מ""ל",מזקקת סיארה אונידס,,טקילה סיירה רפוסאדו,מיליליטרים,700.00,"100 מ""ל",false,1,89.90,12.84,true,1,
4066600601920,false,פאולנר ביתר חיטה מעוננת 500 מל,טמפו משקאות בע`מ,DE,"בירה פאולנר 500 מ""ל",מיליליטרים,500.00,"100 מ""ל",false,1,11.90,2.38,true,1,
4066600612049,false,"בירה פאולנר אורטובר פאסט 500 מ""ל בקובק",טמפו משקאות בע`מ,,בירה פאולנר אורטובר,מיליליטרים,500.00,"100 מ""ל",false,1,11.30,2.26,true,1,
4066600999614,false,"בירה פאולנר, בירת חיטה מעוננת, בקבוק 500 מ""ל",טמפו משקאות בע`מ,,בירה פאולנר חיטה 500,מיליליטרים,500.00,"100 מ""ל",false,1,10.90,2.18,true,1,
4067600001123,false,פילה הרינג מעושן בשמן לארסן 190 גר,,,פילה הרינג מעושן בשמ,גרמים,190.00,100 גרם,false,1,12.90,6.79,true,1,
4072700003649,false,בירה פרנסיסקאנר בהירה בקבוק 500 מל,הכרם - משקאות חריפים בעמ,,בירה פרנסיסקאנר בהיר,מיליליטרים,500.00,"100 מ""ל",false,1,12.90,2.58,true,1,
4084500065536,false,פנטן קרם לחות מוגברת לעיצוב שיער 300 מל,דיפלומט מפיצים (1968) בעמ,,קרם לחות פנטן מוגברת,מיליליטרים,300.00,"100 מ""ל",false,1,21.90,7.30,true,1,
4084500065598,false,"קרם לחות פנטן לתלתלים מושלמים 300 מ""ל",דיפלומט מפיצים (1968) בעמ,,קרם לחות פנטן לתלתלי,מיליליטרים,300.00,"100 מ""ל",false,1,21.90,7.30,true,1,
4084500081314,false,משחת שיניים פרו אקספרט לניקוי עמוק בטעם מנטה,דיפלומט מפיצים (1968) בעמ,DE,משחת שיניים אורל בי,מיליליטרים,75.00,"100 מ""ל",false,1,15.30,20.40,true,1,
4084500088917,false,נוזל לניקוי כלים לימון פיירי (650 מל),דיפלומט מפיצים (1986) בע`מ,,נוזל כלים פיירי לימו,מיליליטרים,650.00,"100 מ""ל",false,1,8.90,1.37,true,1,
4084500149526,false,טייד גל כביסה 2.48 ליטר אלפים רענן,דיפלומט מפיצים (1986) בע`מ,,גל כביסה טייד 2.48 ל,ליטרים,0.00,ליטר,false,1,25.90,25.90,true,1,
4084500853553,false,פיירי נוזל כלים קלאסי אורגינל 650 מל,דיפלומט מפיצים (1986) בע`מ,,נוזל כלים פיירי אורג,מיליליטרים,650.00,"100 מ""ל",false,1,8.90,1.37,true,1,
4084500853836,false,"נוזל כלים פיירי ורדים ומשי 515 מ""ל בד""צ",דיפלומט מפיצים (1986) בע`מ,GB,נוזל כלים פיירי ורדי,מיליליטרים,515.00,"100 מ""ל",false,1,10.90,2.12,true,1,
4100130937163,false,בירה בקס שישייה 6*275 מל,הכרם -משקאות חריפים בע`מ,,בירה בקס שישייה 6*27,ליטרים,0.00,ליטר,false,1,25.90,25.90,true,1,
4101540773723,false,עוגת שטולן 450 גר,,DE,עוגת שטולן 450 גר,גרמים,450.00,100 גרם,false,1,28.90,6.42,true,1,
>>>>>>> d048ac2f4f281c9d788043ab4e81b61b0dbe3743
4101940426823,false,בירה אפוסטל בראון חז,,,"בירה 500 מ""ל 7.9% AP",מיליליטרים,500.00,"100 מ""ל",false,1,7.90,1.58,true,1,
4102430003418,false,בירה ביטבורגר פחית מארז רביעיה 4*500 מ,מבשלת ביטבורגר,DE,בירה ביטבורגר פחית,מיליליטרים,2000.00,"100 מ""ל",false,1,30.90,1.55,true,1,
4102430310615,false,"שישיית בירה ביטבורגר דרייב 6*330 מ""ל",,,שישיית בירה ביטבורגר,מיליליטרים,1980.00,"100 מ""ל",false,1,46.90,2.37,true,1,
4105120623941,false,"בירה ויינשטפן בק' ח""פ 500 מ""ל",החברה המרכזית להפצת משקאות בעמ,,בירה ויינשטפן 500 מ,מיליליטרים,330.00,"100 מ""ל",false,1,11.90,3.61,true,1,
4105120624412,false,"ויינשטפן ויטוס בק`ח""פ 500 מ""ל",החברה המרכזית להפצת משקאות בעמ,IL,בירה ויינשטפן ויטוס,מיליליטרים,500.00,"100 מ""ל",false,1,11.90,2.38,true,1,
4250231136337,false,הלורן-שוקולד במילוי קרם מנטה 100 גר,,,הלורן-שוקולד במילוי,גרמים,100.00,100 גרם,false,1,3.90,3.90,true,1,
4250231139994,false,הלורן-רויאל טינס דפדפי דומדמניות 200 גרם,,,הלורן-רויאל טינס דפד,גרמים,200.00,100 גרם,false,1,15.90,7.95,true,1,
4260334140049,false,שוקולד גנדויה טבעוני עם אגוזי לוז 65 גר,וגו גוד,,שוקולד גנדויה טבעוני,גרמים,65.00,100 גרם,false,1,12.90,19.85,true,1,
4333465053769,false,יין פרנאווי-סוביניון בלאן ניו זילנד 750,,,יין פרנאווי-סוביניון,Unknown,0.00,Unknown,false,1,79.90,79.90,true,1,
4600300080014,false,חטיף שוקולד אליונקה עם ריבת חלב 48 גר,קרסניי אוקטברי,,חטיף שוקולד אליונקה,גרמים,48.00,100 גרם,false,1,3.30,6.88,true,1,
4600495522320,false,קינוח סופלה תות בשוקולד 232 גר BONJOUR,,RU,קינוח סופלה תות בשוק,גרמים,232.00,100 גרם,false,0,8.50,3.66,true,1,
4600528347289,false,מיונז ריאבה פרוואנסל 200 גרם,,,מיונז ריאבה פרוואנסל,גרמים,200.00,100 גרם,false,1,6.90,3.45,true,1,
4600823030091,false,שוקולד בטונציק 50 גרם ממולה קרם,בבייבסקי,,שוקולד בטונציק 50 גר,גרמים,50.00,100 גרם,false,1,3.90,7.80,true,1,
4600823122017,false,שוקולד בביבסקי עלית 100 גר,בבייבסקי,,שוקולד בביבסקי עלית,גרמים,100.00,100 גרם,false,1,8.90,8.90,true,1,
4600851014537,false,"מיונז פרובנסל קלאסיק 67% דויפק 400 מ""ל",סולנצ'ניי פרודוקטי,RU,מיונז פרובנסל קלאסיק,מיליליטרים,400.00,"100 מ""ל",false,1,9.90,2.48,true,1,
4601021049342,false,וופלים ארטק 200 גר,,,וופלים ארטק 200 גר,גרמים,200.00,100 גרם,false,1,7.90,3.95,true,1,
4601021050225,false,דובשנית קורובקה עם חלב מרוכז מבושל 300 ג,,,דובשנית קורובקה עם ח,גרמים,300.00,100 גרם,false,1,9.90,3.30,true,1,
4601576004032,false,מיונז מצטה חוזייקי זיתים רוטב לסלט 876 ג,OAO ZHIROVOY KOMBINA,,רוטב תיבול בטעם זיתי,מיליליטרים,900.00,"100 מ""ל",false,1,23.90,2.66,true,1,
4601576004100,false,מיונז מצטה חוזייקי קלאסי רוטב לסלט 873 ג,OAO ZHIROVOY KOMBINA,,רוטב תיבול פרובנסל ק,מיליליטרים,900.00,"100 מ""ל",false,1,23.90,2.66,true,1,
4601780002565,false,קמח מקפה חיטה 2 קג,MAKFA,,"קמח מאקפה 2 ק""ג",קילוגרמים,0.00,"ק""ג",false,1,18.90,18.90,true,1,
4601780002572,false,"קמח מקפה 1 ק""ג",מקפה,,"קמח מקפה 1 ק""ג",גרמים,1000.00,100 גרם,false,1,9.90,0.99,true,1,
4601780006211,false,סולת מאקפה 700 גר,דולינה טרייד בעמ,,סולת מאקפה 700 גר,גרמים,700.00,100 גרם,false,1,13.50,1.93,true,1,
4601780010003,false,כוסמת 5*80 גר מאקפה,מקפה,,כוסמת 5*80 גר מאקפה,גרמים,400.00,100 גרם,false,1,10.80,2.70,true,1,
4602009299773,false,ממתקים מוקצפים וניל מצופה שוקולד 450 גר,נבסקי קונדיטר,,ממתקים מוקצפים וניל,גרמים,450.00,100 גרם,false,1,16.50,3.67,true,1,
4603566921954,false,תבלין מלח 12 ירקות 400 גר,אגרואימפורט,,תבלין מלח 12 ירקות 4,גרמים,400.00,100 גרם,false,1,12.90,3.23,true,1,
4603955001830,false,שוקולד רוסקיי פוריסטי עלית 100 גר,רוסקיי שוקולד,,שוקולד רוסקיי פוריסט,גרמים,100.00,100 גרם,false,1,7.90,7.90,true,1,
<<<<<<< HEAD
4604248003081,false,רוטב בטעם מיונז עם בית שליו מחייב 380 גרם,אסן פרודקשן,,רוטב בטעם מיונז מאחי,גרמים,380.00,100 גרם,false,1,11.90,3.13,true,1,
=======
4604248000554,false,מיונז מאחייב פרובנסל 50.5% 800 גרם,דולינה טרייד בעמ,,רוטב בטעם מיונז מאחי,גרמים,800.00,100 גרם,false,1,19.90,2.49,true,1,
4604248003081,false,רוטב בטעם מיונז עם בית שליו מחייב 380 גרם,דולינה טרייד בעמ,,רוטב בטעם מיונז מאחי,גרמים,380.00,100 גרם,false,1,11.90,3.13,true,1,
>>>>>>> d048ac2f4f281c9d788043ab4e81b61b0dbe3743
4604248004316,false,ריבה אוכמניות מאחייב 300 גרם,אסן פרודקשן,,ריבה אוכמניות מאחייב,גרמים,300.00,100 גרם,false,1,12.50,4.17,true,1,
4604248007805,false,ריבת מישמש 300 גרם,,,ריבת מישמש 300 גרם,גרמים,300.00,100 גרם,false,1,12.50,4.17,true,1,
4604248008635,false,ריבת מאחייב אוכמניות בזכוכית 400 גר,אסן פרודקשן,,ריבת מאחייב אוכמניו,גרמים,400.00,100 גרם,false,1,22.90,5.73,true,1,
4604248014667,false,תערובת תבליני לעוף טעם חרדל 500 גר מחייב,Maheev,,תערובת תבליני לעוף,גרמים,500.00,100 גרם,false,1,8.90,1.78,true,1,
4604248018269,false,רוטב קיסר 200 גרם,,,רוטב קיסר 200 גרם,גרמים,200.00,100 גרם,false,1,7.90,3.95,true,1,
4605246003523,false,תה גרינפילד שחור גולדן צילוני 25 שקי 50 גר,גרינפילד Greenfield,RU,תה גרינפילד שחור גול,גרמים,50.00,100 גרם,false,1,12.50,25.00,true,1,
4605246003585,false,תה גרינפילד ירוק סיני 25 שקי 50 גר,גרינפילד Greenfield,RU,תה גרינפילד ירוק סינ,גרמים,50.00,100 גרם,false,1,12.50,25.00,true,1,
4605246004261,false,תה גרינפלד בתפזורת 100 גר Grey Fantasy,,RU,תה גרינפלד בתפזורת 1,גרמים,100.00,100 גרם,false,1,11.90,11.90,true,1,
4605246004322,false,חליטה תה גרינפילד ריץי קמומיל 25 שקי,גרינפילד Greenfield,RU,חליטה תה גרינפילד רי,גרמים,38.00,100 גרם,false,1,12.50,32.89,true,1,
4605246004353,false,תה גרינפילד ירוק נענע ומליסה 25 שקי 37.5 גר,גרינפילד Greenfield,RU,תה גרינפילד ירוק נענ,גרמים,38.00,100 גרם,false,1,12.50,32.89,true,1,
4605246005817,false,תה גרינפילד גולדן ציילון 100 שקי 200 גר,אורימי,,תה גרינפילד גולדן צי,גרמים,100.00,100 גרם,false,1,33.90,33.90,true,1,
4605246006456,false,תה טס ארל גריי 25 שקיקים,,,תה טס ארל גריי 25 שק,Unknown,0.00,Unknown,false,1,12.90,12.90,true,1,
4605246007729,false,קפה קלוי שחור לפינזאן גוקיי 100 גר,,,קפה קלוי שחור לפינזא,גרמים,100.00,100 גרם,false,1,9.90,9.90,true,1,
4605246007842,false,תה טאס פורסט דרים 20 שקיות 1.8 גר,,,תה טאס פורסט דרים 20,Unknown,0.00,Unknown,false,1,14.90,14.90,true,1,
4605246007897,false,תה שלור טס סאמר טיים 20 שקיקים,,RU,תה שלור טס סאמר טיים,גרמים,36.00,100 גרם,false,1,14.90,41.39,true,1,
4605246015267,false,תה שחור טס שוקולד קיס 20 שקיקים,,,תה שחור טס שוקולד קי,גרמים,36.00,100 גרם,false,1,14.90,41.39,true,1,
4605362008716,false,גרעינים שחורים 300 גר בבקיני,או או או יקה.דה.וא.ק,,גרעינים שחורים 300 ג,גרמים,300.00,100 גרם,false,1,13.50,4.50,true,1,
4605504512378,false,עוגיות שמנת 200 גר סורמובסקויה,סורמובסקי,,עוגיות שמנת 200 גר ס,גרמים,200.00,100 גרם,false,1,5.90,2.95,true,1,
4605504512620,false,עוגיות ריבת חלב 200 גר סורמובסקויה,סורמובסקי,,עוגיות ריבת חלב 200,גרמים,200.00,100 גרם,false,1,5.90,2.95,true,1,
<<<<<<< HEAD
4605561010305,false,"חתיכות פילה הרינג עם שמיר בשמן 17.6 אונקיה, 500 גרם",LTD BREMOR SANTA SD,RU,חתיכות פילה הרינג,גרמים,500.00,100 גרם,false,1,30.50,6.10,true,1,
4605561010329,false,חתיכות פילה הרינג מעושן בשמן 500 גרם,,RU,חתיכות פילה הרינג,גרמים,500.00,100 גרם,false,1,30.50,6.10,true,1,
4605561011975,false,חתיכות פילה דג הרינג בשמן מצונן 150 גרם,LTD BREMOR SANTA SD,,חתיכות פילה הרינג בש,גרמים,200.00,100 גרם,false,1,8.30,4.15,true,1,
4605561013009,false,פילה דג הרינג בשמן 400 גרם,LTD BREMOR SANTA SD,,פילה הרינג בשמן 400,גרמים,400.00,100 גרם,false,1,17.70,4.43,true,1,
=======
4605516014617,false,זפיר סלדקיי איסטוריי אוכמניות בשוקו 180,וורונז',,זפיר סלדקיי איסטוריי,גרמים,180.00,100 גרם,false,1,16.90,9.39,true,1,
4605561010305,false,"חתיכות פילה הרינג עם שמיר בשמן 17.6 אונקיה, 500 גרם",דילר בי.אמ.די פורמולה בעמ,RU,חתיכות פילה הרינג,גרמים,500.00,100 גרם,false,1,30.50,6.10,true,1,
4605561010329,false,חתיכות פילה הרינג מעושן בשמן 500 גרם,,RU,חתיכות פילה הרינג,גרמים,500.00,100 גרם,false,1,30.50,6.10,true,1,
4605561011975,false,חתיכות פילה דג הרינג בשמן מצונן 150 גרם,דילר בי.אם.די. פורמולה בעמ,,חתיכות פילה הרינג בש,גרמים,200.00,100 גרם,false,1,8.30,4.15,true,1,
4605561013009,false,פילה דג הרינג בשמן 400 גרם,דילר בי.אם.די. פורמולה בעמ,,פילה הרינג בשמן 400,גרמים,400.00,100 גרם,false,1,17.70,4.43,true,1,
4605622010237,false,"בירה סטארי מלניק 4.2% בבקבוק 450 מ""ל",אפיס ברברי,RU,בירה סטארי מלניק 4.3,מיליליטרים,450.00,"100 מ""ל",false,1,10.90,2.42,true,1,
>>>>>>> d048ac2f4f281c9d788043ab4e81b61b0dbe3743
4605627003128,false,מעדן פרוטיס אננס מלון פטל 115ג',,,פרוטיס אננס/מלון/פטל,מיליליטרים,115.00,"100 מ""ל",false,1,5.50,4.78,true,1,
4605627007409,false,מעדן פרוטיס אגס וניל דובד פלומביר 115ג',,,פרוטיס אגס/וניל/דובד,מיליליטרים,115.00,"100 מ""ל",false,1,5.50,4.78,true,1,
4606260000192,false,תערובת לתיבול פלוב ר,,RU,תערובת לתיבול פלוב ר,Unknown,0.00,Unknown,false,1,2.90,2.90,true,1,
4606260005326,false,ויטקס עלי דפנה 50 גרם,ויטקס,,ויטקס עלי דפנה 50 גר,גרמים,50.00,100 גרם,false,1,10.30,20.60,true,1,
4606598001359,false,תבלין לעוף מגיה ווסטוקה 15 גרם,PROFAGROTECHNIKA,,תבלין לעוף מגיה ווסט,Unknown,0.00,Unknown,false,1,2.90,2.90,true,1,
4606598001434,false,תבלין לבשר טחון מגיה ווסטוקה 15 גרם,PROFAGROTECHNIKA,,תבלין לבשר טחון מגיה,Unknown,0.00,Unknown,false,1,2.90,2.90,true,1,
4606598001731,false,תבלין לגריל מגיה ווסטוקה 15 גרם,PROFAGROTECHNIKA,RU,תבלין לגריל מגיה ווס,Unknown,0.00,Unknown,false,1,2.90,2.90,true,1,
4606598007559,false,תבלין ציפורן שלם מגיה ווסטוקה 10 גר,PROFAGROTECHNIKA,,תבלין ציפורן שלם מגי,Unknown,0.00,Unknown,false,1,2.90,2.90,true,1,
4606598007658,false,תבלין פלפל רייחני טחון מגיה ווסטוקה 15 ג,PROFAGROTECHNIKA,RU,תבלין פלפל רייחני טח,Unknown,0.00,Unknown,false,1,2.90,2.90,true,1,
4607001415442,false,עוגה אישית ארנבון במילוי שוקולד 150 גר,רמנסקי,,עוגה אישית ארנבון במ,גרמים,150.00,100 גרם,false,1,10.70,7.13,true,1,
4607002990290,false,מלפפונים מוחמצים 680 גר D. Vanya,רוסקויי פולה אלבאשי,,מלפפונים מוחמצים 680,גרמים,680.00,100 גרם,false,1,13.90,2.04,true,1,
4607002990474,false,עגבניות מוחמצות דיאדיה וניה 680 גר,רוסקויי פולה אלבאשי,,עגבניות מוחמצות דיאד,גרמים,680.00,100 גרם,false,1,13.90,2.04,true,1,
4607002991235,false,אסורטי עגבניות ומלפפונים 1.8ל דאדיה וניה,,RU,אסורטי עגבניות ומלפפ,ליטרים,0.00,ליטר,false,1,29.90,29.90,true,1,
4607002995943,false,ממרח קישואים קלויים דיאדיה וניה 460 גר,דדיה ואניה,RU,ממרח קישואים קלויים,גרמים,460.00,100 גרם,false,1,11.90,2.59,true,1,
4607002997633,false,אגיקה פיקנטי ביתי דיאדיה וניה 460 גרם,,,אגיקה פיקנטי ביתי די,גרמים,460.00,100 גרם,false,1,11.90,2.59,true,1,
4607002999187,false,קורנישונים צרפתי דיאדיה וניה 680 גרם,,RU,קורנישונים צרפתי דיא,גרמים,680.00,100 גרם,false,1,13.90,2.04,true,1,
4607012350992,false,גרעיני חמניות מרטין 100 גרם,Martin,,גרעיני חמניות מרטין,גרמים,100.00,100 גרם,false,1,7.90,7.90,true,1,
4607012351005,false,גרעיני חמניות מרטין ללא מלח 200 גרם,"נארז ע""י : א.ג. גילר",,גרעיני חמניות מרטין,גרמים,200.00,100 גרם,false,1,12.90,6.45,true,1,
4607012351999,false,גרעיני חמניות מרטין עם מלח 200 גרם,"נארז ע""י : א.ג. גילר",,גרעיני חמניות מרטין,גרמים,200.00,100 גרם,false,1,12.90,6.45,true,1,
4607014782111,false,שמן חמניות לא מזוכך בלגו 1 ל,קליסה,,שמן חמניות לא מזוכך,מיליליטרים,1000.00,"100 מ""ל",false,1,21.90,2.19,true,1,
4607014788014,false,שמן קנולה 1 ליטר(בטרצויס),בטר צ`ויס בעמ,RU,שמן קנולה 1 ליטר בית,מיליליטרים,1000.00,"100 מ""ל",false,1,11.90,1.19,true,1,
4607016240398,false,סולת 700 גרם,אובלקה,,סולת 700 גרם,גרמים,700.00,100 גרם,false,1,9.90,1.41,true,1,
4607016240930,false,דוחן 800 גרם,אובלקה,,דוחן 800 גרם,גרמים,800.00,100 גרם,false,1,13.50,1.69,true,1,
4607016241111,false,גריסי תירס 80 גר חמי,אובלקה,,גריסי תירס 5*80 גרם,גרמים,400.00,100 גרם,false,1,8.90,2.23,true,1,
4607016243160,false,שיבולת שועל עם אפרסק,אובלקה,,ש.שועל עם אפרסק 5*40,גרמים,200.00,100 גרם,false,1,14.60,7.30,true,1,
4607016245461,false,קטניות גריסי חיטה 80,אובלקה,,גריסי חיטה 5*80 גר,גרמים,400.00,100 גרם,false,1,10.90,2.73,true,1,
4607016245485,false,תבשיל כוסמת אובלקה 5*80 גר,אובלקה,,תבשיל כוסמת אובלקה 5,גרמים,400.00,100 גרם,false,1,12.90,3.23,true,1,
4607025280026,false,קמח חיטה 1 קג,אובלקה,,"קמח חיטה 1 ק""ג",גרמים,1000.00,100 גרם,false,1,10.90,1.09,true,1,
4607030830520,false,פופקורן למיקרו 99 גרם - מלח,,LV,פופקורן עם מלח 99 גר,גרמים,99.00,100 גרם,false,1,4.50,4.55,true,1,
4607037431164,false,זפיר בטעם חמאה 420 גרם NEVA,פקטורי נבה אל טי די,,זפיר בטעם חמאה 420 ג,גרמים,420.00,100 גרם,false,1,15.60,3.71,true,1,
4607041230289,false,כעכים פוסולסקי צילנו,וופלשניה,,כעכים 200 גרם CHELNO,גרמים,200.00,100 גרם,false,1,5.90,2.95,true,1,
4607041232641,false,צנימים בטעם וניל 300 גר POSOLSKIE,וופלשניה,RU,צנימים בטעם וניל 300,גרמים,300.00,100 גרם,false,1,11.40,3.80,true,1,
4607054451732,false,גרעינים XXL טמבובסקי,או.או.או אגרוסווז,,גרעינים 400 גר VOLK,גרמים,400.00,100 גרם,false,1,18.50,4.63,true,1,
4607054451831,false,גרעינים עם מלח 200 גר *VOLK*,או.או.או אגרוסווז,,גרעינים עם מלח 200 ג,גרמים,230.00,100 גרם,false,1,12.00,5.22,true,1,
4607054452555,false,גרעיני חמניות קלויים מלח סטאניצניי 500 ג,אגרוסויוז,,גרעיני חמניות קלויים,גרמים,500.00,100 גרם,false,1,27.90,5.58,true,1,
4607054453651,false,בוטנים קלויים VOLK 250 גר,,,בוטנים קלויים VOLK,גרמים,250.00,100 גרם,false,1,15.90,6.36,true,1,
4607065411343,false,פטריות אסורטי פוסולסקי דבור 680 גר,,CN,פטריות אסורטי פוסולס,גרמים,680.00,100 גרם,false,1,16.70,2.46,true,1,
4607065580070,false,איטריות להכנה מהירה קויסטי בקר 70 גר קוי,,,איטריות להכנה מהירה,גרמים,70.00,100 גרם,false,1,3.50,5.00,true,1,
4607065580087,false,איטריות להכנה מהירה קויסטי עוף 70 גר קוי,,,תבשיל אטריות להכנה מ,Unknown,0.00,Unknown,false,1,3.50,3.50,true,1,
4607065580094,false,תבשיל אטריות פטריות 70 ג DOSHIRAK QUISTY,,UA,תבשיל אטריות פטריות,גרמים,70.00,100 גרם,false,1,3.50,5.00,true,1,
4607065580216,false,דושירק בטעם בקר 90 גרם,,,מרק דושירק בטעם בקר,גרמים,90.00,100 גרם,false,1,9.90,11.00,true,1,
4607065580223,false,דושירק בטעם עוף 90 גרם,,,דושירק בטעם עוף 90 ג,גרמים,90.00,100 גרם,false,1,9.90,11.00,true,1,
4607065580230,false,דושירק בטעם פטריות 90 גרם,,,דושירק בטעם פטריות 9,גרמים,90.00,100 גרם,false,1,9.90,11.00,true,1,
4607065580247,false,דושירק בטעם בקון 90 גר,,,דושירק בטעם בקון 90,גרמים,90.00,100 גרם,false,1,9.90,11.00,true,1,
4607065580278,false,פירה דושירק בטעם בקר 40 גר,,UA,"פירה תפו""א בטעם בקר",גרמים,40.00,100 גרם,false,1,5.90,14.75,true,1,
4607065580353,false,מרק דושירק בטעם קימצי 90 גר,,,מרק דושירק בטעם קימצ,Unknown,0.00,Unknown,false,1,9.90,9.90,true,1,
4607065580643,false,"מרק תפו""א בטעם עוף 30 גר DOSHIRAK",,UA,"מרק תפו""א בטעם עוף 3",גרמים,30.00,100 גרם,false,1,5.90,19.67,true,1,
4607065580650,false,"מרק תפו""א בטעם גבינה 30 גר DOSHIRAK",,UA,"מרק תפו""א בטעם גבינה",גרמים,30.00,100 גרם,false,1,5.90,19.67,true,1,
4607084351385,false,עוגיות 360 גרם CHOCO-PIE,,RU,עוגיות 360 גרם CHOCO,גרמים,360.00,100 גרם,false,1,15.60,4.33,true,1,
4607099091689,false,פופקורן בטעם ריבת חלב 99 גרם,,LV,פופקורן בטעם ריבת חל,גרמים,99.00,100 גרם,false,1,4.50,4.55,true,1,
4607167190115,false,"ריבה אימפריה גימוב פטל 1 ק""ג",אימפריה ג'מוב,,ריבה אימפריה גימוב פ,גרמים,1000.00,100 גרם,false,1,39.90,3.99,true,1,
4612497002182,false,פטריות קפואות מיקס 300 גר,,,פטריות קפואות מיקס 3,גרמים,300.00,100 גרם,false,1,16.90,5.63,true,1,
4620015851877,false,תה שחור ריצירד רויאל צילון 20 שקיקים,או א.או מאי קומפני,,תה שחור ריצירד רויאל,Unknown,0.00,Unknown,false,1,14.60,14.60,true,1,
4620015851884,false,תה ירוק ריצירד רויאל ליימ מינט 20 שקיקים,או א.או מאי קומפני,,תה ירוק ריצירד רויאל,Unknown,0.00,Unknown,false,1,14.60,14.60,true,1,
4630016490074,false,"משקה מוגז לימון ליים 500 מ""ל SAN SLAVIA",SAN SLAVIA,,משקה מוגז לימון ליים,מיליליטרים,500.00,"100 מ""ל",false,1,9.90,1.98,true,1,
4630016490135,false,"משקה מוגז מוחיטו תות 500 מ""ל SAN SLAVIA",SAN SLAVIA,,משקה מוגז מוחיטו תות,מיליליטרים,500.00,"100 מ""ל",false,1,9.90,1.98,true,1,
4630016490166,false,"משקה מוגז אייבה 500 מ""ל SAN SLAVIA",SAN SLAVIA,,משקה מוגז אייבה 500,מיליליטרים,500.00,"100 מ""ל",false,1,9.90,1.98,true,1,
4630049326746,false,"שמן חמניות בראביטה 870 מ""ל",,,שמן חמניות בראביטה 8,מיליליטרים,870.00,"100 מ""ל",false,1,13.90,1.60,true,1,
4640001890031,false,סודה לשתייה 500 גר,או או או בשקיריה,,סודה לשתייה 500 גר,גרמים,500.00,100 גרם,false,1,10.90,2.18,true,1,
4640018993343,false,פיניש קוואנטום קפסולות ג'ל למדיח כלים 30 יח',רקיט בנקיזר (ניר איסט) בעמ,PL,טבליות למדיח פיניש ק,Unknown,0.00,Unknown,false,1,36.90,36.90,true,1,
4640018993350,false,פיניש קוואנטום קפסולות ג'ל למדיח כלים לימון 30 יח',רקיט בנקיזר (ניר איסט) בעמ,PL,טבליות למדיח פיניש ק,Unknown,0.00,Unknown,false,1,36.90,36.90,true,1,
4640018993398,false,פיניש קוואנטום 60 יח' קפסולות ג'ל למדיח כלים,רקיט בנקיזר (ניר איסט) בעמ,,טבליות למדיח פיניש ק,Unknown,0.00,Unknown,false,1,62.90,62.90,true,1,
4660013940470,false,שוקולד חלב 32% פובדה 250 גר,POBEDA,RU,שוקולד חלב 32% פובדה,גרמים,250.00,100 גרם,false,1,14.90,5.96,true,1,
4710068001692,false,"מאסטר קפה לאטה פחית 240 מ""ל",תאיט מרקטינג אנד דיסטריב,,מאסטר קפה לאטה 240 מ,מיליליטרים,240.00,"100 מ""ל",false,1,6.90,2.88,true,1,
4710068001715,false,"מאסטר קפה טירמיסו פחית 240 מ""ל",יוני פרזינדנט אנטרפר,,מאסטר קפה טירמיסו 24,מיליליטרים,240.00,"100 מ""ל",false,1,6.90,2.88,true,1,
4710068001739,false,"מאסטר קפה קולומביאני 250 מ""ל",יוני פרזינדנט אנטרפר,,מאסטר קפה קולוביאני,מיליליטרים,250.00,"100 מ""ל",false,1,6.90,2.76,true,1,
4710964104916,false,"שמן שומשום טהור 370 מ""ל (כ)",פלייבור פול פודס טיי,,שמן שומשום טהור 370,מיליליטרים,370.00,"100 מ""ל",false,1,19.90,5.38,true,1,
4740098098355,false,"קוקטייל מוחיטו אה לה קוק 330 מ""ל",אה לי קוק,,קוקטייל מוחיטו אה לה,מיליליטרים,330.00,"100 מ""ל",false,1,11.90,3.61,true,1,
4750001951592,false,שוקולד מריר 87% קקאו 100 גר לאימה,ORKLA,EE,שוקולד מריר 87% קקאו,גרמים,100.00,100 גרם,false,1,10.90,10.90,true,1,
4750007897375,false,ביסקויט חיות לאימה 500 גרם,,,ביסקויט חיות לאימה 5,גרמים,500.00,100 גרם,false,1,10.90,2.18,true,1,
4750012026852,false,דיווה קוסמופוליטן שיכר פרי יער 750 מל,בלזם,,דיווה קוסמופוליטן,Unknown,0.00,Unknown,false,1,23.90,23.90,true,1,
4750021221361,false,"וודקה 700 מ""ל RIGA BLACK",,,"וודקה 700 מ""ל RIGA B",מיליליטרים,700.00,"100 מ""ל",false,1,51.90,7.41,true,1,
4750042300878,false,מיץ עגבניות עם מלח ים 1 ליטר CIDO,,,מיץ עגבניות עם מלח י,מיליליטרים,1000.00,"100 מ""ל",false,1,15.90,1.59,true,1,
4750042804222,false,מיץ עגבניות 100% 1 ליטר CIDO,,,מיץ עגבניות 100% 1 ל,מיליליטרים,1000.00,"100 מ""ל",false,1,15.90,1.59,true,1,
4750050341405,false,חטיף גבינה בטעם וניל,PIENSAIMNIEKS,,חטיף שוקלד טעם וניל,גרמים,60.00,100 גרם,false,1,5.20,8.67,true,1,
4750050341511,false,חטיף שוקלד עם גבינה +שבבי שוקולד,PIENSAIMNIEKS,,חטיף שוקלד עם גבינה,גרמים,60.00,100 גרם,false,1,5.20,8.67,true,1,
4750109157643,false,ממרח על בסיס שמנת חמ,,LV,סמטנה לטביה 200 גרם,גרמים,200.00,100 גרם,false,1,8.90,4.45,true,1,
4750616000258,false,שפרוטים גדולים מעושנים בשמן צמחי,בריויאס וילניוס,LV,שפרוטים בשמן ביג 190,גרמים,190.00,100 גרם,false,1,9.90,5.21,true,1,
4750616001194,false,שפרוטים מעושנים ריגה 240 גרם פ.ק,בריויאס וילניוס,LV,שפרוטים בשמן ריגה 24,גרמים,240.00,100 גרם,false,1,9.90,4.13,true,1,
4750616001217,false,סרדינים בשמן 240 גר BRIVAIS VILNIS,BRINVAS VILNUS,LV,סרדינים בשמן 240 גר,גרמים,240.00,100 גרם,false,1,10.40,4.33,true,1,
4750616001439,false,סרדינים במיץ עגבניות 240 BRIVAIS VILNIS,BRINVAS VILNUS,LV,סרדינים במיץ עגבניות,גרמים,240.00,100 גרם,false,1,10.40,4.33,true,1,
4750616002276,false,קילקה עם צילי במיץ עגבניות 240 גר,בריויאס וילניוס,,קילקה עם צילי במיץ ע,גרמים,240.00,100 גרם,false,1,6.90,2.88,true,1,
4750616002337,false,קילקה במיץ עגבניות בריווס וילנוס 240 גר,בריויאס וילניוס,,קילקה במיץ עגבניות ב,גרמים,240.00,100 גרם,false,1,6.90,2.88,true,1,
4750616006564,false,סרדינים על הגריל בשמן זית 190 גר,,,סרדינים על הגריל בשמ,גרמים,190.00,100 גרם,false,1,12.50,6.58,true,1,
4750817032010,false,סלט סלומון עם ירקות בטעם מקסיקני 240 גר,,LV,סלט סלומון עם ירקות,גרמים,240.00,100 גרם,false,1,7.90,3.29,true,1,
4750817132505,false,פילה קלמרי במיץ טבעי עם שמיר 240 גר,,LV,פילה קלמרי במיץ טבעי,גרמים,240.00,100 גרם,false,1,14.60,6.08,true,1,
4751003924003,false,סלט טונה עם ירקות איטלקי 185 ג' לארסן,,,סלט טונה וירקות איטל,גרמים,185.00,100 גרם,false,1,12.90,6.97,true,1,
4751003924010,false,סלט טונה עם ירקות מקסיקני 185 ג' לארסן,,,סלט טונה וירקות מקסי,גרמים,185.00,100 גרם,false,1,12.90,6.97,true,1,
4751007730488,false,שימירי טונה עם ירקות איטלקי 185 גר,,,שימורי טונה עם ירקות,גרמים,185.00,100 גרם,false,1,10.90,5.89,true,1,
4751007732970,false,סלט איטלקי עם סלומון 170 גרם,KARAVELA,,סלט איטלקי עם סלומון,גרמים,170.00,100 גרם,false,1,11.90,7.00,true,1,
4751007732994,false,סלט מקסיקני עם סלומון 170 גרם,KARAVELA,,סלט מקסיקני עם סלומו,גרמים,170.00,100 גרם,false,1,11.90,7.00,true,1,
4751007733229,false,פילה סלומון ברוטב עגבניות 170 גר,KARAVELLA,LV,פילה סלומון ברוטב עג,גרמים,170.00,100 גרם,false,1,12.50,7.35,true,1,
4751007738095,false,סלט סלמון עם ירקות מקסיקני 220 ג' לארסן,ס.י.א קרבלה,,סלט סלמון וירקות מקס,גרמים,220.00,100 גרם,false,1,11.90,5.41,true,1,
4751007738163,false,צדפות מעושנות ברוטב שום 120 גר SEA FOOD,,LV,צדפות מעושנות ברוטב,גרמים,120.00,100 גרם,false,1,12.90,10.75,true,1,
4751007738804,false,שימורי דג שפרוטים מעושנים בשמן צמחי 190ג,,LV,שימורי דג שפרוטים 19,גרמים,190.00,100 גרם,false,1,10.90,5.74,true,1,
4751007739917,false,נתחי דג סלמון במיץ טבעי תומר 185 גרם,,,נתחי דג סלמון במיץ ט,גרמים,185.00,100 גרם,false,1,9.90,5.35,true,1,
4751007739924,false,נתחי דג סלמון ברוטב עגבניות תומר 185 גרם,,,נתחי דג סלמון ברוטב,גרמים,185.00,100 גרם,false,1,9.90,5.35,true,1,
4751017402863,false,מולים מעושנים בשמן עם לימון 120 גר BANGA,סיא בוגה,LV,מולים מעושנים בשמן ע,גרמים,120.00,100 גרם,false,1,16.90,14.08,true,1,
4760062101805,false,תה שחור בוקט 50 גר,אזרסטאן קאנד,AZ,תה שחור 25 שק BUKET,גרמים,50.00,100 גרם,false,1,9.90,19.80,true,1,
4760065704652,false,מיץ רימונים 1 ליטר,,,מיץ רימונים 1 ליטר,מיליליטרים,1000.00,"100 מ""ל",false,1,21.90,2.19,true,1,
4760068001710,false,ריבת תות שדה 400 גרם ביזים טארלה,אזרסטאן קאנד,AZ,ריבת תות שדה 400 גרם,גרמים,400.00,100 גרם,false,1,14.90,3.73,true,1,
4770179110126,false,בונ שוק עם ליקר שרי 190 ג PERGALE,BARILLA G.E.R.,LT,בונ שוק עם ליקר שרי,גרמים,190.00,100 גרם,false,1,18.50,9.74,true,1,
4770237051804,false,חטיף גבינה וניל 45 גר,פנו ז'ויגזדס,,חטיף גבינה וניל 45 ג,גרמים,4500.00,100 גרם,false,1,4.50,0.10,true,1,
4770237051811,false,חטיף גבינה עם ריבת חלב 45 גר,פנו ז'ויגזדס,,חטיף גבינה עם ריבת ח,גרמים,4500.00,100 גרם,false,1,4.50,0.10,true,1,
4770237051828,false,חטיף גבינה תות שדה 45 גר,פנו ז'ויגזדס,,חטיף גבינה תות שדה 4,גרמים,4500.00,100 גרם,false,1,4.50,0.10,true,1,
4770237051842,false,חטיף גבינה בטעם שוקולד 45 גר,פנו ז'ויגזדס,,חטיף גבינה בטעם שוקו,גרמים,4500.00,100 גרם,false,1,4.50,0.10,true,1,
4770237055055,false,בסגנון שמנת 30% 200,,,30% 200 גר SMETANKA,גרמים,200.00,100 גרם,false,1,11.50,5.75,true,1,
4770265045264,false,דייסת שיבולת שועל 200 גר,,,דייסת שיבולת שועל,גרמים,200.00,100 גרם,false,1,7.90,3.95,true,1,
4770265213786,false,משקה חלב ריזנקה 500 מל,,,משקה חלבי ריזנקה 500,מיליליטרים,500.00,"100 מ""ל",false,1,11.50,2.30,true,1,
<<<<<<< HEAD
=======
4770266187345,false,וופלים במילוי חלב מרוכז 220 גר,,LT,וופלים במילוי חלב מר,גרמים,220.00,100 גרם,false,1,16.90,7.68,true,1,
4770275048354,false,גבינת ברינזה 60% 400 גר,פנו ז'ויגזדס,,גבינת ברינזה 60% 400,גרמים,400.00,100 גרם,false,1,53.90,13.48,true,1,
>>>>>>> d048ac2f4f281c9d788043ab4e81b61b0dbe3743
4770275049580,false,בסגנון טבורוג סבליה,,,טבורוג אנלוגי סבליה,גרמים,370.00,100 גרם,false,1,19.90,5.38,true,1,
4770275049603,false,בסגנון טבורוג סבליה,,,טבורוג אנלוגי 9% סבל,גרמים,370.00,100 גרם,false,1,19.90,5.38,true,1,
4770299045186,false,חמאה ליטאית דמיטיזוס,,,חמאה גימיטוס 200 גר,גרמים,200.00,100 גרם,false,1,11.90,5.95,true,1,
4770299047890,false,גבינת דזוגס פרמגנו 180ג',,,דזוגס פרמגנו 180 גרם,גרמים,180.00,100 גרם,false,1,27.50,15.28,true,1,
4770337046748,false,גבינה פרמזן PARNIDZIO 200 גר,,IL,גבינה פרמזן PARNIDZI,גרמים,200.00,100 גרם,false,1,24.90,12.45,true,1,
4770337047455,false,תחליף גבינה רוסיסקי 150 גר,,,גבינה אנלוגי רוסיסקי,גרמים,150.00,100 גרם,false,1,12.50,8.33,true,1,
4770583205272,false,מיונז פרובנסל זיתים 900 גרם,KEDANEYSKI KONSERVNY,,מיונז פרובנסל זיתים,גרמים,900.00,100 גרם,false,1,24.90,2.77,true,1,
4770583221340,false,מיונז אמריקן 620 גר,,LT,מיונז 620 גר America,גרמים,620.00,100 גרם,false,1,18.90,3.05,true,1,
4771632000350,false,חליטת תה ארומה פירות יער 20 שקיות 40 גר,,,חליטת תה ארומה פירות,גרמים,40.00,100 גרם,false,1,10.90,27.25,true,1,
4779039731167,false,אאוגה מרק דלורית ובטטה אורגני 400 גרם,גרביאי,,אאוגה מרק דלורית ובט,גרמים,400.00,100 גרם,false,1,16.90,4.23,true,1,
4780048900819,false,כמון שלם 45 גרם,,,כמון שלם 45 גרם,גרמים,45.00,100 גרם,false,1,16.90,37.56,true,1,
4791001061263,false,תה אדבין 100 יחידות בטעמים,,,תה אדבין 100 יחידות,גרמים,200.00,100 גרם,false,1,22.90,11.45,true,1,
4791045001867,false,תה היליס סקוטיש ברקפסט 100 שקיקים,,,תה היליס סקוטיש ברקפ,גרמים,150.00,100 גרם,false,1,24.00,16.00,true,1,
4791045002314,false,תה היליס עלים ירוק 100 גרם,,,תה היליס עלים ירוק 1,גרמים,100.00,100 גרם,false,1,12.80,12.80,true,1,
4791045002642,false,תה עלים ירוק עם יסמין 100 גרם,,,תה עלים ירוק עם יסמי,גרמים,100.00,100 גרם,false,1,15.00,15.00,true,1,
4791045006572,false,תה היליס אינגליש ירוק 100 שקיקים,,,תה היליס אינגליש ירו,גרמים,150.00,100 גרם,false,1,24.00,16.00,true,1,
4791045010937,false,תה היליס ארל גריי 250 גרם,,,תה היליס ארל גריי 25,גרמים,250.00,100 גרם,false,1,29.50,11.80,true,1,
<<<<<<< HEAD
4796019790020,false,"גרין קוקו - שמן קוקוס אורגני 500 מ""ל",גרין קוקו,,שמן קוקוס אורגני 500,מיליליטרים,500.00,"100 מ""ל",false,1,34.50,6.90,true,1,
4796019790037,false,גרין קוקו - שמן קוקוס אורגני 1 ליטר,כפרי בריא,,שמן קוקוס אורגני 1 ל,מיליליטרים,1000.00,"100 מ""ל",false,1,57.50,5.75,true,1,
4798810000599,false,תה סופר אופה 250 גר,טורלטון,,תה אופה 250 גרם פח,גרמים,250.00,100 גרם,false,1,39.90,15.96,true,1,
4800888219534,false,דאב - דאודורנט סטיק לאישה אנטי פרספירמט 50 גרם,יוניליוור פיליפינים,,דאב סטיק אוריגינל 50,גרמים,50.00,100 גרם,false,1,26.90,53.80,true,1,
=======
4792252001114,false,תה שחור ארל גריי 2 גר* 20 שק,בסילר,,תה שחור ארל גריי 2 ג,Unknown,0.00,Unknown,false,1,15.90,15.90,true,1,
4796019790020,false,שמן קוקוס אורגני כבישה קרה גרין קוקו 500,נטורפוד בעמ,,שמן קוקוס אורגני 500,מיליליטרים,500.00,"100 מ""ל",false,1,34.50,6.90,true,1,
4796019790037,false,שמן קוקוס אורגני כבישה קרה גרין קוקו 1 ל,נטורפוד בעמ,,שמן קוקוס אורגני 1 ל,מיליליטרים,1000.00,"100 מ""ל",false,1,57.50,5.75,true,1,
4798810000599,false,תה סופר אופה 250 גר,טורלטון,,תה אופה 250 גרם פח,גרמים,250.00,100 גרם,false,1,39.90,15.96,true,1,
4800888219534,false,דאב - דאודורנט סטיק לאישה אנטי פרספירמט 50 גרם,יוניליוור ישראל שיווק בע`מ,,דאב סטיק אוריגינל 50,גרמים,50.00,100 גרם,false,1,26.90,53.80,true,1,
>>>>>>> d048ac2f4f281c9d788043ab4e81b61b0dbe3743
4802431579003,false,לבש דק ארמני,,IL,לבש דק ארמני,גרמים,0.00,100 גרם,false,1,16.90,16.90,true,1,
4810065006987,false,חלב מרוכז ממותק דוי פק רוגציוב 380 גרם,,BY,חלב מרוכז ממותק דוי,גרמים,380.00,100 גרם,false,1,14.90,3.92,true,1,
4810073007235,false,חטיף גבינה על וופל בלגי עם אוכמניות 65גר,,BY,חטיף גבינה על וופל ב,גרמים,65.00,100 גרם,false,1,5.50,8.46,true,1,
4810073007259,false,חטיף גבינה על וופל בלגי טעם טריופל 65 גר,,BY,חטיף גבינה על וופל ב,גרמים,65.00,100 גרם,false,1,5.50,8.46,true,1,
4810165432136,false,לחם על בסיס מחמצת מא,ארדי שיווק וסיטונאות,,לחם לבן 500 גר,גרמים,500.00,100 גרם,false,1,10.50,2.10,true,1,
4810165434321,false,לחם צרפתי/טעים/בריאו,ארדי שיווק וסיטונאות,,לחם 650 גר,גרמים,650.00,100 גרם,false,1,14.30,2.20,true,1,
<<<<<<< HEAD
4810168001056,false,פילה דג הרינג מלוח מצונן בצנצנת חתיכות 260גרם,סנטה ברמור,,חתיכות פילה הרינג,גרמים,260.00,100 גרם,false,1,19.40,7.46,true,1,
4810168004156,false,ביצי דג טרוטונית אטלנטי סלמון מעושן 180ג,,,ביצי דג טרוטונית אטל,גרמים,180.00,100 גרם,false,1,17.70,9.83,true,1,
4810168016104,false,ביצי דג טרוטונית אטלנטי חסילונים 180 גר,,,ביצי דג טרוטונית אטל,גרמים,180.00,100 גרם,false,1,17.70,9.83,true,1,
4810168018795,false,חתיכות פילה דג הרינג מלוח מצונן 200גרם,סנטה ברמור,,חתיכות פילה הרינג מל,גרמים,200.00,100 גרם,false,1,15.20,7.60,true,1,
4810168019051,false,חתיכות פילה דג הרינג מלוח מצונן עם תבלין 200גרם,סנטה ברמור,BY,פילה הרינג מלוח עם ת,גרמים,200.00,100 גרם,false,1,15.20,7.60,true,1,
4810168020392,false,אצות ים מוחמצות גזר 150 גר,,,אצות ים מוחמצות גזר,גרמים,150.00,100 גרם,false,1,7.30,4.87,true,1,
4810168024512,false,פילה דג הרינג מלוח מצונן עם תבלין בצנצנת חתיכות 260 גרם,סנטה ברמור,,חתיכות פילה הרינג,גרמים,260.00,100 גרם,false,1,19.40,7.46,true,1,
4810168049966,false,בלינצ'ס במילוי דובדבן מוקפא 360 גרם,,BY,בלינצס במילוי דובדבן,גרמים,360.00,100 גרם,false,1,14.60,4.06,true,1,
4810168052270,false,עלי בלינצ'ס בבושקה אנה 320 גרם,,BY,עלי בלינצס מוקפאים,גרמים,320.00,100 גרם,false,1,10.40,3.25,true,1,
4810168055035,false,כיסונים במילוי טבורוג וצימוקים מוקפאות 450 גרם,,BY,כיסונים במילוי,גרמים,450.00,100 גרם,false,1,16.70,3.71,true,1,
4810168055042,false,כיסונים במילוי פטל מוקפאים 450 גרם,,BY,כיסונים במילוי פטל,גרמים,450.00,100 גרם,false,1,20.90,4.64,true,1,
4810168055905,false,פילה דג הרינג סקנדינבי ממולח בשמן 1200 גרם,,,פילה דג הרינג סקנדינ,גרמים,1200.00,100 גרם,false,1,41.90,3.49,true,1,
4810168057435,false,חתיכות פילה דג XXLהרינג מלוח בשמן מצונן 400 גרם,,RU,חתיכות פילה הרינג מל,גרמים,500.00,100 גרם,false,1,30.50,6.10,true,1,
4810168058975,false,חתיכות פילה דג הרינג סקנדינבי מלוח מצונן 260 גר,סנטה ברמור,,חתיכות פילה דג הרינג,גרמים,260.00,100 גרם,false,1,19.40,7.46,true,1,
4810168062132,false,כיסונים במילוי גבינת טבורוג מוקפאים 450,,BY,כיסונים במילוי גבינת,גרמים,450.00,100 גרם,false,1,16.70,3.71,true,1,
4810168062163,false,"כיסונים פרווה במילוי תפו""א ופטריות מוקפאים 450 גר",,BY,"כיסונים במילוי תפו""א",גרמים,450.00,100 גרם,false,1,13.50,3.00,true,1,
4810168062194,false,בלינצ'ס במילוי גבינת טבורוג מוקפא 360 גר,,BY,בלינצס במילוי גבינת,גרמים,360.00,100 גרם,false,1,14.60,4.06,true,1,
=======
4810168000103,false,פילה הרינג מטיאס 250גר,,BY,פילה הרינג מלוח מעוש,גרמים,250.00,100 גרם,false,1,15.20,6.08,true,1,
4810168001056,false,פילה דג הרינג מלוח מצונן בצנצנת חתיכות 260גרם,דילר בי.אם.די. פורמולה בעמ,,חתיכות פילה הרינג,גרמים,260.00,100 גרם,false,1,19.40,7.46,true,1,
4810168001933,false,מקלות סורימי בטעם סרטן קפוא 200 גרם,,,מקלות סורימי בטעם סר,גרמים,200.00,100 גרם,false,1,7.30,3.65,true,1,
4810168001964,false,נתחי סורימי בטעם סרטן קפוא 200 גרם,,,נתחי סורימי בטעם סרט,גרמים,200.00,100 גרם,false,1,7.30,3.65,true,1,
4810168004156,false,ביצי דג טרוטונית אטלנטי סלמון מעושן 180ג,,,ביצי דג טרוטונית אטל,גרמים,180.00,100 גרם,false,1,17.70,9.83,true,1,
4810168016104,false,ביצי דג טרוטונית אטלנטי חסילונים 180 גר,,,ביצי דג טרוטונית אטל,גרמים,180.00,100 גרם,false,1,17.70,9.83,true,1,
4810168018795,false,חתיכות פילה דג הרינג מלוח מצונן 200גרם,דילר בי.אם.די. פורמולה בעמ,,חתיכות פילה הרינג מל,גרמים,200.00,100 גרם,false,1,15.20,7.60,true,1,
4810168019051,false,חתיכות פילה דג הרינג מלוח מצונן עם תבלין 200גרם,דילר בי.אם.די. פורמולה בעמ,BY,פילה הרינג מלוח עם ת,גרמים,200.00,100 גרם,false,1,15.20,7.60,true,1,
4810168020392,false,אצות ים מוחמצות גזר 150 גר,,,אצות ים מוחמצות גזר,גרמים,150.00,100 גרם,false,1,7.30,4.87,true,1,
4810168024512,false,פילה דג הרינג מלוח מצונן עם תבלין בצנצנת חתיכות 260 גרם,דילר בי.אם.די. פורמולה בעמ,,חתיכות פילה הרינג,גרמים,260.00,100 גרם,false,1,19.40,7.46,true,1,
4810168049966,false,בלינצ'ס במילוי דובדבן מוקפא 360 גרם,דילר בי.אם.די. פורמולה בעמ,BY,בלינצס במילוי דובדבן,גרמים,360.00,100 גרם,false,1,14.60,4.06,true,1,
4810168052270,false,עלי בלינצ'ס בבושקה אנה 320 גרם,דילר בי.אם.די. פורמולה בעמ,BY,עלי בלינצס מוקפאים,גרמים,320.00,100 גרם,false,1,10.40,3.25,true,1,
4810168055028,false,כיסונים במילוי דובדבנים מוקפאים 450 גרם,דילר בי.אם.די. פורמולה בעמ,BY,כיסונים במילוי,גרמים,450.00,100 גרם,false,1,20.90,4.64,true,1,
4810168055035,false,כיסונים במילוי טבורוג וצימוקים מוקפאות 450 גרם,דילר בי.אמ.די פורמולה בעמ,BY,כיסונים במילוי,גרמים,450.00,100 גרם,false,1,16.70,3.71,true,1,
4810168055042,false,כיסונים במילוי פטל מוקפאים 450 גרם,,BY,כיסונים במילוי פטל,גרמים,450.00,100 גרם,false,1,20.90,4.64,true,1,
4810168055059,false,כיסונים במילוי גבינת ריקוטה ותרד מוקפא,,BY,כיסונים במילוי גבינת,גרמים,450.00,100 גרם,false,1,20.90,4.64,true,1,
4810168055899,false,פילה דג הרינג מומלח בשמן מצונן 1200 גרם,דילר בי.אם.די. פורמולה בעמ,,פילה דג הרינג מומלח,גרמים,1200.00,100 גרם,false,1,41.90,3.49,true,1,
4810168055905,false,פילה דג הרינג סקנדינבי ממולח בשמן 1200 גרם,דילר בי.אם.די. פורמולה בעמ,,פילה דג הרינג סקנדינ,גרמים,1200.00,100 גרם,false,1,41.90,3.49,true,1,
4810168057435,false,חתיכות פילה דג XXLהרינג מלוח בשמן מצונן 400 גרם,דילר בי.אם.די. פורמולה בעמ,RU,חתיכות פילה הרינג מל,גרמים,500.00,100 גרם,false,1,30.50,6.10,true,1,
4810168058975,false,חתיכות פילה דג הרינג סקנדינבי מלוח מצונן 260 גר,דילר בי.אם.די. פורמולה בעמ,,חתיכות פילה דג הרינג,גרמים,260.00,100 גרם,false,1,19.40,7.46,true,1,
4810168062132,false,כיסונים במילוי גבינת טבורוג מוקפאים 450,דילר בי.אמ.די פורמולה בעמ,BY,כיסונים במילוי גבינת,גרמים,450.00,100 גרם,false,1,16.70,3.71,true,1,
4810168062163,false,"כיסונים פרווה במילוי תפו""א ופטריות מוקפאים 450 גר",דילר בי.אמ.די פורמולה בעמ,BY,"כיסונים במילוי תפו""א",גרמים,450.00,100 גרם,false,1,13.50,3.00,true,1,
4810168062194,false,בלינצ'ס במילוי גבינת טבורוג מוקפא 360 גר,דילר בי.אמ.די פורמולה בעמ,BY,בלינצס במילוי גבינת,גרמים,360.00,100 גרם,false,1,14.60,4.06,true,1,
>>>>>>> d048ac2f4f281c9d788043ab4e81b61b0dbe3743
4810268027345,false,טבורוג 5% סבושקין קלאסי 300 גרם,,BY,טבורוג 5% סבושקין קל,גרמים,300.00,100 גרם,false,1,19.90,6.63,true,1,
4810268028847,false,טבורוג 5% סבושקין זרניסטיי 350 גרם,,BY,טבורוג 5% סבושקין זר,גרמים,200.00,100 גרם,false,1,15.90,7.95,true,1,
4810268028908,false,טבורוג 5% סבושקין קלאסי 350 גרם,,BY,טבורוג 5% סבושקין קל,גרמים,350.00,100 גרם,false,1,21.90,6.26,true,1,
4810285004008,false,"קווס ""לידסקיי"" לחם 1.5 ליטר",לידסקויה פיבו,,"קווס ""לידסקיי"" לחם 1",ליטרים,0.00,ליטר,false,1,13.90,13.90,true,1,
4810285006743,false,"קווס ""לידסקיי"" כהה 1.5 ליטר",לידסקויה פיבו,,"קווס ""לידסקיי"" כהה 1",ליטרים,0.00,ליטר,false,1,13.90,13.90,true,1,
4810350000027,false,לחם מאסטר 700 גר,ארדי שיווק וסיטונאות,,לחם שחור 700 גר,גרמים,700.00,100 גרם,false,1,14.30,2.04,true,1,
4820003689349,false,נקטר מולטיויטמין 1.93 ליטר נאש סוק,ויטמרק,,נקטר מולטיויטמין 1.9,ליטרים,0.00,ליטר,false,1,22.90,22.90,true,1,
4820005192946,false,שוקולד מילניום גולד חלב צימוקים אגוז 100,מלבי,,שוקולד מילניום גולד,גרמים,100.00,100 גרם,false,1,7.90,7.90,true,1,
4820016250604,false,"נקטר מולטיויטמין 200 מ""ל נאש סוק",,UA,נקטר מולטיויטמין 200,מיליליטרים,200.00,"100 מ""ל",false,1,3.90,1.95,true,1,
4820030561380,false,ממרח קישואים קייץ 500 גרם דרי באבושקה,אוריקה,,ממרח קישואים קייץ 50,גרמים,500.00,100 גרם,false,1,11.90,2.38,true,1,
4820030561526,false,שימורי אפונה ירוקה 510 גרם באבושקה,אוריקה,,שימורי אפונה ירוקה 5,מיליליטרים,500.00,"100 מ""ל",false,1,12.90,2.58,true,1,
4820039710628,false,"מעדן ארוניה פוסולסקי דבור 1.25 ק""ג",,,מעדן ארוניה פוסולסקי,קילוגרמים,0.00,"ק""ג",false,1,36.50,36.50,true,1,
4820039710710,false,"מעדן פטל פוסולסקי דבור 1.25 ק""ג",,,מעדן פטל יפוסולסקי ד,קילוגרמים,0.00,"ק""ג",false,1,36.50,36.50,true,1,
4820077081124,false,"שמן חמניות לא מזוכך גרנה 850 מ""ל",,,שמן חמניות לא מזוכך,מיליליטרים,850.00,"100 מ""ל",false,1,12.90,1.52,true,1,
4820077081148,false,"גארנה שמן חמניות מזוכך 850 מ""ל",,,שמן חמניות מזוכך גרנ,מיליליטרים,850.00,"100 מ""ל",false,1,12.90,1.52,true,1,
4820097894025,false,"הפס שיכר סיידר תפוחים בטעם טבעי 330 מ""ל",BEVERAGES FOODS & SE,,הפס שיכר סיידר תפוחי,מיליליטרים,330.00,"100 מ""ל",false,1,7.90,2.39,true,1,
4820097896265,false,"הפס שיכר סיידר תפוחים בטעם אגס 330 מ""ל",BEVERAGES FOODS & SE,,הפס שיכר סיידר תפוחי,מיליליטרים,330.00,"100 מ""ל",false,1,7.90,2.39,true,1,
4820097898238,false,"קוקטייל מוכן סקס און דה ביץ 330 מ""ל",,UA,קוקטייל מוכן סקס און,מיליליטרים,330.00,"100 מ""ל",false,1,7.90,2.39,true,1,
4820103341543,false,חלב מרוכז מבושל 370 גרם פחית,,,חלב מרוכז מבושל 370,גרמים,370.00,100 גרם,false,1,11.90,3.22,true,1,
4820103341574,false,חלב מרוכז 370 גרם או,איצוניאנסקי,,חלב מרוכז 370 גרם,גרמים,370.00,100 גרם,false,1,11.90,3.22,true,1,
4820106160691,false,גרעיני חמניות עם קליפה קלויים 200ג ALMAZ,אזארנה,UA,גרעיני חמניות עם קלי,גרמים,200.00,100 גרם,false,1,11.90,5.95,true,1,
4820120600548,false,מעדן דובדבנים ללא גלעינים 45% פרי 700 גר,,UA,מעדן דובדבנים ללא גל,גרמים,700.00,100 גרם,false,1,14.90,2.13,true,1,
4820136406127,false,דובשניות עם דבש קייבחלאב 420 גר,,,דובשניות עם דבש קייב,גרמים,420.00,100 גרם,false,1,8.90,2.12,true,1,
4820160780835,false,"פירושקי עם תפו""א ופטריות 450 גר",,,"פירושקי עם תפו""א",גרמים,450.00,100 גרם,false,1,12.90,2.87,true,1,
4820165641377,false,סושקה מליוטקה פלורה 300 גר,סלובוז'נסקי ברד בייק,,סושקה מליוטקה פלורה,גרמים,300.00,100 גרם,false,1,8.90,2.97,true,1,
4820171991664,false,ורניק לסקה תפוח אדמה 900 גר,לאסקה,,ורניק לסקה תפוח אדמה,גרמים,900.00,100 גרם,false,1,25.90,2.88,true,1,
4820171993279,false,"קרפלך תפו""א ופטריות 900 גר",לאסקה,,"קרפלך תפו""א ופטריות",גרמים,900.00,100 גרם,false,1,25.90,2.88,true,1,
4820176062932,false,יין קרים מבעבע לבן חצי יבש 750 מל,,,יין קרים מבעבע לבן ח,מיליליטרים,750.00,"100 מ""ל",false,1,57.90,7.72,true,1,
4820182740053,false,ציפס בטעם סרטן 70 גר,קלוס צ'פסוב,,ציפס בטעם סרטן 70 גר,גרמים,70.00,100 גרם,false,1,7.90,11.29,true,1,
4820182740077,false,ציפס בטעם גבינה 70 גר,קלוס צ'פסוב,,ציפס בטעם גבינה 70 ג,גרמים,70.00,100 גרם,false,1,7.90,11.29,true,1,
4820182740084,false,ציפס בטעם בקון 70 גר,קלוס צ'פסוב,,ציפס בטעם בקון 70 גר,Unknown,0.00,Unknown,false,1,7.90,7.90,true,1,
4820182741777,false,ציפס בטעם שישליק 70 גר Chipsters,קלוס צ'פסוב,UA,ציפס בטעם שישליק 70,גרמים,70.00,100 גרם,false,1,7.90,11.29,true,1,
4820182742019,false,ציפס בטעם כנפיים ברביקיו 70 גר פלינט,Snacks,,ציפס כנפיים ברביקיו,גרמים,70.00,100 גרם,false,1,7.90,11.29,true,1,
4820182746932,false,קרוטונים בטעם עגבניות מתובלות 70גר FLINT,MALBI CHOCOLATE,,קרוטונים בטעם עגבניו,גרמים,70.00,100 גרם,false,1,4.50,6.43,true,1,
4820189290223,false,"יין לבן חצי מתוק אלזני ואלי 750 מ""ל",ל.ל.ס אקרמן,UA,יין לבן חצי מתוק אלז,Unknown,0.00,Unknown,false,1,32.90,32.90,true,1,
4820199870019,false,סושקה וניל בקק 300 גר,BKK,,סושקה וניל בקק 300 ג,גרמים,300.00,100 גרם,false,1,7.90,2.63,true,1,
4823005000372,false,"בירה LVIVSKE 1715 פחית 500 מ""ל פחית",קלסברג אוקראינה,,בירה LVIVSKE 1715 פ,מיליליטרים,500.00,"100 מ""ל",false,1,8.90,1.78,true,1,
4823006801435,false,לצו נזין 450 גרם,NEZHIN,,לצו נזין 450 גרם,גרמים,450.00,100 גרם,false,1,17.90,3.98,true,1,
4823006801862,false,איקרה קישואים נזין 450 גרם,NEZHIN,,איקרה קישואים נזין 4,גרמים,450.00,100 גרם,false,1,17.90,3.98,true,1,
4823006802135,false,איקרה חצילים נזין 450 גרם,NEZHIN,,איקרה חצילים נזין 45,גרמים,450.00,100 גרם,false,1,17.90,3.98,true,1,
4823077613203,false,שוקולד רושן מריר + פונדוק שלם 90 גר רושן,דילר בי.אמ.די.אינטרנשויונל בעמ,,שוקולד רושן מריר + פ,גרמים,90.00,100 גרם,false,1,7.90,8.78,true,1,
4823077614675,false,ביסקוויט לקפה רושן בטעם חלב 185 גרם,דילר בי.אמ.די.אינטרנשויונל בעמ,,ביסקוויט חלב 185 גר,גרמים,185.00,100 גרם,false,1,3.90,2.11,true,1,
4823077614699,false,ביסקוויט לקפה רושן בטעם חמאה וניל 185 גרם,דילר בי.אמ.די.אינטרנשויונל בעמ,,ביסקוויט וניל 185 גר,גרמים,185.00,100 גרם,false,1,3.90,2.11,true,1,
4823077614767,false,שוקולד רושן חלב נוגט בטעם אגוזי לוז 90 גרם,דילר בי.אמ.די.אינטרנשויונל בעמ,,שוקולד רושן חלב נוגט,גרמים,90.00,100 גרם,false,1,4.90,5.44,true,1,
4823077614804,false,שוקולד רושן חלב נוגט בטעם אוכמניות כחולות 90 גרם,דילר בי.אמ.די.אינטרנשויונל בעמ,,שוקולד חלב נוגט וניל,גרמים,90.00,100 גרם,false,1,4.90,5.44,true,1,
4823077615757,false,בונבוניירה סטרלה 200 גר רושן,רושן,,בונבוניירה סטרלה 200,גרמים,200.00,100 גרם,false,1,24.90,12.45,true,1,
4823077616013,false,בונבוניירה וצרני קייב 176 גרם,רושן,,בונבוניירה וצרני קיי,גרמים,176.00,100 גרם,false,1,25.90,14.72,true,1,
4823077621635,false,חטיף שוקולד רושן בטעם חלב 72 גרם,דילר בי.אמ.די.אינטרנשויונל בעמ,,וופל רושן בטעם חלב 7,גרמים,72.00,100 גרם,false,1,3.90,5.42,true,1,
4823077621642,false,חטיף שוקולד רושן בטעם שוקולד 72 גר,דילר בי.אמ.די.אינטרנשויונל בעמ,,וופל רושן בטעם שוקול,גרמים,72.00,100 גרם,false,1,3.90,5.42,true,1,
4823077621659,false,חטיף שוקולד רושן בטעם אגוז 72 גר,דילר בי.אמ.די.אינטרנשויונל בעמ,,וופל רושן בטעם אגוז,גרמים,72.00,100 גרם,false,1,3.90,5.42,true,1,
4823077624223,false,"רושן ממתקי סוכריות ג'ילי ""בוני פרוט"" בטעמי פירות 200 גר",דילר בי.אמ.די.אינטרנשויונל בעמ,,גילי בוני פרוט 200 ג,גרמים,200.00,100 גרם,false,1,6.90,3.45,true,1,
4823077624261,false,גילי בוני פרוט 200 גר BERRY MIX,,,גילי בוני פרוט 200 ג,גרמים,200.00,100 גרם,false,1,6.90,3.45,true,1,
<<<<<<< HEAD
4823077625145,false,ממתקי שוקולד מריר עם דובדבן בליקר דובדבן,רושן Roshen,UA,בונבוניירה רושן דובד,גרמים,155.00,100 גרם,false,1,13.90,8.97,true,1,
4823077625589,false,וופל וואפרס חלב רושן 216 גר,,UA,וופל וואפרס חלב רושן,גרמים,216.00,100 גרם,false,1,6.90,3.19,true,1,
4823077625602,false,וופל וואפרס שוקולד רושן 216 גר,,UA,וופל וואפרס שוקולד ר,גרמים,216.00,100 גרם,false,1,6.90,3.19,true,1,
4823077626203,false,שוקולד רושן אורירי מריר 80 גרם,רושן Roshen,UA,שוקולד אורירי מריר 8,גרמים,80.00,100 גרם,false,1,6.90,8.63,true,1,
4823077626227,false,שוקולד רושן אורירי חלב 80 גרם,רושן Roshen,UA,שוקולד אורירי חלב 80,גרמים,80.00,100 גרם,false,1,6.90,8.63,true,1,
4823077626364,false,שוקולד רושן אורירי לבן 80 גרם,רושן Roshen,UA,שוקולד אורירי לבן 80,גרמים,80.00,100 גרם,false,1,6.90,8.63,true,1,
4823077631467,false,קרקר עם מלח ים רושן 168 גר HI DAY,רושן,,קרקר עם מלח ים רושן,גרמים,168.00,100 גרם,false,1,4.90,2.92,true,1,
4823077631474,false,קרקר קלאסי רושן 168 גר HI DAY,רושן,,קרקר קלאסי רושן 168,גרמים,168.00,100 גרם,false,1,4.90,2.92,true,1,
4823077632570,false,שוקולד רושן BRUT מריר 85 גרם,רושן,UA,שוקולד רושן מריר 85,גרמים,85.00,100 גרם,false,1,6.90,8.12,true,1,
4823077633058,false,"גליליות וופל רושן ""קונאפטו"" אגוז 140 ג",רושן,,"גליליות וופל רושן ""ק",גרמים,140.00,100 גרם,false,1,6.90,4.93,true,1,
4823077633317,false,עוגיות שוקוצ'יפס LOVITA שוקולד עם חתיכות שוקולד 150 גרם,,,עוגיות שוקולד עם חתי,גרמים,150.00,100 גרם,false,1,6.90,4.60,true,1,
4823077633324,false,עוגיות שוקוצ'יפס LOVITA עם חתיכות שוקולד 150 גרם,,,עוגיות שוקוציפס עם,גרמים,150.00,100 גרם,false,1,6.90,4.60,true,1,
4823077633331,false,עוגיות שוקוצ'יפס LOVITA בטעם תפוז 150 גרם,,,עוגיות רושן עם בטעם,גרמים,150.00,100 גרם,false,1,6.90,4.60,true,1,
4823077633348,false,עוגיות שוקוצ'יפס LOVITA עם חתיכות בוטנים 150 גרם,,,עוגיות רושן עם חתיכו,גרמים,150.00,100 גרם,false,1,6.90,4.60,true,1,
4823077634222,false,עוגיות Lovita ממולאות ג'לי תפוז מצופות צימקאו,רושן Roshen,,עוגיות תפוז 135 גר L,גרמים,135.00,100 גרם,false,1,6.90,5.11,true,1,
4823077634246,false,עוגיות Lovita ממולאות ג'לי פטל מצופות צימקאו,רושן Roshen,,עוגיות פטל 135 גר LO,גרמים,135.00,100 גרם,false,1,6.90,5.11,true,1,
4823077634420,false,"עוגות אישיות ""TOO COOL"" חלב 270 גר 6 יחידות",,,"עוגות אישיות ""TOO CO",גרמים,270.00,100 גרם,false,1,14.90,5.52,true,1,
4823077636110,false,עוגיות תפוז LOVITAי 420 גרם,,,עוגיות תפוז 420 גר L,גרמים,420.00,100 גרם,false,1,17.90,4.26,true,1,
4823077636172,false,וופל רושן בטעם לימון 216 גרם,,UA,וופל רושן בטעם לימון,גרמים,216.00,100 גרם,false,1,5.80,2.69,true,1,
=======
4823077625145,false,ממתקי שוקולד מריר עם דובדבן בליקר דובדבן,דילר בי.אמ.די.אינטרנשויונל בעמ,UA,בונבוניירה רושן דובד,גרמים,155.00,100 גרם,false,1,13.90,8.97,true,1,
4823077625589,false,וופל וואפרס חלב רושן 216 גר,דילר בי.אמ.די.אינטרנשויונל בעמ,UA,וופל וואפרס חלב רושן,גרמים,216.00,100 גרם,false,1,6.90,3.19,true,1,
4823077625602,false,וופל וואפרס שוקולד רושן 216 גר,דילר בי.אמ.די.אינטרנשויונל בעמ,UA,וופל וואפרס שוקולד ר,גרמים,216.00,100 גרם,false,1,6.90,3.19,true,1,
4823077626203,false,שוקולד רושן אורירי מריר 80 גרם,דילר בי.אמ.די.אינטרנשויונל בעמ,UA,שוקולד אורירי מריר 8,גרמים,80.00,100 גרם,false,1,6.90,8.63,true,1,
4823077626227,false,שוקולד רושן אורירי חלב 80 גרם,דילר בי.אמ.די.אינטרנשויונל בעמ,UA,שוקולד אורירי חלב 80,גרמים,80.00,100 גרם,false,1,6.90,8.63,true,1,
4823077626364,false,שוקולד רושן אורירי לבן 80 גרם,דילר בי.אמ.די.אינטרנשויונל בעמ,UA,שוקולד אורירי לבן 80,גרמים,80.00,100 גרם,false,1,6.90,8.63,true,1,
4823077631467,false,קרקר עם מלח ים רושן 168 גר HI DAY,דילר בי.אמ.די.אינטרנשויונל בעמ,,קרקר עם מלח ים רושן,גרמים,168.00,100 גרם,false,1,4.90,2.92,true,1,
4823077631474,false,קרקר קלאסי רושן 168 גר HI DAY,דילר בי.אמ.די.אינטרנשויונל בעמ,,קרקר קלאסי רושן 168,גרמים,168.00,100 גרם,false,1,4.90,2.92,true,1,
4823077633058,false,"גליליות וופל רושן ""קונאפטו"" אגוז 140 ג",דילר בי.אמ.די.אינטרנשויונל בעמ,,"גליליות וופל רושן ""ק",גרמים,140.00,100 גרם,false,1,6.90,4.93,true,1,
4823077633317,false,עוגיות שוקוצ'יפס LOVITA שוקולד עם חתיכות שוקולד 150 גרם,דילר בי.אמ.די.אינטרנשויונל בעמ,,עוגיות שוקולד עם חתי,גרמים,150.00,100 גרם,false,1,6.90,4.60,true,1,
4823077633324,false,עוגיות שוקוצ'יפס LOVITA עם חתיכות שוקולד 150 גרם,דילר בי.אמ.די.אינטרנשויונל בעמ,,עוגיות שוקוציפס עם,גרמים,150.00,100 גרם,false,1,6.90,4.60,true,1,
4823077633331,false,עוגיות שוקוצ'יפס LOVITA בטעם תפוז 150 גרם,דילר בי.אמ.די.אינטרנשויונל בעמ,,עוגיות רושן עם בטעם,גרמים,150.00,100 גרם,false,1,6.90,4.60,true,1,
4823077633348,false,עוגיות שוקוצ'יפס LOVITA עם חתיכות בוטנים 150 גרם,דילר בי.אמ.די.אינטרנשויונל בעמ,,עוגיות רושן עם חתיכו,גרמים,150.00,100 גרם,false,1,6.90,4.60,true,1,
4823077634222,false,עוגיות Lovita ממולאות ג'לי תפוז מצופות צימקאו,דילר בי.אמ.די.אינטרנשויונל בעמ,,עוגיות תפוז 135 גר L,גרמים,135.00,100 גרם,false,1,6.90,5.11,true,1,
4823077634246,false,עוגיות Lovita ממולאות ג'לי פטל מצופות צימקאו,דילר בי.אמ.די.אינטרנשויונל בעמ,,עוגיות פטל 135 גר LO,גרמים,135.00,100 גרם,false,1,6.90,5.11,true,1,
4823077634420,false,"עוגות אישיות ""TOO COOL"" חלב 270 גר 6 יחידות",דילר בי.אמ.די.אינטרנשיונל בעמ,,"עוגות אישיות ""TOO CO",גרמים,270.00,100 גרם,false,1,14.90,5.52,true,1,
4823077634741,false,עוגיות רושן LOVITA במילוי תות שדה 168 גרם,דילר בי.אמ.די.אינטרנשויונל בעמ,,עוגיות עם מילוי תות,גרמים,168.00,100 גרם,false,1,6.90,4.11,true,1,
4823077636110,false,עוגיות תפוז LOVITAי 420 גרם,דילר בי.אמ.די.אינטרנשויונל בעמ,,עוגיות תפוז 420 גר L,גרמים,420.00,100 גרם,false,1,17.90,4.26,true,1,
4823077636172,false,וופל רושן בטעם לימון 216 גרם,דילר בי.אמ.די.אינטרנשויונל בעמ,UA,וופל רושן בטעם לימון,גרמים,216.00,100 גרם,false,1,5.80,2.69,true,1,
4823092700926,false,חלבה חמניות בטעם וניל 200 גרם,או.או.או. דרוזקבסקיי,,חלבה חמניות בטעם וני,גרמים,200.00,100 גרם,false,1,5.90,2.95,true,1,
4823092700964,false,חלבה חמניות עם בוטנים 200 גרם,או.או.או. דרוזקבסקיי,,חלבה חמניות עם בוטני,גרמים,200.00,100 גרם,false,1,5.90,2.95,true,1,
>>>>>>> d048ac2f4f281c9d788043ab4e81b61b0dbe3743
4823105400119,false,מלפפונים בחומץ 770 גרם,,,מלפפונים בחומץ 770 ג,גרמים,770.00,100 גרם,false,1,20.90,2.71,true,1,
4823105400447,false,אגיקה בסגנון קווקזי חריפה 220 גרם,,,אגיקה בסגנון קווקזי,גרמים,220.00,100 גרם,false,1,9.90,4.50,true,1,
4823105402878,false,חזרת לבנה חריפה 190 גרם,,,חזרת לבנה חריפה 190,גרמים,190.00,100 גרם,false,1,7.90,4.16,true,1,
4823105402991,false,פלפל שחור שלם 20 גרם,"טי.או בי. ""ויז'י פרודקשן""",,פלפל שחור שלם 20 גרם,גרמים,20.00,100 גרם,false,1,3.90,19.50,true,1,
4823105403028,false,גרגירי חרדל לבן 50 גרם,"טי.או בי. ""ויז'י פרודקשן""",,גרגירי חרדל לבן 50 ג,גרמים,50.00,100 גרם,false,1,3.90,7.80,true,1,
4823105403066,false,תערובת תיבול לבשר 20 גרם,"טי.או בי. ""ויז'י פרודקשן""",,תערובת תיבול לבשר 20,גרמים,20.00,100 גרם,false,1,3.90,19.50,true,1,
4823105403622,false,עלי דפנה 7 גרם וורס,"טי.או בי. ""ויז'י פרודקשן""",,עלי דפנה 7 גרם וורס,גרמים,7.00,100 גרם,false,1,3.90,55.71,true,1,
4840008002431,false,דפי וופל פרנזולטה מל,Franzeluta,,דפי וופל מלבן 350 גר,גרמים,350.00,100 גרם,false,1,15.00,4.29,true,1,
<<<<<<< HEAD
=======
4840008012812,false,לחם שיפון בורוינסקי 450 גרם,,,לחם שיפון בורוינסקי,גרמים,450.00,100 גרם,false,1,10.90,2.42,true,1,
4840008017749,false,פרנזלוטה צנימים מיני וניל 200 גר,FRANZELUTA,,פרנזלוטה צנימים מיני,גרמים,200.00,100 גרם,false,1,7.90,3.95,true,1,
>>>>>>> d048ac2f4f281c9d788043ab4e81b61b0dbe3743
4840008017763,false,פרנזלוטה צנימים מיני עם צימוקים 200 גר,FRANZELUTA,,פרנזלוטה צנימים מיני,גרמים,200.00,100 גרם,false,1,7.90,3.95,true,1,
4840008018319,false,דובשניות עם שזיף 400 גרם פרנצלוטה,פרנזלוטה,,דובשניות עם שזיף 400,גרמים,400.00,100 גרם,false,1,9.40,2.35,true,1,
4840008018333,false,דובשניות טעם דבש 400 גרם פרנצלוטה,פרנזלוטה,,דובשניות טעם דבש 400,גרמים,400.00,100 גרם,false,1,9.40,2.35,true,1,
4840008019521,false,עוגיות בצק עלים לבבות דקל פרנצלוטה 350 ג,פרנזלוטה,,עוגיות בצק עלים לבבו,גרמים,350.00,100 גרם,false,1,10.40,2.97,true,1,
4840022004190,false,נקטר אפרסק 1 ליטר VITA NATURALIS,,,נקטר אפרסק 1 ליטר VI,מיליליטרים,1000.00,"100 מ""ל",false,1,12.10,1.21,true,1,
4840022005647,false,ריבת תות שדה 680 גרם,,,ריבת תות שדה 680 גרם,גרמים,680.00,100 גרם,false,1,26.50,3.90,true,1,
4840022006699,false,נקטר תפוח עץ אדום 1 ל VITA NATURALIS,,,נקטר תפוח עץ אדום 1,מיליליטרים,1000.00,"100 מ""ל",false,1,12.10,1.21,true,1,
4840095003090,false,מרמלד דולקי תפוז לימון 350 גר BUCURIA,BUCURIA,MD,מרמלד דולקי תפוז לימ,גרמים,350.00,100 גרם,false,1,13.50,3.86,true,1,
4850001111085,false,מיץ YAN תפוח טבעי 930 מל,,,מיץ YAN תפוח טבעי 9,גרמים,930.00,100 גרם,false,12,18.90,2.03,true,1,
4850001397649,false,JOYCO PANDA דרזיה שוקולד חלב 150 גר,,,JOYCO PANDA דרזיה שו,גרמים,150.00,100 גרם,false,1,11.40,7.60,true,1,
4850009745596,false,ליפתן אוכמניות שחורות 1 ליטר ARARAT,,AM,ליפתן אוכמניות שחורו,מיליליטרים,1000.00,"100 מ""ל",false,1,16.50,1.65,true,1,
4850010652555,false,"שיכר רימונים (חצי מתוק 750 מ""ל SHAHNAZ",,AM,שיכר רימונים חצי מתו,מיליליטרים,750.00,"100 מ""ל",false,1,28.90,3.85,true,1,
4860009000014,false,מיץ רימונים 100% סחוט ללא תוספת סוכר,תומר ייבוא ושיווק מוצרי מזון [,,מיץ רימונים 1 ליטר ת,מיליליטרים,1000.00,"100 מ""ל",false,1,21.90,2.19,true,1,
4860019001346,false,בורז'ומי מים מינרליים טבעיים 500מ'ל חדש,אי די אס בורגומי,,מים מינרלים בורגומי,מיליליטרים,500.00,"100 מ""ל",false,1,6.90,1.38,true,1,
4860019001414,false,מים מינרליים 750 מל בורזוימי,האי נאם סי או אל.טי.,,"מים בורגומי 750 מ""ל",מיליליטרים,750.00,"100 מ""ל",false,1,8.90,1.19,true,1,
4860019001421,false,"שישייה מים מינרלים בורג`ומי 750מ""ל",יורוסטנדרט בעמ,,שישיית מים בורגומי 7,מיליליטרים,6500.00,"100 מ""ל",false,1,44.90,0.69,true,1,
4891130001199,false,מזרח ומערב יבוא פון,Pun chun sauce & pre,,רוטב צדפות 450 גרם,גרמים,450.00,100 גרם,false,1,17.70,3.93,true,1,
<<<<<<< HEAD
4891199027598,false,סוללות אולטרה GP אלקליין 4 יח' AA,סמיקום,,סול GP אולטרה אלקליי,Unknown,0.00,Unknown,false,1,9.40,9.40,true,1,
4891199027659,false,סול אולטרה אלקליין C4 1.5V AAA,סמיקום,,סול GP אולטרה אלקליי,Unknown,0.00,Unknown,false,1,9.40,9.40,true,1,
4891228302023,false,ס.גילוח שיק אקסטרים 3 אולטימייט לגבר 4 י,שיק Schick,,ס.גילוח שיק אקסטרים,Unknown,0.00,Unknown,false,1,25.20,25.20,true,1,
=======
4891199027659,false,סול אולטרה אלקליין C4 1.5V AAA,סמיקום לקסיס בעמ,,סול GP אולטרה אלקליי,Unknown,0.00,Unknown,false,1,9.40,9.40,true,1,
4891228302023,false,ס.גילוח שיק אקסטרים 3 אולטימייט לגבר 4 י,ש.שסטוביץ בעמ,,ס.גילוח שיק אקסטרים,Unknown,0.00,Unknown,false,1,25.20,25.20,true,1,
>>>>>>> d048ac2f4f281c9d788043ab4e81b61b0dbe3743
4891228430085,false,סכיני גילוח שיק אקסטרים קומפורט לגבר 3 להבים 4 יחידות,אנרג'יזר Energizer,,שיק אקסטרים 3 פס לח,Unknown,0.00,Unknown,false,1,25.20,25.20,true,1,
4903001904192,false,רוטב סויה יאמאסה פרימיום 500מ`ל,הדקלאים אגודת שיתופי,,רוטב סויה יאמסה 500,מיליליטרים,500.00,"100 מ""ל",false,1,17.90,3.58,true,1,
4903001904208,false,רוטב סויה יאמאסה פרימיום 1 ליטר,הדקלאים אגודת שיתופי,,רוטב סויה יאמסה פרימ,מיליליטרים,1000.00,"100 מ""ל",false,1,31.90,3.19,true,1,
4903001925784,false,"רוטב סויה יאמאסה דל מלח 500מ""ל פרימיום",הדקלאים אגודת שיתופי,,רוטב סויה יאמאסה פרמ,מיליליטרים,500.00,"100 מ""ל",false,1,17.90,3.58,true,1,
4903001930993,false,"רוטב טריאקי יאמאסה 500 מ""ל",ליימן שליסל בע`מ,,רוטב טריאקי יאמאסה 5,מיליליטרים,500.00,"100 מ""ל",false,1,17.90,3.58,true,1,
4970916160708,false,משקה סאקה צוינאמה 30,,JP,"סאקה צוינאמה 300 מ""ל",מיליליטרים,300.00,"100 מ""ל",false,1,41.90,13.97,true,1,
<<<<<<< HEAD
4978094999219,false,מחית סויה לבנה שירו מיסו 500 גרם,מזרח ומערב,,מחית סויה לבנה שירו,גרמים,500.00,100 גרם,false,1,19.80,3.96,true,1,
=======
4978094999219,false,מחית סויה לבנה שירו מיסו 500 גרם,מזרח ומערב יבוא ושיווק,,מחית סויה לבנה שירו,גרמים,500.00,100 גרם,false,1,19.80,3.96,true,1,
>>>>>>> d048ac2f4f281c9d788043ab4e81b61b0dbe3743
5000108478119,false,קווקר פתיתי שיבולת שועל 500גרם,,,קוואקר 500 גרם,גרמים,500.00,100 גרם,false,1,12.90,2.58,true,1,
5000111047364,false,רוטב ברביקיו דבש 465 גרם,דיפלומט מפיצים (1968) בעמ**,NL,רוטב ברביקיו דבש 465,גרמים,465.00,100 גרם,false,1,17.90,3.85,true,1,
5000111047371,false,רטבי HP ברביקיו קלאסי היינץ,דיפלומט מפיצים (1968) בעמ**,,רוטב ברביקיו קלאסי 4,גרמים,465.00,100 גרם,false,1,18.80,4.04,true,1,
5000127163195,false,דגני בוקר קלוגס ספיישל קיי 500גרם,חברת קלוגס בריטניה,,דגני ספיישל קיי 500,גרמים,500.00,100 גרם,false,1,24.90,4.98,true,1,
5000146057710,false,ספריי רב שימושי לחלונות ומשטחים ווינדולין Windolene,רקיט בנקיזר (ניר איסט) בעמ,,נוזל וונדולין כחול 7,מיליליטרים,750.00,"100 מ""ל",false,1,10.40,1.39,true,1,
5000146401568,false,וולייט דפים למניעת העברת צבע 10 דפים,רקיט בנקיזר (ניר איסט) בעמ,,וולייט קולור פרוטקשן,Unknown,0.00,Unknown,false,1,15.60,15.60,true,1,
5000157143365,false,מתבל בטעם מיונז וקטשופ היינץ 425 גרם,דיפלומט מפיצים (1968) בעמ**,PL,מתבל בטעם מיונז וקטש,מיליליטרים,425.00,"100 מ""ל",false,1,14.90,3.51,true,1,
5000159020312,false,מלטיזרס אריזה קטנה 37 גרם,"מרס ריגלי ישראל בע""מ",,מלטיזרס 37 גרם,גרמים,37.00,100 גרם,false,1,4.90,13.24,true,1,
5000159304245,false,מ&מס קריספי 36 גרם,,,מ&מס קריספי 36 גרם,גרמים,36.00,100 גרם,false,1,4.90,13.61,true,1,
5000159376655,false,סוכריות SKITTLES פירות קטן 38 גרם אדום,"מרס ריגלי ישראל בע""מ",,סקיטלס פירות 38 גרם,גרמים,38.00,100 גרם,false,1,3.30,8.68,true,1,
5000159376792,false,סוכריות סקיטלס Skittles פירות חמוצים,"מרס ריגלי ישראל בע""מ",,סקיטלס חמוץ 38 גרם,גרמים,38.00,100 גרם,false,1,3.30,8.68,true,1,
5000159382694,false,מארס עשירייה 450 גרם,,NL,מארס עשירייה 450 גרם,גרמים,450.00,100 גרם,false,1,24.90,5.53,true,1,
5000159382731,false,סניקרס 10*50 גרם,,,סניקרס 10*50 גרם,גרמים,500.00,100 גרם,false,1,24.90,4.98,true,1,
5000159407236,false,מרס חטיף שוקולד עם קרמל 51 גרם,"מרס ריגלי ישראל בע""מ",,חטיף מארס 51 גרם,גרמים,51.00,100 גרם,false,1,3.90,7.65,true,1,
5000159459228,false,חטיף אצבעות קרמל ושוקולד טוויקס (50 גרם),"מרס ריגלי ישראל בע""מ",,חטיף טוויקס 50 גרם,גרמים,50.00,100 גרם,false,1,3.90,7.80,true,1,
5000159461122,false,סניקרס חטיף שוקולד עם בוטנים 50 גרם,"מרס ריגלי ישראל בע""מ",,חטיף סניקרס 50 גרם,גרמים,50.00,100 גרם,false,1,3.90,7.80,true,1,
5000159471510,false,אם אנד אם בוטנים 220 גרם,,FR,אם אנד אם בוטנים 220,גרמים,220.00,100 גרם,false,1,16.70,7.59,true,1,
5000159471794,false,אם אנד אם שוקולד 220 גרם,,BE,אם אנד אם שוקולד 220,גרמים,220.00,100 גרם,false,1,16.70,7.59,true,1,
5000159473026,false,טוויקס מיניס 227 גרם,,NL,טוויקס מיניס 227 גרם,גרמים,227.00,100 גרם,false,1,15.90,7.00,true,1,
5000159473279,false,באונטי מיניס 227 גרם,,NL,באונטי מיניס 227 גרם,גרמים,227.00,100 גרם,false,1,15.90,7.00,true,1,
5000159473927,false,סניקרס מיניס 227 גרם,,NL,סניקרס מיניס 227 גרם,גרמים,227.00,100 גרם,false,1,15.90,7.00,true,1,
5000159473965,false,מילקיווי מיניס 227 גרם,,,מילקיווי מיניס 227 ג,גרמים,227.00,100 גרם,false,1,16.90,7.44,true,1,
5000159474573,false,מארס מיניס 227 גרם,,NL,מארס מיניס 227 גרם,גרמים,227.00,100 גרם,false,1,15.90,7.00,true,1,
5000159543859,false,מלטיזרס שוקולד מריר 59 גרם,,,מלטיזרס שוקולד מריר,גרמים,59.00,100 גרם,false,1,10.50,17.80,true,1,
5000168199245,false,שוקולד חלב מעולה בתוספת קרמל מלוח פיור גודייבה 90 ג',"אולקר מקבוצת פלאדיס, ציק",TR,שוקולד חלב מעולה בתו,גרמים,90.00,100 גרם,false,1,14.90,16.56,true,1,
5000175411217,false,קוביות תיבול 71 גרם XO ירקות,,,קוביות תיבול 71 גרם,גרמים,71.00,100 גרם,false,1,16.90,23.80,true,1,
5000189363069,false,חטיף שוקולד אפטר אייט200,נסטלה,,אפטר אייט 200 גר,גרמים,200.00,100 גרם,false,1,15.20,7.60,true,1,
5000204115048,false,גלייד ארוסול מבשם אוויר בניחוח לבנדר,"אס.סי ג'\ונסון,מידרכט, ה",NL,מטהר אוויר גלייד ארו,מיליליטרים,300.00,"100 מ""ל",false,1,11.90,3.97,true,1,
5000204133509,false,זיפלוק שקיות אחסון גדולות 19 יחידות,אס.סי.גונסון ובניו,,זיפלוק שקיות אחסון ג,Unknown,0.00,Unknown,false,1,16.70,16.70,true,1,
5000204151022,false,"פלדג' אירוסול לניקוי רהיטים לבנדר 250 מ""ל","אס.סי ג'\ונסון, אירופלנט",NL,מרסס פלדג רהיטים לבנ,מיליליטרים,250.00,"100 מ""ל",false,1,18.90,7.56,true,1,
5000204151053,false,"פלדג' אירוסול לניקוי רהיטים קלאסי 250 מ""ל","אס.סי ג'\ונסון, אירופלנט",NL,מרסס פלדג רהיטים קלא,מיליליטרים,250.00,"100 מ""ל",false,1,18.90,7.56,true,1,
5000204153903,false,מטהר אוויר גלייד מילוי אוטומטי מרכך כביסה,"קוסטר אירוסול ואלף סאן,",TR,מילוי אוטומטי גלייד,מיליליטרים,269.00,"100 מ""ל",false,1,20.90,7.77,true,1,
5000204660159,false,"קיווי אקספרס ספוג הברקה שקוף 6מ""ל",המאפיה של הרמן,,משחת נעליים קווי אקס,Unknown,0.00,Unknown,false,1,27.90,27.90,true,1,
5000232902450,false,שעועית אפויה HP בעגבניות ברנסטון 350 גר,,,שעועית אפויה 420 גר,גרמים,420.00,100 גרם,false,1,8.30,1.98,true,1,
5000267024233,false,"וויסקי ג'וני בלאק לייבל עם פורר 700מ""ל",החברה המרכזית להפצת משקאות בעמ,,מארז גוני ווקר שחור,מיליליטרים,700.00,"100 מ""ל",false,1,109.90,15.70,true,1,
5000289925440,false,גין גורדון בקבוק 700,החברה המרכזית להפצת משקאות-אלכ,,"גין גורדון 700 מ""ל",מיליליטרים,700.00,"100 מ""ל",false,1,79.90,11.41,true,1,
5000299223031,false,"קפטן מורגן ספייסד - רום 750 מ""ל",יבואן ומשווק: ש. שסט,,רום קפטן מורגן ספייס,מיליליטרים,750.00,"100 מ""ל",false,1,89.90,11.99,true,1,
<<<<<<< HEAD
5000299629253,false,ווסקי בלנטיינס 700 מל +2 כוסות,,,ווסקי בלנטיינס 700 מ,מיליליטרים,700.00,"100 מ""ל",false,1,79.90,11.41,true,1,
5000328697796,false,דוריטוס-דיפ סלסה חריפות בינונית 300 גרם,,GB,דוריטוס-דיפ סלסה חרי,גרמים,300.00,100 גרם,false,1,19.90,6.63,true,1,
5000394140820,false,שישיות סוללות AA פלוס פאוור דורסל,דורסל,BE,סוללות דורסל פלוס פא,יחידה,1.00,יחידה,false,1,15.90,15.90,true,1,
5000394141209,false,שישיות סוללות AAA פלוס פאוור דורסל,דיפלומט,BE,סוללות דורסל פלוס פא,יחידה,1.00,יחידה,false,1,15.90,15.90,true,1,
5000394203907,false,סוללות דורסל ליתיום זוג,דורסל Duracell,,סוללות דורסל ליתיום,Unknown,0.00,Unknown,false,1,19.90,19.90,true,1,
5000396037531,false,מקוויטיס ביסקוויט מצופה שוקולד חלב 200 גרם,ברנדס סרטרה נשיונל,,מקוויטיס ביסקוויט מצ,גרמים,200.00,100 גרם,false,1,12.50,6.25,true,1,
5000396037548,false,מקוויטיס ביסקוויט מצופה שוקולד מריר 200 גרם,ברנדס סרטרה נשיונל,,מקוויטיס ביסקוויט מצ,גרמים,200.00,100 גרם,false,1,12.50,6.25,true,1,
5010029222005,false,דגנים חיטה מלאה עם פרוטאין וויטביקס 440,וויטביקס,,דגנים חיטה מלאה עם פ,גרמים,440.00,100 גרם,false,1,30.50,6.93,true,1,
=======
5000299284865,false,"וויסקי פור רוזס סמול באץ 700 מ""ל",,,וויסקי פור רוזס סמול,מיליליטרים,700.00,"100 מ""ל",false,1,131.90,18.84,true,1,
5000299629253,false,ווסקי בלנטיינס 700 מל +2 כוסות,טמפו משקאות בעמ,,ווסקי בלנטיינס 700 מ,מיליליטרים,700.00,"100 מ""ל",false,1,79.90,11.41,true,1,
5000328697796,false,דוריטוס-דיפ סלסה חריפות בינונית 300 גרם,,GB,דוריטוס-דיפ סלסה חרי,גרמים,300.00,100 גרם,false,1,19.90,6.63,true,1,
5000394140820,false,שישיות סוללות AA פלוס פאוור דורסל,דיפלומט מפיצים (1986) בע`מ,BE,סוללות דורסל פלוס פא,יחידה,1.00,יחידה,false,1,15.90,15.90,true,1,
5000394141209,false,שישיות סוללות AAA פלוס פאוור דורסל,דיפלומט מפיצים (1986) בע`מ,BE,סוללות דורסל פלוס פא,יחידה,1.00,יחידה,false,1,15.90,15.90,true,1,
5000394203907,false,סוללות דורסל ליתיום זוג,דיפלומט מפיצים (1968) בעמ,,סוללות דורסל ליתיום,Unknown,0.00,Unknown,false,1,19.90,19.90,true,1,
5000396037531,false,מקוויטיס ביסקוויט מצופה שוקולד חלב 200 גרם,תה ויסוצקי (ישראל)בעמ,,מקוויטיס ביסקוויט מצ,גרמים,200.00,100 גרם,false,1,12.50,6.25,true,1,
5000396037548,false,מקוויטיס ביסקוויט מצופה שוקולד מריר 200 גרם,תה ויסוצקי (ישראל)בעמ,,מקוויטיס ביסקוויט מצ,גרמים,200.00,100 גרם,false,1,12.50,6.25,true,1,
5010029222005,false,דגנים חיטה מלאה עם פרוטאין וויטביקס 440,ר.ב. מוצרי דגנים בעמ,,דגנים חיטה מלאה עם פ,גרמים,440.00,100 גרם,false,1,30.50,6.93,true,1,
5010123703585,false,ליסטרין קולמינט 500 מל-יבוא מקביל,רותם מיטרו יבוא וסחר,,מי פה ליסטרין קולמינ,מיליליטרים,500.00,"100 מ""ל",false,1,17.90,3.58,true,1,
>>>>>>> d048ac2f4f281c9d788043ab4e81b61b0dbe3743
5010182997253,false,רייד תרסיס קוטל ג'וקים/תיקנים 300 מל,אס.סי.ג'ונסון מידרכט,,רייד מקס קוטל חרקים,מיליליטרים,400.00,"100 מ""ל",false,1,19.40,4.85,true,1,
5010182997918,false,דאק ג'ל לניקוי אסלות בניחוח ים 55 מל,"איטיליאן פוד, אס.פי.",,טואלט דאק גל אסלה 55,מיליליטרים,55.00,"100 מ""ל",false,1,13.10,23.82,true,1,
5010182998847,false,דאק נוזל לניקוי אסלות בניחוח ים 750 מל,מיוצר עי קונדיטוריית,,נוזל לניקוי אסלה דאק,מיליליטרים,750.00,"100 מ""ל",false,1,12.90,1.72,true,1,
5010314048907,false,"וויסקי מקאלן פיין אוק 12 שנה 700 מ""ל",מקאלן דיסטילרי,,וויסקי מקלן פיין אוק,מיליליטרים,700.00,"100 מ""ל",false,1,265.00,37.86,true,1,
5010314101015,false,וויסקי פיימוס גראוס 1 ליטר,מתיו גלוג אנד סאן,,וויסקי פיימוס גראוס,מיליליטרים,1000.00,"100 מ""ל",false,1,104.90,10.49,true,1,
5010327105215,false,וויסקי מאנקי שולדר Monkey Shoulder,"וויליאם גראנט ובניו בע""\",,וויסקי מונקי שולדר 7,מיליליטרים,700.00,"100 מ""ל",false,1,139.90,19.99,true,1,
5010327325125,false,וויסקי גלנפידיך 15 שנה סולרה רזרב 750 מל,גרנט'ס (William Gran,,וויסקי גלנפידיך,מיליליטרים,750.00,"100 מ""ל",false,1,189.90,25.32,true,1,
<<<<<<< HEAD
5010327399614,false,"גלנפידיך 12 אמריקן אווק כשר 700 מ""ל",וויליאם גרנטס ובניו,GB,גלנפידיך 12 אמריקן א,מיליליטרים,700.00,"100 מ""ל",false,1,179.90,25.70,true,1,
5010677552387,false,"בקרדי בריזר אננס 275 מ""ל בקבוק",בקרדי בריזר Bacardi Breezer,,בקרדי בריזר אננס 275,מיליליטרים,275.00,"100 מ""ל",false,1,14.50,5.27,true,1,
5010677554398,false,"בקרדי בריזר אבטיח 275 מ""ל בקבוק",בקרדי בריזר Bacardi Breezer,,בקרדי בריזר אבטיח,מיליליטרים,275.00,"100 מ""ל",false,1,14.50,5.27,true,1,
5010677850100,false,וודקה גריי גוס בקבוק,בקרדי מרטיני,FR,וודקה גריי גוס 700 מ,מיליליטרים,700.00,"100 מ""ל",false,1,109.90,15.70,true,1,
5011007003005,false,"וויסקי אירי, ג'יימסון, 700 מ''ל",אייריש דיסטילרז,,וויסקי אירי גיימסון,גרמים,800.00,100 גרם,false,1,94.90,11.86,true,1,
=======
5010327399614,false,"גלנפידיך 12 אמריקן אווק כשר 700 מ""ל",הכרם - משקאות חריפים בעמ,GB,גלנפידיך 12 אמריקן א,מיליליטרים,700.00,"100 מ""ל",false,1,179.90,25.70,true,1,
5010677551281,false,בריזר לימון בבקבוק בקרדי (275 מל),בקרדי בריזר Bacardi Breezer,,בקרדי בריזר לימון,מיליליטרים,275.00,"100 מ""ל",false,1,14.50,5.27,true,1,
5010677552387,false,"בקרדי בריזר אננס 275 מ""ל בקבוק",בקרדי בריזר Bacardi Breezer,,בקרדי בריזר אננס 275,מיליליטרים,275.00,"100 מ""ל",false,1,14.50,5.27,true,1,
5010677554398,false,בריזר אבטיח בבקבוק בקרדי (275 מל),בקרדי בריזר Bacardi Breezer,,בקרדי בריזר אבטיח,מיליליטרים,275.00,"100 מ""ל",false,1,14.50,5.27,true,1,
5010677850100,false,"וודקה צרפתית גריי גוס 700מ""ל",בקרדי מרטיני,FR,וודקה גריי גוס 700 מ,מיליליטרים,700.00,"100 מ""ל",false,1,109.90,15.70,true,1,
5011007003005,false,"וויסקי אירי, ג'יימסון, 700 מ''ל",טמפו משקאות בע`מ,,וויסקי אירי גיימסון,גרמים,800.00,100 גרם,false,1,94.90,11.86,true,1,
>>>>>>> d048ac2f4f281c9d788043ab4e81b61b0dbe3743
5011007003227,false,וויסקי גיימיסון 1 ליטר,אייריש דיסטלריז,,וויסקי גיימיסון 1 לי,מיליליטרים,1000.00,"100 מ""ל",false,1,124.90,12.49,true,1,
5011013100132,false,"ויסקי בייליס אייריש קרים 750 מ""ל",r&a baileys,,אייריש קרים בייליס 7,מיליליטרים,750.00,"100 מ""ל",false,1,88.90,11.85,true,1,
5011157630281,false,אורז לבן ארוך בסמטי טילדה Tilda,ש. שסטוביץ בע`מ,,אורז בסמטי טילדה 1 ק,גרמים,1000.00,100 גרם,false,1,24.90,2.49,true,1,
5011157730271,false,אורז יסמין לבן ארוך טילדה,ש.שסטוביץ בעמ,,אורז יסמין טילדה 1 ק,גרמים,1000.00,100 גרם,false,1,26.50,2.65,true,1,
5011348016238,false,בירה שיפיארד 500מל פ,ויצ'וויד,,"בירה שיפיארד 500 מ""ל",מיליליטרים,500.00,"100 מ""ל",false,1,17.90,3.58,true,1,
5011348017112,false,"בירה הובגובלין פחית 500 מ""ל",,GB,בירה הובגובלין פחית,מיליליטרים,500.00,"100 מ""ל",false,1,16.90,3.38,true,1,
5011348019772,false,"בירה הובגובלין אי.פי.איי 500 מ""ל",ויצ'וויד,,בירה הובגובלין אי.פי,מיליליטרים,500.00,"100 מ""ל",false,1,17.90,3.58,true,1,
5011417547885,false,"אירוויק מקלות ריחניים בניחוח כביסה באוויר 30 מ""ל",רקיט בנקיזר (ניר איסט) בעמ,,מקלות ריחניים בניחוח,Unknown,0.00,Unknown,false,1,19.90,19.90,true,1,
5012035965587,false,הריבו סאוור ספארקס 175 גרם,,IT,הריבו סאוור ספארקס 1,גרמים,175.00,100 גרם,false,1,8.90,5.09,true,1,
5013387205826,false,פרואט-חטיף ללא גלוטן שוקולד 100 גרם,,GB,פרואט-חטיף ללא גלוטן,גרמים,100.00,100 גרם,false,1,15.90,15.90,true,1,
5013965948428,false,משחת שיניים פרו אקספרט לניקוי יסודי מנטה מעודן,דיפלומט מפיצים (1968) בעמ,DE,משחת שיניים אורל בי,מיליליטרים,75.00,"100 מ""ל",false,1,15.30,20.40,true,1,
5013967003996,false,וויסקי גון באאר פיינסט 1 ליטר,,GB,וויסקי גון באאר פיינ,מיליליטרים,1000.00,"100 מ""ל",false,1,93.90,9.39,true,1,
5013967011557,false,"וויסקי טמנאוולין דאבל קאסק 700 מ""ל",,GB,וויסקי טמנאוולין דאב,מיליליטרים,700.00,"100 מ""ל",false,1,145.90,20.84,true,1,
5013967015401,false,"טמנאוולין שרי פיניש סינגל מאלט 700 מ""ל",,GB,טמנאוולין שרי פיניש,מיליליטרים,700.00,"100 מ""ל",false,1,156.90,22.41,true,1,
5014271300429,false,"מעדן משמש 100% פרי סנטדלפור 284 גרם לל""ס",סאן דלפור - שמבור,,מעדן סאנט דלפור משמש,גרמים,284.00,100 גרם,false,1,19.90,7.01,true,1,
5014271310428,false,מעדן דובדבנים שחורים ללא תוספת סוכר 284 גרם,סאן דלפור - שמבור,,מעדן סאנט דלפור דובד,גרמים,284.00,100 גרם,false,1,19.90,7.01,true,1,
5014271330426,false,מעדן אוכמניות כחולות ללא תוספת סוכר 284 גרם,סאן דלפור - שמבור,,מעדן סאנט דלפור אוכמ,גרמים,284.00,100 גרם,false,1,19.90,7.01,true,1,
5014271350424,false,מעדן ארבעה פירות ללא תוספת סוכר 284 גרם,סאן דלפור - שמבור,,מעדן סאנט דלפור ארבע,גרמים,284.00,100 גרם,false,1,19.90,7.01,true,1,
5014271360423,false,"מעדן תפוזים לל""ס סאן דלפור 284 גרם",סאן דלפור - שמבור,,מעדן סאנט דלפור תפוז,גרמים,284.00,100 גרם,false,1,19.90,7.01,true,1,
5014271400426,false,"מעדן בטעם תות שדה לל""ס סאן דלפור 284 גרם",סאן דלפור - שמבור,,מעדן סאנט דלפור תות,גרמים,284.00,100 גרם,false,1,19.90,7.01,true,1,
5014271560427,false,מעדן תפוז וג'ינג'ר ללא סוכר סאן דלפור 284 גר,סאן דלפור - שמבור,,מעדן סאנט דלפור תפוז,גרמים,284.00,100 גרם,false,1,19.90,7.01,true,1,
5018357006731,false,תערובת דגנים 40% פירות ואגוזים 560 גרם,אחים טיירי עסקי מזון בעמ,,תערובת דגנים 40% פיר,גרמים,560.00,100 גרם,false,1,31.50,5.63,true,1,
5018357006816,false,תערובת דגנים 30% פירות ואגוזים 620 גרם,אחים טיירי עסקי מזון בעמ,,תערובת דגנים 30% פיר,גרמים,620.00,100 גרם,false,1,25.90,4.18,true,1,
5018357007653,false,תערובת דגנים עם פפאיה ואננס 620 גרם,דורסט סיריאלס Dorset Cereals,,תערובת דגנים עם פפאי,גרמים,620.00,100 גרם,false,1,25.90,4.18,true,1,
5018357012459,false,תערובת דגנים דורסט סיריאלס פירות 600 ג,דורסט סיריאלס,,תערובת דגנים דורסט ס,גרמים,600.00,100 גרם,false,1,32.50,5.42,true,1,
5020628000126,false,"תאצרס הייז מעונן סיידר תפוחים 4.5% 500 מ""ל",ת'אצרס,,תאצרס הייז מעונן סיי,מיליליטרים,500.00,"100 מ""ל",false,1,9.90,1.98,true,1,
5026489483955,false,חטיף חומוס סיסולט איט ריל 45 גרם,לקסמי אנד סונס סי/\אי קו,,חטיף חומוס סיסולט אי,Unknown,0.00,Unknown,false,1,8.90,8.90,true,1,
<<<<<<< HEAD
5029053002408,false,קלינקס - נייר טואולט קליניקס לבן 9 גלילים,קימברלי קלארק ישראל,,נ.טואלט קלינקס לבן 9,מטרים,275.00,מטר,false,1,33.90,0.12,true,1,
5029053002439,false,קלינקס - נייר טואולט קליניקס צהוב 9 גלילים,חוגלה קימברלי,,נ.טואלט קלינקס צהוב,מטרים,275.00,מטר,false,1,33.90,0.12,true,1,
5029053039725,false,ממחטות נייר קלינקס נטורל פרש קופסה 72 דף,קימברלי קלארק,,ממחטות נייר קלינקס נ,Unknown,0.00,Unknown,false,1,11.90,11.90,true,1,
5029053510811,false,תחבושות נורמל פלוס עם כנפיים קוטקס 28 יחידות,קימברלי קלארק,,תחבושת קוטקס נורמל,Unknown,0.00,Unknown,false,1,18.90,18.90,true,1,
5029053510828,false,תחבושות סופר פלוס עם כנפיים קוטקס 22יחידות,קימברלי קלארק,,תחבושת קוטקס סופר +,Unknown,0.00,Unknown,false,1,18.90,18.90,true,1,
5029053535227,false,קוטקס טמפון עם מוליך נורמל 16 יחידות,קימברלי קלארק,,טמפון קוטקס עם מוליך,Unknown,0.00,Unknown,false,1,23.90,23.90,true,1,
5029053574110,false,האגיס פול אפס תח.גמילה יום בנים 20 יחידו,חוגלה,CZ,ת.גמילה האגיס פול אפ,Unknown,0.00,Unknown,false,1,49.90,49.90,true,1,
5029053574141,false,האגיס פול אפס תח.גמילה לילה בנות 18 יחיד,חוגלה,CZ,ת.גמילה האגיס פול אפ,Unknown,0.00,Unknown,false,1,49.90,49.90,true,1,
5029053578309,false,קופסת ממחטות אולטרה סופט 48 דף קלינקס,קימברלי קלארק,,קלינקס אולטרה סופט ק,יחידה,1.00,יחידה,false,1,7.30,7.30,true,1,
=======
5029053002408,false,קלינקס - נייר טואולט קליניקס לבן 9 גלילים,קימברלי קלארק ישראל שיווק בעמ,,נ.טואלט קלינקס לבן 9,מטרים,275.00,מטר,false,1,33.90,0.12,true,1,
5029053002439,false,קלינקס - נייר טואולט קליניקס צהוב 9 גלילים,קימברלי קלארק ישראל שיווק בעמ,,נ.טואלט קלינקס צהוב,מטרים,275.00,מטר,false,1,33.90,0.12,true,1,
5029053039725,false,ממחטות נייר קלינקס נטורל פרש קופסה 72 דף,קימברלי קלארק ישראל שיווק בעמ,,ממחטות נייר קלינקס נ,Unknown,0.00,Unknown,false,1,11.90,11.90,true,1,
5029053510811,false,תחבושות נורמל פלוס עם כנפיים קוטקס 28 יחידות,קימברלי קלארק ישראל שיווק בעמ,,תחבושת קוטקס נורמל,Unknown,0.00,Unknown,false,1,18.90,18.90,true,1,
5029053510828,false,תחבושות סופר פלוס עם כנפיים קוטקס 22יחידות,קימברלי קלארק ישראל שיווק בעמ,,תחבושת קוטקס סופר +,Unknown,0.00,Unknown,false,1,18.90,18.90,true,1,
5029053535227,false,קוטקס טמפון עם מוליך נורמל 16 יחידות,קימברלי קלארק ישראל שיווק בעמ,,טמפון קוטקס עם מוליך,Unknown,0.00,Unknown,false,1,23.90,23.90,true,1,
5029053574110,false,האגיס פול אפס תח.גמילה יום בנים 20 יחידו,קימברלי קלארק ישראל שיווק בעמ,CZ,ת.גמילה האגיס פול אפ,Unknown,0.00,Unknown,false,1,49.90,49.90,true,1,
5029053574141,false,האגיס פול אפס תח.גמילה לילה בנות 18 יחיד,קימברלי קלארק ישראל שיווק בעמ,CZ,ת.גמילה האגיס פול אפ,Unknown,0.00,Unknown,false,1,49.90,49.90,true,1,
5029053574158,false,האגיס פול אפס תח.גמילה לילה בנים 18 יחיד,קימברלי קלארק ישראל שיווק בעמ,CZ,ת.גמילה האגיס פול אפ,Unknown,0.00,Unknown,false,1,49.90,49.90,true,1,
5029053578309,false,קופסת ממחטות אולטרה סופט 48 דף קלינקס,קימברלי קלארק ישראל שיווק בעמ,,קלינקס אולטרה סופט ק,יחידה,1.00,יחידה,false,1,7.30,7.30,true,1,
>>>>>>> d048ac2f4f281c9d788043ab4e81b61b0dbe3743
5030544902121,false,גבינה מעושנת DORSET RED במשקל,,,גבינה מעושנת DORSET,Unknown,0.00,"ק""ג",true,0,143.00,143.00,true,1,
5032678004870,false,"מי טוניק 200 מ""ל",,GB,"מי טוניק 200 מ""ל",מיליליטרים,200.00,"100 מ""ל",false,1,7.20,3.60,true,1,
5032678004979,false,"פרנקלין & סאנס טוניק קלאסי דל קלוריות 200 מ""ל",,GB,טוניק לייט פרנקלין,מיליליטרים,200.00,"100 מ""ל",false,1,7.20,3.60,true,1,
<<<<<<< HEAD
5050083559761,false,דגני בוקר קלוגס קוקו פופס שוקוס 500 גרם,קלוגס מניופקטורינג אספנה,,קלוגס קוקו פופס שוקו,גרמים,500.00,100 גרם,false,1,18.90,3.78,true,1,
=======
5032678006553,false,"מי טוניק אשכולית אדומה 200 מ""ל",,GB,מי טוניק אשכולית אדו,מיליליטרים,200.00,"100 מ""ל",false,1,7.20,3.60,true,1,
5050974505259,false,פת פריכה קמח שיפון מלא עם גרעינים ודגנים קלויים,דה ג'ורדנס אנד ריווי,,רייויטה פת פריכה שיפ,גרמים,250.00,100 גרם,false,1,12.90,5.16,true,1,
>>>>>>> d048ac2f4f281c9d788043ab4e81b61b0dbe3743
5053827193368,false,דגני בוקר קלוגס ברנפלקס 500 גרם,קלוגס קומפני אוף גרייט ב,,קלוגס בראנפלקס 500 ג,גרמים,500.00,100 גרם,false,1,21.90,4.38,true,1,
5053827215862,false,דגני בוקר קלוגס קוקו פופס בטעם שוקולד (,קלוגס מניופקטורינג אספנה,,קוקו פופס 500 גרם,גרמים,500.00,100 גרם,false,1,18.90,3.78,true,1,
5055966810014,false,ויסקי בושמילס בלאק ב,אלב בושמילס,,וויסקי בלק בוש 700 מ,מיליליטרים,700.00,"100 מ""ל",false,1,124.90,17.84,true,1,
5055966820037,false,"וויסקי בושמילס סינגל 10 שנים750 מ""ל",אלב בושמילס,,וויסקי בושמילס סינגל,מיליליטרים,750.00,"100 מ""ל",false,1,208.90,27.85,true,1,
5060074861513,false,היילנד קווין סינגל מאלט מגסטי 12 ש 700 מ,,,היילנד קווין סינגל מ,מיליליטרים,700.00,"100 מ""ל",false,1,172.90,24.70,true,1,
5060108450089,false,"פרימיום ג'ינג'ר אייל 200 מ""ל",פיבר טרי,,"גינגר אייל 200 מ""ל",מיליליטרים,200.00,"100 מ""ל",false,1,8.90,4.45,true,1,
5060119291466,false,חטיף חלבון שוקולד מריר ופטל סמארט 64 גרם,,DE,חטיף חלבון שוקולד מר,גרמים,64.00,100 גרם,false,1,16.90,26.41,true,1,
5060119291497,false,חטיף חלבון קרם עוגיות סמארט 64 גרם,,DE,חטיף חלבון קרם עוגיו,גרמים,64.00,100 גרם,false,1,16.90,26.41,true,1,
5060119292050,false,חטיף חלבון בראוני שוקולד סמארט 64 גרם,,DE,חטיף חלבון בראוני שו,גרמים,64.00,100 גרם,false,1,16.90,26.41,true,1,
5060309490136,false,דיאבלו סוכריות ללא סוכר תות 75 גרם,,GB,דיאבלו סוכריות ללא ס,גרמים,75.00,100 גרם,false,1,9.90,13.20,true,1,
5060319120115,false,תה ירוק אורגני 50 גרם הייר ליבינג,אונלי נטורל פרודקטס,,תה ירוק אורגני 50 גר,Unknown,0.00,Unknown,false,1,17.90,17.90,true,1,
5060326870898,false,חטיף ציפס חלבון בטעם ברביקיו מתוק85 ג,,GB,חטיף ציפס חלבון בטעם,גרמים,85.00,100 גרם,false,1,9.90,11.65,true,1,
5060402908248,false,סניקרס חטיף חלבון 55 גרם,פארם אקספרס,NL,סניקרס חטיף חלבון 55,גרמים,55.00,100 גרם,false,1,16.90,30.73,true,1,
5060424707782,false,RAW חטיף חלבון ש.שועל שו.לבן קרנברי 75 ג,,GB,RAW חטיף חלבון ש.שוע,גרמים,75.00,100 גרם,false,1,12.90,17.20,true,1,
5060462260539,false,אצבעות וופל במילוי קרם אגוזים מצופה שוקולד 45 גרם - לאב רואו,,ES,אצבעות וופל קרם אגוז,גרמים,45.00,100 גרם,false,1,15.90,35.33,true,1,
5060462260683,false,אצבעות וופל במילוי קרם אגוזים מצופה שוקולד לבן 45 גרם - לאב רואו,,ES,אצבעות וופל קרם אגוז,גרמים,45.00,100 גרם,false,1,15.90,35.33,true,1,
<<<<<<< HEAD
5060639128051,false,"משקה אנרגיה מונסטר אולטרה בפחית 500 מ""ל",מונסטר אנרג'י לימטד,RS,מונסטר ULTRA פחית 50,מיליליטרים,500.00,"100 מ""ל",false,1,6.50,1.30,true,1,
5060639129102,false,"משקה אנרגיה מונסטר אנרג'י מנגו בפחית 500 מ""ל",מונסטר אנרג'י Monster Energy,,Mango Loco מונסטר 50,מיליליטרים,500.00,"100 מ""ל",false,1,6.50,1.30,true,1,
5060751218173,false,"משקה אנרגיה מונסטר אנרג'י piplin punch בפחית 500 מ""ל",מונסטר אנרג'י לימטד,,מונסטר פייפליין פאנצ,מיליליטרים,500.00,"100 מ""ל",false,1,6.50,1.30,true,1,
5060751219033,false,"משקה אנרגיה מונסטר אנרג'י זירו paradise בפחית 500 מ""ל",מונסטר אנרג'י לימטד,,מונסטר אולטרה פרדייס,מיליליטרים,500.00,"100 מ""ל",false,1,6.50,1.30,true,1,
5200106871121,false,"יוגורט יווני 1 ק""ג",,GR,"יוגורט יווני 1 ק""ג",קילוגרמים,0.00,"ק""ג",false,1,31.50,31.50,true,1,
5200133120483,false,גליליות וופלים ממולא קרם וניל 400 גר,יוניליוור גרמניה Gm,,גליליות וופלים ממולא,גרמים,400.00,100 גרם,false,1,18.80,4.70,true,1,
5200133120582,false,גולדן ברייק גליליות וופל במילוי קרם עם שוקולד מריר 150 גרם,גולדן ברייק Golden break,,גליליות וופלים במילו,גרמים,150.00,100 גרם,false,1,7.90,5.27,true,1,
=======
5060639128051,false,"משקה אנרגיה מונסטר אולטרה בפחית 500 מ""ל",החברה המרכזית להפצת משקאות בעמ,RS,מונסטר ULTRA פחית 50,מיליליטרים,500.00,"100 מ""ל",false,1,6.50,1.30,true,1,
5060639129102,false,"משקה אנרגיה מונסטר אנרג'י מנגו בפחית 500 מ""ל",החברה המרכזית להפצת משקאות בעמ,,Mango Loco מונסטר 50,מיליליטרים,500.00,"100 מ""ל",false,1,6.50,1.30,true,1,
5060671000063,false,מיקסרים מיוון בטעם אשכולית ורודה 200 מל,,,מיקסרים מיוון בטעם,מיליליטרים,200.00,"100 מ""ל",false,1,8.20,4.10,true,1,
5060671000124,false,מיקסרים החדש מיוון בטעם טוניק לימון 200,,,מיקסרים החדש מיוון ב,מיליליטרים,200.00,"100 מ""ל",false,1,8.20,4.10,true,1,
5060671000148,false,"מיקסרים החדש מיוון בטעםגינג ביר 200 מ""ל",,,מיקסרים החדש מיוון ב,מיליליטרים,200.00,"100 מ""ל",false,1,8.20,4.10,true,1,
5060751218173,false,"משקה אנרגיה מונסטר אנרג'י piplin punch בפחית 500 מ""ל",החברה המרכזית להפצת משקאות בעמ,,מונסטר פייפליין פאנצ,מיליליטרים,500.00,"100 מ""ל",false,1,6.50,1.30,true,1,
5060751219033,false,"משקה אנרגיה מונסטר אנרג'י זירו paradise בפחית 500 מ""ל",החברה המרכזית להפצת משקאות בעמ,,מונסטר אולטרה פרדייס,מיליליטרים,500.00,"100 מ""ל",false,1,6.50,1.30,true,1,
5200106871121,false,"יוגורט יווני 1 ק""ג",,GR,"יוגורט יווני 1 ק""ג",קילוגרמים,0.00,"ק""ג",false,1,31.50,31.50,true,1,
5200123044010,false,גבינה פטה צאן יווני 400 גר,,,גבינה פטה צאן יווני,גרמים,400.00,100 גרם,false,0,44.90,11.23,true,1,
5200133120483,false,גליליות וופלים 400 גרם וניל גולדן ברייק,דיפלומט מפיצים (1968) בעמ**,,גליליות וופלים ממולא,גרמים,400.00,100 גרם,false,1,18.80,4.70,true,1,
5200133120582,false,גולדן ברייק גליליות וופל במילוי קרם עם שוקולד מריר 150 גרם,דיפלומט מפיצים (1968) בע`מ,,גליליות וופלים במילו,גרמים,150.00,100 גרם,false,1,7.90,5.27,true,1,
>>>>>>> d048ac2f4f281c9d788043ab4e81b61b0dbe3743
5201004021328,false,קפריס רולס גלילי וופל במילוי קרם אגוזי לוז וקקאו,אי. ג'יי פאפאדופולוס,GR,גליליות קפריס רולס ק,גרמים,115.00,100 גרם,false,1,9.20,8.00,true,1,
5201043004412,false,זיתי קלמטה שחורים 200 גר,,,זיתי קלמטה שחורים 37,מיליליטרים,370.00,"100 מ""ל",false,1,16.90,4.57,true,1,
5201178801054,false,"קרם רב שימושי ניוואה 250 מ""ל",טרופיקל דגיל תעשיות,,קרם רב שימושי 250 מל,גרמים,250.00,100 גרם,false,1,29.90,11.96,true,1,
5201347160326,false,גל לשמירה על חיי מכונת הכביסה קלגון 750מ,רקיט בנקיזר (ניר איסט) בעמ,,גל לשמירה על חיי מכו,מיליליטרים,750.00,"100 מ""ל",false,1,31.50,4.20,true,1,
5201940010110,false,זיתים שחורים קלמטה וילי פוד 250 גרם,ג. וילי-פוד אינטרנשיונל בע`מ,,זיתים שחורים מזן קלמ,גרמים,454.00,100 גרם,false,1,14.90,3.28,true,1,
5202175001515,false,חטיף נאצוס בטעם טבעי 225גרם,מזרח ומערב יבוא ושיווק,,נאצ`וס בטעם מלוח 225,גרמים,225.00,100 גרם,false,1,11.40,5.07,true,1,
5202300014496,false,ספריי לשיער חזק במיוחד וולה פלקס Wella flex,דיפלומט מפיצים (1968) בעמ,,פלקס אקסטרה סטרונג,מיליליטרים,250.00,"100 מ""ל",false,1,34.90,13.96,true,1,
5202302000022,false,זיתים שחורים טבעיים 275 גרם,לילייה פודס,,זיתים שחורים טבעיים,גרמים,275.00,100 גרם,false,1,16.90,6.15,true,1,
5202302010014,false,זיתים שחורים טבעיים טאסוס 170 גרם,,,זיתים שחורים טבעיים,גרמים,170.00,100 גרם,false,1,14.90,8.76,true,1,
<<<<<<< HEAD
5202390019319,false,מוצרלה טבעונית מגוררת ויולייף 200ג',קראפט,,מוצרלה טבעונית לפיצה,גרמים,200.00,100 גרם,false,1,23.90,11.95,true,1,
5205427012499,false,מאפה פילו יווני במילוי ביונד מיט - טבעוני,אייוניקי ספוליאטה,GR,מאפה פילו ממולא ביונ,גרמים,400.00,100 גרם,false,1,39.90,9.98,true,1,
5391500600117,false,"בירה אוהרהס איריש סטאוט 330 מ""ל בקבוק",,IE,בירה אוהרס - אייריש,מיליליטרים,330.00,"100 מ""ל",false,1,13.90,4.21,true,1,
=======
5202390019319,false,מוצרלה טבעונית מגוררת ויולייף 200ג',דיפלומט מפיצים (1968) בעמ**,,מוצרלה טבעונית לפיצה,גרמים,200.00,100 גרם,false,1,23.90,11.95,true,1,
5205427012499,false,מאפה פילו יווני במילוי ביונד מיט - טבעוני,ג.וילי-פוד אינטרנשיונל **גבינו,GR,מאפה פילו ממולא ביונ,גרמים,400.00,100 גרם,false,1,39.90,9.98,true,1,
5391500600117,false,"בירה אוהרהס איריש סטאוט 330 מ""ל בקבוק",,IE,בירה אוהרס - אייריש,מיליליטרים,330.00,"100 מ""ל",false,1,13.90,4.21,true,1,
5391523057936,false,סימילאק גולד שלב 2 תרכובת מזון על בסיס חלב,אבוט מעבדות רפואיות,,סימילאק גולד שלב 2,גרמים,700.00,100 גרם,false,1,69.90,9.99,true,1,
>>>>>>> d048ac2f4f281c9d788043ab4e81b61b0dbe3743
5391523058070,false,סימילאק אדבנס פלוס 3 תרכובת מזון על בסיס חלב,טרופיקל דגיל תעשיות,IE,סימילאק אדוונס פלוס,גרמים,700.00,100 גרם,false,1,49.90,7.13,true,1,
5400141213898,false,שימורי מלפפון חמוץ מתוק בוני 530 גר,,BE,שימורי מלפפון חמוץ מ,גרמים,530.00,100 גרם,false,1,17.50,3.30,true,1,
5400141357530,false,שימורי מלפפון חמוץ מתוק בוני 530 גר,,BE,שימורי מלפפון חמוץ מ,גרמים,530.00,100 גרם,false,1,18.30,3.45,true,1,
5400265021553,false,המלט מארז 12 סוכריות סבא 170 גר,,,המלט מארז 12 סוכריות,גרמים,170.00,100 גרם,false,1,16.50,9.71,true,1,
5400265022802,false,המלט- שוקוליס דפדפי שוקולד 57% 125 גר,HAMLET NV,BE,המלט- שוקוליס דפדפי,גרמים,125.00,100 גרם,false,1,16.70,13.36,true,1,
5400265022819,false,המלט- שוקוליס דפדפי אגוז קריספי 125 גר,HAMLET NV,,המלט- שוקוליס דפדפי,גרמים,125.00,100 גרם,false,1,16.70,13.36,true,1,
<<<<<<< HEAD
5400265024349,false,המלט מאפה מבצק עלים מסוכר 250 גר,HAMLET NV,,המלט מאפה מבצק עלים,גרמים,250.00,100 גרם,false,1,13.50,5.40,true,1,
5410076933129,false,אריאל אבקת כביסה שושן צחור 3 קג,פרוקטר אנד גמבל,,"אריאל שושן צחור 3 ק""",קילוגרמים,0.00,"ק""ג",false,1,42.90,42.90,true,1,
5410126006087,false,עוגיות לוטוס ארוזות בתפזורת 700 גרם,לוטוס ביקרי נ.וי.,,ביסקוויט לוטוס קרמל,גרמים,700.00,100 גרם,false,1,26.90,3.84,true,1,
5410126006360,false,לוטוס עוגיות סנדוויץ' במילוי לוטוס 150 גר',לוטוס ביקרי בלגיה נ.,,לוטוס עוגיות במילוי,גרמים,150.00,100 גרם,false,1,9.50,6.33,true,1,
5410126116953,false,ממרח ביסקוויט קרמל לוטוס 400 גרם,לוטוס בייקרי בלגיה נ,,ממרח עוגיות לוטוס קר,גרמים,400.00,100 גרם,false,1,19.90,4.98,true,1,
5410126666038,false,"ביסקוויט קרמל לוטוס 279 גרם בד""צ",לוטוס ביקרי נ.וי,BE,עוגיות לוטוס 279 גרם,גרמים,279.00,100 גרם,false,1,12.90,4.62,true,1,
5410126716016,false,"עוגיות לוטוס ביסקויט קרמל בד""צ 250 גרם",לוטוס ביקרי בלגיה,,ביסקויט קרמל לוטוס 2,גרמים,250.00,100 גרם,false,1,11.80,4.72,true,1,
5410173210055,false,רומבוטס קפה קלוי וטחון לפילטר 10 יח' 70 גרם,קופי רומבוטס,,רומבוסט קפה טחון וקל,גרמים,70.00,100 גרם,false,1,22.90,32.71,true,1,
=======
5410076933129,false,אריאל אבקת כביסה שושן צחור 3 קג,דיפלומט מפיצים (1986) בע`מ,,"אריאל שושן צחור 3 ק""",קילוגרמים,0.00,"ק""ג",false,1,42.90,42.90,true,1,
5410126006087,false,ביסקויט ביסקפה לוטוס בטעם קרמל 700גר`ב,דיפלומט מפיצים (1968) בעמ**,,ביסקוויט לוטוס קרמל,גרמים,700.00,100 גרם,false,1,26.90,3.84,true,1,
5410126116953,false,ממרח ביסקוויט קרמל לוטוס (400 גרם),דיפלומט מפיצים (1968) בעמ**,,ממרח עוגיות לוטוס קר,גרמים,400.00,100 גרם,false,1,19.90,4.98,true,1,
5410126666038,false,"ביסקוויט קרמל לוטוס 279 גרם בד""צ",דיפלומט מפיצים (1968) בעמ**,BE,עוגיות לוטוס 279 גרם,גרמים,279.00,100 גרם,false,1,12.90,4.62,true,1,
5410126716016,false,"עוגיות לוטוס ביסקויט קרמל בד""צ 250 גרם",דיפלומט מפיצים (1968) בעמ**,,ביסקויט קרמל לוטוס 2,גרמים,250.00,100 גרם,false,1,11.80,4.72,true,1,
5410173210055,false,רומבוטס קפה קלוי וטחון לפילטר 10 יח' 70 גרם,ליימן שליסל בע`מ,,רומבוסט קפה טחון וקל,גרמים,70.00,100 גרם,false,1,22.90,32.71,true,1,
>>>>>>> d048ac2f4f281c9d788043ab4e81b61b0dbe3743
5410228144755,false,"בירה סטלה ארטואה שישייה בקבוק 330 מ""ל",מבשלות בירה בינלאומיות ב,,שישיית סטלה ארטואה,מיליליטרים,1980.00,"100 מ""ל",false,1,29.90,1.51,true,1,
5410228267515,false,"שישיית בירה לאגר באדוויזר 6*330 מ""ל",הכרם - משקאות חריפים בעמ,GB,שישיית בירה לאגר באד,מיליליטרים,1980.00,"100 מ""ל",false,1,34.90,1.76,true,1,
5410316983693,false,וודקה סמירנוף אייס בודד 275 מ``ל.,החברה המרכזית להפצת משקאות בעמ,,סמירנוף אייס בודד 27,מיליליטרים,275.00,"100 מ""ל",false,1,11.40,4.15,true,1,
5410481080173,false,קרלייר-נוגט שקדים ווניל 100 גר,,BE,קרלייר-נוגט שקדים וו,גרמים,100.00,100 גרם,false,1,15.60,15.60,true,1,
5410658902420,false,קפסולות קפה אלומיניום דרגת חוזק 10 Fortisimo- Espresso,אבאל יזמות בעמ,,ריסטרטו פורטיסימו -,גרמים,50.00,100 גרם,false,1,11.90,23.80,true,1,
5410658902437,false,קפסולות קפה אלומיניום דרגת חוזק 07 Fortisimo- Espresso,אבאל יזמות בעמ,,פורטה פורטיסימו - קפ,גרמים,50.00,100 גרם,false,1,11.90,23.80,true,1,
5410769100081,false,"בירה לה שוף קטן 330 מ""ל בקבוק",הכרם משקאות חריפים בעמ,,"בירה לה שוף 330 מ""ל",מיליליטרים,330.00,"100 מ""ל",false,1,14.90,4.52,true,1,
5410769200088,false,"בירה מק שוף קטן 330 מ""ל בקבוק",הכרם משקאות חריפים בעמ,,"בירה מק שוף 330 מ""ל",מיליליטרים,330.00,"100 מ""ל",false,1,14.90,4.52,true,1,
5410976821014,false,גיליאן שוקולד מריר 50% ללא סוכר 100 גרם,,BE,גיליאן שוקולד מריר 5,גרמים,100.00,100 גרם,false,1,17.70,17.70,true,1,
5411081003661,false,"בירה קסטיל רוז 750 מ""ל",מבשלת קסטל ואן הונסב,,בירה קסטיל רוז 750 מ,מיליליטרים,750.00,"100 מ""ל",false,1,36.90,4.92,true,1,
5411188080268,false,משקה סויה אלפרו אורגני אלפרו (1 ליטר),הנסיך- מפעל לייצור ט,,אלפרו סויה אורגני א,מיליליטרים,1000.00,"100 מ""ל",false,0,15.90,1.59,true,1,
5411188081852,false,אלפרו משקה סויה בטעם וניל 1 ליטר,הנסיך- מפעל לייצור ט,,אלפרו סויה בטעם וניל,מיליליטרים,1000.00,"100 מ""ל",false,1,15.90,1.59,true,1,
5411188094159,false,רביעיית מעדן סויה שוקו מריר אלפרו 125 גרם,הנסיך- מפעל לייצור ט,,אלפרו מעדן סויה בטעם,גרמים,500.00,100 גרם,false,1,18.90,3.78,true,1,
5411188096108,false,"אלפרו שמנת צמחית לבישול לייט 250מ""ל",שטראוס גרופ בעמ/מצונן,,"שמנת לבישול ע""ב סוי",מיליליטרים,250.00,"100 מ""ל",false,1,9.90,3.96,true,1,
5411188106159,false,אלפרו סויה לייט מופחת שומן 1.2% 1 ליטר,הנסיך- מפעל לייצור ט,,אלפרו סויה לייט מופח,מיליליטרים,1000.00,"100 מ""ל",false,1,13.90,1.39,true,1,
5411188110835,false,אלפרו חלב סויה שקדים וניל 1ל',הנסיך- מפעל לייצור ט,,אלפרו משקה שקדים 1 ל,מיליליטרים,1000.00,"100 מ""ל",false,1,13.90,1.39,true,1,
5411188112549,false,משקה קוקוס אלפרו 1 ליטר משקה אורז 1 ליטר,הנסיך- מפעל לייצור ט,,אלפרו משקה אורז 1 לי,מיליליטרים,1000.00,"100 מ""ל",false,1,13.90,1.39,true,1,
5411188112709,false,"משקה קוקוס אלפרו 1 ליטר משקה שקדים לל""ס",הנסיך- מפעל לייצור ט,,אלפרו משקה שקדים ללא,מיליליטרים,1000.00,"100 מ""ל",false,1,13.90,1.39,true,1,
5411188115366,false,משקה קוקוס אלפרו 1 ליטר משקה שיבולת שועל 1 ליטר,הנסיך- מפעל לייצור ט,,אלפרו משקה שיבולת שו,מיליליטרים,1000.00,"100 מ""ל",false,1,13.90,1.39,true,1,
5411188115472,false,משקה סויה אלפרו 1 ליטר,הנסיך- מפעל לייצור ט,BE,אלפרו משקה סויה 1 לי,מיליליטרים,1000.00,"100 מ""ל",false,1,13.90,1.39,true,1,
5411188118732,false,משקה קוקוס ושקדים אלפרו (1 ליטר),הנסיך- מפעל לייצור ט,,אלפרו משקה קוקוס שקד,מיליליטרים,1000.00,"100 מ""ל",false,1,13.90,1.39,true,1,
5411188120957,false,"אלפרו תערובת לבישול על בסיס קוקוס 250 מ""ל",שטראוס גרופ בעמ/מצונן,,אלפרו קוקוס לבישול 1,מיליליטרים,250.00,"100 מ""ל",false,1,9.90,3.96,true,1,
5411188121978,false,אלפרו משקה סויה עמיד מועשר בסידן 3*250,שטראוס גרופ בע`מ,,שלישיות אלפרו סויה ש,מיליליטרים,750.00,"100 מ""ל",false,1,15.90,2.12,true,1,
5411188124689,false,משקה אלפרו שיבולת שועל ללא סוכר 1 ליטר,שטראוס גרופ בע`מ,,אלפרו משקה שיבולת שו,מיליליטרים,1000.00,"100 מ""ל",false,1,13.90,1.39,true,1,
5411188127697,false,אלפרו משקה בריסטה שיבולת שועל 1 ליטר,הנסיך- מפעל לייצור ט,BE,אלפרו בריסטה משקה שי,מיליליטרים,1000.00,"100 מ""ל",false,1,13.90,1.39,true,1,
<<<<<<< HEAD
5411188300328,false,אלפרו סויה שוקו 1 ליטר * 8 יחי,הנסיך- מפעל לייצור ט,,אלפרו סויה בטעם שוקו,מיליליטרים,1000.00,"100 מ""ל",false,1,15.90,1.59,true,1,
5411188543398,false,משקה סויה ללא סוכר אלפרו 1 ליטר,הנסיך- מפעל לייצור ט,BE,אלפרו משקה סויה ללא,מיליליטרים,1000.00,"100 מ""ל",false,1,13.90,1.39,true,1,
=======
5411188300328,false,אלפרו משקה סויה עמיד בטעם שוקו 1 ליטר,הנסיך- מפעל לייצור ט,,אלפרו סויה בטעם שוקו,מיליליטרים,1000.00,"100 מ""ל",false,1,15.90,1.59,true,1,
5411188543398,false,משקה סויה ללא סוכר אלפרו 1 ליטר,הנסיך- מפעל לייצור ט,BE,אלפרו משקה סויה ללא,מיליליטרים,1000.00,"100 מ""ל",false,1,13.90,1.39,true,1,
5411681038001,false,"מרדסו מעורפלת מאוד330מ""ל",הכרם - משקאות חריפים בעמ,,בירה מרדסו טריפל 330,מיליליטרים,330.00,"100 מ""ל",false,1,15.90,4.82,true,1,
>>>>>>> d048ac2f4f281c9d788043ab4e81b61b0dbe3743
5412186002436,false,בירה דליריאום רד בטעמי פירות 8.0% 330 מל,L.HUYGHE,BE,בירה דילריום רד - בק,מיליליטרים,330.00,"100 מ""ל",false,1,16.90,5.12,true,1,
5412514350000,false,עלי טורטיליאס 370 גרם,אן. וי סנק פוד,,עלי טורטיליאס 370 גר,גרמים,370.00,100 גרם,false,1,31.50,8.51,true,1,
5412514555559,false,עלי טוריטיה רגיל קטן פלוטקין,אן. וי סנק פוד,,עלי טורטילס 320 גרם,גרמים,320.00,100 גרם,false,1,24.90,7.78,true,1,
5412514999919,false,פוקו-לוקו סלסה מקסיקנית 325 גרם,,,פוקו-לוקו סלסה מקסיק,גרמים,325.00,100 גרם,false,1,27.90,8.58,true,1,
5412533001617,false,נוזל לניקוי כלים אלוורה ולימון 1 ליטר,אקובר,,נוזל לניקוי כלים אלו,מיליליטרים,1000.00,"100 מ""ל",false,1,19.90,1.99,true,1,
5412533001914,false,נוזל לניקוי כללי ומשטחים 1 ליטר,אקובר,,נוזל לניקוי כללי ומש,מיליליטרים,1000.00,"100 מ""ל",false,1,22.50,2.25,true,1,
5412533002652,false,מסיר כתמים מבגדים 200 מל,אקובר,,מסיר כתמים מבגדים 20,מיליליטרים,200.00,"100 מ""ל",false,1,26.90,13.45,true,1,
5412533004335,false,תרסיס לניקוי חלונות וזכוכית 500 מל,אקובר,,תרסיס לניקוי חלונות,מיליליטרים,500.00,"100 מ""ל",false,1,26.90,5.38,true,1,
5412533416602,false,טבליות למדיח 25 יח 500 ג,אקובר,,טבליות למדיח 500 גרם,גרמים,500.00,100 גרם,false,1,43.90,8.78,true,1,
5412533419702,false,"מרכך כביסה ווניל וגרדניה 750 מ""ל",אקובר,,מרכך כביסה ווניל וגר,מיליליטרים,750.00,"100 מ""ל",false,1,16.90,2.25,true,1,
5412956214649,false,שוקולד מריר 85% קקאו 100 גרם,Kim's Chocolates NV,BE,שוקולד מריר 85% קקאו,גרמים,100.00,100 גרם,false,1,10.50,10.50,true,1,
5413121356737,false,"שוקולד מריר ללא תוספת סוכר ""בלג'יאן"" 100 גרם",BCG,,"BCG שוקולד מריר ללת""",גרמים,100.00,100 גרם,false,1,17.50,17.50,true,1,
5413121359769,false,לבבות וצדפי שוקולד 195ג' בלגיאן,בי סי ג'י אולן,,בלגיאן - צדפי שוקולד,גרמים,195.00,100 גרם,false,1,16.70,8.56,true,1,
<<<<<<< HEAD
5413548280189,false,קינדר שוקו בון 1 יחידות 125 גרם,פררו - אלבה,,קינדר שוקובון 125 גר,גרמים,125.00,100 גרם,false,1,12.90,10.32,true,1,
=======
5413548280189,false,קינדר שוקו בון 1 יחידות 125 גרם,פרימיום-חברה לדברי מתיקה ולמסח,,קינדר שוקובון 125 גר,גרמים,125.00,100 גרם,false,1,12.90,10.32,true,1,
>>>>>>> d048ac2f4f281c9d788043ab4e81b61b0dbe3743
5420066330210,false,ביאנקה- טרופל קקאו באריזות כסף 175 ג,Q Chocolate,,ביאנקה טרופל קקאו בא,גרמים,175.00,100 גרם,false,1,14.60,8.34,true,1,
5600787049008,false,"קמבוצ'ה ותה ירוק עם תמצית אננס אפרסק 400 מ""ל",קפטן קמפוצה,PT,"משקה אורגני ע""ב קמבו",מיליליטרים,400.00,"100 מ""ל",false,1,20.90,5.23,true,1,
5600787049022,false,"משקה אורגני ע""ב קמבוצה ותה ירוק 400 מל",קפטן קמפוצה,PT,"משקה אורגני ע""ב קמבו",מיליליטרים,400.00,"100 מ""ל",false,1,20.90,5.23,true,1,
5600787049213,false,"משקה אורגני ע""ב קמבוצה ותה ירוק עם 400",קפטן קמפוצה,PT,"משקה אורגני ע""ב קמבו",מיליליטרים,400.00,"100 מ""ל",false,1,20.90,5.23,true,1,
5601008200444,false,עוגיות גודיס טבעות מצופות שוקולד חלב מרבה 150 גרם,הנסיך- מפעל לייצור ט,,עוגיות טבעת מצופה שו,גרמים,150.00,100 גרם,false,1,10.80,7.20,true,1,
5601008200451,false,עוגיות גודיס טבעות מצופות שוקולד מריר מרבה 150 גרם,ש. שסטוביץ בע`מ,,עוגיות טבעת מצופה שו,גרמים,150.00,100 גרם,false,1,10.80,7.20,true,1,
5601008200468,false,עוגיות גודיס טבעות מצופות שוקולד לבו מרבה 150 גרם,קריניציה ויטמינה אס,,עוגיות טבעת מצופה שו,גרמים,150.00,100 גרם,false,1,10.80,7.20,true,1,
5601012837636,false,"יין סילק אנד ספייס אדום 750 מ""ל",,,יין סילק אנד ספייס א,Unknown,0.00,Unknown,false,1,62.90,62.90,true,1,
5601045300022,false,משקה גוארנה אנטרטיקה פחית 355 מל,סומול וקומפל אס.איי,,משקה גוארנה אנטרטיק,מיליליטרים,356.00,"100 מ""ל",false,1,6.90,1.94,true,1,
<<<<<<< HEAD
=======
5601055005375,false,פינטרולס - עדשי שוקולד בגליל שלישיה 22 גרם,גורי ע.ע.ע. בעמ,PT,שלישייה עדשי שוקולד,גרמים,66.00,100 גרם,false,1,9.40,14.24,true,1,
>>>>>>> d048ac2f4f281c9d788043ab4e81b61b0dbe3743
5601083641101,false,סנדמאן אפיטיב 750 מל,,,"סנדמאן אפיטיב 750 מ""",Unknown,0.00,Unknown,false,1,83.90,83.90,true,1,
5601217129420,false,וולייט דפים למניעת העברת צבע 20 יחידות,רקיט בנקיזר (ניר איסט) בעמ,,וולייט דפים לשמירה ע,Unknown,0.00,Unknown,false,1,22.50,22.50,true,1,
5601996547897,false,"יין פורטה 6 אדום 750 מ""ל",וידיגל,PT,יין פורטה 6 אדום 750,Unknown,0.00,Unknown,false,1,49.90,49.90,true,1,
5604912415041,false,סרדינים בשמן חמניה פורטוס 125 גרם,קונסרבס פורטוגל נורטה לי,PT,סרדינים בשמן חמניה פ,גרמים,125.00,100 גרם,false,1,6.90,5.52,true,1,
5694230412501,false,שימורי כבד דג פרמיום 121 גר,מפעל ניקולייבסקי,,שימורי כבד דג פרמיום,גרמים,121.00,100 גרם,false,1,12.90,10.66,true,1,
5701215042391,false,גבינת קממברט 125גר',,,קממבר 125 גרם,גרמים,125.00,100 גרם,false,1,17.90,14.32,true,1,
5701215042407,false,גבינת ברי אורנהולט 125ג',,,ברי 125 גרם,גרמים,125.00,100 גרם,false,1,21.90,17.52,true,1,
5701932026964,false,"הוטפופ גרעיני תירס להכנת פופקורן במיקרוגל בטעם טבעי, בתוספת מלח, 600 גרם",ליימן שליסל בע`מ,,הוטפופ מלוח 600 גרם,גרמים,600.00,100 גרם,false,1,14.90,2.48,true,1,
5701932026971,false,הוטפופ גרעיני תירס להכנת פופקורן במיקרוגל בטעם חמאה 600 גרם,ליימן שליסל בע`מ,,הוטפופ חמאה 600 גרם,גרמים,600.00,100 גרם,false,1,14.90,2.48,true,1,
5703985072240,false,גבינת דנאבלו 100ג',,,דנאבלו 100 גר,גרמים,100.00,100 גרם,false,1,13.50,13.50,true,1,
<<<<<<< HEAD
5706516031358,false,פופקורן להכנה במיקרוגל בטעם טבעי מופחת שומן 5 שקיות,ליימן מותגים,,הוטפופ 100 קלוריות,גרמים,160.00,100 גרם,false,1,14.90,9.31,true,1,
5708776001232,false,"סירופ מייפל אורגני 250 מ""ל Manna",,DK,סירופ מייפל אורגני 2,מיליליטרים,250.00,"100 מ""ל",false,1,29.90,11.96,true,1,
5710840209437,false,טבק באלי נטוראל 40 גרם,סקמדינביין טובקו,,טבק באלי נטוראל 40 ג,Unknown,0.00,Unknown,false,1,95.90,95.90,true,1,
5711953106583,false,גבינת שמנת בטעם טבעי 200 גרם ארלה,ארלה פודס אמבה,IL,גבינת שמנת טבעי ארלה,גרמים,200.00,100 גרם,false,1,15.90,7.95,true,1,
5711953106590,false,גבינת שמנת ארלה שמנת שום 200 גרם,ארלה פודס אמבה,IL,גבינת שמנת שום ארלה,גרמים,200.00,100 גרם,false,1,15.90,7.95,true,1,
5711953106606,false,גבינת שמנת עם תבלינים ועשבי תיבול 23.5%,ארלה פודס אמבה,IL,גבינת שמנת עשבי תיבו,גרמים,200.00,100 גרם,false,1,15.90,7.95,true,1,
5740900403215,false,ממרח מחמאת לורפק עם מלח 250 ג',ארלה פודס אמבה,DK,ממרח לורפק עם מלח 25,גרמים,250.00,100 גרם,false,1,16.90,6.76,true,1,
5740900403222,false,ממרח לורפק חמאה עם מלח מופחת שומן 250 ג,ארלה פודס אמבה,DK,ממרח לורפק עם מלח מו,גרמים,250.00,100 גרם,false,1,16.90,6.76,true,1,
5740900403239,false,ממרח לורפק ללא תוספת מלח 250 גר,ארלה פודס אמבה,DK,ממרח לורפק ללא מלח 2,גרמים,250.00,100 גרם,false,1,16.90,6.76,true,1,
5740900403246,false,ממרח לורפק ללא תוספת מלח 500 גר,ארלה פודס אמבה,DK,ממרח לורפק ללא מלח 5,גרמים,500.00,100 גרם,false,1,28.90,5.78,true,1,
5740900403253,false,ממרח מחמאת לורפק עם מלח 500 ג',ארלה פודס אמבה,DK,ממרח לורפק עם מלח 50,גרמים,500.00,100 גרם,false,1,28.90,5.78,true,1,
5740900403260,false,ממרח מחמאת לורפק ללא מלח 27% פחות שומן,ארלה פודס אמבה,DK,ממרח לורפק ללא מלח מ,גרמים,250.00,100 גרם,false,1,16.90,6.76,true,1,
=======
5706516031358,false,פופקורן להכנה במיקרוגל בטעם טבעי מופחת שומן 5 שקיות,ליימן שליסל בע`מ,,הוטפופ 100 קלוריות,גרמים,160.00,100 גרם,false,1,14.90,9.31,true,1,
5706516110039,false,פופקורן למיקרוגל מופחת מלח הוטפופ 540 גרם,ליימן שליסל בעמ,US,הוטפופ בטעם טבעי מופ,גרמים,540.00,100 גרם,false,1,14.90,2.76,true,1,
5708776001232,false,"סירופ מייפל אורגני 250 מ""ל Manna",,DK,סירופ מייפל אורגני 2,מיליליטרים,250.00,"100 מ""ל",false,1,29.90,11.96,true,1,
5710840209437,false,טבק באלי נטורל 40 גר`בודד,סקמדינביין טובקו,,טבק באלי נטוראל 40 ג,Unknown,0.00,Unknown,false,1,95.90,95.90,true,1,
5711953106583,false,גבינת שמנת בטעם טבעי 200 גרם ארלה,שטראוס גרופ בעמ/מצונן,IL,גבינת שמנת טבעי ארלה,גרמים,200.00,100 גרם,false,1,15.90,7.95,true,1,
5711953106590,false,גבינת שמנת ארלה שמנת שום 200 גרם,שטראוס גרופ בעמ/מצונן,IL,גבינת שמנת שום ארלה,גרמים,200.00,100 גרם,false,1,15.90,7.95,true,1,
5711953106606,false,גבינת שמנת עם תבלינים ועשבי תיבול 23.5%,שטראוס גרופ בעמ/מצונן,IL,גבינת שמנת עשבי תיבו,גרמים,200.00,100 גרם,false,1,15.90,7.95,true,1,
5740900403215,false,ממרח חמאה דנית לורפק עם מלח 250 גרם,שטראוס גרופ בעמ/מצונן,DK,ממרח לורפק עם מלח 25,גרמים,250.00,100 גרם,false,1,16.90,6.76,true,1,
5740900403222,false,ממרח לורפק חמאה עם מלח מופחת שומן 250 ג,שטראוס גרופ בעמ/מצונן,DK,ממרח לורפק עם מלח מו,גרמים,250.00,100 גרם,false,1,16.90,6.76,true,1,
5740900403239,false,ממרח חמאה דנית לורפק ללא מלח 250 גרם,שטראוס גרופ בעמ/מצונן,DK,ממרח לורפק ללא מלח 2,גרמים,250.00,100 גרם,false,1,16.90,6.76,true,1,
5740900403246,false,ממרח לורפק ללא תוספת מלח 500 גר,שטראוס גרופ בעמ/מצונן,DK,ממרח לורפק ללא מלח 5,גרמים,500.00,100 גרם,false,1,28.90,5.78,true,1,
5740900403253,false,ממרח מחמאת לורפק עם מלח 500 ג',שטראוס גרופ בעמ/מצונן,DK,ממרח לורפק עם מלח 50,גרמים,500.00,100 גרם,false,1,28.90,5.78,true,1,
5740900403260,false,ממרח מחמאת לורפק ללא מלח 27% פחות שומן,שטראוס גרופ בעמ/מצונן,DK,ממרח לורפק ללא מלח מ,גרמים,250.00,100 גרם,false,1,16.90,6.76,true,1,
>>>>>>> d048ac2f4f281c9d788043ab4e81b61b0dbe3743
5774540984155,false,אנטון ברג-מרציפן אוכמניות בוודקה 220 גר,Anthon Berg,,אנטון ברג-מרציפן אוכ,גרמים,220.00,100 גרם,false,1,41.90,19.05,true,1,
5774540989853,false,אנטון ברג-מרציפן פטל בליקר תפוז 220 גר,Anthon Berg,,אנטון ברג-מרציפן פטל,גרמים,220.00,100 גרם,false,1,41.90,19.05,true,1,
5900017062419,false,"ניוואה - תחליב רחצה ורדים ושמן שקדים 750 מ""ל",אלפא ב.ד.ף בעמ,,תחליב רחצה ניוואה ור,מיליליטרים,750.00,"100 מ""ל",false,1,17.90,2.39,true,1,
5900020012814,false,דגנים תפוחים בטעם שוקולד נסקוויק נסטלה 500 גרם,קבוצת אוסם סחר שותפות מוגבלת,,דגנים נסקוויק 500 גר,גרמים,375.00,100 גרם,false,1,25.50,6.80,true,1,
5900020015174,false,פיטנס חטיפי אנרגיה דגנים בטעם שוקולד נסטלה 6*23.5 גרם,קבוצת אוסם סחר-שות.מוגבלת,,פיטנס חטיף דגנים שוק,גרמים,141.00,100 גרם,false,1,18.80,13.33,true,1,
5900020018908,false,פיטנס חטיפי אנרגיה דגנים בטעם קרם עוגיות נסטלה 6*23.5 גרם,קבוצת אוסם סחר-שות.מוגבלת,,פיטנס חטיף דגנים קרם,גרמים,141.00,100 גרם,false,1,18.80,13.33,true,1,
5900020020710,false,מארז חטיף דגנים קראנץ' בטעם שוקו וניל נסטלה,קבוצת אוסם סחר שותפות מוגבלת,,חטיפי דגנים קראנץ בר,גרמים,150.00,100 גרם,false,1,16.90,11.27,true,1,
5900020022325,false,חטיף סיני מיניס Cini Minis בטעם קינמון - 6 במארז,קבוצת אוסם סחר שותפות מוגבלת,,מארז חטיף דגנים סיני,גרמים,150.00,100 גרם,false,1,16.90,11.27,true,1,
5900020024770,false,פיטנס - דליס חטיף דגנים שוקולד אגוז 22.50 גרם * 6,קבוצת אוסם סחר שותפות מוגבלת,,פיטנס בר דליס שוקולד,גרמים,135.00,100 גרם,false,1,18.80,13.93,true,1,
5900020024817,false,פיטנס דליס Fitness Delice חטיף דגנים עם שוקולד לבן,קבוצת אוסם סחר שותפות מוגבלת,,פיטנס בר דליס שוקולד,גרמים,135.00,100 גרם,false,1,18.80,13.93,true,1,
5900020026552,false,דגני בוקר האני נאט צ'יריוס בטעם דבש ושקדים,קבוצת אוסם סחר שותפות מוגבלת,,האני נאט ציריוס מלחמ,גרמים,625.00,100 גרם,false,1,25.90,4.14,true,1,
5900020031877,false,נסטלה האני ציריוס חטיף דגני בוקר שישייה,קבוצת אוסם סחר-שות.מוגבלת,,מארז חטיף דגנים צריו,גרמים,132.00,100 גרם,false,1,16.90,12.80,true,1,
5900020032454,false,מארז חטיף פיטנס עוגיות 8 X 23.5 גרם,קבוצת אוסם סחר שותפות מוגבלת,,פיטנס מארז חטיף עוגי,גרמים,138.00,100 גרם,false,1,18.80,13.62,true,1,
5900020033314,false,חטיף דגני בוקר Lion בטעם קרמל ושוקולד על קרם חלב,קבוצת אוסם סחר שותפות מוגבלת,PL,ליון חטיף דגנים 150,גרמים,150.00,100 גרם,false,1,16.90,11.27,true,1,
5900020034021,false,פיטנס חטיף דגנים שוקו בננה נסטלה (23.5x6,קבוצת אוסם סחר שותפות מוגבלת,PL,פיטנס בר דליס שוקולד,גרמים,188.00,100 גרם,false,1,18.80,10.00,true,1,
5900020034991,false,דגני בוקר צדפים בטעם שוקולד 450 ג' קראנץ',קבוצת אוסם סחר שותפות מוגבלת,,קראנץ צדפים בטעם שוק,גרמים,450.00,100 גרם,false,1,24.90,5.53,true,1,
5900020036407,false,ליון דגני בוקר שוקולד וקרמל נסטלה 480 גרם,קבוצת אוסם סחר שותפות מוגבלת,FR,דגני בוקר שוקולד וקר,גרמים,480.00,100 גרם,false,1,25.90,5.40,true,1,
5900020039590,false,פיטנס חטיף דגנים קלאסי 6.8*23.5גר פרווה,קבוצת אוסם סחר-שות.מוגבלת,PL,פיטנס חטיף דגנים קלא,גרמים,141.00,100 גרם,false,1,18.80,13.33,true,1,
5900627063233,false,טבליות למדיח הכל ב-1 פיניש מקס 50 יחידות,רקיט בנקיזר (ניר איסט) בעמ,,פיניש טבליות הכל ב-1,Unknown,0.00,Unknown,false,1,37.90,37.90,true,1,
5900627066715,false,טבליות למדיח פיניש הכל ב-1 100 יח,רקיט בנקיזר (ניר איסט) בעמ,PL,טבליות למדיח פיניש ה,יחידה,1.00,יחידה,false,1,59.90,59.90,true,1,
5900820014230,false,גבינה מתכת נורווסקי סלמון 150ג' -מלקפול,מלקפול,,גבינה נורווסקי סלמון,גרמים,150.00,100 גרם,false,1,14.90,9.93,true,1,
5901008990292,false,סלט כרוב וגזר כבוש 900 גרם Polan,,PL,סלט כרוב וגזר כבוש 9,גרמים,900.00,100 גרם,false,1,13.50,1.50,true,1,
5901008990407,false,שימורי מלפפונים מוחמצים 860 גר POLAN,,,שימורי מלפפונים מוחמ,גרמים,860.00,100 גרם,false,1,17.90,2.08,true,1,
5901008990445,false,ריבועי פלפל אדום 680 גר POLAN,,,ריבועי פלפל אדום 680,גרמים,680.00,100 גרם,false,1,14.60,2.15,true,1,
5901008990599,false,מלפפונים קורנישונים מוחמצים 860 גר POLAN,,,מלפפונים קורנישונים,גרמים,860.00,100 גרם,false,1,18.80,2.19,true,1,
5901414200411,false,בלזן היט מיני ביסקוויט סנדוויץ' עם מילוי קרם בטעם שוקולד 130 גרם,ליימן שליסל בע`מ,,ביסקוויט מיניס ממולא,גרמים,130.00,100 גרם,false,1,8.90,6.85,true,1,
5902198160403,false,XL משקה אנרגיה מוגז ללא סוכר עד 10 קלוריות לפחית 250 מל,"טמפו משקאות בע""\מ",,XL TEN משקה אנרגיה,מיליליטרים,250.00,"100 מ""ל",false,1,4.30,1.72,true,1,
5902377000650,false,ממרח על בסיס גבינה מותכת סלמון 100 גר,KOROVKINO,,ממרח על בסיס גבינה מ,גרמים,100.00,100 גרם,false,1,4.90,4.90,true,1,
<<<<<<< HEAD
5903141082780,false,פאל מאל סילבר דמי סלימס עשיריה,Unknown,,פאל מאל סילבר דמי סל,יחידה,1.00,יחידה,false,1,255.00,255.00,true,1,
=======
5902510275341,false,ממרח בטעם כבד אווז דליקטס 300 ג,,PL,ממרח בטעם כבד אווז ד,גרמים,300.00,100 גרם,false,1,9.90,3.30,true,1,
5903141082780,false,פאל מאל סילבר דמי סלימס עשיריה,גלוברנדס בעמ - שיווק סיגריות,,פאל מאל סילבר דמי סל,יחידה,1.00,יחידה,false,1,255.00,255.00,true,1,
>>>>>>> d048ac2f4f281c9d788043ab4e81b61b0dbe3743
5904603191323,false,מלפפונים כבושים 850 גר DWOREK,דבורק,,מלפפונים כבושים 850,גרמים,850.00,100 גרם,false,1,13.50,1.59,true,1,
5906485301012,false,משקה אנרגיה XL מוגז פחית 250 מל,טמפו משקאות בע`מ,,משקה אנרגיה XL פחית,מיליליטרים,250.00,"100 מ""ל",false,1,4.30,1.72,true,1,
5907623350404,false,כבד דג שיבות 240 גרם,,,כבד דג שיבות 240 גרם,גרמים,240.00,100 גרם,false,1,18.80,7.83,true,1,
5941000025585,false,"חטיפי תפ""א הגל טעם פלפל חריף לייס 130 ג",,RO,"חטיפי תפ""א הגל טעם פ",גרמים,130.00,100 גרם,false,1,15.90,12.23,true,1,
5942219000059,false,מים מינרלים בורסק 1.5 ליטר,,,מים מינרלים בורסק,ליטרים,0.00,ליטר,false,1,9.90,9.90,true,1,
5948530002130,false,ווג סופרסלימס כחול עשירייה,גלוברנדס בעמ - שיווק סיגריות,,ווג סופרסלימס כחול ע,יחידה,1.00,יחידה,false,1,375.00,375.00,true,1,
5948530002147,false,ווג סופרסלימס לילך עשירייה,גלוברנדס בעמ - שיווק סיגריות,,ווג סופרסלימס לילך ע,יחידה,1.00,יחידה,false,1,375.00,375.00,true,1,
5948559002753,false,5 מטליות ניקוי בעלות ספיגה מקסימלית,3m,IT,מטלית ניקוי 5 יח,Unknown,0.00,Unknown,false,1,16.70,16.70,true,1,
5998749108550,false,חטיף ויסקס עוף וגבינה 60,שחורי אריה ואנסטסיה,,ויסקס טמפציקן 60 גר,גרמים,60.00,100 גרם,false,1,13.90,23.17,true,1,
5998749108574,false,חטיף בקר לחתולים 60 גרם וויסקס,שחורי אריה ואנסטסיה,,ויסקס טמפביף 60 גר,גרמים,60.00,100 גרם,false,1,13.90,23.17,true,1,
5998749109113,false,פדיגרי דנטאסטיקס כלב לארג 270 גרם (7 יח') BP40S,שחורי אריה ואנסטסיה,,פדיגרי דנטה לארג 270,גרמים,270.00,100 גרם,false,1,19.90,7.37,true,1,
5999076223596,false,חטיף חלבון זירו בר שוקולד קפוצינו 50 גר,,,חטיף חלבון זירו בר ש,גרמים,50.00,100 גרם,false,1,14.90,29.80,true,1,
5999076223619,false,חטיף חלבון זירו בר שוקולד קרמל 50 גרם,,,חטיף חלבון זירו בר ש,גרמים,50.00,100 גרם,false,1,14.90,29.80,true,1,
6001067017332,false,קולגייט מברשת שיניים מדיום 360 אופטיק ווייט,קולגייט-פלמוליב,,קולגייט מברשת שיניים,Unknown,0.00,Unknown,false,1,20.90,20.90,true,1,
6001067017523,false,מברשת שיניים קולגייט לילדים מגיל חמש 1 יחידה,יבואן ומשווק: ש. שסט,,מברשת קולגייט ספיידר,Unknown,0.00,Unknown,false,1,14.90,14.90,true,1,
6001067017530,false,מברשת שיניים קולגייט לילדים מגיל שנתיים עד חמש 1 יחידה,יבואן ומשווק: ש. שסט,,מברשת שיניים קולגייט,Unknown,0.00,Unknown,false,1,14.90,14.90,true,1,
6001108028044,false,סאוונה סיידר תפוחים אלכוהולי 330 מל,,,סאוונה סיידר תפוחים,מיליליטרים,330.00,"100 מ""ל",false,1,9.90,3.00,true,1,
6003105003185,false,"ציר בקר מרוכז 200 מ""ל אינה פארמנס",INA PAARMANS,,"ציר בקר מרוכז 200 מ""",מיליליטרים,200.00,"100 מ""ל",false,1,36.50,18.25,true,1,
6003105003260,false,"ציר ירקות מרוכז 200 מ""ל אינה פארמנס",INA PAARMANS,,ציר ירקות מרוכז 200,מיליליטרים,200.00,"100 מ""ל",false,1,36.50,18.25,true,1,
6003643000929,false,סימונסוולי פרמייר סלקשן רזרב שנין בלאן,,,סימונסוולי פ.סלקשן ר,Unknown,0.00,Unknown,false,1,56.90,56.90,true,1,
6009900532752,false,"יין קייפ גואל שיראז ריזרב 750 מ""ל",קייפ ג'ואל,ZA,יין קייפ גואל שיראז,Unknown,0.00,Unknown,false,1,46.90,46.90,true,1,
<<<<<<< HEAD
6111094000808,false,"קוסקוס דארי בינוני תומר 1 ק""ג + 10% תוספת",דארי קוספטה אל-זהרה,,קוסקוס דארי 1 קג + 1,קילוגרמים,0.00,"ק""ג",false,1,18.50,18.50,true,1,
6253017300012,false,טחינה קראוון המקורית,אחדות ביחר לטחינה ח,,טחינה יונה כחולה 500,גרמים,500.00,100 גרם,false,1,17.70,3.54,true,1,
6253017300029,false,טחינה גולמית קרוואן,קרואן Karawan,,טחינה יונה כחולה 1 ק,גרמים,1000.00,100 גרם,false,1,34.50,3.45,true,1,
6901248680907,false,דיוונון מיובש ומומלח 90 גרם,אקוואטיק,,דיוונון מיובש ומומלח,גרמים,90.00,100 גרם,false,1,17.70,19.67,true,1,
6910191800287,false,אצות נורי בלו 10 דף (ננגטונג),ננטונג היידה אקווטוק,,אצות נורי בלו 10 דפי,Unknown,0.00,Unknown,false,1,12.90,12.90,true,1,
6912977000140,false,אטריות שעועית 250 גר' ( Yantai)ללא גלוטן(כ),יאנטאי ינסידה לנוגקא,,אטריות שעועית דקות 2,גרמים,250.00,100 גרם,false,1,8.80,3.52,true,1,
=======
6111094000198,false,קוסקוס דארי בינוני 350 גרם,דארי קוספאט אס. איי. או,,קוסקוס דארי דק 350 ג,גרמים,360.00,100 גרם,false,1,7.90,2.19,true,1,
6111094000808,false,"קוסקוס דארי בינוני תומר 1 ק""ג + 10% תוספת",תומר יבוא ושיווק מוצרי מזון (1,,קוסקוס דארי 1 קג + 1,קילוגרמים,0.00,"ק""ג",false,1,18.50,18.50,true,1,
6253017300012,false,טחינה קראוון המקורית,אחדות ביחר לטחינה ח,,טחינה יונה כחולה 500,גרמים,500.00,100 גרם,false,1,17.70,3.54,true,1,
6253017300029,false,טחינה גולמית קרוואן,קרואן Karawan,,טחינה יונה כחולה 1 ק,גרמים,1000.00,100 גרם,false,1,34.50,3.45,true,1,
6901248680907,false,דיוונון מיובש ומומלח 90 גרם,אקוואטיק,,דיוונון מיובש ומומלח,גרמים,90.00,100 גרם,false,1,17.70,19.67,true,1,
6910191800287,false,אצות נורי בלו 10 דף (ננגטונג),מזרח ומערב יבוא ושיווק,,אצות נורי בלו 10 דפי,Unknown,0.00,Unknown,false,1,12.90,12.90,true,1,
6912977000140,false,אטריות שעועית 250 גר' ( Yantai)ללא גלוטן(כ),מזרח ומערב יבוא ושיווק,,אטריות שעועית דקות 2,גרמים,250.00,100 גרם,false,1,8.80,3.52,true,1,
6920354822193,false,משחת שיניים נטורל הדרים אקליפטוס קולגייט 90 ג',קולגייט פלמוליב,BR,משחת שיניים קולגייט,מיליליטרים,68.00,"100 מ""ל",false,1,29.90,43.97,true,1,
>>>>>>> d048ac2f4f281c9d788043ab4e81b61b0dbe3743
6920510504369,false,צעצוע מכוניות עם ממתק סוויט בוקס,,,צעצוע מכוניות עם ממת,גרמים,10.00,100 גרם,false,1,12.50,125.00,true,1,
6921052701001,false,אצות וואקמה 40 גרם (רונגצ'אנג)(כ),מזרח ומערב יבוא ושיווק,,אצות ווקאמה 40 גרם,גרמים,40.00,100 גרם,false,1,10.40,26.00,true,1,
6926832407074,false,בראל חטיף אורז יפני 100גרם,קסימן די ברייט,,חטיף אורז יפני 100 ג,גרמים,100.00,100 גרם,false,1,7.20,7.20,true,1,
6933960500089,false,קנפיו רצועות דלעת כבושות 100 גרם (קווינגזאו),מזרח ומערב,,קנפיו 100 גרם-רצועות,גרמים,100.00,100 גרם,false,1,13.10,13.10,true,1,
6934731200078,false,אטריות טריות דקות מזרח מערב 200 גרם,יאנטאי ינסידה לנוגקא,CN,אטריות טריות דקות 20,גרמים,200.00,100 גרם,false,1,7.30,3.65,true,1,
6934731210138,false,אטריות טריות עבות מזרח מערב 200 גרם,יאנטאי ינסידה לנוגקא,CN,אטריות טריות עבות 20,גרמים,200.00,100 גרם,false,1,7.30,3.65,true,1,
<<<<<<< HEAD
6936613888667,false,שום ארוז יבוא,אראל תוצרת חקלאית בע,,שום,Unknown,0.00,Unknown,false,1,6.90,6.90,true,1,
6936745600462,false,רוטב מירין לתיבול מז,דאנינג יוה פודס קו,,מירין דאניינג,מיליליטרים,500.00,"100 מ""ל",false,1,19.90,3.98,true,1,
6936745600783,false,"חומץ אורז מזרח מערב 500 מ""ל",דאנינג יוה פודס קו,,חומץ אורז מיצוקאן 50,מיליליטרים,500.00,"100 מ""ל",false,1,14.80,2.96,true,1,
6941156100166,false,מחית סויה אדומה - אקא מיסו 500 גר '(דליאן),מזרח ומערב,,מחית סויה אדומה אקא,גרמים,500.00,100 גרם,false,1,19.80,3.96,true,1,
6974640730167,false,פטריות שיטאקה 100 גר (כ) (Zhejiang),CO FOOD FOREST .ZHEJIANG,,פטריות שיטאקי 100 גר,גרמים,100.00,100 גרם,false,1,14.90,14.90,true,1,
7038516140418,false,ג'ורדן מברשת שיניים טוטאל קלין מדיום רביעייה,ג'ורדן Jordan,,מברשת שיניים גורדן ט,Unknown,0.00,Unknown,false,1,19.90,19.90,true,1,
7046110075562,false,"ג'ורדן משחת שיניים לשיניים קבועות 6-12 50 מ""ל",דנטלון,SE,מש.שיניים גורדן לשינ,Unknown,0.00,Unknown,false,1,11.90,11.90,true,1,
=======
6936613888667,false,שום ארוז יבוא,ביכורי השדה צפון 1994 ג.ד. בעמ,,שום,Unknown,0.00,Unknown,false,1,6.90,6.90,true,1,
6936745600462,false,רוטב מירין לתיבול מז,מזרח ומערב יבוא ושיווק,,מירין דאניינג,מיליליטרים,500.00,"100 מ""ל",false,1,19.90,3.98,true,1,
6936745600783,false,"חומץ אורז מזרח מערב 500 מ""ל",מזרח ומערב יבוא ושיווק,,חומץ אורז מיצוקאן 50,מיליליטרים,500.00,"100 מ""ל",false,1,14.80,2.96,true,1,
6941156100166,false,מחית סויה אדומה - אקא מיסו 500 גר '(דליאן),מזרח ומערב,,מחית סויה אדומה אקא,גרמים,500.00,100 גרם,false,1,19.80,3.96,true,1,
6942971507031,false,"סוויט בוקס צעצוע ו דובוני גלי ""חתולים""",גואנגדונג ויסקי פודס,,סוויט בוקס צעצוע ו ד,Unknown,0.00,Unknown,false,1,12.50,12.50,true,1,
6974640730167,false,פטריות שיטאקה 100 גר (כ) (Zhejiang),מזרח ומערב יבוא ושיווק,,פטריות שיטאקי 100 גר,גרמים,100.00,100 גרם,false,1,14.90,14.90,true,1,
7038513866311,false,גורדן מברשת ילדים T51 סופט סטפ בי סטפ,דנשר (1963) בעמ,,גורדן מברשת שיניים ל,יחידה,1.00,יחידה,false,1,11.90,11.90,true,1,
7038516140418,false,ג'ורדן מברשת שיניים טוטאל קלין מדיום רביעייה,"דנשר (1963) בע,מ",,מברשת שיניים גורדן ט,Unknown,0.00,Unknown,false,1,19.90,19.90,true,1,
7046110071519,false,משחת שיניים לילדים לשיני חלב 2-6 ג`ורדון,דנשר (1963) בעמ,SE,מש.שיניים גורדן לשינ,Unknown,0.00,Unknown,false,1,11.90,11.90,true,1,
7046110075562,false,"ג'ורדן משחת שיניים לשיניים קבועות 6-12 50 מ""ל",דנשר (1963) בעמ,SE,מש.שיניים גורדן לשינ,Unknown,0.00,Unknown,false,1,11.90,11.90,true,1,
>>>>>>> d048ac2f4f281c9d788043ab4e81b61b0dbe3743
7271730901261,false,ווקי מאק ארוחת אטריות עם גבינה 156 גרם,ניו וורלד פסטה קומפנ,,פסטה עם גבינה הכנה מ,גרמים,156.00,100 גרם,false,1,10.90,6.99,true,1,
7290000000112,false,ברוקומיני,ביכורי השקמה,,ברוקומיני,Unknown,0.00,Unknown,false,1,7.99,7.99,true,1,
7290000000157,false,שום טרי עלים חתוך,ביכורי השקמה,,גינגיר,Unknown,0.00,"ק""ג",true,0,4.20,4.20,true,1,
7290000000374,false,"פטריות שמפיניון בד""ץ (רביבים)",ביכורי השדה צפון 1994 ג.ד. בעמ,,פטריות,Unknown,0.00,Unknown,false,1,0.49,0.49,true,1,
7290000000603,false,תמרים מגהול כחול 5 ק,,,בצל ירוק,Unknown,0.00,Unknown,false,1,3.90,3.90,true,1,
7290000000608,false,פחית שתיה קרה,קוקה קולה,,חסה ערבית,Unknown,0.00,Unknown,false,1,3.99,3.99,true,1,
7290000000617,false,שורש -פטרוזילה,,,שורש -פטרוזילה,Unknown,0.00,Unknown,false,1,3.99,3.99,true,1,
7290000000626,false,ברוקולי ארוז במגשית,,,ברוקולי,Unknown,0.00,Unknown,false,1,7.49,7.49,true,1,
7290000000636,false,תירס ארוז,,,תירס ארוז,Unknown,0.00,"ק""ג",true,0,12.90,12.90,true,1,
7290000000641,false,אננס טרי,,,אננס טרי,Unknown,0.00,Unknown,false,1,39.90,39.90,true,1,
7290000000664,false,תות שדה,,,תות שדה,Unknown,0.00,Unknown,false,0,10.00,10.00,true,1,
7290000000669,false,חסה עגולה,,,חסה עגולה,Unknown,0.00,Unknown,false,1,3.90,3.90,true,1,
7290000000670,false,תמר לח,,,תמר לח,Unknown,0.00,Unknown,false,1,9.90,9.90,true,1,
7290000000688,false,נענע,,,נענע,Unknown,0.00,Unknown,false,1,2.20,2.20,true,1,
7290000000695,false,אספרגוס רמי לוי,ביכורי השדה צפון 1994 ג.ד. בעמ,,אספרגוס,Unknown,0.00,Unknown,false,1,15.00,15.00,true,1,
7290000000733,false,"תפו""א למיקרו",,,תפוא למיקרו,Unknown,0.00,Unknown,false,1,4.99,4.99,true,1,
7290000000751,false,שום ברשת,,,שום ברשת,Unknown,0.00,Unknown,false,1,9.90,9.90,true,1,
7290000001104,false,פטריות חורש מיני ארוז 200 ג',"בכורי השדה צפון1994 ג.ד. בע""מ",,פטריות פרטובלה,Unknown,0.00,Unknown,false,1,14.99,14.99,true,1,
7290000001707,false,מנגולד,,,מנגולד,Unknown,0.00,Unknown,false,1,4.90,4.90,true,1,
<<<<<<< HEAD
7290000023083,false,ערק אשקלון בקבוק 700,"יקבי ברקן בע""\מ",,ערק אשקלון 40% 700 מ,מיליליטרים,700.00,"100 מ""ל",false,1,49.90,7.13,true,1,
7290000023816,false,"יין קלאסיק אמרלד ריזלינג ברקן 750 מ""ל",יקבי ברקן שיווק והפצה בע,,יין אמרלד ריזלינג קל,Unknown,0.00,Unknown,false,1,32.90,32.90,true,1,
7290000023977,false,"יין קלאסיק מרלו ברקן 750 מ""ל",יקבי ברקן שיווק והפצה בע,,יין קלאסיק מרלו 750,Unknown,0.00,Unknown,false,1,32.90,32.90,true,1,
7290000024240,false,יין רזרב שרדונה 750 מל שביעית,ביבקבי ברקן שיווק וה,,יין רזרב שרדונה 750,Unknown,0.00,Unknown,false,1,49.90,49.90,true,1,
7290000036144,false,קונדיטור קורנפלור שק,קריות זול,,קורנפלור גלעם 200 גר,גרמים,200.00,100 גרם,false,1,5.20,2.60,true,1,
7290000036151,false,קונדיטור קורנפלור 50,גלעם,,קורנפלור 500 גרם,גרמים,500.00,100 גרם,false,1,9.10,1.82,true,1,
7290000040042,false,יופלה יוגורט תות %3 גביע 150 גרם,תנובה חלב,,יופלה תות 3% 150 גרם,גרמים,150.00,100 גרם,false,1,5.00,3.33,true,1,
7290000040080,false,יופלה יוגורט אפרסק %3 גביע 150 גרם,תנובה חלב,,יופלה אפרסק 3% 150 ג,גרמים,150.00,100 גרם,false,1,5.00,3.33,true,1,
=======
7290000023083,false,ערק אשקלון בקבוק 700,טמפו משקאות בע`מ,,ערק אשקלון 40% 700 מ,מיליליטרים,700.00,"100 מ""ל",false,1,49.90,7.13,true,1,
7290000023816,false,קלאסיק אמרלד ריזלינג יקבי ברקן (750 מל),יקבי ברקן שיווק והפצה בע,,יין אמרלד ריזלינג קל,Unknown,0.00,Unknown,false,1,32.90,32.90,true,1,
7290000023977,false,קלאסיק מרלו יקבי ברקן (750 מל),יקבי ברקן שיווק והפצה בע,,יין קלאסיק מרלו 750,Unknown,0.00,Unknown,false,1,32.90,32.90,true,1,
7290000024240,false,יין רזרב שרדונה 750 מל שביעית,ביבקבי ברקן שיווק וה,,יין רזרב שרדונה 750,Unknown,0.00,Unknown,false,1,49.90,49.90,true,1,
7290000036144,false,קונדיטור קורנפלור שק,קריות זול,,קורנפלור גלעם 200 גר,גרמים,200.00,100 גרם,false,1,5.20,2.60,true,1,
7290000036151,false,קונדיטור קורנפלור 50,גלעם,,קורנפלור 500 גרם,גרמים,500.00,100 גרם,false,1,9.10,1.82,true,1,
7290000040042,false,יופלה יוגורט תות %3 גביע 150 גרם,"תנובה בע""מ ***",,יופלה תות 3% 150 גרם,גרמים,150.00,100 גרם,false,1,5.00,3.33,true,1,
7290000040080,false,יופלה יוגורט אפרסק %3 גביע 150 גרם,"תנובה בע""מ ***",,יופלה אפרסק 3% 150 ג,גרמים,150.00,100 גרם,false,1,5.00,3.33,true,1,
>>>>>>> d048ac2f4f281c9d788043ab4e81b61b0dbe3743
7290000040301,false,תנובה עין גדי קממבר מחלב בקר 24% שומן,תנובה מרכז שיתופי לש,,קולאז קממבר עין גדי,גרמים,125.00,100 גרם,false,1,18.50,14.80,true,1,
7290000040318,false,גבינת עדי ברי 24% קולאז` (125 גרם)קולקש,תנובה מרכז שיתופי לש,,קולאז ברי בחפיסה 125,גרמים,125.00,100 גרם,false,1,19.50,15.60,true,1,
7290000040462,false,טוסטי גבינה בסגנון אמריקאי אדם 23% תנובה 200 גרם,תנובה מרכז שיתופי לש,,טוסטי עמק אמריקאי אד,גרמים,200.00,100 גרם,false,1,20.00,10.00,true,1,
<<<<<<< HEAD
7290000040974,false,חלב דל לקטוז 2% תנובה קרטון 1 ליטר,תנובה מרכז שיתופי לש,,חלב טרי דל לקטוז 1 ל,מיליליטרים,1000.00,"100 מ""ל",false,1,7.10,0.71,true,1,
7290000041858,false,"שמנת חמוצה 15% מועשרת יטבתה 200 מ""ל",שטראוס גרופ,,שמנת חמוצה 15% 200 מ,מיליליטרים,200.00,"100 מ""ל",false,1,2.40,1.20,true,1,
7290000042015,false,"חלב שתייה תנובה בד""צ בשקית 1 ליטר",תנובה מרכז שיתופי לש,,"חלב בשקית 3% בד""צ 1",מיליליטרים,1000.00,"100 מ""ל",false,1,5.17,0.52,true,1,
7290000042435,false,חלב דל שומן בקרטון+פקק תנובה 1 ליטר,תנובה מרכז שיתופי לש,,חלב דל שומן בקרטון,מיליליטרים,1000.00,"100 מ""ל",false,1,5.59,0.56,true,1,
=======
7290000040974,false,חלב 2% דל לקטוז בקרטון תנובה (1 ליטר),תנובה מרכז שיתופי לש,,חלב טרי דל לקטוז 1 ל,מיליליטרים,1000.00,"100 מ""ל",false,1,7.10,0.71,true,1,
7290000041858,false,"שמנת חמוצה 15% מועשרת יטבתה 200 מ""ל",שטראוס גרופ בעמ/מצונן,,שמנת חמוצה 15% 200 מ,מיליליטרים,200.00,"100 מ""ל",false,1,2.40,1.20,true,1,
7290000042015,false,חלב 3% בשקית בדצ תנובה (1 ליטר)פיקוח,תנובה מרכז שיתופי לש,,"חלב בשקית 3% בד""צ 1",מיליליטרים,1000.00,"100 מ""ל",false,1,5.17,0.52,true,1,
7290000042435,false,חלב דל שומן 1% בקרטון תנובה (1 ליטר)פיק,תנובה מרכז שיתופי לש,,חלב דל שומן בקרטון,מיליליטרים,1000.00,"100 מ""ל",false,1,5.59,0.56,true,1,
>>>>>>> d048ac2f4f281c9d788043ab4e81b61b0dbe3743
7290000042640,false,"חלב תנובה עמיד 3% קרטון 250 מ""ל",תנובה מרכז שיתופי לש,,"חלב עמיד 3% 250 מ""ל",מיליליטרים,250.00,"100 מ""ל",false,1,2.90,1.16,true,1,
7290000042855,false,"שוקו בשקית 250 מ""ל ""יטבתה""",שטראוס גרופ בעמ/מצונן,,"שוקו שקית 225 מ""ל",מיליליטרים,225.00,"100 מ""ל",false,1,2.70,1.20,true,1,
7290000043111,false,תנובה חמאה 200 גרם - מוצר בפיקוח,תנובה מרכז שיתופי לש,,חמאה 200 גרם,גרמים,200.00,100 גרם,false,1,7.80,3.90,true,1,
7290000043814,false,השף הלבן שמנת להקצפה 38% שומן 250 מל - מוצר בפיקוח,תנובה מרכז שיתופי לש,,שמנת עמידה להקצפה 38,גרמים,250.00,100 גרם,false,1,6.18,2.47,true,1,
7290000043890,false,תנובה רויון לבן מחלב מפסוטר 1.5%,תנובה מרכז שיתופי לש,,רויון 1.5% 1 ליטר,מיליליטרים,1000.00,"100 מ""ל",false,1,11.30,1.13,true,1,
7290000044712,false,יוגורט עם תות 1.5% שומן 500 ג' פרילי,מיוצר עי קונדיטוריית,,פרילי תות 500 גרם,גרמים,500.00,100 גרם,false,1,11.10,2.22,true,1,
7290000044880,false,יוגורט בטעם תות שדה 3% באדי (500 גרם),מיוצר עי קונדיטוריית,,"באדי תות 3% 500 מ""ל",גרמים,500.00,100 גרם,false,1,9.60,1.92,true,1,
7290000045573,false,גבינת מותכת משולשים 25% שומן 200 ג' נעמה,תנובה בעמ ***,,גבינה מותכת נעמה 200,גרמים,200.00,100 גרם,false,1,15.80,7.90,true,1,
7290000045580,false,גבינה מותכת נעמה חורש תנובה 240 גרם,תנובה מרכז שיתופי לש,,גבינה מותכת חורש 240,גרמים,240.00,100 גרם,false,1,17.50,7.29,true,1,
7290000046327,false,גלבוע גבינה צהובה פרוסה 22% תנובה 200 גרם,תנובה מרכז שיתופי לש,,גבינת גלבוע פרוס 200,גרמים,200.00,100 גרם,false,1,13.00,6.50,true,1,
7290000047546,false,השף הלבן כנען גבינה לבנה דלת נתרן 5% תנובה 500 גרם,תנובה מרכז שיתופי לש,,גבינת כנען 5% 500 גר,גרמים,500.00,100 גרם,false,1,23.70,4.74,true,1,
7290000047942,false,**תנובה גבינה לבנה מהדרין 9% 250ג,תנובה מרכז שיתופי לש,,גבינה לבנה 5% 250 גר,גרמים,250.00,100 גרם,false,1,4.75,1.90,true,1,
7290000048185,false,גבינה לבנה 5% תנובה 250 גרם מהדרין,מיוצר עי קונדיטוריית,,גבינה לבנה 5% 250 גר,גרמים,250.00,100 גרם,false,1,4.75,1.90,true,1,
7290000048192,false,גבינה לבנה 9% תנובה 250 גרם מהדרין,מחלבת אלון תבור,,גבינה למריחה 9% 250,גרמים,250.00,100 גרם,false,1,4.75,1.90,true,1,
<<<<<<< HEAD
7290000048413,false,פיראוס חמד גבינה מלוחה 16% שומן,תנובה מרכז שיתופי לש,,גבינה חמד פיראוס 250,גרמים,250.00,100 גרם,false,1,18.90,7.56,true,1,
7290000048437,false,פיראוס צפתית 5% שומן 200 גרם,פארייפאבה אגרואינדוס,,צפתית פיראוס 5% 200,גרמים,200.00,100 גרם,false,1,14.90,7.45,true,1,
=======
7290000048437,false,גבינת צפתית (2005% גרם)פיראוס תנובה,פארייפאבה אגרואינדוס,,צפתית פיראוס 5% 200,גרמים,200.00,100 גרם,false,1,14.90,7.45,true,1,
>>>>>>> d048ac2f4f281c9d788043ab4e81b61b0dbe3743
7290000050447,false,"יוגורט ביו בטעם תות YYY יופלה 500 מ""ל",מיוצר עי קונדיטוריית,,יופלה תות 3% 500גר,גרמים,500.00,100 גרם,false,1,14.10,2.82,true,1,
7290000050454,false,יוגורט יופלה אפרסק 3% שומן 500 גרם,מיוצר עי קונדיטוריית,,יופלה אפרסק 3% 500 ג,גרמים,500.00,100 גרם,false,1,14.10,2.82,true,1,
7290000051352,false,חלב מלא בטעם של פעם 3.4% תנובה קרטון 1 ל',תנובה מרכז שיתופי לש,,חלב של פעם 3.5% 1 ל,מיליליטרים,1000.00,"100 מ""ל",false,1,7.40,0.74,true,1,
7290000051376,false,יוגורט יופלה דיאט אננס 0% שומן 150 גרם,תנובה מרכז שיתופי לש,,יופלה דיאט אננס ספור,גרמים,150.00,100 גרם,false,1,5.00,3.33,true,1,
7290000052311,false,גבינה צהובה עמק לייט 15% שומן 200 גרם,תנובה מרכז שיתופי לש,,עמק פרוס בקופסא 200,גרמים,200.00,100 גרם,false,1,15.80,7.90,true,1,
<<<<<<< HEAD
7290000052649,false,גבינת לאבנה 5% שומן 500 ג' פיראוס,תנובה מרכז שיתופי לש,,פיראוס לאבנה גביע 50,גרמים,500.00,100 גרם,false,1,19.50,3.90,true,1,
=======
7290000052649,false,לאבנה אסלית (5005% גרם)פיראוס תנובה,תנובה מרכז שיתופי לש,,פיראוס לאבנה גביע 50,גרמים,500.00,100 גרם,false,1,19.50,3.90,true,1,
>>>>>>> d048ac2f4f281c9d788043ab4e81b61b0dbe3743
7290000055015,false,פיראוס גבינת פטה כבשים 5% תנובה 250 גרם,תנובה מרכז שיתופי לש,,פיראוס פטה כבשים 5%,גרמים,250.00,100 גרם,false,1,26.80,10.72,true,1,
7290000055329,false,"משקה בוקר יוגורט 1.5% בטעם תות מלון יופלה 250 מ""ל",תנובה מרכז שיתופי לש,,משקה יוגורט יופלה בט,גרמים,250.00,100 גרם,false,1,5.40,2.16,true,1,
7290000055336,false,"משקה יוגורט 1.5% בטעם בננה אפרסק יופלה 250 מ""ל",תנובה מרכז שיתופי לש,,משקה יוגורט יופלה בט,גרמים,250.00,100 גרם,false,1,5.40,2.16,true,1,
7290000055343,false,משקה יוגורט יופלה פירות טרופיים 250 גרם,תנובה מרכז שיתופי לש,,משקה יוגורט יופלה בט,גרמים,250.00,100 גרם,false,1,5.40,2.16,true,1,
7290000055350,false,גבינה צהובה חריץ עמק 28% במשקל,תנובה מרכז שיתופי לש,,גבינה צהובה עמק 28%,Unknown,0.00,"ק""ג",true,0,42.70,42.70,true,1,
7290000055893,false,חמאה משמנת מפוסטרת 200גרם 82% כ.מהדרין - מוצר בפיקוח,תנובה מרכז שיתופי לש,,חמאה מהדרין 200 גר,גרמים,200.00,100 גרם,false,1,7.80,3.90,true,1,
7290000056845,false,תנובה חלב טרי 3% שומן 1.5 ליטר - מוצר בפיקוח,פארייפאבה אגרואינדוס,,חלב קרטון 3% תנובה,ליטרים,0.00,ליטר,false,1,8.90,8.90,true,1,
7290000056883,false,שמיניית יוגורט יופלה 3% טעמים שונים 150 גרם,תנובה מרכז שיתופי לש,,מאגדת 8 יופלה פרי 3%,גרמים,1200.00,100 גרם,false,1,32.50,2.71,true,1,
7290000056890,false,שמיניית דיאט יופלה 0% טעמים שונים 150 גרם,מיוצר עי קונדיטוריית,,שמיניית יופלה 0% 150,קילוגרמים,0.00,"ק""ג",false,1,29.90,29.90,true,1,
7290000056906,false,מאגדת לבן טבעי 1.5% שומן 8 יח' * 150 ג' יופלה,מחלבת אלון תבור,,שמיניית יופלה לבן,גרמים,1200.00,100 גרם,false,1,19.30,1.61,true,1,
7290000056951,false,"תנובה, השף הלבן, שמנת לבישול 15% שומן 500 מל",תנובה מרכז שיתופי לש,,שמנת 15% באריזה עם פ,מיליליטרים,500.00,"100 מ""ל",false,1,16.20,3.24,true,1,
7290000057088,false,עמק גבינה צהובה פרוסה דק דק 28% תנובה 200 גרם,תנובה מרכז שיתופי לש,,עמק דק 200 גרם,גרמים,200.00,100 גרם,false,1,15.80,7.90,true,1,
7290000057118,false,גבינה צהובה עמק 28% שומן ואקום 400 גרם,תנובה מרכז שיתופי לש,,גבינה סמי 28% 400 גר,גרמים,400.00,100 גרם,false,1,20.90,5.23,true,1,
7290000057132,false,יוגורט תנובה טבעי 1.5% גביע 200 גרם,מחלבת אלון תבור,,יוגורט 1.5% 200 גרם,גרמים,200.00,100 גרם,false,1,3.10,1.55,true,1,
7290000057149,false,יוגורט תנובה טבעי 3% גביע 200 גרם,מיוצר עי קונדיטוריית,,יוגורט תנובה 3% 200,גרמים,200.00,100 גרם,false,1,3.20,1.60,true,1,
7290000058030,false,"שמיניית יופלה שטוזים משקה יוגורט תות 100 מ""ל",מיוצר עי קונדיטוריית,,משקה יופלה שטוזים,מיליליטרים,800.00,"100 מ""ל",false,1,20.60,2.58,true,1,
7290000058047,false,שמנת להקצפה 38% 500מל מהדרין עמיד השף הלבן,תנובה מרכז שיתופי לש,IL,שמנת 38% עם פקק 500,מיליליטרים,500.00,"100 מ""ל",false,1,12.36,2.47,true,1,
<<<<<<< HEAD
7290000060071,false,אוסם - חטיפי פריכונים מאורז מלא קלוי 80גר,"פרח תעשיות מזון בע""מ.",,פריכונים טבעי 80 גר,גרמים,80.00,100 גרם,false,1,7.50,9.38,true,1,
7290000060088,false,בייגלה מקלות מלוחים אסם 400 גרם,מיוצר עי קונדיטוריית,,בייגלה מקלות מלוחים,גרמים,400.00,100 גרם,false,1,9.90,2.48,true,1,
7290000060200,false,פסטה אסם פתיתים אפויים קוסקוס 500גר,"אסם תעשיות בע""מ",,פתיתים אפויים קוסקוס,גרמים,500.00,100 גרם,false,1,6.90,1.38,true,1,
7290000060217,false,פסטה מקרוני מספר 7 אסם 500 גרם,קריות זול,,פסטה מקרוני מס 7 500,גרמים,500.00,100 גרם,false,1,5.90,1.18,true,1,
7290000060248,false,פסטה אסם פתיתים תלתלים 500 גר',קריות זול,,פסטה תלתלים (61) 500,גרמים,500.00,100 גרם,false,1,5.90,1.18,true,1,
7290000060316,false,פרפקטו ספגטי מס' 8 אסם 500 גרם,אסם פרפקטו,,פסטה ספגטי פרפקטו 50,גרמים,500.00,100 גרם,false,1,7.90,1.58,true,1,
7290000060408,false,פסטה אסם פתיתים אפויים טבעות 500 גר,"אסם השקעות בע""\מ",,פתיתים אפויים טבעות,גרמים,500.00,100 גרם,false,1,6.90,1.38,true,1,
7290000060576,false,פתיתים אפויים כוכבים אסם 500 גרם,"אסם השקעות בע""\מ",,פתיתים אפויים כוכבים,גרמים,500.00,100 גרם,false,1,6.90,1.38,true,1,
7290000060781,false,פסטה אסם פתיתים מסולסלים 500גר,קריות זול,,פסטה מסולסלים (57) 5,גרמים,500.00,100 גרם,false,1,5.90,1.18,true,1,
7290000060828,false,פסטה קרניים בינוניות אסם 500 גרם,קריות זול,,פסטה קרניים בינוניות,גרמים,500.00,100 גרם,false,1,5.90,1.18,true,1,
7290000060880,false,פסטה ספגטי מספר 8 אסם 500 גרם,קריות זול,,ספגטי (3) 500 גרם,גרמים,500.00,100 גרם,false,1,5.90,1.18,true,1,
7290000060958,false,פסטה אסם אטריות בינוניות 400 גרם,"אסם השקעות בע""\מ",,אטריות בינוניות 400,גרמים,400.00,100 גרם,false,1,4.90,1.23,true,1,
7290000060965,false,פסטה אסם אטריות רחבות 400גר,"אסם השקעות בע""\מ",,אטריות רחבות 400 גר,גרמים,400.00,100 גרם,false,1,4.90,1.23,true,1,
7290000061061,false,קרקר חיטה עם בצל אסם,"אסם השקעות בע""\מ",,קרקר בצל 250 גרם,גרמים,250.00,100 גרם,false,1,9.90,3.96,true,1,
7290000061214,false,פתיתים אפויים קוסקוס עם בצל אסם 500 גרם,"אסם השקעות בע""\מ",,פתיתים קוסקוס עם בצל,גרמים,500.00,100 גרם,false,1,6.90,1.38,true,1,
7290000061764,false,קפה נמס מגורען רד מאג 200 גרם,נסטלה ספרד קפה,,נס קפה רד מאג 200 גר,גרמים,200.00,100 גרם,false,1,21.90,10.95,true,1,
7290000062952,false,אוסם - מיני קרוטונים למרק ולסלט 250 גרם,עינת תעשיות מזון אגו,,מיני קרוטונים למרק ו,גרמים,250.00,100 גרם,false,1,13.90,5.56,true,1,
7290000063102,false,קמח עוגה תופח מאליו אסם 350 גרם,"אסם השקעות בע""\מ",,קמח עוגה תופח מאליו,גרמים,350.00,100 גרם,false,1,4.90,1.40,true,1,
7290000063133,false,אסם שקדי מרק רכיבים טבעיים 24*100גרם,"אסם השקעות בע""מ",,שקדי מרק 100 גרם -טב,גרמים,100.00,100 גרם,false,1,6.40,6.40,true,1,
7290000063140,false,שקדי מרק רכיבים טבעיים בשקית 400 ג' אסם,"אסם תעשיות בע""מ",,שקדי מרק 400 גרם -שק,גרמים,400.00,100 גרם,false,1,10.90,2.73,true,1,
7290000063157,false,"קמח עוגה תופח מאליו אסם 1 ק""ג","אסם השקעות בע""\מ",,קמח עוגה תופח מאליו,גרמים,1000.00,100 גרם,false,1,7.90,0.79,true,1,
7290000064758,false,קוסקוס בינוני אמיתי אסם 350 ג',"מיוצר ע""י קוד יצרן K",,קוסקוס אמיתי בשקית 3,גרמים,350.00,100 גרם,false,1,7.90,2.26,true,1,
7290000064970,false,עוגיות פרימיום בציפוי שוקולד,,,עוגיות פרימיום,Unknown,0.00,Unknown,false,1,37.90,37.90,true,1,
7290000065090,false,מיני קרוטונים מתובלים למרק ולסלט אסם 400 גרם,עינת תעשיות מזון אגו,,מיני קרוטונים למרק ו,גרמים,400.00,100 גרם,false,1,22.80,5.70,true,1,
7290000065335,false,אוסם - מנה חמה פירה עם ירקות 55 גרם,"אסם תעשיות בע""מ",,"מנה חמה פירה תפו""א",גרמים,55.00,100 גרם,false,1,8.30,15.09,true,1,
7290000065557,false,אוסם - מנה חמה קוסקוס עם ירקות 84 גרם,"אסם תעשיות מזון בע""מ",,מנה חמה קוסקוס עם יר,גרמים,62.00,100 גרם,false,1,8.30,13.39,true,1,
7290000066141,false,ביסלי חטיף בטעם גריל אסם 70 גרם,"אסם השקעות בע""\מ",,ביסלי בטעם גריל 70 ג,גרמים,70.00,100 גרם,false,1,4.40,6.29,true,1,
7290000066189,false,ביסלי חטיף בטעם פלאפל אסם 200 גרם,"אסם השקעות בע""\מ",,ביסלי בטעם פלאפל 200,גרמים,200.00,100 גרם,false,1,7.50,3.75,true,1,
7290000066196,false,ביסלי חטיף בטעם גריל אסם 200 גרם,מיוצר עי קונדיטוריית,,ביסלי בטעם גריל 200,גרמים,200.00,100 גרם,false,1,7.50,3.75,true,1,
7290000066226,false,ביסלי חטיף בטעם פיצה אסם 200 גרם,מיוצר עי קונדיטוריית,,ביסלי בטעם פיצה 200,גרמים,200.00,100 גרם,false,1,7.50,3.75,true,1,
7290000066295,false,במבה מתוקה מחומרים טבעיים 30 גרם,מיוצר עי קונדיטוריית,,במבה תות מחומרים טבע,גרמים,30.00,100 גרם,false,1,3.40,11.33,true,1,
7290000066318,false,במבה חטיף בוטנים אסם 80 גרם,"אסם השקעות בע""\מ",,במבה 80 גרם,גרמים,80.00,100 גרם,false,1,4.30,5.38,true,1,
7290000066349,false,אפרופו חטיף תירס אסם 100 גרם,מיוצר עי קונדיטוריית,,חטיף אפרופו 100 גרם,גרמים,100.00,100 גרם,false,1,8.90,8.90,true,1,
7290000066431,false,פופקו חטיף פופקורן בטעם חמאה ודבש אסם 80 גרם,מיוצר עי קונדיטוריית,,פופקו חטיף תירס בטעם,גרמים,80.00,100 גרם,false,1,5.40,6.75,true,1,
7290000067407,false,פרורית מתובלת בשקית 200 גרם,עינת תעשיות מזון אגו,,פרורית מתובלת בשקית,גרמים,200.00,100 גרם,false,1,6.40,3.20,true,1,
7290000067544,false,פירורית זהב פירורי לחם אסם 200 גרם,עינת תעשיות מזון אגו,,פירורית זהב 200 גרם,גרמים,200.00,100 גרם,false,1,6.40,3.20,true,1,
7290000068138,false,אינסטנט פודינג בטעם וניל אסם 80 גרם,מיוצר עי קונדיטוריית,,פודינג אינסטנט בטעם,גרמים,80.00,100 גרם,false,1,5.50,6.88,true,1,
7290000068237,false,אבקה להכנת ג'לי בטעם פטל אסם 85 גרם,מיוצר עי קונדיטוריית,,גלי בזק בטעם פטל צמח,גרמים,85.00,100 גרם,false,1,7.90,9.29,true,1,
7290000068251,false,אבקה להכנת ג'לי בטעם אננס אסם 85 גרם,מיוצר עי קונדיטוריית,,גלי בזק בטעם אננס צמ,גרמים,85.00,100 גרם,false,1,7.90,9.29,true,1,
7290000068701,false,אסם שקדי מרק רכיבים טבע.מיכל 400 גרם,"אסם תעשיות בע""מ",,שקדי מרק רכיבים טבעי,גרמים,400.00,100 גרם,false,1,16.30,4.08,true,1,
7290000068770,false,במבה יום הולדת חטיף בוטנים אסם 80 גרם,"אסם השקעות בע""\מ",,במבה יום הולדת 80 גר,גרמים,80.00,100 גרם,false,1,4.30,5.38,true,1,
7290000068787,false,במבה יום הולדת חטיף בוטנים אסם 25 גרם,מיוצר עי קונדיטוריית,,במבה יום הולדת 25 גר,גרמים,25.00,100 גרם,false,1,2.20,8.80,true,1,
7290000069258,false,פסטה פרפקטו פנה ריגאטה 500 ג' אסם,קריות זול,,פסטה פרפקטו פנה ריגט,גרמים,500.00,100 גרם,false,1,7.90,1.58,true,1,
7290000069364,false,פריכונים מאורז מלא ללא תוספת סוכר אסם 140 גרם,"פרח תעשיות מזון בע""מ.",,פריכונים מאורז מלא ל,גרמים,140.00,100 גרם,false,1,5.90,4.21,true,1,
7290000069609,false,חטיפי קרקר זעתר אסם 300 גרם,"אסם תעשיות בע""מ",,חטיפי קרקר זעתר 300,גרמים,300.00,100 גרם,false,1,13.50,4.50,true,1,
7290000070308,false,אבקת מרק עוף אמיתי בשרי אסם 400 גרם,"אסם השקעות בע""\מ",,אבקת מרק עוף אמיתי,גרמים,400.00,100 גרם,false,1,18.70,4.68,true,1,
7290000070322,false,אבקת מרק פטריות רכיבים טבעיים אסם 400 גרם,"אסם השקעות בע""\מ",,אבקת מרק פטריות 400,גרמים,400.00,100 גרם,false,1,27.50,6.88,true,1,
7290000070919,false,בייגלה אסם רשתות עם מלח 400 ג',מיוצר עי קונדיטוריית,,בייגלה רשתות מלח 400,גרמים,400.00,100 גרם,false,1,15.60,3.90,true,1,
7290000072067,false,במבה חטיף בוטנים במילוי קרם חלבה 60 גרם,מיוצר עי קונדיטוריית,,במבה במילוי חלווה 60,גרמים,60.00,100 גרם,false,1,4.30,7.17,true,1,
7290000072623,false,קטשופ אסם בקבוק לחיץ 750 גרם,"אסם תעשיות בע""מ",,קטשופ אסם בקבוק לחיץ,גרמים,750.00,100 גרם,false,1,8.90,1.19,true,1,
7290000072753,false,קפה נמס מגורען טסטרס צ'ויס 200 גרם-,נסטלה קוריאה - קפה,,נסקפה טייסטרס צויס,גרמים,200.00,100 גרם,false,1,29.80,14.90,true,1,
7290000072760,false,נסקפה טייסטרס צויס 100 גר אוריגנל,נסטלה קוריאה - קפה,,נסקפה טייסטרס צויס,גרמים,100.00,100 גרם,false,1,25.90,25.90,true,1,
7290000072777,false,קפה נמס מגורען נטול קפאין טסטרס צ'ויס 200 גרם,נסטלה קוריאה - קפה,,נסקפה טייסטרס צויס,גרמים,200.00,100 גרם,false,1,38.90,19.45,true,1,
7290000072968,false,דגני בוקר סיני מיניס חיטה מלאה וקינמון נסטלה 500 גרם,נסטלה פולין דגני בוק,,דגנים סיני מיניס מלח,גרמים,375.00,100 גרם,false,1,24.60,6.56,true,1,
7290000073125,false,מנה חמה פסטה ברוטב עגבניות אסם 62 גרם,"אסם השקעות בע""\מ",,מנה חמה פסטה עם עגבנ,גרמים,62.00,100 גרם,false,1,8.30,13.39,true,1,
7290000073415,false,אוסם - מנה חמה פסטה ברוטב פיצה 61 גרם,"אסם השקעות בע""\מ",,מנה חמה פסטה ברוטב פ,גרמים,61.00,100 גרם,false,1,8.30,13.61,true,1,
7290000073750,false,מנה חמה נודלס אטר+ירקות טעם עוף 70 גרם,PUB FOODS PRESIDENT THAI,,מנה חמה נודלס אטר+יר,גרמים,70.00,100 גרם,false,1,5.90,8.43,true,1,
7290000073767,false,מנה חמה נודלס אטר.+ירקות טעם בקר 70 גרם,PUB FOODS PRESIDENT THAI,,מנה חמה נודלס אטר.+י,גרמים,70.00,100 גרם,false,1,5.90,8.43,true,1,
7290000073774,false,מנה חמה נודלס אטר+ירקות טעם צילי 70 גרם,טאי רזידנט,,מנה חמה נודלס אטר+יר,גרמים,70.00,100 גרם,false,1,5.90,8.43,true,1,
7290000074153,false,ביסקוויט פתי בר שוקולד אסם 500 גרם,מיוצר עי קונדיטוריית,,פתי בר שוקו 500 גרם,גרמים,500.00,100 גרם,false,1,13.90,2.78,true,1,
7290000074184,false,ביסקוויט פתי בר אסם 500 גרם,"אסם השקעות בע""\מ",,פתי בר וניל 500 גרם,גרמים,500.00,100 גרם,false,1,10.90,2.18,true,1,
7290000074245,false,אוסם - קרם קרקר אסם 250 גרם,"אסם השקעות בע""\מ",,קרם קרקר 250 גרם,גרמים,250.00,100 גרם,false,1,9.80,3.92,true,1,
7290000074276,false,קרקר פיקנטי טבעון 250 ג' אסם,"אסם השקעות בע""\מ",IL,קרקר קלאסי 250 גרם א,גרמים,250.00,100 גרם,false,1,9.90,3.96,true,1,
7290000074696,false,"קרם קרקר 1 ק""ג אוסם","אסם השקעות בע""\מ",,"קרם קרקר 1 ק""ג",גרמים,1000.00,100 גרם,false,1,32.90,3.29,true,1,
7290000075693,false,עוגת הבית שמרים בריוש שוקולד אסם 360 גרם,מיוצר עי קונדיטוריית,,עוגת שמרים שוקולד 36,גרמים,360.00,100 גרם,false,1,18.80,5.22,true,1,
7290000076126,false,אוסם - בייגלה שמיניות קטנות 80 גרם,"אסם השקעות בע""\מ",,בייגלה שמיניות קטנות,גרמים,80.00,100 גרם,false,1,3.90,4.88,true,1,
7290000076645,false,טוסטעים פת קלויה חיטה מלאה אסם 100 גרם,ון דר מולן האלום,,טוסטעים חיטה מלאה 10,גרמים,100.00,100 גרם,false,1,10.50,10.50,true,1,
7290000077017,false,עוגיות קרמוגית במילוי קרם שוקולד אסם 200 גרם,מיוצר עי קונדיטוריית,,עוגיות קרמוגית במילו,גרמים,200.00,100 גרם,false,1,11.40,5.70,true,1,
7290000077253,false,אוסם - לחמית כפרית עם דגנים מלאים 190 גרם,"אסם השקעות בע""\מ",,לחמית כפרית 190 גרם,גרמים,190.00,100 גרם,false,1,6.90,3.63,true,1,
7290000078212,false,קרוטונים מתובלים למרק אסם 250 גרם,עינת תעשיות מזון אגו,,קרוטונים מתובלים 250,גרמים,250.00,100 גרם,false,1,13.90,5.56,true,1,
7290000079233,false,קרם קרקר דיאטטי דל נתרן 250 גרם,"אסם תעשיות בע""מ",,קרם קרקר דיאטטי דל נ,גרמים,250.00,100 גרם,false,1,12.50,5.00,true,1,
7290000080765,false,טוסטעים פת קלויה עם שומשום אסם 100 גרם,ון דר מולן האלום,,טוסטעים פת קלויה שומ,גרמים,100.00,100 גרם,false,1,10.50,10.50,true,1,
7290000081663,false,"בייגלה טבעות שומשום אסם 300 גרם בד""ץ",מיוצר עי קונדיטוריית,,בייגלה טבעות עם שומש,גרמים,300.00,100 גרם,false,1,9.90,3.30,true,1,
7290000085180,false,גטניו פתי בר וניל 470 גרם,"אחים גטניו בע""מ",,פתי בר וניל 470 גר,גרמים,470.00,100 גרם,false,1,10.40,2.21,true,1,
7290000100029,false,פתיתי כרובית סנפרוסט 800 גרם,"סנפרוסט בע""מ",IL,פתיתי כרובית סנפרוסט,גרמים,800.00,100 גרם,false,1,22.90,2.86,true,1,
7290000100036,false,פתיתי ברוקולי סנפרוסט 800 גרם,"סנפרוסט בע""מ",IL,פתיתי ברוקולי 800 גר,גרמים,800.00,100 גרם,false,1,22.90,2.86,true,1,
7290000100135,false,פירות קפואים סנפרוסט דובדבן 300 גר,"סנפרוסט בע""מ",IL,פירות קפואים דובדבן,גרמים,300.00,100 גרם,false,1,17.90,5.97,true,1,
7290000100609,false,קוביות אנטיפסטי להקפצה סנפרוסט 600 גרם,"סנפרוסט בע""\מ",IL,קוביות אנטיפסטי להקפ,גרמים,600.00,100 גרם,false,0,27.50,4.58,true,1,
7290000101927,false,אוכמניות כחולות מוקפאות סנפרוסט 300 גרם,"איי, בי, אינבוו",,אוכמניות כחולות מוקפ,גרמים,300.00,100 גרם,false,1,17.90,5.97,true,1,
7290000101934,false,מיקס פירות יער מוקפאות 300 ג' סנפרוסט,"איי, בי, אינבוו",,מיקס פירות יער מוקפא,גרמים,300.00,100 גרם,false,1,17.90,5.97,true,1,
7290000101941,false,אננס חתוך מוקפא סנפרוסט 300ג',"איי, בי, אינבוו",,אננס מוקפא סנפרוסט,גרמים,300.00,100 גרם,false,1,17.90,5.97,true,1,
7290000103365,false,מרק ירקות עשיר סנפרוסט 550 גרם,"איי, בי, אינבוו",,מרק ירקות 560 גרם,גרמים,560.00,100 גרם,false,1,18.90,3.38,true,1,
7290000103433,false,"לקט ירקות לתנור 800 גרם ""סנפרוסט""","איי, בי, אינבוו",,לקט ירקות סנפרוסט לת,גרמים,800.00,100 גרם,false,1,22.90,2.86,true,1,
7290000103457,false,"מיני כרובית 600 גרם ""סנפרוסט""","סנפרוסט בע""\מ",,מיני כרובית סנפרוסט,גרמים,600.00,100 גרם,false,1,18.80,3.13,true,1,
7290000103471,false,מיני ברוקולי סנפרוסט 600 גרם,"סנפרוסט בע""\מ",,מיני ברוקולי 600 גר,גרמים,600.00,100 גרם,false,1,18.80,3.13,true,1,
7290000103730,false,לקט להקפצה עם פסטה פוזילי סנפרוסט 800 גרם,"איי, בי, אינבוו",,לקט להקפצה עם פסטה פ,גרמים,800.00,100 גרם,false,1,25.90,3.24,true,1,
7290000103815,false,לקט להקפצה בסגנון תאילנדי סנפרוסט 800 גרם,"סנפרוסט בע""\מ",,לקט להקפצה בסגנון תא,גרמים,800.00,100 גרם,false,1,24.90,3.11,true,1,
7290000103822,false,ירקות שמלווים עוף סנפרוסט 800ג',"סנפרוסט בע""\מ",,לקט לעוף 800 גרם סנפ,גרמים,800.00,100 גרם,false,1,22.90,2.86,true,1,
7290000103839,false,מרק כתום עשיר בירקות סנפרוסט 570 גרם,"סנפרוסט בע""\מ",,מרק כתום 572 גרם,גרמים,572.00,100 גרם,false,1,19.80,3.46,true,1,
7290000103846,false,מרק אפונה עשיר בירקות סנפרוסט 570 גרם,"סנפרוסט בע""\מ",,מרק אפונה 572 גרם,גרמים,572.00,100 גרם,false,1,19.80,3.46,true,1,
7290000103860,false,מרק עדשים עשיר בירקות סנפרוסט 570 גרם,"איי, בי, אינבוו",,מרק עדשים 572 גרם,גרמים,572.00,100 גרם,false,1,19.80,3.46,true,1,
7290000103877,false,מרק שעועית עשיר בירקות סנפרוסט 640 גרם,"סנפרוסט בע""\מ",,מרק שעועית 644 גרם,גרמים,644.00,100 גרם,false,1,19.80,3.07,true,1,
7290000104201,false,אפונה עדינה סנפרוסט 600 גרם,"איי, בי, אינבוו",,אפונה עדינה 600 גר,גרמים,600.00,100 גרם,false,1,12.90,2.15,true,1,
7290000104218,false,סנפרוסט במיה 600 גרם,"איי, בי, אינבוו",,במיה 600 גר סנפרוסט,גרמים,600.00,100 גרם,false,1,19.80,3.30,true,1,
7290000104225,false,בצל קצוץ סנפרוסט 600 גרם,"סנפרוסט בע""\מ",,בצל קצוץ 600 גרם,גרמים,600.00,100 גרם,false,1,19.80,3.30,true,1,
7290000104676,false,אפונה קפואה סנפרוסט 800 גרם,"איי, בי, אינבוו",,אפונת גינה 800 גרם,גרמים,800.00,100 גרם,false,1,17.90,2.24,true,1,
7290000104690,false,תירס גרעינים 800 גרם סנפרוסט,"איי, בי, אינבוו",,תירס גרעינים 800 גרם,גרמים,800.00,100 גרם,false,1,17.90,2.24,true,1,
7290000104713,false,פול ירוק סנפרוסט 800 גרם,"איי, בי, אינבוו",,פול ירוק 800 גר סנפר,גרמים,800.00,100 גרם,false,1,27.90,3.49,true,1,
7290000104737,false,שעועית צהובה חתוכה סנפרוסט 800 גרם,"סנפרוסט בע""\מ",,שעועית צהובה חתוכה,גרמים,800.00,100 גרם,false,1,18.90,2.36,true,1,
7290000104744,false,כרובית סנפרוסט 800 גרם,"סנפרוסט בע""\מ",,כרובית 800גר סנפרוסט,גרמים,800.00,100 גרם,false,1,27.90,3.49,true,1,
7290000104775,false,תרד מדליונים סנפרוסט 800 גרם,"איי, בי, אינבוו",,מדליוני תרד סנפרוסט,גרמים,800.00,100 גרם,false,1,28.90,3.61,true,1,
7290000104799,false,שעועית לבנה מבושלת סנפרוסט 800 גרם,"איי, בי, אינבוו",,שעועית לבנה 800 גרם,גרמים,800.00,100 גרם,false,1,19.70,2.46,true,1,
7290000104805,false,גרגירי חומוס מבושלים סנפרוסט 800 גרם,"איי, בי, אינבוו",,חומוס קפוא סנפרוסט,גרמים,800.00,100 גרם,false,1,19.70,2.46,true,1,
7290000104836,false,שעועית ירוקה עדינה שלמה סנפרוסט 600 גרם,"סנפרוסט בע""\מ",,שעועית עדינה שלמה 60,גרמים,600.00,100 גרם,false,1,21.90,3.65,true,1,
7290000104874,false,ירקות לקוסקוס של אמא סנפרוסט 800ג',"סנפרוסט בע""\מ",,לקט לקוסקוס 800גר סנ,גרמים,800.00,100 גרם,false,1,22.90,2.86,true,1,
7290000104881,false,לקט אפונה וגזר סנפרוסט 800 גרם,"איי, בי, אינבוו",,אפונה וגזר 800 גר,גרמים,800.00,100 גרם,false,1,18.80,2.35,true,1,
7290000104911,false,לקט נורמנדי סנפרוסט 800 גרם,"איי, בי, אינבוו",,לקט נורמנדי 800 גרם,גרמים,800.00,100 גרם,false,1,22.90,2.86,true,1,
7290000106526,false,חגיגה ירוקה להקפצה סנפרוסט 800 גרם,"איי, בי, אינבוו",IL,חגיגה ירוקה להקפצה ס,גרמים,800.00,100 גרם,false,1,24.90,3.11,true,1,
7290000107165,false,חטיף סויה אדממה סנפרוסט 400 גרם,"איי, בי, אינבוו",,חטיף סויה סנפרוסט,גרמים,400.00,100 גרם,false,1,14.60,3.65,true,1,
7290000107189,false,תחתיות ארטישוק סנפרוסט 400 גרם,"איי, בי, אינבוו",,תחתיות ארטישוק 400 ג,גרמים,400.00,100 גרם,false,1,21.90,5.48,true,1,
7290000107295,false,תפרחות ברוקולי סנפרוסט 800 גרם,"איי, בי, אינבוו",,ברוקולי 800 גרם סנפר,גרמים,800.00,100 גרם,false,1,24.90,3.11,true,1,
7290000107615,false,ירקות ואננס להקפצה מנה אסייתית צבעונית ועשירה,"איי, בי, אינבוו",IL,מנה אסייטית צבעונית,גרמים,800.00,100 גרם,false,1,24.90,3.11,true,1,
7290000110851,false,"כיפלי בטעם בצל 70 גרם-בד""ץ",יוניליוור מזון,,"כפלי בצל בד""צ 70 גרם",גרמים,70.00,100 גרם,false,1,5.90,8.43,true,1,
7290000111063,false,מיונז תלמה אמיתי250 גרם,יוניליוור ישראל מזון בע\,,מיונז תלמה 250 גרם,גרמים,250.00,100 גרם,false,1,7.60,3.04,true,1,
7290000111117,false,מרכך כביסה לבן בדין 4 ליטר,יוניליור ישראל טיפוח איש,,בדין לבן 4 ליטר -לבן,ליטרים,0.00,ליטר,false,1,19.90,19.90,true,1,
7290000111186,false,"מיונז אמיתי תלמה 500 גרם בד""צ",יוניליוור ישראל מזון בע\,,מיונז תלמה 500 גרם-צ,גרמים,500.00,100 גרם,false,1,9.90,1.98,true,1,
7290000111353,false,"מיונז אמיתי תלמה 1 ק""ג",יוניליוור ישראל מזון בע\,,"מיונז 1 ק""ג-צנצנת",גרמים,1000.00,100 גרם,false,1,16.90,1.69,true,1,
7290000111360,false,"חרדל אמיתי תלמה 250 גרם בד""צ",יוניליוור ישראל מזו,,חרדל תלמה 250 גרם-צנ,גרמים,250.00,100 גרם,false,1,7.30,2.92,true,1,
7290000111384,false,חרדל אמיתי בצנצנת 550 ג' תלמה,יוניליוור ישראל מזו,,חרדל תלמה 550 גרם-צנ,גרמים,550.00,100 גרם,false,1,10.40,1.89,true,1,
7290000112220,false,טחינה גולמית שומשום טהור בארכה 500 גרם,"רושדי תעשיות מזון בע""\מ",,טחינה 500 גר בארכה,גרמים,500.00,100 גרם,false,1,13.90,2.78,true,1,
7290000112503,false,מרק עשיר ירקות קנור 69 גרם - שקיות,יוניליוור ישראל מזון בע\,,מרק עשיר ירקות קנור,גרמים,69.00,100 גרם,false,1,13.50,19.57,true,1,
7290000112619,false,אבקת מרק עוף אמיתי קנור 400 ג' כשלפ,יוניליוור ישראל מזון בע\,,אבקת מרק עוף קנור,גרמים,400.00,100 גרם,false,1,15.00,3.75,true,1,
7290000117720,false,נמס בכוס פטריות קנור 21.5 גרם מארז זוגי,יוניליוור ישראל מזון בע\,,מרק נמס בכוס פטריות,גרמים,43.00,100 גרם,false,1,6.90,16.05,true,1,
7290000118277,false,כופתאות מצה להכנת מהירה 65 ג' קנור,יוניליוור ישראל מזון בע\,,קניידלך 130 גרם-קופ,גרמים,130.00,100 גרם,false,1,11.40,8.77,true,1,
7290000120836,false,"מיונז אמיתי 394 גרם ""הלמנס""",קונפקו אינק' די.בי.א,,מיונז הלמנס 394 גרם,גרמים,433.00,100 גרם,false,1,10.90,2.52,true,1,
7290000120874,false,מיונז הלמנס לייט מופחת קלוריות 424ג,"יונילוור ארה""ב - HPC",,מיונז הלמנס לייט 424,גרמים,476.00,100 גרם,false,1,10.90,2.29,true,1,
7290000121079,false,גבינה מותכת למריחה עם שום שמיר 9% מון בלאן 120 גרם,שלושת האופים,,גבינת מון בלאן שמיר,גרמים,120.00,100 גרם,false,1,13.30,11.08,true,1,
7290000121093,false,גבינה מותכת לייט בטעם שוויצרי 7% מון בלאן 120 גר',האי נאם סי או אל.טי.,,מון בלאן שוצרית 120,גרמים,120.00,100 גרם,false,1,13.30,11.08,true,1,
7290000121147,false,גבינה מותכת לייט בטעם פיקנטי 7% מון בלאן 120 גרם,"שלושת האופים בע""מ",,גבינת מון בלאן פיקנ,גרמים,121.00,100 גרם,false,1,13.30,10.99,true,1,
7290000121239,false,מיוקל 5% שומן ללא כולסטרול תלמה 500ג',יוניליוור ישראל מזון בע\,,מיוקל 5%,גרמים,500.00,100 גרם,false,1,15.20,3.04,true,1,
7290000122830,false,"רוטב מקסיקני סצ'ואן קנור 300 מ""ל",יוניליוור ישראל מזון בע\,,רוטב בישול סצואן 370,גרמים,370.00,100 גרם,false,1,10.90,2.95,true,1,
7290000124841,false,ורד הגליל שוקולד חלב מארז שלישיה 300 גרם,יוניליוור ישראל מזון בע\,,מאגדת שוקולד חלב ורד,גרמים,300.00,100 גרם,false,1,16.90,5.63,true,1,
7290000129457,false,אבקת רוטב פטריות קנור 28 ג' שקית,יוניליוור ישראל מזון בע\,,קנור רוטב פטריות באב,גרמים,29.00,100 גרם,false,1,4.90,16.90,true,1,
=======
7290000060071,false,אוסם - חטיפי פריכונים מאורז מלא קלוי 80גר,קבוצת אוסם סחר שותפות מוגבלת,,פריכונים טבעי 80 גר,גרמים,80.00,100 גרם,false,1,7.50,9.38,true,1,
7290000060088,false,בייגלה מקלות עם מלח אסם (400 גרם),קבוצת אוסם סחר שותפות מוגבלת,,בייגלה מקלות מלוחים,גרמים,400.00,100 גרם,false,1,9.90,2.48,true,1,
7290000060200,false,פסטה אסם פתיתים אפויים קוסקוס 500גר,קבוצת אוסם סחר שותפות מוגבלת,,פתיתים אפויים קוסקוס,גרמים,500.00,100 גרם,false,1,6.90,1.38,true,1,
7290000060217,false,פסטה מקרוני מספר 7 אסם (500 גרם),קבוצת אוסם סחר שותפות מוגבלת,,פסטה מקרוני מס 7 500,גרמים,500.00,100 גרם,false,1,5.90,1.18,true,1,
7290000060248,false,פסטה אסם פתיתים תלתלים 500 גר',קבוצת אוסם סחר שותפות מוגבלת,,פסטה תלתלים (61) 500,גרמים,500.00,100 גרם,false,1,5.90,1.18,true,1,
7290000060316,false,פרפקטו ספגטי מס' 8 אסם 500 גרם,קבוצת אוסם סחר שותפות מוגבלת,,פסטה ספגטי פרפקטו 50,גרמים,500.00,100 גרם,false,1,7.90,1.58,true,1,
7290000060408,false,פסטה אסם פתיתים אפויים טבעות 500 גר,קבוצת אוסם סחר שותפות מוגבלת,,פתיתים אפויים טבעות,גרמים,500.00,100 גרם,false,1,6.90,1.38,true,1,
7290000060576,false,פתיתים אפויים כוכבים אסם (500 גרם),קבוצת אוסם סחר שותפות מוגבלת,,פתיתים אפויים כוכבים,גרמים,500.00,100 גרם,false,1,6.90,1.38,true,1,
7290000060781,false,פרומנטי פתיתים מסולסלים אוסם,קבוצת אוסם סחר שותפות מוגבלת,,פסטה מסולסלים (57) 5,גרמים,500.00,100 גרם,false,1,5.90,1.18,true,1,
7290000060828,false,פסטה קרניים בינוניות אסם (500 גרם),קבוצת אוסם סחר שותפות מוגבלת,,פסטה קרניים בינוניות,גרמים,500.00,100 גרם,false,1,5.90,1.18,true,1,
7290000060958,false,אטריות מובחרות בינוניות אסם (400 גרם),קבוצת אוסם סחר שותפות מוגבלת,,אטריות בינוניות 400,גרמים,400.00,100 גרם,false,1,4.90,1.23,true,1,
7290000060965,false,פסטה אסם אטריות רחבות 400גר,קבוצת אוסם סחר שותפות מוגבלת,,אטריות רחבות 400 גר,גרמים,400.00,100 גרם,false,1,4.90,1.23,true,1,
7290000061061,false,קרקר חיטה עם בצל אסם,קבוצת אוסם סחר שותפות מוגבלת,,קרקר בצל 250 גרם,גרמים,250.00,100 גרם,false,1,9.90,3.96,true,1,
7290000061214,false,פתיתים אפויים קוסקוס עם בצל אסם 500 גרם,קבוצת אסם סחר שות. מוגבלת,,פתיתים קוסקוס עם בצל,גרמים,500.00,100 גרם,false,1,6.90,1.38,true,1,
7290000061764,false,קפה נמס מגורען רד מאג 200 גרם,קבוצת אוסם סחר שותפות מוגבלת,,נס קפה רד מאג 200 גר,גרמים,200.00,100 גרם,false,1,21.90,10.95,true,1,
7290000062952,false,אוסם - מיני קרוטונים למרק ולסלט 250 גרם,קבוצת אוסם סחר שותפות מוגבלת,,מיני קרוטונים למרק ו,גרמים,250.00,100 גרם,false,1,13.90,5.56,true,1,
7290000063102,false,קמח עוגה תופח מאליו אסם 350 גרם,קבוצת אוסם סחר שותפות מוגבלת,,קמח עוגה תופח מאליו,גרמים,350.00,100 גרם,false,1,4.90,1.40,true,1,
7290000063133,false,אסם שקדי מרק רכיבים טבעיים 24*100גרם,קבוצת אוסם סחר שותפות מוגבלת,,שקדי מרק 100 גרם -טב,גרמים,100.00,100 גרם,false,1,6.40,6.40,true,1,
7290000063140,false,שקדי מרק רכיבים טבעיים בשקית 400 ג' אסם,קבוצת אוסם סחר שותפות מוגבלת,,שקדי מרק 400 גרם -שק,גרמים,400.00,100 גרם,false,1,10.90,2.73,true,1,
7290000063157,false,"קמח עוגה תופח מאליו אסם 1 ק""ג",קבוצת אוסם סחר שותפות מוגבלת,,קמח עוגה תופח מאליו,גרמים,1000.00,100 גרם,false,1,7.90,0.79,true,1,
7290000064758,false,קוסקוס בינוני אמיתי אסם 350 ג',קבוצת אוסם סחר שותפות מוגבלת,,קוסקוס אמיתי בשקית 3,גרמים,350.00,100 גרם,false,1,7.90,2.26,true,1,
7290000064970,false,עוגיות פרימיום בציפוי שוקולד,,,עוגיות פרימיום,Unknown,0.00,Unknown,false,1,37.90,37.90,true,1,
7290000065090,false,מיני קרוטונים מתובלים למרק ולסלט אסם 400 גרם,קבוצת אוסם סחר שותפות מוגבלת,,מיני קרוטונים למרק ו,גרמים,400.00,100 גרם,false,1,22.80,5.70,true,1,
7290000065335,false,אוסם - מנה חמה פירה עם ירקות 55 גרם,קבוצת אוסם סחר שותפות מוגבלת,,"מנה חמה פירה תפו""א",גרמים,55.00,100 גרם,false,1,8.30,15.09,true,1,
7290000065557,false,אוסם - מנה חמה קוסקוס עם ירקות 84 גרם,קבוצת אוסם סחר שותפות מוגבלת,,מנה חמה קוסקוס עם יר,גרמים,62.00,100 גרם,false,1,8.30,13.39,true,1,
7290000066141,false,ביסלי חטיף בטעם גריל אסם (70 גרם),קבוצת אוסם סחר שותפות מוגבלת,,ביסלי בטעם גריל 70 ג,גרמים,70.00,100 גרם,false,1,4.40,6.29,true,1,
7290000066189,false,ביסלי חטיף בטעם פלאפל אסם (200 גרם),קבוצת אוסם סחר שותפות מוגבלת,,ביסלי בטעם פלאפל 200,גרמים,200.00,100 גרם,false,1,7.50,3.75,true,1,
7290000066196,false,ביסלי חטיף בטעם גריל אסם (200 גרם),קבוצת אוסם סחר שותפות מוגבלת,,ביסלי בטעם גריל 200,גרמים,200.00,100 גרם,false,1,7.50,3.75,true,1,
7290000066226,false,ביסלי חטיף בטעם פיצה אסם (200 גרם),קבוצת אוסם סחר שותפות מוגבלת,,ביסלי בטעם פיצה 200,גרמים,200.00,100 גרם,false,1,7.50,3.75,true,1,
7290000066295,false,במבה מתוקה מחומרים טבעיים 30 גרם,קבוצת אוסם סחר שותפות מוגבלת,,במבה תות מחומרים טבע,גרמים,30.00,100 גרם,false,1,3.40,11.33,true,1,
7290000066318,false,במבה חטיף בוטנים אסם 80 גרם,קבוצת אוסם סחר שותפות מוגבלת,,במבה 80 גרם,גרמים,80.00,100 גרם,false,1,4.30,5.38,true,1,
7290000066349,false,אפרופו חטיף תירס אסם (100 גרם),קבוצת אוסם סחר-שות.מוגבלת,,חטיף אפרופו 100 גרם,גרמים,100.00,100 גרם,false,1,8.90,8.90,true,1,
7290000066431,false,פופקו חטיף פופקורן בטעם חמאה ודבש אסם 80 גרם,קבוצת אוסם סחר שותפות מוגבלת,,פופקו חטיף תירס בטעם,גרמים,80.00,100 גרם,false,1,5.40,6.75,true,1,
7290000067407,false,פרורית מתובלת בשקית 200 גרם,קבוצת אוסם סחר שותפות מוגבלת,,פרורית מתובלת בשקית,גרמים,200.00,100 גרם,false,1,6.40,3.20,true,1,
7290000067544,false,פירורית זהב פירורי לחם אסם 200 גרם,קבוצת אוסם סחר שותפות מוגבלת,,פירורית זהב 200 גרם,גרמים,200.00,100 גרם,false,1,6.40,3.20,true,1,
7290000068138,false,אינסטנט פודינג בטעם וניל אסם 80 גרם,קבוצת אוסם סחר שותפות מוגבלת,,פודינג אינסטנט בטעם,גרמים,80.00,100 גרם,false,1,5.50,6.88,true,1,
7290000068237,false,אבקה להכנת ג`לי בטעם פטל אסם (85 גרם),קבוצת אוסם סחר שותפות מוגבלת,,גלי בזק בטעם פטל צמח,גרמים,85.00,100 גרם,false,1,7.90,9.29,true,1,
7290000068251,false,אבקה להכנת ג'לי בטעם אננס אסם 85 גרם,קבוצת אוסם סחר שותפות מוגבלת,,גלי בזק בטעם אננס צמ,גרמים,85.00,100 גרם,false,1,7.90,9.29,true,1,
7290000068701,false,אסם שקדי מרק רכיבים טבע.מיכל 400 גרם,קבוצת אוסם סחר שותפות מוגבלת,,שקדי מרק רכיבים טבעי,גרמים,400.00,100 גרם,false,1,16.30,4.08,true,1,
7290000068770,false,במבה יום הולדת חטיף בוטנים אסם 80 גרם,קבוצת אוסם סחר שותפות מוגבלת,,במבה יום הולדת 80 גר,גרמים,80.00,100 גרם,false,1,4.30,5.38,true,1,
7290000068787,false,במבה יום הולדת חטיף בוטנים אסם 25 גרם,קבוצת אוסם סחר שותפות מוגבלת,,במבה יום הולדת 25 גר,גרמים,25.00,100 גרם,false,1,2.20,8.80,true,1,
7290000069258,false,פסטה פרפקטו פנה ריגאטה 500 ג' אסם,קבוצת אוסם סחר-שות.מוגבלת,,פסטה פרפקטו פנה ריגט,גרמים,500.00,100 גרם,false,1,7.90,1.58,true,1,
7290000069364,false,פריכונים מאורז מלא ללא תוספת סוכר אסם 140 גרם,קבוצת אוסם סחר שותפות מוגבלת,,פריכונים מאורז מלא ל,גרמים,140.00,100 גרם,false,1,5.90,4.21,true,1,
7290000069609,false,חטיפי קרקר בטעם זעתר אסם (300 גרם),קבוצת אסם סחר שות. מוגבלת,,חטיפי קרקר זעתר 300,גרמים,300.00,100 גרם,false,1,13.50,4.50,true,1,
7290000070308,false,אבקת מרק עוף אמיתי בשרי אסם 400 גרם,קבוצת אוסם סחר שותפות מוגבלת,,אבקת מרק עוף אמיתי,גרמים,400.00,100 גרם,false,1,18.70,4.68,true,1,
7290000070322,false,אבקת מרק פטריות רכיבים טבעיים אסם 400 גרם,קבוצת אוסם סחר שותפות מוגבלת,,אבקת מרק פטריות 400,גרמים,400.00,100 גרם,false,1,27.50,6.88,true,1,
7290000070919,false,בייגלה רשתות עם מלח אסם (400 גרם),קבוצת אוסם סחר שותפות מוגבלת,,בייגלה רשתות מלח 400,גרמים,400.00,100 גרם,false,1,15.60,3.90,true,1,
7290000072067,false,במבה חטיף בוטנים במילוי קרם חלבה 60 גרם,קבוצת אסם סחר שות. מוגבלת,,במבה במילוי חלווה 60,גרמים,60.00,100 גרם,false,1,4.30,7.17,true,1,
7290000072241,false,"רוטב פיצה 290 מ""ל-בקבוק",קבוצת אוסם סחר שותפות מוגבלת,,"רוטב פיצה 290 מ""ל-בק",מיליליטרים,290.00,"100 מ""ל",false,1,13.50,4.66,true,1,
7290000072623,false,קטשופ אסם בקבוק לחיץ 750 גרם,קבוצת אוסם סחר שותפות מוגבלת,,קטשופ אסם בקבוק לחיץ,גרמים,750.00,100 גרם,false,1,8.90,1.19,true,1,
7290000072753,false,קפה נמס מגורען טסטרס צ'ויס 200 גרם-,קבוצת אוסם סחר שותפות מוגבלת,,נסקפה טייסטרס צויס,גרמים,200.00,100 גרם,false,1,29.80,14.90,true,1,
7290000072760,false,נסקפה טייסטרס צויס 100 גר אוריגנל,קבוצת אוסם סחר שותפות מוגבלת,,נסקפה טייסטרס צויס,גרמים,100.00,100 גרם,false,1,25.90,25.90,true,1,
7290000072777,false,קפה נמס מגורען נטול קפאין טסטרס צ'ויס 200 גרם,קבוצת אוסם סחר שותפות מוגבלת,,נסקפה טייסטרס צויס,גרמים,200.00,100 גרם,false,1,38.90,19.45,true,1,
7290000072968,false,דגני בוקר סיני מיניס חיטה מלאה וקינמון נסטלה 500 גרם,קבוצת אוסם סחר-שות.מוגבלת,,דגנים סיני מיניס מלח,גרמים,375.00,100 גרם,false,1,24.60,6.56,true,1,
7290000073125,false,מנה חמה פסטה ברוטב עגבניות אסם (62 גרם),קבוצת אוסם סחר שותפות מוגבלת,,מנה חמה פסטה עם עגבנ,גרמים,62.00,100 גרם,false,1,8.30,13.39,true,1,
7290000073415,false,אוסם - מנה חמה פסטה ברוטב פיצה 61 גרם,קבוצת אוסם סחר שותפות מוגבלת,,מנה חמה פסטה ברוטב פ,גרמים,61.00,100 גרם,false,1,8.30,13.61,true,1,
7290000073750,false,מנה חמה נודלס אטר+ירקות טעם עוף 70 גרם,קבוצת אוסם סחר שותפות מוגבלת,,מנה חמה נודלס אטר+יר,גרמים,70.00,100 גרם,false,1,5.90,8.43,true,1,
7290000073767,false,מנה חמה נודלס אטר.+ירקות טעם בקר 70 גרם,קבוצת אוסם סחר שותפות מוגבלת,,מנה חמה נודלס אטר.+י,גרמים,70.00,100 גרם,false,1,5.90,8.43,true,1,
7290000073774,false,מנה חמה נודלס אטר+ירקות טעם צילי 70 גרם,קבוצת אוסם סחר שותפות מוגבלת,,מנה חמה נודלס אטר+יר,גרמים,70.00,100 גרם,false,1,5.90,8.43,true,1,
7290000074153,false,ביסקוויט פתי בר שוקולד אסם (500 גרם),קבוצת אוסם סחר שותפות מוגבלת,,פתי בר שוקו 500 גרם,גרמים,500.00,100 גרם,false,1,13.90,2.78,true,1,
7290000074184,false,ביסקוויט פתי בר אסם (500 גרם),קבוצת אוסם סחר שותפות מוגבלת,,פתי בר וניל 500 גרם,גרמים,500.00,100 גרם,false,1,10.90,2.18,true,1,
7290000074245,false,אוסם - קרם קרקר אסם 250 גרם,קבוצת אוסם סחר שותפות מוגבלת,,קרם קרקר 250 גרם,גרמים,250.00,100 גרם,false,1,9.80,3.92,true,1,
7290000074276,false,קרקר פיקנטי טבעון 250 ג' אסם,קבוצת אוסם סחר שותפות מוגבלת,IL,קרקר קלאסי 250 גרם א,גרמים,250.00,100 גרם,false,1,9.90,3.96,true,1,
7290000074375,false,אוסם - קרקר זהב 150 גרם,קבוצת אוסם סחר שותפות מוגבלת,,קרקר זהב 150 גרם,גרמים,150.00,100 גרם,false,1,7.50,5.00,true,1,
7290000074696,false,"קרם קרקר 1 ק""ג אוסם",קבוצת אוסם סחר שותפות מוגבלת,,"קרם קרקר 1 ק""ג",גרמים,1000.00,100 גרם,false,1,32.90,3.29,true,1,
7290000075204,false,קרקר לחמית חיטה מלאה אסם (250 גרם),קבוצת אוסם סחר שותפות מוגבלת,,לחמית חיטה מלאה 250,גרמים,250.00,100 גרם,false,1,10.40,4.16,true,1,
7290000076126,false,אוסם - בייגלה שמיניות קטנות 80 גרם,קבוצת אוסם סחר שותפות מוגבלת,,בייגלה שמיניות קטנות,גרמים,80.00,100 גרם,false,1,3.90,4.88,true,1,
7290000076133,false,בייגלה שמיניות קטנות עם מלח אסם 400 גרם,קבוצת אוסם סחר שותפות מוגבלת,,בייגלה שמיניות קטנות,גרמים,400.00,100 גרם,false,1,9.90,2.48,true,1,
7290000077017,false,עוגיות קרמוגית במילוי קרם שוקולד אסם 200 גרם,קבוצת אוסם סחר שותפות מוגבלת,,עוגיות קרמוגית במילו,גרמים,200.00,100 גרם,false,1,11.40,5.70,true,1,
7290000077253,false,אוסם - לחמית כפרית עם דגנים מלאים 190 גרם,קבוצת אסם סחר שות. מוגבלת,,לחמית כפרית 190 גרם,גרמים,190.00,100 גרם,false,1,6.90,3.63,true,1,
7290000078212,false,קרוטונים מתובלים למרק אסם (250 גרם),קבוצת אוסם סחר שותפות מוגבלת,,קרוטונים מתובלים 250,גרמים,250.00,100 גרם,false,1,13.90,5.56,true,1,
7290000079233,false,קרם קרקר דיאטטי דל נתרן 250 גרם,קבוצת אוסם סחר שותפות מוגבלת,,קרם קרקר דיאטטי דל נ,גרמים,250.00,100 גרם,false,1,12.50,5.00,true,1,
7290000080765,false,פת קלויה טוסטעים עם שומשום אסם (100 גרם),קבוצת אוסם סחר שותפות מוגבלת,,טוסטעים פת קלויה שומ,גרמים,100.00,100 גרם,false,1,10.50,10.50,true,1,
7290000081663,false,"בייגלה טבעות שומשום אסם 300 גרם בד""ץ",קבוצת אוסם סחר שותפות מוגבלת,,בייגלה טבעות עם שומש,גרמים,300.00,100 גרם,false,1,9.90,3.30,true,1,
7290000085180,false,גטניו פתי בר וניל 470 גרם,"אחים גטניו בע""מ",,פתי בר וניל 470 גר,גרמים,470.00,100 גרם,false,1,10.40,2.21,true,1,
7290000100029,false,פתיתי כרובית סנפרוסט 800 גרם,"סנפרוסט בע""מ",IL,פתיתי כרובית סנפרוסט,גרמים,800.00,100 גרם,false,1,22.90,2.86,true,1,
7290000100036,false,פתיתי ברוקולי סנפרוסט 800 גרם,"סנפרוסט בע""מ",IL,פתיתי ברוקולי 800 גר,גרמים,800.00,100 גרם,false,1,22.90,2.86,true,1,
7290000100135,false,פירות קפואים סנפרוסט דובדבן 300 גר,תנובה ענף ב.ע.ד,IL,פירות קפואים דובדבן,גרמים,300.00,100 גרם,false,1,17.90,5.97,true,1,
7290000100609,false,קוביות אנטיפסטי להקפצה סנפרוסט 600 גרם,תנובה ענף ב.ע.ד,IL,קוביות אנטיפסטי להקפ,גרמים,600.00,100 גרם,false,0,27.50,4.58,true,1,
7290000101927,false,אוכמניות כחולות מוקפאות סנפרוסט 300 גרם,תנובה ענף ב.ע.ד,,אוכמניות כחולות מוקפ,גרמים,300.00,100 גרם,false,1,17.90,5.97,true,1,
7290000101934,false,מיקס פירות יער מוקפאים 300 גר סנפרוסט,תנובה ענף ב.ע.ד,,מיקס פירות יער מוקפא,גרמים,300.00,100 גרם,false,1,17.90,5.97,true,1,
7290000101941,false,אננס חתוך מוקפא סנפרוסט (300 גרם),תנובה ענף ב.ע.ד,,אננס מוקפא סנפרוסט,גרמים,300.00,100 גרם,false,1,17.90,5.97,true,1,
7290000103365,false,מרק ירקות עשיר סנפרוסט (550 גרם),תנובה מרכז שיתופי לשיווק תוצרת,,מרק ירקות 560 גרם,גרמים,560.00,100 גרם,false,1,18.90,3.38,true,1,
7290000103433,false,"לקט ירקות לתנור 800 גרם ""סנפרוסט""",תנובה מרכז שיתופי לשיווק תוצרת,,לקט ירקות סנפרוסט לת,גרמים,800.00,100 גרם,false,1,22.90,2.86,true,1,
7290000103457,false,מיני כרובית סנפרוסט (600 גרם),תנובה קפואים,,מיני כרובית סנפרוסט,גרמים,600.00,100 גרם,false,1,18.80,3.13,true,1,
7290000103471,false,מיני ברוקולי סנפרוסט 600 גרם,תנובה ענף ב.ע.ד,,מיני ברוקולי 600 גר,גרמים,600.00,100 גרם,false,1,18.80,3.13,true,1,
7290000103730,false,לקט להקפצה עם פסטה פוזילי סנפרוסט 800 גרם,תנובה מרכז שיתופי לשיווק תוצרת,,לקט להקפצה עם פסטה פ,גרמים,800.00,100 גרם,false,1,25.90,3.24,true,1,
7290000103815,false,לקט להקפצה בסגנון תאילנדי סנפרוסט 800 גרם,תנובה מרכז שיתופי לשיווק תוצרת,,לקט להקפצה בסגנון תא,גרמים,800.00,100 גרם,false,1,24.90,3.11,true,1,
7290000103822,false,לקט מוקפא לעוף סנפרוסט (800 גרם),תנובה מרכז שיתופי לשיווק תוצרת,,לקט לעוף 800 גרם סנפ,גרמים,800.00,100 גרם,false,1,22.90,2.86,true,1,
7290000103839,false,מרק כתום עשיר בירקות סנפרוסט (572 גרם),תנובה מרכז שיתופי לשיווק תוצרת,,מרק כתום 572 גרם,גרמים,572.00,100 גרם,false,1,19.80,3.46,true,1,
7290000103846,false,מרק אפונה עשיר בירקות סנפרוסט (572 גרם),תנובה מרכז שיתופי לשיווק תוצרת,,מרק אפונה 572 גרם,גרמים,572.00,100 גרם,false,1,19.80,3.46,true,1,
7290000103877,false,מרק שעועית עשיר בירקות סנפרוסט 640 גרם,תנובה מרכז שיתופי לשיווק תוצרת,,מרק שעועית 644 גרם,גרמים,644.00,100 גרם,false,1,19.80,3.07,true,1,
7290000104201,false,אפונה עדינה מוקפאת סנפרוסט (600 גרם),תנובה ענף ב.ע.ד,,אפונה עדינה 600 גר,גרמים,600.00,100 גרם,false,1,12.90,2.15,true,1,
7290000104218,false,סנפרוסט במיה 600 גרם,תנובה מרכז שיתופי לשיווק תוצרת,,במיה 600 גר סנפרוסט,גרמים,600.00,100 גרם,false,1,19.80,3.30,true,1,
7290000104225,false,בצל קצוץ סנפרוסט 600 גרם,"סנפרוסט בע""\מ",,בצל קצוץ 600 גרם,גרמים,600.00,100 גרם,false,1,19.80,3.30,true,1,
7290000104676,false,אפונה קפואה סנפרוסט 800 גרם,תנובה מרכז שיתופי לשיווק תוצרת,,אפונת גינה 800 גרם,גרמים,800.00,100 גרם,false,1,17.90,2.24,true,1,
7290000104690,false,גרעיני תירס מוקפאים סנפרוסט (800 גרם),תנובה מרכז שיתופי לשיווק תוצרת,,תירס גרעינים 800 גרם,גרמים,800.00,100 גרם,false,1,17.90,2.24,true,1,
7290000104713,false,פול ירוק קפוא סנפורסט 800 גרם,תנובה מרכז שיתופי לשיווק תוצרת,,פול ירוק 800 גר סנפר,גרמים,800.00,100 גרם,false,1,27.90,3.49,true,1,
7290000104737,false,שעועית צהובה חתוכה סנפרוסט 800 גרם,תנובה מרכז שיתופי לשיווק תוצרת,,שעועית צהובה חתוכה,גרמים,800.00,100 גרם,false,1,18.90,2.36,true,1,
7290000104744,false,כרובית מוקפאת סנפרוסט (800 גרם),תנובה מרכז שיתופי לשיווק תוצרת,,כרובית 800גר סנפרוסט,גרמים,800.00,100 גרם,false,1,27.90,3.49,true,1,
7290000104775,false,תרד מדליונים סנפרוסט 800 גרם,תנובה מרכז שיתופי לשיווק תוצרת,,מדליוני תרד סנפרוסט,גרמים,800.00,100 גרם,false,1,28.90,3.61,true,1,
7290000104799,false,שעועית לבנה מבושלת סנפרוסט (800 גרם),תנובה מרכז שיתופי לשיווק תוצרת,,שעועית לבנה 800 גרם,גרמים,800.00,100 גרם,false,1,19.70,2.46,true,1,
7290000104805,false,גרגרי חומוס מבושלים סנפרוסט (800 גרם),תנובה מרכז שיתופי לשיווק תוצרת,,חומוס קפוא סנפרוסט,גרמים,800.00,100 גרם,false,1,19.70,2.46,true,1,
7290000104836,false,שעועית ירוקה עדינה שלמה סנפרוסט 600 גרם,תנובה מרכז שיתופי לשיווק תוצרת,,שעועית עדינה שלמה 60,גרמים,600.00,100 גרם,false,1,21.90,3.65,true,1,
7290000104874,false,לקט מוקפא לקוסקוס סנפרוסט (800 גרם),תנובה מרכז שיתופי לשיווק תוצרת,,לקט לקוסקוס 800גר סנ,גרמים,800.00,100 גרם,false,1,22.90,2.86,true,1,
7290000104881,false,לקט אפונה וגזר מוקפאים סנפרוסט (800 גרם),תנובה מרכז שיתופי לשיווק תוצרת,,אפונה וגזר 800 גר,גרמים,800.00,100 גרם,false,1,18.80,2.35,true,1,
7290000104911,false,לקט נורמנדי מוקפא סנפרוסט (800 גרם),תנובה מרכז שיתופי לשיווק תוצרת,,לקט נורמנדי 800 גרם,גרמים,800.00,100 גרם,false,1,22.90,2.86,true,1,
7290000106526,false,לקט חגיגה ירוקה להקפצה 800 גרם סנפרוסט,תנובה ענף ב.ע.ד,IL,חגיגה ירוקה להקפצה ס,גרמים,800.00,100 גרם,false,1,24.90,3.11,true,1,
7290000107165,false,חטיף סויה אדממה סנפרוסט (400 גרם),תנובה מרכז שיתופי לשיווק תוצרת,,חטיף סויה סנפרוסט,גרמים,400.00,100 גרם,false,1,14.60,3.65,true,1,
7290000107189,false,תחתיות ארטישוק סנפרוסט (400 גרם),תנובה מרכז שיתופי לשיווק תוצרת,,תחתיות ארטישוק 400 ג,גרמים,400.00,100 גרם,false,1,21.90,5.48,true,1,
7290000107295,false,תפרחות ברוקולי סנפרוסט 800 גרם,תנובה מרכז שיתופי לשיווק תוצרת,,ברוקולי 800 גרם סנפר,גרמים,800.00,100 גרם,false,1,24.90,3.11,true,1,
7290000107615,false,ירקות ואננס להקפצה מנה אסייתית צבעונית ועשירה,"איי, בי, אינבוו",IL,מנה אסייטית צבעונית,גרמים,800.00,100 גרם,false,1,24.90,3.11,true,1,
7290000110851,false,כיפלי חטיף בטעם בצל מהדרין תלמה (70 גרם),יוניליוור ישראל שיווק בע`מ,,"כפלי בצל בד""צ 70 גרם",גרמים,70.00,100 גרם,false,1,5.90,8.43,true,1,
7290000111063,false,מיונז אמיתי תלמה (250 גרם),יוניליוור ישראל שיווק בע`מ,,מיונז תלמה 250 גרם,גרמים,250.00,100 גרם,false,1,7.60,3.04,true,1,
7290000111117,false,מרכך כביסה לבן בדין (4 ליטר),יוניליוור ישראל שיווק בע`מ,,בדין לבן 4 ליטר -לבן,ליטרים,0.00,ליטר,false,1,19.90,19.90,true,1,
7290000111186,false,"מיונז אמיתי תלמה 500 גרם בד""צ","יוניליוור ישראל שיווק בע""מ",,מיונז תלמה 500 גרם-צ,גרמים,500.00,100 גרם,false,1,9.90,1.98,true,1,
7290000111353,false,מיונז אמיתי תלמה (1 קג),"יוניליוור ישראל שיווק בע""מ",,"מיונז 1 ק""ג-צנצנת",גרמים,1000.00,100 גרם,false,1,16.90,1.69,true,1,
7290000111360,false,חרדל אמיתי חריף 250 גרם בצנצנת כשלפ,יוניליוור ישראל שיווק בע`מ,,חרדל תלמה 250 גרם-צנ,גרמים,250.00,100 גרם,false,1,7.30,2.92,true,1,
7290000111384,false,חרדל אמיתי בצנצנת 550 ג' תלמה,יוניליוור ישראל שיווק בע`מ,,חרדל תלמה 550 גרם-צנ,גרמים,550.00,100 גרם,false,1,10.40,1.89,true,1,
7290000112220,false,טחינה גולמית שומשום טהור בארכה 500 גרם,קבוצת אוסם סחר שותפות מוגבלת,,טחינה 500 גר בארכה,גרמים,500.00,100 גרם,false,1,13.90,2.78,true,1,
7290000112503,false,מרק עשיר ירקות קנור 69 גרם - שקיות,יוניליוור ישראל שיווק בע`מ,,מרק עשיר ירקות קנור,גרמים,69.00,100 גרם,false,1,13.50,19.57,true,1,
7290000112619,false,אבקת מרק עוף אמיתי קנור 400 ג' כשלפ,יוניליוור ישראל שיווק בע`מ,,אבקת מרק עוף קנור,גרמים,400.00,100 גרם,false,1,15.00,3.75,true,1,
7290000117720,false,נמס בכוס פטריות קנור 21.5 גרם מארז זוגי,יוניליוור ישראל שיווק בע`מ,,מרק נמס בכוס פטריות,גרמים,43.00,100 גרם,false,1,6.90,16.05,true,1,
7290000118277,false,כופתאות מצה להכנת מהירה 65 ג' קנור,"יוניליוור ישראל שיווק בע""מ",,קניידלך 130 גרם-קופ,גרמים,130.00,100 גרם,false,1,11.40,8.77,true,1,
7290000120836,false,מיונז אמיתי הלמנס (394 גרם),"יוניליוור ישראל שיווק בע""מ",,מיונז הלמנס 394 גרם,גרמים,433.00,100 גרם,false,1,10.90,2.52,true,1,
7290000120874,false,מיונז הלמנס לייט מופחת קלוריות 424ג,"יוניליוור ישראלשיווק בע""מ",,מיונז הלמנס לייט 424,גרמים,476.00,100 גרם,false,1,10.90,2.29,true,1,
7290000121079,false,גבינה מותכת למריחה עם שום שמיר 9% מון בלאן 120 גרם,נטו מלינדה סחר בע`מ,,גבינת מון בלאן שמיר,גרמים,120.00,100 גרם,false,1,13.30,11.08,true,1,
7290000121093,false,גבינה מותכת לייט בטעם שוויצרי 7% מון בלאן 120 גר',נטו מלינדה סחר בע`מ,,מון בלאן שוצרית 120,גרמים,120.00,100 גרם,false,1,13.30,11.08,true,1,
7290000121147,false,גבינה מותכת לייט בטעם פיקנטי 7% מון בלאן 120 גרם,נטו מלינדה סחר בע`מ,,גבינת מון בלאן פיקנ,גרמים,121.00,100 גרם,false,1,13.30,10.99,true,1,
7290000121239,false,מיוקל 5% שומן ללא כולסטרול תלמה 500ג',יוניליוור ישראל שיווק בע`מ,,מיוקל 5%,גרמים,500.00,100 גרם,false,1,15.20,3.04,true,1,
7290000122830,false,"רוטב מקסיקני סצ'ואן קנור 300 מ""ל",יוניליוור ישראל שיווק בע`מ,,רוטב בישול סצואן 370,גרמים,370.00,100 גרם,false,1,10.90,2.95,true,1,
7290000124841,false,ורד הגליל שוקולד חלב מארז שלישיה 300 גרם,"יוניליוור ישראל שיווק בע""מ",,מאגדת שוקולד חלב ורד,גרמים,300.00,100 גרם,false,1,16.90,5.63,true,1,
7290000129457,false,אבקת רוטב פטריות קנור 28 ג' שקית,יוניליוור ישראל שיווק בע`מ,,קנור רוטב פטריות באב,גרמים,29.00,100 גרם,false,1,4.90,16.90,true,1,
>>>>>>> d048ac2f4f281c9d788043ab4e81b61b0dbe3743
7290000135045,false,"XL TEN משקה אנרגיה פתוח ללא סוכר 250 מ""ל","טמפו משקאות בע""\מ",,XL TEN משקה אנרגיה פ,מיליליטרים,250.00,"100 מ""ל",false,1,4.30,1.72,true,1,
7290000135052,false,"XL TEN משקה אנרגיה מנגו ללא סוכר 250 מ""ל","טמפו משקאות בע""\מ",,XL TEN משקה אנרגיה מ,מיליליטרים,250.00,"100 מ""ל",false,1,4.30,1.72,true,1,
7290000135113,false,משקה אנרגיה אקסל נענע ליים ללס (250 מל,"טמפו משקאות בע""\מ",,פחית XL TEN נענע ליי,מיליליטרים,250.00,"100 מ""ל",false,1,4.30,1.72,true,1,
7290000135595,false,פפסי מקס בטעם דובדבן 1.5 ללא סוכר,"טמפו משקאות בע""\מ",,פפסי מקס דובדבן 1.5,ליטרים,0.00,ליטר,false,1,7.60,7.60,true,1,
7290000136158,false,פפסי מקס משקה מוגז דל קלוריות בטעם קולה,"טמפו משקאות בע""\מ",IL,פפסי מקס 1.5 ליטר,ליטרים,0.00,ליטר,false,1,7.60,7.60,true,1,
<<<<<<< HEAD
7290000136288,false,"סירופ בטעם תפוחים ג'ויסר סיידר הגליל 330 מ""ל","טמפו משקאות בע""\מ",,סירופ בטעם תפוחים 33,מיליליטרים,330.00,"100 מ""ל",false,1,13.60,4.12,true,1,
7290000136295,false,"סירופ בטעם פטל ג'ויסר סיידר הגליל 330 מ""ל","טמפו משקאות בע""\מ",,סירופ בטעם פטל 330 מ,מיליליטרים,330.00,"100 מ""ל",false,1,13.60,4.12,true,1,
7290000136301,false,"סירופ בטעם ענבים ג'ויסר סיידר הגליל 330 מ""ל","טמפו משקאות בע""\מ",,סירופ בטעם ענבים 330,מיליליטרים,330.00,"100 מ""ל",false,1,13.60,4.12,true,1,
7290000136523,false,משקה בטעם ענבים תריסר 1.5 ל' ג'אמפ,"טמפו משקאות בע""\ם.",IL,גאמפ ענבים 1.5 ליטר,ליטרים,0.00,ליטר,false,1,7.50,7.50,true,1,
=======
7290000136523,false,ג`אמפ משקה קל ענבים 1.5 ליטר פיקדון,"טמפו משקאות בע""\ם.",IL,גאמפ ענבים 1.5 ליטר,ליטרים,0.00,ליטר,false,1,7.50,7.50,true,1,
>>>>>>> d048ac2f4f281c9d788043ab4e81b61b0dbe3743
7290000136585,false,משקה בטעם תפוזים תריסר 1.5 ל' ג'אמפ,"טמפו משקאות בע""\ם.",IL,גאמפ תפוז 1.5 ליטר,ליטרים,0.00,ליטר,false,1,7.50,7.50,true,1,
7290000136646,false,בירה שחורה נשר מאלט בקבוק 1.5 ליטר,"טמפו משקאות בע""\מ",IL,נשר מאלט 1.5 ליטר,ליטרים,0.00,ליטר,false,1,8.90,8.90,true,1,
7290000136653,false,בירה שחורה נשר מאלט דיאט בקבוק 1.5ל`,"טמפו משקאות בע""\מ",IL,דיאט נשר מאלט 1.5 לי,ליטרים,0.00,ליטר,false,1,8.90,8.90,true,1,
7290000136660,false,סודה טמפו ליטר וחצי,טמפו,IL,מי סודה 1.5 ליטר,ליטרים,0.00,ליטר,false,1,3.70,3.70,true,1,
7290000136752,false,סבן אפ דיאט מארז שישייה 1.5 ל' FREE,"טמפו משקאות בע""\מ",IL,שישיית סבן אפ דיאט,ליטרים,0.01,ליטר,false,1,37.90,3790.00,true,1,
7290000136769,false,מארז שישיה בטעם קולה 1.5 ל' פפסי,"טמפו משקאות בע""\מ",IL,פפסי קולה שישיה 1.5,ליטרים,0.01,ליטר,false,1,37.90,3790.00,true,1,
7290000136776,false,שישיית פפסי מקס דל קלוריות 1.5 ליטר,טמפו משקאות בע`מ,IL,שישיית פפסי מקס דל ק,ליטרים,0.01,ליטר,false,1,37.10,3710.00,true,1,
7290000136790,false,טמפו מי סודה 6*1.5 ליטר פיקדון,"טמפו משקאות בע""\מ",IL,שישיית סודה 1.5 ליטר,ליטרים,0.01,ליטר,false,1,17.70,1770.00,true,1,
7290000136844,false,מארז מים מזוככים אקווה נובה שישיית 2 ליטר,"טמפו משקאות בע""\מ",IL,שישיית אקווה נובה 2ל,ליטרים,0.01,ליטר,false,1,11.70,1170.00,true,1,
7290000136868,false,סאן בנדטו - מים מינרלים - מארז שישיית 1.5 ליטר,אקווה מינרלה סאן בנדטו ב,IL,שישיית מים סאן בנדטו,ליטרים,0.01,ליטר,false,1,17.70,1770.00,true,1,
7290000136875,false,שישיית מים מינרליים מוגזים סן בנדטו 1.5 ליטר,סאן בנדטו San Benedetto,IL,שישיית סאן בנדטו מוג,ליטרים,0.01,ליטר,false,1,18.70,1870.00,true,1,
7290000139258,false,שלווה דבש וסוכר חום אשבול 200 גרם,אשבל מזון פונקציונלי,,שלווה עם סוכר ודבש 2,גרמים,200.00,100 גרם,false,1,8.50,4.25,true,1,
7290000143293,false,"הוואי - מרכך ילדים מתיר קשרים 700 מ""ל",טרופיקל דגיל,,מרכך הוואי לילדים 70,מיליליטרים,700.00,"100 מ""ל",false,1,12.20,1.74,true,1,
7290000144160,false,"שמן זית כתית מעולה ארומתי עץ הזית 750 מ""ל","מרקאולאו, ספרד.אבסה,",,שמן זית כתית מעולה ב,מיליליטרים,750.00,"100 מ""ל",false,1,33.90,4.52,true,1,
7290000144467,false,שמן חמניות מועשר בנוגדי חמצון 1 ל' עץ הזית,"נארז ע""י : א.ג. גילר",,שמן עץ הזית חמניות 1,מיליליטרים,1000.00,"100 מ""ל",false,1,16.40,1.64,true,1,
<<<<<<< HEAD
7290000144474,false,שמן עץ הזית קנולה 1 ליטר בריאות מהטבע,שמן תעשיות בעמ,,שמן עץ הזית קנולה 1,מיליליטרים,1000.00,"100 מ""ל",false,1,11.90,1.19,true,1,
7290000148380,false,פיסטוקים קלוים קליית גת 200 גרם,"ג'י אנד ג'י בע""מ",,פיסטוק קלוי שקית 200,גרמים,200.00,100 גרם,false,1,24.90,12.45,true,1,
7290000148489,false,"קליית גת גרעיני דלעת קלויים,200 גרם","ג'י אנד ג'י בע""מ",,גרעיני דלעת קליית גת,גרמים,200.00,100 גרם,false,1,10.40,5.20,true,1,
7290000148748,false,קליית גת גרעיני חמניה קלויים ומומלחים200,"ג'י אנד ג'י בע""מ",,גרעיני חמניה שקית קל,גרמים,200.00,100 גרם,false,1,7.30,3.65,true,1,
7290000148939,false,שקדים קלויים קלית גת 200 ג',"ג'י אנד ג'י בע""מ",,שקד קלוי שקית 200 ג,גרמים,200.00,100 גרם,false,1,21.90,10.95,true,1,
7290000149615,false,רביעיית סבון מוצק קלאסי לתינוק נקה 7 4*100 גרם,גליל כימיקלים בעממשו,,נקה 7 סבון לתינוק רב,גרמים,400.00,100 גרם,false,1,13.90,3.48,true,1,
7290000149905,false,טקסטיל נוזל לכביסה עדינה נקה 1 ליטר,מיוצר עי קונדיטוריית,,טקסטיל שמפו לכביסה 1,מיליליטרים,1000.00,"100 מ""ל",false,1,17.70,1.77,true,1,
7290000168173,false,"ברנפלקס קרנצ'ים תלמה בד""ץ 375 גרם",יוניליור ישראל מזון,,ברנפלקס קרנצים 375 ג,גרמים,375.00,100 גרם,false,1,18.90,5.04,true,1,
7290000169538,false,"נמס בכוס עגבניות וקרוטונים מרק כשרות בד""ץ 62 ג' קנור",יוניליוור ישראל מזון בע\,,מרק נמס בכוס עגבניות,גרמים,56.00,100 גרם,false,1,6.90,12.32,true,1,
7290000169798,false,"עוגי מופחת סוכר 20% פצפוצי שוקו' 500ג' בד""צ",יוניליוור ישראל מזון בע\,,עוגי 20% פחות סוכר 5,גרמים,500.00,100 גרם,false,1,24.90,4.98,true,1,
=======
7290000144474,false,שמן עץ הזית קנולה 1 ליטר בריאות מהטבע,סוגת תעשיות בעמ,,שמן עץ הזית קנולה 1,מיליליטרים,1000.00,"100 מ""ל",false,1,11.90,1.19,true,1,
7290000146997,false,משחת שיניים לילדים מסטיק טום וג'רי 50 מל,טרופיקל דגיל קוסמטיק,,משחת שיניים מסטיק טו,Unknown,0.00,Unknown,false,1,9.70,9.70,true,1,
7290000148380,false,פיסטוקים קלויים קליית גת (200 גרם),ליימן שליסל בעמ,,פיסטוק קלוי שקית 200,גרמים,200.00,100 גרם,false,1,24.90,12.45,true,1,
7290000148489,false,"קליית גת גרעיני דלעת קלויים,200 גרם",ליימן שליסל בעמ,,גרעיני דלעת קליית גת,גרמים,200.00,100 גרם,false,1,10.40,5.20,true,1,
7290000148748,false,קליית גת גרעיני חמניה קלויים ומומלחים200,ליימן שליסל בעמ,,גרעיני חמניה שקית קל,גרמים,200.00,100 גרם,false,1,7.30,3.65,true,1,
7290000148939,false,שקדים קלויים קליית גת (200 גרם),ליימן שליסל בעמ,,שקד קלוי שקית 200 ג,גרמים,200.00,100 גרם,false,1,21.90,10.95,true,1,
7290000149615,false,רביעיית סבון מוצק קלאסי לתינוק נקה 7 4*100 גרם,החברה הדרומית לשיווק בעמ,,נקה 7 סבון לתינוק רב,גרמים,400.00,100 גרם,false,1,13.90,3.48,true,1,
7290000149905,false,טקסטיל שמפו נוזלי לאריגים עדינים1ליט,החברה הדרומית לשיווק בעמ,,טקסטיל שמפו לכביסה 1,מיליליטרים,1000.00,"100 מ""ל",false,1,17.70,1.77,true,1,
7290000168173,false,"ברנפלקס קרנצ'ים תלמה בד""ץ 375 גרם",יוניליוור ישראל שיווק בעמ,,ברנפלקס קרנצים 375 ג,גרמים,375.00,100 גרם,false,1,18.90,5.04,true,1,
7290000169538,false,"נמס בכוס עגבניות וקרוטונים מרק כשרות בד""ץ 62 ג' קנור",יוניליוור ישראל שיווק בע`מ,,מרק נמס בכוס עגבניות,גרמים,56.00,100 גרם,false,1,6.90,12.32,true,1,
7290000169798,false,"עוגי מופחת סוכר 20% פצפוצי שוקו' 500ג' בד""צ",יוניליוור ישראל שיווק בע`מ,,עוגי 20% פחות סוכר 5,גרמים,500.00,100 גרם,false,1,24.90,4.98,true,1,
>>>>>>> d048ac2f4f281c9d788043ab4e81b61b0dbe3743
7290000174723,false,שוקולית אבקה להכנת משקה שוקו 500 גרם,הנסיך- מפעל לייצור ט,,שוקולית 500 גרם,גרמים,500.00,100 גרם,false,1,11.90,2.38,true,1,
7290000176062,false,קפה טורקי בשקית 100 ג' עלית,שטראוס קפה בי.ויn\.,,קפה עלית טורקי 100 ג,גרמים,100.00,100 גרם,false,1,8.90,8.90,true,1,
7290000176147,false,קפה לפילטר קלוי וטחון מוקה מספר 1 עלית 500 גרם,שטראוס גרופ בע`מ,,מוקה פילטר 500 גרם,גרמים,500.00,100 גרם,false,1,52.50,10.50,true,1,
7290000176413,false,קפה נמס עלית פחית 50 גרם,הנסיך- מפעל לייצור ט,,קפה נמס עלית 50 גרם,גרמים,50.00,100 גרם,false,1,12.60,25.20,true,1,
7290000176420,false,קפה נמס פחית עלית 200 גרם,פיקסל אם.גי.אם בעמ,,קפה נמס עלית 200 גרם,גרמים,200.00,100 גרם,false,1,19.90,9.95,true,1,
7290000176475,false,קפה נמס נטול קפאין האג עלית (200 גרם),שטראוס גרופ בע`מ,IL,קפה האג נמס אבקתי 20,גרמים,200.00,100 גרם,false,1,38.90,19.45,true,1,
7290000178707,false,חטיף צ`יפס בטעם טבעי תפוצ`יפס (50 גרם),"שטראוס פריטו ליי בע""\מ )",,תפוציפס טבעי 50 גרם,גרמים,50.00,100 גרם,false,1,4.00,8.00,true,1,
7290000178721,false,חטיף צ`יפס בטעם טבעי תפוצ`יפס (200 גרם),"שטראוס פריטו ליי בע""\מ )",,תפוציפס טבעי 200 גרם,גרמים,200.00,100 גרם,false,1,9.90,4.95,true,1,
7290000185224,false,סילאן בקבוק לחיץ תמר כנרת 650 גר,תה ויסוצקי (ישראל) בעמ,IL,סילאן בקבוק לחיץ תמר,גרמים,650.00,100 גרם,false,1,16.70,2.57,true,1,
7290000185330,false,סילאן טבעי תמר כנרת 900 גר,תה ויסוצקי (ישראל) בעמ,,סילאן טבעי תמר כנרת,גרמים,900.00,100 גרם,false,1,23.90,2.66,true,1,
7290000185590,false,סילאן טבעי בבקבוק לחיץ 650 גרם,"טעמי הגליל בע""\מ עבור וי",IL,סילאן טבעי בבקבוק לח,גרמים,635.00,100 גרם,false,1,19.90,3.13,true,1,
7290000186535,false,נייר טואלט תלת שכבתי לבן לילי 32 יחידות,קימברלי קלארק ישראל שיווק בעמ,,לילי טריו לבן 32 גלי,מטרים,537.28,מטר,false,1,42.90,0.08,true,1,
7290000186931,false,ניקול כריות קרצוף חתוכות 12 יח',ניקול,,ניקול סקוטש חתוך 12,Unknown,0.00,Unknown,false,1,12.80,12.80,true,1,
<<<<<<< HEAD
7290000187860,false,מגבוני טואלט לחים לילי דיספנסר 40יח',עלבד משואות יצחק בעמ,IL,נייר טואלט לח לילי פ,Unknown,0.00,Unknown,false,1,7.90,7.90,true,1,
7290000187938,false,לילי - נייר טואולט נייר טואלט פסטל 32 יח',לילי נייר טואלט חוגלה,,לילי פסטל 32 גלילים,מטרים,588.00,מטר,false,1,39.90,0.07,true,1,
7290000187952,false,נייר טואלט תלת שכבתי ורוד לילי 32 יחידות,לילי נייר טואלט חוגלה,,לילי טריו ורוד 32 גל,מטרים,537.28,מטר,false,1,42.90,0.08,true,1,
7290000188591,false,קוטקס מגן תחתון יאנג ביג 60 יחידות,קימברלי קלארק,,מ. תחתון קוטקס סילק,Unknown,0.00,Unknown,false,1,23.90,23.90,true,1,
7290000189116,false,תבניות עגולות עבות במיוחד 5 יחידות ניקול,ניקול,,תבניות אינגליש קייק,Unknown,0.00,Unknown,false,1,10.90,10.90,true,1,
7290000189192,false,סופר מטלית מטליות נייר רב פעמיות ניקול 64 יחידות,קימברלי קולומביה,,סופר מגבת ניקול 64 י,מטרים,1.85,מטר,false,1,16.90,9.14,true,1,
7290000189260,false,תבניות מלבניות עבות וחזקות ניקול 5 יחידות,ניקול,,תבניות מלבניות 5 יח,Unknown,0.00,Unknown,false,1,10.90,10.90,true,1,
7290000189277,false,תבניות מלבניות עבות וחזקות ניקול 3 יחידות,ניקול,,תבניות מלבניות גדולו,Unknown,0.00,Unknown,false,1,10.90,10.90,true,1,
7290000189482,false,תבניות אפיה מרובעות מקרטון ניקול 4 יחידות,"דוקארט בעמ, קיבוץ כפ",,תבנית אפייה מקרטון מ,Unknown,0.00,Unknown,false,1,14.60,14.60,true,1,
7290000189505,false,ניקול תבנית אפייה מקרטון אינגליש קייק ניקול 5 יחידות,"דוקארט בעמ, קיבוץ כפ",,תבנית אפייה מקרטון א,Unknown,0.00,Unknown,false,1,14.60,14.60,true,1,
7290000189536,false,שקיות אשפהעם שרוך 65*52 ניקול 40 יחידות,אשפלסט,,שקיות אשפה ניקול 40,Unknown,0.00,Unknown,false,1,19.80,19.80,true,1,
7290000189550,false,"שקיות אשפה ענקיות עם שרוך 78 * 90 ס""מ ניקול 2 * 10 יחידות",חוגלה קימברלי,,XXL ניקול שקיות אשפה,Unknown,0.00,Unknown,false,1,23.90,23.90,true,1,
7290000189598,false,מטליות לחות חד פעמיות לניקוי כללי 50 יח' ניקול,עלבד משואות יצחק בעמ,,ניקול מטלית לחות חד,Unknown,0.00,Unknown,false,1,11.90,11.90,true,1,
7290000189659,false,מטליות לחות לרצפה ניקול 10 יח'-מרכז,עלבד משואות יצחק בעמ,,ניקול מטליות לחות לר,Unknown,0.00,Unknown,false,1,10.90,10.90,true,1,
7290000189871,false,"שקיות אשפה עם שרוך 52 * 65 ס""מ ניקול 55 שקיות","אשפלסט תעשיות בע""מ",,אשפתון מתכלה ניקול 5,Unknown,0.00,Unknown,false,1,19.90,19.90,true,1,
7290000190068,false,מפיות אירוח לבן 100 יחי' ניקול,חוגלה קימברלי,,מפיות ניקול 100,Unknown,0.00,Unknown,false,1,8.90,8.90,true,1,
7290000190150,false,מפיות מודפסות תלת שכבתיות ניקול 20 יחידות,חוגלה קימברלי,PL,מפיות ניקול מודפסות,יחידה,1.00,יחידה,false,1,8.50,8.50,true,1,
7290000190198,false,מטליות לחות לניקוי וחיטוי 99.9% ניקול 50 יחידה,עלבד משואות יצחק בעמ,,מטלית ניקול לניקוי ח,Unknown,0.00,Unknown,false,1,11.90,11.90,true,1,
7290000190853,false,לילי פיור נייר טואלט דו שכבתי לבן 30 גלילים,לילי נייר טואלט חוגלה,,לילי פיור נייר טואלט,מטרים,588.00,מטר,false,1,41.90,0.07,true,1,
7290000191539,false,חמישיית ממחטות טישו צבועני לילי 100 יחידות,חוגלה קימברלי,,ממחטות נייר לילי 5 י,Unknown,0.00,Unknown,false,1,12.90,12.90,true,1,
7290000191546,false,ממחטות טישו צבעוני 2 שכבות לילי מארז 100X3יח',חוגלה קימברלי,,לילי צבעוני 90 דף*3,Unknown,0.00,Unknown,false,1,10.50,10.50,true,1,
7290000191652,false,שלישיית ממחטות אולטרה סופט קלינקס 90 יחידות,חוגלה קימברלי,,קלינקס שלישייה,Unknown,0.00,Unknown,false,1,10.90,10.90,true,1,
7290000191966,false,נייר טואלט לילי לח נטורל קר 48 דפים,עלבד משואות יצחק בעמ,IL,נייר טואלט לח לילי נ,Unknown,0.00,Unknown,false,1,7.90,7.90,true,1,
7290000192581,false,מגבת נייר גליל כפול ניקול 12=6 גליל,קימברלי-קלארק,IL,נייר מגבת ניקול 6=12,מטרים,129.72,מטר,false,1,21.50,0.17,true,1,
7290000193014,false,מגן תחתון פדיות אינטרלוד לילי 50 יחידות,חוגלה קימברלי,,לילי אינטרלוד,Unknown,0.00,Unknown,false,1,12.90,12.90,true,1,
7290000193076,false,"שלישיית מטליות לריצפה ""ניקול""",עופרטקס,,שלישיית מטליות לריצפ,Unknown,0.00,Unknown,false,1,12.50,12.50,true,1,
7290000193083,false,נובה-לי תחבושות היגייניות לילי 28 יחידות,חוגלה קימברלי,,נובה לי,Unknown,0.00,Unknown,false,1,11.80,11.80,true,1,
7290000194288,false,משטח החתלה האגיס 10 יחידות,חוגלה קימברלי,,האגיס משטח החתלה,Unknown,0.00,Unknown,false,1,23.90,23.90,true,1,
7290000195216,false,נייר אפייה בשקית ניקול 50 יחידות,ניקול,,נייר אפייה ניקול,Unknown,0.00,Unknown,false,1,11.90,11.90,true,1,
7290000195537,false,האגיס - מגבוני האגיס דיילי קר לא מבושם 64 יח' * 4,חוגלה קימברלי,,מגבוני האגיס רביעיה,Unknown,0.00,Unknown,false,1,19.90,19.90,true,1,
7290000195773,false,האגיס - מגבוני האגיס סנסטיב קר לא מבושם 64 יח' * 4,חוגלה קימברלי,,מגבוני האגיס קמומיל,Unknown,0.00,Unknown,false,1,19.90,19.90,true,1,
7290000196039,false,"מפות שולחן איריס ח""פ ניקול 2 יח'",חוגלה קימברלי,,מפות שולחן ניקול זוג,Unknown,0.00,Unknown,false,1,12.00,12.00,true,1,
7290000196343,false,מפת שולחן מהודרת ניקול 1 יחידה,חוגלה קימברלי,,מפת ניקול סטייל 1 יח,Unknown,0.00,Unknown,false,1,11.90,11.90,true,1,
7290000196763,false,"שקיות אשפה חזקות במיוחד עם שרוך 52 * 65 ס""מ ניקול 40 יחידות","אשפלסט תעשיות בע""מ",,השקית החזקה ניקול 40,Unknown,0.00,Unknown,false,1,20.90,20.90,true,1,
7290000197012,false,שקיות ריצ'רץ' אחסון למזון ניקול 15 יחידות,חוגלה קימברלי,,שקיות ריצרץ לטריות 1,Unknown,0.00,Unknown,false,1,13.40,13.40,true,1,
7290000197029,false,שקיות ריצ'רץ' רב תכליתיות ניקול 12 יחידות,קריות זול,,שקיות ריצרץ לאיחסון,Unknown,0.00,Unknown,false,1,13.40,13.40,true,1,
7290000197326,false,רדיד אלומניום ניקול זוגי 30X7.5מ',חוגלה קימברלי,,רדיד אלומיניום ניקול,מטרים,15.00,מטר,false,1,10.90,0.73,true,1,
7290000197432,false,שקיות אוכל סנדביצ'ון ניקול מארז 150X2יח',"אשפלסט תעשיות בע""מ",,זוג סנדביצון ענק,Unknown,0.00,Unknown,false,1,13.90,13.90,true,1,
7290000197456,false,חיתולים פרידום דריי שלב 4 האגיס 44 יחידות,קימברלי קלארק ישראל,,האגיס פרידום דריי של,Unknown,0.00,Unknown,false,1,34.90,34.90,true,1,
7290000197463,false,חיתולים פרידום דריי שלב +4 האגיס 40 יחידות,קימברלי קלארק ישראל,,האגיס פרידום דריי של,Unknown,0.00,Unknown,false,1,34.90,34.90,true,1,
7290000197654,false,שקיות אשפה ענקיות נשלפות 75*90 ניקול 50 יחידות,"אשפלסט תעשיות בע""מ",,אשפתון ניקול ענק 45,Unknown,0.00,Unknown,false,1,21.80,21.80,true,1,
7290000197678,false,חיתולי האגיס פרידום דריי שלב 6 30 יחידות,קימברלי קלארק ישראל,,האגיס פרידום דריי של,Unknown,0.00,Unknown,false,1,34.90,34.90,true,1,
7290000197753,false,ניילון נצמד אנטי בטקריאלי ניקול 30X2מ',חוגלה קימברלי,,זוג ניילון נצמד ניקו,מטרים,60.00,מטר,false,1,10.90,0.18,true,1,
7290000197876,false,תבניות אלומיניום קטנות עם מכסה ניקול 4 יחידות,חוגלה קימברלי,,מגשית חד פעמית ניקול,Unknown,0.00,Unknown,false,1,9.90,9.90,true,1,
7290000197883,false,תבנית אלומיניום 100 גדולה ניקול 4 יחידות,חוגלה קימברלי,,מגשית 100 כסופה - חי,Unknown,0.00,Unknown,false,1,9.90,9.90,true,1,
7290000197951,false,תבניות אלומיניום ענקיות ניקול 3 יחידות,חוגלה קימברלי,,מגשית חד פעמית ניקול,Unknown,0.00,Unknown,false,1,9.90,9.90,true,1,
7290000197982,false,"רדיד אלומיניום עבה 45 ס""מ רוחב ניקול 2 יח' 7.5 מטר",ניקול,,רדיד אלומיניום 7.5*4,מטרים,15.00,מטר,false,1,25.90,1.73,true,1,
7290000197999,false,רדיד אלומיניום עבה ניקול זוגי 30X7.5מ',קריות זול,,זוג רדיד ניקול עבה,מטרים,15.00,מטר,false,1,17.70,1.18,true,1,
7290000201795,false,"האגיס מגבונים לתינוק מבושם מארז, שלישיה * 64 יח'",חוגלה קימברלי,,מגבוני האגיס שלישייה,Unknown,0.00,Unknown,false,1,21.90,21.90,true,1,
7290000201849,false,טיטולים פרימיום שלב 4 42 יח' (8-14),חוגלה קימברלי,,טיטולים פרימיום שלב,Unknown,0.00,Unknown,false,1,39.90,39.90,true,1,
7290000201979,false,האגיס מגבונים ללא בישום רביעייה מהדורה,חוגלה קימברלי,,מגבוני האגיס מארז די,Unknown,0.00,Unknown,false,1,19.90,19.90,true,1,
7290000204147,false,רביעיית כרית יפנית עבה ניקול 4 יחידות,חוגלה קימברלי,,כרית ניקול 2 ב - 1,Unknown,0.00,Unknown,false,1,10.90,10.90,true,1,
7290000204215,false,שישיית כרית יפנית ניקול 6 יחידות,חוגלה קימברלי,,כרית ניקול שישייה,Unknown,0.00,Unknown,false,1,11.90,11.90,true,1,
7290000204253,false,מטליות רב שימושיות לניקיון ניקול 9 יחידות,נועם אורים-קיבוץ אור,,מטליות ניקול 9 יח,Unknown,0.00,Unknown,false,1,10.50,10.50,true,1,
7290000204512,false,מטליות לחות לניקוי רצפה בריח לימון ניקול 10 יחידות,עלבד משואות יצחק בעמ,,מטליות לחות לרצפה בר,Unknown,0.00,Unknown,false,1,10.90,10.90,true,1,
7290000204611,false,שישיית ספוגית הקסם ניקול 6 יחידות,חוגלה קימברלי,,ספוגית הקסם ניקול שי,Unknown,0.00,Unknown,false,1,13.80,13.80,true,1,
7290000205762,false,חיתולי האגיס אקסטרה קר מידה 3 48 יחידות,חוגלה קימברלי,,האגיס אקסטרה קייר מי,Unknown,0.00,Unknown,false,1,49.90,49.90,true,1,
7290000205915,false,חיתולי האגיס אקסטרה קייר מידה 4 40 יחידות,חוגלה קימברלי,,האגיס אקסטרה קייר מי,Unknown,0.00,Unknown,false,1,49.90,49.90,true,1,
7290000207063,false,רסק עגבניות פריכוז 28% 240 גרם יכין,היינץ צפון אמריקה מק,,פריכוז 240 גר,גרמים,240.00,100 גרם,false,1,4.90,2.04,true,1,
7290000207162,false,רוטב עגבניות מרכיב טבעי 100 ג' יכין,"זנלכל בע""\מ",IL,רוטב עגבניות יכין 10,גרמים,100.00,100 גרם,false,1,2.50,2.50,true,1,
7290000208022,false,עגבניות 2.5 A מרוסקות 850 גרם יכין,"זנלכל בע""\מ",,עגבניות 2.5 A מרוסק,גרמים,850.00,100 גרם,false,1,9.90,1.16,true,1,
7290000208077,false,אפונת גינה רגילה 550 גרם יכין,"זנלכל בע""\מ",,אפונת גינה רגילה 550,גרמים,550.00,100 גרם,false,1,8.50,1.55,true,1,
7290000208213,false,שעועית לבנה אפויה A2 ברוטב עגבניות יכין 560ג',היינץ צפון אמריקה מק,,שעועית יכין אפויה 58,גרמים,580.00,100 גרם,false,1,8.90,1.53,true,1,
7290000208220,false,"שעועית צ'לי יכין פ""ק A2 בית יוסף",היינץ צפון אמריקה מק,,שעועית צלי חריף A2,גרמים,550.00,100 גרם,false,1,9.90,1.80,true,1,
=======
7290000187860,false,מגבוני טואלט לחים לילי דיספנסר 40יח',קימברלי קלארק ישראל שיווק בעמ,IL,נייר טואלט לח לילי פ,Unknown,0.00,Unknown,false,1,7.90,7.90,true,1,
7290000187938,false,לילי - נייר טואולט נייר טואלט פסטל 32 יח',קימברלי קלארק ישראל שיווק בעמ,,לילי פסטל 32 גלילים,מטרים,588.00,מטר,false,1,39.90,0.07,true,1,
7290000187952,false,נייר טואלט תלת שכבתי ורוד לילי 32 יחידות,קימברלי קלארק ישראל שיווק בעמ,,לילי טריו ורוד 32 גל,מטרים,537.28,מטר,false,1,42.90,0.08,true,1,
7290000188270,false,ממחטות אף אולטרה סופט קלינקס 2*80 יחידות,קימברלי קלארק ישראל שיווק בעמ,,קלינקס אול סופט זוג,Unknown,0.00,Unknown,false,1,15.90,15.90,true,1,
7290000188591,false,קוטקס מגן תחתון יאנג ביג 60 יחידות,קימברלי קלארק ישראל שיווק בעמ,,מ. תחתון קוטקס סילק,Unknown,0.00,Unknown,false,1,23.90,23.90,true,1,
7290000189116,false,תבניות עגולות עבות במיוחד 5 יחידות ניקול,קימברלי קלארק ישראל שיווק בעמ,,תבניות אינגליש קייק,Unknown,0.00,Unknown,false,1,10.90,10.90,true,1,
7290000189192,false,סופר מטלית מטליות נייר רב פעמיות ניקול 64 יחידות,קימברלי קלארק ישראל שיווק בעמ,,סופר מגבת ניקול 64 י,מטרים,1.85,מטר,false,1,16.90,9.14,true,1,
7290000189260,false,תבניות מלבניות עבות וחזקות ניקול 5 יחידות,קימברלי קלארק ישראל שיווק בעמ,,תבניות מלבניות 5 יח,Unknown,0.00,Unknown,false,1,10.90,10.90,true,1,
7290000189277,false,תבניות מלבניות עבות וחזקות ניקול 3 יחידות,קימברלי קלארק ישראל שיווק בעמ,,תבניות מלבניות גדולו,Unknown,0.00,Unknown,false,1,10.90,10.90,true,1,
7290000189482,false,תבניות אפיה מרובעות מקרטון ניקול 4 יחידות,קימברלי קלארק ישראל שיווק בעמ,,תבנית אפייה מקרטון מ,Unknown,0.00,Unknown,false,1,14.60,14.60,true,1,
7290000189505,false,ניקול תבנית אפייה מקרטון אינגליש קייק ניקול 5 יחידות,קימברלי קלארק ישראל שיווק בעמ,,תבנית אפייה מקרטון א,Unknown,0.00,Unknown,false,1,14.60,14.60,true,1,
7290000189536,false,שקיות אשפהעם שרוך 65*52 ניקול 40 יחידות,קימברלי קלארק ישראל שיווק בעמ,,שקיות אשפה ניקול 40,Unknown,0.00,Unknown,false,1,19.80,19.80,true,1,
7290000189550,false,"שקיות אשפה ענקיות עם שרוך 78 * 90 ס""מ ניקול 2 * 10 יחידות",קימברלי קלארק ישראל שיווק בעמ,,XXL ניקול שקיות אשפה,Unknown,0.00,Unknown,false,1,23.90,23.90,true,1,
7290000189598,false,מטליות לחות חד פעמיות לניקוי כללי 50 יח' ניקול,קימברלי קלארק ישראל שיווק בעמ,,ניקול מטלית לחות חד,Unknown,0.00,Unknown,false,1,11.90,11.90,true,1,
7290000189871,false,"שקיות אשפה עם שרוך 52 * 65 ס""מ ניקול 55 שקיות",קימברלי קלארק ישראל שיווק בעמ,,אשפתון מתכלה ניקול 5,Unknown,0.00,Unknown,false,1,19.90,19.90,true,1,
7290000190068,false,מפיות אירוח לבן 100 יחי' ניקול,קימברלי קלארק ישראל שיווק בעמ,,מפיות ניקול 100,Unknown,0.00,Unknown,false,1,8.90,8.90,true,1,
7290000190150,false,מפיות מודפסות תלת שכבתיות ניקול 20 יחידות,קימברלי קלארק ישראל שיווק בעמ,PL,מפיות ניקול מודפסות,יחידה,1.00,יחידה,false,1,8.50,8.50,true,1,
7290000190198,false,מטליות לחות לניקוי וחיטוי 99.9% ניקול 50 יחידה,קימברלי קלארק ישראל שיווק בעמ,,מטלית ניקול לניקוי ח,Unknown,0.00,Unknown,false,1,11.90,11.90,true,1,
7290000190853,false,לילי פיור נייר טואלט דו שכבתי לבן 30 גלילים,קימברלי קלארק ישראל שיווק בעמ,,לילי פיור נייר טואלט,מטרים,588.00,מטר,false,1,41.90,0.07,true,1,
7290000191539,false,חמישיית ממחטות טישו צבועני לילי 100 יחידות,קימברלי קלארק ישראל שיווק בעמ,,ממחטות נייר לילי 5 י,Unknown,0.00,Unknown,false,1,12.90,12.90,true,1,
7290000191546,false,ממחטות טישו צבעוני 2 שכבות לילי מארז 100X3יח',קימברלי קלארק ישראל שיווק בעמ,,לילי צבעוני 90 דף*3,Unknown,0.00,Unknown,false,1,10.50,10.50,true,1,
7290000191652,false,שלישיית ממחטות אולטרה סופט קלינקס 90 יחידות,קימברלי קלארק ישראל שיווק בעמ,,קלינקס שלישייה,Unknown,0.00,Unknown,false,1,10.90,10.90,true,1,
7290000191966,false,נייר טואלט לילי לח נטורל קר 48 דפים,קימברלי קלארק ישראל שיווק בעמ,IL,נייר טואלט לח לילי נ,Unknown,0.00,Unknown,false,1,7.90,7.90,true,1,
7290000192581,false,מגבת נייר גליל כפול ניקול 12=6 גליל,קימברלי קלארק ישראל שיווק בעמ,IL,נייר מגבת ניקול 6=12,מטרים,129.72,מטר,false,1,21.50,0.17,true,1,
7290000193014,false,מגן תחתון פדיות אינטרלוד לילי 50 יחידות,קימברלי קלארק ישראל שיווק בעמ,,לילי אינטרלוד,Unknown,0.00,Unknown,false,1,12.90,12.90,true,1,
7290000193076,false,"שלישיית מטליות לריצפה ""ניקול""",עופרטקס,,שלישיית מטליות לריצפ,Unknown,0.00,Unknown,false,1,12.50,12.50,true,1,
7290000193083,false,נובה-לי תחבושות היגייניות לילי 28 יחידות,קימברלי קלארק ישראל שיווק בעמ,,נובה לי,Unknown,0.00,Unknown,false,1,11.80,11.80,true,1,
7290000194288,false,האגיס משטחי החתלה חד פעמיים 10יח`,קימברלי קלארק ישראל שיווק בעמ,,האגיס משטח החתלה,Unknown,0.00,Unknown,false,1,23.90,23.90,true,1,
7290000194837,false,ניקול - שקיות מזון + ידיות קשירה אקסטרה לארג' 200 יח',קימברלי קלארק ישראל שיווק בעמ,,שקיות מזון גדולות עם,Unknown,0.00,Unknown,false,1,15.60,15.60,true,1,
7290000195216,false,נייר אפייה בשקית ניקול 50 יחידות,קימברלי קלארק ישראל שיווק בעמ,,נייר אפייה ניקול,Unknown,0.00,Unknown,false,1,11.90,11.90,true,1,
7290000195537,false,האגיס - מגבוני האגיס דיילי קר לא מבושם 64 יח' * 4,קימברלי קלארק ישראל שיווק בעמ,,מגבוני האגיס רביעיה,Unknown,0.00,Unknown,false,1,19.90,19.90,true,1,
7290000195773,false,האגיס - מגבוני האגיס סנסטיב קר לא מבושם 64 יח' * 4,קימברלי קלארק ישראל שיווק בעמ,,מגבוני האגיס קמומיל,Unknown,0.00,Unknown,false,1,19.90,19.90,true,1,
7290000196039,false,ניקול מפות שולחן חד פעמיות 2 יח,קימברלי קלארק ישראל שיווק בעמ,,מפות שולחן ניקול זוג,Unknown,0.00,Unknown,false,1,12.00,12.00,true,1,
7290000196343,false,מפת שולחן מהודרת ניקול 1 יחידה,קימברלי קלארק ישראל שיווק בעמ,,מפת ניקול סטייל 1 יח,Unknown,0.00,Unknown,false,1,11.90,11.90,true,1,
7290000196763,false,"שקיות אשפה חזקות במיוחד עם שרוך 52 * 65 ס""מ ניקול 40 יחידות",קימברלי קלארק ישראל שיווק בעמ,,השקית החזקה ניקול 40,Unknown,0.00,Unknown,false,1,20.90,20.90,true,1,
7290000197012,false,שקיות ריצ'רץ' אחסון למזון ניקול 15 יחידות,קימברלי קלארק ישראל שיווק בעמ,,שקיות ריצרץ לטריות 1,Unknown,0.00,Unknown,false,1,13.40,13.40,true,1,
7290000197029,false,שקיות ריצ'רץ' רב תכליתיות ניקול 12 יחידות,קימברלי קלארק ישראל שיווק בעמ,,שקיות ריצרץ לאיחסון,Unknown,0.00,Unknown,false,1,13.40,13.40,true,1,
7290000197081,false,ניקול ניילון נצמד 150 מטר+מתקן לחיתוך קל,קימברלי קלארק ישראל שיווק בעמ,,ניילון נצמד ניקול עם,מטרים,150.00,מטר,false,1,29.90,0.20,true,1,
7290000197326,false,רדיד אלומיניום ניקול זוגות 7.5*2קצר,קימברלי קלארק ישראל שיווק בעמ,,רדיד אלומיניום ניקול,מטרים,15.00,מטר,false,1,10.90,0.73,true,1,
7290000197432,false,שקיות אוכל סנדביצ'ון ניקול מארז 150X2יח',קימברלי קלארק ישראל שיווק בעמ,,זוג סנדביצון ענק,Unknown,0.00,Unknown,false,1,13.90,13.90,true,1,
7290000197456,false,חיתולים פרידום דריי שלב 4 האגיס 44 יחידות,קימברלי קלארק ישראל שיווק בעמ,,האגיס פרידום דריי של,Unknown,0.00,Unknown,false,1,34.90,34.90,true,1,
7290000197463,false,חיתולים פרידום דריי שלב +4 האגיס 40 יחידות,קימברלי קלארק ישראל שיווק בעמ,,האגיס פרידום דריי של,Unknown,0.00,Unknown,false,1,34.90,34.90,true,1,
7290000197654,false,שקיות אשפה ענקיות נשלפות 75*90 ניקול 50 יחידות,קימברלי קלארק ישראל שיווק בעמ,,אשפתון ניקול ענק 45,Unknown,0.00,Unknown,false,1,21.80,21.80,true,1,
7290000197678,false,חיתולי האגיס פרידום דריי שלב 6 30 יחידות,קימברלי קלארק ישראל שיווק בעמ,,האגיס פרידום דריי של,Unknown,0.00,Unknown,false,1,34.90,34.90,true,1,
7290000197753,false,ניילון נצמד אנטי בטקריאלי ניקול 30X2מ',קימברלי קלארק ישראל שיווק בעמ,,זוג ניילון נצמד ניקו,מטרים,60.00,מטר,false,1,10.90,0.18,true,1,
7290000197876,false,תבניות אלומיניום קטנות עם מכסה ניקול 4 יחידות,קימברלי קלארק ישראל שיווק בעמ,,מגשית חד פעמית ניקול,Unknown,0.00,Unknown,false,1,9.90,9.90,true,1,
7290000197883,false,תבנית אלומיניום 100 גדולה ניקול 4 יחידות,קימברלי קלארק ישראל שיווק בעמ,,מגשית 100 כסופה - חי,Unknown,0.00,Unknown,false,1,9.90,9.90,true,1,
7290000197951,false,תבניות אלומיניום ענקיות ניקול 3 יחידות,קימברלי קלארק ישראל שיווק בעמ,,מגשית חד פעמית ניקול,Unknown,0.00,Unknown,false,1,9.90,9.90,true,1,
7290000197982,false,"רדיד אלומיניום עבה 45 ס""מ רוחב ניקול 2 יח' 7.5 מטר",קימברלי קלארק ישראל שיווק בעמ,,רדיד אלומיניום 7.5*4,מטרים,15.00,מטר,false,1,25.90,1.73,true,1,
7290000197999,false,רדיד אלומיניום עבה ניקול זוגי 30X7.5מ',קימברלי קלארק ישראל שיווק בעמ,,זוג רדיד ניקול עבה,מטרים,15.00,מטר,false,1,17.70,1.18,true,1,
7290000199313,false,תחבושות עם כנפיים נורמל פלוס קוטקס 30 יחידות,קימברלי קלארק ישראל שיווק בעמ,,קוטקס לנערות 28 יח,Unknown,0.00,Unknown,false,1,18.90,18.90,true,1,
7290000201795,false,"האגיס מגבונים לתינוק מבושם מארז, שלישיה * 64 יח'",חוגלה קימברלי,,מגבוני האגיס שלישייה,Unknown,0.00,Unknown,false,1,21.90,21.90,true,1,
7290000201979,false,האגיס מגבונים ללא בישום רביעייה מהדורה,קימברלי קלארק ישראל שיווק בעמ,,מגבוני האגיס מארז די,Unknown,0.00,Unknown,false,1,19.90,19.90,true,1,
7290000204147,false,רביעיית כרית יפנית עבה ניקול 4 יחידות,קימברלי קלארק ישראל שיווק בעמ,,כרית ניקול 2 ב - 1,Unknown,0.00,Unknown,false,1,10.90,10.90,true,1,
7290000204215,false,שישיית כרית יפנית ניקול 6 יחידות,קימברלי קלארק ישראל שיווק בעמ,,כרית ניקול שישייה,Unknown,0.00,Unknown,false,1,11.90,11.90,true,1,
7290000204253,false,מטליות רב שימושיות לניקיון ניקול 9 יחידות,קימברלי קלארק ישראל שיווק בעמ,,מטליות ניקול 9 יח,Unknown,0.00,Unknown,false,1,10.50,10.50,true,1,
7290000204512,false,מטליות לחות לניקוי רצפה בריח לימון ניקול 10 יחידות,קימברלי קלארק ישראל שיווק בעמ,,מטליות לחות לרצפה בר,Unknown,0.00,Unknown,false,1,10.90,10.90,true,1,
7290000204611,false,שישיית ספוגית הקסם ניקול 6 יחידות,קימברלי קלארק ישראל שיווק בעמ,,ספוגית הקסם ניקול שי,Unknown,0.00,Unknown,false,1,13.80,13.80,true,1,
7290000205762,false,חיתולי האגיס אקסטרה קר מידה 3 48 יחידות,קימברלי קלארק ישראל שיווק בעמ,,האגיס אקסטרה קייר מי,Unknown,0.00,Unknown,false,1,49.90,49.90,true,1,
7290000205915,false,חיתולי האגיס אקסטרה קייר מידה 4 40 יחידות,קימברלי קלארק ישראל שיווק בעמ,,האגיס אקסטרה קייר מי,Unknown,0.00,Unknown,false,1,49.90,49.90,true,1,
7290000207063,false,רסק עגבניות פריכוז 28% 240 גרם יכין,היינץ צפון אמריקה מק,,פריכוז 240 גר,גרמים,240.00,100 גרם,false,1,4.90,2.04,true,1,
7290000207162,false,רוטב עגבניות מרכיב טבעי 100 ג' יכין,זנלכול יכין,IL,רוטב עגבניות יכין 10,גרמים,100.00,100 גרם,false,1,2.50,2.50,true,1,
7290000208022,false,עגבניות 2.5 A מרוסקות 850 גרם יכין,זנלכול יכין,,עגבניות 2.5 A מרוסק,גרמים,850.00,100 גרם,false,1,9.90,1.16,true,1,
7290000208077,false,אפונת גינה גדולה יכין (550 גרם),זנלכול יכין,,אפונת גינה רגילה 550,גרמים,550.00,100 גרם,false,1,8.50,1.55,true,1,
7290000208176,false,תפוחי אדמה קלופים יכין (550 גרם),"זנלכל בע""מ",,תפוחי אדמה מקולפים,גרמים,550.00,100 גרם,false,1,9.90,1.80,true,1,
7290000208213,false,שעועית לבנה אפויה A2 ברוטב עגבניות יכין 560ג',היינץ צפון אמריקה מק,,שעועית יכין אפויה 58,גרמים,580.00,100 גרם,false,1,8.90,1.53,true,1,
7290000208220,false,שעועית צ`ילי מקסיקני חריף יכין (550 גרם),היינץ צפון אמריקה מק,,שעועית צלי חריף A2,גרמים,550.00,100 גרם,false,1,9.90,1.80,true,1,
7290000208251,false,שעועית ירוקה חתוכה יכין (550 גרם),"זנלכל בע""מ",,שעועית ירוקה יכין 56,גרמים,560.00,100 גרם,false,1,9.90,1.77,true,1,
>>>>>>> d048ac2f4f281c9d788043ab4e81b61b0dbe3743
7290000208312,false,גרעיני תירס מתוק בואקום יכין 400 גר',"זנלכל בע""\מ",IL,תירס מתוק יכין 400 ג,גרמים,400.00,100 גרם,false,1,6.90,1.73,true,1,
7290000208329,false,גרעיני תירס מתוק יכין (550 גרם),זנלכול יכין,,תירס גרעינים 550 גר,גרמים,550.00,100 גרם,false,1,8.50,1.55,true,1,
7290000208336,false,רסק יכין 240גר 22% יכין בית יוסף,"זנלכל בע""\מ",,רוטב עגבניות יכין 24,גרמים,240.00,100 גרם,false,1,4.50,1.88,true,1,
7290000208343,false,עגבניות מרוסקות שום יכין A2.5 בית יוסף,היינץ צפון אמריקה מק,,עגבניות מרוסקות שום,גרמים,850.00,100 גרם,false,1,9.90,1.16,true,1,
<<<<<<< HEAD
7290000208428,false,גרגרי חומוס שלם 550 גרם יכין,"זנלכל בע""\מ",,חומוס יכין שלם 550 ג,גרמים,550.00,100 גרם,false,1,8.90,1.62,true,1,
7290000208480,false,גרעיני תירס מתוק בטעם חמאה 550 גרם יכין,"זנלכל בע""\מ",,תירס בטעם חמאה יכין,גרמים,550.00,100 גרם,false,1,9.90,1.80,true,1,
7290000208800,false,גרעיני תירס מתוק לילדים 400 גרם יכין,זנלכל,,תירס ואקום קיד 400 ג,גרמים,400.00,100 גרם,false,1,6.90,1.73,true,1,
7290000208855,false,רוטב לפסטה קלאסי 240 גרם יכין,"זנלכל בע""\מ",,רוטב לפסטה 260 גרם י,מיליליטרים,260.00,"100 מ""ל",false,1,6.50,2.50,true,1,
7290000208893,false,גרעיני תירס מתוק לייט 400 גרם יכין,היינץ צפון אמריקה מק,,תירס ואקום לייט 400,גרמים,400.00,100 גרם,false,1,6.90,1.73,true,1,
7290000208947,false,עגבניות מרוסקות יכין 260 גרם,היינץ צפון אמריקה מק,,עגבניות מרוסקות 260,גרמים,260.00,100 גרם,false,1,6.50,2.50,true,1,
7290000208978,false,רוטב עגבניות פריכוז יכין 100 גרם,היינץ צפון אמריקה מק,,רסק עגבניות פריכוז 1,גרמים,100.00,100 גרם,false,1,3.40,3.40,true,1,
7290000209012,false,חומץ 1ליטר יכין הדרים,"זנלכל בע""\מ",,חומץ הדרים 1 ליטר,מיליליטרים,1000.00,"100 מ""ל",false,1,5.90,0.59,true,1,
7290000209043,false,מיץ לימון לתיבול יכין 1 ליטר,היינץ צפון אמריקה מק,,מיץ לימון יכין 1 ליט,מיליליטרים,1000.00,"100 מ""ל",false,1,6.90,0.69,true,1,
7290000209371,false,תירס מתוק יכין 200 גרם מארז 3 יח',היינץ צפון אמריקה מק,,שלישיית תירס יכין 16,גרמים,165.00,100 גרם,false,1,14.90,9.03,true,1,
7290000209388,false,תירס מתוק לייט יכין 200 גרם מארז 3 יח',"זנלכל בע""\מ",,שלישיית תירס לייט יכ,גרמים,165.00,100 גרם,false,1,14.90,9.03,true,1,
7290000209517,false,סירופ דיאט בטעם לימון יכין 1 ליטר,היינץ צפון אמריקה מק,,סירופ דיאט 1 ל ט. לי,ליטרים,0.00,ליטר,false,1,17.90,17.90,true,1,
7290000209555,false,סירופ דיאט בטעם תפוחים יכין 1 ליטר,"זנלכל בע""\מ",IL,סירופ דיאט תפוח עץ י,מיליליטרים,1000.00,"100 מ""ל",false,1,17.90,1.79,true,1,
7290000209722,false,רסק עגבניות 28% פריכוז 580 גרם יכין,"זנלכל בע""\מ",,רסק עגבניות פריכוז A,גרמים,580.00,100 גרם,false,1,10.90,1.88,true,1,
7290000209944,false,רוטב לעגבניות בסיס לשקשוקה 240 ג' יכין,"זנלכל בע""\מ",,רוטב עגבניות לשקשוק,גרמים,260.00,100 גרם,false,1,6.50,2.50,true,1,
=======
7290000208428,false,גרגרי חומוס שלם 550 גרם יכין,היינץ צפון אמריקה מק,,חומוס יכין שלם 550 ג,גרמים,550.00,100 גרם,false,1,8.90,1.62,true,1,
7290000208480,false,גרעיני תירס מתוק בטעם חמאה 550 גרם יכין,זנלכול יכין,,תירס בטעם חמאה יכין,גרמים,550.00,100 גרם,false,1,9.90,1.80,true,1,
7290000208800,false,תירס קיד גרעיני תירס מתוק יכין (400 גרם),זנלכול יכין,,תירס ואקום קיד 400 ג,גרמים,400.00,100 גרם,false,1,6.90,1.73,true,1,
7290000208855,false,רוטב לפסטה קלאסי יכין (240 גרם),זנלכול יכין,,רוטב לפסטה 260 גרם י,מיליליטרים,260.00,"100 מ""ל",false,1,6.50,2.50,true,1,
7290000208893,false,גרעיני תירס מתוק לייט 400 גרם יכין,היינץ צפון אמריקה מק,,תירס ואקום לייט 400,גרמים,400.00,100 גרם,false,1,6.90,1.73,true,1,
7290000208947,false,עגבניות מרוסקות יכין (240 גרם),היינץ צפון אמריקה מק,,עגבניות מרוסקות 260,גרמים,260.00,100 גרם,false,1,6.50,2.50,true,1,
7290000208978,false,רוטב עגבניות (10028% גרם)פריכוז יכין,זנלכול יכין,,רסק עגבניות פריכוז 1,גרמים,100.00,100 גרם,false,1,3.40,3.40,true,1,
7290000209012,false,חומץ 1ליטר יכין הדרים,"זנלכל בע""\מ",,חומץ הדרים 1 ליטר,מיליליטרים,1000.00,"100 מ""ל",false,1,5.90,0.59,true,1,
7290000209043,false,מיץ לימון משומר לתיבול יכין (1 ליטר),היינץ צפון אמריקה מק,,מיץ לימון יכין 1 ליט,מיליליטרים,1000.00,"100 מ""ל",false,1,6.90,0.69,true,1,
7290000209371,false,מארז גרעיני תירס מתוק יכין (200x3 גרם),היינץ צפון אמריקה מק,,שלישיית תירס יכין 16,גרמים,165.00,100 גרם,false,1,14.90,9.03,true,1,
7290000209388,false,תירס מתוק לייט יכין 200 גרם מארז 3 יח',זנלכול יכין,,שלישיית תירס לייט יכ,גרמים,165.00,100 גרם,false,1,14.90,9.03,true,1,
7290000209517,false,סירופ דיאט בטעם לימון יכין (1 ליטר),היינץ צפון אמריקה מק,,סירופ דיאט 1 ל ט. לי,ליטרים,0.00,ליטר,false,1,17.90,17.90,true,1,
7290000209555,false,סירופ דיאט בטעם תפוחים יכין 1 ליטר,זנלכול יכין,IL,סירופ דיאט תפוח עץ י,מיליליטרים,1000.00,"100 מ""ל",false,1,17.90,1.79,true,1,
7290000209722,false,רוטב עגבניות 28% יכין (580 גרם)פריכוז,"זנלכל בע""\מ",,רסק עגבניות פריכוז A,גרמים,580.00,100 גרם,false,1,10.90,1.88,true,1,
7290000209944,false,רוטב לעגבניות בסיס לשקשוקה 240 ג' יכין,"זנלכל בע""\מ",,רוטב עגבניות לשקשוק,גרמים,260.00,100 גרם,false,1,6.50,2.50,true,1,
7290000209951,false,רוטב עגבניות לפיצה 260 גרם יכין,"זנלכל בע""\מ",,רוטב עגבניות לפיצה,גרמים,260.00,100 גרם,false,1,6.50,2.50,true,1,
>>>>>>> d048ac2f4f281c9d788043ab4e81b61b0dbe3743
7290000211169,false,"אורז תאילנדי אחד אחד סוגת 1 ק""ג",האי נאם סי או אל.טי.,,"אורז תאילנדי 1 ק""ג",קילוגרמים,0.00,"ק""ג",false,1,7.90,7.90,true,1,
7290000211312,false,סוגת אורז מלא פרסי אחד אחד 1 קג,האי נאם סי או אל.טי.,,"אורז מלא 1 ק""ג",גרמים,1000.00,100 גרם,false,1,10.40,1.04,true,1,
7290000211374,false,"קמח חיטה מלא סוגת 1 ק""ג",טחנת קמח דגן-שטיבל,,"קמח מלא 1 ק""ג סוגת",גרמים,1000.00,100 גרם,false,1,7.50,0.75,true,1,
7290000211442,false,אורז בסגנון פרסי קלאסי סוגת (1 קג),האי נאם סי או אל.טי.,,"אורז פרסי 1 ק""ג סוג",גרמים,1000.00,100 גרם,false,1,10.80,1.08,true,1,
7290000211503,false,סוכר לבן ארוז בשקית,"סוגת תעשיות בע""\מ",,"סוכר לבן 1 ק""ג",קילוגרמים,0.00,"ק""ג",false,1,3.90,3.90,true,1,
<<<<<<< HEAD
7290000211626,false,"סוגת אורז חיש 1 ק""ג","סוגת תעשיות בע""\מ",,"אורז חיש 1 ק""ג",גרמים,1000.00,100 גרם,false,1,11.40,1.14,true,1,
7290000211985,false,"סוגת אורז עגול ריזוטו 1 ק""ג","סוגת תעשיות בע""\מ",,אורז עגול 1 קג,גרמים,1000.00,100 גרם,false,1,9.90,0.99,true,1,
7290000214115,false,מרק עוף בצנצנת ויטה 400 גרם,"פרי הגליל בע""""מ",,מרק עוף בצנצנת 400 ג,גרמים,400.00,100 גרם,false,1,10.90,2.73,true,1,
7290000218502,false,תערובת לחמין A-2 ויטה בדצ,"פרי הגליל בע""""מ",,חמין א2,גרמים,668.00,100 גרם,false,1,11.30,1.69,true,1,
7290000238029,false,"בצק עלים צרפתי מרודד מעדנות 1 ק""ג",מיוצר עי קונדיטוריית,,"בצק עלים מרודד 1 ק""ג",גרמים,1000.00,100 גרם,false,1,21.90,2.19,true,1,
7290000238036,false,מלאווח בקופסא מעדנות 700 גרם,מיוצר עי קונדיטוריית,,מלאווח מעדנות 700 גר,גרמים,700.00,100 גרם,false,1,16.90,2.41,true,1,
7290000238173,false,בורקס גבינה מעדנות 800 גרם,מיוצר עי קונדיטוריית,,בורקס גבינה מעדנות,גרמים,800.00,100 גרם,false,1,14.90,1.86,true,1,
7290000238180,false,בורקס תפוחי אדמה מעדנות 800 גרם,מיוצר עי קונדיטוריית,,"בורקס תפו""א 800 גרם",גרמים,800.00,100 גרם,false,1,19.70,2.46,true,1,
7290000244051,false,"הוואי שלישיית סבון נוזלי משב טרופי 500 מ""ל",טרופיקל דגיל,,סבון נוזלי הוואי שמי,ליטרים,0.00,ליטר,false,1,19.40,19.40,true,1,
7290000244143,false,"הוואי - קרם לאחר גילוח 120 מ""ל",טרופיקל דגיל קוסמטיק,,הוואי קרם לאחר גילוח,מיליליטרים,120.00,"100 מ""ל",false,1,22.50,18.75,true,1,
7290000245072,false,סוד מרכך כביסה בייבי סנסטיב 4 ליטר,"הנקל סוד בע""\מ",,סוד לתינוק 4 ל מרכך,ליטרים,0.00,ליטר,false,1,22.50,22.50,true,1,
7290000245157,false,סוד סופט מרכך כביסה סנסיישן 4 ליטר,"הנקל סוד בע""\מ",,סוד סנסיישן 4 ל מרכך,ליטרים,0.00,ליטר,false,1,22.50,22.50,true,1,
7290000245294,false,"א.כ. פרסיל סופרא שקית 2.5 ק""ג","הנקל סוד בע""\מ",,אבקת כביסה פרסיל 2.5,קילוגרמים,0.00,"ק""ג",false,1,29.50,29.50,true,1,
7290000245782,false,סוד סופט מרכך כביסה ורוד 4 ליטר,"הנקל סוד בע""\מ",,סוד ורוד מסתורי 4 ל,ליטרים,0.00,ליטר,false,1,22.50,22.50,true,1,
7290000253220,false,שוקולד צ'יפס חום אופנהיימר 260 גר',אופנהיימר,IL,שוקולד ציפס אופנהיימ,גרמים,260.00,100 גרם,false,1,10.90,4.19,true,1,
7290000253251,false,שוקולד צ'יפס לבן אופנהיימר 250 גרם,אופנהיימר,IL,שוקו ציפס לבן אופנהי,גרמים,300.00,100 גרם,false,1,10.90,3.63,true,1,
7290000253374,false,מיני שוקולד צ'יפס 250 גרם- 66% מוצקי קקאו,אופנהיימר,IL,מיני שוקולד ציפס 250,גרמים,250.00,100 גרם,false,1,15.60,6.24,true,1,
7290000262031,false,נייר טואלט מולט לב 32 גלילים,קימברלי-קלארק,,נייר טואלט מולט 32 ג,מטרים,588.80,מטר,false,1,29.90,0.05,true,1,
7290000262239,false,נייר טואלט מולט 48 גלילים,קימברלי-קלארק,,נ. טואלט מולט 48 לב,מטרים,883.00,מטר,false,1,39.90,0.05,true,1,
7290000262413,false,חיתולי האגיס אקסטרה קייר מידה 5 34 יחידות,חוגלה קימברלי,,האגיס אקסטרה קייר מי,Unknown,0.00,Unknown,false,1,49.90,49.90,true,1,
7290000267500,false,קליפות הדר מצופות שוקולד מריר שקדיה 200 גרם,"דין שיווק וקלייה בע""",,קליפות הדר מצופות בש,גרמים,200.00,100 גרם,false,1,13.10,6.55,true,1,
7290000267548,false,אגוזי מלך טחונים השף 100 גרם,"דין שיווק וקלייה בע""",,אגוז גרוס 100 גרם,גרמים,100.00,100 גרם,false,1,11.90,11.90,true,1,
7290000272443,false,סירופ דיאט בטעם תפוזים עסיס 1 ליטר,בית-השיטה עסיס תעשיות מז,,סירופ דיאט תפוזים 1,מיליליטרים,1000.00,"100 מ""ל",false,1,20.90,2.09,true,1,
7290000272467,false,עסיס פטל דיאט סירופ 1 ליטר,בית-השיטה עסיס תעשיות מז,,סירופ דיאט פטל 1 ליט,מיליליטרים,1000.00,"100 מ""ל",false,1,20.90,2.09,true,1,
7290000272696,false,עסיס מיץ לימון טבעי משומר 1 ל' אסם,בית-השיטה עסיס תעשיות מז,,מיץ לימון עסיס משומר,מיליליטרים,1000.00,"100 מ""ל",false,1,9.90,0.99,true,1,
7290000272726,false,חומץ רכיבים רכיבים טבעיים 5% עסיס 1 ליטר,בית-השיטה עסיס תעשיות מז,,חומץ טבעי עסיס 5% -1,מיליליטרים,1000.00,"100 מ""ל",false,1,6.90,0.69,true,1,
7290000286228,false,ספוגיות לניקוי כללי סנו סושי 6 יחידות,סנו מפעלי ברונו בעמ,,סנו סושי כרית יפנית,Unknown,0.00,Unknown,false,1,10.90,10.90,true,1,
7290000286525,false,ספוג כיף רחצה פרינה 1 יח,קוסמופארם,,סנו ספוג פרינה,Unknown,0.00,Unknown,false,1,11.50,11.50,true,1,
7290000286549,false,מטליות לניקוי כללי סנו סושי 9 יחידות,נועם אורים תעשיות בע,,סנו סושי מטלית לכל 9,Unknown,0.00,Unknown,false,1,10.50,10.50,true,1,
7290000286594,false,אבקה לניקוי במיכל לימון X סנו 600 גרם,סנו מפעלי ברונוס בעמ,,סנו איקס לימון במיכל,גרמים,600.00,100 גרם,false,1,11.40,1.90,true,1,
7290000286761,false,ניילון נצמד סנו סושי פלסטיק מארז 30X2 מ',מיוצר עי קונדיטוריית,,ניילון נצמד פלוס ללא,מטרים,30.00,מטר,false,1,10.90,0.36,true,1,
7290000286945,false,"נוזל+אקדח לניקוי רהיט ""סנו""","סנו מפעלי ברונוס בע""\מ",,סנו רהיט נוזל+אקדח,מיליליטרים,500.00,"100 מ""ל",false,1,30.50,6.10,true,1,
7290000287492,false,"סנובון נוזל לניקוי אסלות בריח לימון סנו 750 מ""ל","סנו מפעלי ברונוס בע""מ",,סנובון נוזלי לימון,מיליליטרים,750.00,"100 מ""ל",false,1,10.90,1.45,true,1,
7290000287607,false,"אקוה בלו סבון לניאגרה סנו 150 מ""ל",סנו מפעלי ברונוס בעמ,,סנו בלו גדול,גרמים,150.00,100 גרם,false,1,23.90,15.93,true,1,
7290000287621,false,"אנטי קאלק נוזל לניקוי אסלות סנו 750 מ""ל",מיוצר עי קונדיטוריית,,סנו אנטי קאלק לאסלה,מיליליטרים,750.00,"100 מ""ל",false,1,15.20,2.03,true,1,
7290000288017,false,אקונומיקה בריח לימון סנו ז'אוול 1 ליטר,"סנו מפעלי ברונוס בע""",,סנו זאוול לימון 1 לי,מיליליטרים,1000.00,"100 מ""ל",false,1,8.30,0.83,true,1,
7290000288024,false,סנו - ז'אוול אקונומיקה בריח לימון 4 ליטר,"סנו מפעלי ברונוס בע""מ",,סנו זאוול לימון 4 לי,ליטרים,0.00,ליטר,false,1,16.90,16.90,true,1,
7290000288048,false,סנו זאוול מרסס מונבלאן 1 ליטר,"סנו מפעלי ברונוס בע""מ",,סנו זאוול מרסס מונבל,מיליליטרים,1000.00,"100 מ""ל",false,1,18.90,1.89,true,1,
7290000288291,false,סנומט דוחה יתושים לוחיות אידוי 30 יחידות,טרופיקל דגיל תעשיות,,סנומט 30 טבליות,Unknown,0.00,Unknown,false,1,13.20,13.20,true,1,
7290000288352,false,"קוטל חרקים וזוחלים K-300 סנו 630 מ""ל","סנו מפעלי ברונוס בע""מ",,K-300,מיליליטרים,600.00,"100 מ""ל",false,1,20.90,3.48,true,1,
7290000288413,false,סנו-די דוחה יתושים כדורי סנו 50 גרם,גוד פוד פרודקטס S.p,,"סנו די רולאון 50 מ""ל",מיליליטרים,50.00,"100 מ""ל",false,1,23.50,47.00,true,1,
7290000288642,false,מקסימה מרכך כביסה סנסיטיב בייבי סנו 4 ליטר,"סנו מפעלי ברונוס בע""\מ",,סנו מקסימה מרכך כביס,ליטרים,0.00,ליטר,false,1,17.90,17.90,true,1,
=======
7290000211626,false,חיש אורז אחד אחד 1 קג,"סוגת תעשיות בע""\מ",,"אורז חיש 1 ק""ג",גרמים,1000.00,100 גרם,false,1,11.40,1.14,true,1,
7290000211985,false,אורז עגול ריזוטו אחד אחד 1 קג,"סוגת תעשיות בע""\מ",,אורז עגול 1 קג,גרמים,1000.00,100 גרם,false,1,9.90,0.99,true,1,
7290000214115,false,מרק עוף בצנצנת ויטה 400 גרם,ויטה- פרי גליל (החדשה) בעמ,,מרק עוף בצנצנת 400 ג,גרמים,400.00,100 גרם,false,1,10.90,2.73,true,1,
7290000218502,false,תערובת לחמין A-2 ויטה בדצ,ויטה- פרי גליל (החדשה) בעמ,,חמין א2,גרמים,668.00,100 גרם,false,1,11.30,1.69,true,1,
7290000238029,false,"בצק עלים צרפתי מרודד מעדנות 1 ק""ג",תנובה מרכז שיתופי לשיווק תוצרת,,"בצק עלים מרודד 1 ק""ג",גרמים,1000.00,100 גרם,false,1,21.90,2.19,true,1,
7290000238036,false,מלאווח מעדנות 6 יח`700 גרם קפוא,תנובה מרכז שיתופי לשיווק תוצרת,,מלאווח מעדנות 700 גר,גרמים,700.00,100 גרם,false,1,16.90,2.41,true,1,
7290000238173,false,.בורקס במילוי גבינה 800 גרם מעדנות,מיוצר עי קונדיטוריית,,בורקס גבינה מעדנות,גרמים,800.00,100 גרם,false,1,14.90,1.86,true,1,
7290000238180,false,בורקס במילוי תפוא 800 גרם מעדנות,מיוצר עי קונדיטוריית,,"בורקס תפו""א 800 גרם",גרמים,800.00,100 גרם,false,1,19.70,2.46,true,1,
7290000244051,false,"הוואי שלישיית סבון נוזלי משב טרופי 500 מ""ל",טרופיקל דגיל,,סבון נוזלי הוואי שמי,ליטרים,0.00,ליטר,false,1,19.40,19.40,true,1,
7290000244143,false,קרם הוואי לאחר גילוח+ לחות 120 מ``ל,טרופיקל דגיל קוסמטיק,,הוואי קרם לאחר גילוח,מיליליטרים,120.00,"100 מ""ל",false,1,22.50,18.75,true,1,
7290000245072,false,סוד מרכך כביסה בייבי סנסטיב 4 ליטר,גורי שיווק בעמ,,סוד לתינוק 4 ל מרכך,ליטרים,0.00,ליטר,false,1,22.50,22.50,true,1,
7290000245157,false,סוד סופט מרכך כביסה סנסיישן 4 ליטר,גורי שיווק בעמ,,סוד סנסיישן 4 ל מרכך,ליטרים,0.00,ליטר,false,1,22.50,22.50,true,1,
7290000245294,false,"פרסיל אבקת כביסה סופרא 2.5ק""ג",גורי שיווק בעמ,,אבקת כביסה פרסיל 2.5,קילוגרמים,0.00,"ק""ג",false,1,29.50,29.50,true,1,
7290000245782,false,סוד סופט מרכך כביסה ורוד 4 ליטר,גורי שיווק בעמ,,סוד ורוד מסתורי 4 ל,ליטרים,0.00,ליטר,false,1,22.50,22.50,true,1,
7290000253220,false,שוקולדצ`יפס לאפייה 260 גר`אופנהיימר,תה ויסוצקי (ישראל) בעמ,IL,שוקולד ציפס אופנהיימ,גרמים,260.00,100 גרם,false,1,10.90,4.19,true,1,
7290000253251,false,נטיפי שוקולד צ`יפס לבן לאפיה 250 גרם,תה ויסוצקי (ישראל) בעמ,IL,שוקו ציפס לבן אופנהי,גרמים,300.00,100 גרם,false,1,10.90,3.63,true,1,
7290000253374,false,מיני שוקולד צ`יפס 66% מוצקי קקאו אופנהיי,תה ויסוצקי (ישראל) בעמ,IL,מיני שוקולד ציפס 250,גרמים,250.00,100 גרם,false,1,15.60,6.24,true,1,
7290000262031,false,נייר טואלט מולט לבבות 32 גלילים,קימברלי קלארק ישראל שיווק בעמ,,נייר טואלט מולט 32 ג,מטרים,588.80,מטר,false,1,29.90,0.05,true,1,
7290000262239,false,נייר טואלט מולט 48 גלילים,קימברלי קלארק ישראל שיווק בעמ,,נ. טואלט מולט 48 לב,מטרים,883.00,מטר,false,1,39.90,0.05,true,1,
7290000262413,false,חיתולי האגיס אקסטרה קייר מידה 5 34 יחידות,קימברלי קלארק ישראל שיווק בעמ,,האגיס אקסטרה קייר מי,Unknown,0.00,Unknown,false,1,49.90,49.90,true,1,
7290000267500,false,קליפות הדר מצופות שוקולד מריר שקדיה 200 גרם,"דין שיווק וקלייה בע""",,קליפות הדר מצופות בש,גרמים,200.00,100 גרם,false,1,13.10,6.55,true,1,
7290000267548,false,אגוזי מלך טחונים השף 100 גרם,דין שיווק וקליה 2021 בעמ,,אגוז גרוס 100 גרם,גרמים,100.00,100 גרם,false,1,11.90,11.90,true,1,
7290000272443,false,סירופ דיאט בטעם תפוזים עסיס 1 ליטר,קבוצת אוסם סחר שותפות מוגבלת,,סירופ דיאט תפוזים 1,מיליליטרים,1000.00,"100 מ""ל",false,1,20.90,2.09,true,1,
7290000272467,false,עסיס פטל דיאט סירופ 1 ליטר,קבוצת אוסם סחר שותפות מוגבלת,,סירופ דיאט פטל 1 ליט,מיליליטרים,1000.00,"100 מ""ל",false,1,20.90,2.09,true,1,
7290000272696,false,מיץ לימון טבעי משומר 1 ליטר עסיס כלפ,קבוצת אוסם סחר שותפות מוגבלת,,מיץ לימון עסיס משומר,מיליליטרים,1000.00,"100 מ""ל",false,1,9.90,0.99,true,1,
7290000272726,false,חומץ רכיבים רכיבים טבעיים 5% עסיס 1 ליטר,קבוצת אוסם סחר שותפות מוגבלת,,חומץ טבעי עסיס 5% -1,מיליליטרים,1000.00,"100 מ""ל",false,1,6.90,0.69,true,1,
7290000286228,false,ספוגיות לניקוי כללי סנו סושי 6 יחידות,החברה הדרומית לשיווק בעמ,,סנו סושי כרית יפנית,Unknown,0.00,Unknown,false,1,10.90,10.90,true,1,
7290000286549,false,מטליות לניקוי כללי סנו סושי 9 יחידות,החברה הדרומית לשיווק בעמ,,סנו סושי מטלית לכל 9,Unknown,0.00,Unknown,false,1,10.50,10.50,true,1,
7290000286594,false,אבקה לניקוי במיכל לימון X סנו 600 גרם,החברה הדרומית לשיווק בעמ,,סנו איקס לימון במיכל,גרמים,600.00,100 גרם,false,1,11.40,1.90,true,1,
7290000286761,false,ניילון נצמד סנו סושי פלסטיק מארז 30X2 מ',החברה הדרומית לשיווק בעמ,,ניילון נצמד פלוס ללא,מטרים,30.00,מטר,false,1,10.90,0.36,true,1,
7290000286891,false,שמפו לרצפה מגן קריסטל סנו (1 ליטר),החברה הדרומית לשיווק בעמ,,סנו מגן קריסטל 1 ליט,מיליליטרים,1000.00,"100 מ""ל",false,1,24.90,2.49,true,1,
7290000286921,false,סנוקל רסס וכבס תרסיס אקדח 750 מ``ל,החברה הדרומית לשיווק בעמ,,סנוקל רסס וכבס 750 מ,מיליליטרים,750.00,"100 מ""ל",false,1,21.50,2.87,true,1,
7290000286945,false,סנו רהיט נוזלי תרסיס 500 סמק+אקדח,החברה הדרומית לשיווק בעמ,,סנו רהיט נוזל+אקדח,מיליליטרים,500.00,"100 מ""ל",false,1,30.50,6.10,true,1,
7290000287492,false,"סנובון נוזל לניקוי אסלות בריח לימון סנו 750 מ""ל",החברה הדרומית לשיווק בעמ,,סנובון נוזלי לימון,מיליליטרים,750.00,"100 מ""ל",false,1,10.90,1.45,true,1,
7290000287607,false,"אקוה בלו סבון לניאגרה סנו 150 מ""ל",סנו מפעלי ברונוס בעמ,,סנו בלו גדול,גרמים,150.00,100 גרם,false,1,23.90,15.93,true,1,
7290000287621,false,"אנטי קאלק נוזל לניקוי אסלות סנו 750 מ""ל",החברה הדרומית לשיווק בעמ,,סנו אנטי קאלק לאסלה,מיליליטרים,750.00,"100 מ""ל",false,1,15.20,2.03,true,1,
7290000288017,false,אקונומיקה בריח לימון סנו ז'אוול 1 ליטר,החברה הדרומית לשיווק בעמ,,סנו זאוול לימון 1 לי,מיליליטרים,1000.00,"100 מ""ל",false,1,8.30,0.83,true,1,
7290000288024,false,סנו - ז'אוול אקונומיקה בריח לימון 4 ליטר,החברה הדרומית לשיווק בעמ,,סנו זאוול לימון 4 לי,ליטרים,0.00,ליטר,false,1,16.90,16.90,true,1,
7290000288048,false,ז`אוול מרסס לניקוי כללי לבנדר סנו (1 ליט,החברה הדרומית לשיווק בעמ,,סנו זאוול מרסס מונבל,מיליליטרים,1000.00,"100 מ""ל",false,1,18.90,1.89,true,1,
7290000288352,false,"קוטל חרקים וזוחלים K-300 סנו 630 מ""ל",החברה הדרומית לשיווק בעמ,,K-300,מיליליטרים,600.00,"100 מ""ל",false,1,20.90,3.48,true,1,
7290000288413,false,סנו-די דוחה יתושים כדורי סנו 50 גרם,החברה הדרומית לשיווק בעמ,,"סנו די רולאון 50 מ""ל",מיליליטרים,50.00,"100 מ""ל",false,1,23.50,47.00,true,1,
7290000288642,false,מקסימה מרכך כביסה סנסיטיב בייבי סנו 4 ליטר,החברה הדרומית לשיווק בעמ,,סנו מקסימה מרכך כביס,ליטרים,0.00,ליטר,false,1,17.90,17.90,true,1,
7290000288659,false,"סנו - די רולאון דוחה יתושים ג'ונגל 50 מ""ל",החברה הדרומית לשיווק בעמ,,דוחה יתושים רול און,מיליליטרים,50.00,"100 מ""ל",false,1,23.50,47.00,true,1,
>>>>>>> d048ac2f4f281c9d788043ab4e81b61b0dbe3743
7290000288737,false,סנו מקסימה ירוק שקית 1.25 קג מאסק,,,סנו מקסימה ירוק שקית,קילוגרמים,0.00,"ק""ג",false,1,19.30,19.30,true,1,
7290000289069,false,סנו - ז'אוול מרסס קצף ניקוי בתוספת אקונומיקה בריח לימון 1 ליטר,החברה הדרומית לשיווק בעמ,,סנו זאוול מרסס לימון,מיליליטרים,1000.00,"100 מ""ל",false,1,18.90,1.89,true,1,
7290000289380,false,"סנו - ז'אוול לניקוי אסלות לימון 750 מ""ל",החברה הדרומית לשיווק בעמ,IL,גל ניקוי אסלה סנו זא,מיליליטרים,750.00,"100 מ""ל",false,1,15.60,2.08,true,1,
7290000289472,false,סנו סושי רב שקית שקיות אשפה90*76 50י,החברה הדרומית לשיווק בעמ,,סנו סושי שקיות אשפה,Unknown,0.00,Unknown,false,1,18.90,18.90,true,1,
7290000289496,false,"סנו - ז'אוול ג'ל קרם לניקוי כללי לימון 750 מ""ל",החברה הדרומית לשיווק בעמ,,סנו זאוול גל קרם לימ,מיליליטרים,750.00,"100 מ""ל",false,1,14.20,1.89,true,1,
7290000289748,false,"מסיר שומנים לתנורים פורטה פלוס סנו 750 מ""ל",החברה הדרומית לשיווק בעמ,,סנו פורטה פלוס 750 מ,מיליליטרים,750.00,"100 מ""ל",false,1,14.90,1.99,true,1,
7290000291956,false,סנו אקונומיקה מונבלאן 1 ל,החברה הדרומית לשיווק בעמ,,סנו זאוול מונבלאן 1,מיליליטרים,1000.00,"100 מ""ל",false,1,8.30,0.83,true,1,
7290000291963,false,אקונומיקה סמיכה בריח לימון סנו ז'אוול 1 ליטר,החברה הדרומית לשיווק בעמ,,סנו זאוול סמיכה 1 לי,מיליליטרים,1000.00,"100 מ""ל",false,1,8.30,0.83,true,1,
7290000292557,false,סנומט מלוי נוזלי דוחה יתושים 45 לילות,החברה הדרומית לשיווק בעמ,,סנומט נוזלי מילוי 45,Unknown,0.00,Unknown,false,1,19.90,19.90,true,1,
7290000292687,false,סנובון מוצק לניקוי אסלה קלאסיק כחול סנו 3 יחידות,החברה הדרומית לשיווק בעמ,,סנובון כחול שלישייה,Unknown,0.00,Unknown,false,1,16.90,16.90,true,1,
7290000293073,false,מקסימה מרכך כביסה ביו לבן סנו 4 ליטר,החברה הדרומית לשיווק בעמ,,סנו מקסימה מרכך כביס,ליטרים,0.00,ליטר,false,1,17.90,17.90,true,1,
7290000293516,false,"מתקן סופג לחות ומונע עובש ""סנופרש""",החברה הדרומית לשיווק בעמ,,סנו סופג לחות קופסה,Unknown,0.00,Unknown,false,1,30.50,30.50,true,1,
7290000293820,false,"קרמה מן שמפו וג'ל גל רחצה אקטיב בלוק 700מ""ל",החברה הדרומית לשיווק בעמ,,גל רחצה קרמה מן אקטי,מיליליטרים,700.00,"100 מ""ל",false,1,20.90,2.99,true,1,
7290000293943,false,"מרסס לבן מסיר אבנית 1 ליטר אנטי קאלק ""סנו""",החברה הדרומית לשיווק בעמ,,מרסס סנו אנטי קאלק 1,מיליליטרים,1000.00,"100 מ""ל",false,1,14.90,1.49,true,1,
7290000294773,false,אקונומיקה בריח לבנדר סנו ז'אוול 4 ליטר,החברה הדרומית לשיווק בעמ,,סנו זאוול מונבלאן 4,ליטרים,0.00,ליטר,false,1,16.90,16.90,true,1,
7290000294780,false,אקונומיקה סמיכה בריח לימון סנו ז'אוול 4 ליטר,החברה הדרומית לשיווק בעמ,,סנו זאוול סמיכה 4 לי,ליטרים,0.00,ליטר,false,1,16.90,16.90,true,1,
7290000295299,false,סנו סושי כריות הפלא רב תכלתיות רביעייה,החברה הדרומית לשיווק בעמ,,סנו סושי כריות הפלא,Unknown,0.00,Unknown,false,1,9.70,9.70,true,1,
7290000295336,false,סנו מקסימה אבקת כביסה סנסטיב מילוי1.25,החברה הדרומית לשיווק בעמ,,סנו מקסימה סנסטיב שק,קילוגרמים,0.00,"ק""ג",false,1,19.30,19.30,true,1,
7290000295404,false,שקיות אשפה עם שרוך 54 * 65 סנו סושי 60 יחידות,החברה הדרומית לשיווק בעמ,,סנו סושי אשפה 60 שק,Unknown,0.00,Unknown,false,1,21.90,21.90,true,1,
7290000295503,false,זוג שקיות מזון טבע 19*25 סנו סושי 150 יחידות,החברה הדרומית לשיווק בעמ,,סנו סושי 150 שקיות ב,Unknown,0.00,Unknown,false,1,13.90,13.90,true,1,
7290000295558,false,"רדיד אלומיניום רוחב 30 ס""מ סנו סושי 2 יח' 7.5 מטר",החברה הדרומית לשיווק בעמ,,סנו סושי צמד רדידי א,מטרים,15.00,מטר,false,1,10.90,0.73,true,1,
7290000295565,false,"רדיד אלומיניום רוחב 45 ס""מ סנו 2 יח' 7.5 מטר",החברה הדרומית לשיווק בעמ,,צמד רדיד אלומיניום 7,מטרים,15.00,מטר,false,1,16.90,1.13,true,1,
7290000295572,false,"מארז זוגי מנקה אסלות 00 סנו 750 מ""ל",החברה הדרומית לשיווק בעמ,,סנו מנקה אסלות 00 75,ליטרים,0.00,ליטר,false,1,22.90,22.90,true,1,
7290000300900,false,שניצל תירס מרכיבים טבעיים טבעול 750 גרם,קבוצת אוסם סחר שותפות מוגבלת,,שניצל תירס 750 גרם,גרמים,750.00,100 גרם,false,1,24.90,3.32,true,1,
7290000303598,false,שעועית לבנה ברוטב עגבניות פרי הגליל 570 גרם,ויטה- פרי גליל (החדשה) בעמ,,שעועית לבנה אפויה במ,גרמים,550.00,100 גרם,false,1,7.50,1.36,true,1,
7290000307015,false,אפונת גינה בינונית פרי הגליל 550 גרם,ויטה- פרי גליל (החדשה) בעמ,,אפונת גינה גדול 550,גרמים,550.00,100 גרם,false,1,7.90,1.44,true,1,
7290000307046,false,אפונת גינה וגזר פרי הגליל 550 גרם,ויטה- פרי גליל (החדשה) בעמ,,אפונת גינה וגזר 550,גרמים,550.00,100 גרם,false,1,6.90,1.25,true,1,
7290000307220,false,גרעיני תירס מתוק בואקום פרי הגליל 285 גרם,ויטה- פרי גליל (החדשה) בעמ,,תירס מתוק בואקום OZ,גרמים,450.00,100 גרם,false,1,5.90,1.31,true,1,
7290000307237,false,גרעיני תירס מתוק פרי הגליל 550 גרם,ויטה- פרי גליל (החדשה) בעמ,,תירס מתוק 550 גר A2,גרמים,550.00,100 גרם,false,1,6.90,1.25,true,1,
7290000307985,false,גרעיני תירס מתוק ללא למלח 325 גרם פרי הגליל,ויטה- פרי גליל (החדשה) בעמ,,תירס מתוק ללא מלח,גרמים,660.00,100 גרם,false,1,7.90,1.20,true,1,
7290000311128,false,עוגיות מובחרות בטעם חמאה מן (300 גרם),רוקחמן בעמ מפעל לייצור ופלים ו,,מן עוגיות בטעם חמאה,גרמים,300.00,100 גרם,false,1,8.90,2.97,true,1,
7290000311203,false,"וופלים בטעם שוקולד ""מן"" 200 גרם",רוקחמן בעמ מפעל לייצור ופלים ו,,מן וופל שוקו 200 גר,גרמים,200.00,100 גרם,false,1,5.50,2.75,true,1,
7290000311258,false,מן וופל מצופה שוקולד 250 גרם,"רוקחמן בע""מ",,ופל מצופה 250 גרם,גרמים,250.00,100 גרם,false,1,8.90,3.56,true,1,
7290000311708,false,מן עוגיות מחיטה מלאה 300 גרם*נ.ל.פ,רוקחמן בעמ מפעל לייצור ופלים ו,,מן עוגיות חיטה מלאה,גרמים,300.00,100 גרם,false,1,8.90,2.97,true,1,
7290000313160,false,זהבה ושלושת הדובים עוגיות בטעם שוקולד אסם 350 גרם,קבוצת אוסם סחר שותפות מוגבלת,,עוגיות חברים זהבה 3,גרמים,250.00,100 גרם,false,1,9.90,3.96,true,1,
7290000313528,false,חלת שמרים,,,חלה בית מאפה שמרים,Unknown,0.00,Unknown,false,1,15.90,15.90,true,1,
<<<<<<< HEAD
7290000315126,false,קנור ציר עוף משחתי 300 ג,יוניליוור ישראל מזון בע\,,ציר עוף 300 גרם קנור,גרמים,300.00,100 גרם,false,1,19.90,6.63,true,1,
7290000315133,false,קנור ציר בקר משחתי 300ג,יוניליוור ישראל מזון בע\,,ציר בקר 300 גרם קנור,גרמים,300.00,100 גרם,false,1,19.90,6.63,true,1,
7290000334325,false,ציפס למיקרו מארז שלישיה 125 ג' תפוגן,"תעשיות תפוגן בע""\מ",,שלישית ציפס למיקרו ת,Unknown,0.00,Unknown,false,1,13.80,13.80,true,1,
7290000334684,false,תפוגן טבעות בצל 700 גרם,"תעשיות תפוגן בע""\מ",,טבעות בצל 700 גרם תפ,גרמים,700.00,100 גרם,false,1,17.90,2.56,true,1,
7290000334745,false,"אמריקאן צ'יפס תפוגן 1.5 ק""ג","תעשיות תפוגן בע""מ",,תפוגן אמריקן ציפס 1.,קילוגרמים,0.00,"ק""ג",false,1,26.50,26.50,true,1,
7290000336282,false,"פריגת סיידר צלול 330 מ""ל בקבוק",טמפו משקאות בעמ,,פריגת סיידר צלול 3,מיליליטרים,330.00,"100 מ""ל",false,1,8.20,2.48,true,1,
7290000339191,false,אבקת הלבנה רן ללא כל,יוניליוור ניקיון,,רן הלבנה 350 גרם,גרמים,350.00,100 גרם,false,1,26.50,7.57,true,1,
7290000341071,false,בדין - מרכך כביסה בייבי לבן 2 ליטר,יוניליור ישראל טיפוח איש,,בדין בייבי 2 ליטר,ליטרים,0.00,ליטר,false,1,14.90,14.90,true,1,
7290000342856,false,מרכך כביסה כחול בדין 4 ליטר,יוניליור ישראל טיפוח איש,,בדין 4 ליטר כחול,ליטרים,0.00,ליטר,false,1,19.90,19.90,true,1,
7290000345260,false,תה קלאסיק מעטפות ויסוצקי 25 יחידות,מולינו ניקולי s.p.a,,תה ויסוצקי 25 שקיקים,Unknown,0.00,Unknown,false,1,8.40,8.40,true,1,
7290000345284,false,תה ויסוצקי קלאסי אריזה ירוקה מרובעת (100 שקיקים),מולינו ניקולי s.p.a,IL,תה קלאסיק 100 שקיקים,גרמים,150.00,100 גרם,false,1,16.90,11.27,true,1,
7290000345291,false,תה ארל גריי ויסוצקי 25 יחידות,תה ויסוצקי,,תה ארל גריי 25 שקיקי,Unknown,0.00,Unknown,false,1,16.60,16.60,true,1,
7290000345307,false,תה ארל גריי ויסוצקי 50 יחידות,מולינו ניקולי s.p.a,,תה ארל גריי 50 שקיקי,Unknown,0.00,Unknown,false,1,29.90,29.90,true,1,
7290000345536,false,תה נענע ויסוצקי 25 יחידות,מולינו ניקולי s.p.a,,תה נענע 25 שקיקים 1.,Unknown,0.00,Unknown,false,1,21.90,21.90,true,1,
7290000346120,false,חליטת קינמון הגן הקסום ויסוצקי 25 יחידות,תה ויסוצקי,,חליטת קסם הקינמון 25,Unknown,0.00,Unknown,false,1,18.90,18.90,true,1,
7290000346137,false,חליטת הילולי פירות הגן הקסום ויסוצקי 25 יחידות,תה ויסוצקי,,חליטת הילולי פירות,Unknown,0.00,Unknown,false,1,18.90,18.90,true,1,
7290000346199,false,חליטת פירות יער הגן הקסום ויסוצקי 25 יחידות,תה ויסוצקי,,חליטת פירות היער 25,Unknown,0.00,Unknown,false,1,18.90,18.90,true,1,
7290000346205,false,חליטת קמומיל הגן הקסום ויסוצקי 25 יחידות,תה ויסוצקי,,חליטת קמומיל 25 שקיק,Unknown,0.00,Unknown,false,1,18.90,18.90,true,1,
7290000346212,false,חליטת מנטה הגן הקסום ויסוצקי 25 יחידות,תה ויסוצקי,,תה בטעם מנטה 25 שקיק,Unknown,0.00,Unknown,false,1,18.90,18.90,true,1,
7290000346236,false,חליטת לואיזה וורבנה הגן הקסום ויסוצקי 25 יחידות,תה ויסוצקי,,חליטת לואיזה 25 שקיק,Unknown,0.00,Unknown,false,1,18.90,18.90,true,1,
7290000346960,false,תה ויסוצקי נענע 1.7 גרם 50יח',בית ויסוצקי,,תה נענע 50 שקיקים,Unknown,0.00,Unknown,false,1,38.90,38.90,true,1,
7290000347738,false,תה ירוק נענע ויסוצקי 25 יחידות,תה ויסוצקי,,תה ירוק נענע 25 שקיק,Unknown,0.00,Unknown,false,1,24.90,24.90,true,1,
7290000347752,false,תה ירוק לימונית ולואיזה 25 שקיקים *1.5 ג'' ויסוצקי,תה ויסוצקי,,תה ירוק לימונית לואי,Unknown,0.00,Unknown,false,1,24.90,24.90,true,1,
7290000355405,false,עגבניות מרוסקות A2.5 ובצל טל וטרי 800 גר',"מילוז(1989)בע""""מ",,טל עגבניות מרוסקות+ב,גרמים,800.00,100 גרם,false,1,6.90,0.86,true,1,
7290000355412,false,עגבניות מרוסקות A2.5 ושום טל וטרי 800 גר',"מילוז(1989)בע""""מ",,טל עגבניות מרוסקות+ש,גרמים,800.00,100 גרם,false,1,6.90,0.86,true,1,
7290000355757,false,עגבניות מרוסקות טל וטרי 800 גרם,"מילוז(1989)בע""""מ",,עגבניות מרוסקות 800,גרמים,800.00,100 גרם,false,1,6.90,0.86,true,1,
7290000363363,false,קבנוס נקניק מעושן יבש 160 גרם,הנסיך- מפעל לייצור ט,,קבנוס מיוחד 160 גרם,גרמים,160.00,100 גרם,false,1,20.90,13.06,true,1,
7290000364261,false,"דקניקים, סלסולי פסטרמה כתף בקר מעושנת 120 גרם",הנסיך- מפעל לייצור ט,,סלסולי כתף בקר 120גר,גרמים,120.00,100 גרם,false,1,14.90,12.42,true,1,
7290000364278,false,דקניקים סלסולי סלמי איטלקי משובח טירת צבי 120 גרם,הנסיך- מפעל לייצור ט,,סלסולי סלמי איטלקי,גרמים,120.00,100 גרם,false,1,14.90,12.42,true,1,
7290000364285,false,דקניקים סלסולי פסטרמה הודו טירת צבי 120 גרם,הנסיך- מפעל לייצור ט,,סלסולי פסטרמה הודו,גרמים,120.00,100 גרם,false,1,14.90,12.42,true,1,
7290000364292,false,דקניקים סלסולי פסטרמה הודו על גחלים 1% טירת צבי 120 גרם,הנסיך- מפעל לייצור ט,,סלסולי גחלים 120גר,גרמים,120.00,100 גרם,false,1,14.90,12.42,true,1,
7290000364810,false,נקניקיות עגל 500 גרםטירת צבי,הנסיך- מפעל לייצור ט,,נקניקיות עגל 500 גרם,גרמים,500.00,100 גרם,false,1,26.90,5.38,true,1,
=======
7290000315126,false,קנור ציר עוף משחתי 300 ג,יוניליוור ישראל שיווק בע`מ,,ציר עוף 300 גרם קנור,גרמים,300.00,100 גרם,false,1,19.90,6.63,true,1,
7290000315133,false,קנור ציר בקר משחתי 300ג,יוניליוור ישראל שיווק בע`מ,,ציר בקר 300 גרם קנור,גרמים,300.00,100 גרם,false,1,19.90,6.63,true,1,
7290000334325,false,ציפס למיקרו מארז שלישיה 125 ג' תפוגן,קבוצת אוסם סחר שותפות מוגבלת,,שלישית ציפס למיקרו ת,Unknown,0.00,Unknown,false,1,13.80,13.80,true,1,
7290000334684,false,תפוגן טבעות בצל לתנור 700 גרם,קבוצת אוסם סחר שותפות מוגבלת,,טבעות בצל 700 גרם תפ,גרמים,700.00,100 גרם,false,1,17.90,2.56,true,1,
7290000334745,false,"ציפס אמריקאי דקדק תפוגן 1.5 ק""ג",קבוצת אוסם סחר שותפות מוגבלת,,תפוגן אמריקן ציפס 1.,קילוגרמים,0.00,"ק""ג",false,1,26.50,26.50,true,1,
7290000336282,false,"פריגת סיידר צלול 330 מ""ל בקבוק",טמפו משקאות בעמ,,פריגת סיידר צלול 3,מיליליטרים,330.00,"100 מ""ל",false,1,8.20,2.48,true,1,
7290000339191,false,רן אבקת הלבנה לכביסה 350 גרם,יוניליוור ישראל שיווק בע`מ,,רן הלבנה 350 גרם,גרמים,350.00,100 גרם,false,1,26.50,7.57,true,1,
7290000341071,false,בדין - מרכך כביסה בייבי לבן 2 ליטר,"יוניליוור ישראל שיווק בע""מ",,בדין בייבי 2 ליטר,ליטרים,0.00,ליטר,false,1,14.90,14.90,true,1,
7290000342856,false,מרכך כביסה כחול בדין (4 ליטר),יוניליוור ישראל שיווק בע`מ,,בדין 4 ליטר כחול,ליטרים,0.00,ליטר,false,1,19.90,19.90,true,1,
7290000345260,false,תה קלאסיק מעטפות ויסוצקי 25 יחידות,תה ויסוצקי (ישראל) בעמ,,תה ויסוצקי 25 שקיקים,Unknown,0.00,Unknown,false,1,8.40,8.40,true,1,
7290000345284,false,תה ויסוצקי קלאסי אריזה ירוקה מרובעת (100 שקיקים),תה ויסוצקי (ישראל) בעמ,IL,תה קלאסיק 100 שקיקים,גרמים,150.00,100 גרם,false,1,16.90,11.27,true,1,
7290000345291,false,תה ארל גרי 1.5/ 25 שקיקים ויסוצקי,תה ויסוצקי (ישראל) בעמ,,תה ארל גריי 25 שקיקי,Unknown,0.00,Unknown,false,1,16.60,16.60,true,1,
7290000345307,false,תה ארל גרי 1.5/ 50 שקיקים ויסוצקי,תה ויסוצקי (ישראל) בעמ,,תה ארל גריי 50 שקיקי,Unknown,0.00,Unknown,false,1,29.90,29.90,true,1,
7290000345536,false,תה נענע 1.5/ 25 שקיקים ויסוצקי,תה ויסוצקי (ישראל) בעמ,,תה נענע 25 שקיקים 1.,Unknown,0.00,Unknown,false,1,21.90,21.90,true,1,
7290000346021,false,חליטת קמומיל הגן הקסום ויסוצקי 50 יחידות,תה ויסוצקי (ישראל) בעמ,,חליטת קמומיל בבונג ג,Unknown,0.00,Unknown,false,1,35.90,35.90,true,1,
7290000346120,false,חליטת קינמון הגן הקסום ויסוצקי 25 יחידות,תה ויסוצקי (ישראל) בעמ,,חליטת קסם הקינמון 25,Unknown,0.00,Unknown,false,1,18.90,18.90,true,1,
7290000346137,false,חליטת הילולי פירות הגן הקסום ויסוצקי 25 יחידות,תה ויסוצקי (ישראל) בעמ,,חליטת הילולי פירות,Unknown,0.00,Unknown,false,1,18.90,18.90,true,1,
7290000346144,false,הגן הקסום תה עינוגי התפוח ויסוצקי 25 יחידות,תה ויסוצקי (ישראל) בעמ,,חליטת עינוגי התפוח,Unknown,0.00,Unknown,false,1,18.90,18.90,true,1,
7290000346199,false,חליטת פירות יער הגן הקסום ויסוצקי 25 יחידות,תה ויסוצקי (ישראל) בעמ,,חליטת פירות היער 25,Unknown,0.00,Unknown,false,1,18.90,18.90,true,1,
7290000346205,false,חליטת קמומיל הגן הקסום ויסוצקי 25 יחידות,תה ויסוצקי (ישראל) בעמ,,חליטת קמומיל 25 שקיק,Unknown,0.00,Unknown,false,1,18.90,18.90,true,1,
7290000346212,false,חליטת מנטה הגן הקסום ויסוצקי 25 יחידות,תה ויסוצקי (ישראל) בעמ,,תה בטעם מנטה 25 שקיק,Unknown,0.00,Unknown,false,1,18.90,18.90,true,1,
7290000346236,false,חליטת לואיזה וורבנה הגן הקסום ויסוצקי 25 יחידות,תה ויסוצקי (ישראל) בעמ,,חליטת לואיזה 25 שקיק,Unknown,0.00,Unknown,false,1,18.90,18.90,true,1,
7290000346960,false,תה ויסוצקי נענע 1.7 גרם 50יח',תה ויסוצקי (ישראל) בעמ,,תה נענע 50 שקיקים,Unknown,0.00,Unknown,false,1,38.90,38.90,true,1,
7290000347738,false,תה ירוק בתוספת עלי נענע 25 שקיקים,תה ויסוצקי (ישראל) בעמ,,תה ירוק נענע 25 שקיק,Unknown,0.00,Unknown,false,1,24.90,24.90,true,1,
7290000347752,false,תה ירוק לימונית ולואיזה 25 שקיקים *1.5 ג'' ויסוצקי,תה ויסוצקי (ישראל) בעמ,,תה ירוק לימונית לואי,Unknown,0.00,Unknown,false,1,24.90,24.90,true,1,
7290000355405,false,עגבניות מרוסקות A2.5 ובצל טל וטרי 800 גר',ויטה- פרי גליל (החדשה) בעמ,,טל עגבניות מרוסקות+ב,גרמים,800.00,100 גרם,false,1,6.90,0.86,true,1,
7290000355412,false,עגבניות מרוסקות A2.5 ושום טל וטרי 800 גר',ויטה- פרי גליל (החדשה) בעמ,,טל עגבניות מרוסקות+ש,גרמים,800.00,100 גרם,false,1,6.90,0.86,true,1,
7290000355757,false,עגבניות מרוסקות טריות טל 800 גרם,ויטה- פרי גליל (החדשה) בעמ,,עגבניות מרוסקות 800,גרמים,800.00,100 גרם,false,1,6.90,0.86,true,1,
7290000363899,false,נקניקיות פיקנטיות טירת צבי 400 גרם,תנובה ענף ב.ע.ד,,נקניקיות פיקנטיות,גרמים,400.00,100 גרם,false,1,13.90,3.48,true,1,
7290000364261,false,"דקניקים, סלסולי פסטרמה כתף בקר מעושנת 120 גרם",תנובה מרכז שיתופי לשיווק תוצרת,,סלסולי כתף בקר 120גר,גרמים,120.00,100 גרם,false,1,14.90,12.42,true,1,
7290000364278,false,דקניקים סלסולי סלמי איטלקי משובח טירת צבי 120 גרם,תנובה מרכז שיתופי לשיווק תוצרת,,סלסולי סלמי איטלקי,גרמים,120.00,100 גרם,false,1,14.90,12.42,true,1,
7290000364285,false,דקניקים סלסולי פסטרמה הודו טירת צבי 120 גרם,תנובה מרכז שיתופי לשיווק תוצרת,,סלסולי פסטרמה הודו,גרמים,120.00,100 גרם,false,1,14.90,12.42,true,1,
7290000364292,false,דקניקים סלסולי פסטרמה הודו על גחלים 1% טירת צבי 120 גרם,תנובה מרכז שיתופי לשיווק תוצרת,,סלסולי גחלים 120גר,גרמים,120.00,100 גרם,false,1,14.90,12.42,true,1,
>>>>>>> d048ac2f4f281c9d788043ab4e81b61b0dbe3743
7290000364858,false,"נקניקיות עוף טרי טירת צבי 1 ק""ג",הנסיך- מפעל לייצור ט,,טירת צבי נקניקיות עו,קילוגרמים,0.00,"ק""ג",false,1,22.90,22.90,true,1,
7290000364872,false,נקניקיות עוף טירת צבי (400 גרם),טיב טירת צבי 2000,,נקניקיות עוף 400 גרם,גרמים,400.00,100 גרם,false,1,9.90,2.48,true,1,
7290000365909,false,פסטרמה הודו מעושנתטירת צבי,טירת- צבי,,פסטרמה הודו מעושנת,Unknown,0.00,"ק""ג",true,0,85.00,85.00,true,1,
<<<<<<< HEAD
7290000367590,false,פסטרמה כפרית וסלמי פריזר כפרי טירת צבי 2*400 גרם,טיב טירת צבי 2000,,צמד כפרי טירת צבי,גרמים,800.00,100 גרם,false,1,26.90,3.36,true,1,
7290000377209,false,בוטן מטוגן קליית גת 200 גרם,"ג'י אנד ג'י בע""מ",,בוטן מטוגן 200 גרם,גרמים,200.00,100 גרם,false,1,8.30,4.15,true,1,
7290000377445,false,נש צ'אנס קליית גת 200 גרם,"ג'י אנד ג'י בע""מ",,חטיף נש צאנס 200 גרם,גרמים,200.00,100 גרם,false,1,9.90,4.95,true,1,
7290000390536,false,לבבות חסה,,,לבבות חסה,Unknown,0.00,Unknown,false,1,10.90,10.90,true,1,
7290000408316,false,יוגורט דנונה דל לקטוז 200 גרם,מיוצר עי קונדיטוריית,,דנונה דל לקטוז,גרמים,200.00,100 גרם,false,1,3.70,1.85,true,1,
7290000408354,false,יוגורט עם אורז מצופה שוקולד קקאו 175 ג' דנונה,"שטראוס בריאות בע""\מ",,דנונה בר פצפוצים 173,גרמים,173.00,100 גרם,false,1,4.60,2.66,true,1,
7290000412481,false,נוזל לניקוי אסלות 00 סנו 1 ליטר,מיוצר עי קונדיטוריית,,סנו מנקה אסלות 00 1,מיליליטרים,1000.00,"100 מ""ל",false,1,8.90,0.89,true,1,
7290000416021,false,ממרח בטעם שוקולד השחר חלבי 500,השחר העולה,,ממרח השחר 500 גרם,גרמים,500.00,100 גרם,false,1,13.90,2.78,true,1,
7290000416045,false,"ממרח בטעם שוקולד השחר 1 ק""ג",השחר העולה תעשייות מ,,"ממרח השחר 1 ק""ג",גרמים,1000.00,100 גרם,false,1,24.90,2.49,true,1,
7290000419374,false,לנדוור לבוקר קפה טחון טורקי 3*100 גרם 16 יח',קפה לנדוור,,מארז קפה טחון המקורי,גרמים,300.00,100 גרם,false,1,23.90,7.97,true,1,
7290000420325,false,"פופסטאר פופקורן למקירוגל בטעם טבעי 5 שקיות,500 גרם",פרסטון פארמס,,פופ קורן טבעי למיקרו,גרמים,300.00,100 גרם,false,1,15.50,5.17,true,1,
7290000420332,false,פופסטאר פופקורן למיקרוגל בטעם חמאה 5 יחידות 500 גרם,פרסטון פארמס,,פופ קורן חמאה למיקרו,גרמים,300.00,100 גרם,false,1,15.50,5.17,true,1,
7290000446547,false,חמאת בוטנים טבעית בטר אנד דיפרנט 350 גרם,"בטר אנד דיפרנט בע""מ",,חמאת בוטנים טבעית בט,גרמים,350.00,100 גרם,false,1,12.90,3.69,true,1,
7290000446554,false,"חמאת בוטנים טבעית בטר אנד דיפרנט 1 ק""ג",בטר אנד דיפרנט B&D,,חמאת בוטנים טבעית בט,גרמים,1000.00,100 גרם,false,1,25.90,2.59,true,1,
7290000453019,false,שמרים טריים לאפייה שקית שמרית 50 ג',"פאקא תעשיות בע""\מ",,שמרית בשקית 50 גרם,גרמים,50.00,100 גרם,false,1,4.90,9.80,true,1,
7290000453408,false,בצק פיצה דק מצונן ומוכן לאפייה שמרית 415 גרם,"פאקא תעשיות בע""מ",FR,בצק פיצה דק מצונן,גרמים,415.00,100 גרם,false,1,17.50,4.22,true,1,
7290000453415,false,בצק עלים מצונן ומוכן לאפייה שמרית 300 גרם,"פאקא תעשיות בע""מ",FR,בצק עלים מצונן ומוכן,גרמים,300.00,100 גרם,false,1,15.90,5.30,true,1,
7290000453422,false,בצק פילו מצונן ומוכן לאפייה שמרית 300 גרם,"פאקא תעשיות בע""מ",FR,בצק פילו מוכן לאפיה,גרמים,300.00,100 גרם,false,1,16.70,5.57,true,1,
7290000453866,false,נטורינה תחליף מרגרינה לבישול ואפיה קוקוס שמרית 200 גרם,גרונבאנג- גרונדנסק א,,נטורינה קוקוס שמרית,גרמים,200.00,100 גרם,false,1,7.30,3.65,true,1,
7290000461625,false,בייגלה שמיניות מלח בייגל בייגל 400 ג',בייגל את בייגל מזון 198),,בייגלה שמיניות מלוח,גרמים,400.00,100 גרם,false,1,13.50,3.38,true,1,
7290000461656,false,בייגלה מקלות מלוחים בייגל בייגל 400 גרם,בייגל את בייגל מזון 198),,בייגלה אחד אחד 400 ג,גרמים,400.00,100 גרם,false,1,13.50,3.38,true,1,
7290000461700,false,בייגלה שמיניות גדולות מלוחות 400 גרם,בייגל את בייגל מזון 198),,בייגל גדול גדול 400,גרמים,400.00,100 גרם,false,1,16.70,4.18,true,1,
7290000461793,false,בייגלה ארוך ארוך סידרה ירוקה בייגל בייגל 150 גרם,בייגל את בייגל מזון 198),,מקלות ארוך 150 גרם,גרמים,150.00,100 גרם,false,1,7.30,4.87,true,1,
7290000462141,false,סחוג אדום תימני מקורי חריף מאוד זהבי 150 גרם,קריניסה ויטמין אס אי,,זחוק אדום מריף מאוד,גרמים,350.00,100 גרם,false,1,10.40,2.97,true,1,
7290000467320,false,מלך החומוס אבו מרוואן 400 גרם,סלטי צבר,,חומוס אבו מרוואן 400,גרמים,400.00,100 גרם,false,1,13.90,3.48,true,1,
7290000474373,false,"שמנת חמוצה 15% שומן 200 מ""ל טרה",קריות זול,,"שמנת חמוצה 200 מ""ל",מיליליטרים,200.00,"100 מ""ל",false,1,2.28,1.14,true,1,
7290000474502,false,גבינה לבנה טרה 5% מרכיבים טבעיים,הפריט בפיקוח,,גבינה לבנה 5%,גרמים,250.00,100 גרם,false,1,4.75,1.90,true,1,
7290000474540,false,טוב טעם גבינה לבנה 3% טרה 250 גרם,קריות זול,,טוב טעם 250 גרם,גרמים,250.00,100 גרם,false,1,10.90,4.36,true,1,
7290000474830,false,נעם גבינה צהובה מגורדת 28% טרה 500 גרם,מילקו תעשיות בעמ,,נעם גבינה צהובה מגור,גרמים,500.00,100 גרם,false,1,32.60,6.52,true,1,
7290000480107,false,קוואקר שיבולת שועל פחית 500 גרם,וולקרס סנקס לימיטד,,קוואקר שיבולת שועל פ,גרמים,500.00,100 גרם,false,1,12.90,2.58,true,1,
7290000480442,false,קוואקר שיבולת שועל בשקית 500 גרם,פריטו ליי FRITO-LAY,,קוואקר 500 גרם שקית,גרמים,500.00,100 גרם,false,1,12.80,2.56,true,1,
=======
7290000367590,false,פסטרמה כפרית וסלמי פריזר כפרי טירת צבי 2*400 גרם,תנובה מרכז שיתופי לשיווק תוצרת,,צמד כפרי טירת צבי,גרמים,800.00,100 גרם,false,1,26.90,3.36,true,1,
7290000377209,false,בוטנים מטוגנים קליית גת (200 גרם),ליימן שליסל בעמ,,בוטן מטוגן 200 גרם,גרמים,200.00,100 גרם,false,1,8.30,4.15,true,1,
7290000377445,false,נש צ'אנס קליית גת 200 גרם,ליימן שליסל בעמ,,חטיף נש צאנס 200 גרם,גרמים,200.00,100 גרם,false,1,9.90,4.95,true,1,
7290000390536,false,לבבות חסה,,,לבבות חסה,Unknown,0.00,Unknown,false,1,10.90,10.90,true,1,
7290000408316,false,יוגורט דנונה דל לקטוז 200 גרם,שטראוס גרופ בעמ/מצונן,,דנונה דל לקטוז,גרמים,200.00,100 גרם,false,1,3.70,1.85,true,1,
7290000408354,false,יוגורט עם אורז מצופה שוקולד קקאו 175 ג' דנונה,שטראוס גרופ בעמ/מצונן,,דנונה בר פצפוצים 173,גרמים,173.00,100 גרם,false,1,4.60,2.66,true,1,
7290000412481,false,נוזל לניקוי אסלות 00 סנו (1 ליטר),החברה הדרומית לשיווק בעמ,,סנו מנקה אסלות 00 1,מיליליטרים,1000.00,"100 מ""ל",false,1,8.90,0.89,true,1,
7290000416021,false,ממרח בטעם שוקולד השחר העולה (500 גרם),השחר העולה תעשית ממתקים בעמ,,ממרח השחר 500 גרם,גרמים,500.00,100 גרם,false,1,13.90,2.78,true,1,
7290000416045,false,ממרח בטעם שוקולד השחר העולה (1 קג),השחר העולה תעשית ממתקים בעמ,,"ממרח השחר 1 ק""ג",גרמים,1000.00,100 גרם,false,1,24.90,2.49,true,1,
7290000419374,false,לנדוור לבוקר קפה טחון טורקי 3*100 גרם 16 יח',ש.שסטוביץ בעמ,,מארז קפה טחון המקורי,גרמים,300.00,100 גרם,false,1,23.90,7.97,true,1,
7290000420325,false,"פופסטאר פופקורן למקירוגל בטעם טבעי 5 שקיות,500 גרם",פרסטון פארמס,,פופ קורן טבעי למיקרו,גרמים,300.00,100 גרם,false,1,15.50,5.17,true,1,
7290000420332,false,פופסטאר פופקורן למיקרוגל בטעם חמאה 5 יחידות 500 גרם,פרסטון פארמס,,פופ קורן חמאה למיקרו,גרמים,300.00,100 גרם,false,1,15.50,5.17,true,1,
7290000446547,false,חמאת בוטנים טבעית בטר אנד דיפרנט 350 גרם,"בטר אנד דיפרנט בע""מ",,חמאת בוטנים טבעית בט,גרמים,350.00,100 גרם,false,1,12.90,3.69,true,1,
7290000446554,false,"חמאת בוטנים טבעית בטר אנד דיפרנט 1 ק""ג",בטר אנד דיפרנט בעמ,,חמאת בוטנים טבעית בט,גרמים,1000.00,100 גרם,false,1,25.90,2.59,true,1,
7290000453019,false,שמרים טריים לאפייה שקית שמרית 50 ג',שטראוס גרופ בעמ/מצונן,,שמרית בשקית 50 גרם,גרמים,50.00,100 גרם,false,1,4.90,9.80,true,1,
7290000453125,false,שמרית שמרים טריים לאפיה +משפר אפיה 100ג,שטראוס גרופ בעמ/מצונן,,שמרית+משפר אפיה 100,גרמים,100.00,100 גרם,false,1,7.90,7.90,true,1,
7290000453408,false,בצק פיצה דק מצונן ומוכן לאפייה שמרית 415 גרם,שטראוס גרופ בעמ/מצונן,FR,בצק פיצה דק מצונן,גרמים,415.00,100 גרם,false,1,17.50,4.22,true,1,
7290000453415,false,בצק עלים מצונן ומוכן לאפייה שמרית 300 גרם,שטראוס גרופ בעמ/מצונן,FR,בצק עלים מצונן ומוכן,גרמים,300.00,100 גרם,false,1,15.90,5.30,true,1,
7290000453422,false,בצק פילו מצונן ומוכן לאפייה שמרית 300 גרם,שטראוס גרופ בעמ/מצונן,FR,בצק פילו מוכן לאפיה,גרמים,300.00,100 גרם,false,1,16.70,5.57,true,1,
7290000453866,false,נטורינה תחליף מרגרינה לבישול ואפיה קוקוס שמרית 200 גרם,שטראוס גרופ בעמ/מצונן,,נטורינה קוקוס שמרית,גרמים,200.00,100 גרם,false,1,7.30,3.65,true,1,
7290000461625,false,בייגלה שמיניות מלח בייגל בייגל 400 ג',יוניליוור ישראל שיווק בע`מ,,בייגלה שמיניות מלוח,גרמים,400.00,100 גרם,false,1,13.50,3.38,true,1,
7290000461656,false,בייגלה מקלות מלוחים בייגל בייגל 400 גרם,יוניליוור ישראל שיווק בע`מ,,בייגלה אחד אחד 400 ג,גרמים,400.00,100 גרם,false,1,13.50,3.38,true,1,
7290000461700,false,בייגלה שמיניות גדולות מלוחות 400 גרם,יוניליוור ישראל שיווק בע`מ,,בייגל גדול גדול 400,גרמים,400.00,100 גרם,false,1,16.70,4.18,true,1,
7290000461793,false,בייגלה ארוך ארוך סידרה ירוקה בייגל בייגל 150 גרם,יוניליוור ישראל שיווק בע`מ,,מקלות ארוך 150 גרם,גרמים,150.00,100 גרם,false,1,7.30,4.87,true,1,
7290000462141,false,סחוג אדום תימני מקורי חריף מאוד זהבי 150 גרם,שטראוס גרופ בעמ/מצונן,,זחוק אדום מריף מאוד,גרמים,350.00,100 גרם,false,1,10.40,2.97,true,1,
7290000467320,false,מלך החומוס אבו מרוואן 400 גרם,קבוצת אוסם סחר שותפות מוגבלת,,חומוס אבו מרוואן 400,גרמים,400.00,100 גרם,false,1,13.90,3.48,true,1,
7290000474373,false,"שמנת חמוצה 15% שומן 200 מ""ל טרה",החברה המרכזית טלהפצת משקאות בע,,"שמנת חמוצה 200 מ""ל",מיליליטרים,200.00,"100 מ""ל",false,1,2.28,1.14,true,1,
7290000474502,false,גבינה לבנה טרה 5% מרכיבים טבעיים,החברה המרכזית טלהפצת משקאות בע,,גבינה לבנה 5%,גרמים,250.00,100 גרם,false,1,4.75,1.90,true,1,
7290000474540,false,טוב טעם גבינה לבנה 3% טרה 250 גרם,החברה המרכזית טלהפצת משקאות בע,,טוב טעם 250 גרם,גרמים,250.00,100 גרם,false,1,10.90,4.36,true,1,
7290000474830,false,נעם גבינה צהובה מגורדת 28% טרה 500 גרם,החברה המרכזית טלהפצת משקאות בע,,נעם גבינה צהובה מגור,גרמים,500.00,100 גרם,false,1,32.60,6.52,true,1,
7290000480107,false,קוואקר שיבולת שועל פחית 500 גרם,שטראוס פריטו ליי בעמ,,קוואקר שיבולת שועל פ,גרמים,500.00,100 גרם,false,1,12.90,2.58,true,1,
7290000480442,false,קוואקר שיבולת שועל בשקית 500 גרם,שטראוס פריטו ליי בע`מ,,קוואקר 500 גרם שקית,גרמים,500.00,100 גרם,false,1,12.80,2.56,true,1,
>>>>>>> d048ac2f4f281c9d788043ab4e81b61b0dbe3743
7290000483412,false,קישוטי עוגה טיפטופים,המרשלג פרלינס בעמ,,טיפטופי המרשלג 60 גר,Unknown,0.00,Unknown,false,1,13.90,13.90,true,1,
7290000483641,false,מרציפן חלה המרשלג 75 גרם,"המרשלג פרלינס בע""מ",,מרציפן חלה המרשלג 75,גרמים,75.00,100 גרם,false,1,9.60,12.80,true,1,
7290000483887,false,חטיף מרציפן ללא תוספת סוכר המרשלג 75 גרם,קריות זול,,מרציפן המרשלג ללא תו,גרמים,75.00,100 גרם,false,1,16.20,21.60,true,1,
7290000483924,false,המרשלג בצק סוכר 600 גרם,המרשלג,,המרשלג בצק סוכר 600,גרמים,600.00,100 גרם,false,1,15.50,2.58,true,1,
<<<<<<< HEAD
7290000484747,false,עראק עלית 700 מל 40% כהל,יקב הגליל יוסף גולד ובניו,,"ערק עלית 40% 700 מ""ל",מיליליטרים,700.00,"100 מ""ל",false,1,55.90,7.99,true,1,
7290000497044,false,"לחם אקטיב 750 גרם ""ברמן""",מאפית י את א ברמן בע,,לחם ברמן אקטיב 750 ג,גרמים,750.00,100 גרם,false,1,15.90,2.12,true,1,
=======
7290000484747,false,"ארק עלית 700 מ""ל 40% יקב הגליל*",יקב הגליל יוסף גולד ובניו,,"ערק עלית 40% 700 מ""ל",מיליליטרים,700.00,"100 מ""ל",false,1,55.90,7.99,true,1,
7290000497044,false,לחם אקטיב ברמן (750 גרם),מאפית י את א ברמן בע,,לחם ברמן אקטיב 750 ג,גרמים,750.00,100 גרם,false,1,15.90,2.12,true,1,
>>>>>>> d048ac2f4f281c9d788043ab4e81b61b0dbe3743
7290000497228,false,לחמניה רגילה בשקית ברמן 6יח',מאפית י את א ברמן בע,,שש לחמניות בשקית,גרמים,450.00,100 גרם,false,1,10.50,2.33,true,1,
7290000497273,false,לחמניות אקטיב ברמן שישייה 450 גרם,מאפית י את א ברמן בע,,לחמניות אקטיב ברמן 4,גרמים,450.00,100 גרם,false,1,14.50,3.22,true,1,
7290000497303,false,"שישיית לחמניות מקמח מלא ""ברמן""",מאפית י את א ברמן בע,,שש לחמניות בשקית,גרמים,450.00,100 גרם,false,1,12.50,2.78,true,1,
7290000497426,false,לחם ברמן לענין פלוס 500 גרם,מאפית י את א ברמן בע,,לחם ברמן לענין פלוס,גרמים,500.00,100 גרם,false,1,14.50,2.90,true,1,
7290000497570,false,לחם דגנים פלוס ברמן 500 גרם,מאפית י את א ברמן בע,,לחם דגנים פלוס ברמן,גרמים,500.00,100 גרם,false,1,14.50,2.90,true,1,
7290000498034,false,לחם אי פרי קמח כוסמין מלא 750 גר',מאפית י את א ברמן בע,IL,לחם מקמח כוסמין מלא,גרמים,750.00,100 גרם,false,1,15.90,2.12,true,1,
7290000504049,false,סוכרזית קלאסי קנקן 1200 טבליות,אף.סי תבליני בגליל ב,,סוכרזית קנקן 1200 טב,Unknown,0.00,Unknown,false,1,31.50,31.50,true,1,
7290000504278,false,ממתיק סוכרזית אריזת פטנט 700 טבליות,אף.סי תבליני בגליל ב,,סוכרזית פטנט 700 טבל,גרמים,574.00,100 גרם,false,1,14.90,2.60,true,1,
7290000518220,false,ממתיק סוכרה דיאט 100 יחידות,מתוק וקל בעמ,,סוכרה דיאט 100 שקיות,גרמים,100.00,100 גרם,false,1,25.90,25.90,true,1,
7290000518251,false,ממתיק זהב מתוק וקל 100 יחידות,מתוק וקל בע`מ,,מתוק וקל זהב 100 שקי,Unknown,0.00,Unknown,false,1,15.00,15.00,true,1,
7290000518336,false,ממתק צמר גפן מתוק מסיבים תזונתיים,מתוק וקל בעמ,IL,MOOOSH צמר גפן מתוק,גרמים,10.00,100 גרם,false,1,5.20,52.00,true,1,
7290000522111,false,חלב טרי אורגני 3% 1 ליטר,מחלבת רמת-הגולן,,חלב טרי אורגני 3% 1,מיליליטרים,1000.00,"100 מ""ל",false,1,12.90,1.29,true,1,
7290000523125,false,מלח הארץ הים האדום 250 ג' עדין,"חברת מלח הארץ אילת בע""\מ",,מלח הארץ ים יבש 250,גרמים,250.00,100 גרם,false,1,5.90,2.36,true,1,
7290000523224,false,מלח הארץ הים האדום 500 ג' עדין,"חברת מלח הארץ אילת בע""\מ",,מלח הארץ ים יבש 500,גרמים,500.00,100 גרם,false,1,7.90,1.58,true,1,
7290000523521,false,מלח ים מלח הארץ 250 גרם מועשר ביוד,חברת מלח הארץ אילת ב,,מלח הארץ מועשר ביוד,גרמים,250.00,100 גרם,false,1,6.90,2.76,true,1,
7290000523804,false,"מלח עדין צנצנת 1 ק""ג מלח הארץ","חברת מלח הארץ אילת בע""\מ",,"מלח עדין 1 ק""ג צנצנת",גרמים,1000.00,100 גרם,false,1,8.30,0.83,true,1,
<<<<<<< HEAD
7290000525969,false,מיץ תפוזים סחוט רכיבים טבעיים פרימור 1 ליטר,"גניר (1992) בע""מ",,מיץ תפוזים סחוט 1 ל,מיליליטרים,1000.00,"100 מ""ל",false,1,15.80,1.58,true,1,
=======
7290000525969,false,מיץ תפוזים סחוט רכיבים טבעיים פרימור 1 ליטר,שטראוס גרופ בעמ/מצונן,,מיץ תפוזים סחוט 1 ל,מיליליטרים,1000.00,"100 מ""ל",false,1,15.80,1.58,true,1,
>>>>>>> d048ac2f4f281c9d788043ab4e81b61b0dbe3743
7290000540153,false,טישו שולחני מעוצב 3 שכבות 48 יח,,CN,טישו שולחני מעוצב 3,יחידה,1.00,יחידה,false,1,6.00,6.00,true,1,
7290000540177,false,טישו שולחני מעוצב 3 שכבות 100 יח,,CN,טישו שולחני מעוצב 3,יחידה,1.00,יחידה,false,1,8.00,8.00,true,1,
7290000542546,false,בגט צרפתי קלאסי,,,בגט אוטנטיק,Unknown,0.00,Unknown,false,1,8.90,8.90,true,1,
7290000554402,false,מעדן חלב מלבי גד (160 גרם),מחלבות גד שיווק 1992 בעמ,,מעדן מלבי 160 גר,גרמים,160.00,100 גרם,false,1,5.60,3.50,true,1,
7290000554457,false,גבינה צפתית 5% 350 גרם - רבנות,מחלבות גד שיווק 1992 בעמ,,צפתית מיני 5% 350 גר,גרמים,350.00,100 גרם,false,1,21.00,6.00,true,1,
7290000554471,false,נקניק מוצרלה 22 אחוז 180גרם גד מהדרין,מחלבות גד שיווק 1992 בעמ,,מוצרלה 180 גרם,גרמים,180.00,100 גרם,false,1,16.40,9.11,true,1,
7290000554532,false,גבינה צפתית מעודנת במלח ים 5% 200 ג' גד,מחלבות גד שיווק 1992 בעמ,,צפתית מעודנת 5% במלח,גרמים,200.00,100 גרם,false,1,14.90,7.45,true,1,
7290000554600,false,מוצרלה מגורדת 22 אחוז 300גרם גד מהדרין,מחלבות גד שיווק 1992 בעמ,,מוצרלה מגורדת 300 גר,גרמים,300.00,100 גרם,false,1,24.90,8.30,true,1,
7290000554624,false,ירח מתוק מעדן חלב עם אורז 3% גד 150 גרם,מחלבות גד שיווק 1992 בעמ,,מעדן ירח מתוק 150 גר,גרמים,150.00,100 גרם,false,1,5.60,3.73,true,1,
7290000554686,false,גבינת לאבנה בתוספת שמן זית וזעתר 5% גד 250 גרם,מחלבות גד שיווק 1992 בעמ,,לבנה בשמן זית וזעתר,גרמים,250.00,100 גרם,false,1,15.00,6.00,true,1,
7290000554822,false,ריקוטה גבינה לבנה בסגנון איטלקי 5% גד 250 גרם,מחלבות גד שיווק 1992 בעמ,,ריקוטה 250 גרם,גרמים,250.00,100 גרם,false,1,14.50,5.80,true,1,
7290000554839,false,מסקרפונה שמנת מתוקה קשה בסגנון איטלקי 40% גד 250 גרם,מחלבות גד שיווק 1992 בעמ,,גבינת מסקרפונה 250 ג,גרמים,250.00,100 גרם,false,1,20.90,8.36,true,1,
7290000555510,false,פיקדון ארק/גולד,,,פיקדון שלישייה,Unknown,0.00,Unknown,false,1,0.90,0.90,true,1,
7290000571232,false,גבינת גאודה טבעית פרוס 30% המחלווה 150ג',גבינות משק אחים מאיר בית,,גבינת גאודה טבעי פרו,גרמים,200.00,100 גרם,false,1,22.90,11.45,true,1,
<<<<<<< HEAD
7290000571386,false,המחלבה יוגורמה יוגורט מחלב כבשים 5% 850 גרם,גבינות משק אחים מאיר בית,,יוגורמה יוגורט כבשים,גרמים,850.00,100 גרם,false,1,20.90,2.46,true,1,
7290000571393,false,המחלבה יוגורמה יוגורט מחלב כבשים 5% 140 גרם,גבינות משק אחים מאיר,,יוגורמה יוגורט כבשים,גרמים,140.00,100 גרם,false,1,6.30,4.50,true,1,
7290000571478,false,גבינת תום עיזים פרוס המחלבה 200 גרם,גבינות משק אחים מאיר בית,,גבינת תום עיזים פרוס,גרמים,200.00,100 גרם,false,1,30.00,15.00,true,1,
7290000571812,false,גבינת פרמז'ן מגורד 200 גרם,תנובה מרכז שיתופי לש,,פרמזן מגורד המחלבה 2,גרמים,200.00,100 גרם,false,1,22.90,11.45,true,1,
7290000571928,false,"יוגורמה כבשים עם גרעינים, אגוזים וחמוציות ממותקות",המחלבה מבית יצחק,IL,יוגורמה יוגורט כבשים,גרמים,140.00,100 גרם,false,1,6.20,4.43,true,1,
7290000571935,false,יוגורמה כבשים עם גרנולה מתוקה 142 גרם,גבינות משק אחים מאיר בית,IL,יוגורמה יוגורט כבשים,גרמים,140.00,100 גרם,false,1,6.20,4.43,true,1,
7290000572208,false,חלוה בטעם וניל אחווה 100 גרם,שוורצקוף& הנקל דיסלד,IL,חלבה 100 גרם אחוה,גרמים,100.00,100 גרם,false,1,3.20,3.20,true,1,
7290000642543,false,חלת כוסמין,,,חלת כוסמין,Unknown,0.00,Unknown,false,1,19.90,19.90,true,1,
7290000652542,false,פילה אמנון קפוא 5-7 קג,דגי תנובה,,פילה אמנון קפוא,Unknown,0.00,"ק""ג",true,0,19.90,19.90,true,1,
7290000652894,false,סטייק דג טונה קפוא 100% תנובה,דגי תנובה,,סטייק טונה קפוא,Unknown,0.00,"ק""ג",true,0,44.90,44.90,true,1,
7290000663135,false,קוביות סלומון קפוא 100% דג 300 גרם תנובה,"צ'\ילה, Ll MONTT, PUERTO",,קוביות סלמון 100% דג,גרמים,300.00,100 גרם,false,0,29.90,9.97,true,1,
7290000679440,false,"קמיל בלו משחת החתלה לתינוק ד""ר פישר 100 גרם",פישר מעבדות פרמצבטיות בע,,משחה לתינוק קמיל בלו,גרמים,100.00,100 גרם,false,1,16.90,16.90,true,1,
7290000688084,false,מי עדן פקק ספורטאים500מל,"מופק ממקור בזלתי עדן ,1",,"מי עדן 500 מ""ל ספורט",מיליליטרים,500.00,"100 מ""ל",false,1,2.90,0.58,true,1,
7290000688176,false,מים מינרליים בייבי מ,מופק ממקור בזלתי עדן,,"מי עדן בייבי 250 מ""ל",מיליליטרים,250.00,"100 מ""ל",false,1,3.00,1.20,true,1,
7290000688374,false,"מים מינרליים מי עדן בייבי 6*330 מ""ל","מופק ממקור בזלתי עדן ,1",,שישיית מי עדן בייבי,ליטרים,0.00,ליטר,false,1,16.50,16.50,true,1,
7290000688381,false,שישיית מי עדן פקק ספורט 0.5 ליטר,"מופק ממקור בזלתי עדן ,1",,מי עדן שישיה אישי,מיליליטרים,3000.00,"100 מ""ל",false,1,14.90,0.50,true,1,
7290000688503,false,"מים מינרלים פקק ספורט מי עדן 6*750 מ""ל","מופק ממקור בזלתי עדן ,1",,שישיית מים ספורט 750,מיליליטרים,4500.00,"100 מ""ל",false,1,15.90,0.35,true,1,
7290000692227,false,נוזל כלים פלמוליב צילינדר קלאסי 1 ליטר,יבואן ומשווק: ש. שסט,,פלמוליב צילינדר 1 לי,מיליליטרים,1000.00,"100 מ""ל",false,1,16.20,1.62,true,1,
=======
7290000571300,false,גבינה גאודה פרוס מעושנת המחלבה 150ג',מחלבות גד שיווק 1992 בעמ,,גבינת גאודה מעושנת,גרמים,200.00,100 גרם,false,1,22.90,11.45,true,1,
7290000571386,false,המחלבה יוגורמה יוגורט מחלב כבשים 5% 850 גרם,גבינות משק אחים מאיר בית,,יוגורמה יוגורט כבשים,גרמים,850.00,100 גרם,false,1,20.90,2.46,true,1,
7290000571393,false,המחלבה יוגורמה יוגורט מחלב כבשים 5% 140 גרם,מחלבות גד שיווק 1992 בעמ,,יוגורמה יוגורט כבשים,גרמים,140.00,100 גרם,false,1,6.30,4.50,true,1,
7290000571478,false,גבינת עיזים תום פרוסה המחלבה (200 גרם),גבינות משק אחים מאיר בית,,גבינת תום עיזים פרוס,גרמים,200.00,100 גרם,false,1,30.00,15.00,true,1,
7290000571812,false,פרמז`ן מגורד המחלבה (200 גרם),מחלבות גד שיווק 1992 בעמ,,פרמזן מגורד המחלבה 2,גרמים,200.00,100 גרם,false,1,22.90,11.45,true,1,
7290000572208,false,חלוה בטעם וניל אחווה 100 גרם,שוורצקוף& הנקל דיסלד,IL,חלבה 100 גרם אחוה,גרמים,100.00,100 גרם,false,1,3.20,3.20,true,1,
7290000642543,false,חלת כוסמין,,,חלת כוסמין,Unknown,0.00,Unknown,false,1,19.90,19.90,true,1,
7290000652542,false,פילה אמנון 5-7 100% דג- תנובה,תנובה קפואים,,פילה אמנון קפוא,Unknown,0.00,"ק""ג",true,0,19.90,19.90,true,1,
7290000652894,false,סטייק דג טונה קפוא 100% תנובה,תנובה ענף ב.ע.ד,,סטייק טונה קפוא,Unknown,0.00,"ק""ג",true,0,44.90,44.90,true,1,
7290000663135,false,קוביות סלומון קפוא 100% דג 300 גרם תנובה,תנובה מרכז שיתופי לשיווק תוצרת,,קוביות סלמון 100% דג,גרמים,300.00,100 גרם,false,0,29.90,9.97,true,1,
7290000688084,false,מי עדן פקק ספורטאים500מל,יפאורה שותפות מוגבלת לשיווק,,"מי עדן 500 מ""ל ספורט",מיליליטרים,500.00,"100 מ""ל",false,1,2.90,0.58,true,1,
7290000688176,false,מי עדן בייבי 330 מל בודד,יפאורה שותפות מוגבלת לשיווק,,"מי עדן בייבי 250 מ""ל",מיליליטרים,250.00,"100 מ""ל",false,1,3.00,1.20,true,1,
7290000688374,false,מים מינרלים סמיילי מי עדן (330X6מל),יפאורה שותפות מוגבלת לשיווק,,שישיית מי עדן בייבי,ליטרים,0.00,ליטר,false,1,16.50,16.50,true,1,
7290000688381,false,מים מינרלים פקק ספורט מי עדן (500x6 מל),יפאורה שותפות מוגבלת לשיווק,,מי עדן שישיה אישי,מיליליטרים,3000.00,"100 מ""ל",false,1,14.90,0.50,true,1,
7290000688503,false,"מים מינרלים פקק ספורט מי עדן 6*750 מ""ל",יפאורה שותפות מוגבלת לשיווק,,שישיית מים ספורט 750,מיליליטרים,4500.00,"100 מ""ל",false,1,15.90,0.35,true,1,
7290000692227,false,נוזל לניקוי כלים קלאסי פלמוליב (1 ליטר),יבואן ומשווק: ש. שסט,,פלמוליב צילינדר 1 לי,מיליליטרים,1000.00,"100 מ""ל",false,1,16.20,1.62,true,1,
>>>>>>> d048ac2f4f281c9d788043ab4e81b61b0dbe3743
7290000692456,false,אג'קס חלונות זוג 750*2 מל ספריי ורפיל,הנסיך- מפעל לייצור ט,,אגקס לניקוי חלונות כ,ליטרים,0.00,ליטר,false,1,21.90,21.90,true,1,
7290000742540,false,לחם מיוחד בריאות של שמרים,,,לחם מיוחד בריאות,Unknown,0.00,Unknown,false,1,21.90,21.90,true,1,
7290000789538,false,קרנץ שמרים,,,קרנץ שמרים,Unknown,0.00,Unknown,false,1,43.90,43.90,true,1,
7290000803180,false,"מרידול-שטיפת פה דנטלית 400 מ""ל",קולגייט פלמוליב,,"מרידול מי פה 400 מ""ל",מיליליטרים,400.00,"100 מ""ל",false,1,34.50,8.63,true,1,
7290000805900,false,"מזון חתולים לה קט עוף 2.85 ק""ג",דיפלומט מפיצים (1968) בעמ**,,לה קט 2.85 קג עוף,קילוגרמים,0.00,"ק""ג",false,1,59.90,59.90,true,1,
7290000993461,false,עגבניות שרי צהוב פרמיום ארוז,צימן עגבניות *לא פעיל*,,שרי צהוב,Unknown,0.00,Unknown,false,1,11.90,11.90,true,1,
7290000993560,false,עגבניות שרי שוקו \מנומר 500ג' ארוז,צימן עגבניות *לא פעיל*,,שרי מנומר,Unknown,0.00,Unknown,false,1,11.90,11.90,true,1,
7290000995410,false,נבטים סיניים נבטי העמק,"בכורי השדה צפון1994 ג.ד. בע""מ",,נבטים סינים,Unknown,0.00,Unknown,false,1,4.99,4.99,true,1,
7290000995939,false,פטרוזליה ארוז,,,פטרוזיליה,Unknown,0.00,Unknown,false,1,5.99,5.99,true,1,
7290000995953,false,כוסברה ארוז,,,כוסברה,Unknown,0.00,Unknown,false,1,5.99,5.99,true,1,
7290001045169,false,מיץ תפוחי עץ צלול פרימור 1 ליטר,שטראוס גרופ בעמ/מצונן,,מיץ תפוחים צלול 1 ל,מיליליטרים,1000.00,"100 מ""ל",false,1,15.80,1.58,true,1,
7290001045633,false,פרימור מיץ לימון ונענע סחוט טרי 400מל,שטראוס גרופ בעמ/מצונן,,לימונענע 400 מ פרימו,מיליליטרים,400.00,"100 מ""ל",false,1,10.90,2.73,true,1,
7290001045688,false,"מיץ תפוזים סחוט פרימור 400 מ""ל",שטראוס גרופ בעמ/מצונן,,"תפוזים סחוט 400 מ""ל",מיליליטרים,400.00,"100 מ""ל",false,1,10.90,2.73,true,1,
7290001111500,false,לחם מחמצת בטעמים 700 גרם,,,לחם מחמצת בטעמים 700,גרמים,700.00,100 גרם,false,1,18.30,2.61,true,1,
7290001136287,false,"שמפו לשיער רגיל בבושם פרחים נקה 7 750 מ""ל",החברה הדרומית לשיווק בעמ,,נקה 7 שמפו לשיער רגי,מיליליטרים,750.00,"100 מ""ל",false,1,14.50,1.93,true,1,
7290001136362,false,נקה 7 תחליב רחצה אלוורה ארומה ירוק 1 ל',מיוצר בסין.יבוא ושיו,,סבון נוזלי נקה 7 ארו,מיליליטרים,1000.00,"100 מ""ל",false,1,17.50,1.75,true,1,
7290001136683,false,"מרכך לשיער רגיל בבושם פרחים נקה 7 750 מ""ל",החברה הדרומית לשיווק בעמ,,נקה 7 מרכך לכל סוגי,מיליליטרים,750.00,"100 מ""ל",false,1,14.50,1.93,true,1,
7290001136973,false,נקה 7 תחליב רחצה ארומה קמומיל לבן 1 ל',החברה הדרומית לשיווק בעמ,,סבון נוזלי נקה 7 ארו,מיליליטרים,1000.00,"100 מ""ל",false,1,17.50,1.75,true,1,
7290001164266,false,אפקטבעי גרנולה ללא סוכר 500גר,אפקט טבעי בעמ,,גרנולה ללא סוכר 500,גרמים,500.00,100 גרם,false,1,25.90,5.18,true,1,
7290001164402,false,אפקטבעי ג'עלה בצנצנת 200 גרם,בטר אנד דיפרנט,,געלה 200 גר,גרמים,200.00,100 גרם,false,1,13.90,6.95,true,1,
7290001164419,false,גאלה תערובת אגוזים וגרעינים לסלט 600 גר,אפקט טבעי,,גאלה תערובת אגוזים ו,גרמים,600.00,100 גרם,false,1,32.90,5.48,true,1,
7290001172650,false,כוס גרנית אספרסו 50 יח,,,כוס גרנית אספרסו 50,Unknown,0.00,Unknown,false,1,5.90,5.90,true,1,
7290001199404,false,"כרוב במלח עם חמוציות 1 ק""ג",סלטי עמים ברדה,,כרוב במלח עם חמוציות,גרמים,1000.00,100 גרם,false,1,19.90,1.99,true,1,
<<<<<<< HEAD
7290001201589,false,ביצים 12\l גדול-מחיר בפיקוח,שופרסל,,ביצים אריזון 12 גדול,Unknown,0.00,Unknown,false,1,12.05,12.05,true,1,
7290001201596,false,ביצים ארוזות M 12 יחידות,שופרסל,,ביצים אריזון 12 בינו,Unknown,0.00,Unknown,false,1,11.15,11.15,true,1,
7290001201657,false,ביצים אומגה M/30 בינוני ארוז,לסר,,ביצים אומגה 3 30 יח,Unknown,0.00,Unknown,false,1,44.90,44.90,true,1,
7290001201824,false,תבנית ביצים 12 יח' לארג' אורגני,מ.לסר,,ביצים אורגניות 12 יח,Unknown,0.00,Unknown,false,1,21.90,21.90,true,1,
7290001201862,false,ביצי חופש לארג' 12 יחידות,מ.לסר,,ביצי חופש 12 יח L,Unknown,0.00,Unknown,false,1,19.50,19.50,true,1,
7290001201893,false,ביצים אומגה M 12 יח,,,ביצים אומגה M 12 יח,יחידה,1.00,יחידה,false,1,18.90,18.90,true,1,
=======
7290001201589,false,ביצים ארוזות L מ. לסר) (12 פיקוח,מ לסר בעמ - חברה לשיווק ביצים,,ביצים אריזון 12 גדול,Unknown,0.00,Unknown,false,1,12.05,12.05,true,1,
7290001201596,false,ביצים ארוזות M 12 יחידות,מ לסר בעמ - חברה לשיווק ביצים,,ביצים אריזון 12 בינו,Unknown,0.00,Unknown,false,1,11.15,11.15,true,1,
7290001201657,false,ביצים אומגה M/30 בינוני ארוז,מ לסר בעמ - חברה לשיווק ביצים,,ביצים אומגה 3 30 יח,Unknown,0.00,Unknown,false,1,44.90,44.90,true,1,
7290001201824,false,תבנית ביצים 12 יח' לארג' אורגני,מ לסר בעמ - חברה לשיווק ביצים,,ביצים אורגניות 12 יח,Unknown,0.00,Unknown,false,1,21.90,21.90,true,1,
7290001201862,false,ביצי חופש לארג' 12 יחידות,מ לסר בעמ - חברה לשיווק ביצים,,ביצי חופש 12 יח L,Unknown,0.00,Unknown,false,1,19.50,19.50,true,1,
7290001201893,false,ביצים אומגה M 12 יח,מ לסר בעמ - חברה לשיווק ביצים,,ביצים אומגה M 12 יח,יחידה,1.00,יחידה,false,1,18.90,18.90,true,1,
>>>>>>> d048ac2f4f281c9d788043ab4e81b61b0dbe3743
7290001216040,false,טחינה גולמית שומשום טהור אל ארז 500 גרם,אגס ירוק מסחר ושירותים,,טחינה 500 גרם טחינת,גרמים,500.00,100 גרם,false,1,16.20,3.24,true,1,
7290001216057,false,"טחינה שומשום טהור אל ארז 1 ק""ג",אגס ירוק מסחר ושירותים,,"טחינה 1 ק""ג טחינת אל",גרמים,500.00,100 גרם,false,1,32.30,6.46,true,1,
7290001216231,false,טחינה גולמית שומשום מלא אל ארז 500 גרם,אגס ירוק מסחר ושירותים,,טחינה מלאה 500 גרם ט,גרמים,500.00,100 גרם,false,1,17.20,3.44,true,1,
7290001245712,false,אקונומיקה 4 ליטר טאצ,סאסאטק אגשח בעמ,,אקונומיקה 4 ליטר טאצ,Unknown,0.00,Unknown,false,1,9.90,9.90,true,1,
7290001246054,false,פותח סתימות 1 ליטר טאצ,סאסאטק אגשח בעמ,,פותח סתימות 1 ליטר ט,Unknown,0.00,Unknown,false,1,14.90,14.90,true,1,
7290001246061,false,מרכך מרוכז פרימיום פנטזי( 1 ליטר)טאצ`,סאסאטק אגשח בעמ,,מרכך כביסה מרוכז כחו,Unknown,0.00,Unknown,false,12,10.90,10.90,true,1,
7290001246146,false,מסיר אבן 1 ליטר טאצ',סאסאטק אגשח בעמ,,מסיר אבן 1 ליטר טאצ,Unknown,0.00,Unknown,false,1,12.90,12.90,true,1,
7290001246535,false,"תרסיס נירוסטה 400 מ""ל טא'צ",,,ת. נירוסטה 400 מל טא,Unknown,0.00,Unknown,false,1,17.90,17.90,true,1,
7290001246955,false,אקופרנד לשטיפה וניקוי פירות וירקות 1 ליט,סאסאטק,,אקופרנד לשטיפה וניקו,מיליליטרים,1000.00,"100 מ""ל",false,1,18.90,1.89,true,1,
7290001246979,false,אקופרינד-נוזל כלים 1 ליטר לימון,סאסאטק,,אקופרינד-נוזל כלים 1,מיליליטרים,1000.00,"100 מ""ל",false,1,14.90,1.49,true,1,
7290001247082,false,מיץ עגבניות רכיבים טבעיים ספרינג 1 ליטר,יפאורה שותפות מוגבלת לשיווק,,קרטונית נקטר ספרינג,מיליליטרים,1000.00,"100 מ""ל",false,1,6.60,0.66,true,1,
7290001247099,false,קרטונית נקטר ספרינג מנגו 1 ליטר,יפאורה שותפות מוגבלת לשיווק,,קרטונית נקטר ספרינג,מיליליטרים,1000.00,"100 מ""ל",false,1,6.90,0.69,true,1,
7290001247105,false,קרטונית נקטר ספרינג אפרסק 1 ליטר,יפאורה שותפות מוגבלת לשיווק,,קרטונית נקטר ספרינג,מיליליטרים,1000.00,"100 מ""ל",false,1,6.90,0.69,true,1,
7290001247129,false,נקטר ספרינג תפוזים קרטונית 1 ל',יפאורה שותפות מוגבלת לשיווק,,קרטונית נקטר ספרינג,מיליליטרים,1000.00,"100 מ""ל",false,1,6.90,0.69,true,1,
7290001247143,false,קרטונית נקטר ספרינג תפוחים 1 ליטר,יפאורה שותפות מוגבלת לשיווק,,קרטונית נקטר ספרינג,מיליליטרים,1000.00,"100 מ""ל",false,1,6.90,0.69,true,1,
7290001258446,false,"יעקבס יוגורט כבשים 5% 850 מ""ל",גבינות משק יעקבס,,יוגורט צאן 5% 850 מל,מיליליטרים,850.00,"100 מ""ל",false,1,21.90,2.58,true,1,
7290001258668,false,גבינת עז מה 5% יעקבס 250 גרם,גבינות משק יעקבס,,עז-מה יחידה,גרמים,250.00,100 גרם,false,1,17.70,7.08,true,1,
7290001258682,false,"יוגורט עיזים באריזה 500 מ""ל",גבינות משק יעקבס,,יוגורט עיזים באריזה,מיליליטרים,500.00,"100 מ""ל",false,1,13.10,2.62,true,1,
7290001258729,false,לאבנה עיזים יעקובס 250 גרם,גבינות משק יעקבס,,לבנה צאן 270 גרם,גרמים,270.00,100 גרם,false,1,20.50,7.59,true,1,
7290001258774,false,מוצרלה בייבי 150 גרם יעקובס,גבינות משק יעקבס,IL,גבינת מוצרלה בייבי 1,גרמים,150.00,100 גרם,false,1,15.60,10.40,true,1,
7290001258798,false,פטה כבשים יעקבס 250 גר,גבינות משק יעקבס,,פטה כבשים יעקבס 250,Unknown,0.00,Unknown,false,1,22.90,22.90,true,1,
7290001258958,false,מוצרלה מגורדת יעקבס 200 גרם,גבינות משק יעקבס,,מוצרלה מגורדת 200 גר,גרמים,200.00,100 גרם,false,1,26.50,13.25,true,1,
7290001258972,false,גבינת חלומי בואקום 2,גבינות משק יעקבס,,חלומי 200 גר,גרמים,200.00,100 גרם,false,1,26.50,13.25,true,1,
7290001305188,false,"נוזל לניקוי כלים בריח לימון פלמוליב 750 מ""ל",יבואן ומשווק: ש. שסט,,פלמוליב לכלים אקטיב,מיליליטרים,750.00,"100 מ""ל",false,1,11.90,1.59,true,1,
7290001330050,false,וואלס שכבות קרם מרובעת 500 גר,ברון מפעל לייצור עוג,,וואלס שכבות קרם מרוב,גרמים,500.00,100 גרם,false,1,66.90,13.38,true,1,
7290001356173,false,סלמון פרוס 200 גרם,ישראגל,,סלמון פרוס 200 גרם,גרמים,200.00,100 גרם,false,1,45.90,22.95,true,1,
7290001361009,false,עוגת טורט קייבסקי,האי נאם סי או אל.טי.,,טורט קייבסקי,גרמים,700.00,100 גרם,false,1,79.90,11.41,true,1,
7290001361054,false,אקלרים פטיסייר (600 ג'),אף.סי תבליני בגליל ב,,אקלרים וניל 600 גרם,גרמים,600.00,100 גרם,false,1,43.90,7.32,true,1,
7290001361061,false,פחזניות בציפוי שוקולד 600 גרם,"נטלי פלוס בע""מ",,פחזניות בציפוי שוקול,גרמים,600.00,100 גרם,false,1,47.90,7.98,true,1,
7290001361092,false,עוגת פיצוץ פס 400 גר,נטלי פלוס,,עוגת פיצוץ,גרמים,400.00,100 גרם,false,1,46.90,11.73,true,1,
7290001361894,false,פס טראפלס שוקולד 450 ג',נטלי פלוס,,פס טראפלס 500 גר,גרמים,500.00,100 גרם,false,1,39.90,7.98,true,1,
7290001361924,false,פס גבינה פרורוים 500 גר,נטלי פלוס,,פס גבינה פרורוים 500,גרמים,500.00,100 גרם,false,1,39.90,7.98,true,1,
7290001407813,false,חלבה שאמית פיסטוק בקטנה בארכה 350ג',קבוצת אוסם סחר שותפות מוגבלת,,חלבה שאמית פיסטוק 35,גרמים,350.00,100 גרם,false,1,17.30,4.94,true,1,
7290001407844,false,חלבה קלאסית בטעם וניל בארכה 350 גרם,קבוצת אוסם סחר שותפות מוגבלת,,חלבה קלאסית וניל 350,גרמים,350.00,100 גרם,false,1,16.90,4.83,true,1,
7290001407936,false,בארכה-טחינה גולמית מעודנת בקבוק לחיץ 310 ג',קבוצת אוסם סחר שותפות מוגבלת,,בארכה טחינה מעודנת 3,גרמים,310.00,100 גרם,false,1,12.90,4.16,true,1,
7290001425664,false,אלסבון סדרת שמן הזית,,,אל סבון זית 1 ליטר,ליטרים,0.00,ליטר,false,1,10.00,10.00,true,1,
7290001427255,false,פריניב מיץ תפוח 1 ליטר פלסטיק,קשת רמת הגולן,,קשת מיץ תפוחים טבעי,מיליליטרים,1000.00,"100 מ""ל",false,1,19.90,1.99,true,1,
7290001468715,false,אבקת סוכר 100 גרם,ר.ס.,,אבקת סוכר 100 גרם,גרמים,100.00,100 גרם,false,1,1.60,1.60,true,1,
<<<<<<< HEAD
7290001482094,false,גבינה פרמז'נו משולשים ויליפוד 200ג',זנטי אס. אי לאלין,,פרמזנו 200 גר,גרמים,200.00,100 גרם,false,1,27.50,13.75,true,1,
7290001485019,false,גבינת קרם שמנת טבעי 5% טרה 200 גרם,קריות זול,,גבינה שמנת טבעי 5% 2,גרמים,200.00,100 גרם,false,1,12.50,6.25,true,1,
7290001491010,false,תה ירוק יסמין ויסוצקי 25 יחידות,תה ויסוצקי,,תה ירוק יסמין 25 שקי,Unknown,0.00,Unknown,false,1,24.90,24.90,true,1,
=======
7290001482094,false,גבינה פרמז'נו משולשים ויליפוד 200ג',ג.וילי-פוד אינטרנשיונל **גבינו,,פרמזנו 200 גר,גרמים,200.00,100 גרם,false,1,27.50,13.75,true,1,
7290001485026,false,גבינת קרם שמנת 5% עם זיתים טרה (200 גרם),*החברה המרכזית להפצת משקאותבעמ,,גבינת שמנת זיתים 200,גרמים,200.00,100 גרם,false,1,12.50,6.25,true,1,
7290001491010,false,תה ירוק יסמין ויסוצקי 25 יחידות,תה ויסוצקי (ישראל) בעמ,,תה ירוק יסמין 25 שקי,Unknown,0.00,Unknown,false,1,24.90,24.90,true,1,
>>>>>>> d048ac2f4f281c9d788043ab4e81b61b0dbe3743
7290001507063,false,פתיבר מקמח מלא אורגני השדה מוצרים אורגנים 200 גרם,השדה מוצרים אורגניים,,פתיבר אורגני 200 גר,גרמים,200.00,100 גרם,false,1,9.50,4.75,true,1,
7290001507070,false,פתיבר חרובים אורגני 200 גר,השדה מוצרים אורגניים,,פתיבר חרובים אורגני,גרמים,200.00,100 גרם,false,1,9.50,4.75,true,1,
7290001515310,false,שש כריות קרצוף יפניות סקוטש ברייט,3m,,שישיית כריות קרצוף,Unknown,0.00,Unknown,false,1,15.60,15.60,true,1,
7290001515631,false,שלושה ספוגי קרצוף קשיחים ארוכים אדומים,שיוך למחסן 17,,שלושה ספוגי קרצוף,Unknown,0.00,Unknown,false,1,10.80,10.80,true,1,
7290001581049,false,שיפודי פרגיות קפוא מזרע,,,שיפודי פרגיות קפואים,Unknown,0.00,"ק""ג",true,0,64.90,64.90,true,1,
7290001581094,false,כנפיים עוף ללא נוצות טרי,,,כנפיים עוף ללא נוצות,Unknown,0.00,"ק""ג",true,0,14.90,14.90,true,1,
7290001588321,false,פטרוזיליה אורגנית,שדות בר,,פטרוזליה אורגנית,Unknown,0.00,Unknown,false,1,6.90,6.90,true,1,
7290001588338,false,כוסברה אורגנית,,,כוסברה אורגנית,Unknown,0.00,Unknown,false,1,6.90,6.90,true,1,
7290001588352,false,אבוקדו אורגני שקיל ארוז,שדות תוצרת מזון אורגנית ש.ק.ד,,אבוקדו אורגני,Unknown,0.00,"ק""ג",true,0,38.90,38.90,true,1,
7290001588383,false,בטטה אורגני ארוז שקי,,,בטטה אורגנית שדות,Unknown,0.00,"ק""ג",true,0,15.90,15.90,true,1,
7290001588390,false,בננה אורגני ארוז שקי,,,בננה אורגנית שדות,Unknown,0.00,"ק""ג",true,0,17.90,17.90,true,1,
7290001588406,false,בצל יבש צהוב אורגני,,,בצל יבש אורי אורגני,קילוגרמים,0.00,"ק""ג",true,0,18.90,18.90,true,1,
7290001588437,false,מלפפון אורגני ארוז ש,שדות בר,,מלפפון אורגני שדות,Unknown,0.00,"ק""ג",true,0,14.90,14.90,true,1,
7290001588444,false,עגבניה אורגני ארוז ש,,,עגבניה אורגנית שדות,Unknown,0.00,"ק""ג",true,0,14.90,14.90,true,1,
7290001588475,false,פלפל אדום אורגני ארו,,,פלפל אדום אורגני שדו,Unknown,0.00,"ק""ג",true,0,16.90,16.90,true,1,
7290001588512,false,קישוא כהה אורגני ארו,,,קישוא כהה אורגני שדו,Unknown,0.00,"ק""ג",true,0,22.90,22.90,true,1,
7290001588550,false,תפוח אדמה אורגני,,,תפוח אדמה אורגני,Unknown,0.00,"ק""ג",true,0,8.90,8.90,true,1,
7290001588604,false,לימון אורגני ארוז שק,שדות בר,,לימון אורגני שדות,Unknown,0.00,"ק""ג",true,0,19.90,19.90,true,1,
<<<<<<< HEAD
7290001588703,false,גזר ארוז מגשית אורגני,,,גזר ארוז מגשית אורגנ,Unknown,0.00,"ק""ג",true,0,14.90,14.90,true,1,
7290001594155,false,"קוקה-קולה בבקבוק אישי 500 מ""ל",החברה המרכזית לייצור משקאות,,"קוקה קולה 500 מ""ל",מיליליטרים,500.00,"100 מ""ל",false,1,7.50,1.50,true,1,
7290001594179,false,"פאנטה אורנג' בבקבוק אישי 500 מ""ל",החברה המרכזית לייצור משקאות,,"פאנטה אורנג 500 מ""ל",מיליליטרים,500.00,"100 מ""ל",false,1,7.50,1.50,true,1,
7290001594377,false,פריגת תפוזים 0.5 ליטר חייב בפקדון,מבשלות בירה בינלאומיות ב,,"פריגת תפוזים 500 מ""ל",מיליליטרים,500.00,"100 מ""ל",false,1,5.90,1.18,true,1,
7290001594810,false,"בירה שחורה מאלטי בקב' מארז 330X6מ""ל",החברה המרכזית לייצור משקאות,,"שישיית מאלט 330 מ""ל",מיליליטרים,1980.00,"100 מ""ל",false,1,31.90,1.61,true,1,
7290001594858,false,"שישייה בירה טובורג רד בקבוק 330 מ""ל",מבשלות בירה בינלאומיות ב,,טובורג רד שישייה בקב,מיליליטרים,1980.00,"100 מ""ל",false,1,32.90,1.66,true,1,
7290001594865,false,"שישייה בירה קרלסברג בקבוק 330 מ""ל",מבשלות בירה בינלאומיות ב,,קרלסברג שישיה בקבוק,מיליליטרים,1980.00,"100 מ""ל",false,1,29.90,1.51,true,1,
7290001670057,false,כפיות לבן 100 יחידות,הנמל אריזות ושיווק ב,CN,כפיות לבן 100 יח,Unknown,0.00,Unknown,false,1,16.50,16.50,true,1,
7290001670408,false,נרות חימום בשקית 50 יח`,לחמנו,,נרות חימום בשקית 50,Unknown,0.00,Unknown,false,1,15.60,15.60,true,1,
=======
7290001588703,false,גזר ארוז מגשית אורגני,שדות תוצרת מזון אורגנית ש.ק.ד,,גזר ארוז מגשית אורגנ,Unknown,0.00,"ק""ג",true,0,14.90,14.90,true,1,
7290001594155,false,"קוקה-קולה בבקבוק אישי 500 מ""ל",החברה המרכזית להפצת משקאות בעמ,,"קוקה קולה 500 מ""ל",מיליליטרים,500.00,"100 מ""ל",false,1,7.50,1.50,true,1,
7290001594179,false,"פאנטה אורנג' בבקבוק אישי 500 מ""ל",החברה המרכזית להפצת משקאות בעמ,,"פאנטה אורנג 500 מ""ל",מיליליטרים,500.00,"100 מ""ל",false,1,7.50,1.50,true,1,
7290001594377,false,פריגת תפוזים 0.5 ליטר חייב בפקדון,החברה המרכזית להפצת משקאות בעמ,,"פריגת תפוזים 500 מ""ל",מיליליטרים,500.00,"100 מ""ל",false,1,5.90,1.18,true,1,
7290001594391,false,"פריגת משקה קל ענבים בבקבוק אישי 500 מ""ל",החברה המרכזית להפצת משקאות בעמ,,פריגת ענבים 500,מיליליטרים,500.00,"100 מ""ל",false,1,5.90,1.18,true,1,
7290001594858,false,מארז שישייה בירה טובורג רד (330x6 מל),החברה המרכזית להפצת משקאות בעמ,,טובורג רד שישייה בקב,מיליליטרים,1980.00,"100 מ""ל",false,1,32.90,1.66,true,1,
7290001594865,false,"שישייה בירה קרלסברג בקבוק 330 מ""ל",החברה המרכזית להפצת משקאות בעמ,,קרלסברג שישיה בקבוק,מיליליטרים,1980.00,"100 מ""ל",false,1,29.90,1.51,true,1,
7290001670057,false,כפיות לבן 100 יח`הנמל,הנמל אריזות ושיווק (1984) בעמ,CN,כפיות לבן 100 יח,Unknown,0.00,Unknown,false,1,16.50,16.50,true,1,
7290001670408,false,נרות חימום בשקית 50 יח הנמל,הנמל אריזות ושיווק (1984) בעמ,,נרות חימום בשקית 50,Unknown,0.00,Unknown,false,1,15.60,15.60,true,1,
>>>>>>> d048ac2f4f281c9d788043ab4e81b61b0dbe3743
7290001670736,false,כפפות נילון שקוף 100 יחידות,יבוא ושיווק: הנמל אר,,כפפות ניילון שקוף 10,Unknown,0.00,Unknown,false,1,6.90,6.90,true,1,
7290001697658,false,סופרהב ביו פלוס פרוביוטי,LTD .AMBROZIA,,ביו פלוס פרוביוטיק 6,Unknown,0.00,Unknown,false,1,106.90,106.90,true,1,
7290001713150,false,סנט מוריץ מתז אקונומיקה Bleach קצף לימון 1 ליטר,קומפלקס כימיקלים בעמ,,קצף אקונומיקה סנט מו,ליטרים,0.00,ליטר,false,1,11.90,11.90,true,1,
7290001791349,false,אקונומיקה פיסגה ריחנית סנו (4 ליטר),החברה הדרומית לשיווק בעמ,,פסגה אקונומיקה 4 ליט,ליטרים,0.00,ליטר,false,1,9.90,9.90,true,1,
7290001817728,false,צ'יטוס אפוי כאפה בטעם קטשופ 55 גרם,"שטראוס פריטו ליי בע""\מ )",,ציטוס כאפה עידן הקרח,גרמים,55.00,100 גרם,false,1,3.50,6.36,true,1,
7290001829059,false,"מסננת רשת 7 ס""מ ידית לבנה",,,מסננת רשת 7 סמ ידית,Unknown,0.00,Unknown,false,1,9.90,9.90,true,1,
7290001865453,false,פמילי לקשרי 1 ליטר לבנדר ארומטי+משאבה,מיוצר עי קונדיטוריית,,פמילי סבון נוזלי 1 ל,מיליליטרים,1000.00,"100 מ""ל",false,1,14.90,1.49,true,1,
7290001881040,false,מלפפון ביביי כבוש במלח 600 גר`מאמא מרי,מאמא - מרי בעמ,IL,מלפפון בייבי 600 גרם,גרמים,600.00,100 גרם,false,1,31.50,5.25,true,1,
7290001881095,false,עגבניות שרי כבושות 5,מאמא מרי,,עגבניות שרי 1 קג,קילוגרמים,0.00,"ק""ג",false,1,29.50,29.50,true,1,
7290001881224,false,קוביות אננס מאמא מרי,מאמא מרי,,אננס חתוך קפוא 300 ג,גרמים,300.00,100 גרם,false,1,15.90,5.30,true,1,
7290001881873,false,כרוב כבוש עם חמוציות 750 גר`מאמא מרי,מאמא - מרי בעמ,,כרוב עם חמוציות 1 קג,קילוגרמים,0.00,"ק""ג",false,1,20.90,20.90,true,1,
7290001973233,false,"קמיל בלו מגבונים לחים סנסיטיב ד""ר פישר 120 יחידות","פישר תעשיות פרמבצטיות בע""מ",,מגבונים קמיל בלו 120,Unknown,0.00,Unknown,false,1,13.80,13.80,true,1,
7290001990148,false,"סוכר גולדן קלאסי בצנצנת סוגת 1 ק""ג",האי נאם סי או אל.טי.,,סוכר גולדן קלאסי צנצ,גרמים,1000.00,100 גרם,false,1,12.90,1.29,true,1,
7290001990261,false,"סוגת חומוס 1 ק""ג","סוגת תעשיות בע""\מ",,"חומוס 1 ק""ג",גרמים,1000.00,100 גרם,false,1,14.90,1.49,true,1,
7290001990278,false,"שעועית לבנה סוגת 1 ק""ג","סוגת תעשיות בע""\מ",,"שעועית לבנה 1 ק""ג",גרמים,1000.00,100 גרם,false,1,20.90,2.09,true,1,
7290001990391,false,אפונה יבשה 1קג סוגת,"סוגת תעשיות בע""\מ",,"אפונה 1 ק""ג",גרמים,1000.00,100 גרם,false,1,13.50,1.35,true,1,
7290001990407,false,"עדשים ירוקים 1 ק""ג סוגת","סוגת תעשיות בע""\מ",,"עדשים ירוקים 1 ק""ג",גרמים,1000.00,100 גרם,false,1,15.60,1.56,true,1,
<<<<<<< HEAD
7290001990414,false,"עדשים אדומים 1 ק""ג סוגת","סוגת תעשיות בע""\מ",,"עדשים אדומים 1 ק""ג",גרמים,1000.00,100 גרם,false,1,15.60,1.56,true,1,
=======
7290001990414,false,עדשים אדומות סוגת (1 קג),"סוגת תעשיות בע""\מ",,"עדשים אדומים 1 ק""ג",גרמים,1000.00,100 גרם,false,1,15.60,1.56,true,1,
>>>>>>> d048ac2f4f281c9d788043ab4e81b61b0dbe3743
7290001990421,false,"פופקורן גרעינים סוגת 1 ק""ג","סוגת תעשיות בע""\מ",,"פופקורן 1 ק""ג",גרמים,1000.00,100 גרם,false,1,10.40,1.04,true,1,
7290001992081,false,קרפלך עגל 800 גרם,מעדני מניה תעשיות בש,,קרפלך עגל 800 גרם,גרמים,800.00,100 גרם,false,1,29.90,3.74,true,1,
7290001992500,false,קרפלך ילדים 800 גר מניה,מעדני מניה תעשיות בש,,קרפלך ילדים 800 גר,גרמים,800.00,100 גרם,false,1,29.90,3.74,true,1,
7290002000143,false,"חדש -פנג'ל ק.ידיים קלאסיק 80מ""ל",מיוצר עי קונדיטוריית,,"קרם ידיים פנגל 80 מ""",Unknown,0.00,Unknown,false,1,8.90,8.90,true,1,
7290002007036,false,כוסמת 500 גרם מרובע,הנמל אריזות ושיווק 1984 בע`מ,,כוסמת 500 גר,גרמים,500.00,100 גרם,false,1,8.20,1.64,true,1,
7290002007234,false,אבקת סוכר הנמל 100 גרם,הנמל אריזות ושיווק 1984 בע`מ,,אבקת סוכר 100 גרם,גרמים,100.00,100 גרם,false,1,1.80,1.80,true,1,
7290002007500,false,קיסמי שיניים הנמל במבוק 500 יחידות,הנמל אריזות ושיווק 1984 בע`מ,,קיסמי שיניים בחבית,Unknown,0.00,Unknown,false,1,3.10,3.10,true,1,
7290002007852,false,"תמצית אפייה בטעמים שונים 55 מ""ל הנמל",הנמל אריזות ושיווק 1984 בע`מ,,תמציות לאפיה,Unknown,0.55,Unknown,false,1,4.20,7.64,true,1,
7290002007975,false,צלחות פלסטיק קטנות חד פעמיות 50 יח,הנמל אריזות ושיווק (1984) בעמ,IL,צלחות קטן 50 יח,Unknown,0.00,Unknown,false,1,13.50,13.50,true,1,
7290002008507,false,נייר אפיה הנמל 50 יחידות,הנמל אריזות ושיווק (1984) בעמ,,נייר אפיה 50 יחידות,Unknown,0.00,Unknown,false,1,8.90,8.90,true,1,
7290002008743,false,סוכר וניל עשירייה הנמל 100 גרם,הנמל אריזות ושיווק 1984 בע`מ,,סוכר וניל 10,גרמים,100.00,100 גרם,false,1,2.20,2.20,true,1,
7290002008750,false,אבקת אפיה עשירייה הנמל 100 גרם,הנמל אריזות ושיווק 1984 בע`מ,,אבקת אפיה 10 יח,גרמים,100.00,100 גרם,false,1,2.20,2.20,true,1,
7290002008934,false,סוכריות צבעוניות לקישוט לעוגה 200 גר,הנמל אריזות ושיווק (1984) בעמ,IL,סוכריות לקישוט צבעונ,גרמים,200.00,100 גרם,false,1,8.90,4.45,true,1,
7290002008989,false,קישקשים קשים לשתיה 225יח הנמל,הנמל אריזות ושיווק (1984) בעמ,,קשים 225 יח,Unknown,0.00,Unknown,false,1,11.40,11.40,true,1,
7290002014218,false,טחינה מעדני מיקי 200 גרם,"סלטי שמיר 2006 בע""\מ",,טחינה 200 גרם,גרמים,200.00,100 גרם,false,1,7.50,3.75,true,1,
<<<<<<< HEAD
7290002019114,false,רוטב עגבניות מרוכז מאד 28-30BX פריניר,פרי ניר,,רוטב עגבניות % 28 פר,גרמים,560.00,100 גרם,false,1,6.90,1.23,true,1,
7290002019787,false,רוטב עגבניות מרוכז מאוד 260 גרם פריניר,פריניר ( הדס 1987) ב,,רוטב עגבניות מרוכז מ,גרמים,260.00,100 גרם,false,1,3.60,1.38,true,1,
7290002019794,false,רוטב עגבניות מרוכז מאוד 100 גרם פריניר,פריניר ( הדס 1987) ב,,רוטב עגבניות מרוכז מ,גרמים,100.00,100 גרם,false,1,1.90,1.90,true,1,
7290002026341,false,צ'יפס אריסטו רגיל שקיות רשת,מוצרי איכות אמריקאיים,,ציפס בטטה פלאנק 500,גרמים,500.00,100 גרם,false,1,20.90,4.18,true,1,
7290002026358,false,צ'יפס אריסטו זיג זג שקיות רשת,מוצרי איכות אמריקאיים,,ציפס בטטה קרינקל 500,גרמים,500.00,100 גרם,false,1,20.90,4.18,true,1,
7290002026365,false,טבעות בצל אריסטו קראנץ' 500 גרם,מוצרי איכות אמריקאיים,,טבעות בצל 500 גר,גרמים,500.00,100 גרם,false,1,14.60,2.92,true,1,
7290002026402,false,בראנץ אנד קראנץ בלינצס גבינה 350 גרם,מוצרי איכות אמריקאיים בע,,בלינצס גבינה בראנץ &,גרמים,350.00,100 גרם,false,1,17.20,4.91,true,1,
7290002026440,false,פרצלס בייגלה בראנץ אנד קראנץ 280 ג',מוצרי איכות אמריקאיים בע,,פרצלס שומשום בראנץ 2,גרמים,280.00,100 גרם,false,1,15.60,5.57,true,1,
7290002026587,false,וופל בלגי פרווה בראנץ אנד קראנץ 8 יח',בראנץ' אנד קראנץ Brunch& Crunch,,וופל בלגי קפוא 280 ג,גרמים,280.00,100 גרם,false,1,17.20,6.14,true,1,
=======
7290002014225,false,חציל במיונז מעדני מיקי 200 גרם,"סלטי שמיר 2006 בע""\מ",,חציל במיונז 200 גרם,גרמים,200.00,100 גרם,false,1,7.50,3.75,true,1,
7290002019114,false,רוטב עגבניות מרוכז מאד 28-30BX פריניר,ח.כהן סוכנות מזון ומשקאות בע,,רוטב עגבניות % 28 פר,גרמים,560.00,100 גרם,false,1,6.90,1.23,true,1,
7290002019787,false,רוטב עגבניות מרוכז מאוד 260 גרם פריניר,ח.כהן סוכנות מזון ומשקאות בע,,רוטב עגבניות מרוכז מ,גרמים,260.00,100 גרם,false,1,3.60,1.38,true,1,
7290002019794,false,רוטב עגבניות מרוכז מאוד 100 גרם פריניר,ח.כהן סוכנות מזון ומשקאות בע,,רוטב עגבניות מרוכז מ,גרמים,100.00,100 גרם,false,1,1.90,1.90,true,1,
7290002026341,false,אריסטו קראנץ ציפס בטטה טוגנים 500גר,מוצרי איכות אמריקאיים בעמ,,ציפס בטטה פלאנק 500,גרמים,500.00,100 גרם,false,1,20.90,4.18,true,1,
7290002026358,false,אריסטו קראנץ צ`יפס בטטה זיגזג טוגנים 500,מוצרי איכות אמריקאיים בעמ,,ציפס בטטה קרינקל 500,גרמים,500.00,100 גרם,false,1,20.90,4.18,true,1,
7290002026365,false,טבעות בצל אריסטו קראנץ' 500 גרם,מוצרי איכות אמריקאיים בעמ,,טבעות בצל 500 גר,גרמים,500.00,100 גרם,false,1,14.60,2.92,true,1,
7290002026402,false,בראנץ אנד קראנץ בלינצס גבינה 350 גרם,מוצרי איכות אמריקאיים בעמ,,בלינצס גבינה בראנץ &,גרמים,350.00,100 גרם,false,1,17.20,4.91,true,1,
7290002026440,false,פרצלס בייגלה בראנץ אנד קראנץ 280 ג',מוצרי איכות אמריקאיים בעמ,,פרצלס שומשום בראנץ 2,גרמים,280.00,100 גרם,false,1,15.60,5.57,true,1,
7290002026587,false,וופל בלגי פרווה בראנץ אנד קראנץ 8 יח',מוצרי איכות אמריקאיים בעמ,,וופל בלגי קפוא 280 ג,גרמים,280.00,100 גרם,false,1,17.20,6.14,true,1,
>>>>>>> d048ac2f4f281c9d788043ab4e81b61b0dbe3743
7290002037040,false,חלה קלה פרוסה 500 גרם,מאפית י את א ברמן בע,,חלה פלוס ודש 500 גרם,גרמים,500.00,100 גרם,false,1,14.50,2.90,true,1,
7290002037057,false,"לחם לבן פרוס ארוז ""ברמן"" - מוצר בפיקוח",מאפית י את א ברמן בע,,לחם לבן פרוס ודש,גרמים,500.00,100 גרם,false,1,6.10,1.22,true,1,
7290002037125,false,חלה פרוסה מאפיית ודש (500 גרם),מאפית י את א ברמן בע,,חלה פרוסה,גרמים,500.00,100 גרם,false,1,9.90,1.98,true,1,
7290002037163,false,לחם אחיד פרוס ודש ברמן (750 גרם),מאפית י.את א. ברמן ב,,לחם אחיד פרוס,גרמים,750.00,100 גרם,false,1,7.11,0.95,true,1,
7290002037309,false,לחמניות המבורגר מאפיית ודש 8),מאפית י את א ברמן בע,,שמיניית לחמניות המבו,גרמים,300.00,100 גרם,false,1,12.50,4.17,true,1,
7290002037637,false,לחמניות הבית מתוקות מאפיית ודש) (4,מאפית י את א ברמן בע,,מארז 4 חליות מתוקות,גרמים,360.00,100 גרם,false,1,12.50,3.47,true,1,
7290002040019,false,קוסקוס רגיל מזון קוסקוס (350 גרם),הנמל אריזות ושיווק (1984) בעמ,,קוסקוס רגיל 350 גרם,גרמים,350.00,100 גרם,false,1,5.90,1.69,true,1,
7290002040064,false,קוסקוס דק להכנה מהירה בשקית 350 גרם,הנמל אריזות ושיווק (1984) בעמ,,קוסקוס דק 350 גרם,גרמים,350.00,100 גרם,false,1,5.90,1.69,true,1,
7290002040071,false,קוסקוס עבה להכנה קלה ומהירה 350 גרם,הנמל אריזות ושיווק (1984) בעמ,,קוסקוס עבה 350 גרם,גרמים,350.00,100 גרם,false,1,5.90,1.69,true,1,
7290002040095,false,קוסקוס רגיל מארז 350X3ג' קוסקוס מזון,הנמל אריזות ושיווק (1984) בעמ,IL,מארז קוסקוס 3 יחידות,קילוגרמים,0.00,"ק""ג",false,1,15.50,15.50,true,1,
7290002043065,false,אקסטרה פריכיות אורז חום מלא בציפוי שוקולד מריר 70 גרם,א.ל.ייצור ושיווק תבלינים בעמ,,פריכוני אורז חום מלא,גרמים,70.00,100 גרם,false,0,8.90,12.71,true,1,
7290002043096,false,אקסטרה פריכוני אורז בציפוי שוקולד לבן בלגי,א.ל.ייצור ושיווק תבלינים בעמ,,פריכוני אורז חום מלא,גרמים,70.00,100 גרם,false,0,8.90,12.71,true,1,
7290002043348,false,ציפס אורז חום מלא צי'ה וקינואה אקסטרא 60 ג',א.ל.ייצור ושיווק תבלינים בעמ,BG,ציפס אורז חום מלא צי,גרמים,60.00,100 גרם,false,0,7.90,13.17,true,1,
7290002043379,false,אקסטרה צ'יפס אורז חום מלא עדשים שחורות 60 גרם,נוהלס ג'\י אס סי.,BG,ציפס אורז חום מלא עד,גרמים,60.00,100 גרם,false,0,7.90,13.17,true,1,
<<<<<<< HEAD
7290002053088,false,אטריות ביצים דקיקים מספר 8 אוריינט 200 גרם,פ.פ.ח טאביט,,אטריות ביצים מס 8 20,גרמים,200.00,100 גרם,false,1,8.60,4.30,true,1,
7290002053095,false,אטריות ביצים דקות מספר 10 אוריינט 200 גרם,פ.פ.ח טאביט,,אטריות ביצים 10 200,גרמים,200.00,100 גרם,false,1,8.60,4.30,true,1,
7290002053354,false,אטריות נודלס סיני להקפצה אוריינט 300 גרם,טאביט ספ.ז.או.או,,נודלס אטריות להקפצה,גרמים,300.00,100 גרם,false,1,12.90,4.30,true,1,
7290002053538,false,נודלס בסגנון תאילנדי 25 תוספת אוריינטל 500 גרם,פ.פ.ח. טאביה ספ זאו.או,PL,נודלס תאילנדי אורינט,גרמים,500.00,100 גרם,false,1,13.90,2.78,true,1,
7290002057123,false,זיתים ירוקים מנזנילו קבוצת יבנה 560 גרם,קבוצת יבנה,,חרוזית ירוק יבנה 540,גרמים,540.00,100 גרם,false,1,9.60,1.78,true,1,
7290002057185,false,טבעות זיתים ירוקים קבוצת יבנה 560 גרם,קבוצת יבנה,,טבעות זיתים ירוקים,גרמים,540.00,100 גרם,false,1,9.90,1.83,true,1,
7290002057352,false,מלפפונים במלח ‏9‏-‏7‏ קבוצת יבנה 320 גרם,קבוצת יבנה מוצרי מזון,,מלפפון מלח יבנה 7-9,גרמים,540.00,100 גרם,false,1,6.90,1.28,true,1,
7290002057369,false,מלפפונים במלח ‏12‏-‏10‏ קבוצת יבנה 320 גרם,קבוצת יבנה,,מלפפון במלח יבנה 10-,גרמים,540.00,100 גרם,false,1,7.90,1.46,true,1,
7290002057376,false,מלפפונים במלח ‏17‏-‏13‏ קבוצת יבנה 320 גרם,קבוצת יבנה,,מלפפון במלח יבנה 13-,גרמים,540.00,100 גרם,false,1,9.90,1.83,true,1,
7290002057383,false,מלפפונים במלח ‏25‏-‏18‏ קבוצת יבנה 320 גרם,קבוצת יבנה,,מלפפון במלח 18-25 יב,גרמים,540.00,100 גרם,false,1,12.90,2.39,true,1,
7290002057482,false,מלפפון יבנה בחומץ קטנים מאוד 18-25 290 ג,קבוצת יבנה,,מלפפון בחומץ 18-25 י,גרמים,540.00,100 גרם,false,1,12.90,2.39,true,1,
=======
7290002053095,false,אטריות ביצים דקות מספר 10 אוריינט 200 גרם,גורי מוצרי צריכה (1991) בעמ,,אטריות ביצים 10 200,גרמים,200.00,100 גרם,false,1,8.60,4.30,true,1,
7290002053354,false,אטריות נודלס סיני להקפצה אוריינט 300 גרם,טאביט ספ.ז.או.או,,נודלס אטריות להקפצה,גרמים,300.00,100 גרם,false,1,12.90,4.30,true,1,
7290002053538,false,נודלס בסגנון תאילנדי 25 תוספת אוריינטל 500 גרם,גורי מוצרי צריכה (1991) בעמ,PL,נודלס תאילנדי אורינט,גרמים,500.00,100 גרם,false,1,13.90,2.78,true,1,
7290002057123,false,זיתים ירוקים מנזנילו קבוצת יבנה 560 גרם,קבוצת יבנה מוצרי מזון אגודה שי,,חרוזית ירוק יבנה 540,גרמים,540.00,100 גרם,false,1,9.60,1.78,true,1,
7290002057185,false,טבעות זיתים ירוקים קבוצת יבנה 560 גרם,קבוצת יבנה מוצרי מזון אגודה שי,,טבעות זיתים ירוקים,גרמים,540.00,100 גרם,false,1,9.90,1.83,true,1,
7290002057352,false,מלפפונים במלח ‏9‏-‏7‏ קבוצת יבנה 320 גרם,"קבוצת יבנה מוצרי מזון בע""מ",,מלפפון מלח יבנה 7-9,גרמים,540.00,100 גרם,false,1,6.90,1.28,true,1,
7290002057369,false,מלפפונים במלח ‏12‏-‏10‏ קבוצת יבנה 320 גרם,"קבוצת יבנה מוצרי מזון בע""מ",,מלפפון במלח יבנה 10-,גרמים,540.00,100 גרם,false,1,7.90,1.46,true,1,
7290002057376,false,מלפפונים במלח ‏17‏-‏13‏ קבוצת יבנה 320 גרם,"קבוצת יבנה מוצרי מזון בע""מ",,מלפפון במלח יבנה 13-,גרמים,540.00,100 גרם,false,1,9.90,1.83,true,1,
7290002057383,false,מלפפונים במלח ‏25‏-‏18‏ קבוצת יבנה 320 גרם,"קבוצת יבנה מוצרי מזון בע""מ",,מלפפון במלח 18-25 יב,גרמים,540.00,100 גרם,false,1,12.90,2.39,true,1,
7290002057482,false,מלפפון יבנה בחומץ קטנים מאוד 18-25 290 ג,קבוצת יבנה מוצרי מזון אגודה שי,,מלפפון בחומץ 18-25 י,גרמים,540.00,100 גרם,false,1,12.90,2.39,true,1,
>>>>>>> d048ac2f4f281c9d788043ab4e81b61b0dbe3743
7290002073505,false,מנצגו כבשים דותן במשקל,,,מנצגו כבשים דותן,גרמים,0.00,"ק""ג",true,0,195.00,195.00,true,1,
7290002073529,false,פקורינו כבשים דותן במשקל,,,פקורינו כבשים דותן,קילוגרמים,0.00,"ק""ג",true,0,191.00,191.00,true,1,
7290002073628,false,גאודה אגוזים הולנדי במשקל,,,גאודה אגוזים הולנדי,Unknown,0.00,"ק""ג",true,0,145.00,145.00,true,1,
7290002073635,false,גאודה פסטו הולנדי במשקל,,,גאודה פסטו הולנדי במ,Unknown,0.00,"ק""ג",true,0,132.00,132.00,true,1,
7290002073680,false,גבינה קברה ביין ספרדי עיזים במשקל,,,גבינה קברה ביין ספרד,Unknown,0.00,"ק""ג",true,0,210.00,210.00,true,1,
7290002073864,false,תום כבשים דותן במשקל,,,תום כבשים דותן במשקל,Unknown,0.00,"ק""ג",true,0,187.00,187.00,true,1,
7290002075233,false,שוקולד אייסקונפקט 250 גרם,שוקוטרייד בעמ,,אייסקונפקט 250 גרם,גרמים,250.00,100 גרם,false,1,17.70,7.08,true,1,
7290002079033,false,לחם דגנים לייט פרוס 500 גרם,מאפיית דוידוביץ ובניו בע,,לחם דגנים לייט פרוס,גרמים,500.00,100 גרם,false,1,13.90,2.78,true,1,
7290002079361,false,לחמניות המבורגר חתוך 6+2*60 ג',מאפיית דוידוביץ ובני,,המבורגר חתוך 60 גרם,גרמים,480.00,100 גרם,false,1,13.90,2.90,true,1,
7290002079477,false,לחם אחיד פרוס דוידוב,מאפיית דוידוביץ ובניו בע,,לחם אחיד פרוס 750 גר,גרמים,750.00,100 גרם,false,1,7.11,0.95,true,1,
7290002079613,false,דוידוביץ חלה קלועה מתוקה ארוזה 500 גרם,מאפיית דוידוביץ ובני,,חלה קלועה מתוקה ארוז,גרמים,500.00,100 גרם,false,1,11.90,2.38,true,1,
<<<<<<< HEAD
7290002079927,false,לחם דגנים מלא דוידוב,מאפיית דוידוביץ ובני,,לחם דגנים קמח מלא,גרמים,750.00,100 גרם,false,1,14.90,1.99,true,1,
7290002079996,false,לחם אחיד קל פרוס 750 גרם,מאפיית דוידוביץ ובני,,לחם אחיד קל פרוס 750,גרמים,750.00,100 גרם,false,1,13.90,1.85,true,1,
7290002107385,false,גליל גבינת עיזים מה עז משק צוריאל 180 גרם,מחלבת משק צוריאל,,עז מה גבינת עיזים,גרמים,180.00,100 גרם,false,1,22.40,12.44,true,1,
7290002107491,false,גבינה לבנה מחלב עיזים למריחה 5% משק צוריאל 250 גרם,מחלבת משק צוריאל,,גבינת עיזים למריחה 5,גרמים,250.00,100 גרם,false,1,15.30,6.12,true,1,
7290002107798,false,גבינה בולגרית מעודנת 5% משק צוריאל 250 גרם,מחלבת משק צוריאל,,בולגרית בקר 5% בגביע,גרמים,250.00,100 גרם,false,1,24.90,9.96,true,1,
=======
7290002079996,false,לחם אחיד קל פרוס 750 גרם,מאפיית דוידוביץ ובני,,לחם אחיד קל פרוס 750,גרמים,750.00,100 גרם,false,1,13.90,1.85,true,1,
7290002107385,false,גליל גבינת עיזים מה עז משק צוריאל 180 גרם,החברה המרכזית טלהפצת משקאות בע,,עז מה גבינת עיזים,גרמים,180.00,100 גרם,false,1,22.40,12.44,true,1,
7290002107491,false,גבינה לבנה מחלב עיזים למריחה 5% משק צוריאל 250 גרם,החברה המרכזית טלהפצת משקאות בע,,גבינת עיזים למריחה 5,גרמים,250.00,100 גרם,false,1,15.30,6.12,true,1,
7290002107798,false,גבינה בולגרית מעודנת 5% משק צוריאל 250 גרם,החברה המרכזית טלהפצת משקאות בע,,בולגרית בקר 5% בגביע,גרמים,250.00,100 גרם,false,1,24.90,9.96,true,1,
>>>>>>> d048ac2f4f281c9d788043ab4e81b61b0dbe3743
7290002130567,false,דבש דבורים טהור פרחי בר יד מרדכי 350 גרם,מכוורת יד מרדכי שטראוס ב,,דבש טהור יד מרדכי 35,גרמים,350.00,100 גרם,false,1,18.90,5.40,true,1,
7290002130581,false,דבש טהור מפרחי בר יד מרדכי (1 קג),מכוורת יד מרדכי שטראוס ב,IL,דבש טהור יד מרדכי 1,גרמים,1000.00,100 גרם,false,1,34.90,3.49,true,1,
7290002132011,false,עוגיות מזרחיות עם שומשום עבאדי (400 גר),מאפיית יוסף ושמחה עבאדי,,עבאדי עוגיות מזרחיות,גרמים,400.00,100 גרם,false,1,18.90,4.73,true,1,
7290002133032,false,פתיתי קשקבל 29% גבינות השומרון 300 גרם,"מחלבת השומרון בע""מ",,פתיתי קשקבל 300 גרם,גרמים,300.00,100 גרם,false,1,30.50,10.17,true,1,
7290002133162,false,גבינה בולגרית 5% גבינות השומרון 250 גרם,מחלבת שומרון בעמ`,,בולגרית % 5 בגביע 25,גרמים,200.00,100 גרם,false,1,19.50,9.75,true,1,
7290002133247,false,לאבנה עם שמן זית וזעתר 5% גבינות השומרון 250 גרם,מחלבת שומרון בעמ`,,לבנה עם שמן זית וזעת,גרמים,250.00,100 גרם,false,1,15.60,6.24,true,1,
7290002133520,false,יוגורט של פעם 3% גבינות השומרון 400 גרם,מחלבת השומרון,,"יוגורט של פעם 400 מ""",מיליליטרים,400.00,"100 מ""ל",false,1,11.40,2.85,true,1,
7290002133537,false,יוגורט של פעם חלב עיזים 4% גבינות השומרון 180 גרם,מחלבת השומרון,,יוגורט של פעם עיזים,גרמים,180.00,100 גרם,false,1,6.20,3.44,true,1,
7290002133575,false,יוגורט של פעם חלב כבשים 5% גבינות השומרון 400 גרם,מחלבת השומרון,,יוגורט של פעם חלב כב,גרמים,400.00,100 גרם,false,1,11.90,2.98,true,1,
7290002133858,false,גבינה בולגרית צאן 18% גבינות השומרון 250 גרם,מחלבת השומרון,,בולגרית צאן 250 גרם,גרמים,250.00,100 גרם,false,1,22.90,9.16,true,1,
7290002133889,false,גבינה בולגרית מעודנת 5% 250 גרם,מחלבת השומרון,,בולגרית מעודנת 5%,גרמים,250.00,100 גרם,false,1,20.90,8.36,true,1,
7290002190141,false,ריבת חלב 450 גר`גלעם קומידה,תומר יבוא ושיווק מוצרי מזון (1,,ריבת חלב בצנצנת 450,גרמים,450.00,100 גרם,false,1,13.90,3.09,true,1,
7290002208082,false,פטה כבשים דותן 250גר,,,פטה כבשים דותן 250גר,גרמים,250.00,100 גרם,false,1,31.50,12.60,true,1,
7290002208129,false,השומרון גבינת חלומי כבשים 250ג,,,חלומי כבשים דותן 250,גרמים,250.00,100 גרם,false,1,37.90,15.16,true,1,
7290002208471,false,פיקורינו כבשים משק דותן 200 גרם,משק דותן,,פיקורינו כבשים משק ד,גרמים,200.00,100 גרם,false,1,34.90,17.45,true,1,
7290002232964,false,ציפוי לשניצל פז טחון דק 500 גרם דגש,"תירפז בע""מ",,צפוי פז טחון דק 600,גרמים,600.00,100 גרם,false,1,33.50,5.58,true,1,
<<<<<<< HEAD
7290002232995,false,ציפוי לשניצל פז 500 גרם דגש,פ.פ.ח. שאביט,,ציפוי פז דגש 500 גרם,גרמים,500.00,100 גרם,false,1,28.30,5.66,true,1,
7290002253006,false,שום כתוש דורות בצנצנת 200 גרם,עיצובים 2020 (3.8),,שום כתוש בצנצנת 200,גרמים,200.00,100 גרם,false,1,16.90,8.45,true,1,
7290002253105,false,קוביות שום כתוש טרי דורות 80 גרם,עיצובים 2020 (3.8),,מגשית שום טרי דורות,גרמים,80.00,100 גרם,false,1,12.90,16.13,true,1,
7290002253150,false,קוביות בזיליקום קצוץ דורות 70 גרם,עיצובים 2020 (3.8),,מגשית בזיליקום דורות,גרמים,70.00,100 גרם,false,1,12.50,17.86,true,1,
7290002253167,false,פטרוזיליה קצוצה דורות 70 גרם,עיצובים 2020 (3.8),,מגשית פטרוזיליה דורו,גרמים,70.00,100 גרם,false,1,12.50,17.86,true,1,
7290002253181,false,קוביות כוסברה קצוצה דורות 70 גרם,עיצובים 2020 (3.8),,מגשית כוסברה דורות 7,גרמים,70.00,100 גרם,false,1,12.50,17.86,true,1,
7290002253198,false,ג'ינג'ר טרי כתוש במגשית 70 ג' דורות,עיצובים 2020 (3.8),,מגשית גינגר כתוש קפו,גרמים,70.00,100 גרם,false,1,13.50,19.29,true,1,
7290002253235,false,דורות רוטב פסטו 160 גרם,עיצובים 2020 (3.8),,דורות רוטב פסטו 160,גרמים,160.00,100 גרם,false,1,15.60,9.75,true,1,
7290002253310,false,דורות שום צילי חריף קוביות תערובת 80 גר,עיצובים 2020 (3.8),IL,קוביות שום צילי חריף,גרמים,80.00,100 גרם,false,1,13.50,16.88,true,1,
7290002253495,false,דורות תבל לטחינה ביתית תערובת קוביות 70 גרם,עיצובים 2020 (3.8),IL,קוביות תבל לטחינה בי,גרמים,70.00,100 גרם,false,1,11.90,17.00,true,1,
=======
7290002232995,false,ציפוי פז דגש 500גר ללא גלוטן.,נטורפוד בעמ,,ציפוי פז דגש 500 גרם,גרמים,500.00,100 גרם,false,1,28.30,5.66,true,1,
7290002253006,false,שום טרי כתוש צנצנת דורות 200 גרם,קבוצת אוסם סחר-שות.מוגבלת,,שום כתוש בצנצנת 200,גרמים,200.00,100 גרם,false,1,16.90,8.45,true,1,
7290002253105,false,שום במגשית 20 שיניים כתושות קפוא 80,קבוצת אוסם סחר-שות.מוגבלת,,מגשית שום טרי דורות,גרמים,80.00,100 גרם,false,1,12.90,16.13,true,1,
7290002253150,false,קוביות בזיליקום קצוץ דורות 70 גרם,קבוצת אוסם סחר שותפות מוגבלת,,מגשית בזיליקום דורות,גרמים,70.00,100 גרם,false,1,12.50,17.86,true,1,
7290002253167,false,פטרוזיליה טרייה קצוצה מוקפאת 70 גרם,קבוצת אוסם סחר שותפות מוגבלת,,מגשית פטרוזיליה דורו,גרמים,70.00,100 גרם,false,1,12.50,17.86,true,1,
7290002253174,false,קוביות שמיר קצוץ דורות 70 גרם,קבוצת אוסם סחר שותפות מוגבלת,,מגשית שמיר קצוץ דורו,גרמים,70.00,100 גרם,false,1,12.50,17.86,true,1,
7290002253181,false,כוסברה טרייה קצוצה 20 קוביות 70 גרם קפוא,קבוצת אוסם סחר שותפות מוגבלת,,מגשית כוסברה דורות 7,גרמים,70.00,100 גרם,false,1,12.50,17.86,true,1,
7290002253198,false,ג'ינג'ר טרי כתוש במגשית 70 ג' דורות,קבוצת אוסם סחר-שות.מוגבלת,,מגשית גינגר כתוש קפו,גרמים,70.00,100 גרם,false,1,13.50,19.29,true,1,
7290002253235,false,דורות רוטב פסטו דורות,קבוצת אוסם סחר שותפות מוגבלת,,דורות רוטב פסטו 160,גרמים,160.00,100 גרם,false,1,15.60,9.75,true,1,
7290002253310,false,דורות שום צילי חריף קוביות תערובת 80 גר,קבוצת אוסם סחר שותפות מוגבלת,IL,קוביות שום צילי חריף,גרמים,80.00,100 גרם,false,1,13.50,16.88,true,1,
7290002253495,false,דורות תבל לטחינה ביתית תערובת קוביות 70 גרם,קבוצת אוסם סחר שותפות מוגבלת,IL,קוביות תבל לטחינה בי,גרמים,70.00,100 גרם,false,1,11.90,17.00,true,1,
>>>>>>> d048ac2f4f281c9d788043ab4e81b61b0dbe3743
7290002259640,false,דיימונד רדיד אלומיניום צר 30 ס''מ 7.5 מ'-,ריינולדס מוצרי צריכה,,דיימונד רדיד אלומיני,מטרים,7.50,מטר,false,1,12.50,1.67,true,1,
7290002259657,false,"דייאמונד רדיד אלומיניום צר 30 ס""מ ארוך פי 3, 22.5 מ'",גורי ע.ע.ע. בע`מ,,דיאמונד רדיד אלומיני,מטרים,22.50,מטר,false,1,31.50,1.40,true,1,
7290002291046,false,המבורגר מסעדות 480 גרם הקצביה בלדי,יוליניבר,,המבורגר מסעדות 480 ג,גרמים,480.00,100 גרם,false,1,24.90,5.19,true,1,
7290002320463,false,מעדן תות שדה 100% פרי ל.ת.סוכר בית יצחק 284ג',בית יצחק,,"מעדן תות שדה ללת""ס 1",גרמים,284.00,100 גרם,false,1,17.90,6.30,true,1,
<<<<<<< HEAD
7290002331360,false,"נביעות מים מינרליים טו גו מארז 500X6מ""ל",נביעות טבע,,שישיית מים נביעות,מיליליטרים,3000.00,"100 מ""ל",false,1,11.70,0.39,true,1,
7290002331421,false,"שישיית מים מינרליים GO TO נביעות 755 מ""ל",נביעות טבע הגליל בעמ,,"שישיית נביעות 755 מ""",מיליליטרים,4530.00,"100 מ""ל",false,1,16.90,0.37,true,1,
7290002331483,false,"שישיית נביעות אישי בייבי 320 מ""ל",נביעות טבע הגליל בעמ,,שישיית מים נביעות בי,מיליליטרים,1980.00,"100 מ""ל",false,1,14.50,0.73,true,1,
7290002331490,false,מים מינרליים נביעות 1 ליטר,נביעות טבע הגליל בעמ,,מים נביעות 1 ליטר,מיליליטרים,1000.00,"100 מ""ל",false,1,2.90,0.29,true,1,
=======
7290002320548,false,מעדן אוכמניות 100% פרי ל.ת.סוכר בית יצחק 284ג',בית יצחק,,"מעדן אוכמניות ללת""ס",גרמים,284.00,100 גרם,false,1,17.90,6.30,true,1,
7290002331360,false,"נביעות מים מינרליים טו גו מארז 500X6מ""ל",החברה המרכזית להפצת משקאות בעמ,,שישיית מים נביעות,מיליליטרים,3000.00,"100 מ""ל",false,1,11.70,0.39,true,1,
7290002331421,false,"שישיית מים מינרליים GO TO נביעות 755 מ""ל",החברה המרכזית להפצת משקאות בעמ,,"שישיית נביעות 755 מ""",מיליליטרים,4530.00,"100 מ""ל",false,1,16.90,0.37,true,1,
7290002331483,false,נביעות מים מינרלים שישיה בייבי 330 מ`ל,החברה המרכזית להפצת משקאות בעמ,,שישיית מים נביעות בי,מיליליטרים,1980.00,"100 מ""ל",false,1,14.50,0.73,true,1,
7290002331490,false,מים מינרלים נביעות (1 ליטר),החברה המרכזית להפצת משקאות בעמ,,מים נביעות 1 ליטר,מיליליטרים,1000.00,"100 מ""ל",false,1,2.90,0.29,true,1,
>>>>>>> d048ac2f4f281c9d788043ab4e81b61b0dbe3743
7290002333098,false,חומוס גרגירים אורגני 500 גרם - הרדוף,אול אורגני,,חומוס אורגני 500 גר,גרמים,500.00,100 גרם,false,1,10.90,2.18,true,1,
7290002333463,false,שעועית מש אורגני הרדוף 500 גרם,אול אורגני,,שעועית מש אורגנית 50,גרמים,500.00,100 גרם,false,1,15.90,3.18,true,1,
7290002333500,false,עדשים אדומות אורגני 500 גרם - הרדוף,אול אורגני,,עדשים אדומים 500 גר,גרמים,500.00,100 גרם,false,1,11.90,2.38,true,1,
7290002333678,false,שומשום מלא אורגני הרדוף 300 גרם,אול אורגני,,שומשום מלא אורגני 30,גרמים,300.00,100 גרם,false,1,12.90,4.30,true,1,
7290002333838,false,כוסמת אורגנית ירוקה 500 גרם - הרדוף,אול אורגני,,כוסמת אורגנית 500 גר,גרמים,500.00,100 גרם,false,1,11.40,2.28,true,1,
7290002333982,false,שעועית לבנה אורגנית הרדוף 500 גרם,אול אורגני,,שעועית לבנה אורגנית,גרמים,500.00,100 גרם,false,1,15.90,3.18,true,1,
7290002353836,false,סרדינים רוברט בשמן זית 115 גרם,קונסרבס פורטוגל נורטה,,סרדינים רוברט בשמן,גרמים,120.00,100 גרם,false,1,8.90,7.42,true,1,
7290002360155,false,חליטת תה פרחי שומר פומפדור 20 שקיקים,ש.שסטוביץ בעמ,,תה חליטת פומפדור שומ,Unknown,0.00,Unknown,false,1,18.80,18.80,true,1,
7290002360230,false,חרדל דיזון גרגרים 210 גרם בורנייר,ש. שסטוביץ בע`מ,,חרדל דיזון גרגרים 21,גרמים,200.00,100 גרם,false,1,15.40,7.70,true,1,
7290002360278,false,חליטת צמחים פומפדור מנטה 20 יחידות,"איטיליאן פוד, אס.פי.",,תה חליטת מנטה 20 יח,Unknown,0.00,Unknown,false,1,18.80,18.80,true,1,
7290002360285,false,חליטת צמחים פומפדור קמומיל 20 יחידות,ש. שסטוביץ בע`מ,,תה חליטת קמומיל 20 י,Unknown,0.00,Unknown,false,1,18.80,18.80,true,1,
7290002370154,false,גבינת צדר מיושנת VINTAGE במשקל,ווייקה פארמס,GB,גבינת צדר מיושנת VIN,Unknown,0.00,"ק""ג",true,0,119.00,119.00,true,1,
7290002371526,false,דקניקים סלסולי פסטרמה שום וצילי פיקנטי טירת צבי 120 גרם,תנובה מרכז שיתופי לשיווק תוצרת,,סלסולי פסטרמה שום,גרמים,120.00,100 גרם,false,1,14.90,12.42,true,1,
7290002371533,false,דקניקים סלסולי פסטרמה דבש טירת צבי 120 גרם,תנובה מרכז שיתופי לשיווק תוצרת,,סלסולי פסטרמה ודבש 1,גרמים,120.00,100 גרם,false,1,14.90,12.42,true,1,
7290002371540,false,דקניקים קורנדביף ללא גלוטן טירת צבי 120 גרם,תנובה מרכז שיתופי לשיווק תוצרת,,קורנביף 120 גר,גרמים,120.00,100 גרם,false,1,14.90,12.42,true,1,
7290002371571,false,פסטרמה פרגיות לבאגט במשקלטירת צבי,טירת- צבי,,פסטרמה פרגיות לבאגט,Unknown,0.00,"ק""ג",true,0,85.00,85.00,true,1,
<<<<<<< HEAD
7290002374268,false,שמן חמניות מילומור 1 ליטר,שמן תעשיות,,שמן חמניות 1 ליטר,מיליליטרים,1000.00,"100 מ""ל",false,1,12.50,1.25,true,1,
7290002374312,false,"שמן קנולה מילומור 1 ל' עד""ח","נארז ע""י : א.ג. גילר",,שמן קנולה 1 ליטר,מיליליטרים,1000.00,"100 מ""ל",false,1,11.90,1.19,true,1,
7290002374640,false,שמן בריאות קנולה פלוס אומגה 3 עץ הזית 1 ליטר,שמן תעשיות,,שמן קנולה פלוס אומגה,מיליליטרים,1000.00,"100 מ""ל",false,1,16.90,1.69,true,1,
7290002408178,false,ינטר קרם 235 גרם,,NL,ינטר קרם 235 גרם,גרמים,235.00,100 גרם,false,1,16.70,7.11,true,1,
7290002408352,false,מולוצניק לטבייסקי 275 גר,,,גבינת מולוצניק,גרמים,275.00,100 גרם,false,0,12.90,4.69,true,1,
7290002408468,false,"איירן 300 מ""ל",,IL,"איירן 300 מ""ל",מיליליטרים,300.00,"100 מ""ל",false,0,6.20,2.07,true,1,
7290002410713,false,קישקע ממולא קפוא 500גרם,לאטי עזרא גלם ודגים,,קישקע 500 גרם קפוא,גרמים,500.00,100 גרם,false,1,14.90,2.98,true,1,
7290002448983,false,חטיף סושי ברווז 100גרם,,,חטיף סושי ברווז 100ג,גרמים,100.00,100 גרם,false,1,16.90,16.90,true,1,
=======
7290002371939,false,סרוולד בסגנון צרפתי דליקטיב 120 גרם,תנובה מרכז שיתופי לשיווק תוצרת,,סרוולט צרפתי 120 גר,גרמים,120.00,100 גרם,false,1,34.50,28.75,true,1,
7290002374268,false,שמן חמניות מזוכך ללא כולסטרול 1 ליטר,סוגת תעשיות בעמ,,שמן חמניות 1 ליטר,מיליליטרים,1000.00,"100 מ""ל",false,1,12.50,1.25,true,1,
7290002374312,false,שמן קנולה מזוכך 6% מילומור (1 ליטר),"נארז ע""י : א.ג. גילר",,שמן קנולה 1 ליטר,מיליליטרים,1000.00,"100 מ""ל",false,1,11.90,1.19,true,1,
7290002374640,false,שמן בריאות קנולה פלוס אומגה 3 עץ הזית 1 ליטר,סוגת תעשיות בעמ,,שמן קנולה פלוס אומגה,מיליליטרים,1000.00,"100 מ""ל",false,1,16.90,1.69,true,1,
7290002408161,false,גבינה הולנדיה קרם 235ג',,NL,הולנדית קרם 235 גר,גרמים,235.00,100 גרם,false,1,16.70,7.11,true,1,
7290002408178,false,ינטר קרם 235 גרם,,NL,ינטר קרם 235 גרם,גרמים,235.00,100 גרם,false,1,16.70,7.11,true,1,
7290002408352,false,מולוצניק לטבייסקי 275 גר,,,גבינת מולוצניק,גרמים,275.00,100 גרם,false,0,12.90,4.69,true,1,
7290002410713,false,קישקע- מעדני הטלה מוביל,לאטי עזרא גלם ודגים,,קישקע 500 גרם קפוא,גרמים,500.00,100 גרם,false,1,14.90,2.98,true,1,
7290002448983,false,חטיף סושי ברווז 100גרם,שחורי אריה ואנסטסיה,,חטיף סושי ברווז 100ג,גרמים,100.00,100 גרם,false,1,16.90,16.90,true,1,
>>>>>>> d048ac2f4f281c9d788043ab4e81b61b0dbe3743
7290002461029,false,שווארמה עגל מתובלת 800 גר,,,שווארמה עגל מתובלת 8,גרמים,800.00,100 גרם,false,1,45.50,5.69,true,1,
7290002477556,false,כבד עוף טרי,,,כבד עוף טרי,Unknown,0.00,"ק""ג",true,0,9.90,9.90,true,1,
7290002485025,false,סלט חומוס מסעדות 500 גרם,"סלטי שמיר 2006 בע""מ",,חומוס מסעדות 500גר,גרמים,500.00,100 גרם,false,1,16.20,3.24,true,1,
7290002485049,false,סלט חומוס מסבחה 500 גרם,"סלטי שמיר 2006 בע""מ",,חומוס מסבחה 500גר,גרמים,500.00,100 גרם,false,1,16.20,3.24,true,1,
7290002485063,false,סלט חומוס אבו גוש בי,"סלטי שמיר 2006 בע""מ",,חומוס אבו גוש 500גר,גרמים,500.00,100 גרם,false,1,16.20,3.24,true,1,
<<<<<<< HEAD
7290002488422,false,תמר מגהול פרימיום 600 גרם,מרינה,IL,תמר מגהול פרימיום 60,גרמים,600.00,100 גרם,false,1,19.90,3.32,true,1,
7290002511403,false,משקה קפיר המושבה 2 ל,מחלבת המושבה,,משקה קפיר 2 ליטר,ליטרים,0.00,ליטר,false,1,21.90,21.90,true,1,
7290002515371,false,"קמיל בלו אל סבון לתינוקות ד""ר פישר 1 ליטר",פישר מעבדות פרמצבטיות בע,,אל סבון קמיל בלו קלא,מיליליטרים,1000.00,"100 מ""ל",false,1,29.50,2.95,true,1,
7290002543046,false,קלוגס פרוסטיס דגנים וסוכר 750ג',קלוג מנייופרטורינג א,,קלוגס פרוסטיס 750 גר,גרמים,750.00,100 גרם,false,1,17.90,2.39,true,1,
7290002543237,false,דגני בוקר קלוגס קורנפלקס 750 גרם,קלוגס קומפני אוף גרייט ב,,קלוגס קורן פלקס 750,גרמים,750.00,100 גרם,false,1,14.90,1.99,true,1,
7290002551003,false,סטארקיסט טונה בשמן בודד 160ג',סטאר קיסט,,טונה סטארקיסט בשמן,גרמים,160.00,100 גרם,false,1,7.40,4.63,true,1,
7290002603696,false,בורקס פילו שגב XL גבינה שגב 450 גרם לנדא,שלושת האופים שגמור,,מקלות בורקס פילו XL,גרמים,450.00,100 גרם,false,1,22.90,5.09,true,1,
=======
7290002488422,false,תמר מגהול פרימיום 600 גרם,דין שיווק וקליה 2021 בעמ,IL,תמר מגהול פרימיום 60,גרמים,600.00,100 גרם,false,1,19.90,3.32,true,1,
7290002511403,false,משקה קפיר המושבה 2 ל,מחלבת המושבה,,משקה קפיר 2 ליטר,ליטרים,0.00,ליטר,false,1,21.90,21.90,true,1,
7290002515371,false,"קמיל בלו אל סבון לתינוקות ד""ר פישר 1 ליטר","פישר תעשיות פרמצביטות בע""מ",,אל סבון קמיל בלו קלא,מיליליטרים,1000.00,"100 מ""ל",false,1,29.50,2.95,true,1,
7290002543046,false,קלוגס פרוסטיס דגנים וסוכר 750ג',דיפלומט מפיצים (1968) בעמ**,,קלוגס פרוסטיס 750 גר,גרמים,750.00,100 גרם,false,1,17.90,2.39,true,1,
7290002543237,false,דגני בוקר קלוגס קורנפלקס 750 גרם,קלוגס קומפני אוף גרייט ב,,קלוגס קורן פלקס 750,גרמים,750.00,100 גרם,false,1,14.90,1.99,true,1,
7290002551003,false,נתחי טונה בהירה בשמן סטארקיסט (160 גרם),דיפלומט מפיצים (1968) בעמ**,,טונה סטארקיסט בשמן,גרמים,160.00,100 גרם,false,1,7.40,4.63,true,1,
7290002617013,false,מונטניולו גרמני במשקל,,,מונטניולו גרמני במשק,Unknown,0.00,"ק""ג",true,0,168.00,168.00,true,1,
>>>>>>> d048ac2f4f281c9d788043ab4e81b61b0dbe3743
7290002617044,false,חמאה צרפתית פלאשרד במשקל,,FR,חמאה צרפתית פלאשרד,Unknown,0.00,"ק""ג",true,0,52.00,52.00,true,1,
7290002617518,false,צוריסוס עגל קפוא,,,צוריסוס עגל קפוא,Unknown,0.00,"ק""ג",true,0,69.90,69.90,true,1,
7290002617709,false,"שרימפס מקולף גמבו 1 ק""ג קפוא 16/20",,,שרימפס מקולף גמבו 1,קילוגרמים,0.00,"ק""ג",false,1,135.90,135.90,true,1,
7290002617723,false,"שרימפס מקולף 1 ק""ג גדול קפוא 26/30",,,שרימפס מקולף גדול,קילוגרמים,0.00,"ק""ג",false,1,109.90,109.90,true,1,
<<<<<<< HEAD
7290002628293,false,טחון עוף קפוא 500 גרם בלדי,בלדי,IL,טחון עוף קפוא 500 גר,גרמים,500.00,100 גרם,false,1,11.40,2.28,true,1,
7290002661153,false,"לחם דני קל ברמן 1 ק""",מאפית י את א ברמן בע,,"לחם דני קל 1 ק""ג",גרמים,1000.00,100 גרם,false,1,17.20,1.72,true,1,
7290002674221,false,"אקווה פרש משחת שינים משאבה מנטה 100 מ""ל",גלקסו סמית קליין,,אקוה פרש משחת שיניים,Unknown,0.00,Unknown,false,1,20.50,20.50,true,1,
7290002692775,false,"תרסיס שמן קנולה בטעם חמאה עץ הזית 200 מ""ל",קומפניה,IL,תרסיס קנולה בטעם חמא,מיליליטרים,200.00,"100 מ""ל",false,1,15.90,7.95,true,1,
7290002692782,false,"תרסיס שמן זית כתית מעולה ללא תוספת גז עץ הזית 150 מ""ל",י.ב טכנולוגיות אריזה,IL,תרסיס שמן זית כתית מ,מיליליטרים,150.00,"100 מ""ל",false,1,15.90,10.60,true,1,
7290002697114,false,10 פיתות עבודת יד,,,10 פיתות עבודת יד,גרמים,500.00,100 גרם,false,1,16.90,3.38,true,1,
7290002730262,false,"נוזל לניקוי כלים קלאסי פלמוליב 750 מ""ל",יבואן ומשווק: ש. שסט,,פלמוליב לכלים אקטיב,מיליליטרים,750.00,"100 מ""ל",false,1,11.90,1.59,true,1,
=======
7290002628293,false,טחון עוף קפוא 500 גרם בלדי,בלדי בע`מ,IL,טחון עוף קפוא 500 גר,גרמים,500.00,100 גרם,false,1,11.40,2.28,true,1,
7290002661153,false,לחם דני קל פרוס ברמן (1 קג),מאפית י את א ברמן בע,,"לחם דני קל 1 ק""ג",גרמים,1000.00,100 גרם,false,1,17.20,1.72,true,1,
7290002674221,false,"אקווה פרש משחת שינים משאבה מנטה 100 מ""ל",גלקסו סמית קליין,,אקוה פרש משחת שיניים,Unknown,0.00,Unknown,false,1,20.50,20.50,true,1,
7290002692775,false,"תרסיס שמן קנולה בטעם חמאה עץ הזית 200 מ""ל",סוגת תעשיות בעמ,IL,תרסיס קנולה בטעם חמא,מיליליטרים,200.00,"100 מ""ל",false,1,15.90,7.95,true,1,
7290002692782,false,"תרסיס שמן זית כתית מעולה ללא תוספת גז עץ הזית 150 מ""ל",י.ב טכנולוגיות אריזה,IL,תרסיס שמן זית כתית מ,מיליליטרים,150.00,"100 מ""ל",false,1,15.90,10.60,true,1,
7290002697114,false,10 פיתות עבודת יד,,,10 פיתות עבודת יד,גרמים,500.00,100 גרם,false,1,16.90,3.38,true,1,
7290002730262,false,נוזל לניקוי כלים קלאסי פלמוליב (750 מל),יבואן ומשווק: ש. שסט,,פלמוליב לכלים אקטיב,מיליליטרים,750.00,"100 מ""ל",false,1,11.90,1.59,true,1,
7290002730538,false,פדיות להסרת איפור בלונס 80 יחידות,הנסיך- מפעל לייצור ט,,בלונס מסיר איפור,Unknown,0.00,Unknown,false,1,11.40,11.40,true,1,
>>>>>>> d048ac2f4f281c9d788043ab4e81b61b0dbe3743
7290002730675,false,"קולגייט משחת שיניים אדומה משפחתי 100 מ""ל",קולגייט-פלמוליב,,משחת שיניים קולגייט,Unknown,0.00,Unknown,false,1,10.90,10.90,true,1,
7290002730811,false,"משחת שיניים ג'ל פסים מרעננים קולגייט 100 מ""ל",הנסיך- מפעל לייצור ט,,משחת שיניים קולגייט,גרמים,150.00,100 גרם,false,1,10.90,7.27,true,1,
7290002750963,false,באגט רוסטיק פילסברי,פילסברי,,רוסטיק שיפון,Unknown,0.00,Unknown,false,1,8.90,8.90,true,1,
7290002752332,false,"סוכריות מנטוס פירות בגליל, 37.5 גרם",הדקלאים אגודת שיתופי,,מנטוס פירות,גרמים,37.00,100 גרם,false,1,3.60,9.73,true,1,
7290002752493,false,רביעיה סוכריות מנטה 4* 16 ג' טיק טק,פרימיום-חברה לדברי מתיקה ולמסח,,טיק טק מנטה רביעייה,גרמים,64.00,100 גרם,false,1,10.90,17.03,true,1,
7290002753995,false,סוכריות עדשים לקישוט עוגה וורנר 6*25 גרם,היינץ צפון אמריקה מק,,קישוטי עוגה 150 גרם,גרמים,150.00,100 גרם,false,1,21.90,14.60,true,1,
7290002766056,false,עגבניות שרי לב אדום יח',רון שרי,,עגבניות שרי,Unknown,0.00,Unknown,false,1,11.90,11.90,true,1,
7290002771111,false,קפה עם הל אל נחלה 250 גרם,קפה אל נחלה בני רפיק,,קפה עם הל 250 גרם,גרמים,250.00,100 גרם,false,1,16.50,6.60,true,1,
7290002771128,false,קפה אלנח'לה בלי הל 250 ג',קפה אל נחלה בני רפיק,,קפה בלי הל 250 גרם,גרמים,250.00,100 גרם,false,1,16.50,6.60,true,1,
7290002775317,false,פילה דג זהבנון 1קג יח,דלידג - נטו,,"פילה זהבנון 1 ק""ג",גרמים,1000.00,100 גרם,false,0,26.50,2.65,true,1,
7290002793304,false,מיכל בלון גז +מילוי באריזה 60 סודהסטרים,סודה סטרים,,מיכל גז באריזה,Unknown,0.00,Unknown,false,1,109.90,109.90,true,1,
<<<<<<< HEAD
7290002814016,false,"מסיר שומנים מתז 750 מ""ל סנט מוריץ כשל""פ עד""ח","קומפלקס כימיקלים בע""",,מסיר שומנים,מיליליטרים,750.00,"100 מ""ל",false,1,16.70,2.23,true,1,
7290002814528,false,נוזל לניקוי האסלה סנט מוריץ 1 ליטר,קומפלקס כימיקלים בעמ,,NO1 ניקוי אסלות,ליטרים,0.00,ליטר,false,1,6.90,6.90,true,1,
=======
7290002805151,false,סיף פנטסטיק לרצפות בניחוח סחלבים 4ל',יוניליוור ישראל שיווק בע`מ,,שמפו פנטסטיק רצפות 4,ליטרים,0.00,ליטר,false,1,25.90,25.90,true,1,
7290002814016,false,"מסיר שומנים מתז 750 מ""ל סנט מוריץ כשל""פ עד""ח",קומפלקס כימיקלסבעמ ~~~,,מסיר שומנים,מיליליטרים,750.00,"100 מ""ל",false,1,16.70,2.23,true,1,
>>>>>>> d048ac2f4f281c9d788043ab4e81b61b0dbe3743
7290002814603,false,"סנט מוריץ - מרסס מסיר שומנים קר מבושם לימון 750 מ""ל",קומפלקס כימיקלים בעמ,,מסיר שומנים,מיליליטרים,750.00,"100 מ""ל",false,1,13.20,1.76,true,1,
7290002814832,false,סבון אסלה סנט מוריץ כדוריות לוונדר 3 יח,"קומפלקס כימיקלים בע""",,סבון אסלה סנט מוריץ,Unknown,0.00,Unknown,false,1,12.90,12.90,true,1,
7290002824183,false,"גבינה לבנה סקי 500 גרם 5% ""שטראוס"" -מוצר בפיקוח",שטראוס גרופ בעמ/מצונן,,סקי משפחתי 5% 500 גר,גרמים,500.00,100 גרם,false,1,9.50,1.90,true,1,
7290002824466,false,יוגורט דנונה ביו לבן 0% שומן 200 גרם,שטראוס גרופ בעמ/מצונן,,יוגורט דנונה ביו 0%,מיליליטרים,200.00,"100 מ""ל",false,1,3.70,1.85,true,1,
7290002824640,false,"גבינת סקי 250 גרם 5% ""שטראוס"" -מוצר בפיקוח",שטראוס גרופ בעמ/מצונן,IL,גבינת סקי 5% 250 גרם,גרמים,250.00,100 גרם,false,1,4.75,1.90,true,1,
7290002825722,false,כרוב אדום במיונז אחלה (500 גרם),שטראוס גרופ בעמ/מצונן,,כרוב אדום 500 גר,גרמים,500.00,100 גרם,false,1,14.20,2.84,true,1,
7290002842002,false,פתיתי שיבולת שועל קוואקר אנגלי מורנפלייק,ליימן שליסל בעמ,GB,מורנפלייק שיבולת שוע,גרמים,500.00,100 גרם,false,1,11.90,2.38,true,1,
7290002842415,false,פילה אנשובי אמיתי 50 גרם,יו.אס.איי וליו קו,,פילה אנשובי אמיתי 50,גרמים,50.00,100 גרם,false,1,7.50,15.00,true,1,
7290002868996,false,"קוטג' 5% שומן, רכיבים טבעיים, 250 גרם",החברה המרכזית טלהפצת משקאות בע,,קוטג 5% מועשר 250 גר,גרמים,250.00,100 גרם,false,1,5.40,2.16,true,1,
7290002881025,false,מעדן דובדבן חמוץ 100% 284 גרם,דוברומירוב,,מעדן דובדבן חמוץ 100,גרמים,284.00,100 גרם,false,1,14.90,5.25,true,1,
<<<<<<< HEAD
7290002881216,false,רסק תפוחי עץ לא ממותק תומר 700 גרם,KONSERVENFABRIEK BALTUSSEN,,רסק תפוחי עץ דיאט 7,גרמים,708.00,100 גרם,false,1,12.10,1.71,true,1,
7290002881254,false,קוקטייל פירות טרופיים בסירופ קל תומר 825 גרם,סאנרייז אגריקלטור,,קוקטייל טרופי תומר,גרמים,850.00,100 גרם,false,1,11.90,1.40,true,1,
=======
7290002881216,false,רסק תפוחי עץ לא ממותק תומר 700 גרם,תומר ייבוא ושיווק מוצרי מזון [,,רסק תפוחי עץ דיאט 7,גרמים,708.00,100 גרם,false,1,12.10,1.71,true,1,
>>>>>>> d048ac2f4f281c9d788043ab4e81b61b0dbe3743
7290002881506,false,חמאת בוטנים תומר 510 ג',Niza s a,,חמאת בוטנים 500 גרם,גרמים,500.00,100 גרם,false,1,16.90,3.38,true,1,
7290002900207,false,המבורגר אמיתי 100% 400 גרם-תנובה,הנסיך- מפעל לייצור ט,,המבורגר אמיתי 100%,גרמים,400.00,100 גרם,false,1,27.90,6.98,true,1,
7290002900566,false,פסטרמה ברביקיו דל שומן טירת צבי 400 גרם,הנסיך- מפעל לייצור ט,,"פסטרמה ברביקיו ד""ש 3",גרמים,360.00,100 גרם,false,1,25.90,7.19,true,1,
7290002909569,false,ברבוניה פילה 400 גרם ארוז - הדייג,דולפין ספא,,פילה ברבוניה 400 גרם,גרמים,400.00,100 גרם,false,1,22.90,5.73,true,1,
7290002909880,false,"פולי סויה - אדממה - 400 גרם (בד""ץ עדה חרדית)",בלדי בעמ,,פולי סויה אדממה 400,גרמים,400.00,100 גרם,false,1,9.90,2.48,true,1,
7290002966005,false,קוויאר אדום מאצות ים 100גר,,,קוויאר אדום מאצות ים,גרמים,100.00,100 גרם,false,1,13.90,13.90,true,1,
7290002966012,false,קוויאר שחור מאצות ים 100גר,,,קוויאר שחור מאצות ים,גרמים,100.00,100 גרם,false,1,13.90,13.90,true,1,
7290002966784,false,סלט איקרא ורודה 200 גרם,,IL,סלט איקרא ורודה 200,גרמים,200.00,100 גרם,false,1,13.90,6.95,true,1,
7290002966791,false,סלט איקרא לבנה 200 גרם,,IL,סלט איקרא לבנה 200 ג,גרמים,200.00,100 גרם,false,1,13.90,6.95,true,1,
7290002971009,false,"קמח חיטה לבן בהיר שטיבל 1 ק""ג",תומר יבוא ושיווק מוצרי מזון (1,,"קמח לבן שטיבל 1 ק""ג",גרמים,1000.00,100 גרם,false,1,4.80,0.48,true,1,
7290002971016,false,"שטיבל סולת חיטה 1 ק""ג","שטיבל בע""מ",,"סולת שטיבל 1 ק""ג",גרמים,1000.00,100 גרם,false,1,4.80,0.48,true,1,
7290002971214,false,"קמח לחם מעושר מס 2 1 ק""ג",מיוצר עי קונדיטוריית,,קמח לחם מעושר מס 2 1,גרמים,1000.00,100 גרם,false,1,10.10,1.01,true,1,
7290002971955,false,"קמח 650 כחול ללא צורך בניפוי 1 ק""ג*",טחנות קמח שטיבל בש בעמ,,קמח שטיבל 650 ללא ני,גרמים,1000.00,100 גרם,false,1,9.40,0.94,true,1,
7290002971962,false,"קמח שטיבל חיטה מלא ללא ניפוי 1 ק""ג",טחנות קמח שטיבל בש בעמ,,קמח שטיבל חיטה מלא ל,גרמים,1000.00,100 גרם,false,1,9.40,0.94,true,1,
7290002972426,false,"קמח 80% מלא ללא צורך בניפוי 1 ק""ג*",טחנות קמח שטיבל בש בעמ,,קמח שטיבל 80% ללא ני,גרמים,1000.00,100 גרם,false,1,9.40,0.94,true,1,
7290002986652,false,גטניו פתי בר שוקו 470 גרם,"אחים גטניו בע""מ",,פתי בר שוקו,גרמים,470.00,100 גרם,false,1,10.40,2.21,true,1,
<<<<<<< HEAD
7290003009183,false,"סירופ דיאט תפוחים פריגת 750 מ""ל",סירופ - גבעת חיים,,סירופ דיאט תפוחים בק,מיליליטרים,750.00,"100 מ""ל",false,1,22.90,3.05,true,1,
7290003009312,false,בוטן קלוי קליית גת 200 גרם,הדקלאים אגודת שיתופי,,בוטן קלוי שקית 200 ג,גרמים,200.00,100 גרם,false,1,8.30,4.15,true,1,
7290003009329,false,בוטנים אמריקאיים קליית גת 200 גרם,הדקלאים אגודת שיתופי,,בוטן אמריקאי שקית 20,גרמים,200.00,100 גרם,false,1,7.30,3.65,true,1,
7290003009336,false,קבוקים קליית גת 200 גרם,הדקלאים אגודת שיתופי,,קבוקים שקית 200 ג,גרמים,200.00,100 גרם,false,1,7.30,3.65,true,1,
7290003009596,false,"סירופ דיאט אשכוליות פריגת 750 מ""ל",סירופ - גבעת חיים,,סירופ דיאט אשכוליות,מיליליטרים,750.00,"100 מ""ל",false,1,22.90,3.05,true,1,
7290003011087,false,"אורז בסמטי הודי מובחר שקדיה 1 ק""ג",אלסקה/ טילדה,,אורז בסמטי אלפאנט 1,גרמים,1000.00,100 גרם,false,1,12.90,1.29,true,1,
7290003015627,false,"נוזל רצפות אפרסק 2 ליטר ""ריצפז פרש""","סנו מפעלי ברונוס בע""",,סנו ריצפז פרש 2 ליטר,ליטרים,0.00,ליטר,false,1,20.90,20.90,true,1,
7290003015641,false,"נוזל רצפות יסמין 2 ליטר ""ריצפז פרש""",קריות זול,,סנו ריצפז פרש 2 ליטר,ליטרים,0.00,ליטר,false,1,20.90,20.90,true,1,
=======
7290003009183,false,סירופ דיאט 750 מל בטעם תפוחים פריגת,החברה המרכזית להפצת משקאות בעמ,,סירופ דיאט תפוחים בק,מיליליטרים,750.00,"100 מ""ל",false,1,22.90,3.05,true,1,
7290003009312,false,בוטן קלוי 200 גרם שקית קליית גת,הדקלאים אגודת שיתופי,,בוטן קלוי שקית 200 ג,גרמים,200.00,100 גרם,false,1,8.30,4.15,true,1,
7290003009329,false,בוטנים אמריקאיים קליית גת (200 גרם),הדקלאים אגודת שיתופי,,בוטן אמריקאי שקית 20,גרמים,200.00,100 גרם,false,1,7.30,3.65,true,1,
7290003009336,false,קבוקים קליית גת (200 גרם),הדקלאים אגודת שיתופי,,קבוקים שקית 200 ג,גרמים,200.00,100 גרם,false,1,7.30,3.65,true,1,
7290003009596,false,סירופ דיאט אשכוליות 750 מל פיקדון,החברה המרכזית להפצת משקאות בעמ,,סירופ דיאט אשכוליות,מיליליטרים,750.00,"100 מ""ל",false,1,22.90,3.05,true,1,
7290003011087,false,אורז בסמטי 1 קג` שקית כחולה דין שיווק,דין שיווק וקליה 2021 בעמ,,אורז בסמטי אלפאנט 1,גרמים,1000.00,100 גרם,false,1,12.90,1.29,true,1,
7290003015627,false,"נוזל רצפות אפרסק 2 ליטר ""ריצפז פרש""",החברה הדרומית לשיווק בעמ,,סנו ריצפז פרש 2 ליטר,ליטרים,0.00,ליטר,false,1,20.90,20.90,true,1,
7290003015641,false,"נוזל רצפות יסמין 2 ליטר ""ריצפז פרש""",החברה הדרומית לשיווק בעמ,,סנו ריצפז פרש 2 ליטר,ליטרים,0.00,ליטר,false,1,20.90,20.90,true,1,
>>>>>>> d048ac2f4f281c9d788043ab4e81b61b0dbe3743
7290003015672,false,סנו סופט מפיות צבעוניות חלקות 50 יחידות,סנו סופט,,סנו סופט מפיות צבעונ,Unknown,0.00,Unknown,false,1,8.50,8.50,true,1,
7290003024001,false,גבינה ברי צרפתי במשקל,,,גבינה ברי צרפתי,Unknown,0.00,"ק""ג",true,0,184.00,184.00,true,1,
7290003024513,false,גבינת פקורינו טוסקנו שקיל,,,גבינת פקורינו טוסקנו,Unknown,0.00,"ק""ג",true,0,259.00,259.00,true,1,
7290003024629,false,רקלט לאיטה במשקל,,,רקלט לאיטה במשקל,Unknown,0.00,"ק""ג",true,0,248.00,248.00,true,1,
<<<<<<< HEAD
7290003026036,false,"ד""ר פישר - קמיל בלו סנסיטיב אל סבון עדין לתינוק 1 ליטר",פישר מעבדות פרמצבטיות בע,,אל סבון קמיל בלו סנס,מיליליטרים,1000.00,"100 מ""ל",false,1,34.50,3.45,true,1,
7290003029181,false,משקה יטבתה שוקו' בקבוק 1ל מהדרין,שטראוס גרופ,IL,שוקו בקבוק יטבתה,מיליליטרים,1000.00,"100 מ""ל",false,1,11.90,1.19,true,1,
7290003029372,false,משקה חלב בטעם בננה יטבתה 1 ליטר,שטראוס גרופ,,משקה חלב בננה 1 ליטר,מיליליטרים,1000.00,"100 מ""ל",false,1,11.90,1.19,true,1,
7290003029389,false,"משקה חלב בננה פקק ספורט 250 מ""ל יוטבתה",שטראוס גרופ,,"בננה פקק 250 מ""ל",מיליליטרים,250.00,"100 מ""ל",false,1,5.50,2.20,true,1,
7290003029433,false,"משקה יטבתה שוקו פקק 250 מ""ל מהדרין",שטראוס גרופ,,שוקו פקק יטבתה 250 מ,מיליליטרים,250.00,"100 מ""ל",false,1,5.50,2.20,true,1,
7290003029532,false,מוקה בבקבוק יטבתה 1 ליטר מהדרין,שטראוס גרופ,,מוקה בקבוק 1 ליטר,מיליליטרים,1000.00,"100 מ""ל",false,1,11.90,1.19,true,1,
7290003029792,false,"משקה יטבתה שוקו שקיות מהדרין מארז 225X8מ""ל",שטראוס גרופ,,מארז שוקו יטבתה 8,ליטרים,0.00,ליטר,false,1,18.90,18.90,true,1,
7290003029815,false,כד חלב 3% יטבתה 2 ליטר מהדרין,שטראוס גרופ,,חלב יטבתה 3% מועשר 2,ליטרים,0.00,ליטר,false,1,15.00,15.00,true,1,
7290003029907,false,אייס קפה יטבתה 1 ליטר מהדרין,שטראוס גרופ,,קפה יטבתה 1ליטר,מיליליטרים,1000.00,"100 מ""ל",false,1,11.90,1.19,true,1,
7290003047642,false,תה שחור יילו לייבל 100*1.5 ג' שקיק ליפטון,"יונילוור רוסייה בע""מ",,תה ליפטון ילו לייבל,גרמים,150.00,100 גרם,false,1,12.90,8.60,true,1,
=======
7290003026036,false,"ד""ר פישר - קמיל בלו סנסיטיב אל סבון עדין לתינוק 1 ליטר","פישר תעשיות פרמצביטות בע""מ",,אל סבון קמיל בלו סנס,מיליליטרים,1000.00,"100 מ""ל",false,1,34.50,3.45,true,1,
7290003029181,false,משקה יטבתה שוקו' בקבוק 1ל מהדרין,שטראוס גרופ בעמ/מצונן,IL,שוקו בקבוק יטבתה,מיליליטרים,1000.00,"100 מ""ל",false,1,11.90,1.19,true,1,
7290003029372,false,יטבתה משקה בטעם בננה %3 בקבוק 1 ליטר,שטראוס גרופ בעמ/מצונן,,משקה חלב בננה 1 ליטר,מיליליטרים,1000.00,"100 מ""ל",false,1,11.90,1.19,true,1,
7290003029389,false,"משקה חלב בננה פקק ספורט 250 מ""ל יוטבתה",שטראוס גרופ בעמ/מצונן,,"בננה פקק 250 מ""ל",מיליליטרים,250.00,"100 מ""ל",false,1,5.50,2.20,true,1,
7290003029433,false,"משקה יטבתה שוקו פקק 250 מ""ל מהדרין",שטראוס גרופ בעמ/מצונן,,שוקו פקק יטבתה 250 מ,מיליליטרים,250.00,"100 מ""ל",false,1,5.50,2.20,true,1,
7290003029532,false,מוקה בבקבוק יטבתה 1 ליטר מהדרין,שטראוס גרופ בעמ/מצונן,,מוקה בקבוק 1 ליטר,מיליליטרים,1000.00,"100 מ""ל",false,1,11.90,1.19,true,1,
7290003029792,false,"משקה יטבתה שוקו שקיות מהדרין מארז 225X8מ""ל",שטראוס גרופ בעמ/מצונן,,מארז שוקו יטבתה 8,ליטרים,0.00,ליטר,false,1,18.90,18.90,true,1,
7290003029815,false,כד חלב 3% יטבתה 2 ליטר מהדרין,שטראוס גרופ בעמ/מצונן,,חלב יטבתה 3% מועשר 2,ליטרים,0.00,ליטר,false,1,15.00,15.00,true,1,
7290003029907,false,משקה חלב אייס קפה 2% יטבתה (1 ליטר,שטראוס גרופ בעמ/מצונן,,קפה יטבתה 1ליטר,מיליליטרים,1000.00,"100 מ""ל",false,1,11.90,1.19,true,1,
7290003047642,false,תה שחור יילו לייבל 100*1.5 ג' שקיק ליפטון,"יוניליוור ישראלשיווק בע""מ",,תה ליפטון ילו לייבל,גרמים,150.00,100 גרם,false,1,12.90,8.60,true,1,
7290003054190,false,מסטמכר לחם שיפון עם שלושה דגנים 500ג,מרום את קונפינו,,לחם שיפון 3 דגנים 50,גרמים,500.00,100 גרם,false,1,14.90,2.98,true,1,
>>>>>>> d048ac2f4f281c9d788043ab4e81b61b0dbe3743
7290003054206,false,מסטמכר לחם שיפון עם זרעי חמניות 500ג,מרום את קונפינו,,לחם שיפון חמניות 500,גרמים,500.00,100 גרם,false,1,14.90,2.98,true,1,
7290003054220,false,מסטמכר לחם שיפון פומפרניקל 500ג,דיפלומט מפיצים (1968) בעמ**,,לחם שיפון פומפרניקל,גרמים,500.00,100 גרם,false,1,14.90,2.98,true,1,
7290003054657,false,חרדל ריין דיז'ון אקסטרה פורטה 370 גרם,דיפלומט מפיצים (1968) בעמ**,,חרדל דיזיון 370 גר,גרמים,370.00,100 גרם,false,1,11.50,3.11,true,1,
7290003054725,false,חרדל אנגלי קולמנס 100 גרם,,,חרדל אנגלי קולמנט,גרמים,100.00,100 גרם,false,1,10.90,10.90,true,1,
7290003072828,false,נקנקיות פרנקפורטר 320 גר` טירת צבי,טיב טירת צבי 2000,IL,נקניקיות פרנקפורטר 3,גרמים,320.00,100 גרם,false,1,19.90,6.22,true,1,
7290003072835,false,נקניקיות קנאקוורסט טירת צבי 320 גרם,טיב טירת צבי 2000,IL,נקניקיות קנאקוורסט 3,גרמים,320.00,100 גרם,false,1,19.90,6.22,true,1,
7290003094127,false,קוויאר פחיות צארסקיה,א.ר.ד.י.ו,,ביצי דג אילתית 190 ג,גרמים,190.00,100 גרם,false,1,73.50,38.68,true,1,
7290003094400,false,קוויאר פחיות 140 גר,א.ר.ד.י.ו,,קוויאר פחיות 140 גר,Unknown,0.00,Unknown,false,1,44.90,44.90,true,1,
7290003126712,false,יוגורט עיזים מחלב מלא 3.7% משק צוריאל 150 גרם,החברה המרכזית טלהפצת משקאות בע,,משק צוריאל יוגורט עי,גרמים,140.00,100 גרם,false,1,6.00,4.29,true,1,
7290003126958,false,טופו גבינה גוש בואקום צוריאל 300 ג',החברה המרכזית טלהפצת משקאות בע,,טופו גולמי 300גר,גרמים,300.00,100 גרם,false,1,13.50,4.50,true,1,
7290003133123,false,לחם זהב עגול אוקראיני 750 ג',מאפיית דוידוביץ ובני,,לחם זהב עגול,גרמים,750.00,100 גרם,false,1,12.90,1.72,true,1,
<<<<<<< HEAD
7290003141159,false,יוגטה מרשמלו ממתק מוקצף בטעמי תות שדה ווניל 180 גרם,מוטקה החולב,,מרשמלו יוגטה 180 גרם,גרמים,180.00,100 גרם,false,1,8.30,4.61,true,1,
7290003142422,false,גרעיני חמניה בשקית ללא מלח קליית גת 180 גרם,"ג'י אנד ג'י בע""מ",,גרעיני חמניה בשקית ל,גרמים,180.00,100 גרם,false,1,7.30,4.06,true,1,
7290003143139,false,סילאן תמרים קלית גת 900 ג',"טעמי הגליל בע""\מ",,סילאן 900 גרם קליית,גרמים,900.00,100 גרם,false,1,15.90,1.77,true,1,
7290003143146,false,ממרח תמרים קליית גת 450 גרם,הדקלאים אגודת שיתופי,,ממרח תמרים קליית גת,גרמים,450.00,100 גרם,false,1,6.90,1.53,true,1,
7290003143337,false,סילאן רכיבים טבעיים לחיץ קליית גת 350 גרם,ליימן מותגים,,סילאן טבעי קליית גת,גרמים,350.00,100 גרם,false,1,17.70,5.06,true,1,
7290003144310,false,תערובת אגוזים וחמוציות קליית גת 150 גרם,גי אנד גי,,תערובת אגוזים וחמוצי,גרמים,150.00,100 גרם,false,1,21.90,14.60,true,1,
7290003145751,false,"קליית גת אגוזי קלויים, 200 גרם",הדקלאים אגודת שיתופי,,קשיו קלוי קליית גת 2,גרמים,200.00,100 גרם,false,1,23.90,11.95,true,1,
=======
7290003141159,false,יוגטה מרשמלו ממתק מוקצף בטעמי תות שדה ווניל 180 גרם,ליימן שליסל בעמ,,מרשמלו יוגטה 180 גרם,גרמים,180.00,100 גרם,false,1,8.30,4.61,true,1,
7290003142422,false,גרעיני חמניה בשקית ללא מלח קליית גת 180 גרם,ליימן שליסל בעמ,,גרעיני חמניה בשקית ל,גרמים,180.00,100 גרם,false,1,7.30,4.06,true,1,
7290003142477,false,ערמונים קלופים קלויים קלית גת.,הדקלאים אגודת שיתופי,,ערמונים קלופים וקלוי,גרמים,100.00,100 גרם,false,1,8.30,8.30,true,1,
7290003143139,false,סילאן תמרים קלית גת 900 ג',ליימן שליסל בעמ,,סילאן 900 גרם קליית,גרמים,900.00,100 גרם,false,1,15.90,1.77,true,1,
7290003143146,false,ממרח תמרים קליית גת (450 גרם),הדקלאים אגודת שיתופי,,ממרח תמרים קליית גת,גרמים,450.00,100 גרם,false,1,6.90,1.53,true,1,
7290003143337,false,סילאן רכיבים טבעיים לחיץ קליית גת 350 גרם,ליימן שליסל בעמ,,סילאן טבעי קליית גת,גרמים,350.00,100 גרם,false,1,17.70,5.06,true,1,
7290003144310,false,תערובת אגוזים וחמוציות קליית גת 150 גרם,ליימן שליסל בעמ,,תערובת אגוזים וחמוצי,גרמים,150.00,100 גרם,false,1,21.90,14.60,true,1,
7290003145751,false,אגוזי קשיו קלויים קליית גת (200 גרם),הדקלאים אגודת שיתופי,,קשיו קלוי קליית גת 2,גרמים,200.00,100 גרם,false,1,23.90,11.95,true,1,
>>>>>>> d048ac2f4f281c9d788043ab4e81b61b0dbe3743
7290003145782,false,צנובר רכיבים טבעיים קליית גת 100 גרם,הדקלאים אגודת שיתופי,,צנובר טבעי 100 גרם,גרמים,100.00,100 גרם,false,1,29.50,29.50,true,1,
7290003176106,false,הממליס היל קרם לעור (50),טעם טבע אלטמן,,הממליס היל קרם לעור,Unknown,0.00,Unknown,false,1,69.90,69.90,true,1,
7290003176137,false,פרופולנטום,,,פרופולנטום,Unknown,0.00,Unknown,false,1,36.90,36.90,true,1,
7290003189076,false,פיצרלה הצהובה הטובה מגורדת 22% כפיר 500 גרם,צי תעשיות מזון יבנה,,פיצרלה מגורדת 500 גר,גרמים,500.00,100 גרם,false,1,21.90,4.38,true,1,
7290003208579,false,וודקה גריי גוס רגיל 1 ליטר,,,וודקה גריי גוס 1 ליט,מיליליטרים,1000.00,"100 מ""ל",false,1,144.90,14.49,true,1,
7290003220595,false,"ווק אורז לסושי 1 ק""ג WOK","מיה תעשיות מזון בע""מ",,אורז לסושי 1 ק`ג,גרמים,1000.00,100 גרם,false,1,13.50,1.35,true,1,
7290003220878,false,"WOK רוטב מירין לתיבול 500 מ""ל",דיאמונד פריזרוד פודס,,רוטב מירין לתיבול 50,מיליליטרים,500.00,"100 מ""ל",false,1,23.90,4.78,true,1,
7290003224036,false,אוכמניות כחולות מוקפאות 300 גר`מאמא מרי,מאמא - מרי בעמ,,אוכמניות כחולות 300,גרמים,300.00,100 גרם,false,1,19.90,6.63,true,1,
7290003224128,false,כיסוני תפוא 800 גר`קפוא מאמא מרי,מאמא - מרי בעמ,,"כיסונים תפו""א 800 גר",גרמים,800.00,100 גרם,false,1,13.30,1.66,true,1,
7290003224142,false,"בלינצ'ס תפ""א ופטריות 7 יחידות",מאמא מרי,,"בלינצס תפו""א ופטריות",Unknown,0.00,Unknown,false,1,18.90,18.90,true,1,
7290003224272,false,כיסונים בשר מוסקובסקי 1 קג`קפוא מאמא מר,מאמא - מרי בעמ,,כיסונים מוסקובסקי 1,גרמים,1000.00,100 גרם,false,1,26.20,2.62,true,1,
7290003224333,false,דובדבנים חמוצים מגול,מאמא מרי,,דובדבן חמוץ 300 גרם,גרמים,300.00,100 גרם,false,1,13.90,4.63,true,1,
7290003224357,false,קוואס משקה מאלט ביתי,,,קוואס ביתי 2 ליטר,ליטרים,0.00,ליטר,false,1,15.90,15.90,true,1,
7290003224456,false,"כיסונים בשר סיבירסקי מאמא מרי 1 ק""ג",מאמא - מרי בעמ,,כיסונים בשר סיבירסקי,גרמים,1000.00,100 גרם,false,1,23.70,2.37,true,1,
7290003224463,false,כיסונים בשר אוראינסקי 1 קג`מאמא מרי,מאמא - מרי בעמ,,כיסונים בשר - אוקראי,גרמים,1000.00,100 גרם,false,1,23.70,2.37,true,1,
7290003224470,false,כיסוני בשר 1 קג קפוא מאמא מרי,מאמא - מרי בעמ,,כיסונים בשר - קייבסק,גרמים,1000.00,100 גרם,false,1,23.70,2.37,true,1,
7290003224555,false,פטל אדום 300 גרם,מאמא מרי,,פטל אדום 300 גרם,גרמים,300.00,100 גרם,false,1,21.90,7.30,true,1,
7290003224654,false,מיקס פירות יער 380 גרם,מאמא מרי,,מיקס פירות יער 380 ג,גרמים,380.00,100 גרם,false,1,13.90,3.66,true,1,
7290003224784,false,בלינצ'ס עם דובדבנים 7 יחידות,מאמא מרי,,בלינצס דובדבן,Unknown,0.00,Unknown,false,1,23.90,23.90,true,1,
7290003229109,false,פסטרמה הודו בפפריקה טירת צבי (400 גרם),תנובה מרכז שיתופי לשיווק תוצרת,,פסטרמה בפפריקה 400 ג,גרמים,400.00,100 גרם,false,1,25.90,6.48,true,1,
7290003229116,false,פסטרמה הודו בדבש שומן טירת צבי 400 גרם,תנובה מרכז שיתופי לשיווק תוצרת,,פסטרמה בדבש 400 גרם,גרמים,400.00,100 גרם,false,1,25.90,6.48,true,1,
7290003229123,false,פסטרמה הודו על גחלים 2% טירת צבי 400 גרם,תנובה מרכז שיתופי לשיווק תוצרת,,פסטרמה על גחלים,גרמים,400.00,100 גרם,false,1,25.90,6.48,true,1,
7290003229147,false,נקניק סלמי איטלקי מעושן טירת צבי 300 גרם,תנובה מרכז שיתופי לשיווק תוצרת,,סלמי איטלקי 300 גרם,גרמים,300.00,100 גרם,false,1,25.90,8.63,true,1,
7290003229154,false,נקניק סלמי קוניאק טירת צבי 300 גרם,תנובה מרכז שיתופי לשיווק תוצרת,,סלמי קוניאק 300 גרם,גרמים,300.00,100 גרם,false,1,25.90,8.63,true,1,
7290003229192,false,נקניק כתף בקר מעושן 2% טירת צבי 400 גרם,תנובה מרכז שיתופי לשיווק תוצרת,,כתף בקר מעושן 400 גר,גרמים,400.00,100 גרם,false,1,28.90,7.23,true,1,
7290003229208,false,פסטרמה ספרדית 2% טירת צבי 360 גרם,תנובה מרכז שיתופי לשיווק תוצרת,,פסטרמה ספרדית 360 גר,גרמים,360.00,100 גרם,false,1,29.90,8.31,true,1,
7290003229215,false,פסטרמה איטלקית 3.5% טירת צבי 360 גרם,תנובה מרכז שיתופי לשיווק תוצרת,,פסטרמה איטלקית 360 ג,גרמים,360.00,100 גרם,false,1,29.90,8.31,true,1,
7290003229222,false,נקניק סלמי תה טירת צבי 300 גרם,תנובה מרכז שיתופי לשיווק תוצרת,,סלמי תה משובח 300 גר,גרמים,300.00,100 גרם,false,1,19.90,6.63,true,1,
7290003287314,false,קבב על מקל קינמון קצביה ארוז 520 ג' - 8 יח',בלדי בעמ,,קבב על מקל קינמון 52,גרמים,520.00,100 גרם,false,1,29.50,5.67,true,1,
7290003321155,false,יוגורט בר עם פקאן מצופה שוקולד 183 ג' דנונה,שטראוס גרופ בעמ/מצונן,,דנונה בר פקאן 183 גר,גרמים,183.00,100 גרם,false,1,4.60,2.51,true,1,
7290003411566,false,צמרוני עץ הנמל 200 יחידות,הנמל אריזות ושיווק (1984) בעמ,,צמרוני עץ 200 יח,Unknown,0.00,Unknown,false,1,2.90,2.90,true,1,
7290003411948,false,צמר גפן הנמל 100 יחידות,הנמל אריזות ושיווק 1984 בע`מ,,צמר גפן 100 גרם,Unknown,0.00,Unknown,false,1,5.50,5.50,true,1,
7290003411993,false,גפרורים הנמל 10 יחידות,הנמל אריזות ושיווק (1984) בעמ,,גפרורים 10 יח,Unknown,0.00,Unknown,false,1,2.90,2.90,true,1,
7290003414406,false,הרשי ריזס נטיפי אפייה בוטנים 283 גר',ליימן מותגים,,ריזס נטיפי לאפייה 28,גרמים,283.00,100 גרם,false,1,16.60,5.87,true,1,
7290003427154,false,"שמן זית כתית מעולה טעם מעודן זיתא 750 מ""ל",תה ויסוצקי (ישראל) בעמ,IL,שמן זית כתית מעולה מ,מיליליטרים,750.00,"100 מ""ל",false,1,32.90,4.39,true,1,
7290003438006,false,ממרח אולביה פסטו וצנובר איטלקי 190ג',תה ויסוצקי (ישראל) בעמ,,ממרח פסטו איטלקי,גרמים,180.00,100 גרם,false,1,13.90,7.72,true,1,
7290003438013,false,7290003אוליביה ממרח זיתים ירוקים 190 גרם,תה ויסוצקי (ישראל) בעמ,,ממרח זיתים ירוקים,גרמים,190.00,100 גרם,false,1,13.90,7.32,true,1,
7290003438020,false,אוליביה ממרח עגבניות מיובשות (190 גרם),תה ויסוצקי (ישראל) בעמ,,ממרח עגבניות מיובשות,גרמים,190.00,100 גרם,false,1,13.90,7.32,true,1,
7290003438709,false,ממרח אולביה זיתים שחורים וירוקים 190 ג',תה ויסוצקי (ישראל) בעמ,,ממרח זיתים שחורים,גרמים,190.00,100 גרם,false,1,13.90,7.32,true,1,
7290003438990,false,עיטורי עגבניות מיובשות וזיתים אוליביה 280 ג',תה ויסוצקי (ישראל) בעמ,,עיטורי עגבניות מיובש,גרמים,280.00,100 גרם,false,1,19.80,7.07,true,1,
7290003444009,false,הרשי ריזס חטיף במילוי בוטנים 42 גרם,ליימן מותגים,,חטיף הרשי ריזס שוקול,גרמים,42.00,100 גרם,false,1,3.90,9.29,true,1,
7290003450602,false,חרדל אמיתי צהוב בקבוק לחיץ 255 גר,היינץ צפון אמריקה מקבוצת ה.י.היינץ,,ממרח חרדל צהוב היינץ,גרמים,255.00,100 גרם,false,1,8.90,3.49,true,1,
7290003464531,false,אסאדו עגל טרי,,,אסאדו עגל טרי,Unknown,0.00,"ק""ג",true,0,49.90,49.90,true,1,
7290003464791,false,שוק טלה טרי עם עצם,,,שוק טלה טרי עם עצם,Unknown,0.00,"ק""ג",true,0,104.90,104.90,true,1,
7290003464883,false,אגוז טרי,,,אגוז עגל טרי,Unknown,0.00,"ק""ג",true,0,64.90,64.90,true,1,
7290003478149,false,אריסה של רומיה 250גרם,הסחוג הביתי של רומיה,,אריסה של רומיה 250 ג,גרמים,250.00,100 גרם,false,1,10.50,4.20,true,1,
7290003478156,false,שום כתוש של רומיה 250 גר,הסחוג הביתי של רומיה,,שום כתוש של רומיה 25,גרמים,250.00,100 גרם,false,1,11.90,4.76,true,1,
<<<<<<< HEAD
7290003521166,false,"ד""ר פישר - סרקל קרם רוזמרין לילדים 325 מ""ל",פישר מעבדות פרמצבטיות בע,,קרם מתיר קשרים רוזמר,מיליליטרים,325.00,"100 מ""ל",false,1,29.70,9.14,true,1,
7290003570089,false,מנות פילה סלמון נורבגי קפוא בלדי,,,מנות פילה סלמון,Unknown,0.00,"ק""ג",true,0,79.90,79.90,true,1,
7290003570164,false,מינוט שווארמה פרגית 300 גרם ארוז בלדי,"בלדי בע""\מ",,מינוט שווארמה פרגית,גרמים,300.00,100 גרם,false,1,29.90,9.97,true,1,
7290003570171,false,מינוט שניצל 300 גרם ארוז בלדי,"בלדי בע""\מ",,מינוט שניצל 300 גרם,גרמים,300.00,100 גרם,false,1,24.90,8.30,true,1,
7290003578108,false,חתיכות אננס בסירופ קל וילי פוד 850 גרם,קריות זול,TH,חתיכות אננס בסירופ ק,גרמים,850.00,100 גרם,false,1,9.90,1.16,true,1,
7290003578313,false,דובדבנים ללא חרצנים ויליפוד 680 גרם,דל מונטה היילס אס.אי,,דובדבנים ללא חרצנים,גרמים,680.00,100 גרם,false,1,11.00,1.62,true,1,
7290003598311,false,מינוט סטייק חלק ריאה 300 ג',"בלדי בע""\מ",IL,מינוט סטייק 300 גרם,גרמים,300.00,100 גרם,false,1,34.90,11.63,true,1,
7290003610112,false,צוואר בלי עצם טרי,,,צוואר בלי עצם טרי,Unknown,0.00,"ק""ג",true,0,59.90,59.90,true,1,
7290003610129,false,בשר טחון טרי לקבב/המבורגר,,,בשר טחון טרי,Unknown,0.00,"ק""ג",true,0,39.90,39.90,true,1,
7290003643004,false,"סוגת אורז בסמטי קלאסי 1 ק""ג",האי נאם סי או אל.טי.,,"אורז בסמטי 1 ק""ג",גרמים,1000.00,100 גרם,false,1,13.90,1.39,true,1,
7290003643134,false,סוכר וניל סוגת 100 גרם מארז 10 יחידות,גוד פוד פרודקטס S.p,,סוכר וניל 10*10 גרם,גרמים,100.00,100 גרם,false,1,3.00,3.00,true,1,
7290003643158,false,קורנפולר שקית 200 ג' סוגת,המאפיה של הרמן,,קורנפלור 200 גרם,גרמים,200.00,100 גרם,false,1,3.50,1.75,true,1,
7290003643165,false,סוגת קורנפלור 500 גרם,"י. כהן בע""מ",,קורנפלור 500 גרם,גרמים,500.00,100 גרם,false,1,6.10,1.22,true,1,
7290003643172,false,אבקת סוכר סוגת 100 גרם,א.ל ייצור ושיווק תבל,,אבקת סוכר 100 גרם,גרמים,100.00,100 גרם,false,1,2.20,2.20,true,1,
7290003643325,false,קוסקוס בינוני סוגת 350 גרם,"אסיף תעשיות מזון בע""\מ",,קוסקוס בינוני 350 גר,גרמים,350.00,100 גרם,false,1,5.00,1.43,true,1,
7290003643387,false,"סוכר לבן בצנצנת 1 ק""ג סוגת",האי נאם סי או אל.טי.,,"סוכר לבן בצנצנת 1 ק""",גרמים,1000.00,100 גרם,false,1,7.90,0.79,true,1,
7290003643646,false,"סוכר דמררה קלאסי בצנצנת סוגת 1 ק""ג",האי נאם סי או אל.טי.,,סוכר חום דמררה צנצנת,גרמים,1000.00,100 גרם,false,1,12.90,1.29,true,1,
7290003643684,false,אפונה יבשה סוגת 500 גר',האי נאם סי או אל.טי.,,אפונה 500 גרם,גרמים,500.00,100 גרם,false,1,5.80,1.16,true,1,
7290003643714,false,חומוס גרגירים 500 גרם סוגת,האי נאם סי או אל.טי.,,חומוס 500 גרם,גרמים,500.00,100 גרם,false,1,8.30,1.66,true,1,
7290003643738,false,סוגת חיטה 500 גרם,האי נאם סי או אל.טי.,,חיטה 500 גרם,גרמים,500.00,100 גרם,false,1,5.20,1.04,true,1,
7290003643745,false,סוגת כוסמת 500 גרם,האי נאם סי או אל.טי.,,כוסמת 500 גרם,גרמים,500.00,100 גרם,false,1,6.90,1.38,true,1,
7290003643752,false,עדשים ירוקים יבש סוגת 500 גר',האי נאם סי או אל.טי.,,עדשים ירוקים 500 גרם,גרמים,500.00,100 גרם,false,1,5.90,1.18,true,1,
7290003643769,false,עדשים אדומים יבש סוגת 500 גר',"סוגת תעשיות בע""\מ",,עדשים אדומים 500 גרם,גרמים,500.00,100 גרם,false,1,8.50,1.70,true,1,
7290003643776,false,"פופקורן גרעינים סוגת 500 ג' כשל""פ",האי נאם סי או אל.טי.,,פופקורן 500 גרם,גרמים,500.00,100 גרם,false,1,5.90,1.18,true,1,
7290003643806,false,שעועית לבנה יבשה סוגת 500 ג',האי נאם סי או אל.טי.,,שעועית לבנה 500 גרם,גרמים,500.00,100 גרם,false,1,11.80,2.36,true,1,
=======
7290003521166,false,"ד""ר פישר - סרקל קרם רוזמרין לילדים 325 מ""ל","פישר תעשיות פרמצביטות בע""מ",,קרם מתיר קשרים רוזמר,מיליליטרים,325.00,"100 מ""ל",false,1,29.70,9.14,true,1,
7290003570164,false,מינוט שווארמה פרגית 300 גרם ארוז בלדי,"בלדי בע""\מ",,מינוט שווארמה פרגית,גרמים,300.00,100 גרם,false,1,29.90,9.97,true,1,
7290003570171,false,מינוט שניצל 300 גרם ארוז בלדי,"בלדי בע""\מ",,מינוט שניצל 300 גרם,גרמים,300.00,100 גרם,false,1,24.90,8.30,true,1,
7290003570928,false,קבב בלדי קצביה ארוז קפוא 500ג',בלדי בעמ,,קבב 500 גרם,גרמים,500.00,100 גרם,false,1,29.50,5.90,true,1,
7290003578108,false,חתיכות אננס בסירופ קל וילי פוד (850 גרם),ג.וילי-פוד אינטרנשיונל בעמ,TH,חתיכות אננס בסירופ ק,גרמים,850.00,100 גרם,false,1,9.90,1.16,true,1,
7290003578313,false,דובדבנים ללא חרצנים ויליפוד 680 גרם,ג. וילי-פוד אינטרנשיונל בע`מ,,דובדבנים ללא חרצנים,גרמים,680.00,100 גרם,false,1,11.00,1.62,true,1,
7290003598311,false,דק דק אנטריקוט 300 גר` קפוא פרוס מינוט,"בלדי בע""\מ",IL,מינוט סטייק 300 גרם,גרמים,300.00,100 גרם,false,1,34.90,11.63,true,1,
7290003610112,false,צוואר בלי עצם טרי,,,צוואר בלי עצם טרי,Unknown,0.00,"ק""ג",true,0,59.90,59.90,true,1,
7290003610129,false,בשר טחון טרי לקבב/המבורגר,,,בשר טחון טרי,Unknown,0.00,"ק""ג",true,0,39.90,39.90,true,1,
7290003643004,false,אורז בסמטי קלאסי סוגת (1 קג),האי נאם סי או אל.טי.,,"אורז בסמטי 1 ק""ג",גרמים,1000.00,100 גרם,false,1,13.90,1.39,true,1,
7290003643134,false,סוכר וניל סוגת 100 גרם מארז 10 יחידות,גוד פוד פרודקטס S.p,,סוכר וניל 10*10 גרם,גרמים,100.00,100 גרם,false,1,3.00,3.00,true,1,
7290003643158,false,קורנפולר שקית 200 ג' סוגת,סוגת תעשיות בעמ,,קורנפלור 200 גרם,גרמים,200.00,100 גרם,false,1,3.50,1.75,true,1,
7290003643165,false,סוגת קורנפלור 500 גרם,סוגת תעשיות בעמ,,קורנפלור 500 גרם,גרמים,500.00,100 גרם,false,1,6.10,1.22,true,1,
7290003643172,false,סוגת אבקת סוכר 100 גרם,א.ל ייצור ושיווק תבל,,אבקת סוכר 100 גרם,גרמים,100.00,100 גרם,false,1,2.20,2.20,true,1,
7290003643325,false,קוסקוס בינוני סוגת (350 גרם),"אסיף תעשיות מזון בע""\מ",,קוסקוס בינוני 350 גר,גרמים,350.00,100 גרם,false,1,5.00,1.43,true,1,
7290003643387,false,סוכר לבן בצנצנת פלסטיק 1 ק`ג,האי נאם סי או אל.טי.,,"סוכר לבן בצנצנת 1 ק""",גרמים,1000.00,100 גרם,false,1,7.90,0.79,true,1,
7290003643646,false,"סוכר דמררה קלאסי בצנצנת סוגת 1 ק""ג",האי נאם סי או אל.טי.,,סוכר חום דמררה צנצנת,גרמים,1000.00,100 גרם,false,1,12.90,1.29,true,1,
7290003643684,false,אפונה יבשה סוגת 500 גר',האי נאם סי או אל.טי.,,אפונה 500 גרם,גרמים,500.00,100 גרם,false,1,5.80,1.16,true,1,
7290003643714,false,חומוס גרגירים 500 גרם סוגת,האי נאם סי או אל.טי.,,חומוס 500 גרם,גרמים,500.00,100 גרם,false,1,8.30,1.66,true,1,
7290003643738,false,חיטה סוגת (500 גרם),האי נאם סי או אל.טי.,,חיטה 500 גרם,גרמים,500.00,100 גרם,false,1,5.20,1.04,true,1,
7290003643745,false,כוסמת סוגת (500 גרם),האי נאם סי או אל.טי.,,כוסמת 500 גרם,גרמים,500.00,100 גרם,false,1,6.90,1.38,true,1,
7290003643752,false,עדשים ירוקים יבש סוגת 500 גר',האי נאם סי או אל.טי.,,עדשים ירוקים 500 גרם,גרמים,500.00,100 גרם,false,1,5.90,1.18,true,1,
7290003643806,false,שעועית לבנה יבשה סוגת (500 גרם),האי נאם סי או אל.טי.,,שעועית לבנה 500 גרם,גרמים,500.00,100 גרם,false,1,11.80,2.36,true,1,
>>>>>>> d048ac2f4f281c9d788043ab4e81b61b0dbe3743
7290003643813,false,שעועית אדומה יבשה סוגת 500 גר',האי נאם סי או אל.טי.,,שעועית אדומה 500 גרם,גרמים,500.00,100 גרם,false,1,12.50,2.50,true,1,
7290003643820,false,חומוס ענק יבש סוגת 500 גרם,"סוגת תעשיות בע""\מ",,חומוס ענק 500 גר,גרמים,500.00,100 גרם,false,1,10.40,2.08,true,1,
7290003713950,false,טרס פסוס סלסה מקסיקנ,"דוידוב סלמון בע""מ",IL,סלסה מקסיקנה 210 גרם,גרמים,200.00,100 גרם,false,1,19.50,9.75,true,1,
7290003726110,false,טופו אורגני בוואקום,Unknown,,טופו אורגני (רגיל) ב,גרמים,300.00,100 גרם,false,1,13.20,4.40,true,1,
<<<<<<< HEAD
7290003726141,false,טופו אמיתי כפרי בריא 300 גרם,ג'נרל מילס סאן אדריא,,טופו טבעי 300 גר,גרמים,320.00,100 גרם,false,1,11.90,3.72,true,1,
7290003726615,false,"טופו ויילר 300 גרם ""שטראוס""",הדקלאים אגודת שיתופי,,טופו וילר 300 גר,גרמים,300.00,100 גרם,false,1,11.90,3.97,true,1,
7290003726745,false,קציצות טופו עם סלק משק ויילר 400 גר,משק ויילר,,קציצות טופו עם סלק מ,גרמים,400.00,100 גרם,false,1,27.90,6.98,true,1,
7290003726868,false,טופו חומוס בתוספת עגבניות מיובשות 300 ג' משק ויילר,"משק ויילר בע""\מ",IL,טופו חומוס בתוספת עג,גרמים,300.00,100 גרם,false,1,13.90,4.63,true,1,
7290003744428,false,אובלטים+קימל שקית 300 גר,"ברט בע""מ",,אובלטים 300 גר קימל,גרמים,300.00,100 גרם,false,1,9.40,3.13,true,1,
7290003779086,false,סלרי ראש,,,סלרי ראש,Unknown,0.00,Unknown,false,1,3.99,3.99,true,1,
7290003779093,false,סלרי עלים,,,סלרי עלים,Unknown,0.00,Unknown,false,1,3.99,3.99,true,1,
7290003779116,false,שורש פטרוזיליה,,,שורש פטרוזיליה,Unknown,0.00,Unknown,false,1,3.99,3.99,true,1,
7290003781652,false,צלפים במי מלח וילי פוד 230 גרם,קריות זול,TR,צלפים 350 גרם,גרמים,350.00,100 גרם,false,1,11.00,3.14,true,1,
7290003804320,false,תיבולית שום ופטרוזיליה קנור 72 גרם,יוניליוור ישראל מזון בע\,,תיבולית שום קנור 72,גרמים,95.00,100 גרם,false,1,11.40,12.00,true,1,
7290003804382,false,"תיבוליות פטריות קנור 72 גרם בד""צ",יוניליוור ישראל מזון בע\,,תיבולית פטריות קנור,גרמים,72.00,100 גרם,false,1,11.40,15.83,true,1,
7290003805501,false,"פתית בסגנון שוודי תלמה בד""צ 300 גרם",יוניליוור ישראל מזון בע\,,פתית שוודי חסכוני בד,גרמים,300.00,100 גרם,false,1,16.90,5.63,true,1,
7290003805587,false,"פתית חיטה מלאה בד""צ 250 גרם-קופסא",יוניליוור ישראל מזון בע\,,"פתית חיטה מלאה בד""צ",גרמים,250.00,100 גרם,false,1,16.90,6.76,true,1,
7290003807482,false,קנור רוטב טריאקי מופחת נתרן 370 גרם,יוניליוור ישראל מזון בע\,,רוטב קנור טריאקי 30,מיליליטרים,300.00,"100 מ""ל",false,1,10.90,3.63,true,1,
7290003882922,false,עלי גפן ממולאים באורז וילי פוד 360 גרם,הזה פלאקספו פוד קו ב,,עלי גפן ממולאות באור,גרמים,400.00,100 גרם,false,1,8.90,2.23,true,1,
=======
7290003726141,false,טופו אמיתי כפרי בריא 300 גרם,מחלבות גד שיווק 1992 בעמ,,טופו טבעי 300 גר,גרמים,320.00,100 גרם,false,1,11.90,3.72,true,1,
7290003726479,false,טופו אורגני 1 קג כפ,,,טופו אורגני 1 קג כפ,גרמים,1000.00,100 גרם,false,1,42.90,4.29,true,1,
7290003726615,false,"טופו ויילר 300 גרם ""שטראוס""",שטראוס גרופ בעמ/מצונן,,טופו וילר 300 גר,גרמים,300.00,100 גרם,false,1,11.90,3.97,true,1,
7290003726745,false,קציצות טופו עם סלק משק ויילר 400 גר,קפוא-זן תעשיות מזון בעמ - תפוג,,קציצות טופו עם סלק מ,גרמים,400.00,100 גרם,false,1,27.90,6.98,true,1,
7290003726868,false,טופו חומוס בתוספת עגבניות מיובשות 300 ג' משק ויילר,שטראוס גרופ בעמ/מצונן,IL,טופו חומוס בתוספת עג,גרמים,300.00,100 גרם,false,1,13.90,4.63,true,1,
7290003744428,false,אובלטים מלוחים דקדקים קימל ברט (300 גרם),שוקוטרייד בעמ,,אובלטים 300 גר קימל,גרמים,300.00,100 גרם,false,1,9.40,3.13,true,1,
7290003779086,false,סלרי ראש,,,סלרי ראש,Unknown,0.00,Unknown,false,1,3.99,3.99,true,1,
7290003779093,false,סלרי עלים,,,סלרי עלים,Unknown,0.00,Unknown,false,1,3.99,3.99,true,1,
7290003779116,false,שורש פטרוזיליה,,,שורש פטרוזיליה,Unknown,0.00,Unknown,false,1,3.99,3.99,true,1,
7290003781652,false,צלפים במי מלח וילי פוד 230 גרם,ג. וילי-פוד אינטרנשיונל בע`מ,TR,צלפים 350 גרם,גרמים,350.00,100 גרם,false,1,11.00,3.14,true,1,
7290003804320,false,תיבולית שום ופטרוזיליה קנור 72 גרם,יוניליוור ישראל שיווק בע`מ,,תיבולית שום קנור 72,גרמים,95.00,100 גרם,false,1,11.40,12.00,true,1,
7290003804382,false,תיבוליות פטריות קנור (8 יח`- 72 גרם),יוניליוור ישראל שיווק בע`מ,,תיבולית פטריות קנור,גרמים,72.00,100 גרם,false,1,11.40,15.83,true,1,
7290003805501,false,"פתית בסגנון שוודי תלמה בד""צ 300 גרם",יוניליוור ישראל שיווק בע`מ,,פתית שוודי חסכוני בד,גרמים,300.00,100 גרם,false,1,16.90,5.63,true,1,
7290003805587,false,"פתית חיטה מלאה בד""צ 250 גרם-קופסא",יוניליוור ישראל שיווק בע`מ,,"פתית חיטה מלאה בד""צ",גרמים,250.00,100 גרם,false,1,16.90,6.76,true,1,
7290003807482,false,קנור רוטב טריאקי מופחת נתרן 370 גרם,יוניליוור ישראל שיווק בע`מ,,רוטב קנור טריאקי 30,מיליליטרים,300.00,"100 מ""ל",false,1,10.90,3.63,true,1,
7290003882922,false,עלי גפן ממולאים באורז וילי פוד 360 גרם,ג. וילי-פוד אינטרנשיונל בע`מ,,עלי גפן ממולאות באור,גרמים,400.00,100 גרם,false,1,8.90,2.23,true,1,
7290003896141,false,חטיף ספרדי פיקנטי אלמנדוס 200 גרם,הדקלאים אגודת שיתופי,,חטיף ספרדי פיקנטי אל,גרמים,200.00,100 גרם,false,1,10.90,5.45,true,1,
>>>>>>> d048ac2f4f281c9d788043ab4e81b61b0dbe3743
7290003976089,false,אקופרנד ג'ל כביסה 4 ליטר,סאסטרק,,גל כביסה למכונה 4 לי,ליטרים,0.00,ליטר,false,1,47.90,47.90,true,1,
7290003976119,false,אקופרנד נוזל כלים לבנדר ללא 750SLS מל,אקופרנד,,אקופרנד נוזל כלים לב,מיליליטרים,750.00,"100 מ""ל",false,1,14.90,1.99,true,1,
7290003976126,false,נוזל כלים לימון אלוורה ללא 750 SLS מל,אקופרנד,,נוזל כלים לימון אלוו,מיליליטרים,750.00,"100 מ""ל",false,1,14.90,1.99,true,1,
7290003976737,false,מרסס אקונומיקה מבושמת 1 ליטר טא'צ,סאסאטק,,מרסס אקונומיקה מבושמ,Unknown,0.00,Unknown,false,1,11.90,11.90,true,1,
<<<<<<< HEAD
7290003989096,false,סלט חצילים פיקנטי אחלה 500 גרם,מיוצר עי קונדיטוריית,,חציל פיקנטי אחלה 500,גרמים,500.00,100 גרם,false,1,15.50,3.10,true,1,
7290003989539,false,לורנצו רביולי במילוי גבינה,מיוצר עי קונדיטוריית,,רביולי גבינה 400 גר,גרמים,400.00,100 גרם,false,1,19.90,4.98,true,1,
7290003989553,false,פסטה טורטליני גבינה ופטריות 400 גרם,מיוצר עי קונדיטוריית,,טורטילני פטריות 400,גרמים,400.00,100 גרם,false,1,19.90,4.98,true,1,
7290004011284,false,ריצ בסיס להכנת קצפת 25% 212מל,ריצ' פרודקטס קורפריי,,בסיס הכנת קצפת 212 מ,מיליליטרים,212.00,"100 מ""ל",false,1,10.80,5.09,true,1,
7290004011338,false,"ספריי קצפת מתוקה מוכנה ריץ' 250 מ""ל",האי נאם סי או אל.טי.,,ריץ קצפת במיכל 250 ג,גרמים,250.00,100 גרם,false,1,9.90,3.96,true,1,
7290004011796,false,קבבונים בקר קפוא אל גאוצ''ו 400ג',"טיבון ויל אחזקות בע""",,קבבונים אל גאוצו 400,גרמים,400.00,100 גרם,false,1,23.90,5.98,true,1,
7290004011802,false,נקניקיות צ'וריסוס אל גאוצ'ו 400 גר',טיבון ויל אחזקות בעמ,,צוריסוס אל גאוצו 400,גרמים,400.00,100 גרם,false,1,23.90,5.98,true,1,
7290004011819,false,המבורגר ריב אנטריקוט אל גאוצ'ו 360 גרם,האי נאם סי או אל.טי.,,המבורגר ריב אנט 360,גרמים,360.00,100 גרם,false,1,23.90,6.64,true,1,
7290004011826,false,מיני המבורגר ריב אנטריקוט,טיבון ויל אחזקות בעמ,,מיני המבורגר ריב אנט,גרמים,360.00,100 גרם,false,1,23.90,6.64,true,1,
7290004030445,false,מיץ תפוזים סחוט רכיבים טבעיים 1 ליטר פרי ניב,הנסיך- מפעל לייצור ט,,מיץ תפוזים 1 ליטר,מיליליטרים,1000.00,"100 מ""ל",false,1,14.80,1.48,true,1,
7290004030834,false,מיץ רימונים סחוט 100% רכיבים טבעיים פרי ניב 1 ליטר,פריניב בעמ,,סחוט טרי רימונים 1ל,מיליליטרים,1000.00,"100 מ""ל",false,1,28.90,2.89,true,1,
7290004033736,false,"עננים לחם לבן בסגנון בריוש עם פרוסות עבות, 500 גרם",מאפית י את א ברמן בע,IL,לחם עננים בסגנון ברי,גרמים,750.00,100 גרם,false,1,16.50,2.20,true,1,
7290004048679,false,"קובה למרק שלושת האופים 1 ק""ג","שלושת האופים בע""\מ",,"קובה למרק 1 ק""ג",קילוגרמים,1.00,"ק""ג",false,1,22.90,22.90,true,1,
=======
7290003976768,false,"מרסס מסיר כתמים אוקסי פאואר 750 מ""ל טאצ'",,,מרסס מסיר כתמים אוקס,Unknown,0.00,Unknown,false,1,14.90,14.90,true,1,
7290003989096,false,סלט חצילים פיקנטי אחלה 500 גרם,שטראוס גרופ בעמ/מצונן,,חציל פיקנטי אחלה 500,גרמים,500.00,100 גרם,false,1,15.50,3.10,true,1,
7290003989539,false,רביולי עם גבינה שטראוס (400 גרם),שטראוס גרופ בעמ/מצונן,,רביולי גבינה 400 גר,גרמים,400.00,100 גרם,false,1,19.90,4.98,true,1,
7290003989553,false,פסטה טורטליני גבינה ופטריות 400 גרם,שטראוס גרופ בעמ/מצונן,,טורטילני פטריות 400,גרמים,400.00,100 גרם,false,1,19.90,4.98,true,1,
7290004011284,false,בסיס להכנת קצפת צמחי ריץ` (212 מל),ריצ' פרודקטס קורפריי,,בסיס הכנת קצפת 212 מ,מיליליטרים,212.00,"100 מ""ל",false,1,10.80,5.09,true,1,
7290004011338,false,קצפת מתוקה מוכנה ספריי ריץ` (250 מל),נטו מלינדה סחר בע`מ,,ריץ קצפת במיכל 250 ג,גרמים,250.00,100 גרם,false,1,9.90,3.96,true,1,
7290004011796,false,קבבונים בקר קפוא אל גאוצ''ו 400ג',"טיבון ויל אחזקות בע""",,קבבונים אל גאוצו 400,גרמים,400.00,100 גרם,false,1,23.90,5.98,true,1,
7290004011802,false,נקניקיות צ'וריסוס אל גאוצ'ו 400 גר',טיבון ויל אחזקות בעמ,,צוריסוס אל גאוצו 400,גרמים,400.00,100 גרם,false,1,23.90,5.98,true,1,
7290004011826,false,מיני המבורגר ריב אנטריקוט אל גאוצ`ו 360,טיבון ויל אחזקות בעמ,,מיני המבורגר ריב אנט,גרמים,360.00,100 גרם,false,1,23.90,6.64,true,1,
7290004030018,false,"פריניב מיץ לימון סחוט פרי לתיבול 500 מ""ל",הנסיך- מפעל לייצור ט,,מיץ לימון 100% סחוט,מיליליטרים,500.00,"100 מ""ל",false,1,7.50,1.50,true,1,
7290004030445,false,מיץ תפוזים סחוט רכיבים טבעיים 1 ליטר פרי ניב,הנסיך- מפעל לייצור ט,,מיץ תפוזים 1 ליטר,מיליליטרים,1000.00,"100 מ""ל",false,1,14.80,1.48,true,1,
7290004030544,false,משקה בטעם לימונדה לואיזה ולימון 1 ליטר פריניב,תנובה - פריניב,,משקה קל לימונענע 1 ל,מיליליטרים,1000.00,"100 מ""ל",false,1,14.90,1.49,true,1,
7290004030834,false,מיץ רימונים סחוט 100% רכיבים טבעיים פרי ניב 1 ליטר,תנובה - פריניב,,סחוט טרי רימונים 1ל,מיליליטרים,1000.00,"100 מ""ל",false,1,28.90,2.89,true,1,
7290004033736,false,"עננים לחם לבן בסגנון בריוש עם פרוסות עבות, 500 גרם",מאפית י את א ברמן בע,IL,לחם עננים בסגנון ברי,גרמים,750.00,100 גרם,false,1,16.50,2.20,true,1,
7290004048679,false,קובה למרק שלושת האופים(כ 18 יח`- 1 קג),נטו מלינדה סחר בעמ,,"קובה למרק 1 ק""ג",קילוגרמים,1.00,"ק""ג",false,1,22.90,22.90,true,1,
7290004050788,false,נקניק בייקון 170 גרם,ישרקו שיווק מותגי מז,,בייקון 170 גר,גרמים,170.00,100 גרם,false,1,49.90,29.35,true,1,
>>>>>>> d048ac2f4f281c9d788043ab4e81b61b0dbe3743
7290004050856,false,סלמי מילאנו פרוס 170 גר,ישרקו שיווק מותגי מז,,סלמי מילאנו פרוס 170,גרמים,170.00,100 גרם,false,1,33.90,19.94,true,1,
7290004050863,false,סלמי הרץ פרוס 170 גר,ישרקו שיווק מותגי מז,,סלמי הרץ 170 גר,גרמים,170.00,100 גרם,false,1,32.90,19.35,true,1,
7290004050870,false,שינקן פולני פרוס 200 גר,,,שינקן פולני פרוס 200,גרמים,200.00,100 גרם,false,1,32.90,16.45,true,1,
7290004050887,false,נקניק פרושוטו 120 גר,ישרקו שיווק מותגי מז,,פרושוטו 120 גר,גרמים,120.00,100 גרם,false,1,39.90,33.25,true,1,
7290004050948,false,סלמי כפרית פרוס 170 גר,ישרקו שיווק מותגי מז,,סלמי כפרית פרוס 170,גרמים,170.00,100 גרם,false,1,34.90,20.53,true,1,
7290004050955,false,פטה כבד עוף 170 גר י,ישרקו שיווק מותגי מז,,פטה כבד עוף 170 גר,גרמים,170.00,100 גרם,false,1,16.90,9.94,true,1,
7290004050986,false,רו בייקון פרוס 170 ג,ישרקו שיווק מותגי מז,,רו בייקון 170 גר,גרמים,170.00,100 גרם,false,1,57.90,34.06,true,1,
7290004051044,false,סלמי הונגרי פרוס 170גר,ישרקו שיווק מותגי מז,,סלמי הונגרי פרוס 170,גרמים,170.00,100 גרם,false,1,34.90,20.53,true,1,
7290004051068,false,שינקן מעושן פרוס 200 גר,,,שינקן מעושן פרוס 200,גרמים,200.00,100 גרם,false,1,31.90,15.95,true,1,
7290004051136,false,סלמי צרפתי פרוס 170 גר,ישרקו שיווק מותגי מז,,סלמי צרפתי פרוס,גרמים,170.00,100 גרם,false,1,34.90,20.53,true,1,
7290004051150,false,נקניק סלמי רו סרוולט,ישרקו שיווק מותגי מז,,סלמי רו סרוולט 170 ג,גרמים,170.00,100 גרם,false,1,34.90,20.53,true,1,
7290004051167,false,נקניק סלמי ברזאולה,,,ברזאולה 120 גר,גרמים,120.00,100 גרם,false,1,48.90,40.75,true,1,
7290004051334,false,נקניק סלמי פפרוני עג,ישרקו שיווק מותגי מז,,פפרוני עגל 170 גר,גרמים,170.00,100 גרם,false,1,30.90,18.18,true,1,
7290004051365,false,נקניק סלמי קרפצו 120,ישרקו שיווק מותגי מז,,קרפצו 120 גר,גרמים,120.00,100 גרם,false,1,35.90,29.92,true,1,
7290004051419,false,ממרח כבד מיני 220 גר,ישרקו שיווק מותגי מז,,ממרח כבד מיני 220 גר,גרמים,220.00,100 גרם,false,1,18.90,8.59,true,1,
7290004051792,false,נקניקיות קוקטייל 900 גר,ישרקו שיווק מותגי מז,,נקניקיות קוקטייל 900,גרמים,900.00,100 גרם,false,1,53.90,5.99,true,1,
7290004052041,false,קבנוס קלאסי יחידה,ישרקו שיווק מותגי מז,,קבנוס קלאסי 210 גר,גרמים,210.00,100 גרם,false,1,29.90,14.24,true,1,
7290004052225,false,חזה הודו מעושן בגריל 200 גר,ישרקו שיווק מותגי מז,,חזה הודו מעושן בגריל,גרמים,200.00,100 גרם,false,1,21.90,10.95,true,1,
7290004052690,false,נקניקיות פרגית 600 גר,ישרקו שיווק מותגי מז,,נקניקיות פרגית 600 ג,גרמים,600.00,100 גרם,false,1,22.90,3.82,true,1,
7290004053192,false,נקניקיות עגל בוואקום,,,נקניקיות עגל 600 גר,גרמים,600.00,100 גרם,false,1,26.90,4.48,true,1,
7290004053291,false,קרפלך עגל בטעם ביתי 600 גר,,,קרפלך עגל בטעם ביתי,גרמים,600.00,100 גרם,false,1,21.90,3.65,true,1,
7290004053888,false,רוסטביף 200 גר,,,רוסטביף 200 גר,גרמים,200.00,100 גרם,false,1,49.90,24.95,true,1,
7290004054236,false,גיוזה עוף 320 גרם,,,גיוזה עוף 320 גר,גרמים,320.00,100 גרם,false,1,35.90,11.22,true,1,
7290004054267,false,נקניקיות פרנקפורטר 900 גר,ישרקו שיווק מותגי מז,,נקניקיות פרנקפורטר,גרמים,900.00,100 גרם,false,1,54.90,6.10,true,1,
7290004054809,false,כתף בקר מעושנת 200 גר,,,כתף בקר מעושנת 200 ג,גרמים,200.00,100 גרם,false,1,29.90,14.95,true,1,
7290004054885,false,נקניקיות איטלקיות עם גבינה 400 גר,ישרקו שיווק מותגי מז,,נקניקיות איטלקיות עם,גרמים,400.00,100 גרם,false,1,28.90,7.23,true,1,
7290004055745,false,נקניקיות סליווצניה 600 גר,,,נקניקיות סליווצניה,גרמים,600.00,100 גרם,false,1,32.90,5.48,true,1,
7290004063016,false,מלח שולחן מעולה סלית (1 קג)פיקוח,האי נאם סי או אל.טי.,,"מלח דק 1 ק""ג",גרמים,1000.00,100 גרם,false,1,2.07,0.21,true,1,
7290004063115,false,"מלח מטבח עבה להמלחת בשר ובישול 1 ק""ג 1ק""ג",האי נאם סי או אל.טי.,,"מלח מטבח גס 1 ק""ג",גרמים,1000.00,100 גרם,false,1,2.07,0.21,true,1,
7290004064099,false,מטחנה מלח ים מהרי ההימלאיה מלח הארץ 100 גרם,"חברת מלח הארץ אילת בע""\מ",,מטחנה מלח מהרי ההימל,גרמים,250.00,100 גרם,false,1,18.80,7.52,true,1,
7290004064174,false,"תבלין מלח ההימלאיה דק בצנצנת 1 ק""ג","חברת מלח הארץ אילת בע""\מ",,מלח הימלאיה דק בצנצנ,גרמים,1000.00,100 גרם,false,1,19.80,1.98,true,1,
7290004064181,false,"תבלין מלח ההימלאיה גס בצנצנת 1 ק""ג","חברת מלח הארץ אילת בע""\מ",,מלח הימלאיה גס בצנצנ,גרמים,1000.00,100 גרם,false,1,19.80,1.98,true,1,
7290004064297,false,"מלח מועשר ביוד בצנצנת מלח הארץ 1 ק""ג","חברת מלח הארץ אילת בע""\מ",IL,מלח מועשר ביוד בצנצנ,גרמים,1000.00,100 גרם,false,1,10.90,1.09,true,1,
7290004064303,false,מלח אטלנטי בצנצנת מלח הארץ 800 גרם,"חברת מלח הארץ אילת בע""\מ",IL,מלח אטלנטי בצנצנת מל,גרמים,800.00,100 גרם,false,1,22.90,2.86,true,1,
7290004064358,false,"מלח דק זורם בקלות מלח הארץ קרטון 1 ק""ג","חברת מלח הארץ אילת בע""\מ",IL,מלח דק זורם בקלות מל,גרמים,1000.00,100 גרם,false,1,4.90,0.49,true,1,
7290004064389,false,מלח הימלאיה דק 250ג מלחיה סוגת*,"חברת מלח הארץ אילת בע""\מ",,מלח הימלאיה דק 250,גרמים,250.00,100 גרם,false,1,11.90,4.76,true,1,
7290004067045,false,קונפיטורת חמוציות בוודקה 360 גר בית יצחק,מוצרים טבעיים בית יצחק,,קונפיטורת חמוציות בו,גרמים,360.00,100 גרם,false,1,27.40,7.61,true,1,
7290004067953,false,"מעדן גויאבה ללת""ס 100% פרי 284 גר",,,"מעדן גויאבה ללת""ס 1",גרמים,284.00,100 גרם,false,1,17.90,6.30,true,1,
<<<<<<< HEAD
7290004068011,false,יוגורט כבשים בדלי 5% שומן 600 ג' גד,"מיוצר ע""י קוד יצרן M",,יוגורט כבשים 600 גר,גרמים,600.00,100 גרם,false,1,17.20,2.87,true,1,
7290004068028,false,"יוגורט צזיקי לשתיה 3.5% 500 מ""ל רובין",מיוצר על ידי קוד יצר,,ציזקי 3.5% 500 מל,גרמים,500.00,100 גרם,false,1,9.20,1.84,true,1,
7290004068035,false,"איירן יוגורט לשתייה 3% גד 500 מ""ל","מיוצר ע""י קוד יצרן M",,"יוגורט איירן 500 מ""ל",מיליליטרים,500.00,"100 מ""ל",false,1,8.00,1.60,true,1,
7290004068172,false,"יוגורט עיזים בדלי 5% 600 מ""ל רובין",קוד יצרן MKN,,יוגורט עיזים דלי 600,גרמים,600.00,100 גרם,false,1,17.30,2.88,true,1,
=======
7290004068011,false,יוגורט כבשים בדלי 5% שומן 600 ג' גד,מחלבות גד שיווק 1992 בעמ,,יוגורט כבשים 600 גר,גרמים,600.00,100 גרם,false,1,17.20,2.87,true,1,
7290004068028,false,"יוגורט צזיקי לשתיה 3.5% 500 מ""ל רובין",מחלבות גד שיווק 1992 בעמ,,ציזקי 3.5% 500 מל,גרמים,500.00,100 גרם,false,1,9.20,1.84,true,1,
7290004068035,false,"איירן יוגורט לשתייה 3% גד 500 מ""ל",מחלבות גד שיווק 1992 בעמ,,"יוגורט איירן 500 מ""ל",מיליליטרים,500.00,"100 מ""ל",false,1,8.00,1.60,true,1,
7290004068172,false,"יוגורט עיזים בדלי 5% 600 מ""ל רובין",מחלבות גד שיווק 1992 בעמ,,יוגורט עיזים דלי 600,גרמים,600.00,100 גרם,false,1,17.30,2.88,true,1,
>>>>>>> d048ac2f4f281c9d788043ab4e81b61b0dbe3743
7290004078270,false,נוזל לניקוי כלים בריח לימון פלמוליב 1 ליטר,יבואן ומשווק: ש. שסט,,פלמוליב צילינדר 1 לי,מיליליטרים,1000.00,"100 מ""ל",false,1,16.20,1.62,true,1,
7290004078690,false,"אגקס נוזל לניקוי אסלות מרענן 750 מ""ל",הנסיך- מפעל לייצור ט,,אגקס שירותים רענן זו,מיליליטרים,750.00,"100 מ""ל",false,1,17.70,2.36,true,1,
7290004119133,false,כד יוגורט תנובה 6.5% שומן 1.5 ליטר,מיוצר עי קונדיטוריית,,יוגורט 7% 1.5 ליטר,ליטרים,0.00,ליטר,false,1,17.30,17.30,true,1,
7290004119225,false,יופלה יוגורט בטעם אננס %3 150 גרם,תנובה מרכז שיתופי לש,,יופלה אננס 3% 150 גר,גרמים,150.00,100 גרם,false,1,5.00,3.33,true,1,
7290004119928,false,מעדן חלב בטעם וניל 2% קרלו תנובה 125 גרם,מחלבת אלון תבור,,קרלו וניל 125 גרם,גרמים,125.00,100 גרם,false,1,2.90,2.32,true,1,
7290004119973,false,קרלו מעדן שוקו רביעיה גביע 1.5% 125 גרם,תנובה מרכז שיתופי לש,,קרלו שוקו 125 גרם,גרמים,125.00,100 גרם,false,1,2.90,2.32,true,1,
7290004120061,false,מעדן חלב בטעם שוקו וניל שוניל 2% קרלו 125 גרם,תנובה מרכז שיתופי לש,,קרלו שוניל 3% 125 גר,גרמים,125.00,100 גרם,false,1,3.20,2.56,true,1,
7290004120108,false,יופלה דיאט יוגורט דובדבן %0 גביע 150גרם,תנובה מרכז שיתופי לש,,דיאט יופלה דובדבן 15,גרמים,150.00,100 גרם,false,1,5.00,3.33,true,1,
<<<<<<< HEAD
7290004120566,false,פיראוס 24% גבינה בולגרית 250 גרם,תנובה חלב,,גבינה בולגרית פיראוס,גרמים,250.00,100 גרם,false,1,23.70,9.48,true,1,
7290004120573,false,פיראוס 16% גבינה בולגרית 250 גרם,תנובה מרכז שיתופי לש,,גבינה בולגרית פיראוס,גרמים,250.00,100 גרם,false,1,17.90,7.16,true,1,
7290004120634,false,גבינה פיראוס בולגרית 5% 250 גרם,תנובה מרכז שיתופי לש,,גבינה פיראוס בולגרית,גרמים,250.00,100 גרם,false,1,17.90,7.16,true,1,
7290004121488,false,יופלה דיאט אפרסק 0% גביע 150 גרם,תנובה מרכז שיתופי לש,,דיאט יופלה אפרסק 150,מיליליטרים,150.00,"100 מ""ל",false,1,5.00,3.33,true,1,
7290004121525,false,יופלה מאגדת פרי 4 תות 4 אפרסק 3% 8 יח'*150 ג',תנובה מרכז שיתופי לש,,מאגדת 8 יופלה אפרסק,ליטרים,0.00,ליטר,false,1,29.90,29.90,true,1,
7290004121839,false,גבינת פטה כבשים 20% פיראוס 250 גרם,תנובה מרכז שיתופי לש,,גבינה פטה פיראוס 250,גרמים,250.00,100 גרם,false,1,26.80,10.72,true,1,
7290004121853,false,גבינה בולגרית פיראוס 5% קוביות 200 גרם,תנובה מרכז שיתופי לש,,גבינה בולגרית פיראוס,גרמים,200.00,100 גרם,false,1,21.50,10.75,true,1,
7290004122119,false,פתיתי פרמזן לפסטה 23% השף הלבן 100 גרם,פ.פ.ח. שאביט,IL,פתיתי פרמזן לפסטה הש,גרמים,220.00,100 גרם,false,1,12.20,5.55,true,1,
7290004122195,false,גוש חלב גבינה צהובה פרוסה 28% תנובה 200 גרם,תנובה חלב,,גבינה צהובה גוש חלב,גרמים,200.00,100 גרם,false,1,13.80,6.90,true,1,
=======
7290004120566,false,גבינה בולגרית (25024% גרם)פיראוס תנובה,"תנובה בע""מ ***",,גבינה בולגרית פיראוס,גרמים,250.00,100 גרם,false,1,23.70,9.48,true,1,
7290004120573,false,גבינה בולגרית (25016% גרם)פיראוס תנובה,תנובה מרכז שיתופי לש,,גבינה בולגרית פיראוס,גרמים,250.00,100 גרם,false,1,17.90,7.16,true,1,
7290004120634,false,גבינה בולגרית (2505% גרם)פיראוס תנובה,תנובה מרכז שיתופי לש,,גבינה פיראוס בולגרית,גרמים,250.00,100 גרם,false,1,17.90,7.16,true,1,
7290004121488,false,יוגורט ביו דיאט 0% אפרסק יופלה (150 גרם),תנובה מרכז שיתופי לש,,דיאט יופלה אפרסק 150,מיליליטרים,150.00,"100 מ""ל",false,1,5.00,3.33,true,1,
7290004121525,false,יופלה מאגדת פרי 4 תות 4 אפרסק 3% 8 יח'*150 ג',תנובה מרכז שיתופי לש,,מאגדת 8 יופלה אפרסק,ליטרים,0.00,ליטר,false,1,29.90,29.90,true,1,
7290004121839,false,גבינת פטה כבשים (25020% גרם)פיראוס בול,תנובה מרכז שיתופי לש,,גבינה פטה פיראוס 250,גרמים,250.00,100 גרם,false,1,26.80,10.72,true,1,
7290004121853,false,גבינה בולגרית קוביות (2005% גרם)פיראוס,תנובה מרכז שיתופי לש,,גבינה בולגרית פיראוס,גרמים,200.00,100 גרם,false,1,21.50,10.75,true,1,
7290004122119,false,פתיתי פרמזן לפסטה 23% השף הלבן 100 גרם,"תנובה בע""מ ***",IL,פתיתי פרמזן לפסטה הש,גרמים,220.00,100 גרם,false,1,12.20,5.55,true,1,
7290004122195,false,גוש חלב גבינה צהובה פרוסה 28% תנובה 200 גרם,"תנובה בע""מ ***",,גבינה צהובה גוש חלב,גרמים,200.00,100 גרם,false,1,13.80,6.90,true,1,
>>>>>>> d048ac2f4f281c9d788043ab4e81b61b0dbe3743
7290004122270,false,עמק קלאסית פרוסות גבינה חצי קשה 28% 200 גרם,תנובה מרכז שיתופי לש,,גבינה עמק פרוס בקופס,גרמים,200.00,100 גרם,false,1,15.80,7.90,true,1,
7290004122348,false,גבינה צהובה מופחתת שומן 9% עמק (200 גרם),תנובה מרכז שיתופי לש,,גבינת עמק לייט פרוס,גרמים,200.00,100 גרם,false,1,16.60,8.30,true,1,
7290004122676,false,גבינה חמד לייט (2505% גרם)פיראוס תנובה,"תנובה,מחלבת טנא נוגה",,חמד לייט 5% גביע 250,גרמים,250.00,100 גרם,false,1,18.50,7.40,true,1,
7290004122683,false,עמק חטיף אצבעות גבינה חצי קשה 28% שומן,תנובה מרכז שיתופי לש,,אצבעות עמק 172 גר,גרמים,172.00,100 גרם,false,1,16.40,9.53,true,1,
7290004124205,false,יופלה דיאט יוגורט תות %0 גביע 150 גרם,תנובה מרכז שיתופי לש,,דיאט יופלה תות 150 ג,גרמים,150.00,100 גרם,false,1,5.00,3.33,true,1,
7290004125370,false,"שמנת חמוצה 9% מופחתת שומן תנובה 200 מ""ל מהדרין",תנובה מרכז שיתופי לש,,שמנת חמוצה מופחתת שו,מיליליטרים,200.00,"100 מ""ל",false,1,3.50,1.75,true,1,
7290004125400,false,"אשל שלי מהדרין 200 מ""ל 4.5% ""תנובה""- מוצר בפיקוח",פארייפאבה אגרואינדוס,,"שלי אשל 200 מ""ל",מיליליטרים,200.00,"100 מ""ל",false,1,1.61,0.81,true,1,
7290004125417,false,"גיל 3% שלי 200 מ""ל ""תנובה"" -מוצר בפיקוח",תנובה מרכז שיתופי לש,,"שלי גיל 200 מ""ל",מיליליטרים,200.00,"100 מ""ל",false,1,1.44,0.72,true,1,
7290004125455,false,"שמנת חמוצה 200 מ""ל 15% ""תנובה"" -מוצר בפיקוח",תנובה מרכז שיתופי לש,,שמנת חמוצה 15% 200 מ,גרמים,200.00,100 גרם,false,1,2.28,1.14,true,1,
7290004125462,false,"שמנת חמוצה 15% תנובה 500 מ""ל מהדרין",תנובה מרכז שיתופי לש,,שמנת חמוצה 15% 500 מ,מיליליטרים,500.00,"100 מ""ל",false,1,5.70,1.14,true,1,
7290004125509,false,"שמנת חמוצה 15% מועשרת תנובה 100 מ""ל",תנובה מרכז שיתופי לש,,"שמנת חמוצה 100 מ""ל",מיליליטרים,100.00,"100 מ""ל",false,1,1.70,1.70,true,1,
7290004125578,false,משקה סויה מעושר בסידן תנובה 1ל',תנובה מרכז שיתופי לש,,משקה סויה מועשר 1 לי,מיליליטרים,1000.00,"100 מ""ל",false,1,10.90,1.09,true,1,
7290004125585,false,משקה סויה בטעם וניל תנובה 1 ליטר,תנובה מרכז שיתופי לש,,משקה סויה על הבוקר 1,מיליליטרים,1000.00,"100 מ""ל",false,1,10.90,1.09,true,1,
7290004125721,false,"השף הלבן שמנת עמידה לבישול 15% תנובה 250 מ""ל",תנובה מרכז שיתופי לש,,שמנת לבישול 15% השף,גרמים,250.00,100 גרם,false,1,8.30,3.32,true,1,
7290004125738,false,שמנת מתוקה להקצפה32% 250מל עמיד השף הלבן,תנובה מרכז שיתופי לש,,שמנת מתוקה להקצפה 32,גרמים,250.00,100 גרם,false,1,6.50,2.60,true,1,
<<<<<<< HEAD
7290004125776,false,גבינה צהובה עמק 28% 400 גרם בקופסא,תנובה חלב,,עמק פרוס בקופסה 400ג,גרמים,400.00,100 גרם,false,1,27.80,6.95,true,1,
=======
7290004125776,false,גבינה צהובה קלאסית 28% עמק (400 גרם),"תנובה בע""מ ***",,עמק פרוס בקופסה 400ג,גרמים,400.00,100 גרם,false,1,27.80,6.95,true,1,
>>>>>>> d048ac2f4f281c9d788043ab4e81b61b0dbe3743
7290004126674,false,טל העמק פרוסות גבינה חצי קשה לייט %9 200 גרם בקופסא,תנובה מרכז שיתופי לש,,טל העמק לייט 200 גרם,גרמים,200.00,100 גרם,false,1,18.50,9.25,true,1,
7290004126872,false,משקאות חלב תנובה שוקו בקבוק 250מל,תנובה - חלב,,שוקו שוק בקבוק 250 מ,גרמים,250.00,100 גרם,false,1,6.10,2.44,true,1,
7290004127077,false,קוטג תנובה 3% גביע 250 גרם מהדרין,מיוצר עי קונדיטוריית,,קוטג 3% 250 גרם,גרמים,250.00,100 גרם,false,1,5.50,2.20,true,1,
7290004127329,false,קוטג תנובה גביע 250 גרם %5 ו.מהדרין,מיוצר עי קונדיטוריית,,גבינת קוטג 5% 250 גר,גרמים,250.00,100 גרם,false,1,5.50,2.20,true,1,
7290004127336,false,קוטג תנובה גביע 250 גרם %9 ו.מהדרין,מיוצר עי קונדיטוריית,,גבינת קוטג 9% 250 גר,גרמים,250.00,100 גרם,false,1,5.50,2.20,true,1,
7290004127800,false,"גבינה לבנה 500 גרם 5% ""תנובה"" -מוצר בפיקוח",מיוצר עי קונדיטוריית,,גבינה לבנה למריחה 5%,גרמים,500.00,100 גרם,false,1,9.50,1.90,true,1,
7290004127817,false,גבינה לבנה 9% שומן 500 ג' תנובה,מיוצר עי קונדיטוריית,,גבינה למריחה 9% 500,גרמים,500.00,100 גרם,false,1,9.50,1.90,true,1,
7290004127862,false,"גבינה לבנה 750 גרם 5% ""תנובה"" - מוצר בפיקוח",תנובה מרכז שיתופי לש,,גבינה למריחה 5% 750,גרמים,750.00,100 גרם,false,1,14.25,1.90,true,1,
<<<<<<< HEAD
7290004128333,false,לאבנה על בסיס יוגורט %9 שומן 500 ג' פיראוס,תנובה חלב,,גבינה לאבנה 9% 500 ג,גרמים,500.00,100 גרם,false,1,19.50,3.90,true,1,
7290004128432,false,פתיתים מיוחדים לפיצה על בסיס גבינה 500 ג',תנובה חלב,,פתיתים מיוחדים לפיצה,גרמים,500.00,100 גרם,false,1,21.90,4.38,true,1,
=======
7290004128333,false,לאבנה על בסיס יוגורט %9 שומן 500 ג' פיראוס,תנובה בעמ ***,,גבינה לאבנה 9% 500 ג,גרמים,500.00,100 גרם,false,1,19.50,3.90,true,1,
7290004128432,false,פתיתים מיוחדים לפיצה על בסיס גבינה 500 ג',תנובה - חלב,,פתיתים מיוחדים לפיצה,גרמים,500.00,100 גרם,false,1,21.90,4.38,true,1,
>>>>>>> d048ac2f4f281c9d788043ab4e81b61b0dbe3743
7290004129101,false,גבינת שמנת 25% בטעם טבעי 225 ג' נפוליאון,תנובה מרכז שיתופי לש,,נפוליאון טבעי 225 גר,גרמים,225.00,100 גרם,false,1,13.90,6.18,true,1,
7290004129156,false,גבינת שמנת25% עם שום שמיר 225 ג' נפוליאון,תנובה מרכז שיתופי לש,,נפוליאון שום שמיר 22,גרמים,225.00,100 גרם,false,1,13.90,6.18,true,1,
7290004129767,false,"3% 'יופלה לבן מארז שמינייה 1.2 ק""ג",תנובה מרכז שיתופי לש,,שמיניית יופלה לבן,ליטרים,0.00,ליטר,false,1,17.30,17.30,true,1,
7290004130794,false,משקה סויה במתיקות מופחתת תנובה (1 ליטר),תנובה מרכז שיתופי לש,,משקה סויה טבעי מתיקו,מיליליטרים,1000.00,"100 מ""ל",false,1,9.90,0.99,true,1,
7290004130916,false,יוגורט יופלה פירות יער בשמנת 3% 150 גרם,תנובה מרכז שיתופי לש,,יופלה פירות יער בשמנ,גרמים,150.00,100 גרם,false,1,5.00,3.33,true,1,
7290004131074,false,"חלב 1 ליטר 3% קרטון ""תנובה""- מוצר בפיקוח",תנובה מרכז שיתופי לש,,חלב קרטון+פקק 3% תנו,מיליליטרים,1000.00,"100 מ""ל",false,1,5.94,0.59,true,1,
7290004131432,false,יוגורט יופלה לבן ביו 3% 200 גרם,מיוצר עי קונדיטוריית,,יופלה לבן 3% 200 גר,גרמים,200.00,100 גרם,false,1,3.90,1.95,true,1,
7290004131814,false,גבינת צפתית מעודנת (2005% גרם)פיראוס ת,פארייפאבה אגרואינדוס,,פיראוס צפתית מעודנת,גרמים,200.00,100 גרם,false,1,14.90,7.45,true,1,
7290004132552,false,משקה סויה בטעם טבעי לייט תנובה 1 ליטר,תנובה מרכז שיתופי לש,,דיאט סויה טבעי 1 ליט,מיליליטרים,1000.00,"100 מ""ל",false,1,10.90,1.09,true,1,
7290004132712,false,חטיף אצבעות גבינת מוצרלה 20% 172 ג' עמק,תנובה מרכז שיתופי לש,,אצבעות מוצרלה 172 גר,גרמים,172.00,100 גרם,false,1,16.40,9.53,true,1,
7290004133511,false,יופלה מאגדת לבן 1.5% מעודן 8 יח' * 150 ג',מיוצר עי קונדיטוריית,,יופלה לבן שמינייה,ליטרים,0.00,ליטר,false,1,20.40,20.40,true,1,
7290004135225,false,מעדן חלב דל קלוריות בטעם שוקולד 0.2שומ,תנובה מרכז שיתופי לש,,מעדן שוקולד דיאט 0%,מיליליטרים,150.00,"100 מ""ל",false,1,4.30,2.87,true,1,
7290004135614,false,גבינה בולגרית מעודנת 5% פיראוס 250 גרם,"תנובה בע""מ ***",,פיראוס בולגרית מעודנ,גרמים,250.00,100 גרם,false,1,21.90,8.76,true,1,
7290004136598,false,מארז הפסקת אוכל עם קורנפלקס ומשקה חלב עמיד בטעם וניל,פארייפאבה אגרואינדוס,,מארז הפסקת אוכל-חלב,גרמים,250.00,100 גרם,false,1,9.90,3.96,true,1,
7290004136857,false,מעדן ג`לי בטעם פטל תנובה (125 גרם),תנובה מרכז שיתופי לש,,גלי פטל 125גר,גרמים,125.00,100 גרם,false,1,2.70,2.16,true,1,
7290004136864,false,מעדן ג'לי בטעם אננס עם חתיכות תנובה 125 גרם,תנובה בעמ ***,,גלי אננס עם חתיכות א,גרמים,125.00,100 גרם,false,1,3.10,2.48,true,1,
7290004136871,false,מעדן ג'לי בטעם אפרסק עם חתיכות תנובה 125 גרם,תנובה מרכז שיתופי לש,,גלי אפרסק עם חתיכות,גרמים,150.00,100 גרם,false,1,3.10,2.07,true,1,
7290004137021,false,"שמנת עמידה לבישול מופחת שומן 10% השף הלבן 250 מ""ל",תנובה מרכז שיתופי לש,,שמנת לבישול 10%-השף,גרמים,250.00,100 גרם,false,1,8.30,3.32,true,1,
7290004137311,false,גבינה צהובה מופחתת שומן 9% עמק (400 גרם),"תנובה בע""מ ***",,עמק לייט פרוס 9% 400,גרמים,400.00,100 גרם,false,1,30.90,7.73,true,1,
7290004137809,false,לאבנה אסלית 5% גביע (250 גרם)פיראוס תנו,"תנובה, מחלבת אלון תב",,פיראוס לאבנה 5% 250,גרמים,250.00,100 גרם,false,1,12.90,5.16,true,1,
7290004146986,false,נקה 7 שמפו לשיער צבוע ומובהר 750 מל,החברה הדרומית לשיווק בעמ,,נקה 7 שמפו לשיער צבו,מיליליטרים,750.00,"100 מ""ל",false,1,14.50,1.93,true,1,
7290004150112,false,חומוס מזרחי פיקנטי פרימיום 300 גרם שמיר,"סלטי שמיר 2006 בע""\מ",IL,חומוס מזרחי פיקנטי פ,גרמים,300.00,100 גרם,false,1,15.90,5.30,true,1,
7290004150136,false,חציל על האש פיקנטי פרימיום 300 גרם שמיר,"סלטי שמיר 2006 בע""\מ",IL,חציל על האש פיקנטי פ,גרמים,300.00,100 גרם,false,1,15.90,5.30,true,1,
7290004150143,false,חציל במיונז פיקנטי פרימיום 300 גרם שמיר,"סלטי שמיר 2006 בע""\מ",IL,חציל במיונז פיקנטי פ,גרמים,300.00,100 גרם,false,1,15.90,5.30,true,1,
7290004150150,false,חציל בטחינה פיקנטי פרימיום 300 גרם שמיר,"סלטי שמיר 2006 בע""\מ",IL,חציל בטחינה פיקנטי פ,גרמים,300.00,100 גרם,false,1,15.90,5.30,true,1,
<<<<<<< HEAD
7290004150174,false,קולסלאו פיקנטי פרימיום 300 גרם שמיר,"סלטי שמיר 2006 בע""\מ",IL,קולוסלאו פיקנטי פרימ,גרמים,300.00,100 גרם,false,1,15.90,5.30,true,1,
7290004165017,false,"רסק תפו""ע 600 גרם טבעי ללא סוכר יכין","זנלכל בע""\מ",IL,"רסק תפוח עץ לל""תס יכ",גרמים,560.00,100 גרם,false,1,8.50,1.52,true,1,
7290004199241,false,נרות חימום חסידים 50 יחידות,חסידים,,נרות חימום חסידים 50,Unknown,0.00,Unknown,false,1,10.50,10.50,true,1,
7290004199784,false,כפפות S לטקס עם איבוק עדין 100 יח- SAFE TOUCH,סייף טאצ,,כפפות לטקס 100 יח S,Unknown,0.00,Unknown,false,1,22.90,22.90,true,1,
7290004199791,false,כפפות M לטקס עם איבוק עדין 100 יח- SAFE TOUCH,סייף טאצ,,כפפות לטקס 100 יח M,Unknown,0.00,Unknown,false,1,22.90,22.90,true,1,
7290004199807,false,כפפות L לטקס עם איבוק עדין 100 יח- SAFE TOUCH,סייף טאצ,,כפפות לטקס 100 יח L,Unknown,0.00,Unknown,false,1,22.90,22.90,true,1,
=======
7290004165017,false,"רסק תפו""ע 600 גרם טבעי ללא סוכר יכין",ב ספירת מלאי,IL,"רסק תפוח עץ לל""תס יכ",גרמים,560.00,100 גרם,false,1,8.50,1.52,true,1,
7290004199241,false,נרות חימום חסידים 50 יחידות,אינטרסן (1996) בעמ,,נרות חימום חסידים 50,Unknown,0.00,Unknown,false,1,10.50,10.50,true,1,
7290004199784,false,כפפות S לטקס עם איבוק עדין 100 יח- SAFE TOUCH,אינטרסן (1996) בעמ,,כפפות לטקס 100 יח S,Unknown,0.00,Unknown,false,1,22.90,22.90,true,1,
7290004199791,false,כפפות M לטקס עם איבוק עדין 100 יח- SAFE TOUCH,אינטרסן (1996) בעמ,,כפפות לטקס 100 יח M,Unknown,0.00,Unknown,false,1,22.90,22.90,true,1,
7290004199807,false,כפפות L לטקס עם איבוק עדין 100 יח- SAFE TOUCH,אינטרסן (1996) בעמ,,כפפות לטקס 100 יח L,Unknown,0.00,Unknown,false,1,22.90,22.90,true,1,
>>>>>>> d048ac2f4f281c9d788043ab4e81b61b0dbe3743
7290004221409,false,וובר רוטב חזרת 453 גרם בקבוק לחיץ,וובר ספרינגפילד,,וובר רוטב חזרת 453 ג,גרמים,453.00,100 גרם,false,1,30.50,6.73,true,1,
7290004227975,false,צלעות טלה טרי חלק קג,אס או סי ויאול פרסס,,צלעות טלה טרי,Unknown,0.00,"ק""ג",true,0,179.90,179.90,true,1,
7290004230081,false,קציצות עוף ברוטב עגבניות שגב 800 גרם,"טיבון ויל אחזקות בע""\מ",,קציצות עוף ברוטב,גרמים,800.00,100 גרם,false,1,35.50,4.44,true,1,
7290004230333,false,מקלות בורקס פילו תפ`א 600 גר` שגב קפוא,שלושת האופים שגמור,,מקלות בורקס פילו תפו,גרמים,600.00,100 גרם,false,1,22.90,3.82,true,1,
7290004230364,false,שגב מקלות בורקס פילו גבינה צרפתי 600 גר,שלושת האופים שגמור,,שגב מקלות בורקס פילו,גרמים,600.00,100 גרם,false,1,22.90,3.82,true,1,
7290004256753,false,עלי לסיגר מרוקאי לפסטיליה 450 גרם,נטו מלינדה סחר בעמ,,עלי בצק למילוי סגרים,גרמים,500.00,100 גרם,false,1,14.90,2.98,true,1,
7290004324605,false,גבינה מותכת למריחה בטעם רוקפור 7% מון בלאן 120 ג',נטו מילנדה סחר בעמ*,,גבינת מון בלאן רוקפו,גרמים,120.00,100 גרם,false,1,13.30,11.08,true,1,
7290004339425,false,שווארמה מהצומח 350 גרם טבע דלי,טבע דלי בעמ,,שווארמה מהצומח טבע ד,גרמים,350.00,100 גרם,false,1,24.90,7.11,true,1,
<<<<<<< HEAD
7290004339807,false,המבורגר כוסמת מש מונבט אורז מלא וצ'יה 400גר טבע דלי,טבע דלי בעמ,,המבורגר כוסמת מש אור,גרמים,400.00,100 גרם,false,1,24.90,6.23,true,1,
7290004339999,false,טבע דלי סייטן אמרנט שניצלונים 400גר,טבע דלי,,שניצלונים סטיין 400ג,גרמים,400.00,100 גרם,false,1,32.50,8.13,true,1,
7290004386825,false,שעועית בגודל ענק אפויה ברוטב עגבניות -מוכן לאכילה,וילי פוד,GR,שעועית ענק ברוטב עגב,גרמים,420.00,100 גרם,false,1,10.40,2.48,true,1,
7290004494063,false,יין דלתון פטיט סירה 750 מל,"יקב דלתון בע""מ",,יין דלתון פטיט סירה,Unknown,0.00,Unknown,false,1,59.90,59.90,true,1,
7290004494148,false,"דלתון גליל מרלו 750 מ""ל","יקב דלתון בע""\מ",,"מרלו דלתון 750 מ""ל",Unknown,0.00,Unknown,false,1,59.90,59.90,true,1,
7290004494377,false,"יין אדום שיראז סדרת דלתון 750 מ""ל","יקב דלתון בע""\מ",,יין אדום שיראז סדרת,Unknown,0.00,Unknown,false,1,59.90,59.90,true,1,
7290004494919,false,יין כנען קברנה שיראז 750 מל דלתון,"יקב דלתון בע""מ",,יין כנען קברנה שיראז,מיליליטרים,750.00,"100 מ""ל",false,1,44.90,5.99,true,1,
=======
7290004339807,false,המבורגר כוסמת מש מונבט אורז מלא וצ'יה 400גר טבע דלי,ל.י.ב. (לחיות יותר בטבע) בעמ,,המבורגר כוסמת מש אור,גרמים,400.00,100 גרם,false,1,24.90,6.23,true,1,
7290004339944,false,סיגרים בימלוי סייטןאמרנט 400 גר,,IL,סיגרים בימלוי סייטןא,גרמים,400.00,100 גרם,false,1,20.90,5.23,true,1,
7290004339999,false,טבע דלי סייטן אמרנט שניצלונים 400גר,טבע דלי,,שניצלונים סטיין 400ג,גרמים,400.00,100 גרם,false,1,32.50,8.13,true,1,
7290004386825,false,שעועית בגודל ענק אפויה ברוטב עגבניות -מוכן לאכילה,ג. וילי-פוד אינטרנשיונל בע`מ,GR,שעועית ענק ברוטב עגב,גרמים,420.00,100 גרם,false,1,10.40,2.48,true,1,
7290004492274,false,בייגלה טבעות מלוחות בייגל בייגל 400 גרם,יוניליוור ישראל שיווק בע`מ,,גל-גל 400 גרם,גרמים,400.00,100 גרם,false,1,13.50,3.38,true,1,
7290004494063,false,יין דלתון פטיט סירה 750 מל,הכרם -משקאות חריפים בעמ,,יין דלתון פטיט סירה,Unknown,0.00,Unknown,false,1,59.90,59.90,true,1,
7290004494148,false,"דלתון גליל מרלו 750 מ""ל",הכרם - משקאות חריפים בעמ,,"מרלו דלתון 750 מ""ל",Unknown,0.00,Unknown,false,1,59.90,59.90,true,1,
7290004494377,false,יין אדום יבש שיראז יקב דלתון (750 מל),הכרם - משקאות חריפים בעמ,,יין אדום שיראז סדרת,Unknown,0.00,Unknown,false,1,59.90,59.90,true,1,
7290004494919,false,יין כנען קברנה שיראז 750 מל דלתון,הכרם - משקאות חריפים בעמ,,יין כנען קברנה שיראז,מיליליטרים,750.00,"100 מ""ל",false,1,44.90,5.99,true,1,
>>>>>>> d048ac2f4f281c9d788043ab4e81b61b0dbe3743
7290004502690,false,וודקה פינלנדיה 1 ליטר,,,וודקה פינלנדיה 1 ל,מיליליטרים,1000.00,"100 מ""ל",false,1,93.90,9.39,true,1,
7290004536039,false,כפפות דלפין זוג ורוד מס8,ספונטקס,,כפפות ורודות מידה 8,Unknown,0.00,Unknown,false,1,8.50,8.50,true,1,
7290004584351,false,גבינה לבנה סימפוניה עם תוספות 200 ג' חמישית 200,שטראוס גרופ בעמ/מצונן,,סימפוניה 5% 200 גרם,גרמים,200.00,100 גרם,false,1,11.00,5.50,true,1,
7290004584528,false,יוגורט דנונה ביו לבן 1.7% שומן 200 גרם,שטראוס גרופ בעמ/מצונן,,יוגורט דנונה ביו טבע,גרמים,200.00,100 גרם,false,1,3.70,1.85,true,1,
7290004585907,false,דני ועדן וניל 1.5% 125ג' שטראוס,שטראוס גרופ בעמ/מצונן,,"מעדן דני וניל 125 מ""",מיליליטרים,125.00,"100 מ""ל",false,1,2.90,2.32,true,1,
7290004603175,false,מלח הים האדום גס מלח הארץ (500 גרם),"חברת מלח הארץ אילת בע""\מ",,מלח ים האדום גס 500,גרמים,500.00,100 גרם,false,1,8.90,1.78,true,1,
7290004658953,false,יין סוביניון בלאן פרייבט קולקשן יקבי כרמל,"כד בני דרום בע""מ",,סובניון בלאן לבן יבש,Unknown,0.00,Unknown,false,1,39.90,39.90,true,1,
7290004685010,false,לחם 100% שיפון פלוס לחם הארץ 500 גר',מאפית י את א ברמן בע,IL,לחם 100% שיפון מקמח,גרמים,500.00,100 גרם,false,1,16.50,3.30,true,1,
7290004685027,false,לחם חיטה מלאה פלוס לחם הארץ 500 גרם,מאפית י את א ברמן בע,,לחם חיטה מלאה פלוס,גרמים,500.00,100 גרם,false,1,16.50,3.30,true,1,
7290004685089,false,לחם הארץ לחם חמניות 500 גר',מאפית י את א ברמן בע,,לחם חמניות 500 גרם,גרמים,500.00,100 גרם,false,1,16.50,3.30,true,1,
<<<<<<< HEAD
7290004685157,false,לחם שיפון 100% 750 גרם לחם הארץ,מאפית י את א ברמן בע,,לחם שיפון 100%,גרמים,750.00,100 גרם,false,1,16.50,2.20,true,1,
7290004685195,false,לחם 10 דגנים לחם הארץ 750 גרם,מאפית י את א ברמן בע,,לחם 10 דגנים,גרמים,750.00,100 גרם,false,1,16.50,2.20,true,1,
7290004685225,false,לחם שיפון פומפרניקל מקמח שיפון,מאפית י את א ברמן בע,,לחם שיפון פומפרניקל,גרמים,750.00,100 גרם,false,1,16.50,2.20,true,1,
7290004685430,false,לחם הארץ כוסמין 100% 500 גרם,מאפית י את א ברמן בע,,לחם כוסמין 100% 500,גרמים,500.00,100 גרם,false,1,16.50,3.30,true,1,
7290004685447,false,לחמניות כוסמין 6 בשקית 450 גרם,מאפית ברמן מקבוצת י. את,IL,שישיית לחמניות כוסמי,Unknown,0.00,Unknown,false,1,15.50,15.50,true,1,
7290004685454,false,לחם שיבולת שועל 500 גר'.,מאפית י את א ברמן בע,IL,לחם שיבולת שועל,גרמים,500.00,100 גרם,false,1,16.50,3.30,true,1,
7290004731076,false,אל סבון נוזלי עם אלוורה כיף 1 ליטר,טרופיקל דגיל תעשיות,,אלסבון כיף 1 ליטר,ליטרים,0.00,ליטר,false,1,15.20,15.20,true,1,
7290004731410,false,"שלישיית כריות קרצוף ירוקות סנו סושי 25X10.6 ס""מ",קריות זול,,סנו סושי סקוטש ענק,Unknown,0.00,Unknown,false,1,11.50,11.50,true,1,
7290004731472,false,"שלישיית אלסבון צבעוני כיף 500 מ""ל",טרופיקל דגיל תעשיות,,אלסבון כיף שלישייה 5,ליטרים,0.00,ליטר,false,1,15.90,15.90,true,1,
=======
7290004685157,false,לחם שיפון 100% פרוס לחם הארץ (750 גרם),מאפית י את א ברמן בע,,לחם שיפון 100%,גרמים,750.00,100 גרם,false,1,16.50,2.20,true,1,
7290004685195,false,לחם 10 דגנים פרוס לחם הארץ (750 גרם),מאפית י את א ברמן בע,,לחם 10 דגנים,גרמים,750.00,100 גרם,false,1,16.50,2.20,true,1,
7290004685225,false,לחם פומפרניקל פרוס לחם הארץ (750 גרם),מאפית י את א ברמן בע,,לחם שיפון פומפרניקל,גרמים,750.00,100 גרם,false,1,16.50,2.20,true,1,
7290004685430,false,100% לחם כומסין 500 גר לחם הארץ,מאפית י את א ברמן בע,,לחם כוסמין 100% 500,גרמים,500.00,100 גרם,false,1,16.50,3.30,true,1,
7290004685447,false,לחמניות כוסמין 6 יח בשקית מלא 450 גר`E,מאפית ברמן מקבוצת י. את,IL,שישיית לחמניות כוסמי,Unknown,0.00,Unknown,false,1,15.50,15.50,true,1,
7290004731076,false,אל סבון נוזלי עם אלוורה כיף 1 ליטר,החברה הדרומית לשיווק בעמ,,אלסבון כיף 1 ליטר,ליטרים,0.00,ליטר,false,1,15.20,15.20,true,1,
7290004731410,false,"שלישיית כריות קרצוף ירוקות סנו סושי 25X10.6 ס""מ",החברה הדרומית לשיווק בעמ,,סנו סושי סקוטש ענק,Unknown,0.00,Unknown,false,1,11.50,11.50,true,1,
7290004731472,false,"שלישיית אלסבון צבעוני כיף 500 מ""ל",החברה הדרומית לשיווק בעמ,,אלסבון כיף שלישייה 5,ליטרים,0.00,ליטר,false,1,15.90,15.90,true,1,
>>>>>>> d048ac2f4f281c9d788043ab4e81b61b0dbe3743
7290004731816,false,סנו סושי מגבות הפלא למטבח 8 גלילים,סנו מפעלי ברונוס בעמ,,סושי מגבות הפלא שמינ,Unknown,0.00,Unknown,false,1,13.90,13.90,true,1,
7290004737719,false,אספרגוס שלם מקולף בצנצנת ויליפוד 330 גרם,ג.וילי-פוד אינטרנשיונל בעמ,,אספרגוס שלם מקולף 33,גרמים,330.00,100 גרם,false,1,12.10,3.67,true,1,
7290004768911,false,אונט ריב מובחר טרי,,,אונט ריב מובחר טרי,Unknown,0.00,"ק""ג",true,0,64.90,64.90,true,1,
7290004768997,false,חזה בקר נקי טרי,,,חזה בקר נקי טרי,Unknown,0.00,"ק""ג",true,0,59.90,59.90,true,1,
7290004933074,false,לקסי קר 60 כמוסות,NATURAL MARSHAL,,לקסי קר 60 כמוסות,Unknown,0.00,Unknown,false,1,49.90,49.90,true,1,
7290004952792,false,פריכיות אורז מלא דקות אורגני הרדוף 100גר,פרח תעשיות,,פריכיות אורז מלא דק,Unknown,0.00,Unknown,false,1,13.90,13.90,true,1,
7290004982355,false,גבינת צדר טריפל במשק,א. סיימן סחר בעמ,,טריפל צדר במשקל,Unknown,0.00,"ק""ג",true,0,130.00,130.00,true,1,
7290005020162,false,וויסקי סקוטי בלנטייס פיינסט 700 מל,טמפו משקאות בע`מ,,וויסקי בלנטיינס 700,מיליליטרים,700.00,"100 מ""ל",false,1,79.90,11.41,true,1,
7290005020346,false,בקרדי קרטה בלנקה סופ,תאגיד בקרדי,,"רום בקרדי לבן 750 מ""",מיליליטרים,750.00,"100 מ""ל",false,1,109.90,14.65,true,1,
<<<<<<< HEAD
7290005041198,false,מעדני הטלה קבב ביתי,לאטי עזרא גלם ודגים,,"קבב כבש ביתי 1 ק""ג",קילוגרמים,0.00,"ק""ג",false,1,49.90,49.90,true,1,
7290005041402,false,שיפודי שווארמה פרגיות 600 גרם,מעדני הטלה והעגל,,שיפודי פרגית 600 גר,גרמים,600.00,100 גרם,false,1,54.90,9.15,true,1,
7290005053047,false,פרוסטקוושה 1 ליטר,,,פרוסטקוושה 1 ליטר,מיליליטרים,1000.00,"100 מ""ל",false,1,13.60,1.36,true,1,
=======
7290005041402,false,שיפודי פרגיות קפוא מעדני הטלה 600 גר`,מעדני הטלה והעגל,,שיפודי פרגית 600 גר,גרמים,600.00,100 גרם,false,1,54.90,9.15,true,1,
7290005053047,false,פרוסטקוושה 1 ליטר,,,פרוסטקוושה 1 ליטר,מיליליטרים,1000.00,"100 מ""ל",false,1,13.60,1.36,true,1,
7290005053054,false,שמנת 42% מיוחד 300גר,,,שמנת 42% מיוחד 300,גרמים,300.00,100 גרם,false,1,11.50,3.83,true,1,
>>>>>>> d048ac2f4f281c9d788043ab4e81b61b0dbe3743
7290005053078,false,קאפיר 3% 1 ליטר,,,קאפיר 3% 1 ליטר,ליטרים,0.00,ליטר,false,1,13.60,13.60,true,1,
7290005053085,false,שמנת חמוצה 15% 500 גרם,,,שמנת חמוצה 15% 500 ג,גרמים,500.00,100 גרם,false,1,11.20,2.24,true,1,
7290005053115,false,גבינת טבורג 500 5% גרם,,,גבינת טבורג 500 5% ג,גרמים,500.00,100 גרם,false,1,15.00,3.00,true,1,
7290005053139,false,משקה יוגורט רזינקה דל לקטוז 1 ליטר,,,משקה יוגורט רזינקה,ליטרים,0.00,ליטר,false,1,13.50,13.50,true,1,
7290005053214,false,גבינת טבורוג דובדבן,,,טבורוג דובדבן 500 גר,גרמים,500.00,100 גרם,false,1,16.00,3.20,true,1,
7290005053238,false,טבורוג צימוקים 5% 500 גר,,,טבורוג צימוקים 5%,גרמים,500.00,100 גרם,false,1,16.00,3.20,true,1,
7290005053269,false,"קאפיר 500 מ""ל",,,"קאפיר 500 מ""ל",מיליליטרים,500.00,"100 מ""ל",false,1,7.90,1.58,true,1,
7290005053276,false,ריזינקה 0.5ל,,,"ריזינקה 500 מ""ל",מיליליטרים,500.00,"100 מ""ל",false,1,7.50,1.50,true,1,
<<<<<<< HEAD
7290005068447,false,"גרגרי תירס קל בוואקום ללת""ס פרי גליל 340ג'","פרי הגליל בע""""מ",,תירס קל בואקום,גרמים,340.00,100 גרם,false,1,9.40,2.76,true,1,
=======
7290005068447,false,"גרגרי תירס קל בוואקום ללת""ס פרי גליל 340ג'",ויטה- פרי גליל (החדשה) בעמ,,תירס קל בואקום,גרמים,340.00,100 גרם,false,1,9.40,2.76,true,1,
>>>>>>> d048ac2f4f281c9d788043ab4e81b61b0dbe3743
7290005084355,false,סנסודין משחת שיניים דואל קר פלואוריד 75,גלקסו סמית קליין,,משחת שיניים סנסודיי,גרמים,75.00,100 גרם,false,1,21.90,29.20,true,1,
7290005095467,false,נרות שבת מס 4 180 גר,משווק על ידי HQP,CN,נרות שבת 4 יח,Unknown,0.00,Unknown,false,1,6.00,6.00,true,1,
7290005095498,false,נרות שבת 10 יחידות,משווק על ידי HQP,CN,נרות שבת 10 יח,Unknown,0.00,Unknown,false,1,5.90,5.90,true,1,
7290005095702,false,חיטה תפוחה בדבש 200 גר שלוה,מפעלי דגן ניסן את גפ,,חיטה תפוחה בדבש 200,גרמים,200.00,100 גרם,false,1,9.90,4.95,true,1,
7290005174513,false,חציל על האש במיונז אחלה 400 גרם+225גר,שטראוס גרופ בעמ/מצונן,,חצילים במיונז 500 גר,גרמים,500.00,100 גרם,false,1,15.90,3.18,true,1,
7290005174551,false,סלט חומוס עם צנוברים 125 ג' אחלה,שטראוס גרופ בעמ/מצונן,,חומוס יום יום 125 גר,גרמים,125.00,100 גרם,false,1,4.90,3.92,true,1,
7290005174568,false,אחלה יום יום חצילים במיונז 125 גרם,שטראוס גרופ בעמ/מצונן,,חצילים במיונז 125 גר,גרמים,125.00,100 גרם,false,1,4.90,3.92,true,1,
7290005174575,false,טחינה אחלה יום יום משובחת 125ג',שטראוס גרופ בעמ/מצונן,,טחינה יום יום 125 גר,גרמים,125.00,100 גרם,false,1,4.90,3.92,true,1,
7290005197758,false,"עוגיות חיוכים שוקולד עלית 150 גרם בד""צ",אפיפית נצרת תעשיות ב,,חיוכים שוקו 150 גרם,גרמים,150.00,100 גרם,false,1,6.50,4.33,true,1,
7290005199578,false,קפה נמס מיובש בהקפאה נטול קפאין 200ג,שטראוס קפה בי.וי.,,קפה פלטניום נטול 200,גרמים,200.00,100 גרם,false,1,33.50,16.75,true,1,
7290005200786,false,תפוצ'יפס בטעם שמנת בצל עלית 50 גרם,"שטראוס פריטו ליי בע""\מ )",,תפוציפס שמנת ובצל 50,גרמים,50.00,100 גרם,false,1,4.00,8.00,true,1,
7290005201882,false,קפה טורקי בצלופן עלית 200 גרם,הנסיך- מפעל לייצור ט,IL,קפה טורקי עלית 200 ג,גרמים,200.00,100 גרם,false,1,15.90,7.95,true,1,
7290005278037,false,"נקטר תות סחוט טרי 500 מ""",,,תות שדה סחוט טרי 500,מיליליטרים,500.00,"100 מ""ל",false,1,9.90,1.98,true,1,
7290005278099,false,"מיץ מנגו סחוט טרי 500 מ""",,,מנגו סחוט טרי 500 מל,מיליליטרים,500.00,"100 מ""ל",false,1,9.90,1.98,true,1,
7290005278105,false,מיץ אפרסק סחוט טרי 500 מ,,,אפרסק סחוט טרי 500 מ,מיליליטרים,500.00,"100 מ""ל",false,1,9.90,1.98,true,1,
7290005278228,false,פסיפלורה מנגו סחוט טרי 5,,,מנגו פסיפלורה,מיליליטרים,500.00,"100 מ""ל",false,1,9.90,1.98,true,1,
7290005278440,false,מיץ גזר תפוז סחוט טרי 50,,,גזר תפוז סחוט טרי 50,מיליליטרים,500.00,"100 מ""ל",false,1,9.90,1.98,true,1,
<<<<<<< HEAD
7290005287206,false,רביעיית טונה בשמן סטארקיסט 160 גרם,"סטארקיסט פודור בע""מ",,טונה סטארקיסט בשמן ר,גרמים,640.00,100 גרם,false,1,24.90,3.89,true,1,
7290005287251,false,רביעיית טונה במים סטארקיסט 160 גרם,"סטארקיסט פודור בע""מ",,טונה סטארקיסט במים ר,גרמים,640.00,100 גרם,false,1,24.90,3.89,true,1,
7290005296260,false,"אסטוניש ספריי רסס ונגב לניקוי כללי יעקבי 750 מ""ל",יעקובי אסטוניש,,"אסטוניש מרסס 750 מ""ל",מיליליטרים,750.00,"100 מ""ל",false,1,19.80,2.64,true,1,
7290005326387,false,עגבניות מיובשות בשמן זית אוליביה 270 גרם,קריות זול,,עגבניות מיובשות,גרמים,270.00,100 גרם,false,1,19.80,7.33,true,1,
7290005326523,false,ממרח פסטו פטרוזיליה ונענע אוליביה 180 גרם,אוליביה,,ממרח פסטו פטרוזיליה,גרמים,180.00,100 גרם,false,1,13.90,7.72,true,1,
=======
7290005287206,false,רביעיית טונה בשמן סטארקיסט 160 גרם,דיפלומט מפיצים (1968) בעמ**,,טונה סטארקיסט בשמן ר,גרמים,640.00,100 גרם,false,1,24.90,3.89,true,1,
7290005287251,false,רביעיית טונה במים סטארקיסט 160 גרם,דיפלומט מפיצים (1968) בעמ**,,טונה סטארקיסט במים ר,גרמים,640.00,100 גרם,false,1,24.90,3.89,true,1,
7290005296260,false,"אסטוניש ספריי רסס ונגב לניקוי כללי יעקבי 750 מ""ל",יעקב יעקבי ובניו בע`מ,,"אסטוניש מרסס 750 מ""ל",מיליליטרים,750.00,"100 מ""ל",false,1,19.80,2.64,true,1,
7290005326387,false,עגבניות מיובשות בשמן זית אוליביה 270 גרם,תה ויסוצקי (ישראל)בעמ,,עגבניות מיובשות,גרמים,270.00,100 גרם,false,1,19.80,7.33,true,1,
7290005326523,false,ממרח פסטו פטרוזיליה ונענע אוליביה 180 גרם,תה ויסוצקי (ישראל) בעמ,,ממרח פסטו פטרוזיליה,גרמים,180.00,100 גרם,false,1,13.90,7.72,true,1,
>>>>>>> d048ac2f4f281c9d788043ab4e81b61b0dbe3743
7290005326585,false,ממרח אוליביה פסטו בזיליקום 180 ג',"אוליביה גורמה בע""מ",IL,פסטו בזיליקום אוליבי,גרמים,180.00,100 גרם,false,1,15.60,8.67,true,1,
7290005358241,false,לשון בקר קפוא,,,לשון בקר קפואה,Unknown,0.00,"ק""ג",true,0,35.90,35.90,true,1,
7290005384851,false,וילי פוד מיץ לימון בדץ 200מל,ג.וילי-פוד אינטרנשיונל בעמ,IT,מיץ לימון 200 מ`ל,מיליליטרים,200.00,"100 מ""ל",false,1,4.90,2.45,true,1,
7290005416033,false,מחלבת טל יוגורט עיזים טבעי 3% 500מל,"ל.ד בר אל בע""מ",,יוגורט עיזים טבעי 3%,מיליליטרים,500.00,"100 מ""ל",false,1,14.90,2.98,true,1,
7290005416491,false,משקה יוגורט עיזים טל,מחלבת טל טלה,,יוגורט עיזים 750 מל,מיליליטרים,750.00,"100 מ""ל",false,1,20.80,2.77,true,1,
<<<<<<< HEAD
7290005423253,false,"סנו - מקסימה מרסס למייבש כביסה אולטרה פרש 750 מ""ל","סנו מפעלי ברונוס בע""\מ",,סנו מקסימה למייבש 75,מיליליטרים,750.00,"100 מ""ל",false,1,22.50,3.00,true,1,
7290005423505,false,"מי פה אורביטול להלבנת השיניים 500 מ""ל",קוסמופארם,,אורביטול מי פה להלבנ,מיליליטרים,500.00,"100 מ""ל",false,1,23.50,4.70,true,1,
7290005423567,false,מטליות ניקוי רב שימושיות בגליל סנו סושי 40 יחידות,אסותא תעשיות אלבד בע,,סנו סושי מטליות בגלי,Unknown,0.00,Unknown,false,1,20.20,20.20,true,1,
7290005423833,false,פוליויקס נוזל לניקוי פרקט סנו 2 ליטר,"סנו מפעלי ברונוס בע""\מ",,סנו פוליויקס פרקט 2,ליטרים,0.00,ליטר,false,1,23.90,23.90,true,1,
7290005423918,false,סנו - מקסימה מרכך כביסה היפואלרגני אלוורה 4 ליטר,"סנו מפעלי ברונוס בע""\מ",,סנו מקסימה מרכך כביס,ליטרים,0.00,ליטר,false,1,23.90,23.90,true,1,
7290005424113,false,מטליות רצפה סנו סושי 4 יחידות,סנו סושי,,סנו סושי 4 מטליות רצ,Unknown,0.00,Unknown,false,1,14.60,14.60,true,1,
7290005424403,false,"אל סבון כיף אצות ים קטיפתי 1ליטר,",טרופיקל דגיל תעשיות,,אלסבון כיף 1 ליטר,מיליליטרים,1000.00,"100 מ""ל",false,1,15.20,1.52,true,1,
7290005424700,false,סנו - פורטה פלוס מרסס מסיר שומנים 1 ליטר,"סנו מפעלי ברונוס בע""\מ",,פורטה פלוס 1 ליטר,מיליליטרים,1000.00,"100 מ""ל",false,1,20.90,2.09,true,1,
7290005424755,false,מטליות ריצפז פלוס לחות לניקוי רצפות דוחה תיקנים 10 יח' סנו,סנו מפעלי ברונוס בעמ,,מטלית דוחה תיקנים,Unknown,0.00,Unknown,false,1,17.40,17.40,true,1,
7290005424762,false,ריצפז פלוס ווקס נוזל להברקת רצפות דוחה תיקנים סנו 2 ליטר,"סנו מפעלי ברונוס בע""\מ",,רצפז פלוס דוחה חרקים,ליטרים,0.00,ליטר,false,1,31.50,31.50,true,1,
7290005425110,false,"חיטוי משטחים 99.9% מתז מחטא ומשמיד 750 מ""ל","סנו מפעלי ברונוס בע""\מ",IL,מרסס לחיטוי משטחים 9,מיליליטרים,750.00,"100 מ""ל",false,1,18.90,2.52,true,1,
7290005425196,false,"מקסימה אבקת כביסה סנסיטיב סנו 2.5 ק""ג",מיוצר עי קונדיטוריית,,סנו מקסימה סנסטיב 2.,קילוגרמים,0.00,"ק""ג",false,1,31.50,31.50,true,1,
7290005425202,false,אבקת כביסה ביו מקסימה לכתמים קשים,"סנו מפעלי ברונוס בע""\מ",,סנו מקסימה ביו 2.5 ק,קילוגרמים,0.00,"ק""ג",false,1,31.50,31.50,true,1,
7290005425585,false,מטליות לחות לניקוי רהיטים סנו 20 יחידות,"סנו מפעלי ברונוס בע""\מ",,סנו רהיט מטליות,Unknown,0.00,Unknown,false,1,17.90,17.90,true,1,
7290005425646,false,קליר נוזל לניקוי חלונות רב תכליתי סנו 1 ליטר,"סנו מפעלי ברונוס בע""\מ",,סנוקליר אקדח 1 ליטר,מיליליטרים,1000.00,"100 מ""ל",false,1,9.90,0.99,true,1,
7290005426193,false,ספוגית הפלא סנו סושי 6 יחידות,טרופיקל דגיל תעשיות,,סנו סושי ספוג הפלא,Unknown,0.00,Unknown,false,1,14.20,14.20,true,1,
7290005426230,false,מטלית הפלא לרצפה מיקרופייבר סנו 1יח',סנו סושי,,סושי מטלית הפלא לרצפ,Unknown,0.00,Unknown,false,1,11.40,11.40,true,1,
7290005426803,false,מקסימה מרכך כביסה פצ'ולי לבנדר סגול סנו 4 ליטר,סנו מקסימה,,סנו מקסימה מרכך כביס,ליטרים,0.00,ליטר,false,1,17.90,17.90,true,1,
7290005428845,false,מפיות סנו סופט 33*33 100 יחידות,"חי מוצרי נייר בע""מ",,סנו סושי מפיות צבעונ,Unknown,0.00,Unknown,false,1,10.20,10.20,true,1,
7290005429279,false,סנו מקסימה קומפקט קומפקט אפקט גאוול 6 ק,סנו מפעלי ברונוס בעמ,,סנו מקסימה קומפקט ק,קילוגרמים,0.01,"ק""ג",false,1,49.50,4950.00,true,1,
7290005430510,false,סנו סופט נייר טואלט 40 גלילים לבן,General,,נייר טואלט סופט 40 ג,מטרים,736.00,מטר,false,1,34.90,0.05,true,1,
7290005430602,false,"סנו אוקסיג'ן ספריי להסרת כתמים עם חמצן פעיל 750 מ""ל","סנו מפעלי ברונוס בע""",,סנו אוקסיגן מסיר כתמ,מיליליטרים,750.00,"100 מ""ל",false,1,17.90,2.39,true,1,
=======
7290005423253,false,"סנו - מקסימה מרסס למייבש כביסה אולטרה פרש 750 מ""ל",החברה הדרומית לשיווק בעמ,,סנו מקסימה למייבש 75,מיליליטרים,750.00,"100 מ""ל",false,1,22.50,3.00,true,1,
7290005423567,false,מטליות ניקוי רב שימושיות בגליל סנו סושי 40 יחידות,החברה הדרומית לשיווק בעמ,,סנו סושי מטליות בגלי,Unknown,0.00,Unknown,false,1,20.20,20.20,true,1,
7290005423833,false,פוליוויקס נוזל לניקוי פרקט סנו (2 ליטר).,החברה הדרומית לשיווק בעמ,,סנו פוליויקס פרקט 2,ליטרים,0.00,ליטר,false,1,23.90,23.90,true,1,
7290005423918,false,סנו - מקסימה מרכך כביסה היפואלרגני אלוורה 4 ליטר,החברה הדרומית לשיווק בעמ,,סנו מקסימה מרכך כביס,ליטרים,0.00,ליטר,false,1,23.90,23.90,true,1,
7290005424113,false,מטליות רצפה סנו סושי 4 יחידות,החב. הדרומית לשיווק,,סנו סושי 4 מטליות רצ,Unknown,0.00,Unknown,false,1,14.60,14.60,true,1,
7290005424403,false,"אל סבון כיף אצות ים קטיפתי 1ליטר,",החברה הדרומית לשיווק בעמ,,אלסבון כיף 1 ליטר,מיליליטרים,1000.00,"100 מ""ל",false,1,15.20,1.52,true,1,
7290005424700,false,סנו - פורטה פלוס מרסס מסיר שומנים 1 ליטר,החברה הדרומית לשיווק בעמ,,פורטה פלוס 1 ליטר,מיליליטרים,1000.00,"100 מ""ל",false,1,20.90,2.09,true,1,
7290005424755,false,מטליות ריצפז פלוס לחות לניקוי רצפות דוחה תיקנים 10 יח' סנו,החברה הדרומית לשיווק בעמ,,מטלית דוחה תיקנים,Unknown,0.00,Unknown,false,1,17.40,17.40,true,1,
7290005424762,false,ריצפז פלוס ווקס נוזל להברקת רצפות דוחה תיקנים סנו 2 ליטר,החברה הדרומית לשיווק בעמ,,רצפז פלוס דוחה חרקים,ליטרים,0.00,ליטר,false,1,31.50,31.50,true,1,
7290005425110,false,"חיטוי משטחים 99.9% מתז מחטא ומשמיד 750 מ""ל",החברה הדרומית לשיווק בעמ,IL,מרסס לחיטוי משטחים 9,מיליליטרים,750.00,"100 מ""ל",false,1,18.90,2.52,true,1,
7290005425196,false,"מקסימה אבקת כביסה סנסיטיב סנו 2.5 ק""ג",החברה הדרומית לשיווק בעמ,,סנו מקסימה סנסטיב 2.,קילוגרמים,0.00,"ק""ג",false,1,31.50,31.50,true,1,
7290005425202,false,אבקת כביסה ביו מקסימה לכתמים קשים,החברה הדרומית לשיווק בעמ,,סנו מקסימה ביו 2.5 ק,קילוגרמים,0.00,"ק""ג",false,1,31.50,31.50,true,1,
7290005425585,false,מטליות לחות לניקוי רהיטים סנו 20 יחידות,"סנו מפעלי ברונוס בע""\מ",,סנו רהיט מטליות,Unknown,0.00,Unknown,false,1,17.90,17.90,true,1,
7290005425646,false,קליר נוזל לניקוי חלונות רב תכליתי סנו 1 ליטר,החברה הדרומית לשיווק בעמ,,סנוקליר אקדח 1 ליטר,מיליליטרים,1000.00,"100 מ""ל",false,1,9.90,0.99,true,1,
7290005426193,false,ספוגית הפלא סנו סושי 6 יחידות,החברה הדרומית לשיווק בעמ,,סנו סושי ספוג הפלא,Unknown,0.00,Unknown,false,1,14.20,14.20,true,1,
7290005426230,false,מטלית הפלא לרצפה מיקרופייבר סנו 1יח',החברה הדרומית לשיווק בעמ,,סושי מטלית הפלא לרצפ,Unknown,0.00,Unknown,false,1,11.40,11.40,true,1,
7290005426803,false,מקסימה מרכך כביסה פצ'ולי לבנדר סגול סנו 4 ליטר,החברה הדרומית לשיווק בעמ,,סנו מקסימה מרכך כביס,ליטרים,0.00,ליטר,false,1,17.90,17.90,true,1,
7290005428845,false,מפיות סנו סופט 33*33 100 יחידות,החב הדרומית לשיווק,,סנו סושי מפיות צבעונ,Unknown,0.00,Unknown,false,1,10.20,10.20,true,1,
7290005429279,false,סנו מקסימה קומפקט קומפקט אפקט גאוול 6 ק,החברה הדרומית לשיווק בעמ,,סנו מקסימה קומפקט ק,קילוגרמים,0.01,"ק""ג",false,1,49.50,4950.00,true,1,
7290005429286,false,"אבקת כביסה מקסימה ביו 6 ק""ג סנו",החברה הדרומית לשיווק בעמ,,סנו מקסימה קומפקט בי,קילוגרמים,0.01,"ק""ג",false,1,49.50,4950.00,true,1,
7290005430510,false,נייר טואלט לבן סנו סופט (18.4x40 מטר),החברה הדרומית לשיווק בעמ,,נייר טואלט סופט 40 ג,מטרים,736.00,מטר,false,1,34.90,0.05,true,1,
7290005430602,false,"סנו אוקסיג'ן ספריי להסרת כתמים עם חמצן פעיל 750 מ""ל",החברה הדרומית לשיווק בעמ,,סנו אוקסיגן מסיר כתמ,מיליליטרים,750.00,"100 מ""ל",false,1,17.90,2.39,true,1,
>>>>>>> d048ac2f4f281c9d788043ab4e81b61b0dbe3743
7290005431883,false,מלבי חלבי עדן קינוחים 165 גרם,עדן קינוחים Eden,IL,מלבי חלבי 165 גר,גרמים,165.00,100 גרם,false,1,6.90,4.18,true,1,
7290005431906,false,מארז קדאיף 82 גר` עדן קינוחים,עדן קינוחים Eden,IL,קדאיף 82 גר,גרמים,82.00,100 גרם,false,1,6.90,8.41,true,1,
7290005431913,false,עוגת גבינה פירורים עדן קינוחים 92 גרם,עדן קינוחים Eden,IL,עוגת גבינה פירורים,גרמים,92.00,100 גרם,false,1,6.90,7.50,true,1,
7290005431920,false,עוגת גבינה פירורים לייט עדן קינוחים 78 גרם,עדן קינוחים Eden,IL,עוגת גבינה פירורים,גרמים,78.00,100 גרם,false,1,6.90,8.85,true,1,
7290005431937,false,מעדן טירמיסו 82 גר` עדן קינוחים,עדן קינוחים Eden,IL,טירמיסו 82 גר,גרמים,82.00,100 גרם,false,1,6.90,8.41,true,1,
7290005431968,false,מלבי שמנת עדן קינוחים 150 גרם,עדן קינוחים Eden,IL,מלבי שמנת 150 גרם,גרמים,150.00,100 גרם,false,1,6.90,4.60,true,1,
7290005555100,false,פיקדון רביעייה,,,פיקדון רביעייה,Unknown,0.00,Unknown,false,1,1.20,1.20,true,1,
7290005555101,false,עוגיות שוקולד לבן,Unknown,,פיקדון שישייה,Unknown,0.00,Unknown,false,1,1.80,1.80,true,1,
7290005555777,false,"פיקדון חוזר 1.2 ש""ח בק 500 מ""ל",,,"פיקדון חוזר 1.2 ש""ח",Unknown,0.00,Unknown,false,1,1.20,1.20,true,1,
7290005559587,false,מאפה נקניקיה בבצק מעדנות 800ג',תנובה מרכז שיתופי לשיווק תוצרת,,מאפה נקניקיה 800גר מ,גרמים,800.00,100 גרם,false,1,32.90,4.11,true,1,
7290005559709,false,בורקס פיצה מעדנות 700 גרם,מיוצר עי קונדיטוריית,,בורקס פיצה 700 גר,גרמים,700.00,100 גרם,false,1,28.90,4.13,true,1,
7290005559907,false,פיצה משפחתית 100% גבינה מעדנות 500 גרם,תנובה מרכז שיתופי לשיווק תוצרת,,פיצה משפחתית גבינה,גרמים,500.00,100 גרם,false,1,23.90,4.78,true,1,
7290005559914,false,פיצה משפחתית עם 100% גבינה בתוספת זיתים מעדנות 550 גרם,תנובה מרכז שיתופי לשיווק תוצרת,,פיצה משפחתית זיתים מ,גרמים,550.00,100 גרם,false,1,21.90,3.98,true,1,
7290005559990,false,בצק עלים פילאס תורכי 600 גרם קפוא,תנובה מרכז שיתופי לשיווק תוצרת,,בצק פילאס תורכי מעדנ,גרמים,600.00,100 גרם,false,1,22.90,3.82,true,1,
7290005571022,false,צלי כתף טרי,,,צלי כתף טרי,Unknown,0.00,"ק""ג",true,0,69.90,69.90,true,1,
7290005571046,false,כתף בקר מרכזי טרי,,,כתף בקר מרכזי טרי,Unknown,0.00,"ק""ג",true,0,69.90,69.90,true,1,
7290005571060,false,אוסובוקו בקר טרי,,,אוסובוקו בקר טרי,Unknown,0.00,"ק""ג",true,0,49.90,49.90,true,1,
7290005571169,false,צך טרי שלם,,,צך טרי,Unknown,0.00,"ק""ג",true,0,64.90,64.90,true,1,
7290005571176,false,ויסבארטן טרי,,,ויסבארטן טרי,Unknown,0.00,"ק""ג",true,0,64.90,64.90,true,1,
7290005571183,false,שייטל בקר שלם,,,שייטל שלם,Unknown,0.00,"ק""ג",true,0,79.90,79.90,true,1,
7290005571213,false,שפיץ צך בקר,,,פיקנייה עגל טרי,Unknown,0.00,"ק""ג",true,0,94.90,94.90,true,1,
7290005571343,false,כבד עגל טרי,,,כבד עגל טרי,Unknown,0.00,"ק""ג",true,0,17.90,17.90,true,1,
7290005571367,false,לשון עגל טרי,,,לשון עגל טריה,Unknown,0.00,"ק""ג",true,0,42.90,42.90,true,1,
7290005571596,false,נתח סינטה עגל טרי,,,סינטה עגל טרי,Unknown,0.00,"ק""ג",true,0,99.90,99.90,true,1,
7290005591761,false,דבש טהור מפרחי בר בלחיץ 400 ג' יד מרדכי,מכוורת יד מרדכי שטרא,,דבש טהור לחיץ פרחי ב,גרמים,400.00,100 גרם,false,1,20.90,5.23,true,1,
7290005610127,false,תפוח אדמה גורמה דוד משה,אראל תוצרת חקלאית בע,,תפוח אדמה לבן דוד מש,Unknown,0.00,"ק""ג",true,0,7.90,7.90,true,1,
7290005610509,false,צנונית ארוז דוד משה 500ג',תוצרת הנגב אגודה שיתופית חקלאי,,צנונית,Unknown,0.00,Unknown,false,1,6.90,6.90,true,1,
7290005651366,false,"מזון לכלבים בונזו מזון כלבים כבד 3 ק""ג",דיפלומט מפיצים (1968) בעמ**,,בונזו כבד 3 קג,קילוגרמים,0.00,"ק""ג",false,1,49.90,49.90,true,1,
7290005678585,false,ענבים אדומים סקרלוטה טלי,"בכורי השדה צפון1994 ג.ד. בע""מ",,סקרלוטה ללא חרצנים,Unknown,0.00,"ק""ג",true,0,19.90,19.90,true,1,
7290005680052,false,טמפונים סופר פלוס אובה 32 יחידות,גונסון אנד גונסון,,אובה סופר פלוס 32,Unknown,0.00,Unknown,false,1,21.90,21.90,true,1,
7290005686436,false,תפוח עץ מיובש ששון ה,דין שיווק וקליה 2021 בעמ,,תפוחי עץ 200 גר,גרמים,200.00,100 גרם,false,1,14.20,7.10,true,1,
7290005697333,false,קממבר עיזים מנות שקיל גלילי,גלילי,,קממבר עיזים מנות שקי,Unknown,0.00,"ק""ג",true,0,193.00,193.00,true,1,
7290005697647,false,יוגורט עיזים בדלי 750 מל,,IL,יוגורט עיזים בדלי 75,מיליליטרים,750.00,"100 מ""ל",false,1,21.90,2.92,true,1,
7290005697654,false,יוגורט עיזים אורגני בדלי 750 מל,,IL,יוגורט עיזים אורגני,מיליליטרים,750.00,"100 מ""ל",false,1,26.50,3.53,true,1,
7290005786006,false,קרפלך האיש עם השפם 1,שבע-תעשיות בצקים קפו,,קרפלך חוטר 1 קילו,גרמים,1000.00,100 גרם,false,1,43.90,4.39,true,1,
7290005786129,false,בלינצס בשר 600 גרם,שבע-תעשיות בצקים קפו,IL,בלינצס בשר 600 גרם,גרמים,600.00,100 גרם,false,1,31.50,5.25,true,1,
7290005786204,false,קרפלך לילדים מילוי בשר 600 גרם,נוריס,IL,קרפלך לילדים,גרמים,600.00,100 גרם,false,1,20.90,3.48,true,1,
7290005838002,false,מעדן גבינה ויוגורט בטעם וניל 88 ג' דניאלה,שטראוס גרופ בעמ/מצונן,,דניאלה וניל 100 גרם,גרמים,88.00,100 גרם,false,1,4.10,4.66,true,1,
7290005838613,false,קרם גבינה 3% בטעם וניל סקי (125 גרם),שטראוס גרופ בעמ/מצונן,,סקי וניל 125 גרם,גרמים,125.00,100 גרם,false,1,3.70,2.96,true,1,
7290005838972,false,סקי יום יום גבינה לבנה %5 125 גרם,שטראוס גרופ בעמ/מצונן,,גבינת סקי יום יום 5%,גרמים,125.00,100 גרם,false,1,2.38,1.90,true,1,
7290005839078,false,שמיניית יוגורט לבן 3% ביו דנונה 150 גרם,שטראוס גרופ בעמ/מצונן,,מולטיפק יוגורט דנונה,ליטרים,0.00,ליטר,false,1,16.90,16.90,true,1,
7290005839108,false,גבינה לבנה סימפוניה עם תוספות 200 ג'+זיתים 5%,שטראוס גרופ בעמ/מצונן,,סימפוניה 5% עם זיתים,גרמים,200.00,100 גרם,false,1,11.00,5.50,true,1,
7290005839313,false,מילקי Top עם שוקולדה מגולגלת 140 גרם,שטראוס גרופ בעמ/מצונן,,מילקי טופ מגולגלת 13,גרמים,130.00,100 גרם,false,1,4.90,3.77,true,1,
7290005966422,false,יין ירדן שרדונה 2020 750 מל,יקבי רמת הגולן,,יין ירדן שרדונה 2020,Unknown,0.00,Unknown,false,1,77.90,77.90,true,1,
7290005992735,false,לאבנה טבעית 5% 250 גר' - רבנות,מחלבות גד שיווק 1992 בעמ,,גבינה לבנה טבעית 250,גרמים,250.00,100 גרם,false,1,12.50,5.00,true,1,
7290006131782,false,פילה סלמון 1.1-1.4 קפוא,,NO,פילה סלמון 1.4-1.8,Unknown,0.00,"ק""ג",true,0,83.00,83.00,true,1,
7290006189028,false,מיני פריזר עגל 480 גרם,,IL,מיני פריזר עגל 480 ג,גרמים,480.00,100 גרם,false,1,21.90,4.56,true,1,
7290006189358,false,סטייק אנטריקוט מוצר בשר מעובד מופשר,,,אנטריקוט מעובד מופשר,Unknown,0.00,"ק""ג",true,0,99.90,99.90,true,1,
7290006190765,false,גבינת גרוייר רזרב שוויצרי במשקל,,,גבינת גרוייר רזרב,Unknown,0.00,"ק""ג",true,0,236.00,236.00,true,1,
7290006193704,false,פטה כבשים דותן במשקל,,,פטה כבש דותן במשקל,Unknown,0.00,"ק""ג",true,0,94.00,94.00,true,1,
7290006194008,false,גבינת פקורינו רומנו איטלקי שקיל,,,גבינת פקורינו רומנו,Unknown,0.00,"ק""ג",true,0,170.00,170.00,true,1,
7290006194015,false,גבינת גורגונזולה פיקנטית במשקל,,,גבינת גורגונזולה פיק,Unknown,0.00,"ק""ג",true,0,191.00,191.00,true,1,
7290006210661,false,בונז'ור באגט 330 גרם,בונז'ור,,בגט,Unknown,0.00,Unknown,false,1,7.90,7.90,true,1,
7290006229427,false,סן בנדטו - מים מינרלים - מארז שישיית 500 מל,טמפו משקאות בע`מ,,שישיית מים מינרלים ס,ליטרים,0.02,ליטר,false,1,12.90,645.00,true,1,
7290006241153,false,אגוזי פקאן סיניים קליית גת (150 גרם),ליימן שליסל בעמ,,פקאן סיני 150 ג בשקי,גרמים,150.00,100 גרם,false,1,26.50,17.67,true,1,
7290006241214,false,שקדים טבעיים קליית גת (200 גרם),הדקלאים אגודת שיתופי,,שקד טבעי 200 ג שקית,גרמים,200.00,100 גרם,false,1,20.90,10.45,true,1,
7290006241504,false,"משקה תפוזים קפוא פריגת 340 מ""ל",החברה המרכזית טלהפצת משקאות בע,,פריז תפוזים קפוא 340,גרמים,340.00,100 גרם,false,1,15.60,4.59,true,1,
7290006241511,false,"משקה לימונענע מרוכז קפוא פריגת 280 מ""ל",היינץ צפון אמריקה מק,,פריז לימון נענע קפוא,גרמים,340.00,100 גרם,false,1,16.70,4.91,true,1,
<<<<<<< HEAD
7290006251107,false,תה צ'אי מסאלה ויסוצקי 25 יחידות,מולינו ניקולי s.p.a,,תה צאי מסאלה 25 שקיק,Unknown,0.00,Unknown,false,1,18.90,18.90,true,1,
7290006251275,false,תה ירוק סיני קלאסי ויסוצקי 25 יחידות,תה ויסוצקי,,תה ירוק סיני 25 שקיק,Unknown,0.00,Unknown,false,1,24.90,24.90,true,1,
7290006271174,false,ג'חנון לאפיה בתנור מעדנות 700 גרם,מיוצר עי קונדיטוריית,,גחנון בצק מעדנות,גרמים,700.00,100 גרם,false,1,20.90,2.99,true,1,
7290006271181,false,ג'חנון אפוי למיקרוגל מעדנות 750 גרם,מיוצר עי קונדיטוריית,,גחנון אפוי 750 גר,גרמים,750.00,100 גרם,false,1,25.60,3.41,true,1,
7290006271648,false,מיני בורקס תפוחי אדמה מעדנות 800 גרם,"מעדנות בע""\מ",,"מיני בורקס תפו""א 800",גרמים,650.00,100 גרם,false,1,28.50,4.38,true,1,
7290006271655,false,מיני בורקס גבינה מעדנות 800 גרם,מיוצר עי קונדיטוריית,,מיני בורקס גבינה,גרמים,800.00,100 גרם,false,1,26.90,3.36,true,1,
7290006272072,false,חטיפי פיצה גבינה מעדנות 650 גרם,"מעדנות בע""\מ",,חטיפי פיצה גבינה,גרמים,650.00,100 גרם,false,1,33.90,5.22,true,1,
7290006272430,false,בצק עלים חמאה מעדנות 600 גרם,מיוצר עי קונדיטוריית,,בצק עלים חמאה מעדנות,גרמים,600.00,100 גרם,false,1,28.60,4.77,true,1,
7290006306159,false,פסטנונה-לזניה 4 גבינות 500גר,דורום תעשיות מזון ופסטה,,פסטנונה לזניה 4 גבינ,גרמים,500.00,100 גרם,false,1,39.90,7.98,true,1,
=======
7290006251107,false,תה צ'אי מסאלה ויסוצקי 25 יחידות,תה ויסוצקי (ישראל) בעמ,,תה צאי מסאלה 25 שקיק,Unknown,0.00,Unknown,false,1,18.90,18.90,true,1,
7290006251275,false,תה ירוק סיני קלאסי ויסוצקי 25 יחידות,תה ויסוצקי (ישראל) בעמ,,תה ירוק סיני 25 שקיק,Unknown,0.00,Unknown,false,1,24.90,24.90,true,1,
7290006251343,false,חליטת פסיפלורה מנגו הגן הקסום ויסוצקי 25 יחידות,תה ויסוצקי (ישראל) בעמ,,פסיפלורה מנגו 25 שק,Unknown,0.00,Unknown,false,1,18.90,18.90,true,1,
7290006271174,false,ג'חנון לאפיה בתנור מעדנות 700 גרם,תנובה מרכז שיתופי לשיווק תוצרת,,גחנון בצק מעדנות,גרמים,700.00,100 גרם,false,1,20.90,2.99,true,1,
7290006271181,false,ג'חנון אפוי למיקרוגל מעדנות 750 גרם,תנובה מרכז שיתופי לשיווק תוצרת,,גחנון אפוי 750 גר,גרמים,750.00,100 גרם,false,1,25.60,3.41,true,1,
7290006271648,false,מיני בורקס תפוחי אדמה מעדנות 800 גרם,תנובה מרכז שיתופי לשיווק תוצרת,,"מיני בורקס תפו""א 800",גרמים,650.00,100 גרם,false,1,28.50,4.38,true,1,
7290006271655,false,מיני בורקס במילוי גבינה מעדנות (800 גרם),תנובה מרכז שיתופי לשיווק תוצרת,,מיני בורקס גבינה,גרמים,800.00,100 גרם,false,1,26.90,3.36,true,1,
7290006272072,false,חטיפי פיצה גבינה מעדנות 650 גרם,תנובה קפואים,,חטיפי פיצה גבינה,גרמים,650.00,100 גרם,false,1,33.90,5.22,true,1,
7290006272430,false,בצק עלים חמאה חלבי מעדנות (600 גרם),מיוצר עי קונדיטוריית,,בצק עלים חמאה מעדנות,גרמים,600.00,100 גרם,false,1,28.60,4.77,true,1,
7290006306159,false,לזניה במילוי ארבע גבינות 500 גר`גד,דורום תעשיות מזון ופסטה,,פסטנונה לזניה 4 גבינ,גרמים,500.00,100 גרם,false,1,39.90,7.98,true,1,
>>>>>>> d048ac2f4f281c9d788043ab4e81b61b0dbe3743
7290006306296,false,רביולי במילוי גבינה לילדים 400 ג' פסטה נונה,דורום תעשיות מזון ופסטה,,רביולי גבינה לילדים,גרמים,400.00,100 גרם,false,1,23.90,5.98,true,1,
7290006306302,false,רביולי במילוי גבינות פרמזן ריקוטה 400 ג' פסטה נונה,דורום תעשיות מזון ופסטה,IL,רביולי גבינה ופרמזן,גרמים,400.00,100 גרם,false,1,23.90,5.98,true,1,
7290006306319,false,רביולי במילוי בטטה 400 ג' פסטה נונה,דורום תעשיות מזון ופסטה,,רביולי בטטה 400 גר,גרמים,400.00,100 גרם,false,1,23.90,5.98,true,1,
7290006306357,false,רביולי במילוי גבינת עיזים 400 ג' פסטה נונה,דורום תעשיות מזון ופסטה,,רביולי גבינת עיזים 4,גרמים,400.00,100 גרם,false,1,22.90,5.73,true,1,
7290006322104,false,לחם ריחיים קל פרוס 500גר,מאפיית דוידוביץ ובניו בע,,לחם ריחיים קל פרוס,גרמים,500.00,100 גרם,false,1,13.90,2.78,true,1,
7290006322111,false,לחמניות ריחיים 80*6 גרם,מאפיית דוידוביץ ובניו בע,,לחמניות ריחיים קלות,גרמים,450.00,100 גרם,false,1,9.90,2.20,true,1,
7290006322838,false,לחם מקמח מלא דוידובי,מאפיית דוידוביץ ובניו בע,IL,לחם 100% קמח מלא 750,גרמים,750.00,100 גרם,false,1,14.90,1.99,true,1,
7290006337016,false,בלינציס עם בשר 800 ג,מפעלי אירנה לבצק ממו,,בלינצס בשר 800 גרם,גרמים,800.00,100 גרם,false,1,36.90,4.61,true,1,
7290006337023,false,בלינצס גבינה 800 גרם,מפעלי אירנה לבצק ממו,,בלינצס גבינה 800 גרם,גרמים,800.00,100 גרם,false,1,36.90,4.61,true,1,
7290006337030,false,כרוב/פלפל ממולא 800 גרם,מפעלי אירנה לבצק ממו,,כרוב/פלפל ממולא 800,גרמים,800.00,100 גרם,false,1,36.90,4.61,true,1,
7290006337214,false,צבורצקי מיני 600 גר,מפעלי אירנה לבצק ממו,,צבוצקי 600 גר,גרמים,600.00,100 גרם,false,1,32.90,5.48,true,1,
7290006337306,false,פלמני מגשים כבש 800 גרם,מפעלי אירנה לבצק ממו,,פלמני מגשים כבש 800,גרמים,800.00,100 גרם,false,1,31.90,3.99,true,1,
7290006337351,false,"מאפה תפו""א ובצל קפוא 600 גר",,,"מאפה תפו""א ובצל קפוא",גרמים,600.00,100 גרם,false,1,17.90,2.98,true,1,
7290006337450,false,כיסוני בשר לבן 1.3 ק,מפעלי אירנה לבצק ממו,,"פלמני לבן 1.3 ק""ג",קילוגרמים,0.00,"ק""ג",false,1,38.90,38.90,true,1,
7290006342065,false,בוטנים קלויים ששון הקולה 200 גרם,,,בוטן קלויים 200 גרם,גרמים,200.00,100 גרם,false,1,7.50,3.75,true,1,
7290006342089,false,גרעין שחור 200 גרם ששון הקולה,"דין שיווק וקלייה בע""",,גרעין שחור 200 גרם ש,גרמים,200.00,100 גרם,false,1,6.30,3.15,true,1,
7290006342515,false,מנצס 200 גרם ששון הקולה,"דין שיווק וקלייה בע""",,מנצס 200 גרם ששון הק,גרמים,200.00,100 גרם,false,1,6.50,3.25,true,1,
7290006355065,false,קשקבליו איטלקי במשקל,,,קשקבליו איטלקי במשקל,Unknown,0.00,"ק""ג",true,0,199.00,199.00,true,1,
7290006355119,false,קשקבליו איטלקי מעושן במשקל,,,קשקבליו איטלקי מעושן,Unknown,0.00,"ק""ג",true,0,199.00,199.00,true,1,
7290006359643,false,קשקבל כבשים דותן במשקל,,,קשקבל כבשים דותן,Unknown,0.00,"ק""ג",true,0,161.00,161.00,true,1,
7290006374738,false,קונפיטורה תות יד מרדכי בטעם תות,אף.סי תבליני בגליל ב,,קונפיטורת יד מרדכי ת,גרמים,340.00,100 גרם,false,1,15.60,4.59,true,1,
7290006401366,false,"סבון לשטיפה אינטימית ליגיניה פרוטקטיב 200 מ""ל",)פייזר (קונסיומר הלט קר,,לגיניה פרוטקטיב סבון,מיליליטרים,200.00,"100 מ""ל",false,1,46.50,23.25,true,1,
7290006401373,false,ליגיניה סבון מרענן לשטיפה אינטימית,פייזר )קונסיומר הלט קר(,,לגיניה אקטיב סבון אי,מיליליטרים,250.00,"100 מ""ל",false,1,46.50,18.60,true,1,
7290006449023,false,עירית,,,עירית,Unknown,0.00,Unknown,false,1,3.90,3.90,true,1,
7290006449047,false,רוזמרין,,,רוזמרין,Unknown,0.00,Unknown,false,1,3.90,3.90,true,1,
7290006449559,false,עלי חסה שטופים,Unknown,,עלי חסה שטופים,Unknown,0.00,Unknown,false,1,12.90,12.90,true,1,
7290006464630,false,כף טרי,,,כף טרי,Unknown,0.00,"ק""ג",true,0,64.90,64.90,true,1,
<<<<<<< HEAD
7290006492432,false,גבינת מוצרלה בייבי 18% גד 150 גרם,מחלבות גד בעמ,,מוצרלה בייבי 150 גרם,גרמים,170.00,100 גרם,false,1,13.90,8.18,true,1,
7290006492616,false,גבינה בולגרית מעודנת פרוסות 5% גד 250 גרם,DSH עבור מחלבות גד ב,,בולגרית בפרוסות 5% 2,גרמים,250.00,100 גרם,false,1,26.80,10.72,true,1,
7290006492685,false,גבינת לאבנה עיזים 5% גד 250 גרם,מחלבות גד בעמ,,לבנה עיזים 3% 250 גר,גרמים,250.00,100 גרם,false,1,17.40,6.96,true,1,
7290006492852,false,גבינת עיזים למריחה 5% שומן 250 ג' גד,קריות זול,,גבינה לבנה עיזים 250,גרמים,250.00,100 גרם,false,1,16.40,6.56,true,1,
7290006492913,false,גבינת לאבנה ציזיקי 5% מחלבות גד 250 גרם,מחלבות גד בעמ,,לבנה ציזיקי 250 גרם,גרמים,250.00,100 גרם,false,1,13.20,5.28,true,1,
=======
7290006492432,false,גבינה מוצרלה בייבי 18% גד (150 גרם),מחלבות גד שיווק 1992 בעמ,,מוצרלה בייבי 150 גרם,גרמים,170.00,100 גרם,false,1,13.90,8.18,true,1,
7290006492616,false,גבינה בולגרית מעודנת פרוסות 5% גד 250 גרם,מחלבות גד שיווק 1992 בעמ,,בולגרית בפרוסות 5% 2,גרמים,250.00,100 גרם,false,1,26.80,10.72,true,1,
7290006492685,false,גבינת לאבנה עיזים 5% גד (250 גרם),מחלבות גד שיווק 1992 בעמ,,לבנה עיזים 3% 250 גר,גרמים,250.00,100 גרם,false,1,17.40,6.96,true,1,
7290006492852,false,גבינת עיזים למריחה 5% שומן 250 ג' גד,מחלבות גד שיווק 1992 בעמ,,גבינה לבנה עיזים 250,גרמים,250.00,100 גרם,false,1,16.40,6.56,true,1,
7290006492913,false,גבינת לאבנה ציזיקי 5% מחלבות גד 250 גרם,מחלבות גד שיווק 1992 בעמ,,לבנה ציזיקי 250 גרם,גרמים,250.00,100 גרם,false,1,13.20,5.28,true,1,
>>>>>>> d048ac2f4f281c9d788043ab4e81b61b0dbe3743
7290006520500,false,שוקיים עוף טרי,,,שוקיים עוף טרי,Unknown,0.00,"ק""ג",true,0,22.90,22.90,true,1,
7290006559029,false,כדורי מוצרלה בופלו במשקל,חוות הבואפלו,,כדורי מוצרלה בופלו,Unknown,0.00,"ק""ג",true,0,166.00,166.00,true,1,
7290006559098,false,לבנה בופאלו כדור בשמן זית 250גר,,,לבנה בופאלו כדור בשמ,גרמים,250.00,100 גרם,false,1,24.90,9.96,true,1,
7290006559265,false,גבינת מוצרלה בופאלו,,,מוצרלה בופאלו 250 גר,גרמים,250.00,100 גרם,false,1,34.90,13.96,true,1,
7290006559340,false,בוקצינו די בופאלו 150 גר,,,בוקצינו די בופאלו 15,גרמים,150.00,100 גרם,false,1,23.90,15.93,true,1,
7290006559388,false,"יורט סגנון של יוגורט 850 גרם ""בופלו""",מחלבת חוות הבופאלו,,יוגורט בסגנון יוגורט,גרמים,850.00,100 גרם,false,1,21.50,2.53,true,1,
7290006559395,false,יורט בסגנון יוגורט ביו 5% 200 גר,חוות הבואפלו,,יורט בסגנון יוגורט,גרמים,200.00,100 גרם,false,1,8.30,4.15,true,1,
7290006559470,false,יורט בסגנון יוגורט ביו 5% 200 גר,מחלבת חוות הבופאלו,,יורט בסגנון יוגורט ב,גרמים,200.00,100 גרם,false,1,9.70,4.85,true,1,
7290006559692,false,גבינת קדם %00 55ג' בופלו,,,גבינת קדם 5%,גרמים,500.00,100 גרם,false,1,26.90,5.38,true,1,
7290006578303,false,גבינת ברי כמהין במשק,איסיני סנט מור,FR,ברי כמהין 1000 גרם,Unknown,0.00,"ק""ג",true,0,260.00,260.00,true,1,
7290006582355,false,סילאן סירופ 900 גרם שקדיה,דין שיווק וקליה 2021 בעמ,,סילאן 900 גרם שקדיה,גרמים,900.00,100 גרם,false,1,15.90,1.77,true,1,
7290006582539,false,חמוציות בשקית ששון הקולה 250 גרם,דין שיווק וקליה 2021 בעמ,,חמוציות 250 גרם ששון,גרמים,250.00,100 גרם,false,1,11.90,4.76,true,1,
7290006618610,false,הפי ספוגיות לניקוי כלים חלביים ובשריים יעקבי 6 יחידות,יעקב יעקבי ובניו בעמ,,6 ספוגיות כלים בשרי/,Unknown,0.00,Unknown,false,1,11.00,11.00,true,1,
7290006652027,false,במבה חטיף בוטנים אסם 20*15 גרם,קבוצת אוסם סחר שותפות מוגבלת,,במבה מולטי פק 15 יחי,גרמים,300.00,100 גרם,false,1,23.90,7.97,true,1,
7290006653819,false,קוסקוס אמיתי דק בשקית 350 גרם,קבוצת אוסם סחר שותפות מוגבלת,,פתיתי קוסקוס דק 350,גרמים,350.00,100 גרם,false,1,10.00,2.86,true,1,
7290006660268,false,אקופרנד מרכך כביסה מרוכז מאסק 1 ליטר,,,אקופרנד מרכך כביסה מ,מיליליטרים,1000.00,"100 מ""ל",false,1,19.90,1.99,true,1,
7290006660411,false,בוטני מגבונים טבעיים ואקולוגיים,נטורפוד,,בוטני מגבונים טבעיים,Unknown,0.00,Unknown,false,1,9.90,9.90,true,1,
<<<<<<< HEAD
7290006664051,false,"אקטימל לבן 1.51 ק""ג מארז 14 יחידות",מיוצר עי קונדיטוריית,,מארז 14 יח אקטימל טב,ליטרים,0.00,ליטר,false,1,29.90,29.90,true,1,
7290006664402,false,גבינה לבנה סקי 5% שומן 750 גרם,מיוצר עי קונדיטוריית,,סקי 5% 750 גרם,גרמים,750.00,100 גרם,false,1,14.25,1.90,true,1,
7290006664532,false,יוגורט עם תות 3% שומן 150 ג' דנונה,מיוצר עי קונדיטוריית,,דנונה תות 3% 150 גר,גרמים,180.00,100 גרם,false,1,4.30,2.39,true,1,
7290006664655,false,"אקטימל לבן טבעי מארז 100X8 מ""ל",מיוצר עי קונדיטוריית,,אקטימל טבעי שמינייה,מיליליטרים,800.00,"100 מ""ל",false,1,20.90,2.61,true,1,
7290006664693,false,יוגורט עם אפרסק 3% שומן 150 ג' דנונה,מיוצר עי קונדיטוריית,,דנונה אפרסק 3% 150 ג,גרמים,180.00,100 גרם,false,1,4.30,2.39,true,1,
7290006664990,false,"יוגורט דנונה ביו לבן 1.7% שומן 8*150 מ""ל",מיוצר עי קונדיטוריית,,מארז ביו 1.7% 2+6 15,ליטרים,0.00,ליטר,false,1,16.90,16.90,true,1,
7290006666307,false,חומוס אורגינל סלטי מ,סלטי משני,,חומוס 300 גר,גרמים,300.00,100 גרם,false,1,13.50,4.50,true,1,
7290006666314,false,סלט טחינה משומשום טהור,סלטי משני,,טחינה אטרף 300 גר,גרמים,300.00,100 גרם,false,1,13.50,4.50,true,1,
7290006666338,false,סלט טחינה ירוקה עם פטרוזיליה,סלטי משני,,טחינה ירוקה 300 גר,גרמים,300.00,100 גרם,false,1,14.80,4.93,true,1,
7290006666420,false,סלט כרוב קולסלאו בסגנון אמריקאי,סלטי משני,,קולסלו כרוב אמריקאי,גרמים,300.00,100 גרם,false,1,15.90,5.30,true,1,
7290006666444,false,סלט עגבניות מטבוחה חריף,סלטי משני,,סלט מטבוחה 300 גר,גרמים,300.00,100 גרם,false,1,21.90,7.30,true,1,
7290006666451,false,סלט עגבניות סלסה חריף,סלטי משני,,סלסה 300 גר,גרמים,300.00,100 גרם,false,1,22.90,7.63,true,1,
7290006666468,false,סלט גזר חריף במיץ לימון,סלטי משני,,גזר בלימון 300 גר,גרמים,300.00,100 גרם,false,1,21.90,7.30,true,1,
7290006666499,false,סלט טונה לבנה ברוטב 300 גר,סלטי משני,,סלט טונה לבנה ברוטב,גרמים,300.00,100 גרם,false,1,27.50,9.17,true,1,
7290006666529,false,סלט פלפלים מרוקאי חריף,סלטי משני,,פלפל מרוקאי 300 גר,גרמים,300.00,100 גרם,false,1,22.90,7.63,true,1,
7290006681553,false,קרמבו בטעם וניל שטראוס 8 יחידות,"גלידת שטראוס בע""\מ",,שטראוס קרמבו וניל 8,Unknown,0.00,Unknown,false,1,13.90,13.90,true,1,
7290006681560,false,קרמבו בטעם מוקה שטראוס 8 יחידות,"גלידת שטראוס בע""\מ",,שטראוס קרמבו מוקה 8,Unknown,0.00,Unknown,false,1,13.90,13.90,true,1,
=======
7290006664051,false,"אקטימל לבן 1.51 ק""ג מארז 14 יחידות",שטראוס גרופ בעמ/מצונן,,מארז 14 יח אקטימל טב,ליטרים,0.00,ליטר,false,1,29.90,29.90,true,1,
7290006664402,false,גבינה לבנה סקי 5% שומן 750 גרם,שטראוס גרופ בעמ/מצונן,,סקי 5% 750 גרם,גרמים,750.00,100 גרם,false,1,14.25,1.90,true,1,
7290006664532,false,יוגורט עם תות 3% שומן 150 ג' דנונה,שטראוס גרופ בעמ/מצונן,,דנונה תות 3% 150 גר,גרמים,180.00,100 גרם,false,1,4.30,2.39,true,1,
7290006664655,false,דנונה Actimel יוגורט טבעי 8*100 מ``ל,שטראוס גרופ בעמ/מצונן,,אקטימל טבעי שמינייה,מיליליטרים,800.00,"100 מ""ל",false,1,20.90,2.61,true,1,
7290006664693,false,יוגורט עם אפרסק 3% שומן 150 ג' דנונה,שטראוס גרופ בעמ/מצונן,,דנונה אפרסק 3% 150 ג,גרמים,180.00,100 גרם,false,1,4.30,2.39,true,1,
7290006664990,false,"יוגורט דנונה ביו לבן 1.7% שומן 8*150 מ""ל",שטראוס גרופ בעמ/מצונן,,מארז ביו 1.7% 2+6 15,ליטרים,0.00,ליטר,false,1,16.90,16.90,true,1,
7290006666307,false,חומוס אורגינל סלטי מ,כ.מ.מ שיווק סלטי משני בעמ,,חומוס 300 גר,גרמים,300.00,100 גרם,false,1,13.50,4.50,true,1,
7290006666314,false,סלט טחינה משומשום טהור,כ.מ.מ שיווק סלטי משני בעמ,,טחינה אטרף 300 גר,גרמים,300.00,100 גרם,false,1,13.50,4.50,true,1,
7290006666338,false,סלט טחינה ירוקה עם פטרוזיליה,כ.מ.מ שיווק סלטי משני בעמ,,טחינה ירוקה 300 גר,גרמים,300.00,100 גרם,false,1,14.80,4.93,true,1,
7290006666345,false,סלט חצילים במיונז על האש,כ.מ.מ שיווק סלטי משני בעמ,,חציל במיונז 300 גר,גרמים,300.00,100 גרם,false,1,22.90,7.63,true,1,
7290006666420,false,סלט כרוב קולסלאו בסגנון אמריקאי,כ.מ.מ שיווק סלטי משני בעמ,,קולסלו כרוב אמריקאי,גרמים,300.00,100 גרם,false,1,15.90,5.30,true,1,
7290006666437,false,סלט טורקי סלטי משני,כ.מ.מ שיווק סלטי משני בעמ,,סלט טורקי 300 גר,גרמים,300.00,100 גרם,false,1,17.80,5.93,true,1,
7290006666444,false,סלט עגבניות מטבוחה חריף,כ.מ.מ שיווק סלטי משני בעמ,,סלט מטבוחה 300 גר,גרמים,300.00,100 גרם,false,1,21.90,7.30,true,1,
7290006666468,false,סלט גזר חריף במיץ לימון,כ.מ.מ שיווק סלטי משני בעמ,,גזר בלימון 300 גר,גרמים,300.00,100 גרם,false,1,21.90,7.30,true,1,
7290006666499,false,סלט טונה לבנה ברוטב 300 גר,כ.מ.מ שיווק סלטי משני בעמ,,סלט טונה לבנה ברוטב,גרמים,300.00,100 גרם,false,1,27.50,9.17,true,1,
7290006666529,false,סלט פלפלים מרוקאי חריף 300 גרם,כ.מ.מ שיווק סלטי משני בעמ,,פלפל מרוקאי 300 גר,גרמים,300.00,100 גרם,false,1,22.90,7.63,true,1,
7290006681553,false,קרמבו בטעם וניל שטראוס 8 יחידות,"גלידות שטראוס בע""מ",,שטראוס קרמבו וניל 8,Unknown,0.00,Unknown,false,1,13.90,13.90,true,1,
7290006681560,false,קרמבו בטעם מוקה שטראוס 8 יחידות,"גלידות שטראוס בע""מ",,שטראוס קרמבו מוקה 8,Unknown,0.00,Unknown,false,1,13.90,13.90,true,1,
>>>>>>> d048ac2f4f281c9d788043ab4e81b61b0dbe3743
7290006704221,false,פטריות פורטובלו,Unknown,,פטריות פורטובלו,Unknown,0.00,Unknown,false,1,9.99,9.99,true,1,
7290006705334,false,מקלות סורימי 200 גרם,,,מקלות סורימי 200 גרם,גרמים,200.00,100 גרם,false,1,4.80,2.40,true,1,
7290006705594,false,נתחי סורימי 200 גרם,,,נתחי סורימי 200 גרם,גרמים,200.00,100 גרם,false,1,5.20,2.60,true,1,
7290006707369,false,כרעיים עוף ללא אנטיביוטיקה במגש ע.טוב,עוף טוב,,כרעיים ללא אנטיביוטי,Unknown,0.00,"ק""ג",true,0,37.90,37.90,true,1,
7290006712981,false,"משחת שיניים קולגייט ספיידרמן מגיל שש 50 מ""ל",הנסיך- מפעל לייצור ט,,קולגייט משחת שיניים,Unknown,0.00,Unknown,false,1,13.50,13.50,true,1,
7290006724441,false,"דפי אורז מלא וטפיוקה 22 ס""מ לל""ג 270 גרם",,VN,דפי אורז מלא וטפיוקה,גרמים,270.00,100 גרם,false,1,13.90,5.15,true,1,
7290006724458,false,"דפי אורז וטפיוקה עגולים 22 ס""מ לל""ג 270",,VN,דפי אורז וטפיוקה עגו,גרמים,270.00,100 גרם,false,1,11.90,4.41,true,1,
7290006724472,false,טחינה אורגנית 500 גרם ליב,אחדות,,טחינה אורגנית 500 גר,גרמים,500.00,100 גרם,false,1,18.90,3.78,true,1,
7290006753915,false,נקניקיות מיני מרגז חריפות מעדני הטלה 500,מעדני הטלה והעגל,IL,מיני מרגז 500 גרם קפ,גרמים,500.00,100 גרם,false,1,34.90,6.98,true,1,
7290006764478,false,"בירה נשר מאלט בקבוק זכוכית 330 מ""ל",החברה המרכזית להפצת משקאות בעמ,,נשר מאלט בקבוק 330 מ,מיליליטרים,330.00,"100 מ""ל",false,1,4.90,1.48,true,1,
7290006764485,false,"בירה שחורה נשר מאלט שישייה ח""פ 330*6 מ''ל","טמפו משקאות בע""\ם.",,שישיית נשר מאלט בקבו,מיליליטרים,1980.00,"100 מ""ל",false,1,30.90,1.56,true,1,
7290006765895,false,בוטן בקליפה 200 גרם שושן הקולה,"דין שיווק וקלייה בע""",,בוטן בקליפה 200 גרם,גרמים,200.00,100 גרם,false,1,7.90,3.95,true,1,
7290006784360,false,חלונית סנט מוריץ לניקוי חלונות 1 ליטר,"קומפלקס כימיקלים בע""",,חלונית סנט מוריץ לני,ליטרים,0.00,ליטר,false,1,6.90,6.90,true,1,
7290006833822,false,נקניקיות עוף 600 גר מזרע,,,נקניקיות עוף 600 גר,גרמים,600.00,100 גרם,false,1,22.90,3.82,true,1,
7290006834539,false,גבינת קומבוזולה גרמנית במשקל,,,גבינת קומבוזולה,Unknown,0.00,"ק""ג",true,0,194.00,194.00,true,1,
7290006834546,false,גבינת שמברי גרמנית במשקל,,,גבינת שמברי גרמנית,Unknown,0.00,"ק""ג",true,0,204.00,204.00,true,1,
7290006834553,false,גבינת רוגט גרמני במשקל,,,גבינת רוגט גרמני,Unknown,0.00,"ק""ג",true,0,219.00,219.00,true,1,
7290006835321,false,קבנוס עגל מארז 250 ג,,,קבנוס עגל 250 גר,גרמים,250.00,100 גרם,false,1,22.90,9.16,true,1,
<<<<<<< HEAD
7290006983152,false,קרוטונים מתובלים למרק אסם 400 גרם,עינת תעשיות מזון אגו,,קרוטונים מתובלים למר,גרמים,400.00,100 גרם,false,1,19.60,4.90,true,1,
7290006983176,false,אוסם - לחמית שיפון 250 גרם,"אסם השקעות בע""\מ",,לחמית שיפון 230 גרם,גרמים,230.00,100 גרם,false,1,10.40,4.52,true,1,
7290006983770,false,עוגת הבית שיש אסם 400 גרם,מיוצר עי קונדיטוריית,,עוגת שיש 400 גרם,גרמים,400.00,100 גרם,false,1,12.50,3.13,true,1,
7290006983787,false,עוגת הבית שוקולד צ'יפס אסם 400 גרם,מיוצר עי קונדיטוריית,,עוגת שוקוציפס 400 גר,גרמים,400.00,100 גרם,false,1,12.50,3.13,true,1,
7290006992161,false,מטרנה - דייסת קורנפלור פרוביוטי 200 גרם,מולינו ניקולי s.p.a,,מטרנה דייסלה קורנפלו,גרמים,200.00,100 גרם,false,1,18.60,9.30,true,1,
7290006992208,false,מטרנה דייסת 8 דגנים מעורבים 200 גרם,מטרנה תעשיות ש.מ,,מטרנה דייסלה דגנים מ,גרמים,200.00,100 גרם,false,1,18.60,9.30,true,1,
7290006992390,false,"מטרנה - דייסת וניל פרוביוטי כשל""פ 200 גרם",מולינו ניקולי s.p.a,,"מטרנה דייסת וניל בד""",גרמים,200.00,100 גרם,false,1,18.60,9.30,true,1,
7290008000246,false,"פמינה - שטיפה אינטימית מועשר באלוורה 220 מ""ל",פמינה,,פמינה תחליב רחצה אינ,מיליליטרים,220.00,"100 מ""ל",false,1,36.90,16.77,true,1,
7290008000796,false,"סופרמן משחת שיניים לילדים בטעם פירות כצט 50 מ""ל",כצט נוביס,,משחת שיניים לילדים כ,Unknown,0.00,Unknown,false,1,11.80,11.80,true,1,
7290008000826,false,"משחת שיניים לילדים בטעם פירות לגילאים 2-6 כצט 50 מ""ל",כצט נוביס,,משחת שיניים לילדים כ,Unknown,0.00,Unknown,false,1,11.80,11.80,true,1,
=======
7290006983152,false,קרוטונים מתובלים למרק אסם (400 גרם),קבוצת אוסם סחר שותפות מוגבלת,,קרוטונים מתובלים למר,גרמים,400.00,100 גרם,false,1,19.60,4.90,true,1,
7290006983176,false,קרקר לחמית שיפון אסם (230 גרם),קבוצת אוסם סחר שותפות מוגבלת,,לחמית שיפון 230 גרם,גרמים,230.00,100 גרם,false,1,10.40,4.52,true,1,
7290006983770,false,עוגת הבית שיש אסם (400 גרם),קבוצת אוסם סחר שותפות מוגבלת,,עוגת שיש 400 גרם,גרמים,400.00,100 גרם,false,1,12.50,3.13,true,1,
7290006983787,false,עוגת הבית שוקולד צ'יפס אסם 400 גרם,קבוצת אוסם סחר שותפות מוגבלת,,עוגת שוקוציפס 400 גר,גרמים,400.00,100 גרם,false,1,12.50,3.13,true,1,
7290006992161,false,מטרנה - דייסת קורנפלור פרוביוטי 200 גרם,קבוצת אוסם סחר שותפות מוגבלת,,מטרנה דייסלה קורנפלו,גרמים,200.00,100 גרם,false,1,18.60,9.30,true,1,
7290006992208,false,מטרנה דייסת 8 דגנים מעורבים 200 גרם,קבוצת אוסם סחר שותפות מוגבלת,,מטרנה דייסלה דגנים מ,גרמים,200.00,100 גרם,false,1,18.60,9.30,true,1,
7290006992390,false,"מטרנה - דייסת וניל פרוביוטי כשל""פ 200 גרם",קבוצת אוסם סחר שותפות מוגבלת,,"מטרנה דייסת וניל בד""",גרמים,200.00,100 גרם,false,1,18.60,9.30,true,1,
7290008000796,false,"סופרמן משחת שיניים לילדים בטעם פירות כצט 50 מ""ל",גורי ע.ע.ע. בע`מ,,משחת שיניים לילדים כ,Unknown,0.00,Unknown,false,1,11.80,11.80,true,1,
7290008000826,false,"משחת שיניים לילדים בטעם פירות לגילאים 2-6 כצט 50 מ""ל",גורי ע.ע.ע. בע`מ,,משחת שיניים לילדים כ,Unknown,0.00,Unknown,false,1,11.80,11.80,true,1,
>>>>>>> d048ac2f4f281c9d788043ab4e81b61b0dbe3743
7290008017886,false,"כפתן - קרם פוליגונום לכף הרגל לעור קשה, סדוק ויבש",מורז,,קרם פוליגונום לכף הר,Unknown,0.00,Unknown,false,1,49.90,49.90,true,1,
7290008101264,false,זרעי צ'יה תבליני מימון 150 גרם,א.ל.ייצור ושיווק תבלינים בעמ,IL,זרעי ציה 150 גרם,גרמים,150.00,100 גרם,false,0,14.90,9.93,true,1,
7290008116541,false,שטיפת פה ליסטרין מנטה קריר 500 מ`ל,ג'\ונסון אנד ג'\ונסון,IT,מי פה ליסטרין מנטה ק,מיליליטרים,500.00,"100 מ""ל",false,1,19.80,3.96,true,1,
7290008116565,false,שטיפת פה ליסטרין מנטה מרענן 500 מ`ל,ג'\ונסון אנד ג'\ונסון,IT,מי פה ליסטרין מנטה מ,מיליליטרים,500.00,"100 מ""ל",false,1,19.80,3.96,true,1,
7290008154222,false,שניצלונים עוף טוב 700 גרם,קבוצת אוסם סחר-שות.מוגבלת,,שניצלונים עוף טוב 70,גרמים,700.00,100 גרם,false,1,22.90,3.27,true,1,
7290008175173,false,חמאה מפינלנד ללא מלח 200 גרם ויליפוד,ג.וילי-פוד אינטרנשיונל **גבינו,,חמאה ללא תוספת מלח 2,גרמים,200.00,100 גרם,false,1,11.90,5.95,true,1,
7290008175210,false,גבינת פרמזן מגורדת 90ג' ויליפוד,ג.וילי-פוד אינטרנשיונל **גבינו,,פרמזן מגורדת 90 גר,Unknown,0.00,Unknown,false,1,16.90,16.90,true,1,
7290008175760,false,מנצגו חלב כבשים מעדניה שקיל,אלפסטור,,מנצגו חלב כבשים שקיל,Unknown,0.00,"ק""ג",true,0,99.00,99.00,true,1,
7290008175814,false,וילי פוד פטריות שמפיניון חתוך בדץ 400ג,ג.וילי-פוד אינטרנשיונל בעמ,NL,וילי פוד פטריות שמפנ,גרמים,400.00,100 גרם,false,1,4.90,1.23,true,1,
7290008263023,false,פסטה פוסילי מלא אורגני הרדוף 500 גרם,פסטיפיסוי פליצ'טי,,פוסילי אורגני מלא או,גרמים,500.00,100 גרם,false,1,10.90,2.18,true,1,
7290008263047,false,ספגטי קמח לבן אורגני500ג,פסטיפיסוי פליצ'טי,,ספגטי אורגני לבן 500,גרמים,500.00,100 גרם,false,1,10.90,2.18,true,1,
7290008263214,false,ממרח חרובים אורגני-הרדוף 350 גר,ברינקרס פוד,,ממרח חרובים אורגני-ה,גרמים,350.00,100 גרם,false,1,26.90,7.69,true,1,
7290008263597,false,קוואקר אורגני הרדוף 500 גרם,אול אורגני,,קוואקר אורגני הרדוף,גרמים,500.00,100 גרם,false,1,10.90,2.18,true,1,
7290008263641,false,קוואקר עדין אורגני 500 גרם - הרדוף,אול אורגני,,קוואקר אורגני עדין 5,גרמים,500.00,100 גרם,false,1,10.90,2.18,true,1,
7290008263658,false,"משקה סויה ללת""ס אורגני 1 ליטר",ליקואטס,,"משקה סויה ללת""ס אורג",מיליליטרים,1000.00,"100 מ""ל",false,1,11.90,1.19,true,1,
7290008324083,false,"יומי ויטמין C - מכיל 60 מ""ג ויטמין C בטעם תפוז",אלטמן,,יומי סי תפוז 100 יחי,Unknown,0.00,Unknown,false,1,59.90,59.90,true,1,
7290008329262,false,מרקיה לבנה 25 יח,,TR,מרקיה לבנה 25 יח,Unknown,1.00,Unknown,false,1,7.90,7.90,true,1,
7290008329293,false,סכינים פרימיום שקוף/קרם/לבן/זהב דנטס אר' 50 יח',,TR,סכינים פרימיום שקוף/,Unknown,1.00,Unknown,false,1,8.90,8.90,true,1,
7290008329309,false,מזלגות פרמיום שקוף/קרם/לבן/זהב דנטס אר 50 יח,,TR,מזלגות פרמיום שקוף/ק,Unknown,1.00,Unknown,false,1,8.90,8.90,true,1,
7290008329316,false,כפות פרימיום שקוף/קרם/לבן/זהב דנטס 50 יח,,TR,כפות פרימיום שקוף/קר,Unknown,1.00,Unknown,false,1,8.90,8.90,true,1,
<<<<<<< HEAD
7290008330107,false,מרכך כביסה בדין סגול 4 ליטר,יוניליור ישראל טיפוח איש,,בדין 4 ליטר סגול,ליטרים,0.00,ליטר,false,1,19.90,19.90,true,1,
7290008343473,false,עלים לסיגרים שלושת האופים 500 ג',שגמור בעמ,,עלי בצק למילוי סגרים,גרמים,500.00,100 גרם,false,1,14.90,2.98,true,1,
7290008343558,false,"סיגרים בשר שלושת האופים 1 ק""ג","שלושת האופים בע""\מ",,"סיגר בשר 1 ק""ג",Unknown,0.00,Unknown,false,1,22.90,22.90,true,1,
7290008343565,false,"סיגרים תפו""א 1 ק""ג שלושת האופים","שלושת האופים בע""\מ",,"סיגר תפו""א 1 ק""ג",Unknown,0.00,Unknown,false,1,22.90,22.90,true,1,
7290008343572,false,"אגרול סיני 1 ק""ג שלושת האופים","שלושת האופים בע""\מ",,"אגרול 1 ק""ג",Unknown,0.00,Unknown,false,1,22.90,22.90,true,1,
7290008343602,false,"קובה בשר 1 ק""ג שלושת האופים","שלושת האופים בע""\מ",,"קובה בשר 1 ק""ג",Unknown,0.00,Unknown,false,1,22.90,22.90,true,1,
7290008347211,false,אצבעות דג מצופות דלידג 700 גרם,אף.סי תבליני בגליל ב,,אצבעות דג 700 גרם,גרמים,700.00,100 גרם,false,1,29.50,4.21,true,1,
=======
7290008330107,false,מרכך כביסה סגול בדין (4 ליטר),יוניליוור ישראל שיווק בע`מ,,בדין 4 ליטר סגול,ליטרים,0.00,ליטר,false,1,19.90,19.90,true,1,
7290008343466,false,בצק פילו שלושת האופים (500 גרם),שלושת האופים שגמור,,בצק פילו 500 גר,גרמים,500.00,100 גרם,false,1,21.90,4.38,true,1,
7290008343473,false,עלים לסיגרים שלושת האופים 500 ג',שגמור בעמ,,עלי בצק למילוי סגרים,גרמים,500.00,100 גרם,false,1,14.90,2.98,true,1,
7290008343558,false,סיגרים במילוי בשר פיקנטי 1 ק``ג קפוא,נטו מלינדה סחר בע`מ,,"סיגר בשר 1 ק""ג",Unknown,0.00,Unknown,false,1,22.90,22.90,true,1,
7290008343565,false,"סיגרים תפו""א 1 ק""ג שלושת האופים",נטו מלינדה סחר בעמ,,"סיגר תפו""א 1 ק""ג",Unknown,0.00,Unknown,false,1,22.90,22.90,true,1,
7290008343572,false,אגרול סיני 1 קג -שלושת האופים,נטו מלינדה סחר בע`מ,,"אגרול 1 ק""ג",Unknown,0.00,Unknown,false,1,22.90,22.90,true,1,
7290008347211,false,אצבעות דג מצופות דלידג (700 גרם),אף.סי תבליני בגליל ב,,אצבעות דג 700 גרם,גרמים,700.00,100 גרם,false,1,29.50,4.21,true,1,
>>>>>>> d048ac2f4f281c9d788043ab4e81b61b0dbe3743
7290008403191,false,גבינת קשקבל בשלה במשקל,לקטיס סאן וינשנטה,,גבינת קשקבל בשלה,Unknown,0.00,"ק""ג",true,0,99.00,99.00,true,1,
7290008403832,false,אולד רוטרדם בקר במשקל,הנרי ויליך,,אולד רוטרדם בקר במשק,Unknown,0.00,"ק""ג",true,0,139.00,139.00,true,1,
7290008408073,false,"EVEN קרם קרטין טיפולי לשיער צבוע/פגום 500 מ""ל",י.שיאון,,מים מזוקקים בגלון 4,ליטרים,0.00,ליטר,false,1,15.20,15.20,true,1,
7290008409049,false,שניצלונים בציפוי שומשום מיני מיני דק מאמא עוף 500 גרם,תנובה מרכז שיתופי לשיווק תוצרת,,מאמא עוף מיני שניצלי,גרמים,500.00,100 גרם,false,1,27.90,5.58,true,1,
7290008409100,false,אצבעות שניצל בציפוי שומשום מאמא עוף 700 גרם,תנובה גליל שותפות מוגבלת,,אצבעות שניצל בציפוי,גרמים,700.00,100 גרם,false,1,36.90,5.27,true,1,
7290008409124,false,מאמא עוף קפוא שניצל ג'ונגל פריך 700 גרם,תנובה מרכז שיתופי לשיווק תוצרת,,שניצל גונגל מאמא עוף,גרמים,700.00,100 גרם,false,1,36.90,5.27,true,1,
7290008409216,false,מאמא עוף קפוא שניצל דק פריך 700 גרם,תנובה מרכז שיתופי לשיווק תוצרת,,שניצל דק דק פריך 700,גרמים,700.00,100 גרם,false,1,39.90,5.70,true,1,
7290008409315,false,שניצלונים בציפוי פריך מיני מיני דק מאמא עוף 500 גרם,תנובה מרכז שיתופי לשיווק תוצרת,,מאמא עוף מיני שניצלי,גרמים,500.00,100 גרם,false,1,27.90,5.58,true,1,
7290008409407,false,שניצל דק דק צ`יפס מאמא עוף (700 גרם),תנובה גליל שותפות מוגבלת,,שניצל דק בציפוי ציפס,גרמים,700.00,100 גרם,false,1,39.90,5.70,true,1,
7290008409551,false,שניצל עוף אמיתי בציפוי מעודן 700 ג' מאמא עוף,תנובה מרכז שיתופי לשיווק תוצרת,,שניצל עוף אמיתי בציפ,גרמים,700.00,100 גרם,false,1,41.70,5.96,true,1,
7290008415071,false,צבר חומוס עם טחינה עגול 150 גרם,קבוצת אוסם סחר שותפות מוגבלת,,חומוס עם טחינה 150 ג,גרמים,150.00,100 גרם,false,1,5.80,3.87,true,1,
7290008415514,false,צבר חומוס עם חריף עגול 150 גרם,קבוצת אוסם סחר שותפות מוגבלת,,חומוס עם חריף 150 גר,גרמים,150.00,100 גרם,false,1,5.80,3.87,true,1,
7290008425186,false,זיתים אורגניים סורי400גר,,,זיתים סורי 400 גרם,גרמים,400.00,100 גרם,false,1,22.90,5.73,true,1,
7290008437011,false,שריר טרי,,,שריר בקר טרי,Unknown,0.00,"ק""ג",true,0,49.90,49.90,true,1,
7290008437127,false,רגל עגל חלב קפוא מזרע,,,רגל עגל קפוא מזרע,Unknown,0.00,"ק""ג",true,0,34.00,34.00,true,1,
7290008437646,false,שקית גופיה טיב טעם,,,שקית גופיה,Unknown,0.00,Unknown,false,1,0.10,0.10,true,1,
7290008438285,false,גבינה אמנטל שוויצרי במשקל,,,גבינה אמנטל שוויצרי,Unknown,0.00,"ק""ג",true,0,215.00,215.00,true,1,
7290008439411,false,בלוק פטה אווז במשקל,,,בלוק פטה אווז במשקל,Unknown,0.00,"ק""ג",true,0,70.00,70.00,true,1,
7290008442053,false,אנטריקוט בקר עע טרי,,,אנטריקוט בקר עע טרי,Unknown,0.00,"ק""ג",true,0,119.90,119.90,true,1,
<<<<<<< HEAD
7290008443647,false,"מרכך לשיער מתולתל סגול, 750 מ""ל נקה 7","אמיליה קוסמטיקס בע""מ",,נקה 7 מייצב מתולתל ס,מיליליטרים,750.00,"100 מ""ל",false,1,14.50,1.93,true,1,
7290008461238,false,"סרדינים בשמן חמניות ופלפל חריף רוברט 84 גרם, 115 גרם",קונסוורס,,סרדין רוברט בשמן חמנ,גרמים,120.00,100 גרם,false,1,7.90,6.58,true,1,
7290008462204,false,חרדל דיז'ון מקורי נטו מאי 380 גרם,יוליניבר,,חרדל דיזון מקורי 380,גרמים,380.00,100 גרם,false,1,15.90,4.18,true,1,
7290008462259,false,חרדל דיז'ון גרגירים מיילי 380 גרם,בונגראן,,חרדל דיזיון גרגירים,גרמים,345.00,100 גרם,false,1,18.90,5.48,true,1,
7290008464130,false,"בירה גולדסטאר Unfiltered, בירה לא מסוננת, מארז שישייה, בקבוק 330 מ""ל",טמפו,,שישיית בירה גולדסטאר,מיליליטרים,1980.00,"100 מ""ל",false,1,32.90,1.66,true,1,
7290008464468,false,"בירה גולדסטאר, פחית 500 מ""ל",פארייפאבה אגרואינדוס,,"גולדסטאר פחית 500 מ""",מיליליטרים,500.00,"100 מ""ל",false,1,8.50,1.70,true,1,
=======
7290008443647,false,"מרכך לשיער מתולתל סגול, 750 מ""ל נקה 7",החברה הדרומית לשיווק בעמ,,נקה 7 מייצב מתולתל ס,מיליליטרים,750.00,"100 מ""ל",false,1,14.50,1.93,true,1,
7290008461238,false,"סרדינים בשמן חמניות ופלפל חריף רוברט 84 גרם, 115 גרם",א. סיימן סחר בעמ,,סרדין רוברט בשמן חמנ,גרמים,120.00,100 גרם,false,1,7.90,6.58,true,1,
7290008462204,false,חרדל דיז'ון מקורי נטו מאי 380 גרם,א. סיימן סחר בעמ,,חרדל דיזון מקורי 380,גרמים,380.00,100 גרם,false,1,15.90,4.18,true,1,
7290008462259,false,חרדל דיז'ון גרגירים מיילי 380 גרם,א. סיימן סחר בעמ,,חרדל דיזיון גרגירים,גרמים,345.00,100 גרם,false,1,18.90,5.48,true,1,
7290008464130,false,"בירה גולדסטאר Unfiltered, בירה לא מסוננת, מארז שישייה, בקבוק 330 מ""ל",טמפו משקאות בעמ,,שישיית בירה גולדסטאר,מיליליטרים,1980.00,"100 מ""ל",false,1,32.90,1.66,true,1,
7290008464468,false,בירה בפחית גולדסטאר (500 מל),פארייפאבה אגרואינדוס,,"גולדסטאר פחית 500 מ""",מיליליטרים,500.00,"100 מ""ל",false,1,8.50,1.70,true,1,
>>>>>>> d048ac2f4f281c9d788043ab4e81b61b0dbe3743
7290008464611,false,"הסודה של טמפו, מי סודה בגיזוז חזק, 275 מל",טמפו משקאות בעמ,IL,מי סודה 275 מל,מיליליטרים,275.00,"100 מ""ל",false,1,3.10,1.13,true,1,
7290008464697,false,"בירה מכבי 7.9%, בירה חזקה, מארז שישייה, בקבוק 330 מ""ל",טמפו משקאות בעמ,,שישיית בירה מכבי 7.9,מיליליטרים,1980.00,"100 מ""ל",false,1,36.90,1.86,true,1,
7290008464703,false,"שישיית בירה מכבי בקבוק 330 מ""ל",טמפו משקאות בע''מ,,שישיית בקבוקי מכבי 3,מיליליטרים,1980.00,"100 מ""ל",false,1,35.90,1.81,true,1,
7290008464741,false,"בירה גולדסטאר, מארז שישייה, בקבוק 330 מ''ל","טמפו משקאות בע""\מ",,שישיית בקבוקי גולדסט,מיליליטרים,1980.00,"100 מ""ל",false,1,29.90,1.51,true,1,
7290008464796,false,"בירה היינקן, מארז שישייה, בקבוק 330 מ''ל",טמפו משקאות בע''מ,,שישיית הייניקן בקבוק,מיליליטרים,1980.00,"100 מ""ל",false,1,34.90,1.76,true,1,
7290008473057,false,מגבונים קמיל בלו טו גו שקית 3*30 יח,"ד""ר פישר Dr fischer",,מגבוני סנסטיב דר פיש,Unknown,0.00,Unknown,false,1,18.40,18.40,true,1,
<<<<<<< HEAD
7290008493413,false,פירורי לחם מאיר בייגל פירורי גריסיני 200 גרם,מאיר את ביגל,,פירורי גריסיני מאיר,גרמים,200.00,100 גרם,false,1,6.20,3.10,true,1,
7290008493710,false,פרורי גריסני זהב פירורי לחם מאיר בייגל 200 גרם,מאיר את ביגל,,פירורי גריסיני בייגל,גרמים,200.00,100 גרם,false,1,6.20,3.10,true,1,
7290008644112,false,סלט מטבוחה יום יום אחלה 125 גרם,"שטראוס גרופ בע""\מ",,מטבוחה יום יום 125 ג,גרמים,125.00,100 גרם,false,1,4.90,3.92,true,1,
7290008644235,false,עלי בייבי שטראוס 120 גרם,שטראוס בריאות ירקות טריי,,עלי בייבי אחלה טבע,גרמים,120.00,100 גרם,false,1,11.90,9.92,true,1,
7290008644839,false,ח.ערבית/איסברג-300שטראוס,תות תעשיות מזון (201,,חסה אחלה טבע,גרמים,300.00,100 גרם,false,1,10.90,3.63,true,1,
7290008644945,false,לקט לסלט המושבה שטראוס 450 גרם,שטראוס בריאות ירקות טריי,,סלט המושבה אחלה טבע,גרמים,450.00,100 גרם,false,1,11.90,2.64,true,1,
7290008645935,false,חומוס לניגוב 750 ג' אחלה,"שטראוס גרופ בע""\מ",,חומוס אחלה 750 גרם,גרמים,750.00,100 גרם,false,1,9.90,1.32,true,1,
=======
7290008493413,false,פירורי לחם מאיר בייגל פירורי גריסיני 200 גרם,"דנשר (1963) בע,מ",,פירורי גריסיני מאיר,גרמים,200.00,100 גרם,false,1,6.20,3.10,true,1,
7290008493710,false,פרורי גריסני זהב פירורי לחם מאיר בייגל 200 גרם,"דנשר (1963) בע,מ",,פירורי גריסיני בייגל,גרמים,200.00,100 גרם,false,1,6.20,3.10,true,1,
7290008644112,false,אחלה יום יום סלט מטבוחה יום יום 125 גרם,שטראוס גרופ בעמ/מצונן,,מטבוחה יום יום 125 ג,גרמים,125.00,100 גרם,false,1,4.90,3.92,true,1,
7290008644235,false,מבחר עלי בייבי 120 גרם-טעם הטבע,שטראוס בריאות ירקות טריי,,עלי בייבי אחלה טבע,גרמים,120.00,100 גרם,false,1,11.90,9.92,true,1,
7290008644839,false,ח.ערבית/איסברג-300שטראוס,ביכורי השדה הצפון בעמ` 1964,,חסה אחלה טבע,גרמים,300.00,100 גרם,false,1,10.90,3.63,true,1,
7290008644945,false,סלט המושבה שטראוס 450 גר`-טעם הטבע,שטראוס בריאות ירקות טריי,,סלט המושבה אחלה טבע,גרמים,450.00,100 גרם,false,1,11.90,2.64,true,1,
7290008645935,false,אחלה חומוס לניגוב 750 גרם,שטראוס גרופ בעמ/מצונן,,חומוס אחלה 750 גרם,גרמים,750.00,100 גרם,false,1,9.90,1.32,true,1,
7290008670135,false,רקנאטי גליל עליון סוביניון בלאן 750 מל,רקנאטי,,רקנאטי גליל עליון סו,Unknown,0.00,Unknown,false,1,62.90,62.90,true,1,
>>>>>>> d048ac2f4f281c9d788043ab4e81b61b0dbe3743
7290008670388,false,רקנאטי רוזה 2007 750 מל,רקנאטי,,רקנאטי רוזה 2007 750,Unknown,0.00,Unknown,false,1,77.90,77.90,true,1,
7290008679428,false,כפפות הנדי לבית ולמטבח בינוני,גורי מוצרי צריכה בעמ,,כפפות הנדי לבית למטב,Unknown,0.00,Unknown,false,1,7.80,7.80,true,1,
7290008690713,false,נקטר חמוציות אושן ספריי פריגת (1 ליטר),החברה המרכזית להפצת משקאות בעמ,,נקטר אושן ספריי 1 ל,מיליליטרים,1000.00,"100 מ""ל",false,1,11.70,1.17,true,1,
7290008693134,false,מעדן גבינה ויוגורט בטעם תות 5% שומן 88 ג' דניאלה,שטראוס גרופ בעמ/מצונן,,דניאלה תות 88 גרם,גרמים,88.00,100 גרם,false,1,4.10,4.66,true,1,
7290008745239,false,תפוצ'יפס קראנצ' בטעם טבעי עלית 50 גרם,"שטראוס פריטו ליי בע""\מ )",,תפוציפס אקסטרא טבעי,גרמים,50.00,100 גרם,false,1,4.00,8.00,true,1,
7290008747547,false,תפוצ'יפס קראנץ' בטעם טבעי עלית 200 גרם,"שטראוס פריטו ליי בע""\מ )",,תפוציפס קראנץ טבעי 2,גרמים,200.00,100 גרם,false,1,9.90,4.95,true,1,
7290008752244,false,תפוצ'יפס קראנץ' בטעם גריל עלית 50 גרם,"שטראוס פריטו ליי בע""\מ )",IL,תפוציפס קראנצי גריל,גרמים,50.00,100 גרם,false,1,4.00,8.00,true,1,
7290008753111,false,תפוצ'יפס קראנץ' בטעם מקסיקני עלית 50 גרם,"שטראוס פריטו ליי בע""\מ )",,תפוציפס קראנצי מקסיק,גרמים,50.00,100 גרם,false,1,4.00,8.00,true,1,
7290008753371,false,דוריטוס 55 גר`נאצ`ו מקסיקני,שטראוס פריטו ליי בעמ,IL,דוריטוס נאצו 55 גר,גרמים,55.00,100 גרם,false,1,4.10,7.45,true,1,
7290008754415,false,גומי מאסט בטעם ספירמינט עדין פליפטופ 28 ג' עלית,שטראוס גרופ בע`מ,IL,מסטיק מאסט מגדים ספי,Unknown,0.00,Unknown,false,1,4.60,4.60,true,1,
7290008757027,false,"שוופס טוניק 250 מ""ל זכוכית",יפאורה שותפות מובגלת לשיווק,,שוופס 250 טוניק בקבו,מיליליטרים,250.00,"100 מ""ל",false,1,6.90,2.76,true,1,
7290008757034,false,"שוופס סודה זכוכית 250 מ""ל",יפאורה שותפות מוגבלת לשיווק,,"שוופס סודה 250 מ""ל ז",מיליליטרים,250.00,"100 מ""ל",false,1,4.50,1.80,true,1,
7290008775816,false,ערגליות עוגיות במילוי שוקולד אסם 300 גרם,קבוצת אוסם סחר שותפות מוגבלת,,ערגליות שוקו 300 גרם,גרמים,300.00,100 גרם,false,1,6.50,2.17,true,1,
7290008775823,false,ערגליות עוגיות תות שדה אסם 300 גרם,קבוצת אוסם סחר שותפות מוגבלת,,ערגליות תות 300 גרם,גרמים,300.00,100 גרם,false,1,6.50,2.17,true,1,
7290008776028,false,המבורגר קלאסי קפוא,,,המבורגר קלאסי קפוא,גרמים,300.00,100 גרם,false,0,26.50,8.83,true,1,
7290008776103,false,קוביות לגולש עגל טרי,,,קוביות לגולש עגל טרי,Unknown,0.00,"ק""ג",true,0,69.90,69.90,true,1,
<<<<<<< HEAD
7290008801843,false,"יין קברנה סוביניון סלקטד כרמל 750 מ""ל","כד בני דרום בע""מ",,קברנה סוביניון אדום,Unknown,0.00,Unknown,false,1,25.20,25.20,true,1,
=======
7290008801157,false,"יין מרלו סלקטד כרמל כרמל 750 מ""ל",אגודת הכורמים -כרמל מזרחי,,"מרלו אדום יבש 750 מ""",Unknown,0.00,Unknown,false,1,25.20,25.20,true,1,
7290008801843,false,סלקטד קברנה סובניון יקבי כרמל (750 מל),אגודת הכורמים בעמ,,קברנה סוביניון אדום,Unknown,0.00,Unknown,false,1,25.20,25.20,true,1,
>>>>>>> d048ac2f4f281c9d788043ab4e81b61b0dbe3743
7290008801850,false,סלקטד אמרלד ריזלינג לבן חצי יבש 750 מל,אגודת הכורמים הקואופרטיב,,סלקטד אמרלד ריזלינג,Unknown,0.00,Unknown,false,1,29.90,29.90,true,1,
7290008834810,false,שומן כבש (ליה כבש),,,פילה עגל טרי,Unknown,0.00,"ק""ג",true,0,229.90,229.90,true,1,
7290008835992,false,פילה נסיכת הנילוס קפוא בלדי,בלדי בעמ,,פילה נסיכת הנילוס,Unknown,0.00,"ק""ג",true,0,74.00,74.00,true,1,
7290008846219,false,"שמן זית כתית מעולה חלוצה 750 מ""ל",האי נאם סי או אל.טי.,,שמן זית כתית מעולה 7,מיליליטרים,750.00,"100 מ""ל",false,1,41.90,5.59,true,1,
7290008849609,false,אוליביה רוטב לעוף שום דבש (330 גרם),תה ויסוצקי (ישראל) בעמ,,רוטב שום דבש לעוף,גרמים,310.00,100 גרם,false,1,13.90,4.48,true,1,
7290008849838,false,טפנד זיתים אוליביה 190 גר',"אוליביה גורמה בע""מ",IL,טפנד זיתים אוליביה 1,גרמים,180.00,100 גרם,false,1,15.60,8.67,true,1,
7290008855136,false,ניוקי תפוא מעדניה,Unknown,,"ניוקי תפו""א 450 גרם",גרמים,450.00,100 גרם,false,0,35.90,7.98,true,1,
7290008855143,false,ניוקי בטטה מעדניה,Unknown,,ניוקי בטטה 450 גרם,גרמים,450.00,100 גרם,false,0,38.90,8.64,true,1,
7290008855204,false,רביולי עיזים מעדניה,Unknown,,רביולי צאן 450 גרם,גרמים,450.00,100 גרם,false,0,49.90,11.09,true,1,
7290008855228,false,רביולי תרד וריקוטה פ,Unknown,,רביולי בטטה 450 גרם,גרמים,450.00,100 גרם,false,0,49.90,11.09,true,1,
7290008855327,false,טורטליני גבינות במשקל,Unknown,,טורטליני גבינות 450,גרמים,450.00,100 גרם,false,0,49.90,11.09,true,1,
7290008855426,false,רוטב אלפרדו שמנת 250 גרם,Unknown,,רוטב אלפרדו שמנת 250,מיליליטרים,250.00,"100 מ""ל",false,1,37.90,15.16,true,1,
7290008855433,false,רוטב פסטו 250 מל,Unknown,,רוטב פסטו 250 גר,גרמים,250.00,100 גרם,false,1,37.90,15.16,true,1,
7290008855440,false,רוטב שמנת ועגבניות 250 גר,Unknown,,רוטב שמנת ועגבניות 2,גרמים,250.00,100 גרם,false,1,37.90,15.16,true,1,
7290008855563,false,רביולי פורמגו מעדנה,Unknown,,רביולי פורמגו 450 גר,גרמים,450.00,100 גרם,false,0,49.90,11.09,true,1,
7290008909853,false,"קוקה קולה זירו בקבוק 500 מ""ל.",החברה המרכזית להפצת משקאות בעמ,,"קוקה קולה 500 מ""ל Z",מיליליטרים,500.00,"100 מ""ל",false,1,7.50,1.50,true,1,
7290008909884,false,"קוקה קולה זירו 350 מ""ל בקבוק זכוכית",החברה המרכזית להפצת משקאות בעמ,,קוקה קולה ZERO קלאסי,מיליליטרים,350.00,"100 מ""ל",false,1,5.90,1.69,true,1,
7290008961127,false,טושיונקה בקר רוסית 400 גרם,גוד פוד ג'.א'.ג'י. ב,,טושיונקה בקר רוסית 4,גרמים,400.00,100 גרם,false,1,22.90,5.73,true,1,
7290008961158,false,"מעדן -קונפיטורה דובדבן 1.25 ק""ג",,UA,מעדן -קונפיטורה דובד,קילוגרמים,0.00,"ק""ג",false,1,36.50,36.50,true,1,
7290008961370,false,עגבניות מוחמצות פוסו,,UA,עגבניות מוחמצות 650,גרמים,650.00,100 גרם,false,1,8.90,1.37,true,1,
7290008961585,false,כוסמת פוסולסקי דבור 800 גר,סנקי,IL,כוסמת פוסולסקי דבור,גרמים,800.00,100 גרם,false,1,13.90,1.74,true,1,
<<<<<<< HEAD
7290010002016,false,כוסברה טחונה תבליני מימון 100 גרם,א.ל ייצור ושיווק תבל,,כוסברה טחון 100 גרם,גרמים,100.00,100 גרם,false,1,9.40,9.40,true,1,
7290010002023,false,כורכום הודי טחון תבליני מימון 100 גרם,א.ל ייצור ושיווק תבלינים,,כורכום הודי טחון 100,גרמים,100.00,100 גרם,false,1,11.60,11.60,true,1,
7290010002030,false,תבלין כמון טחון תבליני מימון 100 גרם,א.ל ייצור ושיווק תבלינים,,כמון 100 גרם,גרמים,100.00,100 גרם,false,1,11.60,11.60,true,1,
7290010002061,false,פלפל לבן טחון תבליני מימון 100 גרם,א.ל ייצור ושיווק תבל,,פלפל לבן טחון 120 גר,גרמים,100.00,100 גרם,false,1,16.70,16.70,true,1,
7290010002078,false,פלפל שחור טחון תבליני מימון 100 גרם,א.ל ייצור ושיווק תבלינים,,פלפל שחור טחון 120 ג,גרמים,100.00,100 גרם,false,1,15.50,15.50,true,1,
7290010002108,false,תבלין פלפל שחור גרוס גס תבליני מימון 90,א.ל ייצור ושיווק תבלינים,,פלפל שחור גרוס גס 90,גרמים,90.00,100 גרם,false,1,15.50,17.22,true,1,
7290010002122,false,פפריקה הונגרית מתוקה תבליני מימון 100 גרם,א.ל ייצור ושיווק תבלינים,,פפריקה הונגרית מתוקה,גרמים,100.00,100 גרם,false,1,11.60,11.60,true,1,
7290010002139,false,פפריקה הונגרית חריפה תבליני מימון 100 גרם,א.ל ייצור ושיווק תבלינים,,פפריקה הונגרית חריפה,גרמים,100.00,100 גרם,false,1,11.60,11.60,true,1,
7290010002153,false,פפריקה מרוקאית חריפה תבליני מימון 100 גרם,א.ל ייצור ושיווק תבלינים,,פפריקה מרוקאית חריפה,גרמים,100.00,100 גרם,false,1,11.60,11.60,true,1,
7290010002191,false,תבלין מקלות קינמון תבליני מימון 50 גרם,א.ל ייצור ושיווק תבל,,מקלות קינמון 50 גרם,גרמים,50.00,100 גרם,false,1,11.90,23.80,true,1,
7290010002207,false,תבלין קינמון טחון תבליני מימון 100 גרם,א.ל ייצור ושיווק תבלינים,,קינמון טחון 100 גרם,גרמים,100.00,100 גרם,false,1,9.40,9.40,true,1,
7290010002290,false,תיבול לשווארמה תבליני מימון 100 גרם,א.ל ייצור ושיווק תבל,,תערובת לשווארמה טורק,גרמים,100.00,100 גרם,false,1,11.40,11.40,true,1,
7290010002306,false,תיבול לקציצות תבליני מימון 100 גרם,א.ל ייצור ושיווק תבל,,תערובת לקציצות 100 ג,גרמים,100.00,100 גרם,false,1,11.40,11.40,true,1,
7290010002320,false,תיבול לגריל עוף תבליני מימון 100 גרם,א.ל ייצור ושיווק תבלינים,,תבלין גריל עוף 130 ג,גרמים,100.00,100 גרם,false,1,11.40,11.40,true,1,
7290010002351,false,זעתר ושומשום תבליני מימון 100 גרם,א.ל ייצור ושיווק תבלינים,,זעתר ושומשום בלדי 10,גרמים,100.00,100 גרם,false,1,11.40,11.40,true,1,
7290010002368,false,תערובת חווויג' תבליני מימון 100 גרם,א.ל ייצור ושיווק תבלינים,,תערובת חווג למרק 100,גרמים,100.00,100 גרם,false,1,11.40,11.40,true,1,
7290010002375,false,קארי תבליני מימון 100 גרם,א.ל ייצור ושיווק תבל,,מדרס קארי 100 גרם,גרמים,100.00,100 גרם,false,1,11.40,11.40,true,1,
7290010002405,false,תבלין טימין הררי תבליני מימון 40 גרם,א.ל ייצור ושיווק תבל,,טימין הררי 40 גרם,Unknown,0.00,Unknown,false,1,9.40,9.40,true,1,
7290010002436,false,תבלין פטרוזיליה תבליני מימון 25 גרם,א.ל ייצור ושיווק תבל,,פטרוזיליה 25 גרם,Unknown,0.25,Unknown,false,1,9.40,37.60,true,1,
7290010002450,false,שמיר תבליני מימון 25 גרם,א.ל ייצור ושיווק תבל,,שמיר 25 גרם,Unknown,0.00,Unknown,false,1,9.40,9.40,true,1,
7290010002481,false,תבלין שום טחון תבליני מימון 100 גרם,א.ל ייצור ושיווק תבלינים,,שום טחון 100 גרם,גרמים,100.00,100 גרם,false,1,15.50,15.50,true,1,
7290010002658,false,פלפל יבש מתוק תבליני מימון 150 גרם,א.ל ייצור ושיווק תבל,,פלפל יבש מתוק 150 ג,גרמים,150.00,100 גרם,false,1,16.90,11.27,true,1,
7290010003686,false,עלי דפנה בשקית תבליני מימון20 גרם,א.ל ייצור ושיווק תבל,,עלי דפנה 20 גרם שקית,Unknown,0.00,Unknown,false,1,6.50,6.50,true,1,
7290010003693,false,פפריקה מתוקה בשקית תבליני מימון 80 גרם,א.ל ייצור ושיווק תבל,,פפריקה מתוקה 80 גרם,Unknown,0.00,Unknown,false,1,6.50,6.50,true,1,
7290010003709,false,פלפל שחור טחון בשקית תבליני מימון 50 גרם,א.ל ייצור ושיווק תבל,,פלפל שחור טחון 50 גר,Unknown,0.00,Unknown,false,1,7.90,7.90,true,1,
7290010003754,false,כמון טחון בשקית תבליני תבליני מימון 50 גרם,א.ל ייצור ושיווק תבל,,כמון טחון 50 גרם,Unknown,0.00,Unknown,false,1,6.50,6.50,true,1,
7290010003808,false,זעתר ושמשום בשקית תבליני מימון 80 גרם,א.ל ייצור ושיווק תבל,,זעתר ושומשום 80 גרם,Unknown,0.00,Unknown,false,1,6.50,6.50,true,1,
7290010003822,false,פפריקה חריפה בשקית תבליני מימון 80 גרם,א.ל ייצור ושיווק תבל,,פפריקה חריפה 80 גרם,Unknown,0.00,Unknown,false,1,6.50,6.50,true,1,
7290010003839,false,קינמון טחון בשקית תבליני מימון 80 גרם,א.ל ייצור ושיווק תבל,,שקיות תבלינים שונים,Unknown,0.00,Unknown,false,1,6.50,6.50,true,1,
7290010003846,false,אורגנו בשקית תבליני מימון 20 גרם,א.ל ייצור ושיווק תבל,,אורגנו 20 גרם שקית,Unknown,0.00,Unknown,false,1,6.50,6.50,true,1,
7290010003990,false,פטרוזיליה בשקית תבליני מימון 20 גרם,א.ל ייצור ושיווק תבל,,פטרוזיליה 20 גרם שקי,Unknown,0.00,Unknown,false,1,6.50,6.50,true,1,
7290010004348,false,פפריקה מתוקה תבליני מימון 250 גרם,א.ל ייצור ושיווק תבל,,פפריקה מתוקה 250 גר,גרמים,250.00,100 גרם,false,1,22.90,9.16,true,1,
7290010023141,false,תה לימונענע הגן הקסום ויסוצקי 25 יחידות,תה ויסוצקי,,לימונענע 25 שקיקים,Unknown,0.00,Unknown,false,1,18.90,18.90,true,1,
7290010032334,false,דבש זעתר 500 גרם מכוורת צוקרמן,,,דבש זעתר 500 גרם מכו,גרמים,500.00,100 גרם,false,1,31.50,6.30,true,1,
7290010032419,false,"דבש פרחי בר 1 ק""ג מכוורת צוקרמן",,,"דבש פרחי בר 1 ק""ג מכ",גרמים,1000.00,100 גרם,false,1,58.50,5.85,true,1,
7290010032433,false,"דבש זעתר 1 ק""ג מכוורת צוקרמן",,,"דבש זעתר 1 ק""ג מכוור",קילוגרמים,0.00,"ק""ג",false,1,58.50,58.50,true,1,
7290010045051,false,עוגיות מלבן שקדים 200 גרם לחמי,קונדטוריות לחמי,,עוגיות מלבן שקדים 20,גרמים,200.00,100 גרם,false,1,18.90,9.45,true,1,
7290010065271,false,פרינוק - מחית תפוחי עץ 130 גרם,פרינוק,,פרינוק מחית תפוח 130,גרמים,130.00,100 גרם,false,1,6.50,5.00,true,1,
7290010066513,false,נתחי טונה בשמן צמחי רביעיה *158ג' פילטונה,תעשיות פילטונה,,נתחי טונה בשמן צמחי,גרמים,640.00,100 גרם,false,1,22.90,3.58,true,1,
7290010066575,false,נתחי טונה במים רביעיה *158ג' פילטונה,תעשיות פילטונה,,רביעיית טונה במים,גרמים,640.00,100 גרם,false,1,22.90,3.58,true,1,
7290010066582,false,נתחי טונה בשמן קנולה רביעיה * 158 ג' פילטונה,תעשיות פילטונה,,נתחי טונה בהירה בשמן,גרמים,640.00,100 גרם,false,1,22.90,3.58,true,1,
7290010066599,false,רביעיית נתחי טונה בשמן זית פילטונה 158X4 גרם,תעשיות פילטונה,,רביעיית טונה בשמן,גרמים,640.00,100 גרם,false,1,27.90,4.36,true,1,
=======
7290010002016,false,כוסברה טחונה תבליני מימון 100 גרם,א.ל.ייצור ושיווק תבלינים בעמ,,כוסברה טחון 100 גרם,גרמים,100.00,100 גרם,false,1,9.40,9.40,true,1,
7290010002023,false,כורכום הודי טחון תבליני מימון 100 גרם,א.ל. ייצור ושיווק תבלינים בע`מ,,כורכום הודי טחון 100,גרמים,100.00,100 גרם,false,1,11.60,11.60,true,1,
7290010002030,false,תבלין כמון טחון תבליני מימון 100 גרם,א.ל. ייצור ושיווק תבלינים בע`מ,,כמון 100 גרם,גרמים,100.00,100 גרם,false,1,11.60,11.60,true,1,
7290010002061,false,פלפל לבן טחון תבליני מימון (100 גרם),א.ל. ייצור ושיווק תבלינים בע`מ,,פלפל לבן טחון 120 גר,גרמים,100.00,100 גרם,false,1,16.70,16.70,true,1,
7290010002078,false,פלפל שחור טחון תבליני מימון (100 גרם),א.ל. ייצור ושיווק תבלינים בע`מ,,פלפל שחור טחון 120 ג,גרמים,100.00,100 גרם,false,1,15.50,15.50,true,1,
7290010002108,false,תבלין פלפל שחור גרוס גס תבליני מימון 90,א.ל. ייצור ושיווק תבלינים בע`מ,,פלפל שחור גרוס גס 90,גרמים,90.00,100 גרם,false,1,15.50,17.22,true,1,
7290010002122,false,פפריקה הונגרית מתוקה תבליני מימון 100 גרם,א.ל. ייצור ושיווק תבלינים בע`מ,,פפריקה הונגרית מתוקה,גרמים,100.00,100 גרם,false,1,11.60,11.60,true,1,
7290010002139,false,פפריקה הונגרית חריפה תבליני מימון 100 גרם,א.ל. ייצור ושיווק תבלינים בע`מ,,פפריקה הונגרית חריפה,גרמים,100.00,100 גרם,false,1,11.60,11.60,true,1,
7290010002153,false,פפריקה מרוקאית חריפה תבליני מימון 100 גרם,א.ל. ייצור ושיווק תבלינים בע`מ,,פפריקה מרוקאית חריפה,גרמים,100.00,100 גרם,false,1,11.60,11.60,true,1,
7290010002191,false,תבלין מקלות קינמון תבליני מימון 50 גרם,א.ל. ייצור ושיווק תבלינים בע`מ,,מקלות קינמון 50 גרם,גרמים,50.00,100 גרם,false,1,11.90,23.80,true,1,
7290010002207,false,תבלין קינמון טחון תבליני מימון 100 גרם,א.ל. ייצור ושיווק תבלינים בע`מ,,קינמון טחון 100 גרם,גרמים,100.00,100 גרם,false,1,9.40,9.40,true,1,
7290010002290,false,תיבול לשווארמה תבליני מימון 100 גרם,א.ל. ייצור ושיווק תבלינים בע`מ,,תערובת לשווארמה טורק,גרמים,100.00,100 גרם,false,1,11.40,11.40,true,1,
7290010002306,false,תיבול לקציצות תבליני מימון 100 גרם,א.ל.ייצור ושיווק תבלינים בעמ,,תערובת לקציצות 100 ג,גרמים,100.00,100 גרם,false,1,11.40,11.40,true,1,
7290010002313,false,תבלין ראס אל חנות תבליני מימון 100 גרם,א.ל. ייצור ושיווק תבלינים בע`מ,,ראס אל חנות 100 גרם,גרמים,100.00,100 גרם,false,1,11.40,11.40,true,1,
7290010002320,false,תבלין לגריל עוף תבליני מימון (100 גרם),א.ל. ייצור ושיווק תבלינים בע`מ,,תבלין גריל עוף 130 ג,גרמים,100.00,100 גרם,false,1,11.40,11.40,true,1,
7290010002351,false,זעתר ושומשום בלדי תבליני מימון (100 גרם),א.ל. ייצור ושיווק תבלינים בע`מ,,זעתר ושומשום בלדי 10,גרמים,100.00,100 גרם,false,1,11.40,11.40,true,1,
7290010002368,false,תערובת חווויג' תבליני מימון 100 גרם,א.ל. ייצור ושיווק תבלינים בע`מ,,תערובת חווג למרק 100,גרמים,100.00,100 גרם,false,1,11.40,11.40,true,1,
7290010002375,false,תבלין מדראס קארי תבליני מימון (100 גרם),א.ל. ייצור ושיווק תבלינים בע`מ,,מדרס קארי 100 גרם,גרמים,100.00,100 גרם,false,1,11.40,11.40,true,1,
7290010002405,false,תבלין טימין הררי תבליני מימון 40 גרם,א.ל. ייצור ושיווק תבלינים בע`מ,,טימין הררי 40 גרם,Unknown,0.00,Unknown,false,1,9.40,9.40,true,1,
7290010002436,false,תבלין פטרוזיליה תבליני מימון 25 גרם,א.ל. ייצור ושיווק תבלינים בע`מ,,פטרוזיליה 25 גרם,Unknown,0.25,Unknown,false,1,9.40,37.60,true,1,
7290010002450,false,שמיר תבליני מימון 25 גרם,א.ל. ייצור ושיווק תבלינים בע`מ,,שמיר 25 גרם,Unknown,0.00,Unknown,false,1,9.40,9.40,true,1,
7290010002481,false,תבלין שום טחון תבליני מימון 100 גרם,א.ל. ייצור ושיווק תבלינים בע`מ,,שום טחון 100 גרם,גרמים,100.00,100 גרם,false,1,15.50,15.50,true,1,
7290010002498,false,תבלין שום גבישי תבליני מימון 120 גרם,א.ל. ייצור ושיווק תבלינים בע`מ,,שום גבישי 120 גרם,גרמים,120.00,100 גרם,false,1,15.50,12.92,true,1,
7290010002658,false,פלפל יבש מתוק תבליני מימון 150 גרם,א.ל. ייצור ושיווק תבלינים בע`מ,,פלפל יבש מתוק 150 ג,גרמים,150.00,100 גרם,false,1,16.90,11.27,true,1,
7290010003693,false,פפריקה מתוקה בשקית תבליני מימון 80 גרם,א.ל. ייצור ושיווק תבלינים בע`מ,,פפריקה מתוקה 80 גרם,Unknown,0.00,Unknown,false,1,6.50,6.50,true,1,
7290010003709,false,פלפל שחור טחון בשקית תבליני מימון 50 גרם,א.ל. ייצור ושיווק תבלינים בע`מ,,פלפל שחור טחון 50 גר,Unknown,0.00,Unknown,false,1,7.90,7.90,true,1,
7290010003754,false,כמון טחון בשקית תבליני תבליני מימון 50 גרם,א.ל. ייצור ושיווק תבלינים בע`מ,,כמון טחון 50 גרם,Unknown,0.00,Unknown,false,1,6.50,6.50,true,1,
7290010003808,false,זעתר ושומשום בשקית תבליני מימון (80 גרם),א.ל. ייצור ושיווק תבלינים בע`מ,,זעתר ושומשום 80 גרם,Unknown,0.00,Unknown,false,1,6.50,6.50,true,1,
7290010003822,false,פפריקה חריפה בשקית תבליני מימון (80 גרם),א.ל. ייצור ושיווק תבלינים בע`מ,,פפריקה חריפה 80 גרם,Unknown,0.00,Unknown,false,1,6.50,6.50,true,1,
7290010003839,false,קינמון טחון בשקית תבליני מימון 80 גרם,א.ל. ייצור ושיווק תבלינים בע`מ,,שקיות תבלינים שונים,Unknown,0.00,Unknown,false,1,6.50,6.50,true,1,
7290010003846,false,אורגנו בשקית תבליני מימון 20 גרם,א.ל. ייצור ושיווק תבלינים בע`מ,,אורגנו 20 גרם שקית,Unknown,0.00,Unknown,false,1,6.50,6.50,true,1,
7290010003990,false,פטרוזיליה בשקית תבליני מימון 20 גרם,א.ל. ייצור ושיווק תבלינים בע`מ,,פטרוזיליה 20 גרם שקי,Unknown,0.00,Unknown,false,1,6.50,6.50,true,1,
7290010004348,false,פפריקה מתוקה תבליני מימון 250 גרם,א.ל.יצור ושיווקתבלינים בעמ,,פפריקה מתוקה 250 גר,גרמים,250.00,100 גרם,false,1,22.90,9.16,true,1,
7290010023141,false,תה לימונענע הגן הקסום ויסוצקי 25 יחידות,תה ויסוצקי (ישראל) בעמ,,לימונענע 25 שקיקים,Unknown,0.00,Unknown,false,1,18.90,18.90,true,1,
7290010032334,false,דבש זעתר 500 גרם מכוורת צוקרמן,,,דבש זעתר 500 גרם מכו,גרמים,500.00,100 גרם,false,1,31.50,6.30,true,1,
7290010032419,false,"דבש פרחי בר 1 ק""ג מכוורת צוקרמן",,,"דבש פרחי בר 1 ק""ג מכ",גרמים,1000.00,100 גרם,false,1,58.50,5.85,true,1,
7290010032433,false,"דבש זעתר 1 ק""ג מכוורת צוקרמן",,,"דבש זעתר 1 ק""ג מכוור",קילוגרמים,0.00,"ק""ג",false,1,58.50,58.50,true,1,
7290010045051,false,עוגיות מלבן שקדים לחמי (200 גרם),קונדטוריות לחמי,,עוגיות מלבן שקדים 20,גרמים,200.00,100 גרם,false,1,18.90,9.45,true,1,
7290010066513,false,נתחי טונה בשמן צמחי רביעיה *158ג' פילטונה,תעשיות פילטונה בעמ,,נתחי טונה בשמן צמחי,גרמים,640.00,100 גרם,false,1,22.90,3.58,true,1,
7290010066575,false,נתחי טונה במים רביעיה *158ג' פילטונה,תעשיות פילטונה בעמ,,רביעיית טונה במים,גרמים,640.00,100 גרם,false,1,22.90,3.58,true,1,
7290010066582,false,נתחי טונה בשמן קנולה רביעיה * 158 ג' פילטונה,תעשיות פילטונה בעמ,,נתחי טונה בהירה בשמן,גרמים,640.00,100 גרם,false,1,22.90,3.58,true,1,
7290010066599,false,רביעיית נתחי טונה בשמן זית פילטונה 158X4 גרם,תעשיות פילטונה בעמ,,רביעיית טונה בשמן,גרמים,640.00,100 גרם,false,1,27.90,4.36,true,1,
>>>>>>> d048ac2f4f281c9d788043ab4e81b61b0dbe3743
7290010084401,false,אמזון קרם לכאבים,ALCIMIST,,אמזון קרם לכאבים,Unknown,0.00,Unknown,false,1,69.90,69.90,true,1,
7290010116980,false,שוקולית אבקה להכנת משקה שוקו שקית 850,הנסיך- מפעל לייצור ט,,שוקולית 850 גרם,גרמים,850.00,100 גרם,false,1,17.90,2.11,true,1,
7290010117864,false,דוריטוס חטיף תירס בטעם חריף אש עלית 70 גרם,"שטראוס פריטו ליי בע""\מ )",IL,דוריטוס חריף אש 70,גרמים,70.00,100 גרם,false,1,3.60,5.14,true,1,
<<<<<<< HEAD
7290010124190,false,אל מטאדור שניצל בקר מלינסה 250 גרם בלדי,בלדי,,שניצל בקר מלינסה 250,גרמים,250.00,100 גרם,false,1,14.60,5.84,true,1,
7290010124213,false,אל מטאדור סינטה בקר דק דק 250 גרם בלדי,בלאדי,,סינטה בקר דק דק 250,גרמים,250.00,100 גרם,false,1,20.90,8.36,true,1,
7290010154029,false,אריסה מתוקה יוחאי ביטון 250 גרם,תבליני יוחאי ביטון,,אריסה מתוקה 250 גר,גרמים,250.00,100 גרם,false,1,15.60,6.24,true,1,
7290010154036,false,עמבה תבליני ביטון 250 גרם,תבליני יוחאי ביטון,,עמבה 250 גר,גרמים,250.00,100 גרם,false,1,15.60,6.24,true,1,
7290010154241,false,סלט חזרת ריף ביטון 250 ג',תבליני יוחאי ביטון,,סלט חזרת 250 גר,גרמים,250.00,100 גרם,false,1,15.60,6.24,true,1,
7290010154265,false,פלפל צ'ומה תבליני ביטון 250 גרם,תבליני יוחאי ביטון,,פלפל צומה 250 גר,גרמים,250.00,100 גרם,false,1,15.60,6.24,true,1,
7290010154678,false,אריסה מרוקאית תבליני ביטון 250 גרם,תבליני יוחאי ביטון,,אריסה מרוקאית 250 גר,גרמים,250.00,100 גרם,false,1,15.60,6.24,true,1,
7290010154685,false,סלט שום כתוש 250 ג' ביטון יוחאי,תבליני יוחאי ביטון,,סלט שום כתוש 250 גר,גרמים,250.00,100 גרם,false,1,15.60,6.24,true,1,
7290010163069,false,צנובר 100 גרם ששון הקולה,"דין שיווק וקלייה בע""",,צנובר 100 גרם ששון ו,גרמים,100.00,100 גרם,false,1,28.90,28.90,true,1,
7290010207640,false,כמוסות מגנזיום וויטמינים.NT L.C,נווה NAVEH,,אנטילג קרמפס,Unknown,0.00,Unknown,false,1,59.90,59.90,true,1,
7290010259977,false,שמן קנולה מזוכך ויליפוד 1 ליטר,בונגי פולין אס.פי.זד,,שמן קנולה וילי פוד 1,מיליליטרים,1000.00,"100 מ""ל",false,1,11.90,1.19,true,1,
7290010318162,false,זים קל מולטי אינזים (60) אלטמן,אלטמן,,זים קל מולטי אינזים,Unknown,0.00,Unknown,false,1,69.90,69.90,true,1,
7290010328246,false,טחינה גולמית שומשום מלא אחווה 500 ג',"אחדות ביח""ר לטחינה ח",,אחווה טחינה משומשום,גרמים,500.00,100 גרם,false,1,14.60,2.92,true,1,
7290010328253,false,טחינה גולמית משומשום טבעי אחווה 500 גרם,"אחדות ביח""ר לטחינה ח",,אחווה טחינה משומשום,גרמים,500.00,100 גרם,false,1,8.90,1.78,true,1,
7290010328468,false,מארז מיני חלווה אחוה בטעמים 18 יחידות 216 גרם,שוורצקוף& הנקל דיסלד,,אחווה חטיפי מיני חלו,גרמים,250.00,100 גרם,false,1,12.50,5.00,true,1,
7290010367009,false,שמנת חמוצה 15% 500 ג,,,שמנת גביע 500 גר,גרמים,500.00,100 גרם,false,1,13.90,2.78,true,1,
7290010429554,false,"שמן זית כתית מעולה יד מרדכי 2 קלאסי, 750 מ""ל",מכוורת יד מרדכי שטראוס ב,,שמן זית כתית מעולה 2,מיליליטרים,750.00,"100 מ""ל",false,1,24.90,3.32,true,1,
7290010471669,false,יוגורט תות עם קורנפלקס מצופה שוקולד ללא גלוטן 3.9%,"שטראוס בריאות בע""\מ",,דנונה בר תות קורנפלק,גרמים,175.00,100 גרם,false,1,4.60,2.63,true,1,
7290010472307,false,"שמיניית משקה גמדים תות בננה דיסני 108 מ""ל",מיוצר עי קונדיטוריית,,מארז 8 גמדים שתיה,גרמים,800.00,100 גרם,false,1,21.50,2.69,true,1,
7290010472390,false,מארז 8 יחידות מעדן דני בטעם שוקולד 1.5%,מיוצר עי קונדיטוריית,,מארז 8 דני שוקולד,גרמים,1000.00,100 גרם,false,1,18.10,1.81,true,1,
7290010513727,false,פנקו פרורי לחם 200 גרם (קינגדאו),קינגדאו גוניון פודס,,פירורי לחם קינגדאו פ,גרמים,200.00,100 גרם,false,1,7.90,3.95,true,1,
7290010546169,false,"גרנולה בטעם ""דינמי"" בתוספת שקדים וצימוק",יוליניבר,,מנדל גרנולה שקדים וצ,גרמים,400.00,100 גרם,false,1,20.80,5.20,true,1,
7290010561124,false,ברילי כמו גבינת שמנת זיתים 20% 220 גרם,אשבל מזון פונקציונלי בע\,IL,ברילי כמו גבינת שמנת,גרמים,220.00,100 גרם,false,1,17.90,8.14,true,1,
7290010627004,false,טחינה גולמית מסורתית ירושלים 500 ג',"בראשית ירושלים בע""מ",,טחינה ירושלים 500 גר,גרמים,500.00,100 גרם,false,1,15.90,3.18,true,1,
7290010627844,false,טחינה גולמית שומשום מלא ירושלים 500גרם,"טחינה ירושליים בע""מ",,טחינה ירושלים מלא 50,גרמים,500.00,100 גרם,false,1,15.90,3.18,true,1,
7290010650002,false,פטריות יער טריות -יחידה,ביכורי שדה דרום 2002,,פטריות יער,Unknown,0.00,Unknown,false,1,9.90,9.90,true,1,
7290010650064,false,פטריות יער מיובשות חוות תקוע 25 גרם,חוות תקוע,,פטריות יער יבשות,Unknown,0.00,Unknown,false,1,12.90,12.90,true,1,
7290010650088,false,פטריות שמפיניון מיובשות 25 גרם,חוות פטריות תקוע,,פטריות שמפניון יבשות,Unknown,0.00,Unknown,false,1,12.90,12.90,true,1,
7290010650101,false,עגבניות מיובשות חוות תקוע 100 גרם,חוות פטריות תקוע,,עגבניות מיובשות,Unknown,0.00,Unknown,false,1,9.90,9.90,true,1,
7290010650194,false,זנגוויל (ג'ינג'ר)ארוז מגשית,"פסח בא בע""מ",,גינגר במגש,גרמים,100.00,100 גרם,false,1,9.90,9.90,true,1,
7290010650231,false,פטריות מאיטקי מיובשו,חוות פטריות תקוע,,מאי טאקי מיובש,Unknown,0.00,Unknown,false,1,12.90,12.90,true,1,
7290010650255,false,לקט פטריות למרק חוות תקוע 25 גרם,חוות פטריות תקוע,,לקט פיטריות למרק,Unknown,0.00,Unknown,false,1,17.90,17.90,true,1,
7290010650354,false,שורש כורכום טרי חוות תקוע 120 גרם,פסטה לנסי,,שורש כורכום טרי 120,גרמים,120.00,100 גרם,false,1,15.90,13.25,true,1,
7290010650415,false,עגבניות מיובשות 200 גרם תקוע,חוות פטריות תקוע,,עגבניות לחות במגשית,Unknown,0.00,Unknown,false,1,13.90,13.90,true,1,
=======
7290010124190,false,אל מטאדור שניצל בקר מלינסה 250 גרם בלדי,בלדי בעמ,,שניצל בקר מלינסה 250,גרמים,250.00,100 גרם,false,1,14.60,5.84,true,1,
7290010124213,false,אל מטאדור סינטה בקר דק דק 250 גרם בלדי,בלדי בעמ,,סינטה בקר דק דק 250,גרמים,250.00,100 גרם,false,1,20.90,8.36,true,1,
7290010154029,false,אריסה מתוקה תבליני ביטון יוחאי (250 גרם),תבליני יוחאי ביטון,,אריסה מתוקה 250 גר,גרמים,250.00,100 גרם,false,1,15.60,6.24,true,1,
7290010154036,false,עמבה תבליני ביטון יוחאי (250 גרם),תבליני יוחאי ביטון,,עמבה 250 גר,גרמים,250.00,100 גרם,false,1,15.60,6.24,true,1,
7290010154241,false,סלט חזרת ביתית תבליני ביטון יוחאי (250 ג,תבליני יוחאי ביטון,,סלט חזרת 250 גר,גרמים,250.00,100 גרם,false,1,15.60,6.24,true,1,
7290010154265,false,פלפל צ`ומה תבליני ביטון יוחאי (250 גרם),תבליני יוחאי ביטון,,פלפל צומה 250 גר,גרמים,250.00,100 גרם,false,1,15.60,6.24,true,1,
7290010154678,false,אריסה מרוקאית תבליני ביטון 250 גרם,תבליני יוחאי ביטון,,אריסה מרוקאית 250 גר,גרמים,250.00,100 גרם,false,1,15.60,6.24,true,1,
7290010154685,false,סלט שום כתוש 250 ג' ביטון יוחאי,תבליני יוחאי ביטון,,סלט שום כתוש 250 גר,גרמים,250.00,100 גרם,false,1,15.60,6.24,true,1,
7290010163069,false,צנובר 100 גרם ששון הקולה,דין שיווק וקליה 2021 בעמ,,צנובר 100 גרם ששון ו,גרמים,100.00,100 גרם,false,1,28.90,28.90,true,1,
7290010207640,false,כמוסות מגנזיום וויטמינים.NT L.C,נווה NAVEH,,אנטילג קרמפס,Unknown,0.00,Unknown,false,1,59.90,59.90,true,1,
7290010259977,false,שמן קנולה מזוכך ויליפוד 1 ליטר,ג.וילי-פוד אינטרנשיונל ***שמן,,שמן קנולה וילי פוד 1,מיליליטרים,1000.00,"100 מ""ל",false,1,11.90,1.19,true,1,
7290010318162,false,זים קל מולטי אינזים (60) אלטמן,אלטמן,,זים קל מולטי אינזים,Unknown,0.00,Unknown,false,1,69.90,69.90,true,1,
7290010328246,false,טחינה גולמית שומשום מלא אחווה 500 ג',אחדות ביתחרושת לטחינה חלבה,,אחווה טחינה משומשום,גרמים,500.00,100 גרם,false,1,14.60,2.92,true,1,
7290010328253,false,טחינה גולמית משומשום טבעי אחווה 500 גרם,אחדות ביתחרושת לטחינה חלבה,,אחווה טחינה משומשום,גרמים,500.00,100 גרם,false,1,8.90,1.78,true,1,
7290010328468,false,מארז מיני חלווה אחוה בטעמים 18 יחידות 216 גרם,שוורצקוף& הנקל דיסלד,,אחווה חטיפי מיני חלו,גרמים,250.00,100 גרם,false,1,12.50,5.00,true,1,
7290010328505,false,"מארז מיני חלווה 15 יחידות לל""ס אחוה 150 גרם",אחדות ביחר לטחינה חל,,אחווה חטיפי מיני חלו,גרמים,250.00,100 גרם,false,1,12.50,5.00,true,1,
7290010367009,false,שמנת חמוצה 15% 500 ג,,,שמנת גביע 500 גר,גרמים,500.00,100 גרם,false,1,13.90,2.78,true,1,
7290010429554,false,"שמן זית כתית מעולה יד מרדכי 2 קלאסי, 750 מ""ל",מכוורת יד מרדכי שטראוס ב,,שמן זית כתית מעולה 2,מיליליטרים,750.00,"100 מ""ל",false,1,24.90,3.32,true,1,
7290010471669,false,יוגורט תות עם קורנפלקס מצופה שוקולד ללא גלוטן 3.9%,שטראוס גרופ בעמ/מצונן,,דנונה בר תות קורנפלק,גרמים,175.00,100 גרם,false,1,4.60,2.63,true,1,
7290010472307,false,"שמיניית משקה גמדים תות בננה דיסני 108 מ""ל",שטראוס גרופ בעמ/מצונן,,מארז 8 גמדים שתיה,גרמים,800.00,100 גרם,false,1,21.50,2.69,true,1,
7290010472390,false,מארז 8 יחידות מעדן דני בטעם שוקולד 1.5%,שטראוס גרופ בעמ/מצונן,,מארז 8 דני שוקולד,גרמים,1000.00,100 גרם,false,1,18.10,1.81,true,1,
7290010513703,false,4079400330129צ`ופסטיקס צפצפה 20 יח,מזרח ומערב יבוא ושיווק,,צופסטיקס 20 יח חד פע,Unknown,0.00,Unknown,false,1,7.30,7.30,true,1,
7290010513727,false,פנקו פרורי לחם 200 גרם (קינגדאו),מזרח ומערב יבוא ושיווק,,פירורי לחם קינגדאו פ,גרמים,200.00,100 גרם,false,1,7.90,3.95,true,1,
7290010546565,false,גרנולה שוקולד מנדל 400 גר,מנדל,,גרנולה שוקולד מנדל 4,גרמים,400.00,100 גרם,false,1,20.80,5.20,true,1,
7290010561124,false,ברילי כמו גבינת שמנת זיתים 20% 220 גרם,אשבל מזון פונקציונלי בע\,IL,ברילי כמו גבינת שמנת,גרמים,220.00,100 גרם,false,1,17.90,8.14,true,1,
7290010627004,false,טחינה גולמית מסורתית ירושלים 500 ג',תה ויסוצקי (ישראל) בעמ,,טחינה ירושלים 500 גר,גרמים,500.00,100 גרם,false,1,15.90,3.18,true,1,
7290010627844,false,טחינה גולמית שומשום מלא ירושלים 500גרם,תה ויסוצקי (ישראל) בעמ,,טחינה ירושלים מלא 50,גרמים,500.00,100 גרם,false,1,15.90,3.18,true,1,
7290010650002,false,פטריות יער טריות -יחידה,ביכורי שדה דרום 2002,,פטריות יער,Unknown,0.00,Unknown,false,1,9.90,9.90,true,1,
7290010650064,false,פטריות יער מיובשות חוות תקוע 25 גרם,ביכורי השדה צפון 1994 ג.ד. בעמ,,פטריות יער יבשות,Unknown,0.00,Unknown,false,1,12.90,12.90,true,1,
7290010650101,false,עגבניות מיובשות חוות תקוע 100 גרם,ביכורי השדה צפון 1994 ג.ד. בעמ,,עגבניות מיובשות,Unknown,0.00,Unknown,false,1,9.90,9.90,true,1,
7290010650194,false,זנגוויל (ג'ינג'ר)ארוז מגשית,"פסח בא בע""מ",,גינגר במגש,גרמים,100.00,100 גרם,false,1,9.90,9.90,true,1,
7290010650231,false,פטריות מאיטקי מיובשו,חוות פטריות תקוע,,מאי טאקי מיובש,Unknown,0.00,Unknown,false,1,12.90,12.90,true,1,
7290010650255,false,לקט פטריות למרק חוות תקוע 25 גרם,חוות פטריות תקוע,,לקט פיטריות למרק,Unknown,0.00,Unknown,false,1,17.90,17.90,true,1,
7290010650354,false,שורש כורכום טרי חוות תקוע 120 גרם,ביכורי השדה צפון 1994 ג.ד. בעמ,,שורש כורכום טרי 120,גרמים,120.00,100 גרם,false,1,15.90,13.25,true,1,
7290010650415,false,עגבניות מיובשות 200 גרם תקוע,ביכורי השדה צפון 1994 ג.ד. בעמ,,עגבניות לחות במגשית,Unknown,0.00,Unknown,false,1,13.90,13.90,true,1,
>>>>>>> d048ac2f4f281c9d788043ab4e81b61b0dbe3743
7290010650590,false,ריזוטו פטריות חוות תקוע,חוות פטריות תקוע,,תבשיל ריזוטו פטריות,Unknown,0.00,Unknown,false,1,14.90,14.90,true,1,
7290010650804,false,לקט פתיתים ופטריות חוות תקוע,קרלו,,תבשיל פתיתים ופטריות,Unknown,0.00,Unknown,false,1,14.90,14.90,true,1,
7290010657698,false,פילה מקרל פלפל חריף 125 ג קזבלנקה,יוניון דה פחריס,,פילה מקרל פלפל חריף,גרמים,125.00,100 גרם,false,1,11.90,9.52,true,1,
7290010676446,false,"פילה דג בסה מעובד קפוא 1 ק""ג",,,פילה דג בסה קפוא,קילוגרמים,0.00,"ק""ג",false,1,28.90,28.90,true,1,
7290010701599,false,טושטונקה לבן 340 גרם,VELES,,טושונקה לבן 340 גרם,גרמים,340.00,100 גרם,false,1,21.90,6.44,true,1,
<<<<<<< HEAD
7290010701605,false,טושונקה בשר בקר 340,VELES,,טושונקה בקר 340 גרם,גרמים,340.00,100 גרם,false,1,21.90,6.44,true,1,
7290010766307,false,רוטב לפסטה בולונז אוליביה 420 ג' אסם,אוליביה,,רוטב לפסטה בולונז 42,גרמים,420.00,100 גרם,false,1,14.60,3.48,true,1,
7290010766697,false,רוטב שקשוקה אוליביה 415 גרם,קריות זול,,רוטב שקשוקה אוליביה,גרמים,415.00,100 גרם,false,1,14.60,3.52,true,1,
7290010766734,false,רוטב פיצה אוליביה אסם 430 ג',אוליביה,,רוטב פיצה אוליביה,גרמים,415.00,100 גרם,false,1,14.60,3.52,true,1,
7290010766949,false,ממרח תחתיות ארטישוק 180ג' אוליביה,אוליביה,,ממרח ארטישוק אוליביה,גרמים,190.00,100 גרם,false,1,13.90,7.32,true,1,
7290010766956,false,ממרח פלפלים מתוקים אדומים אוליביה 180 גרם,אוליביה גורמה בעמ,,ממרח פלפ גמבה,גרמים,190.00,100 גרם,false,1,13.90,7.32,true,1,
7290010777136,false,לחמנייה שמיניה 5 יח,,,לחמניה קלועה 5 יח,Unknown,0.00,Unknown,false,1,13.90,13.90,true,1,
7290010777150,false,שמניית פיתה בריבוע מחיטה מלאה פיתה אקספרס,מגוון שיווק והפצת מא,,פיתה בריבוע חיטה מלא,Unknown,0.00,Unknown,false,1,16.90,16.90,true,1,
7290010777297,false,פיתות עבודת יד10 יח'/ פיתה ביס לבן 12 יח',מגוון שיווק והפצת מא,,פיתה ביס לבן,גרמים,500.00,100 גרם,false,1,16.90,3.38,true,1,
7290010777358,false,מארז שמיניית פיתות 100% כוסמין מלא,מגוון שיווק והפצת מא,,מארז שמיניית פיתות 1,גרמים,400.00,100 גרם,false,1,16.90,4.23,true,1,
7290010777488,false,פיתה מחמצת 100% קמח מלא פיתה אקספרס,מאפיית ביכורים מזון,IL,מארז פיתות 100% מחמצ,גרמים,500.00,100 גרם,false,1,17.90,3.58,true,1,
=======
7290010766307,false,רוטב לפסטה בולונז אוליביה 420 ג' אסם,תה ויסוצקי (ישראל) בעמ,,רוטב לפסטה בולונז 42,גרמים,420.00,100 גרם,false,1,14.60,3.48,true,1,
7290010766697,false,אוליביה רוטב שקשוקה אוליביה (415 גרם),תה ויסוצקי (ישראל) בעמ,,רוטב שקשוקה אוליביה,גרמים,415.00,100 גרם,false,1,14.60,3.52,true,1,
7290010766734,false,רוטב פיצה אוליביה אסם 430 ג',תה ויסוצקי (ישראל) בעמ,,רוטב פיצה אוליביה,גרמים,415.00,100 גרם,false,1,14.60,3.52,true,1,
7290010766949,false,ממרח תחתיות ארטישוק 180ג' אוליביה,תה ויסוצקי (ישראל)בעמ,,ממרח ארטישוק אוליביה,גרמים,190.00,100 גרם,false,1,13.90,7.32,true,1,
7290010766956,false,ממרח פלפלים מתוקים אדומים אוליביה 180 גרם,תה ויסוצקי (ישראל)בעמ,,ממרח פלפ גמבה,גרמים,190.00,100 גרם,false,1,13.90,7.32,true,1,
7290010777136,false,לחמנייה שמיניה 5 יח,,,לחמניה קלועה 5 יח,Unknown,0.00,Unknown,false,1,13.90,13.90,true,1,
7290010777150,false,שמניית פיתה בריבוע מחיטה מלאה פיתה אקספרס,מגוון שיווק והפצת מאפים בעמ,,פיתה בריבוע חיטה מלא,Unknown,0.00,Unknown,false,1,16.90,16.90,true,1,
7290010777297,false,פיתות עבודת יד10 יח'/ פיתה ביס לבן 12 יח',מגוון שיווק והפצת מאפים בעמ,,פיתה ביס לבן,גרמים,500.00,100 גרם,false,1,16.90,3.38,true,1,
7290010777358,false,מארז שמיניית פיתות 100% כוסמין מלא,מגוון שיווק והפצת מאפים בעמ,,מארז שמיניית פיתות 1,גרמים,400.00,100 גרם,false,1,16.90,4.23,true,1,
7290010777488,false,פיתה מחמצת 100% קמח מלא פיתה אקספרס,מגוון שיווק והפצת מאפים בעמ,IL,מארז פיתות 100% מחמצ,גרמים,500.00,100 גרם,false,1,17.90,3.58,true,1,
7290010777525,false,מארז שישייה פיתות כוסמין פיתה אקספרס,מגוון שיווק והפצת מאפים בעמ,,מארז פיתות כוסמין 6,Unknown,0.00,Unknown,false,1,18.90,18.90,true,1,
>>>>>>> d048ac2f4f281c9d788043ab4e81b61b0dbe3743
7290010838219,false,ממתיק על בסיס צמח הסטיביה - שקיות,"קיפל טבליות וממתיקים בע""מ",,סטיביה 100 שקיות 100,גרמים,100.00,100 גרם,false,1,29.90,29.90,true,1,
7290010838424,false,ג'ל לניקוי מתקדם בניחוח רענן - מארז זוג,"איטיליאן פוד, אס.פי.",,טואלט דאק נוזל אסלה,ליטרים,0.00,ליטר,false,1,27.50,27.50,true,1,
7290010838431,false,דאק נוזל לניקוי אסלות זוג בניחוח ים 2*750 מל,מיוצר עי קונדיטוריית,,טואלט דאק נוזל אסלה,ליטרים,0.00,ליטר,false,1,27.50,27.50,true,1,
7290010883356,false,כפפות אלוורה רב שימושיות גדולות L סנו סושי,החברה הדרומית לשיווק בעמ,,כפפות אלוורה סנו סוש,Unknown,0.00,Unknown,false,1,11.40,11.40,true,1,
7290010883363,false,כפפות אלוורה רב שימושיות קטנות S סנו סושי,החברה הדרומית לשיווק בעמ,,כפפות אלוורה סנו סוש,Unknown,0.00,Unknown,false,1,11.40,11.40,true,1,
7290010883370,false,כפפות אלוורה רב שימושיות בינוניות M סנו סושי,החברה הדרומית לשיווק בעמ,,כפפות אלוורה סנו סוש,Unknown,0.00,Unknown,false,1,11.40,11.40,true,1,
7290010888238,false,"יקב רמת נגב, מלבק קדש ברנע 750 מ""ל",,,"יקב רמת נגב, מלבק קד",Unknown,0.00,Unknown,false,1,67.90,67.90,true,1,
7290010922017,false,"אננס קפוא 250 גרם - Shake It - בד""ץ עדה חרדית","הבו-קדו בע""\מn\",IL,אננס קפוא Shake It 2,גרמים,250.00,100 גרם,false,1,10.90,4.36,true,1,
7290010922055,false,"ליצ'י קפוא 250 גרם - Shake It - בד""ץ עדה חרדית","הבו-קדו בע""\מn\",IL,ליצי קפוא Shake It 2,גרמים,250.00,100 גרם,false,1,10.90,4.36,true,1,
7290010922819,false,"מלון 250 גרם - Shake It - בד""ץ עדה חרדית","הבו-קדו בע""\מn\",IL,מלון קפוא Shake It 2,גרמים,250.00,100 גרם,false,1,10.90,4.36,true,1,
7290010922857,false,"מנגו קפוא 250 גרם - Shake It - בד""ץ עדה חרדית","הבו-קדו בע""\מn\",IL,מנגו קפוא Shake It 2,גרמים,250.00,100 גרם,false,1,10.90,4.36,true,1,
7290010922949,false,תות שדה קפוא 250 גרם - Shake It,"הבו-קדו בע""\מn\",IL,תות קפוא Shake It 25,גרמים,250.00,100 גרם,false,1,10.90,4.36,true,1,
7290010931330,false,סלט מטבוחה אחלה 500 גרם,שטראוס גרופ בעמ/מצונן,,מטבוחה 500 גר,גרמים,500.00,100 גרם,false,1,18.30,3.66,true,1,
7290010945146,false,קוטג' 3% מועשר בסידן טרה 250 ג' מהדרין,החברה המרכזית טלהפצת משקאות בע,,קוטג 3% מועשר 250 גר,גרמים,250.00,100 גרם,false,1,5.40,2.16,true,1,
7290010945450,false,גבינה לבנה 3% 250 גר מועשר בסידן וויטמין,החברה המרכזית טלהפצת משקאות בע,,גבינה לבנה 3% 250 גר,גרמים,250.00,100 גרם,false,1,4.75,1.90,true,1,
7290010970179,false,דבש פרחי בר טעמים 350 גרם,,,דבש פרחי בר טעמים,גרמים,350.00,100 גרם,false,1,16.40,4.69,true,1,
7290010970452,false,טחינה גולמית מעודנת 380 גרם,,,טחינה גולמית מעודנת,גרמים,380.00,100 גרם,false,1,14.90,3.92,true,1,
7290010970650,false,קרם בלסמי חומץ מצומצם ממודנה איטליה 250,טעמים,,קרם בלסמי חומץ מצומצ,מיליליטרים,250.00,"100 מ""ל",false,1,29.50,11.80,true,1,
7290010970773,false,סילאן תמרים 100% טבעי בקבוק לחיץ 350 גרם,"ג.מ טעם הארץ בע""\ם",,סילאן תמרים 100% טבע,גרמים,350.00,100 גרם,false,1,13.50,3.86,true,1,
7290010970780,false,סילאן תמרים 100% טבעי 350 גרם,,,סילאן תמרים 100% טבע,גרמים,350.00,100 גרם,false,1,12.40,3.54,true,1,
<<<<<<< HEAD
7290011015862,false,"פריגת סירופ דיאט לימונענע 750 מ""ל",סירופ - גבעת חיים,,סירופ דיאט לימונענע,מיליליטרים,750.00,"100 מ""ל",false,1,22.90,3.05,true,1,
7290011017866,false,קוקה קולה קלאסי בפחית,החברה המרכזית לייצור משקאות,,"פחית סליק ק""ק 330 מ""",מיליליטרים,330.00,"100 מ""ל",false,1,5.40,1.64,true,1,
7290011017873,false,"פחיות קוקה קולה זירו 330 מ""ל",החברה המרכזית לייצור משקאות,,פחית סליק זירו 330 מ,מיליליטרים,330.00,"100 מ""ל",false,1,5.40,1.64,true,1,
7290011017880,false,דיאט קוקה קולה פחית סליק 330מל,החברה המרכזית לייצור משקאות,,"פחית סליק ד. ק""ק 330",מיליליטרים,330.00,"100 מ""ל",false,1,5.40,1.64,true,1,
7290011018368,false,ויינשטפן בירת חיטה לא מסוננת,"ויינשטפן, ת.ד 1155 פ",,שישיית בירה ויינשטפן,מיליליטרים,1980.00,"100 מ""ל",false,1,69.90,3.53,true,1,
7290011018443,false,"פנטה אורנג פחית סליק 330 מ""ל",החברה המרכזית לייצור משקאות,,סליק פאנטה אורנג 330,מיליליטרים,330.00,"100 מ""ל",false,1,5.40,1.64,true,1,
7290011018924,false,"מארז פחיות דיאט קוקה קולה שישייה 330 מ""ל",החברה המרכזית לייצור משקאות,,ק.קולה דיאט פרידגפק,ליטרים,0.00,ליטר,false,1,22.30,22.30,true,1,
7290011065430,false,צ'ילי מטחנה מימונס 50 גרם,א.ל ייצור ושיווק תבל,,צילי מטחנה 50 גרם,גרמים,50.00,100 גרם,false,1,17.90,35.80,true,1,
7290011082840,false,קממבר חרמון אגוזים 200 גר,,,קממבר חרמון אגוזים,גרמים,200.00,100 גרם,false,1,39.90,19.95,true,1,
7290011115159,false,סבון מוצק מועשר בקרם לחות ניחוח פרחים נקה 7 4*100 גרם,גליל כימיקלים בעמ,,נקה 7 סבון מוצק קופל,גרמים,400.00,100 גרם,false,1,13.90,3.48,true,1,
7290011115166,false,נקה 7 ארומה סבון נוזלי לבנדר 1 ל',טרופיקל דגיל תעשיות,,נקה 7 ארומה סבון נוז,מיליליטרים,1000.00,"100 מ""ל",false,1,14.30,1.43,true,1,
7290011115272,false,אל סבון מוצק מועשר בקרם לחות צמחים - מארז רביעיה,קוסמופארם בע'\'\מ,,סבון מוצק מעושר בלחו,גרמים,400.00,100 גרם,false,1,13.90,3.48,true,1,
7290011126209,false,הגן הקסום תה טעם תפוח וקינמון סיידר ויסוצקי 25 יח',תה ויסוצקי,,תה תפוח וקינמון 25 ש,גרמים,115.00,100 גרם,false,1,18.90,16.43,true,1,
7290011126469,false,חליטת צמחים וקמומיל הגן הקסום ויסוצקי 25 יחידות,תה ויסוצקי,,חליטת קמומיל ודבש 25,Unknown,0.00,Unknown,false,1,18.90,18.90,true,1,
7290011126957,false,תה ירוק ויסוצקי ארל גריי 25 שקיקים,ויסוצקי ירוק,,תה ירוק ויסוצקי ארל,Unknown,0.00,Unknown,false,1,24.90,24.90,true,1,
7290011131395,false,"מוזלי בתוספת 30% פירות 1 ק""ג גרין",ויטליאה ניקולה דו,,מיזלי קראנץ 30% פירו,גרמים,1000.00,100 גרם,false,1,25.90,2.59,true,1,
7290011131975,false,גרנולה בתוספת פירות מיובשים ומסוכרים,ויטליאה ניקולה דו,,גרנולה גרין פירות 1,קילוגרמים,0.00,"ק""ג",false,1,29.40,29.40,true,1,
7290011132507,false,סן בנדטו- מים מנרליים - מוגז עדין 500 מל,אקווה מינרלה סאן בנדטו ב,,סאן בנדטו מוגז 50 מל,מיליליטרים,500.00,"100 מ""ל",false,1,3.90,0.78,true,1,
7290011132552,false,רביעיית בירה פאולנר 330 מל בקבוק,מבשלת פאולנר,,רביעיית בירה פאולנר,ליטרים,0.00,ליטר,false,1,37.90,37.90,true,1,
7290011133368,false,בירה שנדי בתוספת משקה תפוח - שישייה,"טמפו משקאות בע""מ",,מארז מכבי שנדי תפוח,מיליליטרים,1980.00,"100 מ""ל",false,1,29.90,1.51,true,1,
7290011133375,false,בירה שנדי בתוספת משקה אפרסק - שישייה,"טמפו משקאות בע""מ",,מארז מכבי שנדי אפרסק,מיליליטרים,1980.00,"100 מ""ל",false,1,29.90,1.51,true,1,
7290011136369,false,"בלנאום שמן רחצה טיפולי למבוגרים 500 מ""ל",ניאופארם,,שמן אמבט פורטה לתינו,Unknown,0.00,Unknown,false,1,99.90,99.90,true,1,
7290011142001,false,לחם שיפון בורודינסקי,מאפיית דואט,,לחם דואט 550 גר,גרמים,550.00,100 גרם,false,1,12.90,2.35,true,1,
7290011142148,false,שישיית לחמניות אצבע מאפיית דואט,מאפיית דואט,,מארז שישית לחמניות,גרמים,450.00,100 גרם,false,1,12.90,2.87,true,1,
7290011142193,false,לחמניות קלועות מתוקות עם צימוקים 400 גרם,מאפיית דואט,,4 לחמניות מתוקות,Unknown,0.00,Unknown,false,1,12.90,12.90,true,1,
7290011142315,false,פרנה מאורך רביעיה 550 גר,מאפיית דואט,,פרנה מאורך רביעיה 55,Unknown,0.00,Unknown,false,1,14.90,14.90,true,1,
7290011142650,false,לחם שיפון עם אגוזים-,,,לחם 100% שיפון 900 ג,גרמים,900.00,100 גרם,false,1,17.90,1.99,true,1,
7290011154080,false,"תרכיז תפוחים צלול טעמי הגליל 500 מ""ל",טעמי הגליל,IL,תרכיז תפוחים צלול טע,מיליליטרים,500.00,"100 מ""ל",false,1,24.90,4.98,true,1,
7290011166359,false,רול און אבן קריסטל לאישה,,,רול און אבן קריסטל ל,Unknown,0.00,Unknown,false,1,27.00,27.00,true,1,
7290011194215,false,מעדן גבינה ויוגורט בטעם בננה 5% שומן 88 ג' דניאלה,"שטראוס בריאות בע""מ",,דניאלה אננס 88 גרם,גרמים,88.00,100 גרם,false,1,4.10,4.66,true,1,
7290011194246,false,קוטג' 5% עם סידן 250 ג' שטראוס,מיוצר עי קונדיטוריית,,קוטג 5% 250 גר,גרמים,250.00,100 גרם,false,1,5.80,2.32,true,1,
7290011223045,false,בישקוטים בונומי 200 גרם,בונומי ס.פ.א,,ביסקוטים 200 גר,גרמים,200.00,100 גרם,false,1,7.30,3.65,true,1,
7290011223229,false,"טואלט דאק ג'ל לאסלה טיפות טל רעננות 55 מ""ל","איטיליאן פוד, אס.פי.",,טואלט דאק גל אסלה טי,Unknown,0.00,Unknown,false,1,13.10,13.10,true,1,
7290011223243,false,"טואלט דאק ג'ל לאסלה בניחוח לבנדר 55 מ""ל","איטיליאן פוד, אס.פי.",,טואלט דאק גל אסלה ני,Unknown,0.00,Unknown,false,1,13.10,13.10,true,1,
7290011249755,false,רולים גלילי ופל במילוי קרם אגוזים 100 ג' עלמה,"גילרו בע""מ",,רולים אגוזים 100 גר,גרמים,100.00,100 גרם,false,1,3.90,3.90,true,1,
7290011332983,false,מגבונים לניקוי אף מגבונאף קמיל בלו- מארז שלישייה,פישר מעבדות פרמצבטיות בע,,מגבונאף קמיל בלו של,Unknown,0.00,Unknown,false,1,26.60,26.60,true,1,
7290011343187,false,שמן זית קורטינה ארץ גשור 750 מל,,,שמן זית קורטינה ארץ,מיליליטרים,750.00,"100 מ""ל",false,1,55.50,7.40,true,1,
7290011378028,false,חלבה קלאסית וניל ללא תוספת סוכר בארכה 350 גרם,"רושדי תעשיות מזון בע""\מ",,חלבה משומשום מלא,גרמים,350.00,100 גרם,false,1,17.30,4.94,true,1,
7290011378233,false,"חטיפי חלווה בארכה 126 גרם מארז 7 יחידות לל""ס","רושדי תעשיות מזון בע""\מ",,"מאגדת ללת""ס חטיף חלב",גרמים,126.00,100 גרם,false,1,13.50,10.71,true,1,
7290011378769,false,חטיף חלווה וניל בארכה 126 גרם מארז 7 יחידות,"רושדי תעשיות מזון בע""\מ",,מאגדת חטיף חלבה וניל,גרמים,126.00,100 גרם,false,1,13.50,10.71,true,1,
7290011379018,false,מארז משפחתי שמפיניון 500 ג' מרינה,מרינה פטריות הגליל,,פטריות צמד חמד מעורב,Unknown,0.00,Unknown,false,1,17.90,17.90,true,1,
7290011426576,false,שקדימון 300 גרם,,IL,שקדימון 300 גרם,גרמים,300.00,100 גרם,false,1,34.90,11.63,true,1,
7290011473082,false,אורז בסמטי מלא אורגני 500 גר,תבואות,,אורז בסמטי מלא אורגנ,גרמים,500.00,100 גרם,false,1,12.90,2.58,true,1,
7290011473129,false,גרעיני חמניות קלוף אורגני 300 גרם,אורז ע'י,,גרעיני חמניות קלוף א,גרמים,300.00,100 גרם,false,1,11.90,3.97,true,1,
7290011473211,false,"עדשים אדומים אורגני 500 גרם ""תבואות""",אורז ע'י,,עדשים אדומים אורגני,גרמים,500.00,100 גרם,false,1,13.50,2.70,true,1,
=======
7290011015862,false,סירופ דיאט 750 מל בטעם לימונענע פריגת,החברה המרכזית להפצת משקאות בעמ,,סירופ דיאט לימונענע,מיליליטרים,750.00,"100 מ""ל",false,1,22.90,3.05,true,1,
7290011017866,false,פחית קולה סליק קוקה-קולה (330 מל),החברה המרכזית להפצת משקאות בעמ,,"פחית סליק ק""ק 330 מ""",מיליליטרים,330.00,"100 מ""ל",false,1,5.40,1.64,true,1,
7290011017873,false,פחית זירו סליק קוקה-קולה (330 מל),החברה המרכזית להפצת משקאות בעמ,,פחית סליק זירו 330 מ,מיליליטרים,330.00,"100 מ""ל",false,1,5.40,1.64,true,1,
7290011017880,false,פחית דיאט קולה סליק קוקה-קולה (330 מל),החברה המרכזית להפצת משקאות בעמ,,"פחית סליק ד. ק""ק 330",מיליליטרים,330.00,"100 מ""ל",false,1,5.40,1.64,true,1,
7290011018368,false,ויינשטפן בירת חיטה לא מסוננת,החברה המרכזית להפצת משקאות בעמ,,שישיית בירה ויינשטפן,מיליליטרים,1980.00,"100 מ""ל",false,1,69.90,3.53,true,1,
7290011018443,false,משקה מוגז אורנג` פאנטה (330 מל),החברה המרכזית להפצת משקאות בעמ,,סליק פאנטה אורנג 330,מיליליטרים,330.00,"100 מ""ל",false,1,5.40,1.64,true,1,
7290011018924,false,"מארז פחיות דיאט קוקה קולה שישייה 330 מ""ל",החברה המרכזית להפצת משקאות בעמ,,ק.קולה דיאט פרידגפק,ליטרים,0.00,ליטר,false,1,22.30,22.30,true,1,
7290011065430,false,צ'ילי מטחנה מימונס 50 גרם,א.ל.ייצור ושיווק תבלינים בעמ,,צילי מטחנה 50 גרם,גרמים,50.00,100 גרם,false,1,17.90,35.80,true,1,
7290011082840,false,קממבר חרמון אגוזים 200 גר,,,קממבר חרמון אגוזים,גרמים,200.00,100 גרם,false,1,39.90,19.95,true,1,
7290011115159,false,סבון מוצק מועשר בקרם לחות ניחוח פרחים נקה 7 4*100 גרם,החברה הדרומית לשיווק בעמ,,נקה 7 סבון מוצק קופל,גרמים,400.00,100 גרם,false,1,13.90,3.48,true,1,
7290011115166,false,נקה 7 ארומה סבון נוזלי לבנדר 1 ל',החברה הדרומית לשיווק בעמ,,נקה 7 ארומה סבון נוז,מיליליטרים,1000.00,"100 מ""ל",false,1,14.30,1.43,true,1,
7290011115272,false,אל סבון מוצק מועשר בקרם לחות צמחים - מארז רביעיה,החברה הדרומית לשיווק בעמ,,סבון מוצק מעושר בלחו,גרמים,400.00,100 גרם,false,1,13.90,3.48,true,1,
7290011126209,false,הגן הקסום תה טעם תפוח וקינמון סיידר ויסוצקי 25 יח',תה ויסוצקי (ישראל)בעמ,,תה תפוח וקינמון 25 ש,גרמים,115.00,100 גרם,false,1,18.90,16.43,true,1,
7290011126469,false,חליטת צמחים וקמומיל הגן הקסום ויסוצקי 25 יחידות,תה ויסוצקי (ישראל) בעמ,,חליטת קמומיל ודבש 25,Unknown,0.00,Unknown,false,1,18.90,18.90,true,1,
7290011126957,false,תה ירוק ויסוצקי ארל גריי 25 שקיקים,תה ויסוצקי (ישראל) בעמ,,תה ירוק ויסוצקי ארל,Unknown,0.00,Unknown,false,1,24.90,24.90,true,1,
7290011131395,false,מוזלי קראנצ`י 30% פירות גרין (1 קג),ויטליאה ניקולה דו,,מיזלי קראנץ 30% פירו,גרמים,1000.00,100 גרם,false,1,25.90,2.59,true,1,
7290011131975,false,גרנולה בתוספת פירות מיובשים ומסוכרים,ויטליאה ניקולה דו,,גרנולה גרין פירות 1,קילוגרמים,0.00,"ק""ג",false,1,29.40,29.40,true,1,
7290011132507,false,סן בנדטו- מים מנרליים - מוגז עדין 500 מל,אקווה מינרלה סאן בנדטו ב,,סאן בנדטו מוגז 50 מל,מיליליטרים,500.00,"100 מ""ל",false,1,3.90,0.78,true,1,
7290011132552,false,רביעיית בירה פאולנר 330 מל בקבוק,טמפו משקאות בעמ,,רביעיית בירה פאולנר,ליטרים,0.00,ליטר,false,1,37.90,37.90,true,1,
7290011132583,false,"מארז פפסי מקס 500 מ""ל*6 יח' בקבוק","טמפו משקאות בע""\מ",,פפסי מקס קול 500 מאר,ליטרים,0.00,ליטר,false,1,20.90,20.90,true,1,
7290011133368,false,בירה שנדי בתוספת משקה תפוח - שישייה,טמפו משקאות בע`מ,,מארז מכבי שנדי תפוח,מיליליטרים,1980.00,"100 מ""ל",false,1,29.90,1.51,true,1,
7290011133375,false,בירה שנדי בתוספת משקה אפרסק - שישייה,"טמפו משקאות בע""מ",,מארז מכבי שנדי אפרסק,מיליליטרים,1980.00,"100 מ""ל",false,1,29.90,1.51,true,1,
7290011136369,false,"בלנאום שמן רחצה טיפולי למבוגרים 500 מ""ל",ניאופארם,,שמן אמבט פורטה לתינו,Unknown,0.00,Unknown,false,1,99.90,99.90,true,1,
7290011142001,false,לחם שיפון בורודינסקי,מאפיית דואט בעמ,,לחם דואט 550 גר,גרמים,550.00,100 גרם,false,1,12.90,2.35,true,1,
7290011142148,false,שישיית לחמניות אצבע מאפיית דואט,מאפיית דואט בעמ,,מארז שישית לחמניות,גרמים,450.00,100 גרם,false,1,12.90,2.87,true,1,
7290011142193,false,לחמניות קלועות מתוקות עם צימוקים 400 גרם,מאפיית דואט בעמ,,4 לחמניות מתוקות,Unknown,0.00,Unknown,false,1,12.90,12.90,true,1,
7290011142315,false,לחם מרוקאי מסורתי(פרנה),מאפיית דואט בעמ,,פרנה מאורך רביעיה 55,Unknown,0.00,Unknown,false,1,14.90,14.90,true,1,
7290011142650,false,לחם שיפון עם אגוזים-,מאפיית דואט בעמ,,לחם 100% שיפון 900 ג,גרמים,900.00,100 גרם,false,1,17.90,1.99,true,1,
7290011154080,false,"תרכיז תפוחים צלול טעמי הגליל 500 מ""ל",ליימן שליסל בעמ,IL,תרכיז תפוחים צלול טע,מיליליטרים,500.00,"100 מ""ל",false,1,24.90,4.98,true,1,
7290011166359,false,רול און אבן קריסטל לאישה,,,רול און אבן קריסטל ל,Unknown,0.00,Unknown,false,1,27.00,27.00,true,1,
7290011194215,false,מעדן גבינה ויוגורט בטעם בננה 5% שומן 88 ג' דניאלה,שטראוס גרופ בעמ/מצונן,,דניאלה אננס 88 גרם,גרמים,88.00,100 גרם,false,1,4.10,4.66,true,1,
7290011194246,false,קוטג 5% 250 גרם עם סידן שטראוס,שטראוס גרופ בעמ/מצונן,,קוטג 5% 250 גר,גרמים,250.00,100 גרם,false,1,5.80,2.32,true,1,
7290011223045,false,בישקוטים ליידיפינגרז בונומי (200 גרם),דנשר (1963) בעמ,,ביסקוטים 200 גר,גרמים,200.00,100 גרם,false,1,7.30,3.65,true,1,
7290011223229,false,"טואלט דאק ג'ל לאסלה טיפות טל רעננות 55 מ""ל","איטיליאן פוד, אס.פי.",,טואלט דאק גל אסלה טי,Unknown,0.00,Unknown,false,1,13.10,13.10,true,1,
7290011223243,false,"טואלט דאק ג'ל לאסלה בניחוח לבנדר 55 מ""ל","איטיליאן פוד, אס.פי.",,טואלט דאק גל אסלה ני,Unknown,0.00,Unknown,false,1,13.10,13.10,true,1,
7290011249748,false,רולים גלילי ופל במילוי קרם שוקולד 100 ג' עלמה,ח.כהן סוכנות מזון ומשקאות בע,,רולים שוקו 100 גר,גרמים,100.00,100 גרם,false,1,3.90,3.90,true,1,
7290011249755,false,רולים גלילי ופל במילוי קרם אגוזים 100 ג' עלמה,ח.כהן סוכנות מזון ומשקאות בע,,רולים אגוזים 100 גר,גרמים,100.00,100 גרם,false,1,3.90,3.90,true,1,
7290011343149,false,שמן זית ארבקינה 2 ליטר,,,שמן זית ארבקינה 2 לי,ליטרים,0.00,ליטר,false,1,120.50,120.50,true,1,
7290011343187,false,שמן זית קורטינה ארץ גשור 750 מל,,,שמן זית קורטינה ארץ,מיליליטרים,750.00,"100 מ""ל",false,1,55.50,7.40,true,1,
7290011378233,false,"חטיפי חלווה בארכה 126 גרם מארז 7 יחידות לל""ס",קבוצת אוסם סחר שותפות מוגבלת,,"מאגדת ללת""ס חטיף חלב",גרמים,126.00,100 גרם,false,1,13.50,10.71,true,1,
7290011378769,false,חטיף חלווה וניל בארכה 126 גרם מארז 7 יחידות,קבוצת אוסם סחר שותפות מוגבלת,,מאגדת חטיף חלבה וניל,גרמים,126.00,100 גרם,false,1,13.50,10.71,true,1,
7290011379018,false,מארז משפחתי שמפיניון 500 ג' מרינה,ביכורי השדה צפון 1994 ג.ד. בעמ,,פטריות צמד חמד מעורב,Unknown,0.00,Unknown,false,1,17.90,17.90,true,1,
7290011426576,false,שקדימון 300 גרם,,IL,שקדימון 300 גרם,גרמים,300.00,100 גרם,false,1,34.90,11.63,true,1,
7290011447908,false,"מזון לחתולים מלא טעם עוף וכבד סופר קט 3 ק""ג",דיפלומט מפיצים (1968) בעמ**,,סופר קט מזון לחתולים,קילוגרמים,0.00,"ק""ג",false,1,49.90,49.90,true,1,
7290011473129,false,גרעיני חמניות קלוף אורגני 300 גרם,גורי מוצרי צריכה בעמ,,גרעיני חמניות קלוף א,גרמים,300.00,100 גרם,false,1,11.90,3.97,true,1,
7290011473211,false,"עדשים אדומים אורגני 500 גרם ""תבואות""",גורי מוצרי צריכה (1991) בעמ,,עדשים אדומים אורגני,גרמים,500.00,100 גרם,false,1,13.50,2.70,true,1,
>>>>>>> d048ac2f4f281c9d788043ab4e81b61b0dbe3743
7290011473259,false,פשתן טחון אורגני 350 גרם,תבואות,,פשתן טחון אורגני,גרמים,350.00,100 גרם,false,1,12.90,3.69,true,1,
7290011473297,false,גריסי פנינה אורגנים 500 גרם,גורי מוצרי צריכה בעמ,,גריסי פנינה אורגני 5,גרמים,500.00,100 גרם,false,1,10.90,2.18,true,1,
7290011473358,false,שעועית שחורה אורגנית 500 גרם,ארוז ע' תבואות,,שעועית שחורה אורגנית,גרמים,500.00,100 גרם,false,1,12.90,2.58,true,1,
7290011473570,false,קמח חומוס טבעי תבואות 500 גרם אורגני,גורי מוצרי צריכה (1991) בעמ,,קמח חומוס טבעי 500 ג,גרמים,500.00,100 גרם,false,1,11.90,2.38,true,1,
7290011473655,false,סוכר קנים אורגני 1 קילו,גורי מוצרי צריכה (1991) בעמ,,סוכר קנים אורגני 1 ק,גרמים,1000.00,100 גרם,false,1,10.90,1.09,true,1,
7290011473709,false,קינואה אורגנית תבואו,,,"קינואה אורגנית 1 ק""ג",גרמים,1000.00,100 גרם,false,1,27.90,2.79,true,1,
7290011473730,false,"אורז פרא מעורב טבעי 1 ק""ג תבואות",אינפוסה רובי,,אורז פרא מעורב טבעי,גרמים,1000.00,100 גרם,false,1,18.90,1.89,true,1,
7290011473952,false,קוואקר מהיר להכנה טבעי 400 גרם אורגני,גורי מוצרי צריכה (1991) בעמ,,קוואקר מהיר הכנה טבע,גרמים,500.00,100 גרם,false,1,7.50,1.50,true,1,
7290011473969,false,קינואה טריו אורגנית 500 גרם,גורי מוצרי צריכה (1991) בעמ,,קינואה טריו אורגנית,גרמים,500.00,100 גרם,false,1,23.50,4.70,true,1,
7290011474126,false,שמן קוקוס כתית אורגני 950 גרם,אדמג'י לוקמנג'י,,שמן קוקוס כתית אורגנ,גרמים,950.00,100 גרם,false,1,45.90,4.83,true,1,
7290011474225,false,מלח המליה דק צנצנת 1 קג,תבואות,,מלח המליה דק צנצנת 1,גרמים,1000.00,100 גרם,false,1,18.90,1.89,true,1,
<<<<<<< HEAD
7290011474256,false,מלח הימליה גס שקית 1 קילו תבואות,תבואות,,מלח הימליה גס שקית 1,גרמים,1000.00,100 גרם,false,1,15.90,1.59,true,1,
7290011474386,false,קוואקר דק אורגני 500 גרם,תבואות,,קוואקר אורגני דק 500,גרמים,500.00,100 גרם,false,1,10.40,2.08,true,1,
7290011474447,false,קוואקר עבה טבעי 500 גרם תבאות,תבואות,,קוואקר עבה טבעי 500,גרמים,500.00,100 גרם,false,1,7.50,1.50,true,1,
=======
7290011474256,false,מלח הימליה גס שקית 1 קילו תבואות,גורי מוצרי צריכה (1991) בעמ,,מלח הימליה גס שקית 1,גרמים,1000.00,100 גרם,false,1,15.90,1.59,true,1,
7290011474386,false,קוואקר דק אורגני 500 גרם,גורי מוצרי צריכה (1991) בעמ,,קוואקר אורגני דק 500,גרמים,500.00,100 גרם,false,1,10.40,2.08,true,1,
7290011474447,false,קוואקר עבה טבעי תבואות 400 גרם אורגני,גורי מוצרי צריכה (1991) בעמ,,קוואקר עבה טבעי 500,גרמים,500.00,100 גרם,false,1,7.50,1.50,true,1,
>>>>>>> d048ac2f4f281c9d788043ab4e81b61b0dbe3743
7290011474720,false,"אורז בסמטי לבן אורגני 1 ק""ג",,,אורז בסמטי לבן אורגנ,גרמים,1000.00,100 גרם,false,1,25.90,2.59,true,1,
7290011474997,false,ערמונים אורגניים 100 גר,תבואות,,ערמונים אורגניים 100,גרמים,100.00,100 גרם,false,1,6.90,6.90,true,1,
7290011498177,false,ממרח שקד לבן מקולף 700 ג,שקד תבור,,שקד לבן 700 גרם,גרמים,700.00,100 גרם,false,1,73.50,10.50,true,1,
7290011498221,false,גרוסליין - סילאן טבעי 900 גרם,אלמנדוס,,סילאן תמרים טבעי 900,גרמים,900.00,100 גרם,false,1,19.90,2.21,true,1,
7290011498283,false,אגוזי אדמה חמאה בוטנים 700 גר,שקד תבור,,אגוזי אדמה חמאה בוטנ,גרמים,700.00,100 גרם,false,1,26.50,3.79,true,1,
7290011498368,false,ממרח פיסטוק אלת הבטנ,שקד תבור,,חמאת פיסטוק 200 גרם,גרמים,200.00,100 גרם,false,1,45.90,22.95,true,1,
7290011498504,false,ממרח חלבה פרווה (350 גרם),שקד תבור,,ממרח חלבה עשירה 350,גרמים,350.00,100 גרם,false,1,14.90,4.26,true,1,
7290011498894,false,מארז חטיפי תמר במילוי חמאת בוטנים 150 גרם,מרכז השקד,,חטיף תמרים במילוי חמ,גרמים,150.00,100 גרם,false,1,16.70,11.13,true,1,
7290011498948,false,מארז חטיפי תמר מצופה שוקולד 100% קקאו 150 גרם,"אלמנדוס בע""מ",,חטיף תמרים בציפוי שו,גרמים,150.00,100 גרם,false,1,18.80,12.53,true,1,
7290011498993,false,קשיו לבן 100% טבעי 300 ג,מרכז השקד,,חמאת קשיו לבן 300 גר,גרמים,300.00,100 גרם,false,1,27.90,9.30,true,1,
<<<<<<< HEAD
7290011499051,false,פטה כבשים מסורתית 20% בגביע 250 גרם - רובין,MKN עבור מחלבות גד ב,,פטה כבשים מסורתית 2,גרמים,250.00,100 גרם,false,1,24.70,9.88,true,1,
7290011499105,false,בולגרית מסורתית 5% 250 גרם -רבנות,ג'נרל מילס סאן אדריא,,בולגרית 5% 250גר,גרמים,250.00,100 גרם,false,1,22.60,9.04,true,1,
7290011499112,false,בולגרית מסורתית 16% 250 גרם - רבנות,"מיוצר ע""י dsh",,בולגרית 16% 250גר,גרמים,250.00,100 גרם,false,1,22.60,9.04,true,1,
7290011499129,false,גבינה בולגרית מעודנת קוביות קטנות 5% גד 200 גרם,קוד יצרן DSH,,קוביות בולגרית מעודנ,גרמים,200.00,100 גרם,false,1,20.60,10.30,true,1,
7290011499303,false,פטה עיזים מעודנת 5% בגביע 250 גרם - רבנות,ג'נרל מילס סאן אדריא,,גבינה בולגרית מעודנת,גרמים,250.00,100 גרם,false,1,30.90,12.36,true,1,
7290011499327,false,גבינה בולגרית מעודנת 5% 250 גרם - רבנות,מיוצר על ידי DSH עבו,,גבינה בולגרית מעודנת,גרמים,250.00,100 גרם,false,1,22.60,9.04,true,1,
7290011499341,false,גבינת קשקבל ארוז 26 אחוז 250גרם גד,הנסיך- מפעל לייצור ט,IL,קשקאבל ארוז 200 גר,גרמים,200.00,100 גרם,false,1,28.90,14.45,true,1,
7290011499358,false,פטה עיזים מסורתית 20% בגביע 200 גרם - רובין,מיוצר על ידי קוד יצר,,גבינת פטה עיזים 200,גרמים,200.00,100 גרם,false,1,26.00,13.00,true,1,
7290011499365,false,גד חלומי 24% 200 גרם רובין,"מחלבות גד בע""\מ",,גבינת חלומי 200 גר,גרמים,200.00,100 גרם,false,1,20.90,10.45,true,1,
7290011499419,false,גבינה במרקם שמנת בטעם טבעי 5% ניו יורק,גבינות מדף,,גבינה במרקם שמנת 5%,גרמים,200.00,100 גרם,false,1,11.40,5.70,true,1,
7290011499624,false,שמנת 30% ניו יורק טבעי 200 גרם רבנות,גבינות מדף,,גבינת שמנת 30% טבעי,גרמים,200.00,100 גרם,false,1,12.90,6.45,true,1,
7290011499846,false,גבינת ריקוטה פרסקה 9% גד 300 גרם,מחלבות גד בעמ,,ריקוטה פרסקה 9% 300,גרמים,150.00,100 גרם,false,1,18.00,12.00,true,1,
7290011499853,false,שמנת 30% ניו יורק זיתים מחלבות גד,מחלבות גד (שיווק 199,,גבינת שמנת זיתים 30%,גרמים,200.00,100 גרם,false,1,12.90,6.45,true,1,
7290011502867,false,גרנולה אגוזים בשקית שקדיה 500 גרם,"דין שיווק וקלייה בע""",,גרנולה אגוזים 500 גר,גרמים,500.00,100 גרם,false,1,14.90,2.98,true,1,
7290011518561,false,"אקטימל תות 1.51 ק""ג מארז 14 יחידות",מיוצר עי קונדיטוריית,,אקטימל תות מארז משפח,ליטרים,0.00,ליטר,false,1,29.90,29.90,true,1,
7290011525712,false,"קמיל בלו אל סבון סנסיטיב לפני השינה ד""ר פישר 1 ליטר",פישר מעבדות פרמצבטיות בע,,אל סבון לפני השינה ק,מיליליטרים,1000.00,"100 מ""ל",false,1,34.50,3.45,true,1,
=======
7290011499051,false,פטה כבשים מסורתית 20% בגביע 250 גרם - רובין,מחלבות גד שיווק 1992 בעמ,,פטה כבשים מסורתית 2,גרמים,250.00,100 גרם,false,1,24.70,9.88,true,1,
7290011499105,false,בולגרית מסורתית 5% 250 גרם -רבנות,מחלבות גד שיווק 1992 בעמ,,בולגרית 5% 250גר,גרמים,250.00,100 גרם,false,1,22.60,9.04,true,1,
7290011499129,false,גבינה בולגרית מעודנת קוביות קטנות 5% גד 200 גרם,מחלבות גד שיווק 1992 בעמ,,קוביות בולגרית מעודנ,גרמים,200.00,100 גרם,false,1,20.60,10.30,true,1,
7290011499303,false,פטה עיזים מעודנת 5% בגביע 250 גרם - רבנות,מחלבות גד שיווק 1992 בעמ,,גבינה בולגרית מעודנת,גרמים,250.00,100 גרם,false,1,30.90,12.36,true,1,
7290011499327,false,גבינה בולגרית מעודנת 5% 250 גרם - רבנות,מחלבות גד שיווק 1992 בעמ,,גבינה בולגרית מעודנת,גרמים,250.00,100 גרם,false,1,22.60,9.04,true,1,
7290011499341,false,גבינת קשקבל ארוז 26 אחוז 250גרם גד,מחלבות גד שיווק 1992 בעמ,IL,קשקאבל ארוז 200 גר,גרמים,200.00,100 גרם,false,1,28.90,14.45,true,1,
7290011499358,false,פטה עיזים מסורתית 20% בגביע 200 גרם - רובין,מחלבות גד שיווק 1992 בעמ,,גבינת פטה עיזים 200,גרמים,200.00,100 גרם,false,1,26.00,13.00,true,1,
7290011499365,false,גבינת חלומי 24% מחלב בקר גד (200 גרם),מחלבות גד שיווק 1992 בעמ,,גבינת חלומי 200 גר,גרמים,200.00,100 גרם,false,1,20.90,10.45,true,1,
7290011499419,false,גבינה במרקם שמנת בטעם טבעי 5% ניו יורק,מחלבות גד שיווק 1992 בעמ,,גבינה במרקם שמנת 5%,גרמים,200.00,100 גרם,false,1,11.40,5.70,true,1,
7290011499624,false,שמנת 30% ניו יורק טבעי 200 גרם רבנות,מחלבות גד שיווק 1992 בעמ,,גבינת שמנת 30% טבעי,גרמים,200.00,100 גרם,false,1,12.90,6.45,true,1,
7290011499846,false,גבינת ריקוטה פרסקה 9% גד (300 גרם),מחלבות גד שיווק 1992 בעמ,,ריקוטה פרסקה 9% 300,גרמים,150.00,100 גרם,false,1,18.00,12.00,true,1,
7290011499853,false,שמנת 30% ניו יורק זיתים מחלבות גד,מחלבות גד שיווק 1992 בעמ,,גבינת שמנת זיתים 30%,גרמים,200.00,100 גרם,false,1,12.90,6.45,true,1,
7290011518561,false,"אקטימל תות 1.51 ק""ג מארז 14 יחידות",שטראוס גרופ בעמ/מצונן,,אקטימל תות מארז משפח,ליטרים,0.00,ליטר,false,1,29.90,29.90,true,1,
7290011525712,false,"קמיל בלו אל סבון סנסיטיב לפני השינה ד""ר פישר 1 ליטר","פישר תעשיות פרמצביטות בע""מ",,אל סבון לפני השינה ק,מיליליטרים,1000.00,"100 מ""ל",false,1,34.50,3.45,true,1,
>>>>>>> d048ac2f4f281c9d788043ab4e81b61b0dbe3743
7290011530488,false,שייק איט 450 גר saturday מיקס פירות קפוא,"הבו-קדו בע""מ",IL,שייק איט 450 גר satu,גרמים,450.00,100 גרם,false,1,31.50,7.00,true,1,
7290011530532,false,מיקס פירות קפואים שייק איט ירוק - 3*150 ג',"הבו-קדו בע""מ",IL,שייק איט 450 גרם,גרמים,450.00,100 גרם,false,1,31.50,7.00,true,1,
7290011530549,false,מיקס פירות קפואים שייק איט ורוד - 3*150 ג',"הבו-קדו בע""מ",IL,שייק איט 450 גרם,גרמים,450.00,100 גרם,false,1,31.50,7.00,true,1,
7290011530730,false,מיקס פירות קפואים שייק איט חום - 3*150 ג',"הבו-קדו בע""מ",IL,שייק איט 450 ג,גרמים,450.00,100 גרם,false,1,31.50,7.00,true,1,
<<<<<<< HEAD
7290011575755,false,סופר גלו ג'ל - לוקטייט,יעקבי- סופר גלו Super Glue,,דבק גל סופר גלו 3 גר,Unknown,0.00,Unknown,false,1,12.20,12.20,true,1,
7290011585198,false,כיסונים במילוי בשר 1400 גרם,,,כיסונים השף במילוי,גרמים,1400.00,100 גרם,false,1,49.90,3.56,true,1,
7290011585235,false,מיני צבורק במילוי בש,,,מיני ציבורקי 600 גרם,גרמים,600.00,100 גרם,false,1,31.90,5.32,true,1,
7290011587444,false,מוזלי קראנצי בתוספת פירות ויטליה 600 גרם,Vitalia nikola ltd,,מוזלי קראנצ פרות 600,מיליליטרים,600.00,"100 מ""ל",false,1,15.60,2.60,true,1,
7290011587451,false,מוזלי קראנצי בתוספת פירות ואגוזים ויטליה 600 גרם,ויטליה,,גרנולה פירות 600 גר,גרמים,600.00,100 גרם,false,1,15.60,2.60,true,1,
7290011598211,false,"סנו - אנטי קאלק מרסס ניקוי כללי 4 ב-1 700 מ""ל",מיוצר עי קונדיטוריית,,סנו אנטי קאלק רב שימ,מיליליטרים,750.00,"100 מ""ל",false,1,17.90,2.39,true,1,
7290011598259,false,"פרש מטהר אוויר אוטומטי בניחוח מאסק סנו 250 מ""ל",סנו מפעלי ברונוס בעמ,,סנו פרש אוטומטיק מיל,מיליליטרים,250.00,"100 מ""ל",false,1,22.50,9.00,true,1,
7290011598365,false,רביעיית מטליות מיקרופייבר מקצועיות סנו סושי,סנו סושי,,סנו סושי סט מטליות מ,Unknown,0.00,Unknown,false,1,24.90,24.90,true,1,
7290011598402,false,מקסימה מרכך כביסה ארומתרפי מאסק סנו 4 ליטר,"סנו מפעלי ברונוס בע""\מ",,סנו מקסימה מרכך כביס,ליטרים,0.00,ליטר,false,1,17.90,17.90,true,1,
7290011598457,false,ניירטואלט לבן סנו סופט 48 יח',מפעלי ברונוס בעמ,,נייר טואלט סופט לבן,מטרים,882.00,מטר,false,1,39.90,0.05,true,1,
7290011607180,false,"אבקת כביסה קולון 101 1.25 ק""ג",ריקט בנקיזר ( ניר אי,,אבקת כביסה קולון 101,קילוגרמים,0.00,"ק""ג",false,1,16.70,16.70,true,1,
7290011607197,false,"קולון 101 אבקת כביסה 5 ק""ג",רקיט בנקיזר,,אבקת כביסה קולון 101,קילוגרמים,0.01,"ק""ג",false,1,36.50,3650.00,true,1,
=======
7290011575250,false,מברשת הפי מבריק וצובע נעליים שחור יעקבי,יעקב יעקבי ובניו בעמ,,הפי מבריק נעליים,Unknown,0.00,Unknown,false,1,11.50,11.50,true,1,
7290011575755,false,דבק סופר גלו ג`ל 3 גר`יעקובי,יעקבי- סופר גלו Super Glue,,דבק גל סופר גלו 3 גר,Unknown,0.00,Unknown,false,1,12.20,12.20,true,1,
7290011585198,false,כיסונים במילוי בשר 1400 גרם,,,כיסונים השף במילוי,גרמים,1400.00,100 גרם,false,1,49.90,3.56,true,1,
7290011585235,false,מיני צבורק במילוי בש,,,מיני ציבורקי 600 גרם,גרמים,600.00,100 גרם,false,1,31.90,5.32,true,1,
7290011587444,false,מוזלי קראנצי בתוספת פירות ויטליה 600 גרם,תומר יבוא ושיווק מוצרי מזון (1,,מוזלי קראנצ פרות 600,מיליליטרים,600.00,"100 מ""ל",false,1,15.60,2.60,true,1,
7290011587451,false,מוזלי קראנצי בתוספת פירות ואגוזים ויטליה 600 גרם,תומר יבוא ושיווק מוצרי מזון (1,,גרנולה פירות 600 גר,גרמים,600.00,100 גרם,false,1,15.60,2.60,true,1,
7290011598211,false,"סנו - אנטי קאלק מרסס ניקוי כללי 4 ב-1 700 מ""ל",החברה הדרומית לשיווק בעמ,,סנו אנטי קאלק רב שימ,מיליליטרים,750.00,"100 מ""ל",false,1,17.90,2.39,true,1,
7290011598259,false,"פרש מטהר אוויר אוטומטי בניחוח מאסק סנו 250 מ""ל",החברה הדרומית לשיווק בעמ,,סנו פרש אוטומטיק מיל,מיליליטרים,250.00,"100 מ""ל",false,1,22.50,9.00,true,1,
7290011598365,false,רביעיית מטליות מיקרופייבר מקצועיות סנו סושי,החב הדרומית לשיווק,,סנו סושי סט מטליות מ,Unknown,0.00,Unknown,false,1,24.90,24.90,true,1,
7290011598402,false,מקסימה מרכך כביסה ארומתרפי מאסק סנו 4 ליטר,החברה הדרומית לשיווק בעמ,,סנו מקסימה מרכך כביס,ליטרים,0.00,ליטר,false,1,17.90,17.90,true,1,
7290011598457,false,נייר טואלט דו שכבתי - מארז 48 גלילים,החברה הדרומית לשיווק בעמ,,נייר טואלט סופט לבן,מטרים,882.00,מטר,false,1,39.90,0.05,true,1,
7290011607180,false,"אבקת כביסה קולון 101 1.25 ק""ג",רקיט בנקיזר (ניר איסט) בעמ,,אבקת כביסה קולון 101,קילוגרמים,0.00,"ק""ג",false,1,16.70,16.70,true,1,
7290011607197,false,"קולון 101 אבקת כביסה 5 ק""ג",רקיט בנקיזר (ניר איסט) בעמ,,אבקת כביסה קולון 101,קילוגרמים,0.01,"ק""ג",false,1,36.50,3650.00,true,1,
>>>>>>> d048ac2f4f281c9d788043ab4e81b61b0dbe3743
7290011618124,false,נגיסי אורז לתינוקות בטעם ירקות,גואנז'ו יונג וואנט פ,,בייבי ביס בטעם ירקות,גרמים,50.00,100 גרם,false,1,14.40,28.80,true,1,
7290011618131,false,"בייבי ביס חטיף אורז כשל""פ בטעם גזר",גואנז'ו יונג וואנט פ,,בייבי ביס בטעם גזר,גרמים,50.00,100 גרם,false,1,14.40,28.80,true,1,
7290011622756,false,ביסקוויטמינים פלוס בטעם שוקולד 150 גרם,גורי מוצרי צריכה בעמ,,ביסקוויטמינים פלוס ש,גרמים,150.00,100 גרם,false,1,14.90,9.93,true,1,
7290011644000,false,מקלות תירס ממותקים 80 גרם,סנקי,,מקלות תירס ממותקים 8,גרמים,90.00,100 גרם,false,1,5.20,5.78,true,1,
7290011644505,false,שימורי כבד דג שיבוט 120 גרם ISLAND,יאקן איאצאפי,,שימורי כבד דג שיבוט,גרמים,120.00,100 גרם,false,1,10.40,8.67,true,1,
7290011695224,false,"רוטב צ'ילי מתוק 700 מ""ל",BAAECO,,רוטב צילי מתוק 700,מיליליטרים,700.00,"100 מ""ל",false,1,11.90,1.70,true,1,
7290011695651,false,צנימים עגולים 300 גרם נאמן,נאמן לאורך זמן בעמ,,צנימים עגולים 300 גר,גרמים,300.00,100 גרם,false,1,12.40,4.13,true,1,
7290011723200,false,טחינה הר ברכה 100% שומשום טהור 500 גר,טחינה הר ברכה בעמ,,טחינה הר ברכה 100% ש,גרמים,500.00,100 גרם,false,1,18.90,3.78,true,1,
7290011728007,false,נאצוס תירס טבעי טרז פזוס 180 גרם,,IL,נאצוס תירס טבעי טרז,גרמים,180.00,100 גרם,false,1,19.80,11.00,true,1,
7290011765095,false,קרמה מן גל גילוח אלוורה ירוק 200 מל,החברה הדרומית לשיווק בעמ,,קרמה מן גל גילוח אלו,מיליליטרים,200.00,"100 מ""ל",false,1,13.50,6.75,true,1,
7290011765392,false,"בוב ספוג שמפו לשיער לסירוק קל כיף 750 מ""ל",החברה הדרומית לשיווק בעמ,,שמפו כיף בוב ספוג 75,מיליליטרים,750.00,"100 מ""ל",false,1,13.50,1.80,true,1,
7290011765613,false,סנו מסיר עובש בניחות לימון מתז 1 ל',החברה הדרומית לשיווק בעמ,IL,מרסס מסיר עובש סנו 1,מיליליטרים,1000.00,"100 מ""ל",false,1,20.90,2.09,true,1,
7290011800840,false,רפי כהן סלט טחינה בלאדי צבר 400 גרם,קבוצת אוסם סחר שותפות מוגבלת,,טחינה בלאדי רפי כהן,גרמים,400.00,100 גרם,false,1,18.30,4.58,true,1,
7290011830007,false,"סוכר חום אורגני השדה מוצרים אורגנים 1 ק""ג",השדה מוצרים אורגניים,,סוכר קנים אורגני חום,גרמים,1000.00,100 גרם,false,1,13.50,1.35,true,1,
7290011830328,false,מחית (סקוויז) תפוח עץ אורגני 100 גרם,השדה מוצרים טבעיים ו,ES,מחית תפוח עץ אורגני,גרמים,100.00,100 גרם,false,1,4.90,4.90,true,1,
7290011830335,false,מחית תפוח עץ ובננה סקוויז אורגני השדה מוצרים אורגנים 100 גרם,השדה מוצרים טבעיים ו,ES,מחית תפוח עץ ובננה א,גרמים,100.00,100 גרם,false,1,4.90,4.90,true,1,
7290011830366,false,טליאטלה מקמח דורום 5 צבעים אורגני 500 גר,השדה מוצרים טבעיים ו,,טליאטלה מקמח דורום 5,גרמים,500.00,100 גרם,false,1,30.50,6.10,true,1,
7290011830564,false,פתיבר כוסמין אורגני השדה מוצרים אורגנים 200 גרם,השדה מוצרים אורגניים,,פתיבר כוסמין אורגני,גרמים,200.00,100 גרם,false,1,11.60,5.80,true,1,
7290011830830,false,חטיף ציקי מאנקי אורגני 20 גר השדה,השדה מוצרים אורגניים,,חטיף ציקי מאנקי אורג,גרמים,20.00,100 גרם,false,1,3.30,16.50,true,1,
7290011830991,false,צ'יקי מאנקי חטיף בוטנים אורגני 60 גרם ללא גלוטן,השדה מוצרים טבעיים ו,,ציקי מאנקי 60 גר השד,גרמים,60.00,100 גרם,false,1,6.90,11.50,true,1,
7290011867409,false,גרנובל מסכת הזנה טיפולית טבעית לשיער 250,,,גרנובל מסכת הזנה טיפ,Unknown,0.00,Unknown,false,1,94.90,94.90,true,1,
7290011867911,false,גרנובל שמפו טבעי טהור 500 מ`ל,,,גרנובל שמפו טבעי טהו,מיליליטרים,500.00,"100 מ""ל",false,1,69.90,13.98,true,1,
7290011877842,false,שקיות ואקום לאחסון XXXL+L סנו סושי 2 יחידות,החברה הדרומית לשיווק בעמ,,סנו סושי 2 אריזות וא,Unknown,0.00,Unknown,false,1,25.90,25.90,true,1,
7290011877859,false,סנו אינסטלטור חדש פותח סתימות 200ג',החברה הדרומית לשיווק בעמ,,סנו אינסטלטור פותח ס,מיליליטרים,200.00,"100 מ""ל",false,1,13.90,6.95,true,1,
7290011877866,false,"מקסימה אבקת כביסה בניחוח מאסק סנו 6 ק""ג",החברה הדרומית לשיווק בעמ,,אבקת כביסה מקסימה מא,קילוגרמים,0.01,"ק""ג",false,1,49.50,4950.00,true,1,
7290011878351,false,תמרים מגהול 400 גרם אורגני,,,תמרים מגהול 400 גרם,גרמים,400.00,100 גרם,false,1,27.90,6.98,true,1,
7290011878375,false,תמרים דקל נור 400 גרם,,,תמרים דקל נור 400 גר,גרמים,40000.00,100 גרם,false,1,17.90,0.04,true,1,
7290011912642,false,ליסטרין שטיפת פה הגנה על השיניים והחניכי,ג'\ונסון אנד ג'\ונסון,IT,מי פה ליסטרין להגנה,מיליליטרים,500.00,"100 מ""ל",false,1,19.80,3.96,true,1,
7290011923211,false,"שמן זית אורגני 750 מ""ל ליב",,,שמן זית אורגני 750 מ,גרמים,750.00,100 גרם,false,1,57.50,7.67,true,1,
7290011923273,false,טופו אורגני ליב (300 גרם),ל.י.ב. (לחיות יותר בטבע) בעמ,,טופו אורגני 300 גרם,גרמים,300.00,100 גרם,false,1,13.50,4.50,true,1,
7290011923303,false,טופו טבעי ליב (300 גרם),ל.י.ב. (לחיות יותר בטבע) בעמ,,טופו טבעי ליב 300 גר,גרמים,300.00,100 גרם,false,1,10.90,3.63,true,1,
7290011931162,false,סוכרלייט ממתיק נוזלי על בסיס סוכרלוז,אף.סי תבליני בגליל ב,,סוכרלייט נוזלי 220 ג,גרמים,220.00,100 גרם,false,1,35.50,16.14,true,1,
<<<<<<< HEAD
7290011947309,false,זיתים מצוננים סורי מבוקע ולימון כבוש זיתא 230 ג',זיתא – י.ט.ב תעשיות,,זית סורי מבוקע עם לי,גרמים,220.00,100 גרם,false,1,11.90,5.41,true,1,
7290011947316,false,זיתא זיתי קלמטה בשמן זית כתית מעולה 215ג,זיתא - י.ט.ב תעשיות,,זיתי קלמטה 215 גרם,גרמים,215.00,100 גרם,false,1,11.90,5.53,true,1,
7290011947743,false,זיתים זיתא מיקס זית ירוק וזית קלמטה 215 גרם,זיתא - י.ט.ב תעשיות,IL,מיקס זיתים זיתא 215,גרמים,215.00,100 גרם,false,1,11.90,5.53,true,1,
7290011947781,false,מיקס זית ירוק וזית קלמטה ללא גלעין עם שמן זית כתית מעולה,זיתא - י.ט.ב תעשיות,IL,מיקס זית ירוק/קלמטה,גרמים,190.00,100 גרם,false,0,14.60,7.68,true,1,
=======
7290011947309,false,זיתים מצוננים סורי מבוקע ולימון כבוש זיתא 230 ג',תה ויסוצקי (ישראל) בעמ,,זית סורי מבוקע עם לי,גרמים,220.00,100 גרם,false,1,11.90,5.41,true,1,
7290011947316,false,זיתא זיתי קלמטה בשמן זית כתית מעולה 215ג,תה ויסוצקי (ישראל) בעמ,,זיתי קלמטה 215 גרם,גרמים,215.00,100 גרם,false,1,11.90,5.53,true,1,
7290011947743,false,זיתים זיתא מיקס זית ירוק וזית קלמטה 215 גרם,תה ויסוצקי (ישראל) בעמ,IL,מיקס זיתים זיתא 215,גרמים,215.00,100 גרם,false,1,11.90,5.53,true,1,
7290011947781,false,מיקס זית ירוק וזית קלמטה ללא גלעין עם שמן זית כתית מעולה,תה ויסוצקי (ישראל) בעמ,IL,מיקס זית ירוק/קלמטה,גרמים,190.00,100 גרם,false,0,14.60,7.68,true,1,
7290011947798,false,זית קלמטה ללא גלעין עם שמן זית כתית מעולה,תה ויסוצקי (ישראל) בעמ,IL,זית קלמטה ללא גלעין,גרמים,190.00,100 גרם,false,0,14.60,7.68,true,1,
>>>>>>> d048ac2f4f281c9d788043ab4e81b61b0dbe3743
7290011987268,false,סלמון פרוס 100 גר,,,סלמון פרוס 100 גר,גרמים,100.00,100 גרם,false,1,23.90,23.90,true,1,
7290012009105,false,אוכמניות טריות כרמל,,,אוכמניות,Unknown,0.00,Unknown,false,1,29.90,29.90,true,1,
7290012013089,false,עוגיות אגוזים ר.חלב300 גרם,,,עוגיות אגוזים,גרמים,300.00,100 גרם,false,1,23.90,7.97,true,1,
7290012019401,false,מיץ דובדבן 100% 1 ליטר תוצרת גרוזיה,תומר יבוא ושיווק מוצרי מזון (1,,מיץ דובדבן 100% 1 לי,מיליליטרים,1000.00,"100 מ""ל",false,1,21.90,2.19,true,1,
7290012022005,false,פריכיות חיטה 60 גרם,דילייט 2005 בעמ,,פריכיות חיטה 70 גרם,גרמים,70.00,100 גרם,false,1,11.90,17.00,true,1,
7290012022050,false,קריספיות מרובה דגנים 75ג,דילייט 2005 בעמ,,פריכיות חיטה מלאה,גרמים,100.00,100 גרם,false,1,13.90,13.90,true,1,
7290012022067,false,קריספיות קידס 30 גרם,דילייט 2005 בעמ,IL,קריספיות קידס 30 גרם,גרמים,30.00,100 גרם,false,1,10.90,36.33,true,1,
7290012046131,false,מטליות לניקוי וחיטוי כללי סופט קלין 400 יח',,,מטליות לניקוי וחיטוי,Unknown,0.00,Unknown,false,1,32.90,32.90,true,1,
7290012046155,false,מטליות לחות לניקוי רצפות 50 יח,,,מטליות לחות לניקוי ר,Unknown,0.00,Unknown,false,1,32.90,32.90,true,1,
<<<<<<< HEAD
7290012052354,false,גרנולה רפאל שוקולד ואגוזי לוז 350 גרם,רפאלס,,גרנולה רפאל-שוקולד ו,גרמים,350.00,100 גרם,false,1,16.90,4.83,true,1,
7290012116025,false,שמפו פיית הפרפרים לסירוק קל מכיל רוזמרין,קוסמופארם בע'\'\מ,,שמפו כיף פיות 750 מ,מיליליטרים,750.00,"100 מ""ל",false,1,13.50,1.80,true,1,
7290012116032,false,כיף פיות מרכך לסירוק קל 750 מל,טרופיקל דגיל תעשיות,,מרכך כיף פיות 750 מ,מיליליטרים,750.00,"100 מ""ל",false,1,13.50,1.80,true,1,
7290012116612,false,אורביטול מברשת שיניים מארז 4 יח',ג'נרל מילס סאן אדריא,,אורביטול מברשת שיניי,Unknown,0.00,Unknown,false,1,13.90,13.90,true,1,
7290012117275,false,"קליר שקית מילוי לניקוי חלונות סנו 750 מ""ל",טרופיקל דגיל תעשיות,,סנוקליר שקית מילוי 7,מיליליטרים,750.00,"100 מ""ל",false,1,9.40,1.25,true,1,
7290012117350,false,"נוזל רצפות לילך 2 ליטר ""ריצפז פרש""","סנו מפעלי ברונוס בע""\מ",,סנו ריצפז פרש 2 ליטר,ליטרים,0.00,ליטר,false,1,20.90,20.90,true,1,
7290012117428,false,"ג'ל רחצה ושמפו מעיינות מנטה קרמה מן 700 מ""ל",טרופיקל דגיל תעשיות,,קרמה מן שמפו+גל רחצה,מיליליטרים,700.00,"100 מ""ל",false,1,20.90,2.99,true,1,
7290012117534,false,מרכך כביסה מרוכז תכלת קול סנו מקסימה 1 ליטר,"סנו מפעלי ברונוס בע""\מ",,מרכך כביסה מקסימה סו,מיליליטרים,1000.00,"100 מ""ל",false,1,13.90,1.39,true,1,
7290012117541,false,מרכך כביסה מרוכז צהוב סנו מקסימה 1 ליטר,סנו מפעלי ברונוס בעמ,,מרכך כביסה מקסימה סו,מיליליטרים,1000.00,"100 מ""ל",false,1,13.90,1.39,true,1,
7290012117558,false,מקסימה מרכך כביסה מרוכז ורוד בניחוח מאסק סנו 1 ליטר,"סנו מפעלי ברונוס בע""\מ",,מרכך כביסה מקסימה סו,מיליליטרים,1000.00,"100 מ""ל",false,1,13.90,1.39,true,1,
7290012117732,false,מקסימה מרכך כביסה ארומתרפי קול סנו 4 ליטר,"סנו מפעלי ברונוס בע""\מ",,סנו מקסימה מרכך כביס,ליטרים,0.00,ליטר,false,1,17.90,17.90,true,1,
=======
7290012052354,false,גרנולה אגוזים זרעים שוקולד ואגוזי לוז,כרמית תעשיות ממתקים בעמ,,גרנולה רפאל-שוקולד ו,גרמים,350.00,100 גרם,false,1,16.90,4.83,true,1,
7290012116025,false,שמפו פיית הפרפרים לסירוק קל מכיל רוזמרין,החברה הדרומית לשיווק בעמ,,שמפו כיף פיות 750 מ,מיליליטרים,750.00,"100 מ""ל",false,1,13.50,1.80,true,1,
7290012116032,false,כיף פיות מרכך לסירוק קל 750 מל,החברה הדרומית לשיווק בעמ,,מרכך כיף פיות 750 מ,מיליליטרים,750.00,"100 מ""ל",false,1,13.50,1.80,true,1,
7290012116612,false,אורביטול מברשת שיניים סופט 4 יח`,החברה הדרומית לשיווק בעמ,,אורביטול מברשת שיניי,Unknown,0.00,Unknown,false,1,13.90,13.90,true,1,
7290012117091,false,"אבקת כביסה סנסיטיב סנו מקסימה 6 ק""ג",החברה הדרומית לשיווק בעמ,,אבקת כביסה מקסימה סנ,קילוגרמים,0.01,"ק""ג",false,1,49.50,4950.00,true,1,
7290012117275,false,"קליר שקית מילוי לניקוי חלונות סנו 750 מ""ל",החברה הדרומית לשיווק בעמ,,סנוקליר שקית מילוי 7,מיליליטרים,750.00,"100 מ""ל",false,1,9.40,1.25,true,1,
7290012117350,false,"נוזל רצפות לילך 2 ליטר ""ריצפז פרש""",החברה הדרומית לשיווק בעמ,,סנו ריצפז פרש 2 ליטר,ליטרים,0.00,ליטר,false,1,20.90,20.90,true,1,
7290012117428,false,"ג'ל רחצה ושמפו מעיינות מנטה קרמה מן 700 מ""ל",החברה הדרומית לשיווק בעמ,,קרמה מן שמפו+גל רחצה,מיליליטרים,700.00,"100 מ""ל",false,1,20.90,2.99,true,1,
7290012117534,false,מרכך כביסה מרוכז תכלת קול סנו מקסימה 1 ליטר,החברה הדרומית לשיווק בעמ,,מרכך כביסה מקסימה סו,מיליליטרים,1000.00,"100 מ""ל",false,1,13.90,1.39,true,1,
7290012117541,false,מרכך כביסה מרוכז צהוב סנו מקסימה 1 ליטר,החברה הדרומית לשיווק בעמ,,מרכך כביסה מקסימה סו,מיליליטרים,1000.00,"100 מ""ל",false,1,13.90,1.39,true,1,
7290012117558,false,מקסימה מרכך כביסה מרוכז ורוד בניחוח מאסק סנו 1 ליטר,החברה הדרומית לשיווק בעמ,,מרכך כביסה מקסימה סו,מיליליטרים,1000.00,"100 מ""ל",false,1,13.90,1.39,true,1,
7290012117732,false,מקסימה מרכך כביסה ארומתרפי קול סנו 4 ליטר,החברה הדרומית לשיווק בעמ,,סנו מקסימה מרכך כביס,ליטרים,0.00,ליטר,false,1,17.90,17.90,true,1,
>>>>>>> d048ac2f4f281c9d788043ab4e81b61b0dbe3743
7290012117763,false,אורביטול מברשת שיניים בוב ספוג מנצנצת,,,מברשת שיניים לילדים,Unknown,0.00,Unknown,false,1,13.20,13.20,true,1,
7290012129728,false,מגבונים לחים פרשיס ללא בישום חמישייה,,IL,מגבונים לחים פרשיס ל,Unknown,0.00,Unknown,false,1,26.50,26.50,true,1,
7290012129742,false,מגבונים פרשיס מבושם 72 יח' * חמישיה,,IL,מגבונים לחים פרשיס מ,Unknown,0.00,Unknown,false,1,26.50,26.50,true,1,
7290012159763,false,ריאזנקה דן 500 מל,,,רגינקה דן 0.5ל,מיליליטרים,500.00,"100 מ""ל",false,1,9.80,1.96,true,1,
7290012159770,false,קפיר דן 500 מל,,,קפיר דן 0.5ל,מיליליטרים,500.00,"100 מ""ל",false,1,9.80,1.96,true,1,
7290012159886,false,תחליף גבינה מותכת דר,,,דרוזבה 100 גר,גרמים,100.00,100 גרם,false,1,5.00,5.00,true,1,
7290012159893,false,תחליף גבינה מותכת דר,,,דרוזבה פטריות 100 ג,גרמים,100.00,100 גרם,false,1,5.00,5.00,true,1,
<<<<<<< HEAD
=======
7290012159909,false,תחליף גבינה מותכת ינ,,,ינטר 100 גר,גרמים,100.00,100 גרם,false,1,5.00,5.00,true,1,
7290012191053,false,גפרורים ארוכים לגרילים,ח.כהן סוכנות מזון ומשקאות בע,,גפרור מטבח ארוך,Unknown,0.00,Unknown,false,1,7.30,7.30,true,1,
>>>>>>> d048ac2f4f281c9d788043ab4e81b61b0dbe3743
7290012208386,false,סוכר קוקוס אורגני 300 גרם,פונדוק דאיה בוקטג'ה,ID,סוכר קוקוס אורגני 30,גרמים,300.00,100 גרם,false,1,19.90,6.63,true,1,
7290012208775,false,זרעי ציה 700 גרם,,IL,זרעי ציה 700 גרם,גרמים,700.00,100 גרם,false,1,32.90,4.70,true,1,
7290012208911,false,"מלח הימלאיה דק שקית 1 ק""ג",,PK,מלח הימלאיה דק שקית,גרמים,1000.00,100 גרם,false,1,13.90,1.39,true,1,
7290012245176,false,וופל ציפס קריספי קפוא 700ג,קפוא זן תעשיות מזון בעמ,IL,גולד ציפס קריספי 700,גרמים,700.00,100 גרם,false,1,14.40,2.06,true,1,
7290012245183,false,קריספי קלאסי 10*10 קפוא 700ג,קפוא זן תעשיות מזון בעמ,IL,ציפס קריספי קלאסי 70,גרמים,700.00,100 גרם,false,1,12.90,1.84,true,1,
7290012245244,false,"צ'יפס קפוא משפחתי 2.5 ק""ג שארית",קפוא זן,IL,גולד ציפס קלאסי 2.5,גרמים,2500.00,100 גרם,false,1,32.90,1.32,true,1,
7290012245312,false,"גולד ציפס אמריקאי 1.5 ק""ג קפוא זן",קפוא-זן תעשיות מזון בעמ - תפוג,IL,גולד ציפס אמריקאי 1.,גרמים,1500.00,100 גרם,false,1,19.90,1.33,true,1,
7290012245336,false,"גולד צ'יפס סטייק 1.5 ק""ג גולד שארית",קפוא-זן תעשיות מזון בעמ - תפוג,IL,גולד סטייק ציפס 1.5,גרמים,1500.00,100 גרם,false,1,19.90,1.33,true,1,
7290012247316,false,לב עוף טרי,,,לב עוף טרי,Unknown,0.00,"ק""ג",true,0,34.90,34.90,true,1,
7290012251047,false,קבנוס כפרי 250 גרם מזרע,,,קבנוס כפרי 250 גרם,גרמים,250.00,100 גרם,false,1,17.90,7.16,true,1,
7290012251108,false,סלמי טורו 170 גרם,,,סלמי טורו 170 גרם,גרמים,170.00,100 גרם,false,1,30.90,18.18,true,1,
7290012251146,false,מיני קופצקי סרוולט 280 גרם,ישרקו שיווק מותגי מז,,מיני קופצקי סרוולט,גרמים,280.00,100 גרם,false,1,31.90,11.39,true,1,
7290012251160,false,מיני קרמליובסקי סרוולט 350 גר,ישרקו שיווק מותגי מז,,מיני קרמליובסקי,גרמים,350.00,100 גרם,false,1,36.90,10.54,true,1,
7290012251276,false,תיק בד טיב טעם,,,תיק רב פעמי ממוחזר,Unknown,0.00,Unknown,false,1,5.90,5.90,true,1,
7290012251313,false,גיוזה בטטה 320 גר קפוא מזרע,,,גיוזה בטטה 320 גר,גרמים,320.00,100 גרם,false,1,35.90,11.22,true,1,
7290012251337,false,דים סאם עוף ואורז 360 גר,,,דים סאם עוף ואורז,גרמים,360.00,100 גרם,false,1,42.90,11.92,true,1,
7290012251382,false,פריזר ביצת הזהב 500 גר מזרע,,,פריזר ביצת הזהב 500,גרמים,500.00,100 גרם,false,1,44.90,8.98,true,1,
7290012251412,false,"קרפלך עוף מזרע 1 ק""ג",,,"קרפלך עוף מזרע 1 ק""ג",גרמים,1000.00,100 גרם,false,1,36.50,3.65,true,1,
7290012251474,false,שרימפס 26/30 מקולף 500 ג' קפוא,,,שרימפס מקולף 500 גר,גרמים,500.00,100 גרם,false,1,47.90,9.58,true,1,
7290012251481,false,שרימפס מקולף 500 גר קפוא L,,,שרימפס מקולף 500 גר,גרמים,500.00,100 גרם,false,1,51.50,10.30,true,1,
7290012251511,false,דג בסה קוביות 500 גר קפוא,,,דג בסה קוביות 500 גר,גרמים,500.00,100 גרם,false,1,17.70,3.54,true,1,
7290012251528,false,נקניקיות בוואריה עם גבינה 700 גר מזרע,,,נקניקיות בוואריה,גרמים,700.00,100 גרם,false,1,64.90,9.27,true,1,
7290012251535,false,שרימפס מבושל 750 גר קפוא,,,שרימפס מבושל קפוא,גרמים,750.00,100 גרם,false,1,58.50,7.80,true,1,
7290012251542,false,"שרימפס לא מקולף גדול 1 ק""ג קפוא 26/30",,,שרימפס לא מקולף גדול,קילוגרמים,0.00,"ק""ג",false,1,104.50,104.50,true,1,
7290012251672,false,חמאה צרפתית 200 גר,,,חמאה צרפתית 200 גר,גרמים,200.00,100 גרם,false,1,10.90,5.45,true,1,
7290012251696,false,בלינצס בשר 600 גר,,,בלינצס בשר 600 גר,גרמים,600.00,100 גרם,false,1,39.90,6.65,true,1,
7290012251726,false,מזרע קרפלך הודו מתכון סבתא 600 גר,,,מזרע קרפלך הודו 600ג,גרמים,600.00,100 גרם,false,1,31.50,5.25,true,1,
7290012251757,false,קרפלך תפוחי אדמה 600 גר,,,קרפלך תפוחי אדמה 600,גרמים,600.00,100 גרם,false,1,21.90,3.65,true,1,
7290012251955,false,גבינת שמנת שום שמיר 30% Farmers cheese,,IL,גבינת שמנת שום שמיר,גרמים,200.00,100 גרם,false,1,9.90,4.95,true,1,
7290012251986,false,ממרח חמאה עם שום שמיר Farmers cheese 150,,IL,ממרח חמאה עם שום שמי,גרמים,150.00,100 גרם,false,1,11.90,7.93,true,1,
7290012251993,false,ממרח חמאה פטריות כמהין Farmers cheese,,IL,ממרח חמאה פטריות כמה,גרמים,150.00,100 גרם,false,1,12.90,8.60,true,1,
7290012252891,false,נקניקיות אוסטריות מצוננות 600 גרם,,IL,נקניקיות אוסטריות מצ,גרמים,600.00,100 גרם,false,1,31.90,5.32,true,1,
7290012252914,false,נקניקיות בלקניות מצוננות 600 גרם,,IL,נקניקיות בלקניות מצו,גרמים,600.00,100 גרם,false,1,24.90,4.15,true,1,
7290012306204,false,"אורז עגול בוכרי לאוש פלוב 1 ק""ג",,,אורז עגול בוכרי לאוש,גרמים,1000.00,100 גרם,false,1,16.90,1.69,true,1,
<<<<<<< HEAD
7290012313141,false,מלפפונים פרוסות במלח קבוצת יבנה 330 גרם,אף.סי תבליני בגליל ב,,מלפפון פרוס 600 גרם,גרמים,600.00,100 גרם,false,1,6.50,1.08,true,1,
7290012404955,false,נקטר חמוציות ספרינג קולקשן 1.25 ליטר,יפאורה שותפות מובגלת לשיווק,,ספרינג Collection,ליטרים,0.00,ליטר,false,1,12.90,12.90,true,1,
7290012404993,false,נקטר דיאט חמוציות ספרינג קולקשן 1.25 ליטר,יפאורה שותפות מובגלת לשיווק,,ספרינג Collection די,ליטרים,0.00,ליטר,false,1,12.90,12.90,true,1,
7290012475306,false,מיץ תפוזים אורגני גרין פילד 1 ליטר,,TR,מיץ תפוזים אורגני 1,מיליליטרים,1000.00,"100 מ""ל",false,1,17.90,1.79,true,1,
=======
7290012313141,false,מלפפונים פרוסות במלח קבוצת יבנה 330 גרם,"קבוצת יבנה מוצרי מזון בע""מ",,מלפפון פרוס 600 גרם,גרמים,600.00,100 גרם,false,1,6.50,1.08,true,1,
7290012404955,false,נקטר חמוציות ספרינג קולקשן (1.25 ליטר),יפאורה - שותפות מוגבלת לשיווק,,ספרינג Collection,ליטרים,0.00,ליטר,false,1,12.90,12.90,true,1,
7290012404993,false,נקטר דיאט חמוציות ספרינג קולקשן 1.25 ליטר,יפאורה - שותפות מוגבלת לשיווק,,ספרינג Collection די,ליטרים,0.00,ליטר,false,1,12.90,12.90,true,1,
7290012413636,false,תה ירוק צ'אי מסאלה ויסוצקי 25 יחידות,תה ויסוצקי (ישראל) בעמ,,תה ירוק צאי מסאלה 25,Unknown,0.00,Unknown,false,1,24.90,24.90,true,1,
>>>>>>> d048ac2f4f281c9d788043ab4e81b61b0dbe3743
7290012491771,false,שמן אמבט קלנדולה 200 מ`ל,לה קרים,,שמן אמבט קלנדולה 200,Unknown,0.00,Unknown,false,1,54.90,54.90,true,1,
7290012497124,false,אלטמן - ויטמין D-400 כמוסות רכות 120 יח',אלטמן,,ויטמין D-400 גל קפס,Unknown,0.00,Unknown,false,1,34.90,34.90,true,1,
7290012522581,false,טבעול שניצל תירס ללא גלוטן טבעול 664 גרם,קבוצת אוסם סחר-שות.מוגבלת,,שניצל תירס טבעול ללא,גרמים,664.00,100 גרם,false,1,36.50,5.50,true,1,
7290012561337,false,כורכום טרי כתוש קפוא דורות 70 גר,קבוצת אוסם סחר שותפות מוגבלת,,כורכום טרי כתוש קפוא,גרמים,70.00,100 גרם,false,1,12.90,18.43,true,1,
7290012588242,false,"מים מינרלים מיי וואטר כדורגל מארז 500X6מ""ל",נרה קריטיס אס איי באריפט,,שישיית מים מינרלים כ,מיליליטרים,3000.00,"100 מ""ל",false,1,16.60,0.55,true,1,
7290012624216,false,סבון נוזלי GALILEE פטשולי לבנדר וניל 400,,,סבון נוזלי GALILEE פ,Unknown,0.00,Unknown,false,1,39.90,39.90,true,1,
7290012634161,false,סט כלי במבוק 6 חל,,,סט כלי במבוק 6 חל,Unknown,0.00,Unknown,false,1,36.50,36.50,true,1,
7290012637032,false,זעתר הקברקרולי 130 גרם,תבליני ב.ד.,,פירמידת זעתר 60 גרם,גרמים,60.00,100 גרם,false,1,15.90,26.50,true,1,
<<<<<<< HEAD
7290012642586,false,ערמונים קלופים תומר 100 ג',Tangshan huiyuan foo,,ערמונים קלופים 100 ג,גרמים,100.00,100 גרם,false,1,7.30,7.30,true,1,
7290012642678,false,אננס בכוסות פלסטיק 4*113 ג' תומר,FOODS HUIZIANG JIANGSU,,אננס בכוסות פלס. רבי,גרמים,113.00,100 גרם,false,1,12.90,11.42,true,1,
7290012645020,false,"יוגורט עיזים טבעי בבקבוק חלב הארץ 500 מ""ל",מחלבת סוסיא,,יוגורט עיזים טבעי 50,מיליליטרים,500.00,"100 מ""ל",false,1,13.50,2.70,true,1,
7290012645112,false,יוגורט עיזים 2.8% בדלי חלב הארץ 750 גרם,מחלבות סוסיא,,יוגורט עיזים בדלי 75,מיליליטרים,750.00,"100 מ""ל",false,1,18.00,2.40,true,1,
7290012645297,false,יוגורט עיזים ביו 2.8% טעם טבעי חלב הארץ 150 גרם,מחלבות סוסיא,,יוגורט עיזים בטעם טב,גרמים,150.00,100 גרם,false,1,6.50,4.33,true,1,
7290012645389,false,יוגורט עיזים 3.7%בבקבוק חלב הארץ 1 ליטר,מחלבות סוסיא,,יוגורט עיזים טבעי 1,מיליליטרים,1000.00,"100 מ""ל",false,1,24.90,2.49,true,1,
7290012760853,false,"טיפות ויטמין D במינון 400 יחב""ל",LTD .AMBROZIA,,ויטמים די 400 טיפות,Unknown,0.00,Unknown,false,1,26.90,26.90,true,1,
7290012803215,false,וופל בלגי בטעם שוקולד ללא תוספת סוכר,בטר אנד דיפרנט,,וופל בלגי בטעם שוקול,גרמים,200.00,100 גרם,false,1,11.90,5.95,true,1,
7290012803222,false,טוסו ופל בסגנון בלגי בטעם לימון ללא תוספת סוכר 200 גרם,בטר אנד דיפרנט,,וופל בלגי בטעם לימון,גרמים,200.00,100 גרם,false,1,11.90,5.95,true,1,
7290012803352,false,רייד תרסיס קוטל יתושים/זבובים 300 מל,אס.סי.ג'ונסון מידרכט,,רייד קוטל מעופפים 30,מיליליטרים,300.00,"100 מ""ל",false,1,19.40,6.47,true,1,
7290012803765,false,טוסו שוקולד מריר ללא תוספת סוכר 100 גרם,אלטינמארקה גידה סאן,,טוסו מר שוקולד מריר,גרמים,100.00,100 גרם,false,1,13.50,13.50,true,1,
7290012803772,false,טוסו שוקולד חלב ללא תוספת סוכר 100 גרם,אלטינמארקה גידה סאן,,טוסו מר שוקולד חלב 1,גרמים,100.00,100 גרם,false,1,13.50,13.50,true,1,
7290012823237,false,"תחליב רחצה קרמה בריזת ים 700 מ""ל",החברה הדרומית,IL,תחליב רחצה קרמה בריז,מיליליטרים,700.00,"100 מ""ל",false,1,19.90,2.84,true,1,
7290012823381,false,מקסימה מרכך כביסה מרוכז סנסטיב בייבי סנו 1 ליטר,"סנו מפעלי ברונוס בע""\מ",,מרכך כביסה מקסימה סו,מיליליטרים,1000.00,"100 מ""ל",false,1,13.90,1.39,true,1,
7290012823398,false,מטליות חד פעמיות לניקוי הרצפה בניחוח מרכך כביסה 10יח' סנו,סנו מפעלי ברונו בעמ,,מט.לחות לריצפה בניחו,Unknown,0.00,Unknown,false,1,10.90,10.90,true,1,
7290012823541,false,ריצפז פרש מטליות לחות לרצפה בניחוח לבנדר 10 יחידות,"סנו מפעלי ברונוס בע""\מ",,סנו ריצפז פרש מטליות,Unknown,0.00,Unknown,false,1,10.90,10.90,true,1,
7290012823565,false,פוליויקס מטליות ענק לחות לפרקט סנו 10 יחידות,דינאמיק תעשיות,,מטליות ענק לחות 10 י,Unknown,0.00,Unknown,false,1,19.30,19.30,true,1,
7290012823923,false,"מרכך כביסה מרוכז פרפיום גולדן מקסימה 750 מ""ל",סנו מפעלי ברונוס בעמ,,מרכך כביסה מקסימה פר,מיליליטרים,750.00,"100 מ""ל",false,1,16.90,2.25,true,1,
=======
7290012642586,false,ערמונים קלופים תומר 100 ג',תומר ייבוא ושיווק מוצרי מזון [,,ערמונים קלופים 100 ג,גרמים,100.00,100 גרם,false,1,7.30,7.30,true,1,
7290012642678,false,אננס בכוסות פלסטיק 4*113 ג' תומר,FOODS HUIZIANG JIANGSU,,אננס בכוסות פלס. רבי,גרמים,113.00,100 גרם,false,1,12.90,11.42,true,1,
7290012645020,false,"יוגורט עיזים טבעי בבקבוק חלב הארץ 500 מ""ל",שטראוס גרופ בעמ/מצונן,,יוגורט עיזים טבעי 50,מיליליטרים,500.00,"100 מ""ל",false,1,13.50,2.70,true,1,
7290012645112,false,יוגורט עיזים 2.8% בדלי חלב הארץ 750 גרם,שטראוס גרופ בעמ/מצונן,,יוגורט עיזים בדלי 75,מיליליטרים,750.00,"100 מ""ל",false,1,18.00,2.40,true,1,
7290012645129,false,יוגורט כבשים 5% בדלי חלב הארץ 750 גרם,שטראוס גרופ בעמ/מצונן,,יוגורט כבשים בדלי 7,מיליליטרים,750.00,"100 מ""ל",false,1,18.00,2.40,true,1,
7290012645297,false,יוגורט עיזים ביו 2.8% טעם טבעי חלב הארץ 150 גרם,שטראוס גרופ בעמ/מצונן,,יוגורט עיזים בטעם טב,גרמים,150.00,100 גרם,false,1,6.50,4.33,true,1,
7290012645389,false,יוגורט עיזים טבעי 1 ליטר בבקבוק חלב האר,שטראוס גרופ בעמ/מצונן,,יוגורט עיזים טבעי 1,מיליליטרים,1000.00,"100 מ""ל",false,1,24.90,2.49,true,1,
7290012760853,false,"טיפות ויטמין D במינון 400 יחב""ל",LTD .AMBROZIA,,ויטמים די 400 טיפות,Unknown,0.00,Unknown,false,1,26.90,26.90,true,1,
7290012803215,false,טוסו וופל בלגי ללתס בטעם שוקולד 200 גר`,בטר אנד דיפרנט,,וופל בלגי בטעם שוקול,גרמים,200.00,100 גרם,false,1,11.90,5.95,true,1,
7290012803352,false,רייד תרסיס קוטל יתושים/זבובים 300 מל,אס.סי.ג'ונסון מידרכט,,רייד קוטל מעופפים 30,מיליליטרים,300.00,"100 מ""ל",false,1,19.40,6.47,true,1,
7290012803765,false,טוסו שוקולד מריר ללא תוספת סוכר 100 גרם,אלטינמארקה גידה סאן,,טוסו מר שוקולד מריר,גרמים,100.00,100 גרם,false,1,13.50,13.50,true,1,
7290012803772,false,טוסו שוקולד חלב ללא תוספת סוכר 100 גרם,אלטינמארקה גידה סאן,,טוסו מר שוקולד חלב 1,גרמים,100.00,100 גרם,false,1,13.50,13.50,true,1,
7290012803796,false,טוסו שוקולד חלב עם אגוזים ללא תוספת סוכר 100 גר',אלטינמארקה גידה סאן,,טוסו מר שוקולד חלב ע,גרמים,100.00,100 גרם,false,1,13.50,13.50,true,1,
7290012823237,false,"תחליב רחצה קרמה בריזת ים 700 מ""ל",החברה הדרומית לשיווק בעמ,IL,תחליב רחצה קרמה בריז,מיליליטרים,700.00,"100 מ""ל",false,1,19.90,2.84,true,1,
7290012823381,false,מקסימה מרכך כביסה מרוכז סנסטיב בייבי סנו 1 ליטר,החברה הדרומית לשיווק בעמ,,מרכך כביסה מקסימה סו,מיליליטרים,1000.00,"100 מ""ל",false,1,13.90,1.39,true,1,
7290012823398,false,מטליות חד פעמיות לניקוי הרצפה בניחוח מרכך כביסה 10יח' סנו,החברה הדרומית לשיווק בעמ,,מט.לחות לריצפה בניחו,Unknown,0.00,Unknown,false,1,10.90,10.90,true,1,
7290012823541,false,ריצפז פרש מטליות לחות לרצפה בניחוח לבנדר 10 יחידות,החברה הדרומית לשיווק בעמ,,סנו ריצפז פרש מטליות,Unknown,0.00,Unknown,false,1,10.90,10.90,true,1,
7290012823565,false,פוליויקס מטליות ענק לחות לפרקט סנו 10 יחידות,החב. הדרומית לשיווק,,מטליות ענק לחות 10 י,Unknown,0.00,Unknown,false,1,19.30,19.30,true,1,
7290012823923,false,"מרכך כביסה מרוכז פרפיום גולדן מקסימה 750 מ""ל",החברה הדרומית לשיווק בעמ,,מרכך כביסה מקסימה פר,מיליליטרים,750.00,"100 מ""ל",false,1,16.90,2.25,true,1,
>>>>>>> d048ac2f4f281c9d788043ab4e81b61b0dbe3743
7290012878886,false,שוורץ סבון נוזלי רימונים 1 ליטר,ש.שוורץ,,אל סבון רימונים 1 לי,ליטרים,0.00,ליטר,false,1,10.00,10.00,true,1,
7290012901355,false,דודלס ארוחת אטריות עם גבינה 206 גרם,האי נאם סי או אל.טי.,,פולד מקרוני & ציז 20,גרמים,206.00,100 גרם,false,1,11.90,5.78,true,1,
7290012901959,false,ארוחת אטריות עם גבינה מסולסלים 156 גרם,מור-ים מרקטינג בעמ,US,אטריות עם גבינה מסול,גרמים,156.00,100 גרם,false,1,11.40,7.31,true,1,
7290012901973,false,"שעועית אדומה, 400 גרם גאלה",יורוקום אס.אר.אל,IT,שעועית אדומה גאלה 40,גרמים,400.00,100 גרם,false,1,11.40,2.85,true,1,
<<<<<<< HEAD
7290012921025,false,"בקבוק בירה מלכה בהירה 330 מ""ל","בירה מלכה בע""מ",,בירה מלכה בהירה 330,מיליליטרים,330.00,"100 מ""ל",false,1,15.90,4.82,true,1,
7290012921056,false,"בקבוק בירה מלכה חיטה 330 מ""ל",מבשלת בירה ישראלית,,בירה מלכה חיטה 330 מ,מיליליטרים,330.00,"100 מ""ל",false,1,15.90,4.82,true,1,
7290012921063,false,בירה מלכה הינדי בבקבוק,"בירה מלכה בע""מ",,בירה מלכה הינדי 330,מיליליטרים,330.00,"100 מ""ל",false,1,15.90,4.82,true,1,
7290012936838,false,תבלין הל טחון תבליני מימון 35 גרם,א.ל ייצור ושיווק תבל,,הל טחון 35 גרם,Unknown,0.00,Unknown,false,1,18.90,18.90,true,1,
7290012936852,false,תבלינים קימל טחון בצנצנות 40 גרם,א.ל ייצור ושיווק תבל,,תבלינים קימל טחון בצ,גרמים,40.00,100 גרם,false,1,9.90,24.75,true,1,
7290012936890,false,תבלינים קצח בצנצנות זכוכית 50 גרם,א.ל ייצור ושיווק תבל,,תבלינים קצח בצנצנות,Unknown,0.00,Unknown,false,1,11.80,11.80,true,1,
7290012936913,false,תבלין סומק תבליני מימון 45 גרם,א.ל ייצור ושיווק תבל,,תבלינים סומק בצנצנת,Unknown,0.00,Unknown,false,1,11.90,11.90,true,1,
7290012936937,false,תבלינים בהרט בצנצנת 40 גרם,א.ל ייצור ושיווק תבל,,תבלינים בהרט בצנצנת,Unknown,0.00,Unknown,false,1,11.80,11.80,true,1,
7290012938405,false,"רדיד אלומיניום עבה במיוחד לבישול,אפייה והקפאה.",ריינולדס,,דיימונד רדיד אלומינו,מטרים,7.50,מטר,false,1,16.90,2.25,true,1,
7290012938580,false,"סנסודיין משחת שיניים להלבנה עדינה 75 מ""ל",גלקסוסמית'\קליין קונסיומ,,סנסודיין משחת שיניים,Unknown,0.00,Unknown,false,1,21.90,21.90,true,1,
7290012938597,false,"סנסודיין משחת שיניים רפיד רליף 75 מ""ל","סמיתקליין ביצ'ם בע""מ",,משחת שיניים סנסודיין,Unknown,0.00,Unknown,false,1,28.50,28.50,true,1,
=======
7290012921025,false,"בקבוק בירה מלכה בהירה 330 מ""ל",הכרם - משקאות חריפים בעמ,,בירה מלכה בהירה 330,מיליליטרים,330.00,"100 מ""ל",false,1,15.90,4.82,true,1,
7290012921056,false,"בקבוק בירה מלכה חיטה 330 מ""ל",הכרם - משקאות חריפים בעמ,,בירה מלכה חיטה 330 מ,מיליליטרים,330.00,"100 מ""ל",false,1,15.90,4.82,true,1,
7290012921063,false,בירה מלכה הינדי בבקבוק,הכרם -משקאות חריפים בעמ,,בירה מלכה הינדי 330,מיליליטרים,330.00,"100 מ""ל",false,1,15.90,4.82,true,1,
7290012936838,false,תבלין הל טחון תבליני מימון 35 גרם,א.ל. ייצור ושיווק תבלינים בע`מ,,הל טחון 35 גרם,Unknown,0.00,Unknown,false,1,18.90,18.90,true,1,
7290012936852,false,תבלינים קימל טחון בצנצנות 40 גרם,א.ל.ייצור ושיווק תבלינים בעמ,,תבלינים קימל טחון בצ,גרמים,40.00,100 גרם,false,1,9.90,24.75,true,1,
7290012936890,false,תבלינים קצח בצנצנות זכוכית 50 גרם,א.ל. ייצור ושיווק תבלינים בע`מ,,תבלינים קצח בצנצנות,Unknown,0.00,Unknown,false,1,11.80,11.80,true,1,
7290012936913,false,תבלין סומק תבליני מימון 45 גרם,א.ל. ייצור ושיווק תבלינים בע`מ,,תבלינים סומק בצנצנת,Unknown,0.00,Unknown,false,1,11.90,11.90,true,1,
7290012936937,false,תבלינים בהרט בצנצנת 40 גרם,א.ל. ייצור ושיווק תבלינים בע`מ,,תבלינים בהרט בצנצנת,Unknown,0.00,Unknown,false,1,11.80,11.80,true,1,
7290012938405,false,"רדיד אלומיניום עבה במיוחד לבישול,אפייה והקפאה.",גורי ע.ע.ע. בע`מ,,דיימונד רדיד אלומינו,מטרים,7.50,מטר,false,1,16.90,2.25,true,1,
7290012938580,false,"סנסודיין משחת שיניים להלבנה עדינה 75 מ""ל",גלקסוסמית'\קליין קונסיומ,,סנסודיין משחת שיניים,Unknown,0.00,Unknown,false,1,21.90,21.90,true,1,
>>>>>>> d048ac2f4f281c9d788043ab4e81b61b0dbe3743
7290012938740,false,"משחת שיניים פרש מינט מנטה 75מ""ל סנסודיין",גלקסו סמית קליין,,משחת שיניים סנסודיין,Unknown,0.00,Unknown,false,1,21.90,21.90,true,1,
7290012958014,false,ביצי דגים 113 גר זכוכית,,,ביצי דגים 113 גר זכו,גרמים,113.00,100 גרם,false,1,57.50,50.88,true,1,
7290012962417,false,כפפות איזי טאצ ניטריל ל.אבקה כחול 100M,,ID,כפפות איזי טאצ ניטרי,Unknown,0.00,Unknown,false,1,27.90,27.90,true,1,
7290012962424,false,כפפות איזי טאצ ניטריל ל.אבקה כחול 100L,,ID,כפפות איזי טאצ ניטרי,Unknown,0.00,Unknown,false,1,27.90,27.90,true,1,
7290012962431,false,כפפות איזי טאצ ניטריל ל.אבקה כחול 100XL,,ID,כפפות איזי טאצ ניטרי,Unknown,0.00,Unknown,false,1,27.90,27.90,true,1,
7290012996672,false,סבון אסלה + בושם ל24 שעות ביום הפי,יעקב יעקבי ובניו בעמ,,סבון אסלה + בושם ל24,Unknown,0.00,Unknown,false,1,11.40,11.40,true,1,
7290013089809,false,פילה אמנון קפוא במשקל,,,פילה אמנון קפוא,Unknown,0.00,"ק""ג",true,0,19.90,19.90,true,1,
<<<<<<< HEAD
7290013117212,false,בורקס פילו במילוי גבינה מעדנות 600 גר,מיוצר עי קונדיטוריית,,בורקס פילו במילוי גב,גרמים,600.00,100 גרם,false,1,19.90,3.32,true,1,
7290013117229,false,"בורקס פילו במילוי תפו""א מעדנות 600 גר",מיוצר עי קונדיטוריית,,בורקס פילו במילוי תפ,גרמים,600.00,100 גרם,false,1,19.90,3.32,true,1,
7290013117427,false,בצק פריך מרודד למאפים מלוחים מעדנות 2*450 גרם,מיוצר עי קונדיטוריית,,בצק פריך מלוח 900 גר,גרמים,900.00,100 גרם,false,1,25.90,2.88,true,1,
7290013117526,false,בצק שמרים מרודד למאפים מתוקים מעדנות 900 גרם,"מעדנות בע""\מ",,בצק שמרים למאפים,גרמים,900.00,100 גרם,false,1,25.90,2.88,true,1,
=======
7290013117212,false,בורקס פילו במילוי גבינה מעדנות 600 גר,תנובה מרכז שיתופי לשיווק תוצרת,,בורקס פילו במילוי גב,גרמים,600.00,100 גרם,false,1,19.90,3.32,true,1,
7290013117229,false,"בורקס פילו במילוי תפו""א מעדנות 600 גר",תנובה מרכז שיתופי לשיווק תוצרת,,בורקס פילו במילוי תפ,גרמים,600.00,100 גרם,false,1,19.90,3.32,true,1,
7290013117243,false,בורקס פילו בולגרית מעדנות 600 גרם,תנובה מרכז שיתופי לשיווק תוצרת,,בורקס פילו בולגרית 6,גרמים,600.00,100 גרם,false,1,19.90,3.32,true,1,
7290013117410,false,בצק פריך מרודד למאפים מתוקים 900 ג' מעדנות,תנובה מרכז שיתופי לשיווק תוצרת,,בצק פריך מתוק 900 גר,גרמים,900.00,100 גרם,false,1,25.90,2.88,true,1,
7290013117427,false,בצק פריך מרודד למאפים מלוחים מעדנות 2*450 גרם,תנובה מרכז שיתופי לשיווק תוצרת,,בצק פריך מלוח 900 גר,גרמים,900.00,100 גרם,false,1,25.90,2.88,true,1,
7290013117526,false,בצק שמרים מרודד למאפים מתוקים מעדנות 900 גרם,תנובה מרכז שיתופי לשיווק תוצרת,,בצק שמרים למאפים,גרמים,900.00,100 גרם,false,1,25.90,2.88,true,1,
>>>>>>> d048ac2f4f281c9d788043ab4e81b61b0dbe3743
7290013121028,false,לחם לבן 500 גרם ללא גלוטן גרין לייט,אביב קונדיטוריה מעול,,לחם לבן ללא גלוטן,גרמים,500.00,100 גרם,false,1,17.90,3.58,true,1,
7290013121035,false,לחם פשתן ללא גלוטן 500 גר קפוא,אביב קונדיטוריה מעול,,לחם פשתן ללא גלוטן,גרמים,500.00,100 גרם,false,1,20.90,4.18,true,1,
7290013121042,false,לחם איטלקי ללא גלוטן 500 גר קפוא,אביב קונדיטוריה מעול,,לחם איטלקי ללא גלוטן,גרמים,500.00,100 גרם,false,1,20.90,4.18,true,1,
7290013121158,false,לחמניות סנדוויץ ללא גלוטן גרין לייט 4 * 115 גרם,אביב קונדיטוריה מעול,,רביעיית לחמניות סנדו,גרמים,460.00,100 גרם,false,1,17.90,3.89,true,1,
7290013121165,false,לחמניות נקניקיה ללא גלוטן גרין לייט 6 * 77 גרם,אביב קונדיטוריה מעול,,שישיית לחמניות ללא ג,גרמים,460.00,100 גרם,false,1,20.90,4.54,true,1,
7290013121684,false,כדורי שוקולד 400 גרם ללא גלוטן,אביב קונדיטוריה מעול,,כדורי שוקולד,גרמים,400.00,100 גרם,false,1,31.50,7.88,true,1,
7290013121769,false,רביעיית שליש באגט ללא תוספת סוכר וללא גלוטן,אביב קונדיטוריה מעול,,שליש בגט ללא סוכר,גרמים,400.00,100 גרם,false,1,19.90,4.98,true,1,
7290013144218,false,מיימונס תערובת עוגת וניל 560 גרם.,א.ל.ייצור ושיווק תבלינים בעמ,,תערובת עוגת וניל 560,גרמים,560.00,100 גרם,false,1,18.90,3.38,true,1,
7290013144232,false,מיימונס פודינג בטעם וניל 80 גרם,א.ל. ייצור ושיווק תבלינים בע`מ,,פודינג וניל 85 גר,גרמים,85.00,100 גרם,false,1,6.20,7.29,true,1,
7290013144393,false,תמצית אפיה בטעם וניל מימונס (50 מל),א.ל. ייצור ושיווק תבלינים בע`מ,,"תמצית וניל 50 מ""ל",מיליליטרים,50.00,"100 מ""ל",false,1,4.80,9.60,true,1,
7290013144614,false,"מיימונס סירופ מייפל אמיתי 100% מקנדה 236 מ""ל",א.ל.ייצור ושיווק תבלינים בעמ,,סירופ מייפל אמיתי,מיליליטרים,236.00,"100 מ""ל",false,1,41.90,17.75,true,1,
7290013144911,false,מימונס מיקס שוקולד צ'יפס מריר וחלב 250 גרם,א.ל. ייצור ושיווק תבלינים בע`מ,IL,מיקס שוקולד ציפס מרי,גרמים,250.00,100 גרם,false,1,14.90,5.96,true,1,
7290013145062,false,סירופ מייפל אמיתי 100% מימונס 187 מל*,א.ל.ייצור ושיווק תבלינים בעמ,,סירופ מייפל אמיתי 10,מיליליטרים,187.00,"100 מ""ל",false,1,31.50,16.84,true,1,
7290013145079,false,שקד רכיבים טבעיים גרוס מיימונס 100 גרם,א.ל.יצור ושיווקתבלינים בעמ,,שקד טבעי גרוס 100 גר,גרמים,100.00,100 גרם,false,1,14.90,14.90,true,1,
7290013145178,false,קוקוס לבן טחון מימונס (100 גרם),א.ל. ייצור ושיווק תבלינים בע`מ,,קוקוס טחון לבן 100 ג,גרמים,100.00,100 גרם,false,1,5.50,5.50,true,1,
7290013145192,false,שומשום מימונס (100 גרם),א.ל. ייצור ושיווק תבלינים בע`מ,,שומשום 100 גר,גרמים,100.00,100 גרם,false,1,5.90,5.90,true,1,
7290013145390,false,מימונס שוקולד צ'יפס מהדרין 250 גר,א.ל. ייצור ושיווק תבלינים בע`מ,,שוקולד ציפס 250 גר,גרמים,250.00,100 גרם,false,1,9.90,3.96,true,1,
7290013145444,false,שוקולד מריר מעולה ציפס 66% מימונס 250 ג',א.ל. ייצור ושיווק תבלינים בע`מ,,שוקולד ציפס 66% 250,גרמים,250.00,100 גרם,false,1,16.90,6.76,true,1,
7290013145826,false,פודניג בטעם וניל לבן במיוחד מימונס 80 ג',א.ל. ייצור ושיווק תבלינים בע`מ,,פודינג בטעם וניל לבן,גרמים,80.00,100 גרם,false,1,6.20,7.75,true,1,
7290013145840,false,סוכר וניל מימונס 10יח בצלופן,א.ל. ייצור ושיווק תבלינים בע`מ,,סוכר וניל 10 יח בצלו,Unknown,0.00,Unknown,false,1,2.70,2.70,true,1,
7290013145857,false,אבקת אפיה מימונס 10יח בצלופן,א.ל. ייצור ושיווק תבלינים בע`מ,,אבקת אפיה 10 יח בצלו,Unknown,0.00,Unknown,false,1,2.70,2.70,true,1,
7290013145871,false,שמרים יבשים סטיק מימונס 5*11 ג',א.ל. ייצור ושיווק תבלינים בע`מ,,שמרים יבשים 11 גר*5,גרמים,55.00,100 גרם,false,1,10.30,18.73,true,1,
7290013145901,false,סודה לשתיה מימונס (100 גרם),א.ל. ייצור ושיווק תבלינים בע`מ,,סודה לשתיה 100 גר,גרמים,100.00,100 גרם,false,1,2.00,2.00,true,1,
7290013145918,false,אבקת סוכר מימונס (100 גרם),א.ל. ייצור ושיווק תבלינים בע`מ,,אבקת סוכר 100 גר,גרמים,100.00,100 גרם,false,1,2.00,2.00,true,1,
7290013145963,false,שמרים יבשים בוואקום מיימונס 125 גרם,א.ל. ייצור ושיווק תבלינים בע`מ,,שמרים יבשים בואקום 1,גרמים,125.00,100 גרם,false,1,6.20,4.96,true,1,
7290013145970,false,קורנפלור מימונס בשקית 200 ג',א.ל. ייצור ושיווק תבלינים בע`מ,,קורנפלור 200 גרם,גרמים,200.00,100 גרם,false,1,3.90,1.95,true,1,
7290013146304,false,קורנפלור 500 גרם מימונס.,א.ל.ייצור ושיווק תבלינים בעמ,,קורנפלור 500 גרם,גרמים,500.00,100 גרם,false,1,5.90,1.18,true,1,
7290013146427,false,נשיקות לקישוט צבע לבן מימונס 60 גרם,א.ל.יצור ושיווקתבלינים בעמ,IL,נשיקות לקישוט צבע לב,גרמים,60.00,100 גרם,false,1,15.90,26.50,true,1,
7290013146489,false,קונוסים מבצק עלים מימונס 120 ג',א.ל ייצור ושיווק תבלינים בעמ,,קונוסים מבצק עלים 12,גרמים,120.00,100 גרם,false,1,15.90,13.25,true,1,
7290013146656,false,כוכבים תכלת ירוק לבן לקישוט 60 גר`מימונ,א.ל.ייצור ושיווק תבלינים בעמ,,כוכבים תכלת ירוק לבן,גרמים,60.00,100 גרם,false,1,11.90,19.83,true,1,
7290013146670,false,סוכריות לב סגול ורוד לבן לקישוט 60 גרם,א.ל.ייצור ושיווק תבלינים בעמ,,סוכריות לב סגול ורוד,גרמים,60.00,100 גרם,false,1,11.90,19.83,true,1,
7290013187215,false,מנות פילה סלמון נורבגי 800 גר,,NO,פילה סלמון נורבגי,גרמים,800.00,100 גרם,false,1,78.50,9.81,true,1,
7290013187765,false,ברוקולי טבעפרוסט 800 גר,,,ברוקולי טבעפרוסט 800,גרמים,800.00,100 גרם,false,1,16.70,2.09,true,1,
7290013187772,false,אפונה ירוקה עדינה טבעפרוסט 800 גר,,,אפונה ירוקה עדינה טב,גרמים,800.00,100 גרם,false,1,16.70,2.09,true,1,
7290013187789,false,אפונה ירוקה טבעפרוסט 800 גר,,,אפונה ירוקה טבעפרוסט,גרמים,800.00,100 גרם,false,1,15.60,1.95,true,1,
7290013187796,false,שעועית ירוקה שלמה טבעפרוסט 800 גר,,,שעועית ירוקה שלמה טב,גרמים,800.00,100 גרם,false,1,14.60,1.83,true,1,
7290013187802,false,שעועית ירוקה עדינה טבעפרוסט 800 גר,,,שעועית ירוקה עדינה ט,גרמים,800.00,100 גרם,false,1,14.60,1.83,true,1,
7290013187819,false,שעועית ירוקה חתוכה טבעפרוסט 800 גר,,,שעועית ירוקה חתוכה ט,גרמים,800.00,100 גרם,false,1,14.60,1.83,true,1,
7290013187826,false,כרוב ניצנים טבעפרוסט 800 גר,,,כרוב ניצנים טבעפרוסט,גרמים,800.00,100 גרם,false,1,14.60,1.83,true,1,
7290013187833,false,כרובית טבעפרוסט 800 גר,,,כרובית טבעפרוסט 800,גרמים,800.00,100 גרם,false,1,14.60,1.83,true,1,
7290013187840,false,גזר גמדי טבעפרוסט 800 גר,,,גזר גמדי טבעפרוסט 80,גרמים,800.00,100 גרם,false,1,14.60,1.83,true,1,
7290013187857,false,טבעפרוסט תרד 800 גרם,,,תרד טבעפרוסט 800 גר,גרמים,800.00,100 גרם,false,1,14.60,1.83,true,1,
7290013187864,false,נקניקיות שפיקצקי 600 גרם,,,נקניקיות שפיקצקי,גרמים,600.00,100 גרם,false,1,42.90,7.15,true,1,
7290013187871,false,נקניק סרוולט אוסטרי,,,סרוולט אוסטרי 170 גר,גרמים,170.00,100 גרם,false,1,34.90,20.53,true,1,
7290013187888,false,נקניק סרוולט רוסקי 1,,,רוסקי סרוולט 170 גר,גרמים,170.00,100 גרם,false,1,34.90,20.53,true,1,
7290013215017,false,פטריות זוגות חוות השמפניון,ביכורי השדה צפון 1994 ג.ד. בעמ,,פיטריות דואט,Unknown,0.00,Unknown,false,1,17.90,17.90,true,1,
7290013253132,false,"קציצות קבב 1 ק""ג",,IL,"קבבית ביתית 1 ק""ג",גרמים,100.00,100 גרם,false,1,70.90,70.90,true,1,
7290013253149,false,"המבורגר 1 ק""ג אבי נחום",,IL,"המבורגר 1 ק""ג אבי נח",גרמים,100.00,100 גרם,false,1,70.90,70.90,true,1,
7290013253163,false,נקניקיות מרגז 800 גרם אבי נחום,,IL,נקניקיות מרגז 800 גר,גרמים,800.00,100 גרם,false,1,54.90,6.86,true,1,
7290013253200,false,"קבב רומני 1 ק""ג אבי נחום",,IL,"קבב רומני 1 ק""ג",קילוגרמים,0.00,"ק""ג",false,1,72.50,72.50,true,1,
<<<<<<< HEAD
7290013268020,false,מקסימה מרכך כביסה מרוכז בניחוח אולטרא פרש סנו 1 ליטר,"סנו מפעלי ברונוס בע""\מ",,מרכך כביסה מקסימה סו,מיליליטרים,1000.00,"100 מ""ל",false,1,13.90,1.39,true,1,
7290013268037,false,מקסימה מרכך כביסה מרוכז בניחוח לבנדר פצ'ולי סנו 1 ליטר,"סנו מפעלי ברונוס בע""\מ",,מרכך כביסה מקסימה סו,מיליליטרים,1000.00,"100 מ""ל",false,1,13.90,1.39,true,1,
7290013268204,false,סנובון מגבונים לניקוי וחיטוי מושב האסלה,טרופיקל דגיל- תעשיות,,מגבונים לחיטוי אסלה,Unknown,0.00,Unknown,false,1,11.20,11.20,true,1,
7290013268242,false,תרכיז ריחני לניקוי רצפות בריח מלון מפנק ריצפז פרש,"סנו מפעלו ברונוס בע""\מ",IL,נוזל רצפות ריצפז פרש,ליטרים,0.00,ליטר,false,1,14.90,14.90,true,1,
7290013268839,false,פוליויקס פרקט-תרכיז ריחני לניקוי רצפות עץ,"סנו מפעלי ברונוס בע""\מ",,פוליווקס פרקט,ליטרים,0.00,ליטר,false,1,23.90,23.90,true,1,
7290013268884,false,"נוזל רצפות מאסק 2 ליטר ""ריצפז פרש""",מיוצר עי קונדיטוריית,,סנו ריצפז פרש 2 ליטר,ליטרים,0.00,ליטר,false,1,20.90,20.90,true,1,
7290013268891,false,אוקסיג'ן ג'ל ללא אקונומיקה עם חמצן פעיל סנו 3 ליטר,"סנו מפעלי ברונוס בע""\מ",,סנו אוקסיגן גל מסיר,ליטרים,0.00,ליטר,false,1,33.90,33.90,true,1,
7290013268938,false,סנובון סבון לאסלה בניחוח מאסק סנו 3*65 גרם,סנו סנובון,,סנובון שלישייה גל סו,Unknown,0.00,Unknown,false,1,13.50,13.50,true,1,
7290013268983,false,מרכך כביסה סופר מרוכז בבישום עוצמתי סנו מקסימה 1 ל',"סנו מפעלי ברונוס בע""\מ",,מרכך מרוכז 1 ליטר עו,ליטרים,0.00,ליטר,false,1,13.90,13.90,true,1,
7290013268990,false,מרכך כביסה מרוכז לבן ביו סנו מקסימה 1 ליטר,"סנו מפעלי ברונוס בע""\מ",,מרכך כביסה מקסימה בי,מיליליטרים,1000.00,"100 מ""ל",false,1,13.90,1.39,true,1,
7290013269003,false,מרכך כביסה סופר מרוכז בייבי לתינוקות ולעור רגיש,"סנו מפעלי ברונוס בע""\מ",,מרכך כביסה מקסימה,מיליליטרים,1000.00,"100 מ""ל",false,1,17.90,1.79,true,1,
7290013269263,false,ג'ל כביסה מרוכז מקסימה בבישום קריסטל נואר,סנו מפעלי ברונוס בעמ,,סנו מקסימה גל כביסה,ליטרים,0.00,ליטר,false,1,29.60,29.60,true,1,
7290013269287,false,סנו - מקסימה ג'ל כביסה מרוכז מאסק 3 ליטר,"סנו מפעלי ברונוס בע""\מ",,סנו מקסימה גל לכביסה,ליטרים,0.00,ליטר,false,1,29.60,29.60,true,1,
7290013269300,false,ניילון נצמד פלוס סנו סושי 150 מטר,"מיוצר בהונג קונג, סי",,סנו סושי ניילון נצמד,Unknown,0.00,Unknown,false,1,27.90,27.90,true,1,
7290013269621,false,ריצפז פרש לניקוי רצפות בניחוח מלון בוטיק,מיוצר עי קונדיטוריית,IL,נוזל רצפות ריצפז פרש,ליטרים,0.00,ליטר,false,1,14.90,14.90,true,1,
7290013269638,false,ספוג הפלא אקסטרה Extra- מארז 6 יח',החברה הדרומית,,ספוג הפלא אקסטרה סנו,Unknown,0.00,Unknown,false,1,13.90,13.90,true,1,
7290013269645,false,ריצפז פרש מטליות לחות לריצפה בניחוח מאסק 10 יחידות,סנו מפעלי ברונוס בעמ,,מטליות לחות לניקוי ר,Unknown,0.00,Unknown,false,1,12.80,12.80,true,1,
7290013269669,false,ריצפז בניחוח פנטזיה לניקוי הרצפה,"סנו מפעלי ברונוס בע""",,ריצפז פנטזיה 3 ליטר,ליטרים,0.00,ליטר,false,1,19.90,19.90,true,1,
7290013269706,false,"סנובון ג'ל לאסלה אוקיאנוס נתלה 55מ""ל",סנו סנובון,,סנובון גל לאסלה בניח,Unknown,0.00,Unknown,false,1,8.90,8.90,true,1,
7290013269751,false,מטליות לחותריצפז פרש לניקוי ריצפה בניחות מלון בוטיק 10 יח' סנו,טרופיקל דגיל תעשיות,IL,מט.לחות לרצפה סנו רי,Unknown,0.00,Unknown,false,1,10.90,10.90,true,1,
7290013269850,false,נייר אפיה אקולוגי סנו סושי 50 יחידות,מולינו ניקולי s.p.a,,סנו סושי נייר אפיה א,Unknown,0.00,Unknown,false,1,15.90,15.90,true,1,
7290013276124,false,"בקבוק בירה נגב אמבר אייל 330 מ""ל",הכרם משקאות חריפים בעמ,,בירה נגב אמבר אייל 3,מיליליטרים,330.00,"100 מ""ל",false,1,15.90,4.82,true,1,
7290013284662,false,רוטב פיצה פיתה לילדים 240 ג' פריניר,פריניר ( הדס 1987) ב,,רוטב פיצה פיתה 240 ג,גרמים,240.00,100 גרם,false,1,5.80,2.42,true,1,
7290013310385,false,כפפות ניטריל M כחולות ללא אבקה 80 יח' EASY TOUCH,איזי טאץ' Easy touch,,כפפות ניטרל M כחולות,יחידה,1.00,יחידה,false,1,26.90,26.90,true,1,
7290013310392,false,כפפות ניטריל L כחולות ללא אבקה 80 יח' EASY TOUCH,איזי טאץ' Easy touch,,כפפות ניטרל L כחולות,יחידה,1.00,יחידה,false,1,26.90,26.90,true,1,
7290013310408,false,כפפות ניטריל XL כחולות ללא אבקה 80 יח' EASY TOUCH,איזי טאץ' Easy touch,,כפפות ניטרל XL כחולו,יחידה,1.00,יחידה,false,1,27.90,27.90,true,1,
7290013329509,false,שקד טבעי כרם200 גרם,כרם תעשיות,,שקד טבעי 200 גר,גרמים,200.00,100 גרם,false,1,24.00,12.00,true,1,
7290013358356,false,פירורי לחם מוזהבים מאסטר שף 320 גרם,מנה י.א בעמ,,מאסטר שף פירורי לחם,גרמים,320.00,100 גרם,false,1,7.80,2.44,true,1,
=======
7290013253217,false,"קבב עם שומן כבש 1 ק""ג אבי נחום",,IL,"קבב עם שומן כבש 1 ק""",קילוגרמים,0.00,"ק""ג",false,1,72.50,72.50,true,1,
7290013268020,false,מקסימה מרכך כביסה מרוכז בניחוח אולטרא פרש סנו 1 ליטר,החברה הדרומית לשיווק בעמ,,מרכך כביסה מקסימה סו,מיליליטרים,1000.00,"100 מ""ל",false,1,13.90,1.39,true,1,
7290013268037,false,מקסימה מרכך כביסה מרוכז בניחוח לבנדר פצ'ולי סנו 1 ליטר,החברה הדרומית לשיווק בעמ,,מרכך כביסה מקסימה סו,מיליליטרים,1000.00,"100 מ""ל",false,1,13.90,1.39,true,1,
7290013268204,false,סנובון מגבונים לניקוי וחיטוי מושב האסלה,טרופיקל דגיל- תעשיות,,מגבונים לחיטוי אסלה,Unknown,0.00,Unknown,false,1,11.20,11.20,true,1,
7290013268242,false,תרכיז ריחני לניקוי רצפות בריח מלון מפנק ריצפז פרש,החברה הדרומית לשיווק בעמ,IL,נוזל רצפות ריצפז פרש,ליטרים,0.00,ליטר,false,1,14.90,14.90,true,1,
7290013268839,false,פוליויקס פרקט-תרכיז ריחני לניקוי רצפות עץ,החברה הדרומית לשיווק בעמ,,פוליווקס פרקט,ליטרים,0.00,ליטר,false,1,23.90,23.90,true,1,
7290013268884,false,"נוזל רצפות מאסק 2 ליטר ""ריצפז פרש""",החברה הדרומית לשיווק בעמ,,סנו ריצפז פרש 2 ליטר,ליטרים,0.00,ליטר,false,1,20.90,20.90,true,1,
7290013268891,false,אוקסיג'ן ג'ל ללא אקונומיקה עם חמצן פעיל סנו 3 ליטר,החברה הדרומית לשיווק בעמ,,סנו אוקסיגן גל מסיר,ליטרים,0.00,ליטר,false,1,33.90,33.90,true,1,
7290013268938,false,סנובון סבון לאסלה בניחוח מאסק סנו 3*65 גרם,החברה הדרומית לשיווק בעמ,,סנובון שלישייה גל סו,Unknown,0.00,Unknown,false,1,13.50,13.50,true,1,
7290013268983,false,מרכך כביסה סופר מרוכז בבישום עוצמתי סנו מקסימה 1 ל',החברה הדרומית לשיווק בעמ,,מרכך מרוכז 1 ליטר עו,ליטרים,0.00,ליטר,false,1,13.90,13.90,true,1,
7290013268990,false,מרכך כביסה מרוכז לבן ביו סנו מקסימה 1 ליטר,החברה הדרומית לשיווק בעמ,,מרכך כביסה מקסימה בי,מיליליטרים,1000.00,"100 מ""ל",false,1,13.90,1.39,true,1,
7290013269003,false,מרכך כביסה סופר מרוכז בייבי לתינוקות ולעור רגיש,החברה הדרומית לשיווק בעמ,,מרכך כביסה מקסימה,מיליליטרים,1000.00,"100 מ""ל",false,1,17.90,1.79,true,1,
7290013269263,false,ג'ל כביסה מרוכז מקסימה בבישום קריסטל נואר,החברה הדרומית לשיווק בעמ,,סנו מקסימה גל כביסה,ליטרים,0.00,ליטר,false,1,29.60,29.60,true,1,
7290013269287,false,סנו - מקסימה ג'ל כביסה מרוכז מאסק 3 ליטר,החברה הדרומית לשיווק בעמ,,סנו מקסימה גל לכביסה,ליטרים,0.00,ליטר,false,1,29.60,29.60,true,1,
7290013269300,false,סושי ניילון נצמד פלוס סנו (150 מטר),החברה הדרומית לשיווק בעמ,,סנו סושי ניילון נצמד,Unknown,0.00,Unknown,false,1,27.90,27.90,true,1,
7290013269621,false,ריצפז פרש לניקוי רצפות בניחוח מלון בוטיק,החברה הדרומית לשיווק בעמ,IL,נוזל רצפות ריצפז פרש,ליטרים,0.00,ליטר,false,1,14.90,14.90,true,1,
7290013269638,false,ספוג הפלא אקסטרה Extra- מארז 6 יח',החברה הדרומית לשיווק בעמ,,ספוג הפלא אקסטרה סנו,Unknown,0.00,Unknown,false,1,13.90,13.90,true,1,
7290013269645,false,ריצפז פרש מטליות לחות לריצפה בניחוח מאסק 10 יחידות,החברה הדרומית לשיווק בעמ,,מטליות לחות לניקוי ר,Unknown,0.00,Unknown,false,1,12.80,12.80,true,1,
7290013269669,false,ריצפז בניחוח פנטזיה לניקוי הרצפה,החברה הדרומית לשיווק בעמ,,ריצפז פנטזיה 3 ליטר,ליטרים,0.00,ליטר,false,1,19.90,19.90,true,1,
7290013269690,false,סנובון ג'ל לניקוי האסלה בניחוח לימון,החברה הדרומית לשיווק בעמ,,סנובון גל לאסלה בניח,Unknown,0.00,Unknown,false,1,8.90,8.90,true,1,
7290013269706,false,"סנובון ג'ל לאסלה אוקיאנוס נתלה 55מ""ל",החברה הדרומית לשיווק בעמ,,סנובון גל לאסלה בניח,Unknown,0.00,Unknown,false,1,8.90,8.90,true,1,
7290013269751,false,מטליות לחותריצפז פרש לניקוי ריצפה בניחות מלון בוטיק 10 יח' סנו,החברה הדרומית לשיווק בעמ,IL,מט.לחות לרצפה סנו רי,Unknown,0.00,Unknown,false,1,10.90,10.90,true,1,
7290013269850,false,נייר אפיה אקולוגי סנו סושי 50 יחידות,החברה הדרומית לשיווק בעמ,,סנו סושי נייר אפיה א,Unknown,0.00,Unknown,false,1,15.90,15.90,true,1,
7290013276124,false,"בקבוק בירה נגב אמבר אייל 330 מ""ל",הכרם - משקאות חריפים בעמ,,בירה נגב אמבר אייל 3,מיליליטרים,330.00,"100 מ""ל",false,1,15.90,4.82,true,1,
7290013284662,false,רוטב פיצה פיתה לילדים 240 ג' פריניר,ח.כהן סוכנות מזון ומשקאות בע,,רוטב פיצה פיתה 240 ג,גרמים,240.00,100 גרם,false,1,5.80,2.42,true,1,
7290013310385,false,כפפות ניטריל M כחולות ללא אבקה 80 יח' EASY TOUCH,אינטרסן (1996) בעמ,,כפפות ניטרל M כחולות,יחידה,1.00,יחידה,false,1,26.90,26.90,true,1,
7290013310392,false,כפפות ניטריל L כחולות ללא אבקה 80 יח' EASY TOUCH,אינטרסן (1996) בעמ,,כפפות ניטרל L כחולות,יחידה,1.00,יחידה,false,1,26.90,26.90,true,1,
7290013310408,false,כפפות ניטריל XL כחולות ללא אבקה 80 יח' EASY TOUCH,אינטרסן (1996) בעמ,,כפפות ניטרל XL כחולו,יחידה,1.00,יחידה,false,1,27.90,27.90,true,1,
7290013329455,false,גרעיני דלעת מקולף 250 גר,כרם תעשיות,,גרעיני דלעת מקולף 25,גרמים,250.00,100 גרם,false,1,17.70,7.08,true,1,
7290013329509,false,שקד טבעי כרם200 גרם,כרם תעשיות,,שקד טבעי 200 גר,גרמים,200.00,100 גרם,false,1,24.00,12.00,true,1,
7290013358356,false,פירורי לחם מוזהבים מאסטר שף (320גרם),ש. שסטוביץ בע`מ,,מאסטר שף פירורי לחם,גרמים,320.00,100 גרם,false,1,7.80,2.44,true,1,
>>>>>>> d048ac2f4f281c9d788043ab4e81b61b0dbe3743
7290013358363,false,מאסטר שף פרורי לחם פנקו עבים בסגנון יפני 300 גר,קריניציה ויטמינה אס,,פירורי לחם פנקו 300,גרמים,300.00,100 גרם,false,1,9.80,3.27,true,1,
7290013358417,false,מאסטר שף אסייאתי רוטב טריאקי 300 מל כשלפ,קריניציה ויטמינה אס,,מנה אסייאתי רוטב טרי,מיליליטרים,300.00,"100 מ""ל",false,1,12.90,4.30,true,1,
7290013358448,false,"קרוטונים לסלט אקסטרה ארוכים בתיבול שום, בצל ופטרוזיליה",עינת תעשיות מזון אגו,,מנה קרוטונים לסלט 4,גרמים,200.00,100 גרם,false,1,15.60,7.80,true,1,
7290013358462,false,"מיני קרוטונים למרק בתיבול שום, בצל ופטרוזיליה","עינת תעשיות מזון, אגשח ב",,מנה קרוטונים למרק שו,גרמים,350.00,100 גרם,false,1,15.90,4.54,true,1,
7290013358486,false,מאסטר שף פירורים מוזהבים ללא צורך בביצה 300 ג,"מיוצר ע""י מנה י.א בע",,מאסטר שף פירורי לחם,גרמים,300.00,100 גרם,false,1,10.40,3.47,true,1,
7290013358523,false,מאסטר שף שבבי בצל מטוגן 150 גרם,קריניציה ויטמינה אס,,מאסטר שף שבבי בצל מט,גרמים,150.00,100 גרם,false,1,14.50,9.67,true,1,
7290013358530,false,מאסטר שף אסייאתי רוטב צ'ילי מתוק 700 מל כשלפ,קריניציה ויטמינה אס,,רוטב צילי מתוק מנה א,מיליליטרים,700.00,"100 מ""ל",false,1,11.90,1.70,true,1,
7290013358547,false,מאסטר שף אסייאתי רוטב צ'ילי חריף 700 מל כשלפ,קי.אר.אס. ספייסי פוד,,רוטב צילי חריף 700,מיליליטרים,700.00,"100 מ""ל",false,1,11.90,1.70,true,1,
7290013358578,false,מנה אסייאתי אטריות אורז רחבות 400 ג מ.שף,ליינג טונג רייספלוור,,מנה אסייאתי אטריות א,גרמים,400.00,100 גרם,false,1,9.90,2.48,true,1,
7290013358585,false,מנה אסייאתי נודלס ביצים להקפצה 400 מ.שף,הנסיך- מפעל לייצור ט,,מנה אסייאתי נודלס בי,גרמים,400.00,100 גרם,false,1,9.90,2.48,true,1,
7290013358806,false,מנה מאגדת פריכיות אורז עם מלח 264 גרם,ש. שסטוביץ בע`מ,,מנה מאגדת פריכיות עם,גרמים,264.00,100 גרם,false,1,13.50,5.11,true,1,
7290013366108,false,אספרגוס ירוק כרמלים,כרמלים שדות חדשים,,אספרגוס,Unknown,0.00,Unknown,false,1,22.90,22.90,true,1,
7290013381910,false,"טורטיות ללא חומר משמר דגנים 20 ס""מ 8",GRAFER,,טורטיות ללא חומר משמ,Unknown,0.00,Unknown,false,1,9.90,9.90,true,1,
7290013389077,false,"עלי טורטיה מקמח חיטה 25ס""מ 8יח' תומר 420 ג'",Azteca foods europe,,טורטיה ספרדי חיטה 25,גרמים,420.00,100 גרם,false,1,15.30,3.64,true,1,
7290013389084,false,"טורטיה ספרדי קמח תירס 25 ס""מ 325 גרם",Azteca foods europe,,טורטיה ספרדי קמח תיר,גרמים,325.00,100 גרם,false,1,11.30,3.48,true,1,
<<<<<<< HEAD
7290013389138,false,"ניוקי 500 ג' ""לה פסטה"" שלושה צבעים 500 גר' 12X",לה פסטה La' Pasta,,ניוקי שלושה צבעים 50,גרמים,500.00,100 גרם,false,1,12.20,2.44,true,1,
7290013389145,false,"ניוקי 500 ג' ""לה פסטה"" מיני 500 גר' 12X",לה פסטה La' Pasta,,מיני ניוקי 500 גרם,גרמים,500.00,100 גרם,false,1,12.20,2.44,true,1,
7290013389374,false,קמח תירס פולנטה תומר 500ג',פיקטה piccata,,קמח תירס דק פולנטה 5,גרמים,500.00,100 גרם,false,1,7.20,1.44,true,1,
7290013389381,false,"קמח תירס פולנטה מולינו 1 ק""ג",מולינו פילה,,"קמח תירס פולנטה 1 ק""",גרמים,1000.00,100 גרם,false,1,12.90,1.29,true,1,
7290013430083,false,"בירה אלכסנדר בלונד בקבוק 330 מ""ל",מנדלז סי.אר. פרודקשן,,בירה אלכסנדר בלונד 3,מיליליטרים,330.00,"100 מ""ל",false,1,13.90,4.21,true,1,
=======
7290013389114,false,ניוקי תפוח אדמה לה פסטה 500 גרם,לה פסטה La' Pasta,,"ניוקי תפו""א 500 גרם",גרמים,500.00,100 גרם,false,1,9.30,1.86,true,1,
7290013389138,false,"ניוקי 500 ג' ""לה פסטה"" שלושה צבעים 500 גר' 12X",תומר ייבוא ושיווק מוצרי מזון [,,ניוקי שלושה צבעים 50,גרמים,500.00,100 גרם,false,1,12.20,2.44,true,1,
7290013389145,false,"ניוקי 500 ג' ""לה פסטה"" מיני 500 גר' 12X",תומר ייבוא ושיווק מוצרי מזון [,,מיני ניוקי 500 גרם,גרמים,500.00,100 גרם,false,1,12.20,2.44,true,1,
7290013389374,false,תומר קמח תירס דק 500 גר פולטנה,תומר ייבוא ושיווק מוצרי מזון [,,קמח תירס דק פולנטה 5,גרמים,500.00,100 גרם,false,1,7.20,1.44,true,1,
7290013389381,false,"קמח תירס פולנטה מולינו 1 ק""ג",תומר ייבוא ושיווק מוצרי מזון [,,"קמח תירס פולנטה 1 ק""",גרמים,1000.00,100 גרם,false,1,12.90,1.29,true,1,
>>>>>>> d048ac2f4f281c9d788043ab4e81b61b0dbe3743
7290013430090,false,בירה אלכסנדר אמברה AMBREE בירה ישראלית,מנדלז סי.אר. פרודקשן,,בירה אלכסנדר אמברה 3,מיליליטרים,330.00,"100 מ""ל",false,1,13.90,4.21,true,1,
7290013430250,false,אלכסנדר חיטה ישראלית בקבוק בודד 330 מל,אלכסנדר- בירה ישראלית מע,,בירה אלכסנדר חיטה יש,מיליליטרים,330.00,"100 מ""ל",false,1,13.90,4.21,true,1,
7290013430304,false,בירה אלכסנדר גרין GREEN בירה ישראלית,מנדלז סי.אר. פרודקשן,,בירה אלכסנדר גרין 33,מיליליטרים,330.00,"100 מ""ל",false,1,13.90,4.21,true,1,
7290013433084,false,גרנולה פירות 46% 300 גרם,אפקט טבעי,IL,גרנולה פירות 46% 300,גרמים,300.00,100 גרם,false,1,18.90,6.30,true,1,
7290013433107,false,גרנולה חלבה תמר 43% 300 גרם,אפקט טבעי,IL,גרנולה חלבה תמר 43%,גרמים,300.00,100 גרם,false,1,18.90,6.30,true,1,
7290013433121,false,טחינה מלאה שחורה 250 גרם,,IL,טחינה מלאה שחורה 250,גרמים,250.00,100 גרם,false,1,25.90,10.36,true,1,
7290013433169,false,חמאת לוז קשיו 250 גרם,,IL,חמאת לוז קשיו 250 גר,גרמים,250.00,100 גרם,false,1,44.90,17.96,true,1,
7290013433299,false,ממרח פיסטוק שקד שוקולד לבן 250 גרם,,IL,ממרח פיסטוק שקד שוקו,גרמים,250.00,100 גרם,false,1,48.90,19.56,true,1,
7290013433329,false,גרנולה קפה שקוף שזה טבעי 300 ג,אפקטבעי,IL,גרנולה קפה שקוף שזה,גרמים,300.00,100 גרם,false,1,18.90,6.30,true,1,
7290013433343,false,גרנולה 70% דגנים ללא חיטה 300 גרם,,IL,גרנולה 70% דגנים ללא,גרמים,300.00,100 גרם,false,1,17.90,5.97,true,1,
7290013442062,false,יוגורט עדין קטיפתי 6,מוטק'ה החולב,,יוגורט 600 גר,גרמים,600.00,100 גרם,false,1,19.90,3.32,true,1,
7290013442246,false,לבנה 9% מוטקה החולב,מוטק'ה החולב,,לבנה 250 גר,גרמים,250.00,100 גרם,false,1,17.90,7.16,true,1,
7290013442307,false,גבינת קממבר פקאן כבש,מוטק'ה החולב,,קממבר פקאן 140 גר,גרמים,140.00,100 גרם,false,1,26.90,19.21,true,1,
7290013442314,false,גבינת סנט מור כבשים,מוטק'ה החולב,,גבינת סנט מור 150 גר,גרמים,150.00,100 גרם,false,1,29.90,19.93,true,1,
7290013442345,false,גבינה ארוטן כמהין עובש כמהין 150 גר,מוטק'ה החולב,,גבינה ארוטן כמהין עו,גרמים,150.00,100 גרם,false,1,29.90,19.93,true,1,
7290013453082,false,עוגיות כוסמין שוקולדצ'יפס 230 גרם,,,עוגיות כוסמין ושוקול,גרמים,230.00,100 גרם,false,1,27.50,11.96,true,1,
7290013453174,false,קריספיס אגוזי לוז ומשמש 170 גר,האי נאם סי או אל.טי.,,קריספיס אגוזי לוז ומ,גרמים,170.00,100 גרם,false,1,25.90,15.24,true,1,
7290013453259,false,עוגיות חטיפי חמאת קו,האי נאם סי או אל.טי.,,חטיפי חמאת קוקוס ושו,גרמים,230.00,100 גרם,false,1,25.90,11.26,true,1,
7290013453297,false,מקלוני כוסמין בצל 200 גר,,,מקלוני כוסמין בצל 20,גרמים,200.00,100 גרם,false,1,20.90,10.45,true,1,
7290013453600,false,ביסקוט שוקוציפס ופירות מיובשים 200 גרם,"דני וגלית בע""מ",IL,ביסקוט שוקוציפס ופיר,גרמים,200.00,100 גרם,false,1,25.90,12.95,true,1,
7290013453631,false,דני וגלית עוגיות חמאת בוטנים שוקולדצ'יפס מפצפוצי אורז מלא 230 גרם,האי נאם סי או אל.טי.,,עוגיות חמאת בוטנים ו,גרמים,200.00,100 גרם,false,1,29.50,14.75,true,1,
7290013472199,false,ערמונים קלופים וקלויים 105 גרם,ג.וילי-פוד אינטרנשיונל בעמ,,ערמונים קלופים וקלוי,גרמים,105.00,100 גרם,false,1,7.20,6.86,true,1,
7290013472892,false,בולגריה קוביות במי מלח - מרכיבי חלב ושומן צמחי,ג.וילי-פוד אינטרנשיונל **גבינו,,בולגריה בקוביות 200,גרמים,200.00,100 גרם,false,1,11.40,5.70,true,1,
7290013493019,false,"בירה בזלת פילזנר 330 מ""ל",מברשת הגולן א.ח.ר 20,,בירה בזלת פילזנר 330,מיליליטרים,330.00,"100 מ""ל",false,1,12.90,3.91,true,1,
7290013493033,false,"בירה בזלת חיטה 330 מ""ל",מברשת הגולן א.ח.ר 20,,בירה בזלת חיטה 330 מ,מיליליטרים,330.00,"100 מ""ל",false,1,15.50,4.70,true,1,
7290013493071,false,"בירה בזלת אייל ענברי 330 מ""ל",מברשת הגולן א.ח.ר 20,,בירה בזלת אייל ענברי,מיליליטרים,330.00,"100 מ""ל",false,1,15.90,4.82,true,1,
7290013521125,false,נודלס אורז מלא דלעת וג`ינג`ר 250 גרם,השדה מוצרים טבעיים ו,,נודלס אורז מלא דלעת,גרמים,250.00,100 גרם,false,1,18.90,7.56,true,1,
7290013521415,false,אבקת מרק אורגנית בטעם עוף 200 גרם,השדה מוצרים אורגניים,,אבקת מרק אורגני 20 ב,גרמים,200.00,100 גרם,false,1,25.90,12.95,true,1,
7290013521491,false,קטשופ אורגני 567 גרם ללא גלוטן,שוורצקוף& הנקל דיסלד,,קטשופ אורגני 567 גר,גרמים,567.00,100 גרם,false,1,19.80,3.49,true,1,
7290013521576,false,כרוב כבוש אורגני 680 גר,,,כרוב כבוש אורגני 680,גרמים,680.00,100 גרם,false,1,21.50,3.16,true,1,
7290013521842,false,ציפס תפוח אדמה אפוי 65 גרם,"סיבי, נובי פריס",SK,ציפס תפוח אדמה אפוי,גרמים,65.00,100 גרם,false,1,11.90,18.31,true,1,
<<<<<<< HEAD
7290013525253,false,שמיר טחינה מיוחדת 16,"סלטי שמיר 2006 בע""מ",,טחינה מיוחדת 160 גרם,גרמים,160.00,100 גרם,false,1,5.50,3.44,true,1,
7290013531582,false,מארז זיתים ירוקים מגולענים יכין 200 גרם,פרופר,,שלישיית זיתים חרוזית,גרמים,600.00,100 גרם,false,1,15.90,2.65,true,1,
7290013531759,false,שעועית אפויה במים יכין 330 גרם,"זנלכל בע""\מ",,שעועית לבנה במים 550,גרמים,550.00,100 גרם,false,1,9.90,1.80,true,1,
=======
7290013531582,false,מארז זיתים ירוקים מגולענים יכין 200 גרם,זנלכל בעמ,,שלישיית זיתים חרוזית,גרמים,600.00,100 גרם,false,1,15.90,2.65,true,1,
7290013531759,false,שעועית לבנה מבושלת במים יכין (550 גרם),זנלכול יכין,,שעועית לבנה במים 550,גרמים,550.00,100 גרם,false,1,9.90,1.80,true,1,
>>>>>>> d048ac2f4f281c9d788043ab4e81b61b0dbe3743
7290013542144,false,כוסות קרטון 4OZ אר50 יח',,CN,כוס נייר 4OZ לאספרס,Unknown,1.00,Unknown,false,1,6.50,6.50,true,1,
7290013542236,false,כוסות חד פעמי .א'ר 100 יח',,TR,כוס שתיה קרה 100 יח,Unknown,0.00,Unknown,false,1,10.40,10.40,true,1,
7290013542342,false,נייר אפייה ביתי אר 5,,FR,נייר אפיה ביתי 50 י,Unknown,1.00,Unknown,false,1,8.30,8.30,true,1,
7290013542441,false,שיפוד במבוק רחב 35 י,,CN,שיפוד רחב במבוק,Unknown,0.00,Unknown,false,1,5.90,5.90,true,1,
7290013542526,false,כוסות נייר שתיה חמה,כוסות שתייה חמה 3 ב,CN,כוס נייר 50 יח לשתיה,Unknown,0.00,Unknown,false,1,10.90,10.90,true,1,
7290013542533,false,כוס נייר גדולה לשתיה,,CN,כוס נייר גדולה לשתיה,Unknown,1.00,Unknown,false,1,23.90,23.90,true,1,
7290013542557,false,תבניות אלומיניום 702,,CN,תבניות אלומיניום 702,Unknown,1.00,Unknown,false,1,10.00,10.00,true,1,
7290013542564,false,תבניות אלומיניום 729,,CN,תבניות אלומיניום 729,Unknown,1.00,Unknown,false,1,9.50,9.50,true,1,
7290013542571,false,תבניות אלומיניום 764,,CN,תבניות אלומיניום 764,Unknown,1.00,Unknown,false,1,9.50,9.50,true,1,
7290013542601,false,תבניות אלומיניום אינ,,CN,תבניות אלומיניום אינ,Unknown,1.00,Unknown,false,1,9.50,9.50,true,1,
7290013542632,false,מפת שולחן ראנר מעוצב,,CN,מפת שולחן גדולה ראנר,Unknown,0.00,Unknown,false,1,7.50,7.50,true,1,
<<<<<<< HEAD
7290013558855,false,חסה לבבות רומי,רימון,,לבבות קיסר,Unknown,0.00,Unknown,false,1,10.90,10.90,true,1,
7290013580009,false,המבורגר זהב 400 גרם הקצביה בלדי,בלדי,,המבורגר זהב 400 גרם,גרמים,400.00,100 גרם,false,1,20.90,5.23,true,1,
7290013581648,false,אל מטאדור מינוט סטייק 250 גרם בלדי,בלדי,IL,מינוט סטייק 250 גרם,Unknown,0.00,Unknown,false,1,24.90,24.90,true,1,
7290013585257,false,ספרייט זירו בבקבוק אישי,החברה המרכזית לייצור משקאות,,ספרייט ZERO בקבוק 50,מיליליטרים,500.00,"100 מ""ל",false,1,7.50,1.50,true,1,
7290013585394,false,קוקה קולה 1ליטר בודד,החברה המרכזית לייצור משקאות,,קוקה קולה 1 ליטר,מיליליטרים,1000.00,"100 מ""ל",false,1,7.20,0.72,true,1,
7290013585967,false,מארז ספרייט זירו 6 * 330 פח Fridge- pack,קוקה קולה ישראל,,מארז ספרייט זירו 6 *,ליטרים,0.00,ליטר,false,1,22.30,22.30,true,1,
7290013608260,false,מיץ רימונים 100%מיץ סחוט טרי מצונן 1ליט,"גניר (1992) בע""מ",,מיץ רימונים 100% סחו,מיליליטרים,1000.00,"100 מ""ל",false,1,23.90,2.39,true,1,
7290013608864,false,פרימור משקה פירות הדר 1 ליטר בתוספת ויטמין C,"גניר (1992) בע""מ",,משקה פירות הדר בתוספ,מיליליטרים,1000.00,"100 מ""ל",false,1,15.80,1.58,true,1,
7290013645272,false,עוגיות נשיקות ללא גל,מוצרי הכט,,עוגיות נשיקות ללא גל,גרמים,75.00,100 גרם,false,1,20.50,27.33,true,1,
7290013650153,false,"תמצית וניל טהורה 50 מ""ל",Global Gourmet Produ,US,תמצית וניל טהורה 50,מיליליטרים,1.00,"100 מ""ל",false,1,62.90,6290.00,true,1,
7290013652164,false,"ד""ר פישר - נטורל קר מגבונים להסרת איפור לעור רגיש 30 יח' * 3",פישר מעבדות פרמצבטיות בע,,מגבונים להסרת איפור,Unknown,0.00,Unknown,false,1,25.60,25.60,true,1,
7290013652799,false,נטורל קר קרם לחות לשיער רגיל/יבש- ורדים וחלב רימונים,פישר מעבדות פרמצבטיות בע,,קרם לחות לשיער ורדים,מיליליטרים,400.00,"100 מ""ל",false,1,25.60,6.40,true,1,
7290013671233,false,דאודורנט טבעי לגבר ל,,,דאודורנט טבעי לגבר ל,Unknown,0.00,Unknown,false,1,24.90,24.90,true,1,
7290013671240,false,דאודורנט טבעי לאישה,,,דאודורנט טבעי לאישה,Unknown,0.00,Unknown,false,1,24.90,24.90,true,1,
7290013713025,false,"בירה ג'מס פילס בקבוק 330 מ""ל","אביר הבר בע""מ",,"בירה פילס 330 מ""ל ג",מיליליטרים,330.00,"100 מ""ל",false,1,12.90,3.91,true,1,
7290013713049,false,"בירה גמס 8.8 איל בלגי מחוזקת 330 מ""ל","אביר הבר בע""מ",,בירה גמס 8.8 איל בלג,מיליליטרים,330.00,"100 מ""ל",false,1,12.90,3.91,true,1,
7290013713094,false,"בירה ג'יימס בלייזר בראון 330 מ""ל",יקבי כרמל,,בירה I.P.A גמס 330,מיליליטרים,330.00,"100 מ""ל",false,1,12.90,3.91,true,1,
7290013713124,false,"בירה גמס קראפט אייל בהיר 330 מ""ל","אביר הבר בע""מ",,בירה גמס קראפט אייל,מיליליטרים,330.00,"100 מ""ל",false,1,12.90,3.91,true,1,
=======
7290013558800,false,עלי תרד 250 גר בנספק,ששון ציון,,תרד ניוזילנדי 300 גר,גרמים,300.00,100 גרם,false,1,15.90,5.30,true,1,
7290013558855,false,חסה לבבות רומי,ל. פלמינגו ישראל בעמ,,לבבות קיסר,Unknown,0.00,Unknown,false,1,10.90,10.90,true,1,
7290013580009,false,המבורגר זהב 400 גרם הקצביה בלדי,בלדי בעמ,,המבורגר זהב 400 גרם,גרמים,400.00,100 גרם,false,1,20.90,5.23,true,1,
7290013581648,false,אל מטאדור מינוט סטייק 250 גרם בלדי,בלדי בעמ,IL,מינוט סטייק 250 גרם,Unknown,0.00,Unknown,false,1,24.90,24.90,true,1,
7290013585257,false,ספרייט זירו בבקבוק אישי,החברה המרכזית להפצת משקאות בעמ,,ספרייט ZERO בקבוק 50,מיליליטרים,500.00,"100 מ""ל",false,1,7.50,1.50,true,1,
7290013585394,false,בקבוק קוקה-קולה (1 ליטר),החברה המרכזית להפצת משקאות בעמ,,קוקה קולה 1 ליטר,מיליליטרים,1000.00,"100 מ""ל",false,1,7.20,0.72,true,1,
7290013585967,false,מארז ספרייט זירו Fridge Pack פחית 6*33,החברה המרכזית להפצת משקאות בעמ,,מארז ספרייט זירו 6 *,ליטרים,0.00,ליטר,false,1,22.30,22.30,true,1,
7290013608260,false,מיץ רימונים 100%מיץ סחוט טרי מצונן 1ליט,שטראוס גרופ בעמ/מצונן,,מיץ רימונים 100% סחו,מיליליטרים,1000.00,"100 מ""ל",false,1,23.90,2.39,true,1,
7290013608864,false,פרימור משקה פירות הדר 1 ליטר בתוספת ויטמין C,שטראוס גרופ בעמ/מצונן,,משקה פירות הדר בתוספ,מיליליטרים,1000.00,"100 מ""ל",false,1,15.80,1.58,true,1,
7290013645272,false,עוגיות נשיקות ללא גל,מוצרי הכט,,עוגיות נשיקות ללא גל,גרמים,75.00,100 גרם,false,1,20.50,27.33,true,1,
7290013650153,false,"תמצית וניל טהורה 50 מ""ל",Global Gourmet Produ,US,תמצית וניל טהורה 50,מיליליטרים,1.00,"100 מ""ל",false,1,62.90,6290.00,true,1,
7290013652164,false,"ד""ר פישר - נטורל קר מגבונים להסרת איפור לעור רגיש 30 יח' * 3","פישר תעשיות פרמצביטות בע""מ",,מגבונים להסרת איפור,Unknown,0.00,Unknown,false,1,25.60,25.60,true,1,
7290013652799,false,נטורל קר קרם לחות לשיער רגיל/יבש- ורדים וחלב רימונים,פישר תעשיות פרמבצטיות בעמ,,קרם לחות לשיער ורדים,מיליליטרים,400.00,"100 מ""ל",false,1,25.60,6.40,true,1,
7290013671233,false,דאודורנט טבעי לגבר ל,,,דאודורנט טבעי לגבר ל,Unknown,0.00,Unknown,false,1,24.90,24.90,true,1,
7290013671240,false,דאודורנט טבעי לאישה,,,דאודורנט טבעי לאישה,Unknown,0.00,Unknown,false,1,24.90,24.90,true,1,
7290013713025,false,"בירה ג'מס פילס בקבוק 330 מ""ל",אגודת הכורמים בעמ,,"בירה פילס 330 מ""ל ג",מיליליטרים,330.00,"100 מ""ל",false,1,12.90,3.91,true,1,
7290013713049,false,בירה ג`מס בקבוק 8.80% אלכוהול ( 330 מל),אגודת הכורמים -כרמל מזרחי,,בירה גמס 8.8 איל בלג,מיליליטרים,330.00,"100 מ""ל",false,1,12.90,3.91,true,1,
7290013713094,false,"בירה ג'יימס בלייזר בראון 330 מ""ל",אגודת הכורמים בעמ,,בירה I.P.A גמס 330,מיליליטרים,330.00,"100 מ""ל",false,1,12.90,3.91,true,1,
7290013720313,false,סורימי שרימפס 200 גר,,,סורימי שרימפס 200 גר,גרמים,200.00,100 גרם,false,1,9.40,4.70,true,1,
>>>>>>> d048ac2f4f281c9d788043ab4e81b61b0dbe3743
7290013720436,false,קרפלך בטעם ביתי קפוא 600 גר,,,קרפלך בטעם ביתי קפוא,גרמים,600.00,100 גרם,false,1,20.90,3.48,true,1,
7290013720498,false,פיין שרימפס מבושל 750 גר M,,,פיין שרימפס מבושל,גרמים,750.00,100 גרם,false,1,60.90,8.12,true,1,
7290013720818,false,"קלמרי שקיות 1ק""ג 40/",,,קלמרי 1 קג קפוא,קילוגרמים,0.00,"ק""ג",false,1,89.90,89.90,true,1,
7290013720924,false,ממרח פטה אווז 140 גר,,,ממרח פטה אווז 140 גר,גרמים,140.00,100 גרם,false,1,14.90,10.64,true,1,
7290013724939,false,משוקלדים חמוציות מריר 140 גר' קופסא,דין שיווק וקליה 2021 בעמ,,חמוציות בשוקולד מריר,גרמים,140.00,100 גרם,false,1,13.50,9.64,true,1,
7290013740205,false,"גלילות תמרים אגוזים קמח מלא לל""ס 350 גר",,IL,גלילות תמרים אגוזים,גרמים,350.00,100 גרם,false,1,27.90,7.97,true,1,
7290013746368,false,עוגיות כוסמין ושקדים,"דגן מיני מזונות בע""מ",,עוגיות כוסמין שקדים,גרמים,300.00,100 גרם,false,1,31.50,10.50,true,1,
7290013746689,false,עוג.ש.שועל אוכמניות250ג,"דגן מיני מזונות בע""\מ",,שיבולית שועל ואוכמני,גרמים,250.00,100 גרם,false,1,31.50,12.60,true,1,
7290013746733,false,קרקר כוסמין עם חמניו,,,קרקר כוסמין עם חמניה,גרמים,200.00,100 גרם,false,1,26.90,13.45,true,1,
7290013756541,false,אלטמן - אסטר C כמוסות 60 יח',אלטמן,,אסטר Cׁ500 מג (60) ב,Unknown,0.00,Unknown,false,1,59.90,59.90,true,1,
7290013756916,false,"ויטמין D1000 בד""ץ 100טב",אלטמן,,ויטמין D - 1000,Unknown,0.00,Unknown,false,1,34.90,34.90,true,1,
7290013787392,false,רביולי גבינות קלאסי 330 גרם ריקו בית יוסף,דודו איטליאן פרודקטס בע\,,רביולי גבינות 330 גר,גרמים,330.00,100 גרם,false,1,25.90,7.85,true,1,
7290013787415,false,רביולי ריקוטה תרד 330 גרם ריקו בית יוסף,דודו איטליאן פרודקטס בע\,,רביולי ריקוטה תרד 33,גרמים,330.00,100 גרם,false,1,25.90,7.85,true,1,
7290013847386,false,סטארקיסט נתחי טונה בהירה במים ושמן קנולה בטעם טבעי 140 גרם,סטארקיסט דיפלומט היינץ,,ס.ק לייט טונה 4% שומ,גרמים,140.00,100 גרם,false,1,8.50,6.07,true,1,
7290013847454,false,טונה סטאריקיסט בשמן קנולה רביעייה 160 גר,דיפלומט מפיצים (1968) בעמ**,,טונה סטארקיסט שמן קנ,גרמים,640.00,100 גרם,false,1,24.90,3.89,true,1,
7290013847867,false,מארז זוג טונה בשמן סויה 140 ג' סטארקיסט,דיפלומט מפיצים (1968) בעמ**,,טונה סטארקיסט בשמן ס,גרמים,280.00,100 גרם,false,1,13.50,4.82,true,1,
7290013848345,false,מארז מטליות לחיטוי וניקוי יסודי אנטיבקטריאלי 99.9%,החברה הדרומית לשיווק בעמ,IL,שלישיית מטליות לחות,Unknown,0.00,Unknown,false,1,19.90,19.90,true,1,
7290013848581,false,סנו סושי מגבות נייר בגליל ענק.,החברה הדרומית לשיווק בעמ,,סנו סושי מגבות נייר,Unknown,0.00,Unknown,false,1,13.50,13.50,true,1,
7290013848758,false,מקסימה גל כביסה מרוכז בייבי 3ליטר סנסטיב,החברה הדרומית לשיווק בעמ,,סנו מקסימה גל כביסה,ליטרים,0.00,ליטר,false,1,32.90,32.90,true,1,
7290013883148,false,סופג ריחות במקרר ווליט 40 גרם,יעקב יעקבי ובניו בעמ,,הפי סופג ריחות במקרר,Unknown,0.00,Unknown,false,1,17.90,17.90,true,1,
7290013903044,false,רסק תפוחי עץ אורגני 452 גרם,,,רסק תפוחי עץ אורגני,גרמים,452.00,100 גרם,false,1,16.90,3.74,true,1,
7290013903273,false,אדממה אורגני קפוא 400 גר,זהג'יאנג קינגסור פוד,CN,אדממה אורגני קפוא 40,גרמים,400.00,100 גרם,false,1,12.50,3.13,true,1,
7290013903310,false,טופו אורגני 500 יח 2 יח נפרדות ליב,ל.י.ב. (לחיות יותר בטבע) בעמ,IL,טופו אורגני 2 יח 500,גרמים,500.00,100 גרם,false,1,18.90,3.78,true,1,
7290013903327,false,טופו טבעי 500 יח 2 יח נפרדות ליב,ל.י.ב. (לחיות יותר בטבע) בעמ,IL,טופו טבעי 2 יח 500 ג,גרמים,500.00,100 גרם,false,1,15.50,3.10,true,1,
7290013903389,false,שעועית ירוקה קפואה אורגני 500 גרם,ליב אורגני,CN,שעועית ירוקה קפואה א,גרמים,500.00,100 גרם,false,1,14.90,2.98,true,1,
7290013903464,false,פולי סויה אורגנים קלופים מוקפאים (אדממה) 500גרם ליב,זהג'יאנג קינגסור,CN,פולי סויה קלופים מוק,גרמים,500.00,100 גרם,false,1,15.60,3.12,true,1,
7290013903594,false,רסק תפוחים טבעי 670 גרם ליב,טעמי הגליל בעמ,,רסק תפוחים טבעי 670,גרמים,670.00,100 גרם,false,1,12.50,1.87,true,1,
7290013903822,false,קציצות כרובית וברוקולי טבעוני 400 גרם,,IL,קציצות כרובית וברוקו,גרמים,400.00,100 גרם,false,1,26.50,6.63,true,1,
<<<<<<< HEAD
7290013906052,false,נקניקיות פרגיות טירת צבי 300 גרם,הנסיך- מפעל לייצור ט,,נקניקיות פרגיות,גרמים,300.00,100 גרם,false,1,12.90,4.30,true,1,
7290013906205,false,פסטרמה עם שום וצילי טירת צבי 400 ג',הנסיך- מפעל לייצור ט,,פסטרמה שום וצילי,גרמים,400.00,100 גרם,false,1,25.90,6.48,true,1,
7290013906212,false,"נקנקיות וינר טירת 1 ק""ג טירת צבי",הנסיך- מפעל לייצור ט,,טירת צבי נקניקיות וי,קילוגרמים,0.00,"ק""ג",false,1,22.90,22.90,true,1,
7290013906441,false,קבנוס טירת צבי 120 גרם,הנסיך- מפעל לייצור ט,,קבנוס טירת צבי 120 ג,גרמים,120.00,100 גרם,false,1,9.90,8.25,true,1,
7290013906489,false,חטיפי מיני קבנוס טירת צבי 120 גרם,הנסיך- מפעל לייצור ט,,חטיפי קבנוס טירת צבי,גרמים,120.00,100 גרם,false,1,11.90,9.92,true,1,
7290013906519,false,פרושוטו בקר טירת צבי 100 גרם,הנסיך- מפעל לייצור ט,,פרושוטו בקר טירת צבי,גרמים,100.00,100 גרם,false,1,34.50,34.50,true,1,
=======
7290013906052,false,נקניקיות פרגיות טירת צבי 300 גרם,תנובה מרכז שיתופי לשיווק תוצרת,,נקניקיות פרגיות,גרמים,300.00,100 גרם,false,1,12.90,4.30,true,1,
7290013906212,false,"נקנקיות וינר טירת 1 ק""ג טירת צבי",תנובה מרכז שיתופי לשיווק תוצרת,,טירת צבי נקניקיות וי,קילוגרמים,0.00,"ק""ג",false,1,22.90,22.90,true,1,
7290013906441,false,קבנוס טירת צבי 120 גרם,תנובה מרכז שיתופי לשיווק תוצרת,,קבנוס טירת צבי 120 ג,גרמים,120.00,100 גרם,false,1,9.90,8.25,true,1,
7290013906489,false,חטיפי מיני קבנוס טירת צבי 120 גרם,תנובה מרכז שיתופי לשיווק תוצרת,,חטיפי קבנוס טירת צבי,גרמים,120.00,100 גרם,false,1,11.90,9.92,true,1,
7290013906519,false,פרושוטו בקר טירת צבי 100 גרם,תנובה מרכז שיתופי לשיווק תוצרת,,פרושוטו בקר טירת צבי,גרמים,100.00,100 גרם,false,1,34.50,34.50,true,1,
>>>>>>> d048ac2f4f281c9d788043ab4e81b61b0dbe3743
7290013913937,false,סבון ידיים פרחים לבנ,,,סבון ידיים פרחים לבנ,Unknown,0.00,Unknown,false,1,18.90,18.90,true,1,
7290013913975,false,סבון רחצה צמחי לילדי,,,סבון רחצה צמחי לילדי,Unknown,0.00,Unknown,false,1,24.90,24.90,true,1,
7290013913999,false,סבון ידיים ריח הדרים,,,סבון ידיים ריח הדרים,Unknown,0.00,Unknown,false,1,18.90,18.90,true,1,
7290013994066,false,ספלטפלקס אורגני פתיתי כוסמין 375 גר,הרדוף,,ספלטפלקס אורגני פתית,גרמים,375.00,100 גרם,false,1,24.50,6.53,true,1,
7290013994073,false,פוזילי אורגני 400 גר מקמח כוסמין מלא,הרדוף,,פוזילי אורגני 400 גר,גרמים,400.00,100 גרם,false,1,19.90,4.98,true,1,
7290013994387,false,שימורי גרעיני תירס מתוק אורגני 340 גר,אול אורגני,,שימורי גרעיני תירס מ,גרמים,340.00,100 גרם,false,1,12.90,3.79,true,1,
7290013994394,false,שימורי גרגרי חומוס שלמים אורגני 400 גר,די.אי.אף.אל.אס.אר.אל,,שימורי גרגרי חומוס,גרמים,400.00,100 גרם,false,1,13.90,3.48,true,1,
7290013994417,false,הרדוף גרעיני שיבולת שועל אורגני 500 גרם,אול אורגני,,הרדוף גרעיני שיבולת,גרמים,500.00,100 גרם,false,1,9.90,1.98,true,1,
7290013994585,false,גרעיני דלעת קלופים אורגניים 300 גרם הרדוף,אול אורגני,,גרעיני דלעת קלופים א,גרמים,300.00,100 גרם,false,1,18.90,6.30,true,1,
7290013994653,false,קינואה רויאל אורגני 500 גרם - הרדוף,אול אורגני,,קינואה אורגני 500 גר,גרמים,500.00,100 גרם,false,1,16.90,3.38,true,1,
<<<<<<< HEAD
7290014002197,false,חליטת קמומיל ולימונית הגן הקסום ויסוצקי 25 יחידות,תה ויסוצקי,,חליטת קמומיל ולימוני,Unknown,0.00,Unknown,false,1,18.90,18.90,true,1,
7290014002203,false,חליטת לימונית ולואיזה הגן הקסום ויסוצקי 25 יחידות,תה ויסוצקי,,חליטת קמומיל ולואיזה,Unknown,0.00,Unknown,false,1,18.90,18.90,true,1,
7290014002944,false,גן קסום חליטת פירות וצמחים חמדת שקד 25 שקיקים,תה ויסוצקי,,גן קסום חליטת םירות,Unknown,0.00,Unknown,false,1,18.90,18.90,true,1,
7290014002982,false,תה ירוק לימונית ולואיזה ויסוצקי 25 יחידות תוספת סטיביה,ויסוצקי ירוק,,תה ירוק לימונית ולוא,Unknown,0.00,Unknown,false,1,24.90,24.90,true,1,
7290014056008,false,"בירה שפירא פייל אייל 330 מ""ל",שפירא,IL,בירה שפירא פייל אייל,מיליליטרים,330.00,"100 מ""ל",false,1,15.90,4.82,true,1,
=======
7290014002197,false,חליטת קמומיל ולימונית הגן הקסום ויסוצקי 25 יחידות,תה ויסוצקי (ישראל) בעמ,,חליטת קמומיל ולימוני,Unknown,0.00,Unknown,false,1,18.90,18.90,true,1,
7290014002203,false,חליטת לימונית ולואיזה הגן הקסום ויסוצקי 25 יחידות,תה ויסוצקי (ישראל) בעמ,,חליטת קמומיל ולואיזה,Unknown,0.00,Unknown,false,1,18.90,18.90,true,1,
7290014002944,false,גן קסום חליטת פירות וצמחים חמדת שקד 25 שקיקים,תה ויסוצקי (ישראל) בעמ,,גן קסום חליטת םירות,Unknown,0.00,Unknown,false,1,18.90,18.90,true,1,
7290014002982,false,תה ירוק לימונית ולואיזה ויסוצקי 25 יחידות תוספת סטיביה,תה ויסוצקי (ישראל) בעמ,,תה ירוק לימונית ולוא,Unknown,0.00,Unknown,false,1,24.90,24.90,true,1,
>>>>>>> d048ac2f4f281c9d788043ab4e81b61b0dbe3743
7290014056053,false,"בירה שפירא אי פי אי 330 מ""ל",שפירא,IL,בירה שפירא אי פי אי,מיליליטרים,330.00,"100 מ""ל",false,1,15.90,4.82,true,1,
7290014059085,false,"משחת שיניים סנסודיין 75 מ""ל פרימיום לשיקום והגנה","סמית קליין ביצ'ם בע""",,משחת שיניים סנסודיין,Unknown,0.00,Unknown,false,1,28.50,28.50,true,1,
7290014059436,false,"משחת שיניים סנסודיין 75 מ""ל פרימיום לשיקום והגנה מלבינה 75 מ""ל","סמית קליין ביצ'ם בע""",,סנסודיין משחת שיניים,Unknown,0.00,Unknown,false,1,28.50,28.50,true,1,
7290014066359,false,לנדוור-קפסולות אספרסו בלנסד(06) - 10יח'12X יח,"קפה לנדוור בע""\מ",,לנדוור קפסולות אספרס,Unknown,0.00,Unknown,false,1,17.70,17.70,true,1,
7290014066366,false,לנדוור-קפסולות אספרסו ריסטרטו(08) - 10יח'12X יח,ש.שסטוביץ בעמ,,לנדוור קפסולות אספרס,Unknown,0.00,Unknown,false,1,17.70,17.70,true,1,
7290014066380,false,לנדוור-קפסולות אספרסו סופרימו(10) - 10יח'12X יח,ש.שסטוביץ בעמ,,לנדוור קפסולות אספרס,Unknown,0.00,Unknown,false,1,17.70,17.70,true,1,
7290014066526,false,לנדוור-קפסולות אספרסו תערובת הבית(11) - 10יח'12X יח,ש.שסטוביץ בעמ,,לנדוור קפסולות אספרס,Unknown,0.00,Unknown,false,1,17.70,17.70,true,1,
7290014066533,false,לנדוור-קפסולות אספרסו קלייה כפולה(12) - 10יח'12X יח,ש.שסטוביץ בעמ,,לנדוור קפסולות אספרס,Unknown,0.00,Unknown,false,1,17.70,17.70,true,1,
7290014076426,false,ממתיק סטיביה טבעי 100 מ`ל,"שליידר לבורטוריס בע""מ",,ממתיק סטיביה טבעי 10,Unknown,0.00,Unknown,false,1,49.90,49.90,true,1,
7290014079014,false,לבבות קיסר ארוז נספק,"מרינה פטריות הגליל בע""מ",,לבבות קיסר,Unknown,0.00,Unknown,false,1,11.99,11.99,true,1,
<<<<<<< HEAD
7290014094352,false,אגוז מלך טבעי בקופסא,"שקדיה גבע תעשיות בע""",,אגוזי מלך 200 גר,גרמים,200.00,100 גרם,false,1,14.90,7.45,true,1,
7290014094369,false,שקד טבעי 200 גר קופסא ששון הקולה,"דין שיווק וקלייה בע""",,שקד טבעי 200 גר קופ,גרמים,200.00,100 גרם,false,1,22.90,11.45,true,1,
7290014094376,false,שזיפים ללא גלעין בקופסא ששון הקולה 330 גרם,"דין שיווק וקלייה בע""",,שזיפים ללא גלעין 330,גרמים,330.00,100 גרם,false,1,23.90,7.24,true,1,
7290014094383,false,משמש מיובש ששון הקול,"דין שיווק וקלייה בע""",,משמש 330 גר,גרמים,330.00,100 גרם,false,1,27.50,8.33,true,1,
7290014094406,false,צימוק לבן בקופסא ששון הקולה 330 גרם,"דין שיווק וקלייה בע""",,צימוק לבן 330 גר,גרמים,330.00,100 גרם,false,1,18.80,5.70,true,1,
7290014094505,false,אורז בסמתי טהור אהרוני 1 ק''ג,האי נאם סי או אל.טי.,,"אורז בסמטי טהור 1 ק""",גרמים,1000.00,100 גרם,false,1,9.90,0.99,true,1,
7290014094529,false,"רוטב סויה 300 מ""ל אהרוני",הלתי פוד פרודקט,,"רוטב סויה 300 מ""ל אה",מיליליטרים,300.00,"100 מ""ל",false,1,11.50,3.83,true,1,
7290014094611,false,שקד מולבן פרוס בקופסא ששון הקולה 200 גרם,"דין שיווק וקלייה בע""",,שקד מולבן פרוס 200 ג,גרמים,200.00,100 גרם,false,1,28.50,14.25,true,1,
7290014094628,false,פקאן טבעי 200 גרם בקופסא,"דין שיווק וקלייה בע""",,פקאן טבעי 200 גר,גרמים,200.00,100 גרם,false,1,30.50,15.25,true,1,
7290014094642,false,קשיו טבעי גדול 250 גרם בקופסא,"דין שיווק וקלייה בע""",,קשיו טבעי גדול 250 ג,גרמים,250.00,100 גרם,false,1,29.50,11.80,true,1,
7290014094659,false,בונדוק טבעי 250 גרם בקופסא,"ליגו, ואני",,בונדוק טבעי 250 גר,גרמים,250.00,100 גרם,false,1,30.50,12.20,true,1,
7290014094833,false,צימוק בהיר 300 גרם ששון הקולה,"דין שיווק וקלייה בע""",,צימוק בהיר 300 גרם ש,גרמים,300.00,100 גרם,false,1,15.20,5.07,true,1,
7290014094895,false,אגוזים קלופים בשקית ששון הקולה 150 גרם,"שקדיה גבע תעשיות בע""",,אגוזים מלך קלופים 15,גרמים,150.00,100 גרם,false,1,11.90,7.93,true,1,
7290014095861,false,שיבולת שועל דקה בשקית שקדיה 500 גרם,"דין שיווק וקלייה בע""",,שיבולת שועל דקה 500,גרמים,500.00,100 גרם,false,1,6.90,1.38,true,1,
7290014095960,false,שיבולת שועל עבה בשקית שקדיה 500 גרם,"דין שיווק וקלייה בע""",,שיבולת שועל עבה 500,גרמים,500.00,100 גרם,false,1,6.90,1.38,true,1,
=======
7290014094352,false,אגוז מלך טבעי ששון הקולה (200 גרם),דין שיווק וקליה 2021 בעמ,,אגוזי מלך 200 גר,גרמים,200.00,100 גרם,false,1,14.90,7.45,true,1,
7290014094369,false,שקד טבעי קלוף ששון הקולה (200 גרם),דין שיווק וקליה 2021 בעמ,,שקד טבעי 200 גר קופ,גרמים,200.00,100 גרם,false,1,22.90,11.45,true,1,
7290014094376,false,שזיפים ללא גלעין בקופסא ששון הקולה 330 גרם,דין שיווק וקליה 2021 בעמ,,שזיפים ללא גלעין 330,גרמים,330.00,100 גרם,false,1,23.90,7.24,true,1,
7290014094383,false,משמש בקופסא ששון הקולה 250 גר`,דין שיווק וקליה 2021 בעמ,,משמש 330 גר,גרמים,330.00,100 גרם,false,1,27.50,8.33,true,1,
7290014094390,false,חמוציות מסוכרות ששון הקולה 250 גר`,דין שיווק וקליה 2021 בעמ,,חמוציות 330 גר,גרמים,330.00,100 גרם,false,1,16.20,4.91,true,1,
7290014094406,false,צימוק לבן בקופסא ששון הקולה 330 גרם,דין שיווק וקליה 2021 בעמ,,צימוק לבן 330 גר,גרמים,330.00,100 גרם,false,1,18.80,5.70,true,1,
7290014094505,false,אורז בסמתי טהור אהרוני 1 ק''ג,דין שיווק וקליה 2021 בעמ,,"אורז בסמטי טהור 1 ק""",גרמים,1000.00,100 גרם,false,1,9.90,0.99,true,1,
7290014094529,false,רוטב סויה 300 מל- אהרוני,דין שיווק וקליה 2021 בעמ,,"רוטב סויה 300 מ""ל אה",מיליליטרים,300.00,"100 מ""ל",false,1,11.50,3.83,true,1,
7290014094611,false,שקד מולבן פרוס בקופסא ששון הקולה 200 גרם,דין שיווק וקליה 2021 בעמ,,שקד מולבן פרוס 200 ג,גרמים,200.00,100 גרם,false,1,28.50,14.25,true,1,
7290014094628,false,פקאן טבעי ששון הקולה (200 גרם),דין שיווק וקליה 2021 בעמ,,פקאן טבעי 200 גר,גרמים,200.00,100 גרם,false,1,30.50,15.25,true,1,
7290014094642,false,אגוזי קשיו טבעיים ששון הקולה (250 גרם),דין שיווק וקליה 2021 בעמ,,קשיו טבעי גדול 250 ג,גרמים,250.00,100 גרם,false,1,29.50,11.80,true,1,
7290014094659,false,בונדוק טבעי 250 גרם בקופסא,דין שיווק וקליה 2021 בעמ,,בונדוק טבעי 250 גר,גרמים,250.00,100 גרם,false,1,30.50,12.20,true,1,
7290014094833,false,צימוק בהיר 300 גרם ששון הקולה,דין שיווק וקליה 2021 בעמ,,צימוק בהיר 300 גרם ש,גרמים,300.00,100 גרם,false,1,15.20,5.07,true,1,
7290014094895,false,אגוזים קלופים בשקית ששון הקולה 150 גרם,דין שיווק וקליה 2021 בעמ,,אגוזים מלך קלופים 15,גרמים,150.00,100 גרם,false,1,11.90,7.93,true,1,
7290014095861,false,שיבולת שועל דקה בשקית שקדיה 500 גרם,דין שיווק וקליה 2021 בעמ,,שיבולת שועל דקה 500,גרמים,500.00,100 גרם,false,1,6.90,1.38,true,1,
7290014095960,false,שיבולת שועל עבה בשקית שקדיה 500 גרם,דין שיווק וקליה 2021 בעמ,,שיבולת שועל עבה 500,גרמים,500.00,100 גרם,false,1,6.90,1.38,true,1,
7290014218321,false,בורקס אישי יפו גבינה מעדנות 600 גרם,תנובה מרכז שיתופי לשיווק תוצרת,,בורקס אישי גבינה מע,גרמים,600.00,100 גרם,false,1,21.50,3.58,true,1,
>>>>>>> d048ac2f4f281c9d788043ab4e81b61b0dbe3743
7290014218932,false,חטיפי פיצה בתוספ זיתים בשקית מעדנות 710 גרם,מיוצר עי קונדיטוריית,IL,חטיפי פיצה זיתים,גרמים,710.00,100 גרם,false,1,33.90,4.77,true,1,
7290014233317,false,‏ג‏‏ל‏ ‏אלוורה‏ ‏ואובליפחה‏ ‏200‏ מל,,,‏ג‏‏ל‏ ‏אלוורה‏ ‏ואו,Unknown,0.00,Unknown,false,1,29.90,29.90,true,1,
7290014318267,false,"שמן כמהין לבן כשר 250 מ""ל",,,שמן כמהין לבן כשר 25,מיליליטרים,250.00,"100 מ""ל",false,1,84.50,33.80,true,1,
7290014318311,false,מארז שלישיית עגבניות חתוכות דק במיץ עגבניות Rosso,,,עגבניות פולפה,קילוגרמים,0.00,"ק""ג",false,1,18.80,18.80,true,1,
7290014318755,false,סירופ אגבה אורגני 66,,MX,"סירופ אגבה 660 מ""ל",מיליליטרים,660.00,"100 מ""ל",false,1,28.90,4.38,true,1,
7290014318762,false,"מיץ רימונים אוטרגני 946 מ""ל",,TR,מיץ רימונים אוטרגני,מיליליטרים,946.00,"100 מ""ל",false,1,25.90,2.74,true,1,
7290014318854,false,דפי אורז מלא 250 גרם,,VN,דפי אורז מלא 250 גרם,גרמים,250.00,100 גרם,false,1,9.90,3.96,true,1,
7290014318892,false,"מיץ סלק אורגני 946 מ""ל",,TR,מיץ סלק אורגני 946 מ,מיליליטרים,946.00,"100 מ""ל",false,1,22.20,2.35,true,1,
<<<<<<< HEAD
7290014397200,false,שלשיית מברשות שיניים אורביטול פרמיום,אורביטול Orbitol,,מברשת שיניים אורביטו,Unknown,0.00,Unknown,false,1,12.50,12.50,true,1,
7290014397279,false,שקיות מזון גדולות XL סנו סושי 300 יחידות,"אשפלסט תעשיות בע""מ",,סנו סושי שקיות מזון,Unknown,0.00,Unknown,false,1,14.50,14.50,true,1,
7290014397286,false,מרכך כביסה מרוכז חלב ודבש סנו מקסימה 1 ליטר,סנו-מקסימה,,מרכך כביסה מקסימה,מיליליטרים,1000.00,"100 מ""ל",false,1,13.90,1.39,true,1,
7290014397453,false,סנו אוקסיגן גל מסיר כתמים כביסה לבנה 3 ל,סנו אוקסיג'ן,,סנו אוקסיגן גל מסיר,ליטרים,0.00,ליטר,false,1,33.90,33.90,true,1,
7290014397705,false,נוזל רצפות פוליווקס פרקט מרענן סנו 2ל',סנו פוליויקס,,סנו פוליויקס פרקט בנ,ליטרים,0.00,ליטר,false,1,23.90,23.90,true,1,
7290014397767,false,סנו ריצפז פרש הום 2 ליטר בניחוח כותנה-מרכז,"סנו מפעלי ברונוס בע""",,סנו ריצפז פרש הום כו,ליטרים,0.00,ליטר,false,1,14.90,14.90,true,1,
7290014397781,false,סנו ריצפז פרש הום 2 ליטר בניחוח סבון,סנו פרש Fresh,,סנו ריצפז פרש הום סב,ליטרים,0.00,ליטר,false,1,14.90,14.90,true,1,
7290014435704,false,סלמון מעושן שמיר 100 גרם,שבעת הימים - שמיר,,סלמון מעושן 100 גר,גרמים,100.00,100 גרם,false,1,24.90,24.90,true,1,
=======
7290014397200,false,שלשיית מברשות שיניים אורביטול פרמיום,החב הדרומית לשיווק,,מברשת שיניים אורביטו,Unknown,0.00,Unknown,false,1,12.50,12.50,true,1,
7290014397279,false,שקיות מזון גדולות XL סנו סושי 300 יחידות,החברה הדרומית לשיווק בעמ,,סנו סושי שקיות מזון,Unknown,0.00,Unknown,false,1,14.50,14.50,true,1,
7290014397286,false,מרכך כביסה מרוכז חלב ודבש סנו מקסימה 1 ליטר,החברה הדרומית לשיווק בעמ,,מרכך כביסה מקסימה,מיליליטרים,1000.00,"100 מ""ל",false,1,13.90,1.39,true,1,
7290014397453,false,סנו אוקסיגן גל מסיר כתמים כביסה לבנה 3 ל,החברה הדרומית לשיווק בעמ,,סנו אוקסיגן גל מסיר,ליטרים,0.00,ליטר,false,1,33.90,33.90,true,1,
7290014397538,false,"מבשם אויר סנו פרש הום בניחוח אביב 350 מ""ל",סנו מפעלי ברונוס בעמ,,סנופרש הום בניחוח בו,מיליליטרים,350.00,"100 מ""ל",false,1,17.90,5.11,true,1,
7290014397699,false,פוליויקס גרניט פורצלן ושיש ניחוח קלאסי 3 ליטר,החברה הדרומית לשיווק בעמ,,פוליויקס גרניט פורצל,ליטרים,0.00,ליטר,false,1,26.90,26.90,true,1,
7290014397705,false,פוליויקס פרקט טבעי וסינטטי סנו (2 ליטר),החברה הדרומית לשיווק בעמ,,סנו פוליויקס פרקט בנ,ליטרים,0.00,ליטר,false,1,23.90,23.90,true,1,
7290014397767,false,סנו ריצפז פרש הום 2 ליטר בניחוח כותנה-מרכז,החברה הדרומית לשיווק בעמ,,סנו ריצפז פרש הום כו,ליטרים,0.00,ליטר,false,1,14.90,14.90,true,1,
7290014435704,false,סלמון מעושן פרוס 100ג(שמיר),שבעת הימים - שמיר,,סלמון מעושן 100 גר,גרמים,100.00,100 גרם,false,1,24.90,24.90,true,1,
>>>>>>> d048ac2f4f281c9d788043ab4e81b61b0dbe3743
7290014435803,false,מטיאס הולנדי (פרובנציאל) עם בצל בשמן 180 גרם,שבעת הימים - שמיר,,מטיאס הולנדי עם בצל,גרמים,200.00,100 גרם,false,1,19.80,9.90,true,1,
7290014435889,false,סלט מטיאס עם מיונז שמיר 200 גרם,שבעת הימים - שמיר,,סלט מטיאס עם מיונז 2,גרמים,200.00,100 גרם,false,1,19.80,9.90,true,1,
7290014435896,false,סלט סלמון עם מיונז שמיר 180 גרם,שבעת הימים - שמיר,,סלט סלמון עם מיונז 2,גרמים,200.00,100 גרם,false,1,24.90,12.45,true,1,
7290014440463,false,"יין מדבר שרדונה סדרה 22 750 מ""ל",,IL,יין מדבר שרדונה סדר,מיליליטרים,750.00,"100 מ""ל",false,1,51.90,6.92,true,1,
7290014440487,false,"יקב מדבר סדרה 22 סוביניון 750 מ""ל",,IL,יקב מדבר סדרה 22 סוב,מיליליטרים,750.00,"100 מ""ל",false,1,51.90,6.92,true,1,
7290014440494,false,"יין מדבר רוזה סדרה 22 750 מ""ל",,IL,יין מדבר רוזה סדרה,מיליליטרים,750.00,"100 מ""ל",false,1,51.90,6.92,true,1,
7290014451018,false,ספוג כלים אקולוגי 4 יח GF,גרין-פלאש,,ספוג כלים אקולוגי 4,Unknown,0.00,Unknown,false,1,16.90,16.90,true,1,
7290014451247,false,מטליות מבד במבוק 92 דפים GF,גרין-פלאש,,מטליות מבד במבוק 92,Unknown,0.00,Unknown,false,1,19.90,19.90,true,1,
<<<<<<< HEAD
7290014455245,false,גבינת גרנה פדנו משולש 29% 200 גרם בית יוסף,מחלבת סוציאלה מנטובה,,גרנה פדנו משולש 200,גרמים,200.00,100 גרם,false,1,25.20,12.60,true,1,
7290014455252,false,גבינה קשה מגורדת גרנה פדנו 29% שומן,מחלבות גד שיווק 1992,,גבינה גרנה פדנו,גרמים,100.00,100 גרם,false,1,11.80,11.80,true,1,
7290014455320,false,גבינה כדורי מוצרלה פרסקה גד 100ג',מוצרלה פרסקה 2 ב 15,,כדור מוצרלה פרסקה 10,גרמים,100.00,100 גרם,false,1,9.70,9.70,true,1,
7290014455467,false,ירח מתוק מעדן חלב 2% ושיבולת שועל גד 150ג',גבינות מדף,,מעדן שיבולת שועל וחל,גרמים,150.00,100 גרם,false,1,6.10,4.07,true,1,
7290014455610,false,"יוגורט עיזים תות 125 גרם ""גד""",מיוצר על ידי קוד יצר,,יוגורט עיזים תות 125,גרמים,125.00,100 גרם,false,1,6.10,4.88,true,1,
7290014455627,false,יוגורט עיזים דובדבן אמרנה 125 גר,מיוצר עי קוד יצרן MK,,יוגורט עיזים דובדבן,גרמים,125.00,100 גרם,false,1,6.10,4.88,true,1,
7290014459373,false,"צ'יפס קראנצ'י לתנור קפוא תפוגן 1.5ק""ג","תעשיות תפוגן בע""\מ",,תפוגן ציפס קראנצי לת,קילוגרמים,0.00,"ק""ג",false,1,26.90,26.90,true,1,
7290014459472,false,"צ'יפס קפוא תפוגן 2 ק""ג כשל""פ","תעשיות תפוגן בע""מ",IL,ציפס תפוגן קלאסי 2 ק,קילוגרמים,0.00,"ק""ג",false,1,24.90,24.90,true,1,
7290014466609,false,יין מרלו גמלא 2020 750 מל,יקבי רמת הגולן קצרין,,יין מרלו גמלא 2020 7,Unknown,0.00,Unknown,false,1,54.90,54.90,true,1,
7290014471436,false,"מוזלי צימוקים תפוח קינמון וגרעיני חמניה 1 ק""ג כחול שקדיה","דין שיווק וקלייה בע""",,מיזלי צימוקים תפוח/ק,גרמים,1000.00,100 גרם,false,1,21.90,2.19,true,1,
7290014472228,false,תאנים מיובשות 330 גר,"דין שיווק וקלייה בע""",,תאנים 330 גר,גרמים,330.00,100 גרם,false,1,24.90,7.55,true,1,
7290014472235,false,פקאן סיני מסוכר 200 גרם בקופסא,"דין שיווק וקלייה בע""",,פקאן סיני מסוכר 200,גרמים,200.00,100 גרם,false,1,29.50,14.75,true,1,
7290014472488,false,שקד קלוי ענק פרימיום ששון הקולה 250 גרם,"שקדיה גבע תעשיות בע""",,שקד קלוי ענק 250 גרם,גרמים,250.00,100 גרם,false,1,23.90,9.56,true,1,
7290014472495,false,קשיו קלוי ענק פרימיום ששון הקולה 250 גרם,"דין שיווק וקלייה בע""",,קשיו קלוי ענק 250 גר,גרמים,250.00,100 גרם,false,1,21.90,8.76,true,1,
7290014472501,false,פיסטוק קלוי ענק פרימיום ששון הקולה 250 גרם,"דין שיווק וקלייה בע""",,פיסטוק קלוי ענק 250,גרמים,250.00,100 גרם,false,1,23.90,9.56,true,1,
7290014472518,false,בוטן קלוי ענק פרימיום ששון הקולה 250 גרם,"דין שיווק וקלייה בע""",,בוטן קלוי ענק 250 גר,גרמים,250.00,100 גרם,false,1,11.90,4.76,true,1,
7290014472990,false,ממרח 100% שקדים שקדיה 300 גרם,ג'\י אנד ג'\י פקאנס בעמ,,ממרח 100% שקדים 300,גרמים,300.00,100 גרם,false,1,36.90,12.30,true,1,
=======
7290014455245,false,גבינת גרנה פדנו משולש 29% 200 גרם בית יוסף,מחלבות גד שיווק 1992 בעמ,,גרנה פדנו משולש 200,גרמים,200.00,100 גרם,false,1,25.20,12.60,true,1,
7290014455252,false,גבינת גרנה פדנו מגורדת 29% גד (100 גרם),מחלבות גד שיווק 1992 בעמ,,גבינה גרנה פדנו,גרמים,100.00,100 גרם,false,1,11.80,11.80,true,1,
7290014455320,false,גבינה כדורי מוצרלה פרסקה גד 100ג',מחלבות גד שיווק 1992 בעמ,,כדור מוצרלה פרסקה 10,גרמים,100.00,100 גרם,false,1,9.70,9.70,true,1,
7290014455467,false,ירח מתוק מעדן חלב 2% ושיבולת שועל גד 150ג',מחלבות גד שיווק 1992 בעמ,,מעדן שיבולת שועל וחל,גרמים,150.00,100 גרם,false,1,6.10,4.07,true,1,
7290014455610,false,"יוגורט עיזים תות 125 גרם ""גד""",מחלבות גד שיווק 1992 בעמ,,יוגורט עיזים תות 125,גרמים,125.00,100 גרם,false,1,6.10,4.88,true,1,
7290014455627,false,יוגורט עיזים עם דובדבן אמרנה 125גר,מחלבות גד שיווק 1992 בעמ,,יוגורט עיזים דובדבן,גרמים,125.00,100 גרם,false,1,6.10,4.88,true,1,
7290014459373,false,"צ'יפס קראנצ'י לתנור קפוא תפוגן 1.5ק""ג",קבוצת אוסם סחר שותפות מוגבלת,,תפוגן ציפס קראנצי לת,קילוגרמים,0.00,"ק""ג",false,1,26.90,26.90,true,1,
7290014459472,false,"תפוגן צ יפס קלאסי 2ק""ג (תפוגן)",קבוצת אוסם סחר שותפות מוגבלת,IL,ציפס תפוגן קלאסי 2 ק,קילוגרמים,0.00,"ק""ג",false,1,24.90,24.90,true,1,
7290014466609,false,יין גמלא מרלו עברית 2018*,היכל היין שקד גולן בעמ,,יין מרלו גמלא 2020 7,Unknown,0.00,Unknown,false,1,54.90,54.90,true,1,
7290014472228,false,תאנים ששון הקולה (330 גרם),דין שיווק וקליה 2021 בעמ,,תאנים 330 גר,גרמים,330.00,100 גרם,false,1,24.90,7.55,true,1,
7290014472488,false,שקד קלוי ענק פרימיום ששון הקולה 250 גרם,דין שיווק וקליה 2021 בעמ,,שקד קלוי ענק 250 גרם,גרמים,250.00,100 גרם,false,1,23.90,9.56,true,1,
7290014472495,false,קשיו קלוי ענק פרימיום ששון הקולה 250 גרם,דין שיווק וקליה 2021 בעמ,,קשיו קלוי ענק 250 גר,גרמים,250.00,100 גרם,false,1,21.90,8.76,true,1,
7290014472501,false,פיסטוק קלוי ענק פרימיום ששון הקולה 250 גרם,דין שיווק וקליה 2021 בעמ,,פיסטוק קלוי ענק 250,גרמים,250.00,100 גרם,false,1,23.90,9.56,true,1,
7290014472518,false,בוטן קלוי ענק פרימיום ששון הקולה 250 גרם,דין שיווק וקליה 2021 בעמ,,בוטן קלוי ענק 250 גר,גרמים,250.00,100 גרם,false,1,11.90,4.76,true,1,
7290014472990,false,ממרח 100% שקדים שקדיה (300 גרם),דין שיווק וקליה 2021 בעמ,,ממרח 100% שקדים 300,גרמים,300.00,100 גרם,false,1,36.90,12.30,true,1,
>>>>>>> d048ac2f4f281c9d788043ab4e81b61b0dbe3743
7290014501836,false,"יין יראון יקב הרי הגליל 2018 750 מ""ל",מיוצר וממולא על ידי יקב,,יין יראון יקב הרי הג,Unknown,0.00,Unknown,false,1,114.90,114.90,true,1,
7290014503137,false,יין אדום יבש יובלים יקב דלתון (750 מל),הכרם - משקאות חריפים בעמ,,יין כנען אדום דלתון,Unknown,0.00,Unknown,false,1,44.90,44.90,true,1,
7290014503144,false,יין לבן יובלים יקב דלתון (750 מל),הכרם - משקאות חריפים בעמ,,יין כנען לבן דלתון 7,Unknown,0.00,Unknown,false,1,44.90,44.90,true,1,
7290014525290,false,חטיפי סלים דליס קריספי תות מרבה 125 גרם,סלים דליס Slim Delis,,חטיף מרבה סלים דליס,גרמים,125.00,100 גרם,false,1,10.90,8.72,true,1,
7290014525306,false,חטיפי סלים דליס קריספי אוכמניות מרבה 125 גרם,סלים דליס Slim Delis,,חטיף מרבה סלים דליס,גרמים,125.00,100 גרם,false,1,10.90,8.72,true,1,
7290014525313,false,חטיפי סלים דליס קריספי שוקולד מרבה 125 גרם,סלים דליס Slim Delis,,חטיף מרבה סלים דליס,גרמים,125.00,100 גרם,false,1,10.90,8.72,true,1,
<<<<<<< HEAD
7290014525665,false,מרבה על חלל עוגיות קקאו וסוכריות שוק חלב 140 יח',"מרבה בע""\מ",NL,עוגיות קקאו וסוכריות,גרמים,140.00,100 גרם,false,1,10.90,7.79,true,1,
=======
7290014525665,false,מרבה על חלל עוגיות קקאו וסוכריות שוק חלב 140 יח',ש.שסטוביץ בעמ,NL,עוגיות קקאו וסוכריות,גרמים,140.00,100 גרם,false,1,10.90,7.79,true,1,
7290014525672,false,מרבה על חלל עוגיות קקאו וסוכריות שוקולד חלב 140 גרם,ש.שסטוביץ בעמ,NL,עוגיות סוכריות ש.חלב,גרמים,140.00,100 גרם,false,1,10.90,7.79,true,1,
>>>>>>> d048ac2f4f281c9d788043ab4e81b61b0dbe3743
7290014628410,false,קרקר ירקות גינה 150 גרם,שורשי ציון,IL,קרקר ירקות גינה 150,גרמים,150.00,100 גרם,false,1,29.90,19.93,true,1,
7290014628427,false,קרקר ירוק 150 גרם,שורשי ציון,IL,קרקר ירוק 150 ג RAW,גרמים,150.00,100 גרם,false,1,29.90,19.93,true,1,
7290014628472,false,RAW קרקר כוסמת וציה 150 גרם,,IL,RAW קרקר כוסמת וציה,גרמים,150.00,100 גרם,false,1,26.90,17.93,true,1,
7290014634053,false,ריבת רוסמן לייט דובדבן 500 גרם,,,ריבת רוסמן לייט דובד,גרמים,500.00,100 גרם,false,1,27.90,5.58,true,1,
7290014634077,false,ריבת רוסמן לייט תות שדה 500 גרם,הדרום תעשיות מזון בע,,ריבת רוסמן לייט תות,גרמים,500.00,100 גרם,false,1,27.90,5.58,true,1,
<<<<<<< HEAD
7290014648098,false,סכיני גילוח חד פעמי לה בלה חמישיה,,,סכיני גילוח חד פעמי,Unknown,0.00,Unknown,false,1,12.80,12.80,true,1,
7290014673397,false,תיבול לגריל עוף תבליני מימון 250 גרם,א.ל ייצור ושיווק תבל,,תיבול לגריל עוף 250,גרמים,250.00,100 גרם,false,1,22.90,9.16,true,1,
7290014673403,false,פלפל שחור טחון תבליני מימון 250 גרם,א.ל ייצור ושיווק תבל,,פלפל שחור טחון 250 ג,גרמים,250.00,100 גרם,false,1,31.50,12.60,true,1,
7290014673410,false,פלפל שחור גרוס דק תבליני מימון 250 גרם,א.ל ייצור ושיווק תבלינים,,פלפל שחור גרוס דק 25,גרמים,250.00,100 גרם,false,1,30.90,12.36,true,1,
7290014673434,false,פלפל שחור גרוס דק שקית תבליני מימון 80גרם,א.ל ייצור ושיווק תבל,,פלפל שחור גרוס 80 גר,Unknown,0.00,Unknown,false,1,9.90,9.90,true,1,
7290014692305,false,גבינת קממבר EURO CHEESE ויליפוד 125 גרם,הנסיך- מפעל לייצור ט,,גבינת קממבר 125 גר,גרמים,125.00,100 גרם,false,1,20.90,16.72,true,1,
7290014692541,false,צהובה מגורדת גולדן 500 גרם ויליפוד,ג.וילי פוד אינטרנשיו,,צהובה מגורדת גולדן 5,גרמים,500.00,100 גרם,false,1,19.70,3.94,true,1,
7290014692817,false,גבינת מוצרלה מגורדתEURO CHEESE ויליפוד 200 גרם,הנסיך- מפעל לייצור ט,IL,גבינת מוצרלה מגורדת,גרמים,200.00,100 גרם,false,1,14.60,7.30,true,1,
7290014749245,false,ספיישל רצועות שניצל שומשום עוף טוב 600 גרם,מוצרי עוף טוב (2001) בע\,,צונגו רצועות שניצל ש,גרמים,600.00,100 גרם,false,1,34.90,5.82,true,1,
7290014749764,false,עוף טוב שניצל עוף ביתי עדין כזה 700 גרם,מוצרי עוף טוב (2001) בע\,,עוף טוב שניצל עוף בי,גרמים,700.00,100 גרם,false,1,44.90,6.41,true,1,
7290014753372,false,קרם אובלפיחה אנטי אייג`ינג 50 מ`ל,,,קרם אובלפיחה אנטי אי,Unknown,0.00,Unknown,false,1,49.90,49.90,true,1,
7290014758100,false,מאגדת יוגורט ביו 3% שומן 8 יח' *150ג' תנובה,מיוצר עי קונדיטוריית,,שמיניית מאגדת BIO,גרמים,150.00,100 גרם,false,1,16.90,11.27,true,1,
7290014758117,false,מאגדת יוגורט ביו 1.5% שומן 8 יח' *150 ג' תנובה,מיוצר עי קונדיטוריית,,שמיניית יוגורט ביו,קילוגרמים,0.00,"ק""ג",false,1,17.20,17.20,true,1,
7290014758162,false,חלב עיזים מלא 3.6% קרטון 1 ל' תנובה,תנובה מרכז שיתופי לש,,חלב עיזים מלא 3.6% ש,מיליליטרים,1000.00,"100 מ""ל",false,1,14.90,1.49,true,1,
7290014759084,false,גבינת שמנת נפוליאון 16% מופחת שומן תנובה 225 גרם,תנובה מרכז שיתופי לש,,נפוליאון מופחת שומן,גרמים,225.00,100 גרם,false,1,13.90,6.18,true,1,
7290014759909,false,פטה עיזים 5% פיראוס גביע 250 גרם,"תנובה, מחלבת טנא נוג",,גבינה פטה עזים פיראו,גרמים,250.00,100 גרם,false,1,28.40,11.36,true,1,
7290014759978,false,גבינת קצקבל גלעד 27% תנובה 200 גרם,תנובה חלב,,קולאז קשקבל גלעד פלח,גרמים,200.00,100 גרם,false,1,26.60,13.30,true,1,
7290014759985,false,גבינת פרמזן גבע 23% תנובה 200 גרם,תנובה חלב,,קולאז פרמזן גבע פלח,גרמים,200.00,100 גרם,false,1,25.50,12.75,true,1,
7290014759992,false,גבינת רוקפור גליל פלח 140 ג' תנובה,"תנובה, מחלבת תל יוסף",,קולאז רוקפור גליל פל,גרמים,140.00,100 גרם,false,1,19.40,13.86,true,1,
7290014760134,false,"מעדן סויה בטעם וניל תנובה 125 מ""ל",תנובה Alternative,,מעדן סויה וניל,גרמים,125.00,100 גרם,false,1,4.60,3.68,true,1,
7290014760141,false,משקה שקדים תנובה E אלטרנטיב,תנובה Alternative,,משקה שקדים טרי 1 ליט,מיליליטרים,1000.00,"100 מ""ל",false,1,12.90,1.29,true,1,
=======
7290014648098,false,סכיני גילוח חד פעמי לה בלה חמישיה,פארמה דיל (פ.א.ב.) שיווק והפצה,,סכיני גילוח חד פעמי,Unknown,0.00,Unknown,false,1,12.80,12.80,true,1,
7290014673021,false,פלפל שחור שלם תבליני מימון (100 גרם),א.ל.ייצור ושיווק תבלינים בעמ,,פלפל שחור שלם 100 גר,גרמים,100.00,100 גרם,false,1,15.50,15.50,true,1,
7290014673397,false,תיבול לגריל עוף תבליני מימון 250 גרם,א.ל. ייצור ושיווק תבלינים בע`מ,,תיבול לגריל עוף 250,גרמים,250.00,100 גרם,false,1,22.90,9.16,true,1,
7290014673403,false,פלפל שחור טחון תבליני מימון (250 גרם),א.ל. ייצור ושיווק תבלינים בע`מ,,פלפל שחור טחון 250 ג,גרמים,250.00,100 גרם,false,1,31.50,12.60,true,1,
7290014673410,false,פלפל שחור גרוס דק תבליני מימון 250 גרם,א.ל. ייצור ושיווק תבלינים בע`מ,,פלפל שחור גרוס דק 25,גרמים,250.00,100 גרם,false,1,30.90,12.36,true,1,
7290014673434,false,פלפל שחור גרוס דק שקית תבליני מימון 80גרם,א.ל.ייצור ושיווק תבלינים בעמ,,פלפל שחור גרוס 80 גר,Unknown,0.00,Unknown,false,1,9.90,9.90,true,1,
7290014673618,false,תבלינים זנגביל בצנצנת 30 גרם,א.ל. ייצור ושיווק תבלינים בע`מ,,תבלינים זנגביל בצנצנ,Unknown,0.00,Unknown,false,1,11.80,11.80,true,1,
7290014692305,false,גבינת קממבר EURO CHEESE ויליפוד 125 גרם,ג.וילי-פוד אינטרנשיונל **גבינו,,גבינת קממבר 125 גר,גרמים,125.00,100 גרם,false,1,20.90,16.72,true,1,
7290014692541,false,צהובה מגורדת גולדן 500 גרם ויליפוד,ג.וילי-פוד אינטרנשיונל **גבינו,,צהובה מגורדת גולדן 5,גרמים,500.00,100 גרם,false,1,19.70,3.94,true,1,
7290014692817,false,גבינת מוצרלה מגורדתEURO CHEESE ויליפוד 200 גרם,ג.וילי-פוד אינטרנשיונל **גבינו,IL,גבינת מוצרלה מגורדת,גרמים,200.00,100 גרם,false,1,14.60,7.30,true,1,
7290014749245,false,ספיישל רצועות שניצל שומשום עוף טוב 600 גרם,קבוצת אוסם סחר שותפות מוגבלת,,צונגו רצועות שניצל ש,גרמים,600.00,100 גרם,false,1,34.90,5.82,true,1,
7290014749764,false,עוף טוב שניצל עוף ביתי עדין כזה 700 גרם,קבוצת אוסם סחר שותפות מוגבלת,,עוף טוב שניצל עוף בי,גרמים,700.00,100 גרם,false,1,44.90,6.41,true,1,
7290014753372,false,קרם אובלפיחה אנטי אייג`ינג 50 מ`ל,,,קרם אובלפיחה אנטי אי,Unknown,0.00,Unknown,false,1,49.90,49.90,true,1,
7290014758100,false,מאגדת יוגורט ביו 3% שומן 8 יח' *150ג' תנובה,מיוצר עי קונדיטוריית,,שמיניית מאגדת BIO,גרמים,150.00,100 גרם,false,1,16.90,11.27,true,1,
7290014758117,false,מאגדת יוגורט ביו 1.5% שומן 8 יח' *150 ג' תנובה,מיוצר עי קונדיטוריית,,שמיניית יוגורט ביו,קילוגרמים,0.00,"ק""ג",false,1,17.20,17.20,true,1,
7290014758162,false,חלב עיזים מלא 3.6% שומן תנובה (1 ליטר),תנובה מרכז שיתופי לש,,חלב עיזים מלא 3.6% ש,מיליליטרים,1000.00,"100 מ""ל",false,1,14.90,1.49,true,1,
7290014759084,false,גבינת שמנת נפוליאון 16% מופחת שומן תנובה 225 גרם,תנובה מרכז שיתופי לש,,נפוליאון מופחת שומן,גרמים,225.00,100 גרם,false,1,13.90,6.18,true,1,
7290014759909,false,פטה עיזים 5% 250 גר`גביע פיראוס תנובה,"תנובה, מחלבת טנא נוג",,גבינה פטה עזים פיראו,גרמים,250.00,100 גרם,false,1,28.40,11.36,true,1,
7290014759978,false,קצ`קאבל פלח גלעד 200 גר`קולקשיין תנובה,"תנובה בע""מ ***",,קולאז קשקבל גלעד פלח,גרמים,200.00,100 גרם,false,1,26.60,13.30,true,1,
7290014759985,false,פרמזן פלח גבע 23% 200 גר`קולקשיין תנובה,תנובה - חלב,,קולאז פרמזן גבע פלח,גרמים,200.00,100 גרם,false,1,25.50,12.75,true,1,
7290014759992,false,פלח רוקפור גליל 26% 140 גר`קולקשיין תנו,"תנובה, מחלבת תל יוסף",,קולאז רוקפור גליל פל,גרמים,140.00,100 גרם,false,1,19.40,13.86,true,1,
7290014760134,false,"מעדן סויה בטעם וניל תנובה 125 מ""ל","תנובה בע""מ ***",,מעדן סויה וניל,גרמים,125.00,100 גרם,false,1,4.60,3.68,true,1,
7290014760141,false,משקה שקדים טרי תנובה (1 ליטר),"תנובה בע""מ ***",,משקה שקדים טרי 1 ליט,מיליליטרים,1000.00,"100 מ""ל",false,1,12.90,1.29,true,1,
>>>>>>> d048ac2f4f281c9d788043ab4e81b61b0dbe3743
7290014760448,false,גבינה צהובה גלבוע 400 גרם 22% שומן תנובה,מחלבת בית יצחק,,גלבוע פרוס 22% 400 ג,גרמים,400.00,100 גרם,false,1,23.90,5.98,true,1,
7290014760912,false,גבינה צהובה 28% מהדרין גוש חלב (400 גרם),תנובה מרכז שיתופי לש,,מאגדת גוש חלב 28%,גרמים,400.00,100 גרם,false,1,26.00,6.50,true,1,
7290014761056,false,מעדן שוקולד חלב יולו תנובה 123 גרם,מיוצר עי קונדיטוריית,,יולו שוקולד חלב,גרמים,123.00,100 גרם,false,1,3.30,2.68,true,1,
7290014761063,false,מעדן שוקולד מריר יולו תנובה 123 גרם,מיוצר עי קונדיטוריית,,יולו שוקולד מריר,גרמים,123.00,100 גרם,false,1,3.30,2.68,true,1,
7290014761070,false,מעדן שוקולד לבן יולו תנובה 123 גרם,מיוצר עי קונדיטוריית,,YOLO שוקולד לבן מעול,גרמים,123.00,100 גרם,false,1,3.30,2.68,true,1,
7290014761193,false,יוגורט עם פירות יער 1.5% שומן 125 ג' פרילי,תנובה מרכז שיתופי לש,,פרילי פירות יער 125,גרמים,125.00,100 גרם,false,1,3.90,3.12,true,1,
7290014761612,false,מעדן שכבות שוקולד מריר ולבן יולו 122 גרם,מיוצר עי קונדיטוריית,,YOLO מעדן שכבות שוקו,גרמים,123.00,100 גרם,false,1,4.70,3.82,true,1,
7290014762756,false,גבינת שמנת נפוליאון 16% עם בצל תנובה 225 גרם,תנובה - חלב,,נפוליאון 16%בטעם בצל,גרמים,225.00,100 גרם,false,1,13.90,6.18,true,1,
7290014762800,false,מעדן סויה שוקולד גביע 125 גרם אלטרנטיב,תנובה מרכז שיתופי לש,,מעדן סויה שוקולד 125,גרמים,125.00,100 גרם,false,1,4.80,3.84,true,1,
7290014762831,false,גבינת שמנת נפוליאון 16% עם פלפל חלפיניו תנובה 225 גרם,תנובה מרכז שיתופי לש,,גבינת שמנת נפוליאו 2,גרמים,225.00,100 גרם,false,1,13.90,6.18,true,1,
7290014762909,false,פתיתי מוצרלה השף הלבן 10% תוספת מתנה,"תנובה, מחלבת תל יוסף",IL,פתיתי מוצרלה השף הלב,גרמים,220.00,100 גרם,false,1,15.90,7.23,true,1,
7290014763098,false,קרם גבינת שמנת 5% עם פלפל שום ובצל 200 ג' תנובה,תנובה - חלב,,קרם גבינה שמנת 5% טו,גרמים,200.00,100 גרם,false,1,11.90,5.95,true,1,
7290014763272,false,יוגורט סויה BIO לשתיה תות ובננה אלטרנטיב,תות תעשיות מזון (201,,משקה סויה ביו תות בנ,מיליליטרים,250.00,"100 מ""ל",false,1,5.90,2.36,true,1,
7290014789913,false,עוגיות אוראו קרם בטעם וניל מארז 176 גרם,דיפלומט מפיצים (1968) בעמ**,,מארז עוגיות אוראו עם,גרמים,528.00,100 גרם,false,1,21.90,4.15,true,1,
7290014803213,false,"חומץ יין לבן 5% 500מ""ל נאמן",נאמן לאורך זמן בעמ,,חומץ יין לבן 500 מ`ל,מיליליטרים,500.00,"100 מ""ל",false,1,15.60,3.12,true,1,
7290014803237,false,ערמונים קלופים וקלויים 100 גרם,TANGSHAN,,ערמונים קלופים וקלוי,גרמים,100.00,100 גרם,false,1,7.20,7.20,true,1,
<<<<<<< HEAD
=======
7290014860070,false,"מקלוני אורז ללא גלוטן 5 מ""מ 454גר' (אור)",מזרח ומערב יבוא ושיווק,,מקלות אורז ללא גלוטן,גרמים,454.00,100 גרם,false,1,11.40,2.51,true,1,
>>>>>>> d048ac2f4f281c9d788043ab4e81b61b0dbe3743
7290014890145,false,גבינת שמנת טבעי 225 גרם יעקובס,גבינות משק יעקבס,,שמנת טבעית 25% 225 ג,גרמים,225.00,100 גרם,false,1,11.40,5.07,true,1,
7290014890152,false,גבינת שמנת זיתים 225 גרם יעקובס,גבינות משק יעקבס,,שמנת זיתים 25% 225 ג,גרמים,225.00,100 גרם,false,1,11.40,5.07,true,1,
7290014890176,false,ריקוטה סגנון איטלק5% 250,מחלבת משק יעקובס,IL,גבינת ריקוטה 250 גרם,גרמים,250.00,100 גרם,false,1,12.50,5.00,true,1,
7290014890190,false,גבינת מוצרלה כדור 100 גר,מחלבת משק יעקובס,IL,גבינת מוצרלה כדור 10,גרמים,100.00,100 גרם,false,1,10.90,10.90,true,1,
7290014890206,false,קרם פרש 250גרם יעקוב,מחלבת משק יעקובס,IL,קרם פרש 250 גר,גרמים,250.00,100 גרם,false,1,15.50,6.20,true,1,
<<<<<<< HEAD
7290014905368,false,מטליות דמויות בד עוד ועוד הפי יעקבי,יעקובי הפי,,מטליות עוד ועוד הפי,Unknown,0.00,Unknown,false,1,10.80,10.80,true,1,
7290014905689,false,"נוזל כלים הפי מרוכז 24% תפוח 750 מ""ל",יעקובי הפי,,הפי נוזל כלים ירוק ת,מיליליטרים,750.00,"100 מ""ל",false,1,11.90,1.59,true,1,
=======
7290014905368,false,הפי עוד ועוד--מטלית דמוית בד--גליל לב,יעקב יעקבי ובניו בעמ,,מטליות עוד ועוד הפי,Unknown,0.00,Unknown,false,1,10.80,10.80,true,1,
7290014905689,false,"נוזל כלים הפי מרוכז 24% תפוח 750 מ""ל","יעקב יעקבי ובניו בע""מ",,הפי נוזל כלים ירוק ת,מיליליטרים,750.00,"100 מ""ל",false,1,11.90,1.59,true,1,
>>>>>>> d048ac2f4f281c9d788043ab4e81b61b0dbe3743
7290014910461,false,"ערק יודה 700 מ""ל כשל",בני בהיג'\ קעואר לתעשייה,IL,"ערק יודה 700 מ""ל",מיליליטרים,700.00,"100 מ""ל",false,1,59.90,8.56,true,1,
7290014910515,false,שימורי דגים שפרוטים מעושנים בשמן צמחי 250 גרם,יורוסטנדרט בעמ,,שימורי שפרוטים מעוש,גרמים,250.00,100 גרם,false,1,12.50,5.00,true,1,
7290014931077,false,עירית עם השורש יחידה,תעשיות תמרוקים שיק 1,,עירית,יחידה,1.00,יחידה,false,1,7.90,7.90,true,1,
7290014947047,false,פריכיות כוסמת עם מלח 175 גרם,י.איטליאנו אחזקות בעמ,IL,פריכיות כוסמת עם מלח,גרמים,175.00,100 גרם,false,1,10.90,6.23,true,1,
7290014973077,false,סלמון הילטון בוואקום,"הרמס דגים בע""מ",,סלמון 200 גר,גרמים,200.00,100 גרם,false,1,46.90,23.45,true,1,
7290014973558,false,פילה סלמון גרבלקס הר,"הרמס דגים בע""מ",,גרבלקס 200 גר,גרמים,200.00,100 גרם,false,1,49.90,24.95,true,1,
7290014974562,false,גביעי גלידה רגיל טילון עלמה גילרו 24 יח',"א.ג גילרו בע""\מ",,גביעי גלידה 24 יח 12,גרמים,120.00,100 גרם,false,1,7.90,6.58,true,1,
7290015009119,false,עלי טורטייה מקמח תירס 360 גרם,פרינסיס און וה אונלו,,עלי טורטייה מקמח תיר,גרמים,360.00,100 גרם,false,1,16.00,4.44,true,1,
7290015009126,false,עלי טורטייה מקמח מלא 420 גר 25 סמ,לווליה,,עלי טורטייה מקמח מלא,גרמים,420.00,100 גרם,false,1,16.00,3.81,true,1,
7290015009300,false,עלי טורטייה מקמח תירס 360 גרם,פרינסס,,עלי טורטייה מקמח תיר,גרמים,360.00,100 גרם,false,1,15.60,4.33,true,1,
7290015009409,false,זיתים שחורים מזן טאסוס במלח 250 גרם,אידיאל סנייק,GR,זיתים שחורים מזן טאס,גרמים,250.00,100 גרם,false,1,19.40,7.76,true,1,
7290015129749,false,סקיני פסטה שיבולת שועל נודלס 270 גרם,הוויזאי וואנגייה,CN,סקיני פסטה שיבולת שו,גרמים,270.00,100 גרם,false,1,9.90,3.67,true,1,
<<<<<<< HEAD
7290015150088,false,מחית עגבניות קלה גרנד איטליה 700 גרם,שוורצקוף& הנקל דיסלד,,מחית עגבניות גראנד א,גרמים,700.00,100 גרם,false,1,12.30,1.76,true,1,
7290015150118,false,שלישיית עגבניות חתוכות דק גרנד איטליה 400 גרם,אמיליאנה קונסרב ס.פ.,,עגבניות חתוכות דק בל,גרמים,1200.00,100 גרם,false,1,17.60,1.47,true,1,
7290015150583,false,תה ירוק לימון ודבש ויסוצקי 25 יחידות,ויסוצקי ירוק,,תה ירוק לימון ודבש 2,Unknown,0.00,Unknown,false,1,24.90,24.90,true,1,
7290015150729,false,תה ירוק סקיני גריני ויסוצקי 25 יחידות,תה ויסוצקי,,תה ירקוק סקיני גריני,Unknown,0.00,Unknown,false,1,24.90,24.90,true,1,
7290015155021,false,פרמיו חטיף דנטלי לכלב ננסי 110גרם,רונדו,,פרמיו חטיף דנטלי לכל,גרמים,110.00,100 גרם,false,1,9.90,9.00,true,1,
7290015155250,false,פרמיו חטיף כריות סלמון 60 גר,פרמיו Premio,,פרמיו כריות סלמון לח,גרמים,60.00,100 גרם,false,1,14.90,24.83,true,1,
7290015155274,false,פרמיו כריות ביוטי לחתול 60ג,פרמיו Premio,,פרמיו כריות ביוטי לח,גרמים,60.00,100 גרם,false,1,14.90,24.83,true,1,
7290015155823,false,מחית תפוחי עץ חטיפטף ללא תוספת סוכר,פרוטה פודיווין איי.א,,מחית תפוח חטיפטף פרי,גרמים,120.00,100 גרם,false,1,6.50,5.42,true,1,
7290015155830,false,מחית תפוחי עץ ובננה חטיפטף ללא תוספת סוכר,פרוטה פודווין איי.אס,,מחית תפוח בננה חטיפט,גרמים,120.00,100 גרם,false,1,6.50,5.42,true,1,
7290015155847,false,מחית סלט פירות חטיפטף ללא תוספת סוכר,פרוטה פודיווין איי.א,,מחית סלט פירות חטיפט,גרמים,120.00,100 גרם,false,1,6.50,5.42,true,1,
7290015156653,false,פרמיו חטיף לבבות ברווז 100ג',,,חטיף פרמיו אוהבי בר,Unknown,0.00,Unknown,false,1,16.90,16.90,true,1,
7290015156769,false,מחית פרינוק פאוץ' תפוח ואוכמניות 120 גרם,פרוטה פודווין איי.אס,CZ,מחית פרינוק פאוץ תפו,גרמים,120.00,100 גרם,false,1,6.50,5.42,true,1,
7290015156776,false,מחית פירות טרופיים חטיפטף ללא תוספת סוכר,פרוטה פודווין איי.אס,,מחית פרינוק פירות,גרמים,120.00,100 גרם,false,1,6.50,5.42,true,1,
7290015156790,false,מחית לפתן פירות חטיפטף ללא תוספת סוכר,פרוטה פודווין איי.אס,,מחית פרינוק לפתן,גרמים,120.00,100 גרם,false,1,6.50,5.42,true,1,
7290015156813,false,פאוץ' מחית פירות מעורבים פרינוק 120 גרם,פרוטה פודווין איי.אס,,מחית פרינוק פירות,גרמים,120.00,100 גרם,false,1,6.50,5.42,true,1,
7290015161206,false,קמח קוקוס אורגני ללא גלוטן 500 גרם- NUTR,נארה קוקולנד,,קמח קוקוס אורגני ללא,גרמים,500.00,100 גרם,false,1,19.90,3.98,true,1,
7290015161848,false,פת פריכה אורגנית ללא גלוטן - כוסמת וקינואה 100 גרם,אקסטרודו בצ'\יצה,CZ,"פת פריכה אורגנית לל""",גרמים,100.00,100 גרם,false,1,14.60,14.60,true,1,
7290015193832,false,קרקר עם שומשום ארומה 300 גרם,פפושדו,IL,קרקר עם שומשום ארומה,גרמים,300.00,100 גרם,false,1,7.90,2.63,true,1,
=======
7290015150088,false,מחית עגבניות קלה גרנד איטליה 700 גרם,תה ויסוצקי (ישראל) בעמ,,מחית עגבניות גראנד א,גרמים,700.00,100 גרם,false,1,12.30,1.76,true,1,
7290015150118,false,שלישיית עגבניות חתוכות דק גרנד איטליה 400 גרם,תה ויסוצקי (ישראל) בעמ,,עגבניות חתוכות דק בל,גרמים,1200.00,100 גרם,false,1,17.60,1.47,true,1,
7290015150583,false,תה ירוק בתוספת לימון ודבש ויסוצקי) (25,תה ויסוצקי (ישראל) בעמ,,תה ירוק לימון ודבש 2,Unknown,0.00,Unknown,false,1,24.90,24.90,true,1,
7290015150729,false,תה ירוק סקיני גריני ויסוצקי 25 יחידות,תה ויסוצקי (ישראל) בעמ,,תה ירקוק סקיני גריני,Unknown,0.00,Unknown,false,1,24.90,24.90,true,1,
7290015155021,false,פרמיו חטיף דנטלי לכלבים מגזע קטן110ג,שחורי אריה ואנסטסיה,,פרמיו חטיף דנטלי לכל,גרמים,110.00,100 גרם,false,1,9.90,9.00,true,1,
7290015155250,false,פרמיו חטיף כריות סלמון 60 גר`,גורי מוצרי צריכה (1991) בעמ,,פרמיו כריות סלמון לח,גרמים,60.00,100 גרם,false,1,14.90,24.83,true,1,
7290015155274,false,פרמיו כריות ביוטי לחתול 60ג,שחורי אריה ואנסטסיה,,פרמיו כריות ביוטי לח,גרמים,60.00,100 גרם,false,1,14.90,24.83,true,1,
7290015155823,false,מחית תפוחי עץ חטיפטף ללא תוספת סוכר,גורי מוצרי צריכה (1991) בעמ,,מחית תפוח חטיפטף פרי,גרמים,120.00,100 גרם,false,1,6.50,5.42,true,1,
7290015155830,false,מחית תפוחי עץ ובננה חטיפטף ללא תוספת סוכר,גורי מוצרי צריכה (1991) בעמ,,מחית תפוח בננה חטיפט,גרמים,120.00,100 גרם,false,1,6.50,5.42,true,1,
7290015155847,false,מחית סלט פירות חטיפטף ללא תוספת סוכר,גורי מוצרי צריכה (1991) בעמ,,מחית סלט פירות חטיפט,גרמים,120.00,100 גרם,false,1,6.50,5.42,true,1,
7290015156653,false,פרמיו חטיף לבבות ברווז 100ג',רנדי בעמ,,חטיף פרמיו אוהבי בר,Unknown,0.00,Unknown,false,1,16.90,16.90,true,1,
7290015156769,false,מחית פרינוק פאוץ' תפוח ואוכמניות 120 גרם,גורי מוצרי צריכה (1991) בעמ,CZ,מחית פרינוק פאוץ תפו,גרמים,120.00,100 גרם,false,1,6.50,5.42,true,1,
7290015156776,false,מחית פירות טרופיים חטיפטף ללא תוספת סוכר,גורי מוצרי צריכה (1991) בעמ,,מחית פרינוק פירות,גרמים,120.00,100 גרם,false,1,6.50,5.42,true,1,
7290015156790,false,מחית לפתן פירות חטיפטף ללא תוספת סוכר,גורי מוצרי צריכה (1991) בעמ,,מחית פרינוק לפתן,גרמים,120.00,100 גרם,false,1,6.50,5.42,true,1,
7290015156813,false,פאוץ' מחית פירות מעורבים פרינוק 120 גרם,גורי מוצרי צריכה (1991) בעמ,,מחית פרינוק פירות,גרמים,120.00,100 גרם,false,1,6.50,5.42,true,1,
7290015161206,false,קמח קוקוס אורגני ללא גלוטן 500 גר`נוטרה,י.איטליאנו אחזקות בעמ,,קמח קוקוס אורגני ללא,גרמים,500.00,100 גרם,false,1,19.90,3.98,true,1,
7290015161848,false,פת פריכה אורגנית ללא גלוטן - כוסמת וקינואה 100 גרם,י.איטליאנו אחזקות בעמ,CZ,"פת פריכה אורגנית לל""",גרמים,100.00,100 גרם,false,1,14.60,14.60,true,1,
7290015178273,false,רוטב מרינדה לעוף בגריל אוליביה 270 גר,תה ויסוצקי (ישראל)בעמ,IL,רוטב מרינדה לעוף בגר,גרמים,320.00,100 גרם,false,1,13.90,4.34,true,1,
7290015193832,false,קרקר עם שומשום ארומה 300 גרם,רזיט שיווק בעמ,IL,קרקר עם שומשום ארומה,גרמים,300.00,100 גרם,false,1,7.90,2.63,true,1,
>>>>>>> d048ac2f4f281c9d788043ab4e81b61b0dbe3743
7290015246095,false,ליקצי'ק - תמצית נבטי ליקופודיום,"ד""ר קיי DR. K",IL,ליקצק 30 מל,מיליליטרים,30.00,"100 מ""ל",false,1,65.00,216.67,true,1,
7290015282000,false,איקרא אדומה SEVEN SEAS 200 גרם,שבעת הימים - שמיר,IL,איקרה אדומה 200 גרם,גרמים,200.00,100 גרם,false,0,14.60,7.30,true,1,
7290015282024,false,איקרא לבנה SEVEN SEAS 200 גרם,שבעת הימים - שמיר,IL,איקרה לבנה 200 גרם,גרמים,200.00,100 גרם,false,0,14.60,7.30,true,1,
7290015282390,false,סלט תורכי 200 גרם שמיר,"סלטי שמיר 2006 בע""מ",,תורכי 200 גר,גרמים,200.00,100 גרם,false,1,13.50,6.75,true,1,
7290015282581,false,חומוס אבו גוש עם חריף שמיר 200 גרם,"סלטי שמיר 2006 בע""מ",,חומוס אבו גוש עם חרי,גרמים,200.00,100 גרם,false,1,11.00,5.50,true,1,
7290015282598,false,חומוס מסעדות גורמה שמיר 200 גרם,"סלטי שמיר 2006 בע""מ",,חומוס מסעדות 200 גר,גרמים,200.00,100 גרם,false,1,11.00,5.50,true,1,
7290015282604,false,טחינה מיוחדת גורמה שמיר 200 גרם,"סלטי שמיר 2006 בע""מ",,טחינה מיוחדת 200 גר,גרמים,200.00,100 גרם,false,1,11.00,5.50,true,1,
7290015282628,false,חציל בטעם כבד גורמה שמיר 200 גרם,"סלטי שמיר 2006 בע""מ",,חציל בטעם כבד 200 גר,גרמים,200.00,100 גרם,false,1,13.50,6.75,true,1,
7290015282635,false,חומוס מסבחה גורמה שמיר 200 גרם,"סלטי שמיר 2006 בע""מ",,חומוס מסבחה 200 גר,גרמים,200.00,100 גרם,false,1,11.00,5.50,true,1,
7290015282642,false,חומוס אבו גוש גורמה שמיר 200 גרם,"סלטי שמיר 2006 בע""מ",,חומוס אבו גוש 200 גר,גרמים,200.00,100 גרם,false,1,11.00,5.50,true,1,
7290015282666,false,סלט טונה עם ירקות 200 גר,"סלטי שמיר 2006 בע""מ",,סלט טונה עם ירקות 20,גרמים,200.00,100 גרם,false,1,18.80,9.40,true,1,
7290015282673,false,חציל במיונז ביתי גורמה שמיר 200 גרם,"סלטי שמיר 2006 בע""מ",,חציל במיונז ביתי 200,גרמים,200.00,100 גרם,false,1,11.00,5.50,true,1,
7290015282680,false,קישוא בטעם כבד גורמה שמיר 200 גרם,"סלטי שמיר 2006 בע""מ",,קישוא בטעם כבד 200 ג,גרמים,200.00,100 גרם,false,1,13.50,6.75,true,1,
7290015282710,false,קוביות סלק גורמה שמיר 200 גרם,"סלטי שמיר 2006 בע""מ",,קוביות סלק 200 גר,גרמים,200.00,100 גרם,false,1,11.00,5.50,true,1,
7290015282741,false,חציל תאילנדי אסלי שמיר 200 ג',"סלטי שמיר 2006 בע""מ",,חציל תאילנדי 200 גר,גרמים,200.00,100 גרם,false,1,13.50,6.75,true,1,
7290015282796,false,"סלט תפו""א שמיר במיונז 200ג'","סלטי שמיר 2006 בע""מ",,תפוח אדמה 200 גר,גרמים,200.00,100 גרם,false,1,13.50,6.75,true,1,
7290015284011,false,מרכך לכל סוגי השיער ירקות ירוקים ECOLOVE,אורגניק זון,,מרכך לכל סוגי השיער,גרמים,500.00,100 גרם,false,1,32.90,6.58,true,1,
7290015284028,false,סבון גוף ירקות ירוקים 500 מל ECOLOVE,אורגניק זון,,סבון גוף ירקות ירוק,מיליליטרים,500.00,"100 מ""ל",false,1,32.90,6.58,true,1,
7290015284035,false,סבון ידיים ירקות ירוקים 500 מל ECOLOVE,אורגניק זון,,סבון ידיים ירקות ירו,מיליליטרים,500.00,"100 מ""ל",false,1,25.90,5.18,true,1,
7290015284042,false,שמפו לשיער רגיל/שמן ירקות אדומים ECOLOVE,אורגניק זון,,שמפו לשיער רגיל/שמן,גרמים,500.00,100 גרם,false,1,32.90,6.58,true,1,
7290015284066,false,סבון גוף ירקות אדומים 500 מל ECOLOVE,אורגניק זון,,סבון גוף ירקות אדומי,מיליליטרים,500.00,"100 מ""ל",false,1,32.90,6.58,true,1,
7290015284080,false,שמפו לשיער רגיל/יבש ירקות כתומים ECOLOVE,אורגניק זון,,שמפו לשיער רגיל/יבש,גרמים,500.00,100 גרם,false,1,32.90,6.58,true,1,
7290015284097,false,מרכך לשיער רגיל/יבש ירקות כתומים ECOLOVE,א.ל. ארמן,,מרכך לשיער רגיל/יבש,גרמים,500.00,100 גרם,false,1,32.90,6.58,true,1,
7290015284103,false,סבון גוף ירקות כתומים 500 מל ECOLOVE,אורגניק זון,,סבון גוף ירקות כתומי,מיליליטרים,500.00,"100 מ""ל",false,1,32.90,6.58,true,1,
7290015284110,false,סבון ידיים ירקות כתומים 500 מל ECOLOVE,אורגניק זון,,סבון ידיים ירקות כתו,מיליליטרים,500.00,"100 מ""ל",false,1,25.90,5.18,true,1,
7290015284202,false,ECOLOVE שמפו לשיער צבוע ויבש מאוד 500 מל,א.ל. ארמן,,ECOLOVE שמפו לשיער צ,מיליליטרים,500.00,"100 מ""ל",false,1,32.90,6.58,true,1,
7290015284233,false,ECOLOVE סבון ידיים לעור יבש 500 מל,א.ל. ארמן,,ECOLOVE סבון ידיים ל,מיליליטרים,500.00,"100 מ""ל",false,1,25.90,5.18,true,1,
7290015284240,false,ECOLOVE מסיכה לשיער צבוע ויבש מאוד 350 מ,א.ל. ארמן,,ECOLOVE מסיכה לשיער,מיליליטרים,350.00,"100 מ""ל",false,1,44.90,12.83,true,1,
7290015335614,false,מעדן ביו עם תות 150 גרם,טרופיקל דגיל תעשיות,IL,מעד ביו תות 150 גר,גרמים,150.00,100 גרם,false,1,7.90,5.27,true,1,
7290015335621,false,יוגונאט פירות יער 150גר' ניה,טרופיקל דגיל תעשיות,IL,מעד ביו פירות יער 15,גרמים,150.00,100 גרם,false,1,7.90,5.27,true,1,
7290015335638,false,מעד ביו דובדבן 150 גר,טרופיקל דגיל תעשיות,IL,מעד ביו דובדבן 150 ג,גרמים,150.00,100 גרם,false,1,7.90,5.27,true,1,
7290015340304,false,סילאן טבעי 900 גר' ל,,IL,סילאן טבעי 900 גרם,גרמים,900.00,100 גרם,false,1,19.90,2.21,true,1,
7290015340427,false,ממרח חרובים ללא סוכר,העידן האורגני,,"ממרח חרובים ללת""ס",גרמים,300.00,100 גרם,false,1,24.90,8.30,true,1,
7290015366663,false,"משחת שיניים מנטה עדין אקווה פרש 100 מ""ל",גלקסוסמיתקליין,,אקוה פרש משחת שיניים,Unknown,0.00,Unknown,false,1,10.40,10.40,true,1,
7290015366670,false,משחת שיניים בטעם מנטה אקוהפרש (100 מל),גלקסוסמיתקליין,,אקוה פרש משחת שיניים,Unknown,0.00,Unknown,false,1,10.40,10.40,true,1,
7290015366717,false,"מסיכה לשיער ארגן קוקוס סטייל 500 מ""ל",א.ל ארמן יצור תמרוקים,,מסיכה לשיער ארגן קוק,מיליליטרים,500.00,"100 מ""ל",false,1,32.40,6.48,true,1,
<<<<<<< HEAD
7290015395045,false,"קינואה בשקית שקדיה 400 גרם בד""ץ","שקדיה גבע תעשיות בע""",,קינואה 400 גרם חתם ס,גרמים,400.00,100 גרם,false,1,14.60,3.65,true,1,
7290015395960,false,בוטן רביולי בציפוי בטעם מלוח מתוק 150 ג,דין שיווק,IL,בוטן רביולי בציפוי ב,גרמים,150.00,100 גרם,false,1,15.90,10.60,true,1,
=======
7290015395045,false,"קינואה בשקית שקדיה 400 גרם בד""ץ",דין שיווק וקליה 2021 בעמ,,קינואה 400 גרם חתם ס,גרמים,400.00,100 גרם,false,1,14.60,3.65,true,1,
7290015395960,false,בוטן רביולי בציפוי בטעם מלוח מתוק 150 ג,דין שיווק וקליה 2021 בעמ,IL,בוטן רביולי בציפוי ב,גרמים,150.00,100 גרם,false,1,15.90,10.60,true,1,
>>>>>>> d048ac2f4f281c9d788043ab4e81b61b0dbe3743
7290015417136,false,עגבנית שרי אורגנית ארוז,ר.א.ן מוצרים טריים ב,,עגבנית שרי אורגנית,גרמים,400.00,100 גרם,false,1,14.90,3.73,true,1,
7290015417167,false,פלפל ביס אורגני,,,פלפל ביס אורגני,גרמים,200.00,100 גרם,false,1,11.90,5.95,true,1,
7290015417242,false,מלפפון מיני אורגני ארוז,,,מלפפון מיני אורגני א,גרמים,350.00,100 גרם,false,1,12.90,3.69,true,1,
7290015429009,false,דנסיטי - תוסף סידן אמורפי,AMORFICAL,,דנסיטי- סידן אמורפי,Unknown,0.00,Unknown,false,1,199.90,199.90,true,1,
7290015458702,false,סבון גוף פטשולי וניל 400,LAVIDO,,סבון גוף פטשולי וניל,Unknown,0.00,Unknown,false,1,69.90,69.90,true,1,
7290015458719,false,סבון גוף הדרים,,,סבון גוף הדרים,Unknown,0.00,Unknown,false,1,69.90,69.90,true,1,
7290015459303,false,סבון גוף ארומתרפי לבנדר,LAVIDO,,סבון גוף ארומתרפי לב,קילוגרמים,0.00,"ק""ג",false,1,69.90,69.90,true,1,
7290015470094,false,טבלאות שוקולד טוסו מר`שוקולד תפוז 100ג,דנשר (1963) בעמ,,טוסו שוקולד מריר תפו,גרמים,100.00,100 גרם,false,1,13.50,13.50,true,1,
7290015528337,false,צלחת פלסטיק 9בינונית,,CN,צלחת פלסטיק 9בינונית,Unknown,1.00,Unknown,false,1,19.90,19.90,true,1,
7290015528825,false,צלחת 7 מתכלה אר 25 יח' דנטס,,IN,צלחת קטנה 7 מתכלה מ,Unknown,1.00,Unknown,false,1,10.40,10.40,true,1,
7290015528832,false,צלחת 9 מתכלה אר' 25 יח' דנטס,,IN,צלחת 9 בינוני מתכלה,Unknown,1.00,Unknown,false,1,12.10,12.10,true,1,
7290015528849,false,צלחת 10 מתכלה אר' 25 יח' דנטס,,IN,צלחת 10 ענקית מתכלה,Unknown,1.00,Unknown,false,1,15.60,15.60,true,1,
7290015528870,false,ליפתנית מתכלה אר' 25 יח' דנטס,,IN,ליפתנית 200 מל מתכלה,Unknown,1.00,Unknown,false,1,5.90,5.90,true,1,
7290015599054,false,פרוסות צהובה טבעונית בטעם גבינת צ'דר,וגה מוצרים טבעוניים VEGA,,צהובה טבעונית 200 ג,גרמים,200.00,100 גרם,false,1,24.30,12.15,true,1,
7290015599283,false,אבקת בסיס לחביתה טבעונית 250 גר,א.ל.ייצור ושיווק תבלינים,,אבקת בסיס לחביתה טבע,גרמים,250.00,100 גרם,false,1,24.90,9.96,true,1,
7290015599504,false,VEGA ממרח בטעם חמאה אורגני 225 גרם,גוד פוד פרודקטס S.p,DK,ממרח בטעם חמאה אורגנ,גרמים,225.00,100 גרם,false,1,20.90,9.29,true,1,
7290015603188,false,אטריות ביצים 454ג' (כ) (fu),פוגיאן לונגהי אנלידה אינ,,אטריות ביצים 454 גרם,גרמים,454.00,100 גרם,false,1,10.90,2.40,true,1,
7290015603522,false,"נוזל אגוזי קוקוס 5%-7% 400 מ""ל",מזרח ומערב יבוא ושיווק,,נוזל אגוזי קוקוס 5-7,מיליליטרים,400.00,"100 מ""ל",false,1,7.30,1.83,true,1,
7290015603546,false,"שימורי קרם קוקוס 17-19% 400 מ""ל (ASIATIC)(כ)",מזרח ומערב יבוא ושיווק,,שימורי קרם קוקוס 17-,מיליליטרים,400.00,"100 מ""ל",false,1,9.90,2.48,true,1,
7290015603560,false,"שימורי קרם קוקוס 20-22% 400 מ""ל (ASIATIC)(כ)",אסיאטיק אגרו אינדוסטרי,,שימורי קרם קוקוס 20-,מיליליטרים,400.00,"100 מ""ל",false,1,9.90,2.48,true,1,
<<<<<<< HEAD
7290015603591,false,גינגר ורוד כבוש ללא מונוסודיום 160 גרם,ננטונג הידה אקוטיק פ,,גינגר כבוש וורוד 160,גרמים,160.00,100 גרם,false,1,8.30,5.19,true,1,
=======
7290015603584,false,ג'ינגר לבן כבוש ללא מונוסודיום 160 גרם (כ),מזרח ומערב יבוא ושיווק,,גינגר לבן כבוש ללא מ,גרמים,160.00,100 גרם,false,1,7.90,4.94,true,1,
>>>>>>> d048ac2f4f281c9d788043ab4e81b61b0dbe3743
7290015634120,false,יין עמק האלה אוורד לבן 2015 750 מל,עמק האלה,,יין עמק האלה אוורד ל,Unknown,0.00,Unknown,false,1,44.90,44.90,true,1,
7290015634175,false,עמק האלה אוור רד ק.סוביניון 2015 750 מל,,,עמק האלה אוור רד קבר,Unknown,0.00,Unknown,false,1,44.90,44.90,true,1,
7290015634182,false,עמק האלה אוורד קברנה/ מרלו 2015 750 מל,עמק האלה,,עמק האלה אוורד אדום,Unknown,0.00,Unknown,false,1,44.90,44.90,true,1,
7290015634618,false,"יין מייק א ווישעמק האלה לבן 750 מ""ל",יקב עמק האלה,IL,יין מייק א וויש עמק,Unknown,0.00,Unknown,false,1,89.90,89.90,true,1,
7290015634649,false,מייק א וויש עמק האלה רוזה חצי יבש 750 מל,,IL,מייק א וויש עמק האלה,Unknown,0.00,Unknown,false,1,89.90,89.90,true,1,
<<<<<<< HEAD
7290015652070,false,קשוי קלוי בשקית ששון הקולה 150 גרם,"דין שיווק וקלייה בע""",,קשיו קלוי 150 גרם שש,גרמים,150.00,100 גרם,false,1,13.50,9.00,true,1,
7290015652087,false,תערובת פיצוחים בשקית ששון הקולה 150 גרם,דין שיווק,,תערובת פיצוחים 150 ג,גרמים,150.00,100 גרם,false,1,13.30,8.87,true,1,
7290015652124,false,"רוטב סריראציה חריף מאוד 450 מ""ל אהרוני",פודס אוף רוצסטר,,רוטב סריראצה חריף מא,גרמים,450.00,100 גרם,false,1,17.20,3.82,true,1,
7290015652278,false,תערובת פיצוחים ששון הקולה 300 גרם,"דין שיווק וקלייה בע""",,תערובת פיצוחים 250 ג,גרמים,250.00,100 גרם,false,1,20.00,8.00,true,1,
7290015652315,false,חמוציות מסוכרות ששון הקולה 300 גרם,"דין שיווק וקלייה בע""",,חמוציות מסוכרות 300,גרמים,300.00,100 גרם,false,1,10.00,3.33,true,1,
=======
7290015652070,false,קשוי קלוי בשקית ששון הקולה 150 גרם,דין שיווק וקליה 2021 בעמ,,קשיו קלוי 150 גרם שש,גרמים,150.00,100 גרם,false,1,13.50,9.00,true,1,
7290015652087,false,תערובת פיצוחים בשקית ששון הקולה 150 גרם,דין שיווק וקליה 2021 בעמ,,תערובת פיצוחים 150 ג,גרמים,150.00,100 גרם,false,1,13.30,8.87,true,1,
7290015652124,false,"רוטב סריראציה חריף מאוד 450 מ""ל אהרוני",דין שיווק וקליה 2021 בעמ,,רוטב סריראצה חריף מא,גרמים,450.00,100 גרם,false,1,17.20,3.82,true,1,
7290015652278,false,תערובת פיצוחים ששון הקולה 300 גרם,דין שיווק וקליה 2021 בעמ,,תערובת פיצוחים 250 ג,גרמים,250.00,100 גרם,false,1,20.00,8.00,true,1,
7290015652315,false,חמוציות מסוכרות ששון הקולה (300 גרם),דין שיווק וקליה 2021 בעמ,,חמוציות מסוכרות 300,גרמים,300.00,100 גרם,false,1,10.00,3.33,true,1,
>>>>>>> d048ac2f4f281c9d788043ab4e81b61b0dbe3743
7290015670203,false,מטבעות מרסי מיקס גרע,קונדיטוריה מרסי,IL,מטבעות פיצוחים,Unknown,0.00,Unknown,false,1,34.90,34.90,true,1,
7290015670630,false,עוגיות מרוקאיות בנגיעות קוקוס,קונדיטוריה מרסי,IL,עוגיות מרוקאיות בנגי,Unknown,0.00,Unknown,false,1,34.90,34.90,true,1,
7290015673181,false,המבורגר קליפורניה קלאסי עם ברוקולי טבע,טבע דלי,,בורגר מהצומח עם ברוק,גרמים,400.00,100 גרם,false,1,24.90,6.23,true,1,
7290015673464,false,שווארמה מן הצומח קפוא 400 גר,טבע דלי,,שווארמה מן הצומח קפו,גרמים,400.00,100 גרם,false,1,25.90,6.48,true,1,
7290015673570,false,קריספי טופו-נגיסי טופו מוכנים לאכילה,טבע דלי,IL,קריספי טופו מוכנים ל,גרמים,350.00,100 גרם,false,1,26.90,7.69,true,1,
7290015673587,false,קריספי טופו -נגיסי טופו אסייתי טבע דלי 350 גרם,טבע דלי,IL,קריספי טופו ברוטב אס,גרמים,350.00,100 גרם,false,1,26.90,7.69,true,1,
7290015673594,false,קריספי טופו. נגיסי טופו ברוטב בוטנים וקארי,טבע דלי,IL,קריספי טופו ברוטב בו,גרמים,350.00,100 גרם,false,1,26.90,7.69,true,1,
7290015695855,false,נבטי חמניה אורגני יח,הנבטים של אודי,,נבטי חמניה אורגני,Unknown,0.00,Unknown,false,1,10.90,10.90,true,1,
7290015695893,false,מיקס נבטוטים אורגני יח,אודי,,מיקס נבטוטים אורגני,Unknown,0.00,Unknown,false,1,10.90,10.90,true,1,
7290015695947,false,נבטי אפונה ירוקה לסל,הנבטים של אודי,,נבטי אפונה אורגניים,גרמים,60.00,100 גרם,false,1,10.90,18.17,true,1,
7290015733465,false,דייסת מטרנה גם וגם קרנפלור פרו 300 גרם,קבוצת אוסם סחר שותפות מוגבלת,,דייסת מטרנה גם וגם ק,גרמים,300.00,100 גרם,false,1,25.90,8.63,true,1,
7290015765404,false,זים GAZ אלטמן75טבליות,אלטמן,,זים (75) GAZ,Unknown,0.00,Unknown,false,1,62.90,62.90,true,1,
<<<<<<< HEAD
7290015781008,false,"יין VISION מרלו אדום טפרברג 750 מ""ל","יקב טפרברג 1870 בע""מ",,יין VISION מרלו 750,Unknown,0.00,Unknown,false,1,39.90,39.90,true,1,
7290015781169,false,"יין IMPRESSION קברנה סוביניון חצי יבש טפרברג 750 מ""ל","יקב טפרברג 1870 בע""מ",,יין IMPRES קברנה סוב,Unknown,0.00,Unknown,false,1,49.90,49.90,true,1,
7290015781275,false,"יין מוסקטו לבן 750 מ""ל MOSCATO","יקב טפרברג 1870 בע""מ",,יין MOSCATO מוסקטו ל,Unknown,0.00,Unknown,false,1,39.90,39.90,true,1,
7290015781282,false,"יין IMPRESSION גוורצטרמינר טפרברג 750 מ""ל",יקב טפרברג 1870,,יין IMPRES גוורצטרמי,Unknown,0.00,Unknown,false,1,49.90,49.90,true,1,
7290015858106,false,"ממרח פסטו ביתי 180 גרם ""עללחם""","מדשא תעשיות מזון בע""\מ",,מצונן פסטו ביתי 180,גרמים,180.00,100 גרם,false,1,16.90,9.39,true,1,
7290015858144,false,ממרח ארטישוק עללחם 180 גרם,"מדשא תעשיות מזון בע""\מ",IL,ממרח ארטישוק 180 גר,גרמים,180.00,100 גרם,false,1,16.90,9.39,true,1,
7290015858175,false,ממרח פלפלים קלויים עללחם 180 גרם,"מדשא תעשיות מזון בע""\מ",,ממרח פלפלים קלויים 1,גרמים,180.00,100 גרם,false,1,16.90,9.39,true,1,
7290015858229,false,"טפנד זיתי קלמטה 180 גרם ""עללחם""","מדשא תעשיות מזון בע""\מ",,מצונן טפנד זיתים,גרמים,180.00,100 גרם,false,1,16.90,9.39,true,1,
7290015858243,false,ממרח צימיצורי עללחם 180 גרם,"מדשא תעשיות מזון בע""\מ",,ממרח צימיצורי עללחם,גרמים,180.00,100 גרם,false,1,16.90,9.39,true,1,
7290015858694,false,עללחם ממרח איולי שום לימון 295 גרם,"מדשא תעשיות מזון בע""\מ",IL,איולי שום לימון עללח,גרמים,295.00,100 גרם,false,1,16.90,5.73,true,1,
7290015968133,false,אטב פרמיום כחול/לבן הוסטס 48 יח,H.J.E,,אטב פרמיום כחול/לבן,Unknown,0.00,Unknown,false,1,14.90,14.90,true,1,
7290015968140,false,אטב אחיזה רחבה בעיצוב איטלקי הוסטס 36 יח,H.J.E,,אטב אחיזה רחבה בעיצו,Unknown,0.00,Unknown,false,1,14.90,14.90,true,1,
7290015977104,false,לוח חיתוך 20*15במבוק ארקוסטיל,,,לוח חיתוך במבוק 20X1,Unknown,0.00,Unknown,false,1,21.90,21.90,true,1,
7290016006025,false,שוופס סודה 0.50 ליטר בקבוק,יפאורה תבורי בעמ,,שוופס סודה שרינק 500,מיליליטרים,500.00,"100 מ""ל",false,1,2.90,0.58,true,1,
7290016006322,false,מים מינרליים מי עדן,"מופק ממקור בזלתי עדן ,1",,מי עדן 1 ליטר,מיליליטרים,1000.00,"100 מ""ל",false,1,2.90,0.29,true,1,
7290016006339,false,מים מינרלים - מארז רביעייה,"מופק ממקור בזלתי עדן ,1",,רביעיית מי עדן 1 ליט,מיליליטרים,4000.00,"100 מ""ל",false,1,10.90,0.27,true,1,
7290016006346,false,שוופס סודה 0.5 ליטר מארז שישייה,יפאורה שותפות מובגלת לשיווק,,שישיית שוופס סודה 50,מיליליטרים,1500.00,"100 מ""ל",false,1,14.50,0.97,true,1,
7290016014020,false,רוזמרין,,,רוזמרין,קילוגרמים,0.00,"ק""ג",false,1,5.90,5.90,true,1,
7290016028447,false,נר נשמה 24 שעות,,CN,נר נשמה 24 שעות,Unknown,1.00,Unknown,false,1,2.20,2.20,true,1,
7290016028836,false,קש מתקפל צבעוני אר' 150 יח' דנטס,,CN,קשית מתקפלת צבעונית,Unknown,0.00,Unknown,false,1,8.30,8.30,true,1,
7290016077759,false,רוטב ברביקיו קלאסי היינץ 480 גרם,היינץ Heinz,,רוטב ברביקיו קלאסי 4,גרמים,480.00,100 גרם,false,1,17.90,3.73,true,1,
7290016077766,false,"שעועית אפויה ""היינץ"" 453 גרם",הייבורי קנקו,,היינץ שעועית אפויה 4,גרמים,453.00,100 גרם,false,1,8.90,1.96,true,1,
7290016087147,false,רוטב עגבניות מתובל לפיצה מרגריטה 240 גרם,פריניר,,רוטב עגבניות מתובל ל,גרמים,240.00,100 גרם,false,1,5.80,2.42,true,1,
7290016096491,false,נתחי טונה בהירה בשמן צמחי שלישיה *80ג' פילטונה,תעשיות פילטונה,IL,נתחי טונה בהירה בשמן,גרמים,240.00,100 גרם,false,1,11.90,4.96,true,1,
7290016114300,false,נייר טואלט דו שכבתי אורך כפול לבן לילי 16 גלילים,לילי נייר טואלט חוגלה,,נייר טואלט לילי לבן,מטרים,588.80,מטר,false,1,32.90,0.06,true,1,
7290016135541,false,פסטה ביצים 3 צבעים פוזילי 400 גר אוריינט,פ.פ.ה. טאביס,,פסטה ביצים 3 צבעים פ,גרמים,400.00,100 גרם,false,1,14.20,3.55,true,1,
=======
7290015781008,false,"יין VISION מרלו אדום טפרברג 750 מ""ל",יקב טפרברג 1870 בעמ (יינות ומש,,יין VISION מרלו 750,Unknown,0.00,Unknown,false,1,39.90,39.90,true,1,
7290015781169,false,"יין IMPRESSION קברנה סוביניון חצי יבש טפרברג 750 מ""ל",יקב טפרברג 1870 בעמ (יינות ומש,,יין IMPRES קברנה סוב,Unknown,0.00,Unknown,false,1,49.90,49.90,true,1,
7290015781275,false,יין לבן מוסקטו מתוק טפרברג (750 מל),יקב טפרברג 1870 בעמ (יינות ומש,,יין MOSCATO מוסקטו ל,Unknown,0.00,Unknown,false,1,39.90,39.90,true,1,
7290015781282,false,"יין IMPRESSION גוורצטרמינר טפרברג 750 מ""ל",יקב טפרברג 1870 בעמ (יינות ומש,,יין IMPRES גוורצטרמי,Unknown,0.00,Unknown,false,1,49.90,49.90,true,1,
7290015858106,false,"ממרח פסטו ביתי 180 גרם ""עללחם""",שטראוס גרופ בעמ/מצונן,,מצונן פסטו ביתי 180,גרמים,180.00,100 גרם,false,1,16.90,9.39,true,1,
7290015858144,false,ממרח ארטישוק עללחם 180 גרם,שטראוס גרופ בעמ/מצונן,IL,ממרח ארטישוק 180 גר,גרמים,180.00,100 גרם,false,1,16.90,9.39,true,1,
7290015858175,false,ממרח פלפלים קלויים עללחם 180 גרם,שטראוס גרופ בעמ/מצונן,,ממרח פלפלים קלויים 1,גרמים,180.00,100 גרם,false,1,16.90,9.39,true,1,
7290015858229,false,"טפנד זיתי קלמטה 180 גרם ""עללחם""",שטראוס גרופ בעמ/מצונן,,מצונן טפנד זיתים,גרמים,180.00,100 גרם,false,1,16.90,9.39,true,1,
7290015858694,false,עללחם ממרח איולי שום לימון 295 גרם,"מדשא תעשיות מזון בע""\מ",IL,איולי שום לימון עללח,גרמים,295.00,100 גרם,false,1,16.90,5.73,true,1,
7290015951227,false,"יין גמלא השמורה סירה 2021 750 מ""ל",מיוצר וממולא על ידי יקב,,יין גמלא סירה 2019 7,Unknown,0.00,Unknown,false,1,70.90,70.90,true,1,
7290015968133,false,אטבי פרמיום כחול/לבן 48 יח במארז,אינטרסן (1996) בעמ,,אטב פרמיום כחול/לבן,Unknown,0.00,Unknown,false,1,14.90,14.90,true,1,
7290015968140,false,אטב אחיזה רחבה בעיצוב איטלקי הוסטס 36 יח,אינטרסן (1996) בעמ,,אטב אחיזה רחבה בעיצו,Unknown,0.00,Unknown,false,1,14.90,14.90,true,1,
7290015977104,false,לוח חיתוך 20*15במבוק ארקוסטיל,,,לוח חיתוך במבוק 20X1,Unknown,0.00,Unknown,false,1,21.90,21.90,true,1,
7290015996983,false,סוכרלוז סוכרזית 0 קלוריות 100 שקיות,"שטראוס גרופ בע""מ",,סוכרזית סוכרלוז 0 קל,גרמים,136.00,100 גרם,false,1,35.90,26.40,true,1,
7290016006025,false,שוופס סודה 0.50 ליטר בקבוק,יפאורה שותפות מוגבלת לשיווק,,שוופס סודה שרינק 500,מיליליטרים,500.00,"100 מ""ל",false,1,2.90,0.58,true,1,
7290016006292,false,נקטר מנגו בננה מלון קרטונית 1 ל' ספרינג,יפאורה שותפות מוגבלת לשיווק,,קרטונית נקטר ספרינג,מיליליטרים,1000.00,"100 מ""ל",false,1,6.90,0.69,true,1,
7290016006322,false,מים מינרליים מי עדן,יפאורה שותפות מוגבלת לשיווק,,מי עדן 1 ליטר,מיליליטרים,1000.00,"100 מ""ל",false,1,2.90,0.29,true,1,
7290016006339,false,מים מינרלים מי עדן (1x4 ליטר),יפאורה שותפות מוגבלת לשיווק,,רביעיית מי עדן 1 ליט,מיליליטרים,4000.00,"100 מ""ל",false,1,10.90,0.27,true,1,
7290016006346,false,שוופס סודה 0.5 ליטר מארז שישייה,יפאורה שותפות מוגבלת לשיווק,,שישיית שוופס סודה 50,מיליליטרים,1500.00,"100 מ""ל",false,1,14.50,0.97,true,1,
7290016014020,false,רוזמרין,,,רוזמרין,קילוגרמים,0.00,"ק""ג",false,1,5.90,5.90,true,1,
7290016028447,false,נר נשמה 24 שעות,,CN,נר נשמה 24 שעות,Unknown,1.00,Unknown,false,1,2.20,2.20,true,1,
7290016028836,false,קש מתקפל צבעוני אר' 150 יח' דנטס,,CN,קשית מתקפלת צבעונית,Unknown,0.00,Unknown,false,1,8.30,8.30,true,1,
7290016035032,false,לחמניות פשתן מזרעי פשתן טחונים 250 גר,מאפית ביכורים,IL,לחמניות פשתן מזרעי פ,גרמים,250.00,100 גרם,false,1,19.90,7.96,true,1,
7290016077759,false,רוטב ברביקיו קלאסי היינץ 480 גרם,דיפלומט מפיצים (1968) בעמ**,,רוטב ברביקיו קלאסי 4,גרמים,480.00,100 גרם,false,1,17.90,3.73,true,1,
7290016077766,false,"שעועית אפויה ""היינץ"" 453 גרם",דיפלומט מפיצים (1968) בעמ**,,היינץ שעועית אפויה 4,גרמים,453.00,100 גרם,false,1,8.90,1.96,true,1,
7290016087147,false,רוטב עגבניות מתובל לפיצה מרגריטה 240 גרם,אבאל יזמות בעמ,,רוטב עגבניות מתובל ל,גרמים,240.00,100 גרם,false,1,5.80,2.42,true,1,
7290016096491,false,נתחי טונה בהירה בשמן צמחי שלישיה *80ג' פילטונה,תעשיות פיל טונה בעמ,IL,נתחי טונה בהירה בשמן,גרמים,240.00,100 גרם,false,1,11.90,4.96,true,1,
7290016114300,false,נייר טואלט דו שכבתי אורך כפול לבן לילי 16 גלילים,קימברלי קלארק ישראל שיווק בעמ,,נייר טואלט לילי לבן,מטרים,588.80,מטר,false,1,32.90,0.06,true,1,
7290016135541,false,פסטה ביצים 3 צבעים פוזילי 400 גר אוריינט,גורי מוצרי צריכה 1991 בע`מ,,פסטה ביצים 3 צבעים פ,גרמים,400.00,100 גרם,false,1,14.20,3.55,true,1,
>>>>>>> d048ac2f4f281c9d788043ab4e81b61b0dbe3743
7290016146004,false,קמח שקד מולבן 300 גרם,שקד תבור,,קמח שקד קלוף 300 גר,גרמים,300.00,100 גרם,false,1,24.90,8.30,true,1,
7290016146103,false,"סילאן טבעי לחיץ שקד תבור, 380 גרם","אלמונדס בע""מ",,סילאן טבעי לחיץ 500,גרמים,500.00,100 גרם,false,1,13.90,2.78,true,1,
7290016146448,false,שוקולד תבור 85% 100 גרם,לובקה,IL,שוקולד תבור 85% 100,גרמים,100.00,100 גרם,false,1,16.70,16.70,true,1,
7290016156409,false,מאפה קינואה כוסמת סלק טבעוני 330 גרם,,IL,קציצות עדשים חומות ו,גרמים,225.00,100 גרם,false,1,29.90,13.29,true,1,
7290016156447,false,מאפה כוסמת טבעוני 270 גרם,,,מאפה כוסמת טבעוני 27,גרמים,270.00,100 גרם,false,1,29.90,11.07,true,1,
<<<<<<< HEAD
7290016162219,false,כדורי שוקולד קוקוס קפולסקי 280 גר',תופינים מקבוצת קפולסקי,,כדורי שוקולד פרווה 2,גרמים,250.00,100 גרם,false,1,29.90,11.96,true,1,
7290016197488,false,מטליות מיקרופייבר למשטחים ניקול 3יח',חוגלה קימברלי,,ניקול מטלית קסם לשיש,Unknown,0.00,Unknown,false,1,11.90,11.90,true,1,
7290016197495,false,ניקול זוג מטליות הקסם מיקרופייבר לרצפה,חוגלה קימברלי,,ניקול מטלית קסם לרצפ,Unknown,0.00,Unknown,false,1,18.90,18.90,true,1,
7290016197600,false,דיפנד - תחבושת לנשים נורמל 12 יח',קימברלי קלארק,,דיפנד תחבושות נורמל,Unknown,0.00,Unknown,false,1,23.90,23.90,true,1,
7290016197877,false,שקיות אשפה לפחים בינוניים עם שרוך 50 * 53 ניקול 50 יחידות,"אשפלסט תעשיות בע""מ",,שקית לפחי אשפה קטנים,Unknown,0.00,Unknown,false,1,26.50,26.50,true,1,
=======
7290016162219,false,כדורי שוקולד פרווה קפולסקי (280 גרם),תופינים מקבוצת קפולסקי,,כדורי שוקולד פרווה 2,גרמים,250.00,100 גרם,false,1,29.90,11.96,true,1,
7290016162264,false,עוגת גבינה רנסנס קפולסקי (450 גרם),קפולסקי שיווק וקמעונ,,עוגת גבינה רנסנס 450,גרמים,450.00,100 גרם,false,1,41.90,9.31,true,1,
7290016197488,false,מטליות מיקרופייבר למשטחים ניקול 3יח',קימברלי קלארק ישראל שיווק בעמ,,ניקול מטלית קסם לשיש,Unknown,0.00,Unknown,false,1,11.90,11.90,true,1,
7290016197495,false,ניקול זוג מטליות הקסם מיקרופייבר לרצפה,קימברלי קלארק ישראל שיווק בעמ,,ניקול מטלית קסם לרצפ,Unknown,0.00,Unknown,false,1,18.90,18.90,true,1,
7290016197600,false,דיפנד - תחבושת לנשים נורמל 12 יח',קימברלי קלארק ישראל שיווק בעמ,,דיפנד תחבושות נורמל,Unknown,0.00,Unknown,false,1,23.90,23.90,true,1,
7290016197877,false,שקיות אשפה לפחים בינוניים עם שרוך 50 * 53 ניקול 50 יחידות,קימברלי קלארק ישראל שיווק בעמ,,שקית לפחי אשפה קטנים,Unknown,0.00,Unknown,false,1,26.50,26.50,true,1,
>>>>>>> d048ac2f4f281c9d788043ab4e81b61b0dbe3743
7290016217735,false,חציל על האש 200גרם גורמה,"סלטי שמיר 2006 בע""מ",,חציל על אש 200 גר,גרמים,200.00,100 גרם,false,1,11.00,5.50,true,1,
7290016217742,false,חציל בטחינה 200גרם גורמה,"סלטי שמיר 2006 בע""מ",,חציל על אש בטחינה 20,גרמים,200.00,100 גרם,false,1,11.00,5.50,true,1,
7290016217759,false,חציל מרוקאי 200גרם גורמה,"סלטי שמיר 2006 בע""מ",,חציל מרוקאי 200 גר,גרמים,200.00,100 גרם,false,1,13.50,6.75,true,1,
7290016217971,false,נסיכת הנילוס מעושנת חדש 100 גרם,שבעת הימים - שמיר,,נסיכת הנילוס מעושנת,גרמים,100.00,100 גרם,false,1,23.90,23.90,true,1,
7290016223279,false,מגרדת מיני ארקוסטיל,,,מגרדת מיני ארקוסטיל,Unknown,0.00,Unknown,false,1,9.90,9.90,true,1,
7290016233384,false,גפילטע פיש 7 קציצות תומר 555 גרם,דג טעים ירושלים,,גפילטע פיש 7 קציצות,גרמים,540.00,100 גרם,false,1,17.70,3.28,true,1,
7290016245318,false,לחם פשתן פרוס מזרעי פשתן טחונים 450 גר,ביכורים,IL,לחם פשתן פרוס מזרעי,גרמים,450.00,100 גרם,false,1,21.90,4.87,true,1,
<<<<<<< HEAD
7290016246209,false,"חטיף חלבה וניל 100 גרם ""בארכה""","רושדי תעשיות מזון בע""\מ",,חטיף חלבה וניל 100 ג,גרמים,100.00,100 גרם,false,1,3.90,3.90,true,1,
7290016246445,false,בארכה טחינה גולמית מעודנת שומשום מלא 310 גם,"רושדי תעשיות מזון בע""\מ",,בארכה טחינה מעודנת ש,גרמים,310.00,100 גרם,false,1,12.90,4.16,true,1,
7290016246711,false,טחינה גולמית מעודנת הריסה בארכה 310 גרם,"רושדי תעשיות מזון בע""\מ",IL,בארכה טחינה גולמית מ,גרמים,310.00,100 גרם,false,1,12.90,4.16,true,1,
7290016248173,false,"יין מסע ישראלי לבן ויתקין 750 מ""ל","ישראל-יקב ויתקין בע""",,יין מסע ישראלי לבן ו,Unknown,0.00,Unknown,false,1,79.90,79.90,true,1,
7290016276848,false,תבשיל איטריות בטעם עוף 70 גרם סו שף,טיאן הונג,,תבשיל איטריות בטעם ע,גרמים,70.00,100 גרם,false,1,5.90,8.43,true,1,
7290016277630,false,צנובר 150 גרם ששון - קופסא,"דין שיווק וקלייה בע""",,צנובר 150 גרם ששון -,גרמים,150.00,100 גרם,false,1,29.90,19.93,true,1,
7290016277685,false,שקד מולבן שבבים 200 גרם ששון - קופסא,"דין שיווק וקלייה בע""",,שקד מולבן שבבים 200,גרמים,200.00,100 גרם,false,1,29.90,14.95,true,1,
=======
7290016246209,false,"חטיף חלבה וניל 100 גרם ""בארכה""",קבוצת אוסם סחר שותפות מוגבלת,,חטיף חלבה וניל 100 ג,גרמים,100.00,100 גרם,false,1,3.90,3.90,true,1,
7290016246445,false,בארכה טחינה גולמית מעודנת שומשום מלא 310 גם,קבוצת אוסם סחר שותפות מוגבלת,,בארכה טחינה מעודנת ש,גרמים,310.00,100 גרם,false,1,12.90,4.16,true,1,
7290016248173,false,"יין מסע ישראלי לבן ויתקין 750 מ""ל","ישראל-יקב ויתקין בע""",,יין מסע ישראלי לבן ו,Unknown,0.00,Unknown,false,1,79.90,79.90,true,1,
7290016277630,false,צנובר 150 גרם ששון - קופסא,דין שיווק וקליה 2021 בעמ,,צנובר 150 גרם ששון -,גרמים,150.00,100 גרם,false,1,29.90,19.93,true,1,
7290016277685,false,שקד מולבן שבבים 200 גרם ששון - קופסא,דין שיווק וקליה 2021 בעמ,,שקד מולבן שבבים 200,גרמים,200.00,100 גרם,false,1,29.90,14.95,true,1,
7290016304404,false,לחם קוביות 100% כוסמין 600 גרם,מאפיית דוידוביץ ובניו בע,IL,לחם קוביות 100% כוסמ,גרמים,600.00,100 גרם,false,1,14.90,2.48,true,1,
>>>>>>> d048ac2f4f281c9d788043ab4e81b61b0dbe3743
7290016304596,false,לחמניות לסנדביץ 75 גרם,מאפית דוידוביץ ובניו,IL,לחמניות לסנדביץ 75 ג,גרמים,75.00,100 גרם,false,1,12.90,17.20,true,1,
7290016319309,false,סבון נוזלי מאסק קלאסי+משאבה פמלי 1 ל,הנסיך- מפעל לייצור ט,,סבון נוזלי מאסק קלאס,מיליליטרים,1000.00,"100 מ""ל",false,1,14.90,1.49,true,1,
7290016320343,false,"דאק נוזל ג'ל לניקוי מתקדם בניחות לבנדר זוג * 750 מ""ל",אס. סי. ג'\ונסון מידרכט,,נוזל גל דאק בניחוח ל,ליטרים,0.00,ליטר,false,1,27.50,27.50,true,1,
7290016321661,false,פרש וואנס SENSITIVE מגבונים ללא בישום רביעייה 72 יחידות,עלבד משואות יצחק,IL,מגבונים פרש וואנס סנ,Unknown,0.00,Unknown,false,1,15.90,15.90,true,1,
7290016321678,false,מגבונים לחים בניחוח מרענן עם תמציות קמומיל ואלוורה,עלבד משואות יצחק,IL,מגבונים פרש וואנס נט,Unknown,0.00,Unknown,false,1,15.90,15.90,true,1,
7290016321883,false,פרשוואנס נייר טואלט מתכלה לילדים -מארז שלישייה,עלבד משואות יצחק בעמ,IL,נייר טואלט פרש וואנס,Unknown,0.00,Unknown,false,1,16.70,16.70,true,1,
7290016321890,false,פרשוואנס נייר טואלט מתכלה למבוגרים -מארז שלישייה,עלבד משואות יצחק בעמ,IL,נייר טואלט פרש וואנס,Unknown,0.00,Unknown,false,1,16.70,16.70,true,1,
<<<<<<< HEAD
7290016329308,false,"ד""ר פישר - סרקל קרם רוזמרין לשיער מתולתל 325 מ""ל",פישר מעבדות פרמצבטיות בע,,קרם לשיער מתולתל רוז,מיליליטרים,325.00,"100 מ""ל",false,1,29.70,9.14,true,1,
7290016334616,false,בצל ירוק רבנות,רקנאטי,,בצל ירוק,Unknown,0.00,Unknown,false,1,5.90,5.90,true,1,
7290016370959,false,חציל קלוי (פירה) בצנצנת קבוצת יבנה 530 גרם,תאי פרזידנט פוד פאבל,,חציל קלוי פירה בצנצנ,גרמים,580.00,100 גרם,false,1,10.90,1.88,true,1,
7290016370973,false,פלפל קלוי (גמביה) בצנצנת קבוצת יבנה 390 גרם,קוזט אס.אי. פיין פודס,,פלפל קלוי גמביה בצנצ,גרמים,580.00,100 גרם,false,1,10.90,1.88,true,1,
7290016372373,false,רסק עגבניות ללא תוספת סוכר ומלח - מארז זוג,גרנד איטליה Grand Italia,IT,רסק עגבניות גראנד בל,גרמים,270.00,100 גרם,false,1,7.90,2.93,true,1,
7290016372397,false,"תה ויסוצקי ירוק תפוז,ג'ינגר וכורכום 25 יח'",ויסוצקי ירוק,,תה ירוק תפוז גינגר ו,Unknown,0.00,Unknown,false,1,24.90,24.90,true,1,
7290016372922,false,תה ירוק בטעם קינמון גינגיר וכורכום עם מאצה יפנית,ויסוצקי ירוק,,תה ירוק בטעם קינמון,Unknown,0.00,Unknown,false,1,24.90,24.90,true,1,
=======
7290016329308,false,"ד""ר פישר - סרקל קרם רוזמרין לשיער מתולתל 325 מ""ל","פישר תעשיות פרמצביטות בע""מ",,קרם לשיער מתולתל רוז,מיליליטרים,325.00,"100 מ""ל",false,1,29.70,9.14,true,1,
7290016334616,false,בצל ירוק רבנות,ביכורי השדה צפון 1994 ג.ד. בעמ,,בצל ירוק,Unknown,0.00,Unknown,false,1,5.90,5.90,true,1,
7290016370959,false,חציל קלוי (פירה) בצנצנת קבוצת יבנה 530 גרם,"קבוצת יבנה מוצרי מזון בע""מ",,חציל קלוי פירה בצנצנ,גרמים,580.00,100 גרם,false,1,10.90,1.88,true,1,
7290016370973,false,פלפל קלוי (גמביה) בצנצנת קבוצת יבנה 390 גרם,"קבוצת יבנה מוצרי מזון בע""מ",,פלפל קלוי גמביה בצנצ,גרמים,580.00,100 גרם,false,1,10.90,1.88,true,1,
7290016372373,false,רסק עגבניות ללא תוספת סוכר ומלח - מארז זוג,תה ויסוצקי (ישראל) בעמ,IT,רסק עגבניות גראנד בל,גרמים,270.00,100 גרם,false,1,7.90,2.93,true,1,
7290016372397,false,"תה ויסוצקי ירוק תפוז,ג'ינגר וכורכום 25 יח'",תה ויסוצקי (ישראל) בעמ,,תה ירוק תפוז גינגר ו,Unknown,0.00,Unknown,false,1,24.90,24.90,true,1,
7290016372922,false,תה ירוק בטעם קינמון גינגיר וכורכום עם מאצה יפנית,תה ויסוצקי (ישראל)בעמ,,תה ירוק בטעם קינמון,Unknown,0.00,Unknown,false,1,24.90,24.90,true,1,
>>>>>>> d048ac2f4f281c9d788043ab4e81b61b0dbe3743
7290016381443,false,סילאן לחיץ טבעי כרם 350 גר,משק צור עין יהב,,סילאן לחיץ טבעי כרם,גרמים,350.00,100 גרם,false,1,15.50,4.43,true,1,
7290016381986,false,ערמונים אורגנים כרם 100 גרם,טאנגש'אן סיטי מייקדו,CN,ערמונים אורגנים,גרמים,100.00,100 גרם,false,1,6.20,6.20,true,1,
7290016417012,false,ויטמין C ליפוזומאלי בספיגה גבוהה בטעם תפוז,אקוסאפ ecosupp,,ויטמין C ליפוזומלי 2,Unknown,0.00,Unknown,false,1,199.90,199.90,true,1,
7290016437508,false,מולט נייר טואלט 24 גלילים כפולים=48 גליל,קימברלי קלארק ישראל שיווק בעמ,,נייר טואלט מולט 24=4,מטרים,883.20,מטר,false,1,42.90,0.05,true,1,
7290016437621,false,חיתולי האגיס פרידום דריי pants מידה 4 36 יחידות,קימברלי קלארק ישראל שיווק בעמ,,האגיס פרידום דריי PA,Unknown,0.00,Unknown,false,1,44.90,44.90,true,1,
7290016437652,false,חיתולי האגיס פרידום דריי pants מידה 6 30 יחידות,קימברלי קלארק ישראל שיווק בעמ,,האגיס פרידום דריי PA,Unknown,0.00,Unknown,false,1,44.90,44.90,true,1,
7290016448870,false,שפרוטים מעושנים בשמן,אודסקי קונסרברי זאבו,UA,שפרוטים 150 גרם,גרמים,150.00,100 גרם,false,1,6.90,4.60,true,1,
<<<<<<< HEAD
7290016509342,false,סוד מארז טריו כדוריות לאסלה כחול אקטיבי אקונומיקה,הנקל סוד,,סבון לאסלה כחול אקטי,Unknown,0.00,Unknown,false,1,26.50,26.50,true,1,
7290016509786,false,פרסיל גל לכביסה לבנה וצבעונית-ירוק 2.5 ל,"הנקל סוד בע""\מ",,גל פרסיל ירוק 2.5 ל,ליטרים,0.00,ליטר,false,1,24.90,24.90,true,1,
7290016509809,false,ג'ל מרוכז לכביסה קולור 2.5 ל' פרסיל,"הנקל סוד בע""\מ",,גל פרסיל קולור 2.5 ל,ליטרים,0.00,ליטר,false,1,24.90,24.90,true,1,
7290016509830,false,ג'ל כביסה לבגדי תינוקות ובעלי עור רגיש Sensitive,"הנקל סוד בע""\מ",,גל פרסיל בייבי 2.5 ל,ליטרים,0.00,ליטר,false,1,24.90,24.90,true,1,
=======
7290016509342,false,סוד מארז טריו כדוריות לאסלה כחול אקטיבי אקונומיקה,גורי שיווק בעמ,,סבון לאסלה כחול אקטי,Unknown,0.00,Unknown,false,1,26.50,26.50,true,1,
7290016509786,false,פרסיל גל לכביסה לבנה וצבעונית-ירוק 2.5 ל,גורי שיווק בעמ,,גל פרסיל ירוק 2.5 ל,ליטרים,0.00,ליטר,false,1,24.90,24.90,true,1,
7290016509830,false,ג'ל כביסה לבגדי תינוקות ובעלי עור רגיש Sensitive,גורי שיווק בעמ,,גל פרסיל בייבי 2.5 ל,ליטרים,0.00,ליטר,false,1,24.90,24.90,true,1,
>>>>>>> d048ac2f4f281c9d788043ab4e81b61b0dbe3743
7290016513011,false,מנגו קפוא 250 גר,,,מנגו קפוא 250 גר,גרמים,250.00,100 גרם,false,1,13.90,5.56,true,1,
7290016513028,false,אננס קפוא 250 גר,,,אננס קפוא 250 גר,גרמים,250.00,100 גרם,false,1,13.90,5.56,true,1,
7290016513042,false,מיקס פירות גן קפוא 250 גר,,,אובליפיחה 250 גר,גרמים,250.00,100 גרם,false,1,15.90,6.36,true,1,
7290016513240,false,אוכמניות כחולות 250 גר,,,אוכמניות כחולות 250,גרמים,250.00,100 גרם,false,1,16.70,6.68,true,1,
7290016513264,false,חמוציות בר 250 גר,,,חמוציות בר 250 גר,גרמים,250.00,100 גרם,false,1,17.70,7.08,true,1,
7290016513288,false,פטל אדום 250 גר,,,פטל אדום 250 גר,גרמים,250.00,100 גרם,false,1,21.90,8.76,true,1,
7290016513301,false,דומדומית שחורה 250 גר,,,דומדומית שחורה 250 ג,גרמים,250.00,100 גרם,false,1,11.40,4.56,true,1,
7290016513318,false,אוכמניות שחורות 250 גר,,,אוכמניות שחורות 250,גרמים,250.00,100 גרם,false,1,17.70,7.08,true,1,
7290016513325,false,דובדבן 250 גר,,,דובדבן 250 גר,גרמים,250.00,100 גרם,false,1,11.40,4.56,true,1,
7290016513332,false,מיקס פירות 250 גר,,,מיקס פירות 250 גר,גרמים,250.00,100 גרם,false,1,11.40,4.56,true,1,
7290016513349,false,תות שדה 250 גר,,,תות שדה 250 גר,גרמים,250.00,100 גרם,false,1,11.40,4.56,true,1,
7290016523188,false,"סטימר לאידוי עץ ""10",Fujian fuzhou tian s,,"סטימר לאידוי עץ ""10",Unknown,0.00,Unknown,false,1,41.90,41.90,true,1,
7290016574012,false,ממרח פסטו עם שמן כמהין 180 גר,מוטי שף,,ממרח פסטו עם שמן כמה,גרמים,180.00,100 גרם,false,1,20.90,11.61,true,1,
7290016580211,false,נר 72 שעות בכוס זכוכ,,CN,נר 72 שעות בכוס זכוכ,Unknown,1.00,Unknown,false,1,6.90,6.90,true,1,
7290016580334,false,מפיות שולחן מהודרות,,CN,מפיות שולחן מהודרות,Unknown,1.00,Unknown,false,1,4.90,4.90,true,1,
7290016580532,false,אשפתון שחור עם שרוך,,TR,אשפתון שחור עם שרוך,Unknown,1.00,Unknown,false,1,14.90,14.90,true,1,
7290016580570,false,סיר עם מכסה קטן ארוז,,CN,סיר עם מכסה קטן 3 י,Unknown,1.00,Unknown,false,1,10.90,10.90,true,1,
<<<<<<< HEAD
7290016682243,false,פריניב מיץ אשכולית אדומה סחוט 1 ליטר,פריניב,IL,מיץ אשכולית אדומה 1,מיליליטרים,1000.00,"100 מ""ל",false,1,18.90,1.89,true,1,
7290016682335,false,מיץ תפוזים סחוט פריניב 2 ליטר,פרי ניב,,סחוט טרי תפוזים 2 לי,ליטרים,0.00,ליטר,false,1,24.90,24.90,true,1,
7290016682342,false,מיץ תפוזים וולנסיה פרי ניב 2 ליטר-,פרי ניב,,מיץ תפוז וולנסיה 100,ליטרים,0.00,ליטר,false,1,24.90,24.90,true,1,
7290016682359,false,מיץ תפוזים שמוטי פרי ניב 2 ליטר-,פרי ניב,,מיץ תפוז שמוטי 100%,ליטרים,0.00,ליטר,false,1,24.90,24.90,true,1,
7290016682366,false,מיץ תפוח צלול פרי ניב 2 ליטר-,פריניב,,סחוט טרי תפוח צלול 2,ליטרים,0.00,ליטר,false,1,24.90,24.90,true,1,
7290016682373,false,משקה קל לימונדה בלאדי 2 ליטר פריניב,פריניב,,נקטר לימונדה בלדי 2,ליטרים,0.00,ליטר,false,1,25.90,25.90,true,1,
7290016682380,false,מיץ טבעי לימונדה ולואיזה פרי ניב 2 ליטר-,פרי ניב,,מיץ לימונדה לואיזה פ,ליטרים,0.00,ליטר,false,1,24.90,24.90,true,1,
7290016682397,false,מיץ חמוציות פרי ניב 2 ליטר-,פרי ניב,,מיץ חמוציות 2 ליטר,ליטרים,0.00,ליטר,false,1,25.90,25.90,true,1,
7290016717051,false,משקה Buzz מוגז בטעם רימון מבוסס יין אדום מתוק,יקבי כרמל Carmel Winery,,יין רימון באזז יקבי,Unknown,0.00,Unknown,false,1,28.90,28.90,true,1,
7290016717754,false,"יין ישן נושן יקבי כרמל 750 מ""ל ^^^",אגודת הכורמים הקואופרטיב,,יין ישן נושן אדום,Unknown,0.00,Unknown,false,1,20.90,20.90,true,1,
=======
7290016682243,false,פריניב מיץ אשכולית אדומה סחוט 1 ליטר,תנובה - פריניב,IL,מיץ אשכולית אדומה 1,מיליליטרים,1000.00,"100 מ""ל",false,1,18.90,1.89,true,1,
7290016682335,false,מיץ תפוזים סחוט 2 ליטר פרי ניב,תנובה - פריניב,,סחוט טרי תפוזים 2 לי,ליטרים,0.00,ליטר,false,1,24.90,24.90,true,1,
7290016682342,false,מיץ תפוזים וולנסיה פרי ניב 2 ליטר-,תנובה - פריניב,,מיץ תפוז וולנסיה 100,ליטרים,0.00,ליטר,false,1,24.90,24.90,true,1,
7290016682359,false,מיץ תפוזים שמוטי פרי ניב 2 ליטר-,תנובה - פריניב,,מיץ תפוז שמוטי 100%,ליטרים,0.00,ליטר,false,1,24.90,24.90,true,1,
7290016682366,false,פריניב מיץ תפוחים צלול 2 ליטר.,תנובה - פריניב,,סחוט טרי תפוח צלול 2,ליטרים,0.00,ליטר,false,1,24.90,24.90,true,1,
7290016682373,false,משקה קל לימונדה בלאדי 2 ליטר פריניב,תנובה - פריניב,,נקטר לימונדה בלדי 2,ליטרים,0.00,ליטר,false,1,25.90,25.90,true,1,
7290016682380,false,מיץ טבעי לימונדה ולואיזה פרי ניב 2 ליטר-,תנובה - פריניב,,מיץ לימונדה לואיזה פ,ליטרים,0.00,ליטר,false,1,24.90,24.90,true,1,
7290016682397,false,מיץ חמוציות פרי ניב 2 ליטר-,תנובה - פריניב,,מיץ חמוציות 2 ליטר,ליטרים,0.00,ליטר,false,1,25.90,25.90,true,1,
7290016717051,false,משקה Buzz מוגז בטעם רימון מבוסס יין אדום מתוק,אגודת הכורמים -כרמל מזרחי,,יין רימון באזז יקבי,Unknown,0.00,Unknown,false,1,28.90,28.90,true,1,
7290016717235,false,יין קונקורד אדום ממותק קינג דיוויד - בקבוק אישי,יקבי כרמל Carmel Winery,IL,יין קונקורד קינג דוי,מיליליטרים,187.00,"100 מ""ל",false,1,7.90,4.22,true,1,
7290016717754,false,יין היובל ישן נושן יקבי כרמל (750 מל),אגודת הכורמים הקואופרטיב,,יין ישן נושן אדום,Unknown,0.00,Unknown,false,1,20.90,20.90,true,1,
>>>>>>> d048ac2f4f281c9d788043ab4e81b61b0dbe3743
7290016866650,false,"פרודונטקס - משחת שיניים אוריג'ינל 75 מ""ל",פרודונטקס Parodontax,,משחת שיניים פרודנטקס,Unknown,0.00,Unknown,false,1,30.90,30.90,true,1,
7290016866674,false,"פרודונטקס - משחת שיניים מלבינה 75 מ""ל",פרודונטקס Parodontax,,משחת שיניים פרודונטק,Unknown,0.00,Unknown,false,1,30.90,30.90,true,1,
7290016867152,false,"מארז פיתות קלות כוסמין 5 יחידות ד""ר מרק",המאפה של דר מרק בריאות באפייה,,פיתות קלות כוסמין 5,גרמים,330.00,100 גרם,false,1,14.90,4.52,true,1,
7290016995008,false,פופקורן אורגני 500 גרם,תבואות,,פופקורן אורגני 500 ג,גרמים,500.00,100 גרם,false,1,10.90,2.18,true,1,
7290016995251,false,מלח הימליה דק במלחייה250,תבואות,,מלח הימלאיה דק 250 ג,גרמים,250.00,100 גרם,false,1,9.90,3.96,true,1,
7290016995305,false,פסטה טריקולור אורגנית 500 גרם,,IT,פסטה טריקולור אורגני,גרמים,500.00,100 גרם,false,1,9.90,1.98,true,1,
7290016995329,false,מלח הימליה גס במלחייה250,תבואות,,מלח הימלאיה גס 250 ג,גרמים,250.00,100 גרם,false,1,9.90,3.96,true,1,
7290016995718,false,מחית אגס ותפוח אורגני 100 גרם,תבואות,,מחית אגס ותפוח אורגנ,גרמים,100.00,100 גרם,false,1,4.90,4.90,true,1,
7290016995725,false,מחית מנגו תפוח אפרסק אורגני 100 גרם,תבואות מוצרי מזון או,,מחית מנגו תפוח אפרסק,גרמים,100.00,100 גרם,false,1,4.90,4.90,true,1,
7290016995930,false,אבקת קקאו אורגנית 200 גרם,תבואות,,אבקת קקאו אורגנית 20,גרמים,200.00,100 גרם,false,1,18.90,9.45,true,1,
7290017031477,false,"סנסודיין משחת שיניים רפיד רליף להלבנה 75 מ""ל","סמיתקליין ביצ'ם בע""מ",GB,משחת שיניים סנסודיין,מיליליטרים,75.00,"100 מ""ל",false,1,28.50,38.00,true,1,
7290017031705,false,"סנסודיין משחת שיניים קלין & פרש 75 מ""ל",גלקסוס סמית קליין,IE,משחת שיניים סנסודיין,Unknown,0.00,Unknown,false,1,21.90,21.90,true,1,
<<<<<<< HEAD
7290017062679,false,מרכך כביסה מרוכז צהוב 1 5 Xל טאצ,,,מרכך כביסה מרוכז צהו,Unknown,0.00,Unknown,false,12,11.90,11.90,true,1,
7290017062693,false,מרכך כביסה מרוכז לבן 1*5 ליטר טאצ,סאסאטק,,מרכך כביסה מרוכז לבן,Unknown,0.00,Unknown,false,12,11.90,11.90,true,1,
7290017062723,false,מרכך כביסה מרוכז ירוק 1*5 ליטר טאצ,,,מרכך כביסה מרוכז ירו,Unknown,0.00,Unknown,false,12,11.90,11.90,true,1,
7290017065007,false,פרוסות גבינה מוצרלה חצי קשה 22% שומן 200 ג' גד,מחלבות גד בעמ,,פרוסות מוצרלה גד 200,גרמים,200.00,100 גרם,false,1,18.50,9.25,true,1,
7290017065137,false,ריקוטה למריחה 5% טבעית 200 גרם - רובין,האי נאם סי או אל.טי.,,ריקוטה למריחה 5% טבע,גרמים,200.00,100 גרם,false,1,10.10,5.05,true,1,
7290017065144,false,ריקוטה למריחה בתוספת בזיליקום 5% גד 200 גם,האי נאם סי או אל.טי.,,ריקוטה למריחה 5% בזי,גרמים,200.00,100 גרם,false,1,10.10,5.05,true,1,
7290017065168,false,גבינה כחולה denish blue cheese 100 גרם,ST.CLEMENS-BOMHOLMWS,,גבינה כחולה 100 גר,גרמים,100.00,100 גרם,false,1,18.80,18.80,true,1,
7290017065212,false,גבינת קרם מסקרפונה מחלבות גד 250 גר,מיוצר עי קוד יצרן ED,,קרם מסקרפונה 250 גר,גרמים,250.00,100 גרם,false,1,17.60,7.04,true,1,
7290017065236,false,גבינה בולגרית מעודנת 24% גד 250 גרם,הנסיך- מפעל לייצור ט,,גבינה בולגרית מעודנת,גרמים,250.00,100 גרם,false,1,22.60,9.04,true,1,
7290017065380,false,גבינת גרנה פדנו שבבים גד 100 גרם,גבינות מדף,IL,שבבי גרנה פדנו 100 ג,גרמים,100.00,100 גרם,false,1,13.90,13.90,true,1,
7290017065434,false,גבינה גאודה פרוסה הולנדית 200 גר',מחלבות גד בעמ,IL,פרוסות גאודה בקר 200,גרמים,200.00,100 גרם,false,1,21.90,10.95,true,1,
7290017065441,false,גבינה גאודה עיזים פרוסה הולנדית 200 גר',גבינות מדף,IL,פרוסות גאודה עיזים 2,גרמים,200.00,100 גרם,false,1,33.90,16.95,true,1,
7290017065526,false,קוואטרו פורמאג'י 4 גבינות מגוררות 26%,"מחלבות גד בע""\מ",IL,גבינה קוואטרו פורמאג,גרמים,300.00,100 גרם,false,1,29.90,9.97,true,1,
7290017065588,false,יוגורט יווני 10% שומן 600 ג' גד,"מיוצר ע""\י קוד יצרן MKN",IL,יוגורט יווני 10% 600,גרמים,600.00,100 גרם,false,1,15.90,2.65,true,1,
7290017065618,false,גבינת פקורינו פרוס גד 150 גרם,הנסיך- מפעל לייצור ט,ES,פקורינו פרוס 150 גר,גרמים,150.00,100 גרם,false,1,21.60,14.40,true,1,
7290017065731,false,גבינת שמנת 30% ניו יורק +כמהין 200 גרם רבנות,פ.פ.ח. שאביט,IL,גבינת שמנת עם כמהין,גרמים,200.00,100 גרם,false,1,12.90,6.45,true,1,
7290017065762,false,גבינה יוונית מאנורי 30% שומן 100 ג' גד,גבינות מדף,IL,גבינת מאנורי 100 גרם,גרמים,100.00,100 גרם,false,1,10.90,10.90,true,1,
7290017065786,false,"גבינת צ`דר מחלבות גד , 210 גרם","מחלבות גד בע""\מ",,צדר 210 גרם,גרמים,210.00,100 גרם,false,1,22.90,10.90,true,1,
7290017065861,false,קאצ'יו אה פפה-רוטב פקורינו 200 גרם גד,גבינות מדף,,קאציו אה פפה 200 גרם,גרמים,200.00,100 גרם,false,1,15.50,7.75,true,1,
7290017065878,false,רוטב לפסטה מק אנד צ'יז גד 200 גרם,גבינות מדף,,רוטב מק אנד ציז 200,גרמים,200.00,100 גרם,false,1,15.50,7.75,true,1,
=======
7290017062679,false,מרכך כביסה מרוכז צהוב 1 5 Xל טאצ,סאסאטק אגשח בעמ,,מרכך כביסה מרוכז צהו,Unknown,0.00,Unknown,false,12,11.90,11.90,true,1,
7290017062723,false,מרכך כביסה מרוכז ירוק 1*5 ליטר טאצ,סאסאטק אגשח בעמ,,מרכך כביסה מרוכז ירו,Unknown,0.00,Unknown,false,12,11.90,11.90,true,1,
7290017065007,false,פרוסות גבינה מוצרלה חצי קשה 22% שומן 200 ג' גד,מחלבות גד שיווק 1992 בעמ,,פרוסות מוצרלה גד 200,גרמים,200.00,100 גרם,false,1,18.50,9.25,true,1,
7290017065137,false,ריקוטה למריחה 5% טבעית 200 גר`מחלבות גד,מחלבות גד שיווק 1992 בעמ,,ריקוטה למריחה 5% טבע,גרמים,200.00,100 גרם,false,1,10.10,5.05,true,1,
7290017065144,false,ריקוטה למריחה בתוספת בזיליקום 5% גד 200 גם,מחלבות גד שיווק 1992 בעמ,,ריקוטה למריחה 5% בזי,גרמים,200.00,100 גרם,false,1,10.10,5.05,true,1,
7290017065168,false,גבינה כחולה denish blue cheese 100 גרם,מחלבות גד שיווק 1992 בעמ,,גבינה כחולה 100 גר,גרמים,100.00,100 גרם,false,1,18.80,18.80,true,1,
7290017065212,false,גבינת קרם מסקרפונה מחלבות גד 250 גר,מחלבות גד שיווק 1992 בעמ,,קרם מסקרפונה 250 גר,גרמים,250.00,100 גרם,false,1,17.60,7.04,true,1,
7290017065236,false,גבינה בולגרית מעודנת 24% גד (250 גרם),מחלבות גד שיווק 1992 בעמ,,גבינה בולגרית מעודנת,גרמים,250.00,100 גרם,false,1,22.60,9.04,true,1,
7290017065380,false,גרנה פדנו שבבים 100 גר`מחלבות גד,מחלבות גד שיווק 1992 בעמ,IL,שבבי גרנה פדנו 100 ג,גרמים,100.00,100 גרם,false,1,13.90,13.90,true,1,
7290017065434,false,גבינה גאודה פרוסה הולנדית 200 גר',מחלבות גד שיווק 1992 בעמ,IL,פרוסות גאודה בקר 200,גרמים,200.00,100 גרם,false,1,21.90,10.95,true,1,
7290017065441,false,גבינה גאודה עיזים פרוסה הולנדית 200 גר',מחלבות גד שיווק 1992 בעמ,IL,פרוסות גאודה עיזים 2,גרמים,200.00,100 גרם,false,1,33.90,16.95,true,1,
7290017065526,false,קוואטרו פורמאג'י 4 גבינות מגוררות 26%,מחלבות גד שיווק 1992 בעמ,IL,גבינה קוואטרו פורמאג,גרמים,300.00,100 גרם,false,1,29.90,9.97,true,1,
7290017065588,false,יוגורט יווני 600 גר`מחלבות גד,מחלבות גד שיווק 1992 בעמ,IL,יוגורט יווני 10% 600,גרמים,600.00,100 גרם,false,1,15.90,2.65,true,1,
7290017065663,false,גבינת פטה עיזים מעודנת 16% גד 200 גרם,מחלבות גד שיווק 1992 בעמ,,פטה עיזים מעודנת 16%,גרמים,250.00,100 גרם,false,1,30.90,12.36,true,1,
7290017065762,false,גבינת מאנורי 30% שומן 100 גר`מחלבות גד,מחלבות גד שיווק 1992 בעמ,IL,גבינת מאנורי 100 גרם,גרמים,100.00,100 גרם,false,1,10.90,10.90,true,1,
7290017065786,false,גבינה אנגלית קשה צ`דר 210 גר`גד,מחלבות גד שיווק 1992 בעמ,,צדר 210 גרם,גרמים,210.00,100 גרם,false,1,22.90,10.90,true,1,
7290017065861,false,קאצ`יו אה פפה רוטב פיקורינו ופלפל שחור 2,מחלבות גד שיווק 1992 בעמ,,קאציו אה פפה 200 גרם,גרמים,200.00,100 גרם,false,1,15.50,7.75,true,1,
7290017065878,false,רוטב לפסטה מק אנד צ'יז גד 200 גרם,מחלבות גד שיווק 1992 בעמ,,רוטב מק אנד ציז 200,גרמים,200.00,100 גרם,false,1,15.50,7.75,true,1,
>>>>>>> d048ac2f4f281c9d788043ab4e81b61b0dbe3743
7290017086057,false,כדורי פלאפל קציצות טבעוני 400 גרם,פייס אוף ביין,IL,כדורי פלאפל קציצות ט,גרמים,400.00,100 גרם,false,1,22.90,5.73,true,1,
7290017088075,false,בייביסיטר - חיתולי סטנדרט מידה 4+ - 40 יח',די.פי.אל תעשיות מוצרים ח,,חיתולי בייביסיטר סטנ,Unknown,0.00,Unknown,false,1,37.90,37.90,true,1,
7290017088082,false,בייביסיטר - חיתולי סטנדרט מידה 5 - 36 יח',די.פי.אל תעשיות מוצרים ח,,חיתולי בייביסיטר סטנ,Unknown,0.00,Unknown,false,1,37.90,37.90,true,1,
7290017088693,false,קוויק מטליות לחות לניקוי וחיטוי רצפות ניחוח לוונדר 10 יחידות,שקד תבל בעמ,IL,מטליות לחות קוויק לנ,יחידה,1.00,יחידה,false,1,11.90,11.90,true,1,
7290017105079,false,שעועית לבנה ברוטב עגבניות יכין הקטניה הט,היינץ צפון אמריקה מק,,שימורי יכין שעועית א,גרמים,200.00,100 גרם,false,1,4.50,2.25,true,1,
7290017105086,false,שימורי יכין שעועית צילי 200 גר,"זנלכל בע""\מ",,שימורי יכין שעועית צ,גרמים,200.00,100 גרם,false,1,4.50,2.25,true,1,
7290017105116,false,תורמוס הקטניה הטובה יכין 200/105 גרם,"זנלכל בע""\מ",,שימורי יכין תורמוס 2,גרמים,200.00,100 גרם,false,1,4.50,2.25,true,1,
7290017105123,false,פול מצרי הקטניה הטובה יכין 200/105 גרם,היינץ צפון אמריקה מק,IL,שימורי פול יכין הקטנ,גרמים,200.00,100 גרם,false,1,4.50,2.25,true,1,
7290017105468,false,מארז שלישייה אפונה קטנה יכין 3*200 גר,קשקמט קונסרב הונגריה,IL,מארז שלישייה אפונה ק,גרמים,600.00,100 גרם,false,1,14.90,2.48,true,1,
7290017105550,false,רביעיית רסק עגבניות 100% יכין 4X100 גרם,היינץ צפון אמריקה מק,IL,מאגדת רסק 100% עגבני,גרמים,400.00,100 גרם,false,1,11.80,2.95,true,1,
7290017105895,false,גרגרי חומוס להכנת חומוס משובח יכין 560 ג,זנלכל בעמ,IL,גרגירי חומוס מסעדות,Unknown,550.00,Unknown,false,1,8.90,0.02,true,1,
7290017118932,false,מאג פורצלן לבן טורקי,,,מאג פורצלן לבן טורקי,Unknown,0.00,Unknown,false,1,13.90,13.90,true,1,
7290017121048,false,"פלפל צ'ומה 250 גרם ""עללחם""",שטראוס גרופ בעמ/מצונן,,פלפל צומה 250 גרם,גרמים,250.00,100 גרם,false,1,17.70,7.08,true,1,
7290017140063,false,קמח עדשים אדומות 500 גרם ללא גלוטן,גורי מוצרי צריכה (1991) בעמ,,קמח עדשים אדומות 50,גרמים,500.00,100 גרם,false,1,15.90,3.18,true,1,
7290017142128,false,"שמן זית כתית מעולה קלאסי עץ הזית 750 מ""ל",סוגת תעשיות בעמ,,שמן זית כתית מעולה ק,מיליליטרים,750.00,"100 מ""ל",false,1,33.90,4.52,true,1,
7290017142159,false,"שלישיית נתחי טונה בהירה בשמן זית 80 גרם ""עץ הזית""",הנסיך- מפעל לייצור ט,,שלישיה טונה בשמן זית,גרמים,240.00,100 גרם,false,1,19.90,8.29,true,1,
7290017142203,false,"פילה טונה פרוס עם שמן זית בטעם מעושן 120 גרם ""עץ הזית""","יוניקורד ח.צ בע""מ",,פילה טונה פרוס בשמן,גרמים,120.00,100 גרם,false,1,15.60,13.00,true,1,
<<<<<<< HEAD
7290017142289,false,"תרסיס שמן חמניות לל""ת גז עץ הזית 200מ""ל",י.ב טכנולוגיות אריזה בעמ,IL,תרסיס שמן חמניות מזו,מיליליטרים,200.00,"100 מ""ל",false,1,15.90,7.95,true,1,
7290017142340,false,שמן זרעי ענבים מזוכך 1 לי עץ הזית,אף.ג'\יי.סנצ'\ז סוקחורס,TH,שמן זרעי ענבים 1 ליט,מיליליטרים,1000.00,"100 מ""ל",false,1,31.50,3.15,true,1,
7290017142388,false,שמן חמניות פלוס אומגה 3 עץ הזית 1 ליטר,שמן תעשיות בעמ,IL,שמן חמניות פלוס אומג,ליטרים,0.00,ליטר,false,1,14.90,14.90,true,1,
=======
7290017142340,false,שמן זרעי ענבים מזוכך 1 ליטר עץ הזית*,אף.ג'\יי.סנצ'\ז סוקחורס,TH,שמן זרעי ענבים 1 ליט,מיליליטרים,1000.00,"100 מ""ל",false,1,31.50,3.15,true,1,
7290017142388,false,שמן חמניות פלוס אומגה 3 עץ הזית 1 ליטר,סוגת תעשיות בעמ,IL,שמן חמניות פלוס אומג,ליטרים,0.00,ליטר,false,1,14.90,14.90,true,1,
>>>>>>> d048ac2f4f281c9d788043ab4e81b61b0dbe3743
7290017142395,false,"LUNCH TO GO פסטה עם טונה בשמן זית 160 גרם ""עץ הזית""",יוניקורד ח.צ בעמ,TH,טונה עם פסטה בשמן זי,גרמים,160.00,100 גרם,false,1,13.90,8.69,true,1,
7290017142456,false,מארז נתחי טונה בהירה בשמן זית 2 * 160 ג' עץ הזית,יוניקורד ח.צ בעמ,TH,נתחי טונה בשמן זית 1,גרמים,320.00,100 גרם,false,1,19.90,6.22,true,1,
7290017218366,false,אלטמן - ויטמין D-1000 כמוסות רכות 100 יח',,,ויטמין D 1000 100 כמ,Unknown,0.00,Unknown,false,1,39.90,39.90,true,1,
7290017232218,false,לחם קלאסי מופחת פחמימות איטסיין 430 גרם,,,לחם קלאסי מופחת פחמי,גרמים,430.00,100 גרם,false,1,25.90,6.02,true,1,
<<<<<<< HEAD
7290017232225,false,לחם גלילי מופחת פחמימות איטסיין 450 גרם,דבידוביץ,,לחם גלילי מופחת פחמי,גרמים,450.00,100 גרם,false,1,25.90,5.76,true,1,
7290017266343,false,וופל קראנץ במילוי קרם שוקולד 150 גרם,גילרו,IL,וופל קראנץ במילוי קר,גרמים,150.00,100 גרם,false,1,3.00,2.00,true,1,
7290017297323,false,רוטב עגבניות מרוכז 100 גר' 22 BX טל וטרי,"מילוז(1989)בע""""מ",,רסק עגבניות 100 גר,גרמים,100.00,100 גרם,false,1,2.00,2.00,true,1,
=======
7290017266343,false,וופל קראנץ במילוי קרם שוקולד 150 גרם,ח.כהן סוכנות מזון ומשקאות בע,IL,וופל קראנץ במילוי קר,גרמים,150.00,100 גרם,false,1,3.00,2.00,true,1,
7290017297323,false,רוטב עגבניות מרוכז 100 גר' 22 BX טל וטרי,ויטה- פרי גליל (החדשה) בעמ,,רסק עגבניות 100 גר,גרמים,100.00,100 גרם,false,1,2.00,2.00,true,1,
>>>>>>> d048ac2f4f281c9d788043ab4e81b61b0dbe3743
7290017320755,false,גאז סט סכום 24 חל. באריזת מגנט 1/4,,,גאז סט סכום 24 חלק 1,Unknown,0.00,Unknown,false,1,329.00,329.00,true,1,
7290017325323,false,"מיקס כוסמת, אורז מלא ואורז אדום אורגני 250 גר' הרדוף",לה בונטה,IT,מיקס כוסמת אורז מלא/,גרמים,250.00,100 גרם,false,1,14.90,5.96,true,1,
7290017325422,false,פריכיות דקות אורז מלא אורגני 100 גרם,פרח תעשיות מזון,,פריכיות דקות אורז מל,גרמים,100.00,100 גרם,false,1,13.90,13.90,true,1,
7290017325453,false,משקה שקדים אורגני 1 ליטר הרדוף – ללא תוספת סוכר ללא גלוטן,ליקואטס,,"משקה שקדים ללת""ס לל""",מיליליטרים,1000.00,"100 מ""ל",false,1,15.60,1.56,true,1,
7290017325514,false,שזיפים מיובשים אורגניים הרדוף 200 גרם,,BG,שזיפים מיובשים אורגנ,גרמים,200.00,100 גרם,false,1,23.90,11.95,true,1,
7290017325552,false,תות שדה קפוא אורגני 300 גרם,,PL,תות שדה קפוא אורגני,גרמים,250.00,100 גרם,false,1,21.90,8.76,true,1,
7290017325682,false,פריכיות כוסמת אורגני הרדוף 160 גרם,פרח תעשיות מזון,IL,פריכיות כוסמת אורגני,גרמים,160.00,100 גרם,false,1,12.90,8.06,true,1,
7290017325705,false,"קמח שיבולת שועל לל""ג אורגני 500 גרם",טחנת קמח דגן לישראל,IL,"קמח שיבולת שועל לל""ג",גרמים,500.00,100 גרם,false,1,16.90,3.38,true,1,
7290017325774,false,ספגטי מחיטת כוסמין אמר אורגני 400 גרם הרדוף,פסטיפיסוי פליצ'טי,,ספגטי חיטת כוסמין אמ,גרמים,400.00,100 גרם,false,1,19.90,4.98,true,1,
7290017325910,false,"קורנפלקס ללת""ס אורגני הרדוף 375 גר",לאמרי,IT,"קורנפלקס ללת""ס אורגנ",גרמים,375.00,100 גרם,false,1,19.90,5.31,true,1,
7290017386157,false,"קמח כוסמין לבן כרם - 1 ק""ג",עץ השדה,IL,קמח כוסמין לבן כרם,גרמים,1000.00,100 גרם,false,1,14.60,1.46,true,1,
7290017386164,false,"קמח כוסמין לבן כרם - 1 ק""ג",עץ השדה,IL,קמח כוסמין מלא אורגנ,גרמים,1000.00,100 גרם,false,1,17.90,1.79,true,1,
<<<<<<< HEAD
7290017440286,false,"ד""ר פישר - קידס מרכך ויטמינים 750 מ""ל","ד""ר פישר Dr fischer",IL,"מרכך ד""ר פישר קידס 7",מיליליטרים,750.00,"100 מ""ל",false,1,16.90,2.25,true,1,
7290017440309,false,"ד""ר פישר - קידס שמפו ויטמינים 750 מ""ל","ד""ר פישר Dr fischer",IL,"שמפו ד""ר פישר קידס 7",מיליליטרים,750.00,"100 מ""ל",false,1,16.90,2.25,true,1,
7290017457727,false,"סוד כחול מרכך כביסה מרוכז20%+בישום 900 מ""ל",הנקל סוד,IL,מרכך כביסה סוד מרוכז,מיליליטרים,900.00,"100 מ""ל",false,1,15.60,1.73,true,1,
7290017457734,false,"סוד ורוד מרכך כביסה מרוכז20%+בישום 900 מ""ל",הנקל סוד,IL,מרכך כביסה סוד מרוכז,מיליליטרים,900.00,"100 מ""ל",false,1,15.60,1.73,true,1,
7290017460086,false,פירורי לחם קלאסי זהב 400 גרם,נווה התבלין,IL,פירורי לחם קלאסי זהב,גרמים,400.00,100 גרם,false,1,10.90,2.73,true,1,
7290017477305,false,זרעי ציה 250 גר שקדי,דין שיווק,IL,זרעי ציה 250 גרם,גרמים,250.00,100 גרם,false,1,9.90,3.96,true,1,
7290017477367,false,מטבעות שוקולד לבן לאפיה שקדיה 300 גרם,דין שיווק,IL,מטבעות שוקולד לבן לא,גרמים,300.00,100 גרם,false,1,15.60,5.20,true,1,
7290017477374,false,מטבעות שוקולד חלב לאפיה שקדיה 300 גרם,דין שיווק,IL,מטבעות שוקולד חלב,גרמים,300.00,100 גרם,false,1,15.60,5.20,true,1,
7290017477398,false,שוקולד ציפס מריר 45% לאפיה 300 גרם,דין שיווק,IL,שוקולד ציפס מריר 45%,גרמים,300.00,100 גרם,false,1,15.60,5.20,true,1,
7290017477596,false,תמר מג'הול פרימיום בקופסא ששון הקולה 400 גרם,"שקדיה גבע תעשיות בע""",IL,תמר מגהול פרימיום 40,גרמים,400.00,100 גרם,false,1,19.90,4.98,true,1,
7290017513775,false,פליפז בייגלה מצופה שוקולד חלב מקוויטיס 140 גרם,שוורצקוף& הנקל דיסלד,TR,בייגלה פליפז מצופה ב,גרמים,140.00,100 גרם,false,1,8.90,6.36,true,1,
7290017513829,false,תה ירוק לימונית ג'ינג'ר 25 שקיקים בתוספת ויטמין Cּּ+D,ויסוצקי ירוק,,תה ירוק לימונית גינג,גרמים,38.00,100 גרם,false,1,24.90,65.53,true,1,
7290017516295,false,חטיף חלבון פרוטאין אגוז לוז שוקולד 50 גר,פנגיאה,,חטיף חלבון פרוטאין א,גרמים,50.00,100 גרם,false,1,10.90,21.80,true,1,
7290017516318,false,חטיף חלבון פרוטאין שוקולד 50 גר,פנגיאה,,חטיף חלבון פרוטאין ש,גרמים,50.00,100 גרם,false,1,10.90,21.80,true,1,
7290017516332,false,חטיף חלבון פרוטאין חמאת בוטנים 50 גר,פנגיאה,,חטיף חלבון פרוטאין ח,גרמים,50.00,100 גרם,false,1,10.90,21.80,true,1,
7290017516424,false,שוקלד + פנגיאה שוקולד קוקוס ואגוזי לוז 300 גרם,ש.ר רגע בטבע,IL,פנגיאה שוקולד קוקוס,גרמים,300.00,100 גרם,false,1,32.90,10.97,true,1,
7290017516431,false,שוקולד+ פנגיאה שוקולד קוקוס שקדים וקפה 300 גרם,ש.ר רגע בטבע,IL,פנגיאה שוקולד קוקוס,גרמים,300.00,100 גרם,false,1,32.90,10.97,true,1,
7290017589633,false,"רזרב גולד אדישיין קברנה סוביניון 750 מ""ל",יקבי ברקן Barkan,,רזרב גולד אדישיין קב,Unknown,0.00,Unknown,false,1,49.90,49.90,true,1,
7290017599236,false,סוכריות סטיוויה 200 טבליות,סנו מפעלי ברונוס.,IL,סוכרזית סטיוויה 200,Unknown,0.00,Unknown,false,1,26.90,26.90,true,1,
7290017617084,false,סטארקיסט מיקס טוגו טונה עם שעועית 185 גרם,דרדנל אונוסטאס גידה,,סטארקיסט מיקס טו גו,גרמים,185.00,100 גרם,false,1,13.50,7.30,true,1,
7290017617091,false,סטארקיסט מיקס טוגו טונה עם פתיתים 185 גרם,דרדנל אונוסטאס גידה,,סטארקיסט מיקס טו גו,גרמים,185.00,100 גרם,false,1,13.50,7.30,true,1,
7290017617107,false,סטארקיסט מיקס טוגו טונה עם 4 דגנים 185 גרם,"איטיליאן פוד, אס.פי.",,סטארקיסט מיקס טו גו,גרמים,185.00,100 גרם,false,1,13.50,7.30,true,1,
7290017617411,false,סטארקיסט מיקס סלמון עם אורז מלא וירקות 160 גרם,גראאל אס איי,PL,טונה סטארקיסט סלמון,גרמים,160.00,100 גרם,false,1,15.90,9.94,true,1,
7290017617428,false,סטארקיסט מיקס סלמון עם פסטה ברוטב עגבניות 160 גרם,גראאל אס איי,PL,טונה סטארקיסט סלמון,גרמים,160.00,100 גרם,false,1,15.90,9.94,true,1,
7290017617435,false,סטארקיסט מיקס סלמון עם עדשים קינואה וירק 160 גרם,גראאל אס איי,PL,טונה סטארקיסט סלמון,גרמים,160.00,100 גרם,false,1,15.90,9.94,true,1,
7290017637662,false,שמפו שימר להדגשת גוונים בהיר מיקי בוגנים 500 מל,סאסא קוסמטיקס,,שמפו שימר 500 מל מיק,Unknown,0.00,Unknown,false,1,24.90,24.90,true,1,
7290017647166,false,יין פינו נואר גמלא 2021 750 מל,יקבי רמת הגולן,,יין פינו נואר גמלא 2,Unknown,0.00,Unknown,false,1,63.90,63.90,true,1,
7290017647425,false,"יין גמלא קברנה סוביניון שנת 2018 750 מ""ל",יקבי רמת הגולן,,יין גמלא קברנה סובינ,Unknown,0.00,Unknown,false,1,64.40,64.40,true,1,
7290017677804,false,"רוטב סויה קיקומן ללא חומרים משמרים 444 מ""ל",קיקומן פודז אינק,,רוטב סויה קיקומן 444,מיליליטרים,444.00,"100 מ""ל",false,1,19.90,4.48,true,1,
7290017712192,false,פרמיו נתחי פילה עוף ועשבי תיבול 100 גר,פרמיו Premio,,פרמיו שימורי מזון מל,Unknown,0.00,Unknown,false,1,4.90,4.90,true,1,
7290017712239,false,פרמיו עם עוף במרקם פטה 150 גר,פרמיו Premio,,פרמיו שימורי מזון מל,Unknown,0.00,Unknown,false,1,5.90,5.90,true,1,
7290017712659,false,הוריזן עוף לגור כלבים ננסי 100 גר,הורייזן Horizon,,הוריזן עוף לגור כלבי,Unknown,1.00,Unknown,false,1,4.90,4.90,true,1,
7290017712727,false,פרמיו גור חתולים בקר וכבד,פרמיו Premio,,פרמיו גור בקר וכבד 1,Unknown,0.00,Unknown,false,1,4.90,4.90,true,1,
7290017712765,false,פרימו סלמון ופורל לחתול,פרמיו Premio,,פרמיו סלמון ופורל 10,Unknown,0.00,Unknown,false,1,4.90,4.90,true,1,
7290017712796,false,פרמיו סטריליז דג קוד 100 ג',פרמיו Premio,,פרמיו סטריליז דג קוד,Unknown,0.00,Unknown,false,1,4.90,4.90,true,1,
7290017715186,false,טורטיה חיטה מלאה תומר 320 גרם,,ES,טורטיה חיטה מלאה 20,גרמים,320.00,100 גרם,false,1,11.30,3.53,true,1,
=======
7290017440286,false,"ד""ר פישר - קידס מרכך ויטמינים 750 מ""ל","פישר תעשיות פרמצביטות בע""מ",IL,"מרכך ד""ר פישר קידס 7",מיליליטרים,750.00,"100 מ""ל",false,1,16.90,2.25,true,1,
7290017440309,false,"ד""ר פישר - קידס שמפו ויטמינים 750 מ""ל","פישר תעשיות פרמצביטות בע""מ",IL,"שמפו ד""ר פישר קידס 7",מיליליטרים,750.00,"100 מ""ל",false,1,16.90,2.25,true,1,
7290017457574,false,כדוריות סבון נתלה לאסלה בניחוח פרחים - 3 יח',גורי שיווק בעמ,RS,גל נתלה לאסלה סוד כד,גרמים,150.00,100 גרם,false,1,26.50,17.67,true,1,
7290017457727,false,"סוד כחול מרכך כביסה מרוכז20%+בישום 900 מ""ל",גורי שיווק בעמ,IL,מרכך כביסה סוד מרוכז,מיליליטרים,900.00,"100 מ""ל",false,1,15.60,1.73,true,1,
7290017457734,false,"סוד ורוד מרכך כביסה מרוכז20%+בישום 900 מ""ל",גורי שיווק בעמ,IL,מרכך כביסה סוד מרוכז,מיליליטרים,900.00,"100 מ""ל",false,1,15.60,1.73,true,1,
7290017460062,false,פירורי לחם קייגון 400 גרם,נווה התבלין,IL,פירורי לחם קייגון 40,גרמים,400.00,100 גרם,false,1,12.90,3.23,true,1,
7290017460086,false,פירורי לחם קלאסי זהב 400 גרם,נווה התבלין,IL,פירורי לחם קלאסי זהב,גרמים,400.00,100 גרם,false,1,10.90,2.73,true,1,
7290017477305,false,זרעי צ`יה 250 גר`שקדיה,דין שיווק וקליה 2021 בעמ,IL,זרעי ציה 250 גרם,גרמים,250.00,100 גרם,false,1,9.90,3.96,true,1,
7290017477367,false,מטבעות שוקולד לבן לאפייה 300 גר`שקדיה,דין שיווק וקליה 2021 בעמ,IL,מטבעות שוקולד לבן לא,גרמים,300.00,100 גרם,false,1,15.60,5.20,true,1,
7290017477374,false,מטבעות שוקולד חלב לאפייה 300 גר`שקדיה,דין שיווק וקליה 2021 בעמ,IL,מטבעות שוקולד חלב,גרמים,300.00,100 גרם,false,1,15.60,5.20,true,1,
7290017477398,false,שוקולד ציפס מריר 45% לאפיה 300 גרם,דין שיווק וקליה 2021 בעמ,IL,שוקולד ציפס מריר 45%,גרמים,300.00,100 גרם,false,1,15.60,5.20,true,1,
7290017477596,false,תמר מג'הול פרימיום בקופסא ששון הקולה 400 גרם,דין שיווק וקליה 2021 בעמ,IL,תמר מגהול פרימיום 40,גרמים,400.00,100 גרם,false,1,19.90,4.98,true,1,
7290017513775,false,פליפז בייגלה מצופה שוקולד חלב מקוויטיס 140 גרם,תה ויסוצקי (ישראל) בעמ,TR,בייגלה פליפז מצופה ב,גרמים,140.00,100 גרם,false,1,8.90,6.36,true,1,
7290017513829,false,תה ירוק לימונית ג'ינג'ר 25 שקיקים בתוספת ויטמין Cּּ+D,תה ויסוצקי (ישראל) בעמ,,תה ירוק לימונית גינג,גרמים,38.00,100 גרם,false,1,24.90,65.53,true,1,
7290017516295,false,חטיף חלבון פרוטאין אגוז לוז שוקולד 50 גר,י.איטליאנו אחזקות בעמ,,חטיף חלבון פרוטאין א,גרמים,50.00,100 גרם,false,1,10.90,21.80,true,1,
7290017516318,false,חטיפ בריאות פרוטאין שוקולד 50 גר`פנגיאה,י.איטליאנו אחזקות בעמ,,חטיף חלבון פרוטאין ש,גרמים,50.00,100 גרם,false,1,10.90,21.80,true,1,
7290017516332,false,חטיפ בריאות פרוטאין חמאת בוטנים 50 גר`פ,י.איטליאנו אחזקות בעמ,,חטיף חלבון פרוטאין ח,גרמים,50.00,100 גרם,false,1,10.90,21.80,true,1,
7290017516424,false,שוקלד + פנגיאה שוקולד קוקוס ואגוזי לוז 300 גרם,י.איטליאנו אחזקות בעמ,IL,פנגיאה שוקולד קוקוס,גרמים,300.00,100 גרם,false,1,32.90,10.97,true,1,
7290017516448,false,"שוקלד + פנגיאה שוקולד קוקוס תמרים,שקדים וחרוב 300 גרם",פנגיאה,IL,פנגיאה שוקולד קוקוס,גרמים,300.00,100 גרם,false,1,32.90,10.97,true,1,
7290017589633,false,"רזרב גולד אדישיין קברנה סוביניון 750 מ""ל",טמפו משקאות בעמ,,רזרב גולד אדישיין קב,Unknown,0.00,Unknown,false,1,49.90,49.90,true,1,
7290017599236,false,סוכרזית סיטיוויה 200 טבליות,סנו מפעלי ברונוס.,IL,סוכרזית סטיוויה 200,Unknown,0.00,Unknown,false,1,26.90,26.90,true,1,
7290017617084,false,סטארקיסט מיקס טוגו טונה עם שעועית 185 גרם,דיפלומט מפיצים (1968) בעמ**,,סטארקיסט מיקס טו גו,גרמים,185.00,100 גרם,false,1,13.50,7.30,true,1,
7290017617091,false,סטארקיסט מיקס טוגו טונה עם פתיתים 185 גרם,דיפלומט מפיצים (1968) בעמ**,,סטארקיסט מיקס טו גו,גרמים,185.00,100 גרם,false,1,13.50,7.30,true,1,
7290017617107,false,סטארקיסט מיקס טוגו טונה עם 4 דגנים 185 גרם,דיפלומט מפיצים (1968) בעמ**,,סטארקיסט מיקס טו גו,גרמים,185.00,100 גרם,false,1,13.50,7.30,true,1,
7290017617428,false,סטארקיסט מיקס סלמון עם פסטה ברוטב עגבניות 160 גרם,דיפלומט מפיצים (1968) בעמ**,PL,טונה סטארקיסט סלמון,גרמים,160.00,100 גרם,false,1,15.90,9.94,true,1,
7290017617435,false,סטארקיסט מיקס סלמון עם עדשים קינואה וירק 160 גרם,דיפלומט מפיצים (1968) בעמ**,PL,טונה סטארקיסט סלמון,גרמים,160.00,100 גרם,false,1,15.90,9.94,true,1,
7290017637662,false,שמפו שימר להדגשת גוונים בהיר מיקי בוגנים 500 מל,סאסטק מיקי בוגנים,,שמפו שימר 500 מל מיק,Unknown,0.00,Unknown,false,1,24.90,24.90,true,1,
7290017647166,false,יין פינו נואר גמלא 2021 750 מל,יקבי רמת הגולן,,יין פינו נואר גמלא 2,Unknown,0.00,Unknown,false,1,63.90,63.90,true,1,
7290017647425,false,"יין גמלא קברנה סוביניון שנת 2018 750 מ""ל",היכל היין שקד גולן בעמ,,יין גמלא קברנה סובינ,Unknown,0.00,Unknown,false,1,64.40,64.40,true,1,
7290017677804,false,"רוטב סויה קיקומן ללא חומרים משמרים 444 מ""ל",דיפלומט מפיצים (1968) בעמ**,,רוטב סויה קיקומן 444,מיליליטרים,444.00,"100 מ""ל",false,1,19.90,4.48,true,1,
7290017712192,false,פרמיו שימורי מזון מלא עם נתחי פילה עוף ו,שחורי אריה ואנסטסיה,,פרמיו שימורי מזון מל,Unknown,0.00,Unknown,false,1,4.90,4.90,true,1,
7290017712239,false,פרמיו שימורי מזון מלא עם עוף לכלב במקרם,שחורי אריה ואנסטסיה,,פרמיו שימורי מזון מל,Unknown,0.00,Unknown,false,1,5.90,5.90,true,1,
7290017712659,false,הוריזן עוף לגור כלבים ננסי 100 גר`,שחורי אריה ואנסטסיה,,הוריזן עוף לגור כלבי,Unknown,1.00,Unknown,false,1,4.90,4.90,true,1,
7290017712727,false,פרמיו גור חתולים בקר וכבד,שחורי אריה ואנסטסיה,,פרמיו גור בקר וכבד 1,Unknown,0.00,Unknown,false,1,4.90,4.90,true,1,
7290017712765,false,פרימו סלמון ופורל לחתול,שחורי אריה ואנסטסיה,,פרמיו סלמון ופורל 10,Unknown,0.00,Unknown,false,1,4.90,4.90,true,1,
7290017712796,false,פרמיו סטריליז דג קוד 100 גרם לחתול,שחורי אריה ואנסטסיה,,פרמיו סטריליז דג קוד,Unknown,0.00,Unknown,false,1,4.90,4.90,true,1,
>>>>>>> d048ac2f4f281c9d788043ab4e81b61b0dbe3743
7290017715889,false,מוזלי גרנולה עם אגוזים 600 גרם,ויטליה,,מוזלי עם אגוזים 600,מיליליטרים,600.00,"100 מ""ל",false,1,15.60,2.60,true,1,
7290017746197,false,לחמניות המבורגר 6יחידות,מאפיית דוידוביץ ובניו בע,IL,המבורגר 100 גרם,גרמים,100.00,100 גרם,false,1,13.90,13.90,true,1,
7290017791203,false,קרקר כוסמין מלא - סלק - פת במלח,טחנת האבן קואופ בעמ,IL,קרקר כוסמין מלא סלק,גרמים,225.00,100 גרם,false,1,26.50,11.78,true,1,
7290017812571,false,מיץ ענבים תירוש אדום 100% טבעי כרמל 1 ליטר,אגודת הכורמים -כרמל מזרחי,,יין תירוש אדום 100%,Unknown,0.00,Unknown,false,1,19.90,19.90,true,1,
7290017812663,false,"תירוש לבן מיץ ענבים מבעבע כרמל 750 מ""ל",ג'\קובז'\י איי.אי פיגלי,,תירוש מבעבע לבן 750,Unknown,0.00,Unknown,false,1,21.50,21.50,true,1,
7290017812830,false,יין רוזה פרייבט קולקשיין 750מל יקבי כרמל,"כד בני דרום בע""מ",,"יין רוזה 750 מ""ל P.C",Unknown,0.00,Unknown,false,1,33.20,33.20,true,1,
7290017816005,false,בייגלה כוסמין שמיניות שומשום 300 גר`,גורי מוצרי צריכה (1991) בעמ,IL,בייגלה כוסמין שמיניו,גרמים,300.00,100 גרם,false,1,15.50,5.17,true,1,
7290017816111,false,פתי בר הכוסמין המקורי 220 גר`,גורי מוצרי צריכה (1991) בעמ,IL,פתי בר מקור הכוסמין,גרמים,220.00,100 גרם,false,1,10.90,4.95,true,1,
7290017870250,false,כוס נייר גלים 12OZ ע,,CN,כוס נייר גלים 12OZ ע,Unknown,0.00,Unknown,false,1,15.90,15.90,true,1,
7290017870717,false,"צלחת 8"" מרובעת מתכלה",HINDUSTAN ARECA PROD,IN,צלחת 8 בינונית מרוב,Unknown,1.00,Unknown,false,1,14.50,14.50,true,1,
7290017870762,false,מגש מלבני מתכלה עץ ד,HINDUSTAN ARECA PROD,IN,מגש מלבני מתכלה מעץ,Unknown,1.00,Unknown,false,1,14.50,14.50,true,1,
7290017871363,false,פמילי יהלום- פמלי סבון ידיים מועשר בשמן מקדמיה לניקוי וטיפוח עור הידיים,המאפיה של הרמן,TR,סבון ידיים פמלי יהלו,מיליליטרים,500.00,"100 מ""ל",false,1,10.90,2.18,true,1,
7290017871370,false,פמילי יהלום- סבון ידיים מועשר בשמן אבוקדו לניקוי וטיפוח עור הידיים,המאפיה של הרמן,TR,סבון ידיים פמלי יהלו,מיליליטרים,500.00,"100 מ""ל",false,1,10.90,2.18,true,1,
7290017871554,false,טוסו חטיף תמרים ושברי קקאו ללא גלוטן וללא תוספת סוכר,תות תעשיות מזון (2014) ב,IL,חטיף תמרים ושברי קקא,גרמים,140.00,100 גרם,false,1,16.90,12.07,true,1,
7290017872056,false,פמלי אל סבון 3*1 הסדרה הלבנה-מעורב 500 גרם*3,אברנסל קוסמטיקס,TR,אל סבון פמלי הסדרה ה,מיליליטרים,1500.00,"100 מ""ל",false,1,17.70,1.18,true,1,
7290017872667,false,"פמלי יהלום-סבון ידיים עם שמן קמומיל 500 מ""ל",המאפיה של הרמן,,סבון ידיים פמלי יהלו,מיליליטרים,500.00,"100 מ""ל",false,1,10.90,2.18,true,1,
7290017888026,false,"משקה אננס תפוח גזר פרות & ווג 350 מ""ל",יפאורה שותפות מוגבלת לשיווק,IL,פרוט & וג אננס תפוח,מיליליטרים,350.00,"100 מ""ל",false,1,7.50,2.14,true,1,
7290017888033,false,"משקה בננה מלון נענע פרות &ווג 350 מ""ל",יפאורה שותפות מוגבלת לשיווק,IL,פרוט & וג בננה מלון,מיליליטרים,350.00,"100 מ""ל",false,1,7.50,2.14,true,1,
7290017888347,false,מי עדן פקק ספורטאים 500,"מי עדן בע""מ",IL,מי עדן אישי 500 מל,מיליליטרים,500.00,"100 מ""ל",false,1,2.90,0.58,true,1,
<<<<<<< HEAD
7290017888729,false,שוופס סודה בקבוק 1 ל',"יפאורה תבורי בע""\מ",IL,שוופס סודה 1 ליטר,מיליליטרים,1000.00,"100 מ""ל",false,1,3.90,0.39,true,1,
=======
7290017888644,false,"משקה אננס בננה כורכום פרות & ווג 350 מ""ל",יפאורה שותפות מוגבלת לשיווק,IL,פרוט & וג בננה מלון,מיליליטרים,350.00,"100 מ""ל",false,1,7.50,2.14,true,1,
7290017888729,false,שוופס סודה בקבוק 1 ל',יפאורה שותפות מוגבלת לשיווק,IL,שוופס סודה 1 ליטר,מיליליטרים,1000.00,"100 מ""ל",false,1,3.90,0.39,true,1,
>>>>>>> d048ac2f4f281c9d788043ab4e81b61b0dbe3743
7290017894096,false,ממרח בטעם מיונז טבעוני אורגני 350 גרם,אף.סי תבליני בגליל ב,DE,ממרח בטעם מיונז טבעו,גרמים,350.00,100 גרם,false,1,23.90,6.83,true,1,
7290017894225,false,גרנולה ש.שועל מלאה ואגוזים דגש 250 גרם,דגש,IL,גרנולה ש.שועל מלאה ו,גרמים,250.00,100 גרם,false,1,21.90,8.76,true,1,
7290017894256,false,"פריכיות מאורז מלא לל""ג דגש 230 גרם",דגש,,פריכיות מאורז מלא לל,גרמים,230.00,100 גרם,false,1,14.90,6.48,true,1,
7290017894287,false,שקיות אוכל מנייר אקולוגי 50 יח,,IL,שקיות אוכל מנייר אקו,Unknown,0.00,Unknown,false,1,14.90,14.90,true,1,
7290017894331,false,חמאת אגוזי נמר לוז וקשיו 350 גרם,,IT,חמאת אגוזי נמר לוז ו,גרמים,350.00,100 גרם,false,1,33.90,9.69,true,1,
7290017907222,false,תערובת קמח תופח לנמנעים מגלוטן,י.איטליאנו אחזקות בעמ,IL,קמח תמי תופח ללא גלו,גרמים,500.00,100 גרם,false,1,18.80,3.76,true,1,
7290017917283,false,מגבונים מילוי קמיל בלו ללא בישום רביעייה,"פישר תעשיות פרמצביטות בע""מ",IL,"מגבוני קמיל בלו ד""ר",Unknown,0.00,Unknown,false,1,19.90,19.90,true,1,
7290017917382,false,אל סבון היגייני לניקוי יסודי ולהרגע העור clean & calm,"פישר תעשיות פרמבצטיות בע""מ",IL,אל סבון נוזלי קמיל ב,ליטרים,0.00,ליטר,false,1,15.90,15.90,true,1,
7290017924694,false,עדשים אדומות אורגני 500 גרם,כרם תעשיות,IL,עדשים אדומות אורגני,גרמים,500.00,100 גרם,false,1,11.50,2.30,true,1,
7290017924717,false,בורגול עבה אורגני 500 גרם,כרם תעשיות,IL,בורגול עבה אורגני 50,גרמים,500.00,100 גרם,false,1,7.90,1.58,true,1,
7290017924786,false,זרעי שומשום מלא אורגני 500 גרם,כרם תעשיות,IL,זרעי שומשום מלא אורג,גרמים,500.00,100 גרם,false,1,12.90,2.58,true,1,
<<<<<<< HEAD
7290017925554,false,"חמישיית בירה לאגר באדוויזר 5*330 מ""ל+כוס",באדוויזר בודוואר צכי,,חמישיית בירה לאגר בא,מיליליטרים,1650.00,"100 מ""ל",false,1,32.90,1.99,true,1,
7290017925967,false,"מאגדת רביעיה בירה מלכה 4*330 מ""ל","בירה מלכה בע""מ",IL,מאגדת רביעיה בירה מל,מיליליטרים,1320.00,"100 מ""ל",false,1,49.30,3.73,true,1,
7290017928036,false,מקלות גריסיני שומשום מאיר בייגל 175 גרם,מאיר את בייגל,IL,מקלות גריסיני שומשום,גרמים,175.00,100 גרם,false,1,12.50,7.14,true,1,
7290017928043,false,מקלות גריסיני קראנץ' מלח מאיר בייגל 175 גרם,מאיר את בייגל,IL,גריסיני קראנץ מלח 17,גרמים,175.00,100 גרם,false,1,12.50,7.14,true,1,
7290017928449,false,שטוחלה פרו מלח מאיר בייגל 170 גרם,מאיר את בייגל,IL,בייגלה שטוחלה פרו מל,גרמים,170.00,100 גרם,false,1,12.50,7.35,true,1,
7290017928463,false,מאיר בייגל -סמאש-שבורים בטעם דבש חרדל ובצל 300 גרם,מאיר בייגל,BG,סמאש שבורים בטעם דבש,גרמים,300.00,100 גרם,false,1,15.60,5.20,true,1,
7290017928609,false,בייגלה טבעות שומשום מאיר בייגל 300 גרם,מאיר את בייגל,IL,בייגלה טבעות שומשום,גרמים,300.00,100 גרם,false,1,12.50,4.17,true,1,
7290017928661,false,מאיר בייגל -סמאש-שבורים בטעם צ'דר 300 גרם,מאיר בייגל,BG,סמאש שבורים בטעם צדר,גרמים,300.00,100 גרם,false,1,15.60,5.20,true,1,
=======
7290017925967,false,"מאגדת רביעיה בירה מלכה 4*330 מ""ל",הכרם - משקאות חריפים בעמ,IL,מאגדת רביעיה בירה מל,מיליליטרים,1320.00,"100 מ""ל",false,1,49.30,3.73,true,1,
7290017928036,false,מקלות גריסיני שומשום מאיר בייגל 175 גרם,מאיר את בייגל,IL,מקלות גריסיני שומשום,גרמים,175.00,100 גרם,false,1,12.50,7.14,true,1,
7290017928043,false,מקלות גריסיני קראנץ' מלח מאיר בייגל 175 גרם,מאיר את בייגל,IL,גריסיני קראנץ מלח 17,גרמים,175.00,100 גרם,false,1,12.50,7.14,true,1,
7290017928449,false,בייגלה שטוחלה פרו מלח 170 גר`מאיר בייגל,מאיר את בייגל,IL,בייגלה שטוחלה פרו מל,גרמים,170.00,100 גרם,false,1,12.50,7.35,true,1,
7290017928609,false,בייגלה טבעות שומשום מאיר בייגל 300 גרם,מאיר את בייגל,IL,בייגלה טבעות שומשום,גרמים,300.00,100 גרם,false,1,12.50,4.17,true,1,
7290017928746,false,פירורי בייגלה מאיר בייגל 200 גרם,"דנשר (1963) בע,מ",,פירורי בייגלה מאיר ב,גרמים,200.00,100 גרם,false,1,6.90,3.45,true,1,
>>>>>>> d048ac2f4f281c9d788043ab4e81b61b0dbe3743
7290017928821,false,מקלות גריסיני קלאסי מאיר בייגל 200 גרם,מאיר את בייגל,IL,מקלות גריסיני קלאסי,גרמים,200.00,100 גרם,false,1,12.50,6.25,true,1,
7290017932231,false,"סירופ מייפל טהור גאלה 250 מ""ל",בולדוק מייפל פרודקס,,סירופ מייפל טהור גאל,מיליליטרים,250.00,"100 מ""ל",false,1,33.90,13.56,true,1,
7290017946368,false,שלישיית כדוריות סבון לאסלה אוקיינוס סוד 50 גרם,גורי שיווק בעמ,,סבון לאסלה כדוריות א,יחידה,1.00,יחידה,false,1,26.50,26.50,true,1,
7290017962030,false,גרנולה סופר בריס 330 גרם,"דני וגלית בע""מ",IL,גרנולה סופר בריס 330,גרמים,330.00,100 גרם,false,1,21.90,6.64,true,1,
7290017973524,false,ממרח חצילים בצנצנת פרימיום סלקט 370 גר,,UA,ממרח חצילים בצנצנת פ,גרמים,370.00,100 גרם,false,1,7.90,2.14,true,1,
7290018038444,false,פיצה זוגית מרגריטה מבצק כוסמין 380 גר,פרוזן פקטורי,,פיצה זוגית מרגריטה מ,גרמים,380.00,100 גרם,false,1,26.50,6.97,true,1,
7290018038888,false,פיצה זוגית מרגריטה פרמזן 380 גר,פרוזן פקטורי,,פיצה זוגית מרגריטה פ,גרמים,380.00,100 גרם,false,1,26.50,6.97,true,1,
<<<<<<< HEAD
7290018045497,false,בון בון דגנים במילוי קרם שוקולד 480 גרם,monday,DE,דגניםבמילוי קרם שוקו,מטרים,0.00,מטר,false,1,23.90,23.90,true,1,
7290018045893,false,בון בון דגנים במילוי קרם נוגט 480 גרם,monday,DE,דגניםבמילוי קרם נוגט,מטרים,0.00,מטר,false,1,23.90,23.90,true,1,
7290018091074,false,בצק עוגיות שוקולד צ'יפס 300 גרם מעדנות,תנובה מעדנות,IL,בצק עוגיות שוקולד צי,גרמים,300.00,100 גרם,false,1,17.90,5.97,true,1,
7290018091272,false,בצק עוגיות קקאו טריפל שוקולד צ'יפס 300 גרם מעדנות,תנובה מעדנות,IL,בצק עוגיות קקאו טריפ,גרמים,300.00,100 גרם,false,1,17.90,5.97,true,1,
7290018098592,false,שווארמה טבעוניות ביף,"אופק מן הטבע בע""\מ",IL,שווארמה 300 גר BEEF,גרמים,300.00,100 גרם,false,1,21.90,7.30,true,1,
7290018115039,false,אבוקדו מוכן לאכילה,אראל תוצרת חקלאית בע,,אבוקדו בשל,Unknown,0.00,Unknown,false,1,14.90,14.90,true,1,
7290018198254,false,"תפוגן קריספי צ'יפס פוטטוס 1.25 ק""ג",עיצובים 2020 (4.5),IL,תפוגן קריספי ציפס פו,גרמים,1250.00,100 גרם,false,1,26.50,2.12,true,1,
7290018236635,false,צ'ונגו-פופקורן מצופה עוף טוב 600 גרם,מוצרי עוף טוב (2001) בע\,,עוף טוב צונגו פופקור,גרמים,600.00,100 גרם,false,1,34.90,5.82,true,1,
7290018237939,false,שניצלונים ציפוי שומשום עוף טוב 700 גרם,מוצרי עוף טוב (2001) בע\,IL,שניצלונים ציפוי שומש,גרמים,700.00,100 גרם,false,1,22.90,3.27,true,1,
7290018249154,false,ממרח קקאו עם אגוזי לוז 350 גר,"אחדות ביח""ר לטחינה ח",,ממרח קקאו סוויטאנגו,גרמים,350.00,100 גרם,false,1,33.90,9.69,true,1,
7290018249352,false,אינסטנט פודינג קרמל סוויטאנגו 55 גר,מתבל תעשיות מזון,,אינסטנט פודינג קרמל,גרמים,55.00,100 גרם,false,1,12.90,23.45,true,1,
7290018249994,false,סוויטאנגו תחליף סוכר ממתיק 700 גר',מתבל תעשיות מזון,IL,סוויטאנגו 700 גרם,גרמים,700.00,100 גרם,false,1,56.90,8.13,true,1,
=======
7290018045497,false,דגני בוקר בון בון במילוי קרם שוקולד 480,ר.ב. מוצרי דגנים בעמ,DE,דגניםבמילוי קרם שוקו,מטרים,0.00,מטר,false,1,23.90,23.90,true,1,
7290018045893,false,דגני בוקר בון בון במילוי קרם נוגט 480 גר,ר.ב. מוצרי דגנים בעמ,DE,דגניםבמילוי קרם נוגט,מטרים,0.00,מטר,false,1,23.90,23.90,true,1,
7290018091074,false,בצק עוגיות שוקולד צ'יפס 300 גרם מעדנות,תנובה מרכז שיתופי לשיווק תוצרת,IL,בצק עוגיות שוקולד צי,גרמים,300.00,100 גרם,false,1,17.90,5.97,true,1,
7290018091272,false,בצק עוגיות קקאו טריפל שוקולד צ'יפס 300 גרם מעדנות,תנובה מרכז שיתופי לשיווק תוצרת,IL,בצק עוגיות קקאו טריפ,גרמים,300.00,100 גרם,false,1,17.90,5.97,true,1,
7290018098592,false,שווארמה טבעוניות ביף,גורי מוצרי צריכה (1991) בעמ,IL,שווארמה 300 גר BEEF,גרמים,300.00,100 גרם,false,1,21.90,7.30,true,1,
7290018115039,false,אבוקדו מוכן לאכילה,ביכורי השדה צפון 1994 ג.ד. בעמ,,אבוקדו בשל,Unknown,0.00,Unknown,false,1,14.90,14.90,true,1,
7290018198254,false,"תפוגן קריספי צ'יפס פוטטוס 1.25 ק""ג",קבוצת אוסם סחר שותפות מוגבלת,IL,תפוגן קריספי ציפס פו,גרמים,1250.00,100 גרם,false,1,26.50,2.12,true,1,
7290018236635,false,צ'ונגו-פופקורן מצופה עוף טוב 600 גרם,קבוצת אוסם סחר שותפות מוגבלת,,עוף טוב צונגו פופקור,גרמים,600.00,100 גרם,false,1,34.90,5.82,true,1,
7290018237939,false,שניצלונים ציפוי שומשום עוף טוב 700 גרם,קבוצת אוסם סחר שותפות מוגבלת,IL,שניצלונים ציפוי שומש,גרמים,700.00,100 גרם,false,1,22.90,3.27,true,1,
7290018249154,false,ממרח קקאו עם אגוזי סוויטאנגו 350 גר`,י.איטליאנו אחזקות בעמ,,ממרח קקאו סוויטאנגו,גרמים,350.00,100 גרם,false,1,33.90,9.69,true,1,
7290018249352,false,אינסטנט פודינג קרמל סוויטאנגו 55 גר,י.איטליאנו אחזקות בעמ,,אינסטנט פודינג קרמל,גרמים,55.00,100 גרם,false,1,12.90,23.45,true,1,
7290018249994,false,סוויטאנגו תחליף סוכר ממתיק 700 גר',י.איטליאנו אחזקות בעמ,IL,סוויטאנגו 700 גרם,גרמים,700.00,100 גרם,false,1,56.90,8.13,true,1,
>>>>>>> d048ac2f4f281c9d788043ab4e81b61b0dbe3743
7290018285077,false,רוטב עגבנייה פיקנטי דר שקשוקה 400 גרם,קונסורציו קאזאלאסקו,,רוטב עגבנייה פיקנטי,גרמים,400.00,100 גרם,false,1,14.90,3.73,true,1,
7290018338032,false,"שמן זית אורגני 750 מ""ל",,,שמן זית אורגני 750 מ,מיליליטרים,750.00,"100 מ""ל",false,1,46.90,6.25,true,1,
7290018338070,false,חיטה פריקי טבעי 500 גרם,תבואות,,חיטת פריקי 500 גרם,גרמים,500.00,100 גרם,false,1,12.90,2.58,true,1,
7290018338285,false,גראם מסאלה אורגני 90 גרם,,IN,גראם מסאלה אורגני 90,גרמים,90.00,100 גרם,false,1,14.90,16.56,true,1,
7290018338438,false,פניני טפיוקה קטן 400 גרם,,,פניני טפיוקה קטן 400,גרמים,400.00,100 גרם,false,1,8.90,2.23,true,1,
7290018338445,false,פניני טפיוקה גדול 400 גרם,,,פניני טפיוקה גדול 40,גרמים,400.00,100 גרם,false,1,8.90,2.23,true,1,
7290018338537,false,מיץ פירות אדומים מעורבים אורגני 1 ליטר,תבואות,,מיץ פירות אדומים מעו,מיליליטרים,1000.00,"100 מ""ל",false,1,15.90,1.59,true,1,
7290018338766,false,עלי דפנה שלמים אורגני 30 גרם,,IN,עלי דפנה שלמים אורגנ,גרמים,30.00,100 גרם,false,1,14.90,49.67,true,1,
7290018338971,false,מחית שזיף אורגני 100 גרם,תבואות,IT,מחית שזיף אורגני 100,גרמים,100.00,100 גרם,false,1,4.90,4.90,true,1,
<<<<<<< HEAD
=======
7290018343296,false,אלכוג`ל הגיינת הידיים 100 מלפישר,פישר תעשיות פרמצבטיות בעמ,IL,"אלכוגל H ד""ר פישר 10",מיליליטרים,100.00,"100 מ""ל",false,1,14.90,14.90,true,1,
>>>>>>> d048ac2f4f281c9d788043ab4e81b61b0dbe3743
7290018343388,false,"ספריי אלכו גל 100 מ""ל",מדי פישר,IL,"ספריי אלכוגל 100 מ""ל",מיליליטרים,100.00,"100 מ""ל",false,1,24.90,24.90,true,1,
7290018343517,false,מגבוני אלכוג'ל פרמה וויפס לניקוי משטחים פישר 60 יח',"פישר תעשיות פרמצביטות בע""מ",,"מגבוני אלכוגל ד""ר פי",יחידה,1.00,יחידה,false,1,19.90,19.90,true,1,
7290018359495,false,תירס מהשדה בלי תוספת סוכר יכין 550 גרם,היינץ צפון אמריקה מק,IL,תירס מהשדה ללא תוספת,גרמים,550.00,100 גרם,false,1,9.90,1.80,true,1,
7290018359518,false,תירס מהשדה בלי תוספת סוכר יכין מארז 200X3 גר',היינץ צפון אמריקה מק,,תירס מהשדה יכין 200*,גרמים,600.00,100 גרם,false,1,14.90,2.48,true,1,
<<<<<<< HEAD
7290018359570,false,"שלישיית שעועית צ'ילי ""הקטניה הטובה"" יכין",זנלכל,,שעועית צילי הקטניה,גרמים,600.00,100 גרם,false,1,12.90,2.15,true,1,
7290018359587,false,חומוס הקטניה הטובה יכין מארז 3*200 גר,זנלכל,,חומוס הקטניה הטובה י,גרמים,600.00,100 גרם,false,1,12.90,2.15,true,1,
7290018359655,false,מארז פטריות חתוכות יכין 200X3 גרם,יכין,,פטריות חתוכות יכין 1,גרמים,185.00,100 גרם,false,1,11.90,6.43,true,1,
7290018359662,false,קוביות סלק יכין מארז 3*200 גרם,זנלכל,,קוביות סלק יכין מארז,גרמים,600.00,100 גרם,false,1,15.90,2.65,true,1,
7290018359686,false,יכין חומוס גדול 550 גר A2,היינץ צפון אמריקה מק,IL,חומוס ענק יכין 550 ג,גרמים,550.00,100 גרם,false,1,9.90,1.80,true,1,
=======
7290018359570,false,"שלישיית שעועית צ'ילי ""הקטניה הטובה"" יכין",זנלכל בעמ,,שעועית צילי הקטניה,גרמים,600.00,100 גרם,false,1,12.90,2.15,true,1,
7290018359587,false,חומוס שלם הקטניה הטובה יכין מארז 3*200,זנלכל בעמ,,חומוס הקטניה הטובה י,גרמים,600.00,100 גרם,false,1,12.90,2.15,true,1,
7290018359655,false,מארז פטריות חתוכות יכין 200X3 גרם,זנלכל בעמ,,פטריות חתוכות יכין 1,גרמים,185.00,100 גרם,false,1,11.90,6.43,true,1,
7290018359662,false,קוביות סלק יכין מארז שלישייה 3*200 גרם,זנלכל בעמ,,קוביות סלק יכין מארז,גרמים,600.00,100 גרם,false,1,15.90,2.65,true,1,
>>>>>>> d048ac2f4f281c9d788043ab4e81b61b0dbe3743
7290018359716,false,רוטב עגבניות פיצה טוסקנה 240 גרם יכין,"זנלכל בע""\מ",IL,רוטב עגבניות פיצה ט,גרמים,240.00,100 גרם,false,1,6.50,2.71,true,1,
7290018359860,false,רסק עגבניות ליקופן טבעי 2*200גר יכין .,זנלכל בעמ,,רסק עגבניות ליקופן ט,גרמים,400.00,100 גרם,false,1,14.90,3.73,true,1,
7290018367346,false,שומשום בטעם וואסבי 100 גרם,Flavor full foods in,TW,שומשום בטעם וואסבי 1,גרמים,100.00,100 גרם,false,1,18.90,18.90,true,1,
7290018371169,false,זיתים ירוקים ללא גלעינים אורגני 290 גרם,השדה מוצרים טבעיים ו,GR,זיתים ירוקים ללא גלע,גרמים,290.00,100 גרם,false,1,14.90,5.14,true,1,
7290018371213,false,מחית (סקוויז) תפוח עץ ואפרסק אורגניים 100 גרם,השדה מוצרים טבעיים ו,ES,מחית תפוח עץ ואפרסק,גרמים,100.00,100 גרם,false,1,4.90,4.90,true,1,
7290018371220,false,"חמאת בוטנים ללת""ס/מלח אורגני 400 גרם",כפרי בריא,IL,"חמאת בוטנים ללת""ס/מל",גרמים,400.00,100 גרם,false,1,22.90,5.73,true,1,
7290018371503,false,וופל קמח כוסמין אגוזים אורגני 200 גרם,השדה מוצרים טבעיים ו,IL,וופל קמח כוסמין אגוז,גרמים,200.00,100 גרם,false,1,15.90,7.95,true,1,
7290018371510,false,וופל קמח כוסמין לימון אורגני 200 גרם,השדה מוצרים טבעיים ו,IL,וופל קמח כוסמין לימו,גרמים,200.00,100 גרם,false,1,15.90,7.95,true,1,
7290018380024,false,מלפפון במלח 13-17+ 20 % 670 ג' תומר,,IL,מלפפון במלח 13-17 +,גרמים,670.00,100 גרם,false,1,9.40,1.40,true,1,
7290018380031,false,מלפפון בחומץ 18-25+ 20 % 670 ג' תומר,,IL,מלפפון בחומץ 18-25 +,גרמים,670.00,100 גרם,false,1,9.90,1.48,true,1,
7290018380406,false,עוגיות בטעם חמאה בפח 114 גרם,ESS PEE,,עוגיות בטעם חמאה 114,גרמים,114.00,100 גרם,false,1,6.90,6.05,true,1,
<<<<<<< HEAD
7290018380628,false,צלפים שלמים עם גבעול בחומץ תומר 370 גרם,,MA,צלפים עם גבעול במי מ,גרמים,370.00,100 גרם,false,1,13.50,3.65,true,1,
7290018394038,false,פטריות שיטאקה מיובשות חוות תקוע 25 גרם,חקלאי,,פיטריות שיטאקי מיובש,Unknown,0.00,Unknown,false,1,10.90,10.90,true,1,
7290018400036,false,חגיגת טעמים כתומים לתנור סנפרוסט 800 גרם,"סנפרוסט בע""מ",IL,חגיגת טעמים כתומים,גרמים,800.00,100 גרם,false,1,24.90,3.11,true,1,
7290018400647,false,סמודיז בננה תמר סנפרוסט 300 גרם,"סנפרוסט בע""\מ",,סמודיז בננה תמר סנפר,גרמים,300.00,100 גרם,false,1,18.90,6.30,true,1,
7290018440070,false,תרכיז עגבניות בשפורפרת 28BX בלה איטליה 200 ג',בלה איטליה Bella Italia,,תרכיז עגבניות בשפורפ,גרמים,200.00,100 גרם,false,1,9.40,4.70,true,1,
7290018440230,false,תה צ'אי ורדים 25 שקיקים ויסוצקי,תה ויסוצקי,,צאי ורדים 25 שקיקים,גרמים,50.00,100 גרם,false,1,21.90,43.80,true,1,
7290018440254,false,תה צ'אי קרמל מלוח 25 שקיקים ויסוצקי,תה ויסוצקי,,צאי קרמל מלוח 25 שק,גרמים,50.00,100 גרם,false,1,21.90,43.80,true,1,
7290018440384,false,תה ירוק מאטה לימון נענע ויסוצקי 25 יחידות,תה ויסוצקי,,תה ירוק מאטה לימון נ,גרמים,400.00,100 גרם,false,1,24.90,6.23,true,1,
7290018440445,false,טונה קאלוו בשמן זית 160 גר,"קאלוו קונסרבס ס.ל.יו. ,",,טונה קאלוו בשמן זית,גרמים,160.00,100 גרם,false,1,16.90,10.56,true,1,
7290018440483,false,פליפז בייגלה מצופה בקרמל מלוח ושוקולד מקוויטיס 140 גרם,שוורצקוף& הנקל דיסלד,,140 בייגלה מצופה בק,גרמים,140.00,100 גרם,false,1,8.90,6.36,true,1,
7290018468425,false,נקניק טבעוני בטעם פיקנטי 100 גרם טירת צבי,טיב טירת צבי 2000,IL,נקניק טבעוני בטעם פק,גרמים,100.00,100 גרם,false,1,19.90,19.90,true,1,
7290018468432,false,נקניק טבעוני בטעם מעושן 100 גרם טירת צבי,טיב טירת צבי 2000,IL,נקניק טבעוני בטעם מע,גרמים,100.00,100 גרם,false,1,19.90,19.90,true,1,
7290018471128,false,"ספרינג שייק אננס מנגו פסיפלורה זכוכית 330 מ""ל","יפאורה תבורי בע""\מ",IL,ספרינג שייק אננס מנג,מיליליטרים,330.00,"100 מ""ל",false,1,8.50,2.58,true,1,
7290018471180,false,משקה פרוט& ווג' אננס תפוח גזר 1 ליטר,מיוצר עי קונדיטוריית,IL,פרוט & ווג אננס תפוח,מיליליטרים,1000.00,"100 מ""ל",false,1,14.90,1.49,true,1,
7290018471197,false,פרוט & ווג' תפוח בננה מלון נענע 1 ליטר,פרוט אנד וג' Fruit & Veg,IL,פרוט & ווג תפוח בננה,מיליליטרים,1000.00,"100 מ""ל",false,1,14.90,1.49,true,1,
7290018471210,false,קרטונית נקטר ספרינג תפוח סברס 1 ליטר,"יפאורה תבורי בע""\מ",,קרטונית נקטר ספרינג,מיליליטרים,1000.00,"100 מ""ל",false,1,6.90,0.69,true,1,
7290018471395,false,משקה פרוט& ווג' תפוח רימון ג'ינג'ר 1 ליטר,פרוט אנד וג' Fruit & Veg,IL,פרוט & ווג תפוח רימו,מיליליטרים,1000.00,"100 מ""ל",false,1,14.90,1.49,true,1,
7290018471449,false,קרטונית ספרינג שייק בננה תמר תפוז 1 ליטר,"יפאורה תבורי בע""\מ",IL,ספרינג שייק בננה תמר,מיליליטרים,1000.00,"100 מ""ל",false,1,14.30,1.43,true,1,
7290018471487,false,תפוזינה נקטר תפוז אננס קרטונית 1 ליטר,"יפאורה תבורי בע""\מ",,תפוזינה תפוז אננס 1,מיליליטרים,1000.00,"100 מ""ל",false,1,7.60,0.76,true,1,
7290018471494,false,תפוזינה משקה תפוז גזר קרטונית 1 ליטר,"יפאורה תבורי בע""\מ",,תפוזינה תפוז גזר 1 ל,מיליליטרים,1000.00,"100 מ""ל",false,1,7.60,0.76,true,1,
7290018471616,false,שוופס אינדיאן טוניק 1 ליטר,"יפאורה תבורי בע""\מ",IL,שוופס טוניק קלאסי 1,מיליליטרים,1000.00,"100 מ""ל",false,1,9.20,0.92,true,1,
7290018471913,false,משקה מוגז פירות תפוחים שוופס 1.5 ליטר,"יפאורה תבורי בע""\מ",IL,שוופס מוגז תפוחים 1.,ליטרים,0.00,ליטר,false,1,9.20,9.20,true,1,
7290018471920,false,שוופס מוגז פירות ענבים 1.5 ליטר פיקדון,"יפאורה תבורי בע""\מ",IL,שוופס מוגז ענבים 1.5,ליטרים,0.00,ליטר,false,1,9.20,9.20,true,1,
7290018471937,false,שוופס מוגז פירות תות ליים 1.5 ליטר פיקדון,"יפאורה תבורי בע""\מ",IL,שוופס מוגז פירות תות,ליטרים,0.00,ליטר,false,1,9.20,9.20,true,1,
7290018471944,false,שוופס מוגז פירות לימונייד 1.5 ליטר פיקדון,"יפאורה תבורי בע""\מ",IL,שוופס מוגז לימונייד,ליטרים,0.00,ליטר,false,1,9.20,9.20,true,1,
7290018493144,false,קמיל קלין &נוריש אל סבון מועשר בשמן ארגן 1 ליטר,פישר מעבדות פרמצבטיות,,אל סבון היגייני קמיל,ליטרים,0.00,ליטר,false,1,15.90,15.90,true,1,
7290018493748,false,"ד""ר פישר - מגבונים להסרת איפור אקסטרה סופט 30 יח' * 3",פישר מעבדות פרמצבטיות בע,,"ד""ר פישר מגבוני הסרת",Unknown,0.00,Unknown,false,1,29.90,29.90,true,1,
7290018516041,false,פרמיו דליקט עוף לחתול,פרמיו Premio,,פרמיו דליקט עוף 56 ג,Unknown,1.00,Unknown,false,1,9.90,9.90,true,1,
7290018516089,false,פרמיו דליקט טונה ודג קוד לחתול,פרמיו Premio,,פרמיו דליקט טונה דג,Unknown,1.00,Unknown,false,1,9.90,9.90,true,1,
7290018516331,false,פאוץ' פרינוק תפוח בננה ושיבולת שועל 120 גרם,פרוטה פודווין איי.אס,CZ,פאוץ פרינוק תפוח בננ,גרמים,120.00,100 גרם,false,1,6.50,5.42,true,1,
7290018516348,false,מחית פרינוק פאוץ' שיבולת שועל סלט פירות 120 גרם,פרוטה פודווין איי.אס,CZ,פאוץ פרינוק סלט פירו,גרמים,120.00,100 גרם,false,1,6.50,5.42,true,1,
7290018516362,false,מחיט תפוח עץ בננה ושבולות שועל 190 ג' פרינוק גוניור,פרוטה פודווין איי.אס,,"פרינוק גוניור תפ""ע+ב",גרמים,190.00,100 גרם,false,1,7.90,4.16,true,1,
7290018542101,false,נייר אפייה אקולוגי 3,,FR,נייר אפייה אקולוגי,Unknown,1.00,Unknown,false,1,7.90,7.90,true,1,
=======
7290018380628,false,צלפים שלמים עם גבעול בחומץ תומר 370 גרם,תומר יבוא ושיווק מוצרי מזון (1,MA,צלפים עם גבעול במי מ,גרמים,370.00,100 גרם,false,1,13.50,3.65,true,1,
7290018394038,false,פטריות שיטאקה מיובשות חוות תקוע 25 גרם,ביכורי השדה צפון 1994 ג.ד. בעמ,,פיטריות שיטאקי מיובש,Unknown,0.00,Unknown,false,1,10.90,10.90,true,1,
7290018400036,false,חגיגת טעמים כתומים לתנור סנפרוסט 800 גרם,תנובה קפואים,IL,חגיגת טעמים כתומים,גרמים,800.00,100 גרם,false,1,24.90,3.11,true,1,
7290018400647,false,סנפרוסט סמודיז בננה תמר 300 גרם SMOOTHI,תנובה ענף ב.ע.ד,,סמודיז בננה תמר סנפר,גרמים,300.00,100 גרם,false,1,18.90,6.30,true,1,
7290018440070,false,תרכיז עגבניות בשפורפרת 28BX בלה איטליה 200 ג',תה ויסוצקי (ישראל) בעמ,,תרכיז עגבניות בשפורפ,גרמים,200.00,100 גרם,false,1,9.40,4.70,true,1,
7290018440230,false,תה צ'אי ורדים 25 שקיקים ויסוצקי,תה ויסוצקי (ישראל) בעמ,,צאי ורדים 25 שקיקים,גרמים,50.00,100 גרם,false,1,21.90,43.80,true,1,
7290018440254,false,תה צ'אי קרמל מלוח 25 שקיקים ויסוצקי,תה ויסוצקי (ישראל) בעמ,,צאי קרמל מלוח 25 שק,גרמים,50.00,100 גרם,false,1,21.90,43.80,true,1,
7290018440384,false,תה ירוק מאטה לימון נענע ויסוצקי 25 יחידות,תה ויסוצקי (ישראל) בעמ,,תה ירוק מאטה לימון נ,גרמים,400.00,100 גרם,false,1,24.90,6.23,true,1,
7290018440445,false,טונה קאלוו בשמן זית 160 גר,תה ויסוצקי (ישראל) בעמ,,טונה קאלוו בשמן זית,גרמים,160.00,100 גרם,false,1,16.90,10.56,true,1,
7290018440483,false,פליפז בייגלה מצופה בקרמל מלוח ושוקולד מקוויטיס 140 גרם,תה ויסוצקי (ישראל) בעמ,,140 בייגלה מצופה בק,גרמים,140.00,100 גרם,false,1,8.90,6.36,true,1,
7290018468425,false,נקניק טבעוני בטעם פיקנטי 100 גרם טירת צבי,תנובה מרכז שיתופי לשיווק תוצרת,IL,נקניק טבעוני בטעם פק,גרמים,100.00,100 גרם,false,1,19.90,19.90,true,1,
7290018468432,false,נקניק טבעוני בטעם מעושן 100 גרם טירת צבי,תנובה מרכז שיתופי לשיווק תוצרת,IL,נקניק טבעוני בטעם מע,גרמים,100.00,100 גרם,false,1,19.90,19.90,true,1,
7290018471029,false,"סודה בטעם לימון - מארז 6 בקבוקים 500 מ""ל",יפאורה שותפות מוגבלת לשיווק,,שישיית שוופס סודה לי,מיליליטרים,1500.00,"100 מ""ל",false,1,14.50,0.97,true,1,
7290018471128,false,"ספרינג שייק אננס מנגו פסיפלורה זכוכית 330 מ""ל","יפאורה תבורי בע""\מ",IL,ספרינג שייק אננס מנג,מיליליטרים,330.00,"100 מ""ל",false,1,8.50,2.58,true,1,
7290018471180,false,משקה פרוט& ווג' אננס תפוח גזר 1 ליטר,יפאורה שותפות מוגבלת לשיווק,IL,פרוט & ווג אננס תפוח,מיליליטרים,1000.00,"100 מ""ל",false,1,14.90,1.49,true,1,
7290018471197,false,פרוט אנד ווג` תפוח בננה מלון נענע 1 ליטר,יפאורה שותפות מוגבלת לשיווק,IL,פרוט & ווג תפוח בננה,מיליליטרים,1000.00,"100 מ""ל",false,1,14.90,1.49,true,1,
7290018471395,false,משקה פרוט& ווג' תפוח רימון ג'ינג'ר 1 ליטר,יפאורה שותפות מוגבלת לשיווק,IL,פרוט & ווג תפוח רימו,מיליליטרים,1000.00,"100 מ""ל",false,1,14.90,1.49,true,1,
7290018471401,false,משקה פרוט& ווג' אננס בננה כורכום 1 ליטר,יפאורה שותפות מוגבלת לשיווק,IL,פרוט & ווג אננס בננה,מיליליטרים,1000.00,"100 מ""ל",false,1,14.90,1.49,true,1,
7290018471449,false,קרטונית ספרינג שייק בננה תמר תפוז 1 ליטר,יפאורה - שותפות מוגבלת לשיווק,IL,ספרינג שייק בננה תמר,מיליליטרים,1000.00,"100 מ""ל",false,1,14.30,1.43,true,1,
7290018471487,false,תפוזינה נקטר תפוז אננס קרטונית 1 ליטר,יפאורה שותפות מוגבלת לשיווק,,תפוזינה תפוז אננס 1,מיליליטרים,1000.00,"100 מ""ל",false,1,7.60,0.76,true,1,
7290018471494,false,תפוזינה משקה תפוז גזר קרטונית 1 ליטר,יפאורה שותפות מוגבלת לשיווק,,תפוזינה תפוז גזר 1 ל,מיליליטרים,1000.00,"100 מ""ל",false,1,7.60,0.76,true,1,
7290018471616,false,שוופס אינדיאן טוניק 1 ליטר,יפאורה שותפות מוגבלת לשיווק,IL,שוופס טוניק קלאסי 1,מיליליטרים,1000.00,"100 מ""ל",false,1,9.20,0.92,true,1,
7290018471913,false,משקה מוגז פירות תפוחים שוופס 1.5 ליטר,יפאורה - שותפות מוגבלת לשיווק,IL,שוופס מוגז תפוחים 1.,ליטרים,0.00,ליטר,false,1,9.20,9.20,true,1,
7290018471920,false,שוופס מוגז פירות ענבים 1.5 ליטר פיקדון,יפאורה - שותפות מוגבלת לשיווק,IL,שוופס מוגז ענבים 1.5,ליטרים,0.00,ליטר,false,1,9.20,9.20,true,1,
7290018471937,false,שוופס מוגז פירות תות ליים 1.5 ליטר פיקדון,יפאורה - שותפות מוגבלת לשיווק,IL,שוופס מוגז פירות תות,ליטרים,0.00,ליטר,false,1,9.20,9.20,true,1,
7290018471944,false,שוופס מוגז פירות לימונייד 1.5 ליטר פיקדון,יפאורה - שותפות מוגבלת לשיווק,IL,שוופס מוגז לימונייד,ליטרים,0.00,ליטר,false,1,9.20,9.20,true,1,
7290018493144,false,קמיל קלין &נוריש אל סבון מועשר בשמן ארגן 1 ליטר,"פישר תעשיות פרמצביטות בע""מ",,אל סבון היגייני קמיל,ליטרים,0.00,ליטר,false,1,15.90,15.90,true,1,
7290018493748,false,"ד""ר פישר - מגבונים להסרת איפור אקסטרה סופט 30 יח' * 3",פישר תעשיות פרמבצטיות בעמ,,"ד""ר פישר מגבוני הסרת",Unknown,0.00,Unknown,false,1,29.90,29.90,true,1,
7290018516041,false,פרמיו דליקט עוף לחתול,שחורי אריה ואנסטסיה,,פרמיו דליקט עוף 56 ג,Unknown,1.00,Unknown,false,1,9.90,9.90,true,1,
7290018516058,false,פרמיו דליקט טונה ושרימפס לחתול,פרמיו Premio,,פרמיו דליקט טונה ושר,Unknown,1.00,Unknown,false,1,9.90,9.90,true,1,
7290018516089,false,פרמיו דליקט טונה ודג קוד לחתול,שחורי אריה ואנסטסיה,,פרמיו דליקט טונה דג,Unknown,1.00,Unknown,false,1,9.90,9.90,true,1,
7290018516331,false,פאוץ' פרינוק תפוח בננה ושיבולת שועל 120 גרם,גורי מוצרי צריכה (1991) בעמ,CZ,פאוץ פרינוק תפוח בננ,גרמים,120.00,100 גרם,false,1,6.50,5.42,true,1,
7290018516348,false,מחית פרינוק פאוץ' שיבולת שועל סלט פירות 120 גרם,גורי מוצרי צריכה (1991) בעמ,CZ,פאוץ פרינוק סלט פירו,גרמים,120.00,100 גרם,false,1,6.50,5.42,true,1,
7290018516362,false,מחיט תפוח עץ בננה ושבולות שועל 190 ג' פרינוק גוניור,גורי מוצרי צריכה (1991) בעמ,,"פרינוק גוניור תפ""ע+ב",גרמים,190.00,100 גרם,false,1,7.90,4.16,true,1,
>>>>>>> d048ac2f4f281c9d788043ab4e81b61b0dbe3743
7290018593011,false,פטה שקדים עשבי תיבול 200 גרם,פלנטי,,פטה שקדים עשבי תיבול,גרמים,200.00,100 גרם,false,1,31.50,15.75,true,1,
7290018593035,false,כמוצרלה קשיו 200 גרם - פלנטי (חדש),פלנטי,,מוצרלה קשיו 200 גרם,גרמים,200.00,100 גרם,false,1,28.50,14.25,true,1,
7290018593301,false,קשיו כמהין חצי קשה טבעוני פלנטי 200 גרם,פלנטי,IL,קשיו כמהין חצי קשה ט,גרמים,200.00,100 גרם,false,1,29.90,14.95,true,1,
7290018593325,false,לאבנה שקדים טבעוני פלנטי 220 גרם,פלנטי,IL,לאבנה שקדים טבעוני פ,גרמים,220.00,100 גרם,false,1,20.90,9.50,true,1,
7290018677124,false,גרנולה קראנצ'י חמוציות ודובדבנים ללא גלוטן וללא תוספת סוכר נוטרה זן-300 גרם,י.איטליאנו אחזקות בעמ,IT,גרנולה קראנצי חמוציו,גרמים,300.00,100 גרם,false,1,23.90,7.97,true,1,
7290018677162,false,תער`קמחים רב תכליתית ללא גלוטון 500 ג,י.איטליאנו אחזקות בעמ,IT,תערובת קמחים רב תכלי,גרמים,500.00,100 גרם,false,1,22.90,4.58,true,1,
7290018677179,false,מחית עגבניות אורגני נוטרה זן 695 גר`,י.איטליאנו אחזקות בעמ,IL,"מחית עגבניות לל""ג או",גרמים,695.00,100 גרם,false,1,12.90,1.86,true,1,
7290018681565,false,שעועית שחורה אורגני 500 גרם,כרם תעשיות,IL,שעועית שחורה אורגני,גרמים,500.00,100 גרם,false,1,11.50,2.30,true,1,
7290018720011,false,ביסקוויט קרנבל חיות בטעם וניל 250 ג' מעדני מלך,הגביע מוצרי וופלים,IL,עוגיות קרנבל חיות 25,גרמים,250.00,100 גרם,false,1,6.50,2.60,true,1,
7290018749050,false,חינקלי קלאסי במילוי בשר 500 גרם,,,חינקלי קלאסי במילוי,גרמים,500.00,100 גרם,false,1,31.90,6.38,true,1,
7290018749227,false,"כיסונים במילוי בשר בראבו 1 ק""ג",,IL,כיסונים במילוי בשר ב,גרמים,1000.00,100 גרם,false,1,29.90,2.99,true,1,
7290018752227,false,סירופ חרובים אורגני 425 גרם,,IL,סירופ חרובים אורגני,גרמים,425.00,100 גרם,false,1,17.90,4.21,true,1,
7290018757130,false,פתיתי ש.שועל עבה קוואקר אורגני 400 גרם,נוטרה זן,FI,פתיתי ש.שועל עבה קוו,גרמים,400.00,100 גרם,false,1,17.90,4.48,true,1,
7290018757246,false,שווארמה טבעונית עתיד ירוק 400 גרם,פרה מזון בעמ,IL,שווארמה טבעונית עתיד,גרמים,400.00,100 גרם,false,1,23.90,5.98,true,1,
7290018757543,false,"מיץ רימונים אורגני עתיד ירוק 250 מ""ל",,TR,מיץ רימונים אורגני ע,מיליליטרים,250.00,"100 מ""ל",false,1,9.90,3.96,true,1,
7290018757550,false,"מיץ תפוחים אורגני עתיד ירוק 250 מ""ל",,TR,מיץ תפוחים אורגני עת,מיליליטרים,250.00,"100 מ""ל",false,1,9.90,3.96,true,1,
7290018757574,false,זרעי ציה 230 ג SUPER FOOD,,,זרעי ציה 230 ג SUPER,גרמים,230.00,100 גרם,false,1,13.90,6.04,true,1,
7290018757635,false,פירורי לחם ללא גלוטן 200 גרם עתיד ירוק,,IL,פירורי לחם ללא גלוטן,גרמים,200.00,100 גרם,false,1,15.90,7.95,true,1,
7290018757888,false,"סזירופ מייפל אורגני עתיד ירוק 236 מ""ל",,CA,סזירופ מייפל אורגני,מיליליטרים,236.00,"100 מ""ל",false,1,27.90,11.82,true,1,
<<<<<<< HEAD
7290018893081,false,עוגות מגולגלות במילוי קרם חלבי וציפוי בטעם שוקולד,צ'וקטה Chocketa,,יוגטה עוג.איש. מגולג,גרמים,222.00,100 גרם,false,1,9.90,4.46,true,1,
7290018893289,false,צ'וקטה עוגות מגולגלות בטעם קקאו במילוי קרם קקאו וציפוי בטעם שוקולד 6 יח' 222 גרם,צ'וקטה Chocketa,,יוגטה עוגות אישיות מ,גרמים,222.00,100 גרם,false,1,10.30,4.64,true,1,
7290018893449,false,עלי וופל דקים במילוי קרמל צ'וקטה 175 גרם,ארלוי אס.אל.יו.,NL,וופל במילוי קרמל צוק,גרמים,175.00,100 גרם,false,1,10.90,6.23,true,1,
7290018893487,false,צוקטה עוגות אישיות בטעם קוקוס-350 גרם,פרדי קונדטוריה אס פי,,צוקטה עוגות אישיות ב,גרמים,350.00,100 גרם,false,1,15.60,4.46,true,1,
7290018893616,false,מארז צוקטה שוקולד מריר 48% 6*100 גר,צוקטה,,מארז צוקטה שוקולד מר,גרמים,600.00,100 גרם,false,1,21.90,3.65,true,1,
7290018893807,false,צוקטה בטעם שוקולד מריר 60% 3 יח' 300 גרם,אייברקקאו אס אי. יו,,מארז שוקולד מריר 60%,גרמים,300.00,100 גרם,false,1,10.90,3.63,true,1,
7290018893845,false,פתי בר ביסקוויט בטעם חמאה 400 גרם צ'וקטה,צ'וקטה Chocketa,ES,פתי בר צוקטה ביסקווי,גרמים,400.00,100 גרם,false,1,8.90,2.23,true,1,
7290018921067,false,"ד""ר פישר - אפקטיב קר תחליב רחצה שמן שקדים 700 מ""ל",פישר מעבדות פרמצבטיות בע,,אפקטיב קר ת. רחצה מו,יחידה,1.00,יחידה,false,1,16.90,16.90,true,1,
7290018921616,false,רביעיית מגבוני קמיל בלו שיבולת שועל 64 יח',פישר תעשיות,,רביעייה מגבוני שיבול,יחידה,1.00,יחידה,false,1,22.90,22.90,true,1,
7290018925065,false,מיץ פרימור תפוזים סחוט 2 ליטר-,"גניר (1992) בע""מ",IL,מיץ תפוזים סחוט 2 ל,מיליליטרים,2000.00,"100 מ""ל",false,1,27.90,1.40,true,1,
7290018925072,false,משקה קל לימונים ונענע 2 ל פרימור,"גניר (1992) בע""מ",IL,משקה קל לימונים ונענ,ליטרים,2.00,ליטר,false,1,27.90,13.95,true,1,
7290018925089,false,"מיץ פרימור תפו""ע צלול סחוט 2 ליטר-","גניר (1992) בע""מ",IL,מיץ תפוחים צלול מרכז,מיליליטרים,2000.00,"100 מ""ל",false,1,27.90,1.40,true,1,
7290018972038,false,קיינד טבעוני שווארמה 400 גרם,,IL,קיינד א שווארמה 400,גרמים,400.00,100 גרם,false,1,19.90,4.98,true,1,
7290018989135,false,סירופ בטעם פטל יכין 1 ליטר,"זנלכל בע""\מ",,סירופ בטעם פטל יכין,ליטרים,0.00,ליטר,false,1,19.90,19.90,true,1,
7290019056034,false,שוופס מוגז פירות אננס ללא סוכר 1.5 ליטר פיקדון,"יפאורה תבורי בע""מ",IL,שוופס מוגז אננס ללא,ליטרים,0.00,ליטר,false,1,8.70,8.70,true,1,
7290019056041,false,שוופס מוגז פירות לימונייד ללא סוכר 1.5 ליטר פיקדון,"יפאורה תבורי בע""מ",IL,שוופס מוגז ללא סוכר,ליטרים,0.00,ליטר,false,1,8.70,8.70,true,1,
7290019056065,false,שוופס מוגז עדין פירות יער 1.5 ליטר פיקדון,"יפאורה תבורי בע""\מ",IL,שוופס מוגז עדין פירו,ליטרים,0.00,ליטר,false,1,9.20,9.20,true,1,
7290019056072,false,שוופס מוגז עדין אננס 1.5 ליטר פיקדון,מיוצר עי קונדיטוריית,IL,שוופס מוגז עדין אננס,ליטרים,0.00,ליטר,false,1,9.20,9.20,true,1,
7290019056089,false,שוופס מוגז עדין ענבי ריזלינג 1.5 ליטר פיקדון,"יפאורה תבורי בע""\מ",IL,שוופס מוגז עדין ריזל,ליטרים,0.00,ליטר,false,1,9.20,9.20,true,1,
7290019056096,false,שוופס מוגז עדין אפרסק 1.5 ליטר פיקדון,"יפאורה תבורי בע""\מ",IL,שוופס מוגז עדין אפרס,ליטרים,0.00,ליטר,false,1,9.20,9.20,true,1,
7290019056164,false,שוופס סודה 1.5 ליטר רביעייה פיקדון,"יפאורה תבורי בע""\מ",IL,רביעיית שוופס סודה 1,ליטרים,0.00,ליטר,false,1,12.10,12.10,true,1,
7290019056171,false,שוופס סודה לימון 1.5 ליטר רביעייה פיקדון,"יפאורה תבורי בע""\מ",IL,רביעיית שוופס סודה ל,ליטרים,0.00,ליטר,false,1,12.10,12.10,true,1,
7290019056188,false,שוופס סודה נענע ליים 1.5 ליטר רביעייה פיקדון,"יפאורה תבורי בע""\מ",IL,רביעיית שוופס סודה נ,ליטרים,0.00,ליטר,false,1,12.10,12.10,true,1,
7290019056201,false,שוופס סודה פירות יער 1.5 ליטר רביעייה פיקדון,"יפאורה תבורי בע""\מ",IL,שוופס סודה פירות יער,ליטרים,0.00,ליטר,false,1,12.10,12.10,true,1,
7290019056232,false,משקה מוגז בטעם ליים מוחיטו 1.5 ל' שוופס,"יפאורה תבורי בע""\מ",IL,שוופס ליים מוחיטו 1.,ליטרים,0.00,ליטר,false,1,10.90,10.90,true,1,
7290019056256,false,שוופס מים בטעמים תפוחים 1.5 ליטר פיקדון,מיוצר עי קונדיטוריית,IL,שוופס WATER תפוח 1.5,ליטרים,0.00,ליטר,false,1,9.50,9.50,true,1,
7290019056263,false,שוופס מים בטעמים אפרסק 1.5 ליטר פיקדון,מיוצר עי קונדיטוריית,IL,שוופס WATER אפרסק 1.,ליטרים,0.00,ליטר,false,1,9.50,9.50,true,1,
7290019056270,false,שוופס מים בטעמים פירות יער 1.5 ליטר פיקדון,"יפאורה תבורי בע""\מ",IL,שוופס WATER פירות יע,ליטרים,0.00,ליטר,false,1,9.50,9.50,true,1,
7290019056294,false,שוופס ג'ינג'ר אייל 1.5 ליטר פיקדון,"יפאורה תבורי בע""\מ",IL,שוופס גינגר 1.5 ליטר,ליטרים,0.00,ליטר,false,1,12.20,12.20,true,1,
7290019056317,false,שוופס ראשן 1.5 ליטר פיקדון,"יפאורה תבורי בע""\מ",IL,משקה שוופס ראשן 1.5,ליטרים,0.00,ליטר,false,1,12.20,12.20,true,1,
7290019056324,false,שוופס טוניק 1.5 ליטר פיקדון,"יפאורה תבורי בע""\מ",IL,שוופס טוניק 1.5 ליטר,ליטרים,0.00,ליטר,false,1,12.20,12.20,true,1,
7290019056331,false,שוופס טוניק ללא סוכר 1.5 ליטר פיקדון,מיוצר עי קונדיטוריית,IL,שוופס טוניק ללא סוכר,ליטרים,0.00,ליטר,false,1,11.90,11.90,true,1,
7290019056386,false,פתוזינה אשכולית 1.5 ליטר פיקדון,"יפאורה תבורי בע""\מ",IL,תפוזינה אשכוליות 1.5,ליטרים,0.00,ליטר,false,1,9.20,9.20,true,1,
7290019056416,false,מיץ בטעם לימונדה ורודה 1.5 ל' תפוזינה,"יפאורה תבורי בע""\מ",IL,תפוזינה לימונדה ורוד,ליטרים,0.00,ליטר,false,1,9.20,9.20,true,1,
7290019056430,false,תפוזינה תפוזים לייט 1.5 ליטר פיקדון,"יפאורה תבורי בע""\מ",IL,תפוזינה תפוזים לייט,ליטרים,0.00,ליטר,false,1,8.90,8.90,true,1,
7290019056478,false,ספרינג טי קר אפרסק 1.5ליטר פיקדון,"יפאורה תבורי בע""\מ",IL,משקה ספרינג טי אפרסק,ליטרים,0.00,ליטר,false,1,8.20,8.20,true,1,
7290019056522,false,פרוט ווטר תות 1.5 ליטר פיקדון,"יפאורה תבורי בע""\מ",IL,FRUIT WATER תות 1.5,ליטרים,0.00,ליטר,false,1,9.50,9.50,true,1,
7290019056539,false,פרוט ווטר אפרסק 1.5 ליטר פיקדון,"יפאורה תבורי בע""\מ",IL,FRUIT WATER אפרסק 1.,ליטרים,0.00,ליטר,false,1,9.50,9.50,true,1,
7290019056546,false,פרוט ווטר אבטיח 1.5 ליטר פיקדון,"יפאורה תבורי בע""\מ",IL,FRUIT WATER אבטיח 1.,ליטרים,0.00,ליטר,false,1,9.50,9.50,true,1,
7290019056553,false,שישיית מים מינרלים עין גדי 2 ליטר,עין גדי מים מינרליים,IL,שישיית מים עין גדי 2,ליטרים,0.01,ליטר,false,1,13.30,1330.00,true,1,
7290019056577,false,משקה קל מנגו ספרינג 1.5 ליטר,"יפאורה תבורי בע""\מ",IL,ספרינג מנגו 1.5 ליטר,ליטרים,0.00,ליטר,false,1,9.20,9.20,true,1,
7290019056591,false,משקה קל ענבים ספרינג 1.5 ליטר,"יפאורה תבורי בע""\מ",IL,ספרינג ענבים 1.5 ליט,ליטרים,0.00,ליטר,false,1,9.20,9.20,true,1,
7290019056607,false,משקה קל תפוחים ספרינג 1.5 ליטר,"יפאורה תבורי בע""\מ",IL,ספרינג תפוח 1.5 ליטר,ליטרים,0.00,ליטר,false,1,9.20,9.20,true,1,
7290019056614,false,משקה קל אפרסק ספרינג 1.5 ליטר,"יפאורה תבורי בע""\מ",IL,ספרינג אפרסק 1.5 ליט,ליטרים,0.00,ליטר,false,1,9.20,9.20,true,1,
7290019056621,false,משקה קל פירות טרופיים ספרינג 1.5 ליטר,"יפאורה תבורי בע""\מ",IL,ספרינג 1.5 ליטר פירו,ליטרים,0.00,ליטר,false,1,9.20,9.20,true,1,
7290019056638,false,משקה קל תות בננה ספרינג 1.5 ליטר,"יפאורה תבורי בע""\מ",IL,ספרינג תות בננה 1.5,ליטרים,0.00,ליטר,false,1,9.20,9.20,true,1,
7290019056676,false,משקה קל אשכולית אננס דיאט ספרינג 1.5 ליטר,"יפאורה תבורי בע""\מ",IL,ספרינג אשכוליות אננס,ליטרים,0.00,ליטר,false,1,8.90,8.90,true,1,
=======
7290018893005,false,"חטיפי בייגלה אפוי בטעם חרדל ודבש, 160 גרם",ש.שסטוביץ בעמ,RO,בייגלה ציוקטה חרדל ו,גרמים,160.00,100 גרם,false,1,7.90,4.94,true,1,
7290018893081,false,עוגות מגולגלות במילוי קרם חלבי וציפוי בטעם שוקולד,ש. שסטוביץ בע`מ,,יוגטה עוג.איש. מגולג,גרמים,222.00,100 גרם,false,1,9.90,4.46,true,1,
7290018893289,false,צ'וקטה עוגות מגולגלות בטעם קקאו במילוי קרם קקאו וציפוי בטעם שוקולד 6 יח' 222 גרם,ש. שסטוביץ בע`מ,,יוגטה עוגות אישיות מ,גרמים,222.00,100 גרם,false,1,10.30,4.64,true,1,
7290018893449,false,עלי וופל דקים במילוי קרמל צ'וקטה 175 גרם,ש. שסטוביץ בע`מ,NL,וופל במילוי קרמל צוק,גרמים,175.00,100 גרם,false,1,10.90,6.23,true,1,
7290018893456,false,צ'וקטה עוגות אישיות במילוי קרם ובציפוי בטעם שוקולד 300 גרם,"פרדי קונדיטוריה אס,פי.אי",,צוקטה עוגות אישיות ב,גרמים,300.00,100 גרם,false,1,15.60,5.20,true,1,
7290018893487,false,צ`וקטה עוגות אישיות בטעם קוקוס 350 גרם,פרדי קונדטוריה אס פי,,צוקטה עוגות אישיות ב,גרמים,350.00,100 גרם,false,1,15.60,4.46,true,1,
7290018893616,false,מארז צוקטה שוקולד מריר 48% 6*100 גר,ש. שסטוביץ בע`מ,,מארז צוקטה שוקולד מר,גרמים,600.00,100 גרם,false,1,21.90,3.65,true,1,
7290018893807,false,צוקטה בטעם שוקולד מריר 60% 3 יח' 300 גרם,אייברקקאו אס אי. יו,,מארז שוקולד מריר 60%,גרמים,300.00,100 גרם,false,1,10.90,3.63,true,1,
7290018893845,false,פתי בר ביסקוויט בטעם חמאה 400 גרם צ'וקטה,ש. שסטוביץ בע`מ,ES,פתי בר צוקטה ביסקווי,גרמים,400.00,100 גרם,false,1,8.90,2.23,true,1,
7290018921067,false,"ד""ר פישר - אפקטיב קר תחליב רחצה שמן שקדים 700 מ""ל","פישר תעשיות פרמצביטות בע""מ",,אפקטיב קר ת. רחצה מו,יחידה,1.00,יחידה,false,1,16.90,16.90,true,1,
7290018921616,false,רביעיית מגבוני קמיל בלו שיבולת שועל 64 יח',"פישר תעשיות פרמצביטות בע""מ",,רביעייה מגבוני שיבול,יחידה,1.00,יחידה,false,1,22.90,22.90,true,1,
7290018925065,false,מיץ תפוזים סחוט פרימור (2 ליטר),שטראוס גרופ בעמ/מצונן,IL,מיץ תפוזים סחוט 2 ל,מיליליטרים,2000.00,"100 מ""ל",false,1,27.90,1.40,true,1,
7290018925072,false,פרימור טרי מיץ לימונים עם נענע 2 ליטר,שטראוס גרופ בעמ/מצונן,IL,משקה קל לימונים ונענ,ליטרים,2.00,ליטר,false,1,27.90,13.95,true,1,
7290018925089,false,"מיץ פרימור תפו""ע צלול סחוט 2 ליטר-",שטראוס גרופ בעמ/מצונן,IL,מיץ תפוחים צלול מרכז,מיליליטרים,2000.00,"100 מ""ל",false,1,27.90,1.40,true,1,
7290018972021,false,קיינד טבעוני קבב מזרחי 400 גרם,,IL,קיינד א קבב מזרחי 40,גרמים,400.00,100 גרם,false,1,19.90,4.98,true,1,
7290018972038,false,קיינד טבעוני שווארמה 400 גרם,,IL,קיינד א שווארמה 400,גרמים,400.00,100 גרם,false,1,19.90,4.98,true,1,
7290018989128,false,סירופ בטעם ענבים יכין 1 ליטר,זנלכול יכין,,סירופ בטעם ענבים יכי,ליטרים,0.00,ליטר,false,1,19.90,19.90,true,1,
7290019056027,false,שוופס מוגז פירות תפוחים ללא סוכר 1.5 ליטר פיקדון,יפאורה - שותפות מוגבלת לשיווק,IL,שוופס מוגז פירות,ליטרים,0.00,ליטר,false,1,8.70,8.70,true,1,
7290019056034,false,שוופס מוגז פירות אננס ללא סוכר 1.5 ליטר פיקדון,יפאורה - שותפות מוגבלת לשיווק,IL,שוופס מוגז אננס ללא,ליטרים,0.00,ליטר,false,1,8.70,8.70,true,1,
7290019056041,false,שוופס מוגז פירות לימונייד ללא סוכר 1.5 ליטר פיקדון,יפאורה - שותפות מוגבלת לשיווק,IL,שוופס מוגז ללא סוכר,ליטרים,0.00,ליטר,false,1,8.70,8.70,true,1,
7290019056065,false,שוופס מוגז עדין פירות יער 1.5 ליטר פיקדון,יפאורה - שותפות מוגבלת לשיווק,IL,שוופס מוגז עדין פירו,ליטרים,0.00,ליטר,false,1,9.20,9.20,true,1,
7290019056072,false,שוופס מוגז עדין אננס 1.5 ליטר פיקדון,יפאורה - שותפות מוגבלת לשיווק,IL,שוופס מוגז עדין אננס,ליטרים,0.00,ליטר,false,1,9.20,9.20,true,1,
7290019056089,false,שוופס מוגז עדין ענבי ריזלינג 1.5 ליטר פיקדון,יפאורה - שותפות מוגבלת לשיווק,IL,שוופס מוגז עדין ריזל,ליטרים,0.00,ליטר,false,1,9.20,9.20,true,1,
7290019056096,false,שוופס מוגז עדין אפרסק 1.5 ליטר פיקדון,יפאורה - שותפות מוגבלת לשיווק,IL,שוופס מוגז עדין אפרס,ליטרים,0.00,ליטר,false,1,9.20,9.20,true,1,
7290019056164,false,שוופס סודה 1.5 ליטר רביעייה פיקדון,יפאורה - שותפות מוגבלת לשיווק,IL,רביעיית שוופס סודה 1,ליטרים,0.00,ליטר,false,1,12.10,12.10,true,1,
7290019056171,false,שוופס סודה לימון 1.5 ליטר רביעייה פיקדון,יפאורה - שותפות מוגבלת לשיווק,IL,רביעיית שוופס סודה ל,ליטרים,0.00,ליטר,false,1,12.10,12.10,true,1,
7290019056188,false,שוופס סודה נענע ליים 1.5 ליטר רביעייה פיקדון,יפאורה - שותפות מוגבלת לשיווק,IL,רביעיית שוופס סודה נ,ליטרים,0.00,ליטר,false,1,12.10,12.10,true,1,
7290019056201,false,שוופס סודה פירות יער 1.5 ליטר רביעייה פיקדון,יפאורה - שותפות מוגבלת לשיווק,IL,שוופס סודה פירות יער,ליטרים,0.00,ליטר,false,1,12.10,12.10,true,1,
7290019056232,false,משקה מוגז בטעם ליים מוחיטו 1.5 ל' שוופס,יפאורה - שותפות מוגבלת לשיווק,IL,שוופס ליים מוחיטו 1.,ליטרים,0.00,ליטר,false,1,10.90,10.90,true,1,
7290019056256,false,שוופס מים בטעמים תפוחים 1.5 ליטר פיקדון,יפאורה - שותפות מוגבלת לשיווק,IL,שוופס WATER תפוח 1.5,ליטרים,0.00,ליטר,false,1,9.50,9.50,true,1,
7290019056263,false,שוופס מים בטעמים אפרסק 1.5 ליטר פיקדון,יפאורה - שותפות מוגבלת לשיווק,IL,שוופס WATER אפרסק 1.,ליטרים,0.00,ליטר,false,1,9.50,9.50,true,1,
7290019056270,false,שוופס מים בטעמים פירות יער 1.5 ליטר פיקדון,יפאורה - שותפות מוגבלת לשיווק,IL,שוופס WATER פירות יע,ליטרים,0.00,ליטר,false,1,9.50,9.50,true,1,
7290019056294,false,שוופס ג`ינג`ר אייל 1.5 ליטר פיקדון,יפאורה - שותפות מוגבלת לשיווק,IL,שוופס גינגר 1.5 ליטר,ליטרים,0.00,ליטר,false,1,12.20,12.20,true,1,
7290019056300,false,משקה בטעם ביטר לימון 1.5 ל' שוויפס,יפאורה - שותפות מוגבלת לשיווק,IL,שוופס ביטר 1.5 ליטר,ליטרים,0.00,ליטר,false,1,12.20,12.20,true,1,
7290019056317,false,שוופס ראשן 1.5 ליטר פיקדון,יפאורה - שותפות מוגבלת לשיווק,IL,משקה שוופס ראשן 1.5,ליטרים,0.00,ליטר,false,1,12.20,12.20,true,1,
7290019056324,false,שוופס טוניק 1.5 ליטר פיקדון,יפאורה - שותפות מוגבלת לשיווק,IL,שוופס טוניק 1.5 ליטר,ליטרים,0.00,ליטר,false,1,12.20,12.20,true,1,
7290019056331,false,שוופס טוניק ללא סוכר 1.5 ליטר פיקדון,יפאורה - שותפות מוגבלת לשיווק,IL,שוופס טוניק ללא סוכר,ליטרים,0.00,ליטר,false,1,11.90,11.90,true,1,
7290019056386,false,משקה קל תפוזינה 1.5 ליטר אשכוליות,יפאורה - שותפות מוגבלת לשיווק,IL,תפוזינה אשכוליות 1.5,ליטרים,0.00,ליטר,false,1,9.20,9.20,true,1,
7290019056416,false,מיץ בטעם לימונדה ורודה 1.5 ל' תפוזינה,יפאורה - שותפות מוגבלת לשיווק,IL,תפוזינה לימונדה ורוד,ליטרים,0.00,ליטר,false,1,9.20,9.20,true,1,
7290019056430,false,משקה קל תפוזינה 1.5 ליטר תפוזים לייט,יפאורה - שותפות מוגבלת לשיווק,IL,תפוזינה תפוזים לייט,ליטרים,0.00,ליטר,false,1,8.90,8.90,true,1,
7290019056478,false,ספרינג טי קר אפרסק 1.5ליטר פיקדון,יפאורה - שותפות מוגבלת לשיווק,IL,משקה ספרינג טי אפרסק,ליטרים,0.00,ליטר,false,1,8.20,8.20,true,1,
7290019056508,false,פרוט ווטר ענבים 1.5 ליטר פיקדון,יפאורה - שותפות מוגבלת לשיווק,IL,FRUIT WATER ענבים 1.,ליטרים,0.00,ליטר,false,1,9.50,9.50,true,1,
7290019056522,false,פרוט ווטר תות 1.5 ליטר פיקדון,יפאורה - שותפות מוגבלת לשיווק,IL,FRUIT WATER תות 1.5,ליטרים,0.00,ליטר,false,1,9.50,9.50,true,1,
7290019056539,false,פרוט ווטר אפרסק 1.5 ליטר פיקדון,יפאורה שותפות מוגבלת לשיווק,IL,FRUIT WATER אפרסק 1.,ליטרים,0.00,ליטר,false,1,9.50,9.50,true,1,
7290019056546,false,פרוט ווטר אבטיח 1.5 ליטר פיקדון,יפאורה - שותפות מוגבלת לשיווק,IL,FRUIT WATER אבטיח 1.,ליטרים,0.00,ליטר,false,1,9.50,9.50,true,1,
7290019056553,false,שישיית מים מינרלים עין גדי 2 ליטר,יפאורה - שותפות מוגבלת לשיווק,IL,שישיית מים עין גדי 2,ליטרים,0.01,ליטר,false,1,13.30,1330.00,true,1,
7290019056577,false,ספרינג קל מנגו 1.5 ליטר פיקדון,יפאורה - שותפות מוגבלת לשיווק,IL,ספרינג מנגו 1.5 ליטר,ליטרים,0.00,ליטר,false,1,9.20,9.20,true,1,
7290019056584,false,משקה קל תפוזים ספרינג 1.5 ליטר,יפאורה - שותפות מוגבלת לשיווק,IL,ספרינג תפוז 1.5 ליטר,ליטרים,0.00,ליטר,false,1,9.20,9.20,true,1,
7290019056591,false,משקה קל ענבים ספרינג 1.5 ליטר,יפאורה - שותפות מוגבלת לשיווק,IL,ספרינג ענבים 1.5 ליט,ליטרים,0.00,ליטר,false,1,9.20,9.20,true,1,
7290019056607,false,משקה קל תפוחים ספרינג 1.5 ליטר,יפאורה - שותפות מוגבלת לשיווק,IL,ספרינג תפוח 1.5 ליטר,ליטרים,0.00,ליטר,false,1,9.20,9.20,true,1,
7290019056614,false,משקה קל ספרינג 1.5 ליטר אפרסק,יפאורה - שותפות מוגבלת לשיווק,IL,ספרינג אפרסק 1.5 ליט,ליטרים,0.00,ליטר,false,1,9.20,9.20,true,1,
7290019056621,false,משקה קל פירות טרופיים ספרינג 1.5 ליטר,יפאורה - שותפות מוגבלת לשיווק,IL,ספרינג 1.5 ליטר פירו,ליטרים,0.00,ליטר,false,1,9.20,9.20,true,1,
7290019056638,false,משקה קל תות בננה ספרינג 1.5 ליטר,יפאורה - שותפות מוגבלת לשיווק,IL,ספרינג תות בננה 1.5,ליטרים,0.00,ליטר,false,1,9.20,9.20,true,1,
7290019056676,false,משקה קל אשכולית אננס דיאט ספרינג 1.5 ליטר,יפאורה - שותפות מוגבלת לשיווק,IL,ספרינג אשכוליות אננס,ליטרים,0.00,ליטר,false,1,8.90,8.90,true,1,
>>>>>>> d048ac2f4f281c9d788043ab4e81b61b0dbe3743
7290019056898,false,שוופס סודה לימון 1.5 ליטר,"כד בני דרום בע""מ",IL,שוופס סודה לימון 1.5,ליטרים,0.00,ליטר,false,1,3.70,3.70,true,1,
7290019056942,false,מים מינרליים טבעיים,יפאורה,IL,מי עין גדי 2 ל,ליטרים,0.00,ליטר,false,1,2.80,2.80,true,1,
7290019056966,false,מי עדן בקבוק פיקדון 1.5 ליטר,תבורי-שותפות מוגבלת לשיווק,IL,מי עדן 1.5 ליטר,ליטרים,0.00,ליטר,false,1,4.20,4.20,true,1,
7290019056973,false,מי עדן שישיה בק `1.5ליטר פיקדון,יפאורה - שותפות מוגבלת לשיווק,IL,שישיית מי עדן 1.5 לי,ליטרים,0.01,ליטר,false,1,13.90,1390.00,true,1,
7290019074090,false,"ד""ר פישר - קמיל בלו אקסטרה סופט אל סבון לתינוק 500 מ""ל","פישר תעשיות פרמצביטות בע""מ",,קמיל בלו אל סבון לתי,Unknown,0.00,Unknown,false,1,23.90,23.90,true,1,
7290019074885,false,"ד""ר פישר - קמיל בלו אקסטרה סופט קרם גוף לתינוק 500 מ""ל","פישר תעשיות פרמצביטות בע""מ",,קמיל בלו קרם גוף לתי,Unknown,0.00,Unknown,false,1,30.90,30.90,true,1,
7290019075400,false,"אפקטיב קר תחליב רחצה מועשר בשיבולת שועל 700 מ""ל","פישר תעשיות פרמבצטיות בע""מ",IL,אפקטיב קר ת. רחצה מו,יחידה,1.00,יחידה,false,1,16.90,16.90,true,1,
7290019075608,false,"אפקטיב קר תחליב רחצה מועשר בתה ירוק ויסמין 700 מ""ל","פישר תעשיות פרמבצטיות בע""מ",IL,אפקטיב קר ת. רחצה מו,יחידה,1.00,יחידה,false,1,16.90,16.90,true,1,
7290019108429,false,פומאז יוגורט טבעוני שקדים 120 גרם,,,פומאז יוגורט טבעוני,גרמים,120.00,100 גרם,false,1,10.90,9.08,true,1,
<<<<<<< HEAD
7290019153078,false,"שוופס ביטר למון לייט, 1.5 ליטר פקדון","יפאורה תבורי בע""\מ",,שוופס ביטר למון לייט,ליטרים,0.00,ליטר,false,1,11.90,11.90,true,1,
7290019153085,false,שוופס מוגז ליים מוחיטו ללא סוכר 1.5 ליטר-,"יפאורה תבורי בע""\מ",,שוופס ליים מוחיטו לל,ליטרים,0.00,ליטר,false,1,9.90,9.90,true,1,
7290019153252,false,שוופס סודה תפוח 1.5 ליטר רביעייה פיקדון,"יפאורה תבורי בע""\מ",IL,שוופס סודה תפוח 1.5,ליטרים,0.00,ליטר,false,1,12.10,12.10,true,1,
7290019153269,false,שוופס סודה אננס 1.5 ליטר רביעייה פיקדון,"יפאורה תבורי בע""\מ",IL,שוופס סודה אננס 1.5,ליטרים,0.00,ליטר,false,1,12.10,12.10,true,1,
7290019153313,false,"משקהתפוח חמוציות אוכמניות 350 מ""ל פרות & ווג",יפאורה תבורי בעמ,IL,פרוט & וג תפוח חמוצי,מיליליטרים,350.00,"100 מ""ל",false,1,7.50,2.14,true,1,
7290019167044,false,קצפת עם קרם בייגלה מתוק מלוח עדן קינוחים 82 גרם,תנובה,,קצפת עם קרם בייגלה מ,גרמים,80.00,100 גרם,false,1,6.90,8.63,true,1,
7290019203001,false,טורטייה מעדשים כתומות ללא גלוטן 180 ג' Full Wrap,"אופא מזון בריאות בע""",,טורטייה מעדשים כתומו,גרמים,180.00,100 גרם,false,1,21.90,12.17,true,1,
7290019226109,false,אננס פרוס תומר 565 גרם,,,אננס פרוס תומר 565 ג,גרמים,565.00,100 גרם,false,1,8.90,1.58,true,1,
7290019232155,false,"חליטת ""לילה טוב"" קמומיל לבנדר ו25 שקיקים ויסוצקי",תה ויסוצקי,,תה ויסוצקי חליטת ליל,יחידה,1.00,יחידה,false,1,25.90,25.90,true,1,
7290019232834,false,פליפז בייגלה מצופה קרם עוגיות ושוקולד מקוויטיס 140 גרם,אולקר מקבוצת פלאדיס,,בייגלה פליפז מצופה ק,גרמים,140.00,100 גרם,false,1,8.90,6.36,true,1,
7290019233022,false,רוטב עגבניות עם קוביות ושמן זית 420ג זיתא,דליציה דורה אס.אר.אל,IT,רוטב שקשוקה חצילים ז,גרמים,420.00,100 גרם,false,1,13.90,3.31,true,1,
7290019233039,false,רוטב עגבניות עם קוביות פלפלים ושמן זית 420ג' ויסוצקי,דליציה דורה אס.אר.אל,IT,רוטב שקשוקה קלאסית ז,גרמים,420.00,100 גרם,false,1,13.90,3.31,true,1,
7290019297239,false,צימוק חום 250 גרם ששון הקולה,"דין שיווק וקלייה בע""",,צימוק חום 330 גר,גרמים,330.00,100 גרם,false,1,14.60,4.42,true,1,
7290019297246,false,שזיפים מיובשים 250 גרם ששון הקולה,"דין שיווק וקלייה בע""",,שזיפים 330 גר,גרמים,330.00,100 גרם,false,1,22.90,6.94,true,1,
7290019297451,false,מי ורדים שקדיה 500 מ,אף.סי תבליני בגליל ב,,"מי ורדים 500 מ""ל",מיליליטרים,500.00,"100 מ""ל",false,1,20.90,4.18,true,1,
7290019297536,false,חמאת בוטנים עם שברי בוטנים שקדיה 510 גרם,דין שיווק,,חמאת בוטנים עם שברי,גרמים,510.00,100 גרם,false,1,14.20,2.78,true,1,
7290019297543,false,חמאת בוטנים שקדיה 510 גרם,דין שיווק,,חמאת בוטנים 510 גרם,גרמים,510.00,100 גרם,false,1,14.20,2.78,true,1,
7290019297550,false,בוטנים מטוגנים בקופסא 185 גרם,קריניציה ויטמינה אס,,בוטנים מטוגנים בקוספ,גרמים,185.00,100 גרם,false,1,9.90,5.35,true,1,
7290022005562,false,קריספ פירורי לחם שום 300 גרם מיימונס,א.ל ייצור ושיווק תבל,IL,קריספ שום 300 גרם,גרמים,300.00,100 גרם,false,0,7.90,2.63,true,1,
7290069701151,false,פריזר דוקטורסקיה אוריגינל מזרע,,,פריזר דוקטורסקיה,Unknown,0.00,"ק""ג",true,0,75.00,75.00,true,1,
7290100240137,false,"תרסיס ריחני למייבש כחול בדין 500 מ""ל","זוהר דליה, קיבוץ דליה, 1",,בדין תרסיס למייבש כח,מיליליטרים,500.00,"100 מ""ל",false,1,22.50,4.50,true,1,
7290100240144,false,"תרסיס ריחני למייבש ורוד בדין 500 מ""ל","זוהר דליה, קיבוץ דליה, 1",,בדין תרסיס למייבש ור,מיליליטרים,500.00,"100 מ""ל",false,1,22.50,4.50,true,1,
7290100240632,false,קרקר פתית 200-300ג' 6 דגנים 250 גרם,יוניליוור ישראל מזון בע\,,"פתית 6 דגנים בד""צ 25",גרמים,250.00,100 גרם,false,1,16.90,6.76,true,1,
7290100240656,false,"פתית שיפון בד""צ חדש 300X24 גר'",יוניליוור ישראל מזון בע\,,"פתית שיפון בד""צ 250",גרמים,300.00,100 גרם,false,1,16.90,5.63,true,1,
7290100243084,false,מיונז אמיתי הלמנס 789גרם,"יונילוור ארה""ב",,מיונז הלמנס 789 גרם,מיליליטרים,400.00,"100 מ""ל",false,1,27.90,6.98,true,1,
7290100243671,false,"מרכך כביסה מרוכז אקסטרה כחול בדין 960 מ""ל",יוניליוור סנאיי וי טיקאר,,בדין אקסטרא כחול 960,מיליליטרים,960.00,"100 מ""ל",false,1,15.90,1.66,true,1,
7290100245231,false,נמס בכוס מרק בטעם עוף עם אטריות ושקדי מרק-2 שקיות,יוניליוור ישראל מזון בע\,,מרק נמס בכוס ועוד ט.,גרמים,50.00,100 גרם,false,1,6.90,13.80,true,1,
7290100249598,false,"רוטב לעוף שום ודבש קנור 320 גרם בד""צ",יוניליוור ישראל מזון בע\,,קנור רוטב שום ודבש 3,גרמים,320.00,100 גרם,false,1,14.60,4.56,true,1,
7290100249659,false,"רוטב לעוף צ'ילי מתוק ושום קנור 320 גרם בד""צ",יוניליוור ישראל מזון בע\,,קנור רוטב צילי שום 3,גרמים,320.00,100 גרם,false,1,14.60,4.56,true,1,
=======
7290019153078,false,שוופס ביטר למון 1.5 לייט ליטר פיקדון,יפאורה - שותפות מוגבלת לשיווק,,שוופס ביטר למון לייט,ליטרים,0.00,ליטר,false,1,11.90,11.90,true,1,
7290019153085,false,שוופס מוגז ליים מוחיטו ללא סוכר 1.5 ליטר-,יפאורה - שותפות מוגבלת לשיווק,,שוופס ליים מוחיטו לל,ליטרים,0.00,ליטר,false,1,9.90,9.90,true,1,
7290019153252,false,שוופס סודה תפוח 1.5 ליטר רביעייה פיקדון,יפאורה - שותפות מוגבלת לשיווק,IL,שוופס סודה תפוח 1.5,ליטרים,0.00,ליטר,false,1,12.10,12.10,true,1,
7290019153269,false,שוופס סודה אננס 1.5 ליטר רביעייה פיקדון,יפאורה - שותפות מוגבלת לשיווק,IL,שוופס סודה אננס 1.5,ליטרים,0.00,ליטר,false,1,12.10,12.10,true,1,
7290019153313,false,"משקהתפוח חמוציות אוכמניות 350 מ""ל פרות & ווג",יפאורה - שותפות מוגבלת לשיווק,IL,פרוט & וג תפוח חמוצי,מיליליטרים,350.00,"100 מ""ל",false,1,7.50,2.14,true,1,
7290019167044,false,קצפת עם קרם בייגלה מתוק מלוח עדן קינוחים 82 גרם,תנובה בעמ ***,,קצפת עם קרם בייגלה מ,גרמים,80.00,100 גרם,false,1,6.90,8.63,true,1,
7290019203001,false,טורטייה מעדשים כתומות ללא גלוטן 180 ג' Full Wrap,גורי מוצרי צריכה (1991) בעמ,,טורטייה מעדשים כתומו,גרמים,180.00,100 גרם,false,1,21.90,12.17,true,1,
7290019232155,false,"חליטת ""לילה טוב"" קמומיל לבנדר ו25 שקיקים ויסוצקי",תה ויסוצקי (ישראל) בעמ,,תה ויסוצקי חליטת ליל,יחידה,1.00,יחידה,false,1,25.90,25.90,true,1,
7290019232834,false,פליפז בייגלה מצופה קרם עוגיות ושוקולד מקוויטיס 140 גרם,תה ויסוצקי (ישראל) בעמ,,בייגלה פליפז מצופה ק,גרמים,140.00,100 גרם,false,1,8.90,6.36,true,1,
7290019233022,false,רוטב עגבניות עם קוביות ושמן זית 420ג זיתא,תה ויסוצקי (ישראל) בעמ,IT,רוטב שקשוקה חצילים ז,גרמים,420.00,100 גרם,false,1,13.90,3.31,true,1,
7290019233039,false,רוטב עגבניות עם קוביות פלפלים ושמן זית 420ג' ויסוצקי,תה ויסוצקי (ישראל) בעמ,IT,רוטב שקשוקה קלאסית ז,גרמים,420.00,100 גרם,false,1,13.90,3.31,true,1,
7290019297239,false,צימוק חום 250 גרם ששון הקולה,דין שיווק וקליה 2021 בעמ,,צימוק חום 330 גר,גרמים,330.00,100 גרם,false,1,14.60,4.42,true,1,
7290019297246,false,שזיפים מיובשים ששון הקולה (330 גרם),דין שיווק וקליה 2021 בעמ,,שזיפים 330 גר,גרמים,330.00,100 גרם,false,1,22.90,6.94,true,1,
7290019297451,false,מי ורדים 500 מל דין שיווק,דין שיווק וקליה 2021 בעמ,,"מי ורדים 500 מ""ל",מיליליטרים,500.00,"100 מ""ל",false,1,20.90,4.18,true,1,
7290019297536,false,חמאת בוטנים עם שברי בוטנים שקדיה 510 גרם,דין שיווק וקליה 2021 בעמ,,חמאת בוטנים עם שברי,גרמים,510.00,100 גרם,false,1,14.20,2.78,true,1,
7290019297543,false,חמאת בוטנים 510 גר` דין שיווק,דין שיווק וקליה 2021 בעמ,,חמאת בוטנים 510 גרם,גרמים,510.00,100 גרם,false,1,14.20,2.78,true,1,
7290019297550,false,בוטנים מטוגנים בקופסא 185 גרם,דין שיווק וקליה 2021 בעמ,,בוטנים מטוגנים בקוספ,גרמים,185.00,100 גרם,false,1,9.90,5.35,true,1,
7290022005562,false,קריספ פירורי לחם שום 300 גרם מיימונס,א.ל.ייצור ושיווק תבלינים בעמ,IL,קריספ שום 300 גרם,גרמים,300.00,100 גרם,false,0,7.90,2.63,true,1,
7290069701151,false,פריזר דוקטורסקיה אוריגינל מזרע,,,פריזר דוקטורסקיה,Unknown,0.00,"ק""ג",true,0,75.00,75.00,true,1,
7290100240137,false,"תרסיס ריחני למייבש כחול בדין 500 מ""ל",יוניליוור ישראל שיווק בע`מ,,בדין תרסיס למייבש כח,מיליליטרים,500.00,"100 מ""ל",false,1,22.50,4.50,true,1,
7290100240144,false,"תרסיס ריחני למייבש ורוד בדין 500 מ""ל",יוניליוור ישראל שיווק בע`מ,,בדין תרסיס למייבש ור,מיליליטרים,500.00,"100 מ""ל",false,1,22.50,4.50,true,1,
7290100240632,false,קרקר פתית 200-300ג' 6 דגנים 250 גרם,יוניליוור ישראל שיווק בע`מ,,"פתית 6 דגנים בד""צ 25",גרמים,250.00,100 גרם,false,1,16.90,6.76,true,1,
7290100240656,false,"פתית שיפון בד""צ חדש 300X24 גר'",יוניליוור ישראל שיווק בע`מ,,"פתית שיפון בד""צ 250",גרמים,300.00,100 גרם,false,1,16.90,5.63,true,1,
7290100243084,false,מיונז אמיתי הלמנס 789גרם,יוניליוור ישראל שיווק בע`מ,,מיונז הלמנס 789 גרם,מיליליטרים,400.00,"100 מ""ל",false,1,27.90,6.98,true,1,
7290100243671,false,"מרכך כביסה מרוכז אקסטרה כחול בדין 960 מ""ל",יוניליוור ישראל שיווק בע`מ,,בדין אקסטרא כחול 960,מיליליטרים,960.00,"100 מ""ל",false,1,15.90,1.66,true,1,
7290100245231,false,נמס בכוס מרק בטעם עוף עם אטריות ושקדי מרק-2 שקיות,יוניליוור ישראל שיווק בע`מ,,מרק נמס בכוס ועוד ט.,גרמים,50.00,100 גרם,false,1,6.90,13.80,true,1,
7290100249598,false,רוטב לעוף בטעם שום ודבש קנור (320 גרם),יוניליוור ישראל שיווק בע`מ,,קנור רוטב שום ודבש 3,גרמים,320.00,100 גרם,false,1,14.60,4.56,true,1,
>>>>>>> d048ac2f4f281c9d788043ab4e81b61b0dbe3743
7290100321775,false,חזה עוף טרי,,,חזה עוף טרי,Unknown,0.00,"ק""ג",true,0,24.90,24.90,true,1,
7290100323038,false,כרעיים עוף טרי,,,כרעיים עוף טרי,Unknown,0.00,"ק""ג",true,0,19.90,19.90,true,1,
7290100331118,false,חזה הודו נקבה טרי,,,חזה הודו נקבה טרי,Unknown,0.00,"ק""ג",true,0,33.90,33.90,true,1,
7290100334041,false,שווארמה הודו נקבה טרי,,,שווארמה הודו נקבה טר,Unknown,0.00,"ק""ג",true,0,79.90,79.90,true,1,
7290100335086,false,שוק הודו מפורק טרי,,,שוק הודו מפורק טרי,Unknown,0.00,"ק""ג",true,0,55.90,55.90,true,1,
7290100335161,false,שוק הודו נקבה טרי,,,שוק הודו נקבה טרי,Unknown,0.00,"ק""ג",true,0,29.90,29.90,true,1,
7290100335406,false,ירך הודו זכר,,,ירך הודו זכר,Unknown,0.00,"ק""ג",true,0,58.90,58.90,true,1,
7290100337066,false,כנף הודו נקבה טרי,,,כנף הודו נקבה טרי,Unknown,0.00,"ק""ג",true,0,16.90,16.90,true,1,
7290100337400,false,גרון הודו זכר טרי,,,גרון הודו זכר טרי,Unknown,0.00,"ק""ג",true,0,34.90,34.90,true,1,
7290100338018,false,כבד הודו טרי,,,כבד הודו טרי,Unknown,0.00,"ק""ג",true,0,22.90,22.90,true,1,
7290100338612,false,קורקבן הודו טרי,,,קורקבן הודו טרי,Unknown,0.00,"ק""ג",true,0,11.90,11.90,true,1,
<<<<<<< HEAD
7290100412343,false,קוויק מטליות לחות 99.9% לניקוי כללי בריח לימון 50 יחידות,די.פי.אל,,מגבונים לנ.כללי בריח,Unknown,0.00,Unknown,false,1,11.00,11.00,true,1,
7290100412435,false,קוויק מטליות לחות 99.9% לניקוי כללי בריח פרחי בר 50 יחידות,די.פי.אל,,מגבונים לנ.כללי בריח,Unknown,0.00,Unknown,false,1,11.00,11.00,true,1,
7290100412459,false,קוויק מטליות לחות 99.9% לניקוי שירותים ומקלחות בריח לוונדר 50 יחידות,די.פי.אל,,מ.לנ.שירותים אמבטיה,Unknown,0.00,Unknown,false,1,11.00,11.00,true,1,
=======
7290100412435,false,קוויק מטליות לחות 99.9% לניקוי כללי בריח פרחי בר 50 יחידות,שקד תבל בע`מ,,מגבונים לנ.כללי בריח,Unknown,0.00,Unknown,false,1,11.00,11.00,true,1,
7290100412459,false,קוויק מטליות לחות 99.9% לניקוי שירותים ומקלחות בריח לוונדר 50 יחידות,שקד תבל בע`מ,,מ.לנ.שירותים אמבטיה,Unknown,0.00,Unknown,false,1,11.00,11.00,true,1,
>>>>>>> d048ac2f4f281c9d788043ab4e81b61b0dbe3743
7290100412817,false,קרם רגליים לעור יבש פרחי בר דר עור 100 מ,"אמיליה קוסמטיקס בע""מ",,קרם רגליים לעור יבש,מיליליטרים,10.00,"100 מ""ל",false,1,13.90,139.00,true,1,
7290100572368,false,אביזרי מטבח,,,אבזרי מטבח,Unknown,0.00,Unknown,false,1,19.90,19.90,true,1,
7290100653463,false,"פלמוליב - ארומה ג'ל רחצה מסאז' 500 מ""ל",קולגייט-פלמוליב,,סבון נוזלי פלמוליב ס,מיליליטרים,500.00,"100 מ""ל",false,1,18.80,3.76,true,1,
7290100658338,false,"נוזל לניקוי כלים אוקסי פלוס פלמוליב 750 מ""ל",הנסיך- מפעל לייצור ט,,פלמוליב אוקסי פלוס כ,מיליליטרים,750.00,"100 מ""ל",false,1,11.90,1.59,true,1,
<<<<<<< HEAD
7290100680650,false,מנה חמה נודלס-אטריות ירקות טעם תאילנדי אסם 76 ג',PUB FOODS PRESIDENT THAI,,מנה חמה נודלס טעם יר,גרמים,70.00,100 גרם,false,1,5.90,8.43,true,1,
7290100680667,false,מנה חמה נודלס-אטריות+ירקות טעם סצ'ואן,PUB FOODS PRESIDENT THAI,,מנה חמה נודלס טעם סי,גרמים,76.00,100 גרם,false,1,5.90,7.76,true,1,
7290100680711,false,פירורית זהב אסם זהב 350ג',עינת תעשיות מזון אגו,,פירורית זהב 350 גרם,גרמים,350.00,100 גרם,false,1,7.90,2.26,true,1,
7290100680728,false,פירורית רגילה שקית 350 גרם,מיוצר עי קונדיטוריית,,פירורית 350 גרם,גרמים,350.00,100 גרם,false,1,7.60,2.17,true,1,
7290100681015,false,אינסטנט פודינג בטעם ריבת חלב אסם 84 גרם,מיוצר עי קונדיטוריית,,פודינג אינסטנט בטעם,גרמים,80.00,100 גרם,false,1,5.50,6.88,true,1,
7290100681138,false,מארז אפרופו חטיף תירס 3 יחידות,"אסם השקעות בע""\מ",,מארז אפרופו 3*50 גרם,גרמים,150.00,100 גרם,false,0,12.90,8.60,true,1,
7290100684139,false,פסטה מיני מקרוני אסם 500 גרם,פסטה זארה,,פסטה אסם מיני מקרוני,גרמים,500.00,100 גרם,false,1,5.90,1.18,true,1,
7290100685334,false,אבקת מרק עוף אמיתי בשרי רכיבים טבעיים אסם 400 גרם,"אסם השקעות בע""\מ",,מרק עוף אמיתי מרכיבי,גרמים,400.00,100 גרם,false,1,16.90,4.23,true,1,
7290100685341,false,אבקת מרק טעם עוף זך רכיבים טבעיים אסם 400 גרם,"אסם השקעות בע""\מ",,מרק תיבול טעם עוף זך,גרמים,400.00,100 גרם,false,1,16.60,4.15,true,1,
7290100686171,false,מארז מולטיפק ביסלי גריל 6 יח 35 גר ליח,"אסם השקעות בע""\מ",,מארז מולטיפק ביסלי ג,גרמים,210.00,100 גרם,false,1,16.70,7.95,true,1,
7290100689301,false,אבקת מרק בטעם עוף זך עדיף אסם 400 גרם,"אסם השקעות בע""\מ",,מרק טעם עוף זך עדיף,גרמים,400.00,100 גרם,false,1,17.70,4.43,true,1,
7290100700020,false,סוגת גריסי פנינה 500 גרם,האי נאם סי או אל.טי.,,גריסי פנינה 500 גרם,גרמים,200.00,100 גרם,false,1,5.90,2.95,true,1,
7290100700068,false,סוגת שעועית צבעונית 500גרם,"סוגת תעשיות בע""מ",,שעועית צבעונית 500 ג,גרמים,500.00,100 גרם,false,1,7.90,1.58,true,1,
7290100700242,false,"סוגת אורז מלא עגול 1 ק""ג","סוגת תעשיות בע""\מ",,"אורז מלא עגול 1 ק""ג",גרמים,1000.00,100 גרם,false,1,11.40,1.14,true,1,
7290100700273,false,קינואה לבנה 500 ג סו,האי נאם סי או אל.טי.,,קינואה 500 גרם,גרמים,500.00,100 גרם,false,1,13.90,2.78,true,1,
7290100700310,false,"סוגת כוסמת סוגת 1ק""ג","סוגת תעשיות בע""מ",,"כוסמת 1 ק""ג",גרמים,1000.00,100 גרם,false,1,14.60,1.46,true,1,
7290100700327,false,"גריסי פנינה סוגת 1 ק""ג","סוגת תעשיות בע""\מ",,"גריסי פניניה 1 ק""ג",גרמים,1000.00,100 גרם,false,1,10.00,1.00,true,1,
7290100700372,false,"סוגת אורז בסמטי מלא 1 ק""ג",האי נאם סי או אל.טי.,,"אורז בסמטי מלא 1 ק""ג",גרמים,1000.00,100 גרם,false,1,13.50,1.35,true,1,
=======
7290100680650,false,מנה חמה נודלס-אטריות ירקות טעם תאילנדי אסם 76 ג',קבוצת אוסם סחר שותפות מוגבלת,,מנה חמה נודלס טעם יר,גרמים,70.00,100 גרם,false,1,5.90,8.43,true,1,
7290100680667,false,מנה חמה נודלס בסגנון סצ`ואן אסם (76 גרם),קבוצת אוסם סחר שותפות מוגבלת,,מנה חמה נודלס טעם סי,גרמים,76.00,100 גרם,false,1,5.90,7.76,true,1,
7290100680711,false,פירורית זהב אסם זהב 350ג',קבוצת אוסם סחר שותפות מוגבלת,,פירורית זהב 350 גרם,גרמים,350.00,100 גרם,false,1,7.90,2.26,true,1,
7290100680728,false,פירורית רגילה שקית 350 גרם,קבוצת אוסם סחר שותפות מוגבלת,,פירורית 350 גרם,גרמים,350.00,100 גרם,false,1,7.60,2.17,true,1,
7290100681015,false,אינסטנט פודינג בטעם ריבת חלב אסם 84 גרם,קבוצת אוסם סחר שותפות מוגבלת,,פודינג אינסטנט בטעם,גרמים,80.00,100 גרם,false,1,5.50,6.88,true,1,
7290100681138,false,מארז אפרופו חטיף תירס 3 יחידות,קבוצת אוסם סחר שותפות מוגבלת,,מארז אפרופו 3*50 גרם,גרמים,150.00,100 גרם,false,0,12.90,8.60,true,1,
7290100684139,false,פסטה מיני מקרוני אסם (500 גרם),קבוצת אוסם סחר שותפות מוגבלת,,פסטה אסם מיני מקרוני,גרמים,500.00,100 גרם,false,1,5.90,1.18,true,1,
7290100685334,false,אבקת מרק עוף אמיתי בשרי רכיבים טבעיים אסם 400 גרם,קבוצת אוסם סחר שותפות מוגבלת,,מרק עוף אמיתי מרכיבי,גרמים,400.00,100 גרם,false,1,16.90,4.23,true,1,
7290100685341,false,אבקת מרק טעם עוף זך רכיבים טבעיים אסם 400 גרם,קבוצת אוסם סחר שותפות מוגבלת,,מרק תיבול טעם עוף זך,גרמים,400.00,100 גרם,false,1,16.60,4.15,true,1,
7290100689301,false,אבקת מרק בטעם עוף זך עדיף אסם 400 גרם,קבוצת אוסם סחר שותפות מוגבלת,,מרק טעם עוף זך עדיף,גרמים,400.00,100 גרם,false,1,17.70,4.43,true,1,
7290100700020,false,גריסי פנינה סוגת (500 גרם),האי נאם סי או אל.טי.,,גריסי פנינה 500 גרם,גרמים,200.00,100 גרם,false,1,5.90,2.95,true,1,
7290100700068,false,סוגת שעועית צבעונית 500גרם,"סוגת תעשיות בע""מ",,שעועית צבעונית 500 ג,גרמים,500.00,100 גרם,false,1,7.90,1.58,true,1,
7290100700242,false,אורז מלא עגול סוגת (1 קג),"סוגת תעשיות בע""\מ",,"אורז מלא עגול 1 ק""ג",גרמים,1000.00,100 גרם,false,1,11.40,1.14,true,1,
7290100700273,false,קינואה לבנה 500 ג סו,האי נאם סי או אל.טי.,,קינואה 500 גרם,גרמים,500.00,100 גרם,false,1,13.90,2.78,true,1,
7290100700310,false,"סוגת כוסמת סוגת 1ק""ג","סוגת תעשיות בע""מ",,"כוסמת 1 ק""ג",גרמים,1000.00,100 גרם,false,1,14.60,1.46,true,1,
7290100700327,false,"גריסי פנינה סוגת 1 ק""ג","סוגת תעשיות בע""\מ",,"גריסי פניניה 1 ק""ג",גרמים,1000.00,100 גרם,false,1,10.00,1.00,true,1,
7290100700372,false,"אורז בסגנון בסמטי מלא 1 ק""ג",האי נאם סי או אל.טי.,,"אורז בסמטי מלא 1 ק""ג",גרמים,1000.00,100 גרם,false,1,13.50,1.35,true,1,
>>>>>>> d048ac2f4f281c9d788043ab4e81b61b0dbe3743
7290100700396,false,"סוגת אורז יסמין קלאסי 1 ק""ג",האי נאם סי או אל.טי.,,אורז יסמין קלאסי 1 ק,גרמים,1000.00,100 גרם,false,1,11.90,1.19,true,1,
7290100700419,false,"סוגת בורגול 1 ק""ג","סוגת תעשיות בע""\מ",,"בורגול 1 ק""ג",גרמים,1000.00,100 גרם,false,1,10.00,1.00,true,1,
7290100700563,false,אורז מיקס קלאסי סוגת (1 קג),סוגת תעשיות בעמ,,"אורז מיקס 1 ק""ג",גרמים,1000.00,100 גרם,false,1,15.60,1.56,true,1,
7290100700587,false,בורגול סוגת (500 גרם),האי נאם סי או אל.טי.,,בורגול 500 גרם,גרמים,500.00,100 גרם,false,1,5.20,1.04,true,1,
7290100701126,false,סוגת שעועית מש סוגת 500 גרם,סוגת תעשיות בעמ,,שעועית מש 500 גר,גרמים,500.00,100 גרם,false,1,12.50,2.50,true,1,
7290100701140,false,"אורז ריזוטו ארבוריו 1 ק""ג ""סוגת""","סוגת תעשיות בע""מ",,אורז ריזוטו ארבוריו,גרמים,1000.00,100 גרם,false,1,15.60,1.56,true,1,
7290100701157,false,אורז להכנת סושי סוגת (1 קג),"סוגת תעשיות בע""\מ",,"אורז סושי 1 ק""ג",גרמים,1000.00,100 גרם,false,1,10.00,1.00,true,1,
7290100701331,false,קמח רב תכליתי שטיבל קמח חיטה לבן בהיר,"שטיבל בע""\מ - טחנות קמח",,"קמח רב תכליתי 1 ק""ג",גרמים,1000.00,100 גרם,false,1,7.50,0.75,true,1,
7290100701348,false,"קמח שיפון מלא סוגת 1 ק""ג",שטיבל טחנות קמח,,"קמח שיפון מלא 1 ק""ג",גרמים,1000.00,100 גרם,false,1,7.50,0.75,true,1,
<<<<<<< HEAD
7290100701409,false,קמח תירס סוגת 500 גר,מולינו פילה ספא,,קמח תירס 500 גרם,גרמים,500.00,100 גרם,false,1,6.90,1.38,true,1,
7290100701454,false,גרישה בורגול דק סוגת 500 גרם,"סוגת תעשיות בע""\מ",,גרישה 500 גר,גרמים,500.00,100 גרם,false,1,4.90,0.98,true,1,
=======
7290100701409,false,קמח תירס סוגת (500 גרם),סוגת תעשיות בעמ,,קמח תירס 500 גרם,גרמים,500.00,100 גרם,false,1,6.90,1.38,true,1,
7290100701454,false,בורגול דק גרישה סוגת (500 גרם),"סוגת תעשיות בע""\מ",,גרישה 500 גר,גרמים,500.00,100 גרם,false,1,4.90,0.98,true,1,
>>>>>>> d048ac2f4f281c9d788043ab4e81b61b0dbe3743
7290100701577,false,קמח לחם קמח חיטה לבן שטיבל,טחנות קמח שטיבל באר שבע,,"קמח לחם 1 ק""ג סוגת",גרמים,1000.00,100 גרם,false,1,7.50,0.75,true,1,
7290100701874,false,"קמח כוסמין מלא סוגת 1 ק""ג",טחנות קמח שטיבל באר,,"קמח כוסמין 1 ק""ג סוג",גרמים,1000.00,100 גרם,false,1,14.90,1.49,true,1,
7290100701881,false,קמח פיצה ופוקצ'ה- קמח חיטה לבן בהיר שטיבל,"שטיבל בע""\מ - טחנת קמח",,"קמח פיצה ופוקצה 1 ק""",גרמים,1000.00,100 גרם,false,1,7.50,0.75,true,1,
7290100701898,false,קמח סוגת לפסטה 1 קג,שטיבל טחנות קמח,,"קמח פסטה 1 ק""ג סוגת",גרמים,1000.00,100 גרם,false,1,14.90,1.49,true,1,
7290100702260,false,קוסקוס דק סוגת 350 גרם,"אסיף תעשיות מזון בע""\מ",,קוסקוס דק 350 גרם,גרמים,350.00,100 גרם,false,1,5.00,1.43,true,1,
7290100702383,false,קמח תופח מס' 13 סוגת,"שטיבל בע""\מ - טחנות קמח",,"קמח תופח 1 ק""ג סוגת",גרמים,1000.00,100 גרם,false,1,7.50,0.75,true,1,
7290100702611,false,פתיתים אפויים אורז סוגת 500 גרם,"אסיף תעשיות מזון בע""\מ",,פתיתים אפויים אורז 5,גרמים,500.00,100 גרם,false,1,6.50,1.30,true,1,
7290100702628,false,פתיתים אפויים קוסקוס סוגת 500 גרם,"אסיף תעשיות מזון בע""\מ",,פתיתים אפויים קוסקוס,גרמים,500.00,100 גרם,false,1,6.50,1.30,true,1,
7290100702741,false,"סוכר חום בהיר בצנצנת סוגת 1 ק""ג",סוגת תעשיות בעמ,,"סוכר חום בהיר 1 ק""ג",גרמים,1000.00,100 גרם,false,1,13.50,1.35,true,1,
<<<<<<< HEAD
7290100702987,false,שיבולת שועל פתיתים סוגת 500 גרם,סוגת תעשיות,,שיבולת שועל 500 גרם,גרמים,500.00,100 גרם,false,1,6.20,1.24,true,1,
7290100702994,false,סוכר דמררה קלאסי בשקית סוגת 500 גרם,"סוגת תעשיות בע""מ",,סוכר דמררה קלאסי בשק,גרמים,500.00,100 גרם,false,1,6.50,1.30,true,1,
7290100703007,false,"עדשים שחורות בלוגה 500 גרם ""סוגת""",האי נאם סי או אל.טי.,,עדשים שחורות בלוגה 5,גרמים,500.00,100 גרם,false,1,8.90,1.78,true,1,
7290100703458,false,כוסמת לא קלוי 500 ג' סוגת,"סוגת תעשיות בע""\מ",,כוסמת ללא קליה 500 ג,גרמים,500.00,100 גרם,false,1,7.30,1.46,true,1,
7290100703649,false,"קמח חיטה 80% ללא צורך בניפוי סוגת 1 ק""ג","שטיבל בע""מ",,קמח מלא חיטה 80% ללא,גרמים,1000.00,100 גרם,false,1,8.30,0.83,true,1,
7290100703670,false,"קמח כוסמין ללא ניפוי 1 ק""ג סוגת","שטיבל בע""מ",,קמח כוסמין מלא ללא נ,גרמים,1000.00,100 גרם,false,1,14.90,1.49,true,1,
7290100703687,false,"קמח חלה ללא ניפוי סוגת 1 ק""ג","שטיבל בע""מ",,קמח חלה ללא ניפוי 1,קילוגרמים,0.00,"ק""ג",false,1,8.30,8.30,true,1,
7290100703908,false,"סוכר דמררה 1 ק""ג בלמינט סוגת",סוגת תעשיות בעמ,,"סוכר דמררה 1 ק""ג",גרמים,1000.00,100 גרם,false,1,12.50,1.25,true,1,
7290100703915,false,פופקורן להכנה במיקרוגל בטעם חמאה - מארז 6 שקיות,סוגת,,מארז פופקורן למיקרוג,גרמים,540.00,100 גרם,false,1,11.40,2.11,true,1,
7290100703922,false,פופקורן להכנה במיקרוגל בטעם טבעי - מארז 6 שקיות,סוגת,,מארז פופקורן למיקרוג,גרמים,540.00,100 גרם,false,1,11.40,2.11,true,1,
=======
7290100702987,false,שיבולת שועל פתיתים סוגת 500 גרם,סוגת תעשיות בעמ,,שיבולת שועל 500 גרם,גרמים,500.00,100 גרם,false,1,6.20,1.24,true,1,
7290100702994,false,סוכר דמררה קלאסי בשקית סוגת 500 גרם,"סוגת תעשיות בע""מ",,סוכר דמררה קלאסי בשק,גרמים,500.00,100 גרם,false,1,6.50,1.30,true,1,
7290100703007,false,עדשים שחורות בלוגה סוגת (500 גרם),האי נאם סי או אל.טי.,,עדשים שחורות בלוגה 5,גרמים,500.00,100 גרם,false,1,8.90,1.78,true,1,
7290100703458,false,כוסמת לא קלויה 500ג סוגת*,"סוגת תעשיות בע""\מ",,כוסמת ללא קליה 500 ג,גרמים,500.00,100 גרם,false,1,7.30,1.46,true,1,
7290100703649,false,"קמח חיטה 80% ללא צורך בניפוי סוגת 1 ק""ג",סוגת תעשיות בעמ,,קמח מלא חיטה 80% ללא,גרמים,1000.00,100 גרם,false,1,8.30,0.83,true,1,
7290100703670,false,"קמח כוסמין ללא ניפוי 1 ק""ג סוגת",סוגת תעשיות בעמ,,קמח כוסמין מלא ללא נ,גרמים,1000.00,100 גרם,false,1,14.90,1.49,true,1,
7290100703687,false,"קמח חלה ללא ניפוי סוגת 1 ק""ג",סוגת תעשיות בעמ,,קמח חלה ללא ניפוי 1,קילוגרמים,0.00,"ק""ג",false,1,8.30,8.30,true,1,
7290100703908,false,"סוכר דמררה 1 ק""ג בלמינט סוגת",סוגת תעשיות בעמ,,"סוכר דמררה 1 ק""ג",גרמים,1000.00,100 גרם,false,1,12.50,1.25,true,1,
7290100703915,false,פופקורן להכנה במיקרוגל בטעם חמאה - מארז 6 שקיות,סוגת תעשיות בעמ,,מארז פופקורן למיקרוג,גרמים,540.00,100 גרם,false,1,11.40,2.11,true,1,
7290100703922,false,פופקורן להכנה במיקרוגל בטעם טבעי - מארז 6 שקיות,סוגת תעשיות בעמ,,מארז פופקורן למיקרוג,גרמים,540.00,100 גרם,false,1,11.40,2.11,true,1,
>>>>>>> d048ac2f4f281c9d788043ab4e81b61b0dbe3743
7290100703960,false,שומשום סוגת 500 גרם,סוגת תעשיות בעמ,,שומשום 500 גרם,גרמים,500.00,100 גרם,false,1,11.90,2.38,true,1,
7290100704660,false,"קינואה מיקס סוגת, 500 גרם","סוגת תעשיות בע""\מ",,קינואה מיקס 500 גרם,גרמים,500.00,100 גרם,false,1,14.60,2.92,true,1,
7290100850909,false,חטיף תירס נאצ`ו מקסיקני דוריטוס (70 גרם),"שטראוס פריטו ליי בע""\מ",IL,דוריטוס נאצו מקסיקני,גרמים,70.00,100 גרם,false,1,3.60,5.14,true,1,
7290100850916,false,דוריטוס חמוץ חריף מעודן 70 גרם כשר לפסח,"שטראוס פריטו ליי בע""\מ )",,דוריטוס חמוץ חריף 70,גרמים,70.00,100 גרם,false,1,3.60,5.14,true,1,
7290100850923,false,חטיף תירס גריל דוריטוס (70 גרם),"שטראוס פריטו ליי בע""\מ )",,דוריטוס גריל 70 גרם,גרמים,70.00,100 גרם,false,1,3.60,5.14,true,1,
7290100850930,false,חטיף תירס בטעם טבעי דוריטוס (70 גרם),"שטראוס פריטו ליי בע""\מ )",,דוריטוס טבעי 70 גרם,גרמים,70.00,100 גרם,false,1,3.60,5.14,true,1,
7290100858592,false,אבקת קקאו עלית שקית 150 ג',הנסיך- מפעל לייצור ט,,קקאו 150 גרם,גרמים,150.00,100 גרם,false,1,9.90,6.60,true,1,
<<<<<<< HEAD
7290100858608,false,אבקת קקאו עלית שקית 500 ג',שטראוס קפה בי.ויn\.,,קקאו 500 גרם,גרמים,500.00,100 גרם,false,1,23.90,4.78,true,1,
7290100921609,false,סוד סבון לאסלה 4 כדוריות בניחוח אוקיינוס 50 ג',"הנקל סוד בע""\מ",,סבון אסלה סוד אוקיינ,גרמים,50.00,100 גרם,false,1,10.20,20.40,true,1,
7290100921616,false,סוד סבון לאסלה 4 כדוריות בניחוח אורנים 50 ג',הנקל סוד,,סבון אסלה סוד אורנים,גרמים,50.00,100 גרם,false,1,10.20,20.40,true,1,
7290100921623,false,מנקה אסלה סוד 4 כדוריות נתלה אקונומיקה נתלה 50 ג',"הנקל סוד בע""\מ",,סבון אסלה סוד אקונומ,גרמים,50.00,100 גרם,false,1,10.20,20.40,true,1,
7290100924204,false,"פרסיל אבקה לכביסה רגיל 8 ק""ג",פרסיל Persil,,אבקת כביסה פרסיל 8 ק,קילוגרמים,0.01,"ק""ג",false,1,62.50,6250.00,true,1,
7290100924457,false,שלישיית כדוריות סבון לאסלה לימון סוד 50 גרם,הנקל סוד,,סבון לאסלה כדוריות ל,Unknown,0.00,Unknown,false,1,26.50,26.50,true,1,
7290100924464,false,כדוריות סבון נתלה לאסלה עם אקונומיקה - 3 יח',הנקל סוד,,סבון לאסלה כדוריות א,Unknown,0.00,Unknown,false,1,26.50,26.50,true,1,
7290100925676,false,קולור קאצר 20 דפים לוכדי צבע למכונת כביס,"הנקל סוד בע""\מ",,קולור קאצר 20 דפים,Unknown,0.00,Unknown,false,1,27.50,27.50,true,1,
7290100926147,false,אבקת כביסה פרסיל קולור שקית 2.5 קג,"הנקל סוד בע""מ",,אבקת כביסה פרסיל,קילוגרמים,0.00,"ק""ג",false,1,29.50,29.50,true,1,
7290101113904,false,מארז מנבו וניל 12 יח' פלדמן,הגלידות של פלדמן,IL,מנבו וניל 12 יח,יחידה,1.00,יחידה,false,1,24.90,24.90,true,1,
7290101453963,false,נר מספר - 9 (1X12X60),סודי,CN,נר מספר - 9,Unknown,0.00,Unknown,false,60,2.90,2.90,true,1,
7290101500001,false,בייבי מיקס רבנות,חקלאי,,בייבי מיקס,Unknown,0.00,Unknown,false,1,6.90,6.90,true,1,
7290101500070,false,סופר מיקס 170 גרם,,,סופר מיקס,Unknown,0.00,Unknown,false,1,7.90,7.90,true,1,
7290101500506,false,פטרוזיליה ארוז רבנות,,,פטרוזיליה ארוזה,Unknown,0.00,Unknown,false,1,2.99,2.99,true,1,
7290101500513,false,שמיר ארוז רבנות,,,שמיר ארוז,Unknown,0.00,Unknown,false,1,2.99,2.99,true,1,
7290101500520,false,כוסברה ארוז רבנות,,,כוסברה ארוזה,Unknown,0.00,Unknown,false,1,2.90,2.90,true,1,
7290101500551,false,סלרי אמריקאי ארוז רבנות,חקלאי,,סלרי אמריקאי ארוז,Unknown,0.00,Unknown,false,1,3.90,3.90,true,1,
7290101500568,false,שורש סלרי ארוז,חקלאי,,סלרי ראש ארוז,Unknown,0.00,Unknown,false,1,3.90,3.90,true,1,
=======
7290100858608,false,עלית אבקת קקאו כשלפ 500 גרם,שטראוס קפה בי.ויn\.,,קקאו 500 גרם,גרמים,500.00,100 גרם,false,1,23.90,4.78,true,1,
7290100921593,false,מנקה אסלה סוד 4 כדוריות לאסלה לימון נתלה 50 ג',גורי שיווק בעמ,,סבון אסלה סוד לימון,גרמים,50.00,100 גרם,false,1,10.20,20.40,true,1,
7290100921609,false,סוד סבון לאסלה 4 כדוריות בניחוח אוקיינוס 50 ג',גורי שיווק בעמ,,סבון אסלה סוד אוקיינ,גרמים,50.00,100 גרם,false,1,10.20,20.40,true,1,
7290100921616,false,סוד סבון לאסלה 4 כדוריות בניחוח אורנים 50 ג',גורי שיווק בעמ,,סבון אסלה סוד אורנים,גרמים,50.00,100 גרם,false,1,10.20,20.40,true,1,
7290100924204,false,"פרסיל אבקה לכביסה רגיל 8 ק""ג",גורי שיווק בעמ,,אבקת כביסה פרסיל 8 ק,קילוגרמים,0.01,"ק""ג",false,1,62.50,6250.00,true,1,
7290100924457,false,שלישיית כדוריות סבון לאסלה לימון סוד 50 גרם,גורי שיווק בעמ,,סבון לאסלה כדוריות ל,Unknown,0.00,Unknown,false,1,26.50,26.50,true,1,
7290100925676,false,קולור קאצר 20 דפים לוכדי צבע למכונת כביס,גורי שיווק בעמ,,קולור קאצר 20 דפים,Unknown,0.00,Unknown,false,1,27.50,27.50,true,1,
7290100926147,false,אבקת כביסה פרסיל קולור שקית 2.5 קג,גורי שיווק בעמ,,אבקת כביסה פרסיל,קילוגרמים,0.00,"ק""ג",false,1,29.50,29.50,true,1,
7290101113904,false,מארז מנבו וניל 12 יח' פלדמן,פלקו בעמ חברה ישראלית,IL,מנבו וניל 12 יח,יחידה,1.00,יחידה,false,1,24.90,24.90,true,1,
7290101453963,false,נר מספר - 9 (1X12X60),שמחה זה אנחנו,CN,נר מספר - 9,Unknown,0.00,Unknown,false,60,2.90,2.90,true,1,
7290101500001,false,בייבי מיקס רבנות,ביכורי השדה הצפון בעמ` 1964,,בייבי מיקס,Unknown,0.00,Unknown,false,1,6.90,6.90,true,1,
7290101500070,false,סופר מיקס 170 גרם,ביכורי השדה הצפון בעמ` 1964,,סופר מיקס,Unknown,0.00,Unknown,false,1,7.90,7.90,true,1,
7290101500506,false,פטרוזיליה ארוז רבנות,ביכורי השדה הצפון בעמ` 1964,,פטרוזיליה ארוזה,Unknown,0.00,Unknown,false,1,2.99,2.99,true,1,
7290101500513,false,שמיר ארוז רבנות,ביכורי השדה צפון 1994 ג.ד. בעמ,,שמיר ארוז,Unknown,0.00,Unknown,false,1,2.99,2.99,true,1,
7290101500520,false,כוסברה ארוז רבנות,ביכורי השדה צפון 1994 ג.ד. בעמ,,כוסברה ארוזה,Unknown,0.00,Unknown,false,1,2.90,2.90,true,1,
7290101500551,false,סלרי אמריקאי ארוז רבנות,ביכורי השדה הצפון בעמ` 1964,,סלרי אמריקאי ארוז,Unknown,0.00,Unknown,false,1,3.90,3.90,true,1,
7290101500568,false,שורש סלרי ארוז,ביכורי השדה הצפון בעמ` 1964,,סלרי ראש ארוז,Unknown,0.00,Unknown,false,1,3.90,3.90,true,1,
>>>>>>> d048ac2f4f281c9d788043ab4e81b61b0dbe3743
7290101501237,false,עגבניה מגי מובחרת ארוזה,יגור חקלאות ועסקים,,עגבניות מגי,Unknown,0.00,"ק""ג",true,0,9.90,9.90,true,1,
7290101551027,false,קפסולות קפה אספרסו חזק במיוחד 14 עלית 10 יח',הנסיך- מפעל לייצור ט,IL,קפסולות 14 חזק במיוח,גרמים,50.00,100 גרם,false,1,16.50,33.00,true,1,
7290101551300,false,סילאן טבעי ללא תוספת סוכר בקבוק לחיץ,מכוורת יד מרדכי שטראוס ב,,סילאן טבעי לחיץ יד מ,גרמים,700.00,100 גרם,false,1,10.90,1.56,true,1,
7290101551539,false,יוגורט PRO בטעם אפרסק 0% 20 גרם חלבון בגביע,שטראוס גרופ בעמ/מצונן,IL,דנונה פרו 20 גרם חלב,גרמים,200.00,100 גרם,false,1,4.20,2.10,true,1,
7290101551577,false,קוואקר שיבות שועל פחית מארז 2*500 גר',שטראוס פריטו ליי בע`מ,GB,מ. קוואקר שבולת שועל,גרמים,1000.00,100 גרם,false,1,27.50,2.75,true,1,
7290101551584,false,תפוצ'יפס קידס מארז 10 יח' * 20 ג',"שטראוס פריטו ליי בע""מ )פ",IL,מארז טפוציפס קידס 10,גרמים,200.00,100 גרם,false,1,16.70,8.35,true,1,
7290101551614,false,חטיף צ'יטוס קראנץ בטעם גבינה - מארז 8 יח',"שטראוס פריטו ליי בע""מ )פ",IL,מארז ציטוס רקאנצי טע,גרמים,240.00,100 גרם,false,1,16.70,6.96,true,1,
<<<<<<< HEAD
7290101863410,false,"סיליט באנג ספריי ניקוי עוצמתי מכיל אקונומיקה 750 מ""ל",סיליט באנג Cillit Bang,,סיליט באנג ספריי אקו,מיליליטרים,750.00,"100 מ""ל",false,1,13.90,1.85,true,1,
7290101864127,false,"ספריי להסרת כתמים 750 מ""ל וניש קליה",קליה וניש Kalia Vanish,,קליה אוקסי ספריי 750,מיליליטרים,500.00,"100 מ""ל",false,1,17.90,3.58,true,1,
7290101865261,false,"פיניש נוזל הברקה למדיח 800 מ""ל",רקיט בנקיזר,,"פיניש הברקה 800 מ""ל",מיליליטרים,800.00,"100 מ""ל",false,1,19.90,2.49,true,1,
7290101866633,false,וניש קליה גל להסרת כתמים 3 ליטר אוקסיפרש,קליה וניש Kalia Vanish,,קליה גל 3 ל,ליטרים,0.00,ליטר,false,1,24.90,24.90,true,1,
7290101866787,false,וניש קליה נוזל מסיר כתמים לכביסה לבנה 3 ליטר,קליה וניש Kalia Vanish,,קליה לכביסה לבנה 3 ל,ליטרים,0.00,ליטר,false,1,24.90,24.90,true,1,
7290101868958,false,פיניש נוזל הברקה למדיח בניחוח לימון,רקיט בנקיזר,,פיניש הברקה לימון 80,מיליליטרים,800.00,"100 מ""ל",false,1,19.90,2.49,true,1,
7290101869702,false,"ג 'ל פיניש AIO MAX מרוכז למדיח 600מ""ל",פיניש רקיט בנקיזר,,"גל AIO פיניש 600 מ""",מיליליטרים,600.00,"100 מ""ל",false,1,33.50,5.58,true,1,
7290101869726,false,ג'ל מרוכז למדיח הכל ב-1 פיניש 1 ליטר,רקיט בנקיזר,,גל AIO פיניש 1 ליטר,מיליליטרים,1000.00,"100 מ""ל",false,1,36.90,3.69,true,1,
7290101869733,false,פיניש ג'ל למדיח כלים בניחוח לימון 1 ליטר ALL IN 1,רקיט בנקיזר,,גל AIO פיניש לימון 1,מיליליטרים,1000.00,"100 מ""ל",false,1,36.90,3.69,true,1,
7290101869795,false,"מטהר אוויר אירוויק ספריי מילוי חלום ליל קיץ 250 מ""ל",איירוויק Air Wick,,אירוויק מילוי מבשם א,Unknown,0.00,Unknown,false,1,22.90,22.90,true,1,
7290101869825,false,"אירוויק מילוי למכשיר חשמלי בניחוח אואזיס 19 מ""ל",איירוויק Air Wick,,אירוויק מילוי מבשם ח,Unknown,0.00,Unknown,false,1,17.90,17.90,true,1,
7290101869979,false,"אירוויק מקלות ריחניים בניחוח אואזיס 30 מ""ל",איירוויק Air Wick,,אירוויק מקלות ריחניי,Unknown,0.00,Unknown,false,1,19.90,19.90,true,1,
=======
7290101863410,false,"סיליט באנג ספריי ניקוי עוצמתי מכיל אקונומיקה 750 מ""ל",רקיט בנקיזר (ניר איסט) בעמ,,סיליט באנג ספריי אקו,מיליליטרים,750.00,"100 מ""ל",false,1,13.90,1.85,true,1,
7290101864127,false,ספריי להסרת כתמים וניש קליה (750 מל),רקיט בנקיזר (ניר איסט) בעמ,,קליה אוקסי ספריי 750,מיליליטרים,500.00,"100 מ""ל",false,1,17.90,3.58,true,1,
7290101865261,false,נוזל הברקה למדיח כלים פיניש (800 מל),רקיט בנקיזר (ניר איסט) בעמ,,"פיניש הברקה 800 מ""ל",מיליליטרים,800.00,"100 מ""ל",false,1,19.90,2.49,true,1,
7290101866633,false,וניש קליה גל להסרת כתמים 3 ליטר אוקסיפרש,רקיט בנקיזר (ניר איסט) בעמ,,קליה גל 3 ל,ליטרים,0.00,ליטר,false,1,24.90,24.90,true,1,
7290101866787,false,וניש קליה נוזל מסיר כתמים לכביסה לבנה 3 ליטר,רקיט בנקיזר (ניר איסט) בעמ,,קליה לכביסה לבנה 3 ל,ליטרים,0.00,ליטר,false,1,24.90,24.90,true,1,
7290101868958,false,פיניש נוזל הברקה למדיח בניחוח לימון,רקיט בנקיזר (ניר איסט) בעמ,,פיניש הברקה לימון 80,מיליליטרים,800.00,"100 מ""ל",false,1,19.90,2.49,true,1,
7290101869702,false,ג`ל למדיח כלים All in 1 פיניש (600 מל),רקיט בנקיזר (ניר איסט) בעמ,,"גל AIO פיניש 600 מ""",מיליליטרים,600.00,"100 מ""ל",false,1,33.50,5.58,true,1,
7290101869726,false,ג'ל מרוכז למדיח הכל ב-1 פיניש 1 ליטר,רקיט בנקיזר (ניר איסט) בעמ,,גל AIO פיניש 1 ליטר,מיליליטרים,1000.00,"100 מ""ל",false,1,36.90,3.69,true,1,
7290101869733,false,פיניש ג'ל למדיח כלים בניחוח לימון 1 ליטר ALL IN 1,רקיט בנקיזר (ניר איסט) בעמ,,גל AIO פיניש לימון 1,מיליליטרים,1000.00,"100 מ""ל",false,1,36.90,3.69,true,1,
7290101869795,false,"מטהר אוויר אירוויק ספריי מילוי חלום ליל קיץ 250 מ""ל",רקיט בנקיזר (ניר איסט) בעמ,,אירוויק מילוי מבשם א,Unknown,0.00,Unknown,false,1,22.90,22.90,true,1,
7290101869825,false,"אירוויק מילוי למכשיר חשמלי בניחוח אואזיס 19 מ""ל",רקיט בנקיזר (ניר איסט) בעמ,,אירוויק מילוי מבשם ח,Unknown,0.00,Unknown,false,1,17.90,17.90,true,1,
7290101869979,false,"אירוויק מקלות ריחניים בניחוח אואזיס 30 מ""ל",רקיט בנקיזר (ניר איסט) בעמ,,אירוויק מקלות ריחניי,Unknown,0.00,Unknown,false,1,19.90,19.90,true,1,
>>>>>>> d048ac2f4f281c9d788043ab4e81b61b0dbe3743
7290101952121,false,מארז פטרוצאן עם שומן,,IL,פטרוצן עם שומן כבש,גרמים,500.00,100 גרם,false,1,27.90,5.58,true,1,
7290101952329,false,המבורגר מזרע טקסס 40,,,המבורגר טקסס 400 גרם,גרמים,400.00,100 גרם,false,1,25.90,6.48,true,1,
7290101952343,false,המבורגר מסעדות 400 גרם,,,המבורגר מסעדות,גרמים,400.00,100 גרם,false,1,25.90,6.48,true,1,
7290101952381,false,קבב מזרע מזרחי 600 ג,,,קבב מזרחי 600 גרם,גרמים,600.00,100 גרם,false,1,41.90,6.98,true,1,
7290101952442,false,קבב מזרע רומני 600 ג,,,קבב רומני 600 גרם,גרמים,600.00,100 גרם,false,1,39.90,6.65,true,1,
7290101952459,false,קבב מזרע כבש 600 גר,,,קבב כבש 600 גרם,גרמים,600.00,100 גרם,false,1,41.90,6.98,true,1,
7290101952497,false,גרגרי חומוס טבעפרוסט 800 כר,,,גרגרי חומוס טבעפרוסט,גרמים,800.00,100 גרם,false,1,18.80,2.35,true,1,
7290101952527,false,לקט בסגנון אסייתי טבעפרוסט 800 גר,,,לקט בסגנון אסייתי טב,גרמים,800.00,100 גרם,false,1,18.80,2.35,true,1,
7290101952558,false,גרעיני תירס קפואים טבעפרוסט 800 גרם,,,גרעיני תירס קפואים,גרמים,800.00,100 גרם,false,1,16.20,2.03,true,1,
7290101952565,false,מחבת מלבני 21X33,,IL,מיני פריזר ילדים,גרמים,400.00,100 גרם,false,1,36.50,9.13,true,1,
<<<<<<< HEAD
7290102031276,false,מארז 8 יחידות אקטימל משקה יוגורט בטעם תות בננה,מיוצר עי קונדיטוריית,,אקטימל תות בננה,גרמים,850.00,100 גרם,false,1,20.90,2.46,true,1,
=======
7290101980919,false,שלישיית ביצי שוקולד פיניאס ופרב ***לא פעיל***,שמחה זה אנחנו בע`מ,,מארז שלישיית ביצי שו,Unknown,0.00,Unknown,false,1,14.50,14.50,true,1,
7290102030330,false,תפוצ`יפס אקסטרא מקסיקני 200 גרם +20 תו,"שטראוס פריטו ליי בע""\מ )",,תפוציפס קראנצ מקסיקנ,גרמים,200.00,100 גרם,false,1,9.90,4.95,true,1,
7290102031276,false,מארז 8 יחידות אקטימל משקה יוגורט בטעם תות בננה,שטראוס גרופ בעמ/מצונן,,אקטימל תות בננה,גרמים,850.00,100 גרם,false,1,20.90,2.46,true,1,
>>>>>>> d048ac2f4f281c9d788043ab4e81b61b0dbe3743
7290102060764,false,מרידול מברשת שיניים אריזת זוג,יבואן ומשווק: ש. שסט,,מרידול מברשת שיניים,Unknown,0.00,Unknown,false,1,41.90,41.90,true,1,
7290102060979,false,"אלמקס משחת שיניים למניעת עששת 100מ""ל",יבואן ומשווק: ש. שסט,,משחת שיניים משפחתי,Unknown,0.00,Unknown,false,1,21.90,21.90,true,1,
7290102062195,false,"משחת שיניים לילדים לגילאי 6-12 אלמקס 75 מ""ל",יבואן ומשווק: ש. שסט,,משחת שיניים אלמקס,Unknown,0.00,Unknown,false,1,18.20,18.20,true,1,
7290102300815,false,"גבינת צ'דר אנגלית כתומה פרוס, 200 גרם",א. סיימן סחר בעמ,,צדר אנגלי כתום פרוס,גרמים,200.00,100 גרם,false,1,26.50,13.25,true,1,
7290102300822,false,גבינת צ`דר אנגלית כתומה 200 גרם,דאולי צ'יסמייקרס,,צדר אנגלית כתומה 200,גרמים,200.00,100 גרם,false,1,24.90,12.45,true,1,
7290102300860,false,"גבינת צ'דר אנגלית לבן, 200 גרם",א. סיימן סחר בעמ,,צדר אנגלי 200 גרם,גרמים,200.00,100 גרם,false,1,24.90,12.45,true,1,
7290102300877,false,גבינת צ'דר אנגלית34%משקל,כושר דייארי,,צדר אנגלי במשקל,Unknown,0.00,"ק""ג",true,0,126.00,126.00,true,1,
7290102300884,false,גבינת צ'דר כתום34% במשקל,שבינגטון,,צדר אנגלי כתום במשקל,Unknown,0.00,"ק""ג",true,0,126.00,126.00,true,1,
7290102301423,false,גבינת גאודה בקר במשק,הנרי בליך,,גאודה בקר במשקל,Unknown,0.00,"ק""ג",true,0,74.00,74.00,true,1,
7290102301539,false,גבינת גאודה עיזים במ,הנרי בליך,,גאודה עיזים סיימן במ,Unknown,0.00,"ק""ג",true,0,142.00,142.00,true,1,
7290102302253,false,"גבינת גאודה עיזים חצי קשה 34%, 200 גרם",מיוצר עי קונדיטוריית,,גבינת עיזים 200 גרם,גרמים,200.00,100 גרם,false,1,31.50,15.75,true,1,
7290102302840,false,גאודה עיזים פרוסה 150 גר` הגבינות של נני,מיוצר עי קונדיטוריית,,גבינת עיזים 150 גרם,גרמים,150.00,100 גרם,false,1,22.90,15.27,true,1,
7290102302864,false,גבינה הולנדית עם פסטו ירוק 34%,הנרי ויליך Henri Willig,NL,גבינת גאודה פסטו ירו,גרמים,200.00,100 גרם,false,1,31.50,15.75,true,1,
7290102303977,false,גוש טונה בשמן זית רוברט 140 גרם,קונסרבס פורטוגל נורטה,PT,גוש טונה בשמן זית רו,גרמים,140.00,100 גרם,false,1,11.90,8.50,true,1,
<<<<<<< HEAD
7290102390427,false,יוגורט ביו עם קציפת תות 3% שומן 150 ג' מולר,מולר Muller,,יוגורט מולר פרופ בטע,גרמים,150.00,100 גרם,false,1,5.00,3.33,true,1,
7290102390465,false,יוגורט ביו עם קציפת אפרסק ופסיפלורה 3% שומן 150 ג' מולר,מולר Muller,,פרופ אפרסק פסיפלורה,מיליליטרים,150.00,"100 מ""ל",false,1,5.00,3.33,true,1,
7290102390489,false,יוגורט ביו עם קציפת לימון 3% שומן 150 ג' מולר,מולר Muller,,פרופ לימון מולר 150,מיליליטרים,150.00,"100 מ""ל",false,1,5.00,3.33,true,1,
7290102391844,false,יוגורט ביו עם קציפת פירות יער3% שומן 150 ג' מולר,מולר Muller,,פרופ מולר פירות יער,גרמים,150.00,100 גרם,false,1,5.00,3.33,true,1,
7290102392049,false,גבינה לאפיה תבור ללא תוספת מלח 5% משק צוריאל 500 גרם,מחלבת משק צוריאל,,צוריאל תבור גבינה לא,גרמים,500.00,100 גרם,false,1,24.80,4.96,true,1,
7290102392094,false,חלב עיזים 3.7% בקרטון משק צוריאל 1 ליטר,מילקו תעשיות בעמ,,חלב עיזים בקרטון 1ל,מיליליטרים,1000.00,"100 מ""ל",false,1,15.50,1.55,true,1,
7290102392254,false,"חלב בקרטון 1% 2 ליטר בד""צ - מוצר בפיקוח",מילקו תעשיות בעמ,,חלב 2 ל 1%,ליטרים,0.00,ליטר,false,1,11.10,11.10,true,1,
7290102393039,false,"יוגורט ביו קרמי מיקס פצפוצי שוקולד 7.6% מולר 170 מ""ל",קריות זול,,מולר מיקס יוגורט,גרמים,150.00,100 גרם,false,1,5.90,3.93,true,1,
7290102393060,false,"יוגורט ביו קרמי מיקס גלילי ופל ואגוזים 5.9% מולר 170 מ""ל",קריות זול,,מולר מיקס יוגורט קרמ,גרמים,150.00,100 גרם,false,1,5.90,3.93,true,1,
7290102393169,false,"יוגורט סימפלי פרוט בטעם תות 3% מולר 150 מ""ל",מולר Muller,,SIMPLY FRUIT מולר בט,מיליליטרים,150.00,"100 מ""ל",false,1,5.00,3.33,true,1,
7290102393176,false,סימפלי פרוט יוגורט אפרסק 3% שומן 150 ג' מולר,מילקו תעשיות בעמ,,SIMPLY FRUIT מולר בט,מיליליטרים,150.00,"100 מ""ל",false,1,5.00,3.33,true,1,
7290102393190,false,"יוגורט סימפלי פרוט בטעם פירות יער 3% מולר 150 מ""ל",מילקו תעשיות בעמ,,SIMPLY FRUIT מולר בט,מיליליטרים,150.00,"100 מ""ל",false,1,5.00,3.33,true,1,
7290102393268,false,"גבינה לבנה 5% שומן, רכיבים טבעיים 750 גרם",הפריט בפיקוח,,גבינה לבנה 5% 750 גר,גרמים,750.00,100 גרם,false,1,14.25,1.90,true,1,
7290102393299,false,יוגורט עיזים לשתייה 3% משק צוריאל 500 גרם,מיוצר עי קוד יצרן HG,,יוגורט עיזים לשתיה 5,גרמים,500.00,100 גרם,false,1,11.70,2.34,true,1,
7290102393848,false,יוגורט עיזים 2.4% עם תות משק צוריאל 150 גרם,מחלבת משק צוריאל,,משק צוריאל יוגורט עי,מיליליטרים,140.00,"100 מ""ל",false,1,6.00,4.29,true,1,
7290102393855,false,יוגורט עיזים 2.5% עם אפרסק משק צוריאל 150 גרם,מחלבת משק צוריאל,,משק צוריאל יוגורט עי,מיליליטרים,140.00,"100 מ""ל",false,1,6.00,4.29,true,1,
7290102393947,false,סימפלי פרוט יוגורט בטעם קיווי 3% שומן 150 ג' מולר,מילקו תעשיות בעמ,,SIMPLY FRUIT מולר בט,מיליליטרים,150.00,"100 מ""ל",false,1,5.00,3.33,true,1,
7290102394258,false,גליל גבינת עיזים מה עז 9% משק צוריאל 180 גרם,מחלבת משק צוריאל,,עז מה 9% מופחתת שומן,גרמים,180.00,100 גרם,false,0,22.90,12.72,true,1,
7290102394463,false,נעם גבינה צהובה פרוסה ואקום 28% טרה 500 גרם,Unknown,,נעם גבינה צהובה וואק,גרמים,500.00,100 גרם,false,1,26.90,5.38,true,1,
7290102394821,false,נעם גבינה צהובה פרוסה 28% טרה 200 גרם,מילקו תעשיות בעמ,,נעם גבינה צהובה דק ד,גרמים,200.00,100 גרם,false,1,15.80,7.90,true,1,
7290102394845,false,נעם גבינה צהובה לייט פרוסה דק דק 9% טרה 200 גרם,מילקו תעשיות בעמ,,נעם גבינה צהובה דק ד,גרמים,200.00,100 גרם,false,1,16.90,8.45,true,1,
7290102395101,false,ממרח גבינה ושוקולד מוו טרה 200 גרם,מילקו תעשיות בעמ,,ממרח גבינה ושוקולד ש,גרמים,200.00,100 גרם,false,1,12.80,6.40,true,1,
7290102395217,false,מאגדת שמיניה מולר במתיקות מעודנת 1.2% 8*150 ג',מולר Muller,,מאגדת שמיניה מולר,גרמים,1200.00,100 גרם,false,1,21.90,1.83,true,1,
7290102395224,false,שמיניית יוגורט ביו ביאנקו 1.7% מולר 150 גרם,מולר Muller,,מאגדת שמיניה מולר,גרמים,1200.00,100 גרם,false,1,17.90,1.49,true,1,
7290102395231,false,שמיניית יוגורט ביו ביאנקו 2.8% מולר 150 גרם,מולר Muller,,מאגדת שמיניה מולר,גרמים,1200.00,100 גרם,false,1,17.90,1.49,true,1,
7290102395262,false,מארז 8 גביעים יוגורט בטעם תות שדה ואפרסק 3% Simply Fruit,מולר Muller,,מאגדת 8 מולר סימפלי,גרמים,900.00,100 גרם,false,1,30.30,3.37,true,1,
7290102395408,false,נעם גבינה צהובה 28% במשקל,החברה המרכזית,,נעם גבינה צהובה 28%,Unknown,0.00,"ק""ג",true,0,42.70,42.70,true,1,
7290102395415,false,נועם גב.צהובה9%חריץ משקל,החברה המרכזית,,נעם גבינה צהובה 9% ב,Unknown,0.00,"ק""ג",true,0,79.00,79.00,true,1,
7290102395422,false,נעם גבינה צהובה 22% במשקל,החברה המרכזית,,נעם גבינה צהובה 22%,Unknown,0.00,"ק""ג",true,0,40.59,40.59,true,1,
7290102395477,false,מעדן חלב בטעם שוקולד עם קצפת 123 ג' טרה,Unknown,,מעדן מו שוקולד 123,גרמים,123.00,100 גרם,false,1,3.30,2.68,true,1,
7290102395521,false,"שמנת לבישול 15% שומן 500 מ""ל טרה",מילקו תעשיות בעמ,,שמנת לבישול 15% 500,מיליליטרים,500.00,"100 מ""ל",false,1,16.20,3.24,true,1,
7290102396436,false,"מעדן מוו שוקולד 1.5% 125 גרם בד""צ",מילקו תעשיות בעמ,,מעדן מו שוקולד 123 ג,גרמים,123.00,100 גרם,false,1,3.00,2.44,true,1,
7290102396443,false,"מעדן מוו וניל 1.5% 125 גרם בד""צ",מילקו תעשיות בעמ,,מעדן מו וניל 123 גר,גרמים,123.00,100 גרם,false,1,3.00,2.44,true,1,
7290102396665,false,נעם גבינה צהובה דק דק 15% טרה 200 גרם,מילקו תעשיות בעמ,,גבינה צהובה נעם דק ד,גרמים,200.00,100 גרם,false,1,15.90,7.95,true,1,
7290102396672,false,"גבנ""צ דק דק נעם פתיחה חוזרת 9% 360 גרם",מילקו תעשיות בעמ,,זבינה צהובה נעם דק ד,גרמים,360.00,100 גרם,false,1,26.80,7.44,true,1,
7290102396719,false,יוגורט סימפלי תות 0% מולר 150 גרם,מולר Muller,,מולר SIMPLY FRUIT תו,גרמים,150.00,100 גרם,false,1,5.00,3.33,true,1,
7290102396740,false,מארז 8 גביעים יוגורט בטעם תות שדה ואפרסק 0% Simply Fruit,מילקו תעשיות בעמ,,מאגדת תות ואפרסק מול,קילוגרמים,0.00,"ק""ג",false,1,30.30,30.30,true,1,
7290102397204,false,"גבנ""צ דק דק נעם פתיחה חוזרת 22% 200 גרם",מילקו תעשיות בעמ,,גבינה צהובה נעם דק ד,גרמים,200.00,100 גרם,false,1,15.80,7.90,true,1,
7290102397334,false,גבינה בולגרית גלילית 5% משק צוריאל 250 גרם,מחלבת משק צוריאל,,בולגרית 5% 250 גר,גרמים,250.00,100 גרם,false,1,24.90,9.96,true,1,
7290102397464,false,יוגורט ביו בתוספת גרעינים אגוזים וחמוציות 170 ג' מולר,מולר Muller,,מולר נטורל+ פקאן גרע,גרמים,170.00,100 גרם,false,1,5.90,3.47,true,1,
7290102397600,false,מיקס יוגורט בתוספת שקדים ובוטנים מקורמלים 170 ג' מולר,מילקו תעשייה בעמ,,מולר מיקס שקדים ובוט,גרמים,170.00,100 גרם,false,1,5.90,3.47,true,1,
7290102397617,false,יוגורט ביו קרמי עם כדורים מצופים שוקולד חום לבן,מולר Muller,,מולר מיקס קליק 170 ג,גרמים,170.00,100 גרם,false,1,5.90,3.47,true,1,
7290102397730,false,פרוסות גבינה אמנטל חצי קשה 30% שומן 200 ג' נעם,Unknown,,גבינת אמנטל נעם 200,גרמים,200.00,100 גרם,false,1,17.10,8.55,true,1,
7290102397747,false,פרוסות גבינת מוצרלה נעם מחלב בקר 22%,טרה,,מוצרלה נעם רכיבים,גרמים,200.00,100 גרם,false,1,18.50,9.25,true,1,
7290102397891,false,גבינה מותכת משק צוריאל 100 גרם,משק צוריאל,,גבינה מותכת 100 גרם,גרמים,100.00,100 גרם,false,1,7.40,7.40,true,1,
7290102398065,false,חלב טרה בקרטון 2 ליטר מהדרין 3% - מוצר בפיקוח,הפריט בפיקוח,,חלב 3% מהדרין 2 ליטר,ליטרים,0.00,ליטר,false,1,11.80,11.80,true,1,
7290102398331,false,חלב מועשר דל לקטוז 2% שומן טרה 1 ליטר,טרה,,חלב מועשר דל לקטוז 1,מיליליטרים,1000.00,"100 מ""ל",false,1,8.40,0.84,true,1,
7290102398560,false,שוקו טרה מועשר בבקבוק 1 ליטר,מילקו תעשיות בעמ,IL,שוקו מועשר טרה 1 ליט,מיליליטרים,1000.00,"100 מ""ל",false,1,11.20,1.12,true,1,
7290102398577,false,משקה חלב בטעם שוקו 2% בבקבוק אישי,מילקו תעשיות בעמ,IL,שוקו מועשר טרה 250 מ,מיליליטרים,250.00,"100 מ""ל",false,1,6.20,2.48,true,1,
7290102398669,false,משקה חלב אייס קפוצ'ינו טרה 1 ליטר,מילקו תעשיות בעמ,IL,אייס קפוצינו 1 ליטר,ליטרים,0.00,ליטר,false,1,11.20,11.20,true,1,
7290102399789,false,מולר ספרדבל-ממרח חמאת מולר ללא מלח 250 גרם,G Weihenstephan Molkerei,,מולר ספרדבל ממרח חמא,גרמים,250.00,100 גרם,false,1,19.80,7.92,true,1,
7290102399796,false,מעדן יוגורט לבן מועשר בחלבון 200 ג' מולר אקטיב,מולר Muller,IL,מולר אקטיב יוגורט חל,גרמים,200.00,100 גרם,false,1,5.70,2.85,true,1,
7290102399802,false,יוגורט עם תות מולר אקטיב מועשר בחלבון 200 גר',מולר Muller,IL,מולר אקטיב יוגורט חל,גרמים,200.00,100 גרם,false,1,6.20,3.10,true,1,
=======
7290102304714,false,גלוריוס עיזים 180 גרם,א. סיימן סחר בעמ,,גלוריוס עיזים 180 גר,גרמים,180.00,100 גרם,false,0,39.90,22.17,true,1,
7290102390427,false,יוגורט ביו עם קציפת תות 3% שומן 150 ג' מולר,החברה המרכזית טלהפצת משקאות בע,,יוגורט מולר פרופ בטע,גרמים,150.00,100 גרם,false,1,5.00,3.33,true,1,
7290102390465,false,יוגורט ביו עם קציפת אפרסק ופסיפלורה 3% שומן 150 ג' מולר,החברה המרכזית טלהפצת משקאות בע,,פרופ אפרסק פסיפלורה,מיליליטרים,150.00,"100 מ""ל",false,1,5.00,3.33,true,1,
7290102390489,false,יוגורט ביו עם קציפת לימון 3% שומן 150 ג' מולר,החברה המרכזית טלהפצת משקאות בע,,פרופ לימון מולר 150,מיליליטרים,150.00,"100 מ""ל",false,1,5.00,3.33,true,1,
7290102391844,false,יוגורט ביו עם קציפת פירות יער3% שומן 150 ג' מולר,החברה המרכזית טלהפצת משקאות בע,,פרופ מולר פירות יער,גרמים,150.00,100 גרם,false,1,5.00,3.33,true,1,
7290102392049,false,גבינה לאפיה תבור ללא תוספת מלח 5% משק צוריאל 500 גרם,החברה המרכזית טלהפצת משקאות בע,,צוריאל תבור גבינה לא,גרמים,500.00,100 גרם,false,1,24.80,4.96,true,1,
7290102392094,false,חלב עיזים 3.7% בקרטון משק צוריאל 1 ליטר,החברה המרכזית טלהפצת משקאות בע,,חלב עיזים בקרטון 1ל,מיליליטרים,1000.00,"100 מ""ל",false,1,15.50,1.55,true,1,
7290102392254,false,"חלב בקרטון 1% 2 ליטר בד""צ - מוצר בפיקוח",החברה המרכזית טלהפצת משקאות בע,,חלב 2 ל 1%,ליטרים,0.00,ליטר,false,1,11.10,11.10,true,1,
7290102393039,false,"יוגורט ביו קרמי מיקס פצפוצי שוקולד 7.6% מולר 170 מ""ל",החברה המרכזית טלהפצת משקאות בע,,מולר מיקס יוגורט,גרמים,150.00,100 גרם,false,1,5.90,3.93,true,1,
7290102393060,false,"יוגורט ביו קרמי מיקס גלילי ופל ואגוזים 5.9% מולר 170 מ""ל",*החברה המרכזית להפצת משקאותבעמ,,מולר מיקס יוגורט קרמ,גרמים,150.00,100 גרם,false,1,5.90,3.93,true,1,
7290102393169,false,"יוגורט סימפלי פרוט בטעם תות 3% מולר 150 מ""ל",*החברה המרכזית להפצת משקאותבעמ,,SIMPLY FRUIT מולר בט,מיליליטרים,150.00,"100 מ""ל",false,1,5.00,3.33,true,1,
7290102393176,false,סימפלי פרוט יוגורט אפרסק 3% שומן 150 ג' מולר,*החברה המרכזית להפצת משקאותבעמ,,SIMPLY FRUIT מולר בט,מיליליטרים,150.00,"100 מ""ל",false,1,5.00,3.33,true,1,
7290102393190,false,"יוגורט סימפלי פרוט בטעם פירות יער 3% מולר 150 מ""ל",*החברה המרכזית להפצת משקאותבעמ,,SIMPLY FRUIT מולר בט,מיליליטרים,150.00,"100 מ""ל",false,1,5.00,3.33,true,1,
7290102393268,false,"גבינה לבנה 5% שומן, רכיבים טבעיים 750 גרם",*החברה המרכזית להפצת משקאותבעמ,,גבינה לבנה 5% 750 גר,גרמים,750.00,100 גרם,false,1,14.25,1.90,true,1,
7290102393299,false,יוגורט עיזים לשתייה 3% משק צוריאל 500 גרם,*החברה המרכזית להפצת משקאותבעמ,,יוגורט עיזים לשתיה 5,גרמים,500.00,100 גרם,false,1,11.70,2.34,true,1,
7290102393848,false,יוגורט עיזים 2.4% עם תות משק צוריאל 150 גרם,*החברה המרכזית להפצת משקאותבעמ,,משק צוריאל יוגורט עי,מיליליטרים,140.00,"100 מ""ל",false,1,6.00,4.29,true,1,
7290102393855,false,יוגורט עיזים 2.5% עם אפרסק משק צוריאל 150 גרם,*החברה המרכזית להפצת משקאותבעמ,,משק צוריאל יוגורט עי,מיליליטרים,140.00,"100 מ""ל",false,1,6.00,4.29,true,1,
7290102393947,false,סימפלי פרוט יוגורט בטעם קיווי 3% שומן 150 ג' מולר,*החברה המרכזית להפצת משקאותבעמ,,SIMPLY FRUIT מולר בט,מיליליטרים,150.00,"100 מ""ל",false,1,5.00,3.33,true,1,
7290102394258,false,גליל גבינת עיזים מה עז 9% משק צוריאל 180 גרם,*החברה המרכזית להפצת משקאותבעמ,,עז מה 9% מופחתת שומן,גרמים,180.00,100 גרם,false,0,22.90,12.72,true,1,
7290102394463,false,נעם גבינה צהובה פרוסה ואקום 28% טרה 500 גרם,החברה המרכזית טלהפצת משקאות בע,,נעם גבינה צהובה וואק,גרמים,500.00,100 גרם,false,1,26.90,5.38,true,1,
7290102394821,false,גבינה צהובה 28% דק דק לפתיחה חוזרת 200,החברה המרכזית טלהפצת משקאות בע,,נעם גבינה צהובה דק ד,גרמים,200.00,100 גרם,false,1,15.80,7.90,true,1,
7290102394845,false,נעם גבינה צהובה לייט פרוסה דק דק 9% טרה 200 גרם,החברה המרכזית טלהפצת משקאות בע,,נעם גבינה צהובה דק ד,גרמים,200.00,100 גרם,false,1,16.90,8.45,true,1,
7290102395101,false,ממרח גבינה ושוקולד מוו טרה 200 גרם,החברה המרכזית טלהפצת משקאות בע,,ממרח גבינה ושוקולד ש,גרמים,200.00,100 גרם,false,1,12.80,6.40,true,1,
7290102395217,false,מאגדת שמיניה מולר במתיקות מעודנת 1.2% 8*150 ג',החברה המרכזית טלהפצת משקאות בע,,מאגדת שמיניה מולר,גרמים,1200.00,100 גרם,false,1,21.90,1.83,true,1,
7290102395224,false,שמיניית יוגורט ביו ביאנקו 1.7% מולר 150 גרם,החברה המרכזית טלהפצת משקאות בע,,מאגדת שמיניה מולר,גרמים,1200.00,100 גרם,false,1,17.90,1.49,true,1,
7290102395231,false,שמיניית יוגורט ביו ביאנקו 2.8% מולר 150 גרם,*החברה המרכזית להפצת משקאותבעמ,,מאגדת שמיניה מולר,גרמים,1200.00,100 גרם,false,1,17.90,1.49,true,1,
7290102395262,false,מארז 8 גביעים יוגורט בטעם תות שדה ואפרסק 3% Simply Fruit,החברה המרכזית טלהפצת משקאות בע,,מאגדת 8 מולר סימפלי,גרמים,900.00,100 גרם,false,1,30.30,3.37,true,1,
7290102395408,false,נעם גבינה צהובה 28% במשקל,*החברה המרכזית להפצת משקאותבעמ,,נעם גבינה צהובה 28%,Unknown,0.00,"ק""ג",true,0,42.70,42.70,true,1,
7290102395415,false,נועם גב.צהובה9%חריץ משקל,החברה המרכזית טלהפצת משקאות בע,,נעם גבינה צהובה 9% ב,Unknown,0.00,"ק""ג",true,0,79.00,79.00,true,1,
7290102395422,false,נעם גבינה צהובה 22% במשקל,החברה המרכזית להפצה,,נעם גבינה צהובה 22%,Unknown,0.00,"ק""ג",true,0,40.59,40.59,true,1,
7290102395477,false,מעדן חלב בטעם שוקולד עם קצפת 123 ג' טרה,החברה המרכזית טלהפצת משקאות בע,,מעדן מו שוקולד 123,גרמים,123.00,100 גרם,false,1,3.30,2.68,true,1,
7290102395521,false,"שמנת לבישול 15% שומן 500 מ""ל טרה",החברה המרכזית טלהפצת משקאות בע,,שמנת לבישול 15% 500,מיליליטרים,500.00,"100 מ""ל",false,1,16.20,3.24,true,1,
7290102396436,false,מעדן בטעם שוקולד 1.5% שומן מוו (125 גרם),החברה המרכזית טלהפצת משקאות בע,,מעדן מו שוקולד 123 ג,גרמים,123.00,100 גרם,false,1,3.00,2.44,true,1,
7290102396443,false,מעדן בטעם וניל 1.5% שומן מוו (125 גרם),*החברה המרכזית להפצת משקאותבעמ,,מעדן מו וניל 123 גר,גרמים,123.00,100 גרם,false,1,3.00,2.44,true,1,
7290102396665,false,צהובה פרוסות דקדק פתח סגור 15% 200 גר`,החברה המרכזית טלהפצת משקאות בע,,גבינה צהובה נעם דק ד,גרמים,200.00,100 גרם,false,1,15.90,7.95,true,1,
7290102396672,false,גבינה צהובה נעם דק דק 9% פתח סגור 360 ג,החברה המרכזית טלהפצת משקאות בע,,זבינה צהובה נעם דק ד,גרמים,360.00,100 גרם,false,1,26.80,7.44,true,1,
7290102396719,false,יוגורט 0% תות סימפלי מולר (150 גרם),החברה המרכזית טלהפצת משקאות בע,,מולר SIMPLY FRUIT תו,גרמים,150.00,100 גרם,false,1,5.00,3.33,true,1,
7290102396740,false,מארז 8 גביעים יוגורט בטעם תות שדה ואפרסק 0% Simply Fruit,החברה המרכזית טלהפצת משקאות בע,,מאגדת תות ואפרסק מול,קילוגרמים,0.00,"ק""ג",false,1,30.30,30.30,true,1,
7290102397204,false,"גבנ""צ דק דק נעם פתיחה חוזרת 22% 200 גרם",*החברה המרכזית להפצת משקאותבעמ,,גבינה צהובה נעם דק ד,גרמים,200.00,100 גרם,false,1,15.80,7.90,true,1,
7290102397334,false,גבינה בולגרית גלילית 5% משק צוריאל 250 גרם,החברה המרכזית טלהפצת משקאות בע,,בולגרית 5% 250 גר,גרמים,250.00,100 גרם,false,1,24.90,9.96,true,1,
7290102397464,false,יוגורט ביו בתוספת גרעינים אגוזים וחמוציות 170 ג' מולר,החברה המרכזית טלהפצת משקאות בע,,מולר נטורל+ פקאן גרע,גרמים,170.00,100 גרם,false,1,5.90,3.47,true,1,
7290102397600,false,מיקס יוגורט בתוספת שקדים ובוטנים מקורמלים 170 ג' מולר,החברה המרכזית טלהפצת משקאות בע,,מולר מיקס שקדים ובוט,גרמים,170.00,100 גרם,false,1,5.90,3.47,true,1,
7290102397617,false,יוגורט ביו קרמי עם כדורים מצופים שוקולד חום לבן,החברה המרכזית טלהפצת משקאות בע,,מולר מיקס קליק 170 ג,גרמים,170.00,100 גרם,false,1,5.90,3.47,true,1,
7290102397730,false,פרוסות גבינה אמנטל חצי קשה 30% שומן 200 ג' נעם,החברה המרכזית טלהפצת משקאות בע,,גבינת אמנטל נעם 200,גרמים,200.00,100 גרם,false,1,17.10,8.55,true,1,
7290102397747,false,פרוסות גבינת מוצרלה נעם מחלב בקר 22%,החברה המרכזית טלהפצת משקאות בע,,מוצרלה נעם רכיבים,גרמים,200.00,100 גרם,false,1,18.50,9.25,true,1,
7290102397891,false,גבינה ניו יורק מותכת %16 4*25 גרם,החברה המרכזית טלהפצת משקאות בע,,גבינה מותכת 100 גרם,גרמים,100.00,100 גרם,false,1,7.40,7.40,true,1,
7290102398065,false,חלב טרה בקרטון 2 ליטר מהדרין 3% - מוצר בפיקוח,החברה המרכזית טלהפצת משקאות בע,,חלב 3% מהדרין 2 ליטר,ליטרים,0.00,ליטר,false,1,11.80,11.80,true,1,
7290102398331,false,חלב מועשר דל לקטוז 2% שומן טרה 1 ליטר,החברה המרכזית טלהפצת משקאות בע,,חלב מועשר דל לקטוז 1,מיליליטרים,1000.00,"100 מ""ל",false,1,8.40,0.84,true,1,
7290102398560,false,משקה שוקו מועשר בבקבוק 1 ליטר טרה,החברה המרכזית טלהפצת משקאות בע,IL,שוקו מועשר טרה 1 ליט,מיליליטרים,1000.00,"100 מ""ל",false,1,11.20,1.12,true,1,
7290102398577,false,משקה חלב בטעם שוקו 2% בבקבוק אישי,החברה המרכזית טלהפצת משקאות בע,IL,שוקו מועשר טרה 250 מ,מיליליטרים,250.00,"100 מ""ל",false,1,6.20,2.48,true,1,
7290102398614,false,משקה חלב טרה ט. בננה 1ליטר בקבוק,החברה המרכזית טלהפצת משקאות בע,IL,משקה חלב בננה טרה 1,מיליליטרים,1000.00,"100 מ""ל",false,1,11.20,1.12,true,1,
7290102398782,false,.משקה סויה קלאסי 1ל בקבוק משק צוריא,החברה המרכזית טלהפצת משקאות בע,IL,משקה סויה קלאסי משק,ליטרים,0.00,ליטר,false,1,12.50,12.50,true,1,
7290102398836,false,משקה שקדים קלאסי משק צוריאל 1 ליטר,החברה המרכזית טלהפצת משקאות בע,IT,משקה שקדים קלאסי משק,ליטרים,0.00,ליטר,false,1,14.60,14.60,true,1,
7290102399789,false,מולר ספרדבל-ממרח חמאת מולר ללא מלח 250 גרם,החברה המרכזית טלהפצת משקאות בע,,מולר ספרדבל ממרח חמא,גרמים,250.00,100 גרם,false,1,19.80,7.92,true,1,
7290102399796,false,מעדן יוגורט לבן מועשר בחלבון 200 ג' מולר אקטיב,החברה המרכזית טלהפצת משקאות בע,IL,מולר אקטיב יוגורט חל,גרמים,200.00,100 גרם,false,1,5.70,2.85,true,1,
7290102399802,false,יוגורט עם תות מולר אקטיב מועשר בחלבון 200 גר',החברה המרכזית טלהפצת משקאות בע,IL,מולר אקטיב יוגורט חל,גרמים,200.00,100 גרם,false,1,6.20,3.10,true,1,
7290102399819,false,יוגורט עם פירות יער מולר אקטיב מועשר בחלבון 200 גר',החברה המרכזית טלהפצת משקאות בע,IL,מולר אקטיב יוגורט,גרמים,200.00,100 גרם,false,1,6.20,3.10,true,1,
>>>>>>> d048ac2f4f281c9d788043ab4e81b61b0dbe3743
7290102601547,false,כפיות פרמיום שקוף/קרם/לבן/זהב א'ר 50 דנטס,,TR,כפיות פרמיום שקוף/קר,Unknown,0.00,Unknown,false,1,8.90,8.90,true,1,
7290102611836,false,להבונים בשקית 50 יח,,CN,להבונים בשקית 50 יח,Unknown,1.00,Unknown,false,1,11.90,11.90,true,1,
7290103089887,false,משקה אלוורה,,,משקה אלוורה,Unknown,0.00,Unknown,false,1,179.90,179.90,true,1,
7290103124601,false,"תחליב רחצה נוזל חלב ודבש משאבה 750מ""ל פלמוליב",הנסיך- מפעל לייצור ט,,פלמוליב סבון נוזלי ח,מיליליטרים,750.00,"100 מ""ל",false,1,19.90,2.65,true,1,
7290103400194,false,כרוב לבן 400 ג בדצ ירקות שטראוס טעם הטבע,שטראוס בריאות ירקות טריי,,כרוב לבן 400 גר,גרמים,400.00,100 גרם,false,1,10.90,2.73,true,1,
7290103401429,false,קפה קצב ברזילאי אוריגינס 200 גר,הנסיך- מפעל לייצור ט,,קפה קצב ברזילאי אורי,גרמים,200.00,100 גרם,false,1,25.90,12.95,true,1,
<<<<<<< HEAD
7290103404758,false,סלט כרוב אדום במיונז אחלה 120 גרם,מיוצר עי קונדיטוריית,,כרוב אדום 120 גר,גרמים,125.00,100 גרם,false,1,4.80,3.84,true,1,
7290103700386,false,טאצ כריות יפניות מארז שישיה,"שניב תעשיות נייר בע""",,כריות קרצוף טאצ 6 יח,Unknown,0.00,Unknown,false,1,8.50,8.50,true,1,
7290103702304,false,טאצ אשפתון עבה במיוחד 35 יחידות,"שניב תעשיות נייר בע""",,טאצ אשפתון עבה במיוח,Unknown,0.00,Unknown,false,1,14.90,14.90,true,1,
7290103702328,false,טאצ אשפתון עבה וחזק במיוחד 25 יחידות,"שניב תעשיות נייר בע""",,טאצ אשפתון עבה וחזק,Unknown,0.00,Unknown,false,1,14.90,14.90,true,1,
7290103703240,false,טאצ' מטליות לחות לניקוי רצפות,,,טאצ מטליות לחות לריצ,Unknown,0.00,Unknown,false,1,10.90,10.90,true,1,
7290103703370,false,טאצ מגבוני טואלט לחים מארז שלישייה,,,טאצ מגבוני טואלט לחי,Unknown,0.00,Unknown,false,1,14.90,14.90,true,1,
7290103703899,false,מפיות טאצ 80 יחי' צבעים כהים חד שכבתיות,,IL,מפיות טאצ 80 יחידות,Unknown,0.00,Unknown,false,30,5.90,5.90,true,1,
7290103704155,false,נייר מגבת טאצ' 6 גלילים מהדורת 2021,"שניב תעשיות נייר בע""",,מגבות טאצ 6 מהדורת 2,Unknown,0.00,Unknown,false,22,10.40,10.40,true,1,
7290103704186,false,מגבות מטבח כפול טאצ`מהדורת 2021 6 יחידות,,,מגבות טאצ 6 גלילים כ,יחידה,1.00,יחידה,false,1,17.90,17.90,true,1,
7290103704575,false,נייר טואלט טאצ' פרימיום 48 גלילים,,,טואלט טאצ 48 מהדורת,Unknown,0.00,Unknown,false,18,38.90,38.90,true,1,
7290103704759,false,נייר טואלט כפול 16 גלילים טאצ,,,טואלט טאצ 16 כפול פר,Unknown,0.00,Unknown,false,1,31.50,31.50,true,1,
7290104059117,false,הרשי סירופ שוקולד 680 גרם,,,הרשי סירופ שוקולד,גרמים,680.00,100 גרם,false,1,21.90,3.22,true,1,
7290104061417,false,סלט חומוס עם טחינה אחלה 400 גרם,"שטראוס גרופ בע""\מ",,חומוס טחינה 400 גר,גרמים,400.00,100 גרם,false,1,10.90,2.73,true,1,
7290104061424,false,סלט חומוס עם זעתר אחלה 400 גרם,מיוצר עי קונדיטוריית,,חומוס זעתר 400 גר,גרמים,400.00,100 גרם,false,1,10.90,2.73,true,1,
7290104061431,false,סלט חומוס עם צנובר אחלה 400 גרם,"שטראוס גרופ בע""\מ",,חומוס צנובר 400 גר,גרמים,400.00,100 גרם,false,1,10.90,2.73,true,1,
7290104061448,false,סלט חומוס עם חריף אחלה 400 גרם,מיוצר עי קונדיטוריית,,חומוס חריף 400 גרם,גרמים,400.00,100 גרם,false,1,10.90,2.73,true,1,
7290104062599,false,מארז 8 יחידות מעדן גמדים בטעמי תות ובננה,"שטראוס בריאות בע""\מ",,מארז סופר גמדים תות,גרמים,800.00,100 גרם,false,1,19.80,2.48,true,1,
7290104065934,false,עלי רוקט שטראוס 150 גרם,שטראוס בריאות ירקות טריי,,עלי רוקט 150גר,גרמים,150.00,100 גרם,false,1,10.99,7.33,true,1,
7290104066566,false,טחינה שומשום מלא אחלה 500 גר',מיוצר עי קונדיטוריית,,טחינה 500 גרם,גרמים,500.00,100 גרם,false,1,18.30,3.66,true,1,
7290104067693,false,אחלה חומוס עם חריף 150 גרם,מיוצר עי קונדיטוריית,,חומוס חריף 150 גר,גרמים,150.00,100 גרם,false,1,6.20,4.13,true,1,
7290104570513,false,"תמר מגהול כחול 1 ק""",פרי וירק טמרה ושותפי,,"תמר מגהול 1 ק""ג",קילוגרמים,0.00,"ק""ג",false,1,19.90,19.90,true,1,
7290104720499,false,מארז 8 יחידות מעדן דני בטעם וניל 1.5%,מיוצר עי קונדיטוריית,,מארז 8 דני וניל 150,מיליליטרים,1200.00,"100 מ""ל",false,1,18.10,1.51,true,1,
7290104721762,false,מארז שלשות קפה טורקי עלית 85 ג',שטראוס גרופ,,מארז קפה טורקי עלית,גרמים,255.00,100 גרם,false,1,19.90,7.80,true,1,
7290104722530,false,תפוצ'יפס בטעם שמנת בצל עלית 200 גרם,"שטראוס פריטו ליי בע""\מ )",,תפוציפס שמנת בצל 200,גרמים,200.00,100 גרם,false,1,9.90,4.95,true,1,
7290104726262,false,רביעייה מעדן דני שוקולד דיסני לבנים 125 גרם,מיוצר עי קונדיטוריית,,מארז דני לשתייה 4*12,גרמים,500.00,100 גרם,false,1,10.90,2.18,true,1,
7290104726712,false,מארז 8 יחידות מעדן מילקי בטעם שוקולד עם קצפת,"שטראוס גרופ בע""\מ",,מארז מילקי שמיניייה,קילוגרמים,0.00,"ק""ג",false,1,19.90,19.90,true,1,
7290104728310,false,"שמנת מתוקה עמידה 38% שומן ""יטבתה"" -מוצר בפיקוח",שטראוס גרופ,,שמנת עמידה לקצפת 38%,מיליליטרים,250.00,"100 מ""ל",false,1,6.18,2.47,true,1,
7290104729003,false,שמן זית כתית יד מרדכי 750 גרם [מוצר מדבקה],מכוורת יד מרדכי שטרא,IL,שמן זית כתית מעולה י,מיליליטרים,750.00,"100 מ""ל",false,1,29.90,3.99,true,1,
7290104960246,false,"נקה 7 - תחליב רחצה ורד ויסמין 750 מ""ל",טרופיקל דגיל תעשיות קוסמ,,אל סבון ורד ויסמין נ,מיליליטרים,750.00,"100 מ""ל",false,1,14.50,1.93,true,1,
=======
7290103404758,false,סלט כרוב אדום במיונז אחלה 120 גרם,שטראוס גרופ בעמ/מצונן,,כרוב אדום 120 גר,גרמים,125.00,100 גרם,false,1,4.80,3.84,true,1,
7290103700386,false,טאצ כריות יפניות מארז שישיה,שניב תעשיות נייר בעמ,,כריות קרצוף טאצ 6 יח,Unknown,0.00,Unknown,false,1,8.50,8.50,true,1,
7290103702212,false,ממחטות כיס טאצ`מארז 10 יח,שניב תעשיות נייר בעמ,,טאצ ממחטות כיס רגיל,Unknown,0.00,Unknown,false,1,5.90,5.90,true,1,
7290103702304,false,טאצ`אשפתון עבה במיוחד 35יח בגליל 90*7,שניב תעשיות נייר בעמ,,טאצ אשפתון עבה במיוח,Unknown,0.00,Unknown,false,1,14.90,14.90,true,1,
7290103702328,false,טאצ`אשפתון עבה וחזק במיוחד 25יח בגליל,שניב תעשיות נייר בעמ,,טאצ אשפתון עבה וחזק,Unknown,0.00,Unknown,false,1,14.90,14.90,true,1,
7290103703240,false,טאצ' מטליות לחות לניקוי רצפות,שניב תעשיות נייר בעמ,,טאצ מטליות לחות לריצ,Unknown,0.00,Unknown,false,1,10.90,10.90,true,1,
7290103703370,false,טאצ מגבוני טואלט לחים מארז שלישייה,שניב תעשיות נייר בעמ,,טאצ מגבוני טואלט לחי,Unknown,0.00,Unknown,false,1,14.90,14.90,true,1,
7290103703899,false,מפיות טאצ 80 יחי' צבעים כהים חד שכבתיות,שניב תעשיות נייר בעמ,IL,מפיות טאצ 80 יחידות,Unknown,0.00,Unknown,false,30,5.90,5.90,true,1,
7290103704155,false,נייר מגבת טאצ' 6 גלילים מהדורת 2021,שניב תעשיות נייר בעמ,,מגבות טאצ 6 מהדורת 2,Unknown,0.00,Unknown,false,22,10.40,10.40,true,1,
7290103704186,false,מגבות מטבח כפול טאצ`מהדורת 2021 6 יחידות,שניב תעשיות נייר בעמ,,מגבות טאצ 6 גלילים כ,יחידה,1.00,יחידה,false,1,17.90,17.90,true,1,
7290103704575,false,נייר טואלט טאצ' פרימיום 48 גלילים,שניב תעשיות נייר בעמ,,טואלט טאצ 48 מהדורת,Unknown,0.00,Unknown,false,18,38.90,38.90,true,1,
7290103704759,false,נייר טואלט כפול 16 גלילים טאצ,,,טואלט טאצ 16 כפול פר,Unknown,0.00,Unknown,false,1,31.50,31.50,true,1,
7290103746001,false,ממחטות טאצ`חמישייה צבעוני 500 דף,שניב תעשיות נייר בעמ,IL,ממחטות חמישיה טאצ,Unknown,0.00,Unknown,false,10,11.90,11.90,true,1,
7290104059117,false,הרשי סירופ שוקולד 680 גרם,,,הרשי סירופ שוקולד,גרמים,680.00,100 גרם,false,1,21.90,3.22,true,1,
7290104061417,false,סלט חומוס עם טחינה אחלה 400 גרם,שטראוס גרופ בעמ/מצונן,,חומוס טחינה 400 גר,גרמים,400.00,100 גרם,false,1,10.90,2.73,true,1,
7290104061424,false,סלט חומוס עם זעתר אחלה 400 גרם,שטראוס גרופ בעמ/מצונן,,חומוס זעתר 400 גר,גרמים,400.00,100 גרם,false,1,10.90,2.73,true,1,
7290104061431,false,סלט חומוס עם צנובר אחלה 400 גרם,שטראוס גרופ בעמ/מצונן,,חומוס צנובר 400 גר,גרמים,400.00,100 גרם,false,1,10.90,2.73,true,1,
7290104061448,false,סלט חומוס עם חריף אחלה 400 גרם,שטראוס גרופ בעמ/מצונן,,חומוס חריף 400 גרם,גרמים,400.00,100 גרם,false,1,10.90,2.73,true,1,
7290104062599,false,מארז 8 יחידות מעדן גמדים בטעמי תות ובננה,שטראוס גרופ בעמ/מצונן,,מארז סופר גמדים תות,גרמים,800.00,100 גרם,false,1,19.80,2.48,true,1,
7290104065934,false,עלי רוקט שטראוס 150 גר`-טעם הטבע,שטראוס בריאות ירקות טריי,,עלי רוקט 150גר,גרמים,150.00,100 גרם,false,1,10.99,7.33,true,1,
7290104066566,false,סלט טחינה שומשום מלא 500גר אחלה,שטראוס גרופ בעמ/מצונן,,טחינה 500 גרם,גרמים,500.00,100 גרם,false,1,18.30,3.66,true,1,
7290104067693,false,חומוס אחלה עם תוספת חריף 150 גר,שטראוס גרופ בעמ/מצונן,,חומוס חריף 150 גר,גרמים,150.00,100 גרם,false,1,6.20,4.13,true,1,
7290104501661,false,אינסטנט פודינג בטעם וניל צרפתי אסם 80 גרם,קבוצת אוסם סחר-שות.מוגבלת,,פודינג אינסטנט בטעם,גרמים,80.00,100 גרם,false,1,5.50,6.88,true,1,
7290104570513,false,"תמר מגהול כחול 1 ק""",ביכורי השדה הצפון בעמ` 1964,,"תמר מגהול 1 ק""ג",קילוגרמים,0.00,"ק""ג",false,1,19.90,19.90,true,1,
7290104720499,false,מארז 8 יחידות מעדן דני בטעם וניל 1.5%,שטראוס גרופ בעמ/מצונן,,מארז 8 דני וניל 150,מיליליטרים,1200.00,"100 מ""ל",false,1,18.10,1.51,true,1,
7290104721762,false,מארז שלשות קפה טורקי עלית 85 ג',שטראוס גרופ בע`מ,,מארז קפה טורקי עלית,גרמים,255.00,100 גרם,false,1,19.90,7.80,true,1,
7290104722530,false,תפוצ'יפס בטעם שמנת בצל עלית 200 גרם,"שטראוס פריטו ליי בע""\מ )",,תפוציפס שמנת בצל 200,גרמים,200.00,100 גרם,false,1,9.90,4.95,true,1,
7290104726262,false,רביעייה מעדן דני שוקולד דיסני לבנים 125 גרם,שטראוס גרופ בעמ/מצונן,,מארז דני לשתייה 4*12,גרמים,500.00,100 גרם,false,1,10.90,2.18,true,1,
7290104726712,false,מארז 8 יחידות מעדן מילקי בטעם שוקולד עם קצפת,שטראוס גרופ בעמ/מצונן,,מארז מילקי שמיניייה,קילוגרמים,0.00,"ק""ג",false,1,19.90,19.90,true,1,
7290104728310,false,"שמנת מתוקה עמידה 38% שומן ""יטבתה"" -מוצר בפיקוח",שטראוס גרופ בעמ/מצונן,,שמנת עמידה לקצפת 38%,מיליליטרים,250.00,"100 מ""ל",false,1,6.18,2.47,true,1,
7290104729003,false,שמן זית כתית יד מרדכי 750 גרם [מוצר מדבקה],מכוורת יד מרדכי שטרא,IL,שמן זית כתית מעולה י,מיליליטרים,750.00,"100 מ""ל",false,1,29.90,3.99,true,1,
7290104960246,false,נקה 7 ארומה תחליב רחצה ורד יסמין 750 מ,טרופיקל דגיל תעשיות קוסמ,,אל סבון ורד ויסמין נ,מיליליטרים,750.00,"100 מ""ל",false,1,14.50,1.93,true,1,
>>>>>>> d048ac2f4f281c9d788043ab4e81b61b0dbe3743
7290104960338,false,"נקה 7 תחליב רחצה ארומה אלוורה ותה ירוק 750מ""ל",טרופיקל דגיל תעשיות קוסמ,,אל סבון אלוורה ותה י,מיליליטרים,750.00,"100 מ""ל",false,1,14.50,1.93,true,1,
7290104960970,false,דאודורנט ספריי טיטניום מטאל Titanium Metal,אמיליה קוסמטיקס בעמ,,טיטניום מטאל דאודורנ,מיליליטרים,180.00,"100 מ""ל",false,1,18.90,10.50,true,1,
7290104961205,false,"נקה 7 תחליב רחצה מגע קטיפה מ""לפפון קיווי 750 מ""ל",טרופיקל דגיל תעשיות קוסמ,,ת.רחצה מגע הקטיפה מל,מיליליטרים,750.00,"100 מ""ל",false,1,14.50,1.93,true,1,
7290104961250,false,"נקה 7 תחליב רחצה מגע קטיפה וניל מאסק 750 מ""ל",טרופיקל דגיל תעשיות קוסמ,,ת.רחצה מגע הקטיפה ונ,מיליליטרים,750.00,"100 מ""ל",false,1,14.50,1.93,true,1,
<<<<<<< HEAD
7290104961878,false,"שמפו לשיער קרטין אינטנס פורמולה 400 מ""ל נטורל",נטורל פורמולה Natural Formula,,נטורל פורמולה שמפו ק,מיליליטרים,400.00,"100 מ""ל",false,1,34.50,8.63,true,1,
7290104963001,false,סופטקר מגבונים לחים רביעייה בניחוח עדין,החברה הדרומית,,סופטקר מגבונים בניחו,Unknown,0.00,Unknown,false,1,16.90,16.90,true,1,
7290104963018,false,סופטקר מגבונים לחים רביעייה ללא בישום,החברה הדרומית,,סופטקר מגבונים ללא ב,Unknown,0.00,Unknown,false,1,16.90,16.90,true,1,
7290104963216,false,סופטקר - אל סבון עדין לתינוק לעור רגיש 1 ליטר,קוסמופארם בע'\'\מ,,אלסבון עדין סופטקר 1,מיליליטרים,1000.00,"100 מ""ל",false,1,19.90,1.99,true,1,
7290104963223,false,סופטקר - אל סבון עדין לתינוק לעור רגיש 1 ליטר,קוסמופארם בע'\'\מ,,אלסבון קלאסי סופטקר,מיליליטרים,1000.00,"100 מ""ל",false,1,19.90,1.99,true,1,
7290104963650,false,נקה 7 שמפו אל דמע סופטקר 1 ליטר,קוסמופארם בע'\'\מ,,שמפו אל דמע סופטקר 1,מיליליטרים,1000.00,"100 מ""ל",false,1,19.90,1.99,true,1,
=======
7290104961878,false,"שמפו לשיער קרטין אינטנס פורמולה 400 מ""ל נטורל",החברה הדרומית לשיווק בעמ,,נטורל פורמולה שמפו ק,מיליליטרים,400.00,"100 מ""ל",false,1,34.50,8.63,true,1,
7290104961885,false,מרכך קרטין טהור לשיער שעבר החלקה או עיצוב בחום,החברה הדרומית לשיווק בעמ,,נטורל פורמולה מרכך ק,מיליליטרים,400.00,"100 מ""ל",false,1,34.50,8.63,true,1,
7290104963001,false,סופטקר מגבונים לחים רביעייה בניחוח עדין,החברה הדרומית לשיווק בעמ,,סופטקר מגבונים בניחו,Unknown,0.00,Unknown,false,1,16.90,16.90,true,1,
7290104963018,false,סופטקר מגבונים לחים רביעייה ללא בישום,החברה הדרומית לשיווק בעמ,,סופטקר מגבונים ללא ב,Unknown,0.00,Unknown,false,1,16.90,16.90,true,1,
7290104963216,false,סופטקר - אל סבון עדין לתינוק לעור רגיש 1 ליטר,החברה הדרומית לשיווק בעמ,,אלסבון עדין סופטקר 1,מיליליטרים,1000.00,"100 מ""ל",false,1,19.90,1.99,true,1,
7290104963223,false,סופטקר - אל סבון עדין לתינוק לעור רגיש 1 ליטר,החברה הדרומית לשיווק בעמ,,אלסבון קלאסי סופטקר,מיליליטרים,1000.00,"100 מ""ל",false,1,19.90,1.99,true,1,
7290104963650,false,נקה 7 שמפו אל דמע סופטקר 1 ליטר,החברה הדרומית לשיווק בעמ,,שמפו אל דמע סופטקר 1,מיליליטרים,1000.00,"100 מ""ל",false,1,19.90,1.99,true,1,
>>>>>>> d048ac2f4f281c9d788043ab4e81b61b0dbe3743
7290105028600,false,דאורדורנט צמחי לאישה FRESH MUSK,,,דאורדורנט צמחי לאישה,Unknown,0.00,Unknown,false,1,24.90,24.90,true,1,
7290105360250,false,קפסולות 09 עשיר וארומטי למכונת נספרסו עלית 10יח',הנסיך- מפעל לייצור ט,,קפסולות מקיאטו למכונ,גרמים,50.00,100 גרם,false,1,16.50,33.00,true,1,
7290105360328,false,קפסולות אספרסו חזק למכונות נספרסו 10 יח',הנסיך- מפעל לייצור ט,,קפסולות אספרסו חזק ל,Unknown,0.00,Unknown,false,1,16.50,16.50,true,1,
7290105360755,false,שמן זית כתית מעולה חזק750 מל,מכוורת יד מרדכי שטראוס ב,,"שמן זית 3 חזק 750 מ""",מיליליטרים,750.00,"100 מ""ל",false,1,24.90,3.32,true,1,
7290105360762,false,"שמן זית 1 עדין 750 מ""ל יד מרדכי",מכוורת יד מרדכי שטראוס ב,,שמן זית 1 עדין 750 מ,מיליליטרים,750.00,"100 מ""ל",false,1,33.90,4.52,true,1,
7290105360878,false,תפוציפס טבעי 50 גרם מארז רביעייה,"שטראוס פריטו ליי בע""\מ )",,מארז תפוציפס טבעי 50,גרמים,200.00,100 גרם,false,1,10.50,5.25,true,1,
<<<<<<< HEAD
7290105362339,false,"שמנת לבישול 15% 250 מ""ל יטבתה מהדרין",שטראוס גרופ,,שמנת לבישול 15% מהדר,מיליליטרים,250.00,"100 מ""ל",false,1,8.40,3.36,true,1,
7290105363602,false,מקלות כיף כף קלאסי עלית 40 גרם,שולן צ'\יקולטה גידה סאן.,,כיף כף מקלות קלאסי 4,Unknown,0.00,Unknown,false,1,4.80,4.80,true,1,
7290105364302,false,"עלית חטיף שוקולד כיף כף מקלות אגוזים, 40 גרם",שולן צ'\יקולטה גידה סאן.,,כיף כף מקלות אגוזים,גרמים,42.00,100 גרם,false,1,4.80,11.43,true,1,
7290105366023,false,סלט חצילים בטעם כבד אחלה 400 גרם,מיוצר עי קונדיטוריית,,חציל בטעם כבד 400 גר,גרמים,400.00,100 גרם,false,1,18.30,4.58,true,1,
7290105366047,false,טחינה לבנה אחלה 400 גרם,מיוצר עי קונדיטוריית,,טחינה לבנה 400 גר,גרמים,400.00,100 גרם,false,1,18.30,4.58,true,1,
7290105366993,false,סימפוניה גבינת שמנת פלפל שיפקה 5% שטראוס 200 גרם,"שטראוס בריאות בע""מ",,סימפוניה פלפל שיפקה,גרמים,200.00,100 גרם,false,1,11.00,5.50,true,1,
7290105368331,false,מעדן מילקי בטעם תות עם קצפת,מחלבת אחיהוד,,מילקי נוגת 134גר,גרמים,130.00,100 גרם,false,1,2.90,2.23,true,1,
7290105368904,false,"שמנת מתוקה להקצפה 32% שומן 250 מ""ל יוטבתה",שטראוס גרופ,,שמנת עמידה לקצפת 32%,מיליליטרים,250.00,"100 מ""ל",false,1,7.60,3.04,true,1,
7290105368928,false,"שמנת 9% שומן 200 מ""ל יוטבתה",שטראוס גרופ,,שמנת 9% מהדרין 200 מ,מיליליטרים,200.00,"100 מ""ל",false,1,3.30,1.65,true,1,
7290105369130,false,סימפוניה גבינת שמנת בצל ירוק 5% שטראוס 200 גרם,"שטראוס בריאות בע""\מ",,סימפוניה בצל ירוק 3%,גרמים,200.00,100 גרם,false,1,11.00,5.50,true,1,
=======
7290105362339,false,"שמנת לבישול 15% 250 מ""ל יטבתה מהדרין",שטראוס גרופ בעמ/מצונן,,שמנת לבישול 15% מהדר,מיליליטרים,250.00,"100 מ""ל",false,1,8.40,3.36,true,1,
7290105363602,false,מקלות כיף כף קלאסי עלית (40 גרם),שולן צ'\יקולטה גידה סאן.,,כיף כף מקלות קלאסי 4,Unknown,0.00,Unknown,false,1,4.80,4.80,true,1,
7290105364302,false,"עלית חטיף שוקולד כיף כף מקלות אגוזים, 40 גרם",שולן צ'\יקולטה גידה סאן.,,כיף כף מקלות אגוזים,גרמים,42.00,100 גרם,false,1,4.80,11.43,true,1,
7290105366023,false,סלט חצילים בטעם כבד אחלה 400 גרם,שטראוס גרופ בעמ/מצונן,,חציל בטעם כבד 400 גר,גרמים,400.00,100 גרם,false,1,18.30,4.58,true,1,
7290105366047,false,טחינה לבנה אחלה (400 גרם),שטראוס גרופ בעמ/מצונן,,טחינה לבנה 400 גר,גרמים,400.00,100 גרם,false,1,18.30,4.58,true,1,
7290105366993,false,סימפוניה גבינת שמנת פלפל שיפקה 5% שטראוס 200 גרם,שטראוס גרופ בעמ/מצונן,,סימפוניה פלפל שיפקה,גרמים,200.00,100 גרם,false,1,11.00,5.50,true,1,
7290105368331,false,מעדן מילקי בטעם תות עם קצפת,שטראוס גרופ בעמ/מצונן,,מילקי נוגת 134גר,גרמים,130.00,100 גרם,false,1,2.90,2.23,true,1,
7290105368904,false,"שמנת מתוקה להקצפה 32% שומן 250 מ""ל יוטבתה",שטראוס גרופ בעמ/מצונן,,שמנת עמידה לקצפת 32%,מיליליטרים,250.00,"100 מ""ל",false,1,7.60,3.04,true,1,
7290105368928,false,שמנת חמוצה יטבתה %9 200 מל גביע מהדרין,שטראוס גרופ בעמ/מצונן,,שמנת 9% מהדרין 200 מ,מיליליטרים,200.00,"100 מ""ל",false,1,3.30,1.65,true,1,
7290105369130,false,סימפוניה גבינת שמנת בצל ירוק 5% שטראוס 200 גרם,שטראוס גרופ בעמ/מצונן,,סימפוניה בצל ירוק 3%,גרמים,200.00,100 גרם,false,1,11.00,5.50,true,1,
>>>>>>> d048ac2f4f281c9d788043ab4e81b61b0dbe3743
7290105430458,false,"פלמוליב - תחליב רחצה נטורלס שקדים 750 מ""ל",הנסיך- מפעל לייצור ט,,פלמוליב תחליב רחצה ש,מיליליטרים,750.00,"100 מ""ל",false,1,19.90,2.65,true,1,
7290105431868,false,"פלמוליב ספא קוקוס גרגרים נוזלי 500 מ""ל",הנסיך- מפעל לייצור ט,,פלמוליב ספא קוקוס,מיליליטרים,500.00,"100 מ""ל",false,1,18.80,3.76,true,1,
7290105433961,false,"ליידי ספיד סטיק לסס פרש אסנס ספריי דובדבן, 150 מ""ל",קולגייט-פלמוליב,,ליידי ספיד סטיק לסט,מיליליטרים,150.00,"100 מ""ל",false,1,15.90,10.60,true,1,
7290105436382,false,חטיף פרי תמרים קשיו ללא תוספת סוכר וגלוטן 5 יח,טבעית מוצרים מן הטבע בעמ,,חטיף מארז פרי אנרגיה,גרמים,125.00,100 גרם,false,1,19.80,15.84,true,1,
7290105438546,false,קוקי נייר אפייה פרימיום 40 יח',ש. שסטוביץ בע`מ,,נייר אפי פרימיום קוק,Unknown,0.00,Unknown,false,1,9.90,9.90,true,1,
7290105439499,false,מאסטר שף מאסטר שף מיונז 480 גר כשלפ,רמיה סי.וי. הולנד,,מנה מאסטר שף מיונז 4,גרמים,481.00,100 גרם,false,1,11.90,2.47,true,1,
7290105439581,false,מנה מאסטר שף חרדל דיזיון צרפתי 370 גר,רמיה סי.וי.הולנד,,מנה מאסטר שף חרדל די,גרמים,370.00,100 גרם,false,1,11.90,3.22,true,1,
<<<<<<< HEAD
7290105473950,false,חול חתולים מתגבש יור,יורוקיטי,,יורוקיטי קופסה 5 קג,קילוגרמים,0.01,"ק""ג",false,1,16.90,1690.00,true,1,
7290105474179,false,מארז מען לה קט פטה מולטיפק 100 גר 4 יח,SA NORMANDISE LA,,מארז מען לה קט פטה מ,גרמים,400.00,100 גרם,false,1,16.90,4.23,true,1,
7290105500151,false,וודקה פינלנדיה בקבוק,"אלטיה קורפ, הלסינקי,",,וודקה פינלנדיה 700 מ,מיליליטרים,700.00,"100 מ""ל",false,1,59.90,8.56,true,1,
7290105691224,false,אסם חטיפי פריכונים טורטייה שום בצל 60 גרם,"פרח תעשיות מזון בע""מ.",,חטיפי פריכונים טורטי,גרמים,60.00,100 גרם,false,1,7.50,12.50,true,1,
7290105691248,false,אסם חטיפי פריכונים טורטייה תירס 60 גרם,"פרח תעשיות מזון בע""מ.",,חטיפי פריכונים טורטי,גרמים,60.00,100 גרם,false,1,7.50,12.50,true,1,
7290105691712,false,אסם עוגיות הפסקת קפה דגנים מלאים 230 גרם,היינץ צפון אמריקה מק,,עוגיות הפסקת קפה חיט,גרמים,200.00,100 גרם,false,1,12.50,6.25,true,1,
7290105691897,false,קוסקוס עם חיטה מלאה אסם 350 גרם,"מיוצר ע""י קוד יצרן K",,קוסקוס חיטה מלאה 350,גרמים,350.00,100 גרם,false,1,11.40,3.26,true,1,
7290105691934,false,קמח שמרים אסם 1 קילו,תאי פרזידנט פוד פאבל,,"קמח שמרים 1 ק""ג",גרמים,1000.00,100 גרם,false,1,9.90,0.99,true,1,
7290105693341,false,מארז עשיריית במבה אסם 25*10 גרם,"אסם השקעות בע""\מ",,מארז במבה 25 גרם 10,גרמים,250.00,100 גרם,false,1,9.90,3.96,true,1,
7290105693457,false,עוגת הבית דמקה שוקו וניל אסם 320 גרם,מיוצר עי קונדיטוריית,,עוגת דמקה שוקו וניל,גרמים,320.00,100 גרם,false,1,12.50,3.91,true,1,
7290105693952,false,פירורית זהב אסם זהב שומשום 200 ג',מיוצר עי קונדיטוריית,,פירורית זהב שומשום 2,גרמים,200.00,100 גרם,false,1,6.40,3.20,true,1,
7290105694614,false,פסטה ספגטי מהיר הכנה אסם 500 גרם,פסטה זארה,,ספגטי מהיר הכנה 500,גרמים,500.00,100 גרם,false,1,7.90,1.58,true,1,
7290105695024,false,פתיתים אפויים אורז עם אטריות אסם 500 גרם,"אסם השקעות בע""\מ",,פתיתים אפויים אורז ע,גרמים,500.00,100 גרם,false,1,6.90,1.38,true,1,
7290105695321,false,עוגת הבית בראוניס פאדג' אסם 380 גרם,מיוצר עי קונדיטוריית,,עוגת בראוניס פרג 380,גרמים,380.00,100 גרם,false,1,18.80,4.95,true,1,
7290105695536,false,אבקת מרק ירקות שורש תיבול אסם 220 גר',"אסם תעשיות בע""מ",,אבקת מרק ירקות שורש,גרמים,220.00,100 גרם,false,1,18.80,8.55,true,1,
7290105964564,false,סלט חומוס אחלה 400גר,מיוצר עי קונדיטוריית,,חומוס אחלה 400 גר,גרמים,400.00,100 גרם,false,1,4.90,1.23,true,1,
7290105965738,false,יוגורט לשתיה בטעם תות בננה267 ג' דנונה,מיוצר עי קונדיטוריית,,משקה בוקר תות בננה 2,מיליליטרים,267.00,"100 מ""ל",false,1,5.00,1.87,true,1,
7290105966469,false,"חומץ בלסמי ממודנה יד מרדכי 250 מ""ל",אצטייה ג'וזפה קרמוני,,חומץ בלסמי יד מרדכי,מיליליטרים,250.00,"100 מ""ל",false,1,14.50,5.80,true,1,
7290105968098,false,סלט קולסלאו אחלה 500 גרם,שטראוס גרופ סלטים,,קולסלאו 500 גר,גרמים,500.00,100 גרם,false,1,15.90,3.18,true,1,
7290105968654,false,רביולי בטטה פרווה פסטה נונה 400 ג',מיוצר עי קונדיטוריית,,רביולי בטטה פרווה,גרמים,400.00,100 גרם,false,1,19.90,4.98,true,1,
7290106520066,false,"רבע לשבע שוקולד חלב במילוי אגוזים עלית 160 גרם בד""צ","הגביע מוצרי וופלים בע""\מ",,אצבעות וופל רבע לשבע,גרמים,160.00,100 גרם,false,1,10.90,6.81,true,1,
7290106520288,false,יוגורט פרו חלבון עם תות 2.4% שומן 150 ג' דנונה,"שטראוס בריאות בע""מ",,דנונה WOW תות 2.4% ש,גרמים,150.00,100 גרם,false,1,4.90,3.27,true,1,
7290106520912,false,"שמנת 9% לבישול יטבתה 250 מ""ל מהדרין",שטראוס גרופ,,שמנת לבישול 9% 250 מ,מיליליטרים,250.00,"100 מ""ל",false,1,8.40,3.36,true,1,
7290106525399,false,קפסולות 06 ברזיל למכונות נספרסו עלית 10יח',הנסיך- מפעל לייצור ט,,קפסולות ברזיל 06 למכ,גרמים,50.00,100 גרם,false,1,16.50,33.00,true,1,
7290106526822,false,פריכיות אורז חום מלא תחתית שוקולד חלב 80 גרם,"טחנת האבן תעשיות בע""",,פריכיות אנרגי תחתית,גרמים,80.00,100 גרם,false,1,7.90,9.88,true,1,
7290106528567,false,"דוריטוס גריל 185 גרם ""עלית""","שטראוס פריטו ליי בע""\מ )",,חטיף דוריטוס גריל 18,גרמים,185.00,100 גרם,false,1,7.90,4.27,true,1,
7290106528628,false,"דוריטוס טבעי 185 גרם ""עלית""","שטראוס פריטו ליי בע""\מ )",,Dippas חטיף דוריטוס,גרמים,185.00,100 גרם,false,1,7.90,4.27,true,1,
7290106528949,false,לקט ערוגות 450 גרם שטראוס,שטראוס בריאות ירקות טריי,,לקט ערוגות,Unknown,0.00,Unknown,false,1,12.90,12.90,true,1,
7290106572027,false,אוסם - לחמית חמישה דגנים 190 גרם,"אסם השקעות בע""\מ",,לחמית חמישה דגנים 19,גרמים,190.00,100 גרם,false,1,10.40,5.47,true,1,
7290106574793,false,עוגת הבית בטעם שוקו-שוקוצ'יפס 350 ג' אסם,מיוצר עי קונדיטוריית,,עוגת הבית שוקו - שוק,גרמים,350.00,100 גרם,false,1,12.50,3.57,true,1,
7290106574953,false,בייגלה שטוחים כעכים שטוחים עם שומשום,מיוצר עי קונדיטוריית,,בייגלה שטוחים שומשום,גרמים,300.00,100 גרם,false,1,10.90,3.63,true,1,
7290106574977,false,בייגלה שטוחים כעכים שטוחים עם מלח,מיוצר עי קונדיטוריית,,בייגלה שטוחים עם מלח,גרמים,300.00,100 גרם,false,1,10.90,3.63,true,1,
7290106575011,false,פתיתים אפויים קוסקוס מחיטה מלאה אסם 400 גרם,מיוצר עי קונדיטוריית,,פתיתים אפויים קוסקוס,גרמים,400.00,100 גרם,false,1,6.90,1.73,true,1,
7290106575257,false,עוגת הבית סופלה בטעם שוקולד 340 ג' אסם,מיוצר עי קונדיטוריית,,עוגת סופלה בטעם שוקו,גרמים,340.00,100 גרם,false,1,12.50,3.68,true,1,
7290106576223,false,"אפרופו שוקולד 40 גרם ""אסם""",מיוצר עי קונדיטוריית,,אפרופו שוקולד 40 גרם,גרמים,40.00,100 גרם,false,1,5.00,12.50,true,1,
7290106576513,false,סלט חומוס צבר 400 גר,סלטי צבר,,חומוס חלק 400 גרם,גרמים,400.00,100 גרם,false,1,9.90,2.48,true,1,
7290106576537,false,חומוס מסעדות צבר 700 גרם,סלטי צבר,,חומוס מסעדה צבר 700,גרמים,700.00,100 גרם,false,1,10.90,1.56,true,1,
7290106577282,false,טחינה אמיתית מרובע 400 ג' צבר,סלטי צבר,,טחינה 400 גרם,גרמים,400.00,100 גרם,false,1,12.90,3.23,true,1,
7290106577541,false,צבר כרוב אדום מרובע 400גרם,סלטי צבר,,סלט כרוב אדום 400 גר,גרמים,400.00,100 גרם,false,1,10.90,2.73,true,1,
7290106578692,false,ביסלי במבה מיקס מהדורת אליפות אסם 80 גרם,פרו מן יו פתרונות אר,,ביסלי במבה גריל מיקס,גרמים,80.00,100 גרם,false,1,4.30,5.38,true,1,
7290106578821,false,עוגת הבית שמרים קלאסית שוקולד אסם 350 גרם,מיוצר עי קונדיטוריית,,עוגת הבית שמרים שוקו,גרמים,350.00,100 גרם,false,1,18.80,5.37,true,1,
7290106654099,false,מילקי CAKE עוגות אישיות במילוי קרם חלב,בובארד איטליה אס.פי.איי,,מארז שמיניית מילקי 2,גרמים,272.00,100 גרם,false,1,20.00,7.35,true,1,
7290106656734,false,"עוגיות חיוכים וניל עלית 600 גרם בד""צ",אפיפית נצרת תעשיות ב,,חיוכים וניל 600 גרם,גרמים,600.00,100 גרם,false,1,20.90,3.48,true,1,
7290106663091,false,"לאבנה 9 % עם שמן זית 500 גר' ""שטראוס""",הדקלאים אגודת שיתופי,,לאבנה 9% 500 גר,גרמים,500.00,100 גרם,false,1,20.90,4.18,true,1,
7290106664067,false,לאבנה עם שמן זית וזעתר 10% שטראוס 400 ג',הדקלאים אגודת שיתופי,,לאבנה עם שמן זית וזע,גרמים,400.00,100 גרם,false,1,16.70,4.18,true,1,
7290106664555,false,"רוטב שמנת עם עגבניות 9% שומן 250 מ""ל יוטבתה",שטראוס גרופ,,יטבתה רוטב שמנת עם ע,גרמים,250.00,100 גרם,false,1,10.90,4.36,true,1,
7290106664562,false,רוטב שמנת עם פטריות 9% שומן 258 ג' יוטבתה,שטראוס גרופ,IL,יטבתה רוטב שמנת עם פ,גרמים,250.00,100 גרם,false,1,10.90,4.36,true,1,
7290106666788,false,עלית - סוכריות נוסטלגיה דבש ממולאות 80 גרם,שטראוס גרופ,PL,סוכריות נוסטלגיה דבש,גרמים,80.00,100 גרם,false,1,6.80,8.50,true,1,
7290106667266,false,"דוריטוס חמוץ חריף 185 גרם ""עלית""","שטראוס פריטו ליי בע""\מ )",,חטיף דוריטוס חמוץ חר,גרמים,185.00,100 גרם,false,1,7.90,4.27,true,1,
7290106668577,false,"מיץ לימון טיבעי 250 מ""ל יד מרדכי",האי נאם סי או אל.טי.,,"מיץ לימון 250 מ""ל יד",מיליליטרים,250.00,"100 מ""ל",false,1,7.80,3.12,true,1,
7290106668713,false,יוגורט עם פירות יער 3% שומן 150 ג' דנונה,מיוצר עי קונדיטוריית,,דנונה פירות יער 3% 1,גרמים,150.00,100 גרם,false,1,4.30,2.87,true,1,
7290106720626,false,צ'יטוס קראנצ' בטעם גבינה - חלבי,"שטראוס פריטו ליי בע""\מ )",,ציטוס בטעם גבינה 80,גרמים,80.00,100 גרם,false,1,4.50,5.63,true,1,
7290106721920,false,צנצנת מסטיק מאסט בטעם ספירמינט עדין 66 ג' עלית,"שטראוס גרופ בע""\מ.",,צנצנת מסטיקים ספירמי,Unknown,0.00,Unknown,false,1,9.90,9.90,true,1,
7290106723689,false,עלי תרד בייבי שטראוס 200 גרם,שטראוס בריאות ירקות טריי,,תרד בייבי 200 גר,גרמים,200.00,100 גרם,false,1,10.90,5.45,true,1,
7290106726178,false,יוגורט PRO עם פירות יער 2.4% 10 גרם חלבון בגביע,מיוצר עי קונדיטוריית,,דנונה פרו פירות יער,גרמים,150.00,100 גרם,false,1,4.90,3.27,true,1,
=======
7290105473950,false,"חול מתגבש לחתולים 5ק""ג",דיפלומט מפיצים (1968) בעמ**,,יורוקיטי קופסה 5 קג,קילוגרמים,0.01,"ק""ג",false,1,16.90,1690.00,true,1,
7290105474179,false,מארז מען לה קט פטה מולטיפק 100 גר 4 יח,דיפלומט מפיצים (1968) בעמ**,,מארז מען לה קט פטה מ,גרמים,400.00,100 גרם,false,1,16.90,4.23,true,1,
7290105500151,false,וודקה פינלנדיה רגיל 700,"אלטיה קורפ, הלסינקי,",,וודקה פינלנדיה 700 מ,מיליליטרים,700.00,"100 מ""ל",false,1,59.90,8.56,true,1,
7290105500953,false,"וויסקי ג'ק דניאלס דבש 700 מ""ל",מ.אקרמן בעמ,,וויסקי גק דניאלס דבש,מיליליטרים,700.00,"100 מ""ל",false,1,99.90,14.27,true,1,
7290105691224,false,אסם חטיפי פריכונים טורטייה שום בצל 60 גרם,קבוצת אוסם סחר-שות.מוגבלת,,חטיפי פריכונים טורטי,גרמים,60.00,100 גרם,false,1,7.50,12.50,true,1,
7290105691248,false,אסם חטיפי פריכונים טורטייה תירס 60 גרם,קבוצת אוסם סחר שותפות מוגבלת,,חטיפי פריכונים טורטי,גרמים,60.00,100 גרם,false,1,7.50,12.50,true,1,
7290105691712,false,אסם עוגיות הפסקת קפה דגנים מלאים 230 גרם,קבוצת אוסם סחר שותפות מוגבלת,,עוגיות הפסקת קפה חיט,גרמים,200.00,100 גרם,false,1,12.50,6.25,true,1,
7290105691897,false,קוסקוס עם חיטה מלאה אסם 350 גרם,"מיוצר ע""י קוד יצרן K",,קוסקוס חיטה מלאה 350,גרמים,350.00,100 גרם,false,1,11.40,3.26,true,1,
7290105691934,false,קמח שמרים אסם 1 קילו,קבוצת אוסם סחר שותפות מוגבלת,,"קמח שמרים 1 ק""ג",גרמים,1000.00,100 גרם,false,1,9.90,0.99,true,1,
7290105693341,false,מארז עשיריית במבה אסם 25*10 גרם,קבוצת אוסם סחר שותפות מוגבלת,,מארז במבה 25 גרם 10,גרמים,250.00,100 גרם,false,1,9.90,3.96,true,1,
7290105693457,false,עוגת הבית דמקה שוקו וניל 320 גר`בחושות,קבוצת אוסם סחר שותפות מוגבלת,,עוגת דמקה שוקו וניל,גרמים,320.00,100 גרם,false,1,12.50,3.91,true,1,
7290105693952,false,פירורית זהב אסם זהב שומשום 200 ג',קבוצת אוסם סחר שותפות מוגבלת,,פירורית זהב שומשום 2,גרמים,200.00,100 גרם,false,1,6.40,3.20,true,1,
7290105694614,false,פסטה אוסם ספגטי מהיר הכנה 500 גרם,קבוצת אוסם סחר שותפות מוגבלת,,ספגטי מהיר הכנה 500,גרמים,500.00,100 גרם,false,1,7.90,1.58,true,1,
7290105695024,false,פתיתים אפויים אורז עם אטריות אסם 500 גרם,קבוצת אוסם סחר שותפות מוגבלת,,פתיתים אפויים אורז ע,גרמים,500.00,100 גרם,false,1,6.90,1.38,true,1,
7290105695321,false,עוגת הבית בראוניס פאדג' אסם 380 גרם,קבוצת אוסם סחר שותפות מוגבלת,,עוגת בראוניס פרג 380,גרמים,380.00,100 גרם,false,1,18.80,4.95,true,1,
7290105695536,false,אבקת מרק ירקות שורש תיבול אסם 220 גר',קבוצת אסם סחר שות. מוגבלת,,אבקת מרק ירקות שורש,גרמים,220.00,100 גרם,false,1,18.80,8.55,true,1,
7290105964564,false,חומוס אחלה 400 גרם. שטראוס,שטראוס גרופ בעמ/מצונן,,חומוס אחלה 400 גר,גרמים,400.00,100 גרם,false,1,4.90,1.23,true,1,
7290105965738,false,יוגורט לשתיה בטעם תות בננה267 ג' דנונה,שטראוס גרופ בעמ/מצונן,,משקה בוקר תות בננה 2,מיליליטרים,267.00,"100 מ""ל",false,1,5.00,1.87,true,1,
7290105966469,false,חומץ בלסמי ממודנה יד מרדכי (250 מל),אצטייה ג'וזפה קרמוני,,חומץ בלסמי יד מרדכי,מיליליטרים,250.00,"100 מ""ל",false,1,14.50,5.80,true,1,
7290105968098,false,סלט קולסלאו אחלה (500 גרם),שטראוס גרופ בעמ/מצונן,,קולסלאו 500 גר,גרמים,500.00,100 גרם,false,1,15.90,3.18,true,1,
7290105968654,false,רביולי עם בטטה פרווה שטראוס (400 גרם),שטראוס גרופ בעמ/מצונן,,רביולי בטטה פרווה,גרמים,400.00,100 גרם,false,1,19.90,4.98,true,1,
7290106520066,false,"רבע לשבע שוקולד חלב במילוי אגוזים עלית 160 גרם בד""צ","הגביע מוצרי וופלים בע""\מ",,אצבעות וופל רבע לשבע,גרמים,160.00,100 גרם,false,1,10.90,6.81,true,1,
7290106520288,false,יוגורט פרו חלבון עם תות 2.4% שומן 150 ג' דנונה,שטראוס גרופ בעמ/מצונן,,דנונה WOW תות 2.4% ש,גרמים,150.00,100 גרם,false,1,4.90,3.27,true,1,
7290106520905,false,סלט טורקי אחלה (400 גרם),שטראוס גרופ בעמ/מצונן,,סלט טורקי 400 גר,גרמים,400.00,100 גרם,false,1,18.30,4.58,true,1,
7290106520912,false,שמנת לבישול 9% שומן 258גר מהדרין יטבתה,שטראוס גרופ בעמ/מצונן,,שמנת לבישול 9% 250 מ,מיליליטרים,250.00,"100 מ""ל",false,1,8.40,3.36,true,1,
7290106524439,false,"תפוצ'יפס פופס 60 גרם ""עלית""","שטראוס פריטו ליי בע""\מ )",,תפוציפס פופס 60 גרם,גרמים,60.00,100 גרם,false,1,4.00,6.67,true,1,
7290106525399,false,קפסולות 06 ברזיל למכונות נספרסו עלית 10יח',הנסיך- מפעל לייצור ט,,קפסולות ברזיל 06 למכ,גרמים,50.00,100 גרם,false,1,16.50,33.00,true,1,
7290106526822,false,פריכיות אורז חום מלא תחתית שוקולד חלב 80 גרם,"טחנת האבן תעשיות בע""",,פריכיות אנרגי תחתית,גרמים,80.00,100 גרם,false,1,7.90,9.88,true,1,
7290106528567,false,חטיף תירס גריל דוריטוס (185 גרם),"שטראוס פריטו ליי בע""\מ )",,חטיף דוריטוס גריל 18,גרמים,185.00,100 גרם,false,1,7.90,4.27,true,1,
7290106528628,false,חטיף תירס בטעם טבעי דוריטוס (185 גרם),"שטראוס פריטו ליי בע""\מ )",,Dippas חטיף דוריטוס,גרמים,185.00,100 גרם,false,1,7.90,4.27,true,1,
7290106528949,false,סלט ערוגות שטראוס 450 גר`-טעם הטבע,שטראוס בריאות ירקות טריי,,לקט ערוגות,Unknown,0.00,Unknown,false,1,12.90,12.90,true,1,
7290106572027,false,קרקר לחמית חמישה דגנים אסם (190 גרם),קבוצת אוסם סחר-שות.מוגבלת,,לחמית חמישה דגנים 19,גרמים,190.00,100 גרם,false,1,10.40,5.47,true,1,
7290106573628,false,חומוס עם טחינה צבר (400 גרם),קבוצת אוסם סחר שותפות מוגבלת,,חומוס עם טחינה 400 ג,גרמים,400.00,100 גרם,false,1,11.90,2.98,true,1,
7290106574793,false,עוגת הבית בטעם שוקו-שוקוצ'יפס 350 ג' אסם,קבוצת אוסם סחר שותפות מוגבלת,,עוגת הבית שוקו - שוק,גרמים,350.00,100 גרם,false,1,12.50,3.57,true,1,
7290106574953,false,בייגלה שטוחים כעכים שטוחים עם שומשום,קבוצת אוסם סחר שותפות מוגבלת,,בייגלה שטוחים שומשום,גרמים,300.00,100 גרם,false,1,10.90,3.63,true,1,
7290106574977,false,בייגלה שטוחים טבעות עם מלח אסם (300 גרם),קבוצת אוסם סחר שותפות מוגבלת,,בייגלה שטוחים עם מלח,גרמים,300.00,100 גרם,false,1,10.90,3.63,true,1,
7290106575011,false,פתיתים אפויים קוסקוס מחיטה מלאה אסם 400 גרם,קבוצת אוסם סחר שותפות מוגבלת,,פתיתים אפויים קוסקוס,גרמים,400.00,100 גרם,false,1,6.90,1.73,true,1,
7290106575257,false,עוגת הבית סופלה בטעם שוקולד 340 ג' אסם,קבוצת אוסם סחר שותפות מוגבלת,,עוגת סופלה בטעם שוקו,גרמים,340.00,100 גרם,false,1,12.50,3.68,true,1,
7290106576223,false,"אפרופו שוקולד 40 גרם ""אסם""",קבוצת אוסם סחר שותפות מוגבלת,,אפרופו שוקולד 40 גרם,גרמים,40.00,100 גרם,false,1,5.00,12.50,true,1,
7290106576513,false,סלט רק חומוס צבר 400 גרם,קבוצת אוסם סחר שותפות מוגבלת,,חומוס חלק 400 גרם,גרמים,400.00,100 גרם,false,1,9.90,2.48,true,1,
7290106576537,false,חומוס מסעדות צבר 700 גרם,קבוצת אוסם סחר שותפות מוגבלת,,חומוס מסעדה צבר 700,גרמים,700.00,100 גרם,false,1,10.90,1.56,true,1,
7290106577282,false,טחינה אמיתית מרובע 400 ג' צבר,קבוצת אוסם סחר-שות.מוגבלת,,טחינה 400 גרם,גרמים,400.00,100 גרם,false,1,12.90,3.23,true,1,
7290106577541,false,צבר כרוב אדום מרובע 400גרם,קבוצת אוסם סחר-שות.מוגבלת,,סלט כרוב אדום 400 גר,גרמים,400.00,100 גרם,false,1,10.90,2.73,true,1,
7290106578692,false,ביסלי במבה מיקס מהדורת אליפות אסם 80 גרם,קבוצת אוסם סחר שותפות מוגבלת,,ביסלי במבה גריל מיקס,גרמים,80.00,100 גרם,false,1,4.30,5.38,true,1,
7290106578821,false,עוגת הבית שמרים קלאסית שוקולד אסם 350 גרם,קבוצת אוסם סחר שותפות מוגבלת,,עוגת הבית שמרים שוקו,גרמים,350.00,100 גרם,false,1,18.80,5.37,true,1,
7290106654099,false,מילקי CAKE עוגות אישיות במילוי קרם חלב,בובארד איטליה אס.פי.איי,,מארז שמיניית מילקי 2,גרמים,272.00,100 גרם,false,1,20.00,7.35,true,1,
7290106656734,false,"עוגיות חיוכים וניל עלית 600 גרם בד""צ",אפיפית נצרת תעשיות ב,,חיוכים וניל 600 גרם,גרמים,600.00,100 גרם,false,1,20.90,3.48,true,1,
7290106663091,false,"לאבנה 9 % עם שמן זית 500 גר' ""שטראוס""",שטראוס גרופ בעמ/מצונן,,לאבנה 9% 500 גר,גרמים,500.00,100 גרם,false,1,20.90,4.18,true,1,
7290106664067,false,לאבנה עם שמן זית וזעתר 10% שטראוס 400 ג',שטראוס גרופ בעמ/מצונן,,לאבנה עם שמן זית וזע,גרמים,400.00,100 גרם,false,1,16.70,4.18,true,1,
7290106664555,false,"רוטב שמנת עם עגבניות 9% שומן 250 מ""ל יוטבתה",שטראוס גרופ בעמ/מצונן,,יטבתה רוטב שמנת עם ע,גרמים,250.00,100 גרם,false,1,10.90,4.36,true,1,
7290106664562,false,רוטב שמנת עם פטריות 9% שומן 258 ג' יוטבתה,שטראוס גרופ בעמ/מצונן,IL,יטבתה רוטב שמנת עם פ,גרמים,250.00,100 גרם,false,1,10.90,4.36,true,1,
7290106666788,false,עלית - סוכריות נוסטלגיה דבש ממולאות 80 גרם,שטראוס גרופ בע`מ,PL,סוכריות נוסטלגיה דבש,גרמים,80.00,100 גרם,false,1,6.80,8.50,true,1,
7290106667266,false,חטיף תירס חמוץ חריף דוריטוס (185 גרם),"שטראוס פריטו ליי בע""\מ )",,חטיף דוריטוס חמוץ חר,גרמים,185.00,100 גרם,false,1,7.90,4.27,true,1,
7290106668577,false,"מיץ לימון טיבעי 250 מ""ל יד מרדכי",האי נאם סי או אל.טי.,,"מיץ לימון 250 מ""ל יד",מיליליטרים,250.00,"100 מ""ל",false,1,7.80,3.12,true,1,
7290106668713,false,יוגורט עם פירות יער 3% שומן 150 ג' דנונה,שטראוס גרופ בעמ/מצונן,,דנונה פירות יער 3% 1,גרמים,150.00,100 גרם,false,1,4.30,2.87,true,1,
7290106720626,false,חטיף תירס בטעם גבינה צ`יטוס (80 גרם),"שטראוס פריטו ליי בע""\מ )",,ציטוס בטעם גבינה 80,גרמים,80.00,100 גרם,false,1,4.50,5.63,true,1,
7290106721913,false,מסטיק מאסט MUST ללא סוכר בטעם מנטה מרעננת,שטראוס גרופ בע`מ,,צנצנת מסטיקים ריח פה,Unknown,0.00,Unknown,false,1,9.90,9.90,true,1,
7290106721920,false,צנצנת מסטיק מאסט בטעם ספירמינט עדין 66 ג' עלית,"שטראוס גרופ בע""\מ.",,צנצנת מסטיקים ספירמי,Unknown,0.00,Unknown,false,1,9.90,9.90,true,1,
7290106723689,false,עלי תרד בייבי 200 גר`שטראוס טעם הטבע,שטראוס בריאות ירקות טריי,,תרד בייבי 200 גר,גרמים,200.00,100 גרם,false,1,10.90,5.45,true,1,
7290106726178,false,יוגורט PRO עם פירות יער 2.4% 10 גרם חלבון בגביע,שטראוס גרופ בעמ/מצונן,,דנונה פרו פירות יער,גרמים,150.00,100 גרם,false,1,4.90,3.27,true,1,
>>>>>>> d048ac2f4f281c9d788043ab4e81b61b0dbe3743
7290106727984,false,"כיף כף פצפצים בגביע 135 גרם ""עלית""",שולן צ'\יקולטה גידה סאן.,,כיף כף גביע פצפצים 1,גרמים,135.00,100 גרם,false,1,11.80,8.74,true,1,
7290106772472,false,גרוסליין- בלגה ממרח שוקולד 350 גרם,"אלמנדוס בע""מ",IL,בלגה ממרח אגוזי לוז,גרמים,350.00,100 גרם,false,1,13.90,3.97,true,1,
7290106774285,false,שוקולד מריר 60% 500 גרם,"אלמונדס בע""מ",IL,שוקולד מריר 60% 500,גרמים,500.00,100 גרם,false,1,39.90,7.98,true,1,
7290106775091,false,מחית פיסטוק אלמנדוס,שקד תבור,IL,מחית פיסטוק 200 גרם,גרמים,200.00,100 גרם,false,1,39.90,19.95,true,1,
<<<<<<< HEAD
7290107280020,false,שלישיית מטליות לחות לניקוי כללי סנו סושי 50 יחידות,טרופיקל דגיל- תעשיות,,סנו סושי מטליות לחות,Unknown,0.00,Unknown,false,1,16.90,16.90,true,1,
7290107280068,false,סנו סושי תבנית אלומיניום ענק א.לארג 2 יח,סנו מפעלי ברונוס בעמ,,זוג תבניות אלומיניום,Unknown,0.00,Unknown,false,1,11.40,11.40,true,1,
7290107280075,false,סנו סושי תבנית אלומיניום לארג 4יח,סנו מפעלי ברונוס בעמ,,רביעיית תבניות אלומי,Unknown,0.00,Unknown,false,1,8.90,8.90,true,1,
7290107280082,false,מארז 7 תבניות אלומיניום מוארכות לאפייה אינגליש קייק,סנו מפעלי ברונוס בעמ,,תבניות אלומיניום מוא,Unknown,0.00,Unknown,false,1,11.40,11.40,true,1,
7290107280129,false,סנו סושי 20 שקיות אשפה חזקות גדולות XXL,סנו מפעלי ברונוס בעמ,,סנו סושי 20 שקיות אש,Unknown,0.00,Unknown,false,1,23.90,23.90,true,1,
7290107280341,false,ריצפז מטליות לחות לניקוי הרצפה בניחוח מלון מפנק,"סנו מפעלי ברונוס סע""",IL,מט.לחות לרצפה סנו רצ,Unknown,0.00,Unknown,false,1,10.90,10.90,true,1,
7290107280570,false,סנו - מקסימה ג'ל כביסה מרוכז לכביסה צבעונית 3 ליטר,מיוצר עי קונדיטוריית,,סנו מקסימה גל כביסה,ליטרים,0.00,ליטר,false,1,29.60,29.60,true,1,
7290107280600,false,טבליות למדיח סנו ספארק 100 טבליות במארז,גרופה אינקו,,טבליות למדיח סנו,Unknown,0.00,Unknown,false,1,69.90,69.90,true,1,
7290107280709,false,"סנו ספארק נוזל הברקה למדיח 700 מ""ל","סנו מפעלי ברונוס בע""\מ",,נוזל הברקה למדיח סנו,מיליליטרים,900.00,"100 מ""ל",false,1,16.70,1.86,true,1,
7290107280716,false,מלח למדיח להגנה מפני אבנית סנו ספארק Spark,סנו ספארק,,מלח למדיח סנו ספארק,קילוגרמים,0.00,"ק""ג",false,1,14.60,14.60,true,1,
7290107280730,false,נוזל לניקוי כלים סנו ספארק Spark בניחוח לבנדר,מיוצר עי קונדיטוריית,,נוזל כלים סנו ספארק,מיליליטרים,700.00,"100 מ""ל",false,1,10.40,1.49,true,1,
7290107280754,false,נוזל כלים סנו ספארק Spark היפואלרגני פריחת השקד,סנו ספארק,,נוזל כלים סנו ספארק,מיליליטרים,700.00,"100 מ""ל",false,1,10.40,1.49,true,1,
7290107280761,false,נוזל לניקוי כלים בניחוח לימון רענן סנו ספארק Spark,מיוצר עי קונדיטוריית,,ספארק נוזל כלים בניח,מיליליטרים,1000.00,"100 מ""ל",false,1,14.60,1.46,true,1,
7290107645584,false,אבקת מרק עוף אמיתי רכיבים טבעיים 400 גרם - רבנות,יוניליוור ישראל מזון בע\,,מרק עוף אמיתי רכיבים,גרמים,400.00,100 גרם,false,1,24.90,6.23,true,1,
7290107646147,false,"חטיף שוגי קורנפלקס תלמה 156 גרם מארז 6 יחידות בד""צ",יוניליוור ישראל מזון בעמ,,מאגדת שוגי קורנפלקס,גרמים,156.00,100 גרם,false,1,12.90,8.27,true,1,
7290107646154,false,"חטיף קוקומן פצפוצים תלמה 126 גרם מארז 6 יחידות בד""צ",יוניליוור ישראל מזון בעמ,,מאגדת קוקומן פצפוצים,גרמים,126.00,100 גרם,false,1,12.90,10.24,true,1,
7290107646826,false,"חטיף שוגי שוקו תלמה 156 גרם מארז 6 יחידות בד""צ",יוניליוור ישראל מזון בעמ,,מאגדת פתיתי תירס שוק,גרמים,156.00,100 גרם,false,1,12.90,8.27,true,1,
7290107647731,false,קוקומן חום לבן בטעם שוקולד ווניל,יוניליוור ישראל מזון בעמ,,קוקומן חום לבן 20% פ,גרמים,375.00,100 גרם,false,1,19.90,5.31,true,1,
7290107647816,false,"דגני ברנפלקס ללא תוספת סוכר 500 גרם בד""צ",יוניליוור ישראל מזון בעמ,,דגני ברנפלקס ללא תוס,גרמים,500.00,100 גרם,false,1,19.90,3.98,true,1,
7290107648974,false,קנור רוטב לפסטה עגבניות עם בזיליקום,קונסורזיו קאסאלאסקו דל פ,,קנור רוטב עם בזיליקו,גרמים,415.00,100 גרם,false,1,15.20,3.66,true,1,
7290107648981,false,רוטב עגבניות קלאסי פומודורו 415 ג' קנור,מיוצר עי קונסורזייו,,קנור רוטב פומודורו 4,גרמים,415.00,100 גרם,false,1,15.20,3.66,true,1,
7290107871297,false,אוסם - מיני פריכונים עשבי תיבול 25 גרם,"פרח תעשיות מזון בע""מ.",,פריכונים מיני עשבי ת,גרמים,25.00,100 גרם,false,1,4.90,19.60,true,1,
7290107871990,false,"פסטה צינורות 500 גרם ""אסם""",פסטה זארה,,פסטה צינורות 500 גר,גרמים,500.00,100 גרם,false,1,5.90,1.18,true,1,
7290107874441,false,פריכונים מיני בצל מקורמל 25 גרם אסם,"פרח תעשיות מזון בע""מ.",,פריכונים מיני בצל מק,גרמים,25.00,100 גרם,false,1,4.90,19.60,true,1,
7290107874502,false,ביסלי גריל קדמ. מארז אחיד 10 4*55 גרם,מיוצר עי קונדיטוריית,,ביסלי גריל קדמ. מארז,גרמים,200.00,100 גרם,false,1,13.50,6.75,true,1,
7290107875271,false,ביסלי ברביקיו קדמ. מארז אחיד10 4*55 גרם,"אסם השקעות בע""\מ",,ביסלי ברביקיו קדמ. מ,גרמים,200.00,100 גרם,false,1,13.50,6.75,true,1,
7290107877619,false,מארז במבה במילוי קרם נוגט 5*30ג' אסם,"אסם השקעות בע""\מ",,במבה במילוי קרם נוגט,גרמים,150.00,100 גרם,false,1,15.20,10.13,true,1,
7290107879132,false,פריכיות פיטנס מיני פריכיות שוקולד חלב 22 ג',כרמית,,פיטנס מיני פריכיות ש,גרמים,22.00,100 גרם,false,1,5.50,25.00,true,1,
7290107930321,false,קונפיטורת יד מרדכי דובדובן 340 גרם,"בית אל מזון בע""מ",,קונפיטורת יד מרדכי ד,גרמים,340.00,100 גרם,false,1,15.60,4.59,true,1,
7290107931397,false,כיף כף פצפוצים במילוי שוקולד 40 גרם,שולן צ'\יקולטה גידה סאן.,,כיף כף פצפוצים במילו,Unknown,0.00,Unknown,false,1,6.20,6.20,true,1,
7290107932080,false,חלב מועשר יוטבתה בבקבוק 3% 1 ליטר,מחלבת יטבתה,,חלב מועשר יוטבתה בבק,מיליליטרים,1000.00,"100 מ""ל",false,1,7.70,0.77,true,1,
7290107934473,false,שמינייה יוגורט לבן אקטיביה 1.5% דנונה 150 גרם,"שטראוס גרופ בע""\מ",,מארז מיוחד אקטיביה,גרמים,1200.00,100 גרם,false,1,19.90,1.66,true,1,
7290107936309,false,דנונה יוגורט 7% יווני לבן 130 ג',"שטראוס בריאות בע""מ",,דנונה יווני לבן 5.8%,גרמים,120.00,100 גרם,false,1,3.50,2.92,true,1,
7290107936460,false,מארז 8 יח' דנכול משקה יוגורט בטעם מעודן,מיוצר עי קונדיטוריית,,מארז 8 יח דנכול בטעם,גרמים,800.00,100 גרם,false,1,29.60,3.70,true,1,
7290107937542,false,משקה יוגורט אקטיביה עם תות 1.2% שומן,מיוצר עי קונדיטוריית,,משקה אקטיביה תות 1.2,מיליליטרים,265.00,"100 מ""ל",false,1,6.00,2.26,true,1,
7290107937856,false,קפסולות 11חזק למכונות נספרסו עלית 10יח',הנסיך- מפעל לייצור ט,,קפסולות אספרסו 11 למ,Unknown,0.00,Unknown,false,1,16.50,16.50,true,1,
7290107938396,false,שמיניית אקטימל תות דיסני בנים 108 גרם,מיוצר עי קונדיטוריית,,שמיניית אקטימל תות 8,גרמים,864.00,100 גרם,false,1,20.90,2.42,true,1,
7290107939027,false,גזר דק דק שטראוס 250 גרם,שטראוס בריאות ירקות טריי,,גזר דק דק 250 גרם,גרמים,250.00,100 גרם,false,1,7.90,3.16,true,1,
7290107940467,false,אקטיביה יוגורט 1.5% שומן 200 ג' דנונה,מיוצר עי קונדיטוריית,,יוגורט אקטיביה 1.5%,גרמים,200.00,100 גרם,false,1,3.90,1.95,true,1,
7290107941259,false,"עדשים ירוקות מבושלות 475 גרם ""טעם הטבע",הורקסה לס לגונס דה ס,,עדשים ירוקות מבושלות,גרמים,475.00,100 גרם,false,1,12.90,2.72,true,1,
7290107943192,false,"שמנת חמוצה מהערבה 27% שומן 200 מ""ל יטבתה",מחלבת יטבתה,,שמנת חמוצה מהערבה,מיליליטרים,200.00,"100 מ""ל",false,1,3.90,1.95,true,1,
7290107943369,false,קוואקר שיבולת שועל ללא גלוטן 511 גרם,היידי שוקולד בירונטי,,קוואקר שיבולת שועל ל,גרמים,511.00,100 גרם,false,1,18.90,3.70,true,1,
7290107944472,false,סימפוניה גבינה במרקם שמנת 5% שום שמיר,"שטראוס בריאות בע""\מ",,סימפוניה שום שמיר 5%,גרמים,200.00,100 גרם,false,1,11.00,5.50,true,1,
7290107950190,false,מעדן חלב דל קלוריות בטעם שוקולד מריר 0.5% שומן,מיוצר עי קונדיטוריית,,מעדן דיאט שוקולד מרי,גרמים,130.00,100 גרם,false,1,3.50,2.69,true,1,
7290107950206,false,מעדן דיאט שוקולד שטראוס 130 גרם,מיוצר עי קונדיטוריית,,מעדן דיאט שוקולד 0%,גרמים,130.00,100 גרם,false,1,3.50,2.69,true,1,
=======
7290107280020,false,שלישיית מטליות לחות לניקוי כללי סנו סושי 50 יחידות,החברה הדרומית לשיווק בעמ,,סנו סושי מטליות לחות,Unknown,0.00,Unknown,false,1,16.90,16.90,true,1,
7290107280068,false,סנו סושי תבנית אלומיניום ענק א.לארג 2 יח,החברה הדרומית לשיווק בעמ,,זוג תבניות אלומיניום,Unknown,0.00,Unknown,false,1,11.40,11.40,true,1,
7290107280075,false,סנו סושי תבנית אלומיניום לארג 4יח,החברה הדרומית לשיווק בעמ,,רביעיית תבניות אלומי,Unknown,0.00,Unknown,false,1,8.90,8.90,true,1,
7290107280082,false,מארז 7 תבניות אלומיניום מוארכות לאפייה אינגליש קייק,החברה הדרומית לשיווק בעמ,,תבניות אלומיניום מוא,Unknown,0.00,Unknown,false,1,11.40,11.40,true,1,
7290107280129,false,סנו סושי 20 שקיות אשפה חזקות גדולות XXL,החברה הדרומית לשיווק בעמ,,סנו סושי 20 שקיות אש,Unknown,0.00,Unknown,false,1,23.90,23.90,true,1,
7290107280341,false,ריצפז מטליות לחות לניקוי הרצפה בניחוח מלון מפנק,החברה הדרומית לשיווק בעמ,IL,מט.לחות לרצפה סנו רצ,Unknown,0.00,Unknown,false,1,10.90,10.90,true,1,
7290107280570,false,סנו - מקסימה ג'ל כביסה מרוכז לכביסה צבעונית 3 ליטר,החברה הדרומית לשיווק בעמ,,סנו מקסימה גל כביסה,ליטרים,0.00,ליטר,false,1,29.60,29.60,true,1,
7290107280600,false,טבליות למדיח סנו ספארק 100 טבליות במארז,החברה הדרומית לשיווק בעמ,,טבליות למדיח סנו,Unknown,0.00,Unknown,false,1,69.90,69.90,true,1,
7290107280709,false,ספארק נוזל הברקה למדיח סנו (700 מל),החברה הדרומית לשיווק בעמ,,נוזל הברקה למדיח סנו,מיליליטרים,900.00,"100 מ""ל",false,1,16.70,1.86,true,1,
7290107280716,false,מלח למדיח להגנה מפני אבנית סנו ספארק Spark,החברה הדרומית לשיווק בעמ,,מלח למדיח סנו ספארק,קילוגרמים,0.00,"ק""ג",false,1,14.60,14.60,true,1,
7290107280730,false,נוזל לניקוי כלים סנו ספארק Spark בניחוח לבנדר,החברה הדרומית לשיווק בעמ,,נוזל כלים סנו ספארק,מיליליטרים,700.00,"100 מ""ל",false,1,10.40,1.49,true,1,
7290107280754,false,נוזל כלים סנו ספארק Spark היפואלרגני פריחת השקד,החברה הדרומית לשיווק בעמ,,נוזל כלים סנו ספארק,מיליליטרים,700.00,"100 מ""ל",false,1,10.40,1.49,true,1,
7290107280761,false,נוזל לניקוי כלים בניחוח לימון רענן סנו ספארק Spark,החברה הדרומית לשיווק בעמ,,ספארק נוזל כלים בניח,מיליליטרים,1000.00,"100 מ""ל",false,1,14.60,1.46,true,1,
7290107645584,false,אבקת מרק עוף אמיתי רכיבים טבעיים 400 גרם - רבנות,יוניליוור ישראל שיווק בע`מ,,מרק עוף אמיתי רכיבים,גרמים,400.00,100 גרם,false,1,24.90,6.23,true,1,
7290107646062,false,אבקת מרק בצל רכיבים טבעיים קנור 400 ג',יוניליוור ישראל שיווק בע`מ,,קנור מרק בצל רכיבים,גרמים,400.00,100 גרם,false,1,24.90,6.23,true,1,
7290107646147,false,"חטיף שוגי קורנפלקס תלמה 156 גרם מארז 6 יחידות בד""צ",יוניליוור ישראל שיווק בע`מ,,מאגדת שוגי קורנפלקס,גרמים,156.00,100 גרם,false,1,12.90,8.27,true,1,
7290107646154,false,"חטיף קוקומן פצפוצים תלמה 126 גרם מארז 6 יחידות בד""צ",יוניליוור ישראל שיווק בע`מ,,מאגדת קוקומן פצפוצים,גרמים,126.00,100 גרם,false,1,12.90,10.24,true,1,
7290107646826,false,"חטיף שוגי שוקו תלמה 156 גרם מארז 6 יחידות בד""צ",יוניליוור ישראל שיווק בע`מ,,מאגדת פתיתי תירס שוק,גרמים,156.00,100 גרם,false,1,12.90,8.27,true,1,
7290107646918,false,רוטב עגבניות ופלפלים לשקשוקה 415 ג' קנור,יוניליוור ישראל שיווק בע`מ,,קנור רוטב שקשוקה 415,גרמים,415.00,100 גרם,false,1,15.20,3.66,true,1,
7290107646963,false,"מיונז תלמה טעם ספייסי 273 גר בד""ץ",יוניליוור ישראל שיווק בע`מ,,ממרח ספייסי מיו תלמה,גרמים,250.00,100 גרם,false,1,9.50,3.80,true,1,
7290107647731,false,קוקומן חום לבן 20% פחות סוכר 375 גרם ב,יוניליוור ישראל שיווק בע`מ,,קוקומן חום לבן 20% פ,גרמים,375.00,100 גרם,false,1,19.90,5.31,true,1,
7290107647816,false,"דגני ברנפלקס ללא תוספת סוכר 500 גרם בד""צ",יוניליוור ישראל שיווק בע`מ,,דגני ברנפלקס ללא תוס,גרמים,500.00,100 גרם,false,1,19.90,3.98,true,1,
7290107648974,false,קנור רוטב לפסטה עגבניות עם בזיליקום,יוניליוור ישראל שיווק בע`מ,,קנור רוטב עם בזיליקו,גרמים,415.00,100 גרם,false,1,15.20,3.66,true,1,
7290107648981,false,רוטב עגבניות קלאסי פומודורו 415 ג' קנור,יוניליוור ישראל שיווק בע`מ,,קנור רוטב פומודורו 4,גרמים,415.00,100 גרם,false,1,15.20,3.66,true,1,
7290107871297,false,אוסם - מיני פריכונים עשבי תיבול 25 גרם,קבוצת אוסם סחר שותפות מוגבלת,,פריכונים מיני עשבי ת,גרמים,25.00,100 גרם,false,1,4.90,19.60,true,1,
7290107871990,false,פסטה צינורות מהדרין אסם (500 גרם),קבוצת אוסם סחר שותפות מוגבלת,,פסטה צינורות 500 גר,גרמים,500.00,100 גרם,false,1,5.90,1.18,true,1,
7290107874441,false,פריכונים מיני בצל מקורמל אסם (25 גרם),קבוצת אוסם סחר שותפות מוגבלת,,פריכונים מיני בצל מק,גרמים,25.00,100 גרם,false,1,4.90,19.60,true,1,
7290107874502,false,ביסלי גריל קדמ. מארז אחיד 10 4*55 גרם,קבוצת אוסם סחר שותפות מוגבלת,,ביסלי גריל קדמ. מארז,גרמים,200.00,100 גרם,false,1,13.50,6.75,true,1,
7290107875271,false,ביסלי ברביקיו קדמ. מארז אחיד10 4*55 גרם,קבוצת אוסם סחר שותפות מוגבלת,,ביסלי ברביקיו קדמ. מ,גרמים,200.00,100 גרם,false,1,13.50,6.75,true,1,
7290107877619,false,מארז במבה במילוי קרם נוגט 5*30ג' אסם,קבוצת אוסם סחר שותפות מוגבלת,,במבה במילוי קרם נוגט,גרמים,150.00,100 גרם,false,1,15.20,10.13,true,1,
7290107879132,false,פריכיות פיטנס מיני פריכיות שוקולד חלב 22 ג',קבוצת אוסם סחר שותפות מוגבלת,,פיטנס מיני פריכיות ש,גרמים,22.00,100 גרם,false,1,5.50,25.00,true,1,
7290107930321,false,קונפיטורת יד מרדכי דובדובן 340 גרם,"שטראוס גרופ בע""מ",,קונפיטורת יד מרדכי ד,גרמים,340.00,100 גרם,false,1,15.60,4.59,true,1,
7290107932080,false,חלב מועשר יוטבתה בבקבוק 3% 1 ליטר,שטראוס גרופ בעמ/מצונן,,חלב מועשר יוטבתה בבק,מיליליטרים,1000.00,"100 מ""ל",false,1,7.70,0.77,true,1,
7290107934473,false,שמינייה יוגורט לבן אקטיביה 1.5% דנונה 150 גרם,שטראוס גרופ בעמ/מצונן,,מארז מיוחד אקטיביה,גרמים,1200.00,100 גרם,false,1,19.90,1.66,true,1,
7290107936309,false,דנונה יוגורט 7% יווני לבן 130 ג',שטראוס גרופ בעמ/מצונן,,דנונה יווני לבן 5.8%,גרמים,120.00,100 גרם,false,1,3.50,2.92,true,1,
7290107936460,false,מארז 8 יח' דנכול משקה יוגורט בטעם מעודן,שטראוס גרופ בעמ/מצונן,,מארז 8 יח דנכול בטעם,גרמים,800.00,100 גרם,false,1,29.60,3.70,true,1,
7290107937542,false,משקה יוגורט אקטיביה עם תות 1.2% שומן,שטראוס גרופ בעמ/מצונן,,משקה אקטיביה תות 1.2,מיליליטרים,265.00,"100 מ""ל",false,1,6.00,2.26,true,1,
7290107937856,false,קפסולות 11חזק למכונות נספרסו עלית 10יח',הנסיך- מפעל לייצור ט,,קפסולות אספרסו 11 למ,Unknown,0.00,Unknown,false,1,16.50,16.50,true,1,
7290107938396,false,שמיניית אקטימל תות דיסני בנים 108 גרם,שטראוס גרופ בעמ/מצונן,,שמיניית אקטימל תות 8,גרמים,864.00,100 גרם,false,1,20.90,2.42,true,1,
7290107939027,false,גזר דק דק 250 גר שטראוס ירקות טעם הטבע,שטראוס בריאות ירקות טריי,,גזר דק דק 250 גרם,גרמים,250.00,100 גרם,false,1,7.90,3.16,true,1,
7290107940467,false,אקטיביה יוגורט קרמי 1.5% דנונה (200 גרם),שטראוס גרופ בעמ/מצונן,,יוגורט אקטיביה 1.5%,גרמים,200.00,100 גרם,false,1,3.90,1.95,true,1,
7290107941259,false,עדשים ירוקות מבושלות 475 גר ירקות שטראוס,ביכורי השדה הצפון בעמ` 1964,,עדשים ירוקות מבושלות,גרמים,475.00,100 גרם,false,1,12.90,2.72,true,1,
7290107943192,false,"שמנת חמוצה מהערבה 27% שומן 200 מ""ל יטבתה",שטראוס גרופ בעמ/מצונן,,שמנת חמוצה מהערבה,מיליליטרים,200.00,"100 מ""ל",false,1,3.90,1.95,true,1,
7290107943369,false,קוואקר שיבולת שועל ללא גלוטן 511 גרם,שטראוס פריטו ליי בע`מ,,קוואקר שיבולת שועל ל,גרמים,511.00,100 גרם,false,1,18.90,3.70,true,1,
7290107944472,false,סימפוניה גבינה במרקם שמנת 5% שום שמיר,שטראוס גרופ בעמ/מצונן,,סימפוניה שום שמיר 5%,גרמים,200.00,100 גרם,false,1,11.00,5.50,true,1,
7290107950190,false,מעדן חלב דל קלוריות בטעם שוקולד מריר 0.5% שומן,שטראוס גרופ בעמ/מצונן,,מעדן דיאט שוקולד מרי,גרמים,130.00,100 גרם,false,1,3.50,2.69,true,1,
7290107950206,false,מעדן דיאט שוקולד שטראוס 130 גרם,שטראוס גרופ בעמ/מצונן,,מעדן דיאט שוקולד 0%,גרמים,130.00,100 גרם,false,1,3.50,2.69,true,1,
>>>>>>> d048ac2f4f281c9d788043ab4e81b61b0dbe3743
7290107951104,false,בפלות ופלים ארוכים בטעם שוקולד,"שטראוס גרופ בע""\מ",,בפלות שוקולד 200 גרם,גרמים,200.00,100 גרם,false,1,5.90,2.95,true,1,
7290107953559,false,"מארז קפה טורקי עלית לדרך כשל""פ 168 גרם",הנסיך- מפעל לייצור ט,,מארז טורקי לדרך 168,גרמים,168.00,100 גרם,false,1,18.90,11.25,true,1,
7290107954976,false,משקה חלב PRO עם קפה 1.5% 25 גרם חלבון בבקבוק,שטראוס גרופ בעמ/מצונן,,משקה פרו קפה יטבתה 3,מיליליטרים,350.00,"100 מ""ל",false,1,6.50,1.86,true,1,
7290107956901,false,קפסולות בטעם אגוזים למכונת נספרסו עלית 10 יחידות,שטראוס קפה בי.וי.,,קפסולות בטעם אגוזים,גרמים,50.00,100 גרם,false,1,16.50,33.00,true,1,
7290107957991,false,מילקי CAKE מיניס קרם חלב בציפוי שוקולד חלב שקית 16X9ג',בובארד איטליה אס.פי.איי,IT,מילקי CAKE מינייס 14,גרמים,144.00,100 גרם,false,1,16.70,11.60,true,1,
7290107958035,false,יוגורט במתיקות מעודנת 2% ללא תוספת סוכר- מארז 8 יח,שטראוס גרופ בעמ/מצונן,,"מארז דנונה ללת""ס",גרמים,1200.00,100 גרם,false,1,18.50,1.54,true,1,
7290107973014,false,"סבון ידיים משאבה פלמוליב חלב ודבש 300 מ""ל",הנסיך- מפעל לייצור ט,,פלמוליב סבון ידיים ח,מיליליטרים,300.00,"100 מ""ל",false,1,12.50,4.17,true,1,
7290107973809,false,שימורי עגבניות קוביות 400 ג' מאסטר שף,פראנו אריקו ופיגלי ס.פ.א,,מנה קוביות עגבניות 4,גרמים,400.00,100 גרם,false,1,7.20,1.80,true,1,
7290107973861,false,מאסטר שף עגבניות קצוצות דק שלישיה 400ג*3 כשלפ,קונסרזיו קאסאלאסקו ד,,מנה עגבניות קצוצות ד,קילוגרמים,0.00,"ק""ג",false,1,16.90,16.90,true,1,
<<<<<<< HEAD
7290107974806,false,"אורז בסמטי 1 ק""ג מאסטר שף",דווה סינג שיהם סינג,,"מנה אורז בסמטי 1 ק""ג",גרמים,1000.00,100 גרם,false,1,13.90,1.39,true,1,
7290107974813,false,"אורז יסמין 1 ק""ג מאסטר שף",טאומי אינטרפרייד,,"מנה אורז יסמין 1 ק""ג",גרמים,1000.00,100 גרם,false,1,12.50,1.25,true,1,
7290107974820,false,ממרח בטעם ספייסי מיונז מאסטר שף 250 גרם,רמיה סי.וי.הולנד,,מנה מאסטר שף ממרח מת,גרמים,248.00,100 גרם,false,1,9.10,3.67,true,1,
7290107975278,false,דאודורנט סטיק עם הגנת אלוורה Aloe Protection,ליידי ספיד סטיק Lady Speed Stick,,דאו סטיק אלוורה לייד,גרמים,45.00,100 גרם,false,1,20.90,46.44,true,1,
=======
7290107974080,false,עלי טורטיה קמח לבן 744 גר`מנה מאסטר שף,הדקלאים אגודת שיתופי,,מנה עלי טורטיה קמח ל,גרמים,840.00,100 גרם,false,1,17.90,2.13,true,1,
7290107974806,false,"אורז בסגנון בסמטי 1ק""ג מאסטר שף",דווה סינג שיהם סינג,,"מנה אורז בסמטי 1 ק""ג",גרמים,1000.00,100 גרם,false,1,13.90,1.39,true,1,
7290107974813,false,מאסטר שף אורז יסמין 1 קג`,טאומי אינטרפרייד,,"מנה אורז יסמין 1 ק""ג",גרמים,1000.00,100 גרם,false,1,12.50,1.25,true,1,
>>>>>>> d048ac2f4f281c9d788043ab4e81b61b0dbe3743
7290107975346,false,ספיד סטיק - דאודורנט ג'ל לגבר כוח הטבע 85 גרם,קולגייט-פלמוליב,,דאו גל כח הטבע אולנג,גרמים,65.00,100 גרם,false,1,20.90,32.15,true,1,
7290107975360,false,ליידי ספיד סטיק פיור פרשנס ג'ל נשים 65ג',ליידי ספיד סטיק Lady Speed Stick,,דאו גל פיור פרשנס לי,גרמים,65.00,100 גרם,false,1,32.90,50.62,true,1,
7290107976848,false,פלמוליב סבון מוצק קמומיל רביעייה 360 ג,קולגייט-פלמוליב,,סבון מוצק פלמוליב קמ,Unknown,0.00,Unknown,false,1,21.90,21.90,true,1,
7290107976916,false,"סבון ידיים משאבה פלמוליב זיתים 300 מ""ל",קולגייט פלמוליב,,סבון ידיים חלב זיתים,מיליליטרים,300.00,"100 מ""ל",false,1,12.50,4.17,true,1,
7290107977456,false,"פלמוליב - ג'ל רחצה ושמפו ספורט לגבר 750 מ""ל",קולגייט פלמוליב,,גל רחצה ושמפו לגבר פ,מיליליטרים,750.00,"100 מ""ל",false,1,19.90,2.65,true,1,
7290107978323,false,איטריות דקיקות מאסטר שף 400 גרם,הדקלאים אגודת שיתופי,,מאסטר שף איטריות דקי,גרמים,400.00,100 גרם,false,1,6.20,1.55,true,1,
7290107978330,false,מאסטר שף איטריות דקות 400 גרם,הדקלאים אגודת שיתופי,,מאסטר שף איטריות דקו,גרמים,400.00,100 גרם,false,1,6.20,1.55,true,1,
7290107978347,false,איטריות בינוניות מאסטר שף 400 גרם,הדקלאים אגודת שיתופי,,מאסטר שף איטריות בינ,גרמים,400.00,100 גרם,false,1,6.20,1.55,true,1,
<<<<<<< HEAD
7290107978453,false,חטיף בטעם גריל קראנצ,קראנצ'וס,,קראנצוס גריל 55 גרם,גרמים,55.00,100 גרם,false,1,3.50,6.36,true,1,
7290107978460,false,חטיף חיטה בטעם פלאפל,קראנצ'וס,,קראנצוס פלאפל 55 גרם,גרמים,55.00,100 גרם,false,1,3.50,6.36,true,1,
7290107979191,false,"תבנית אלומיניום עם נייר אפייה ענק 2 ""קוקי""",HAI PLASTIC,,תב.אלומיניום עם נייר,Unknown,0.00,Unknown,false,1,11.40,11.40,true,1,
7290108201437,false,"אבקת כביסה קולון 101 2.5 ק""ג",רקיט בנקיזר,,אבקת כביסה קולון 101,קילוגרמים,0.00,"ק""ג",false,1,26.50,26.50,true,1,
7290108201864,false,קולון קפסולות גל לכביסה 28 יחידות,רקיט בנקיזר,,קולון קפסולות גל,Unknown,0.00,Unknown,false,1,31.50,31.50,true,1,
7290108350128,false,סנו סושי שקיות אשפה חזקות במיוחד 40 יח',מיוצר עי קונדיטוריית,,סנו סושי 40 שקיות אש,Unknown,0.00,Unknown,false,1,23.90,23.90,true,1,
7290108350142,false,"שקיות רב שימושיות גדולות 25*35 ס""מ סנו סושי 270 יחידות",אשפלסט תעשיות,,סנו סושי 270 שקיות ר,Unknown,0.00,Unknown,false,1,16.70,16.70,true,1,
7290108350180,false,סנו סושי מפיות מודפסות 100 יח',חי מוצרי נייר בעמ,,סנו סושי מפיות מודפס,Unknown,0.00,Unknown,false,1,10.60,10.60,true,1,
7290108350210,false,סנו סושי 30 שקיות אשפה XL חזקות במיוחד,מיוצר עי קונדיטוריית,,סנו סושי שקיות אשפה,Unknown,0.00,Unknown,false,1,24.90,24.90,true,1,
=======
7290107978453,false,חטיף בטעם גריל קראנצ,ש. שסטוביץ בע`מ,,קראנצוס גריל 55 גרם,גרמים,55.00,100 גרם,false,1,3.50,6.36,true,1,
7290107978460,false,קראנצ וס פלאפל 60ג חדש,ש. שסטוביץ בע`מ,,קראנצוס פלאפל 55 גרם,גרמים,55.00,100 גרם,false,1,3.50,6.36,true,1,
7290107979191,false,"תבנית אלומיניום עם נייר אפייה ענק 2 ""קוקי""",ש.שסטוביץ בעמ,,תב.אלומיניום עם נייר,Unknown,0.00,Unknown,false,1,11.40,11.40,true,1,
7290108201437,false,"אבקת כביסה קולון 101 2.5 ק""ג",רקיט בנקיזר (ניר איסט) בעמ,,אבקת כביסה קולון 101,קילוגרמים,0.00,"ק""ג",false,1,26.50,26.50,true,1,
7290108201864,false,קולון קפסולות גל לכביסה 28 יחידות,רקיט בנקיזר (ניר איסט) בעמ,,קולון קפסולות גל,Unknown,0.00,Unknown,false,1,31.50,31.50,true,1,
7290108350128,false,סנו סושי שקיות אשפה חזקות במיוחד 40 יח',החברה הדרומית לשיווק בעמ,,סנו סושי 40 שקיות אש,Unknown,0.00,Unknown,false,1,23.90,23.90,true,1,
7290108350142,false,"שקיות רב שימושיות גדולות 25*35 ס""מ סנו סושי 270 יחידות",החברה הדרומית לשיווק בעמ,,סנו סושי 270 שקיות ר,Unknown,0.00,Unknown,false,1,16.70,16.70,true,1,
7290108350180,false,סנו סושי מפיות מודפסות 100 יח',החב. הדרומית לשיווק,,סנו סושי מפיות מודפס,Unknown,0.00,Unknown,false,1,10.60,10.60,true,1,
7290108350210,false,סנו סושי 30 שקיות אשפה XL חזקות במיוחד,החברה הדרומית לשיווק בעמ,,סנו סושי שקיות אשפה,Unknown,0.00,Unknown,false,1,24.90,24.90,true,1,
7290108350500,false,סנובון מוצק דאבל אקשן בניחוח תפוז שלישייה,החברה הדרומית לשיווק בעמ,,סנובון מוצק דבל אקשן,גרמים,165.00,100 גרם,false,1,14.90,9.03,true,1,
>>>>>>> d048ac2f4f281c9d788043ab4e81b61b0dbe3743
7290108350531,false,סנו ספארק נוזל כלים בניחוח קלאסי עם משאבה 1 ל',מיוצר עי קונדיטוריית,,ספארק נוזל כלים קלאס,מיליליטרים,1000.00,"100 מ""ל",false,1,14.60,1.46,true,1,
7290108350548,false,סנו ספארק נוזל כלים בניחוח לבנדר עם משאבה 1 ל',החברה הדרומית לשיווק בעמ,,ספארק נוזל כלים לבנד,מיליליטרים,1000.00,"100 מ""ל",false,1,14.60,1.46,true,1,
7290108350555,false,נוזל כלים סנו ספארק Spark היפואלרגני פריחת השקד,החברה הדרומית לשיווק בעמ,,ספארק נוזל כלים לעור,מיליליטרים,1000.00,"100 מ""ל",false,1,14.60,1.46,true,1,
7290108350586,false,נוזל לניקוי כלים סנו ספארק Spark בניחוח לימון רענן,החברה הדרומית לשיווק בעמ,,ספארק נוזל כלים בניח,ליטרים,0.00,ליטר,false,1,17.70,17.70,true,1,
7290108350616,false,סנו - מקסימה מרכך כביסה מרוכז פריחה כחולה 1 ליטר,החברה הדרומית לשיווק בעמ,,מרכך כביסה מקסימה סו,מיליליטרים,1000.00,"100 מ""ל",false,1,13.90,1.39,true,1,
7290108350623,false,מרכך כביסה סופר מרוכז סופט סילק מקסימה 1 ל' סנו,החברה הדרומית לשיווק בעמ,,מרכך כביסה מקסימה סו,מיליליטרים,1000.00,"100 מ""ל",false,1,13.90,1.39,true,1,
7290108350722,false,אורביטול גוניור משחת שיניים בוב ספוג 70ג,טרופיקל דגיל תעשיות קוסמ,IL,משחת שיניים אורביטול,גרמים,70.00,100 גרם,false,1,9.90,14.14,true,1,
<<<<<<< HEAD
7290108351149,false,ג'ל ניקוי כללי בתוספת אבקת סודה ריח כביסה סנו ג'ט 1.5 ליטר,"סנו מפעלי ברונוס בע""\מ",,נוזל לנ.כללי ורצפות+,ליטרים,0.00,ליטר,false,1,16.90,16.90,true,1,
7290108351507,false,מרכך כביסה אינספרישיין סנו מקסימה 4 ליטר,סנו מקסימה,,מרכך כביסה SOFT SILK,ליטרים,0.00,ליטר,false,1,17.90,17.90,true,1,
7290108351552,false,"סנו - ג'ט לניקוי כללי בתוספת חומץ בניחוח לבנדר 750 מ""ל","סנו מפעלי ברונוס בע""\מ",,מרסס סנו גט +תוספת ח,מיליליטרים,750.00,"100 מ""ל",false,1,18.80,2.51,true,1,
7290108351569,false,מבשם ומרכך למייבש כביסה Baby לתינוקות ולעור רגיש,"סנו מפעלי ברונוס בע""\מ",,מבשם ומרכך כביסה למי,מיליליטרים,750.00,"100 מ""ל",false,1,22.50,3.00,true,1,
7290108351583,false,"סנו - ג'ט פלוס חומץ ג'ל לניקוי אסלות לבנדר 750 מ""ל",טרופיקל דגיל תעשיות,,נוזל לאסלה סנו גט+חו,מיליליטרים,750.00,"100 מ""ל",false,1,14.20,1.89,true,1,
7290108351613,false,סנו ריצפז פרש הום 2 ליטר בניחוח מלון חלומי,"סנו מפעלי ברונוס בע""\מ",,סנו ריצפז פרש הום בנ,ליטרים,0.00,ליטר,false,1,14.90,14.90,true,1,
7290108351699,false,סנו - ג'ט מטליות לחות לניקוי כללי בתוספת חומץ לבנדר שלישיה,סנו מפעלי ברונוס על,IL,מגבוני ניקוי סנו גט+,Unknown,0.00,Unknown,false,1,17.90,17.90,true,1,
7290108351705,false,פניני בישום 275 גרם מקסימה,inc prodacts smart value,IL,פניני בישום fresh l,גרמים,275.00,100 גרם,false,1,25.90,9.42,true,1,
7290108351712,false,מקסימה פניני בישום לכביסה לובלי 275 גרם,inc prodacts smart value,IL,פניני בישום lovely,גרמים,275.00,100 גרם,false,1,25.90,9.42,true,1,
7290108351781,false,ג'ל לניקוי אסלות + חומץ ומלח לימון בריח הדרים,"סנו מפעלי ברונוס בע""",IL,נוזל ניקוי אסלות סנו,מיליליטרים,750.00,"100 מ""ל",false,1,14.20,1.89,true,1,
7290108351804,false,מרכך כביסה סופר מרוכז Gentl Breeze סנו מקסימה 1 ליטר,מיוצר עי קונדיטוריית,IL,מר.כביסה סנומקסימה מ,ליטרים,0.00,ליטר,false,1,13.90,13.90,true,1,
7290108351811,false,מרכך כביסה סופר מרוכז Floral touch סנו מקסימה 1 ליטר,מיוצר עי קונדיטוריית,IL,מר.כביסה סנומקסימה מ,ליטרים,0.00,ליטר,false,1,13.90,13.90,true,1,
7290108351835,false,מרכך כביסה Pure Sensation סנו מקסימה 4 ליטר,מיוצר עי קונדיטוריית,IL,מרכך כביסה סנו מקסימ,ליטרים,0.00,ליטר,false,1,17.90,17.90,true,1,
7290108351866,false,"סנו מקסימה בושם מרוכז לכביסה FOREVER בורדו 600 מ""ל",סנו מקסימה,IL,בושם מרוכז לכביסה סנ,מיליליטרים,600.00,"100 מ""ל",false,1,22.90,3.82,true,1,
7290108351927,false,סנו ספארק טבליות למדיח 70 יחידות,גרופה אינקו,IL,טבליות למדיח ספארק 7,Unknown,0.00,Unknown,false,1,46.90,46.90,true,1,
7290108352078,false,"שטיפת פה protective salt אורביטול 500 מ""ל",טרופיקל דגיל תעשיות,IL,מי פה אורביטול בתוספ,מיליליטרים,500.00,"100 מ""ל",false,1,27.90,5.58,true,1,
7290108352207,false,מקסימה 40 קפסולות לכביסה בניחוח fresh burst,"גליל כימיקלים, א.ת. צפונ",IL,קפסולות לכביסה סנו מ,יחידה,1.00,יחידה,false,1,39.90,39.90,true,1,
7290108352214,false,סנו - מקסימה קפסולות כביסה בניחוח בריזה מרעננת 40 יח',טרופיקל דגיל תעשיות,IL,קפסולות לכביסה סנו מ,Unknown,0.00,Unknown,false,1,39.90,39.90,true,1,
7290108352269,false,סנו מטליות לחיטוי ולניקוי בדלי 400 יחידו,החברה הדרומית,IL,מגבונים בדלי סנו 99.,יחידה,1.00,יחידה,false,1,29.90,29.90,true,1,
7290108352290,false,שלישיית מטליות לחיטוי ולניקוי יסודי לחדר האמבטיה סדרת 99.9%,מיוצר עי קונדיטוריית,IL,מטליות לחות לאמבטיה,Unknown,0.00,Unknown,false,1,25.90,25.90,true,1,
7290108352368,false,תוסף לחיטוי כביסה 99.9% סנו מקסימה 3 ל',סנו,IL,תוסף לחיטוי הכביסה 9,ליטרים,0.00,ליטר,false,1,32.90,32.90,true,1,
7290108352399,false,ריצפז פרש הום בניחוח מרכך כביסה פלורל טאצ',"סנו מפעלי ברונוס בע""\מ",IL,נוזל רצפות ריצפז פרש,ליטרים,0.00,ליטר,false,1,14.90,14.90,true,1,
7290108352443,false,סנובון מוצק לניקוי אסלה כחול סנו 3 יחידות,סנו מפעלי ברונוס בעמ,IL,סנובון מוצק בניחוח ל,יחידה,1.00,יחידה,false,1,16.90,16.90,true,1,
7290108352450,false,ריצפז פרש הום בניחוח מרכך כביסה בלו בלוסום,סנו מפעלי ברונוס בעמ,IL,נוזל רצפות ריצפז פרש,ליטרים,0.00,ליטר,false,1,14.90,14.90,true,1,
7290108352535,false,סנו - מקסימה דפי בישום לחים למייבש הכביסה בניחוח מרכך כביסה,טרופיגל דגיל תעשיות קוסמ,IL,מקסימה דפי בישום למי,Unknown,0.00,Unknown,false,1,14.60,14.60,true,1,
7290108352566,false,מרכך כביסה בבישום עוצמתי 4 ל' סנו מקסינה,"סנו מפעלי ברונוס בע""\מ",,JOY סנו מקסימה מרכך,ליטרים,0.00,ליטר,false,1,17.90,17.90,true,1,
7290108352573,false,מרכך כביסה סנו מקסימה בבישום עוצמתי 4 ליטר,"סנו מפעלי ברונוס בע""\מ",,סנו מקסימה מרכך כביס,ליטרים,0.00,ליטר,false,1,17.90,17.90,true,1,
7290108352597,false,דלי מגבונים לניקוי כללי סנו 400 יחידות,סנו,,מגבונים לחים לניקוי,Unknown,0.00,Unknown,false,1,35.50,35.50,true,1,
7290108352641,false,סנו סושי מטלית הפלא לניקוי כללי במארז שלישייה,סנו מפעלי ברונוס.,,מטלית הפלא לניקוי כל,Unknown,0.00,Unknown,false,1,16.70,16.70,true,1,
7290108352672,false,צמד מטליות הפלא לרצפה מיקרפייבר סנו סושי,סנו מפעלי ברונוס.,,מטלית הפלא לרצפה סנו,Unknown,0.00,Unknown,false,1,21.50,21.50,true,1,
7290108352689,false,כריות קרצוף ללכלוך קשה סנו סושי 9 יחידות,טרופיקל דגיל תעשיות,,סקוטש ברייט סנו סושי,Unknown,0.00,Unknown,false,1,11.90,11.90,true,1,
7290108352702,false,סנו סופט שלישיית מגבוני טואלט נשטפים בוב ספוג 48 יחידות,סנו סופט Soft,,מגבוני טואלט לחים נש,Unknown,0.00,Unknown,false,1,17.70,17.70,true,1,
7290108352788,false,סנו סושי שקיות זיפר לאוכל L 20 יחידות,פיין ונטג,,שקיות סנו סושי L זיפ,Unknown,0.00,Unknown,false,1,14.60,14.60,true,1,
7290108352795,false,סנו סושי שקיות M זיפר 50 יחידות,פיין ונטג,,שקיות סנו סושי M זיפ,Unknown,0.00,Unknown,false,1,14.60,14.60,true,1,
7290108352801,false,"שקיות אשפה לפחים קטנים 45 * 56 ס""מ סנו סושי 100 יחידות","סנו מפעלי ברונוס בע""מ",,שקיות אשפה סנו סושי,Unknown,0.00,Unknown,false,1,18.90,18.90,true,1,
7290108352825,false,ספוג הפלא נירוסטה סנו סושי 3יח',ltdn s.k.a.tסנו מפעלי בר,,ספוג הפלא נירוסטה סנ,Unknown,0.00,Unknown,false,1,12.80,12.80,true,1,
7290108352849,false,שלישיית מטליות הפלא לניקוי כללי דקור סנו סושי,טרופיקל דגיל תעשיות,IL,מטלית הפלא לניקוי דק,יחידה,1.00,יחידה,false,1,16.70,16.70,true,1,
7290108352870,false,סנו סושי שקיות צלייה 10יח' מידה XL,סנו מפעלי ברונוס בעמ . ח,IL,שקיות צלייה סנו סושי,Unknown,0.00,Unknown,false,1,9.50,9.50,true,1,
7290108352887,false,"זוג מפות שולחן עשויות מבד בלתי ארוג 180*120 ס""מ",מיוצר עי קונדיטוריית,IL,מפות שולחן סנו סושי,Unknown,0.00,Unknown,false,1,10.50,10.50,true,1,
7290108353006,false,סנו סושי - שקיות אוכל נקשרות 250 יחידות XL,מיוצר עי קונדיטוריית,IL,שקיות אוכל סנו סושי,יחידה,1.00,יחידה,false,1,13.90,13.90,true,1,
7290108353044,false,תב.אפייה מנייר סנו סושי מאפינס גדול 24 י,מיוצר עי קונדיטוריית,IL,תב.אפייה מנייר סנו ס,Unknown,0.00,Unknown,false,1,16.20,16.20,true,1,
7290108353440,false,אורביטול מברשות שיניים נאנו לחניכיים 2יח,החברה הדרומית,IL,צמד מברשת שיניים 120,יחידה,1.00,יחידה,false,1,33.50,33.50,true,1,
7290108353471,false,סנובון מוצק לאסלה DESIGN בניחוח ספא,סנו מפעלי ברונוס בעמ,IL,סבון מוצק סנובון DES,Unknown,0.00,Unknown,false,1,8.90,8.90,true,1,
7290108353495,false,אורביטול - חוט דנטאלי 50 מטר בתוספת שעווה ופלואוריד,אורביטול,IL,אורביטול חוט דנטלי 5,יחידה,1.00,יחידה,false,1,11.90,11.90,true,1,
7290108353501,false,"שקיות אשפה ענקיות עם ידיות ענקיות 75*90 ס""מ סנו סושי 25 יחידות",טרופיקל דגיל תעשיות,IL,שקיות אשפה סנו סושי,Unknown,0.00,Unknown,false,1,20.00,20.00,true,1,
7290108353532,false,"שקיות אשפה חזקות עם שרוך לארג' 54 * 65 ס""מ סנו סושי 100 יחידות",סנו סושי,IL,שקיות אשפה סנו סושי,Unknown,0.00,Unknown,false,1,29.90,29.90,true,1,
7290108353549,false,נייר אפייה סנו סושי 100 יח,"טופ פלסט 2002 בע""\מ",IL,נייר אפייה סנו סושי,Unknown,0.00,Unknown,false,1,19.90,19.90,true,1,
7290108353648,false,סנו סושי - שקיות אוכל מנייר 70 יחידות,איי טיי אריזות טורקיה,IL,שקיות אוכל מנייר סנו,יחידה,1.00,יחידה,false,1,13.50,13.50,true,1,
7290108353655,false,"סנו סושי - 50 מפיות אירוח איכותיות גדולות ועבות 3 שכבות לבנות """,האנק טישו,IL,מפיות סנו סושי גדולו,Unknown,0.00,Unknown,false,1,13.10,13.10,true,1,
7290108353662,false,"סנו סושי מפת שולחן מוטבעת 120*270 ס""מ",שואוגאנג,,XL סושי מפת שולחן מו,יחידה,1.00,יחידה,false,1,8.90,8.90,true,1,
7290108353686,false,מטלית חלומית לרצפה סנו סושי 1 יחידה,נינגבו סנבנג,IL,סושי מטלית לרצפה חלו,Unknown,0.00,Unknown,false,1,10.90,10.90,true,1,
7290108353709,false,סושי כפפות ניטריל שחורות 80 יחידות S,סנו סושי,,שחורות כפפות סנו סוש,Unknown,0.00,Unknown,false,1,29.90,29.90,true,1,
7290108353723,false,"קרמה - תחליב רחצה חימר תה ירוק 500 מ""ל","קוסמופארם בע""\מn\",IL,קרמה תחליב רחצה חימר,Unknown,0.00,Unknown,false,1,12.90,12.90,true,1,
7290108353778,false,"נקה 7 - תחליב רחצה שוודיה בניחוח פיטנגו 750 מ""ל","אמיליה קוסמטיקס בע""מ",,תחליב רחצה נקה 7 שוו,מיליליטרים,750.00,"100 מ""ל",false,1,14.50,1.93,true,1,
7290108353785,false,תחליב רחצה נקה 7 מרוקו בניחוח טונקה 750,"אמיליה קוסמטיקס בע""מ",IL,תחליב רחצה נקה 7 מרו,מיליליטרים,750.00,"100 מ""ל",false,1,14.50,1.93,true,1,
7290108353792,false,"נקה 7 - תחליב רחצה יפן בניחוח פריחת הדובדבן 750 מ""ל","אמיליה קוסמטיקס בע""מ",,תחליב רחצה נקה 7 יפן,מיליליטרים,750.00,"100 מ""ל",false,1,14.50,1.93,true,1,
7290108353808,false,"תחליב רחצה מדגסקר נקה 7 בניחוח אמבר 750 מ""ל","אמיליה קוסמטיקס בע""מ",,תחליב רחצה נקה 7 מדג,מיליליטרים,750.00,"100 מ""ל",false,1,14.50,1.93,true,1,
7290108353839,false,סושי כפפות ניטריל שחורות 80 יחידות M,סנו סושי,,שחורות כפפות סנו סוש,Unknown,0.00,Unknown,false,1,29.90,29.90,true,1,
7290108354034,false,"סבון ידיים קרמה חמאת שיאה וקוקוי 300 מ""ל",טרופיקל דגיל תעשיות,IL,סבון ידיים קרמה חמאת,מיליליטרים,300.00,"100 מ""ל",false,1,12.50,4.17,true,1,
7290108354164,false,"כיף שלישיית אל סבון קטיפתי מועשר בשמנים 3*500 מ""ל",טרופיקל דגיל תעשיות,IL,אל סבון כיף שמן קטיפ,ליטרים,0.00,ליטר,false,1,22.90,22.90,true,1,
7290108354263,false,אורביטול גוניור משחת שיניים חד קרן 70גרם,טרופיקל דגיל תעשיות קוסמ,IL,משחת שיניים אורביטול,גרמים,70.00,100 גרם,false,1,9.90,14.14,true,1,
7290108354270,false,מרכך כביסה מרוכז בבישום עוצמתי 1 ל' סנו מקסימה,מיוצר עי קונדיטוריית,,CALMמרכך כביסה מקסימ,מיליליטרים,1000.00,"100 מ""ל",false,1,17.90,1.79,true,1,
7290108354430,false,"שמפו כיף לשיקום והזנה שמן קוקוס וקרטין 700 מ""ל",קוסמופארם בעמ,IL,שמפו כיף לשיקום והזנ,מיליליטרים,700.00,"100 מ""ל",false,1,12.90,1.84,true,1,
7290108354591,false,"תחליב רחצה בניחוח מי קקטוס ושמן באבאסו 750 מ""ל נקה 7","אמיליה קוסמטיקס בע""מ",,נקה ביו תחליב רחצה,מיליליטרים,750.00,"100 מ""ל",false,1,14.50,1.93,true,1,
7290108354621,false,"מסיכה לשיער לחות מוגברת עם אפרסק וחמאת מורומורו 500 מ""ל כיף",סנו,IL,כיף מסיכה לשיער לחות,יחידה,1.00,יחידה,false,1,27.90,27.90,true,1,
7290108354751,false,"סנו - ג'ט מרסס לניקוי כללי בתוספת אבקת סודה 750 מ""ל","סנו מפעלי ברונוס בע""\מ",IL,מרסס סנו גט בתוספת ס,מיליליטרים,750.00,"100 מ""ל",false,1,18.80,2.51,true,1,
7290108354911,false,"שמפו, ג'ל רחצה וגילוח מועשר בתמצית אלוורה",טרופיקל דגיל תעשיות,IL,שמפו וגל רחצה קרמה מ,מיליליטרים,700.00,"100 מ""ל",false,1,20.90,2.99,true,1,
7290108355000,false,"שמפו מיניונים לילדים נקה 7 750 מ""ל",אמיליה קוסמטיקס,,נקה 7 שמפו לילדים מי,מיליליטרים,750.00,"100 מ""ל",false,1,13.20,1.76,true,1,
7290108355024,false,"נקה 7 שמפו ומרכך לילדים מיניונים 750 מ""ל",קוסמופארם בע'\'\מ,,נקה 7 שמפו+מרכך לילד,מיליליטרים,750.00,"100 מ""ל",false,1,13.20,1.76,true,1,
7290108355147,false,"תחליב רחצה שמני הזנה נקה 7 750 מ""ל",טרופיקל דגיל תעשיות קוסמ,,תחליב שמני הזנה נקה,מיליליטרים,750.00,"100 מ""ל",false,1,14.50,1.93,true,1,
7290108355802,false,"תחליב רחצה קרמה ורד ווניל 700 מ""ל",גוד פוד פרודקטס S.p,IL,תחליב רחצה קרמה ורד,מיליליטרים,700.00,"100 מ""ל",false,1,19.90,2.84,true,1,
7290108356106,false,כיף תחליב רחצה חלב שקדים 700 מל,החברה הדרומית,IL,תחליב רחצה כיף שקד 7,מיליליטרים,700.00,"100 מ""ל",false,1,13.50,1.93,true,1,
7290108356113,false,"כיף תחליב רחצה דבש 700 מ""ל-מרכז",קוסמופארם בעמ,IL,תחליב רחצה כיף דבש 7,מיליליטרים,700.00,"100 מ""ל",false,1,13.50,1.93,true,1,
7290108356120,false,"תחליב רחצה כיף קוקוס וניל 700 מ""ל",קוסמופארם,IL,תחליב רחצה כיף קוקוס,מיליליטרים,700.00,"100 מ""ל",false,1,13.50,1.93,true,1,
7290108356137,false,"כיף - תחליב רחצה לבנדר 700 מ""ל",קוסמופארם,IL,תחליב רחצה כיף לבנדר,מיליליטרים,700.00,"100 מ""ל",false,1,13.50,1.93,true,1,
7290108356151,false,"תחליב רחצה כיף מאסק יסמין 700 מ""ל",גוד פוד פרודקטס S.p,IL,תחליב רחצה כיף מאסק,מיליליטרים,700.00,"100 מ""ל",false,1,13.50,1.93,true,1,
7290108356168,false,"כיף - תחליב רחצה אוקיינוס 700 מ""ל",גוד פוד פרודקטס S.p,IL,תחליב רחצה כיף אוקיי,מיליליטרים,700.00,"100 מ""ל",false,1,13.50,1.93,true,1,
7290108356199,false,אל סבון כיף בניחוח אפרסק ופלפל שחור 1 ל,טרופיקל דגיל תעשיות,IL,אל סבון כיף בניחוח א,ליטרים,0.00,ליטר,false,1,15.20,15.20,true,1,
7290108356229,false,ג'ל גילוח לכל סוגי העור מועשר בפחם פעיל,טרופיקל דגיל תעשיות,IL,גל גילוח קרמה קרבון,מיליליטרים,200.00,"100 מ""ל",false,1,13.50,6.75,true,1,
7290108356274,false,"כיף - מוס רחצה בניחוח תותים ושמנת 150 מ""ל",החברה הדרומית,IL,מוס רחצה כיף בניחוח,יחידה,1.00,יחידה,false,1,12.90,12.90,true,1,
7290108356489,false,"כיף - תחליב רחצה אפרסק וחמאת מורומורו 700 מ""ל",קוסמופארם בעמ,IL,תחליב רחצה כיף אפרסק,מיליליטרים,700.00,"100 מ""ל",false,1,13.50,1.93,true,1,
7290108356519,false,קרליין שמפו 10למניעת קשקשים 700מל,"קוסמופארם בע""\מ",IL,קרוליין 10 שמפו לשיע,יחידה,1.00,יחידה,false,1,14.90,14.90,true,1,
7290108356854,false,מגבוני בייבי כיף בניוח עדין מארז חמישייה,קוסמופארם בעמ,,מגבונים בייבי כיף חמ,Unknown,0.00,Unknown,false,1,21.90,21.90,true,1,
7290108356861,false,מגבוני בייבי כיף ללא בישום מארז חמישייה,קוסמופארם בעמ,,מגבונים בייבי כיף חמ,Unknown,0.00,Unknown,false,1,21.90,21.90,true,1,
7290108357004,false,כיף שמפו ורד ושמן קוקוי לרכות וברק,טרופיקל דגיל תעשיות,IL,שמפו כיף ורד ושמן קו,מיליליטרים,700.00,"100 מ""ל",false,1,12.90,1.84,true,1,
7290108357202,false,סנוקליר לניקוי בניחוח בלו בלוסום 1 ליטר,"סנו מפעלי ברונוס בע""\מ",IL,סנוקליר לניקוי בניחו,ליטרים,0.00,ליטר,false,1,10.40,10.40,true,1,
7290108357233,false,סנוקליר מטליות לחות לניקוי והברקה 50יח,"סנו מפעלי ברונוס בע""\מ",,סנו קליר מגבונים לחל,יחידה,1.00,יחידה,false,1,11.90,11.90,true,1,
7290108357288,false,אקונומיקה ז'אוול בניחוח פריחה לבנה 4 ל' סנו,סנו ז'אוול Javel,,סנו זאוול אקונומיקה,ליטרים,0.00,ליטר,false,1,16.90,16.90,true,1,
7290108357295,false,"מרסס אוקסיג'ן מסיר כתמים סנו לכביסה לבנה 750 מ""ל",החברה הדרומית,,סנו אוקסיגן מסיר כתמ,מיליליטרים,750.00,"100 מ""ל",false,1,17.90,2.39,true,1,
7290108357394,false,"תחליב רחצה קרמה חלב ודבש 700 מ""ל",קוסמופארם בע'\'\מ,,תחליב רחצה קרמה חלב,מיליליטרים,700.00,"100 מ""ל",false,1,19.90,2.84,true,1,
7290108357400,false,"תחליב רחצה קרמה לבנדר ואקליפטוס 700 מ""ל",קוסמופארם בעמ,IL,תחליב רחצה קרמה לבנד,מיליליטרים,700.00,"100 מ""ל",false,1,19.90,2.84,true,1,
7290108357424,false,"קרם גוף קרמה נרולי ומגנוליה 500 מ""ל",קוסמופארם בע'\'\מ,,קרם גוף קרמה נרולי ו,מיליליטרים,500.00,"100 מ""ל",false,1,26.50,5.30,true,1,
7290108357516,false,"קרמה - סבון ידיים וניל ופלפל ורוד 500 מ""ל",קרמה,IL,סבון ידיים קרמה וניל,מיליליטרים,500.00,"100 מ""ל",false,1,16.90,3.38,true,1,
7290108357653,false,סנובון ג'ל לאסלה שלישיה בניחוח אוקיינוס,סנו סנובון,,סנובון שלישיה בניחוח,Unknown,0.00,Unknown,false,1,16.90,16.90,true,1,
7290108357660,false,סנובון Bubbles שלישיית כדוריות ג'ל אסלה ניחוח לבנדר,סנו סנובון,,סנובון שלישיה בניחוח,Unknown,0.00,Unknown,false,1,16.90,16.90,true,1,
7290108358070,false,"תחליב רחצה קרמה קלאסי 700 מ""ל",גוד פוד פרודקטס S.p,,תחליב רחצה קרמה קלאס,מיליליטרים,700.00,"100 מ""ל",false,1,19.90,2.84,true,1,
7290108359039,false,שקיות אשפה עם ידיות סנו סושי לפחים 30 יחידות,סנאט גרופ,,שקיות אשפה סנו 30 יח,Unknown,0.00,Unknown,false,1,21.90,21.90,true,1,
7290108359084,false,סנו סושי כיסוי ניילון עם גומי 30 יחידות M,תאיזו ווילד,IL,סושי כיסוי עם גומי מ,Unknown,0.00,Unknown,false,1,11.90,11.90,true,1,
7290108359091,false,סנו סושי כיסוי ניילון עם גומי 30 יחידות L,תאיזו ווילד,IL,סושי כיסוי עם גומי ל,Unknown,0.00,Unknown,false,1,11.90,11.90,true,1,
7290108359114,false,סנו סושי – 10 חמגשית אלומיניום עם מכסה,סנו סושי,,סושי חמגשית + מכסה 1,יחידה,1.00,יחידה,false,1,11.90,11.90,true,1,
7290108359145,false,סנו סושי דפי ספוג הפלא12,קריות זול,,סושי דפי ספוג הפלא,Unknown,0.00,Unknown,false,1,14.20,14.20,true,1,
7290108359879,false,"אלסבון בייבי כיף+משאבה 750 מ""ל",קוסמופארם בעמ,IL,אלסבון בייבי כיף+משא,מיליליטרים,750.00,"100 מ""ל",false,1,19.90,2.65,true,1,
7290108501346,false,גבינה מגורדת גאודה 28% שומן EURO CHEESE ויליפוד 500 גרם,ג. וילי פוד אינטרנשיונל,,גבינה גאודה מגורדת 2,גרמים,500.00,100 גרם,false,1,24.90,4.98,true,1,
7290108502329,false,רביעיית טונה בשמן זית ויליפוד 4*160 גרם,גולדן פרייז קאנינג אל טי,TH,רביעית טונה בשמן זית,גרמים,640.00,100 גרם,false,1,28.50,4.45,true,1,
7290108502725,false,גבינת גאודה פרוסות ויליפוד 400 גרם,ג.וילי פוד אינטרנשיונל ב,IL,גבינת גאודה פרוסות 4,גרמים,400.00,100 גרם,false,1,19.90,4.98,true,1,
7290108503043,false,תפוחונים חטיף פלחים מיובשים מארז 22X4ג',הביי דונגפנג פוד קו. בעמ,CN,מארז תפוחונים 4 * 22,גרמים,88.00,100 גרם,false,0,14.90,16.93,true,1,
7290108503067,false,פרמז'נו משולש ויליפוד 150 גרם,וילי פוד,,פרמזנו משולש 150 גרם,גרמים,150.00,100 גרם,false,1,16.70,11.13,true,1,
7290108503692,false,פיצה מרגריטה ויליפוד 380 גרם,מוטלוקל גידה סאנאי טיקרט,IT,פיצה מרגריטה 380 גר,גרמים,380.00,100 גרם,false,1,15.90,4.18,true,1,
7290108503814,false,גבינה מותכת למריחה 200 גרם,לוטס,FI,גבינה מותכת ויאולה,גרמים,200.00,100 גרם,false,1,12.50,6.25,true,1,
7290108505375,false,גולדן צהובה פרוסה ויליפוד 400 גרם,,,צהובה פרוסה גולדן 4,גרמים,400.00,100 גרם,false,1,14.90,3.73,true,1,
7290108505689,false,גבינת גרנה פדנו מגורדת ויליפוד 100 גרם,זנאטי,IT,גבינת גרנה פדנו מגור,גרמים,100.00,100 גרם,false,1,11.40,11.40,true,1,
7290108505719,false,גבינת מוצרלה מגורדת EURO CHEESE ויליפוד 200 גרם,יורו צ'יז Euro Cheese,TR,גבינת קשקבל חצי קשה,גרמים,200.00,100 גרם,false,0,12.90,6.45,true,1,
7290108506488,false,סופלה שוקולד קפוא ויליפוד 200 גרם,ארמה גרופ,TR,סופלה שוקולד קפוא 20,גרמים,200.00,100 גרם,false,1,16.90,8.45,true,1,
7290108506495,false,"כנאפה מאפה בצק ""שערות"" קדאיף וגבינה",ארמה גרופ,TR,כנאפה קפוא 192.5 גרם,גרמים,193.00,100 גרם,false,1,16.70,8.65,true,1,
7290108506501,false,אצבעות בצק פילו ממולאות גבינה 500 ג' ויליפוד,סיהאן גידה,,אצבעות בצק פילו ממול,גרמים,500.00,100 גרם,false,1,17.90,3.58,true,1,
7290108506532,false,גליליות וופל במילוי קרם בטעם אגוזי לוז 400ג' ויליפוד,בן& אר.פי.סי,GR,גלילי וופל וקרם אגוז,גרמים,400.00,100 גרם,false,1,16.90,4.23,true,1,
7290108506549,false,גליליות וופל במילוי קרם וניל פינוקים 400 גרם,Unknown,GR,גלילי וופל עם קרם ונ,גרמים,400.00,100 גרם,false,1,16.90,4.23,true,1,
7290108506969,false,מאפה בורקס מים תורכי גבינה ויליפוד 300 גרם,וילי פוד,TR,בורקס מים תורכי 300,גרמים,300.00,100 גרם,false,1,18.80,6.27,true,1,
7290108507010,false,מאפה בורקס מים תורכי תרד וגבינה ויליפוד 300 גרם,וילי פוד,TR,בורקס מים תורכי תרד,גרמים,300.00,100 גרם,false,1,18.80,6.27,true,1,
7290108507065,false,גבינת פרמג'אנו רגיאנו מגורדת ויליפוד 100 גרם,זנאתי,IT,גבינת פרמגיאנו רגיאנ,גרמים,100.00,100 גרם,false,1,16.70,16.70,true,1,
7290108508499,false,"איירן משקה יוגורט בסגנון טורקי יורו 293 מ""ל",Euro יורו מחלבות אירופה,TR,איירן משקה יוגורט בס,מיליליטרים,293.00,"100 מ""ל",false,1,6.50,2.22,true,1,
7290108509052,false,מאפה פילו במילוי גבינת פטה ויליפוד 400 גרם,וילי פוד,GR,מאפה פילו ממולא גבינ,גרמים,400.00,100 גרם,false,1,20.90,5.23,true,1,
7290108509113,false,"גבינה בולגרית מעודנת 18% שומן 250 גרם חת""ס פ""ת",Euro יורו מחלבות אירופה,,גבינה בולגרית מעודנת,גרמים,250.00,100 גרם,false,1,12.90,5.16,true,1,
7290108509137,false,"גבינה בולגרית מעודנת 5% שומן 250 גרם חת""ס פ""ת",סוטאש,,גבינה בולגרית מעודנת,גרמים,250.00,100 גרם,false,1,12.90,5.16,true,1,
7290108509199,false,גבינת פטה 17% שומן יורו 500 ג',מבגל אס.איי,,גבינה פטה 17% שומן 5,גרמים,500.00,100 גרם,false,1,24.90,4.98,true,1,
7290108509793,false,גליליות וופל במילוי שוקולד מריר 400 גרם חלבי,בן& אר.פי.סי,GR,גלילי וופל במילוי שו,גרמים,400.00,100 גרם,false,1,16.90,4.23,true,1,
7290109351025,false,מלך החומוס חומוסטחינה 40% טחינה גולמית,סלטי צבר,,מלך חומוס חומוסטחינה,גרמים,400.00,100 גרם,false,1,16.70,4.18,true,1,
7290109353494,false,פסטה פרפקטו פארפאלה 500ג' אסם,אסם פרפקטו Perfecto,,פרפקטו פארפאלה 500,גרמים,500.00,100 גרם,false,1,7.90,1.58,true,1,
7290109354996,false,פתי בר ללא גלוטן שוקו 200 גרם אסם,מיוצר עי קונדיטוריית,,פתי בר ללא גלוטן שוק,גרמים,200.00,100 גרם,false,1,11.40,5.70,true,1,
7290109358284,false,"שניצל תירס עם חלבון 664 גר' ""טבעול""",עיצובים 2020 (4.8),,שניצל תירס עם חלבון,גרמים,664.00,100 גרם,false,1,36.50,5.50,true,1,
7290109580036,false,"שניצל תירס 1.25 ק""ג זוגלובק",,,"שניצל תירס 1.25 ק""ג",גרמים,1250.00,100 גרם,false,1,37.90,3.03,true,1,
7290109580050,false,נקניקיות צ'וריסוס וונדרס 0% בשר טבעוני ללא גלוטן,"וונדרס ע""י זוגלובק 2000",,נקניקיות צוריסוס,גרמים,226.00,100 גרם,false,1,36.50,16.15,true,1,
7290109580067,false,"טחון וונדרס 0% בשר , טבעוני","וונדרס ע""י זוגלובק 2000",,טחון wonders 340 גר,גרמים,340.00,100 גרם,false,1,36.50,10.74,true,1,
7290109580241,false,נאגטס מן הצומח זוגלובק 500 גרם,זוגלובק טבע,,נאגטס מן הצומח זוגלו,גרמים,500.00,100 גרם,false,1,29.90,5.98,true,1,
7290109580319,false,"בורגר וונדרס 0% בשר , טבעוני",זוגלובק וונדרס Wonders,,בורגר wonders 280 גר,גרמים,280.00,100 גרם,false,1,35.50,12.68,true,1,
7290109640198,false,מגורדת לפיצה ולאפיה 20% שומן 200 גרם - משומשו,וי גרדן,IL,מגורדת לפיצה ואפיה 2,גרמים,200.00,100 גרם,false,1,19.90,9.95,true,1,
7290109640204,false,גוש בסגנון חלומי 18% משומשו 250 גרם,ויגרדן,,גוש בסגנון חלומי 18%,גרמים,250.00,100 גרם,false,1,21.90,8.76,true,1,
7290109920313,false,"אסטוניש מרסס לניקוי חלונות 750 מ""ל",יעקבי- אסטוניש Astonish,,מרסס מבריק שמשות אסט,מיליליטרים,750.00,"100 מ""ל",false,1,19.80,2.64,true,1,
7290109920597,false,"אסטוניש - מרסס לניקוי המקלחון 750 מ""ל",יעקבי- אסטוניש Astonish,,מרסס למקלחון אסטוניש,מיליליטרים,750.00,"100 מ""ל",false,1,19.80,2.64,true,1,
7290109920665,false,"אסטוניש - מרסס מסיר אוכל שרוף במטבח 750 מ""ל",יעקבי- אסטוניש Astonish,,מרסס מסיר אוכל שרוף,מיליליטרים,750.00,"100 מ""ל",false,1,19.80,2.64,true,1,
7290109920849,false,"אסטוניש - מרסס לניקוי כללי בניחוח תפוז 750 מ""ל",יעקבי- אסטוניש Astonish,,מרסס תפוז לניקוי רב,מיליליטרים,750.00,"100 מ""ל",false,1,19.80,2.64,true,1,
7290109920917,false,"ג'ל לניקוי אסלה עם כלור הפי 750 מ""ל",וונדפוט,,הפי גל לאסלות עם כלו,מיליליטרים,750.00,"100 מ""ל",false,1,10.90,1.45,true,1,
7290109921723,false,"דורגול ג'ל לאסלה 750 מ""ל",יעקובי דורגול,,דורגול גל לאסלה 750,מיליליטרים,750.00,"100 מ""ל",false,1,19.90,2.65,true,1,
7290109921952,false,ג'ל כביסה סופרו אקטיב יעקובי ירוק 2.5 ליטר,וונדפוט,,גל כביסה סופר אקלור,ליטרים,0.00,ליטר,false,1,24.90,24.90,true,1,
7290109921969,false,ג'ל כביסה סופרו אקטיב יעקובי כחול 2.5 ליטר,וונדפוט,,גל כביסה צבע סופרו כ,ליטרים,0.00,ליטר,false,1,24.90,24.90,true,1,
7290109921976,false,ג'ל כביסה סופרו אקטיב יעקובי לבן 2.5 ליטר,וונדפוט,,גל כביסה תינוק סופר,ליטרים,0.00,ליטר,false,1,24.90,24.90,true,1,
7290109922911,false,דזיטול חיטוי נעליים מפטריות חיידקים וריחות 150מל,מרקה,,דזיטול חיטוי נעליים,Unknown,0.00,Unknown,false,1,19.90,19.90,true,1,
7290109923024,false,"אסטוניש מרסס פרימיום ארומטיק למטבח 750 מ""ל",יעקובי אסטוניש,,אסטוניש מרסס פרמיום,יחידה,1.00,יחידה,false,1,15.90,15.90,true,1,
7290109923093,false,"אסטוניש - קרם כיריים הלוגן ומיקרו 500 מ""ל",יעקובי אסטוניש,IL,אסטוניש קרם כיריים ה,Unknown,1.00,Unknown,false,1,14.90,14.90,true,1,
7290109923147,false,אסטוניש מהדורה פרימיום פלא של אקונומיקה,יעקבי- אסטוניש Astonish,IL,אסטוניש מהדורה פרימי,Unknown,1.00,Unknown,false,1,14.90,14.90,true,1,
7290110110277,false,"סומרסבי סיידר תפוחים אלכוהולי 4*300 מ""ל","קרלסברג קרואטיה , יב",,סומרסבי סיידר תפוחים,מיליליטרים,1320.00,"100 מ""ל",false,1,29.90,2.27,true,1,
7290110110369,false,"שישייה בירה קרלסברג LUMA בקבוק 330 מ""ל",מבשלות בירה בינלאומיות ב,IL,שישיית בירה קרלסברג,מיליליטרים,1980.00,"100 מ""ל",false,1,34.90,1.76,true,1,
7290110110574,false,"פחיות קוקה קולה זירו לימון 330 מ""ל",החברה המרכזית לייצור משק,,סליק קולה ZERO לימון,מיליליטרים,330.00,"100 מ""ל",false,1,5.40,1.64,true,1,
7290110110703,false,מארז ספרייט שישייה פחיות FRIDGE PACK,החברה המרכזית לייצור משק,,מארז ספרייט חדש 6*33,ליטרים,0.00,ליטר,false,1,22.30,22.30,true,1,
7290110111809,false,"מארז פחיות פאנטה אורנג' שישייה 330 מ""ל",החברה המרכזית לייצור משק,,שישיית פאנטה אורנג,ליטרים,0.00,ליטר,false,1,22.30,22.30,true,1,
7290110113384,false,קוקה קולה זירו מארז רביעיה 1X4 ליטר,החברה המרכזית לייצור משק,IL,מארז רביעיות קוקה קו,מיליליטרים,4000.00,"100 מ""ל",false,1,27.60,0.69,true,1,
7290110113605,false,בירה שקמה אי פי איי,מבשלות בירה בינלאומי,,"בירה שקמה 330 מ""ל",מיליליטרים,330.00,"100 מ""ל",false,1,12.90,3.91,true,1,
7290110114787,false,נביעות+ מים מינרליים בטעם תפוח 1.5 ליטר,נביעות טבע הגליל בעמ,IL,מים נביעות בטעם תפו,ליטרים,0.00,ליטר,false,1,9.10,9.10,true,1,
7290110114794,false,נביעות+ מים מינרליים בטעם אפרסק 1.5 ליטר,"נביעות טבע הגליל בע""\מ ,",IL,מים נביעות 1.5 ליטר,ליטרים,0.00,ליטר,false,1,9.10,9.10,true,1,
7290110114800,false,נביעות+ מים מינרליים בטעם ענבים 1.5 ליטר,פארייפאבה אגרואינדוס,IL,מים נביעות בטעם ענבי,ליטרים,0.00,ליטר,false,1,9.10,9.10,true,1,
7290110114855,false,"נביעות מים מינרליים, שישיה 6 * 1.5 ליטר פקדון",נביעות טבע הגליל בעמ,IL,שישיית מים נביעות,ליטרים,0.01,ליטר,false,1,12.70,1270.00,true,1,
7290110114893,false,פריגת סחוט טרי תפוז 2 ליטר,היינץ צפון אמריקה מק,,פריגת סחוט טרי תפוז,ליטרים,0.00,ליטר,false,1,28.30,28.30,true,1,
7290110114961,false,משקה קל תפוזים פריגת 1.5 ליטר,מבשלות בירה בינלאומיות ב,IL,פריגת תפוזים 1.5 ליט,ליטרים,0.00,ליטר,false,1,8.90,8.90,true,1,
7290110114985,false,משקה קל אשכוליות פריגת 1.5 ליטר,מבשלות בירה בינלאומיות ב,IL,פריגת אשכוליות 1.5 ל,ליטרים,0.00,ליטר,false,1,8.90,8.90,true,1,
7290110114992,false,משקה קל לייט אשכוליות פריגת 1.5 ליטר,מבשלות בירה בינלאומיות ב,IL,פריגת דיאט אשכוליות,ליטרים,0.00,ליטר,false,1,8.90,8.90,true,1,
7290110115005,false,משקה קל ענבים פריגת 1.5 ליטר,מבשלות בירה בינלאומיות ב,IL,פריגת ענבים 1.5 ליטר,ליטרים,0.00,ליטר,false,1,8.90,8.90,true,1,
7290110115036,false,משקה קל מנגו פריגת 1.5 ליטר,מבשלות בירה בינלאומיות ב,IL,פריגת מנגו 1.5 ליטר,ליטרים,0.00,ליטר,false,1,8.90,8.90,true,1,
7290110115043,false,משקה קל לימונענע פריגת 1.5 ליטר,מבשלות בירה בינלאומיות ב,IL,פריגת לימונענע 1.5 ל,ליטרים,0.00,ליטר,false,1,8.90,8.90,true,1,
7290110115050,false,פריגת מיקס תות בננה 1.5 ליטר פיקדון,מבשלות בירה בינלאומיות ב,IL,פריגת מיקס תות בננה,ליטרים,0.00,ליטר,false,1,8.90,8.90,true,1,
7290110115081,false,פריגת צלול ענבים 1.5 ליטר פיקדון,"מבשלות בירה לישראל בע""\מ",IL,פריגת צלול ענבים 1.5,ליטרים,0.00,ליטר,false,1,8.70,8.70,true,1,
7290110115104,false,פריגת צלול אפרסק 1.5 ליטר פיקדון,מבשלות בירה בינלאומיות ב,IL,פריגת צלול אפרסק 1.5,ליטרים,0.00,ליטר,false,1,8.70,8.70,true,1,
7290110115111,false,פריגת צלול אננס 1.5 ליטר פיקדון,"מבשלות בירה לישראל בע""\מ",IL,פריגת צלול אננס 1.5,ליטרים,0.00,ליטר,false,1,8.70,8.70,true,1,
7290110115128,false,פריגת צלול בטעם לימונענע 1.5 ליטר פיקדון,"מבשלות בירה לישראל בע""\מ",IL,פריגת צלול לימונענע,ליטרים,0.00,ליטר,false,1,8.70,8.70,true,1,
7290110115203,false,קוקה קולה 1.5 ליטר פיקדון,החברה המרכזית לייצור משק,IL,קוקה קולה 1.5 ליטר,ליטרים,0.00,ליטר,false,1,8.90,8.90,true,1,
7290110115234,false,קוקה-קולה זירו נטול בקבוק 1.5 ליטר,החברה המרכזית לייצור משק,IL,קולה ZERO נטול 1.5 ל,ליטרים,0.00,ליטר,false,1,8.50,8.50,true,1,
7290110115241,false,קוקה-קולה זירו לימון בקבוק 1.5 ליטר,החברה המרכזית לייצור משק,IL,קולה ZERO לימון 1.5,ליטרים,0.00,ליטר,false,1,8.50,8.50,true,1,
7290110115265,false,ספרייט לימון ליים 1.5 ליטר-,החברה המרכזית לייצור משק,IL,ספרייט לימון- ליים 1,ליטרים,0.00,ליטר,false,1,8.90,8.90,true,1,
7290110115296,false,משקה מוגז אורנג' פאנטה 1.5 ליטר,החברה המרכזית לייצור משק,IL,פאנטה אורנג 1.5 ליטר,ליטרים,0.00,ליטר,false,1,8.90,8.90,true,1,
7290110115302,false,משקה מוגז אורנג' זירו פאנטה 1.5 ליטר,החברה המרכזית לייצור משק,IL,פאנטה ZERO אורנג 1.5,ליטרים,0.00,ליטר,false,1,8.90,8.90,true,1,
7290110115319,false,פאנטה אקזוטיק 1.5 ליטר פיקדון,החברה המרכזית לייצור משק,IL,פאנטה אקזוטיק 1.5 לי,ליטרים,0.00,ליטר,false,1,8.90,8.90,true,1,
7290110115340,false,פאנטה ענבים 1.5 ליטר פיקדון,החברה המרכזית לייצור משק,IL,פאנטה ענבים 1.5 ליטר,ליטרים,0.00,ליטר,false,1,8.90,8.90,true,1,
7290110115364,false,שישייה קוקה קולה 1.5 ליטר פיקדון,החברה המרכזית לייצור משק,IL,קוקה קולה שישייה 1.5,ליטרים,0.01,ליטר,false,1,49.90,4990.00,true,1,
7290110115371,false,דיאט קוקה קולה שישיות 1.5 ליטר פיקדון,החברה המרכזית לייצור משק,IL,קוקה קולה דיאט שישיי,ליטרים,0.01,ליטר,false,1,46.90,4690.00,true,1,
7290110115395,false,ZERO ספרייט שישיות 1.5 ליטר פיקדון,החברה המרכזית לייצור משק,IL,ספרייט ZERO שישייה 1,ליטרים,0.01,ליטר,false,1,46.90,4690.00,true,1,
7290110115401,false,קינלי סודה שישייה 1.5 ליטר פיקדון,החברה המרכזית לייצור משק,IL,קינלי סודה שישייה 1,ליטרים,0.01,ליטר,false,1,15.70,1570.00,true,1,
7290110115418,false,מארז שישייה קוקה קולה זירו 1.5 ל',החברה המרכזית לייצור משק,IL,קוקה קולה דיאט ZERO,ליטרים,0.01,ליטר,false,1,46.90,4690.00,true,1,
7290110115456,false,"תה קר בטעם אפרסק 19 קלוריות ב- 100 מ""ל",מבשלות בירה בינלאומיות ב,IL,תה פיוז אפרסק 90 קל,ליטרים,0.00,ליטר,false,1,9.00,9.00,true,1,
7290110115463,false,פיוז טי אפרסק 1.5 ליטר פיקדון,מבשלות בירה בינלאומיות ב,IL,תה פיוז אפרסק 1.5 לי,ליטרים,0.00,ליטר,false,1,9.00,9.00,true,1,
7290110115487,false,FUZE TEA רביעיות אפרסק 1.5 ליטר פיקדון,מבשלות בירה בינלאומיות ב,IL,רביעייה תה פיוז אפרס,ליטרים,0.00,ליטר,false,1,32.90,32.90,true,1,
7290110115494,false,תה קר בטעם ענבים פיוז טי 1.5 ליטר,מבשלות בירה בינלאומית בע,IL,תה פיוז ענבים 1.5 לי,ליטרים,0.00,ליטר,false,1,9.00,9.00,true,1,
=======
7290108351552,false,"סנו - ג'ט לניקוי כללי בתוספת חומץ בניחוח לבנדר 750 מ""ל",החברה הדרומית לשיווק בעמ,,מרסס סנו גט +תוספת ח,מיליליטרים,750.00,"100 מ""ל",false,1,18.80,2.51,true,1,
7290108351569,false,מבשם ומרכך למייבש כביסה Baby לתינוקות ולעור רגיש,החברה הדרומית לשיווק בעמ,,מבשם ומרכך כביסה למי,מיליליטרים,750.00,"100 מ""ל",false,1,22.50,3.00,true,1,
7290108351583,false,"סנו - ג'ט פלוס חומץ ג'ל לניקוי אסלות לבנדר 750 מ""ל",החברה הדרומית לשיווק בעמ,,נוזל לאסלה סנו גט+חו,מיליליטרים,750.00,"100 מ""ל",false,1,14.20,1.89,true,1,
7290108351613,false,סנו ריצפז פרש הום 2 ליטר בניחוח מלון חלומי,החברה הדרומית לשיווק בעמ,,סנו ריצפז פרש הום בנ,ליטרים,0.00,ליטר,false,1,14.90,14.90,true,1,
7290108351668,false,מטליות לחות לניקוי כללי בתוספת חומץ בניחוח לבנדר,טרופיקל דיגל- תעשיות,,מטליות לניקוי כללי,Unknown,0.00,Unknown,false,1,12.50,12.50,true,1,
7290108351699,false,סנו - ג'ט מטליות לחות לניקוי כללי בתוספת חומץ לבנדר שלישיה,החברה הדרומית לשיווק בעמ,IL,מגבוני ניקוי סנו גט+,Unknown,0.00,Unknown,false,1,17.90,17.90,true,1,
7290108351705,false,פניני בישום לכביסה275 גר` fresh linen,החברה הדרומית לשיווק בעמ,IL,פניני בישום fresh l,גרמים,275.00,100 גרם,false,1,25.90,9.42,true,1,
7290108351712,false,מקסימה פניני בישום לכביסה לובלי 275 גרם,החברה הדרומית לשיווק בעמ,IL,פניני בישום lovely,גרמים,275.00,100 גרם,false,1,25.90,9.42,true,1,
7290108351781,false,ג'ל לניקוי אסלות + חומץ ומלח לימון בריח הדרים,החברה הדרומית לשיווק בעמ,IL,נוזל ניקוי אסלות סנו,מיליליטרים,750.00,"100 מ""ל",false,1,14.20,1.89,true,1,
7290108351804,false,מרכך כביסה סופר מרוכז Gentl Breeze סנו מקסימה 1 ליטר,החברה הדרומית לשיווק בעמ,IL,מר.כביסה סנומקסימה מ,ליטרים,0.00,ליטר,false,1,13.90,13.90,true,1,
7290108351811,false,מרכך כביסה סופר מרוכז Floral touch סנו מקסימה 1 ליטר,החברה הדרומית לשיווק בעמ,IL,מר.כביסה סנומקסימה מ,ליטרים,0.00,ליטר,false,1,13.90,13.90,true,1,
7290108351835,false,מרכך כביסה Pure Sensation סנו מקסימה 4 ליטר,החברה הדרומית לשיווק בעמ,IL,מרכך כביסה סנו מקסימ,ליטרים,0.00,ליטר,false,1,17.90,17.90,true,1,
7290108351842,false,"מקסימה בושם מרוכז לכביסה FOREVER כחול 600מ""ל",החברה הדרומית לשיווק בעמ,IL,בושם מרוכז לכביסה סנ,מיליליטרים,600.00,"100 מ""ל",false,1,22.90,3.82,true,1,
7290108351866,false,"סנו מקסימה בושם מרוכז לכביסה FOREVER בורדו 600 מ""ל",החב. הדרומית לשיווק,IL,בושם מרוכז לכביסה סנ,מיליליטרים,600.00,"100 מ""ל",false,1,22.90,3.82,true,1,
7290108352078,false,"שטיפת פה protective salt אורביטול 500 מ""ל",החברה הדרומית לשיווק בעמ,IL,מי פה אורביטול בתוספ,מיליליטרים,500.00,"100 מ""ל",false,1,27.90,5.58,true,1,
7290108352207,false,מקסימה 40 קפסולות לכביסה בניחוח fresh burst,החברה הדרומית לשיווק בעמ,IL,קפסולות לכביסה סנו מ,יחידה,1.00,יחידה,false,1,39.90,39.90,true,1,
7290108352214,false,סנו - מקסימה קפסולות כביסה בניחוח בריזה מרעננת 40 יח',החברה הדרומית לשיווק בעמ,IL,קפסולות לכביסה סנו מ,Unknown,0.00,Unknown,false,1,39.90,39.90,true,1,
7290108352269,false,סנו מטליות לחיטוי ולניקוי בדלי 400 יחידו,החברה הדרומית לשיווק בעמ,IL,מגבונים בדלי סנו 99.,יחידה,1.00,יחידה,false,1,29.90,29.90,true,1,
7290108352290,false,שלישיית מטליות לחיטוי ולניקוי יסודי לחדר האמבטיה סדרת 99.9%,החברה הדרומית לשיווק בעמ,IL,מטליות לחות לאמבטיה,Unknown,0.00,Unknown,false,1,25.90,25.90,true,1,
7290108352368,false,תוסף לחיטוי כביסה 99.9% סנו מקסימה 3 ל',החברה הדרומית לשיווק בעמ,IL,תוסף לחיטוי הכביסה 9,ליטרים,0.00,ליטר,false,1,32.90,32.90,true,1,
7290108352399,false,ריצפז פרש הום בניחוח מרכך כביסה פלורל טאצ',החברה הדרומית לשיווק בעמ,IL,נוזל רצפות ריצפז פרש,ליטרים,0.00,ליטר,false,1,14.90,14.90,true,1,
7290108352412,false,"סנו - פרש הום מבשם לבית ולטקסטיל ורד אנגלי ועלים 300 מ""ל",מיוצר עי קונדיטוריית,IL,מטהר אוויר סנו פרש ה,מיליליטרים,300.00,"100 מ""ל",false,1,14.90,4.97,true,1,
7290108352443,false,סנובון מוצק לניקוי אסלה כחול סנו 3 יחידות,החברה הדרומית לשיווק בעמ,IL,סנובון מוצק בניחוח ל,יחידה,1.00,יחידה,false,1,16.90,16.90,true,1,
7290108352450,false,ריצפז פרש הום בניחוח מרכך כביסה בלו בלוסום,החברה הדרומית לשיווק בעמ,IL,נוזל רצפות ריצפז פרש,ליטרים,0.00,ליטר,false,1,14.90,14.90,true,1,
7290108352535,false,סנו - מקסימה דפי בישום לחים למייבש הכביסה בניחוח מרכך כביסה,טרופיגל דגיל תעשיות קוסמ,IL,מקסימה דפי בישום למי,Unknown,0.00,Unknown,false,1,14.60,14.60,true,1,
7290108352566,false,מרכך כביסה בבישום עוצמתי 4 ל' סנו מקסינה,החברה הדרומית לשיווק בעמ,,JOY סנו מקסימה מרכך,ליטרים,0.00,ליטר,false,1,17.90,17.90,true,1,
7290108352573,false,מרכך כביסה סנו מקסימה בבישום עוצמתי 4 ליטר,החברה הדרומית לשיווק בעמ,,סנו מקסימה מרכך כביס,ליטרים,0.00,ליטר,false,1,17.90,17.90,true,1,
7290108352597,false,דלי מגבונים לניקוי כללי סנו 400 יחידות,החברה הדרומית לשיווק בעמ,,מגבונים לחים לניקוי,Unknown,0.00,Unknown,false,1,35.50,35.50,true,1,
7290108352641,false,סנו סושי מטלית הפלא לניקוי כללי במארז שלישייה,החברה הדרומית לשיווק בעמ,,מטלית הפלא לניקוי כל,Unknown,0.00,Unknown,false,1,16.70,16.70,true,1,
7290108352672,false,צמד מטליות הפלא לרצפה מיקרפייבר סנו סושי,החברה הדרומית לשיווק בעמ,,מטלית הפלא לרצפה סנו,Unknown,0.00,Unknown,false,1,21.50,21.50,true,1,
7290108352689,false,כריות קרצוף ללכלוך קשה סנו סושי 9 יחידות,החברה הדרומית לשיווק בעמ,,סקוטש ברייט סנו סושי,Unknown,0.00,Unknown,false,1,11.90,11.90,true,1,
7290108352702,false,סנו סופט שלישיית מגבוני טואלט נשטפים בוב ספוג 48 יחידות,החברה הדרומית לשיווק בעמ,,מגבוני טואלט לחים נש,Unknown,0.00,Unknown,false,1,17.70,17.70,true,1,
7290108352788,false,סנו סושי שקיות זיפר לאוכל L 20 יחידות,החברה הדרומית לשיווק בעמ,,שקיות סנו סושי L זיפ,Unknown,0.00,Unknown,false,1,14.60,14.60,true,1,
7290108352795,false,שקיות זיפר 50 יח`במידה M סנו סושי,החברה הדרומית לשיווק בעמ,,שקיות סנו סושי M זיפ,Unknown,0.00,Unknown,false,1,14.60,14.60,true,1,
7290108352801,false,"שקיות אשפה לפחים קטנים 45 * 56 ס""מ סנו סושי 100 יחידות",החברה הדרומית לשיווק בעמ,,שקיות אשפה סנו סושי,Unknown,0.00,Unknown,false,1,18.90,18.90,true,1,
7290108352825,false,ספוג הפלא נירוסטה סנו סושי 3יח',החברה הדרומית לשיווק בעמ,,ספוג הפלא נירוסטה סנ,Unknown,0.00,Unknown,false,1,12.80,12.80,true,1,
7290108352849,false,שלישיית מטליות הפלא לניקוי כללי דקור סנו סושי,החברה הדרומית לשיווק בעמ,IL,מטלית הפלא לניקוי דק,יחידה,1.00,יחידה,false,1,16.70,16.70,true,1,
7290108352870,false,סנו סושי שקיות צלייה 10יח' מידה XL,החברה הדרומית לשיווק בעמ,IL,שקיות צלייה סנו סושי,Unknown,0.00,Unknown,false,1,9.50,9.50,true,1,
7290108352887,false,"זוג מפות שולחן עשויות מבד בלתי ארוג 180*120 ס""מ",החברה הדרומית לשיווק בעמ,IL,מפות שולחן סנו סושי,Unknown,0.00,Unknown,false,1,10.50,10.50,true,1,
7290108353006,false,סנו סושי - שקיות אוכל נקשרות 250 יחידות XL,החברה הדרומית לשיווק בעמ,IL,שקיות אוכל סנו סושי,יחידה,1.00,יחידה,false,1,13.90,13.90,true,1,
7290108353044,false,תב.אפייה מנייר סנו סושי מאפינס גדול 24 י,החברה הדרומית לשיווק בעמ,IL,תב.אפייה מנייר סנו ס,Unknown,0.00,Unknown,false,1,16.20,16.20,true,1,
7290108353440,false,אורביטול מברשות שיניים נאנו לחניכיים 2יח,החברה הדרומית לשיווק בעמ,IL,צמד מברשת שיניים 120,יחידה,1.00,יחידה,false,1,33.50,33.50,true,1,
7290108353471,false,סנובון מוצק לאסלה DESIGN בניחוח ספא,החברה הדרומית לשיווק בעמ,IL,סבון מוצק סנובון DES,Unknown,0.00,Unknown,false,1,8.90,8.90,true,1,
7290108353495,false,אורביטול - חוט דנטאלי 50 מטר בתוספת שעווה ופלואוריד,החב הדרומית לשיווק,IL,אורביטול חוט דנטלי 5,יחידה,1.00,יחידה,false,1,11.90,11.90,true,1,
7290108353501,false,"שקיות אשפה ענקיות עם ידיות ענקיות 75*90 ס""מ סנו סושי 25 יחידות",החברה הדרומית לשיווק בעמ,IL,שקיות אשפה סנו סושי,Unknown,0.00,Unknown,false,1,20.00,20.00,true,1,
7290108353532,false,"שקיות אשפה חזקות עם שרוך לארג' 54 * 65 ס""מ סנו סושי 100 יחידות",החברה הדרומית לשיווק בעמ,IL,שקיות אשפה סנו סושי,Unknown,0.00,Unknown,false,1,29.90,29.90,true,1,
7290108353549,false,נייר אפיה 100 דפים סנו סושי,החברה הדרומית לשיווק בעמ,IL,נייר אפייה סנו סושי,Unknown,0.00,Unknown,false,1,19.90,19.90,true,1,
7290108353648,false,סנו סושי - שקיות אוכל מנייר 70 יחידות,החברה הדרומית לשיווק בעמ,IL,שקיות אוכל מנייר סנו,יחידה,1.00,יחידה,false,1,13.50,13.50,true,1,
7290108353655,false,"סנו סושי - 50 מפיות אירוח איכותיות גדולות ועבות 3 שכבות לבנות """,החברה הדרומית לשיווק בעמ,IL,מפיות סנו סושי גדולו,Unknown,0.00,Unknown,false,1,13.10,13.10,true,1,
7290108353662,false,"סנו סושי מפת שולחן מוטבעת 120*270 ס""מ",החברה הדרומית לשיווק בעמ,,XL סושי מפת שולחן מו,יחידה,1.00,יחידה,false,1,8.90,8.90,true,1,
7290108353686,false,מטלית חלומית לרצפה סנו סושי 1 יחידה,החברה הדרומית לשיווק בעמ,IL,סושי מטלית לרצפה חלו,Unknown,0.00,Unknown,false,1,10.90,10.90,true,1,
7290108353709,false,סושי כפפות ניטריל שחורות 80 יחידות S,החברה הדרומית לשיווק בעמ,,שחורות כפפות סנו סוש,Unknown,0.00,Unknown,false,1,29.90,29.90,true,1,
7290108353723,false,"קרמה - תחליב רחצה חימר תה ירוק 500 מ""ל",החברה הדרומית לשיווק בעמ,IL,קרמה תחליב רחצה חימר,Unknown,0.00,Unknown,false,1,12.90,12.90,true,1,
7290108353778,false,"נקה 7 - תחליב רחצה שוודיה בניחוח פיטנגו 750 מ""ל",החברה הדרומית לשיווק בעמ,,תחליב רחצה נקה 7 שוו,מיליליטרים,750.00,"100 מ""ל",false,1,14.50,1.93,true,1,
7290108353785,false,תחליב רחצה נקה 7 מרוקו בניחוח טונקה 750,החברה הדרומית לשיווק בעמ,IL,תחליב רחצה נקה 7 מרו,מיליליטרים,750.00,"100 מ""ל",false,1,14.50,1.93,true,1,
7290108353792,false,"נקה 7 - תחליב רחצה יפן בניחוח פריחת הדובדבן 750 מ""ל",החברה הדרומית לשיווק בעמ,,תחליב רחצה נקה 7 יפן,מיליליטרים,750.00,"100 מ""ל",false,1,14.50,1.93,true,1,
7290108353808,false,"תחליב רחצה מדגסקר נקה 7 בניחוח אמבר 750 מ""ל",החברה הדרומית לשיווק בעמ,,תחליב רחצה נקה 7 מדג,מיליליטרים,750.00,"100 מ""ל",false,1,14.50,1.93,true,1,
7290108353839,false,סושי כפפות ניטריל שחורות 80 יחידות M,החברה הדרומית לשיווק בעמ,,שחורות כפפות סנו סוש,Unknown,0.00,Unknown,false,1,29.90,29.90,true,1,
7290108353846,false,סושי כפפות ניטריל שחורות 80 יחידות L,החברה הדרומית לשיווק בעמ,,שחורות כפפות סנו סוש,Unknown,0.00,Unknown,false,1,29.90,29.90,true,1,
7290108354034,false,"סבון ידיים קרמה חמאת שיאה וקוקוי 300 מ""ל",החברה הדרומית לשיווק בעמ,IL,סבון ידיים קרמה חמאת,מיליליטרים,300.00,"100 מ""ל",false,1,12.50,4.17,true,1,
7290108354164,false,"כיף שלישיית אל סבון קטיפתי מועשר בשמנים 3*500 מ""ל",החברה הדרומית לשיווק בעמ,IL,אל סבון כיף שמן קטיפ,ליטרים,0.00,ליטר,false,1,22.90,22.90,true,1,
7290108354263,false,אורביטול גוניור משחת שיניים חד קרן 70גרם,טרופיקל דגיל תעשיות קוסמ,IL,משחת שיניים אורביטול,גרמים,70.00,100 גרם,false,1,9.90,14.14,true,1,
7290108354270,false,מרכך כביסה מרוכז בבישום עוצמתי 1 ל' סנו מקסימה,החברה הדרומית לשיווק בעמ,,CALMמרכך כביסה מקסימ,מיליליטרים,1000.00,"100 מ""ל",false,1,17.90,1.79,true,1,
7290108354430,false,"שמפו כיף לשיקום והזנה שמן קוקוס וקרטין 700 מ""ל",החברה הדרומית לשיווק בעמ,IL,שמפו כיף לשיקום והזנ,מיליליטרים,700.00,"100 מ""ל",false,1,12.90,1.84,true,1,
7290108354591,false,"תחליב רחצה בניחוח מי קקטוס ושמן באבאסו 750 מ""ל נקה 7",החברה הדרומית לשיווק בעמ,,נקה ביו תחליב רחצה,מיליליטרים,750.00,"100 מ""ל",false,1,14.50,1.93,true,1,
7290108354621,false,"מסיכה לשיער לחות מוגברת עם אפרסק וחמאת מורומורו 500 מ""ל כיף",החברה הדרומית לשיווק בעמ,IL,כיף מסיכה לשיער לחות,יחידה,1.00,יחידה,false,1,27.90,27.90,true,1,
7290108354751,false,"סנו - ג'ט מרסס לניקוי כללי בתוספת אבקת סודה 750 מ""ל",החברה הדרומית לשיווק בעמ,IL,מרסס סנו גט בתוספת ס,מיליליטרים,750.00,"100 מ""ל",false,1,18.80,2.51,true,1,
7290108354911,false,"שמפו, ג'ל רחצה וגילוח מועשר בתמצית אלוורה",החברה הדרומית לשיווק בעמ,IL,שמפו וגל רחצה קרמה מ,מיליליטרים,700.00,"100 מ""ל",false,1,20.90,2.99,true,1,
7290108355024,false,"נקה 7 שמפו ומרכך לילדים מיניונים 750 מ""ל",החברה הדרומית לשיווק בעמ,,נקה 7 שמפו+מרכך לילד,מיליליטרים,750.00,"100 מ""ל",false,1,13.20,1.76,true,1,
7290108355147,false,תחליב רחצה שמנהי הזנה נקה (7507 מל),טרופיקל דגיל תעשיות קוסמ,,תחליב שמני הזנה נקה,מיליליטרים,750.00,"100 מ""ל",false,1,14.50,1.93,true,1,
7290108355802,false,"תחליב רחצה קרמה ורד ווניל 700 מ""ל",החברה הדרומית לשיווק בעמ,IL,תחליב רחצה קרמה ורד,מיליליטרים,700.00,"100 מ""ל",false,1,19.90,2.84,true,1,
7290108356106,false,כיף תחליב רחצה חלב שקדים 700 מל,החברה הדרומית לשיווק בעמ,IL,תחליב רחצה כיף שקד 7,מיליליטרים,700.00,"100 מ""ל",false,1,13.50,1.93,true,1,
7290108356113,false,תחליב רחצה כיף ניחוח דבש 700 מל,החברה הדרומית לשיווק בעמ,IL,תחליב רחצה כיף דבש 7,מיליליטרים,700.00,"100 מ""ל",false,1,13.50,1.93,true,1,
7290108356120,false,תחליב רחצה כיף ניחוח קוקוס וניל700 מל,החברה הדרומית לשיווק בעמ,IL,תחליב רחצה כיף קוקוס,מיליליטרים,700.00,"100 מ""ל",false,1,13.50,1.93,true,1,
7290108356137,false,תחליב רחצה כיף ניחוח לבנדר 700 מל,החברה הדרומית לשיווק בעמ,IL,תחליב רחצה כיף לבנדר,מיליליטרים,700.00,"100 מ""ל",false,1,13.50,1.93,true,1,
7290108356151,false,תחליב רחצה כיף ניחוחמאסק יסמין 700 מל,החברה הדרומית לשיווק בעמ,IL,תחליב רחצה כיף מאסק,מיליליטרים,700.00,"100 מ""ל",false,1,13.50,1.93,true,1,
7290108356168,false,תחליב רחצה כיף ניחוח אוקיינס700 מל,החברה הדרומית לשיווק בעמ,IL,תחליב רחצה כיף אוקיי,מיליליטרים,700.00,"100 מ""ל",false,1,13.50,1.93,true,1,
7290108356199,false,אל סבון נוזלי כיףאפרסק ופלפל שחור (1ליטר,החברה הדרומית לשיווק בעמ,IL,אל סבון כיף בניחוח א,ליטרים,0.00,ליטר,false,1,15.20,15.20,true,1,
7290108356229,false,ג'ל גילוח לכל סוגי העור מועשר בפחם פעיל,החברה הדרומית לשיווק בעמ,IL,גל גילוח קרמה קרבון,מיליליטרים,200.00,"100 מ""ל",false,1,13.50,6.75,true,1,
7290108356274,false,"כיף - מוס רחצה בניחוח תותים ושמנת 150 מ""ל",החברה הדרומית לשיווק בעמ,IL,מוס רחצה כיף בניחוח,יחידה,1.00,יחידה,false,1,12.90,12.90,true,1,
7290108356298,false,"כיף - מוס רחצה בניחוח קרם עוגיות 150 מ""ל",החברה הדרומית לשיווק בעמ,IL,מוס רחצה כיף בניחוח,יחידה,1.00,יחידה,false,1,12.90,12.90,true,1,
7290108356489,false,"כיף - תחליב רחצה אפרסק וחמאת מורומורו 700 מ""ל",החברה הדרומית לשיווק בעמ,IL,תחליב רחצה כיף אפרסק,מיליליטרים,700.00,"100 מ""ל",false,1,13.50,1.93,true,1,
7290108356519,false,קרליין שמפו 10למניעת קשקשים 700מל,החברה הדרומית לשיווק בעמ,IL,קרוליין 10 שמפו לשיע,יחידה,1.00,יחידה,false,1,14.90,14.90,true,1,
7290108356854,false,מגבוני בייבי כיף בניוח עדין מארז חמישייה,החברה הדרומית לשיווק בעמ,,מגבונים בייבי כיף חמ,Unknown,0.00,Unknown,false,1,21.90,21.90,true,1,
7290108356861,false,מגבוני בייבי כיף ללא בישום מארז חמישייה,החברה הדרומית לשיווק בעמ,,מגבונים בייבי כיף חמ,Unknown,0.00,Unknown,false,1,21.90,21.90,true,1,
7290108357004,false,כיף שמפו ורד ושמן קוקוי לרכות וברק,החברה הדרומית לשיווק בעמ,IL,שמפו כיף ורד ושמן קו,מיליליטרים,700.00,"100 מ""ל",false,1,12.90,1.84,true,1,
7290108357202,false,סנוקליר לניקוי בניחוח בלו בלוסום 1 ליטר,החברה הדרומית לשיווק בעמ,IL,סנוקליר לניקוי בניחו,ליטרים,0.00,ליטר,false,1,10.40,10.40,true,1,
7290108357233,false,סנו קליר מטליות לחות לניקוי והברקה 50 יח,החברה הדרומית לשיווק בעמ,,סנו קליר מגבונים לחל,יחידה,1.00,יחידה,false,1,11.90,11.90,true,1,
7290108357240,false,"אוקסיג'ן פאוור תוסף להסרת כתמים קשים 1.4 ק""ג",החברה הדרומית לשיווק בעמ,,אוקסיגן אבקה להסרת כ,יחידה,1.00,יחידה,false,1,33.90,33.90,true,1,
7290108357288,false,אקונומיקה ז'אוול בניחוח פריחה לבנה 4 ל' סנו,החברה הדרומית לשיווק בעמ,,סנו זאוול אקונומיקה,ליטרים,0.00,ליטר,false,1,16.90,16.90,true,1,
7290108357295,false,"מרסס אוקסיג'ן מסיר כתמים סנו לכביסה לבנה 750 מ""ל",החברה הדרומית לשיווק בעמ,,סנו אוקסיגן מסיר כתמ,מיליליטרים,750.00,"100 מ""ל",false,1,17.90,2.39,true,1,
7290108357424,false,"קרם גוף קרמה נרולי ומגנוליה 500 מ""ל",החב הדרומית לשיווק,,קרם גוף קרמה נרולי ו,מיליליטרים,500.00,"100 מ""ל",false,1,26.50,5.30,true,1,
7290108357493,false,"תחליב רחצה קרמה וניל ופלפל ורוד 700 מ""ל",החברה הדרומית לשיווק בעמ,,תחליב רחצה קרמה וניל,מיליליטרים,700.00,"100 מ""ל",false,1,19.90,2.84,true,1,
7290108357516,false,"קרמה - סבון ידיים וניל ופלפל ורוד 500 מ""ל",החברה הדרומית לשיווק בעמ,IL,סבון ידיים קרמה וניל,מיליליטרים,500.00,"100 מ""ל",false,1,16.90,3.38,true,1,
7290108357653,false,סנובון ג'ל לאסלה שלישיה בניחוח אוקיינוס,החברה הדרומית לשיווק בעמ,,סנובון שלישיה בניחוח,Unknown,0.00,Unknown,false,1,16.90,16.90,true,1,
7290108357660,false,סנובון Bubbles שלישיית כדוריות ג'ל אסלה ניחוח לבנדר,החברה הדרומית לשיווק בעמ,,סנובון שלישיה בניחוח,Unknown,0.00,Unknown,false,1,16.90,16.90,true,1,
7290108359039,false,שקיות אשפה עם ידיות סנו סושי לפחים 30 יחידות,החברה הדרומית לשיווק בעמ,,שקיות אשפה סנו 30 יח,Unknown,0.00,Unknown,false,1,21.90,21.90,true,1,
7290108359077,false,סנו - סופט לושן ממחטות אף בקופסא 3 שכבות 120 יח',החברה הדרומית לשיווק בעמ,IL,ממחטות אף סופט לושן,יחידה,1.00,יחידה,false,1,14.60,14.60,true,1,
7290108359084,false,סנו סושי כיסוי ניילון עם גומי 30 יחידות M,החברה הדרומית לשיווק בעמ,IL,סושי כיסוי עם גומי מ,Unknown,0.00,Unknown,false,1,11.90,11.90,true,1,
7290108359091,false,סנו סושי כיסוי ניילון עם גומי 30 יחידות L,החברה הדרומית לשיווק בעמ,IL,סושי כיסוי עם גומי ל,Unknown,0.00,Unknown,false,1,11.90,11.90,true,1,
7290108359114,false,סנו סושי – 10 חמגשית אלומיניום עם מכסה,החברה הדרומית לשיווק בעמ,,סושי חמגשית + מכסה 1,יחידה,1.00,יחידה,false,1,11.90,11.90,true,1,
7290108359145,false,סנו סושי דפי ספוג הפלא 12 יח`,החברה הדרומית לשיווק בעמ,,סושי דפי ספוג הפלא,Unknown,0.00,Unknown,false,1,14.20,14.20,true,1,
7290108359879,false,"אלסבון בייבי כיף+משאבה 750 מ""ל",החברה הדרומית לשיווק בעמ,IL,אלסבון בייבי כיף+משא,מיליליטרים,750.00,"100 מ""ל",false,1,19.90,2.65,true,1,
7290108501346,false,גבינה מגורדת גאודה 28% שומן EURO CHEESE ויליפוד 500 גרם,ג.וילי-פוד אינטרנשיונל **גבינו,,גבינה גאודה מגורדת 2,גרמים,500.00,100 גרם,false,1,24.90,4.98,true,1,
7290108502329,false,רביעיית טונה בשמן זית ויליפוד 4*160 גרם,ג. וילי-פוד אינטרנשיונל בע`מ,TH,רביעית טונה בשמן זית,גרמים,640.00,100 גרם,false,1,28.50,4.45,true,1,
7290108502725,false,גבינת גאודה פרוסות ויליפוד 400 גרם,ג.וילי-פוד אינטרנשיונל **גבינו,IL,גבינת גאודה פרוסות 4,גרמים,400.00,100 גרם,false,1,19.90,4.98,true,1,
7290108503043,false,תפוחונים חטיף פלחים מיובשים מארז 22X4ג',ג. וילי-פוד אינטרנשיונל בע`מ,CN,מארז תפוחונים 4 * 22,גרמים,88.00,100 גרם,false,0,14.90,16.93,true,1,
7290108503067,false,פרמז'נו משולש ויליפוד 150 גרם,ג.וילי-פוד אינטרנשיונל **גבינו,,פרמזנו משולש 150 גרם,גרמים,150.00,100 גרם,false,1,16.70,11.13,true,1,
7290108503692,false,פיצה מרגריטה ויליפוד 380 גרם,ג.וילי-פוד אינטרנשיונל **גבינו,IT,פיצה מרגריטה 380 גר,גרמים,380.00,100 גרם,false,1,15.90,4.18,true,1,
7290108503814,false,גבינה מותכת למריחה 200 גרם,ג. וילי-פוד אינטרנשיונל בע`מ,FI,גבינה מותכת ויאולה,גרמים,200.00,100 גרם,false,1,12.50,6.25,true,1,
7290108505375,false,גולדן צהובה פרוסה ויליפוד 400 גרם,ג.וילי-פוד אינטרנשיונל **גבינו,,צהובה פרוסה גולדן 4,גרמים,400.00,100 גרם,false,1,14.90,3.73,true,1,
7290108505689,false,גבינת גרנה פדנו מגורדת ויליפוד 100 גרם,ג.וילי-פוד אינטרנשיונל **גבינו,IT,גבינת גרנה פדנו מגור,גרמים,100.00,100 גרם,false,1,11.40,11.40,true,1,
7290108505719,false,גבינת מוצרלה מגורדת EURO CHEESE ויליפוד 200 גרם,ג.וילי-פוד אינטרנשיונל **גבינו,TR,גבינת קשקבל חצי קשה,גרמים,200.00,100 גרם,false,0,12.90,6.45,true,1,
7290108506488,false,סופלה שוקולד קפוא ויליפוד 200 גרם,ג.וילי-פוד אינטרנשיונל **גבינו,TR,סופלה שוקולד קפוא 20,גרמים,200.00,100 גרם,false,1,16.90,8.45,true,1,
7290108506495,false,"כנאפה מאפה בצק ""שערות"" קדאיף וגבינה",ג.וילי-פוד אינטרנשיונל **גבינו,TR,כנאפה קפוא 192.5 גרם,גרמים,193.00,100 גרם,false,1,16.70,8.65,true,1,
7290108506501,false,אצבעות בצק פילו ממולאות גבינה 500 ג' ויליפוד,ג.וילי-פוד אינטרנשיונל **גבינו,,אצבעות בצק פילו ממול,גרמים,500.00,100 גרם,false,1,17.90,3.58,true,1,
7290108506532,false,גליליות וופל במילוי קרם בטעם אגוזי לוז 400ג' ויליפוד,ג. וילי-פוד אינטרנשיונל בע`מ,GR,גלילי וופל וקרם אגוז,גרמים,400.00,100 גרם,false,1,16.90,4.23,true,1,
7290108506549,false,גליליות וופל במילוי קרם וניל פינוקים 400 גרם,ג. וילי-פוד אינטרנשיונל בע`מ,GR,גלילי וופל עם קרם ונ,גרמים,400.00,100 גרם,false,1,16.90,4.23,true,1,
7290108506969,false,מאפה בורקס מים תורכי גבינה ויליפוד 300 גרם,ג.וילי-פוד אינטרנשיונל **גבינו,TR,בורקס מים תורכי 300,גרמים,300.00,100 גרם,false,1,18.80,6.27,true,1,
7290108507065,false,גבינת פרמג'אנו רגיאנו מגורדת ויליפוד 100 גרם,ג.וילי-פוד אינטרנשיונל **גבינו,IT,גבינת פרמגיאנו רגיאנ,גרמים,100.00,100 גרם,false,1,16.70,16.70,true,1,
7290108508499,false,"איירן משקה יוגורט בסגנון טורקי יורו 293 מ""ל",ג.וילי-פוד אינטרנשיונל **גבינו,TR,איירן משקה יוגורט בס,מיליליטרים,293.00,"100 מ""ל",false,1,6.50,2.22,true,1,
7290108509052,false,מאפה פילו במילוי גבינת פטה ויליפוד 400 גרם,ג.וילי-פוד אינטרנשיונל **גבינו,GR,מאפה פילו ממולא גבינ,גרמים,400.00,100 גרם,false,1,20.90,5.23,true,1,
7290108509113,false,"גבינה בולגרית מעודנת 18% שומן 250 גרם חת""ס פ""ת",ג.וילי-פוד אינטרנשיונל **גבינו,,גבינה בולגרית מעודנת,גרמים,250.00,100 גרם,false,1,12.90,5.16,true,1,
7290108509137,false,"גבינה בולגרית מעודנת 5% שומן 250 גרם חת""ס פ""ת",ג.וילי-פוד אינטרנשיונל **גבינו,,גבינה בולגרית מעודנת,גרמים,250.00,100 גרם,false,1,12.90,5.16,true,1,
7290108509199,false,גבינת פטה 17% שומן יורו 500 ג',ג.וילי-פוד אינטרנשיונל **גבינו,,גבינה פטה 17% שומן 5,גרמים,500.00,100 גרם,false,1,24.90,4.98,true,1,
7290108509793,false,גליליות וופל במילוי שוקולד מריר 400 גרם חלבי,ג. וילי-פוד אינטרנשיונל בע`מ,GR,גלילי וופל במילוי שו,גרמים,400.00,100 גרם,false,1,16.90,4.23,true,1,
7290108509816,false,גבינת בייבי מוצרלה EURO CHEESE ויליפוד 200 גרם,ג.וילי-פוד אינטרנשיונל **גבינו,,גבינת בייבי מוצרלה 2,גרמים,200.00,100 גרם,false,0,16.70,8.35,true,1,
7290109351025,false,מלך החומוס חומוסטחינה 40% טחינה גולמית,קבוצת אוסם סחר שותפות מוגבלת,,מלך חומוס חומוסטחינה,גרמים,400.00,100 גרם,false,1,16.70,4.18,true,1,
7290109352916,false,פריכיות דגנים פיטנס מצופות שוקולד לבן,קבוצת אוסם סחר שותפות מוגבלת,,פיטנס בר פריכיות שוק,גרמים,84.00,100 גרם,false,1,12.90,15.36,true,1,
7290109353494,false,פסטה פרפקטו פארפאלה 500ג' אסם,קבוצת אוסם סחר-שות.מוגבלת,,פרפקטו פארפאלה 500,גרמים,500.00,100 גרם,false,1,7.90,1.58,true,1,
7290109358284,false,"שניצל תירס עם חלבון 664 גר' ""טבעול""",קבוצת אוסם סחר שותפות מוגבלת,,שניצל תירס עם חלבון,גרמים,664.00,100 גרם,false,1,36.50,5.50,true,1,
7290109580036,false,"שניצל תירס 1.25 ק""ג זוגלובק",,,"שניצל תירס 1.25 ק""ג",גרמים,1250.00,100 גרם,false,1,37.90,3.03,true,1,
7290109580050,false,נקניקיות צ'וריסוס וונדרס 0% בשר טבעוני ללא גלוטן,זוגלובק שיווק בעמ ו/או וונדרס,,נקניקיות צוריסוס,גרמים,226.00,100 גרם,false,1,36.50,16.15,true,1,
7290109580067,false,וונדרס טחון מן הצומח 340 גר`,זוגלובק שיווק בעמ ו/או וונדרס,,טחון wonders 340 גר,גרמים,340.00,100 גרם,false,1,36.50,10.74,true,1,
7290109580241,false,נאגטס מן הצומח זוגלובק 500 גרם,נקניק זוגלובק נהריה,,נאגטס מן הצומח זוגלו,גרמים,500.00,100 גרם,false,1,29.90,5.98,true,1,
7290109580319,false,"בורגר וונדרס 0% בשר , טבעוני",זוגלובק שיווק בעמ ו/או וונדרס,,בורגר wonders 280 גר,גרמים,280.00,100 גרם,false,1,35.50,12.68,true,1,
7290109640198,false,מגורדת לפיצה ולאפיה 20% שומן 200 גרם - משומשו,קפוא זן תעשיות מזון בעמ,IL,מגורדת לפיצה ואפיה 2,גרמים,200.00,100 גרם,false,1,19.90,9.95,true,1,
7290109640204,false,גוש בסגנון חלומי 18% משומשו 250 גרם,קפוא זן תעשיות מזון בעמ,,גוש בסגנון חלומי 18%,גרמים,250.00,100 גרם,false,1,21.90,8.76,true,1,
7290109640372,false,ממרח זיתים על בסיס קוקוס 9% שומן 200 גרם - משומשו,קפוא זן תעשיות מזון בעמ,IL,ממרח זיתים בסיס רכיב,גרמים,200.00,100 גרם,false,1,17.90,8.95,true,1,
7290109640402,false,ממרח בטעם טבעי על בסיס רכיבי קוקוס 9%,קפוא זן תעשיות מזון בעמ,IL,ממרח טבעי 9% בסיס רכ,גרמים,200.00,100 גרם,false,1,17.90,8.95,true,1,
7290109920313,false,"אסטוניש מרסס לניקוי חלונות 750 מ""ל","יעקב יעקבי ובניו בע""מ",,מרסס מבריק שמשות אסט,מיליליטרים,750.00,"100 מ""ל",false,1,19.80,2.64,true,1,
7290109920597,false,"אסטוניש - מרסס לניקוי המקלחון 750 מ""ל",יעקב יעקבי ובניו בע`מ,,מרסס למקלחון אסטוניש,מיליליטרים,750.00,"100 מ""ל",false,1,19.80,2.64,true,1,
7290109920665,false,אסטוניש מרסס מסיר אוכל שרוף במטבח יעקובי,יעקב יעקבי ובניו בע`מ,,מרסס מסיר אוכל שרוף,מיליליטרים,750.00,"100 מ""ל",false,1,19.80,2.64,true,1,
7290109920849,false,"אסטוניש - מרסס לניקוי כללי בניחוח תפוז 750 מ""ל",יעקב יעקבי ובניו בע`מ,,מרסס תפוז לניקוי רב,מיליליטרים,750.00,"100 מ""ל",false,1,19.80,2.64,true,1,
7290109920870,false,גל כביסה הפי מיוחד לכביסה שחורה וכהה,יעקובי הפי,,גל כביסה הפי מיוחד ל,מיליליטרים,1000.00,"100 מ""ל",false,1,15.30,1.53,true,1,
7290109920917,false,"ג'ל לניקוי אסלה עם כלור הפי 750 מ""ל","יעקב יעקבי ובניו בע""מ",,הפי גל לאסלות עם כלו,מיליליטרים,750.00,"100 מ""ל",false,1,10.90,1.45,true,1,
7290109921723,false,"דורגול ג'ל לאסלה 750 מ""ל",יעקב יעקבי ובניו בעמ,,דורגול גל לאסלה 750,מיליליטרים,750.00,"100 מ""ל",false,1,19.90,2.65,true,1,
7290109921952,false,ג'ל כביסה סופרו אקטיב יעקובי ירוק 2.5 ליטר,יעקב יעקבי ובניו בעמ,,גל כביסה סופר אקלור,ליטרים,0.00,ליטר,false,1,24.90,24.90,true,1,
7290109921969,false,ג'ל כביסה סופרו אקטיב יעקובי כחול 2.5 ליטר,"יעקב יעקבי ובניו בע""מ",,גל כביסה צבע סופרו כ,ליטרים,0.00,ליטר,false,1,24.90,24.90,true,1,
7290109921976,false,ג'ל כביסה סופרו אקטיב יעקובי לבן 2.5 ליטר,יעקב יעקבי ובניו בעמ,,גל כביסה תינוק סופר,ליטרים,0.00,ליטר,false,1,24.90,24.90,true,1,
7290109922911,false,דזיטול חיטוי נעליים מפטריות חיידקים וריחות 150מל,יעקב יעקבי ובניו בעמ,,דזיטול חיטוי נעליים,Unknown,0.00,Unknown,false,1,19.90,19.90,true,1,
7290109923024,false,"אסטוניש מרסס פרימיום ארומטיק למטבח 750 מ""ל","יעקב יעקבי ובניו בע""מ",,אסטוניש מרסס פרמיום,יחידה,1.00,יחידה,false,1,15.90,15.90,true,1,
7290109923147,false,אסטוניש מהדורה פרימיום פלא של אקונומיקה,יעקב יעקבי ובניו בע`מ,IL,אסטוניש מהדורה פרימי,Unknown,1.00,Unknown,false,1,14.90,14.90,true,1,
7290110110277,false,"סומרסבי סיידר תפוחים אלכוהולי 4*300 מ""ל",החברה המרכזית להפצת משקאות בעמ,,סומרסבי סיידר תפוחים,מיליליטרים,1320.00,"100 מ""ל",false,1,29.90,2.27,true,1,
7290110110369,false,"שישייה בירה קרלסברג LUMA בקבוק 330 מ""ל",החברה המרכזית להפצת משקאות בעמ,IL,שישיית בירה קרלסברג,מיליליטרים,1980.00,"100 מ""ל",false,1,34.90,1.76,true,1,
7290110110574,false,פחית קוקה קולה סליק זירו לימון 330 מל,החברה המרכזית להפצת משקאות בעמ,,סליק קולה ZERO לימון,מיליליטרים,330.00,"100 מ""ל",false,1,5.40,1.64,true,1,
7290110110659,false,"ספרייט לימון ליים פחית 330מ""ל",החברה המרכזית להפצת משקאות בעמ,,ספרייט סליק חדש 330,מיליליטרים,330.00,"100 מ""ל",false,1,5.40,1.64,true,1,
7290110110703,false,מארז ספרייט שישייה פחיות FRIDGE PACK,החברה המרכזית להפצת משקאות בעמ,,מארז ספרייט חדש 6*33,ליטרים,0.00,ליטר,false,1,22.30,22.30,true,1,
7290110111557,false,"משקה ספורט איזוטוני בטעם פירות 500 מ""ל פאוורייד",החברה המרכזית להפצת משקאות בעמ,,פאוור אייד מאונטן בל,מיליליטרים,500.00,"100 מ""ל",false,1,11.90,2.38,true,1,
7290110111564,false,"משקה ספורט איזוטוני בטעם הדרים ליין 500 מ""ל פאוורייד",החברה המרכזית להפצת משקאות בעמ,,פאוורייד משקה ספורט,מיליליטרים,500.00,"100 מ""ל",false,1,11.90,2.38,true,1,
7290110111809,false,"מארז פחיות פאנטה אורנג' שישייה 330 מ""ל",החברה המרכזית לייצור משק,,שישיית פאנטה אורנג,ליטרים,0.00,ליטר,false,1,22.30,22.30,true,1,
7290110113384,false,קוקה קולה זירו מארז רביעיה 1X4 ליטר,החברה המרכזית להפצת משקאות בעמ,IL,מארז רביעיות קוקה קו,מיליליטרים,4000.00,"100 מ""ל",false,1,27.60,0.69,true,1,
7290110114787,false,נביעות+ מים מינרליים בטעם תפוח 1.5 ליטר,החברה המרכזית להפצת משקאות בעמ,IL,מים נביעות בטעם תפו,ליטרים,0.00,ליטר,false,1,9.10,9.10,true,1,
7290110114794,false,נביעות+ מים מינרליים בטעם אפרסק 1.5 ליטר,החברה המרכזית להפצת משקאות בעמ,IL,מים נביעות 1.5 ליטר,ליטרים,0.00,ליטר,false,1,9.10,9.10,true,1,
7290110114800,false,נביעות+ מים מינרליים בטעם ענבים 1.5 ליטר,החברה המרכזית להפצת משקאות בעמ,IL,מים נביעות בטעם ענבי,ליטרים,0.00,ליטר,false,1,9.10,9.10,true,1,
7290110114855,false,"נביעות מים מינרליים, שישיה 6 * 1.5 ליטר פקדון",החברה המרכזית להפצת משקאות בעמ,IL,שישיית מים נביעות,ליטרים,0.01,ליטר,false,1,12.70,1270.00,true,1,
7290110114893,false,מיץ תפוזים מפוסטר סחוט 2 ליטר,החברה המרכזית טלהפצת משקאות בע,,פריגת סחוט טרי תפוז,ליטרים,0.00,ליטר,false,1,28.30,28.30,true,1,
7290110114954,false,מיץ תפוזים מתקתקים פריגת 2 ליטר,החברה המרכזית טלהפצת משקאות בע,,מיץ תפוזים מתקתק 100,ליטרים,0.00,ליטר,false,1,22.90,22.90,true,1,
7290110114961,false,משקה קל בטעם תפוזים פריגת (1.5 ליטר),החברה המרכזית להפצת משקאות בעמ,IL,פריגת תפוזים 1.5 ליט,ליטרים,0.00,ליטר,false,1,8.90,8.90,true,1,
7290110114985,false,משקה קל בטעם אשכוליות פריגת (1.5 ליטר),החברה המרכזית להפצת משקאות בעמ,IL,פריגת אשכוליות 1.5 ל,ליטרים,0.00,ליטר,false,1,8.90,8.90,true,1,
7290110114992,false,משקה קל בטעם אשכוליות לייט פריגת (1.5 לי,החברה המרכזית להפצת משקאות בעמ,IL,פריגת דיאט אשכוליות,ליטרים,0.00,ליטר,false,1,8.90,8.90,true,1,
7290110115005,false,משקה קל בטעם ענבים פריגת (1.5 ליטר),החברה המרכזית להפצת משקאות בעמ,IL,פריגת ענבים 1.5 ליטר,ליטרים,0.00,ליטר,false,1,8.90,8.90,true,1,
7290110115036,false,משקה קל בטעם מנגו פריגת (1.5 ליטר),החברה המרכזית להפצת משקאות בעמ,IL,פריגת מנגו 1.5 ליטר,ליטרים,0.00,ליטר,false,1,8.90,8.90,true,1,
7290110115043,false,משקה קל בטעם לימונענע פריגת (1.5 ליטר),החברה המרכזית להפצת משקאות בעמ,IL,פריגת לימונענע 1.5 ל,ליטרים,0.00,ליטר,false,1,8.90,8.90,true,1,
7290110115050,false,משקה קל בטעם תות בננה פריגת (1.5 ליטר),החברה המרכזית להפצת משקאות בעמ,IL,פריגת מיקס תות בננה,ליטרים,0.00,ליטר,false,1,8.90,8.90,true,1,
7290110115081,false,פריגת צלול ענבים 1.5 ליטר פיקדון,החברה המרכזית להפצת משקאות בעמ,IL,פריגת צלול ענבים 1.5,ליטרים,0.00,ליטר,false,1,8.70,8.70,true,1,
7290110115111,false,פריגת צלול אננס 1.5 ליטר פיקדון,החברה המרכזית להפצת משקאות בעמ,IL,פריגת צלול אננס 1.5,ליטרים,0.00,ליטר,false,1,8.70,8.70,true,1,
7290110115128,false,פריגת צלול בטעם לימונענע 1.5 ליטר פיקדון,החברה המרכזית להפצת משקאות בעמ,IL,פריגת צלול לימונענע,ליטרים,0.00,ליטר,false,1,8.70,8.70,true,1,
7290110115203,false,קוקה קולה 1.5 ליטר פיקדון,החברה המרכזית להפצת משקאות בעמ,IL,קוקה קולה 1.5 ליטר,ליטרים,0.00,ליטר,false,1,8.90,8.90,true,1,
7290110115234,false,קוקה קולה דיאט זירו 1.5 ליטר פיקדון,החברה המרכזית להפצת משקאות בעמ,IL,קולה ZERO נטול 1.5 ל,ליטרים,0.00,ליטר,false,1,8.50,8.50,true,1,
7290110115241,false,קוקה קולה דיאט לימון 1.5 ליטר פיקדון,החברה המרכזית להפצת משקאות בעמ,IL,קולה ZERO לימון 1.5,ליטרים,0.00,ליטר,false,1,8.50,8.50,true,1,
7290110115265,false,ספרייט לימון ליים 1.5 ליטר-,החברה המרכזית להפצת משקאות בעמ,IL,ספרייט לימון- ליים 1,ליטרים,0.00,ליטר,false,1,8.90,8.90,true,1,
7290110115296,false,גזוז בטעם תפוז פאנטה 1.5 ליטר פיקדון,החברה המרכזית להפצת משקאות בעמ,IL,פאנטה אורנג 1.5 ליטר,ליטרים,0.00,ליטר,false,1,8.90,8.90,true,1,
7290110115302,false,משקה מוגז אורנג' זירו פאנטה 1.5 ליטר,החברה המרכזית להפצת משקאות בעמ,IL,פאנטה ZERO אורנג 1.5,ליטרים,0.00,ליטר,false,1,8.90,8.90,true,1,
7290110115319,false,פאנטה אקזוטי פירות טרופיים 1.5ל פיקדון,החברה המרכזית להפצת משקאות בעמ,IL,פאנטה אקזוטיק 1.5 לי,ליטרים,0.00,ליטר,false,1,8.90,8.90,true,1,
7290110115340,false,פאנטה ענבים 1.5 ליטר פיקדון,החברה המרכזית להפצת משקאות בעמ,IL,פאנטה ענבים 1.5 ליטר,ליטרים,0.00,ליטר,false,1,8.90,8.90,true,1,
7290110115364,false,שישייה קוקה קולה 1.5 ליטר פיקדון,החברה המרכזית להפצת משקאות בעמ,IL,קוקה קולה שישייה 1.5,ליטרים,0.01,ליטר,false,1,49.90,4990.00,true,1,
7290110115371,false,דיאט קוקה קולה שישיות 1.5 ליטר פיקדון,החברה המרכזית להפצת משקאות בעמ,IL,קוקה קולה דיאט שישיי,ליטרים,0.01,ליטר,false,1,46.90,4690.00,true,1,
7290110115395,false,ספרייט זירו שישיות 1.5 ליטר פיקדון,החברה המרכזית להפצת משקאות בעמ,IL,ספרייט ZERO שישייה 1,ליטרים,0.01,ליטר,false,1,46.90,4690.00,true,1,
7290110115401,false,קינלי סודה שישייה 1.5 ליטר פיקדון,החברה המרכזית להפצת משקאות בעמ,IL,קינלי סודה שישייה 1,ליטרים,0.01,ליטר,false,1,15.70,1570.00,true,1,
7290110115418,false,קוקה קולה זירו 1.5 ליטר מארז שישייה,החברה המרכזית להפצת משקאות בעמ,IL,קוקה קולה דיאט ZERO,ליטרים,0.01,ליטר,false,1,46.90,4690.00,true,1,
7290110115456,false,פיוז-טי תה אפרסק 1.5 ליטר 19 קל פיקדון,החברה המרכזית להפצת משקאות בעמ,IL,תה פיוז אפרסק 90 קל,ליטרים,0.00,ליטר,false,1,9.00,9.00,true,1,
7290110115463,false,פיוז-טי תה אפרסק 1.5 ליטר פיקדון,החברה המרכזית להפצת משקאות בעמ,IL,תה פיוז אפרסק 1.5 לי,ליטרים,0.00,ליטר,false,1,9.00,9.00,true,1,
7290110115487,false,רביעייה פיוז-טי אפרסק 1.5 ליטר פקדון,החברה המרכזית להפצת משקאות בעמ,IL,רביעייה תה פיוז אפרס,ליטרים,0.00,ליטר,false,1,32.90,32.90,true,1,
7290110115494,false,תה קר בטעם ענבים פיוז טי 1.5 ליטר,החברה המרכזית להפצת משקאות בעמ,IL,תה פיוז ענבים 1.5 לי,ליטרים,0.00,ליטר,false,1,9.00,9.00,true,1,
>>>>>>> d048ac2f4f281c9d788043ab4e81b61b0dbe3743
7290110115517,false,שישייה קוקה קולה זירו 2 ליטר,,IL,שישיית קוקה קולה 2 ל,ליטרים,0.01,ליטר,false,1,56.60,5660.00,true,1,
7290110115616,false,פיוז-טי תה גרין אננס זירו 1.5 ליטר פיקדו,החברה המרכזית להפצת משקאות בעמ,IL,פיוז טי זירו גרין אנ,ליטרים,0.00,ליטר,false,1,8.90,8.90,true,1,
7290110115821,false,"ספרייט לימון, 1.5 ליטר פקדון",כלורוקס אוקלנד,,ספרייט לימון- ליים 1,ליטרים,0.00,ליטר,false,1,8.90,8.90,true,1,
7290110115838,false,ספרייט לימון- ליים 1.5 ליטר,"אינסטנטה בע""מ",IL,ספרייט זירו לימון- ל,ליטרים,0.00,ליטר,false,1,8.90,8.90,true,1,
7290110115845,false,קוקה קולה 1.5 ליטר פיקדון,"אינסטנטה בע""מ",,קוקה קולה 1.5 ליטר,ליטרים,0.00,ליטר,false,1,8.90,8.90,true,1,
7290110115852,false,דיאט קוקה קולה 1.5 ליטר -,תות תעשיות מזון (201,,קוקה קולה דיאט 1.5 ל,ליטרים,0.00,ליטר,false,1,8.90,8.90,true,1,
7290110115869,false,קוקה קולה זירו 1.5 ליטר פיקדון,תות תעשיות מזון (201,IL,קוקה קולה 1.5 ליטר,ליטרים,0.00,ליטר,false,1,8.50,8.50,true,1,
7290110115876,false,קינלי סודה 1.5ליטר-,"אינסטנטה בע""מ",,קינלי סודה 1.5 ליטר,ליטרים,0.00,ליטר,false,1,3.10,3.10,true,1,
<<<<<<< HEAD
7290110115975,false,קוקה קולה זירו בקבוק,החברה המרכזית לייצור,,קוקה קולה זירו 1 ליט,מיליליטרים,1000.00,"100 מ""ל",false,1,6.90,0.69,true,1,
7290110116125,false,"סירופ בטעם פטל פריגת 750 מ""ל",סירופ - גבעת חיים,,סירופ בטעם פטל 750 מ,מיליליטרים,750.00,"100 מ""ל",false,1,24.90,3.32,true,1,
7290110116385,false,"פחיות סטפאני מרשמלו אבטיח תות זירו 330 מ""ל",החברה המרכזית לייצור משק,,סליק סטפאני זירו 330,מיליליטרים,330.00,"100 מ""ל",false,1,5.40,1.64,true,1,
7290110116392,false,"סירופ בטעם תפוזים פריגת 750 מ""ל",סירופ - גבעת חיים,,סירופ בטעם תפוזים 7,מיליליטרים,750.00,"100 מ""ל",false,1,24.90,3.32,true,1,
7290110116491,false,פריגת סחוט מיקס אפרסק משמש 1ליטר,פריגת מצוננים,IL,פריגת מיקס אפרסק משמ,מיליליטרים,1000.00,"100 מ""ל",false,1,15.80,1.58,true,1,
7290110116507,false,פריגת סחוט מיקס אננס בננה אגס 1ליטר,פריגת מצוננים,IL,פריגת מיקס אננס בננה,מיליליטרים,1000.00,"100 מ""ל",false,1,15.80,1.58,true,1,
7290110116521,false,"פריגת סחוט מיקס אפרסק משמש 400 מ""ל",פריגת,,פריגת מיקס אפרסק משמ,מיליליטרים,400.00,"100 מ""ל",false,1,9.90,2.48,true,1,
7290110320591,false,גבינה בולגרית במרקם מעודן 16% פיראוס,תנובה חלב,,פיראוס בולגרית מעודנ,גרמים,250.00,100 גרם,false,1,21.90,8.76,true,1,
7290110320850,false,פתיתים גבינה חצי קשה מגורדת 28% שומן,תנובה מרכז שיתופי לש,,פתיתי עמק 200 גר,גרמים,200.00,100 גרם,false,1,15.20,7.60,true,1,
7290110320867,false,פתיתים גבינה חצי קשה מגורדת 28% שומן,תנובה מרכז שיתופי לש,,פתיתי עמק למאפים 28%,גרמים,500.00,100 גרם,false,1,34.90,6.98,true,1,
7290110320935,false,גבינת מוצרלה תנובה 150ג' פרוסות,תנובה מרכז שיתופי לש,,פרוסות מוצרלה 150 גר,גרמים,150.00,100 גרם,false,1,15.90,10.60,true,1,
7290110321031,false,מעדן חלב GO יוגורט מועשר בחלבון טבעי 200 ג' יופלה,"תנובה, מחלבת אלון תב",,יופלה 200 מל GO,מיליליטרים,200.00,"100 מ""ל",false,1,5.60,2.80,true,1,
=======
7290110115913,false,"משקה ספורט איזוטוני זירו בטעם אננס 500 מ""ל פאוורייד",החברה המרכזית להפצת משקאות בעמ,IT,פאוורייד זירו בטעם א,מיליליטרים,500.00,"100 מ""ל",false,1,11.90,2.38,true,1,
7290110115975,false,קוקה קולה זירו בקבוק,החברה המרכזית להפצת משקאות בע`,,קוקה קולה זירו 1 ליט,מיליליטרים,1000.00,"100 מ""ל",false,1,6.90,0.69,true,1,
7290110116125,false,"סירופ פריגת בטעם פטל 750 מ""ל פיקדון",החברה המרכזית להפצת משקאות בעמ,,סירופ בטעם פטל 750 מ,מיליליטרים,750.00,"100 מ""ל",false,1,24.90,3.32,true,1,
7290110116385,false,"פחיות סטפאני מרשמלו אבטיח תות זירו 330 מ""ל",החברה המרכזית להפצת משקאות בעמ,,סליק סטפאני זירו 330,מיליליטרים,330.00,"100 מ""ל",false,1,5.40,1.64,true,1,
7290110116392,false,"סירופ פריגת בטעם תפוזים 750 מ""ל פיקדון",החברה המרכזית להפצת משקאות בעמ,,סירופ בטעם תפוזים 7,מיליליטרים,750.00,"100 מ""ל",false,1,24.90,3.32,true,1,
7290110116491,false,פריגת סחוט מיקס אפרסק משמש 1ליטר,*החברה המרכזית להפצת משקאותבעמ,IL,פריגת מיקס אפרסק משמ,מיליליטרים,1000.00,"100 מ""ל",false,1,15.80,1.58,true,1,
7290110116507,false,פריגת סחוט מיקס אננס בננה אגס 1ליטר,*החברה המרכזית להפצת משקאותבעמ,IL,פריגת מיקס אננס בננה,מיליליטרים,1000.00,"100 מ""ל",false,1,15.80,1.58,true,1,
7290110116521,false,"פריגת סחוט מיקס אפרסק משמש 400 מ""ל",*החברה המרכזית להפצת משקאותבעמ,,פריגת מיקס אפרסק משמ,מיליליטרים,400.00,"100 מ""ל",false,1,9.90,2.48,true,1,
7290110320591,false,גבינה בולגרית במרקם מעודן 16% פיראוס,"תנובה בע""מ ***",,פיראוס בולגרית מעודנ,גרמים,250.00,100 גרם,false,1,21.90,8.76,true,1,
7290110320683,false,שמיניית משקה יוגורט 1.5% טעם תות יופלה 107 גרם,מיוצר עי קונדיטוריית,,מארז משקה יופלה תות,מיליליטרים,856.00,"100 מ""ל",false,1,19.10,2.23,true,1,
7290110320850,false,פתיתים גבינה חצי קשה מגורדת 28% שומן,תנובה מרכז שיתופי לש,,פתיתי עמק 200 גר,גרמים,200.00,100 גרם,false,1,15.20,7.60,true,1,
7290110320867,false,פתיתים גבינה חצי קשה מגורדת 28% שומן,תנובה מרכז שיתופי לש,,פתיתי עמק למאפים 28%,גרמים,500.00,100 גרם,false,1,34.90,6.98,true,1,
7290110320935,false,פרוסות מוצרלה 150 גר`קולקשיין תנובה,תנובה מרכז שיתופי לש,,פרוסות מוצרלה 150 גר,גרמים,150.00,100 גרם,false,1,15.90,10.60,true,1,
>>>>>>> d048ac2f4f281c9d788043ab4e81b61b0dbe3743
7290110321277,false,קוטג' בקטנה 5% תנובה 100 גרם מהדרין,פארייפאבה אגרואינדוס,,קוטג בקטנה 5% 100 גר,גרמים,100.00,100 גרם,false,1,2.60,2.60,true,1,
7290110321284,false,קוטג' בקטנה 9% תנובה 100 גרם מהדרין,פארייפאבה אגרואינדוס,,קוטג בקטנה 9% 100 גר,גרמים,100.00,100 גרם,false,1,2.60,2.60,true,1,
7290110321604,false,קוביות פיראוס בולגרית מעודנת 5% 200 גרם - רבנות,"תנובה בע""מ ***",IL,קוביות בולגרית 5% מע,גרמים,200.00,100 גרם,false,1,22.90,11.45,true,1,
7290110321680,false,יוגורט GO בטעם תות 20 גרם חלבון בגביע,מיוצר עי קונדיטוריית,,יופלה גו תות חלבון,מיליליטרים,200.00,"100 מ""ל",false,1,5.70,2.85,true,1,
7290110321697,false,יוגורט GO בטעם אפרסק 20 גרם חלבון בגביע,מיוצר עי קונדיטוריית,,יופלה אפרסק GO,מיליליטרים,200.00,"100 מ""ל",false,1,5.70,2.85,true,1,
7290110322014,false,טופו בטעם טבעי תנובה ALTERNATIVE,שוורצקוף& הנקל דיסלד,,טופו טבעי 300 גר,גרמים,300.00,100 גרם,false,1,12.50,4.17,true,1,
7290110322021,false,"תנובה טופו בזיליקום 300 גר' בד""צ",שוורצקוף& הנקל דיסלד,,טופו בזיליקום 300 גר,גרמים,300.00,100 גרם,false,1,12.50,4.17,true,1,
<<<<<<< HEAD
7290110322038,false,טופו פיקנטי תנובה ALTERNATIVE,שוורצקוף& הנקל דיסלד,,טופו פיקנטי 300 גר,גרמים,300.00,100 גרם,false,1,12.50,4.17,true,1,
7290110323073,false,"משקה יוגורט יופלה גו תות פטל 250 מ""ל - רבנות",מיוצר עי קונדיטוריית,IL,משקה יוגורט מועשר בח,מיליליטרים,250.00,"100 מ""ל",false,1,6.30,2.52,true,1,
7290110323301,false,טל העמק בסגנון אמנטל 32% שומן 200 גרם,פ.פ.ח. שאביט,IL,גבינה טל העמק 32% 20,גרמים,200.00,100 גרם,false,1,18.90,9.45,true,1,
7290110323585,false,יופלה יוגורט עם דובדבן מופחת קלוריות 200 ג' GO,יופלה Yoplait,IL,יוגורט עם דובדבן מופ,מיליליטרים,200.00,"100 מ""ל",false,1,5.70,2.85,true,1,
7290110323592,false,יופלה יוגורט עם אפרסק מופחת קלוריות 200 ג' GO,יופלה Yoplait,IL,יוגורט עם אפרסק מופח,מיליליטרים,200.00,"100 מ""ל",false,1,5.70,2.85,true,1,
=======
7290110322038,false,טופו בטעם פיקנטי 300 גר`תנובה,"תנובה בע""מ ***",,טופו פיקנטי 300 גר,גרמים,300.00,100 גרם,false,1,12.50,4.17,true,1,
7290110323073,false,"משקה יוגורט יופלה גו תות פטל 250 מ""ל - רבנות",מיוצר עי קונדיטוריית,IL,משקה יוגורט מועשר בח,מיליליטרים,250.00,"100 מ""ל",false,1,6.30,2.52,true,1,
7290110323301,false,טל העמק בסגנון אמנטל 32% שומן 200 גרם,"תנובה בע""מ ***",IL,גבינה טל העמק 32% 20,גרמים,200.00,100 גרם,false,1,18.90,9.45,true,1,
7290110323585,false,יופלה יוגורט עם דובדבן מופחת קלוריות 200 ג' GO,"תנובה בע""מ ***",IL,יוגורט עם דובדבן מופ,מיליליטרים,200.00,"100 מ""ל",false,1,5.70,2.85,true,1,
7290110323592,false,יופלה יוגורט עם אפרסק מופחת קלוריות 200 ג' GO,תנובה בעמ ***,IL,יוגורט עם אפרסק מופח,מיליליטרים,200.00,"100 מ""ל",false,1,5.70,2.85,true,1,
>>>>>>> d048ac2f4f281c9d788043ab4e81b61b0dbe3743
7290110323714,false,משקה קוקוס שקדים תנובה E אלטרנטיב,מיוצר עי קונדיטוריית,IL,משקה קוקוס שקדים 1 ל,מיליליטרים,1000.00,"100 מ""ל",false,1,12.90,1.29,true,1,
7290110324353,false,יוגורט GO לייט בטעם אננס 20 גרם חלבון בגביע,מיוצר עי קונדיטוריית,IL,יופלה גו אננס לייט,מיליליטרים,200.00,"100 מ""ל",false,1,5.70,2.85,true,1,
7290110324551,false,יופלה טיוב יוגורט במרקם חלק תות כשרות מהדרין,"תנובה בע""מ ***",IL,יופלה טיוב במרקם חלק,גרמים,348.00,100 גרם,false,1,14.60,4.20,true,1,
7290110324711,false,ממרח סויה 9% שומן בטעם טבעי תנובה 250 גרם,מיוצר עי קונדיטוריית,IL,ממרח סויה טבעי 9% 25,גרמים,250.00,100 גרם,false,1,10.40,4.16,true,1,
7290110324841,false,מעדן שקדים עם שוקולד מריר תנובה 125 גרם,מיוצר עי קונדיטוריית,IL,מעדן שקדים עם שוקולד,גרמים,125.00,100 גרם,false,1,5.00,4.00,true,1,
7290110324858,false,מעדן שקדים בטעם אגוזי לוז תנובה 125 גרם,מיוצר עי קונדיטוריית,IL,מעדן שקדים בטעם אגוז,גרמים,125.00,100 גרם,false,1,5.00,4.00,true,1,
7290110324872,false,גבינה צהובה גלבוע (5% 200 גר`)תנובה,גלבוע - תנובה,,גלבוע 5% 200 גרם,גרמים,200.00,100 גרם,false,1,17.90,8.95,true,1,
7290110324926,false,משקה סויה ללא תוספת סוכר E אלטרנטיב,תנובה מרכז שיתופי לש,,משקה סויה ללא תוספת,מיליליטרים,1000.00,"100 מ""ל",false,1,10.90,1.09,true,1,
7290110325121,false,"משקה יוגורט יופלה גו לייט מנגו אננס 250 מ""ל",תנובה בעמ ***,IL,משקה יוגורט גו לייט,מיליליטרים,250.00,"100 מ""ל",false,1,5.90,2.36,true,1,
7290110325169,false,פרוסות גאודה 170 גר`קולקשיין תנובה,תנובה בעמ ***,IL,פרוסות גאודה 170 גרם,גרמים,170.00,100 גרם,false,0,18.90,11.12,true,1,
7290110325305,false,יופלה GO סויה 20 גרם חלבון במתיקות מעודנת תנובה 200 גרם,מיוצר עי קונדיטוריית,IL,מעדן סויה גו 200 גרם,גרמים,200.00,100 גרם,false,1,5.70,2.85,true,1,
7290110325312,false,יופלה GO סויה 20 גרם חלבון בטעם תות תנובה 200 גרם,תנובה בעמ ***,IL,מעדן סויה גו 20 גר ח,גרמים,200.00,100 גרם,false,1,5.70,2.85,true,1,
7290110325510,false,יופלה טיוב יוגורט במרקם חלק בטעם וניל-יוניקור,"תנובה בע""מ ***",IL,יופלה טיוב יוגורט,גרמים,348.00,100 גרם,false,1,14.60,4.20,true,1,
7290110325619,false,משקה שיבולת שועל תנובה E אלטרנטיב,מיוצר עי קונדיטוריית,IL,משקה שיבולת שועל 1 ל,ליטרים,0.00,ליטר,false,1,12.90,12.90,true,1,
7290110325701,false,פיראוס צזיקי יווני 9% שומן בשיטת יצור מסורתית על בסיס יוגורט,גוד פוד פרודקטס S.p,,גבינת פיראוס יווני 9,גרמים,250.00,100 גרם,false,1,13.50,5.40,true,1,
7290110325893,false,משקה חלב GO מועשר בחלבון בטעם אייס קפה,מיוצר עי קונדיטוריית,IL,"אייס קפה GO 340 מ""ל",גרמים,340.00,100 גרם,false,1,9.40,2.76,true,1,
7290110326210,false,יופלה און טופ פצפוצים תנובה 157 גרם,מיוצר עי קונדיטוריית,,יופלה און טופ פצפוצי,גרמים,157.00,100 גרם,false,1,5.50,3.50,true,1,
7290110326227,false,יופלה און טופ קורנפלקס תנובה 157 גרם,מיוצר עי קונדיטוריית,,יופלה און טופ קורנפל,גרמים,157.00,100 גרם,false,1,5.50,3.50,true,1,
7290110326234,false,יופלה און טופ כוכבים תנובה 157 גרם,מיוצר עי קונדיטוריית,,יופלה און טופ כוכבים,גרמים,157.00,100 גרם,false,1,5.50,3.50,true,1,
<<<<<<< HEAD
7290110326333,false,פרוסות גבינה סקנדינבית תנובה 170 גרם,פ.פ.ח. שאביט,IL,גבינה סקנדינבית פרוס,גרמים,170.00,100 גרם,false,0,19.90,11.71,true,1,
7290110326906,false,חלב נטול לקטוז 3% שומן תנובה 1 ליטר,מיוצר עי קונדיטוריית,IL,חלב טרי נטול לקטוז 3,מיליליטרים,1000.00,"100 מ""ל",false,1,7.40,0.74,true,1,
7290110326999,false,"משקאות חלב+שוקולד קלאסי 340 מ""ל YOLO בקבוק.",תנובה חלב,IL,משקה חלב עם שוקולד ק,מיליליטרים,340.00,"100 מ""ל",false,1,7.90,2.32,true,1,
=======
7290110326333,false,פרוסות גבינה סקנדינבית 170 גר`קולקשיין,"תנובה בע""מ ***",IL,גבינה סקנדינבית פרוס,גרמים,170.00,100 גרם,false,0,19.90,11.71,true,1,
7290110326906,false,חלב נטול לקטוז 3% שומן( 1 ליטר)תנובה,מיוצר עי קונדיטוריית,IL,חלב טרי נטול לקטוז 3,מיליליטרים,1000.00,"100 מ""ל",false,1,7.40,0.74,true,1,
>>>>>>> d048ac2f4f281c9d788043ab4e81b61b0dbe3743
7290110327033,false,משקה סויה תנובה גו מועשר בחלבון במתיקות מופחתת,מיוצר עי קונדיטוריית,,משקה סויה גו מועשר מ,מיליליטרים,1000.00,"100 מ""ל",false,1,12.90,1.29,true,1,
7290110327514,false,alternative משקה שיבולת שועל בטעם אגוזי לוז תנובה 1 ליטר,תנובה מרכז שיתופי לש,,משקה שיבולת שועל בטע,מיליליטרים,1000.00,"100 מ""ל",false,1,12.90,1.29,true,1,
7290110327545,false,יופלה און טופ בטעם תות בתוספת פצפוצים מצופים שוקולד 157 גרם,מיוצר עי קונדיטוריית,,יופלה און טופ תות עם,גרמים,157.00,100 גרם,false,1,5.20,3.31,true,1,
7290110327811,false,חטיף חלבון GO בטעם בצק קוקוס 20 גר`חלבו,"בלמונט קונפקציות בע""\מ.",US,GO חטיף חלבון בטעם ק,גרמים,60.00,100 גרם,false,1,11.90,19.83,true,1,
7290110327828,false,חטיף חלבון GO - חמאת בוטנים 60 ג' חלב נוכרי - רבנות,"בלמונט קונפקציות בע""\מ.",US,GO חטיף חלבון בטעם ח,גרמים,60.00,100 גרם,false,1,11.90,19.83,true,1,
7290110328504,false,טריו - מיקס גבינות מוצרלה סקנדינבית וגאודה 300 גרם,מיוצר עי קונדיטוריית,IL,טריו מיקס- מוצרלה סק,גרמים,300.00,100 גרם,false,1,29.50,9.83,true,1,
7290110328610,false,משקה אורז ושקדים בריסטה אלטרנטיב 1 ליטר,תנובה Alternative,,משקה אורז ושקדים ברי,ליטרים,1.00,ליטר,false,1,12.90,12.90,true,1,
7290110328627,false,יוגורט יופלה GO במרקם סמיך בטעם בננה קרמל 0%,מיוצר עי קונדיטוריית,,יוגורט גו סמיך בננה,מיליליטרים,200.00,"100 מ""ל",false,1,5.90,2.95,true,1,
7290110328764,false,יוגורט יופלה GO במרקם סמיך עם תות 0%,מיוצר עי קונדיטוריית,,יוגורט גו סמיך תות,מיליליטרים,200.00,"100 מ""ל",false,1,5.90,2.95,true,1,
7290110328771,false,יוגורט יופלה GO במרקם סמיך עם פירות יער 0%,מיוצר עי קונדיטוריית,,יוגורט גו סמיך פירות,מיליליטרים,200.00,"100 מ""ל",false,1,5.90,2.95,true,1,
7290110328788,false,יוגורט יופלה GO במרקם סמיך בטעם אפרסק 0%,תנובה מרכז שיתופי לש,,יוגורט גו סמיך אפרסק,מיליליטרים,200.00,"100 מ""ל",false,1,5.90,2.95,true,1,
7290110328887,false,"חלב תנובה בקבוק 3%, כשרות מהדרין, 1 ליטר",הפריט בפיקוח,,חלב בבקבוק 3% מהדרין,מיליליטרים,1000.00,"100 מ""ל",false,1,5.94,0.59,true,1,
7290110329136,false,מעדן חלב מעושר בחלבון בטעם שוקולד 120 ג' GO,תנובה מרכז שיתופי לש,,מעדן חלב go בטעם שוק,גרמים,120.00,100 גרם,false,1,5.10,4.25,true,1,
7290110329143,false,מעדן חלב מעושר בחלבון בטעם וניל גביע 120 ג' GO,תנובה מרכז שיתופי לש,,מעדן חלב go בטעם וני,גרמים,120.00,100 גרם,false,1,5.10,4.25,true,1,
7290110329266,false,יוגורט תנובה מחלב עיזים מלא תנובה 140 ג',תנובה בעמ ***,,יוגורט תנובה מחלב עי,גרמים,150.00,100 גרם,false,1,6.50,4.33,true,1,
7290110329303,false,פרוסות בטעם צהובה קלאסית אלטרנטיב 200 גר,תנובה Alternative,,פרוסות בטעם צהובה קל,גרמים,200.00,100 גרם,false,1,23.90,11.95,true,1,
<<<<<<< HEAD
7290110329426,false,טופו טבעי עם רוטב קרם קוקוס קארי פיקנטי 250 גרם,תנובה חלב,,טופו טבעי 250 גרם עם,ליטרים,0.31,ליטר,false,1,13.90,44.84,true,1,
7290110329433,false,טופו טבעי עם רוטב סצ'ואן אלטרנטיב 250 גרם,תנובה חלב,,טופו טבעי 250 גרם עם,ליטרים,0.31,ליטר,false,1,13.90,44.84,true,1,
7290110329686,false,"משקה חלב גו בטעם עוגיות 340 מ""ל",מיוצר עי קונדיטוריית,,משקה חלב גו בטעם עוג,מיליליטרים,340.00,"100 מ""ל",false,1,9.40,2.76,true,1,
7290110329716,false,משקה חלב קר בטעם קפוצ'ינו 230 גרם תנובה,תנובה מרכז שיתופי לש,IL,משקה קפה קר בטעם קפו,מיליליטרים,230.00,"100 מ""ל",false,1,7.50,3.26,true,1,
=======
7290110329426,false,טופו טבעי עם רוטב קרם קוקוס קארי פיקנטי 250 גרם,תנובה - חלב,,טופו טבעי 250 גרם עם,ליטרים,0.31,ליטר,false,1,13.90,44.84,true,1,
7290110329433,false,טופו טבעי עם רוטב סצ'ואן אלטרנטיב 250 גרם,תנובה - חלב,,טופו טבעי 250 גרם עם,ליטרים,0.31,ליטר,false,1,13.90,44.84,true,1,
7290110329686,false,משקה GO חלב בטעם עוגיות 27 גר`חלבון,מיוצר עי קונדיטוריית,,משקה חלב גו בטעם עוג,מיליליטרים,340.00,"100 מ""ל",false,1,9.40,2.76,true,1,
>>>>>>> d048ac2f4f281c9d788043ab4e81b61b0dbe3743
7290110329723,false,משקה חלב קר בטעם לאטה 230 גרם תנובה,תנובה מרכז שיתופי לש,IL,משקה קפה קר בטעם לאט,מיליליטרים,230.00,"100 מ""ל",false,1,7.50,3.26,true,1,
7290110329730,false,"משקה חלב עם שוקולד וקפה בסגנון לאטה 2.7%  230 מ""ל תנובה",תנובה מרכז שיתופי לש,IL,משקה חלב עם שוקולד ו,מיליליטרים,230.00,"100 מ""ל",false,1,7.50,3.26,true,1,
7290110329792,false,יוגורט סויה BIO Alternative אפרסק 150 ג' תנובה,מיוצר עי קונדיטוריית,IL,סויה BIO אפרסק גביע,גרמים,150.00,100 גרם,false,1,4.80,3.20,true,1,
7290110329808,false,יוגורט סויה BIO Alternative תות 150 ג' תנובה,מיוצר עי קונדיטוריית,IL,סויה BIO תות גביע 15,גרמים,150.00,100 גרם,false,1,4.80,3.20,true,1,
7290110329815,false,סויה BIO מתיקות מעודנת גביע 150 גרם אלטרנטיב,מיוצר עי קונדיטוריית,IL,מעדן סויה ביו מתיקות,גרמים,150.00,100 גרם,false,1,4.80,3.20,true,1,
7290110329822,false,יוגורט סויה BIO Alternative פירות יער 150 ג' תנובה,מיוצר עי קונדיטוריית,IL,מעדן סויה ביו פירות,גרמים,150.00,100 גרם,false,1,4.80,3.20,true,1,
7290110329846,false,יוגורט סויה BIO Alternative בטעם טבעי 150 ג' תנובה,מיוצר עי קונדיטוריית,IL,סויה BIO טבעי גביע A,גרמים,150.00,100 גרם,false,1,4.80,3.20,true,1,
7290110329914,false,מאגדת משקה שיבולת שועל ושקדים 100 גרם*6 יח' ביו אלטרנטיב,תנובה מרכז שיתופי לש,,מאגדת משקה שיבולת שו,ליטרים,0.60,ליטר,false,1,19.90,33.17,true,1,
7290110550219,false,מטבעות שוקולד לבן לאפיה 400 גרם עלית,שטראוס גרופ בע`מ,IT,מטבעות שוקולד לבן לא,גרמים,400.00,100 גרם,false,1,33.90,8.48,true,1,
7290110552121,false,יוגורט 5% בתוספת סידן וויטמין D היוגורט הראשון שלי,שטראוס גרופ בעמ/מצונן,,היוגורט הראשון שלי 1,גרמים,100.00,100 גרם,false,1,2.50,2.50,true,1,
7290110552220,false,יוגורט PRO בטעם תות 0% סוכר לבן 20 גרם חלבון בגביע,שטראוס גרופ בעמ/מצונן,,דנונה פרו תות 20 ג ח,גרמים,200.00,100 גרם,false,1,4.20,2.10,true,1,
7290110552237,false,יוגורט פרו בטעם אפרסק מנגו ללא סוכר 200 ג' דנונה,שטראוס גרופ בעמ/מצונן,,דנונה פרו אפרסק מנגו,גרמים,200.00,100 גרם,false,1,4.20,2.10,true,1,
7290110553036,false,קריספס-פריכיות עם אפונה ובטטה סגולה בטעם בצל מקורמל,"פרח תעשיו מזון בע""מ",IL,פריכת חלבון בטטה סגו,גרמים,60.00,100 גרם,false,1,12.10,20.17,true,1,
7290110553173,false,אנרגי פריכיות אורז בטעם קרמל 50 גרם,שטראוס גרופ בע`מ,,אנרגי פריכיות בטעם ק,גרמים,40.00,100 גרם,false,1,6.90,17.25,true,1,
7290110553180,false,אנרגי פריכיות אורז בטעם תפוח קינמון 50 ג,שטראוס גרופ בע`מ,,אנרגי פריכיות בטעם ת,גרמים,40.00,100 גרם,false,1,6.90,17.25,true,1,
7290110553623,false,צ'יטוס קראנצ'י בטעם צ'דר חלפיניו - חלבי,"שטראוס פריטו ליי בע""\מ )",IL,ציטוס קראנץ צדר חלפי,גרמים,80.00,100 גרם,false,1,4.50,5.63,true,1,
<<<<<<< HEAD
7290110554118,false,נודלס מלזי חריף עם טופו וירקות ברוטב קארי ירוק,"טרופיקל דגיל בע""מ אז",IT,נודלס מלזי חריף דליש,גרמים,350.00,100 גרם,false,1,28.50,8.14,true,1,
7290110554125,false,"נודלס סצ'ואן חריף""דלישס"" שטראוס",אוכל ביתי ניר עציון,IT,נודלס סצואן חריף דלי,גרמים,350.00,100 גרם,false,1,28.50,8.14,true,1,
=======
7290110554118,false,נודלס מלזי חריף עם טופו וירקות ברוטב קארי ירוק,קפוא-זן תעשיות מזון בעמ - תפוג,IT,נודלס מלזי חריף דליש,גרמים,350.00,100 גרם,false,1,28.50,8.14,true,1,
7290110554125,false,דלישס נודלס בסגנון סצ`ואן חריף 350 גרם,קפוא-זן תעשיות מזון בעמ - תפוג,IT,נודלס סצואן חריף דלי,גרמים,350.00,100 גרם,false,1,28.50,8.14,true,1,
7290110554262,false,חלבית מלבין קפה חלבי 350 ג' עלית,שטראוס גרופ בע`מ,,חלבית חדש 350 גרם 20,גרמים,350.00,100 גרם,false,1,25.50,7.29,true,1,
>>>>>>> d048ac2f4f281c9d788043ab4e81b61b0dbe3743
7290110554583,false,מארז חטיפי צ'יטוס פאפס בטעם גבינה - 10 יחידות,"שטראוס פריטו ליי בע""\מ )",IL,מארז ציטוס פאפס גבינ,גרמים,200.00,100 גרם,false,1,15.60,7.80,true,1,
7290110554699,false,"קפה עולה קפסולות אספרסו קלייה איטית וכהה מאוד, 10 * 50 ג'",שטראוס קפה בי.וי.,,"קפסולות שת""פ קפה עול",גרמים,50.00,100 גרם,false,1,19.90,39.80,true,1,
7290110554705,false,קפסולות נספרסו לקפה יוניקו סדרת בתי הקלייה 10יח,שטראוס קפה בי.וי.,,"קפסולות שת""פ קפה יונ",גרמים,50.00,100 גרם,false,1,19.90,39.80,true,1,
7290110554729,false,קפסולות עלית אספרסו 04 תואמות למכונות NESPRESSO,שטראוס קפה בי.וי.,,קפסולות אספרסו 04 ל,גרמים,50.00,100 גרם,false,1,16.50,33.00,true,1,
7290110555306,false,רבע לשבע טבעוני סינמון באן עלית 125 גרם,"הגביע מוצרי וופלים בע""\מ",IL,רבע לשבע טבעוני סינמ,גרמים,125.00,100 גרם,false,1,10.90,8.72,true,1,
7290110555603,false,ספלנדיד אבקה להכנת משקה בטעם שוקולטה,שטראוס גרופ בע`מ,GR,שוקולוטה ספלנדיד 360,גרמים,360.00,100 גרם,false,1,24.90,6.92,true,1,
7290110556242,false,"שוקולד מריר פרווה 100 גר' בד""ץ תוצרת חוץ","שטראוס גרופ בע""מ.",,שוקולד מריר פרווה ח,גרמים,100.00,100 גרם,false,1,5.50,5.50,true,1,
7290110557027,false,חומוס עשיר 50% טחינה גולמית 400 ג' אחלה,שטראוס גרופ בעמ/מצונן,IL,חומוס 50% טחינה 400,גרמים,400.00,100 גרם,false,1,13.90,3.48,true,1,
7290110557102,false,מעדן חלב עם שוקולד מועשר בחלבון 150 ג' שטראוס,שטראוס גרופ בעמ/מצונן,IL,מעדן חלב עם שוקולד,גרמים,150.00,100 גרם,false,1,5.50,3.67,true,1,
7290110557133,false,מעדן הגולן וניל 125 ג' שטראוס,שטראוס גרופ בעמ/מצונן,IL,מעדן הגולן וניל 125,גרמים,125.00,100 גרם,false,1,3.30,2.64,true,1,
7290110557317,false,יוגורט בתוספת סידן וויטמין ד עם שיבולת שועל 100 ג' דנונה,שטראוס גרופ בעמ/מצונן,IL,היוגורט הראשון שלי 1,גרמים,172.00,100 גרם,false,1,2.50,1.45,true,1,
7290110557478,false,חומוס גלילי במרקם מעודן 600 גרם,שטראוס גרופ בעמ/מצונן,,חומוס גלילי אחלה 600,גרמים,600.00,100 גרם,false,1,12.90,2.15,true,1,
7290110558154,false,דנונה לייט אנד פרי עוגת תפוחים 150ג דנונה,שטראוס גרופ בעמ/מצונן,IL,דנונה לייט אנד פריי,גרמים,150.00,100 גרם,false,1,5.40,3.60,true,1,
7290110558239,false,"וואו יוגורט עם שכבה בטעם קראק פאי 5.4%, 150 ג דנונה",שטראוס גרופ בעמ/מצונן,,דנונה WOW קראק פאי 1,גרמים,150.00,100 גרם,false,1,4.90,3.27,true,1,
7290110558253,false,דנונה שייק נונה ריפרש בננה אננס וצ'יה,שטראוס גרופ בעמ/מצונן,IL,דנונה ריפרש בננה אננ,מיליליטרים,250.00,"100 מ""ל",false,1,6.50,2.60,true,1,
7290110558284,false,דנונה ביו מולטי שטראוס 200 גרם,שטראוס גרופ בעמ/מצונן,,דנונה ביו מולטי 200,גרמים,200.00,100 גרם,false,1,4.50,2.25,true,1,
7290110558307,false,יוגורט דנונה PRO עם שיבולת שועל במתיקות מעודנת,שטראוס גרופ בעמ/מצונן,IL,דנונה פרו 20 ג חלבון,גרמים,200.00,100 גרם,false,1,6.40,3.20,true,1,
7290110558314,false,דנונה פרו 20 גרם חלבון ללא סוכר פיסטוק 200 גרם,שטראוס גרופ בעמ/מצונן,,דנונה פרו פיסטוק 20,גרמים,200.00,100 גרם,false,1,4.20,2.10,true,1,
7290110558338,false,דנונה פרו 25 ג' חלבון 200 ג' שטראוס,שטראוס גרופ בעמ/מצונן,IL,דנונה פרו 25 ג חלבון,גרמים,200.00,100 גרם,false,1,4.20,2.10,true,1,
7290110560317,false,"הפריכיות הטעימות חומוס, עדשים שחורות, קינואה ומלח ים","פרח תעשיו מזון בע""מ",IL,פריכיות משולשות אנרג,גרמים,30.00,100 גרם,false,1,5.00,16.67,true,1,
7290110560324,false,"הפריכיות הטעימות תפו""א, אורז, אפונה ומלח ים","פרח תעשיו מזון בע""מ",IL,פריכיות משולשות אנרג,גרמים,30.00,100 גרם,false,1,5.00,16.67,true,1,
<<<<<<< HEAD
7290110561604,false,מארז 8 יחידות מעדן גמדים בטעם תות בננה,"שטראוס בריאות בע""\מ",,מארז שמינייה גמדים,גרמים,800.00,100 גרם,false,1,20.90,2.61,true,1,
7290110563431,false,"משקה קפה קר בסגנון קלאסי 230 מ""ל 1.6% יוטבתה",האי נאם סי או אל.טי.,AT,משקה קפה קר 1.6% קלא,מיליליטרים,230.00,"100 מ""ל",false,1,8.30,3.61,true,1,
7290110563448,false,"משקה קפה קר בסגנון מעודן 230 מ""ל 1.6% יוטבתה",האי נאם סי או אל.טי.,IL,משקה קפה קר 1.6% מעו,מיליליטרים,230.00,"100 מ""ל",false,1,8.30,3.61,true,1,
7290110563462,false,חלב 2% דל לקטוז בבקבוק יטבתה 1 ליטר.,מחלבת יטבתה,IL,חלב נטול לקטוז 2% בב,ליטרים,0.00,ליטר,false,1,8.20,8.20,true,1,
7290110564339,false,חומוס אחלה הסידרה המובחר 30% טחינה 400 גר',מיוצר עי קונדיטוריית,,חומוס עשיר ב-30% טחי,גרמים,400.00,100 גרם,false,1,13.90,3.48,true,1,
7290110564360,false,חומוס אחלה הסידרה המובחר 40% טחינה 400 גר',מיוצר עי קונדיטוריית,,חומוס עשיר ב-40% טחי,גרמים,400.00,100 גרם,false,1,13.90,3.48,true,1,
7290110565527,false,יוגורט PRO פרו 1.5% 20 גרם חלבון בגביע,"שטראוס בריאות בע""מ",,דנונה פרו 20 גרם חלב,גרמים,200.00,100 גרם,false,1,4.20,2.10,true,1,
7290110566623,false,קפסולות קולומביה עלית 08 למכונת נספרסו מארז 5X10ג',שטראוס קפה בי.וי.,IL,קפסולות קולומביה 08,גרמים,50.00,100 גרם,false,1,16.50,33.00,true,1,
7290110566975,false,דנונה פרו יוגורט 0% תות עשיר בחלבון 200ג',"שטראוס בריאות בע""\מ",,דנונה פרו תות 20 גרם,גרמים,200.00,100 גרם,false,1,4.20,2.10,true,1,
7290110570224,false,"משקה קפה קר בטעם עוגיות יטבתה 230 מ""ל",אנסטל מילק kg,AT,משקה קפה קר בטעם עוג,מיליליטרים,230.00,"100 מ""ל",false,1,8.30,3.61,true,1,
=======
7290110561352,false,דנונה יוגורט ביו פרוביוטי 3% דל לקטוז 150ג',שטראוס גרופ בעמ/מצונן,,דנונה דל לקטוז,גרמים,200.00,100 גרם,false,1,3.70,1.85,true,1,
7290110561604,false,מארז 8 יחידות מעדן גמדים בטעם תות בננה,שטראוס גרופ בעמ/מצונן,,מארז שמינייה גמדים,גרמים,800.00,100 גרם,false,1,20.90,2.61,true,1,
7290110563431,false,"משקה קפה קר בסגנון קלאסי 230 מ""ל 1.6% יוטבתה",שטראוס גרופ בעמ/מצונן,AT,משקה קפה קר 1.6% קלא,מיליליטרים,230.00,"100 מ""ל",false,1,8.30,3.61,true,1,
7290110563448,false,"משקה קפה קר בסגנון מעודן 230 מ""ל 1.6% יוטבתה",שטראוס גרופ בעמ/מצונן,IL,משקה קפה קר 1.6% מעו,מיליליטרים,230.00,"100 מ""ל",false,1,8.30,3.61,true,1,
7290110563462,false,חלב 2% דל לקטוז בבקבוק יטבתה 1 ליטר.,שטראוס גרופ בעמ/מצונן,IL,חלב נטול לקטוז 2% בב,ליטרים,0.00,ליטר,false,1,8.20,8.20,true,1,
7290110564339,false,חומוס אחלה הסידרה המובחר 30% טחינה 400 גר',שטראוס גרופ בעמ/מצונן,,חומוס עשיר ב-30% טחי,גרמים,400.00,100 גרם,false,1,13.90,3.48,true,1,
7290110564360,false,חומוס אחלה הסידרה המובחר 40% טחינה 400 גר',שטראוס גרופ בעמ/מצונן,,חומוס עשיר ב-40% טחי,גרמים,400.00,100 גרם,false,1,13.90,3.48,true,1,
7290110565435,false,מעדן ג`לי בטעם פטל חלבי שטראוס (125 גרם,שטראוס גרופ בעמ/מצונן,,לימבו פטל 125 גרם,גרמים,125.00,100 גרם,false,1,2.20,1.76,true,1,
7290110565527,false,יוגורט PRO פרו 1.5% 20 גרם חלבון בגביע,שטראוס גרופ בעמ/מצונן,,דנונה פרו 20 גרם חלב,גרמים,200.00,100 גרם,false,1,4.20,2.10,true,1,
7290110566623,false,קפסולות קולומביה עלית 08 למכונת נספרסו מארז 5X10ג',שטראוס קפה בי.וי.,IL,קפסולות קולומביה 08,גרמים,50.00,100 גרם,false,1,16.50,33.00,true,1,
7290110566975,false,דנונה פרו יוגורט 0% תות עשיר בחלבון 200ג',שטראוס גרופ בעמ/מצונן,,דנונה פרו תות 20 גרם,גרמים,200.00,100 גרם,false,1,4.20,2.10,true,1,
7290110568238,false,"קצפת צמחית 21% שומן 250 מ""ל יוטבתה",שטראוס גרופ בעמ/מצונן,IL,קצפת צמחית 21% 250 ג,גרמים,250.00,100 גרם,false,1,8.60,3.44,true,1,
7290110568276,false,"משקה יוטבתה פרו וניל לשתיה 350מ""ל",שטראוס גרופ בעמ/מצונן,,משקה פרו וניל יטבתה,מיליליטרים,350.00,"100 מ""ל",false,1,6.50,1.86,true,1,
7290110570224,false,משקה קפה קר בטעם עוגיות (230 גר`) יטבתה,שטראוס גרופ בעמ/מצונן,AT,משקה קפה קר בטעם עוג,מיליליטרים,230.00,"100 מ""ל",false,1,8.30,3.61,true,1,
>>>>>>> d048ac2f4f281c9d788043ab4e81b61b0dbe3743
7290110571375,false,"אנרג'י מיקס תערובת צימוקים, תמרים, טופי ושברי פקאן",אנרג'י Energy - שטראוס,,אנרגי מיקס צימוקים ת,גרמים,100.00,100 גרם,false,1,18.90,18.90,true,1,
7290110571382,false,מעדן חלב בטעם וניל מעושר בחלבון 150 ג' שטראוס,שטראוס גרופ בעמ/מצונן,IL,מעדן חלב בטעם וניל מ,גרמים,150.00,100 גרם,false,1,5.50,3.67,true,1,
7290110571481,false,פחית קפה נמס קמפיין משפטים 200 גרם 2022,שטראוס קפה בי.וי,,פחית קפה נמס קמפיין,גרמים,200.00,100 גרם,false,1,19.90,9.95,true,1,
7290110572884,false,"קפסולות קפה מספר 20 למכונת אספרס אספרסו, 50 גרם",שטראוס קפה בי.וי.,,קפסולות 20 למכונות N,גרמים,50.00,100 גרם,false,1,16.50,33.00,true,1,
<<<<<<< HEAD
7290110576363,false,"שוקולד ספלנדיד מריר 80% חלבי ,פולי קקאו מאוגנדה",קימ'\ס גריפלנן,,ספלנדיד שוקולד מריר,גרמים,100.00,100 גרם,false,1,8.90,8.90,true,1,
7290110576387,false,מאגדת שלישיית שוקולד אגוז חלב 300 ג' עלית,שטראוס,FR,מארז שלישיית אגוז חל,גרמים,300.00,100 גרם,false,1,26.90,8.97,true,1,
7290110576752,false,טבלאות שוקולד ספלנדיד מריר 70% 100 ג' עלית,קימ'\ס גריפלנן,,ספלנדיד מריר 70% 22,גרמים,100.00,100 גרם,false,1,10.00,10.00,true,1,
7290110576776,false,טבלאות שוקולד ספלנדיד מריר 85% 100 ג' עלית,קימ'\ס גריפלנן,,ספלנדיד מריר 85% 100,גרמים,100.00,100 גרם,false,1,10.00,10.00,true,1,
7290110576790,false,גבינת סקי 3% בטעם מוקה 125 גרם,"שטראוס בריאות בע""\מ",,סקי בטעם מוקה 125 גר,גרמים,125.00,100 גרם,false,1,3.70,2.96,true,1,
7290110576868,false,רבעיית גמדים סלט פירוט * 100 ג' שטראוס,"שטראוס בריאות בע""\מ",,גמדים רביעיית סלט פי,גרמים,200.00,100 גרם,false,1,11.70,5.85,true,1,
7290111090134,false,"I-CARE שלישיית מגבוני רענון לידיים,12 *3",נאופארם,,מגבוני רענון I CARE,Unknown,0.00,Unknown,false,1,13.90,13.90,true,1,
7290111093470,false,"קוויק מסיר הפלא ספוגית להסרת כתמים, 3 יחידות",,CN,קוויק מסיר הפלא ספוג,יחידה,1.00,יחידה,false,1,12.90,12.90,true,1,
7290111094613,false,מגבונים לניקוי משקפיים 10 יח' I-CARE,נאופארם,,מגבונים לניקוי משקפי,Unknown,0.00,Unknown,false,1,8.90,8.90,true,1,
7290111096921,false,קוויק מגבונים לניקוי כללי בתוספת חומץ ומלח לימון 50 יח',די.פי.אל,,מגבונים לנ.כללי עם ח,Unknown,0.00,Unknown,false,1,8.30,8.30,true,1,
7290111098703,false,מארז מסכות פנים 50 יח,,CN,מארז מסכות פנים 50 י,יחידה,1.00,יחידה,false,1,9.90,9.90,true,1,
7290111340109,false,דיפנד - מגן תחתון לנשים אקטיב 22 יח',קימברלי קלארק,CZ,מגן תחתון דיפנד אקטי,Unknown,0.00,Unknown,false,1,20.90,20.90,true,1,
7290111340178,false,מטליות לחות ניקול לניקוי כללי בניחוח מרכך כביסה 50 יח',חוגלה קימברלי,,מטל.לחות לניקוי כללי,Unknown,0.00,Unknown,false,1,11.90,11.90,true,1,
7290111340185,false,מטליות לחות רצפה ניחוח מרכך כביסה ניקול 10 יחידות,חוגלה קימברלי,,מטליות לחות לנ.רצפה,Unknown,0.00,Unknown,false,1,10.90,10.90,true,1,
7290111340956,false,ניקול מטליות לחות לרצפה בניחוח פריחה לבנה,חוגלה קימברלי,,מט.לחות ניקול לנ.רצפ,Unknown,0.00,Unknown,false,1,10.90,10.90,true,1,
7290111341366,false,ניקול מפיות אירוח חד שכבתי 150 יחידות,"משווק ע""י קימברלי קלארק",IL,מפיות ניקול חד שכבתי,Unknown,0.00,Unknown,false,1,7.90,7.90,true,1,
7290111341816,false,נייר אפייה ניקול עם סליידר 22 מ,אופל,IL,נייר אפייה ניקול עם,מטרים,22.00,מטר,false,1,21.90,1.00,true,1,
7290111341984,false,לילי - מגבוני נייר טואלט לח פיור רביעייה,קימברלי,IL,נייר טואלט לילי לח מ,Unknown,0.00,Unknown,false,1,20.00,20.00,true,1,
7290111342004,false,נייר טואלט לילי לח קידס 56 דפים,חוגלה קימברלי,IL,נייר טואלט לח לילי ק,Unknown,0.00,Unknown,false,1,7.90,7.90,true,1,
7290111342042,false,ניקול כריות יפניות אנטיבקטריאלי 4 יחידות,פלסטו פוליש,IL,כריות יפניות ניקול ל,Unknown,0.00,Unknown,false,1,11.90,11.90,true,1,
7290111342059,false,50 מטליות מיקרופייבר לשטחים אנטיבקטריאלי ניקול,ניקול,IL,מט.לחות ניקול לחיט מ,Unknown,0.00,Unknown,false,1,14.90,14.90,true,1,
7290111342073,false,מטליות מקרופייבר למשטחים אנטיבקטריאלי ניקול,ניקול,CN,מט.ניקול מיקרופיבר ל,Unknown,0.00,Unknown,false,1,17.70,17.70,true,1,
7290111342738,false,לילי - מגבוני נייר טואלט לח קידס רביעייה,לילי נייר טואלט חוגלה,IL,נייר טואלט לילי לח ק,Unknown,0.00,Unknown,false,1,20.00,20.00,true,1,
7290111343117,false,"קלינקס לושן סופט פק זוגות 140 דף ""חדש""",קימברלי קלארק,,ממחטות אף קלינקס לוש,Unknown,0.00,Unknown,false,1,14.90,14.90,true,1,
7290111343841,false,ניקול ספוגית הקסם נירוסטה 3 יחידות,ניקול,CN,ספוגית הקסם ניקול ני,יחידה,1.00,יחידה,false,1,15.60,15.60,true,1,
7290111343858,false,ניקול מטליות לחות לרצפה אנטיבקרטריאלי 10 יחידות,עלבד משואות יצחק,IL,מטליות לחות ניקול לר,Unknown,0.00,Unknown,false,1,13.90,13.90,true,1,
7290111344206,false,האגיס נטורל קר מגבונים לחים בבישום עדין רביעייה,חוגלה קימברלי,,מגבוני האגיס רביעייה,Unknown,0.00,Unknown,false,1,19.90,19.90,true,1,
7290111344527,false,ניקול שקיות אשפה XXL לפחים ענקיים 20 יחי,קימברלי קלארק,,זוג שקיות אשפה ניקול,Unknown,0.00,Unknown,false,1,25.90,25.90,true,1,
7290111344732,false,קלינקס - טיישו אלרג'י קומפורט ניילון זוגות 140 דף,קימברלי קלארק,IL,ממחטות קלינקס אלרגי,Unknown,0.00,Unknown,false,1,16.70,16.70,true,1,
7290111344916,false,ניקול שישיית כריות יפניות אנטיבקטריאליות,חוגלה קימברלי,IL,כרית יפנית אנטיבקטרי,Unknown,0.00,Unknown,false,1,14.60,14.60,true,1,
7290111344930,false,מטליות לחות לרצפה בניחוח כביסה ארומתרפיה ניקול 10 יח',ניקול,,מט.לחות ניקול לנ.רצפ,Unknown,0.00,Unknown,false,1,10.90,10.90,true,1,
7290111345753,false,תחבושות נטורל דואו נורמל 24 יח' קוטקס,קריות זול,CZ,תחבושות קוטקס כותנה,Unknown,0.00,Unknown,false,1,18.90,18.90,true,1,
7290111345821,false,לילי - נייר טואולט נטורל קר ג'מבו 16 יח',חוגלה קימברלי,,נייר טואלט לילי לבן,מטרים,588.80,מטר,false,1,34.90,0.06,true,1,
7290111346125,false,מארז שלישייה מגבוני דיילי קר ללא בישום *56 יח' האגיס,קימברלי,,מגבוני האגיס שלישייה,Unknown,0.00,Unknown,false,1,21.90,21.90,true,1,
7290111346132,false,מארז שלישייה מגבוני סנסטיב קר ללא בישום *56 יח' האגיס,עלבד,,מגבוני האגיס שלישייה,Unknown,0.00,Unknown,false,1,21.90,21.90,true,1,
7290111346293,false,מגבת נייר ניקול 6 יחידות מהדורה חגיגית,קימברלי קלארק,,מגבות ניקול שישייה מ,Unknown,0.00,Unknown,false,1,12.90,12.90,true,1,
7290111350047,false,תמרים מזן מגהול ללא חרצנים 500 גרם,טעמי הגליל,,תמרים מזן מגהול ללא,גרמים,500.00,100 גרם,false,1,14.90,2.98,true,1,
7290111350665,false,קליית גת דבש לחיץ טהור מפרחי בר 350 גרם,חקלאות עין חרוד מאוח,,דבש לחיץ קליית גת 35,גרמים,350.00,100 גרם,false,1,23.90,6.83,true,1,
7290111350719,false,חטיף נאצוס הוטפופ בסגנון מסעדות 322 גר,ליימן מותגים,US,חטיף נאצוס הוטפופ בס,גרמים,322.00,100 גרם,false,1,16.90,5.25,true,1,
7290111350726,false,חטיף נאצוס הוטפופ בסגנון מקסיקני 322 גר,ליימן מותגים,US,חטיף נאצוס הוטפופ בס,גרמים,322.00,100 גרם,false,1,16.90,5.25,true,1,
7290111351280,false,תערובת אגוזים קלויים ללא מלח 150 גרם קליית גת,קליית גת,,תערובת אגוזים קלויים,גרמים,150.00,100 גרם,false,1,21.90,14.60,true,1,
7290111351747,false,צ'וקטה טורטיה מקמח חיטה 320 גרם,צ'וקטה,DE,טורטיות מקמח חיטה צו,גרמים,320.00,100 גרם,false,1,9.90,3.09,true,1,
7290111352430,false,ממרח תמרים טבעי קליית גת 440 גרם,"כד בני דרום בע""מ",IL,ממרח תמרים טבעי קליי,גרמים,440.00,100 גרם,false,1,14.90,3.39,true,1,
7290111353109,false,"גומי נחש מבריק 200 גר' וסטהיים (כש""לפ בית יוסף).",טופגם תעשיות ממתקים,TR,סוכריות גומי נחשים מ,גרמים,200.00,100 גרם,false,1,10.40,5.20,true,1,
7290111353451,false,חטיף בירקות שורש ומלח ים הוטפופ 120 גרם,איץ.סיי גרופ אס.דה א,HN,חטיף ירקות שורש ומלח,גרמים,120.00,100 גרם,false,1,14.90,12.42,true,1,
7290111354144,false,ממרח קוקוס מקורמל קליית גת 200 גרם,J&G קיסריה,IL,ממרח קוקוס מקורמל קל,גרמים,200.00,100 גרם,false,1,16.90,8.45,true,1,
7290111354236,false,"טורטיה מקמח חיטה 25 ס""מ צ'וקטה 420 גרם",צ'וקטה,,טורטייה מרקדו קמח חי,גרמים,420.00,100 גרם,false,1,11.90,2.83,true,1,
7290111354243,false,"טורטיה מקמח חיטה 30 ס""מ צ'וקטה 540 גרם",צ'וקטה,,טורטייה מרקדו קמח חי,גרמים,540.00,100 גרם,false,1,13.90,2.57,true,1,
7290111354335,false,מיני מרשמלו בטעם וניל יוגטה 30 גרם,צ'וקטה,,מיני מרשמלו יוגטה בט,גרמים,30.00,100 גרם,false,1,2.20,7.33,true,1,
7290111564277,false,פריכיות דקות ונימוחות 3 דגנים פיטנס Fitness,פרח תעשיות בעמ,,פריכיות פיטנס שלושה,גרמים,120.00,100 גרם,false,1,10.90,9.08,true,1,
7290111564291,false,פריכיות דקות ונימוחות 3 דגנים וקינואה פיטנס Fitness,פרח תעשיות בעמ,,פריכיות פיטנס דקות ע,גרמים,120.00,100 גרם,false,1,10.90,9.08,true,1,
7290111566271,false,חטיפי תירס טבעול 657 גרם,עיצובים 2020 (4.8),,חטיפי תירס טבעול 657,גרמים,657.00,100 גרם,false,1,29.90,4.55,true,1,
7290111566318,false,שניצל דק מן הצומח בטעם ביתי 700 גרם,עיצובים 2020 (4.8),,שניצל דק טבעול 564 ג,גרמים,564.00,100 גרם,false,1,31.90,5.66,true,1,
7290111566332,false,"נקניקיות וינר מן הצומח 680 גרם ""טבעול""",עיצובים 2020 (4.8),,נקניקיות וינר צמחוני,גרמים,680.00,100 גרם,false,1,36.50,5.37,true,1,
7290111566417,false,טבעול טחון מן הצומח משופר 400 גרם,עיצובים 2020 (4.8),,טחון צמחוני טבעול 50,גרמים,500.00,100 גרם,false,1,36.50,7.30,true,1,
7290111566547,false,טבעול חזה בגריל צמחוני 99 קלוריות 560ג',עיצובים 2020 (4.8),,חזה בגריל צמחוני טבע,גרמים,560.00,100 גרם,false,1,31.90,5.70,true,1,
7290111566561,false,"שניצל ברוקולי 99 קלוריות 560 גר' ""טבעול""",עיצובים 2020 (4.8),,שניצל ברוקולי 99 קלו,גרמים,560.00,100 גרם,false,1,36.50,6.52,true,1,
7290111566585,false,"שניצל צמחוני 99 קלוריות 650 גר' ""טבעול""",עיצובים 2020 (4.8),,שניצל צמחוני 99 קלור,גרמים,650.00,100 גרם,false,1,36.50,5.62,true,1,
7290111566691,false,"שניצל תרד 99 קלוריות 560 גרם ""טבעול""",עיצובים 2020 (4.8),,שניצל תרד 99 קלוריות,גרמים,560.00,100 גרם,false,1,36.50,6.52,true,1,
7290111566752,false,טבעול שניצל תירס 99 קלוריות 693 גרם,עיצובים 2020 (4.8),,שניצל תירס 99 קלוריו,גרמים,693.00,100 גרם,false,1,31.90,4.60,true,1,
7290111566776,false,"נקניקיות קוקטייל מן הצומח 680 גרם ""טבעול""",עיצובים 2020 (4.8),,נקניקיות קוקטייל צמח,גרמים,680.00,100 גרם,false,1,36.50,5.37,true,1,
7290111567018,false,פירורית זהב אסם זהב כוסמין 200 ג',עינת תעשיות מזון אגו,,פירורית זהב כוסמין 2,גרמים,200.00,100 גרם,false,1,9.10,4.55,true,1,
7290111568275,false,אטריות נודלס אורז רחבות אסם אסייתי 300גרם,תאי פרזידנט,,נודלס אטריות אורז רח,גרמים,300.00,100 גרם,false,1,11.40,3.80,true,1,
7290111568299,false,אטריות נודלס עם תרד אסם אסייתי 300 גר',זארה,,נודלס אטריות עם תרד,גרמים,300.00,100 גרם,false,1,11.40,3.80,true,1,
7290111568961,false,בייגלה טבעות מלח אסם 400 גרם,אסם,,בייגלה טבעות מלח 400,גרמים,400.00,100 גרם,false,1,9.90,2.48,true,1,
7290111873133,false,נרות מטה כוכבים סמי הכבא,,CN,נרות מטה כוכבים סמי,Unknown,1.00,Unknown,false,10,6.90,6.90,true,1,
7290111930799,false,קראנצ'וס טעם בצל 55גר,קראנצ'וס,,קראנצוס בצל 55 גרם,גרמים,55.00,100 גרם,false,1,3.50,6.36,true,1,
7290111930805,false,קראנצ'וס טעם ברביקיו 55 גר',חברת מנה בעמ,,קראנצוס ברביקיו 55 ג,גרמים,55.00,100 גרם,false,1,3.50,6.36,true,1,
7290111930898,false,חטיף פוף כוכבים גריל אמריקאי 40 גרם,פוף POOF,,חטיף פוף כוכבים גריל,גרמים,40.00,100 גרם,false,1,4.60,11.50,true,1,
7290111930904,false,חטיף פוף כוכבים בצל 40 גרם,פוף POOF,,חטיף פוף כוכבים בצל,גרמים,40.00,100 גרם,false,1,4.60,11.50,true,1,
7290111930911,false,חטיף פוף לבבות קלאסי 40 גרם,פוף POOF,,חטיף פוף לבבות קלאסי,גרמים,40.00,100 גרם,false,1,4.60,11.50,true,1,
7290111930928,false,חטיף פוף לבבות גריל 40 גרם,פוף POOF,,חטיף פוף לבבות גריל,גרמים,40.00,100 גרם,false,1,4.60,11.50,true,1,
7290111932380,false,"מרידול משחת שיניים מארז 75X2מ""ל כשל""פ",GABA LOER GER,PL,משחת שיניים מרידול מ,מיליליטרים,150.00,"100 מ""ל",false,1,35.50,23.67,true,1,
7290111932502,false,"משחת שיניים קולגייט אופטיק וייט אקספרט וויט 75 מ""ל",קולגייט Colgate,MX,מש.שיניים קולגייט או,Unknown,0.00,Unknown,false,1,29.90,29.90,true,1,
7290111933462,false,"רוטב צ'ילי מתוק מאסטר שף 300 מ""ל","סיטי פוד בע""מ",,רוטב צילי מתוק מאסטר,מיליליטרים,300.00,"100 מ""ל",false,1,10.90,3.63,true,1,
=======
7290110576363,false,"שוקולד ספלנדיד מריר 80% חלבי ,פולי קקאו מאוגנדה",שטראוס גרופ בע`מ,,ספלנדיד שוקולד מריר,גרמים,100.00,100 גרם,false,1,8.90,8.90,true,1,
7290110576387,false,מאגדת שלישיית שוקולד אגוז חלב 300 ג' עלית,שטראוס גרופ בע`מ,FR,מארז שלישיית אגוז חל,גרמים,300.00,100 גרם,false,1,26.90,8.97,true,1,
7290110576752,false,טבלאות שוקולד ספלנדיד מריר 70% 100 ג' עלית,שטראוס גרופ בע`מ,,ספלנדיד מריר 70% 22,גרמים,100.00,100 גרם,false,1,10.00,10.00,true,1,
7290110576776,false,טבלאות שוקולד ספלנדיד מריר 85% 100 ג' עלית,שטראוס גרופ בע`מ,,ספלנדיד מריר 85% 100,גרמים,100.00,100 גרם,false,1,10.00,10.00,true,1,
7290110576790,false,סקי בטעם מוקה 3% (125 גר`) דנונה,שטראוס גרופ בעמ/מצונן,,סקי בטעם מוקה 125 גר,גרמים,125.00,100 גרם,false,1,3.70,2.96,true,1,
7290110576868,false,רבעיית גמדים סלט פירוט * 100 ג' שטראוס,שטראוס גרופ בעמ/מצונן,,גמדים רביעיית סלט פי,גרמים,200.00,100 גרם,false,1,11.70,5.85,true,1,
7290110577230,false,משקה חלב בטעם פיסטוק בבקבוק יטבתה 1 ליטר,שטראוס גרופ בעמ/מצונן,,משקה חלב בטעם פיסטוק,מיליליטרים,1000.00,"100 מ""ל",false,1,11.90,1.19,true,1,
7290111090134,false,"I-CARE שלישיית מגבוני רענון לידיים,12 *3",שקד תבל בעמ,,מגבוני רענון I CARE,Unknown,0.00,Unknown,false,1,13.90,13.90,true,1,
7290111093470,false,"קוויק מסיר הפלא ספוגית להסרת כתמים, 3 יחידות",שקד תבל בע`מ,CN,קוויק מסיר הפלא ספוג,יחידה,1.00,יחידה,false,1,12.90,12.90,true,1,
7290111094613,false,מגבונים לניקוי משקפיים 10 יח' I-CARE,שקד תבל בע`מ,,מגבונים לניקוי משקפי,Unknown,0.00,Unknown,false,1,8.90,8.90,true,1,
7290111096921,false,קוויק מגבונים לניקוי כללי בתוספת חומץ ומלח לימון 50 יח',שקד תבל בע`מ,,מגבונים לנ.כללי עם ח,Unknown,0.00,Unknown,false,1,8.30,8.30,true,1,
7290111098703,false,מארז מסכות פנים 50 יח,,CN,מארז מסכות פנים 50 י,יחידה,1.00,יחידה,false,1,9.90,9.90,true,1,
7290111340109,false,דיפנד - מגן תחתון לנשים אקטיב 22 יח',קימברלי קלארק ישראל שיווק בעמ,CZ,מגן תחתון דיפנד אקטי,Unknown,0.00,Unknown,false,1,20.90,20.90,true,1,
7290111340178,false,מטליות לחות ניקול לניקוי כללי בניחוח מרכך כביסה 50 יח',קימברלי קלארק ישראל שיווק בעמ,,מטל.לחות לניקוי כללי,Unknown,0.00,Unknown,false,1,11.90,11.90,true,1,
7290111340185,false,מטליות לחות רצפה ניחוח מרכך כביסה ניקול 10 יחידות,קימברלי קלארק ישראל שיווק בעמ,,מטליות לחות לנ.רצפה,Unknown,0.00,Unknown,false,1,10.90,10.90,true,1,
7290111340956,false,ניקול מטליות לחות לרצפה בניחוח פריחה לבנה,קימברלי קלארק ישראל שיווק בעמ,,מט.לחות ניקול לנ.רצפ,Unknown,0.00,Unknown,false,1,10.90,10.90,true,1,
7290111341359,false,ניקול רדיד אלומיניום חסכוני 60 מטר עם סכ,קימברלי קלארק ישראל שיווק בעמ,IL,רדיד אלומיניום+סכין,מטרים,60.00,מטר,false,1,44.90,0.75,true,1,
7290111341366,false,מפיות אירוח איכותיות ונעימות למגע ניקול,קימברלי קלארק ישראל שיווק בעמ,IL,מפיות ניקול חד שכבתי,Unknown,0.00,Unknown,false,1,7.90,7.90,true,1,
7290111341816,false,נייר אפייה ניקול עם סליידר 22 מ,קימברלי קלארק ישראל שיווק בעמ,IL,נייר אפייה ניקול עם,מטרים,22.00,מטר,false,1,21.90,1.00,true,1,
7290111341984,false,לילי - מגבוני נייר טואלט לח פיור רביעייה,קימברלי קלארק ישראל שיווק בעמ,IL,נייר טואלט לילי לח מ,Unknown,0.00,Unknown,false,1,20.00,20.00,true,1,
7290111342004,false,מגבוני נייר טואלט לחים 56 דף דיספנסר,קימברלי קלארק ישראל שיווק בעמ,IL,נייר טואלט לח לילי ק,Unknown,0.00,Unknown,false,1,7.90,7.90,true,1,
7290111342042,false,ניקול כריות יפניות אנטיבקטריאלי 4 יחידות,קימברלי קלארק ישראל שיווק בעמ,IL,כריות יפניות ניקול ל,Unknown,0.00,Unknown,false,1,11.90,11.90,true,1,
7290111342059,false,50 מטליות מיקרופייבר לשטחים אנטיבקטריאלי ניקול,קימברלי קלארק ישראל שיווק בעמ,IL,מט.לחות ניקול לחיט מ,Unknown,0.00,Unknown,false,1,14.90,14.90,true,1,
7290111342073,false,מטליות מקרופייבר למשטחים אנטיבקטריאלי ניקול,קימברלי קלארק ישראל שיווק בעמ,CN,מט.ניקול מיקרופיבר ל,Unknown,0.00,Unknown,false,1,17.70,17.70,true,1,
7290111342738,false,לילי - מגבוני נייר טואלט לח קידס רביעייה,קימברלי קלארק ישראל שיווק בעמ,IL,נייר טואלט לילי לח ק,Unknown,0.00,Unknown,false,1,20.00,20.00,true,1,
7290111343117,false,קלינקס ממחטות לושן סופט פק זוגות 140דף,קימברלי קלארק ישראל שיווק בעמ,,ממחטות אף קלינקס לוש,Unknown,0.00,Unknown,false,1,14.90,14.90,true,1,
7290111343841,false,ניקול ספוגית הקסם נירוסטה 3 יחידות,קימברלי קלארק ישראל שיווק בעמ,CN,ספוגית הקסם ניקול ני,יחידה,1.00,יחידה,false,1,15.60,15.60,true,1,
7290111343858,false,ניקול מטליות לחות לרצפה אנטיבקרטריאלי 10 יחידות,קימברלי קלארק ישראל שיווק בעמ,IL,מטליות לחות ניקול לר,Unknown,0.00,Unknown,false,1,13.90,13.90,true,1,
7290111344206,false,האגיס נטורל קר מגבונים לחים בבישום עדין רביעייה,קימברלי קלארק ישראל שיווק בעמ,,מגבוני האגיס רביעייה,Unknown,0.00,Unknown,false,1,19.90,19.90,true,1,
7290111344527,false,ניקול שקיות אשפה XXL לפחים ענקיים 20 יחי,קימברלי קלארק ישראל שיווק בעמ,,זוג שקיות אשפה ניקול,Unknown,0.00,Unknown,false,1,25.90,25.90,true,1,
7290111344732,false,קלינקס - טיישו אלרג'י קומפורט ניילון זוגות 140 דף,קימברלי קלארק ישראל שיווק בעמ,IL,ממחטות קלינקס אלרגי,Unknown,0.00,Unknown,false,1,16.70,16.70,true,1,
7290111344916,false,ניקול שישיית כריות יפניות אנטיבקטריאליות,קימברלי קלארק ישראל שיווק בעמ,IL,כרית יפנית אנטיבקטרי,Unknown,0.00,Unknown,false,1,14.60,14.60,true,1,
7290111344930,false,מטליות לחות לרצפה בניחוח כביסה ארומתרפיה ניקול 10 יח',קימברלי קלארק ישראל שיווק בעמ,,מט.לחות ניקול לנ.רצפ,Unknown,0.00,Unknown,false,1,10.90,10.90,true,1,
7290111345753,false,תחבושות נטורל דואו נורמל 24 יח' קוטקס,קימברלי קלארק ישראל שיווק בעמ,CZ,תחבושות קוטקס כותנה,Unknown,0.00,Unknown,false,1,18.90,18.90,true,1,
7290111345821,false,נייר טואלט לילי נטורל קר 32-16 גלילי כפו,קימברלי קלארק ישראל שיווק בעמ,,נייר טואלט לילי לבן,מטרים,588.80,מטר,false,1,34.90,0.06,true,1,
7290111345982,false,ניקול דפי ספוגית הקסם 10 יחידות,קימברלי קלארק ישראל שיווק בעמ,IL,ניקול דפי ספוגיות הק,יחידה,1.00,יחידה,false,1,14.90,14.90,true,1,
7290111346125,false,מארז שלישייה מגבוני דיילי קר ללא בישום *56 יח' האגיס,חוגלה קימברלי שיווק בע`מ,,מגבוני האגיס שלישייה,Unknown,0.00,Unknown,false,1,21.90,21.90,true,1,
7290111346132,false,מארז שלישייה מגבוני סנסטיב קר ללא בישום *56 יח' האגיס,חוגלה קימברלי שיווק בע`מ,,מגבוני האגיס שלישייה,Unknown,0.00,Unknown,false,1,21.90,21.90,true,1,
7290111346293,false,מגבת נייר ניקול 6 יחידות מהדורה חגיגית,קימברלי קלארק ישראל שיווק בעמ,,מגבות ניקול שישייה מ,Unknown,0.00,Unknown,false,1,12.90,12.90,true,1,
7290111350047,false,תמרים מזן מגהול ללא חרצנים 500 גרם,ליימן שליסל בע`מ,,תמרים מזן מגהול ללא,גרמים,500.00,100 גרם,false,1,14.90,2.98,true,1,
7290111350665,false,קליית גת דבש לחיץ טהור מפרחי בר 350 גרם,חקלאות עין חרוד מאוח,,דבש לחיץ קליית גת 35,גרמים,350.00,100 גרם,false,1,23.90,6.83,true,1,
7290111350719,false,חטיף נאצוס הוטפופ בסגנון מסעדות 322 גר,ליימן שליסל בע`מ,US,חטיף נאצוס הוטפופ בס,גרמים,322.00,100 גרם,false,1,16.90,5.25,true,1,
7290111350726,false,חטיף נאצוס הוטפופ בסגנון מקסיקני 322 גר,ליימן שליסל בע`מ,US,חטיף נאצוס הוטפופ בס,גרמים,322.00,100 גרם,false,1,16.90,5.25,true,1,
7290111351280,false,תערובת אגוזים קלויים ללא מלח 150 גרם קליית גת,ליימן שליסל,,תערובת אגוזים קלויים,גרמים,150.00,100 גרם,false,1,21.90,14.60,true,1,
7290111351747,false,צ'וקטה טורטיה מקמח חיטה 320 גרם,ליימן שליסל,DE,טורטיות מקמח חיטה צו,גרמים,320.00,100 גרם,false,1,9.90,3.09,true,1,
7290111352430,false,ממרח תמרים טבעי קליית גת 440 גרם,ליימן שליסל בע`מ,IL,ממרח תמרים טבעי קליי,גרמים,440.00,100 גרם,false,1,14.90,3.39,true,1,
7290111353109,false,"גומי נחש מבריק 200 גר' וסטהיים (כש""לפ בית יוסף).",טופגם תעשיות ממתקים,TR,סוכריות גומי נחשים מ,גרמים,200.00,100 גרם,false,1,10.40,5.20,true,1,
7290111353451,false,חטיף בירקות שורש ומלח ים הוטפופ 120 גרם,איץ.סיי גרופ אס.דה א,HN,חטיף ירקות שורש ומלח,גרמים,120.00,100 גרם,false,1,14.90,12.42,true,1,
7290111354144,false,ממרח קוקוס מקורמל קליית גת 200 גרם,ליימן שליסל בעמ,IL,ממרח קוקוס מקורמל קל,גרמים,200.00,100 גרם,false,1,16.90,8.45,true,1,
7290111354236,false,"טורטיה מקמח חיטה 25 ס""מ צ'וקטה 420 גרם",ליימן שליסל,,טורטייה מרקדו קמח חי,גרמים,420.00,100 גרם,false,1,11.90,2.83,true,1,
7290111354243,false,"טורטיה מקמח חיטה 30 ס""מ צ'וקטה 540 גרם",ליימן שליסל,,טורטייה מרקדו קמח חי,גרמים,540.00,100 גרם,false,1,13.90,2.57,true,1,
7290111354335,false,מיני מרשמלו בטעם וניל יוגטה 30 גרם,ליימן שליסל בעמ,,מיני מרשמלו יוגטה בט,גרמים,30.00,100 גרם,false,1,2.20,7.33,true,1,
7290111564277,false,פריכיות דקות ונימוחות 3 דגנים פיטנס Fitness,קבוצת אוסם סחר שותפות מוגבלת,,פריכיות פיטנס שלושה,גרמים,120.00,100 גרם,false,1,10.90,9.08,true,1,
7290111564291,false,פריכיות דקות ונימוחות 3 דגנים וקינואה פיטנס Fitness,קבוצת אוסם סחר שותפות מוגבלת,,פריכיות פיטנס דקות ע,גרמים,120.00,100 גרם,false,1,10.90,9.08,true,1,
7290111566271,false,טבעול חטיפי תירס 657 גרם קפוא,קבוצת אוסם סחר שותפות מוגבלת,,חטיפי תירס טבעול 657,גרמים,657.00,100 גרם,false,1,29.90,4.55,true,1,
7290111566332,false,"נקניקיות וינר מן הצומח 680 גרם ""טבעול""",קבוצת אוסם סחר שותפות מוגבלת,,נקניקיות וינר צמחוני,גרמים,680.00,100 גרם,false,1,36.50,5.37,true,1,
7290111566417,false,טבעול טחון מן הצומח משופר 400 גרם,קבוצת אוסם סחר שותפות מוגבלת,,טחון צמחוני טבעול 50,גרמים,500.00,100 גרם,false,1,36.50,7.30,true,1,
7290111566547,false,טבעול חזה בגריל צמחוני 99 קלוריות 560ג',קבוצת אוסם סחר שותפות מוגבלת,,חזה בגריל צמחוני טבע,גרמים,560.00,100 גרם,false,1,31.90,5.70,true,1,
7290111566561,false,"שניצל ברוקולי 99 קלוריות 560 גר' ""טבעול""",קבוצת אוסם סחר שותפות מוגבלת,,שניצל ברוקולי 99 קלו,גרמים,560.00,100 גרם,false,1,36.50,6.52,true,1,
7290111566585,false,"שניצל צמחוני 99 קלוריות 650 גר' ""טבעול""",קבוצת אוסם סחר שותפות מוגבלת,,שניצל צמחוני 99 קלור,גרמים,650.00,100 גרם,false,1,36.50,5.62,true,1,
7290111566691,false,"שניצל תרד 99 קלוריות 560 גרם ""טבעול""",קבוצת אוסם סחר-שות.מוגבלת,,שניצל תרד 99 קלוריות,גרמים,560.00,100 גרם,false,1,36.50,6.52,true,1,
7290111566752,false,טבעול שניצל תירס 99 קלוריות 693 גרם,קבוצת אוסם סחר שותפות מוגבלת,,שניצל תירס 99 קלוריו,גרמים,693.00,100 גרם,false,1,31.90,4.60,true,1,
7290111566776,false,"נקניקיות קוקטייל מן הצומח 680 גרם ""טבעול""",קבוצת אוסם סחר שותפות מוגבלת,,נקניקיות קוקטייל צמח,גרמים,680.00,100 גרם,false,1,36.50,5.37,true,1,
7290111567018,false,פירורית זהב אסם זהב כוסמין 200 ג',עינת תעשיות מזון אגו,,פירורית זהב כוסמין 2,גרמים,200.00,100 גרם,false,1,9.10,4.55,true,1,
7290111568275,false,אטריות נודלס אורז רחבות אסם אסייתי 300גרם,קבוצת אוסם סחר שותפות מוגבלת,,נודלס אטריות אורז רח,גרמים,300.00,100 גרם,false,1,11.40,3.80,true,1,
7290111568299,false,אטריות נודלס עם תרד אסם אסייתי 300 גר',קבוצת אוסם סחר שותפות מוגבלת,,נודלס אטריות עם תרד,גרמים,300.00,100 גרם,false,1,11.40,3.80,true,1,
7290111568961,false,אסם בייגלה טבעות מלוח 400 גר`,קבוצת אוסם סחר שותפות מוגבלת,,בייגלה טבעות מלח 400,גרמים,400.00,100 גרם,false,1,9.90,2.48,true,1,
7290111873133,false,נרות מטה כוכבים סמי הכבא,,CN,נרות מטה כוכבים סמי,Unknown,1.00,Unknown,false,10,6.90,6.90,true,1,
7290111930799,false,קראנצ'וס טעם בצל 55גר,ש. שסטוביץ בע`מ,,קראנצוס בצל 55 גרם,גרמים,55.00,100 גרם,false,1,3.50,6.36,true,1,
7290111930805,false,קראנצ'וס טעם ברביקיו 55 גר',ש. שסטוביץ בע`מ,,קראנצוס ברביקיו 55 ג,גרמים,55.00,100 גרם,false,1,3.50,6.36,true,1,
7290111930850,false,קראנצ'וס טעם פיצה 55גר',ש. שסטוביץ בע`מ,,קראנצוס פיצה 55 גרם,גרמים,55.00,100 גרם,false,1,3.50,6.36,true,1,
7290111930898,false,חטיף פוף כוכבים גריל אמריקאי 40 גרם,ש. שסטוביץ בע`מ,,חטיף פוף כוכבים גריל,גרמים,40.00,100 גרם,false,1,4.60,11.50,true,1,
7290111930904,false,חטיף פוף כוכבים בצל 40 גרם,ש. שסטוביץ בע`מ,,חטיף פוף כוכבים בצל,גרמים,40.00,100 גרם,false,1,4.60,11.50,true,1,
7290111930911,false,חטיף פוף לבבות קלאסי 40 גרם,ש. שסטוביץ בע`מ,,חטיף פוף לבבות קלאסי,גרמים,40.00,100 גרם,false,1,4.60,11.50,true,1,
7290111930928,false,חטיף פוף לבבות גריל 40 גרם,ש. שסטוביץ בע`מ,,חטיף פוף לבבות גריל,גרמים,40.00,100 גרם,false,1,4.60,11.50,true,1,
7290111930935,false,חטיף פוף טבעות קלאסי 40 גרם,ש. שסטוביץ בע`מ,,חטיף פוף טבעות קלאסי,גרמים,40.00,100 גרם,false,1,4.60,11.50,true,1,
7290111932380,false,"מרידול משחת שיניים מארז 75X2מ""ל כשל""פ",ש.שסטוביץ בעמ,PL,משחת שיניים מרידול מ,מיליליטרים,150.00,"100 מ""ל",false,1,35.50,23.67,true,1,
7290111932502,false,"משחת שיניים קולגייט אופטיק וייט אקספרט וויט 75 מ""ל",ש.שסטוביץ בעמ,MX,מש.שיניים קולגייט או,Unknown,0.00,Unknown,false,1,29.90,29.90,true,1,
7290111933462,false,"רוטב צ'ילי מתוק מאסטר שף 300 מ""ל",ש. שסטוביץ בע`מ,,רוטב צילי מתוק מאסטר,מיליליטרים,300.00,"100 מ""ל",false,1,10.90,3.63,true,1,
>>>>>>> d048ac2f4f281c9d788043ab4e81b61b0dbe3743
7290111933554,false,שלישייה עגבניות קוביות מאסטר שף 400 גרם,קונסוריזיו קאסאלסקו,IT,מנה עגבניות קוביות ש,קילוגרמים,0.00,"ק""ג",false,1,17.70,17.70,true,1,
7290111934827,false,"פלמוליב סבון ידיים היגיינה 300 מ""ל",פלמוליב Palmolive,,סבון ידיים פלמוליב ה,מיליליטרים,300.00,"100 מ""ל",false,1,12.50,4.17,true,1,
7290111935527,false,"מ. שיניים קולגייט טוטל קלין מיניט -זוג כשל""פ2*100 גרם",קולגייט פלמוליב,PL,מש.שיניים קולגייט טו,מיליליטרים,100.00,"100 מ""ל",false,1,32.90,32.90,true,1,
7290111936296,false,"פלמוליב סבון נוזלי בניחוח סנסיישן מסאז' ,750 מ""ל",קולגייט פלמוליב,TR,סבון נוזלי פלמוליב א,מיליליטרים,750.00,"100 מ""ל",false,1,19.90,2.65,true,1,
7290111936784,false,פרי מארז חטיפים 5 יחידות תמרים ואגוזי לוז כשלפ,"טבעית מוצרים מהטבע בע""\מ",IL,פרי מארז חטיף תמרים,גרמים,125.00,100 גרם,false,1,18.90,15.12,true,1,
7290111937231,false,פרי מארז חטיפים 5 יחידות תמרים וקוקוס כשלפ,"טבעית מוצרים מהטבע בע""\מ",IL,פרי מארז חטיף תמרים,גרמים,125.00,100 גרם,false,1,18.90,15.12,true,1,
7290111937248,false,פרי מארז חטיפים 5 יחידות תמרים קשיו ונגיעות לוז כשלפ,"טבעית מוצרים מהטבע בע""\מ",IL,פרי מארז חטיף תמרים,גרמים,125.00,100 גרם,false,1,18.90,15.12,true,1,
7290111937262,false,מארז חמישיית חטיפי תמרים אגוזים ושברי קקאו פרי 125 גרם,"טבעית מוצרים מהטבע בע""\מ",IL,פרי מארז חטיף תמרים,גרמים,125.00,100 גרם,false,1,18.90,15.12,true,1,
7290111938498,false,"מנה אסייאתי רוטב סויה בהירה 700 מ""ל מ.שף",קי.אר.אס. ספייסי פוד,,מנה אסייאתי רוטב סוי,מיליליטרים,700.00,"100 מ""ל",false,1,17.70,2.53,true,1,
<<<<<<< HEAD
7290112000057,false,גל כביסה קרטין גולד וולייט 3 ליטר,רקיט בנקיזר,,גל כביסה קרטין גולד,ליטרים,0.00,ליטר,false,1,33.90,33.90,true,1,
7290112000286,false,"גל לניקוי אסלות סיליט באנג לימון 750 מ""ל",סיליט באנג Cillit Bang,,גל לניקוי אסלות סילי,מיליליטרים,750.00,"100 מ""ל",false,1,10.90,1.45,true,1,
7290112000392,false,מנקה ומחטא עוצמתי לחדר האמבטיה ללא אקונומיקה,רקיט בנקיזר,,תרסיס דטול לאמבטיה 7,מיליליטרים,750.00,"100 מ""ל",false,1,17.10,2.28,true,1,
7290112000408,false,מנקה ומחטא עוצמתי לניקוי כללי בניחוח לימון,רקיט בנקיזר,GB,תרסיס דטול לניקוי כל,מיליליטרים,750.00,"100 מ""ל",false,1,17.10,2.28,true,1,
7290112000736,false,פיניש טבליות aio 80 יח אריזת חסכון,רקיט בנקיזר,,פיניש הכל באחד,Unknown,0.00,Unknown,false,1,52.90,52.90,true,1,
7290112000873,false,מטליות לחות לחדר האמבטיה מנקה ומחטא עוצמתי,רקיט בנקיזר,PL,מגבונים דטול לאמבטיה,Unknown,0.00,Unknown,false,1,17.10,17.10,true,1,
7290112001436,false,"פיניש מנקה מדיח כלים בניחוח לימון 250 מ""ל",רקיט בנקיזר,PL,מנקה מדיח פיניש לימו,מיליליטרים,250.00,"100 מ""ל",false,1,14.90,5.96,true,1,
7290112001870,false,"סיליט באנג ספריי ניקוי אמבטיה 750 מ""ל",רקיט בנקיזר,PL,מרסס סיליט לניקוי אמ,מיליליטרים,750.00,"100 מ""ל",false,1,13.90,1.85,true,1,
7290112001900,false,פיניש ג'ל למדיח אקולוגי 1 ליטר,רקיט בנקיזר,PL,גל למדיח פיניש אקולו,ליטרים,0.00,ליטר,false,1,36.90,36.90,true,1,
7290112002044,false,טבליות פיניש מנקה מדיח 3 יח,רקיט בנקיזר,HU,טבליות פיניש מנקה מד,Unknown,0.00,Unknown,false,1,32.50,32.50,true,1,
7290112002099,false,קולון גל כביסה מרוכז 2.5 ליטר קלאסי,רקיט בנקיזר,IL,גל כביסה קולון מרוכז,ליטרים,0.00,ליטר,false,1,28.50,28.50,true,1,
7290112002129,false,ג'ל כביסה מרוכז קולון 101 בניחוח פריחה מרענן,רקיט בנקיזר,IL,גל כביסה קולון מרוכז,ליטרים,0.00,ליטר,false,1,28.50,28.50,true,1,
7290112002136,false,ג'ל כביסה מרוכז קולון 101 קלאסי,רקיט בנקיזר,IL,גל כביסה קולון מרוכז,ליטרים,0.00,ליטר,false,1,37.90,37.90,true,1,
7290112002143,false,ג'ל כביסה מרוכז קולון 101 בניחוח לילך,רקיט בנקיזר,IL,גל כביסה קולון מרוכז,ליטרים,0.00,ליטר,false,1,37.90,37.90,true,1,
7290112002167,false,קולון ג'ל כביסה בניחוח פריחה מרענן ירוק 4 ליטר,רקיט בנקיזר,IL,גל כביסה קולון מרוכז,ליטרים,0.00,ליטר,false,1,37.90,37.90,true,1,
7290112003188,false,קולון קפסולות ג'ל 60 יח' אריזת חיסכון,רקיט בנקיזר,,קפסולות גל לכביסה קו,יחידה,1.00,יחידה,false,1,57.50,57.50,true,1,
7290112003553,false,איירוויק בוטניקה נר ריחני בניחוח עשבי יע,רקיט בנקיזר,CN,איירוויק בוטניקה נר,גרמים,205.00,100 גרם,false,1,29.90,14.59,true,1,
7290112004161,false,"ספריי אוטמטי מילוי בניחוח סנטורל 250 מ""ל אירוויק",RB בריטניה,GB,איירוויק פרשמטיק מיל,מיליליטרים,250.00,"100 מ""ל",false,1,22.90,9.16,true,1,
7290112004208,false,פיניש טבליות למדיח הכל ב 1 לימון 50 יחידות,רקיט בנקיזר,PL,פיניש טבליות הכל ב-1,Unknown,0.00,Unknown,false,1,37.90,37.90,true,1,
7290112004413,false,"ספריי וניש קליה להסרת כתמים לבגדים לבנים 750 מ""ל",רקיט בנקיזר,,וניש ספריי הסרת כתמי,יחידה,1.00,יחידה,false,1,18.90,18.90,true,1,
7290112004468,false,דטול - מחטא כביסה לכותנה 1.50 ליטר,RB איטליה,IT,דטול מחטא כביסה לכות,יחידה,1.00,יחידה,false,1,25.90,25.90,true,1,
7290112004611,false,"וניש קליה ג'ל מרוכז לטיפול נקודתי בכתמים 200 מ""ל",רקיט בנקיזר,,וניש קליה פאואר גל 2,יחידה,1.00,יחידה,false,1,17.90,17.90,true,1,
7290112004703,false,וניש תוסף כביסה גל מרוכז-כביסה צבעונית,רקיט בנקיזר,IT,וניש גליסמו ורוד 750,Unknown,0.00,Unknown,false,1,20.90,20.90,true,1,
7290112005045,false,וניש מסיר כתמים אבקה לכביסה לבנה 480 גרם,רקיט בנקיזר,IT,וניש אבקת כביסה לבנה,יחידה,1.00,יחידה,false,1,18.80,18.80,true,1,
7290112005052,false,וניש תוסף כביסה רב תכליתי לבגדים לבנים,קליה וניש Kalia Vanish,IT,וניש אבקת כביסה לבנה,יחידה,1.00,יחידה,false,1,36.50,36.50,true,1,
7290112005168,false,פיניש אולטימייט קוואנטום לימון 60 טבליות למדיח,רקיט בנקיזר,PL,טבליות למדיח פיניש ק,Unknown,0.00,Unknown,false,1,64.90,64.90,true,1,
7290112192509,false,פירורי לחם ללא גלוטן 250 גר GFREE,אשבל מזון פונקציונלי,IL,פירורי לחם ללא גלוטן,גרמים,250.00,100 גרם,false,1,16.90,6.76,true,1,
=======
7290112000057,false,וולייט גל גולד 3 ליטר לשמירה על הבגד,רקיט בנקיזר (ניר איסט) בעמ,,גל כביסה קרטין גולד,ליטרים,0.00,ליטר,false,1,33.90,33.90,true,1,
7290112000286,false,"גל לניקוי אסלות סיליט באנג לימון 750 מ""ל",רקיט בנקיזר (ניר איסט) בעמ,,גל לניקוי אסלות סילי,מיליליטרים,750.00,"100 מ""ל",false,1,10.90,1.45,true,1,
7290112000392,false,מנקה ומחטא עוצמתי לחדר האמבטיה ללא אקונומיקה,רקיט בנקיזר (ניר איסט) בעמ,,תרסיס דטול לאמבטיה 7,מיליליטרים,750.00,"100 מ""ל",false,1,17.10,2.28,true,1,
7290112000408,false,מנקה ומחטא עוצמתי לניקוי כללי בניחוח לימון,רקיט בנקיזר (ניר איסט) בעמ,GB,תרסיס דטול לניקוי כל,מיליליטרים,750.00,"100 מ""ל",false,1,17.10,2.28,true,1,
7290112000736,false,פיניש טבליות AIO 80 יח` אריזת חיסכון,רקיט בנקיזר (ניר איסט) בעמ,,פיניש הכל באחד,Unknown,0.00,Unknown,false,1,52.90,52.90,true,1,
7290112000842,false,דטול מגבונים לניקוי כללי בניחות לימון 60 יח',רקיט בנקיזר (ניר איסט) בעמ,PL,מגבונים דטול לניקוי,Unknown,0.00,Unknown,false,1,17.10,17.10,true,1,
7290112000873,false,מטליות לחות לחדר האמבטיה מנקה ומחטא עוצמתי,רקיט בנקיזר (ניר איסט) בעמ,PL,מגבונים דטול לאמבטיה,Unknown,0.00,Unknown,false,1,17.10,17.10,true,1,
7290112001436,false,"פיניש מנקה מדיח כלים בניחוח לימון 250 מ""ל",רקיט בנקיזר (ניר איסט) בעמ,PL,מנקה מדיח פיניש לימו,מיליליטרים,250.00,"100 מ""ל",false,1,14.90,5.96,true,1,
7290112001870,false,"סיליט באנג ספריי ניקוי אמבטיה 750 מ""ל",רקיט בנקיזר (ניר איסט) בעמ,PL,מרסס סיליט לניקוי אמ,מיליליטרים,750.00,"100 מ""ל",false,1,13.90,1.85,true,1,
7290112001900,false,פיניש ג'ל למדיח אקולוגי 1 ליטר,רקיט בנקיזר (ניר איסט) בעמ,PL,גל למדיח פיניש אקולו,ליטרים,0.00,ליטר,false,1,36.90,36.90,true,1,
7290112002044,false,טבליות פיניש מנקה מדיח 3 יח,רקיט בנקיזר (ניר איסט) בעמ,HU,טבליות פיניש מנקה מד,Unknown,0.00,Unknown,false,1,32.50,32.50,true,1,
7290112002099,false,קולון גל כביסה מרוכז 2.5 ליטר קלאסי,רקיט בנקיזר (ניר איסט) בעמ,IL,גל כביסה קולון מרוכז,ליטרים,0.00,ליטר,false,1,28.50,28.50,true,1,
7290112002105,false,קולון גל כביסה מרוכז 2.5 ליטר ניחוח לילך,רקיט בנקיזר (ניר איסט) בעמ,IL,גל כביסה קולון מרוכז,ליטרים,0.00,ליטר,false,1,28.50,28.50,true,1,
7290112002129,false,ג'ל כביסה מרוכז קולון 101 בניחוח פריחה מרענן,רקיט בנקיזר (ניר איסט) בעמ,IL,גל כביסה קולון מרוכז,ליטרים,0.00,ליטר,false,1,28.50,28.50,true,1,
7290112002136,false,ג'ל כביסה מרוכז קולון 101 קלאסי,רקיט בנקיזר (ניר איסט) בעמ,IL,גל כביסה קולון מרוכז,ליטרים,0.00,ליטר,false,1,37.90,37.90,true,1,
7290112002143,false,ג'ל כביסה מרוכז קולון 101 בניחוח לילך,רקיט בנקיזר (ניר איסט) בעמ,IL,גל כביסה קולון מרוכז,ליטרים,0.00,ליטר,false,1,37.90,37.90,true,1,
7290112002167,false,קולון ג'ל כביסה בניחוח פריחה מרענן ירוק 4 ליטר,רקיט בנקיזר (ניר איסט) בעמ,IL,גל כביסה קולון מרוכז,ליטרים,0.00,ליטר,false,1,37.90,37.90,true,1,
7290112003188,false,קולון קפסולות ג'ל 60 יח' אריזת חיסכון,רקיט בנקיזר (ניר איסט) בעמ,,קפסולות גל לכביסה קו,יחידה,1.00,יחידה,false,1,57.50,57.50,true,1,
7290112003553,false,איירוויק בוטניקה נר ריחני בניחוח עשבי יע,רקיט בנקיזר (ניר איסט) בעמ,CN,איירוויק בוטניקה נר,גרמים,205.00,100 גרם,false,1,29.90,14.59,true,1,
7290112003843,false,"קלגון גל אנטי בקטריאלי 750 מ""ל",רקיט בנקיזר,IT,קלגון גל אנטי,מיליליטרים,750.00,"100 מ""ל",false,1,31.50,4.20,true,1,
7290112004161,false,"ספריי אוטמטי מילוי בניחוח סנטורל 250 מ""ל אירוויק",רקיט בנקיזר (ניר איסט) בעמ,GB,איירוויק פרשמטיק מיל,מיליליטרים,250.00,"100 מ""ל",false,1,22.90,9.16,true,1,
7290112004208,false,פיניש טבליות למדיח הכל ב 1 לימון 50 יחידות,רקיט בנקיזר (ניר איסט) בעמ,PL,פיניש טבליות הכל ב-1,Unknown,0.00,Unknown,false,1,37.90,37.90,true,1,
7290112004413,false,"ספריי וניש קליה להסרת כתמים לבגדים לבנים 750 מ""ל",רקיט בנקיזר (ניר איסט) בעמ,,וניש ספריי הסרת כתמי,יחידה,1.00,יחידה,false,1,18.90,18.90,true,1,
7290112004468,false,דטול - מחטא כביסה לכותנה 1.50 ליטר,רקיט בנקיזר (ניר איסט) בעמ,IT,דטול מחטא כביסה לכות,יחידה,1.00,יחידה,false,1,25.90,25.90,true,1,
7290112004611,false,"וניש קליה ג'ל מרוכז לטיפול נקודתי בכתמים 200 מ""ל",רקיט בנקיזר (ניר איסט) בעמ,,וניש קליה פאואר גל 2,יחידה,1.00,יחידה,false,1,17.90,17.90,true,1,
7290112004703,false,וניש תוסף כביסה גל מרוכז-כביסה צבעונית,רקיט בנקיזר (ניר איסט) בעמ,IT,וניש גליסמו ורוד 750,Unknown,0.00,Unknown,false,1,20.90,20.90,true,1,
7290112004710,false,וניש תוסף כביסה גל מרוכז-כביסה לבנה,רקיט בנקיזר (ניר איסט) בעמ,IT,וניש גליסמו לבן 750,Unknown,0.00,Unknown,false,1,20.90,20.90,true,1,
7290112005045,false,וניש מסיר כתמים אבקה לכביסה לבנה 480 גרם,רקיט בנקיזר (ניר איסט) בעמ,IT,וניש אבקת כביסה לבנה,יחידה,1.00,יחידה,false,1,18.80,18.80,true,1,
7290112005052,false,וניש תוסף כביסה רב תכליתי לבגדים לבנים,רקיט בנקיזר (ניר איסט) בעמ,IT,וניש אבקת כביסה לבנה,יחידה,1.00,יחידה,false,1,36.50,36.50,true,1,
7290112005076,false,וניש תוסף כביסה רב תכליתי צבעוני 480 גרם,רקיט בנקיזר (ניר איסט) בעמ,IT,וניש אבקת כביסה צבעו,יחידה,1.00,יחידה,false,1,18.80,18.80,true,1,
7290112005168,false,פיניש אולטימייט קוואנטום לימון 60 טבליות למדיח,רקיט בנקיזר (ניר איסט) בעמ,PL,טבליות למדיח פיניש ק,Unknown,0.00,Unknown,false,1,64.90,64.90,true,1,
7290112192509,false,פירורי לחם ללא גלוטן 250 גר GFREE,גורי מוצרי צריכה (1991) בעמ,IL,פירורי לחם ללא גלוטן,גרמים,250.00,100 גרם,false,1,16.90,6.76,true,1,
>>>>>>> d048ac2f4f281c9d788043ab4e81b61b0dbe3743
7290112192578,false,משחת שיניים פרודונטקס אקסטרה פרש הגנה מלאה,ג'י.אס.קיי קונסיומר,GB,משחת שיניים פרודונטק,מיליליטרים,75.00,"100 מ""ל",false,1,37.90,50.53,true,1,
7290112192875,false,"סנסודיין - משחת שיניים רגישות וחניכיים 75 מ""ל",סנסודיין Sensodyne,GB,מש.שיניים סנסודיין ר,מיליליטרים,75.00,"100 מ""ל",false,1,37.90,50.53,true,1,
7290112193223,false,ג`י-פרי פיתות 500 גר ללא גלוטן,גורי מוצרי צריכה (1991) בעמ,IL,פיתות ללא גלוטן 5 יח,גרמים,500.00,100 גרם,false,1,19.90,3.98,true,1,
7290112197061,false,"סטייל - תחליב רחצה לניקוי וטיפוח הידיים ארגן 500 מ""ל",רנקסאן פלסטיק יאנגר,TR,סטייל תחליב ידיים אר,מיליליטרים,0.00,"100 מ""ל",false,1,12.90,12.90,true,1,
7290112197085,false,"סטייל - סבון מעוצב פריז 500 מ""ל",רנקסאן פלסטיק יאנגר,TR,סבון מעוצב פריז 500,Unknown,0.00,Unknown,false,1,10.90,10.90,true,1,
7290112197092,false,"סטייל - סבון מעוצב ניו יורק 500 מ""ל",רנקסאן פלסטיק יאנגר,TR,סבון מעוצב ניו יורק,Unknown,0.00,Unknown,false,1,10.90,10.90,true,1,
7290112197139,false,"סטייל - סבון ידיים אדום 500 מ""ל חדש",רנקסאן פלסטיק יאנגר,,סטייל אל סבון תה אדו,יחידה,1.00,יחידה,false,1,8.90,8.90,true,1,
7290112197177,false,דגני בוקר במילוי קרם בטעם נוגט ללא גלוטן 375 ג' G FREE,גורי מוצרי צריכה (1991) בעמ,,דגני בוקר קרם נוגט 3,גרמים,375.00,100 גרם,false,1,21.90,5.84,true,1,
7290112330352,false,"יוגורט PRO בטעם וניל 0% , 20 גרם חלבון בגביע",שטראוס גרופ בעמ/מצונן,IL,דנונה פרו וניל 20 גר,גרמים,200.00,100 גרם,false,1,4.20,2.10,true,1,
7290112330390,false,דנונה פרו פירות יער 20 גרם חלבון 0% שומן 200 גרם,שטראוס גרופ בעמ/מצונן,IL,דנונה פרו פירות יער,גרמים,200.00,100 גרם,false,1,4.20,2.10,true,1,
7290112330420,false,דנונה פרו לבן 2.9% שומן בודד 150גר,שטראוס גרופ בעמ/מצונן,IL,דנונה פרו 2.9% לבן 1,גרמים,150.00,100 גרם,false,1,4.90,3.27,true,1,
7290112332585,false,פריכיות משולש תפוא אורז בתיבול סלק ומלח ים אנרג'י 30 גרם,"פרח תעשיו מזון בע""מ",IL,"פריכיות תפו""א, אורז,",גרמים,30.00,100 גרם,false,1,5.00,16.67,true,1,
7290112335111,false,מסטיק מאסט קוביות בזוקה ללא גלוטן 86 גר,שטראוס גרופ בע`מ,DE,מסטיק מאסט קוביות בז,גרמים,86.00,100 גרם,false,1,14.90,17.33,true,1,
7290112335487,false,הפריכיות הטעימות קצח ודגנים אנרג'י 135 גרם,אנרג'י Energy - שטראוס,IL,פריכיות הטעימות קצח,גרמים,135.00,100 גרם,false,1,11.00,8.15,true,1,
7290112335494,false,הפריכיות הטעימות תפוחי אדמה בטעם פוטטוס,"פרח תעשיות מזון בע""\מ",IL,פריכיות הטעימות פוטט,גרמים,135.00,100 גרם,false,1,11.00,8.15,true,1,
7290112335500,false,"פרכיות אנרג'י חומוס,אורז,עדשים שחורות וקינואה 135 גרם","פרח תעשיות מזון בע""\מ",IL,פריכיות הטעימות חלבו,גרמים,135.00,100 גרם,false,1,11.00,8.15,true,1,
<<<<<<< HEAD
7290112336637,false,סוכריות מאסט Must ללא סוכר יוגורט תות ואוכניות,שטראוס גרופ,PL,"סוכריות מאסט לל""ס יו",גרמים,80.00,100 גרם,false,1,10.40,13.00,true,1,
7290112336644,false,סוכריות מאסט ללא סוכר לימון 80 ג' עלית,שטראוס גרופ,PL,"סוכריות מאסט לל""ס לי",גרמים,80.00,100 גרם,false,1,10.40,13.00,true,1,
7290112336651,false,סוכריות מאסט ללא סוכר ריבת חלב 80 ג' עלית,שטראוס גרופ,PL,"סוכריות מאסט לל""ס רי",גרמים,80.00,100 גרם,false,1,10.40,13.00,true,1,
7290112336712,false,יוגורט PRO לבן 0% 21 גרם חלבון בגביע,"שטראוס בריאות בע""מ",IL,דנונה פרו 21 גרם חלב,גרמים,200.00,100 גרם,false,1,4.20,2.10,true,1,
7290112337474,false,סוכריות מאסט ללא סוכר פטל לימון 80 ג' עלית,שטראוס גרופ,PL,"סוכריות מאסט לל""ס פט",גרמים,80.00,100 גרם,false,1,10.40,13.00,true,1,
7290112338877,false,מעדן גבינה בטעם תות 3% 125ג' סקי,"שטראוס בריאות בע""\מ",IL,סקי בטעם תות 125 גר,גרמים,125.00,100 גרם,false,1,3.70,2.96,true,1,
7290112339171,false,מילקי מוס עם שוקולד וקצפת,מיוצר עי קונדיטוריית,IL,מילקי מוס 133 גרם,גרמים,133.00,100 גרם,false,1,3.70,2.78,true,1,
7290112339362,false,דנונה לייט אנד פריי בטעם קפוצ'ינו 150 גרם,"שטראוס בריאות בע""\מ",IL,דנונה לייט אנד פריי,גרמים,150.00,100 גרם,false,1,5.40,3.60,true,1,
7290112339867,false,גמדים לדרך גבינה לבנה עם מחית תות,"שטראוס בריאות בע""\מ",IL,גמדים סקוויז תות 100,גרמים,100.00,100 גרם,false,1,5.90,5.90,true,1,
7290112339874,false,גמדים לדרך גבינה לבנה עם מחיות תות ובננה,"שטראוס בריאות בע""\מ",IL,גמדים סקוויז תות,גרמים,100.00,100 גרם,false,1,5.90,5.90,true,1,
7290112340245,false,צנצנת מסטיק מאסט בטעם דובדבן 66 ג' עלית,"שטראוס גרופ בע""\מ",IL,צנצנת מאסט בטעם דובד,גרמים,66.00,100 גרם,false,1,9.90,15.00,true,1,
7290112341556,false,יוגורט אקטיביה עם צ'יה ותות 150 גרם,"שטראוס בריאות בע""\מ",IL,יוגורט אקטיביה ציה ו,גרמים,150.00,100 גרם,false,1,4.60,3.07,true,1,
7290112341679,false,דנונה אקטיביה 3% שומן 200 גרם,מיוצר עי קונדיטוריית,IL,יוגורט אקטיביה 3% 2,גרמים,200.00,100 גרם,false,1,3.90,1.95,true,1,
7290112342102,false,סימפוניה גבינה במרקם שמנת בצל מקורמל 5%,"שטראוס בריאות בע""\מ",,סימפוניה בצל מקורמל,גרמים,200.00,100 גרם,false,1,11.00,5.50,true,1,
7290112343260,false,"יטבתה רוטב שמנת קלאסי 9% שומן 260 מ""ל",שטראוס גרופ,,יטבתה רוטב שמנת עם פ,גרמים,260.00,100 גרם,false,1,10.90,4.19,true,1,
7290112343420,false,"משקה חלב עם דגנים מלאים ובננה פרו יטבתה 350מ""ל",מחלבת יטבתה,IL,משקה חלב עם דגנים וב,מיליליטרים,350.00,"100 מ""ל",false,1,7.50,2.14,true,1,
=======
7290112336637,false,סוכריות מאסט Must ללא סוכר יוגורט תות ואוכניות,שטראוס גרופ בע`מ,PL,"סוכריות מאסט לל""ס יו",גרמים,80.00,100 גרם,false,1,10.40,13.00,true,1,
7290112336644,false,סוכריות מאסט ללא סוכר לימון 80 ג' עלית,שטראוס גרופ בע`מ,PL,"סוכריות מאסט לל""ס לי",גרמים,80.00,100 גרם,false,1,10.40,13.00,true,1,
7290112336651,false,סוכריות מאסט ללא סוכר ריבת חלב 80 ג' עלית,שטראוס גרופ בע`מ,PL,"סוכריות מאסט לל""ס רי",גרמים,80.00,100 גרם,false,1,10.40,13.00,true,1,
7290112336712,false,יוגורט PRO לבן 0% 21 גרם חלבון בגביע,שטראוס גרופ בעמ/מצונן,IL,דנונה פרו 21 גרם חלב,גרמים,200.00,100 גרם,false,1,4.20,2.10,true,1,
7290112337474,false,סוכריות מאסט ללא סוכר פטל לימון 80 ג' עלית,שטראוס גרופ בע`מ,PL,"סוכריות מאסט לל""ס פט",גרמים,80.00,100 גרם,false,1,10.40,13.00,true,1,
7290112338877,false,מעדן גבינה בטעם תות 3% 125ג' סקי,שטראוס גרופ בעמ/מצונן,IL,סקי בטעם תות 125 גר,גרמים,125.00,100 גרם,false,1,3.70,2.96,true,1,
7290112339171,false,מעדן מוס שוקולד 81 גר`מילקי,שטראוס גרופ בעמ/מצונן,IL,מילקי מוס 133 גרם,גרמים,133.00,100 גרם,false,1,3.70,2.78,true,1,
7290112339362,false,דנונה לייט אנד פריי בטעם קפוצ'ינו 150 גרם,שטראוס גרופ בעמ/מצונן,IL,דנונה לייט אנד פריי,גרמים,150.00,100 גרם,false,1,5.40,3.60,true,1,
7290112339867,false,גמדים לדרך גבינה לבנה עם מחית תות,שטראוס גרופ בעמ/מצונן,IL,גמדים סקוויז תות 100,גרמים,100.00,100 גרם,false,1,5.90,5.90,true,1,
7290112339874,false,גמדים לדרך גבינה לבנה עם מחיות תות ובננה,שטראוס גרופ בעמ/מצונן,IL,גמדים סקוויז תות,גרמים,100.00,100 גרם,false,1,5.90,5.90,true,1,
7290112340245,false,מסטיק מאסט צנצנת בטעם דובדבן 66 גר` מגדי,"שטראוס גרופ בע""\מ",IL,צנצנת מאסט בטעם דובד,גרמים,66.00,100 גרם,false,1,9.90,15.00,true,1,
7290112341556,false,יוגורט אקטיביה עם צ'יה ותות 150 גרם,שטראוס גרופ בעמ/מצונן,IL,יוגורט אקטיביה ציה ו,גרמים,150.00,100 גרם,false,1,4.60,3.07,true,1,
7290112341679,false,אקטיביה יוגורט 3% דנונה (200 גרם),שטראוס גרופ בעמ/מצונן,IL,יוגורט אקטיביה 3% 2,גרמים,200.00,100 גרם,false,1,3.90,1.95,true,1,
7290112342102,false,סימפוניה גבינה במרקם שמנת בצל מקורמל 5%,שטראוס גרופ בעמ/מצונן,,סימפוניה בצל מקורמל,גרמים,200.00,100 גרם,false,1,11.00,5.50,true,1,
7290112343260,false,"יטבתה רוטב שמנת קלאסי 9% שומן 260 מ""ל",שטראוס גרופ בעמ/מצונן,,יטבתה רוטב שמנת עם פ,גרמים,260.00,100 גרם,false,1,10.90,4.19,true,1,
7290112343420,false,"משקה חלב עם דגנים מלאים ובננה פרו יטבתה 350מ""ל",שטראוס גרופ בעמ/מצונן,IL,משקה חלב עם דגנים וב,מיליליטרים,350.00,"100 מ""ל",false,1,7.50,2.14,true,1,
>>>>>>> d048ac2f4f281c9d788043ab4e81b61b0dbe3743
7290112343499,false,חטיף צ'יטוס פאפס אפוי בטעם גבינה,"שטראוס פריטו ליי בע""\מ )",,ציטוס 55 גרם 48 יחיד,גרמים,55.00,100 גרם,false,1,3.50,6.36,true,1,
7290112343512,false,צ'יטוס puffs בטעם גבינה 180 גרם,"שטראוס פריטו ליי בע""\מ )",,ציטוס 160 גרם 9 יחי,גרמים,160.00,100 גרם,false,1,7.90,4.94,true,1,
7290112344564,false,רביולי גבינה קלאסי שטראוס 400 ג',שטראוס גרופ בעמ/מצונן,IL,רביולי גבינה קידס 4,גרמים,400.00,100 גרם,false,1,19.90,4.98,true,1,
7290112344755,false,מילקי עם 26% פחות סוכר 135 גר}שטראוס{,שטראוס גרופ בעמ/מצונן,,מילקי מופחת סוכר 133,גרמים,133.00,100 גרם,false,1,2.90,2.18,true,1,
7290112344786,false,קפה פלטינום קלאסיק עלית 200 גרם,הנסיך- מפעל לייצור ט,IL,קפה פלטינום קלאסיק 2,גרמים,200.00,100 גרם,false,1,25.90,12.95,true,1,
<<<<<<< HEAD
=======
7290112344953,false,סימפוניה חציל קלוי גבינה במקרם שמנת 5%,שטראוס גרופ בעמ/מצונן,,סימפוניה חציל קלוי 5,גרמים,200.00,100 גרם,false,1,11.00,5.50,true,1,
>>>>>>> d048ac2f4f281c9d788043ab4e81b61b0dbe3743
7290112346360,false,בפלות אחת אחת ופל בטעם שוקולד מצופה שוקולד,הגביע מוצרי וופלים ב,,בפלות אחת אחת בציפוי,גרמים,180.00,100 גרם,false,1,15.50,8.61,true,1,
7290112346629,false,דנונה בר יוגורט+קורנפלקס מצופה שוקולד חלב ולבן 172 גרם,שטראוס גרופ בעמ/מצונן,IL,יוגורט עם קורנפלקס מ,גרמים,172.00,100 גרם,false,1,4.60,2.67,true,1,
7290112346773,false,יוגורט בטעם וניל 0% לייט אנד פרי 10 גרם חלבון בגביע,שטראוס גרופ בעמ/מצונן,IL,דנונה לייט אנד פריי,גרמים,150.00,100 גרם,false,1,5.40,3.60,true,1,
7290112346797,false,יוגורט אקטיביה שיבולת שועל ושזיף 150 גרם,שטראוס גרופ בעמ/מצונן,IL,יוגורט אקטיביה שיבול,גרמים,150.00,100 גרם,false,1,4.60,3.07,true,1,
7290112346827,false,שמיניית אקטימל ויטמין C פטל 108 גרם,שטראוס גרופ בעמ/מצונן,IL,אקטימל ויטמין c פטל,מיליליטרים,800.00,"100 מ""ל",false,1,20.90,2.61,true,1,
7290112347008,false,גמדים לדרך גבינה לבנה עם מחית תות ושיבולת שועל,שטראוס גרופ בעמ/מצונן,IL,גמדים סקוויז תות בננ,גרמים,100.00,100 גרם,false,1,5.90,5.90,true,1,
7290112348142,false,שעועית לבנה 380 גר' בקופסה טעם הטבע,שטראוס גרופ בע`מ,IT,שעועית לבנה טעם הטבע,גרמים,380.00,100 גרם,false,1,7.30,1.92,true,1,
7290112349316,false,מסטיק בזוקה פופים ממולא בטעם תות ללא סוכר,שטראוס גרופ בע`מ,DE,מסטיק בזוקה ביג פופי,גרמים,86.00,100 גרם,false,1,14.90,17.33,true,1,
7290112349606,false,מעדן גבינה ויוגורט תות בננה 88 ג' דניאלה,שטראוס גרופ בעמ/מצונן,,דניאלה תות בננה 88 ג,גרמים,88.00,100 גרם,false,1,4.10,4.66,true,1,
7290112349705,false,פומודורו רוטב עגבניות קלאסי לפסטה יד מרדכי 350 גרם,אמיליאנה קונסרב סוסייטה,IT,רוטב עגבניות לפסטה ק,גרמים,350.00,100 גרם,false,1,13.50,3.86,true,1,
7290112349736,false,בזיליקום רוטב עגבניות לפסטה יד מרדכי 350 גרם,אמיליאנה קונסרב סוסייטה,IT,רוטב עגבניות לפסטה ב,גרמים,350.00,100 גרם,false,1,13.50,3.86,true,1,
7290112349750,false,פיצה רוטב עגבניות לפיצה יד מרדכי 350 גרם,אמיליאנה קונסרב סוסייטה,IT,רוטב עגבניות לפיצה י,גרמים,350.00,100 גרם,false,1,13.50,3.86,true,1,
7290112349897,false,מסטיק מאסט Must קוביות בטעם מנטה ללא סוכר,שטראוס גרופ בע`מ,DE,מסטיק מאסט קוביות מנ,גרמים,86.00,100 גרם,false,1,14.90,17.33,true,1,
7290112350275,false,קפסולות LUNGO למכונת נספרסו עלית 10 יחידות,שטראוס קפה בי.וי,IL,קפסולות לונגו למכונו,גרמים,55.00,100 גרם,false,1,16.50,30.00,true,1,
<<<<<<< HEAD
7290112353887,false,"משקה קפה קר בטעם אגוזים יטבתה 230 מ""ל",האי נאם סי או אל.טי.,,משקה קפה קר בטעם,מיליליטרים,230.00,"100 מ""ל",false,1,8.30,3.61,true,1,
7290112354174,false,"פסטה רוזה 280 ג""ר ""דלישס"" שטראוס",גסטרונומיה פרוסט אס. אר.,IT,פסטה רוזה דלישס 280,גרמים,280.00,100 גרם,false,1,22.90,8.18,true,1,
7290112354204,false,"ספגטי עגבניות 280 גר' ""דלישס"" שטראוס",גסטרונומיה פרוסט אס. אר.,IT,ספגטי עגבניות דלישס,גרמים,280.00,100 גרם,false,1,22.90,8.18,true,1,
7290112354235,false,ברקטה פיצה - 2 יחידות במארז,סקרלינפיצה אס. אר. אל. א,IT,ברקטה פיצה דלישס 280,קילוגרמים,0.28,"ק""ג",false,1,27.50,98.21,true,1,
7290112354945,false,תפוצ'יפס WAVY בטעם טבעי 50 גרם,שטראוס פריטו ליי בע”,IL,תפוציפס טבעי 50 גר W,גרמים,50.00,100 גרם,false,1,4.00,8.00,true,1,
7290112354952,false,"תפוציפס WAVY בטעם פפריקה , 50 גרם",שטראוס פריטו ליי בע”,IL,תפוציפס פפריקה 50 גר,גרמים,50.00,100 גרם,false,1,4.00,8.00,true,1,
7290112355027,false,דנונה פרו 20 גרם חלבון בטעם קרמל מלוח 200 גרם,"שטראוס בריאות בע""\מ",,דנונה פרו 20 גרם חלב,גרמים,200.00,100 גרם,false,1,4.20,2.10,true,1,
7290112355102,false,גמדים סקוויז 100 גרם פאוץ סלט פירות 100 גרם,"שטראוס בריאות בע""\מ",IL,גמדים פאוץ סלט פירות,גרמים,100.00,100 גרם,false,1,5.90,5.90,true,1,
7290112355263,false,רוטב שמנת עם שוקולד 9% שומן 260 ג' יטבתה,מחלבת יטבתה,,רוטב שמנת עם שוקולד,גרמים,265.00,100 גרם,false,1,10.90,4.11,true,1,
7290112355393,false,"יטבתה רוטב שמנת+בטטה 9% שומן 250 מ""ל",שטראוס גרופ,,יטבתה רוטב שמנת עם ב,גרמים,250.00,100 גרם,false,1,10.90,4.36,true,1,
7290112357069,false,מחית עגבניות איטלקיות בקופסה 500 גר' טעם הטבע,שטראוס טעם הטבע,IT,מחית עגבניות איטלקיו,גרמים,500.00,100 גרם,false,1,6.90,1.38,true,1,
7290112357076,false,קוביות עגבניות איטלקיות 390 גר' בקופסה טעם הטבע,קונסרב איטליה,IT,קוביות עגבניות איטלק,גרמים,390.00,100 גרם,false,1,6.90,1.77,true,1,
=======
7290112354174,false,"פסטה רוזה 280 ג""ר ""דלישס"" שטראוס",קפוא-זן תעשיות מזון בעמ - תפוג,IT,פסטה רוזה דלישס 280,גרמים,280.00,100 גרם,false,1,22.90,8.18,true,1,
7290112354235,false,ברקטה פיצה - 2 יחידות במארז,קפוא-זן תעשיות מזון בעמ - תפוג,IT,ברקטה פיצה דלישס 280,קילוגרמים,0.28,"ק""ג",false,1,27.50,98.21,true,1,
7290112354945,false,תפוצ'יפס WAVY בטעם טבעי 50 גרם,שטראוס פריטו ליי בע”,IL,תפוציפס טבעי 50 גר W,גרמים,50.00,100 גרם,false,1,4.00,8.00,true,1,
7290112354952,false,תפוצ`יפס פפריקה (50 גרם)היתר מכירה,שטראוס פריטו ליי בע”,IL,תפוציפס פפריקה 50 גר,גרמים,50.00,100 גרם,false,1,4.00,8.00,true,1,
7290112355027,false,דנונה פרו 20 גרם חלבון בטעם קרמל מלוח 200 גרם,שטראוס גרופ בעמ/מצונן,,דנונה פרו 20 גרם חלב,גרמים,200.00,100 גרם,false,1,4.20,2.10,true,1,
7290112355102,false,גמדים סקוויז 100 גרם פאוץ סלט פירות 100 גרם,שטראוס גרופ בעמ/מצונן,IL,גמדים פאוץ סלט פירות,גרמים,100.00,100 גרם,false,1,5.90,5.90,true,1,
7290112355263,false,רוטב שמנת עם שוקולד 9% שומן 260 ג' יטבתה,שטראוס גרופ בעמ/מצונן,,רוטב שמנת עם שוקולד,גרמים,265.00,100 גרם,false,1,10.90,4.11,true,1,
7290112355393,false,"יטבתה רוטב שמנת+בטטה 9% שומן 250 מ""ל",שטראוס גרופ בעמ/מצונן,,יטבתה רוטב שמנת עם ב,גרמים,250.00,100 גרם,false,1,10.90,4.36,true,1,
7290112357045,false,עגבניות איטלקיות מרוסקות 390 גר' בקופסה טעם הטבע,"שטראוס גרופ בע""מ",IT,עגבניות איטלקיות מרו,גרמים,390.00,100 גרם,false,1,6.90,1.77,true,1,
7290112357069,false,מחית עגבניות איטלקיות בקופסה 500 גר' טעם הטבע,שטראוס גרופ בע`מ,IT,מחית עגבניות איטלקיו,גרמים,500.00,100 גרם,false,1,6.90,1.38,true,1,
7290112357076,false,קוביות עגבניות איטלקיות 390 גר' בקופסה טעם הטבע,"שטראוס גרופ בע""מ",IT,קוביות עגבניות איטלק,גרמים,390.00,100 גרם,false,1,6.90,1.77,true,1,
>>>>>>> d048ac2f4f281c9d788043ab4e81b61b0dbe3743
7290112357083,false,טעם הטבע אפונה ירוקה 380 גרם קופסה,הדקלאים אגודת שיתופי,IT,אפונת גינה טעם הטבע,גרמים,380.00,100 גרם,false,1,7.30,1.92,true,1,
7290112357106,false,שעועית אדומה 380 גר' בקופסה טעם הטבע,שטראוס גרופ בע`מ,IT,שעועית אדומה טעם הטב,גרמים,380.00,100 גרם,false,1,7.30,1.92,true,1,
7290112357113,false,גרגרי חומוס בקופסה 380 גר' טעם הטבע,שטראוס גרופ בע`מ,IT,גרגרי חומוס טעם הטבע,גרמים,380.00,100 גרם,false,1,7.30,1.92,true,1,
7290112358127,false,דנונה פרו חלבון+מגנזיום- וניל ועוגיות 200 גרם,שטראוס גרופ בעמ/מצונן,IL,דנונה פרו 20 ג חלבון,גרמים,200.00,100 גרם,false,1,6.40,3.20,true,1,
7290112358219,false,רוטב צ`ילי מתוק יד מרדכי (300 גר`),אף.סי תבליני בגליל ב,,רוטב צילי מתוק יד מר,גרמים,300.00,100 גרם,false,1,14.60,4.87,true,1,
7290112358233,false,רוטב צ`ילי חריף יד מרדכי (300 גר`),שטראוס גרופ בע`מ,IL,רוטב צילי חריף יד מר,גרמים,300.00,100 גרם,false,1,14.60,4.87,true,1,
7290112358240,false,רוטב גריל יד מרדכי 300 גרם,שטראוס גרופ בע`מ,IL,רוטב גריל יד מרדכי,גרמים,300.00,100 גרם,false,1,14.60,4.87,true,1,
7290112358431,false,עד חצות דאבל ביסקוויט עם שוקולד חלב -8 אריזות אישיות,ביסקוויטס טור ד'\אלבון,IL,ביסקוויט עד חצות דאב,גרמים,180.00,100 גרם,false,1,12.90,7.17,true,1,
<<<<<<< HEAD
7290112490032,false,"נמס בכוס טעם תירס קנור 31 גרם מארז זוגי בד""צ",יוניליוור ישראל מזון בעמ,IL,מרק קנור נמס בכוס תי,גרמים,45.00,100 גרם,false,1,6.90,15.33,true,1,
7290112490117,false,קליק אקסטרא לארג שוקולד חלב עם וופל ואגוזים,יוניליוור ישראל מזון בעמ,,טבלת קליק שוקולד חלב,גרמים,85.00,100 גרם,false,1,7.60,8.94,true,1,
7290112490209,false,נמס בכוס מרק עגבניות עם קרוטונים רכיבים טבעיים,יוניליוור ישראל מזון בעמ,IL,מרק נמס בכוס עגבניות,גרמים,56.00,100 גרם,false,1,6.90,12.32,true,1,
7290112490216,false,מרק נמס בכוס בטעם עוף קנור 100% רכיבים טבעיים,יוניליוור ישראל מזון בעמ,IL,מרק קנור נמס בכוס עו,גרמים,48.00,100 גרם,false,1,6.90,14.38,true,1,
7290112490230,false,מרק נמס בכוס אפונה קנור 100% רכיבים טבעיים,יוניליוור ישראל מזון בעמ,IL,מרק נמס בכוס אפונה 5,גרמים,50.00,100 גרם,false,1,6.90,13.80,true,1,
7290112490650,false,קונפיטורה תות שדה 340 גרם-צנצנת,קונפיטורות לה-ארדניי,FR,קונפיטורה תות שדה 34,גרמים,340.00,100 גרם,false,1,17.70,5.21,true,1,
7290112490728,false,מרק עשיר ירקות עם בורגול רכיבים טבעיים 95 ג' קנור,יוניליוור ישראל מזון בעמ,IL,מרק עשיר ירקות עם בו,גרמים,72.00,100 גרם,false,1,14.60,20.28,true,1,
7290112490735,false,מרק עשיר עגבניות עם פסטה ר.טבעיים 105 גרם קנור,יוניליוור ישראל מזון בעמ,IL,מרק עגבניות עם פסטה,גרמים,105.00,100 גרם,false,1,14.60,13.90,true,1,
7290112490742,false,מרק עשיר פטריות עם גריסים רכיבים טבעיים 104 ג' קנור,יוניליוור ישראל מזון בע\,IL,מרק פטריות עם גריסים,גרמים,104.00,100 גרם,false,1,14.60,14.04,true,1,
7290112491701,false,ברנפלקס בטעם וניל מעודן 20% חלבון Extra Protein,יוניליוור ישראל מזון בעמ,IL,ברנפלקס אקסטרה פרוטא,גרמים,375.00,100 גרם,false,1,19.90,5.31,true,1,
7290112492449,false,פינוק שמפו שיער רגיל 700 מל-חדש,יוניליוור ישראל טיפוח אי,IL,שמפו פינוק לשיער רגי,מיליליטרים,700.00,"100 מ""ל",false,1,11.90,1.70,true,1,
7290112492456,false,"שמפו פינוק לשיער יבש/פגום 700 מ""ל",יוניליוור ישראל טיפוח אי,IL,שמפו פינוק לשיער יבש,מיליליטרים,700.00,"100 מ""ל",false,1,11.90,1.70,true,1,
7290112492470,false,"שמפו ומרכך 2 ב-1 לשיער יבש פינוק 700 מ""ל.",יוניליוור פארם,,פינוק לשיער יבש 1=2,מיליליטרים,700.00,"100 מ""ל",false,1,11.90,1.70,true,1,
7290112492500,false,פינוק שמפו לשיער עם שמן קוקוס 700 מל,"יוניליור ישראל, טיפו",IL,שמפו פינוק שמן קוקוס,מיליליטרים,700.00,"100 מ""ל",false,1,11.90,1.70,true,1,
7290112492531,false,פינוק מרכך שיער רגיל 700 מל-חדש,יוניליוור פארם,IL,מרכך פינוק לשיער רגי,מיליליטרים,700.00,"100 מ""ל",false,1,11.90,1.70,true,1,
7290112492548,false,"מרכך פינוק עם שמן חוחובה 700 מ""ל",יוניליוור פארם,IL,מרכך פינוק לשיער יבש,מיליליטרים,700.00,"100 מ""ל",false,1,11.90,1.70,true,1,
7290112492593,false,תחליב רחצה פינוק בניחוח פינוק קלאסי 700,יוניליוור ישראל טיפוח אי,IL,תחליב רחצה פינוק בני,מיליליטרים,700.00,"100 מ""ל",false,1,15.60,2.23,true,1,
7290112492609,false,"תחליב רחצה פינוק 700 מ""ל לבנדר ווניל",יוניליוור ישראל טיפוח אי,IL,תחליב רחצה פינוק לבנ,מיליליטרים,700.00,"100 מ""ל",false,1,15.60,2.23,true,1,
7290112492630,false,"שמפו ג'ל רחצה וסבון פנים 3 ב-1 לגבר פינוק 700 מ""ל",יוניליוור ישראל טיפוח אי,IL,שמפו פינוק 3 ב-1 לגב,מיליליטרים,700.00,"100 מ""ל",false,1,11.90,1.70,true,1,
7290112492722,false,"2ב-1 שמפו ומרכך פינוק אל דמע לסירוק קל לילדים 700 מ""ל",יוניליוור ישראל טיפוח אי,IL,שמפו ומרכך פינוק 2 ב,מיליליטרים,700.00,"100 מ""ל",false,1,13.90,1.99,true,1,
7290112492753,false,"פינוק לילדים אל סבון לרחצה 700 מ""ל",יוניליוור ישראל טיפוח אי,IL,אל סבון פינוק לילדים,מיליליטרים,700.00,"100 מ""ל",false,1,13.90,1.99,true,1,
7290112492982,false,"אבקת מרק פטריות כשל""פ 100% רכיבים טבעיים 400 גרם",יוניליוור ישראל מזון בע\,,קנור מרק פטריות רכיב,גרמים,400.00,100 גרם,false,1,24.90,6.23,true,1,
7290112493064,false,"רוטב שזיפים להקפצה, לבישול ולאפיה",יוניליוור ישראל מזון בע\,,קנור רוטב שזיפים לעו,גרמים,320.00,100 גרם,false,1,14.60,4.56,true,1,
7290112493088,false,נמס בכוס עדשים מרק רכיבים טבעיים קנור 54 ג',אתר חיפה אבקות - Foo,,מרק קנור נמס בכוס עד,גרמים,54.00,100 גרם,false,1,7.50,13.89,true,1,
7290112493095,false,נמס בכוס מרק עגבניות חריף רכיבים טבעיים קנור 48 ג',אתר חיפה אבקות - Foo,,מרק קנור נמס בכוס עג,גרמים,48.00,100 גרם,false,1,6.90,14.38,true,1,
7290112493293,false,קנור - נמס ירקות וקרוטונים ר.טבעי 44 גרם,יוניליוור ישראל מזון בעמ,,מרק קנור נמס בכוס יר,גרמים,44.00,100 גרם,false,1,6.90,15.68,true,1,
7290112493316,false,מרק היום אפונה ר.טבעיים קנור 117 גרם,יוניליוור ישראל מזון בעמ,IL,מרק היום אפונה 117 ג,גרמים,117.00,100 גרם,false,1,14.60,12.48,true,1,
7290112494153,false,תיבולית בניחוח צלי קנור 72 גרם,יוניליוור ישראל מזון בע\,,תיבולית ניחוח צלי קנ,גרמים,72.00,100 גרם,false,1,11.40,15.83,true,1,
7290112494221,false,קליק - ביסקויט תפזורת 65 גרם,יוניליוור ישראל מזון בע\,,קליק ביסקוויט 65 גרם,גרמים,65.00,100 גרם,false,1,5.90,9.08,true,1,
7290112494238,false,קליק - כדורים חלב תפזורת 65 גרם,יוניליוור ישראל מזון בע\,,קליק כדורי חלב 65 גר,גרמים,65.00,100 גרם,false,1,5.90,9.08,true,1,
7290112494276,false,קליק כריות בתפזורת כשר לפסח,יוניליוור ישראל מזון בע\,,קליק כריות 65 גר,גרמים,65.00,100 גרם,false,1,5.90,9.08,true,1,
7290112494283,false,קליק - מעורב חום לבן תפזורת 65 גרם,יוניליוור ישראל מזון בע\,,קליק חום לבן 65 גרם,גרמים,65.00,100 גרם,false,1,5.90,9.08,true,1,
7290112494344,false,קורנפלקס כספי אלופים תלמה850 גר',"יוניליוור שפע ישראל בע""\",,קורנפלקס של אלופים כ,גרמים,850.00,100 גרם,false,1,17.60,2.07,true,1,
7290112494351,false,תלמה קורנפלקס של אלופים 850 גרם,"יוניליוור שפע ישראל בע""\",,קורנפלקס של אלופים 8,גרמים,850.00,100 גרם,false,1,17.60,2.07,true,1,
7290112494382,false,פירה בטעם ביתי 260 גרם-קופסא,יוניליוור ישראל מזון בע\,,פירה בטעם ביתי 260 ג,גרמים,260.00,100 גרם,false,1,11.90,4.58,true,1,
7290112494795,false,בדין-ג'ל לכביסה לבנה וצבעונית בניחוח עדין כחול 2.5 ליטר,"זוהר דליה, קיבוץ דליה, 1",IL,גל כביסה בדין בניחוח,קילוגרמים,0.00,"ק""ג",false,1,36.50,36.50,true,1,
7290112494832,false,תרחיץ פנים לכל סוגי העור מכיל 25% קרם לחות,יוניליוור ישראל טיפוח אי,,תרחיץ פנים דאב לעור,מיליליטרים,180.00,"100 מ""ל",false,1,16.90,9.39,true,1,
7290112495006,false,כריות נוגט 686 גרם - קופסא,"יוניליוור ישראל מזון בע""",,כריות נוגט 686 גרם -,גרמים,686.00,100 גרם,false,1,24.90,3.63,true,1,
7290112495037,false,דגני בוקר בטעם שוקולד כדורים 375 ג' קוקומן,יוניליוור שפע ישראל בעמ,,קוקומן כדורים פחות ס,גרמים,375.00,100 גרם,false,1,18.90,5.04,true,1,
7290112495044,false,ציפי (פצפוצים) גריין בדצ 500גר,"יוניליור שפע ישראל בע""\מ",,קוקומן פצפוצים 375 ג,גרמים,375.00,100 גרם,false,1,18.90,5.04,true,1,
7290112495105,false,נשנושים טעם שמנת בצל בייגל בייגל 260 גרם,בייגל את בייגל מזון 198),,נשנושים תפוא בצל 260,גרמים,260.00,100 גרם,false,1,12.70,4.88,true,1,
7290112495112,false,נשנושים טעם זעתר בייגל בייגל 260 גרם,בייגל את בייגל מזון 198),,נשנושים זעתר 260 גרם,גרמים,260.00,100 גרם,false,1,12.70,4.88,true,1,
7290112495174,false,נשנושי קרקר קוקטייל שומשום בייגל בייגל 300 גרם,בייגל את בייגל מזון 198),,קרקרים קוקטייל שומשו,גרמים,300.00,100 גרם,false,1,12.90,4.30,true,1,
7290112495433,false,דגני דליפקאן תוספת אגוזי פקאן ושקדים 400 גר,"יוניליור שפע ישראל בע""\מ",,דליפקאן 400 גרם,גרמים,400.00,100 גרם,false,1,17.90,4.48,true,1,
7290112495488,false,קורנפלקס פתיתי תירס קלויים ללא גלוטן 500,"מולינו ניקולי S.p.A,",,קורנפלקס פתיתי תירס,גרמים,500.00,100 גרם,false,1,22.90,4.58,true,1,
7290112495556,false,מארז שלישיית חטיפי קליק ממולא בנוגט,"טחנת האבן תעשיות בע""\מ,",IL,חטיף שוקולד נוגט שוק,גרמים,105.00,100 גרם,false,1,14.90,14.19,true,1,
7290112495594,false,בייגלה שמיניות גדולות ללא מלח בייגל בייגל 400 גרם,בייגל את בייגל מזון 198),,בייגל גדול גדול ללא,גרמים,400.00,100 גרם,false,1,16.70,4.18,true,1,
7290112495662,false,קרקר חיטה מלאה ופשתן בייגל בייגל 300 גרם,"מיוצר ע""י קוד יצרן A",,קרקר חיטה מלאה עם פש,גרמים,300.00,100 גרם,false,1,11.40,3.80,true,1,
7290112495754,false,"רטבי הלמנס לסלט 300 מ""ל אלף האיים",יוניליוור ישראל מזון בעמ,,הלמנס לסלט אלף האיים,מיליליטרים,305.00,"100 מ""ל",false,1,14.60,4.79,true,1,
7290112495808,false,"רטבי הלמנס לסלט 300 מ""ל חרדל ודבש",יוניליוור ישראל מזון בעמ,,הלמנס לסלט חרדל ודבש,מיליליטרים,305.00,"100 מ""ל",false,1,14.60,4.79,true,1,
7290112495815,false,"רוטב חרדל ודבש לייט הלמנס 305 גרם בד""צ.",יוניליוור ישראל מזון בעמ,,הלמנס רוטב חרדל דבש,גרמים,305.00,100 גרם,false,1,14.60,4.79,true,1,
7290112495976,false,פריכיות אורז בציפוי שוקולד חלב 35גר-חדש,"גוד פוד פרודקטס ,Sp.zo.o",PL,פריכיות אורז מצופות,גרמים,35.00,100 גרם,false,1,6.20,17.71,true,1,
7290112495983,false,פרכיות פתיתבציפוי שוקולד חלב ושבבי קרמל מלוח 39 גר',"גוד פוד פרודקטס ,Sp.zo.o",PL,פריכיות אורז שוקולד,גרמים,35.00,100 גרם,false,1,6.20,17.71,true,1,
7290112496034,false,סירופ מייפל אפיכל 580 גרם,יוניליוור ישראל מזון בע\,,סירופ מייפל 580 גרם-,גרמים,580.00,100 גרם,false,1,18.80,3.24,true,1,
7290112496218,false,קנור רוטב טריאקי הפחתה של מעל 50% סוכר ונתרן 310 ג',יוניליוור ישראל מזון בעמ,IL,רוטב קנור טריאקי 34,גרמים,340.00,100 גרם,false,1,10.90,3.21,true,1,
7290112496270,false,"פתית צ'יפס תפו""א בתוספת עגבניות ועשבי תיבול 22 גרם",JLM גלובל פודסn37\ דרך א,GB,"פתית ציפס תפו""א עגבנ",גרמים,22.00,100 גרם,false,1,5.80,26.36,true,1,
7290112496287,false,פתית - צ'יפס בטטה בטעם טבעי 21 גרם,JLM גלובל פודסn37\ דרך א,GB,פתית ציפס בטטה בטעם,גרמים,21.00,100 גרם,false,1,5.80,27.62,true,1,
7290112496294,false,חטיף פתית צ'יפס עם אפונה ירוקה צהובה וצ'ילי,JLM גלובל פודסn37\ דרך א,GB,פתית ציפס אפונה בתוס,גרמים,22.00,100 גרם,false,1,5.80,26.36,true,1,
7290112496430,false,קנור נמס בכוס אקסטרה עגבניות+איטריות 37 גרם - רבנות,יוניליוור ישראל מזון בע\,,נמס בכוס אקסטרה עגבנ,גרמים,37.00,100 גרם,false,1,4.50,12.16,true,1,
7290112496447,false,נמס בכוס אקסטרה טעם עוף עם המון אטריות 27ג',יוניליוור ישראל מזון בע\,,נמס בכוס אקסטרה טעם,גרמים,27.00,100 גרם,false,1,4.50,16.67,true,1,
7290112496461,false,נמס בכוס אקסטרה מרק ירקות עם המון אטריות,יוניליוור ישראל מזון בע\,,מרק נמס בכוס אקסטרה,גרמים,32.00,100 גרם,false,1,4.50,14.06,true,1,
7290112497000,false,פנטסטיק תרכיז ניקוי רב תכליתי בניחוח לימון,"זוהר דליה, קיבוץ דלי",IL,נוזל ניקוי כללי סיף,ליטרים,0.00,ליטר,false,1,13.90,13.90,true,1,
7290112497031,false,קנור רוטב עגבניות לקציצות 415 גרם,יוניליוור מזון,IT,קנור רוטב עגבניות לק,גרמים,415.00,100 גרם,false,1,15.20,3.66,true,1,
7290112497727,false,פינוק בייבי אל סבון אל דמע לתינוקות 700,יוניליוור ישראלn\טיפוח א,,אל סבון אל דמע לתינו,Unknown,0.00,Unknown,false,1,16.90,16.90,true,1,
7290112498007,false,גרנולה פרוטאין בתוספת חלבון שקדים וחמוציות תלמה 300 ג',"רפאלס בריא וטעים בע""\מ,",,גרנולה פרוטאין ת.חלב,גרמים,300.00,100 גרם,false,1,19.80,6.60,true,1,
7290112498281,false,"אל סבון לידיים בתוספת שמן קוקוס פינוק 950 מ""ל",יוניליוור ישראל טיפוח אי,,סבון ידיים בתוספת שמ,מיליליטרים,950.00,"100 מ""ל",false,1,12.90,1.36,true,1,
7290112498298,false,"אל סבון ליידים בתוספת שמן מרוקאי פינוק 950 מ""ל",קוסטר אירוסול ולף סנ,,סבון ידיים בתוספת שמ,מיליליטרים,950.00,"100 מ""ל",false,1,12.90,1.36,true,1,
7290112498441,false,"קנור רוטב אסיאתי למוקפץ 300 מ""ל בד""ץ",יוניליוור ישראל מזון בע\,,רוטב קנור אסייתי למו,מיליליטרים,370.00,"100 מ""ל",false,1,10.90,2.95,true,1,
7290112498526,false,"פתית צ'יפס עם בטטה סגולה בטעם שמנת ובצל, 22 גרם",JLM גלובל פודסn37\ דרך א,GB,פתית ציפס בטטה סגולה,גרמים,22.00,100 גרם,false,1,5.80,26.36,true,1,
7290112499462,false,פינוק תחליב רחצה 700 בתוספת שמן קוקוס,יוניליוור ישראל טיפוח אי,,תחליב רחצה פינוק שמן,מיליליטרים,700.00,"100 מ""ל",false,1,15.60,2.23,true,1,
7290112961266,false,בייגלה כפיות פיזור איטלקי אסם 300 גרם,"אסם תעשיות בע""מ",,בייגלה כפיות פיזור א,גרמים,300.00,100 גרם,false,1,10.90,3.63,true,1,
7290112961372,false,פיטנס חטיפי פריכיות דקות קינמון 60 גרם,"פרח תעשיות מזון בע""\מ",IL,פיטנס חטיפי פריכיות,גרמים,60.00,100 גרם,false,1,8.90,14.83,true,1,
7290112961440,false,פיטנס חטיפי פריכיות שוקולד מריר 84 גרם,פרח תעשיות,IL,פיטנס בר פריכיות שוק,גרמים,84.00,100 גרם,false,1,12.90,15.36,true,1,
7290112963321,false,גריסיני בייגלה שטוח ללא גלוטן אסם 300גרם,מיוצר עי קונדיטוריית,IL,גרטיפי בייגלה שטוח ה,גרמים,300.00,100 גרם,false,1,19.80,6.60,true,1,
7290112963918,false,פיטנס חטיפי קרקר דק רוזמרין 140 גרם,נסטלה Nestle,IL,פיטנס קרקר דק רוזמרי,גרמים,140.00,100 גרם,false,1,7.90,5.64,true,1,
7290112964410,false,אסם רוטב אלף האיים חדש לסלט 290 גרם,"אסם תעשיות בע""מ",IL,רוטב אלף האיים לסלט,מיליליטרים,290.00,"100 מ""ל",false,1,14.20,4.90,true,1,
7290112964434,false,אסם רוטב קיסר חדש לסלט 295 גרם,"אסם תעשיות בע""מ",IL,רוטב לסלט קיסר 295 מ,מיליליטרים,295.00,"100 מ""ל",false,1,14.20,4.81,true,1,
7290112964564,false,"רוטב אלף האיים לייט לסלט אסם 295 מ""ל","אסם תעשיות בע""מ",IL,רוטב אלף האיים לייט,מיליליטרים,295.00,"100 מ""ל",false,1,14.20,4.81,true,1,
7290112964601,false,רוטב בנוסח סצ'ואן הסדרה האסייתית,"אסם השקעות בע""\מ",,רוטב בנוסח סצואן אסם,מיליליטרים,290.00,"100 מ""ל",false,1,16.70,5.76,true,1,
7290112965165,false,מרק נמס פטריות אסם בדצ 48 גרם מארז זוגי,"אסם תעשיות בע""מ",IL,זוג מרק נמס סוף פטרי,גרמים,48.00,100 גרם,false,1,5.90,12.29,true,1,
7290112965240,false,מרק נמס בטעם עגבניות זוג * 44 ג' אסם,"אסם תעשיות בע""מ",IL,זוג מרק נמס עגבניות,גרמים,60.00,100 גרם,false,1,5.90,9.83,true,1,
7290112965264,false,אבקת מרק נמס אפונה אסם בדצ 52 גרם מארז זוגי,"אסם תעשיות בע""מ",IL,זוג מרק נמס סוף אפונ,גרמים,52.00,100 גרם,false,1,5.90,11.35,true,1,
7290112965585,false,פרפקטו פסטה קסרצה אסם 500 גרם,אסם פרפקטו Perfecto,,פרפקטו פסטה קסרצה 50,גרמים,500.00,100 גרם,false,1,7.90,1.58,true,1,
7290112965660,false,פיטנס - חטיף מולטיגריין מלח פלפל 25 גרם,מיוצר עי קונדיטוריית,IL,פיטנס חטיף מולטיגריי,גרמים,25.00,100 גרם,false,1,4.90,19.60,true,1,
7290112965684,false,פיטנס - חטיף מולטיגריין עשבי תיבול 25 גרם,מיוצר עי קונדיטוריית,IL,פיטנס חטיף מולטיגריי,גרמים,25.00,100 גרם,false,1,4.90,19.60,true,1,
7290112965868,false,קרם קרקר במתיקות מעודנת אסם 250 גרם,"אסם תעשיות בע""מ",,קרם קרקר במליחות מעו,גרמים,250.00,100 גרם,false,1,10.40,4.16,true,1,
7290112965981,false,"טבעול גורמה ארוחת דגנים, 450 גרם",טבעול (מקבוצת אסם הש,IL,טבעול גורמה ארוחת דג,גרמים,450.00,100 גרם,false,1,34.90,7.76,true,1,
7290112966247,false,לחמית כוסמין אסם 200 גרם,"אסם תעשיות בע""מ",,לחמית כוסמין 200 גרם,גרמים,200.00,100 גרם,false,1,6.90,3.45,true,1,
7290112966445,false,במבה מתוקה אריזה גדולה 100 ג' אסם,"אסם השקעות בע""\מ",IL,במבה מתוקה אריזה גדו,גרמים,100.00,100 גרם,false,1,7.90,7.90,true,1,
7290112966766,false,צבר טחינה בלאדי חציל עגבניות ושום 350 גרם,שוורצקוף& הנקל דיסלד,IL,טחינה בלאדי חציל עגב,גרמים,350.00,100 גרם,false,1,18.80,5.37,true,1,
7290112966841,false,אינסטנט פודינג בטעם שוקולד מריר 95 גרם,מיוצר עי קונדיטוריית,,אסם פודינג בטעם שוקו,גרמים,90.00,100 גרם,false,1,5.50,6.11,true,1,
7290112967114,false,פיטנס חטיפי פריכיות קטניות ופלפל 60 גרם,"פרח תעשיות מזון בע""\מ",,פיטנס חטיפי פריכיות,גרמים,60.00,100 גרם,false,1,8.90,14.83,true,1,
7290112967381,false,פיטנס חטיפי פריכיות קטניות ומלח ים 60 גרם,"פרח תעשיות מזון בע""\מ",,פיטנס חטיפי פריכיות,גרמים,60.00,100 גרם,false,1,8.90,14.83,true,1,
7290112968340,false,צבר חומוס גרוס גס גס 400 גרם,שוורצקוף& הנקל דיסלד,IL,חומוס צבר גרוס גס גס,גרמים,400.00,100 גרם,false,1,16.70,4.18,true,1,
7290112968449,false,סלט טחינה כרוב אדום 250 גרם,שוורצקוף& הנקל דיסלד,IL,סלט טחינה כרוב אדום,גרמים,250.00,100 גרם,false,1,12.10,4.84,true,1,
7290112968807,false,פיטנס - קרקר דק סלק 140 גרם,מפעל אסם יקנעם,,פיטנס קרקר דק סלק 14,גרמים,140.00,100 גרם,false,1,7.90,5.64,true,1,
7290112968821,false,פיטנס - קרקר דק בטטה 140 גרם,מפעל אסם יקנעם,,פיטנס קרקר דק בטטה 1,גרמים,140.00,100 גרם,false,1,7.90,5.64,true,1,
7290112969286,false,אסם בישולים רוטב חרדל ודבש 330*9 גרם,"אסם תעשיות בע""מ",,אסם בישולים רוטב חרד,גרמים,330.00,100 גרם,false,1,17.90,5.42,true,1,
7290113190450,false,ממרח תמרים שאן 450 גרם,"תמר העמקים בע""מ",,ממרח תמרים שאן 450 ג,גרמים,450.00,100 גרם,false,1,7.90,1.76,true,1,
7290113191907,false,טורטיה להכנת פיצה שקדיה 400 גרם,אלקטי קוראבייכיסיגידה טו,TR,טורטיה חיטה להכנת פי,גרמים,440.00,100 גרם,false,1,11.40,2.59,true,1,
7290113192300,false,זיתים מושחרים חרוזית 275 גרם בית השיטה,בית השיטה,IL,זיתים מושחרים חרוזית,גרמים,275.00,100 גרם,false,1,12.50,4.55,true,1,
7290113192317,false,טבעות זיתים מושחרים 280 גרם בית השיטה,בית השיטה,IL,טבעות זיתים מושחרים,גרמים,280.00,100 גרם,false,1,13.90,4.96,true,1,
7290113192355,false,חרוזית זיתים ירוקים ללא גלעין 275 ג' בית השיטה,בית-השיטה עסיס תעשיות מז,,זית חרוזית ירוק A2 ב,גרמים,275.00,100 גרם,false,1,10.30,3.75,true,1,
7290113192362,false,זיתים ירוקים טבעות A2 בית השיטה 280 גרם,בית-השיטה עסיס תעשיות מז,IL,זיתים ירוקים טבעות A,גרמים,280.00,100 גרם,false,1,10.60,3.79,true,1,
7290113192379,false,בית השיטה זיתים ירוקים מבוקעים א2 340גר',"בית-השיטה תעשיות בע""\מ",IL,זיתים ירוקים מבוקעים,גרמים,340.00,100 גרם,false,1,11.90,3.50,true,1,
7290113192393,false,בית השיטה קוקטייל זיתים א2 336 גרם,בית-השיטה עסיס תעשיות מז,IL,קוקטייל זיתים A2 בית,גרמים,336.00,100 גרם,false,1,11.90,3.54,true,1,
7290113192478,false,בית השיטה מלפפונים במלח בינוני 10-12 320 גרם,בית-השיטה עסיס תעשיות מז,IL,מלפפונים במלח 10-12,גרמים,320.00,100 גרם,false,1,5.90,1.84,true,1,
7290113192485,false,בית השיטה מלפפונים בחומץ בינוני 10-12 290 גרם,בית-השיטה עסיס תעשיות מז,IL,מלפפונים בחומץ 10-12,גרמים,320.00,100 גרם,false,1,5.90,1.84,true,1,
7290113192492,false,בית השיטה מלפפונים בחומץ קטנים 1317 290 גרם,בית-השיטה עסיס תעשיות מז,IL,מלפפון בחומץ 17-13 ב,גרמים,290.00,100 גרם,false,1,10.90,3.76,true,1,
7290113192508,false,בית השיטה מלפפונים במלח קטן 1317 320 גרם,בית-השיטה עסיס תעשיות מז,IL,מלפפון במלח 17-13 בי,גרמים,320.00,100 גרם,false,1,10.90,3.41,true,1,
7290113192515,false,בית השיטה מלפפונים במלח קטן מאוד 1825 320 גרם,בית-השיטה עסיס תעשיות מז,IL,מלפפון במלח 18-25 32,גרמים,320.00,100 גרם,false,1,12.90,4.03,true,1,
7290113192522,false,בית השיטה מלפפונים בחומץ קטן מאוד 1825 290 גרם,בית-השיטה עסיס תעשיות מז,IL,מלפפון בחומץ 18-25 2,גרמים,290.00,100 גרם,false,1,12.90,4.45,true,1,
7290113192539,false,בית השיטה מלפפונים במלח גדול 79 320 גרם,בית-השיטה עסיס תעשיות מז,IL,מלפפון במלח 7-9 בית,גרמים,320.00,100 גרם,false,1,6.90,2.16,true,1,
7290113192546,false,"מלפפונים בחומץ רכיבים טבעיים 7-9 ""בית השיטה""",בית-השיטה עסיס תעשיות מז,IL,מלפפון בחומץ 7-9 בי,גרמים,290.00,100 גרם,false,1,6.90,2.38,true,1,
7290113192577,false,בית השיטה כרוב כבוש א2 12*430גרם חדש,"בית-השיטה תעשיות בע""\מ",IL,כרוב כבוש A2 בית השי,גרמים,430.00,100 גרם,false,1,8.20,1.91,true,1,
7290113192881,false,"טורטיה חיטה מופחת קלוריות, קוטר 20 ס""מ - 6 יח'",דין שיווק,TR,טורטיה חיטה מופחתת ק,גרמים,270.00,100 גרם,false,1,10.00,3.70,true,1,
7290113193000,false,בית השיטה פלפל שיפקונית 230 גרם*,"בית השיטה תעשיות בע""\מ",IL,פלפל שיפקונית 230 גר,גרמים,230.00,100 גרם,false,1,13.50,5.87,true,1,
7290113193017,false,בית השיטה חרוזית קוקטייל זיתים 275 גרם,"בית השיטה תעשיות בע""\מ",IL,קוקטייל זיתים 275 גר,גרמים,275.00,100 גרם,false,1,13.90,5.05,true,1,
7290113193369,false,"תרסיס שמן קנולה מזוכך בית השיטה 150מ""ל",פוד אירוסולס ספיין,,בית השיטה תרסיס שמן,מיליליטרים,150.00,"100 מ""ל",false,1,14.90,9.93,true,1,
7290113193406,false,"קוקטייל טבעות זיתים - זיתים ירוקים, שחורים מרינד","בית השיטה תעשיות בע""\מ",,בית השיטה טבעות קוקט,גרמים,280.00,100 גרם,false,1,10.70,3.82,true,1,
7290113193888,false,חצילים מוחמצים בית השיטה 320 גרם,"בית השיטה תעשיות בע""\מ",IL,חצילים מוחמצים 320 ג,גרמים,320.00,100 גרם,false,1,13.50,4.22,true,1,
7290113195042,false,מלפפון במלח כבישה ביתית בית השיטה 750 גרם,שוורצקוף& הנקל דיסלד,,מלפפפון מלח כבישה בי,גרמים,750.00,100 גרם,false,1,31.50,4.20,true,1,
7290113195356,false,שמן קנולה מזוכך זית השיטה 1 ליטר,בית השיטה,,שמן קנולה מזוכך זית,מיליליטרים,1000.00,"100 מ""ל",false,1,13.90,1.39,true,1,
7290113196780,false,ב.ה. זיתים ירוקים מבוקעים באלדי 900גרם,"בית השיטה תעשיות בע""\מ",IL,זיתים ירוקים מבוקעים,גרמים,900.00,100 גרם,false,1,28.90,3.21,true,1,
7290113196896,false,"תרסיס שמן זית שקדיה 170 מ""ל",שקדיה,TR,"תרסיס שמן זית 170 מ""",מיליליטרים,170.00,"100 מ""ל",false,1,12.50,7.35,true,1,
7290113300217,false,פאוצ' לה קט בקר ברוטב 85 ג',יו פי אף,,פאוצ נתחוני לה קט עם,Unknown,0.00,Unknown,false,1,4.90,4.90,true,1,
7290113300262,false,פאוצ' לה קט טונה ג'לי 85 ג',"ביופט- מזון לבע""ח",,נתחוני לה קט עם טונה,Unknown,0.00,Unknown,false,1,4.90,4.90,true,1,
7290113302358,false,חטיפי בנוזו עוף צורת סושי 80 גר,לנגי,,חטיפי בונזו עוף בצור,Unknown,0.00,Unknown,false,1,12.90,12.90,true,1,
7290113302365,false,חטיפי בנוזו ברווז צורת סושי 80 גר,לנגי,,חטיפי בונזו ברווז בצ,Unknown,0.00,Unknown,false,1,12.90,12.90,true,1,
7290113317116,false,מארז שלישיית ביצי שוקולד מפרץ ההרפתקאות,שמחה זה אנחנו,IT,שלישיית ביצי שוקולד,גרמים,65.00,100 גרם,false,1,14.50,22.31,true,1,
7290114151665,false,"סבון ידיים שמן קוקוס עץ התה 500 מ""ל",אף.סי תבליני בגליל ב,IL,סבון ידיים שמן קוקוס,מיליליטרים,500.00,"100 מ""ל",false,1,22.90,4.58,true,1,
7290114151672,false,"סבון ידיים לעור יבש בוטני 500 מ""ל",אף.סי תבליני בגליל ב,IL,סבון ידיים לעור יבש,מיליליטרים,500.00,"100 מ""ל",false,1,22.90,4.58,true,1,
7290114310215,false,"שמנת מתוקה 38% רמת הגולן 250 מ""ל ווסטהיים - מוצר בפיקוח",מילקו תעשיות בעמ,IL,שמנת מתוקה 38% 250 מ,גרמים,250.00,100 גרם,false,1,6.18,2.47,true,1,
7290114310239,false,חלב נטול לקטוז מועשר בוויטמין D י 2% 1.5 ל' טרה,מילקו תעשיות בעמ,IL,חלב נטול לקטוז מועשר,מיליליטרים,1500.00,"100 מ""ל",false,1,11.50,0.77,true,1,
7290114310338,false,צפתית מעודנת 5% בגביע 225 גרם משק צוריאל,מחלבת משק צוריאל,IL,גבינה צפתית מעודנת 5,גרמים,225.00,100 גרם,false,1,18.80,8.36,true,1,
7290114310345,false,מעדן יוגורט בטעם תות 1.5% 125 גרם טרה,מילקו תעשיות בעמ,,מעדן מו תות 1.5% 123,גרמים,123.00,100 גרם,false,1,3.00,2.44,true,1,
7290114310536,false,יוגורט לייט מעושר חלבון 25 גרם חלבון וניל MULLER ACTIVE,מולר Muller,IL,מולר אקטיב לייט,גרמים,200.00,100 גרם,false,1,6.20,3.10,true,1,
7290114311021,false,"משקה חלב וניל עוגיות פקק ספורט טרה 250 מ""ל",Unknown,,משקה חלב וניל עוגיות,מיליליטרים,250.00,"100 מ""ל",false,1,5.40,2.16,true,1,
7290114311038,false,"שמנת מתוקה 32% עמידה בבקבוק טרה 250 מ""ל",מילקו תעשיות בעמ,,שמנת מתוקה 32% 250 מ,מיליליטרים,250.00,"100 מ""ל",false,1,6.50,2.60,true,1,
7290114311069,false,יוגורט לבן מועשר בחלבון 0% שומן 200 גרם muller active,מולר Muller,IL,מולר אקטיב 25 ג חלבו,גרמים,150.00,100 גרם,false,1,5.60,3.73,true,1,
7290114311298,false,יוגורט מולר פרופ בטעם תות בננה מלון 150,מולר Muller,IL,יוגורט מולר פרופ בטע,גרמים,150.00,100 גרם,false,1,5.00,3.33,true,1,
7290114311304,false,יוגורט קציפת מנגו פסיפלורה בננה 150 ג' מולר,מולר Muller,IL,יוגורט מולר פרופ בטע,גרמים,150.00,100 גרם,false,1,5.00,3.33,true,1,
7290114311328,false,חלב מועשר דל לקטוז מעושר בויטמין Dי 2% שומן טרה 1 ליטר,ג'י.אר.אמ.גרופו אלימ,,חלב דל לקטוז מועשר ב,מיליליטרים,1000.00,"100 מ""ל",false,1,8.40,0.84,true,1,
7290114600927,false,עלי טורטייה חיטה מלאה מאסטר שף 320 גרם,אלקאטי קורביישיסי גי,,מנה עלי טורטיה חיט מ,גרמים,320.00,100 גרם,false,1,10.90,3.41,true,1,
7290114600941,false,מאסטר שף מיונז הולנדי לחיץ 435 גרם,קפה לנדוור,NL,מיונז לחיץ מאסטר שף,גרמים,435.00,100 גרם,false,1,13.50,3.10,true,1,
7290114600989,false,"רוטב אלף האיים מאסטר שף 250 מ""ל",קפה לנדוור,NL,רוטב אלף האיים מאסטר,מיליליטרים,250.00,"100 מ""ל",false,1,9.90,3.96,true,1,
7290114603508,false,"רוטב להקצפה מאסטר שף 300 מ""ל",סיטי פוד,TH,רוטב להקפצה מאסטר שף,מיליליטרים,300.00,"100 מ""ל",false,1,10.90,3.63,true,1,
7290114603768,false,"מארז אג'קס כלורון נוזל לניקוי אסלות 750 מ""ל*2 יח'",קולגייט פלמוליב,FR,נוזל ניקוי שירותים א,ליטרים,0.00,ליטר,false,1,30.50,30.50,true,1,
7290114604925,false,קרם קוקוס לייט מאסטר שף 400 גרם,"תאי קוקונאט חברה בע""",,קרם קוקוס לייט מאסטר,מיליליטרים,400.00,"100 מ""ל",false,1,9.40,2.35,true,1,
7290114606530,false,רוטב בטעם מיונז וקטשופ מאסטר שף 515 גרם,מאסטר שף,NL,רוטב בטעם מיונז וקטש,גרמים,515.00,100 גרם,false,1,12.90,2.50,true,1,
7290114606554,false,מיונז מופחת קלוריות בקבוק לחיץ,מאסטר שף,NL,מיונז לייט לחיץ מאסט,גרמים,470.00,100 גרם,false,1,13.50,2.87,true,1,
7290114606561,false,מאסטר שף אטריות אורז דקות ורמיצ'לי 400 ג,לינג טונג רייס ורמיצ'ילי,,מנה אסייאתי אטריות א,גרמים,400.00,100 גרם,false,1,9.90,2.48,true,1,
7290114606578,false,שקדי מרק מאסטר שף 400 גרם,שסטוביץ,IL,שקדי מרק מאסטר שף 40,גרמים,400.00,100 גרם,false,1,9.90,2.48,true,1,
7290114607391,false,"קולגייט משחת לילדים ברבי 2-5 שנים, 75 מ""ל",קולגייט פלמוליב,,קולגייט מ. שיניים בר,Unknown,0.00,Unknown,false,1,15.90,15.90,true,1,
7290114608633,false,"דפי אצה מאסטר שף, 25 גרם",מאסטר שף,,דפי אצה מאסטר שף 25,גרמים,25.00,100 גרם,false,1,12.50,50.00,true,1,
7290114751131,false,משחת שיניים אורל בי לילדים קארס 114 גר,פרוקטר אנד גמבל,,משחת שיניים אורל בי,גרמים,114.00,100 גרם,false,1,15.90,13.95,true,1,
7290115190007,false,מרלבורו אדום בוקס פא,פיליפ מוריס,,מרלבורו רד PP קרטוש,Unknown,0.00,Unknown,false,1,355.00,355.00,true,1,
7290115190069,false,מרלבורו גולד ארוך פאקט,פיליפ מוריס,,מרלבורו גולד 100 PP,Unknown,0.00,Unknown,false,1,355.00,355.00,true,1,
7290115190083,false,סיגריות מרלבורו גולד 10\1,פיליפ מוריס,,מרלבורו גולד PP קרטו,Unknown,0.00,Unknown,false,1,355.00,355.00,true,1,
7290115190144,false,סיגריות מרלבורו טאצ 1/10,פיליפ מוריס,,מרלבורו טאץ PP קרטוש,יחידה,1.00,יחידה,false,1,285.00,285.00,true,1,
7290115190205,false,פרלמ נט בלו 100 PP קרטוש,פיליפ מוריס,,פרלמ נט בלו 100 PP ק,Unknown,0.00,Unknown,false,1,405.00,405.00,true,1,
7290115190342,false,אל אם כחול קצר לייבל,פיליפ מוריס,,ל.מ בלו PP קרטוש,Unknown,0.00,Unknown,false,1,315.00,315.00,true,1,
7290115190489,false,סיגריות נקסט פיין 10,פיליפ מוריס,,נקסט פיין 100 PP קרט,Unknown,0.00,Unknown,false,1,279.90,279.90,true,1,
7290115200676,false,עוגיות קרמוגית במילוי קרם בטעם קרמל מלוח,"הגביע מוצרי וופלים בע""\מ",,קרמוגית קרמל מלוח 20,גרמים,200.00,100 גרם,false,1,11.40,5.70,true,1,
7290115201031,false,אסם פתי בר דובי שוקולד 175 גרם,טרופיקל דגיל תעשיות,,אסם פתיבר דובי שוקול,גרמים,175.00,100 גרם,false,1,10.90,6.23,true,1,
7290115201475,false,טבעול גורמה לביבות כרישה 434 גרם,טבעול )מקבוצת אסם השקעות,IL,טבעול גורמה לביבות כ,גרמים,434.00,100 גרם,false,1,34.90,8.04,true,1,
7290115201680,false,ביסלי בטעם ברביקיו אסם 70 גרם,"אסם השקעות בע""\מ",IL,ביסלי ברביקיו 70 גרם,גרמים,70.00,100 גרם,false,1,4.40,6.29,true,1,
7290115201703,false,ביסלי ברביקיו גדול אסם 200 גרם,מיוצר עי קונדיטוריית,IL,ביסלי ברביקיו 200 גר,גרמים,200.00,100 גרם,false,1,7.50,3.75,true,1,
7290115202236,false,טופו קראנצ'ים טבעול 470 גרם,עיצובים 2020 (4.8),IL,טופו קראנצ טבעול 470,גרמים,470.00,100 גרם,false,1,36.50,7.77,true,1,
7290115202816,false,מנה חמה פאוץ נודלס אטריות טעם עוף 70 גרם,תאי פרזידנט,,מנה חמה פאוצ נדלס.אט,גרמים,70.00,100 גרם,false,1,5.20,7.43,true,1,
7290115202847,false,מנה חמה פאוצ' נדלס ספייסי אסם 70 ג',תאי פרזידנט,,מנה חמה פאוצ נודלס ס,גרמים,70.00,100 גרם,false,1,5.20,7.43,true,1,
7290115203134,false,פופקו פופקורן במבה אסם 80 גרם,"אסם השקעות בע""\מ",,פופקו פופקורן במבה 8,גרמים,80.00,100 גרם,false,1,5.40,6.75,true,1,
7290115203806,false,"רוטב בסיס לבישול אסם 290 מ""ל","אסם השקעות בע""\מ",,"אסם רוטב בסיס 290 מ""",מיליליטרים,290.00,"100 מ""ל",false,1,16.70,5.76,true,1,
7290115204056,false,"קטשופ מופחת סוכר אסם 690 גרם כשל""פ","אסם תעשיות בע""מ",IL,קטשופ אסם מופחת סוכר,גרמים,690.00,100 גרם,false,1,10.00,1.45,true,1,
7290115204186,false,פסטו המעדינה של צבר,פרסקו,,צבר פסטו 190 גרם,יחידה,1.00,יחידה,false,1,19.80,19.80,true,1,
7290115204247,false,ממרח עגבניות מיובשות 190 ג' צבר,פרסקו,,צבר עגבניות מיובשות,יחידה,1.00,יחידה,false,1,18.90,18.90,true,1,
7290115205176,false,פיטנס - קרקר דק כפרי פיטנס 140 גרם,נסטלה Nestle,IL,פיטנס קרקר כפרי 140,גרמים,140.00,100 גרם,false,1,7.90,5.64,true,1,
7290115205251,false,פריכיות קרמל מלוח פיטנס בר 84 גרם,פרח תעשיות,,פיטנס בר פריכיות קרמ,גרמים,84.00,100 גרם,false,1,12.90,15.36,true,1,
7290115205312,false,קרקר פיטנס דק עם זיתי קלמטה ועשבי תיבול,"אסם השקעות בע""\מ",IL,פיטנס קרקר זיתים 140,גרמים,140.00,100 גרם,false,1,7.90,5.64,true,1,
7290115205527,false,פיטנס חטיף מולטיגריין עם עדשים 25 גרם,"אסם השקעות בע""\מ",,פיטנס חטיף מולטגריין,גרמים,25.00,100 גרם,false,1,4.90,19.60,true,1,
7290115205541,false,פיטנס חטיף מולטיגריין עם חומוס 25 גרם,"אסם השקעות בע""\מ",,פיטנס חטיף מולטיגריי,גרמים,25.00,100 גרם,false,1,4.90,19.60,true,1,
7290115205633,false,טבעול סנסשיונל/גורמה נקנקיות 350 גר',"טבעול תעשיות מזון בע""\מ",,טבעול סנסשיונל נקניק,גרמים,350.00,100 גרם,false,1,34.90,9.97,true,1,
7290115205695,false,אסם בונזור בצק מצונן לפיצה 460 גרם,נסטלה סוויס )שוויץ(,IL,אסם בונזור בצק מצונן,גרמים,0.00,100 גרם,false,1,17.70,17.70,true,1,
7290115205718,false,אסם בונזור בצק מצונן עלים 230 גרם,נסטלה סוויס )שוויץ(,IL,אסם בונזור בצק מצונן,גרמים,0.00,100 גרם,false,1,15.60,15.60,true,1,
7290115205978,false,פתיבר ואצבעות שוקולד 180 גרם - רבנות,"t\ד""\ר ג'\רארד בע""\מn\",IL,אסם פתי בר אצבעות שו,גרמים,180.00,100 גרם,false,1,10.90,6.06,true,1,
7290115206135,false,טבעול גורמה ארוחת קינואה 450 גרם,טבעול (מקבוצת אסם הש,IL,טבעול גורמה ארוחת קי,גרמים,450.00,100 גרם,false,1,34.90,7.76,true,1,
7290115207484,false,צבר סלט חציל על האש היתר 360 גרם,ג'נרל מילס סאן אדריא,,צבר סלט חציל על האש,גרמים,360.00,100 גרם,false,1,18.30,5.08,true,1,
7290115207620,false,"רוטב בסגנון סויה קלאסי 290 מ""ל אסם","אסם השקעות בע""\מ",,אסם רוטב בסגנון סויה,מיליליטרים,290.00,"100 מ""ל",false,1,16.70,5.76,true,1,
7290115207668,false,אסם רוטב בסגנון סויה סיני 600מל חדש,"אסם תעשיות בע""מ",,אסם רוטב בסגנון סויה,מיליליטרים,600.00,"100 מ""ל",false,1,21.90,3.65,true,1,
7290115207880,false,סירופ ויטמינציק פטל 2 ליטר,בית השיטה,,סירופ ויטמינציק פטל,ליטרים,0.00,ליטר,false,1,44.90,44.90,true,1,
7290115207965,false,סירופ מנגו אפרסק ויטמינצ'יק 1 ליטר,בית-השיטה עסיס תעשיות מז,,סירופ ויטמינציק מנגו,מיליליטרים,1000.00,"100 מ""ל",false,1,21.90,2.19,true,1,
7290115208009,false,סירופ ענבים ויטמינצ'יק 1 ליטר,בית-השיטה עסיס תעשיות מז,,סירופ ויטמינציק ענבי,מיליליטרים,1000.00,"100 מ""ל",false,1,21.90,2.19,true,1,
7290115208023,false,סירופ ויטמינציק ענבים 2 ליטר,,,סירופ ויטמינציק ענבי,ליטרים,0.00,ליטר,false,1,44.90,44.90,true,1,
7290115208047,false,סירופ פטל ויטמינצ'יק 1 ליטר,בית-השיטה עסיס תעשיות מז,,סירופ ויטמינציק פטל,מיליליטרים,1000.00,"100 מ""ל",false,1,21.90,2.19,true,1,
7290115208061,false,סירופ תפוח ויטמינצ'יק 1 ליטר,בית השיטה עסיס תעשיות מז,,סירופ ויטמינציק תפוח,מיליליטרים,1000.00,"100 מ""ל",false,1,21.90,2.19,true,1,
7290115208320,false,אפרופו חטיף בטעם ביסלי בצל 50 גרם,"אסם השקעות בע""\מ",,אפרופו בטעם ביסלי בצ,גרמים,50.00,100 גרם,false,1,5.00,10.00,true,1,
7290115208344,false,בייגלה כפיות שמנת בצל אסם 300 גרם,"אסם השקעות בע""\מ",,אסם בייגלה כפיות שמנ,גרמים,300.00,100 גרם,false,1,10.90,3.63,true,1,
7290115208801,false,לחמית דבש ואגוזים אסם 190 גרם,לחמית,,לחמית דבש ואגוזים 19,גרמים,190.00,100 גרם,false,1,6.90,3.63,true,1,
7290115209198,false,במבה אוורירית אסם 80 גרם,"אסם תעשיות בע""מ",,במבה אורירית 80 גרם,גרמים,80.00,100 גרם,false,1,4.30,5.38,true,1,
7290115209358,false,במבה במילוי בראוניז אסם 60 גרם,"אסם השקעות בע""\מ",,במבה במילוי בראוניז,גרמים,60.00,100 גרם,false,1,4.30,7.17,true,1,
7290115209372,false,במבה במילוי בראוניז 150ג' אסם,"אסם השקעות בע""\מ",,במבה במילוי בראוניז,גרמים,150.00,100 גרם,false,1,10.90,7.27,true,1,
7290115480009,false,"מרכך כביסה מרוכז פרש קונטרול ירוק 900 מ""ל סוד",הנקל סוד,IL,מרכך כביסה סוד מרוכז,מיליליטרים,900.00,"100 מ""ל",false,1,15.60,1.73,true,1,
7290115671155,false,שלישיית סוכריות מאסט FRESH ענבים 45 גרם,הליקון גידה,,שלישיית סוכריות ענבי,גרמים,45.00,100 גרם,false,1,9.50,21.11,true,1,
7290115671421,false,פולי אספרסו עשירים וארומטיים עוצמה 10 עלית 250 גרם,שטראוס קפה בי. וי.,,פולי אספרסו עשירים ו,גרמים,250.00,100 גרם,false,1,24.90,9.96,true,1,
7290115675696,false,דגני בוקר קראנצ'ים שיבולת שועל עם אגוזים ושקדים,גלידות שטראוס,,קוואקר אגוזים 375 ג,גרמים,375.00,100 גרם,false,1,19.90,5.31,true,1,
7290115675702,false,דגני בוקר קראנצ'ים שיבולת שועל עם פירות מיובשים,גלידות שטראוס,,קוואקר פירות 375 גר,גרמים,375.00,100 גרם,false,1,19.90,5.31,true,1,
7290115675986,false,דנונה יוגורט בר עם אגוזים מקורמלים 173 גרם,"שטראוס בריאות בע""\מ",,דנונה בר אגוזים מקור,גרמים,180.00,100 גרם,false,1,4.60,2.56,true,1,
7290115676037,false,דנונה ריפרש יוגורט עם תות ודומדמניות 1.6% שומן,מיוצר עי קונדיטוריית,IL,דנונה ריפרש תות דומד,מיליליטרים,250.00,"100 מ""ל",false,1,6.50,2.60,true,1,
7290115676051,false,"משקה אקטיביה שיבולת שועל במתיקות מעודנת 250 מ""ל",מיוצר עי קונדיטוריית,IL,משקה אקטיביה ש. שועל,גרמים,265.00,100 גרם,false,1,6.00,2.26,true,1,
7290115676082,false,משקה דנונה פרו 20 יוגורט תות 255 ג' רבנות,"שטראוס בריאות בע""\מ.",IL,משקה דנונה פרו 20 תו,מיליליטרים,265.00,"100 מ""ל",false,1,7.90,2.98,true,1,
7290115676273,false,אבקת קקאו עלית 500 גרם+ 10% תוספת,שטראוס קפה בי.וי.,IL,קקאו 500 גרם +10% 55,גרמים,550.00,100 גרם,false,1,30.90,5.62,true,1,
7290115677089,false,קונפיטורת תפוח וקינמון יד מרדכי 340 גרם,"בית אל מזון בע""מ",,קונפיטורת יד מרדכי ת,גרמים,340.00,100 גרם,false,1,15.60,4.59,true,1,
7290115677362,false,"נודלס טריאקי ""דלישס"" שטראוס","טרופיקל דגיל בע""מ אז",IT,נודלס טריאקי דלישס 3,גרמים,350.00,100 גרם,false,1,28.50,8.14,true,1,
7290115677409,false,אורז קארי צהוב עם ירקות ברוטב קארי וקרם קוקוס,אוכל ביתי ניר עציון,IT,אורז קארי צהוב דלישס,גרמים,350.00,100 גרם,false,1,28.50,8.14,true,1,
7290115678222,false,מארז 8 גביעים יוגורט Greek בסגנון יווני 6.5% שומן,"שטראוס בריאות בע""\מ",,מארז שמיניית דנונה י,גרמים,1000.00,100 גרם,false,1,25.90,2.59,true,1,
7290115678376,false,מעדן הגולן שוקולד 125 גרם,מיוצר עי קונדיטוריית,,מעדן הגולן שוקולד,גרמים,125.00,100 גרם,false,1,3.30,2.64,true,1,
7290115678383,false,מעדן הגולן שוקולד מריר 125 גרם,מיוצר עי קונדיטוריית,,מעדן הגולן שוקולד,גרמים,125.00,100 גרם,false,1,3.30,2.64,true,1,
7290115678970,false,מארז סוכריות FRESH בטעם בזוקה עלית 3*15 ג',"הליקון גידה בע""\מ",TR,שלישיית סוכריות בזוק,גרמים,45.00,100 גרם,false,1,9.50,21.11,true,1,
7290116530062,false,רוטב ויניגרט לסלט הלמנס 295 גרם,יוניליוור ישראל מזון בע\,,הלמנס רוטב ויניגרט ל,גרמים,295.00,100 גרם,false,1,14.60,4.95,true,1,
7290116530185,false,"קורנפלקס דלישקד קרמל מלוח 400 גרם בד""ץ","יוניליוור שפע ישראל בע""\",,דלישקד קרמל מלוח 400,גרמים,400.00,100 גרם,false,1,17.90,4.48,true,1,
7290116530239,false,אקס דאו סטיק לגבר בלאק 7 גרם,יוניליוור פארם,US,דאו סטיק לגבר בלאק,גרמים,77.00,100 גרם,false,1,19.90,25.84,true,1,
7290116531021,false,"שוקולד חלב ורד הגליל 100 גרם כשל""פ",יוניליוור ישראל מזון,,ורד הגליל שוקולד חלב,גרמים,100.00,100 גרם,false,1,5.50,5.50,true,1,
7290116531069,false,קנור מרק בצל 100% רכיבים טבעיים 225 גרם,יוניליוור ישראל מזון בע\,IL,מרק בצל קנור 225 גרם,גרמים,225.00,100 גרם,false,1,19.80,8.80,true,1,
7290116531083,false,"ברנפלקס ללא ת.סוכר בטעם דבש בתוספת שקדים, 400 גרם","יוניליוור שפע ישראל בע""\",IL,דגני ברנפלקס דבש ושק,גרמים,400.00,100 גרם,false,1,18.90,4.73,true,1,
7290116531496,false,קינמונים דגנים פריכים מצופים 375 גרם,"נאוג'\אזיס נווזיס ,UAB ג",,קינמונים 375 גרם,גרמים,375.00,100 גרם,false,1,18.90,5.04,true,1,
7290116531564,false,מאגדת פתית פריכיות תירס דקות עם קינואה ובזיליקום 150 ג',גוד פוד פרודקטס Sp.zo.o,PL,מאגדת פתית פריכיות ק,גרמים,150.00,100 גרם,false,1,13.90,9.27,true,1,
7290116531588,false,סיף מגבונים לניקוי כללי בניחוח מרכך 50 יח',יוניליוור,IL,מט.לחות סיף לנ.כללי,Unknown,0.00,Unknown,false,1,10.90,10.90,true,1,
7290116531779,false,דפים ריחניים למייבש כביסה בדין כחול 40 יחידות,"קלינטסט - 3p ארה""ב",,בדין נייר מרכך למיי,Unknown,0.00,Unknown,false,1,18.30,18.30,true,1,
7290116531793,false,הלמנ'ס רוטב לסלט קיסר 295 גרם,יוניליוור ישראל מזון בע\,IL,הלמנס רוטב לסלט קיסר,גרמים,295.00,100 גרם,false,1,14.60,4.95,true,1,
7290116532240,false,קליק טבלה שוקולד חלב פצפוצי דגנים ועוגי 85 גרם רבנות,יוניליוור ישראל מזון בע\,,XL קליק שוקולד חלב ע,גרמים,85.00,100 גרם,false,1,7.60,8.94,true,1,
7290116533216,false,"קנור מרק תיבול ירקות 235 מ""ל",יוניליוור,IL,מרק ירקות קנור 235 ג,גרמים,235.00,100 גרם,false,1,19.80,8.43,true,1,
=======
7290112490032,false,"נמס בכוס טעם תירס קנור 31 גרם מארז זוגי בד""צ",יוניליוור ישראל שיווק בע`מ,IL,מרק קנור נמס בכוס תי,גרמים,45.00,100 גרם,false,1,6.90,15.33,true,1,
7290112490117,false,קליק אקסטרא לארג שוקולד חלב עם וופל ואגוזים,יוניליוור ישראל שיווק בע`מ,,טבלת קליק שוקולד חלב,גרמים,85.00,100 גרם,false,1,7.60,8.94,true,1,
7290112490209,false,נמס בכוס מרק עגבניות עם קרוטונים רכיבים טבעיים,יוניליוור ישראל שיווק בע`מ,IL,מרק נמס בכוס עגבניות,גרמים,56.00,100 גרם,false,1,6.90,12.32,true,1,
7290112490216,false,מרק נמס בכוס בטעם עוף קנור 100% רכיבים טבעיים,יוניליוור ישראל שיווק בע`מ,IL,מרק קנור נמס בכוס עו,גרמים,48.00,100 גרם,false,1,6.90,14.38,true,1,
7290112490230,false,מרק נמס בכוס אפונה קנור 100% רכיבים טבעיים,יוניליוור ישראל שיווק בע`מ,IL,מרק נמס בכוס אפונה 5,גרמים,50.00,100 גרם,false,1,6.90,13.80,true,1,
7290112490650,false,קונפיטורה תות שדה 340 גרם-צנצנת,יוניליוור ישראל שיווק בע`מ,FR,קונפיטורה תות שדה 34,גרמים,340.00,100 גרם,false,1,17.70,5.21,true,1,
7290112490728,false,מרק עשיר ירקות עם בורגול רכיבים טבעיים 95 ג' קנור,יוניליוור ישראל שיווק בע`מ,IL,מרק עשיר ירקות עם בו,גרמים,72.00,100 גרם,false,1,14.60,20.28,true,1,
7290112490735,false,מרק עשיר עגבניות עם פסטה ר.טבעיים 105 גרם קנור,יוניליוור ישראל שיווק בע`מ,IL,מרק עגבניות עם פסטה,גרמים,105.00,100 גרם,false,1,14.60,13.90,true,1,
7290112490742,false,מרק עשיר פטריות עם גריסים רכיבים טבעיים 104 ג' קנור,יוניליוור ישראל שיווק בע`מ,IL,מרק פטריות עם גריסים,גרמים,104.00,100 גרם,false,1,14.60,14.04,true,1,
7290112490759,false,מרק עשיר עוף עם אטריות רכיבים טבעיים 74 ג' קנור,יוניליוור ישראל שיווק בע`מ,IL,מרק עוף עם אטריות,גרמים,74.00,100 גרם,false,1,14.60,19.73,true,1,
7290112491701,false,ברנפלקס בטעם וניל מעודן 20% חלבון Extra Protein,יוניליוור ישראל שיווק בע`מ,IL,ברנפלקס אקסטרה פרוטא,גרמים,375.00,100 גרם,false,1,19.90,5.31,true,1,
7290112492449,false,פינוק שמפו שיער רגיל 700 מל-חדש,"יוניליוור ישראל שיווק בע""מ",IL,שמפו פינוק לשיער רגי,מיליליטרים,700.00,"100 מ""ל",false,1,11.90,1.70,true,1,
7290112492456,false,"שמפו פינוק לשיער יבש/פגום 700 מ""ל",יוניליוור ישראל שיווק בע`מ,IL,שמפו פינוק לשיער יבש,מיליליטרים,700.00,"100 מ""ל",false,1,11.90,1.70,true,1,
7290112492463,false,"שמפו ומרכך 2 ב-1 לשיער רגיל פינוק 700 מ""ל.",יוניליוור ישראל שיווק בע`מ,IL,שמפו ומרכך פינוק 2 ב,מיליליטרים,700.00,"100 מ""ל",false,1,11.90,1.70,true,1,
7290112492500,false,פינוק שמפו לשיער עם שמן קוקוס 700 מל,יוניליוור ישראל שיווק בע`מ,IL,שמפו פינוק שמן קוקוס,מיליליטרים,700.00,"100 מ""ל",false,1,11.90,1.70,true,1,
7290112492531,false,"פינוק קונדישנר לשיער רגיל 700מ""ל",יוניליוור ישראל שיווק בע`מ,IL,מרכך פינוק לשיער רגי,מיליליטרים,700.00,"100 מ""ל",false,1,11.90,1.70,true,1,
7290112492548,false,"מרכך פינוק עם שמן חוחובה 700 מ""ל",יוניליוור ישראל שיווק בע`מ,IL,מרכך פינוק לשיער יבש,מיליליטרים,700.00,"100 מ""ל",false,1,11.90,1.70,true,1,
7290112492593,false,תחליב רחצה פינוק בניחוח פינוק קלאסי 700,יוניליוור ישראל שיווק בע`מ,IL,תחליב רחצה פינוק בני,מיליליטרים,700.00,"100 מ""ל",false,1,15.60,2.23,true,1,
7290112492609,false,"תחליב רחצה פינוק 700 מ""ל לבנדר ווניל",יוניליוור ישראל שיווק בע`מ,IL,תחליב רחצה פינוק לבנ,מיליליטרים,700.00,"100 מ""ל",false,1,15.60,2.23,true,1,
7290112492630,false,"שמפו ג'ל רחצה וסבון פנים 3 ב-1 לגבר פינוק 700 מ""ל",יוניליוור ישראל שיווק בע`מ,IL,שמפו פינוק 3 ב-1 לגב,מיליליטרים,700.00,"100 מ""ל",false,1,11.90,1.70,true,1,
7290112492722,false,"2ב-1 שמפו ומרכך פינוק אל דמע לסירוק קל לילדים 700 מ""ל",יוניליוור ישראל שיווק בע`מ,IL,שמפו ומרכך פינוק 2 ב,מיליליטרים,700.00,"100 מ""ל",false,1,13.90,1.99,true,1,
7290112492753,false,"פינוק לילדים אל סבון לרחצה 700 מ""ל",יוניליוור ישראל שיווק בע`מ,IL,אל סבון פינוק לילדים,מיליליטרים,700.00,"100 מ""ל",false,1,13.90,1.99,true,1,
7290112492982,false,"אבקת מרק פטריות כשל""פ 100% רכיבים טבעיים 400 גרם",יוניליוור ישראל שיווק בע`מ,,קנור מרק פטריות רכיב,גרמים,400.00,100 גרם,false,1,24.90,6.23,true,1,
7290112492999,false,קנור מרק עוף אמיתי 400 גרם פרווה,יוניליוור ישראל שיווק בע`מ,,מרק טעם עוף 400 גרם,גרמים,400.00,100 גרם,false,1,9.90,2.48,true,1,
7290112493064,false,"רוטב שזיפים להקפצה, לבישול ולאפיה",יוניליוור ישראל שיווק בע`מ,,קנור רוטב שזיפים לעו,גרמים,320.00,100 גרם,false,1,14.60,4.56,true,1,
7290112493088,false,נמס בכוס עדשים מרק רכיבים טבעיים קנור 54 ג',יוניליוור ישראל שיווק בע`מ,,מרק קנור נמס בכוס עד,גרמים,54.00,100 גרם,false,1,7.50,13.89,true,1,
7290112493293,false,קנור - נמס ירקות וקרוטונים ר.טבעי 44 גרם,יוניליוור ישראל שיווק בע`מ,,מרק קנור נמס בכוס יר,גרמים,44.00,100 גרם,false,1,6.90,15.68,true,1,
7290112493316,false,מרק היום אפונה 100% רכיבים טביעיים קנור,יוניליוור ישראל שיווק בע`מ,IL,מרק היום אפונה 117 ג,גרמים,117.00,100 גרם,false,1,14.60,12.48,true,1,
7290112494153,false,תיבוליות ניחוח צלי קנור( 72 גרם),יוניליוור ישראל שיווק בע`מ,,תיבולית ניחוח צלי קנ,גרמים,72.00,100 גרם,false,1,11.40,15.83,true,1,
7290112494221,false,חטיף ביסקויט שוקולד חלב קליק (65 גרם),יוניליוור ישראל שיווק בע`מ,,קליק ביסקוויט 65 גרם,גרמים,65.00,100 גרם,false,1,5.90,9.08,true,1,
7290112494238,false,חטיף כדורים שוקולד חלב קליק (65 גרם),יוניליוור ישראל שיווק בע`מ,,קליק כדורי חלב 65 גר,גרמים,65.00,100 גרם,false,1,5.90,9.08,true,1,
7290112494276,false,קליק כריות בתפזורת כשר לפסח,יוניליוור ישראל שיווק בע`מ,,קליק כריות 65 גר,גרמים,65.00,100 גרם,false,1,5.90,9.08,true,1,
7290112494283,false,חטיף כדורים מעורב חום לבו 65 גר`קליק,יוניליוור ישראל שיווק בע`מ,,קליק חום לבן 65 גרם,גרמים,65.00,100 גרם,false,1,5.90,9.08,true,1,
7290112494344,false,קורנפלקס של אלופים תלמה (850 גרם)רבנות,יוניליוור ישראל שיווק בע`מ,,קורנפלקס של אלופים כ,גרמים,850.00,100 גרם,false,1,17.60,2.07,true,1,
7290112494351,false,קורנפלקס של אלופים תלמה (850 גרם).בדצ,יוניליוור ישראל שיווק בע`מ,,קורנפלקס של אלופים 8,גרמים,850.00,100 גרם,false,1,17.60,2.07,true,1,
7290112494382,false,פירה בטעם ביתי 260 גרם-קופסא,יוניליוור ישראל שיווק בע`מ,,פירה בטעם ביתי 260 ג,גרמים,260.00,100 גרם,false,1,11.90,4.58,true,1,
7290112494795,false,בדין-ג'ל לכביסה לבנה וצבעונית בניחוח עדין כחול 2.5 ליטר,יוניליוור ישראל שיווק בע`מ,IL,גל כביסה בדין בניחוח,קילוגרמים,0.00,"ק""ג",false,1,36.50,36.50,true,1,
7290112494832,false,תרחיץ פנים לכל סוגי העור מכיל 25% קרם לחות,יוניליוור ישראל שיווק בע`מ,,תרחיץ פנים דאב לעור,מיליליטרים,180.00,"100 מ""ל",false,1,16.90,9.39,true,1,
7290112495006,false,כריות דגנים במילוי נוגט בדצ 686 גרם,יוניליוור ישראל שיווק בע`מ,,כריות נוגט 686 גרם -,גרמים,686.00,100 גרם,false,1,24.90,3.63,true,1,
7290112495037,false,דגני בוקר בטעם שוקולד כדורים 375 ג' קוקומן,יוניליוור ישראל שיווק בע`מ,,קוקומן כדורים פחות ס,גרמים,375.00,100 גרם,false,1,18.90,5.04,true,1,
7290112495044,false,דגני קוקומן פצפוצים תלמה (375 גרם),יוניליוור ישראל שיווק בע`מ,,קוקומן פצפוצים 375 ג,גרמים,375.00,100 גרם,false,1,18.90,5.04,true,1,
7290112495105,false,נשנושים טעם שמנת בצל בייגל בייגל 260 גרם,יוניליוור ישראל שיווק בע`מ,,נשנושים תפוא בצל 260,גרמים,260.00,100 גרם,false,1,12.70,4.88,true,1,
7290112495112,false,נשנושים טעם זעתר בייגל בייגל 260 גרם,יוניליוור ישראל שיווק בע`מ,,נשנושים זעתר 260 גרם,גרמים,260.00,100 גרם,false,1,12.70,4.88,true,1,
7290112495174,false,נשנושי קרקר קוקטייל שומשום בייגל בייגל 300 גרם,יוניליוור ישראל שיווק בע`מ,,קרקרים קוקטייל שומשו,גרמים,300.00,100 גרם,false,1,12.90,4.30,true,1,
7290112495433,false,דגני דליפקאן תוספת אגוזי פקאן ושקדים 400 גר,יוניליוור ישראל שיווק בע`מ,,דליפקאן 400 גרם,גרמים,400.00,100 גרם,false,1,17.90,4.48,true,1,
7290112495488,false,קורנפלקס פתיתי תירס קלויים ללא גלוטן 500,יוניליוור ישראל שיווק בע`מ,,קורנפלקס פתיתי תירס,גרמים,500.00,100 גרם,false,1,22.90,4.58,true,1,
7290112495556,false,מארז שלישיית חטיפי קליק ממולא בנוגט,יוניליוור ישראל שיווק בע`מ,IL,חטיף שוקולד נוגט שוק,גרמים,105.00,100 גרם,false,1,14.90,14.19,true,1,
7290112495594,false,בייגלה שמיניות גדולות ללא מלח בייגל בייגל 400 גרם,יוניליוור ישראל שיווק בע`מ,,בייגל גדול גדול ללא,גרמים,400.00,100 גרם,false,1,16.70,4.18,true,1,
7290112495662,false,קרקר חיטה מלאה ופשתן בייגל בייגל 300 גרם,יוניליוור ישראל שיווק בע`מ,,קרקר חיטה מלאה עם פש,גרמים,300.00,100 גרם,false,1,11.40,3.80,true,1,
7290112495754,false,רוטב לסלט אלף האיים הלמנס (305 מל),יוניליוור ישראל שיווק בע`מ,,הלמנס לסלט אלף האיים,מיליליטרים,305.00,"100 מ""ל",false,1,14.60,4.79,true,1,
7290112495792,false,רוטב הלמנס שום לייט לסלט 305גר כשלפ,יוניליוור ישראל שיווק בע`מ,,הלמנס לסלט שום לייט,מיליליטרים,300.00,"100 מ""ל",false,1,14.60,4.87,true,1,
7290112495808,false,רוטב לסלט חרדל ודבש הלמנס (305 מל),יוניליוור ישראל שיווק בע`מ,,הלמנס לסלט חרדל ודבש,מיליליטרים,305.00,"100 מ""ל",false,1,14.60,4.79,true,1,
7290112495815,false,רוטב לסלט חרדל ודבש לייט (305 גרם)הלמנס,יוניליוור ישראל שיווק בע`מ,,הלמנס רוטב חרדל דבש,גרמים,305.00,100 גרם,false,1,14.60,4.79,true,1,
7290112495976,false,פריכיות אורז מצופות שוקולד חלב מעולה פתי,יוניליוור ישראל שיווק בע`מ,PL,פריכיות אורז מצופות,גרמים,35.00,100 גרם,false,1,6.20,17.71,true,1,
7290112495983,false,פרכיות פתיתבציפוי שוקולד חלב ושבבי קרמל מלוח 39 גר',יוניליוור ישראל שיווק בע`מ,PL,פריכיות אורז שוקולד,גרמים,35.00,100 גרם,false,1,6.20,17.71,true,1,
7290112496034,false,"סירופ מייפל לחיץ 580 מ""ל כשל""פ אפיכל",יוניליוור ישראל שיווק בע`מ,,סירופ מייפל 580 גרם-,גרמים,580.00,100 גרם,false,1,18.80,3.24,true,1,
7290112496188,false,"אקס - בושם גוף טיקט לגבר אפולו 17 מ""ל",יוניליוור ישראל שיווק בעמ,TR,בושם כיס אקס אפולו 1,מיליליטרים,17.00,"100 מ""ל",false,1,22.90,134.71,true,1,
7290112496218,false,קנור רוטב טריאקי הפחתה של מעל 50% סוכר ונתרן 310 ג',יוניליוור ישראל שיווק בע`מ,IL,רוטב קנור טריאקי 34,גרמים,340.00,100 גרם,false,1,10.90,3.21,true,1,
7290112496270,false,"פתית צ'יפס תפו""א בתוספת עגבניות ועשבי תיבול 22 גרם",יוניליוור ישראל שיווק בע`מ,GB,"פתית ציפס תפו""א עגבנ",גרמים,22.00,100 גרם,false,1,5.80,26.36,true,1,
7290112496287,false,פתית - צ'יפס בטטה בטעם טבעי 21 גרם,יוניליוור ישראל שיווק בע`מ,GB,פתית ציפס בטטה בטעם,גרמים,21.00,100 גרם,false,1,5.80,27.62,true,1,
7290112496294,false,חטיף פתית צ'יפס עם אפונה ירוקה צהובה וצ'ילי,יוניליוור ישראל שיווק בע`מ,GB,פתית ציפס אפונה בתוס,גרמים,22.00,100 גרם,false,1,5.80,26.36,true,1,
7290112496430,false,קנור נמס בכוס אקסטרה עגבניות+איטריות 37 גרם - רבנות,יוניליוור ישראל שיווק בע`מ,,נמס בכוס אקסטרה עגבנ,גרמים,37.00,100 גרם,false,1,4.50,12.16,true,1,
7290112496447,false,נמס בכוס אקסטרה טעם עוף עם המון אטריות 27ג',יוניליוור ישראל שיווק בע`מ,,נמס בכוס אקסטרה טעם,גרמים,27.00,100 גרם,false,1,4.50,16.67,true,1,
7290112496461,false,נמס בכוס אקסטרה מרק ירקות עם המון אטריות,יוניליוור ישראל שיווק בע`מ,,מרק נמס בכוס אקסטרה,גרמים,32.00,100 גרם,false,1,4.50,14.06,true,1,
7290112497000,false,פנטסטיק תרכיז ניקוי רב תכליתי בניחוח לימון,יוניליוור ישראל שיווק בע`מ,IL,נוזל ניקוי כללי סיף,ליטרים,0.00,ליטר,false,1,13.90,13.90,true,1,
7290112497031,false,קנור רוטב עגבניות לקציצות 415 גרם,יוניליוור ישראל שיווק בע`מ,IT,קנור רוטב עגבניות לק,גרמים,415.00,100 גרם,false,1,15.20,3.66,true,1,
7290112497123,false,סחלב תערובת להכנת מעדן בטעם סחלב 112גרם,יוניליוור ישראל שיווק בע`מ,,סחלב 112 גרם-קופסא,גרמים,112.00,100 גרם,false,1,16.20,14.46,true,1,
7290112497727,false,פינוק בייבי אל סבון אל דמע לתינוקות 700,יוניליוור ישראל שיווק בע`מ,,אל סבון אל דמע לתינו,Unknown,0.00,Unknown,false,1,16.90,16.90,true,1,
7290112498007,false,גרנולה פרוטאין בתוספת חלבון שקדים וחמוציות תלמה 300 ג',יוניליוור ישראל שיווק בע`מ,,גרנולה פרוטאין ת.חלב,גרמים,300.00,100 גרם,false,1,19.80,6.60,true,1,
7290112498281,false,"אל סבון לידיים בתוספת שמן קוקוס פינוק 950 מ""ל",יוניליוור ישראל שיווק בע`מ,,סבון ידיים בתוספת שמ,מיליליטרים,950.00,"100 מ""ל",false,1,12.90,1.36,true,1,
7290112498298,false,"אל סבון ליידים בתוספת שמן מרוקאי פינוק 950 מ""ל",יוניליוור ישראל שיווק בע`מ,,סבון ידיים בתוספת שמ,מיליליטרים,950.00,"100 מ""ל",false,1,12.90,1.36,true,1,
7290112498441,false,"קנור רוטב אסיאתי למוקפץ 300 מ""ל בד""ץ",יוניליוור ישראל שיווק בע`מ,,רוטב קנור אסייתי למו,מיליליטרים,370.00,"100 מ""ל",false,1,10.90,2.95,true,1,
7290112498526,false,"פתית צ'יפס עם בטטה סגולה בטעם שמנת ובצל, 22 גרם",יוניליוור ישראל שיווק בע`מ,GB,פתית ציפס בטטה סגולה,גרמים,22.00,100 גרם,false,1,5.80,26.36,true,1,
7290112499462,false,פינוק תחליב רחצה 700 בתוספת שמן קוקוס,יוניליוור ישראל שיווק בע`מ,,תחליב רחצה פינוק שמן,מיליליטרים,700.00,"100 מ""ל",false,1,15.60,2.23,true,1,
7290112961266,false,בייגלה כפיות פיזור איטלקי אסם 300 גרם,קבוצת אוסם סחר שותפות מוגבלת,,בייגלה כפיות פיזור א,גרמים,300.00,100 גרם,false,1,10.90,3.63,true,1,
7290112961440,false,פיטנס חטיפי פריכיות שוקולד מריר 84 גרם,קבוצת אוסם סחר שותפות מוגבלת,IL,פיטנס בר פריכיות שוק,גרמים,84.00,100 גרם,false,1,12.90,15.36,true,1,
7290112963321,false,גריסיני בייגלה שטוח ללא גלוטן אסם 300גרם,קבוצת אוסם סחר שותפות מוגבלת,IL,גרטיפי בייגלה שטוח ה,גרמים,300.00,100 גרם,false,1,19.80,6.60,true,1,
7290112963918,false,פיטנס חטיפי קרקר דק רוזמרין 140 גרם,קבוצת אוסם סחר שותפות מוגבלת,IL,פיטנס קרקר דק רוזמרי,גרמים,140.00,100 גרם,false,1,7.90,5.64,true,1,
7290112964410,false,אסם רוטב אלף האיים חדש לסלט 290 גרם,קבוצת אוסם סחר שותפות מוגבלת,IL,רוטב אלף האיים לסלט,מיליליטרים,290.00,"100 מ""ל",false,1,14.20,4.90,true,1,
7290112964564,false,רוטב אלף האיים לייט לסלט אסם (295 מל),קבוצת אוסם סחר שותפות מוגבלת,IL,רוטב אלף האיים לייט,מיליליטרים,295.00,"100 מ""ל",false,1,14.20,4.81,true,1,
7290112964601,false,רוטב בנוסח סצ'ואן הסדרה האסייתית,קבוצת אוסם סחר שותפות מוגבלת,,רוטב בנוסח סצואן אסם,מיליליטרים,290.00,"100 מ""ל",false,1,16.70,5.76,true,1,
7290112965165,false,מרק נמס פטריות אסם בדצ 48 גרם מארז זוגי,קבוצת אוסם סחר שותפות מוגבלת,IL,זוג מרק נמס סוף פטרי,גרמים,48.00,100 גרם,false,1,5.90,12.29,true,1,
7290112965240,false,מרק נמס בטעם עגבניות זוג * 44 ג' אסם,קבוצת אוסם סחר שותפות מוגבלת,IL,זוג מרק נמס עגבניות,גרמים,60.00,100 גרם,false,1,5.90,9.83,true,1,
7290112965264,false,אבקת מרק נמס אפונה אסם בדצ 52 גרם מארז זוגי,קבוצת אוסם סחר שותפות מוגבלת,IL,זוג מרק נמס סוף אפונ,גרמים,52.00,100 גרם,false,1,5.90,11.35,true,1,
7290112965288,false,מרק נמס ירקות אסם בדצ 56 גרם מארז זוגי,קבוצת אוסם סחר שותפות מוגבלת,IL,אסם זוג מרק נמס ירקו,גרמים,56.00,100 גרם,false,1,5.90,10.54,true,1,
7290112965301,false,זוג מרק נמס בטעם עוף עם שקדי מרק רגע חם,קבוצת אוסם סחר שותפות מוגבלת,IL,אסם זוג מרק נמס טעם,גרמים,52.00,100 גרם,false,1,5.90,11.35,true,1,
7290112965585,false,פרפקטו פסטה קסרצה אסם 500 גרם,קבוצת אוסם סחר שותפות מוגבלת,,פרפקטו פסטה קסרצה 50,גרמים,500.00,100 גרם,false,1,7.90,1.58,true,1,
7290112965660,false,פיטנס - חטיף מולטיגריין מלח פלפל 25 גרם,קבוצת אוסם סחר שותפות מוגבלת,IL,פיטנס חטיף מולטיגריי,גרמים,25.00,100 גרם,false,1,4.90,19.60,true,1,
7290112965684,false,פיטנס - חטיף מולטיגריין עשבי תיבול 25 גרם,קבוצת אוסם סחר שותפות מוגבלת,IL,פיטנס חטיף מולטיגריי,גרמים,25.00,100 גרם,false,1,4.90,19.60,true,1,
7290112965981,false,"טבעול גורמה ארוחת דגנים, 450 גרם",קבוצת אוסם סחר-שות.מוגבלת,IL,טבעול גורמה ארוחת דג,גרמים,450.00,100 גרם,false,1,34.90,7.76,true,1,
7290112966247,false,לחמית כוסמין אסם 200 גרם,קבוצת אוסם סחר שותפות מוגבלת,,לחמית כוסמין 200 גרם,גרמים,200.00,100 גרם,false,1,6.90,3.45,true,1,
7290112966445,false,במבה מתוקה אריזה גדולה 100 גר`אסם,קבוצת אוסם סחר שותפות מוגבלת,IL,במבה מתוקה אריזה גדו,גרמים,100.00,100 גרם,false,1,7.90,7.90,true,1,
7290112966766,false,צבר טחינה בלאדי חציל עגבניות ושום 350 גרם,קבוצת אוסם סחר שותפות מוגבלת,IL,טחינה בלאדי חציל עגב,גרמים,350.00,100 גרם,false,1,18.80,5.37,true,1,
7290112966841,false,אינסטנט פודינג בטעם שוקולד מריר 95 גרם,קבוצת אוסם סחר שותפות מוגבלת,,אסם פודינג בטעם שוקו,גרמים,90.00,100 גרם,false,1,5.50,6.11,true,1,
7290112967114,false,פיטנס חטיפי פריכיות קטניות ופלפל 60 גרם,קבוצת אוסם סחר שותפות מוגבלת,,פיטנס חטיפי פריכיות,גרמים,60.00,100 גרם,false,1,8.90,14.83,true,1,
7290112967381,false,פיטנס חטיפי פריכיות קטניות ומלח ים 60 גרם,קבוצת אוסם סחר שותפות מוגבלת,,פיטנס חטיפי פריכיות,גרמים,60.00,100 גרם,false,1,8.90,14.83,true,1,
7290112968340,false,צבר חומוס סמיר הגדול 400 גר`,קבוצת אוסם סחר שותפות מוגבלת,IL,חומוס צבר גרוס גס גס,גרמים,400.00,100 גרם,false,1,16.70,4.18,true,1,
7290112968449,false,סלט טחינה כרוב אדום 250 גרם,קבוצת אוסם סחר שותפות מוגבלת,IL,סלט טחינה כרוב אדום,גרמים,250.00,100 גרם,false,1,12.10,4.84,true,1,
7290112968807,false,80018416694פיטנס חטיפי קרקר דק סלק 150גר,קבוצת אוסם סחר שותפות מוגבלת,,פיטנס קרקר דק סלק 14,גרמים,140.00,100 גרם,false,1,7.90,5.64,true,1,
7290112968821,false,חטיפי קרקר דק בטטה 140 גר` פיטנס,קבוצת אוסם סחר שותפות מוגבלת,,פיטנס קרקר דק בטטה 1,גרמים,140.00,100 גרם,false,1,7.90,5.64,true,1,
7290112969286,false,בישולים רוטב חרדל ודבש ( 330 גר`) אסם,קבוצת אוסם סחר שותפות מוגבלת,,אסם בישולים רוטב חרד,גרמים,330.00,100 גרם,false,1,17.90,5.42,true,1,
7290113190450,false,ממרח תמרים 450 גרם שקדיה,דין שיווק וקליה 2021 בעמ,,ממרח תמרים שאן 450 ג,גרמים,450.00,100 גרם,false,1,7.90,1.76,true,1,
7290113190757,false,חלבה מסולסלת טעם וניל 300 גר`ששון הקו,דין שיווק וקליה 2021 בעמ,IL,חלבה מסולסלת בטעם ונ,גרמים,300.00,100 גרם,false,1,16.90,5.63,true,1,
7290113191907,false,טורטיה להכנת פיצה שקדיה 400 גרם,אלקטי קוראבייכיסיגידה טו,TR,טורטיה חיטה להכנת פי,גרמים,440.00,100 גרם,false,1,11.40,2.59,true,1,
7290113192201,false,תערובת להכנת סחלב 500 גרם ששון הקולה,דין שיווק וקליה 2021 בעמ,IL,תערובת להכנת סחלב 50,גרמים,500.00,100 גרם,false,1,15.90,3.18,true,1,
7290113192300,false,זיתים מושחרים חרוזית 275 גרם בית השיטה,קבוצת אוסם סחר שותפות מוגבלת,IL,זיתים מושחרים חרוזית,גרמים,275.00,100 גרם,false,1,12.50,4.55,true,1,
7290113192317,false,זיתים מושחרים טבעות בית השיטה (280 גרם),קבוצת אוסם סחר שותפות מוגבלת,IL,טבעות זיתים מושחרים,גרמים,280.00,100 גרם,false,1,13.90,4.96,true,1,
7290113192355,false,חרוזית זיתים ירוקים ללא גלעין 275 ג' בית השיטה,קבוצת אוסם סחר שותפות מוגבלת,,זית חרוזית ירוק A2 ב,גרמים,275.00,100 גרם,false,1,10.30,3.75,true,1,
7290113192362,false,זיתים ירוקים טבעות A2 בית השיטה 280 גרם,קבוצת אוסם סחר שותפות מוגבלת,IL,זיתים ירוקים טבעות A,גרמים,280.00,100 גרם,false,1,10.60,3.79,true,1,
7290113192379,false,בית השיטה זיתים ירוקים מבוקעים א2 340גר',קבוצת אוסם סחר-שות.מוגבלת,IL,זיתים ירוקים מבוקעים,גרמים,340.00,100 גרם,false,1,11.90,3.50,true,1,
7290113192393,false,בית השיטה קוקטייל זיתים א2 336 גרם,קבוצת אוסם סחר שותפות מוגבלת,IL,קוקטייל זיתים A2 בית,גרמים,336.00,100 גרם,false,1,11.90,3.54,true,1,
7290113192478,false,בית השיטה מלפפונים במלח בינוני 10-12 320 גרם,קבוצת אוסם סחר שותפות מוגבלת,IL,מלפפונים במלח 10-12,גרמים,320.00,100 גרם,false,1,5.90,1.84,true,1,
7290113192485,false,בית השיטה מלפפונים בחומץ בינוני 10-12 290 גרם,קבוצת אוסם סחר שותפות מוגבלת,IL,מלפפונים בחומץ 10-12,גרמים,320.00,100 גרם,false,1,5.90,1.84,true,1,
7290113192492,false,בית השיטה מלפפונים בחומץ קטנים 1317 290 גרם,קבוצת אוסם סחר שותפות מוגבלת,IL,מלפפון בחומץ 17-13 ב,גרמים,290.00,100 גרם,false,1,10.90,3.76,true,1,
7290113192508,false,בית השיטה מלפפונים במלח קטן 1317 320 גרם,קבוצת אוסם סחר שותפות מוגבלת,IL,מלפפון במלח 17-13 בי,גרמים,320.00,100 גרם,false,1,10.90,3.41,true,1,
7290113192515,false,בית השיטה מלפפונים במלח קטן מאוד 1825 320 גרם,קבוצת אוסם סחר שותפות מוגבלת,IL,מלפפון במלח 18-25 32,גרמים,320.00,100 גרם,false,1,12.90,4.03,true,1,
7290113192522,false,בית השיטה מלפפונים בחומץ קטן מאוד 1825 290 גרם,קבוצת אוסם סחר שותפות מוגבלת,IL,מלפפון בחומץ 18-25 2,גרמים,290.00,100 גרם,false,1,12.90,4.45,true,1,
7290113192539,false,בית השיטה מלפפונים במלח גדול 79 320 גרם,קבוצת אוסם סחר שותפות מוגבלת,IL,מלפפון במלח 7-9 בית,גרמים,320.00,100 גרם,false,1,6.90,2.16,true,1,
7290113192546,false,"מלפפונים בחומץ רכיבים טבעיים 7-9 ""בית השיטה""",קבוצת אוסם סחר שותפות מוגבלת,IL,מלפפון בחומץ 7-9 בי,גרמים,290.00,100 גרם,false,1,6.90,2.38,true,1,
7290113192577,false,בית השיטה כרוב כבוש א2 12*430גרם חדש,קבוצת אוסם סחר שותפות מוגבלת,IL,כרוב כבוש A2 בית השי,גרמים,430.00,100 גרם,false,1,8.20,1.91,true,1,
7290113192881,false,"טורטיה חיטה מופחת קלוריות, קוטר 20 ס""מ - 6 יח'",דין שיווק וקליה 2021 בעמ,TR,טורטיה חיטה מופחתת ק,גרמים,270.00,100 גרם,false,1,10.00,3.70,true,1,
7290113193000,false,בית השיטה פלפל שיפקונית 230 גרם*,קבוצת אוסם סחר שותפות מוגבלת,IL,פלפל שיפקונית 230 גר,גרמים,230.00,100 גרם,false,1,13.50,5.87,true,1,
7290113193017,false,בית השיטה חרוזית קוקטייל זיתים 275 גרם,קבוצת אוסם סחר שותפות מוגבלת,IL,קוקטייל זיתים 275 גר,גרמים,275.00,100 גרם,false,1,13.90,5.05,true,1,
7290113193031,false,חרוזית קלמטה - זיתים שחורים ללא גלעין קלמטה,קבוצת אוסם סחר שותפות מוגבלת,IL,חרוזית קלמטה 275 גרם,גרמים,275.00,100 גרם,false,1,13.90,5.05,true,1,
7290113193321,false,שמן זית כתית מעולה בית השיטה 750 מייל,קבוצת אוסם סחר שותפות מוגבלת,IL,בית השיטה שמן זית כת,מיליליטרים,750.00,"100 מ""ל",false,1,34.50,4.60,true,1,
7290113193369,false,"תרסיס שמן קנולה מזוכך בית השיטה 150מ""ל",קבוצת אוסם סחר שותפות מוגבלת,,בית השיטה תרסיס שמן,מיליליטרים,150.00,"100 מ""ל",false,1,14.90,9.93,true,1,
7290113193888,false,חצילים מוחמצים בית השיטה 320 גרם,קבוצת אוסם סחר שותפות מוגבלת,IL,חצילים מוחמצים 320 ג,גרמים,320.00,100 גרם,false,1,13.50,4.22,true,1,
7290113195042,false,מלפפון במלח כבישה ביתית בית השיטה 750 גרם,קבוצת אוסם סחר שותפות מוגבלת,,מלפפפון מלח כבישה בי,גרמים,750.00,100 גרם,false,1,31.50,4.20,true,1,
7290113195356,false,שמן קנולה מזוכך זית השיטה 1 ליטר,קבוצת אוסם סחר-שות.מוגבלת,,שמן קנולה מזוכך זית,מיליליטרים,1000.00,"100 מ""ל",false,1,13.90,1.39,true,1,
7290113196780,false,ב.ה. זיתים ירוקים מבוקעים באלדי 900גרם,קבוצת אוסם סחר-שות.מוגבלת,IL,זיתים ירוקים מבוקעים,גרמים,900.00,100 גרם,false,1,28.90,3.21,true,1,
7290113196896,false,"תרסיס שמן זית שקדיה 170 מ""ל",דין שיווק וקליה 2021 בעמ,TR,"תרסיס שמן זית 170 מ""",מיליליטרים,170.00,"100 מ""ל",false,1,12.50,7.35,true,1,
7290113199767,false,ממרח שקדים 300 גרם השקדיה,דין שיווק וקליה 2021 בעמ,,ממרח שקדים 100% 300,גרמים,300.00,100 גרם,false,1,27.90,9.30,true,1,
7290113300217,false,פאוצ`נתחוני לה קט עם בקר ברוטב,שחורי אריה ואנסטסיה,,פאוצ נתחוני לה קט עם,Unknown,0.00,Unknown,false,1,4.90,4.90,true,1,
7290113300224,false,פאוץ מתחוני לה קט עם סלמון ברוטב 85ג,דיפלומט מפיצים (1968) בעמ**,,פאוצ נתחוני לה קט עם,Unknown,0.00,Unknown,false,1,4.90,4.90,true,1,
7290113300255,false,פאוצ' להקט פורל ג'לי 85 גר',יו פי אף,,פאוצ נתחוני לה קט עם,Unknown,0.00,Unknown,false,1,4.90,4.90,true,1,
7290113300262,false,פאוץ מתחוני לה קט עם טונה בגלי 85ג,דיפלומט מפיצים (1968) בעמ**,,נתחוני לה קט עם טונה,Unknown,0.00,Unknown,false,1,4.90,4.90,true,1,
7290113302358,false,חטיפי בונזו עוף בצורת סושי 80 גר,שחורי אריה ואנסטסיה,,חטיפי בונזו עוף בצור,Unknown,0.00,Unknown,false,1,12.90,12.90,true,1,
7290113302365,false,חטיפי בונזו ברווז בצורת סושי 80 גר,שחורי אריה ואנסטסיה,,חטיפי בונזו ברווז בצ,Unknown,0.00,Unknown,false,1,12.90,12.90,true,1,
7290113317116,false,מארז שלישיית ביצי שוקולד מפרץ ההרפתקאות,שמחה זה אנחנו,IT,שלישיית ביצי שוקולד,גרמים,65.00,100 גרם,false,1,14.50,22.31,true,1,
7290114151665,false,"סבון ידיים שמן קוקוס עץ התה 500 מ""ל",אף.סי תבליני בגליל ב,IL,סבון ידיים שמן קוקוס,מיליליטרים,500.00,"100 מ""ל",false,1,22.90,4.58,true,1,
7290114151672,false,"סבון ידיים לעור יבש בוטני 500 מ""ל",אף.סי תבליני בגליל ב,IL,סבון ידיים לעור יבש,מיליליטרים,500.00,"100 מ""ל",false,1,22.90,4.58,true,1,
7290114310215,false,"שמנת מתוקה 38% רמת הגולן 250 מ""ל ווסטהיים - מוצר בפיקוח",החברה המרכזית טלהפצת משקאות בע,IL,שמנת מתוקה 38% 250 מ,גרמים,250.00,100 גרם,false,1,6.18,2.47,true,1,
7290114310239,false,חלב נטול לקטוז מועשר בוויטמין D י 2% 1.5 ל' טרה,החברה המרכזית טלהפצת משקאות בע,IL,חלב נטול לקטוז מועשר,מיליליטרים,1500.00,"100 מ""ל",false,1,11.50,0.77,true,1,
7290114310338,false,צפתית מעודנת 5% בגביע 225 גרם משק צוריאל,החברה המרכזית טלהפצת משקאות בע,IL,גבינה צפתית מעודנת 5,גרמים,225.00,100 גרם,false,1,18.80,8.36,true,1,
7290114310345,false,מעדן יוגורט בטעם תות 1.5% 125 גרם טרה,החברה המרכזית טלהפצת משקאות בע,,מעדן מו תות 1.5% 123,גרמים,123.00,100 גרם,false,1,3.00,2.44,true,1,
7290114310536,false,יוגורט לייט מעושר חלבון 25 גרם חלבון וניל MULLER ACTIVE,החברה המרכזית טלהפצת משקאות בע,IL,מולר אקטיב לייט,גרמים,200.00,100 גרם,false,1,6.20,3.10,true,1,
7290114311021,false,"משקה חלב וניל עוגיות פקק ספורט טרה 250 מ""ל",החברה המרכזית טלהפצת משקאות בע,,משקה חלב וניל עוגיות,מיליליטרים,250.00,"100 מ""ל",false,1,5.40,2.16,true,1,
7290114311038,false,"שמנת מתוקה 32% עמידה בבקבוק טרה 250 מ""ל",החברה המרכזית טלהפצת משקאות בע,,שמנת מתוקה 32% 250 מ,מיליליטרים,250.00,"100 מ""ל",false,1,6.50,2.60,true,1,
7290114311069,false,יוגורט לבן מועשר בחלבון 0% שומן 200 גרם muller active,החברה המרכזית טלהפצת משקאות בע,IL,מולר אקטיב 25 ג חלבו,גרמים,150.00,100 גרם,false,1,5.60,3.73,true,1,
7290114311298,false,יוגורט מולר פרופ בטעם תות בננה מלון 150,החברה המרכזית טלהפצת משקאות בע,IL,יוגורט מולר פרופ בטע,גרמים,150.00,100 גרם,false,1,5.00,3.33,true,1,
7290114311304,false,יוגורט קציפת מנגו פסיפלורה בננה 150 ג' מולר,החברה המרכזית טלהפצת משקאות בע,IL,יוגורט מולר פרופ בטע,גרמים,150.00,100 גרם,false,1,5.00,3.33,true,1,
7290114311328,false,חלב מועשר דל לקטוז מעושר בויטמין Dי 2% שומן טרה 1 ליטר,החברה המרכזית טלהפצת משקאות בע,,חלב דל לקטוז מועשר ב,מיליליטרים,1000.00,"100 מ""ל",false,1,8.40,0.84,true,1,
7290114600927,false,עלי טורטייה חיטה מלאה מאסטר שף 320 גרם,אלקאטי קורביישיסי גי,,מנה עלי טורטיה חיט מ,גרמים,320.00,100 גרם,false,1,10.90,3.41,true,1,
7290114600941,false,מאסטר שף מיונז הולנדי לחיץ 435 גרם,ש. שסטוביץ בע`מ,NL,מיונז לחיץ מאסטר שף,גרמים,435.00,100 גרם,false,1,13.50,3.10,true,1,
7290114600989,false,"רוטב אלף האיים מאסטר שף 250 מ""ל",ש. שסטוביץ בע`מ,NL,רוטב אלף האיים מאסטר,מיליליטרים,250.00,"100 מ""ל",false,1,9.90,3.96,true,1,
7290114603508,false,"רוטב להקצפה מאסטר שף 300 מ""ל",ש. שסטוביץ בע`מ,TH,רוטב להקפצה מאסטר שף,מיליליטרים,300.00,"100 מ""ל",false,1,10.90,3.63,true,1,
7290114603768,false,"מארז אג'קס כלורון נוזל לניקוי אסלות 750 מ""ל*2 יח'",קולגייט פלמוליב,FR,נוזל ניקוי שירותים א,ליטרים,0.00,ליטר,false,1,30.50,30.50,true,1,
7290114604925,false,מנה אסייאתי קרם קוקוס פחית לייט 400 מ`ל,"תאי קוקונאט חברה בע""",,קרם קוקוס לייט מאסטר,מיליליטרים,400.00,"100 מ""ל",false,1,9.40,2.35,true,1,
7290114606530,false,רוטב בטעם מיונז וקטשופ מאסטר שף 515 גרם,ש. שסטוביץ בע`מ,NL,רוטב בטעם מיונז וקטש,גרמים,515.00,100 גרם,false,1,12.90,2.50,true,1,
7290114606547,false,מיונז פטריות כמהין לחיץ מאסטר שף 242 גרם,ש. שסטוביץ בע`מ,NL,מיונז פטריות כמהין ל,גרמים,242.00,100 גרם,false,1,13.50,5.58,true,1,
7290114606554,false,מיונז מופחת קלוריות בקבוק לחיץ,ש. שסטוביץ בע`מ,NL,מיונז לייט לחיץ מאסט,גרמים,470.00,100 גרם,false,1,13.50,2.87,true,1,
7290114606561,false,מאסטר שף אטריות אורז דקות ורמיצ'לי 400 ג,לינג טונג רייס ורמיצ'ילי,,מנה אסייאתי אטריות א,גרמים,400.00,100 גרם,false,1,9.90,2.48,true,1,
7290114606578,false,שקדי מרק מאסטר שף 400 גרם,ש. שסטוביץ בע`מ,IL,שקדי מרק מאסטר שף 40,גרמים,400.00,100 גרם,false,1,9.90,2.48,true,1,
7290114607391,false,"קולגייט משחת לילדים ברבי 2-5 שנים, 75 מ""ל",קולגייט פלמוליב,,קולגייט מ. שיניים בר,Unknown,0.00,Unknown,false,1,15.90,15.90,true,1,
7290114608633,false,"דפי אצה מאסטר שף, 25 גרם",ש. שסטוביץ בע`מ,,דפי אצה מאסטר שף 25,גרמים,25.00,100 גרם,false,1,12.50,50.00,true,1,
7290114608640,false,קרוטונים לסלט כוסמין מאסטר שף 260 גרם,עינת תעשיות מזון אגו,IL,קרוטונים לסלט כוסמין,גרמים,260.00,100 גרם,false,1,21.90,8.42,true,1,
7290114608695,false,מיונז עם ווסאבי לחיץ מאסטר שף 241 גרם,ש. שסטוביץ בע`מ,NL,מיונז עם ווסאבי לחיץ,גרמים,241.00,100 גרם,false,1,13.50,5.60,true,1,
7290114751131,false,משחת שיניים אורל בי לילדים קארס 114 גר,פרוקטר אנד גמבל,,משחת שיניים אורל בי,גרמים,114.00,100 גרם,false,1,15.90,13.95,true,1,
7290115190007,false,מרלבורו רד פאקט) (10 חדש,פיליפ מוריס בעמ,,מרלבורו רד PP קרטוש,Unknown,0.00,Unknown,false,1,355.00,355.00,true,1,
7290115190069,false,מרלבורו גולד 100 פאקט) (10 חד,פיליפ מוריס בעמ,,מרלבורו גולד 100 PP,Unknown,0.00,Unknown,false,1,355.00,355.00,true,1,
7290115190083,false,מרלבורו גולד פאקט) (10 חדש,פיליפ מוריס בעמ,,מרלבורו גולד PP קרטו,Unknown,0.00,Unknown,false,1,355.00,355.00,true,1,
7290115190144,false,סיגריות מרלבורו טאצ 1/10,פיליפ מוריס בעמ,,מרלבורו טאץ PP קרטוש,יחידה,1.00,יחידה,false,1,285.00,285.00,true,1,
7290115190205,false,פרלמנט בלו 100 פאקט) (10 חדש,פיליפ מוריס בעמ,,פרלמ נט בלו 100 PP ק,Unknown,0.00,Unknown,false,1,405.00,405.00,true,1,
7290115190342,false,אל אם כחול קצר לייבל,פיליפ מוריס בעמ,,ל.מ בלו PP קרטוש,Unknown,0.00,Unknown,false,1,315.00,315.00,true,1,
7290115190489,false,נקסט פיין טייסט ארוך פקאט 10 יחידות,פיליפ מוריס בעמ,,נקסט פיין 100 PP קרט,Unknown,0.00,Unknown,false,1,279.90,279.90,true,1,
7290115200676,false,עוגיות קרמוגית במילוי קרם בטעם קרמל מלוח,קבוצת אוסם סחר שותפות מוגבלת,,קרמוגית קרמל מלוח 20,גרמים,200.00,100 גרם,false,1,11.40,5.70,true,1,
7290115201031,false,פתי בר פינוקי דובי שוקולד 175גר.,קבוצת אוסם סחר שותפות מוגבלת,,אסם פתיבר דובי שוקול,גרמים,175.00,100 גרם,false,1,10.90,6.23,true,1,
7290115201475,false,טבעול גורמה לביבות כרישה 434 גרם,קבוצת אוסם סחר-שות.מוגבלת,IL,טבעול גורמה לביבות כ,גרמים,434.00,100 גרם,false,1,34.90,8.04,true,1,
7290115201680,false,ביסלי חטיף בטעם ברביקין אסם (70 גרם),קבוצת אוסם סחר שותפות מוגבלת,IL,ביסלי ברביקיו 70 גרם,גרמים,70.00,100 גרם,false,1,4.40,6.29,true,1,
7290115201703,false,ביסלי חטיף בטעם ברביקין אסם (200 גרם),קבוצת אוסם סחר שותפות מוגבלת,IL,ביסלי ברביקיו 200 גר,גרמים,200.00,100 גרם,false,1,7.50,3.75,true,1,
7290115202236,false,טופו קראנצי`ם 470 גרם טבעול,קבוצת אוסם סחר שותפות מוגבלת,IL,טופו קראנצ טבעול 470,גרמים,470.00,100 גרם,false,1,36.50,7.77,true,1,
7290115203134,false,חטיף פופקו פופקורן במבה אסם (80 גרם),קבוצת אוסם סחר שותפות מוגבלת,,פופקו פופקורן במבה 8,גרמים,80.00,100 גרם,false,1,5.40,6.75,true,1,
7290115203806,false,"רוטב בסיס לבישול אסם 290 מ""ל",קבוצת אוסם סחר שותפות מוגבלת,,"אסם רוטב בסיס 290 מ""",מיליליטרים,290.00,"100 מ""ל",false,1,16.70,5.76,true,1,
7290115204056,false,"קטשופ מופחת סוכר אסם 690 גרם כשל""פ",קבוצת אוסם סחר שותפות מוגבלת,IL,קטשופ אסם מופחת סוכר,גרמים,690.00,100 גרם,false,1,10.00,1.45,true,1,
7290115204186,false,פסטו המעדינה של צבר,קבוצת אוסם סחר שותפות מוגבלת,,צבר פסטו 190 גרם,יחידה,1.00,יחידה,false,1,19.80,19.80,true,1,
7290115204247,false,ממרח עגבניות מיובשות 190 ג' צבר,קבוצת אוסם סחר שותפות מוגבלת,,צבר עגבניות מיובשות,יחידה,1.00,יחידה,false,1,18.90,18.90,true,1,
7290115205176,false,729001032825פיטנס חטיפי קרקר כפרי 140גר.,קבוצת אוסם סחר שותפות מוגבלת,IL,פיטנס קרקר כפרי 140,גרמים,140.00,100 גרם,false,1,7.90,5.64,true,1,
7290115205251,false,פריכיות קרמל מלוח פיטנס בר 84 גרם,קבוצת אוסם סחר שותפות מוגבלת,,פיטנס בר פריכיות קרמ,גרמים,84.00,100 גרם,false,1,12.90,15.36,true,1,
7290115205312,false,קרקר פיטנס דק עם זיתי קלמטה ועשבי תיבול,קבוצת אוסם סחר שותפות מוגבלת,IL,פיטנס קרקר זיתים 140,גרמים,140.00,100 גרם,false,1,7.90,5.64,true,1,
7290115205527,false,חטיף מולטיגריין עם עדשים ( 25 גר`) פיטנס,קבוצת אוסם סחר שותפות מוגבלת,,פיטנס חטיף מולטגריין,גרמים,25.00,100 גרם,false,1,4.90,19.60,true,1,
7290115205541,false,חטיף מולטיגריין עם חומוס ( 25 גר`) פיטנס,קבוצת אוסם סחר שותפות מוגבלת,,פיטנס חטיף מולטיגריי,גרמים,25.00,100 גרם,false,1,4.90,19.60,true,1,
7290115205633,false,טבעול סנסשיונל/גורמה נקנקיות 350 גר',קבוצת אוסם סחר שותפות מוגבלת,,טבעול סנסשיונל נקניק,גרמים,350.00,100 גרם,false,1,34.90,9.97,true,1,
7290115205695,false,אסם בונזור בצק מצונן לפיצה 460 גרם,קבוצת אוסם סחר-שות.מוגבלת,IL,אסם בונזור בצק מצונן,גרמים,0.00,100 גרם,false,1,17.70,17.70,true,1,
7290115205718,false,אסם בונזור בצק מצונן עלים 230 גרם,קבוצת אוסם סחר-שות.מוגבלת,IL,אסם בונזור בצק מצונן,גרמים,0.00,100 גרם,false,1,15.60,15.60,true,1,
7290115205978,false,פתיבר ואצבעות שוקולד 180 גרם - רבנות,קבוצת אוסם סחר שותפות מוגבלת,IL,אסם פתי בר אצבעות שו,גרמים,180.00,100 גרם,false,1,10.90,6.06,true,1,
7290115206135,false,טבעול גורמה ארוחת קינואה 450 גרם,קבוצת אוסם סחר שותפות מוגבלת,IL,טבעול גורמה ארוחת קי,גרמים,450.00,100 גרם,false,1,34.90,7.76,true,1,
7290115207484,false,צבר סלט חציל על האש היתר 360 גרם,קבוצת אוסם סחר שותפות מוגבלת,,צבר סלט חציל על האש,גרמים,360.00,100 גרם,false,1,18.30,5.08,true,1,
7290115207620,false,"רוטב בסגנון סויה קלאסי 290 מ""ל אסם",קבוצת אוסם סחר שותפות מוגבלת,,אסם רוטב בסגנון סויה,מיליליטרים,290.00,"100 מ""ל",false,1,16.70,5.76,true,1,
7290115207668,false,אסם רוטב בסגנון סויה סיני 600מל חדש,קבוצת אוסם סחר-שות.מוגבלת,,אסם רוטב בסגנון סויה,מיליליטרים,600.00,"100 מ""ל",false,1,21.90,3.65,true,1,
7290115207880,false,סירופ ויטמינציק פטל 2 ליטר,קבוצת אוסם סחר שותפות מוגבלת,,סירופ ויטמינציק פטל,ליטרים,0.00,ליטר,false,1,44.90,44.90,true,1,
7290115207965,false,סירופ מנגו אפרסק ויטמינצ'יק 1 ליטר,קבוצת אוסם סחר שותפות מוגבלת,,סירופ ויטמינציק מנגו,מיליליטרים,1000.00,"100 מ""ל",false,1,21.90,2.19,true,1,
7290115208009,false,סירופ ענבים ויטמינצ'יק 1 ליטר,קבוצת אוסם סחר שותפות מוגבלת,,סירופ ויטמינציק ענבי,מיליליטרים,1000.00,"100 מ""ל",false,1,21.90,2.19,true,1,
7290115208023,false,סירופ ויטמינציק ענבים 2 ליטר,קבוצת אוסם סחר שותפות מוגבלת,,סירופ ויטמינציק ענבי,ליטרים,0.00,ליטר,false,1,44.90,44.90,true,1,
7290115208047,false,סירופ פטל ויטמינצ`יק (1 ליטר),קבוצת אוסם סחר שותפות מוגבלת,,סירופ ויטמינציק פטל,מיליליטרים,1000.00,"100 מ""ל",false,1,21.90,2.19,true,1,
7290115208061,false,סירופ תפוח ויטמינצ'יק 1 ליטר,קבוצת אוסם סחר שותפות מוגבלת,,סירופ ויטמינציק תפוח,מיליליטרים,1000.00,"100 מ""ל",false,1,21.90,2.19,true,1,
7290115208320,false,אפרופו חטיף בטעם ביסלי בצל 50 גרם,קבוצת אוסם סחר שותפות מוגבלת,,אפרופו בטעם ביסלי בצ,גרמים,50.00,100 גרם,false,1,5.00,10.00,true,1,
7290115208344,false,שטוחים בייגלה כפיות שמנת בצל 300גר,קבוצת אוסם סחר שותפות מוגבלת,,אסם בייגלה כפיות שמנ,גרמים,300.00,100 גרם,false,1,10.90,3.63,true,1,
7290115208801,false,קרקר לחמית דבש ואגוזים אסם (190 גרם),קבוצת אוסם סחר שותפות מוגבלת,,לחמית דבש ואגוזים 19,גרמים,190.00,100 גרם,false,1,6.90,3.63,true,1,
7290115209198,false,במבה אוורירית אסם 80 גרם,קבוצת אוסם סחר שותפות מוגבלת,,במבה אורירית 80 גרם,גרמים,80.00,100 גרם,false,1,4.30,5.38,true,1,
7290115209358,false,במבה במילוי בראוניז אסם (60 גרם),קבוצת אוסם סחר שותפות מוגבלת,,במבה במילוי בראוניז,גרמים,60.00,100 גרם,false,1,4.30,7.17,true,1,
7290115252378,false,וירו - מנת קינואה - בסגנון אקזוטי - עגבניות מנגו ולבבות דקל 340+130 מל',,,וירו מנת קינואה אקזו,גרמים,470.00,100 גרם,false,1,15.90,3.38,true,1,
7290115480009,false,"מרכך כביסה מרוכז פרש קונטרול ירוק 900 מ""ל סוד",גורי שיווק בעמ,IL,מרכך כביסה סוד מרוכז,מיליליטרים,900.00,"100 מ""ל",false,1,15.60,1.73,true,1,
7290115671155,false,שלישיית סוכריות מאסט FRESH ענבים 45 גרם,שטראוס גרופ בע`מ,,שלישיית סוכריות ענבי,גרמים,45.00,100 גרם,false,1,9.50,21.11,true,1,
7290115671421,false,פולי אספרסו עשירים וארומטיים עוצמה 10 עלית 250 גרם,שטראוס קפה בי. וי.,,פולי אספרסו עשירים ו,גרמים,250.00,100 גרם,false,1,24.90,9.96,true,1,
7290115675696,false,דגני בוקר קראנצ'ים שיבולת שועל עם אגוזים ושקדים,שטראוס פריטו ליי בע`מ,,קוואקר אגוזים 375 ג,גרמים,375.00,100 גרם,false,1,19.90,5.31,true,1,
7290115675702,false,דגני בוקר קראנצ'ים שיבולת שועל עם פירות מיובשים,שטראוס פריטו ליי בע`מ,,קוואקר פירות 375 גר,גרמים,375.00,100 גרם,false,1,19.90,5.31,true,1,
7290115675986,false,דנונה יוגורט בר עם אגוזים מקורמלים 173 גרם,שטראוס גרופ בעמ/מצונן,,דנונה בר אגוזים מקור,גרמים,180.00,100 גרם,false,1,4.60,2.56,true,1,
7290115676037,false,דנונה ריפרש יוגורט עם תות ודומדמניות 1.6% שומן,שטראוס גרופ בעמ/מצונן,IL,דנונה ריפרש תות דומד,מיליליטרים,250.00,"100 מ""ל",false,1,6.50,2.60,true,1,
7290115676051,false,"משקה אקטיביה שיבולת שועל במתיקות מעודנת 250 מ""ל",שטראוס גרופ בעמ/מצונן,IL,משקה אקטיביה ש. שועל,גרמים,265.00,100 גרם,false,1,6.00,2.26,true,1,
7290115676082,false,משקה דנונה פרו 20 יוגורט תות 255 ג' רבנות,שטראוס גרופ בעמ/מצונן,IL,משקה דנונה פרו 20 תו,מיליליטרים,265.00,"100 מ""ל",false,1,7.90,2.98,true,1,
7290115676273,false,אבקת קקאו עלית 500 גרם+ 10% תוספת,שטראוס קפה בי.וי.,IL,קקאו 500 גרם +10% 55,גרמים,550.00,100 גרם,false,1,30.90,5.62,true,1,
7290115677089,false,קונפיטורת תפוח וקינמון יד מרדכי 340 גרם,שטראוס גרופ בע`מ,,קונפיטורת יד מרדכי ת,גרמים,340.00,100 גרם,false,1,15.60,4.59,true,1,
7290115677362,false,"נודלס טריאקי ""דלישס"" שטראוס",קפוא-זן תעשיות מזון בעמ - תפוג,IT,נודלס טריאקי דלישס 3,גרמים,350.00,100 גרם,false,1,28.50,8.14,true,1,
7290115677409,false,אורז קארי צהוב עם ירקות ברוטב קארי וקרם קוקוס,קפוא זן תעשיות מזון בעמ,IT,אורז קארי צהוב דלישס,גרמים,350.00,100 גרם,false,1,28.50,8.14,true,1,
7290115678222,false,מארז 8 גביעים יוגורט Greek בסגנון יווני 6.5% שומן,שטראוס גרופ בעמ/מצונן,,מארז שמיניית דנונה י,גרמים,1000.00,100 גרם,false,1,25.90,2.59,true,1,
7290115678376,false,מעדן הגולן שוקולד 125 גרם,שטראוס גרופ בעמ/מצונן,,מעדן הגולן שוקולד,גרמים,125.00,100 גרם,false,1,3.30,2.64,true,1,
7290115678383,false,מעדן הגולן שוקולד מריר בודד 125גר,שטראוס גרופ בעמ/מצונן,,מעדן הגולן שוקולד,גרמים,125.00,100 גרם,false,1,3.30,2.64,true,1,
7290115678970,false,מארז סוכריות FRESH בטעם בזוקה עלית 3*15 ג',"הליקון גידה בע""\מ",TR,שלישיית סוכריות בזוק,גרמים,45.00,100 גרם,false,1,9.50,21.11,true,1,
7290116530062,false,רוטב ויניגרט לסלט הלמנס 295 גרם,יוניליוור ישראל שיווק בע`מ,,הלמנס רוטב ויניגרט ל,גרמים,295.00,100 גרם,false,1,14.60,4.95,true,1,
7290116530185,false,"קורנפלקס דלישקד קרמל מלוח 400 גרם בד""ץ",יוניליוור ישראל שיווק בע`מ,,דלישקד קרמל מלוח 400,גרמים,400.00,100 גרם,false,1,17.90,4.48,true,1,
7290116530239,false,אקס דאו סטיק לגבר בלאק 7 גרם,"יוניליוור ישראלשיווק בע""מ",US,דאו סטיק לגבר בלאק,גרמים,77.00,100 גרם,false,1,19.90,25.84,true,1,
7290116531021,false,"שוקולד חלב ורד הגליל 100 גרם כשל""פ",יוניליוור ישראל שיווק בע`מ,,ורד הגליל שוקולד חלב,גרמים,100.00,100 גרם,false,1,5.50,5.50,true,1,
7290116531069,false,קנור מרק בצל 100% רכיבים טבעיים 225 גרם,יוניליוור ישראל שיווק בע`מ,IL,מרק בצל קנור 225 גרם,גרמים,225.00,100 גרם,false,1,19.80,8.80,true,1,
7290116531083,false,"ברנפלקס ללא ת.סוכר בטעם דבש בתוספת שקדים, 400 גרם",יוניליוור ישראל שיווק בע`מ,IL,דגני ברנפלקס דבש ושק,גרמים,400.00,100 גרם,false,1,18.90,4.73,true,1,
7290116531496,false,קינמונים דגנים פריכים מצופים קינמון 375,"יוניליוור ישראל שיווק בע""מ",,קינמונים 375 גרם,גרמים,375.00,100 גרם,false,1,18.90,5.04,true,1,
7290116531564,false,מאגדת פתית פריכיות תירס דקות עם קינואה ובזיליקום 150 ג',יוניליוור ישראל שיווק בע`מ,PL,מאגדת פתית פריכיות ק,גרמים,150.00,100 גרם,false,1,13.90,9.27,true,1,
7290116531588,false,סיף מגבונים לניקוי כללי בניחוח מרכך 50 יח',"יוניליוור ישראלשיווק בע""מ",IL,מט.לחות סיף לנ.כללי,Unknown,0.00,Unknown,false,1,10.90,10.90,true,1,
7290116531762,false,דפים ריחניים למייבש כביסה בדין ורוד 40 יחידות,יוניליוור ישראל שיווק בע`מ,,בדין נייר למייבש ורו,Unknown,0.00,Unknown,false,1,18.30,18.30,true,1,
7290116531779,false,דפים ריחניים למייבש כביסה בדין כחול 40 יחידות,יוניליוור ישראל שיווק בע`מ,,בדין נייר מרכך למיי,Unknown,0.00,Unknown,false,1,18.30,18.30,true,1,
7290116531793,false,הלמנ'ס רוטב לסלט קיסר 295 גרם,יוניליוור ישראל שיווק בע`מ,IL,הלמנס רוטב לסלט קיסר,גרמים,295.00,100 גרם,false,1,14.60,4.95,true,1,
7290116532240,false,קליק טבלה שוקולד חלב פצפוצי דגנים ועוגי 85 גרם רבנות,יוניליוור ישראל שיווק בע`מ,,XL קליק שוקולד חלב ע,גרמים,85.00,100 גרם,false,1,7.60,8.94,true,1,
7290116533216,false,"קנור מרק תיבול ירקות 235 מ""ל",יוניליוור ישראל שיווק בע`מ,IL,מרק ירקות קנור 235 ג,גרמים,235.00,100 גרם,false,1,19.80,8.43,true,1,
>>>>>>> d048ac2f4f281c9d788043ab4e81b61b0dbe3743
7290116930015,false,GO חטיף חלבון חטיף בוטנים קריספי 20 גרם חלבון,"בלמונט קונפקציות בע""\מ.",US,GO חטיף חלבון קרמל מ,גרמים,60.00,100 גרם,false,1,11.90,19.83,true,1,
7290116930282,false,ארוחה בקטנה לאבנה עם קרקרים 150ג' תנובה,"תנובה בע""מ ***",,ארוחה בקטנה לאבנה עם,גרמים,150.00,100 גרם,false,1,7.90,5.27,true,1,
7290116930435,false,יופלה גו במרקם סמיך עם דובדבן 0% 200מל,תנובה מרכז שיתופי לש,IL,יוגורט גו סמיך דובדב,מיליליטרים,200.00,"100 מ""ל",false,1,5.90,2.95,true,1,
7290116930459,false,"יופלה שייק מנגו בננה אננס וקוקוס 230 מ""ל",קבוצת המזון אקטשלאר,,יופלה שייק מנגו בננה,מיליליטרים,230.00,"100 מ""ל",false,1,8.50,3.70,true,1,
7290116930626,false,ארוחה בקטנה ציזיקי עם קרקרים 150ג' תנובה,"תנובה בע""מ ***",,ארוחה בקטנה ציזיקי ע,גרמים,150.00,100 גרם,false,1,7.90,5.27,true,1,
7290116930701,false,מעדן חלב GO מועשר בחלבון בטעם קרמל מלוח,תנובה מרכז שיתופי לש,,מעדן חלב go בטעם קרמ,גרמים,120.00,100 גרם,false,1,5.10,4.25,true,1,
<<<<<<< HEAD
7290117260050,false,קונפיטורה חבושים ויליפוד 380 גרם,וילי פוד,TR,קונפיטורה חבושים 380,גרמים,380.00,100 גרם,false,1,9.90,2.61,true,1,
7290117260470,false,גבינה בולגרית מעודנת למריחה עם שום 5% שומן 200 ג' יורו,אם.בי.טורקיה,,גבינה בולגרית מעודנת,גרמים,200.00,100 גרם,false,1,11.90,5.95,true,1,
7290117261057,false,זוג קינוחים בטעם קרם עוגיות 140 גרם,מונטרו,ES,זוג קינוחים בטעם קרם,גרמים,140.00,100 גרם,false,1,11.90,8.50,true,1,
7290117261088,false,בוראטה גבינת מוצרלה רכה 125ג' 18%שומן,קסריה להפואנטה,,בוראטה גבינת מוצרלה,גרמים,150.00,100 גרם,false,1,21.90,14.60,true,1,
7290117261118,false,זוג קינוחים בטעם שוקולד בציפוי שוקולד חלב 140 גרם,מונטרו,ES,זוג קינוחים בטעם שוק,גרמים,140.00,100 גרם,false,1,11.90,8.50,true,1,
7290117261125,false,זוג קינוחים בטעם וניל בציפוי שוקולד לבן 140 גרם,מונטרו,ES,זוג קינוחים בטעם וני,גרמים,140.00,100 גרם,false,1,11.90,8.50,true,1,
7290117261354,false,גבינת ריקוטה 200 גרם 5%שומן מחלבת אירופה,באלבן גידה סנאי,GR,גבינת ריקוטה 200 גרם,גרמים,200.00,100 גרם,false,1,11.90,5.95,true,1,
7290117261484,false,מאפה בצק עלים ממולא נקניקיות טבעוניות 450 גרם,הלניק,GR,מאפה בצק עלים ממולא,גרמים,450.00,100 גרם,false,1,25.90,5.76,true,1,
7290117261774,false,כדורי גבינת בייבי מוצרלה 14% שומן 150 גרםeuro cheese,קסריה להפואנטה,,כדורי גבינת בייבי מו,גרמים,150.00,100 גרם,false,1,21.90,14.60,true,1,
7290117261910,false,מיקס מגורד לפיצה מחלבות אירופה 300 גרם,,,מיקס מגורד לפיצה מחל,גרמים,300.00,100 גרם,false,1,15.90,5.30,true,1,
7290117262221,false,"משקה יוגורט פרוביוטי עם אננס 200מ""ל 2.3%שומן יורו",Euro יורו מחלבות אירופה,TR,משקה יוגורט פרוביוטי,מיליליטרים,200.00,"100 מ""ל",false,1,6.20,3.10,true,1,
7290117262238,false,"משקה יוגורט פרוביוטי עם תות שדה 200מ""ל 2.3%שומן יורו",Euro יורו מחלבות אירופה,TR,משקה יוגורט עם תות ש,מיליליטרים,200.00,"100 מ""ל",false,1,6.20,3.10,true,1,
7290117262245,false,"משקה יוגורט פרוביוטי עם אפרסק ומשמש 200מ""ל 2.3%שומן יורו",Euro יורו מחלבות אירופה,TR,משקה יוגורט עם אפרסק,מיליליטרים,200.00,"100 מ""ל",false,1,6.20,3.10,true,1,
7290117380864,false,סלים דליס פייבר עוגות בראוניס אישיות בטעם שוקולד 120 גרם,הלמה הלום,,סלים דליס פייבר עוגי,גרמים,120.00,100 גרם,false,1,10.90,9.08,true,1,
7290117380871,false,סלים דליס פייבר עוגות אישיות בטעם אוכמניות 120 גרם,הלמה הלום,,סלים דליס פייבר עוגי,גרמים,120.00,100 גרם,false,1,10.90,9.08,true,1,
7290117381236,false,פוף פריכיות מצופות שוקולד מריר 70 גרם,בנליאן פודס,RS,פוף פריכיות מ.שוקולד,גרמים,70.00,100 גרם,false,1,7.50,10.71,true,1,
7290117383742,false,"מארז זוג ג'ל רחצה לגבר 750 מ""ל פלמוליב",קולגייט פלמוליב,TR,פלמוליב גבר מרענן 75,Unknown,0.00,Unknown,false,1,30.00,30.00,true,1,
7290117860793,false,הוואי מרכך תמצית יסמין מעניק נפח 700 מל,"טרופיקל דגיל בע""\מ",,מרכך הוואי מעניק נפח,מיליליטרים,700.00,"100 מ""ל",false,1,14.90,2.13,true,1,
7290117900987,false,אגוז פקאן קלוף ששון הקולה 140 גרם,"שקדיה גבע תעשיות בע""",IL,אגוזי פקאן קלוף 140,גרמים,140.00,100 גרם,false,1,15.90,11.36,true,1,
7290117900994,false,פקאן סיני מסוכר ששון הקולה 140 גרם,"שקדיה גבע תעשיות בע""",IL,פקאן סיני מסוכר 140,גרמים,140.00,100 גרם,false,1,15.00,10.71,true,1,
7290117901014,false,קשיו קלוי ששון הקולה 160 גרם,"שקדיה גבע תעשיות בע""",IL,קשיו קלוי 160 גרם,גרמים,160.00,100 גרם,false,1,15.00,9.38,true,1,
7290117901038,false,אגוזי מלך קלופים ששון הקולה 190 גרם,"שקדיה גבע תעשיות בע""",IL,אגוזי מלך קלופים 190,גרמים,190.00,100 גרם,false,1,15.00,7.89,true,1,
7290118420378,false,פתיבר פינוקים בטעם תותים בשמנת - חלבי,קריות זול,,אסם פתי בר פינוקים ת,גרמים,220.00,100 גרם,false,1,10.90,4.95,true,1,
7290118420514,false,אינסטנט פודינג בטעם נוגט אסם 75 גרם,"אסם תעשיות בע""מ",,אסם אינסטנט פודינג נ,גרמים,75.00,100 גרם,false,1,5.50,7.33,true,1,
7290900010367,false,טורטייה שמינייה משקל נקי 360 ג' Avel,Turka Invest,,טורטייה שמינייה 360,גרמים,360.00,100 גרם,false,1,8.90,2.47,true,1,
7291044031577,false,רב שקע 4 + כבל עד 1מ,,,רב שקע 4 + כבל עד 1מ,Unknown,0.00,Unknown,false,1,17.50,17.50,true,1,
=======
7290116930725,false,סויה BIO קוקוס גביע 150 גרם אלטרנטיב,תנובה בעמ ***,,סויה BIO קוקוס גביע,גרמים,150.00,100 גרם,false,1,4.80,3.20,true,1,
7290116931081,false,מעדן סויה - טופי קרמל 125 גרם אלטרנטיב,תנובה מרכז שיתופי לש,,מעדן סויה בטעם טופי,גרמים,125.00,100 גרם,false,1,4.60,3.68,true,1,
7290117260050,false,קונפיטורה חבושים ויליפוד 380 גרם,ג. וילי-פוד אינטרנשיונל בע`מ,TR,קונפיטורה חבושים 380,גרמים,380.00,100 גרם,false,1,9.90,2.61,true,1,
7290117260470,false,גבינה בולגרית מעודנת למריחה עם שום 5% שומן 200 ג' יורו,ג.וילי-פוד אינטרנשיונל **גבינו,,גבינה בולגרית מעודנת,גרמים,200.00,100 גרם,false,1,11.90,5.95,true,1,
7290117261057,false,זוג קינוחים בטעם קרם עוגיות 140 גרם,ג.וילי-פוד אינטרנשיונל **גבינו,ES,זוג קינוחים בטעם קרם,גרמים,140.00,100 גרם,false,1,11.90,8.50,true,1,
7290117261088,false,בוראטה גבינת מוצרלה רכה 18% שומן 125 גר`,ג.וילי-פוד אינטרנשיונל **גבינו,,בוראטה גבינת מוצרלה,גרמים,150.00,100 גרם,false,1,21.90,14.60,true,1,
7290117261118,false,זוג קינוחים בטעם שוקולד בציפוי שוקולד חלב 140 גרם,ג.וילי-פוד אינטרנשיונל **גבינו,ES,זוג קינוחים בטעם שוק,גרמים,140.00,100 גרם,false,1,11.90,8.50,true,1,
7290117261125,false,זוג קינוחים בטעם וניל בציפוי שוקולד לבן 140 גרם,ג.וילי-פוד אינטרנשיונל **גבינו,ES,זוג קינוחים בטעם וני,גרמים,140.00,100 גרם,false,1,11.90,8.50,true,1,
7290117261484,false,מאפה בצק עלים ממולא נקניקיות טבעוניות 450 גרם,ג.וילי-פוד אינטרנשיונל **גבינו,GR,מאפה בצק עלים ממולא,גרמים,450.00,100 גרם,false,1,25.90,5.76,true,1,
7290117261910,false,מיקס מגורד לפיצה מחלבות אירופה 300 גרם,ג.וילי פוד אינטרנשיונל בעמ,,מיקס מגורד לפיצה מחל,גרמים,300.00,100 גרם,false,1,15.90,5.30,true,1,
7290117262221,false,"משקה יוגורט פרוביוטי עם אננס 200מ""ל 2.3%שומן יורו",ג.וילי-פוד אינטרנשיונל **גבינו,TR,משקה יוגורט פרוביוטי,מיליליטרים,200.00,"100 מ""ל",false,1,6.20,3.10,true,1,
7290117262238,false,"משקה יוגורט פרוביוטי עם תות שדה 200מ""ל 2.3%שומן יורו",ג.וילי-פוד אינטרנשיונל **גבינו,TR,משקה יוגורט עם תות ש,מיליליטרים,200.00,"100 מ""ל",false,1,6.20,3.10,true,1,
7290117262245,false,"משקה יוגורט פרוביוטי עם אפרסק ומשמש 200מ""ל 2.3%שומן יורו",ג.וילי-פוד אינטרנשיונל **גבינו,TR,משקה יוגורט עם אפרסק,מיליליטרים,200.00,"100 מ""ל",false,1,6.20,3.10,true,1,
7290117380864,false,סלים דליס פייבר עוגות בראוניס אישיות בטעם שוקולד 120 גרם,ש.שסטוביץ בעמ,,סלים דליס פייבר עוגי,גרמים,120.00,100 גרם,false,1,10.90,9.08,true,1,
7290117380871,false,סלים דליס פייבר עוגות אישיות בטעם אוכמניות 120 גרם,ש.שסטוביץ בעמ,,סלים דליס פייבר עוגי,גרמים,120.00,100 גרם,false,1,10.90,9.08,true,1,
7290117381236,false,פוף פריכיות מצופות שוקולד מריר 70 גרם,ש. שסטוביץ בע`מ,RS,פוף פריכיות מ.שוקולד,גרמים,70.00,100 גרם,false,1,7.50,10.71,true,1,
7290117383742,false,"מארז זוג ג'ל רחצה לגבר 750 מ""ל פלמוליב",קולגייט פלמוליב,TR,פלמוליב גבר מרענן 75,Unknown,0.00,Unknown,false,1,30.00,30.00,true,1,
7290117900987,false,אגוז פקאן קלוף ששון הקולה 140 גרם,דין שיווק וקליה 2021 בעמ,IL,אגוזי פקאן קלוף 140,גרמים,140.00,100 גרם,false,1,15.90,11.36,true,1,
7290117900994,false,פקאן סיני מסוכר ששון הקולה 140 גרם,דין שיווק וקליה 2021 בעמ,IL,פקאן סיני מסוכר 140,גרמים,140.00,100 גרם,false,1,15.00,10.71,true,1,
7290117901014,false,אגוזי קשיו קלויים 160 גר ששון הקולה,דין שיווק וקליה 2021 בעמ,IL,קשיו קלוי 160 גרם,גרמים,160.00,100 גרם,false,1,15.00,9.38,true,1,
7290117901038,false,אגוזי מלך קלופים ששון הקולה 190 גרם,דין שיווק וקליה 2021 בעמ,IL,אגוזי מלך קלופים 190,גרמים,190.00,100 גרם,false,1,15.00,7.89,true,1,
7290118420378,false,פתיבר פינוקים בטעם תותים בשמנת - חלבי,קבוצת אוסם סחר שותפות מוגבלת,,אסם פתי בר פינוקים ת,גרמים,220.00,100 גרם,false,1,10.90,4.95,true,1,
7290900010367,false,טורטייה שמינייה משקל נקי 360 ג' Avel,אבאל יזמות בעמ,,טורטייה שמינייה 360,גרמים,360.00,100 גרם,false,1,8.90,2.47,true,1,
7291044031577,false,רב שקע כבל קצר 4 תקן,אושר א.א. יבוא ושיווק כלי בית,,רב שקע 4 + כבל עד 1מ,Unknown,0.00,Unknown,false,1,17.50,17.50,true,1,
>>>>>>> d048ac2f4f281c9d788043ab4e81b61b0dbe3743
7291044058505,false,טוסטר לחיצה יונדאי אדום ל-2 פרוסות,,,טוסטר לחיצה יונדאי א,Unknown,0.00,Unknown,false,1,79.90,79.90,true,1,
7291044061505,false,קומקום חשמלי שחור 2ליטר יונדאי,סמיקום לקסיס בעמ,,קומקום חשמלי יונדאי,Unknown,0.00,Unknown,false,1,89.90,89.90,true,1,
7291044081282,false,נורת לד DL 12W E27 A,,,נורת לד DL 12W E27 A,Unknown,0.00,Unknown,false,1,8.90,8.90,true,1,
7291044081305,false,זוג נורות לד DL 12W E27 A60 SAFETY,סמיקום לקסיס בעמ,,זוג נו לד DL 12W E27,Unknown,0.00,Unknown,false,1,17.90,17.90,true,1,
7291044081312,false,זוג נורת לד WW 12W E27 A60 SAFETY,סמיקום לקסיס בעמ,,זוג נו לד WW 12W E27,Unknown,0.00,Unknown,false,1,17.90,17.90,true,1,
7291044103588,false,מפצל חשמל 1 ל-3 סמיקום בליסטר,,,מפצל חשמל 1 ל-3 סמיק,Unknown,0.00,Unknown,false,1,8.90,8.90,true,1,
7297488098183,false,קמח אורז ללא גלוטן דוכן גן שמואל 500 גרם,"תבליני העליון בע""מ",,קמח אורז דגש 500 גרם,גרמים,500.00,100 גרם,false,1,11.50,2.30,true,1,
7297488098190,false,0 קמח אורז מלא ללא גלוטן,אף.סי תבליני בגליל ב,,קמח אורז מלא 500 גרם,גרמים,500.00,100 גרם,false,1,15.90,3.18,true,1,
7297488098299,false,קמח טפיוקה ללא גלוטן500ג,אף סי תבליני הגליל ב,,קמח טפיוקה 500 גרם,גרמים,500.00,100 גרם,false,1,9.90,1.98,true,1,
7297488099821,false,גרנולה ללא תוספת סוכר לנמנעים מגלוטן,תות תעשיות מזון (201,,גרנולה ללא תוספת סוכ,גרמים,250.00,100 גרם,false,1,15.90,6.36,true,1,
7297488199620,false,פצפוצי אורז מלא תפוח ללא גלוטן,דגש- דוכן גן שמואל,,פצפוצי אורז מלא 450,גרמים,450.00,100 גרם,false,1,24.90,5.53,true,1,
7312040017683,false,מארז אבסולוט רגיל(וודקה {}{700 עם כוס,טמפו משקאות בע`מ,,"וודקה אבסולוט 700 מ""",מיליליטרים,700.00,"100 מ""ל",false,1,59.90,8.56,true,1,
7321011040308,false,דוני 20 מפיות תלת שכבתי חלקות,דוני,,דוני מפיות תלת שכבתי,Unknown,0.00,Unknown,false,1,7.50,7.50,true,1,
7394376123337,false,"משקה שיבולת שועל אורגני מפוקח ע""י סקאל",טרנסומס פוד איי.בי,,משקה ש.שועל אורגני 1,מיליליטרים,1000.00,"100 מ""ל",false,1,13.90,1.39,true,1,
7394376615825,false,אוטלי משקה שיבולת שועל מועשר בסידן וויטמינים 1 ליטר,ש. שסטוביץ בע`מ,,משקה ש.שועל מועשר בס,מיליליטרים,1000.00,"100 מ""ל",false,1,13.90,1.39,true,1,
7394376615832,false,אוטלי משקה שיבולת שועל בטעם שוקולד 1 ליטר,ש. שסטוביץ בע`מ,,משקה ש.שועל בטעם שוק,מיליליטרים,1000.00,"100 מ""ל",false,1,15.90,1.59,true,1,
7394376616778,false,אוטלי משקה שיבולת שועל להקצפה בריסטה 1 ליטר,ש. שסטוביץ בע`מ,,משקה ש.שועל להקצפה ב,מיליליטרים,1000.00,"100 מ""ל",false,1,15.90,1.59,true,1,
7441000720605,false,לבבות דקל LA CIMA צנצנת 410 גרם,אינקופלמיטו אס. אי,EC,לבבות דקל(צנצנת)410,גרמים,410.00,100 גרם,false,1,16.90,4.12,true,1,
7501013122039,false,ג'ומקס מיץ מנגו קרטונית ליטר תריסר,חומקס קומר קומרסאליזדורה,,גומקס נקטר מנגו,מיליליטרים,1000.00,"100 מ""ל",false,1,11.10,1.11,true,1,
7501013122114,false,"נקטר משקה אננס בקרטונית ג'ומקס, 1 ל'",חומקס קומר קומרסאליזדורה,,גומקס משקה אננס קרטו,מיליליטרים,1000.00,"100 מ""ל",false,1,11.10,1.11,true,1,
<<<<<<< HEAD
7501064191466,false,"שישיית בירה קורונה 355 מ""ל בקבוק",סרבסריה מודלו,,שישיית בירה קורונה 3,מיליליטרים,2130.00,"100 מ""ל",false,1,29.90,1.40,true,1,
=======
7501035042131,false,"טקילה קוארבו אספסיאל גולד 700 מ""ל",קאזה קוארבו,,טקילה קוארבו אספסיאל,מיליליטרים,700.00,"100 מ""ל",false,1,85.00,12.14,true,1,
7501064191466,false,"שישיית בירה קורונה 355 מ""ל בקבוק",תימקו בירה בעמ,,שישיית בירה קורונה 3,מיליליטרים,2130.00,"100 מ""ל",false,1,29.90,1.40,true,1,
>>>>>>> d048ac2f4f281c9d788043ab4e81b61b0dbe3743
7503012779306,false,סירופ אגבה כחולה 100% 330 גרם נטורפוד,נוטריגבאס דה מקסיקו,,סירופ אגבה כחולה 100,גרמים,330.00,100 גרם,false,1,20.90,6.33,true,1,
7509546061160,false,"משחת שיניים לילדים מיניונים 2-5 75 מ""ל קולגייט",קולגייט פלמוליב,,קולגייט מ. שיניים מי,Unknown,0.00,Unknown,false,1,15.90,15.90,true,1,
7509546666846,false,"קולגייט טוטאל משחת שיניים פחם 75 מ""ל",קולגייט פלמוליב,MX,קולגייט טוטאל משחת,מיליליטרים,75.00,"100 מ""ל",false,1,21.90,29.20,true,1,
7590010296751,false,כרוב כבוש 500 גר,,,כרוב כבוש 500 גר,גרמים,500.00,100 גרם,false,1,11.40,2.28,true,1,
7590010296768,false,"כרוב כבוש 1 ק""ג",,,"כרוב כבוש 1 ק""ג",גרמים,1000.00,100 גרם,false,1,23.90,2.39,true,1,
7610008059080,false,רגוזה-שוקולד מריר טראפל אגוזי לוז 100 גרם,RAGUSA,CH,טבלת שוקולד רגוסה מר,גרמים,100.00,100 גרם,false,1,18.10,18.10,true,1,
7610008059097,false,רגוזה-בלונד שוק לבן טרפל א.חלב מקורמלת 100 גרם,RAGUSA,CH,טבלת שוקולד רגוסה בל,גרמים,100.00,100 גרם,false,1,18.10,18.10,true,1,
7610100034084,false,מיונז טומי בשפורפרת 265 גרם,ליימן שליסל בע`מ,,מיונז טומי 265 גר,גרמים,265.00,100 גרם,false,1,14.90,5.62,true,1,
7610113011652,false,בריזר - משקה כוהלי מוגז בטעם תפוח,בקרדי בריזר Bacardi Breezer,,בקרדי בריזר תפוח 275,מיליליטרים,275.00,"100 מ""ל",false,1,14.50,5.27,true,1,
7610202466769,false,"סטלה-שוק מריר 72% פולי קקאו לל""ס 100 גרם",,ES,סטלה-שוק מריר 72% פו,גרמים,100.00,100 גרם,false,1,17.90,17.90,true,1,
7610202475310,false,"סטלה שוקולד מריר77%אקוודור לל""ס 100 גר",,ES,סטלה שוקולד מריר77%א,גרמים,100.00,100 גרם,false,1,17.90,17.90,true,1,
7610243004463,false,"דורגול - מרסס להסרת אבנית במקלחון 600 מ""ל","יעקב יעקבי ובניו בע""מ",,דורגול מרסס 600 מל,מיליליטרים,600.00,"100 מ""ל",false,1,25.90,4.32,true,1,
7610400010481,false,לינדט אקסלנס שוקולד חלב 100 גרם,לינדט ושפרונגלי קילשברג,,לינדט אקסלנס מילק,גרמים,100.00,100 גרם,false,1,14.90,14.90,true,1,
<<<<<<< HEAD
7610400014632,false,שוקולד לינדור בודד וואיט 100 ג',לינדט Lindt,,לינדט שוקולד לבן 100,גרמים,100.00,100 גרם,false,1,15.80,15.80,true,1,
=======
7610400014632,false,שוקולד לינדור בודד וואיט 100 ג',משה סידס ובנו בעמ,,לינדט שוקולד לבן 100,גרמים,100.00,100 גרם,false,1,15.80,15.80,true,1,
7610400068369,false,לינדט לינדור טבלאה קוביות במילוי קרם ושב,משה סידס ובנו בעמ,,לינדט שוקולד אגוזים,גרמים,100.00,100 גרם,false,1,15.80,15.80,true,1,
>>>>>>> d048ac2f4f281c9d788043ab4e81b61b0dbe3743
7610400068505,false,לינדט לינדור בונבוניירה שוקולד חלב 200 גרם,לינדט ושפרונגלי קילשברג,,בונבוניירה לינדור מי,גרמים,200.00,100 גרם,false,1,29.90,14.95,true,1,
7610400068529,false,לינדט לינדור בונבוניירה כדורי שוקולד מטעמים 200 גרם,לינדט ושפרונגלי קילשברג,,בונבוניירה לינדור אב,גרמים,200.00,100 גרם,false,1,29.90,14.95,true,1,
7610400075770,false,לינדט לה גרנד שוקולד מריר אגוז 150 גרם,לינדט ושפרונגלי קילשברג,,לינדט לה גרנד מריר א,גרמים,150.00,100 גרם,false,1,23.90,15.93,true,1,
7610400075787,false,לינדט לה גרנד שוקולד חלב אגוז 150 גרם,לינדט ושפרונגלי קילשברג,,לינדט לה גרנד חלב אג,גרמים,150.00,100 גרם,false,1,23.90,15.93,true,1,
7610400085946,false,לינדט לגרנד דארק אלמונד סולט 150 גרם,לינדט ושפרונגלי קילשברג,,לינדט לגרנד דארק אלמ,גרמים,150.00,100 גרם,false,1,23.90,15.93,true,1,
7610400086202,false,שוקולד מריר לה גרנד עם אוכמניות וחמוציות,לינדט Lindt,,לינדט לה גרנד בלו אנ,גרמים,150.00,100 גרם,false,1,23.90,15.93,true,1,
7610400091060,false,שוקולד מריר לינדט אקסלנס בתוספת תפוז ושקדים,לינדט ושפרונגלי קילש,,לינדט שוקולד אקסלנס,גרמים,100.00,100 גרם,false,1,14.90,14.90,true,1,
7610563108377,false,אמנטל שוויצרי פרוס 150 גר,,,אמנטל שוויצרי פרוס,גרמים,150.00,100 גרם,false,1,36.90,24.60,true,1,
7610563208374,false,גרוייר שוויצרי פרוס 150 גר,,,גרוייר שוויצרי פרוס,גרמים,150.00,100 גרם,false,1,40.90,27.27,true,1,
<<<<<<< HEAD
7613030979647,false,דגני בוקר טריקס פירות עולם היורה 480 ג',ג'נרל מילס סאן אדריא,,דגנים טריקס פירות עו,גרמים,480.00,100 גרם,false,1,25.50,5.31,true,1,
7613033548192,false,פיטנס - דגני בוקר שוקולד מריר 375 גרם,נסטלה צרפת איטנקורט,,דגני בוקר פיטנס שוקו,גרמים,375.00,100 גרם,false,1,19.90,5.31,true,1,
7613035548374,false,דגני בוקר גולדן מיניס מחיטה מלאה ותירס,נסטלה פולין דגני בוק,,גולדן מיניס מלחמת הכ,גרמים,570.00,100 גרם,false,1,24.60,4.32,true,1,
7613035622623,false,פיטנס - גרנולה שקדים ודבש 300 גרם,שוורצקוף& הנקל דיסלד,,פיטנס גרנולה שקדים ו,גרמים,300.00,100 גרם,false,1,17.70,5.90,true,1,
7613035635845,false,פיטנס גרנולה שוקולד 14*300 גרם,שוורצקוף& הנקל דיסלד,,פיטנס גרנולה שוקולד,גרמים,300.00,100 גרם,false,1,17.70,5.90,true,1,
7613035758834,false,פיטנס סופר גרנולה וחמוציות 300 גרם,שוורצקוף& הנקל דיסלד,,פיטנס גרנולה חמוציות,גרמים,300.00,100 גרם,false,1,17.70,5.90,true,1,
7613035807778,false,פרפקטו רוטב עגבניות לבולונז אסם 400 גרם,אסם פרפקטו Perfecto,,פרפקטו רוטב עגבניות,גרמים,400.00,100 גרם,false,1,11.40,2.85,true,1,
7613035809109,false,פרפקטו רוטב עגבניות ובזיליקום אסם 400 גרם,אסם פרפקטו Perfecto,,פרפקטו רוטב עגבניות,גרמים,400.00,100 גרם,false,1,11.40,2.85,true,1,
=======
7613030979647,false,דגני בוקר טריקס פירות עולם היורה 480 ג',קבוצת אוסם סחר שותפות מוגבלת,,דגנים טריקס פירות עו,גרמים,480.00,100 גרם,false,1,25.50,5.31,true,1,
7613032045753,false,פיטנס דגנים מחיטה מלאה שוקולד 375גרם,קבוצת אוסם סחר שותפות מוגבלת,,פיטנס שוקולד 375 ג,גרמים,375.00,100 גרם,false,1,19.90,5.31,true,1,
7613033548192,false,פיטנס - דגני בוקר שוקולד מריר 375 גרם,קבוצת אוסם סחר שותפות מוגבלת,,דגני בוקר פיטנס שוקו,גרמים,375.00,100 גרם,false,1,19.90,5.31,true,1,
7613034146656,false,מזון לכלבים קטנים בטעם בקר פורינה ONE,שחורי אריה ואנסטסיה,,פורינה ONE מיני אקטי,Unknown,0.00,Unknown,false,1,59.90,59.90,true,1,
7613035548374,false,דגני בוקר גולדן מיניס מחיטה מלאה ותירס,קבוצת אוסם סחר-שות.מוגבלת,,גולדן מיניס מלחמת הכ,גרמים,570.00,100 גרם,false,1,24.60,4.32,true,1,
7613035622623,false,פיטנס גרנולה שקדים ודבש נסטלה (300 גרם),קבוצת אוסם סחר-שות.מוגבלת,,פיטנס גרנולה שקדים ו,גרמים,300.00,100 גרם,false,1,17.70,5.90,true,1,
7613035635845,false,פיטנס גרנולה שוקולד 300 גר`אסם,קבוצת אוסם סחר-שות.מוגבלת,,פיטנס גרנולה שוקולד,גרמים,300.00,100 גרם,false,1,17.70,5.90,true,1,
7613035758834,false,פיטנס סופר גרנולה וחמוציות 300 גרם,קבוצת אוסם סחר שותפות מוגבלת,,פיטנס גרנולה חמוציות,גרמים,300.00,100 גרם,false,1,17.70,5.90,true,1,
7613035807778,false,פרפקטו רוטב עגבניות לבולונז אסם 400 גרם,קבוצת אוסם סחר שותפות מוגבלת,,פרפקטו רוטב עגבניות,גרמים,400.00,100 גרם,false,1,11.40,2.85,true,1,
7613035809109,false,פרפקטו רוטב עגבניות ובזיליקום אסם 400 גרם,קבוצת אוסם סחר שותפות מוגבלת,,פרפקטו רוטב עגבניות,גרמים,400.00,100 גרם,false,1,11.40,2.85,true,1,
>>>>>>> d048ac2f4f281c9d788043ab4e81b61b0dbe3743
7613035975897,false,מים מינרלים מוגזים רביעייה בקבוק אישי,פרייה Perrier,,רביעיית מים מינרלים,ליטרים,0.00,ליטר,false,1,26.90,26.90,true,1,
7613036120395,false,"פורינה ONE כלב מידמקסי בקר 2.5 ק""ג",שחורי אריה ואנסטסיה,,פורינה ONE כלב מידמק,Unknown,0.00,Unknown,false,1,89.90,89.90,true,1,
7613036314114,false,נסקפה גולד Gold קפה נמס מיובש בתוספת קפה קלוי,קבוצת אוסם סחר-שות.מוגבלת,,נס קפה גולד 200 גרם,גרמים,200.00,100 גרם,false,1,45.90,22.95,true,1,
7613036520492,false,פרפקטו רוטב עגבניות לפיצה אסם 400 גרם,קבוצת אוסם סחר-שות.מוגבלת,,פרפקטו רוטב עגבניות,גרמים,400.00,100 גרם,false,1,11.40,2.85,true,1,
7613036880534,false,גרבר מחית ירקות מעורבים מטרנה 190 גר',קבוצת אוסם סחר שותפות מוגבלת,PL,מחית גרבר מרק ירקות,גרמים,190.00,100 גרם,false,1,7.80,4.11,true,1,
7613036976657,false,מזון לחתולים פריסקיז פאוצ' הודו,קבוצת אוסם סחר-שות.מוגבלת,,פאוץ פריסקיז הודו 85,Unknown,1.00,Unknown,false,1,5.90,5.90,true,1,
7613036976718,false,פריסקיז פאוצ' ברווז ברוטב 26*85גרם,קבוצת אוסם סחר שותפות מוגבלת,,פאוץ פריסקיז ברווז 8,Unknown,0.00,Unknown,false,1,5.90,5.90,true,1,
7613036976732,false,פריסקיז פאוצ`סלמון ברוטב 85גר,קבוצת אוסם סחר-שות.מוגבלת,,פאוץ פריסקיז סלמון 8,Unknown,1.00,Unknown,false,1,5.90,5.90,true,1,
7613037012200,false,גרבר מחית תפוח גזר ומנגו 90 גרם פאוץ,קבוצת אוסם סחר שותפות מוגבלת,ES,מחית גרבר תפוח מנגו,גרמים,90.00,100 גרם,false,1,6.90,7.67,true,1,
7613037687132,false,דגני בוקר פיטנס שקדים ודבש 585 גרם,קבוצת אוסם סחר שותפות מוגבלת,,דגני בוקר פיטנס שקדי,גרמים,585.00,100 גרם,false,1,34.50,5.90,true,1,
7613037811629,false,קורנפלקס גו פרי ללא גלוטן 500 גר`,קבוצת אוסם סחר שותפות מוגבלת,GB,גו פרי קורנפלקס 500,גרמים,500.00,100 גרם,false,1,18.20,3.64,true,1,
7613038257716,false,קיט קט צאנקי וופל ש. לבן רביעייה 4*40 גר,,AT,קיט קט צאנקי וופל ש.,גרמים,160.00,100 גרם,false,1,11.40,7.13,true,1,
<<<<<<< HEAD
7613038268262,false,דגני בוקר צ'יריוס דבש ושקדים במתיקות מעודנת,נסטלה פולין דגני בוק,FR,האני נאט ציריוס מופח,גרמים,410.00,100 גרם,false,1,19.90,4.85,true,1,
7613039547731,false,גרבר מחית תפוח עץ ומשמש 90 גרם פאוץ,"מפעל סברס, נסטלה ספרד ס.",ES,מחית גרבר תפוח משמש,גרמים,90.00,100 גרם,false,1,6.90,7.67,true,1,
7613039770450,false,טבעול סנסשיונל בורגר צמחוני 226 גרם,ג'נרל מילס סאן אדריא,IL,טבעול סנסשיונל בורגר,גרמים,226.00,100 גרם,false,1,26.90,11.90,true,1,
7613039771174,false,טבעול סנסשיונל מינס טחון צמחוני 400 גרם,ג'נרל מילס סאן אדריא,IL,טבעול טחון צמחוני,גרמים,400.00,100 גרם,false,1,34.90,8.73,true,1,
7613287121783,false,סמארטיס מיני 16*187 גרם,נסטלה גרמניה,DE,סמארטיס מיני 187 גר,גרמים,187.00,100 גרם,false,1,14.60,7.81,true,1,
7613287155832,false,גרבר מחית תפוחי עץ 90 גרם פאוץ,"מפעל סברס, נסטלה ספרד ס.",ES,מחית גרבר תפוח פאוץ,גרמים,90.00,100 גרם,false,1,6.90,7.67,true,1,
7613287155863,false,מטרנה מחית אגס פאוץ' 90 גר',"מפעל סברס, נסטלה ספרד ס.",ES,מחית גרבר פאוץ אגס 9,גרמים,90.00,100 גרם,false,1,6.90,7.67,true,1,
7613287155894,false,"גרבר מחית אפרסק פאוץ כשל""פ 90 גרם","מפעל סברס, נסטלה ספרד ס.",,מחית גרבר אפרסק פאוץ,גרמים,90.00,100 גרם,false,1,6.90,7.67,true,1,
7613287155924,false,מטרנה מחית תפוח וגזר פאוץ' 90 גר',"מפעל סברס, נסטלה ספרד ס.",ES,מחית גרבר תפוח גזר פ,גרמים,90.00,100 גרם,false,1,6.90,7.67,true,1,
7613287182326,false,ויטמינציק מחית בננה תפוח 110 גרם,"נסטלה ספרד ס.א, מפעל",IL,ויטמינציק בננה תפוח,גרמים,110.00,100 גרם,false,1,5.90,5.36,true,1,
7613287182425,false,ויטמינציק מחית תפוח בננה ותות 110 גרם,"טרופיקל דגיל בע""מ אז",IL,ויטמינציק תפוח בננה,גרמים,110.00,100 גרם,false,1,5.90,5.36,true,1,
7613287182456,false,ויטמינציק מחית אגס בננה תפוח 110 גרם,"נסטלה ספרד ס.א, מפעל",IL,ויטמינציק אגס תפוח ו,גרמים,110.00,100 גרם,false,1,5.90,5.36,true,1,
=======
7613038268262,false,דגני בוקר צ'יריוס דבש ושקדים במתיקות מעודנת,קבוצת אוסם סחר שותפות מוגבלת,FR,האני נאט ציריוס מופח,גרמים,410.00,100 גרם,false,1,19.90,4.85,true,1,
7613039770450,false,טבעול סנסשיונל בורגר צמחוני 226 גרם,קבוצת אוסם סחר שותפות מוגבלת,IL,טבעול סנסשיונל בורגר,גרמים,226.00,100 גרם,false,1,26.90,11.90,true,1,
7613039771174,false,טבעול סנסשיונל מינס טחון צמחוני 400 גרם,קבוצת אוסם סחר שותפות מוגבלת,IL,טבעול טחון צמחוני,גרמים,400.00,100 גרם,false,1,34.90,8.73,true,1,
7613287121783,false,סמארטיס מיני 16*187 גרם,קבוצת אוסם סחר שותפות מוגבלת,DE,סמארטיס מיני 187 גר,גרמים,187.00,100 גרם,false,1,14.60,7.81,true,1,
7613287155832,false,מחית תפוח פאוץ 90 גר`גרבר כשלפ,קבוצת אוסם סחר שותפות מוגבלת,ES,מחית גרבר תפוח פאוץ,גרמים,90.00,100 גרם,false,1,6.90,7.67,true,1,
7613287155863,false,מחית אגס פאוץ 90 גר`גרבר כשלפ,קבוצת אוסם סחר שותפות מוגבלת,ES,מחית גרבר פאוץ אגס 9,גרמים,90.00,100 גרם,false,1,6.90,7.67,true,1,
7613287155924,false,מטרנה מחית תפוח וגזר פאוץ' 90 גר',קבוצת אוסם סחר-שות.מוגבלת,ES,מחית גרבר תפוח גזר פ,גרמים,90.00,100 גרם,false,1,6.90,7.67,true,1,
7613287182326,false,ויטמינציק מחית בננה תפוח 110 גרם,קבוצת אוסם סחר-שות.מוגבלת,IL,ויטמינציק בננה תפוח,גרמים,110.00,100 גרם,false,1,5.90,5.36,true,1,
7613287182456,false,ויטמינציק מחית אגס בננה תפוח 110 גרם,קבוצת אוסם סחר שותפות מוגבלת,IL,ויטמינציק אגס תפוח ו,גרמים,110.00,100 גרם,false,1,5.90,5.36,true,1,
7613287186928,false,קפסולות קפה סומטרה (10 יח) סטארבקס (56 ג,קבוצת אוסם סחר שותפות מוגבלת,CH,סטארבקס קפסולות ברקפ,גרמים,56.00,100 גרם,false,1,21.90,39.11,true,1,
>>>>>>> d048ac2f4f281c9d788043ab4e81b61b0dbe3743
7613287228703,false,ראונטריז סוכריות גלי תות ודומדמנית 143,,GB,ראונטריז סוכריות גלי,גרמים,143.00,100 גרם,false,1,10.90,7.62,true,1,
7613287302373,false,סטארבקס קפסולות איטליאן סטייל רוסט 56 גרם,קבוצת אוסם סחר שותפות מוגבלת,CH,קפסולות סטארבקס איטל,גרמים,55.00,100 גרם,false,1,21.90,39.82,true,1,
7613287394323,false,דגני בוקר מולטי צ'יריוס 600 גרם,קבוצת אוסם סחר שותפות מוגבלת,GB,מולטי ציריוס 600 גרם,גרמים,600.00,100 גרם,false,1,21.90,3.65,true,1,
7613287476678,false,דגני בוקר סינימיניס צ'ורוס נסטלה 360 ג',קבוצת אוסם סחר שותפות מוגבלת,PT,סינימיניס צורוס 360,גרמים,360.00,100 גרם,false,1,24.60,6.83,true,1,
7613287525758,false,"פרייה מים מוגזים 500 מ""ל",סן-פלגרינו,,פרייה מים מוגזים 500,מיליליטרים,500.00,"100 מ""ל",false,1,4.50,0.90,true,1,
<<<<<<< HEAD
7613287855640,false,סטארבקס קפסולות קפה גוואטמלה 10 יחידות,נסטלה שוויץ - קפה,,סטארבקס קפסולות גווא,גרמים,57.00,100 גרם,false,1,21.90,38.42,true,1,
7613600003796,false,פאל מאל סופרסלימס כחול עשירייה,Unknown,,פאל מאל סופרסלימס כח,Unknown,0.00,Unknown,false,1,295.00,295.00,true,1,
7614500010013,false,טובלרון - שוקולד חלב קלאסי 100 גרם,,,טובלרון חלב 100 גר,גרמים,100.00,100 גרם,false,1,10.40,10.40,true,1,
7614500010617,false,טובלרון - שוקולד מריר 100 גרם,,,טובלרון מריר 100 גרם,גרמים,100.00,100 גרם,false,1,10.40,10.40,true,1,
7622010001858,false,עוגיות אוראו ממולאות קרם וניל 176 גרם.,פי אר ג'\יי אס אי מנדלז,,אוראו ממולאות קרם ונ,גרמים,176.00,100 גרם,false,1,8.90,5.06,true,1,
7622201050757,false,שוקולד מילקה טבלת חלב עם קרמל 100 ג',מילקה Milka,,שוקולד חלב עם קרמל מ,גרמים,100.00,100 גרם,false,1,6.90,6.90,true,1,
7622201401900,false,עוגיות סנסיישן אוראו מילקה 156 גרם,מונדלז פולסקה פרודקש,PL,עוגיות מילקה סנסיישן,גרמים,156.00,100 גרם,false,1,10.90,6.99,true,1,
7622201502515,false,עוגיות מילקה קוקי לופ שוקולד צ'יפס,גיורי קייקס קייאפטי,,מילקה קוקי לופ 132 ג,גרמים,132.00,100 גרם,false,1,10.90,8.26,true,1,
7622201801809,false,מילקה שוקולד חלב עם אגוזים 100 גרם חדש,מנדלז דויצ'\לנד סנקס פרו,,שוקולד אגוז מילקה 10,גרמים,100.00,100 גרם,false,1,6.90,6.90,true,1,
7622201802394,false,שוקולד מילקה חלב מסרונים 100 גרם,מנדלז דויצ'\לנד סנקס פרו,,שוקולד מילקה חלב 100,גרמים,100.00,100 גרם,false,1,6.90,6.90,true,1,
7622201813390,false,עוגיות מילקה וואפל במילוי קרם קקאו 150 ג,מונדליז סי.אר. ביסקוויט,,עוגיות מילקה וואפל ב,גרמים,150.00,100 גרם,false,1,10.90,7.27,true,1,
=======
7613287525789,false,"שישיית פרייה מים מוגזים 500 מ""ל",טמפו משקאות בעמ,,שישיית פרייה מים מוג,מיליליטרים,3000.00,"100 מ""ל",false,1,26.90,0.90,true,1,
7613287855640,false,סטארבקס קפסולות קפה גוואטמלה 10 יחידות,קבוצת אוסם סחר שותפות מוגבלת,,סטארבקס קפסולות גווא,גרמים,57.00,100 גרם,false,1,21.90,38.42,true,1,
7613600003796,false,פאל מאל סופרסלימס כחול עשירייה,גלוברנדס בעמ - שיווק סיגריות,,פאל מאל סופרסלימס כח,Unknown,0.00,Unknown,false,1,295.00,295.00,true,1,
7614500010013,false,טובלרון - שוקולד חלב קלאסי 100 גרם,,,טובלרון חלב 100 גר,גרמים,100.00,100 גרם,false,1,10.40,10.40,true,1,
7622010001858,false,עוגיות אוראו ממולאות קרם וניל 176 גרם.,דיפלומט מפיצים (1968) בעמ**,,אוראו ממולאות קרם ונ,גרמים,176.00,100 גרם,false,1,8.90,5.06,true,1,
7622201050757,false,מילקה שוקולד חלב במילוי קרם קרמל 100 ג,דיפלומט מפיצים (1968) בעמ**,,שוקולד חלב עם קרמל מ,גרמים,100.00,100 גרם,false,1,6.90,6.90,true,1,
7622201401900,false,עוגיות סנסיישן אוראו מילקה 156 גרם,דיפלומט מפיצים (1968) בעמ**,PL,עוגיות מילקה סנסיישן,גרמים,156.00,100 גרם,false,1,10.90,6.99,true,1,
7622201502515,false,עוגיות מילקה קוקי לופ שוקולד צ'יפס,דיפלומט מפיצים (1968) בעמ**,,מילקה קוקי לופ 132 ג,גרמים,132.00,100 גרם,false,1,10.90,8.26,true,1,
7622201801809,false,מילקה שוקולד חלב עם אגוזים 100 גרם חדש,מנדלז דויצ'\לנד סנקס פרו,,שוקולד אגוז מילקה 10,גרמים,100.00,100 גרם,false,1,6.90,6.90,true,1,
7622201802394,false,שוקולד מילקה חלב מסרונים 100 גרם,מנדלז דויצ'\לנד סנקס פרו,,שוקולד מילקה חלב 100,גרמים,100.00,100 גרם,false,1,6.90,6.90,true,1,
7622201813390,false,עוגיות מילקה וואפל במילוי קרם קקאו 150 ג,דיפלומט מפיצים (1968) בעמ**,,עוגיות מילקה וואפל ב,גרמים,150.00,100 גרם,false,1,10.90,7.27,true,1,
>>>>>>> d048ac2f4f281c9d788043ab4e81b61b0dbe3743
7622210078131,false,שוקולד חלב עם שבבי קרמל מילקה דיים 100 גרם,מנדלז דויצ'\לנד סנקס פרו,,שוקולד חלב עם דאיים,גרמים,100.00,100 גרם,false,1,6.90,6.90,true,1,
7622210117762,false,"קוטדור בונבונירה בושה, 200 גרם כשל""פ",דיפלומט מפיצים {1968}בעמ,,בונבוניירה קוטדור בו,גרמים,200.00,100 גרם,false,1,14.90,7.45,true,1,
7622210137234,false,אוראו עוגיות עם דאבל קרם בטעם וניל 170ג,דיפלומט מפיצים (1968) בעמ**,,עוגיות אוראו עם דאבל,גרמים,170.00,100 גרם,false,1,9.90,5.82,true,1,
7622210163899,false,שוקולד חלב במילוי סוכריות עדשים,דיפלומט מפיצים (1968) בעמ**,DE,שוקולד חלב עם עדשים,גרמים,100.00,100 גרם,false,1,6.90,6.90,true,1,
7622210275516,false,מילקה שוקולד ביסקוויטים 300 גרם,,DE,מילקה שוקולד ביסקווי,גרמים,300.00,100 גרם,false,1,19.80,6.60,true,1,
7622210384362,false,מילקה שוקולד אוראו 300 גרם,,DE,מילקה שוקולד אוראו 3,גרמים,300.00,100 גרם,false,1,19.80,6.60,true,1,
7622210453327,false,עוגיות שוקוצ'יפס במילוי שוקולד סנסיישן,דיפלומט מפיצים (1968) בעמ**,,מילקה סנסיישן 156 גר,גרמים,100.00,100 גרם,false,1,10.90,10.90,true,1,
7622210464729,false,אוראו גולדן עוגיות וניל במילוי קרם וניל,דיפלומט מפיצים (1968) בעמ**,UA,אוראו גולדן 154 גרם,גרמים,154.00,100 גרם,false,1,8.90,5.78,true,1,
7622210635105,false,עוגיות אוראו במילוי תות 154 גרם,דיפלומט מפיצים (1968) בעמ**,UA,אוראו תות 154 גרם,גרמים,154.00,100 גרם,false,1,8.90,5.78,true,1,
7622210637994,false,מיני עוגיות אוראו קראנצ'י בייטס אורגינל,דיפלומט מפיצים (1968) בעמ**,ES,אוראו ביס קראנצי אור,גרמים,110.00,100 גרם,false,1,8.90,8.09,true,1,
7622210640062,false,פלדלפיה שמנת למריחה עם פלפל חלפיניו ופלפל ירוק,מונדלייז,,פילדלפיה שמנת למריחה,גרמים,175.00,100 גרם,false,1,14.90,8.51,true,1,
<<<<<<< HEAD
7622210644817,false,קדבורי פירות יבשים ואגוזים 110 גרם,,,קדבורי פירות יבשים ו,גרמים,110.00,100 גרם,false,1,10.90,9.91,true,1,
7622210690852,false,מילקה שוקולד טריולד 280 גרם,מונדלייז,,מילקה טריוולד 280 גר,גרמים,280.00,100 גרם,false,1,19.80,7.07,true,1,
7622210826053,false,שוקולד מילקה אוראו סנדוויץ 92 גר',גיאורי קאקסז קייאףטי,DE,שוקולד מילקה אוראו ס,גרמים,92.00,100 גרם,false,1,6.90,7.50,true,1,
7622210835338,false,אוראו עוגיות ממולאות טעם בראוניז 176 גרם,מנדלז אספנה גאלטס פר,,אוראו בראוניז 176 גר,גרמים,176.00,100 גרם,false,1,8.90,5.06,true,1,
=======
7622210690852,false,מילקה שוקולד טריולד 280 גרם,דיפלומט היינץ,,מילקה טריוולד 280 גר,גרמים,280.00,100 גרם,false,1,19.80,7.07,true,1,
7622210826053,false,מילקה שוקולד אוראו סנדוויץ 100 גרם,דיפלומט מפיצים (1968) בעמ**,DE,שוקולד מילקה אוראו ס,גרמים,92.00,100 גרם,false,1,6.90,7.50,true,1,
7622210835338,false,אוראו עוגיות ממולאות טעם בראוניז 176 גרם,דיפלומט מפיצים (1968) בעמ**,,אוראו בראוניז 176 גר,גרמים,176.00,100 גרם,false,1,8.90,5.06,true,1,
>>>>>>> d048ac2f4f281c9d788043ab4e81b61b0dbe3743
7622210989192,false,קדבורי פלאק רביעייה 80 גרם,מונדליז,GB,קדבורי פלאק רביעייה,גרמים,80.00,100 גרם,false,1,10.90,13.63,true,1,
7622300270506,false,מילקה גריינס - עוגיות שיבולת שועל מצופות שוקולד 168 ג',דיפלומט מפיצים (1968) בעמ**,,עוגיות ש.שועל מצופות,גרמים,168.00,100 גרם,false,1,10.90,6.49,true,1,
7622300340285,false,גבינת שמנת 22% שומן 175 ג' פילדלפיה,מונדלז דויצ'לנד פרוד,,גבינת פילדלפיה 22%,גרמים,175.00,100 גרם,false,1,14.90,8.51,true,1,
7622300340292,false,גבינת שמנת 11% שומן 175 ג' פילדלפיה,מונדלז דויצ'לנד פרוד,,גבינת פילדלפיה 11%,גרמים,175.00,100 גרם,false,1,14.90,8.51,true,1,
7622300441715,false,עוגיות מילקה ביסקוויט ממולא קרם חלב מצופה למחצה בשוקולד חלב 150 גר',דיפלומט מפיצים (1968) בעמ**,,עוגיות מילקה שוקו מי,גרמים,150.00,100 גרם,false,1,10.90,7.27,true,1,
7622300489434,false,"עוגיות אוראו פאדג' בציפוי שוקולד חלב, 246 גרם",דיפלומט מפיצים (1968) בעמ**,,אוראו פאדג שוקולד חל,גרמים,246.00,100 גרם,false,1,18.90,7.68,true,1,
7622300495046,false,מילקה שוקולד חלב עם אקסטרה קקאו 100 גרם,מנדלז דויצ'\לנד סנקס פרו,,שוקולד מילקה אקסטרה,גרמים,100.00,100 גרם,false,1,6.90,6.90,true,1,
7622300503079,false,עוגיות ביסקוויט מצופה שוקולד חלב מילקה 200 גרם,דיפלומט מפיצים (1968) בעמ**,,ביסקוויט מצופה שוקול,גרמים,200.00,100 גרם,false,1,10.90,5.45,true,1,
7622300617820,false,מילקה שוקולד חלב במילוי קרם חלב ווניל ושבבי עוגיות אוראו 100 גרם,מנדלז דויצ'\לנד סנקס פרו,,שוקולד מילקה אוראו 1,גרמים,100.00,100 גרם,false,1,6.90,6.90,true,1,
7622300756383,false,"ממרח גבינה פילדלפיה עם ממרח שוקולד ""מילקה"" 175 גרם",מונדלייז,,גבינת פילדלפיה עם שו,גרמים,175.00,100 גרם,false,1,14.90,8.51,true,1,
7622300756413,false,גבינת פילדלפיה 20% שומן עם תבלינים 175 ג',מונדלז דויצ'לנד פרוד,,גבינת פילדלפיה 20%,גרמים,175.00,100 גרם,false,1,14.90,8.51,true,1,
7622300813208,false,מילקה עוגיות ש.ציפס אגוזים 184 גר,פררו,CZ,מילקה עוגיות ש.ציפס,גרמים,184.00,100 גרם,false,1,13.90,7.55,true,1,
7622400005190,false,שוקולד חלב נגיעות שוקולד לבן מילקה 100 ג,מנדלז דויצ'\לנד סנקס פרו,,שוקולד חלב נגיעות שו,גרמים,100.00,100 גרם,false,1,6.90,6.90,true,1,
7622400013423,false,קוטדור- שוקולד מריר 86% קקאו 100 גר,דיפלומט מפיצים (1968) בעמ**,,שוקולד קוטדור 86% קק,גרמים,100.00,100 גרם,false,1,15.60,15.60,true,1,
7622400904608,false,מילקה שוק.חלב עם קרם יוגורט קריספי 300 ג,,,מילקה שוקולד חלב עם,גרמים,300.00,100 גרם,false,1,19.80,6.60,true,1,
<<<<<<< HEAD
7630311507016,false,סטארבקס קפסולות קפה סאני דיי 10יח,נסטלה שוויץ - קפה,,סטארבקס קפסולות סאני,גרמים,57.00,100 גרם,false,1,21.90,38.42,true,1,
7630477891592,false,סטארבקס קפסולות קפה האוס בלנד 10 יחידות,נסטלה שוויץ - קפה,,סטארבקס קפסולות האוס,גרמים,57.00,100 גרם,false,1,21.90,38.42,true,1,
7630477891639,false,סטארבקס קפסולות קפה ורונה 10 יחידות,נסטלה שוויץ - קפה,,סטארבקס קפסולות ורונ,גרמים,55.00,100 גרם,false,1,21.90,39.82,true,1,
7630477891677,false,סטארבקס קפסולות קפה פייק פלייס 10 יחידות,נסטלה שוויץ - קפה,,סטארבקס קפסולות פייק,גרמים,53.00,100 גרם,false,1,21.90,41.32,true,1,
7630477891691,false,סטארבקס קפסולות קפה קולמביה 10 יחידות,נסטלה שוויץ - קפה,,סטארבקס קפסולות קולו,גרמים,57.00,100 גרם,false,1,21.90,38.42,true,1,
7630477891714,false,סטארבקס קפסולות קפה אספרסו 10 יחידות,נסטלה שוויץ - קפה,,סטארבקס קפסולות אספר,גרמים,57.00,100 גרם,false,1,21.90,38.42,true,1,
7630477891738,false,סטארבקס קפסולות קפה אספרסו בלונד 10 יחיד,נסטלה שוויץ - קפה,,סטארבקס קפסולות אספר,גרמים,53.00,100 גרם,false,1,21.90,41.32,true,1,
7702018471423,false,גילט פיוזן סטארט סכיני גילוח 4יח,פרןקטר אנד גמבל ברלי,DE,סכיני גילוח גילט פיו,יחידה,1.00,יחידה,false,1,60.90,60.90,true,1,
=======
7630311507016,false,קפסולות קפה סטארבקס סאני דיי 12*57גר`,קבוצת אוסם סחר שותפות מוגבלת,,סטארבקס קפסולות סאני,גרמים,57.00,100 גרם,false,1,21.90,38.42,true,1,
7630477891592,false,סטארבקס קפסולות קפה האוס בלנד 10 יחידות,קבוצת אוסם סחר שותפות מוגבלת,,סטארבקס קפסולות האוס,גרמים,57.00,100 גרם,false,1,21.90,38.42,true,1,
7630477891639,false,קפסולות קפה סומטרה (10 יח) סטארבקס ( 55,קבוצת אוסם סחר שותפות מוגבלת,,סטארבקס קפסולות ורונ,גרמים,55.00,100 גרם,false,1,21.90,39.82,true,1,
7630477891677,false,סטארבקס קפסולות קפה פייק פלייס 10 יחידות,קבוצת אוסם סחר שותפות מוגבלת,,סטארבקס קפסולות פייק,גרמים,53.00,100 גרם,false,1,21.90,41.32,true,1,
7630477891691,false,קפסולות קפה קולומביה (10 יח) סטארבקס ( 5,קבוצת אוסם סחר שותפות מוגבלת,,סטארבקס קפסולות קולו,גרמים,57.00,100 גרם,false,1,21.90,38.42,true,1,
7630477891714,false,סטארבקס קפסולות קפה אספרסו 10 יחידות,קבוצת אוסם סחר שותפות מוגבלת,,סטארבקס קפסולות אספר,גרמים,57.00,100 גרם,false,1,21.90,38.42,true,1,
7630477891738,false,סטארבקס קפסולות קפה אספרסו בלונד 10 יחיד,קבוצת אוסם סחר שותפות מוגבלת,,סטארבקס קפסולות אספר,גרמים,53.00,100 גרם,false,1,21.90,41.32,true,1,
7638900426809,false,סוללות אנרגייזר מקס c ריפרש MAX,אנרג'יזר Energizer,,סוללות C MAX 2X1,יחידה,1.00,יחידה,false,1,26.90,26.90,true,1,
7690010296765,false,עגבניות שרי 350 גר,,,עגבניות שרי 350 גר,גרמים,350.00,100 גרם,false,1,12.00,3.43,true,1,
7702018471423,false,גילט פיוזן סטארט סכיני גילוח 4יח,דיפלומט מפיצים {1968}בעמ,DE,סכיני גילוח גילט פיו,יחידה,1.00,יחידה,false,1,60.90,60.90,true,1,
>>>>>>> d048ac2f4f281c9d788043ab4e81b61b0dbe3743
7702018493647,false,גילט גל גילוח סקינגארד לעור רגיש 200 מל,פרוקטר & גמבל,US,גל גילוח גילט סקינגא,גרמים,200.00,100 גרם,false,1,30.90,15.45,true,1,
7702024258322,false,"חטיפי קרקר עם חיטה מלאה, צ'יה וזרעי פשתן פיטנס",קבוצת אוסם סחר שותפות מוגבלת,,פיטנס חטיפי קרקר ציה,גרמים,234.00,100 גרם,false,1,7.90,3.38,true,1,
7702174066631,false,לקקן יוגטה פין פופ במילוי מסטיק 170 גר,קומסטיבלס לה רוזה אס.איי,,לקקן יוגטה פין פופ ב,גרמים,170.00,100 גרם,false,1,14.40,8.47,true,1,
7702174068833,false,יוגטה סוכריות קשות על מקל ממולאות טופי בטעמי גלידת פירות 12 יח' 204 גרם,הדקלאים אגודת שיתופי,,לקקן יוגטה טעם גלידה,גרמים,204.00,100 גרם,false,1,13.50,6.62,true,1,
7702174070201,false,יוגטה לקקן בטעם מסטיק ממולא טופי בטעם תות 12 יח' 204 גרם,הדקלאים אגודת שיתופי,,לקקן יוגטה בטעם מגיק,גרמים,204.00,100 גרם,false,1,13.50,6.62,true,1,
7702174073783,false,סוכריות על מקל בטעם קולה במילוי גומי לעיסה,הדקלאים אגודת שיתופי,,לקקן יוגטה פין פופ 1,גרמים,170.00,100 גרם,false,1,14.40,8.47,true,1,
7790240072808,false,יין אדום טרפיצה מלבק סדרת OAK CASK,,,יין אדום טרפיצה מלבק,Unknown,0.00,Unknown,false,1,57.90,57.90,true,1,
7790240090154,false,יין טרפיצה ברוקל מלבק 750 מל,,,יין טרפיצה ברוקל מלב,Unknown,0.00,Unknown,false,1,68.90,68.90,true,1,
7790240090192,false,יין טרפיצה ברוקל קברנה סובניון 750 מל,,,יין טרפיצה ברוקל קבר,Unknown,0.00,Unknown,false,1,72.90,72.90,true,1,
7790240091625,false,"יין טרפיצה סינגל ויניארד מלבק 750 מ""ל",,,יין טרפיצה סינגל וינ,Unknown,0.00,Unknown,false,1,207.90,207.90,true,1,
7790240092240,false,יין טרפיצה ברוקל קברנה פרנק 750 מל,,,יין טרפיצה ברוקל קבר,Unknown,0.00,Unknown,false,1,68.90,68.90,true,1,
7790762000679,false,סנטה אנה מרלו 750 מל,,,סנטה אנה מרלו 750 מל,Unknown,0.00,Unknown,false,1,40.90,40.90,true,1,
7790762000693,false,סנטה אנה שרדונה 750 מל,,,סנטה אנה שרדונה 750,Unknown,0.00,Unknown,false,1,40.90,40.90,true,1,
7790762001348,false,סנטה אנה מלבק 750 מל,,,סנטה אנה מלבק 750 מל,Unknown,0.00,Unknown,false,1,40.90,40.90,true,1,
7790762008453,false,סנטה אנה רזרב מלבק 750 מל,,,סנטה אנה רזרב מלבק,Unknown,0.00,Unknown,false,1,51.90,51.90,true,1,
7790762050124,false,סנטה אנה לה מסקוטה מלבק 750 מל,,,סנטה אנה לה מסקוטה,Unknown,0.00,Unknown,false,1,72.90,72.90,true,1,
7790762050902,false,סנטה אנה אונאנימה 750 מל,,,יין סנטה אנה,Unknown,0.00,Unknown,false,1,100.90,100.90,true,1,
<<<<<<< HEAD
7791875005353,false,ריבת חלב הוואנה דוצה דה לצה 450 גרם,מיגה פוד קומרס,,ריבת חלב הוואנה דולצ,גרמים,450.00,100 גרם,false,1,20.90,4.64,true,1,
7792860006218,false,סוכריות לקקנים בייבי דול Baby Doll לריטר,גוד פוד פרודקטס S.p,,לקקן בייבי דול 24 גר,גרמים,24.00,100 גרם,false,1,2.00,8.33,true,1,
=======
7791875005353,false,ריבת חלב הוואנה דוצה דה לצה 450 גרם,משה סידס ובנו בעמ,,ריבת חלב הוואנה דולצ,גרמים,450.00,100 גרם,false,1,20.90,4.64,true,1,
7792860006218,false,סוכריות לקקן בייבי דול לריטייר (24 גרם),גוד פוד פרודקטס S.p,,לקקן בייבי דול 24 גר,גרמים,24.00,100 גרם,false,1,2.00,8.33,true,1,
7891024124826,false,קולגייט משחת אופטיק ספרקלינג וייט 75מל,הנסיך- מפעל לייצור ט,,קולגייט משחת אופטיק,מיליליטרים,75.00,"100 מ""ל",false,1,19.90,26.53,true,1,
>>>>>>> d048ac2f4f281c9d788043ab4e81b61b0dbe3743
7891024130063,false,"קולגייט מי פה פלאקס ללא אלכוהול 500 מ""ל מהדרין",קולגייט- פלמוליב,,קולגייט פלאקס ללא אל,מיליליטרים,500.00,"100 מ""ל",false,1,32.90,6.58,true,1,
8000040000802,false,משקה קמפרי 1000 מל פ,קמפרי (יורו),,קמפרי 1 ליטר,מיליליטרים,1000.00,"100 מ""ל",false,1,104.90,10.49,true,1,
8000070038868,false,קפה לוואצה קלוי וטחון חוזק 8 קלאסיקו 250 גר,לאוג'י לוואצה אס.פי.אי,IT,לוואצה חוזק 8 קרמה ג,גרמים,250.00,100 גרם,false,1,29.90,11.96,true,1,
<<<<<<< HEAD
8000070053465,false,קפסולות קפה אספרסו אורו דרגת חוזק 8,לאוג'י לוואצה אס.פי.אי,IT,קפסולות לוואצה אורו,יחידה,1.00,יחידה,false,1,21.90,21.90,true,1,
8000070053472,false,קפסולות קרמה גוסטו קלאסיקו חוזק 12 57 ג' לוואצה,לאוג'י לוואצה אס.פי.אי,IT,קפסולות לוואצה קרמה,יחידה,1.00,יחידה,false,1,21.90,21.90,true,1,
8000070053502,false,קפסולות קפה אספרסו ריקו נטול קפאין דרגת חוזק 7,לווצה טורינו,IT,קפסולות לוואצה נטול,יחידה,1.00,יחידה,false,1,21.90,21.90,true,1,
8000070053526,false,קפסולות קפה אספרסו רוסה דרגת חוזק 10,לאוג'י לוואצה אס.פי.אי,IT,קפסולות לוואצה רוסה,יחידה,1.00,יחידה,false,1,21.90,21.90,true,1,
8000070055254,false,לוואצה קרמה גוסטו פורטה מס' 13 קפסולות לקפה 55 גרם,לואיג'י לוואצה,IT,קפסולות לוואצה קרמה,יחידה,1.00,יחידה,false,1,21.90,21.90,true,1,
=======
8000070053465,false,קפסולות לוואצה למכונת אספרסו חוזק 8,לאוג'י לוואצה אס.פי.אי,IT,קפסולות לוואצה אורו,יחידה,1.00,יחידה,false,1,21.90,21.90,true,1,
8000070053472,false,קפסולות קרמה גוסטו קלאסיקו חוזק 12 57 ג' לוואצה,לאוג'י לוואצה אס.פי.אי,IT,קפסולות לוואצה קרמה,יחידה,1.00,יחידה,false,1,21.90,21.90,true,1,
8000070053502,false,קפסולות קפה אספרסו ריקו נטול קפאין דרגת חוזק 7,לווצה טורינו,IT,קפסולות לוואצה נטול,יחידה,1.00,יחידה,false,1,21.90,21.90,true,1,
8000070053526,false,קפסולות לוואצה למכונת אספרסו חוזק 10,לאוג'י לוואצה אס.פי.אי,IT,קפסולות לוואצה רוסה,יחידה,1.00,יחידה,false,1,21.90,21.90,true,1,
8000070055254,false,לוואצה קרמה גוסטו פורטה מס' 13 קפסולות לקפה 55 גרם,ליימן שליסל בע`מ,IT,קפסולות לוואצה קרמה,יחידה,1.00,יחידה,false,1,21.90,21.90,true,1,
>>>>>>> d048ac2f4f281c9d788043ab4e81b61b0dbe3743
8000070059832,false,קפסולות קרמה גוסטו ריקו חוזק 11 55 ג' לוואצה,לואיג'י לוואצה,IT,קפסולות לוואצה קרמה,יחידה,1.00,יחידה,false,1,21.90,21.90,true,1,
8000091200954,false,טורטיה ללא גלוטן 180 גרם,,IT,טורטיה ללא גלוטן 180,גרמים,180.00,100 גרם,false,1,19.80,11.00,true,1,
8000113003402,false,"קמח תירס בוואקום 1 ק""ג",גורי מוצרי צריכה (1991) בעמ,,"קמח תירס בואקום 1 ק""",גרמים,1000.00,100 גרם,false,1,16.70,1.67,true,1,
8000139000942,false,פסטה גרפולו לומצינה 500 גרם,,,פסטה גרפולו לומקינה,גרמים,500.00,100 גרם,false,1,13.50,2.70,true,1,
8000139001253,false,פסטה גרפולו פוזילי לונגי 500 גרם,,,פסטה גרפולו פוזילי,גרמים,500.00,100 גרם,false,1,14.60,2.92,true,1,
8000139002021,false,פסטה גרפולו קלמרטה 500 גרם,,,פסטה גרפולו קלמרטה 5,גרמים,500.00,100 גרם,false,1,14.60,2.92,true,1,
8000139910142,false,פסטה גרפולו ספגטי 500 גרם,,,פסטה גרפולו ספגטי 50,גרמים,500.00,100 גרם,false,1,13.50,2.70,true,1,
8000139910159,false,פסטה גרפולו לינגוין 500 גרם,,,פסטה גרפולו לינגוין,גרמים,500.00,100 גרם,false,1,13.50,2.70,true,1,
8000139910173,false,פסטה גרפולו אורזו 500 גרם,,,פסטה גרפולו אורזו 50,גרמים,500.00,100 גרם,false,1,13.50,2.70,true,1,
8000139910197,false,פסטה גרפולו ריגטוני 500 גרם,,,פסטה גרפולו ריגטוני,גרמים,500.00,100 גרם,false,1,13.50,2.70,true,1,
8000139910203,false,פסטה גרפולו קוצי סארדי 500 גרם,,,פסטה גרפולו קוצי סאר,גרמים,500.00,100 גרם,false,1,13.50,2.70,true,1,
8000139910227,false,פסטה גרפולו פוזילי 500 גרם,,,פסטה גרפולו פוזילי 5,גרמים,500.00,100 גרם,false,1,13.50,2.70,true,1,
8000139910234,false,פסטה גרפולו פנה ריגטה 500 גר,,,פסטה גרפולו פנה ריגט,גרמים,500.00,100 גרם,false,1,13.50,2.70,true,1,
8000139910241,false,פסטה פארפאלה גרפולו 500 גרם,PASTIFICIO LUCIO/GAR,,פסטה פארפאלה גרפולו,גרמים,500.00,100 גרם,false,1,13.50,2.70,true,1,
8000139910265,false,פסטה ראדיאטורי גרפולו 500 גר,,,פסטה ראדיאטורי גרפול,גרמים,500.00,100 גרם,false,1,13.50,2.70,true,1,
8000139910272,false,פסטה גרפולו פפרדלה נידו 500 גר,,,פסטה גרפולו פפרדלה נ,גרמים,500.00,100 גרם,false,1,14.60,2.92,true,1,
8000139910289,false,פסטה טליאטלה גרפולו 500 גר,,,פסטה גרפולו טליאטלה,גרמים,500.00,100 גרם,false,1,14.60,2.92,true,1,
8000139910357,false,פסטה לומאקוני גרפולו 500 גרם,,,פסטה לומאקוני גארופא,גרמים,500.00,100 גרם,false,1,14.60,2.92,true,1,
8000139910371,false,פסטה גרפולו פרימוורה 500 גרם,,,פסטה גרפולו פרימוורה,גרמים,500.00,100 גרם,false,1,14.60,2.92,true,1,
8000139910432,false,פסטה גרפולו פטוציה 500 גרם,,,פסטה גרפולו פטוציה 5,גרמים,500.00,100 גרם,false,1,13.50,2.70,true,1,
8000139910753,false,פסטה קאזארסה גרפולו 500 גר,,,פסטה גרפולו קסרצה,גרמים,500.00,100 גרם,false,1,13.50,2.70,true,1,
8000139920875,false,ניוקי תפוח אדמה גרפולו 500 גרם,,,ניוקי תפוח אדמה גרפו,גרמים,500.00,100 גרם,false,1,14.60,2.92,true,1,
8000215204219,false,משקה אורז ביו אורגני ויטאריז 1 ליטר,בטר אנד דיפרנט,,משקה אורז - אורגני 1,מיליליטרים,1000.00,"100 מ""ל",false,1,13.90,1.39,true,1,
8000215204240,false,משקה אורז ושקדים ביו אורגני ויטאריז 1 לי,בטר אנד דיפרנט,,משקה שקדים ואורז - א,מיליליטרים,1000.00,"100 מ""ל",false,1,13.90,1.39,true,1,
8000215204271,false,ויטריז - משקה שקדים ואורז אישי 200 גר,"נטורפוד בע""מ",,ויטריז - משקה שקדים,מיליליטרים,200.00,"100 מ""ל",false,1,4.50,2.25,true,1,
8000215204370,false,"ויטאריז לבישול תחליף שמנת צחית אורגנית 200 מ""ל",נטורפוד בעמ,,ויטריז לבישול תחל.,מיליליטרים,200.00,"100 מ""ל",false,1,6.50,3.25,true,1,
8000215204394,false,משקה אורז ואגוזי לוז ביו אורגני ויטאריז,בטר אנד דיפרנט,,משקה אגוזי לוז ואורז,מיליליטרים,1000.00,"100 מ""ל",false,1,16.90,1.69,true,1,
8000215204561,false,משקה שקדים אורגני וללא גלוטן ויטאסי 1 לי,בטר אנד דיפרנט,IT,VITASI משקה שקדים או,מיליליטרים,1000.00,"100 מ""ל",false,1,14.90,1.49,true,1,
8000215204653,false,משקה סויה ויטאסי 1 ליטר,בטר אנד דיפרנט,,VITASI משקה סויה 1 ל,מיליליטרים,1000.00,"100 מ""ל",false,1,10.90,1.09,true,1,
8000215204677,false,ויטריז - משקה שיבולת שועל בריסטה אורגני,בטר אנד דיפרנט,,משקה ש.שועל בריסטה א,מיליליטרים,1000.00,"100 מ""ל",false,1,13.90,1.39,true,1,
<<<<<<< HEAD
8000215204714,false,משקה שיבולת שועל אורגני 1 ליטר PRIMAVENA,בטר אנד דיפרנט,,משקה שיבולת שועל אור,מיליליטרים,1000.00,"100 מ""ל",false,1,13.90,1.39,true,1,
8000320010026,false,עגבניות תמר מקולפות צ'ריו 400 גרם,צ'יריו,IT,עגבניות תמר מקולפות,גרמים,400.00,100 גרם,false,1,6.90,1.73,true,1,
=======
8000215204714,false,משקה שיבולת שועל אורגני פרימונה 1 ליטר,בטר אנד דיפרנט,,משקה שיבולת שועל אור,מיליליטרים,1000.00,"100 מ""ל",false,1,13.90,1.39,true,1,
8000320010026,false,עגבניות תמר מקולפות צ'ריו 400 גרם,דיפלומט מפיצים (1968) בעמ**,IT,עגבניות תמר מקולפות,גרמים,400.00,100 גרם,false,1,6.90,1.73,true,1,
8000320010095,false,"רוטב עגבניות במרקם עדין 700 מ""ל MUTTI",דיפלומט מפיצים (1968) בעמ**,IT,פסאטה במרקם עדין 700,מיליליטרים,700.00,"100 מ""ל",false,1,11.90,1.70,true,1,
>>>>>>> d048ac2f4f281c9d788043ab4e81b61b0dbe3743
8000353200029,false,"ליקר דובדבנים סאן מורלקו לוקסרדו 700 מ""ל",,,ליקר דובדבנים סאן מו,מיליליטרים,700.00,"100 מ""ל",false,1,119.90,17.13,true,1,
8000380003723,false,וופלים גרנד פטיסרי במילוי קרם אגוזים 100,קריניציה ויטמינה אס,,עוגיות גרנד פטיסרי 1,גרמים,100.00,100 גרם,false,1,12.20,12.20,true,1,
8000380003761,false,וופל גרנד פטיסרי שוקולד וקוקוס לואקר 100 גרם,קריניציה ויטמינה אס,,עוגיות גרנד פטיסרי 1,גרמים,100.00,100 גרם,false,1,12.20,12.20,true,1,
8000380004676,false,קוביות וופל סנדוויץ Sandwich עם וניל וחלב,"א. לואקר, קונפקט ג'י",,וופל וניל 200 גרם,גרמים,200.00,100 גרם,false,1,12.80,6.40,true,1,
8000380004881,false,וופל קוארדטיני לואקר קוביות טרמיסו 220ג',קריניציה ויטמינה אס,,וופל קואדרטיני טירמי,גרמים,220.00,100 גרם,false,1,13.90,6.32,true,1,
8000380004911,false,קוביות וופל קואדרטיני Quadratini קרם אגוזים,קריניציה ויטמינה אס,,וופל קוארדטיני אגוז,גרמים,250.00,100 גרם,false,1,13.90,5.56,true,1,
8000380004942,false,וופל לואקר קוארדטיני קוביות ווניל 250ג',ליימן שליסל בע`מ,,קואדרטיני וניל 250 ג,גרמים,250.00,100 גרם,false,1,13.90,5.56,true,1,
8000380004966,false,וופל קוארדטיני לואקר קוביות שוקולד 250ג',קריניציה ויטמינה אס,,וופל קוארדטיני קקאו,גרמים,250.00,100 גרם,false,1,13.90,5.56,true,1,
8000380005598,false,מארז וופל שוקולד טורטינה Tortina שוקולד מריר,א. לואקר אס. פי. אי-אי.,,טורטינה מריר 1/6 125,גרמים,125.00,100 גרם,false,1,17.60,14.08,true,1,
8000380007219,false,וופל לואקר ממולא קרם אגוזים 175 גרם,ליימן שליסל בע`מ,,וופל לואקר אגוז 175,גרמים,175.00,100 גרם,false,1,11.80,6.74,true,1,
8000380007257,false,וופל גרדנה במילוי קרם אגוזים מצופה,קריניציה ויטמינה אס,,וופל גרדנה אגוז 200,גרמים,200.00,100 גרם,false,1,14.40,7.20,true,1,
8000380106028,false,טורטינה לואקר וופל שוקולד ואגוזים שישיה 125ג',קריניציה ויטמינה אס,,טורטינה אורגינל 1/6,גרמים,125.00,100 גרם,false,1,17.60,14.08,true,1,
<<<<<<< HEAD
8000380142484,false,קוביות וופל קואדרטיני Quadratini בטעם שוקולד מריר,"אינסטנטה בע""מ",,קואדרטיני שוקולד מרי,גרמים,250.00,100 גרם,false,1,13.90,5.56,true,1,
8000380156825,false,שוקולד חלב במילוי קרם חלב וופל לואקר 87 גרם,ליימן מותגים,IT,שוקולד לואקר חלב 87,גרמים,87.00,100 גרם,false,1,8.50,9.77,true,1,
8000380180745,false,וופל קוביות קקאו במילוי קרם חלב לואקר 250 גרם,"א. לואקר, קונפקט ג'י",,לואקר קוביות וופל קק,גרמים,250.00,100 גרם,false,1,13.90,5.56,true,1,
8000380192151,false,טורטינה טריפל שוקולד מריר 125 גר לואקר,א. לואקר אס. פי. אי-אי.,IT,טורטינה טריפל שוקולד,גרמים,125.00,100 גרם,false,1,17.60,14.08,true,1,
8000380201396,false,שוקולד חלב ממולא קרם קרמל ועלי וופל פריכ,ליימן מותגים,,שוקולד חלב ממולא קרם,גרמים,125.00,100 גרם,false,1,17.60,14.08,true,1,
8000380201525,false,שישייה גרנד פטיסרי אגוזי לוז,ליימן מותגים,,לואקר פטיסרי אגוז 12,גרמים,126.00,100 גרם,false,1,19.90,15.79,true,1,
8000380206896,false,וופל גרדנה חמאת בוטנים לואקר 200 גרם,ליימן מותגים,IT,וופל לואקר גרדנה חמא,גרמים,200.00,100 גרם,false,1,14.40,7.20,true,1,
8000500023624,false,חטיפי הפי היפו Happy Hippo במילוי קרם חלב וקקאו,פררו - אלבה,,קינדר הפי היפו חמישי,גרמים,104.00,100 גרם,false,1,12.50,12.02,true,1,
8000500023976,false,בונבוניירת רפאלו פררו 150 גרם,פררו - אלבה,,בונבוניירה רפאלו 150,גרמים,150.00,100 גרם,false,1,15.90,10.60,true,1,
8000500026731,false,שוקולד ביצי הפתעה קינדר שלישייה,פררו אס.פי.אי,,שלישיית ביצי הפתעה ק,גרמים,60.00,100 גרם,false,1,14.90,24.83,true,1,
8000500028124,false,קינדר גוי ביצת הפתעה מארז שלישיה,ליימן שליסל,ZA,ביצת הפתעה קינדר גוי,גרמים,60.00,100 גרם,false,1,14.90,24.83,true,1,
8000500029350,false,מארז וופל מצופה 3יח' *43 גרם קינדר בואנו,פררו - אלבה,,שלישייה קינדר בואנו,גרמים,129.00,100 גרם,false,1,9.90,7.67,true,1,
8000500032237,false,בונבונרייה פררו רושר 375 גרם,פררו - אלבה,,בונבוניירה פררו רושר,גרמים,260.00,100 גרם,false,1,44.90,17.27,true,1,
8000500037874,false,בונבונרייה פררו רושר 200 גרם,פררו - אלבה,,בונבוניירה פררו רושה,גרמים,200.00,100 גרם,false,1,19.90,9.95,true,1,
8000500071083,false,אצבעות שוקולד קינדר Kinder שש עשרה יחידות,פררו - אלבה,,קינדר שוקולד מארז 20,גרמים,200.00,100 גרם,false,1,12.50,6.25,true,1,
8000500121436,false,מארז קינדר בואנו Kinder Bueno לבן שלוש יחידות,פררו - אלבה,,שלישייה קינדר בואנו,גרמים,129.00,100 גרם,false,1,9.90,7.67,true,1,
8000500167656,false,קינדר שוקולד עם דגנים סיריאל 94 ג',פררו,IT,קינדר שוקולד עם דגני,גרמים,94.00,100 גרם,false,1,8.00,8.51,true,1,
8000500227848,false,נוטלה - בי רדי אצבעות ביסקוויט במילוי שוקולד 6 יח' * 22 גרם,פררו,IT,וופל נוטלה בי רדי שי,גרמים,132.00,100 גרם,false,1,12.50,9.47,true,1,
8000500249352,false,קינדר בואנו מיני מיקס שקית 205 ג',פררו - אלבה,,קינדר בואנו מיני מיק,גרמים,205.00,100 גרם,false,1,18.90,9.22,true,1,
8000500256213,false,קינדר שוקולד מיני בשקית.,פררו - אלבה,IT,קינדר שוקולד מיני 12,גרמים,120.00,100 גרם,false,1,10.00,8.33,true,1,
8000500267103,false,קינדר דליס עוגת ספוג קקאו במילוי חלבי*10,קינדר Kinder,IT,עוגת קינדר דליס 390,גרמים,390.00,100 גרם,false,1,19.90,5.10,true,1,
8000500269169,false,קינדר קארדס Kinder Cards - חמישייה,קריות זול,IT,וופל קינדר קארדס 128,גרמים,128.00,100 גרם,false,1,13.90,10.86,true,1,
8000500386941,false,"ממרח קקאו עם אגוזי לוז, 900 גרם",קדבורי,IT,ממרח נוטלה 900 גר,גרמים,900.00,100 גרם,false,1,27.90,3.10,true,1,
8000895003379,false,עוגיות רכות עם שקדים 175 גרם SAPORI,,,עוגיות רכות עם שקדים,גרמים,175.00,100 גרם,false,1,17.40,9.94,true,1,
8001003100218,false,סוכריות יוגטה ג'לי פירות 800 גר',תות ממתקי איכות,,סוכריות יוגטה גילי 8,גרמים,800.00,100 גרם,false,1,23.90,2.99,true,1,
8001090184412,false,"פיירי נוזל לניקוי כלים לימון שקוף, 900 מ""ל",פרוקטר אנד גמבל,GB,נוזל כלים פיירי לימו,מיליליטרים,900.00,"100 מ""ל",false,1,12.90,1.43,true,1,
8001090222725,false,"הרבל אסנסס - שמפו שמן מורינגה 400 מ""ל",הרבל אסנס Herbal Essences,FR,שמפו הרבל אסנסס שמן,מיליליטרים,400.00,"100 מ""ל",false,1,26.50,6.63,true,1,
8001090222848,false,"הרבל אסנסס - שמפו שיקום שמן ארגן 400 מ""ל",הרבל אסנס Herbal Essences,FR,שמפו הרבל אסנסס שיקו,מיליליטרים,400.00,"100 מ""ל",false,1,26.50,6.63,true,1,
8001090222879,false,"הרבל אסנסס - מרכך שיקום שמן ארגן 400 מ""ל",הרבל אסנס Herbal Essences,FR,מרכך הרבל אסנסס שיקו,מיליליטרים,400.00,"100 מ""ל",false,1,26.50,6.63,true,1,
8001090290830,false,"אוראל בי משחת שיניים- להלבנה פנינה בוהקת 75 מ""ל",פרוקטר אנד גמבל,,3D WHITEמשחת שיניים,Unknown,0.00,Unknown,false,1,32.50,32.50,true,1,
8001090336521,false,פמפרס בייבי דריי חיתולים מידה 5 30 יח,פרוקטר אנד גמבל,DE,חיתולי פמפרס בייבי ד,Unknown,0.00,Unknown,false,1,36.50,36.50,true,1,
8001090364104,false,"משחת שיניים אורל בי G&E אורגינל 75 מ""ל",פרוקטר אנד גמבל,,G&E משחת שיניים אורל,יחידה,1.00,יחידה,false,1,19.90,19.90,true,1,
8001090364203,false,"משחת שיניים אורל בי G&E להלבנה עדינה 75 מ""ל",פרוקטר אנד גמבל,,G&E משחת שיניים אורל,יחידה,1.00,יחידה,false,1,19.90,19.90,true,1,
8001090377487,false,מסכה לשיער פנטן לחות מוגברת 300 מל,פרוקטר אנד גמבל,,מסכה לשיער פנטן לחות,מיליליטרים,300.00,"100 מ""ל",false,1,36.90,12.30,true,1,
8001090379337,false,פמפרס פרימיום קר חיתולים שלב 3 40 יח VP,פרוקטר אנד גמבל,,חיתולי פמפרס פרימיום,Unknown,0.00,Unknown,false,1,34.40,34.40,true,1,
8001090379368,false,פמפרס פרימיום קר חיתולים שלב 4 34 יח VP,פרוקטר אנד גמבל,,חיתולי פמפרס פרימיום,Unknown,0.00,Unknown,false,1,34.40,34.40,true,1,
8001090379399,false,פמפרס פרימיום קר חיתולים שלב 5 30 יח VP,פרוקטר אנד גמבל,,חיתולי פמפרס פרימיום,Unknown,0.00,Unknown,false,1,34.40,34.40,true,1,
8001090458353,false,סבון כלים פעולה אנטי-בקטריאלית אקליפטוס,פרוקטר אנד גמבל,,נוזל כלים אנטי בקטרי,מיליליטרים,515.00,"100 מ""ל",false,1,10.90,2.12,true,1,
8001090580122,false,"הד אנד שולדרס שמפו סופרים משקם 400 מ""ל",פרוקטר אנד גמבל,FR,שמפו הד&שולדרס סופרי,מיליליטרים,400.00,"100 מ""ל",false,1,20.90,5.23,true,1,
=======
8000380142484,false,קוביות וופל קואדרטיני Quadratini בטעם שוקולד מריר,ליימן שליסל בע`מ,,קואדרטיני שוקולד מרי,גרמים,250.00,100 גרם,false,1,13.90,5.56,true,1,
8000380144044,false,גרדנה וופל מצופה שוקולד חלב לואקר 200 גרם,ליימן שליסל בע`מ,,וופל גרדנה שוקולד 20,גרמים,200.00,100 גרם,false,1,14.40,7.20,true,1,
8000380156825,false,שוקולד חלב במילוי קרם חלב וופל לואקר 87 גרם,ליימן שליסל בעמ,IT,שוקולד לואקר חלב 87,גרמים,87.00,100 גרם,false,1,8.50,9.77,true,1,
8000380180745,false,וופל קוביות קקאו במילוי קרם חלב לואקר 250 גרם,"א. לואקר, קונפקט ג'י",,לואקר קוביות וופל קק,גרמים,250.00,100 גרם,false,1,13.90,5.56,true,1,
8000380181032,false,"לואקר גרדנה חטיפי אצבעות אגוזים ושוקולד לבן, 125 גרם",ליימן שליסל בע`מ,,חטיפי אצבעות גרנדה ק,גרמים,125.00,100 גרם,false,1,16.90,13.52,true,1,
8000380192151,false,טורטינה שישיה טריפל שוקולד מריר 125 גר`,א. לואקר אס. פי. אי-אי.,IT,טורטינה טריפל שוקולד,גרמים,125.00,100 גרם,false,1,17.60,14.08,true,1,
8000380201396,false,שוקולד חלב ממולא קרם קרמל ועלי וופל פריכ,ליימן שליסל בע`מ,,שוקולד חלב ממולא קרם,גרמים,125.00,100 גרם,false,1,17.60,14.08,true,1,
8000380201525,false,חטיפי גרנד פטיסרי אגוזי לוז שישייה,ליימן שליסל בעמ,,לואקר פטיסרי אגוז 12,גרמים,126.00,100 גרם,false,1,19.90,15.79,true,1,
8000380206896,false,וופל גרדנה במילוי חמאת בוטנים 200 גרם,ליימן שליסל בע`מ,IT,וופל לואקר גרדנה חמא,גרמים,200.00,100 גרם,false,1,14.40,7.20,true,1,
8000500023624,false,חטיפי הפי היפו Happy Hippo במילוי קרם חלב וקקאו,פרימיום-חברה לדברי מתיקה ולמסח,,קינדר הפי היפו חמישי,גרמים,104.00,100 גרם,false,1,12.50,12.02,true,1,
8000500023976,false,בונבוניירת רפאלו פררו (150 גרם),פרימיום-חברה לדברי מתיקה ולמסח,,בונבוניירה רפאלו 150,גרמים,150.00,100 גרם,false,1,15.90,10.60,true,1,
8000500026731,false,ביצי שוקולד קינדר מארז 3 יח סופרייז,פרימיום-חברה לדברי מתיקה ולמסח,,שלישיית ביצי הפתעה ק,גרמים,60.00,100 גרם,false,1,14.90,24.83,true,1,
8000500028124,false,קינדר גוי ביצת הפתעה מארז שלישיה,פרימיום-חברה לדברי מתיקה ולמסח,ZA,ביצת הפתעה קינדר גוי,גרמים,60.00,100 גרם,false,1,14.90,24.83,true,1,
8000500029350,false,מארז וופל מצופה 3יח' *43 גרם קינדר בואנו,פרימיום-חברה לדברי מתיקה ולמסח,,שלישייה קינדר בואנו,גרמים,129.00,100 גרם,false,1,9.90,7.67,true,1,
8000500032237,false,בונבונרייה פררו רושר 375 גרם,פרימיום-חברה לדברי מתיקה ולמסח,,בונבוניירה פררו רושר,גרמים,260.00,100 גרם,false,1,44.90,17.27,true,1,
8000500037874,false,בונבונרייה פררו רושר 200 גרם,פרימיום-חברה לדברי מתיקה ולמסח,,בונבוניירה פררו רושה,גרמים,200.00,100 גרם,false,1,19.90,9.95,true,1,
8000500071083,false,אצבעות שוקולד קינדר Kinder שש עשרה יחידות,פרימיום-חברה לדברי מתיקה ולמסח,,קינדר שוקולד מארז 20,גרמים,200.00,100 גרם,false,1,12.50,6.25,true,1,
8000500121436,false,מארז קינדר בואנו Kinder Bueno לבן שלוש יחידות,פרימיום-חברה לדברי מתיקה ולמסח,,שלישייה קינדר בואנו,גרמים,129.00,100 גרם,false,1,9.90,7.67,true,1,
8000500167656,false,קינדר שוקולד עם דגנים סיריאל 94 ג',פרימיום-חברה לדברי מתיקה ולמסח,IT,קינדר שוקולד עם דגני,גרמים,94.00,100 גרם,false,1,8.00,8.51,true,1,
8000500227848,false,נוטלה - בי רדי אצבעות ביסקוויט במילוי שוקולד 6 יח' * 22 גרם,פרימיום-חברה לדברי מתיקה ולמסח,IT,וופל נוטלה בי רדי שי,גרמים,132.00,100 גרם,false,1,12.50,9.47,true,1,
8000500249352,false,קינדר בואנו מיני מיקס שקית 205 ג',פרימיום-חברה לדברי מתיקה ולמסח,,קינדר בואנו מיני מיק,גרמים,205.00,100 גרם,false,1,18.90,9.22,true,1,
8000500256213,false,קינדר שוקולד חלב במילוי קרם חלבי,פרימיום-חברה לדברי מתיקה ולמסח,IT,קינדר שוקולד מיני 12,גרמים,120.00,100 גרם,false,1,10.00,8.33,true,1,
8000500267103,false,קינדר דליס עוגת ספוג קקאו במילוי חלבי*10,פרימיום-חברה לדברי מתיקה ולמסח,IT,עוגת קינדר דליס 390,גרמים,390.00,100 גרם,false,1,19.90,5.10,true,1,
8000500269169,false,קינדר קארדס Kinder Cards - חמישייה,פרימיום-חברה לדברי מתיקה ולמסח,IT,וופל קינדר קארדס 128,גרמים,128.00,100 גרם,false,1,13.90,10.86,true,1,
8000500386941,false,נוטלה ממרח קקאו עם אגוזי לוז 900 גר`,פרימיום-חברה לדברי מתיקה ולמסח,IT,ממרח נוטלה 900 גר,גרמים,900.00,100 גרם,false,1,27.90,3.10,true,1,
8000895003379,false,עוגיות רכות עם שקדים 175 גרם SAPORI,,,עוגיות רכות עם שקדים,גרמים,175.00,100 גרם,false,1,17.40,9.94,true,1,
8001003100218,false,סוכריות יוגטה ג'לי פירות 800 גר',ליימן שליסל בע`מ,,סוכריות יוגטה גילי 8,גרמים,800.00,100 גרם,false,1,23.90,2.99,true,1,
8001090184412,false,"פיירי נוזל לניקוי כלים לימון שקוף, 900 מ""ל",דיפלומט מפיצים (1968) בעמ,GB,נוזל כלים פיירי לימו,מיליליטרים,900.00,"100 מ""ל",false,1,12.90,1.43,true,1,
8001090222725,false,"הרבל אסנסס - שמפו שמן מורינגה 400 מ""ל",דיפלומט מפיצים (1968) בעמ,FR,שמפו הרבל אסנסס שמן,מיליליטרים,400.00,"100 מ""ל",false,1,26.50,6.63,true,1,
8001090222848,false,"הרבל אסנסס - שמפו שיקום שמן ארגן 400 מ""ל",דיפלומט מפיצים (1968) בעמ,FR,שמפו הרבל אסנסס שיקו,מיליליטרים,400.00,"100 מ""ל",false,1,26.50,6.63,true,1,
8001090222879,false,"הרבל אסנסס - מרכך שיקום שמן ארגן 400 מ""ל",דיפלומט מפיצים (1968) בעמ,FR,מרכך הרבל אסנסס שיקו,מיליליטרים,400.00,"100 מ""ל",false,1,26.50,6.63,true,1,
8001090290830,false,"אוראל בי משחת שיניים- להלבנה פנינה בוהקת 75 מ""ל",דיפלומט מפיצים (1968) בעמ,,3D WHITEמשחת שיניים,Unknown,0.00,Unknown,false,1,32.50,32.50,true,1,
8001090336491,false,פמפרס בייבי דריי חיתולים מידה +4 31 יח,דיפלומט מפיצים (1986) בע`מ,DE,חיתולי פמפרס בייבי ד,Unknown,0.00,Unknown,false,1,36.50,36.50,true,1,
8001090336521,false,חיתולי פמפרס בייבי דריי מידה 5 30 יח` `,דיפלומט מפיצים (1986) בע`מ,DE,חיתולי פמפרס בייבי ד,Unknown,0.00,Unknown,false,1,36.50,36.50,true,1,
8001090364104,false,"משחת שיניים אורל בי G&E אורגינל 75 מ""ל",דיפלומט מפיצים (1968) בעמ,,G&E משחת שיניים אורל,יחידה,1.00,יחידה,false,1,19.90,19.90,true,1,
8001090364203,false,"משחת שיניים אורל בי G&E להלבנה עדינה 75 מ""ל",דיפלומט מפיצים (1968) בעמ,,G&E משחת שיניים אורל,יחידה,1.00,יחידה,false,1,19.90,19.90,true,1,
8001090377487,false,מסכה לשיער פנטן לחות מוגברת 300 מל,דיפלומט מפיצים (1968) בעמ,,מסכה לשיער פנטן לחות,מיליליטרים,300.00,"100 מ""ל",false,1,36.90,12.30,true,1,
8001090379337,false,פמפרס פרימיום קר חיתולים שלב 3 40 יח VP,דיפלומט מפיצים (1986) בע`מ,,חיתולי פמפרס פרימיום,Unknown,0.00,Unknown,false,1,34.40,34.40,true,1,
8001090379368,false,פמפרס פרימיום קר חיתולים שלב 4 34 יח VP,דיפלומט מפיצים (1986) בע`מ,,חיתולי פמפרס פרימיום,Unknown,0.00,Unknown,false,1,34.40,34.40,true,1,
8001090379399,false,פמפרס פרימיום קר חיתולים שלב 5 30 יח VP,דיפלומט מפיצים (1986) בע`מ,,חיתולי פמפרס פרימיום,Unknown,0.00,Unknown,false,1,34.40,34.40,true,1,
8001090458353,false,סבון כלים פעולה אנטי-בקטריאלית אקליפטוס,דיפלומט מפיצים (1986) בע`מ,,נוזל כלים אנטי בקטרי,מיליליטרים,515.00,"100 מ""ל",false,1,10.90,2.12,true,1,
8001090580122,false,"הד אנד שולדרס שמפו סופרים משקם 400 מ""ל",דיפלומט מפיצים 1968 בעמ,FR,שמפו הד&שולדרס סופרי,מיליליטרים,400.00,"100 מ""ל",false,1,20.90,5.23,true,1,
>>>>>>> d048ac2f4f281c9d788043ab4e81b61b0dbe3743
8001090632715,false,מש.שיניים אורל בי לילדים פרוזן וקארס120ג,פרוקטר אנד גמבל,DE,מש.שיניים אורל בי לי,גרמים,120.00,100 גרם,false,1,12.90,10.75,true,1,
8001090721099,false,טבליות ג'ל לכביסה 3 ב-1 בניחוח אביב הרים,דיפלומט מפיצים (1986) בע`מ,FR,קפסולות לכביסה אריאל,Unknown,0.00,Unknown,false,1,34.90,34.90,true,1,
8001090721129,false,אריאל קפסולות גל לכביסה 3ב1 קולור 27 יח,דיפלומט מפיצים (1986) בע`מ,FR,קפסולות לכביסה אריאל,Unknown,0.00,Unknown,false,1,34.90,34.90,true,1,
8001090734044,false,אולוויז מגן תחתון גיגה פק לארג' אקסטרה פרוטקט 64 יח',דיפלומט מפיצים (1986) בע`מ,,מגן תחתון אולוויז מג,Unknown,0.00,Unknown,false,1,19.90,19.90,true,1,
8001090740717,false,מגני תחתון אולוויז נורמל עם ניחוח רענן Fresh Scent,פרוקטר אנד גמבל )ראה קוד,,מגן תחתון אולוויז מג,Unknown,0.00,Unknown,false,1,19.90,19.90,true,1,
8001090745903,false,אבקת כביסה טייד פרש אלפיין 4 קג,דיפלומט מפיצים (1986) בע`מ,TR,אבקת כביסה טייד פרש,קילוגרמים,0.00,"ק""ג",false,1,29.90,29.90,true,1,
8001090802385,false,קפסולות גל לכביסה טייד בניחוח לנור 26 יח,דיפלומט מפיצים (1986) בע`מ,FR,קפסולות גל לכביסה טי,Unknown,0.00,Unknown,false,1,25.90,25.90,true,1,
8001090832450,false,"שמפו פנטן הנוסחה הקלאסית 660 מ""ל",דיפלומט מפיצים (1986) בע`מ,,שמפו פנטן הנוסחה הקל,מיליליטרים,660.00,"100 מ""ל",false,1,19.90,3.02,true,1,
8001090832535,false,"שמפו פנטן שמן מרוקאי משקם 660 מ""ל",דיפלומט מפיצים (1986) בע`מ,,שמפו פנטן שמן מרוקאי,מיליליטרים,660.00,"100 מ""ל",false,1,19.90,3.02,true,1,
8001090832894,false,מרכך לשיער חלש ופגום לחות מוגברת,דיפלומט מפיצים (1986) בע`מ,,קונדישנר פנטן לחות מ,מיליליטרים,660.00,"100 מ""ל",false,1,19.90,3.02,true,1,
8001090833136,false,אריאל ג`ל כביסה 2.255 ליטר בייבי,דיפלומט מפיצים (1986) בע`מ,FR,גל כביסה אריאל בייבי,ליטרים,0.00,ליטר,false,1,32.90,32.90,true,1,
8001090833167,false,גל כביסה אריאל בניחוח הרים 2.365 ליטר,דיפלומט מפיצים (1986) בע`מ,FR,גל כביסה אריאל בניחו,ליטרים,0.00,ליטר,false,1,32.90,32.90,true,1,
8001090833198,false,אריאל נוזל כביסה 2.47 ליטר ניחוח מרענן,דיפלומט מפיצים (1986) בע`מ,FR,גל כביסה אריאל בניחו,ליטרים,0.00,ליטר,false,1,32.90,32.90,true,1,
8001090833228,false,אריאל ג'ל כביסה קולור 2.365 ליטר,דיפלומט מפיצים (1986) בע`מ,FR,גל כביסה אריאל קולור,ליטרים,0.00,ליטר,false,1,32.90,32.90,true,1,
8001090833259,false,אריאל ג`ל כביסה 3.740 ליטר בניחוח הרים,דיפלומט מפיצים (1968) בעמ,FR,גל כביסה אריאל בניחו,ליטרים,0.00,ליטר,false,1,39.90,39.90,true,1,
8001090899194,false,תחבושות אולוויז פלטינום נורמל 24 יחידות,דיפלומט מפיצים (1986) בע`מ,DE,תחבושות אולוויז פלטי,Unknown,0.00,Unknown,false,1,26.50,26.50,true,1,
8001090899224,false,תחבושות אולוויז פלטינום לונג 20 יחידות,דיפלומט מפיצים (1986) בע`מ,DE,תחבושות אולוויז פלטי,Unknown,0.00,Unknown,false,1,26.50,26.50,true,1,
8001100050546,false,עוגת פנטונה עם צימוקים וקליפות תפו 500 ג,,,עוגת פנטונה עם צימוק,גרמים,500.00,100 גרם,false,1,31.90,6.38,true,1,
8001100051055,false,עוגת פנטונה עם צימוקים בציפוי אגוזי 750ג,,,עוגת פנטונה עם צימוק,גרמים,750.00,100 גרם,false,1,44.90,5.99,true,1,
8001100062518,false,פנטונה 750 גרם PANDORO פח,,,פנטונה 750 גרם PANDO,גרמים,750.00,100 גרם,false,1,64.90,8.65,true,1,
8001100063690,false,פנדורו במילוי קרם טירמיסו 800 גר Balocco,,IT,פנדורו במילוי קרם טי,גרמים,800.00,100 גרם,false,1,46.90,5.86,true,1,
8001200023808,false,פסטה אליציה צבעוני 500 גר Agnesi,,,פסטה אליציה צבעוני 5,גרמים,500.00,100 גרם,false,1,8.30,1.66,true,1,
8001200025505,false,פסטה פוזילי מס.78 500 גר Agnesi,,,פסטה פוזילי מס.78 50,גרמים,500.00,100 גרם,false,1,8.30,1.66,true,1,
8001200038994,false,פסטה ספגטי חיטה מלאה 500 גר Agnesi,,,פסטה ספגטי חיטה מלאה,גרמים,500.00,100 גרם,false,1,13.50,2.70,true,1,
8001200039014,false,פסטה פנה חיטה מלאה 500 גר Agnesi,,,פסטה פנה חיטה מלאה 5,גרמים,500.00,100 גרם,false,1,13.50,2.70,true,1,
8001200045039,false,פסטה ספגטי מס.3 500 גר Agnesi,,IT,פסטה ספגטי מס.3 500,גרמים,500.00,100 גרם,false,1,8.30,1.66,true,1,
8001200045053,false,פסטה ספגטיני מס.2 500 גר Agnesi,,IT,פסטה ספגטיני מס.2 50,גרמים,500.00,100 גרם,false,1,8.30,1.66,true,1,
8001200045176,false,פסטה בוקטיני 500 גר Agnesi,,IT,פסטה בוקטיני 500 גר,גרמים,500.00,100 גרם,false,1,8.30,1.66,true,1,
8001200045190,false,פסטה אליציה מס.56 500 גר Agnesi,,,פסטה אליציה מס.56 50,גרמים,500.00,100 גרם,false,1,8.30,1.66,true,1,
8001200045299,false,פסטה פנה ריגטה 500 גר Agnesi,,IT,פסטה פנה ריגטה 500 ג,גרמים,500.00,100 גרם,false,1,8.30,1.66,true,1,
8001200045350,false,פסטה ניוקי 500 גר Agnesi,,IT,פסטה ניוקי 500 גר Ag,גרמים,500.00,100 גרם,false,1,8.30,1.66,true,1,
8001200045374,false,פסטה צילנטני מסולסל 500 גר Agnesi,,,פסטה צילנטני מסולסל,גרמים,500.00,100 גרם,false,1,8.30,1.66,true,1,
8001200045473,false,פסטה ריגטוני 500 גר Agnesi,,,פסטה ריגטוני 500 גר,גרמים,500.00,100 גרם,false,1,8.30,1.66,true,1,
8001200045916,false,פסטה טליאטלה ביצים 250 גר Agnesi,,,פסטה טליאטלה ביצים 2,גרמים,250.00,100 גרם,false,1,13.50,5.40,true,1,
8001200045978,false,פסטה פפרדלה ביצים 250 גר Agnesi,,,פסטה פפרדלה ביצים 25,גרמים,250.00,100 גרם,false,1,13.50,5.40,true,1,
8001200045992,false,פסטה ביצים ותרד 250 גר Agnesi,,,פסטה ביצים ותרד 250,גרמים,250.00,100 גרם,false,1,13.50,5.40,true,1,
8001200320853,false,פסטה קנלוני 250 גר Agnesi,,,פסטה קנלוני 250 גר A,גרמים,250.00,100 גרם,false,1,12.90,5.16,true,1,
8001291020014,false,ריקאסולי קיאנטי קלאסיקו ברוליו 750 מל,,,ריקאסולי קיאנטי קלאס,Unknown,0.00,Unknown,false,1,97.90,97.90,true,1,
8001291057515,false,ברון קיאנטי דל ברון ריקאסולי 750 מל,,,ברון קיאנטי דל ברון,Unknown,0.00,Unknown,false,1,51.90,51.90,true,1,
8001440118944,false,שלישיית עגבניות פולפה צ'יריו 400 גרם,דיפלומט מפיצים (1968) בעמ**,IT,עגבניות פולפה 3*400,קילוגרמים,0.00,"ק""ג",false,1,15.90,15.90,true,1,
8001505000320,false,מעדן תותי יער אורגני 250 ג FIORDIFRUTTA,אף.סי תבליני בגליל ב,,מעדן תותי יער אורגני,גרמים,250.00,100 גרם,false,1,22.90,9.16,true,1,
8001505000580,false,מעדן אפרסק אורגני 250 גרם,פיור די פרוטה,,מעדן אפרסק 250 ג FIO,גרמים,250.00,100 גרם,false,1,22.90,9.16,true,1,
8001505001105,false,ממרח אגוזי לוז אורגני 270 גרם NICCIOLATA,ריג'\וני דה אסינו,,ממרח אגוזי לוז,גרמים,270.00,100 גרם,false,1,23.90,8.85,true,1,
8001561301706,false,שימורי טונה 160 גרם CALLIPO,קליפו קונסרב,,שימורי טונה 160 גרם,גרמים,160.00,100 גרם,false,1,18.50,11.56,true,1,
8001620011935,false,"סן בנדטו- מים מינרלים מוגז - מארז שישיית 500 מ""ל",אקווה מינרלה סאן בנד,,שישיית סאן בנדטו מוג,מיליליטרים,1500.00,"100 מ""ל",false,1,12.90,0.86,true,1,
8001620017456,false,"סן בנדטו ספורט, מים מינרלים טבעיים 500 מ""ל שישייה",אקווה מינרלה סאן בנדטו ב,,סאן בנדטו שישייה 500,מיליליטרים,3000.00,"100 מ""ל",false,1,15.90,0.53,true,1,
8001620018408,false,"משקה פירות בטעם מנגו תפוח 400 מ""ל פרוטה",אקווה מינרלה סאן בנדטו ב,,סן בנדטו מנגו תפוח 4,מיליליטרים,400.00,"100 מ""ל",false,1,7.90,1.98,true,1,
8001620019160,false,"סן בנדטו מים מינרלים בטעם אפרסק 500 מ""ל",אקווה מינרלה סאן בנדטו ב,IL,סאן בנדטו אפרסק 400,מיליליטרים,400.00,"100 מ""ל",false,1,5.30,1.33,true,1,
8001620019177,false,"סן בנדטו מים מינרלים בטעם ענבים 500 מ""ל",אקווה מינרלה סאן בנדטו ב,IL,סאן בנדטו ענבים 400,מיליליטרים,400.00,"100 מ""ל",false,1,5.30,1.33,true,1,
8001637404195,false,גורגונזולה דולצה 150 גרם,,,גורגונזולה דולצה 150,גרמים,150.00,100 גרם,false,1,41.90,27.93,true,1,
<<<<<<< HEAD
8001841062624,false,פמפרס מגבונים לחים ללא בישום רביעייה,פרוקטר אנד גמבל.,DE,מגבוני פמפרס פרש ללא,יחידה,1.00,יחידה,false,1,20.90,20.90,true,1,
8001841077949,false,מארז מגבוני פמפרס בניחוח מרענן - רביעייה,פרוקטר אנד גמבל,DE,מגבוני פמפרס פרש רבי,יחידה,1.00,יחידה,false,1,20.90,20.90,true,1,
8001841105093,false,פמפרס פרימיום קר חיתולים שלב 6 26 יח VP,פרוקטר אנד גמבל,TR,חיתולי פמפרס פרימיום,Unknown,0.00,Unknown,false,1,34.40,34.40,true,1,
8001841137216,false,"קונדישנר למגע רך כמשי הד אנד שולדרס 275 מ""ל",פרוקטר אנד גמבל,RO,קונדישינר הד&שולדרס,מיליליטרים,275.00,"100 מ""ל",false,1,19.90,7.24,true,1,
8001841500942,false,"הרבל אסנסס - שמפו ללא סולפטים אלוורה ובמבוק 380 מ""ל",הרבל אסנס Herbal Essences,FR,שמפו הרבל אסנסס אלוו,מיליליטרים,380.00,"100 מ""ל",false,1,26.50,6.97,true,1,
8001841625188,false,סבון כלים פלטינום לימון X3 פעולות להסרת שומנים,פרוקטר אנד גמבל,GB,נוזל כלים פיירי פלטי,מיליליטרים,515.00,"100 מ""ל",false,1,10.90,2.12,true,1,
8001841625362,false,"נוזל כלים בניחוח לימון פלטינום 780 מ""ל פיירי",פרוקטר אנד גמבל,GB,נוזל כלים פיירי פלטי,מיליליטרים,780.00,"100 מ""ל",false,1,12.90,1.65,true,1,
8001841625461,false,סבון כלים פלטינום X3 פעולות להסרת שומנים,פרוקטר אנד גמבל,GB,נוזל כלים פיירי פלטי,מיליליטרים,515.00,"100 מ""ל",false,1,10.90,2.12,true,1,
=======
8001841062624,false,פמפרס מגבונים לחים ללא בישום רביעייה,דיפלומט מפיצים (1968) בעמ,DE,מגבוני פמפרס פרש ללא,יחידה,1.00,יחידה,false,1,20.90,20.90,true,1,
8001841077949,false,מארז מגבוני פמפרס בניחוח מרענן - רביעייה,דיפלומט מפיצים (1986) בע`מ,DE,מגבוני פמפרס פרש רבי,יחידה,1.00,יחידה,false,1,20.90,20.90,true,1,
8001841105093,false,פמפרס פרימיום קר חיתולים שלב 6 26 יח VP,דיפלומט מפיצים (1986) בע`מ,TR,חיתולי פמפרס פרימיום,Unknown,0.00,Unknown,false,1,34.40,34.40,true,1,
8001841137216,false,"קונדישנר למגע רך כמשי הד אנד שולדרס 275 מ""ל",דיפלומט מפיצים (1986) בע`מ,RO,קונדישינר הד&שולדרס,מיליליטרים,275.00,"100 מ""ל",false,1,19.90,7.24,true,1,
8001841500942,false,"הרבל אסנסס - שמפו ללא סולפטים אלוורה ובמבוק 380 מ""ל",דיפלומט מפיצים (1986) בע`מ,FR,שמפו הרבל אסנסס אלוו,מיליליטרים,380.00,"100 מ""ל",false,1,26.50,6.97,true,1,
8001841625188,false,סבון כלים פלטינום לימון X3 פעולות להסרת שומנים,דיפלומט מפיצים (1986) בע`מ,GB,נוזל כלים פיירי פלטי,מיליליטרים,515.00,"100 מ""ל",false,1,10.90,2.12,true,1,
8001841625461,false,סבון כלים פלטינום X3 פעולות להסרת שומנים,דיפלומט מפיצים (1986) בע`מ,GB,נוזל כלים פיירי פלטי,מיליליטרים,515.00,"100 מ""ל",false,1,10.90,2.12,true,1,
>>>>>>> d048ac2f4f281c9d788043ab4e81b61b0dbe3743
8001841640204,false,טייד קפסולות ג'ל בניחוח לנור 58 יחידות,"פרוקטר אנד גמבל, אמינס,",,טייד קפסולות בניחוח,Unknown,0.00,Unknown,false,1,67.90,67.90,true,1,
8001841669465,false,קפסולות לכביסה אריאל בניחוח לנור 24 יחידות,דיפלומט מפיצים (1986) בע`מ,FR,קפסולות לכביסה אריאל,Unknown,0.00,Unknown,false,1,34.90,34.90,true,1,
8001841669519,false,קפסולות לכביסה ALL IN ONE אריאל 55 יחידות,דיפלומט מפיצים (1986) בע`מ,FR,קפסולות לכביסה אריאל,יחידה,1.00,יחידה,false,1,54.90,54.90,true,1,
8001841893990,false,פיירי טבליות למדיח פלטינום פלוס - מארז 30 יח',דיפלומט מפיצים (1986) בע`מ,,טבליות למדיח פלטינום,יחידה,1.00,יחידה,false,1,41.90,41.90,true,1,
8001841941929,false,אולוויז וליו פק לילה בטוח אקסטרא 16 יחידות,דיפלומט מפיצים (1986) בע`מ,DE,תחבושות אולוויז וליו,Unknown,0.00,Unknown,false,1,19.90,19.90,true,1,
8001841958460,false,פיירי טבליות למדיח אורגינל הכל באחד - מארז 48 יח',דיפלומט מפיצים (1986) בע`מ,BE,טבליות למדיח פיירי 4,יחידה,1.00,יחידה,false,1,41.90,41.90,true,1,
8001841960081,false,פיירי טבליות למדיח פלטינום הכל באחד - מארז 37 יח',דיפלומט מפיצים (1986) בע`מ,,טבליות למדיח פלטינום,יחידה,1.00,יחידה,false,1,41.90,41.90,true,1,
8002066001412,false,אטריות ביצים טליאוליני ללא גלוטן 250גר,,IT,אטריות ביצים טליאולי,גרמים,250.00,100 גרם,false,1,17.90,7.16,true,1,
<<<<<<< HEAD
8002230000012,false,מארז משקה קוקטייל אפ,אלכוהול (איי.בי.בי),,אפרול 1 ליטר,מיליליטרים,1000.00,"100 מ""ל",false,1,89.90,8.99,true,1,
=======
8002230000012,false,מארז משקה קוקטייל אפ,החברה המרכזית להפצת משקאות בעמ,,אפרול 1 ליטר,מיליליטרים,1000.00,"100 מ""ל",false,1,89.90,8.99,true,1,
8002267014945,false,שלישייה ביצי שוקולד חלב עם צעצוע הוט ווילס,ואל קור קורסניני אס אנ ס,,ביצת שוקולד הפתעה הו,גרמים,60.00,100 גרם,false,1,12.90,21.50,true,1,
>>>>>>> d048ac2f4f281c9d788043ab4e81b61b0dbe3743
8002267016475,false,ביצת שוקולד הפתעה בוב הבנאי שלישייה 60 ג,מולינו ניקולי s.p.a,IT,ביצת שוקולד הפתעה בו,גרמים,60.00,100 גרם,false,1,12.90,21.50,true,1,
8002270015656,false,מים מינרליים טבעיים מוגזים סן פלגרינו 750 מל זכוכית,סן פלגרינו ס.פ.א לוק,,סאן פלגרינו 750 מל,מיליליטרים,750.00,"100 מ""ל",false,1,10.90,1.45,true,1,
8002270166587,false,מים סן פלגרינו 1ליטר בקבוק פלסטיק שישי,טמפו משקאות בעמ,,שישייה סאן פלגרינו פ,ליטרים,0.01,ליטר,false,1,51.90,5190.00,true,1,
8002270166594,false,"שישיית מים ""סאן פלגרינו"" 250*6 מ""ל",טמפו,,שישיית סאן פלגרינו 2,מיליליטרים,1500.00,"100 מ""ל",false,1,32.90,2.19,true,1,
<<<<<<< HEAD
8002270226816,false,"רביעיית סן פלגרינו לימון 4*200 מ""ל",,,רביעיית סן פלגרינו ל,מיליליטרים,800.00,"100 מ""ל",false,1,29.90,3.74,true,1,
8002270236792,false,אסנזה משקה מוגז בטעם לימון גרידת לימון- שישייה,סן פלגרינו San Pellegrino,,שישיית סאן פלגרינו ל,מיליליטרים,3000.00,"100 מ""ל",false,1,31.90,1.06,true,1,
8002270256790,false,"שישייה סן פלגרינו אסנזה תפוז אדום 500 מ""ל",סן פלגרינו San Pellegrino,,שישיית סאן פלגרינו ב,מיליליטרים,3000.00,"100 מ""ל",false,1,31.90,1.06,true,1,
8002270436581,false,"שישיית מים סאן פלגרינו פלסט 500 מ""ל",סן-פלגרינו,,שישיית מים סאן פלגרי,מיליליטרים,3000.00,"100 מ""ל",false,1,27.90,0.93,true,1,
8002270846472,false,סן פלגרינו מים מינרליים טבעיים מוגזים,סן-פלגרינו,,מים סאן פלגרינו פלסט,מיליליטרים,500.00,"100 מ""ל",false,1,5.20,1.04,true,1,
=======
8002270206818,false,"משקה תפוז מוגז *2004מ""ל סן פליגרינו",טמפו משקאות בעמ,,רביעיית סן פלגרינו ת,מיליליטרים,800.00,"100 מ""ל",false,1,29.90,3.74,true,1,
8002270226816,false,"רביעיית סן פלגרינו לימון 4*200 מ""ל",,,רביעיית סן פלגרינו ל,מיליליטרים,800.00,"100 מ""ל",false,1,29.90,3.74,true,1,
8002270236792,false,אסנזה משקה מוגז בטעם לימון גרידת לימון- שישייה,סן פלגרינו San Pellegrino,,שישיית סאן פלגרינו ל,מיליליטרים,3000.00,"100 מ""ל",false,1,31.90,1.06,true,1,
8002270256790,false,"שישייה סן פלגרינו אסנזה תפוז אדום 500 מ""ל",סן פלגרינו San Pellegrino,,שישיית סאן פלגרינו ב,מיליליטרים,3000.00,"100 מ""ל",false,1,31.90,1.06,true,1,
8002270436581,false,סאן פלגרינו פלסטיק מוגז שישייות 500*6,טמפו משקאות בעמ,,שישיית מים סאן פלגרי,מיליליטרים,3000.00,"100 מ""ל",false,1,27.90,0.93,true,1,
8002270846472,false,סן פלגרינו מים מינרליים טבעיים מוגזים,טמפו משקאות בעמ,,מים סאן פלגרינו פלסט,מיליליטרים,500.00,"100 מ""ל",false,1,5.20,1.04,true,1,
>>>>>>> d048ac2f4f281c9d788043ab4e81b61b0dbe3743
8002270866524,false,סן פלגרינו מים מינרליים טבעיים מוגזים,סן פלגרינו San Pellegrino,,סאן פלגרינו 1 ליטר,מיליליטרים,1000.00,"100 מ""ל",false,1,9.90,0.99,true,1,
8002590012915,false,קרקר מלוח 250 גרם COLUSSI,,,קרקר מלוח 250 גרם CO,גרמים,250.00,100 גרם,false,1,6.80,2.72,true,1,
8002590017514,false,קרקר רוזמרין ושמן זית 250 גרם COLUSSI,,,קרקר רוזמרין ושמן זי,גרמים,250.00,100 גרם,false,1,7.90,3.16,true,1,
8002590017538,false,קרקר חיטה מלאה 250 גרם COLUSSI,,,קרקר חיטה מלאה 250 ג,גרמים,250.00,100 גרם,false,1,6.80,2.72,true,1,
8003340091280,false,לינדט לינדור בונבוניירה 60% מוצקי קקאו 200 גרם,לינדט ושפרונגלי קילשברג,,בונבוניירה לינדור60%,גרמים,200.00,100 גרם,false,1,29.90,14.95,true,1,
8003340098364,false,לינדט לינדור בונבוניירה סילבר 200 גרם,משה סידס ובנו בעמ,IT,לינדור בונ סילבר 200,גרמים,200.00,100 גרם,false,1,29.90,14.95,true,1,
8003410249306,false,שרוול תערובת קפה קלאסיקו עוצמה 10,,IT,שרוול תערובת קפה סגפ,גרמים,10.00,100 גרם,false,1,20.90,209.00,true,1,
8003410249313,false,שרוול תערובת קפה אינטנסו עוצמה 12,,IT,שרוול תערובת קפה סגפ,גרמים,11.00,100 גרם,false,1,20.90,190.00,true,1,
8003410249351,false,"סגפרדו, קפסולות קפה, ברזיל, עוצמה 8",,,"סגפרדו, קפסולות קפה,",גרמים,10.00,100 גרם,false,1,20.90,209.00,true,1,
8003410446477,false,שרוול תערובת קפה ריסטרטו עוצמה 11,,IT,שרוול תערובת קפה סגפ,גרמים,12.00,100 גרם,false,1,20.90,174.17,true,1,
8003410446484,false,שרוול תערובת קפה ערביקה עוצמה 9,,IT,שרוול תערובת קפה סגפ,גרמים,13.00,100 גרם,false,1,20.90,160.77,true,1,
8003440997833,false,מסטיק פיור פרש 100 יח בשקית בטעם פירות מנטה,פרפטי ואן מלה ברדה,TR,מסטיק פיורפרש מנטה פ,גרמים,200.00,100 גרם,false,1,19.90,9.95,true,1,
<<<<<<< HEAD
8003440997871,false,מסטיק פיורפרש תות אריזת חיסכון 200 ג,פרפטי ואן מלה ברדה,TR,מסטיק פיורפרש תות אר,גרמים,200.00,100 גרם,false,1,19.90,9.95,true,1,
=======
8003440997871,false,מסטיק מנטוס פיור פרש אריזה 100יח טעם תות,פרפטי ואן מלה ברדה,TR,מסטיק פיורפרש תות אר,גרמים,200.00,100 גרם,false,1,19.90,9.95,true,1,
>>>>>>> d048ac2f4f281c9d788043ab4e81b61b0dbe3743
8003653005400,false,יעה נצמד,טונקיטה,,יעה נצמד,Unknown,0.00,Unknown,false,1,7.50,7.50,true,1,
8003653008258,false,"tonkitaTK854 מגב לריצפה 44 ס""מ+מקל",טונקיטה,,מגב לריצפה עם מקל 44,Unknown,0.00,Unknown,false,1,26.90,26.90,true,1,
8003753900438,false,קפה לנדוור אילי אספרסו טחון 250 גרם,ש.שסטוביץ בעמ,,קפה לנדוור אילי אספר,גרמים,250.00,100 גרם,false,1,42.90,17.16,true,1,
8004030022010,false,ירקות גינה עם טונה ריו מרה אינסלטיסימי 160 ג',"בולטון אלימנטרי בע""\מ",,ריו מרה אינסלטיסימי,גרמים,160.00,100 גרם,false,1,15.00,9.38,true,1,
8004030026018,false,"מקסיקני עם טונה ריו מרה אינסלטיסימי, 160 ג'","בולטון אלימנטרי בע""\מ",,ריו מרה אינסלטיסימי,גרמים,160.00,100 גרם,false,1,15.00,9.38,true,1,
8004030044005,false,נתחי טונה בהירה בשמן זית ריו מרה 112גרם,"בולטון אלימנטרי בע""\מ",,טונה בשמן זית ריו מר,גרמים,160.00,100 גרם,false,1,16.80,10.50,true,1,
8004030081024,false,נתחי טונה עם שום ופלפל אדום ריו מרה 160 ג',"בולטון אלימנטרי בע""\מ",,טונה בשמן זית שום ופ,גרמים,160.00,100 גרם,false,1,16.80,10.50,true,1,
8004030102033,false,טונה בשמן זית עם מיץ לימון ופלפל שחור - מארז 3 יח',בולטון אלימנטרי,,טונה ריו מרה בשמן עם,גרמים,240.00,100 גרם,false,1,24.90,10.38,true,1,
8004030177000,false,ריו מארה טונה בשמן זית עם צ`לי שלישיות 8,ש. שסטוביץ בע`מ,,טונה בשמן זית עם ציל,גרמים,240.00,100 גרם,false,1,24.90,10.38,true,1,
8004030180000,false,ריו מרה טונה בשמן זית כתית מעולה 3*80 גרם,"בולטון אלימנטרי בע""\מ",,טונה בשמן זית כתית ר,גרמים,240.00,100 גרם,false,1,31.50,13.13,true,1,
8004030344938,false,"ריו מרה טונה בשמן זית 3X80 גרם מתכון חדש כשל""פ","בולטון אלימנטרי בע""\מ",,שלישיית טונה ריו מרה,גרמים,240.00,100 גרם,false,1,24.90,10.38,true,1,
8004030845046,false,טונה עם ירקות בתוספת עם אורז ריו מרה אינסלטיסימי 160 ג',בולטון אלימנטרי,,ריו מרה אינסלטיסימי,גרמים,160.00,100 גרם,false,1,15.00,9.38,true,1,
8004030860001,false,ירקות עם קוקוס וטונה ריו מרה אינסלטיסימי 160 ג',"בולטון אלימנטרי בע""\מ",,ריו מרה אינסלטיסימי,גרמים,160.00,100 גרם,false,1,15.00,9.38,true,1,
8004123004893,false,"שמן מתובל בטעם פטריות כמהין 250 מ""ל",באסו פדלה,IT,שמן מתובל בטעם פטריו,מיליליטרים,250.00,"100 מ""ל",false,1,38.90,15.56,true,1,
8004275054418,false,שמן זרעי ענבים 1 ליטר קוריצלי,,,שמן זרעי ענבים 1 ליט,מיליליטרים,1000.00,"100 מ""ל",false,1,41.90,4.19,true,1,
8004275058775,false,שמן זית כתית מעולה 500 מל CIRIO,,,שמן זית כתית מעולה 5,מיליליטרים,500.00,"100 מ""ל",false,1,25.50,5.10,true,1,
8004275058942,false,"שמן זית כתית מעולה 750 מ""ל CIRIO",,,שמן זית כתית מעולה 7,מיליליטרים,750.00,"100 מ""ל",false,1,38.90,5.19,true,1,
8004275059543,false,"חומץ בלסמי ממודנה גלייז 250 מ""ל CIRIO",,,חומץ בלסמי ממודנה,מיליליטרים,250.00,"100 מ""ל",false,1,20.90,8.36,true,1,
8004708036516,false,אורגנו במטחנה 12 גר ארומה דה טוסקנה,דרוגריה ואלימנטרי אס,,אורגנו במטחנה 12 גר,גרמים,12.00,100 גרם,false,1,14.20,118.33,true,1,
8005110002243,false,רכז עגבניות Doppio Concentr בשפופרת 185 ג' MUTTI,רסטרטו יבוא ושיווק בעמ*אין החז,,רכז עגבניות DOPPIO ב,גרמים,185.00,100 גרם,false,1,7.50,4.05,true,1,
8005110170300,false,עגבניות מרוסקות חתוכות מוטי MUTTI שלישיה *400,רסטרטו יבוא ושיווק בעמ*אין החז,,POLPA עגבניות חתוכות,גרמים,400.00,100 גרם,false,1,16.90,4.23,true,1,
8005110191015,false,רסק עגבניות ובזיליקום MUTTI{ירוק } 700 גרם,רסטרטו יבוא ושיווק בעמ,,רסק עגבניות ובזיליקו,גרמים,500.00,100 גרם,false,1,12.90,2.58,true,1,
8005110550508,false,עגבניות שרי MUTTI 400 גרם,רסטרטו יבוא ושיווק בעמ,,עגבניות שרי 400 גרם,מיליליטרים,400.00,"100 מ""ל",false,1,9.40,2.35,true,1,
8005110551253,false,רוטב לפיצה להכנת פיצה איטלקית קלאסית,רסטרטו יבוא ושיווק בעמ*אין החז,,רוטב פיצה 400 גרם,גרמים,400.00,100 גרם,false,1,9.40,2.35,true,1,
8005200256587,false,נסטי - תה קר בטעם אפרסק 1.5 ליטר,מפעל סאנפלגרינו S.P.A,IL,נסטי בטעם אפרסק 1.5,ליטרים,0.00,ליטר,false,1,8.50,8.50,true,1,
8005200286584,false,תה קר נסטי מנגו אננס 1.5 ליטר פיקדון,מפעל סאנפלגרינו S.P.A,IL,נסטי בטעם מנגו אננס,ליטרים,0.00,ליטר,false,1,8.50,8.50,true,1,
8005390002667,false,יין פרוסקו ברוט 750 מל,,,יין פרוסקו ברוט 750,Unknown,0.00,Unknown,false,1,57.90,57.90,true,1,
8005390036020,false,סרטורי סואבה קלאסיקו וינייטי סלה,,,סרטורי סואבה קלאסיקו,Unknown,0.00,Unknown,false,1,51.90,51.90,true,1,
8005390046579,false,"סרטורי, פינו גריגיו רוזה, לאב סטורי 750מ",,,סרטורי פינו גריגיו,Unknown,0.00,Unknown,false,1,51.90,51.90,true,1,
8005390083437,false,יין וילה מורה סואבה 750 מל,,,יין וילה מורה סואבה,Unknown,0.00,Unknown,false,1,37.90,37.90,true,1,
8005390095317,false,יין סרטורי קוסטוזה 750 מל,,,יין סרטורי קוסטוזה 7,Unknown,0.00,Unknown,false,1,51.90,51.90,true,1,
8005390095348,false,יין מונטאלבאנו סוביניון בלאן פריולי 750,,,מונטאלבאנו סוביניון,Unknown,0.00,Unknown,false,1,58.90,58.90,true,1,
8005390936153,false,"סרטורי פינו גריגיו ארכולה 750 מ""ל",,,סרטורי פינו גריגיו,Unknown,0.00,Unknown,false,1,51.90,51.90,true,1,
8005709201064,false,דפי לזניה גרנד ארמנדו 500 גרם,,,דפי לזניה גרנד ארמנד,גרמים,500.00,100 גרם,false,1,13.90,2.78,true,1,
8005709201279,false,פסטה פפרדלה גרנד ארמנדו 500 גרם,,,פסטה פפרדלה גרנד ארמ,גרמים,500.00,100 גרם,false,1,12.90,2.58,true,1,
8005709204041,false,ספגטו גרנד ארמנדו 500 גרם,,,ספגטו גרנד ארמנדו 50,Unknown,0.00,Unknown,false,1,9.90,9.90,true,1,
<<<<<<< HEAD
=======
8005803010371,false,"גריסיני רוזמרין - מקלות אפויים עם שמן זית, מלח ורוזמרין",ליימן שליסל בע`מ,,גריסיני רוזמרין 125,גרמים,125.00,100 גרם,false,1,9.40,7.52,true,1,
>>>>>>> d048ac2f4f281c9d788043ab4e81b61b0dbe3743
8005829120474,false,"ליקר בוטגה נרו 500 מ""ל",,,ליקר בוטגה נרו 500 מ,מיליליטרים,500.00,"100 מ""ל",false,1,83.90,16.78,true,1,
8005829230388,false,בוטגה ספומנטה רוזה גולד 750 מל,,,בוטגה-ספומנטה רוזה ג,Unknown,0.00,Unknown,false,1,125.20,125.20,true,1,
8005829979621,false,"ליקר בוטגה - קרם קרמל 500 מ""ל",,,ליקר בוטגה - קרם קרמ,מיליליטרים,500.00,"100 מ""ל",false,1,83.90,16.78,true,1,
8006540091937,false,לנור כדוריות הבושם בניחוח אריאל 210 גרם,פטר קרמר עבור פרוקטור אנ,GB,כדוריות הבושם לנור נ,גרמים,210.00,100 גרם,false,1,32.90,15.67,true,1,
<<<<<<< HEAD
8006540112854,false,"מרכך כביסה מרוכז בניחוח סחלב לנור 900 מ""ל",פרוקטר אנד גמבל,,מרכך כביסה לנור מרוכ,מיליליטרים,900.00,"100 מ""ל",false,1,18.80,2.09,true,1,
8006540163986,false,קפסולות לכביסה אריאל 35 יח,פרוקטר אנד גמבל,,קפסולות לכביסה אריאל,יחידה,1.00,יחידה,false,1,41.90,41.90,true,1,
8006540358498,false,טמפקס פרל סופר-פלוס 18 יחידות חדש,פרוקטר אנד גמבל,,טמפקס פרל סופר 18 יח,Unknown,0.00,Unknown,false,1,24.90,24.90,true,1,
8006540425930,false,אריאל קפסולות לכביסה ג'ל 24 יח' לכתמים קשים,פרוקטר אנד גמבל,,קפסולות לכביסה אריאל,Unknown,0.00,Unknown,false,1,34.90,34.90,true,1,
8006540429327,false,פיירי מקס פאוור לימון עם מנגנון למניעת נזילות,פרוקטר אנד גמבל,,פיירי סבון כלים לימו,יחידה,1.00,יחידה,false,1,10.90,10.90,true,1,
8006540491539,false,"נוזל כלים פיירי פלטינום אוריגינל 780 מ""ל",פרוקטר אנד גמבל,GB,נוזל כלים פיירי פלטי,מיליליטרים,780.00,"100 מ""ל",false,1,12.90,1.65,true,1,
8006540495186,false,לנור מרכך כביסה מרוכז רגיש בייבי 900 מל,פרוקטר אנד גמבל,,מרכך כביסה לנור מרוכ,מיליליטרים,900.00,"100 מ""ל",false,1,18.80,2.09,true,1,
8006540495216,false,"לנור מרכך כביסה מרוכז בניחוח אמאטיסט 900 מ""ל",פרוקטר אנד גמבל,,מרכך כביסה לנור בניח,מיליליטרים,897.00,"100 מ""ל",false,1,18.80,2.10,true,1,
8006540495247,false,"לנור מרכך כביסה מרוכז בניחוח פרחי בר 900 מ""ל",פרוקטר אנד גמבל,,מרכך כביסה לנור בניח,מיליליטרים,897.00,"100 מ""ל",false,1,18.80,2.10,true,1,
=======
8006540112854,false,"מרכך כביסה מרוכז בניחוח סחלב לנור 900 מ""ל",דיפלומט מפיצים (1986) בע`מ,,מרכך כביסה לנור מרוכ,מיליליטרים,900.00,"100 מ""ל",false,1,18.80,2.09,true,1,
8006540163986,false,אריאל קפסולות לכביסה 35 יח`,דיפלומט מפיצים (1968) בעמ,,קפסולות לכביסה אריאל,יחידה,1.00,יחידה,false,1,41.90,41.90,true,1,
8006540358498,false,טמפקס פרל סופר-פלוס 18 יחידות חדש,דיפלומט מפיצים (1968) בעמ,,טמפקס פרל סופר 18 יח,Unknown,0.00,Unknown,false,1,24.90,24.90,true,1,
8006540425930,false,אריאל קפסולות לכביסה ג'ל 24 יח' לכתמים קשים,דיפלומט מפיצים (1986) בע`מ,,קפסולות לכביסה אריאל,Unknown,0.00,Unknown,false,1,34.90,34.90,true,1,
8006540429327,false,פיירי מקס פאוור לימון עם מנגנון למניעת נזילות,דיפלומט מפיצים (1968) בעמ,,פיירי סבון כלים לימו,יחידה,1.00,יחידה,false,1,10.90,10.90,true,1,
8006540491539,false,"נוזל כלים פיירי פלטינום אוריגינל 780 מ""ל",דיפלומט מפיצים (1986) בע`מ,GB,נוזל כלים פיירי פלטי,מיליליטרים,780.00,"100 מ""ל",false,1,12.90,1.65,true,1,
8006540495186,false,לנור מרכך כביסה מרוכז רגיש בייבי 900 מל,דיפלומט מפיצים (1986) בע`מ,,מרכך כביסה לנור מרוכ,מיליליטרים,900.00,"100 מ""ל",false,1,18.80,2.09,true,1,
8006540495216,false,"לנור מרכך כביסה מרוכז בניחוח אמאטיסט 900 מ""ל",דיפלומט מפיצים (1986) בע`מ,,מרכך כביסה לנור בניח,מיליליטרים,897.00,"100 מ""ל",false,1,18.80,2.10,true,1,
8006540495247,false,"לנור מרכך כביסה מרוכז בניחוח פרחי בר 900 מ""ל",דיפלומט מפיצים (1968) בעמ,,מרכך כביסה לנור בניח,מיליליטרים,897.00,"100 מ""ל",false,1,18.80,2.10,true,1,
>>>>>>> d048ac2f4f281c9d788043ab4e81b61b0dbe3743
8006663001042,false,גראנה פאדנה 200 ג' VIRGILIO,,IT,גרנה פדנו איטלקי,גרמים,200.00,100 גרם,false,1,27.50,13.75,true,1,
8006663001073,false,פרמזנו רגאנו איטלקי 200 גרם,,IT,פרמזנו רגאנו איטלקי,גרמים,200.00,100 גרם,false,1,33.50,16.75,true,1,
8007150900763,false,"שמן חמניות אורגני בכבישה קרה 750 מ""ל",,,שמן חמניות אורגני בכ,מיליליטרים,750.00,"100 מ""ל",false,1,33.90,4.52,true,1,
8007150901623,false,שמן זרעי ענבים 1 ליטר 1/2 ליטר במארז כשר,,,שמן זרעי ענבים 1 ליט,ליטרים,0.00,ליטר,false,1,57.50,57.50,true,1,
<<<<<<< HEAD
8007150907175,false,שמן אורז אוליטליה 1ל,אולאיטליה,,שמן אורז 1 ליטר,ליטרים,0.00,ליטר,false,1,39.90,39.90,true,1,
8007178120310,false,חומץ בלסמי ד'מודנה Giacobazzi,פטורייה ג'יאקובאזי ס,,חומץ בלסמי גקובזי 50,מיליליטרים,500.00,"100 מ""ל",false,1,21.90,4.38,true,1,
=======
8007178120310,false,"חומץ בלסמי 500 מ""ל (דיפלומט)",דיפלומט מפיצים (1968) בעמ**,,חומץ בלסמי גקובזי 50,מיליליטרים,500.00,"100 מ""ל",false,1,21.90,4.38,true,1,
>>>>>>> d048ac2f4f281c9d788043ab4e81b61b0dbe3743
8007270501017,false,"שמן זית קוסטה דאורו 750 מ""ל",,IT,שמן זית קוסטה דאורו,מיליליטרים,750.00,"100 מ""ל",false,1,46.90,6.25,true,1,
8007270999012,false,שמן גרעיני ענבים קוסטה דורו 1 ליטר,קוסטה דיאורו,,שמן גרעיני ענבים 1 ל,מיליליטרים,1000.00,"100 מ""ל",false,1,41.90,4.19,true,1,
8007537005203,false,טורטיליה ציפס עגול 450 גר,FOX,,טורטיליה ציפס עגול,גרמים,450.00,100 גרם,false,1,26.50,5.89,true,1,
8008440249425,false,בירה אסהי יבשה מאד 330 מל בקבוק,פרונרי,,בירה אסהי 330 מל בק,מיליליטרים,330.00,"100 מ""ל",false,1,11.90,3.61,true,1,
8008440522016,false,"שישיית בירה פרוני 6*330 מ""ל",פרונרי,,שישיית בירה פרוני 6*,מיליליטרים,1980.00,"100 מ""ל",false,1,38.90,1.96,true,1,
8008495002402,false,יין מרסלה פיין 700 מל,,,יין מרסלה פיין 700 מ,Unknown,0.00,Unknown,false,1,46.90,46.90,true,1,
<<<<<<< HEAD
8008660210014,false,מעדן משמש מנז אנד גאסר ויסוצקי 300 גרם,קריניציה ויטמינה אס,,מעדן ריבה מנץ אנד גא,גרמים,300.00,100 גרם,false,1,18.80,6.27,true,1,
8008660210045,false,מעדן פירות יער מנז אנד גאסר ויסוצקי 300 גרם,שוורצקוף& הנקל דיסלד,,מעדן ריבה מנץ אנד גא,גרמים,300.00,100 גרם,false,1,18.80,6.27,true,1,
8008660210052,false,מעדן פרי תפוז מנז אנד גאסר ויסוצקי 320 גרם,מנז אנד גאסר Menz&Gasser,,מעדן ריבה מנץ אנד גא,גרמים,320.00,100 גרם,false,1,18.80,5.88,true,1,
8008698010259,false,ג'בטה ללא גלוטן 4*50גרם שר,,,"SCHAR גבטה לל""ג 200",גרמים,200.00,100 גרם,false,1,22.90,11.45,true,1,
8008698013021,false,עוגיות ללא גלוטן עם שבבי שוקולד מריר,דר שר פוסטל,,עוגיות שוק. ציפס ללא,גרמים,100.00,100 גרם,false,1,12.90,12.90,true,1,
8008698024140,false,לחם ללא גלוטן פאן מולטי גראנו 250 גר,schar,DE,לחם ללא גלוטן פאן מו,גרמים,250.00,100 גרם,false,1,19.80,7.92,true,1,
=======
8008660210014,false,מעדן משמש מנז אנד גאסר ויסוצקי 300 גרם,תה ויסוצקי (ישראל) בעמ,,מעדן ריבה מנץ אנד גא,גרמים,300.00,100 גרם,false,1,18.80,6.27,true,1,
8008660210038,false,מעדן ריבה מנץ אנד גאססר תות שדה 300 גר,תה ויסוצקי (ישראל) בעמ,,מעדן ריבה מנץ אנד גא,גרמים,300.00,100 גרם,false,1,18.80,6.27,true,1,
8008660210045,false,מעדן פירות יער מנז אנד גאסר ויסוצקי 300 גרם,תה ויסוצקי (ישראל) בעמ,,מעדן ריבה מנץ אנד גא,גרמים,300.00,100 גרם,false,1,18.80,6.27,true,1,
8008660210052,false,מעדן פרי תפוז מנז אנד גאסר ויסוצקי 320 גרם,תה ויסוצקי (ישראל) בעמ,,מעדן ריבה מנץ אנד גא,גרמים,320.00,100 גרם,false,1,18.80,5.88,true,1,
8008698002025,false,בסיס לפיצה ללא גלוטן (150X2) גרם שר,"ד""ר שר ס.ר.ל",,בסיס לפיצה ללא גלוטן,גרמים,300.00,100 גרם,false,1,38.90,12.97,true,1,
8008698010259,false,ג'בטה ללא גלוטן 4*50גרם שר,,,"SCHAR גבטה לל""ג 200",גרמים,200.00,100 גרם,false,1,22.90,11.45,true,1,
8008698013021,false,עוגיות שוקולד צ`יפס פריכות ללא גלוטן 1,דר שר פוסטל,,עוגיות שוק. ציפס ללא,גרמים,100.00,100 גרם,false,1,12.90,12.90,true,1,
>>>>>>> d048ac2f4f281c9d788043ab4e81b61b0dbe3743
8008698032084,false,עוגיות מיני וחברים ללא גלוטן 125גרם שר - MINI FRIENDS,,,SCHAR עוגיות מיני חב,גרמים,125.00,100 גרם,false,1,12.90,10.32,true,1,
8008825005363,false,עגבניות מרוסקות 3*400 גר Rodolfi,,,עגבניות מרוסקות 3*4,קילוגרמים,0.00,"ק""ג",false,1,17.70,17.70,true,1,
8008825012538,false,מחית עגבניות 690 גרם Rodolfi,,,מחית עגבניות 690 גרם,גרמים,690.00,100 גרם,false,1,11.90,1.72,true,1,
8008825012545,false,מחית עגבניות/זרעים 690 גרם Rodolfi,,,מחית עגבניות/זרעים 6,גרמים,690.00,100 גרם,false,1,12.00,1.74,true,1,
8008920590061,false,למברוסקו ספומנטה רוזה 750 מל CORONA,,,למברוסקו ספומנטה אדו,Unknown,0.00,Unknown,false,1,30.90,30.90,true,1,
8008920590078,false,למברוסקו ספומנטה לבן 750 מל CORONA,,,למברוסקו ספומנטה לבן,Unknown,0.00,Unknown,false,1,30.90,30.90,true,1,
8008920590085,false,למברוסקו ספומנטה אדום 750 מל CORONA,,,למברוסקו ספומנטה רוז,Unknown,0.00,Unknown,false,1,30.90,30.90,true,1,
8008990000514,false,tonkitaTK051 מברשת ויעה,טונקיטה,,מברשת ויעה,Unknown,0.00,Unknown,false,1,13.90,13.90,true,1,
8008990005519,false,זוג ברזליות לניקוי סירים,,,זוג ברזליות לניקוי ס,Unknown,0.00,Unknown,false,1,8.50,8.50,true,1,
<<<<<<< HEAD
8008990008923,false,דלי אובלי טונקיטה 13 ליטר,טונקיטה,,דלי אובלי טונקיטה 13,Unknown,0.00,Unknown,false,1,22.90,22.90,true,1,
=======
8008990008923,false,דלי אובלי טונקיטה 13 ליטר,א.מ. דיוויסלי בעמ,,דלי אובלי טונקיטה 13,Unknown,0.00,Unknown,false,1,22.90,22.90,true,1,
>>>>>>> d048ac2f4f281c9d788043ab4e81b61b0dbe3743
8008990012715,false,שלושה ספוגי קירצוף ירוקים,,,שלושה ספוגי קירצוף י,Unknown,0.00,Unknown,false,1,6.50,6.50,true,1,
8008990012760,false,שלושה ספוגי ניקוי צבעוניים,,,שלושה ספוגי ניקוי צב,Unknown,0.00,Unknown,false,1,7.90,7.90,true,1,
8008990061508,false,tonkitaTK615 מטאטא פנימי rapida+מקל,טונקיטה,,מטאמא פנימי רפידה,Unknown,0.00,Unknown,false,1,32.50,32.50,true,1,
8009470009072,false,סימבה שימורי חתולים בטעם עוף 415ג',אמ.או.אן.ג'י.אי.אמונ,,סימבה לחתול עוף 415,גרמים,400.00,100 גרם,false,1,4.00,1.00,true,1,
<<<<<<< HEAD
8009470009089,false,סימבה לחתול ארנב 415 גר,,,סימבה לחתול ארנב 415,גרמים,400.00,100 גרם,false,1,4.00,1.00,true,1,
8009915001340,false,פסטה אליקה ללא גלוטן 250 גרם,לה וואניציאני La Venezian,,פסטה אליקה ללא גלוטן,גרמים,250.00,100 גרם,false,1,14.90,5.96,true,1,
8009915008912,false,מיני גריסיני ללא גלוטן עם זרעי צ'יה ושומשום 250,מולינו דה פירו,,מיני גריסיני ל.גלוטן,גרמים,250.00,100 גרם,false,1,17.90,7.16,true,1,
8013399145278,false,דיאטורל סוכריות סטיביה ליקוריץ רך 70 גרם,קלואטה איטליה,,סוכריות סטיביה,Unknown,0.00,Unknown,false,1,12.60,12.60,true,1,
8014601026354,false,"קמח ""00"" איטלקי לפיצה שף אדום 1 ק""ג",אנטימו קפוטו אס.אר.אל,,"קמח ""00"" איטלקי לפיצ",גרמים,1000.00,100 גרם,false,1,15.60,1.56,true,1,
8014601028747,false,קמח 00 איטלקי כחול 1 קג CAPUTO,אנטימו קפוטו אס.אר.אל,,"קמח ""00"" איטלקי כחול",גרמים,1000.00,100 גרם,false,1,12.50,1.25,true,1,
=======
8009470009089,false,סימבה לחתול ארנב 415 גר,שחורי אריה ואנסטסיה,,סימבה לחתול ארנב 415,גרמים,400.00,100 גרם,false,1,4.00,1.00,true,1,
8009470009539,false,חתול סימבה 415ג שימורים,אמ.או.אן.ג'י.אי.אמונ,,סימבה לחתול צייד 415,גרמים,400.00,100 גרם,false,1,4.00,1.00,true,1,
8009915001340,false,פסטה אליקה ללא גלוטן 250 גרם,לה וואניציאני La Venezian,,פסטה אליקה ללא גלוטן,גרמים,250.00,100 גרם,false,1,14.90,5.96,true,1,
8009915008912,false,מיני גריסיני ללא גלוטן עם זרעי צ'יה ושומשום 250,מולינו דה פירו,,מיני גריסיני ל.גלוטן,גרמים,250.00,100 גרם,false,1,17.90,7.16,true,1,
8010024006010,false,חמאת שקדים 100% השקד נטורפוד 350 גרם,תות תעשיות מזון (201,,חמאת שקדים 100% 350,גרמים,350.00,100 גרם,false,1,39.90,11.40,true,1,
8013399145278,false,דיאטורל סוכריות סטיביה ליקוריץ רך 70 גרם,גורי מוצרי צריכה בעמ,,סוכריות סטיביה,Unknown,0.00,Unknown,false,1,12.60,12.60,true,1,
8014601026354,false,"קמח ""00"" איטלקי לפיצה שף אדום 1 ק""ג",דיפלומט מפיצים (1968) בעמ**,,"קמח ""00"" איטלקי לפיצ",גרמים,1000.00,100 גרם,false,1,15.60,1.56,true,1,
8014601028747,false,קמח 00 איטלקי כחול 1 קג CAPUTO,דיפלומט מפיצים (1968) בעמ**,,"קמח ""00"" איטלקי כחול",גרמים,1000.00,100 גרם,false,1,12.50,1.25,true,1,
>>>>>>> d048ac2f4f281c9d788043ab4e81b61b0dbe3743
8016744801942,false,צבע לשיער טבעי C7,,,צבע לשיער טבעי C7,Unknown,0.00,Unknown,false,1,59.90,59.90,true,1,
8016744802062,false,7Dצבע לשיער הרבטינט150מל,אשר שיווק,,צבע לשיער טבעי D7,Unknown,0.00,Unknown,false,1,59.90,59.90,true,1,
8016744802123,false,צבע לשיער טבעי N8,,,צבע לשיער טבעי N8,Unknown,0.00,Unknown,false,1,59.90,59.90,true,1,
8016744802130,false,צבע לשיער טבעי N7,,,צבע לשיער טבעי N7,Unknown,0.00,Unknown,false,1,59.90,59.90,true,1,
8016744802147,false,6N צבע לשיער הרבטינט 150,אשר שיווק,,צבע לשיער טבעי N 6,Unknown,0.00,Unknown,false,1,59.90,59.90,true,1,
8016867009935,false,תחבושות דקות 03 לזרימה מוגברת אורגניק,corman,,תחבושות דקות 03 לזרי,Unknown,0.00,Unknown,false,1,29.90,29.90,true,1,
8016867009942,false,תחבושות דקות 02 לזרימה רגילה אורגניק,corman,,תחבושות דקות 02 לזרי,Unknown,0.00,Unknown,false,1,29.90,29.90,true,1,
8016867009959,false,מגן תחתון באריזה אישית אורגניק,CORMAN,,מגן תחתון באריזה איש,Unknown,0.00,Unknown,false,1,25.90,25.90,true,1,
8017070766554,false,קרקר סקיני קלאסי 150 גרם,,,קרקרים קלאסיים 150 ג,גרמים,150.00,100 גרם,false,1,10.90,7.27,true,1,
8017300114452,false,"ליקר לימונצלו פיימה 700 מ""ל",,,ליקר לימונצלו פיימה,מיליליטרים,700.00,"100 מ""ל",false,1,93.90,13.41,true,1,
8017746286539,false,"יין קיאנטי פוגיו סו וינצי 750 מ""ל",פוגיו אל טאזורו,,יין קיאנטי פוגיו סו,Unknown,0.00,Unknown,false,1,51.90,51.90,true,1,
8017938005184,false,"חומץ תפוחים אורגני 750 מ""ל",,,חומץ תפוחים אורגני 7,מיליליטרים,750.00,"100 מ""ל",false,1,17.90,2.39,true,1,
<<<<<<< HEAD
8017938005764,false,מיץ תפוחים אורגני 100% 1 ליטר נטורפוד,לוצ'ה מריה,,מיץ תפוחים אורגני 10,מיליליטרים,1000.00,"100 מ""ל",false,1,18.60,1.86,true,1,
=======
8017938005764,false,מיץ תפוחים אורגני 100% 1 ליטר נטורפוד,נטורפוד בעמ,,מיץ תפוחים אורגני 10,מיליליטרים,1000.00,"100 מ""ל",false,1,18.60,1.86,true,1,
>>>>>>> d048ac2f4f281c9d788043ab4e81b61b0dbe3743
8018102000110,false,ריזוטו ארבוריו סופרפינו 500 גרם,,,ריזוטו ארבוריו סופרפ,גרמים,500.00,100 גרם,false,1,18.90,3.78,true,1,
8019428000099,false,משקה אורז אורגני בתוספת שקדים 1 ליטר,the bridge,,משקה אורז אורגני בתו,מיליליטרים,1000.00,"100 מ""ל",false,1,14.60,1.46,true,1,
8019428000105,false,משקה שיבולת שועל אורגני 1 ליטר,the bridge,,משקה שיבולת שועל אור,מיליליטרים,1000.00,"100 מ""ל",false,1,13.90,1.39,true,1,
8019428005018,false,"שמנת אורגנית לבישול על בסיס אורז 240 מ""ל",,,שמנת אורגנית לבישול,מיליליטרים,240.00,"100 מ""ל",false,1,10.90,4.54,true,1,
8019428007005,false,משקה סויה אורגני 1 ליטר,the bridge,,משקה סויה אורגני 1 ל,מיליליטרים,1000.00,"100 מ""ל",false,1,11.40,1.14,true,1,
8019428007296,false,משקה שיבולת שועל אורגני ללא גלוטן 1 ליטר,,,משקה שיבולת שועל אור,ליטרים,0.00,ליטר,false,1,12.90,12.90,true,1,
8021274070010,false,קמח לבן פיצה נפוליטנה 1 קג STAGIONI 5,,,קמח לבן פיצה נפוליטנ,גרמים,1000.00,100 גרם,false,1,14.90,1.49,true,1,
8022470213393,false,דרגיה שקד מריר 500 גר PRISCO MAX,ITALIANA CONFETTI-PR,,דרגיה שקד מריר 500 ג,קילוגרמים,0.50,"ק""ג",false,1,39.90,79.80,true,1,
8022734000103,false,"חומץ בלסמי ממודנה 250 מ""ל ORO",,,חומץ בלסמי ממודנה 25,מיליליטרים,250.00,"100 מ""ל",false,1,102.90,41.16,true,1,
8023678161363,false,משקה שיבולת שועל טבעי אורגני 1ליטר ISOLA,איזולה ביו Isola Bio,,משקה שבולת שועל אורג,מיליליטרים,1000.00,"100 מ""ל",false,1,11.90,1.19,true,1,
8023678164517,false,משקה שקדים ללא סוכר טבעי אורגני 1ליטר ISOLA,איזולה ביו Isola Bio,,משקה שקדים אורגני לל,ליטרים,0.00,ליטר,false,1,16.70,16.70,true,1,
8024985000086,false,נטורה נובה מחית תפוח בננה אורגנית 100% פרי 200 גרם,"נטורפוד בע""מ",,מחית תפוח בננה 100%,גרמים,200.00,100 גרם,false,1,9.90,4.95,true,1,
<<<<<<< HEAD
8024985002783,false,סמוזי נטורה נובה גזר ודלעת 100 גרם,נטורה נובה,,סמוזי נטורה נובה גזר,גרמים,100.00,100 גרם,false,1,5.00,5.00,true,1,
8024985002912,false,סמוזי אגס בטטה 100 גר נטורה נובה,נטורה נובה,IT,סמוזי אגס בטטה 100 ג,גרמים,100.00,100 גרם,false,1,5.00,5.00,true,1,
8024985002943,false,סמוזי נטורה נובה תפוח אננס קוקוס 100 גרם,נטורה נובה,,סמוזי נטורה נובה תפו,גרמים,100.00,100 גרם,false,1,5.00,5.00,true,1,
8024985002950,false,נטורה נובה-סמוזי שזיף אורגני 100 גרם,נטורה נובה,IT,סמוזי שזיף אורגני 10,גרמים,100.00,100 גרם,false,1,5.00,5.00,true,1,
8024985002967,false,סמוזי נטורה נובה בננה תרד 100 גרם,נטורה נובה,,סמוזי נטורה נובה בננ,גרמים,100.00,100 גרם,false,1,5.00,5.00,true,1,
=======
8024985002783,false,מחית פירות סמוצ`י תפוח גזר דלעת ללא תוספ,נטורפוד בעמ,,סמוזי נטורה נובה גזר,גרמים,100.00,100 גרם,false,1,5.00,5.00,true,1,
8024985002912,false,מחית סמוצ`י תפוח אגס בטטה אורגנית נטורה,נטורפוד בעמ,IT,סמוזי אגס בטטה 100 ג,גרמים,100.00,100 גרם,false,1,5.00,5.00,true,1,
8024985002943,false,מחית סמוצ`י תפוח אננס קוקוס אורגנית נטור,נטורפוד בעמ,,סמוזי נטורה נובה תפו,גרמים,100.00,100 גרם,false,1,5.00,5.00,true,1,
8024985002950,false,מחית פירות סמוצ`י שזיף אורגנית נטורה נוב,נטורפוד בעמ,IT,סמוזי שזיף אורגני 10,גרמים,100.00,100 גרם,false,1,5.00,5.00,true,1,
8024985002967,false,מחית סמוצ`י בננה תרד נטורה נובה 100 גרם,נטורפוד בעמ,,סמוזי נטורה נובה בננ,גרמים,100.00,100 גרם,false,1,5.00,5.00,true,1,
>>>>>>> d048ac2f4f281c9d788043ab4e81b61b0dbe3743
8024985004282,false,סמוזי אגס רביעיה 400 גר נטורה נובה,נטורה נובה,,סמוזי אגס רביעיה 400,גרמים,400.00,100 גרם,false,1,22.90,5.73,true,1,
8024985004299,false,סמוזי מעורב תפוח/פירות רביעיה 400 גר,נטורפוד בעמ,,סמוזי מעורב תפוח/פיר,גרמים,400.00,100 גרם,false,1,22.90,5.73,true,1,
8024985004305,false,נטורה נובה סמוזי תפוח רביעייה 100 גרם,נטורה נובה,,סמוזי תפוח רביעיה 40,גרמים,400.00,100 גרם,false,1,22.90,5.73,true,1,
8024985004695,false,נטורה נובה סמוזי בננה רביעייה 100 גרם,נטורה נובה,,סמוזי בננה רביעיה 40,גרמים,400.00,100 גרם,false,1,22.90,5.73,true,1,
<<<<<<< HEAD
8024985005234,false,סמוזי נטורה נובה סמוצי תפוח מנגו 100 גרם,נטורה נובה,,מחית נטורה נובה סמוצ,גרמים,100.00,100 גרם,false,1,5.00,5.00,true,1,
8024985005296,false,סמוזי אגס בננה תפוח וקינואה אורגני,נטורה נובה,,סמוזי אגס בננה תפוח,גרמים,120.00,100 גרם,false,1,7.50,6.25,true,1,
8024985005302,false,סמוזי תפוח רימון פטל אוכמנויות ואסאי אורגני,נטורה נובה,,סמוזי תפוח רימון פטל,גרמים,120.00,100 גרם,false,1,7.50,6.25,true,1,
8024985006309,false,נטורה נובה סמוזי מנגו רביעייה 100 גרם,נטורה נובה,IT,סמוזי מנגו רביעיה 40,גרמים,400.00,100 גרם,false,1,22.90,5.73,true,1,
8024985008037,false,סמוזי נטורה נובה סמוצי תפוח 100 גרם,"נטורפוד בע""מ",,מחית נטורה נובה סמוצ,גרמים,100.00,100 גרם,false,1,5.00,5.00,true,1,
8024985008044,false,נטורה משקה סמודי אגסים אורגני 100 גר,"נטורפוד בע""מ",,מחית נטורה נובה סמוצ,גרמים,100.00,100 גרם,false,1,5.00,5.00,true,1,
8024985008051,false,נטורה סמודי פירות אדומים אורגניים 100מל,"נטורפוד בע""מ",,מחית נטורה נובה סמוצ,גרמים,100.00,100 גרם,false,1,5.00,5.00,true,1,
8024985011204,false,נטורה נובה-סמוזי תפוח תות בננה 100 גרם,נטורה נובה,,סמוזי תפוח תות בננה,גרמים,100.00,100 גרם,false,1,5.00,5.00,true,1,
8030316001011,false,מונטאלבאנו פינו גריגיו 750 מל אורגני,,,מונטאלבאנו פינו,מיליליטרים,750.00,"100 מ""ל",false,1,65.90,8.79,true,1,
8032793342458,false,עגבניות מרוסקות דק ומסוננות בבקבוק 700 ג',קונסוריזיו קאסאלסקו דל פ,,עגבניות מרוסקות דק ו,גרמים,700.00,100 גרם,false,1,13.50,1.93,true,1,
8032793344292,false,עגבניות חתוכות דק בבקבוק 700ג,קונסוריזיו קאסאלסקו דל פ,,עגבניות חתוכות דק בב,גרמים,700.00,100 גרם,false,1,13.50,1.93,true,1,
8032793344520,false,תרכיז עגבניות רסק עגבניות מרוכז מאוד,קונסוריזיו דל פרומוד,,תרכיז עגבניות מרוכז,גרמים,200.00,100 גרם,false,1,7.90,3.95,true,1,
=======
8024985005234,false,מחית פירות סמוצ`י תפוח עץ ומנגו אורגנית,נטורפוד בעמ,,מחית נטורה נובה סמוצ,גרמים,100.00,100 גרם,false,1,5.00,5.00,true,1,
8024985005296,false,סמוזי אגס בננה תפוח וקינואה אורגני,נטורפוד בעמ,,סמוזי אגס בננה תפוח,גרמים,120.00,100 גרם,false,1,7.50,6.25,true,1,
8024985005302,false,סמוזי תפוח רימון פטל אוכמנויות ואסאי אורגני,נטורפוד בעמ,,סמוזי תפוח רימון פטל,גרמים,120.00,100 גרם,false,1,7.50,6.25,true,1,
8024985006309,false,נטורה נובה סמוזי מנגו רביעייה 100 גרם,נטורפוד בעמ,IT,סמוזי מנגו רביעיה 40,גרמים,400.00,100 גרם,false,1,22.90,5.73,true,1,
8024985008037,false,מחית פירות סמוצ`י תפוח אורגנית ללא תוספת,"נטורפוד בע""מ",,מחית נטורה נובה סמוצ,גרמים,100.00,100 גרם,false,1,5.00,5.00,true,1,
8024985008044,false,מחית פירות סמוצ`י אגס אורגנית ללתס נטור,"נטורפוד בע""מ",,מחית נטורה נובה סמוצ,גרמים,100.00,100 גרם,false,1,5.00,5.00,true,1,
8024985008051,false,מחית פירות סמוצ`י פירות אדומים אורגנית ל,"נטורפוד בע""מ",,מחית נטורה נובה סמוצ,גרמים,100.00,100 גרם,false,1,5.00,5.00,true,1,
8024985011204,false,נטורה נובה-סמוזי תפוח תות בננה 100 גרם,נטורה נובה,,סמוזי תפוח תות בננה,גרמים,100.00,100 גרם,false,1,5.00,5.00,true,1,
8030316001011,false,מונטאלבאנו פינו גריגיו 750 מל אורגני,,,מונטאלבאנו פינו,מיליליטרים,750.00,"100 מ""ל",false,1,65.90,8.79,true,1,
8032793342458,false,עגבניות מרוסקות דק ומסוננות בבקבוק 700 ג',קונסוריזיו קאסאלסקו דל פ,,עגבניות מרוסקות דק ו,גרמים,700.00,100 גרם,false,1,13.50,1.93,true,1,
8032793344292,false,עגבניות מרוסקות דק בקבוק 700 גר` פולפה,קונסוריזיו קאסאלסקו דל פ,,עגבניות חתוכות דק בב,גרמים,700.00,100 גרם,false,1,13.50,1.93,true,1,
8032793344520,false,תרכיז עגבניות רסק עגבניות מרוכז מאוד,גורי מוצרי צריכה (1991) בעמ,,תרכיז עגבניות מרוכז,גרמים,200.00,100 גרם,false,1,7.90,3.95,true,1,
>>>>>>> d048ac2f4f281c9d788043ab4e81b61b0dbe3743
8032804430471,false,פליסיה קופסא - סדניני עדשים אדומות 250 גרם,אף.סי תבליני בגליל ב,,פליסיה פסטה סדניני ע,גרמים,250.00,100 גרם,false,1,15.60,6.24,true,1,
8032804430815,false,פליסיה - פוזילי שעועית מש אורגני 250 גרם,אנדריאני,,פליסיה פוזילי שעועית,גרמים,250.00,100 גרם,false,1,15.60,6.24,true,1,
8032804430914,false,"פנה שיבולת שועל לל""ג פליסיה 340 גרם",אף.סי תבליני בגליל ב,IT,"פנה שיבולת שועל לל""ג",גרמים,340.00,100 גרם,false,1,17.90,5.26,true,1,
8032804435636,false,פליסיה קופסא - פוזילי 4 דגנים אורגני 340 גרם,פליסיה Felicia Bio,,פוזילי 4 דגנים אורגנ,גרמים,340.00,100 גרם,false,1,13.90,4.09,true,1,
8032804435643,false,פליסיה קופסה-פוזילי אורז מלא אורגני 340 גרם,פליסיה Felicia Bio,,פוזילי אורז מלא אורג,גרמים,340.00,100 גרם,false,1,13.90,4.09,true,1,
8033020445980,false,"קמח לפסטה 1 pasta fresca ק""ג 00 PIVETTI",PIVETTI,IT,PIVETTI קמח לפסטה 00,גרמים,1000.00,100 גרם,false,1,13.50,1.35,true,1,
8033020445997,false,"קמח איטלקי ללחמים 1 ק""ג 0 PIVETTI",PIVETTI,IT,PIVETTI קמח איטלקי ל,גרמים,1000.00,100 גרם,false,1,11.40,1.14,true,1,
8033020446000,false,"קמח איטלקי לפיצה ופוקצה 1 ק""ג 00 PIVETTI",פיווטי Pivetti,IT,PIVETTI קמח איטלקי ל,גרמים,1000.00,100 גרם,false,1,10.40,1.04,true,1,
8034023209104,false,רבעי ארטישוק 280 גרם TERRE,,,רבעי ארטישוק 280 גרם,גרמים,280.00,100 גרם,false,1,18.70,6.68,true,1,
8034141060120,false,וורמוט רוסו 1 ל GRAN TORINO,,,וורמוט רוסו 1 ל GRAN,Unknown,0.00,Unknown,false,1,35.90,35.90,true,1,
8050705431106,false,עוגיות במילוי קרם בטעם שוקולד 300 גר,,,עוגיות במילוי קרם בט,גרמים,300.00,100 גרם,false,1,15.90,5.30,true,1,
8052440756216,false,שמן חמניות אורגני כבישה קרה 1 ליטר,תות תעשיות מזון (201,,שמן חמניות אורגני כב,מיליליטרים,1000.00,"100 מ""ל",false,1,35.50,3.55,true,1,
8076800195019,false,ברילה - צ.א ספגטי מס1 קפליני 500 גרם,ברילה גי.אי.אר פרטלי ס.פ,,ספגטי מס 1 קפליני 5,גרמים,500.00,100 גרם,false,1,6.90,1.38,true,1,
8076800195033,false,ברילה - צ.א ספגטיני מס3 חדש 500 גרם,ברילה גי.אי.אר פרטלי ס.פ,,ספגטי ברילה מס 3 ברי,גרמים,500.00,100 גרם,false,1,6.90,1.38,true,1,
8076800195057,false,ברילה - צ.א ספגטי מס5 חדש 500 גרם,ברילה גי.אי.אר פרטלי ס.פ,,ספגטי ברילה מס 5 ברי,גרמים,500.00,100 גרם,false,1,6.90,1.38,true,1,
8076800195132,false,ברילה - צ.א בבטה מס13 500 גרם,ברילה גי.אי.אר פרטלי ס.פ,,פסטה ברילה מס 13,גרמים,500.00,100 גרם,false,1,6.90,1.38,true,1,
8076800315097,false,פסטה מקרוני בוקטיני מספר 9 ברילה 500 גרם,ברילה גי.אי.אר פרטלי ס.פ,,ספגטי ברילה בוקטיני,גרמים,500.00,100 גרם,false,1,6.90,1.38,true,1,
8076802085738,false,ברילה צ.ק פנה רגטה מס' 73 500 גרם,ברילה גי.אי.אר פרטלי ס.פ,,פסטה ברילה פנה רגטה,גרמים,500.00,100 גרם,false,1,6.90,1.38,true,1,
8076802085837,false,ברילה - צ.ק טורטליוני מס83 500 גרם,הנסיך- מפעל לייצור ט,,פסטה ברילה טורטליוני,גרמים,500.00,100 גרם,false,1,6.90,1.38,true,1,
8076802085936,false,ברילה פסטה צ.ק. קונצילה ריגטה חדש,ברילה גי.אי.אר פרטלי ס.פ,,ברילה קונציליאה ריגא,גרמים,500.00,100 גרם,false,1,6.90,1.38,true,1,
8076802085981,false,ברילה - צ.ק פוזילי חדש 500 גרם,ברילה גי.אי.אר פרטלי ס.פ,,פסטה ברילה פוזילי מס,גרמים,500.00,100 גרם,false,1,6.90,1.38,true,1,
8076808050440,false,פסטה מקרוני מספר 44 ברילה 500 גרם,ש. שסטוביץ בע`מ,,פסטה ברילה מקרוני,גרמים,500.00,100 גרם,false,1,6.90,1.38,true,1,
8076808060654,false,פסטה פרפלה מספר 65 ברילה 500 גרם,ברילה גי.אי.אר פרטלי ס.פ,,ברילה פרפלה מס 65,גרמים,500.00,100 גרם,false,1,6.90,1.38,true,1,
<<<<<<< HEAD
8076808070882,false,קנלוני מספר 88 ברילה 250 גרם,פאסטיפיקו ריגו אס.אר,,פסטה למילוי קנלוני 2,גרמים,500.00,100 גרם,false,1,16.70,3.34,true,1,
=======
8076808070882,false,קנלוני מספר 88 ברילה (250 גרם),פאסטיפיקו ריגו אס.אר,,פסטה למילוי קנלוני 2,גרמים,500.00,100 גרם,false,1,16.70,3.34,true,1,
>>>>>>> d048ac2f4f281c9d788043ab4e81b61b0dbe3743
8076808150072,false,ברילה - צ.א ספגטוני מס7 חדש 500 גרם,ברילה גי.אי.אר פרטלי ס.פ,,ספגטי ברילה מס 7 ברי,גרמים,500.00,100 גרם,false,1,6.90,1.38,true,1,
8076809512268,false,פסטה גירנדולה טורסדס מספר 34 ברילה 500 גרם,ברילה גי.אי.אר פרטלי ס.פ,,ברילה גירנדולה מס 34,גרמים,500.00,100 גרם,false,1,6.90,1.38,true,1,
8076809513388,false,ברילה רוטב אראביאטה צילי לפסטה 400 ג,ברילה גי.אי.אר פרטלי ס.פ,,רוטב ארביאטה 400 גרם,גרמים,400.00,100 גרם,false,1,14.90,3.73,true,1,
8076809513395,false,ברילה פומודורו רוטב עגבניות קלאסי 400 גר,ברילה גי.אי.אר פרטלי ס.פ,,רוטב פומודורו 400 גר,גרמים,400.00,100 גרם,false,1,14.90,3.73,true,1,
8076809513654,false,בסיס רוטב עגבניות לבולונז ברילה 400 גרם,ברילה גי.אי.אר פרטלי ס.פ,,בסיס רוטב עגבניות לב,גרמים,400.00,100 גרם,false,1,14.90,3.73,true,1,
8076809513692,false,רוטב עגבניות נפולטנה בתוספת ירקות,ברילה גי.אי.אר פרטלי ס.פ,,רוטב נפוליטנה 400 גר,גרמים,400.00,100 גרם,false,1,14.90,3.73,true,1,
8076809513739,false,ברילה רוטב עגבניות עם בזיליקום 400 גרם,ברילה גי.אי.אר פרטלי ס.פ,,רוטב בזיליקום 400 גר,גרמים,400.00,100 גרם,false,1,14.90,3.73,true,1,
8076809514774,false,ברילה פפרדלה איטריות ביצים 250 גרם,ברילה גי.אי.אר פרטלי ס.פ,,פסטה עם ביצים פפרדלה,גרמים,250.00,100 גרם,false,1,17.90,7.16,true,1,
8076809523561,false,ברילה - רוטב פסטה בטעם טוסקנה 400 גרם,ברילה גי.אי.אר פרטלי ס.פ,,רוטב פסטה בטעם פיצה,גרמים,400.00,100 גרם,false,1,14.90,3.73,true,1,
8076809523714,false,איטריות טליאטלה ברילה 500 גרם,"ש. שסטוביץ בע""\מ",,ברילה איטריות 500 גר,גרמים,500.00,100 גרם,false,1,22.90,4.58,true,1,
8076809523738,false,דפי לזניה ברילה 500 גרם,ברילה גי.אי.אר פרטלי ס.פ,,ברילה לזניה 500 גרם,גרמים,500.00,100 גרם,false,1,16.90,3.38,true,1,
8076809529419,false,ספגטי מחיטה מלאה מס' 5 500 ג' ברילה,ברילה גי. אי. אר פרט,,ספגטי חיטה מלאה 500,גרמים,500.00,100 גרם,false,1,12.90,2.58,true,1,
<<<<<<< HEAD
8076809529433,false,פסטה פנה ריגטה חיטה מלאה ברילה 500 גרם,"ש. שסטוביץ בע""\מ",,פנטה רגטה חיטה מלאה,גרמים,500.00,100 גרם,false,1,12.90,2.58,true,1,
8076809545440,false,ספגטי 5 ברילה ללא גלוטן 400 גרם,ברילה ג'.אי.אר פרטלי,,ברילה ספגטי,גרמים,400.00,100 גרם,false,1,14.90,3.73,true,1,
=======
8076809529433,false,פסטה פנה ריגטה חיטה מלאה ברילה (500 גרם),"ש. שסטוביץ בע""\מ",,פנטה רגטה חיטה מלאה,גרמים,500.00,100 גרם,false,1,12.90,2.58,true,1,
8076809545440,false,ספגטי מספר 5 ללא גלוטן ברילה (400 גרם),ברילה ג'.אי.אר פרטלי,,ברילה ספגטי,גרמים,400.00,100 גרם,false,1,14.90,3.73,true,1,
8076809545457,false,ברילה אטריות ללא גלוטן 400 ג' צינורות 400 ג',ברילה ג'.אי.אר פרטלי,,ברילה פסטה ללא גלוטן,גרמים,400.00,100 גרם,false,1,14.90,3.73,true,1,
>>>>>>> d048ac2f4f281c9d788043ab4e81b61b0dbe3743
8076809545464,false,ברילה פסטה ללא גלוטן צורת ספירלי 400 גר,מולינו אנדריאני אס.א,,ברילה פסטה ללא גלוטן,גרמים,400.00,100 גרם,false,1,14.90,3.73,true,1,
8076809547956,false,פסטה ברילה קיפרי 500 גרם,ברילה ג'.אי.אר פרטלי,IT,ברילה קיפרי 500 גר,גרמים,500.00,100 גרם,false,1,6.90,1.38,true,1,
8121300208780,false,טרוביה תחליף סוכר לכל מטרה 360 גרם,גורי ע.ע.ע. בעמ,US,תחליף סוכר לכל מטרה,גרמים,360.00,100 גרם,false,1,34.90,9.69,true,1,
8121300209466,false,טרוביה-תחליף סוכר חום 320 גרם,גורי ע.ע.ע. בעמ,US,תחליף סוכר חום טרובי,גרמים,320.00,100 גרם,false,1,34.90,10.91,true,1,
8190010296547,false,כרוב חמוציות 500 גר,,,כרוב חמוציות 500 גר,גרמים,500.00,100 גרם,false,1,13.50,2.70,true,1,
8410001109978,false,ספוגי קרצוף ללכלוך קשה זוג,3m,ES,ספוגי קרצוף ללכלוך ק,Unknown,0.00,Unknown,false,1,12.90,12.90,true,1,
8410013006142,false,יין קודורניו קלאסיקו קאווה רוזה יבש 750,,,יין קודורניו קלאסיקו,Unknown,0.00,Unknown,false,1,46.90,46.90,true,1,
8410013381010,false,יין מבעבע קודורניו קלאסיקו ברוט 750 מל,,,יין מבעבע קודורניו ק,Unknown,0.00,Unknown,false,1,46.90,46.90,true,1,
8410013381089,false,יין קווה קודורניו קלסיקו יבש 200מל*3,,,יין קווה קודורניו קל,Unknown,0.00,Unknown,false,1,62.00,62.00,true,1,
8410013991042,false,יין קאווה באך יבש 750 מל,,,יין קאווה באך יבש 75,Unknown,0.00,Unknown,false,1,41.90,41.90,true,1,
8410013992094,false,יין קאווה באך חצי יבש 750 מל,,,יין קאווה באך חצי יב,Unknown,0.00,Unknown,false,1,41.90,41.90,true,1,
8410076600622,false,חטיפי גרנולה קראנצ'י עם שוקולד מריר נייצ'ר ואלי 210 גרם,ג'נרל מילס סאן אדריאן,,נייטשר וואלי שוקו צי,גרמים,175.00,100 גרם,false,1,19.90,11.37,true,1,
8410076610379,false,"חטיף בוטנים, חלבון סויה ושוקולד מריר עם ציפוי בטעם שוקולד",סריילטו ספיין פודס,,חטיף נייטשר ואלי פרו,גרמים,210.00,100 גרם,false,1,24.90,11.86,true,1,
8410076610386,false,נייטשר ואלי פרוטאין בוטנים עם ציפוי בטעם קרמל מלוח 160 ג',ג'\נרל מילס סאן אדריאן S,,חטיף נייטשר ואלי פרו,גרמים,210.00,100 גרם,false,1,24.90,11.86,true,1,
8410076610492,false,חטיף שיבולת שועל מלאה ובוטנים בציפוי עם חמאת בוטנים,יבואן ומשווק: ש. שסט,,חטיף צואי נייטשר ווא,גרמים,150.00,100 גרם,false,1,19.90,13.27,true,1,
<<<<<<< HEAD
8410076621009,false,עוגות אישיות בטעם קרמל עם חתיכות בטעם קרמל מלוח,"גלאטס סירו בע""\מ",,חטיף פייבר 1 בטעם קר,גרמים,120.00,100 גרם,false,1,17.70,14.75,true,1,
8410076621047,false,עוגות אישיות בטעם שוקולד עם חתיכות בטעם שוקולד,"גלאטס סירו בע""\מ",,חטיף פייבר 1 בטעם שו,גרמים,120.00,100 גרם,false,1,17.70,14.75,true,1,
8410104039134,false,"מנקה ומחדש מדיח כלים פיניש 250 מ""ל",הדקלאים אגודת שיתופי,,מנקה ומחדש פיניש 250,מיליליטרים,250.00,"100 מ""ל",false,1,14.90,5.96,true,1,
8410104045111,false,"פיניש מלח למדיח כלים 2ק""ג",רקיט בנקיזר,,פיניש מלח 2 קג,קילוגרמים,0.00,"ק""ג",false,1,14.90,14.90,true,1,
8410104437268,false,מפיג ריח רגיל למדיח פיניש 1 יחידה,רקיט בנקיזר,,פיניש סטופ לריח,Unknown,0.00,Unknown,false,1,22.50,22.50,true,1,
8410128768324,false,משקה סויה שקדים קרטונית1 ל' ויוה סוי,קלידאד פסקואל,ES,ויוה סוי שקדים קרטונ,מיליליטרים,1000.00,"100 מ""ל",false,1,12.90,1.29,true,1,
8410128783587,false,ויוה סוי שיבולת שועל בריסטה קרטונית,קלידאד פסקואל,ES,ויוה סוי שיבולת שועל,מיליליטרים,1000.00,"100 מ""ל",false,1,12.90,1.29,true,1,
=======
8410076610508,false,"חטיף שיבולת שועל מלאה עם בוטנים, שקדים ושוקולד מריר בציפוי בטעם שוקולד",נייצ'ר ואלי Nature Valley,,חטיף צואי נייטשר ווא,גרמים,150.00,100 גרם,false,1,19.90,13.27,true,1,
8410076621009,false,עוגות אישיות בטעם קרמל עם חתיכות בטעם קרמל מלוח,ליימן שליסל בע`מ,,חטיף פייבר 1 בטעם קר,גרמים,120.00,100 גרם,false,1,17.70,14.75,true,1,
8410076621047,false,עוגות אישיות בטעם שוקולד עם חתיכות בטעם שוקולד,ליימן שליסל בע`מ,,חטיף פייבר 1 בטעם שו,גרמים,120.00,100 גרם,false,1,17.70,14.75,true,1,
8410104039134,false,"מנקה ומחדש מדיח כלים פיניש 250 מ""ל",רקיט בנקיזר (ניר איסט) בעמ,,מנקה ומחדש פיניש 250,מיליליטרים,250.00,"100 מ""ל",false,1,14.90,5.96,true,1,
8410104045111,false,"פיניש מלח למדיח כלים 2ק""ג",רקיט בנקיזר (ניר איסט) בעמ,,פיניש מלח 2 קג,קילוגרמים,0.00,"ק""ג",false,1,14.90,14.90,true,1,
8410104437268,false,מפיג ריח רגיל למדיח פיניש 1 יחידה,רקיט בנקיזר (ניר איסט) בעמ,,פיניש סטופ לריח,Unknown,0.00,Unknown,false,1,22.50,22.50,true,1,
8410128768324,false,משקה סויה שקדים קרטונית1 ל' ויוה סוי,טמפו משקאות בע`מ,ES,ויוה סוי שקדים קרטונ,מיליליטרים,1000.00,"100 מ""ל",false,1,12.90,1.29,true,1,
8410128783587,false,ויוה סוי שיבולת שועל בריסטה קרטונית,טמפו משקאות בעמ,ES,ויוה סוי שיבולת שועל,מיליליטרים,1000.00,"100 מ""ל",false,1,12.90,1.29,true,1,
>>>>>>> d048ac2f4f281c9d788043ab4e81b61b0dbe3743
8410134119509,false,זיתים שחורים 350 גרם FRAGATA,אנגל קמצ'ו אלימנטסיו,,זיתים שחורים 350 גרם,גרמים,350.00,100 גרם,false,1,8.50,2.43,true,1,
8410179002651,false,זיתים שחורים מגולענים 314 גר,,ES,זיתים שחורים מגולעני,גרמים,314.00,100 גרם,false,1,10.40,3.31,true,1,
8410182420114,false,"בצלצלי פנינה בחומץ 370 מ""ל",דליסיאס,,בצלצלי פנינה בחומץ 3,גרמים,340.00,100 גרם,false,1,12.00,3.53,true,1,
8410261151625,false,יין סנגריה גרסיה דון סימון אדום 1.5 ל,,,יין סנגריה גרסיה דון,Unknown,0.00,Unknown,false,1,21.90,21.90,true,1,
8410300102939,false,קוביות גלינה בלנקה טעם בקר 80 גר,,,קוביות גלינה בלנקה ט,גרמים,80.00,100 גרם,false,1,13.90,17.38,true,1,
8410342004987,false,"טוראס-שוקולד מריר 52% קפה ללת""ס 100 גר",,ES,טוראס-שוקולד מריר 52,גרמים,100.00,100 גרם,false,1,19.80,19.80,true,1,
8410342005595,false,"טוראס-שוקולד חלב ללת""ס 75 גרם",,ES,טוראס-שוקולד חלב ללת,גרמים,75.00,100 גרם,false,1,9.90,13.20,true,1,
8410342005625,false,"טוראס-שוקולד חלב אגוז ללת""ס 75 גרם",,ES,טוראס-שוקולד חלב אגו,גרמים,75.00,100 גרם,false,1,9.90,13.20,true,1,
8410342005632,false,טוראס שוקולד חלב שקד ללא סוכר 75 גרם,,ES,טוראס-שוקולד חלב שקד,גרמים,75.00,100 גרם,false,1,9.90,13.20,true,1,
8410342006585,false,"טוראס-שוקולד מריר 72% ללת""ס 75ג 1/12 (530)",,,טוראס-שוקולד מריר 72,גרמים,75.00,100 גרם,false,1,9.90,13.20,true,1,
8410342007049,false,"טוראס-שוקולד מריר 85% ללת""ס 75 גרם",,,טוראס-שוקולד מריר 85,גרמים,75.00,100 גרם,false,1,9.90,13.20,true,1,
8410376009392,false,ביסקויט מחיטה מלאה ללא תוספת סוכר גולון 170 גרם,גאלטס גלון סא,,ביסקוויט חיטה מלאה,גרמים,170.00,100 גרם,false,1,13.50,7.94,true,1,
8410376033267,false,גולון ביסקוויט דגנים ללא סוכר 410 ג',GULLON,,"גולון ללת""ס ביסקויט",גרמים,410.00,100 גרם,false,1,21.90,5.34,true,1,
8410376059380,false,גולון וופל וניל ללא תוספת סוכר 180 גרם,GULLON,ES,גולון וופל וניל ללא,גרמים,180.00,100 גרם,false,1,19.90,11.06,true,1,
8410406211054,false,מרקז דה קסרס ריוחה רזרב 750 מל,,,מרקז דה קסרס ריוחה,Unknown,0.00,Unknown,false,1,123.90,123.90,true,1,
8410525116728,false,פיני גומי דובונים 90 גרם,,ES,פיני גומי דובונים 90,Unknown,0.00,Unknown,false,1,6.90,6.90,true,1,
8410525125973,false,פיני גומי נחשים 90 גרם,,ES,פיני גומי נחשים 90 ג,גרמים,90.00,100 גרם,false,1,6.90,7.67,true,1,
8410525175589,false,פיני סוכריות גלי בטעם דובדבן 80 גרם,,ES,פיני סוכריות גלי בטע,Unknown,1.00,Unknown,false,1,6.90,6.90,true,1,
8410525205194,false,פיני גומי מוקצף בטעם תות ושמנת 75 גרם,,ES,פיני גומי מוקצף בטעם,Unknown,1.00,Unknown,false,1,6.90,6.90,true,1,
8410525206177,false,פיני גומי ליקריץ תות ממולא 90 גר,,ES,פיני גומי ליקריץ תו,גרמים,90.00,100 גרם,false,1,6.90,7.67,true,1,
8410628460612,false,טונה ספרדית בשמן זית ולימון 190 גרם,קונסורסיו ספרד,ES,טונה ספרדית בשמן זית,גרמים,190.00,100 גרם,false,1,28.50,15.00,true,1,
8410628460629,false,טונה ספרדית בשמן זית וצילי 190 גרם,קונסורסיו ספרד,ES,טונה ספרדית בשמן זית,גרמים,190.00,100 גרם,false,1,28.50,15.00,true,1,
8410655002458,false,"בירה סאן מיגל ללא גלוטן 330 מ""ל",אבאל יזמות בעמ,,בירה סאן מיגל ללא גל,מיליליטרים,330.00,"100 מ""ל",false,1,12.50,3.79,true,1,
8410679030048,false,טבלת שוקולד לבן ללא סוכר טראפה 75ג',,ES,טבלת טראפה ל.ס. לבן,גרמים,75.00,100 גרם,false,1,8.90,11.87,true,1,
8410679030062,false,טבלת שוקולד חלב שקד ללא סוכר טראפה 75ג',,ES,טבלת טראפה ל.ס. חלב,גרמים,75.00,100 גרם,false,1,8.90,11.87,true,1,
8410679030079,false,טבלת שוקולד חלב שקד ללא סוכר טראפה 75ג',,ES,טבלת טראפה ל.ס. חלב,גרמים,75.00,100 גרם,false,1,8.90,11.87,true,1,
<<<<<<< HEAD
8410793262936,false,"אסטרייה דאם דאורה ללא גלוטן 330 מ""ל","סי סי דאם, אס.אל, בר",,אסטרייה דאם דאורה בק,מיליליטרים,330.00,"100 מ""ל",false,1,9.90,3.00,true,1,
=======
8410793262936,false,"אסטרייה דאם דאורה ללא גלוטן 330 מ""ל",החברה המרכזית להפצת משקאות בעמ,,אסטרייה דאם דאורה בק,מיליליטרים,330.00,"100 מ""ל",false,1,9.90,3.00,true,1,
8410793263834,false,שישיית אסטרייה דאם דאורה ללא גלוטן 6*330,"סי סי דאם, אס.אל, בר",,שישיית אסטרייה דאם ד,ליטרים,0.00,ליטר,false,1,51.90,51.90,true,1,
>>>>>>> d048ac2f4f281c9d788043ab4e81b61b0dbe3743
8411320105276,false,פילה אנשובי בשמן זית 47.50 גרם ORTIZ,אורטיז ORTIZ,,פילה אנשובי בשמן זית,Unknown,0.00,Unknown,false,1,26.50,26.50,true,1,
8411320334027,false,אורטיז נתחי טונה צהובה בשמן זית (פחית) 1,אורטיז ORTIZ,,נתחי טונה צהובה בשמן,גרמים,112.00,100 גרם,false,1,16.40,14.64,true,1,
8413165070825,false,אוגרטה ריוחה קוסצה 2012 750 מל,,,אוגרטה ריוחה קוסצה,Unknown,0.00,Unknown,false,1,46.90,46.90,true,1,
8413165085607,false,אוגרטה ריוחה רזרב 750 מל,,,אוגרטה ריוחה רזרב 75,Unknown,0.00,Unknown,false,1,80.90,80.90,true,1,
8413165087694,false,יין אוגרטה ריוחה רזרב קלאב דה ברי 750 מ,,,יין אוגרטה ריוחה רזר,Unknown,0.00,Unknown,false,1,107.90,107.90,true,1,
8413165103165,false,בודגס אוגרטה ריינרס אדום 750 מל,,,בודגס אוגרטה ריינרס,Unknown,0.00,Unknown,false,1,37.90,37.90,true,1,
8413165103189,false,בודגס אוגרטה ריינרס לבן 750 מל,,,בודגס אוגרטה ריינרס,Unknown,0.00,Unknown,false,1,37.90,37.90,true,1,
8413376022965,false,גבינת עיזים רכה 29% ויליפוד 110 גרם,היחוס דה סאלבאדור אס.איי,ES,גבינת עיזים רכה 29%,גרמים,110.00,100 גרם,false,1,17.70,16.09,true,1,
8420708018817,false,גבינת מנצ'גו בשלה 150 גרם,האי נאם סי או אל.טי.,,מנצגו בשלה 150 גר,גרמים,150.00,100 גרם,false,1,28.50,19.00,true,1,
8423207206488,false,סלים דליס חטיף דגנים מצופה שוקולד חלב מרבה 6*20 גרם,אף.סי תבליני בגליל ב,,חטיף דגנים מלאים מצו,גרמים,120.00,100 גרם,false,1,10.90,9.08,true,1,
8423207206495,false,סלים דליס חטיף דגנים מצופה שוקולד מריר מרבה 6*20 גרם,אף.סי תבליני בגליל ב,,חטיף דגנים מלאים מצו,גרמים,120.00,100 גרם,false,1,10.90,9.08,true,1,
8423207206501,false,סלים דליס חטיף דגנים עם שוקולד חלב מרבה 6*13 גרם,סלים דליס Slim Delis,,חטיף רב דגנים עם שוק,גרמים,78.00,100 גרם,false,1,10.90,13.97,true,1,
8423207207362,false,חטיפי סלים דליס שוקולד לבן מרבה 6 יחידות,ביסנצ'ורי אס.אל.יו,,חטיף דגנים סלים דליס,גרמים,120.00,100 גרם,false,1,10.90,9.08,true,1,
8423207208260,false,מרבה סלים דליס 125 ג' ללא גלוטן שוקולד חלב,ביסנצ'ורי אס.אל.יו,,חטיף סלים דליס ללא ג,גרמים,78.00,100 גרם,false,1,10.90,13.97,true,1,
8423207208680,false,חטיף דגנים שוקולד סלים דליס לילדים מרבה 6 יחידות,ביסנצ'ורי אס.אל.יו,,סלים דליס לילדים עם,גרמים,120.00,100 גרם,false,1,10.90,9.08,true,1,
8423207208697,false,חטיפי סלים דליס לילדים שוקולד לבן מרבה 6 יחידות,ביסנצ'ורי אס.אל.יו,,סלים דליס לילדים עם,גרמים,120.00,100 גרם,false,1,10.90,9.08,true,1,
8423207208703,false,חטיפי סלים דליס שוקולד מריר מרבה 6 יחידות,ביסנצ'ורי אס.אל.יו,,סלים דליס מהדורה עם,גרמים,120.00,100 גרם,false,1,10.90,9.08,true,1,
8423207208871,false,פריכיות תירס בטעם טבעי סלים דליס 130 גרם,גורי מוצרי צריכה (1991) בעמ,,פריכיות תירס בטעם טב,גרמים,130.00,100 גרם,false,1,9.90,7.62,true,1,
8423207208888,false,פריכיות תירס בטעם עגבניות ועשבי תיבול סלים דליס 123 ג',גורי מוצרי צריכה (1991) בעמ,,פריכיות תירס עגבניות,גרמים,124.00,100 גרם,false,1,9.90,7.98,true,1,
8423207208895,false,פריכיות תירס בטעם זיתים ועירית סלים דליס 123 ג',גורי מוצרי צריכה (1991) בעמ,,פריכיות תירס בטעם זי,גרמים,124.00,100 גרם,false,1,9.90,7.98,true,1,
8423207210287,false,מרבה סלים דליס שוקולד לבן בטעם יוגורט 120 ג',סלים דליס Slim Delis,,סלים דליס שוקולד לבן,גרמים,120.00,100 גרם,false,1,10.90,9.08,true,1,
8423207210928,false,חטיף דגנים מצופה שוקולד חלב ואגוזי לוז - 5 במארז,נוטרישן אנד סנטה קוב,ES,סלים דליס טופינג אגו,גרמים,90.00,100 גרם,false,1,10.90,12.11,true,1,
8423207210942,false,חטיף דגנים מצופה שוקולד לבן ופירות יער,נוטרישן אנד סנטה קוב,ES,סלים דליס טופינג פיר,גרמים,90.00,100 גרם,false,1,10.90,12.11,true,1,
8423207210980,false,סלים דליס טופינג קליפת תפוז 90 גרם,נוטרישן אנד סנטה קוב,ES,סלים דליס טופינג קלי,גרמים,90.00,100 גרם,false,1,10.90,12.11,true,1,
8423371000202,false,מיקס בוטנים מלוחים SALYSOL,Unknown,ES,בוטנים מלוחים 150 גר,גרמים,150.00,100 גרם,false,1,12.50,8.33,true,1,
8423371002725,false,סאליסול- קוקטייל מיקס 100 גרם,גלוברנדס,ES,קוקטייל מיקס 100 גרם,גרמים,100.00,100 גרם,false,1,12.50,12.50,true,1,
8423453905692,false,"בירה ווילדר לאגר 500 מ""ל פחית",פונט סאלם וולנסיה ספרד,ES,בירה ווילדר לאגר 500,מיליליטרים,500.00,"100 מ""ל",false,1,7.20,1.44,true,1,
8423453905739,false,"שישיית בירה ווילדר לאגר 330 מ""ל בקבוק",פונט סאלם וולנסיה ספרד,ES,שישיית בירה ווילדר ל,מיליליטרים,1980.00,"100 מ""ל",false,1,32.90,1.66,true,1,
8425206000081,false,ריבת חלב מרדל 450 גרם,כלורוקס אוקלנד,,ריבת חלב מרדל 450 גר,גרמים,450.00,100 גרם,false,1,17.90,3.98,true,1,
8428818164172,false,מלח ים אטלנטי אפור ל,,,מלח אטלנטי אפור גס 1,קילוגרמים,0.00,"ק""ג",false,1,17.50,17.50,true,1,
8431438000089,false,גבינה איבריקו גוורדמור ספרדי במשקל,,,גבינה גוורדמור ספרדי,Unknown,0.00,"ק""ג",true,0,210.00,210.00,true,1,
8431438000256,false,מנצגו קייסו ספרדי במשקל,,,מנצגו קייסו ספרדי במ,Unknown,0.00,"ק""ג",true,0,208.00,208.00,true,1,
8435185954626,false,"משקה קל ד""ר פפר בטעם דובדבן 330 מ""ל",,,"משקה קל ד""ר פפר בטעם",מיליליטרים,330.00,"100 מ""ל",false,1,6.90,2.09,true,1,
8435495805168,false,"תינוקלין לכביסה לעור רגיש אולימפיק 1.25ק""ג",מולינו ניקולי s.p.a,TR,אבקת כביסה תינוקלין,קילוגרמים,0.00,"ק""ג",false,1,22.90,22.90,true,1,
8435495805199,false,אבקת כביסה תינוקלין- 66 כביסות (3 קג),מולינו ניקולי s.p.a,TR,אבקת כביסה תינוקלין,קילוגרמים,0.00,"ק""ג",false,1,43.90,43.90,true,1,
8435495807605,false,תינוקלין מרכך כביסה היפואלרגני מרוכז 1 ליטר,מולינו ניקולי s.p.a,TR,מרכך כביסה תינוקלין,מיליליטרים,1000.00,"100 מ""ל",false,1,20.90,2.09,true,1,
<<<<<<< HEAD
8435495807636,false,ג'ל כביסה היפואלרגני 2 ל' תינוקלין,פרוקטר אנד גמבל,TR,גל כביסה תינוקלין הי,ליטרים,0.00,ליטר,false,1,36.50,36.50,true,1,
8435495819363,false,תינוקלין מרכך כביסה היפואלרגני 1 ליטר,פרוקטר אנד גמבל,,מרכך כביסה fres&gent,מיליליטרים,1000.00,"100 מ""ל",false,1,20.90,2.09,true,1,
8437000906209,false,"עלי טורטיה קמח חיטה 20ס""מ 8יח' אזטקה 325ג'",Azteca foods europe,,טורטיה ספרדי קמח 25,גרמים,325.00,100 גרם,false,1,11.30,3.48,true,1,
8445290427120,false,דגני פיטנס Fitness שוקולד מריר ובננה,נסטלה צרפת איטנקורט,,פיטנס שוקולד מריר וב,גרמים,375.00,100 גרם,false,1,19.90,5.31,true,1,
8593868000302,false,"בירה סטארופרמן לאגר בקבוק 5% 500 מ""ל",,CZ,בירה סטארופרמן פרימי,מיליליטרים,500.00,"100 מ""ל",false,1,11.90,2.38,true,1,
8594009923429,false,"בירה קרושוביצה אמפריאל 500 מ""ל פחית",,,בירה קרושוביצה אמפרי,מיליליטרים,500.00,"100 מ""ל",false,1,11.90,2.38,true,1,
=======
8435495807636,false,תינוקלין ג`ל כביסה בייבי סנסטיב היפואל,ליימן שליסל בע`מ,TR,גל כביסה תינוקלין הי,ליטרים,0.00,ליטר,false,1,36.50,36.50,true,1,
8435495819363,false,תינוקלין מרכך כביסה היפואלרגני 1 ליטר,ליימן שליסל בע`מ,,מרכך כביסה fres&gent,מיליליטרים,1000.00,"100 מ""ל",false,1,20.90,2.09,true,1,
8437000906209,false,"עלי טורטיה קמח חיטה 20ס""מ 8יח' אזטקה 325ג'",Azteca foods europe,,טורטיה ספרדי קמח 25,גרמים,325.00,100 גרם,false,1,11.30,3.48,true,1,
8445290427120,false,דגני פיטנס Fitness שוקולד מריר ובננה,קבוצת אוסם סחר שותפות מוגבלת,,פיטנס שוקולד מריר וב,גרמים,375.00,100 גרם,false,1,19.90,5.31,true,1,
>>>>>>> d048ac2f4f281c9d788043ab4e81b61b0dbe3743
8594071484606,false,חטיף סופרפוד א.ברזיל גוארנה אורגני 47 גר,,,חטיף סופרפוד א.ברזיל,גרמים,47.00,100 גרם,false,1,14.90,31.70,true,1,
8594403707977,false,"בירה באדוויזר לאגר פחית 500 מ""ל","מיוצר ע""\י מבשלת טוכרn\",,בירה באדוויזר לאגר פ,מיליליטרים,500.00,"100 מ""ל",false,1,8.90,1.78,true,1,
8594404001418,false,"בירה קוזל כהה בקבוק חוזר 500 מ""ל",פילזנסקי,,"בירה קוזל כהה 500 מ""",מיליליטרים,500.00,"100 מ""ל",false,1,8.90,1.78,true,1,
8595134503975,false,נייר גלגול בינוני Black כולל פילטר,צפניה ברזילי בעמ,,נייר גלגול בינוני כ,יחידה,1.00,יחידה,false,1,6.00,6.00,true,1,
8595657101481,false,חטיף חלבון פטל אורגני 47 גר,,,חטיף חלבון פטל אורגנ,גרמים,47.00,100 גרם,false,1,14.90,31.70,true,1,
8595657101795,false,חטיף חלבון אגוזים וניל אורגני 47 גר,,,חטיף חלבון אגוזים ונ,גרמים,47.00,100 גרם,false,1,14.90,31.70,true,1,
<<<<<<< HEAD
8606109023609,false,"פרוויטה - מיץ תפוחי עץ ודובדבנים חמוצים 750 מ""ל",,RS,פרוויטה מיץ תפוחי עץ,מיליליטרים,750.00,"100 מ""ל",false,1,13.90,1.85,true,1,
8606109023715,false,"פרוויטה - מיץ תפוחי עץ ואפרסקים 750 מ""ל",פרובישקה,RS,פרוויטה מיץ תפוחי עץ,מיליליטרים,750.00,"100 מ""ל",false,1,13.90,1.85,true,1,
8606109023722,false,"פרוויטה - מיץ תפוחי עץ ומשמשים 750 מ""ל",,RS,פרוויטה מיץ תפוחי עץ,מיליליטרים,750.00,"100 מ""ל",false,1,13.90,1.85,true,1,
8683130025574,false,"מרכך כביסה מרוכז אקסטרה לבנדר בדין 960 מ""ל",יבוא ושיווק: יוניליוור י,,בדין אקסטרא לבנדר 96,מיליליטרים,960.00,"100 מ""ל",false,1,15.90,1.66,true,1,
8683130025581,false,"מרכך כביסה מרוכז אקסטרה ענבר בדין 960 מ""ל",יבוא ושיווק: יוניליוור י,,בדין אקסטרא gbcr 960,מיליליטרים,960.00,"100 מ""ל",false,1,15.90,1.66,true,1,
8683323063024,false,יוגטה שטיחים בטעם תותי פרוטי 220 גרם,ליימן מותגים,,יוגטה שטיחים תותי פר,גרמים,220.00,100 גרם,false,1,7.30,3.32,true,1,
8686868600075,false,המותג אביזרי שיער,,,אביזרי שיער,Unknown,0.00,Unknown,false,1,9.90,9.90,true,1,
8690504081920,false,מקוויטיס טינס מצופה שוקולד מריר 150 גרם,"אולקר ביסקווי סנאי, א.ס.",,מקוויטיס טינס מצופה,גרמים,150.00,100 גרם,false,1,11.40,7.60,true,1,
8690504153740,false,גודייבה שוקולד מריר במילוי קרם גנאש 86 גרם,ביסקוט ביסקווי סילבר,TR,שוקולד מריר גודייבה,גרמים,86.00,100 גרם,false,1,14.90,17.33,true,1,
=======
8606109023715,false,"פרוויטה - מיץ תפוחי עץ ואפרסקים 750 מ""ל",יורוסטנדרט בעמ,RS,פרוויטה מיץ תפוחי עץ,מיליליטרים,750.00,"100 מ""ל",false,1,13.90,1.85,true,1,
8606109023722,false,"פרוויטה - מיץ תפוחי עץ ומשמשים 750 מ""ל",יורוסטנדרט בעמ,RS,פרוויטה מיץ תפוחי עץ,מיליליטרים,750.00,"100 מ""ל",false,1,13.90,1.85,true,1,
8683130025574,false,"מרכך כביסה מרוכז אקסטרה לבנדר בדין 960 מ""ל",יוניליוור ישראל שיווק בע`מ,,בדין אקסטרא לבנדר 96,מיליליטרים,960.00,"100 מ""ל",false,1,15.90,1.66,true,1,
8683130025581,false,"מרכך כביסה מרוכז אקסטרה ענבר בדין 960 מ""ל",יוניליוור ישראל שיווק בע`מ,,בדין אקסטרא gbcr 960,מיליליטרים,960.00,"100 מ""ל",false,1,15.90,1.66,true,1,
8683323063024,false,יוגטה שטיחים בטעם תותי פרוטי 220 גרם,ליימן שליסל בע`מ,,יוגטה שטיחים תותי פר,גרמים,220.00,100 גרם,false,1,7.30,3.32,true,1,
8686868600075,false,אביזרי שיער סיכות פפיון גדולות,אל האופק שיווק וסחר,,אביזרי שיער,Unknown,0.00,Unknown,false,1,9.90,9.90,true,1,
8690504081913,false,מקוויטיס טינס מצופה שוקולד חלב 150 גרם,תה ויסוצקי (ישראל) בעמ,TR,מקוויטיס טינס מצופה,גרמים,150.00,100 גרם,false,1,11.40,7.60,true,1,
8690504081937,false,מקוויטיס טינס שוקולד חלב וקפוצינו 150 גר,תה ויסוצקי (ישראל) בעמ,,מקוויטיס טינס שוקולד,גרמים,150.00,100 גרם,false,1,11.40,7.60,true,1,
8690504153740,false,גודייבה שוקולד מריר במילוי קרם גנאש 86 גרם,תה ויסוצקי (ישראל) בעמ,TR,שוקולד מריר גודייבה,גרמים,86.00,100 גרם,false,1,14.90,17.33,true,1,
>>>>>>> d048ac2f4f281c9d788043ab4e81b61b0dbe3743
8690504156543,false,טבלת שוקלד חלב ממולא בקרם גנאש שוקולד חלב 88 גר',ביסקוט ביסקווי סילברי,TR,שוקולד חלב גודייבה ק,גרמים,88.00,100 גרם,false,1,14.90,16.93,true,1,
8690530015043,false,סלפאק מגבות מטבח שישיה 3 שכבות,איפק,,נייר מגבת סלפאק 3 שכ,מטרים,64.00,מטר,false,1,16.90,0.26,true,1,
8690530151345,false,ממחטות נייר סלפאק פרמיום מנטול 10 יח,,,ממחטות נייר סלפאק פר,Unknown,0.00,Unknown,false,1,10.50,10.50,true,1,
8690530161320,false,ממחטות נייר סלפאק פרמיום לושיין 10 יח,,,ממחטות נייר סלפאק פר,Unknown,0.00,Unknown,false,1,10.50,10.50,true,1,
8690530274471,false,נייר טואלט סלפאק קומפורט 2 שכבות 32 גל,איפק קג'יט,,נ.טואלט סלפאק קומפור,מטרים,614.00,מטר,false,1,34.90,0.06,true,1,
8690530284463,false,נייר טואלט 3 שכבות 32 גלילים סלפאק,איפק קג'יט,,נייר טואלט סלפאק 3 ש,מטרים,537.00,מטר,false,1,49.90,0.09,true,1,
8690530615120,false,נייר מגבת סילאן 2 שכבות 6 יח,,,נייר מגבת סילאן 2 שכ,מטרים,68.00,מטר,false,1,11.90,0.18,true,1,
8690572784327,false,מסכה לשיער ארוך עם קצוות מפוצלים Supreme Length,שוורצקופף והנקל,TR,מסכה גליס לאורך מושל,מיליליטרים,300.00,"100 מ""ל",false,1,41.00,13.67,true,1,
<<<<<<< HEAD
8690637073373,false,תה שחור ברגמוט ארל גריי ליפטון 25 יחידות,יונילוור - תורכיה,,תה ארל גריי - 25 סרו,Unknown,0.00,Unknown,false,1,10.30,10.30,true,1,
8690637073434,false,תה ליפטון ארל גריי 100 שקיקים,ליפטון Lipton,,תה ארל גריי 100 שקיק,גרמים,200.00,100 גרם,false,1,28.90,14.45,true,1,
8690637503856,false,ממרח הלמנס כ- 40% פחות שומן לעומת מיונז,אפפילד איסטנבול ייצור מז,TR,ממרח הלמנס לחיץ מופח,גרמים,355.00,100 גרם,false,1,14.90,4.20,true,1,
8690637504426,false,"קרם ניקוי סיף בניחוח לימון 500 מ""ל",יוניליוור סנאיי וי טיקאר,TR,קרם ניקוי סיף בניחוח,יחידה,1.00,יחידה,false,1,14.60,14.60,true,1,
8690637505607,false,מרכך כביסה מרוכז בדין אקסטרה בניחוח פינוק כחול,יוניליוור סנאיי וי טיקאר,,מרכך כביסה בדין פינו,מיליליטרים,960.00,"100 מ""ל",false,1,15.90,1.66,true,1,
8690637505935,false,דאב תחליב רחצה לידיים שמן אבוקדו ותמצית קלנדולה,דאב Dove,,סבון ידיים דאב אבוקד,מיליליטרים,500.00,"100 מ""ל",false,1,18.80,3.76,true,1,
8690637505959,false,דאב סבון ידיים הזנה לוטוס 500 מל,General,,סבון ידיים דאב לוטוס,מיליליטרים,500.00,"100 מ""ל",false,1,18.80,3.76,true,1,
8690637555084,false,"מרכך כביסה מרוכז אקסטרה פריחת התפוז בדין 960 מ""ל",יוניליוור סנאיי וי טיקאר,,מרכך כביסה בדין אקסט,מיליליטרים,960.00,"100 מ""ל",false,1,15.90,1.66,true,1,
8690637704291,false,שמפו לשיקום אינטנסיבי לשיער פגום,יוניליוור טורקיה. אז,,"דאב שמפו משקם 600 מ""",מיליליטרים,600.00,"100 מ""ל",false,1,20.80,3.47,true,1,
8690637704376,false,"שמפו לטיפוח יום יומי דאב 600 מ""ל",יוניליוור סנאיי וי טיקאר,,דאב שמפו יום יומי 60,מיליליטרים,600.00,"100 מ""ל",false,1,20.80,3.47,true,1,
8690637704413,false,מרכך לשיקום אינטנסיבי לשיער פגום,יוניליוור טורקיה. אז,,"דאב מרכך משקם 600 מ""",מיליליטרים,600.00,"100 מ""ל",false,1,20.80,3.47,true,1,
8690637835643,false,"תה ירוק לימונית ולאויזה 30 גרם ""ליפטון""",יונילוור - תורכיה,,תה ירוק לואיז הולימו,Unknown,0.00,Unknown,false,1,20.90,20.90,true,1,
8690637858741,false,ג'ל לניקוי כללי בתוספת אקונומיקה בניחוח רוח ים,סיף פנטסטיק Cif Fantastic,IL,גל לנ.כללי סיף אקונו,מיליליטרים,750.00,"100 מ""ל",false,1,16.70,2.23,true,1,
8690637858758,false,ג'ל לניקוי כללי בתוספת אקונומיקה בניחוח אורנים,סיף פנטסטיק Cif Fantastic,IL,גל לנ.כללי סיף אקונו,מיליליטרים,750.00,"100 מ""ל",false,1,16.70,2.23,true,1,
8690637865596,false,תחליב רחצה לניקוי וטיפוח עור הידיים,קוסטר אירוסול ולף סנ,TR,סבון ידיים דאב הזנה,מיליליטרים,500.00,"100 מ""ל",false,1,19.80,3.96,true,1,
8690637871061,false,"דאב שמפו עם שמן אבוקדו ותמצית קלנדולה 600 מ""ל",יונילוור - תורכיה,TR,שמפו דאב עם שמן אבוק,מיליליטרים,600.00,"100 מ""ל",false,1,20.80,3.47,true,1,
8690637871108,false,הלמנ'ס ממרח חרדל 250 גרם,יוניליוור,,ממרח חרדל הלמנס 250,גרמים,250.00,100 גרם,false,1,15.60,6.24,true,1,
8690637871245,false,הלמנס מיונז אמיתי 395 גר' בקבוק לחיץ.,"בסטפוד - 3P ארה""ב Fo",TR,מיונז אמיתי הלמנס לח,גרמים,395.00,100 גרם,false,1,14.90,3.77,true,1,
8690637916991,false,מרכך דאב עם שמן אבוקדו ותמצית קלנדולה600,יונילוור - תורכיה,TR,מרכך דאב עם שמן אבוק,מיליליטרים,600.00,"100 מ""ל",false,1,20.80,3.47,true,1,
8690637946301,false,"בדין - מרכך כביסה אקסטרא בייביי כחול 960 מ""ל",יוניליוור סנאיי וי טיקאר,TR,מרכך כביסה בדין אקסט,מיליליטרים,960.00,"100 מ""ל",false,1,15.90,1.66,true,1,
8690637946318,false,"מרכך כביסה בדין מרוכז אקסטרה בייבי טלק 960 מ""ל",יוניליוור סנאיי וי טיקאר,TR,מרכך כביסה בדין אקסט,מיליליטרים,960.00,"100 מ""ל",false,1,15.90,1.66,true,1,
8690637971310,false,"מרכך כביסה מרוכז אקסטרה בניחוח יערת הדבש בדין 960 מ""ל",יוניליוור סנאיי וי טיקאר,TR,מרכך כביסה בדין אקסט,מיליליטרים,960.00,"100 מ""ל",false,1,15.90,1.66,true,1,
8690637976995,false,"מרכך כביסה מרוכז אקסטרה ורוד סחלבים פראי בדין 960 מ""ל",יוניליוור סנאיי וי טיקאר,TR,מרכך כביסה בדין אקסט,מיליליטרים,960.00,"100 מ""ל",false,1,15.90,1.66,true,1,
=======
8690637073373,false,תה שחור ברגמוט ארל גריי ליפטון 25 יחידות,יוניליוור ישראל שיווק בע`מ,,תה ארל גריי - 25 סרו,Unknown,0.00,Unknown,false,1,10.30,10.30,true,1,
8690637073434,false,תה ארל גריי בטעם ברגמוט ללא שקית100ש,יוניליוור ישראל שיווק בע`מ,,תה ארל גריי 100 שקיק,גרמים,200.00,100 גרם,false,1,28.90,14.45,true,1,
8690637503856,false,ממרח הלמנס כ- 40% פחות שומן לעומת מיונז,יוניליוור ישראל שיווק בע`מ,TR,ממרח הלמנס לחיץ מופח,גרמים,355.00,100 גרם,false,1,14.90,4.20,true,1,
8690637504426,false,"קרם ניקוי סיף בניחוח לימון 500 מ""ל",יוניליוור ישראל שיווק בע`מ,TR,קרם ניקוי סיף בניחוח,יחידה,1.00,יחידה,false,1,14.60,14.60,true,1,
8690637505607,false,מרכך כביסה מרוכז בדין אקסטרה בניחוח פינוק כחול,יוניליוור ישראל שיווק בע`מ,,מרכך כביסה בדין פינו,מיליליטרים,960.00,"100 מ""ל",false,1,15.90,1.66,true,1,
8690637505935,false,דאב תחליב רחצה לידיים שמן אבוקדו ותמצית קלנדולה,יוניליוור ישראל שיווק בעמ,,סבון ידיים דאב אבוקד,מיליליטרים,500.00,"100 מ""ל",false,1,18.80,3.76,true,1,
8690637505959,false,דאב סבון ידיים הזנה לוטוס 500 מל,יוניליוור ישראל שיווק בעמ,,סבון ידיים דאב לוטוס,מיליליטרים,500.00,"100 מ""ל",false,1,18.80,3.76,true,1,
8690637555084,false,"מרכך כביסה מרוכז אקסטרה פריחת התפוז בדין 960 מ""ל",יוניליוור ישראל שיווק בע`מ,,מרכך כביסה בדין אקסט,מיליליטרים,960.00,"100 מ""ל",false,1,15.90,1.66,true,1,
8690637704291,false,שמפו לשיקום אינטנסיבי לשיער פגום,"יוניליוור ישראל שיווק בע""מ",,"דאב שמפו משקם 600 מ""",מיליליטרים,600.00,"100 מ""ל",false,1,20.80,3.47,true,1,
8690637704376,false,"שמפו לטיפוח יום יומי דאב 600 מ""ל","יוניליוור ישראל שיווק בע""מ",,דאב שמפו יום יומי 60,מיליליטרים,600.00,"100 מ""ל",false,1,20.80,3.47,true,1,
8690637704413,false,מרכך לשיקום אינטנסיבי לשיער פגום,"יוניליוור ישראל שיווק בע""מ",,"דאב מרכך משקם 600 מ""",מיליליטרים,600.00,"100 מ""ל",false,1,20.80,3.47,true,1,
8690637835643,false,"תה ירוק לימונית ולאויזה 30 גרם ""ליפטון""",יוניליוור ישראל שיווק בע`מ,,תה ירוק לואיז הולימו,Unknown,0.00,Unknown,false,1,20.90,20.90,true,1,
8690637858741,false,ג'ל לניקוי כללי בתוספת אקונומיקה בניחוח רוח ים,יוניליוור ישראל שיווק בע`מ,IL,גל לנ.כללי סיף אקונו,מיליליטרים,750.00,"100 מ""ל",false,1,16.70,2.23,true,1,
8690637858758,false,ג'ל לניקוי כללי בתוספת אקונומיקה בניחוח אורנים,יוניליוור ישראל שיווק בע`מ,IL,גל לנ.כללי סיף אקונו,מיליליטרים,750.00,"100 מ""ל",false,1,16.70,2.23,true,1,
8690637865596,false,תחליב רחצה לניקוי וטיפוח עור היד 750 מ,"יוניליוור ישראלשיווק בע""מ",TR,סבון ידיים דאב הזנה,מיליליטרים,500.00,"100 מ""ל",false,1,19.80,3.96,true,1,
8690637871061,false,"דאב שמפו עם שמן אבוקדו ותמצית קלנדולה 600 מ""ל",יוניליוור ישראל שיווק בע`מ,TR,שמפו דאב עם שמן אבוק,מיליליטרים,600.00,"100 מ""ל",false,1,20.80,3.47,true,1,
8690637871108,false,הלמנ'ס ממרח חרדל 250 גרם,יוניליוור ישראל שיווק בע`מ,,ממרח חרדל הלמנס 250,גרמים,250.00,100 גרם,false,1,15.60,6.24,true,1,
8690637871245,false,הלמנס מיונז אמיתי 395 גר' בקבוק לחיץ.,יוניליוור ישראל שיווק בע`מ,TR,מיונז אמיתי הלמנס לח,גרמים,395.00,100 גרם,false,1,14.90,3.77,true,1,
8690637916991,false,מרכך דאב עם שמן אבוקדו ותמצית קלנדולה600,"יוניליוור ישראל שיווק בע""מ",TR,מרכך דאב עם שמן אבוק,מיליליטרים,600.00,"100 מ""ל",false,1,20.80,3.47,true,1,
8690637946301,false,"בדין - מרכך כביסה אקסטרא בייביי כחול 960 מ""ל",יוניליוור ישראל שיווק בע`מ,TR,מרכך כביסה בדין אקסט,מיליליטרים,960.00,"100 מ""ל",false,1,15.90,1.66,true,1,
8690637946318,false,"מרכך כביסה בדין מרוכז אקסטרה בייבי טלק 960 מ""ל",יוניליוור ישראל שיווק בע`מ,TR,מרכך כביסה בדין אקסט,מיליליטרים,960.00,"100 מ""ל",false,1,15.90,1.66,true,1,
8690637971310,false,"מרכך כביסה מרוכז אקסטרה בניחוח יערת הדבש בדין 960 מ""ל",יוניליוור ישראל שיווק בע`מ,TR,מרכך כביסה בדין אקסט,מיליליטרים,960.00,"100 מ""ל",false,1,15.90,1.66,true,1,
8690637976995,false,"מרכך כביסה מרוכז אקסטרה ורוד סחלבים פראי בדין 960 מ""ל",יוניליוור ישראל שיווק בע`מ,TR,מרכך כביסה בדין אקסט,מיליליטרים,960.00,"100 מ""ל",false,1,15.90,1.66,true,1,
>>>>>>> d048ac2f4f281c9d788043ab4e81b61b0dbe3743
8690734354412,false,ספוגיות מתכת סקוטש ברייט אל חלד 2 יח,3m,,ספוגיות מתכת סקוטש ב,Unknown,0.00,Unknown,false,1,8.90,8.90,true,1,
8690766156367,false,טבלת שוקולד חלב מעולה 90 גר` גודייבה,תה ויסוצקי (ישראל) בעמ,TR,שוקולד חלב גודייבה מ,גרמים,90.00,100 גרם,false,1,14.90,16.56,true,1,
8690766156374,false,גודייבה שוקולד מריר מעולה 72% מוצקי קקאו 72גרם,תה ויסוצקי (ישראל) בעמ,TR,שוקולד מריר 72% גודי,גרמים,90.00,100 גרם,false,1,14.90,16.56,true,1,
8690766156381,false,גודייבה שוקולד מריר 90% מוצקי קקאו 90 גרם,תה ויסוצקי (ישראל) בעמ,TR,שוקולד מריר 90% גודי,גרמים,90.00,100 גרם,false,1,14.90,16.56,true,1,
8690766156411,false,שוקולד מריר מעולה בטעם פלפל ורוד עם חתיכות תות מסוכר 90 גרם,תה ויסוצקי (ישראל)בעמ,TR,שוקולד מריר גודייבה,גרמים,90.00,100 גרם,false,1,14.90,16.56,true,1,
8690770322079,false,שמרים יבשים 450 גר` בדצ הנמל,הנמל אריזות ושיווק (1984) בעמ,,שמרים יבשים 450 גר,גרמים,450.00,100 גרם,false,1,15.10,3.36,true,1,
8690777203012,false,פלפלים ירוקים כבושים לא חריפים סרה ויליפוד 600 גרם,ג. וילי-פוד אינטרנשיונל בע`מ,,פלפל ירוק כבוש לא חר,גרמים,600.00,100 גרם,false,1,12.90,2.15,true,1,
8690784516440,false,דאק נוזל לניקוי מתקדם בניחוח לבנדה בודד 750מל,"אס.סי.ג'\ונסון מידרכט, ה",,נוזל גל דאק בניחוח ל,מיליליטרים,750.00,"100 מ""ל",false,1,12.90,1.72,true,1,
8690784614665,false,סבון דאק לניקוי אסלה בניחוח ים נתלה,דאופלור אס.פי.אי כונ,,סבון מוצק לניקוי אסל,Unknown,0.00,Unknown,false,1,9.90,9.90,true,1,
8690784614771,false,דאק כדוריות ניקוי אסלה בניחוח רענן,דאופלור אס.פי.אי כונ,,סבון מוצק לנ.אסלה דא,Unknown,0.00,Unknown,false,1,9.90,9.90,true,1,
8690792027785,false,ריבת דובדבן 45% פרי 700 גר GULSAN,,TR,ריבת דובדבן 45% פרי,גרמים,700.00,100 גרם,false,1,19.90,2.84,true,1,
8690799020192,false,ממתק צורקחלה 80 גר,בוזטופרק גידה סאנאי,,ממתק 80 גר CHURCHKHE,Unknown,0.00,Unknown,false,1,7.90,7.90,true,1,
8690799021595,false,"ריבת תות שדה בזכוכית 1 ק""ג BEST QUALITY",בוזטופרק גידה סאנאי,TR,ריבת תות שדה בזכוכית,גרמים,1000.00,100 גרם,false,1,20.80,2.08,true,1,
8691058141238,false,ערמונים שלמים קלויים וקלופים 100 גר` Ave,אבאל יזמות בעמ,,ערמונים שלמים קלויים,גרמים,100.00,100 גרם,false,1,5.80,5.80,true,1,
8693495050333,false,"פלמוליב סבון נוזלי לגבר לימון ירוק 500 מ""ל",קולגייט-פלמוליב,,סבון נוזלי לגבר לימו,מיליליטרים,500.00,"100 מ""ל",false,1,18.80,3.76,true,1,
8693495054034,false,פלמוליב ס.נוזלי לומינוס אבוקדו 750 משאבה,קולגייט פלמוליב,,סבון נוזלי פלמוליב ל,מיליליטרים,750.00,"100 מ""ל",false,1,19.90,2.65,true,1,
8693495054058,false,סבון נוזלי פלמוליב לומינוס עם תמציות שמן מקדמיה,קולגייט פלמוליב,TR,סבון נוזלי פלמוליב ל,מיליליטרים,750.00,"100 מ""ל",false,1,19.90,2.65,true,1,
8697418280111,false,עלי טורטייה 25 סמ 840 גרם LAVALIA,פרינסיס און וה אונלו,,"עלי טורטייה 25 ס""מ 8",גרמים,840.00,100 גרם,false,1,31.90,3.80,true,1,
8697418280128,false,עלי טורטייה 20 סמ 540 גרם LAVALIA,פרינסיס און וה אונלו,,"עלי טורטייה 20 ס""מ 5",גרמים,540.00,100 גרם,false,1,22.90,4.24,true,1,
8697418280173,false,עלי טורטייה מחיטה מלאה 840 גרם LAVALIA,פרינסס גידה,,עלי טורטייה מחיטה מל,גרמים,840.00,100 גרם,false,1,26.70,3.18,true,1,
8697418280180,false,עלי טורטייה 360 גר LAVALIA,פרינסיס און וה אונלו,,עלי טורטייה 360 גר L,גרמים,360.00,100 גרם,false,1,18.30,5.08,true,1,
8697420500375,false,מיץ תפוחים אורגני גרין פילד 1 ליטר,פרימור,TR,מיץ תפוחים אורגני 1,מיליליטרים,1000.00,"100 מ""ל",false,1,16.50,1.65,true,1,
8697431460378,false,קונפיטורה 70% שזיף פרופה 450 גרם,פרוטנגו Fruitango,,קונפיטורה 70% שזיפים,גרמים,450.00,100 גרם,false,1,17.70,3.93,true,1,
8697431921718,false,קונפיטורה דובדבן חמוץ 70% פרי פרופה 454 גר',תומר יבוא ושיווק מוצרי מזון (1,,קונפיטורה 70% דובדבן,גרמים,454.00,100 גרם,false,1,17.70,3.90,true,1,
8697431925143,false,קונפיטורה 70% פירות יער 450 גר`תומר,תומר ייבוא ושיווק מוצרי מזון [,,קונפיטורה 70% פירות,גרמים,450.00,100 גרם,false,1,17.70,3.93,true,1,
8697659224035,false,מטהר אוויר AQUA אטק 400 מל,יעקובי,,מטהר אוויר AQUA אטק,מיליליטרים,400.00,"100 מ""ל",false,1,11.50,2.88,true,1,
8697826469092,false,טורטיה קטנה שקדיה 540 גרם 12 יחידות,דין שיווק וקליה 2021 בעמ,,טורטיה קטנה 12 יחיד,גרמים,540.00,100 גרם,false,1,9.90,1.83,true,1,
8710428016348,false,אבקת משקה להשלמה תזונתית וניל 400 ג' פדיאשור,אבוט מעבדות רפואיות,ES,פדיאשור קומפליט וניל,גרמים,400.00,100 גרם,false,1,39.90,9.98,true,1,
8710447224366,false,טרזמה מרכך קרטין לשיער 400 מל,יוניליוור ישראל שיווק בע`מ,PL,מרכך טרזמה קרטין 400,מיליליטרים,400.00,"100 מ""ל",false,1,19.90,4.98,true,1,
8710447331095,false,טרזמה בוטניק מסכה לשיער 300 מל,"יוניליוור ישראלשיווק בע""מ",PL,מסכה טרזמה בוטניק 30,מיליליטרים,300.00,"100 מ""ל",false,1,37.90,12.63,true,1,
8710448580089,false,מיונז אמיתי הולנדי 500מל,רמייה,,"מיונז הולנדי 500 מ""ל",גרמים,500.00,100 גרם,false,1,14.60,2.92,true,1,
8710448593706,false,"מיונז לחיץ רמיה 350 מ""ל",,NL,מיונז לחיץ רמיה 350,מיליליטרים,350.00,"100 מ""ל",false,1,12.90,3.69,true,1,
8710448595175,false,רוטב ברביקיו ט.מעושן450מ,רמייה,,"רוטב מעושן 450 מ""ל B",מיליליטרים,450.00,"100 מ""ל",false,1,18.90,4.20,true,1,
8710488190811,false,כרוב כבוש לבן מובחר,,NL,כרוב כבוש 550 גרם,גרמים,550.00,100 גרם,false,1,11.90,2.16,true,1,
<<<<<<< HEAD
8710502139017,false,עוגיות טריפל שוקולד צ'יפס מרבה 180 גרם,בנקטבקריי מרבה בי.וי,,עוגיות שוקולד מצופות,גרמים,180.00,100 גרם,false,1,8.90,4.94,true,1,
=======
8710502100864,false,עוגיות מרבה פטיסרי דאבל שוקולד 200 גרם,ש.שסטוביץ בעמ,NL,מרבה פטיסרי עוגיות ד,גרמים,200.00,100 גרם,false,1,10.90,5.45,true,1,
8710502139017,false,עוגיות טריפל שוקולד צ`יפס מרבה (180 גרם),בנקטבקריי מרבה בי.וי,,עוגיות שוקולד מצופות,גרמים,180.00,100 גרם,false,1,8.90,4.94,true,1,
>>>>>>> d048ac2f4f281c9d788043ab4e81b61b0dbe3743
8710502194801,false,"עוגיות שוקלד ציפס רכה פירות יער ""מרבה"" 175 גרם",בנקטבקריי מרבה בי.וי,,מרבה עוגיות שוקולד צ,גרמים,175.00,100 גרם,false,1,8.90,5.09,true,1,
8710502279010,false,מרבה עוגיות שוקולד צ'יפס מצופות שוקולד 175 גרם,"י.מרבה ישראל בע""מ",,עוגיות מרבה שוקולד צ,גרמים,175.00,100 גרם,false,1,8.90,5.09,true,1,
8710502405204,false,עוגיות שוקולד צ'יפס עם קרם שוקולד מרבה 175 גרם,קריניציה ויטמינה אס,,עוגיות שוק.ציפס ממול,גרמים,175.00,100 גרם,false,1,8.90,5.09,true,1,
8710502470028,false,עוגיות שוקולד צ'יפס ממולאות בקרם נוגט,קריניציה ויטמינה אס,,עוגיות מרבה נוגטלי 1,גרמים,160.00,100 גרם,false,1,8.90,5.56,true,1,
<<<<<<< HEAD
8710502470035,false,מרבה פטיסרי עוגיות נוגטלי אגוזים 200 גרם,"מרבה בע""\מ",NL,מרבה פטיסרי עוגיות נ,גרמים,200.00,100 גרם,false,1,10.90,5.45,true,1,
8710552274614,false,שמפו קצף לנ.שטיחים וניש קליה גולד 600 מל,קליה וניש Kalia Vanish,IT,שמפו קצף לנ.שטיחים ו,מיליליטרים,600.00,"100 מ""ל",false,1,26.90,4.48,true,1,
8710679158385,false,"ציפס פריטס קלאסי 2.5 ק""ג",,,"ציפס קלאסי 2.5 ק""ג",קילוגרמים,0.00,"ק""ג",false,1,44.90,44.90,true,1,
=======
8710502470035,false,מרבה פטיסרי עוגיות נוגטלי במילוי קרם אגו,ש. שסטוביץ בע`מ,NL,מרבה פטיסרי עוגיות נ,גרמים,200.00,100 גרם,false,1,10.90,5.45,true,1,
8710552274614,false,שמפו קצף לנ.שטיחים וניש קליה גולד 600 מל,רקיט בנקיזר (ניר איסט) בעמ,IT,שמפו קצף לנ.שטיחים ו,מיליליטרים,600.00,"100 מ""ל",false,1,26.90,4.48,true,1,
8710732228918,false,מצת לסיגריה cricket יח,צפניה ברזילי בעמ,,מצת קריקט,Unknown,0.00,Unknown,false,1,6.70,6.70,true,1,
>>>>>>> d048ac2f4f281c9d788043ab4e81b61b0dbe3743
8710739494897,false,תחנת רוח וופל טוסט 12 יח במארז 250 גר,BANKETGRORP DE,,תחנת רוח וופל טוסט 1,גרמים,250.00,100 גרם,false,1,13.90,5.56,true,1,
8710908404184,false,דאודורנט ספריי 0% אלומיניום אורגינל דאב,יוניליוור ישראל שיווק בע`מ,IT,דאו דאב ספריי אוריגי,מיליליטרים,150.00,"100 מ""ל",false,1,17.70,11.80,true,1,
8711000371183,false,ג'ייקובס קפסולות קפה אספרסו אינטסו עוצמה 10,ג'ייקובס דאו אגברטס צרפת,FR,קפסולות קפה אספרסו א,גרמים,52.00,100 גרם,false,1,16.90,32.50,true,1,
8711000371206,false,ג'ייקובס קפסולות קפה אספרסו ריסטרטו עוצמה 12,ג'ייקובס דאו אגברטס צרפת,FR,קפסולות קפה אספרסו ר,גרמים,52.00,100 גרם,false,1,16.90,32.50,true,1,
8711200425990,false,חמאת בוטנים חלקה 350 גר Calve,יוניקורן פיקלס,NL,חמאת בוטנים חלקה 350,גרמים,350.00,100 גרם,false,1,19.90,5.69,true,1,
8711200443802,false,"חרדל דיזון בבקבוק לחיץ 235 מ""ל",מיילי,,חרדל דיזון בבקבוק לח,מיליליטרים,235.00,"100 מ""ל",false,1,15.90,6.77,true,1,
8711281023344,false,חרדל הולנדי מקורי חלק קרמי 335 גרם,מוסטאד מולן דה האוסמ,,חרדל הולנדי מקורי חל,גרמים,335.00,100 גרם,false,1,15.90,4.75,true,1,
8712000050146,false,"בירה היינקן 0% אלכוהול בקבוק 330 מ""ל","מבשלת היינקן, ריטבלד",,בירה היינקן 0.0% אלכ,מיליליטרים,330.00,"100 מ""ל",false,1,5.90,1.79,true,1,
8712000051099,false,"שישיית בירה היינקן 0% אלכוהל בקבוק 330 מ""ל","מבשלת היינקן, ריטבלדנברג",,שישיית בירה היינקן 0,מיליליטרים,1980.00,"100 מ""ל",false,1,32.60,1.65,true,1,
<<<<<<< HEAD
8712400802512,false,תרכובת מזון המשך לפעוטות על בסיס חלב שלב 2,נוטרישיה קאלק ב. ו.,,נוטרילון מבית נוטריש,גרמים,800.00,100 גרם,false,1,64.90,8.11,true,1,
8712561594608,false,"דאב תחליב רחיצה להזנה עמוקה 750 מ""ל","יוניליוור גרמניה, Gmbh &",,תחליב רחצה דאב להזנה,מיליליטרים,750.00,"100 מ""ל",false,1,19.90,2.65,true,1,
8712561611411,false,"תחליב רחצה בניחוח מלפפון ותה ירוק דאב 750 מ""ל","יוניליוור גרמניה, Gmbh &",,תחליב רחצה דאב תה יר,מיליליטרים,750.00,"100 מ""ל",false,1,19.90,2.65,true,1,
8712561626286,false,"תחליב רחצה דאב זוהר כמשי 750 מ""ל",יוניליוור גרמניה (בו,,תחליב רחצה דאב זוהר,מיליליטרים,750.00,"100 מ""ל",false,1,19.90,2.65,true,1,
8712561631570,false,"תחליב רחצה קוקוס ויסמין דאב 750 מ""ל",יוניליוור גרמניה (בו,,תחליב רחצה דאב חלב ק,מיליליטרים,750.00,"100 מ""ל",false,1,19.90,2.65,true,1,
=======
8712092034673,false,גבינה מותכת מעושנת 23% במשקל,,,גבינה מותכת מעושנת 2,Unknown,0.00,"ק""ג",true,0,101.00,101.00,true,1,
8712400802512,false,תרכובת מזון המשך לפעוטות על בסיס חלב שלב 2,דיפלומט מפיצים (1968) בעמ**,,נוטרילון מבית נוטריש,גרמים,800.00,100 גרם,false,1,64.90,8.11,true,1,
8712561594608,false,"דאב תחליב רחיצה להזנה עמוקה 750 מ""ל",יוניליוור ישראל שיווק בע`מ,,תחליב רחצה דאב להזנה,מיליליטרים,750.00,"100 מ""ל",false,1,19.90,2.65,true,1,
8712561611411,false,"תחליב רחצה בניחוח מלפפון ותה ירוק דאב 750 מ""ל",יוניליוור ישראל שיווק בע`מ,,תחליב רחצה דאב תה יר,מיליליטרים,750.00,"100 מ""ל",false,1,19.90,2.65,true,1,
8712561626286,false,תחליב רחצה זוהר כמשי דאב (750 מל),יוניליוור ישראל שיווק בע`מ,,תחליב רחצה דאב זוהר,מיליליטרים,750.00,"100 מ""ל",false,1,19.90,2.65,true,1,
8712561631570,false,"תחליב רחצה קוקוס ויסמין דאב 750 מ""ל",יוניליוור ישראל שיווק בע`מ,,תחליב רחצה דאב חלב ק,מיליליטרים,750.00,"100 מ""ל",false,1,19.90,2.65,true,1,
>>>>>>> d048ac2f4f281c9d788043ab4e81b61b0dbe3743
8713499045156,false,גאודה כמון הולנדית במשקל,,,גאודה כמון הולנדית ב,Unknown,0.00,"ק""ג",true,0,115.00,115.00,true,1,
8713501034406,false,גאודה שום הולנדית במשקל,,,גאודה שום הולנדית,Unknown,0.00,"ק""ג",true,0,121.00,121.00,true,1,
8713505038608,false,גאודה הולנדית פטריות כמהין במשקל,,,גאודה הולנדית פטריות,Unknown,0.00,"ק""ג",true,0,183.00,183.00,true,1,
8713800119903,false,רד בנד מיקס גומי פירות 200 גרם,,NL,רד בנד מיקס גומי פיר,גרמים,200.00,100 גרם,false,1,9.90,4.95,true,1,
8714200208037,false,ונקו - ממתק לקריץ בצורות שונות 127 גרם,,,ונקו - ממתק לקריץ בצ,גרמים,127.00,100 גרם,false,1,10.20,8.03,true,1,
8714443620030,false,מרק ירקות אורגני 200 גרם,תות תעשיות מזון (201,,מרק ירקות אורגני 200,גרמים,200.00,100 גרם,false,1,32.50,16.25,true,1,
<<<<<<< HEAD
8714599410530,false,גייקובס קרונינג שקית רפיל 200 גרם,ג'יי.די.אי.,,גייקובס קרונינג שקית,גרמים,200.00,100 גרם,false,1,19.90,9.95,true,1,
8714599412336,false,קפה נמס בריסטה אמריקנו קלוי וטחון 160 ג' ג'ייקובס,ג'\ייקובס דאו אגברטס רוס,,גיקובס בריסטה אמריקנ,גרמים,160.00,100 גרם,false,1,26.90,16.81,true,1,
8714599513781,false,"קפה נמס מיובש בהקפאה זהב צנצנת ג'ייקובס 200 גרם לל""ס",אל.אל. סי ג''יקובס דאו א,,גיקובס גולד מיובש בה,גרמים,200.00,100 גרם,false,1,25.90,12.95,true,1,
8714599513866,false,"קפה נמס מיובש בהקפאה קרונג צנצנת ג'ייקובס 200 גרם לל""ס",אל.אל.סי גייקובס דאו,,גיקובס קרונונג מיובש,גרמים,200.00,100 גרם,false,1,26.90,13.45,true,1,
=======
8714599410530,false,קפה ג`ייקובס קרוננג מיובש בהקפאה 200 ג,דיפלומט מפיצים (1968) בעמ**,,גייקובס קרונינג שקית,גרמים,200.00,100 גרם,false,1,19.90,9.95,true,1,
8714599412220,false,ג'ייקובס וולווט קפה נמס מיובש בהקפאה 95 גרם,דיפלומט מפיצים (1968) בעמ**,RU,גייקובס וולווט קפה נ,גרמים,95.00,100 גרם,false,1,16.70,17.58,true,1,
8714599412336,false,קפה נמס בריסטה אמריקנו קלוי וטחון 160 ג' ג'ייקובס,דיפלומט מפיצים (1968) בעמ**,,גיקובס בריסטה אמריקנ,גרמים,160.00,100 גרם,false,1,26.90,16.81,true,1,
8714599513781,false,"קפה נמס מיובש בהקפאה זהב צנצנת ג'ייקובס 200 גרם לל""ס",דיפלומט מפיצים (1968) בעמ**,,גיקובס גולד מיובש בה,גרמים,200.00,100 גרם,false,1,25.90,12.95,true,1,
8714599513866,false,"קפה נמס מיובש בהקפאה קרונג צנצנת ג'ייקובס 200 גרם לל""ס",דיפלומט מפיצים (1968) בעמ**,,גיקובס קרונונג מיובש,גרמים,200.00,100 גרם,false,1,26.90,13.45,true,1,
>>>>>>> d048ac2f4f281c9d788043ab4e81b61b0dbe3743
8714789177229,false,רבעיית מברשות שיניים קולגייט אקסטרה קלין 1 יחידה,הנסיך- מפעל לייצור ט,,רביעיית מברשות שיניי,Unknown,0.00,Unknown,false,1,9.90,9.90,true,1,
8714789402932,false,נוזל לניקוי כללי ורצפות בניחוח ורדי בוקר אג'קס 1.5 ליטר,הנסיך- מפעל לייצור ט,,אגקס חגיגת פרחים 1.5,ליטרים,0.00,ליטר,false,1,22.90,22.90,true,1,
8714789402970,false,נוזל לניקוי כללי ורצפות בניחוח פרחי אביב אגק'ס 1.5 ליטר,הנסיך- מפעל לייצור ט,,אגקס חגיגת פרחים 1.5,ליטרים,0.00,ליטר,false,1,22.90,22.90,true,1,
8714789797786,false,"פלמוליב נוזל לניקוי כלים גריז בלסטר 750 מ""ל",יבואן ומשווק: ש. שסט,,פלמוליב כלים 4 ב-1,מיליליטרים,750.00,"100 מ""ל",false,1,11.90,1.59,true,1,
<<<<<<< HEAD
=======
8714789831275,false,מברשת שיניים 360 אופטיק ווייט קולגייט 2 יחידות,קולגייט-פלמוליב,,קולגייט מברשת שיניים,Unknown,0.00,Unknown,false,1,36.50,36.50,true,1,
>>>>>>> d048ac2f4f281c9d788043ab4e81b61b0dbe3743
8714789834467,false,פלמוליב נוזל לניקוי כלים קלאסי 1.5 ליטר,קולגייט-פלמוליב,,פלמוליב נוזל כלים,ליטרים,0.00,ליטר,false,1,17.70,17.70,true,1,
8714800003384,false,"בירה בווריה 0% אלכוהול אורגינל 330 מ""ל ב",בוואריה,,בירה בווריה 0% אלכוה,מיליליטרים,330.00,"100 מ""ל",false,1,5.90,1.79,true,1,
8715700110141,false,מיונז קרמי היינץ צנצנת 460ג',דיפלומט מפיצים (1968) בעמ**,,מיונז בצנצנת היינץ 4,גרמים,460.00,100 גרם,false,1,11.90,2.59,true,1,
8715700110158,false,היינץ ממרח במרקם קרמי צנצנת 490 גרם,דיפלומט מפיצים (1968) בעמ**,,מיונז לייט בצנצנת הי,גרמים,490.00,100 גרם,false,1,11.90,2.43,true,1,
8715700117805,false,"קטשופ היינץ מתבל עגבניות ללא תוספת סוכר ומלח 425 מ""ל",דיפלומט מפיצים (1968) בעמ**,NL,"מתבל עגבניות ללת""ס ו",מיליליטרים,425.00,"100 מ""ל",false,1,10.90,2.56,true,1,
8715700416021,false,ממרח סנדויץ מלפפונים 300 גרם,היינץ,NL,ממרח סנדויץ מלפפונים,גרמים,300.00,100 גרם,false,1,16.60,5.53,true,1,
<<<<<<< HEAD
8715700419732,false,מתבל עגבניות היינץ 700 גרם,ה.י. היינץ,,מתבל היינץ 700 גרם,גרמים,700.00,100 גרם,false,1,11.90,1.70,true,1,
8715700422473,false,ממרח לכריכים וסלטים ללא ח. משמרים היינץ 395 גרם,ה.י. היינץ,,מיונז לחיץ היינץ 395,גרמים,395.00,100 גרם,false,1,14.90,3.77,true,1,
8715700423906,false,היינץ מתבל עגבניות מופחת סוכר ומלח 50/50 550 גרם,היינץ צפון אמריקה מק,,מתבל עגבניות מופחת נ,גרמים,555.00,100 גרם,false,1,11.50,2.07,true,1,
=======
8715700419732,false,מתבל עגבניות היינץ (700 גרם),דיפלומט מפיצים (1968) בעמ**,,מתבל היינץ 700 גרם,גרמים,700.00,100 גרם,false,1,11.90,1.70,true,1,
8715700422473,false,ממרח לכריכים וסלטים ללא ח. משמרים היינץ 395 גרם,דיפלומט מפיצים (1968) בעמ**,,מיונז לחיץ היינץ 395,גרמים,395.00,100 גרם,false,1,14.90,3.77,true,1,
8715700423906,false,היינץ מתבל עגבניות מופחת סוכר ומלח 50/50 550 גרם,דיפלומט מפיצים (1968) בעמ**,,מתבל עגבניות מופחת נ,גרמים,555.00,100 גרם,false,1,11.50,2.07,true,1,
>>>>>>> d048ac2f4f281c9d788043ab4e81b61b0dbe3743
8716000964816,false,ליקר בולס ליצי,,,ליקר בולס ליצי 700 מ,מיליליטרים,700.00,"100 מ""ל",false,1,74.90,10.70,true,1,
8716000968951,false,"ליקר בולס אדבוקט ליקר ביצים 700 מ""ל",קוימנס רויאל,IT,בולס אדבוקט ליקר ביצ,מיליליטרים,500.00,"100 מ""ל",false,1,72.90,14.58,true,1,
8716605000995,false,גבינה מסדאם הולנדית במשקל,,,גבינה מסדאם הולנדית,Unknown,0.00,"ק""ג",true,0,80.00,80.00,true,1,
8716605001022,false,גבינת דניש בלו 100 גר,,,גבינת דניש בלו 100 ג,גרמים,100.00,100 גרם,false,1,14.20,14.20,true,1,
<<<<<<< HEAD
8717163647226,false,"אקס דאודורנט ספריי גוף בלאק 150 מ""ל",ארנסט. רחוב קומבינצק,GB,דאו אקס ספריי גוף לג,מיליליטרים,150.00,"100 מ""ל",false,1,20.90,13.93,true,1,
8717163647240,false,"אקס דאודורנט ספריי גוף לגבר שוקולד 150 מ""ל",יוניליוור גרמניה (בו,GB,דאו אקס ספריי גוף לג,מיליליטרים,150.00,"100 מ""ל",false,1,20.90,13.93,true,1,
8717163647264,false,"אקס דאודורנט ספריי גוף אייס צ'יל 150 מ""ל",יוניליוור אנגליה,GB,דאו אקס ספרי גוף לגב,מיליליטרים,150.00,"100 מ""ל",false,1,20.90,13.93,true,1,
=======
8717163647264,false,"אקס דאודורנט ספריי גוף אייס צ'יל 150 מ""ל",יוניליוור ישראל שיווק בע`מ,GB,דאו אקס ספרי גוף לגב,מיליליטרים,150.00,"100 מ""ל",false,1,20.90,13.93,true,1,
8717163842676,false,"תחליב רחצה חימר ורוד renewing glow דאב 500 מ""ל",יוניליוור ישראל שיווק בעמ,DE,תח.רחצה דאב חימר ורו,גרמים,500.00,100 גרם,false,1,19.80,3.96,true,1,
>>>>>>> d048ac2f4f281c9d788043ab4e81b61b0dbe3743
8717677333936,false,טוני שוקולונלי שוקולד חלב נוגט 180 גרם,,NL,טוני שוקולונלי שוקול,מיליליטרים,180.00,"100 מ""ל",false,1,20.90,11.61,true,1,
8717677334094,false,טוני שוקולונלי שוקולד חלב 180 גרם,,NL,טוני שוקולונלי שוקול,מיליליטרים,180.00,"100 מ""ל",false,1,20.90,11.61,true,1,
8717677334117,false,טוני שוקולונלי שוקולד מריר 70% 180 גרם,,NL,טוני שוקולונלי שוקול,מיליליטרים,180.00,"100 מ""ל",false,1,20.90,11.61,true,1,
8717677336722,false,טוני שוקולונלי ש.מריר שקדים ומלח ים 180ג,,NL,טוני שוקולונלי ש.מרי,מיליליטרים,180.00,"100 מ""ל",false,1,20.90,11.61,true,1,
8717677338597,false,טוני שוקולונלי שוקולד חלב מריר 42% 180 ג,,NL,טוני שוקולונלי שוקול,מיליליטרים,180.00,"100 מ""ל",false,1,20.90,11.61,true,1,
8717677338610,false,טוני שוקולונלי שוקולד בייגלה טופ 180 ג,,NL,טוני שוקולונלי שוקול,מיליליטרים,180.00,"100 מ""ל",false,1,20.90,11.61,true,1,
<<<<<<< HEAD
8718114734484,false,מיונז מאילי 320 גר צ,יונילבר צרפת,,מיונז מייל 320 גרם,גרמים,320.00,100 גרם,false,1,15.90,4.97,true,1,
8718951030169,false,"קולגייט סנסיטיב הלבנה המסייעת בהגנה לשיניים רגישות 75 מ""ל",קולגייט Colgate,PL,מש.שיניים קולגייט סנ,מיליליטרים,75.00,"100 מ""ל",false,1,20.90,27.87,true,1,
8718951030206,false,"קולגייט סנסיטיב פרוטקשן משחת שיניים לשיניים רגישות 75 מ""ל",קולגייט-פלמוליב,PL,מש.שיניים קולגייט,מיליליטרים,75.00,"100 מ""ל",false,1,20.90,27.87,true,1,
8718951160897,false,ספריי אקונומיקה עוצמת ה7 טריגר אגקס 500מ,קולגייט-פלמוליב,,ספריי אגקס אקונומיקה,מיליליטרים,500.00,"100 מ""ל",false,1,15.90,3.18,true,1,
=======
8718114734484,false,ממרח מיוני מיילי 320 גרם,א. סיימן סחר בעמ,,מיונז מייל 320 גרם,גרמים,320.00,100 גרם,false,1,15.90,4.97,true,1,
8718700495522,false,גבינת גאודה פרוס 150ג',,NL,גאודה פרוס 150 גרם,גרמים,150.00,100 גרם,false,0,8.30,5.53,true,1,
8718951030169,false,"קולגייט סנסיטיב הלבנה המסייעת בהגנה לשיניים רגישות 75 מ""ל",ש. שסטוביץ בע`מ,PL,מש.שיניים קולגייט סנ,מיליליטרים,75.00,"100 מ""ל",false,1,20.90,27.87,true,1,
>>>>>>> d048ac2f4f281c9d788043ab4e81b61b0dbe3743
8718951166288,false,"משחת שיניים קולגייט מקס וייט 125 מ""ל",הנסיך- מפעל לייצור ט,PL,משחת שיניים קולגייט,מיליליטרים,125.00,"100 מ""ל",false,1,17.90,14.32,true,1,
8718951166561,false,משחת שיניים לרעננות מוגברת max fresh cooling crystals,הנסיך- מפעל לייצור ט,PL,קולגייט משחה מקס פרש,מיליליטרים,125.00,"100 מ""ל",false,1,17.90,14.32,true,1,
8718951175631,false,מש.שיניים קולגייט טוטל פרו גאם אקשן 75מל,ש. שסטוביץ בע`מ,PL,מש.שיניים קולגייט טו,מיליליטרים,75.00,"100 מ""ל",false,1,16.90,22.53,true,1,
8718951236790,false,"קולגייט טוטאל משחת שיניים קלין מינט לפה בריא 100 מ""ל",קולגייט פלמוליב,PL,מש.שיניים קולגייט טו,מיליליטרים,100.00,"100 מ""ל",false,1,16.90,16.90,true,1,
8718951236806,false,"קולגייט טוטאל הלבנה משחת שיניים המסייעת בהסרת כתמים 100 מ""ל",ש. שסטוביץ בע`מ,PL,קולגייט טוטל הלבנה,מיליליטרים,100.00,"100 מ""ל",false,1,16.90,16.90,true,1,
8718951236813,false,"קולגייט טוטאל משחת שיניים ניקוי מתקדם לפה בריא יותר 100 מ""ל",קולגייט פלמוליב,PL,מש.שיניים קולגייט טו,מיליליטרים,100.00,"100 מ""ל",false,1,16.90,16.90,true,1,
<<<<<<< HEAD
8718951240742,false,"קולגייט טוטאל משחת שיניים פסים מרעננים 100 מ""ל",קולגייט פלמוליב,PL,מש.שיניים קולגייט טו,מיליליטרים,100.00,"100 מ""ל",false,1,16.90,16.90,true,1,
8718951313927,false,"סבון ידיים משאבה פלמוליב חימר טונוס 300 מ""ל",פלמוליב Palmolive,IL,סבון ידיים פלמוליב ח,מיליליטרים,300.00,"100 מ""ל",false,1,12.50,4.17,true,1,
8718951314023,false,פלמוליב נטורלס תחליב רחצה אפרסק 750 מל,קולגייט פלמוליב,,סבון נוזלי פלמוליב א,מיליליטרים,750.00,"100 מ""ל",false,1,19.90,2.65,true,1,
8718951320093,false,זוג מברשות 360 אדוונס וויט שיניים קולגייט,קולגייט-פלמוליב,,מברשות שיניים קולגיי,יחידה,1.00,יחידה,false,1,41.90,41.90,true,1,
8718951385290,false,נוזל לניקוי כללי ורצפות אג'קס 2 ליטר,קולגייט פלמוליב,GR,אגקס ניקוי כללי עוצמ,ליטרים,0.00,ליטר,false,1,26.50,26.50,true,1,
8718951409798,false,זוג מברשות שיניים מקס וויט פחם קולגייט,הנסיך- מפעל לייצור ט,CN,מברשת שיניים קולגייט,Unknown,0.00,Unknown,false,1,22.90,22.90,true,1,
8718951423558,false,"פלמוליב סבון רחצה גוף ונשמה קמומיל 750 מ""ל",שסטוביץ,,פלמוליב סבון רחצה גו,יחידה,1.00,יחידה,false,1,24.90,24.90,true,1,
8718951431614,false,"סבון רחצה פלמוליב סו פירם מינרלים משאבה 750 מ""ל",קולגייט פלמוליב,,פלמוליב סבון נוזלי ס,מיליליטרים,750.00,"100 מ""ל",false,1,19.90,2.65,true,1,
8718951433120,false,קולגייט טוטאל משחת שיניים לילדים לגילאי,קולגייט פלמוליב,,קולגייט טוטאל גוניור,Unknown,0.00,Unknown,false,1,16.90,16.90,true,1,
8718951443358,false,"סבון ידיים פלמוליב מארז שלישייה 900 מ""ל",CP - Turkey+60,,סבון ידיים פלמוליב מ,מיליליטרים,900.00,"100 מ""ל",false,1,29.50,3.28,true,1,
8718951466371,false,"משחת שיניים מרידול 75 מ""ל",קולגייט פלמוליב,,משחת שיניים מרידול,Unknown,0.00,Unknown,false,1,22.90,22.90,true,1,
=======
8718951240742,false,"קולגייט טוטאל משחת שיניים פסים מרעננים 100 מ""ל",איינשטיין-צור יבוא-יצוא וסחר ב,PL,מש.שיניים קולגייט טו,מיליליטרים,100.00,"100 מ""ל",false,1,16.90,16.90,true,1,
8718951314023,false,פלמוליב נטורלס תחליב רחצה אפרסק 750 מל,קולגייט פלמוליב,,סבון נוזלי פלמוליב א,מיליליטרים,750.00,"100 מ""ל",false,1,19.90,2.65,true,1,
8718951320093,false,זוג מברשות 360 אדוונס וויט שיניים קולגייט,קולגייט-פלמוליב,,מברשות שיניים קולגיי,יחידה,1.00,יחידה,false,1,41.90,41.90,true,1,
8718951334090,false,"סופלין מרכך כביסה מרוכז כחול 650 מ""ל",ש.שסטוביץ בעמ,GR,מרכך כביסה סופלין מר,מיליליטרים,650.00,"100 מ""ל",false,1,11.90,1.83,true,1,
8718951385290,false,אג`קס ניקוי כללי עוצמת ב -7כחול 2 ליטר,קולגייט פלמוליב,GR,אגקס ניקוי כללי עוצמ,ליטרים,0.00,ליטר,false,1,26.50,26.50,true,1,
8718951409798,false,זוג מברשות שיניים מקס וויט פחם קולגייט,הנסיך- מפעל לייצור ט,CN,מברשת שיניים קולגייט,Unknown,0.00,Unknown,false,1,22.90,22.90,true,1,
8718951423558,false,"פלמוליב סבון רחצה גוף ונשמה קמומיל 750 מ""ל",שסטוביץ,,פלמוליב סבון רחצה גו,יחידה,1.00,יחידה,false,1,24.90,24.90,true,1,
8718951428492,false,"פלמוליב סבון רחצה לגבר 4ב1 מועשר בפחם 750 מ""ל",ש.שסטוביץ בעמ,,פלמוליב סבון רחצה לג,מיליליטרים,750.00,"100 מ""ל",false,1,19.90,2.65,true,1,
8718951431614,false,"סבון רחצה פלמוליב סו פירם מינרלים משאבה 750 מ""ל",קולגייט פלמוליב,,פלמוליב סבון נוזלי ס,מיליליטרים,750.00,"100 מ""ל",false,1,19.90,2.65,true,1,
8718951443358,false,"סבון ידיים פלמוליב מארז שלישייה 900 מ""ל",ש.שסטוביץ בעמ,,סבון ידיים פלמוליב מ,מיליליטרים,900.00,"100 מ""ל",false,1,29.50,3.28,true,1,
8718951443396,false,"סבון ידיים חלב ודבש פלמוליב מארז 3*300 מ""ל",ש.שסטוביץ בעמ,,סבון ידיים פלמוליב ח,מיליליטרים,900.00,"100 מ""ל",false,1,27.90,3.10,true,1,
8718951466371,false,מרידול משחת לחניכיים רגישות 75 מל,קולגייט פלמוליב,,משחת שיניים מרידול,Unknown,0.00,Unknown,false,1,22.90,22.90,true,1,
>>>>>>> d048ac2f4f281c9d788043ab4e81b61b0dbe3743
8718951477384,false,"קולגייט משחת שיניים טוטאל ג'ל מתקדם פיור 75 מ""ל",קולגייט פלמוליב,,משחת שיניים קולגייט,מיליליטרים,75.00,"100 מ""ל",false,1,21.90,29.20,true,1,
8719128117249,false,"סירופ פפסי מקס 440 מ""ל סודהסטרים",סודהסטרים ישראל בעמ,,סירופ פפסי מקס,מיליליטרים,440.00,"100 מ""ל",false,1,22.90,5.20,true,1,
8719200998001,false,מרגרינה לאפיה ובישול בלי מלח 200 ג' בלו בנד,יוניליוור ישראל מזון בע\,IL,בלובנד בלי מלח 200 ג,גרמים,200.00,100 גרם,false,1,5.10,2.55,true,1,
8719200998018,false,מחמאה מרגרינה בטעם חמאה בלובנד 200 גרם,"מיוצר ע""\י יוניליוור ישר",IL,מחמאה מרגרינה,גרמים,200.00,100 גרם,false,1,5.40,2.70,true,1,
8719956490637,false,טוני שוקולונלי שוקולד ביסקוויט קינמן 180,,NL,טוני שוקולונלי שוקול,מיליליטרים,180.00,"100 מ""ל",false,1,20.90,11.61,true,1,
8720181046605,false,דאב - דאודורנט ספריי לאישה אורגינל כחול 150מל,יוניליוור ישראל שיווק בע`מ,,דאב דאודורנט ספריי א,מיליליטרים,150.00,"100 מ""ל",false,1,17.70,11.80,true,1,
8720181090202,false,"תחליב רחצה דאב עם שמן זית, 750 מ""ל",יוניליוור ישראל שיווק בע`מ,,תחליב רחצה עם שמן זי,מיליליטרים,750.00,"100 מ""ל",false,1,19.90,2.65,true,1,
8720181201332,false,דאב אל סבון מוצק גרגרים 90 גרם רביעייה,יוניליוור ישראל טיפוח אי,DE,דאב אל סבון מוצק גרג,גרמים,360.00,100 גרם,false,1,18.90,5.25,true,1,
8720182253156,false,דאב אל סבון מוצק מלפפונים 90 גרם רביעייה,יוניליוור ישראל טיפוח אי,DE,דאב אל סבון מוצק מלפ,גרמים,360.00,100 גרם,false,1,18.90,5.25,true,1,
8720182256362,false,שישיית סבון מוצק דאב קלאסי 540 גר',יוניליוור,DE,סבון מוצק דאב קלאסי,גרמים,540.00,100 גרם,false,1,26.90,4.98,true,1,
8720182256850,false,דאב אל סבון מוצק קלאסי 90 גרם רביעייה,יוניליוור ישראל שיווק בע`מ,DE,דאב אל סבון מוצק קלא,גרמים,360.00,100 גרם,false,1,18.90,5.25,true,1,
8720608014958,false,תה שחור ליפטון ילו לייבל 100 שק 150 ג,יוניליוור ישראל שיווק בעמ,,תה שחור ליפטון ילו ל,גרמים,150.00,100 גרם,false,1,12.90,8.60,true,1,
8721200060107,false,בקרסלנד-סטרופ וופל הולנדי 250 גרם,דה בנקט גרופ,,סטרופ וופל 260 גר בק,גרמים,260.00,100 גרם,false,1,15.50,5.96,true,1,
<<<<<<< HEAD
8801055706440,false,מנות אישיות קפה נמס טייסטרס צ'ויס Taster's Choice,נסטלה קוריאה - קפה,,טייסטרס צויס 20*1.8,גרמים,96.00,100 גרם,false,1,9.90,10.31,true,1,
8801055707966,false,קפה טייסטר צו'יס נס קפה בריסטה 180ג',נסטלה קוריאה - קפה,,נסקפה טייסטרס צויס ב,גרמים,180.00,100 גרם,false,1,29.80,16.56,true,1,
8801055708772,false,מארז טייסטרס צ'ויס 200 גרם+50 גר' מתנה,נסטלה קוריאה - קפה,KR,טייסטר צויס מארז 200,גרמים,250.00,100 גרם,false,1,29.80,11.92,true,1,
8801055709434,false,קפה נמס טסטר'ס צ'ויס קולומביה 100 גרם,נסטלה קוריאה - קפה,KR,נסקפה טייסטרס צויס ק,גרמים,100.00,100 גרם,false,1,23.90,23.90,true,1,
8801055709458,false,אבקה להכנת משקה קפה בטעם קפוצ'ינו קרמל,נסטלה קוריאה - קפה,,נסקפה קפוצינו קרמל,גרמים,170.00,100 גרם,false,1,19.30,11.35,true,1,
8801055709465,false,אבקה להכנת משקה קפה בטעם קפוצ'ינו וניל,נסטלה קוריאה - קפה,,נסקפה קפוצינו וניל,גרמים,185.00,100 גרם,false,1,19.30,10.43,true,1,
8801055709489,false,אבקה להכנת משקה קפה בטעם קפוצ'ינו אגוזים,נסטלה קוריאה - קפה,,נסקפה קפוצינו אגוזים,גרמים,180.00,100 גרם,false,1,19.30,10.72,true,1,
=======
8801055706440,false,מנות אישיות קפה נמס טייסטרס צ'ויס Taster's Choice,קבוצת אוסם סחר-שות.מוגבלת,,טייסטרס צויס 20*1.8,גרמים,96.00,100 גרם,false,1,9.90,10.31,true,1,
8801055707966,false,קפה טייסטרס צ`ויס בריסטה נסקפה (180 גרם),קבוצת אוסם סחר שותפות מוגבלת,,נסקפה טייסטרס צויס ב,גרמים,180.00,100 גרם,false,1,29.80,16.56,true,1,
8801055708772,false,קפה נמס טייסטרס צ`ויס 200 גר+ מילוי 50,קבוצת אוסם סחר-שות.מוגבלת,KR,טייסטר צויס מארז 200,גרמים,250.00,100 גרם,false,1,29.80,11.92,true,1,
8801055709434,false,קפה נמס טסטר'ס צ'ויס קולומביה 100 גרם,קבוצת אוסם סחר שותפות מוגבלת,KR,נסקפה טייסטרס צויס ק,גרמים,100.00,100 גרם,false,1,23.90,23.90,true,1,
8801055709458,false,אבקה להכנת משקה קפה בטעם קפוצ'ינו קרמל,קבוצת אוסם סחר שותפות מוגבלת,,נסקפה קפוצינו קרמל,גרמים,170.00,100 גרם,false,1,19.30,11.35,true,1,
8801055709465,false,אבקה להכנת משקה קפה בטעם קפוצ'ינו וניל,קבוצת אוסם סחר שותפות מוגבלת,,נסקפה קפוצינו וניל,גרמים,185.00,100 גרם,false,1,19.30,10.43,true,1,
8801055709489,false,אבקה להכנת משקה קפה בטעם קפוצ'ינו אגוזים,קבוצת אוסם סחר שותפות מוגבלת,,נסקפה קפוצינו אגוזים,גרמים,180.00,100 גרם,false,1,19.30,10.72,true,1,
8801055709526,false,אבקה להכנת משקה קפה בטעם קפוצ'ינו שוקולד לבן,קבוצת אוסם סחר שותפות מוגבלת,,נסקפה קפוצינו שוקולד,גרמים,180.00,100 גרם,false,1,19.30,10.72,true,1,
>>>>>>> d048ac2f4f281c9d788043ab4e81b61b0dbe3743
8801085020301,false,אטריות נאמה אודון 200 גרם,Alpha international,,אטריות נאמה אודון 20,גרמים,200.00,100 גרם,false,1,10.00,5.00,true,1,
8850058000710,false,מחית צילי בשמן 227 גר,Super J Internationa,,מחית צילי בשמן 227 ג,גרמים,227.00,100 גרם,false,1,18.70,8.24,true,1,
8850161166204,false,"קרם קוקוס 17-19% 500 מ""ל - AMPAWA",אמפווה קוקונט פרודקט,,"קרם קוקוס 500 מ""ל",מיליליטרים,500.00,"100 מ""ל",false,1,10.40,2.08,true,1,
8850161167089,false,קוקו וואי משקה קוקוס 1 ליטר,טויו טייקאן קו.אל.טי.די,TH,חלב קוקוס קוקו וואי,מיליליטרים,1000.00,"100 מ""ל",false,1,16.90,1.69,true,1,
8850367992164,false,קרם קוקוס 250 מל 20-22% ללא חומר משמר,מזרח ומערב יבוא ושיווק,,"קרם קוקוס 250 מ""ל 20",גרמים,250.00,100 גרם,false,1,8.40,3.36,true,1,
8850389105825,false,משקה אלוורה בטעם ענבים סאפה 1 ליטר,סאפה פובליק קומפני לימיט,,סאפה אלוורה ענבים 1,מיליליטרים,1000.00,"100 מ""ל",false,1,14.90,1.49,true,1,
8850389105832,false,סאפה משקה אלוורה בטעם תפוח עם קוביות אלוורה 1 ליטר,סאפה פובליק קומפני לימיט,,סאפה אלוורה תפוחים 1,מיליליטרים,1000.00,"100 מ""ל",false,1,14.90,1.49,true,1,
8850389105849,false,סאפה משקה אלוורה מופחת קלוריות בטעם אפרסק 1 ליטר,סאפה פובליק קומפני לימיט,,סאפה אלוורה אפרסק 1,מיליליטרים,1000.00,"100 מ""ל",false,1,14.90,1.49,true,1,
8850389115336,false,משקה אלוורה בטעם מלון סאפה 1 ליטר,סאפה פובליק קומפני לימיט,,סאפה אלוורה מלון 1 ל,מיליליטרים,1000.00,"100 מ""ל",false,1,14.90,1.49,true,1,
<<<<<<< HEAD
8851613101378,false,"נוזל קוקוס ארוי די 250 מ""ל",תאי אגרי פוד פובליק קו'\,,נוזל קוקוס,מיליליטרים,250.00,"100 מ""ל",false,1,10.40,4.16,true,1,
8851613101385,false,"חלב קוקוס ארוי-די קרטון 500מ""ל",תאי אגרי פוד פובליק קו'\,,"חלב קוקוס 500 מ""ל",מיליליטרים,500.00,"100 מ""ל",false,1,12.90,2.58,true,1,
=======
8850632604266,false,"יוגטה, ממתק חמוץ בצורת מקלות בטעם קולה, 50 גרם",ליימן שליסל בע`מ,,מקלות חספוסים יוגטה,Unknown,0.00,Unknown,false,1,5.90,5.90,true,1,
8851613101378,false,"נוזל קוקוס ארוי די 250 מ""ל",גורי מוצרי צריכה (1991) בעמ,,נוזל קוקוס,מיליליטרים,250.00,"100 מ""ל",false,1,10.40,4.16,true,1,
8851613101385,false,"חלב קוקוס ארוי-די קרטון 500מ""ל",גורי מוצרי צריכה (1991) בעמ,,"חלב קוקוס 500 מ""ל",מיליליטרים,500.00,"100 מ""ל",false,1,12.90,2.58,true,1,
>>>>>>> d048ac2f4f281c9d788043ab4e81b61b0dbe3743
8853662004020,false,"רוטב צילי מתוק 725 מ""ל EXOTIC",,,רוטב צילי מתוק 725 מ,מיליליטרים,725.00,"100 מ""ל",false,1,16.20,2.23,true,1,
8853662040400,false,"רוטב סויה 725 מ""ל EXOTIC",,,רוטב סויה EXOTIK,מיליליטרים,725.00,"100 מ""ל",false,1,13.90,1.92,true,1,
8854404000621,false,מחית קארי ירוק 70 גר' B.E,"בלו ספייס קו. בע""מ",TH,מחית קארי ירוק 70 גר,גרמים,70.00,100 גרם,false,1,13.50,19.29,true,1,
8854661001843,false,שרימפס בייבי 500 גרם קפוא,,,שרימפס בייבי 500 גרם,גרמים,500.00,100 גרם,false,1,34.50,6.90,true,1,
8854661007012,false,"שרימפס מבושל מקולף 1 ק""ג קפוא",,,שרימפס מבושל מקולף,קילוגרמים,0.00,"ק""ג",false,1,83.50,83.50,true,1,
8854661009726,false,שרימפס טמפורה 300 גר,,,שרימפס טמפורה 300 גר,גרמים,300.00,100 גרם,false,1,35.50,11.83,true,1,
8857106430499,false,"אטריות אורז עם אורז שחור לל""ג 250 גרם",,TH,אטריות אורז עם אורז,גרמים,250.00,100 גרם,false,1,9.90,3.96,true,1,
8857106430505,false,"אטריות אורז עם אורז אדום לל""ג 250 גרם",יאמאסה,TH,אטריות אורז עם אורז,גרמים,250.00,100 גרם,false,1,9.90,3.96,true,1,
8857106430529,false,"אטריות אורז עם עלי תות עץ לל""ג 250 גרם",,TH,אטריות אורז עם עלי ת,גרמים,250.00,100 גרם,false,1,9.90,3.96,true,1,
<<<<<<< HEAD
8858271003044,false,רוטב סויה כהה פורמולה 5 700 גרם מקסצאפ,מזרח ומערב,,רוטב סויה כהה פורמול,מיליליטרים,700.00,"100 מ""ל",false,1,15.90,2.27,true,1,
8858271003068,false,"רוטב סויה מתוקה כהה 250 מ""ל מקסצאפ",מזרח ומערב,,רוטב סויה מתוק כהה,מיליליטרים,250.00,"100 מ""ל",false,1,11.90,4.76,true,1,
8858271003075,false,"רוטב סויה מתוקה מקסצ'אפ 700 מ""ל",דאנינג יוה פודס קו,,רוטב סויה מתוקה 700,מיליליטרים,700.00,"100 מ""ל",false,1,16.90,2.41,true,1,
8858271003921,false,רוטב קארי אדום 250 מ'ל - מקסצ'אפ,יאן וואל יאן,,רוטב קארי אדום 250 מ,מיליליטרים,250.00,"100 מ""ל",false,1,11.90,4.76,true,1,
8858271003938,false,רוטב קארי ירוק 250 מ'ל - מקסצ'אפ,"ייאן וואל יון בע""מ",,רוטב קארי ירוק 250 מ,מיליליטרים,250.00,"100 מ""ל",false,1,11.90,4.76,true,1,
8858271004126,false,רוטב חמוץ מתוק 700 מ'ל - מקסצ'אפ,יאן ונזל יון,,רוטב חמוץ מתוק 700 ג,מיליליטרים,700.00,"100 מ""ל",false,1,15.90,2.27,true,1,
8858271004300,false,רוטב טריאקי 700 מ'ל מקסצ'אפ,דאנינג יוה פודס קו,,רוטב טריאקי מקסצאפ 7,מיליליטרים,700.00,"100 מ""ל",false,1,19.90,2.84,true,1,
8858271004799,false,"רוטב צילי מתוק אל פורפסיס 700 מ""ל",יאן ונזל יון,,רוטב צילי מתוק אל פו,מיליליטרים,700.00,"100 מ""ל",false,1,13.50,1.93,true,1,
=======
8858271002870,false,רוטב פאד תאי 250 מ'ל - מקסצ'אפ,מזרח ומערב יבוא ושיווק,,"רוטב פאד תאי 250 מ""ל",מיליליטרים,250.00,"100 מ""ל",false,1,11.90,4.76,true,1,
8858271003044,false,רוטב סויה כהה פורמולה 5 700 גרם מקסצאפ,מזרח ומערב יבוא ושיווק,,רוטב סויה כהה פורמול,מיליליטרים,700.00,"100 מ""ל",false,1,15.90,2.27,true,1,
8858271003068,false,"רוטב סויה מתוקה כהה 250 מ""ל מקסצאפ",מזרח ומערב יבוא ושיווק,,רוטב סויה מתוק כהה,מיליליטרים,250.00,"100 מ""ל",false,1,11.90,4.76,true,1,
8858271003075,false,"רוטב סויה מתוקה מקסצ'אפ 700 מ""ל",מזרח ומערב יבוא ושיווק,,רוטב סויה מתוקה 700,מיליליטרים,700.00,"100 מ""ל",false,1,16.90,2.41,true,1,
8858271003938,false,רוטב קארי ירוק 250 מ'ל - מקסצ'אפ,מזרח ומערב יבוא ושיווק,,רוטב קארי ירוק 250 מ,מיליליטרים,250.00,"100 מ""ל",false,1,11.90,4.76,true,1,
8858271004126,false,רוטב חמוץ מתוק 700 מ'ל - מקסצ'אפ,מזרח ומערב יבוא ושיווק,,רוטב חמוץ מתוק 700 ג,מיליליטרים,700.00,"100 מ""ל",false,1,15.90,2.27,true,1,
8858271004300,false,"רוטב טרייאקי 70 מ""ל מקסצ`אפ",מזרח ומערב יבוא ושיווק,,רוטב טריאקי מקסצאפ 7,מיליליטרים,700.00,"100 מ""ל",false,1,19.90,2.84,true,1,
8858271004799,false,"רוטב צילי מתוק אל פורפסיס 700 מ""ל",מזרח ומערב יבוא ושיווק,,רוטב צילי מתוק אל פו,מיליליטרים,700.00,"100 מ""ל",false,1,13.50,1.93,true,1,
>>>>>>> d048ac2f4f281c9d788043ab4e81b61b0dbe3743
8858359000255,false,עלי קפיר ליים יבשים 30 גר (שופרא),סופר גיי,,עלי קפיר ליים יבשים,גרמים,30.00,100 גרם,false,1,12.40,41.33,true,1,
8859103400727,false,דג ברקודה עם צילי מלוח מיובש 100 גר,,,דג ברקודה עם צילי מל,גרמים,100.00,100 גרם,false,1,14.60,14.60,true,1,
8859103401342,false,דג חקליל ארנה 100 גרם,,,דג חקליל ארנה,גרמים,100.00,100 גרם,false,1,15.90,15.90,true,1,
8888021200256,false,סוללות אנרג'ייזר AA מקס 8 יחידות,יצרן: אנרג'ייזר סינג,,סוללות אנרגייזר שמי,Unknown,0.00,Unknown,false,1,29.50,29.50,true,1,
8888021200720,false,סוללות אנרג'ייזר AAA מקס 8 יחידות,יצרן: אנרג'ייזר סינג,,סוללות אנרגייזר שמי,Unknown,0.00,Unknown,false,1,29.50,29.50,true,1,
8901138500306,false,משחת שיניים איורודית עם פלואוריד מן הטבע,הימלאיה Himalaya,,משחת שיניים הימלאיה,גרמים,100.00,100 גרם,false,1,21.90,21.90,true,1,
8901138511500,false,קרם נגד קמטים,,,קרם נגד קמטים,Unknown,0.00,Unknown,false,1,89.90,89.90,true,1,
8901138825577,false,"משחת שיניים הימלאיה להגנה מושלמת 75 מ""ל",הימלאיה Himalaya,,משחת שיניים הימלאיה,מיליליטרים,75.00,"100 מ""ל",false,1,23.90,31.87,true,1,
8901138825591,false,"משחת שיניים הימלאיה מלבינה 75 מ""ל",הימלאיה Himalaya,,משחת שיניים הימלאיה,מיליליטרים,75.00,"100 מ""ל",false,1,23.90,31.87,true,1,
<<<<<<< HEAD
8901537024014,false,"אורז בסמטי מובחר 1 ק""ג - דוואט) יורה דיעה",הנסיך- מפעל לייצור ט,,אורז בסמטי מובחר,גרמים,1000.00,100 גרם,false,1,12.90,1.29,true,1,
8906000596999,false,"אורז בסמתי מלא 1ק""ג שוקחה",ציימן לאל סטיה,,אורז בסמטי מלא 1 קג,גרמים,1000.00,100 גרם,false,1,10.90,1.09,true,1,
8906059700408,false,תבשיל הודי דאל מקאני עם שעועית 300 גרם,טייסט'ל פיין פוד פי,IN,תבשיל הודי דאל מקאני,גרמים,300.00,100 גרם,false,1,19.90,6.63,true,1,
=======
8901537024014,false,"אורז בסמטי מובחר 1 ק""ג - דוואט) יורה דיעה",ג. וילי-פוד אינטרנשיונל בע`מ,,אורז בסמטי מובחר,גרמים,1000.00,100 גרם,false,1,12.90,1.29,true,1,
8906000596999,false,אורז בסגנון בסמטי מלא 1 ק``ג,בני ג ורג שוקחה (חיפה) בעמ,,אורז בסמטי מלא 1 קג,גרמים,1000.00,100 גרם,false,1,10.90,1.09,true,1,
>>>>>>> d048ac2f4f281c9d788043ab4e81b61b0dbe3743
8906059702648,false,תבשיל אורגני עדשים ושעועית עם קארי 285 ג,טייסט'ל פיין פוד פי,,תבשיל אורגני עדשים ו,גרמים,285.00,100 גרם,false,1,19.90,6.98,true,1,
8906059702655,false,תבשיל אורגני עדשים אדומות בקארי 285 ג,טייסט'ל פיין פוד פי,IN,תבשיל אורגני עדשים א,גרמים,285.00,100 גרם,false,1,19.90,6.98,true,1,
8906059703614,false,תבשיל הודי דאל תרד 300 גרם,טייסט'ל פיין פוד פי,IN,תבשיל הודי דאל תרד 3,גרמים,300.00,100 גרם,false,1,19.90,6.63,true,1,
8908000959361,false,קורנישונים כבושים בחומץ 680 גר,,,קורנישונים כבושים בח,גרמים,680.00,100 גרם,false,1,13.50,1.99,true,1,
<<<<<<< HEAD
=======
8934878081811,false,"דפי אורז 22 ס""מ 400 גר'(Trav) ללא גלוטן",מזרח ומערב יבוא ושיווק,,"דפי אורז 22 ס""מ 400",גרמים,400.00,100 גרם,false,1,11.90,2.98,true,1,
>>>>>>> d048ac2f4f281c9d788043ab4e81b61b0dbe3743
8934878081866,false,"דפי אורז 22 ס""מ מרובעים 400 גרם TRAV",Chanh Khang Company,,"דפי אורז 22 ס""מ מרוב",גרמים,400.00,100 גרם,false,1,12.90,3.23,true,1,
8935083158008,false,קוקטייל פירות ים 500 גר,,,קוקטייל פירות ים 500,גרמים,500.00,100 גרם,false,1,31.50,6.30,true,1,
8935215401873,false,טבעות קלמרי 500 גר,,VN,קלמרי טבעות 500 גר,גרמים,500.00,100 גרם,false,1,29.50,5.90,true,1,
8936018435164,false,דג יבש פרפר 90 גר,,,דג יבש פרפר 90 גר,גרמים,90.00,100 גרם,false,1,14.00,15.56,true,1,
<<<<<<< HEAD
9000101418163,false,שלישיית סבון אסלה בניחוח מתחלף תפוח ירוק ברף,ברף Bref,RS,ברף בניחוח מתחלף תפו,יחידה,1.00,יחידה,false,1,19.90,19.90,true,1,
9000101511635,false,קפסולות ג'ל לכביסה פרסיל דיסקס לעור רגיש,פרסיל Persil,HU,דיסקס פרסיל לכביסה ג,Unknown,0.00,Unknown,false,1,34.90,34.90,true,1,
9000101512526,false,פרסיל - פאוור קאפס קפסולות ג'ל מרוכזות לכביסה 26 יח',קריות זול,RS,קפסולות פאוור קאפס פ,Unknown,0.00,Unknown,false,1,34.90,34.90,true,1,
9001148803103,false,שיני שום קלופות 170,חקלאי,,שום קלוף,Unknown,0.00,Unknown,false,1,14.90,14.90,true,1,
=======
8936018435256,false,דג ירח מלוח מיובש 100גר תכלת Imperator.,דילר בי.אם.די. פורמולה בעמ,VN,דג צנינון מלוח מיובש,גרמים,100.00,100 גרם,false,1,14.60,14.60,true,1,
9000101418163,false,שלישיית סבון אסלה בניחוח מתחלף תפוח ירוק ברף,גורי שיווק בעמ,RS,ברף בניחוח מתחלף תפו,יחידה,1.00,יחידה,false,1,19.90,19.90,true,1,
9000101511635,false,קפסולות ג'ל לכביסה פרסיל דיסקס לעור רגיש,גורי שיווק בעמ,HU,דיסקס פרסיל לכביסה ג,Unknown,0.00,Unknown,false,1,34.90,34.90,true,1,
9000101512526,false,פרסיל - פאוור קאפס קפסולות ג'ל מרוכזות לכביסה 26 יח',גורי שיווק בעמ,RS,קפסולות פאוור קאפס פ,Unknown,0.00,Unknown,false,1,34.90,34.90,true,1,
9001148803103,false,שיני שום קלופות 170,ביכורי השדה הצפון בעמ` 1964,,שום קלוף,Unknown,0.00,Unknown,false,1,14.90,14.90,true,1,
>>>>>>> d048ac2f4f281c9d788043ab4e81b61b0dbe3743
9001414041116,false,פלפל שחור מתחנה 36 גר KOTANYI,,RU,פלפל שחור מתחנה 36 ג,גרמים,36.00,100 גרם,false,1,14.90,41.39,true,1,
9001414041758,false,פלפל ומלח ים מתחנה 65 גר KOTANYI,,RU,פלפל ומלח ים מתחנה 6,גרמים,65.00,100 גרם,false,1,14.90,22.92,true,1,
9002859036583,false,לשונות חתול שוקולד חלב 100ג,GUNZ WARENHANDELS,,לשנות חתול חלב 100 ג,גרמים,100.00,100 גרם,false,1,12.20,12.20,true,1,
9002859037023,false,לקקנים בצילינדר 150 גרם גונץ,GUNZ WARENHANDELS,,לקקנים בצילינדר 150,גרמים,150.00,100 גרם,false,1,10.90,7.27,true,1,
9002859042409,false,גונץ שעועית אדומה 800 גרם,,IT,גונץ שעועית אדומה 80,גרמים,800.00,100 גרם,false,1,15.90,1.99,true,1,
9002859042799,false,גונץ - מוצרט כדורים בשקית 300 גר,GUNZ WARENHANDELS,,גונץ - מוצרט כדורים,גרמים,300.00,100 גרם,false,1,29.90,9.97,true,1,
9002859046346,false,עגבניות מיובשות בשמן 280 גר פיאצלי,,,עגבניות מיובשות בשמן,גרמים,280.00,100 גרם,false,1,20.90,7.46,true,1,
9002859049286,false,גונץ-ניקו צ'ילי חריף במטחנה 50 גר' 1/6(85583),Gunz,,ניקו צילי חריף במטחנ,גרמים,95.00,100 גרם,false,1,12.90,13.58,true,1,
9002859050596,false,טורטילה ציפס עם מלח 200 גר גנוץ,,AU,טורטילה ציפס עם מלח,גרמים,200.00,100 גרם,false,1,12.90,6.45,true,1,
9002859050671,false,לבבות שוקולד ברשת 100 גרם גונץ,GUNZ WARENHANDELS,,לבבות שוקולד ברשת 10,גרמים,100.00,100 גרם,false,1,10.90,10.90,true,1,
9002859050725,false,תפזורת סנטה ברשת 100 גר גונץ,GUNZ WARENHANDELS,,תפזורת סנטה ברשת 10,גרמים,100.00,100 גרם,false,1,10.90,10.90,true,1,
9002859050763,false,חיפושיות שוקולד ברשת 100 גרם גונץ,GUNZ WARENHANDELS,,חיפושיות שוקולד ברשת,גרמים,100.00,100 גרם,false,1,10.90,10.90,true,1,
9002859050824,false,גונץ מטבעות זהב ברשת 100 ג' 1/24,,,גונץ-מטבעות זהב ברשת,גרמים,100.00,100 גרם,false,1,10.90,10.90,true,1,
9002859050848,false,מטבעות זהב וכסף ברשת 100 גרם גונץ,,,מטבעות זהב וכסף ברשת,גרמים,100.00,100 גרם,false,1,10.90,10.90,true,1,
9002859053849,false,גונץ-שוקולד סטיקס מריר תפוז 75 גרם,,,גונץ-שוקולד סטיקס מר,גרמים,75.00,100 גרם,false,1,10.90,14.53,true,1,
9002859054099,false,גונץ- מוצרט משושה 300 גרם,GUNZ WARENHANDELS,,מוצרט משושה 300 גרם,גרמים,300.00,100 גרם,false,1,29.90,9.97,true,1,
9002859058172,false,בונבוניירה בננה ציפוי שוקולד מריר 300 גר,GUNZ WARENHANDELS,,בונבוניירה בננה ציפו,גרמים,300.00,100 גרם,false,1,13.80,4.60,true,1,
9002859066894,false,גונץ - חטיף מרציפן מצופה שוקולד 100 גרם,Gunz,,גונץ - חטיף מרציפן מ,גרמים,100.00,100 גרם,false,1,10.40,10.40,true,1,
9002859075674,false,גונץ - אפרוחי שוקולד ברשת 100 גרם,,,גונץ - אפרוחי שוקולד,גרמים,100.00,100 גרם,false,1,10.90,10.90,true,1,
9002859081590,false,שוקולד סנטה על המקל שישייה 90 גר גונץ,GUNZ WARENHANDELS,,שוקולד סנטה על המקל,גרמים,540.00,100 גרם,false,1,11.90,2.20,true,1,
9002859087257,false,גונץ-קרקר קלאסי עם מלח 200 גרם,,,גונץ-קרקר קלאסי עם מ,גרמים,200.00,100 גרם,false,1,11.90,5.95,true,1,
9002859090530,false,גונץ בוגי סוכריות בפחית בטעם תפוז 200 גר,Gunz,,גונץ בוגי סוכריות בפ,גרמים,200.00,100 גרם,false,1,12.50,6.25,true,1,
9002975393812,false,סוכריות גילי הריבו האפי צירי 70 גרם,"האריבו , ג'\י.אם.בי.אייץ",AT,סוכריות גילי הריבו ה,גרמים,70.00,100 גרם,false,1,7.30,10.43,true,1,
9002975393850,false,סוכריות גילי הריבו וורמס 70 גרם,"האריבו , ג'\י.אם.בי.אייץ",AT,סוכריות גילי הריבו ו,גרמים,70.00,100 גרם,false,1,7.30,10.43,true,1,
9003402660088,false,"בירה שטיגל גולדבראו 500 מ""ל פחית",שטיגל,AT,בירה שטיגל גולדבראו,מיליליטרים,500.00,"100 מ""ל",false,1,9.90,1.98,true,1,
9003402663089,false,"בירה שטיגל רדלר אשכוליות 500 מ""ל פחית",,AT,בירה שטיגל רדלר אשכו,מיליליטרים,500.00,"100 מ""ל",false,1,8.20,1.64,true,1,
9005835312640,false,קלרו 80 XXL טבליות למדיח ללא פוספטים,"יעקב יעקבי ובניו בע""מ",AT,טבליות למדיח כלים קל,Unknown,0.00,Unknown,false,1,83.50,83.50,true,1,
9005835312718,false,"קלרו פירמידה מלח למדיח כלים 1 ק""ג CLARO","יעקב יעקבי ובניו בע""מ",AT,מלח למדיח כלים קלרו,קילוגרמים,0.00,"ק""ג",false,1,16.90,16.90,true,1,
9005835312732,false,"קלרו נוזל הברקה למדיח כלים 500 מ""ל CLARO","יעקב יעקבי ובניו בע""מ",AT,נוזל הברקה למדיח כלי,מיליליטרים,500.00,"100 מ""ל",false,1,15.50,3.10,true,1,
9005835312756,false,"קלרו ניקוי יסודי למדיח כלים 250 מ""ל CLARO","יעקב יעקבי ובניו בע""מ",AT,ניקוי יסודי למדיח כל,מיליליטרים,250.00,"100 מ""ל",false,1,15.50,6.20,true,1,
9008700111546,false,נקטר דובדבנים חמוצים 1ל',Rauch fruchtsafte gm,,נקטר דובדבן 1 ליטר,מיליליטרים,1000.00,"100 מ""ל",false,1,14.60,1.46,true,1,
9008700128575,false,נקטר פסיפלורה ראוץ' 1 ליטר,ראוך Rauch,,נקטר פסיפלורה 1 ליטר,ליטרים,0.00,ליטר,false,1,14.60,14.60,true,1,
9008700128971,false,מיץ חמוציות ראוך 1 ליטר,ראוך Rauch,,מיץ חמוציות ראוך 1 ל,מיליליטרים,1000.00,"100 מ""ל",false,1,14.60,1.46,true,1,
9008700146982,false,מיץ מולטיויטמין פרי אדומים 100% 1 ל ראוך,Rauch fruchtsafte gm,,מיץ מולטיויטמין פרי,מיליליטרים,1000.00,"100 מ""ל",false,1,14.60,1.46,true,1,
9013100062053,false,"ליקר מוצרט שוקולד גולד 500 מ""ל",,,ליקר מוצרט שוקולד גו,מיליליטרים,500.00,"100 מ""ל",false,1,93.90,18.78,true,1,
9310072028743,false,טים טם ביסקוויט במילוי שוקולד 200 גרם,"ארנוטס ביסקוויטס בע""",,טים טם אורגינל 200 ג,גרמים,200.00,100 גרם,false,1,19.90,9.95,true,1,
9310072028750,false,חטיף שוקולד דאבל קרם טים טם (200 גרם),"ארנוטס ביסקוויטס בע""",,טים טם דאבל 200 גרם,גרמים,200.00,100 גרם,false,1,19.90,9.95,true,1,
9310088007015,false,דיפנד תחבושות אוברנייט בלילה,קימברלי קלארק ישראל שיווק בעמ,,תחבושות דיפנד אובר נ,Unknown,0.00,Unknown,false,1,22.90,22.90,true,1,
9312631801118,false,תה פרמיום שחור סלקשן דילמח 100 שקי 200 ג,דילמח,LK,תה פרמיום שחור סלקשן,גרמים,200.00,100 גרם,false,1,29.50,14.75,true,1,
9322969000015,false,פריכיות תירס בטעם אורגינל ריל פודס 150 ג',אף.סי תבליני בגליל ב,,פריכיות תירס 150 גרם,גרמים,150.00,100 גרם,false,1,12.80,8.53,true,1,
9322969000039,false,פריכיות תירס עם ארבע דגנים מלאים 150 גר`,ריאל פודס בעמ,,פריכיות תירס 150 גרם,גרמים,150.00,100 גרם,false,1,12.80,8.53,true,1,
9322969000046,false,פריכיות תירס שומשום אורגני ריל פודס 150 ג',אף.סי תבליני בגליל ב,,פריכויות תירס אורגני,גרמים,150.00,100 גרם,false,1,12.80,8.53,true,1,
9322969000053,false,פריכיות אורז מלא ריל פוד 150 גרם,סנו מפעלי ברונוס.,,פריכיות אורז מלא ריל,גרמים,150.00,100 גרם,false,1,12.80,8.53,true,1,
9414202214676,false,מארז 3 אחסוניות מיני,,,מארז 3 אחסוניות מיני,Unknown,0.00,Unknown,false,1,37.90,37.90,true,1,
9414202616203,false,אחסון מחולקת 1 סיסטמה,,,קופסת מלבנית מחולקת,Unknown,0.00,Unknown,false,1,29.90,29.90,true,1,
9421018071492,false,יין מאד האוס סוביניון בלאן לבן יבש 750 מ,קראכר אילמיץ,ES,יין מאד האוס סוביניו,מיליליטרים,750.00,"100 מ""ל",false,1,60.90,8.12,true,1,
9720006678751,false,כבד דגים איסלנד 115 גרם,איטל איסלנד,,כבד דגים 115 גרם,גרמים,115.00,100 גרם,false,1,8.90,7.74,true,1,
9720188050109,false,ממרח על בסיס סויה בסגנון גבינה טופוטי 225 גרם,החברה המרכזית טלהפצת משקאות בע,,גבינת טופו בטעמים,גרמים,225.00,100 גרם,false,1,19.90,8.84,true,1,
9771565039125,false,עיתון לאישה יום ב,ידיעות אחרונות בעמ,,עיתון לאישה יום ב,Unknown,0.00,Unknown,false,1,21.90,21.90,true,1,
9771565189004,false,סיקרט שבועון,,,סיקרט,Unknown,0.00,Unknown,false,1,14.00,14.00,true,1,
9771565190000,false,אכו שבועון,,,אכו,Unknown,0.00,Unknown,false,1,14.00,14.00,true,1,
9771565359001,false,מיג-שבועון ברוסית,,,מיג-שבועון ברוסית,Unknown,0.00,Unknown,false,1,5.90,5.90,true,1,
9871184221359,false,גאודה הולנדית 30% במשקל,,,גאודה הולנדית 30%,Unknown,0.00,"ק""ג",true,0,89.00,89.00,true,1,
9871184221363,false,גאודה הולנדית עגבניות זיתים ובזיליקום,,,גאודה הולנדית עגבניה,Unknown,0.00,"ק""ג",true,0,127.00,127.00,true,1,
9871184221365,false,גאודה הולנדית עם רוטב חריף סמבל במשקל,,,גאודה הולנדית,Unknown,0.00,"ק""ג",true,0,119.00,119.00,true,1,
9871184221367,false,גאודה עיזים הולנדית במשקל,,,גאודה עיזים הולנדית,Unknown,0.00,"ק""ג",true,0,127.00,127.00,true,1,
