code,internal_code,name,manufacturer_name,manufacture_country,manufacturer_item_description,unit_qty,quantity,unit_of_measure,weighted,qty_in_package,price,unit_of_measure_price,allow_discount,status,item_id
13,true,שרי בצבעים,חקלאי,IL,שרי בצבעים,קילוגרמים,1.00,"ק""ג",true,,11.90,11.9000,true,1,5135
17,true,עגבניה,חקלאי,IL,עגבניה,קילוגרמים,1.00,"ק""ג",true,,12.90,12.9000,true,1,5206
20,true,מלפפון,חקלאי,IL,מלפפון,קילוגרמים,1.00,"ק""ג",true,,12.90,12.9000,true,1,5132
31,true,גזר ארוז,חקלאי,IL,גזר ארוז,קילוגרמים,1.00,"ק""ג",true,,7.70,7.7000,true,1,5154
40,true,סלק,חקלאי,IL,סלק,קילוגרמים,1.00,"ק""ג",true,,7.90,7.9000,true,1,5161
90,true,בצל יבש,חקלאי,IL,בצל יבש,קילוגרמים,1.00,"ק""ג",true,,6.50,6.5000,true,1,5223
97,true,בצל אדום,חקלאי,IL,בצל אדום,קילוגרמים,1.00,"ק""ג",true,,9.90,9.9000,true,1,5183
110,true,בטטה,חקלאי,IL,בטטה,קילוגרמים,1.00,"ק""ג",true,,14.90,14.9000,true,1,5133
138,true,דלעת ערמונים,חקלאי,IL,דלעת ערמונים,קילוגרמים,1.00,"ק""ג",true,,19.90,19.9000,true,1,6410
147,true,אפרסמון,חקלאי,IL,אפרסמון,קילוגרמים,1.00,"ק""ג",true,,27.90,27.9000,true,1,4366
155,true,פלפל כהה,חקלאי,IL,פלפל כהה,קילוגרמים,1.00,"ק""ג",true,,13.90,13.9000,true,1,5212
158,true,פלפל חריף ירוק,חקלאי,IL,פלפל חריף ירוק,קילוגרמים,1.00,"ק""ג",true,,12.90,12.9000,true,1,5213
160,true,פלפל אדום,חקלאי,IL,פלפל אדום,קילוגרמים,1.00,"ק""ג",true,,13.90,13.9000,true,1,5214
163,true,פלפל צהוב,חקלאי,IL,פלפל צהוב,קילוגרמים,1.00,"ק""ג",true,,15.90,15.9000,true,1,5215
170,true,קולורבי,חקלאי,IL,קולורבי,קילוגרמים,1.00,"ק""ג",true,,9.90,9.9000,true,1,5216
185,true,קישוא זוקיני,חקלאי,IL,קישוא זוקיני,קילוגרמים,1.00,"ק""ג",true,,13.90,13.9000,true,1,5140
287,true,שום ארוז חבילה,חקלאי,IL,שום ארוז חבילה,Unknown,0.00,Unknown,false,1,13.90,0.0000,true,1,5145
290,true,תפוח אדמה אדום,חקלאי,IL,תפוח אדמה אדום,קילוגרמים,1.00,"ק""ג",true,,6.90,6.9000,true,1,5219
295,true,3תפוח אדמה לבן,חקלאי,IL,תפוח אדמה לבן,קילוגרמים,1.00,"ק""ג",true,,6.50,6.5000,true,1,5146
312,true,מלון גליה,חקלאי,IL,מלון גליה,קילוגרמים,1.00,"ק""ג",true,,11.90,11.9000,true,1,5156
370,true,שומר,חקלאי,IL,שומר,קילוגרמים,1.00,"ק""ג",true,,12.90,12.9000,true,1,5159
486,true,לימון,חקלאי,IL,לימון,קילוגרמים,1.00,"ק""ג",true,,13.90,13.9000,true,1,5167
500,true,תפוז מובחר,חקלאי,IL,תפוז מובחר,קילוגרמים,1.00,"ק""ג",true,,11.90,11.9000,true,1,5220
510,true,קלמנטינה,חקלאי,IL,קלמנטינה,קילוגרמים,1.00,"ק""ג",true,,13.90,13.9000,true,1,30394
522,true,אשכולית אדומה,חקלאי,IL,אשכולית אדומה,קילוגרמים,1.00,"ק""ג",true,,9.90,9.9000,true,1,5169
557,true,בננה,חקלאי,IL,בננה,קילוגרמים,1.00,"ק""ג",true,,12.90,12.9000,true,1,5228
560,true,אבוקדו,חקלאי,IL,אבוקדו,קילוגרמים,1.00,"ק""ג",true,,25.50,25.5000,true,1,5170
568,true,רימון,חקלאי,IL,רימון,קילוגרמים,1.00,"ק""ג",true,,14.90,14.9000,true,1,6821
605,true,אגס,חקלאי,IL,אגס,קילוגרמים,1.00,"ק""ג",true,,18.90,18.9000,true,1,5172
626,true,מנגו,חקלאי,IL,מנגו,קילוגרמים,1.00,"ק""ג",true,,21.90,21.9000,true,1,5192
636,true,קיווי,חקלאי,IL,קיווי,קילוגרמים,1.00,"ק""ג",true,,39.90,39.9000,true,1,5222
638,true,קרמבולה,חקלאי,IL,קרמבולה,קילוגרמים,1.00,"ק""ג",true,,29.90,29.9000,true,1,25315
658,true,תפוח עץ סמית,חקלאי,IL,תפוח עץ סמית,קילוגרמים,1.00,"ק""ג",true,,16.50,16.5000,true,1,5176
688,true,תפוח עץ מוזהב,חקלאי,IL,תפוח עץ מוזהב,קילוגרמים,1.00,"ק""ג",true,,14.90,14.9000,true,1,5179
700,true,תפוח עץ סטארקינג,חקלאי,IL,תפוח עץ סטארקינג,קילוגרמים,1.00,"ק""ג",true,,14.90,14.9000,true,1,5224
738,true,ענבים אדומים,חקלאי,IL,ענבים אדומים,קילוגרמים,1.00,"ק""ג",true,,44.90,44.9000,true,1,17041
756,true,שזיף,חקלאי,IL,שזיף,קילוגרמים,1.00,"ק""ג",true,,34.90,34.9000,true,1,5187
782,true,פסיפלורה,חקלאי,IL,פסיפלורה,גרמים,500.00,100 גרם,false,1,15.90,3.1800,true,1,14493
4400,true,עגבנית שרי באשכולות,מרינה,IL,עגבנית שרי באשכולות שקיל,קילוגרמים,1.00,"ק""ג",true,,29.90,29.9000,true,1,22539
4405,true,מארז תפוז למיץ איכות,מרינה,IL,מארז תפוז למיץ איכותי 2 קג,לא מנהל יחידת מידה,0.00,לא מנהל יחידת מידה,false,1,9.90,0.0000,true,1,37116
4671,true,פאוץ גאווה,,,פאוץ גאווה,יחידה,1.00,יחידה,false,1,19.90,19.9000,true,1,53115
4690,true,סוכריה על מקל בטעם ת,פיני גולוסינאס אספני,,סוכריה על מקל בטעם תות,Unknown,0.00,Unknown,false,1,1.90,0.0000,true,1,29772
4780,true,סוכריה על מקל תרנגול,פיני גולוסינאס אספני,,סוכריה על מקל תרנגול,Unknown,0.00,Unknown,false,1,1.50,0.0000,true,1,33899
5803,true,פומלה,מרינה,IL,פומלה,קילוגרמים,1.00,"ק""ג",true,,12.90,12.9000,true,1,7844
5809,true,ענבים ירוקים,מרינה,IL,ענבים ירוקים,קילוגרמים,1.00,"ק""ג",true,,39.90,39.9000,true,1,21188
6407,true,בורקס /רוגלך /קוראסו,פילסברי,,בורקס /רוגלך /קוראסון/גבניות,קילוגרמים,1.00,"ק""ג",true,,64.90,64.9000,true,1,20385
6408,true,בורקס ריבועי פיצה,יושלם,,בורקס ריבועי פיצה,לא מנהל יחידת מידה,0.00,לא מנהל יחידת מידה,false,1,3.50,0.0000,true,1,20386
6415,true,סופגניה מיני בטעמים,יושלם,,סופגניה מיני בטעמים פילסברי,לא מנהל יחידת מידה,0.00,לא מנהל יחידת מידה,false,1,6.00,0.0000,true,1,28569
6900,true,פיתה קמח מלא /קלה,דגנית עין בר עין בר,,פיתה קמח מלא /קלה,גרמים,0.00,100 גרם,false,1,2.20,0.0000,true,1,20184
8066,true,תפוח קריספ פינק,מרינה,IL,תפוח קריספ פינק,קילוגרמים,1.00,"ק""ג",true,,21.90,21.9000,true,1,17475
8103,true,סופגניה עם ציפוי בטע,פילסברי,IL,סופגניה עם ציפוי בטעמים,גרמים,40.00,100 גרם,false,1,4.90,12.2500,true,1,43122
9287,true,שום ארוז במשקל,חקלאי,IL,שום ארוז במשקל,קילוגרמים,1.00,"ק""ג",true,,39.90,39.9000,true,1,14484
37936,true,עוף שלם טרי,"שטרן את רוזנברג בע""מ",IL,עוף שלם טרי,קילוגרמים,1.00,"ק""ג",true,,24.90,24.9000,true,1,49925
209524,true,סירופ דיאט פטל יכין,"זנלכל בע""מ",IL,יכין סירופ דיאט בטעם פטל 1 ליטר,ליטרים,1.00,ליטר,false,1,17.90,17.9000,true,1,44960
453781,true,שמרים יבשים 125 גרם,"פאקא תעשיות בע""מ",PT,שמרית שמרים יבשים 125 גרם,גרמים,125.00,100 גרם,false,1,7.50,6.0000,true,1,40172
2026976,true,גלידת שוקולד וגלידת,מוצרי איכות אמריקאיי,IL,שוקולד מילק &קוקיס - מופוריה,מיליליטרים,500.00,"100 מ""ל",false,1,23.90,4.7800,true,1,41131
2075271,true,ריקולה שקית בטעם צמח,,,ריקולה שקית בטעם צמחים 70גרם,גרמים,70.00,100 גרם,false,1,15.90,22.7143,true,1,52921
3072804,true,פסטרמה של פעם 200גר,הנסיך- מפעל לייצור ט,IL,"טירת צבי, פסטרמה של פעם, 200 גרם, ללא גלוטן",Unknown,0.00,Unknown,false,1,28.90,0.0000,true,1,42559
3140237,true,סילאן לחיץ,קליית גת,IL,סילאן לחיץ 360 קלית גת,גרמים,360.00,100 גרם,false,1,11.90,3.3056,true,1,39400
3143337,true,סילאן לחיץ טבעי 350,"טעמי הגליל בע""מ",IL,קליית גת סילאן טבעי לחיץ 350 גרם,גרמים,350.00,100 גרם,false,1,17.90,5.1143,true,1,41245
6256775,true,יין גאטו נגרו מלבק 7,פינקל פודס,AR,יין גאטו נגרו מלבק 750 מל,מיליליטרים,750.00,"100 מ""ל",false,1,39.90,5.3200,true,1,3263
6899088,true,תה סרמוני ירוק נענע,,IL,תה סרמוני ירוק נענע מרוקאית 20 שקיקים,יחידה,1.00,יחידה,false,1,19.90,19.9000,true,1,53062
30107014,false,נייר גלגול גדול + פילטר בודד,Unknown,IL,נייר גלגול גדול +פילטר בודד,יחידה,1.00,יחידה,false,1,9.80,9.8000,true,1,28349
30112902,false,נייר גלגול קטן+פילטר,Unknown,,נייר גלגול קטן+פילטר בודד,יחידה,1.00,יחידה,false,1,9.40,9.4000,false,1,28844
30112919,false,נייר גלגול בינוני + פילטר בודד,Unknown,IL,נ.ג. בינוני+פילטר בודד,Unknown,0.00,Unknown,false,1,7.90,0.0000,false,1,28221
32147230,false,"מיץ לימון משומר 200מ""ל(לימונית אקסטרא)",ג'נרל מילס סאן אדריא,CH,סיצילה מיץ לימון משומר לימונית 200 מל,מיליליטרים,200.00,"100 מ""ל",false,1,8.50,4.2500,true,1,17399
40084107,false,ביצת שוקולד הפתעה קינדר,פרדי קונדטוריה אס פי,IT,ביצת הפתעה - עשיר בחלב,גרמים,20.00,100 גרם,false,1,6.40,32.0000,true,1,2169
40084725,false,קינדר מילק סלייס 28 גרם,פררו טורקיה צ'\יקולטה וו,TR,קנדר מילק סלייס עוגת ספוג במילוי קרם65%,גרמים,30.00,100 גרם,false,1,4.90,16.3333,true,1,51103
40111216,false,באונטי חטיף קוקוס ושוקולד 57ג',"נארז ע""י : א.ג. גילר",NL,חטיף שוקולד באונטי 57 גרם,גרמים,57.00,100 גרם,false,1,4.90,8.5965,true,1,905
40677804,false,"יגרמייסטר 200מ""ל",ייגרמיסטר,LV,"יגרמייסטר 200מ""ל",מיליליטרים,200.00,"100 מ""ל",false,1,31.90,15.9500,true,1,41168
41001356,false,"בירה בקס פחית 500 מ""ל",יבואן ומשווק: ש. שסט,DE,בירה בק'ס בפחית 500 מל,מיליליטרים,500.00,"100 מ""ל",false,1,11.90,2.3800,true,1,4873
42061939,false,"בירה בקס בקבוק 500 מ""ל בקבוק","איי, בי, אינבוו",DE,בירה בקס 500 מל,מיליליטרים,500.00,"100 מ""ל",false,1,10.90,2.1800,true,1,38133
42138105,false,סיגריות וינסטון סלימס כחול בודד,גיי טי אינטרנשיונל,CH,סיגריות וינסטון סלימס כחול חפיסה בודד,לא מנהל יחידת מידה,0.00,לא מנהל יחידת מידה,false,1,33.70,0.0000,false,1,19886
42138129,false,סיגריות וינסטון סופר סלימס מנטול,Unknown,CH,סיגריות וינסטון סלימס מנטול חפיסה בודד,לא מנהל יחידת מידה,0.00,לא מנהל יחידת מידה,false,1,33.70,0.0000,false,1,19887
42149996,false,"בירה בקס בקבוק 275 מ""ל","איי, בי, אינבוו",DE,בירה בקס 275 מל,מיליליטרים,275.00,"100 מ""ל",false,1,8.90,3.2364,true,1,31586
52070082,false,פאלמאל סופר סלמס ויולט ח,Unknown,CH,סיגריות פאל מל סלימס כתום חפיסה בודד,לא מנהל יחידת מידה,0.00,לא מנהל יחידת מידה,false,1,30.50,0.0000,false,1,40084
54013674,false,ריזלה נייר גלגול אדו,ריזלה נייר גלגול אדו,,ריזלה נייר גלגול אדום 3גרם,יחידה,1.00,יחידה,false,1,3.00,3.0000,true,1,52870
54013681,false,ריזלה נייר גלגול אפו,ריזלה נייר גלגול אדו,,ריזלה נייר גלגול אפור 3גרם,יחידה,1.00,יחידה,false,1,3.00,3.0000,true,1,52871
54013698,false,ריזלה נייר גלגול כחו,ריזלה נייר גלגול אדו,,ריזלה נייר גלגול כחול 3גרם,יחידה,1.00,יחידה,false,1,3.00,3.0000,true,1,52872
59039549,false,סיגריות ווג פריזון מנטה בודד,Unknown,PL,סיגריות ווג פריזון מנטול חפיסה בודד,Unknown,0.00,Unknown,false,1,39.50,0.0000,false,1,22879
59068907,false,סיגריות פאל מאל כחול דמי סלימס,גלוברנס,PL,סיגריות פאל מאל כחול דמי סלימס בודד,לא מנהל יחידת מידה,0.00,לא מנהל יחידת מידה,false,1,26.40,0.0000,false,1,39258
59068914,false,סיגריות פאל מאל סילבר דמי סלימס,Unknown,PL,סיגריות פאל מאל סילבר דמני סלימס בודד,לא מנהל יחידת מידה,0.00,לא מנהל יחידת מידה,false,1,26.40,0.0000,false,1,39260
59455233,false,סיגריות ווג ליידי כחול בודד,Unknown,PL,סיגריות ווג ליידי כחול חפיסה בודד,לא מנהל יחידת מידה,0.00,לא מנהל יחידת מידה,false,1,39.50,0.0000,false,1,23871
59455240,false,ווג סופרסלימס לילך חפיסה,Unknown,PL,סיגריות ווג ליידי לילך חפיסה בודד,Unknown,0.00,Unknown,false,1,39.50,0.0000,false,1,23872
72917367,false,חטיף שוקולד טעמי עלי,"שטראוס גרופ בע""מ",IL,טעמי 40 גרם,גרמים,40.00,100 גרם,false,1,4.90,12.2500,true,1,1613
72940754,false,"מילקי מעדן וניל עם קצפת שטראוס 133 מ""ל","שטראוס גרופ בע""\מ",IL,מילקי בטעם וניל,גרמים,133.00,100 גרם,false,1,3.00,2.2556,true,1,1617
72940761,false,"מילקי מעדן שוקולד עם קצפת שטראוס 133 מ""ל",מיוצר עי קונדיטוריית,IL,מילקי בטעם שוקולד,גרמים,133.00,100 גרם,false,1,3.00,2.2556,true,1,1618
72940952,false,מעדן מילקי בטעם שוקולד עם אקסטרה קצפת,"שטראוס גרופ בע""\מ",IL,מילקי אקסטרה קצפת,גרמים,107.00,100 גרם,false,1,4.50,4.2056,true,1,1619
72945308,false,קוביית שמרים טריים לאפיה שמרית 50 גרם,"פאקא תעשיות בע""\מ",IL,שמרית שמרים טריים לאפייה 50 גרם,גרמים,50.00,100 גרם,false,1,4.60,9.2000,true,1,1621
72961506,false,יוגורט עם תות 1.5% שומן 125 ג' פרילי,מיוצר עי קונדיטוריית,IL,פרילי תות בגביע 125 גרם,מיליליטרים,125.00,"100 מ""ל",false,1,4.00,3.2000,true,1,7221
72961520,false,"פרילי יוגורט עם אננס 1.5% תנובה 125 מ""ל",מיוצר עי קונדיטוריית,IL,פרילי אננס בגביע 125 גרם,מיליליטרים,125.00,"100 מ""ל",false,1,4.00,3.2000,true,1,7538
72961544,false,"באדי יוגורט בטעם תות שדה 3% תנובה 125 מ""ל",מחלבת אלון תבור,IL,באדי תות 125 גרם,גרמים,125.00,100 גרם,false,1,3.60,2.8800,true,1,7222
72963753,false,שמנת אורגינל של פעם 27% שומן 200 ג' תנובה,תנובה מרכז שיתופי לש,IL,תנובה שמנת של פעם אורגינל 27% שומן,מיליליטרים,200.00,"100 מ""ל",false,1,4.40,2.2000,true,1,1624
72964132,false,פרילי טבע יוגורט עם גרנולה 200 גרם,מיוצר עי קונדיטוריית,IL,טבעגורט יוגורט עם גרנולה 200 גרם,גרמים,200.00,100 גרם,false,1,5.90,2.9500,true,1,1626
72964422,false,יוגורט פרחים 4.5% שומן 200 גרם,מחלבת תנובה,IL,תנובה יוגורט 4.5% שומן 200 מל,גרמים,200.00,100 גרם,false,1,3.00,1.5000,true,1,1627
72983997,false,קופסה גולף גולד ארוך בוקס,דובק,,סיגריות גולף גולד 100בוקס חפיסה בודד,לא מנהל יחידת מידה,0.00,לא מנהל יחידת מידה,false,1,31.20,0.0000,false,1,16997
72986370,false,"גלידת בן & ג'ריס פיינטים וניל 500מ""ל",מוצרי איכות אמריקאיים,IL,פיינט וניל FT,מיליליטרים,500.00,"100 מ""ל",false,1,23.90,4.7800,true,1,1631
72986424,false,"גלידת בן & ג'ריס פיינטים קרם עוגיות 500מ""ל",מוצרי איכות אמריקאיים בע,IL,"פיינט קרם עוגיות בד""ץ",מיליליטרים,500.00,"100 מ""ל",false,1,23.90,4.7800,true,1,1632
72986448,false,"גלידת בן & ג'ריס פיינטים טופי קראנץ 500מ""ל",מוצרי איכות אמריקאיים בע,IL,גלידת וניל עם חתיכות טופי מצופות שוקולד,מיליליטרים,500.00,"100 מ""ל",false,1,23.90,4.7800,true,1,1633
72986455,false,"ניו יורק סופר גלידת שוקולד, חתיכות פאדג' ואגוזים",מוצרי איכות אמריקאיים בע,IL,פיינט ניו-יורק סופר FT,מיליליטרים,500.00,"100 מ""ל",false,1,23.90,4.7800,true,1,1634
72986479,false,"צ'אנקי מנקי גלידת וניל, בננות, חתיכות פאדג' ואגוזים",מוצרי איכות אמריקאיים בע,IL,פיינט צאנקי מנקי FT,מיליליטרים,500.00,"100 מ""ל",false,1,23.90,4.7800,true,1,1635
72989395,false,טילון ורמוט קרם עוגיות,מוצרי איכות אמריקאיים בע,IL,טילון קרם עוגיות,גרמים,100.00,100 גרם,false,1,11.90,11.9000,true,1,2037
72989425,false,"גלידת בן & ג'ריס פיינטים שוקולד בראוניז 500מ""ל",מוצרי איכות אמריקאיים בע,IL,"גלידה שוקולד בראוניס 500 מ""ל",מיליליטרים,500.00,"100 מ""ל",false,1,23.90,4.7800,true,1,2597
72991374,false,סיגריות טיים רד חפיס,דובק,IL,סיגריות טיים רד חפיסה בודד,Unknown,0.00,Unknown,false,1,30.20,0.0000,false,1,1637
72991381,false,סיגריות טיים 100 RED בודד,דובק,IL,סיגריות טיים 100 רד חפיסה בודד,לא מנהל יחידת מידה,0.00,לא מנהל יחידת מידה,false,1,30.20,0.0000,false,1,1638
72991459,false,סיגריות גולף לייט חפ,דובק,IL,סיגריות גולף לייט חפיסה בודד,לא מנהל יחידת מידה,0.00,לא מנהל יחידת מידה,false,1,31.20,0.0000,false,1,1642
72991497,false,סיגריות נובלס פילטר בודד,קריות זול,IL,סיגריות נובלס פילטר חפיסה בודד,יחידה,0.00,יחידה,false,1,29.60,0.0000,false,1,1644
72991886,false,"גלידת דולצ'ה בטעם ריבת חלב עם פאדג' בן וג'ירי 500 מ""ל",מוצרי איכות אמריקאיים בע,IL,פיינט דולצ'ה דה לצ'ה,מיליליטרים,500.00,"100 מ""ל",false,1,23.90,4.7800,true,1,1650
72994061,false,חטיף פסק זמן GOOD גלילית לבן 40 גרם,שולן צ'\יקולטה גידה סאן.,TR,פסק זמן 2GOOD,גרמים,36.00,100 גרם,false,1,5.90,16.3889,true,1,36976
76136184,false,סיגריות פאל מל סלימס כחול בודד,Unknown,CH,סיגריות פאל מל סלימס כחול חפיסה בודד,לא מנהל יחידת מידה,0.00,לא מנהל יחידת מידה,false,1,30.50,0.0000,false,1,15297
76136191,false,פאל מאל סופר סלים אורנג',bat,CH,סיגריות פאל מל סלימס כתום חפיסה בודד,לא מנהל יחידת מידה,0.00,לא מנהל יחידת מידה,false,1,29.00,0.0000,false,1,7231
80001027,false,לואקר טורטינה שוקולד חלב,"כד בני דרום בע""מ",IT,וופל בציפוי שוקולד חלב וממלוא בקרם אגוזים,גרמים,21.00,100 גרם,false,1,4.90,23.3333,true,1,2166
80001287,false,וופל חטיף לואקר אגוז 38 גר',ליימן מותגים,AT,חטיף גרדנה אגוז 38 גרם,גרמים,38.00,100 גרם,false,1,4.90,12.8947,true,1,1696
80001461,false,חטיף גרנדה שוקולד 38 גרם,"א. לואקר קונפקט בע""מ",AT,חטיף גרדנה שוקולד 38 גרם,גרמים,38.00,100 גרם,false,1,4.90,12.8947,true,1,7135
80001799,false,חטיף טורטינה קרם אגוזים 21 גרם,"כד בני דרום בע""מ",IT,וופל בציפוי שוקולד חלב וממלוא בקרם אגוזים,גרמים,21.00,100 גרם,false,1,4.90,23.3333,true,1,32520
80001911,false,וופל גרדנה במילוי קרם אגוזי לוז ובציפוי שוקולד לבן,ליימן מותגים,AT,חטיף גרדנה לבן 38 גרם,גרמים,38.00,100 גרם,false,1,4.90,12.8947,true,1,34010
80042556,false,POLPA עגבניות חתוכות דק 400 גרם MUTTI,"איי, בי, אינבוו",IT,עגבניות מרוסקות POLPA MUTTI,גרמים,400.00,100 גרם,false,1,6.90,1.7250,true,1,43941
80042563,false,רסק עגבניות MUTTI{צהוב} 700 גרם,"איי, בי, אינבוו",IT,רסק עגבניות 700 גרם (צהוב) MUTTI,גרמים,700.00,100 גרם,false,1,12.90,1.8429,true,1,41278
80050025,false,סוכריות טיק טק תפוז 16 גרם,פררו - אלבה,ZA,דחוסות בטעם תפוז,גרמים,16.00,100 גרם,false,1,4.50,28.1250,true,1,1718
80050124,false,סוכריות טיק טק מנטה 16 גרם,פררו - אלבה,ZA,טיק טק מנטה,גרמים,16.00,100 גרם,false,1,4.50,28.1250,true,1,1719
80050278,false,פררו רושר חטיף כדורים שלישיה 40ג',פררו - אלבה,IT,פררו רושה שלישייה,גרמים,38.00,100 גרם,false,1,6.50,17.1053,true,1,4941
80052487,false,חטיף+ציפוי קוקוס רפאלו30,פררו - אלבה,PL,רפאלו 30 גרי שלישייה,גרמים,30.00,100 גרם,false,1,5.50,18.3333,true,1,51514
80052760,false,קינדר בואנו Kinder Bueno עם חלב ואגוזי לוז,פררו - אלבה,PL,קינדר בואנו,גרמים,43.00,100 גרם,false,1,5.00,11.6279,true,1,1721
80176732,false,קינדר הפי היפו 28 יחידות,פררו - אלבה,DE,"הפי היפו קקאו, וופל במילוי קרם חלבי וקרם קקאו",גרמים,21.00,100 גרם,false,1,4.50,21.4286,true,1,17091
80176800,false,נוטלה ממרח שוקולד 750 גרם,פררו תעשיות איטליה ס,IT,ממרח שוקולד נוטלה 750 גרם,גרמים,750.00,100 גרם,false,1,28.90,3.8533,true,1,1722
80177173,false,ממרח שוקולד נוטלה 350 גרם,פררו - אלבה,IT,ממרח שוקולד נוטלה אגוזים 350 גרם,גרמים,350.00,100 גרם,false,1,16.90,4.8286,true,1,1723
80177180,false,שוקולד קינדר קאונטרי 23.5 גרם,ליימן שליסל,IT,שוקולד קינדר קאנטרי 23.5 גרם,גרמים,24.00,100 גרם,false,1,3.50,14.5833,true,1,24207
80177609,false,אצבעות שוקולד קינדר Kinder ארבע יחידות,פררו - אלבה,IT,שוקולד חלב עם תכולת חלב גבוהה במילוי קרם חלבי,גרמים,50.00,100 גרם,false,1,5.50,11.0000,true,1,1724
80177616,false,אצבעות שוקולד קינדר Kinder שמונה יחידות,פררו - אלבה,IT,שוקולד חלב עם תכולת חלב גבוהה במילוי קרם חלבי,גרמים,100.00,100 גרם,false,1,9.90,9.9000,true,1,1725
80273660,false,שום במטחנה 50 גר ארומה דה טוסקנה,דרוגיה ואלימנטרי אס.אר.א,IT,שום במטחנה 50 גרם,גרמים,50.00,100 גרם,false,1,13.90,27.8000,true,1,28037
80273677,false,צילי במטחנה 20 גר ארומה דה טוסקנה,דרוגיה ואלימנטרי אס.אר.א,IT,"צ""ילי במטחנה 20 גרם",גרמים,20.00,100 גרם,false,1,13.90,69.5000,true,1,6201
80310891,false,ג'וי ביצת הפתעה קינדר 20 גרם,קריות זול,ZA,"ביצת קינדר ג""וי 20 גרם",גרמים,20.00,100 גרם,false,1,6.90,34.5000,true,1,54084
80541776,false,אורגנו אורגני 14 גר קנהמלה,האי נאם סי או אל.טי.,IT,אורגנו אורגני,גרמים,14.00,100 גרם,false,1,15.90,113.5714,true,1,42737
80651000,false,שום צילי במטחנה 30 גרם ארומה דה טוסקנה,דרוגיה ואלימנטרי אס.אר.א,IT,"שום וצ""ילי במטחנה 30 גרם",גרמים,30.00,100 גרם,false,1,13.90,46.3333,true,1,28038
80761761,false,קינדר בואנו חטיף לבן בודד,ליימן שליסל,PL,חטיף וופל קינדר בואנו שוקולד לבן 39 גרם,גרמים,39.00,100 גרם,false,1,5.00,12.8205,true,1,23314
80768258,false,קינדר ג'וי Joy ביצת הפתעה ורוד,פררו - אלבה,ZA,קינדר ג'וי ורוד,גרמים,20.00,100 גרם,false,1,6.40,32.0000,true,1,28016
80773429,false,מנטוס בקבוק מעוגל - מסטיק ללא סוכר בטעם תות 60 גרם,"פרפטי ואן מלה ג'\ידה,סאן",TR,מנטוס גומי לעיסה ללא סוכר בטעם תות שדה,גרמים,60.00,100 גרם,false,1,10.90,18.1667,true,1,38131
80773443,false,מנטוס בקבוק מעוגל - מסטיק ללא סוכר בטעם מנטה 60 גרם,"פרפטי ואן מלה ג'\ידה,סאן",TR,מנטוס גומי לעיסה ללא סוכר בטעם מנטה,גרמים,60.00,100 גרם,false,1,10.90,18.1667,true,1,37331
80790990,false,מסטיק מנטוס בבקבוק מעוגל בטעם פירות -מנטה 60 ג',"פרפטי ואן מלה ג'\ידה,סאן",TR,מסטיק מנטוס מנטה עדינה בקבוק מעוגל 60 גר,גרמים,60.00,100 גרם,false,1,10.90,18.1667,true,1,37330
80809265,false,וופל לואקר טורטינה חמאת בוטנים 21 גר,לואקר,AT,חטיף טורטינה חמאת בוטנים 21 גרם,גרמים,21.00,100 גרם,false,1,4.90,23.3333,true,1,53407
80843184,false,מנטוס מסטיק פיור פרש בטעם ענבים 60גר,פרפטי ואן מלה הולנד,TR,מסטיק בקבוקון פיור ענבים 60 גרם,גרמים,60.00,100 גרם,false,1,10.90,18.1667,true,1,51653
80864059,false,וופל גרדנה עם קרם חמאת בוטנים בציפוי שוקולד חלב,ליימן מותגים,AT,גרדנה חמאת בוטנים 38 גרם,גרמים,38.00,100 גרם,false,1,4.90,12.8947,true,1,53408
80864295,false,סוכריות פיור וויט טעם מנטה עדינה 60 ג' מנטוס,"פרפטי ואן מלה ג'ידה,סאן",TR,מסטיק בקבקון מ.עדינה pure white 60 גרם,גרמים,60.00,100 גרם,false,1,10.90,18.1667,true,1,51916
80874652,false,קינדר קלפים בודד 25.6 גר',פררו,IT,קינדר קארדס 25.6 גרם,גרמים,26.00,100 גרם,false,1,4.90,18.8462,true,1,53965
80896081,false,מנטוס בקבוק מעוגל - מסטיק ללא סוכר בטעם אבטיח 60 גרם,"פרפטי ואן מלה ג'\ידה,סאן",TR,מנטוס גומי לעיסה ללא סוכר בטעם אבטיח,גרמים,60.00,100 גרם,false,1,10.90,18.1667,true,1,38132
80913467,false,מנטוס בקבוק מעוגל - מסטיק ללא סוכר בטעם מנטה,פרפטי ואן מלה הולנד,TR,mentos - pure fresh,גרמים,60.00,100 גרם,false,1,10.90,18.1667,true,1,37332
80936848,false,סוכריות טיק טק בטעם תות שדה,ליימן-שליסל,ZA,טיק טק תות,גרמים,16.00,100 גרם,false,1,4.50,28.1250,true,1,27814
80945468,false,סוכריות פיור וויט טעם מנטה מתוקה 60 ג' מנטוס,"פרפטי ואן מלה ג'ידה,סאן",TR,מסטיק בקבקון מ.מתוקה pure white 60 גרם,גרמים,60.00,100 גרם,false,1,10.90,18.1667,true,1,51917
80974482,false,קינדר ג'וי Joy ביצת הפתעה כחול,פררו - אלבה,ZA,קינדר ג'וי כחול,גרמים,20.00,100 גרם,false,1,6.40,32.0000,true,1,28017
80979128,false,מנטוס מסטיק בקבוק מעוגל בטעם דובדבן,פרפטי ואן מלה הולנד,TR,מסטיק בקבוקון פיור דובדובן 60 גרם,גרמים,60.00,100 גרם,false,1,10.90,18.1667,true,1,51654
80982470,false,מסטיק מנטוס פיור פרוסט בטעם מנטה חזק 60 גר',פרפטי ואן מלה ברדה,TR,מסטיק מנטוס פיור מנטה חזקה 60 ג,גרמים,60.00,100 גרם,false,1,10.90,18.1667,true,1,50737
80986348,false,סוכריות פיור וויט טעם מנטה 60 ג' מנטוס,"פרפטי ואן מלה ג'ידה,סאן",TR,מסטיק בקבקון מנטה pure white 60 גרם,גרמים,60.00,100 גרם,false,1,10.90,18.1667,true,1,51918
80995128,false,מנטוס בקבוק עגול בטעם הדרים בתוספת ויטמינים 60 גרם,פרפטי ואן מלה הולנד,TR,מנטוס מסטיק ויטמינים בטעם הדרים 60 גרם,גרמים,60.00,100 גרם,false,1,10.90,18.1667,true,1,54507
84197375,false,סוכריה זום לקקן בטעם אבטיח/תות/קולה/ חמוץ,וידאל,ES,סוכריה זום לקקן ענק תות,גרמים,33.00,100 גרם,false,1,3.80,11.5152,true,1,38301
85939868,false,ניר קצר לגלגול ללא פילטר,U 4 ROLL,CZ,נייר קצר ללא פילטר,יחידה,0.00,יחידה,false,1,3.00,0.0000,true,1,42398
85942677,false,ניר קצר דק פארטי+פילטר50,U 4 ROLL,CZ,נייר קצר כולל פילטר,Unknown,0.00,Unknown,false,1,6.00,0.0000,false,1,42397
85942707,false,נייר קצר ללא פילטר עבה PIH,U 4 ROLL,CZ,נייר קצר עבה,Unknown,0.00,Unknown,false,1,3.00,0.0000,false,1,42401
85967076,false,נייר גלגול בינוני כולל פילטר חום,בל פור יו,CZ,נייר בינוני כולל פיל,יחידה,1.00,יחידה,false,1,7.50,7.5000,true,1,46366
87108538,false,סוכריות בטעם תות מנטוס 37.5 גרם,הדקלאים אגודת שיתופי,NL,מנטוס תות 40 גלילים,גרמים,38.00,100 גרם,false,1,3.90,10.2632,true,1,6423
87311396,false,מנטוס ריינבאוו סוכריות לעיסה בטעמי פירות,פרפטי ואן מלה ברדה,NL,מנטוס ריינבאוו סוכריות לעיסה בטעמי פירות 37.5 גרם,גרמים,38.00,100 גרם,false,1,3.90,10.2632,true,1,25702
90162602,false,רד בול משקה אנרגיה פקדון 30 אג,רד בול ג'י.אם.בי. אץ,IL,"משקה אנרגיה רד בול 250 מ""ל",מיליליטרים,250.00,"100 מ""ל",false,1,8.50,3.4000,true,1,5915
90162800,false,רד בול משקה אנרגיה ללא סוכר פקדון 30 אג,רד בול ג'י.אם.בי. אץ,AT,רד בול,מיליליטרים,250.00,"100 מ""ל",false,1,8.50,3.4000,true,1,7610
90446269,false,"משקה רד בול אבטיח מוגז פחית 250 מ""ל",ראון פרוכטסאפה,AT,רד בול אבטיח - משקה אנרגיה פונקציונאלי,מיליליטרים,250.00,"100 מ""ל",false,1,8.50,3.4000,true,1,50917
90448867,false,"משקה אנרגיה רד בול ללא פחמימות 250 מ""ל",רד בול,AT,"רד בול ללא פחמימות 250 מ""ל",מיליליטרים,250.00,"100 מ""ל",false,1,8.50,3.4000,true,1,53061
8112100298,false,"שמן שומשום טהור מזרח ומערב 185 מ""ל",Flavor full foods in,TW,מזרח ומערב שמן שומשום טהור לא מזוכך 185 מל,מיליליטרים,185.00,"100 מ""ל",false,1,15.90,8.5946,true,1,52637
8421408948,false,בובת TY- הלו קיטי סר,TY,,בובת TY- הלו קיטי סרבל ורוד קטנה,Unknown,0.00,Unknown,false,1,39.50,0.0000,true,1,31406
9800800056,false,חטיף שוקולד עם מקלות לחם אנד גו,פררו - אלבה,DE,נוטלה גו בייגלה מלוח,גרמים,52.00,100 גרם,false,1,7.90,15.1923,true,1,34956
11182700930,false,קינג קול שעועית אדומה כהה 439 גרם,הנובר פודס,US,שעועית אדומה בהירה קינג קול 436 גרם,גרמים,436.00,100 גרם,false,1,11.90,2.7294,true,1,32137
11182700954,false,קינג קול שעועית שחורה 439 גרם,האנאובר פודס קורפורשיין,US,שעועית שחורה קינג קול 436 גרם,גרמים,436.00,100 גרם,false,1,11.90,2.7294,true,1,32136
11210000094,false,רוטב טבסקו אדום 60 גרם,מקאילהייני אייבורי,US,"רוטב טבסקו 60 מ""ל",מיליליטרים,60.00,"100 מ""ל",false,1,12.90,21.5000,true,1,5331
11210007253,false,"רוטב שום ופלפל טבסקו 60 מ""ל",מקאילהייני אייבורי,US,"רוטב טבסקו שום ופלפל 60 מ""ל",מיליליטרים,60.00,"100 מ""ל",false,1,12.90,21.5000,true,1,14823
14100074120,false,פפרידג' פארם עוגיות מילאנו 170 גרם,פפרידג פראם,,עוגיות מילאנו פפרידג 198 גרם,גרמים,198.00,100 גרם,false,1,24.90,12.5758,true,1,4521
14100077084,false,עוגיות פפרידג' עם עוגיות פקאן,פפרידג פראם,US,פפרידג פארם עוגיות צספיק שוקולד מריר פ,גרמים,204.00,100 גרם,false,1,24.90,12.2059,true,1,54097
14100077121,false,פפרידג' פארם עוגיות סוסליטו שוקולד חלב מקדמיה 204 גרם,פפרידג פראם,,עוגיות סוסליטו שוקו מקדמיה פפרידג 206 גר,גרמים,206.00,100 גרם,false,1,24.90,12.0874,true,1,4524
14100082033,false,עוגיות פפרידג בראוניז רכות קפטיבה (אדום),פפרידג פראם,,עוגיות קאפטיבה רכות פפרידג 244 גרם,גרמים,244.00,100 גרם,false,1,24.90,10.2049,true,1,8819
16000185517,false,דגני בוקר פייבר וואן עתירי סובין FIBRE1,בטר אנד דיפרנט,US,דגני פייבר 1 555גרם,גרמים,555.00,100 גרם,false,1,32.90,5.9279,true,1,52067
16000423534,false,חטיפי גרנולה קראנצ'י עם שיבולת שועל ושוקולד מריר נייצ'ר ואלי 5*42 גרם,ג'נרל מילס סאן אדריאן,ES,חטיפי גרנולה קראנצי שיבולת שועל מריר 210,גרמים,210.00,100 גרם,false,1,14.90,7.0952,true,1,23219
16000548404,false,חטיפי גרנולה קראנצ'י עם שיבולת שועל ודבש נייצ'ר ואלי 5*42 גרם,ג'נרל מילס סאן אדריאן,ES,"נייטשר וואלי, קראנצ'י שיבולת שועל עם דבש",גרמים,210.00,100 גרם,false,1,14.90,7.0952,true,1,231
16000548503,false,חטיפי גרנולה קראנצ'י עם מייפל וסוכר חום נייצ'ר ואלי 5*42 גרם,ג'נרל מילס סאן אדריאן,ES,חטיפי גרנולה קראנצי מייפל וסוכר חום 210,גרמים,210.00,100 גרם,false,1,14.90,7.0952,true,1,232
16000548909,false,חטיפי גרנולה קראנצ'י במגוון טעמים נייצ'ר ואלי 5*42 גרם,ג'נרל מילס סאן אדריאן,ES,חטיפי גרנולה קראנצי מגוון טעמים 210 גרם,גרמים,210.00,100 גרם,false,1,14.90,7.0952,true,1,234
18000701223,false,"פילסברי, עוגה בטעם שוקולד, תערובת להכנת עוגה בטעם שוקולד. 500 גרם",הדקלאים אגודת שיתופי,IL,תערובת להכנת עוגת שוקולד פילסברי 500 גרם,גרמים,500.00,100 גרם,false,1,19.90,3.9800,true,1,6070
18000766413,false,"פילסברי, עוגה בטעם שוקולד, תערובת להכנת עוגה בטעם שוקולד. 550 גרם.",הדקלאים אגודת שיתופי,IL,תערובת לעוגת בראוניס פלסברי 550 גרם,גרמים,550.00,100 גרם,false,1,19.90,3.6182,true,1,19622
22200956949,false,דאודורנט ג'ל כתום לגבר ספיד סטיק 85 גרם,קולגייט-פלמוליב,US,"דאודורנט ספיד סטיק ג""ל כחול 85 גרם",מיליליטרים,85.00,"100 מ""ל",false,1,21.90,25.7647,true,1,346
25675301108,false,חמצוצים מקלות חמוצים תות 50 גרם,פאסין,NL,מקלות חמוצים פשקס תות 50 גרם,גרמים,50.00,100 גרם,false,1,5.90,11.8000,true,1,8764
25675301184,false,חמצוצים מקלות חמוצים קולה 50 גרם,פשקז Paskesz,NL,מקלות חמוצים קולה 50 גרם,גרמים,50.00,100 גרם,false,1,5.90,11.8000,true,1,8765
30000315989,false,קוואקר פרוטאין חמוציות ושקדים 372 גרם,קוואקר אוטס קומפני,US,קוואקר פרוטאין חמוציות ושקדים 372 גרם,גרמים,372.00,100 גרם,false,1,28.90,7.7688,true,1,41848
30100487197,false,קרקר סנדוויץ בטעם צ'דר,"מאכלי עולם ר.ז. בע""מ",,קיבלר קרקר גבינת צדר לבן 39 גרם,גרמים,39.00,100 גרם,false,1,4.90,12.5641,true,1,28496
30100545101,false,קיבלר סנדוויץ קרקר קלאב צדר 39 גרם,"מאכלי עולם ר.ז. בע""מ",,קיבלר קרקר קלאב צדר כתום 39 גרם,גרמים,39.00,100 גרם,false,1,4.90,12.5641,true,1,28023
34000544028,false,סוכריות ארוכות בטעם תות טוויזלרס Twizzlers,ליימן מותגים,US,טוויזלרס ממתק בטעם תות 198 גרם,גרמים,198.00,100 גרם,false,1,9.90,5.0000,true,1,52572
36000183399,false,"ליטל סווימרס בגד-ים חד פעמי 7-15 ק""ג M האגיס",חוגלה קימברלי,CZ,חיתולי האגיס שחיה מידה S/M,לא מנהל יחידת מידה,0.00,לא מנהל יחידת מידה,false,1,45.90,0.0000,true,1,23380
36000516876,false,ממחטות נייר קלינקס לושן 3 שכבות 75 דף,חוגלה קימברלי,US,קלינקס לושן 75 - 3 שכבות,יחידה,27.00,יחידה,false,1,12.90,0.4778,true,1,44422
37600207188,false,חמאת בוטנים קלאסי סקיפי 462 גרם,חברת המזון אלגוד,US,חמאת בוטנים סקיפי קלאסיק 462 גרם,גרמים,462.00,100 גרם,false,1,21.90,4.7403,true,1,28417
37600207256,false,חמאת בוטנים עם שברי בוטנים סקיפי 462 גרם,חברת המזון אלגוד,US,חמאת בוטנים סקיפי עם שברי בוטנים 462 גרם,גרמים,462.00,100 גרם,false,1,24.90,5.3896,true,1,28452
37600207287,false,סקיפי חמאת בוטנים בטעם דבש 462 גרם,חברת המזון אלגוד.,US,חמאת בוטנים סקיפי עם דבש 462 גרם,גרמים,462.00,100 גרם,false,1,26.90,5.8225,true,1,32110
37600297943,false,מטבל סלסה חריף- צ'י צ'י 439 גר,מותגים,US,439גרם CHI-CHISמטבל סלסה חריף,גרמים,439.00,100 גרם,false,1,17.90,4.0774,true,1,54034
37600297967,false,מטבל סלסה בחריפות עדינה ציי צי 439 גר,מותגים,US,CHI-CHIS מטבל סלסה בחריפות עדינה 439 גרם,גרמים,439.00,100 גרם,false,1,17.90,4.0774,true,1,54033
38000138607,false,חטיף צ'יפס בטעם מלח וחומץ,פרינגלס מנופקצ'ורינג,US,פרינגלס חומץ מלח 158 גרם,גרמים,158.00,100 גרם,false,1,10.90,6.8987,true,1,41944
38000138638,false,חטיף צ'יפס פרינגלס פיצה 158 גרם,פרינגלס מנופקצ'ורינג קונ,US,פרינגלס פיצה 158 גרם,גרמים,158.00,100 גרם,false,1,10.90,6.8987,true,1,35676
38000138720,false,חטיף צ'יפס פרינגלס ראנץ 158 גרם,פרינגלס מנופקצ'ורינג קונ,US,פרינגלס ראנץ 158 גרם,גרמים,158.00,100 גרם,false,1,10.90,6.8987,true,1,39697
38000183928,false,פרינגלס חרדל ודבש 158 גרם,פרינגלס מניופקצ'ורינ,US,פרינגלס חרדל ודבש 158 גרם,גרמים,158.00,100 גרם,false,1,10.90,6.8987,true,1,49398
38000232152,false,פרינגלס חטיפי תפוח אדמה בטעם ברביקיו 158 גרם,פרינגלס מנופקצ'ורינג קומ,US,פרינגלס ברביקיו 158גרם,גרמים,158.00,100 גרם,false,1,10.90,6.8987,true,1,44921
38000232176,false,פרינגלס ביג שמנת בצל 158 גרם,פרינגלס מנופקצ'ורינג קונ,US,פרינגלס שמנת בצל 158גרם,גרמים,158.00,100 גרם,false,1,10.90,6.8987,true,1,44920
38000232183,false,פרינגלס ביג אורגינל 149 גרם,פרינגלס מנופקצ'ורינג קונ,US,פרינגלס אורגינל 149 גרם,גרמים,149.00,100 גרם,false,1,10.90,7.3154,true,1,44919
38527591053,false,קואקר דגנים מרובעים שיבולת שועל וקינמון,קוואקר אוטס קומפני,US,דגני קוואקר מרובעים קינמון 411 גרם,גרמים,411.00,100 גרם,false,1,22.70,5.5231,true,1,24512
38527591060,false,דגני קוואקר מרובעים Quaker Squares עם סוכר חום,קוואקר אוטס קומפני,US,דגני קוואקר מרובעים סוכר חום 411 גרם,גרמים,411.00,100 גרם,false,1,22.70,5.5231,true,1,24513
40000514480,false,M&M אריזה קטנה's שוקולד אריזה קטנה 48 גרם,M&M אם אנד אם,US,סוכריות M&M בטעם שוקולד 48 גרם,גרמים,48.00,100 גרם,false,1,5.80,12.0833,true,1,34326
40000514510,false,M&M אריזה קטנה's בוטנים אריזה קטנה 49 גרם,M&M אם אנד אם,US,סוכריות שוקולד M&M בוטנים 49 גרם,גרמים,49.00,100 גרם,false,1,5.80,11.8367,true,1,34007
41224468108,false,עגבניות מיובשות שמן זית 340 גרם ROLAND,סיגס גיטה,TR,עגבניות מיובשות בשמן זית 283 גרם,גרמים,283.00,100 גרם,false,1,24.90,8.7986,true,1,26886
41421177452,false,"רייטס רוטב היקורי מעושן מרוכז 103 מ""ל",בי אנד ג'י,US,רייטס רוטב היקורי מעושן מרוכז 103 מל,מיליליטרים,103.00,"100 מ""ל",false,1,14.90,14.4660,true,1,42073
41570113103,true,בלו דיאמנד משקה שקדי,קלובר ס.א,ZA,בלו דיאמנד משקה שקדים בריסטה להקצפה 1 לי,ליטרים,1.00,ליטר,false,1,21.90,21.9000,true,1,40171
46214731552,false,עוגיות שוקולד צ'יפס 37% גודיס 225 גרם,קריניציה ויטמינה אס,NL,מרבה עוגיות 37% שוקולד ציפס,גרמים,225.00,100 גרם,false,1,10.90,4.8444,true,1,1096
50000015474,false,"מזון חתולים פריסקיז מעדני הים 1.43 ק""ג",פריסקיז,US,פריסקיז דגים 1.42 קג,קילוגרמים,1.42,"ק""ג",false,1,39.90,28.0986,true,1,8262
50000084500,false,מזון יבש לחתול בטעם נתחי ברביקיו פריסקיז Friskies,נסטלה פורינה USA מק,US,פריסקיז מעדני השף 1.42 קג,קילוגרמים,1.42,"ק""ג",false,1,39.90,28.0986,true,1,17034
50000100347,false,"פריסקיז - מעדני החתול מועשר בחלב 1.40 ק""ג",נסטלה פורינה USA מק,US,פריסקיז מעדני החתול מועשר בחלב 1.4קג,קילוגרמים,1.40,"ק""ג",false,1,39.90,28.5000,true,1,37221
50000168583,false,"מזון חתולים פריסקיז אקסטרא קראנץ 1.43 ק""ג","פורינה ארה""\ב",US,פריסקיז אקסטרא קראנץ 1.47 קג,קילוגרמים,1.47,"ק""ג",false,1,39.90,27.1429,true,1,50768
50000170180,false,מזון חתולים פריסקיז עוף ברוטב 156 גרם,נסטלה פורינה USA קר,US,פריסקיז פריים פילה עוף ברוטב 156 גר,גרמים,156.00,100 גרם,false,1,6.90,4.4231,true,1,50193
50000225224,false,מזול חתולים פריסקיז פילה הודו ברוטב 156 גרם,נסטלה פורינה USA קר,US,פריסקיז פריים פילה הודו ברוטב 156 גר,גרמים,156.00,100 גרם,false,1,6.90,4.4231,true,1,50194
50000237951,false,פריסקיז פארטי מיקס מיקס גריל קראנץ10*60גרם,נסטלה פורינה פטקר ארצות,US,פריסקיז פארטי מיקס מיקס גריל קראנץ 60ג,גרמים,60.00,100 גרם,false,1,11.90,19.8333,true,1,53380
50000238910,false,פריסקיז פארטי מיקס אוריגי'נל קראנץ 60 גרם,נטסלה פורינה פטקר ארצות,US,פריסקיז פארטי מיקס אוריגינל קראנץ10 60ג,גרמים,60.00,100 גרם,false,1,11.90,19.8333,true,1,53379
50000292592,true,פנסי פיסט סלמון ברוט,פורינה,US,פנסי פיסט סלמון ברוטב עשיר,גרמים,85.00,100 גרם,false,1,5.90,6.9412,true,1,46159
50000292615,true,פנסי פיסט לבבות עוף,פורינה,US,פנסי פיסט לבבות עוף וכבד,גרמים,85.00,100 גרם,false,1,5.90,6.9412,true,1,39116
50000429042,false,מזון חתולים כבד מעודן ועוף פנסי פיסט 85 גרם,נסטלה פורינה USA ג',US,מזון חתולים כבד מעודן ועוף פנסי פיסט 85,גרמים,85.00,100 גרם,false,1,5.90,6.9412,true,1,40059
50000429349,true,פנסי פיסט פטה פירות,פורינה,US,פנסי פיסט פטה פירות ים,גרמים,85.00,100 גרם,false,1,6.90,8.1176,true,1,49227
50000429448,false,פריסקיז פנסי פיסט פטה מוס סלמון 85 גרם,נסטלה פורינה USA סט,US,פנסי פיסט מוס סלמון 85 גר,גרמים,85.00,100 גרם,false,1,5.90,6.9412,true,1,8636
50000429646,false,פריסקיז פנסי פיסט לח דג אוקיאנוס 85 גרם,נסטלה פורינה USA ג',US,מזון חתולים לח דגים פנסי פיסט 85 גרם,גרמים,85.00,100 גרם,false,1,5.90,6.9412,true,1,22255
50000434640,false,פריסקיז פנסי פיסט נתחי לבבות כבד ועוף 85 גרם,נסטלה פורינה USA סט,US,מזון חתולים לח נתחי עוף פנסי פיסט 85 גרם,גרמים,85.00,100 גרם,false,1,5.90,6.9412,true,1,8250
50000445691,false,מזול חתולים פריסקיז עוף וסלמון ברוטב 156 גרם,נסטלה פורינה USA קר,US,פריסקיז חתולים נתחי עוף וסלמון ברוטב,גרמים,156.00,100 גרם,false,1,6.90,4.4231,true,1,50192
50000574414,false,פריסקיז פארטי מיקס פיקניק קראנץ 60 גרם,נסטלה פורינה פטקר ארצות,US,פריסקיז פארטי מיקס פיקניק קרנץ 59.500ג,גרמים,60.00,100 גרם,false,1,11.90,19.8333,true,1,53382
50000574438,false,פריסקיז פארטי מיקס מעדני ים קראנץ10*60גרם,נסטלה פורינה פטקר ארצות,US,פריסקיז פארטי מיקס מעדני ים קראנץ 60ג,גרמים,60.00,100 גרם,false,1,11.90,19.8333,true,1,53381
50000578238,false,פריסקיז פארטי מיקס קרייזי צ'יז 60 גרם,נסטלה פורינה פטקר ארצות,US,פריסקיז פארטי מיקס קרייזי ציז 59.500ג,גרמים,60.00,100 גרם,false,1,11.90,19.8333,true,1,53383
50000578450,true,פנסי פיסט עוף ברוטב,פורינה,US,פנסי פיסט עוף ברוטב עשיר,גרמים,85.00,100 גרם,false,1,5.90,6.9412,true,1,39110
52100004488,false,פפריקה מקורמיק 60 גרם,מקרומיק,US,פפריקה 60 גרם,גרמים,60.00,100 גרם,false,1,22.90,38.1667,true,1,42139
52100005966,false,גבישי שום מקורמיק 85 גרם,מקרומיק,US,גבישי שום 85 גרם,גרמים,85.00,100 גרם,false,1,28.90,34.0000,true,1,42141
52100030043,false,פלפל שחור טחון גס 42 גרם,מקורמיק אנ גו,US,פלפל שחור טחון גס 42 גרם,גרמים,42.00,100 גרם,false,1,20.90,49.7619,true,1,42138
52100030234,false,פלפל שחור שלם מקורמי,מקרומיק,US,פלפל שחור 53 גרם,גרמים,53.00,100 גרם,false,1,28.90,54.5283,true,1,42140
52100070780,false,"תמצית תפוז טהורה 29 מ""ל",מקורמיק,US,"תמצית תפוז טהורה 29 מ""ל",מיליליטרים,29.00,"100 מ""ל",false,1,17.90,61.7241,true,1,49261
52100136387,false,פלפל ושום במטחנה 34 גרם,מקרומיק תבלינים,FR,פלפל שום במטחנה 34 גרם,גרמים,34.00,100 גרם,false,1,20.90,61.4706,true,1,42135
54100977601,false,אופן פיט רוטב BBQ סמיך אוריגינל 510 גרם,פיניקל פודס גרופ,US,רוטב אופן פיט T אנד T אורגניל 510 גרם,גרמים,510.00,100 גרם,false,1,13.90,2.7255,true,1,42061
55369901673,false,אפלסנקס רביעיות רסק תפוחי עץ אפרסק ללא תוספת סוכר,ליייהי אורצ'רדס,CA,מחית אפרסק ללא סוכר אפלסנקס רביעייה,גרמים,113.00,100 גרם,false,1,14.90,13.1858,true,1,35798
55369901703,false,"רסק אפל סנקס תפו""ע תות שדה לל""ס מארז 113X4ג'",ליייהי אורצ'רדס,CA,מחית תות שדה ללא סוכר אפלסנקס רביעייה,גרמים,113.00,100 גרם,false,1,14.90,13.1858,true,1,35799
55369902557,false,אפלסנקס רביעיות רסק תפוחי עץ ממותק בסגנון ביתי עברית,ליייהי אורצ'רדס,CA,מחית תפוחי עץ טבעי אפלסנקס רביעייה,גרמים,113.00,100 גרם,false,1,14.90,13.1858,true,1,35800
64144090020,false,"ספריי שמן PAM בטעם שמן זית 141 מ""ל",קונאגרה פודס,US,"PAM תרסיס שמן זית 148 מ""ל",מיליליטרים,148.00,"100 מ""ל",false,1,19.90,13.4459,true,1,25016
64144090051,false,"ספריי שמן PAM קנולה אורגינל 148 מ""ל",קונאגרה פודס,US,"PAM תרסיס שמן קנולה 148 מ""ל",מיליליטרים,148.00,"100 מ""ל",false,1,19.90,13.4459,true,1,30969
70177077563,false,תה ארל גריי 25 שקיות טוינינגס 50 גר,אר. טווינינגס אנד קומפני,PL,תה טווינינג ארל גריי 50 גרם,גרמים,50.00,100 גרם,false,1,20.90,41.8000,true,1,39411
70177077693,false,תה אנגליש ברקפסט 25 שקיות טוינינגס 50 גר,אר. טווינינגס אנד קומפני,PL,1X12X50G אינגליש ברקפסט,גרמים,50.00,100 גרם,false,1,20.90,41.8000,true,1,39412
70177078775,true,תה ליידי,אר. טווינינגס אנד קו,PL,תה שחור בטעם הדרים,גרמים,50.00,100 גרם,false,1,20.90,41.8000,true,1,39410
70177086664,false,תה ירוק טהור 25 שק TWININGS,אר. טווינינגס אנד קומפני,PL,טווינינג תה ירוק טהור 25 שק,גרמים,50.00,100 גרם,false,1,21.90,43.8000,true,1,39409
70177173159,false,תה ירוק עם לימון 25 שק TWININGS,אר. טווינינגס אנד קו,PL,טווינינג תה ירוק לימון 25 שקיקים,גרמים,50.00,100 גרם,false,1,21.90,43.8000,true,1,39407
70177173203,false,תה ירוק עם מנטה 25 שק. טוינינגס,אר. טווינינגס אנד קומפני,PL,טווינינג תה ירוק מנטה 25 שקיקים,גרמים,50.00,100 גרם,false,1,21.90,43.8000,true,1,39406
71570001841,false,גלי בלי סוכריות בטעמים חמוצים 70 גרם,ג'לי בלי קינדי,TH,גלי בלי סוכריות גליבטעם חמוצים 70 גרם,גרמים,70.00,100 גרם,false,1,12.90,18.4286,true,1,40315
71570010119,false,גלי בלי בטעם דובדבן,ג'לי בלי קינדי,TH,גלי בלי בטעם דובדבן 70 גרם,גרמים,70.00,100 גרם,false,1,12.90,18.4286,true,1,53572
72600001626,false,הר חטיף תפוח אדמה דבש ברביקיו 99 גרם,הר פודס,US,הר חטיף תפוח אדמה דבש ברביקיו 99 גרם,גרמים,99.00,100 גרם,false,1,28.90,29.1919,true,1,51340
72600007123,false,הרס חטיף ציפס תפוחי אדמה טבעי 170 גרם,הר פודס,US,הר חטיף תפוח אדמה קטל טבעי 142 גרם,גרמים,170.00,100 גרם,false,1,27.90,16.4118,true,1,49784
72600062290,false,הר חטיף גבינה חלפניו חריף 198 גרם,הר פודס,US,חטיף גבינה חלפניו חריף 198 גרם,גרמים,198.00,100 גרם,false,1,27.90,14.0909,true,1,40220
72600062306,false,חטיף הר פודס בטעם גבינה 198 גרם,הר פודס,US,חטיף גבינה הר 198 גרם,גרמים,198.00,100 גרם,false,1,27.90,14.0909,true,1,34706
72600062313,false,הר חטיף גבינה בפאלו גבינה כחולה 198 גרם,הר פודס,US,חטיף גבינה בטעם בופאלו כחולה 198 גרם,גרמים,198.00,100 גרם,false,1,27.90,14.0909,true,1,41651
72600062320,false,הר חטיף גבינה בטעם פיצה 198 גרם,הר פודסn\,US,חטיף גבינה בטעם פיצה הר 198 גרם,גרמים,198.00,100 גרם,false,1,27.90,14.0909,true,1,34708
72600062870,false,חטיף תפוח אדמה קטל דבש סרירצה 142 גרם,הר פודס,US,"חטיף תפוח אדמה קטל דבש סרירצה, 142 גרם",גרמים,142.00,100 גרם,false,1,27.90,19.6479,true,1,51341
74570024001,false,גלידה בטעם תות שדה 473 ג' האגן דאז,האגן-דאז,FR,"גלידת שמנת תות שדה 473 מ""ל",מיליליטרים,473.00,"100 מ""ל",false,1,24.90,5.2643,true,1,1660
74570274000,false,גלידה בטעם קרם עוגיות 473 ג' האגן דאז,האגן-דאז,FR,"גלידת שמנת עוגיות 473 מ""ל",מיליליטרים,473.00,"100 מ""ל",false,1,24.90,5.2643,true,1,1662
74570610051,false,גלידה בטעם שוקולד בלגי 473 ג' האגן דאז,האגן-דאז,FR,"גלידת שמנת שוקלד בלגי 473 מ""ל",מיליליטרים,473.00,"100 מ""ל",false,1,24.90,5.2643,true,1,1663
74570950010,false,גלידה בטעם גבינה ותות 473 ג' האגן דאז,האגן-דאז,FR,"גלידת שמנת עוגת גבינה ותות 473 מ""ל",מיליליטרים,473.00,"100 מ""ל",false,1,24.90,5.2643,true,1,1666
75810021255,false,"סאן ג'יי רוטב תמרי ללא גלוטן 296 מ""",סאן גיי אינטרנשיונל,US,"רוטב תמרי ללא גלוטן סאן גיי 296 מ""ל",מיליליטרים,296.00,"100 מ""ל",false,1,29.90,10.1014,true,1,37613
76840002566,false,פיינט נטפליקס& צילד ללא חלב 473 מל,מוצרי איכות אמריקאיי,US,"גלידה בן&גרי נטפליקס ללא חלב 500 מ""ל",מיליליטרים,500.00,"100 מ""ל",false,1,27.90,5.5800,true,1,45999
76840100156,false,"בן אנד גריס גלידת צרי גרסיה 500 מ""ל",מוצרי איכות אמריקאיים בע,IL,"גלידה צרי גרסיה 500 מ""ל",מיליליטרים,500.00,"100 מ""ל",false,1,23.90,4.7800,true,1,1681
76840100583,false,"גלידת וניל עם בצק עוגיות בן וג'ירי 473 מ""ל",מוצרי איכות אמריקאיים בע,IL,"גלידה בצק עוגיות 473 מ""ל",מיליליטרים,473.00,"100 מ""ל",false,1,23.90,5.0529,true,1,22056
76840400027,false,"גלידה בטעם שוקולד כשל""פ",מוצרי איכות אמריקאיים בע,IL,"גלידה שוקולד 500 מ""ל",מיליליטרים,500.00,"100 מ""ל",false,1,23.90,4.7800,true,1,1682
76840400218,false,"גלידה בן&ג'ריס תות שדה ועוגת גבינה 500מ""ל",מוצרי איכות אמריקאיים בע,IL,"גלידה עוגת גבינה ותות שדה 473 מ""ל",מיליליטרים,473.00,"100 מ""ל",false,1,23.90,5.0529,true,1,27352
77245110610,false,סוכריות מאסט ללא סוכר בטעם מנטה 80 ג'עלית,MIESZKO S.A - MS. JO,PL,סוכריות מאסט מנטה ללא סוכר 80 גרם,גרמים,80.00,100 גרם,false,1,10.90,13.6250,true,1,2218
77343000233,false,נרות חימום אורה 50 יחי',"מנורה שי נר בע""מ",IL,נרות חימום אורה 50,יחידה,1.00,יחידה,false,1,11.90,11.9000,true,1,34016
77975036976,false,מטבל עגבניות בחריפות עדינה סניידרס 439 ג',סניידרס אוף האנובר,US,מטבל עגבניות בחריפות מעודנת 439 גרם,גרמים,439.00,100 גרם,false,1,17.90,4.0774,true,1,36417
77975094624,false,"סניידרס סנדוויץ בייגלה במילוי חמאת בוטנים , 226 ג'",סניידרס Snyder's,US,שברי בייגלה סניידרס חמאת בוטנים 283 גרם,גרמים,284.00,100 גרם,false,1,17.90,6.3028,true,1,49305
77975094631,false,סניידרס סנדוויץ' בייגלה במילוי קרם בטעם צ'דר 226 גרם,סניידרס לאנס,US,"בייגלה סניידרס סנדביץ גבינה צ""דר 226 גרם",גרמים,226.00,100 גרם,false,1,17.90,7.9204,true,1,49304
77975094761,false,סניידרס חטיפים על בסיס קמח חיטה בטעם גבינת צ'דר,סניידרס אוף האנובר,US,סניידרס בטעם צדר 340 גרם,גרמים,340.00,100 גרם,false,1,17.90,5.2647,true,1,50674
77975094778,false,שברי בייגלה סניידרס בטעם דבש חרדל 340 גר,סניידרס אוף האנובר,US,סניידרס דבש חרדל ובצל 340 גרם,גרמים,340.00,100 גרם,false,1,17.90,5.2647,true,1,50895
77975095133,false,שברי בייגלה בטעם פיקנטי 318 ג' סניידרס,סניידרס Snyder's,US,סניידרס שברי בייגלה בטעם פיקנטי 319 גרם,גרמים,319.00,100 גרם,false,1,17.90,5.6113,true,1,54095
77975095157,false,סניידרס שברי בייגלה בטעם חלפיניו 318 גרם,סניידרס Snyder's,US,בייגלה סניידרס חלפיניו 318גרם,גרמים,318.00,100 גרם,false,1,17.90,5.6289,true,1,53029
77975095164,false,שברי בייגלה בטעם פרמז'ן ושום 318 ג' סניידרס,סניידרס,US,סניידרס שברי בייגלה בטעם פרמזן שום 318,גרמים,318.00,100 גרם,false,1,17.90,5.6289,true,1,54094
79927102111,false,יוניק פרצל בייגלה שלס 284ג' לבן,יוניק פרצל בייקרי אי,US,יוניק פרצל בייגלה שלס אוריגינל 284 גרם,גרמים,284.00,100 גרם,false,1,22.90,8.0634,true,1,40365
79927110116,false,יוניק פרצל בייגלה ספליט312ג' חום,יוניק פרצל בייקרי,US,יוניק פרצל בייגלה ספליטס אוריגינל 312גרם,גרמים,312.00,100 גרם,false,1,22.90,7.3397,true,1,40214
80432402931,false,"וויסקי סקוטי, שיבאס ריגאל 12 שנה, 700 מ''ל",מזקקת האחים שיבאס,GB,"וויסקי סקוטי, שיבאס ריגאל 12 שנה, 700 מ''ל",מיליליטרים,700.00,"100 מ""ל",false,1,139.90,19.9857,true,1,43980
80480015701,false,רום בקרדי 200,Unknown,US,בקרדי 200 מל,מיליליטרים,200.00,"100 מ""ל",false,1,35.90,17.9500,true,1,51915
80480280048,false,"וודקה גריי גוס 40% 200מ""ל",בקרדי מרטיני,FR,"וודקה גריי גוס 200 מ""ל",מיליליטרים,200.00,"100 מ""ל",false,1,54.90,27.4500,true,1,39343
80518532743,false,חבילת בלונים (50 יח') פסטל בסטרים,NORTHERN,CN,שקית בלון 50 בלונים,מיליליטרים,0.00,"100 מ""ל",false,1,14.90,0.0000,true,1,14283
85696608044,false,טופו ללא גלוטן 349ג' (כ) Morinaga,Morinaga nutritional,US,טופו ללא גלוטן מרינו 340 גרם,גרמים,340.00,100 גרם,false,1,15.90,4.6765,true,1,28879
308910525744,false,אטריות אורז דקות 454 גרם ורמיצ'לי (כ),ליאן תאי רייס,TH,אטריות אורז דקות 454 גרם ורמיצלי,גרמים,454.00,100 גרם,false,1,11.90,2.6211,true,1,52650
611745285685,false,אבוקדו בשל מארז 2יחידות,"מור בריאות בע""מ",IL,אבוקדו ארוז בשל 570 גרם,גרמים,570.00,100 גרם,false,1,16.90,2.9649,true,1,39783
613008742348,false,בקבוק אריזונה ג'נסינג ודבש 1 ליטר,"נטורלה גטרנק בע""\מn\",DE,אריזונה גנסנג ודבש בקבוק 1 ליטר,ליטרים,1.00,ליטר,false,1,12.90,12.9000,true,1,46199
613008742409,false,בקבוק אריזונה אפרסק 1 ליטר,"נטורלה גטרנק בע""\מn\",DE,אריזונה אפרסק בקבוק 1 ליטר,ליטרים,1.00,ליטר,false,1,12.90,12.9000,true,1,46198
613008753290,false,"בקבוק אריזונה אפרסק 450 מ""ל",אריזונה Arizona,BG,אריזונה אפרסק 450 מל,מיליליטרים,450.00,"100 מ""ל",false,1,9.50,2.1111,true,1,41439
613008753320,false,"בקבוק אריזונה ג'ינג'ר ודבש 450 מ""ל",אריזונה Arizona,BG,אריזונה גינסנג ודבש 450 מל,מיליליטרים,450.00,"100 מ""ל",false,1,9.50,2.1111,true,1,41440
613008753351,false,"בקבוק אריזונה רימונים 450 מ""ל",אריזונה Arizona,BG,אריזונה רימונים 450 מל,מיליליטרים,450.00,"100 מ""ל",false,1,9.50,2.1111,true,1,41441
613008753382,false,"בקבוק אריזונה אוכמניות 450 מ""ל",נובה טרייד אל טי די,BG,אריזונה אוכמניות 450 מל,מיליליטרים,450.00,"100 מ""ל",false,1,9.50,2.1111,true,1,41438
613008755461,false,בקבוק אריזונה אוכמניות 1 ליטר,"נטורלה גטרנק בע""\מn\",BG,אריזונה אוכמניות בקבוק 1 ליטר,ליטרים,1.00,ליטר,false,1,12.90,12.9000,true,1,46197
628154383659,false,דגני בוקר פרוטי פבלס פוסט 311 גרם,פוסט ארצות הברית,US,POST דגני פרוטי פבלס בטעם פירות 311 גרם,גרמים,311.00,100 גרם,false,1,24.90,8.0064,true,1,53413
633824111838,false,"וודקה ואן גוך אננס 750 מ""ל",מזקקת קוימאנס טילבורג,NL,"וודקה וואן גוך בטעם אננס, 750 מ''ל",מיליליטרים,750.00,"100 מ""ל",false,1,149.90,19.9867,true,1,36018
633824913432,false,וודקה בטעם אסאי-אוכמניות,מזקקת קוימאנס טילבורג,NL,"וודקה וואן גוך בטעם אסאי בלוברי, 750 מ''ל",מיליליטרים,750.00,"100 מ""ל",false,1,149.90,19.9867,true,1,34004
638102201010,false,חטיף על בסיס חלבון סויה שוקולד וחמאת בוטנים,"אבוט נוטרישן, מעבדות",US,חטיף זון קלאסיק שוקולד חמאת בוטנים,גרמים,50.00,100 גרם,false,1,13.90,27.8000,true,1,39596
638102203090,false,חטיף על בסיס חלבון סויה פאדג' גרהם,"אבוט נוטרישן, מעבדות",US,זון פאדג,Unknown,0.00,Unknown,false,1,13.90,0.0000,true,1,39594
638102532817,false,חטיף על בסיס חלבון סויה עם שוקולד מריר,"אבוט נוטרישן, מעבדות",US,חטיף זון דאבל שוקולד,גרמים,50.00,100 גרם,false,1,13.90,27.8000,true,1,39595
651080161510,false,פלקרס פולסר לשיניים צפופות-מנטה 35 יחידו,מיוצר עי קונדיטוריית,CN,"פלקרס קיסם עם חוט, 35 יחידות",יחידה,1.00,יחידה,false,1,12.90,12.9000,true,1,37513
651080647519,false,קיסמים עם חוט דנטלי פלאקרס מנטה 35 יחידות,"פלקרס רנור ארה""ב",US,פלאקרס פלוסר חוט דנטלי ירוק -מנטה,יחידה,1.00,יחידה,false,1,12.90,12.9000,true,1,37514
673879000602,false,"קאברד ברידג' חטיף תפו""א ומלח ים חומץ 170 גרם",קאבר ברידג',CA,קאברד ברידג תפוא מלח ים חומץ ללא גלוטן,גרמים,170.00,100 גרם,false,1,25.90,15.2353,true,1,51557
673879000633,false,"קאברד ברידג חטיף תפו""א ברביקיו מתוק 170",קאבר ברידג',CA,קאברד ברידג תפוא BBQ מתוק ללא גלוטן  170,גרמים,170.00,100 גרם,false,1,25.90,15.2353,true,1,51559
693493010788,false,"נאצוס חטיף טורטיה ע""ב תירס ברביקיו 200 ג",או. קיי סניקס,DK,נאצוס בטעם ברביקיו 200 גרם,גרמים,200.00,100 גרם,false,1,14.90,7.4500,true,1,53584
693493010818,false,"נאצוס - חטיף טורטיה ע""ב תירס בטע 200 גר",או. קיי סניקס,DK,נאצוס בטעם טבעי 200 גרם,גרמים,200.00,100 גרם,false,1,14.90,7.4500,true,1,53585
693493150781,false,ערק ערנבים בטעם אננס,אליס בראנפמן,IL,ערק ערנבים בטעם אננס 700 מל,מיליליטרים,700.00,"100 מ""ל",false,1,79.90,11.4143,true,1,53394
721733000739,false,פטרון סילבר טקילה מארז TIN 2016) ) 700,פטרון דיסטרליס,MX,טקילה פטרון סילבר 700 מל,מיליליטרים,700.00,"100 מ""ל",false,1,169.90,24.2714,true,1,40914
728229123590,false,טרה אורגינל חטיף על בסיס ירקות שורש בטעם טבעי 110 גרם,הונדורס צ'יפס יצור א,HN,טרה חטיף על בסיס ירקות שורש בטעם טבעי 110 גרם,גרמים,110.00,100 גרם,false,1,16.90,15.3636,true,1,3575
728229123613,false,טרה חטיף על בסיס תפוח אדמה כחול בטעם טבעי 110 גרם,היין סלסטיאל גרופ,US,טרה חטיף על בסיס תפוח אדמה כחול בטעם טבעי 110 גרם,גרמים,110.00,100 גרם,false,1,16.90,15.3636,true,1,3576
728229123811,false,טרה חטיף על בסיס ירקות שורש בתיבול ים תיכוני 110 גרם,הונדורס צ'יפס יצור א,HN,טרה ירקות ים תיכוני 110 גרם,גרמים,110.00,100 גרם,false,1,16.90,15.3636,true,1,3577
728229124771,false,טרה חטיף על בסיס בטטה בטעם ברביקיו 110 גרם,היין פיוצ'ור נטורל פ,IN,טרה חטיף על בסיס בטטה בטעם ברביקיו 110 גרם,גרמים,110.00,100 גרם,false,1,16.90,15.3636,true,1,33592
728229130154,false,טרה חטיף על בסיס בטטה וסלק בטעם טבעי 110 גרם,הונדורס צ'יפס יצור א,HN,טרה חטיף על בסיס בטטה וסלק בטעם טבעי 110 גרם,גרמים,110.00,100 גרם,false,1,16.90,15.3636,true,1,20579
728229130444,false,"חטיף על בסיס ירקות שורש עם בטטה, תפו""א כחול וסלק",היין סלסטיאל גרופ,US,טרה ירק תפוא כחול סלק 110 גרם,גרמים,110.00,100 גרם,false,1,16.90,15.3636,true,1,22534
732494000500,false,קרטורס חטיף פופקורן קרמל 227 גרם,איגל פודס ווקיגאן מפ,US,פופקורן מקורמל,גרמים,227.00,100 גרם,false,1,26.90,11.8502,true,1,36803
732494000524,false,קרטורס פופקורן שיקגו קרמל 213 גרם,איגל פודס ווקיגאן מפ,US,פופקורן שיקגו קרמל וגבינה,גרמים,227.00,100 גרם,false,1,26.90,11.8502,true,1,36802
732494000609,false,קרטורס פופקורן בטעם גבינה 184 גרם,קורפפידלס אינק,US,קרטורס פופקורן רק הגבינה,יחידה,1.00,יחידה,false,1,26.90,26.9000,true,1,44202
732494003099,false,"קרטורס פופקורן נטיפי שוקולד דריזל, 156 גרם",carlsberg supply com,US,קרטורס פופקורן נטיפי שוקולד,גרמים,156.00,100 גרם,false,1,26.90,17.2436,true,1,53196
753182231761,false,"משקה אנרגיה BLU ללא תוספת סוכר 250 מ""ל",אקווה ויט,PL,בלו משקה אנרגיה מוגז 250 מל,מיליליטרים,250.00,"100 מ""ל",false,1,4.50,1.8000,true,1,22014
768404001640,false,"גלידה בן&ג'ריס קפה משפחתית 500מ""ל",מוצרי איכות אמריקאיים בע,IL,"פיינט בטעם קפה בן אנד גרי 500 מ""ל",מיליליטרים,500.00,"100 מ""ל",false,1,23.90,4.7800,true,1,19834
769904000997,false,שקדי מרק ללא גלוטן200גרם,משובח תעשיות מזון,IL,שקדי מרק,גרמים,200.00,100 גרם,false,1,15.90,7.9500,true,1,27883
782588945446,false,ערק קורדו אשכולית אד,שי חזן 7 ח.ש,IL,"ערק קורדו אשכולית אדומה 750 מ""ל",מיליליטרים,750.00,"100 מ""ל",false,1,74.90,9.9867,true,1,51214
782588945453,false,ערק קורדו פסיפלורה 7,שי חזן 7 ח.ש,IL,"ערק קורדו פסיפלורה 750 מ""ל",מיליליטרים,750.00,"100 מ""ל",false,1,74.90,9.9867,true,1,51212
798164800019,false,אוכמניות בריאות 125,חקלאי,IL,אוכמניות בריאות 125 גר,גרמים,125.00,100 גרם,false,1,24.90,19.9200,true,1,44328
818570007066,false,"פיור וניל טהור 29 מ""ל ""ווטקינס""","ג'יי אר ווטקינס בע""מ",US,סידס תמצית מוניל טהור עם פולי וניל ממדגסקר 29 מל,מיליליטרים,29.00,"100 מ""ל",false,1,32.90,113.4483,true,1,36878
833949000264,false,"סירופ מייפל אמיתי 100% אורגני 250 מ""ל",דיקסר קוויבק,CA,סירופ מייפל אורגני 330 גרם,גרמים,330.00,100 גרם,false,1,33.90,10.2727,true,1,36545
835811005933,false,תבנית אלמניום ענק 5יח',ווינפאק,,תבנית אלומיניום ענק 5 יחידות,לא מנהל יחידת מידה,0.00,לא מנהל יחידת מידה,false,1,13.90,0.0000,true,1,31036
835811005957,false,תבנית אלמניום מכסה 8 יח',יבוא ושיווק: הנמל אר,IL,"הנמל תבנית אלומניום מלבנית, 8 יחידות",לא מנהל יחידת מידה,0.00,לא מנהל יחידת מידה,false,1,14.50,0.0000,true,1,31035
835811005964,false,מגש הכסף מאורך אינגליש קייק 20 יח',ווינפאק,,תבנית אלומיניום אינגליש 20 יחידות,לא מנהל יחידת מידה,0.00,לא מנהל יחידת מידה,false,1,13.90,0.0000,true,1,31034
835811006060,false,"כוסות אספרסו קטנות 75 מ""ל",הנמל,,כוסות נייר אספרסו 50 יח,Unknown,0.00,Unknown,false,1,7.90,0.0000,true,1,31098
835811007166,false,כוסות חד פעמיות מקרטון עם מכסה פלסטיק,"צח ייבוא ושיווק בע""מ",IL,כוסות לקפה לדרך+מכסה 16 יחידות,Unknown,0.00,Unknown,false,1,17.90,0.0000,true,1,31091
839762000641,false,משקה איילנד מנגו נקטר 1 ל',"פאראגאלה,דה אג'יפשן",EG,איילנד מנגו 1 ליטר,ליטרים,1.00,ליטר,false,1,14.50,14.5000,true,1,2574
839762000658,false,איילנד גויאבה המשקה של חופי סיני 1 ליטר,The Egyptian Co. for,EG,איילנד גויאבה המשקה של חופי סיני 1 ליטר,ליטרים,1.00,ליטר,false,1,14.50,14.5000,true,1,2522
839762002379,false,משקה נקטר מנגו איילנד 350מל,"פאראגאלה,דה אג'יפשן",EG,"איילנד מנגו 350 מ""ל",מיליליטרים,350.00,"100 מ""ל",false,1,6.90,1.9714,true,1,22050
839762002386,false,נקטר איילנד גויאבה 3,"פאראגאלה,דה אג'יפשן",EG,"איילנד גויאבה 350 מ""ל",מיליליטרים,350.00,"100 מ""ל",false,1,6.90,1.9714,true,1,22051
850004680841,false,"פרפקשן סנקס חטיף בפאלו חריף לל""ג 198 גרם",פרפקשיין,US,"פרפקשן סנקס בייגלה לל""ג באפלו ווינגס 198 גרם",גרמים,198.00,100 גרם,false,1,19.90,10.0505,true,1,51319
850004680858,false,פרפקשן סנקס חטיף חרדל ובצל 198 גרם,פרפקשיין,US,"פרפקשן סנקס בייגלה לל""ג חרדל בצל 198 גרם",גרמים,198.00,100 גרם,false,1,19.90,10.0505,true,1,51318
850004680865,false,"פרפקשן סנקס חטיף קרמל מלוח לל""ג 198 גרם",פרפקשיין,US,"פרפקשן סנקס בייגלה לל""ג כרמל מלוח 198 גרם",גרמים,198.00,100 גרם,false,1,19.90,10.0505,true,1,51320
850668000818,false,חטיף צי'פס טבעי ללא גלוטן,בארל אופאן סנאק,US,חטיף ציפס DEEP מלוח ללא גלוטן 142 גרם,גרמים,142.00,100 גרם,false,1,24.90,17.5352,true,1,32033
850668000832,false,חטיף ציפס טבעי ללא גלוטן בחומץ,בארל אופאן סנאק,US,חטיף ציפס DEEP מלח וחומץ ללא גלוטן 142,גרמים,142.00,100 גרם,false,1,24.90,17.5352,true,1,32031
851621000050,false,בירה חיטה בטעם הדרים 1664 בלאנק - שישייה,קרלסברג ספליי קומפאני פו,PL,"שישיית 1664 Blanc בק 330 מ""ל",ליטרים,1.98,ליטר,false,1,55.90,28.2323,true,1,42005
852629004774,false,רביעיית נקניקיות ביונד מיט 400 גרם,סווג ריבר ביונד מיט ארהב,US,רביעיית נקניקיות ביונד מיט4000 גרם,גרמים,400.00,100 גרם,false,1,44.90,11.2250,true,1,51690
856591000062,false,עוגיות מזרחיות עם מלח עבאדי 400 גרם,מאפיית יוסף ושמחה עבאדי,IL,מזרח. מלח 400ג 856591000062,גרמים,400.00,100 גרם,false,1,21.90,5.4750,true,1,2689
856591000109,false,עוגיות מזרחיות פריך במיוחד עבאדי 400 גרם,מאפיית יוסף ושמחה עבאדי,IL,עבאדי עוגיות מזרחיות פריך במיוחד 400 גרם,גרמים,400.00,100 גרם,false,1,21.90,5.4750,true,1,21411
856591000574,false,מיני נשנוש עבאדי טעם טבעי 40 גר,מאפיית יוסף ושמחה עב,IL,מיני נשנוש בטעם טבעי 40 גרם,גרמים,40.00,100 גרם,false,1,3.90,9.7500,true,1,31216
859547004466,false,קירצוף וספוג ניקוי SCRUB DADDY,סקראב דאבי,VN,סקראב מאמי ספוג ניקוי דו צדדי,יחידה,1.00,יחידה,false,1,17.90,17.9000,true,1,53189
884912126115,false,גרייט גריינס דגני בוקר עם פירות יבשים פוסט 453 גרם,הנסיך- מפעל לייצור ט,US,דגני פוסט גרייט גריינס צימוקים 453 גרם,גרמים,453.00,100 גרם,false,1,27.90,6.1589,true,1,34000
884912342737,false,דגני בוקר קריספי וופל פוסט 326 גרם.,הנסיך- מפעל לייצור ט,US,תערובת דגנים בטעם וואפל אמריקאי,גרמים,325.00,100 גרם,false,1,25.90,7.9692,true,1,45086
884912359155,false,דגני בוקר האני באנצ'ס האני רוסטד פוסט 340 גרם,פוסט ארצות הברית,US,POST האני באנצ רוסטד 340 גרם,גרמים,411.00,100 גרם,false,1,24.90,6.0584,true,1,53132
884912359162,false,האני באנצ' דגני בוקר עם שקדים פוסט 411 גרם,פוסט ארצות הברית,US,POST האני באנצ אלמונד 340 גרם,גרמים,411.00,100 גרם,false,1,24.90,6.0584,true,1,53131
884912365200,false,דגני בוקר אוראו שחור ולבן 311 גרם,פוסט ארצות הברית,US,דגני בוקר אוראו 311גרם,גרמים,311.00,100 גרם,false,1,22.90,7.3633,true,1,54041
884912365217,false,דגני בוקר אוראו הדור הבא 311 גרם.,פוסט ארצות הברית,US,דגני בוקר אוראו 311גרם,גרמים,311.00,100 גרם,false,1,22.90,7.3633,true,1,50328
885320010577,false,גו גו אטריות קינואה אורז טבעוני בטעם גבינה- אלבו 170 גרם,קומפניה,CA,גו-גו ארוחת אורז וקינואה מאק טבעונית ללג,גרמים,170.00,100 גרם,false,1,22.90,13.4706,true,1,51876
885320010584,false,אורז+קינואה שלס טבעונ170,קומפניה,CA,גו-גו ארוחת אורז וקינואה טבעונית ללג 170,גרמים,170.00,100 גרם,false,1,22.90,13.4706,true,1,51877
898193001252,false,חליטת קמומיל 28 גרם בונומלי,הייר ליבינג,IT,"""בונומלי"" תה קמומיל (בבונג) 28 גרם",גרמים,28.00,100 גרם,false,1,18.90,67.5000,true,1,43222
1230000068314,false,בשר טחון מהצומח ביונד מיט 300 גרם,זנברגן וורלד פינסט מיט ב,NL,בשר טחון ביונד מיט 300 גרם,גרמים,300.00,100 גרם,false,1,36.90,12.3000,true,1,51689
1230000116022,false,המבורגר ביונד מיט מארז זוגות 226 גרם.,ביונד מיט קליפורניה ארהב,US,המבורגר ביונד מיט זוג 226גרם,גרמים,226.00,100 גרם,false,1,36.90,16.3274,true,1,53165
1724826034511,false,"יין סטון וואלי שרדונה 750 מ""ל",יקב,US,יין סטון וואלי שרדונה 750מל,מיליליטרים,750.00,"100 מ""ל",false,1,69.90,9.3200,true,1,50698
1724826114510,false,סטון וואלי זינפנדל 750 מ,איירון סטון,US,יין סטון וואלי זינפנדל 750מל,מיליליטרים,750.00,"100 מ""ל",false,1,69.90,9.3200,true,1,50700
1724826154516,false,"סטון וואלי קברנה750 מֿֿֿֿ""ל",איירון סטון,US,יין סטון וואלי קברנה סובניון 750מל,מיליליטרים,750.00,"100 מ""ל",false,1,69.90,9.3200,true,1,50699
3010470155299,false,פריסקיז Friskies פטה בקר וירקות,ניו פטפוד איטליה,IT,פריסקיז פטה בקר וירקות 24*400גרם,גרמים,400.00,100 גרם,false,1,10.90,2.7250,true,1,37220
3010470158221,false,פריסקיז פ.עוף וירקות400ג,ניו פטפוד איטליה,IT,פריסקיז פטה עוף וירקות 24*400גרם,גרמים,400.00,100 גרם,false,1,10.90,2.7250,true,1,37219
3014260214692,false,"ג'ל גילוח ג'ילט סירייס לעור רגיש 200 מ""ל",פרוקטר אנד גמבל,GB,גל גילוח גילט סירייס לעור רגיש ירוק 200,מיליליטרים,20000.00,"100 מ""ל",false,1,15.90,0.0795,true,1,3666
3014260262709,false,סכיני גילוח לאישה 3 להבים,ג'ילט ונוס Gillette Venus,DE,סכיני גילוח ג'ילט ונוס לנשים 4 יחידות,יחידה,1.00,יחידה,false,1,49.90,49.9000,true,1,594
3014260287030,false,סכיני גילוח חד פעמי חמישיה gullette,פרוקטר אנד גמבל,MD,סכיני גילוח חד פעמי גילט 5 יחידות,לא מנהל יחידת מידה,0.00,לא מנהל יחידת מידה,false,1,8.90,0.0000,true,1,3630
3045206312257,false,דזיטול מגבונים לכל משטח מחטא ומשמיד,יעקבי - דזיטול Desytol,ES,דזיטול מגבונים מחטא ומשמיד חיידקים לכל משטח,יחידה,1.00,יחידה,false,1,15.90,15.9000,true,1,49864
3046920016377,false,לינדט שוקולד אקסלנס מריר 100% קקאו 50 גר,לינדט ושפרונגלי,DE,לינדט אקסלנס 100% מריר,גרמים,0.00,100 גרם,false,1,16.90,0.0000,true,1,50314
3046920028004,false,לינדט שוקולד אקסלנס מריר 70% 100 גר,לינדט ושפרונגלי קילשברג,FR,לינדט אקסלנס 70% שוקולד מריר 100 גר,גרמים,100.00,100 גרם,false,1,16.90,16.9000,true,1,632
3046920028363,false,לינדט אקסלנס 85% מוצקי קקאו 100 גרם,לינדט ושפרונגלי קילשברג,FR,שוקולד לינדט אקסלנס 85% 100 גרם,גרמים,100.00,100 גרם,false,1,16.90,16.9000,true,1,2941
3046920028752,false,שוקולד לינדט אקסלנס מינט 100 גרם,לינדט ושפרונגלי קילשברג,FR,לינדט אקסלנס שוקולד מריר שוויצרי עם מלח ים 100 גרם,גרמים,100.00,100 גרם,false,1,16.90,16.9000,true,1,7929
3046920029674,false,שוקולד לינדט אקסלנס סולט 100 גרם,לינדט ושפרונגלי קילשברג,DE,שוקולד לינדט אקסלנס מלח 100 גרם,גרמים,100.00,100 גרם,false,1,16.90,16.9000,true,1,27552
3046920029759,false,לינדט אקסלנס 90% מוצקי קקאו 100 גרם,לינדט ושפרונגלי קילשברג,DE,שוקולד לינדט אקסלנס 90% 100 גרם,גרמים,100.00,100 גרם,false,1,16.90,16.9000,true,1,31144
3059943015128,false,מבשם אוויר נטול גז אקווה מיסט בניחוח לבנדר פראי ואוויר הרים,הדקלאים אגודת שיתופי,PL,"מבשם אוויר איירוויק נטול גז בניחוח לבנדר 345 מ""ל",מיליליטרים,345.00,"100 מ""ל",false,1,14.90,4.3188,true,1,26431
3068320014067,false,מים מינרלים אוויאן 750 מל,קריניציה ויטמינה אס,FR,"מים מינרליים אוויאן ספורט 750 מ""ל",מיליליטרים,750.00,"100 מ""ל",false,1,11.90,1.5867,true,1,21451
3068320017846,false,מים מינרלים אוויאן 1 ליטר,קריניציה ויטמינה אס,FR,מים מינרלים אוויאן 1 ליטר,ליטרים,1.00,ליטר,false,1,12.90,12.9000,true,1,25532
3068320055008,false,מים מינרלים אוויאן 500 מל,קריניציה ויטמינה אס,FR,"מים מינרלים אוויאן 500 מ""ל",מיליליטרים,500.00,"100 מ""ל",false,1,8.90,1.7800,true,1,24531
3073781161663,false,גבינה מותכת 18.5% שומן לה וואש קירי,לה וואש קירי La Vache qui rit,FR,גבינת לה וואש קירי,גרמים,128.00,100 גרם,false,1,14.90,11.6406,true,1,51321
3073781161687,false,גבינה מותכת לוואש קירי 256 גרם,פרומאג'רי בל דום סאם,FR,גבינת לה וואש קירי,גרמים,256.00,100 גרם,false,1,26.90,10.5078,true,1,51322
3073781162790,false,גבינה מותכת בייבי בל 120 גרם,מחלבות בל,FR,גבינת בייבי בל אדום 120 גרם,גרמים,120.00,100 גרם,false,1,22.90,19.0833,true,1,52874
3073781177220,false,גבינת בייבי בל רול 102 ג,מחלבות בל,FR,בייבי בל ספיירול 85גרם,גרמים,85.00,100 גרם,false,1,22.90,26.9412,true,1,53643
3120581456267,false,"שבלי מ.דה ליני לבן יבש 750 מ""ל",מ.דה ליני,FR,"יין שבלי מ.דה ליני לבן יבש 750 מ""ל",מיליליטרים,750.00,"100 מ""ל",false,1,99.90,13.3200,true,1,45785
3120581458490,false,"שאטו טרבון - יין רוזה יבש 750 מ""ל (כשר)",שאטו בלוו,FR,"שאטו טרבון רוזה יבש 750 מ""ל",מיליליטרים,750.00,"100 מ""ל",false,1,89.90,11.9867,true,1,53783
3120581458759,false,"יין דה ליני בורגון שרדונה לבן יבש (כשר) 750 מ""ל",Unknown,FR,"יין מ דה ליני בורגונדי שרדונה 750 מ""ל",מיליליטרים,750.00,"100 מ""ל",false,1,89.90,11.9867,true,1,53784
3161911229199,false,חמאה צרפתית רכה למריחה אל & ויר 250 גרם,אלל אה וויר,FR,חמאה רכה אלוויר 250 גרם,גרמים,250.00,100 גרם,false,1,22.90,9.1600,true,1,21251
3161911366429,false,חמאה צרפתית מלוחה רכה למריחה אלוויר 250 גר',ארזינא,FR,חמאה רכה מלוחה אלוויר 250 גרם,גרמים,250.00,100 גרם,false,1,22.90,9.1600,true,1,662
3175460000017,false,גבינת בורסאן שום ועשבי תיבול 150 גר,השחר,FR,גבינה בורסאן שום 150 גרם,גרמים,150.00,100 גרם,false,1,22.90,15.2667,true,1,8645
3175460000062,false,גבינת בורסאן פלפל שחור 150 גרם,השחר,FR,גבינה בורסאן פלפל 150 גרם,גרמים,150.00,100 גרם,false,1,22.90,15.2667,true,1,21435
3175460000864,false,גבינת בורסאן טבעי 150 גר,Unknown,FR,גבינה בורסאן טבעי 150 גרם,גרמים,150.00,100 גרם,false,1,22.90,15.2667,true,1,41547
3175460030083,false,גבינת בורסאן בצל ועירית 150 גר,השחר,FR,גבינה בורסאן בצל עירית 150 גרם,גרמים,150.00,100 גרם,false,1,22.90,15.2667,true,1,21257
3178530402353,false,עוגות מיני מדלן קלאסי סאן מישל 175 גרם,סאן מישל ביסוויט,FR,מיני מדלן 175גרם,גרמים,175.00,100 גרם,false,1,12.90,7.3714,true,1,53174
3178530407938,false,עוגיות מיני מדליין עם שוקוצ'יפס סאן מישל 175 גרם,סאן מישל,FR,מיני מדלן עם פצפוצי שוקולד 175גרם,גרמים,175.00,100 גרם,false,1,13.90,7.9429,true,1,53176
3178530412703,false,דונאט עם שוקולד 180 גרם סן מישל,סן מישל St Michel,FR,עוגיות דונאט עם שוקולד 180 גר,גרמים,180.00,100 גרם,false,1,17.90,9.9444,true,1,54474
3178530417340,false,בראוניז שוקולד סאן מישל 210 גרם,סן מישל,FR,בראוניז 210 שוקולד,גרמים,120.00,100 גרם,false,1,18.90,15.7500,true,1,54476
3178530417357,false,בראוניז שוקולד לבן סאן מישל 210 גרם,סן מישל,FR,בראוניז 210 שוקולד לבן,גרמים,120.00,100 גרם,false,1,18.90,15.7500,true,1,54475
3178530417418,false,דונאט עם שוקולד צ'יפס 180 גרם סן מישל,סן מישל St Michel,FR,עוגיות דונוטס פיצפוצי שוקולד 180 גר,גרמים,180.00,100 גרם,false,1,17.90,9.9444,true,1,54473
3179730011024,false,פרייה מים מינרלים מבעבעים טבעיים,נסטלה ווטרס ספלאי,FR,פרייה מים מינרלים מבעבעים טבעיים 330 מל,מיליליטרים,330.00,"100 מ""ל",false,1,7.50,2.2727,true,1,23089
3179732348913,false,פרייה מים מינרליים טבעיים מבעבעים 1 ליטר פלסטיק,נסטלה ווטרס ספלאי,FR,פרייה מים מינרליים טבעיים מבעבעים 1 ליטר,ליטרים,100.00,ליטר,false,1,9.90,0.0990,true,1,19839
3228022910023,false,חמאה צרפתית פריזידאן,סוסייטה בארייר דה אי,FR,פרזידנט חמאה 200 גרם,גרמים,200.00,100 גרם,false,1,16.70,8.3500,true,1,38683
3270623201017,false,"קוניאק לואי רויה vs כשר 700 מ""ל",לואי רואיר,FR,קוניאק לואי רואיר 700מל,מיליליטרים,700.00,"100 מ""ל",false,1,189.90,27.1286,true,1,41408
3272770003148,false,"שברוקס גבינת עיזים פרמידה, 150 גרם",מיוצר עי קונדיטוריית,FR,שברו טבעי 150 גרם,גרמים,150.00,100 גרם,false,1,27.90,18.6000,true,1,41574
3296324219007,false,"דומיין ברון דה רוטשילד בורדו, 750 מ""ל י דומיין ברון דה רוטשילד",יקבי רמת הגולן,IL,יין לגנד בורדו רוטשילד 750 מל,מיליליטרים,750.00,"100 מ""ל",false,1,109.90,14.6533,true,1,50796
3387390525960,false,קראנץ' דגני בוקר עם שוקולד חלב נסטלה 500 גרם,הנסיך- מפעל לייצור ט,FR,דגני קראנץ נסטלה 500 גרם,גרמים,500.00,100 גרם,false,1,27.90,5.5800,true,1,18544
3387390730852,false,פיטנס דגנים מחיטה מלאה ואורז נסטלה 375 גרם,נסטלה צרפת איטנקורט,FR,דגני פיטנס 375 גרם,גרמים,375.00,100 גרם,false,1,22.90,6.1067,true,1,3027
3415581114126,false,גלידה האגן דאז קרמל מלוח 430 גרם,האגן-דאז,FR,"גלידת שמנת קרמל מתוק מלוח 500 מ""ל",מיליליטרים,500.00,"100 מ""ל",false,1,24.90,4.9800,true,1,27654
3415581117110,false,גלידה בטעם קרמל ביסקוויט 473 ג' האגן דאז,האגן-דאז,FR,"גלידת שמנת קרמל עם ביסקוויט 500 מ""ל",מיליליטרים,500.00,"100 מ""ל",false,1,24.90,4.9800,true,1,22779
3415581187113,false,גלידה בטעם וניל בראוניס 473 ג' האגן דאז,האגן-דאז,FR,"גלידת שמנת קרמל בראוניס 473 מ""ל",מיליליטרים,473.00,"100 מ""ל",false,1,24.90,5.2643,true,1,709
3415587149924,false,האגן דאז פיינט בראוניז מקיאטו,האגן דאז,FR,האגן דאז בראוני מקיאטו 386 גרם,גרמים,386.00,100 גרם,false,1,24.90,6.4508,true,1,45783
3415587405181,false,שלגון תות שדה ושוקולד,האגן דאז,FR,שלגון וניל תות שדה בציפוי שוקולד,גרמים,110.00,100 גרם,false,1,11.90,10.8182,true,1,33485
3500610150500,false,שאטו הוט פורה - יין אדום יבש בורדו ( כשר ),,FR,"שאטו הו פורה מרלו 750 מ""ל",מיליליטרים,750.00,"100 מ""ל",false,1,89.90,11.9867,true,1,53785
3500610150517,false,"יין שאטו טימברליי בורדו סופרייר (כשר) 750 מ""ל",שאטו בלוו,FR,"שאטו טימברליי בורדו 750 מ""ל",מיליליטרים,750.00,"100 מ""ל",false,1,89.90,11.9867,true,1,53786
3523230025638,false,"גבינת עיזים בושה טבעי, 125 גרם",אוריאל,FR,גבינת בושה עיזים טבעית 125 גרם,גרמים,125.00,100 גרם,false,1,25.90,20.7200,true,1,41551
3523230025652,true,בושה עיזים שום 125 ג,אוריאל,FR,בושה עיזים שום 125 גרם נני,גרמים,125.00,100 גרם,false,1,25.90,20.7200,true,1,41530
3523230026826,false,"גבינת עיזים למריחה פירמידה, 140 גרם",סואניון,FR,גבינת עיזים פרימדה סואניון 140 גרם,גרמים,140.00,100 גרם,false,1,27.90,19.9286,true,1,41617
3523230026888,false,"גבינת עיזים שום ועשבי תיבול למריחה פירמידה, 140 גרם",סואניון SOIGNON,FR,גבינת עיזים שום פרימדה סואניון 140 גרם,גרמים,140.00,100 גרם,false,1,27.90,19.9286,true,1,41578
3523230038959,false,גב.בושה עיזים מפוחם125גר,אוריאל,FR,בושה מפוחם של נני 125 גרם,גרמים,125.00,100 גרם,false,1,27.90,22.3200,true,1,45362
3523230045827,false,גבינת סנט מור עיזים160גר,סואניון,FR,סנט מור 160 גרם,גרמים,160.00,100 גרם,false,1,28.90,18.0625,true,1,41576
3525490011109,false,"יין לה ז'אמל רוזה 750 מ""ל (חדש)",בדט קלמנט,FR,לה ג'אמל מלבק יבש,מיליליטרים,750.00,"100 מ""ל",false,1,64.90,8.6533,true,1,43963
3525490011116,false,"יין לה ז'אמל קברנה סוביניון 750 מ""ל",בדט קלמנט,FR,לה ג'אמל קברנה סוביניון יבש,מיליליטרים,750.00,"100 מ""ל",false,1,64.90,8.6533,true,1,43965
3525490011123,false,לה ז'אמל סינסאו רוזה,יקב,US,"יין לה זאמל 750 מ""ל",מיליליטרים,750.00,"100 מ""ל",false,1,64.90,8.6533,true,1,50701
3574660026788,true,גונסונס בייבי טלק 20,CILAG GMBH INTERNATI,IT,גונסונס בייבי טלק 200 גרם חדש,Unknown,0.00,Unknown,false,1,21.90,0.0000,true,1,41696
3574660057706,false,"שמן תינוקות ג'ונסון 300 מ""ל",ג'ונסון,IT,גונסון שמן תינוקות 300 מל,ליטרים,300.00,ליטר,false,1,14.90,0.0497,true,1,53241
3574660089547,false,טמפונים נורמל קלאסי אובה 32 יחידות,ג'\ונסון אנד ג'\ונסון,GR,טמפוני O.B קלאסי נורמל 32 יח,יחידה,1.00,יחידה,false,1,25.90,25.9000,true,1,6836
3574660115154,false,או-בה טמפונים קלאסי סופר 32יח',ג'\ונסון אנד ג'\ונסון,GR,טמפוני O.B סופר 32 יח,יחידה,1.00,יחידה,false,1,25.90,25.9000,true,1,6867
3574660333466,false,טמפונים מיני פרו קומפורט אובה 32 יחידות,הנסיך- מפעל לייצור ט,DE,אובה מיני טמפונים ללא מוליך 32 יחידות,ליטרים,0.00,ליטר,false,1,25.90,0.0000,true,1,25378
3574660649895,false,ליסטרין מי פה זירו מ,גונסון אנד גונסון,,"ליסטרין מי פה זירו מעודן 500 מ""ל",מיליליטרים,500.00,"100 מ""ל",false,1,17.90,3.5800,true,1,52130
3574661329765,false,מרכך טיפות של ברק ג'ונסונס 750 גרם,גונסון אנד גונסון,IT,"מרכך טיפות של ברק גונסונס 500 מ""ל",מיליליטרים,500.00,"100 מ""ל",false,1,23.90,4.7800,true,1,36827
3574661487328,false,קרפרי מגני תחתון אורגינל פלוס 56 יח',הדקלאים אגודת שיתופי,IT,קרפרי מגן תחתון רגיל 56 יח,יחידה,1.00,יחידה,false,1,19.90,19.9000,true,1,43267
3574661487625,false,מגני תחתון פלוס לארג' בניחוח עדין L,הדקלאים אגודת שיתופי,IT,קרפרי מגן תחתון מקסי לארג 48 יח,יחידה,1.00,יחידה,false,1,19.90,19.9000,true,1,43268
3574661554877,false,מגן תחתון קרפרי כותון מבושם 56 יחידות,הנסיך- מפעל לייצור ט,GR,קרפרי מגן תחתון אוורירי מבושם 58 יח,יחידה,1.00,יחידה,false,1,19.90,19.9000,true,1,45536
3574661554884,false,קרפרי מגן תחתון רגיל טנגה מבושם 56 יח,הדקלאים אגודת שיתופי,IT,מגן תחתון אוורירי מבושם טנגה 58 יחידות,לא מנהל יחידת מידה,7.50,לא מנהל יחידת מידה,false,1,19.90,2.6533,true,1,46251
3574669909204,false,גונסונס בייבי שמן לתינוק 300 מל,ג'ונסונס Johnson's,IT,גונסונס בייבי שמן 300 מל חדש,מיליליטרים,300.00,"100 מ""ל",false,1,21.90,7.3000,true,1,41588
3600522550129,false,קרם אנטי-אייג'ינג יום אייג' ספשיאליסט +45,"קרלסרו, גרמניה",DE,אייג ספשיאליסט קרם יום +45,לא מנהל יחידת מידה,0.00,לא מנהל יחידת מידה,false,1,64.90,0.0000,true,1,41505
3608580075646,false,קונפיטורה בטעם שזיפים 370 גר BONNE MAMAN,בון מאמא,FR,קונפיטורת שזיפים בון מאמא 370 גרם,גרמים,370.00,100 גרם,false,1,19.90,5.3784,true,1,51776
3608580730231,false,קונפיטורה בון ממאן תות שדה 370 גר',אף.סי תבליני בגליל ב,FR,קונפיטורה תות 370 גרם בון מאמא,גרמים,370.00,100 גרם,false,1,19.90,5.3784,true,1,32559
3760125946719,false,רוזה כשר אור דה לה קסטינל,ג'נרל מילס סאן אדריא,FR,יין רוזה יבש 750 מל,מיליליטרים,750.00,"100 מ""ל",false,1,69.90,9.3200,true,1,50124
4000417019004,false,שוקולד חלב אגוזי לוז שלמים ריטר ספורט 100 גרם,ריטר ספורט Ritter sport,DE,ריטר ספורט שוקולד חלב עם אגוזי לוז שלמים,גרמים,100.00,100 גרם,false,1,11.90,11.9000,true,1,23129
4000417023001,false,ריטר ספורט שוקולד חלב מעולה עם שקדים שלמים,ריטר ספורט Ritter sport,DE,ריטר ספורט שוקולד חלב מעולה עם שקדים שלמים,גרמים,100.00,100 גרם,false,1,11.90,11.9000,true,1,23131
4000417025005,false,שוקולד מריר במילוי מרציפן ריטר ספורט 100 גרם,ריטר ספורט Ritter sport,DE,ריטר ספורט שוקולד מריר ממולא מרציפן,גרמים,100.00,100 גרם,false,1,9.90,9.9000,true,1,23132
4000417026002,false,שוקולד חלב ממולא קרם פרלין אגוזי לוז,ריטר ספורט Ritter sport,DE,שוקולד ריטר ספורט נוגט פרלין 100 גרם,גרמים,100.00,100 גרם,false,1,9.90,9.9000,true,1,23133
4000417101211,false,גלילי וופל עם קרם אגוזי לוז בציפוי שוקולד חלב,אמיצ'לי Amicelli,AT,אמיצלי גלילי וופל 150 גרם,גרמים,150.00,100 גרם,false,1,17.90,11.9333,true,1,52573
4000417224002,false,"ריטר ספורט טבלת שוקולד מריר אגוזים, 100 גרם",ריטר ספורט Ritter sport,DE,שוקולד ריטר ספורט מריר אגוזים 100 גרם,גרמים,100.00,100 גרם,false,1,11.90,11.9000,true,1,36065
4000539280726,false,שוקולד לינדט אקסלנס מילד 70% 100 גר,לינדט ושפרונגלי,DE,שוקולד לינדט אקסלנס 70% מילד 100 גרם,גרמים,100.00,100 גרם,false,1,16.90,16.9000,true,1,53425
4000539280740,true,לינדט אקסלנס 78% 100,לינדט ושפרונגלי אס.א,DE,לינדט אקסלנס 78% 100 גרם,גרמים,100.00,100 גרם,false,1,16.90,16.9000,true,1,53558
4002448017684,false,"סיליט באנג ספריי ניקוי כללי מסיר אבנית 750 מ""ל",הדקלאים אגודת שיתופי,PL,"ספריי לניקוי כללי והסרת אבנית סיליט באנג 750 מ""ל",מיליליטרים,750.00,"100 מ""ל",false,1,16.90,2.2533,true,1,2526
4002448019480,false,"סיליט באנג מסיר שומנים רב שימושי 750 מ""ל",סיליט באנג Cillit Bang,PL,"ספריי מסיר שומנים סיליט באנג 750 מ""ל",מיליליטרים,750.00,"100 מ""ל",false,1,16.90,2.2533,true,1,4661
4004666042004,false,"מלרוד מרסס משמיד עובש יעקבי 500 מ""ל",יעקובי,DE,יעקבי מלרוד ספריי משמיד עובש 500 מל,מיליליטרים,500.00,"100 מ""ל",false,1,32.90,6.5800,true,1,8648
4005808366392,false,שפתון ליובש כחול קלאסי לבלו 48 גרם,טרופיקל דגיל תעשיות,IL,לבלו בליסטר כחול,גרמים,1.00,100 גרם,false,1,13.90,1390.0000,true,1,34524
4005808813063,false,תחליב לחות לעור רגיש לאחר גילוח,בטר אנד דיפרנט,DE,תחליב לחות לעור רגיש ניוואה,גרמים,260.00,100 גרם,false,1,33.90,13.0385,true,1,8284
4005808847020,false,קרם לחות לפנים אקווה סנסיישן ניוואה 50גר,ביירסדורץ,DE,ניוואה קרם לחות אקווה סנסיישן 50מל,מיליליטרים,50.00,"100 מ""ל",false,1,69.90,139.8000,true,1,46426
4007745058804,false,מיונז אורגני נטורפוד340ג,אף.סי תבליני בגליל ב,DE,נטורפוד מיונז אורגני 350 גרם,גרמים,340.00,100 גרם,false,1,25.90,7.6176,true,1,27850
4007745058811,false,חרדל צרפתי חלק אורגני 200 גרם,נטורפוד,DE,נטורפוד חרדל אמיתי אורגני 200 גרם,גרמים,200.00,100 גרם,false,1,16.90,8.4500,true,1,38490
4007745058828,true,חרדל גרגירים אמיתי א,אף.סי תבליני בגליל ב,DE,נטורפוד חרדל גרגרים אמיתי אורגני 200 גרם,גרמים,200.00,100 גרם,false,1,16.90,8.4500,true,1,38431
4008287058161,false,"שישייה בירה קרומבאכר פילס 330X6 מ""ל",מנדלז סי.אר. פרודקשן,DE,שישיית בירת קרומבכר פילס 1.980 ליטר,מיליליטרים,330.00,"100 מ""ל",false,1,43.40,13.1515,true,1,50801
4008287905786,false,בירה קרומבאכר חיטה 5.3% פחית 500 מל,מנדלז סי.אר. פרודקשן,DE,בירת קרומבכר חיטה בפחית 500 מל,מיליליטרים,500.00,"100 מ""ל",false,1,11.90,2.3800,true,1,50803
4008400290126,false,עוגת ספוג במילוי חלבי מצופה שוקולד מריר ק'נדר פינגווי 30 ג',פררו טורקיה צ'\יקולטה וו,TR,קנדר עוגת ספוג במילוי חלבי מצופה ש מריר,גרמים,30.00,100 גרם,false,1,4.90,16.3333,true,1,51102
4009300524588,false,חליטת צמחים פומפדור פירות יער 20 יחידות,פומפדור Pompadour,DE,תה פומפדור חליטה פירות יער,גרמים,60.00,100 גרם,false,1,15.90,26.5000,true,1,54505
4009300525684,false,חליטת צמחים פומפדור ג'ינג'ר ולימון 20 יחידות,פומפדור Pompadour,DE,"חליטת לימון ג""ינגר",גרמים,35.00,100 גרם,false,1,15.90,45.4286,true,1,54504
4009309022399,true,כרוב כבוש אורגני 670,נטורפוד,DE,כרוב כבוש אורגני 670 גרם,גרמים,670.00,100 גרם,false,1,17.90,2.6716,true,1,38432
4009309114346,true,מלפפונים אורגנים בחו,סטאר סנקס,DE,מלפפונים אורגנים בחומץ ללא סוכר 670 גרם,גרמים,670.00,100 גרם,false,1,25.90,3.8657,true,1,38433
4009309114407,true,נטורפוד מלפפון כבוש,נטורפוד,DE,מלפפון כבוש אורגני,גרמים,670.00,100 גרם,false,1,25.90,3.8657,true,1,38434
4009309740422,true,רסק תפוחים אורגני,תות תעשיות מזון (201,DE,נטור פוד רסק תפוחים אורגני 700 גרם,גרמים,700.00,100 גרם,false,1,19.90,2.8429,true,1,38436
4009309742426,true,רסק תפוח מנגו אורגני,תות תעשיות מזון (201,DE,רסק תפוח מנגו אורגני,גרמים,700.00,100 גרם,false,1,19.90,2.8429,true,1,38437
4009900402965,false,אורביט וויט בטעם פירות בקבוקון 46מלבניות,ריגלי פולין,PL,מסטיק אורביט וויט פירות בקבוקון,Unknown,0.00,Unknown,false,1,11.90,0.0000,true,1,25817
4009900403023,false,אורביט וויט בטעם מנטה בקבוקון 46 מלבניות,"ב.א מזון בע""מ",PL,מסטיק אורביט וויט מנטה בקבוקון,גרמים,64.00,100 גרם,false,1,11.90,18.5938,true,1,25818
4009900420129,false,מסטיק אורביט פרופשנל פפרמינט בקבוקון 64 גר',מרס נדרלנד,PL,אורביט פרופשיונל פפרמינט בקבוקון,לא מנהל יחידת מידה,0.00,לא מנהל יחידת מידה,false,1,11.90,0.0000,true,1,40764
4009900426039,false,מסטיק מנטה אקליפטוס בקבוקון איירווייבס 64 גרם,איירוויבס Airwaves,PL,מסטיק איירווייבס מנטה אקליפטוס בקבוקון,גרמים,64.00,100 גרם,false,1,11.90,18.5938,true,1,35002
4009900426121,false,מסטיק אורביט איירוויז בקבוקון אוכמניות 64ג',איירוויבס Airwaves,PL,מסטיק איירווייבס אוכמניות בקבוקון,גרמים,64.00,100 גרם,false,1,11.90,18.5938,true,1,35003
4009900455299,false,"סוכרית ג'לי אדומה 174 גרם ""סקיטלס""",ריגלי ממתקים,CZ,סקיטלס פירות 174 גרם,גרמים,174.00,100 גרם,false,1,10.90,6.2644,true,1,28677
4009900465304,false,סוכריות סקיטלס בטעם פירות חמוצים,ריגלי ממתקים,CZ,סקיטלס חמוץ 174 גרם,גרמים,174.00,100 גרם,false,1,10.90,6.2644,true,1,28678
4009900479998,false,אורביט וויט אוכמניות בקבוקון 46 מלבניות,ריגלי פולין,PL,מסטיק אורביט אוכמניות בקבוקון,Unknown,0.00,Unknown,false,1,11.90,0.0000,true,1,28679
4009900482417,false,מסטיק אורביט פירות מנטה בקבוקון באבל מינט 45יח,ריגלי פולין,PL,מסטיק אורביט בבאבל מינט בקבוקון,Unknown,0.00,Unknown,false,1,11.90,0.0000,true,1,26659
4009900521581,false,סוכריות אורביט מינטס מנטה בבקבוקון 77 גר,ריגלי פולין,PL,סוכריות אורביט מינטס דובדבן בקבוקון,לא מנהל יחידת מידה,0.00,לא מנהל יחידת מידה,false,1,12.90,0.0000,true,1,37127
4009900525138,false,"וויט גומי לעיסה בטעם תות ללא סוכר, 64 ג' אורפיט",ריגלי,PL,מסטיק אורביט וויט תות בקבוקון,יחידה,1.00,יחידה,false,1,11.90,11.9000,true,1,44083
4009900531122,false,"מסטיק בטעם מנטה ספירמינט, 64 ג' פרופשיונל אורפיט",מרס נדרלנד,PL,אורביט פרופשיונל ספירמינט בקבוקון,לא מנהל יחידת מידה,0.00,לא מנהל יחידת מידה,false,1,11.90,0.0000,true,1,40765
4009900536257,false,מסטיק אורביט רפרשרס ספירמינט בקבוקון ללא סוכר 67 גר',מרס ריגלי קונפקשונרי,PL,מסטיק אורביט רפרשרס ספירמנט 67 ג,גרמים,67.00,100 גרם,false,1,12.90,19.2537,true,1,50738
4009900536288,false,מסטיק אורביט רפרשרס פפרמינט בקבוקון ללא סוכר 67 גר',מרס ריגלי קונפקשונרי,PL,מסטיק אורביט רפרשרס פפרמ 67 ג,גרמים,67.00,100 גרם,false,1,12.90,19.2537,true,1,50739
4009900536486,false,מסטיק אורביט רפרשרס באבלמינט בקבוקון ללא סוכר 67 גר',מרס ריגלי קונפקשונרי,PL,מסטיק אורביט רפרשרס באבלמ 67 ג,גרמים,67.00,100 גרם,false,1,12.90,19.2537,true,1,50740
4009900539685,false,"מסטיק פייב באונס בטעם מנטה בקבוקון, 61.8 גרם",ריגלי בעמ רוסיה,PL,מסטיק פייב מנטה בקבוקון 61.8גרם,גרמים,62.00,100 גרם,false,1,12.90,20.8065,true,1,52778
4009900539746,false,"מסטיק פייב באונס בטעם אבטיח בקבוקון, 61.8 גרם",ריגלי בעמ רוסיה,PL,מסטיק פייב אבטיח בקבוקון 61.8גרם,גרמים,62.00,100 גרם,false,1,12.90,20.8065,true,1,52779
4009900540551,false,מסטיק אורביט רפרשרס טרופיקל בקבוקון ללא סוכר,מרס פולין,PL,אורביט ריפרשרס טרופיקל,גרמים,67.00,100 גרם,false,1,12.90,19.2537,true,1,52774
4011800567613,false,מאגדת קורני מילק דרק & ואיט 120 גרם,מיוצר עי קונדיטוריית,DE,חטיף קורני סנדוויץ שחור לבן מארז 4 יח,גרמים,120.00,100 גרם,false,1,13.90,11.5833,true,1,28242
4011800628512,false,חטיף קורני שוקולד חלב 6 יח 150 גר,מיוצר עי קונדיטוריית,DE,קורני חטיף דגנים עם שוקולד חלב 6 יחידות 150 גרם,גרמים,150.00,100 גרם,false,1,13.90,9.2667,true,1,27666
4011800630515,false,חטיף קורני שוקולד חלב ובננה 6 יח 150 גר,מיוצר עי קונדיטוריית,DE,קורני חטיף דגנים עם שוקולד חלב ובננה 175 גרם,גרמים,150.00,100 גרם,false,1,13.90,9.2667,true,1,27667
4011800633516,false,קורני שוקולד מריר מעולה 58% קקאו 6*1,שוורטאוור וורקה,DE,חטיף קורני שוקולד מריר מארז 6 יח,גרמים,138.00,100 גרם,false,1,13.90,10.0725,true,1,27663
4011800636517,false,קורני פרי שוקולד חלב מעולה ללא סוכר 6*1,מיוצר עי קונדיטוריית,DE,חטיף קורני FREE שוקולד חלב מארז 6 יח,גרמים,120.00,100 גרם,false,1,13.90,11.5833,true,1,27665
4014400901191,false,בונבונריית מרסי מבחר ממתקי שוקולד 250 גרם,ליימן מותגים,DE,בונבוניירה מרסי 250 גרם,גרמים,250.00,100 גרם,false,1,33.00,13.2000,true,1,915
4014400904277,false,סוכריות בטעם מנטה אייס פרש סטורק 425 גרם,תות ממתקי איכות,DE,אייספרש 425 גרם (15 בקרטון),גרמים,425.00,100 גרם,false,1,19.90,4.6824,true,1,42225
4014400904307,false,סוכריות בטעם פירות קליפורניה סטורק 425 גרם,קריניציה ויטמינה אס,DE,קליפורניה שקית 425 גר',גרמים,425.00,100 גרם,false,1,19.90,4.6824,true,1,42226
4014400904376,false,סוכריות טופי בטעם שוקולד סטורק 325 גרם,קריניציה ויטמינה אס,DE,סוכ.שטורק שוקולדן 325 גר,גרמים,326.00,100 גרם,false,1,19.90,6.1043,true,1,42224
4014400904390,false,סוכריות טופי ממולא חלב סטורק 325 גרם,קריניציה ויטמינה אס,DE,וולמילש 325 גר',גרמים,325.00,100 גרם,false,1,19.90,6.1231,true,1,36953
4014400923711,false,בונבוניירה שוקולד אגוזים טופיפי 125 גרם,ליימן מותגים,DE,בונבוניירה טופיפי שוקולד 125 גרם,גרמים,125.00,100 גרם,false,1,13.90,11.1200,true,1,35283
4014400925319,false,וורטרס אורגינל פופקורן קרמל 140 גרם,וורטרס Werther's,DE,חטיף פופקורן בציפוי קרמל,גרמים,140.00,100 גרם,false,1,16.90,12.0714,true,1,49726
4015400363002,false,טמפקס סופר 20 יחידות,פרוקטר אנד גמבל,DE,טמפקס סופר 20 יח,יחידה,20.00,יחידה,false,1,25.90,1.2950,true,1,53440
4015400363033,false,טמפקס רגולר 20 יח,פרוקטר & גמבל,DE,טמפקס רגולר 20 יח,יחידה,20.00,יחידה,false,1,25.90,1.2950,true,1,53441
4015400363064,false,טמפקס סופר פלוס 20 יח',פרוקטר & גמבל,DE,טמפקס סופר פלוס 20 יח,יחידה,20.00,יחידה,false,1,25.90,1.2950,true,1,53442
4015400498124,false,אולוויז תחבושת (ס) אולטרה נייט 18 יח',פרוקטל אנד גמבל,DE,תחבושות אולוויז אולטרה לילה 18 יח,יחידה,18.00,יחידה,false,1,21.90,1.2167,true,1,54124
4015400563747,false,אולוויז מגן תחתון דואו נורמל 60 יח,פרוקטר אנד גמבל,UA,אולדייז מגן תחתון נורמל 60 יחידות,לא מנהל יחידת מידה,0.00,לא מנהל יחידת מידה,false,1,21.90,0.0000,true,1,35152
4015400755487,false,תחבושות היגייניות אולוויז אולטרה לונג - 24 יח',פרוקטר אנד גמבל,DE,אולוויז תחבושות וליו פק לונג פלוס 24 יח',לא מנהל יחידת מידה,0.00,לא מנהל יחידת מידה,false,1,21.90,0.0000,true,1,34504
4015400759171,false,אולוויז אולטרא נורמל פלוס 20,פרוקטר & גמבל,DE,תחבושות אולווייז אולטרה נורמל 20 יחידות,יחידה,20.00,יחידה,false,1,21.90,1.0950,true,1,53549
4015600762742,false,שמפו יומיומי למניעת קשקשים הנוסחה הקלאסית,פרוקטר אנד גמבל,RO,"הד אנד שולדרס שמפו קלאסי 500 מ""ל",מיליליטרים,500.00,"100 מ""ל",false,1,25.90,5.1800,true,1,36012
4015600762780,false,שמפו וקונדישינר יומיומי למניעת קשקשים הנוסחה הקלאסית 2in1,פרוקטר אנד גמבל,RO,"הד אנד שולדרס 2 ב 1 קלאסי 500 מ""ל",מיליליטרים,500.00,"100 מ""ל",false,1,25.90,5.1800,true,1,36011
4015600762902,false,"שמפו האד אנד שולדרס מנטול 500 מ""ל",פרוקטר אנד גמבל,RO,"הד אנד שולדרס שמפו מנטול 500 מ""ל",מיליליטרים,500.00,"100 מ""ל",false,1,25.90,5.1800,true,1,36013
4015600762940,false,שמפו יומיומי למניעת קשקשים בניחוח תפוח,פרוקטר אנד גמבל,RO,"הד אנד שולדרס שמפו תפוח 500 מ""ל",מיליליטרים,500.00,"100 מ""ל",false,1,25.90,5.1800,true,1,36016
4015600763022,false,שמפו יומיומי למניעת קשקשים לשיער יבש/פגום לשיער רך כמשי,פרוקטר אנד גמבל,RO,"שמפו הד אנד שולדרס למניעת קשקשים 500 מ""ל",מיליליטרים,500.00,"100 מ""ל",false,1,25.90,5.1800,true,1,36014
4015600766900,false,"שמפו ומרכ ך נגד קשקשים 500 מ""ל הד אנד שולדרס",פרוקטר אנד גמבל,RO,"הד אנד שולדרס שמפו 2 ב1 מנטול 500 מ""ל",מיליליטרים,500.00,"100 מ""ל",false,1,25.90,5.1800,true,1,36010
4017100198151,false,בלזן היט ביסקוויט עם מלית קרם בטעם וניל (41%) 220 גרם,הדקלאים אגודת שיתופי,PL,בלזן היט וניל 220גרם,גרמים,220.00,100 גרם,false,1,10.90,4.9545,true,1,31725
4017100219900,false,בלזן וופלטן וופל מגולגל מצופה שוקולד חלב 100 גרם,הדקלאים אגודת שיתופי,DE,ופל ופלטן מגולגל מצופה שוקולד 100 גרם,גרמים,100.00,100 גרם,false,1,12.90,12.9000,true,1,925
4017100290008,false,בלזן בסקויט חמאה מצופה שוקולד חלב 125 גרם,הדקלאים אגודת שיתופי,DE,ביסקוויט בלזן מצופה שוקולד חלב 125 גרם,גרמים,125.00,100 גרם,false,1,12.90,10.3200,true,1,927
4017100364112,false,בלזן היט בסקוויט סנדביץ עם מלית קרם בטעם שוקולד קקאו (41%) 220 גרם,הדקלאים אגודת שיתופי,PL,עוגיות היט קקאו 220 גרם,גרמים,220.00,100 גרם,false,1,10.90,4.9545,true,1,31735
4018722100133,false,אטריות כוסמין וביצים אורגניות 250 גרם,אלב גולד,DE,אטריות כוסמין וביצים אורגניות,גרמים,250.00,100 גרם,false,1,17.90,7.1600,true,1,38500
4018722100157,false,פסטה פוזילי מקמח כוסמין מלא אורגני,האחים פלם הגפן,DE,פסטה פוזילי כוסמין מלא 250 גרם,גרמים,250.00,100 גרם,false,1,13.90,5.5600,true,1,38501
4018722100188,true,אטריות כוסמין ביצים,אלב גולד,DE,אטריות כוסמין ביצים רחבות 250 גרם,גרמים,250.00,100 גרם,false,1,17.90,7.1600,true,1,38438
4018722102632,true,ספגטי כוסמין מלא אור,האחים פלם הגפן,DE,כוסמין פסטה אורגנית,גרמים,500.00,100 גרם,false,1,18.90,3.7800,true,1,38502
4018722303459,true,מקרוני כוסמין אורגני,האחים פלם הגפן,DE,אלב גולד - מקרוני כוסמין אורגני,גרמים,250.00,100 גרם,false,1,13.90,5.5600,true,1,38504
4022025001752,true,יין בלו נאן מבעבע כש,,,"יין בלו נאן מבעבע כשר 750 מ""ל",מיליליטרים,750.00,"100 מ""ל",false,1,64.90,8.6533,true,1,52437
4022025001790,false,יין בלו נאן 24K גולד,היי סישל סוהן טראבן,DE,"יין בלו נאן 24K גולד מבעבע כשר 750 מ""ל",מיליליטרים,750.00,"100 מ""ל",false,1,64.90,8.6533,true,1,52441
4022025002025,false,יין בלו נאן מבעבע גו,בלו נאן,DE,"24K יין בלו נאן גולד כשר 200 מ""ל",מיליליטרים,200.00,"100 מ""ל",false,1,27.90,13.9500,true,1,52444
4022025002254,false,24K יין בלו נאן רוזה,בלו נאן,DE,"24K יין בלו נאן רוזה כשר 200 מ""ל",מיליליטרים,200.00,"100 מ""ל",false,1,27.90,13.9500,true,1,52445
4022025262009,false,בלו נאן כשר גוורץ ריזלינג,לנגוט טראבן,,"יין בלו נאן גוורצטרמינר כשר 750 מ""ל",מיליליטרים,750.00,"100 מ""ל",false,1,49.90,6.6533,true,1,52440
4022025262436,false,יין בלו נאן גוורצטרמ,בלו נאן,DE,"יין בלו נאן גוורצטרמינר כשר 250מ""ל",מיליליטרים,250.00,"100 מ""ל",false,1,27.90,11.1600,true,1,52446
4022025290309,false,יין בלו נאן פינק רוז,בלו נאן,DE,"יין בלו נאן פינק רוזה כשר 750 מ""ל",מיליליטרים,750.00,"100 מ""ל",false,1,49.90,6.6533,true,1,52443
4022025773000,false,יין בלו נאן מוסקטו כ,בלו נאן,DE,"בלו נאן מוסקטו כשר 750 מ""ל",מיליליטרים,750.00,"100 מ""ל",false,1,49.90,6.6533,true,1,52442
4032900111292,false,ווינסטון קומפלקט כחול חפיסה,Unknown,UA,סיגריות ווינסטון קומפקט כחול בודד,לא מנהל יחידת מידה,0.00,לא מנהל יחידת מידה,false,1,29.20,0.0000,false,1,41493
4032900111308,false,ווינסטון קומפלקט סילבר חפיסה,Unknown,UA,סיגריות ווינסטון קומפקט סילבר בודד,לא מנהל יחידת מידה,0.00,לא מנהל יחידת מידה,false,1,29.20,0.0000,false,1,41495
4032900112824,false,כאמל קומפקט כחול)תכלת( ח,Unknown,UA,סיגריות כאמל קומפקט,יחידה,1.00,יחידה,false,1,27.20,27.2000,false,1,41626
4032900112879,false,כאמל קומפקט כחול כהה חפ,Unknown,UA,סיגריות כאמל קומפקט כחול בודד,יחידה,1.00,יחידה,false,1,27.20,27.2000,false,1,41625
4032900124193,false,כאמל צהוב ארוך PP חפיסה,Unknown,PL,סיגריות כאמל צהוב ארוך בודד PP,לא מנהל יחידת מידה,0.00,לא מנהל יחידת מידה,false,1,31.60,0.0000,false,1,45097
4032900124254,false,ווינסטון קומפלקט ברי PP חפיסה,Unknown,RO,וינסטון קומפקט ברי PP בודד,יחידה,1.00,יחידה,false,1,29.20,29.2000,false,1,46201
4033100013348,false,סיגריות אל די כחול ארוך בודד,Unknown,TR,סיגריות אל די כחול ארוך חפיסה בודד,לא מנהל יחידת מידה,0.00,לא מנהל יחידת מידה,false,1,28.50,0.0000,false,1,21730
4033100014499,false,סיגריות אל די כחול בודד,Unknown,TR,סיגריות אל די כחול חפיסה בודד,Unknown,0.00,Unknown,false,1,28.50,0.0000,false,1,21729
4033100014529,false,סיגריות אל די סלים בודד,Unknown,TR,סיגריות אל די סלים חפיסה בודד,יחידה,1.00,יחידה,false,1,28.50,28.5000,false,1,21731
4033100024146,false,סיגריות וינסטון CODE בודד,Unknown,CH,סיגריות וינסטון קוד חפיסה בודד,לא מנהל יחידת מידה,0.00,לא מנהל יחידת מידה,false,1,31.20,0.0000,false,1,25711
4033100024252,false,וינסטון אקווה לייט קופסה,Unknown,CH,סיגריות וינסטון אקווה חפיסה בודד,יחידה,0.00,יחידה,false,1,31.20,0.0000,false,1,25713
4033100038914,false,טבק כאמל צהוב + נייר גלגול 30ג',Unknown,GB,טבק לגלגול קאמל צהוב חפיסה30 גרם,גרמים,30.00,100 גרם,false,1,81.20,270.6667,false,1,27410
4033100046490,false,סיגריות וינסטון 100 אקווה ארוך,יושלם,CH,סיגריות וינסטון קוד אקווה 100 חפיסה בודד,לא מנהל יחידת מידה,0.00,לא מנהל יחידת מידה,false,1,31.20,0.0000,false,1,26898
4033100047350,false,טבק לגלגול קאמל כחול,Unknown,GB,טבק לגלגול קאמל כחול חפיסה30 גרם,גרמים,30.00,100 גרם,false,1,81.20,270.6667,false,1,27411
4033100064036,false,וינסטון כחול טבק לגלגול חפיסה,Unknown,GB,טבק לגלגול וינסטון כחול חפיסה30 גרם,גרמים,30.00,100 גרם,false,1,81.20,270.6667,false,1,31114
4037719657290,false,סוכריות בצנצנת פירות 300ג',קוונדיש,DE,קוונדיש סוכריות פירות בצנצנת 300 גרם,גרמים,300.00,100 גרם,false,1,24.90,8.3000,true,1,41648
4043058008778,false,טבק אמריקן ספיריט כחול פאוצ,פלנטה טבק,DE,טבק לגלגול אמריקן ספיריט כחול חבילה30גר,גרמים,30.00,100 גרם,false,1,88.20,294.0000,false,1,27435
4052197000017,false,"בירה בנדיקטינר חיטה לא מסוננת 500 מ""ל",בנדיקטינר וויצבראו,DE,בנדיקטינר בירה 500 מל,מיליליטרים,500.00,"100 מ""ל",false,1,12.90,2.5800,true,1,24777
4052197000352,false,"בירה בנדקטינר בקבוק 330 מ""ל",בנדקטינר,,"בירה בנדיקטינר חיטה בקבוק 330 מ""ל",מיליליטרים,330.00,"100 מ""ל",false,1,11.90,3.6061,true,1,34184
4052197000369,false,שישיית בירה בנדיקטינר חיטה 330 מל*6,בנדיקטינר וויצבראו,DE,"בירה בנדיקטינר שישייה בקבוק 330 מ""ל",ליטרים,1.98,ליטר,false,1,59.90,30.2525,true,1,33889
4052197000925,false,בירה בנדקטינר דונקל כהה 500 מל,בנדיקטינר וויצבראו,DE,בנדיקטינר בירה כהה דונקל 500 מל,מיליליטרים,500.00,"100 מ""ל",false,1,12.90,2.5800,true,1,28026
4052197001281,false,בירה בנדיקטינר 500 מל פחית,בנדיקטינר וויצבראו,DE,"בירה בנדיקטינר פחית 500 מ""ל",מיליליטרים,500.00,"100 מ""ל",false,1,11.90,2.3800,true,1,30213
4053700292455,false,ויט רצועות שעווה מוכנות להסרת שיער לעור רגיל 12 יחידות,רקיט בנקיזר צרפת,FR,רצועות שעווה מוכנות לעור רגיל ויט 12 יחידות,לא מנהל יחידת מידה,0.00,לא מנהל יחידת מידה,false,1,31.90,0.0000,true,1,23724
4062400543125,false,"טקילה סיירה רפוסאדו 700 מ""ל",מזקקת סיארה אונידס,MX,סיארה טקילה רפוסאדו 700 מל,מיליליטרים,700.00,"100 מ""ל",false,1,99.90,14.2714,true,1,32154
4065698001056,false,דונטס בומיס פירות יע,,,דונטס בומיס פירות יער הדרים,גרמים,55.00,100 גרם,false,1,0.00,0.0000,true,1,54463
4066600999614,false,"בירה פאולנר, בירת חיטה מעוננת, בקבוק 500 מ""ל",מבשלת פאולנר,DE,"בירה פאולנר, בירת חיטה מעוננת, בקבוק 500 מ""ל",מיליליטרים,500.00,"100 מ""ל",false,1,13.50,2.7000,true,1,35768
4067700014849,false,ליקר ייגרמייסטר כשר,מסט-יגרמייסטר,DE,ליקר ייגרמייסטר 700 מל,מיליליטרים,700.00,"100 מ""ל",false,1,99.90,14.2714,true,1,34251
4084500876019,false,"פיירי נוזל כלים 500 מ""ל צהוב",פרוקטר אנד גמבל,GB,נוזל כלים פיירי לימון 500 מל,מיליליטרים,500.00,"100 מ""ל",false,1,9.90,1.9800,true,1,53243
4100130937163,false,בירה בקס שישייה 6*275 מל,"איי, בי, אינבוו",DE,בירה בקס 6 יחידות 1.65 ליטר,מיליליטרים,275.00,"100 מ""ל",false,1,34.90,12.6909,true,1,31619
4100470106700,true,חומץ תפוחים טבעי ואו,ברוקהרט,DE,נטורפוד חומץ תפוחים טבעי ואורגני,מיליליטרים,750.00,"100 מ""ל",false,1,26.90,3.5867,true,1,38439
4105120623941,false,"בירה ויינשטפן בק' ח""פ 500 מ""ל","ויינשטפן, ת.ד 1155 פרייז",DE,"ויינשטפן בק ח""פ 500 מ""ל",מיליליטרים,500.00,"100 מ""ל",false,1,13.90,2.7800,true,1,49629
4600659010854,false,"וודקה סטוליצ'ניה 700 מ""ל",איי. אס. לטבייאס בלזם,LV,וודקה סטוליצ'ניה 40% כוהל 700 מל,מיליליטרים,700.00,"100 מ""ל",false,1,69.90,9.9857,true,1,18344
4602486002071,false,"וודקה בלנקאיה גולד 0.700 מ""ל",מזקקת גאורגייבסקי קר,RU,וודקה בלנקאיה גולד 700 מל,מיליליטרים,770.00,"100 מ""ל",false,1,69.90,9.0779,true,1,44085
4603400000043,false,"וודקה רוסקיי סטנדרט 700 מ""ל",רוסקי סטנדרט וודקה,RU,רוסקי סטנדרט וודקה 700 מל,מיליליטרים,700.00,"100 מ""ל",false,1,64.90,9.2714,true,1,26553
4603400000197,false,וודקה רוסקי סטנדרט 0.5 ליטר,RUSSIAN STANDART,,"וודקה רוסקי סטנדרט בקבוק 500 מ""ל",מיליליטרים,500.00,"100 מ""ל",false,1,59.90,11.9800,true,1,22619
4603928000976,false,"בלוגה נובל וודקה 700 מ""ל+כוס הייבול",מרינסקי ליקרו-וודאצ'ני ז,RU,"וודקה בלוגה נובל, 700 מ''ל",מיליליטרים,700.00,"100 מ""ל",false,1,139.90,19.9857,true,1,40748
4607012351005,false,גרעיני חמניות מרטין ללא מלח 200 גרם,"נארז ע""י : א.ג. גילר",RU,גרעיני חמניה קלויים מרטין 200 גרם,גרמים,200.00,100 גרם,false,1,13.90,6.9500,true,1,50005
4607012351999,false,גרעיני חמניות מרטין עם מלח 200 גרם,"נארז ע""י : א.ג. גילר",RU,גרעיני חמנייה במלח מרטין 200 גרם,גרמים,200.00,100 גרם,false,1,13.90,6.9500,true,1,50006
4607026530212,false,יורוסטנדרט כוסמת 900,אגרופרודקט,RU,כוסמת 900 גרם,גרמים,900.00,100 גרם,false,1,17.00,1.8889,true,1,22868
4607109409619,false,פיניש הכל ב-1 טבליות למדיח 25 יח,הדקלאים אגודת שיתופי,PL,טבליות למדיח כלים פיניש אול אין וואן 25 טבליות,גרמים,530.00,100 גרם,false,1,29.90,5.6415,true,1,35331
4640018993343,false,פיניש קוואנטום קפסולות ג'ל למדיח כלים 30 יח',רקיט בנקיזר,PL,פיניש קוואנטום קפסולות למדיח 30 טבליות,גרמים,375.00,100 גרם,false,1,44.90,11.9733,true,1,49808
4640018993350,false,פיניש קוואנטום קפסולות ג'ל למדיח כלים לימון 30 יח',רקיט בנקיזר,PL,פיניש קוואנטום 30 יח קפסולות גיל לימון,גרמים,375.00,100 גרם,false,1,44.90,11.9733,true,1,49809
4710068001692,false,"מאסטר קפה לאטה פחית 240 מ""ל",תאיט מרקטינג אנד דיסטריב,TW,מאסטר קפה לאטה פחית,מיליליטרים,240.00,"100 מ""ל",false,1,8.50,3.5417,true,1,28114
4710068001715,false,"מאסטר קפה טירמיסו פחית 240 מ""ל",יוני פרזינדנט אנטרפר,TW,מאסטר קפה טרמיסו פחית 240 מל,מיליליטרים,240.00,"100 מ""ל",false,1,8.50,3.5417,true,1,28116
4710068001739,false,"מאסטר קפה קולומביאני 250 מ""ל",יוני פרזינדנט אנטרפר,TW,מאסטר קפה משקה קפה קר קלאסיקו 240 מל,מיליליטרים,240.00,"100 מ""ל",false,1,8.50,3.5417,true,1,28115
4710068002798,false,מאסטר קפה וונילה פחית 240 מל,מאיטה פוד אינדוסטריאל קו,TW,מאסטר קפה לאטה פחית,מיליליטרים,240.00,"100 מ""ל",false,1,8.50,3.5417,true,1,41952
4710964170799,false,שומשום שחור קלוי 91 גרם,פלייבור פול פודס טיי,TW,שומשום שחור קלוי 91 גרם,גרמים,91.00,100 גרם,false,1,17.90,19.6703,true,1,52660
4740098098331,false,"קוקטייל בלו לגון אה לה קוק 330 מ""ל",אה לי קוק,EE,"קוקטייל בלו לגון 330 מ""ל",מיליליטרים,330.00,"100 מ""ל",false,1,12.20,3.6970,true,1,53273
4740098098355,false,"קוקטייל מוחיטו אה לה קוק 330 מ""ל",אה לי קוק,EE,"קוקטייל מוחיטו 330 מ""ל",מיליליטרים,330.00,"100 מ""ל",false,1,12.20,3.6970,true,1,53272
4740098098379,false,"קוקטייל מרגריטה אה לה קוק 330 מ""ל",אה לי קוק,EE,"קוקטייל מרגריטה 330 מ""ל",מיליליטרים,330.00,"100 מ""ל",false,1,12.20,3.6970,true,1,53271
4779039730276,false,אאוגה מרק עגבניות מוקרם אורגני 400 גר',גרביאי,LT,מרק עגבניות מוקרם אורגני אאוגה 400 גרם,גרמים,400.00,100 גרם,false,1,17.90,4.4750,true,1,49277
4779039731143,false,אאוגה מרק עדשים אורגני 400 גרם מפוקח לאורגני על ידי סקאל ישראל,גרביאי,LT,מרק אאוגה עדשים אורגני 400 גרם,גרמים,400.00,100 גרם,false,1,17.90,4.4750,true,1,50562
4779039731167,false,אאוגה מרק דלורית ובטטה אורגני 400 גרם,גרביאי,LT,מרק אאוגה דלורית ובטטה אורגני 400 גרם,גרמים,400.00,100 גרם,false,1,17.90,4.4750,true,1,49278
4779039731914,false,מרק שעועית צילי טבעוני 400 גר,,LT,אאוגה מרק שעועית צילי אורגני 400 גרם,גרמים,400.00,100 גרם,false,1,17.90,4.4750,true,1,54204
4779039732188,false,מרק ירקות מינסטרונה אורגני 400 גר,,LT,אאוגה מרק מינסטרונה אורגני 400 גרם,גרמים,400.00,100 גרם,false,1,17.90,4.4750,true,1,54205
4792032060454,true,מי קוקוס אורגני גרין,בן טרה ג'וינט סטוק,DE,GREEN COCO מי קוקוס אורגני 330 מל,מיליליטרים,330.00,"100 מ""ל",false,1,9.90,3.0000,true,1,38492
4793000637005,false,נטורפוד-מקלות קינמון ציילון אורגני,אינטרנשיונל קומודטי אקספ,LK,קינמון ציילוני אמיתי טחון אורגני,גרמים,50.00,100 גרם,false,1,19.90,39.8000,true,1,45962
4793000637012,false,נטורפוד- קינמון ציילון אורגני טחון,אינטרנשיונל קומודטי אקספ,LK,קינמון ציילון אורגני טחון 70 גרם נטורפוד,גרמים,70.00,100 גרם,false,1,17.90,25.5714,true,1,45963
4793000637036,false,מורינגה אורגנית 25 ג,תות תעשיות מזון (201,DE,מורינגה אורגנית 25גרם נטורפוד,גרמים,25.00,100 גרם,false,1,17.90,71.6000,true,1,45965
4796019790013,false,"גרין קוקו - שמן קוקוס אורגני 300 מ""ל",כפרי בריא,,שמן קוקוס אורגני,מיליליטרים,300.00,"100 מ""ל",false,1,23.90,7.9667,true,1,36573
4796019790020,false,"גרין קוקו - שמן קוקוס אורגני 500 מ""ל",גרין קוקו,LK,"שמן קוקוס אורגני 500 מ""ל",מיליליטרים,500.00,"100 מ""ל",false,1,35.90,7.1800,true,1,38497
4796019790037,false,שמן קוקוס אורגני 1 ליטר גרין קוקו,כפרי בריא,,שמן קוקוס אורגני,ליטרים,1.00,ליטר,false,1,49.90,49.9000,true,1,36575
4820229031311,false,"וודקה חורטיצה פלטניום 700 מ""ל.",אוקראיניאן דיסטריביו,UA,וודקה חורטיצה פלטינום 700 מל,מיליליטרים,700.00,"100 מ""ל",false,1,69.90,9.9857,true,1,53396
4860019001346,false,בורז'ומי מים מינרליים טבעיים 500מ'ל חדש,אי די אס בורגומי,,"מים מינרלים בורג""ומי 500 מ""ל",מיליליטרים,500.00,"100 מ""ל",false,1,8.90,1.7800,true,1,23187
4860019001414,false,"בקבוק מים בוז'ורמי 750 מ""ל",אי.די.אס בורג'יומי,GE,"מים מינרלים בורגומי 750 מ""ל",מיליליטרים,750.00,"100 מ""ל",false,1,9.90,1.3200,true,1,28793
4891228430085,false,סכיני גילוח שיק אקסטרים קומפורט לגבר 3 להבים 4 יחידות,אנרג'יזר Energizer,CN,סכיני גילוח שייק אקסטרים 3 כחול רביעייה,לא מנהל יחידת מידה,0.00,לא מנהל יחידת מידה,false,1,21.90,0.0000,true,1,7784
4891228430092,false,סכיני גילוח שיק אקסטרים קומפורט לנשים 3 להבים 4 יחידות,אנרג'יזר Energizer,CN,שיק אקסטרים 3 סכיני גילוח לאישה לעור רגיש,לא מנהל יחידת מידה,0.00,לא מנהל יחידת מידה,false,1,21.90,0.0000,true,1,7785
4902430751483,false,מכשיר גילוח גילט מאך,פרוקטר אנד גמבל,PL,מכשיר גילוח גילט מאך 3 סכין,יחידה,1.00,יחידה,false,1,23.90,23.9000,true,1,53240
5000111047364,true,HP ברביקיו דבש,ה.י. היינץ הולדינג ב,NL,HP ברביקיו דבש 465 גרם,גרמים,465.00,100 גרם,false,1,20.90,4.4946,true,1,42220
5000111047371,true,HP ברביקיו קלאסי,ה.י. היינץ הולדינג,NL,465 גרםHP ברביקיו קלאסי,גרמים,465.00,100 גרם,false,1,20.90,4.4946,true,1,42221
5000157143365,true,מתבל בטעם מיונז וקטש,תאי פרזידנט פוד פאבל,PL,מתבל בטעם מיונז וקטשופ היינץ 425 מל,מיליליטרים,425.00,"100 מ""ל",false,1,15.90,3.7412,true,1,45206
5000159344074,false,גלידת סניקרס שמנת עם בוטנים וקרמל מצופה 288 גרם.,פלדמן,FR,מאגדת גלידה סניקרס 6 יח 288 גר,גרמים,288.00,100 גרם,false,1,32.90,11.4236,true,1,45692
5000159376655,false,סוכריות SKITTLES פירות קטן 38 גרם אדום,ריגלי ממתקים,CZ,סוכריות סקיטלס פירות 38 גרם,גרמים,38.00,100 גרם,false,1,4.50,11.8421,true,1,26131
5000159376792,false,סוכריות סקיטלס Skittles פירות חמוצים,ריגלי ממתקים,CZ,סוכריות סקיטלס חמוץ 38 גרם,גרמים,38.00,100 גרם,false,1,4.50,11.8421,true,1,26132
5000159407236,false,חטיף מרס שוקולד עם ק,מרס הולנד בי.וי.,NL,חטיף מרס 51 גרם,גרמים,51.00,100 גרם,false,1,4.90,9.6078,true,1,17938
5000159414197,false,שוקולד מלטיזרס 135 גרם,מרס שוקולד צ.אמריקה,NL,מלטיזרס 135גרם,גרמים,135.00,100 גרם,false,1,16.90,12.5185,true,1,53363
5000159459228,false,חטיף שוקולד טוויקס 50 ג',"נארז ע""י : א.ג. גילר",NL,חטיף טויקס 50 גרם,גרמים,50.00,100 גרם,false,1,4.90,9.8000,true,1,26338
5000159461122,false,חטיף שוקולד סניקרס מקס קרמל 50 ג',"נארז ע""י : א.ג. גילר",NL,חטיף סניקרס שוקולד 50 גרם,גרמים,50.00,100 גרם,false,1,4.90,9.8000,true,1,26339
5000159483063,false,גלידת באונטי שמנת עם קוקוס מצופה 284 גרם,פלדמן,IL,מאגדת גלידה באונטי 6 יח 234.6 גר,גרמים,235.00,100 גרם,false,1,32.90,14.0000,true,1,45694
5000159500692,false,בקבוק סלבריישן - מבחר חטיפי מיני שוקולד,מארס,NL,בקבוק סלבריישן 312 גרם,גרמים,312.00,100 גרם,false,1,34.90,11.1859,true,1,53958
5000159500845,true,סלבריישן מארז מתנה 1,מארס,NL,סלבריישן מארז מתנה 196 גרם,גרמים,196.00,100 גרם,false,1,23.90,12.1939,true,1,53956
5000159541152,false,חטיף טוויקס לבן 46 גרם.,מרס.גי אם. בי אייץ,DE,טוייקס לבן 46 גרם,גרמים,46.00,100 גרם,false,1,4.90,10.6522,true,1,51393
5000168199245,false,שוקולד חלב מעולה בתוספת קרמל מלוח פיור גודייבה 90 ג',"אולקר מקבוצת פלאדיס, ציק",TR,שוקולד חלב מעולה בתוספת חתיכות קרם קרמל מלוח,גרמים,90.00,100 גרם,false,1,15.90,17.6667,true,1,51646
5000204658187,false,"קיווי נוזל נעליים קראון שחור 75 מ""ל",אס' סי' ג'ונסון במה,PL,קיווי נוזל לניקוי נעליים שחור 75 מל,מיליליטרים,75.00,"100 מ""ל",false,1,15.90,21.2000,true,1,25894
5000213014905,false,"בירה גינס פחית 440 מ""ל",קרלסברג ישראל,IE,בירה גינס 330 מל,מיליליטרים,440.00,"100 מ""ל",false,1,19.20,4.3636,true,1,27408
5000267014234,false,וויסקי ג'וני ווקר רד לייבל Red label,ג'וני ווקר Johnnie walker,GB,"גוני ווקר אדום 700 מ""ל",מיליליטרים,700.00,"100 מ""ל",false,1,99.90,14.2714,true,1,28481
5000267171654,false,גוני ווקר שחור 200 מ,ג'ון ווקר ובניו,GB,"ג'וני שחור 200 מ""ל פוקט 40% כהל",מיליליטרים,200.00,"100 מ""ל",false,1,49.90,24.9500,true,1,46178
5000291020706,false,משקה גין טנקרי 700 מ,צ'רלס טנקרי ושות',GB,טנקרי ג'ין יבש 750 מל,מיליליטרים,750.00,"100 מ""ל",false,1,139.90,18.6533,true,1,50384
5000329002193,false,משקה ג'ין ביפאיטר 70,פרנו ריקרד יורו,GB,"ג'ין ביפאיטר, 700 מ''ל",מיליליטרים,1.00,"100 מ""ל",false,1,109.90,10990.0000,true,1,42729
5000396037944,true,מקוויטיס ביסקויט קלא,קריניציה ויטמינה אס,,"מקויטיס, ביסקוויט מקמח חיטה קלאסי 250 גרם",Unknown,0.00,Unknown,false,1,11.90,0.0000,true,1,43573
5010029000252,true,וויטביקס מקורי 430 ג,ויטהביקס לימיטד,,וויטביקס מקורי 430 גרם,גרמים,430.00,100 גרם,false,1,24.90,5.7907,true,1,51768
5010038454831,false,"בקבוק בירה בלומון 330 מ""ל","מבשלת סטרופראמן בע""\מ ,",CZ,"בירה בלו מון 5.4% כוהל 330 מ""ל",מיליליטרים,330.00,"100 מ""ל",false,1,14.90,4.5152,true,1,43537
5010103800051,false,ויסקי J&B בקבוק 200,DIAGEO,,"ויסקי J&B בקבוק 200 מ""ל",מיליליטרים,200.00,"100 מ""ל",false,1,39.90,19.9500,true,1,3074
5010103800259,false,"וויסקי גיי אנד בי 700 מ""ל",גסטוריני אנד ברוקס,IL,"ויסקי J&B בקבוק 700 מ""ל",מיליליטרים,700.00,"100 מ""ל",false,1,99.90,14.2714,true,1,4870
5010103943024,false,"ויסקי ג'יי אנד בי 200 מ""ל",ג'וסטריני אנד ברוקס,GB,"ג'יי אנד בי 200 מ""ל פוקט 40% כהל",מיליליטרים,200.00,"100 מ""ל",false,1,39.90,19.9500,true,1,46177
5010182997253,false,רייד תרסיס קוטל ג'וקים/תיקנים 300 מל,אס.סי.ג'ונסון מידרכט,NL,"תרסיס רייד מקס קוטל חרקים 300 מ""ל",מיליליטרים,300.00,"100 מ""ל",false,1,25.90,8.6333,true,1,1222
5010182997918,false,דאק ג'ל לניקוי אסלות בניחוח ים 55 מל,"איטיליאן פוד, אס.פי.",IT,דאק ג'ל לאסלה בניחוח ים 55 מל,מיליליטרים,55.00,"100 מ""ל",false,1,12.90,23.4545,true,1,1224
5010182998847,false,דאק נוזל לניקוי אסלות בניחוח ים 750 מל,מיוצר עי קונדיטוריית,NL,ניקוי נוזל לאסלה,מיליליטרים,750.00,"100 מ""ל",false,1,13.90,1.8533,true,1,49860
5010232964211,false,דורקס EXTRA SAFE - קונדומים שקופים עבים,דורקס Durex,TH,קונדומים דורקס אקסטרא סייף 12 יחידות,לא מנהל יחידת מידה,0.00,לא מנהל יחידת מידה,false,1,39.90,0.0000,true,1,2486
5010232964228,false,דורקס THIN FEEL - קונדומים דקים להגברת התחושה,דורקס Durex,TH,"קונדמים קצר ולעניין, דק 12 יחידות",לא מנהל יחידת מידה,0.00,לא מנהל יחידת מידה,false,1,39.90,0.0000,true,1,2487
5010296169249,false,בלום לונדון דריי גין,קווניט אסנשל,GB,בלום לונדון דריי גין 700 מל,מיליליטרים,700.00,"100 מ""ל",false,1,169.90,24.2714,true,1,45532
5010327000046,false,וויסקי גרנט'ס סקוטי,"וויליאם גראנט ובניו בע""\",GB,"ויסקי גרנטס 700 מ""ל",מיליליטרים,700.00,"100 מ""ל",false,1,89.90,12.8429,true,1,5012
5010327105215,false,וויסקי מאנקי שולדר Monkey Shoulder,"וויליאם גראנט ובניו בע""\",GB,"ויסקי מנקי שולדר 700 מ""ל",מיליליטרים,700.00,"100 מ""ל",false,1,154.90,22.1286,true,1,51657
5010327208107,false,"גרנטס וויסקי 200מ""ל",וויליאם גרנט,GB,"גרנטס וויסקי 200מ""ל",מיליליטרים,200.00,"100 מ""ל",false,1,29.90,14.9500,true,1,41166
5010327258003,false,"גרנטס וויסקי 200מ""ל",וויליאם גרנט,GB,"גרנטס וויסקי 200מ""ל",מיליליטרים,200.00,"100 מ""ל",false,1,29.90,14.9500,true,1,52410
5010327399614,false,"גלנפידיך 12 אמריקן אווק כשר 700 מ""ל",וויליאם גרנטס ובניו,GB,גלנפידיך 12 שנה 700 מל,מיליליטרים,700.00,"100 מ""ל",false,1,219.90,31.4143,true,1,53879
5010327755014,false,"ג'ין הנדריקס 700 מ""ל",גרנט'ס (William Gran,GB,"גין הנדריקס 700 מ""ל",מיליליטרים,700.00,"100 מ""ל",false,1,154.90,22.1286,true,1,51659
5010677551281,false,בקרדי בריזר לימון 275 בקבוק,בקרדי בריזר Bacardi Breezer,BE,"בריזר - משקה כוהלי מוגז בטעם לימון 275 מ""ל",מיליליטרים,275.00,"100 מ""ל",false,1,16.90,6.1455,true,1,1228
5010677551397,false,"בקרדי בריזר לימון ליים 275 מ""ל",בקרדי בריזר Bacardi Breezer,BE,"בריזר - משקה כוהלי מוגז בטעם ליים 275 מ""ל",מיליליטרים,275.00,"100 מ""ל",false,1,16.90,6.1455,true,1,30463
5010677552387,false,בריזר ט.אננס בקבוק 275מל,בקרדי בריזר Bacardi Breezer,BE,"בריזר - משקה כוהלי מוגז בטעם אננס 275 מ""ל",מיליליטרים,275.00,"100 מ""ל",false,1,16.90,6.1455,true,1,1229
5010677554398,false,בקרדי בריזר אבטיח 275 בקבוק,בקרדי בריזר Bacardi Breezer,BE,"בריזר - משקה כוהלי מוגז בטעם אבטיח 275 מ""ל",מיליליטרים,275.00,"100 מ""ל",false,1,16.90,6.1455,true,1,1230
5010677714006,false,"גין בומבאי ספייר 700 מ""ל",ג'ון דיואר ובניו,ES,ג'ין בומביי ספייר,מיליליטרים,700.00,"100 מ""ל",false,1,129.90,18.5571,true,1,41406
5010677850100,false,וודקה גריי גוס בקבוק,בקרדי מרטיני,FR,"וודקה גריי גוס 750 מ""ל",מיליליטרים,700.00,"100 מ""ל",false,1,139.90,19.9857,true,1,41296
5011007003005,false,"וויסקי ג'יימסון אירי מזוקק 700 מ""ל",אייריש דיסטילרז,IE,"וויסקי אירי, ג'יימסון, 700 מ''ל",מיליליטרים,700.00,"100 מ""ל",false,1,109.90,15.7000,true,1,4864
5011026108033,false,"וויסקי אירי טולומור דיו 700 מ""ל",פארייפאבה אגרואינדוס,IE,טולמור דיו וויסקי אירי 700 מל,מיליליטרים,700.00,"100 מ""ל",false,1,99.90,14.2714,true,1,49890
5011417576885,false,"דורקס דורקס ג'ל סיכוך בטעם תות 100 מ""ל",סנו מפעלי ברונוס.,TH,דורקס גל יכוך בטעם תות 100מל,מיליליטרים,100.00,"100 מ""ל",false,1,59.90,59.9000,true,1,50821
5011417576922,false,דורקס גל סיכוך מתחמם,מיוצר עבור רקיט בנקי,TH,"דורקס ג'ל סיכוך מחמם 100 מ""ל",מיליליטרים,100.00,"100 מ""ל",false,1,59.90,59.9000,true,1,50822
5014271300429,false,"מעדן משמש 100% פרי סנטדלפור 284 גרם לל""ס",סאן דלפור - שמבור,FR,"מעדן משמש 284 גר """,גרמים,284.00,100 גרם,false,1,22.90,8.0634,true,1,42184
5014271310428,false,מעדן דובדבנים שחורים ללא תוספת סוכר 284 גרם,סאן דלפור - שמבור,FR,מעדן דובדבנים שחורים סן דלפור 284 גרם,גרמים,284.00,100 גרם,false,1,22.90,8.0634,true,1,1233
5014271330426,false,מעדן אוכמניות כחולות ללא תוספת סוכר 284 גרם,סאן דלפור - שמבור,FR,מעדן אוכמניות כחולות סן דלפור 284 גרם,גרמים,284.00,100 גרם,false,1,22.90,8.0634,true,1,1234
5014271350424,false,מעדן ארבעה פירות ללא תוספת סוכר 284 גרם,סאן דלפור - שמבור,FR,מעדן ארבע פירות סן דלפור 284 גרם,גרמים,284.00,100 גרם,false,1,22.90,8.0634,true,1,2210
5014271400426,false,"מעדן בטעם תות שדה לל""ס סאן דלפור 284 גרם",סאן דלפור - שמבור,FR,מעדן תות שדה סן דלפור 284 גרם,גרמים,284.00,100 גרם,false,1,22.90,8.0634,true,1,1237
5014271795980,false,מעדן חמוציות ואוכמניות ללא תוספת סוכר 284 גרם,סנדלפור St.dalfour,FR,סנדלפור מעדן חמוציות ואוכמניות 284 גרם,גרמים,284.00,100 גרם,false,1,22.90,8.0634,true,1,42185
5017818800116,false,"פחית דוקטור פפר 330 מ""ל",אורנג'ינה שוופס,FR,"ד""ר פפר פחית 330 מ""ל 24 יח",מיליליטרים,330.00,"100 מ""ל",false,1,6.50,1.9697,true,1,29894
5018357006755,false,תערובת דגנים 50% פירות ואגוזים 540 גרם,דורסט סיריאלס,GB,גרנולה דורסט סיריאלס היי פייבר 540 גרם,גרמים,540.00,100 גרם,false,1,30.90,5.7222,true,1,14791
5018357006816,false,תערובת דגנים 30% פירות ואגוזים 620 גרם,דורסט סיריאלס,GB,גרנולה דורסט 620 גרם,גרמים,620.00,100 גרם,false,1,27.90,4.5000,true,1,14793
5018357007653,false,תערובת דגנים עם פפאיה ואננס 620 גרם,דורסט סיריאלס Dorset Cereals,GB,מוזלי תערובת דגנים ופפאיה 620 גרם,גרמים,620.00,100 גרם,false,1,27.90,4.5000,true,1,27877
5018357011858,false,דורסט סיריאלס-ברי גרנולה 550 גרם,דורסט סיריאליס,IL,גרנולה דורסט סיריאלס ברי גרנולה 550 גרם,גרמים,550.00,100 גרם,false,1,34.90,6.3455,true,1,38403
5018357011896,false,דורסט סיריאלס-גרנולה דבש 550 גרם,דורסט סיריאליס,IL,גרנולה דורסט סיריאלס גרנולה דבש 550 גרם,גרמים,550.00,100 גרם,false,1,36.90,6.7091,true,1,38402
5018357012459,false,תערובת דגנים דורסט סיריאלס פירות 600 ג,דורסט סיריאלס,GB,דורסט סיריאלס מוזל יפירות נפלא 600 גרם,גרמים,600.00,100 גרם,false,1,36.90,6.1500,true,1,45966
5029053002408,false,קלינקס - נייר טואולט קליניקס לבן 9 גלילים,קימברלי קלארק ישראל,IL,"קלינקס נייר טואלט דו שכבתי לבן, 9 גלילים",מטרים,27500.00,מטר,false,1,36.90,0.0013,true,1,1248
5029053523446,false,קוטקס - תחבושות אולטרה נייט + כנפיים 20 יח',קימברלי קלארק,CZ,קוטקס תחבושות עם כנפיים נייט 20 יחידות,לא מנהל יחידת מידה,0.00,לא מנהל יחידת מידה,false,1,19.90,0.0000,true,1,31617
5029053578309,false,קופסת ממחטות אולטרה סופט 48 דף קלינקס,קימברלי קלארק,IL,קלינקס אולטרה סופט קוביה 48 דף,יחידה,1.00,יחידה,false,1,10.90,10.9000,true,1,51989
5035766044673,false,"סטרונגבואו גולד, סיידר תפוחים אלכוהולי, בקבוק 330 מ''ל",סטרונגבאו Strongbow,BE,סיידר תפוחים 5% אלכוהול סטרונגבאו 330 מל,מיליליטרים,330.00,"100 מ""ל",false,1,8.90,2.6970,true,1,28258
5038483198032,false,דורקס PLEASURE ME - קונדומים עם צלעות רטט,דורקס Durex,TH,קונדומים דורקס פלגרמקס 12 יחידות,לא מנהל יחידת מידה,0.00,לא מנהל יחידת מידה,false,1,39.90,0.0000,true,1,14235
5038483207949,false,דורקס THIN FEEL קונדומים דקים במיוחד,דורקס Durex,TH,קונדומים דורקס אינימט פיל סיכה 12 יחידות,לא מנהל יחידת מידה,0.00,לא מנהל יחידת מידה,false,1,39.90,0.0000,true,1,4558
5038483574386,false,שלשיית קונדומים durex אדום,רקיט בנקיזר הלת'קר,,קונדומים דורקס פדרלייט 3 * 12 יח,לא מנהל יחידת מידה,0.00,לא מנהל יחידת מידה,false,1,14.90,0.0000,true,1,19867
5038483574416,false,קונדום דורקס אקסטרא סייף 3,רקיט בנקיזר הלת'קר,TH,קונדומים דורקס אקסטרא 3 יחידות,לא מנהל יחידת מידה,0.00,לא מנהל יחידת מידה,false,1,14.90,0.0000,true,1,19917
5038483866566,false,דורקס ULTRA THIN FEEL - קונדומים דקים במיוחד לתחושה מוגברת,דורקס Durex,TH,קונדומים דקים דורקס אולטרה 12 יח,לא מנהל יחידת מידה,0.00,לא מנהל יחידת מידה,false,1,39.90,0.0000,true,1,22568
5038483987759,false,דורקס פליי טבעת ליטל דוי,רקיט בנקיזר,GB,דורקס פליי Little Devil טבעת,לא מנהל יחידת מידה,0.00,לא מנהל יחידת מידה,false,1,59.90,0.0000,true,1,34687
5038483994757,false,דורקס פליי ויברטור א,רקיט בנקיזר,IL,דורקס פליי ויברטור אינטימי,לא מנהל יחידת מידה,0.00,לא מנהל יחידת מידה,false,1,149.90,0.0000,true,1,34685
5056357900925,false,סניקרס חטיף חלבון חמאת בוטנים 57 גרם,פארם אקספרס,US,סניקרס חמאת בוטנים 57 גרם,גרמים,59.00,100 גרם,false,1,17.90,30.3390,true,1,50039
5056357901427,false,אם אנד אם חטיף חלבון שוקולד 51 גרם,פארם אקספרס,GB,חטיף חלבון m&m בטעם שוקולד,גרמים,51.00,100 גרם,false,1,17.90,35.0980,true,1,52012
5056357901441,false,אם אנד אם חטיף חלבון בוטנים 51 גרם,פארם אקספרס,GB,חטיף חלבון בוטנים 15 חלבון 51 גרם m&m,גרמים,51.00,100 גרם,false,1,17.90,35.0980,true,1,52013
5056357903834,false,באונטי מעושר בחלבון 52 גרם,מארס יורק אנגליה,GB,חטיף באונטי 18גרם חלבון 52גרם,גרמים,52.00,100 גרם,false,1,17.90,34.4231,true,1,52447
5060045588128,false,"וויסקי גים בים לבן 700 מ""ל","איי, בי, אינבוו",US,ג'ים בים וויסקי קנטאקי ברבן ג'ים בים 700 מל,מיליליטרים,700.00,"100 מ""ל",false,1,69.90,9.9857,true,1,38392
5060221201391,false,גרנייד בטעם קרמל 60 גרם,LTD (UK) GRENADE,NL,chaosגרנייד בטעם קרמל60 גרם,גרמים,60.00,100 גרם,false,1,17.90,29.8333,true,1,52814
5060221201575,false,חטיף חלבון גרנייד בטעם קרם עוגיות,LTD (UK) GRENADE,GB,חטיף חלבון גרנייד קרם עוגיות 23 חלבון 60,גרמים,60.00,100 גרם,false,1,17.90,29.8333,true,1,52110
5060221201605,false,חטיף חלבון גרנייד פאדג',LTD (UK) GRENADE,GB,חטיף חלבון גרנייד באוני פאדג 23 חלבון,גרמים,60.00,100 גרם,false,1,17.90,29.8333,true,1,52109
5060221201810,false,גרנייד בטעם שוקולד לבן עוגיות,LTD (UK) GRENADE,NL,גרנייד שוקולד לבן עוגיות 60גרם,גרמים,60.00,100 גרם,false,1,17.90,29.8333,true,1,52816
5060221203753,false,חטיף חלבון גרנייד בטעם חמאת בוטנים,LTD (UK) GRENADE,GB,חטיף חלבון גרנייד חמאת בוטנים 21 חלבון,גרמים,60.00,100 גרם,false,1,17.90,29.8333,true,1,52108
5060221203937,false,גרנייד בטעם שוקוצ'יפס בצק עוגיות,LTD (UK) GRENADE,NL,גרנייד שוקוציפס בצק עוגיות 60גרם,גרמים,60.00,100 גרם,false,1,17.90,29.8333,true,1,52815
5060221206860,false,חטיף חלבון בטעם קרמל מלוח ושוקולד 60 ג' Grenade,LTD (UK) GRENADE,GB,חטיף חלבון גרנייד קרמל מלוח 20 חלבון 60,גרמים,60.00,100 גרם,false,1,17.90,29.8333,true,1,52111
5060317320449,false,"UFIT - משקה חלבון בטעם שוקולד 500 מ""ל",לאקסה אס.אי,GB,"UFIT משקה חלבון בטעם שוקולד 500מ""ל",מיליליטרים,500.00,"100 מ""ל",false,1,19.90,3.9800,true,1,53349
5060317321781,false,"UFIT - משקה חלבון בטעם אייס קפה 330 מ""ל",לאקסה אס.אי,GB,"UFIT משקה חלבון בטעם אייס קפה 330מ""ל",מיליליטרים,330.00,"100 מ""ל",false,1,14.90,4.5152,true,1,53348
5060317322122,false,"UFIT - משקה חלבון בטעם קרמל מלוח 330 מ""ל",לאקסה אס.אי,GB,UFIT משקה חלבון בטעם קרמל מלוח 330 מ,מיליליטרים,330.00,"100 מ""ל",false,1,14.90,4.5152,true,1,53345
5060317322146,false,"UFIT - משקה חלבוI בטעם שוקולד לבן 330 מ""ל",לאקסה אס.אי,GB,UFIT משקה חלבון בטעם שוקולד לבן 330מ,מיליליטרים,330.00,"100 מ""ל",false,1,14.90,4.5152,true,1,53346
5060317322368,false,"UFIT - משקה חלבון בטעם פאדג' בראוניז 330 מ""ל",לאקסה אס.אי,GB,UFIT משקה חלבון בטעם פאדג בראוניז 33,מיליליטרים,330.00,"100 מ""ל",false,1,14.90,4.5152,true,1,53347
5060319120023,true,תה קנמון - הייר ליבי,הייר ליבינג,GB,תה קינמון אורגני 40 גרם,גרמים,40.00,100 גרם,false,1,19.90,49.7500,true,1,38442
5060319120047,true,תה וורי ברי - הייר ל,אף.סי תבליני בגליל ב,GB,תה וורי ברי - הייר ליבינג,גרמים,40.00,100 גרם,false,1,19.90,49.7500,true,1,38443
5060319120078,true,תה הייר ליבינג סוויט,אף.סי תבליני בגליל ב,GB,תה הייר ליבינג סוויט דרימס 15 שקיקים,גרמים,40.00,100 גרם,false,1,19.90,49.7500,true,1,38444
5060319120092,false,תה אינגלש ברקפסט אורגני 45 ג הייר ליבינג,הייר ליבינג,GB,תה אינגליש ברקפסט אורגני,גרמים,45.00,100 גרם,false,1,19.90,44.2222,true,1,38506
5060319120108,true,תה ארל גריי הייר ליב,אונלי נטורל פרודקטס,GB,הייר ליווינג תה ארל גריי אורגני 45 גרם,גרמים,45.00,100 גרם,false,1,19.90,44.2222,true,1,38445
5060319120115,true,תה ירוק אורגני-הייר,אף.סי תבליני בגליל ב,GB,הייר ליווינג תה ירוק אורגני 40 גרם,גרמים,50.00,100 גרם,false,1,19.90,39.8000,true,1,38446
5060319120122,true,תה הייר ליבינג צאי י,אונלי נטורל פרודקטס,GB,הייר ליווינג צ'אי תה ירוק אורגני 40 גרם,גרמים,40.00,100 גרם,false,1,19.90,49.7500,true,1,38447
5060319120153,true,תה קמומיל וניל-הייר,אף.סי תבליני בגליל ב,IL,תה קמומיל וניל-הייר ליבינג,גרמים,30.00,100 גרם,false,1,19.90,66.3333,true,1,38404
5060319129286,true,תה לבן אורגני-הייר ל,אונלי נטורל פרודקטס,GB,הייר ליווינג תה לבן אורגני 35 גרם,גרמים,35.00,100 גרם,false,1,19.90,56.8571,true,1,38448
5060319129293,false,תה ירוק קוקוס אורגני 40 גרם הייר ליבינג,הייר ליבינג,GB,תה ירוק קוקוס אורגני,גרמים,40.00,100 גרם,false,1,19.90,49.7500,true,1,38507
5060319129422,false,הייר ליבינג- חליטת דיטוקס אורגנית 25 גרם,אונלי נטורל פרודקטס,PT,חליטת צמחים אורגנית דיטוקס,גרמים,30.00,100 גרם,false,1,19.90,66.3333,true,1,45960
5060319129491,true,תה הייר ליבינג כורכו,אונלי נטורל פרודקטס,GB,הייר ליווינג חליטת כורכום אורגני 30 גרם,גרמים,30.00,100 גרם,false,1,19.90,66.3333,true,1,38449
5060402908248,false,סניקרס חטיף חלבון 55 גרם,פארם אקספרס,US,סניקרס פרוטאין 55 גרם,גרמים,59.00,100 גרם,false,1,17.90,30.3390,true,1,50040
5060402908286,false,מארס חטיף חלבון 59 גרם,פארם אקספרס,US,מארס פרוטאין 59 גרם,גרמים,59.00,100 גרם,false,1,17.90,30.3390,true,1,50037
5060402909542,false,מארס חטיף חלבון קרמל מלוח 59 גרם,פארם אקספרס,US,מארס קרמל מלוח 59 גרם,גרמים,59.00,100 גרם,false,1,17.90,30.3390,true,1,50038
5060412214124,true,אברקלין חול עפיזור מ,מיוצר בהולנד עבור cb,NL,"חול מתגבש בעל פיזור מופחת, 5 קג",קילוגרמים,5.00,"ק""ג",false,1,59.00,11.8000,true,1,51020
5060424705368,false,WARRIOR - חטיף חלבון קראנץ' בטעם קרמל מלוח,וורקווין,GB,WARRIOR חטיף קראנץ בטעם קרמל מלוח 64 גר,גרמים,64.00,100 גרם,false,1,14.90,23.2813,true,1,53121
5060424705511,false,WARRIOR - חטיף חלבון קראנץ' בטעם שוקולד וקוקוס,תעשיות מזון בלאבאן,US,WARRIOR חטיף חלבון קראנץ שוקולד וקוקוס,גרמים,64.00,100 גרם,false,1,14.90,23.2813,true,1,54133
5060424705535,false,WARRIOR -חטיף חלבון בטעם שוקולד מריר ובוטנים,"KBF תעשיות בע""מ UK",GB,WARRIORשוקולד מריר ובוטנים 20גר חלבון,גרמים,64.00,100 גרם,false,1,14.90,23.2813,true,1,52469
5060462260539,false,אצבעות וופל במילוי קרם אגוזים מצופה שוקולד 45 גרם - לאב רואו,,ES,אצבעות וופל במילוי קרם אגוזים מצופה שוקו,גרמים,45.00,100 גרם,false,1,16.90,37.5556,true,1,54427
5060462260683,false,אצבעות וופל במילוי קרם אגוזים מצופה שוקולד לבן 45 גרם - לאב רואו,,ES,אצבעות וופל במילוי קרם אגוזים מצופה שוקו,גרמים,45.00,100 גרם,false,1,16.90,37.5556,true,1,54428
5060462261758,false,כדורי וופל קראנציים במילוי קרם לוז 45 גר,,ES,כדורי וופל קראנצים במילוי קרם לוז מצופים,גרמים,45.00,100 גרם,false,1,16.90,37.5556,true,1,54429
5060517886486,false,"משקה אנרגיה מונסטר אנרג'י בפחית 500 מ""ל",מונסטר אנרג'י Monster Energy,RS,"מונסטר אנרג'י פח 500 מ""ל",מיליליטרים,500.00,"100 מ""ל",false,1,7.90,1.5800,true,1,44415
5060517886516,false,"משקה אנרגיה מונסטר אנרג'י זירו בפחית 500 מ""ל",מונסטר אנרג'י Monster Energy,RS,"מונסטר אנרג'י זירו פח 500 מ""ל",מיליליטרים,500.00,"100 מ""ל",false,1,7.90,1.5800,true,1,44416
5060639128051,false,"משקה אנרגיה מונסטר אולטרה בפחית 500 מ""ל",מונסטר אנרג'י לימטד,RS,"מונסטר ULTRA פח 500 מ""ל",מיליליטרים,500.00,"100 מ""ל",false,1,7.90,1.5800,true,1,46175
5060639129102,false,"משקה אנרגיה מונסטר אנרג'י מנגו בפחית 500 מ""ל",מונסטר אנרג'י Monster Energy,RS,"מונסטר Mango Loco פח 500 מ""ל",מיליליטרים,500.00,"100 מ""ל",false,1,7.90,1.5800,true,1,49891
5060751218173,false,"משקה אנרגיה מונסטר אנרג'י piplin punch בפחית 500 מ""ל",מונסטר אנרג'י לימטד,RS,"מונסטר פייפליין פאנץ' פח 500 מ""ל",מיליליטרים,500.00,"100 מ""ל",false,1,7.90,1.5800,true,1,53053
5060751219033,false,"משקה אנרגיה מונסטר אנרג'י זירו paradise בפחית 500 מ""ל",מונסטר אנרג'י לימטד,RS,"מונסטר ULTRA PARADISE פח 500 מ""ל",מיליליטרים,500.00,"100 מ""ל",false,1,7.90,1.5800,true,1,53054
5060756342781,false,WARRIOR-חטיף חלבון בטעם קרם עוגיות,"KBF תעשיות בע""מ UK",GB,WARRIOR קרם עוגיות 20גר חלבון 64גרם,גרמים,64.00,100 גרם,false,1,14.90,23.2813,true,1,52470
5060756343702,false,WARRIOR - חטיף חלבון קראנץ' שוקולד מריר פטל,תעשיות מזון בלאבאן,US,WARRIORחטיף חלבון קראנץ פטל שוקולד מריר,גרמים,64.00,100 גרם,false,1,14.90,23.2813,true,1,54134
5099873017623,false,"וויסקי גק דניאלס טנסי אפל 700 מ""ל",ג'ק דניאלס Jack Daniel's,BE,ליקר טנסי קינמון על בסיס ג'ק דניאל'ס,מיליליטרים,700.00,"100 מ""ל",false,1,129.90,18.5571,true,1,49892
5099873038758,false,וויסקי ג'נטלמן ג'ק Gentleman Jack,ג'ק דניאלס Jack Daniel's,US,"ג'נטלמן ג'ק 700 מ""ל",מיליליטרים,700.00,"100 מ""ל",false,1,149.90,21.4143,true,1,49638
5200133120476,false,גלילות וופלים ממולאים קרם אגוזים וקקאו 400 ג',יוניליוור גרמניה Gm,GR,גליליות וופלים 400 גרם אגוזים וקקאו,גרמים,400.00,100 גרם,false,1,19.90,4.9750,true,1,39278
5201004020338,false,קפריס וופל רול ממולא קרם אגוזי לוז 400 ג',א.ג פאפאגופולוס,GR,קפריס רולס קלאסיק 400 גרם,גרמים,400.00,100 גרם,false,1,21.90,5.4750,true,1,42500
5201004021328,false,קפריס רולס גלילי וופל במילוי קרם אגוזי לוז וקקאו,אי. ג'יי פאפאדופולוס,GR,קפריס רולס קלאסיק 115 גרם,גרמים,115.00,100 גרם,false,1,9.90,8.6087,true,1,53568
5201347400545,false,רצועות שעווה מוכנות לשימוש לפנים ולאזורים רגישים,רקיט בנקיזר צרפת,FR,רצועות שעווה מוכנות לפנים ויט 20 יחידות,יחידה,1.00,יחידה,false,1,31.90,31.9000,true,1,33300
5201484021009,false,אוזו סאנס ריבל 700 מ,lsidoros arvanitis s,GR,"אוזו סאן ריבל 700 מ""ל",מיליליטרים,700.00,"100 מ""ל",false,1,89.90,12.8429,true,1,49630
5201940010110,false,זיתים שחורים קלמטה וילי פוד 250 גרם,סיוארס אס.איי,GR,זיתים שחורים טבעיים קלמטה 454 גרם,גרמים,454.00,100 גרם,false,1,16.90,3.7225,true,1,20678
5201940040117,false,זיתים ירוקים במלח דב,סוילה,GR,זיתים ירוקים במלח דברים טובים סגל 700 גר,גרמים,700.00,100 גרם,false,1,18.90,2.7000,true,1,54127
5201940050123,false,זיתים ירוקים ללא גלע,סוילה,GR,זיתים ירוקים במלח ללא גלעין דברים טובים סגל 700 ג,גרמים,700.00,100 גרם,false,1,18.90,2.7000,true,1,54128
5202302000039,true,זיתים שחורים טבעיים,לילייה פודס,GR,זיתים שחורים טבעיים קלמטה ליליה 275 גרם,גרמים,275.00,100 גרם,false,1,18.90,6.8727,true,1,38450
5202302020020,true,ממרח זיתי קלמטה לילי,לילייה פודס,GR,ממרח זיתי קלמטה ליליה 200 גרם,גרמים,200.00,100 גרם,false,1,17.90,8.9500,true,1,38451
5202390014192,false,גבינה צהובה טבעונית זיתים ויאו לייף 200 ג',פרוטרופיק סיה.,GR,צהובה טבעונית עם זיתים200 גרם ויולייף,גרמים,200.00,100 גרם,false,1,24.90,12.4500,true,1,38580
5202390014239,false,גבינה צהובה טבעונית עשבי תיבול ויאו לייף 200 ג',פרוטרופיק סיה.,GR,צהובה עשבי תיבול טבעוני 200 גרם ויולייף,גרמים,200.00,100 גרם,false,1,24.90,12.4500,true,1,38029
5202390015618,false,גבינה צהובה טבעונית אורגינל ויאו לייף 200 ג',אריביה אס.אי. 57022,GR,צהובה אורגינל טבעוני 200 גרם ויולייף,גרמים,200.00,100 גרם,false,1,24.90,12.4500,true,1,35269
5202390016325,false,גבינה צהובה טבעונית בטעם מעושן ויאו לייף 200ג',"אריביה אס.אי., יוון",GR,צהובה מעושנת טבעוני 200 גרם ויולייף,גרמים,200.00,100 גרם,false,1,24.90,12.4500,true,1,35244
5202390016967,false,צהובה טבעונית עם פטריות 200 גר,אריביה אס.אי. 57022,GR,צהובה עם פטריות טבעוני 200 גרם ויולייף,גרמים,200.00,100 גרם,false,1,24.90,12.4500,true,1,35242
5202390020407,false,פטה טבעונית גוש ויולייף 200 ג',ביוט איילנד פודס בעמ,GR,יוונית בסגנון פטה טבעוני 200 גרם ויולייף,גרמים,200.00,100 גרם,false,1,27.90,13.9500,true,1,40593
5202390021121,false,קרמי אוריגינל טבעוני ויולייף 150 גר,ביוט איילנד פודס בעמ,GR,ויולייף קרמית טבעונית בסגנון אורגינלי 150 גרם,גרמים,150.00,100 גרם,false,1,21.90,14.6000,true,1,40592
5202795080709,false,אוזו מטקסה Ouzo Metaxa,פארייפאבה אגרואינדוס,GR,"הכרם אוזו מטקסה, 700 מל",מיליליטרים,700.00,"100 מ""ל",false,1,89.90,12.8429,true,1,41165
5208049001452,false,גולדן וירגיניה ירוק 30 גר+נייר PP,Unknown,NL,גולדן ירוק 30 ג+ נייר PP פקט חפיסה,יחידה,1.00,יחידה,false,1,69.90,69.9000,false,1,43594
5208049001513,false,גולדן וירגיניה צהוב30 גר+נייר לגלגול יח,Unknown,NL,גולדן וירגיניה צהוב 30 גר+ נייר גלגול P,גרמים,30.00,100 גרם,false,1,69.90,233.0000,true,1,43193
5208049001841,false,סיגריות פאל מאל דמי קפסולה,גלוברנס,PL,פאל מאל דמי קפסולה בודד,יחידה,1.00,יחידה,false,1,26.40,26.4000,false,1,42910
5208049002473,false,קנט ארוך קופסא בודדת,Unknown,TR,סיגריות קנט ארוך חפיסה בודד PP,יחידה,1.00,יחידה,false,1,37.80,37.8000,false,1,43220
5208049004781,false,פאל מאל ברי דמי סלימס קופסא,Unknown,,סיגריות,יחידה,1.00,יחידה,false,1,26.40,26.4000,false,1,49559
5208049006655,false,סיגריות פאל מל אקסטרה מנדרינה בודד,Unknown,RO,סיגריות פלמל אקסטרה מנדרינה חפיסה,יחידה,1.00,יחידה,false,1,29.40,29.4000,true,1,54303
5410103161518,false,קרם יום עם פעולה משולשת לעור רגיל ומעורב,"לוריאל ישראל בע""מ",DE,קרם לחות פ.משולשת רגיל,מיליליטרים,50.00,"100 מ""ל",false,1,52.90,105.8000,true,1,38563
5410126006360,false,לוטוס עוגיות סנדוויץ' במילוי לוטוס 150 גר',לוטוס ביקרי בלגיה נ.,BE,לוטוס עוגיות סנדוויץ במילוי לוטוס 150 גר,גרמים,150.00,100 גרם,false,1,10.90,7.2667,true,1,52016
5410126006377,false,לוטוס עוגיות סנדוויץ במילוי וניל 150 גרם,לוטוס ביקרי בלגיה נ.,BE,לוטוס עוגיות סנדוויץ במילוי וניל 150 גרם,גרמים,150.00,100 גרם,false,1,10.90,7.2667,true,1,52017
5410126106022,false,מארז עוגיות לוטוס 250 גר*2,לוטוס ביקרי נ.וי.,BE,מארז חגים לוטוס 2 250 גרם,גרמים,250.00,100 גרם,false,1,23.90,9.5600,true,1,53725
5410126106183,false,עוגיות לוטוס 50 יחידות ארוזות בנפרד 312 גרם,כלורוקס אוקלנד,BE,"ביסקויט קרמל 312 גרם בד""צ 50 יח ארוז בנפ",גרמים,312.00,100 גרם,false,1,22.90,7.3397,true,1,2236
5410126116953,false,ממרח ביסקוויט קרמל לוטוס 400 גרם,לוטוס בייקרי בלגיה נ,BE,לוטוס ממרח עוגיות קרמל 400 גרם,גרמים,400.00,100 גרם,false,1,24.50,6.1250,true,1,26292
5410126126020,false,מארז עוגיות לוטוס 2*250 ג',לוטוס ביקרי נ.וי,,מארז שבועות עוגיות לוטוס250גרם,גרמים,250.00,100 גרם,false,1,23.90,9.5600,true,1,50804
5410126716016,false,"עוגיות לוטוס ביסקויט קרמל בד""צ 250 גרם",לוטוס ביקרי בלגיה,BE,"ביסקויט בטעם קרמל לוטוס 250 גרם בד""צ",גרמים,250.00,100 גרם,false,1,12.90,5.1600,true,1,1347
5410126726947,false,ממרח ביסקוויט קרמל קראנץ' לוטוס 380 גרם,לוטוס בייקרי בלגיה נ,BE,ממרח עוגיות לוטוס קראנץ',גרמים,380.00,100 גרם,false,1,24.50,6.4474,true,1,28145
5410228142089,false,בירה לף בלונד בקבוק330מל,אינבב.ברוורייליין1,BE,"בירה לף בלונד בקבוק 330 מ""ל",מיליליטרים,330.00,"100 מ""ל",false,1,11.90,3.6061,true,1,53332
5410228217732,false,"סטלה ארטואה -פחית 440 מ""ל",מנדלז סי.אר. פרודקשן,BE,בירה סטלה ארטואה בפחית 440 מל,מיליליטרים,440.00,"100 מ""ל",false,1,14.90,3.3864,true,1,49893
5410228267508,false,"באדוויזר בקבוק 330 מ""ל - 5% אלכוהול","איי, בי, אינבוו",GB,בירה באדוויזר,מיליליטרים,330.00,"100 מ""ל",false,1,9.50,2.8788,true,1,42739
5410228267515,false,"שישיית בירה לאגר באדוויזר 6*330 מ""ל",באדווייזר Budweiser,GB,בירה באדוויזר,ליטרים,1.98,ליטר,false,1,37.90,19.1414,true,1,42738
5410316983693,false,"סמירנוף אייס בקבוק 275 מ""ל",סמירנוף אייס Smirnoff ice,IT,סמירנוף אייס,מיליליטרים,275.00,"100 מ""ל",false,1,13.90,5.0545,true,1,2131
5410316994019,false,"וודקה סמירנוף אדום 700מ""ל",דיאג'ו אופריישנס איט,US,סמירנוף וודקה 700 מל,מיליליטרים,700.00,"100 מ""ל",false,1,69.90,9.9857,true,1,28393
5410769100081,false,"בירה לה שוף קטן 330 מ""ל בקבוק","איי, בי, אינבוו",BE,לה שוף בירה חזקה ומעוננת 330 מל,מיליליטרים,330.00,"100 מ""ל",false,1,17.90,5.4242,true,1,36181
5410769200088,false,"בירה מק שוף קטן 330 מ""ל בקבוק",פארייפאבה אגרואינדוס,BE,"בירה מק שוף בקבוק 330 מ""ל",מיליליטרים,330.00,"100 מ""ל",false,1,17.90,5.4242,true,1,36182
5410769800097,false,"בירה לה צרי שוף 8% 330 מ""ל בקבוק",פארייפאבה אגרואינדוס,BE,"בירה צרי שוף 8% בקבוק 330 מ""ל",מיליליטרים,330.00,"100 מ""ל",false,1,17.90,5.4242,true,1,37511
5411081000523,false,"בירה קסטיל דונקר 330 מ""ל",מבשלת קסטל ואן הונסברוק,BE,"בירה קסטיל כהה 330 מ""ל",מיליליטרים,330.00,"100 מ""ל",false,1,12.90,3.9091,true,1,40332
5411081000677,false,בירה קסטיל טריפל בקבוק 330מל,מבשלת קסטל ואן הונסברוק,BE,"בירה קסטיל טריפל 330 מ""ל",מיליליטרים,330.00,"100 מ""ל",false,1,12.90,3.9091,true,1,40334
5411081003654,false,"קסטיל בירה רוז 330 מ""ל",מבשלת קסטל ואן הונסב,BE,בירה קסטל רוזי 330,מיליליטרים,330.00,"100 מ""ל",false,1,12.90,3.9091,true,1,39922
5411188081852,false,אלפרו משקה סויה בטעם וניל 1 ל',הנסיך- מפעל לייצור ט,BE,משקה סויה אלפרו וניל 1 ליטר,ליטרים,1.00,ליטר,false,1,15.90,15.9000,true,1,28131
5411188094159,false,רביעיית מעדן סויה שוקו מריר אלפרו 125 גרם,הנסיך- מפעל לייצור ט,BE,אלפרו מעדן סויה שוקולד מריר 4*125מל,גרמים,500.00,100 גרם,false,1,19.90,3.9800,true,1,7112
5411188096108,false,"שמנת לבישול ע""ב סויה 250 מ""ל אלפרו",אלפרו C.V.A,BE,"שמנת לבישול אלפרו 250 מ""ל",מיליליטרים,250.00,"100 מ""ל",false,1,10.90,4.3600,true,1,21104
5411188106159,false,אלפרו סויה לייט מופחת שומן 1.2% 1 ליטר,הנסיך- מפעל לייצור ט,BE,אלפרו משקה סויה מופחת שומן 1ל,ליטרים,1.00,ליטר,false,1,15.90,15.9000,true,1,29974
5411188110835,false,אלפרו חלב סויה שקדים וניל 1ל',הנסיך- מפעל לייצור ט,BE,אלפרו משקה שקדים 1ל,ליטרים,1.00,ליטר,false,1,15.90,15.9000,true,1,26400
5411188112549,false,משקה קוקוס אלפרו 1 ליטר משקה אורז 1 ליטר,הנסיך- מפעל לייצור ט,BE,אלפרו משקה אורז 1ל,ליטרים,1.00,ליטר,false,1,15.90,15.9000,true,1,28199
5411188112709,false,"משקה קוקוס אלפרו 1 ליטר משקה שקדים לל""ס",הנסיך- מפעל לייצור ט,BE,אלפרו משקה שקדים ללס 1ל,ליטרים,1.00,ליטר,false,1,15.90,15.9000,true,1,41259
5411188115366,false,משקה קוקוס אלפרו 1 ליטר משקה שיבולת שועל 1 ליטר,הנסיך- מפעל לייצור ט,BE,אלפרו משקה שיבולת שועל 1 ליטר,ליטרים,1.00,ליטר,false,1,15.90,15.9000,true,1,51937
5411188115472,false,משקה סויה אלפרו 1 ליטר,הנסיך- מפעל לייצור ט,BE,אלפרו משקה סויה 1ל,ליטרים,1.00,ליטר,false,1,15.90,15.9000,true,1,46440
5411188118732,false,משקה אלפרו קוקוס ושקדים 1 ליטר,הנסיך- מפעל לייצור ט,BE,אלפרו משקה שקדים קוקוס 1ל,ליטרים,1.00,ליטר,false,1,15.90,15.9000,true,1,32713
5411188120742,false,משקה קוקוס אלפרו 1 ליטר שקדים וניל 1 ל',הנסיך- מפעל לייצור ט,BE,אלפרו משקה שקדים וניל 1ל,ליטרים,1.00,ליטר,false,1,15.90,15.9000,true,1,32712
5411188121923,false,"משקה סויה מועשר סידן אלפרו 3*250 מ""ל",הנסיך- מפעל לייצור ט,BE,אלפרו משקה סויה 3*250מל,מיליליטרים,750.00,"100 מ""ל",false,1,15.90,2.1200,true,1,37675
5411188124726,false,אלפרו משקה שיבולת שועל שקדים 1 ליטר,הדקלאים אגודת שיתופי,BE,אלפרו משקה ש.שועל שקדים1ל,ליטרים,1.00,ליטר,false,1,15.90,15.9000,true,1,37523
5411188127697,false,אלפרו משקה בריסטה שיבולת שועל 1 ליטר,הנסיך- מפעל לייצור ט,BE,אלפרו בריסטה שיבולת שועל 1ל,ליטרים,1.00,ליטר,false,1,15.90,15.9000,true,1,46442
5411188134985,false,משקה NOT MILK שיבולת שועל 3.5% אלפרו 1 ליטר,הנסיך- מפעל לייצור ט,BE,3.5%שומן NOT MILK אלפרו שבולת שועל 1 לי,ליטרים,1.00,ליטר,false,1,14.90,14.9000,true,1,51610
5411188135005,false,משקה NOT MILK שיבולת שועל 1.8% אלפרו 1 ליטר,הנסיך- מפעל לייצור ט,BE,1.8%שומן NOT MILK אלפרו שבולת שועל 1 לי,ליטרים,1.00,ליטר,false,1,14.90,14.9000,true,1,51317
5411188300328,false,אלפרו סויה שוקו 1 ליטר * 8 יחי,הנסיך- מפעל לייצור ט,BE,אלפרו משקה סויה שוקו 1ל,ליטרים,1.00,ליטר,false,1,15.90,15.9000,true,1,28133
5411188513483,false,"סויה לבישול 14% שומן אלפרו 250 מ""ל",אלפרו C.V.A,BE,אלפרו סויה לבישול 14% שומן 250מל,מיליליטרים,250.00,"100 מ""ל",false,1,10.90,4.3600,true,1,52508
5411188543398,false,משקה סויה ללא סוכר אלפרו 1 ליטר,הנסיך- מפעל לייצור ט,BE,אלפרו משקה סויה ללס 1ל,ליטרים,1.00,ליטר,false,1,15.90,15.9000,true,1,46443
5411616002190,false,"בירה מרטנס חזקה 8.5% כהל,500 מ""ל",מבשלת מרטנס,BE,"בירה Strong מרטנס 500 מ""ל 8.5%",מיליליטרים,500.00,"100 מ""ל",false,1,7.90,1.5800,true,1,37830
5411616133245,false,בירה מרטנס פחית ירוק500מ,מבשלת מרטנס,BE,"בירה מרטנס ירוק פרימיום 500 מ""ל 5%",מיליליטרים,500.00,"100 מ""ל",false,1,7.90,1.5800,true,1,37822
5411616148546,false,"בירה מרטינס גולד 500 מ""ל-פחית",מבשלת מרטנס,BE,בירה מרטנס גולד 500מל 6.5%,מיליליטרים,500.00,"100 מ""ל",false,1,7.90,1.5800,true,1,37821
5411681014005,false,בירה דובל 330 מל פקד,פארייפאבה אגרואינדוס,BE,"בירה דובל בקבוק 330 מ""ל",מיליליטרים,330.00,"100 מ""ל",false,1,17.90,5.4242,true,1,22327
5411681038001,false,"מרדסו מעורפלת מאוד330מ""ל","איי, בי, אינבוו",BE,בירה מרדסו 10% כוהל 330 מל,מיליליטרים,330.00,"100 מ""ל",false,1,17.90,5.4242,true,1,32731
5411718911154,false,סיידר תפוחים אלכוהול,סטאסן ס.א.,BE,"סיידר תפוחים 4.5%סטרונגבאו פירות 330 מ""ל",מיליליטרים,330.00,"100 מ""ל",false,1,8.90,2.6970,true,1,35564
5413149655522,false,"אבקת כביסה שושן צחור 1.25 ק""ג אריאל",פרוקטר אנד גמבל,TR,איראל אבקת כביסה שושן צחור 1.25 קג,קילוגרמים,1.25,"ק""ג",false,1,19.90,15.9200,true,1,19897
5413548280189,false,קינדר שוקו בון 1 יחידות 125 גרם,פררו - אלבה,BE,חטיף קינדר שוקו בון 125 גרם,גרמים,125.00,100 גרם,false,1,15.90,12.7200,true,1,22932
5600286004072,false,תפוחונים מתקתק אורגני 40 גרם,נטורפוד,PT,תפוחונים אורגניים מתקתק 40 גרם נטורפוד,גרמים,40.00,100 גרם,false,1,9.90,24.7500,true,1,45958
5600286004089,false,תפוחונים אורגניים חמצמץ 40 גר,נטורפוד,PT,תפוחונים אורגניים חמצמץ 40 גרם נטורפוד,גרמים,40.00,100 גרם,false,1,9.90,24.7500,true,1,45959
5601010111035,false,סרדין בשמן זית רמירז 125 גרם,רמירז אנד קה פילהאוס,PT,שימורי סרדינים בשמן זית,גרמים,125.00,100 גרם,false,1,12.90,10.3200,true,1,26859
5601010211070,false,סרדין במים רמירז 125 גרם,רמירז אנד קה פילהאוס,PT,שימורי סרדינים במי מלח 100 גרם,גרמים,125.00,100 גרם,false,1,11.50,9.2000,true,1,26900
5601010211087,false,פילה סרדין בשמן זית כתית 100 גר רמירז,רמירז אנד קה פילהאוס,PT,שימורי סרדינים(פילה)בשמן זית,גרמים,100.00,100 גרם,false,1,13.50,13.5000,true,1,26901
5601045300022,false,משקה גוארנה אנטרטיקה פחית 355 מל,סומול וקומפל אס.איי,PT,"גוארנה אנטרטיקה פחית צרה 330 מ""ל",מיליליטרים,330.00,"100 מ""ל",false,1,6.50,1.9697,true,1,16889
5701932026964,false,"הוטפופ גרעיני תירס להכנת פופקורן במיקרוגל בטעם טבעי, בתוספת מלח, 600 גרם",ליימן מותגים,US,פופקורן עם מלח הוטפופ 600 גרם,גרמים,600.00,100 גרם,false,1,16.90,2.8167,true,1,1440
5701932026971,false,הוטפופ גרעיני תירס להכנת פופקורן במיקרוגל בטעם חמאה 600 גרם,ליימן מותגים,US,הוט חמאה 600 ג') ב(12,גרמים,600.00,100 גרם,false,1,16.90,2.8167,true,1,1441
5701932026995,false,"הוטפופ גרעיני תירס להכנת פופקורן במיקרוגל בטעם טבעי מופחת שומן, 510 גרם",קריניציה ויטמינה אס,US,פופקורן לייט טבעי הוטפופ 510 גרם,גרמים,510.00,100 גרם,false,1,16.90,3.3137,true,1,1442
5710840126130,false,טבק לעישון באלי תכלת,Unknown,,טבק לעישון באלי תכלת חזק 40 גרם,גרמים,40.00,100 גרם,false,1,100.00,250.0000,true,1,34307
5710840209437,false,טבק באלי נטוראל 40 גרם,סקמדינביין טובקו,DK,באלי נטוראל 40 גר,גרמים,40.00,100 גרם,false,1,100.00,250.0000,true,1,43985
5710840210013,false,באלי לבן סופר עדין 40גרם,סקמדינביין טובקו,DK,באלי לבן 40 גר,גרמים,40.00,100 גרם,false,1,100.00,250.0000,true,1,43984
5710840210136,false,באלי גולדן 40 גרם,סקמדינביין טובקו,IL,באלי אדום 40 גר,גרמים,40.00,100 גרם,false,1,100.00,250.0000,false,1,44561
5710840210167,false,באלישג וירג'יניה 40 גרם,סקנדינביין טובקו,IL,באלי צהוב 40 גר,גרמים,40.00,100 גרם,false,1,100.00,250.0000,true,1,44349
5711953106583,false,גבינת שמנת בטעם טבעי 200 ג' ארלה,ארלה פודס אמבה,DK,ארלה גבינת שמנת טבעי,גרמים,200.00,100 גרם,false,1,17.90,8.9500,true,1,43080
5711953106606,false,גבינת שמנת עם תבלינים ועשבי תיבול 23.5%,ארלה פודס אמבה,DK,ארלה גבינת שמנת עשבי תיבול,גרמים,200.00,100 גרם,false,1,17.90,8.9500,true,1,43082
5740900403215,true,ממרח לורפק עם מלח 25,ארלה פודס אמבה,DK,ממרח לורפק עם מלח 250,גרמים,250.00,100 גרם,false,1,18.90,7.5600,true,1,40173
5740900403222,true,ממרח לורפק עם מלח מו,ארלה פודס אמבה,DK,ממרח לורפק עם מלח מופחת שומן,גרמים,250.00,100 גרם,false,1,20.90,8.3600,true,1,40174
5740900403239,true,ממרח לורפק ללא מלח 2,ארלה פודס אמבה,DK,ממרח לורפק בלי מלח 250,גרמים,250.00,100 גרם,false,1,20.90,8.3600,true,1,40175
5740900403260,false,ממרח מחמאת לורפק ללא מלח 27% פחות שומן,ארלה פודס אמבה,DK,ממרח לורפק ללא מלח מופחת שומן,גרמים,250.00,100 גרם,false,1,20.90,8.3600,true,1,40176
5740900403284,false,ממרח חמאה לופרק ללא מלח 200 גר',ארלה פודס אמבה,DK,ממרח לורפק 200 גר ללא מלח,גרמים,200.00,100 גרם,false,1,12.50,6.2500,true,1,46294
5740900403864,false,לורפק 200 גרם עם מלח 200 גרם,ארלה פודס אמבה,DK,לורפק חמאה עם מלח 200 גרם,גרמים,200.00,100 גרם,false,1,12.90,6.4500,true,1,51477
5900020012814,false,דגנים תפוחים בטעם שוקולד נסקוויק נסטלה 500 גרם,מיוצר עי קונדיטוריית,PL,דגני בוקר נסקוויק 500 גרם,גרמים,500.00,100 גרם,false,1,27.90,5.5800,true,1,20840
5900020026552,false,דגני בוקר האני נאט צ'יריוס בטעם דבש ושקדים,נסטלה צרפת איטנקורט,FR,דגני האני נאט ציריוס 625 גרם,גרמים,625.00,100 גרם,false,1,27.90,4.4640,true,1,33522
5900020041142,false,קורנפלקס פיטנס 500 ג' אסם,נסטלה צרפת איטנקורט,PL,קןרנפלקס פיטנס 500גרם,גרמים,500.00,100 גרם,false,1,16.90,3.3800,true,1,54069
5900617035882,false,חטיף חלבון נוטרישיין בטעם שוקולד,סיטי תוספי מזון,PL,חטיף חלבון נוטרישיין שוקולד50גרם,גרמים,50.00,100 גרם,false,1,12.90,25.8000,true,1,52818
5900617035905,false,חטיף חלבון נוטרישיין בטעם קרמל מלוח,סיטי תוספי מזון,PL,חטיף חלבון נוטרישיין קרמל מלוח 50גרם,גרמים,50.00,100 גרם,false,1,12.90,25.8000,true,1,52817
5900617035929,false,חטיף חלבון נוטרישיין בטעם וניל תות יער,סיטי תוספי מזון,PL,חטיף חלבון נוטרישיין וניל תות יער 50גרם,גרמים,50.00,100 גרם,false,1,12.90,25.8000,true,1,52819
5900907000583,false,מלפפונים שלמים בחומץ900ג,סגל דברים טובים,PL,מלפפונים בחומץ 920גרם,גרמים,920.00,100 גרם,false,1,16.90,1.8370,true,1,54209
5900907000965,false,פטיסונים בחומץ 860 גרם,סגל דברים טובים,PL,פטיסון בחומץ 910 גרם,גרמים,910.00,100 גרם,false,1,21.90,2.4066,true,1,54217
5900907001429,false,תערובת ירקות כבושים920גר,סגל דברים טובים,PL,אסורטי 910גרם,גרמים,910.00,100 גרם,false,1,16.90,1.8571,true,1,54210
5900907001450,false,מלפפונים שלמים במלח900ג,סגל דברים טובים,PL,מלפפון במלח 910 גרם,גרמים,910.00,100 גרם,false,1,16.90,1.8571,true,1,54216
5900907001597,false,כרוב כבוש עם גזר 900,אורבנק,PL,כרוב כבוש עם גזר 900 גרם,גרמים,900.00,100 גרם,false,1,16.90,1.8778,true,1,54218
5900907001719,false,תערובת ירקות כבושים930גר,סגל דברים טובים,IL,תערובת מלפפונים ועגבניות,גרמים,910.00,100 גרם,false,1,16.90,1.8571,true,1,54215
5900951283963,false,חטיף סניקרס עם חמאת בוטנים Creamy Peanut Butter,סנו מפעלי ברונוס.,PL,dro סניקרס קרימי ח.בוטנים 36.5,גרמים,37.00,100 גרם,false,1,4.90,13.2432,true,1,52553
5902047170294,false,"פילטר סילבר סטאר 6מ""",,,"פילטר סילבר סטאר 6מ""מ קצר",יחידה,1.00,יחידה,false,1,5.00,5.0000,true,1,52879
5902047174209,false,"פילטר ספוג 5.3 מ""מ ארוך 30 יח",,,"פילטר סילבר סטאר 5.3מ""מ קצר",יחידה,1.00,יחידה,false,1,5.00,5.0000,true,1,52876
5902047174223,false,"פילטר ספוג 5.3 מ""מ ארוך 30 יח",,,"פילטר סילסר סטאר 5.3מ""מ ארוך",יחידה,1.00,יחידה,false,1,5.00,5.0000,true,1,52877
5902047174261,false,"פילטר ספוג 6 מ""מ ארוך 30 יח",,,"פילטר סילבר סטאר 6מ""מ ארוך",יחידה,1.00,יחידה,false,1,5.00,5.0000,true,1,52878
5902198160403,false,XL משקה אנרגיה מוגז ללא סוכר עד 10 קלוריות לפחית 250 מל,"טמפו משקאות בע""\מ",IL,"משקה אנרגיה XL TEN פחית 250 מ""ל",מיליליטרים,250.00,"100 מ""ל",false,1,5.50,2.2000,true,1,36185
5904941750312,false,"משקה אנרגיה BLU מוחיטו בודד 250 מ""ל",אקו - ביט,PL,בלו משקה אנרגיה מוגז 250 מל,מיליליטרים,250.00,"100 מ""ל",false,1,4.50,1.8000,true,1,26263
5904941751241,false,"משקה אנרגיה BLU דיי סיקס ללא סוכר 250 מ""ל",אקו - ביט,PL,בלו משקה אנרגיה מוגז 250 מל,מיליליטרים,250.00,"100 מ""ל",false,1,4.50,1.8000,true,1,46186
5904941751302,false,"משקה אנרגיה בלו 250 מ""ל- בודד",אקו - ביט,PL,בלו משקה אנרגיה מוגז 250 מל,מיליליטרים,250.00,"100 מ""ל",false,1,4.50,1.8000,true,1,18153
5904941751524,false,"משקה אנרגיה BLU DAY אבטיח בודד 250 מ""ל",אקו - ביט,PL,בלו משקה אנרגיה מוגז 250 מל,מיליליטרים,250.00,"100 מ""ל",false,1,4.50,1.8000,true,1,26264
5904941751715,false,"משקה אנרגיה בלו קרנברי 250 מ""ל -בודד",אקו - ביט,PL,בלו משקה אנרגיה מוגז 250 מל,מיליליטרים,250.00,"100 מ""ל",false,1,4.50,1.8000,true,1,21991
5904941751920,false,"משקה אנרגיה BLU day רגיל 250 מ""ל",אקו - ביט,PL,בלו משקה אנרגיה מוגז 250 מל,מיליליטרים,250.00,"100 מ""ל",false,1,4.50,1.8000,true,1,25404
5905643070852,false,פטל בסירופ קל 400 גר,,PL,פטל בסירופ קל 400 גרם,גרמים,400.00,100 גרם,false,1,12.90,3.2250,true,1,54212
5905643070869,false,אוכמניות כחולות בסיר,"קזברוק,ג'.א. קסול",PL,אוכ כחולות בסירופ קל 400 גרם,גרמים,400.00,100 גרם,false,1,12.90,3.2250,true,1,54214
5905643070883,false,תות שדה בסירופ קל 40,,PL,תות שדה בסירופ קל 400 גרם,גרמים,400.00,100 גרם,false,1,12.90,3.2250,true,1,54211
5905643070906,false,תערובת פירות בסירופ,העידן האורגני,,תערובת פירות בסירופ קל 400 גרם,גרמים,400.00,100 גרם,false,1,12.90,3.2250,true,1,54213
5906485301012,false,"משקה אנרגיה XL פחית 250 מ""ל","טמפו משקאות בע""מ",IL,אקס אל אנרג'י דרינק משקה אנרגיה מוגז,מיליליטרים,250.00,"100 מ""ל",false,1,5.50,2.2000,true,1,15089
5998623526739,false,"יין הונגרי גוורצטרמינר 750 מ""ל כשר",דנוביאנה,HU,"יין גוורצטרמינר סי גראס 750 מ""ל",מיליליטרים,750.00,"100 מ""ל",false,1,49.90,6.6533,true,1,41570
6001067027324,false,קולגייט בארבי-באטמן מברשת חשמלית,קולגייט - פלמוליב,CN,קולגייט מברשת ילדים בארבי-ספייד חשמלית,יחידה,1.00,יחידה,false,1,54.90,54.9000,true,1,51056
6008165003984,false,סיגריות פאל מאל כחול סטרים פילט בודד,אמריקן גרדן,TR,סיגריות פאל מל כחול סטרים חפיסה בודד,לא מנהל יחידת מידה,0.00,לא מנהל יחידת מידה,false,1,30.50,0.0000,false,1,27172
6008165271192,false,סיגריות פאל מל ארוך אדום בודד,אמריקן גרדן,TR,סיגריות פאל מל ארוך אדום חפיסה בודד,לא מנהל יחידת מידה,0.00,לא מנהל יחידת מידה,false,1,30.50,0.0000,false,1,26552
6008165274629,false,פאל מאל כחול ארוך סטרים פילטר חפיסה,יושלם,TR,סיגריות פאל מאל כחול ארוך סטרים חפיסה בו,לא מנהל יחידת מידה,0.00,לא מנהל יחידת מידה,false,1,30.50,0.0000,false,1,31831
6253341100029,false,טחינה עאייש 100% שומ,עומר עאייש שכם,PS,טחינה עאייש 100% שומשום 450 גרם,גרמים,450.00,100 גרם,false,1,17.90,3.9778,true,1,42605
6910191800287,false,אצות נורי בלו 10 דף (ננגטונג),ננטונג היידה אקווטוק,CN,אצות נורי בלו 10 דף,יחידה,60.00,יחידה,false,1,13.90,0.2317,true,1,52639
6912977000140,false,אטריות שעועית 250 גר' ( Yantai)ללא גלוטן(כ),יאנטאי ינסידה לנוגקא,CN,אטריות שעועית ללא גלוטן 250 גרם,גרמים,250.00,100 גרם,false,1,9.90,3.9600,true,1,52646
6921052701001,false,אצות וואקמה 40 גרם (רונגצ'אנג)(כ),ננטונג הידה אקוטיק פ,CN,אצות וואקמה 40 גרם רונגצאנג,גרמים,40.00,100 גרם,false,1,10.90,27.2500,true,1,52654
6922276100083,false,מחית וואסבי -חזרת 43 גרם (דליאן),דליאן ג'ינדה קונדימנ,CN,מזרח ומערב מחית וואסבי-חזרת 43 גרם,גרמים,43.00,100 גרם,false,1,10.90,25.3488,true,1,52638
6928542902795,false,פרש דפי ריענון כחול,שאטו בלוו,CN,פרש דפי ריענון כחול,לא מנהל יחידת מידה,0.00,לא מנהל יחידת מידה,false,1,7.90,0.0000,true,1,47045
6928542902801,false,פרש דפי ריענון מנטה,שאטו בלוו,CN,פרש דפי ריענון מנטה ירוק,לא מנהל יחידת מידה,0.00,לא מנהל יחידת מידה,false,1,7.90,0.0000,true,1,47046
6928542902818,false,דפי רענון מנטה אדום,שאטו בלוו,CN,פרש דפי ריענון תות אדום,לא מנהל יחידת מידה,0.00,לא מנהל יחידת מידה,false,1,7.90,0.0000,true,1,47047
6936065464966,false,מטרייה ילדים סמי הכב,סיגו ינקו,,מטרייה ילדים סמי הכבאי,מיליליטרים,0.00,"100 מ""ל",false,1,19.90,0.0000,true,1,31989
6936745600462,false,רוטב מירין לתיבול מז,דאנינג יוה פודס קו,CN,מזרח ומערב רוטב מירין לתיבול 500 מל,מיליליטרים,500.00,"100 מ""ל",false,1,21.90,4.3800,true,1,52643
6936745600783,false,"חומץ אורז מזרח מערב 500 מ""ל",דאנינג יוה פודס קו,CN,"חומץ אורז 500 מ""ל (דאניינג)",מיליליטרים,500.00,"100 מ""ל",false,1,17.90,3.5800,true,1,52655
6971060684087,false,ס. אלקטרונית ק. פרו,,CN,ס. אלקטרונית ק. פרו קוקוס אננס 2000 שאיפ,יחידה,1.00,יחידה,false,1,79.90,79.9000,false,1,52480
6974706640027,false,סיגריה אלקטרונית סמא,shenzhen hot technol,CN,סיגריה אלקטרונית סמארט אבטיח אייס 3000 שאיפות,יחידה,1.00,יחידה,false,1,99.90,99.9000,true,1,53992
7038516140357,false,מברשת שיניים ג'ורדן טוטל סופט מארז 4 יחידות,מיוצר במלזיה עבור ג',NO,ג'ורדן מברשת שיניים רביעייה סופט,Unknown,0.00,Unknown,false,1,19.90,0.0000,true,1,29791
7271730901261,false,ווקי מאק ארוחת אטריות עם גבינה 156 גרם,ניו וורלד פסטה קומפנ,US,ארוחת אטריות עם רוטב גבינה,גרמים,156.00,100 גרם,false,1,12.90,8.2692,true,1,26193
7290000008384,false,דונאטס במגוון טעמים,פילסברי,IL,דונאטס במגוון טעמים,יחידה,1.00,יחידה,false,1,8.50,8.5000,true,1,46275
7290000023083,false,ערק אשקלון בקבוק 700,"יקבי ברקן בע""\מ",IL,"ערק אשקלון 40% בקבוק 700 מ""ל",מיליליטרים,700.00,"100 מ""ל",false,1,64.90,9.2714,true,1,28002
7290000023809,false,"יין קלאסיק קברנה סוביניון ברקן 750 מ""ל",יקבי ברקן שיווק והפצה בע,IL,ברקן קלאסיק קברנה סוביניון יין אדום יבש 2015,מיליליטרים,750.00,"100 מ""ל",false,1,34.90,4.6533,true,1,3921
7290000023816,false,"יין קלאסיק אמרלד ריזלינג ברקן 750 מ""ל",יקבי ברקן שיווק והפצה בע,IL,ברקן קלאסיק אמרלד ריזלינג יין לבן חצי יבש 2016,מיליליטרים,750.00,"100 מ""ל",false,1,34.90,4.6533,true,1,3922
7290000023847,false,"יין קלאסיק שרדונה ברקן 750 מ""ל",יקבי ברקן שיווק והפצה בע,IL,ברקן קלאסיק שרדונה 750 מל יין לבן יבש,מיליליטרים,750.00,"100 מ""ל",false,1,34.90,4.6533,true,1,35950
7290000023977,false,"יין קלאסיק מרלו ברקן 750 מ""ל",יקבי ברקן שיווק והפצה בע,IL,ברקן קלאסיק מרלו יין אדום יבש 2015 750 מל,מיליליטרים,750.00,"100 מ""ל",false,1,34.90,4.6533,true,1,3923
7290000040042,false,יופלה יוגורט תות %3 גביע 150 גרם,תנובה חלב,IL,יופלה יוגורט תות %3 גביע 150 גרם,גרמים,150.00,100 גרם,false,1,5.70,3.8000,true,1,3969
7290000040066,false,יופלה יוגורט דובדבן %3 גביע 150 גרם,תנובה מרכז שיתופי לש,IL,יופלה יוגורט דובדבן %3 גביע 150 גרם,גרמים,150.00,100 גרם,false,1,5.70,3.8000,true,1,3971
7290000040080,false,יופלה יוגורט אפרסק %3 גביע 150 גרם,תנובה חלב,IL,יופלה יוגורט אפרסק %3 גביע 150 גרם,גרמים,150.00,100 גרם,false,1,5.70,3.8000,true,1,3972
7290000040301,false,תנובה עין גדי קממבר מחלב בקר 24% שומן,תנובה מרכז שיתופי לש,IL,קממבר 24%,גרמים,125.00,100 גרם,false,1,23.90,19.1200,true,1,3974
7290000040318,false,גבינת ברי 24% קולאז עדי תנובה 125 ג',תנובה מרכז שיתופי לש,IL,גבינת ברי קולאז 125 גרם קולקשיין,גרמים,125.00,100 גרם,false,1,22.90,18.3200,true,1,3975
7290000040462,false,טוסטי גבינה בסגנון אמריקאי אדם 23% תנובה 200 גרם,תנובה מרכז שיתופי לש,IL,גבינה מותכת טוסטי 22% אדם 200 גרם,גרמים,200.00,100 גרם,false,1,20.90,10.4500,true,1,3977
7290000040813,false,אוכמניות ליחידה,חקלאי,IL,אוכמניות ליחידה,יחידה,1.00,יחידה,false,1,39.90,39.9000,true,1,53822
7290000040974,false,חלב דל לקטוז 2% תנובה קרטון 1 ליטר,תנובה מרכז שיתופי לש,IL,חלב תנובה דל לקטוז 2% שומן 1 ליטר,ליטרים,1.00,ליטר,false,1,7.50,7.5000,true,1,23281
7290000041445,false,קוטג תנובה גביע 250 גרם 5% בדצ,מיוצר עי קונדיטוריית,IL,קוטג תנובה גביע 250 גרם 5% בדצ,גרמים,250.00,100 גרם,false,1,5.70,2.2800,true,1,3989
7290000041858,false,"שמנת חמוצה 15% מועשרת יטבתה 200 מ""ל",שטראוס גרופ,IL,שמנת חמוצה 15% מועשרת מהדרין,מיליליטרים,200.00,"100 מ""ל",false,1,2.40,1.2000,true,1,5511
7290000042435,false,חלב דל שומן בקרטון+פקק תנובה 1 ליטר,תנובה מרכז שיתופי לש,IL,תנובה חלב טרי 1% שומן,ליטרים,1.00,ליטר,false,1,5.86,5.8600,true,1,4000
7290000042503,false,"חלב עמיד קרטון 3% 1 ליטר בד""צ תנובה",תנובה מרכז שיתופי לש,IL,תנובה חלב עמיד 3% שומן 1 ליטר,ליטרים,1.00,ליטר,false,1,7.70,7.7000,true,1,4003
7290000042640,false,"חלב תנובה עמיד 3% קרטון 250 מ""ל",תנובה חלב,IL,תנובה חלב עמיד 3% שומן 250 מל,מיליליטרים,250.00,"100 מ""ל",false,1,3.20,1.2800,true,1,4221
7290000042855,false,"שוקו בשקית 250 מ""ל ""יטבתה""",שטראוס גרופ,IL,"שוקו יטבתה בשקית 225 מ""ל",מיליליטרים,225.00,"100 מ""ל",false,1,2.60,1.1556,true,1,4007
7290000043012,false,"שוקו עמיד 2% בקרטון 250 מ""ל תנובה",תנובה מרכז שיתופי לש,IL,תנובה שוקו עמיד 2% שומן 250 מל,מיליליטרים,250.00,"100 מ""ל",false,1,5.90,2.3600,true,1,4008
7290000043111,false,תנובה חמאה 200 גרם - מוצר בפיקוח,תנובה מרכז שיתופי לש,IL,חמאה תנובה 200 גרם,גרמים,200.00,100 גרם,false,1,8.50,4.2500,true,1,4009
7290000043814,false,השף הלבן שמנת להקצפה 38% שומן 250 מל - מוצר בפיקוח,תנובה מרכז שיתופי לש,IL,השף הלבן שמנת להקצפה 38% שומן 250 מל,מיליליטרים,250.00,"100 מ""ל",false,1,6.47,2.5880,true,1,4011
7290000043890,false,תנובה רויון לבן מחלב מפסוטר 1.5%,תנובה מרכז שיתופי לש,IL,תנובה רויון לבן מחלב מפסוטר 1.5% 1 ליטר,ליטרים,1.00,ליטר,false,1,12.60,12.6000,true,1,4013
7290000043944,false,כד יוגורט תנובה 4% שומן 1.5 ליטר,מיוצר עי קונדיטוריית,IL,יוגורט 4.5% בכד תנובה 1.5 ליטר,ליטרים,1.50,ליטר,false,1,17.90,11.9333,true,1,4014
7290000044248,false,"רויון קרטון 1.5% שומן 500 מ""ל תנובה",תנובה חלב,IL,תנובה רויון לבן מחלב מפוסטר 1.5% 500 מל,מיליליטרים,500.00,"100 מ""ל",false,1,6.90,1.3800,true,1,4016
7290000044712,false,יוגורט עם תות 1.5% שומן 500 ג' פרילי,מיוצר עי קונדיטוריית,IL,"פרילי תות 500 מ""ל",מיליליטרים,500.00,"100 מ""ל",false,1,12.90,2.5800,true,1,4017
7290000044880,false,באדי יוגורט תות 3% שומן 500 ג' תנובה,מיוצר עי קונדיטוריית,IL,"באדי תות 3% 500 מ""ל",מיליליטרים,500.00,"100 מ""ל",false,1,10.90,2.1800,true,1,4018
7290000045573,false,גבינת מותכת משולשים 25% שומן 200 ג' נעמה,תנובה חלב,IL,נעמה גבינה מותכת משולשים 25% שומן,גרמים,200.00,100 גרם,false,1,17.90,8.9500,true,1,4019
7290000045580,false,גבינה מותכת נעמה חורש תנובה 240 גרם,תנובה מרכז שיתופי לש,IL,נעמה גבינה מותכת משולשים 25% שומן,גרמים,240.00,100 גרם,false,1,20.90,8.7083,true,1,4020
7290000045917,false,תנובה פרומעז גבינה מותכת מחלב עיזים 23% שומן,תנובה חלב,IL,תנובה פרומעז גבינה מותכת מחלב עיזים 23% שומן,גרמים,200.00,100 גרם,false,1,28.90,14.4500,true,1,4021
7290000046327,false,גלבוע גבינה צהובה פרוסה 22% תנובה 200 גרם,תנובה מרכז שיתופי לש,IL,גלבוע גבינה צהובה חצי קשה פרוס 22% שומן,גרמים,200.00,100 גרם,false,1,14.50,7.2500,true,1,4023
7290000047546,false,השף הלבן כנען גבינה לבנה דלת נתרן 5% תנובה 500 גרם,תנובה מרכז שיתופי לש,IL,גבינה כנען500 גרם 5% שומן,גרמים,500.00,100 גרם,false,1,26.90,5.3800,true,1,4025
7290000048185,false,גבינה לבנה 5% תנובה 250 גרם מהדרין,מיוצר עי קונדיטוריית,IL,גבינה למריחה 5% תנובה פיקוח 250 גרם,גרמים,250.00,100 גרם,false,1,4.98,1.9920,true,1,4028
7290000048192,false,גבינה לבנה 9% תנובה 250 גרם מהדרין,מחלבת אלון תבור,IL,גבינה למריחה 9% תנובה 250 גרם,גרמים,250.00,100 גרם,false,1,4.90,1.9600,true,1,4029
7290000048307,false,גבינת קוטג' עם זיתים 5% תנובה 250 גרם,מיוצר עי קונדיטוריית,IL,קוטג 5% זיתים 250 גרם,גרמים,250.00,100 גרם,false,1,6.10,2.4400,true,1,4030
7290000048413,false,פיראוס חמד גבינה מלוחה 16% שומן,תנובה מרכז שיתופי לש,IL,פיראוס חמד גבינה כפרית מלוחה 16% שומן,גרמים,250.00,100 גרם,false,1,21.90,8.7600,true,1,4032
7290000048437,false,פיראוס צפתית 5% שומן 200 גרם,פארייפאבה אגרואינדוס,IL,גבינה צפתית 5% שומן,גרמים,200.00,100 גרם,false,1,16.50,8.2500,true,1,4033
7290000049458,false,גבינת פטה עיזים 16% גביע פיראוס 250 ג',תנובה מרכז שיתופי לש,IL,פיראוס פטה עיזים 16% שומן,גרמים,250.00,100 גרם,false,1,30.90,12.3600,true,1,6488
7290000050447,false,"יוגורט ביו בטעם תות YYY יופלה 500 מ""ל",מיוצר עי קונדיטוריית,IL,יופלה תות 3% גביע 500 גרם,גרמים,500.00,100 גרם,false,1,14.50,2.9000,true,1,19176
7290000050454,false,יוגורט יופלה אפרסק 3% שומן 500 גרם,מיוצר עי קונדיטוריית,IL,יופלה אפרסק 3% גביע 500 גרם,גרמים,500.00,100 גרם,false,1,14.50,2.9000,true,1,19598
7290000051352,false,חלב מלא בטעם של פעם 3.4% תנובה קרטון 1 ל',תנובה מרכז שיתופי לש,IL,חלב מלא בטעם של פעם 3.8% שומן 1 ליטר,ליטרים,1.00,ליטר,false,1,8.20,8.2000,true,1,19980
7290000051376,false,יוגורט יופלה דיאט אננס 0% שומן 150 גרם,תנובה מרכז שיתופי לש,IL,יופלה דיאט אננס גביע 150 גרם,גרמים,150.00,100 גרם,false,1,5.70,3.8000,true,1,20555
7290000051710,false,פיראוס גבינת לאבנה אסלית על בסיס יוגורט תנובה 263 גרם,"תנובה, מחלבת אלון תב",IL,פיראוס לאבנה אסלית עם שמן זית וזעתר על בסיס יוגורט,גרמים,263.00,100 גרם,false,1,15.50,5.8935,true,1,34337
7290000052311,false,גבינה צהובה עמק לייט 15% שומן 200 גרם,תנובה מרכז שיתופי לש,IL,עמק פרוסות גבינה צהובה חצי קשה 15% מופחתת שומן,גרמים,200.00,100 גרם,false,1,17.90,8.9500,true,1,22086
7290000052717,false,גבינת קוטג' שום שמיר 5% תנובה 250 גרם,מיוצר עי קונדיטוריית,IL,קוטג 5% עם שום שמיר 250 גרם,גרמים,250.00,100 גרם,false,1,6.10,2.4400,true,1,25935
7290000055015,false,פיראוס גבינת פטה כבשים 5% תנובה 250 גרם,תנובה מרכז שיתופי לש,IL,פיראוס פטה כבשים גבינה מלוחה 5% שומן,גרמים,250.00,100 גרם,false,1,30.90,12.3600,true,1,26513
7290000055206,false,גבינה לבנה 5% בטעם בצל מטוגן 250 ג' תנובה,מחלבת אלון תבור,IL,גבינה לבנה 5% בצל מטוגן 250 גרם,גרמים,250.00,100 גרם,false,1,6.20,2.4800,true,1,24551
7290000055329,false,"משקה בוקר יוגורט 1.5% בטעם תות מלון יופלה 250 מ""ל",תנובה מרכז שיתופי לש,IL,"משקה יוגורט יופלה תות מלון 250 מ""ל",מיליליטרים,250.00,"100 מ""ל",false,1,6.20,2.4800,true,1,23844
7290000055336,false,"משקה יוגורט 1.5% בטעם בננה אפרסק יופלה 250 מ""ל",תנובה מרכז שיתופי לש,IL,"משקה יוגורט יופלה בננה אפרסק 250 מ""ל",מיליליטרים,250.00,"100 מ""ל",false,1,6.20,2.4800,true,1,23845
7290000055343,false,משקה יוגורט יופלה פירות טרופיים 250 גרם,תנובה מרכז שיתופי לש,IL,"משקה יוגורט יופלה טרופי 250 מ""ל",מיליליטרים,250.00,"100 מ""ל",false,1,6.20,2.4800,true,1,23846
7290000055893,false,חמאה משמנת מפוסטרת 200גרם 82% כ.מהדרין - מוצר בפיקוח,תנובה מרכז שיתופי לש,IL,חמאה תנובה 200 גרם,גרמים,200.00,100 גרם,false,1,8.50,4.2500,true,1,35078
7290000056845,false,תנובה חלב טרי 3% שומן 1.5 ליטר - מוצר בפיקוח,פארייפאבה אגרואינדוס,IL,תנובה חלב טרי 3% שומן אריזת נוחות,ליטרים,1.50,ליטר,false,1,9.34,6.2267,true,1,24974
7290000057088,false,עמק גבינה צהובה פרוסה דק דק 28% תנובה 200 גרם,תנובה מרכז שיתופי לש,IL,גבינה עמק 28% דק 200 גרם,גרמים,200.00,100 גרם,false,1,17.90,8.9500,true,1,34526
7290000057118,false,גבינה צהובה עמק 28% שומן ואקום 400 גרם,תנובה מרכז שיתופי לש,IL,גבינת עמק קלאסית חצי קשה פרוסות 28% שומן,גרמים,400.00,100 גרם,false,1,23.90,5.9750,true,1,28723
7290000057132,false,יוגורט תנובה טבעי 1.5% גביע 200 גרם,מחלבת אלון תבור,IL,יוגורט ביו 1.5% תנובה 200 גרם,גרמים,200.00,100 גרם,false,1,3.50,1.7500,true,1,26175
7290000057149,false,יוגורט תנובה טבעי 3% גביע 200 גרם,מיוצר עי קונדיטוריית,IL,יוגורט ביו 3% תנובה 200 גרם,גרמים,200.00,100 גרם,false,1,3.50,1.7500,true,1,26176
7290000057552,false,יופלה דיאט עוגת גבינה ותות 0% גביע 150ג',תנובה חלב,IL,יוגורט יופלה דיאט ע.גבינה ותות 150 גרם,גרמים,150.00,100 גרם,false,1,5.50,3.6667,true,1,25760
7290000058047,false,שמנת להקצפה 38% 500מל מהדרין עמיד השף הלבן,תנובה מרכז שיתופי לש,IL,שמנת מתוקה להקצפה 500 38% גרם,מיליליטרים,500.00,"100 מ""ל",false,1,12.94,2.5880,true,1,53426
7290000058580,false,קוקילידה בטעם וניל עם עוגיות שוקולד גלידות נסטלה 80 גרם,נגה גלידות (גלידות נ,IL,נסטלה קוקילידה 28*80גרם,גרמים,80.00,100 גרם,false,1,9.90,12.3750,true,1,4232
7290000060071,false,אוסם - חטיפי פריכונים מאורז מלא קלוי 80גר,"פרח תעשיות מזון בע""מ.",IL,אסם חטיפי פריכונים טבעי 12*80גרם,גרמים,80.00,100 גרם,false,1,8.50,10.6250,true,1,4051
7290000060088,false,בייגלה מקלות מלוחים אסם 400 גרם,מיוצר עי קונדיטוריית,IL,אסם בייגלה מקלות מלוחים 12*400גרם,גרמים,400.00,100 גרם,false,1,14.50,3.6250,true,1,19150
7290000060163,false,אטריות דקות אסם 400 גרם,"אסם תעשיות בע""מ",IL,אסם אטריות דקות 12*400גרם,גרמים,400.00,100 גרם,false,1,8.90,2.2250,true,1,4052
7290000060200,false,אוסם - פתיתים אפויים קוסקוס 500 גרם,"אסם תעשיות בע""מ",IL,פתיתים אפויים קוסקוס 500 גרם,גרמים,500.00,100 גרם,false,1,7.90,1.5800,true,1,4053
7290000060576,false,פתיתים אפויים כוכבים אסם 500 גרם,"אסם השקעות בע""\מ",IL,אסם פתיתים אפויים כוכבים 12*500גרם,גרמים,500.00,100 גרם,false,1,7.90,1.5800,true,1,4062
7290000060781,false,פסטה מסולסלים אסם 500 גרם,קריות זול,IT,אסם פסטה מסולסלים לאחר הפסח 12*500גרם,גרמים,500.00,100 גרם,false,1,6.90,1.3800,true,1,8353
7290000060811,false,טילון אקסטרים ענק מטבע שוקולד 120 ג',תות תעשיות מזון (201,IL,אקסטרים ענק מטבע שוקולד 18*120גרם,גרמים,141.00,100 גרם,false,1,9.90,7.0213,true,1,26039
7290000060828,false,פסטה קרניים בינוניות אסם 500 גרם,קריות זול,IT,אסם פסטה קרניים בינוניות 12*500גרם,גרמים,500.00,100 גרם,false,1,6.90,1.3800,true,1,8354
7290000060880,false,פסטה ספגטי מספר 8 אסם 500 גרם,קריות זול,IT,ספגטי אסם 500 גרם,גרמים,500.00,100 גרם,false,1,6.90,1.3800,true,1,7173
7290000060903,false,אוסם - פתיתים אפויים אורז 500 גרם,"אסם השקעות בע""\מ",IL,אסם פתיתים אפויים אורז 12*500גרם,גרמים,500.00,100 גרם,false,1,7.90,1.5800,true,1,4917
7290000060958,false,אטריות בינוניות אסם 400 גרם,"אסם השקעות בע""\מ",IL,אסם אטריות בינוניות 12*400גרם,גרמים,400.00,100 גרם,false,1,8.90,2.2250,true,1,4063
7290000060965,false,איטריות מובחר רחבות 400 ג',"אסם השקעות בע""\מ",IL,אסם אטריות רחבות 12*400גרם,גרמים,400.00,100 גרם,false,1,8.90,2.2250,true,1,4064
7290000060972,false,איטריות -אוסם דקיקות 400 ג',קריות זול,IT,אסם אטריות דקיקות 12*400גרם,גרמים,400.00,100 גרם,false,1,8.90,2.2250,true,1,4065
7290000061061,false,קרקר חיטה עם בצל אסם,"אסם השקעות בע""\מ",IL,אסם קרקר בצל 12*250גרם,גרמים,250.00,100 גרם,false,1,11.90,4.7600,true,1,4068
7290000061764,false,קפה נמס מגורען רד מאג 200 גרם,נסטלה ספרד קפה,ES,נסקפה רד מאג טעם חדש 6*200גרם2017,גרמים,200.00,100 גרם,false,1,27.90,13.9500,true,1,4073
7290000062952,false,אוסם - מיני קרוטונים למרק ולסלט 250 גרם,עינת תעשיות מזון אגו,IL,אסם מיני קרוטונים למרק וסלט 12*250גרם,גרמים,250.00,100 גרם,false,1,18.90,7.5600,true,1,24298
7290000063140,false,שקדי מרק רכיבים טבעיים בשקית 400 ג' אסם,"אסם תעשיות בע""מ",IL,אסם שקדי מרק רכיבים טבעיים 12*400גרם,גרמים,400.00,100 גרם,false,1,14.90,3.7250,true,1,4080
7290000063157,false,"קמח עוגה תופח מאליו אסם 1 ק""ג","אסם השקעות בע""\מ",IL,"קמח תופח מאליו 1 ק""ג אסם",קילוגרמים,1.00,"ק""ג",false,1,10.90,10.9000,true,1,4081
7290000064758,false,קוסקוס בינוני אמיתי אסם 350 ג',"מיוצר ע""י קוד יצרן K",IL,אסם קוסקוס אמיתי 12*350גרם,גרמים,350.00,100 גרם,false,1,9.90,2.8286,true,1,4240
7290000064871,false,"אוסם - מנה חמה פירה תפו""א עם בצל 56 גרם","אסם תעשיות בע""מ",IL,מנה חמה פירה תפוא.ובצל 12*56גרם,גרמים,56.00,100 גרם,false,1,7.90,14.1071,true,1,7557
7290000065090,false,מיני קרוטונים מתובלים למרק ולסלט אסם 400 גרם,עינת תעשיות מזון אגו,IL,אסם מיני קרוטונים למרק וסלט 12*400גרם,גרמים,400.00,100 גרם,false,1,27.90,6.9750,true,1,4089
7290000065540,false,אוסם - מנה חמה פסטה מוקרמת בטעם עוף 55 גרם,"אסם תעשיות בע""מ",IL,מנה חמה פסטה מוקרמת בדץ 12*55גרם,גרמים,55.00,100 גרם,false,1,7.90,14.3636,true,1,4091
7290000065557,false,אוסם - מנה חמה קוסקוס עם ירקות 84 גרם,"אסם תעשיות מזון בע""מ",IL,מנה חמה קוסקוס וירקות בדצ 12*84גרם,גרמים,84.00,100 גרם,false,1,7.90,9.4048,true,1,4092
7290000065663,false,"רוטב לסלט קיסר 290 מ""ל",אסם,IL,"רוטב לסלט קיסר 290 מ""ל",מיליליטרים,290.00,"100 מ""ל",false,1,14.50,5.0000,true,1,23784
7290000065977,false,חטיפי פריכונים תירס שומשום אסם 80 גרם,"פרח תעשיות מזון בע""מ.",IL,אסם חטיפי פריכונים תירס 12*80גרם,גרמים,80.00,100 גרם,false,1,8.50,10.6250,true,1,21793
7290000066196,false,ביסלי חטיף בטעם גריל אסם 200 גרם,מיוצר עי קונדיטוריית,IL,ביסלי גריל 25*200גרם,גרמים,200.00,100 גרם,false,1,10.90,5.4500,true,1,4100
7290000066226,false,ביסלי חטיף בטעם פיצה אסם 200 גרם,מיוצר עי קונדיטוריית,IL,ביסלי פיצה 25*200גרם,גרמים,200.00,100 גרם,false,1,10.90,5.4500,true,1,4103
7290000066295,false,במבה מתוקה מחומרים טבעיים 30 גרם,מיוצר עי קונדיטוריית,IL,במבה מתוקה מחומרים טבעיים 40*30גרם,גרמים,30.00,100 גרם,false,1,3.50,11.6667,true,1,35692
7290000066332,false,אפרופו חטיף תירס אסם 50 גרם,מיוצר עי קונדיטוריית,IL,אפרופו 36*50גרם,גרמים,50.00,100 גרם,false,1,5.90,11.8000,true,1,4108
7290000066349,false,אפרופו חטיף תירס אסם 100 גרם,מיוצר עי קונדיטוריית,IL,אפרופו 20*100גרם,גרמים,100.00,100 גרם,false,1,9.90,9.9000,true,1,4109
7290000066431,false,פופקו חטיף פופקורן בטעם חמאה ודבש אסם 80 גרם,מיוצר עי קונדיטוריית,IL,פופקו חמאה ודבש 40*80גרם,גרמים,80.00,100 גרם,false,1,5.90,7.3750,true,1,4110
7290000067544,false,אסם פירורית פירורי לחם זהב 200 גרם,עינת תעשיות מזון אגו,IL,אסם פירורית פירורי לחם זהב 12*200גרם,גרמים,200.00,100 גרם,false,1,7.50,3.7500,true,1,4117
7290000067599,false,מנה חמה ספגטי ברוטב בולונז אסם 65 גרם,"אסם השקעות בע""\מ",IL,מנה חמה ספגטי בולונז 12*65גרם,גרמים,65.00,100 גרם,false,1,7.90,12.1538,true,1,4118
7290000067735,false,פרפקטו ניוקי בצקיות תפוחי אדמה 500 ג' אסם,גרנדי פסטי,IT,ניוקי בצקיות מתפוח אדמה בואקום 500 גרם,גרמים,500.00,100 גרם,false,1,15.90,3.1800,true,1,4120
7290000067742,false,אסם אינסטנט פודינג וניל 80 גרם כשר לפסח,מיוצר עי קונדיטוריית,IL,אסם אינסטנט פודינג וניל כלפ. 12*80גרם,גרמים,80.00,100 גרם,false,1,6.90,8.6250,true,1,18899
7290000068138,false,אינסטנט פודינג בטעם וניל אסם 80 גרם,מיוצר עי קונדיטוריית,IL,אסם פודינג אינסטנט וניל 12*80גרם,גרמים,80.00,100 גרם,false,1,6.50,8.1250,true,1,4121
7290000068190,false,אסם ג'לי תות שדה צבעים טבעיים 90 גרם,מיוצר עי קונדיטוריית,IL,אסם ג'לי תות שדה צבעים טבעיים 12*90גרם,גרמים,90.00,100 גרם,false,1,7.50,8.3333,true,1,4123
7290000068206,false,ג'לי משמש אסם צבע טבעי 85 ג',מיוצר עי קונדיטוריית,IL,אסם ג'לי משמש צבעים טבעיים 12*85גרם,גרמים,85.00,100 גרם,false,1,7.50,8.8235,true,1,4124
7290000068237,false,אבקה להכנת ג'לי בטעם פטל אסם 85 גרם,מיוצר עי קונדיטוריית,IL,אסם ג'לי פטל צבעים טבעיים 12*85גרם,גרמים,85.00,100 גרם,false,1,7.50,8.8235,true,1,4125
7290000068343,false,אסם פריכונים פרוסות קלויות מלא,"פרח תעשיות מזון בע""מ.",IL,אסם פריכונים מאורז מלא 12*140גרם,גרמים,140.00,100 גרם,false,1,8.50,6.0714,true,1,4127
7290000068701,false,אסם שקדי מרק רכיבים טבע.מיכל 400 גרם,"אסם תעשיות בע""מ",IL,אסם שקדי מרק רכיבים טבע.מיכל 10*400גרם,גרמים,400.00,100 גרם,false,1,17.90,4.4750,true,1,4128
7290000068787,false,במבה יום הולדת חטיף בוטנים אסם 25 גרם,מיוצר עי קונדיטוריית,IL,במבה יום הולדת כלפ.108*25גרם,גרמים,25.00,100 גרם,false,1,2.90,11.6000,true,1,4129
7290000070308,false,אבקת מרק עוף אמיתי בשרי אסם 400 גרם,"אסם השקעות בע""\מ",IL,אסם מרק עוף אמיתי חתם סופר כלפ.6*400גרם,גרמים,400.00,100 גרם,false,1,25.90,6.4750,true,1,4137
7290000070322,false,אבקת מרק פטריות רכיבים טבעיים אסם 400 גרם,"אסם השקעות בע""\מ",IL,"אבקת מרק פטריות כשל""פ 400 גרם",גרמים,400.00,100 גרם,false,1,29.90,7.4750,true,1,51458
7290000072067,false,במבה חטיף בוטנים במילוי קרם חלבה 60 גרם,מיוצר עי קונדיטוריית,IL,במבה במילוי קרם חלבה כשלפ 60 גרם,גרמים,60.00,100 גרם,false,1,4.90,8.1667,true,1,20871
7290000072623,false,קטשופ אסם בקבוק לחיץ 750 גרם,"אסם תעשיות בע""מ",IL,אסם קטשופ בקבוק לחיץ 9*750גרם-חדש,גרמים,750.00,100 גרם,false,1,11.90,1.5867,true,1,4149
7290000072630,false,קטשופ אסם חריף 750 גרם-בקבוק,"אסם תעשיות בע""מ",IL,אסם קטשופ חריף כלפ.9*750גרם 2015,גרמים,750.00,100 גרם,false,1,15.90,2.1200,true,1,4150
7290000072753,false,קפה נמס מגורען טסטרס צ'ויס 200 גרם-,נסטלה קוריאה - קפה,KR,טייסטרס צ'וייס 12*200גרם,גרמים,200.00,100 גרם,false,1,34.90,17.4500,true,1,4153
7290000072777,false,קפה נמס מגורען נטול קפאין טסטרס צ'ויס 200 גרם,נסטלה קוריאה - קפה,KR,טייסטרס צוייס נטול קופאין 12*200גרם,גרמים,200.00,100 גרם,false,1,49.50,24.7500,true,1,4720
7290000072968,false,דגני בוקר סיני מיניס חיטה מלאה וקינמון נסטלה 500 גרם,נסטלה פולין דגני בוק,PL,דגני סיני מיניס קינמון 500 גרם,גרמים,500.00,100 גרם,false,1,27.90,5.5800,true,1,4159
7290000073125,false,מנה חמה פסטה ברוטב עגבניות אסם 62 גרם,"אסם השקעות בע""\מ",IL,מנה חמה פסטה עם עגבניות ר.טבע. בדץ12*62ג,גרמים,62.00,100 גרם,false,1,7.90,12.7419,true,1,4162
7290000073415,false,אוסם - מנה חמה פסטה ברוטב פיצה 61 גרם,"אסם השקעות בע""\מ",IL,מנה חמה פסטה ברוטב פיצה 61 גרם,גרמים,61.00,100 גרם,false,1,7.90,12.9508,true,1,7284
7290000074153,false,ביסקוויט פתי בר שוקולד אסם 500 גרם,מיוצר עי קונדיטוריית,IL,אסם פתי בר שוקו 12*500גרם,גרמים,500.00,100 גרם,false,1,11.90,2.3800,true,1,4166
7290000074184,false,ביסקוויט פתי בר אסם 500 גרם,"אסם השקעות בע""\מ",IL,ביסקוויט פתיבר 500 גרם,גרמים,500.00,100 גרם,false,1,11.90,2.3800,true,1,4168
7290000074245,false,אוסם - קרם קרקר אסם 250 גרם,"אסם השקעות בע""\מ",IL,אסם קרם קרקר 12*250גרם,גרמים,250.00,100 גרם,false,1,11.90,4.7600,true,1,4169
7290000074252,false,קרקר שומשון אסם 250 גרם,"אסם השקעות בע""\מ",IL,אסם קרקר שומשום 12*250גרם,גרמים,250.00,100 גרם,false,1,11.90,4.7600,true,1,4170
7290000074276,false,קרקר פיקנטי טבעון 250 ג' אסם,"אסם השקעות בע""\מ",IL,אסם קרקר פיקנטי 12*250גרם,גרמים,250.00,100 גרם,false,1,11.90,4.7600,true,1,4171
7290000074290,false,לחמית סובין חיטה אסם 230ג',"אסם השקעות בע""מ",IL,לחמית סובין חיטה 10*230גרם,גרמים,230.00,100 גרם,false,1,10.90,4.7391,true,1,4172
7290000074375,false,אוסם - קרקר זהב 150 גרם,"אסם השקעות בע""\מ",IL,אסם קרקר זהב 12*150גרם,גרמים,150.00,100 גרם,false,1,7.90,5.2667,true,1,4175
7290000075204,false,אוסם - לחמית חיטה מלאה 250 גרם,"אסם השקעות בע""\מ",IL,לחמית חיטה מלאה 10*250גרם חדש,גרמים,250.00,100 גרם,false,1,10.90,4.3600,true,1,4179
7290000075693,false,עוגת הבית שמרים בריוש שוקולד אסם 360 גרם,מיוצר עי קונדיטוריית,IL,הבית עוגת שמרים בריוש שוקולד 8*360גרם,גרמים,360.00,100 גרם,false,1,21.90,6.0833,true,1,20710
7290000076133,false,בייגלה שמיניות קטנות עם מלח אסם 400 גרם,"אסם השקעות בע""\מ",IL,אסם בייגלה שמיניות קטנות 12*400גרם,גרמים,400.00,100 גרם,false,1,13.90,3.4750,true,1,8255
7290000077017,false,עוגיות קרמוגית במילוי קרם שוקולד אסם 200 גרם,מיוצר עי קונדיטוריית,IL,אסם קרמוגית במילוי שוקולד 12*200גרם,גרמים,200.00,100 גרם,false,1,14.50,7.2500,true,1,4184
7290000077253,false,אוסם - לחמית כפרית עם דגנים מלאים 190 גרם,"אסם השקעות בע""\מ",IL,לחמית כפרית 12*190גרם,גרמים,190.00,100 גרם,false,1,11.90,6.2632,true,1,22126
7290000077925,false,אסם טוסטים צנימים עגולים חטה.מלא 125 גרם,ון דר מולן האלום,NL,אסם טוסטעים צנימים עגולים חטה.מלא12*125ג,גרמים,125.00,100 גרם,false,1,12.90,10.3200,true,1,21365
7290000078212,false,קרוטונים מתובלים למרק אסם 250 גרם,עינת תעשיות מזון אגו,IL,אסם קרוטונים מתובלים 12*250גרם,גרמים,250.00,100 גרם,false,1,17.90,7.1600,true,1,4190
7290000078762,false,אוסם - חטיפי פריכונים מאורז מלא בטעם דבש 80גר,סנורייס בלגיום אן. ו,GB,אסם חטיפי פריכונים אורז ודבש 14*80גרם,גרמים,80.00,100 גרם,false,1,8.50,10.6250,true,1,4192
7290000080758,false,אוסם - טוסטעים פת קלוי 100 גרם,ון דר מולן האלום,NL,אסם טוסטעים 14*100גרם,גרמים,100.00,100 גרם,false,1,11.50,11.5000,true,1,4208
7290000081663,false,"בייגלה טבעות שומשום אסם 300 גרם בד""ץ",מיוצר עי קונדיטוריית,IL,אסם בייגלה טבעות שומשום 12*300גרם,גרמים,300.00,100 גרם,false,1,14.50,4.8333,true,1,8047
7290000085180,false,גטניו פתי בר וניל 470 גרם,"אחים גטניו בע""מ",IL,ביסקוויט פתיבר וניל גטניו 470 גרם,גרמים,470.00,100 גרם,false,1,10.90,2.3191,true,1,27646
7290000100036,false,פתיתי ברוקולי סנפרוס,"סנפרוסט בע""מ",IL,פתיתי ברוקולי,גרמים,800.00,100 גרם,false,1,24.90,3.1125,true,1,39377
7290000100128,false,פירות קפואים תות סנפרוסט 300 ג',"סנפרוסט בע""מ",IL,פירות קפואים תות סנפרוסט,גרמים,300.00,100 גרם,false,1,19.90,6.6333,true,1,39375
7290000100135,false,פירות קפואים סנפרוסט דובדבן 300 גר,"סנפרוסט בע""מ",IL,פירות קפואים דובדבן,גרמים,300.00,100 גרם,false,1,19.90,6.6333,true,1,39376
7290000101927,false,אוכמניות כחולות מוקפאות סנפרוסט 300 גרם,"איי, בי, אינבוו",IL,אוכמניות כחולות מוקפאות 300 גרם,גרמים,300.00,100 גרם,false,1,19.90,6.6333,true,1,36710
7290000101934,false,מיקס פירות יער מוקפאות 300 ג' סנפרוסט,"סנפרוסט בע""\מ",IL,תערובת פירות יער סנפרוסט 300 גרם,גרמים,300.00,100 גרם,false,1,19.90,6.6333,true,1,36711
7290000101941,false,אננס חתוך מוקפא סנפרוסט 300ג',"סנפרוסט בע""\מ",IL,אננס מוקפא סנפרוסט 300 גרם,גרמים,300.00,100 גרם,false,1,19.90,6.6333,true,1,36709
7290000101958,false,מנגו חתוך מוקפא סנפרוסט 300ג',"סנפרוסט בע""\מ",IL,מנגו מוקפא סנפרוסט 300 גרם,גרמים,300.00,100 גרם,false,1,19.90,6.6333,true,1,36650
7290000103365,false,מרק ירקות עשיר סנפרוסט 550 גרם,"איי, בי, אינבוו",IL,מרק ירקות סנפרוסט 550 גרם,גרמים,550.00,100 גרם,false,1,20.90,3.8000,true,1,25698
7290000103433,false,"לקט ירקות לתנור 800 גרם ""סנפרוסט""","איי, בי, אינבוו",IL,פסטיבל ירקות לתנור 800 גרם סנפרוסט,גרמים,800.00,100 גרם,false,1,26.90,3.3625,true,1,34026
7290000104072,false,עדשים ירוקות מבושלות מוקפאות 800 ג' סנפרוסט,"איי, בי, אינבוו",IL,עדשים ירוקות מבושלות 800 גרם,גרמים,800.00,100 גרם,false,1,21.90,2.7375,true,1,25770
7290000104201,false,אפונה עדינה סנפרוסט 600 גרם,"איי, בי, אינבוו",IL,אפונה עדינה סנפרוסט 600 גרם,גרמים,600.00,100 גרם,false,1,20.90,3.4833,true,1,7
7290000104676,false,אפונה קפואה סנפרוסט 800 גרם,"איי, בי, אינבוו",IL,אפונת גינה 800 גרם סנפרוסט,גרמים,800.00,100 גרם,false,1,20.90,2.6125,true,1,9
7290000104683,false,שעועית ירוקה שלמה סנפרוסט 800 גרם,"סנפרוסט בע""\מ",IL,שעועית ירוקה שלמה סנפרוסט 800גרם,גרמים,800.00,100 גרם,false,1,23.90,2.9875,true,1,10
7290000104690,false,תירס גרעינים 800 גרם סנפרוסט,"איי, בי, אינבוו",IL,תירס גרעינים סנפרוסט 800גרם,גרמים,800.00,100 גרם,false,1,21.50,2.6875,true,1,11
7290000104706,false,גזר גמדי סנפרוסט 800 גרם,"סנפרוסט בע""\מ",IL,גזר גמדי 800 גרם,גרמים,800.00,100 גרם,false,1,19.90,2.4875,true,1,12
7290000104720,false,שעועית ירוקה חתוכה סנפרוסט 800 גרם,"סנפרוסט בע""\מ",IL,שעועית ירוקה חתוכה סנפרוסט 800גרם,גרמים,800.00,100 גרם,false,1,23.90,2.9875,true,1,14
7290000104744,false,כרובית סנפרוסט 800 גרם,"סנפרוסט בע""\מ",IL,כרובית 800 גרם סנפרוסט,גרמים,800.00,100 גרם,false,1,26.90,3.3625,true,1,5315
7290000104775,false,תרד מדליונים סנפרוסט 800 גרם,"איי, בי, אינבוו",IL,מדליוני תרד 800 גרם,גרמים,800.00,100 גרם,false,1,29.90,3.7375,true,1,5328
7290000104799,false,שעועית לבנה מבושלת סנפרוסט 800 גרם,"איי, בי, אינבוו",IL,שעועית לבנה מבושלת קפואה 800 גרם,גרמים,800.00,100 גרם,false,1,22.90,2.8625,true,1,5329
7290000104805,false,גרגירי חומוס מבושלים סנפרוסט 800 גרם,"איי, בי, אינבוו",IL,גרגרי חומוס מבושלים קפואים 800 גרם,גרמים,800.00,100 גרם,false,1,22.90,2.8625,true,1,5316
7290000104836,false,שעועית ירוקה עדינה שלמה סנפרוסט 600 גרם,"סנפרוסט בע""\מ",IL,שעועית עדינה שלמה 600 גרם סנפרוסט,גרמים,600.00,100 גרם,false,1,27.90,4.6500,true,1,2555
7290000104874,false,ירקות לקוסקוס של אמא סנפרוסט 800ג',"סנפרוסט בע""\מ",IL,ירקות לקוסקוס של אמא 800 גרם סנפרוסט,גרמים,800.00,100 גרם,false,1,24.90,3.1125,true,1,17
7290000104911,false,לקט נורמנדי סנפרוסט 800 גרם,"איי, בי, אינבוו",IL,לקט נורמנדי 800 גרם סנפרוסט,גרמים,800.00,100 גרם,false,1,26.90,3.3625,true,1,4591
7290000106526,false,חגיגה ירוקה להקפצה סנפרוסט 800 גרם,"איי, בי, אינבוו",IL,ירקות להקפצה חגיגה ירוקה 800גרם,גרמים,800.00,100 גרם,false,1,27.90,3.4875,true,1,41843
7290000107165,false,חטיף סויה אדממה סנפרוסט 400 גרם,"איי, בי, אינבוו",IL,חטיף פולי סויה אדממה 400 גרם סנפרוסט,גרמים,400.00,100 גרם,false,1,14.90,3.7250,true,1,3328
7290000107189,false,תחתיות ארטישוק סנפרוסט 400 גרם,"איי, בי, אינבוו",IL,תחתיות ארטישוק 400 גרם סנפרוסט,גרמים,400.00,100 גרם,false,1,26.00,6.5000,true,1,19
7290000107295,false,תפרחות ברוקולי סנפרוסט 800 גרם,"איי, בי, אינבוו",IL,ברוקולי מוקפא 800 גרם סנפרוסט,גרמים,800.00,100 גרם,false,1,28.90,3.6125,true,1,20
7290000107615,false,ירקות ואננס להקפצה מנה אסייתית צבעונית ועשירה,"איי, בי, אינבוו",IL,לקט מנה אסייתית צבעונית ועשירה 800גרם,גרמים,800.00,100 גרם,false,1,27.90,3.4875,true,1,41845
7290000110844,false,"כיפלי בטעם גריל 70 גרם-בד""ץ",יוניליור ישראל מזון,IL,כיפלי חטיף בטעם גריל,גרמים,70.00,100 גרם,false,1,6.90,9.8571,true,1,25412
7290000111063,false,מיונז תלמה אמיתי250 גרם,יוניליוור ישראל מזון בע\,IL,תלמה מיונז אמיתי 250 גרם,גרמים,250.00,100 גרם,false,1,7.90,3.1600,true,1,26
7290000111186,false,"מיונז אמיתי תלמה 500 גרם בד""צ",יוניליוור ישראל מזון בע\,IL,תלמה מיונז אמיתי 500 גרם,גרמים,500.00,100 גרם,false,1,11.90,2.3800,true,1,28
7290000112220,false,טחינה גולמית שומשום טהור בארכה 500 גרם,"רושדי תעשיות מזון בע""\מ",IL,בארכה טחינה 100% שומשום 12*500גרם,גרמים,500.00,100 גרם,false,1,16.90,3.3800,true,1,36
7290000112503,false,מרק עשיר ירקות קנור 69 גרם - שקיות,יוניליוור ישראל מזון בע\,IL,מרק עשיר ירקות קנור 61 גרם,גרמים,61.00,100 גרם,false,1,12.50,20.4918,true,1,4638
7290000113180,false,"כיפלי צ'יפס בד""צ תלמה 50 ג'",יוניליור ישראל מזון,IL,"כיפלי חטיף על בסיס תפו""א",גרמים,50.00,100 גרם,false,1,5.90,11.8000,true,1,32601
7290000116884,false,"רוטב ברביקיו קנור 300 גרם בד""צ",יוניליוור ישראל מזון בע\,IL,רוטב ברביקיו קנור,מיליליטרים,300.00,"100 מ""ל",false,1,14.50,4.8333,true,1,18935
7290000116921,false,רוטב צ'ילי מתוק 340 גרם קנור,יוניליוור ישראל מזון בע\,IL,רוטב צ'ילי מתוק קנור,מיליליטרים,300.00,"100 מ""ל",false,1,14.50,4.8333,true,1,2193
7290000116945,false,"רוטב סויה קלאסי קנור בד""צ 350 גרם",יוניליוור ישראל מזון בע\,IL,רוטב סויה קלאסי קנור,מיליליטרים,300.00,"100 מ""ל",false,1,16.50,5.5000,true,1,19270
7290000117171,false,מרק טעם עוף דל קלוריות 48 גרם-קופסא,יוניליוור ישראל מזון,IL,קנור מרק נמס בכוס בטעם עוף 48 גרם,גרמים,48.00,100 גרם,false,1,8.60,17.9167,true,1,75
7290000118277,false,כופתאות מצה להכנת מהירה 65 ג' קנור,יוניליוור ישראל מזון בע\,IL,קנור קניידל 130 גרם,גרמים,130.00,100 גרם,false,1,13.90,10.6923,true,1,79
7290000120836,false,"מיונז אמיתי 394 גרם ""הלמנס""",קונפקו אינק' די.בי.א,CA,hellmanns real מיונז אמיתי הלמנס,גרמים,394.00,100 גרם,false,1,12.90,3.2741,true,1,84
7290000120874,false,ממרח מיונז הלמנס לייט 424 גרם,"יונילוור ארה""ב - HPC",US,hellmanns light ממרח מופחת קלוריות,גרמים,424.00,100 גרם,false,1,12.90,3.0425,true,1,85
7290000121093,false,גבינה מותכת לייט בטעם שוויצרי 7% מון בלאן 120 גר',האי נאם סי או אל.טי.,IL,גבינה מותכת מון בלאן 7% לייט 120 גרם,גרמים,120.00,100 גרם,false,1,12.90,10.7500,true,1,4593
7290000121109,false,גבינה מותכת לייט עם זיתים 7% מון בלאן 120 גרם,האי נאם סי או אל.טי.,IL,גבינה מותכת 7% מון בלאן זיתים לייט 120 ג,גרמים,120.00,100 גרם,false,1,12.90,10.7500,true,1,86
7290000121154,false,גבינה מותכת לייט עם סלמון 7% מון בלאן 120 גרם,האי נאם סי או אל.טי.,IL,גבינה מותכת 7% מון בלאן סלמון לייט 120 ג,גרמים,120.00,100 גרם,false,1,12.90,10.7500,true,1,6780
7290000121239,false,מיוקל 5% שומן ללא כולסטרול תלמה 500ג',יוניליוור ישראל מזון בע\,IL,מיוקל ממרח 5% שומן תלמה,גרמים,500.00,100 גרם,false,1,15.90,3.1800,true,1,2505
7290000129457,false,אבקת רוטב פטריות קנור 28 ג' שקית,יוניליוור ישראל מזון בע\,IL,קנור רוטב פטריות 28 גרם,גרמים,28.00,100 גרם,false,1,5.90,21.0714,true,1,3204
7290000134109,false,תבלין כמון מזרחי 40 גר',תות ממתקי איכות,IL,תבליני טעם וריח מיכל קטן כמון מזרחי 40 גרם,גרמים,40.00,100 גרם,false,1,6.90,17.2500,true,1,4674
7290000134116,false,תבלין פפריקה מתוקה 40 גר',תות ממתקי איכות,IL,תבליני טעם וריח פפריקה מתוקה 40 גרם,גרמים,40.00,100 גרם,false,1,6.90,17.2500,true,1,4680
7290000134123,false,"פלפל שחור טחון 40 גרם ""טעם וריח""",תות ממתקי איכות,IL,תבלין טעם וריח מיכל פלפל שחור טחון 40 גרם,גרמים,40.00,100 גרם,false,1,9.90,24.7500,true,1,4682
7290000134147,false,טעם וריח מוסקט טחון מיכל 40גר,"תבליני טעם וריח בע""מ",IL,"תבליני טעם וריח, מוסקט טחון 100%, 40 גרם",גרמים,40.00,100 גרם,false,1,16.90,42.2500,true,1,4681
7290000134307,false,קינמון טחון 50 גרם טעם וריח,"תבליני טעם וריח בע""מ",IL,"תבליני טעם וריח, 100% קינמון טחון, 50 גרם",גרמים,50.00,100 גרם,false,1,5.90,11.8000,true,1,4683
7290000134314,false,פיצה תערובת תיבול 120 גרם מיכל גדול,"תבליני טעם וריח בע""מ",IL,תבליני טעם וריח תערובת תיבול לפיצה 120 גרם,גרמים,120.00,100 גרם,false,1,10.90,9.0833,true,1,43209
7290000134338,false,אבקת שום בקופ' 90 גר' טעם וריח,"תבליני טעם וריח בע""מ",IL,תבליני טעם וריח אבקת שום 90 גרם,גרמים,90.00,100 גרם,false,1,10.90,12.1111,true,1,46040
7290000134376,false,פפריקה בשמן בקופ' 90 גר' טעם וריח,"תבליני טעם וריח בע""מ",IL,תבלין פפריקה מתוקה בשמן 90 מיכ,גרמים,90.00,100 גרם,false,1,10.90,12.1111,true,1,46041
7290000134666,false,רוזמרין 15 גר מיכל ק,תות ממתקי איכות,IL,"תבליני טעם וריח, 100% רוזמרין, 15 גרם",גרמים,15.00,100 גרם,false,1,6.90,46.0000,true,1,6667
7290000134673,false,זנגויל טחון מיכל 30 גרם,"תבליני טעם וריח בע""מ",IL,"תבליני טעם וריח, 100% זנגביל טחון, 30 גרם",גרמים,30.00,100 גרם,false,1,6.90,23.0000,true,1,21902
7290000134758,false,"תיבול לתפו""א בקופ' 100 גר' טעם וריח","תבליני טעם וריח בע""מ",IL,"תבליני טעם וריח, תערובת תיבול לתפוחי אדמה, 100 גרם",גרמים,100.00,100 גרם,false,1,10.90,10.9000,true,1,43204
7290000134833,false,כמון טחון בקופ' 100 גר' טעם וריח,"תבליני טעם וריח בע""מ",IL,"תבליני טעם וריח, 100% כמון מזרחי",גרמים,100.00,100 גרם,false,1,10.90,10.9000,true,1,43203
7290000134840,false,כורכום טחון בקופ' 100 גר' טעם וריח,"תבליני טעם וריח בע""מ",IL,"תבליני טעם וריח, 100% כורכום, 100 גרם",גרמים,100.00,100 גרם,false,1,10.90,10.9000,true,1,46079
7290000134857,false,פפריקה מתוקה בקופ' 100 גר' טעם וריח,"תבליני טעם וריח בע""מ",IL,"תבליני טעם וריח, פפריקה מתוקה 100%, 100 גרם",גרמים,100.00,100 גרם,false,1,10.90,10.9000,true,1,4685
7290000134871,false,פלפל שחור טחון בקופ' 100 גר' טעם וריח,"תבליני טעם וריח בע""מ",IL,"תבליני טעם וריח, 100% פלפל שחור טחון, 100 גרם",גרמים,100.00,100 גרם,false,1,14.90,14.9000,true,1,4687
7290000134994,false,טימין 20 גר מיכל קטן,"תבליני טעם וריח בע""מ",IL,"תבליני טעם וריח, 100% טימין, 20 גרם",גרמים,20.00,100 גרם,false,1,6.90,34.5000,true,1,6668
7290000135045,false,"XL TEN משקה אנרגיה פתוח ללא סוכר 250 מ""ל","טמפו משקאות בע""\מ",IL,XL TEN משקה אנרגיה בטעם תפוח250מל,מיליליטרים,250.00,"100 מ""ל",false,1,5.50,2.2000,true,1,41412
7290000135052,false,"XL TEN משקה אנרגיה מנגו ללא סוכר 250 מ""ל","טמפו משקאות בע""\מ",IL,משקה אנרגיה XL TEN מנגו פחית 250 מל,מיליליטרים,250.00,"100 מ""ל",false,1,5.50,2.2000,true,1,41411
7290000135151,false,"טמפו סודה למון ליים בקבוק 250 מ""ל",טמפו משקאות בעמ,IL,"סודה נגיעות למון ליים 275 מ""ל",מיליליטרים,275.00,"100 מ""ל",false,1,4.50,1.6364,true,1,45637
7290000135571,false,בירה גולדסטאר גס ווי,"איי, בי, אינבוו",IL,300מל Wild Batch גולדסטאר מהדורת,מיליליטרים,300.00,"100 מ""ל",false,1,9.50,3.1667,true,1,51131
7290000136646,false,בירה נשר מאלט ללא אלכוהול 1.5 ליטר,"טמפו משקאות בע""\מ",IL,בירה נשר מאלט בקבוק 1.5 ליטר,ליטרים,1.50,ליטר,false,1,10.00,6.6667,true,1,52152
7290000136660,false,סודה טמפו ליטר וחצי,טמפו,IL,מי סודה 1.5 ליטר,ליטרים,1.50,ליטר,false,1,4.20,2.8000,true,1,52360
7290000136677,false,פפסי קולה פיקדון 1.5 ליטר,טמפו,IL,פפסי קולה בקבוק 1.5 ליטר,ליטרים,1.50,ליטר,false,1,8.90,5.9333,true,1,52365
7290000136684,false,פפסי מקס משקה מוגז דל קלוריות בטעם קולה,טמפו,IL,פפסי קולה מקס ללא סוכר בקבוק 1.5 ליטר,ליטרים,1.50,ליטר,false,1,8.90,5.9333,true,1,52366
7290000136707,false,טמפו מירינדה 1.5 ליטר,טמפו,IL,מירינדה בקבוק 1.5 ליטר,ליטרים,1.50,ליטר,false,1,8.90,5.9333,true,1,52363
7290000136790,false,שישיית מי סודה טמפו 1.5 ליטר,"טמפו משקאות בע""\מ",IL,מי סודה שישייה בקבוק 1.5 ליטר,ליטרים,9.00,ליטר,false,6,19.70,2.1889,true,1,52157
7290000136851,false,סבן אפ פיקדון 1.5 ליטר,טמפו,IL,סבן אפ בקבוק 1.5 ליטר,ליטרים,1.50,ליטר,false,1,8.90,5.9333,true,1,52364
7290000136868,false,סאן בנדטו - מים מינרלים - מארז שישיית 1.5 ליטר,אקווה מינרלה סאן בנדטו ב,IT,מים סן בנדטו שישייה בקבוק 1.5 ליטר,ליטרים,9.00,ליטר,false,6,19.90,2.2111,true,1,52159
7290000136875,false,שישיית מים מינרליים מוגזים סן בנדטו 1.5 ליטר,סאן בנדטו San Benedetto,IT,שישיית סןבנדטו מוגז בקבוק 1.5 ליטר,ליטרים,9.00,ליטר,false,6,19.90,2.2111,true,1,52408
7290000136936,false,סבן אפ דיאט בקבוק 1.,טמפו,IL,סבן אפ דיאט בקבוק 1.5 ליטר,ליטרים,1.50,ליטר,false,1,8.90,5.9333,true,1,52362
7290000137513,false,גלידונית גלידה וניל בציפוי שוקולד 60 יח' קרמיסימו,"גלידת שטראוס בע""\מ, רחוב",IL,גלידונית קרמיסימו 1/60 630 גרם,גרמים,630.00,100 גרם,false,1,52.90,8.3968,true,1,143
7290000137643,false,שלגוני טעמקור בטעם שוקו וניל שטראוס 8*50 גרם,"גלידת שטראוס בע""\מ, רחוב",IL,"שטראוס טעמקור 880 מ""ל",גרמים,500.00,100 גרם,false,1,47.90,9.5800,true,1,144
7290000139104,false,שלווה חיטה תפוחה מתוקה אשבול 230 גרם,"אשב""ל בע""מ",IL,.חיטה תפוחה מתוקה 250 גרם,גרמים,250.00,100 גרם,false,1,9.90,3.9600,true,1,52303
7290000139227,false,דגן לבן משפחתי 150 גר' אשבול,אשבל מזון פונקציונלי,IL,דגן תפוח ממותק 150 גרם,גרמים,150.00,100 גרם,false,1,9.90,6.6000,true,1,52371
7290000143200,false,"הוואי - מרכך לשיער יבש 700 מ""ל",שוורצקוף& הנקל דיסלד,IL,הוואי מרכך לשיער יבש,מיליליטרים,700.00,"100 מ""ל",false,1,14.90,2.1286,true,1,22370
7290000144474,false,שמן עץ הזית קנולה 1 ליטר בריאות מהטבע,שמן תעשיות בעמ,EE,שמן קנולה מועשר בנוגדי חמצון 1 ליטר,ליטרים,1.00,ליטר,false,1,17.90,17.9000,true,1,153
7290000148380,false,פיסטוקים קלויים קליית גת 200 גרם,"ג'י אנד ג'י בע""מ",IL,קליית גת פיסטוק קלויים 200 גרם,גרמים,200.00,100 גרם,false,1,21.90,10.9500,true,1,6564
7290000148489,false,"קליית גת גרעיני דלעת קלויים,200 גרם","ג'י אנד ג'י בע""מ",IL,"קליית גת גרעיני דלעת קלויים,200 גרם",גרמים,200.00,100 גרם,false,1,11.50,5.7500,true,1,6569
7290000148618,false,קשיו מטוגן שקית קליית גת 200 גרם,"ג'י אנד ג'י בע""מ",IL,קליית גת קשיו מטוגן 200 גרם,גרמים,200.00,100 גרם,false,1,21.90,10.9500,true,1,6565
7290000148748,false,קליית גת גרעיני חמניה קלויים ומומלחים200,"ג'י אנד ג'י בע""מ",IL,"קליית גת חמנייה קלויים, 200 גרם",גרמים,200.00,100 גרם,false,1,7.90,3.9500,true,1,6562
7290000148939,false,שקדים קלויים קלית גת 200 ג',"ג'י אנד ג'י בע""מ",IL,שקד קלוי 200 גר' שקית,גרמים,200.00,100 גרם,false,1,24.90,12.4500,true,1,15368
7290000149905,false,טקסטיל נוזל לכביסה עדינה נקה 1 ליטר,מיוצר עי קונדיטוריית,IL,טקסטיל שמפו 1 ליטר,ליטרים,1.00,ליטר,false,1,14.90,14.9000,true,1,21914
7290000168173,false,"ברנפלקס קרנצ'ים תלמה בד""ץ 375 גרם",יוניליור ישראל מזון,IL,ברנפלקס קרנצים 375 גרם,גרמים,375.00,100 גרם,false,1,26.90,7.1733,true,1,32109
7290000169798,false,"עוגי מופחת סוכר 20% פצפוצי שוקו' 500ג' בד""צ",יוניליוור ישראל מזון בע\,IL,תלמה דגני בוקר עוגי 500 גרם,גרמים,500.00,100 גרם,false,1,24.90,4.9800,true,1,30673
7290000170053,false,"שוקולד פרה חלב 100 גרם בד""צ לל""ג","שטראוס גרופ בע""\מ.",IL,שוקולד פרה חלב 100 גרם,גרמים,100.00,100 גרם,false,1,6.50,6.5000,true,1,236
7290000174723,false,שוקולית אבקה להכנת משקה שוקו 500 גרם,הנסיך- מפעל לייצור ט,IL,שוקולית קופסא 500 / 12 קופ'/ 500ג',גרמים,500.00,100 גרם,false,1,15.90,3.1800,true,1,245
7290000176062,false,קפה טורקי בצלופן 100 גרם,שטראוס קפה בי.ויn\.,IL,עלית טורקי שקית 100ג/1שק'/100גר',גרמים,100.00,100 גרם,false,1,9.90,9.9000,true,1,247
7290000176079,false,קפה עלית טורקי עם הל 100 גרם,הנסיך- מפעל לייצור ט,IL,עלית טורקי עם הל 00/1שק'/100גר',גרמים,100.00,100 גרם,false,1,10.90,10.9000,true,1,248
7290000176413,false,קפה נמס אבקתי 50 ג' עלית,הנסיך- מפעל לייצור ט,IL,קפה נמס עלית 50 גרם,גרמים,50.00,100 גרם,false,1,11.90,23.8000,true,1,250
7290000176420,false,קפה נמס פחית עלית 200 גרם,שטראוס קפה בי.וי,IL,קפה נמס עלית פחית 200 גרם,גרמים,200.00,100 גרם,false,1,23.90,11.9500,true,1,251
7290000176468,false,קפה נמס נטול קפאין 50 ג' קפה האג,"איי, בי, אינבוו",IL,האג נמס אבקתי פחית 50 גר חדש,גרמים,50.00,100 גרם,false,1,13.90,27.8000,true,1,252
7290000178707,false,תפוצ'יפס בטעם טבעי 50 גרם,"שטראוס פריטו ליי בע""\מ )",IL,תפו טבעי 50 גר 48 יח - שמיטה,גרמים,50.00,100 גרם,false,1,5.50,11.0000,true,1,270
7290000178721,false,תפוצ'יפס בטעם טבעי 200 גרם,"שטראוס פריטו ליי בע""\מ )",IL,תפו טבעי 200 גר 12 יח,גרמים,200.00,100 גרם,false,1,11.90,5.9500,true,1,21526
7290000186030,false,מגבוני האגיס תחליב דיספנסר רביעייה,קימברלי קלארק,IL,האגיס מגבוני בייבי ספא עם תחליב רביעייה,יחידה,1.00,יחידה,false,1,29.90,29.9000,true,1,45359
7290000186535,false,נייר טואלט תלת שכבתי לבן לילי 32 יחידות,לילי נייר טואלט חוגלה,IL,לילי טריפל קומפורט לבן 32 גלילים,מטרים,53700.00,מטר,false,1,45.90,0.0009,true,1,28813
7290000187860,false,מגבוני טואלט לחים לילי דיספנסר 40יח',עלבד משואות יצחק בעמ,IL,מגבוני טואלט לח לילי,לא מנהל יחידת מידה,0.00,לא מנהל יחידת מידה,false,1,8.90,0.0000,true,1,297
7290000187921,false,נייר טואלט דו שכבתי לבן לילי 32 יחידות,לילי נייר טואלט חוגלה,IL,לילי פיור נייר טואלט דו שכבתי לבן 32 גלילים,מטרים,58880.00,מטר,false,1,41.90,0.0007,true,1,17392
7290000187938,false,לילי - נייר טואולט נייר טואלט פסטל 32 יח',לילי נייר טואלט חוגלה,IL,נייר טואלט לילי פסטל 32 גלילים,מטרים,58880.00,מטר,false,1,39.90,0.0007,true,1,17393
7290000187952,false,נייר טואלט תלת שכבתי ורוד לילי 32 יחידות,לילי נייר טואלט חוגלה,IL,נייר טואלט לילי טריו 32 גלילים,מטרים,53470.00,מטר,false,1,45.90,0.0009,true,1,51512
7290000189079,false,"ניקול תבניות אינגליש חזקות ועבות מארז, 7 יח'",ניקול,CN,תבניות אינגליש ניקול 6 יחידות,לא מנהל יחידת מידה,0.00,לא מנהל יחידת מידה,false,1,13.90,0.0000,true,1,31064
7290000189116,false,תבניות עגולות עבות במיוחד 5 יחידות ניקול,ניקול,CN,תבניות עגולות ניקול 6 יחידות,לא מנהל יחידת מידה,0.00,לא מנהל יחידת מידה,false,1,13.90,0.0000,true,1,31065
7290000189550,false,"שקיות אשפה ענקיות עם שרוך 78 * 90 ס""מ ניקול 2 * 10 יחידות",חוגלה קימברלי,IL,שקיות אשפה זוג 20 יחידות,לא מנהל יחידת מידה,0.00,לא מנהל יחידת מידה,false,1,28.90,0.0000,true,1,3124
7290000189598,false,מטליות לחות חד פעמיות לניקוי כללי 50 יח' ניקול,עלבד משואות יצחק בעמ,IL,מטליות לחות לניקוי כללי 50 יח ניקול,Unknown,0.00,Unknown,false,1,13.90,0.0000,true,1,19627
7290000189659,false,מטליות לחות לרצפה ניקול 10 יחידות,עלבד משואות יצחק בעמ,IL,ניקול מטליות לחות לניקוי הרצפה 10 יחידות,Unknown,0.00,Unknown,false,1,13.90,0.0000,true,1,20761
7290000189734,false,מטליות לחות לניקוי פרקט ניקול 10 יחידות,עלבד משואות יצחק בעמ,IL,ניקול מטליות לחות לניקוי פרקט 10 יחידות,גרמים,0.00,100 גרם,false,1,16.90,0.0000,true,1,31970
7290000189871,false,"שקיות אשפה עם שרוך 52 * 65 ס""מ ניקול 55 שקיות","אשפלסט תעשיות בע""מ",IL,שקיות אשפה עם שרוך ניקול 60 יחידות,לא מנהל יחידת מידה,0.00,לא מנהל יחידת מידה,false,1,27.90,0.0000,true,1,18226
7290000190068,false,מפיות נייר ניקול 100 יחידות,חוגלה קימברלי,IL,"מפיות ניקול חלקות לאירוח חד שכבתי, 100 יחידות",Unknown,0.00,Unknown,false,1,7.90,0.0000,true,1,5920
7290000191546,false,ממחטות טישו צבעוני 2 שכבות לילי מארז 100X3יח',חוגלה קימברלי,IL,ממחטות טישיו לילי צבעוני בניילון שלישייה,Unknown,0.00,Unknown,false,1,12.90,0.0000,true,1,4856
7290000191652,false,שלישיית ממחטות אולטרה סופט קלינקס 90 יחידות,חוגלה קימברלי,IL,ממחטות טישיו קלינקס ניילון מארז שלישייה,לא מנהל יחידת מידה,0.00,לא מנהל יחידת מידה,false,1,12.90,0.0000,true,1,8428
7290000191966,false,נייר טואלט לילי לח נטורל קר 48 דפים,עלבד משואות יצחק בעמ,IL,מגבוני טואלט לח ללא בישום לילי,יחידה,1.00,יחידה,false,1,8.90,8.9000,true,1,26486
7290000195216,false,נייר אפייה בשקית ניקול 50 יחידות,ניקול,IL,נייר אפיה ניקול 50 יח,לא מנהל יחידת מידה,0.00,לא מנהל יחידת מידה,false,1,11.90,0.0000,true,1,41023
7290000195537,false,מגבונים לחים לעור רגיש ללא בישום האגיס 4*64 יחידות,חוגלה קימברלי,IL,האגיס מגבונים לחים לתינוק ללא בישום מארז רביעייה,יחידה,1.00,יחידה,false,1,22.90,22.9000,true,1,5620
7290000196039,false,"מפות שולחן איריס ח""פ ניקול 2 יח'",חוגלה קימברלי,IL,"מפות שולחן ניקול זוג 180*110 ס""מ",לא מנהל יחידת מידה,0.00,לא מנהל יחידת מידה,false,1,12.90,0.0000,true,1,311
7290000196763,false,"שקיות אשפה חזקות במיוחד עם שרוך 52 * 65 ס""מ ניקול 40 יחידות","אשפלסט תעשיות בע""מ",IL,שקיות אשפה השקית החזקה ניקול 40 יח,Unknown,0.00,Unknown,false,1,28.90,0.0000,true,1,30087
7290000197326,false,רדיד אלומניום ניקול זוגי 30X7.5מ',חוגלה קימברלי,IL,זוג רדיד אלומיניום קצר עובי משופר 15 מיקרון,מטרים,1500.00,מטר,false,1,13.90,0.0093,true,1,312
7290000197425,false,חיתולים פרידום דריי שלב 3 האגיס 52 יחידות,קימברלי קלארק ישראל,IL,חיתולים פרידום דריי שלב 3,יחידה,1.00,יחידה,false,1,45.90,45.9000,true,1,29867
7290000197432,false,שקיות אוכל סנדביצ'ון ניקול מארז 150X2יח',"אשפלסט תעשיות בע""מ",IL,סנדוויצון זוגות,לא מנהל יחידת מידה,0.00,לא מנהל יחידת מידה,false,1,15.90,0.0000,true,1,313
7290000197456,false,חיתולים פרידום דריי שלב 4 האגיס 44 יחידות,קימברלי קלארק ישראל,IL,חיתולים פרידום דריי שלב 4,יחידה,1.00,יחידה,false,1,45.90,45.9000,true,1,29868
7290000197463,false,חיתולים פרידום דריי שלב +4 האגיס 40 יחידות,קימברלי קלארק ישראל,IL,חיתולי פרידום דריי שלב +4,יחידה,1.00,יחידה,false,1,45.90,45.9000,true,1,29870
7290000197548,false,חיתולים פרידום דריי שלב 5 האגיס 36 יחידות,קימברלי קלארק ישראל,IL,חיתולי האגיס פרידום דריי שלב 5,לא מנהל יחידת מידה,0.00,לא מנהל יחידת מידה,false,1,45.90,0.0000,true,1,29869
7290000197753,false,ניילון נצמד אנטי בטקריאלי ניקול 30X2מ',חוגלה קימברלי,CN,ניילון נצמד זוג ניקול,מטרים,3000.00,מטר,false,1,14.90,0.0050,true,1,316
7290000197876,false,תבניות אלומיניום קטנות עם מכסה ניקול 4 יחידות,חוגלה קימברלי,CN,ניקול תבניות אלומניום עם מכסה 4 יחידות+ 4 מכסים,לא מנהל יחידת מידה,0.00,לא מנהל יחידת מידה,false,1,10.90,0.0000,true,1,4248
7290000197883,false,תבנית אלומיניום 100 גדולה ניקול 4 יחידות,חוגלה קימברלי,CN,תבנית אלומיניום גדול 4 יחידות,לא מנהל יחידת מידה,0.00,לא מנהל יחידת מידה,false,1,10.90,0.0000,true,1,4245
7290000197951,false,תבניות אלומיניום ענקיות ניקול 3 יחידות,חוגלה קימברלי,CN,תבנית אלומיניום ענק 2 יחידות,לא מנהל יחידת מידה,0.00,לא מנהל יחידת מידה,false,1,10.90,0.0000,true,1,4243
7290000201795,false,"האגיס מגבונים לתינוק מבושם מארז, שלישיה * 64 יח'",חוגלה קימברלי,IL,האגיס מגבונים לחים שלישיה,יחידה,1.00,יחידה,false,1,18.90,18.9000,true,1,53235
7290000204215,false,שישיית כרית יפנית ניקול 6 יחידות,פלסטו פוליש (ברקן),IL,"ניקול,כריות יפניות ,6 יחידות",גרמים,0.00,100 גרם,false,1,13.90,0.0000,true,1,323
7290000204239,false,ניקול מטליות ריצפה רביעיה,חוגלה קימברלי,IL,מטליות רצפה ניקול 4 יח,לא מנהל יחידת מידה,0.00,לא מנהל יחידת מידה,false,1,13.90,0.0000,true,1,2884
7290000207063,false,רוטב עגבניות פריכוז 28% 260 ג' יכין,היינץ צפון אמריקה מק,IL,רסק עגבניות פריכוז 260 גרם יכין,גרמים,260.00,100 גרם,false,1,5.50,2.1154,true,1,5749
7290000207162,false,רוטב עגבניות מרכיב טבעי 100 ג' יכין,"זנלכל בע""\מ",IL,יכין רוטב עגבניות מרוכז 100 גרם,גרמים,100.00,100 גרם,false,1,2.50,2.5000,true,1,5356
7290000207438,false,עגבניות 2.5 A קוביות 850 גרם יכין,"זנלכל בע""\מ",IL,קוביות עגבניות יכין A2.5 800 ג,גרמים,800.00,100 גרם,false,1,9.90,1.2375,true,1,44210
7290000208022,false,עגבניות 2.5 A מרוסקות 850 גרם יכין,"זנלכל בע""\מ",IL,עגבניות מרוסקות יכין 800 גרם,גרמים,800.00,100 גרם,false,1,9.90,1.2375,true,1,5889
7290000208077,false,אפונת גינה רגילה 550 גרם יכין,"זנלכל בע""\מ",IL,אפונת גינה יכין 550גרם,גרמים,550.00,100 גרם,false,1,8.90,1.6182,true,1,5625
7290000208091,false,אפונה קטנה עדינה יכין 550 גרם,"זנלכל בע""\מ",IL,אפונה קטנה 560 גרם יכין,גרמים,560.00,100 גרם,false,1,9.90,1.7679,true,1,5734
7290000208114,false,"אפונה וגזר יכין A2 פ""ק בית יוסף","זנלכל בע""\מ",IL,יכין אפונת גינה וגזר 550 גרם,גרמים,550.00,100 גרם,false,1,8.90,1.6182,true,1,5357
7290000208138,false,סירופ דיאט בטעם ענבים יכין 1 ליטר,"זנלכל בע""\מ",IL,יכין סירופ בטעם ענבים דיאט 1 ליטר,ליטרים,1.00,ליטר,false,1,17.90,17.9000,true,1,44958
7290000208145,false,גרעיני תירס מתוק לייט 550 גרם יכין,"זנלכל בע""\מ",IL,תירס לייט גרעינים יכין 550 גרם,גרמים,550.00,100 גרם,false,1,9.90,1.8000,true,1,5626
7290000208176,false,"תפוח אדמה יכין A2 פ""מ בית יוסף","זנלכל בע""מ",IL,תפוחי אדמה קלופים 550 גרם יכין,גרמים,500.00,100 גרם,false,1,7.90,1.5800,true,1,44213
7290000208213,false,שעועית לבנה אפויה A2 ברוטב עגבניות יכין 560ג',היינץ צפון אמריקה מק,IL,יכין שעועית לבנה ברוטב עגבניות 580 גרם,גרמים,580.00,100 גרם,false,1,8.50,1.4655,true,1,30737
7290000208220,false,"שעועית צ'לי יכין פ""ק A2 בית יוסף",היינץ צפון אמריקה מק,IL,יכין שעועית צ'ילי בנוסח מקסיקני חריף 580 גרם,גרמים,0.00,100 גרם,false,1,8.90,0.0000,true,1,44215
7290000208251,false,שעועית ירוקה חתוכה יכין 550 גרם,"זנלכל בע""מ",IL,יכין שעועית ירוקה חתוכה שימורים 550 גרם,גרמים,550.00,100 גרם,false,1,7.90,1.4364,true,1,44216
7290000208312,false,גרעיני תירס מתוק בואקום יכין 400 גר',"זנלכל בע""\מ",IL,תירס גרעינים יכין 340 גרם,גרמים,340.00,100 גרם,false,1,6.90,2.0294,true,1,5592
7290000208329,false,גרעיני תירס מתוק 550 גרם יכין,"זנלכל בע""\מ",IL,תירס גרעינים מתוק יכין 560 גרם,גרמים,560.00,100 גרם,false,1,8.90,1.5893,true,1,5589
7290000208336,false,רסק יכין 240גר 22% יכין בית יוסף,"זנלכל בע""\מ",IL,יכין רוטב עגבניות מרוכז 240 גרם,גרמים,240.00,100 גרם,false,1,4.50,1.8750,true,1,5845
7290000208404,false,פול מצרי יכין 350 גרם,"זנלכל בע""\מ",IL,פול מצרי 560 גרם A2 יכין,גרמים,560.00,100 גרם,false,1,8.50,1.5179,true,1,25780
7290000208428,false,חומוס יכין שלם 550 גר A/2,"זנלכל בע""\מ",IL,חומוס שלם יכין 560 גרם,גרמים,560.00,100 גרם,false,1,8.90,1.5893,true,1,18476
7290000208534,false,גרעיני תירס מתוק לילדים 550 גרם יכין,"זנלכל בע""\מ",IL,יכין תירס קיד גרעיני תירס מתוק 550 גרם משקל נקי,גרמים,550.00,100 גרם,false,1,9.90,1.8000,true,1,39005
7290000208855,false,רוטב לפסטה קלאסי 240 גרם יכין,"זנלכל בע""\מ",IL,רוטב פסטה 240גר,גרמים,240.00,100 גרם,false,1,5.90,2.4583,true,1,37835
7290000208930,false,עגבניות מרוסקות בתוספת שום 240 גרם יכין,"זנלכל בע""מ",IL,עגבניות מרוסקות שום 260 ג,גרמים,260.00,100 גרם,false,1,5.90,2.2692,true,1,5846
7290000208947,false,עגבניות מרוסקות יכין 260 גרם,היינץ צפון אמריקה מק,IL,יכין עגבניות מרוסקות 260 גרם,גרמים,240.00,100 גרם,false,1,5.90,2.4583,true,1,5847
7290000209012,false,חומץ 1ליטר יכין הדרים,"זנלכל בע""\מ",IL,חומץ 1 ליטר יכין,ליטרים,1.00,ליטר,false,1,5.90,5.9000,true,1,5640
7290000209371,false,תירס מתוק יכין 200 גרם מארז 3 יח',היינץ צפון אמריקה מק,IL,יכין גרעיני תירס מתוק שלישייה 3*165,גרמים,165.00,100 גרם,false,1,14.90,9.0303,true,1,45053
7290000209579,false,סירופ דיאט בטעם אננס יכין 1 ליטר,"זנלכל בע""\מ",IL,יכין סירופ בטעם אננס דיאט 1 ליטר,ליטרים,1.00,ליטר,false,1,17.90,17.9000,true,1,44957
7290000209722,false,רוטב עגבניות פריכוז יכין 580 גרם,"זנלכל בע""\מ",IL,רסק עגבניות פריכוז 580 יכין,גרמים,580.00,100 גרם,false,1,10.90,1.8793,true,1,5590
7290000209913,false,עגבניות חתוכות לקוביות 240 גרם יכין,"זנלכל בע""\מ",IL,קוביות עגבניות 240גרם,גרמים,240.00,100 גרם,false,1,5.90,2.4583,true,1,44211
7290000209944,false,רוטב לעגבניות בסיס לשקשוקה 240 ג' יכין,"זנלכל בע""\מ",IL,רוטב עגבניות לשקשוקה יכין 240גרם,גרמים,240.00,100 גרם,false,1,5.90,2.4583,true,1,34679
7290000209951,false,רוטב עגבניות לפיצה 260 גרם יכין,"זנלכל בע""\מ",IL,רוטב פיצה 240גרם יכין,גרמים,240.00,100 גרם,false,1,5.90,2.4583,true,1,24464
7290000209968,false,רוטב עגבניות ללזניה יכין 240 גרם,"זנלכל בע""\מ",IL,רוטב לזניה 240גרם,גרמים,240.00,100 גרם,false,1,5.90,2.4583,true,1,44212
7290000210896,false,רוטב לפסטה בולונז 240 גרם יכין,"זנלכל בע""\מ",IL,רוטב בולנז 240גרם יכין,גרמים,240.00,100 גרם,false,1,5.90,2.4583,true,1,44217
7290000211312,false,"אורז מלא ארוך סוגת 1 ק""ג",האי נאם סי או אל.טי.,IL,"אורז מלא ארוך 1 ק""ג",קילוגרמים,1.00,"ק""ג",false,1,11.90,11.9000,true,1,333
7290000211442,false,"אורז פרסי קלאסי סוגת 1 ק""ג",האי נאם סי או אל.טי.,IL,"אורז פרסי 1 ק""ג",קילוגרמים,1.00,"ק""ג",false,1,13.90,13.9000,true,1,336
7290000211503,false,סוכר לבן ארוז בשקית,"סוגת תעשיות בע""\מ",IL,"סוכר לבן ארוז בשקית סוגת 1 ק""ג",קילוגרמים,1.00,"ק""ג",false,1,5.50,5.5000,true,1,337
7290000211985,false,"סוגת אורז עגול ריזוטו 1 ק""ג","סוגת תעשיות בע""\מ",IL,"אורז עגול 1 ק""ג",קילוגרמים,1.00,"ק""ג",false,1,13.90,13.9000,true,1,338
7290000238029,false,"בצק עלים צרפתי מרודד מעדנות 1 ק""ג",מיוצר עי קונדיטוריית,IL,"בצק עלים 1 ק""ג",קילוגרמים,1.00,"ק""ג",false,1,25.90,25.9000,true,1,401
7290000238036,false,מלאווח בקופסא מעדנות 700 גרם,מיוצר עי קונדיטוריית,IL,מלווח 700 גרם מעדנות,גרמים,700.00,100 גרם,false,1,19.90,2.8429,true,1,402
7290000238173,false,בורקס גבינה מעדנות 800 גרם,מיוצר עי קונדיטוריית,IL,בורקס גבינה מעדנות 800 גרם,גרמים,800.00,100 גרם,false,1,26.90,3.3625,true,1,403
7290000238180,false,בורקס תפוחי אדמה מעדנות 800 גרם,מיוצר עי קונדיטוריית,IL,"בורקס תפו""א מעדנות 800 גרם",גרמים,800.00,100 גרם,false,1,25.90,3.2375,true,1,404
7290000245270,false,"פרסיל אבקה לכביסה רגיל שקית 1.25 ק""ג","הנקל סוד בע""מ",IL,"פרסיל אבקת כביסה 1.25 ק""ג",קילוגרמים,1.25,"ק""ג",false,1,16.90,13.5200,true,1,411
7290000253220,false,שוקולד צ'יפס חום אופנהיימר 260 גר',אופנהיימר,IL,שוקולד ציפס חום אופנהיימר 260גרם,גרמים,260.00,100 גרם,false,1,13.90,5.3462,true,1,420
7290000253251,false,שוקולד צ'יפס לבן אופנהיימר 250 גרם,אופנהיימר,IL,שוקולד ציפס אופנהיימר לבן260גר,גרמים,260.00,100 גרם,false,1,13.90,5.3462,true,1,41275
7290000262031,false,נייר טואלט מולט לב 32 גלילים,קימברלי-קלארק,IL,נייר טואלט מולט לבבות 32 גלילים,מטרים,58880.00,מטר,false,1,32.90,0.0006,true,1,23203
7290000267012,false,שקד מולבן שלם השף 100 גרם,"דין שיווק וקלייה בע""",IL,שקד טבעי מולבן שלם 100 גרם שקדיה,גרמים,100.00,100 גרם,false,1,10.90,10.9000,false,1,15711
7290000267029,false,שקדים מולבנים חצויים השף 100 גרם,"דין שיווק וקלייה בע""",IL,שקד טבעי מולבן חצוי 100 גרם שקדיה,גרמים,100.00,100 גרם,false,1,10.90,10.9000,true,1,51636
7290000267036,false,שקדים מולבנים משובבים השף 100 גרם,"דין שיווק וקלייה בע""",IL,שקד טבעי מולבן משובב 100 גרם שקדיה,גרמים,100.00,100 גרם,false,1,10.90,10.9000,true,1,51637
7290000267043,false,שקדים מולבנים פרוסים השף 100 גרם,"דין שיווק וקלייה בע""",IL,שקד טבעי מולבן פרוס 100 גרם שקדיה,גרמים,100.00,100 גרם,false,1,10.90,10.9000,false,1,15714
7290000267050,false,שקדים טבעיים טחונים השף 100 גרם,"דין שיווק וקלייה בע""",IL,שקדים טחונים 100 גרם שקדיה,גרמים,100.00,100 גרם,false,1,10.90,10.9000,false,1,51638
7290000267104,false,שקד מולבן גרוס/מרוסק 100 גרם,"דין שיווק וקלייה בע""",IL,שקד מולבן מרוסק 100 גרם שקדיה,גרמים,100.00,100 גרם,false,1,10.90,10.9000,true,1,15716
7290000267548,false,אגוזי מלך טחונים השף 100 גרם,"דין שיווק וקלייה בע""",IL,אגוז גרוס 100 גרם שקדיה,גרמים,100.00,100 גרם,false,1,12.90,12.9000,true,1,51639
7290000267586,false,גרעייני חמניה קלופים 150 גר,"דין שיווק וקלייה בע""",IL,גרעין חמנייה קלוף טבעי 150 גרם שקדיה,גרמים,150.00,100 גרם,false,1,6.90,4.6000,false,1,15735
7290000267678,false,גרעיני דלעת טבעי קלוף שקדיה 150 ג',"דין שיווק וקלייה בע""",IL,גרעיני דלעת קלופים טבעי 150 גרם שקדיה,גרמים,150.00,100 גרם,false,1,13.90,9.2667,false,1,15736
7290000272467,false,עסיס פטל דיאט סירופ 1 ליטר,בית-השיטה עסיס תעשיות מז,IL,עסיס סירופ פטל דיאט צבעים טב.12*1ליטר,ליטרים,1.00,ליטר,false,1,21.90,21.9000,true,1,4599
7290000272696,false,עסיס מיץ לימון טבעי משומר 1 ל' אסם,בית-השיטה עסיס תעשיות מז,IL,עסיס מיץ לימון משומר 12*1ליטר,ליטרים,1.00,ליטר,false,1,12.90,12.9000,true,1,467
7290000286297,false,"אנטי קאלק מסיר אבנית מקומקום סנו 700 מ""ל",סנו מפעלי ברונוס בעמ,IL,אנטי קלאק מסיר אבנית מקומקום 700 מל,מיליליטרים,700.00,"100 מ""ל",false,1,14.90,2.1286,true,1,6020
7290000286549,false,מטליות לניקוי כללי סנו סושי 9 יחידות,נועם אורים תעשיות בע,IL,"סנו סושי מטליות לניקוי כללי, 9 יחידות",לא מנהל יחידת מידה,0.00,לא מנהל יחידת מידה,false,1,14.90,0.0000,true,1,6021
7290000286761,false,ניילון נצמד סנו סושי פלסטיק מארז 30X2 מ',מיוצר עי קונדיטוריית,CN,סנו סושי - צמד ניילון נצמד+,מטרים,3000.00,מטר,false,1,11.90,0.0040,true,1,6023
7290000286945,false,"נוזל+אקדח לניקוי רהיט ""סנו""","סנו מפעלי ברונוס בע""\מ",IL,סנו רהיט נוזל מנקה ומבריק רהיטים 500 מל,מיליליטרים,500.00,"100 מ""ל",false,1,29.90,5.9800,true,1,49858
7290000287102,false,"ספריי שמפו לניקוי שטיחים סנו 600 מ""ל",מיוצר עי קונדיטוריית,IL,"סנו ספריי לשטיחים 600 מ""ל",מיליליטרים,600.00,"100 מ""ל",false,1,28.90,4.8167,true,1,524
7290000287195,false,"סנו רהיט ספריי עשיר בווקס להברקה 305 מ""ל",מיוצר עי קונדיטוריית,IL,"סנו רהיט אירוסול מנקה, מבריק, מגן ודוחה אבק 300 מל",מיליליטרים,305.00,"100 מ""ל",false,1,17.90,5.8689,true,1,6025
7290000287621,false,"אנטי קאלק נוזל לניקוי אסלות סנו 750 מ""ל",מיוצר עי קונדיטוריית,IL,"מנקה אסלות אנטי קאלק 750 מ""ל",מיליליטרים,750.00,"100 מ""ל",false,1,13.90,1.8533,true,1,7159
7290000288017,false,אקונומיקה בריח לימון סנו ז'אוול 1 ליטר,"סנו מפעלי ברונוס בע""",IL,אקונומיקה סנו JAVEL לימון 1 ליטר,ליטרים,1.00,ליטר,false,1,9.90,9.9000,true,1,538
7290000288024,false,סנו - ז'אוול אקונומיקה בריח לימון 4 ליטר,"סנו מפעלי ברונוס בע""מ",IL,אקונומיקה סנו JAVEL לימון 4 ליטר,ליטרים,4.00,ליטר,false,1,17.90,4.4750,true,1,539
7290000288086,false,אבקת ניקוי עם אקונומיקה בריח לימון סנו ז'אוול 600 ג',מיוצר עי קונדיטוריית,IL,חול לניקוי JAVEL אקונ600לימון,גרמים,600.00,100 גרם,false,1,11.90,1.9833,true,1,49859
7290000288109,false,"אבקת כביסה מקסימה אפקט ג''אוול 1.25 ק""ג סנו",סנו מפעלי ברונוס בעמ,IL,"אבקת כביסה קומפקט מקסימה 1.25 ק""ג",קילוגרמים,1.25,"ק""ג",false,1,16.90,13.5200,true,1,540
7290000288307,false,סנומט דוחה יתושים- מכשיר+ 30 טבליות,קריות זול,IT,סנומט דוחה יתושים חשמל+ טבליות,Unknown,0.00,Unknown,false,1,32.90,0.0000,true,1,543
7290000288352,false,"קוטל חרקים וזוחלים K-300 סנו 630 מ""ל","סנו מפעלי ברונוס בע""מ",IL,K-300,מיליליטרים,630.00,"100 מ""ל",false,1,25.90,4.1111,true,1,545
7290000288383,false,"קוטל נמלים ותיקנים K-500 סנו 400 מ""ל",מיוצר עי קונדיטוריית,IL,"משמיד זוחלים K500 סנו 400 מ""ל",מיליליטרים,400.00,"100 מ""ל",false,1,25.90,6.4750,true,1,546
7290000288390,false,"קוטל זבובים ויתושים K-600 סנו 500 מ""ל","סנו מפעלי ברונוס בע""מ",IL,"משמיד זבובים יתושים K600 יבש 500 מ""ל",מיליליטרים,500.00,"100 מ""ל",false,1,25.90,5.1800,true,1,547
7290000288413,false,סנו-די דוחה יתושים כדורי סנו 50 גרם,גוד פוד פרודקטס S.p,IL,"סנו די דוחה יתושים כדורי 50 מ""ל",מיליליטרים,50.00,"100 מ""ל",false,1,21.90,43.8000,true,1,548
7290000288840,false,סנו - מים מזוקקים 2 ליטר,החברה הדרומית,IL,מים מזוקקים 2 ליטר,ליטרים,2.00,ליטר,false,1,17.50,8.7500,true,1,3933
7290000289069,false,סנו - ז'אוול מרסס קצף ניקוי בתוספת אקונומיקה בריח לימון 1 ליטר,"סנו מפעלי ברונוס בע""מ",IL,קצף ניקוי JAVEL מרסס בריח לימון סנו 1 ל,ליטרים,1.00,ליטר,false,1,18.90,18.9000,true,1,558
7290000289472,false,סנו סושי שקיות אשפה - 50 יחידות,מיוצר עי קונדיטוריית,IL,סושי 50 ש.אשפה גדולות במיוחד,לא מנהל יחידת מידה,0.00,לא מנהל יחידת מידה,false,1,23.90,0.0000,true,1,2114
7290000289748,false,"מסיר שומנים לתנורים פורטה פלוס סנו 750 מ""ל","סנו מפעלי ברונוס בע""\מ",IL,סנו פורטה פלוס 750 מ''ל,מיליליטרים,750.00,"100 מ""ל",false,1,16.90,2.2533,true,1,559
7290000292311,false,פוליויקס נוזל רצפות בניחוח סחלבים סנו 2 ליטר,"סנו מפעלי ברונוס בע""\מ",IL,פוליויקס מנקה ומבריק רצפות 2 ליטר שחלבים,ליטרים,2.00,ליטר,false,1,25.90,12.9500,true,1,567
7290000292557,false,סנומט מלוי נוזלי דוחה יתושים 45 לילות,טרופיקל דגיל תעשיות,IT,"סנומט מילוי נוזלי למכשיר חשמלי, דוחה יתושים",Unknown,0.00,Unknown,false,1,21.90,0.0000,true,1,569
7290000292564,false,סנו K-2000 תרסיס מיקרו קפסולרי ללא ריח 750 מ”ל,מיוצר עי קונדיטוריית,IL,תכשיר מיקרוקפסורי,מיליליטרים,750.00,"100 מ""ל",false,1,39.50,5.2667,true,1,570
7290000292687,false,סנובון מוצק לניקוי אסלה קלאסיק כחול סנו 3 יחידות,מיוצר עי קונדיטוריית,IL,"סנובון סבון אסלה כחול קלאסיק, 3 יחידות",גרמים,165.00,100 גרם,false,1,17.90,10.8485,true,1,572
7290000293073,false,מקסימה מרכך כביסה ביו לבן סנו 4 ליטר,"סנו מפעלי ברונוס בע""\מ",IL,מרכך 4 ליטר,ליטרים,4.00,ליטר,false,1,24.90,6.2250,true,1,573
7290000293820,false,"קרמה מן שמפו וג'ל גל רחצה אקטיב בלוק 700מ""ל",גוד פוד פרודקטס S.p,IL,קרמה מן - CARBON POWER - גל רחצה אקטיב,לא מנהל יחידת מידה,0.00,לא מנהל יחידת מידה,false,1,18.90,0.0000,true,1,46361
7290000293943,false,"מרסס לבן מסיר אבנית 1 ליטר אנטי קאלק ""סנו""",מיוצר עי קונדיטוריית,IL,אנטי קאלק מסיר אבנית וחלודה לשימוש כללי 1 ליטר,ליטרים,1.00,ליטר,false,1,18.90,18.9000,true,1,574
7290000294780,false,אקונומיקה סמיכה בריח לימון סנו ז'אוול 4 ליטר,"סנו מפעלי ברונוס בע""מ",IL,אקונומיקה סנו JAVEL סמיכה 4 ליטר,ליטרים,4.00,ליטר,false,1,17.90,4.4750,true,1,579
7290000295121,false,מטליות זיגזג סנו סושי לניקוי רצפות 3יח',קריות זול,IL,מטליות זיג זג לניקוי רצפות 3 יחידות,לא מנהל יחידת מידה,0.00,לא מנהל יחידת מידה,false,1,18.50,0.0000,true,1,580
7290000295299,false,סנו סושי כריות הפלא רב תכלתיות רביעייה,סנו מפעלי ברונו בעמ,IL,כרית הפלא סנו סושי 4 יחידות,יחידה,1.00,יחידה,false,1,13.90,13.9000,true,1,7155
7290000295404,false,שקיות אשפה עם שרוך 54 * 65 סנו סושי 60 יחידות,מיוצר עי קונדיטוריית,IL,סושי 60 ש.אשפה חזקות עם שרוך,לא מנהל יחידת מידה,0.00,לא מנהל יחידת מידה,false,1,23.90,0.0000,true,1,4939
7290000295503,false,זוג שקיות מזון טבע 19*25 סנו סושי 150 יחידות,"אשפלסט תעשיות בע""מ",CN,שקיות אוכל 19*25 סנו סושי 150 שקיות,לא מנהל יחידת מידה,0.00,לא מנהל יחידת מידה,false,1,14.90,0.0000,true,1,6030
7290000295558,false,"רדיד אלומיניום רוחב 30 ס""מ סנו סושי 2 יח' 7.5 מטר",מולינו ניקולי s.p.a,TR,"רדיד אלומיניום זוג 15 מ רוחב 30 ס""מ",מטרים,1500.00,מטר,false,1,10.90,0.0073,true,1,6041
7290000300900,false,שניצל תירס מרכיבים טבעיים טבעול 750 גרם,עיצובים 2020 (4.8),IL,שניצל תירס טבעול 750 גרם,גרמים,750.00,100 גרם,false,1,29.90,3.9867,true,1,5009
7290000311203,false,"וופלים בטעם שוקולד ""מן"" 200 גרם",תות ממתקי איכות,IL,ופלים מן בטעם שוקולד 200 גרם,גרמים,200.00,100 גרם,false,1,5.50,2.7500,true,1,641
7290000311869,false,מן-וופלים בטעם שוק ללא תוספת סוכר 180ג,תות ממתקי איכות,IL,ופל מן ללא סוכר 180 גרם,גרמים,180.00,100 גרם,false,1,11.90,6.6111,true,1,33606
7290000313160,false,זהבה ושלושת הדובים עוגיות בטעם שוקולד אסם 350 גרם,"הגביע מוצרי וופלים בע""\מ",IL,עוגיות ביסקוויט זהבה ו 3 הדובים 250 גרם,גרמים,250.00,100 גרם,false,1,8.90,3.5600,true,1,7077
7290000313290,false,אסם נודלס נודלס אטריות מסולסלות 200ג',תאי פרזידנט פוד בנגק,TH,אסם נודלס אטריות מסולסלות 12*200גרם,גרמים,200.00,100 גרם,false,1,11.90,5.9500,true,1,24967
7290000318127,false,"נקניקיות ביס 380 גרם ""יחיעם""",מעדני יחיעם 1993,IL,יחיעם נקניקיות ביס 380 גרם,גרמים,380.00,100 גרם,false,1,11.90,3.1316,true,1,5421
7290000318479,false,נקניק פרושוטו בקר יחיעם 100 גרם,תאי פרזידנט פוד פאבל,IL,"יחיעם, פרושוטו , 100 גרם",גרמים,100.00,100 גרם,false,1,34.00,34.0000,true,1,5727
7290000318677,false,נקניק סלמי סרוולט יחיעם 150 גרם,מעדני יחיעם 1993,IL,סלמי סרוולט,גרמים,150.00,100 גרם,false,1,29.90,19.9333,true,1,7128
7290000318943,false,פסטרמה של פעם מעושן 1.5% יחיעם 200 גרם,תאי פרזידנט פוד פאבל,IL,"יחיעם, פסטרמה של פעם, 200 גרם",גרמים,200.00,100 גרם,false,1,27.90,13.9500,true,1,7130
7290000319063,false,כתף בקר מפולפל יחיעם 150 גרם,מעדני יחיעם,IL,כתף בקר מפולפל 150 גרם,גרמים,150.00,100 גרם,false,1,26.90,17.9333,true,1,38532
7290000319131,false,נקניקיות עוף יחיעם 400 גרם,מעדני יחיעם 1993,IL,נקניקיות עוף 400 גר יחיעם,גרמים,400.00,100 גרם,false,1,12.90,3.2250,true,1,5431
7290000319520,false,נקניק סלמי צרפתי יחיעם 100 גרם,מעדני יחיעם 1993,IL,סלמי צרפתי 100 גרם יחיעם,גרמים,100.00,100 גרם,false,1,25.90,25.9000,true,1,5728
7290000319803,false,קבנוס קלאסי יחיעם 125 גרם,תאי פרזידנט פוד פאבל,IL,"יחיעם, קבנוס קלאסי 125 גרם",גרמים,125.00,100 גרם,false,1,14.90,11.9200,true,1,32952
7290000319834,false,קבנוס פפרוני קלאסי 125 גרם,תאי פרזידנט פוד פאבל,IL,"יחיעם, קבנוס פפרוני , 125 גרם",גרמים,125.00,100 גרם,false,1,14.90,11.9200,true,1,32951
7290000334042,false,"צ'יפס טוגן תפוגן 2 ק""ג","תעשיות תפוגן בע""מ",IL,תפוגן טוגן 6*2קג,קילוגרמים,2.00,"ק""ג",false,1,29.90,14.9500,true,1,33457
7290000334325,false,ציפס למיקרו מארז שלישיה 125 ג' תפוגן,"תעשיות תפוגן בע""\מ",IL,תפוגן צ'יפס מיקרוגל 8*375גרם מח.מיוחד,גרמים,375.00,100 גרם,false,1,16.90,4.5067,true,1,5266
7290000334684,false,תפוגן טבעות בצל 700 גרם,"תעשיות תפוגן בע""\מ",IL,תפוגן טבעות בצל 10*700גרם,גרמים,700.00,100 גרם,false,1,19.90,2.8429,true,1,8245
7290000336053,false,תרכיז סיידר הגליל מיץ תפוחים מרוכז 330 מל,"טמפו משקאות בע""מ",IL,סיידר תרכיז 330 בקבוק,מיליליטרים,330.00,"100 מ""ל",false,1,13.60,4.1212,true,1,700
7290000336282,false,"פריגת סיידר צלול 330 מ""ל בקבוק",טמפו משקאות בעמ,IL,סיידר תפוח צלול 330 בקבוק,מיליליטרים,330.00,"100 מ""ל",false,1,8.90,2.6970,true,1,2164
7290000339566,false,בדין מרכך כביסה ורוד 4 ליטר,יוניליור ישראל טיפוח איש,IL,מרכך כביסה בדין ורוד,ליטרים,4.00,ליטר,false,1,25.90,6.4750,true,1,19266
7290000341071,false,בדין - מרכך כביסה בייבי לבן 2 ליטר,יוניליור ישראל טיפוח איש,IL,בדין מרכך כביסה בייבי 2 ליטר,ליטרים,2.00,ליטר,false,1,20.90,10.4500,true,1,706
7290000342856,false,מרכך כביסה כחול בדין 4 ליטר,יוניליור ישראל טיפוח איש,IL,מרכך כביסה בדין כחול,ליטרים,4.00,ליטר,false,1,25.90,6.4750,true,1,19267
7290000345208,false,תה כחול קלאסיק ויסוצקי 25 יחידות,תה ויסוצקי,IL,-25/1תה מעודן,גרמים,25.00,100 גרם,false,1,8.20,32.8000,true,1,4715
7290000345215,false,תה כחול קלאסיק ויסוצקי 100 יחידות,מולינו ניקולי s.p.a,IL,100/1כחול C2000,גרמים,100.00,100 גרם,false,1,19.50,19.5000,true,1,4671
7290000345260,false,תה קלאסיק מעטפות ויסוצקי 25 יחידות,מולינו ניקולי s.p.a,IL,תה קלאסיק 1.5 גרם 25 שקיקים,גרמים,37.00,100 גרם,false,1,8.20,22.1622,true,1,4716
7290000345284,false,תה ויסוצקי קלאסי אריזה ירוקה מרובעת (100 שקיקים),מולינו ניקולי s.p.a,IL,100/1.5במעטפה,יחידה,1.00,יחידה,false,1,18.90,18.9000,true,1,5234
7290000345291,false,תה ארל גריי ויסוצקי 25 יחידות,תה ויסוצקי,IL,ארל גריי TEAR TAPE - 25,גרמים,38.00,100 גרם,false,1,17.90,47.1053,true,1,4717
7290000345307,false,תה ארל גריי ויסוצקי 50 יחידות,מולינו ניקולי s.p.a,IL,50/1.5א.ג - TEAR TAPE,גרמים,75.00,100 גרם,false,1,32.00,42.6667,true,1,5441
7290000345536,false,תה נענע ויסוצקי 25 יחידות,מולינו ניקולי s.p.a,IL,תה נענע,גרמים,37.00,100 גרם,false,1,21.90,59.1892,true,1,731
7290000346021,false,חליטת קמומיל הגן הקסום ויסוצקי 50 יחידות,בית ויסוצקי,IL,הגן הקסום חליטת קמומיל בבונג 50 75 גר,גרמים,75.00,100 גרם,false,1,39.90,53.2000,true,1,53283
7290000346120,false,חליטת קינמון הגן הקסום ויסוצקי 25 יחידות,תה ויסוצקי,IL,קסם הקינמון-הגן הקסום,גרמים,62.00,100 גרם,false,1,19.90,32.0968,true,1,735
7290000346137,false,חליטת הילולי פירות הגן הקסום ויסוצקי 25 יחידות,תה ויסוצקי,IL,"הילולי פירות-""הגן הקסום """,גרמים,62.00,100 גרם,false,1,19.90,32.0968,true,1,15363
7290000346199,false,חליטת פירות יער הגן הקסום ויסוצקי 25 יחידות,תה ויסוצקי,IL,"פירות היער-""הגן הקסום """,גרמים,67.00,100 גרם,false,1,19.90,29.7015,true,1,737
7290000346205,false,חליטת קמומיל הגן הקסום ויסוצקי 25 יחידות,תה ויסוצקי,IL,"קמומיל-""הגן הקסוםC24 ?",גרמים,37.00,100 גרם,false,1,19.90,53.7838,true,1,5442
7290000347738,false,תה ירוק נענע ויסוצקי 25 יחידות,תה ויסוצקי,IL,תה ירוק עם נענע T.T,גרמים,37.00,100 גרם,false,1,26.90,72.7027,true,1,740
7290000347752,false,תה ירוק לימונית ולואיזה 25 שקיקים *1.5 ג'' ויסוצקי,תה ויסוצקי,IL,תה ירוק עם לימונית/לואיזה T.T,גרמים,37.00,100 גרם,false,1,26.90,72.7027,true,1,741
7290000363363,false,קבנוס נקניק מעושן יבש 160 גרם,הנסיך- מפעל לייצור ט,IL,טירת צבי קבנוס נקניק מעושן יבש 160 גרם,גרמים,160.00,100 גרם,false,1,18.90,11.8125,true,1,774
7290000364261,false,"דקניקים, סלסולי פסטרמה כתף בקר מעושנת 120 גרם",הנסיך- מפעל לייצור ט,IL,דקניקים סלסולי כתף בקר 120 גרם,גרמים,120.00,100 גרם,false,1,16.90,14.0833,true,1,21873
7290000364278,false,דקניקים סלסולי סלמי איטלקי משובח טירת צבי 120 גרם,הנסיך- מפעל לייצור ט,IL,דקניקים סלסולי סלמי איטלקי משובח 120 גרם,גרמים,120.00,100 גרם,false,1,16.90,14.0833,true,1,21874
7290000364285,false,דקניקים סלסולי פסטרמה הודו טירת צבי 120 גרם,הנסיך- מפעל לייצור ט,IL,דקניקים סלסולי פסטרמה הודו 120 גרם,גרמים,120.00,100 גרם,false,1,16.90,14.0833,true,1,21875
7290000364292,false,דקניקים סלסולי פסטרמה הודו על גחלים 1% טירת צבי 120 גרם,הנסיך- מפעל לייצור ט,IL,דקניקים סלסולי פסטרמה גחלים 120 גרם,גרמים,120.00,100 גרם,false,1,16.90,14.0833,true,1,24481
7290000364803,false,נקניקיות בקר אמריקאיות טירת צבי 500 גרם,הנסיך- מפעל לייצור ט,IL,"טירת צבי, נקניקיות בקר בסגנון אמריקאי, 500 גרם",גרמים,500.00,100 גרם,false,1,31.90,6.3800,true,1,787
7290000364858,false,"נקניקיות עוף טרי טירת צבי 1 ק""ג",הנסיך- מפעל לייצור ט,IL,"טירת צבי - נקניקיות עוף 1 ק""ג",קילוגרמים,1.00,"ק""ג",false,1,29.90,29.9000,true,1,788
7290000364872,false,נקניקיות עוף טירת צבי 400 גרם,טיב טירת צבי 2000,IL,נקניקיות עוף 400 גרם,גרמים,400.00,100 גרם,false,1,14.90,3.7250,true,1,789
7290000367590,false,פסטרמה כפרית וסלמי פריזר כפרי טירת צבי 2*400 גרם,טיב טירת צבי 2000,IL,צמד כפרי פסטרמה סלמי טירת צבי 800 גרם,גרמים,800.00,100 גרם,false,1,32.90,4.1125,true,1,792
7290000369037,false,סלט קוביות בולגרית גבינות ניצן 200 גרם,גבינות אמיר ניצן בעמ,IL,סלט קוביות בולגרית 200 גרם,גרמים,200.00,100 גרם,false,1,18.90,9.4500,true,1,38341
7290000369365,false,מעדן גבינה בולגרית עם חציל 9% ניצן 200 גרם,גבינות אמיר ניצן בעמ,IL,גבינה בולגרית למריחה וחציל 200 גרם,גרמים,200.00,100 גרם,false,1,13.90,6.9500,true,1,18151
7290000369617,false,מעדן כדורי פטה בשמן מתובל ניצן 230 גרם,גבינות אמיר ניצן בעמ,IL,כדורי גבינת פטה בשמן 150 גרם,גרמים,150.00,100 גרם,false,1,19.90,13.2667,true,1,18150
7290000369709,false,חמאה עירונית בתוספת ריחן ושום טרי גבינות ניצן 100 גרם,גבינות אמיר ניצן בעמ,IL,חמאה מתובלת 100 גרם,גרמים,100.00,100 גרם,false,1,13.50,13.5000,true,1,18149
7290000377209,false,בוטן מטוגן קליית גת 200 גרם,"ג'י אנד ג'י בע""מ",IL,בוטנים מטוגנים קליית גת 200 גרם,גרמים,200.00,100 גרם,false,1,8.30,4.1500,true,1,21295
7290000377445,false,נש צ'אנס קליית גת 200 גרם,"ג'י אנד ג'י בע""מ",IL,נש צ'אנס 200 גר' ב 12,גרמים,200.00,100 גרם,false,1,9.90,4.9500,true,1,16922
7290000377452,false,גרעיני אבטיח קליית גת 200 גרם,הדקלאים אגודת שיתופי,IL,גרעיני אבטיח שק'200 גר',גרמים,200.00,100 גרם,false,1,14.90,7.4500,true,1,6567
7290000377612,false,מיץ תפוזים סחוט טבעי פריגת 400 מל,גת גבעת חיים,IL,פריגת סחוט תפוזים קלאסי,מיליליטרים,400.00,"100 מ""ל",false,1,11.90,2.9750,true,1,800
7290000379258,false,"חלה מתוקה קונדטוריה ארוזה ""אנג'ל""",מאפיית שלמה א. אנג'\ל בע,IL,אנג'ל חלת קונדיטוריה 500 גרם,גרמים,500.00,100 גרם,false,1,16.90,3.3800,true,1,813
7290000379432,false,לחמניית אצבע אנג'ל,מאפיית אנג'ל,IL,לחמניה 75 גרם,גרמים,75.00,100 גרם,false,1,2.90,3.8667,true,1,816
7290000379579,false,לחמניית המבורגר גמבו אנג'ל 85 גרם,מאפיית אנג'ל,IL,לחמניית המבורגר גמבו,לא מנהל יחידת מידה,0.00,לא מנהל יחידת מידה,false,1,4.50,0.0000,true,1,36644
7290000408316,false,יוגורט דנונה דל לקטוז 200 גרם,מיוצר עי קונדיטוריית,IL,דנונה ביו 3% 200 גרם,גרמים,200.00,100 גרם,false,1,3.70,1.8500,true,1,935
7290000408354,false,יוגורט עם אורז מצופה שוקולד קקאו 175 ג' דנונה,"שטראוס בריאות בע""\מ",IL,בר דנונה פצפוצים,גרמים,175.00,100 גרם,false,1,4.90,2.8000,true,1,936
7290000412481,false,נוזל לניקוי אסלות 00 סנו 1 ליטר,מיוצר עי קונדיטוריית,IL,מנקה אסלות 00 סנו 1 ליטר,ליטרים,1.00,ליטר,false,1,9.90,9.9000,true,1,962
7290000416021,false,ממרח בטעם שוקולד השחר חלבי 500,השחר העולה,IL,ממרח השחר העולה חלבי 500 גרם,גרמים,500.00,100 גרם,false,1,14.90,2.9800,true,1,998
7290000419893,false,לנדוור קפה שחור חזק טחון טורקי 100 גרם,מולינו ניקולי s.p.a,IL,לנדוור לבוקר טחון טורקי 100גרם,גרמים,100.00,100 גרם,false,1,9.90,9.9000,true,1,17664
7290000419909,false,לנדוור קפה שחור לבוקר טחון טורקי 100 גרם,מולינו ניקולי s.p.a,IL,לנדוור חזק קפה טחון טורקי 100גרם,גרמים,100.00,100 גרם,false,1,9.90,9.9000,true,1,17665
7290000420325,false,"פופסטאר פופקורן למקירוגל בטעם טבעי 5 שקיות,500 גרם",פרסטון פארמס,US,"פופסטאר פופקורן למקירוגל בטעם טבעי 5 שקיות,500 גרם",גרמים,500.00,100 גרם,false,1,16.90,3.3800,true,1,1003
7290000420332,false,פופסטאר פופקורן למיקרוגל בטעם חמאה 5 יחידות 500 גרם,פרסטון פארמס,US,פופקורן פופ סטאר חמאה 500 גרם,גרמים,500.00,100 גרם,false,1,16.90,3.3800,true,1,18117
7290000420417,false,גלילונית שקיות אשפה 52X65 עם שרוך 60 יחידות,"איטיליאן פוד, אס.פי.",IL,שקיות אשפה 52*65 גלילונית 60 שקיות,לא מנהל יחידת מידה,0.00,לא מנהל יחידת מידה,false,1,25.90,0.0000,true,1,1004
7290000430102,false,קוביות קרח בשקית מיסטר אייס 2 קילו,"אייס (קיובס) בע""מ -",IL,קוביות קרח בשקית,יחידה,1.00,יחידה,false,1,12.90,12.9000,true,1,5273
7290000450209,false,פוסידון טונה בהירה בשמן 77 גרם,"מיוצר עי וליגר בעמ,",IL,פוסידון נתחי טונה בהירה בשמן 108 גרם,גרמים,108.00,100 גרם,false,1,6.90,6.3889,true,1,1061
7290000450308,false,פוסידון טונה בהירה במי מלח 77 גרם,ויליגר בעמ עבור נטו,IL,טונה במים פוסידון 108 גרם,גרמים,108.00,100 גרם,false,1,6.70,6.2037,true,1,1065
7290000453019,false,שמרים טריים לאפייה שקית שמרית 50 ג',"פאקא תעשיות בע""\מ",IL,שמרית שמרים טריים לאפייה 50 גרם,גרמים,50.00,100 גרם,false,1,5.50,11.0000,true,1,1067
7290000453408,false,בצק פיצה דק מצונן ומוכן לאפייה שמרית 415 גרם,"פאקא תעשיות בע""מ",FR,בצק פיצה דק מצונן ומוכן לאפייה - שמרית,גרמים,150.00,100 גרם,false,1,18.90,12.6000,true,1,43045
7290000453415,false,בצק עלים מצונן ומוכן לאפייה שמרית 300 גרם,"פאקא תעשיות בע""מ",FR,בצק עלים מצונן ומוכן לאפייה - שמרית,גרמים,150.00,100 גרם,false,1,17.90,11.9333,true,1,43043
7290000453798,false,שמרית שמרים יבשים אקטיביים 500 גר',"גי' בי' רכיבים בע""מ",IL,שמרים אקטביים 500 גרם,גרמים,500.00,100 גרם,false,1,16.90,3.3800,true,1,33162
7290000461625,false,בייגלה שמיניות מלח בייגל בייגל 400 ג',בייגל את בייגל מזון 198),IL,כעכים עם מלח בייגל בייגל,גרמים,400.00,100 גרם,false,1,13.90,3.4750,true,1,1085
7290000461700,false,בייגלה שמיניות גדולות מלוחות 400 גרם,בייגל את בייגל מזון 198),IL,כעכים גדולים עם מלח בייגל בייגל,גרמים,400.00,100 גרם,false,1,15.90,3.9750,true,1,1088
7290000461793,false,בייגלה ארוך ארוך סידרה ירוקה בייגל בייגל 150 גרם,בייגל את בייגל מזון 198),IL,כעכים בצורת מקלות עם מלח בייגל בייגל,גרמים,150.00,100 גרם,false,1,7.40,4.9333,true,1,1091
7290000462103,false,סחוג תימני אדום חריף עדין זהבי הכרם 150 גרם,קריניסה ויטמין אס אי,IL,"זהבי הכרם זחוק תמני חריף עדיף, 150 גרם",גרמים,150.00,100 גרם,false,1,10.90,7.2667,true,1,1093
7290000462141,false,סחוג אדום תימני מקורי חריף מאוד זהבי 150 גרם,קריניסה ויטמין אס אי,IL,"זהבי הכרם זחוק תמני חריף, 150 גרם",גרמים,150.00,100 גרם,false,1,10.90,7.2667,true,1,44906
7290000462172,false,סחוג תימני ירוק חריף זהבי הכרם 150 גרם,קריניסה ויטמין אס אי,IL,זחוק זהבי ירוק חריף 150 גרם,גרמים,150.00,100 גרם,false,1,9.90,6.6000,true,1,1097
7290000467153,false,מלך החומוס סמיר הגדול 400 גרם צבר,סלטי צבר,IL,צבר חומוס סמיר הגדול 6*400גרם,גרמים,400.00,100 גרם,false,1,14.90,3.7250,true,1,27726
7290000467511,false,ביסלי חטיף ברביקיו אסם 55 ג',"אסם השקעות בע""מ",IL,ביסלי ברביקיו 55 גרם,גרמים,55.00,100 גרם,false,1,4.90,8.9091,true,1,28227
7290000467887,false,ביסלי בטעם פיצה 55 גרם אסם,"אסם השקעות בע""מ",IL,ביסלי פיצה 55 גרם,גרמים,55.00,100 גרם,false,1,4.90,8.9091,true,1,28228
7290000468747,false,ביסלי חטיף גריל אסם 55 ג',"אסם השקעות בע""מ",IL,ביסלי גריל 55 גרם,גרמים,55.00,100 גרם,false,1,4.90,8.9091,true,1,28229
7290000468877,false,ביסלי בטעם בצל 55 גרם אסם,"אסם השקעות בע""מ",IL,ביסלי בצל 55 גרם,גרמים,55.00,100 גרם,false,1,4.90,8.9091,true,1,28230
7290000474090,false,"חלב בקרטון 1%- 1 ליטר בד""צ - מוצר בפיקוח",מילקו תעשיות בעמ,IL,"חלב בקרטון 1%- 1 ליטר בד""צ",ליטרים,1.00,ליטר,false,1,5.86,5.8600,true,1,1147
7290000474502,false,גבינה לבנה טרה 5% מרכיבים טבעיים,הפריט בפיקוח,IL,גבינה לבנה 5% פיקוח 250 גרם,גרמים,250.00,100 גרם,false,1,4.98,1.9920,true,1,1152
7290000474540,false,טוב טעם גבינה לבנה 3% טרה 250 גרם,קריות זול,IL,"טרה, טוב טעם, גבינה לבנה 3% , 250 גרם",גרמים,250.00,100 גרם,false,1,12.90,5.1600,true,1,1153
7290000480107,false,קוואקר שיבולת שועל פחית 500 גרם,וולקרס סנקס לימיטד,GB,שיבולת שועל קוואקר פחית 500 גרם,גרמים,500.00,100 גרם,false,1,15.90,3.1800,true,1,1158
7290000480442,false,קוואקר שיבולת שועל בשקית 500 גרם,פריטו ליי FRITO-LAY,IL,שיבולת שועל קוואקר שקית 500 גרם,גרמים,500.00,100 גרם,false,1,14.80,2.9600,true,1,1161
7290000484747,false,"ארק איילות 40% 700 מ""ל",יקב הגליל יוסף גולד ובניו,IL,"עלית הארק 40% בקבוק 700 מ""ל",מיליליטרים,700.00,"100 מ""ל",false,1,59.90,8.5571,true,1,33660
7290000493183,false,אבקת רוטב פטריות לבשר-30 גרם,"אסם השקעות בע""\מ",IL,אסם אבקת רוטב פטריות 3 12*30גרם,גרמים,30.00,100 גרם,false,1,5.50,18.3333,true,1,1184
7290000504049,false,סוכרזית קלאסי קנקן 1200 טבליות,אף.סי תבליני בגליל ב,IL,ממתיק סוכרזית קנקן 1200 טבליות,גרמים,98.00,100 גרם,false,1,23.90,24.3878,true,1,1260
7290000504209,false,"סוכרזית דיאט טיפ נוזלי 220 מ""ל",אף.סי תבליני בגליל ב,IL,"סוכרזית קלאסי, ממתיק נוזלי בטעם הקלאסי 220 מל",מיליליטרים,220.00,"100 מ""ל",false,1,22.90,10.4091,true,1,1261
7290000504278,false,ממתיק סוכרזית אריזת פטנט 700 טבליות,אף.סי תבליני בגליל ב,IL,ממתיק סוכרזית פטנט 700 טבליות,גרמים,57.00,100 גרם,false,1,18.90,33.1579,true,1,1262
7290000518121,false,ממתיק מתוק וקל 50 יחידות,קריות זול,IL,ממתיק אבקה דקסטרוזה וסכרין 50 גר,יחידה,1.00,יחידה,false,1,6.90,6.9000,true,1,1274
7290000518190,false,מתוק וקל סטיביה 100 יחידות,מתוק וקל,IL,מתוק וקל סטיביה 100 שקיות,יחידה,1.00,יחידה,false,1,26.90,26.9000,true,1,36116
7290000518220,false,ממתיק סוכרה דיאט 100 יחידות,פתח תקווה,IL,סוכרה להמתקה לבישול ואפייה 100 יח,גרמים,100.00,100 גרם,false,1,28.90,28.9000,true,1,36117
7290000518336,false,ממתק צמר גפן מתוק מסיבים תזונתיים,מתוק וקל בעמ,IL,מוש צמר גפן מתוק מסיבים תזונתיים 10 גרם,גרמים,10.00,100 גרם,false,1,5.90,59.0000,true,1,53959
7290000521008,false,יין אדום יבש של סגל750מל,"כרמי צבי - אחים סגל בע""\",IL,יין אדום יבש של סגל 750 מל,מיליליטרים,750.00,"100 מ""ל",false,1,22.90,3.0533,true,1,1296
7290000521015,false,"יין לבן יבש של סגל750מ""ל","מיוצר ע""י כרמי צבי-",IL,סגל יין לבן יבש 2016 750 מל,מיליליטרים,750.00,"100 מ""ל",false,1,22.90,3.0533,true,1,1297
7290000521022,false,"של סגל, יין לבן חצי יבש 750 מ""ל","מיוצר ע""י כרמי צבי-",IL,סגל לבן חצי יבש 2015 750 מל,מיליליטרים,750.00,"100 מ""ל",false,1,22.90,3.0533,true,1,16557
7290000523125,false,מלח הארץ הים האדום 250 ג' עדין,"חברת מלח הארץ אילת בע""\מ",IL,מלח הארץ מהים האדום מלח ים דק 250 גרם,גרמים,250.00,100 גרם,false,1,6.50,2.6000,true,1,7143
7290000523224,false,מלח הארץ הים האדום 500 ג' עדין,"חברת מלח הארץ אילת בע""\מ",IL,מלח הארץ מהים האדום מלח ים דק,גרמים,500.00,100 גרם,false,1,8.30,1.6600,true,1,7144
7290000523521,false,מלח ים מלח הארץ 250 גרם מועשר ביוד,חברת מלח הארץ אילת ב,IL,מלח מועשר ביוד מלחיה 250 גרם,גרמים,250.00,100 גרם,false,1,6.80,2.7200,true,1,7146
7290000525969,false,מיץ תפוזים סחוט רכיבים טבעיים פרימור 1 ליטר,"גניר (1992) בע""מ",IL,פרימור מיץ תפוזים 1 ליטר,ליטרים,1.00,ליטר,false,1,17.90,17.9000,true,1,1306
7290000530413,false,המבורגר זהב זוגלובק 400 גרם,נקניק נהריה כשר זוגל,IL,זוגלובק המבורגר זהב 400 גרם,גרמים,400.00,100 גרם,false,1,21.90,5.4750,true,1,1310
7290000530598,false,נקניקיות עוף וינר זוגלובק 500 גרם,נקניק נהריה כשר זוגל,IL,נקניקיות וינר 500 גרם זוגלובק,גרמים,500.00,100 גרם,false,1,18.30,3.6600,true,1,1311
7290000530703,false,פסטרמה חרמון כפרית ונקניק תה מעושן זוגלובק 2*400 גרם,נקניק נהריה כשר זוגל,IL,זוגלובק זוג חרמון הודו ועוף 400+סלמי תה 400 גרם,גרמים,800.00,100 גרם,false,1,34.90,4.3625,true,1,6674
7290000537566,false,נקניקיות עוף טרי 400 ג' זוגלובק,נקניק נהריה כשר זוגל,IL,זוגלובק נקניקיות עוף 400 גרם,גרמים,400.00,100 גרם,false,1,14.90,3.7250,true,1,1342
7290000538709,false,נקניק סלמי תה מעושן זוגלובק 200 גרם,זוגלובק,IL,זוגלובק סלמי תה מעושן 200 גרם,Unknown,0.00,Unknown,false,1,11.90,0.0000,true,1,40296
7290000552927,false,עוף טחון טיבון ויל 500 גרם,"טיבון ויל אחזקות בע""\מ",IL,טיבון ויל בשר עוף טחון 500 גרם,גרמים,500.00,100 גרם,false,1,14.50,2.9000,true,1,1399
7290000552989,false,בשר טחון מובחר טיבון 500 ג',"טיבון ויל אחזקות בע""\מ",IL,טיבון וויל בשר עגל טחון קפוא 500 גרם,גרמים,500.00,100 גרם,false,1,30.90,6.1800,true,1,1401
7290000554006,false,גבינה קשקבלו משולשים,מחלבות גד,IL,גבינה קשקבלו משולשים 26% במשקל גד,קילוגרמים,1.00,"ק""ג",true,,122.90,122.9000,true,1,31134
7290000554402,false,מעדן חלב מלבי 5% גד 170 גרם,"מיוצר ע""\י קוד יצרן EDNK",IL,מלבי מעדן חלב גד 170 גרם,גרמים,170.00,100 גרם,false,1,6.90,4.0588,true,1,1402
7290000554471,false,נקניק מוצרלה 22 אחוז 180גרם גד מהדרין,"מחלבות גד בע""\מ",IL,גבינת מוצרלה 22% צמה 180 גרם,גרמים,180.00,100 גרם,false,1,19.90,11.0556,true,1,1404
7290000554532,false,גבינה צפתית מעודנת במלח ים 5% 200 ג' גד,הנסיך- מפעל לייצור ט,IL,גד צפתית מעודנת 5% שומן,גרמים,200.00,100 גרם,false,1,16.90,8.4500,true,1,20798
7290000554600,false,מוצרלה מגורדת 22 אחוז 300גרם גד מהדרין,מחלבות גד בעמ,IL,גד מוצרלה מגורדת מחלב בקר 22% 300 גרם,גרמים,300.00,100 גרם,false,1,27.90,9.3000,true,1,1407
7290000554624,false,מעדן חלב ירח מתוק עם אורז 3% גד 150 גרם,"מיוצר ע""\י קוד יצרן EDNK",IL,"ירח מתוק ,מעדן חלב עם אורז 3% , 150 גרם",גרמים,150.00,100 גרם,false,1,6.90,4.6000,true,1,1408
7290000554686,false,גבינת לאבנה בתוספת שמן זית וזעתר 5% גד 250 גרם,מחלבות גד בעמ,IL,גד לאבנה בתוספת שמן זית וזעתר 5%,גרמים,250.00,100 גרם,false,1,14.90,5.9600,true,1,1409
7290000554822,false,ריקוטה גבינה לבנה בסגנון איטלקי 5% גד 250 גרם,מחלבות גד בעמ,IL,גבינה ריקוטה גד 250 גרם,גרמים,250.00,100 גרם,false,1,16.90,6.7600,true,1,1412
7290000554839,false,מסקרפונה שמנת מתוקה קשה בסגנון איטלקי 40% גד 250 גרם,מחלבות גד בעמ,IL,גבינה מוקצפת מסקרפונה 250 גרם גד,גרמים,250.00,100 גרם,false,1,23.90,9.5600,true,1,1413
7290000560533,false,אדג' ג'ל גילוח ירוק לעור רגיל 198גרם,אס.סי ג'ונסון ובניו,US,200 מל גל גילוח אדג בתוספת אלוורה,מיליליטרים,200.00,"100 מ""ל",false,1,18.90,9.4500,true,1,1431
7290000560540,false,אדג' ג'ל גילוח כתום לעור רגיש 198גרם,המאפיה של הרמן,US,אדג ג'ל גילוח לעור רגיש עם אלוורה 200 מל,מיליליטרים,200.00,"100 מ""ל",false,1,18.90,9.4500,true,1,1432
7290000560557,false,"אדג' ג'ל גילוח סגול לעור יבש, 200 מ""ל",אס.סי ג'ונסון ובניו,US,"ג""ל גילוח אדג ריכוך עור 200 מ""ל",מיליליטרים,200.00,"100 מ""ל",false,1,18.90,9.4500,true,1,1433
7290000571300,false,גבינה גאודה פרוס מעושנת המחלבה 150ג',גבינות משק אחים מאיר,IL,גבינה גאודה מעושנת המחלבה 150 גרם,גרמים,150.00,100 גרם,false,1,25.90,17.2667,true,1,51336
7290000571386,false,המחלבה יוגורמה יוגורט מחלב כבשים 5% 850 גרם,גבינות משק אחים מאיר בית,IL,יוגורט יוגורמה מחלב כבשים 850גרם המחלבה,גרמים,850.00,100 גרם,false,1,29.90,3.5176,true,1,1444
7290000571478,false,"גבינת גאודה תום פרוסה עיזים, 200 גרם",גבינות משק אחים מאיר בית,IL,גאודה-תום פרוסה 200 גרם,גרמים,150.00,100 גרם,false,1,40.90,27.2667,true,1,22045
7290000572208,false,חלוה בטעם וניל אחווה 100 גרם,שוורצקוף& הנקל דיסלד,IL,אחוה חלוה בטעם וניל 100 גרם,גרמים,100.00,100 גרם,false,1,3.90,3.9000,true,1,1446
7290000644783,false,נתחי פילה סלמון קפוא קג,דגי תנובה,DK,"נתחי פילה סלמון בואקום לק""ג",קילוגרמים,1.00,"ק""ג",true,,110.00,110.0000,true,1,22310
7290000652542,false,פילה אמנון קפוא 5-7 קג,דגי תנובה,IL,פילה אמנון קפוא 5-7 100% דג לקג,קילוגרמים,1.00,"ק""ג",true,,39.00,39.0000,true,1,44992
7290000652832,false,נתחי סלמון קפוא ללא עור,MORE,NO,זוג נתחי פילה סלמון קפוא ללא עור לקג,קילוגרמים,1.00,"ק""ג",true,,126.00,126.0000,true,1,44993
7290000659312,false,פילה סלמון פרימיום דגי תנובה,דגי תנובה,IL,"פילה סלמון בואקום לק""ג",קילוגרמים,1.00,"ק""ג",true,,97.00,97.0000,true,1,2933
7290000662817,false,סלמון מעושן 100 גרם נורבגי מדג טרי,דגי תנובה,IL,סלמון מעושן 100גרם,גרמים,100.00,100 גרם,false,1,21.90,21.9000,true,1,51466
7290000663036,false,פילה אמנון קפוא ללא עור 100% דג תנובה,דגי תנובה,IL,"פילה אמנון ללא עור 100% דג לק""ג",קילוגרמים,1.00,"ק""ג",true,,39.00,39.0000,true,1,50782
7290000688077,false,"מי עדן 0.500 מ""ל פקק רגיל",מופק ממקור בזלתי עדן,IL,מים מינרליים מי עדן פקק רגיל 0.5 ל',מיליליטרים,500.00,"100 מ""ל",false,1,3.90,0.7800,true,1,5923
7290000688084,false,מי עדן פקק ספורטאים500מל,"מופק ממקור בזלתי עדן ,1",IL,"מי עדן בקבוק ספורט 500 מ""ל",מיליליטרים,500.00,"100 מ""ל",false,1,3.90,0.7800,true,1,1581
7290000688466,false,מים מינרלים פקק ספור,מופק ממקור בזלתי עדן,IL,"מי עדן GYM בקבוק ספורט 750 מ""ל",מיליליטרים,750.00,"100 מ""ל",false,1,5.50,0.7333,true,1,34477
7290000692210,false,נוזל לניקוי כללי ורצפות בניחוח לבנדר אג'קס 2 ליטר,הנסיך- מפעל לייצור ט,GR,אג'קס נוזל לניקוי כללי ורצפות בניחוח לבנדר 2 ליטר,ליטרים,2.00,ליטר,false,1,22.90,11.4500,true,1,7120
7290000692227,false,נוזל כלים פלמוליב צילינדר קלאסי 1 ליטר,יבואן ומשווק: ש. שסט,GR,פלמוליב נוזל לניקוי כלים קלאסי 1 ליטר,ליטרים,1.00,ליטר,false,1,14.90,14.9000,true,1,1595
7290000849478,false,"סרקל מרכך שיער לילדים 500 מ""ל",פישר מעבדות פרמצבטיות בע,IL,דר פישר סרקל מרכך לילדים ללא דמעות 500 מל,מיליליטרים,500.00,"100 מ""ל",false,1,16.90,3.3800,true,1,40689
7290000900104,false,מיקס חסה,חקלאי,IL,מיקס חסה,Unknown,0.00,Unknown,false,1,9.90,0.0000,true,1,40341
7290001019047,false,סינטה פרוס לה דליקטס,לה דליקטס ארט,IL,סינטה פרוס לה דליקטס 100 גרם,גרמים,100.00,100 גרם,false,1,37.90,37.9000,true,1,51363
7290001019061,false,רוסטביף פרוס לה דליק,לה דליקטס ארט,IL,רוסטביף פרוס לה דליקטס 150 גרם,גרמים,150.00,100 גרם,false,1,34.90,23.2667,true,1,51365
7290001019078,false,סלמי קרקובר לה דליקס,לה דליקטס ארט,IL,סלמי קרקובר לה דליקסט 150 גרם,גרמים,150.00,100 גרם,false,1,26.90,17.9333,true,1,51367
7290001019351,false,נקניק צרפתי קוניאק ל,לה דליקטס ארט,IL,נקניק צרפתי קוניאק לה דליקטס 100 גרם,גרמים,100.00,100 גרם,false,1,37.90,37.9000,true,1,51360
7290001019368,false,שיפונד פרוס לה דליקט,לה דליקטס ארט,IL,שיפונד פרוס לה דליקטס 100 גרם,גרמים,100.00,100 גרם,false,1,37.90,37.9000,true,1,51364
7290001019757,false,מיקס נקניקים דליקטס,מונטה קרלו,IL,מיקס נקניקים דליקטס דליקטס 100 גרם,גרמים,100.00,100 גרם,false,1,36.90,36.9000,true,1,54010
7290001019825,false,פיקל מעושן לה דליקטס,לה דליקטס ארט,IL,פיקל מעושן לה דליקטס 120 גרם,גרמים,120.00,100 גרם,false,1,26.90,22.4167,true,1,51366
7290001019832,false,קורנדביף אמריקאי לה,,,קורנדביף אמריקאי לה דליקטס 120גרם,גרמים,120.00,100 גרם,false,1,26.90,22.4167,true,1,53222
7290001019894,false,פסטרמי לה דליקטס 12,לה דליקטס ארט,IL,פסטרמי לה דליקטס 120 גרם,גרמים,120.00,100 גרם,false,1,26.90,22.4167,true,1,51641
7290001019917,false,אנטריקוט פרוס לה דלי,לה דליקטס ארט,IL,אנטריקוט פרוס לה דליקטס 100 גרם,גרמים,100.00,100 גרם,false,1,37.90,37.9000,true,1,51358
7290001019924,false,נקניק צרפתי לה דליקט,לה דליקטס ארט,IL,נקניק צרפתי לה דליקטס 100 גרם,גרמים,100.00,100 גרם,false,1,37.90,37.9000,true,1,51359
7290001019955,false,נקניק רוזט לה דליקט,לה דליקטס ארט,IL,נקניק רוזט לה דליקטס 100 גרם,גרמים,100.00,100 גרם,false,1,37.90,37.9000,true,1,51434
7290001019962,false,כופה איטלקית לה דליק,לה דליקטס ארט,IL,כופה איטלקית לה דליקטס 100 גרם,גרמים,100.00,100 גרם,false,1,37.90,37.9000,true,1,51362
7290001045169,false,מיץ תפוחי עץ צלול פרימור 1 ליטר,"גניר (1992) בע""מ",IL,פרימור מיץ תפוחים 100% 1 ליטר,ליטרים,1.00,ליטר,false,1,17.90,17.9000,true,1,4234
7290001045657,false,"פרימור סחוט תפוחים צלול 400 מ""ל",פרימור,IL,פרימור מיץ תפוחים 100% מיץ צלול מיוצר מרכז 400 מל,מיליליטרים,400.00,"100 מ""ל",false,1,10.90,2.7250,true,1,4220
7290001045688,false,"מיץ תפוזים סחוט פרימור 400 מ""ל",פרימור,IL,פרימור מיץ תפוזים סחוט 400 מל,מיליליטרים,400.00,"100 מ""ל",false,1,10.90,2.7250,true,1,4233
7290001121238,false,נקניק קורנדביף 4% יחיעם 180 גרם,מעדני יחיעם 1993,IL,יחיעם קורנד ביף 180 גרם,גרמים,180.00,100 גרם,false,1,29.90,16.6111,true,1,21311
7290001121849,false,פסטרמה ברביקיו יחיעם 250 גרם ר.טבעיים,מעדני יחיעם 1993,IL,פסטרמה ברביקיו יחיעם 100% חומרים טבעיים,גרמים,250.00,100 גרם,false,1,29.90,11.9600,true,1,37448
7290001121979,false,נקניק סלמי הרץ מעדני יחיעם 150 גרם,תאי פרזידנט פוד פאבל,IL,"יחיעם, סלמי הרץ, 150 גרם",גרמים,150.00,100 גרם,false,1,26.90,17.9333,true,1,25155
7290001123775,false,שווארמה אמיתית פרגיות טיבון ויל 500 גרם,"טיבול ויל אחזקות בע""",IL,טיבון ויל שווארמה פרגיות מוכן 500 גרם,גרמים,500.00,100 גרם,false,1,34.50,6.9000,true,1,38
7290001216040,false,טחינה גולמית שומשום טהור אל ארז 500 גרם,אגס ירוק מסחר ושירותים,IL,טחינת אל ארז 500 גרם,גרמים,500.00,100 גרם,false,1,17.90,3.5800,true,1,33787
7290001216231,false,טחינה גולמית שומשום מלא אל ארז 500 גרם,אגס ירוק מסחר ושירותים,IL,טחינה מלאה אל ארז 500 גרם,גרמים,500.00,100 גרם,false,1,18.90,3.7800,true,1,33788
7290001230234,false,סיגריות כאמל סופט חפ,גיי טי אינטרנשיונל,CH,סיגריות כאמל סופט חפיסה בודד,יחידה,0.00,יחידה,false,1,31.60,0.0000,false,1,2260
7290001230331,false,סיגריות כאמל בוקס חפ,Unknown,CH,סיגריות כאמל בוקס חפיסה בודד,יחידה,0.00,יחידה,false,1,31.60,0.0000,false,1,2261
7290001230739,false,כאמל כחול חפיסה חפיסה,Unknown,CH,סיגריות כאמל כחול חפיסה בודד,יחידה,0.00,יחידה,false,1,31.60,0.0000,false,1,4966
7290001231233,false,סיגריות וינסטון בוקס,Unknown,CH,סיגריות וינסטון בוקס חפיסה בודד,Unknown,0.00,Unknown,false,1,33.70,0.0000,false,1,2254
7290001231932,false,ווינסטון כחול בוקס חפיסה,Unknown,CH,סיגריות וינסטון כחול בוקס חפיסה בודד,לא מנהל יחידת מידה,0.00,לא מנהל יחידת מידה,false,1,33.70,0.0000,false,1,2255
7290001235938,false,וינסטון כחול ארוך חפיסה,Unknown,CH,סיגריות וינסטון כחול 100 חפיסה בודד,לא מנהל יחידת מידה,0.00,לא מנהל יחידת מידה,false,1,33.70,0.0000,false,1,17072
7290001247082,false,מיץ עגבניות רכיבים טבעיים ספרינג 1 ליטר,יפאורה שותפות מובגלת לשיווק,IL,ספרינג קרטוניות עגבניות 1 ל',ליטרים,1.00,ליטר,false,1,7.60,7.6000,true,1,101
7290001247099,false,קרטונית נקטר ספרינג מנגו 1 ליטר,יפאורה שותפות מובגלת לשיווק,IL,ספרינג קרטוניות מנגו 1 ל',ליטרים,1.00,ליטר,false,1,7.60,7.6000,true,1,102
7290001247112,false,קרטונית נקטר ספרינג לימונענע 1 ליטר,יפאורה שותפות מובגלת לשיווק,IL,ספרינג קרטוניות לימונענע 1 ל',ליטרים,1.00,ליטר,false,1,7.60,7.6000,true,1,104
7290001247129,false,נקטר ספרינג תפוזים קרטונית 1 ל',יפאורה שותפות מובגלת לשיווק,IL,ספרינג קרטוניות תפוזים 1 ל',ליטרים,1.00,ליטר,false,1,7.60,7.6000,true,1,105
7290001247143,false,קרטונית נקטר ספרינג תפוחים 1 ליטר,יפאורה שותפות מובגלת לשיווק,IL,ספרינג קרטוניות תפוחים 1 ל',ליטרים,1.00,ליטר,false,1,7.60,7.6000,true,1,107
7290001247723,false,"ספרינג נקטר תות בננה פחית 330 מ""ל",יפאורה תבורי בעמ,IL,"ספרינג נקטר תות בננה פחית 330 מ""ל",מיליליטרים,330.00,"100 מ""ל",false,1,7.00,2.1212,true,1,2754
7290001258446,false,"יעקבס יוגורט כבשים 5% 850 מ""ל",גבינות משק יעקבס,IL,"משק יעקבס יוגורט כבשים 850 מ""ל",מיליליטרים,850.00,"100 מ""ל",false,1,24.90,2.9294,true,1,35947
7290001258576,false,גבינת גאודה יעקבס 200 גרם,גבינות משק יעקבס,IL,גאודה 200 גרם,גרמים,200.00,100 גרם,false,1,25.90,12.9500,true,1,19643
7290001258583,false,משולש גבינת מנצ'גו במשקל,פ.פ.ח. שאביט,IL,מארז מנצגו,קילוגרמים,1.00,"ק""ג",true,,149.00,149.0000,true,1,50495
7290001258668,false,גבינת עז מה 5% יעקבס 250 גרם,גבינות משק יעקבס,IL,גבינה עז מה 250 גרם יעקבס,גרמים,250.00,100 גרם,false,1,18.90,7.5600,true,1,21972
7290001258774,false,מוצרלה בייבי 150 גרם יעקובס,גבינות משק יעקבס,IL,מוצרלה בייבי 150 גרם יעקבס,גרמים,150.00,100 גרם,false,1,14.90,9.9333,true,1,41461
7290001258804,false,קשקבל גבינה חצי קשה יעקבס 180 גרם,גבינות משק יעקבס,IL,קשקבל 180 גרם,גרמים,180.00,100 גרם,false,1,26.90,14.9444,true,1,31583
7290001258958,false,מוצרלה מגורדת יעקבס 200 גרם,גבינות משק יעקבס,IL,גבינה מוצרלה מגורדת 24% 200 גרם יעקבס,גרמים,200.00,100 גרם,false,1,25.90,12.9500,true,1,28772
7290001302194,false,ביסלי בטעם פלאפל 55 גרם אסם,"אסם השקעות בע""מ",IL,ביסלי פלאפל 55 גרם,גרמים,55.00,100 גרם,false,1,4.90,8.9091,true,1,28224
7290001302279,false,אוסם - במבה קלאסי 60 גרם,מיוצר עי קונדיטוריית,IL,במבה קלאסי כלפ.48*60גרם,גרמים,60.00,100 גרם,false,1,4.90,8.1667,true,1,28225
7290001305058,false,"פלמוליב - נטורלס תחליב רחצה חלב ודבש 500 מ""ל",הנסיך- מפעל לייצור ט,TR,פלמוליב סבון נוזלי חלב ודבש 750 מל,מיליליטרים,500.00,"100 מ""ל",false,1,17.90,3.5800,true,1,125
7290001305188,false,"נוזל לניקוי כלים בריח לימון פלמוליב 750 מ""ל",יבואן ומשווק: ש. שסט,GR,פלמוליב נוזל לניקוי כלים בריח לימון (כתום) 750 מל,מיליליטרים,750.00,"100 מ""ל",false,1,12.90,1.7200,true,1,126
7290001327180,false,שטראוס קרמיסימו וניל ציפ 1.33 ליטר,"גלידת שטראוס בע""\מ, רחוב",IL,גלידה קרמיסימו וניל צ'יפ 1.33 ל',ליטרים,1.33,ליטר,false,1,27.90,20.9774,true,1,129
7290001342091,false,טונה אלבקור מעושן בוואקום שקיל,אלדג,IL,"טונה אלבקור-אל דג לק""ג",קילוגרמים,1.00,"ק""ג",true,,253.00,253.0000,true,1,52629
7290001342183,false,סלמון אפוי על גחלים שקיל,אלדג,IL,"סלמון אפוי על גחלים-אל דג לק""ג",קילוגרמים,1.00,"ק""ג",true,,230.00,230.0000,true,1,52353
7290001356166,false,סלמון מעושן 100 גרם,ישראגל,,סלמון 100 גרם,גרמים,100.00,100 גרם,false,1,23.90,23.9000,true,1,36376
7290001407547,false,טחינה גולמית משומשום מלא פי 6 בארכה 500ג',"רושדי תעשיות מזון בע""\מ",IL,בארכה טחינה שומשום מלא פי 6 סידן 12*500ג,גרמים,500.00,100 גרם,false,1,18.50,3.7000,true,1,32519
7290001407769,false,טחינה גולמית שומשום מלא בארכה 500 גרם,"רושדי תעשיות מזון בע""\מ",IL,בארכה טחינה עם שומשום מלא 12*500גרם,גרמים,500.00,100 גרם,false,1,18.50,3.7000,true,1,3649
7290001407813,false,חלבה שאמית פיסטוק בקטנה בארכה 350ג',"רושדי תעשיות מזון בע""\מ",IL,בארכה חלבה שאמית וניל עם פסטק.כלפ8*350ג,גרמים,350.00,100 גרם,false,1,16.90,4.8286,true,1,15414
7290001407844,false,חלבה קלאסית בטעם וניל בארכה 350 גרם,"רושדי תעשיות מזון בע""\מ",IL,בארכה חלבה קלאסית וניל 350 גרם,גרמים,350.00,100 גרם,false,1,16.90,4.8286,true,1,15417
7290001407936,false,טחינה גולמית מעודנת לחיץ בארכה 310ג',"רושדי תעשיות מזון בע""\מ",IL,בארכה טחינה מעודנת 12*310גרם,גרמים,310.00,100 גרם,false,1,14.50,4.6774,true,1,33393
7290001415863,false,חלת פילסברי מתוקה (חלת כדורים),פילסברי,,חלה מתוקה כדורים מאפה פלסברי,לא מנהל יחידת מידה,0.00,לא מנהל יחידת מידה,false,1,15.90,0.0000,true,1,16917
7290001419793,false,גביעי גלידה מגולגל עלמה גילרו 30 יח',"גילרו בע""מ",IL,גביעי גלידה מגולגלים 12 יח,גרמים,132.00,100 גרם,false,1,12.90,9.7727,true,1,41631
7290001461105,false,לחם מחמצת לבן (ברקוד,פילסברי,,לחם מחמצת לבן 600 גרם,גרמים,600.00,100 גרם,false,1,19.90,3.3167,true,1,26220
7290001461112,false,לחם רוסטיק עגול פילס,פילסברי,,לחם רוסטיק עגול פילסברי 600 גרם,גרמים,600.00,100 גרם,false,1,17.50,2.9167,true,1,26221
7290001461365,false,לחמניית רוסטיק פילסב,פילסברי,,לחמניית רוסטיק פילסברי,לא מנהל יחידת מידה,0.00,לא מנהל יחידת מידה,false,1,5.50,0.0000,true,1,23700
7290001461457,false,בגט רוסטיק קמח מלא ו,פילסברי,,באגט רוסטיק קמח מלא דגנים פילסברי,יחידה,1.00,יחידה,false,1,8.90,8.9000,true,1,23474
7290001461525,false,חצי בגט צרפתי ח.א פי,פילסברי,,חצי בגט צרפתי ח.א פילסברי,לא מנהל יחידת מידה,0.00,לא מנהל יחידת מידה,false,1,5.50,0.0000,true,1,37266
7290001461532,false,כריך רוסטיק קמח מלא,פילסברי,,כריך רוסטיק קמח מלא ודגנים פילסברי,לא מנהל יחידת מידה,0.00,לא מנהל יחידת מידה,false,1,5.50,0.0000,true,1,23951
7290001461877,false,מאפה כיס פרלין,פילסברי,,מאפה כיס פרלין פילסברי,קילוגרמים,1.00,"ק""ג",true,,59.40,59.4000,true,1,33850
7290001482094,false,גבינה פרמז'נו משולשים ויליפוד 200ג',זנטי אס. אי לאלין,IT,גבינת פרמזן משולשים 200 גרם,גרמים,200.00,100 גרם,false,1,29.90,14.9500,true,1,34904
7290001485019,false,גבינת קרם שמנת טבעי 5% טרה 200 גרם,קריות זול,IL,גבינת קרם שמנת טבעי 200 גרם 5%,גרמים,200.00,100 גרם,false,1,13.90,6.9500,true,1,3333
7290001491010,false,תה ירוק יסמין ויסוצקי 25 יחידות,תה ויסוצקי,IL,תה ירוק עם יסמין T.T,גרמים,37.00,100 גרם,false,1,26.90,72.7027,true,1,176
7290001509272,false,שוקיים פטם פרימיום ק,מילועוף,,"שוקיים פטם פרימיום קפוא ארוז לק""ג",קילוגרמים,1.00,"ק""ג",true,,37.00,37.0000,true,1,36935
7290001509296,false,שניצל פרוס פרימיום ק,מילועוף,,"שניצל פרוס פרימיום קפוא ארוז לק""ג",קילוגרמים,1.00,"ק""ג",true,,46.50,46.5000,true,1,36936
7290001509319,false,כנפיים פטם פרימיום ק,מילועוף,,"כנפיים פטם פרימיום קפוא ארוז לק""ג",קילוגרמים,1.00,"ק""ג",true,,21.90,21.9000,true,1,36937
7290001509326,false,פילה פטם ארוז קפוא פ,,,פילה פטם ארוז קפוא פרימיום,קילוגרמים,1.00,"ק""ג",true,,55.00,55.0000,true,1,41331
7290001509340,false,כרעיים מקוצב פרימיום,מילועוף,,"כרעיים מקוצב פרימיום קפוא ארוז לק""ג",קילוגרמים,1.00,"ק""ג",true,,36.00,36.0000,true,1,36938
7290001509975,false,רצועות סיני קפוא אר,מילועוף,IL,"רצועות סיני קפוא ארוז פרימיום לק""ג",קילוגרמים,1.00,"ק""ג",true,,42.00,42.0000,true,1,44326
7290001516522,false,ירך פטם מפורק ארוז קפוא פרימיום,מילועוף,,"שוארמה פטם פרימיום קפוא ארוז לק""ג",קילוגרמים,1.00,"ק""ג",true,,75.00,75.0000,true,1,36940
7290001548011,false,טחינה ירוקה 250 גרם,סלטי מונטה קרלו,IL,טחינה ירוקה מונטה קרלו 250 גרם,גרמים,250.00,100 גרם,false,1,14.90,5.9600,true,1,49991
7290001548042,false,ביצים גביע 250גר סלט,משתנה,IL,סלט ביצים מונטה קרלו 250 גרם,גרמים,250.00,100 גרם,false,,21.90,8.7600,true,1,49984
7290001548097,false,הרינג במיונז מונטה ק,מונטה קרלו,IL,הרינג במיונז מונטה קרלו 250גרם,גרמים,250.00,100 גרם,false,1,24.90,9.9600,true,1,50829
7290001548103,false,עלי גפן ממולאים 250,מונטה קרלו,IL,עלי גפן ממולאים 250 גרם,גרמים,250.00,100 גרם,false,1,19.90,7.9600,true,1,54003
7290001548110,false,סלט חצילים סלוניקי,יושלם,,חציל סלוניקי 250גרם,גרמים,250.00,100 גרם,false,1,16.90,6.7600,true,1,50484
7290001548134,false,כרוב לבן שום שמיר 250 גרם,סלטי מונטה קרלו,IL,כרוב לבן שום שמיר מונטה קרלו 250גרם,גרמים,250.00,100 גרם,false,1,14.90,5.9600,true,1,50503
7290001548141,false,גזר מרוקאי 250 גר,מונטה קרלו,IL,גזר מרוקאי 250 גרם,גרמים,250.00,100 גרם,false,1,14.90,5.9600,true,1,51357
7290001548202,false,מונטה קרלו סלט סלק רצועות 250 גר',סלטי מונטה קרלו,IL,סלק רצועות מונטה קרלו 250גרם,גרמים,250.00,100 גרם,false,1,14.90,5.9600,true,1,50518
7290001548226,false,פטריות ספרדי גביע 25,מונטה קרלו,IL,פטריות ספרדי מונטה קרלו 250 גרם,גרמים,250.00,100 גרם,false,1,20.90,8.3600,true,1,49988
7290001548233,false,חציל מחנה יהודה 250 גרם,סלטי מונטה קרלו,IL,חציל מחנה יהודה פיקנטי 250גרם,גרמים,250.00,100 גרם,false,1,16.90,6.7600,true,1,51369
7290001548271,false,כרוב לבן וגזר 250 גר,סלטי מונטה קרלו,IL,כרוב לבן עם גזר 250 גרם,גרמים,250.00,100 גרם,false,1,14.90,5.9600,true,1,51371
7290001548288,false,"סלט חומוס גרגרירים פיקנטיים ""מונטה קרלו""",מונטה קרלו,IL,מסבחה פיקנטי מונטה קרלו 250גרם,גרמים,250.00,100 גרם,false,1,14.90,5.9600,true,1,50499
7290001548295,false,מטבוחה מונטה קרלו 25,מונטה קרלו,IL,מטבוחה מונטה קרלו 250גרם,גרמים,250.00,100 גרם,false,1,14.90,5.9600,true,1,50510
7290001548325,false,טונה ירקות מונטה קרל,מונטה קרלו,IL,טונה ירקות מונטה קרלו 250גרם,גרמים,250.00,100 גרם,false,1,23.90,9.5600,true,1,50514
7290001548349,false,"סלט תפו""א במיונז ביתי 250 גרם",סלטי מונטה קרלו,IL,"תפו""א במיונז בייתי מונטה קרלו 250 גרם",גרמים,250.00,100 גרם,false,1,14.90,5.9600,true,1,49985
7290001548370,false,סלט טבולה מונטה קרלו 250 גרם,מונטה קרלו,IL,טבולה מונטה קרלו 250 גרם,גרמים,250.00,100 גרם,false,1,16.90,6.7600,true,1,49983
7290001548387,false,כרוב סיני מונטה קרל,מונטה קרלו,IL,כרוב סיני מונטה קרלו 250גרם,גרמים,250.00,100 גרם,false,1,14.90,5.9600,true,1,50505
7290001548400,false,"סלט חומוס זהב ""מונטה 'קרלו""",מונטה קרלו,IL,חומוס זהב מונטה קרלו 250גרם,גרמים,250.00,100 גרם,false,1,14.90,5.9600,true,1,50500
7290001548424,false,כרוב קולסלאו מונטה,סלטי מונטה קרלו,IL,כרוב קולסלאו מונטה קרלו 250 גרם,גרמים,250.00,100 גרם,false,1,14.90,5.9600,true,1,54002
7290001548462,false,פלפל רצועות מרוקאי,מונטה קרלו,IL,פלפל רצועות חריף 250גרם,גרמים,250.00,100 גרם,false,1,20.90,8.3600,true,1,50485
7290001548523,false,חציל בתחמיץ מונטה ק,סלטי מונטה קרלו,IL,חציל בתחמיץ מונטה קרלו 250 גרם,גרמים,250.00,100 גרם,false,1,16.90,6.7600,true,1,49992
7290001548530,false,חומוס גרגירים ופטרוזיליה מונטה קרלו,מונטה קרלו,IL,מסבחה פטרוזיליה מונטה קרלו 250גרם,גרמים,250.00,100 גרם,false,1,14.90,5.9600,true,1,50501
7290001548561,false,גזר חריף בלימון מונט,סלטי מונטה קרלו,IL,גזר חריף בלימון מונטה קרלו 250 גרם,גרמים,250.00,100 גרם,false,1,14.90,5.9600,true,1,50606
7290001548592,false,סלט טחינה עמבה 250 ג,מונטה קרלו,IL,טחינה עמבה 250 גרם,גרמים,250.00,100 גרם,false,1,14.90,5.9600,true,1,51377
7290001548622,false,חציל טבעי פקנטי מונט,מונטה קרלו,IL,חציל טבעי פקנטי מונטה קרלו 250גרם,גרמים,250.00,100 גרם,false,1,16.90,6.7600,true,1,50605
7290001548639,false,חציל מונטה קרלו מונ,מונטה קרלו,IL,חציל מונטה קרלו מונטה קרלו 250גרם,גרמים,250.00,100 גרם,false,1,16.90,6.7600,true,1,50497
7290001548691,false,כרוב אדום במיונז מונ,סלטי מונטה קרלו,IL,כרוב אדום במיונז מונטה קרלו 250גרם,גרמים,250.00,100 גרם,false,1,14.90,5.9600,true,1,50504
7290001548714,false,"סלט איקרה ורודה 250 גרם ""מונטה קרלו""",מונטה קרלו,IL,איקרה ורודה מונטה קרלו 250גרם,גרמים,250.00,100 גרם,false,1,21.90,8.7600,true,1,50831
7290001548738,false,חציל מרוקאי מונטה קר,סלטי מונטה קרלו,IL,חציל מרוקאי מונטה קרלו 250 גרם,גרמים,250.00,100 גרם,false,1,16.90,6.7600,true,1,49986
7290001548745,false,"סלט איקרה לבנה 250 גרם ""מונטה קרלו""",מונטה קרלו,IL,איקרה לבנה מונטה קרלו 250גרם,גרמים,250.00,100 גרם,false,1,21.90,8.7600,true,1,50830
7290001548752,false,טחינה לבנה מונטה קרל,סלטי מונטה קרלו,IL,טחינה לבנה מונטה קרלו 250גרם,גרמים,250.00,100 גרם,false,1,14.90,5.9600,true,1,50502
7290001548783,false,פלפל אש טוניסאי מונט,מונטה קרלו,IL,פלפל אש טוניסאי מונטה קרלו 250גרם,גרמים,250.00,100 גרם,false,1,20.90,8.3600,true,1,50512
7290001548875,false,"חמוצים יפנים ""מונטה קרלו""",מונטה קרלו,IL,חמוצים יפניים דלי מונטה קרלו 450גרם,גרמים,450.00,100 גרם,false,1,23.90,5.3111,true,1,50507
7290001548950,false,פלפל חריף מונטה גביע,,,פלפל חריף מונטה 250גרם,גרמים,250.00,100 גרם,false,1,20.90,8.3600,true,1,50488
7290001548967,false,חציל תאילנדי צילי 25,סלטי מונטה קרלו,IL,חציל תאילנדי צילי 250גרם,גרמים,250.00,100 גרם,false,1,16.90,6.7600,true,1,50486
7290001567807,false,"כתף בקר מעושן לח""מ 250 גרם ""יחיעם""",מעדני יחיעם,IL,כתף בקר מעושן יחיעם 250 גרם,גרמים,250.00,100 גרם,false,1,29.90,11.9600,true,1,45205
7290001567814,false,סלמי מעושן בסגנון איטלקי 300 ג' יחיעם,מעדני יחיעם,IL,יחיעם סלמי מעושן בסגנון איטלקי 300 גרם,גרמים,300.00,100 גרם,false,1,22.90,7.6333,true,1,42741
7290001588611,false,סלק אדום אורגני ארוז,שדות בר,IL,סלק אדום אורגני ארוז במשקל,קילוגרמים,1.00,"ק""ג",true,,12.90,12.9000,true,1,38052
7290001594025,false,"קוקה קולה זכוכית 350 מ""ל",החברה המרכזית לייצור,IL,"קוקה קולה קלאסי 350 מ""ל",מיליליטרים,330.00,"100 מ""ל",false,1,7.50,2.2727,true,1,5277
7290001594155,false,"קוקה-קולה בבקבוק אישי 500 מ""ל",החברה המרכזית לייצור משקאות,IL,"קוקה קולה 500 מ""ל",מיליליטרים,500.00,"100 מ""ל",false,1,7.90,1.5800,true,1,216
7290001594179,false,"פאנטה אורנג' בבקבוק אישי 500 מ""ל",החברה המרכזית לייצור משקאות,IL,"פאנטה אורנג' 500 מ""ל",מיליליטרים,500.00,"100 מ""ל",false,1,7.90,1.5800,true,1,218
7290001594186,false,"דיאט קוקה-קולה בבקבוק אישי 500 מ""ל",החברה המרכזית לייצור משקאות,IL,"דיאט קוקה קולה 500 מ""ל",מיליליטרים,500.00,"100 מ""ל",false,1,7.90,1.5800,true,1,219
7290001594230,false,קינלי סודה בבקבוק זכוכית,החברה המרכזית לייצור,IL,"קינלי סודה 250 מ""ל",מיליליטרים,250.00,"100 מ""ל",false,1,4.00,1.6000,true,1,221
7290001594377,false,פריגת תפוזים 0.5 ליטר חייב בפקדון,מבשלות בירה בינלאומיות ב,IL,פריגת משקה קל תפוזים 500 מל,מיליליטרים,500.00,"100 מ""ל",false,1,7.50,1.5000,true,1,20008
7290001594384,false,פריגת אשכוליות 0.5 ליטר חייב בפקדון,מבשלות בירה בינלאומיות ב,IL,"פריגת משק""ל אשכוליות 0.5 ליטר",מיליליטרים,500.00,"100 מ""ל",false,1,7.50,1.5000,true,1,20009
7290001594391,false,"פריגת משקה קל ענבים בבקבוק אישי 500 מ""ל",מבשלות בירה בינלאומיות ב,IL,משקה קל פירות ענבים תפוחים 500 מל,מיליליטרים,500.00,"100 מ""ל",false,1,7.50,1.5000,true,1,20010
7290001594520,false,"בירה טובורג רד בקבוק 330 מ""ל",מבשלות בירה בינלאומיות ב,IL,"טובורג בק 330 מ""ל פקדון",מיליליטרים,330.00,"100 מ""ל",false,1,10.50,3.1818,true,1,2040
7290001594568,false,"קרלסברג פחית 500 מ""ל פקדון",מבשלות בירה בינלאומיות ב,RO,קלסברג בירה 500 מל,מיליליטרים,500.00,"100 מ""ל",false,1,9.90,1.9800,true,1,224
7290001594575,false,"בירה טובורג רד פחית 500 מ""ל",מבשלות בירה בינלאומיות ב,IL,"טובורג רד פחית 500 מ""ל",מיליליטרים,500.00,"100 מ""ל",false,1,9.90,1.9800,true,1,225
7290001594858,false,"שישייה בירה טובורג רד בקבוק 330 מ""ל",מבשלות בירה בינלאומיות ב,IL,"בירה טובורג רד שישייה בקבוק 330 מ""ל",ליטרים,1.98,ליטר,false,1,46.90,23.6869,true,1,229
7290001594865,false,"שישייה בירה קרלסברג בקבוק 330 מ""ל",מבשלות בירה בינלאומיות ב,IL,"בירה קרלסברג מארז שישייה בקבוק 330 מ""ל",ליטרים,1.98,ליטר,false,1,46.90,23.6869,true,1,230
7290001598429,false,פרנה מרוקאית חמשת 4,מאפיית יוסף ברון בעמ,IL,מארז פרנות,גרמים,520.00,100 גרם,false,1,13.90,2.6731,true,1,41315
7290001598528,false,לחם כוסמין 100% 450ג' הברון,מאפיית יוסף ברון בעמ,IL,לחם כוסמין 100% מלא 450 גרם,גרמים,450.00,100 גרם,false,1,17.90,3.9778,true,1,37232
7290001598573,false,לחמניות כוסמין 5 יח 99 קלוריות,מאפיית יוסף ברון בעמ,IL,לחמניות כוסמין 99 קלוריות 315 גרם,גרמים,315.00,100 גרם,false,1,16.90,5.3651,true,1,37238
7290001598580,false,פיתות כוסמין 6יח 99 קלוריות,מאפיית יוסף ברון בעמ,IL,פיתות כוסמין 99 קלוריות 375 גרם,גרמים,375.00,100 גרם,false,1,17.90,4.7733,true,1,37239
7290001670057,false,כפיות לבן 100 יחידות,הנמל אריזות ושיווק ב,IL,הנמל כפיות לבן 100 יחידות,Unknown,0.00,Unknown,false,1,13.90,0.0000,true,1,2447
7290001670071,false,כפות חד פעמי לבן 100 יח',הנמל אריזות ושיווק ב,IL,הנמל כפות לבן 100 יחידות,Unknown,0.00,Unknown,false,1,16.90,0.0000,true,1,2107
7290001670873,false,"צלחות גדולות לבנות קשיח ח""פ הנמל 66יח'",הנמל אריזות ושיווק ב,IL,צלחות עבות במיוחד 66 יחידות,קילוגרמים,1.00,"ק""ג",false,1,54.90,54.9000,true,1,2108
7290001690147,false,מון בלאן טעם טוב גבינה מותכת6% 120 גרם,שלושת האופים,IL,טעם טוב גבינה מותכת למריחה 6%,לא מנהל יחידת מידה,0.00,לא מנהל יחידת מידה,false,1,12.90,0.0000,true,1,52486
7290001780428,false,גלידיאט שלגון מצופה נסטלה 312 גרם מארז 6 יחידות,גלידות נסטלה )נגה גלידות,IL,נסטלה שלגון לייט שוקולד מאח בדצ.6 6*52ג,גרמים,312.00,100 גרם,false,1,32.90,10.5449,true,1,2427
7290001780800,false,שלגון קראנץ שוקולד ליבת נוגט נסטלה 100 גרם,נסטלה גלידות,IL,שלגון קראנץ ליבת נוגט,Unknown,0.00,Unknown,false,1,10.50,0.0000,true,1,6538
7290001873441,false,המבורגר בלאק אנגוס 320 גרם,טיבון ויל אחזקות בעמ,IL,המבורגר BLACK ANGUS 320 גרם,גרמים,320.00,100 גרם,false,1,29.90,9.3437,true,1,45435
7290001873458,false,סטייקבורגר בלאק אנגוס 320 גרם,טיבון ויל אחזקות בעמ,IL,סטייק בורגר black angus 320 גרם,גרמים,320.00,100 גרם,false,1,29.90,9.3437,true,1,45436
7290001873472,false,"קבב בלאק אנגוס 320 גרם,",טיבון ויל אחזקות בעמ,IL,קבב BLACK ANGOS 320 גרם,גרמים,320.00,100 גרם,false,1,29.90,9.3437,true,1,45529
7290001873489,false,קרפצ'יו בלאק אנגוס 120 ג,טיבון ויל אחזקות בעמ,IL,קרפציו BLACK ANGOS 320 גרם,גרמים,320.00,100 גרם,false,1,26.90,8.4062,true,1,45528
7290001896556,false,כבד עוף קפוא ארוז פרימיום,,,כבד פרימיום קפוא ארוז לקג,קילוגרמים,1.00,"ק""ג",true,,24.90,24.9000,true,1,45320
7290001896631,false,ירך פרימיום קפוא ארו,מילועוף,IL,ירך פרימיום קפוא ארוז,קילוגרמים,1.00,"ק""ג",true,,35.90,35.9000,true,1,45843
7290001990148,false,"סוכר גולדן קלאסי בצנצנת סוגת 1 ק""ג",האי נאם סי או אל.טי.,IL,סוכר גולדן קלאסי צנצנת 1 קג,קילוגרמים,1.00,"ק""ג",false,1,13.50,13.5000,true,1,5639
7290002000136,false,מגע הדבש -שעווה להסרת שיער למיקרוגל 500 גרם,"ש. שוורץ )באר שבע( בע""\מ",IL,551שעווה למיקרו מגע משי הדבש 500 גרם,גרמים,500.00,100 גרם,false,1,25.90,5.1800,true,1,16196
7290002002857,false,"מגע הדבש, ניירות להסרת שיער בשעווה, 50 יחידות","איטיליאן פוד, אס.פי.",IL,נייר מגע המשי להסרת שיער 50 יח,יחידה,1.00,יחידה,false,1,25.90,25.9000,true,1,16200
7290002007821,false,צבעי מאכל אדום הנמל,ממתקי עלה ייצור שיוו,IL,"צבע מאכל אדום 55 מ""ל",מיליליטרים,55.00,"100 מ""ל",false,1,3.90,7.0909,true,1,31022
7290002007852,false,"תמצית אפייה בטעמים שונים 55 מ""ל הנמל",ממתקי עלה יצור ושיוו,IL,הנמל תמצית בטעם וניל 55 מל,מיליליטרים,55.00,"100 מ""ל",false,1,4.40,8.0000,true,1,3875
7290002007890,false,כוס חד פעמי הנמל 100 יח',אריזות מדף - פלזית,IL,כוס שתיה קרה 100 יח,יחידה,100.00,יחידה,false,1,12.90,0.1290,true,1,4669
7290002007982,false,מזלגות חד פעמי 100 יח',הנמל אריזות ושיווק ב,IL,"הנמל מזלגות, 100 יחידות",Unknown,0.00,Unknown,false,1,16.90,0.0000,true,1,4227
7290002008019,false,סוכריות לקישוט בטעם שוקולד הנמל 200 גרם,ממתקי עלה יצור ושיוו,IL,הנמל סוכריות לקישוט שוקולד 200 גרם,גרמים,200.00,100 גרם,false,1,9.80,4.9000,true,1,5742
7290002008040,false,שיפודי במבוק הנמל 100 יחידות,"הנמל אריזות ושיווק בע""\מ",IL,הנמל שיפודי במבוק 100 יחידות,Unknown,0.00,Unknown,false,1,4.90,0.0000,true,1,3876
7290002008057,false,"תמצית אפייה בטעם רום 55 מ""ל הנמל",ממתקי עלה יצור שיווק,IL,הנמל תמצית אפייה בטעם רום 55 מל,מיליליטרים,55.00,"100 מ""ל",false,1,4.40,8.0000,true,1,15585
7290002008071,false,גביעי נייר מספר 2 הנמל 1 יחידה,"הנמל אריזות ושיווק בע""\מ",IL,הנמל עטרות נייר אפייה מספר 2 130 יחידות,לא מנהל יחידת מידה,0.00,לא מנהל יחידת מידה,false,1,5.60,0.0000,true,1,5345
7290002008224,false,סוכריות לקישוט צבעונית הנמל 100 ג',ממתקי עלה בעמ,IL,סוכריות לקישוט צבעוני 100 גרם,גרמים,100.00,100 גרם,false,1,6.80,6.8000,true,1,3882
7290002008309,false,עטרות נייר חום לעוגה מס' 4 הנמל 130יח',"הנמל אריזות ושיווק בע""\מ",IL,"הנמל עטרות נייר אפייה מספר 4 , 130 יח'",לא מנהל יחידת מידה,0.00,לא מנהל יחידת מידה,false,1,5.80,0.0000,true,1,31088
7290002008361,false,נייר אירזה לסנדוויצים 200 דפים,הנמל אריזות ושיווק (,IL,הנמל דפים לסנדוויץ 200 יחידות,יחידה,200.00,יחידה,false,1,14.90,0.0745,true,1,31033
7290002008507,false,נייר אפיה הנמל 50 יחידות,הנמל אריזות ושיווק ב,IL,הנמל נייר אפייה 50 יח,לא מנהל יחידת מידה,0.00,לא מנהל יחידת מידה,false,1,13.50,0.0000,true,1,15078
7290002022152,false,מרשמלו ורוד לבן וסטהיים 100ג36X שקיות בקרטון,מנדלז סי.אר. פרודקשן,IL,מרשמלו ורוד לבן וסטהיים 100ג36X שקיות בקרטון,גרמים,100.00,100 גרם,false,1,4.90,4.9000,true,1,41335
7290002026402,false,בלינצס גבינה בראנץ אנד קראנץ 350 ג',מוצרי איכות אמריקאיים בע,IL,בלינצס גבינה חם-בראנצ,גרמים,350.00,100 גרם,false,1,14.90,4.2571,true,1,26678
7290002035138,false,מקרל מעושן בוואקום במשקל,אלדג,IL,"מקרל מעושן בוואקום- אל דג לק""ג",קילוגרמים,1.00,"ק""ג",true,,105.00,105.0000,true,1,53636
7290002035169,false,פילה מקרל-מקרוסק בואקום שקיל,אלדג,IL,"פילה מקרושקה בוואקום אל דג לק""ג",קילוגרמים,1.00,"ק""ג",true,,160.00,160.0000,true,1,53647
7290002035312,false,טונה מעושנת פרוסה בואקום שקיל,אלדג,IL,"טונה מעושנת אל דג לק""ג",קילוגרמים,1.00,"ק""ג",true,,230.00,230.0000,true,1,52354
7290002043065,false,אקסטרה פריכיות אורז חום מלא בציפוי שוקולד מריר 70 גרם,נוהלס ג'\י אס סי.,BG,פריכוני אורז חום מלא בציפוי שוקו מריר70ג,גרמים,70.00,100 גרם,false,1,9.50,13.5714,true,1,49826
7290002043072,false,אקסטרה פריכיות אורז חום מלא בציפוי שוקולד חלב 70 גרם,נוהלס ג'\י אס סי.,BG,פריכוני אורז חום מלא בציפוי שוקו חלב70ג,גרמים,70.00,100 גרם,false,1,9.50,13.5714,true,1,49827
7290002043188,false,אקסטרה צ'יפס אורז חום מלא צ'ילי חריף 60 גרם,נוהלס ג'\י אס סי.,BG,ציפס אורז חום מלא צילי חריף60גרם,גרמים,60.00,100 גרם,false,1,6.90,11.5000,true,1,49825
7290002043218,false,אקסטרה צ'יפס אורז חום מלא מלח 60 גרם,נוהלס ג'\י אס סי.,BG,ציפס אורז חום מלא מלח 60גרם,גרמים,60.00,100 גרם,false,1,6.90,11.5000,true,1,50889
7290002043782,false,אקסטרה צ'יפס אורז חום מלא טקסס ברביקיו 60 גרם,נוהלס ג'\י אס סי.,BG,ציפס אורז חום מלא טקסס ברביקיו 60גרם,גרמים,60.00,100 גרם,false,1,6.90,11.5000,true,1,49824
7290002057123,false,זיתים ירוקים מנזנילו קבוצת יבנה 560 גרם,קבוצת יבנה,IL,זיתים ירוקים מנזנילו ללא גלעין 540 יבנה,גרמים,540.00,100 גרם,false,1,9.90,1.8333,true,1,33526
7290002057185,false,טבעות זיתים ירוקים קבוצת יבנה 560 גרם,קבוצת יבנה,IL,טבעות זיתים ירוקים 540 גרם יבנה,גרמים,540.00,100 גרם,false,1,10.90,2.0185,true,1,18996
7290002057352,false,מלפפונים במלח ‏9‏-‏7‏ קבוצת יבנה 320 גרם,קבוצת יבנה מוצרי מזון,IL,קבוצת יבנה מלפפונים גדולים במלח 560 גרם,גרמים,540.00,100 גרם,false,1,7.30,1.3519,true,1,18997
7290002057369,false,מלפפונים במלח ‏12‏-‏10‏ קבוצת יבנה 320 גרם,קבוצת יבנה,IL,מלפפונים במלח יבנה10-12 540 גרם,גרמים,540.00,100 גרם,false,1,8.50,1.5741,true,1,16003
7290002057376,false,מלפפונים במלח ‏17‏-‏13‏ קבוצת יבנה 320 גרם,קבוצת יבנה,IL,13-17 מלפפונים במלח קטן,גרמים,540.00,100 גרם,false,1,10.90,2.0185,true,1,16004
7290002057383,false,מלפפונים במלח ‏25‏-‏18‏ קבוצת יבנה 320 גרם,קבוצת יבנה,IL,מלפפונים במלח קטן 18-25 540 גרם,גרמים,540.00,100 גרם,false,1,12.90,2.3889,true,1,18998
7290002057451,false,מלפפונים בחומץ ‏9‏-‏7 קבוצת יבנה 290 גרם,קבוצת יבנה מוצרי מזון,IL,קבוצת יבנה מלפפונים גדולים בחומץ 7-9 גדול 560 גרם,גרמים,540.00,100 גרם,false,1,7.30,1.3519,true,1,18999
7290002057468,false,מלפפון יבנה בחומץ בינוניים 10-12 290 גרם,קבוצת יבנה,IL,מלפפונים בחומץ יבנה10-12 540 גרם,גרמים,540.00,100 גרם,false,1,8.50,1.5741,true,1,16012
7290002057604,false,פלפל חריף שיפקה קבוצת יבנה 225 גרם.,קבוצת יבנה,IL,קבוצת יבנה פלפל חריף שיפקה 560 גרם,גרמים,540.00,100 גרם,false,1,6.90,1.2778,true,1,5352
7290002065555,false,שישיית לחמנייה הכי רכה בהפסקה אנג'ל 450 גרם,מאפיית שלמה א. אנג'\ל בע,IL,אנג'ל הלחמניה -450 גרם,גרמים,450.00,100 גרם,false,1,11.90,2.6444,true,1,3906
7290002065616,false,לחם שיפון גרעינים פרוס אחדות 750 גרם,מאפיית שלמה א. אנג'\ל בע,IL,לחם שיפון גרעינים 750 גרם,גרמים,750.00,100 גרם,false,1,14.90,1.9867,true,1,19908
7290002075028,false,אובלטים אישי 150 גרם,שוקו טרייד,IL,אובלטים אישי 150 גרם,גרמים,150.00,100 גרם,false,1,7.90,5.2667,true,1,26368
7290002107385,false,גליל גבינת עיזים מה עז משק צוריאל 180 גרם,מחלבת משק צוריאל,IL,משק צוריאל מה-עז מחלב עיזים 20% שומן 180 גרם,גרמים,180.00,100 גרם,false,1,25.90,14.3889,true,1,51430
7290002107491,false,גבינה לבנה מחלב עיזים למריחה 5% משק צוריאל 250 גרם,מחלבת משק צוריאל,IL,משק צוריאל גבינת עיזים 5% למריחה 250 גרם,גרמים,250.00,100 גרם,false,1,17.50,7.0000,true,1,328
7290002128083,false,נרות חנוכה רגיל 44 יח',מנורה,IL,נרות חנוכה בקופסא 44 יחידות,יחידה,1.00,יחידה,false,1,6.90,6.9000,true,1,38624
7290002128205,false,נרות חנוכה מיוחדים 4,,,נרות חנוכה לוקס,יחידה,1.00,יחידה,false,1,12.90,12.9000,true,1,38737
7290002128403,false,נרות שולחן אורה 4 יחידות,קריות זול,IL,נרות שבת אורה מספר 4,יחידה,1.00,יחידה,false,1,4.90,4.9000,true,1,33615
7290002128854,false,כוסות שתייה חמה 50 י,טיי פרידה,IL,"כוסות לשתיה חמה (12 יח) 340 מ""ל",יחידה,1.00,יחידה,false,1,23.90,23.9000,true,1,49308
7290002129479,false,פיצה מרגריטה איטלקית דקה שלושת האופים 320 גרם,האי נאם סי או אל.טי.,IT,פיצה איטלקית דקה שלושת האופים 320 גרם,גרמים,320.00,100 גרם,false,1,17.90,5.5937,true,1,51763
7290002129486,false,פיצה איטלקית דקה זיתים 340 ג' שלושת האופים,האי נאם סי או אל.טי.,IT,פיצה איטלקית דקה זיתים שלושת האופים 340ג,גרמים,340.00,100 גרם,false,1,17.90,5.2647,true,1,51764
7290002130567,false,דבש דבורים טהור פרחי בר יד מרדכי 350 גרם,מכוורת יד מרדכי שטראוס ב,IL,דבש דבורים טהור יד מרדכי 350 גרם,גרמים,350.00,100 גרם,false,1,22.90,6.5429,true,1,341
7290002132011,false,עוגיות מזרחיות מלוחות עבאדי 400 גרם,מאפיית יוסף ושמחה עבאדי,IL,"עבאדי עוגיות מזרחיות שומשום, 400 גרם",גרמים,400.00,100 גרם,false,1,21.90,5.4750,true,1,342
7290002157830,false,קוביות גולש עגל קפוא טיבון ויל 800 גרם,טיבון ויל - נטו,IL,קוביות גולש 100% בשר 800 גרם,גרמים,800.00,100 גרם,false,1,42.90,5.3625,true,1,37522
7290002232964,false,ציפוי לשניצל פז טחון דק 500 גרם דגש,"תירפז בע""מ",IL,ציפוי פז ללא גלוטן 600גרם,גרמים,600.00,100 גרם,false,1,31.90,5.3167,true,1,27882
7290002232995,false,ציפוי לשניצל פז 500 גרם דגש,פ.פ.ח. שאביט,IL,בריאות וטבע ציפוי פז מתובל 500 גרם,גרמים,500.00,100 גרם,false,1,31.90,6.3800,true,1,27890
7290002253006,false,שום כתוש דורות בצנצנת 200 גרם,עיצובים 2020 (3.8),IL,דורות שום כתוש טרי2 12*200גרם,גרמים,200.00,100 גרם,false,1,24.90,12.4500,true,1,348
7290002253105,false,קוביות שום כתוש טרי דורות 80 גרם,עיצובים 2020 (3.8),IL,שום כתוש מגשית 80 גרם,גרמים,80.00,100 גרם,false,1,17.50,21.8750,true,1,349
7290002253150,false,קוביות בזיליקום קצוץ דורות 70 גרם,עיצובים 2020 (3.8),IL,בזיליקום קצוץ במגשית דורות 70 גרם,גרמים,70.00,100 גרם,false,1,12.90,18.4286,true,1,350
7290002253167,false,פטרוזיליה קצוצה דורות 70 גרם,עיצובים 2020 (3.8),IL,דורות פטרוזיליה קצוצה 32*70גרם,גרמים,70.00,100 גרם,false,1,12.90,18.4286,true,1,351
7290002253181,false,קוביות כוסברה קצוצה דורות 70 גרם,עיצובים 2020 (3.8),IL,דורות כוסברה קצוצה 32*70גרם,גרמים,70.00,100 גרם,false,1,12.90,18.4286,true,1,8243
7290002253198,false,ג'ינג'ר טרי כתוש במגשית 70 ג' דורות,עיצובים 2020 (3.8),IL,דורות ג'ינג'ר טרי כתוש2 16*70גרם,גרמים,70.00,100 גרם,false,1,12.90,18.4286,true,1,24456
7290002259640,false,דיימונד רדיד אלומיניום צר 30 ס''מ 7.5 מ'-,ריינולדס מוצרי צריכה,US,"דיימונד 084- 7.50 מ""ר *0.3",מטרים,760.00,מטר,false,1,10.90,0.0143,true,1,15184
7290002260059,false,במבה יום הולדת 60 גרם אסם,"אסם השקעות בע""מ",IL,במבה יום הולדת 48*60גרם,גרמים,60.00,100 גרם,false,1,4.90,8.1667,true,1,28226
7290002281382,false,נתח סלמון פילה קפוא קג,דלידג,IL,נתח פילה סלמון קפוא 100% דג,קילוגרמים,1.00,"ק""ג",true,,79.00,79.0000,true,1,40376
7290002281498,false,גבינה צהובה מגורדת על בסיס חלב 500 ג' ריץ,האי נאם סי או אל.טי.,PL,"ריץ', צהובה מגורדת, לפיצה, אפייה ובישול ועוד",גרמים,500.00,100 גרם,false,1,25.90,5.1800,true,1,41106
7290002331018,false,"נביעות מים עם פקק ספורט 500מ""ל",נביעות טבע הגליל בעמ,IL,נביעות 500 פ.שטוח פיקדון,מיליליטרים,500.00,"100 מ""ל",false,1,3.90,0.7800,true,1,2235
7290002331025,false,"מים מינרלים נביעות ספורט 500 מ""ל פקדון",נביעות טבע הגליל בעמ,IL,נביעות 500 TO GO פקדון,מיליליטרים,500.00,"100 מ""ל",false,1,5.00,1.0000,true,1,382
7290002331094,false,"מים מינרליים GO TO נביעות 755 מ""ל",נביעות טבע הגליל בעמ,IL,"נביעות 755 מ""ל",מיליליטרים,755.00,"100 מ""ל",false,1,6.10,0.8079,true,1,8435
7290002331124,false,נביעות+ מים מינרליים בטעם תפוח,נביעות טבע הגליל בעמ,IL,נביעות+ בטעם תפוח 500 מל,מיליליטרים,500.00,"100 מ""ל",false,1,8.50,1.7000,true,1,3382
7290002331155,false,מים נביעות בטעם אפרסק 0.5 ליטר,נביעות טבע הגליל בעמ,IL,"נביעות + בטעם אפרסק 500 מ""ל",מיליליטרים,500.00,"100 מ""ל",false,1,8.50,1.7000,true,1,3383
7290002331476,false,"נביעות בייבי מים מינרלים 250מ""ל",נביעות,,"מים נביעות בייבי בקבוק 320 מ""ל",מיליליטרים,320.00,"100 מ""ל",false,1,2.90,0.9062,true,1,28094
7290002331483,false,"שישיית נביעות אישי בייבי 320 מ""ל",נביעות טבע הגליל בעמ,IL,נביעות בייבי מים מינרליים טבעיים 1.92 ליטר,ליטרים,1.92,ליטר,false,1,15.90,8.2813,true,1,27798
7290002331490,false,מים מינרליים נביעות 1 ליטר,נביעות טבע הגליל בעמ,IL,נביעות 1 ליטר,ליטרים,1.00,ליטר,false,1,5.00,5.0000,true,1,27808
7290002331711,false,נביעות+מים מינרליים בטעם ענבים,נביעות טבע הגליל בעמ,IL,"נביעות + בטעם ענבים 500 מ""ל",מיליליטרים,500.00,"100 מ""ל",false,1,8.50,1.7000,true,1,16018
7290002345015,false,סינטה דק דק אל גאוצ'ו 250ג' מינוט,"טיבון ויל אחזקות בע""\מ",IL,סינטה דק דק אלגאוצו,גרמים,250.00,100 גרם,false,1,29.90,11.9600,true,1,37472
7290002345022,false,אנטריקוט דק דק מינוט סטייק אל גאוצ'ו 250 גרם,"טיבון ויל אחזקות בע""\מ",IL,אל גאוצ'ו מינוט סטייק אנטריקוטדקדק 250 גרם,גרמים,250.00,100 גרם,false,1,29.90,11.9600,true,1,37473
7290002345121,false,אסאדו דקדק אל גאוצ'ו 250 גרם,"טיבון ויל אחזקות בע""\מ",IL,אסאדו דקדק אל גאוצו 250גרם,גרמים,250.00,100 גרם,false,1,28.90,11.5600,true,1,50118
7290002345282,false,נתחי פילה סלמון דלידג קג,דלידג,IL,נתחי פילה סלמון נורווגי קפוא 100% דג,קילוגרמים,1.00,"ק""ג",true,,79.00,79.0000,true,1,37674
7290002353249,false,חרדל דיז'ון מיילי 345 גרם,מיוצר עי קונדיטוריית,FR,ממרח דיזונז 345 גרם,גרמים,345.00,100 גרם,false,1,24.90,7.2174,true,1,52014
7290002353836,false,סרדינים רוברט בשמן זית 115 גרם,קונסרבס פורטוגל נורטה,PT,סרדינים בשמן זית רוברט 115 גרם,גרמים,115.00,100 גרם,false,1,10.90,9.4783,true,1,391
7290002360124,false,חליטת צמחים ורד הבר והיביסקוס פומפדור 20 יחידות,TEEKANNE- POMPADOU,DE,פומפדור חליטת צמחים ורד הבר והיביסקוס 20 יחידות,גרמים,70.00,100 גרם,false,1,15.90,22.7143,true,1,54503
7290002360155,false,חליטת תה פרחי שומר פומפדור 20 שקיקים,TEEKANNE- POMPADOU,DE,פומפדור חליטת צמחים שומר 20 יחידות,גרמים,40.00,100 גרם,false,1,15.90,39.7500,true,1,8002
7290002360285,false,חליטת צמחים פומפדור קמומיל 20 יחידות,TEEKANNE- POMPADOU,DE,פומפדור חליטת צמחים קמומיל 20 יחידות,גרמים,30.00,100 גרם,false,1,15.90,53.0000,true,1,399
7290002371533,false,דקניקים סלסולי פסטרמה דבש טירת צבי 120 גרם,הנסיך- מפעל לייצור ט,IL,סלסולי פסטרמה דבש 120 גרם,גרמים,120.00,100 גרם,false,1,16.90,14.0833,true,1,27365
7290002371540,false,דקניקים קורנדביף ללא גלוטן טירת צבי 120 גרם,הנסיך- מפעל לייצור ט,IL,טירת צבי דקניקים קורנדביף 120 גרם,גרמים,120.00,100 גרם,false,1,16.90,14.0833,true,1,27366
7290002371939,false,סרוולד בסגנון צרפתי דליקטיב 120 גרם,הנסיך- מפעל לייצור ט,IL,סרוולד צרפתי 120 גרם,גרמים,120.00,100 גרם,false,1,28.90,24.0833,true,1,17017
7290002385738,false,גבינת מנצ'גו משולשים גד,מחלבות גד,IL,"גבינה משולשי מנצגו לק""ג גד",קילוגרמים,1.00,"ק""ג",true,,155.90,155.9000,true,1,31135
7290002385745,false,גבינת פיקורינו משולשים גד,מחלבות גד,IL,"גבינה משולשי פיקורינו לק""ג גד",קילוגרמים,1.00,"ק""ג",true,,155.90,155.9000,true,1,31136
7290002409021,false,מלווח ציפורי השרון 1,ציפור השרון,IL,"מלווח ציפורי השרון 1 ק""ג",קילוגרמים,1.00,"ק""ג",false,1,16.90,16.9000,true,1,25365
7290002409281,false,סבבה ציפור השרון 750,פילסברי,IL,מאפה תימני במילוי גבינות 750גרם,גרמים,750.00,100 גרם,false,1,20.90,2.7867,true,1,39097
7290002488422,false,תמר מגהול פרימיום 600 גרם,מרינה,IL,תמר מגהול 600 גרם,גרמים,600.00,100 גרם,false,1,15.90,2.6500,true,1,54202
7290002507604,false,פיצה שגב השף מאיטליה 350 גרם,האי נאם סי או אל.טי.,IT,פיצת השף מאיטליה CHEF שגב,יחידה,1.00,יחידה,false,1,17.90,17.9000,true,1,44101
7290002517108,false,תבלין אורגנו 10 ג' טעם וריח,"תבליני טעם וריח בע""מ",IL,תבליני טעם וריח מיכל קטן אורגנו 10 גרם,גרמים,10.00,100 גרם,false,1,6.90,69.0000,true,1,4908
7290002517269,false,"פלפל שחור שלם 350 גרם ""טעם וריח""",תות ממתקי איכות,IL,תבליני טעם וריח פלפל שחור שלם 35 גרם,גרמים,35.00,100 גרם,false,1,9.90,28.2857,true,1,6670
7290002517276,false,פלפל אנגלי שלם 25 גר' טעם וריח,תות ממתקי איכות,IL,תבליני טעם וריח מיכל קטן פלפל אנגלי שלם 25 גרם,גרמים,25.00,100 גרם,false,1,8.90,35.6000,true,1,4694
7290002517283,false,תבלין פלפל שחור גרוס 40 גר' מיכל,תות ממתקי איכות,IL,תבליני טעם וריח מיכל פלפל שחור גרוס 40 גרם,גרמים,40.00,100 גרם,false,1,9.90,24.7500,true,1,4909
7290002517290,false,תבלין קינמון טחון 40 גר' מיכל,"תבליני טעם וריח בע""מ",IL,"תבליני טעם וריח, 100% קינמון טחון, 40 גרם",גרמים,40.00,100 גרם,false,1,6.90,17.2500,true,1,4695
7290002517337,false,אורגנו עלים 20 גר' טעם וריח,"תבליני טעם וריח בע""מ",IL,תבליני טעם וריח 100% אורגנו 20 גרם,גרמים,20.00,100 גרם,false,1,5.90,29.5000,true,1,4688
7290002517375,false,בזילקום עלים 30 גר' טעם וריח,"תבליני טעם וריח בע""מ",IL,"תבליני טעם וריח, 100% בזיליקום (ריחן), 30 גרם",גרמים,30.00,100 גרם,false,1,5.90,19.6667,true,1,43205
7290002517603,false,תבלין בזיליקום מיכל 10ג',"תבליני טעם וריח בע""מ",IL,"תבליני טעם וריח בזיליקום (ריחן), 10 גרם",גרמים,10.00,100 גרם,false,1,6.90,69.0000,true,1,6661
7290002517634,false,כוזברה 30 גר מיכל קט,תות ממתקי איכות,IL,תבליני טעם וריח כוסברה 30 גרם,גרמים,30.00,100 גרם,false,1,6.90,23.0000,true,1,41522
7290002517658,false,תבלין כורכום 40 גרם מיכל קטן,"תבליני טעם וריח בע""\מ",IL,תבליני טעם וריח כורכום 100% 40 גרם,גרמים,40.00,100 גרם,false,1,6.90,17.2500,true,1,6663
7290002517689,false,תבלין קרי 40 גרם מיכל קטן,תות ממתקי איכות,IL,תבליני טעם וריח אבקת קרי 40 גרם,גרמים,40.00,100 גרם,false,1,6.90,17.2500,true,1,6664
7290002517726,false,קינמון מקלות 15 גר' טעם וריח,"תבליני טעם וריח בע""מ",IL,תבליני טעם וריח מקלות קינמון 100%,גרמים,15.00,100 גרם,false,1,6.90,46.0000,true,1,6665
7290002517733,false,תבלין קצח טעם וריח 4,תות ממתקי איכות,IL,"תבליני טעם וריח, 100% קצח, 40 גרם",גרמים,40.00,100 גרם,false,1,6.90,17.2500,true,1,41523
7290002517801,false,תבלין צ'ילי כתוש - חריף (פלפל קיינה) 30 ג',"תבליני טעם וריח בע""מ",IL,"תבליני טעם וריח, 100% צ'ילי כתוש חריף, 30 גרם",גרמים,30.00,100 גרם,false,1,6.90,23.0000,true,1,21901
7290002517825,false,"פלפל לבן טחון 40 גרם ""טעם וריח""","תבליני טעם וריח בע""מ",IL,"תבליני טעם וריח, 100% פלפל לבן טחון, 40 גרם",גרמים,40.00,100 גרם,false,1,9.90,24.7500,true,1,7096
7290002517849,false,תבלין שום גבישי 50 גר,תות ממתקי איכות,IL,תבליני טעם וריח מיכל קטן שום גבישי 50 גרם,גרמים,50.00,100 גרם,false,1,6.90,13.8000,true,1,6835
7290002517863,false,תבלין ציפורן טחון 80ג',"תבליני טעם וריח בע""מ",IL,"תבליני טעם וריח, ציפורן טחון 100%, 40 גרם",גרמים,40.00,100 גרם,false,1,9.90,24.7500,true,1,23055
7290002542506,false,"בקבוק בירה קורונה 355 מ""ל",קריניציה ויטמינה אס,MX,בירה קורונה אקסטרה 355 מל,מיליליטרים,355.00,"100 מ""ל",false,1,12.90,3.6338,true,1,21988
7290002542773,false,"בירה סטלה ארטואה בקבוק 330 מ""ל","אינבב, ברוורייפליין",BE,סטלה ארטואה בק 330 מל,מיליליטרים,330.00,"100 מ""ל",false,1,11.90,3.6061,true,1,49894
7290002542780,false,"שישייה בירה סטלה ארטואה בקבוק 330X6 מ""ל","אינבב, ברוורייפליין",BE,סטלה ארטואה שישיה 6 בק*330 מל,ליטרים,1.32,ליטר,false,1,39.90,30.2273,true,1,49895
7290002542797,false,"בירה לף בלונד בקבוק 330 מ""ל","אינבב, ברוורייפליין",BE,בירה לף בלונד בקבוק 330 מל,מיליליטרים,330.00,"100 מ""ל",false,1,11.90,3.6061,true,1,49884
7290002542810,false,"בירה הוגרדן בקבוק 330 מ""ל","אינבב, ברוורייפליין",BE,בירה הוגרדן בקבוק 330 מל,מיליליטרים,330.00,"100 מ""ל",false,1,11.90,3.6061,true,1,49885
7290002543046,false,קלוגס פרוסטיס דגנים וסוכר 750ג',קלוג מנייופרטורינג א,ES,דגני קלוגס פרוסטיס 750 גרם,גרמים,750.00,100 גרם,false,1,24.90,3.3200,true,1,5390
7290002543237,false,דגני בוקר קלוגס קורנפלקס 750 גרם,קלוגס קומפני אוף גרייט ב,GB,קלוגס קורנפלקס 750 גרם,גרמים,750.00,100 גרם,false,1,18.90,2.5200,true,1,430
7290002551003,false,סטארקיסט טונה בשמן בודד 160ג',סטאר קיסט,IL,טונה בשמן סטארקיסט 160 גרם,גרמים,160.00,100 גרם,false,1,8.90,5.5625,true,1,432
7290002551010,false,טונה סטארקיסט במים 160 גרם,"סטארקיסט פודור בע""מ",TR,ס.ק טונה במים 160גרם-בי,גרמים,160.00,100 גרם,false,1,8.90,5.5625,true,1,433
7290002577508,false,פילה דג הרינג מלוח בשמן ובצל דלידג 240 ג',מיוצר על ידי קוד יצר,IL,פילה דג הרינג מלוח בשמן ובצל דלידג 240גר,גרמים,240.00,100 גרם,false,1,27.90,11.6250,true,1,35052
7290002608011,false,פרצל סנדוויץ פילסברי,פילסברי,,פרצל סנדוויץ פילסברי,לא מנהל יחידת מידה,0.00,לא מנהל יחידת מידה,false,1,5.90,0.0000,true,1,36799
7290002608028,false,פרצל באן פילסברי,פילסברי,,פרצל באן פילסברי,Unknown,0.00,Unknown,false,1,4.90,0.0000,true,1,36800
7290002608035,false,פרצל עם שומשום פילסב,פילסברי,,פרצל עם שומשום פילסברי,יחידה,0.00,יחידה,false,1,6.90,0.0000,true,1,36801
7290002608080,false,סנדוויץ רוסטיק לבן פ,פילסברי,,סנדוויץ רוסטיק לבן פילסברי,יחידה,1.00,יחידה,false,1,4.90,4.9000,true,1,33777
7290002608097,false,סנדוויץ רוסטיק קמח מ,פילסברי,,סנדוויץ רוסטיק קמח מלא וג.פשתן פילסברי,יחידה,1.00,יחידה,false,1,4.90,4.9000,true,1,33778
7290002608127,false,בייגל רומני פילסברי,פילסברי,,בייגל רומני פילסברי,יחידה,1.00,יחידה,false,1,6.90,6.9000,true,1,33567
7290002608363,false,לחמניית המבורגר פרמי,פילסברי,,לחמניית המבורגר חצויה פרמיום,יחידה,40.00,יחידה,false,1,3.90,0.0975,true,1,42421
7290002608516,false,לחם מחמצת מקמח מלא 5,פילסברי,,לחם מחמצת טוסקני דגנים,גרמים,600.00,100 גרם,false,1,19.90,3.3167,true,1,39449
7290002608523,false,לחם מחמצת כוסמין (בר,פילסברי,,לחם מחמצת כוסמין,גרמים,600.00,100 גרם,false,1,19.90,3.3167,true,1,39450
7290002608547,false,לחם מחמצת שיפון חמוצ,פילסברי,IL,לחם מחמצת שיפון חמוציות,יחידה,12.00,יחידה,false,1,19.90,1.6583,true,1,41290
7290002608769,false,לחם מחמצת טוסקני דגנ,פילסברי,,לחם מחמצת טוסקני דגנים,גרמים,600.00,100 גרם,false,1,19.90,3.3167,true,1,39448
7290002627210,false,גפילטע פיש קציצות מדגי קרפיון וכסיף בצנצנת 560 גרם,האי נאם סי או אל.טי.,IL,גפילטע פיש דלידג בצנצנת 560 גרם,גרמים,560.00,100 גרם,false,1,14.90,2.6607,true,1,42614
7290002627616,false,פילה אמנון 7-9 קפואדלידג,מאומינג שינזו סאיפוד,CN,פילה אמנון דלידג 7-9 ארוז מהדרין,קילוגרמים,1.00,"ק""ג",true,,33.90,33.9000,true,1,49311
7290002657866,false,"פילה אמנון""דלידג מהדרין",גואנדונג יוג'יה סיפו,IL,פילה אמנון דלידג,קילוגרמים,1.00,"ק""ג",true,,29.90,29.9000,true,1,30973
7290002692478,false,"שמן זית כתית מעולה מעודן עץ הזית 750 מ""ל","מרקאולאו, ספרד.אבסה,",IT,"שמן זית כתית מעולה מעודן עץ הזית 750 מ""ל",מיליליטרים,750.00,"100 מ""ל",false,1,36.90,4.9200,true,1,3306
7290002692768,false,"תרסיס שמן קנולה מזוכך ללא תוספת גז עץ הזית 200 מ""ל",טרנסומס פוד איי בי,IT,"תרסיס שמן קנולה 200 מ""ל עץ הזית",מיליליטרים,200.00,"100 מ""ל",false,1,19.90,9.9500,true,1,53280
7290002715504,false,ארוחת נודלס בטעם עוף מג'יק 70 גרם,טאט הוי פוד בעמ,SG,תבשיל מגיק בכוס עוף 70 גרם,גרמים,70.00,100 גרם,false,1,6.50,9.2857,true,1,460
7290002715580,false,ארוחת נודלס בטעם סיני חריף מג'יק 70 גרם,טאט הוי פוד בעמ,SG,תבשיל מגיק בכוס ירקות סיני 70 גרם,גרמים,70.00,100 גרם,false,1,6.50,9.2857,true,1,464
7290002730262,false,"נוזל לניקוי כלים קלאסי פלמוליב 750 מ""ל",יבואן ומשווק: ש. שסט,GR,פלמוליב נוזל לניקוי כלים קלאסי 750 מל,מיליליטרים,750.00,"100 מ""ל",false,1,12.90,1.7200,true,1,469
7290002730675,false,"קולגייט משחת שיניים אדומה משפחתי 100 מ""ל",קולגייט-פלמוליב,PL,"משחת שיניים קולגייט אדומה 100 מ""ל",מיליליטרים,100.00,"100 מ""ל",false,1,9.90,9.9000,true,1,472
7290002750406,false,סופגניה עם ריבה פילסברי 95 גרם,פילסברי,,סופגנייה מטוגנת קפואה עם ריבה,גרמים,95.00,100 גרם,false,1,3.90,4.1053,false,1,18130
7290002750444,false,סופגנייה ריקה פילסבר,פילסברי,,סופגנייה מטוגנת קפואה ריקה,גרמים,95.00,100 גרם,false,1,4.50,4.7368,false,1,20540
7290002750710,false,סופגניה מיני א.ק עם ריבה,פילסברי,,מיני סופגנייה מטוגנת קפואה עם ריבה,גרמים,40.00,100 גרם,false,1,2.90,7.2500,false,1,20398
7290002750819,false,אצבע פילו תרד ובולגר,פילסברי,,אצבע פילו תרד ובולגרית פילסברי,קילוגרמים,1.00,"ק""ג",true,,54.50,54.5000,true,1,33847
7290002750963,false,באגט רוסטיק פילסברי,פילסברי,,באגט רוסטיק פילסברי,לא מנהל יחידת מידה,0.00,לא מנהל יחידת מידה,false,1,8.90,0.0000,true,1,22600
7290002752332,false,"סוכריות מנטוס פירות בגליל, 37.5 גרם",הדקלאים אגודת שיתופי,NL,מנטוס סוכריות לעיסה בטעם פירות 37.5 גרם,גרמים,38.00,100 גרם,false,1,3.90,10.2632,true,1,475
7290002752349,false,סוכריות מנטוס מנטה 40יח' בגליל 38ג',פרפטי ואן מלה,NL,גליל מנטוס סוכריות לעיסה בטעם מנטה,גרמים,38.00,100 גרם,false,1,3.90,10.2632,true,1,2022
7290002771104,false,קפה עם הל אל נחלה 500 גרם,מולינו ניקולי s.p.a,IL,אל נחל'ה קפה קלוי וטחון עם הל 500 גרם,גרמים,500.00,100 גרם,false,1,37.90,7.5800,true,1,33524
7290002771111,false,קפה עם הל אל נחלה 250 גרם,מולינו ניקולי s.p.a,IL,אל נחל'ה קפה קלוי וטחון עם הל 250 גרם,גרמים,250.00,100 גרם,false,1,21.50,8.6000,true,1,7585
7290002771128,false,קפה אלנח'לה בלי הל 250 ג',מולינו ניקולי s.p.a,IL,קפה תורכי נחלה 250 גרם,גרמים,250.00,100 גרם,false,1,21.50,8.6000,true,1,15850
7290002824183,false,"גבינה לבנה סקי 500 גרם 5% ""שטראוס"" -מוצר בפיקוח",מיוצר עי קונדיטוריית,IL,סקי משפחתי 5%,גרמים,500.00,100 גרם,false,1,9.96,1.9920,true,1,500
7290002824466,false,יוגורט דנונה ביו לבן 0% שומן 200 גרם,"שטראוס בריאות בע""\מ",IL,דנונה ביו 0% 200 גרם,גרמים,200.00,100 גרם,false,1,3.90,1.9500,true,1,501
7290002824640,false,"גבינת סקי 250 גרם 5% ""שטראוס"" -מוצר בפיקוח",מיוצר עי קונדיטוריית,IL,סקי 5% 250 גרם,גרמים,250.00,100 גרם,false,1,4.98,1.9920,true,1,503
7290002830948,false,גבינת עיזים מותכת 30% מון בלאן 120 גרם,סלס קרית מלאכי ישראל,IL,מון בלאן גבינת עיזים מותכת 120 גרם,גרמים,120.00,100 גרם,false,1,14.50,12.0833,true,1,29847
7290002868996,false,"קוטג' 5% שומן, רכיבים טבעיים, 250 גרם",קריות זול,IL,קוטג מועשר 5% טרה 250 גרם,גרמים,250.00,100 גרם,false,1,6.50,2.6000,true,1,3217
7290002871248,false,"בירה טובורג רד בקבוק 500 מ""ל חוזר",מבשלות בירה בינלאומיות ב,IL,"טובורג מלא חוזר חדש 500 מ""ל",מיליליטרים,500.00,"100 מ""ל",false,1,9.50,1.9000,true,1,525
7290002871361,false,"בירה קרלסברג בקבוק 500 מ""ל חוזר",מבשלות בירה בינלאומיות ב,IL,קלסברג בירה 500 מל,מיליליטרים,500.00,"100 מ""ל",false,1,9.50,1.9000,true,1,526
7290002879299,false,מלפפון מוחמצים בטעם חמוץ מתוק,דדוש דניאל,PL,מלפפונים גדולים בחומץ 860 גרם,גרמים,860.00,100 גרם,false,1,23.90,2.7791,true,1,4836
7290002879305,false,מלפפונים קטנים בחומץ,דדוש דניאל,PL,מלפפונים קטנים בחומץ 860 גרם,גרמים,860.00,100 גרם,false,1,23.90,2.7791,true,1,29965
7290002879411,false,מלפפונים פרוסים גריי,פרנצוסקה,PL,מלפפונים חמוץ מתוק 680 גרם,גרמים,680.00,100 גרם,false,1,17.90,2.6324,true,1,4846
7290002879435,false,כרוב כבוש גרין ואלי,פרנצוסקה,PL,כרוב כבוש 900 גרם,גרמים,900.00,100 גרם,false,1,18.90,2.1000,true,1,29968
7290002879633,false,וופל בלגי אמיתי רזיט 550 גרם,אן.וי ביסקוויטרי טיז,BE,וופל בלגי 1/10 550 גרם,גרמים,550.00,100 גרם,false,1,27.90,5.0727,true,1,51392
7290002921165,false,"חלב לניקוי רהיטי עור הזלין יעקבי 400 מ""ל",אסטוניש -לידס,DE,יעקבי הזלין קונדישינר חלב שקוף לרהיטי עור 400 מל,מיליליטרים,400.00,"100 מ""ל",false,1,43.90,10.9750,true,1,30635
7290002921240,false,"קרבונה שמפוזר לניקוי שטיחים וריפוד יעקבי 650 מ""ל",קרבונה Carbona,MX,יעקבי קרבונה מסיר כתמים מריפוד ושטיחים 650 מל,מיליליטרים,650.00,"100 מ""ל",false,1,35.90,5.5231,true,1,6756
7290002921349,false,לוקטייט סופר גלו 3 - זוגי,יעקובי סופר גלו,TR,דבק סופר גלו לוקטיט,גרמים,100.00,100 גרם,false,1,16.90,16.9000,true,1,6757
7290002922117,false,מקלות קינמון וסוכר חום,"אקלר בע""מ",IL,עוגיות פרימיום 200-300 גרם,גרמים,300.00,100 גרם,false,1,24.90,8.3000,true,1,35931
7290002929642,false,רביעיית טונה בשמן ויליגר 140 גרם,דיאמנט פוד פרודקט קו,TH,טונה ויליגר בשמן 140 גרם 1\4,גרמים,560.00,100 גרם,false,1,23.90,4.2679,true,1,43939
7290002929734,false,"גפילטעפיש קציצות מדגי קרפיון וכסיף 560 גר' העד""ח",נטו מלינדה,IL,"גפליטע פיש דלידג בד""ץ 560 גרם",גרמים,570.00,100 גרם,false,1,14.90,2.6140,true,1,32905
7290002986652,false,גטניו פתי בר שוקו 470 גרם,"אחים גטניו בע""מ",IL,ביסקוויט פתיבר שוקו גטניו 470 גרם,גרמים,470.00,100 גרם,false,1,10.90,2.3191,true,1,30769
7290003009312,false,בוטן קלוי קליית גת 200 גרם,הדקלאים אגודת שיתופי,IL,בוטן קלוי 200 גר' שק',גרמים,200.00,100 גרם,false,1,7.90,3.9500,true,1,6566
7290003009329,false,בוטנים אמריקאיים קליית גת 200 גרם,הדקלאים אגודת שיתופי,IL,בוטן אמריק'200 גר'שק (ב(24,גרמים,200.00,100 גרם,false,1,7.90,3.9500,true,1,6563
7290003009336,false,קבוקים קליית גת 200 גרם,הדקלאים אגודת שיתופי,IL,קבוקים 200 גר'שק'ב24,גרמים,200.00,100 גרם,false,1,7.90,3.9500,true,1,6568
7290003009640,false,מיץ תפוזים סחוט רכיבים טבעיים פריגת 1 ליטר,פריגת מצוננים,IL,סחוט תפוזים קלאסי 1 ליטר,ליטרים,1.00,ליטר,false,1,19.90,19.9000,true,1,3940
7290003023165,false,שוקו יטבתה בכד פלסטי,מחלבת יטבתה,IL,שוקו 2 ליטר,ליטרים,2.00,ליטר,false,1,22.50,11.2500,true,1,5233
7290003029181,false,משקה יטבתה שוקו' בקבוק 1ל מהדרין,שטראוס גרופ,IL,שוקו 1 ליטר,ליטרים,1.00,ליטר,false,1,12.90,12.9000,true,1,3947
7290003029372,false,משקה חלב בטעם בננה יטבתה 1 ליטר,שטראוס גרופ,IL,בננה 1 ליטר,ליטרים,1.00,ליטר,false,1,12.90,12.9000,true,1,3951
7290003029389,false,"משקה חלב בננה פקק ספורט 250 מ""ל יוטבתה",שטראוס גרופ,IL,"בננה פקק 250 מ""ל",מיליליטרים,250.00,"100 מ""ל",false,1,5.90,2.3600,true,1,3952
7290003029433,false,"משקה יטבתה שוקו פקק 250 מ""ל מהדרין",שטראוס גרופ,IL,"שוקו פקק 250 מ""ל",מיליליטרים,250.00,"100 מ""ל",false,1,5.90,2.3600,true,1,3954
7290003029532,false,מוקה בבקבוק יטבתה 1 ליטר מהדרין,שטראוס גרופ,IL,מוקה 1 ליטר,ליטרים,1.00,ליטר,false,1,12.90,12.9000,true,1,3957
7290003029792,false,"משקה יטבתה שוקו שקיות מהדרין מארז 225X8מ""ל",שטראוס גרופ,IL,מארז שוקו יטבתה 8 שקיות,ליטרים,1.80,ליטר,false,1,18.90,10.5000,true,1,4277
7290003029815,false,כד חלב 3% יטבתה 2 ליטר מהדרין,שטראוס גרופ,IL,חלב מועשר 3% בכד יטבתה 2 ליטר,ליטרים,2.00,ליטר,false,1,15.60,7.8000,true,1,4278
7290003029907,false,אייס קפה יטבתה 1 ליטר מהדרין,שטראוס גרופ,IL,אייס קפה 1 ליטר,ליטרים,1.00,ליטר,false,1,12.90,12.9000,true,1,4286
7290003047642,false,תה שחור יילו לייבל 100*1.5 ג' שקיק ליפטון,"יונילוור רוסייה בע""מ",RU,תה שחור יילו לייבל,גרמים,150.00,100 גרם,false,1,19.90,13.2667,true,1,3962
7290003054183,false,מסטמכר לחם שיפון מלא 500ג,מרום את קונפינו,DE,לחם שיפון מסטמכר 500 גרם,גרמים,500.00,100 גרם,false,1,14.50,2.9000,true,1,4708
7290003054190,false,מסטמכר לחם שיפון עם שלושה דגנים 500ג,מרום את קונפינו,DE,לחם שיפון+דגנים מסטמכר 500 גרם,גרמים,500.00,100 גרם,false,1,14.50,2.9000,true,1,4709
7290003054213,false,מסטמכר לחם שיפון כפרי 500ג,מסטמכר גוטרסלאו,DE,לחם שיפון כפרי מסטמכר 500 גרם,גרמים,500.00,100 גרם,false,1,14.50,2.9000,true,1,4711
7290003054220,false,מסטמכר לחם שיפון פומפרניקל 500ג,מסטמאכר ג'.אמ.בי.הי,DE,מסטמכר לחם שיפון פומפרניקל בנוסח ווסטפליה 500 גרם,גרמים,500.00,100 גרם,false,1,14.50,2.9000,true,1,4712
7290003054657,false,חרדל ריין דיז'ון אקסטרה פורטה 370 גרם,מרום את קונפינו,FR,חרדל דיז'ון אקסטרא פורטה 370 גרם,גרמים,370.00,100 גרם,false,1,14.90,4.0270,true,1,14926
7290003060009,false,"קמח חיטה לבן בהיר טחנות ישראליות 1 ק""ג",טחנות ישראליות,IL,"קמח חיטה לבן 1 ק""ג סוגת",קילוגרמים,1.00,"ק""ג",false,1,6.90,6.9000,true,1,3963
7290003060023,false,"סולת חיטה 1 ק""ג מטחנות ישראליות",טחנות ישראליות,IL,"סולת חיטה 1 ק""ג טחנות ישראליות",קילוגרמים,1.00,"ק""ג",false,1,5.90,5.9000,true,1,3964
7290003069590,false,"פילה פוטית עם עור קפוא דלידג 1 ק""ג",דאליאן גואופו אקאטיק,CN,סול ואקום 1 קג,קילוגרמים,1.00,"ק""ג",false,1,36.90,36.9000,true,1,51966
7290003072859,false,רוסטביף טירת צבי 120 גרם,הנסיך- מפעל לייצור ט,IL,טירת צבי דלקטיב רוסטביף 120 גרם,מיליליטרים,120.00,"100 מ""ל",false,1,28.90,24.0833,true,1,44170
7290003102068,false,צימרוני אוזניים מעץ 100 יח',כוטון סופט,,צימרוני אוזניים מעץ 100 יח,יחידה,1.00,יחידה,false,1,1.90,1.9000,true,1,23884
7290003102136,false,צמר גפן COTTON SOFT רפואי 100 גר' 3102136,הדקלאים אגודת שיתופי,TR,צמר גפן מכותנה טבעית 100 גרם,גרמים,100.00,100 גרם,false,1,5.90,5.9000,true,1,24174
7290003102976,false,צימרוני אוזניים פלסטיק בקופסה 200 יחידות,הדקלאים אגודת שיתופי,CN,צימרוני פלסטיק צבעוניים 200 יחידות,יחידה,1.00,יחידה,false,1,4.90,4.9000,true,1,24628
7290003126712,false,יוגורט עיזים מחלב מלא 3.7% משק צוריאל 150 גרם,מחלבת משק צוריאל,IL,יוגורט עיזים 3.9% 150 גרם צוריאל,גרמים,150.00,100 גרם,false,1,7.90,5.2667,true,1,3481
7290003141159,false,יוגטה מרשמלו ממתק מוקצף בטעמי תות שדה ווניל 180 גרם,יוגוטה,IL,מרשמלו יוגטה 180 גרם,גרמים,180.00,100 גרם,false,1,9.90,5.5000,true,1,26816
7290003143146,false,ממרח תמרים קליית גת 450 גרם,הדקלאים אגודת שיתופי,IL,ממרח תמרים 450 קלית גת,גרמים,450.00,100 גרם,false,1,6.90,1.5333,true,1,41104
7290003144310,false,תערובת אגוזים וחמוציות קליית גת 150 גרם,ליימן מותגים,IL,תע'אגוזים וחמוציות 150 גר,גרמים,150.00,100 גרם,false,1,22.90,15.2667,true,1,36046
7290003145751,false,"קליית גת אגוזי קלויים, 200 גרם",הדקלאים אגודת שיתופי,IL,"קליית גת אגוזי קלויים, 200 גרם",גרמים,200.00,100 גרם,false,1,21.90,10.9500,true,1,18465
7290003145782,false,צנובר רכיבים טבעיים קליית גת 100 גרם,הדקלאים אגודת שיתופי,IL,צנוברים קלופים 100 גרם קליית גת,גרמים,100.00,100 גרם,false,1,26.90,26.9000,true,1,51743
7290003145959,false,פקאן טבעי קליית גת 150 גרם,ליימן מותגים,IL,פקאן טבעי 150 גרם,יחידה,150.00,יחידה,false,1,24.90,0.1660,true,1,53987
7290003208586,false,"וורמוט מרטיני לבן 750 מ""ל",מרטיני ורוסי,IT,"מרטיני ביאנקו וורמוט לבן מתוק 750 מ""ל",מיליליטרים,750.00,"100 מ""ל",false,1,54.90,7.3200,true,1,22131
7290003208609,false,"וורמוט מרטיני אדום מתוק 750 מ""ל",מרטיני ורוסי,IT,"מרטיני רוסו וורמוט אדום מתוק 750 מ""ל",מיליליטרים,750.00,"100 מ""ל",false,1,54.90,7.3200,true,1,22132
7290003220724,false,מקלות לסושי צ'ופסטיק יח,קוסומאי במבוק,TH,צופ-סטיקס חד פעמי 20 זוגות,Unknown,0.00,Unknown,false,1,9.20,0.0000,true,1,33675
7290003220977,false,עוגיות חצי ירח מצופה 175 נאפה מעדני מלך,מגדנית הדר,IL,עוגיות מצופות מעדני המלך 175 גר,גרמים,175.00,100 גרם,false,1,10.90,6.2286,true,1,50795
7290003229109,false,פסטרמה הודו בפפריקה טירת צבי 400 גרם,הנסיך- מפעל לייצור ט,IL,פסטרמה בפפריקה טירת צבי 400 גרם,גרמים,400.00,100 גרם,false,1,32.90,8.2250,true,1,676
7290003229116,false,פסטרמה הודו בדבש שומן טירת צבי 400 גרם,הנסיך- מפעל לייצור ט,IL,פסטרמה בדבש טירת צבי 400 גרם,גרמים,400.00,100 גרם,false,1,32.90,8.2250,true,1,677
7290003229123,false,פסטרמה הודו על גחלים 2% טירת צבי 400 גרם,הנסיך- מפעל לייצור ט,IL,פסטרמה על גחלים טירת צבי 400 גרם,גרמים,400.00,100 גרם,false,1,32.90,8.2250,true,1,678
7290003229192,false,נקניק כתף בקר מעושן 2% טירת צבי 400 גרם,טיב טירת צבי 2000,IL,"טירת צבי, פסטרמה כתף בקר מעושנת 400 גרם",גרמים,400.00,100 גרם,false,1,34.90,8.7250,true,1,682
7290003268733,false,לחמניה שמינית 125 גר,מאפית אנגל,,לחמניה שמינית 125 גרם,גרמים,125.00,100 גרם,false,1,3.90,3.1200,true,1,15214
7290003268740,false,לחם אחיד 750 גרם,דגנית עין בר,,לחם אחיד 750 גרם,גרמים,750.00,100 גרם,false,1,6.96,0.9280,true,1,15215
7290003321155,false,יוגורט בר עם פקאן מצופה שוקולד 183 ג' דנונה,"שטראוס בריאות בע""\מ",IL,דנונה בר פקאן,גרמים,175.00,100 גרם,false,1,4.90,2.8000,true,1,691
7290003321292,false,גבינה לבנה 9% שומן 250 ג' שטראוס,מיוצר עי קונדיטוריית,IL,סקי 9% 250 גרם,גרמים,250.00,100 גרם,false,1,4.80,1.9200,true,1,8341
7290003387205,false,דאו' ספיד סטיק בסיסי ירוק רגיל לגבר 63ג',הנסיך- מפעל לייצור ט,US,דאודורנט ספיד סטיק רגולר 56.6 גרם,גרמים,70.00,100 גרם,false,1,21.90,31.2857,true,1,19308
7290003411313,false,מפת אל בד מעורב צבעים 120X180 הנמל משובחת,שיווק: הנמל אריזות ו,IL,הנמל מפת שולחן אל בד 180X120 סמ,Unknown,0.00,Unknown,false,1,6.90,0.0000,true,1,31090
7290003411689,false,צלחות לפתן לבן 25יח',הנמל אריזות ושיווק ב,IL,הנמל ליפתניות 25 יחידות,יחידה,1.00,יחידה,false,1,5.90,5.9000,true,1,2118
7290003411696,false,"מרקיות לבן ח""פ הנמל 25 יח'",פלסטכים תורכיה,IL,הנמל מרקיות לבן 25 יחידות,יחידה,0.00,יחידה,false,1,11.90,0.0000,true,1,2119
7290003423909,false,חטיף קוקיס אנד קרים לבן 43 גרם,ליימן מותגים,US,שוקולד הרשיז קוקיז אנד קרים 43 גרם,גרמים,43.00,100 גרם,false,1,5.90,13.7209,true,1,34902
7290003427154,false,"שמן זית כתית מעולה טעם מעודן זיתא 750 מ""ל",זיתא תעשיות שמן זיתt\,IL,"זיתא שמן זית כתית מעולה, טעם מעודן 750 מל",מיליליטרים,750.00,"100 מ""ל",false,1,36.90,4.9200,true,1,15587
7290003438006,false,ממרח אולביה פסטו וצנובר איטלקי 190ג',מיוצר עי קונדיטוריית,IL,ממרח פסטו וצנובר אוליביה 180 גרם,גרמים,180.00,100 גרם,false,1,14.90,8.2778,true,1,714
7290003438020,false,ממרח עגבניות מיובשות אוליביה 190 גרם,מיוצר עי קונדיטוריית,IL,ממרח עגבניות מיובשות אוליביה 190 גרם,גרמים,190.00,100 גרם,false,1,14.90,7.8421,true,1,14928
7290003438709,false,ממרח אולביה זיתים שחורים וירוקים 190 ג',גוד פוד פרודקטס S.p,IL,ממרח זיתים שחורים אוליביה190 גרם,גרמים,190.00,100 גרם,false,1,14.90,7.8421,true,1,716
7290003444009,false,הרשי ריזס חטיף במילוי בוטנים 42 גרם,ליימן מותגים,US,שוקולד ריזס חלב 42 גרם,גרמים,42.00,100 גרם,false,1,4.90,11.6667,true,1,34903
7290003450602,false,ממרח חרדל היינץ לחיץ 255 גרם,היינץ צפון אמריקה מקבוצת ה.י.היינץ,US,היינץ חרדל לחיץ 255 גרם,גרמים,255.00,100 גרם,false,1,12.90,5.0588,true,1,722
7290003457861,false,סולרו קלאסיק חלבי - פירות טרופיים,"מיוצר ע""\י גלידת שטראוס",IL,שלגון סולרו פירות טרופיים,גרמים,85.00,100 גרם,false,1,11.90,14.0000,true,1,4916
7290003457991,false,טילון קורנטו וניל עם וופל ואגוזי לוז מסוכרים,"גלידת שטראוס בע""\מ, רחוב",IL,טילון קורנטו קלאסיקו משפחתי 6 יחידות,גרמים,418.00,100 גרם,false,1,37.90,9.0670,true,1,6487
7290003514007,false,מנה שקדי מרק מנה 400 גרם,מנה Mana,IL,מנה שקדי מרק 400 גרם,גרמים,400.00,100 גרם,false,1,11.90,2.9750,true,1,28192
7290003514571,false,פריכיות אורז עם מלח מנה 100 גרם,מנה Mana,IL,פריכיות אורז עם מלח מנה 100 גרם,גרמים,100.00,100 גרם,false,1,6.20,6.2000,true,1,26124
7290003578078,false,קוקטייל פירות טרופי בסירופ קל ויליפוד 850 גרם,קריות זול,CN,לפתן קוקטייל טרופי 820 גר,גרמים,820.00,100 גרם,false,1,10.90,1.3293,true,1,52982
7290003578177,false,תירס צעיר שלם וילי פוד 210 גרם,מגסטיק פוד אידסטרי ק,TH,תירס גמדי 410 גרם,גרמים,410.00,100 גרם,false,1,7.90,1.9268,true,1,762
7290003643004,false,"סוגת אורז בסמטי קלאסי 1 ק""ג",האי נאם סי או אל.טי.,IL,"אורז בסמטי קלאסי 1 ק""ג",קילוגרמים,1.00,"ק""ג",false,1,15.90,15.9000,true,1,781
7290003643387,false,"סוכר לבן בצנצנת 1 ק""ג סוגת",האי נאם סי או אל.טי.,IL,"סוכר 1 ק""ג בצנצנת",קילוגרמים,1.00,"ק""ג",false,1,10.90,10.9000,true,1,784
7290003643646,false,"סוכר דמררה קלאסי בצנצנת סוגת 1 ק""ג",האי נאם סי או אל.טי.,IL,"סוכר דמררה צנצנת סוגת 1 ק""ג",קילוגרמים,1.00,"ק""ג",false,1,13.90,13.9000,true,1,785
7290003643684,false,אפונה יבשה סוגת 500 גר',האי נאם סי או אל.טי.,IL,אפונה 500 גרם,גרמים,500.00,100 גרם,false,1,7.90,1.5800,true,1,3554
7290003643714,false,חומוס גרגירים 500 גרם סוגת,האי נאם סי או אל.טי.,IL,חומוס 500 גרם,גרמים,500.00,100 גרם,false,1,9.90,1.9800,true,1,4952
7290003643738,false,סוגת חיטה 500 גרם,האי נאם סי או אל.טי.,IL,חיטה 500 גרם,גרמים,500.00,100 גרם,false,1,6.50,1.3000,true,1,4954
7290003643745,false,סוגת כוסמת 500 גרם,האי נאם סי או אל.טי.,IL,כוסמת 500 גרם,גרמים,500.00,100 גרם,false,1,8.90,1.7800,true,1,4953
7290003643752,false,עדשים ירוקים יבש סוגת 500 גר',האי נאם סי או אל.טי.,IL,עדשים ירוקות 500 גר',גרמים,500.00,100 גרם,false,1,9.90,1.9800,true,1,5292
7290003643769,false,עדשים אדומים יבש סוגת 500 גר',"סוגת תעשיות בע""\מ",IL,עדשים אדומות סוגת 500 גרם,גרמים,500.00,100 גרם,false,1,9.90,1.9800,true,1,5272
7290003643776,false,"פופקורן גרעינים סוגת 500 ג' כשל""פ",האי נאם סי או אל.טי.,IL,פופקורן 500 גרם,גרמים,500.00,100 גרם,false,1,6.80,1.3600,true,1,4950
7290003643806,false,שעועית לבנה יבשה סוגת 500 ג',האי נאם סי או אל.טי.,IL,שעועית לבנה 500 גרם,גרמים,500.00,100 גרם,false,1,13.90,2.7800,true,1,3726
7290003643813,false,שעועית אדומה יבשה סוגת 500 גר',האי נאם סי או אל.טי.,IL,שעועית אדומה סוגת 500 גרם,גרמים,500.00,100 גרם,false,1,12.90,2.5800,true,1,4955
7290003726615,false,"טופו ויילר 300 גרם ""שטראוס""",הדקלאים אגודת שיתופי,IL,טופו ויילר 300 גרם,גרמים,300.00,100 גרם,false,1,14.90,4.9667,true,1,41918
7290003726622,false,טופו פיקנטי 300 ג' משק ויילר,"משק ויילר בע""\מ",IL,טופו פיקנטי ויילר 300גרם,גרמים,300.00,100 גרם,false,1,13.90,4.6333,true,1,52512
7290003726868,false,טופו חומוס בתוספת עגבניות מיובשות 300 ג' משק ויילר,"משק ויילר בע""\מ",IL,טופו חומוס בתוספת עגבניות מיובשות ויילר 300גרם,גרמים,300.00,100 גרם,false,1,14.90,4.9667,true,1,52510
7290003779499,false,גינגר ארוז 200 גרם,"מרינה פטריות הגליל בע""מ",IL,גינגר טרי יח,גרמים,200.00,100 גרם,false,1,12.90,6.4500,true,1,22159
7290003781652,false,צלפים במי מלח וילי פוד 230 גרם,קריות זול,TR,צלפים במי מלח 350 גרם,גרמים,350.00,100 גרם,false,1,10.90,3.1143,true,1,21415
7290003781850,false,גבינת קשקבל פרוסות 200 גרם - דיספליי (18),סאסו פטוראגס קומטויס אף,TR,גבינת קשקבל יורו פרוסות 200גרם,גרמים,200.00,100 גרם,false,1,22.90,11.4500,true,1,51777
7290003804320,false,תיבולית שום ופטרוזיליה קנור 72 גרם,יוניליוור ישראל מזון בע\,IL,קנור תיבוליות שום ופטרוזיליה 72 גרם,גרמים,72.00,100 גרם,false,1,11.90,16.5278,true,1,825
7290003804368,false,"תיבוליות בזיליקום קנור 72 גרם בד""צ",יוניליוור ישראל מזון בע\,IL,קנור תיבוליות בזיליקום 72 גרם,גרמים,72.00,100 גרם,false,1,11.90,16.5278,true,1,827
7290003805501,false,"פתית בסגנון שוודי תלמה בד""צ 300 גרם",יוניליוור ישראל מזון בע\,IL,פתית שוודי קרקר דגנים פריך בסגנון שוודי,גרמים,300.00,100 גרם,false,1,20.90,6.9667,true,1,22580
7290003806591,false,דאב דאו ספריי מלפפונים 150 מל,ארנסט. רחוב קומבינצק,GB,דאב דאודורנט ספריי מלפפון ותה ירוק 150 מל,מיליליטרים,150.00,"100 מ""ל",false,1,19.90,13.2667,true,1,33323
7290003821754,false,סלמון נורבגי מעושן קפוא,"ויליגר, תעשיות בע""מ",IL,סלמון נורבגי בעישון טבעי 100 גרם,גרמים,100.00,100 גרם,false,1,18.90,18.9000,true,1,18115
7290003864492,false,סרדינים בשמן צמחי חריף פתח קל ויליפוד 110ג',גולדן פרייז קאנינג א,TH,סרדין בשמן צמחי חריף 110גרם,גרמים,110.00,100 גרם,false,1,6.90,6.2727,true,1,848
7290003882922,false,עלי גפן ממולאים באורז וילי פוד 360 גרם,הזה פלאקספו פוד קו ב,CN,ויליפוד עלי גפן ממולאים באורז 400 גרם,גרמים,400.00,100 גרם,false,1,9.90,2.4750,true,1,850
7290003896141,false,חטיף ספרדי פיקנטי אלמנדוס 200 גרם,הדקלאים אגודת שיתופי,IL,אלמנדוס 200 גרם (ב(12,גרמים,200.00,100 גרם,false,1,9.90,4.9500,true,1,18847
7290003989539,false,לורנצו רביולי במילוי גבינה,מיוצר עי קונדיטוריית,IL,רביולי גבינה 400 EAT GOOD,גרמים,400.00,100 גרם,false,1,21.90,5.4750,true,1,866
7290003989553,false,פסטה טורטליני גבינה ופטריות 400 גרם,מיוצר עי קונדיטוריית,IL,טרטוליני פטריות 400 פרווה EAT GOOD,גרמים,400.00,100 גרם,false,1,21.90,5.4750,true,1,867
7290003990580,false,לבבות חסה,חקלאי,IL,לבבות חסה,גרמים,700.00,100 גרם,false,1,11.90,1.7000,true,1,35834
7290004011338,false,"ספריי קצפת מתוקה מוכנה ריץ' 250 מ""ל",האי נאם סי או אל.טי.,IT,קצפת ריץ חלבי במיכל 250 גרם,גרמים,250.00,100 גרם,false,1,16.90,6.7600,true,1,21455
7290004011345,false,"ספריי קצפת מתוקה מוכנה פרווה ריץ' 238 מ""ל",האי נאם סי או אל.טי.,IT,קצפת ריץ פרווה במיכל 250 גרם,גרמים,250.00,100 גרם,false,1,16.90,6.7600,true,1,27384
7290004011796,false,קבבונים בקר קפוא אל גאוצ''ו 400ג',"טיבון ויל אחזקות בע""",IL,אל גאוצו קבבונים 400 גרם,גרמים,400.00,100 גרם,false,1,27.90,6.9750,true,1,23197
7290004011802,false,צ'וריסוס אל גאוצ'ו 400 גרם,טיבון ויל אחזקות בעמ,IL,אל גאוצ'ו נקניות צ'וריסוס 400 גרם,גרמים,400.00,100 גרם,false,1,27.90,6.9750,true,1,23198
7290004011819,false,המבורגר ריב אנטריקוט אל גאוצ'ו 360 גרם,האי נאם סי או אל.טי.,IL,אל גאוצו המבורגר ריב אנטריקוט 360 גרם,גרמים,360.00,100 גרם,false,1,27.90,7.7500,true,1,26080
7290004011826,false,מיני המבורגר ריב אנטריקוט,טיבון ויל אחזקות בעמ,IL,אל גאוצ'ו מיני המבורגר ריב אנטריקוט 320 גרם,גרמים,320.00,100 גרם,false,1,27.90,8.7187,true,1,26079
7290004014407,false,עדשי מ&מ'ס חמאת בוטנים46,מרס נדרלנד,US,סוכריות שוקולדM&M חמאת בוטנים 46 גרם,גרמים,46.00,100 גרם,false,1,5.80,12.6087,true,1,32527
7290004026363,false,קרואסון חמאה גבינה ג,פילסברי,,קרואסון חמאה גבינה גמבו פילסברי,גרמים,100.00,100 גרם,false,1,12.90,12.9000,true,1,33315
7290004026370,false,קרואסון חמאה שקדים ג,פילסברי,,קרואסון חמאה שקדים גמבו פילסברי,גרמים,100.00,100 גרם,false,1,12.90,12.9000,true,1,33314
7290004026394,false,חלת מסעדות א.ק,פילסברי,,חלת מסעדות,גרמים,0.00,100 גרם,false,1,4.90,0.0000,true,1,33776
7290004026776,false,לחם מחמצת אגוזים וצימוקים,פילסברי,,לחם מחמצת אגוזים וצימוקים,גרמים,700.00,100 גרם,false,1,19.90,2.8429,true,1,38620
7290004026934,false,חלת מסעדות פילסברי,פילסברי,,חלת מסעדות פילסברי,גרמים,0.00,100 גרם,false,1,4.90,0.0000,true,1,33812
7290004030445,false,מיץ תפוזים סחוט רכיבים טבעיים 1 ליטר פרי ניב,פריניב בעמ,IL,"פריניב, מיץ תפוזים סחוט 1 ליטר",ליטרים,1.00,ליטר,false,1,16.90,16.9000,true,1,25997
7290004030612,false,"מיץ תפוח, קיווי אגס ללא תוספת סוכר 1 ליטר פרי ניב",פריניב בעמ,IL,"פריניב, מיץ קיווי אגס תפוח ללא תוספת סוכר 1 ליטר",ליטרים,1.00,ליטר,false,1,24.00,24.0000,true,1,31983
7290004030834,false,מיץ רימונים סחוט 100% רכיבים טבעיים פרי ניב 1 ליטר,פריניב בעמ,IL,"פריניב, מיץ רימון סחוט 1 ליטר",ליטרים,1.00,ליטר,false,1,32.90,32.9000,true,1,29789
7290004048525,false,פילה אמנון דלידג 5-7,דלידג - נטו,CN,"פילה אמנון 5-7 לק""ג",קילוגרמים,1.00,"ק""ג",true,,36.90,36.9000,true,1,33451
7290004063016,false,מלח שולחן -מוצר בפיקוח,האי נאם סי או אל.טי.,IL,מלח שולחן,קילוגרמים,1.00,"ק""ג",false,1,2.07,2.0700,true,1,5509
7290004063115,false,"מלח מטבח עבה להמלחת בשר ובישול 1 ק""ג 1ק""ג",האי נאם סי או אל.טי.,IL,מלח מטבח,קילוגרמים,1.00,"ק""ג",false,1,2.07,2.0700,true,1,5510
7290004064099,false,מטחנה מלח ים מהרי ההימלאיה מלח הארץ 100 גרם,"חברת מלח הארץ אילת בע""\מ",IL,מטחנת מלח הימלאיה 300 גרם,גרמים,250.00,100 גרם,false,1,16.90,6.7600,true,1,33971
7290004068011,false,יוגורט כבשים בדלי 5% שומן 600 ג' גד,"מיוצר ע""י קוד יצרן M",IL,גד יוגורט מחלב כבשים מעודן בסגנון בלקני 5% שומן,גרמים,600.00,100 גרם,false,1,19.90,3.3167,true,1,25775
7290004068035,false,"יוגורט לשתייה איירן 3% גד 500 מ""ל","מיוצר ע""י קוד יצרן M",IL,"משקה יוגורט איירן בלקני 500 מ""ל גד",מיליליטרים,500.00,"100 מ""ל",false,1,9.90,1.9800,true,1,26162
7290004068172,false,יוגורט עזים בדלי 5% שומן 600 ג' גד,קוד יצרן MKN,IL,גד יוגורט חלב עיזים 2.8% 600 גרם,גרמים,600.00,100 גרם,false,1,19.90,3.3167,true,1,27629
7290004078690,false,"אגקס נוזל לניקוי אסלות מרענן 750 מ""ל",הנסיך- מפעל לייצור ט,GR,אג'קס נוזל לניקוי אסלות ג'ל עם אקונומיקה 750 מל,מיליליטרים,750.00,"100 מ""ל",false,1,16.90,2.2533,true,1,4628
7290004119225,false,יופלה יוגורט אננס %3 גביע 150 גרם,תנובה מרכז שיתופי לש,IL,יופלה יוגורט אננס 3% גביע 150 גרם,גרמים,150.00,100 גרם,false,1,5.70,3.8000,true,1,940
7290004120108,false,יופלה דיאט יוגורט דובדבן %0 גביע 150גרם,תנובה מרכז שיתופי לש,IL,יופלה דיאט יוגורט דובדבן %0 גביע 150גרם,גרמים,150.00,100 גרם,false,1,5.70,3.8000,true,1,943
7290004120566,false,פיראוס 24% גבינה בולגרית 250 גרם,תנובה חלב,IL,פיראוס בולגרית 24% שומן 250 גרם,גרמים,250.00,100 גרם,false,1,24.90,9.9600,true,1,6574
7290004120573,false,פיראוס 16% גבינה בולגרית 250 גרם,תנובה מרכז שיתופי לש,IL,גבינה בולגרית מלוחה 16% שומן,גרמים,250.00,100 גרם,false,1,24.90,9.9600,true,1,945
7290004120634,false,גבינה פיראוס בולגרית 5% 250 גרם,תנובה מרכז שיתופי לש,IL,פיראוס גבינה בולגרית 5% שומן,גרמים,250.00,100 גרם,false,1,24.90,9.9600,true,1,946
7290004121488,false,יופלה דיאט אפרסק 0% גביע 150 גרם,תנובה מרכז שיתופי לש,IL,יופלה יוגורט עם אפרסק 0% שומן 150 גרם,גרמים,150.00,100 גרם,false,1,5.70,3.8000,true,1,948
7290004121754,false,יוגורט ביו עוגת גבינה ותות 3% יופלה 150 גרם,תנובה חלב,IL,יופלה יוגורט עוגת גבינה ותות %3 150 גרם,גרמים,150.00,100 גרם,false,1,5.70,3.8000,true,1,6481
7290004121853,false,גבינה בולגרית פיראוס 5% קוביות 200 גרם,תנובה מרכז שיתופי לש,IL,פירוס בולגרית קוביות 5% 200 גרם,גרמים,200.00,100 גרם,false,1,25.90,12.9500,true,1,952
7290004122119,false,פתיתי פרמזן לפסטה 23% השף הלבן 100 גרם,פ.פ.ח. שאביט,IL,תנובה השף הלבן פתיתי גבע פרמזן 23% שומן,גרמים,100.00,100 גרם,false,1,14.90,14.9000,true,1,4726
7290004122195,false,גוש חלב גבינה צהובה פרוסה 28% תנובה 200 גרם,תנובה חלב,IL,גוש חלב פרוסות גבינה צהובה חצי קשה 28% שומן מהדרין,גרמים,200.00,100 גרם,false,1,15.90,7.9500,true,1,6750
7290004122270,false,עמק קלאסית פרוסות גבינה חצי קשה 28% 200 גרם,תנובה מרכז שיתופי לש,IL,עמק קלאסית פרוסות גבינה חצי קשה 28% 200 גרם,גרמים,200.00,100 גרם,false,1,17.90,8.9500,true,1,953
7290004122348,false,גבינת עמק לייט פרוס בקופסא 200 גרם,תנובה מרכז שיתופי לש,IL,עמק גבינה צהובה חצי קשה 9% מופחתת שומן,גרמים,200.00,100 גרם,false,1,17.90,8.9500,true,1,955
7290004122676,false,גבינת חמד לייט 5% פיראוס 250 ג',"תנובה,מחלבת טנא נוגה",IL,פיראוס לייט חמד גבינה כפרית מלוחה 5% שומן,גרמים,250.00,100 גרם,false,1,21.90,8.7600,true,1,42653
7290004122683,false,עמק חטיף אצבעות גבינה חצי קשה 28% שומן,תנובה מרכז שיתופי לש,IL,עמק חטיף אצבעות גבינה חצי קשה 28% שומן,גרמים,172.00,100 גרם,false,1,17.90,10.4070,true,1,7544
7290004124205,false,יופלה דיאט יוגורט תות %0 גביע 150 גרם,תנובה מרכז שיתופי לש,IL,יופלה דיאט יוגורט תות %0 גביע 150 גרם,גרמים,150.00,100 גרם,false,1,5.70,3.8000,true,1,960
7290004125370,false,"שמנת חמוצה 9% מופחתת שומן תנובה 200 מ""ל מהדרין",תנובה מרכז שיתופי לש,IL,תנובה שמנת חמוצה מופחתת שומן,מיליליטרים,200.00,"100 מ""ל",false,1,3.90,1.9500,true,1,964
7290004125400,false,"אשל שלי מהדרין 200 מ""ל 4.5% ""תנובה""- מוצר בפיקוח",פארייפאבה אגרואינדוס,IL,תנובה אשל לבן 4.5% שומן,מיליליטרים,200.00,"100 מ""ל",false,1,1.69,0.8450,true,1,965
7290004125417,false,"גיל 3% שלי 200 מ""ל ""תנובה"" -מוצר בפיקוח",תנובה מרכז שיתופי לש,IL,תנובה גיל לבן 3% 206 גרם,מיליליטרים,200.00,"100 מ""ל",false,1,1.51,0.7550,true,1,966
7290004125455,false,"שמנת חמוצה 200 מ""ל 15% ""תנובה"" -מוצר בפיקוח",תנובה מרכז שיתופי לש,IL,שמנת אורגינל 15% שומן 200 מל,מיליליטרים,200.00,"100 מ""ל",false,1,2.40,1.2000,true,1,967
7290004125509,false,"שמנת חמוצה 15% מועשרת תנובה 100 מ""ל",תנובה מרכז שיתופי לש,IL,תנובה שמנת 15% חצי מנה 100 מל,מיליליטרים,100.00,"100 מ""ל",false,1,1.80,1.8000,true,1,968
7290004125578,false,משקה סויה מעושר בסידן תנובה 1ל',תנובה מרכז שיתופי לש,IL,משקה סויה מועשר בסידן 1 ליטר,ליטרים,1.00,ליטר,false,1,12.90,12.9000,true,1,969
7290004125585,false,משקה סויה בטעם וניל תנובה 1 ליטר,תנובה מרכז שיתופי לש,IL,משקה סויה על הבוקר וניל 1 ליטר,ליטרים,1.00,ליטר,false,1,13.50,13.5000,true,1,970
7290004125721,false,"השף הלבן שמנת עמידה לבישול 15% תנובה 250 מ""ל",תנובה מרכז שיתופי לש,IL,"השף הלבן שמנת לבישול ,שמנת עמידה לבישול 15% 250 מל",מיליליטרים,250.00,"100 מ""ל",false,1,8.90,3.5600,true,1,971
7290004125738,false,שמנת מתוקה להקצפה32% 250מל עמיד השף הלבן,תנובה מרכז שיתופי לש,IL,"שמנת להקצפה 32% 250 מ""ל",מיליליטרים,250.00,"100 מ""ל",false,1,7.20,2.8800,true,1,972
7290004125776,false,גבינה צהובה עמק 28% 400 גרם בקופסא,תנובה חלב,IL,עמק פרוס 28% 400 גרם בקופסא,גרמים,400.00,100 גרם,false,1,31.90,7.9750,true,1,3318
7290004126674,false,טל העמק פרוסות גבינה חצי קשה לייט %9 200 גרם בקופסא,תנובה מרכז שיתופי לש,IL,גבינה צהובה טל העמק 9% לייט 200 גרם,גרמים,200.00,100 גרם,false,1,19.90,9.9500,true,1,974
7290004126759,false,יוגורט דיאט יופלה פירות יער 150 גרם,תנובה חלב,IL,יופלה דיאט פירות יער %0 גביע 150 גרם,גרמים,150.00,100 גרם,false,1,5.70,3.8000,true,1,975
7290004126872,false,"שוקו תנובה בבקבוק 250 מ""ל תנובה",תנובה חלב,IL,"שוקו תנובה בקבוק 250 מ""ל",מיליליטרים,250.00,"100 מ""ל",false,1,6.20,2.4800,true,1,3458
7290004127077,false,קוטג תנובה 3% גביע 250 גרם מהדרין,מיוצר עי קונדיטוריית,IL,קוטג 3% תנובה 250 גרם,גרמים,250.00,100 גרם,false,1,5.70,2.2800,true,1,976
7290004127329,false,קוטג תנובה גביע 250 גרם %5 ו.מהדרין,מיוצר עי קונדיטוריית,IL,קוטג 5% תנובה 250 גרם,גרמים,250.00,100 גרם,false,1,5.70,2.2800,true,1,978
7290004127336,false,קוטג תנובה גביע 250 גרם %9 ו.מהדרין,מיוצר עי קונדיטוריית,IL,קוטג 9% תנובה 250 גרם,גרמים,250.00,100 גרם,false,1,5.70,2.2800,true,1,979
7290004127800,false,"גבינה לבנה 500 גרם 5% ""תנובה"" -מוצר בפיקוח",מיוצר עי קונדיטוריית,IL,גבינה למריחה 5% פיקוח 500 גרם,גרמים,500.00,100 גרם,false,1,9.96,1.9920,true,1,981
7290004127817,false,גבינה לבנה 9% שומן 500 ג' תנובה,מיוצר עי קונדיטוריית,IL,גבינה למריחה 500 9% גרם,גרמים,500.00,100 גרם,false,1,9.50,1.9000,true,1,982
7290004128340,false,קרם גבינת שמנת %5 בטעם טבעי 200 ג' תנובה,תנובה חלב,IL,קרם גבינת שמנת 5% בטעם טבעי 200 גרם,גרמים,200.00,100 גרם,false,1,13.50,6.7500,true,1,988
7290004128364,false,קרם גבינת שמנת 5% עם זיתים ירוקים 200 ג' תנובה,"תנובה, מחלבת תל יוסף",IL,קרם גבינת שמנת 5% עם זיתים ירוקים 200 גרם,גרמים,200.00,100 גרם,false,1,13.50,6.7500,true,1,989
7290004129101,false,גבינת שמנת 25% בטעם טבעי 225 ג' נפוליאון,תנובה מרכז שיתופי לש,IL,גבינת שמנת נפוליאון טבעי 225 גרם,גרמים,225.00,100 גרם,false,1,15.20,6.7556,true,1,992
7290004129156,false,גבינת שמנת25% עם שום שמיר 225 ג' נפוליאון,תנובה מרכז שיתופי לש,IL,גבינת שמנת נפוליאון שום שמיר 225 גרם,גרמים,225.00,100 גרם,false,1,15.20,6.7556,true,1,994
7290004129545,false,גבינה למריחה 3% 250 גרם,מחלבת אלון תבור,IL,גבינה לבנה 3% תנובה 250 גרם,גרמים,250.00,100 גרם,false,1,4.90,1.9600,true,1,995
7290004129736,false,יוגורט במתיקות מעודנת 1.5% שומן 200 ג' יופלה,תנובה מרכז שיתופי לש,IL,יוגורט,גרמים,200.00,100 גרם,false,1,4.70,2.3500,true,1,2556
7290004129767,false,"3% 'יופלה לבן מארז שמינייה 1.2 ק""ג",מחלבת אלון תבור,IL,מאגדת יופלה לבן 3% שמינייה,קילוגרמים,1.20,"ק""ג",false,1,19.50,16.2500,true,1,43305
7290004130794,false,משקה סויה במתיקות מופחתת תנובה 1 ליטר,תנובה מרכז שיתופי לש,IL,משקה סויה מועשר מופחת מתיקות 1 ליטר,ליטרים,1.00,ליטר,false,1,13.50,13.5000,true,1,7187
7290004130916,false,יוגורט יופלה פירות יער בשמנת 3% 150 גרם,תנובה מרכז שיתופי לש,IL,יוגורט יופלה פירות יער שמנת 150 גרם,גרמים,150.00,100 גרם,false,1,5.70,3.8000,true,1,4733
7290004131074,false,"חלב 1 ליטר 3% קרטון ""תנובה""- מוצר בפיקוח",תנובה מרכז שיתופי לש,IL,חלב 3% קרטון מהדרין פיקוח 1 ליטר,ליטרים,1.00,ליטר,false,1,6.23,6.2300,true,1,996
7290004131432,false,יוגורט יופלה לבן ביו 3% 200 גרם,מיוצר עי קונדיטוריית,IL,יופלה לבן 3% גביע 200 גרם,גרמים,200.00,100 גרם,false,1,4.70,2.3500,true,1,2557
7290004131456,false,יוגורט ביו 1.5% שומן 200 ג' יופלה,מיוצר עי קונדיטוריית,IL,יופלה לבן 1.5% גביע 200 גרם,גרמים,200.00,100 גרם,false,1,4.70,2.3500,true,1,2558
7290004131531,false,שוקו שוק 20% פחות סוכר בקבוק 1ל,תנובה מרכז שיתופי לש,IL,שוקו תנובה בקבוק 1 ליטר,ליטרים,1.00,ליטר,false,1,14.50,14.5000,true,1,3018
7290004131814,false,גבינה צפתית 5% מעודנת 200 ג' פיראוס,פארייפאבה אגרואינדוס,IL,פיראוס צפתית 5% מעודנת 200 גרם,גרמים,200.00,100 גרם,false,1,16.50,8.2500,true,1,2834
7290004132552,false,משקה סויה בטעם טבעי לייט תנובה 1 ליטר,תנובה מרכז שיתופי לש,IL,משקה סויה דיאט 1 ליטר,ליטרים,1.00,ליטר,false,1,13.50,13.5000,true,1,2960
7290004132712,false,חטיף אצבעות גבינת מוצרלה 20% 172 ג' עמק,תנובה מרכז שיתופי לש,IL,עמק חטיף אצבעות גבינת מוצרלה 172 גרם 20%,גרמים,172.00,100 גרם,false,1,17.90,10.4070,true,1,2726
7290004133511,false,יופלה מאגדת לבן 1.5% מעודן 8 יח' * 150 ג',מיוצר עי קונדיטוריית,IL,יופלה שמיניה לבן מעודן 1.5%,קילוגרמים,1.20,"ק""ג",false,1,22.50,18.7500,true,1,43306
7290004133627,false,משקה חלב בטעם וניל בתוספת ויטמין A+D 3% ליטר,תנובה מרכז שיתופי לש,IL,חלב 3% על הבוקר קרטון +פקק 1 ליטר,ליטרים,1.00,ליטר,false,1,8.90,8.9000,true,1,6847
7290004133900,false,קצפת צמחית השף הלבן250מל,סוי מג'יק,IL,"קצפת צמחית השף הלבן 250 מ""ל",מיליליטרים,250.00,"100 מ""ל",false,1,8.90,3.5600,true,1,3319
7290004134945,false,יוגורט מוקה 3% שומן 150 ג' יופלה,תנובה מרכז שיתופי לש,IL,יופלה מוקה 150 3% גרם,גרמים,150.00,100 גרם,false,1,5.70,3.8000,true,1,54131
7290004135225,false,מעדן חלב דל קלוריות בטעם שוקולד 0.2שומ,תנובה מרכז שיתופי לש,IL,מעדן דיאט שוקולד 150 גרם,גרמים,150.00,100 גרם,false,1,4.20,2.8000,true,1,3772
7290004135614,false,גבינה בולגרית מעודנת 5% פיראוס 250 גרם,תנובה חלב,IL,פיראוס גבינה בולגרית מעודנת 5% שומן,גרמים,250.00,100 גרם,false,1,24.90,9.9600,true,1,14767
7290004136154,false,"משקה חלב אייס קפה תנובה בבקבוק 340 מ""ל",גוד פוד פרודקטס S.p,IL,"משקה אייס קפה תנובה בקבוק 340 מ""ל",מיליליטרים,340.00,"100 מ""ל",false,1,8.50,2.5000,true,1,15577
7290004136598,false,מארז הפסקת אוכל עם קורנפלקס ומשקה חלב עמיד בטעם וניל,פארייפאבה אגרואינדוס,IL,מארז הפסקת אוכל חלב+דגנים,לא מנהל יחידת מידה,0.00,לא מנהל יחידת מידה,false,1,10.90,0.0000,true,1,7665
7290004136857,false,מעדן גלי פטל תנובה 125 גרם,תנובה מרכז שיתופי לש,IL,גלי בטעם פטל 125 גרם,גרמים,125.00,100 גרם,false,1,2.70,2.1600,true,1,7301
7290004137021,false,"שמנת עמידה לבישול מופחת שומן 10% השף הלבן 250 מ""ל",תנובה מרכז שיתופי לש,IL,תנובה השף הלבן שמנת לבישול עם סיבים 10% שומן,מיליליטרים,250.00,"100 מ""ל",false,1,8.90,3.5600,true,1,16875
7290004137311,false,גבינה צהובה לייט 9% שומן 400 ג' עמק,תנובה חלב,IL,עמק גבינה צהובה חצי קשה 9% שומן,גרמים,400.00,100 גרם,false,1,33.90,8.4750,true,1,35063
7290004137809,false,פיראוס לאבנה 5% גביע 250 גרם,"תנובה, מחלבת אלון תב",IL,פיראוס לאבנה אסלית 5% שומן 250 גרם,גרמים,250.00,100 גרם,false,1,15.20,6.0800,true,1,21103
7290004161019,false,סלמון מונטה קרלו 10,מונטה קרלו,IL,סלמון מונטה קרלו 100 גרם,גרמים,100.00,100 גרם,false,1,26.90,26.9000,true,1,50832
7290004199166,false,כפפות לאטקס 100 יח' EASY TOUCH- S,הדקלאים אגודת שיתופי,TH,EASY TOUCH כפפות לטקס גודל: Small,יחידה,1.00,יחידה,false,1,34.90,34.9000,true,1,21111
7290004199173,false,כפפות לטקס איזי טאצ 100 יח מדיום,הדקלאים אגודת שיתופי,TH,EASY TOUCH כפפות לטקס גודל: Medium,לא מנהל יחידת מידה,0.00,לא מנהל יחידת מידה,false,1,34.90,0.0000,true,1,21112
7290004199180,false,כפפות לטקס חד פעמיות L איזי טאץ' 100 יחידות,הדקלאים אגודת שיתופי,TH,EASY TOUCH כפפות לטקס גודל: Large,יחידה,1.00,יחידה,false,1,34.90,34.9000,true,1,21113
7290004199203,false,קיסמי שיניים מבמבוק מלחיה 300 יחידות,הדקלאים אגודת שיתופי,CN,קיסמי שיניים מבמבוק מלחייה 300 יח',Unknown,0.00,Unknown,false,1,3.90,0.0000,true,1,23923
7290004199579,false,פלסטר מעורב 100 יח' - SUNNY PLASTER,הדקלאים אגודת שיתופי,CN,סאני פלסטר 100 פלסטרים בגדלים שונים סטריליים,גרמים,0.00,100 גרם,false,1,10.90,0.0000,true,1,26479
7290004200336,false,שמחה שקית בלונים 10י,גמר,,שקית בלונים 15 יח מודפס,לא מנהל יחידת מידה,0.00,לא מנהל יחידת מידה,false,1,16.90,0.0000,true,1,31398
7290004200794,false,סט זיקוקים קטנים+עבי,HUNAN,,זיקוקים סט,Unknown,0.00,Unknown,false,1,12.90,0.0000,true,1,17047
7290004200930,false,זיקוק זוג 15 סמ בשקית,שמחה זה אנחנו,CN,זיקוק זוג 15 סמ בשקית,יחידה,1.00,יחידה,false,1,7.80,7.8000,true,1,31452
7290004200961,false,זיקוק דק 3X בשקית,Unknown,CN,נר זיקוק 3 בשקית,לא מנהל יחידת מידה,0.00,לא מנהל יחידת מידה,false,1,5.80,0.0000,true,1,28851
7290004219284,false,אנשובי עגול בצנצנת ויליפוד 80 גרם,קונסרבאס פרדו,IT,אנשובי עגול 80 גרם,גרמים,80.00,100 גרם,false,1,14.90,18.6250,true,1,1007
7290004219819,false,מלבין קפה קומפלטה 200גרם,פריזלנד פודס קיוויט,NL,קומפלטה מלבין קפה הולנדי 200 גרם,גרמים,200.00,100 גרם,false,1,12.90,6.4500,true,1,1008
7290004225285,false,גבינה בסגנון דנאבלו 100 ג',האי נאם סי או אל.טי.,DK,רכיבי חלב ושומן צמחי בסגנון דנאבלו 100 גרם,גרמים,100.00,100 גרם,false,1,12.50,12.5000,true,1,29853
7290004255428,false,נר נשמה 24 שעות-מנורה,"מנורה שי נר בע""מ",IL,נר נשמה מנורה בפחית 24 שעות,יחידה,1.00,יחידה,false,1,2.50,2.5000,true,1,45503
7290004256371,false,ריץ פרוס 400 ג' -צהובה פרוסה,מלקפול אלוורטוסקה,PL,גבינה צהובה פרוסה על בסיס חלב,גרמים,400.00,100 גרם,false,1,19.90,4.9750,true,1,41836
7290004324605,false,גבינה מותכת למריחה בטעם רוקפור 7% מון בלאן 120 ג',האי נאם סי או אל.טי.,IL,גבינה מון בלאן רוקפור 120 גרם,גרמים,120.00,100 גרם,false,1,13.90,11.5833,true,1,3565
7290004339401,false,המבורגר אורז עדשים 400גרם טבע דלי,טבע דלי,IL,"בורגר אורז, עדשים ושקדים 400 גרם טבע דלי",גרמים,400.00,100 גרם,false,1,26.90,6.7250,true,1,35257
7290004339425,false,שווארמה מהצומח 350 גרם טבע דלי,טבע דלי בעמ,IL,טבע דלי סייטן שווארמה 350 גרם,גרמים,350.00,100 גרם,false,1,24.90,7.1143,true,1,35236
7290004339630,false,סייטן טבעי טבע דלי 350 גר,טבע דלי,IL,סייטן מקורי 350גרם טבע דלי,גרמים,350.00,100 גרם,false,1,19.90,5.6857,true,1,35263
7290004339777,false,סייטן טחון בולונז 350 גרם טבע דלי,טבע דלי,IL,סייטן בולונז 350גרם טבע דלי,גרמים,350.00,100 גרם,false,1,26.90,7.6857,true,1,51746
7290004339784,false,המבורגר ניו יורק על האש 400 גרם טבע דלי,טבע דלי,IL,בורגר על האש טבע דלי 400 גרם,גרמים,400.00,100 גרם,false,1,26.90,6.7250,true,1,35268
7290004339999,false,טבע דלי סייטן אמרנט שניצלונים 400גר,טבע דלי,IL,סייטן אמרנט שניצלונים טבע דלי 400 גרם,גרמים,400.00,100 גרם,false,1,29.90,7.4750,true,1,35278
7290004480332,false,גבינת גאודה30%משולש משקל,מחלבות גד,IL,"גאודה בקר משולש גד לק""ג",קילוגרמים,1.00,"ק""ג",true,,113.90,113.9000,true,1,52620
7290004480349,false,"משולש גבינת גאודה עיזים ""גד""",מחלבת אמלטי הולנד,IL,"גאודה עיזים משולש גד לק""ג",קילוגרמים,1.00,"ק""ג",true,,134.90,134.9000,true,1,52621
7290004480431,false,פטה עיזים מסורתית יח,מחלבת בית יצחק,IL,פטה עיזים מסורתית יחידה גד,קילוגרמים,1.00,"ק""ג",true,,159.00,159.0000,true,1,54096
7290004494049,false,פומה סוביניון בלאן-דלתון 750 מל,"יקב דלתון בע""\מ",IL,דלתון סוביניון בלאן יין לבן יבש גליל 2020 750 מל,מיליליטרים,750.00,"100 מ""ל",false,1,74.90,9.9867,true,1,33980
7290004494131,false,יין דלתון קברנה סוביניון גליל,"יקב דלתון בע""\מ",IL,דלתון קברנה סוביניון 2019 יין אדום יבש,מיליליטרים,750.00,"100 מ""ל",false,1,74.90,9.9867,true,1,28823
7290004494148,false,"דלתון גליל מרלו 750 מ""ל","יקב דלתון בע""\מ",IL,דלתון יין 15% אדום יבש מרלו 2014,מיליליטרים,750.00,"100 מ""ל",false,1,74.90,9.9867,true,1,28822
7290004494179,false,יין דלתון שרדונה 750 מל,"איי, בי, אינבוו",IL,יין דלתון שרדונה 750 מל,מיליליטרים,750.00,"100 מ""ל",false,1,74.90,9.9867,true,1,51862
7290004494353,false,"יין עלמה אייבורי 750 מ""ל דלתון","יקב דלתון בע""מ",IL,יין דלתון עלמה אייבורי 750מל,מיליליטרים,750.00,"100 מ""ל",false,1,79.90,10.6533,true,1,49749
7290004494377,false,"יין אדום שיראז סדרת דלתון 750 מ""ל","יקב דלתון בע""\מ",IL,יין דלתון אדום יבש שיראז 2020 13.5% 750 מל,מיליליטרים,750.00,"100 מ""ל",false,1,74.90,9.9867,true,1,28824
7290004494599,false,"יין עלמה קרימזון 750 מ""ל דלתון","יקב דלתון בע""מ",IL,עלמה קרימזון דלתון 750 מל 2018,מיליליטרים,750.00,"100 מ""ל",false,1,79.90,10.6533,true,1,45824
7290004494919,false,יין כנען קברנה שיראז 750 מל דלתון,"יקב דלתון בע""מ",IL,כנען אדום קברנה שיראז דלתון 750מל,מיליליטרים,750.00,"100 מ""ל",false,1,52.90,7.0533,true,1,45826
7290004554330,false,"קרחון בטעם דובדבן ""שטראוס""","מיוצר ע""\י גלידת שטראוס",IL,שלגון אסקימו דובדבן,גרמים,84.00,100 גרם,false,1,3.90,4.6429,true,1,2140
7290004584306,false,רבעיית גמדים בטעם תות בננה * 100 ג' שטראוס,מיוצר עי קונדיטוריית,IL,4 גמדים תות בננה,גרמים,400.00,100 גרם,false,1,11.90,2.9750,true,1,1078
7290004584351,false,גבינה לבנה סימפוניה עם תוספות 200 ג' חמישית 200,"שטראוס בריאות בע""\מ",IL,סימפוניה החמישית,גרמים,200.00,100 גרם,false,1,12.90,6.4500,true,1,1079
7290004584528,false,יוגורט דנונה ביו לבן 1.7% שומן 200 גרם,מיוצר עי קונדיטוריית,IL,דנונה ביו 1.7% 200 גרם,גרמים,200.00,100 גרם,false,1,3.70,1.8500,true,1,1080
7290004585907,false,דני ועדן וניל 1.5% 125ג' שטראוס,מיוצר עי קונדיטוריית,IL,דני וניל,גרמים,125.00,100 גרם,false,1,2.70,2.1600,true,1,1082
7290004658946,false,יין שרדונה פרייבט קולקשן יקבי כרמל,"כד בני דרום בע""מ",IL,"יין P.C שרדונה 750 מ""ל",מיליליטרים,750.00,"100 מ""ל",false,1,47.90,6.3867,true,1,32503
7290004658960,false,יין אמרלד ריזלינג פרייבט קולקשן יקבי כרמל,אגודת הכורמים הקואופרטיב,IL,"יין P.C אמרלד ריזלינג 750 מ""ל",מיליליטרים,750.00,"100 מ""ל",false,1,47.90,6.3867,true,1,1112
7290004731410,false,"שלישיית כריות קרצוף ירוקות סנו סושי 25X10.6 ס""מ",קריות זול,IL,כרית קרצוף סנו סושי ירוק שלישייה,יחידה,0.00,יחידה,false,1,11.90,0.0000,true,1,15179
7290004731472,false,"שלישיית אלסבון צבעוני כיף 500 מ""ל",טרופיקל דגיל תעשיות,IL,כיף שלישיה צבעוני,ליטרים,1.50,ליטר,false,1,19.90,13.2667,true,1,2879
7290004731670,false,"מטהר אוויר דואופרש פצ'ולי לבנדר סנו 300 מ""ל","סנו מפעלי ברונוס בע""\מ",IL,מבשם אוויר דואופרש לבנדר ופצ'ולי 300 מל,מיליליטרים,300.00,"100 מ""ל",false,1,14.90,4.9667,true,1,3435
7290004737719,false,אספרגוס שלם מקולף בצנצנת ויליפוד 330 גרם,קריות זול,CN,אספרגוס שלם בצנצנת 330 גרם,גרמים,330.00,100 גרם,false,1,12.50,3.7879,true,1,1135
7290004737900,false,חלב כחוש מרוכז וממותק בתוספת שמן צמחי ויליפוד 397 גרם,יו.איי.בי מאריג'אמפו,LT,חלב מרוכז הולנדי ויליפוד 397 גרם,גרמים,397.00,100 גרם,false,1,10.90,2.7456,true,1,1138
7290004872069,false,קרחון לימון כלפ.48*80גרם,גלידות נסטלה )נגה גלידות,IL,שלגון קרח לימון,Unknown,0.00,Unknown,false,1,3.00,0.0000,true,1,2048
7290004872229,false,"שלגון שוקולד כלפ. 48*67גרם חת""ס",תות תעשיות מזון (201,IL,שלגון שוקו מצופה,Unknown,0.00,Unknown,false,1,5.90,0.0000,true,1,2144
7290004872243,false,שלגון בננה מצופה נסטלה 57ג',תות תעשיות מזון (201,IL,שלגון בננה מצופה,Unknown,0.00,Unknown,false,1,5.90,0.0000,true,1,2031
7290004872250,false,שלגון שרבט אבטיח נסטלה 108 גרם,גלידות נסטלה )נגה גלידות,IL,שלגון אבטיח קיץ,Unknown,0.00,Unknown,false,1,5.90,0.0000,true,1,6534
7290004872731,false,טילון וניל אקסטרים נסטלה 72 גרם,גלידות נסטלה,IL,טילון אקסטרים וניל,Unknown,0.00,Unknown,false,1,7.90,0.0000,true,1,5609
7290004872786,false,טילון אקסטרים פקאן ענק,גלידות נסטלה,IL,טילון אקסטרים ענק פקאן 139 גרם,גרמים,139.00,100 גרם,false,1,9.90,7.1223,true,1,2146
7290004943301,false,ברוקולי קפוא 800 גרם,משק ויילר,IL,ברוקולי מילוטל 800גרם,גרמים,800.00,100 גרם,false,1,13.90,1.7375,true,1,30858
7290004943806,false,רבנות כרובית 800 גרם,משק ויילר,IL,כרובית מילוטל 800גרם,גרמים,800.00,100 גרם,false,1,13.90,1.7375,true,1,53967
7290005008184,false,"סבון נוזלי בניחוח חלב שקדים פלמוליב 500 מ""ל",הנסיך- מפעל לייצור ט,TR,פלמוליב סבון נוזלי חלב שקדים 500 מל,מיליליטרים,500.00,"100 מ""ל",false,1,17.90,3.5800,true,1,4035
7290005008191,false,"סבון נוזלי ארומה בניחוח לבנדר פטצ'ולי וילנג ילנג פלמוליב 500 מ""ל",הנסיך- מפעל לייצור ט,TR,500 מל סבון נוזלי פלמוליב so relaxed,מיליליטרים,500.00,"100 מ""ל",false,1,17.90,3.5800,true,1,4036
7290005020162,false,וויסקי סקוטי בלנטייס פיינסט 700 מל,פרנו,LK,וויסקי סקוטי בלנטייס פיינסט,מיליליטרים,700.00,"100 מ""ל",false,1,99.90,14.2714,true,1,7140
7290005020346,false,בקרדי קרטה בלנקה סופ,תאגיד בקרדי,US,"בקרדי לבן 750 מ""ל",מיליליטרים,750.00,"100 מ""ל",false,1,109.90,14.6533,true,1,7136
7290005084355,false,סנסודין משחת שיניים דואל קר פלואוריד 75,גלקסו סמית קליין,GB,סנסודיין משחת שיניים הגנה כפולה 75 מל,מיליליטרים,75.00,"100 מ""ל",false,1,22.90,30.5333,true,1,41174
7290005095399,false,מצת סיגריות מותג,,,מצת סיגריות אלקטרוני מותג,לא מנהל יחידת מידה,0.00,לא מנהל יחידת מידה,false,1,4.50,0.0000,true,1,36582
7290005158407,false,עוגיות טחינה ואגוזים,פרוטרופיק סיה.,IL,עוגיות טחינה ואגוזים מכוסמין 300 גרם,גרמים,300.00,100 גרם,false,1,34.90,11.6333,true,1,51104
7290005197758,false,"עוגיות חיוכים שוקולד עלית 150 גרם בד""צ",אפיפית נצרת תעשיות ב,IL,חיוכים שוקו 150 בדצ,גרמים,150.00,100 גרם,false,1,6.90,4.6000,true,1,22807
7290005200786,false,תפוצ'יפס בטעם שמנת בצל עלית 50 גרם,"שטראוס פריטו ליי בע""\מ )",IL,תפו שמנת בצל 50 גר 48 יח - שמיטה,גרמים,50.00,100 גרם,false,1,5.50,11.0000,true,1,1288
7290005201882,false,קפה טורקי בצלופן עלית 200 גרם,הנסיך- מפעל לייצור ט,IL,קפה טורקי 200 גרם,גרמים,200.00,100 גרם,false,1,17.90,8.9500,true,1,19123
7290005271410,false,גליקסמן ביצים רגילות,גליקסמן שיווק ביצים,IL,ביצים L ארוזות 12 יחידות,לא מנהל יחידת מידה,0.00,לא מנהל יחידת מידה,false,1,12.05,0.0000,true,1,19485
7290005271458,false,ביצים אורגניות לארג,גליקסמן שיווק ביצים,IL,ביצים L אורגניות 12 יחידות,לא מנהל יחידת מידה,0.00,לא מנהל יחידת מידה,false,1,25.90,0.0000,true,1,19487
7290005271465,false,ביצים מידיום אורגני 12 יח',גליקסמן שיווק ביצים,IL,ביצים M אורגניות 12 יחידות,לא מנהל יחידת מידה,0.00,לא מנהל יחידת מידה,false,1,24.90,0.0000,true,1,19488
7290005271687,false,אריזון 12 ביצים L-אומגה 3 מעושרות,גליקסמן שיווק ביצים,IL,ביצים L אומגה 3 לבן 12 יחידות,יחידה,1.00,יחידה,false,1,22.90,22.9000,true,1,19497
7290005271755,false,תבנית ביצים L חופש 12יחי,גליקסמן שיווק ביצים,IL,ביצים L חופש 12 יחידות,לא מנהל יחידת מידה,0.00,לא מנהל יחידת מידה,false,1,25.90,0.0000,true,1,22860
7290005271762,false,ביצים חופש מידיום 12 יח',גליקסמן שיווק ביצים,IL,ביצים חופש M בינוני 12 יחידות,לא מנהל יחידת מידה,0.00,לא מנהל יחידת מידה,false,1,23.90,0.0000,true,1,22861
7290005271779,false,ביצה גדול 30 יח לארג,גליקסמן שיווק ביצים,IL,ביצים L ארוזות 30 יחידות,מיליליטרים,0.00,"100 מ""ל",false,1,30.10,0.0000,true,1,35040
7290005271847,false,ביצה ענק 10יח אקס אל,גליקסמן שיווק ביצים,,ביצים XL ארוזות 10 יחידות,לא מנהל יחידת מידה,0.00,לא מנהל יחידת מידה,false,1,10.90,0.0000,true,1,38314
7290005287510,false,"סטארקיסט טונה בשמן עם פלפל חריף 160 גרם בד""צ","סטארקיסט פודור בע""מ",TH,ס.ק עם פלפל חריף 160 גרם,גרמים,160.00,100 גרם,false,1,8.90,5.5625,true,1,15922
7290005287527,false,"סטארקיסט טונה בשמן עם לימון 160 גרם בד""צ",תאי יוניון גרופ,TH,ס.ק בטעם לימון 160גרם,גרמים,160.00,100 גרם,false,1,8.90,5.5625,true,1,15923
7290005287534,false,"סטארקיסט טונה בשמן עישון טבעי 160 גרם בד""צ",תאי יוניון גרופ,IL,סטארקיסט טונה בשמן בטעם מעושן,גרמים,160.00,100 גרם,false,1,11.90,7.4375,true,1,15924
7290005296246,false,"פותח סתימות דריין אאוט 946 מ""ל יעקבי",יוליניבר,US,יעקבי פותח סתימות בצנרת ניקוז 946 מל,מיליליטרים,946.00,"100 מ""ל",false,1,36.90,3.9006,true,1,17581
7290005423253,false,"סנו - מקסימה מרסס למייבש כביסה אולטרה פרש 750 מ""ל","סנו מפעלי ברונוס בע""\מ",IL,"מרסס למייבש כביסה מקסימה כחול 750 מ""ל",מיליליטרים,750.00,"100 מ""ל",false,1,19.90,2.6533,true,1,4655
7290005423369,false,סנו די קידס תחליב דוחה יתושים לילדים 100,טרופיקל דגיל תעשיות,IL,סנו די תחליב דוחה יתושים 100 מל,מיליליטרים,100.00,"100 מ""ל",false,1,21.90,21.9000,true,1,45254
7290005423499,false,"תרסיס לניקוי משטחי נירוסטה אירוסל סנו 500 מ""ל",מיוצר עי קונדיטוריית,IL,נירוסטה - לניקוי והברקה של משטחי נירוסטה,מיליליטרים,500.00,"100 מ""ל",false,1,22.90,4.5800,true,1,21169
7290005423567,false,מטליות ניקוי רב שימושיות בגליל סנו סושי 40 יחידות,אסותא תעשיות אלבד בע,IL,סנו סושי - 40 מטליות לניקוי כללי בגליל,לא מנהל יחידת מידה,0.00,לא מנהל יחידת מידה,false,1,28.50,0.0000,true,1,6034
7290005423635,false,ריצפז נוזל רצפות דוחה תיקנים סנו 2 ליטר,מיוצר עי קונדיטוריית,IL,סנו ריצפז פלוס,ליטרים,2.00,ליטר,false,1,26.90,13.4500,true,1,4042
7290005423734,false,מרכך כביסה מרוכז אולטרא פרש סנו מקסימה 4 ליטר,"סנו מפעלי ברונוס בע""\מ",IL,מרכך 4 ליטר,ליטרים,4.00,ליטר,false,1,24.90,6.2250,true,1,1359
7290005424847,false,"מפיות סופט לבנות לשולחן (150 יח') ""סנו""",מיוצר עי קונדיטוריית,TR,מפיות נייר סנו סושי 150 יח,Unknown,0.00,Unknown,false,1,9.90,0.0000,true,1,6037
7290005425110,false,"חיטוי משטחים 99.9% מתז מחטא ומשמיד 750 מ""ל","סנו מפעלי ברונוס בע""\מ",IL,סנו מחטא ומשמיד חיידקים 750 מל,לא מנהל יחידת מידה,0.00,לא מנהל יחידת מידה,false,1,18.90,0.0000,true,1,45126
7290005425196,false,"מקסימה אבקת כביסה סנסיטיב סנו 2.5 ק""ג",מיוצר עי קונדיטוריית,IL,אבקת כביסה מרוכזת SENSITIVE,קילוגרמים,2.50,"ק""ג",false,1,28.90,11.5600,true,1,30949
7290005425646,false,קליר נוזל לניקוי חלונות רב תכליתי סנו 1 ליטר,"סנו מפעלי ברונוס בע""\מ",IL,סנוקליר חלונות 1 ליטר,ליטרים,1.00,ליטר,false,1,15.90,15.9000,true,1,1368
7290005426193,false,ספוגית הפלא סנו סושי 6 יחידות,טרופיקל דגיל תעשיות,IL,סנו סושי ספוג הפלא,Unknown,0.00,Unknown,false,1,14.90,0.0000,true,1,21170
7290005426230,false,מטלית הפלא לרצפה מיקרופייבר סנו 1יח',סנו סושי,CN,מטלית הפלא לרצפה סנו סושי,Unknown,0.00,Unknown,false,1,13.90,0.0000,true,1,1372
7290005426940,false,"סנו K-300 מדביר חרקים 475 מ""ל",טרופיקל דגיל תעשיות,IL,"משמיד חרקים K300 פלוס 400 מ""ל",מיליליטרים,400.00,"100 מ""ל",false,1,25.90,6.4750,true,1,2886
7290005427107,false,סנו - סושי מגבות נייר הפלא 6 יחידות,מיוצר עי קונדיטוריית,IL,"סנו סושי 6 מגבות הפלא, 700 גרם",מטרים,6350.00,מטר,false,1,12.90,0.0020,true,1,2430
7290005430602,false,"סנו אוקסיג'ן ספריי להסרת כתמים עם חמצן פעיל 750 מ""ל","סנו מפעלי ברונוס בע""",IL,"מסיר כתמים אוקסיג""ן מרסס 750 מ""ל",מיליליטרים,750.00,"100 מ""ל",false,1,21.90,2.9200,true,1,1389
7290005431159,false,תותים בקצפת לייט עדן קינוחים 80 גרם,עדן קינוחים,IL,תותים בקצפת לייט עדן 80 גרם,גרמים,80.00,100 גרם,false,1,7.40,9.2500,true,1,51778
7290005431883,false,מלבי חלבי עדן קינוחים 165 גרם,עדן קינוחים Eden,IL,עדן מלבי 165 גרם,גרמים,165.00,100 גרם,false,1,7.40,4.4848,true,1,44159
7290005431890,false,עדן קינוחים בוואריה,עדן קינוחים,IL,עדן בוואריה 95 גרם,גרמים,95.00,100 גרם,false,1,7.40,7.7895,true,1,44163
7290005431906,false,קדאיף עדן קינוחים 82 גרם,עדן קינוחים Eden,IL,קדאיף 82 גרם,גרמים,82.00,100 גרם,false,1,7.40,9.0244,true,1,44162
7290005431913,false,עוגת גבינה פירורים עדן קינוחים 92 גרם,עדן קינוחים Eden,IL,עוגת גבינה פירורים 92 גרם,גרמים,92.00,100 גרם,false,1,7.40,8.0435,true,1,44160
7290005431920,false,עוגת גבינה פירורים לייט עדן קינוחים 78 גרם,עדן קינוחים Eden,IL,עוגת גבינה פירורים לייט 78 גרם,גרמים,78.00,100 גרם,false,1,7.40,9.4872,true,1,44161
7290005431937,false,טירמיסו עדן קינוחים 82 גרם,עדן קינוחים Eden,IL,טירמיסו 82 גרם,גרמים,82.00,100 גרם,false,1,7.40,9.0244,true,1,44158
7290005431968,false,מלבי שמנת עדן קינוחים 150 גרם,עדן קינוחים Eden,IL,מלבי שמנת 150גרם,גרמים,150.00,100 גרם,false,1,8.70,5.8000,true,1,46005
7290005559907,false,פיצה משפחתית 100% גבינה מעדנות 500 גרם,מיוצר עי קונדיטוריית,IL,פיצה משפחתית גבינה מעדנות 500גרם,גרמים,500.00,100 גרם,false,1,28.90,5.7800,true,1,1417
7290005559914,false,פיצה משפחתית עם 100% גבינה בתוספת זיתים מעדנות 550 גרם,מיוצר עי קונדיטוריית,IL,פיצה משפחתית זיתים 550 גרם,גרמים,550.00,100 גרם,false,1,28.90,5.2545,true,1,1418
7290005559990,false,בצק פילאס תורכי מעדנות 600 גרם,מיוצר עי קונדיטוריית,IL,בצק פילאס תורכי 600 גרם,גרמים,600.00,100 גרם,false,1,27.90,4.6500,true,1,29739
7290005591761,false,דבש טהור מפרחי בר בלחיץ 400 ג' יד מרדכי,מכוורת יד מרדכי שטראוס ב,IL,דבש טהור לחיץ 400 גרם,גרמים,400.00,100 גרם,false,1,24.90,6.2250,true,1,1425
7290005680052,false,טמפונים סופר פלוס אובה 32 יחידות,גונסון אנד גונסון,GR,טמפוני O.B סופר פלוס 32 יח,יחידה,32.00,יחידה,false,1,25.90,0.8094,true,1,14953
7290005684135,false,לחם מחמצת שיפון עם אגוזים 650 ג',המאפיה של הרמן,IL,לחם מחמצת שיפון עם אגוזים,גרמים,650.00,100 גרם,false,1,16.90,2.6000,true,1,51017
7290005684272,false,חלה מתוקה ארוזה 500,,IL,חלה מתוקה ארוזה 500 גרם,גרמים,500.00,100 גרם,false,1,16.90,3.3800,true,1,54372
7290005684418,false,לחם כוסמין אורגני 700 גר,מאפיה מרחבית קרית שמונה,IL,לחם כוסמין מלא אורגני 700 גרם,גרמים,700.00,100 גרם,false,1,16.90,2.4143,true,1,39666
7290005684487,false,לחמניות כוסמין מקמח 6*70גר,המאפיה של הרמן,IL,"לחמניות כוסמין 6 יחידות, 420 גרם",גרמים,420.00,100 גרם,false,1,14.90,3.5476,true,1,40908
7290005684579,false,לחם מחמצת כוסמין 700 גרם,המאפיה של הרמן,IL,לחפ מחמצת כוסמין,גרמים,700.00,100 גרם,false,1,16.90,2.4143,true,1,51018
7290005684654,false,לחם מחמצת שיפון 700 גרם,המאפיה של הרמן,IL,לחם מחמצת שיפון,גרמים,700.00,100 גרם,false,1,16.90,2.4143,true,1,51019
7290005686436,false,תפוח עץ מיובש ששון ה,"דין שיווק וקלייה בע""",IL,תפוח עץ מיובש 200 גרם,גרמים,200.00,100 גרם,false,1,13.90,6.9500,false,1,16129
7290005811111,false,בייגלה מקמח כוסמין עם מלח 300 גרם,"אם החיטה בע""מ",IL,בייגלה מקמח כוסמין עם מלח 300 גרם,גרמים,300.00,100 גרם,false,1,17.90,5.9667,true,1,43096
7290005811128,false,בייגלה מקמח כוסמין עם שומשום 300 גרם,"אם החיטה בע""מ",IL,הבייגלה מקמח כוסמין עם שומשום 300 גרם,גרמים,300.00,100 גרם,false,1,17.90,5.9667,true,1,43097
7290005838002,false,מעדן גבינה ויוגורט בטעם וניל 88 ג' דניאלה,"שטראוס בריאות בע""מ",IL,דניאלה וניל,גרמים,88.00,100 גרם,false,1,4.50,5.1136,true,1,1455
7290005838613,false,"סקי וניל בודד 125 גרם ""שטראוס""","שטראוס בריאות בע""\מ",IL,סקי וניל 125 גרם,גרמים,125.00,100 גרם,false,1,3.80,3.0400,true,1,8366
7290005839078,false,שמיניית יוגורט לבן 3% ביו דנונה 150 גרם,מיוצר עי קונדיטוריית,IL,מארז 8 חסכון - ביו 3% 150 גרם,קילוגרמים,1.20,"ק""ג",false,1,17.60,14.6667,true,1,42650
7290005839108,false,גבינה לבנה סימפוניה עם תוספות 200 ג'+זיתים 5%,"שטראוס בריאות בע""\מ",IL,סימפוניה 5% עם זתים,גרמים,200.00,100 גרם,false,1,12.90,6.4500,true,1,1456
7290005839313,false,"מילקי טופ מגולגלת שטראוס 170 מ""ל",מיוצר עי קונדיטוריית,IL,מילקי טופ מגולגלת,גרמים,140.00,100 גרם,false,1,5.00,3.5714,true,1,1457
7290005854606,false,שלגון אסקימו אננס שטראוס 75 גרם,שטראוס,IL,שלגון אסקימו אננס,לא מנהל יחידת מידה,0.00,לא מנהל יחידת מידה,false,1,3.00,0.0000,true,1,2185
7290005896439,false,"בירה מכבי, בקבוק חוזר 500 מ''ל","טמפו משקאות בע""מ",IL,"בירה מכבי, בקבוק חוזר 500 מ''ל",מיליליטרים,500.00,"100 מ""ל",false,1,7.50,1.5000,true,1,24783
7290005896453,false,"בירה מכבי 7.9%, בירה חזקה, בקבוק חוזר 500 מ''ל",טמפו משקאות בע''מ,IL,"בירה מכבי 7.9%, בירה חזקה, בקבוק חוזר 500 מ''ל",מיליליטרים,500.00,"100 מ""ל",false,1,7.50,1.5000,true,1,35008
7290005896620,false,סאן בנדטו - מוגז עדין - 1.5 ליטר,אקווה מינרלה סאן בנד,IT,סאן בנדטו מוגז עדין 1.5 ליטר,ליטרים,1.50,ליטר,false,1,4.50,3.0000,true,1,5671
7290005896637,false,סאן בנדטו - מים מינרלים טבעיים מהאלפים 1.5 ליטר,אקווה מינרלה סאן בנדטו ב,IT,סן בנדטו 1.5 ליטר,ליטרים,1.50,ליטר,false,1,4.50,3.0000,true,1,18224
7290005938238,false,ממרח צ'ימצ'ורי פרסקו 220ג' מצונן,"פרסקו חצבה 2006 בע""מ",IL,פרסקו צ'ימיצ'ורי ממרח בסגנון ארגנטינאי 220 גרם,גרמים,220.00,100 גרם,false,1,19.90,9.0455,true,1,2980
7290005938245,false,ממרח פסטו קלאסי פרסקו 220ג' מצונן,מיוצר עי פרסקו חצבה,IL,פרסקו פסטו קלאסי ממרח בזיליקום וצנובר 220 גרם,גרמים,220.00,100 גרם,false,1,20.90,9.5000,true,1,2971
7290005966033,false,"יין לבן הר חרמון 750 מ""ל",יקבי רמת הגולן קצרין,IL,"הר חרמון יין לבן יבש 2020 750 מ""ל",מיליליטרים,750.00,"100 מ""ל",false,1,44.90,5.9867,true,1,1461
7290005992018,false,"יוגורט עיזים לשתיה 3% מחלבות גד 500 מ""ל","מיוצר ע""\י קוד יצרן MKN",IL,"יוגורט עיזים 500 מ""ל גד",מיליליטרים,500.00,"100 מ""ל",false,1,14.90,2.9800,true,1,1473
7290005992575,false,גבינה בולגרית למריחה 5% גד 250 גרם,מחלבות גד בעמ,IL,גד גבינה בולגרית מלוחה למריחה 5% שומן,גרמים,250.00,100 גרם,false,1,19.90,7.9600,true,1,1479
7290005992735,false,לאבנה טבעי 5 אחוז 250גרם גד,הנסיך- מפעל לייצור ט,IL,גבינת לאבנה 5% 250 גרם גד,גרמים,250.00,100 גרם,false,1,13.90,5.5600,true,1,1482
7290005996078,false,סלמי סרוולט הונגרי יחיעם 150 גרם,מעדני יחיעם,IL,סלמי סרוולט הונגרי 125 ג',גרמים,125.00,100 גרם,false,1,31.90,25.5200,true,1,45278
7290005996153,false,נקניקיות צרפתיות פרימיום 280 גרם,מעדני יחיעם,IL,נק' בסגנון צרפתי 280 גרם,גרמים,280.00,100 גרם,false,1,24.90,8.8929,true,1,44665
7290005996160,false,נקניקיות צוריסו פרימיום יחיעם 280 גרם,מעדני יחיעם,IL,נק' צ'וריסו 280 גרם,גרמים,280.00,100 גרם,false,1,24.90,8.8929,true,1,44666
7290005996221,false,פסטרמה של פעם דקדק יחיעם 120 גרם,מעדני יחיעם,IL,פסט' של פעם דק דק 120 גרם,גרמים,120.00,100 גרם,false,1,11.90,9.9167,true,1,45726
7290005996238,false,פסטרמה בדבש דקדק יחיעם 120 גרם,מעדני יחיעם,IL,פסט' בדבש דק דק 120 גרם,גרמים,120.00,100 גרם,false,1,11.90,9.9167,true,1,45725
7290005996276,false,פסטרמה ברביקיו דק דק 120 גרם,מעדני יחיעם,IL,פסט' ברבקיו דק דק 140גר',גרמים,120.00,100 גרם,false,1,11.90,9.9167,true,1,45727
7290005996740,false,סלמי פפרוני יחיעם 300 ג',מעדני יחיעם 1993,IL,סלמי פפרוני יחיעם 300 גרם,גרמים,300.00,100 גרם,false,1,26.90,8.9667,true,1,51067
7290005996825,false,נקניקיות בקר בסגנון אמריקאי 280 גרם,מעדני יחיעם 1993,IL,נקניקיות בקר אמריקאיות יחיעם 280גרם,גרמים,280.00,100 גרם,false,1,25.90,9.2500,true,1,50923
7290006229427,false,סן בנדטו - מים מינרלים - מארז שישיית 500 מל,קריות זול,IT,"מים סן בנדטו שישייה בקבוק 500 מ""ל",ליטרים,3.00,ליטר,false,1,15.90,5.3000,true,1,18795
7290006241214,false,שקד טבעי קליית גת 200 גרם,הדקלאים אגודת שיתופי,IL,שקד טבעי שקית 200 גרם,גרמים,200.00,100 גרם,false,1,24.90,12.4500,true,1,15370
7290006251107,false,תה צ'אי מסאלה ויסוצקי 25 יחידות,מולינו ניקולי s.p.a,IL,מסאלה צ'אי,גרמים,50.00,100 גרם,false,1,19.90,39.8000,true,1,1506
7290006251275,false,תה ירוק סיני קלאסי ויסוצקי 25 יחידות,תה ויסוצקי,IL,תה ירוק סיני T.T,גרמים,37.00,100 גרם,false,1,26.90,72.7027,true,1,24149
7290006251343,false,חליטת פסיפלורה מנגו הגן הקסום ויסוצקי 25 יחידות,תה ויסוצקי,IL,"מנגו-פסיפלורה ""הגן הקסום""",גרמים,62.00,100 גרם,false,1,19.90,32.0968,true,1,1508
7290006251374,false,תה ירוק לימונית וג'ינג'ר ויסוצקי 25 יחידות,תה ויסוצקי,IL,תה ירוק לימונית וגינגר 25 שקיקים,גרמים,37.00,100 גרם,false,1,26.90,72.7027,true,1,2204
7290006256089,false,"יין אדום קברנה סוביניון גאטו נגרו 750 מ""ל",פינקה לה סליה,AR,יין גאטו נגרו קברנה סוביניון750מל,מיליליטרים,750.00,"100 מ""ל",false,1,39.90,5.3200,true,1,1510
7290006256102,false,"יין אדום מרלו גאטו נגרו 750 מ""ל",פינקה לה סליה,AR,יין גאטו נגרו מרלו 750 מל .,מיליליטרים,750.00,"100 מ""ל",false,1,39.90,5.3200,true,1,1511
7290006265500,false,פטריות שמפיניון ארוז מרינה,"מרינה פטריות הגליל בע""מ",IL,פטריות שמפיניון יחידה,גרמים,250.00,100 גרם,false,1,12.90,5.1600,true,1,20695
7290006265548,false,נבטים סינים מרינה ארוז 360ג',"מרינה פטריות הגליל בע""מ",IL,נבטים סינים יח,גרמים,350.00,100 גרם,false,1,6.50,1.8571,true,1,22070
7290006267542,false,פנינים תבור אדום מבעב750,יקב תבור,IL,"יין תבור פנינים אדום 750 מ""ל",מיליליטרים,750.00,"100 מ""ל",false,1,38.90,5.1867,true,1,23506
7290006271174,false,ג'חנון לאפיה בתנור מעדנות 700 גרם,מיוצר עי קונדיטוריית,IL,"ג""חנון בצק 700 גרם",גרמים,700.00,100 גרם,false,1,21.90,3.1286,true,1,1512
7290006271181,false,ג'חנון אפוי למיקרוגל מעדנות 750 גרם,מיוצר עי קונדיטוריית,IL,"ג""חנון אפוי 750 גרם מעדנות",גרמים,750.00,100 גרם,false,1,27.90,3.7200,true,1,1513
7290006272072,false,חטיפי פיצה גבינה מעדנות 650 גרם,"מעדנות בע""\מ",IL,חטיפי פיצה מעדנות 650 גרם,גרמים,650.00,100 גרם,false,1,36.90,5.6769,true,1,39565
7290006272430,false,בצק עלים חמאה מעדנות 600 גרם,מיוצר עי קונדיטוריית,IL,בצק עלים חמאה 600 גרם,גרמים,600.00,100 גרם,false,1,31.90,5.3167,true,1,26112
7290006306302,false,רביולי במילוי גבינות פרמזן ריקוטה 400 ג' פסטה נונה,דורום תעשיות מזון ופסטה,IL,רביולי במילוי גבינות פרמזן וריקוטה,גרמים,400.00,100 גרם,false,1,29.90,7.4750,true,1,3187
7290006306319,false,רביולי במילוי בטטה 400 ג' פסטה נונה,דורום תעשיות מזון ופסטה,IL,רביולי במילוי בטטה,גרמים,400.00,100 גרם,false,1,29.90,7.4750,true,1,3188
7290006306326,false,רביולי במילוי פטריות וגבינת פרמזן פסטה נונה 400 ג',דורום תעשיות מזון ופסטה,IL,רביולי במילוי פטריות וגבינת פרמזן,גרמים,400.00,100 גרם,false,1,29.90,7.4750,true,1,3189
7290006306340,false,"ניוקי תפו""א פסטה נונה גד 400 גרם",דורום תעשיות מזון ופסטה,IL,ניוקי תפוח אדמה,גרמים,400.00,100 גרם,false,1,29.90,7.4750,true,1,3190
7290006306357,false,רביולי במילוי גבינת עיזים 400 ג' פסטה נונה,דורום תעשיות מזון ופסטה,IL,רביולי במילוי גבינת עיזים 400 גרם,גרמים,400.00,100 גרם,false,1,30.90,7.7250,true,1,3208
7290006342065,false,בוטנים קלויים ששון הקולה 200 גרם,,,בוטנים קלויים 200גרם,גרמים,200.00,100 גרם,false,1,9.90,4.9500,true,1,51543
7290006342072,false,גרעין לבן ששון הקולה 200 גרם,"דין שיווק וקלייה בע""",IL,גרעין לבן 200גרם,גרמים,200.00,100 גרם,false,1,12.90,6.4500,true,1,51550
7290006342447,false,גרעיני אבטיח ששון הקולה 200 גרם,"דין שיווק וקלייה בע""",IL,גרעין אבטיח 200גרם,גרמים,200.00,100 גרם,false,1,17.90,8.9500,true,1,51544
7290006342515,false,מנצ'ס ששון הקולה 200 גרם,"דין שיווק וקלייה בע""",,"מנצ""ס 200 גרם",גרמים,200.00,100 גרם,false,1,8.90,4.4500,true,1,28893
7290006342553,false,קבוקים 200 גרם ששון וקולה,"דין שיווק וקליה בע""מ",,קבוקים200 גר,גרמים,200.00,100 גרם,false,1,6.90,3.4500,true,1,51545
7290006342560,false,בוטן אמריקאי ששון הקולה 200 גרם,"דין שיווק וקלייה בע""",IL,בוטן אמריקאי 200גרם,גרמים,200.00,100 גרם,false,1,6.90,3.4500,true,1,51524
7290006342645,false,טורטיה גדולה שקדיה 840 גרם 12 יחידות,אלקטי קוראבייכיסיגיד,TR,עלי טורטייה גדולה 840 גרם,גרמים,840.00,100 גרם,false,1,16.90,2.0119,true,1,28022
7290006346018,false,"הבולגרית של דורית 250 גרם ""מונטה קרלו""",מונטה קרלו,,הבולגרית של דורית 250גרם,גרמים,250.00,100 גרם,false,1,30.90,12.3600,true,1,50483
7290006346025,false,"צזיקי יווני 250 גרם ""מונטה קרלו""",קלאס פוד,IL,ציזיקי יווני מונטה קרלו 250גרם,גרמים,250.00,100 גרם,false,1,19.90,7.9600,true,1,52105
7290006346063,false,"לאבנה שמן זית וזעתר 250 גרם ""מונטה קרלו""",מונטה קרלו,IL,לאבנה שמן זית זעתר מונטה קרלו 250 גרם,גרמים,250.00,100 גרם,false,1,19.90,7.9600,true,1,54009
7290006346117,false,"מלפפון חמוץ ביתי במלח ""מונטה קרלו""",מונטה קרלו,IL,מלפפון כבוש ביתי דלי מונטה קרלו 330גרם,גרמים,330.00,100 גרם,false,1,23.90,7.2424,true,1,50508
7290006346148,false,גבינה בולגרית בצל יר,מונטה קרלו,IL,גבינה בולגרית בצל ירוק מונטה קרלו 250,גרמים,250.00,100 גרם,false,1,24.90,9.9600,true,1,54032
7290006346162,false,טורשי ירקות דלי מונט,מונטה קרלו,IL,טורשי ירקות דלי מונטה קרלו 330גרם,גרמים,330.00,100 גרם,false,1,23.90,7.2424,true,1,50506
7290006346247,false,"קוביות בולגרית בפסטו 250 גרם ""מונטה קרלו""",,,קוביות בולגרית בפסטו 250 גרם,גרמים,250.00,100 גרם,false,1,26.90,10.7600,true,1,50489
7290006346315,false,משוויה חציל חריף 250,מונטה קרלו,IL,משוויה חציל חריף 250 גרם,גרמים,250.00,100 גרם,false,1,16.90,6.7600,true,1,51375
7290006346377,false,חציל בולגרית מונטה,מונטה קרלו,IL,חציל בולגרית מונטה קרלו 250 גרם,גרמים,250.00,100 גרם,false,1,19.90,7.9600,true,1,54005
7290006346391,false,הרינג בצל ירוק מונטה,מונטה קרלו,IL,הרינג בצל ירוק מונטה קרלו 250גרם,גרמים,250.00,100 גרם,false,1,24.90,9.9600,true,1,50826
7290006346414,false,"אבוקדו 250 גרם ""מונטה קרלו""",קלאס פוד,IL,סלט אבוקדו 250גרם,גרמים,250.00,100 גרם,false,1,21.90,8.7600,true,1,50487
7290006346452,false,טונה זיתים ללא מיונז,מונטה קרלו,IL,טונה זיתים ללא מיונז 250 גרם,גרמים,250.00,100 גרם,false,1,23.90,9.5600,true,1,51373
7290006346575,false,כדורי גבינה בשמן זית,מונטה קרלו,IL,כדורי גבינה בשמן זית וזעתר מונטה קרלו 3,גרמים,300.00,100 גרם,false,1,33.90,11.3000,true,1,54006
7290006346612,false,"גבינת שמנת קלמטה 250 גרם ""מונטה קרלו""",מונטה קרלו,IL,גבינת שמנת קלמטה מונטה קרלו 250 גרם,גרמים,250.00,100 גרם,false,1,19.90,7.9600,true,1,54007
7290006346629,false,גבינת שמנת חציל מונ,מונטה קרלו,IL,גבינת שמנת חציל מונטה קרלו 250 גרם,גרמים,250.00,100 גרם,false,1,19.90,7.9600,true,1,54004
7290006346834,false,פלפלית בלימון חריף מ,מונטה קרלו,IL,פלפלית בלימון חריף מונטה קרלו 250גרם,גרמים,250.00,100 גרם,false,1,14.90,5.9600,true,1,50513
7290006346865,false,גבינת שמנת חלקה מונט,מונטה קרלו,IL,גבינת שמנת חלקה מונטה קרלו 250 גרם,גרמים,250.00,100 גרם,false,1,19.90,7.9600,true,1,54008
7290006346896,false,כרובית בטחינה 250,מונטה קרלו,IL,כרובית בטחינה 250 גרם,גרמים,250.00,100 גרם,false,1,29.90,11.9600,true,1,51372
7290006346971,false,חציל אפוי במיונז מונ,מונטה קרלו,IL,חציל אפוי במיונז מונטה קרלו 250גרם,גרמים,250.00,100 גרם,false,1,16.90,6.7600,true,1,50519
7290006346995,false,חציל בטעם כבד מונטה,מונטה קרלו,IL,חציל בטעם כבד מונטה קרלו 250גרם,גרמים,250.00,100 גרם,false,1,20.90,8.3600,true,1,50498
7290006374738,false,קונפיטורית תות 340 גר' יד מרדכי,אף.סי תבליני בגליל ב,IL,קונפיטורה תות 340 גרם יד מרדכי,גרמים,340.00,100 גרם,false,1,15.90,4.6765,true,1,2284
7290006449955,false,מלפפון בייבי מארז,"מרינה פטריות הגליל בע""מ",IL,מלפפון בייבי ארוז,גרמים,500.00,100 גרם,false,1,14.90,2.9800,true,1,24656
7290006459497,false,פחם דרום אפריקאי 2 ק,E&C Charcoal LTD,ZA,"פחם דרום אפריקאי 2 ק""ג",קילוגרמים,2.00,"ק""ג",false,1,29.90,14.9500,true,1,17852
7290006492432,false,גבינת מוצרלה בייבי 18% גד 150 גרם,מחלבות גד בעמ,IL,גבינה מוצרלה בייבי 150 גרם,גרמים,150.00,100 גרם,false,1,16.90,11.2667,true,1,1522
7290006492616,false,גבינה בולגרית מעודנת פרוסות 5% גד 250 גרם,DSH עבור מחלבות גד ב,IL,פרוסות בולגרית מעודנת 5%,גרמים,250.00,100 גרם,false,1,29.90,11.9600,true,1,2870
7290006492630,false,גבינת פרומעז עיזים 22% גד 180 גרם,מחלבות גד בעמ,IL,מחלבות גד גדעז גבינת שמנת מחלב עיזים 20%,גרמים,180.00,100 גרם,false,1,26.90,14.9444,true,1,2973
7290006492685,false,גבינת לאבנה 5% מחלב עזים גד 250 גרם,מחלבות גד בעמ,IL,גבינת לאבנה עיזים 5% 250 גרם גד,גרמים,250.00,100 גרם,false,1,19.90,7.9600,true,1,3228
7290006492852,false,גבינת עיזים למריחה 5% שומן 250 ג' גד,גבינות מדף,IL,גבינה לבנה עיזים 5% 250 גרם גד,גרמים,250.00,100 גרם,false,1,19.90,7.9600,true,1,6376
7290006492913,false,גבינת לאבנה ציזיקי 5% מחלבות גד 250 גרם,מחלבות גד בעמ,IL,ציזיקי למריחה 250 גרם גד,גרמים,250.00,100 גרם,false,1,15.90,6.3600,true,1,3478
7290006511157,false,פטריות שמפיניון שלמות ויליפוד,אוקצ'מפס אס.איי אויי,PL,ויליפוד פטריות שמפניון שלמות 400 גרם,גרמים,400.00,100 גרם,false,1,9.90,2.4750,true,1,2406
7290006618078,false,"מרסס לניקוי יסודי מטבח אסטוניש 750 מ""ל",יעקובי אסטוניש,GB,יעקבי אסטוניש ספריי ניקוי למטבח 750 מל,מיליליטרים,750.00,"100 מ""ל",false,1,16.90,2.2533,true,1,30639
7290006618085,false,"אסטוניש תרסיס ניקוי אמבטיה וכיורים יעקבי 750 מ""ל",יעקובי אסטוניש,GB,יעקבי אסטוניש ספריי ניקוי לחדר האמבטיה 750 מל,מיליליטרים,750.00,"100 מ""ל",false,1,16.90,2.2533,true,1,30640
7290006653819,false,פתיתי קוסקוס דק 350 גרם,"מיוצר ע""י קוד יצרן K",IL,אסם קוסקוס דק 12*350גרם,גרמים,350.00,100 גרם,false,1,9.90,2.8286,true,1,2351
7290006660596,false,קמח עדשים אדומות ללא גלוטן 500 גרם,אף.סי תבליני בגליל ב,IL,דוכן גן שמואל קמח אורז מלא 500 גרם,גרמים,500.00,100 גרם,false,1,21.90,4.3800,true,1,40893
7290006664310,false,גבינה לבנה 3% שומן 250 ג' שטראוס,מיוצר עי קונדיטוריית,IL,סקי 3% 250 גרם,גרמים,250.00,100 גרם,false,1,4.80,1.9200,true,1,1546
7290006664655,false,"אקטימל לבן טבעי מארז 100X8 מ""ל",מיוצר עי קונדיטוריית,IL,אקטימל לבן שמינייה,מיליליטרים,864.00,"100 מ""ל",false,1,22.70,2.6273,true,1,2514
7290006664990,false,"יוגורט דנונה ביו לבן 1.7% שומן 8*150 מ""ל",מיוצר עי קונדיטוריית,IL,מארז דנונה ביו 1.7% שמינייה,קילוגרמים,1.20,"ק""ג",false,1,17.60,14.6667,true,1,42651
7290006681065,false,"קסטה שוקו וניל ""שטראוס""","מיוצר ע""\י גלידת שטראוס",IL,שלגון טעמקור XL,גרמים,75.00,100 גרם,false,1,9.90,13.2000,true,1,2288
7290006681553,false,קרמבו בטעם וניל שטראוס 8 יחידות,"גלידת שטראוס בע""\מ",IL,"שטראוס קרמבו 80 מ""ל",גרמים,200.00,100 גרם,false,1,17.90,8.9500,true,1,2536
7290006681560,false,קרמבו בטעם מוקה שטראוס 8 יחידות,"גלידת שטראוס בע""\מ",IL,"שטראוס קרמבו 80 מ""ל",גרמים,200.00,100 גרם,false,1,17.90,8.9500,true,1,2537
7290006681843,false,גלידה לייט פרי 6 יחידות,"גלידת שטראוס בע""\מ, רחוב",IL,"שטראוס מאגדת לייט פרי 420 מ""ל",גרמים,300.00,100 גרם,false,1,25.90,8.6333,true,1,2657
7290006704269,false,חסה עגולה יח',"מרינה פטריות הגליל בע""מ",IL,חסה עגולה יח,גרמים,500.00,100 גרם,false,1,9.90,1.9800,true,1,5084
7290006704511,false,"תפו""א גמדי אדום למיקרו מרינה 750ג'","מרינה פטריות הגליל בע""מ",IL,תפוא זעיר למיקרו יח,לא מנהל יחידת מידה,0.00,לא מנהל יחידת מידה,false,1,8.90,0.0000,true,1,5079
7290006704573,false,בצל ירוק א שער מגש,"מרינה פטריות הגליל בע""מ",IL,בצל ירוק יח,גרמים,100.00,100 גרם,false,1,7.90,7.9000,true,1,5080
7290006704580,false,עגבניות שרי מנומר אר,חקלאי,IL,עגבניות שרי מנומר ארוז 500 יח,גרמים,500.00,100 גרם,false,1,19.90,3.9800,true,1,5758
7290006704672,false,זוקיני ירוק,חקלאי,IL,זוקיני ירוק,קילוגרמים,1.00,"ק""ג",true,,13.90,13.9000,true,1,5081
7290006704740,false,שורש פטרוזיליה יחידה,"מרינה פטריות הגליל בע""מ",IL,שורש פטרוזיליה יח,גרמים,100.00,100 גרם,false,1,5.90,5.9000,true,1,7562
7290006704757,false,סלרי ראש יח',"מרינה פטריות הגליל בע""מ",IL,ראש סלרי יח,גרמים,500.00,100 גרם,false,1,6.90,1.3800,true,1,7564
7290006738615,false,קבב פרימיום זהב 100% בשר זוגלובק 400 ג',נקניק נהריה כשר זוגל,IL,זוגלובק קבב זהב 400 גרם,גרמים,400.00,100 גרם,false,1,21.90,5.4750,true,1,19362
7290006739407,false,שניצל תירס לייט זוגלובק 600 גרם,נקניק נהריה כשר זוגל,IL,שניצל תירס לייט 630 גרם,גרמים,630.00,100 גרם,false,1,31.90,5.0635,true,1,25759
7290006739414,false,נקניק סלמי קוניאק זוגלובק 300 גרם,נקניק נהריה כשר זוגל,IL,זוגלובק סלמי קוניאק 300 גרם א.מ.,גרמים,300.00,100 גרם,false,1,32.50,10.8333,true,1,20371
7290006739421,false,נקניק סלמי מעושן איטלקי זוגלובק 300 גרם,נקניק נהריה כשר זוגל,IL,זוגלובק סלמי מעושן איטלקי 300 גרם א.מ.,גרמים,300.00,100 גרם,false,1,32.50,10.8333,true,1,19926
7290006739445,false,שניצל תירס קלאסי 750 ג' זוגלובק,נקניק נהריה כשר זוגל,IL,זוגלובק שניצל תירס קלאסי 750 גר בדצ - ללא מגשית,גרמים,750.00,100 גרם,false,1,29.90,3.9867,true,1,19960
7290006739544,false,נקניק כתף בקר 3% 300 גרם,זוגלובק,IL,זוגלובק כתף בקר 300 גרם א.מ.,גרמים,300.00,100 גרם,false,1,33.90,11.3000,true,1,41901
7290006742162,false,המבורגר מזרחי 400 ג' זוגלובק,נקניק נהריה כשר זוגל,IL,המבורגר מזרחי זוגלובק 400 גרם,גרמים,400.00,100 גרם,false,1,19.90,4.9750,true,1,7178
7290006742278,false,פסטרמה הודו צלויה על לבנים 330 ג' זוגלובק,נקניק נהריה כשר זוגל,IL,זוגלובק פסטרמה הודו בטעם צלייה על לבנים 330 גר,גרמים,330.00,100 גרם,false,1,33.90,10.2727,true,1,20795
7290006742292,false,פסטרמה הודו בדבש 330 ג' זוגלובק,נקניק נהריה כשר זוגל,IL,זוגלובק פסטרמה הודו בדבש טהור 330 גר,גרמים,330.00,100 גרם,false,1,33.90,10.2727,true,1,20797
7290006742315,false,פסטרמה חזה הודו ברביקיו 2% זוגלובק 330 גרם,נקניק נהריה כשר זוגל,IL,זוגלובק פסטרמה הודו ברביקיו 330 גר,גרמים,330.00,100 גרם,false,1,33.90,10.2727,true,1,32130
7290006764065,false,בירה נשר מאלט ללא אלכוהול 500 מל,"טמפו משקאות בע""\ם.",IL,בירה מאלט ללא אלכוהול 500 מל,מיליליטרים,500.00,"100 מ""ל",false,1,5.80,1.1600,true,1,1570
7290006764072,false,"בירה גולדסטאר בקבוק 500 מ""ל חוזר","טמפו משקאות בע""\מ",IL,"בירה גולדסטאר, בקבוק חוזר 500 מ""ל",מיליליטרים,500.00,"100 מ""ל",false,1,7.90,1.5800,true,1,1571
7290006764157,false,"בירה גולדסטאר Unfiltered, בירה לא מסוננת, בקבוק חוזר 500 מ""ל",טמפו משקאות בע''מ,IL,"בירה גולדסטאר Unfiltered, בקבוק חוזר 500 מ""ל",מיליליטרים,500.00,"100 מ""ל",false,1,7.90,1.5800,true,1,39602
7290006764164,false,גולדסטאר לא מסונן 500 מל שישייה,טמפו משקאות בע''מ,IL,שישיית גולדסטאר לא מסונן חוזר 500 *6,ליטרים,3.00,ליטר,false,1,53.90,17.9667,true,1,39332
7290006764737,false,בירה נשר מאלט דלת קלוריות ללא אלכוהול 500 מל,"טמפו משקאות בע""\ם.",IL,בירה מאלט דלת קלוריות ללא אלכוהול 500 מל,מיליליטרים,500.00,"100 מ""ל",false,1,5.80,1.1600,true,1,1573
7290006765000,false,טורטיה מקמח מלא שקדיה 540 גרם,אלקטי קוראבייכיסיגיד,TR,טורטייה מקמח מלא 540 גרם,גרמים,540.00,100 גרם,false,1,12.90,2.3889,true,1,28541
7290006765895,false,בוטן בקליפה 200 גרם שושן הקולה,דין שיווק,IL,בוטן קליפה קלוי 200,גרמים,200.00,100 גרם,false,1,7.90,3.9500,true,1,51573
7290006785633,false,חבילת בלונים נקניק (10 יח'),Unknown,,בלונים 10 מיטלי,יחידה,1.00,יחידה,false,1,6.80,6.8000,true,1,31395
7290006804907,false,פיתה אסלית אפויה קפואה (חמישיות),פילסברי,,פיתות אסלי פילסברי 1/5,גרמים,500.00,100 גרם,false,1,7.90,1.5800,true,1,8369
7290006805706,false,"באגט רוסטיק צ""ילי ות",פילסברי,,"באגט רוסטיק צ""ילי ותירס פילסברי",Unknown,0.00,Unknown,false,1,8.80,0.0000,true,1,27945
7290006805850,false,פילסברי פנקייק תערובת להכנת חביתיות,הדקלאים אגודת שיתופי,IL,תערובת קלת הכנה לפנקייק ביתי וטעים 450 גרם,גרמים,500.00,100 גרם,false,1,19.90,3.9800,true,1,2796
7290006806376,false,לחמניית טוסט,פילסברי,IL,לחמניית טוסט,יחידה,48.00,יחידה,false,1,7.90,0.1646,true,1,49776
7290006806635,false,משולשי פיצה פילסברי,פילסברי,,משולשי פיצה פילסברי מנה אישית,יחידה,1.00,יחידה,false,1,9.90,9.9000,true,1,22469
7290006806963,false,חלה מתוקה קלועה אפויה-קפואה,פילסברי,,חלה קלועה מתוקה פילסברי,יחידה,5.00,יחידה,false,1,15.90,3.1800,true,1,17342
7290006822192,false,נקטר דיאט חמוציות אושן ספריי פריגת 1 ליטר,מבשלות בירה בינלאומיות ב,IL,פריגת דיאט אושן ספריי חמוציות 1 ליטר,ליטרים,1.00,ליטר,false,1,15.90,15.9000,true,1,2083
7290006866363,false,מיץ סחוט אשכוליות אדומות פרימור 1 ליטר,"גניר (1992) בע""מ",IL,מיץ אשכולית אדומות סחוט טבעי 1 ליטר,ליטרים,1.00,ליטר,false,1,19.90,19.9000,true,1,6754
7290006899187,false,סרמוני תה - 20 לימונית לואיזה - קופסת פירמידה,תה סרמוני בעמ,,תה סרמוני לימונית ולואיזה 14 שקיקים,גרמים,30.00,100 גרם,false,1,19.90,66.3333,true,1,32338
7290006899255,false,סרמוני תה - 20 ארל גריי - קופסת פירמידה,תה סרמוני בעמ,,תה סרמוני ארל גריי לבנדר 14 שקיקים,גרמים,44.00,100 גרם,false,1,19.90,45.2273,true,1,18168
7290006899361,false,תה סרמוני פירות היער,תה סרמוני בעמ,IL,תה סרמוני פירות יער 20 שקיקים,גרמים,50.00,100 גרם,false,1,19.90,39.8000,true,1,32337
7290006899705,false,סרמוני תה - 20 ירוק לימונית - קופסת פירמידה,תה סרמוני בעמ,IL,תה סרמוני ירוק לימונית 20 שקיקים,יחידה,1.00,יחידה,false,1,19.90,19.9000,true,1,53056
7290006983176,false,אוסם - לחמית שיפון 250 גרם,"אסם השקעות בע""\מ",IL,לחמית שיפון 10*230גרם,גרמים,230.00,100 גרם,false,1,10.90,4.7391,true,1,7162
7290006983763,false,עוגת הבית שוקולד אסם 400 גרם,מיוצר עי קונדיטוריית,IL,הבית עוגת שוקולד 8*400גרם,גרמים,400.00,100 גרם,false,1,17.50,4.3750,true,1,2061
7290006983770,false,עוגת הבית שיש אסם 400 גרם,מיוצר עי קונדיטוריית,IL,הבית עוגת שיש 8*400גרם,גרמים,400.00,100 גרם,false,1,17.50,4.3750,true,1,2084
7290006983787,false,עוגת הבית שוקולד צ'יפס אסם 400 גרם,מיוצר עי קונדיטוריית,IL,הבית עוגת שוקולד צ'יפס 8*400גרם,גרמים,400.00,100 גרם,false,1,17.50,4.3750,true,1,5598
7290006983794,false,עוגת הבית בטעם תפוז אסם 400 גרם,מיוצר עי קונדיטוריית,IL,הבית עוגת תפוז 8*400גרם,גרמים,400.00,100 גרם,false,1,17.50,4.3750,true,1,2062
7290008104050,false,"שטיפת אינטימית לקטופיל פמינה 220 מ""ל",כצט נוביס סעמ,IL,פמינה תחליב רחצה אינטימי קלאסיק 220 מל,מיליליטרים,220.00,"100 מ""ל",false,1,23.90,10.8636,true,1,53930
7290008175173,false,חמאה מפינלנד ללא מלח 200 גרם ויליפוד,ואליו אל.טי.די,FI,200 גרםvalio-חמאה מלח,גרמים,200.00,100 גרם,false,1,15.90,7.9500,true,1,34886
7290008175210,false,גבינת פרמזן מגורדת 90ג' ויליפוד,זנטי אס.איי.,IT,פרמזנו מגורדת 90 גרם,גרמים,90.00,100 גרם,false,1,18.90,21.0000,true,1,1762
7290008175814,false,וילי פוד פטריות שמפניון חתיכות 400 גר`,"אוקצ'מפ אס, איי אויי",PL,פטריות חתוך 400גרם- בד'צ,גרמים,400.00,100 גרם,false,1,5.90,1.4750,true,1,1766
7290008330398,false,בדין דפים למייבש כביסה כחול 40 יחידות,קלין טסט פרודקטס,US,בדין דפי מרכך ריחניים למייבש הכביסה,לא מנהל יחידת מידה,0.00,לא מנהל יחידת מידה,false,1,21.90,0.0000,true,1,34680
7290008340618,false,סלמון מעושן מצונן דלידג 100 ג',ויליגר תעשיות בעמ,IL,פרלינג סלומון מעושן 100 גרם,גרמים,100.00,100 גרם,false,1,23.90,23.9000,true,1,21255
7290008343466,false,בצק פילו 500 גרם שלושת האופים,שלושת האופים שגמור,IL,בצק פילו,גרמים,500.00,100 גרם,false,1,20.90,4.1800,true,1,23413
7290008344272,false,המבורגר 100% טיבון ויל 400 גרם,טיבון ויל אחזקות בעמ,IL,המבורגר 100% טיבון ויל 400 גרם,גרמים,400.00,100 גרם,false,1,22.90,5.7250,true,1,1786
7290008345118,false,דלידג מקרל בשמן 240 גרם,מיוצר על ידי קוד יצר,IL,מקרל בשמן דלידג 240 גרם,גרמים,240.00,100 גרם,false,1,29.90,12.4583,true,1,30970
7290008345132,false,הרינג כבוש דלידג 240 ג',כלורוקס אוקלנד,IL,הרינג כבוש דלידג 240,גרמים,240.00,100 גרם,false,1,27.90,11.6250,true,1,1790
7290008345576,false,סלט איקרה ביתית לבנה 300 גרם דלידג,כלורוקס אוקלנד,IL,סלט איקרה לבנה דלידג 300 גרם,גרמים,300.00,100 גרם,false,1,21.90,7.3000,true,1,2227
7290008409100,false,אצבעות שניצל בציפוי שומשום מאמא עוף 700 גרם,תנובה גליל שותפות מוגבלת,IL,אצבעות שניצל ציפוי שומשום מאמא ע 700 גרם,גרמים,700.00,100 גרם,false,1,39.90,5.7000,true,1,5320
7290008409124,false,שניצל ג'ונגל פריך 700 ג' מאמא עוף,תנובה גליל שותפות מוגבלת,IL,שניצל גונגל מאמא עוף 700 גרם,גרמים,700.00,100 גרם,false,1,39.90,5.7000,true,1,2975
7290008409216,false,שניצל דק דק פריך מאמא עוף 700 גרם,תנובה גליל,IL,מאמא עוף שניצל דק פריך 700 גרם,גרמים,700.00,100 גרם,false,1,45.90,6.5571,true,1,19776
7290008409407,false,שניצל דק צ'יפס מאמא עוף 700 גרם,תנובה גליל שותפות מוגבלת,IL,"שניצל דק בציפוי צ""יפס 700 גרם",גרמים,700.00,100 גרם,false,1,45.90,6.5571,true,1,22511
7290008409551,false,שניצל עוף אמיתי בציפוי מעודן 700 ג' מאמא עוף,תנובה גליל שותפות מוגבלת,IL,שניצל אמיתי מעודן,גרמים,700.00,100 גרם,false,1,45.90,6.5571,true,1,1803
7290008409582,false,שניצל עוף אמיתי בציפוי ביתי מאמא עוף 700 גרם,תנובה גליל שותפות מוגבלת,IL,שניצל אמיתי ביתי מאמא עוף 700 גרם,גרמים,700.00,100 גרם,false,1,45.90,6.5571,true,1,1804
7290008461221,false,סרדינים רוברט בשמן חמניות 115 גרם,"רמירז, מטוסינוס",PT,סרדינים בשמן חמניות 115 גרם,גרמים,115.00,100 גרם,false,1,7.90,6.8696,true,1,5579
7290008461238,false,סרדינים בשמן חמניות ופלפל חריף רוברט 84 גרם,קונסוורס,PT,סרדינים בשמן חמניות חריף 115 גר,גרמים,115.00,100 גרם,false,1,7.90,6.8696,true,1,5580
7290008461283,false,גבינת טריפל צ'דר חצי קשה הגבינות של נני 200 גרם,דאוליי צ'סמייקרס,GB,גבינה טריפל צדר נני 200 גרם,גרמים,200.00,100 גרם,false,1,25.90,12.9500,true,1,38311
7290008462204,false,חרדל דיז'ון מקורי נטו מאי 380 גרם,יוניליבר צרפת,FR,חרדל דיזון מיילי מקורי 380 גרם,גרמים,380.00,100 גרם,false,1,16.90,4.4474,true,1,41221
7290008464024,false,"בירה גולדסטאר Unfiltered, בירה לא מסוננת, פחית 500 מ""ל","טמפו משקאות בע""מ",IL,"בירה גולדסטאר לא מסונן פחית 500 מ""ל",מיליליטרים,500.00,"100 מ""ל",false,1,10.90,2.1800,true,1,27493
7290008464109,false,"בירה גולדסטאר Unfiltered, בירה לא מסוננת, בקבוק 330 מ""ל","טמפו משקאות בע""מ",IL,"בירה גולדסטאר ל.מסונן בקבוק 330 מ""ל",מיליליטרים,330.00,"100 מ""ל",false,1,9.90,3.0000,true,1,26119
7290008464130,false,"בירה גולדסטאר Unfiltered, בירה לא מסוננת, מארז שישייה, בקבוק 330 מ""ל",טמפו,IL,בירה גולדסטאר ל.מסונן שישייה בקבוק 330 מ,ליטרים,1.98,ליטר,false,1,48.90,24.6970,true,1,26120
7290008464208,false,"בירה מכבי 7.9%, בירה חזקה, בקבוק 330 מ''ל",טמפו משקאות בע''מ,IL,"בירה מכבי 7.9%, בירה חזקה, בקבוק 330 מ''ל",מיליליטרים,330.00,"100 מ""ל",false,1,9.50,2.8788,true,1,28601
7290008464222,false,"בירה מכבי 7.9%, בירה חזקה, פחית 500 מ""ל","טמפו משקאות בע""\מ",IL,"בירה מכבי 7.9%, בירה חזקה, פחית 500 מ""ל",מיליליטרים,500.00,"100 מ""ל",false,1,8.90,1.7800,true,1,30419
7290008464338,false,בירה מכבי בקבוק בודד 330 מל,בירה מכבי,IL,בירה מכבי בקבוק 330 מל לאגר בהירה,מיליליטרים,330.00,"100 מ""ל",false,1,9.50,2.8788,true,1,1824
7290008464345,false,"בירה גולדסטאר, בקבוק 330 מ''ל",טמפו משקאות בע''מ,IL,"בירה גולדסטאר, בקבוק 330 מ''ל",מיליליטרים,330.00,"100 מ""ל",false,1,8.90,2.6970,true,1,1825
7290008464406,false,פפסי מקס – משקה מוגז דל קלוריות פחיות 300 מל' שישייה,"טמפו משקאות בע""מ",IL,פפסי מקס פחית 330 מל,מיליליטרים,330.00,"100 מ""ל",false,1,6.00,1.8182,true,1,36905
7290008464468,false,"בירה גולדסטאר, פחית 500 מ""ל","טמפו משקות בע""\מ",IL,"בירה גולדסטאר, פחית 500 מ""ל",מיליליטרים,500.00,"100 מ""ל",false,1,9.90,1.9800,true,1,1827
7290008464475,false,"בירה מכבי, פחית 500 מ""ל","טמפו משקאות בע""\מ",IL,"בירה מכבי, פחית 500 מ""ל",מיליליטרים,500.00,"100 מ""ל",false,1,8.90,1.7800,true,1,1828
7290008464505,false,"בקבוק מים בודד סאן בנדיטו 500 מ""ל",אקווה מינרלה סאן בנדטו ב,IT,סן בנדטו 500 מל שישייה,מיליליטרים,500.00,"100 מ""ל",false,1,5.90,1.1800,true,1,2052
7290008464604,false,"בירה הייניקן פחית 500 מ""ל",טמפו משקאות בע''מ,NL,"בירה היינקן, פחית 500 מ""ל",מיליליטרים,500.00,"100 מ""ל",false,1,13.90,2.7800,true,1,2038
7290008464611,false,"הסודה של טמפו, מי סודה בגיזוז חזק, 275 מל",טמפו משקאות בעמ,IL,"הסודה של טמפו, מי סודה בגיזוז חזק, 275 מל",מיליליטרים,275.00,"100 מ""ל",false,1,4.50,1.6364,true,1,39465
7290008464628,false,"טמפו ביטר למון גזוז בטעם ביטר לימון, 275 מל","טמפו משקאות בע""\מ",IL,"טמפו ביטר למון , 275 מל",מיליליטרים,275.00,"100 מ""ל",false,1,5.50,2.0000,true,1,40057
7290008464673,false,"בירה גולדסטאר SLOWBREW פחית 10%, 500 מ""ל","טמפו משקאות בע""\מ",IL,גולדסטאר פחית בירה לאגר חזקה מאוד 500 מל,מיליליטרים,500.00,"100 מ""ל",false,1,10.90,2.1800,true,1,40859
7290008464697,false,"בירה מכבי 7.9%, בירה חזקה, מארז שישייה, בקבוק 330 מ""ל",טמפו,IL,"בירה מכבי 7.9% שישייה בקבוק 330 מ""ל",ליטרים,1.98,ליטר,false,1,37.90,19.1414,true,1,28602
7290008464734,false,"שישיית בירה גולדסטאר לאגר SLOW BREW בקבוק 330 מ""ל",טמפו משקאות בע''מ,IL,בירה גולדסטאר SLOW BREW שישייה בקבוק 330,ליטרים,1.98,ליטר,false,1,44.90,22.6768,true,1,35948
7290008464741,false,"בירה גולדסטאר, מארז שישייה, בקבוק 330 מ''ל","טמפו משקאות בע""\מ",IL,"בירה גולדסטאר שישייה בקבוק 330 מ""ל",ליטרים,1.98,ליטר,false,1,39.90,20.1515,true,1,1831
7290008464796,false,"בירה היינקן, מארז שישייה, בקבוק 330 מ''ל",טמפו משקאות בע''מ,IL,"בירה הייניקן שישייה בקבוק 330 מ""ל",ליטרים,1.98,ליטר,false,1,46.90,23.6869,true,1,1832
7290008493413,false,פירורי לחם מאיר בייגל פירורי גריסיני 200 גרם,מאיר את ביגל,IL,מאיר בייגל פירורי גריסיני 200 גרם,גרמים,200.00,100 גרם,false,1,7.50,3.7500,true,1,14945
7290008500470,false,פיתה זעתר 110 גרם,פילסברי,IL,פיתה זעתר 110 גרם,גרמים,110.00,100 גרם,false,1,7.50,6.8182,true,1,51925
7290008500487,false,פיתה עם שבבי בצל מיו,פילסברי,IL,פיתה עם שבבי בצל מיובשים 110 גרם,גרמים,110.00,100 גרם,false,1,7.50,6.8182,true,1,51926
7290008590129,false,שעועית ירוקה שלמה שף,משק ויילר,BE,שעועית ירוקה שלמה שף הטבע 800גרם,גרמים,800.00,100 גרם,false,1,12.90,1.6125,true,1,53968
7290008590150,false,אפונת גינה קטנה שף ה,משק ויילר,BE,אפונת גינה קטנה שף הטבע 800גרם,גרמים,800.00,100 גרם,false,1,12.90,1.6125,true,1,53969
7290008590167,false,שף הטבע- אפונה וגזר,משק ויילר,BE,אפונה וגזר שף הטבע 800 גרם,גרמים,800.00,100 גרם,false,1,12.90,1.6125,true,1,53970
7290008590198,false,שעועית ירוקה חתוכה ש,משק ויילר,BE,שעועית ירוקה חתוכה שף הטבע 800גרם,גרמים,800.00,100 גרם,false,1,12.90,1.6125,true,1,53971
7290008612074,false,אגד מתמתח 5 ס'מ,פארמה פלסט,EG,"אגד מתמתח 5 ס""מ",לא מנהל יחידת מידה,0.00,לא מנהל יחידת מידה,false,1,9.90,0.0000,true,1,52030
7290008634045,false,"פלסטר שקוף 30 יחידות ""SUNNY PLASTER""",A.U. In,CN,פלסטר לילדים סאני 30 יחידות,יחידה,1.00,יחידה,false,1,7.90,7.9000,true,1,26480
7290008644235,false,עלי בייבי שטראוס 120 גרם,שטראוס בריאות ירקות טריי,IL,מבחר עלי בייבי 120 גרם שטופים שטראוס,גרמים,120.00,100 גרם,false,1,13.90,11.5833,true,1,1840
7290008644945,false,לקט לסלט המושבה שטראוס 450 גרם,שטראוס בריאות ירקות טריי,IL,סלט המושבה שטופים שטראוס,גרמים,450.00,100 גרם,false,1,12.90,2.8667,true,1,1848
7290008645935,false,חומוס לניגוב אחלה 750 ג',"שטראוס גרופ בע""\מ",IL,חומוס 750 אחלה,גרמים,750.00,100 גרם,false,1,12.90,1.7200,true,1,2903
7290008670012,false,"יין אדום קברנה סוביניון רקנאטי 750 מ""ל",תות ממתקי איכות,IL,רקנטי - קברנה סוביניון 2017 750 מל,מיליליטרים,750.00,"100 מ""ל",false,1,64.90,8.6533,true,1,1854
7290008670029,false,"יין אדום מרלו רקנאטי 750 מ""ל",תות ממתקי איכות,IL,רקנטי - מרלו 2017 750 מל,מיליליטרים,750.00,"100 מ""ל",false,1,64.90,8.6533,true,1,1855
7290008670142,false,"יין רקנאטי יסמין אדום 2019 750 מ""ל",יקב רקאנטי,IL,רקנטי - יסמין אדום 2017,מיליליטרים,750.00,"100 מ""ל",false,1,43.90,5.8533,true,1,16897
7290008670159,false,"יין רקנאטי יסמין לבן 750 מ""ל","יקבי רקנאטי בע""מ",IL,"יין יסמין לבן רקנאטי 750 מ""ל",מיליליטרים,750.00,"100 מ""ל",false,1,43.90,5.8533,true,1,16898
7290008670210,false,"יין אדום שירז רקנאטי אחים שקד 750 מ""ל",תות ממתקי איכות,IL,רקנטי - שיראז 2017 750 מל,מיליליטרים,750.00,"100 מ""ל",false,1,64.90,8.6533,true,1,38636
7290008690713,false,נקטר חמוציות אושן ספריי פריגת 1 ליטר,מבשלות בירה בינלאומיות ב,IL,נקטר אושן ספריי חמוציות 1 ליטר,ליטרים,1.00,ליטר,false,1,15.90,15.9000,true,1,1874
7290008693134,false,מעדן גבינה ויוגורט בטעם תות 5% שומן 88 ג' דניאלה,"שטראוס בריאות בע""מ",IL,דניאלה תות,גרמים,88.00,100 גרם,false,1,4.50,5.1136,true,1,1876
7290008713900,false,לחם שיפון עגול פרוס אנג'ל 750 גרם,מאפיית אנג'\ל אורנים מאפ,IL,אנג'ל לחם שיפון עגול פרוס 750 גרם,גרמים,750.00,100 גרם,false,1,14.90,1.9867,true,1,18752
7290008745239,false,תפוצ'יפס קראנצ' בטעם טבעי עלית 50 גרם,"שטראוס פריטו ליי בע""\מ )",IL,תפו קראנצ טבעי 50 גר 48 יח - שמיטה,גרמים,50.00,100 גרם,false,1,5.50,11.0000,true,1,1895
7290008747547,false,תפוצ'יפס קראנץ' בטעם טבעי עלית 200 גרם,"שטראוס פריטו ליי בע""\מ )",IL,תפו קראנצ טבעי 200 גר 12 יח - שמיטה,גרמים,200.00,100 גרם,false,1,11.90,5.9500,true,1,21529
7290008752244,false,תפוצ'יפס קראנץ' בטעם גריל עלית 50 גרם,"שטראוס פריטו ליי בע""\מ )",IL,תפו קראנצ גריל 50 גר 48 יח - שמיטה,גרמים,50.00,100 גרם,false,1,5.50,11.0000,true,1,1916
7290008753111,false,תפוצ'יפס קראנץ' בטעם מקסיקני עלית 50 גרם,"שטראוס פריטו ליי בע""\מ )",IL,תפו קראנצ מקסיקני 50 גר 48 יח- שמיטה,גרמים,50.00,100 גרם,false,1,5.50,11.0000,true,1,1920
7290008757010,false,"שוופס ביטר למון 250 מ""ל זכוכית",יפאורה שותפות מובגלת לשיווק,IL,שוופס ביטר למון 250 מל,מיליליטרים,250.00,"100 מ""ל",false,1,8.50,3.4000,true,1,35445
7290008757027,false,"שוופס טוניק 250 מ""ל זכוכית",יפאורה שותפות מובגלת לשיווק,IL,"שוופס טוניק 250 מ""ל זכוכית",מיליליטרים,250.00,"100 מ""ל",false,1,8.50,3.4000,true,1,1927
7290008757034,false,"שוופס סודה זכוכית 250 מ""ל",יפאורה שותפות מובגלת לשיווק,IL,"שוופס סודה 250 מ""ל זכוכית",מיליליטרים,250.00,"100 מ""ל",false,1,4.50,1.8000,true,1,35441
7290008757980,false,קרטונית ספרינג נקטר רימונים 1 ליטר,יפאורה שותפות מובגלת לשיווק,IL,ספרינג קרטוניות רימונים 1 ל',ליטרים,1.00,ליטר,false,1,7.60,7.6000,true,1,2987
7290008775816,false,ערגליות עוגיות במילוי שוקולד אסם 300 גרם,מיוצר עי קונדיטוריית,IL,ערגליות שוקולד 6*300גרם,גרמים,300.00,100 גרם,false,1,12.90,4.3000,true,1,1934
7290008775823,false,ערגליות עוגיות תות שדה אסם 300 גרם,מיוצר עי קונדיטוריית,IL,ערגליות תות שדה 6*300גרם,גרמים,300.00,100 גרם,false,1,12.90,4.3000,true,1,1935
7290008801010,false,"יין קברנה סוביניון מרלו פרייוט קולקשן 750 מ""ל",אגודת הכורמים הקאופו,IL,"יין P.C קברנה מרלו 750 מ""ל",מיליליטרים,750.00,"100 מ""ל",false,1,47.90,6.3867,true,1,1938
7290008801157,false,"יין מרלו סלקטד כרמל כרמל 750 מ""ל",כרמל מזרחי,IL,"יין סלקטד מרלו 750 מ""ל",מיליליטרים,750.00,"100 מ""ל",false,1,29.90,3.9867,true,1,5583
7290008801430,false,"מיץ ענבים תירוש כרמל 750 מ""ל","כד בני דרום בע""מ",IL,"תירוש אדום 750 מ""ל 100% טבעי",מיליליטרים,750.00,"100 מ""ל",false,1,17.90,2.3867,true,1,2292
7290008801522,false,יין קינג דויד קונקורד אדום מתוק 750 מל,אגודת הכורמים הקואופרטיב,IL,כרמל קינג דיויד קונקורד- יין אדום ממותק 750 מל,מיליליטרים,750.00,"100 מ""ל",false,1,32.00,4.2667,true,1,2066
7290008801546,false,יין מוסקט מתוק קינג דיוויד יקבי כרמל,אגודת הכורמים הקואופרטיב,IL,כרמל קינג דויד מוסקט - יין לבן ממותק 750 מל,מיליליטרים,750.00,"100 מ""ל",false,1,34.90,4.6533,true,1,1942
7290008801843,false,"יין קברנה סוביניון סלקטד כרמל 750 מ""ל","כד בני דרום בע""מ",IL,כרמל סלקטד קברנה סוביניון יין אדום יבש 2017 750 מל,מיליליטרים,750.00,"100 מ""ל",false,1,29.90,3.9867,true,1,1943
7290008801850,false,סלקטד אמרלד ריזלינג לבן חצי יבש 750 מל,אגודת הכורמים הקואופרטיב,IL,כרמל סלקטד אמרלד ריזלינג-קולומברד 2018,מיליליטרים,750.00,"100 מ""ל",false,1,29.90,3.9867,true,1,1944
7290008802291,false,יין מרלו פרייבט קולקשן יקבי כרמל,אגודת הכורמים הקואופרטיב,IL,כרמל פרייבט קולקשן מרלו 2018 יין אדום יבש 750 מל,מיליליטרים,750.00,"100 מ""ל",false,1,47.90,6.3867,true,1,1945
7290008802895,false,יין קברנה סוביניון פרייבט קולקשן יקבי כרמל,אגודת הכורמים הקאופורטיב,IL,"יין P.C קברנה סוביניון 750 מ""ל",מיליליטרים,750.00,"100 מ""ל",false,1,47.90,6.3867,true,1,1946
7290008803090,false,"יין מרלו קולקשיין הסדרה האזורית כרמל 750 מ""ל",אגודת הכורמים הקואופרטיב,IL,"יין מרלו גליל עליון 750 מ""ל",מיליליטרים,750.00,"100 מ""ל",false,1,59.90,7.9867,true,1,24031
7290008804189,false,יין קברנה סוביניון גליל עליון סדרה אזורית יקבי כרמל,אגודת הכורמים הקואופרטיב,IL,"יין קברנה סוביניון גליל עליון 750 מ""ל",מיליליטרים,750.00,"100 מ""ל",false,1,59.90,7.9867,true,1,24032
7290008804745,false,יין גוורצטרמינר סדרה אזורית יקבי כרמל,אגודת הכורמים הקואופרטיב,IL,יין ס.א גוורצטרמינר,מיליליטרים,750.00,"100 מ""ל",false,1,59.90,7.9867,true,1,40728
7290008805049,false,יין רוזה חצי יבש סלקטד 2016 750 מל,"כד בני דרום בע""מ",IL,"יין רוזה חצי יבש יקבי הכרמל 2020, 750 מל",מיליליטרים,750.00,"100 מ""ל",false,1,29.90,3.9867,true,1,38320
7290008805384,false,סלקטד מוסקטו לבן מבעבע 750 מל 2016,אגודת הכורמים הקואופרטיב,IL,כרמל סלקטד מוסקטו יין לבן מבעבע קלות,מיליליטרים,750.00,"100 מ""ל",false,1,29.90,3.9867,true,1,18284
7290008805520,false,"יין קברנה/סוביניון סלקטד כרמל 750 מ""ל","כד בני דרום בע""מ",IL,"יין קברנה מרלו סלקטד 750 מ""ל",מיליליטרים,750.00,"100 מ""ל",false,1,29.90,3.9867,true,1,15870
7290008806305,false,"שלגון פצפצים ""שטראוס""","מיוצר ע"" גלידת שטראו",IL,שלגון פצפצים תות בננה עם סוכרי,גרמים,97.00,100 גרם,false,1,7.90,8.1443,true,1,6940
7290008806961,false,גלידה שוקולד שבבי שוקולד פרה 1.33 ל' קרמיסימו,"גלידת שטראוס בע""\מ, רחוב",IL,גלידה קרמיסימו שוקולד צ'יפ פרה 1.33 ל',ליטרים,1.33,ליטר,false,1,27.90,20.9774,true,1,1954
7290008806985,false,נישנושים גלידה שוקו וניל בציפוי שוקולד 60 יח' קרמיסימו,"גלידת שטראוס בע""\מ, רחוב",IL,גלידונית קרמיסימו 1/60 630 גרם פרווה,גרמים,630.00,100 גרם,false,1,52.90,8.3968,true,1,40524
7290008866033,false,מארז גאודה עיזים30% משקל,גבינות יעקבס,IL,"גאודה עיזים יעקובס לק""ג",קילוגרמים,1.00,"ק""ג",true,,159.00,159.0000,true,1,52125
7290008880112,false,מצת קליפר,Flamagas SA Barcelon,,מצת קליפר,לא מנהל יחידת מידה,0.00,לא מנהל יחידת מידה,false,1,6.90,0.0000,false,1,30391
7290008899505,false,בגט לבן פילסברי 250,פילסברי,,באגט טרי פילסברי,גרמים,0.00,100 גרם,false,1,6.90,0.0000,true,1,8136
7290008899512,false,באגט כפרי פילסברי,פילסברי,,באגט כפרי פילסברי,קילוגרמים,0.00,"ק""ג",false,1,6.90,0.0000,true,1,8137
7290008899536,false,לחמניית גבטה פילסברי,פילסברי,,לחמניית גבטה פילסברי,Unknown,0.00,Unknown,false,1,3.50,0.0000,true,1,8139
7290008899567,false,"ג""בטה כפרית פילסברי",פילסברי,,"ג""בטה כפרית פילסברי",גרמים,200.00,100 גרם,false,1,6.50,3.2500,true,1,8142
7290008909761,false,"בירה קרלברג בקבוק 330 מ""ל",מבשלות בירה בינלאומי,IL,"קרלסברג בק 330 מ""ל פקדון",מיליליטרים,330.00,"100 מ""ל",false,1,10.90,3.3030,true,1,14919
7290008909853,false,"קוקה קולה זירו בקבוק 500 מ""ל.",החברה המרכזית לייצור משקאות,IL,"קולה ZERO בקבוק 500 מ""ל",מיליליטרים,500.00,"100 מ""ל",false,1,7.90,1.5800,true,1,15494
7290008909884,false,"קוקה קולה זירו 350 מ""ל בקבוק זכוכית",החברה המרכזית לייצור משק,IL,"קולה ZERO קלאסי 350 מ""ל",מיליליטרים,330.00,"100 מ""ל",false,1,7.50,2.2727,true,1,27489
7290010023141,false,תה לימונענע הגן הקסום ויסוצקי 25 יחידות,תה ויסוצקי,IL,לימונענע - הגן הקסום,גרמים,55.00,100 גרם,false,1,19.90,36.1818,true,1,15369
7290010117864,false,דוריטוס חטיף תירס בטעם חריף אש עלית 70 גרם,"שטראוס פריטו ליי בע""\מ )",IL,דוריטוס חריף אש 70 גרם,גרמים,70.00,100 גרם,false,1,5.50,7.8571,true,1,30250
7290010117970,false,סבבה בוטנים קלויים מצופים - אריזה אישית,"שטראוס פריטו ליי בע""",IL,בוטנים אמריקאים סבבה 50 גרם,גרמים,50.00,100 גרם,false,1,2.90,5.8000,true,1,17391
7290010133529,false,סיגריה אלקטרונית חפ,קלאס ספא,CN,סיגריה אלקטרונית ח״פ אייס מלון 3000 שאיפות,יחידה,1.00,יחידה,false,1,99.90,99.9000,true,1,53630
7290010133536,false,סיגריה אלקטרונית חפ,קלאס ספא,CN,סיגריה אלקטרונית ח״פ אייס אוכמניות 3000 שאיפות,יחידה,1.00,יחידה,false,1,99.90,99.9000,true,1,53627
7290010133543,false,סיגריה אלקטרונית חפ,קלאס ספא,CN,סיגריה אלקטרונית ח״פ אייס ענבים 3000 שאיפות,יחידה,1.00,יחידה,false,1,99.90,99.9000,true,1,53628
7290010133550,false,סיגריה אלקטרונית חפ,קלאס ספא,CN,סיגריה אלקטרונית ח״פ אייס תות 3000 שאיפות,יחידה,1.00,יחידה,false,1,99.90,99.9000,true,1,53629
7290010133567,false,סיגריה אלקטרונית חפ,קלאס ספא,CN,סיגריה אלקטרונית ח״פ אייס בננה 3000 שאיפות,יחידה,1.00,יחידה,false,1,99.90,99.9000,true,1,53631
7290010133574,false,סיגריה אלקטרונית סמא,shenzhen hot technol,CN,סיגריה אלקטרונית סמארט אוכמניות אייס 3000 שאיפות,יחידה,1.00,יחידה,false,1,99.90,99.9000,true,1,53993
7290010133604,false,סיגריה אלקטרונית סמא,shenzhen hot technol,CN,סיגריה אלקטרונית סמארט ענבים אייס 3000 שאיפות,יחידה,1.00,יחידה,false,1,99.90,99.9000,true,1,53989
7290010133611,false,סיגריה אלקטרונית סמא,shenzhen hot technol,CN,סיגריה אלקטרונית סמארט פירות אייס 3000 ש,יחידה,1.00,יחידה,false,1,99.90,99.9000,true,1,53988
7290010133628,false,סיגריה אלקטרונית סמא,shenzhen hot technol,CN,סיגריה אלקטרונית סמארט מלון אייס 3000 שאיפות,יחידה,1.00,יחידה,false,1,99.90,99.9000,true,1,53990
7290010154005,false,סחוג תימני יוחאי ביטון 250 גרם,תבליני יוחאי ביטון,IL,סחוג תימני 250 גרם,גרמים,250.00,100 גרם,false,1,16.90,6.7600,true,1,1603
7290010154012,false,לימון בלאדי כבוש תבליני ביטון 250 גרם,תבליני יוחאי ביטון,IL,לימון כבוש בלאדי 250 גרם,גרמים,250.00,100 גרם,false,1,16.90,6.7600,true,1,1604
7290010154036,false,עמבה תבליני ביטון 250 גרם,תבליני יוחאי ביטון,IL,ביטון יוחאי המקורי עמבה סלט מנגו וחילבה 250 גרם,גרמים,250.00,100 גרם,false,1,15.90,6.3600,true,1,4752
7290010154241,false,סלט חזרת ריף ביטון 250 ג',תבליני יוחאי ביטון,IL,ביטון יוחאי המקורי סלט חזרת 250 גרם,גרמים,250.00,100 גרם,false,1,16.90,6.7600,true,1,22125
7290010154265,false,פלפל צ'ומה תבליני ביטון 250 גרם,תבליני יוחאי ביטון,IL,"פלפל צ""ומה 250 גרם",גרמים,250.00,100 גרם,false,1,16.90,6.7600,true,1,3496
7290010154678,false,אריסה מרוקאית תבליני ביטון 250 גרם,תבליני יוחאי ביטון,IL,אריסה מרוקאית 250 גרם,גרמים,250.00,100 גרם,false,1,16.90,6.7600,true,1,39106
7290010154685,false,שום כתוש יוחאי ביטון 250 גרם,תבליני יוחאי ביטון,IL,ביטון יוחאי המקורי סלט שום כתוש 250 גרם,גרמים,250.00,100 גרם,false,1,17.50,7.0000,true,1,39107
7290010163069,false,צנובר 100 גרם ששון הקולה,"דין שיווק וקלייה בע""",IL,צנובר 100 גרם,גרמים,100.00,100 גרם,false,1,29.90,29.9000,true,1,51542
7290010173044,false,"יין הרי גליל מרלו 750 מ""ל",יקבי רמת הגולן,IL,"הרי גליל מרלו יין אדום יבש, 750 מל",מיליליטרים,750.00,"100 מ""ל",false,1,44.90,5.9867,true,1,2238
7290010173068,false,"יין חרמון גליל קברנה אדום יבש 750מ""ל",יקבי רמת הגולן,IL,יקבי הרי גליל קברנה סוביניון 750 מל,מיליליטרים,750.00,"100 מ""ל",false,1,44.90,5.9867,true,1,5615
7290010237531,false,"פפסי קולה 500 מ""ל בקבוק","טמפו משקאות בע""ם.",IL,פפסי 500 מל בקבוק,מיליליטרים,500.00,"100 מ""ל",false,1,5.00,1.0000,true,1,20862
7290010237548,false,"פפסי מקס דל קלוריות 500 מ""ל בקבוק",טמפו משקאות בעמ,IL,פפסי מקס בקבוק 500 מל,מיליליטרים,500.00,"100 מ""ל",false,1,5.00,1.0000,true,1,20863
7290010237562,false,משקה פפסי מרינדה קוו,"טמפו משקאות בע""מ",IL,מירינדה 500 בקבוק 24 יח',מיליליטרים,500.00,"100 מ""ל",false,1,5.00,1.0000,true,1,20864
7290010237685,false,"הייניקן בירה צואר ארוך 330מ""ל",טמפו משקאות בע''מ,IL,"בירה היינקן, בקבוק 330 מ''ל",מיליליטרים,330.00,"100 מ""ל",false,1,10.90,3.3030,true,1,2906
7290010237890,false,"בירה הייניקן בקבוק 500 מ""ל חוזר",טמפו משקאות בע''מ,IL,"בירה היינקן, בקבוק חוזר 500 מ""ל",מיליליטרים,500.00,"100 מ""ל",false,1,10.00,2.0000,true,1,2910
7290010259823,false,מנת השף-מרק עם נודלס בטעם עוף ויליפוד,נמצ'או(תאילנד) בעמ,TH,מנת השף- מרק עם נודלס בטעם עוף,גרמים,70.00,100 גרם,false,1,6.90,9.8571,true,1,3112
7290010259830,false,מנת השף נודלס בסגנון סיני פיקנטי וילי פוד 70 גרם,נמצ'או(תאילנד) בעמ,TH,ויליפוד מנת השף נודלס בטעם סיני-פיקנטי 70 גרם,גרמים,70.00,100 גרם,false,1,6.90,9.8571,true,1,7244
7290010259847,false,מנת השף מרק עם נודלס בטעם תירס ויליפוד 70 גרם,קריות זול,TH,ויליפוד מנת השף נודלס בטעם תירס 70 גרם,גרמים,70.00,100 גרם,false,1,6.90,9.8571,true,1,7245
7290010259854,false,מנת השף מרק עם נודלס בטעם פטריות ויליפוד 70 גרם,נמצ'או(תאילנד) בעמ,TH,ויליפוד מנת השף נודלס בטעם פטריות 70 גרם,גרמים,70.00,100 גרם,false,1,6.90,9.8571,true,1,7742
7290010328246,false,טחינה גולמית משומשום מלא אחווה 500 גרם,"אחדות ביח""ר לטחינה ח",IL,טחינה שומשום מלא אחווה 500 גרם,גרמים,500.00,100 גרם,false,1,15.90,3.1800,true,1,32774
7290010328468,false,מארז מיני חלווה אחוה בטעמים 18 יחידות 216 גרם,שוורצקוף& הנקל דיסלד,IL,"אחוה חטיפי מיני חלוה פיסטוק, וניל וקקאו 18 יחידות",גרמים,216.00,100 גרם,false,1,13.90,6.4352,true,1,29774
7290010328505,false,"מארז מיני חלווה 15 יחידות לל""ס אחוה 150 גרם",אחדות ביחר לטחינה חל,IL,חלבה אחוה מיני ללא סוכר 150 גרם,גרמים,150.00,100 גרם,false,1,13.90,9.2667,true,1,29775
7290010471669,false,יוגורט תות עם קורנפלקס מצופה שוקולד ללא גלוטן 3.9%,"שטראוס בריאות בע""\מ",IL,דנונה בר תות קורנפלקס,גרמים,175.00,100 גרם,false,1,4.90,2.8000,true,1,2644
7290010569120,false,חטיף גלידה שמנת בטעם נוגה עם קרם שוקולד,"מיוצר ע""\י גלידת שטראוס",IL,שלגון פסק זמן קראנץ,גרמים,73.00,100 גרם,false,1,12.90,17.6712,true,1,5238
7290010609734,false,אייס לי משקה להקפאה בטעמי פירות - מארז 8 יח',הדיל,IL,"שלוקים אייס לי 800 מ""ל",מיליליטרים,800.00,"100 מ""ל",false,1,5.90,0.7375,true,1,41906
7290010627844,false,טחינה גולמית שומשום מלא ירושלים 500גרם,"טחינה ירושליים בע""מ",IL,טחינה ירושלים 500 גרם שומשום מלא,גרמים,500.00,100 גרם,false,1,16.90,3.3800,true,1,44022
7290010650019,false,אנדיב בלגי אמיתי חוות תקוע,מרינה פטריות הגליל,IL,לבבות חסה אנדיב,גרמים,300.00,100 גרם,false,1,14.90,4.9667,true,1,37418
7290010650033,false,בצלצלי שאלוט תקוע אר,חוות פטריות תקוע,NL,בצלצלי שאלוט ארוז ליח,יחידה,0.00,יחידה,false,1,14.90,0.0000,true,1,35937
7290010657254,false,סרדינים מרוקאי בשמן צמחי 125 ג',יוניון דה פחריס,MA,סרדינים בשמן צמחי 125 גרם,גרמים,125.00,100 גרם,false,1,6.90,5.5200,true,1,34878
7290010657292,false,צלפים בחומץ צנצנת 35,פ.ח סאנצאס,ES,צלפים בחומץ צנצנת 350 גרם,גרמים,350.00,100 גרם,false,1,15.90,4.5429,true,1,34877
7290010657490,false,סרדין קזבלנקה בשמן ח,יוניון דה פחריס,MA,סרדינים בשמן חריף 125 גרם,גרמים,125.00,100 גרם,false,1,6.90,5.5200,true,1,34880
7290010672219,false,קוראסון שוקולד חלבי,פילסברי,,קוראסון שוקולד חלבי מנה אישית פילסברי,לא מנהל יחידת מידה,0.00,לא מנהל יחידת מידה,false,1,9.90,0.0000,true,1,8179
7290010672226,false,מאפה קרואסון שקדים פ,פילסברי,,מאפה קרואסון שקדים פרימיום פילסברי,לא מנהל יחידת מידה,0.00,לא מנהל יחידת מידה,false,1,9.90,0.0000,true,1,17343
7290010672844,false,חלה רגילה קלועה אפויה-קפואה,פילסברי,,חלה קלועה פילסברי,לא מנהל יחידת מידה,0.00,לא מנהל יחידת מידה,false,1,15.90,0.0000,true,1,17344
7290010699001,false,נר מותגים מיקי מאוס 1/24,סודי,,נר ליצן עם מספר,Unknown,0.00,Unknown,false,1,8.80,0.0000,true,1,19369
7290010777099,false,פיתות בעבודת יד פיתה אקספרס 8 יחידות,מגוון שיווק והפצת מא,IL,מארז שמיניית פיתות,גרמים,800.00,100 גרם,false,1,12.90,1.6125,true,1,32955
7290010777150,false,שמניית פיתה בריבוע מחיטה מלאה פיתה אקספרס,מגוון שיווק והפצת מא,IL,פיתה מיוחדת חיטה מלאה 8 יחידות,גרמים,800.00,100 גרם,false,1,15.90,1.9875,true,1,33230
7290010777242,false,עשיירית פיתה מחמצת פיתה אקספרס,מאפיית ביכורים מזון,IL,פיתה קריצה מחמצת 10יח,גרמים,1100.00,100 גרם,false,1,16.90,1.5364,true,1,53227
7290010777297,false,פיתות עבודת יד10 יח'/ פיתה ביס לבן 12 יח',מגוון שיווק והפצת מא,IL,פיתה מיוחדת עשירייה,גרמים,600.00,100 גרם,false,1,14.90,2.4833,true,1,33234
7290010777358,false,מארז שמיניית פיתות 100% כוסמין מלא,מגוון שיווק והפצת מא,IL,פיתה כוסמין 8 יח בשקית 400 גרם,גרמים,400.00,100 גרם,false,1,17.90,4.4750,true,1,33244
7290010777488,false,פיתה מחמצת 100% קמח מלא פיתה אקספרס,מאפיית ביכורים מזון,IL,פיתות מחמצת 100% קמח מלא 10 יח,גרמים,420.00,100 גרם,false,1,17.90,4.2619,true,1,53226
7290010777525,false,מארז שישייה פיתות כוסמין פיתה אקספרס,מאפיית ביכורים מזון,IL,פיתות 100% כוסמין דק 99 קל 6 יח,גרמים,300.00,100 גרם,false,1,17.90,5.9667,true,1,53225
7290010791545,false,מזון חתולים לה קט דליקטס פטה כבד 85 גרם,"הייקיו, תאילנד",TH,לה קט דליקטס פטה כבד עוף 85גרם,גרמים,85.00,100 גרם,false,1,5.90,6.9412,true,1,5858
7290010791552,false,לה-קט דליקטס טונה ברוטב 85 גר',"הייקיו, תאילנד",TH,לה קט דליקטס טונה ברוטב 85 גרם,גרמים,85.00,100 גרם,false,1,5.90,6.9412,true,1,5859
7290010791576,false,מזון חתולים לה קט דליקטס דגי אוקיאנוס 85 גרם,"הייקיו, תאילנד",TH,לה קט דליקטס אוצרות הים 85 גרם,גרמים,85.00,100 גרם,false,1,5.90,6.9412,true,1,5860
7290010849505,false,יין למברוסקו די לואיג'י רוסו דולצ'ה,פארייפאבה אגרואינדוס,IT,"למברוסקו די לואיגי אדום 750 מ""ל",מיליליטרים,750.00,"100 מ""ל",false,1,37.90,5.0533,true,1,21115
7290010849512,false,יין למברוסקו די לואיג'ירוזטו אמבילה,פארייפאבה אגרואינדוס,IT,"למברוסקו די לואיגי רוזה 750 מ""ל",מיליליטרים,750.00,"100 מ""ל",false,1,37.90,5.0533,true,1,22133
7290010849529,false,יין למברוסקו די לואיג'י ביאנקו,פארייפאבה אגרואינדוס,IT,"למברוסקו די לואיגי ביאנקו 750 מ""ל",מיליליטרים,750.00,"100 מ""ל",false,1,37.90,5.0533,true,1,24014
7290010883356,false,כפפות אלוורה רב שימושיות גדולות L סנו סושי,סנו סושי,CN,L-סושי כפפות אלוורה,לא מנהל יחידת מידה,0.00,לא מנהל יחידת מידה,false,1,12.50,0.0000,true,1,7108
7290010883370,false,כפפות אלוורה רב שימושיות בינוניות M סנו סושי,האי נאם סי או אל.טי.,CN,סושי כפפות אלוורה רב שימושיות - M,Unknown,0.00,Unknown,false,1,12.50,0.0000,true,1,6057
7290010945146,false,קוטג' 3% מועשר בסידן טרה 250 ג' מהדרין,קריות זול,IL,קוטג מועשר 3% טרה 250 גרם,גרמים,250.00,100 גרם,false,1,6.50,2.6000,true,1,3197
7290010945450,false,גבינה לבנה 3% 250 גר מועשר בסידן וויטמין,הפריט בפיקוח,IL,גבינה לבנה 3% 250 גרם,גרמים,250.00,100 גרם,false,1,4.80,1.9200,true,1,3326
7290011015374,false,"סחוט תפוחים צלול פריגת 400 מ""ל",היינץ צפון אמריקה מק,IL,"סחוט תפוח צלול 400 מ""ל",מיליליטרים,400.00,"100 מ""ל",false,1,11.90,2.9750,true,1,50350
7290011017866,false,קוקה קולה קלאסי בפחית,החברה המרכזית לייצור משקאות,IL,"סליק קוקה קולה 330 מ""ל מבצע",מיליליטרים,330.00,"100 מ""ל",false,1,5.90,1.7879,true,1,25354
7290011017873,false,"פחיות קוקה קולה זירו 330 מ""ל",החברה המרכזית לייצור משקאות,IL,"סליק קולה ZERO 330 מ""ל מבצע",מיליליטרים,330.00,"100 מ""ל",false,1,5.90,1.7879,true,1,25355
7290011017880,false,"קוקה קולה דיאט פחית 330 מ""ל",החברה המרכזית לייצור משקאות,IL,"סליק דק""ק 330 מ""ל מבצע",מיליליטרים,330.00,"100 מ""ל",false,1,5.90,1.7879,true,1,25356
7290011018184,false,פיוז טי תה קר בטעם אפרסק,מבשלות בירה בינלאומי,IL,FUZE tea אפרסק 0.5 ליטר,מיליליטרים,500.00,"100 מ""ל",false,1,8.50,1.7000,true,1,25335
7290011018214,false,פיוז טי תה קר בטעם מנגו אננס,מבשלות בירה בעמ,IL,פיוזטי מנגו אננס 0.5 ליטר,מיליליטרים,500.00,"100 מ""ל",false,1,8.50,1.7000,true,1,25338
7290011018368,false,ויינשטפן בירת חיטה לא מסוננת,"ויינשטפן, ת.ד 1155 פ",DE,Weihenstephan - בירת חיטה מעוננת,ליטרים,1.98,ליטר,false,1,64.90,32.7778,true,1,26216
7290011018474,false,"סומרסבי סיידר תפוחים אלכוהולי 300 מ""ל","קרלסברג קרואטיה , יב",HR,"סומרסבי סיידר בקבוק 330 מ""ל",מיליליטרים,330.00,"100 מ""ל",false,1,9.90,3.0000,true,1,28581
7290011018917,false,ק.קולה זירו פרידגפק סליק 330 מל שישייה,החברה המרכזית לייצור משקאות,IL,"מארז ק""ק ZERO 6 פח FRIDGE-PACK מבצע",ליטרים,1.98,ליטר,false,1,24.90,12.5758,true,1,32920
7290011018924,false,"מארז פחיות דיאט קוקה קולה שישייה 330 מ""ל",החברה המרכזית לייצור משקאות,IL,דקק 6 פח FRIDGE Pack מבצע,ליטרים,1.98,ליטר,false,1,24.90,12.5758,true,1,32919
7290011064020,false,בולגרית למריחה בטעמים 200 גר,גבינות אמיר ניצן בעמ,IL,גבינה בולגרית בעיר 200 גרם,גרמים,200.00,100 גרם,false,1,14.90,7.4500,true,1,18148
7290011064075,false,מעדן לבנה מסבחה -אבו גוש 200 גרם,גבינות אמיר ניצן בעמ,IL,גבינת לאבנה אבו גוש פלוס 200 גרם,גרמים,200.00,100 גרם,false,1,14.90,7.4500,true,1,18152
7290011064099,false,ירקות או פרות ממולאים במעדן גבינה ניצן 125 גרם,גבינות אמיר ניצן בעמ,IL,טאפס שכונתי 125 גרם,גרמים,125.00,100 גרם,false,1,21.50,17.2000,true,1,24002
7290011064273,false,מעדן חמאה עם פורציני100ג,גבינות אמיר ניצן בעמ,IL,חמאת פורציני 100 גרם,גרמים,100.00,100 גרם,false,1,21.50,21.5000,true,1,33275
7290011081492,false,גלידה בטעם שלושה שוקולדים 1.33ל' קרמיסימו,"גלידת שטראוס בע""\מ, רחוב",IL,מעדן קפוא קרמיסימו 3 שוקולדים 1.33 ל',ליטרים,1.33,ליטר,false,1,27.90,20.9774,true,1,6827
7290011116293,false,סקינגאד ספריי לילדSPF30,מיוצר עי : אמיליה קו,IL,סקין גארד - ספריי תחליב לילדים SPF30 200 מל,מיליליטרים,125.00,"100 מ""ל",false,1,39.90,31.9200,true,1,21474
7290011126452,false,הגן הקסום תה בטעם קמומיל ונענע ויסוצקי 25 יחידות,תה ויסוצקי,IL,"קמומיל ונענע ""הגן הקסוםC24 ?",גרמים,37.00,100 גרם,false,1,19.90,53.7838,true,1,8624
7290011126469,false,חליטת צמחים וקמומיל הגן הקסום ויסוצקי 25 יחידות,תה ויסוצקי,IL,"קמומיל ודבש ""הגן הקסוםC24 ?",גרמים,37.00,100 גרם,false,1,19.90,53.7838,true,1,8625
7290011126957,false,תה ירוק ויסוצקי ארל גריי 25 שקיקים,ויסוצקי ירוק,IL,תה ירוק ארל גריי T.T,גרמים,37.00,100 גרם,false,1,26.90,72.7027,true,1,18556
7290011131050,false,גרנולה בתוספת פקאן 1 קילו גרין,ויטליאה ניקולה דו,MK,גרנולה פלוס צימוקים ופקאן 1 קג,קילוגרמים,1.00,"ק""ג",false,1,28.90,28.9000,true,1,49321
7290011131371,false,"מוזלי שקדים ואגוזים 1 ק""ג גרין",ויטליאה ניקולה דו,MK,מוזלי פלוס אגוזים ושקדים 1 קג,קילוגרמים,1.00,"ק""ג",false,1,25.90,25.9000,true,1,31149
7290011131388,false,מיזלי 1 קג קרנצ תפוח&קינמ,ויטליאה ניקולה דו,MK,"מוזלי קרנצי תפוחים קינמון גרין 1 ק""ג",קילוגרמים,1.00,"ק""ג",false,1,25.90,25.9000,true,1,31147
7290011131395,false,"מוזלי בתוספת 30% פירות 1 ק""ג גרין",ויטליאה ניקולה דו,MK,גרין מוזלי קראנצ'י בתוספת 30% פירות 1 קג,קילוגרמים,1.00,"ק""ג",false,1,25.90,25.9000,true,1,31148
7290011132507,false,סן בנדטו- מים מנרליים - מוגז עדין 500 מל,אקווה מינרלה סאן בנדטו ב,IT,סן בנדטו מוגז 500 מל,מיליליטרים,500.00,"100 מ""ל",false,1,4.90,0.9800,true,1,23557
7290011148959,false,פלפל טינקרבל יח שמיטה,"מרינה פטריות הגליל בע""מ",IL,פלפל טינקרבל יחידה,גרמים,500.00,100 גרם,false,1,14.90,2.9800,true,1,25120
7290011153885,false,נייר אכיל ממותג דיסני,שמחה זה אנחנו,,נייר אכיל ממותג .,Unknown,0.00,Unknown,false,1,19.90,0.0000,true,1,17993
7290011194246,false,קוטג' 5% עם סידן 250 ג' שטראוס,מיוצר עי קונדיטוריית,IL,קוטג' 5% 250 גרם,גרמים,250.00,100 גרם,false,1,5.90,2.3600,true,1,3275
7290011215217,false,לחמניית דגנים פילסבר,פילסברי,,לחמניית דגנים פילסברי,יחידה,1.00,יחידה,false,1,4.50,4.5000,true,1,18518
7290011215415,false,סופגניה מיני ריקה פילסברי 40 גרם,פילסברי,,מיני סופגנייה מטוגנת קפואה ריקה,גרמים,40.00,100 גרם,false,1,2.90,7.2500,false,1,20582
7290011215804,false,חצי בגט,פילסברי,,חצי בגט,לא מנהל יחידת מידה,0.00,לא מנהל יחידת מידה,false,1,4.90,0.0000,true,1,21438
7290011223038,false,בונומי עלים לקרמשניט שכבות אפויות מבצק עלים 300 גרם,בונומי ס.פ.א,IT,עלים לקרמשניט בונומי 300 גרם,גרמים,300.00,100 גרם,false,1,16.90,5.6333,true,1,33228
7290011223045,false,בישקוטים בונומי 200 גרם,בונומי ס.פ.א,IT,בונמי בישקוטים 200 גרם,גרמים,200.00,100 גרם,false,1,8.90,4.4500,true,1,24527
7290011223205,false,ריבת חלב ארגנטינאית 454 גרם,אשבל מזון פונקציונלי,IL,ריבת חלב ארגנטינאית דולקור 454 גרם,גרמים,454.00,100 גרם,false,1,17.50,3.8546,true,1,31839
7290011223243,false,"טואלט דאק ג'ל לאסלה בניחוח לבנדר 55 מ""ל","איטיליאן פוד, אס.פי.",IT,ג'ל נוזלי לאסלה בניחוח לבנדר 55 מל,מיליליטרים,55.00,"100 מ""ל",false,1,12.90,23.4545,true,1,3339
7290011239404,false,חטיפים שונים ארוזים330ג,"בני ריאד מחרום בע""מ",IL,חטיפים 330 גרם,גרמים,330.00,100 גרם,false,1,14.90,4.5152,true,1,31143
7290011312282,false,"חציל מובחר לק""ג",מרינה,IL,"חציל מובחר לק""ג",קילוגרמים,1.00,"ק""ג",true,,10.90,10.9000,true,1,20805
7290011312305,false,כרוב לבן,מרינה,IL,כרוב לבן,קילוגרמים,1.00,"ק""ג",true,,6.50,6.5000,true,1,20802
7290011312312,false,כרוב אדום,מרינה,IL,כרוב אדום,קילוגרמים,1.00,"ק""ג",true,,9.90,9.9000,true,1,20803
7290011378028,false,חלבה קלאסית וניל ללא תוספת סוכר בארכה 350 גרם,"רושדי תעשיות מזון בע""\מ",IL,בארכה חלבה וניל ללא סוכר כלפ.8*350גרם,גרמים,350.00,100 גרם,false,1,16.90,4.8286,true,1,8388
7290011378257,false,חטיף חלבה בטעם וניל ללא תוספת סוכר בתוספת פיסטוק ופקאן,"רושדי תעשיות מזון בע""\מ",IL,בארכה בקטנה מאגדת פקאן ללא סוכר12 7*18ג,גרמים,120.00,100 גרם,false,1,13.90,11.5833,true,1,26748
7290011378769,false,חטיף חלווה וניל בארכה 126 גרם מארז 7 יחידות,"רושדי תעשיות מזון בע""\מ",IL,בארכה בקטנה מאגדת וניל כלפ.12 7*18גרם,גרמים,120.00,100 גרם,false,1,13.90,11.5833,true,1,25560
7290011378776,false,חטיף חלווה פיסטוק בארכה 126 גרם מארז 7 יחידות,"רושדי תעשיות מזון בע""\מ",IL,בארכה בקטנה מאגדת פיסטוק כלפ.12 7*18גרם,גרמים,120.00,100 גרם,false,1,13.90,11.5833,true,1,25574
7290011379025,false,"פלפל צ'ילי ""מרינה""","מרינה פטריות הגליל בע""מ",IL,פלפל צילי יח,גרמים,150.00,100 גרם,false,1,7.90,5.2667,true,1,25576
7290011379926,false,סלרי עלים ארוז יח,"מרינה פטריות הגליל בע""מ",IL,סלרי עלים ארוז יח,גרמים,400.00,100 גרם,false,1,5.90,1.4750,true,1,22462
7290011438142,false,"משקה יטבתה אייס קפה בבקבוק אישי 350 מ""ל",שטראוס גרופ,IL,"אייס קפה 350 מ""ל",מיליליטרים,350.00,"100 מ""ל",false,1,6.90,1.9714,true,1,6409
7290011499051,false,גבינה פטה כבשים בגביע 20% 250 גר',MKN עבור מחלבות גד ב,IL,פטה כבשים גבינה מלוחה במי מלח,גרמים,250.00,100 גרם,false,1,27.90,11.1600,true,1,3589
7290011499105,false,גבינה בולגרית מלוחה 5% 250 ג' גד,ג'נרל מילס סאן אדריא,IL,גבינה בולגרית 5% 250 גרם,גרמים,250.00,100 גרם,false,1,28.90,11.5600,true,1,3777
7290011499112,false,גבינה בולגרית 165 גד 250 גרם,"מיוצר ע""י dsh",IL,בולגריות מיוצרת בשיטה מסורתית 16% 250 גרם,גרמים,250.00,100 גרם,false,1,28.90,11.5600,true,1,14871
7290011499129,false,גבינה בולגרית מעודנת קוביות קטנות 5% גד 200 גרם,קוד יצרן DSH,IL,קוביות בולגרית מעודנת,גרמים,200.00,100 גרם,false,1,24.90,12.4500,true,1,6393
7290011499303,false,גבינה בולגרית עזים 5% גד מעודנת 250 גרם,ג'נרל מילס סאן אדריא,IL,גד בולגרית עיזים מעודנת 5% שומן,גרמים,250.00,100 גרם,false,1,31.90,12.7600,true,1,16961
7290011499327,false,גבינה בולגרית מעודנת חלב בקר 250 גר,מיוצר על ידי DSH עבו,IL,גד גבינת בולגרית מעודנת מחלב בקר במי מלח 5% שומן,גרמים,250.00,100 גרם,false,1,28.90,11.5600,true,1,16963
7290011499341,false,גבינת קשקבל ארוז 26 אחוז 250גרם גד,הנסיך- מפעל לייצור ט,IL,גבינת קאשקבל 200 גרם,גרמים,200.00,100 גרם,false,1,29.90,14.9500,true,1,17321
7290011499358,false,פטה עיזים מסורתית 20% בגביע מחלבות גד,מיוצר על ידי קוד יצר,IL,מחלבות גד גבינת פטה עיזים 20% שומן,גרמים,200.00,100 גרם,false,1,30.90,15.4500,true,1,17322
7290011499365,false,גבינת חלומי 24% גד 200 גרם,"מחלבות גד בע""\מ",IL,גד גבינת חלומי קשה מחלב בקר 24% שומן 200 גרם,גרמים,200.00,100 גרם,false,1,23.90,11.9500,true,1,17323
7290011499419,false,גבינה במרקם שמנת בטעם טבעי 5% ניו יורק,גבינות מדף,IL,גבינת ניו יורק מרקם שמנת 5% 200 גר,גרמים,200.00,100 גרם,false,1,12.90,6.4500,true,1,20127
7290011499525,false,גבינת לאבנה דרוזית 9% גד 500 גרם,מחלבות גד בעמ,IL,גבינת לאבנה דרוזית מחלב בקר 9% 500 גרם,גרמים,500.00,100 גרם,false,1,23.90,4.7800,true,1,20763
7290011499624,false,גבינת שמנת בטעם טבעי גד 30% 200 גרם,גבינות מדף,IL,"גד, גבינת שמנת בטעם טבעי 30% , 200 גרם",גרמים,200.00,100 גרם,false,1,14.90,7.4500,true,1,23118
7290011499846,false,גבינת ריקוטה פרסקה 9% גד 300 גרם,מחלבות גד בעמ,IL,גבינת ריקוטה פרסקה 9% 300 גרם גד,גרמים,300.00,100 גרם,false,1,19.90,6.6333,true,1,23141
7290011499853,false,שמנת 30% ניו יורק זיתים מחלבות גד,מחלבות גד (שיווק 199,IL,גד ניו יורק גבינת שמנת זיתים 30% 200 גרם,גרמים,200.00,100 גרם,false,1,14.90,7.4500,true,1,27313
7290011501617,false,חמוציות ברכז תפוחים ללא תוספת סוכר 250 גרם,"דין שיווק וקלייה בע""",IL,חמוציות ברכז תפוחים ללא סוכר 250 גרם,גרמים,250.00,100 גרם,false,1,18.90,7.5600,true,1,52045
7290011502867,false,גרנולה אגוזים בשקית שקדיה 500 גרם,"דין שיווק וקלייה בע""",IL,גרנולה אגוזים 500 גרם שקדיה,גרמים,500.00,100 גרם,false,1,14.90,2.9800,true,1,18401
7290011502874,false,דלישס גרנולה עם פירות יבשים 500גר,"דין שיווק וקלייה בע""",IL,גרנולה פירות יבשים 500 גרם שקדיה,גרמים,500.00,100 גרם,false,1,14.90,2.9800,true,1,18402
7290011505141,false,מטלית הפלא לרצפות 2יח' ענק,יוניסן,,מטלית הפלא לרצפות 2 יח ענק,לא מנהל יחידת מידה,0.00,לא מנהל יחידת מידה,false,1,30.50,0.0000,true,1,25263
7290011505493,false,כפות מהודר עבה במיוח,הוסטס,,כפות מהודר עבה במיוחד 50 יחידות,לא מנהל יחידת מידה,0.00,לא מנהל יחידת מידה,false,1,12.90,0.0000,true,1,36665
7290011505509,false,מזלגות מהודר עבה במי,הוסטס,,מזלגות מהודר עבה במיוחד 50 יחידות,לא מנהל יחידת מידה,0.00,לא מנהל יחידת מידה,false,1,12.90,0.0000,true,1,36662
7290011505516,false,סכינים מהודר עבה במי,הוסטס Hostess,,סכינים מהודר עבה במיוחד 50 יחידות,לא מנהל יחידת מידה,0.00,לא מנהל יחידת מידה,false,1,12.90,0.0000,true,1,36663
7290011515683,false,מאגדת טילון אקסטרים וניל נסטלה 6 יחידות,תות תעשיות מזון (201,IL,אקסטרים טילון וניל בדצ מאח.5 6*72גרם,גרמים,432.00,100 גרם,false,1,39.50,9.1435,true,1,14250
7290011515911,false,שלגונים מופחתי קלוריות בטעם ריבת חלב - 6 יח',גלידות נסטלה )נגה גלידות,IL,נסטלה שלג.לייט ריבת חלב בדצ מאח.6 6*52ג,גרמים,312.00,100 גרם,false,1,32.90,10.5449,true,1,18577
7290011598211,false,"סנו - אנטי קאלק מרסס ניקוי כללי 4 ב-1 700 מ""ל",מיוצר עי קונדיטוריית,IL,אנטי קאלק מרסס כללי רב שימושי 4 ב 1 700 מל,מיליליטרים,700.00,"100 מ""ל",false,1,19.90,2.8429,true,1,14948
7290011607180,false,"אבקת כביסה קולון 101 1.25 ק""ג",ריקט בנקיזר ( ניר אי,IL,"אבקת כביסה קולון 1.25 ק""ג",קילוגרמים,1.25,"ק""ג",false,1,14.90,11.9200,true,1,20080
7290011695651,false,צנימים עגולים 300 גרם נאמן,S.P.A ניולט,IL,צנימים עגולים,גרמים,300.00,100 גרם,false,1,15.90,5.3000,true,1,41751
7290011723200,false,טחינה הר ברכה 100% שומשום טהור 500 גר,טחינה הר ברכה בעמ,IL,טחינת הר ברכה 500גרם,גרמים,500.00,100 גרם,false,1,19.90,3.9800,true,1,29813
7290011765446,false,משחת שיניים לילדים בוב ספוג בטעם מיץ ענבים עם פלואוריד למניעת עששת,טרופיקל דגיל תעשיות קוסמ,IL,משחת שיניים אורביטול בוב ספוג 70 גרם,גרמים,70.00,100 גרם,false,1,10.90,15.5714,true,1,6065
7290011870225,false,סוללות פוג'יקום AAA רביעייה,פוג'יקום,CN,סוללות פוזיקום 4AAA,יחידה,1.00,יחידה,false,1,9.90,9.9000,true,1,36604
7290011870256,false,AA סוללות פוגיקום 4 יחידות,פוג'יקום,CN,מארז 4 פוגיקום AA,יחידה,1.00,יחידה,false,1,9.90,9.9000,true,1,36603
7290011870270,false,פוג'יקום סוללות מארז 12 יח' AA,פוג'יקום,CN,סוללות פוזיקום 12AA,לא מנהל יחידת מידה,0.00,לא מנהל יחידת מידה,false,1,19.90,0.0000,true,1,36607
7290011870720,false,סוללה פוגיקום גדול D,פוג'יקום,CN,סוללות פוזיקום D,יחידה,1.00,יחידה,false,1,23.90,23.9000,true,1,36601
7290011870744,false,סוללה מרובע פוגיקום,פוג'יקום,CN,סוללות פוזיקום 9V,יחידה,1.00,יחידה,false,1,19.90,19.9000,true,1,36602
7290011877859,false,סנו אינסטלטור חדש פותח סתימות 200ג',מיוצר עי קונדיטוריית,IL,"פותח סתימות אינסטלטור 200 גר """,גרמים,200.00,100 גרם,false,1,17.90,8.9500,true,1,17507
7290011923273,false,טופו אורגני-ליב 300 גרם,א.י.ן תעשיות מזון בע,IL,ליב טופו אורגני 300 גרם,גרמים,300.00,100 גרם,false,1,13.50,4.5000,true,1,35260
7290011923303,false,טופו טבעי 300גרם ליב,א.י.ן תעשיות מזון בע,IL,ליב טופו בטעם טבעי 300 גרם,גרמים,300.00,100 גרם,false,1,11.90,3.9667,true,1,35276
7290011947309,false,זיתים מצוננים סורי מבוקע ולימון כבוש זיתא 230 ג',זיתא – י.ט.ב תעשיות,IL,זית ירוק עם לימון כבוש זיתא 230 גרם,גרמים,230.00,100 גרם,false,1,14.90,6.4783,true,1,27376
7290011947316,false,זיתים קלמטה 215 גר מעדניה זיתא,זיתא - י.ט.ב תעשיות,IL,זית קלמטה בשמן זית כתית מעולה,גרמים,217.00,100 גרם,false,1,14.90,6.8664,true,1,37068
7290011947743,false,זיתים זיתא מיקס זית ירוק וזית קלמטה 215 גרם,זיתא - י.ט.ב תעשיות,IL,מיקס זיתים,גרמים,215.00,100 גרם,false,1,14.90,6.9302,true,1,44194
7290011947781,false,מיקס זית ירוק וזית קלמטה ללא גלעין עם שמן זית כתית מעולה,זיתא - י.ט.ב תעשיות,IL,זית ירוק קלמטה ללא גלעין מיקס זיתא190גרם,גרמים,190.00,100 גרם,false,1,14.90,7.8421,true,1,49505
7290011947798,false,זית קלמטה ללא גלעין עם שמן זית כתית מעולה,זיתא - י.ט.ב תעשיות,IL,זית קלמטה ללא גלעין זיתא 190 גרם,גרמים,190.00,100 גרם,false,1,14.90,7.8421,true,1,49504
7290011947835,false,שמן זית כתית מ.כמהין240מ,סטאר סנקס,IL,זיתא שמן כתית מעולה כמהין,גרמים,240.00,100 גרם,false,1,21.90,9.1250,true,1,50970
7290011947866,false,זיתא מיקס זיתים בפח 250 גרם,זיתא - י.ט.ב תעשיות,GR,מיקס זיתים בפח,גרמים,440.00,100 גרם,false,1,16.90,3.8409,true,1,50520
7290011947873,false,זית קלמטה בפח זיתא 440גר,זיתא - י.ט.ב תעשיות,GR,זיתי קלמטה בפח,גרמים,440.00,100 גרם,false,1,16.90,3.8409,true,1,50521
7290011947903,false,מיקס זיתים יווני זיתא 215 ג',זיתא - י.ט.ב תעשיות,IL,זיתים מיקס יווני זיתא 215 גרם,גרמים,215.00,100 גרם,false,1,14.90,6.9302,true,1,50680
7290011947996,false,זית סורי שחור סורי מ,זיתא - י.ט.ב תעשיות,IL,זית סורי שחור סורי מרינד זיתא 215 גרם,גרמים,215.00,100 גרם,false,1,14.90,6.9302,true,1,52491
7290011964702,false,שווארמה ללא מונסודיום 100 גרם מיכל גדול,"תבליני טעם וריח בע""מ",IL,"תבליני טעם וריח תערובת תיבול לשווארמה, 100 גרם",גרמים,110.00,100 גרם,false,1,10.90,9.9091,true,1,46038
7290011996031,false,טעם אסיה אטריות בצים 454 ג',מזרח מערב,CN,אטריות ביצים 454 גרם,גרמים,454.00,100 גרם,false,1,9.10,2.0044,true,1,20191
7290011996062,false,אורז לבן עגול מתאים להכנת סושי,טעמי אסיה Taste of Asia,ES,"אורז לסושי 1 ק""ג",קילוגרמים,1.00,"ק""ג",false,1,16.50,16.5000,true,1,20186
7290011996123,false,אצות לסושי נורי גולד 10 יחידות,טעמי אסיה Taste of Asia,CN,דפי אצות ים נורי 10 יח,גרמים,25.00,100 גרם,false,1,14.90,59.6000,true,1,38073
7290011996277,false,מחצלת עגולה לגלגול סושי,טעמי אסיה Taste of Asia,CN,מחצלת לסושי אסיה,יחידה,1.00,יחידה,false,1,7.90,7.9000,true,1,20205
7290011996758,false,מזרח מערב קמח טמפורה כשר 500ג',טעמי אסיה Taste of Asia,CN,קמח טמפורה 500 גרם,גרמים,500.00,100 גרם,false,1,11.90,2.3800,true,1,26897
7290011996789,false,פנקו פירורי לחם בסגנון יפני,טעמי אסיה Taste of Asia,CN,פירורי לחם יפניים פנקו 200 גרם,גרמים,200.00,100 גרם,false,1,9.90,4.9500,true,1,20235
7290011996819,false,"מקלוני אטריות שעועית 250 גרם ""אסיה""",טעמי אסיה Taste of Asia,CN,אטריות סיניות מקלוני שעועית 250 גרם,גרמים,250.00,100 גרם,false,1,7.80,3.1200,true,1,20213
7290012001994,false,חרדל דיז'ון גרעינים 350 ג' ריין דיזון,ריין דיז'ון reine dijon,FR,חרדל דיגון גרעינים 350 גרם כפ,גרמים,350.00,100 גרם,false,1,14.90,4.2571,true,1,21876
7290012031137,false,ל.מ נייט מושיין PP חפיסה,פיליפ מוריס,TR,סיגריות L.M מושן נייט 7.0 חפיסה,יחידה,1.00,יחידה,false,1,25.90,25.9000,false,1,41824
7290012031151,false,סיגריות ל.מ.בלו מושי,פיליפ מוריס,TR,ל.מ בלו מושייןPP חפיסה,יחידה,0.00,יחידה,false,1,25.90,0.0000,false,1,41826
7290012052347,false,"גרנולה תענוג-צימוקים ושקדים ללא תוספת סוכר 1 ק""ג",רפאלס,IL,"תענוג ללא סוכר צימוק שקד 1 ק""ג רפאל'ס",קילוגרמים,1.00,"ק""ג",false,1,29.90,29.9000,true,1,50114
7290012116735,false,נייר טואלט גליל כפול סנו סופט 24 גלילים,סנו מפעלי ברונוס בעמ,IL,נ ט סופט גליל גמבו 24 יחידות,מטרים,90000.00,מטר,false,1,45.90,0.0005,true,1,42239
7290012117428,false,"ג'ל רחצה ושמפו מעיינות מנטה קרמה מן 700 מ""ל",טרופיקל דגיל תעשיות,IL,"ג""ל רחצה ושמפו קרמה מן 700 מ""ל",מיליליטרים,700.00,"100 מ""ל",false,1,18.90,2.7000,true,1,19997
7290012117534,false,מרכך כביסה מרוכז תכלת קול סנו מקסימה 1 ליטר,"סנו מפעלי ברונוס בע""\מ",IL,מקסימה מרכך כביסה מרוכז (COOL) 1 ליטר,ליטרים,1.00,ליטר,false,1,18.90,18.9000,true,1,42730
7290012117558,false,מקסימה מרכך כביסה מרוכז ורוד בניחוח מאסק סנו 1 ליטר,"סנו מפעלי ברונוס בע""\מ",IL,מרכך מרוכז מאסק 1ליטר 40 כביסות,ליטרים,1.00,ליטר,false,1,18.90,18.9000,true,1,21789
7290012139499,false,בג עצם לחוצה מעושנת בציפוי עוף 5 מקט ח,בונזו,,"בונזו ג""וי עצם לחוצה מעושנת בצ",גרמים,160.00,100 גרם,false,1,21.90,13.6875,true,1,51553
7290012159411,false,לבבות דקל חתוך לינה 400 גרם,יושלם,IL,לבבות דקל חתוך 400 גרם,גרמים,400.00,100 גרם,false,1,9.90,2.4750,true,1,23859
7290012226021,false,נקניק סלמי מעושן פראג זוגלובק 400 גרם,נקניק נהריה כשר זוגל,IL,זוגלובק סלמי מעושן פראג 400 גרם א.מ.,גרמים,400.00,100 גרם,false,1,22.90,5.7250,true,1,40778
7290012226076,false,חרמון הודו ועוף 200 ג' זוגלובק,זוגלובק,IL,זוגלובק חרמון הודו ועוף 200 גרם,גרמים,200.00,100 גרם,false,1,15.50,7.7500,true,1,41900
7290012226120,false,"קבנוס 135 גרם ""זוגלובק""",נקניק נהריה כשר זוגל,IL,זוגלובק קבנוס 135 גרם,גרמים,135.00,100 גרם,false,1,13.90,10.2963,true,1,25812
7290012226342,true,נקניקיה מן הצומח זוג,זוגלובק,IL,נקניקיה מן הצומח זוגלוס 460גרם,גרמים,460.00,100 גרם,false,1,31.90,6.9348,true,1,39098
7290012226939,false,קבנוס עם צ'ילי חריף זוגלובק 135 גרם,נקניק נהריה כשר זוגל,IL,זוגלובק קבנוס עם צ'ילי חריף 135 גרם,גרמים,135.00,100 גרם,false,1,13.90,10.2963,true,1,23926
7290012227172,false,חרמן הודו בדבש וברביקיו זוג במארז 600 ג' זוגלובק,נקניק נהריה כשר זוגל,IL,כפריות פסטרמות הודו דבש+ברביקיו זוגלובק,גרמים,600.00,100 גרם,false,1,34.90,5.8167,true,1,40297
7290012227325,false,סלמי דק דק מעושן איטלקי 120 ג' זוגלובק,זוגלובק,IL,זוגלובק סלמי מעושן איטלקי 120 גרם דק דק דק,גרמים,120.00,100 גרם,false,1,14.90,12.4167,true,1,37798
7290012227974,false,פסטרמה הודו בדבש טהור דק דק דק,זוגלובק,IL,זוגלובק פסטרמה בדבש 120 גרם דק דק דק,גרמים,120.00,100 גרם,false,1,14.90,12.4167,true,1,37800
7290012227981,false,פסטרמה דק דק ברביקיו 120 ג' זוגלובק,זוגלובק,IL,זוגלובק פסטרמה ברביקיו 120 גרם דק דק דק,גרמים,120.00,100 גרם,false,1,14.90,12.4167,true,1,37801
7290012227998,false,פסטרמה דק דק חזה בקר 120 ג' זוגלובק,זוגלובק,IL,זוגלובק חזה בקר 120 גרם דק דק דק,גרמים,120.00,100 גרם,false,1,14.90,12.4167,true,1,37799
7290012228261,false,נקנקיות קנקרס הודו ועוף ריינהולד'ס זוגלובק 300 ג',זוגלובק,IL,זוגלובק נקניקיות הודו פרמיום קנקרס ריינהולד'ס,גרמים,300.00,100 גרם,false,1,20.90,6.9667,true,1,35647
7290012228278,false,נקנקיות בוקוורסט עוף ובקר ריינהולד'ס 310 ג' זוגלובק,זוגלובק,IL,זוגלובק נקניקיות הודו -בקר (בוקוורסט) ריינהולדס,גרמים,310.00,100 גרם,false,1,20.90,6.7419,true,1,35646
7290012228971,false,סלמי תה פפרוני זוגלובק 180 ג',זוגלובק,IL,סלמי תה פפרוני זוגלובק 180 גרם,גרמים,180.00,100 גרם,false,1,15.90,8.8333,true,1,52034
7290012228988,false,חרמון הודו ועוף בדבש זוגלובק 200 ג',זוגלובק,IL,חרמון הודו ועוף בדבש זוגלובק 200 גרם,גרמים,200.00,100 גרם,false,1,15.90,7.9500,true,1,52035
7290012245176,false,וופל צ'יפס קריספי 700 גרם,אגריסטו,BE,CHIPS וופל ציפס קריספי 700גרם,גרמים,700.00,100 גרם,false,1,14.90,2.1286,true,1,52784
7290012245183,false,צ'יפס קריספי קלאסי 700 גרם,אגריסטו,BE,CHIPS ציפס קריספי קלאסי700גרם,גרמים,700.00,100 גרם,false,1,12.90,1.8429,true,1,52785
7290012245275,false,"גולד ציפס בטטה קריספי 1 ק""ג",אגריסטו,BE,"CHIPS ציפס בטטה קריספי 1 ק""ג",קילוגרמים,1.00,"ק""ג",false,1,28.90,28.9000,true,1,52786
7290012306518,false,פריכיות אורז מלא מכב,מכבים,,פריכיות אורז מלא מכבים 200 גרם,גרמים,200.00,100 גרם,false,1,15.70,7.8500,true,1,29899
7290012306532,false,מעיין פריכיות כוסמת 150 גר' עם מלח,כל בו מכבי,,פריכיות כוסמת עם מלח 150 גרם,גרמים,150.00,100 גרם,false,1,15.70,10.4667,true,1,28702
7290012306631,false,פריכיות מלוח אורז מל,מכבים,,פריכיות מלוח אורז מלא מכבים 200 גרם,גרמים,200.00,100 גרם,false,1,15.70,7.8500,true,1,29898
7290012309311,false,ערמונים קלופים ששון הקולה 100 גרם,"דין שיווק וקליה בע""מ",CN,ערמונים מקולפים 105 גרם,גרמים,105.00,100 גרם,false,1,5.90,5.6190,true,1,27676
7290012309939,false,חלווה מסולסלת בקופסא ששון הקולה 500 גרם,אף.סי תבליני בגליל ב,IL,חלבה מסולסלת 500 גרם ששון הקולה,גרמים,500.00,100 גרם,false,1,15.90,3.1800,true,1,28538
7290012313264,false,שימורי כרוב כבוש יבנה 600 גרם,קבוצת יבנה,IL,כרוב כבוש 560 גרם יבנה,גרמים,560.00,100 גרם,false,1,9.50,1.6964,true,1,41687
7290012404177,false,"שוופס Fruits תפוח זכוכית 330 מ""ל",יפאורה תבורי בעמ,IL,"שוופס מוגז פירות תפוחים 330 מ""ל זכוכית",מיליליטרים,330.00,"100 מ""ל",false,1,6.90,2.0909,true,1,35449
7290012404184,false,שוופס מוגז פירות לימונים 330 מל,יפאורה תבורי בעמ,IL,"שוופס מוגז פירות לימונים 330 מ""ל זכוכית",מיליליטרים,330.00,"100 מ""ל",false,1,6.90,2.0909,true,1,35447
7290012404955,false,נקטר חמוציות ספרינג קולקשן 1.25 ליטר,יפאורה שותפות מובגלת לשיווק,IL,ספרינג Collection נקטר חמוציות 1.25 ל',ליטרים,1.25,ליטר,false,1,15.90,12.7200,true,1,35425
7290012404993,false,נקטר דיאט חמוציות ספרינג קולקשן 1.25 ליטר,יפאורה שותפות מובגלת לשיווק,IL,ספרינג Collection נקטר דיאט חמוציות 1.25 ל',ליטרים,1.25,ליטר,false,1,15.00,12.0000,true,1,35424
7290012413643,false,תה ירוק קמומיל ויסוצקי 25 יחידות,ויסוצקי ירוק,IL,תה ירוק קמומיל T.T,גרמים,37.00,100 גרם,false,1,26.90,72.7027,true,1,25572
7290012522581,false,שניצל תירס ללא גלוטן טבעול 664 גרם,עיצובים 2020 (4.8),IL,שניצל תירס ללא גלוטן 660 גרם,גרמים,660.00,100 גרם,false,1,31.90,4.8333,true,1,24604
7290012525452,false,טילון אקסטרים נוק אאוט שוקו וניל 70ג',גלידות נסטלה )נגה גלידות,IL,אקסטרים טילון שוקו וניל בדצ 24*70גרם-חדש,גרמים,70.00,100 גרם,false,1,7.90,11.2857,true,1,24448
7290012561405,false,בצל חצי מטוגן דורות 180 גרם,עיצובים 2020 (3.8),IL,בצל חצי מטוגן 180 גרם,גרמים,180.00,100 גרם,false,1,12.50,6.9444,true,1,32941
7290012576607,false,"יין קברנה סוביניון פרמייר מלבק אדום ברקן 750 מ""ל","ברקן שיווק והפצה בע""",IL,ברקן פרימייר קברנה סובניון אדום 750 מ,מיליליטרים,750.00,"100 מ""ל",false,1,26.90,3.5867,true,1,27495
7290012576614,false,יין Premieur לבן חצי יבש אמרלד ריזלינג קולומברד,יקבי ברקן שיווק והפצה בע,IL,"יין פרמייר ריזלינג 750 מ""ל",מיליליטרים,750.00,"100 מ""ל",false,1,26.90,3.5867,true,1,27494
7290012588259,false,מים מינרלים טבעיים כדורגל 500 מל,נרה קריטיס אס איי באריפט,GR,מים מינרלים טבעיים כדורגל 500 מל,מיליליטרים,500.00,"100 מ""ל",false,1,2.50,0.5000,true,1,38216
7290012588570,false,ווטר בוקס - מי מעיין טבעיים 1.ליטר,בוריסטליג' בוטלינג ק,IE,"ווטר בוקס 500 מ""ל",מיליליטרים,500.00,"100 מ""ל",false,1,6.90,1.3800,true,1,54287
7290012588907,false,"איילנד גויאבה 300 מ""",טמפו,IL,"איילנד גויאבה 300 מ""ל",מיליליטרים,300.00,"100 מ""ל",false,1,6.90,2.3000,true,1,54488
7290012588914,false,"איילנד מנגו 300 מ""ל",טמפו,IL,"איילנד מנגו 300 מ""ל",מיליליטרים,300.00,"100 מ""ל",false,1,6.90,2.3000,true,1,54489
7290012645112,false,יוגורט עיזים 2.8% בדלי חלב הארץ 750 גרם,מחלבות סוסיא,IL,"יוגורט עיזים 750 מ""ל",מיליליטרים,750.00,"100 מ""ל",false,1,21.90,2.9200,true,1,44604
7290012645129,false,יוגורט כבשים 5% בדלי חלב הארץ 750 גרם,מחלבות סוסיא,IL,"יוגורט כבשים 750 מ""ל",מיליליטרים,750.00,"100 מ""ל",false,1,21.50,2.8667,true,1,50543
7290012645174,false,גבינת עיזים 5% חלב הארץ 200 גרם,חלב הארץ,IL,גבינת עיזים 5% חלב הארץ 200גרם,גרמים,200.00,100 גרם,false,1,14.90,7.4500,true,1,52929
7290012645280,false,יוגורט כבשים בסגנון יוני 5% חלב הארץ 150 גרם,מחלבות סוסיא,IL,יוגורט כבשים בסגנון יווני חלב הארץ 150 ג,גרמים,150.00,100 גרם,false,1,5.90,3.9333,true,1,51767
7290012645297,false,יוגורט עיזים ביו 2.8% טעם טבעי חלב הארץ 150 גרם,מחלבות סוסיא,IL,חלב הארץ גביע יוגורט עיזים טבעי 150 גרם,גרמים,150.00,100 גרם,false,1,5.90,3.9333,true,1,37595
7290012645389,false,יוגורט עיזים 3.7%בבקבוק חלב הארץ 1 ליטר,מחלבות סוסיא,IL,חלב הארץ יוגורט עיזים 1 ליטר בבקבוק,ליטרים,1.00,ליטר,false,1,23.90,23.9000,true,1,37614
7290012724817,false,נענע יח בשקית,"מרינה פטריות הגליל בע""מ",IL,נענע ארוז ליח,גרמים,70.00,100 גרם,false,1,5.90,8.4286,true,1,27212
7290012724824,false,שמיר יח בשקית,"מרינה פטריות הגליל בע""מ",IL,שמיר ארוז ליח,גרמים,70.00,100 גרם,false,1,5.90,8.4286,true,1,27209
7290012724831,false,כוסברה יח בשקית,"מרינה פטריות הגליל בע""מ",IL,כוסברה ארוז ליח,גרמים,70.00,100 גרם,false,1,4.90,7.0000,true,1,27210
7290012724848,false,פטרוזיליה יח בשקית,"מרינה פטריות הגליל בע""מ",IL,פטרוזיליה ארוז ליח,גרמים,70.00,100 גרם,false,1,5.90,8.4286,true,1,27211
7290012759017,false,חטיף אישי קשיו שקד פיסטוק 50 גר' - ממה,ממה חטיפי אנרגיה,IL,חטיף אנרגיה מיקס ממה 50 גרם,גרמים,50.00,100 גרם,false,1,8.90,17.8000,true,1,19743
7290012759031,false,חטיף אישי בננה פקאן 50 גר' - ממה,ממה חטיפי אנרגיה,IL,חטיף אנרגיה בננה ופקאן ממה אישי 50 גרם,גרמים,50.00,100 גרם,false,1,8.90,17.8000,true,1,21307
7290012759253,false,טראפלס תמרים וקקאו 280 גר' - ממה,ממה חטיפי אנרגיה,IL,טרפלס תמרים וקקאו 280 גרם,גרמים,280.00,100 גרם,false,1,34.90,12.4643,true,1,27913
7290012759444,false,טרפלס חמאת בוטנים 28,ממה חטיפי אנרגיה,,טרפלס חמאת בוטנים 280 גרם,גרמים,280.00,100 גרם,false,1,34.90,12.4643,true,1,32599
7290012759529,false,טראפלס שקדים וטחינה 280 גר' - ממה,ממה חטיפי אנרגיה,IL,טרפלס טחינה ושקדים 280 גרם,גרמים,280.00,100 גרם,false,1,34.90,12.4643,true,1,36623
7290012759659,false,משפחתית בראוניז תמר שוקולד קוקוס ואגוז מלך 240 גר' - ממה,ממה חטיפי אנרגיה,IL,עוגיות בראוניז קוקוס ואגוז מלך 240 גרם,גרמים,240.00,100 גרם,false,1,26.90,11.2083,true,1,42134
7290012759666,false,משפחתית בראוניז תמר שוקולד פקאן ופולי קקאו 240 גר' - ממה,ממה חטיפי אנרגיה,IL,עוגיות בראוניז פקאן ופולי קקאו 240 גרם,גרמים,240.00,100 גרם,false,1,26.90,11.2083,true,1,42133
7290012759673,false,משפחתית בראוניז חמאת בוטנים קשיו וגוג'י ברי 240 גר' - ממה,ממה חטיפי אנרגיה,IL,עוגיות בראוניז חמאת בוטנים 240 גרם,גרמים,240.00,100 גרם,false,1,26.90,11.2083,true,1,42132
7290012759727,false,חטיף בראוניז תמר שוקולד פקאן ופולי קקאו 40 גר' - ממה,ממה חטיפי אנרגיה,IL,חטיף בראוניז פקאן ופולי קקאו 50 גרם,גרמים,50.00,100 גרם,false,1,8.90,17.8000,true,1,42130
7290012759949,false,חטיף אישי חלבון תמר לוז וצ'יה,ממה,IL,חטיף חלבון תמר קרם לוז יה עם חלבון 50גר,גרמים,50.00,100 גרם,false,1,10.90,21.8000,true,1,49506
7290012759956,false,חטיף אישי חלבון תמר פקאן וקשיו,ממה,IL,חטיף חלבון תמר פקאן עם חלבון 50גרם,גרמים,50.00,100 גרם,false,1,10.90,21.8000,true,1,49507
7290012779152,false,חסה פאקצ'וי מרינה מה,מרינה פטריות הגליל,IL,עלי חסה פאק צוי 200 גרם,גרמים,200.00,100 גרם,false,1,13.90,6.9500,true,1,50074
7290012803765,false,טוסו שוקולד מריר ללא תוספת סוכר 100 גרם,אלטינמארקה גידה סאן,TR,טוסו שוקולד מריר ללא תוספת סוכר 100 גרם,גרמים,100.00,100 גרם,false,1,11.90,11.9000,true,1,25544
7290012803772,false,טוסו שוקולד חלב ללא תוספת סוכר 100 גרם,אלטינמארקה גידה סאן,TR,טוסו שוקולד חלב ללא תוספת סוכר 100 גרם,גרמים,100.00,100 גרם,false,1,11.90,11.9000,true,1,25545
7290012823381,false,מקסימה מרכך כביסה מרוכז סנסטיב בייבי סנו 1 ליטר,"סנו מפעלי ברונוס בע""\מ",IL,מרכך מרוכז סנסטיב 1 ליטר 40 כביסות,ליטרים,1.00,ליטר,false,1,18.90,18.9000,true,1,39520
7290012823558,false,"מטליות לחות לרצפה 40*70 ס""מ סנו סושי 10 יחידות",סנו מפעלי ברונוס בעמ,IL,מטליות לחות לריצפה סנו סושי 10 יחידות,Unknown,0.00,Unknown,false,1,11.90,0.0000,true,1,21878
7290012823602,false,נייר טואלט סופט סילק לבן 32 גלילים סנו,טרופיקל דגיל תעשיות,IL,נייר טואלט סופט 32 גלילים,מטרים,58800.00,מטר,false,1,35.90,0.0006,true,1,23040
7290012823947,false,"סנו - מרכך כביסה מרוכז פרפיום קריסטל נואר 750 מ""ל",מיוצר עי קונדיטוריית,IL,"מרכך כביסה פרפיום קריסטל נואר 750 מ""ל",מיליליטרים,750.00,"100 מ""ל",false,1,21.50,2.8667,true,1,22599
7290012864032,false,מיקס עדשים ונבטוטים,קרלסברג ישראל,IL,נבטוטים,לא מנהל יחידת מידה,0.00,לא מנהל יחידת מידה,false,1,9.90,0.0000,true,1,35827
7290012871061,false,חטיף תירס פופ מתוק ד,מפעלי דגן,IL,דגן תירס פופ מתוק 150 גרם,גרמים,150.00,100 גרם,false,1,7.90,5.2667,true,1,32459
7290012901355,false,דודלס ארוחת אטריות עם גבינה 206 גרם,האי נאם סי או אל.טי.,US,ארוחת מקרוני עם רוטב על בסיס גבינה,גרמים,206.00,100 גרם,false,1,12.90,6.2621,true,1,31846
7290012901959,false,פסטה דודלס מסולסלים עם גבינה156 גרם,הנדריקס פודס,US,אטריות עם גבינה מסולסלים Doodles גרם156,גרמים,156.00,100 גרם,false,1,12.90,8.2692,true,1,44697
7290012911170,false,מיסו כהה-מחית פולי סויה,טעמי אסיה Taste of Asia,,"מיסו כהה אסיה 500 מ""ל",מיליליטרים,500.00,"100 מ""ל",false,1,12.90,2.5800,true,1,26852
7290012911187,false,מיסו בהיר-מחית פולי סויה,טעמי אסיה Taste of Asia,,"מיסו בהיר אסיה 500 מ""ל",מיליליטרים,500.00,"100 מ""ל",false,1,12.90,2.5800,true,1,26853
7290012911293,false,דפי אורז ללא גלוטן 300 ג',טעמי אסיה Taste of Asia,VN,"דפי אורז 22 ס""מ 300 גרם",גרמים,300.00,100 גרם,false,1,14.50,4.8333,true,1,26842
7290012911675,false,"פיטריות שטאקה 85 גרם ""אסיה""",טעמי אסיה Taste of Asia,IL,פטריות שיטאקה אסיה 85 גרם,גרמים,85.00,100 גרם,false,1,18.50,21.7647,true,1,26870
7290012911866,false,"דפי אורז מרוב עים 22 ס""מ 300 גרם",טעמי אסיה Taste of Asia,VN,דפי אורז מרובעים 300 גרם,גרמים,300.00,100 גרם,false,1,14.50,4.8333,true,1,26871
7290012921025,false,"בקבוק בירה מלכה בהירה 330 מ""ל","בירה מלכה בע""מ",IL,בירה מלכה בהירה 6.5% כוהל 330 מל,מיליליטרים,330.00,"100 מ""ל",false,1,15.90,4.8182,true,1,24529
7290012921032,false,"בקבוק בירה מלכה אדמונית 330 מ""ל","בירה מלכה בע""מ",IL,בירה מלכה אדמונית 5.5% כוהל 330 מל,מיליליטרים,330.00,"100 מ""ל",false,1,15.90,4.8182,true,1,24528
7290012921049,false,בירה מלכה כהה בסגנון,"בירה מלכה בע""מ",IL,"בירה מלכה, כהה, 330 מל",מיליליטרים,330.00,"100 מ""ל",false,1,15.90,4.8182,true,1,42429
7290012921056,false,"בקבוק בירה מלכה חיטה 330 מ""ל",מבשלת בירה ישראלית,IL,"בירה מלכה חיטה, 330 מל",מיליליטרים,330.00,"100 מ""ל",false,1,15.90,4.8182,true,1,24534
7290012921063,false,בירה מלכה הינדי בבקבוק,"בירה מלכה בע""מ",IL,"בירה מלכה הינדי, 330 מל",מיליליטרים,330.00,"100 מ""ל",false,1,15.90,4.8182,true,1,41133
7290012938580,false,"סנסודיין משחת שיניים להלבנה עדינה 75 מ""ל",גלקסוסמית'\קליין קונסיומ,GB,סנסודיין משחת שיניים הלבנה עדינה 75 מל,מיליליטרים,75.00,"100 מ""ל",false,1,22.90,30.5333,true,1,42270
7290012938740,false,"משחת שיניים פרש מינט מנטה 75מ""ל סנסודיין",גלקסו סמית קליין,GB,סנסודיין משחת שיניים מנטה מרענן 75 מל,מיליליטרים,75.00,"100 מ""ל",false,1,22.90,30.5333,true,1,41591
7290012962608,false,"צלחות פלסטיק עבות כ-22 ס""מ במבחר צבעים",הוסטס Hostess,,"צלחות פלסטיק עבות במיוחד 25 יחידות 22 ס""",לא מנהל יחידת מידה,0.00,לא מנהל יחידת מידה,false,1,14.90,0.0000,true,1,36659
7290012962974,false,כפית מהודרת עבה במיו,F.T.I,,כפית מהודרת עבה במיוחד 50 יחידות,לא מנהל יחידת מידה,0.00,לא מנהל יחידת מידה,false,1,9.50,0.0000,true,1,36664
7290012983153,false,סילאן טבעי בקבוק לחיץ תמר כנרת 400 גר,מנדלז סי.אר. פרודקשן,IL,סילאן טבעי 400 לחיץ,גרמים,400.00,100 גרם,false,1,17.90,4.4750,true,1,50156
7290013027399,false,לחם קמח מלא קל בתוספת שיפון 750 ג' אנג'ל,מאפיית שלמה א. אנג'\ל בע,IL,לחם 100% קמח מלא קל בתוספת שיפון,גרמים,750.00,100 גרם,false,1,16.90,2.2533,true,1,22845
7290013068361,false,שמן זית אליעד כתית מ,אליעד בית בד בגולן,IL,שמן זית אליעד כתית מעולה 750 מל,מיליליטרים,750.00,"100 מ""ל",false,1,37.90,5.0533,true,1,42408
7290013068699,false,שמן זית כתית מעולה ע,בית הבד,IL,"שמן זית כתית מעולה עשיר אליעד 750מ""ל",מיליליטרים,750.00,"100 מ""ל",false,1,37.90,5.0533,true,1,45568
7290013068705,false,שמן זית ישראלי כתית750מ,אליעד בית בד בגולן,IL,שמן זית כתית מעולה קטיפתי אליעד750 מל,מיליליטרים,750.00,"100 מ""ל",false,1,37.90,5.0533,true,1,45567
7290013117229,false,"בורקס פילו במילוי תפו""א מעדנות 600 גר",מיוצר עי קונדיטוריית,IL,"בורקס פילו במילוי תפו""א 600 גרם",גרמים,600.00,100 גרם,false,1,23.90,3.9833,true,1,20953
7290013117236,false,בורקס פילו פיצה מעדנות 600 גרם,מיוצר עי קונדיטוריית,IL,בורקס פילו פיצה 600 גרם,גרמים,600.00,100 גרם,false,1,23.90,3.9833,true,1,20954
7290013117410,false,בצק פריך מרודד למאפים מתוקים 900 ג' מעדנות,מיוצר עי קונדיטוריית,IL,מארז בצק פריך מתוק 450 גר 2*,גרמים,900.00,100 גרם,false,1,27.90,3.1000,true,1,40355
7290013117427,false,בצק פריך מרודד למאפים מלוחים מעדנות 2*450 גרם,מיוצר עי קונדיטוריית,IL,מארז בצק פריך מלוח *2 450 גרם,גרמים,900.00,100 גרם,false,1,25.90,2.8778,true,1,26113
7290013121028,false,לחם לבן 500 גרם ללא גלוטן גרין לייט,אביב קונדיטוריה מעול,IL,לחם לבן ללא גלוטן 500 גרם,גרמים,500.00,100 גרם,false,1,20.90,4.1800,true,1,27880
7290013121103,false,רביעיית לחמניות סנדויץ ללא גלוטן 460 גרם,אביב קונדיטוריה מעול,IL,שליש בגט 4 יחידות 400 גרם,גרמים,400.00,100 גרם,false,1,19.90,4.9750,true,1,27881
7290013121110,false,לחמניות בורגר ללא גלוטן גרין לייט 4 * 87 גרם,אביב קונדיטוריה מעול,IL,לחמניות בורגר ללא גלוטן רביעייה 350 גרם,גרמים,350.00,100 גרם,false,1,19.90,5.6857,true,1,27908
7290013121158,false,לחמניות סנדוויץ ללא גלוטן גרין לייט 4 * 115 גרם,אביב קונדיטוריה מעול,IL,לחמניות סנדוויץ ללא גלוטן רביעייה 460 גר,גרמים,460.00,100 גרם,false,1,19.90,4.3261,true,1,27909
7290013121769,false,רביעיית שליש באגט ללא תוספת סוכר וללא גלוטן,אביב קונדיטוריה מעול,IL,שליט בגט 400 גרם,גרמים,400.00,100 גרם,false,1,0.00,0.0000,true,1,54129
7290013121776,false,לחם כפרי ללא תוספת סוכר וללא גלוטן,אביב קונדיטוריה מעול,IL,לחם כפרי ללא גלוטן וללא סוכר,גרמים,700.00,100 גרם,false,1,21.90,3.1286,true,1,29972
7290013144393,false,"תמצית בטעם וניל מימונס 50 מ""ל",א.ל ייצור ושיווק תבלינים,IL,מימונס תמצית אפיה בטעם וניל 50 מל,מיליליטרים,50.00,"100 מ""ל",false,1,4.90,9.8000,true,1,24359
7290013144409,false,תמצית בטעם רום מימונס 50 גרם,א.ל ייצור ושיווק תבלינים,IL,מימונס תמצית אפיה בטעם רום 50 מל,גרמים,50.00,100 גרם,false,1,4.90,9.8000,true,1,24360
7290013144416,false,"תמצית בטעם שקדים מימונס 50 מ""ל",א.ל ייצור ושיווק תבלינים,IL,מימונס תמצית אפיה בטעם שקדים 50 מל,גרמים,50.00,100 גרם,false,1,4.90,9.8000,true,1,43244
7290013144508,false,"תמצית בטעם ורדים מיימונס 50 מ""ל",מיוצר עי קונדיטוריית,IL,מימונס תמצית אפיה בטעם ורדים 50 מל,גרמים,50.00,100 גרם,false,1,9.90,19.8000,true,1,44092
7290013145017,true,אגוז מלך קלוף מימונס,מיוצר עי קונדיטוריית,IL,אגוז מלך קלוף מימונס 100גרם,גרמים,100.00,100 גרם,false,1,13.90,13.9000,true,1,49358
7290013145024,true,אגוז מלך טחון מימונס,מיוצר עי קונדיטוריית,IL,אגוז מלך טחון מימונס 100גרם,גרמים,100.00,100 גרם,false,1,15.90,15.9000,true,1,49359
7290013145055,true,פרג שלם,א.ל ייצור ושיווק תבל,IL,פרג שלם,גרמים,100.00,100 גרם,false,1,7.50,7.5000,true,1,45767
7290013145109,true,שקד מולבן טחון 100גר,מיוצר עי קונדיטוריית,IL,"מיימונס, שקד מולבן טחון, 100 גרם",Unknown,0.00,Unknown,false,1,14.90,0.0000,true,1,45775
7290013145123,true,שקד מולבן פרוס,מיוצר עי קונדיטוריית,IL,מימונס שקד מולבן פרוס 100 גרם,Unknown,0.00,Unknown,false,1,14.90,0.0000,true,1,45776
7290013145178,true,קוקוס טחון לבן,מיוצר עי קונדיטוריית,IL,"מיימונס, קוקוס טחון לבן, 100 גרם",גרמים,100.00,100 גרם,false,1,4.90,4.9000,true,1,45771
7290013145192,true,שומשום,מיוצר עי קונדיטוריית,IL,"מימונס, שומשום, 100% טהור, 100 גרם",גרמים,100.00,100 גרם,false,1,5.20,5.2000,true,1,46249
7290013145628,false,סוכריות צבעוניות לקישוט מימונס 200 גרם,א.ל ייצור ושיווק תבלינים,IL,סוכריות אדומות לקישוט 200גרם,גרמים,200.00,100 גרם,false,1,9.90,4.9500,true,1,45780
7290013145710,false,מיימונס דובדבנים מסוכרים 100 גרם,א.ל ייצור ושיווק תבלינים,IL,דובדבנים מסוכרים לקישוט ואפייה,גרמים,100.00,100 גרם,false,1,8.90,8.9000,true,1,24370
7290013145840,false,סוכר וניל מיימונס 10 יחידות,א.ל ייצור ושיווק תבלינים,IL,סוכר וניל 10 יח' בצלופן,גרמים,100.00,100 גרם,false,1,2.50,2.5000,true,1,24380
7290013145857,false,אבקת אפיה מיימונס 10 יחידות,מימונס אפייה,IL,אבקת אפיה 100 1/10 גר,גרמים,100.00,100 גרם,false,1,2.50,2.5000,true,1,25515
7290013145864,false,אבקת ג'לטין טהור מיימונס 28 גרם,א.ל ייצור ושיווק תבלינים,IL,"ג""לטין טהור אבקה בד""צ 28 גרם",גרמים,28.00,100 גרם,false,1,12.90,46.0714,true,1,34563
7290013145901,true,סודה לשתיה,א.ל ייצור ושיווק תבל,IL,"מיימונס, סודה לשתיה 100 גרם",Unknown,0.00,Unknown,false,1,2.90,0.0000,true,1,45773
7290013145918,false,אבקת סוכר מיימונס 100 גרם,א.ל ייצור ושיווק תבלינים,IL,מימונס אבקת סוכר ללא גלוטן 100 גרם,לא מנהל יחידת מידה,0.00,לא מנהל יחידת מידה,false,1,2.50,0.0000,true,1,44094
7290013145949,false,אבקת סוכר פטנט מימונס 250 גרם,א.ל ייצור ושיווק תבלינים,IL,מימונס אבקת סוכר 250 גרם,גרמים,250.00,100 גרם,false,1,16.90,6.7600,true,1,34543
7290013145963,true,שמרים בואקום 125 ג,לה - סאף ייצור וסחר,CN,מימונס שמרים יבשים בואקום 125 גרם,גרמים,125.00,100 גרם,false,1,6.50,5.2000,true,1,45778
7290013145970,false,קורנפלור מימונס בשקית 200 ג',א.ל ייצור ושיווק תבלינים,IL,"מיימונס, קורנפלור בשקית 200 גרם",גרמים,200.00,100 גרם,false,1,3.90,1.9500,true,1,45781
7290013151209,false,קורנישון מלפפון בחומ,יוניקורן פיקלס,,קורנישון מלפפון בחומץ 690 גרם,גרמים,690.00,100 גרם,false,1,11.90,1.7246,true,1,34881
7290013153418,true,מיץ סחוט פריגת לימונ,גת,IL,סחוט לימונענע 1 ליטר,ליטרים,1.00,ליטר,false,1,19.90,19.9000,true,1,50351
7290013153432,false,"פריגת סחוט לימונענע 400 מ""ל",היינץ צפון אמריקה מק,IL,"סחוט לימונענע 400 מ""ל",מיליליטרים,400.00,"100 מ""ל",false,1,11.90,2.9750,true,1,36781
7290013153593,false,תפוזים מתקתק 100% פריגת 1 ליטר,"גת גבעת חיים,",IL,"פריגת, 100% מיץ תפוזים עשוי מרכז מקורר, 1 ליטר",ליטרים,1.00,ליטר,false,1,13.90,13.9000,true,1,37684
7290013267665,false,סולרו מיני קלאסי - פירות טרופיים (חלבי),"מיוצר ע""\י גלידת שטראוס",IL,מיני סולרו פירות טרופים מאגדת 325 גרם,גרמים,408.00,100 גרם,false,1,28.90,7.0833,true,1,24510
7290013268020,false,מקסימה מרכך כביסה מרוכז בניחוח אולטרא פרש סנו 1 ליטר,"סנו מפעלי ברונוס בע""\מ",IL,מרכך מרוכז א.פרש 1ל' 40 כביסות,ליטרים,1.00,ליטר,false,1,18.90,18.9000,true,1,21791
7290013268242,false,תרכיז ריחני לניקוי רצפות בריח מלון מפנק ריצפז פרש,"סנו מפעלו ברונוס בע""\מ",IL,נוזל רצפות פרש הום מלון מפנק,ליטרים,2.00,ליטר,false,1,22.90,11.4500,true,1,44077
7290013268983,false,מרכך כביסה סופר מרוכז בבישום עוצמתי סנו מקסימה 1 ל',"סנו מפעלי ברונוס בע""\מ",IL,מקסימה מרכך כביסה בבישום עוצמתי 1 ליטר,ליטרים,1.00,ליטר,false,1,18.90,18.9000,true,1,51241
7290013269003,false,מרכך כביסה סופר מרוכז בייבי לתינוקות ולעור רגיש,"סנו מפעלי ברונוס בע""\מ",IL,מקסימה מרכך כביסה סופר מרוכז בייבי 1 ליטר,ליטרים,1.00,ליטר,false,1,18.90,18.9000,true,1,42732
7290013269287,false,סנו - מקסימה ג'ל כביסה מרוכז מאסק 3 ליטר,"סנו מפעלי ברונוס בע""\מ",IL,"ג""ל כביסה מקסימה בניחוח מאסק 3 ליטר",ליטרים,3.00,ליטר,false,1,34.90,11.6333,true,1,30952
7290013269621,false,ריצפז פרש לניקוי רצפות בניחוח מלון בוטיק,מיוצר עי קונדיטוריית,IL,"סנו ריצפז, תרכיז ריחני לניקוי כל סוגי הרצפות",ליטרים,2.00,ליטר,false,1,22.90,11.4500,true,1,49869
7290013276124,false,"בקבוק בירה נגב אמבר אייל 330 מ""ל",הכרם משקאות חריפים בעמ,IL,"נגב, אמבר אייל, בירה, 330 מל",מיליליטרים,330.00,"100 מ""ל",false,1,15.90,4.8182,true,1,36703
7290013310057,false,כוסות נייר לשתיה חמה,הוסטס Hostess,,כוסות נייר 50 יח לשתיה חמה קרה 210 מל,יחידה,1.00,יחידה,false,1,11.90,11.9000,true,1,52043
7290013310101,false,"שיפודי במבוק ג'מבו 50 יח' עובי 5 מ""מ אורך 30 ס""מ",הדקלאים אגודת שיתופי,CN,שיפודי במבוק ג'מבו 50 יחידות,Unknown,0.00,Unknown,false,1,5.90,0.0000,true,1,26148
7290013310170,false,כוסות נייר משובחות ל,,,כוסות נייר משובחות לשתיה חם/קר 50 יחידות,Unknown,0.00,Unknown,false,1,14.90,0.0000,true,1,24664
7290013310576,false,"כוסות נייר 240-8BOZמ""ל שתיה חם/קר הוסטס 50 יח'",ACSP,CN,כוסות נייר 8 לשתייה חמה 50יח 240מל,יחידה,1.00,יחידה,false,1,11.90,11.9000,true,1,51139
7290013310590,false,מטלית הפלא 30X30 UNISUN חמישיה,יוניסאן,,מטלית הפלא 30*30 חמישייה,לא מנהל יחידת מידה,0.00,לא מנהל יחידת מידה,false,1,16.90,0.0000,true,1,25264
7290013358356,false,פירורי לחם מוזהבים מאסטר שף 320 גרם,מנה י.א בעמ,IL,פירורי לחם מוזהבים 350 גרם מאסטר שף,גרמים,300.00,100 גרם,false,1,9.90,3.3000,true,1,54414
7290013358363,false,מאסטר שף פרורי לחם פנקו עבים בסגנון יפני 300 גר,קריניציה ויטמינה אס,IL,פירורי לחם יפנים פנקו 300 גרם,גרמים,300.00,100 גרם,false,1,10.80,3.6000,true,1,25064
7290013358417,false,מאסטר שף אסייאתי רוטב טריאקי 300 מל כשלפ,קריניציה ויטמינה אס,TH,מאסטר שף רוטב טריאקי אסייאתי 300 מל,מיליליטרים,300.00,"100 מ""ל",false,1,13.90,4.6333,true,1,31116
7290013358431,false,מאסטר שף קרוטונים לסלט עגבניות ובזיליקום,עינת תעשיות מזון אגו,IL,מאסטר שף קרוטונים לסלט עגבניות בזיל 200ג,גרמים,200.00,100 גרם,false,1,13.90,6.9500,true,1,27271
7290013358462,false,"מיני קרוטונים למרק בתיבול שום, בצל ופטרוזיליה","עינת תעשיות מזון, אגשח ב",IL,"מאסטר שף, מיני קרוטונים למרק, 350 גרם",גרמים,350.00,100 גרם,false,1,21.90,6.2571,true,1,27258
7290013358493,false,מנה אסייאתי קרם קוקוס פחית 400 מל מ.שף,תאי קוקונט פבליק קומפני,TH,מאסטר שף קרם קוקוס 400 מל,מיליליטרים,400.00,"100 מ""ל",false,1,10.50,2.6250,true,1,31118
7290013358523,false,מאסטר שף שבבי בצל מטוגן 150 גרם,קריניציה ויטמינה אס,NL,מאסטר שף שבבי בצל מטוגן 150 גרם,גרמים,150.00,100 גרם,false,1,14.90,9.9333,true,1,29731
7290013358530,false,מאסטר שף אסייאתי רוטב צ'ילי מתוק 700 מל כשלפ,קריניציה ויטמינה אס,TH,מאסטר שף רוטב צ'ילי מתוק 700 מל,מיליליטרים,700.00,"100 מ""ל",false,1,15.90,2.2714,true,1,31119
7290013358578,false,מנה אסייאתי אטריות אורז רחבות 400 ג מ.שף,ליינג טונג רייספלוור,TH,מאסטר שף אטריות אורז רחבות 400 גרם,גרמים,400.00,100 גרם,false,1,10.90,2.7250,true,1,31121
7290013358585,false,מנה אסייאתי נודלס ביצים להקפצה 400 מ.שף,הנסיך- מפעל לייצור ט,CN,מאסטר שף נודלס אטריות ביצים 400 גרם,גרמים,400.00,100 גרם,false,1,10.90,2.7250,true,1,31122
7290013430083,false,"בירה אלכסנדר בלונד בקבוק 330 מ""ל",מנדלז סי.אר. פרודקשן,IL,אלכסנדר בירה ישראלית מעולה בלונד 330 מל,מיליליטרים,330.00,"100 מ""ל",false,1,14.90,4.5152,true,1,36740
7290013430090,false,בירה אלכסנדר אמברה AMBREE בירה ישראלית,מנדלז סי.אר. פרודקשן,IL,אלכסנדר בירה ישראלית מעולה ענברי 330 מל,מיליליטרים,330.00,"100 מ""ל",false,1,14.90,4.5152,true,1,36741
7290013430304,false,בירה אלכסנדר גרין GREEN בירה ישראלית,מנדלז סי.אר. פרודקשן,IL,אלכסנדר בירה ישראלית מעולה גרין 330 מל,מיליליטרים,330.00,"100 מ""ל",false,1,14.90,4.5152,true,1,45471
7290013440648,false,מאגדת שלגוני אבטיח נסטלה 5 יחידות,גלידות נסטלה )נגה גלידות,IL,שלגוני אבטיח מארז 5 יחידות,גרמים,540.00,100 גרם,false,1,29.50,5.4630,true,1,24470
7290013453068,false,עוגיות כוסמין ופירות יער ללא ת.ס 240 גר,האי נאם סי או אל.טי.,IL,עוגיות כוסמין ופירות יער,לא מנהל יחידת מידה,0.00,לא מנהל יחידת מידה,false,1,26.90,0.0000,true,1,41152
7290013453082,true,עוגיות כוסמין שוקולד,האי נאם סי או אל.טי.,IL,דני וגלית עוגיות כוסמין שוקולדצ'יפס 230 גרם,לא מנהל יחידת מידה,0.00,לא מנהל יחידת מידה,false,1,26.90,0.0000,true,1,41151
7290013453136,true,עוגיות טבעוני כוסמין,האי נאם סי או אל.טי.,IL,דני וגלית עוגיות כוסמין שטרודל תפוחים 230 גרם,לא מנהל יחידת מידה,0.00,לא מנהל יחידת מידה,false,1,26.90,0.0000,true,1,41156
7290013453150,false,דני וגלית עוגיות קוקוס ואגוזי לוז,האי נאם סי או אל.טי.,IL,דני וגלית עוגיות קוקוס ואגוזי לוז,יחידה,1.00,יחידה,false,1,26.90,26.9000,true,1,41153
7290013453587,true,עוגיות גרנולה שוקוצי,האי נאם סי או אל.טי.,IL,דני וגלית עוגיות גרנולה ושוקולדצ'יפס 230 גרם,לא מנהל יחידת מידה,0.00,לא מנהל יחידת מידה,false,1,26.90,0.0000,true,1,41158
7290013453624,true,עוגיות שוקולד ציפס מ,האי נאם סי או אל.טי.,IL,עוגיות שוקולד ציפס מ,לא מנהל יחידת מידה,0.00,לא מנהל יחידת מידה,false,1,29.90,0.0000,true,1,41160
7290013453631,false,דני וגלית עוגיות חמאת בוטנים שוקולדצ'יפס מפצפוצי אורז מלא 230 גרם,האי נאם סי או אל.טי.,IL,כדורי חמאת בוטנים שוקולדציפס ללג 230גרם,גרמים,230.00,100 גרם,false,1,28.90,12.5652,true,1,41164
7290013453648,true,עוגיות פירות יער מקמ,האי נאם סי או אל.טי.,IL,עוגיות פירות יער מקמ,לא מנהל יחידת מידה,0.00,לא מנהל יחידת מידה,false,1,26.90,0.0000,true,1,41159
7290013453655,false,עוגיות קוקוס ולוז מקמח שקדים וקמח אורז מלא,האי נאם סי או אל.טי.,IL,עוגיות קוקוס ולוז מקמח שקדים וקמח אורז מלא,לא מנהל יחידת מידה,0.00,לא מנהל יחידת מידה,false,1,29.90,0.0000,true,1,41101
7290013472199,false,ערמונים קלופים וקלויים 105 גרם,בייג'גג פוינונג,CN,ערמונים קלופים 105 גרם,גרמים,105.00,100 גרם,false,1,6.90,6.5714,true,1,23539
7290013472960,false,חצאי אפרסקים מותג תפארת 820 גרם,קרונוס אס.איי.,GR,חצאי אפרסקים מהדרין,גרמים,820.00,100 גרם,false,1,8.90,1.0854,true,1,42254
7290013531377,false,תורמוס A2 יכין בית יוסף,היינץ צפון אמריקה מק,IL,יכין תורמוס 560 גרם,לא מנהל יחידת מידה,0.00,לא מנהל יחידת מידה,false,1,9.90,0.0000,true,1,44218
7290013531759,false,שעועית אפויה במים יכין 330 גרם,"זנלכל בע""\מ",IL,שעועית אפויה במים יכין 310 גרם,גרמים,310.00,100 גרם,false,1,9.90,3.1935,true,1,44214
7290013584335,false,בירה סטלה ארטואה מאר,קרלסברג יבוא יצוא,,בירה סטלה ארטואה מארז זוג פחיות,ליטרים,1.00,ליטר,false,1,30.50,30.5000,true,1,27752
7290013585233,false,"ספרייט ZERO פחית סליק 330 מ""ל",החברה המרכזית לייצור משקאות,IL,"גזוז בטעם לימון ליים דל קלוריות 330 מ""ל",מיליליטרים,330.00,"100 מ""ל",false,1,5.90,1.7879,true,1,30410
7290013585257,false,ספרייט זירו בבקבוק אישי,החברה המרכזית לייצור משקאות,IL,"ZERO ספרייט 500 מ""ל",מיליליטרים,500.00,"100 מ""ל",false,1,7.90,1.5800,true,1,30408
7290013585387,false,קוקה קולה זירו בקבוק,החברה המרכזית לייצור משקאות,IL,ZERO תריסר 1 ליטר,ליטרים,1.00,ליטר,false,1,8.50,8.5000,true,1,30296
7290013585394,false,קוקה קולה 1ליטר בודד,החברה המרכזית לייצור משקאות,IL,קוקה קולה 1 ליטר תריסר,ליטרים,1.00,ליטר,false,1,8.50,8.5000,true,1,30295
7290013608260,false,מיץ רימונים 100%מיץ סחוט טרי מצונן 1ליט,"גניר (1992) בע""מ",IL,7290068700001,ליטרים,1.00,ליטר,false,1,25.90,25.9000,true,1,28206
7290013645531,false,עוגיות מזרחיות עם שו,מוצרי הכט,IL,עוגיות מזרחיות עם שומשום 230 גרם,גרמים,230.00,100 גרם,false,1,24.90,10.8261,true,1,43099
7290013675194,false,שניצל אמיתי ביתי ללא גלוטן מאמא עוף 700 גרם,זנטי אס. אי לאלין,IL,שניצל אמיתי ביתי ללא גלוטן,גרמים,700.00,100 גרם,false,1,45.90,6.5571,true,1,32249
7290013702418,false,"שוופס מוגז עדין אפרסק זכוכית 330 מ""ל",יפאורה תבורי בעמ,IL,"שוופס מוגז עדין אפרסק 330 מ""ל זכוכית",מיליליטרים,330.00,"100 מ""ל",false,1,6.90,2.0909,true,1,35465
7290013702425,false,"שוופס מוגז עדין פירות יער זכוכית 330 מ""ל",יפאורה תבורי בעמ,IL,"שוופס מוגז עדין פירות יער 330 מ""ל זכוכית",מיליליטרים,330.00,"100 מ""ל",false,1,6.90,2.0909,true,1,35466
7290013702708,false,"שוופס מוגז עדין אננס זכוכית 330 מ""ל",יפאורה תבורי בעמ,IL,"שוופס מוגז עדין אננס 330 מ""ל זכוכית",מיליליטרים,330.00,"100 מ""ל",false,1,6.90,2.0909,true,1,35457
7290013713001,false,"בירה JEM'S אמבר אייל בקבוק 330 מ""ל","אביר הבר בע""מ",IL,בירה ג'מס אמבר אייל 330 מל,מיליליטרים,330.00,"100 מ""ל",false,1,14.90,4.5152,true,1,35751
7290013713025,false,"בירה ג'מס פילס בקבוק 330 מ""ל","אביר הבר בע""מ",IL,בירה ג'מס פילס 330 מל,מיליליטרים,330.00,"100 מ""ל",false,1,14.90,4.5152,true,1,35750
7290013713032,false,"בירה ג'מס חיטה בקבוק 330 מ""ל","אביר הבר בע""מ",IL,בירה ג'מס חיטה מעוננת 330 מל,מיליליטרים,330.00,"100 מ""ל",false,1,14.90,4.5152,true,1,35752
7290013713049,false,"בירה גמס 8.8 איל בלגי מחוזקת 330 מ""ל","אביר הבר בע""מ",IL,"בירה ג'מס חזקה מאד 8.8, 330 מל",מיליליטרים,330.00,"100 מ""ל",false,1,14.90,4.5152,true,1,35753
7290013713124,false,"בירה גמס קראפט אייל בהיר 330 מ""ל","אביר הבר בע""מ",IL,בירה ג'מס MONDI-ALE בהירה וקלילה 330 מל,מיליליטרים,330.00,"100 מ""ל",false,1,14.90,4.5152,true,1,54208
7290013724939,false,משוקלדים חמוציות מריר 140 גר' קופסא,"דין שיווק וקלייה בע""",IL,משוקלדים חמוציות מריר 140 גר קופסא,גרמים,140.00,100 גרם,false,1,11.90,8.5000,true,1,27718
7290013724946,false,שקדים בשוקולד מריר 140 גר שקדיה,"דין שיווק וקלייה בע""",IL,משוקלדים שקד מריר 140 גר קופסא,גרמים,140.00,100 גרם,false,1,11.90,8.5000,true,1,27709
7290013724977,false,צימוקים בשוקולד מריר 140 גר שקדיה,"דין שיווק וקלייה בע""",IL,משוקלדים צימוק מריר 140 גר קופסא,גרמים,140.00,100 גרם,false,1,11.90,8.5000,true,1,27705
7290013724991,false,אגוזי לוז בציפוי שוקולד בקופסא שקדיה 140 גרם,"דין שיווק וקלייה בע""",IL,משוקלדים לוז חלב 140 גר קופסא,גרמים,140.00,100 גרם,false,1,11.90,8.5000,true,1,51655
7290013725820,false,אגוזי לוז בשוקולד מריר 140 גר שקדיה,"דין שיווק וקלייה בע""",IL,אגוזי לוז בציפוי שוקולד מריר 140 גרם,גרמים,140.00,100 גרם,false,1,11.90,8.5000,true,1,27701
7290013746238,false,ציפסקוקיס מכוסמין 250 גרם,"דגן מיני מזונות בע""מ",IL,עוגיות צ'יפס קוקיס מכוסמין,גרמים,300.00,100 גרם,false,1,34.90,11.6333,true,1,38337
7290013746368,false,עוגיות כוסמין ושקדים,"דגן מיני מזונות בע""מ",IL,עוגיות כוסמין ושקדים,גרמים,300.00,100 גרם,false,1,34.90,11.6333,true,1,38338
7290013746504,false,מקלוני כוסמין עם עשבי תיבול ללס 200גר דגן,"דגן מיני מזונות בע""מ",IL,מקלוני כוסמין עשבי תיבול דגן,גרמים,200.00,100 גרם,false,1,29.90,14.9500,true,1,38330
7290013746672,false,עוגיות אגוזים מכוסמין250,"דגן מיני מזונות בע""\מ",IL,עוגיות כוסמין אגוזים וקוקוס,גרמים,300.00,100 גרם,false,1,34.90,11.6333,true,1,38336
7290013746689,false,עוגיות שיבולת שועל ואוכמניות מכוסמין ליב 250 גרם,"דגן מיני מזונות בע""\מ",IL,"עוגיות שיבולת שועל ואוכמניות לל""ס 250 גר",גרמים,250.00,100 גרם,false,1,34.90,13.9600,true,1,38335
7290013746788,false,מקלוני כוסמין עם עגבניה ואורגנו 200 גרם,"דגן מיני מזונות בע""\מ",IL,מקלוני כוסמין עגבניה ואורגנו דגן,גרמים,200.00,100 גרם,false,1,29.90,14.9500,true,1,38331
7290013746795,false,מקלוני כוסמין עם קצח וציה 200 גרם,פרוטרופיק סיה.,IL,מקלוני כוסמין קצח וציה דגן,גרמים,200.00,100 גרם,false,1,29.90,14.9500,true,1,38332
7290013847386,true,טונה סטרקיסט ליי,"סטארקיסט פודור בע""מ",TH,140 גרם טונה 4% טבעי לייט,גרמים,140.00,100 גרם,false,1,8.90,6.3571,true,1,40423
7290013847553,false,נתחי טונה בהירה במים דל נתרן - מארז רביעיה,"סטארקיסט פודור בע""מ",TH,טונה במים דל נתרן,גרמים,640.00,100 גרם,false,1,29.90,4.6719,true,1,37294
7290013847645,false,סטארקיסט טונה בשמן זית 80 גר' שלישיות,סטארקיסט Starkist,TR,סטארקיסט טונה בשמן זית 3 יח 80 גרם,גרמים,240.00,100 גרם,false,1,18.90,7.8750,true,1,42059
7290013848345,false,מארז מטליות לחיטוי וניקוי יסודי אנטיבקטריאלי 99.9%,סנו מפעלי ברונוס בעמ,IL,מטליות לחות שלישייה לניקוי 99%,לא מנהל יחידת מידה,0.00,לא מנהל יחידת מידה,false,1,21.90,0.0000,true,1,45128
7290013861412,false,המתוקים של ששון קוקוס 250 גרם,קריניציה ויטמינה אס,IL,המתוקים של ששון חטיפי קוקוס 250 גרם,גרמים,250.00,100 גרם,false,1,10.90,4.3600,true,1,28700
7290013861429,false,המתוקים של ששון שומשום 250 גרם,קריניציה ויטמינה אס,IL,שומשום 250 גרם,גרמים,250.00,100 גרם,false,1,10.90,4.3600,true,1,28696
7290013883407,false,"דזיטול מרסס לחיטוי כללי יעקבי 750 מ""ל",יעקבי - דזיטול Desytol,ES,יעקבי דזיטול ספריי מחטא ומשמיד חיידקים 750 מל,מיליליטרים,500.00,"100 מ""ל",false,1,21.90,4.3800,true,1,30644
7290013903266,false,תערובת פירות יער אורגני מוקפא 300 גר,פריגו,RS,תערובת פירות יער אורגנית 350 גרם,גרמים,350.00,100 גרם,false,1,21.90,6.2571,true,1,41269
7290013903273,false,אדממה אורגני קפוא 400 גר,זהג'יאנג קינגסור פוד,CN,"ליב, אדממה אורגני, 400 גרם",גרמים,400.00,100 גרם,false,1,12.90,3.2250,true,1,41270
7290013906052,false,נקניקיות פרגיות טירת צבי 300 גרם,הנסיך- מפעל לייצור ט,IL,נקניקיות פרגיות 300 גרם,גרמים,300.00,100 גרם,false,1,16.90,5.6333,true,1,35593
7290013906441,false,קבנוס טירת צבי 120 גרם,הנסיך- מפעל לייצור ט,IL,קבנוס נקניק מעושן יבש 120 גרם,גרמים,120.00,100 גרם,false,1,12.90,10.7500,true,1,26811
7290013906458,false,קבנוס בטעם פיקנטי טירת צבי 120 גרם,הנסיך- מפעל לייצור ט,IL,טירת צבי קבנוס פיקנטי נקניק מעושן יבש 120 גרם,גרמים,120.00,100 גרם,false,1,12.90,10.7500,true,1,26812
7290013906489,false,חטיפי מיני קבנוס טירת צבי 120 גרם,הנסיך- מפעל לייצור ט,IL,טירת צבי חטיפי מיני קבנוס 120 גרם,גרמים,120.00,100 גרם,false,1,12.90,10.7500,true,1,26813
7290013906496,false,פסטרמה עגל בסגנון רומני טירת צבי 120 גר,הנסיך- מפעל לייצור ט,IL,פסטרמה עגל בסגנון רומני 120 גרם,גרמים,120.00,100 גרם,false,1,16.90,14.0833,true,1,30504
7290013971555,false,סוללות פוג'יקום 4AAA+8AA,פוג'יקום,CN,מארז פוגיקום 8+4,לא מנהל יחידת מידה,0.00,לא מנהל יחידת מידה,false,1,19.90,0.0000,true,1,36608
7290014002128,false,תה ירוק לימונית ומנטה 25 שקיקים ויסוצקי,ויסוצקי ירוק,IL,תה ירוק לימונית ומנטה T.T,גרמים,37.00,100 גרם,false,1,26.90,72.7027,true,1,25754
7290014002135,false,תה ירוק מיקס 5 טעמים ויסוצקי 25 יחידות,תה ויסוצקי,IL,תה ירוק מיקס - חדש 2015,גרמים,37.00,100 גרם,false,1,26.90,72.7027,true,1,26824
7290014002203,false,חליטת לימונית ולואיזה הגן הקסום ויסוצקי 25 יחידות,תה ויסוצקי,IL,חליטת לימונית לואיזה - הגן הקסום,גרמים,37.00,100 גרם,false,1,19.90,53.7838,true,1,26825
7290014002944,false,גן קסום חליטת פירות וצמחים חמדת שקד 25 שקיקים,תה ויסוצקי,IL,"תה ויסוצקי,חליטת חמדת השקד - ""הגן הקסום""",גרמים,50.00,100 גרם,false,1,19.90,39.8000,true,1,50441
7290014002982,false,תה ירוק לימונית ולואיזה ויסוצקי 25 יחידות תוספת סטיביה,ויסוצקי ירוק,IL,תה ירוק לימונית סטיביה T.T,גרמים,37.00,100 גרם,false,1,26.90,72.7027,true,1,27584
7290014046016,false,פסטרמה של פעם דל שומן 2% רכיבים טבעיים,מעדני יחיעם,IL,יחיעם פסטרמה של פעם 250 גרם,גרמים,250.00,100 גרם,false,1,29.90,11.9600,true,1,40730
7290014046436,false,נשנושי קבנוס יחיעם 125 גרם,מעדני יחיעם 1993,IL,יחיעם נשנושי קבנוס 125 גרם,גרמים,125.00,100 גרם,false,1,14.90,11.9200,true,1,26380
7290014046580,false,"פסטרמה מעודנת על האש 300 גרם ""יחיעם""",מעדני יחיעם 1993,IL,פסטרמה הודו מעודנת על האש 300 גרם,גרמים,300.00,100 גרם,false,1,22.90,7.6333,true,1,37446
7290014066359,false,לנדוור-קפסולות אספרסו בלנסד(06) - 10יח'12X יח,"קפה לנדוור בע""\מ",IL,קפסולות אספרסו לנדוור בלאנסד 10יח,גרמים,50.00,100 גרם,false,1,18.90,37.8000,true,1,39135
7290014066366,false,לנדוור-קפסולות אספרסו ריסטרטו(08) - 10יח'12X יח,קפה לנדוור,IL,קפסולות לנדוור,גרמים,50.00,100 גרם,false,1,18.90,37.8000,true,1,39134
7290014066373,false,לנדוור-קפסולות אספרסו קלאסיק(09) - 10יח'12X יח,קפה לנדוור,IL,קפסולות אספרסו לנדוור קלאסי 10יח,גרמים,50.00,100 גרם,false,1,18.90,37.8000,true,1,39133
7290014066380,false,לנדוור-קפסולות אספרסו סופרימו(10) - 10יח'12X יח,קפה לנדוור,IL,קפסולות אספרסו לנדוור סופרימו 10יח,גרמים,50.00,100 גרם,false,1,18.90,37.8000,true,1,39132
7290014066441,false,לנדוור-קפסולות אספרסו נטול קפאין(07) - 10יח'12X יח,קפה לנדוור,IL,לנדוור-קפסולות אספרסו נטול קפאין 10 יח,יחידה,10.00,יחידה,false,1,18.90,1.8900,true,1,42920
7290014066526,false,לנדוור-קפסולות אספרסו תערובת הבית(11) - 10יח'12X יח,קפה לנדוור,IL,לנדוור-קפסולות אספרסו תערובת הבית,יחידה,10.00,יחידה,false,1,18.90,1.8900,true,1,42918
7290014066533,false,לנדוור-קפסולות אספרסו קלייה כפולה(12) - 10יח'12X יח,קפה לנדוור,IL,לנדוור-קפסולות אספרסו קלייה כפול 10 יח,יחידה,10.00,יחידה,false,1,18.90,1.8900,true,1,42919
7290014079014,false,לבבות קיסר בנספק יחידה,"מרינה פטריות הגליל בע""מ",IL,חסה לבבות קיסר,גרמים,300.00,100 גרם,false,1,12.90,4.3000,true,1,24559
7290014079328,false,פרסה כרישה ארוזה מרי,"מרינה פטריות הגליל בע""מ",IL,לוף/כרישה קצוץ יח,גרמים,500.00,100 גרם,false,1,9.90,1.9800,true,1,27305
7290014079526,false,כרובית ארוזה יחידה,חקלאי,IL,כרובית ארוזה יח,קילוגרמים,1.50,"ק""ג",false,1,14.90,9.9333,true,1,36186
7290014079854,false,לבבות חסה ארץ הגליל מרינה,"מרינה פטריות הגליל בע""מ",IL,לבבות חסה,גרמים,700.00,100 גרם,false,1,14.90,2.1286,true,1,32720
7290014083479,false,גבינה פרוסה גאודה 27% שומן EURO CHEESE ויליפוד 150 גרם,ג.וילי פוד אינטרנשיו,IL,גבינת גאודה פרוסות 150גרם 27%,גרמים,150.00,100 גרם,false,1,13.90,9.2667,true,1,31578
7290014092532,false,פלחי דלעת מרינה,"מרינה פטריות הגליל בע""מ",IL,דלעת חתוכה ליח,גרמים,850.00,100 גרם,false,1,9.90,1.1647,true,1,33831
7290014094260,false,שיני שום קלוף קמעונאי,יאנונינגלנאגג פרודיס לטד,CN,שום מקולף 170 גרם,גרמים,170.00,100 גרם,false,1,14.90,8.7647,true,1,35010
7290014094352,false,אגוזי מלך בקופסא 200 ג',"שקדיה גבע תעשיות בע""",,אגוז מלך טבעי בקופסא 200 גרם,גרמים,200.00,100 גרם,false,1,19.90,9.9500,true,1,51574
7290014094369,false,שקד טבעי 200 גר קופסא ששון הקולה,"דין שיווק וקלייה בע""",IL,שקד טבעי בקופסא 200 גרם,גרמים,200.00,100 גרם,false,1,22.90,11.4500,true,1,51570
7290014094376,false,שזיפים ללא גלעין בקופסא ששון הקולה 330 גרם,"דין שיווק וקלייה בע""",,שזיפים ללא גלעין בקופסא 250 גרם,גרמים,250.00,100 גרם,false,1,21.90,8.7600,true,1,27695
7290014094383,false,משמש מיובש ששון הקול,"דין שיווק וקלייה בע""",,משמש מיובש בקופסא 250 גרם,גרמים,250.00,100 גרם,false,1,22.90,9.1600,true,1,27696
7290014094390,false,חמוציות בקופסא ששון הקולה 330 גרם,"דין שיווק וקלייה בע""",,חמוציות בקופסא 250 גרם,גרמים,250.00,100 גרם,false,1,15.90,6.3600,true,1,51575
7290014094406,false,צימוק לבן בקופסא ששון הקולה 330 גרם,"דין שיווק וקלייה בע""",,צימוק לבן בקופסא 330 גרם,גרמים,330.00,100 גרם,false,1,16.90,5.1212,true,1,52044
7290014094642,false,קשיו טבעי גדול 250 גרם בקופסא,"דין שיווק וקלייה בע""",,קשיו טבעי בקופסא 250 גרם,גרמים,250.00,100 גרם,false,1,27.90,11.1600,true,1,27700
7290014094857,false,פקאן סיני מסוכר 150 גרם ששון הקולה,"דין שיווק וקלייה בע""",IL,פקאן סיני מסוכר 150 גרם,גרמים,150.00,100 גרם,false,1,19.90,13.2667,true,1,51478
7290014094864,false,פיסטוק קלוי 170 גר עם קליפה ששון הקולה,"דין שיווק וקלייה בע""",IL,פיסטוק קלוי 170גרם,גרמים,170.00,100 גרם,false,1,22.90,13.4706,true,1,51525
7290014094895,true,אגוזים קלופים 150 גר,דין שיווק,IL,אגוזים קלופים 150 גרם,גרמים,150.00,100 גרם,false,1,14.90,9.9333,true,1,51463
7290014094901,false,פקאן טבעי 150 גרם ששון הקולה,"דין שיווק וקלייה בע""",IL,פקאן טבעי 150גרם,גרמים,150.00,100 גרם,false,1,22.90,15.2667,true,1,51523
7290014095861,false,שיבולת שועל דקה בשקית שקדיה 500 גרם,"דין שיווק וקלייה בע""",IL,שיבולת שועל דקה 500 גרם שקדיה,גרמים,500.00,100 גרם,false,1,6.90,1.3800,true,1,28537
7290014095946,true,משוקלדים פקאן מריר 1,"שקדיה גבע בע""מ",IL,משוקלדים פקאן מריר 140 גר קופסא,גרמים,140.00,100 גרם,false,1,11.90,8.5000,true,1,51656
7290014095953,false,פקאן בציפוי שוקולד בקופסא שקדיה 140 גרם,שקדיה גבע בתעשיות עמ,IL,משוקלדים פקאן חלב 140 גר קופסא,גרמים,140.00,100 גרם,false,1,11.90,8.5000,true,1,51647
7290014095960,false,שיבולת שועל עבה בשקית שקדיה 500 גרם,"דין שיווק וקלייה בע""",IL,שיבולת שועל עבה 500 גרם שקדיה,גרמים,500.00,100 גרם,false,1,6.90,1.3800,true,1,30083
7290014217003,false,פפריקה מעושנת בקופ' 90 גר' טעם וריח,"תבליני טעם וריח בע""מ",IL,"תבליני טעם וריח, פפריקה בטעם מעושן, 90 גרם",גרמים,90.00,100 גרם,false,1,10.90,12.1111,true,1,46042
7290014217065,false,אורגנו עלים בקופ' 30 גר' טעם וריח,"תבליני טעם וריח בע""מ",IL,תבליני טעם וריח אורגנו 100% 30 גרם,Unknown,0.00,Unknown,false,1,10.90,0.0000,true,1,25105
7290014217140,false,"מיכל ראס אל חנות 100 גר' ""טעם וריח""","תבליני טעם וריח בע""מ",IL,תבליני טעם וריח ראס אל חנות 100 גרם,גרמים,100.00,100 גרם,false,1,10.90,10.9000,true,1,46045
7290014217164,false,תבלין פטרוזיליה מיכל גדול 20 ג',"תבליני טעם וריח בע""מ",IL,תבליני טעם וריח פטרוזיליה 100% 20 גרם,גרמים,20.00,100 גרם,false,1,10.90,54.5000,true,1,46046
7290014217225,false,גריל עוף בקופ' 120 גר' טעם וריח,"תבליני טעם וריח בע""מ",IL,"תבליני טעם וריח, תערובת תיבול גריל עוף, 120 גרם",גרמים,120.00,100 גרם,false,1,10.90,9.0833,true,1,28140
7290014217263,false,תיבול לפרגית בקופ' 100 גר' טעם וריח,"תבליני טעם וריח בע""מ",IL,"תבליני טעם וריח תערובת תיבול לפרגיות, 100 גרם",גרמים,100.00,100 גרם,false,1,10.90,10.9000,true,1,33103
7290014217478,false,תערובת עשבי תיבול איטלקי ים תיכוני 30ג',"תבליני טעם וריח בע""מ",IL,עשבי תיבול איטלקי ים תיכוני 30 גרם,גרמים,30.00,100 גרם,false,1,10.90,36.3333,true,1,33491
7290014217485,false,תיבול קייג'ון בקופ' 100 גר' טעם וריח,"תבליני טעם וריח בע""מ",IL,"תבליני טעם וריח, קיי'גון",גרמים,100.00,100 גרם,false,1,10.90,10.9000,true,1,41352
7290014217492,false,תיבול פילדלפיה בקופ' 100 גר' טעם וריח,"תבליני טעם וריח בע""מ",IL,תבליני טעם וריח תערובת תיבול פילדלפיה 100 גרם,גרמים,100.00,100 גרם,false,1,10.90,10.9000,true,1,41353
7290014217515,false,תבלין ציפוי ללחם מלוח טעם וריח 90 ג',"תבליני טעם וריח בע""מ",IL,ציפוי מאפה מלוח מיכל 90 גרם,גרמים,90.00,100 גרם,false,1,12.90,14.3333,true,1,39649
7290014217522,false,תערובת ללחם שום טעם וריח 100 ג',"תבליני טעם וריח בע""מ",IL,לחם שום תערובת מיכל 100 גרם,גרמים,100.00,100 גרם,false,1,12.90,12.9000,true,1,39647
7290014217539,false,תערובת וניל וקינמון לאפייה 150 גרם,תות ממתקי איכות,IL,תבליני טעם וריח תערובת תיבול סוכר קינמון 150 גרם,גרמים,150.00,100 גרם,false,1,12.90,8.6000,true,1,39648
7290014218932,false,חטיפי פיצה בתוספ זיתים בשקית מעדנות 710 גרם,מיוצר עי קונדיטוריית,IL,חטיפי פיצה בתוספת זיתים בשקית 710 גרם,גרמים,710.00,100 גרם,false,1,37.90,5.3380,true,1,41481
7290014256620,false,"יין מבעבע קריניאנו באזז יקבי כרמל 750 מ""ל",יקבי כרמל Carmel Winery,IL,"יין BUZZ קריניאנו 750 מ""ל",מיליליטרים,750.00,"100 מ""ל",false,1,29.90,3.9867,true,1,30269
7290014256637,false,"יין מבעבע מוסקטו באזז יקבי כרמל 750 מ""ל",יקבי כרמל Carmel Winery,IL,"יין BUZZ מוסקטו 750 מ""ל",מיליליטרים,750.00,"100 מ""ל",false,1,29.90,3.9867,true,1,30270
7290014397507,false,מבשם אויר סנו פרש הום בניחוח מאסק מעודן 350 מ''ל,מיוצר עי קונדיטוריית,IL,סנו פרש מבשם לבית מאסק מעודן 350 מל,מיליליטרים,350.00,"100 מ""ל",false,1,16.90,4.8286,true,1,49861
7290014397514,false,"מבשם אויר סנו פרש הום בניחוח כותנה מלטפת 350 מ""ל","סנו מפעלי ברונוס בע""",IL,פרש הום מבשם לבית כותנה מלטפת 350 מל,מיליליטרים,350.00,"100 מ""ל",false,1,16.90,4.8286,true,1,49862
7290014397767,false,סנו ריצפז פרש הום כותנה מלטפת 2 ליטר,"סנו מפעלי ברונוס בע""",IL,ריצפז פרש הום כותנה מלטפת 2 ליטר,ליטרים,2.00,ליטר,false,1,22.90,11.4500,true,1,30953
7290014397835,false,סנו - מט דוחה יתושים נוזלי מכשיר + מילוי 45 לילות,זובאלה,IT,סמארט מכשיר+מילוי 45 לילות,לא מנהל יחידת מידה,0.00,לא מנהל יחידת מידה,false,1,39.90,0.0000,true,1,33571
7290014455245,false,גבינה גרנה פדנו משולש גד 200 גר',מחלבת סוציאלה מנטובה,IT,גבינת פדנו משולש 200 גרם גד,גרמים,200.00,100 גרם,false,1,27.90,13.9500,true,1,32242
7290014455252,false,גבינה קשה מגורדת גרנה פדנו 29% שומן,מחלבות גד שיווק 1992,IT,גד גרנה פדנו גבינה קשה מגוררדת 29% שומן,גרמים,100.00,100 גרם,false,1,13.90,13.9000,true,1,32243
7290014455320,false,גבינה כדורי מוצרלה פרסקה גד 100ג',מוצרלה פרסקה 2 ב 15,IL,גד מוצרלה פרסקה מחלב בקר 18% שומן,גרמים,100.00,100 גרם,false,1,10.90,10.9000,true,1,30312
7290014455467,false,ירח מתוק מעדן חלב 2% ושיבולת שועל גד 150ג',גבינות מדף,IL,גד מעדן שיבולת שועל וחלב 2% שומן,גרמים,150.00,100 גרם,false,1,6.90,4.6000,true,1,32491
7290014455610,false,"יוגורט עיזים תות 125 גרם ""גד""",מיוצר על ידי קוד יצר,IL,יוגורט עיזים עם תות 125 גרם גד,גרמים,125.00,100 גרם,false,1,7.00,5.6000,true,1,33961
7290014462601,false,אבוקדו אס ארוז מוכן למאכל,מרינה,IL,אבוקדו האס 400 גרם,גרמים,400.00,100 גרם,false,1,9.90,2.4750,true,1,54465
7290014466128,false,"יין הר חרמון אינדיגו 750 מ""ל",מיוצר וממולא על ידי יקב,IL,"יין הר חרמון אינדיגו 750 מ""ל",מיליליטרים,750.00,"100 מ""ל",false,1,44.90,5.9867,true,1,25971
7290014466463,false,"יין הר חרמון מוסקטו 750 מ""ל",יקבי רמת הגולן קצרין,IL,"הר חרמון מוסקטו 2020 750 מ""ל",מיליליטרים,750.00,"100 מ""ל",false,1,44.90,5.9867,true,1,31621
7290014466609,false,יין מרלו גמלא 2020 750 מל,יקבי רמת הגולן קצרין,IL,"גמלא השמורה מרלו 2016 יין אדום יבש, 750 מל",מיליליטרים,750.00,"100 מ""ל",false,1,79.90,10.6533,true,1,32490
7290014472136,false,גרעיני חמנייה ששון הקולה 150 גרם,"דין שיווק וקלייה בע""",IL,גרעין שחור קלוי 150גרם,גרמים,150.00,100 גרם,false,1,6.90,4.6000,true,1,51608
7290014472228,false,תאנים מיובשות 250 גר,"דין שיווק וקלייה בע""",,תאנים בקופסא 330 גרם,גרמים,330.00,100 גרם,false,1,25.90,7.8485,true,1,51576
7290014472235,false,פקאן סיני מסוכר 200 גרם בקופסא,"דין שיווק וקלייה בע""",IL,פקאן סיני 200 גרם,גרמים,200.00,100 גרם,false,1,29.90,14.9500,true,1,52048
7290014472471,false,גרעיני חמנייה קלוי ענק ששון הקולה 200 גרם,"דין שיווק וקלייה בע""",IL,גרעין שחור ענק פרימיום 200גרם,גרמים,200.00,100 גרם,false,1,7.90,3.9500,true,1,51537
7290014472488,false,שקד קלוי ענק פרימיום ששון הקולה 250 גרם,"שקדיה גבע תעשיות בע""",IL,שקד קלוי ענק 250גרם פרימיום,גרמים,250.00,100 גרם,false,1,29.90,11.9600,true,1,51540
7290014472495,false,קשיו קלוי ענק פרימיום ששון הקולה 250 גרם,"דין שיווק וקלייה בע""",IL,קשיו קלוי ענק 250גרם פרימיום,גרמים,250.00,100 גרם,false,1,27.90,11.1600,true,1,51539
7290014472501,false,פיסטוק קלוי ענק פרימיום ששון הקולה 250 גרם,"דין שיווק וקלייה בע""",IL,פיסטוק קלוי ענק פרימיום 250גרם,גרמים,250.00,100 גרם,false,1,29.90,11.9600,true,1,51538
7290014472518,false,בוטן קלוי ענק פרימיום ששון הקולה 250 גרם,"דין שיווק וקלייה בע""",IL,בוטן קלוי ענק פרימיום 250גרם,גרמים,250.00,100 גרם,false,1,11.90,4.7600,true,1,51536
7290014472525,false,תערובת פיצוחים פרימיום ששון הקולה 250 גרם,"דין שיווק וקלייה בע""",IL,תערובת פיצוחים 250 גרם פרימיום,גרמים,250.00,100 גרם,false,1,25.90,10.3600,true,1,51541
7290014503137,false,"יין כנען אדום דלתון 750 מ""ל","יקב דלתון בע""\מ",IL,"יין דלתון כנען אדום 750 מ""ל",מיליליטרים,750.00,"100 מ""ל",false,1,52.90,7.0533,true,1,34536
7290014503144,false,יין כנען לבן דלתון 750 מל,"יקב דלתון בע""\מ",IL,"יין דלתון כנען לבן 750 מ""ל",מיליליטרים,750.00,"100 מ""ל",false,1,49.90,6.6533,true,1,34537
7290014581036,false,"פחם למנגל הלהבה כ2- ק""ג",,EG,"פחם להבה 2 ק""ג",קילוגרמים,2.00,"ק""ג",false,1,16.90,8.4500,true,1,45138
7290014603028,false,סולרו תות שדה יחידות 76 ג',"מיוצר ע""י גלידת שטרא",IL,שלגון סולרו וניל ציפוי תות,גרמים,76.00,100 גרם,false,1,11.90,15.6579,true,1,25858
7290014692299,false,גבינת ברי EURO CHEESE ויליפוד 125 גרם,יורו צ'יז Euro Cheese,DK,גבינת ברי קסטלו יורו 125 גרם,גרמים,125.00,100 גרם,false,1,22.90,18.3200,true,1,31936
7290014692305,false,גבינת קממבר EURO CHEESE ויליפוד 125 גרם,הנסיך- מפעל לייצור ט,DK,גבינת קממבר סטלו יורו 125 גרם,גרמים,125.00,100 גרם,false,1,22.90,18.3200,true,1,34887
7290014692565,false,גרעיני תירס מתוק וילי פוד 320 גרם,אקו קונסרויפרי קי.אפ,HU,ויליפוד גרעיני תירס מתוק 320 גרם,גרמים,320.00,100 גרם,false,1,6.50,2.0313,true,1,31611
7290014692817,false,גבינת מוצרלה מגורדתEURO CHEESE ויליפוד 200 גרם,הנסיך- מפעל לייצור ט,IL,גבינת מוצרלה מגורדת 200גרם E,גרמים,200.00,100 גרם,false,1,17.90,8.9500,true,1,31937
7290014738652,false,"ערק ערנבים 700 מ""ל",אליס בראנפמן,IL,"ערק ערנבים 700 מ""ל",מיליליטרים,700.00,"100 מ""ל",false,1,79.90,11.4143,true,1,53421
7290014748651,false,פילה אמנון מצופה נתח שלם דג טוב 360 גרם,מוצרי עוף טוב (2001) בע\,IL,דג טוב פילה אמנון מצפ.נתח שלם אמת.8*360ג,גרמים,360.00,100 גרם,false,1,36.90,10.2500,true,1,40300
7290014749245,false,ספיישל רצועות שניצל שומשום עוף טוב 600 גרם,מוצרי עוף טוב (2001) בע\,IL,עוף טוב ספיישל רצועות שניצל שמשם.12*600ג,גרמים,600.00,100 גרם,false,1,39.90,6.6500,true,1,44670
7290014749863,false,שניצל דק ענק קריספי צ'יפס עוף טוב 720 גרם,מוצרי עוף טוב (2001) בע\,IL,שניצל דקענק קריספי ציפס עוף טוב 720גרם,גרמים,720.00,100 גרם,false,1,41.90,5.8194,true,1,50704
7290014758100,false,מאגדת יוגורט ביו 3% שומן 8 יח' *150ג' תנובה,מיוצר עי קונדיטוריית,IL,מאגדת יוגורט ביו 3% תנובה 8*150 גרם,קילוגרמים,1.20,"ק""ג",false,1,17.30,14.4167,true,1,48519
7290014758117,false,מאגדת יוגורט ביו 1.5% שומן 8 יח' *150 ג' תנובה,מיוצר עי קונדיטוריית,IL,מאגדת יוגורט ביו 1.5% תנובה 8*150 גרם,קילוגרמים,1.20,"ק""ג",false,1,17.30,14.4167,true,1,48520
7290014758162,false,חלב עיזים מלא 3.6% קרטון 1 ל' תנובה,תנובה מרכז שיתופי לש,IL,חלב עיזים קרטון 1 ליטר,ליטרים,1.00,ליטר,false,1,18.50,18.5000,true,1,30216
7290014758681,false,קוטג תנובה 1% גביע 250 גרם,מיוצר עי קונדיטוריית,IL,קוטג 1% תנובה 250 גרם,גרמים,250.00,100 גרם,false,1,5.70,2.2800,true,1,26101
7290014759084,false,גבינת שמנת נפוליאון 16% מופחת שומן תנובה 225 גרם,תנובה מרכז שיתופי לש,IL,גבינת שמנת נפוליאון בסגנון צרפתי 225 גרם,גרמים,225.00,100 גרם,false,1,15.20,6.7556,true,1,27243
7290014759534,false,גבינה בולגרית למריחה טבעי 5% 200 ג' פיראוס,"תנובה, מחלבת תל יוסף",IL,גבינה בולגרית 5% למריחה 200 גרם,גרמים,200.00,100 גרם,false,1,16.50,8.2500,true,1,27374
7290014759978,false,גבינת קצקבל גלעד 27% תנובה 200 גרם,תנובה חלב,IL,"קצ""קבל פלח 200 גרם קולקשיין",גרמים,200.00,100 גרם,false,1,31.90,15.9500,true,1,30351
7290014759985,false,גבינת פרמזן גבע 23% תנובה 200 גרם,תנובה חלב,IL,פרמזן פלח 200 גרם קולקשיין,גרמים,200.00,100 גרם,false,1,27.90,13.9500,true,1,27380
7290014759992,false,גבינת רוקפור גליל פלח 140 ג' תנובה,"תנובה, מחלבת תל יוסף",IL,גבינת רוקפור פלח 140 גרם קולקשיין,גרמים,140.00,100 גרם,false,1,22.90,16.3571,true,1,27379
7290014760134,false,"מעדן סויה בטעם וניל תנובה 125 מ""ל",תנובה Alternative,IL,מעדן סויה ביו בטעם וניל 125 גרם,גרמים,125.00,100 גרם,false,1,4.90,3.9200,true,1,38171
7290014760141,true,משקה שקדים טרי 1 ליט,תות תעשיות מזון (201,IL,משקה שקדים טרי 1 ליטר,ליטרים,1.00,ליטר,false,1,14.90,14.9000,true,1,31647
7290014761056,false,מעדן שוקולד חלב יולו תנובה 123 גרם,מיוצר עי קונדיטוריית,IL,YOLO מעדן שוקולד חלב מעולה 123 גרם,גרמים,123.00,100 גרם,false,1,5.20,4.2276,true,1,28838
7290014761063,false,מעדן שוקולד מריר יולו תנובה 123 גרם,מיוצר עי קונדיטוריית,IL,YOLO מעדן שוקולד מריר מעולה 123 גרם,גרמים,123.00,100 גרם,false,1,5.20,4.2276,true,1,28839
7290014761070,false,מעדן שוקולד לבן יולו תנובה 123 גרם,מיוצר עי קונדיטוריית,IL,YOLO מעדן שוקולד לבן מעולה 123 גרם,גרמים,123.00,100 גרם,false,1,5.20,4.2276,true,1,28840
7290014761414,false,יולו מעדן שכבות שוקולד חלב ולבן 123 גר,מיוצר עי קונדיטוריית,IL,YOLO מעדן שכבות שוקולד חלב ולבן 122 גרם,גרמים,123.00,100 גרם,false,1,5.20,4.2276,true,1,28843
7290014762756,false,גבינת שמנת נפוליאון 16% עם בצל תנובה 225 גרם,תנובה חלב,IL,גבינת שמנת נפוליאון בצל 200 גרם,גרמים,200.00,100 גרם,false,1,15.20,7.6000,true,1,33456
7290014762800,false,"מעדן סויה בטעם שוקולד תנובה 125 מ""ל",תנובה מרכז שיתופי לש,IL,תנובה מעדן סויה שוקולד 2% שומן 125 גרם,גרמים,125.00,100 גרם,false,1,4.90,3.9200,true,1,36901
7290014762831,false,גבינת שמנת נפוליאון 16% עם פלפל חלפיניו תנובה 225 גרם,תנובה מרכז שיתופי לש,IL,גבינת נפוליאון 24% חלפיניו 225 גרם,גרמים,225.00,100 גרם,false,1,15.20,6.7556,true,1,42652
7290014762909,false,פתיתי מוצרלה השף הלבן 10% תוספת מתנה,"תנובה, מחלבת תל יוסף",IL,פתיתי מוצרלה 10% תוספת השף הלבן,גרמים,200.00,100 גרם,false,1,19.90,9.9500,true,1,33197
7290014763272,false,"משקה סויה ביו בטעם תות בננה ""תנובה""",תות תעשיות מזון (201,IL,"משקה סויה ביו עם תות ובננה 250 מ""ל",מיליליטרים,250.00,"100 מ""ל",false,1,6.20,2.4800,true,1,33528
7290014791572,false,"שוויפס מוגז בטעם ענבים 330 מ""ל",יפאורה תבורי בעמ,IL,"שוופס מוגז פירות ענבים 330 מ""ל זכוכית",מיליליטרים,330.00,"100 מ""ל",false,1,6.90,2.0909,true,1,35467
7290014821064,false,כבל סנכרון אלומניום גלקסי 2 מטר,ארטוס,,כבל גלקסי 2 מטר,יחידה,1.00,יחידה,false,1,29.90,29.9000,true,1,43645
7290014821347,false,אוזניות מיקרופות איכ,ארטוס,,אוזניות PURE-METAL,יחידה,1.00,יחידה,false,1,49.90,49.9000,true,1,43634
7290014821507,false,מטען קיר אייפון מאוש,,,מטען קיר אייפון מאושר אפל 2.1,יחידה,1.00,יחידה,false,1,79.90,79.9000,true,1,43638
7290014821569,false,כבל סנכרון אלומניום אייפון 6 2 מטר,ארטוס,,כבל אייפון 2 מטר,יחידה,1.00,יחידה,false,1,39.90,39.9000,true,1,43630
7290014860070,false,"מקלוני אורז ללא גלוטן 5 מ""מ 454גר' (אור)",ניינטי נודל קו,TH,"מקלוני אורז 5 מ""מ ללא גלוטן",גרמים,454.00,100 גרם,false,1,11.90,2.6211,true,1,52647
7290014890206,false,קרם פרש 250גרם יעקוב,מחלבת משק יעקובס,IL,קרם פרש 250 גרם,גרמים,250.00,100 גרם,false,1,16.90,6.7600,true,1,41459
7290014890237,false,גבינת קממברט יעקבס 125 גרם,גבינות משק יעקבס,IL,קממבר בקר בייבי יעקובס 125גרם,גרמים,125.00,100 גרם,false,1,19.90,15.9200,true,1,41448
7290014890596,false,ברי עיזים בייבי משק יעקבס 125 גרם,גבינות משק יעקבס,IL,ברי עיזים בייבי יעקובס 125גרם,גרמים,125.00,100 גרם,false,1,19.90,15.9200,true,1,52715
7290014940901,true,לחם פשוט מלא 750 גרם,מאפיית שלמה א. אנג'ל,IL,לחם פשוט מלא 750 גרם,גרמים,750.00,100 גרם,false,1,15.90,2.1200,true,1,30357
7290014974562,false,גביעי גלידה רגיל טילון עלמה גילרו 24 יח',"א.ג גילרו בע""מ",IL,עלמה גביעי טילון 24 יח',גרמים,120.00,100 גרם,false,1,11.90,9.9167,true,1,36118
7290015009003,false,מונטנייר חומץ יין לבן 500מל,מנדלז סי.אר. פרודקשן,ES,דניאל חומץ בן יין לבן 500 מל,מיליליטרים,500.00,"100 מ""ל",false,1,16.90,3.3800,true,1,27624
7290015009010,false,מונטנייר חומץ יין אדום 500מל,מנדלז סי.אר. פרודקשן,ES,חומץ בן יין אדום 5%,מיליליטרים,500.00,"100 מ""ל",false,1,16.90,3.3800,true,1,27625
7290015009027,false,"חומץ בלסמי 500 מ""ל ""daniel""",ר. צ'צ'יק,ES,חומץ בלסמי חומציות 6%,מיליליטרים,500.00,"100 מ""ל",false,1,24.90,4.9800,true,1,31818
7290015009041,false,"חומץ תפוחים 500 מ""ל ""daniel""",מנדלז סי.אר. פרודקשן,ES,דניאל חומץ תפוחים 500 מל,מיליליטרים,500.00,"100 מ""ל",false,1,16.90,3.3800,true,1,31819
7290015009294,false,גבינת פרמיזאנו רזאנו170ג,ביג גראנה,IT,גבינת פרמיזאנו ראזאנו 170 גרם,גרמים,170.00,100 גרם,false,1,34.90,20.5294,true,1,36555
7290015009393,false,זיתים שחורים מגולענים מזן קלמטה בחיי מלח,אידיאל סנייק,GR,זיתים שחורים מגולענים קלמטהIDEAL גרם250,גרמים,250.00,100 גרם,false,1,18.90,7.5600,true,1,50552
7290015009409,false,זיתים שחורים מזן טאסוס במלח 250 גרם,אידיאל סנייק,GR,זיתים שחורים טאסוס IDEALגרם 250,גרמים,250.00,100 גרם,false,1,18.90,7.5600,true,1,50553
7290015039482,false,גבינת אדם פלח 24% שומן,וויקה פארמס אל.טי.די,NL,גבינת אדם פלח 230 גרם 24% שומן - הולנד,גרמים,160.00,100 גרם,false,1,24.90,15.5625,true,1,31885
7290015129121,false,סקיני פסטה נודלס 270 גרם,הוויזאי וואנגייה פוד,CN,סקיני פסטה- בצורת אטריות פטוצ'יני 200 גרם,גרמים,270.00,100 גרם,false,1,13.90,5.1481,true,1,28203
7290015129145,false,אטריות קונג'אק בתוספת טפיוקה בצורת ספגטי,הוויזאי וואנגייה פוד,CN,סקיני פסטה- בצורת אטריות ספגטי 200 גרם,גרמים,270.00,100 גרם,false,1,13.90,5.1481,true,1,28205
7290015129220,false,איטריות קונגאק ללא גלוטן 270 גרם skinny,אף.סי תבליני בגליל ב,CN,סקיני פסטה- בצורת פתיתים 200 גרם,גרמים,250.00,100 גרם,false,1,13.90,5.5600,true,1,31717
7290015129251,false,איטריות קונגאק ללא גלוטן 270 גרם skinny,אף.סי תבליני בגליל ב,CN,סקיני פסטה- בצורת אטריות פטוצ'יני 200 גרם,גרמים,270.00,100 גרם,false,1,13.90,5.1481,true,1,31719
7290015129312,false,סקיני סופ תבשיל מרק בטעם עוף 214 גרם,אף.סי תבליני בגליל ב,CN,תבשיל מרק בטעם עוף סקיני סופ 234גרם,גרמים,234.00,100 גרם,false,1,20.90,8.9316,true,1,51094
7290015129428,false,מאגדת סקיני אגוזי לו,מנדלז סי.אר. פרודקשן,IL,מאגדת סקיני אגוזי לוז וקינמון 375גרם,גרמים,375.00,100 גרם,false,1,28.90,7.7067,true,1,51027
7290015150590,false,תה ירוק ג'ינג'ר חריף ויסוצקי 25 יחידות,ויסוצקי ירוק,IL,חדש תה ירוק ג'ינג'ר חריף אש T.T,גרמים,37.00,100 גרם,false,1,26.90,72.7027,true,1,31694
7290015150903,false,תה ירוק קינמון ודבש ויסוצקי 25 יחידות,ויסוצקי ירוק,IL,תה ירוק קינמון ודבש T.T,גרמים,38.00,100 גרם,false,1,26.90,70.7895,true,1,33866
7290015150910,false,תה ירוק לימונית ויסמין ויסוצקי,תה ויסוצקי,IL,תה ירוק לימונית ויסמין 25 שקיקים,גרמים,38.00,100 גרם,false,1,26.90,70.7895,true,1,33867
7290015176361,false,מברשת שיניים חשמלית למבוגרים-FJ-TBFJ-ABLUE,פוג'יקום,CN,מברשת שיניים חשמלית פוגיקום כחול,יחידה,1.00,יחידה,false,1,39.90,39.9000,true,1,41183
7290015176378,false,מברשת שיניים חשמלית למבוגרים-FJ-TBFJ-APURPLE,פוג'יקום,CN,מברשת שיניים חשמלית סגולה,יחידה,1.00,יחידה,false,1,39.90,39.9000,true,1,41181
7290015193566,false,מעדני המלך אובלטים שומשום 300 גרם,אם החיטה,IL,אובלטים דקיקים שומשום 300 גרם,גרמים,300.00,100 גרם,false,1,14.90,4.9667,true,1,36100
7290015193665,false,קמח מצה חמץ מעדני מלך 500 גרם,אם החיטה,,קמח מצה מעדני המלך 500 גרם,גרמים,500.00,100 גרם,false,1,7.50,1.5000,true,1,37517
7290015282598,false,חומוס מסעדות גורמה שמיר 200 גרם,"סלטי שמיר 2006 בע""מ",IL,חומוס מסעדות 200 גרם,גרמים,200.00,100 גרם,false,1,13.90,6.9500,true,1,45801
7290015324007,false,פלפל שחור גרוס 80 גר' טעם וריח,"תבליני טעם וריח בע""מ",IL,"תבליני טעם וריח, 100% פלפל שחור גרוס, 80 גרם",גרמים,80.00,100 גרם,false,1,11.90,14.8750,true,1,41334
7290015324014,false,"פלפל שחור טחון בשקית 80 גרם ""טעם וריח""","תבליני טעם וריח בע""מ",IL,"תבליני טעם וריח, 100% פלפל שחור טחון, 80 גרם",גרמים,80.00,100 גרם,false,1,11.90,14.8750,true,1,28042
7290015324038,false,פפריקה מתוקה בשמן 100 גרם טעם וריח,"תבליני טעם וריח בע""מ",IL,פפריקה בשמן 80 גרם,גרמים,80.00,100 גרם,false,1,5.90,7.3750,true,1,28043
7290015324045,false,תבלין פפריקה חריפה 80 גר' שק',"תבליני טעם וריח בע""מ",IL,"תבליני טעם וריח, 100% פפריקה חריפה, 80 גרם",גרמים,80.00,100 גרם,false,1,5.90,7.3750,true,1,28044
7290015324052,false,פפריקה מתוקה 80 גר' טעם וריח,"תבליני טעם וריח בע""מ",IL,"תבליני טעם וריח, 100% פפריקה מתוקה, 80 גרם",גרמים,80.00,100 גרם,false,1,5.90,7.3750,true,1,28045
7290015324069,false,גריל עוף 80 גר' טעם וריח,"תבליני טעם וריח בע""מ",IL,"תבליני טעם וריח, תערובת תיבול גריל עוף, 80 גרם",גרמים,80.00,100 גרם,false,1,5.90,7.3750,true,1,28046
7290015324076,false,זעתר מעורב 80 גר' טעם וריח,"תבליני טעם וריח בע""מ",IL,"תבליני טעם וריח, תערובת תיבול זעתר, 80 גרם",גרמים,80.00,100 גרם,false,1,5.90,7.3750,true,1,28052
7290015324083,false,מלח לימון 80 גר' טעם וריח,"תבליני טעם וריח בע""מ",IL,"תבליני טעם וריח, 100% מלח לימון, 80 גרם",גרמים,80.00,100 גרם,false,1,5.90,7.3750,true,1,28047
7290015324090,false,כמון טחון 80 גר' טעם וריח,"תבליני טעם וריח בע""מ",IL,"תבליני טעם וריח, 100% כמון מזרחי, 80 גרם",גרמים,80.00,100 גרם,false,1,5.90,7.3750,true,1,28048
7290015324106,false,כורכום טחון 80 גר' טעם וריח,"תבליני טעם וריח בע""מ",IL,"תבליני טעם וריח, 100% כורכום, 80 גרם",גרמים,80.00,100 גרם,false,1,5.90,7.3750,true,1,28049
7290015324113,false,טעם וריח בהרט שקית 8,"תבליני טעם וריח בע""מ",IL,"תבליני טעם וריח, תערובת תיבול בהרט לבישול, 80 גרם",גרמים,80.00,100 גרם,false,1,5.90,7.3750,true,1,43206
7290015324120,false,שום גבישי 80 גר' טעם וריח,"תבליני טעם וריח בע""מ",IL,תבליני טעם וריח שום גבישי 80 גרם,גרמים,80.00,100 גרם,false,1,5.90,7.3750,true,1,43207
7290015324151,false,חוואיג' למרק 80 גר' טעם וריח,"תבליני טעם וריח בע""מ",IL,חוויאג למרק 80 גרם,גרמים,80.00,100 גרם,false,1,5.90,7.3750,true,1,28050
7290015324168,false,שק 80 גרם על האש ללא מונוסטדיום,"תבליני טעם וריח בע""מ",IL,"תבליני טעם וריח, תערובת תיבול על האש, 80 גרם",גרמים,80.00,100 גרם,false,1,5.90,7.3750,true,1,28051
7290015324175,false,תיבול לשווארמה 80 גר' טעם וריח,"תבליני טעם וריח בע""מ",IL,תבליני טעם וריח תערובת תיבול לשווארמה 80 גרם,גרמים,0.00,100 גרם,false,1,5.90,0.0000,true,1,46039
7290015324427,false,סודה לשתיה טעם וריח 80 גר',"תבליני טעם וריח בע""מ",IL,סודה לשתייה שקית 80 גרם,גרמים,80.00,100 גרם,false,1,4.90,6.1250,true,1,40210
7290015324519,false,תערובת לפיצה שקית 80 גרם,"תבליני טעם וריח בע""מ",IL,תערובת תיבול לפיצה 80 גרם,גרמים,80.00,100 גרם,false,1,5.90,7.3750,true,1,42893
7290015324533,false,רוזמרין מיכל גדול 55 גרם,"תבליני טעם וריח בע""מ",IL,תבליני טעם וריח רוזמרין 55 גרם,גרמים,55.00,100 גרם,false,1,10.90,19.8182,true,1,42895
7290015324540,false,טימין מיכל גדול 30 גרם,"תבליני טעם וריח בע""מ",IL,תבליני טעם וריח טימין (קורנית) 30 גרם,גרמים,30.00,100 גרם,false,1,10.90,36.3333,true,1,42897
7290015324557,false,בהרט לבישול מיכל גדול 80 גרם,"תבליני טעם וריח בע""מ",IL,בהרט לבישול מיכל גדו,גרמים,0.00,100 גרם,false,1,10.90,0.0000,true,1,42898
7290015324588,false,פלפל לבן טחון 100 גר,"תבליני טעם וריח בע""מ",IL,"תבליני טעם וריח מיכל פלפל לבן טחון 100% , 100 גרם",גרמים,100.00,100 גרם,false,1,14.90,14.9000,true,1,45736
7290015324670,false,מטחנת פלפל שחור שלם 50 ג' טעם וריח,קייפ הרב אנד ספייס,ZA,מטחנת פלפל שחור שלם 50 גרם,גרמים,50.00,100 גרם,false,1,14.90,29.8000,true,1,53972
7290015324687,false,מטחנת לקט פלפל 50 ג' טעם וריח,קייפ הרב אנד ספייס,ZA,מטחנת לקט פלפל 50 גרם,גרמים,50.00,100 גרם,false,1,14.90,29.8000,true,1,53973
7290015335607,false,יוגונאט טבעי 150גר' ניה,טרופיקל דגיל תעשיות,IL,יוגונאט - מעדן BIO בטעם טבעי,גרמים,150.00,100 גרם,false,1,7.90,5.2667,true,1,43036
7290015335614,false,מעדן ביו עם תות 150 גרם,טרופיקל דגיל תעשיות,IL,יוגונאט - מעדן BIO עם תות,גרמים,150.00,100 גרם,false,1,7.90,5.2667,true,1,43037
7290015335621,false,יוגונאט פירות יער 150גר' ניה,טרופיקל דגיל תעשיות,IL,יוגונאט - מעדן BIO עם פירות יער,גרמים,150.00,100 גרם,false,1,7.90,5.2667,true,1,43039
7290015335638,false,מעד ביו דובדבן 150 גר,טרופיקל דגיל תעשיות,IL,יוגונאט - מעדן BIO עם דובדבן,גרמים,150.00,100 גרם,false,1,7.90,5.2667,true,1,43038
7290015350150,false,"יין אדום חצי יבש סגל 750 מ""ל","כרמי צבי - אחים סגל בע""\",IL,של סגל אדום חצי יבש,מיליליטרים,750.00,"100 מ""ל",false,1,22.90,3.0533,true,1,46031
7290015395045,false,"קינואה בשקית שקדיה 400 גרם בד""ץ","שקדיה גבע תעשיות בע""",IL,קינואה,גרמים,400.00,100 גרם,false,1,15.90,3.9750,true,1,30273
7290015395939,false,חטיף אורז בטעם מתוק מלוח 120 גרם,דין שיווק,IL,חטיף יפני 150גרם,גרמים,150.00,100 גרם,false,1,16.90,11.2667,true,1,51531
7290015395960,false,בוטן רביולי בציפוי בטעם מלוח מתוק 150 ג,דין שיווק,IL,בוטן רביולי 150גרם,גרמים,150.00,100 גרם,false,1,16.90,11.2667,true,1,51530
7290015446495,false,אול אין חטיף חלבון ב,,,אול אין חטיף חלבון בטעם שוקולד פאדג100גר,גרמים,100.00,100 גרם,false,1,19.90,19.9000,true,1,39571
7290015493192,false,"נביעות+ רכיבי פרי אבטיח 500מ""ל","נביעות טבע הגליל בע""",IL,נביעות + פרי בטעם אבטיח 0.5 ליטר,מיליליטרים,500.00,"100 מ""ל",false,1,8.50,1.7000,true,1,38371
7290015493208,false,נביעות + פרי אננס 0.5 ליטר,"נביעות טבע הגליל בע""",IL,נביעות + פרי בטעם אננס 0.5 ליטר,מיליליטרים,500.00,"100 מ""ל",false,1,8.50,1.7000,true,1,38370
7290015519144,false,מטען קיר מיקרו פרימי,ארטוס,,מטען קיר לגלקסי פרימיום 2A,יחידה,1.00,יחידה,false,1,49.90,49.9000,true,1,43629
7290015597937,false,קורנטו וניל קלאסי שטראוס 70 גר,"מיוצר ע""\י גלידת שטראוס",IL,קורנטו קלאסיק,גרמים,70.00,100 גרם,false,1,9.90,14.1429,true,1,37862
7290015603522,false,"נוזל אגוזי קוקוס 5%-7% 400 מ""ל",אסי אטיק גרו אינדוסט,TH,"נוזל אגוזי קוקוס 5-7% 400 מ""ל",מיליליטרים,400.00,"100 מ""ל",false,1,7.90,1.9750,true,1,53338
7290015603560,false,"שימורי קרם קוקוס 20-22% 400 מ""ל (ASIATIC)(כ)",אסיאטיק אגרו אינדוסטרי,TH,"שימורי קרם קוקוס 20-22% 400 מ""ל",מיליליטרים,400.00,"100 מ""ל",false,1,10.90,2.7250,true,1,52648
7290015603584,false,ג'ינגר לבן כבוש ללא מונוסודיום 160 גרם (כ),לאיווי איפנג פודס קו,CN,גינגר לבן כבוש ללא מונוסודיום 160 גרם,גרמים,160.00,100 גרם,false,1,8.90,5.5625,true,1,52651
7290015603591,false,גינגר ורוד כבוש ללא מונוסודיום 160 גרם,ננטונג הידה אקוטיק פ,CN,גינגר ורוד כבוש ללא מונוסודיום 160 גרם,גרמים,160.00,100 גרם,false,1,8.90,5.5625,true,1,52652
7290015644297,false,שישיית לחמניות פשוט מלא אנג'ל 450 גרם,מאפיית שלמה א. אנג'\ל בע,IL,לחמניות פשוט מלא שישייה 450 גרם,גרמים,450.00,100 גרם,false,1,13.90,3.0889,true,1,35815
7290015652070,false,קשוי קלוי בשקית ששון הקולה 150 גרם,"דין שיווק וקלייה בע""",IL,קשיו קלוי 150 גרם,גרמים,150.00,100 גרם,false,1,15.90,10.6000,true,1,51479
7290015652087,false,תערובת פיצוחים בשקית ששון הקולה 150 גרם,דין שיווק,IL,תערובת פיצוחים 150 גרם,גרמים,150.00,100 גרם,false,1,14.90,9.9333,true,1,51480
7290015652605,false,פיסטוק קלוף השף 100 גרם,"דין שיווק וקלייה בע""",IL,פיסטוק קלוף 100 גרם שקדיה,גרמים,100.00,100 גרם,false,1,22.90,22.9000,true,1,32294
7290015673181,false,בורגר מהצומח עם ברוקולי קליפורניה 400 גר,טבע דלי,IL,בורגר על האש קליפורניה עם ברוקולי 400 גר,גרמים,400.00,100 גרם,false,1,26.90,6.7250,true,1,35246
7290015673198,false,המבורגר טקסס עם פטריות טבע דלי 400 גרם,טבע דלי בעמ,IL,טבע דלי טקסס בורגר עבה עם פטריות 400 גרם,גרמים,400.00,100 גרם,false,1,26.90,6.7250,true,1,37751
7290015673587,false,קריספי טופו-נגיסי טופו ברוטב אסייתי,טבע דלי,IL,קריספי נגיסי טופו רוטב אסייתי350 גרם,גרמים,350.00,100 גרם,false,1,26.90,7.6857,true,1,40827
7290015856706,false,סנקסו חטיף אפונה אפויה טבעי 50 גרם,תות תעשיות מזון (201,IL,חטיף אפונה בטעם טבעי,גרמים,50.00,100 גרם,false,1,6.50,13.0000,true,1,45968
7290015856720,false,סנקסו חטיף אפונה אפוי עם זעתר 50 גרם,תות תעשיות מזון (201,IL,חטיף אפונה בטעם זעתר,גרמים,50.00,100 גרם,false,1,6.50,13.0000,true,1,45969
7290015858106,false,"ממרח פסטו ביתי 180 גרם ""עללחם""","מדשא תעשיות מזון בע""\מ",IL,עללחם פסטו ביתי 100 גרם,גרמים,180.00,100 גרם,false,1,19.90,11.0556,true,1,37428
7290015858113,false,"ממרח עגבניות מיובשות 180 גרם ""טריטרי""","מדשא תעשיות מזון בע""\מ",IL,"עללחם ממרח עגבניות מיובשות, 180 גרם",גרמים,180.00,100 גרם,false,1,19.90,11.0556,true,1,37429
7290015858144,false,ממרח ארטישוק עללחם 180 גרם,"מדשא תעשיות מזון בע""\מ",IL,ממרח ארטישוק 180 גרם עללחם,גרמים,180.00,100 גרם,false,1,19.90,11.0556,true,1,37430
7290015858175,false,ממרח פלפלים קלויים עללחם 180 גרם,"מדשא תעשיות מזון בע""\מ",IL,ממרח פלפלים קלויים 180 גרם עללחם,גרמים,180.00,100 גרם,false,1,19.90,11.0556,true,1,37432
7290015858229,false,"טפנד זיתי קלמטה 180 גרם ""עללחם""","מדשא תעשיות מזון בע""\מ",IL,עללחם טפנד זיתי קלמטה 180 גרם,גרמים,180.00,100 גרם,false,1,19.90,11.0556,true,1,42886
7290015858243,false,ממרח צימיצורי עללחם 180 גרם,"מדשא תעשיות מזון בע""\מ",IL,ממרח צימיצורי 180 גרם,גרמים,180.00,100 גרם,false,1,19.90,11.0556,true,1,37438
7290015951227,false,"יין גמלא השמורה סירה 2021 750 מ""ל",מיוצר וממולא על ידי יקב,IL,יין גמלא סירה 750 מל,מיליליטרים,750.00,"100 מ""ל",false,1,79.90,10.6533,true,1,49641
7290015951869,false,"יין הר חרמון רוזה 750 מ""ל",מיוצר וממולא על ידי יקב,IL,הר חרמון רוזה,מיליליטרים,750.00,"100 מ""ל",false,1,44.90,5.9867,true,1,39469
7290015951890,false,"הר חרמון קברנה סובניון 750 מ""ל",יקבי רמת הגולן קצרין,IL,"יין הר חרמון קברנה סובניון 750 מ""ל",מיליליטרים,750.00,"100 מ""ל",false,1,44.90,5.9867,true,1,39333
7290015968089,false,"צלחות פלסטיק עבות כ-17 ס""מ במבחר צבעים",הוסטס Hostess,,צלחות פלסטיק עבות במיוחד 25 יחידות 17 סמ,לא מנהל יחידת מידה,0.00,לא מנהל יחידת מידה,false,1,9.90,0.0000,true,1,36666
7290015968324,false,נורת לד 12 ווט הברגה,F.E.CO.LTD,CN,נורת לד 12W לבן,לא מנהל יחידת מידה,0.00,לא מנהל יחידת מידה,false,1,28.90,0.0000,true,1,35293
7290015968348,false,נורת לד 9 וולט אור ל,F.E.CO.LTD,CN,נורת לד 9W לבן,לא מנהל יחידת מידה,0.00,לא מנהל יחידת מידה,false,1,19.90,0.0000,true,1,35289
7290015968355,false,נורת לד כדור חלבי 5.,F.E.CO.LTD,CN,נורת לד 5.5W לבן,לא מנהל יחידת מידה,0.00,לא מנהל יחידת מידה,false,1,19.90,0.0000,true,1,35290
7290015968362,false,נורת לד כדור חלבי 5.,F.E.CO.LTD,CN,נורת לד 5.5W כדור לבן דקה,לא מנהל יחידת מידה,0.00,לא מנהל יחידת מידה,false,1,19.90,0.0000,true,1,35291
7290015968379,false,נורת לד כדור חלבי 5.,F.E.CO.LTD,CN,נורת לד 5.5W כדור לבן הברגה,לא מנהל יחידת מידה,0.00,לא מנהל יחידת מידה,false,1,19.90,0.0000,true,1,35292
7290015968461,false,כוסות פלסטיק משובחות,F.T.I,,"כוסות פלסטיק משובחות 330 מ""ל 40 יחי",לא מנהל יחידת מידה,0.00,לא מנהל יחידת מידה,false,1,10.90,0.0000,true,1,36661
7290015968508,false,"כוסות פלסטיק לשתיה קרה 180מ""ל",,TR,"כוסות 180 מ""ל פלסטיק לשתיה קרה",יחידה,1.00,יחידה,false,1,9.90,9.9000,true,1,45129
7290015968713,false,צלחת קריסטל מעוטרת בינונית 10 יחידות,הוסטס Hostess,,צלחת קריסטל מעוטרת בינונית 10 יח,לא מנהל יחידת מידה,0.00,לא מנהל יחידת מידה,false,1,15.90,0.0000,true,1,36911
7290015968720,false,צלחת קריסטל מעוטרת גדולה,הוסטס Hostess,,צלחת קריסטל מעוטרת גדולה 10 יח,לא מנהל יחידת מידה,0.00,לא מנהל יחידת מידה,false,1,26.90,0.0000,true,1,36912
7290015988841,false,טבק לנרגילה תפוח 60,טבק אלעוד,IL,טבק לנרגילה תפוח 60 גרם PP בודד,גרמים,60.00,100 גרם,false,1,34.90,58.1667,true,1,44724
7290015988889,false,טבק לנרגילה אייס אבט,טבק אלעוד,IL,טבק לנרגילה אייס אבטיח 60 גרם PP בודד,גרמים,60.00,100 גרם,false,1,34.90,58.1667,true,1,44729
7290016006025,false,שוופס סודה 0.50 ליטר בקבוק,יפאורה תבורי בעמ,IL,שוופס מי סודה 0.5 ליטר,מיליליטרים,500.00,"100 מ""ל",false,1,4.50,0.9000,true,1,35517
7290016006322,false,מים מינרליים מי עדן,"מופק ממקור בזלתי עדן ,1",IL,מי עדן בקבוק 1 ליטר,ליטרים,1.00,ליטר,false,1,6.90,6.9000,true,1,35496
7290016006377,false,"שוויפס מוגז בטעם פירות תות ליים 330 מ""ל",יפאורה תבורי בעמ,IL,"שוופס מוגז פירות תות ליים 330 מ""ל זכוכית",מיליליטרים,330.00,"100 מ""ל",false,1,6.90,2.0909,true,1,35468
7290016077759,true,רוטב ברביקיו קלאסי,,NL,היינץ רוטב ברביקיו קלאסי 480 גרם,יחידה,1.00,יחידה,false,1,21.90,21.9000,true,1,42213
7290016081619,false,RETRACTABLE - שלט BT,,,RETRACTABLE - שלט BT עם אוזניה - צבע שחו,יחידה,1.00,יחידה,false,1,109.00,109.0000,true,1,43620
7290016094039,false,"ד""ר פישר - אולטרסול ספריי שקוף קידס 200 מ""ל 50SPF",פישר מעבדות פרמצבטיות בע,IL,ספריי שקוף לילדים 50 SPF,מיליליטרים,200.00,"100 מ""ל",false,1,44.90,22.4500,true,1,50532
7290016094817,false,"ד""ר פישר - אולטרסול ספריי שמן גזר 200 מ""ל 20SPF",פישר מעבדות פרמצבטיות בע,IL,"ספריי שמן, שמן גזר",מיליליטרים,200.00,"100 מ""ל",false,1,44.90,22.4500,true,1,35583
7290016144000,false,"קמח חיטה מלאה נפלאות 80% 1 ק""ג","קמח מלכים בע""\מ",IL,"קמח חיטה 80 נפלאות 1 ק""ג",קילוגרמים,1.00,"ק""ג",false,1,9.90,9.9000,true,1,53265
7290016144024,false,"קמח כוסמין מלא נפלאות 100% 1 ק""ג","קמח מלכים בע""מ",IL,"קמח נפלאות כוסמין 100% 1 ק""ג",קילוגרמים,1.00,"ק""ג",false,1,14.90,14.9000,true,1,53263
7290016144048,false,"קמח כוסמין לבן נפלאות 1 ק""ג","קמח מלכים בע""מ",IL,"קמח נפלאות כוסמין לבן 1 ק""ג",קילוגרמים,1.00,"ק""ג",false,1,16.90,16.9000,true,1,53264
7290016188592,false,GIACOBAZZI למברוסקו אדום חצי יבש יקבי כרמל,"כד בני דרום בע""מ",IT,למברוסקו גקובזי אדום,יחידה,1.00,יחידה,false,1,43.90,43.9000,true,1,40718
7290016197488,false,מטליות מיקרופייבר למשטחים ניקול 3יח',חוגלה קימברלי,CN,מטליות מיקרופייבר משטחים,לא מנהל יחידת מידה,0.00,לא מנהל יחידת מידה,false,1,15.90,0.0000,true,1,40550
7290016197495,false,ניקול זוג מטליות הקסם מיקרופייבר לרצפה,חוגלה קימברלי,CN,מטליות מיקרופייבר רצפה,לא מנהל יחידת מידה,0.00,לא מנהל יחידת מידה,false,1,21.90,0.0000,true,1,35373
7290016217995,false,סלט ביצים עם אבוקדו,"סלטי שמיר 2006 בע""מ",IL,סלט ביצים עם אבוקדו,גרמים,200.00,100 גרם,false,1,20.90,10.4500,true,1,45815
7290016230888,false,סוללות V3 5) יחידות( 5 י,פוג'יקום,IL,סוללה 3V 5 יחידות,יחידה,1.00,יחידה,false,1,21.90,21.9000,true,1,40548
7290016246025,false,בארכה מיקס פינוקיות חלבה ללא סוכר 10*20ג,"רושדי תעשיות מזון בע""\מ",IL,בארכה פנוקיות חלבה ללא סוכר כלפ.9 10*20ג,גרמים,200.00,100 גרם,false,1,14.90,7.4500,true,1,51039
7290016246445,true,טחינה גולמית מעודנ,רושדי תעשיות מזון בע,IL,בארכה טחנ.גולמית מעודנת שמשם.מלא12*310ג,גרמים,310.00,100 גרם,false,1,14.50,4.6774,true,1,40177
7290016246773,false,בארכה טחינה מתובלת גולמית מעודנת משומשום מלא זעתר 310 גרם,רושדי תעשיות מזון בע,IL,בארכה טחינה גולמית מעודנת זעתר310גרם,גרמים,310.00,100 גרם,false,1,14.50,4.6774,true,1,49727
7290016270709,false,עגבניות שרי אשכולות,ביכורי השקמה,IL,שרי קלמר ארוז יח,גרמים,460.00,100 גרם,false,1,12.90,2.8043,true,1,34463
7290016273090,false,סוכריה על מקל בטעם תות בננה 31 גרם,אוריגינל גורמה,US,סוכריה על מקל 31 גרם,גרמים,31.00,100 גרם,false,1,6.90,22.2581,true,1,53899
7290016319309,false,סבון נוזלי מאסק קלאסי+משאבה פמלי 1 ל,הנסיך- מפעל לייצור ט,IL,אל סבון מאסק קלאסי,ליטרים,1.00,ליטר,false,1,15.90,15.9000,true,1,34570
7290016321555,false,מגע המשי רצועות שעווה לביקיני קמומיל 12+2,ש.שוורץ,ES,מגע הדבש רצועות שעווה 16+4 ביקיני ובית שחי,יחידה,1.00,יחידה,false,1,31.90,31.9000,true,1,45872
7290016321678,false,מגבונים לחים בניחוח מרענן עם תמציות קמומיל ואלוורה,עלבד משואות יצחק,IL,פרש וואנס רביעייה נטורל NATURAL קייר,לא מנהל יחידת מידה,0.00,לא מנהל יחידת מידה,false,4,21.90,0.0000,true,1,41794
7290016321722,false,פרש וואנס מגבונים בו,על בד,,מגבונים פרש וואנס בודד נטורל קאר 64,לא מנהל יחידת מידה,0.00,לא מנהל יחידת מידה,false,1,6.90,0.0000,true,1,41795
7290016321883,false,פרשוואנס נייר טואלט מתכלה לילדים -מארז שלישייה,עלבד משואות יצחק בעמ,IL,פרשוואנס נייר טואלט מתכלה לילדים -מארז שלישייה,יחידה,1.00,יחידה,false,1,17.90,17.9000,true,1,42491
7290016321890,false,פרשוואנס נייר טואלט מתכלה למבוגרים -מארז שלישייה,עלבד משואות יצחק בעמ,IL,פרשוואנס נייר טואלט מתכלה לילדים -מארז שלישייה,יחידה,1.00,יחידה,false,1,17.90,17.9000,true,1,42490
7290016372397,false,"תה ויסוצקי ירוק תפוז,ג'ינגר וכורכום 25 יח'",ויסוצקי ירוק,IL,תה ירוק תפוז גינגר וכורכום 25 שקיקים,גרמים,48.00,100 גרם,false,1,26.90,56.0417,true,1,37078
7290016372496,false,חליטת פירות וצמחים בטעם ג'ינג'ר ודבש -אפקט הג'ינג'ר,תה ויסוצקי,IL,"ג'ינג'ר ודבש- ""אפקט הג'ינג'ר""",גרמים,30.00,100 גרם,false,1,19.90,66.3333,true,1,37072
7290016505009,false,שוקולד פנדה קרם בוטנים טבעוני 100 גרם,"מדשא תעשיות מזון בע""",IL,שוקולד פנדה טבעי קרם בוטנים 100 גרם,גרמים,100.00,100 גרם,false,1,21.90,21.9000,true,1,39402
7290016505016,false,שוקולד פנדה קלאסי 100 גר,"מדשא תעשיות מזון בע""",IL,שוקולד פנדה טבעי קלאסי 100 גרם,גרמים,100.00,100 גרם,false,1,21.90,21.9000,true,1,39405
7290016505023,false,שוקולד פנדה קרם נוגט טבעוני 100 גרם,"מדשא תעשיות מזון בע""",IL,שוקולד פנדה טבעי נוגט 100 גרם,גרמים,100.00,100 גרם,false,1,21.90,21.9000,true,1,39403
7290016505047,false,שוקולד קרמל ומלח גס 100 גרם - פנדה,"מדשא תעשיות מזון בע""",IL,שוקולד פנדה טבעי קרמלח 100 גרם,גרמים,100.00,100 גרם,false,1,21.90,21.9000,true,1,39404
7290016505085,false,חטיף נוגט פצפוצים 45 גרם - פנדה,"פנדהמוצריםטבעונייםבע""מ",IL,חטיף פנדה נוגט פצפוצי אורז,גרמים,45.00,100 גרם,false,1,9.90,22.0000,true,1,40418
7290016505146,false,חטיף חלבה ופיסטוק 45 גרם - פנדה,פנדה מוצרים טבעוניים,IL,חטיף חלבה ופיסטוק 45גרם פנדה,גרמים,45.00,100 גרם,false,1,10.90,24.2222,true,1,45702
7290016509786,true,פרסיל גל ירוק 2.5 לי,"הנקל סוד בע""מ",IL,ג'ל מרוכז לכביסה במכונה - לבנה וצבעונית,ליטרים,2.50,ליטר,false,1,35.90,14.3600,true,1,39850
7290016509809,true,פרסיל גל קולור 2.5 ל,"הנקל סוד בע""מ",IL,ג'ל מרוכז לכביסה במכונה - צבעונית,ליטרים,2.50,ליטר,false,1,35.90,14.3600,true,1,39875
7290016509823,true,פרסיל גל בלו 2.5 ליט,"הנקל סוד בע""מ",IL,ג'ל מרוכז לכביסה במכונה - לבנה וצבעונית,ליטרים,2.50,ליטר,false,1,35.90,14.3600,true,1,39876
7290016509830,true,פרסיל גל בייבי 2.5 ל,"הנקל סוד בע""מ",IL,פרסיל ג'ל כביסה לבגדי תינוקות ולבעלי עור רגיש,ליטרים,2.50,ליטר,false,1,35.90,14.3600,true,1,39877
7290016545005,false,דודהש'ך! - בירה קראפט בסגנון אמבר אייל,מבשלת הארץ (בירבזאר),IL,"בירה בירבזאר דודה שלך בקבוק 330 מ""ל",מיליליטרים,330.00,"100 מ""ל",false,1,15.90,4.8182,true,1,52137
7290016545012,false,חתול שמן - בירה קראפט בסגנון פייל אייל,מבשלת הארץ (בירבזאר),IL,"בירה בירבזאר חתול שמן בקבוק 330 מ""ל",מיליליטרים,330.00,"100 מ""ל",false,1,15.90,4.8182,true,1,52133
7290016545029,false,בינדי - בירה קראפט בסגנון IPA,מבשלת הארץ (בירבזאר),IL,"בירה בירבזאר בינדי בקבוק 330 מ""ל",מיליליטרים,330.00,"100 מ""ל",false,1,15.90,4.8182,true,1,52136
7290016545036,false,בירה בירבזאר בלאק גק,מבשלת הארץ (בירבזאר),IL,"בירה בירבזאר בלאק גק בקבוק 330 מ""ל",מיליליטרים,330.00,"100 מ""ל",false,1,15.90,4.8182,true,1,52132
7290016545050,false,בירה עשר קראפט טריפל,מבשלת הארץ (בירבזאר),IL,"בירה בירבזאר עשר בקבוק 330 מ""ל",מיליליטרים,330.00,"100 מ""ל",false,1,15.90,4.8182,true,1,52135
7290016545067,false,וויטני - בירה קראפט בסגנון חיטה,מבשלת הארץ (בירבזאר),IL,"בירה בירבזאר וויטני בקבוק 330 מ""ל",מיליליטרים,330.00,"100 מ""ל",false,1,15.90,4.8182,true,1,52131
7290016545074,false,בירה גאלאגר קראפט פי,מבשלת הארץ (בירבזאר),IL,"בירה בירבזאר גלאגאר בקבוק 330 מ""ל",מיליליטרים,330.00,"100 מ""ל",false,1,15.90,4.8182,true,1,52134
7290016584011,false,חטיפוני גזר 350 גרם גיזרונים,"מרינה פטריות הגליל בע""מ",IL,חטיפוני גזר 350 גרם,גרמים,350.00,100 גרם,false,1,14.90,4.2571,true,1,33912
7290016607772,false,"יין רוזה גליל דלתון 750 מ""ל","יקב דלתון בע""\מ",IL,דלתון יין גליל רוזה יבש 2020 12.5% כהל 750 מל,מיליליטרים,750.00,"100 מ""ל",false,1,74.90,9.9867,true,1,46475
7290016663426,false,עוגיות שומשום שוקולד,מורינגה עץ הפלא,IL,עוגיות שומשום שוקולד 200 גר - פסח,גרמים,200.00,100 גרם,false,1,22.90,11.4500,true,1,52976
7290016667271,true,מסיר לק ריחני גדול ע,,,מסיר לק ריחני גדול ע,מיליליטרים,150.00,"100 מ""ל",false,1,12.90,8.6000,true,1,44331
7290016682038,false,"מיץ תפוזים 400 מ""ל ""פריניב""",פרי ניב,IL,"מיץ תפוזים פריניב 400 מ""ל",מיליליטרים,400.00,"100 מ""ל",false,1,11.90,2.9750,true,1,35296
7290016682083,false,"פריניב נקטר תות בננה 400 מ""ל",פרי ניב,IL,"מיץ תות בננה פריניב 400 מ""ל",מיליליטרים,400.00,"100 מ""ל",false,1,11.90,2.9750,true,1,35297
7290016682335,false,מיץ תפוזים סחוט פריניב 2 ליטר,פרי ניב,IL,מיץ תפוזים פריניב 2 ליטר,ליטרים,2.00,ליטר,false,1,29.90,14.9500,true,1,52160
7290016682342,false,מיץ תפוזים וולנסיה פרי ניב 2 ליטר-,פרי ניב,IL,תפוז וולנסיה סחוט 100% 2 ליטר,ליטרים,2.00,ליטר,false,1,29.90,14.9500,true,1,52161
7290016682366,false,מיץ תפוח צלול פרי ניב 2 ליטר-,פריניב,IL,מיץ תפוח צלול 2 ליטר,ליטרים,2.00,ליטר,false,1,29.90,14.9500,true,1,52374
7290016717099,false,"יין כרמל סלקטד אדום חצי יבש, 750 מ""ל",יקבי כרמל Carmel Winery,IL,כרמל סלקטד אדום חצי יבש 2018 750 מל,מיליליטרים,750.00,"100 מ""ל",false,1,29.90,3.9867,true,1,40729
7290016717631,false,יין מוסקטו בעל חוזק אלכוהול נמוך פרייבט קולקשן,אגודת הכורמים הקואופרטיב,IL,יקבי כרמל פרייבט קולקשן מוסקטו 2017 750 מל,מיליליטרים,750.00,"100 מ""ל",false,1,47.90,6.3867,true,1,40719
7290016717754,false,"יין ישן נושן יקבי כרמל 750 מ""ל ^^^",אגודת הכורמים הקואופרטיב,IL,כרמל יין ישן נושן יין אדום ממותק 750 מל,מיליליטרים,750.00,"100 מ""ל",false,1,23.90,3.1867,true,1,38924
7290016823004,false,בזיליקום יח freshlid,"מרינה פטריות הגליל בע""מ",IL,בזיליקום ארוז יח,גרמים,30.00,100 גרם,false,1,5.90,19.6667,true,1,35528
7290016823257,false,חסה סלנובה מהדרין יח,"מרינה פטריות הגליל בע""מ",IL,חסה סלנובה,גרמים,300.00,100 גרם,false,1,13.90,4.6333,true,1,35609
7290016823349,false,סלק מקולף בוואקום לי,"מרינה פטריות הגליל בע""מ",IL,סלק מקולף בוואקום ליח,גרמים,500.00,100 גרם,false,1,7.90,1.5800,true,1,37090
7290016823448,false,ברוקולי יחידה 350 גרם,"מרינה פטריות הגליל בע""מ",IL,ברוקולי ארוז יח,גרמים,350.00,100 גרם,false,1,12.90,3.6857,true,1,37767
7290016823523,false,צנונית יח 500 גרם שמיטה,"מרינה פטריות הגליל בע""מ",IL,צנונית ארוזה יח,גרמים,500.00,100 גרם,false,1,6.00,1.2000,true,1,37091
7290016866643,false,פרודונטקס מ.שיניים אקסטרה פרש 75 מל,פרודונטקס Parodontax,SK,"פרודונטקס משחת שיניים אקסטרה פרש 75 מ""ל",מיליליטרים,75.00,"100 מ""ל",false,1,29.90,39.8667,true,1,41832
7290016866650,false,"פרודונטקס - משחת שיניים אוריג'ינל 75 מ""ל",פרודונטקס Parodontax,SK,"פרודונטקס משחת שיניים אוריג'ינל 75 מ""ל",מיליליטרים,75.00,"100 מ""ל",false,1,29.90,39.8667,true,1,41833
7290016866667,false,"פרודונטקס - משחת שיניים ללא פלאוריד 75 מ""ל",פרודונטקס Parodontax,SK,"פרודונטקס משחת שיניים ללא פלאוריד 75 מ""ל",מיליליטרים,75.00,"100 מ""ל",false,1,29.90,39.8667,true,1,41834
7290016967074,false,לחם חיטה מלאה עם גרעינים ודגנים,מאפיית שלמה א. אנג'\ל בע,IL,לחם אנגל חיטה מלאה 750 גרם,גרמים,750.00,100 גרם,false,1,16.90,2.2533,true,1,35135
7290016998320,false,לבבות קיסר נטורזה יח,נטורזה,IL,לבבות קיסר נטורזה,יחידה,1.00,יחידה,false,1,14.90,14.9000,true,1,52569
7290017023526,true,"שוופס מוגז פירות לל""",יפאורה תבורי בעמ,IL,"שוופס מוגז פירות לל""ס תפוח 330 מ""ל",מיליליטרים,330.00,"100 מ""ל",false,1,6.90,2.0909,true,1,39011
7290017031705,false,"סנסודיין משחת שיניים קלין & פרש 75 מ""ל",גלקסוס סמית קליין,SK,"סנסודיין משחת שיניים ניקיון ורעננות, 75 מל",מיליליטרים,75.00,"100 מ""ל",false,1,22.90,30.5333,true,1,43116
7290017065007,false,פרוסות גבינה מוצרלה חצי קשה 22% שומן 200 ג' גד,מחלבות גד בעמ,IL,גבינה מוצרלה פרוסה גד 150 גרם,גרמים,150.00,100 גרם,false,1,20.90,13.9333,true,1,35917
7290017065137,false,גבינת ריקוטה למריחה 5% טבעית 200ג' גד,האי נאם סי או אל.טי.,IL,גד ריקוטה למריחה 5% שומן 200 גרם,גרמים,200.00,100 גרם,false,1,10.90,5.4500,true,1,37488
7290017065144,false,ריקוטה למריחה בתוספת בזיליקום 5% גד 200 גם,האי נאם סי או אל.טי.,IL,"גד ריקוטה למריחה, בזיליקום 5% שומן 200 גרם",גרמים,200.00,100 גרם,false,1,10.90,5.4500,true,1,37490
7290017065168,false,גבינה כחולה denish blue cheese 100 גרם,ST.CLEMENS-BOMHOLMWS,DK,גבינה כחולה 30% שומן,גרמים,100.00,100 גרם,false,1,18.90,18.9000,true,1,38175
7290017065175,false,גבינה חצי קשה במעטפת סידן 36% שומן,הנסיך- מפעל לייצור ט,ES,מנצגו פרוס150 גרם גד,גרמים,150.00,100 גרם,false,1,24.90,16.6000,true,1,38194
7290017065212,false,גבינת קרם מסקרפונה מחלבות גד 250 גר,מיוצר עי קוד יצרן ED,IL,גבינת קרם מסקרפונה 250 גרם גד,גרמים,250.00,100 גרם,false,1,22.90,9.1600,true,1,38356
7290017065236,false,גבינה בולגרית מעודנת 24% גד 250 גרם,הנסיך- מפעל לייצור ט,IL,בולגרית מעודנת 24%,גרמים,250.00,100 גרם,false,1,28.90,11.5600,true,1,38195
7290017065311,false,פרוסות גבינה מוצרלה מעושנת 200 ג',מחלבות גד בעמ,IL,גבינת מוצרלה מעושנת פרוסות 200 גרם,גרמים,200.00,100 גרם,false,1,21.90,10.9500,true,1,38197
7290017065380,false,גבינת גרנה פדנו שבבים גד 100 גרם,גבינות מדף,IT,גרנה פדנו שבבים 100 גרם גד,גרמים,100.00,100 גרם,false,1,14.90,14.9000,true,1,41262
7290017065434,false,פרוסות גאודה הולנדית 200 ג',מחלבות גד בעמ,NL,גד פרוסות פרוסות גאודה בקר 200 גרם,גרמים,200.00,100 גרם,false,1,23.90,11.9500,true,1,41357
7290017065441,false,גבינה גאודה עיזים פרוסה הולנדית 200 גר',גבינות מדף,NL,פרוסות גאודה עיזים 200 גרם,גרמים,200.00,100 גרם,false,1,34.90,17.4500,true,1,41358
7290017065526,false,קוואטרו פורמאג'י 4 גבינות מגוררות 26%,"מחלבות גד בע""\מ",IL,גד קוואטרו פורמאג'י 300 גרם,גרמים,300.00,100 גרם,false,1,30.90,10.3000,true,1,41365
7290017065588,false,יוגורט יווני 10% שומן 600 ג' גד,"מיוצר ע""\י קוד יצרן MKN",IL,גד יוגורט יווני 10% שומן,גרמים,600.00,100 גרם,false,1,18.90,3.1500,true,1,45275
7290017065618,false,גבינת פקורינו פרוס גד 150 גרם,הנסיך- מפעל לייצור ט,ES,גבינה חצי קשה פרוסה מחלב כבשים 36% שומן,גרמים,150.00,100 גרם,false,1,23.90,15.9333,true,1,45274
7290017065731,false,גבינת שמנת עם כמהין 30% ניו יורק 200 ג',פ.פ.ח. שאביט,IL,גבינת שמנת עם כמהין 30% גד 200גרם,גרמים,200.00,100 גרם,false,1,14.90,7.4500,true,1,50709
7290017065762,false,מאנורי גבינה בסגנון יווני לצליה 30% שומן 100 גרם,גבינות מדף,IL,גבינה בסגנון יווני מאנורי 30% 100גרם,גרמים,100.00,100 גרם,false,1,14.90,14.9000,true,1,52557
7290017065786,false,"גבינת צ`דר מחלבות גד , 210 גרם","מחלבות גד בע""\מ",IL,גבינת צדר גד 210 גרם,גרמים,210.00,100 גרם,false,1,22.90,10.9048,true,1,51780
7290017065878,false,רוטב לפסטה מק אנד צ'יז גד 200 גרם,גבינות מדף,IL,מק אנד ציז גד 200גרם,גרמים,200.00,100 גרם,false,1,19.90,9.9500,true,1,53074
7290017065960,false,רוטב פורצ'יני מחלבות גד 200 גרם,גבינות מדף,IL,רוטב פורציני גד 200גרם,גרמים,200.00,100 גרם,false,1,17.90,8.9500,true,1,54432
7290017088242,false,מגבונים בייבי בייסיק,,,מגבונים בייבי בייסיק,לא מנהל יחידת מידה,0.00,לא מנהל יחידת מידה,false,1,5.90,0.0000,true,1,41896
7290017105062,false,גרגירי חומוס שלם יכין הקטניה הטובה 200 ג,היינץ צפון אמריקה מק,IL,יכין הקטניה הטובה חומוס שלם 200 גרם,גרמים,200.00,100 גרם,false,1,4.90,2.4500,true,1,37600
7290017105079,false,שעועית לבנה ברוטב עגבניות יכין הקטניה הט,היינץ צפון אמריקה מק,IL,יכין שעועית לבנה ברוטב עגבניות 200 גרם,גרמים,200.00,100 גרם,false,1,4.90,2.4500,true,1,37601
7290017105086,false,שימורי יכין שעועית צילי 200 גר,"זנלכל בע""\מ",IL,יכין הקטניה הטובה שעועית צ'ילי 200 גרם,גרמים,200.00,100 גרם,false,1,4.90,2.4500,true,1,37602
7290017105116,false,תורמוס הקטניה הטובה יכין 200/105 גרם,"זנלכל בע""\מ",IL,יכין הקטניה הטובה תורמוס 200 גרם,גרמים,200.00,100 גרם,false,1,4.90,2.4500,true,1,37603
7290017105123,false,פול מצרי הקטניה הטובה יכין 200/105 גרם,היינץ צפון אמריקה מק,IL,יכין הקטניה הטובה פול 200 גרם,גרמים,200.00,100 גרם,false,1,4.90,2.4500,true,1,37604
7290017105895,false,גרגרי חומוס להכנת חומוס משובח יכין 560 ג,זנלכל,IL,גרגרי חומוס להכנת חומוס משובח,גרמים,550.00,100 גרם,false,1,9.90,1.8000,true,1,46480
7290017106069,false,קוביות סלק יכין 550 גרם,היינץ צפון אמריקה מק,IL,סלק קוביות 2A יכין 550גרם,גרמים,550.00,100 גרם,false,1,9.90,1.8000,true,1,44998
7290017121086,false,"אריסה ביתית מתוקה עללחם, 250 גרם","מדשא תעשיות מזון בע""\מ",IL,אריסה מתוקה עללחם 250גרם,גרמים,250.00,100 גרם,false,1,15.90,6.3600,true,1,52509
7290017121093,false,"אריסה חריפה 250 גרם ""עללחם""","מדשא תעשיות מזון בע""\מ",IL,עללחם בפיתה אריסה חריפה 250 גרם,גרמים,250.00,100 גרם,false,1,15.90,6.3600,true,1,38075
7290017142401,false,"LUNCH TO GO קינואה לבנה ואדומה טונה בשמן זית 160 גרם ""עץ הזית""",ג'נרל מילס סאן אדריא,TH,קינואה לבנה ואדומה עם טונה 160 גרם,גרמים,160.00,100 גרם,false,1,14.90,9.3125,true,1,49848
7290017142418,false,"LUNCH TO GO אורז עם עדשים טונה בשמן זית 160 גרם ""עץ הזית""",יוניקורד ח.צ בעמ,TH,אורז ועדשים עם טונה בשמן זית,גרמים,160.00,100 גרם,false,1,14.90,9.3125,true,1,49849
7290017189130,false,WOOPSפנקייקים אמריקא,מנדלז סי.אר. פרודקשן,BE,WOOPSפנקייקים אמריקאיים אפויים 240גרם,גרמים,240.00,100 גרם,false,1,18.90,7.8750,true,1,52314
7290017189253,false,קרפ אפוי וופס קפוא 6,מנדלז סי.אר. פרודקשן,BE,WOOPSקרפ אפוי קפוא 600 גרם,גרמים,600.00,100 גרם,false,1,21.90,3.6500,true,1,52311
7290017334448,false,שמן קנולה מזוכך OLEO,א.ד.מ . אנטוורפן,BE,שמן קנולה מזוכך OLEO 1 ליטר,ליטרים,1.00,ליטר,false,1,12.90,12.9000,true,1,49883
7290017334455,false,"אורז פרסי זיפר 1ק""ג",,TH,"אורז פרסי זיפר 1ק""ג",קילוגרמים,1.00,"ק""ג",false,1,10.90,10.9000,true,1,52101
7290017334462,false,אורז יסמין זיפר 1,,TH,"אורז יסמין זיפר 1 ק""ג",קילוגרמים,1.00,"ק""ג",false,1,11.90,11.9000,true,1,52102
7290017389011,false,מנגו מיובש ללא סוכר 160 גרם קופסא,"דין שיווק וקלייה בע""",IL,שקדיה מנגו מיובש ללא סוכר 160 גר קופסא,גרמים,160.00,100 גרם,false,1,21.90,13.6875,true,1,52049
7290017457727,false,"סוד כחול מרכך כביסה מרוכז20%+בישום 900 מ""ל",הנקל סוד,IL,סוד מרכך מרוכז Fresh Sky,מיליליטרים,900.00,"100 מ""ל",false,1,14.90,1.6556,true,1,41911
7290017457734,false,"סוד ורוד מרכך כביסה מרוכז20%+בישום 900 מ""ל",הנקל סוד,IL,סוד מרכך מרוכז Wild Rose,מיליליטרים,900.00,"100 מ""ל",false,1,14.90,1.6556,true,1,41912
7290017477305,false,זרעי ציה 250 גר שקדי,דין שיווק,IL,זרעי ציה 250 גר שקדיה,גרמים,200.00,100 גרם,false,1,12.90,6.4500,true,1,51643
7290017477596,false,תמר מג'הול פרימיום בקופסא ששון הקולה 400 גרם,"שקדיה גבע תעשיות בע""",IL,תמר מגהול ענק פרמיום 400ג שקדיה,גרמים,400.00,100 גרם,false,1,23.90,5.9750,true,1,51863
7290017478005,false,מלבי שמנת מתוקינוחים,,,מלבי שמנת מתוקינוחים 100 גרם,גרמים,100.00,100 גרם,false,1,9.90,9.9000,true,1,50661
7290017478043,false,מוס שוקולד מתוקינוחי,,,מוס שוקולד מתוקינוחים 100 גרם,גרמים,100.00,100 גרם,false,1,9.90,9.9000,true,1,50664
7290017513409,false,תה ירוק SUPER GREEN 87 גרםבטעם אוכמניות ואסאי,תה ויסוצקי,IL,תה ירוק עם צמחים סגולים בטעם אוכמניות ואסאי,יחידה,1.00,יחידה,false,1,26.90,26.9000,true,1,43524
7290017513775,false,פליפז בייגלה מצופה שוקולד חלב מקוויטיס 140 גרם,שוורצקוף& הנקל דיסלד,TR,"Flipz, חטיף בייגלה אפוי בציפוי שוקולד חלב, 140 גרם",גרמים,140.00,100 גרם,false,1,9.90,7.0714,true,1,44661
7290017513782,false,פליפז בייגלה מצופה שוקולד מריר מקוויטיס 140 גרם,שוורצקוף& הנקל דיסלד,TR,פליפז בייגלה מצופה שוקולד מריר 140 ג,גרמים,140.00,100 גרם,false,1,9.90,7.0714,true,1,44660
7290017513867,false,תה ירוק לימונית ולואיזה סתוספת ויטמינים ויסוצקי 25 יחידות,תה ויסוצקי,IL,ויסוצקי ירוק לימונית ולואיזה עם ויטמינים,גרמים,38.00,100 גרם,false,1,26.90,70.7895,true,1,49291
7290017555461,false,חטיף בוטנים בייק פרו,אשבל,IL,חטיף בוטנים בייק פרו 21 גרם חלבון 80גרם,גרמים,80.00,100 גרם,false,1,13.90,17.3750,true,1,46217
7290017589633,false,"רזרב גולד אדישיין קברנה סוביניון 750 מ""ל",יקבי ברקן Barkan,IL,"קברנה סוביניון מהדורת רזרב גולד 750 מ""ל",מיליליטרים,750.00,"100 מ""ל",false,1,59.90,7.9867,true,1,41220
7290017599250,false,סוכרזית קלאסי 120 שקיות,ביסקול בע''מ,IL,סוכרזית קלאסי 120 שקיות,גרמים,120.00,100 גרם,false,1,19.90,16.5833,true,1,54147
7290017599267,false,סוכרלוז 120 שקיות ממתיק שולחני,סוכרזית Sucrazit,IL,סוכרזית סוכרלוז 120 שקיות 100גרם,גרמים,100.00,100 גרם,false,1,29.90,29.9000,true,1,54145
7290017599274,false,סוכרזית סטיוויה 120 שקיות,ביסקול בע''מ,IL,סוכרזית סטיוויה 120 שקיות 120גרם,גרמים,120.00,100 גרם,false,1,41.90,34.9167,true,1,54146
7290017617084,false,סטארקיסט מיקס טוגו טונה עם שעועית 185 גרם,דרדנל אוננטאס גידה,TR,סטארקיסט מיקס טוגו טונה עם שעועית 185גרם,גרמים,185.00,100 גרם,false,1,13.90,7.5135,true,1,50365
7290017617091,false,סטארקיסט מיקס טוגו טונה עם פתיתים 185 גרם,דרדנל אוננטאס גידה,TR,סטארקיסט מיקס טוגו טונה עם פתיתים 185גר,גרמים,185.00,100 גרם,false,1,13.90,7.5135,true,1,50366
7290017617107,false,סטארקיסט מיקס טוגו טונה עם 4 דגנים 185 גרם,"איטיליאן פוד, אס.פי.",TR,סטארקיסט מיקס טוגו טונה עם דגנים 185גרם,גרמים,185.00,100 גרם,false,1,13.90,7.5135,true,1,50367
7290017617138,false,רביעיית טונה סטארקיסט בשמן קנולה דל נתרן 160 גרם,"סטארקיסט פודור בע""מ",TH,רביעיות טונה סטארקיסט דל נתרן בשמן קנולה,גרמים,640.00,100 גרם,false,4,29.90,4.6719,true,1,49570
7290017617411,false,סטארקיסט מיקס סלמון עם אורז מלא וירקות 160 גרם,גראאל אס איי,PL,מיקס סלמון עם אורז מלא סטארקיסט 160גרם,גרמים,160.00,100 גרם,false,1,15.90,9.9375,true,1,53942
7290017617435,false,סטארקיסט מיקס סלמון עם עדשים קינואה וירק 160 גרם,גראאל אס איי,PL,מיקס סלמון עם עדשים וקינואה סטארקיסט 16,גרמים,160.00,100 גרם,false,1,15.90,9.9375,true,1,53943
7290017617459,false,רביעיית טונה בשמן צמחי 120 ג' סטארקיסט,dalmore distilleries,TH,רביעיית טונה סטארקיסט בשמן צמחי 480גרם,גרמים,480.00,100 גרם,false,1,22.90,4.7708,true,1,53303
7290017617466,false,רביעיית טונה במים 120 ג' סטארקיסט,dalmore distilleries,TH,רביעיית טונה סטארקיסט במים 480גרם,גרמים,480.00,100 גרם,false,1,22.90,4.7708,true,1,53304
7290017647425,false,"יין גמלא קברנה סוביניון שנת 2018 750 מ""ל",יקבי רמת הגולן,IL,גמלא קברנה סוביניון - בציר 2018,מיליליטרים,750.00,"100 מ""ל",false,1,79.90,10.6533,true,1,46101
7290017647470,false,"הר חרמון מג'נטה 750 מ""ל",יקבי רמת הגולן,IL,"יין הר חרמון מגנטה 750 מ""ל",מיליליטרים,750.00,"100 מ""ל",false,1,44.90,5.9867,true,1,46020
7290017647708,false,"רמת הגולן גמלא גוורצטרמינר, 750 מ""ל י יקב רמת הגולן",מיוצר וממולא על ידי יקב,IL,יין גמלא גוורצטרמינר 750 מל,מיליליטרים,750.00,"100 מ""ל",false,1,79.90,10.6533,true,1,51905
7290017647722,false,"יין גמלא בלאנקו 20 עברית 750 מ""ל",יקבי רמת הגולן,IL,יין גמלא בלאנקו 750 מל,מיליליטרים,750.00,"100 מ""ל",false,1,79.90,10.6533,true,1,51906
7290017677804,false,"רוטב סויה קיקומן ללא חומרים משמרים 444 מ""ל",קיקומן פודז אינק,US,רוטב סויה 444 מל,מיליליטרים,444.00,"100 מ""ל",false,1,24.90,5.6081,true,1,53129
7290017677811,false,"רוטב סויה קיקומן ללא חומרים משמרים 296 מ""ל",קיקומן פודז אינק,NL,"רוטב קיקומן סויה ללא תוספת חומרים משמרים 296 מ""ל",מיליליטרים,296.00,"100 מ""ל",false,1,18.90,6.3851,true,1,41990
7290017696294,false,תירס טרי יחידה,חקלאי,IL,תירס טרי יחידה,קילוגרמים,1.00,"ק""ג",false,1,19.90,19.9000,true,1,41437
7290017696577,false,שרי מנומר משולש יחיד,מרינה,IL,שרי מנומר משולש יחידה,גרמים,350.00,100 גרם,false,1,12.90,3.6857,true,1,41965
7290017696584,false,שרי לובלו משולש יחיד,מרינה,IL,שרי לובלו משולש יחידה,גרמים,350.00,100 גרם,false,1,14.90,4.2571,true,1,41964
7290017724010,false,עוגיות גריסני שומשום,אקלר,IL,עוגיות גריסני שומשום 250 גרם,גרמים,250.00,100 גרם,false,1,24.90,9.9600,true,1,51703
7290017724027,false,עוגיות אלפחורס 300 גרם,"אקלר בע""מ",IL,עוגיות אלפחורס 300 גרם,גרמים,300.00,100 גרם,false,1,24.90,8.3000,true,1,51704
7290017724058,false,עוגיות מעדן תמר אגוז,אקלר,IL,עוגיות מעדן תמר אגוז250 גרם,גרמים,250.00,100 גרם,false,1,24.90,9.9600,true,1,51707
7290017724119,false,עוגיות אוזנים אקלר 200 גרם,אקלר,IL,עוגיות אוזניים200 גרם,גרמים,200.00,100 גרם,false,1,24.90,12.4500,true,1,51712
7290017724140,false,עוגיות שושנים אקלר 200 גרם,אקלר,IL,עוגיות שושנים 200 גרם,גרמים,200.00,100 גרם,false,1,24.90,12.4500,true,1,51714
7290017724164,false,עוגיות אוזניים ללא סוכר אקלר 200 גרם,אקלר,IL,עוגיות אוזניים ללא סוכר 200 גרם,גרמים,200.00,100 גרם,false,1,24.90,12.4500,true,1,51716
7290017724225,false,עוגיות בויוס קשקבל א,אקלר,IL,עוגיות בויוס 200 גרם,גרמים,200.00,100 גרם,false,1,24.90,12.4500,true,1,51721
7290017724355,false,אקלר אצבעות שקדים 200 גרם,אקלר,IL,עוגיות אצבעות שקדים 250 גרם,גרמים,250.00,100 גרם,false,1,24.90,9.9600,true,1,51729
7290017724683,false,אקלר חמאה שקדים 200 גרם,אקלר,IL,עוגיות חמאה שקדים 200 גרם,גרמים,200.00,100 גרם,false,1,24.90,12.4500,true,1,51737
7290017791142,false,קרקר כוסמין מלא - פת במלח,"מאפיית פת במלח בע""מ",IL,קרקר כוסמין מלא אורגינל 225 גרם,גרמים,225.00,100 גרם,false,1,23.90,10.6222,true,1,45971
7290017791203,false,קרקר כוסמין מלא - סלק - פת במלח,"מאפיית פת במלח בע""מ",IL,קרקר כוסמין מלא סלק 225 גרם,גרמים,225.00,100 גרם,false,1,23.90,10.6222,true,1,45956
7290017812052,false,יין שיראז-קברנה סוביניון אקסלנס יקבי כרמל,יקבי כרמל Carmel Winery,IL,אקסלנס שיראז/קברנה - יין אדום יבש,מיליליטרים,750.00,"100 מ""ל",false,1,29.90,3.9867,true,1,40725
7290017812069,false,יין אמרלד ריזלינג שרדונה אקסלנס Excellence,יקבי כרמל Carmel Winery,IL,אקסלנס ריזלינג-שרדונה - יין לבן חצי יבש,מיליליטרים,750.00,"100 מ""ל",false,1,29.90,3.9867,true,1,40726
7290017812571,false,מיץ ענבים תירוש אדום 100% טבעי כרמל 1 ליטר,יקבי כרמל Carmel Winery,IL,תירוש ליטר אדום 100% טבעי,ליטרים,1.00,ליטר,false,1,21.90,21.9000,true,1,45171
7290017812830,false,יין רוזה פרייבט קולקשיין 750מל יקבי כרמל,"כד בני דרום בע""מ",IL,"יין רוזה P.C 750 מ""ל",מיליליטרים,750.00,"100 מ""ל",false,1,47.90,6.3867,true,1,50126
7290017812847,false,"יין פרנץ גוורצטרמינר סלקטד כרמל 750 מ""ל","כד בני דרום בע""מ",IL,יין פרנץ גוורצטרמינר סלקטד יקבי כרמל,מיליליטרים,750.00,"100 מ""ל",false,1,29.90,3.9867,true,1,50127
7290017869797,false,תערובת קטניות למרק,מעיין,IL,תערובת קטניות למרק מעיין500 גרם,גרמים,500.00,100 גרם,false,1,16.90,3.3800,true,1,50668
7290017871363,false,פמילי יהלום- פמלי סבון ידיים מועשר בשמן מקדמיה לניקוי וטיפוח עור הידיים,המאפיה של הרמן,TR,תחליב רחצה לידיים מועשר בשמן מקדמיה,מיליליטרים,500.00,"100 מ""ל",false,1,11.90,2.3800,true,1,45547
7290017872049,false,"פמלי אל סבון בניחוח לוונדר ארומטי- שלישייה 500 מ""ל",אברנסל קוסמטיקס,TR,"פמילי אלסבון שלישייה לבנדר ארומטי 500 מ""",מיליליטרים,500.00,"100 מ""ל",false,1,17.90,3.5800,true,1,46248
7290017872070,false,מארז מגבונים לחים בניחוח מרענן פרש וואנס שלישייה,"ווטנפס בע""\מn\",IL,פרש וואנס מגבונים נטורל קר שלישייה,יחידה,1.00,יחידה,false,1,9.90,9.9000,true,1,50979
7290017888019,false,"משקה תפוח רימון סלק גינגיר פרות &ווג 350 מ""ל",פרוט אנד וג' Fruit & Veg,IL,"FRUIT&VEG תפוח סלק רימון ג'ינג'ר 350 מ""ל",מיליליטרים,350.00,"100 מ""ל",false,1,8.90,2.5429,true,1,41717
7290017888026,false,"משקה אננס תפוח גזר פרות & ווג 350 מ""ל",פרוט אנד וג' Fruit & Veg,IL,"FRUIT&VEG אננס תפוח גזר 350 מ""ל",מיליליטרים,350.00,"100 מ""ל",false,1,8.90,2.5429,true,1,41642
7290017888033,false,"משקה בננה מלון נענע פרות &ווג 350 מ""ל",פרוט אנד וג' Fruit & Veg,IL,"FRUIT&VEG בננה מלון נענע 350 מ""ל",מיליליטרים,350.00,"100 מ""ל",false,1,8.90,2.5429,true,1,41643
7290017888354,false,מים מינרליים בקבוק ס,מים מינרליים,IL,"מי עדן GYM בקבוק ספורט 750 מ""ל",מיליליטרים,750.00,"100 מ""ל",false,1,5.50,0.7333,true,1,42616
7290017888644,false,"משקה אננס בננה כורכום פרות & ווג 350 מ""ל",פרוט אנד וג' Fruit & Veg,IL,"FRUIT&VEG אננס בננה כורכום 350 מ""ל",לא מנהל יחידת מידה,3.30,לא מנהל יחידת מידה,false,1,8.90,2.6970,true,1,45677
7290017888729,false,שוופס סודה בקבוק 1 ל',"יפאורה תבורי בע""\מ",IL,שוופס סודה 1 ל' גיזוז חזק,ליטרים,1.00,ליטר,false,1,4.90,4.9000,true,1,45678
7290017888972,false,בקבוק מי עדן פקק ספורט 1 ליטר,"מופק ממקור בזלתי עדן ,1",IL,מי עדן פקק ספורט 1 ליטר,ליטרים,1.00,ליטר,false,1,5.00,5.0000,true,1,45947
7290017894034,false,"פתיתי שיבולת שועל עבה לל""ג דגש 400 גרם",אף.סי תבליני בגליל ב,IL,פתיתי שיבולת שועל מלאה עבה,גרמים,400.00,100 גרם,false,1,21.90,5.4750,true,1,44353
7290017894065,false,דגש תערובת קמח רב תכליתי 500 גרם,"אף, סי תבליני הגליל",IL,דגש - תערובת רב תכליתית ללא גלוטן 500גר,גרמים,500.00,100 גרם,false,1,18.90,3.7800,true,1,44354
7290017894096,false,ממרח בטעם מיונז טבעוני אורגני 350 גרם,אף.סי תבליני בגליל ב,DE,ממרח בטעם מיונז טבעוני אורגני נטורפוד350,גרמים,350.00,100 גרם,false,1,25.90,7.4000,true,1,50569
7290017928043,true,גריסיני קראנץ מלח 17,מאיר בייגל,IL,מאיר בייגל גריסיני קראנץ' עם מלח 175 גרם,יחידה,0.00,יחידה,false,1,12.90,0.0000,true,1,44401
7290017928630,true,גריסיני קראנץ פינוקי,מאיר בייגל,IL,מאיר בייגל גריסיני קראנץ' פינוקים 175 גרם,גרמים,0.00,100 גרם,false,1,12.90,0.0000,true,1,44408
7290017928821,true,מקלות גריסיני קלאסי,מאיר בייגל,IL,מקלות גריסיני קלאסי 200 גרם מאיר בייגל,גרמים,200.00,100 גרם,false,1,12.90,6.4500,true,1,44586
7290017930046,false,פומלה קלופה 300 גרם,ביכורי שדה דרום,IL,פומלה קלופה 300 גרם,גרמים,300.00,100 גרם,false,1,19.90,6.6333,true,1,41783
7290017947105,false,לחם אנג'ל בסגנון אמריקה 500 גרם,מאפיית שלמה א. אנג'\ל בע,IL,לחם אנגל בסגנון אמריקה 500 גרם,גרמים,500.00,100 גרם,false,1,15.90,3.1800,true,1,45925
7290017947495,false,6 לחמניות כוסמין 450 גרם אנג'ל,מאפיית שלמה א.אנג'\ל,IL,אנג'ל לחמניות 100% כוסמין 450 גרם,גרמים,450.00,100 גרם,false,1,17.90,3.9778,true,1,49535
7290017947891,false,לחם אנג'ל כוסמין וחיטה מלאה 750 גרם,מאפיית שלמה א. אנג'\ל בע,IL,"אנג'ל כוסמין וחיטה מלאה במרקם חלק, 750 גרם",גרמים,750.00,100 גרם,false,1,17.90,2.3867,true,1,49417
7290017947921,false,לחמניות המבורגר בסגנון אמריקאי מארז 6 יח',מאפיית שלמה א. אנג'\ל בע,IL,אנג'ל לחמניות המבורגר בסגנון אמריקה 6 יח',גרמים,450.00,100 גרם,false,1,15.90,3.5333,true,1,45924
7290018011027,false,גלידה מנגו קוקוס מלוח VEGAN,תמרה יוגורט,IL,קרחון סורבה טבעוני תמרה 80 גרם מנגו קוקוס מלוח,גרמים,80.00,100 גרם,false,1,11.90,14.8750,true,1,42145
7290018011034,false,קרחון סורבה טבעוני ת,General,IL,קרחון סורבה טבעוני תמרה פטל ללים 80 גרם,גרמים,80.00,100 גרם,false,1,11.90,14.8750,true,1,41559
7290018011041,false,קרחון סורבה טבעוני ת,,IL,קרחון סורבה טבעוני תמרה תות בננה 80 גרם,גרמים,80.00,100 גרם,false,1,11.90,14.8750,true,1,41568
7290018011065,false,שלגון תמרה 80 גרם קפ,תמרה יוגורט,IL,שלגון תמרה 80 גרם קפה קר,גרמים,80.00,100 גרם,false,1,11.90,14.8750,true,1,42153
7290018011072,false,שלגון שמנת תמרה 80 ג,תמרה יוגורט,IL,שלגון שמנת תמרה 80 גרם פיסטוק,גרמים,80.00,100 גרם,false,1,11.90,14.8750,true,1,42157
7290018011201,false,קרחון סורבה טבעוני ת,,IL,קרחון סורבה טבעוני תמרה אננס פסיפלורה מנ,גרמים,80.00,100 גרם,false,1,11.90,14.8750,true,1,41558
7290018011218,false,קרחון סורבה טבעוני ת,,IL,קרחון סורבה טבעוני תמרה לימונענע 80 גרם,גרמים,80.00,100 גרם,false,1,11.90,14.8750,true,1,41554
7290018011225,false,קרחון סורבה טבעוני ת,,IL,קרחון סורבה טבעוני תמרה קוקוס 80 גרם,גרמים,80.00,100 גרם,false,1,11.90,14.8750,true,1,41557
7290018011256,false,שלגון יוגורט תמרה תו,,IL,שלגון יוגורט תמרה תות ומקופלת 80 גרם,גרמים,80.00,100 גרם,false,1,11.90,14.8750,true,1,41561
7290018011263,false,שלגון שמנת תמרה בטעם,,IL,שלגון שמנת תמרה בטעם קרם פסיפלורה,גרמים,80.00,100 גרם,false,1,11.90,14.8750,true,1,41565
7290018011317,false,ארטיק רני דובדבני 80,תמרה יוגורט,IL,ארטיק רני דובדבני 80 גרם,גרמים,80.00,100 גרם,false,1,11.90,14.8750,true,1,53179
7290018011416,false,קרחון סורבה טבעוני ת,General,IL,קרחון סורבה טבעוני תמרה מנגו מאיה 80 גרם,גרמים,80.00,100 גרם,false,1,11.90,14.8750,true,1,41556
7290018011454,false,שלגון שמנת תמרה 80 ג,תמרה יוגורט,IL,שלגון שמנת תמרה 80 גרם סחלב,גרמים,80.00,100 גרם,false,1,11.90,14.8750,true,1,42155
7290018011478,false,שלגון תמרה תות שמנה,General,IL,שלגון תמרה תות שמנה 80 גרם,גרמים,80.00,100 גרם,false,1,11.90,14.8750,true,1,41563
7290018011485,false,שלגון תמרה 80 גרם תו,,,שלגון תמרה 80 גרם תות שוקולד 2021,גרמים,80.00,100 גרם,false,1,11.90,14.8750,true,1,49811
7290018011607,false,קרחון סורבה טבעוני ת,,IL,קרחון סורבה טבעוני תמרה בננה 80 גרם,גרמים,80.00,100 גרם,false,1,11.90,14.8750,true,1,41555
7290018011645,false,שלגון תמרה בטעם שוקו,,IL,שלגון תמרה בטעם שוקולד בננה 80 גרםן,גרמים,80.00,100 גרם,false,1,11.90,14.8750,true,1,41560
7290018011805,false,קרחוקרחון סורבה טבעו,תמרה יוגורט,IL,קרחוקרחון סורבה טבעוני תמרה 80 גרם אננס,גרמים,80.00,100 גרם,false,1,11.90,14.8750,true,1,42235
7290018011836,false,קרחון סורבה טבעוני ת,תמרה יוגורט,IL,קרחון סורבה טבעוני תמרה 80 גרם שוקולד חמאת בוטנים,גרמים,80.00,100 גרם,false,1,11.90,14.8750,true,1,42144
7290018011843,false,שלגון יוגורט תמרה יו,,IL,שלגון יוגורט תמרה יוגורט פירות יער 80 גר,גרמים,80.00,100 גרם,false,1,11.90,14.8750,true,1,41569
7290018011850,false,שלגון תמרה קרם קוקוס,General,IL,שלגון תמרה קרם קוקוס 80 גרם,גרמים,80.00,100 גרם,false,1,11.90,14.8750,true,1,41562
7290018011867,false,גלידה שוקולד קרמל מלוח,General,IL,שלגון שמנת תמרה בטעם שוקולד קרמל מלוח,גרמים,80.00,100 גרם,false,1,11.90,14.8750,true,1,41564
7290018038000,false,פיצה מרגריטה גבינשיו קשיו 380 גרם,פרוזן פקטורי,IL,פיצה טבעונית 380 גרם,גרמים,380.00,100 גרם,false,1,28.90,7.6053,true,1,41782
7290018038222,false,פיצה מרגריטה גבינשיו כוסמין 380 גרם,,,פיצה פאפאלה כוסמין גבינשיו 380גרם,גרמים,380.00,100 גרם,false,1,29.90,7.8684,true,1,50329
7290018038444,false,פיצה זוגית מרגריטה מבצק כוסמין 380 גר,פרוזן פקטורי,IL,פאפא'לה פיצה מרגריטה מבצק כוסמין,גרמים,380.00,100 גרם,false,1,26.90,7.0789,true,1,41781
7290018038888,false,פיצה זוגית מרגריטה פרמזן 380 גר,פרוזן פקטורי,IL,פאפא'לה פיצה מרגריטה בתוספת פרמזן,גרמים,380.00,100 גרם,false,1,26.90,7.0789,true,1,41780
7290018043189,false,חטיף חלבון פראוד בלאק קשיו קרמל 60 גרם - 18 גרם חלבון,מרס נדרלנד,NL,PROUD קרמל קשיו 60 גרם,גרמים,60.00,100 גרם,false,1,14.90,24.8333,true,1,50041
7290018043196,false,פראוד - חטיף חלבון בטעם שוקולד לבן עוגיות 60 גרם,הרת'סייד פוד סולושיי,NL,חטיף חלבון PROUD שוקולד עוגיות 60 גרם,גרמים,60.00,100 גרם,false,1,14.90,24.8333,true,1,50043
7290018043295,false,חטיף חלבון בטעם ונילה קראנץ',הרת'סייד פוד סולושיי,NL,PROUD ונילה קראנץ 60 גרם,גרמים,60.00,100 גרם,false,1,14.90,24.8333,true,1,50042
7290018043844,false,חטיף חלבון בוטנים קרמל קראנץ 60 ג' פראוד,פראוד PROUD,NL,חטיף חלבון פראוד בוטנים קרמל קראנצי60,גרמים,60.00,100 גרם,false,1,14.90,24.8333,true,1,52924
7290018045695,false,BON&BON דגנים במילוי קרם קרמל מלוח 480 גרם,monday,DE,דגנים BON&BONבמילוי קרם קרמל מלוח 480גרם,גרמים,480.00,100 גרם,false,1,21.90,4.5625,true,1,52558
7290018045893,false,בון בון דגנים במילוי קרם נוגט 480 גרם,monday,DE,דגנים BON&BONבמילוי קרם נוגט 480גרם,גרמים,480.00,100 גרם,false,1,21.90,4.5625,true,1,52559
7290018071205,false,כפפות ניטרו V כחולות אלסטיות S ללא אבקה 100 יחידות,סייף טאצ,CN,כפפות נטרו V ללא אבקה S כחול 100 יח,יחידה,1.00,יחידה,false,1,29.90,29.9000,true,1,53032
7290018071212,false,כפפות ניטרו V כחולות אלסטיות M ללא אבקה 100 יחידות,סייף טאצ,CN,כפפות נטרו V ללא אבקה M כחול 100 יח,יחידה,1.00,יחידה,false,1,29.90,29.9000,true,1,52795
7290018071229,false,כפפות ניטרו V כחולות אלסטיות L ללא אבקה 100 יחידות,סייף טאצ,CN,כפפות נטרו V ללא אבקה L כחול 100 יח,יחידה,1.00,יחידה,false,1,29.90,29.9000,true,1,52796
7290018071236,false,כפפות ניטרו V כחולות אלסטיות XL ללא אבקה 100 יחידות,סייף טאצ,CN,כפפות נטרו V ללא אבקה XL כחול 100 יח,יחידה,1.00,יחידה,false,1,29.90,29.9000,true,1,53041
7290018091272,false,בצק עוגיות קקאו טריפל שוקולד צ'יפס 300 גרם מעדנות,תנובה מעדנות,IL,בצק עוגיות קקאו טריפל שוקולד ציפס300 ג,גרמים,300.00,100 גרם,false,1,20.90,6.9667,true,1,53539
7290018091470,false,גלילת ביסקוויטים בטעם שוקולד 300 גרם מעדנות,תנובה מעדנות,IL,גלילת ביסקוויטים בטעם שוקולד מעדנות300,גרמים,300.00,100 גרם,false,1,20.90,6.9667,true,1,53519
7290018098240,false,מרק ירקות+חלבון ירוק,פרוטלנד,IL,מרק ירקות ירוק תוספת חלבון 500 גרם,גרמים,500.00,100 גרם,false,1,17.90,3.5800,true,1,54437
7290018098257,false,מרק שעועית+חלבון ירו,פרוטלנד,IL,מרק שעועית ירוק תוספת חלבון 500 גרם,גרמים,500.00,100 גרם,false,1,17.90,3.5800,true,1,54438
7290018098653,false,מרק אפונה ירוק מן הצומח 500 גרם,פרוטלנד,IL,מרק מינסטרונה ירוק תוספת חלבון 500 גרם,גרמים,500.00,100 גרם,false,1,17.90,3.5800,true,1,54439
7290018131077,false,נסטלה מילקה שלגון וניל חדש 71 גרם,פרונרי פולין,PL,שלגון מילקה עם ריפל שוקולד 71 גרם,גרמים,71.00,100 גרם,false,1,10.90,15.3521,true,1,50401
7290018131251,false,אקסטרים מטבע שוקולד לבן וליבת קרם עוגיות 115ג',גלידות נסטלה )נגה גלידות,IL,אקסטרים מ.שקלד.לבן וליבת ק.עוג. 18*115ג,גרמים,128.00,100 גרם,false,1,9.90,7.7344,true,1,44937
7290018131336,false,שלגון ליון בטעם קרמל עם,שוורצקוף& הנקל דיסלד,PL,שלגון ליון קרמל 66גרם,גרמים,66.00,100 גרם,false,1,10.90,16.5152,true,1,50403
7290018131596,false,אימפלס מיני בייטס אוראו 8 יחידות,שוורצקוף& הנקל דיסלד,PL,גלידה מיני בייטס אוראו 85 גרם,גרמים,85.00,100 גרם,false,1,7.90,9.2941,true,1,44948
7290018131640,false,קראנץ בלונד עם ליבת נוגט בוטנים 100 גרם,גלידות נסטלה )נגה גלידות,IL,קראנץ שוקולד בלונדי 100 גרם,גרמים,100.00,100 גרם,false,1,10.50,10.5000,true,1,50399
7290018131756,false,מאגדת שלגון וניל מצופה תות נסטלה 440 גרם,גלידות נסטלה )נגה גלידות,IL,מאגדת 1/8 שלגונים וניל מצופה תות 440 גרם,גרמים,440.00,100 גרם,false,8,32.90,7.4773,true,1,50133
7290018131770,false,שלגון נסטלה מצופה וניל תות 60 גרם,גלידות נסטלה )נגה גלידות,IL,שלגון וניל מצופה תות 55 גרם,גרמים,55.00,100 גרם,false,1,5.90,10.7273,true,1,50130
7290018131831,false,נסטלה מאגדת שלגון מילקה וניל חדש8 4*66ג,שוורצקוף& הנקל דיסלד,PL,מאגדת שלגוני מילקה 264גרם,גרמים,264.00,100 גרם,false,1,39.90,15.1136,true,1,52426
7290018131855,false,אקסטרים טילון בראוניז בדצ מאגדת 6*72 גרם נסטלה,גלידות נסטלה )נגה גלידות,IL,מאג אקסטרים טילון בראוניז 432גרם,גרמים,432.00,100 גרם,false,1,39.50,9.1435,true,1,50394
7290018131893,false,אקסטרים טילון פקאן מאגדת 6 יח 432 גרם,גלידות נסטלה )נגה גלידות,IL,מאג אקסטרים טילון פקאן 432גרם,גרמים,432.00,100 גרם,false,1,39.50,9.1435,true,1,50392
7290018131954,false,קרחון שרבט פרווה לה פרוטה תות שדה ושוקולד מריר,נגה גלידות שותפות מוגבלת,IL,מאגדת ל.פרוטה מצופה תות שוקולד 350 גרם,גרמים,350.00,100 גרם,false,5,32.90,9.4000,true,1,50131
7290018131978,false,טילון נסטלה אוראו 68.5 גרם,פרונרי פולין,PL,טילון אוראו 68.5גרם,גרמים,69.00,100 גרם,false,1,6.90,10.0000,true,1,50405
7290018165010,false,"יין רזרב GOLD EDITION גווצטרמינר ברקן 750 מ""ל",יקבי ברקן שיווק והפצה בע,IL,"גוורצטרמינר רזרב גולד 750 מ""ל",מיליליטרים,750.00,"100 מ""ל",false,1,59.90,7.9867,true,1,49888
7290018165027,false,"יין רזרב GOLD EDITION רוזה ברקן 750 מ""ל",יקבי ברקן שיווק והפצה בע,IL,"רזרב גולד רוזה 750 מ""ל",מיליליטרים,750.00,"100 מ""ל",false,1,59.90,7.9867,true,1,53170
7290018165447,false,"יין רזרב GOLD מרלו ברקן 750 מ""ל",יקבי ברקן שיווק והפצה בע,IL,"רזרב גולד מרלו 750 מ""ל",מיליליטרים,750.00,"100 מ""ל",false,1,59.90,7.9867,true,1,49897
7290018192023,false,מקלות סלרי ארוז יח',"מרינה פטריות הגליל בע""מ",IL,מקלות סלרי יחידה,גרמים,500.00,100 גרם,false,1,9.90,1.9800,true,1,43870
7290018192658,false,מארז זוג פטריות פורטובלה ושמפיניון מרינה,"מרינה פטריות הגליל בע""מ",IL,פטריות שמפניון צמד חמד איטלקי מארז זוג,גרמים,500.00,100 גרם,false,1,17.90,3.5800,true,1,49492
7290018198209,false,צ'יפס בטטה קראנצ'י תפוגן 500 גרם,"תעשיות תפוגן בע""מ",IL,תפוגן ציפס בטטה קראנצי 500גרם,גרמים,500.00,100 גרם,false,1,21.90,4.3800,true,1,52062
7290018198384,false,תפוגן צ'יפס קריספי פרוסות לתנור אסם 1.25 קג,"תעשיות תפוגן בע""מ",IL,תפוגן ציפס קריספי פרוסות לתנור 1.25קג,קילוגרמים,1.25,"ק""ג",false,1,27.90,22.3200,true,1,51605
7290018236635,false,צ'ונגו-פופקורן מצופה עוף טוב 600 גרם,מוצרי עוף טוב (2001) בע\,IL,עוף טוב צונגו פופקורן מצופה 12*600גרם,גרמים,600.00,100 גרם,false,1,39.90,6.6500,true,1,50159
7290018249802,false,ממתיק תחליף לסוכר 280 גרם,מתבל תעשיות מזון,IL,ממתיק סויטאנגו 280גרם,גרמים,280.00,100 גרם,false,1,26.90,9.6071,true,1,45746
7290018294901,false,"יין מונלייט אדום יבש 750 מ""ל כרמל",יקבי כרמל Carmel Winery,IL,"מונלייט אדום 750 מ""ל",מיליליטרים,750.00,"100 מ""ל",false,1,39.90,5.3200,true,1,53546
7290018294918,false,מונלייט מוסקטו רוזה מתוק מבעבע 750מל,יקבי כרמל Carmel Winery,IL,"מונלייט סמוק מבעבע 750 מ""ל",מיליליטרים,750.00,"100 מ""ל",false,1,39.90,5.3200,true,1,53548
7290018359495,false,תירס מהשדה בלי תוספת סוכר יכין 550 גרם,היינץ צפון אמריקה מק,IL,יכין תירס לייט מופחת קלוריות 550 גרם,גרמים,550.00,100 גרם,false,1,9.90,1.8000,true,1,49508
7290018359686,false,יכין חומוס גדול 550 גר A2,היינץ צפון אמריקה מק,IL,חומוס ענק יכין 550 גרם,גרמים,550.00,100 גרם,false,1,9.90,1.8000,true,1,51885
7290018359853,false,עדשים שחורות יכין 400 גרם,"זנלכל בע""מ",IL,עדשים שחורות יכין 400גרם,גרמים,400.00,100 גרם,false,1,6.90,1.7250,true,1,51884
7290018359938,false,"רוטב עגבניות לשקשוקה יכין, 400 גרם",זנלכל,IL,רוטב עגבניות לשקשוקה יכין 400 גרם,גרמים,400.00,100 גרם,false,1,11.90,2.9750,true,1,53341
7290018359945,false,רוטב עגבניות פיקנטי מפלפלים וירקות יכין 400 גרם,זנלכל,IL,רוטב פיקנטי חאריפה יכין 400 גרם,גרמים,400.00,100 גרם,false,1,11.90,2.9750,true,1,53344
7290018359952,false,רוטב עגבניות לפסטה יכין 400 גרם,זנלכל,IL,רוטב עגבניות לפסטה יכין 400 גרם,גרמים,400.00,100 גרם,false,1,11.90,2.9750,true,1,53343
7290018359969,false,רוטב עגבניות לפיצה יכין 400 גרם,זנלכל,IL,רוטב עגבניות לפיצה יכין 400 גרם,גרמים,400.00,100 גרם,false,1,11.90,2.9750,true,1,53342
7290018367346,false,שומשום בטעם וואסבי 100 גרם,Flavor full foods in,TW,שומשום בטעם ווסאבי 100 גר,גרמים,100.00,100 גרם,false,1,19.90,19.9000,true,1,52663
7290018400647,false,סמודיז בננה תמר סנפרוסט 300 גרם,"סנפרוסט בע""\מ",IL,סמוזי בננה תמר סנפרוסט300 גרם,גרמים,300.00,100 גרם,false,1,19.90,6.6333,true,1,50714
7290018440193,false,פליפז בייגלה בציפוי קרם בטעם חמאת בוטנים מקוויטיס 140 גרם,שוורצקוף& הנקל דיסלד,TR,פליפז בייגלה מצופה חמאת בוטנים 140 ג,גרמים,140.00,100 גרם,false,1,9.90,7.0714,true,1,50841
7290018440209,false,פליפז בייגלה בציפוי פאדג' לבן מקוויטיס 140 גרם,שוורצקוף& הנקל דיסלד,TR,"Flipz, חטיף בייגלה אפוי בציפוי שוקולד חלב, 140 גרם",גרמים,140.00,100 גרם,false,1,9.90,7.0714,true,1,50015
7290018440223,false,תה צ'אי מסאלה 25 שקיקים ויסוצקי,תה ויסוצקי,IL,צאי מסאלה עוצמתי 25 גרם,גרמים,25.00,100 גרם,false,1,19.90,79.6000,true,1,51758
7290018440230,false,תה צ'אי ורדים 25 שקיקים ויסוצקי,תה ויסוצקי,IL,צאי ורדים 25 גרם,לא מנהל יחידת מידה,0.00,לא מנהל יחידת מידה,false,1,19.90,0.0000,true,1,51760
7290018440247,false,תה צ'אי שקדים0 25 שקיקים ויסוצקי,תה ויסוצקי,IL,צאי שקדים 25 גרם,לא מנהל יחידת מידה,0.00,לא מנהל יחידת מידה,false,1,19.90,0.0000,true,1,51759
7290018440254,false,תה צ'אי קרמל מלוח 25 שקיקים ויסוצקי,תה ויסוצקי,IL,צאי קרמל מלוח 25 גרם,לא מנהל יחידת מידה,0.00,לא מנהל יחידת מידה,false,1,19.90,0.0000,true,1,51761
7290018440384,false,תה ירוק מאטה לימון נענע ויסוצקי 25 יחידות,תה ויסוצקי,IL,תה ירוק מאטה לימון נענע 25 שקיקים,גרמים,25.00,100 גרם,false,1,26.90,107.6000,true,1,51756
7290018440391,false,תה ירוק מאטה נענע גוארנה ויסוצקי 25 יחידות,תה ויסוצקי,IL,תה ירוק מאטה נענע גוארנה 25 שקיקים,גרמים,25.00,100 גרם,false,1,26.90,107.6000,true,1,51757
7290018440407,false,תה ירוק מאטה קקאו לוז ויסוצקי 25 יחידות,תה ויסוצקי,IL,תה ירוק מאטה קקאו לוז 25 שקיקים,גרמים,25.00,100 גרם,false,1,26.90,107.6000,true,1,51755
7290018440483,false,פליפז בייגלה מצופה בקרמל מלוח ושוקולד מקוויטיס 140 גרם,שוורצקוף& הנקל דיסלד,TR,פליפז בייגלה מצופה בקרמל מלוח ושוקולד 14,גרמים,140.00,100 גרם,false,1,9.90,7.0714,true,1,51328
7290018440896,false,הגן הקסום חליטה ג'ינגר כורכום ויסוצקי 25 יח,תה ויסוצקי,IL,חליטת הגן הקסום גינגר וכורכום 25 שקיקי,גרמים,25.00,100 גרם,false,1,19.90,79.6000,true,1,52449
7290018441886,false,"קרם עוגיות 150 מ""ל - דולצ'ה דה לצ'ה",מוצרי איכות אמריקאים,IL,דולצה דה לצה 150מל שורטי,מיליליטרים,150.00,"100 מ""ל",false,1,9.90,6.6000,true,1,51852
7290018468401,false,פסטרמה צמחונית בטעם גריל 100 גר טירת צבי,טיב טירת צבי 2000,IL,פסטרמה צמחונית בטעם גריל טירת צבי 120ג,גרמים,120.00,100 גרם,false,1,21.90,18.2500,true,1,53944
7290018468425,false,נקניק טבעוני בטעם פיקנטי 100 גרם טירת צבי,טיב טירת צבי 2000,IL,נקניק טבעוני בטעם פיקנטי טירת צבי 100גר,גרמים,100.00,100 גרם,false,1,21.90,21.9000,true,1,53945
7290018468432,false,נקניק טבעוני בטעם מעושן 100 גרם טירת צבי,טיב טירת צבי 2000,IL,נקניק טבעוני בטעם מעושן טירת צבי 100 גרם,גרמים,100.00,100 גרם,false,1,21.90,21.9000,true,1,53946
7290018471036,false,"שוופס סודה לימון 500 מ""ל","יפאורה תבורי בע""מ",IL,שוופס סודה לימון 500מל,מיליליטרים,500.00,"100 מ""ל",false,1,4.90,0.9800,true,1,49694
7290018471043,false,"ספרינג נקטר פירות טרופיים פחית 330 מ""ל",יפאורה תבורי בעמ,IL,"ספרינג פירות טרופיים פחית 330 מ""ל",מיליליטרים,330.00,"100 מ""ל",false,1,7.00,2.1212,true,1,50901
7290018471050,false,"ספרינג נקטר אגס תפוח סברס פחית 330 מ""ל",יפאורה תבורי בעמ,IL,"ספרינג אגס תפוח סברס פחית 330 מ""ל",מיליליטרים,330.00,"100 מ""ל",false,1,7.00,2.1212,true,1,50918
7290018471111,false,שוופס ליים מוחיטו 330 מל זכוכית,יפאורה שותפות מובגלת,IL,שוופס ליים מוחיטו 330 מל,ליטרים,1.50,ליטר,false,1,6.90,4.6000,true,1,50390
7290018471128,false,"ספרינג שייק אננס מנגו פסיפלורה זכוכית 330 מ""ל","יפאורה תבורי בע""\מ",IL,"ספרינג שייק אננס מנגו פסיפלורה 330 מ""ל",מיליליטרים,330.00,"100 מ""ל",false,1,8.50,2.5758,true,1,51195
7290018471135,false,"ספרינג שייק בננה תמר תפוז זכוכית 330 מ""ל","יפאורה תבורי בע""\מ",IL,"ספרינג שייק בננה תמר תפוז 330 מ""ל",מיליליטרים,330.00,"100 מ""ל",false,1,8.50,2.5758,true,1,51196
7290018471142,false,"ספרינג שייק בננה אננס קוקוס פירות יער זכוכית 330 מ""ל","יפאורה תבורי בע""\מ",IL,ספרינג שייק בננה אננס קוקוס פירות יער 330 מל,מיליליטרים,330.00,"100 מ""ל",false,1,8.50,2.5758,true,1,51197
7290018471180,false,משקה פרוט& ווג' אננס תפוח גזר 1 ליטר,פרוט אנד וג' Fruit & Veg,IL,FRUIT&VEG אננס תפוח גזר 1 ליטר,ליטרים,1.00,ליטר,false,1,14.90,14.9000,true,1,50902
7290018471197,false,פרוט & ווג' תפוח בננה מלון נענע 1 ליטר,פרוט אנד וג' Fruit & Veg,IL,FRUIT&VEG תפוח בננה מלון נענע 1 ליטר,ליטרים,1.00,ליטר,false,1,14.90,14.9000,true,1,50903
7290018471395,false,משקה פרוט& ווג' תפוח רימון ג'ינג'ר 1 ליטר,פרוט אנד וג' Fruit & Veg,IL,FRUIT&VEG תפוח סלק רימון ג'ינג'ר 1 ליטר,ליטרים,1.00,ליטר,false,1,14.90,14.9000,true,1,50904
7290018471401,false,משקה פרוט& ווג' אננס בננה כורכום 1 ליטר,פרוט אנד וג' Fruit & Veg,IL,FRUIT&VEG אננס בננה כורכום 1 ליטר,ליטרים,1.00,ליטר,false,1,14.90,14.9000,true,1,50905
7290018471449,false,קרטונית ספרינג שייק בננה תמר תפוז 1 ליטר,"יפאורה תבורי בע""\מ",IL,ספרינג שייק קרטונית בננה תמר תפוז 1 ל',ליטרים,1.00,ליטר,false,1,14.70,14.7000,true,1,51198
7290018471456,false,קרטונית ספרינג שייק אננס מנגו פסיפלורה 1 ליטר,"יפאורה תבורי בע""\מ",IL,ספרינג שייק קרטונית אננס מנגו פסיפלורה 1 ל',ליטרים,1.00,ליטר,false,1,14.70,14.7000,true,1,51199
7290018471463,false,תפוזינה נקטר תפוז מנגו קרטונית 1 ליטר,"יפאורה תבורי בע""\מ",IL,תפוזינה קרטונית תפוז מנגו 1 ל',ליטרים,1.00,ליטר,false,1,8.20,8.2000,true,1,50906
7290018471470,false,תפוזינה נקטר תפוז פסיפלורה קרטונית 1 ליטר,"יפאורה תבורי בע""\מ",IL,תפוזינה קרטוניות תפוז-פסיפלורה 1 ל',ליטרים,1.00,ליטר,false,1,8.20,8.2000,true,1,50907
7290018471487,false,תפוזינה נקטר תפוז אננס קרטונית 1 ליטר,"יפאורה תבורי בע""\מ",IL,תפוזינה קרטוניות תפוז-אננס 1 ל',ליטרים,1.00,ליטר,false,1,8.20,8.2000,true,1,50908
7290018471494,false,נקטר תפוז גזר קרטונית תפוזינה 1 ל',"יפאורה תבורי בע""\מ",IL,תפוזינה קרטוניות תפוז-גזר 1 ל',ליטרים,1.00,ליטר,false,1,8.20,8.2000,true,1,50909
7290018471692,false,קרטונית ספרינג שייק בננה אננס קוקוס פירות יער 1 ליטר,"יפאורה תבורי בע""\מ",IL,ספרינג שייק קרטונית בננה אננס קוקוס פירות יער 1 ל',ליטרים,1.00,ליטר,false,1,14.70,14.7000,true,1,51200
7290018471906,false,שוופס מוגז פירות לימונדה ורודה 1.5 ליטר פיקדון,"יפאורה תבורי בע""\מ",IL,שוופס מוגז פירות לימונדה ורודה 1.5 ל',ליטרים,1.50,ליטר,false,1,10.90,7.2667,true,1,52162
7290018471913,false,משקה מוגז פירות תפוחים שוופס 1.5 ליטר,"יפאורה תבורי בע""\מ",IL,שוופס משקה תפוחים מוגז 1.5 ליטר,ליטרים,1.50,ליטר,false,1,10.90,7.2667,true,1,52163
7290018471920,false,שוופס מוגז פירות ענבים 1.5 ליטר פיקדון,"יפאורה תבורי בע""\מ",IL,שוופס מוגז פירות ענבים 1.5 ל',ליטרים,1.50,ליטר,false,1,10.90,7.2667,true,1,52164
7290018471937,false,שוופס מוגז פירות תות ליים 1.5 ליטר פיקדון,"יפאורה תבורי בע""\מ",IL,שוופס מוגז פירות תות ליים 1.5 ליטר,ליטרים,1.50,ליטר,false,1,10.90,7.2667,true,1,52165
7290018471944,false,שוופס מוגז פירות לימונייד 1.5 ליטר פיקדון,"יפאורה תבורי בע""\מ",IL,שוופס מוגז פירות לימונייד 1.5 ליטר,ליטרים,1.50,ליטר,false,1,10.90,7.2667,true,1,52166
7290018500361,false,"לחם שחור פרוס 900 גרם ""אנג'ל"" -מוצר בפיקוח",מאפיית שלמה א. אנג'\ל בע,IL,לחם אחיד פרוס אנגל 900 גרם,גרמים,900.00,100 גרם,false,1,9.49,1.0544,true,1,53284
7290018500385,false,"חלה רגילה 650 גרם ""אנגל""-מוצר בפיקוח",מאפיית שלמה א. אנגל,IL,חלה רגילה אנגל 650 גרם,גרמים,650.00,100 גרם,false,1,8.14,1.2523,true,1,53285
7290018500392,false,"חלה רגילה 650 גרם ""אנגל""-מוצר בפיקוח",מאפיית שלמה א. אנגל,IL,חלה קלועה אנגל 650 גרם,גרמים,650.00,100 גרם,false,1,8.14,1.2523,true,1,53286
7290018540329,false,שקית פיתה פיתה בלדי 800 ג' אנג'ל,מאפיית שלמה א. אנג'\ל בע,IL,פיתה פיתה אנגל בלדי 8 יח 880 גרם,גרמים,880.00,100 גרם,false,1,13.90,1.5795,true,1,50100
7290018540817,false,ארטיזנל לחם מחמצת כוסמין אנג'ל 500 גרם,מאפיית אורנים,IL,ארטיזנל לחם מחמצת כוסמין 500גרם,גרמים,500.00,100 גרם,false,1,19.90,3.9800,true,1,52064
7290018540824,false,ארטיזנל לחם מחמצת כפרי אנג'ל 500 גרם,מאפיית אורנים,IL,ארטיזנל לחם מחמצת כפרי,גרמים,500.00,100 גרם,false,1,19.90,3.9800,true,1,52065
7290018540831,false,ארטיזנל לחם מחמצת חיטה מלאה ודגנים אנג'ל 500 גרם,מאפיית אורנים,IL,ארטיזנל לחם מחמצת חיטה מלאה ודגנים500גרם,גרמים,500.00,100 גרם,false,1,19.90,3.9800,true,1,52066
7290018589830,false,לזניה פטריות דיילי ק,סי.אי.פי. מבוא חורון,IL,לזניה פטריות דיילי קיטשן 400 גרם,גרמים,400.00,100 גרם,false,1,34.90,8.7250,true,1,52594
7290018589847,false,לזניה ר וזה בטטה דיי,סי.אי.פי. מבוא חורון,IL,לזניה ר וזה בטטה דיילי קיטשן 400 גרם,גרמים,400.00,100 גרם,false,1,34.90,8.7250,true,1,52595
7290018593233,false,גבינאטס טבעי - ממרח שקדים בסגנון גבינה לבנה 240 גרם - פלנטי,פלנטי,IL,גבינאטס טבעי ממרח שקדים בסגנון גבינה 240,גרמים,240.00,100 גרם,false,1,19.90,8.2917,true,1,54440
7290018593240,false,גבינאטס זיתים ממרח ש,פלנטי,IL,גבינאטס זיתים ממרח שקדים בסגנון גבינה 24,גרמים,240.00,100 גרם,false,1,19.90,8.2917,true,1,54441
7290018593325,false,לאבנה שקדים טבעוני פלנטי 220 גרם,פלנטי,IL,לאבנה שקדים 220 גרם פלנטי,גרמים,220.00,100 גרם,false,1,19.90,9.0455,true,1,54442
7290018641439,false,אוק אנד אש - ערק אשכולית אדומה מוגז,,IL,ערק פלוס אשכוליות 330 מל,מיליליטרים,330.00,"100 מ""ל",false,1,14.90,4.5152,true,1,51907
7290018641446,false,אוק אנד אש - ערק לימונדה מוגז,,IL,ערק פלוס לימודה 330 מל,מיליליטרים,330.00,"100 מ""ל",false,1,14.90,4.5152,true,1,51908
7290018652015,false,נסטלה שלגון סופרולר 75 גרם,פרונרי איברייה,ES,סופרולר 75גרם,גרמים,75.00,100 גרם,false,1,7.90,10.5333,true,1,50406
7290018652053,false,"יסקולידה אקסטרה גלידה בטעמי וניל ושוקולד, 90 גרם",גלידות נסטלה )נגה גלידות,IL,ביסקולידה קסטרה 95 גרם,גרמים,95.00,100 גרם,false,1,6.90,7.2632,true,1,50397
7290018652190,false,חטיף גלידה קראנץ בר 60 גרם,פרונרי איטליה,IT,קראנץ בר אימפלס 60גרם,גרמים,60.00,100 גרם,false,1,7.90,13.1667,true,1,52685
7290018652213,false,מאגדת חטיפי גלידה קראנץ בר 41X6 גרם,פרונרי איטליה,IT,קראנץ בר מאגדת 246גרם,גרמים,246.00,100 גרם,false,1,27.90,11.3415,true,1,52691
7290018652718,false,שלגון מילקה אגוזים 71 גרם,פרונרי פולין,PL,שלגון מילקה אגוזים 71גרם,גרמים,71.00,100 גרם,false,1,11.90,16.7606,true,1,52690
7290018652770,false,טילון אקסטרים בייגלה מתוק מלוח 115 גרם,גלידות נסטלה,IL,טילון גולדה 115גרם,גרמים,115.00,100 גרם,false,1,9.90,8.6087,true,1,52686
7290018652862,false,באבל גאם מסטיק תות 60ג בדץ,נסטלה,IL,באבל גאם 60גרם,גרמים,60.00,100 גרם,false,1,6.90,11.5000,true,1,52687
7290018652886,false,שלגונים בשומן צמחי בטעמי שוקו ובננה מצופים צימקאו,גלידות נסטלה,IL,מאגדת מצופים שוקו בננה כלפ 8 יחידות,גרמים,440.00,100 גרם,false,1,32.90,7.4773,true,1,52674
7290018652909,false,מאגדת מאגנום קפה שוקולד ופקאן 5 *43 ג' נסטלה,גלידות נסטלה,IL,מאגדת קפה שוקולד פקאן 225גרם,גרמים,225.00,100 גרם,false,1,32.90,14.6222,true,1,52692
7290018652923,false,פרוייקט סער-תות עוגת גבינה נסטלה 5*43 גרם,גלידות נסטלה,IL,מאגדת תות שוקולד עוגיות 225גרם,גרמים,225.00,100 גרם,false,1,32.90,14.6222,true,1,52693
7290018652947,false,קראנץ ליבת נוגט+אורז תפוח כלפ28*100ג,גלידות נסטלה,IL,שלגון קראנץ פיסטוק 100 גרם,גרמים,100.00,100 גרם,false,1,10.50,10.5000,true,1,53004
7290018703083,false,פראוד חטיף חלבון דאבל שוקולד 60 גרם קראנץ,פראוד PROUD,NL,חטיף חלבון פראוד דאבל שוקולד קראנצי,גרמים,60.00,100 גרם,false,1,14.90,24.8333,true,1,52923
7290018703304,false,אול אין חטיף חלבון ק,,,אול אין חטיף חלבון קרם עוגיות,גרמים,60.00,100 גרם,false,1,14.90,24.8333,true,1,52961
7290018703311,false,פראוד - חטיף חלבון קרם עוגיות קראנצ' 60ג,v.s.i,NL,פראוד - חטיף חלבון בטעם קרם עוגיות,גרמים,60.00,100 גרם,false,1,14.90,24.8333,true,1,41596
7290018792841,false,אבקת קקאו טבעי גאנה 150 גר,אברמוביץ עזר קקאו וש,IL,אבקת קקאו טבעי גאנה 150 גרם,גרמים,150.00,100 גרם,false,1,11.90,7.9333,true,1,53635
7290018848005,false,יין רוזה בפחית 250 מ,דונלי ויני,IT,"יין רוזה בפחית 250 מ""ל",מיליליטרים,250.00,"100 מ""ל",false,1,17.90,7.1600,true,1,52577
7290018848012,false,יין לבן בפחית 250 מ,דונלי ויני,IT,"יין לבן בפחית 250 מ""ל",מיליליטרים,250.00,"100 מ""ל",false,1,17.90,7.1600,true,1,52576
7290018893807,true,שוקולד מריר1/3 צוקטה,אייברקקאו אס אי. יו,ES,שוקולד מריר1/3 צוקטה,גרמים,300.00,100 גרם,false,1,16.90,5.6333,true,1,53127
7290018894002,false,קוביות וופל במילוי קרם קקאו - חלבי,בלקוני Balconi,IT,בלקוני וופל קוביות קקאו 250 ג,גרמים,250.00,100 גרם,false,1,12.90,5.1600,true,1,52849
7290018894019,false,עוגות אישיות במילוי קרם חלבי ובציפוי קרם קקאו,בלקוני Balconi,IT,בלקוני עוגות מיקס מקס חלב 350 ג,גרמים,350.00,100 גרם,false,1,15.90,4.5429,true,1,52854
7290018894071,false,צ'וקטה מארז סביבון לחנוכה,צ'וקטה Chocketa,,צוקטה מארז סביבון לחנוכה 225 ג,גרמים,225.00,100 גרם,false,1,19.90,8.8444,true,1,54200
7290018894200,false,בלקוני וופל קוביות וניל 250 גרם,בלקוני Balconi,IT,בלקוני וופל קוביות וניל 250 ג,גרמים,250.00,100 גרם,false,1,12.90,5.1600,true,1,52850
7290018894408,false,קוביות וופל במילוי קרם אגוזי לוז - חלבי,בלקוני Balconi,IT,בלקוני וופל קוביות אגוזי לוז 250 ג,גרמים,250.00,100 גרם,false,1,12.90,5.1600,true,1,52851
7290018894606,false,וופלים במילוי קרם קקאו - חלבי,בלקוני Balconi,IT,בלקוני וופל קקאו 175 ג,גרמים,175.00,100 גרם,false,1,8.90,5.0857,true,1,52852
7290018894804,false,וופלים במילוי קרם אגוזי לוז - חלבי,בלקוני Balconi,IT,בלקוני וופל אגוזי לוז 175 ג,גרמים,175.00,100 גרם,false,1,8.90,5.0857,true,1,52853
7290018925065,false,מיץ פרימור תפוזים סחוט 2 ליטר-,"גניר (1992) בע""מ",IL,פרימור סחוט מיץ תפוזים 100% 2 ליטר,ליטרים,2.00,ליטר,false,1,27.90,13.9500,true,1,52334
7290018925072,false,משקה קל לימונים ונענע 2 ל פרימור,"גניר (1992) בע""מ",IL,פרימור משקה קל לימונים ונענע 2 ליטר,ליטרים,2.00,ליטר,false,1,27.90,13.9500,true,1,52168
7290018925089,false,"מיץ פרימור תפו""ע צלול סחוט 2 ליטר-","גניר (1992) בע""מ",IL,מיץ תפוחים 2 ליטר,ליטרים,2.00,ליטר,false,1,27.90,13.9500,true,1,52169
7290018925409,false,"מיץ לימון ואננס 400 מ""ל פרימור",קריות זול,IL,מיץ לימון ואננס פרימור 400 מל,מיליליטרים,400.00,"100 מ""ל",false,1,10.90,2.7250,true,1,53634
7290018925416,false,"מיץ לימון ופסיפלורה 400 מ""ל פרימור",קריות זול,IL,מיץ לימון ופסיפלורה פרימור 400 מל,מיליליטרים,400.00,"100 מ""ל",false,1,10.90,2.7250,true,1,53633
7290018938157,false,נקניקיות מרגז רדיפיי,,,נקניקיות מרגז רדיפיין מיט 337גרם,גרמים,337.00,100 גרם,false,1,44.90,13.3234,true,1,53793
7290018938171,false,המבורגר פרימיום רדיפ,,,המבורגר פרימיום רדיפיין מיט 280גרם,גרמים,280.00,100 גרם,false,1,36.00,12.8571,true,1,53791
7290018938195,false,קבב טלה עגול רדיפיי,,,קבב טלה עגול רדיפיין מיט 330גרם,גרמים,330.00,100 גרם,false,1,39.90,12.0909,true,1,53792
7290018949009,false,גרופר משקה קל מוגז אורגני תפוזזה 330 מ,מיקס קווידזון,IL,משקה קל מוגז גרופר תפוזזה 330 מל,מיליליטרים,330.00,"100 מ""ל",false,1,8.90,2.6970,true,1,51909
7290018949016,false,"גרופר משקה קל מוגז אורגני תפוחחה 330 מ""",מיקס קווידזון,IL,משקה קל מוגז גרופר תפוחחה 330 מל,מיליליטרים,330.00,"100 מ""ל",false,1,8.90,2.6970,true,1,51910
7290018949023,false,"גרופר משקה קל מוגז אורגני לימוננ 330 מ""ל",מיקס קווידזון,IL,משקה קל מוגז גרופר לימוננדה 330 מל,מיליליטרים,330.00,"100 מ""ל",false,1,8.90,2.6970,true,1,51911
7290018989081,false,יכין חומוס הבית להכנת חומוס טרי 410 גי,זנלכל,IL,חומוס הבית להכנת חומוס טרי יכין 410גרם,גרמים,410.00,100 גרם,false,1,7.90,1.9268,true,1,53305
7290019056027,false,שוופס מוגז פירות תפוחים ללא סוכר 1.5 ליטר פיקדון,"יפאורה תבורי בע""\מ",IL,שוופס מוגז פירות NO SUGAR תפוח 1.5 ל',ליטרים,1.50,ליטר,false,1,10.90,7.2667,true,1,52170
7290019056034,false,שוופס מוגז פירות אננס ללא סוכר 1.5 ליטר פיקדון,"יפאורה תבורי בע""מ",IL,שוופס מוגז פירות NO SUGAR אננס 1.5 ל',ליטרים,1.50,ליטר,false,1,10.90,7.2667,true,1,52171
7290019056041,false,שוופס מוגז פירות לימונייד ללא סוכר 1.5 ליטר פיקדון,"יפאורה תבורי בע""מ",IL,שוופס ללא סוכר לימונייד 1.5 ליטר,ליטרים,1.50,ליטר,false,1,10.90,7.2667,true,1,52172
7290019056058,false,שוופס מוגז עדין תפוח ליים 1.5 ליטר פיקדון,"יפאורה תבורי בע""\מ",IL,שוופס מוגז עדין תפוח ליים 1.5 ל',ליטרים,1.50,ליטר,false,1,11.50,7.6667,true,1,52173
7290019056065,false,שוופס מוגז עדין פירות יער 1.5 ליטר פיקדון,"יפאורה תבורי בע""\מ",IL,שוופס מוגז עדין פירות יער 1.5 ל',ליטרים,1.50,ליטר,false,1,11.50,7.6667,true,1,52174
7290019056072,false,שוופס מוגז עדין אננס 1.5 ליטר פיקדון,"יפאורה תבורי בע""מ",IL,שוופס מוגז עדין אננס 1.5 ל',ליטרים,1.50,ליטר,false,1,11.50,7.6667,true,1,52175
7290019056089,false,שוופס מוגז עדין ענבי ריזלינג 1.5 ליטר פיקדון,"יפאורה תבורי בע""\מ",IL,שוופס מוגז עדין ריזלינג 1.5 ל',ליטרים,1.50,ליטר,false,1,11.50,7.6667,true,1,52176
7290019056096,false,שוופס מוגז עדין אפרסק 1.5 ליטר פיקדון,"יפאורה תבורי בע""\מ",IL,שוופס מוגז עדין אפרסק 1.5 ל',ליטרים,1.50,ליטר,false,1,11.50,7.6667,true,1,52177
7290019056119,false,שוופס סודה 1.5 ליטר פיקדון,"יפאורה תבורי בע""\מ",IL,שוופס סודה 1.5 ל',ליטרים,1.50,ליטר,false,1,5.20,3.4667,true,1,52178
7290019056126,false,שוופס סודה לימון 1.5 ליטר בק' בודד פיקדון,"יפאורה תבורי בע""\מ",IL,שוופס סודה לימון 1.5 ל',ליטרים,1.50,ליטר,false,1,5.80,3.8667,true,1,52179
7290019056164,false,שוופס סודה 1.5 ליטר רביעייה פיקדון,"יפאורה תבורי בע""\מ",IL,שוופס רביעיה מי סודה 6 ליטר,ליטרים,6.00,ליטר,false,4,12.90,2.1500,true,1,52141
7290019056171,false,שוופס סודה לימון 1.5 ליטר רביעייה פיקדון,"יפאורה תבורי בע""\מ",IL,שוופס רביעיה מי סודה בטעם לימון 6 ליטר,ליטרים,6.00,ליטר,false,4,12.90,2.1500,true,1,52181
7290019056232,false,משקה מוגז בטעם ליים מוחיטו 1.5 ל' שוופס,"יפאורה תבורי בע""\מ",IL,שוופס מוחיטו 1.5 ל',ליטרים,1.50,ליטר,false,1,10.90,7.2667,true,1,52183
7290019056294,false,שוופס ג'ינג'ר אייל 1.5 ליטר פיקדון,"יפאורה תבורי בע""\מ",IL,שוופס ג'ינג'ר אייל 1.5 ל',ליטרים,1.50,ליטר,false,1,12.90,8.6000,true,1,52188
7290019056300,false,משקה בטעם ביטר לימון 1.5 ל' שוויפס,"יפאורה תבורי בע""\מ",IL,שוופס ביטר למון 1.5 ל',ליטרים,1.50,ליטר,false,1,12.90,8.6000,true,1,52189
7290019056317,false,שוופס ראשן 1.5 ליטר פיקדון,"יפאורה תבורי בע""\מ",IL,שוופס ראשן 1.5 ל',ליטרים,1.50,ליטר,false,1,12.90,8.6000,true,1,52190
7290019056324,false,שוופס טוניק 1.5 ליטר פיקדון,"יפאורה תבורי בע""\מ",IL,שוופס טוניק 1.5 ל',ליטרים,1.50,ליטר,false,1,12.90,8.6000,true,1,52191
7290019056331,false,שוופס טוניק ללא סוכר 1.5 ליטר פיקדון,"יפאורה תבורי בע""מ",IL,שוופס מי טוניק ללא סוכר 1.5 ליטר,ליטרים,1.50,ליטר,false,1,12.90,8.6000,true,1,52192
7290019056379,false,תפוזינה תפוזים 1.5 ליטר פיקדון,"יפאורה תבורי בע""\מ",IL,תפוזינה תפוזים 1.5 ל',ליטרים,1.50,ליטר,false,1,11.90,7.9333,true,1,52195
7290019056478,false,ספרינג טי קר אפרסק 1.5ליטר פיקדון,"יפאורה תבורי בע""\מ",IL,ספרינג tea אפרסק 1.5 ל',ליטרים,1.50,ליטר,false,1,9.90,6.6000,true,1,52201
7290019056485,false,ספריג תה ירוק לימון לואיזה 1.5 ליטר פיקדון,"יפאורה תבורי בע""\מ",IL,ספרינג tea תה ירוק לימון לואיזה 1.5 ל',ליטרים,1.50,ליטר,false,1,9.90,6.6000,true,1,52202
7290019056508,false,פרוט ווטר ענבים 1.5 ליטר פיקדון,"יפאורה תבורי בע""\מ",IL,Fruit Water ענבים 1.5 ל',ליטרים,1.50,ליטר,false,1,10.90,7.2667,true,1,52203
7290019056515,false,פרוט ווטר אננס 1.5 ליטר פיקדון,"יפאורה תבורי בע""\מ",IL,Fruit Water אננס 1.5 ל',ליטרים,1.50,ליטר,false,1,10.90,7.2667,true,1,52204
7290019056539,false,פרוט ווטר אפרסק 1.5 ליטר פיקדון,"יפאורה תבורי בע""\מ",IL,Fruit Water אפרסק 1.5 ל',ליטרים,1.50,ליטר,false,1,10.90,7.2667,true,1,52206
7290019056546,false,פרוט ווטר אבטיח 1.5 ליטר פיקדון,"יפאורה תבורי בע""\מ",IL,Fruit Water אבטיח 1.5 ל',ליטרים,1.50,ליטר,false,1,10.90,7.2667,true,1,52207
7290019056553,false,שישיית מים מינרלים עין גדי 2 ליטר,עין גדי מים מינרליים,IL,מים מינרליים עין גדי 2 ל' שישייה,ליטרים,12.00,ליטר,false,6,13.80,1.1500,true,1,52208
7290019056560,false,עין גדי 2 ליטר בק' בודד פיקדון,עין גדי מיים מינרלים,IL,מים עין גדי בקבוק 2 ליטר,ליטרים,2.00,ליטר,false,1,4.20,2.1000,true,1,52209
7290019056577,false,משקה קל מנגו ספרינג 1.5 ליטר,"יפאורה תבורי בע""\מ",IL,ספרינג מנגו 1.5 ל',ליטרים,1.50,ליטר,false,1,11.90,7.9333,true,1,52210
7290019056584,false,משקה קל תפוזים ספרינג 1.5 ליטר,"יפאורה תבורי בע""\מ",IL,ספרינג תפוזים 1.5 ל',ליטרים,1.50,ליטר,false,1,11.90,7.9333,true,1,52211
7290019056621,false,משקה קל פירות טרופיים ספרינג 1.5 ליטר,"יפאורה תבורי בע""\מ",IL,ספרינג פירות טרופיים 1.5 ל',ליטרים,1.50,ליטר,false,1,11.90,7.9333,true,1,52212
7290019056645,false,משקה קל אגס תפוח סברס ספרינג 1.5 ליטר,"יפאורה תבורי בע""\מ",IL,ספרינג תפוח אגס סברס 1.5 ל',ליטרים,1.50,ליטר,false,1,11.90,7.9333,true,1,52214
7290019056652,false,משקה קל אננס בננה ספרינג 1.5 ליטר,"יפאורה תבורי בע""\מ",IL,ספרינג אננס בננה 1.5 ל',ליטרים,1.50,ליטר,false,1,11.90,7.9333,true,1,52215
7290019056676,false,משקה קל אשכולית אננס דיאט ספרינג 1.5 ליטר,"יפאורה תבורי בע""\מ",IL,ספרינג לייט אשכוליות אננס 1.5 ל',ליטרים,1.50,ליטר,false,1,11.90,7.9333,true,1,52216
7290019056881,false,שוופס סודה 1.5 ליטר,"יפאורה תבורי בע""מ",IL,סודה שוופס 1.5 ליטר,ליטרים,1.50,ליטר,false,1,5.20,3.4667,true,1,52355
7290019056898,false,שוופס סודה לימון 1.5 ליטר,"כד בני דרום בע""מ",IL,סודה שוופס לימון 1.5 ליטר,ליטרים,1.50,ליטר,false,1,5.80,3.8667,true,1,52356
7290019056942,false,מים מינרליים טבעיים,יפאורה,IL,מים עין גדי בקבוק 2 ליטר,ליטרים,2.00,ליטר,false,1,4.20,2.1000,true,1,52343
7290019056959,false,מי עדן 1.5 ליטר בק' בודד פיקדון,"מופק ממקור בזלתי עדן ,1",IL,מי עדן בקבוק 1.5 ליטר,ליטרים,1.50,ליטר,false,1,4.90,3.2667,true,1,52217
7290019056966,false,מי עדן בקבוק פיקדון 1.5 ליטר,"מי עדן בע""מ",IL,מי עדן בקבוק 1.5 ליטר,ליטרים,1.50,ליטר,false,1,5.20,3.4667,true,1,52359
7290019056973,false,שישיית מי עדן 1.5 ליטר משפחתי,"מופק ממקור בזלתי עדן ,1",IL,מי עדן שישייה בקבוק 1.5 ליטר,ליטרים,9.00,ליטר,false,6,16.90,1.8778,true,1,52218
7290019153313,false,"משקהתפוח חמוציות אוכמניות 350 מ""ל פרות & ווג",יפאורה תבורי בעמ,IL,"FRUIT&VEG תפוח חמוציות אוכמניות 350 מ""ל",מיליליטרים,350.00,"100 מ""ל",false,1,9.50,2.7143,true,1,53130
7290019153344,false,מיץ בטעם סנגרייה 1.5 ל' תפוזינה,"יפאורה תבורי בע""\מ",IL,תפוזינה סנגריה 1.5 ל',ליטרים,1.50,ליטר,false,1,11.90,7.9333,true,1,53274
7290019153351,false,מיץ בטעם פינק אוזו 1.5 ל' תפוזינה,"יפאורה תבורי בע""\מ",IL,תפוזינה פינק אוזו 1.5 ל',ליטרים,1.50,ליטר,false,1,11.90,7.9333,true,1,53275
7290019153368,false,"מיץ בטעם מוחיטו 330 מ""ל תפוזינה",יפאורה תבורי בעמ,IL,"תפוזינה מוחיטו 330 מ""ל זכוכית",מיליליטרים,330.00,"100 מ""ל",false,1,6.90,2.0909,true,1,53278
7290019153382,false,"מיץ בטעם סנגרייה 330 מ""ל תפוזינה",יפאורה תבורי בעמ,IL,"תפוזינה סנגריה 330 מ""ל זכוכית",מיליליטרים,330.00,"100 מ""ל",false,1,6.90,2.0909,true,1,53276
7290019153399,false,"מיץ בטעם פינק אוזו 330 מ""ל תפוזינה",יפאורה תבורי בעמ,IL,"תפוזינה פינק אוזו 330 מ""ל זכוכית",מיליליטרים,330.00,"100 מ""ל",false,1,6.90,2.0909,true,1,53277
7290019196204,false,רביעיית טונה הספן בש,תעשיות פילטונה,IL,רביעיית טונה הספן בשמן קנולה 540גרם,גרמים,540.00,100 גרם,false,4,21.90,4.0556,true,1,52885
7290019232155,false,"חליטת ""לילה טוב"" קמומיל לבנדר ו25 שקיקים ויסוצקי",תה ויסוצקי,IL,ויסוצקי לילה טוב קמומיל לבנדר 25 שקיקים,גרמים,25.00,100 גרם,false,1,26.90,107.6000,true,1,54051
7290019232162,false,"חליטת ""לילה טוב"" קמומיל מליסה 25 שקיקים ויסוצקי",תה ויסוצקי,IL,ויסוצקי לילה טוב קמומיל מליסה 25 שקיקים,גרמים,25.00,100 גרם,false,1,26.90,107.6000,true,1,54052
7290019232179,false,חליטת לילה טוב נענע 25 שקיקים ויסוצקי,תה ויסוצקי,IL,ויסוצקי STEY WELL נענע 25 שקיקים,גרמים,25.00,100 גרם,false,1,26.90,107.6000,true,1,54048
7290019232186,false,תה ירוק לימונית לואיזהSTAY WELL 25 שקיקים ויסוצקי,תה ויסוצקי,IL,ויסוצקי STEY WELL לימונית לואיזה 25 שקיקים,גרמים,25.00,100 גרם,false,1,26.90,107.6000,true,1,54049
7290019232193,false,תה ירוק לימונית ג'ינג'ר STAY WELL שקיקים 25 ויסוצקי,תה ויסוצקי,IL,ויסוצקי STEY WELL לימונית גינגר 25 שקיקים,גרמים,25.00,100 גרם,false,1,26.90,107.6000,true,1,54050
7290019232377,false,צאי וניל והל תה ויסוצקי חווית הצאי 25שק,תה ויסוצקי,IL,צאי וניל הל 25 גרם,גרמים,25.00,100 גרם,false,1,19.90,79.6000,true,1,54046
7290019232384,false,צאי מוקה תה ויסוצקי חווית הצאי 25שק,תה ויסוצקי,IL,צאי מוקה 25 גרם,גרמים,25.00,100 גרם,false,1,19.90,79.6000,true,1,54047
7290019232834,false,פליפז בייגלה מצופה קרם עוגיות ושוקולד מקוויטיס 140 גרם,אולקר מקבוצת פלאדיס,TR,בייגלה מצופה קרם עוגיות ושוקולד 140 גרם,גרמים,140.00,100 גרם,false,1,9.90,7.0714,true,1,53126
7290019233008,false,רוטב עגבניות עם קוביות ארטישוק ושמן זית 420ג ויסוצקי,דליציה דורה אס.אר.אל,IT,שקשוקה ארטישוק רוטב עגבניות עם קוביות 420 גרם,גרמים,420.00,100 גרם,false,1,13.90,3.3095,true,1,53542
7290019233015,false,רוטב שקשוקה תבשיל ירקות עם שמן זית כתית מעולה 420ג זיתא,זיתא,IT,שקשוקה ירוקה תבשיל ירקות 420 גרם,גרמים,420.00,100 גרם,false,1,13.90,3.3095,true,1,53541
7290019233039,false,שקשוקה קלאסית- רוטב עגבניות עם קוביות פלפלים צלויים,דליציה דורה אס.אר.אל,IT,שקשוקה קלאסית רוטב עגבניות עם קוביות פלפלים צלויים,גרמים,420.00,100 גרם,false,1,13.90,3.3095,true,1,53543
7290019233046,false,זית קלמטה בלונד מרינד עם שמן זית 215 גרם,זיתא - י.ט.ב תעשיות,IL,זית קלמטה בלונד קלמטה מרינד זיתא 215 גרם,גרמים,215.00,100 גרם,false,1,14.90,6.9302,true,1,52490
7290019297239,false,צימוק חום 250 גרם ששון הקולה,"דין שיווק וקלייה בע""",,צימוק כהה 330 גרם,גרמים,330.00,100 גרם,false,1,14.90,4.5152,true,1,52046
7290019297550,false,בוטנים מטוגנים בקופסא 185 גרם,קריניציה ויטמינה אס,IL,בוטנים מטוגנים,גרמים,185.00,100 גרם,false,1,9.90,5.3514,true,1,28504
7290019297628,false,שקד טבעי בשקית ששון הקולה 150 גרם,"דין שיווק וקלייה בע""",IL,שקד טבעי 150 גרם,גרמים,150.00,100 גרם,false,1,18.90,12.6000,true,1,51481
7290019297635,false,שקד קלויים 150 גרם ששון הקולה,"דין שיווק וקלייה בע""",IL,שקדים קלויים ששון הקולה 150 גרם,גרמים,150.00,100 גרם,false,1,21.90,14.6000,true,1,51482
7290019391005,false,אורז לבן - פיקס,,IL,אורז לבן - פיקס,גרמים,250.00,100 גרם,false,1,14.00,5.6000,true,1,53466
7290019391012,false,מלבי שמנת - המלביה,,IL,מלבי שמנת - המלביה,גרמים,350.00,100 גרם,false,1,35.00,10.0000,true,1,53491
7290019391029,false,נקניקיות ילדים -חוות,,IL,נקניקיות ילדים -חוות צוק,גרמים,300.00,100 גרם,false,1,29.00,9.6667,true,1,53490
7290019391036,false,מרק כתום 300גרם,,,מרק כתום 300גרם,גרמים,300.00,100 גרם,false,1,26.00,8.6667,true,1,54408
7290019391050,false,תפוא זעירים - פיקס,,IL,תפוא זעירים - פיקס,גרמים,250.00,100 גרם,false,1,15.00,6.0000,true,1,53471
7290019391067,false,עוגת יומהולדת - נו נ,,IL,עוגת יומהולדת - נו נו נו,גרמים,350.00,100 גרם,false,1,35.00,10.0000,true,1,53493
7290019391074,false,נקניקיות צפון אפריקא,,IL,נקניקיות צפון אפריקאיות- קצביה בשנקין,גרמים,300.00,100 גרם,false,1,29.00,9.6667,true,1,53486
7290019391081,false,מרק אפונה ונענע 300ר,,,מרק אפונה ונענע 300רם,גרמים,300.00,100 גרם,false,1,26.00,8.6667,true,1,54409
7290019391104,false,קציצות עוף ברוטב עגב,,IL,קציצות עוף ברוטב עגבניות -המטבחון,גרמים,250.00,100 גרם,false,1,34.00,13.6000,true,1,53461
7290019391111,false,שוקולד מלח ים -פיקס/,,IL,שוקולד מלח ים -פיקס/בוזה,גרמים,350.00,100 גרם,false,1,35.00,10.0000,true,1,53494
7290019391128,false,קבב רומני - קצביה בש,,IL,קבב רומני - קצביה בשינקין,גרמים,300.00,100 גרם,false,1,32.00,10.6667,true,1,53485
7290019391135,false,מרק עדשים וירקות שור,,,מרק עדשים וירקות שורש 300גרם,גרמים,300.00,100 גרם,false,1,26.00,8.6667,true,1,54410
7290019391159,false,אורז ירקות - דה סטרי,,IL,אורז ירקות - דה סטריטס,גרמים,250.00,100 גרם,false,1,25.00,10.0000,true,1,53468
7290019391166,false,מסקרפונה אמרנה- פיקס,,IL,מסקרפונה אמרנה- פיקס/ בוזה,גרמים,350.00,100 גרם,false,1,35.00,10.0000,true,1,53495
7290019391173,false,אזמה - אריא,,IL,אזמה - אריא,גרמים,180.00,100 גרם,false,1,19.00,10.5556,true,1,53455
7290019391203,false,לביבות כרובית - דה ס,,IL,לביבות כרובית - דה סטריטס,גרמים,220.00,100 גרם,false,1,36.00,16.3636,true,1,53463
7290019391227,false,תערובת איטלקית - ט,,IL,תערובת איטלקית - טימותי,גרמים,200.00,100 גרם,false,1,29.00,14.5000,true,1,53473
7290019391258,false,סלט עדשים שחורים ויר,,IL,סלט עדשים שחורים וירקות - סון רון,גרמים,250.00,100 גרם,false,1,28.00,11.2000,true,1,53470
7290019391265,false,בננה שוקולד קוקוס(טב,,IL,בננה שוקולד קוקוס(טבעוני) - פיקס/בוזה,גרמים,350.00,100 גרם,false,1,35.00,10.0000,true,1,53496
7290019391272,false,תערובת שטרן - קפה בש,,IL,תערובת שטרן - קפה בשוק,גרמים,200.00,100 גרם,false,1,29.00,14.5000,true,1,53474
7290019391289,false,מרק חרירה 300גרם,,,מרק חרירה 300גרם,גרמים,300.00,100 גרם,false,1,26.00,8.6667,true,1,54411
7290019391302,false,טונה טוניסאית - אריא,,IL,טונה טוניסאית - אריא,גרמים,160.00,100 גרם,false,1,24.00,15.0000,true,1,53454
7290019391319,false,סמאש בורגר -חוות צוק,,IL,סמאש בורגר -חוות צוק,גרמים,320.00,100 גרם,false,1,33.00,10.3125,true,1,53488
7290019391326,false,תערובת אלנבי דרום -,,IL,תערובת אלנבי דרום - אדמונד,גרמים,200.00,100 גרם,false,1,29.00,14.5000,true,1,53475
7290019391357,false,מוס סלמון -מאנטה רי,מאנטה רי,,מוס סלמון -מאנטה רי,גרמים,160.00,100 גרם,false,1,27.00,16.8750,true,1,53448
7290019391364,false,פילה סלמון+ אטריות א,,IL,פילה סלמון+ אטריות אורז - מאנטה רי,גרמים,320.00,100 גרם,false,1,49.00,15.3125,true,1,53456
7290019391371,false,פפואה ניו גינאה - טי,,IL,פפואה ניו גינאה - טימותי,גרמים,200.00,100 גרם,false,1,32.00,16.0000,true,1,53476
7290019391418,false,"שיפודי פרגית+ תפו""א-",,IL,"שיפודי פרגית+ תפו""א- סון רון",גרמים,300.00,100 גרם,false,1,46.00,15.3333,true,1,53458
7290019391425,false,אתיופיה - טימותי,,IL,אתיופיה - טימותי,גרמים,200.00,100 גרם,false,1,32.00,16.0000,true,1,53477
7290019391456,false,מטבוחה -המטבחון,,IL,מטבוחה -המטבחון,גרמים,180.00,100 גרם,false,1,22.00,12.2222,true,1,53453
7290019391463,false,פד קא פאו +אורז תאלי,,IL,פד קא פאו +אורז תאלינדי - תאלינדית בהר ס,גרמים,320.00,100 גרם,false,1,44.00,13.7500,true,1,53457
7290019391470,false,צמרת מוקה - קפה בשוק,,IL,צמרת מוקה - קפה בשוק,גרמים,200.00,100 גרם,false,1,29.00,14.5000,true,1,53478
7290019391500,false,פריקי גלילי - אוזריה,,IL,פריקי גלילי - אוזריה,גרמים,250.00,100 גרם,false,1,25.00,10.0000,true,1,53467
7290019391517,false,ירקות קלויים - דלידה,,IL,ירקות קלויים - דלידה,גרמים,250.00,100 גרם,false,1,22.00,8.8000,true,1,53472
7290019391524,false,תערובת גן מאיר -קפה,,,תערובת גן מאיר -קפה בשוק,גרמים,200.00,100 גרם,false,1,28.00,14.0000,true,1,53555
7290019391555,false,קארי ירקות כתומים וט,,IL,קארי ירקות כתומים וטופו - באנה,גרמים,250.00,100 גרם,false,1,32.00,12.8000,true,1,53462
7290019391562,false,קציצות בקר -דלידה,,IL,קציצות בקר -דלידה,גרמים,250.00,100 גרם,false,1,34.00,13.6000,true,1,53460
7290019391616,false,קינואה עדשים ירוקים,,IL,קינואה עדשים ירוקים - באנה,גרמים,250.00,100 גרם,false,1,28.00,11.2000,true,1,53469
7290019391623,false,רביולי ארטישוק ירושל,,,רביולי ארטישוק ירושלמי 250גרם,גרמים,250.00,100 גרם,false,1,36.00,14.4000,true,1,54412
7290019391654,false,פסטה בולונז -אמורה מ,,IL,פסטה בולונז -אמורה מיו,גרמים,300.00,100 גרם,false,1,39.00,13.0000,true,1,53459
7290019391678,false,כדורי מוצרלה ותפוח א,,,כדורי מוצרלה ותפוח אדמה 300גרם,גרמים,300.00,100 גרם,false,1,39.00,13.0000,true,1,54413
7290019391708,false,ניוקי סלק - פיקס,,IL,ניוקי סלק - פיקס,גרמים,300.00,100 גרם,false,1,32.00,10.6667,true,1,53482
7290019391715,false,אחו בלאנקו - אוזריה,אוזריה,,אחו בלאנקו - אוזריה,גרמים,160.00,100 גרם,false,1,26.00,16.2500,true,1,53450
7290019391753,false,פסטה טאליאטלה -אמורה,,IL,פסטה טאליאטלה -אמורה מיו,גרמים,300.00,100 גרם,false,1,24.00,8.0000,true,1,53481
7290019391760,false,סלט ביצים -דלידה,מאנטה רי,,סלט ביצים -דלידה,גרמים,180.00,100 גרם,false,1,24.00,13.3333,true,1,53451
7290019391807,false,ניוקי - אמורה מיו,,IL,ניוקי - אמורה מיו,גרמים,300.00,100 גרם,false,1,29.00,9.6667,true,1,53483
7290019391814,false,כבד קצוץ - חוות צוק,,IL,כבד קצוץ - חוות צוק,גרמים,160.00,100 גרם,false,1,26.00,16.2500,true,1,53452
7290019391852,false,רביולי דלעת שקדים-אמ,,IL,רביולי דלעת שקדים-אמורה מיו,גרמים,250.00,100 גרם,false,1,36.00,14.4000,true,1,53479
7290019391869,false,רביולי גבינות - דליד,,IL,רביולי גבינות - דלידה,גרמים,300.00,100 גרם,false,1,34.00,11.3333,true,1,53480
7290019391906,false,סהרונים תרד וגבינות,,IL,סהרונים תרד וגבינות - אריא,גרמים,250.00,100 גרם,false,1,44.00,17.6000,true,1,53484
7290019391913,false,קבב טלה - חוות צוק,,IL,קבב טלה - חוות צוק,גרמים,300.00,100 גרם,false,1,32.00,10.6667,true,1,53487
7290019391951,false,טירמיסו - אמורה מיו,,IL,טירמיסו - אמורה מיו,גרמים,350.00,100 גרם,false,1,35.00,10.0000,true,1,53492
7290019391968,false,אבועגלה מרגז -חוות צ,,IL,אבועגלה מרגז -חוות צוק,גרמים,300.00,100 גרם,false,1,29.00,9.6667,true,1,53489
7290019443124,false,"בירה נגב אואזיס 330 מ""ל",הכרם משקאות חריפים בעמ,IL,"נגב, אואזיס, בירה, 330 מל",מיליליטרים,330.00,"100 מ""ל",false,1,15.90,4.8182,true,1,53593
7290067642005,false,"בירה גולדסטאר SLOWBREW בקבוק 10% 330 מ""ל",טמפו,IL,גולדסטאר 10% בירה לאגר חזקה מאוד,מיליליטרים,330.00,"100 מ""ל",false,1,9.90,3.0000,true,1,35966
7290100240632,false,קרקר פתית 200-300ג' 6 דגנים 250 גרם,יוניליוור ישראל מזון בע\,IL,פתיתי 6 דגנים קרקר פריך מ6 דגנים,גרמים,250.00,100 גרם,false,1,20.90,8.3600,true,1,22587
7290100240656,false,"פתית שיפון בד""צ חדש 300X24 גר'",יוניליוור ישראל מזון בע\,IL,פתית שיפון קרקר פריך משיפון ללא תוספת מלח וסוכר,גרמים,300.00,100 גרם,false,1,20.90,6.9667,true,1,23162
7290100243671,false,"מרכך כביסה מרוכז אקסטרה כחול בדין 960 מ""ל",יוניליוור סנאיי וי טיקאר,TR,בדין מרכך כביסה מרוכז בדין אקסטרה כחול 960 מל,מיליליטרים,960.00,"100 מ""ל",false,1,22.90,2.3854,true,1,19229
7290100412701,false,"תחליב גוף קלאסיק מאסק דר עור 400 מ""ל","אמיליה קוסמטיקס בע""מ",IL,"DOCTOR OR, תחליב גוף קלאסי בניחוח מאסק, 400 מל",לא מנהל יחידת מידה,0.00,לא מנהל יחידת מידה,false,1,34.90,0.0000,true,1,41044
7290100412749,false,"תרחיץ פנים לעור יבש וילד פלאור דר עור 150 מ""ל",אמיליה קוסמטיקס בעמ,IL,דר עור תרחיץ פנים לעור יבש פרחי בר,לא מנהל יחידת מידה,0.00,לא מנהל יחידת מידה,false,1,26.90,0.0000,true,1,41047
7290100653586,false,"דאודורנט ג'ל פרש פיוזן 24/7 ליידי ספיד סטיק 65 מ""ל",ליידי ספיד סטיק Lady Speed Stick,US,דאודורנט ליידי ספיד סטיק 24/7 גל פרש פיוזן 65 גרם,גרמים,65.00,100 גרם,false,1,19.90,30.6154,true,1,8006
7290100658338,false,"נוזל לניקוי כלים אוקסי פלוס פלמוליב 750 מ""ל",הנסיך- מפעל לייצור ט,GR,פלמוליב נוזל לניקוי כלים אוקסי פלוס(כחול) 750 מל,מיליליטרים,750.00,"100 מ""ל",false,1,12.90,1.7200,true,1,7884
7290100659090,false,פרי חטיפים ללא גלוטן ותוספת סוכר מארז 5 תמרים וקינמון,טבעית מוצרים מן הטבע בעמ,IL,FRמאגדת חטיף דגנים תמרים וקינמון 100גרם,גרמים,100.00,100 גרם,false,1,17.50,17.5000,true,1,3233
7290100680650,false,מנה חמה נודלס-אטריות ירקות טעם תאילנדי אסם 76 ג',PUB FOODS PRESIDENT THAI,TH,מנה חמה נודל.+ירקות תאילנדי6 6*76גרם,גרמים,76.00,100 גרם,false,1,7.90,10.3947,true,1,7081
7290100680667,false,מנה חמה נודלס בסגנון סצ'ואן אסם 76 גרם,PUB FOODS PRESIDENT THAI,TH,מנה חמה נודלס+ירקות ט.סצ'ואן6 6*76גרם,גרמים,76.00,100 גרם,false,1,7.90,10.3947,true,1,7082
7290100681503,false,עסיס לימונענע דיאט סירופ 1 ליטר,בית-השיטה עסיס תעשיות מז,IL,עסיס לימונענע דיאט 12*1ליטר,ליטרים,1.00,ליטר,false,1,21.90,21.9000,true,1,7819
7290100685334,false,אבקת מרק עוף אמיתי בשרי רכיבים טבעיים אסם 400 גרם,"אסם השקעות בע""\מ",IL,אסם מרק עוף רכיבים טבעיים בדצ6*400גרם,גרמים,400.00,100 גרם,false,1,29.90,7.4750,true,1,8270
7290100685341,false,אבקת מרק טעם עוף זך רכיבים טבעיים אסם 400 גרם,"אסם השקעות בע""\מ",IL,אסם מרק זך טעם עוף רכיבים טבעים 6*400ג,גרמים,400.00,100 גרם,false,1,19.90,4.9750,true,1,7090
7290100685938,false,עוגת הבית דבש ותפוח עץ עם פירורים 400 גר,"אסם תעשיות בע""מ",IL,הבית עוגת דבש ותפוח עץ 8*400גרם,גרמים,400.00,100 גרם,false,1,21.90,5.4750,true,1,33898
7290100687109,false,במבה במילוי קרם נוגט 60ג' אסם,"אסם השקעות בע""\מ",IL,במבה במילוי נוגט 60 גרם,גרמים,60.00,100 גרם,false,1,4.90,8.1667,true,1,16094
7290100700020,false,סוגת גריסי פנינה 500 גרם,האי נאם סי או אל.טי.,IL,גריסי פנינה 500 גרם,גרמים,500.00,100 גרם,false,1,6.50,1.3000,true,1,15176
7290100700273,false,קינואה לבנה 500 ג סו,האי נאם סי או אל.טי.,IL,קינואה 500 גרם,גרמים,500.00,100 גרם,false,1,16.90,3.3800,true,1,20344
7290100700372,false,"סוגת אורז בסמטי מלא 1 ק""ג",האי נאם סי או אל.טי.,IL,אורז בסמטי מלא 1 קג,קילוגרמים,1.00,"ק""ג",false,1,16.90,16.9000,true,1,20560
7290100700396,false,"סוגת אורז יסמין קלאסי 1 ק""ג",האי נאם סי או אל.טי.,IL,אורז יסמין קלאסי,קילוגרמים,1.00,"ק""ג",false,1,14.90,14.9000,true,1,28891
7290100700587,false,"בורגול ""סוגת"" 500 גרם",האי נאם סי או אל.טי.,IL,בורגול 500 גרם,גרמים,500.00,100 גרם,false,1,6.50,1.3000,true,1,22833
7290100701331,false,קמח רב תכליתי שטיבל קמח חיטה לבן בהיר,"שטיבל בע""\מ - טחנות קמח",IL,קמח רב תכליתי +1,קילוגרמים,1.00,"ק""ג",false,1,8.90,8.9000,true,1,30918
7290100703007,false,"עדשים שחורות בלוגה 500 גרם ""סוגת""",האי נאם סי או אל.טי.,IL,עדשים שחורות בלוגה,גרמים,500.00,100 גרם,false,1,9.90,1.9800,true,1,40537
7290100704141,false,סודה לשתייה 100 ג' סוגת,א.ל. ייצור ושיווק תב,IL,סודה לשתיה 100 גרם,גרמים,100.00,100 גרם,false,1,3.50,3.5000,true,1,40549
7290100704660,false,"קינואה מיקס סוגת, 500 גרם","סוגת תעשיות בע""\מ",IL,קינואה מיקס סוגת 500גרם,גרמים,500.00,100 גרם,false,1,16.90,3.3800,true,1,51468
7290100850909,false,דוריטוס נאצ'ו מקסיקני 70 גרם,"שטראוס פריטו ליי בע""\מ",IL,דוריטוס נאצו 70 גרם,גרמים,70.00,100 גרם,false,1,5.50,7.8571,true,1,49395
7290100850916,false,דוריטוס חמוץ חריף מעודן 70 גרם כשר לפסח,"שטראוס פריטו ליי בע""\מ )",IL,דוריטוס חמוץ חריף 70 גר 48 יח,גרמים,70.00,100 גרם,false,1,5.50,7.8571,true,1,30247
7290100850923,false,דוריטוס בטעם גריל 70 גרם,"שטראוס פריטו ליי בע""\מ )",IL,דוריטוס גריל 70 גר 48 יח,גרמים,70.00,100 גרם,false,1,5.50,7.8571,true,1,30248
7290100850930,false,דוריטוס בטעם טבעי 70 גרם,"שטראוס פריטו ליי בע""\מ )",IL,דוריטוס טבעי 70 גר 48 יח,גרמים,70.00,100 גרם,false,1,5.50,7.8571,true,1,30249
7290100858592,false,אבקת קקאו עלית שקית 150 ג',הנסיך- מפעל לייצור ט,IL,שקית קקאו 150גרם/20שק/150גר,גרמים,150.00,100 גרם,false,1,11.90,7.9333,true,1,3737
7290101113386,false,מאגדת יוגורט סורבה מנגו,פלקו בעמ,IL,מאגדת 1/5גלידה יופלה פריזי סורבה מנגו350,גרמים,350.00,100 גרם,false,1,26.90,7.6857,true,1,45690
7290101113393,false,גלידה יופלה פריזי יוגורט פירות יער מאגדת 400 ג',הגלידות של פלדמן,IL,יופלה מיקס יוגורט פירות יער 5 350 גרם,גרמים,350.00,100 גרם,false,1,0.00,0.0000,true,1,45686
7290101453888,false,נר מספר - 1 (1X12X60),סודי,CN,נר מספר 1,Unknown,0.00,Unknown,false,1,3.50,0.0000,true,1,31456
7290101453918,false,נר מספר - 4 (1X12X60),סודי,CN,נר מספר 4,Unknown,0.00,Unknown,false,1,3.50,0.0000,true,1,31459
7290101453956,false,נר מספר - 8 (1X12X60),סודי,CN,נר מספר 8,Unknown,0.00,Unknown,false,1,3.50,0.0000,true,1,31463
7290101453963,false,נר מספר - 9 (1X12X60),סודי,CN,נר מספר 9,Unknown,0.00,Unknown,false,1,3.50,0.0000,true,1,31464
7290101454151,false,נרות ג'מבו כוכבים - סמי הכבאי,סודי,IL,"נרות ג""מבו כוכבים סמי הכבאי",יחידה,1.00,יחידה,false,1,6.80,6.8000,true,1,31432
7290101486688,false,חטיף דגנים עם שוקולד ללא גלוטן וסוכר פרי 5*20 גרם,טבעית מוצרים מן הטבע בעמ,IL,FREEמאגדת חטיף דגנים עם שוקולד 100 גרם,גרמים,100.00,100 גרם,false,1,17.90,17.9000,true,1,7955
7290101488286,false,"ליידי ספיד סטיק - דאודורנט ספריי לאישה 24/7 פרש פיוזן ורוד 150 מ""ל",ליידי ספיד סטיק Lady Speed Stick,RU,דאודורנט ספרי ל.ספיד ורוד פרש פיוזן150 מ,מיליליטרים,150.00,"100 מ""ל",false,1,23.90,15.9333,true,1,19635
7290101488316,false,ליידי ספיד סטיק - דאודורנט סטיק לאישה ללא סימן ורוד סטיק 65 גרם,ליידי ספיד סטיק Lady Speed Stick,US,דאודורנט ליידי ספיד סטיק ללא סימן שאוור פרש 65 גרם,מיליליטרים,65.00,"100 מ""ל",false,1,19.90,30.6154,true,1,16796
7290101551027,false,קפסולות קפה אספרסו חזק במיוחד 14 עלית 10 יח',הנסיך- מפעל לייצור ט,IL,קפסולות קפה אספרסו 14,גרמים,50.00,100 גרם,false,1,18.90,37.8000,true,1,41108
7290101551300,false,סילאן טבעי ללא תוספת סוכר בקבוק לחיץ,מכוורת יד מרדכי שטראוס ב,IL,סילאן טבעי לחיץ 380 גרם,גרמים,380.00,100 גרם,false,1,18.90,4.9737,true,1,40805
7290101551539,true,דנונה פרו 20 גרם בטע,"שטראוס בריאות בע""מ",IL,דנונה פרו 20 גר אפרסק 0% שומן,גרמים,200.00,100 גרם,false,1,6.50,3.2500,true,1,40182
7290101863410,false,"סיליט באנג ספריי ניקוי עוצמתי מכיל אקונומיקה 750 מ""ל",סיליט באנג Cillit Bang,PL,"סיליט באנג אקונומיקה 750 מ""ל",מיליליטרים,750.00,"100 מ""ל",false,1,16.90,2.2533,true,1,23083
7290101864127,false,"ספריי להסרת כתמים 750 מ""ל וניש קליה",קליה וניש Kalia Vanish,IL,"ספריי מסיר כתמים וניש קליה 750 מ""ל",מיליליטרים,750.00,"100 מ""ל",false,1,19.90,2.6533,true,1,26429
7290101865261,false,"פיניש נוזל הברקה למדיח 800 מ""ל",רקיט בנקיזר,PL,"פיניש נוזל הברקה למדיח 800 מ""ל",מיליליטרים,800.00,"100 מ""ל",false,1,22.90,2.8625,true,1,26434
7290101866633,false,וניש קליה גל להסרת כתמים 3 ליטר אוקסיפרש,קליה וניש Kalia Vanish,IL,"ג""ל להסרת כתמים קליה וניש 3 ליטר",ליטרים,3.00,ליטר,false,1,27.90,9.3000,true,1,32563
7290101999553,false,נרות גמבו כוכבים דו,סודי,,נרות גמבו כוכבים דורה,Unknown,0.00,Unknown,false,1,6.80,0.0000,true,1,31430
7290101999614,false,"נרות ג""מבו כוכבים פו",סודי,,"נרות ג""מבו כוכבים פו הדב",מיליליטרים,0.00,"100 מ""ל",false,1,6.80,0.0000,true,1,31433
7290102004256,false,סט משאבה עם בלונים ו,גמר,,סט משאבה עם בלונים ווינקס,Unknown,0.00,Unknown,false,1,19.00,0.0000,true,1,31425
7290102030330,false,תפוצ'יפס קראנצ' בטעם מקסיקני 200 גרם,"שטראוס פריטו ליי בע""\מ )",IL,תפו קראנצ מקסיקני 200 גר 12 יח - שמיטה,גרמים,200.00,100 גרם,false,1,11.90,5.9500,true,1,21458
7290102060764,false,מרידול מברשת שיניים אריזת זוג,יבואן ומשווק: ש. שסט,CH,מרידול זוג מברשות שיניים עדין 2 יחידות,Unknown,0.00,Unknown,false,1,33.90,0.0000,true,1,52867
7290102300815,false,"גבינת צ'דר אנגלית כתומה פרוס, 200 גרם",שבינגטון,GB,צדר כתום פרוס 200גרם,גרמים,200.00,100 גרם,false,1,29.90,14.9500,true,1,52327
7290102300822,false,גבינה צ'דר אנגלית כתומה 200 גרם,דאולי צ'יסמייקרס,GB,גבינת צדר אנגלית כתומה 200 גרם נני,גרמים,200.00,100 גרם,false,1,27.90,13.9500,true,1,29848
7290102300853,false,גבינת צדר לבנה פרוסה,מיוצר עי קונדיטוריית,,"גבינת צ""דר לבן פרוס 200 גר נני",גרמים,200.00,100 גרם,false,1,32.90,16.4500,true,1,41528
7290102300860,false,"גבינת צ'דר אנגלית לבן, 200 גרם",דאוליי צ'יסמייקרס,GB,גבינת צדר אנגלית 200 גרם נני,גרמים,200.00,100 גרם,false,1,27.90,13.9500,true,1,29849
7290102302246,false,גבינת גאודה הולנדית 200 גרם,מיוצר עי קונדיטוריית,NL,גבינת גאודה נני 200 גרם,גרמים,200.00,100 גרם,false,1,27.90,13.9500,true,1,38312
7290102302840,false,גבינת גאודה עיזים פרוסה נני 150 גרם,מיוצר עי קונדיטוריית,NL,גבינת גאודה עיזים פרוסה של נני 150 גרם,גרמים,150.00,100 גרם,false,1,34.90,23.2667,true,1,45375
7290102302864,false,גבינה הולנדית עם פסטו ירוק 34%,הנרי ויליך Henri Willig,NL,גאודה פסטו ירוק 200 גרם,גרמים,200.00,100 גרם,false,1,36.90,18.4500,true,1,45377
7290102302888,false,גבינת גאודה כמון 200 גרם,מיוצר עי קונדיטוריית,NL,גאודה כמון 200 גרם,גרמים,200.00,100 גרם,false,1,33.90,16.9500,true,1,45379
7290102303977,false,גוש טונה בשמן זית רוברט 140 גרם,קונסרבס פורטוגל נורטה,PT,טונה בהירה בשמן זית רוברט 140גרם,גרמים,140.00,100 גרם,false,1,11.90,8.5000,true,1,53947
7290102303984,false,גוש טונה במים רוברט 140 גרם,קונסרבס פורטוגל נורטה,PT,טונה בהירה במים רוברט 140גרם,גרמים,140.00,100 גרם,false,1,11.90,8.5000,true,1,53948
7290102304721,false,גבינת טרמנדס כמהין 1,הנרי ויליך,NL,גבינת טרמנדס כמהין 180 גרם,גרמים,180.00,100 גרם,false,1,49.90,27.7222,true,1,52932
7290102304738,false,גבינת פיור פרפקשיין,הנרי ויליך,NL,גבינת פיור פרפקשיין 180 גרם,גרמים,180.00,100 גרם,false,1,49.90,27.7222,true,1,52933
7290102304769,false,גבינת מימולט מיושנת,איסיני סנט מור,FR,גבינת מימולט מיושנת 210 גרם,גרמים,210.00,100 גרם,false,1,43.90,20.9048,true,1,52935
7290102390427,false,יוגורט ביו עם קציפת תות 3% שומן 150 ג' מולר,מולר Muller,IL,יוגורט מולר פרופ תות 150 גרם,גרמים,150.00,100 גרם,false,1,5.90,3.9333,true,1,14851
7290102390465,false,יוגורט ביו עם קציפת אפרסק ופסיפלורה 3% שומן 150 ג' מולר,מולר Muller,IL,יוגורט מולר פרופ אפרסק פסיפלורה 150 גרם,גרמים,150.00,100 גרם,false,1,5.90,3.9333,true,1,14854
7290102390489,false,יוגורט ביו עם קציפת לימון 3% שומן 150 ג' מולר,מולר Muller,IL,יוגורט מולר פרופ לימון 150 גרם,גרמים,150.00,100 גרם,false,1,5.90,3.9333,true,1,14856
7290102391844,false,יוגורט ביו עם קציפת פירות יער3% שומן 150 ג' מולר,מולר Muller,IL,יוגורט מולר פרופ פירות יער 150 גרם,גרמים,150.00,100 גרם,false,1,5.90,3.9333,true,1,18021
7290102392094,false,חלב עיזים 3.7% בקרטון משק צוריאל 1 ליטר,מילקו תעשיות בעמ,IL,חלב עיזים בקרטון 1 ליטר,ליטרים,1.00,ליטר,false,1,18.90,18.9000,true,1,22257
7290102392728,false,יוגורט ביו ביאנקו 2.8% מולר 200 גרם,"טרה, פארק תעשיות בע""",IL,"מולייר, יוגורט bio 2.8% שומן",גרמים,200.00,100 גרם,false,1,4.50,2.2500,true,1,20738
7290102393039,false,"יוגורט ביו קרמי מיקס פצפוצי שוקולד 7.6% מולר 170 מ""ל",קריות זול,IL,יוגורט מולר מיקס פצפוצי שוקולד 170 גרם,גרמים,170.00,100 גרם,false,1,6.50,3.8235,true,1,21237
7290102393060,false,"יוגורט ביו קרמי מיקס גלילי ופל ואגוזים 5.9% מולר 170 מ""ל",קריות זול,IL,Muller mix גליליות קרם אגוזים,גרמים,170.00,100 גרם,false,1,6.50,3.8235,true,1,21238
7290102393169,false,"יוגורט סימפלי פרוט בטעם תות 3% מולר 150 מ""ל",מולר Muller,IL,מולר יוגורט ביו עם תות שדה 3% שומן 150 גרם,גרמים,150.00,100 גרם,false,1,6.00,4.0000,true,1,22574
7290102393176,false,סימפלי פרוט יוגורט אפרסק 3% שומן 150 ג' מולר,מילקו תעשיות בעמ,IL,יוגורט מולר סימפלי פרוט אפרסק 3% 150 גרם,גרמים,150.00,100 גרם,false,1,6.00,4.0000,true,1,22575
7290102393190,false,"יוגורט סימפלי פרוט בטעם פירות יער 3% מולר 150 מ""ל",מילקו תעשיות בעמ,IL,Muller Simply fruit יוגורט BIO פירות יער,גרמים,150.00,100 גרם,false,1,6.00,4.0000,true,1,22577
7290102393848,false,יוגורט עיזים 2.4% עם תות משק צוריאל 150 גרם,מחלבת משק צוריאל,IL,יוגורט עיזים עם תות,גרמים,150.00,100 גרם,false,1,7.90,5.2667,true,1,23491
7290102393855,false,יוגורט עיזים 2.5% עם אפרסק משק צוריאל 150 גרם,מחלבת משק צוריאל,IL,יוגורט עיזים אפרסק 150 גרם צוריאל,גרמים,150.00,100 גרם,false,1,7.90,5.2667,true,1,23492
7290102393947,false,סימפלי פרוט יוגורט בטעם קיווי 3% שומן 150 ג' מולר,מילקו תעשיות בעמ,IL,יוגורט מולר סימפלי פרוט קיווי 3% 150 גרם,גרמים,150.00,100 גרם,false,1,6.00,4.0000,true,1,23522
7290102394081,false,"יוגורט ביו קרמי מיקס קורנפלקס מצופה שוקולד מולר 170 מ""ל",מילקו תעשייה בעמ,IL,Muller mix קורנפלקס מצופה,גרמים,170.00,100 גרם,false,1,6.50,3.8235,true,1,23524
7290102394258,false,גליל גבינת עיזים מה עז 9% משק צוריאל 180 גרם,מחלבת משק צוריאל,IL,משק צוריאל מה-עז מחלב עיזים 9% שומן 180 גרם,גרמים,180.00,100 גרם,false,1,25.90,14.3889,true,1,26117
7290102394463,false,נעם גבינה צהובה פרוסה ואקום 28% טרה 500 גרם,Unknown,IL,"גבנצ 28% ואקום 500 ג' בד""צ",גרמים,500.00,100 גרם,false,1,30.90,6.1800,true,1,28724
7290102394821,false,נעם גבינה צהובה פרוסה 28% טרה 200 גרם,מילקו תעשיות בעמ,IL,גבנצ 28% דק דק 200 ג',גרמים,200.00,100 גרם,false,1,18.90,9.4500,true,1,24675
7290102394845,false,נעם גבינה צהובה לייט פרוסה דק דק 9% טרה 200 גרם,מילקו תעשיות בעמ,IL,גבינה צהובה דק דק 9% נעם 200 גרם,גרמים,200.00,100 גרם,false,1,18.90,9.4500,true,1,26514
7290102396665,false,נעם גבינה צהובה דק דק 15% טרה 200 גרם,מילקו תעשיות בעמ,IL,גבנצ 15% דק דק 200 ג',גרמים,200.00,100 גרם,false,1,18.90,9.4500,true,1,31799
7290102396719,false,יוגורט סימפלי תות 0% מולר 150 גרם,מולר Muller,IL,יוגורט BIO עם חתיכת פרי,גרמים,150.00,100 גרם,false,1,6.00,4.0000,true,1,28833
7290102396733,false,יוגורט0%סימפלי פ.יער150ג,מילקו תעשיות בעמ,IL,יוגורט BIO עם פירות יער 0% שומן,גרמים,150.00,100 גרם,false,1,6.00,4.0000,true,1,52666
7290102397204,false,"גבנ""צ דק דק נעם פתיחה חוזרת 22% 200 גרם",מילקו תעשיות בעמ,IL,גבנצ 22% דק דק 200 ג',גרמים,200.00,100 גרם,false,1,18.90,9.4500,true,1,31800
7290102397464,false,יוגורט ביו בתוספת גרעינים אגוזים וחמוציות 170 ג' מולר,מולר Muller,IL,מולר ביאנקו פלוס + פקאן וגרעינים,גרמים,168.00,100 גרם,false,1,6.50,3.8690,true,1,35924
7290102397600,false,מיקס יוגורט בתוספת שקדים ובוטנים מקורמלים 170 ג' מולר,מילקו תעשייה בעמ,IL,Muller mix שקדים ובוטנים בקרמל,גרמים,168.00,100 גרם,false,1,6.50,3.8690,true,1,33707
7290102397617,false,יוגורט ביו קרמי עם כדורים מצופים שוקולד חום לבן,מולר Muller,IL,Muller mix כדורי דגנים בציפוי שוקולד,גרמים,168.00,100 גרם,false,1,6.50,3.8690,true,1,33708
7290102397730,false,פרוסות גבינה אמנטל חצי קשה 30% שומן 200 ג' נעם,Unknown,IL,טרה נועם אמנטל פרוסות גבינה חצי קשה 30% 200 גרם,גרמים,200.00,100 גרם,false,1,19.90,9.9500,true,1,36557
7290102397747,false,פרוסות גבינת מוצרלה נעם מחלב בקר 22%,טרה,IL,"מוצרלה נעם 22% שומן, 200 גרם",גרמים,200.00,100 גרם,false,1,23.90,11.9500,true,1,37582
7290102397891,false,גבינה מותכת משק צוריאל 100 גרם,משק צוריאל,IL,גבינה מותכת 100 גרם צוריאל,גרמים,100.00,100 גרם,false,1,8.50,8.5000,true,1,51431
7290102398072,false,"חלב קרטון 3%-1 ליטר "" טרה"" -מוצר פיקוח",הפריט בפיקוח,IL,חלב בקרטון 1 ליטר 3% שומן,ליטרים,1.00,ליטר,false,1,6.23,6.2300,true,1,36853
7290102398294,false,יוגורט פרופ מנגו 150 גרם,Unknown,IL,מנגו 0.9% 150 גרם Muller Froop,גרמים,150.00,100 גרם,false,1,5.90,3.9333,true,1,37560
7290102398560,false,שוקו טרה מועשר בבקבוק 1 ליטר,מילקו תעשיות בעמ,IL,שוקו טרה מועשר בקבוק 1ליטר,ליטרים,1.00,ליטר,false,1,13.90,13.9000,true,1,39978
7290102398577,false,משקה חלב בטעם שוקו 2% בבקבוק אישי,מילקו תעשיות בעמ,IL,"שוקו250 מ""ל בקבוק",מיליליטרים,250.00,"100 מ""ל",false,1,6.90,2.7600,true,1,39981
7290102398614,false,משקה חלב בטעם בננה טרה 1 ליטר,מילקו תעשיות בעמ,IL,משקה חלב בטעם בננה 1 ליטר,ליטרים,1.00,ליטר,false,1,13.90,13.9000,true,1,39980
7290102398669,false,משקה חלב אייס קפוצ'ינו טרה 1 ליטר,מילקו תעשיות בעמ,IL,"אייס קפוצ'ינו 1 ליטר בד""צ",ליטרים,1.00,ליטר,false,1,13.90,13.9000,true,1,45566
7290102398782,false,משקה סויה קלאסי משק צוריאל 1 ליטר,מחלבת משק צוריאל,IT,משקה סויה קלאסי משק צוריאל,ליטרים,1.00,ליטר,false,1,12.90,12.9000,true,1,44513
7290102398799,false,משקה סויה במתיקות מופחתת משק צוריאל 1 ליטר,מחלבת משק צוריאל,IT,משקה סויה במתיקות מופחתת,ליטרים,1.00,ליטר,false,1,12.90,12.9000,true,1,44515
7290102399048,false,פרוסות גבינת קשקבל נעם 200 ג' טרה,מילקו,IL,קשקבל נעם פתיחה חוזרת - 200 גרם,גרמים,200.00,100 גרם,false,1,27.90,13.9500,true,1,41527
7290102399635,false,"מולר פרופ יוגורט ביו עם קציפת קוקוס ואננס 150 מ""ל",מולר Muller,IL,מולר פרופ TROPICAL קוקוס ואננס 3.9% שומן,גרמים,150.00,100 גרם,false,1,5.90,3.9333,true,1,45563
7290102399796,false,מעדן יוגורט לבן מועשר בחלבון 200 ג' מולר אקטיב,מולר Muller,IL,Muller Active יוגורט BIO מועשר חלבון,גרמים,200.00,100 גרם,false,1,6.90,3.4500,true,1,45559
7290102399802,false,יוגורט עם תות מולר אקטיב מועשר בחלבון 200 גר',מולר Muller,IL,Muller Active יוגורט תות מועשר חלבון 20 גרם,גרמים,200.00,100 גרם,false,1,6.90,3.4500,true,1,45562
7290102399819,false,יוגורט עם פירות יער מולר אקטיב מועשר בחלבון 200 גר',מולר Muller,IL,Muller Active יוגורט פירות יער מועשר חלבון 20 גרם,גרמים,200.00,100 גרם,false,1,6.90,3.4500,true,1,45561
7290103401429,false,קפה קצב ברזילאי אוריגינס 200 גר,הנסיך- מפעל לייצור ט,IL,פלטינום ברזילאי 200 גרם,גרמים,200.00,100 גרם,false,1,29.90,14.9500,true,1,19795
7290103408206,false,עלי חסה ערבית שטופים שטראוס 250 גרם,שטראוס בריאות ירקות טריי,IL,עלי חסה בקופסא250 גר שטופים שטראוס,גרמים,250.00,100 גרם,false,1,14.90,5.9600,true,1,21150
7290103681173,false,"יין הר קברנה סובניון יקבי תבור 750 מ""ל.",מיוצר על ידי יקב תבור,IL,הר קברנה סוביניון יין אדום יבש 2016 מל,מיליליטרים,750.00,"100 מ""ל",false,1,38.90,5.1867,true,1,40928
7290103681180,false,"יין הר מרלו מיתוג תנשמת 750 מ""ל",מיוצר על ידי יקב תבור,IL,הר מרלו 750 מל,מיליליטרים,750.00,"100 מ""ל",false,1,38.90,5.1867,true,1,40927
7290103681371,false,יין תבור מרלו 750 מל,מיוצר על ידי יקב תבור,IL,תבור מרלו 750 מל,מיליליטרים,750.00,"100 מ""ל",false,1,74.50,9.9333,true,1,40924
7290104061417,false,סלט חומוס עם טחינה אחלה 400 גרם,"שטראוס גרופ בע""\מ",IL,סלט חומוס וטחינה 400 גרם,גרמים,400.00,100 גרם,false,1,12.90,3.2250,true,1,20523
7290104061431,false,סלט חומוס עם צנובר אחלה 400 גרם,"שטראוס גרופ בע""\מ",IL,סלט חומוס וצנובר 400 גרם,גרמים,400.00,100 גרם,false,1,12.90,3.2250,true,1,20525
7290104061448,false,סלט חומוס עם חריף אחלה 400 גרם,מיוצר עי קונדיטוריית,IL,חומוס חריף 400 גרם,גרמים,400.00,100 גרם,false,1,12.90,3.2250,true,1,20526
7290104065934,false,עלי רוקט שטראוס 150 גרם,שטראוס בריאות ירקות טריי,IL,עלי רוקט 150 גרם שטופים שטראוס,גרמים,150.00,100 גרם,false,1,13.90,9.2667,true,1,21400
7290104067679,false,סלט טחינה אחלה 400גר,מיוצר עי קונדיטוריית,IL,טחינה 400,גרמים,400.00,100 גרם,false,1,12.90,3.2250,true,1,31998
7290104501661,false,אינסטנט פודינג בטעם וניל צרפתי אסם 80 גרם,מיוצר עי קונדיטוריית,IL,אסם פודינג בטעם וניל צרפתי 12*80גרם,גרמים,80.00,100 גרם,false,1,6.50,8.1250,true,1,22517
7290104503184,false,הבית עוגת שבת בראוניס טעם שוקולד ריבת חלב 380 גרם,מיוצר עי קונדיטוריית,IL,הבית עוגת שבת בראוניס ט.שקלד.ר.חלב8*380ג,גרמים,380.00,100 גרם,false,1,21.90,5.7632,true,1,24321
7290104508943,false,במבה חטיף בוטנים אסם 200 גרם,"אסם השקעות בע""\מ",IL,במבה קלאסי 200 גרם,גרמים,200.00,100 גרם,false,1,11.90,5.9500,true,1,33558
7290104570513,false,"תמר מג'הול 1 ק""ג-ארו",פרי וירק טמרה ושותפי,IL,"תמר מג""הול 1 ק""ג",קילוגרמים,1.00,"ק""ג",false,1,19.90,19.9000,true,1,40733
7290104722530,false,תפוצ'יפס בטעם שמנת בצל עלית 200 גרם,"שטראוס פריטו ליי בע""\מ )",IL,תפו שמנת בצל 200 גר 12 יח - שמיטה,גרמים,200.00,100 גרם,false,1,11.90,5.9500,true,1,24653
7290104728310,false,"שמנת מתוקה עמידה 38% שומן ""יטבתה"" -מוצר בפיקוח",שטראוס גרופ,IL,שמנת להקצפה 38% מהדרין,מיליליטרים,250.00,"100 מ""ל",false,1,6.47,2.5880,true,1,24673
7290104729003,false,"יד מרדכי - שמן זית כתית מעולה 2 קלאסי 750 מ""ל",מכוורת יד מרדכי שטרא,IL,שמן זית כתית מעולה יד מרדכי,מיליליטרים,750.00,"100 מ""ל",false,1,36.90,4.9200,true,1,40564
7290104962318,false,סקינגארד ספריי שקוףSPF30,מיוצר עי : אמיליה קוסמטי,IL,"ספריי שקוף SPF-30 סקין גארד 260 מ""ל",מיליליטרים,260.00,"100 מ""ל",false,1,49.50,19.0385,true,1,27621
7290105360250,false,קפסולות 09 עשיר וארומטי למכונת נספרסו עלית 10יח',הנסיך- מפעל לייצור ט,IL,קפסולות 09 למכונות NESPRESSO,גרמים,50.00,100 גרם,false,1,18.90,37.8000,true,1,26253
7290105360328,false,קפסולות אספרסו חזק למכונות נספרסו 10 יח',הנסיך- מפעל לייצור ט,IL,קפסולות 10 למכונות NESPRESSO,גרמים,50.00,100 גרם,false,1,18.90,37.8000,true,1,26250
7290105360335,false,קפסולות אספרסו למכונות נספרסו 50 גר,הנסיך- מפעל לייצור ט,IL,קפסולות 07 למכונות NESPRESSO,גרמים,50.00,100 גרם,false,1,18.90,37.8000,true,1,26251
7290105362339,false,"שמנת לבישול 15% 250 מ""ל יטבתה מהדרין",שטראוס גרופ,IL,שמנת לבישול 15% מהדרין- ח,מיליליטרים,250.00,"100 מ""ל",false,1,8.60,3.4400,true,1,24681
7290105363602,false,מקלות כיף כף קלאסי עלית 40 גרם,שולן צ'\יקולטה גידה סאן.,TR,כיף כף מקלות קלאסי,גרמים,40.00,100 גרם,false,1,5.20,13.0000,true,1,25704
7290105364289,false,מקלות כיף כף פצפוצים עלית 40 גרם,שולן צ'\יקולטה גידה סאן.,TR,כיף כף מקלות פצפוצים,גרמים,40.00,100 גרם,false,1,5.20,13.0000,true,1,25705
7290105364302,false,"עלית חטיף שוקולד כיף כף מקלות אגוזים, 40 גרם",שולן צ'\יקולטה גידה סאן.,TR,כיף כף מקלות אגוזים,גרמים,40.00,100 גרם,false,1,5.20,13.0000,true,1,25706
7290105366023,false,סלט חצילים בטעם כבד אחלה 400 גרם,מיוצר עי קונדיטוריית,IL,חציל בטעם כבד 400 גרם,גרמים,400.00,100 גרם,false,1,17.90,4.4750,true,1,39784
7290105368331,false,מעדן מילקי בטעם תות עם קצפת,מחלבת אחיהוד,IL,מילקי בטעם תות,גרמים,133.00,100 גרם,false,1,3.00,2.2556,true,1,24989
7290105369130,false,סימפוניה גבינת שמנת בצל ירוק 5% שטראוס 200 גרם,"שטראוס בריאות בע""\מ",IL,סימפוניה בצל ירוק 2022,גרמים,200.00,100 גרם,false,1,12.90,6.4500,true,1,26268
7290105431868,false,"פלמוליב ספא קוקוס גרגרים נוזלי 500 מ""ל",הנסיך- מפעל לייצור ט,TR,500 מל סבון נוזלי פלמוליב חלב קוקוס,מיליליטרים,500.00,"100 מ""ל",false,1,17.90,3.5800,true,1,27338
7290105439581,false,מנה מאסטר שף חרדל דיזיון צרפתי 370 גר,רמיה סי.וי.הולנד,FR,חרדל דיזיון צרפתי מאסטר שף 370 גרם,גרמים,370.00,100 גרם,false,1,13.90,3.7568,true,1,32764
7290105500151,false,וודקה פינלנדיה בקבוק,"אלטיה קורפ, הלסינקי,",FI,"פינלנדיה 700 מ""ל",מיליליטרים,700.00,"100 מ""ל",false,1,74.90,10.7000,true,1,25201
7290105500748,false,וויסקי פיימוס גראוס The Famouse Grouse,מתיו גלוג אנד סאן,GB,"פיימוס גראוס 700 מ""ל",מיליליטרים,700.00,"100 מ""ל",false,1,89.90,12.8429,true,1,40866
7290105500953,false,"וויסקי ג'ק דניאלס דבש 700 מ""ל",ג'ק דניאל'ס,BE,ליקר טנסי דבש על בסיס ג'ק דניאל'ס,מיליליטרים,700.00,"100 מ""ל",false,1,129.90,18.5571,true,1,37701
7290105691224,false,אסם חטיפי פריכונים טורטייה שום בצל 60 גרם,"פרח תעשיות מזון בע""מ.",IL,אסם חטיפי פריכונים טורטיה שום בצל 12*60ג,גרמים,60.00,100 גרם,false,1,8.50,14.1667,true,1,24721
7290105691248,false,אסם חטיפי פריכונים טורטייה תירס 60 גרם,"פרח תעשיות מזון בע""מ.",IL,אסם חטיפי פריכונים טורטיה תירס 12*60גרם,גרמים,60.00,100 גרם,false,1,8.50,14.1667,true,1,24722
7290105691897,false,קוסקוס עם חיטה מלאה אסם 350 גרם,"מיוצר ע""י קוד יצרן K",IL,אסם קוסקוס עם חיטה מלאה 12*350גרם,גרמים,350.00,100 גרם,false,1,9.90,2.8286,true,1,24766
7290105691934,false,קמח שמרים אסם 1 קילו,תאי פרזידנט פוד פאבל,IL,"קמח שמרים 1 ק""ג אסם",קילוגרמים,1.00,"ק""ג",false,1,12.50,12.5000,true,1,25492
7290105693952,false,פירורית זהב אסם זהב שומשום 200 ג',מיוצר עי קונדיטוריית,IL,פירורית זהב שומשום 200 גרם,גרמים,200.00,100 גרם,false,1,6.90,3.4500,true,1,24744
7290105695024,false,פתיתים אפויים אורז עם אטריות אסם 500 גרם,"אסם השקעות בע""\מ",IL,אסם פתיתים אפויים אורז עם אטריות 12*500ג,גרמים,500.00,100 גרם,false,1,7.90,1.5800,true,1,25718
7290105695895,false,עוגת הבית דמקה דבש אסם 320 גרם,"אסם תעשיות בע""מ",IL,הבית עוגת דמקה דבש 8*320גרם,גרמים,320.00,100 גרם,false,1,14.90,4.6563,true,1,33879
7290105962331,false,סחוג תימני אדום חריף מאוד זהבי הכרם 220 גרם,קריניסה ויטמין אס אי,IL,זחוק תימני חריף,גרמים,220.00,100 גרם,false,1,14.90,6.7727,true,1,25030
7290105962980,false,כרוב אדום במיונז 400 ג' אחלה,מיוצר עי קונדיטוריית,IL,כרוב אדום 400,גרמים,400.00,100 גרם,false,1,12.90,3.2250,true,1,31997
7290105962997,false,חצילים אחלה במיונז 400 גר',"שטראוס גרופ בע""מ",IL,חציל במיונז 400 גרם,גרמים,400.00,100 גרם,false,1,12.90,3.2250,true,1,31996
7290105963000,false,סלט מטבוחה 400 ג' אחלה,מיוצר עי קונדיטוריית,IL,מטבוחה 400,גרמים,400.00,100 גרם,false,1,12.90,3.2250,true,1,31992
7290105963864,false,חזרת אחלה 220 גרם,"שטראוס גרופ בע""\מ",IL,חזרת אחלה 220 גרם,גרמים,220.00,100 גרם,false,1,13.90,6.3182,true,1,25273
7290105964564,false,סלט חומוס אחלה 400גר,מיוצר עי קונדיטוריית,IL,סלט חומוס אחלה 400 גרם,גרמים,400.00,100 גרם,false,1,8.90,2.2250,true,1,32717
7290105965738,false,יוגורט לשתיה בטעם תות בננה267 ג' דנונה,מיוצר עי קונדיטוריית,IL,"משקה יוגורט דנונה תות בננה 267מ""ל",מיליליטרים,267.00,"100 מ""ל",false,1,5.30,1.9850,true,1,27602
7290105966469,false,"חומץ בלסמי ממודנה יד מרדכי 250 מ""ל",אצטייה ג'וזפה קרמוני,IT,חומץ בלסמי יד מרדכי,מיליליטרים,250.00,"100 מ""ל",false,1,16.90,6.7600,true,1,26075
7290105968654,false,רביולי בטטה פרווה פסטה נונה 400 ג',מיוצר עי קונדיטוריית,IL,רביולי בטטה פרווה 400 EAT GOOD,גרמים,400.00,100 גרם,false,1,21.90,5.4750,true,1,25487
7290105968777,false,פריכיות 5 דגנים עם תחתית שוקולד מריר 70 גרם,"טחנת האבן תעשיות בע""",IL,פריכיות אנרגי תחתית ש.מריר OS,גרמים,70.00,100 גרם,false,1,8.50,12.1429,true,1,26297
7290106261655,false,ספריי מייבש לק בסט,אמיליה קוסמטיקס,,ספריי מייבש לק בסט,מיליליטרים,100.00,"100 מ""ל",false,1,8.00,8.0000,true,1,32345
7290106413191,false,סוכריות גומי קולה קט,פיני גולוסינאס אספני,,סוכריות גומי קולה קטן ארוז 200 גרם,גרמים,200.00,100 גרם,false,1,11.90,5.9500,true,1,27824
7290106520066,false,"רבע לשבע שוקולד חלב במילוי אגוזים עלית 160 גרם בד""צ","הגביע מוצרי וופלים בע""\מ",IL,רבע לשבע (ירוק) 160 גר',גרמים,160.00,100 גרם,false,1,13.90,8.6875,true,1,25753
7290106520288,false,יוגורט פרו חלבון עם תות 2.4% שומן 150 ג' דנונה,"שטראוס בריאות בע""מ",IL,WOW יוגורט דנונה תות 150 גרם,גרמים,150.00,100 גרם,false,1,4.90,3.2667,true,1,32685
7290106520912,false,"שמנת 9% לבישול יטבתה 250 מ""ל מהדרין",שטראוס גרופ,IL,שמנת לבישול 9% מהדרין-ח,מיליליטרים,250.00,"100 מ""ל",false,1,8.60,3.4400,true,1,45490
7290106524439,false,"תפוצ'יפס פופס 60 גרם ""עלית""","שטראוס פריטו ליי בע""\מ )",IL,תפו פופס 60 גר 40 יח,גרמים,60.00,100 גרם,false,1,5.50,9.1667,true,1,37468
7290106525368,false,גלילי וופל רבע לשבע אין סייד אוט 125 גר,"הגביע מוצרי וופלים בע""\מ",IL,רבע שבע שחור לבן 125 גרם,גרמים,125.00,100 גרם,false,1,13.90,11.1200,true,1,37021
7290106525399,false,קפסולות 06 ברזיל למכונות נספרסו עלית 10יח',הנסיך- מפעל לייצור ט,IL,קפסולות 06 ברזיל למכונות NESPRESSO,גרמים,50.00,100 גרם,false,1,18.90,37.8000,true,1,33691
7290106526822,false,פריכיות אורז חום מלא תחתית שוקולד חלב 80 גרם,"טחנת האבן תעשיות בע""",IL,פריכיות אנרגי תחתית שוקולד 80 גרם,גרמים,80.00,100 גרם,false,1,8.50,10.6250,true,1,27446
7290106528567,false,"דוריטוס גריל 185 גרם ""עלית""","שטראוס פריטו ליי בע""\מ )",IL,דוריטוס גריל 185 גר 12 יח,גרמים,185.00,100 גרם,false,1,8.90,4.8108,true,1,33147
7290106528628,false,"דוריטוס טבעי 185 גרם ""עלית""","שטראוס פריטו ליי בע""\מ )",IL,דוריטוס טבעי 185 גרם,גרמים,185.00,100 גרם,false,1,8.90,4.8108,true,1,33148
7290106571792,false,קרחון ענבים ויטמנציק נסטלה,גלידות נסטלה )נגה גלידות,IL,ויטמינצ'יק קרחון ענבים 48*80גרם,גרמים,80.00,100 גרם,false,1,3.00,3.7500,true,1,25947
7290106572027,false,אוסם - לחמית חמישה דגנים 190 גרם,"אסם השקעות בע""\מ",IL,לחמית חמישה דגנים 12*190גרם,גרמים,190.00,100 גרם,false,1,10.90,5.7368,true,1,25745
7290106572997,false,"קמח שמרים לפיצה ופוקצ'ה אסם 1 ק""ג","קוד יצרן TKMB, משווק",IL,"קמח שמרים לפיצה 1 ק""ג אסם",קילוגרמים,1.00,"ק""ג",false,1,11.90,11.9000,true,1,45315
7290106573598,false,צבר חומוס לבנוני 400 גרם,סלטי צבר,IL,צבר חומוס לבנוני 12*400גרם,גרמים,400.00,100 גרם,false,1,13.90,3.4750,true,1,26391
7290106574120,false,שלגון שרבט סוכריות גומיגם נסטלה 90 גרם,גלידות נסטלה )נגה גלידות,IL,גומיגם קרחון שרבט עם סוכריות בפנים42*90ג,גרמים,90.00,100 גרם,false,1,7.00,7.7778,true,1,27747
7290106574793,false,עוגת הבית בטעם שוקו-שוקוצ'יפס 350 ג' אסם,מיוצר עי קונדיטוריית,IL,הבית עוגת שוקו שוקוציפס 8*350גרם,גרמים,350.00,100 גרם,false,1,17.50,5.0000,true,1,26643
7290106574977,false,בייגלה שטוחים כעכים שטוחים עם מלח,מיוצר עי קונדיטוריית,IL,אסם בייגלה שטוחים עם מלח 9*300גרם,גרמים,300.00,100 גרם,false,1,11.90,3.9667,true,1,26645
7290106575257,false,עוגת הבית סופלה בטעם שוקולד 340 ג' אסם,מיוצר עי קונדיטוריית,IL,הבית עוגת סופלה בטעם שוקולד 8*340גרם,גרמים,340.00,100 גרם,false,1,17.50,5.1471,true,1,27228
7290106576223,false,"אפרופו שוקולד 40 גרם ""אסם""",מיוצר עי קונדיטוריית,IL,אפרופו שוקולד 36*40גרם,גרמים,40.00,100 גרם,false,1,5.90,14.7500,true,1,34255
7290106577503,false,חציל במיונז מרובע 400גרם,סלטי צבר,IL,צבר חציל במיונז מרובע 6*400גרם,גרמים,400.00,100 גרם,false,1,14.90,3.7250,true,1,27263
7290106577527,false,סלט קולסלאו כרוב לבן וגזר 400 ג' צבר,סלטי צבר,IL,צבר קולסלו מרובע 6*400גרם,גרמים,400.00,100 גרם,false,1,14.90,3.7250,true,1,32457
7290106578692,false,ביסלי במבה מיקס מהדורת אליפות אסם 80 גרם,פרו מן יו פתרונות אר,IL,במבה ביסלי מיקס 36*80גרם,גרמים,80.00,100 גרם,false,1,4.90,6.1250,true,1,27734
7290106653504,false,סבבה בוטנים אמריקאים ברביקיו 50 גרם,"שטראוס פריטו ליי בע""",IL,בוטנים אמריקאים סבבה בטעם ברביקיו 50 גרם,גרמים,50.00,100 גרם,false,1,2.90,5.8000,true,1,27306
7290106658479,false,וופל טורטית שוקלד מגדים 40ג',"שטראוס גרופ בע""\מ",IL,טורטית מגדים 40 גרם,גרמים,40.00,100 גרם,false,1,4.90,12.2500,true,1,33734
7290106662025,false,תפוציפס טבעי מלח ופלפל 50 גרם,"שטראוס פריטו ליי בע""",IL,תפו מלח פלפל 50 גר 48 יח - שמיטה,גרמים,50.00,100 גרם,false,1,5.50,11.0000,true,1,35818
7290106663121,false,"עוגה אישית במילוי קרם חלב ""מילקי קייק"" שטראוס",בובארד איטליה אס.פי.איי,IT,עוגת מילקי CAKE אישית 34 גרם,גרמים,34.00,100 גרם,false,1,3.90,11.4706,true,1,31757
7290106663503,false,קונפיטורה לייט תות יד מרדכי 230 גרם,אף.סי תבליני בגליל ב,IL,קונפיטורת תות שדה לייט,גרמים,230.00,100 גרם,false,1,15.90,6.9130,true,1,28648
7290106664067,false,לאבנה עם שמן זית וזעתר 10% שטראוס 400 ג',הדקלאים אגודת שיתופי,IL,גבינת לאבנה 10% שמן זית וזעתר 400 גרם,גרמים,400.00,100 גרם,false,1,18.50,4.6250,true,1,32284
7290106667266,false,"דוריטוס חמוץ חריף 185 גרם ""עלית""","שטראוס פריטו ליי בע""\מ )",IL,דוריטוס חמוץ חריף 185 גרם,גרמים,185.00,100 גרם,false,1,8.90,4.8108,true,1,33145
7290106668577,false,"מיץ לימון טיבעי 250 מ""ל יד מרדכי",האי נאם סי או אל.טי.,IT,"מיץ לימון טבעי 250 מ""ל",מיליליטרים,250.00,"100 מ""ל",false,1,9.90,3.9600,true,1,31192
7290106669857,false,קפסולות אספרסו בטעם וניל עלית 10 יחידות,הנסיך- מפעל לייצור ט,IL,קפסולות אספרסו וניל 50 גרם,גרמים,50.00,100 גרם,false,1,18.90,37.8000,true,1,35626
7290106720626,false,צ'יטוס קראנצ' בטעם גבינה - חלבי,"שטראוס פריטו ליי בע""\מ )",IL,ציטוס גבינה 80 גר 48 יח רבנות,גרמים,80.00,100 גרם,false,1,5.50,6.8750,true,1,36138
7290106721913,false,מסטיק מאסט MUST ללא סוכר בטעם מנטה מרעננת,"שטראוס גרופ בע""מ",IL,"צנצנת מאסט מנטה מרעננת לל""ס 66 גרם",גרמים,66.00,100 גרם,false,1,11.50,17.4242,true,1,30698
7290106721920,false,צנצנת מסטיק מאסט בטעם ספירמינט עדין 66 ג' עלית,"שטראוס גרופ בע""\מ.",IL,"צנצנת ספירמינט לל""ס 66 גרם",גרמים,66.00,100 גרם,false,1,11.50,17.4242,true,1,30699
7290106723689,false,עלי תרד בייבי שטראוס 200 גרם,שטראוס בריאות ירקות טריי,IL,עלי תרד בייבי שטראוס 200 גרם,גרמים,200.00,100 גרם,false,1,13.90,6.9500,true,1,28685
7290106725867,false,"סירופ מייפל טבעי 189 מ""ל ""יד מרדכי""",קוסלסי פוד,CA,"סירופ מייפל טבעי 189 מ""ל",מיליליטרים,189.00,"100 מ""ל",false,1,35.90,18.9947,true,1,32272
7290106726178,false,יוגורט PRO עם פירות יער 2.4% 10 גרם חלבון בגביע,מיוצר עי קונדיטוריית,IL,WOW יוגורט דנונה פירות יער 150 גרם,גרמים,150.00,100 גרם,false,1,4.90,3.2667,true,1,32275
7290106727984,false,"כיף כף פצפצים בגביע 135 גרם ""עלית""",שולן צ'\יקולטה גידה סאן.,TR,גביע פצפצים 135 ג' 2016,גרמים,135.00,100 גרם,false,1,13.90,10.2963,true,1,34335
7290107280723,false,נוזל לניקוי כלים סנו ספארק Spark בניחוח לימון רענן,סנו כימיקלים,IL,סנו ספארק נוזל לניקוי כלים בניחוח לימון רענן,מיליליטרים,700.00,"100 מ""ל",false,1,10.90,1.5571,true,1,30956
7290107280761,false,נוזל לניקוי כלים בניחוח לימון רענן סנו ספארק Spark,מיוצר עי קונדיטוריית,IL,ספארק משאבה לימון 1ל,ליטרים,1.00,ליטר,false,1,12.90,12.9000,true,1,43095
7290107646154,false,"חטיף קוקומן פצפוצים תלמה 126 גרם מארז 6 יחידות בד""צ",יוניליוור ישראל מזון בעמ,IL,"קוקומן חטיף פצפוצי דגנים בטעם שוקולד, 126 גרם",גרמים,126.00,100 גרם,false,1,15.90,12.6190,true,1,38177
7290107647625,false,מאגדת קורנטו וניל כשר לפ,"מיוצר ע""\י גלידת שטראוס",IL,מאגדת קורנטו כשלפ וניל,לא מנהל יחידת מידה,0.00,לא מנהל יחידת מידה,false,1,42.90,0.0000,true,1,41136
7290107647649,false,"סולרו פרוט בוסט יחידתי קוקוס אננס 89מ""ל","גלידת שטראוס בע""\מ",IL,שלגון סולרו קוקוס אננס 62 גרם,גרמים,62.00,100 גרם,false,1,7.90,12.7419,true,1,40882
7290107647656,false,סולרו פרוט בוסט - קוקוס אננס (פרווה),"מיוצר ע""\י גלידת שטראוס",IL,שלגון מיני סולרו קוקוס אננס 245גרם,גרמים,245.00,100 גרם,false,1,28.90,11.7959,true,1,40883
7290107647854,false,"שוגי מופחת סוכר תלמה 500 ג' בד""צ",יוניליוור ישראל מזון בעמ,IL,דגני בוקר שוגי בדצ 500 גרם,גרמים,500.00,100 גרם,false,1,24.90,4.9800,true,1,37251
7290107649100,false,בייגלה טבעות שומשום 300 גרם.,בייגל את בייגל מזון 198),IL,בייגלה טבעות שומשום 300 גר,גרמים,300.00,100 גרם,false,1,13.90,4.6333,true,1,53229
7290107649681,false,טילון פסק זמן - נוגט קראנץ',"מיוצר ע""\י גלידת שטראוס",IL,קורנטו פסק זמן 64 גרם,גרמים,64.00,100 גרם,false,1,9.90,15.4688,true,1,41421
7290107649780,false,שלגון שוקובו שוקו 85,"מיוצר ע""\י גלידת שטראוס",IL,שוקובו שוקו 85 גרם,גרמים,85.00,100 גרם,false,1,10.90,12.8235,true,1,41424
7290107649858,false,טילון מגנוםלבן -גלידת שמנת,"מיוצר ע""\י גלידת שטראוס",IL,מגנום טילון שוקולד לבן 100 גרם,גרמים,100.00,100 גרם,false,1,12.90,12.9000,true,1,41769
7290107865166,false,סמארט 4500 שאיפות תפ,shenzhen shengsi,CN,סמארט 4500 שאיפות תפוח,יחידה,1.00,יחידה,false,1,149.90,149.9000,false,1,53401
7290107865173,false,סמארט 4500 שאיפות או,shenzhen shengsi,CN,סמארט 4500 שאיפות אוכמניות,יחידה,1.00,יחידה,false,1,149.90,149.9000,false,1,53406
7290107865197,false,סמארט 4500 שאיפות מל,shenzhen shengsi,CN,סמארט 4500 שאיפות מלון,יחידה,1.00,יחידה,false,1,149.90,149.9000,false,1,53398
7290107865203,false,סמארט 4500 שאיפות אב,shenzhen shengsi,CN,סמארט 4500 שאיפות אבטיח,יחידה,1.00,יחידה,false,1,149.90,149.9000,false,1,53405
7290107865227,false,סמארט 4500 שאיפות פי,shenzhen shengsi,CN,סמארט 4500 שאיפות פירות,יחידה,1.00,יחידה,false,1,149.90,149.9000,false,1,53402
7290107865234,false,סמארט 4500 שאיפות תו,shenzhen shengsi,CN,סמארט 4500 שאיפות תות,יחידה,1.00,יחידה,false,1,149.90,149.9000,false,1,53400
7290107870047,false,טילון אקסטרים115-120 גרם ענק נסטלה 120 גרם,תות תעשיות מזון (201,IL,אקסטרים טילון בראוניז מטבע ענק 18*115גרם,גרמים,133.00,100 גרם,false,1,9.90,7.4436,true,1,29748
7290107871297,false,אוסם - מיני פריכונים עשבי תיבול 25 גרם,"פרח תעשיות מזון בע""מ.",IL,אסם פריכונים מיני עשבי תיבול 16*23גרם,גרמים,25.00,100 גרם,false,1,4.90,19.6000,true,1,29809
7290107871990,false,"פסטה צינורות 500 גרם ""אסם""",פסטה זארה,IT,אסם פסטה צינורות איטלקי 12*500גרם,גרמים,500.00,100 גרם,false,1,6.90,1.3800,true,1,28888
7290107874441,false,פריכונים מיני בצל מקורמל 25 גרם אסם,"פרח תעשיות מזון בע""מ.",IL,אסם פריכונים מיני בצל מקורמל 16*23גרם,גרמים,25.00,100 גרם,false,1,4.90,19.6000,true,1,29810
7290107875820,false,קרוטונים אפויים בתיבול ביתי אוסם 180 ג',עינת תעשיות מזון,IL,אסם קרוטונים אפויים בתיבול ביתי 12*180ג,גרמים,180.00,100 גרם,false,1,13.90,7.7222,true,1,30284
7290107879132,false,פריכיות פיטנס מיני פריכיות שוקולד חלב 22 ג',כרמית,IL,פיטנס מיני פריכיות שוקולד חלב 40*22גרם,גרמים,22.00,100 גרם,false,1,5.90,26.8182,true,1,34968
7290107879521,false,קרחוני לה פרוטה La Frutta תות שדה - 5 יח',גלידות נסטלה )נגה גלידות,IL,לה פרוטה מאגדת תות 8 5*70גרם,גרמים,350.00,100 גרם,false,1,27.90,7.9714,true,1,33111
7290107879620,false,שלגון לה פרוטה מלון תפוח נסטלה 70ג',גלידות נסטלה )נגה גלידות,IL,לה פרוטה תפוח מלון 36*70גרם,גרמים,70.00,100 גרם,false,1,6.90,9.8571,true,1,33099
7290107879668,false,קרחון שרבט תות לה פרוטה נסטלה 70 גרם,גלידות נסטלה )נגה גלידות,IL,לה פרוטה תות 36*70גרם,גרמים,70.00,100 גרם,false,1,6.90,9.8571,true,1,33096
7290107879699,false,קרחון שרבט מנגו לה פרוטה נסטלה 70 גרם,גלידות נסטלה )נגה גלידות,IL,לה פרוטה מנגו 36*70גרם,גרמים,70.00,100 גרם,false,1,6.90,9.8571,true,1,33097
7290107879712,false,שלגון לה פרוטה פירות אדומים 70 גרם,נסטלה גלידות,IL,שרבט לה פרוטה פירות אדומים 70גרם,גרמים,70.00,100 גרם,false,1,6.90,9.8571,true,1,52698
7290107931397,false,כיף כף פצפוצים במילוי שוקולד 40 גרם,שולן צ'\יקולטה גידה סאן.,TR,כיף כף פצפצים,גרמים,40.00,100 גרם,false,1,5.20,13.0000,true,1,33401
7290107932080,false,חלב מועשר יוטבתה בבקבוק 3% 1 ליטר,מחלבת יטבתה,IL,חלב בקבוק 3% מועשר 1 ליטר,ליטרים,1.00,ליטר,false,1,8.50,8.5000,true,1,32229
7290107932134,false,חלב מועשר יוטבתה בבקבוק 1% 1 ליטר,מחלבת יטבתה,IL,חלב בקבוק 1% מועשר 1 ליטר,ליטרים,1.00,ליטר,false,1,8.50,8.5000,true,1,32230
7290107933155,false,לקט סלנובה שטראוס 200 גרם,שטראוס בריאות ירקות טריי,IL,לקט סלנובה ירקות 200גר שטופים שטראוס,גרמים,200.00,100 גרם,false,1,14.90,7.4500,true,1,32856
7290107936309,false,דנונה יוגורט 7% יווני לבן 130 ג',"שטראוס בריאות בע""מ",IL,דנונה יוגורט יווני לבן,גרמים,130.00,100 גרם,false,1,3.90,3.0000,true,1,34664
7290107936958,false,עד חצות ביסקוויט אצבעות שוקולד 125 גרם,ביסקוויטס טור ד'\אלבון,FR,ביסקוויט עד חצות אצבעות 125 גרם,גרמים,125.00,100 גרם,false,1,14.90,11.9200,true,1,37279
7290107936965,false,עיגולים עד חצות עם שוקולד חלב 225 גר,ביסקווטרי עוגיות סנט,FR,עד חצות עיגולים,גרמים,225.00,100 גרם,false,1,14.90,6.6222,true,1,37274
7290107937542,false,משקה יוגורט אקטיביה עם תות 1.2% שומן,מיוצר עי קונדיטוריית,IL,משקה אקטיביה תות 1.2% 250 גרם,גרמים,250.00,100 גרם,false,1,5.50,2.2000,true,1,33534
7290107937627,false,מסטיק מאסט Must קוביות ללא סוכר בטעם מנטה עדינה,אסקום קונפקשיין,DE,צנצנת קוביות מנטה עדינה 58 גרם,גרמים,58.00,100 גרם,false,1,11.50,19.8276,true,1,34592
7290107937634,false,צנצנית מסטיק מאסט קוביות פפירמינט 58 ג' עלית,אסקום קונפקשיין,DE,צנצנת קוביות מנטה 58 גרם,גרמים,58.00,100 גרם,false,1,11.50,19.8276,true,1,34639
7290107937641,false,צנצנת מסטיק בזוקה קוביות ללא סוכר,אסקום קונפקשיין,DE,צנצנת קוביות בזוקה 58 גרם,גרמים,58.00,100 גרם,false,1,11.50,19.8276,true,1,34594
7290107937856,false,קפסולות 11חזק למכונות נספרסו עלית 10יח',הנסיך- מפעל לייצור ט,IL,קפסולות 11 גואטמלה למכונות NESPRESSO,גרמים,50.00,100 גרם,false,1,18.90,37.8000,true,1,34622
7290107939027,false,גזר דק דק שטראוס 250 גרם,שטראוס בריאות ירקות טריי,IL,גזר דק דק 250 גרם שטופים שטראוס,גרמים,250.00,100 גרם,false,1,9.90,3.9600,true,1,34967
7290107940467,false,אקטיביה יוגורט 1.5% שומן 200 ג' דנונה,מיוצר עי קונדיטוריית,IL,אקטיביה 200 גרם 1.5%,גרמים,200.00,100 גרם,false,1,4.20,2.1000,true,1,33698
7290107943369,false,קוואקר שיבולת שועל ללא גלוטן 511 גרם,היידי שוקולד בירונטי,US,קוואקר שיבולת שועל ללא גלוטן 511 גרם,גרמים,511.00,100 גרם,false,1,21.90,4.2857,true,1,37174
7290107944243,false,אפיפיות בטעם שוקולד 200 גרם כשר לפסח,"שטראוס גרופ בע""\מ",IL,אפיפיות בטעם שוקולד 200 גרם,גרמים,200.00,100 גרם,false,1,9.90,4.9500,true,1,37145
7290107944472,false,סימפוניה גבינה במרקם שמנת 5% שום שמיר,"שטראוס בריאות בע""\מ",IL,סימפוניה שום שמיר 5%,גרמים,200.00,100 גרם,false,1,12.90,6.4500,true,1,35026
7290107945165,false,קונפיטורת משמש יד מרדכי 340 גרם,אף.סי תבליני בגליל ב,IL,קונפיטורה משמש 340 גרם יד מרדכי,גרמים,340.00,100 גרם,false,1,15.90,4.6765,true,1,35699
7290107950183,false,מעדן דיאט בטעם וניל 130ג,"שטראוס בריאות בע""מ",IL,מעדן שטראוס דיאט וניל 2021,גרמים,130.00,100 גרם,false,1,3.90,3.0000,true,1,34660
7290107950190,false,מעדן חלב דל קלוריות בטעם שוקולד מריר 0.5% שומן,מיוצר עי קונדיטוריית,IL,מעדן שטראוס דיאט מריר,גרמים,130.00,100 גרם,false,1,3.90,3.0000,true,1,34661
7290107950206,false,מעדן דיאט שוקולד שטראוס 130 גרם,מיוצר עי קונדיטוריית,IL,מעדן שטראוס דיאט שוקולד,גרמים,130.00,100 גרם,false,1,3.40,2.6154,true,1,34659
7290107951104,false,בפלות ופלים ארוכים בטעם שוקולד,"שטראוס גרופ בע""\מ",IL,בפלות שוקולד 200 גרם,גרמים,200.00,100 גרם,false,1,5.90,2.9500,true,1,35055
7290107951111,false,בפלות ופלים ארוכים בטעם לימון,"א.ג. גילרו בע""\מ",IL,בפלות לימון 200 גרם,גרמים,200.00,100 גרם,false,1,5.90,2.9500,true,1,35057
7290107951715,false,צנצנת מסטיק מאסט קוביות בטעם ענבים 58 ג' עלית,אסקום קונפקשיין,IL,צנצנת קוביות ענבים 58 גרם,גרמים,58.00,100 גרם,false,1,11.50,19.8276,true,1,35693
7290107953559,false,"מארז קפה טורקי עלית לדרך כשל""פ 168 גרם",הנסיך- מפעל לייצור ט,IL,מארז טורקי לדרך 168 גר,גרמים,200.00,100 גרם,false,1,22.90,11.4500,true,1,42657
7290107954976,false,משקה חלב PRO עם קפה 1.5% 25 גרם חלבון בבקבוק,מחלבת יטבתה,DE,יטבתה פרו קפה 350,מיליליטרים,350.00,"100 מ""ל",false,1,6.90,1.9714,true,1,36794
7290107956642,false,"תרסיס שמן זית 150 מ""ל יד מרדכי כשלפ",פארייפאבה אגרואינדוס,ES,"תרסיס שמן זית 150 מ""ל",מיליליטרים,150.00,"100 מ""ל",false,1,20.90,13.9333,true,1,37575
7290107956925,true,קפסולות קפה אספרסו 1,הנסיך- מפעל לייצור ט,IL,קפסולות 13 אוגנדה למכונות NESPRESSO,לא מנהל יחידת מידה,0.00,לא מנהל יחידת מידה,false,1,18.90,0.0000,true,1,40007
7290107956932,true,קפסולות אינדונזיה,הנסיך- מפעל לייצור ט,IL,קפסולות 12 אינדונזיה למכונות NESPRESSO,Unknown,0.00,Unknown,false,1,18.90,0.0000,true,1,40036
7290107957069,false,"מסטיק ע""למה ""בטעם אוכניות 66 גרם צנצנת ""עלית""","שטראוס גרופ בע""\מ",IL,"צנצנת עלמה בטעם אוכמניות לל""ס 66 גרם",גרמים,66.00,100 גרם,false,1,11.50,17.4242,true,1,37282
7290107957076,false,"מסטיק ""עלמה"" בטעם ספירמנט 66 גרם צנצנת ""עלית""","שטראוס גרופ בע""\מ",IL,מסטיק עלמה בצנצנת בטעם ספירמינט 66 גרם,גרמים,66.00,100 גרם,false,1,11.50,17.4242,true,1,37322
7290107957991,false,מילקי CAKE מיניס קרם חלב בציפוי שוקולד חלב שקית 16X9ג',בובארד איטליה אס.פי.איי,IT,מילקי מינייס,גרמים,144.00,100 גרם,false,1,14.90,10.3472,true,1,43315
7290107971751,false,מי פה קולגייט טוטל ללא אלכוהול פפרמינט,יבואן ומשווק: ש. שסט,PL,קולגייט מי פה טוטל כחול 500 מל,מיליליטרים,500.00,"100 מ""ל",false,1,36.50,7.3000,true,1,33398
7290107973014,false,"סבון ידיים משאבה פלמוליב חלב ודבש 300 מ""ל",הנסיך- מפעל לייצור ט,TR,"פלמוליב סבון ידיים חלב ודבש 300 מ""ל",מיליליטרים,300.00,"100 מ""ל",false,1,11.90,3.9667,true,1,36790
7290107973038,false,"סבון ידיים משאבה פלמוליב אקווריום 300 מ""ל",הנסיך- מפעל לייצור ט,IT,פלמוליב סבון ידיים אקווריום 300 מל,מיליליטרים,300.00,"100 מ""ל",false,1,11.90,3.9667,true,1,36789
7290107973311,false,קולגייט מברשת שיניים 360 פחם זהב זוג,הנסיך- מפעל לייצור ט,CN,קולגייט 360 מברשת שיניים גולד 2 יח',לא מנהל יחידת מידה,0.00,לא מנהל יחידת מידה,false,1,33.90,0.0000,true,1,33452
7290107974066,false,"עלי טורטיה קמח מלא 20ס""מ 8יח' מאסטר שף 320ג'",אלקאטי קורביישיסי גי,ES,עלי טורטיה קמח מלא 320 גרם,גרמים,320.00,100 גרם,false,1,11.90,3.7188,true,1,33663
7290107974073,false,מנה עלי טורטיה קמח לבן מ.שף 20 סמ 320 גר,אלקאטי קורביישיסי גי,ES,מאסטר שף עלי טורטיה קמח לבן 320 גר,גרמים,320.00,100 גרם,false,1,11.90,3.7188,true,1,33661
7290107974080,false,מנה עלי טורטיה קמח לבן מ.שף 25 סמ 840 גר,הדקלאים אגודת שיתופי,TR,מאסטר שף עלי טורטייה קמח חיטה 756 גרם,גרמים,840.00,100 גרם,false,1,22.90,2.7262,true,1,33662
7290107974646,false,מרידול נשימה רעננה שטיפת פה 400 מל,הנסיך- מפעל לייצור ט,PL,מרידול מי פה נשימה רעננה 400 מל,מיליליטרים,400.00,"100 מ""ל",false,1,39.50,9.8750,true,1,34303
7290107978101,false,מש.שיניים קולגייט א.וויט אקסטרה פאוור 75,קולגייט-פלמוליב,PL,משחת שיניים אופטיק וויט אקסטרא פאוור,מיליליטרים,75.00,"100 מ""ל",false,1,29.90,39.8667,true,1,38364
7290107978637,true,משחת שיניים מרידול ח,קולגייט פלמוליב,PL,מרידול משחת שיניים למניעת בעיות חנייכים 75 מל,מיליליטרים,1.00,"100 מ""ל",false,1,19.90,1990.0000,true,1,40597
7290108072105,false,ביצי שוקולד מכוניות,זאיני,,ביצי שוקולד מכוניות,גרמים,20.00,100 גרם,false,1,7.80,39.0000,true,1,31337
7290108279474,false,תות שדה א.מעולה 250ג,חקלאי,IL,תות שדה 250 גרם,גרמים,250.00,100 גרם,false,1,24.90,9.9600,true,1,40656
7290108350210,false,סנו סושי 30 שקיות אשפה XL חזקות במיוחד,מיוצר עי קונדיטוריית,IL,סנו סושי 30 שקיות אשפה XL חזקות במיוחד,לא מנהל יחידת מידה,0.00,לא מנהל יחידת מידה,false,1,27.90,0.0000,true,1,32550
7290108350531,false,סנו ספארק נוזל כלים בניחוח קלאסי עם משאבה 1 ל',מיוצר עי קונדיטוריית,IL,ספארק משאבה קלאסי 1ל,ליטרים,1.00,ליטר,false,1,12.90,12.9000,true,1,32010
7290108350548,false,סנו ספארק נוזל כלים בניחוח לבנדר עם משאבה 1 ל',מיוצר עי קונדיטוריית,IL,סנו נוזל לניקוי כלים בניחוח לבנדר עדין 1 ליטר,ליטרים,1.00,ליטר,false,1,12.90,12.9000,true,1,32009
7290108350623,false,מרכך כביסה סופר מרוכז סופט סילק מקסימה 1 ל' סנו,"סנו מפעלי ברונוס בע""\מ",IL,מרכך מרוכז סופט סילק 1ליטר,ליטרים,1.00,ליטר,false,1,18.90,18.9000,true,1,33782
7290108351552,false,"סנו - ג'ט לניקוי כללי בתוספת חומץ בניחוח לבנדר 750 מ""ל","סנו מפעלי ברונוס בע""\מ",IL,גט לניקוי כללי - בתוספת חומץ לניקוי והברקה בקלות,מיליליטרים,750.00,"100 מ""ל",false,1,16.90,2.2533,true,1,37875
7290108351804,false,מרכך כביסה סופר מרוכז Gentl Breeze סנו מקסימה 1 ליטר,מיוצר עי קונדיטוריית,IL,מרכך בבישום עוצמתי gentel breeze,ליטרים,1.00,ליטר,false,1,18.90,18.9000,true,1,42735
7290108351811,false,מרכך כביסה סופר מרוכז Floral touch סנו מקסימה 1 ליטר,מיוצר עי קונדיטוריית,IL,מרכך כביסה בבישום עוצמתי floral touch,ליטרים,1.00,ליטר,false,1,18.90,18.9000,true,1,42734
7290108352061,false,משחת שיניים Go White אורביט 145 גרם עם פחם,טרופיקל דגיל תעשיות קוסמ,IL,אורביטול משחת שיניים פחם פעיל 145 גרם,גרמים,145.00,100 גרם,false,1,16.90,11.6552,true,1,53974
7290108352078,false,"שטיפת פה protective salt אורביטול 500 מ""ל",טרופיקל דגיל תעשיות,IL,"אורביטול שטיפת פה בתוספת מלח 500 מ""ל",מיליליטרים,500.00,"100 מ""ל",false,1,29.90,5.9800,true,1,49264
7290108352153,false,"סנובון נוזלי בניחוח לוטוס וסחלב סנו 750 מ""ל",מיוצר עי קונדיטוריית,IL,99.9% סנו בון נוזל לניקוי אסלות 750 מל,מיליליטרים,750.00,"100 מ""ל",false,1,14.90,1.9867,true,1,45721
7290108352276,false,מגבונים לניקוי וחיטוי יסודי לרצפה 10 יח 99.9%,"סנו מפעלי ברונס בע""\מ",IL,99.9% מטליות לחיטוי ולניקוי רצפות 10 יח,לא מנהל יחידת מידה,0.00,לא מנהל יחידת מידה,false,1,17.90,0.0000,true,1,45252
7290108352283,false,נוזל לחיטוי וניקוי רצפות- סדרת 99.9% סנו 2 ליטר,"סנו מפעלי ברונוס בע""\מ",IL,99.9% נוזל לחיטוי וניקוי רצפות 2 ליטר,ליטרים,2.00,ליטר,false,1,26.90,13.4500,true,1,45253
7290108352450,false,ריצפז פרש הום בניחוח מרכך כביסה בלו בלוסום,סנו מפעלי ברונוס בעמ,IL,רצפז פרש הום 2ל מרכך כביסה,ליטרים,2.00,ליטר,false,1,22.90,11.4500,true,1,49821
7290108352481,false,"סנומוד מטהר אוויר נרסיסו סנו 150 מ""ל","סנו מפעלי ברונוס בע""\מ",IL,"מוד נרסיסוס בושם לבית 150 מ""ל",מיליליטרים,150.00,"100 מ""ל",false,1,11.90,7.9333,true,1,51961
7290108352801,false,"שקיות אשפה לפחים קטנים 45 * 56 ס""מ סנו סושי 100 יחידות","סנו מפעלי ברונוס בע""מ",IL,שקיות אשפה לפחים קטנים,לא מנהל יחידת מידה,0.00,לא מנהל יחידת מידה,false,1,22.90,0.0000,true,1,39279
7290108352825,false,ספוג הפלא נירוסטה סנו סושי 3יח',ltdn s.k.a.tסנו מפעלי בר,CN,ספוג הפלא נירוסטה,גרמים,44.00,100 גרם,false,1,11.90,27.0455,true,1,40207
7290108353013,false,תבניות אפייה מנייר סנו סושי אינגליש 5 יח,מיוצר עי קונדיטוריית,CN,סנו סושי תבניות אפיה מנייר 5 יח - אינגל,יחידה,1.00,יחידה,false,1,14.90,14.9000,true,1,42926
7290108353020,false,4 תבנית אפייה מנייר מלבנית גדולה סנו,מיוצר עי קונדיטוריית,CN,סנו סושי- תבניות אפייה מנייר,יחידה,1.00,יחידה,false,1,14.90,14.9000,true,1,42927
7290108353044,false,תב.אפייה מנייר סנו סושי מאפינס גדול 24 י,מיוצר עי קונדיטוריית,CN,תבניות אפייה מנייר L,יחידה,1.00,יחידה,false,1,12.90,12.9000,true,1,42929
7290108353082,false,ממחטות אף בקופסה 2 שכבות סנו סופט 120 דף,מיוצר עי קונדיטוריית,IL,סנו סופט 120 ממחטות אף דו שכבתיות,יחידה,1.00,יחידה,false,1,10.90,10.9000,true,1,42892
7290108353402,false,צמד מברשות שיניים עם סיבי פחם דקים במיוחד,יבואן ומשווק: ש. שסט,CN,מברשת שיניים אורביטול צארקול זוג,יחידה,1.00,יחידה,false,1,23.90,23.9000,true,1,44346
7290108353440,false,אורביטול מברשות שיניים נאנו לחניכיים 2יח,החברה הדרומית,CN,"מברשת שיניים אורביטול 12,000 סיבים זוג",יחידה,1.00,יחידה,false,1,31.90,31.9000,true,1,51962
7290108353525,false,סנו סושי - תבניות אלומיניום עם ידיות אחיזה,קריניסה ויטמין אס אי,CN,סנו סושי תבניות אלומיניום L עם ידית - 4,יחידה,1.00,יחידה,false,1,11.90,11.9000,true,1,45542
7290108353556,false,נייר טואלט סנו סופט שלוש שכבות 32 גלילים,טרופיקל דגיל תעשיות,IL,נייר טואלט סנו סופט 3שכבות 32גלילים,יחידה,1.00,יחידה,false,1,39.90,39.9000,true,1,45863
7290108353778,false,"נקה 7 - תחליב רחצה שוודיה בניחוח פיטנגו 750 מ""ל","אמיליה קוסמטיקס בע""מ",IL,נקה 7 תחליב רחצה שוודיה בניחוח פיטנגו 750 מל,מיליליטרים,750.00,"100 מ""ל",false,1,13.90,1.8533,true,1,46415
7290108353792,false,"תחליב רחצה יפן נקה 7 בניחוח פריחת הדובדבן 750 מ""ל","אמיליה קוסמטיקס בע""מ",IL,נקה 7 תחליב רחצה יפן פריחת הדובדבן 750 מ,מיליליטרים,750.00,"100 מ""ל",false,1,13.90,1.8533,true,1,46414
7290108353808,false,"תחליב רחצה מדגסקר נקה 7 בניחוח אמבר 750 מ""ל","אמיליה קוסמטיקס בע""מ",IL,נקה 7 תחליב רחצה מדגסקר בניחוח אמבר 750 מל,מיליליטרים,750.00,"100 מ""ל",false,1,13.90,1.8533,true,1,46416
7290108354065,false,קרמה מן גל רחצה פילינג 700 מל לגבר,קוסמופארם בע'\'\מ,IL,קרמה מן גל רחצה פילינג 700 מל,מיליליטרים,700.00,"100 מ""ל",false,1,17.90,2.5571,true,1,52845
7290108356113,false,כיף תחליב רחצה חלב ודבש 700 מל,קוסמופארם בעמ,IL,"כיף תחליב רחצה חלב ודבש, 700 מל",מיליליטרים,700.00,"100 מ""ל",false,1,14.90,2.1286,true,1,40716
7290108357004,false,כיף שמפו ורד ושמן קוקוי לרכות וברק,טרופיקל דגיל תעשיות,IL,"כיף שמפו ורד ושמן קוקוי לרכות וברק 700 מ""ל",מיליליטרים,700.00,"100 מ""ל",false,1,14.90,2.1286,true,1,44078
7290108357011,false,כיף קונדישינר לשיער שמן קוקוי 700 מל,טרופיקל דגיל תעשיות,IL,"כיף מרכך ורד ושמן קוקוי לרכות וברק 700 מ""ל",מיליליטרים,700.00,"100 מ""ל",false,1,14.90,2.1286,true,1,44079
7290108357028,false,"תחליב רחצה כיף ורד ושמן קוקוי 700 מ""ל",קוסמופארם בעמ,IL,"תחליב רחצה כיף ורד ושמן קוקוי 700 מ""ל",מיליליטרים,700.00,"100 מ""ל",false,1,14.90,2.1286,true,1,44080
7290108357202,false,סנוקליר לניקוי בניחוח בלו בלוסום 1 ליטר,"סנו מפעלי ברונוס בע""\מ",IL,סנוקליר בניחוח בלו 1 ליטר,ליטרים,1.00,ליטר,false,1,15.90,15.9000,true,1,50685
7290108357707,false,"כיף שמפו לשיער רגיל- תפוח זרעי צ'יה 700 מ""ל",גוד פוד פרודקטס S.p,IL,כיף שמפו לשיער רגיל תפוח זרעי ציה 700 מ,מיליליטרים,700.00,"100 מ""ל",false,1,14.90,2.1286,true,1,40995
7290108357714,false,"כיף שמפו לשיער יבש -רימונים ושמן ארגן 700 מ""ל",גוד פוד פרודקטס S.p,IL,כיף שמפו לשיער יבש רימונים ושמן ארג700 מ,מיליליטרים,700.00,"100 מ""ל",false,1,14.90,2.1286,true,1,40997
7290108357745,false,"כיף שמפו ומרכך 700 מ""ל 2ב-1 תאנה ומנטה",גוד פוד פרודקטס S.p,IL,כיף שמפו ומרכך 2+1 תאנה ומנטה700 מ,מיליליטרים,700.00,"100 מ""ל",false,1,14.90,2.1286,true,1,41000
7290108357769,false,"מרכך לשיער רגיל תפוח וזרעי צ'יה 700 מ""ל כיף",גוד פוד פרודקטס S.p,IL,כיף מרכך לשיער רגיל תפוח זרעי ציה 700 מ,מיליליטרים,700.00,"100 מ""ל",false,1,14.90,2.1286,true,1,40996
7290108357776,false,"כיף מרכך לשיער יבש -רימונים ושמן ארגן 700 מ""ל",גוד פוד פרודקטס S.p,IL,כיף מרכך לשיער יבש רימונים ושמן ארג700 מ,מיליליטרים,700.00,"100 מ""ל",false,1,14.90,2.1286,true,1,40998
7290108500677,false,כבד דג שיבוט בשמן דג וילי פוד 115 גרם,"איטיליאן פוד, אס.פי.",IS,כבד דג שיבוט בשמן הדג 115גרם,גרמים,115.00,100 גרם,false,1,10.90,9.4783,true,1,35307
7290108501360,true,גבינת צדר בשלה 200 ג,וויקה פארמס אל.טי.די,GB,גבינת צדר בשלה 200 גרם MATURED ORANGE,גרמים,200.00,100 גרם,false,1,24.90,12.4500,true,1,43874
7290108502305,false,גבינת גרנה פדנו משולש ויליפוד 150 גרם,וילי פוד,IT,גבינת גרנה פדנו משולש 150 גרם,גרמים,200.00,100 גרם,false,1,24.90,12.4500,true,1,43884
7290108502329,true,נתחי טונה בשמן זית 6,ארזינא,TH,נתחי טונה בשמן זית 640 גרם ויליפוד 1/4,גרמים,640.00,100 גרם,false,1,31.90,4.9844,true,1,44021
7290108502763,true,גבינת קממבר יורו 200,סאסו פטוראגס קומטויס,FR,גבינת קממבר יורו 200גרם,גרמים,200.00,100 גרם,false,1,23.90,11.9500,true,1,39792
7290108502985,false,תפוחונים וילי פוד תפוחי עץ מיובשים 22 גר,הביי דונגפנג פוד קו. בעמ,CN,חטיף תפוחונים טבעי 22 גרם,גרמים,22.00,100 גרם,false,1,5.90,26.8182,true,1,40610
7290108503043,false,תפוחונים חטיף פלחים מיובשים מארז 22X4ג',הביי דונגפנג פוד קו. בעמ,CN,תפוחונים מיובשים מארז 3+1 88 גרם,גרמים,88.00,100 גרם,false,1,15.90,18.0682,true,1,41099
7290108503159,false,גבינה כחולה עם עובש 31% ויליפוד 100 גרם,קסוס אל פסטור,ES,גבינה כחולה עם עובש 100 גרם EURO,גרמים,100.00,100 גרם,false,1,16.90,16.9000,true,1,40463
7290108503982,false,פרוסות גבינה בטעם צ'דר לכריכים וטוסטים ויליפוד 150 גרם,סנטרל קסרה,ES,פרוסות גבינה בטעם צדר לכריכים וטוסטים יו,גרמים,150.00,100 גרם,false,1,12.90,8.6000,true,1,51769
7290108504279,false,קשקבל \איבריקו\ מנצ'גו צ'אנק 150 גרם,ג.וילי פוד אינטרנשיו,ES,קשקבל צאנק 150גרם,גרמים,150.00,100 גרם,false,1,19.90,13.2667,true,1,45929
7290108504293,false,מנצ'גו צ'אנק ויליפוד 150 גרם,ג.וילי פוד אינטרנשיו,ES,מנצגו צאנק 150גרם,גרמים,150.00,100 גרם,false,1,19.90,13.2667,true,1,45931
7290108506709,false,משולש גבינת פרמז'נו רג'אנו ZANETI,וילי פוד,IT,גבינת פרמגאנו רגיאנו 150 גרם,גרמים,150.00,100 גרם,false,1,32.90,21.9333,true,1,45630
7290108507072,false,שבבי גבינת גרנה פדנו ויליפוד 100 גרם,זנאתי,IT,שבבי גבינת גרנה פדנו 100 גרם,גרמים,100.00,100 גרם,false,1,14.90,14.9000,true,1,50632
7290108509700,false,"אורז פרסי DAAWAT מהדרין 1 ק""ג",אל.טי.פודס לימיטד,IN,"אורז פרסי 1 ק""ג DAAWAT",קילוגרמים,1.00,"ק""ג",false,1,11.90,11.9000,true,1,54039
7290109351209,false,קרחון שרבט אננס תפוז לה פרוטה נסטלה 70 גרם,גלידות נסטלה )נגה גלידות,IL,קרחון שרבט לה פרוטה אננס תפוז 70 גרם,גרמים,70.00,100 גרם,false,1,6.90,9.8571,true,1,33101
7290109351957,false,פריכיות פיטנס מיני גדולות שוקולד חלב 100ג',סנורייס בלגיום אן. ו,BE,פיטנס פריכיות גדולות שקלד.חלב 12*100גרם,גרמים,100.00,100 גרם,false,1,8.90,8.9000,true,1,34969
7290109351971,false,פריכיות דגנים פיטנס מצופות שוקולד חלב,פרח תעשיות,IL,פיטנס בר פריכיות שוקולד חלב 12*84גרם,גרמים,84.00,100 גרם,false,1,15.90,18.9286,true,1,33930
7290109352916,false,פריכיות דגנים פיטנס מצופות שוקולד לבן,פרח תעשיות,IL,פיטנס בר פריכיות שוקולד לבן 12*84גרם,גרמים,84.00,100 גרם,false,1,15.90,18.9286,true,1,33931
7290109354101,false,"לחמית ללא גלוטן 200 גר' ""אסם""","אסם תעשיות בע""מ",IL,לחמית ללא גלוטן 12*200גרם,גרמים,200.00,100 גרם,false,1,12.90,6.4500,true,1,36529
7290109354972,false,אוסם - פתי בר וניל חלבי ללא גלוטן 200 גרם,מיוצר עי קונדיטוריית,IL,אסם פתי בר ללא גלוטן קלאסי 12*200גרם,גרמים,200.00,100 גרם,false,1,11.90,5.9500,true,1,34650
7290109355504,false,שלגון קראנץ וניל ליבת נוגט נסטלה 100 גרם,נטו מלינדה-בשר,IL,נסטלה קראנץ ונל.ליבת נגט.שקלד.לבן28*100ג,גרמים,100.00,100 גרם,false,1,10.50,10.5000,true,1,35110
7290109358130,false,מאגדת שלגון לה פרוטה יוגורט אננס פסיפל' 50X6ג',גלידות נסטלה )נגה גלידות,IL,לה פרוטה מאגדת יגרט.אנס.פסיפ.מנגו8 5*60ג,גרמים,300.00,100 גרם,false,1,27.90,9.3000,true,1,37568
7290109358284,false,"שניצל תירס עם חלבון 664 גר' ""טבעול""",עיצובים 2020 (4.8),IL,טבעול שניצל תירס עם חלבון 6*664גרם,גרמים,664.00,100 גרם,false,1,31.90,4.8042,true,1,36672
7290109358482,false,עוגיות קרמוגית במילוי קרם בטעם חלבה,"הגביע מוצרי וופלים בע""\מ",IL,אסם קרמוגית במילוי חלבה 12*200גרם,גרמים,200.00,100 גרם,false,1,14.50,7.2500,true,1,40864
7290109358765,false,דגני בוקר קראנץ' רולס נוגט 450 גרם,"אסם השקעות בע""\מ",IL,דגני קראנץ רולס 450 גרם,גרמים,450.00,100 גרם,false,1,27.90,6.2000,true,1,36166
7290109580098,false,קבנוס בטעם סרירצ'ה זוגלובק 135 גרם,זוגלובק,IL,קבנוס בטעם סרירצה 135 גרם,גרמים,135.00,100 גרם,false,1,13.90,10.2963,true,1,52720
7290109580104,false,רוסטביף פרימיום זוגלובק 150 גרם,זוגלובק,IL,רוסטביף זוגלובק פרימיום 150 גרם,גרמים,150.00,100 גרם,false,1,26.90,17.9333,true,1,50376
7290109580111,false,צלעות אסאדו מעושנות פרימיום זוגלובק 120 גרם,זוגלובק,IL,צלעות אסאדו מעושנות פרימיום 120 גרם,גרמים,120.00,100 גרם,false,1,24.90,20.7500,true,1,52719
7290109580135,false,קורנדביף פרימיום 180 גרם זוגלובק,זוגלובק,IL,קורנדביף זוגלובק פרימיום 180 גרם,גרמים,180.00,100 גרם,false,1,26.90,14.9444,true,1,50378
7290109580166,false,סרוולד קלאסי פרימיום זוגלובק 150 גרם,זוגלובק,IL,סרוולד קלאסי זוגלובק פרימיום 150 גרם,גרמים,150.00,100 גרם,false,1,26.90,17.9333,true,1,50379
7290109580210,false,נקנקיות ריינהולד'ס הצרפתיה זוגלובק 300 ג',זוגלובק,IL,נקניקיות ריינהולדס הצרפתיה 300 גרם,גרמים,300.00,100 גרם,false,1,19.90,6.6333,true,1,51784
7290109580432,false,פסטרמה חזה הודו מעושן דק דק זוגלובק 120 גרם,זוגלובק,IL,פסטרמה חזה הודו מעושן 120 גר דק דק,גרמים,120.00,100 גרם,false,1,14.90,12.4167,true,1,53256
7290109640020,false,גוש טבעוני בטעם מוצרלה 18% שומן 300 גרם - משומשו,וי גרדן,IL,משו משו גוש טבעוני בטעם מוצרלה 300 גרם,גרמים,300.00,100 גרם,false,1,20.90,6.9667,true,1,35796
7290109640198,true,מגורדת לפיצה ולאפיה,"טרופיקל דגיל בע""מ אז",IL,מגורדת לפיצה ואפייה 200 גרם,Unknown,0.00,Unknown,false,1,20.90,0.0000,true,1,39821
7290109640372,true,ממרח טבעוני 9% זיתים,"טרופיקל דגיל בע""מ אז",IL,ממרח טבעוני 9% זיתים משו משו 200גרם,גרמים,200.00,100 גרם,false,1,17.90,8.9500,true,1,40637
7290109640396,true,ממרח טבעוני 9% בשום,"טרופיקל דגיל בע""מ אז",IL,ממרח טבעוני 9% בשום שמיר משו משו 200גרם,גרמים,200.00,100 גרם,false,1,17.90,8.9500,true,1,40639
7290109640402,true,ממרח טבעוני 9% טבעי,משו משו,IL,ממרח טבעוני 9% טבעי משו משו 200גרם,גרמים,200.00,100 גרם,false,1,17.90,8.9500,true,1,40640
7290109640464,false,משומשו פתיתים טבעוניים סגנון פרמז'ן 200 גר,גן שמואל-תעשיות בריאות,IL,פתיתים טבעוניים בסגנון פרמזן משו משו 15,גרמים,150.00,100 גרם,false,1,20.90,13.9333,true,1,44259
7290109640631,false,לאבנה טבעוני קוקוס200ג,"טרופיקל דגיל בע""מ אז",IL,לאבנה בסיס קוקוס משו משו %9 שומן 200 גר,גרמים,200.00,100 גרם,false,1,17.90,8.9500,true,1,46452
7290109640648,false,ממרח בטעם חמאה 150 גרם - משומשו,גן שמואל-תעשיות בריאות,IL,ממרח בטעם חמאה משו משו 150גרם,גרמים,150.00,100 גרם,false,1,15.90,10.6000,true,1,49781
7290109920146,false,"דורגול מסיר אבנית מקומקומים 750 מ""ל",יעקובי דורגול,CH,יעקבי דורגול מסיר אבן ללא הרתחה 750 מל,מיליליטרים,750.00,"100 מ""ל",false,1,22.90,3.0533,true,1,35982
7290109920580,true,אסטוניש מרסס עם אקונ,פרח,,יעקבי אסטוניש ספריי ניקוי עם אקונומיקה 750 מל,Unknown,0.00,Unknown,false,1,16.90,0.0000,true,1,49877
7290109921853,false,אסטוניש המשחה המקורית לניקוי עם עוצמה,יעקבי- אסטוניש Astonish,GB,יעקבי אסטוניש משחה לניקוי עם עוצמה 150 גרם,גרמים,150.00,100 גרם,false,1,22.90,15.2667,true,1,49882
7290110110338,false,רביעיית טובורג בלאק,מבשלת בירה ישראלית,,בירה טובורג בלאק 7.7% רביעייה בקבוק 330,ליטרים,1.32,ליטר,false,1,39.90,30.2273,true,1,37693
7290110110352,false,"בירה קרלסברג 330X6מ""ל יבוא",קרלסברג רומניהיבואן:,RO,"קרלסברג 0.0 בק 330 מ""ל ייבוא",מיליליטרים,330.00,"100 מ""ל",false,1,6.90,2.0909,true,1,44646
7290110110369,false,"שישייה בירה קרלסברג LUMA בקבוק 330 מ""ל",מבשלות בירה בינלאומיות ב,IL,"קרלסברג LUMA שישייה 330 מ""ל",ליטרים,1.98,ליטר,false,6,49.90,25.2020,true,1,45943
7290110110574,false,"פחיות קוקה קולה זירו לימון 330 מ""ל",החברה המרכזית לייצור משק,IL,"סליק קולה ZERO לימון 330 מ""ל מבצע",מיליליטרים,330.00,"100 מ""ל",false,1,5.90,1.7879,true,1,38996
7290110110635,false,ספרייט 0.5 ליים חייב פקדון,החברה המרכזית לייצור,IL,"ספרייט בקבוק 500 מ""ל",מיליליטרים,500.00,"100 מ""ל",false,1,7.90,1.5800,true,1,38129
7290110110659,false,"ספרייט לימון ליים פחית 330מ""ל",החברה המרכזית לייצור משק,IL,"סליק ספרייט LIME 330 מ""ל מבצע",מיליליטרים,330.00,"100 מ""ל",false,1,5.90,1.7879,true,1,38128
7290110110765,false,פיוז טי גרין בטעם לימון נענע 500 מל,מבשלות בירה בינלאומי,IL,פיוזטי גרין לימון נענע 0.5 ליטר,מיליליטרים,500.00,"100 מ""ל",false,1,8.50,1.7000,true,1,39001
7290110111557,false,"משקה ספורט איזוטוני בטעם פירות 500 מ""ל פאוורייד",פאווראייד POWERADE,IT,פאוורייד ספורט500מל בטעם פירות,מיליליטרים,500.00,"100 מ""ל",false,1,12.90,2.5800,true,1,40504
7290110111564,false,"משקה ספורט איזוטוני בטעם הדרים ליין 500 מ""ל פאוורייד",פאווראייד POWERADE,IT,פאוורייד ספורט 500מל איזוטוני בטעם הדרים,מיליליטרים,500.00,"100 מ""ל",false,1,12.90,2.5800,true,1,40505
7290110113421,false,"בירה מעוננת קרלסברג luma 330 מ""ל",מבשלות בירה בינלאומיות ב,IL,קרלסברג LUMA בק 330 בודד,מיליליטרים,330.00,"100 מ""ל",false,1,11.90,3.6061,true,1,45944
7290110113476,false,בירה קרלסברג ללא אלכוהול - שישייה,קרלסברג רומניהn\יבואן:מב,RO,"6 קרלסברג 0.0 בק 330 מ""ל ייבוא",ליטרים,1.98,ליטר,false,1,35.90,18.1313,true,1,44892
7290110113490,false,"פיוזטי אפרסק 19 קלוריות 500 מ""ל",מבשלות בירה בינלאומיות ב,IL,Fuze tea אפרסק 19 קלוריות 0.5 ליטר,מיליליטרים,500.00,"100 מ""ל",false,1,8.50,1.7000,true,1,45941
7290110113605,false,בירה שקמה אי פי איי,מבשלות בירה בינלאומי,IL,"שקמה IPA בק 330 מ""ל פיקדון",מיליליטרים,330.00,"100 מ""ל",false,1,14.90,4.5152,true,1,53190
7290110113629,false,"בירה שקמה אייל ענברי בק 330 מ""ל",מבשלות בירה בינלאומי,IL,"שקמה אייל ענברי בק' 330 מ""ל פיקדון",מיליליטרים,330.00,"100 מ""ל",false,1,14.90,4.5152,true,1,53191
7290110113636,false,"בירה שקמה מרצן לאגר בק 330 מ""ל",מבשלות בירה בינלאומי,IL,"שקמה מרצ'ן לאגר בק' 330 מ""ל פיקדון",מיליליטרים,330.00,"100 מ""ל",false,1,14.90,4.5152,true,1,53192
7290110113926,false,פאנטה ZERO אורנג 0.5 חייב פקדון,החברה המרכזית לייצור,IL,"פאנטה ZERO אורנג' 500 מ""ל",מיליליטרים,500.00,"100 מ""ל",false,1,7.90,1.5800,true,1,49898
7290110114787,false,נביעות+ מים מינרליים בטעם תפוח 1.5 ליטר,נביעות טבע הגליל בעמ,IL,נביעות+ בטעם תפוח 1.5 ליטר,ליטרים,1.50,ליטר,false,1,11.90,7.9333,true,1,52219
7290110114794,false,נביעות+ מים מינרליים בטעם אפרסק 1.5 ליטר,"נביעות טבע הגליל בע""\מ ,",IL,נביעות + בטעם אפרסק 1.5 ליטר,ליטרים,1.50,ליטר,false,1,11.90,7.9333,true,1,52220
7290110114800,false,נביעות+ מים מינרליים בטעם ענבים 1.5 ליטר,"נביעות טבע הגליל בע""\מ",IL,נביעות + בטעם ענבים 1.5 ליטר,ליטרים,1.50,ליטר,false,1,11.90,7.9333,true,1,52221
7290110114817,false,מים בטעם פרי מנגו 1.5 ל' נביעות,"נביעות טבע הגליל בע""\מ",IL,נביעות +פרי בטעם מנגו 1.5 ליטר,ליטרים,1.50,ליטר,false,1,11.90,7.9333,true,1,52222
7290110114848,false,נביעות+רכיבי פרי ליצ'י 1.5 ליטר פיקדון,"נביעות טבע הגליל בע""\מ",IL,נביעות + פרי בטעם ליצ'י 1.5 ליטר,ליטרים,1.50,ליטר,false,1,11.90,7.9333,true,1,52225
7290110114855,false,"נביעות מים מינרליים, שישיה 6 * 1.5 ליטר פקדון",נביעות טבע הגליל בעמ,IL,6 נביעות 1.5 ליטר,ליטרים,9.00,ליטר,false,6,15.90,1.7667,true,1,52226
7290110114886,false,פריגת סחוט טרי קלמנטינה 2 ליטר,פריגת מצוננים,IL,סחוט קלמנטינה,ליטרים,2.00,ליטר,false,1,32.90,16.4500,true,1,52228
7290110114893,false,פריגת סחוט טרי תפוז 2 ליטר,פריגת מצוננים,IL,סחוט תפוזים קלאסי 2 ליטר,ליטרים,2.00,ליטר,false,1,32.90,16.4500,true,1,52229
7290110114916,false,מיץ סחוט לימונענע פריגת 2 ליטר,פריגת מצוננים,IL,סחוט לימונענע 2 ליטר,ליטרים,2.00,ליטר,false,1,32.90,16.4500,true,1,52230
7290110114961,false,משקה קל תפוזים פריגת 1.5 ליטר,מבשלות בירה בינלאומיות ב,IL,"פריגת תפוזים, 1.5 ליטר",ליטרים,1.50,ליטר,false,1,10.50,7.0000,true,1,52231
7290110114985,false,משקה קל אשכוליות פריגת 1.5 ליטר,מבשלות בירה בינלאומיות ב,IL,פריגת בטעם אשכוליות 1.5 ליטר,ליטרים,1.50,ליטר,false,1,10.50,7.0000,true,1,52233
7290110115043,false,משקה קל לימונענע פריגת 1.5 ליטר,מבשלות בירה בינלאומיות ב,IL,משקה קל פירות לימונענע,ליטרים,1.50,ליטר,false,1,10.50,7.0000,true,1,52236
7290110115050,false,פריגת מיקס תות בננה 1.5 ליטר פיקדון,מבשלות בירה בינלאומיות ב,IL,פריגת טעם תות בננה 1.5 ליטר,ליטרים,1.50,ליטר,false,1,10.50,7.0000,true,1,52237
7290110115081,false,פריגת צלול ענבים 1.5 ליטר פיקדון,"מבשלות בירה לישראל בע""\מ",IL,פריגת צלול משקה קל ענבים תפוחים,ליטרים,1.50,ליטר,false,1,10.50,7.0000,true,1,52238
7290110115180,false,מים מינרלים נביעות 1.5 ליטר,"נביעות טבע הגליל בע""",IL,נביעות 1.5 ליטר,ליטרים,1.50,ליטר,false,1,6.20,4.1333,true,1,52344
7290110115234,false,קוקה-קולה זירו נטול בקבוק 1.5 ליטר,החברה המרכזית לייצור משק,IL,קוקה קולה ZERO נטול 1.5 ליטר,ליטרים,1.50,ליטר,false,1,9.90,6.6000,true,1,52250
7290110115241,false,קוקה-קולה זירו לימון בקבוק 1.5 ליטר,החברה המרכזית לייצור משק,IL,קוקה קולה ZERO לימון 1.5 ליטר,ליטרים,1.50,ליטר,false,1,9.90,6.6000,true,1,52251
7290110115289,false,ספרייט 19 קל' לימון-נענע 1.5 ליטר פיקדון,החברה המרכזית לייצור משק,IL,ספרייט 19 קל' לימון-נענע 1.5 ליטר,ליטרים,1.50,ליטר,false,1,9.90,6.6000,true,1,52255
7290110115296,false,משקה מוגז אורנג' פאנטה 1.5 ליטר,החברה המרכזית לייצור משק,IL,פאנטה אורנג' 1.5 ליטר,ליטרים,1.50,ליטר,false,1,9.90,6.6000,true,1,52256
7290110115319,false,פאנטה אקזוטיק 1.5 ליטר פיקדון,החברה המרכזית לייצור משק,IL,פאנטה אקזוטיק 1.5 ליטר,ליטרים,1.50,ליטר,false,1,9.90,6.6000,true,1,52258
7290110115364,false,שישייה קוקה קולה 1.5 ליטר פיקדון,החברה המרכזית לייצור משק,IL,קוקה קולה שישיות 1.5 ליטר,ליטרים,9.00,ליטר,false,6,52.90,5.8778,true,1,52261
7290110115418,false,מארז שישייה קוקה קולה זירו 1.5 ל',החברה המרכזית לייצור משק,IL,קולה ZERO שישיות 1.5 ליטר,ליטרים,9.00,ליטר,false,6,49.90,5.5444,true,1,52263
7290110115425,false,FUZE TEA גרין לימונענע -נענע 1.5 ליטר פיקדון,מבשלות בירה בינלאומיות ב,IL,פיוזטי גרין לימון נענע 1.5 ליטר,ליטרים,1.50,ליטר,false,1,10.00,6.6667,true,1,52264
7290110115449,false,אייס תה בטעם מנגו אננס 1.5ל' FUZE TEA,מבשלות בירה בינלאומיות ב,IL,פיוזטי מנגו אננס 1.5 ליטר,ליטרים,1.50,ליטר,false,1,10.00,6.6667,true,1,52266
7290110115456,false,"תה קר בטעם אפרסק 19 קלוריות ב- 100 מ""ל",מבשלות בירה בינלאומיות ב,IL,FUZE tea אפרסק 19 קל' 1.5 ליטר,ליטרים,1.50,ליטר,false,1,10.00,6.6667,true,1,52267
7290110115463,false,פיוז טי אפרסק 1.5 ליטר פיקדון,מבשלות בירה בינלאומיות ב,IL,פיוזטי אפרסק 1.5 ליטר,ליטרים,1.50,ליטר,false,1,10.00,6.6667,true,1,52268
7290110115494,false,תה קר בטעם ענבים פיוז טי 1.5 ליטר,מבשלות בירה בינלאומית בע,IL,פיוזטי ענבים 1.5 ליטר,ליטרים,1.50,ליטר,false,1,10.00,6.6667,true,1,52271
7290110115593,false,פריגת אשכוליות 40% פחות סוכר 1.5 ליטר פיקדון,מבשלות בירה בינלאומיות ב,IL,"פריגת משק""ל אשכוליות 40% פחות סוכר 1.5 ליטר",ליטרים,1.50,ליטר,false,1,10.50,7.0000,true,1,52276
7290110115609,false,"פריגת משק""ל ענבים 40% פחות סוכר 1.5 ליטר",מבשלות בירה בינלאומיות ב,IL,"פריגת משק""ל ענבים 40% פחות סוכר 1.5 ליטר",ליטרים,1.50,ליטר,false,1,10.50,7.0000,true,1,52277
7290110115616,false,אייס תה בטעם גרין אננס 1.5ל' FUZE TEA,מבשלות בירה בינלאומיות ב,IL,פיוזטי ZERO גרין אננס 1.5 ליטר,ליטרים,1.50,ליטר,false,1,10.00,6.6667,true,1,52320
7290110115623,false,משקה פיוז טי זירו ZERO בטעם אפרסק,מבשלות בירה בינלאומיות ב,IL,פיוזטי ZERO אפרסק 1.5 ליטר,ליטרים,1.50,ליטר,false,1,10.00,6.6667,true,1,52321
7290110115654,false,"פיוז טי זירו גרין אננס, 500 מ""ל",מבשלות בירה בינלאומי,IL,פיוזטי ZERO גרין אננס 0.5 ליטר,מיליליטרים,500.00,"100 מ""ל",false,1,8.50,1.7000,true,1,52319
7290110115661,false,"פיוז טי זירו בטעם אפרסק 500 מ""ל",מבשלות בירה בינלאומי,IL,פיוזטי ZERO אפרסק 0.5 ליטר,מיליליטרים,500.00,"100 מ""ל",false,1,8.50,1.7000,true,1,52318
7290110115692,false,משקה קל בטעם מלון עם קוביות אלוורה,החברה המרכזית למשקאו,TW,"פריגת קוביות מלון אלוורה 315 מ""ל",מיליליטרים,315.00,"100 מ""ל",false,1,10.90,3.4603,true,1,53554
7290110115739,false,פריגת קוביות בטעם פינקולדה עם קוביות ג'ל קוקוס,החברה המרכזית למשקאו,TW,"פריגת קוביות פינקולדה קוקוס 315 מ""ל",מיליליטרים,315.00,"100 מ""ל",false,1,10.90,3.4603,true,1,53553
7290110115777,false,נביעות .ל1.5 מים מינרלים,נביעות,,מים נביעות בקבוק 1.5 ליטר,ליטרים,1.50,ליטר,false,1,6.20,4.1333,true,1,52345
7290110115838,false,ספרייט לימון- ליים 1.5 ליטר,"אינסטנטה בע""מ",IL,ספרייט זירו בקבוק 1.5 ליטר,ליטרים,1.50,ליטר,false,1,9.90,6.6000,true,1,52254
7290110115845,false,קוקה קולה 1.5 ליטר פיקדון,"אינסטנטה בע""מ",IL,קוקה קולה בקבוק 1.5 ליטר,ליטרים,1.50,ליטר,false,1,9.90,6.6000,true,1,52247
7290110115852,false,דיאט קוקה קולה 1.5 ליטר -,תות תעשיות מזון (201,IL,קוקה קולה דיאט בקבוק 1.5 ליטר,ליטרים,1.50,ליטר,false,1,9.90,6.6000,true,1,52248
7290110115869,false,קוקה קולה זירו 1.5 ליטר פיקדון,תות תעשיות מזון (201,IL,קוקה קולה זירו בקבוק 1.5 ליטר,ליטרים,1.50,ליטר,false,1,9.90,6.6000,true,1,52249
7290110115876,false,קינלי סודה 1.5ליטר-,"אינסטנטה בע""מ",IL,סודה קינלי 1.5 ליטר,ליטרים,1.50,ליטר,false,1,4.90,3.2667,true,1,52260
7290110116040,false,פאנטה זירו פירות כחולים 1.5 ליטר.,החברה המרכזית לייצור משק,IL,פאנטה זירו כחול 1.5 ליטר,ליטרים,1.50,ליטר,false,1,9.90,6.6000,true,1,53231
7290110116064,false,פאנטה ZERO פירות ירוק 1.5 ליטר פיקדון,החברה המרכזית לייצור משק,IL,פאנטה זירו ירוק 1.5 ליטר,ליטרים,1.50,ליטר,false,1,9.90,6.6000,true,1,53232
7290110116200,false,מים 0 קלוריות בטעם לימון-ליים 0.5 ל נביעות,"נביעות טבע הגליל בע""",TW,נביעות+ 0 קלוריות לימון ליים 0.5 ליטר,מיליליטרים,500.00,"100 מ""ל",false,1,8.50,1.7000,true,1,53934
7290110116217,false,נביעות+ סדרת 0 קלוריות אשכוליות 1.5 ליטר,"נביעות טבע הגליל בע""\מ",IL,נביעות+ 0 קלוריות בטעם אשכולית 1.5 ליטר,ליטרים,1.50,ליטר,false,1,11.90,7.9333,true,1,53931
7290110116224,false,נביעות 0 קלוריות בטעם אשכולית 0.5 ליטר,"נביעות טבע הגליל בע""",TW,נביעות+ 0 קלוריות אשכולית 0.5 ליטר,מיליליטרים,500.00,"100 מ""ל",false,1,8.50,1.7000,true,1,53933
7290110116385,false,"פחיות סטפאני מרשמלו אבטיח תות זירו 330 מ""ל",החברה המרכזית לייצור משק,IL,קולה קולה זירו סטאפני 330 מל,מיליליטרים,330.00,"100 מ""ל",false,1,7.90,2.3939,true,1,53444
7290110116576,false,"ספרייט זירו LEMON HIT בקבוק 500 מ""ל",החברה המרכזית לייצור משק,IL,"ספרייט זירו למון היט 500 מ""ל",מיליליטרים,500.00,"100 מ""ל",false,1,7.90,1.5800,true,1,54119
7290110320591,false,גבינה בולגרית במרקם מעודן 16% פיראוס,תנובה חלב,IL,פיראוס בולגרית 16% שומן במרקם מעודן,גרמים,250.00,100 גרם,false,1,24.90,9.9600,true,1,36562
7290110320850,false,פתיתים גבינה חצי קשה מגורדת 28% שומן,תנובה מרכז שיתופי לש,IL,עמק פתיתים 28% שומן 200 גרם,גרמים,200.00,100 גרם,false,1,16.50,8.2500,true,1,37265
7290110320935,false,גבינת מוצרלה תנובה 150ג' פרוסות,תנובה מרכז שיתופי לש,IL,פרוסות מוצרלה קולקשיין 150 גרם,גרמים,150.00,100 גרם,false,1,19.90,13.2667,true,1,37142
7290110321031,false,מעדן חלב GO יוגורט מועשר בחלבון טבעי 200 ג' יופלה,"תנובה, מחלבת אלון תב",IL,GO יוגורט יופלה שומן 20 וחלבון 200 גרם,גרמים,200.00,100 גרם,false,1,6.80,3.4000,true,1,37066
7290110321048,false,יופלהGO מתיקות מעודנ200ג,תנובה חלב,IL,יוגורט יופלה GO במתיקות מעודנת 200 גרם,גרמים,200.00,100 גרם,false,1,6.80,3.4000,true,1,37067
7290110321277,false,קוטג' בקטנה 5% תנובה 100 גרם מהדרין,פארייפאבה אגרואינדוס,IL,תנובה קוטג' 5% בקטנה 100 גרם,גרמים,100.00,100 גרם,false,1,2.70,2.7000,true,1,37769
7290110321284,false,קוטג' בקטנה 9% תנובה 100 גרם מהדרין,פארייפאבה אגרואינדוס,IL,תנובה קוטג' 9% בקטנה 100 גרם,גרמים,100.00,100 גרם,false,1,2.70,2.7000,true,1,37770
7290110321604,false,קוביות בולגרית מעודנת 5%+גרעינים,תנובה חלב,IL,פיראוס קוביות בולגרית מעודנת 5% שומן,לא מנהל יחידת מידה,0.00,לא מנהל יחידת מידה,false,1,24.90,0.0000,true,1,39378
7290110321680,false,יוגורט GO בטעם תות 20 גרם חלבון בגביע,מיוצר עי קונדיטוריית,IL,יוגורט עם תות בתוספת חלבוני חלב,גרמים,200.00,100 גרם,false,1,6.80,3.4000,true,1,38173
7290110321697,false,יוגורט GO בטעם אפרסק 20 גרם חלבון בגביע,מיוצר עי קונדיטוריית,IL,יוגורט עם אפרסק בתוספת חלבוני חלב,גרמים,200.00,100 גרם,false,1,6.80,3.4000,true,1,38174
7290110321703,false,יוגורט עם פירות יער בתוספת חלבוני חלב 2% שומן,מיוצר עי קונדיטוריית,IL,יוגורט עם פירות יער מועשר בחלבון,גרמים,200.00,100 גרם,false,1,6.80,3.4000,true,1,39096
7290110321789,false,גבינת מסקרפונה 38% השף הלבן 250 גרם,תנובה חלב,IL,קרם מסקרפונה250גרם,גרמים,250.00,100 גרם,false,1,23.90,9.5600,true,1,38280
7290110322014,false,טופו טבעי ALTERNATIVE 300 גרם,שוורצקוף& הנקל דיסלד,IL,טופו טבעי 300 גרם,גרמים,300.00,100 גרם,false,1,13.90,4.6333,true,1,39372
7290110322021,false,"תנובה טופו בזיליקום 300 גר' בד""צ",שוורצקוף& הנקל דיסלד,IL,טופו בטעם בזיליקום,גרמים,300.00,100 גרם,false,1,13.90,4.6333,true,1,42655
7290110323066,true,משקה יוגורט מועשר בח,מיוצר עי קונדיטוריית,IL,משקה יוגורט GO 20מועשר בחלבון בננה ואפר,מיליליטרים,236.00,"100 מ""ל",false,1,7.20,3.0508,true,1,40441
7290110323073,false,משקה יוגורט מועשר בחלבון תות פטל 1% 250מ,מיוצר עי קונדיטוריית,IL,משקה יוגורט יופלה GO 20 מועשר בחלבון תו,מיליליטרים,236.00,"100 מ""ל",false,1,7.20,3.0508,true,1,40442
7290110323301,false,טל העמק בסגנון אמנטל 32% שומן 200 גרם,עמק - תנובה,IL,גבינה צהובה טל העמק 32% שומן 200 גרם,גרמים,200.00,100 גרם,false,1,19.90,9.9500,true,1,40846
7290110323585,true,יוגורט עם דובדבן מופ,מיוצר עי קונדיטוריית,IL,יוגורט עם דובדבן מופחת קולוריות GO200גרם,גרמים,200.00,100 גרם,false,1,6.80,3.4000,true,1,40642
7290110323592,true,יוגורט עם אפרסק מופח,מיוצר עי קונדיטוריית,IL,יוגורט עם אפרסק מופחת קולוריות GO200גרם,גרמים,200.00,100 גרם,false,1,6.80,3.4000,true,1,40643
7290110323714,false,משקה קוקוס שקדים תנובה 1 ליטר,מיוצר עי קונדיטוריית,IL,משקה קוקוס שקדים תנובה 1 ליטר,ליטרים,1.00,ליטר,false,1,14.90,14.9000,true,1,41013
7290110324070,false,גבינת חלומי מחלב בקר תנובה 200 גרם,"תנובה בע""\מ",IL,גבינת חלומי מחלב בקר 22% שומן 200 גרם,גרמים,200.00,100 גרם,false,1,22.90,11.4500,true,1,42070
7290110324353,false,יוגורט GO לייט בטעם אננס 20 גרם חלבון בגביע,מיוצר עי קונדיטוריית,IL,יופלה GO לייט בטעם אננס 200גרם,גרמים,200.00,100 גרם,false,1,6.80,3.4000,true,1,41866
7290110324704,false,טופו מתובל פרובנס 300 ג,"תנובה בע""\מ",IL,טופו מתובל בסגנון פרובנס 300גרם,גרמים,300.00,100 גרם,false,1,12.90,4.3000,true,1,41869
7290110324711,false,ממרח סויה 9% שומן בטעם טבעי תנובה 250 גרם,מיוצר עי קונדיטוריית,IL,ממרח סויה 9% בטעם טבעי,גרמים,250.00,100 גרם,false,1,10.90,4.3600,true,1,41870
7290110324728,false,ממרח סויה 9% שומן עם שום שמיר תנובה 250 גרם,מיוצר עי קונדיטוריית,IL,ממרח סויה 9% עם שום שמיר,גרמים,250.00,100 גרם,false,1,10.90,4.3600,true,1,41871
7290110324841,false,מעדן שקדים עם שוקולד מריר תנובה 125 גרם,מיוצר עי קונדיטוריית,IL,מעדן שקדים עם שוקולד מריר אלטרנטיב 125גר,גרמים,125.00,100 גרם,false,1,4.70,3.7600,true,1,43911
7290110324858,false,מעדן שקדים בטעם אגוזי לוז תנובה 125 גרם,מיוצר עי קונדיטוריית,IL,מעדן שקדים בטעם אגוזי לוז אלטרנטיב 125 ג,גרמים,125.00,100 גרם,false,1,4.70,3.7600,true,1,43912
7290110324872,false,פרוסות גבינה צהובה גלבוע 5%,גלבוע - תנובה,IL,גבינת גלבוע 5% שומן 200 גרם,גרמים,200.00,100 גרם,false,1,19.90,9.9500,true,1,44168
7290110324926,false,משקה סויה ללא תוספת סוכר 1 ליטר,תנובה מרכז שיתופי לש,IL,משקה סויה ללא תוספת סוכר 1 ליטר,ליטרים,1.00,ליטר,false,1,13.50,13.5000,true,1,43921
7290110325121,false,"משקה יוגורט יופלה גו לייט מנגו אננס 250 מ""ל","תנובה בע""\מ",IL,משקה יוגורטGO לייט מנגו אננס 250מל,מיליליטרים,250.00,"100 מ""ל",false,1,7.20,2.8800,true,1,42550
7290110325169,false,פרוסות גאודה תנובה 170 גרם,תנובה חלב,IL,פרוסות גאודה קולקשיין 170 גרם,גרמים,170.00,100 גרם,false,1,22.90,13.4706,true,1,45288
7290110325305,false,יופלה GO סויה 20 גרם חלבון במתיקות מעודנת תנובה 200 גרם,מיוצר עי קונדיטוריית,IL,מעדן סויהGO 20 גרם חלבון במתיקות מעודנת 200גרם,גרמים,200.00,100 גרם,false,1,6.20,3.1000,true,1,43915
7290110325312,false,יופלה GO סויה 20 גרם חלבון בטעם תות תנובה 200 גרם,"תנובה בע""\מ",IL,מעדן סויה GO 20 גרם חלבון בטעם תות 200גרם,גרמים,200.00,100 גרם,false,1,6.20,3.1000,true,1,43914
7290110325619,false,אלטרנטיב משקה שיבולת שועל 1 ליטר,מיוצר עי קונדיטוריית,IL,משקה שיבולת שועל 1ליטר,ליטרים,1.00,ליטר,false,1,14.90,14.9000,true,1,44673
7290110325626,false,"משקה שקדים ללת""ס 1 ליטר",תנובה,IL,"משקה שקדים לל""ס 1ליטר",ליטרים,1.00,ליטר,false,1,14.90,14.9000,true,1,46002
7290110325893,false,משקה חלב GO מועשר בחלבון בטעם אייס קפה,מיוצר עי קונדיטוריית,IL,תנובה GO אייס קפה 340 מל,מיליליטרים,340.00,"100 מ""ל",false,1,8.90,2.6176,true,1,44678
7290110326173,false,שוקולד לבן yolo coocies קרם עוגיות בתוספת עוגיות ונטיפי שוקולד,תנובה חלב,IL,יולו קוקיס שוקולד לבן בטעם קרם עוגיות ב,גרמים,120.00,100 גרם,false,1,5.80,4.8333,true,1,45198
7290110326210,false,יופלה און טופ פצפוצים תנובה 157 גרם,מיוצר עי קונדיטוריית,IL,יופלה און טופ פצפוצים 157 גרם,גרמים,157.00,100 גרם,false,1,5.70,3.6306,true,1,45290
7290110326234,false,יופלה און טופ כוכבים תנובה 157 גרם,מיוצר עי קונדיטוריית,IL,יופלה און טופ כוכבים 157 גרם,גרמים,157.00,100 גרם,false,1,5.70,3.6306,true,1,45291
7290110326333,false,פרוסות גבינה סקנדינבית תנובה 170 גרם,פ.פ.ח. שאביט,IL,פרוסות גבינה סקנדינבית קולקשיין 170 גרם,גרמים,200.00,100 גרם,false,1,21.90,10.9500,true,1,50091
7290110326548,false,קוטג' מיורן+זעתר5% 250גר,תנובה בעמ,IL,קוטג מועשר בסידן 250ג מיורן וזעתר 5%,גרמים,250.00,100 גרם,false,1,5.80,2.3200,true,1,50082
7290110326906,false,חלב נטול לקטוז 3% שומן תנובה 1 ליטר,מיוצר עי קונדיטוריית,IL,חלב נטול לקטוז 3% 1 ליטר,ליטרים,1.00,ליטר,false,1,7.90,7.9000,true,1,49342
7290110326999,false,"משקה חלב עם שוקולד קלאסי YOLO 340 מ""ל",תנובה חלב,IL,"YOLO משקה חלב עם שוקולד קלאסי 340מ""ל",מיליליטרים,340.00,"100 מ""ל",false,1,8.50,2.5000,true,1,46196
7290110327033,false,משקה סויה תנובה גו מועשר בחלבון במתיקות מופחתת,מיוצר עי קונדיטוריית,IL,משקהמועשר בחלבון במתיקות מופחתת GO,לא מנהל יחידת מידה,0.00,לא מנהל יחידת מידה,false,1,14.90,0.0000,true,1,46456
7290110327064,false,משקה קפה שיבולת שועל בטעם קרמל 1 ליטר,תנובה Alternative,IL,משקה קפה שיבולת שועל בטעם קרמל 1 ליטר,ליטרים,1.00,ליטר,false,1,12.60,12.6000,true,1,46209
7290110327125,false,פטה 21% מחלב צאן במי מלח תנובה 200 גרם,תנובה חלב,GR,פיראוס פטה 21% מחלב צאן 200 גרם,גרמים,200.00,100 גרם,false,1,23.90,11.9500,true,1,50621
7290110327514,false,alternative משקה שיבולת שועל בטעם אגוזי לוז תנובה 1 ליטר,תנובה מרכז שיתופי לש,IL,משקה שיבולת שועל אלטרנטיב אגוזי לוז 1 ל,ליטרים,1.00,ליטר,false,1,14.90,14.9000,true,1,51998
7290110327545,false,יופלה און טופ בטעם תות בתוספת פצפוצים מצופים שוקולד 157 גרם,מיוצר עי קונדיטוריית,IL,יופלה אוןטופ תות תוספת פצפוצים מצופים157,גרמים,157.00,100 גרם,false,1,5.50,3.5032,true,1,52488
7290110327637,false,יופלה דיאט קיווי0% 150ג,תנובה בעמ,IL,יופלה דיאט בטעם קיווי 0% 150גרם,גרמים,150.00,100 גרם,false,1,5.50,3.6667,true,1,53527
7290110327798,false,חטיף חלבון GO בטעם שוקולד 20 גרם חלבון,"בלמונט קונפקציות בע""\מ.",US,GO חטיף חלבון בטעם שוקולד 60 גרם,גרמים,60.00,100 גרם,false,1,13.90,23.1667,true,1,50972
7290110327811,false,חטיף חלבון GO בטעם קוקוס 20 גרם חלבון,"בלמונט קונפקציות בע""\מ.",US,GO חטיף חלבון עם קוקוס 60 גרם,גרמים,60.00,100 גרם,false,1,13.90,23.1667,true,1,50974
7290110327828,false,חטיף חלבון GO בטעם חמאת בוטנים 20 גרם חלבון,"בלמונט קונפקציות בע""\מ.",US,GO חטיף חלבון עם חמאת בוטנים 60 גרם,גרמים,60.00,100 גרם,false,1,13.90,23.1667,true,1,50975
7290110328016,false,משקה סויה מועשר בחלבון בטעם אגוזי לוז 250 גרם,תנובה מרכז שיתופי לש,IL,"משקה סויה מועשר בחלבון בטעם אגוזי לוז 250 מ""ל",מיליליטרים,250.00,"100 מ""ל",false,1,7.50,3.0000,true,1,50287
7290110328023,false,משקה סויה מועשר בחלבון בטעם קפה 250 גרם,תנובה מרכז שיתופי לש,IL,"משקה סויה מועשר בחלבון בטעם קפה 250 מ""ל",מיליליטרים,250.00,"100 מ""ל",false,1,7.50,3.0000,true,1,50286
7290110328146,false,פתיתים בסגנון גאודה200ג,"קבוצת מיבל, מיפה א.ג פרנ",CH,פתיתים בסגנון גאודה אלטרנטיב 200 גרם,גרמים,200.00,100 גרם,false,1,24.90,12.4500,true,1,50717
7290110328221,false,יוגורט נטול לקטוז 200גרם,מיוצר עי קונדיטוריית,IL,יוגורט תנובה נטול לקטוז 3% 200 גרם,גרמים,200.00,100 גרם,false,1,4.20,2.1000,true,1,50185
7290110328481,false,פתיתי פרמג'יאנו רג'יאנו מחלב בקר 30%,ברטינלי גיאני א.,IT,פתיתי פרמגאנו רגיאנו קולקשיין 100 גרם,גרמים,100.00,100 גרם,false,1,18.90,18.9000,true,1,50724
7290110328504,false,מיקס פתיתי 3 גבינות- מוצרלה סקנדינבית וגאודה,מיוצר עי קונדיטוריית,IL,מיקס גבינות מוצרלה סקנדינבית וגאודה השף,גרמים,300.00,100 גרם,false,1,29.90,9.9667,true,1,50725
7290110328580,false,יוגורט תנובה טבעי 5% גביע 200 גרם,מיוצר עי קונדיטוריית,IL,יוגורט תנובה 5% 200 גרם,גרמים,200.00,100 גרם,false,1,3.50,1.7500,true,1,51999
7290110328610,false,אלטרנטיב בריסטה משקה אורז ושקדים 1 ליטר,תנובה Alternative,IL,משקה אורז ושקדים בריסטה אלטרנטיב 1 ליטר,ליטרים,1.00,ליטר,false,1,14.90,14.9000,true,1,50996
7290110328627,false,יוגורט יופלה GO במרקם סמיך בטעם בננה קרמל 0%,מיוצר עי קונדיטוריית,IL,יוגורט GO סמיך 0% בננה קרמל 200 גרם,גרמים,200.00,100 גרם,false,1,6.80,3.4000,true,1,50992
7290110328764,false,יוגורט יופלה GO במרקם סמיך עם תות 0%,מיוצר עי קונדיטוריית,IL,יוגורט GO סמיך 0% תות 200 גרם,גרמים,200.00,100 גרם,false,1,6.80,3.4000,true,1,50991
7290110328771,false,יוגורט יופלה GO במרקם סמיך עם פירות יער 0%,מיוצר עי קונדיטוריית,IL,יוגורט GO סמיך 0% פ. יער 200 גרם,גרמים,200.00,100 גרם,false,1,6.80,3.4000,true,1,50990
7290110328788,false,יוגורט יופלה GO במרקם סמיך בטעם אפרסק 0%,תנובה מרכז שיתופי לש,IL,יוגורט GO סמיך 0% אפרסק 200 גרם,גרמים,200.00,100 גרם,false,1,6.80,3.4000,true,1,50989
7290110328887,false,"חלב תנובה בקבוק 3%, כשרות מהדרין, 1 ליטר",תנובה מרכז שיתופי לש,IL,חלב 3% מהדרין 1 ליטר פיקוח בבקבוק,ליטרים,1.00,ליטר,false,1,6.23,6.2300,true,1,52625
7290110328955,false,קוביות גבינת עזים בשמן מתובל פיראוס 350 גרם,דודוני תעשיית החלב החקלא,GR,קוביות גבינת עזים בשמן פיראוס 350 גרם,גרמים,350.00,100 גרם,false,1,29.90,8.5429,true,1,52880
7290110329136,false,מעדן חלב מעושר בחלבון בטעם שוקולד 120 ג' GO,תנובה מרכז שיתופי לש,IL,מעדן חלב גו בטעם שוקולד 12 חלבון 120גרם,גרמים,120.00,100 גרם,false,1,5.70,4.7500,true,1,52000
7290110329143,false,מעדן חלב מעושר בחלבון בטעם וניל גביע 120 ג' GO,תנובה מרכז שיתופי לש,IL,מעדן חלב גו בטעם וניל 12 חלבון 120גרם,גרמים,120.00,100 גרם,false,1,5.70,4.7500,true,1,52001
7290110329266,false,יוגורט תנובה מחלב עיזים מלא תנובה 140 ג',קריות זול,IL,יוגורט תנובה מחלב עיזים 140 גרם,גרמים,140.00,100 גרם,false,1,6.80,4.8571,true,1,51600
7290110329273,false,יוגורט תנובה מחלב עיזים מלא 750 גרם,תנובה,IL,יוגורט תנובה מחלב עיזים 750 גרם,גרמים,750.00,100 גרם,false,1,22.90,3.0533,true,1,51601
7290110329303,false,פרוסות בטעם צהובה קלאסית אלטרנטיב 200 גר,תנובה Alternative,IL,פרוסות בטעם צהובה קלאסית אלטרנטיב 200 גר,גרמים,200.00,100 גרם,false,1,23.50,11.7500,true,1,52003
7290110329426,false,טופו טבעי עם רוטב קרם קוקוס קארי פיקנטי 250 גרם,תנובה חלב,IL,טופו אלטרנטיב עם רוטב קרם קוקוס קארי פ,גרמים,250.00,100 גרם,false,1,14.90,5.9600,true,1,52938
7290110329631,false,יוגורט יופלה וניל שכ,"תנובה בע""מ",IL,OLALAיופלה וניל תות 150 גרם,גרמים,150.00,100 גרם,false,1,5.50,3.6667,true,1,52350
7290110329655,false,יוגורט יופלה וניל שכ,"תנובה בע""מ",IL,OLALAיופלה וניל מרנג לימון 150 גרם,גרמים,150.00,100 גרם,false,1,5.50,3.6667,true,1,52348
7290110329686,false,"משקה חלב גו בטעם עוגיות 340 מ""ל",מיוצר עי קונדיטוריית,IL,משקה חלב GO בטעם עוגיות 340 מל,מיליליטרים,340.00,"100 מ""ל",false,1,8.90,2.6176,true,1,52004
7290110329709,false,יוגורט תנובה 0% 200 גרם,מיוצר עי קונדיטוריית,IL,יוגורט תנובה 0% 200 גרם,גרמים,200.00,100 גרם,false,1,3.50,1.7500,true,1,52006
7290110329716,false,משקה חלב קר בטעם קפוצ'ינו 230 גרם תנובה,תנובה מרכז שיתופי לש,IL,"משקה חלב עם קפה קפוצינו 230 מ""ל",מיליליטרים,230.00,"100 מ""ל",false,1,7.90,3.4348,true,1,53118
7290110329723,false,משקה חלב קר בטעם לאטה 230 גרם תנובה,תנובה מרכז שיתופי לש,IL,"משקה חלב עם קפה לאטה 230 מ""ל",מיליליטרים,230.00,"100 מ""ל",false,1,7.90,3.4348,true,1,53119
7290110329730,false,"משקה חלב עם שוקולד וקפה בסגנון לאטה 2.7%  230 מ""ל תנובה",תנובה מרכז שיתופי לש,IL,"משקה חלב עם קפה שוקולד 230 מ""ל",מיליליטרים,230.00,"100 מ""ל",false,1,7.90,3.4348,true,1,53120
7290110329792,false,יוגורט סויה BIO Alternative אפרסק 150 ג' תנובה,מיוצר עי קונדיטוריית,IL,סויה אלטרנטיב ביו אפרסק150 גרם,גרמים,150.00,100 גרם,false,1,5.00,3.3333,true,1,52369
7290110329808,false,יוגורט סויה BIO Alternative תות 150 ג' תנובה,מיוצר עי קונדיטוריית,IL,סויה אלטרנטיב ביו תות 150 גרם,גרמים,150.00,100 גרם,false,1,5.00,3.3333,true,1,52368
7290110329815,false,סויה BIO מתיקות מעודנת גביע 150 גרם Alternative,מיוצר עי קונדיטוריית,IL,סויה אלטרנטיב ביו מתיקות מעודנת150 גרם,גרמים,150.00,100 גרם,false,1,5.00,3.3333,true,1,52367
7290110329822,false,יוגורט סויה BIO Alternative פירות יער 150 ג' תנובה,מיוצר עי קונדיטוריית,IL,סויה אלטרנטיב ביו פירות יער 150 גרם,גרמים,150.00,100 גרם,false,1,5.00,3.3333,true,1,52386
7290110329839,false,alternative פרוסות בטעם צהובה עם זיתים 200 גרם,מיוצר עי קונדיטוריית,IL,פרוסות צהובה בטעם זיתים אלטרנטיב 200 גר,גרמים,200.00,100 גרם,false,1,23.50,11.7500,true,1,52007
7290110329846,false,יוגורט סויה BIO Alternative בטעם טבעי 150 ג' תנובה,מיוצר עי קונדיטוריית,IL,סויה אלטרנטיב ביו טבעי150 גרם,גרמים,150.00,100 גרם,false,1,5.00,3.3333,true,1,52370
7290110329914,false,"מאגדת משקה Alternative שיבולת שועל ושקדים 6*100 מ""ל תנובה",תנובה מרכז שיתופי לש,IL,מאגדת משקה שיבולת שועל ושקדים ביו אלטרנט,גרמים,600.00,100 גרם,false,6,19.90,3.3167,true,1,52497
7290110472016,false,כבל מטאלי 2 מטר שחורTYPE C,Unknown,,כבל 2 מטר - TYPE C,יחידה,1.00,יחידה,false,1,39.90,39.9000,true,1,43950
7290110472474,false,מתאם קיר TYPE C + כבל טעינה 1.5 מטר,Unknown,,מתאם קיר TYPE C,יחידה,1.00,יחידה,false,1,54.90,54.9000,true,1,43623
7290110474256,false,כבל aux iron man,Unknown,,כבל aux iron man,יחידה,1.00,יחידה,false,1,49.90,49.9000,true,1,43618
7290110474560,false,אוזניות מיקרופון NEW AGE SOUND,Unknown,,אוזניות מיקרופון NEW AGE SOUND,יחידה,1.00,יחידה,false,1,49.90,49.9000,true,1,43626
7290110476267,false,מטען קיר מאושר אפל 2,Unknown,,מטען קיר מאושר אפל 2,יחידה,1.00,יחידה,false,1,119.00,119.0000,true,1,50171
7290110552220,false,יוגורט PRO בטעם תות 0% סוכר לבן 20 גרם חלבון בגביע,"שטראוס בריאות בע""\מ",IL,'דנונה פרו 20גר' ללא סוכר תות,גרמים,200.00,100 גרם,false,1,6.90,3.4500,true,1,52398
7290110552237,false,יוגורט פרו בטעם אפרסק מנגו ללא סוכר 200 ג' דנונה,"שטראוס בריאות בע""\מ",IL,דנונה פרו 20גר' ללא סוכר אפרסק מנגו,גרמים,200.00,100 גרם,false,1,6.90,3.4500,true,1,52399
7290110553029,false,"אנרג'י קריספס-פריכיות חומוס, עדשים ואפונה עם קייל וסלק","פרח תעשיו מזון בע""מ",IL,אנרגי פריכיות חלבון קייל חומוס ומלח 60,גרמים,60.00,100 גרם,false,1,12.90,21.5000,true,1,52578
7290110553036,false,קריספס-פריכיות עם אפונה ובטטה סגולה בטעם בצל מקורמל,"פרח תעשיו מזון בע""מ",IL,אנרגי פריכיות חלבון בטטה סגולה ואפונה 60 גרם,גרמים,60.00,100 גרם,false,1,12.90,21.5000,true,1,52579
7290110553173,false,אנרגי פריכיות אורז בטעם קרמל 50 גרם,סאנורייס בלגיום,IL,אנרג`י פריכיות בטעם קרמל 40 גרם,מיליליטרים,40.00,"100 מ""ל",false,1,8.90,22.2500,true,1,53550
7290110553180,false,אנרגי פריכיות אורז בטעם תפוח קינמון 50 ג,סאנורייס בלגיום,IL,אנרג`י פריכיות בטעם תפוח קינמון 40 גרם,מיליליטרים,40.00,"100 מ""ל",false,1,8.90,22.2500,true,1,53551
7290110553401,false,בינז אייס קופי לאטה,מונסטרלנד לולף,DE,אייס קופי לאטה וניל BEANZ,מיליליטרים,250.00,"100 מ""ל",false,1,10.90,4.3600,true,1,53204
7290110553623,false,צ'יטוס קראנצ'י בטעם צ'דר חלפיניו - חלבי,"שטראוס פריטו ליי בע""\מ )",IL,ציטוס קראנץ צדר חלפיניו 80 גרם,גרמים,80.00,100 גרם,false,1,5.50,6.8750,true,1,53569
7290110553876,false,סלט גזר דליקטס 250 ג,שטראוס,IL,סלט גזר דליקטס 250 גרם,גרמים,250.00,100 גרם,false,1,12.90,5.1600,true,1,52875
7290110553913,false,סלט סלק דליקטס 250 ג,שטראוס,IL,סלט סלק דליקטס 250 גרם,גרמים,250.00,100 גרם,false,1,12.90,5.1600,true,1,52596
7290110554118,false,נודלס מלזי חריף עם טופו וירקות ברוטב קארי ירוק,"טרופיקל דגיל בע""מ אז",IL,נודלס מלזי חריף דלישס 350גרם,גרמים,350.00,100 גרם,false,1,26.90,7.6857,true,1,51808
7290110554125,false,"נודלס סצ'ואן חריף""דלישס"" שטראוס",אוכל ביתי ניר עציון,IL,נודלס סצואן חריף דלישס 350גרם,גרמים,350.00,100 גרם,false,1,26.90,7.6857,true,1,52634
7290110554453,false,בינז אייס קופי לאטה,מונסטרלנד לולף,DE,אייס קופי לאטה מוקה BEANZ,מיליליטרים,250.00,"100 מ""ל",false,1,10.90,4.3600,true,1,53205
7290110554699,false,"קפה עולה קפסולות אספרסו קלייה איטית וכהה מאוד, 10 * 50 ג'",שטראוס קפה בי.וי.,IL,קפסולות קפה אספרסו עולה 50 גרם,גרמים,50.00,100 גרם,false,1,18.90,37.8000,true,1,53545
7290110555092,false,לאבנה עם שמן זית וצ'ילי שטראוס 250 גרם,"מחלבות בר בכפר בע""\מ",IL,לאבנה עם שמן זית וצילי 250 גרם,גרמים,250.00,100 גרם,false,1,11.90,4.7600,true,1,52943
7290110555306,false,רבע לשבע טבעוני סינמון באן עלית 125 גרם,"הגביע מוצרי וופלים בע""\מ",IL,רבע לשבע טבעוני סינמון באן 125 גרם,גרמים,125.00,100 גרם,false,1,13.90,11.1200,true,1,53372
7290110556242,false,עלית - שוקולד מריר פרווה בדץ 100 גרם,"שטראוס גרופ בע""מ.",FR,שוקולד פרה מריר 100 גרם,גרמים,100.00,100 גרם,false,1,6.50,6.5000,true,1,53923
7290110557027,false,חומוס עשיר 50% טחינה גולמית 400 ג' אחלה,מיוצר עי קונדיטוריית,IL,חומוס הסדרה 50% טחינה 400גרם,גרמים,400.00,100 גרם,false,1,15.90,3.9750,true,1,52071
7290110557102,false,מעדן חלב עם שוקולד מועשר בחלבון 150 ג' שטראוס,מיוצר עי קונדיטוריית,IL,מעדן חלב עם שוקולד פרו 11 חלבון 150גרם,גרמים,150.00,100 גרם,false,1,5.00,3.3333,true,1,51587
7290110557126,false,משקה יוגורט דנונה רי,מיוצר עי קונדיטוריית,IL,דנונה ריפרש בננה תמר 250 מל,גרמים,250.00,100 גרם,false,1,5.90,2.3600,true,1,51788
7290110557133,false,מעדן הגולן וניל 125 ג' שטראוס,מיוצר עי קונדיטוריית,IL,מעדן הגולן וניל 125 גרם,גרמים,125.00,100 גרם,false,1,3.20,2.5600,true,1,51789
7290110558130,false,יוגורט אקטיביה עם שיבולת שועל ודבש 150 גרם,"שטראוס בריאות בע""\מ",IL,אקטיביה עם שיבולת שועל ודבש 150 גרם,גרמים,150.00,100 גרם,false,1,4.90,3.2667,true,1,53159
7290110558215,false,"דנונה קראנצ`פיסטוק עם פיצפוץ לבן קראנצי פיסטוק, 173 גרם","שטראוס בריאות בע""\מ",IL,דנונה בר קראנצ פיסטוק פצפוץ לבן 173 ג,גרמים,173.00,100 גרם,false,1,4.90,2.8324,true,1,54071
7290110558239,false,"וואו יוגורט עם שכבה בטעם קראק פאי 5.4%, 150 ג דנונה","שטראוס בריאות בע""\מ",IL,WOW דנונה קראק פאי 150גרם,גרמים,150.00,100 גרם,false,1,4.90,3.2667,true,1,53522
7290110558284,false,דנונה ביו מולטי שטראוס 200 גרם,"שטראוס בריאות בע""\מ",IL,דנונה ביו מולטי 200 גרם,מיליליטרים,200.00,"100 מ""ל",false,1,4.90,2.4500,true,1,53301
7290110558307,false,יוגורט דנונה PRO עם שיבולת שועל במתיקות מעודנת,"שטראוס בריאות בע""\מ",IL,דנונה פרו 20 גר עם שיבולת שועל 200גרם,גרמים,200.00,100 גרם,false,1,6.90,3.4500,true,1,52944
7290110558314,false,דנונה פרו 20 גרם חלבון ללא סוכר פיסטוק 200 גרם,"שטראוס בריאות בע""\מ",IL,דנונה פרו 20 גרםללא סוכר בטעם פיסטוק,גרמים,200.00,100 גרם,false,1,6.90,3.4500,true,1,53326
7290110558666,false,מעדן גבינה בטעם תפוח 88 ג' דניאלה,"שטראוס בריאות בע""\מ",IL,דניאלה בטעם תפוח 88גרם,גרמים,88.00,100 גרם,false,1,4.50,5.1136,true,1,54030
7290110559045,false,מילקשייק וניל+סירופ300מ,מחלבת יטבתה,IL,מילקשייק וניל עם סירופ שוקולד 300 מיל',מיליליטרים,300.00,"100 מ""ל",false,1,8.90,2.9667,true,1,53300
7290110559939,false,נתחי סויה בסגנון שווארמה ומג'דרה 350 גרם,אוכל ביתי ניר עציון,IL,נתחי סויה בסגנון שווארמה ומגדרה דלישס 3,גרמים,350.00,100 גרם,false,1,26.90,7.6857,true,1,52948
7290110560300,false,"הפריכיות הטעימות חומוס, עדשים שחורות, קינואה ופלפל שחור",אנרג'י Energy - שטראוס,IL,פריכיות משולשות- פלפל שחור,גרמים,30.00,100 גרם,false,1,5.90,19.6667,true,1,40471
7290110560317,false,"הפריכיות הטעימות חומוס, עדשים שחורות, קינואה ומלח ים","פרח תעשיו מזון בע""מ",IL,פריכיות משולשות- מלח ים,גרמים,30.00,100 גרם,false,1,5.90,19.6667,true,1,40472
7290110560324,false,"הפריכיות הטעימות תפו""א, אורז, אפונה ומלח ים","פרח תעשיו מזון בע""מ",IL,פריכיות משולשות- אפונה ירוקה,גרמים,30.00,100 גרם,false,1,5.90,19.6667,true,1,40473
7290110561352,false,דנונה יוגורט ביו פרוביוטי 3% דל לקטוז 150ג',"שטראוס בריאות בע""\מ",IL,דנונה דל לקטוז בתוספת סידן,גרמים,200.00,100 גרם,false,1,3.90,1.9500,true,1,38523
7290110563431,false,"משקה קפה קר בסגנון קלאסי 230 מ""ל 1.6% יוטבתה",האי נאם סי או אל.טי.,AT,משקה קפה קר בסגנון קלאסי 1.6%,מיליליטרים,230.00,"100 מ""ל",false,1,7.90,3.4348,true,1,41068
7290110563448,false,"משקה קפה קר בסגנון מעודן 230 מ""ל 1.6% יוטבתה",האי נאם סי או אל.טי.,AT,משקה קפה קר בסגנון מעודן 1.6%,מיליליטרים,230.00,"100 מ""ל",false,1,7.90,3.4348,true,1,41069
7290110563462,false,חלב 2% דל לקטוז בבקבוק יטבתה 1 ליטר.,מחלבת יטבתה,IL,חלב בבקבוק נטול לקטוז 2%,ליטרים,1.00,ליטר,false,1,8.90,8.9000,true,1,41265
7290110564339,false,חומוס אחלה הסידרה המובחר 30% טחינה 400 גר',מיוצר עי קונדיטוריית,IL,חומוס עשיר ב30% טחינה הסדרה המובחרת400,גרמים,400.00,100 גרם,false,1,15.90,3.9750,true,1,37777
7290110564360,false,חומוס אחלה הסידרה המובחר 40% טחינה 400 גר',מיוצר עי קונדיטוריית,IL,חומוס עשיר ב40% טחינה הסדרה המובחרת400 d,גרמים,400.00,100 גרם,false,1,15.90,3.9750,true,1,37778
7290110564414,false,חומוס אחלה הסידרה המובחר 30% טחינה 600 גר',מיוצר עי קונדיטוריית,IL,חומוס הסדרה המובחרת 30% טחינה 600 גרם,גרמים,600.00,100 גרם,false,1,17.90,2.9833,true,1,37776
7290110564742,false,"משקה קפה קר בסגנון חזק 230 מ""ל 1.2% יוטבתה",האי נאם סי או אל.טי.,AT,משקה קפה קר בסגנון חזק -חדש,מיליליטרים,230.00,"100 מ""ל",false,1,7.90,3.4348,true,1,41070
7290110565527,false,יוגורט PRO פרו 1.5% 20 גרם חלבון בגביע,"שטראוס בריאות בע""מ",IL,דנונה פרו 20 גר 1.5% שומן,גרמים,200.00,100 גרם,false,1,6.90,3.4500,true,1,37557
7290110566579,false,דבש לחיץ 200 גרם יד מרדכי,מכוורת יד מרדכי שטרא,IL,דבש בקבוק לחיץ 200 גרם,גרמים,200.00,100 גרם,false,1,13.90,6.9500,true,1,42248
7290110566975,false,דנונה פרו יוגורט 0% תות עשיר בחלבון 200ג',"שטראוס בריאות בע""\מ",IL,דנונה פרו 20 גר תות 0% שומן,גרמים,200.00,100 גרם,false,1,6.90,3.4500,true,1,38282
7290110568276,false,משקה וניל פרו Pro מועשר בחלבון 1.5%,שטראוס גרופ,DE,"משקה יטבתה פרו וניל 350 מ""ל",מיליליטרים,350.00,"100 מ""ל",false,1,6.90,1.9714,true,1,39091
7290110570125,false,"משקה קפה קר בטעם אייריש קרים230 מ""ל יוטבתה",אנסטל מילק kg,AT,קפה קר בטעם אייריש קרים 230מל,מיליליטרים,230.00,"100 מ""ל",false,1,7.90,3.4348,true,1,54072
7290110570224,false,"משקה קפה קר בטעם עוגיות יטבתה 230 מ""ל",אנסטל מילק kg,AT,משקה קפה קר בטעם עוגיות 230מל,מיליליטרים,230.00,"100 מ""ל",false,1,7.90,3.4348,true,1,53297
7290110571382,false,מעדן חלב בטעם וניל מעושר בחלבון 150 ג' שטראוס,"שטראוס בריאות בע""\מ",IL,מעדן חלב בטעם וניל מועשר בחלבון,גרמים,150.00,100 גרם,false,1,5.00,3.3333,true,1,52949
7290110572884,false,"קפסולות קפה מספר 20 למכונת אספרס אספרסו, 50 גרם",שטראוס קפה בי.וי.,IL,קפסולות אספרסו 20 שטראוס 50 גרם,גרמים,50.00,100 גרם,false,1,18.90,37.8000,true,1,54285
7290110576356,false,"שוקולד ספלנדיד מריר 64% - חלבי , מפולי קקאו מפרו",קימ'\ס גריפלנן,BE,ספלנדיד שוקולד מריר פרו 64%,גרמים,100.00,100 גרם,false,1,9.90,9.9000,true,1,54037
7290110576752,false,טבלאות שוקולד ספלנדיד מריר 70% 100 ג' עלית,קימ'\ס גריפלנן,BE,ספלנדיד מריר 70% 100 גרם,גרמים,100.00,100 גרם,false,1,10.90,10.9000,true,1,54154
7290110576776,false,טבלאות שוקולד ספלנדיד מריר 85% 100 ג' עלית,קימ'\ס גריפלנן,BE,ספלנדיד מריר 85% 100 גרם,גרמים,100.00,100 גרם,false,1,10.90,10.9000,true,1,54155
7290110576868,false,רבעיית גמדים סלט פירוט * 100 ג' שטראוס,"שטראוס בריאות בע""\מ",IL,גמדים רביעיית סלט פירות 400גרם,גרמים,400.00,100 גרם,false,1,11.90,2.9750,true,1,54074
7290110577230,false,משקה חלב בטעם פיסטוק בבקבוק יטבתה 1 ליטר,שטראוס גרופ,IL,משקה חלב בטעם פיסטוק 1 ליטר,ליטרים,1.00,ליטר,false,1,12.90,12.9000,true,1,54075
7290110577247,false,"משקה חלב בטעם פיסטוק יטבתה 350 מ""ל",שטראוס גרופ,IL,משקה חלב בטעם פיסטוק 350 מל,מיליליטרים,350.00,"100 מ""ל",false,1,6.90,1.9714,true,1,54076
7290110577711,false,"משקה שייק חלבון מי גבינה עם אפרסק ומנגו350מ""ל יטבתה",מחלבת יטבתה,IL,שייק חלבון מי גבינה אפרסק ומנגו 350 מל,מיליליטרים,350.00,"100 מ""ל",false,1,7.90,2.2571,true,1,54452
7290110856243,false,ציל סיגריה אלקטרונית,Unknown,CN,ציל סיגריה אלקטרונית 2800 שאיפות ענבים,יחידה,1.00,יחידה,false,1,69.90,69.9000,false,1,53211
7290110856250,false,ציל סיגריה אלקטרונית,Unknown,CN,ציל סיגריה אלקטרונית 2800 שאיפות תפוח,יחידה,1.00,יחידה,false,1,69.90,69.9000,false,1,53216
7290110856267,false,ציל סיגריה אלקטרונית,Unknown,CN,ציל סיגריה אלקטרונית 2800 שאיפות אבטיח,יחידה,1.00,יחידה,false,1,69.90,69.9000,false,1,53215
7290110856373,false,ציל סיגריה אלקטרונית,Unknown,CN,ציל סיגריה אלקטרונית 2800 שאיפות תפוח אפרסק,יחידה,1.00,יחידה,false,1,69.90,69.9000,false,1,53214
7290110856380,false,ציל סיגריה אלקטרונית,Unknown,CN,ציל סיגריה אלקטרונית 2800 שאיפות תות בננה,יחידה,1.00,יחידה,false,1,69.90,69.9000,false,1,53213
7290110856502,false,ציל סיגריה אלקטרונית,Unknown,CN,שייל סיגריה אלקטרונית 2800 אבטיח תות,יחידה,1.00,יחידה,false,1,119.90,119.9000,false,1,53230
7290110856519,false,ציל סיגריה אלקטרונית,Unknown,CN,ציל סיגריה אלקטרונית 2800 שאיפות פטל,יחידה,1.00,יחידה,false,1,69.90,69.9000,false,1,53217
7290111341816,false,נייר אפייה בגליל עם סיכון חיתוך,אופל,IL,נייר אפייה בגליל עם,לא מנהל יחידת מידה,0.00,לא מנהל יחידת מידה,false,1,22.90,0.0000,true,1,41109
7290111342042,false,ניקול כריות יפניות אנטיבקטריאלי 4 יחידות,פלסטו פוליש,IL,ניקול כריות יפניות אנטיבקטריאלי,גרמים,280.00,100 גרם,false,1,13.90,4.9643,true,1,45032
7290111342059,false,50 מטליות מיקרופייבר לשטחים אנטיבקטריאלי ניקול,ניקול,IL,מטליות לחות לניקוי וחיטוי משטחים אנטיבקטריאלי,לא מנהל יחידת מידה,0.00,לא מנהל יחידת מידה,false,1,15.90,0.0000,true,1,45031
7290111343858,false,ניקול מטליות לחות לרצפה אנטיבקרטריאלי 10 יחידות,עלבד משואות יצחק,IL,ניקול מטליות לחות לרצפה אנטיבקטריאלי 10,לא מנהל יחידת מידה,0.00,לא מנהל יחידת מידה,false,1,16.90,0.0000,true,1,46256
7290111344732,false,קלינקס - טיישו אלרג'י קומפורט ניילון זוגות 140 דף,קימברלי קלארק,IL,קלינקס אלרגי קומפורט זוג 2 * 70 יחידות,יחידה,1.00,יחידה,false,1,15.90,15.9000,true,1,51988
7290111345814,false,נייר טואלט לילי נטורל קר 30 גלילים מהדורה,לילי נייר טואלט חוגלה,IL,נייר טואלט לילי נטורל קר 30 גלילים,יחידה,1.00,יחידה,false,1,38.90,38.9000,true,1,52390
7290111346088,false,נייר טואלט מולט דו שכבתי 30 גל,חוגלה קימברלי,IL,נייר טואלט מולט 30 גלילים,יחידה,1.00,יחידה,false,1,29.90,29.9000,true,1,53429
7290111346125,false,מארז שלישייה מגבוני דיילי קר ללא בישום *56 יח' האגיס,קימברלי,IL,מגבוני האגיס ללא בושם דיילי שלישיה,יחידה,3.00,יחידה,false,3,18.90,6.3000,true,1,54468
7290111346132,false,מארז שלישייה מגבוני סנסטיב קר ללא בישום *56 יח' האגיס,עלבד,IL,מגבוני האגיס סנסטיב קר שלישייה,יחידה,3.00,יחידה,false,3,18.90,6.3000,true,1,54469
7290111346293,false,מגבת נייר ניקול 6 יחידות מהדורה חגיגית,קימברלי קלארק,IL,מגבת נייר ניקול שישייה מהדורה,יחידה,6.00,יחידה,false,1,12.90,2.1500,true,1,53187
7290111350719,false,חטיף נאצוס הוטפופ בסגנון מסעדות 322 גר,ליימן מותגים,US,נאצוס הוטפופ מסעדות 332 גרם,גרמים,332.00,100 גרם,false,1,17.90,5.3916,true,1,41410
7290111350726,false,חטיף נאצוס הוטפופ בסגנון מקסיקני 322 גר,ליימן מותגים,US,נאצוס הוטפופ מקסיקני 332 גרם,גרמים,332.00,100 גרם,false,1,17.90,5.3916,true,1,41409
7290111351280,false,תערובת אגוזים קלויים ללא מלח 150 גרם קליית גת,קליית גת,IL,תערובת אגוזים קלויים ללא מלח 150 ג,גרמים,150.00,100 גרם,false,1,22.90,15.2667,true,1,41140
7290111563492,false,סלטי צבר מטבוחה חריפה מרובע 6*400גרם,סלטי צבר,IL,סלטי צבר מטבוחה חריפה מרובע 6*400גרם,גרמים,400.00,100 גרם,false,1,14.90,3.7250,true,1,38159
7290111564277,false,פריכיות דקות ונימוחות 3 דגנים פיטנס Fitness,פרח תעשיות בעמ,IL,פיטנס פריכיות 3 דגנים דקות 12*120גרם,גרמים,120.00,100 גרם,false,1,11.90,9.9167,true,1,36805
7290111564291,false,פריכיות דקות ונימוחות 3 דגנים וקינואה פיטנס Fitness,פרח תעשיות בעמ,IL,פיטנס פריכיות דקות עם קינואה 12*120גרם,גרמים,120.00,100 גרם,false,1,11.90,9.9167,true,1,36806
7290111564727,false,עוגיות אסם קרמוגית וקרם אגוזים אסם 200ג',מיוצר עי קונדיטוריית,IL,קרמוגית במילוי קרם אגוזים,גרמים,200.00,100 גרם,false,1,14.50,7.2500,true,1,37707
7290111564956,false,"ביסלי במבה מיקס 200 גרם ""אסם""",פרו מן יו פתרונות אריזה,IL,ביסלי במבה מיקס 18*200גרם,גרמים,200.00,100 גרם,false,1,11.90,5.9500,true,1,37191
7290111565502,false,ארטיק אוראו וניל ועוגיות סנדוויץ נסטלה 80 ג',ג'נרל מילס סאן אדריא,IT,גלידה סנדויץ אוריאו 80 גרם,גרמים,80.00,100 גרם,false,1,9.90,12.3750,true,1,37739
7290111565809,false,פרפקטו קנלוני *250ג,ג'יגליו,IT,פרפקטו קנלוני 12*250גרם חדש,גרמים,250.00,100 גרם,false,1,12.90,5.1600,true,1,38273
7290111566127,false,מעדן אוראו קפוא בטעם וניל עם עוגיות בטעם שוקולד,ג'נרל מילס סאן אדריא,IT,אוראו מאגדת סנדביץ 8 6*33ג 12364441,גרמים,198.00,100 גרם,false,1,29.50,14.8990,true,1,37737
7290111566240,false,שניצל דק מן הצומח בטעם צ'ילי חריף 700 גרם,עיצובים 2020 (4.8),IL,טבעול שניצל דק בטעם צילי חריף 8*564גרם,גרמים,564.00,100 גרם,false,1,34.90,6.1879,true,1,37936
7290111566271,false,חטיפי תירס טבעול 657 גרם,עיצובים 2020 (4.8),IL,טבעול חטיפי תירס 6*657גרם,גרמים,657.00,100 גרם,false,1,34.90,5.3120,true,1,37924
7290111566318,false,שניצל דק מן הצומח בטעם ביתי 700 גרם,עיצובים 2020 (4.8),IL,טבעול שניצל דק מן הצומח 8*564גרם,גרמים,564.00,100 גרם,false,1,34.90,6.1879,true,1,37937
7290111566547,false,טבעול חזה בגריל צמחוני 99 קלוריות 560ג',עיצובים 2020 (4.8),IL,טבעול חזה בגריל צמחוני 6*560גרם,גרמים,560.00,100 גרם,false,1,34.90,6.2321,true,1,37923
7290111566561,false,"שניצל ברוקולי 99 קלוריות 560 גר' ""טבעול""",עיצובים 2020 (4.8),IL,טבעול שניצל ברוקולי 99 קלוריות 6*560ג,גרמים,560.00,100 גרם,false,1,34.90,6.2321,true,1,37935
7290111566585,false,"שניצל צמחוני 99 קלוריות 650 גר' ""טבעול""",עיצובים 2020 (4.8),IL,טבעול שניצל צמחוני 99 קלוריות 6*650גרם,גרמים,650.00,100 גרם,false,1,34.90,5.3692,true,1,37938
7290111566660,false,טבעול קציצות עדשים כתומות 525 גרם,עיצובים 2020 (4.8),IL,טבעול קציצות עדשים כתומות 6*530גרם,גרמים,530.00,100 גרם,false,1,34.90,6.5849,true,1,37931
7290111566752,false,טבעול שניצל תירס 99 קלוריות 693 גרם,עיצובים 2020 (4.8),IL,טבעול שניצל תירס 99 קלוריות 6*693גרם,גרמים,693.00,100 גרם,false,1,34.90,5.0361,true,1,37939
7290111566776,false,"נקניקיות קוקטייל מן הצומח 680 גרם ""טבעול""",עיצובים 2020 (4.8),IL,טבעול נקניקיות קוקטייל צמחוניות6*680גרם,גרמים,680.00,100 גרם,false,1,34.90,5.1324,true,1,37929
7290111568206,false,ביסלי פארטי מיקס אסם 150 גר',פרו מן יו פתרונות אר,IL,ביסלי פארטי מיקס 150 גרם,גרמים,150.00,100 גרם,false,1,11.90,7.9333,true,1,38316
7290111568251,false,אטריות נודלס להקפצה אסם אסייתי 350 גר',תאי פרזידנטפוד,TH,אסם נודלס אטריות להקפצה 10*350גרם,גרמים,350.00,100 גרם,false,1,11.90,3.4000,true,1,39075
7290111568275,false,אטריות נודלס אורז רחבות אסם אסייתי 300גרם,תאי פרזידנט,TH,אסם נודלס אטריות אורז רחבות 16*300גרם,גרמים,300.00,100 גרם,false,1,11.90,3.9667,true,1,39074
7290111568466,false,רוטב אסייתי למוקפץ הסדרה האסייתית,"אסם השקעות בע""\מ",IL,אסם רוטב אסיאתי למוקפץ 9*290 מל,מיליליטרים,290.00,"100 מ""ל",false,1,15.90,5.4828,true,1,39076
7290111930911,false,חטיף פוף לבבות קלאסי 40 גרם,פוף POOF,IL,מנה חטיף פוף קלאסי לבבות 40 גרם,גרמים,40.00,100 גרם,false,1,3.90,9.7500,true,1,37287
7290111936227,false,"ליידי ספיד סטיק - דאודורנט ספריי לאישה דרמה אומגה 3 150 מ""ל",Colgate - Mexico,MX,"ליידי ספיד סטיק דרמה אומגה 3 - 150 מ""ל",מיליליטרים,150.00,"100 מ""ל",false,1,23.90,15.9333,true,1,43292
7290111937248,false,פרי מארז חטיפים 5 יחידות תמרים קשיו ונגיעות לוז כשלפ,"טבעית מוצרים מהטבע בע""\מ",IL,פרי תמרים קשיו ונגיעת לוז כשלפ מארז 5 י,לא מנהל יחידת מידה,0.00,לא מנהל יחידת מידה,false,1,18.90,0.0000,true,1,41076
7290111937262,false,מארז חמישיית חטיפי תמרים אגוזים ושברי קקאו פרי 125 גרם,"טבעית מוצרים מהטבע בע""\מ",IL,פרי תמרים אגוזים ושברי קקאו כשלפ מארז 5,לא מנהל יחידת מידה,0.00,לא מנהל יחידת מידה,false,1,18.90,0.0000,true,1,41078
7290112002099,false,קולון גל כביסה מרוכז 2.5 ליטר קלאסי,רקיט בנקיזר,IL,ג'ל כביסה קולון קלאסי 2.5 ליטר,ליטרים,2.50,ליטר,false,1,29.90,11.9600,true,1,44024
7290112002112,false,ג'ל כביסה מרוכז קולון 101 בניחוח ורדים,רקיט בנקיזר,IL,ג'ל כביסה קולון בניחוח מאסק 2.5 ליטר,ליטרים,2.50,ליטר,false,1,29.90,11.9600,true,1,44023
7290112005045,false,וניש מסיר כתמים אבקה לכביסה לבנה 480 גרם,רקיט בנקיזר,IT,וניש אבקה חדש לבן 480 גרם,גרמים,480.00,100 גרם,false,1,18.90,3.9375,true,1,54043
7290112005076,false,אבקה להסרת כתמים לכביסה צבעונית וניש קליה 480 גרם,רקיט בנקיזר,IT,וניש אבקה חדש ורוד 480 גרם,גרמים,480.00,100 גרם,false,1,18.90,3.9375,true,1,54042
7290112192905,false,מברשת לשיניים רגישות ובעיות חניכיים סנסודיין,סנסודיין Sensodyne,DE,מברשת שיניים סנסודיין רגישות וחניכיים סו,יחידה,1.00,יחידה,false,1,35.90,35.9000,true,1,44142
7290112330352,false,"יוגורט PRO בטעם וניל 0% , 20 גרם חלבון בגביע","שטראוס בריאות בע""\מ",IL,דנונה פרו 20 גר וניל 0% שומן,גרמים,200.00,100 גרם,false,1,6.90,3.4500,true,1,41666
7290112330390,false,דנונה פרו פירות יער 20 גרם חלבון 0% שומן 200 גרם,"שטראוס בריאות בע""\מ",IL,דנונה פרו 20 גר פירות יער 0% שומן,גרמים,200.00,100 גרם,false,1,6.90,3.4500,true,1,41667
7290112330420,false,דנונה פרו לבן 2.9% שומן 150 גרם,מיוצר עי קונדיטוריית,IL,דנונה 2.9% שומן 12 גרם חלבון,גרמים,150.00,100 גרם,false,1,4.90,3.2667,true,1,41004
7290112332585,false,פריכיות משולש תפוא אורז בתיבול סלק ומלח ים אנרג'י 30 גרם,"פרח תעשיו מזון בע""מ",IL,פריכיות משולשות-סלק,גרמים,30.00,100 גרם,false,1,5.90,19.6667,true,1,41874
7290112332691,false,פינוקיות עוגיות קרם פסק זמן אגוזים 200 גרם,"הגביע מוצרי וופלים בע""\מ",IL,.עוגיית קרם פסק זמן אגוזים,גרמים,200.00,100 גרם,false,1,11.90,5.9500,true,1,41931
7290112334749,false,קפה טורקי בצלופן עלית 200 גרם+ 10% תוספת,שטראוס קפה בי.וי,IL,עלית טורקי שקית 200 ג 10% תוספת,גרמים,200.00,100 גרם,false,1,17.90,8.9500,true,1,42610
7290112335050,false,כשלפ מרשמלו ווסטהיים 150 ג',"טחנת האבן תעשיות בע""",IL,מרשמלו וניל 150 גר וועסטהיים,גרמים,150.00,100 גרם,false,1,7.90,5.2667,true,1,41777
7290112335487,false,הפריכיות הטעימות קצח ודגנים אנרג'י 135 גרם,אנרג'י Energy - שטראוס,IL,פריכיות טעימות קצח ודגנים 135 גרם,גרמים,135.00,100 גרם,false,1,12.90,9.5556,true,1,41660
7290112335494,false,הפריכיות הטעימות תפוחי אדמה בטעם פוטטוס,"פרח תעשיות מזון בע""\מ",IL,פריכיות טעימות פוטטוס 19,גרמים,135.00,100 גרם,false,1,12.90,9.5556,true,1,41662
7290112335500,false,"פרכיות אנרג'י חומוס,אורז,עדשים שחורות וקינואה 135 גרם","פרח תעשיות מזון בע""\מ",IL,פריכיות טעימות חלבון 19,גרמים,135.00,100 גרם,false,1,12.90,9.5556,true,1,41663
7290112336637,false,סוכריות מאסט Must ללא סוכר יוגורט תות ואוכניות,שטראוס גרופ,PL,סוכריות ללס יוגורט תות אוכמניות,גרמים,80.00,100 גרם,false,1,10.90,13.6250,true,1,44622
7290112336644,false,סוכריות מאסט ללא סוכר לימון 80 ג' עלית,שטראוס גרופ,PL,סוכריות ללס לימון 80 ג חדש,גרמים,80.00,100 גרם,false,1,10.90,13.6250,true,1,44623
7290112336712,false,יוגורט PRO לבן 0% 21 גרם חלבון בגביע,"שטראוס בריאות בע""מ",IL,דנונה פרו 21 גר 0% שומן,גרמים,200.00,100 גרם,false,1,6.90,3.4500,true,1,41271
7290112337474,false,סוכריות מאסט ללא סוכר פטל לימון 80 ג' עלית,שטראוס גרופ,PL,סוכריות ללס פטל לימון 80 גר,גרמים,80.00,100 גרם,false,1,10.90,13.6250,true,1,44625
7290112337481,false,סוכריות מאסט ללא סוכר קפצ''ינו 80 ג' עלית,שטראוס גרופ,PL,סוכריות ללס קפוצ'ינו 80 גר' אריזה חדשה,גרמים,80.00,100 גרם,false,1,10.90,13.6250,true,1,44626
7290112338877,false,מעדן גבינה בטעם תות 3% 125ג' סקי,"שטראוס בריאות בע""\מ",IL,סקי תות 125 גרם,גרמים,125.00,100 גרם,false,1,3.90,3.1200,true,1,40848
7290112339171,false,מילקי מוס עם שוקולד וקצפת,מיוצר עי קונדיטוריית,IL,מילקי מוס,גרמים,81.00,100 גרם,false,1,3.70,4.5679,true,1,40850
7290112339867,true,גמדים סקוויז תות 10,שטראוס,IL,גמדים סקוויז תות 100 גרם,גרמים,100.00,100 גרם,false,1,6.20,6.2000,true,1,46464
7290112339874,true,גמדים סקוויז תות בננ,שטראוס,IL,גמדים סקוויז תות בננה 100,גרמים,100.00,100 גרם,false,1,6.20,6.2000,true,1,46465
7290112340122,false,הפריכיות הטעימות 3 דגנים אנרג'י 135 גרם,"פרח תעשיות מזון בע""\מ",IL,פריכיות טעימות 3 דגנים 135 גרם,גרמים,135.00,100 גרם,false,1,12.90,9.5556,true,1,41664
7290112340245,false,צנצנת מסטיק מאסט בטעם דובדבן 66 ג' עלית,"שטראוס גרופ בע""\מ",IL,צנצנת MUST דובדבן 66 גר,גרמים,66.00,100 גרם,false,1,11.50,17.4242,true,1,41434
7290112340252,false,צנצנת מסטיק מאסט בטעם אבטיח מלון 66 ג' עלית,"שטראוס גרופ בע""\מ",IL,מסטיק מאסט צנצנת אבטיח מלון 66 גרם,גרמים,66.00,100 גרם,false,1,11.50,17.4242,true,1,41433
7290112340276,false,פינוקיות עוגיות קרם קפה 200 גרם,"הגביע מוצרי וופלים בע""\מ",IL,פינוקיות קרם קפה נמס,גרמים,200.00,100 גרם,false,1,11.90,5.9500,true,1,41940
7290112341679,false,דנונה אקטיביה 3% שומן 200 גרם,מיוצר עי קונדיטוריית,IL,אקטיביה 3% 200ג',גרמים,200.00,100 גרם,false,1,4.20,2.1000,true,1,43068
7290112342102,false,סימפוניה גבינה במרקם שמנת בצל מקורמל 5%,"שטראוס בריאות בע""\מ",IL,סימפוניה בצל מקורמל,גרמים,200.00,100 גרם,false,1,12.90,6.4500,true,1,44680
7290112342508,false,דוריטוס צ'יזי טוויסט 70 גרם,"שטראוס פריטו ליי בע""\מ",IL,דוריטוס קול ראנצ 70 גרם,גרמים,70.00,100 גרם,false,1,5.50,7.8571,true,1,53957
7290112343420,false,"משקה חלב עם דגנים מלאים ובננה פרו יטבתה 350מ""ל",מחלבת יטבתה,IL,"יטבתה פרו ארוחת בוקר 350 מל לל""ג",מיליליטרים,350.00,"100 מ""ל",false,1,7.90,2.2571,true,1,44074
7290112343499,false,חטיף צ'יטוס פאפס אפוי בטעם גבינה,"שטראוס פריטו ליי בע""\מ )",IL,צ'יטוס PUFFS בטעם גבינה 55 ג 48 יח,גרמים,55.00,100 גרם,false,1,5.50,10.0000,true,1,51744
7290112343512,false,צ'יטוס puffs בטעם גבינה 180 גרם,"שטראוס פריטו ליי בע""\מ )",IL,צ'יטוס PUFFS בטעם גבינה 160 ג 9 יח,גרמים,160.00,100 גרם,false,1,10.90,6.8125,true,1,52025
7290112344724,false,מעדן בטעם שוקולד בלונדי 170 ג' מילקי,מיוצר עי קונדיטוריית,IL,מילקי בטעם שוקולד בלונדי 170גרם,גרמים,170.00,100 גרם,false,1,3.70,2.1765,true,1,44071
7290112344755,false,מילקי עם 26% פחות סוכר 135 גרם,מיוצר עי קונדיטוריית,IL,מילקי עם 26% פחות סוכר,גרמים,135.00,100 גרם,false,1,2.90,2.1481,true,1,49841
7290112344786,false,קפה פלטינום קלאסיק עלית 200 גרם,הנסיך- מפעל לייצור ט,IL,קפה פלטינום קלאסיק 200 גרם,גרמים,200.00,100 גרם,false,1,29.90,14.9500,true,1,45002
7290112344953,false,סימפוניה חציל קלוי גבינה במקרם שמנת 5%,"שטראוס בריאות בע""\מ",IL,סימפוניה חציל קלוי,גרמים,200.00,100 גרם,false,1,12.90,6.4500,true,1,49688
7290112346773,false,יוגורט בטעם וניל 0% לייט אנד פרי 10 גרם חלבון בגביע,מיוצר עי קונדיטוריית,IL,דנונה לייט אנד פרי וניל עם חלבון,גרמים,150.00,100 גרם,false,1,4.90,3.2667,true,1,50021
7290112346797,false,יוגורט אקטיביה שיבולת שועל ושזיף 150 גרם,מיוצר עי קונדיטוריית,IL,אקטיביה עם שיבולת שועל ושזיף,Unknown,0.00,Unknown,false,1,4.90,0.0000,true,1,45386
7290112347008,false,גמדים לדרך גבינה לבנה עם מחית תות ושיבולת שועל,מיוצר עי קונדיטוריית,IL,גמדים ארוחת בוקר תות סקוויז,גרמים,100.00,100 גרם,false,1,6.20,6.2000,true,1,44066
7290112348029,false,חומוס אסלי דליקטס 250 גרם,שטראוס,IL,חומוס חלק דליקטס 250 גרם,גרמים,250.00,100 גרם,false,1,8.90,3.5600,true,1,50625
7290112348043,false,סלט חציל במיונז דליקטס 250 גרם,שטראוס,IL,סלט חציל במיונז דליקטס 250 גרם,גרמים,250.00,100 גרם,false,1,12.90,5.1600,true,1,50626
7290112348999,false,הפריכיות הטעימות תירס דקות אנרג'י 135 גרם,פרח תעשיות,IL,פריכיות טעימות תירס דקות 135 ג,גרמים,135.00,100 גרם,false,1,12.90,9.5556,true,1,50099
7290112349606,false,מעדן גבינה ויוגורט תות בננה 88 ג' דניאלה,"שטראוס בריאות בע""\מ",IL,דניאלה תות בננה,גרמים,88.00,100 גרם,false,1,4.50,5.1136,true,1,52401
7290112349675,false,גמדים ארוחת בוקר וני,מיוצר עי קונדיטוריית,IL,גמדים ארוחת בוקר וניל סקוויז,גרמים,100.00,100 גרם,false,1,6.20,6.2000,true,1,44067
7290112350312,false,קפסולות 15 קפה יותר למכונות נספרסו עלית 10יח',הנסיך- מפעל לייצור ט,IL,קפסולות 15 למכונות NESPRESSO,גרמים,50.00,100 גרם,false,1,18.90,37.8000,true,1,46411
7290112351104,false,שוקולד פרה ממולא פיצפוצי אורז 100 ג' עלית,"שטראוס גרופ בע""\מ",IL,שוקולד פרה פצפוצי אורז 100גרם,גרמים,100.00,100 גרם,false,1,6.50,6.5000,true,1,45682
7290112351128,false,שוקולד פרה סוכריות קופצות וועסטהייים,"שטראוס גרופ בע""\מ",IL,טבלאות שוקולד פרה סוכריות קופצות 90 גרם,גרמים,90.00,100 גרם,false,1,6.50,7.2222,true,1,46168
7290112353542,false,סלט מטבוחה דליקטס 250 גרם,שטראוס,IL,סלט מטבוחה דליקטס 250 גרם,גרמים,250.00,100 גרם,false,1,12.90,5.1600,true,1,50627
7290112353566,false,סלט טחינה דליקטס 250 גרם,שטראוס,IL,סלט טחינה דליקטס 250 גרם,גרמים,250.00,100 גרם,false,1,12.90,5.1600,true,1,50628
7290112353887,false,"משקה קפה קר בטעם אגוזים יטבתה 230 מ""ל",האי נאם סי או אל.טי.,AT,"משקה קפה קר בטעם אגוזים 230 מ""ל",מיליליטרים,230.00,"100 מ""ל",false,1,7.90,3.4348,true,1,45851
7290112354075,false,סלט תפוח אדמה במיונז,שטראוס,IL,סלט תפוח אדמה במיונז דליקטס 250 ג,גרמים,250.00,100 גרם,false,1,12.90,5.1600,true,1,50629
7290112354174,false,"פסטה רוזה 280 ג""ר ""דלישס"" שטראוס",גסטרונומיה פרוסט אס. אר.,IT,פסטה רוזה דלישס 280גרם,גרמים,280.00,100 גרם,false,1,24.90,8.8929,true,1,51809
7290112354204,false,"ספגטי עגבניות 280 גר' ""דלישס"" שטראוס",גסטרונומיה פרוסט אס. אר.,IT,ספגטי עגבניות דלישס 280 גרם,גרמים,280.00,100 גרם,false,1,24.90,8.8929,true,1,51811
7290112354211,false,"פיצה מרגריטה""דלישס"" שטראוס",סקרלינפיצה אס. אר. אל. א,IT,פיצה מרגריטה דלישס 400 גרם,גרמים,400.00,100 גרם,false,1,26.90,6.7250,true,1,51812
7290112354235,false,ברקטה פיצה - 2 יחידות במארז,סקרלינפיצה אס. אר. אל. א,IT,ברקטה פיצה דלישס 300 גרם,גרמים,300.00,100 גרם,false,1,26.90,8.9667,true,1,51813
7290112354945,false,תפוצ'יפס WAVY בטעם טבעי 50 גרם,שטראוס פריטו ליי בע”,IL,תפוציפס טבעי 50 גרם wavy,גרמים,50.00,100 גרם,false,1,5.50,11.0000,true,1,54103
7290112354952,false,תפוצ'יפס WAVY בטעם פפריקה 50 גרם,שטראוס פריטו ליי בע”,IL,תפוציפס פפריקה 50 גרם wavy,גרמים,50.00,100 גרם,false,1,5.50,11.0000,true,1,54104
7290112354969,false,תפוצ'יפס בטעם טבעי 200 גרם היתר מכירה,שטראוס פריטו ליי בע”,IL,תפוציפס טבעי 200 גרם wavy,גרמים,200.00,100 גרם,false,1,11.90,5.9500,true,1,54101
7290112355027,false,דנונה פרו 20 גרם חלבון בטעם קרמל מלוח 200 גרם,"שטראוס בריאות בע""\מ",IL,דנונה פרו 20 גרם בטעם קרמל מלוח,גרמים,200.00,100 גרם,false,1,6.90,3.4500,true,1,49839
7290112355102,false,גמדים סקוויז 100 גרם פאוץ סלט פירות 100 גרם,"שטראוס בריאות בע""\מ",IL,סקוויז גמדים לדרך סלט פירות 100 גרם,גרמים,100.00,100 גרם,false,1,6.20,6.2000,true,1,50025
7290112355393,false,יטבתה רוטב שמנת עם בטטה 9% 250 גרם,שטראוס גרופ,IL,רוטב שמנת עם בטטה 257 מל,מיליליטרים,257.00,"100 מ""ל",false,1,11.90,4.6304,true,1,54077
7290112355775,false,גבינת סימפוניה עם עירית 200 גרם,"שטראוס בריאות בע""\מ",IL,גבינת סימפוניה עירית 200 גרם,גרמים,200.00,100 גרם,false,1,12.90,6.4500,true,1,53524
7290112355812,false,מילקי טופ קורנפלקס 141 ג' שטראוס,"שטראוס גרופ בע""\מ",IL,מילקי טופ קורנפלקס מעורב,גרמים,141.00,100 גרם,false,1,5.00,3.5461,true,1,52525
7290112355867,false,מילקי קצפת טופ פיצפוצים 86 גרם,"שטראוס גרופ בע""\מ",IL,מילקי קצפת טופ פיצפוץ 86גרם,גרמים,86.00,100 גרם,false,1,4.20,4.8837,true,1,51791
7290112358004,false,פסק זמן קראנצ' עלית 32 גרם,שולן צ'\יקולטה גידה סאן.,TR,פסק זמן קראנץ' 32 גר,גרמים,32.00,100 גרם,false,1,5.90,18.4375,true,1,49707
7290112358127,false,יוגורט PRO בטעם וניל עוגיות פלוס מגנזיום,מיוצר עי קונדיטוריית,IL,דנונה פרו 20 גר עם מגנזיום,גרמים,200.00,100 גרם,false,1,6.90,3.4500,true,1,49564
7290112358431,false,עד חצות דאבל ביסקוויט עם שוקולד חלב -8 אריזות אישיות,ביסקוויטס טור ד'\אלבון,FR,עד חצות דאבל 200 גרם,גרמים,200.00,100 גרם,false,1,14.80,7.4000,true,1,50913
7290112490032,true,מרק נמס בכוס תירס 43,יוניליוור ישראל מזון,IL,קנור נמס בכוס מרק תירס 45 גרם,גרמים,43.00,100 גרם,false,1,8.50,19.7674,true,1,39947
7290112490209,true,נמס בכוס עגבניות קרו,יוניליוור ישראל מזון,IL,נמס בכוס עגבניות קרוטונים ר.טבעי 64 גרם,גרמים,64.00,100 גרם,false,1,8.50,13.2813,true,1,39950
7290112490230,true,נמס בכוס אפונה ר.טבע,יוניליוור ישראל מזון,IL,נמס בכוס מרק אפונה - 100% רכיבים טבעיים,גרמים,50.00,100 גרם,false,1,8.50,17.0000,true,1,39951
7290112490728,false,מרק עשיר ירקות עם בורגול רכיבים טבעיים 95 ג' קנור,יוניליוור ישראל מזון בעמ,IL,מרק עשיר ירקות עם בורגול100%רכיבים טבעיי,גרמים,104.00,100 גרם,false,1,13.90,13.3654,true,1,39982
7290112490742,true,מרק עשיר פטריות עם ג,יוניליוור ישראל מזון,IL,מרק עשיר פטריות עם גריסים – 100% רכיבים,גרמים,104.00,100 גרם,false,1,13.90,13.3654,true,1,39954
7290112490759,true,מרק עשיר עוף עם אטרי,יוניליוור ישראל מזון,IL,מרק עשיר עוף עם אטריות – 100% רכיבים טבע,גרמים,74.00,100 גרם,false,1,13.90,18.7838,true,1,39955
7290112490827,false,תרסיס ריחני למייבש הכביסה בדין בייבי 500,"זוהר דליה, קיבוץ דליה, 1",IL,בדין תרסיס ריחני למייבש כביסה בייבי 500 מל,מיליליטרים,500.00,"100 מ""ל",false,1,21.90,4.3800,true,1,39818
7290112491701,false,ברנפלקס בטעם וניל מעודן 20% חלבון Extra Protein,יוניליוור ישראל מזון בעמ,IL,ברנפלקס חיטה מלאה ושיבולת שועל מלאה375,גרמים,375.00,100 גרם,false,1,26.90,7.1733,true,1,41464
7290112492449,false,פינוק שמפו שיער רגיל 700 מל-חדש,יוניליוור ישראל טיפוח אי,IL,PINUK שמפו 2IN1 700 ML,מיליליטרים,700.00,"100 מ""ל",false,1,14.90,2.1286,true,1,45649
7290112492456,false,"שמפו פינוק לשיער יבש/פגום 700 מ""ל",יוניליוור ישראל טיפוח אי,IL,PINUK שמפו 2IN1 700 ML,מיליליטרים,700.00,"100 מ""ל",false,1,14.90,2.1286,true,1,45650
7290112492463,false,"שמפו ומרכך 2 ב-1 לשיער רגיל פינוק 700 מ""ל.",יוניליוור ישראל טיפו,IL,PINUK שמפו 2IN1 700 ML,מיליליטרים,700.00,"100 מ""ל",false,1,14.90,2.1286,true,1,45651
7290112492487,false,פינוק שמפו לשיער עם שמן מרוקאי 700 מל,יוניליוור ישראל טיפוח אי,IL,PINUK שמפו 2IN1 700 ML,מיליליטרים,700.00,"100 מ""ל",false,1,14.90,2.1286,true,1,49584
7290112492500,false,פינוק שמפו לשיער עם שמן קוקוס 700 מל,"יוניליור ישראל, טיפו",IL,PINUK שמפו 2IN1 700 ML,מיליליטרים,700.00,"100 מ""ל",false,1,14.90,2.1286,true,1,49554
7290112492531,true,פינוק מרכך שיער רגיל,יוניליוור ישראל טיפו,IL,PINUK מרכך 700 ML,מיליליטרים,700.00,"100 מ""ל",false,1,14.90,2.1286,true,1,44339
7290112492548,true,פינוק מרכך שיער יבש,יוניליוור ישראל טיפו,IL,PINUK מרכך שיער 700 ML,מיליליטרים,700.00,"100 מ""ל",false,1,14.90,2.1286,true,1,44340
7290112492579,true,פינוק מרכך שמן קוקוס,יוניליוור ישראל טיפו,IL,PINUK מרכך שיער 700 ML,מיליליטרים,700.00,"100 מ""ל",false,1,14.90,2.1286,true,1,49582
7290112492593,true,פינוק תחליב רחצה בני,יוניליוור ישראל טיפו,IL,PINUK סבון נוזלי 700 ML,גרמים,700.00,100 גרם,false,1,14.90,2.1286,true,1,44341
7290112492609,true,פינוק תחליב רחצה לבנ,יוניליוור ישראל טיפו,IL,PINUK סבון נוזלי 700 ML,מיליליטרים,700.00,"100 מ""ל",false,1,14.90,2.1286,true,1,44342
7290112492630,true,פינוק שמפו 3 ב-1 לגב,יוניליוור ישראל טיפו,IL,PINUK סבון נוזלי 700 ML,מיליליטרים,700.00,"100 מ""ל",false,1,14.90,2.1286,true,1,44344
7290112492968,false,"קנור מרק בצל 400 גרם כשל""פ","יונליוור ישראל מזון בע""\",IL,קנור מרק בצל 400 גרם כשלפ,גרמים,400.00,100 גרם,false,1,27.90,6.9750,true,1,44576
7290112492999,false,קנור מרק עוף אמיתי 400 גרם פרווה,יוניליוור ישראל מזון בע\,IL,קנור מרק טעם עוף 400 גרם,גרמים,400.00,100 גרם,false,1,15.90,3.9750,true,1,44253
7290112493316,true,מרק היום אפונה קנור,יוניליוור ישראל מזון,IL,מרק היום אפונה קנור 117גרם 100% רכיבים,גרמים,117.00,100 גרם,false,1,13.90,11.8803,true,1,42571
7290112493903,false,גלידת ננסים בארבע טעמים 60 גר,"מיוצר ע""\י גלידת שטראוס",IL,"מאגדת ננסים בטעמים תות, לימון, קולה ומשמש",גרמים,87.00,100 גרם,false,1,10.90,12.5287,true,1,42462
7290112493934,false,גלידת וניל צרפתי קרמיסימו 1.33 ל,"גלידת שטראוס בע""\מ, רחוב",IL,גלידה קרמיסימו וניל צרפתי 1.33 ליטר,ליטרים,1.33,ליטר,false,1,27.90,20.9774,true,1,44546
7290112494221,false,קליק - ביסקויט תפזורת 65 גרם,יוניליוור ישראל מזון בע\,IL,קליק ביסקוויט 65 גרם,גרמים,65.00,100 גרם,false,1,7.90,12.1538,true,1,43257
7290112494238,false,קליק - כדורים חלב תפזורת 65 גרם,יוניליוור ישראל מזון בע\,IL,קליק קליק כדורים 65 גרם,גרמים,65.00,100 גרם,false,1,7.90,12.1538,true,1,43260
7290112494276,false,קליק כריות בתפזורת כשר לפסח,יוניליוור ישראל מזון בע\,IL,קליק קליק כריות 65 גרם,גרמים,65.00,100 גרם,false,1,7.90,12.1538,true,1,43261
7290112494283,false,קליק - מעורב חום לבן תפזורת 65 גרם,יוניליוור ישראל מזון בע\,IL,קליק חום לבן 65 גרם,גרמים,65.00,100 גרם,false,1,7.90,12.1538,true,1,43259
7290112494313,false,קליק - קורנפלקס תפזורת 65 גרם,יוניליוור ישראל מזון בע\,IL,קליק קליק קורנפלקס 65 גרם,גרמים,65.00,100 גרם,false,1,7.90,12.1538,true,1,43264
7290112494344,false,קורנפלקס כספי אלופים תלמה850 גר',"יוניליוור שפע ישראל בע""\",IL,תלמה קורנפלקס של אלופים דגני בוקר 850 גרם,גרמים,850.00,100 גרם,false,1,21.90,2.5765,true,1,45108
7290112494351,false,תלמה קורנפלקס של אלופים 850 ג',"יוניליוור שפע ישראל בע""\",IL,תלמה קורנפלקס של אלופים 850 גרם,גרמים,850.00,100 גרם,false,1,21.90,2.5765,true,1,45109
7290112494795,false,בדין-ג'ל לכביסה לבנה וצבעונית בניחוח עדין כחול 2.5 ליטר,"זוהר דליה, קיבוץ דליה, 1",IL,בדין ג'ל כביסה כחול 2.5 ליטר,ליטרים,2.50,ליטר,false,1,39.90,15.9600,true,1,43301
7290112494801,false,בדין-ג'ל לכביסה לבנה וצבעונית בניחוח עדין ורוד 2.5 ליטר,יוניליוור פארם,IL,בדין גל לכביסה לבנה וצבעונית בניחוח בדי,ליטרים,2.50,ליטר,false,1,39.90,15.9600,true,1,43300
7290112494993,false,דגני בוקר וניל 686ג' כריות,"יוניליוור שפע ישראל בע""\",IL,תלמה דגני בוקר כריות וניל 686 גרם,גרמים,686.00,100 גרם,false,1,31.90,4.6501,true,1,43286
7290112495006,false,כריות נוגט 686 גרם - קופסא,"יוניליוור ישראל מזון בע""",IL,תלמה דגני בוקר כריות נוגט 686 גרם,גרמים,686.00,100 גרם,false,1,29.90,4.3586,true,1,43288
7290112495150,false,נשנושי קרקר עיגולים מלח בייגל בייגל 300 גרם,בייגל את בייגל מזון 198),IL,נשנושי קרקר עיגולים מלוחים 300 גרם,גרמים,300.00,100 גרם,false,1,16.90,5.6333,true,1,43549
7290112495433,false,דגני דליפקאן תוספת אגוזי פקאן ושקדים 400 גר,"יוניליור שפע ישראל בע""\מ",IL,TELMA דגני מבוגרים 400 GR,גרמים,400.00,100 גרם,false,1,26.90,6.7250,true,1,42544
7290112495488,false,קורנפלקס פתיתי תירס קלויים ללא גלוטן 500,"מולינו ניקולי S.p.A,",IT,תלמה קורנפלקס ללא גלוטן 500 גרם,גרמים,500.00,100 גרם,false,1,23.90,4.7800,true,1,50163
7290112495747,false,רוטב צ''ילי מתוק כ 70% פחות סוכר 340 ג' קנור,יוניליוור ישראל מזון בע\,IL,קנור רוטב צ'ילי מתוק כ-75% פחות סוכר 340 גרם,גרמים,340.00,100 גרם,false,1,14.50,4.2647,true,1,44562
7290112495792,false,הלמנס רוטב לסלט שום לייט 300 גר',יוניליוור ישראל מזון בעמ,IL,הלמנ'ס רוטב שום לייט 300 גרם,גרמים,300.00,100 גרם,false,1,13.90,4.6333,true,1,44566
7290112495822,false,כריות BLACK בטעם שוקולד וניל תלמה 686 גרם,"יוניליוור שפע ישראל בע""\",IL,תלמה דגני בוקר כריות בלאק 686 גרם,גרמים,686.00,100 גרם,false,1,31.90,4.6501,true,1,44688
7290112496027,false,סירופ שוקולד אפיכל 580 גרם,יוניליוור ישראל מזון בע\,IL,EFICOL קינוחים שונים 580 GR,גרמים,580.00,100 גרם,false,1,15.90,2.7414,true,1,44581
7290112496034,false,סירופ מייפל אפיכל 580 גרם,יוניליוור ישראל מזון בע\,IL,EFICOL קינוחים שונים 580 GR,גרמים,580.00,100 גרם,false,1,15.90,2.7414,true,1,44580
7290112496270,false,"פתית צ'יפס תפו""א בתוספת עגבניות ועשבי תיבול 22 גרם",JLM גלובל פודסn37\ דרך א,GB,פתית ציפס עם תפוחי אדמה עגבניות 22 גרם,גרמים,0.00,100 גרם,false,1,5.50,0.0000,true,1,46308
7290112496287,false,פתית - צ'יפס בטטה בטעם טבעי 21 גרם,JLM גלובל פודסn37\ דרך א,GB,פתית פתית צ'יפס בטטה בטעם טבעי 21 גר',גרמים,0.00,100 גרם,false,1,5.50,0.0000,true,1,46307
7290112496430,false,נמס בכוס אקסטרה מרק עגבניות עם המון אטריות,יוניליוור ישראל מזון בע\,IL,נמס בכוס אקסטרה מרק עגבניות 37 גרם,גרמים,37.00,100 גרם,false,1,4.90,13.2432,true,1,51873
7290112496447,false,נמס בכוס אקסטרה טעם עוף עם המון אטריות 27ג',יוניליוור ישראל מזון בע\,IL,קנור נמס בכוס אקסטרה מרק טעם עוף עם אטריות 27 גרם,גרמים,27.00,100 גרם,false,1,4.90,18.1481,true,1,51874
7290112496461,false,נמס בכוס אקסטרה מרק ירקות עם המון אטריות,יוניליוור ישראל מזון בע\,IL,נמס בכוס מרק אקסטרה ירקות עם המון אטריות,גרמים,32.00,100 גרם,false,1,4.90,15.3125,true,1,51890
7290112496584,false,קליק כריות בלאק לבן 65 גר,"דרך השוקולד 1, צפת 1",IL,קליק קליק כריות בלאק ושוקולד לבן 65 גרם,גרמים,65.00,100 גרם,false,1,7.90,12.1538,true,1,46164
7290112497123,false,סחלב תערובת להכנת מעדן בטעם סחלב 112גרם,יוניליוור ישראל מזון בע\,IL,קנור סחלב 112 גרם,גרמים,112.00,100 גרם,false,1,15.50,13.8393,true,1,49773
7290112497932,false,נשנושים ביס שמנת בצל בייגל בייגל 60 גרם,"דרך השוקולד 1, צפת 1",IL,בייגל בייגל נשנושים חטיף אפוי בטעם שמנת בצל 60 גרם,גרמים,60.00,100 גרם,false,1,5.50,9.1667,true,1,50089
7290112498267,false,פינוק אל סבון לידיים בניחוח פינוק קלאסי,קוסטר אירוסול ולף סנ,TR,פינוק אל סבון לידיים בניחוח פינוק קלאסי 950 מל,מיליליטרים,950.00,"100 מ""ל",false,1,12.90,1.3579,true,1,51747
7290112498298,false,"אל סבון ליידים בתוספת שמן מרוקאי פינוק 950 מ""ל",קוסטר אירוסול ולף סנ,TR,פינוק אל סבון לידיים בתוספת שמן מרוקאי 950 מל,מיליליטרים,950.00,"100 מ""ל",false,1,12.90,1.3579,true,1,51748
7290112498526,false,"פתית צ'יפס עם בטטה סגולה בטעם שמנת ובצל, 22 גרם",JLM גלובל פודסn37\ דרך א,GB,פתית ציפס בטטה סגולה 22 גרם,גרמים,22.00,100 גרם,false,1,5.50,25.0000,true,1,51893
7290112498748,false,מיני סולרו וניל תות שדה 350 גרם,"מיוצר ע""\י גלידת שטראוס",IL,מאגדת סולרו מיני תות,גרמים,350.00,100 גרם,false,5,28.90,8.2571,true,1,50135
7290112498779,false,מעדן קפוא בטעם ענבים,"מיוצר ע""י גלידת שטרא",IL,מקס ארטיק LOL 70 גרם,גרמים,70.00,100 גרם,false,1,9.90,14.1429,true,1,50138
7290112498786,false,קריספי קרמל בננה 76 ג' מגנום,"מיוצר ע""\י גלידת שטראוס",IL,מגנום שלגון מגנום קריספי קרמל בננה 76 גרם,גרמים,76.00,100 גרם,false,1,11.90,15.6579,true,1,50137
7290112498823,false,מיקס עיגול בטעמי וניל וש,"מיוצר ע""\י גלידת שטראוס",IL,גלידה מיקס עיגול כשלפ 70 גרם,גרמים,70.00,100 גרם,false,1,9.90,14.1429,true,1,50389
7290112498878,false,קורנטו פסק זמן ריבת חלב שטראוס 69ג',"מיוצר ע""\י גלידת שטראוס",IL,קורנטו פסק זמן 69 גרם,גרמים,69.00,100 גרם,false,1,8.90,12.8986,true,1,50412
7290112498915,false,מאגדת מיני מגנום שקדים מובחר שטראוס 250 גרם,"מיוצר ע""\י גלידת שטראוס",IL,מגנום מאגדת מיני מגנום שקדים מובחרים 5 יחידות,גרמים,250.00,100 גרם,false,1,32.90,13.1600,true,1,51053
7290112498922,false,מאגדת מיני מגנום לבן שטראוס 250 גרם,"מיוצר ע""\י גלידת שטראוס",IL,מגנום מאגדת מיני מגנום לבן 5 יחידות,גרמים,250.00,100 גרם,false,1,32.90,13.1600,true,1,51054
7290112498939,false,שלגון בומבה בטעם וניל 80 גרם,"מיוצר ע""\י גלידת שטראוס",IL,שטראוס שלגון בומבה בטעם וניל 80 גרם,גרמים,84.00,100 גרם,false,1,9.90,11.7857,true,1,50411
7290112499097,false,מאגדת מיני מגנום מריר Intense Dark! 240 גרם,"מיוצר ע""\י גלידת שטראוס",IL,מגנום מאגדת מיני מגנום מריר 5 יחידות,גרמים,240.00,100 גרם,false,1,32.90,13.7083,true,1,52583
7290112499103,false,טילון קורנטו קליק וניל עוגיות שטראוס 72 גרם,"צר ע""\י גלידת שטראוס בע\",IL,קורנטו קליק וניל עוגיות 72 גרם,גרמים,72.00,100 גרם,false,1,9.90,13.7500,true,1,52832
7290112499127,false,שלגון גלידה שוקולד לבן ותות 77 גרם,"מיוצר ע""\י גלידת שטראוס",IL,מגנום שלגון גלידה שוקולד לבן ותות 77 גרם,גרמים,77.00,100 גרם,false,1,12.90,16.7532,true,1,52580
7290112499196,false,גלידה בטעם החלב של הקורנפלקס 1.33 ל' קרמיסימו,"גלידת שטראוס בע""\מ, רחוב",IL,קרמיסימו החלב של הקורנפלקס 1.33 ליטר,ליטרים,1.33,ליטר,false,1,27.90,20.9774,true,1,53368
7290112499219,false,שלגון שמנת מופחת שומן וקלוריות בטעם פיסטוק עם ריפל בטעם שוקולד מריר וציפוי חלקי של שוקולד חלב מעולה,"גלידת שטראוס בע""\מ, רחוב",IL,גודיז מאגדת גלידה בטעמי פיסטוק ושוקולד 5 יחידות,גרמים,235.00,100 גרם,false,1,27.90,11.8723,true,1,52834
7290112499226,false,גלידונית קרמיסימו פיסטוק בננה 630 גרם,"גלידת שטראוס בע""\מ, רחוב",IL,גלידונית כמה כמה בטעמי פיסטוק ובננה 950,מיליליטרים,950.00,"100 מ""ל",false,1,52.90,5.5684,true,1,54105
7290112499448,false,"מרכך פינוק בתוספת שמן מרוקאי 700 מ""ל",יוניליוור ישראל טיפוח אי,IL,פינוק מרכך בתוספת שמן מרוקאי 700 מל,מיליליטרים,700.00,"100 מ""ל",false,1,14.90,2.1286,true,1,51231
7290112499462,false,פינוק תחליב רחצה 700 בתוספת שמן קוקוס,יוניליוור ישראל טיפוח אי,IL,פינוק תחליב רחצה בתוספת שמן קוקוס 700 מל,מיליליטרים,700.00,"100 מ""ל",false,1,14.90,2.1286,true,1,51233
7290112499639,false,טילון סופר מגנום וניל צ'יפ שוקולד 110 גרם,"מיוצר ע""\י גלידת שטראוס",IL,קורנטו מגנום טילון וניל צ'יפ שוקולד 110 גרם,גרמים,110.00,100 גרם,false,1,12.90,11.7273,true,1,44557
7290112499646,false,"מעדן קפוא בטעם וניל עם וופל 108 גרם ""קורנטו""","מיוצר ע""\י גלידת שטראוס",IL,קורנטו סופר פקאן 108 גרם,גרמים,108.00,100 גרם,false,1,12.90,11.9444,true,1,45422
7290112499677,false,מגנום וניל בציפוי שוקולד לבן,"מיוצר ע""\י גלידת שטראוס",IL,מגנום שלגון שוקולד לבן 85 גרם,גרמים,85.00,100 גרם,false,1,12.90,15.1765,true,1,44551
7290112499776,false,גלידת שמנת מופחתת שומן וקלוריות בטעם שוקולד לבן 240 גרם,"גלידת שטראוס בע""\מ, רח'\",IL,GOODIZ חבילות בית 350 ML,גרמים,297.00,100 גרם,false,1,27.90,9.3939,true,1,45416
7290112499837,false,"שלגון בטעם שוקולד עם נוגט ""מגנום""","מיוצר ע""\י גלידת שטראוס",IL,Magnum יחידתיות 134 ML,גרמים,90.00,100 גרם,false,1,12.90,14.3333,true,1,44552
7290112499844,false,מאגדת מיני מגנום דואט שוקולד עם נוגט שטראוס 310 גרם,"מיוצר ע""\י גלידת שטראוס",IL,מגנום מאגדת מיני מגנום דואט שוקולד נוגט 5 יחידות,גרמים,310.00,100 גרם,false,1,32.90,10.6129,true,1,44550
7290112499851,false,חטיף מגנום בטעם בראוניז,"גלידת שטראוס בע""\מ, רח'",IL,Magnum יחידתיות 80 ML,גרמים,58.00,100 גרם,false,1,11.90,20.5172,true,1,45979
7290112499905,false,טילון קורניטו קליק בטעם מרשמלו 72 גרם,"מיוצר ע""\י גלידת שטראוס",IL,קורנטו טילון קורנטו קליק בטעם מרשמלו 72 גרם,גרמים,72.00,100 גרם,false,1,9.90,13.7500,true,1,45980
7290112499929,false,מגנום שוקולד אימפלס פסח 120מל,"מיוצר ע""\י גלידת שטראוס",IL,מגנום שלגון מגנום שוקולד 85 גרם,גרמים,85.00,100 גרם,false,1,12.90,15.1765,true,1,44553
7290112499936,false,מגנום שקדים אימפלס פסח 125מל,"מיוצר ע""\י גלידת שטראוס",IL,מגנום שלגון מגנום שקדים 85 גרם,גרמים,85.00,100 גרם,false,1,12.90,15.1765,true,1,44554
7290112499943,false,מיני מאגדת מיני מגנום טעמים שונים וניל+שוקו,"מיוצר ע""\י גלידת שטראוס",IL,מיני מגנום קלאסיק שוקולד 250 גרם,גרמים,250.00,100 גרם,false,1,32.90,13.1600,true,1,44549
7290112499981,false,שלגון פסק זמן בטעם נוגט 74 גרם,"גלידת שטראוס בע""\מ, רח'",IL,שלגון פסק זמן חום 74 גרם,גרמים,74.00,100 גרם,false,1,11.90,16.0811,true,1,46024
7290112960115,true,שקדי מרק 30% קמח חיט,אסם,IL,אסם שקדי מרק 30% קמח חיטה מלא 12*350גרם,גרמים,350.00,100 גרם,false,1,14.90,4.2571,true,1,40199
7290112961372,false,פיטנס חטיפי פריכיות דקות קינמון 60 גרם,"פרח תעשיות מזון בע""\מ",IL,פיטנס חטיפי פריכיות דקות קינמון12*60ג,גרמים,60.00,100 גרם,false,1,8.90,14.8333,true,1,40811
7290112961464,false,פיטנס חטיפי פריכיות דגנים וחומוס מתובלות,"פרח תעשיות מזון בע""\מ",IL,פיטנס חטיפי פריכיות דקות מתובלות 12*60ג,גרמים,60.00,100 גרם,false,1,8.90,14.8333,true,1,40810
7290112962003,false,שלגון קראנץ וניל עוגיות עם שוקולד נסטלה 90 גרם,גלידות נסטלה )נגה גלידות,IL,שלגון בשומן צמחי טעם וניל עוגיות,לא מנהל יחידת מידה,0.00,לא מנהל יחידת מידה,false,1,10.50,0.0000,true,1,40875
7290112962096,false,אסם פתיתים לבבות מהדורה 400 גרם,"אסם השקעות בע""\מ",IL,אסם פתיתים לבבות מהדורה 12*400ג,גרמים,400.00,100 גרם,false,1,7.90,1.9750,true,1,43087
7290112962287,false,טבעול שווארמה טבעונית 6*450 גרם,"טבעול תעשיות מזון בע""\מ",IL,שווארמה טבעונית טבעול כשלפ 450גרם,גרמים,450.00,100 גרם,false,1,34.90,7.7556,true,1,44689
7290112962751,false,מעדן קפוא בטעם וניל עם שברי עוגיות וציפוי,שוורצקוף& הנקל דיסלד,IL,אוראו שלגון אימפלס 20*65גרם,גרמים,65.00,100 גרם,false,1,10.90,16.7692,true,1,41148
7290112962980,false,רוטב סויה סיני מופחת,"אסם תעשיות בע""מ",IL,רוטב סויה סיני מופחת סוכר אסם  290מל,מיליליטרים,290.00,"100 מ""ל",false,1,14.90,5.1379,true,1,44607
7290112963321,false,גריסיני בייגלה שטוח ללא גלוטן אסם 300גרם,מיוצר עי קונדיטוריית,IL,"גרטיפי בייגלה שטוח הכל לל""ג 300גרם",גרמים,300.00,100 גרם,false,1,17.90,5.9667,true,1,45886
7290112963918,false,פיטנס חטיפי קרקר דק רוזמרין 140 גרם,נסטלה Nestle,IL,פיטנס קרקר דק רוזמרין 12*140גרם,גרמים,140.00,100 גרם,false,1,13.90,9.9286,true,1,42035
7290112964410,false,אסם רוטב אלף האיים חדש לסלט 290 גרם,"אסם תעשיות בע""מ",IL,אסם רוטב אלף האיים חדש לסלט 9*290גרם,גרמים,290.00,100 גרם,false,1,12.90,4.4483,true,1,41885
7290112964472,false,אסם רוטב שום חדש לסלט 290 גרם,"אסם תעשיות בע""מ",IL,אסם רוטב שום חדש לסלט 9*290גרם,גרמים,290.00,100 גרם,false,1,12.90,4.4483,true,1,41888
7290112964564,false,"רוטב אלף האיים לייט לסלט אסם 295 מ""ל","אסם תעשיות בע""מ",IL,אסם רוטב אלף האיים לייט לסלט חדש 9*310ג,גרמים,295.00,100 גרם,false,1,12.90,4.3729,true,1,41890
7290112964625,false,אסם רוטב שום לייט חדש לסלט 310 גרם,"אסם תעשיות בע""מ",IL,אסם רוטב שום לייט חדש לסלט 9*310גרם,גרמים,310.00,100 גרם,false,1,12.90,4.1613,true,1,41891
7290112964724,false,המבורגר צמחוני עם המון חלבון 580 גר,מיוצר עי קונדיטוריית,IL,טבעול המבורגר טבעוני 6*580גרם,גרמים,580.00,100 גרם,false,1,34.90,6.0172,true,1,42038
7290112965165,true,מרק נמס פטריות 34,אסם,IL,אסם זוג מרק נמס פטריות בדצ14*48גרם,גרמים,34.00,100 גרם,false,1,7.50,22.0588,true,1,42577
7290112965226,false,אסם אורז סיני עם נודלס 130 גר',"אסם תעשיות בע""מ",IL,אסם אורז סיני עם נודלס 6*130ג,גרמים,130.00,100 גרם,false,1,12.90,9.9231,true,1,44749
7290112965240,true,מרק נמס עגבניות *,אסם,IL,אסם זוג מרק נמס עגבניות בדצ 12*60גרם,גרמים,88.00,100 גרם,false,1,7.50,8.5227,true,1,42580
7290112965301,true,מרק טעם עוף 38גר,אסם,IL,אסם זוג מרק נמס טעם עוף בדצ 10*52גרם,גרמים,38.00,100 גרם,false,1,7.50,19.7368,true,1,42583
7290112965325,false,תבשיל אורז ספרדי אוסם 140 גרם,"אסם תעשיות בע""מ",IL,אסם אורז ספרדי 6*140ג,גרמים,140.00,100 גרם,false,1,12.90,9.2143,true,1,44750
7290112965660,false,פיטנס - חטיף מולטיגריין מלח פלפל 25 גרם,מיוצר עי קונדיטוריית,IL,פיטנס חטיף מולטיגריין מלח פלפל 25גרם,גרמים,25.00,100 גרם,false,1,6.50,26.0000,true,1,49731
7290112965684,false,פיטנס - חטיף מולטיגריין עשבי תיבול 25 גרם,מיוצר עי קונדיטוריית,IL,פיטנס חטיף מולטיגריין עשבי תיבול 25גרם,גרמים,25.00,100 גרם,false,1,6.50,26.0000,true,1,49732
7290112965745,false,אוסם - ביסלי פריסטייל בצל מעושן 60 גרם,"אסם השקעות בע""\מ",IL,ביסלי פריסטייל בצל מעושן 60 גרם,גרמים,60.00,100 גרם,false,1,4.90,8.1667,true,1,51058
7290112965783,false,אוסם - ביסלי פריסטייל על האש 60 גרם,"אסם השקעות בע""\מ",IL,ביסלי פריסטייל על האש 60 גרם,גרמים,60.00,100 גרם,false,1,4.90,8.1667,true,1,51059
7290112965806,false,אוסם - ביסלי פריסטייל חמוץ חריף 60 גרם,"אסם תעשיות בע""מ",IL,ביסלי פריסטייל חמוץ חריף 60 גרם,גרמים,60.00,100 גרם,false,1,4.90,8.1667,true,1,51060
7290112965981,false,טבעול גורמה ארוחת דגנים 450 גרם,טבעול (מקבוצת אסם הש,IL,טבעול גורמה ארוחת דגנים 450 גרם,גרמים,450.00,100 גרם,false,1,34.90,7.7556,true,1,52563
7290112966001,false,טבעול גורמה ארוחת ירוקים 450 גרם,טבעול (מקבוצת אסם הש,IL,טבעול גורמה ארוחת ירוקים 450 גרם,גרמים,450.00,100 גרם,false,1,34.90,7.7556,true,1,52564
7290112966445,false,במבה מתוקה אריזה גדולה 100 ג' אסם,"אסם השקעות בע""\מ",IL,במבה מתוקה 100 גרם,גרמים,100.00,100 גרם,false,1,10.90,10.9000,true,1,43132
7290112966728,false,צבר טחינה בלאדי פלפלים חריפים 350 גרם,שוורצקוף& הנקל דיסלד,IL,צבר טחינה בלאדי פלפלים חריפים 6*350גרם,גרמים,350.00,100 גרם,false,1,17.90,5.1143,true,1,43054
7290112966766,false,צבר טחינה בלאדי חציל עגבניות ושום 350 גרם,שוורצקוף& הנקל דיסלד,IL,צבר טחינה בלאדי חציל עגבניות ושום6*350ג,גרמים,350.00,100 גרם,false,1,17.90,5.1143,true,1,43052
7290112966780,false,צבר טחינה בלאדי עם חציל קלוי 350 גרם,שוורצקוף& הנקל דיסלד,IL,צבר טחינה בלאדי עם חציל קלוי 6*350גרם,גרמים,350.00,100 גרם,false,1,17.90,5.1143,true,1,43050
7290112966803,false,אסם פודינג אינסטנט שוקולד 95 גרם,"אסם השקעות בע""\מ",IL,אסם פודינג אינסטנט שוקולד 88 גרם,גרמים,88.00,100 גרם,false,1,6.50,7.3864,true,1,44180
7290112966841,false,אינסטנט פודינג בטעם שוקולד מריר 95 גרם,מיוצר עי קונדיטוריית,IL,אסם פודינג בטעם שוקולד מריר 90גרם,גרמים,90.00,100 גרם,false,1,6.50,7.2222,true,1,44181
7290112967114,false,פיטנס חטיפי פריכיות קטניות ופלפל 60 גרם,"פרח תעשיות מזון בע""\מ",IL,פיטנס חטיפי פריכיות קטניות ופלפל 60 גר,גרמים,60.00,100 גרם,false,1,8.90,14.8333,true,1,46123
7290112967138,false,בייגלה שמיניות ללא גלוטן אסם 250 גרם,מיוצר עי קונדיטוריית,IL,אסם בייגלה שמיניות ללא גלוטן חדש 6*250ג,גרמים,250.00,100 גרם,false,1,15.90,6.3600,true,1,44153
7290112967381,false,פיטנס חטיפי פריכיות קטניות ומלח ים 60 גרם,"פרח תעשיות מזון בע""\מ",IL,פיטנס חטיפי פריכיות קטניות ומלח ים 60 ג,גרמים,60.00,100 גרם,false,1,8.90,14.8333,true,1,46122
7290112967848,false,ג'לי תות שדה מופחת סוכר אסם 90 גרם,מיוצר עי קונדיטוריית,IL,אסם גלי תות שדה מופחת סוכר68גרם,גרמים,68.00,100 גרם,false,1,7.50,11.0294,true,1,44185
7290112968203,false,צבר סלט טחינה בלאדי 6*250גרם,שוורצקוף& הנקל דיסלד,IL,סלט טחינה בלאדי צבר 250גרם,גרמים,250.00,100 גרם,false,1,12.90,5.1600,true,1,45008
7290112968449,false,סלט טחינה כרוב אדום 250 גרם,שוורצקוף& הנקל דיסלד,IL,סלט כרוב אדום צבר 250גרם,גרמים,250.00,100 גרם,false,1,12.90,5.1600,true,1,45009
7290112968524,false,צבר סלט חומוס גרגירים רכים 6*250גרם,שוורצקוף& הנקל דיסלד,IL,סלט חומוס סמיר צבר 250גרם,גרמים,250.00,100 גרם,false,1,12.90,5.1600,true,1,45011
7290112968807,false,פיטנס - קרקר דק סלק 140 גרם,מפעל אסם יקנעם,IL,פיטנס קרקר דק סלק 12*140גרם,גרמים,140.00,100 גרם,false,1,13.90,9.9286,true,1,46488
7290112968821,false,פיטנס - קרקר דק בטטה 140 גרם,מפעל אסם יקנעם,IL,פיטנס קרקר דק בטטה 12*140גרם,גרמים,140.00,100 גרם,false,1,13.90,9.9286,true,1,46489
7290113192171,false,מיקס אגוזים שקדים וחמוציות 150 גרם,דין שיווק,IL,מיקס אגוזים שקדים וחמוציות 150 גרם,גרמים,150.00,100 גרם,false,1,17.90,11.9333,true,1,51483
7290113192300,true,חרוזית מושחר בית הש,בית השיטה,IL,חרוזית מושחר בית השיטה 275גר,יחידה,0.00,יחידה,false,1,11.90,0.0000,true,1,44373
7290113192324,true,זית ירוק בית השיטה,בית-השיטה עסיס תעשיו,IL,זית ירוק בית השיטה 340גר,גרמים,340.00,100 גרם,false,1,10.80,3.1765,true,1,44374
7290113192331,true,זית ירוק גדול בית ה,בית-השיטה עסיס תעשיו,IL,זית ירוק גדול בית השיטה 340גר,גרמים,0.00,100 גרם,false,1,12.90,0.0000,true,1,44375
7290113192355,true,חרוזית ירוק בית השיט,בית-השיטה עסיס תעשיו,IL,חרוזית ירוק בית השיטה 275גר,גרמים,275.00,100 גרם,false,1,12.90,4.6909,true,1,44376
7290113192362,true,טבעות זיתים ירק בית,בית-השיטה עסיס תעשיו,IL,טבעות זיתים ירק בית השיטה 280גר,גרמים,280.00,100 גרם,false,1,14.90,5.3214,true,1,53428
7290113192379,true,זיתים ירוקים מבוקעים,שוורצקוף& הנקל דיסלד,IL,זיתים ירוקים מבוקעים בית השיטה 340גר,גרמים,340.00,100 גרם,false,1,10.90,3.2059,true,1,44377
7290113192386,true,זית סורי מבוקע בית,בית-השיטה עסיס תעשיו,IL,זית סורי מבוקע בית השיטה 340גר,גרמים,340.00,100 גרם,false,1,12.90,3.7941,true,1,44378
7290113192393,true,קוקטייל זיתים בית ה,בית-השיטה עסיס תעשיו,IL,קוקטייל זיתים בית השיטה 336גר,גרמים,336.00,100 גרם,false,1,13.90,4.1369,true,1,44379
7290113192478,true,מלפפונים במלח 10-12,בית-השיטה עסיס תעשיו,IL,מלפפונים במלח 10-12 בית השיטה 320גר,גרמים,320.00,100 גרם,false,1,10.90,3.4063,true,1,44382
7290113192485,true,מלפפונים בחומץ 10-12,בית-השיטה עסיס תעשיו,IL,מלפפונים בחומץ 10-12בית השיטה 290גר,גרמים,290.00,100 גרם,false,1,10.90,3.7586,true,1,44383
7290113192492,true,מלפפונים בחומץ 17-13,בית-השיטה עסיס תעשיו,IL,מלפפונים בחומץ 17-13בית השיטה 290גר,גרמים,290.00,100 גרם,false,1,11.90,4.1034,true,1,44384
7290113192508,true,מלפפונים במלח 17-13ב,בית-השיטה עסיס תעשיו,IL,מלפפונים במלח 17-13בית השיטה 320גר,גרמים,320.00,100 גרם,false,1,11.90,3.7188,true,1,44385
7290113192515,true,מלפפונים במלח 18 -25,בית-השיטה עסיס תעשיו,IL,מלפפונים במלח 18 -25בית השיטה 320גר,גרמים,0.00,100 גרם,false,1,13.90,0.0000,true,1,44386
7290113192522,true,מלפפונים בחומץ בית ה,בית-השיטה עסיס תעשיו,IL,מלפפונים בחומץ בית השיטה 18-25 290גר,גרמים,290.00,100 גרם,false,1,13.90,4.7931,true,1,44387
7290113192539,true,מלפפונים במלח 7-9 ב,בית-השיטה עסיס תעשיו,IL,מלפפונים במלח 7-9 בית השיטה 320גר,לא מנהל יחידת מידה,0.00,לא מנהל יחידת מידה,false,1,8.90,0.0000,true,1,44388
7290113192546,true,מלפפונים בחומץ 7-9 ב,בית-השיטה עסיס תעשיו,IL,מלפפונים בחומץ 7-9 בית השיטה 290גר,גרמים,290.00,100 גרם,false,1,8.90,3.0690,true,1,44389
7290113192553,true,מלפפונים באלדי 13-17,בית-השיטה עסיס תעשיו,IL,ב.הש.מלפ.מלח.בלדי א2 13-17 12*320ג חדש,גרמים,320.00,100 גרם,false,1,11.50,3.5938,true,1,52093
7290113192560,true,פלפל שיפקה בית השיטה,בית-השיטה עסיס תעשיו,IL,פלפל שיפקה בית השיטה 230גר,גרמים,230.00,100 גרם,false,1,7.90,3.4348,true,1,44390
7290113192577,true,כרוב כבוש בית השיטה,שוורצקוף& הנקל דיסלד,IL,כרוב כבוש בית השיטה 430גר,גרמים,430.00,100 גרם,false,1,9.90,2.3023,true,1,44391
7290113193000,false,בית השיטה פלפל שיפקונית 230 גרם*,"בית השיטה תעשיות בע""\מ",IL,פלפל שיפקונית בית השיטה 230 גרם,גרמים,230.00,100 גרם,false,1,12.90,5.6087,true,1,45330
7290113193031,false,חרוזית קלמטה - זיתים שחורים ללא גלעין קלמטה,"בית השיטה תעשיות בע""\מ",IL,זית חרוזית קלמטה בית השיטה 275גרם,גרמים,275.00,100 גרם,false,1,14.90,5.4182,true,1,45870
7290113193888,false,חצילים מוחמצים בית השיטה 320 גרם,"בית השיטה תעשיות בע""\מ",IL,חצילים מוחמצים בית השיטה 320גרם,גרמים,320.00,100 גרם,false,1,12.90,4.0313,true,1,52373
7290113195479,false,קמח שקדים שקדיה 200 גרם,"שקדיה גבע תעשיות בע""",IL,קמח שקדים 200 גר שקדיה זיפר,גרמים,200.00,100 גרם,false,1,16.90,8.4500,true,1,51642
7290113198029,false,פקאן מצופה חלבה שקדי,"דין שיווק וקלייה בע""",IL,פקאן מצופה חלבה 150גרם,גרמים,150.00,100 גרם,false,1,16.90,11.2667,true,1,51532
7290113198036,false,פקאן מצופה בטעם קרמל,"דין שיווק וקלייה בע""",IL,פקאן מצופה בטעם קרמל 150 גרם,גרמים,150.00,100 גרם,false,1,16.90,11.2667,true,1,51572
7290113198043,false,פקאן מצופה שוקולד עוגיות 150 גר,"דין שיווק וקלייה בע""",IL,פקאן מצופה שוקולד ועוגיות 150גרם,גרמים,150.00,100 גרם,false,1,16.90,11.2667,true,1,51534
7290113198050,false,פקאן מצופה בייגלה מל,"דין שיווק וקלייה בע""",IL,פקאן מצופה בייגלה מלוח 150גרם,גרמים,150.00,100 גרם,false,1,16.90,11.2667,true,1,51533
7290113198067,false,פקאן מצופה שוקולד לבן 150 גרם,"דין שיווק וקלייה בע""",IL,פקאן מצופה שוקולד לבן 150 גרם,גרמים,150.00,100 גרם,false,1,16.90,11.2667,true,1,51571
7290113198074,false,פקאן מצופה שוקולד שיש 150 גרם,"דין שיווק וקלייה בע""",IL,פקאן מצופה שוקולד שיש 150גרם,גרמים,150.00,100 גרם,false,1,16.90,11.2667,true,1,51535
7290113198258,false,פיסטוק ענק קלוי בצנצ,דין שיווק,IL,פיסטוק ענק קלוי בצנצנת 170 גרם,גרמים,170.00,100 גרם,false,1,22.90,13.4706,true,1,53983
7290113198562,false,סוכריות גומי בטעם תות שדה 200 ג' שקדיה,טופגאם תעשיות ממתקים,IL,סוכריות גומי בטעם תות שדה 200גרם,גרמים,200.00,100 גרם,false,1,11.90,5.9500,true,1,51667
7290113198579,false,סוכריות גומי דובונים בטעמי פירות 200 ג' שקדיה,טופגאם תעשיות ממתקים,IL,סוכריות גומי דובונים 200 גרם,גרמים,200.00,100 גרם,false,1,11.90,5.9500,true,1,51668
7290113198586,false,סוכריות גומי מסוכרות בטעם אפרסק 200 ג' שקדיה,טופגאם תעשיות ממתקים,IL,סוכריות גומי מצופות סוכר בטעם אפרסק 200 גרם,גרמים,200.00,100 גרם,false,1,11.90,5.9500,true,1,51669
7290113198593,false,סוכריות גומי מסוכרות בטעם בננה 200 ג' שקדיה,טופגאם תעשיות ממתקים,IL,סוכריות גומי מצופות סוכר בטעם בננה 200 גרם,גרמים,200.00,100 גרם,false,1,11.90,5.9500,true,1,51670
7290113198609,false,סוכריות גומי נחשים בטעמי פירות 200 ג' שקדיה,טופגאם תעשיות ממתקים,IL,סוכריות גומי נחשים 200 גרם,גרמים,200.00,100 גרם,false,1,11.90,5.9500,true,1,51671
7290113199859,false,מגש אירוח סוכריות גומי 350 ג' שקדיה,טופגאם תעשיות ממתקים,IL,מגש אירוח סוכריות גומי 350 גרם,גרמים,350.00,100 גרם,false,1,16.90,4.8286,true,1,52777
7290113199897,false,סוכריות חמצוצים בטעם תות שדה 180 ג' שקדיה,טופגאם תעשיות ממתקים,IL,סוכריות חמצוצים בטעם תות שדה 180 גרם,גרמים,180.00,100 גרם,false,1,11.90,6.6111,true,1,52775
7290113199927,false,סוכריות חמצוצים בטעם פירות 180 ג' שקדיה,טופגאם תעשיות ממתקים,IL,סוכריות חמצוצים בטעמי פירות 180 גרם,גרמים,180.00,100 גרם,false,1,11.90,6.6111,true,1,52776
7290113300194,false,פאוצ' להקט עוף ברוטב 85 גר',PPF צ'כיה,FR,פאוצ נתחוני לה קט עם עוף ברוטב,גרמים,85.00,100 גרם,false,1,4.90,5.7647,true,1,45015
7290113452855,false,סוכריות גומי יין ארו,טופגם,IL,סוכריות גומי יין ארוז 200 גרם,גרמים,200.00,100 גרם,false,1,11.90,5.9500,true,1,51992
7290113452862,false,סוכריות גומי נחש מוב,טופגם,IL,סוכריות גומי נחש מוברק ארוז 200 גרם,גרמים,200.00,100 גרם,false,1,11.90,5.9500,true,1,51953
7290113452886,false,סוכריות גומי נחש חמו,טופגם,IL,סוכריות גומי נחש חמוץ ארוז 200 גרם,גרמים,200.00,100 גרם,false,1,11.90,5.9500,true,1,51956
7290113452916,false,סוכריות גומי קולה קט,טופגם,IL,סוכריות גומי קולה קטן ארוז 200 גרם,גרמים,200.00,100 גרם,false,1,11.90,5.9500,true,1,51952
7290113452923,false,סוכריות גומי לב אפרס,טופגם,IL,סוכריות גומי לב אפרסק ארוז 200 גרם,גרמים,200.00,100 גרם,false,1,11.90,5.9500,true,1,51993
7290113452930,false,סוכריות גומי דובי מו,טופגם,IL,סוכריות גומי דובי מוברק ארוז 200 גרם,גרמים,200.00,100 גרם,false,1,11.90,5.9500,true,1,51955
7290113453050,false,סוכריות גומי תות קטן,טופגם,IL,סוכריות גומי תות קטן מסוכר 200 גרם,גרמים,200.00,100 גרם,false,1,11.90,5.9500,true,1,51995
7290114152020,false,גל ניקוי ידיים 500 מ,א.ל.ארמן יצור תמרוקי,IL,"גל ניקוי ידיים 500 מ""ל",מיליליטרים,500.00,"100 מ""ל",false,1,1.00,0.2000,true,1,45396
7290114310215,false,"שמנת מתוקה 38% רמת הגולן 250 מ""ל ווסטהיים - מוצר בפיקוח",מילקו תעשיות בעמ,IL,"שמנת מתוקה 38% 250 מ""ל בבקבוק - בד""צ",מיליליטרים,250.00,"100 מ""ל",false,1,6.47,2.5880,true,1,45610
7290114310222,false,חלב מועשר בסידן וויטמין Dי 3% 1.5 ל' טרה,מילקו תעשיות בעמ,IL,חלב מועשר בסידן וויטמין D טרה 3% 1.5 ל',ליטרים,1.50,ליטר,false,1,13.90,9.2667,true,1,49692
7290114310239,false,חלב נטול לקטוז מועשר בוויטמין D י 2% 1.5 ל' טרה,מילקו תעשיות בעמ,IL,חלב נטול לקטוז מועשר בויטמיןD טרה 2% 1.5,ליטרים,1.50,ליטר,false,1,13.90,9.2667,true,1,51446
7290114310499,false,מולר מיקס פקאן מצופה185ג,טרה,IL,Muller mix בתוספת פקאן סיני מצופה שוקולד חום ולבן,גרמים,170.00,100 גרם,false,1,6.50,3.8235,true,1,49850
7290114310574,false,גבינת קרם שמנת עיזים 5% 200 גר',מחלבת משק צוריאל,IL,גבינת קרם שמנת עיזים 5% 200 גרם,גרמים,200.00,100 גרם,false,1,16.90,8.4500,true,1,51024
7290114310628,false,משקה חלב וניל ועוגיות בקבוק 1 ליטר,מילקו תעשיות בעמ,IL,משקה חלב וניל עוגיות 1 ליטר,ליטרים,1.00,ליטר,false,1,13.90,13.9000,true,1,51158
7290114310673,false,לאבנה מחלב בקר 9% 25,Unknown,IL,לאבנה 9% 250 גרם,גרמים,250.00,100 גרם,false,1,14.50,5.8000,true,1,50730
7290114310901,false,גבינה לבנה 5% 250 גר' מהדרין,Unknown,IL,גבינה לבנה 250 גרם 5% ווסטהיים,גרמים,250.00,100 גרם,false,1,4.98,1.9920,true,1,51380
7290114311069,false,מעדן יוגורט בטעם טבעי חלבון 200 ג' מולר אקטיב,מולר Muller,IL,Muller Active יוגורט BIO מועשר חלבון,גרמים,200.00,100 גרם,false,1,6.90,3.4500,true,1,50121
7290114311151,false,גבינת עיזים מה עז כמ,מחלבת משק צוריאל,IL,"משק צוריאל מה-עז מחלב עיזים, כמהין 9% שומן 150 גרם",גרמים,150.00,100 גרם,false,1,27.90,18.6000,true,1,52951
7290114311328,false,חלב מועשר דל לקטוז מעושר בויטמין Dי 2% שומן טרה 1 ליטר,ג'י.אר.אמ.גרופו אלימ,IL,חלב נטול לקטוז 2%טרה 1ליטר,ליטרים,1.00,ליטר,false,1,8.90,8.9000,true,1,53981
7290114311434,false,מולר אקטיב יוגורט חלבון קרמל מלוח 200 גרם,מולר Muller,IL,מולר אקטיב 20 גרם חלבון קרמל מלוח 200 ג,גרמים,200.00,100 גרם,false,1,6.90,3.4500,true,1,54135
7290114311441,false,מולר אקטיב יוגורט חלבון עוגיות חמאה 200 גרם,מולר Muller,IL,מולר אקטיב 20 גרם חלבון עוגיות חמאה 200,גרמים,200.00,100 גרם,false,1,6.90,3.4500,true,1,54136
7290114311458,false,קרטון חלב 3% מועשר ויטמין די 1ליטר,Unknown,IL,D,ליטרים,1.00,ליטר,false,1,8.50,8.5000,true,1,54022
7290114311496,false,"חלב מועשר 1% שומן קרטון, 1 ל טרה",Unknown,IL,חלב מועשר 1% טרה1 ליטר,ליטרים,1.00,ליטר,false,1,8.50,8.5000,true,1,54021
7290114311502,false,משקה חלב בטעם סחלב בבקבוק 1 ליטר,מילקו תעשיות בעמ,IL,משקה חלב טרה בטעם סחלב 1 ליטר,ליטרים,1.00,ליטר,false,1,13.90,13.9000,true,1,54137
7290114600941,false,מאסטר שף מיונז הולנדי לחיץ 435 גרם,קפה לנדוור,NL,מאסטר שף מיונז לחיץ 435 גרם,גרמים,435.00,100 גרם,false,1,15.90,3.6552,true,1,54470
7290114600996,false,"רוטב שום מאסטר שף 250 מ""ל",קפה לנדוור,NL,"רוטב שום גר` מאסטר שף, 256 גרם",גרמים,256.00,100 גרם,false,1,10.90,4.2578,true,1,53563
7290114603034,false,"פרי גרנולה אגוזים צימוקים וחמוציות, 300 ג'","אפקט טבעי בע""מ",IL,גרנולה פרי אגוזים צימוקים וחמוציות 300גר,גרמים,300.00,100 גרם,false,1,15.90,5.3000,true,1,50619
7290114603041,false,פרי גרנולה בוטנים אגוזים וקוקוס חלבון .,"אפקט טבעי בע""מ",IL,גרנולה פרי אגוזים בוטנים קוקוס חלבון300ג,גרמים,300.00,100 גרם,false,1,15.90,5.3000,true,1,50620
7290114603508,false,"רוטב להקצפה מאסטר שף 300 מ""ל",סיטי פוד,TH,"מאסטר שף רוטב להקפצה, 300 מ""ל",גרמים,300.00,100 גרם,false,1,10.90,3.6333,true,1,53565
7290114603515,false,"רוטב קארי אדום מאסטר שף 340 מ""ל",תאי סופרים,TH,מאסטר שף רוטב קארי אדום 340 גרם,גרמים,340.00,100 גרם,false,1,17.90,5.2647,true,1,50515
7290114607391,false,"קולגייט משחת לילדים ברבי 2-5 שנים, 75 מ""ל",קולגייט פלמוליב,PL,"משחת שיניים לילדים בטעם פירות ברבי, 75 מ""ל",מיליליטרים,75.00,"100 מ""ל",false,1,15.90,21.2000,true,1,51700
7290114720250,false,פוג'יקום מטען סוללות USB אוניברסלי,פוג'יקום,CN,מטען סוללות USB אוני,יחידה,1.00,יחידה,false,1,69.90,69.9000,true,1,50471
7290115073676,false,מסכה לפנים חד פעמי 50 יח צבעוניות,שמחה זה אנחנו,CN,מסכות מנתח שחורות 50 יח שמחה זה אנחנו,יחידה,1.00,יחידה,false,1,9.90,9.9000,true,1,46343
7290115074987,false,מארז 5 יח' מסכות ילדים חד קרן,Unknown,IL,מסכה לפנים לילדים חד פעמי 5 יח חד קרן,יחידה,1.00,יחידה,false,1,3.90,3.9000,true,1,49433
7290115180251,false,יחידות טבק לחימום אמבר PP קרטוש,פיליפ מוריס,PL,יחידות טבק לחימום אמבר PP חפיסה,יחידה,1.00,יחידה,false,1,27.90,27.9000,false,1,50031
7290115180268,false,יחידות טבק לחימום צהוב PP,פיליפ מוריס,IL,יחידות טבק לחימום צהוב PP בודד,יחידה,1.00,יחידה,false,1,27.90,27.9000,true,1,49752
7290115180275,false,יחידות טבק לחימום טורקיז PP,פיליפ מוריס,IL,יחידות טבק לחימום טורקיז PP בודד,יחידה,1.00,יחידה,false,1,27.90,27.9000,true,1,49755
7290115180282,false,יחידות טבק לחימום ברונז PP,פיליפ מוריס,IL,יחידות טבק לחימום ברונז PP בודד,יחידה,1.00,יחידה,false,1,27.90,27.9000,true,1,49756
7290115180299,false,יחידות טבק לחימום סיינה PP,פיליפ מוריס,IL,יחידות טבק לחימום סיינה PP בודד,יחידה,1.00,יחידה,false,1,27.90,27.9000,true,1,49759
7290115180688,false,יחידות טבק לחימום סגול PP,פיליפ מוריס,CH,יחידות טבק לחימום סגול PPבודד,יחידה,1.00,יחידה,false,1,27.90,27.9000,false,1,49637
7290115181531,false,EHC1 HEETS TEAK SELECTION S50 PRI חפיסה,פיליפ מוריס,RO,PP טבק היטס טיק חפיסה,יחידה,1.00,יחידה,false,1,27.90,27.9000,true,1,52913
7290115190014,false,סיגריות מרלבורו רד קצר בוקס,פיליפ מוריס,IL,סיגריות PPמרלבורו רד חפיסה,יחידה,1.00,יחידה,false,1,35.50,35.5000,false,1,49488
7290115190038,false,סיגריות מרלבורו רד קצר סופט,פיליפ מוריס,IL,סיגריות PPמרלבורו רד סופט חפיסה,יחידה,1.00,יחידה,false,1,33.20,33.2000,false,1,49474
7290115190052,false,סיגריות מרלבורו מדיום פלייבור מיקס,פיליפ מוריס,US,סיגריות מרלבורו פלייבור מיקסPP חפיסה בוד,יחידה,1.00,יחידה,false,1,35.50,35.5000,false,1,49378
7290115190076,false,סיגריות מרלבורו גולד ארוך 100 בוקס,פיליפ מוריס,TR,סיגריות מרלבורו גולד 100בודד,יחידה,1.00,יחידה,false,1,35.50,35.5000,false,1,49765
7290115190090,false,סיגריות מרלבורו קצר בוקס בודד,פיליפ מוריס,US,סיגריות מרלבורו גולדPP חפיסה,יחידה,1.00,יחידה,false,1,35.50,35.5000,false,1,49463
7290115190113,false,מרלבורו גולד קצר קופסא סופט,פיליפ מוריס,IL,סיגריות מרלבורו גולד סופטPP חפיסה,יחידה,1.00,יחידה,false,1,33.20,33.2000,false,1,49482
7290115190137,false,סיגריות מרלבורו טאצ סילבר יחידה,פיליפ מוריס,IL,סיגריות מרלבורו פיין טאץPP חפיסה,יחידה,1.00,יחידה,false,1,31.50,31.5000,false,1,49484
7290115190151,false,סיגריות מרלבורו טאצ גולד,פיליפ מוריס,IL,סיגריות מרלבורו טאץPP חפיסה,יחידה,1.00,יחידה,false,1,31.50,31.5000,false,1,49476
7290115190175,false,פרלמנט סופר סלימס קופסא,פיליפ מוריס,US,סיגריות פרלמנט סופר סלימסPP חפיסה בודד,יחידה,1.00,יחידה,false,1,40.40,40.4000,false,1,49374
7290115190199,false,פרלמנט נייט ארוך חפיסה,פיליפ מוריס,TR,פרלמנט נייט 100PP חפיסה,יחידה,1.00,יחידה,false,1,40.40,40.4000,false,1,50845
7290115190212,false,סיגריות פרלמנט בלו 100 BR בודד,פיליפ מוריס,PL,סיגריות פרלמנט בלו 100PPחפיסה,יחידה,1.00,יחידה,false,1,40.40,40.4000,false,1,49467
7290115190236,false,סיגריות פרלמנט קצר בלו בודד,פיליפ מוריס,IL,סיגריות פרלמנט בלוPP חפיסה,יחידה,1.00,יחידה,false,1,40.40,40.4000,false,1,49465
7290115190250,false,סיגריות פרלמנט קצר בודד,פיליפ מוריס,US,סיגריות פרלמנט נייטPP חפיסה בודד,יחידה,1.00,יחידה,false,1,40.40,40.4000,false,1,49380
7290115190274,false,סיגריות פרלמנט סילבר,פיליפ מוריס,US,סיגריות פרלמנט סילברPP חפיסה,יחידה,1.00,יחידה,false,1,40.40,40.4000,false,1,49478
7290115190335,false,ל.מ.בלו לייבל ארוך בוקס חפיסה,פיליפ מוריס,TR,ל.מ בלו 100PP חפיסה,יחידה,1.00,יחידה,false,1,31.50,31.5000,false,1,50892
7290115190359,false,סיגריות L.M בלו לייבל קצר,פיליפ מוריס,US,סיגריות ל.מ בלוPP חפיסה בודד,יחידה,1.00,יחידה,false,1,31.50,31.5000,false,1,49376
7290115190373,false,סיגריות ל.מ. קפסולהP,פיליפ מוריס,TR,סיגריות ל.מ. קפסולהPP חפיסה,יחידה,1.00,יחידה,false,1,31.50,31.5000,false,1,49480
7290115190397,false,סיגריות L.M קצר רד לייבל בודד,פיליפ מוריס,US,ל.מ רדPP חפיסה בודד סיגריות,יחידה,1.00,יחידה,false,1,31.50,31.5000,false,1,49371
7290115190410,false,ל.מ. סילבר לייבל חפיסה,פיליפ מוריס,TR,סיגריות ל.מ סילברPP חפיסה,יחידה,1.00,יחידה,false,1,31.50,31.5000,false,1,49469
7290115190434,false,סיגריות L.M וייב סלימס בודד,פיליפ מוריס,US,סיגריות ל.מ וייבPP חפיסה בודד,יחידה,1.00,יחידה,false,1,31.50,31.5000,false,1,49382
7290115190458,false,סיגריות נקסט פיין אדג' בודד,פיליפ מוריס,TR,סיגריות נקסט אדג בודד,יחידה,1.00,יחידה,false,1,25.00,25.0000,false,1,49715
7290115190472,false,סיגריות נקסט פיין אדג',פיליפ מוריס,TR,סיגריות נקסט פיין אדגPP חפיסה,יחידה,1.00,יחידה,false,1,25.00,25.0000,false,1,49978
7290115190496,false,סיגריות נקסט ארוך בודד,פיליפ מוריס,IL,סיגריות נקסט פיין 100PP חפיסה,יחידה,1.00,יחידה,false,1,30.20,30.2000,false,1,50271
7290115190519,false,סיגריות נקסט פיין חפ,פיליפ מוריס,PL,סיגריות נקסט פיין חפיסה,יחידה,1.00,יחידה,false,1,30.20,30.2000,false,1,49471
7290115190533,false,סיגריות נקסט ריסס 100 בודד,פיליפ מוריס,TR,סיגריות נקסט ריסס 100בודד,יחידה,1.00,יחידה,false,1,26.00,26.0000,false,1,49762
7290115190557,false,סיגריות נקסט ריסס בודד,פיליפ מוריס,TR,סיגריות נקסט ריסס קצרPP חפיסה,יחידה,1.00,יחידה,false,1,26.00,26.0000,false,1,49472
7290115190571,false,סיגריות נקסט לילך בודד,פיליפ מוריס,US,סיגריות נקסט לילךPP חפיסה בודד,יחידה,1.00,יחידה,false,1,30.20,30.2000,false,1,49373
7290115190595,false,סיגריות נקסט אוריגינ,פיליפ מוריס,PL,סיגריות נקסט אוריגינלPP חפיסה,יחידה,1.00,יחידה,false,1,30.20,30.2000,false,1,49461
7290115190618,false,טבק מרלבורו רד 30 גרם חפיסה,פיליפס,PL,טבק מרלבורו רדPP חפיסה,יחידה,1.00,יחידה,false,1,91.30,91.3000,true,1,50026
7290115190632,false,טבק מרלבורו גולד 30 גרם חפיסה,פיליפ מוריס,PL,טבק מרלבורו גולד חפיסה 30 גרם,גרמים,30.00,100 גרם,false,1,91.30,304.3333,false,1,49980
7290115190656,false,טבק נקסט פיין 40 גרם חפיסה,פיליפ מוריס,PL,טבק נקסט פייןPP חפיסה,יחידה,1.00,יחידה,false,1,87.30,87.3000,true,1,49799
7290115190670,false,טבק נקסט אוריג'ינל 40 גרם חפיסה,פיליפ מוריס,PL,טבק נקסט אוריגינל בודד,יחידה,1.00,יחידה,false,1,87.30,87.3000,true,1,49767
7290115190694,false,טבק צ'סטרפילד פיין וירג'יניה 30PP,פיליפ מוריס,PL,טבק צסטרפילד פיין וירגינה בודד,יחידה,1.00,יחידה,false,1,68.30,68.3000,true,1,49760
7290115190892,false,סיגריות מרלבורו פיוז'ן קפסולה בודד,פיליפ מוריס,IL,סיגריות מרלבורו פיוזן קפסולה בודד,יחידה,1.00,יחידה,false,1,27.00,27.0000,false,1,51138
7290115190939,false,אל.אם קפסולות קליק חפיסה,פיליפ מוריס,TR,סיגריות ל.מ קליק קפסולה בודד,יחידה,1.00,יחידה,false,1,25.00,25.0000,false,1,51960
7290115190960,false,מרלברו טאץ אדום פאקט,פיליפ מוריס,TR,מרלבורו טאץ אדום פאקט,יחידה,10.00,יחידה,false,10,290.00,29.0000,false,1,53415
7290115190977,false,מרלבורו טאצ' אדום קופסא,פיליפ מוריס,TR,מרלבורו טאץ אדום חפיסה,יחידה,20.00,יחידה,false,1,29.00,1.4500,false,1,53414
7290115191035,false,מרלבורו סאמר ספלאש קופסא,פיליפ מוריס,RS,מרלבורו סאמר ספלאש חפיסה בודד,יחידה,1.00,יחידה,false,1,29.00,29.0000,false,1,53069
7290115191073,false,סיגריות נקסט(בודד) ר,פיליפ מוריס,RS,נקסט ריץ ריסס חפיסה,יחידה,1.00,יחידה,false,1,26.00,26.0000,true,1,54157
7290115200003,false,פתי בר פינוקי וניל אסם 220 גרם,תאי פרזידנט פוד פאבל,PL,אסם פתי בר פינוקי וניל 220 גרם,גרמים,220.00,100 גרם,false,1,13.90,6.3182,true,1,46314
7290115200676,false,עוגיות קרמוגית במילוי קרם בטעם קרמל מלוח,"הגביע מוצרי וופלים בע""\מ",IL,קרמוגית קרמל מלוח200 גרם,גרמים,200.00,100 גרם,false,1,14.50,7.2500,true,1,50212
7290115201451,false,טבעול גורמה לביבות בטטה קארי 455 גרם,טבעול )מקבוצת אסם השקעות,IL,טבעול גורמה לביבות בטטה קארי 455גרם,גרמים,455.00,100 גרם,false,1,34.90,7.6703,true,1,53430
7290115201475,false,טבעול גורמה לביבות כרישה 434 גרם,טבעול )מקבוצת אסם השקעות,IL,טבעול גורמה לביבות כרישה 434גרם,גרמים,455.00,100 גרם,false,1,34.90,7.6703,true,1,53431
7290115201550,false,ביסלי קרנבל מיקס 150 ג' אסם,פרו מן יו פתרונות אר,IL,ביסלי קרנבל מיקס 24*150גרם,גרמים,150.00,100 גרם,false,1,11.50,7.6667,true,1,49384
7290115201703,false,ביסלי ברביקיו גדול אסם 200 גרם,מיוצר עי קונדיטוריית,IL,בסלי ברביקיו 200גרם,גרמים,200.00,100 גרם,false,1,10.90,5.4500,true,1,49676
7290115201727,false,ביסלי חטיף בטעם בצל אסם 200 גרם,מיוצר עי קונדיטוריית,IL,בסלי בצל 200גרם,גרמים,200.00,100 גרם,false,1,10.90,5.4500,true,1,49675
7290115202236,false,טופו קראנצ'ים טבעול 470 גרם,עיצובים 2020 (4.8),IL,טבעול טופו קרנצים 470גרם,גרמים,470.00,100 גרם,false,1,31.90,6.7872,true,1,51473
7290115202687,false,חומוס עם חריף חדש צבר 3,ג'נרל מילס סאן אדריא,IL,צבר חומוס עם חריף 375 גרם,גרמים,375.00,100 גרם,false,1,13.90,3.7067,true,1,50371
7290115202939,false,מנה חמה רייס נודלס עוף פטריות אסם 50 גרם,מיוצר עי קונדיטוריית,TH,מנה חמה רייס נודלס עוף פטריות 50 גרם,גרמים,50.00,100 גרם,false,1,9.90,19.8000,true,1,52029
7290115202953,false,אוסם - מנה חמה רייס נודלס קארי צהוב 55 גרם,מיוצר עי קונדיטוריית,TH,מנה חמה רייס נודלס קארי צהוב 55 גרם,גרמים,50.00,100 גרם,false,1,9.90,19.8000,true,1,52042
7290115203134,false,פופקו פופקורן במבה אסם 80 גרם,"אסם השקעות בע""\מ",IL,פופקו פופקורן במבה 80 גרם,גרמים,80.00,100 גרם,false,1,5.90,7.3750,true,1,51061
7290115203172,false,במבה PRO מכיל 18 גרם חלבון בשקית,"אסם השקעות בע""\מ",IL,במבה פרו 80גרם,גרמים,80.00,100 גרם,false,1,6.90,8.6250,true,1,53570
7290115203486,false,פירורית בטעם ביסלי גריל אסם 200 גרם,עינת תעשיות מזון אגו,IL,פירורית בטעם ביסלי גריל אסם 200 גרם,גרמים,200.00,100 גרם,false,1,6.90,3.4500,true,1,51467
7290115204056,false,"קטשופ מופחת סוכר אסם 690 גרם כשל""פ","אסם תעשיות בע""מ",IL,אסם קטשופ פחות 56% סוכר 690 גרם,גרמים,690.00,100 גרם,false,1,11.90,1.7246,true,1,50237
7290115204698,false,בייגלה שטוחים שומשום בטעם ביסלי גריל 300 ג' אסם,מיוצר עי קונדיטוריית,IL,אסם בייגלה שטוחים שומשום בטעם ביסלי 300,גרמים,300.00,100 גרם,false,1,11.90,3.9667,true,1,51423
7290115205022,false,אוסם - שקדי מרק מקלונים 350 גרם,"אסם תעשיות בע""מ",IL,שקדי מרק מקלונים אסם 350 גרם,גרמים,350.00,100 גרם,false,1,14.90,4.2571,true,1,51676
7290115205176,false,פיטנס - קרקר דק כפרי פיטנס 140 גרם,נסטלה Nestle,IL,פיטנס קרקר דק כפרי 150 גרם,גרמים,150.00,100 גרם,false,1,13.90,9.2667,true,1,52476
7290115205312,false,קרקר פיטנס דק עם זיתי קלמטה ועשבי תיבול,"אסם השקעות בע""\מ",IL,קרקר דק פיטנס זיתים 140 גרם,גרמים,140.00,100 גרם,false,1,13.90,9.9286,true,1,52917
7290115205978,false,"פתי בר אצבעות שוקולד אוסם, 180 גרם","t\ד""\ר ג'\רארד בע""\מn\",PL,אסם פתי בר אצבעות שוקולד 180גרם,גרמים,180.00,100 גרם,false,1,13.90,7.7222,true,1,52633
7290115206135,false,טבעול גורמה ארוחת קינואה 450 גרם,טבעול (מקבוצת אסם הש,IL,טבעול גורמה ארוחת קינואה 450 גרם,גרמים,450.00,100 גרם,false,1,34.90,7.7556,true,1,52565
7290115206531,false,אסם קרמוגית במילוי קרם בייגלה 12*200 גרם,אסם-נסטלה,IL,אסם קרמוגית בייגלה 200 גרם,גרמים,200.00,100 גרם,false,1,14.50,7.2500,true,1,51912
7290115206852,false,ביסלי צ'יזי סטיקס חדש 70 ג אסם,"אסם השקעות בע""\מ",IL,ביסלי ציזי סטיקס חדש 70גרם,גרמים,70.00,100 גרם,false,1,5.90,8.4286,true,1,53517
7290115206890,false,ביסלי המבורגר חדש 70 ג אסם,"אסם השקעות בע""\מ",IL,ביסלי המבורגר חדש 70גרם,גרמים,70.00,100 גרם,false,1,5.90,8.4286,true,1,53518
7290115207347,false,אסם אינסטנט פודינג פירות יער 80 גרם,"אסם השקעות בע""\מ",IL,אינסטנט פודינג פירות יער 80גרם,גרמים,80.00,100 גרם,false,1,5.90,7.3750,true,1,52959
7290115207361,false,ביסקוויט פתיבר בטעם פיסטוק,"אסם תעשיות בע""מ",IL,אסם פתי בר פיסטוק 12*500גרם,גרמים,500.00,100 גרם,false,1,16.90,3.3800,true,1,52980
7290115207484,false,צבר סלט חציל על האש היתר 360 גרם,ג'נרל מילס סאן אדריא,IL,צבר חציל על האש 400גרם,גרמים,360.00,100 גרם,false,1,18.90,5.2500,true,1,52434
7290115207507,false,"סלט טורקי 330 גרם ""צבר""",ג'נרל מילס סאן אדריא,IL,צבר סלט טורקי 360גרם,גרמים,360.00,100 גרם,false,1,18.90,5.2500,true,1,52432
7290115207941,false,סירופ אננס ויטמינצ'יק 1 ליטר,בית-השיטה עסיס תעשיות מז,IL,סירופ ויטמינציק אננס 1 ליטר,ליטרים,1.00,ליטר,false,1,23.90,23.9000,true,1,52516
7290115208009,false,סירופ ענבים ויטמינצ'יק 1 ליטר,בית-השיטה עסיס תעשיות מז,IL,סירופ ויטמינציק ענבים 1 ליטר,ליטרים,1.00,ליטר,false,1,23.90,23.9000,true,1,52518
7290115208047,false,סירופ פטל ויטמינצ'יק 1 ליטר,בית-השיטה עסיס תעשיות מז,IL,סירופ ויטמינציק פטל 1 ליטר,ליטרים,1.00,ליטר,false,1,23.90,23.9000,true,1,52517
7290115208061,false,סירופ תפוח ויטמינצ'יק 1 ליטר,בית השיטה עסיס תעשיות מז,IL,ויטמינציק תפוח 1 ליטר,ליטרים,1.00,ליטר,false,1,23.90,23.9000,true,1,52519
7290115208320,false,אפרופו טעם ביסלי בצל אסם 50 גרם,"אסם השקעות בע""\מ",IL,אפרופו בטעם ביסלי בצל 50גרם,גרמים,50.00,100 גרם,false,1,5.90,11.8000,true,1,54110
7290115208597,false,קרמוגית מיניס קרמל מלוח אסם 200 גרם,"אסם השקעות בע""\מ",IL,אסם קרמוגית מיניס קרמל מלוח 200 גרם,גרמים,200.00,100 גרם,false,1,14.50,7.2500,true,1,53515
7290115208849,false,מנה חמה פירה ובטטה אסם 51 גרם,"אסם תעשיות בע""מ",IL,מנה חמה פירה עם בטטה 51 גרם,גרמים,51.00,100 גרם,false,1,7.90,15.4902,true,1,54093
7290115209174,false,במבה אורירית קלאסי 60 גר',אסם השקעות בעמ,IL,במבה אורירית 60גרם,גרמים,60.00,100 גרם,false,1,4.90,8.1667,true,1,53571
7290115209358,false,במבה במילוי בראוניז אסם 60 גרם,"אסם השקעות בע""\מ",IL,במבה במילוי בראוניז 60גרם,גרמים,60.00,100 גרם,false,1,5.90,9.8333,true,1,54107
7290115209372,false,במבה במילוי בראוניז 150ג' אסם,"אסם השקעות בע""\מ",IL,במבה במילוי בראוניז 150גרם,גרמים,150.00,100 גרם,false,1,11.90,7.9333,true,1,54108
7290115252484,false,פאי כוסמין פיצוחים400ג,פתפותים לחמים ומאפים מקמ,IL,פאי פצוחים 400גרם,גרמים,400.00,100 גרם,false,1,44.90,11.2250,true,1,51049
7290115252491,false,פאי כוסמין שקדים400 גרם,פתפותים לחמים ומאפים מקמ,IL,פאי שקדים 400גרם,גרמים,400.00,100 גרם,false,1,44.90,11.2250,true,1,51048
7290115671339,false,מיני פינוקיות בראוניז בייגל בוטן עלית 180 ג' עלית,"הגביע מוצרי ופלים בע""\מ",IL,מיני פינוקיות בראוניז בייגל בוטן 180 ג,גרמים,180.00,100 גרם,false,1,11.90,6.6111,true,1,51405
7290115671346,false,מיני פינוקיות טופי קרמל מלוח עלית 180 גרם,"הגביע מוצרי ופלים בע""\מ",IL,מיני פינוקיות טופי קרמל מלוח 180 ג,גרמים,180.00,100 גרם,false,1,11.90,6.6111,true,1,51406
7290115673555,false,בפלות אחת אחת בטעם אגוזים 240 גרם,הגביע מוצרי וופלים ב,IL,בפלות אחת אחת בטעם אגוזים 240 גרם,גרמים,240.00,100 גרם,false,1,17.90,7.4583,true,1,51940
7290115673562,false,בפלות אחת אחת עם קרם קפה נמס 240 גרם,הגביע מוצרי וופלים ב,IL,בפלות אחת אחת בטעם קפה נמס 240 גרם,גרמים,240.00,100 גרם,false,1,17.90,7.4583,true,1,51938
7290115674774,false,קרקר אפוי עם זרעי צ'יה וקינואה 170 ג' BREADZ,"אלאדין בייקרס בע""\מ",US,BREADZ קרקר קינואה וציה 170 גרם,גרמים,170.00,100 גרם,false,1,14.90,8.7647,true,1,52286
7290115675696,false,דגני בוקר קראנצ'ים שיבולת שועל עם אגוזים ושקדים,גלידות שטראוס,PL,קוואקר אגוזים 375 גרם Cruesli,גרמים,375.00,100 גרם,false,1,22.70,6.0533,true,1,51295
7290115675702,false,דגני בוקר קראנצ'ים שיבולת שועל עם פירות מיובשים,גלידות שטראוס,PL,קוואקר פירות 375 גרם Cruesli,גרמים,375.00,100 גרם,false,1,22.70,6.0533,true,1,51296
7290115675986,false,דנונה יוגורט בר עם אגוזים מקורמלים 173 גרם,"שטראוס בריאות בע""\מ",IL,דנונה בר עם אגוזים מקורמלים,גרמים,173.00,100 גרם,false,1,4.90,2.8324,true,1,50020
7290115676051,false,"משקה אקטיביה שיבולת שועל במתיקות מעודנת 250 מ""ל",מיוצר עי קונדיטוריית,IL,משקה אקטיביה עם שש מתיקות מעודנת 265 מל,מיליליטרים,265.00,"100 מ""ל",false,1,5.90,2.2264,true,1,51794
7290115676082,false,משקה יוגורט בטעם תות פרו 20 דנונה 255 ג',"שטראוס בריאות בע""\מ.",IL,משקה דנונה פרו 20 תות,מיליליטרים,255.00,"100 מ""ל",false,1,7.50,2.9412,true,1,51003
7290115676099,false,משקה יוגורט בטעם וניל פרו 20 דנונה 255 ג',"שטראוס בריאות בע""\מ.",IL,משקה דנונה פרו 20 וניל,מיליליטרים,255.00,"100 מ""ל",false,1,7.50,2.9412,true,1,51002
7290115676693,false,תפוצ'יפס מלח חומץ 50 ג' עלית,"שטראוס פריטו ליי בע""\מ )",IL,תפוציפס מלח חומץ 50 גרם,גרמים,50.00,100 גרם,false,1,4.90,9.8000,true,1,53258
7290115676990,false,תפוצ'יפס מלח&חומץ 50 גרם,"שטראוס פריטו ליי בע""\מ )",IL,תפו SALT & VINEGAR י50 גר 48 יח,גרמים,50.00,100 גרם,false,1,5.50,11.0000,true,1,50673
7290115677140,false,תפוצ'יפס בטעם פפריקה 200 גרם היתר מכירה,שטראוס פריטו ליי בע”,IL,תפוציפס פפריקה 200 גרם wavy,גרמים,200.00,100 גרם,false,1,11.90,5.9500,true,1,54102
7290115677362,false,"נודלס טריאקי ""דלישס"" שטראוס","טרופיקל דגיל בע""מ אז",IL,נודלס טריאקי דלישס 350גרם,גרמים,350.00,100 גרם,false,1,26.90,7.6857,true,1,51814
7290115677409,false,אורז קארי צהוב עם ירקות ברוטב קארי וקרם קוקוס,אוכל ביתי ניר עציון,IL,אורז קארי צהוב דלישס 350גרם,גרמים,350.00,100 גרם,false,1,26.90,7.6857,true,1,52635
7290115677423,false,אורז ירוק קארי חריף חריף דלישס 350 גרם,"טרופיקל דגיל בע""מ אז",IL,אורז קארי ירוק חריף,גרמים,350.00,100 גרם,false,1,26.90,7.6857,true,1,51817
7290115677959,false,גואקמולי סלט אבוקדו,סנטה אירפואטו,IL,גוואקמולי אחלה 220 גרם,גרמים,220.00,100 גרם,false,1,17.90,8.1364,true,1,52075
7290115678376,false,מעדן הגולן שוקולד 125 גרם,מיוצר עי קונדיטוריית,IL,מעדן הגולן שוקולד,גרמים,125.00,100 גרם,false,1,3.20,2.5600,true,1,51476
7290115678383,false,מעדן הגולן שוקולד מריר 125 גרם,מיוצר עי קונדיטוריית,IL,מעדן הגולן שוקולד מריר 125גרם,גרמים,125.00,100 גרם,false,1,3.20,2.5600,true,1,51443
7290115679519,false,שייק פירות ורוד 150X2גר,סיבהפרוסט,BE,דלישס שייק פירות ורוד 150 גר*2,גרמים,150.00,100 גרם,false,1,20.90,13.9333,true,1,53125
7290115679762,false,שייק פירות צהוב 150X2גר,סיבהפרוסט,BE,דלישס שייק פירות צהוב 150 גר*2,גרמים,150.00,100 גרם,false,1,22.90,15.2667,true,1,53124
7290115679779,false,שייק פירות אדום דליש,סיבהפרוסט,BE,דלישס שייק פירות אדום 150 גר*2,גרמים,150.00,100 גרם,false,1,22.90,15.2667,true,1,53122
7290115679878,false,פיצה מבצק עם סלק דלישס 320 גרם,גסטרונומיה פרוסט אס.,IT,פיצה מבצק עם סלק דלישס 320 גרם,גרמים,320.00,100 גרם,false,1,29.90,9.3437,true,1,51820
7290115679885,false,פיצה מבצק עם כרובית עם רוטב עגבניות ומוצרלה,גסטרונומיה פרוסט אס.,IT,פיצה מבצק עם כרובית 320 גרם,גרמים,320.00,100 גרם,false,1,29.90,9.3437,true,1,51821
7290116530109,false,חטיף קליק נוגט ציפוי שוקולד לבן 35 גרם,"טחנת האבן תעשיות בע""\מ,",IL,קליק חטיף נוגט מצופה שוקולד לבן 35 גרם,גרמים,35.00,100 גרם,false,1,5.90,16.8571,true,1,51205
7290116530185,false,"קורנפלקס דלישקד קרמל מלוח 400 גרם בד""ץ","יוניליוור שפע ישראל בע""\",IL,תלמה דגני בוקר דלישקד קרמל מלוח 400 גרם,גרמים,400.00,100 גרם,false,1,26.90,6.7250,true,1,51627
7290116530888,false,ג'ל לכביסה לבנה וצבעונית פינוק כחול בדין 2.5 ל',"זוהר דליה, קיבוץ דליה, 1",IL,בדין ג'ל כביסה בניחוח פינוק כחול 2.5 ליטר,קילוגרמים,2.50,"ק""ג",false,1,39.90,15.9600,true,1,51253
7290116531045,false,קורנפלקס דליפקאן 350ג ללא גלוטן,"מולינו ניקולי ,S.p.A ויה",IT,תלמה דגני בוקר דליפקאן ללא גלוטן 350 גרם,גרמים,350.00,100 גרם,false,1,22.90,6.5429,true,1,52599
7290116531069,false,קנור מרק בצל 100% רכיבים טבעיים 225 גרם,יוניליוור ישראל מזון בע\,IL,קנור מרק בצל 100% רכיבים טבעיים 225 גרם,גרמים,235.00,100 גרם,false,1,19.90,8.4681,true,1,52393
7290116531076,false,מרק פטריות רכיבים טבעיים קטן 225 ג' קנור,יוניליוור ישראל מזון בע\,IL,קנור מרק פטריות 100% רכיבים טבעיים 225 גרם,גרמים,235.00,100 גרם,false,1,19.90,8.4681,true,1,52394
7290116531120,false,נמס בכוס מרק וייטנאמי40ג,יוניליוור ישראל מזון בע\,IL,קנור נמס בכוס מרק וייטנאמי פיקנטי 40 גרם,גרמים,40.00,100 גרם,false,1,8.50,21.2500,true,1,51896
7290116531762,false,דפים ריחניים למייבש כביסה בדין ורוד 40 יחידות,"קלינטסט - 3p ארה""ב",US,בדין דפי מרכך למייבש כביסה ורוד 40 יחידות,יחידה,1.00,יחידה,false,1,21.90,21.9000,true,1,53057
7290116531779,false,דפים ריחניים למייבש כביסה בדין כחול 40 יחידות,"קלינטסט - 3p ארה""ב",US,בדין דפי מרכך למייבש כביסה כחול 40 יחידות,יחידה,1.00,יחידה,false,1,21.90,21.9000,true,1,53058
7290116531793,false,הלמנ'ס רוטב לסלט קיסר 295 גרם,יוניליוור ישראל מזון בע\,IL,הלמנס רוטב לסלט קיסר 295 גרם,גרמים,295.00,100 גרם,false,1,13.90,4.7119,true,1,52395
7290116531885,false,"מיונז הלמנס טיבעוני בד""ץ 500 גר",יוניליוור ישראל מזון בע\,IL,הלמנס ממרח טבעוני ויגן 500 גרם,גרמים,500.00,100 גרם,false,1,15.90,3.1800,true,1,53632
7290116531939,false,גלידה בשומן צמחי בטעם תות שדה בציפוי מכיל שוקולד,"גלידת שטראוס בע""\מ, רח'",IL,קרמיסימו גלידונית גלידה בטעם תות שדה 60 יחידות,גרמים,638.00,100 גרם,false,1,52.90,8.2915,true,1,52829
7290116532011,false,קליק חטיף שוקולד נוגט וחלב 35 גרם,תות תעשיות מזון (2014) ב,IL,קליק חטיף נוגט 35 גרם,גרמים,35.00,100 גרם,false,1,5.90,16.8571,true,1,52706
7290116532264,false,מאגדת גודיז פרי אפרסק יוגורט בציפוי 300 ג' שטראוס,"גלידת שטראוס בע""\מ, רחוב",IL,גודיז פרי אפרסק 300 גרם,גרמים,300.00,100 גרם,false,1,27.90,9.3000,true,1,52835
7290116532271,false,סנדוויץ לייט גודיז שוקולד וניל 270 ג' שטראוס,"גלידת שטראוס בע""\מ, רחוב",IL,גודיז סנדוויץ 270 גרם,גרמים,270.00,100 גרם,false,1,33.90,12.5556,true,1,52836
7290116532479,false,קליק גלידת שמנת בטעמי שוקולד לבן עוגיות 384 ג' שטראוס,"גלידת שטראוס בע""\מ, רחוב",IL,"פיינט קליק שוקולד לבן קרם עוגיות 520 מ""ל",מיליליטרים,520.00,"100 מ""ל",false,1,26.90,5.1731,true,1,53038
7290116532486,false,גלידת שמנת קליק בטעמי וניל קרמל מלוח 384 ג' שטראוס,"גלידת שטראוס בע""\מ, רחוב",IL,פיינט קליק וניל קרמל מלוח,מיליליטרים,520.00,"100 מ""ל",false,1,26.90,5.1731,true,1,53040
7290116930015,false,GO חטיף חלבון חטיף בוטנים קריספי 20 גרם חלבון,"בלמונט קונפקציות בע""\מ.",US,GO חטיף חלבון קרמל מלוח חמאת בוטנים 60ג,גרמים,60.00,100 גרם,false,1,13.90,23.1667,true,1,53116
7290116930022,false,חטיף חלבון GO קרם עוגיות ציפוי קריספי 20 גרם,"בלמונט קונפקציות בע""\מ.",US,GO חטיף חלבון בטעם קרם עוגיות 60גרם,גרמים,60.00,100 גרם,false,1,13.90,23.1667,true,1,53117
7290116930282,false,ארוחה בקטנה לאבנה עם קרקרים 150ג' תנובה,תנובה חלב,IL,ארוחה בקטנה לאבנה עם קרקרים 150 גרם,גרמים,150.00,100 גרם,false,1,7.90,5.2667,true,1,53532
7290116930435,false,יוגורט יופלה GO במרקם סמיך עם דובדבן 0%,תנובה מרכז שיתופי לש,IL,יוגורט גו סמיך 0% דובדבן,גרמים,150.00,100 גרם,false,1,6.80,4.5333,true,1,52960
7290116930459,false,"יופלה שייק מנגו בננה אננס וקוקוס 230 מ""ל",קבוצת המזון אקטשלאר,IL,SHAKE יופלה בננה אננס וקוקוס 230 מל,מיליליטרים,230.00,"100 מ""ל",false,1,8.90,3.8696,true,1,53290
7290116930466,false,"משקה SHAKE בננה מנגן פסיפלורה והל 230 מ""ל יופלה",קבוצת המזון אקטשלאר,IL,SHAKE יופלה מנגו בננה פסיפלורה והל 230 מ,מיליליטרים,230.00,"100 מ""ל",false,1,8.90,3.8696,true,1,53289
7290116930480,false,"משקה SHAKE בננה קיווי תפוח 230 מ""ל יופלה",קבוצת המזון אקטשלאר,IL,SHAKE יופלה בננה קיווי תפוח 230 מל,מיליליטרים,230.00,"100 מ""ל",false,1,8.90,3.8696,true,1,53288
7290116930558,false,ויסוצקי משקה תה קר עם חלב בטעם צאי קרמל,תנובה חלב,IL,משקה תה קר עם חלב בטעם צאי קרמל 230מל,מיליליטרים,230.00,"100 מ""ל",false,1,7.90,3.4348,true,1,53294
7290116930565,false,ויסוצקי משקה תה קר עם חלב בטעם צאי מסאלה,תנובה חלב,IL,משקה תה קר עם חלב בטעם צאי מסאלה 230מל,מיליליטרים,230.00,"100 מ""ל",false,1,7.90,3.4348,true,1,53295
7290116930626,false,ארוחה בקטנה ציזיקי עם קרקרים 150ג' תנובה,תנובה חלב,IL,ארוחה בקטנה ציזיקי עם קרקרים 150 גרם,גרמים,150.00,100 גרם,false,1,7.90,5.2667,true,1,53533
7290116930633,false,יולו בייגלה שוק.בלונד120,תנובה בעמ,IL,יולו שוקולד בלונדי עם שברי בייגלה 120 גרם,גרמים,120.00,100 גרם,false,1,5.50,4.5833,true,1,53293
7290116930657,false,"משקה חלב גו בטעם בננה תמר בתוספת שיבולת שועל במרקם חלק 340 מ""ל",תנובה מרכז שיתופי לש,IL,"GO משקה בננה תמר שיבולת שועל 340 מ""ל",מיליליטרים,340.00,"100 מ""ל",false,1,8.90,2.6176,true,1,54144
7290116930701,false,מעדן חלב GO מועשר בחלבון בטעם קרמל מלוח,תנובה מרכז שיתופי לש,IL,GOמעדן חלב בטעם קרמל מלוח 120גרם,גרמים,120.00,100 גרם,false,1,5.20,4.3333,true,1,53291
7290116930718,false,מעדן תנובה דיאט בטעם שוקולד וקרמל מלוח 0% 150ג' תנובה,"תנובה בע""\מ",IL,מעדן תנובה דיאט בטעם שוקולד וקרמל מלוח 0%,גרמים,150.00,100 גרם,false,1,4.20,2.8000,true,1,53534
7290116930725,false,סויה BIO קוקוס גביע Alternative 150 גרם,תנובה חלב,IL,מעדן סויה BIO קוקוס אלטרנטיב 150 גרם,גרמים,150.00,100 גרם,false,1,4.90,3.2667,true,1,53641
7290116930954,false,יוגורט טעם פאי תפוחים 3% 150 ג' יופלה,"תנובה בע""\מ",IL,יוגורט יופלה פאי תפוחים 3% 150 גרם,גרמים,150.00,100 גרם,false,1,5.70,3.8000,true,1,54141
7290116931074,false,פרוסות טל העמק 32% שומן 300 גרם,"תנובה בע""\מ",IL,גבינה צהובה טל העמק 32% 300 גרם,גרמים,300.00,100 גרם,false,1,25.90,8.6333,true,1,53897
7290116931081,false,גביע מעדן סויה בטעם טופי קרמל 125 גרם,תנובה מרכז שיתופי לש,IL,מעדן סויה בטעם טופי קרמל 125 גרם,גרמים,125.00,100 גרם,false,1,4.70,3.7600,true,1,53640
7290116931104,false,יופלה GO במרקם סמיך עם אננס 0% תנובה 200 גרם,תנובה חלב,IL,יופלה גו במרקם סמיך עם אננס 0% 200גרם,גרמים,200.00,100 גרם,false,1,6.50,3.2500,true,1,53642
7290117260906,false,פופקורן בציפוי בטעם פירות 90 גרם,אלאלסי,UA,פופקורן בטעם פירות 90גרם,גרמים,90.00,100 גרם,false,1,7.90,8.7778,true,1,52810
7290117261705,false,חמאת עיזים 200 גרם ויליפוד,באלבן גידה סנאי,TR,חמאת עיזים יורו 200 גרם,גרמים,200.00,100 גרם,false,1,13.90,6.9500,true,1,53198
7290117262290,false,פרלינים אגוזים מצופים פצפוצי שוקולד 50 גרם,מודרן צוקולטה,TR,פרלינים אגוזים במילוי פצפוצי דגנים מצופי,גרמים,50.00,100 גרם,false,1,6.90,13.8000,true,1,54158
7290117262306,false,"קורנפלקס מצופה שוקולד חלב ד, 50 גרם",מודרן צוקולטה,TR,קורנפלקס מצופים שוקולד חלב 50גרם,גרמים,50.00,100 גרם,false,1,6.90,13.8000,true,1,54159
7290117262320,false,ביסקוויט מצופה שוקולד חלב 50 גר JAZZY,מודרן צוקולטה,TR,ביסקוויט מצופה שוקולד חלב 40גרם,גרמים,40.00,100 גרם,false,1,6.90,17.2500,true,1,54161
7290117380154,false,"מאסטר שף רוטב אסיאתי עם סויה 260 מ""ל",רמייה,NL,"רוטב לסלט אסיאתי עם סויה ושומשום, 264 גר",גרמים,264.00,100 גרם,false,1,10.90,4.1288,true,1,53564
7290117380178,false,סוויט פוף חטיף מצופה שוקולד חלב,"טחנת האבן תעשיות בע""",IL,סוויט פוף שוקולד חלב 50 גרם,גרמים,50.00,100 גרם,false,1,5.90,11.8000,true,1,54162
7290117380185,false,סוויט פוף חטיף מצופה שוקולד חלב ולבן,"טחנת האבן תעשיות בע""",IL,סוויט פוף שוקולד חלב ולבן 50 גרם,גרמים,50.00,100 גרם,false,1,5.90,11.8000,true,1,54163
7290117380192,false,חטיף פוף קראנץ בטעם גריל 60 גרם,מנה,IL,פוף חטיף קראנץ גריל 60 גרם,גרמים,60.00,100 גרם,false,1,3.90,6.5000,true,1,52450
7290117380215,false,חטיף פוף קראנץ בטעם טאקו 60 גרם,מנה,IL,פוף חטיף קראנץ טאקו 60 גרם,גרמים,60.00,100 גרם,false,1,3.90,6.5000,true,1,52452
7290117380864,false,סלים דליס פייבר עוגות בראוניס אישיות בטעם שוקולד 120 גרם,הלמה הלום,NL,סלים דליס עוגות בראוניס אישיות שוקולד 1,גרמים,120.00,100 גרם,false,1,14.90,12.4167,true,1,53157
7290117380871,false,סלים דליס פייבר עוגות אישיות בטעם אוכמניות 120 גרם,הלמה הלום,NL,סלים דליס עוגות בראוניס אישיות אוכמניות 120גרם,גרמים,120.00,100 גרם,false,1,14.90,12.4167,true,1,53158
7290117382318,false,סלים דליס - חטיף חלבון מצופה שוקולד מריר 60 גרם,"י. מרבה ישראל בע""\מ",IT,חטיף סלים דליס פרו מצופה שוקולד מריר 6,גרמים,60.00,100 גרם,false,1,13.90,23.1667,true,1,53536
7290117382325,false,סלים דליס - פרו 33 חטיף חלבון מצופה שוקולד חלב 60 גרם,"י. מרבה ישראל בע""\מ",IT,חטיף סלים דליס פרו מצופה שוקולד חלב 6,גרמים,60.00,100 גרם,false,1,13.90,23.1667,true,1,53535
7290117382332,false,סלים דליס - חטיף חלבון מצופה שוקולד בטעם עוגיות 60 גרם,"י. מרבה ישראל בע""\מ",IT,חטיף סלים דליס פרו מצופה שוקולד עוגיות,גרמים,60.00,100 גרם,false,1,13.90,23.1667,true,1,53537
7290118420071,false,במבה ביסלי ברביקיו מיקס 80ג' אסם,"אסם השקעות בע""\מ",IL,במבה ביסלי ברביקיו מיקס 80גרם,גרמים,80.00,100 גרם,false,1,5.90,7.3750,true,1,54109
7290118420378,false,פתיבר פינוקים בטעם תותים בשמנת - חלבי,קריות זול,IL,אסם פתי בר פינוקים תותים בשמנת 220 גרם,גרמים,220.00,100 גרם,false,1,13.90,6.3182,true,1,54106
7290118420477,false,אסם בייגלה שטוחים בטעם ביסלי בצל 300 גרם,"אסם תעשיות בע""מ",IL,אסם בייגלה שטוחים בטעם ביסלי בצל 300ג,גרמים,300.00,100 גרם,false,1,11.90,3.9667,true,1,54111
7290118420514,false,אינסטנט פודינג בטעם נוגט אסם 75 גרם,"אסם תעשיות בע""מ",IL,אינסטנט פודינג נוגט 75גרם,גרמים,75.00,100 גרם,false,1,5.90,7.8667,true,1,54078
7290118873082,false,בדיקת קורונה שפעת מ,,IL,בדיקת קורונה שפעת מארז חמישייה,יחידה,1.00,יחידה,false,1,59.90,59.9000,true,1,54220
7296021131394,false,סכין מולטי משוננת מ,,,"סכין מולטי 1.5 ס""מ",יחידה,1.00,יחידה,false,1,19.90,19.9000,true,1,45616
7296021133541,false,מצקת נירוסטה ידית שח,KIS CHINA,CN,מצקת נירוסטה ידית שחורה נעמן בייסיק ידי,יחידה,1.00,יחידה,false,1,23.90,23.9000,true,1,45451
7296021133558,false,כף מסננת ידית שחורה,KIS CHINA,CN,כף מסננת ידית שחורה נעמן בייסיק ידית שח,יחידה,1.00,יחידה,false,1,21.90,21.9000,true,1,45449
7296021133565,false,תרווד מחורץ ידית שחו,KIS CHINA,CN,תרווד מחורץ ידית שחורה נעמן בייסיק ידית,יחידה,1.00,יחידה,false,1,16.90,16.9000,true,1,45454
7296021133572,false,כף ספגטי ידית שחורה,,,כף ספגטי ידית שחורה נעמן בייסיק ידית שח,יחידה,1.00,יחידה,false,1,16.90,16.9000,true,1,45455
7296021133589,false,כף מחורצת ידית שחורה,KIS CHINA,CN,כף מחורצת ידית שחורה נעמן בייסיק ידית ש,יחידה,1.00,יחידה,false,1,16.90,16.9000,true,1,45450
7296021133596,false,כף בישול ידית שחורה,KIS CHINA,CN,כף בישול ידית שחורה נעמן בייסיק ידית שח,יחידה,1.00,יחידה,false,1,16.90,16.9000,true,1,45452
7296021133602,false,מועך תפוחי אדמה ידית שחורה,KIS CHINA,CN,"מועך תפו""א ידית שחורה נעמן בייסיק ידית",יחידה,1.00,יחידה,false,1,16.90,16.9000,true,1,45453
7296021133718,false,מטרפה ידית שחורה נעמ,KIS CHINA,CN,מטרפה ידית שחורה נעמן בייסיק ידית שחורה,יחידה,1.00,יחידה,false,1,12.90,12.9000,true,1,45447
7296021133749,false,מסננת קטנה ידית שחור,KIS CHINA,CN,מסננת קטנה ידית שחורה נעמן בייסיק ידית,יחידה,1.00,יחידה,false,1,9.90,9.9000,true,1,45448
7296021136030,false,קולפן Y נירוסטה קולפ,,,קולפן Y נירוסטה,יחידה,1.00,יחידה,false,1,15.90,15.9000,true,1,42104
7296021137860,false,קולפן רחב חותך לרצועות כרוב,נעמן,,חותך רצועות כרוב קולפנים,יחידה,1.00,יחידה,false,1,18.90,18.9000,true,1,42084
7296021146435,false,"תבנית קפיץ 26 ס""מ לא",,,"תבנית קפיץ 26 ס""מ לאפיה",יחידה,1.00,יחידה,false,1,35.90,35.9000,true,1,45486
7296021146459,false,"תבנית אפייה 11*31 ס""",,,תבנית לאפיה 11*30,יחידה,1.00,יחידה,false,1,21.90,21.9000,true,1,45499
7296021146497,false,תבנית לאפיה מלבן 4*2,,,"תבנית לאפיה מלבן 4*24*34 ס""מ",יחידה,1.00,יחידה,false,1,22.90,22.9000,true,1,45484
7296021166273,false,קערה לסלט 3.5 ליטר פ,,,"קערה אובלית 25*31 ס""מ פלסטיק",יחידה,1.00,יחידה,false,1,18.90,18.9000,true,1,45998
7296021170645,true,פותחן יין מלצרים תו,,,פותחן יין מלצרים תוכי אביזרי מטבח,יחידה,1.00,יחידה,false,1,15.90,15.9000,true,1,49400
7296021170751,false,- מגרדת 4 צדדים 23.5,,,מגרדת 4 צדדים,יחידה,1.00,יחידה,false,1,19.90,19.9000,true,1,42091
7296021170836,false,מערוך עץ 30*50 אביז,,,מערוך עץ 30*50 אביזרי מטבח,יחידה,1.00,יחידה,false,1,29.90,29.9000,true,1,45494
7296021171185,false,"מועך תפו""א מתקפל SS",,,"מועך תפו""א מתקפל SS",יחידה,1.00,יחידה,false,1,29.90,29.9000,true,1,50422
7296021180224,false,תבנית סיליקון למאפינ,,,תבנית סיליקון למאפינס 12 שקעים,יחידה,1.00,יחידה,false,1,51.90,51.9000,true,1,45485
7296021191367,false,תבנית לקוביות קרח עם,,,קרחון עם מכסה,יחידה,1.00,יחידה,false,1,12.90,12.9000,true,1,50806
7296021273162,false,סט שישיית סכינים לחי,,,סט שישיית סכינים לחיתוך ירקות אדום,יחידה,1.00,יחידה,false,1,11.90,11.9000,true,1,52421
7296021273254,false,מארז מגבות 40/60 סמ,,,מארז מגבות 40/60 סמ תכלת כותנה 100%,יחידה,1.00,יחידה,false,1,28.90,28.9000,true,1,53162
7296021273261,false,מארז מגבות 40/60 סמ,,,מארז מגבות 40/60 סמ סגול כותנה 100%,יחידה,1.00,יחידה,false,1,28.90,28.9000,true,1,53163
7296150000028,false,עלי גפן ממולאים באורז 425 גר,אקמאר,TR,עלי גפן ממולאים באורז 425 גרם,גרמים,425.00,100 גרם,false,1,14.90,3.5059,true,1,34876
7297488097995,false,גרנולה דבש ללא גלוטן 250 גרם דגש,תות תעשיות מזון (201,IL,בריאות וטבע גרנולה דבש 250 גרם,גרמים,250.00,100 גרם,false,1,16.90,6.7600,true,1,27904
7297488098015,false,גרנולה קרנץ' עם שוקולד צ'יפס מריר ללא גלוטן 250 גרם דגש,תות תעשיות מזון (201,IL,גרנולה קרנצי שוקו דגש 250 גרם,גרמים,250.00,100 גרם,false,1,16.90,6.7600,true,1,27905
7297488098152,false,דגש קמח חומוס ללא גל,אף.סי תבליני בגליל ב,IL,דוכן גן שמואל קמח חומוס 500 גרם,גרמים,500.00,100 גרם,false,1,17.90,3.5800,true,1,31702
7297488098220,false,קמח תפוחי אדמה 500 גרם דגש,תות תעשיות מזון (201,IL,דוכן גן שמואל קמח תפוחי אדמה 500 גרם,גרמים,500.00,100 גרם,false,1,12.90,2.5800,true,1,38511
7297488098282,false,דגש אבקת מרק בטעם עוף 500 גרם,אף.סי. תבליני הגליל,IL,בריאות וטבע אבקת מרק בטעם עוף 500 גרם,גרמים,500.00,100 גרם,false,1,21.90,4.3800,true,1,27894
7297488098299,false,קמח טפיוקה ללא גלוטן500ג,אף סי תבליני הגליל ב,IL,דוכן גן שמואל קמח טפיוקה 500 גרם,גרמים,500.00,100 גרם,false,1,10.90,2.1800,true,1,31703
7297488098305,false,קמח שקדים ללא גלוטן,תות תעשיות מזון (201,IL,דוכן גן שמואל קמח שקדים 500 גרם,גרמים,250.00,100 גרם,false,1,28.90,11.5600,true,1,27903
7297488099753,false,דגש עוגיות בטעם שוקולד וקוקוס 250 גרם,תות תעשיות מזון (201,IL,עוגיות בטעם שוקולד וקוקוס 250 גרם,גרמים,250.00,100 גרם,false,1,29.90,11.9600,true,1,38420
7297488099760,true,עוגיות בטעם חלבה 250,תות תעשיות מזון (201,IL,בריאות וטבע עוגיות מובחרות עם חלווה 250 גרם,גרמים,250.00,100 גרם,false,1,29.90,11.9600,true,1,38454
7297488099777,true,עוגיות בטעם קאשיו 25,תות תעשיות מזון (201,IL,בריאות וטבע עוגיות מובחרות עם קשיו 250 גרם,גרמים,250.00,100 גרם,false,1,29.90,11.9600,true,1,38455
7297488099784,false,עוגיות בטעם קינמון 250 גרם,תות תעשיות מזון (201,IL,בריאות וטבע עוגיות מובחרות עם קינמון 250 גרם,גרמים,250.00,100 גרם,false,1,29.90,11.9600,true,1,38421
7297488099821,false,גרנולה ללא תוספת סוכר לנמנעים מגלוטן,תות תעשיות מזון (201,IL,בריאות וטבע גרנולה 250 גרם,גרמים,250.00,100 גרם,false,1,16.90,6.7600,true,1,38422
7297488099890,false,פרוסות בסגנון קלאסי מופחתת שומן טבעוני 200 גרם,"טרופיקל דגיל בע""מ אז",IL,משו משו פרוסות בסגנון קלאסי 9% 200 גרם,גרמים,200.00,100 גרם,false,1,20.90,10.4500,true,1,35791
7297488099906,false,פתיתים טבעוניים בסגנון פרמז'ן טבעוני 10 יח',"טרופיקל דגיל בע""מ אז",IL,משו משו פרוסות בסגנון קלאסי 18% 200 גרם,גרמים,200.00,100 גרם,false,1,20.90,10.4500,true,1,35793
7297488099968,false,משומשו מלוחה 16% 250גר טבעוני,"טרופיקל דגיל בע""מ אז",IL,משו משו מלוחה 16% 250 גרם,גרמים,250.00,100 גרם,false,1,20.90,8.3600,true,1,35794
7297488199606,false,פצפוצי אורז תפוח ללא תוספת סוכר ומלח ללא גלוטן,דגש- דוכן גן שמואל,IL,פצפוצי אורז לבן תפוח,גרמים,450.00,100 גרם,false,1,24.90,5.5333,true,1,38419
7297488199682,false,קמח כוסמת ללא גלוטן,תות תעשיות מזון (201,IL,דוכן גן שמואל קמח קינואה 500 גרם,גרמים,500.00,100 גרם,false,1,16.90,3.3800,true,1,38413
7298074500615,false,ערכה לבדיקת הריון בודד סנסו טסט,סנסו טסט Senso Test,,ערכה לבדיקת הריון בודד סנסו טסט,יחידה,1.00,יחידה,false,1,25.90,25.9000,true,1,42907
7298074501018,false,בליסטקס קלאסיק שפתון לשפתיים יבשות וסדוק,מדיליין פריגו,US,שפתון בליסטקס קלאסיק,יחידה,1.00,יחידה,false,1,9.90,9.9000,true,1,50824
7298074501995,false,בליסטקס סטיק אולטרא SPF50,מדיליין פריגו,US,בליסטקס הגנה מוגברת spf50,יחידה,1.00,יחידה,false,1,9.90,9.9000,true,1,43291
7312040017683,false,"אבסולוט וודקה, 700 מ''ל",חברת אבסולוט,SE,"אבסולוט וודקה, 700 מ''ל",מיליליטרים,700.00,"100 מ""ל",false,1,69.90,9.9857,true,1,26326
7394376123337,false,"משקה שיבולת שועל אורגני מפוקח ע""י סקאל",טרנסומס פוד איי.בי,SE,משקה שיבולת שועל אורגני אוטלי 1 ליטר,ליטרים,1.00,ליטר,false,1,15.90,15.9000,true,1,46117
7394376615825,false,אוטלי משקה שיבולת שועל מועשר בסידן וויטמינים 1 ליטר,טרנסומס פוד,SE,אוטלי משקה שבולת שועל מועשר 1 ליטר,ליטרים,1.00,ליטר,false,1,15.90,15.9000,true,1,46116
7394376615832,false,"אוטלי משקה שיבולת שועל בטעם שוקולד, 1 ל'",טרנסומס פוד,SE,משקה שיבולת שועל בטעם שוקולד אוטלי 1 לי,ליטרים,1.00,ליטר,false,1,16.90,16.9000,true,1,46115
7394376616778,false,אוטלי משקה שיבולת שועל להקצפה בריסטה 1 ליטר,טרנסומס פוד,SE,משקה שיבולת שועל  להקצפה בריסטה אוטלי 1,ליטרים,1.00,ליטר,false,1,16.90,16.9000,true,1,46114
7394376620294,false,אוטלי משקה שיבולת שועל בטעם וניל 1 ליטר,איי אם פי אס איי תעש,NL,משקה שיבולת שועל וניל אוטלי 1 ליטר,ליטרים,1.00,ליטר,false,1,16.90,16.9000,true,1,54028
7441000720599,false,לבבות דקל LA CIMA פח 400 גרם,אינקופלמיטו,EC,שימורי לבבות דקל שלמים(פחית),גרמים,400.00,100 גרם,false,1,14.90,3.7250,true,1,35509
7441000720605,false,לבבות דקל LA CIMA צנצנת 410 גרם,אינקופלמיטו אס. אי,EC,לה קימה שימורי לבבות דקל שלמים 410 גרם,גרמים,410.00,100 גרם,false,1,19.90,4.8537,true,1,35510
7500162900000,false,"בירה סול בקבוק 330 מ""ל",היינקן,NL,"סול ח""פ 330 בקבוק בודד",מיליליטרים,330.00,"100 מ""ל",false,1,9.90,3.0000,true,1,45614
7501013101348,false,"נקטר בטעם מנגו 500 מ""ל JUMEX",חומקס קומר קומרסאליזדורה,MX,"ג'ומקס מנגו בקבוק 473 מ""ל תריסר",מיליליטרים,473.00,"100 מ""ל",false,1,9.50,2.0085,true,1,42749
7501013101355,false,"נקטר בטעם אפרסק 500 מ""ל JUMEX",חומקס קומר קומרסאליזדורה,MX,"ג'ומקס אפרסק בקבוק 473 מ""ל תריסר",מיליליטרים,473.00,"100 מ""ל",false,1,9.50,2.0085,true,1,42748
7501013101362,false,"נקטר בטעם קוקוס ואננס 500 מ""ל JUMEX",חומקס קומר קומרסאליזדורה,MX,"ג'ומקס קוקוס אננס בקבוק 473 מ""ל תריסר",מיליליטרים,473.00,"100 מ""ל",false,1,9.50,2.0085,true,1,42750
7501013101393,false,"נקטר בטעם אננס טבעי 500 מ""ל JUMEX",חומקס קומר קומרסאליזדורה,MX,"ג'ומקס אננס  בקבוק 473 מ""ל תריסר",מיליליטרים,473.00,"100 מ""ל",false,1,9.50,2.0085,true,1,42747
7501013122039,false,נקטר מנגו ג'ומקס בקרטונית 1 ליטר,חומקס קומר קומרסאליזדורה,MX,ג'ומקס מנגו קרטונית ליטר תריסר,ליטרים,1.00,ליטר,false,1,12.90,12.9000,true,1,42744
7501013122053,false,נקטר אפרסק ג'ומקס בקרטונית 1 ליטר,חומקס קומר קומרסאליזדורה,MX,ג'ומקס אפרסק קרטונית ליטר תריסר,ליטרים,1.00,ליטר,false,1,12.90,12.9000,true,1,42743
7501013122114,false,"נקטר משקה אננס בקרטונית ג'ומקס, 1 ל'",חומקס קומר קומרסאליזדורה,MX,ג'ומקס אננס קרטונית ליטר תריסר,ליטרים,1.00,ליטר,false,1,12.90,12.9000,true,1,42742
7501013122190,false,משקה תפוחים ג'ומקס בקרטונית 1 ליטר,חומקס קומר קומרסאליזדורה,MX,ג'ומקס תפוחים קרטונית ליטר תריסר,ליטרים,1.00,ליטר,false,1,12.90,12.9000,true,1,42746
7501013122992,false,משקה קוקוס אננס ג'ומקס בקרטונית 1 ליטר,חומקס קומר קומרסאליזדורה,MX,ג'ומקס קוקוס אננס קרטונית ליטר תריסר,ליטרים,1.00,ליטר,false,1,12.90,12.9000,true,1,42745
7501064191398,false,"שישיית בירה קורונה 355 מ""ל בקבוק",קריניציה ויטמינה אס,MX,בשישיית בירה קורונה אקסטרה 2.13 ל',ליטרים,2.13,ליטר,false,6,44.90,21.0798,true,1,41614
7501064196690,false,"פחית בירה קורונה 355 מ""ל",סרבסריה מידלו,MX,"פחית בירה קורונה 355 מ""ל",מיליליטרים,355.00,"100 מ""ל",false,1,12.90,3.6338,true,1,44739
7503012779306,false,סירופ אגבה כחולה 100% 330 גרם נטורפוד,נוטריגבאס דה מקסיקו,MX,נטור פוד סירופ אגבה כחולה אורגני 330 גרם,גרמים,330.00,100 גרם,false,1,22.90,6.9394,true,1,27898
7509546061160,false,קולגייט משחת שיניים לילדים מיניונים 75 מל,קולגייט פלמוליב,PL,"משחת שיניים לילדים מיניונים 75 מ""ל",מיליליטרים,75.00,"100 מ""ל",false,1,16.90,22.5333,true,1,51699
7509546678702,false,קולגייט משחת שיניים טוטל אנטי טרטר 100 מ,קולגייט-פלמוליב,PL,קולגייט משחת שיניים טוטאל אנטי טרטר 100,מיליליטרים,100.00,"100 מ""ל",false,1,18.90,18.9000,true,1,53552
7610100034084,false,מיונז טומי בשפורפרת 265 גרם,נסטלה שוויץ ס.א,CH,טומי מיונז אמיתי מביצי חופש 265 גרם,גרמים,265.00,100 גרם,false,1,16.90,6.3774,true,1,36076
7610113000175,false,"רום בקרדי מוחיטו 700 מ""ל",בקרדי מרטיני,DE,בקרדי מוחיטו 700מל,מיליליטרים,700.00,"100 מ""ל",false,1,79.90,11.4143,true,1,41407
7610113011652,false,בריזר - משקה כוהלי מוגז בטעם תפוח,בקרדי בריזר Bacardi Breezer,BE,"בריזר - משקה כוהלי מוגז בטעם תפוח 275 מ""ל",מיליליטרים,275.00,"100 מ""ל",false,1,16.90,6.1455,true,1,46035
7610113013250,false,"משקה כוהלי על בסיס רום בקרדי 250 מ""ל",בקרדי מרטיני,BE,פחית בקרדי מוחיטו 250 מל,מיליליטרים,250.00,"100 מ""ל",false,1,16.90,6.7600,true,1,51208
7610113015780,false,בריזר סלצזר למון לים250,"בקרדי בע""מ",BE,בריזר סלצזר לימון ליים 250 מל פחית,מיליליטרים,250.00,"100 מ""ל",false,1,15.90,6.3600,true,1,52021
7610243004463,false,"דורגול - מרסס להסרת אבנית במקלחון 600 מ""ל",יעקבי- דורגול Durgol,CH,"מסיר אבן דורגול מרסס 500 מ""ל",מיליליטרים,500.00,"100 מ""ל",false,1,25.90,5.1800,true,1,30642
7610400014649,false,לינדור קוביות במילוי קרם שוקולד חלב 100 גרם,לינדט ושפרונגלי קילשברג,CH,שוקולד לינדור חלב 100 גרם,גרמים,100.00,100 גרם,false,1,16.90,16.9000,true,1,1674
7610400066037,false,בונ.לינדור סטרטצ'לה200ג,לינדט ושפרונגלי קילשברג,CH,בונבוניירה לינדור סטרטצלה 200 גרם,גרמים,200.00,100 גרם,false,1,35.50,17.7500,true,1,32778
7610400068505,false,לינדט לינדור בונבוניירה שוקולד חלב 200 גרם,לינדט ושפרונגלי קילשברג,CH,בונבוניירה לינדור מילק 200 גרם,גרמים,200.00,100 גרם,false,1,35.50,17.7500,true,1,22335
7610400068529,false,לינדט לינדור בונבוניירה כדורי שוקולד מטעמים 200 גרם,לינדט ושפרונגלי קילשברג,CH,בונבוניירה לינדור קורנה 200 גרם,גרמים,200.00,100 גרם,false,1,35.50,17.7500,true,1,31150
7610400074155,false,לינדט לינדור קוביות במילוי קרם שוקולד 60% מוצקי קקאו 100 גרם,לינדט ושפרונגלי קילשברג,CH,שוקולד לינדור מריר 60% 100 גרם,גרמים,100.00,100 גרם,false,1,16.90,16.9000,true,1,20916
7610400075770,false,לינדט לה גרנד שוקולד מריר אגוז 150 גרם,לינדט ושפרונגלי קילשברג,CH,לינדט לגרנד דארק הזלנט 150 גרם,גרמים,150.00,100 גרם,false,1,24.90,16.6000,true,1,41195
7610400075787,false,לינדט לה גרנד שוקולד חלב אגוז 150 גרם,לינדט ושפרונגלי קילשברג,CH,לינדט לה גרנד - שוקולד חלב עם אגוזי לוז 150 גר',גרמים,150.00,100 גרם,false,1,24.90,16.6000,true,1,41192
7610400087537,false,בונבוניירות לינדור מ,לינדט ושפרונגלי איי,,בונבוניירה לינדור מנגו 200 גרם,גרמים,200.00,100 גרם,false,1,35.50,17.7500,true,1,37690
7610400091060,false,שוקולד מריר לינדט אקסלנס בתוספת תפוז ושקדים,לינדט ושפרונגלי קילש,CH,שוקולד לינדט אקסלנס תפוז 100 גרם,גרמים,100.00,100 גרם,false,1,16.90,16.9000,true,1,45708
7610700012642,false,ריקולה בשקית לימון מינט 70 גרם,ריקולה,CH,ריקולה שקית בטעם לימון 70גרם,גרמים,70.00,100 גרם,false,1,15.90,22.7143,true,1,52920
7613030979647,false,דגני בוקר טריקס פירות עולם היורה 480 ג',ג'נרל מילס סאן אדריא,CL,טריקס 12*480גרם 2018,גרמים,480.00,100 גרם,false,1,27.90,5.8125,true,1,38154
7613032045753,false,פיטנס - דגני בוקר שוקולד 375 גרם,נסטלה צרפת איטנקורט,FR,פיטנס שוקולד 16*375גרם 2017,גרמים,375.00,100 גרם,false,1,22.90,6.1067,true,1,17492
7613033548192,false,פיטנס - דגני בוקר שוקולד מריר 375 גרם,נסטלה צרפת איטנקורט,FR,פיטנס שוקולד מריר 16*375גרם 2017,גרמים,375.00,100 גרם,false,1,22.90,6.1067,true,1,24045
7613033635571,false,פורינה וואן - חתול סטרילייז סלמון 800 גרם,נסטלה פורינה צרפתn\,FR,ONE חתול סטרילייז סלמון800גרם,גרמים,800.00,100 גרם,false,1,37.90,4.7375,true,1,43226
7613034146656,false,מזון לכלבים קטנים בטעם בקר פורינה ONE,נסטלה פורינה איטליה,US,ONE מיני אקטיב בקר 1.5קג,קילוגרמים,1.50,"ק""ג",false,1,54.90,36.6000,true,1,43231
7613035614482,false,מזון לגור חתולים בטעם עוף פורינה ONE,נסטלה פורינה צרפת,US,ONE חתול גור800גרם,גרמים,800.00,100 גרם,false,1,37.90,4.7375,true,1,43223
7613035619050,false,פירולו חמשושים מפלצות 75 מל,שוורצקוף& הנקל דיסלד,ES,חמשושים מפלצות 18*75מל,גרמים,80.00,100 גרם,false,1,9.90,12.3750,true,1,33512
7613035622623,false,פיטנס - גרנולה שקדים ודבש 300 גרם,שוורצקוף& הנקל דיסלד,LT,פיטנס גרנולה שקדים ודבש 300 גרם,גרמים,300.00,100 גרם,false,1,15.90,5.3000,true,1,33247
7613035635845,false,פיטנס גרנולה שוקולד 14*300 גרם,שוורצקוף& הנקל דיסלד,LT,גרנולה פיטנס שוקולד 300 גרם,גרמים,300.00,100 גרם,false,1,15.90,5.3000,true,1,33248
7613035758834,false,פיטנס סופר גרנולה וחמוציות 300 גרם,שוורצקוף& הנקל דיסלד,LT,פיטנס גרנולה חמוציות 14*300גרם,גרמים,300.00,100 גרם,false,1,15.90,5.3000,true,1,34256
7613036105545,false,"דוגלי גזע קטן 4*3 קילו ""אסם""",נסטלה פורינה באק הונ,HU,דוגלי גזע קטן 3 קג,קילוגרמים,3.00,"ק""ג",false,1,59.90,19.9667,true,1,49225
7613036105576,false,דוגלי עוף לכלבים בוגרים,נסטלה פורינה באק הונ,HU,דוגלי בוגר עוף 3 קג,קילוגרמים,3.00,"ק""ג",false,1,59.90,19.9667,true,1,37227
7613036105606,false,דוגלי בקר לכלבים בוגרים,נסטלה פורינה באק הונ,HU,דוגלי בוגר בקר 3 קג,קילוגרמים,3.00,"ק""ג",false,1,59.90,19.9667,true,1,37228
7613036120395,false,"פורינה ONE כלב מידמקסי בקר 2.5 ק""ג",נסטלה פורינה איטליה,IT,ONE כלב מידמקסי בקר 2.5קג,קילוגרמים,2.50,"ק""ג",false,1,89.90,35.9600,true,1,43233
7613036280327,false,פרייה אנד גוס אפרסק דובדבן 250 מל פחיות,נסטלה ווטרס ספלאי,FR,פרייה אנד ג'וס אפרסק דובדבן פחית,מיליליטרים,250.00,"100 מ""ל",false,1,9.00,3.6000,true,1,49711
7613036286008,false,"פרייה אנד גוס אננס מנגו 250 מ""ל פחיות",נסטלה ווטרס ספלאי,FR,"משקה אננס מנגו מוגז - פחית 250 מ""ל",מיליליטרים,250.00,"100 מ""ל",false,1,9.00,3.6000,true,1,49710
7613036576734,false,קרטיב חמשושים חדש נסטלה 60 גר,פרונרי איבריה ס.ל,ES,נסטלה חמשושים חדש 18*60גרם,גרמים,60.00,100 גרם,false,1,9.90,16.5000,true,1,39665
7613036880534,false,גרבר מחית ירקות מעורבים מטרנה 190 גר',נסטלה פולסקה אס.איי,PL,גרבר מחית מרק ירקות מעורבים 12*190גרם,גרמים,190.00,100 גרם,false,1,7.90,4.1579,true,1,44755
7613037012200,false,גרבר מחית תפוח גזר ומנגו 90 גרם פאוץ,"מפעל סברס, נסטלה ספרד ס.",PL,גרבר מחית תפוח מנגו גזר פאוץ 16*90גרם,גרמים,90.00,100 גרם,false,1,6.90,7.6667,true,1,49735
7613037276091,false,נסטלה מיקס מיני אריזות דגני בוקר 200 גרם,נסטלה Nestle,FR,נסטלה מיקס מיני אריזות דגני בוקר *200גרם,גרמים,200.00,100 גרם,false,1,20.90,10.4500,true,1,41893
7613037686906,false,פיטנס שקדים ודבש 355 גרם מופחת סוכר,נסטלה צרפת איטנקורט,FR,פיטנס שקדים ודבש 14*355גרם,גרמים,355.00,100 גרם,false,1,22.90,6.4507,true,1,44909
7613037811629,false,דגני בוקר קורנפלקס גו פרי 500 גר',שוורצקוף& הנקל דיסלד,GB,גו פרי קורנפלקס 7*500גרם,גרמים,500.00,100 גרם,false,1,15.90,3.1800,true,1,49338
7613038268262,false,דגני בוקר צ'יריוס דבש ושקדים במתיקות מעודנת,נסטלה פולין דגני בוק,FR,דגני האני נאט ציריוס מופחת סוכר 410ג N9L,גרמים,410.00,100 גרם,false,1,21.90,5.3415,true,1,44694
7613039547731,false,גרבר מחית תפוח עץ ומשמש 90 גרם פאוץ,"מפעל סברס, נסטלה ספרד ס.",ES,"גרבר מחית תפוח משמש פאוץ, 90 גרם",גרמים,90.00,100 גרם,false,1,6.90,7.6667,true,1,51425
7613039770450,false,טבעול סנסשיונל בורגר צמחוני 226 גרם,ג'נרל מילס סאן אדריא,CZ,בורגר טבעול סנסשיונל 226גרם,גרמים,226.00,100 גרם,false,1,36.90,16.3274,true,1,49552
7613039771174,false,טבעול סנסשיונל מינס טחון צמחוני 400 גרם,ג'נרל מילס סאן אדריא,CZ,טבעול סנשיונל טחון צמחוני 400גרם,גרמים,400.00,100 גרם,false,1,36.90,9.2250,true,1,49553
7613287155832,false,גרבר מחית תפוחי עץ 90 גרם פאוץ,"מפעל סברס, נסטלה ספרד ס.",ES,גרבר מחית תפוח פאוץ 90 גרם,גרמים,90.00,100 גרם,false,1,6.90,7.6667,true,1,51424
7613287181411,false,ויטמינציק מחית סלט פירות 110 גרם,"טרופיקל דגיל בע""מ אז",ES,"ויטמינציק סלט פירות, 110 גרם",גרמים,110.00,100 גרם,false,1,6.90,6.2727,true,1,51422
7613287182326,false,ויטמינציק מחית בננה תפוח 110 גרם,"נסטלה ספרד ס.א, מפעל",ES,ויטמינציק פאוץ בננה תפוח כשלפ 110 גרם,גרמים,110.00,100 גרם,false,1,6.90,6.2727,true,1,51419
7613287182425,false,ויטמינציק מחית תפוח בננה ותות 110 גרם,"טרופיקל דגיל בע""מ אז",ES,"ויטמינציק תפוח בננה ותות, 110 גרם",גרמים,110.00,100 גרם,false,1,6.90,6.2727,true,1,51420
7613287182456,false,ויטמינציק מחית אגס בננה תפוח 110 גרם,"נסטלה ספרד ס.א, מפעל",ES,ויטמינציק פאוץ אגס תפוח ובננה כשלפ 110 ג,גרמים,110.00,100 גרם,false,1,6.90,6.2727,true,1,51421
7613287325808,false,אוסם - דיפ אנד ספרד מטבל איולי שום 295 גרם,נסטלה פולין,PL,רוטב איולי שום לחיץ אסם 295 גרם,גרמים,295.00,100 גרם,false,1,16.90,5.7288,true,1,51879
7613287325822,false,אוסם - דיפ אנד ספרד מטבל מיקס 295 גרם,נסטלה,PL,רוטב מיקס לחיץ 295 גרם,גרמים,295.00,100 גרם,false,1,16.90,5.7288,true,1,51881
7613287325853,false,אוסם - דיפ אנד ספרד מטבל איולי ספייסי 295 גרם,נסטלה פולין,PL,רוטב ספייסי איולי לחיץ 295 גרם,גרמים,295.00,100 גרם,false,1,16.90,5.7288,true,1,51880
7613287325983,false,אוסם - דיפ אנד ספרד מטבל סלסה 335 גרם,דפטונה פולין,PL,רוטב סלסה אסם לחיץ 295 גרם,גרמים,295.00,100 גרם,false,1,16.90,5.7288,true,1,51882
7613287476678,false,דגני בוקר סינימיניס צ'ורוס נסטלה 360 ג',נסטלה אוונקה,PT,סינימיניס צורוס 360גרם,גרמים,360.00,100 גרם,false,1,27.90,7.7500,true,1,51334
7616500630161,false,פריי שוקולד מריר 85% קקאו 100גר,צוקולאט פריי אייץגיץ,CH,פריי שוקולד מריר 85% 100 גרם,גרמים,100.00,100 גרם,false,1,11.90,11.9000,true,1,42230
7616500646087,false,שוקולד פריי חלב עם שבבי אגוזים 100ג,צוקולאט פריי אייץגיץ,CH,פריי שוקולד עם שברי אגוזים 100 גרם,גרמים,100.00,100 גרם,false,1,11.90,11.9000,true,1,42240
7616500647251,false,שוקולד חלב עם אגוזים180ג,פריי )שוקולד(,CH,פריי שוקולד חלב אגוז 180 גרם,גרמים,180.00,100 גרם,false,1,19.90,11.0556,true,1,42256
7616500647268,false,שוקולד מריר+אגוזים180גר,צוקולאט פריי אייץגיץ,CH,פריי שוקולד מריר אגוז 180 גרם,גרמים,180.00,100 גרם,false,1,19.90,11.0556,true,1,42461
7616500666092,false,שוק.חלב לוז/פיסטוק/שק200,פריי )שוקולד(,CH,פריי חלב פיסטוק 200 גרם,גרמים,200.00,100 גרם,false,1,19.90,9.9500,true,1,53180
7622010001858,false,עוגיות אוראו ממולאות קרם וניל 176 גרם.,פי אר ג'\יי אס אי מנדלז,UA,עוגיות אוראו ממולאות קרם וניל 176 גרם,גרמים,176.00,100 גרם,false,1,10.90,6.1932,true,1,32869
7622201120931,false,שוקולד מילקה אוראו לבן 100 גרם,מונדלז אוקראינה,UA,מילקה אוראו לבן 100 גרם,גרמים,100.00,100 גרם,false,1,7.90,7.9000,true,1,52673
7622201127367,false,מילקה אוראו מיניס שוקולד לבן 153 גרם,פי.אר.ג'\יי.אס.סי מונדלז,UA,מילקה אוריאו מיניס לבן 153 גרם,גרמים,153.00,100 גרם,false,1,18.90,12.3529,true,1,50639
7622201137052,false,אוראו מיני קוקיס - עוגיות שוקולד צ'יפס ותחתית מצופה שוקולד חלב,מונדלז אספנה גלטאס פ,ES,מילקה מיני קוקיז 110 גרם,גרמים,110.00,100 גרם,false,1,9.90,9.0000,true,1,50386
7622201401900,false,עוגיות סנסיישן אוראו מילקה 156 גרם,מונדלז פולסקה פרודקש,PL,עוגיות מילקה סנסיישן אוראו 156 גרם,גרמים,156.00,100 גרם,false,1,12.90,8.2692,true,1,49625
7622201502515,false,עוגיות מילקה קוקי לופ שוקולד צ'יפס,גיורי קייקס קייאפטי,HU,מילקה קוקי לופ 132 גרם,גרמים,132.00,100 גרם,false,1,12.90,9.7727,true,1,52023
7622201801809,false,מילקה שוקולד חלב עם אגוזים 100 גרם חדש,מנדלז דויצ'\לנד סנקס פרו,DE,שוקולד חלב אגוזים מילקה 100 גרם,גרמים,100.00,100 גרם,false,1,7.90,7.9000,true,1,51236
7622201802394,false,שוקולד מילקה חלב מסרונים 100 גרם,מנדלז דויצ'\לנד סנקס פרו,DE,שוקולד חלב מילקה 100 גרם,גרמים,100.00,100 גרם,false,1,7.90,7.9000,true,1,51234
7622201808631,false,אוראו מיני עוגיות ממולאות קרם וניל 67גרם,פי.טי. מונדלז אינדונ,ID,אוראו מיני כוסות בטעם וניל 67 גרם,גרמים,67.00,100 גרם,false,1,7.90,11.7910,true,1,51238
7622201809188,false,ביסקוויט עם שוקולד חלב מילקה,מונדלז פרנס ביסקוויט פרו,FR,מילקה ביסקויט 150 גרם,גרמים,150.00,100 גרם,false,1,12.90,8.6000,true,1,50353
7622201813390,false,עוגיות מילקה וואפל במילוי קרם קקאו 150 ג,מונדליז סי.אר. ביסקוויט,CZ,מילקה וואפל במילוי קרם קקאו 150 גרם,גרמים,150.00,100 גרם,false,1,12.90,8.6000,true,1,50352
7622210078131,false,שוקולד חלב עם שבבי קרמל מילקה דיים 100 גרם,מנדלז דויצ'\לנד סנקס פרו,DE,מילקה שוקולד חלב עם דיים 100 גר',גרמים,100.00,100 גרם,false,1,7.90,7.9000,true,1,40920
7622210163899,false,שוקולד חלב במילוי סוכריות עדשים,מונדלז דויצ'לנד סנקס,DE,מילקה שוקולד חלב עם עדשים 100 גרם,גרמים,100.00,100 גרם,false,1,7.90,7.9000,true,1,40796
7622210453327,false,עוגיות שוקוצ'יפס במילוי שוקולד סנסיישן,מנדלז פולסקה פרודקשן,PL,עוגיות מילקה סנסיישן 156 גרם,גרמים,156.00,100 גרם,false,1,18.90,12.1154,true,1,53110
7622210597915,false,פרלינים לבבות שוקולד חלב ממולא קרם נוגט,מונדלז בולגריה פרודק,BG,מילקה לבבות פרלינים 110 גרם,גרמים,110.00,100 גרם,false,1,12.90,11.7273,true,1,46165
7622210637994,false,מיני עוגיות אוראו קראנצ'י בייטס אורגינל,מונדלז אספניה ג'לאטס,ES,אוראו קראנצי בייטס 110 גרם,גרמים,110.00,100 גרם,false,1,9.90,9.0000,true,1,50092
7622210638021,false,מיני עוגיות אוראו קראנצ'י בייטס מצופים,מונדלז אספניה ג'לאטס,ES,אוראו קראנצ'י בייטס מצופים 110 גרם,גרמים,110.00,100 גרם,false,1,9.90,9.0000,true,1,50093
7622210640062,false,פלדלפיה שמנת למריחה עם פלפל חלפיניו ופלפל ירוק,מונדלייז,DE,גבינת פילדלפיה עם פלפל חלפיניו וירוק 17,גרמים,175.00,100 גרם,false,1,16.90,9.6571,true,1,53500
7622210826053,false,שוקולד מילקה אוראו סנדוויץ 92 גר',גיאורי קאקסז קייאףטי,HU,שוקולד מילקה אוראו סנדביץ 92 גרם,גרמים,92.00,100 גרם,false,1,7.90,8.5870,true,1,49816
7622210835338,false,אוראו עוגיות ממולאות טעם בראוניז 176 גרם,מנדלז אספנה גאלטס פר,ES,עוגיות אוראו בראוניז 176 גרם,גרמים,176.00,100 גרם,false,1,10.90,6.1932,true,1,39025
7622300315283,false,אוראו עוגיות ממולאות קרם וניל 154 גרם,"מונדלז CR פרודקשיין,",UA,"אוראו וניל בד""צ 154 גרם",גרמים,154.00,100 גרם,false,1,8.90,5.7792,true,1,51237
7622300340285,false,גבינת שמנת 22% שומן 175 ג' פילדלפיה,מונדלז דויצ'לנד פרוד,DE,גבינת שמנת 21% שומן,גרמים,175.00,100 גרם,false,1,16.90,9.6571,true,1,38640
7622300340292,false,גבינת שמנת 11% שומן 175 ג' פילדלפיה,מונדלז דויצ'לנד פרוד,DE,גבינת שמנת מופחתת שומן 11% שומן,גרמים,175.00,100 גרם,false,1,16.90,9.6571,true,1,38641
7622300356767,false,מילקה - עוגיות עם גרנולה וחתיכות של שוקולד חלב,מונדלז פולסקה פרודקש,PL,מילקה עוגיות שוקולד ציפס 168 גרם,גרמים,168.00,100 גרם,false,1,12.90,7.6786,true,1,22413
7622300489427,false,עוגיות אוראו בציפוי בטעם שוקולד לבן 246 גרם,מנדלז אספנה גאלטס פר,ES,עוגיות אוראו בציפוי בטעם שוקולד לבן 246 גר',גרמים,246.00,100 גרם,false,1,23.90,9.7154,true,1,38224
7622300489434,false,"עוגיות אוראו פאדג' בציפוי שוקולד חלב, 246 גרם",מנדלז אספנה גאלטס פר,ES,עוגיות אוראו פאדג שוקולד חלב 246 גרם,גרמים,246.00,100 גרם,false,1,23.90,9.7154,true,1,38225
7622300503079,false,עוגיות ביסקוויט מצופה שוקולד חלב מילקה 200 גרם,מונדלז פולסקה פרודקש,PL,מילקה מו עוגיות ביסקוויט בציפוי שוקולד 200 גר',גרמים,200.00,100 גרם,false,1,12.90,6.4500,true,1,24124
7622300617820,false,מילקה שוקולד חלב במילוי קרם חלב ווניל ושבבי עוגיות אוראו 100 גרם,מנדלז דויצ'\לנד סנקס פרו,DE,שוקולד חלב אוראו מילקה 100 גרם,גרמים,100.00,100 גרם,false,1,7.90,7.9000,true,1,26290
7622300756383,false,"ממרח גבינה פילדלפיה עם ממרח שוקולד ""מילקה"" 175 גרם",מונדלייז,DE,ממרח גבינה פילדלפיה עם ממרח שוקולד מילקה,גרמים,175.00,100 גרם,false,1,16.90,9.6571,true,1,50636
7622300756413,false,גבינת פילדלפיה 20% שומן עם תבלינים 175 ג',מונדלז דויצ'לנד פרוד,DE,פילדלפיה גבינת שמנת עם עשבי תיבול 20% שומן 175 גרם,גרמים,175.00,100 גרם,false,1,16.90,9.6571,true,1,38642
7622300761363,false,עוגיות מיני אוראו במילוי קרם בטעם שוקולד בכוס,פי.טי. מונדלז אינדונ,ID,אוראו מיני כוסות בטעם שוקולד 61.3 גרם,גרמים,67.00,100 גרם,false,1,7.90,11.7910,true,1,33709
7630477891592,false,סטארבקס קפסולות קפה האוס בלנד 10 יחידות,נסטלה שוויץ - קפה,CH,סטארבקס קפסולות האוס בלנד 57 גרם,גרמים,57.00,100 גרם,false,1,22.90,40.1754,true,1,51256
7630477891639,false,סטארבקס קפסולות קפה ורונה 10 יחידות,נסטלה שוויץ - קפה,CH,סטארבקס קפסולות ורונה 55 גרם,גרמים,55.00,100 גרם,false,1,22.90,41.6364,true,1,51258
7630477891714,false,סטארבקס קפסולות קפה אספרסו 10 יחידות,נסטלה שוויץ - קפה,CH,סטארבקס קפסולות אספרסו 57 גרם,גרמים,57.00,100 גרם,false,1,22.90,40.1754,true,1,51257
7630477891738,false,סטארבקס קפסולות קפה אספרסו בלונד 10 יחיד,נסטלה שוויץ - קפה,CH,סטארבקס קפסולות אספרסו בלונד 53 גרם,גרמים,53.00,100 גרם,false,1,22.90,43.2075,true,1,51255
7640103867013,false,"שערות סבתא ""תות "" 15 גרם",אסאבא פוד,ID,שערות סבתא בטעם תות 15 גרם,גרמים,15.00,100 גרם,false,1,5.90,39.3333,true,1,52919
7640175742614,false,"בומביי ספייר 200 מ""ל",הממלכה המאוחדת,בוטן,גין בומביי 200 מל,מיליליטרים,200.00,"100 מ""ל",false,1,39.90,19.9500,true,1,51408
7640175743451,false,משקה כוהלי על בסיס גין בומביי ספייר 250מ,בומביי ספיריטס,BE,פחית גין בומביי טוניק 250 מל,מיליליטרים,250.00,"100 מ""ל",false,1,16.90,6.7600,true,1,51209
7702018420476,false,מארז ונוס סווירל ידית + 3 סכינים ג'ילט,פרוקטר אנד גמבל,PL,ג'ילט מארז ונוס סווירל ידית+3 סכינים,יחידה,1.00,יחידה,false,1,54.90,54.9000,true,1,44003
7702018462032,false,סכיני גילוח גילט מאך 3 רביעייה,פרוקטור אנד גמבל,DE,גילט מאך 3 רביעיות סטארט,יחידה,1.00,יחידה,false,1,29.90,29.9000,true,1,44000
7702018471423,false,גילט פיוזן סטארט סכיני גילוח 4יח,פרןקטר אנד גמבל ברלי,PL,גילט פיוזן רביעיות סטארט,יחידה,1.00,יחידה,false,1,44.90,44.9000,true,1,44001
7702018866984,false,גילט פיוזן ידני סכיני גילוח 4 יחידות,תות ממתקי איכות,PL,רביעית סכיני גילוח רב פעמיים,לא מנהל יחידת מידה,0.00,לא מנהל יחידת מידה,false,1,69.90,0.0000,true,1,27655
7702018978106,false,"ג'ילט - דאודורנט ג'ל לגבר ארטיק אייס 70 מ""ל",פרוקטר אנד גמבל,PL,Gillette Clear Gel AP Deo Stick Arctic I,ליטרים,70.00,ליטר,false,1,17.90,0.2557,true,1,19731
7702018978120,false,"ג'ילט - דאודורנט ג'ל לגבר קול וייב 70 מ""ל",פרוקטר אנד גמבל,PL,Gillette Clear Gel AP Deo Stick Cool Wav,מיליליטרים,70.00,"100 מ""ל",false,1,17.90,25.5714,true,1,19732
7702018980925,false,"קצף גילוח לעור רגיל 200 מ""ל ג'ילט",קימברלי,GB,"קצף גילוח גילט לעור רגיל 200 מ""ל",מיליליטרים,200.00,"100 מ""ל",false,1,9.90,4.9500,true,1,53939
7702018980932,false,"קצף גילוח לעור רגיש 200 מ""ל ג'ילט",קימברלי,GB,"קצף גילוח גילט לעור רגיש 200 מ""ל",מיליליטרים,200.00,"100 מ""ל",false,1,9.90,4.9500,true,1,53940
7750526001786,false,אינקה ציפס ירוקות שורש אוריגינל 142גר,Global Gourmet Produ,US,אינקה ציפס ירקות שורש אוריגינל 142גרם,גרמים,142.00,100 גרם,false,1,21.90,15.4225,true,1,49785
7792860006218,false,סוכריות לקקנים בייבי דול Baby Doll לריטר,גוד פוד פרודקטס S.p,AR,"סוכריות בייבי דול, 24 גרם",גרמים,20.00,100 גרם,false,1,2.90,14.5000,true,1,1687
7798141877836,false,"יין גאטו נגרו סובניון בלאן 750 מ""ל",פינקה לה סליה,AR,גאטו נגרו סוביניון בלאן 750 מל,מיליליטרים,750.00,"100 מ""ל",false,1,39.90,5.3200,true,1,51914
7798304600042,false,אוכמניות טריות 125 ג,מרינה,AR,אוכמניות ארוז,גרמים,125.00,100 גרם,false,1,19.90,15.9200,true,1,49562
7804414000860,false,יין דון חוליו קברנה סוביניון,צ'ילה לואיס פיליפה אדוארדס,CL,דון חוליו יין 13.5% אדום יבש קברנה סובניון 2016,מיליליטרים,750.00,"100 מ""ל",false,1,32.90,4.3867,true,1,1688
7804414000877,false,יין מרלו דון חוליו ה,צ'ילה לואיס פיליפה אדוארדס,CL,דון חוליו יין אדום יבש מרלו 2019,מיליליטרים,750.00,"100 מ""ל",false,1,32.90,4.3867,true,1,1689
7804414000884,false,"דון חוליו שרדונה 750 מ""ל",צ'ילה לואיס פיליפה אדוארדס,CL,דון חוליו יין 12% לבן יבש שרדונה 2017,מיליליטרים,750.00,"100 מ""ל",false,1,32.90,4.3867,true,1,1690
7804414001614,false,"דון חוליו שיראז 750 מ""ל",צ'ילה לואיס פיליפה אדוארדס,CL,דון חוליו יין 13% אדום חצי יבש שיראז 2017,מיליליטרים,750.00,"100 מ""ל",false,1,32.90,4.3867,true,1,3199
7804414001621,false,יין שיראז קאזה דה לואיג'י,קאסה די לואיג'י Casa di luigi,,"יין קאזה די לואיגי שיראז 750 מ""ל",מיליליטרים,750.00,"100 מ""ל",false,1,39.50,5.2667,true,1,3200
7804414012344,false,דון חוליו סוביניון בלאן,צ'ילה לואיס פיליפה א,CL,דון חוליו סוביניון בלאן 750 מל,מיליליטרים,750.00,"100 מ""ל",false,1,32.90,4.3867,true,1,37062
7804414012351,false,יין אדום יבש מלבק דו,צ'ילה לואיס פיליפה א,CL,דון חוליו מלבק 750 מל,מיליליטרים,750.00,"100 מ""ל",false,1,32.90,4.3867,true,1,36891
7804414012368,false,יין אדום רוזה דון חו,צ'ילה לואיס פיליפה א,CL,"דון חוליו, יין רוזה חצי יבש",מיליליטרים,750.00,"100 מ""ל",false,1,32.90,4.3867,true,1,38087
7804414014058,false,קזה די לואיגי סובניו,הכרם,IL,"יין קזה די לואיגי סוביניון בלאן 750 מ""ל",מיליליטרים,750.00,"100 מ""ל",false,1,39.50,5.2667,true,1,51958
7804414014263,false,קזה די לואיגי מאלבק,לואיס פליפה אדוארדס,צ'ילה (AACR),"קזה די לואיגי מאלבק 750 מ""ל",מיליליטרים,750.00,"100 מ""ל",false,1,39.50,5.2667,true,1,53268
7804414014270,false,קזה די לואיגי רוזה 7,לואיס פליפה אדוארדס,צ'ילה (AACR),"קזה די לואיגי רוזה 750 מ""ל",מיליליטרים,750.00,"100 מ""ל",false,1,39.50,5.2667,true,1,53269
7804414017127,false,יין שרדונה מונטסאנו,מונטסאו,צ'ילה (TDE),יין מונטסאו שרדונה 750 מל,מיליליטרים,750.00,"100 מ""ל",false,1,39.90,5.3200,true,1,49714
7860001951601,false,כף עץ סט 3,אודס,,כף עץ סט 3,Unknown,0.00,Unknown,false,1,9.90,0.0000,true,1,28324
7890732316493,false,כפכפי הווייאנס סלים,אלפרגאטאס,,כפכפי הוויאנס סלים שחור חלק 39-4,יחידה,1.00,יחידה,false,1,49.90,49.9000,true,1,36281
7891024179482,false,"שטיפת פה קולגייט אופטיק וייט 500מ""ל",יבואן ומשווק: ש. שסט,PL,קולגייט מי פה אופטיק וייט 500 מל,מיליליטרים,500.00,"100 מ""ל",false,1,36.50,7.3000,true,1,25874
7891224766390,false,הווייאנס טופ מיקס ש,,,כפכפי הווייאנס ברזיל מיקס 41/42,יחידה,1.00,יחידה,false,1,69.90,69.9000,true,1,37909
7891224864621,false,43/44 כפכפי הווייאנ,,,43/44 כפכפי הווייאנס ברזיל לוגו רויאל,יחידה,1.00,יחידה,false,1,69.90,69.9000,true,1,37906
7893249567099,false,כפכפי הווייאנס סלים,אלפרגאטאס,,כפכפי הוויאנס סלים חלק בלט 39,יחידה,1.00,יחידה,false,1,49.90,49.9000,true,1,38229
7909690466833,false,כפכפי הווייאנס סלים,,,כפכפי הווייאנס סלים גלוס שחור 37-38,יחידה,1.00,יחידה,false,1,79.90,79.9000,true,1,53435
7909690466840,false,כפכפי הווייאנס סלים,,,כפכפי הווייאנס סלים גלוס שחור 39-40,יחידה,1.00,יחידה,false,1,79.90,79.9000,true,1,53436
7909690466857,false,כפכפי הווייאנס סלים,,,כפכפי הווייאנס סלים גלוס שחור 41-42,יחידה,1.00,יחידה,false,1,79.20,79.2000,true,1,53437
8000040001106,false,קמפרי ביטר אפרטיף 700מל,דויד קמפרי,IT,"קמפרי 700 מ""ל",מיליליטרים,700.00,"100 מ""ל",false,1,99.90,14.2714,true,1,28391
8000070010680,false,קפסולות אספרסו לוואצה NCC מותאמות למכונו,לאוג'י לוואצה אס.פי.אי,IT,קפסולות אספרסו ויגורוסו 55 גרם,גרמים,55.00,100 גרם,false,1,18.90,34.3636,true,1,53374
8000070019911,false,קפה לווצה אורו זהב 2,לוואצה,,קפה לווצה אורו זהב 250 גרם,גרמים,250.00,100 גרם,false,1,36.90,14.7600,true,1,41789
8000070035805,false,קפה לווצה רוסו אדום,קפה לוואצה,IT,קפה לווצה רוסה אדום 250 גרם,גרמים,250.00,100 גרם,false,1,32.90,13.1600,true,1,41398
8000070053465,false,קפסולות קפה אספרסו אורו דרגת חוזק 8,לאוג'י לוואצה אס.פי.אי,IT,אורו קפסולות קפה אספרסו 10 55 גרם,גרמים,55.00,100 גרם,false,1,19.90,36.1818,true,1,54396
8000070053472,false,לוואצה קרמה גוסטו קלאסיקו מס' 12 קפסולות לקפה 55 גרם,לאוג'י לוואצה אס.פי.אי,IT,קרמה גוסטו קלאסי קפסולות קפה אספרסו 10 57 גרם,גרמים,57.00,100 גרם,false,1,19.90,34.9123,true,1,54398
8000070053502,false,קפסולות קפה אספרסו ריקו נטול קפאין דרגת חוזק 7,לווצה טורינו,IT,קפסולות קפה אספרסו נטול קפאין 10 58 גר,גרמים,58.00,100 גרם,false,1,19.90,34.3103,true,1,54395
8000070053526,false,קפסולות קפה אספרסו רוסה דרגת חוזק 10,לאוג'י לוואצה אס.פי.אי,IT,קואליטה רוסה קפסולות קפה אספרסו 10 57 גרם,גרמים,57.00,100 גרם,false,1,19.90,34.9123,true,1,54397
8000070081000,false,קפסולות קפה אספרסו הרמוניקו 8 10 יחידות,לאוג'\י לוואצה אס.פי.אי,IT,קפסולות קפה הרמוניקו 50 גרם,גרמים,50.00,100 גרם,false,1,18.90,37.8000,true,1,53375
8000070081017,false,קפסולות קפה אספרסו דיצו 10 10 יחידות,לאוג'\י לוואצה אס.פי.אי,IT,קפסולות דיצו 50 גרם,גרמים,50.00,100 גרם,false,1,18.90,37.8000,true,1,53376
8000070081109,false,קפסולות לוואצה ריקו נטולקפאין 6 נספרס 50,לאוג'\י לוואצה אס.פי.אי,IT,קפסולות קפה ריקו נטול קפאין 50 גרם,גרמים,50.00,100 גרם,false,1,18.90,37.8000,true,1,53377
8000215204219,false,ויטריז משקה חלב אורז אורגני 1ל',בטר אנד דיפרנט,IT,משקה אורז אורגני 1 ליטר,ליטרים,1.00,ליטר,false,1,15.90,15.9000,true,1,27878
8000215204240,false,ויטאריז משקה שקדים ואורז אורגני 1 ליטר,בטר אנד דיפרנט,IT,משקה שקדים ואורז אורגני 1 ליטר,ליטרים,1.00,ליטר,false,1,15.90,15.9000,true,1,27879
8000215204264,false,ויטריז - משקה אורז אישי אישי 200 גר,בטר אנד דיפרנט,IT,ויטריז משקה אורז אישי 200 מל,מיליליטרים,200.00,"100 מ""ל",false,1,5.90,2.9500,true,1,38494
8000215204271,false,ויטריז - משקה שקדים ואורז אישי 200 גר,"נטורפוד בע""מ",IT,"משקה אורז ושקדים ויטריז 200 מ""ל",מיליליטרים,200.00,"100 מ""ל",false,1,5.90,2.9500,true,1,28776
8000215204363,false,משקה קוקוס ויטריז 1 ליטר,אלינור,IT,VITASIמשקה קוקוס אורגני 1 ליטר,ליטרים,1.00,ליטר,false,1,15.90,15.9000,true,1,51029
8000215204370,false,"ויטאריז לבישול תחליף שמנת צחית אורגנית 200 מ""ל",ויטריז,IT,תחליף שמנת צמחי לבישול אורגני ויטריז 200,מיליליטרים,200.00,"100 מ""ל",false,1,7.50,3.7500,true,1,38495
8000215204387,true,רוטב בשמל צמחי לבישו,כפרי בריא,IT,רוטב בשמל צמחי אורגני,מיליליטרים,500.00,"100 מ""ל",false,1,14.50,2.9000,true,1,38458
8000215204554,true,משקה אורז קוקוס אורג,בטר אנד דיפרנט,IT,ויטאריז אורז עם קוקוס אורגני 1 ליטר,ליטרים,1.00,ליטר,false,1,15.90,15.9000,true,1,38493
8000215204561,false,ויטסי משקה שקדים אורגני 1 ליטר,בטר אנד דיפרנט,IT,ויטאסי משקה שקדים אורגני 1 ליטר,ליטרים,1.00,ליטר,false,1,18.90,18.9000,true,1,40578
8000215204653,false,משקה סויה אורגני 1ליטר,בטר אנד דיפרנט,IT,ויטסי - משקה סויה אורגני 1 ליטר,ליטרים,1.00,ליטר,false,1,13.90,13.9000,true,1,44357
8000215204677,false,ויטריז - משקה שיבולת שועל בריסטה אורגני,בטר אנד דיפרנט,IT,משקה שיבולת שועל אורגני בריסטה 1 ליטר,ליטרים,1.00,ליטר,false,1,15.90,15.9000,true,1,52448
8000215204714,false,משקה שיבולת שועל אורגני 1 ליטר PRIMAVENA,בטר אנד דיפרנט,IT,פרימאבנה משקה שיבולת שועל אורגני 1 ליטר,ליטרים,1.00,ליטר,false,1,15.90,15.9000,true,1,36572
8000380003723,false,וופל אגוזים בציפוי שוקולד לואקר 100 גרם,קריניציה ויטמינה אס,IT,ופל גרנד פטיסרי אגוזים 100 גרם,גרמים,100.00,100 גרם,false,1,13.90,13.9000,true,1,1699
8000380003761,false,וופל גרנד פטיסרי שוקולד וקוקוס לואקר 100 גרם,קריניציה ויטמינה אס,IT,לואקר גרנד פטיסרי קוקוס 100 גרם,גרמים,100.00,100 גרם,false,1,13.90,13.9000,true,1,1701
8000380004676,false,קוביות וופל סנדוויץ Sandwich עם וניל וחלב,"א. לואקר, קונפקט ג'י",AT,ופל סנדויץ קרם וניל לואקר 200 גרם,גרמים,200.00,100 גרם,false,1,15.90,7.9500,true,1,1702
8000380004881,false,וופל קוארדטיני לואקר קוביות טרמיסו 220ג',קריניציה ויטמינה אס,IT,ופל קואדרטיני טירמיסו 220 גרם,גרמים,220.00,100 גרם,false,1,17.50,7.9545,true,1,2521
8000380004911,false,קוביות וופל קואדרטיני Quadratini קרם אגוזים,קריניציה ויטמינה אס,AT,קוארדטיני אגוז 250 גר',גרמים,250.00,100 גרם,false,1,14.90,5.9600,true,1,1703
8000380004966,false,וופל קוארדטיני לואקר קוביות שוקולד 250ג',קריניציה ויטמינה אס,AT,קוארדטיני שוקולד 250 גר',גרמים,250.00,100 גרם,false,1,14.90,5.9600,true,1,1704
8000380007219,false,וופלים בטעם אגוזים לואקר 175 גרם,ליימן מותגים,AT,לואקר קלאסיק אגוז 175 גרם,גרמים,175.00,100 גרם,false,1,12.90,7.3714,true,1,1705
8000380007257,false,וופל גרדנה אגוזים לואקר 200 גרם,קריניציה ויטמינה אס,IT,לואקר גרנדה אגוז 200 גר',גרמים,200.00,100 גרם,false,1,14.90,7.4500,true,1,1706
8000380007264,false,וופלים בטעם קקאו לואקר 175 גרם,קריניציה ויטמינה אס,AT,לואקר קלאסיק קקאו 175 גרם,גרמים,175.00,100 גרם,false,1,12.90,7.3714,true,1,2070
8000380106028,false,טורטינה לואקר וופל שוקולד ואגוזים שישיה 125ג',קריניציה ויטמינה אס,IT,טורטינה 1/6 חדש,גרמים,125.00,100 גרם,false,1,18.50,14.8000,true,1,22189
8000380144044,false,גרדנה וופל מצופה שוקולד חלב לואקר 200 גרם,"א. לואקר , AG/SpA, ו",IT,וופל במילוי קרם שוקולד מצופה שוקולד חלב,גרמים,200.00,100 גרם,false,1,14.90,7.4500,true,1,22230
8000380153442,false,וופל קלאסיק בטעם אגוזים לואקר 90 גרם,ליימן שליסל,IT,ופל אגוז לואקר 90 גרם,גרמים,90.00,100 גרם,false,1,7.90,8.7778,true,1,26095
8000380153466,false,וופל קלאסיק בטעם קקאו לואקר 90 גרם,קריניציה ויטמינה אס,IT,ופל שוקולד לואקר 90 גרם,גרמים,90.00,100 גרם,false,1,7.90,8.7778,true,1,26094
8000380180721,false,לואקר וופל קקאו במילוי קרם חלבי 175 גר,קריניציה ויטמינה אס,AT,לואקר קלאסיק שוקו-חלב 175 גרם,גרמים,175.00,100 גרם,false,1,12.90,7.3714,true,1,33998
8000380187119,false,עוגיות במילוי קרם אגוזי לוז לואקר 100 גר,לואקר Loacker,AT,עוגיות לואקר אגוזי לוז,גרמים,100.00,100 גרם,false,1,15.90,15.9000,true,1,49517
8000380187249,false,עוגיות עם מילוי קרם שקדים ושוקולד חלב,לואקר Loacker,AT,עוגיות לואקר שקדים 100גרם,גרמים,100.00,100 גרם,false,1,15.90,15.9000,true,1,49518
8000380187300,false,עוגיות חמאה עם שוקולד חלב לואקר 120 גר,לואקר Loacker,AT,עוגיות לואקר פתיתי שלג 120גרם,גרמים,120.00,100 גרם,false,1,15.90,13.2500,true,1,49519
8000380192588,false,וופלים קואדרטיני דאבל שוקולד לואקר 250 גרם,קריניציה ויטמינה אס,AT,קוארדטיני אגוז 250 גר',גרמים,250.00,100 גרם,false,1,14.90,5.9600,true,1,41647
8000380201525,false,חטיפי גרנד פטיסרי שישיה בטעם אגוזי לוז 126 ג' לואקר,ליימן מותגים,IT,לואקר פטיסרי אגוז 1/6 126,גרמים,126.00,100 גרם,false,1,23.90,18.9683,true,1,51409
8000380201549,false,מארז שישיית גרנד פטיסרי קוקוס 126 גרם,ליימן מותגים,IT,לואקר פטיסרי קוקוס 1/6 126גרם,גרמים,126.00,100 גרם,false,1,23.90,18.9683,true,1,51410
8000380205400,false,וופלים קואדרטיני חמאת בוטנים לואקר 250 גרם,ליימן מותגים,AT,קוואדרטיני חמאת בוטנים 250 גרם,גרמים,250.00,100 גרם,false,1,14.90,5.9600,true,1,53366
8000380205523,false,וופלים בטעם חמאת בוטנים לואקר 175 גרם,ליימן מותגים,AT,לואקר חמאת בוטנים 175 גרם,גרמים,175.00,100 גרם,false,1,12.90,7.3714,true,1,53365
8000500009673,false,בונבונרייה פררו רושר 300 גרם,פררו - אלבה,IT,בונבוניירה רושר 300 גרם,גרמים,300.00,100 גרם,false,1,55.50,18.5000,true,1,2991
8000500023624,false,חטיפי הפי היפו Happy Hippo במילוי קרם חלב וקקאו,פררו - אלבה,IT,קינדר הפי היפו קקאו 105 גר,גרמים,102.00,100 גרם,false,1,18.90,18.5294,true,1,17035
8000500023976,false,בונבוניירת רפאלו פררו 150 גרם,פררו - אלבה,PL,כדור וופל בציפוי קוקוס פריך במילוי קרם ושקד שלם,גרמים,150.00,100 גרם,false,1,24.90,16.6000,true,1,20016
8000500026731,false,שוקולד ביצי הפתעה קינדר שלישייה,פררו אס.פי.אי,IT,ביצת הפתעה קינדר שלישייה,גרמים,64.00,100 גרם,false,1,16.00,25.0000,true,1,1707
8000500037874,false,בונבונרייה פררו רושר 200 גרם,פררו - אלבה,IT,בונבוניירה רושר אריזה דקורטיבית 200 גרם,גרמים,200.00,100 גרם,false,1,29.90,14.9500,true,1,1710
8000500071083,false,אצבעות שוקולד קינדר Kinder שש עשרה יחידות,פררו - אלבה,IT,אצבעות שוקולד קינדר 200 גר,גרמים,200.00,100 גרם,false,1,15.90,7.9500,true,1,1711
8000500075708,false,ביצי שוקולד הפתעה קינדר ג'וי כחול בנים שלישיה,פררו - אלבה,ZA,שלישיית קינדר גוי כחול 60 גרםT3X32,גרמים,60.00,100 גרם,false,1,18.90,31.5000,true,1,28014
8000500094976,false,"בונבוניירה פררו רושר רושה קונוס, 212 גרם T17X4",רושר,IT,בונב.רושה קונוס 212 גרם,גרמים,212.00,100 גרם,false,1,39.90,18.8208,true,1,51497
8000500227848,true,נוטלה בי רדי שישיה 1,קדבורי,IT,נוטלה בי רדי שישיה 132 גרם,גרמים,132.00,100 גרם,false,1,14.90,11.2879,true,1,40490
8000500247150,true,פררו קולקשיין 172 ג,פררו,DE,פררו קולקשיין 172 גרי,גרמים,172.00,100 גרם,false,1,29.90,17.3837,true,1,51498
8000500249352,false,קינדר בואנו מיני מיקס שקית 205 ג',פררו - אלבה,PL,קינדר בואנו מיני מיקס,גרמים,205.00,100 גרם,false,1,24.90,12.1463,true,1,40489
8000500267103,true,קינדר דליס עשיריה,קדבורי,IT,קינדר דליס עוגת ספוג קקאו במילוי חלבי 390 גרם,גרמים,390.00,100 גרם,false,1,26.90,6.8974,true,1,40488
8000500269169,false,קינדר קארדס Kinder Cards - חמישייה,קריות זול,IT,קינדר קארדס חמישיה 128 גרם,גרמים,128.00,100 גרם,false,1,14.90,11.6406,true,1,53961
8000500374429,false,פררו גרנד רושה מעטפת שוקולד חלב 125 גרם,פררו,PL,מעטפת שוקולד חלב אגוזי לוז 100 גר,גרמים,100.00,100 גרם,false,1,17.90,17.9000,true,1,51411
8000570283607,false,מרטיני אסטי Asti יין לבן מתוק מבעבע,מרטיני Martini,IT,"מרטיני אסטי מבעבע 750 מ""ל",מיליליטרים,750.00,"100 מ""ל",false,1,74.90,9.9867,true,1,40868
8000920704967,false,"בן אנד ג'ריס צ'אנקי מנקי 150 מ""ל",מוצרי איכות אמריקאיים,IL,"גלידה שורטי צאנקי מאנקי 150 מ""ל",מיליליטרים,150.00,"100 מ""ל",false,1,9.90,6.6000,true,1,15847
8000920704998,false,"שורטי בצק עוגיות 150 מ""ל",מוצרי איכות אמריקאיים בע,IL,בצק עוגיות 150 מ'ל - שורטי,מיליליטרים,150.00,"100 מ""ל",false,1,9.90,6.6000,true,1,7620
8001090336354,false,פמפרס בייבי דריי חיתולים מידה 2 46 יח,פרוקטר אנד גמבל,DE,פמפרס בייבי דריי מידה 2 46 יחידות,לא מנהל יחידת מידה,0.00,לא מנהל יחידת מידה,false,1,35.90,0.0000,true,1,44360
8001090336408,false,חיתולים בייבי דריי מידה 3 38 יח' פמפרס,פרוקטר אנד גמבל,DE,פמפרס בייבי דריי מידה 3 38 יחידות,לא מנהל יחידת מידה,0.00,לא מנהל יחידת מידה,false,1,35.90,0.0000,true,1,44361
8001090336446,false,פמפרס בייבי דריי חיתולים מידה 4 34 יח,פרוקטר אנד גמבל,DE,פמפרס בייבי דריי מידה 4 34 יחידות,לא מנהל יחידת מידה,0.00,לא מנהל יחידת מידה,false,1,35.90,0.0000,true,1,44362
8001090336491,false,פמפרס בייבי דריי חיתולים מידה +4 31 יח,פרוקטר אנד גמבל,DE,פמפרס בייבי דריי מידה 4+ 31 יחידות,לא מנהל יחידת מידה,0.00,לא מנהל יחידת מידה,false,1,35.90,0.0000,true,1,44363
8001090336521,false,פמפרס בייבי דריי חיתולים מידה 5 30 יח,פרוקטר אנד גמבל,DE,פמפרס בייבי דריי מידה 5 30 יחידות,לא מנהל יחידת מידה,0.00,לא מנהל יחידת מידה,false,1,35.90,0.0000,true,1,44364
8001090336606,false,פמפרס בייבי דריי חיתולים מידה 6 26 יח,פרוקטר אנד גמבל,DE,פמפרס בייבי דריי מידה 6 26 יחידות,לא מנהל יחידת מידה,0.00,לא מנהל יחידת מידה,false,1,35.90,0.0000,true,1,44365
8001090705600,false,טמפקס קומפאק רגולר 1,פרוקטל אנד גמבל,HU,טמפקס קומפאק רגולר 18 יח,יחידה,18.00,יחידה,false,1,25.90,1.4389,true,1,54121
8001090705662,false,טמפקס קומפאק סופר 18,פרוקטל אנד גמבל,HU,טמפקס קומפאק סופר 18 יח,יחידה,18.00,יחידה,false,1,25.90,1.4389,true,1,54122
8001090705723,false,טמפקס קומפק סופר פלוס 16,פרוקטל אנד גמבל,HU,טמפקס קומפאק סופר פלוס 18 יח,יחידה,18.00,יחידה,false,1,25.90,1.4389,true,1,54123
8001090745903,false,אבקת כביסה טייד פרש אלפיין 4 קג,פרוקטר אנד גמבל,CZ,"אבקת כביסה טייד אלפיין 4 ק""ג",קילוגרמים,3.00,"ק""ג",false,1,36.90,12.3000,true,1,39455
8001090810083,false,"פנטן קונדישנר נוסחה קלאסית 500 מ""ל",פרוקטר אנד גמבל,RO,"פנטן קונדישנר נוסחה קלאסית 500 מ""ל",מיליליטרים,500.00,"100 מ""ל",false,1,19.90,3.9800,true,1,39731
8001090810120,false,"פנטן קונדישנר שמן מרוקאי משקם 500 מ""ל",פרוקטר אנד גמבל,RO,"פנטן קונדישנר מרוקאי משקם 500 מ""ל",מיליליטרים,500.00,"100 מ""ל",false,1,19.90,3.9800,true,1,39737
8001090810205,false,"פנטן שמפו נוסחה קלאסית 500 מ""ל",פנטן שמפן/מרכך 500 מ,RO,"פנטן שמפו נוסחה קלאסית 500 מ""ל",מיליליטרים,500.00,"100 מ""ל",false,1,19.90,3.9800,true,1,39730
8001090810281,false,"שמפו שמן מרוקאי משקם פנטן 500 מ""ל",פרוקטר אנד גמבל,RO,"פנטן שמפו שמן מרוקאי משקם 500 מ""ל",מיליליטרים,500.00,"100 מ""ל",false,1,19.90,3.9800,true,1,39736
8001090810403,false,"פנטן שמפו למגע רך כמשי 500 מ""ל",פנטן שמפן/מרכך 500 מ,RO,"פנטן שמפו למגע רך כמשי 500 מ""ל",מיליליטרים,500.00,"100 מ""ל",false,1,19.90,3.9800,true,1,39728
8001090833167,false,גל כביסה אריאל בניחוח הרים 2.365 ליטר,פרוקטור אנד גמבל,FR,אריאל גל כביסה ניחוח הרים 2.365 ליטר,ליטרים,2.37,ליטר,false,1,39.90,16.8354,true,1,40532
8001090833198,false,אריאל נוזל כביסה 2.47 ליטר ניחוח מרענן,פרוקטור אנד גמבל,FR,אריאל ג'ל כביסה ניחוח מרענן 2.365 ליטר,ליטרים,2.37,ליטר,false,1,39.90,16.8354,true,1,40533
8001090988362,false,"שמפו לחות מוגברת פנטן 500 מ""ל","פרוקטר אנד גמבל, רומ",RO,"פנטן שמפו לחות מוגברת 500 מ""ל",מיליליטרים,500.00,"100 מ""ל",false,1,19.90,3.9800,true,1,39726
8001090988768,false,"פנטן שמפו הזנת קרטין 500 מ""ל",פרוקטר אנד גמבל,,"פנטן שמפו הזנת קרטין 500 מ""ל",מיליליטרים,500.00,"100 מ""ל",false,1,19.90,3.9800,true,1,39738
8001090988843,false,"פנטן קונדישינר לחות מוגברת 500 מ""ל",פרוקטר אנד גמבל,RO,"פנטן קונדישנר לחות מוגברת 500 מ""ל",מיליליטרים,500.00,"100 מ""ל",false,1,19.90,3.9800,true,1,39727
8001090988881,false,"פנטן קונדישנר למגע רך כמשי 500 מ""ל",פרוקטר אנד גמבל,,"פנטן קונדישנר למגע רך כמשי 500 מ""ל",מיליליטרים,500.00,"100 מ""ל",false,1,19.90,3.9800,true,1,39729
8001160001786,false,"משקה אנרגיה גטורייד ספורט כחול 500מ""ל",אקווה מינרלה סאן בנדטו,IT,"משקה גטורייד בטעם פטל ,מופחת קלוריות.",מיליליטרים,500.00,"100 מ""ל",false,1,10.50,2.1000,true,1,25536
8001160001892,false,"משקה אנרגיה גטורייד ספורט תפוז אדום 500מ""ל",אקווה מינרלה סאן בנדטו,IT,גטורייד ספורט תפוז אדום בקבוק 500 תריסר,מיליליטרים,500.00,"100 מ""ל",false,1,10.50,2.1000,true,1,25537
8001250110015,false,דה צ'קו לזניית ביצים 500גר,דה צ'אקו DE CECCO,IT,לזניה דה צקו 500 גרם,גרמים,500.00,100 גרם,false,1,21.90,4.3800,true,1,50842
8001505000313,false,ממרח אגוזי לוז אורגני 270 גרם NICCIOLATA,ריג'וני דה אסינו,IT,ממרח אגוזי לוז אורגני 270 גרם ניקולטה,גרמים,270.00,100 גרם,false,1,23.90,8.8519,true,1,27842
8001505001105,true,ממרח אגוזי לוז אורגנ,אף.סי תבליני בגליל ב,IT,נוקיולטה ממרח אגוזי לוז אורגני 270 גרם,גרמים,270.00,100 גרם,false,1,23.90,8.8519,true,1,38401
8001620011935,false,"סן בנדטו- מים מינרלים מוגז - מארז שישיית 500 מ""ל",אקווה מינרלה סאן בנד,IT,סן בנדטו מוגז 500 מל שישייה,ליטרים,3.00,ליטר,false,1,15.90,5.3000,true,1,23790
8001620015629,false,"משקה פירות בטעם תפוז ותפוז אדום 400 מ""ל פרוטה",אקווה מינרלה סאן בנדטו ב,IT,משקה פירות פרוטה בטעם תפוז ותפוז אדום,מיליליטרים,400.00,"100 מ""ל",false,1,8.50,2.1250,true,1,52547
8001620015636,false,"משקה פרוטה מיקס פירות 400 מ""ל",אקווה מינרלה סאן בנדטו ב,IT,משקה פירות פרוטה בטעם מיקס פירות,מיליליטרים,400.00,"100 מ""ל",false,1,8.50,2.1250,true,1,50742
8001620018408,false,"משקה פירות בטעם מנגו תפוח 400 מ""ל פרוטה",אקווה מינרלה סאן בנדטו ב,IT,משקה פירות פרוטה בטעם מנגו תפוח,מיליליטרים,400.00,"100 מ""ל",false,1,8.50,2.1250,true,1,52548
8001620019160,false,"סן בנדטו מים מינרלים בטעם אפרסק 500 מ""ל",אקווה מינרלה סאן בנדטו ב,IT,"סן בנדטו אפרסק 400 מ""ל",מיליליטרים,400.00,"100 מ""ל",false,1,8.50,2.1250,true,1,53654
8001620019177,false,"סן בנדטו מים מינרלים בטעם ענבים 500 מ""ל",אקווה מינרלה סאן בנדטו ב,IT,סן בנדטו ענבים 400,מיליליטרים,400.00,"100 מ""ל",false,1,8.50,2.1250,true,1,53655
8001780499307,false,דובדבני אמרנה בסירופ,פאברי Fabbri,IT,דובדבני אמרנה 230 גרם FABBRI,גרמים,230.00,100 גרם,false,1,24.90,10.8261,true,1,43945
8001800000582,false,פולי קפה ARABICA COFFEE זהב- 250 גרם,קנדי חשמל ונכסים,IT,פולי קפה ורניאנו 250 גרם,גרמים,250.00,100 גרם,false,1,47.90,19.1600,true,1,41752
8001841041421,false,מגבונים ללא בישום אריזה בודדת 80 יח' פמפרס,פרוקטר & גמבל,DE,פמפרס מגבונים בודד עם בישום,יחידה,1.00,יחידה,false,1,6.90,6.9000,true,1,54236
8001841062624,false,פמפרס מגבונים לחים ללא בישום רביעייה,פרוקטר אנד גמבל.,DE,פמפרס מגבונים רביעייה ללא בישום,יחידה,4.00,יחידה,false,4,19.90,4.9750,true,1,54234
8001841077598,false,מגבונים בניחוח רענן אריזה בודדת 80 יח' פמפרס,פרוקטר & גמבל,DE,פמפרס מגבונים בודד ללא בישום,יחידה,1.00,יחידה,false,1,6.90,6.9000,true,1,54235
8001841077949,false,מארז מגבוני פמפרס בניחוח מרענן - רביעייה,פרוקטר אנד גמבל,DE,פמפרס מגבונים רביעייה עם בישום,יחידה,4.00,יחידה,false,4,19.90,4.9750,true,1,54233
8001841137179,false,קונדישינר הד&שולדרס הנוסחה הקלאסית 275מל,פרוקטר אנד גמבל,RO,"הד אנד שולדרס מרכך קלאסי 275 מ""ל",מיליליטרים,275.00,"100 מ""ל",false,1,17.90,6.5091,true,1,45069
8001841237657,false,מגן תחתון אולוויז פר,פרוקטר & גמבל,DE,מגן תחתון אולוויז פרש נורמל 72 יח,יחידה,72.00,יחידה,false,1,19.90,0.2764,true,1,53591
8001841317861,false,מרכך לנור אוקיינוס 900מל,פרוקטר אנד גמבל,US,לנור מרכך מרוכז בניחוח האוקיינוס 900 מל,מיליליטרים,900.00,"100 מ""ל",false,1,16.90,1.8778,true,1,44060
8001841625461,false,סבון כלים פלטינום X3 פעולות להסרת שומנים,פרוקטר אנד גמבל,GB,"פיירי פלטינום אורגינל החדש 515 מ""ל",מיליליטרים,515.00,"100 מ""ל",false,1,10.90,2.1165,true,1,45552
8001841669465,false,קפסולות לכביסה אריאל בניחוח לנור 24 יחידות,פרוקטר אנד גמבל,FR,אריאל קפסולות 24 יח בניחוח לנור,יחידה,1.00,יחידה,false,1,39.90,39.9000,true,1,51192
8001841715957,false,"ג'ל רחצה ושמפו ניקוי אינטנסיסי האד אנד שולדרס 360 מ""ל","נארז ע""י : א.ג. גילר",FR,שולדרס גל רחצה ושמפו ניקוי אינטנסיבי 3,מיליליטרים,360.00,"100 מ""ל",false,1,21.90,6.0833,true,1,51342
8001841716312,false,"ג'ל רחצה ושמפו ספורט האד אנד שולדרס 360 מ""ל","פרוקטר אנד גמבל, צרפ",FR,"שולדרס גל רחצה ושמפו ספורט, 360 מ""ל",מיליליטרים,360.00,"100 מ""ל",false,1,21.90,6.0833,true,1,51343
8001841716435,false,"ג'ל רחצה ושמפו לעור רגיש האד אנד שולדרס 360 מ""ל","נארז ע""י : א.ג. גילר",FR,"שולדרס גל רחצה ושמפו לעור רגיש, 360 מ""ל",מיליליטרים,360.00,"100 מ""ל",false,1,21.90,6.0833,true,1,51344
8001841716596,false,"ג'ל רחצה ושמפו מרענן האד אנד שולדרס 360 מ""ל","נארז ע""י : א.ג. גילר",FR,"הד שולדרס גל רחצה ושמפו מרענן 360 מ""ל",מיליליטרים,360.00,"100 מ""ל",false,1,21.90,6.0833,true,1,51345
8001841722481,false,אולוויז מגן תחתון פלקסי סטייל נורמל 54 יח',פרוקטר & גמבל,DE,מגן תחתון אולוויז פרש נורמל 54 יח,יחידה,54.00,יחידה,false,1,15.90,0.2944,true,1,53592
8001943549122,true,מטבעות צוקטה חלב,ואל קור קורסניני אס,IT,מטבעות צוקטה חלב,לא מנהל יחידת מידה,0.00,לא מנהל יחידת מידה,false,1,5.90,0.0000,true,1,54201
8002205319835,false,מזון לחתולים בוגרים בטעם סלמון פורינה ONE,נסטלה פורינה צרפת,FR,ONE חתול בוגר סלמון 800,גרמים,800.00,100 גרם,false,1,37.90,4.7375,true,1,43225
8002205319903,false,מזון לחתולים בוגרים בטעם עוף פורינה ONE,נסטלה פורינה צרפת,FR,ONE חתול בוגר עוף 800גרם,גרמים,800.00,100 גרם,false,1,37.90,4.7375,true,1,43224
8002270015649,false,סן פלגרינו מים מינרלים טבעיים מוגזים,סן פלגרינו ס.פ.א לוק,IT,"סן פלגרינו 250 מ""ל 24 יח",מיליליטרים,250.00,"100 מ""ל",false,1,6.50,2.6000,true,1,19739
8002270015656,false,מים מינרליים טבעיים מוגזים סן פלגרינו 750 מל זכוכית,סן פלגרינו ס.פ.א לוק,IT,"סן פלגרינו 750 מ""ל 12 יח'",מיליליטרים,750.00,"100 מ""ל",false,1,10.20,1.3600,true,1,3288
8002270846472,false,סן פלגרינו מים מינרליים טבעיים מוגזים,סן-פלגרינו,IT,"סן פלגרינו מוגז פלסטיק 500 מ""ל 24 יחידות",מיליליטרים,500.00,"100 מ""ל",false,1,5.90,1.1800,true,1,25830
8002450006559,false,יין קאסה די לואיג'י שרדונה,קאסה די לואיג'י Casa di luigi,,"יין קאזה די לואיגי שרדונה 750 מ""ל",מיליליטרים,750.00,"100 מ""ל",false,1,39.50,5.2667,true,1,1713
8002450206003,false,ורדי רימונים ספרקלטיני,"איי, בי, אינבוו",IT,ורדי ספרקלטיני רימונים 750 מל,מיליליטרים,750.00,"100 מ""ל",false,1,34.90,4.6533,true,1,24009
8002450206508,false,קזה די לואיג'י קברנה סוביניון,צ'ילה לואיס פיליפה אדוארדס,CL,"יין קאזה די לואיגי ק.סוביניון 750 מ""ל",מיליליטרים,750.00,"100 מ""ל",false,1,39.50,5.2667,true,1,1714
8002450206522,false,יין קאזה די לואיגי מ,קאסה די לואיג'י Casa di luigi,CL,"יין קאזה די לואיגי מרלו 750 מ""ל",מיליליטרים,750.00,"100 מ""ל",false,1,39.50,5.2667,true,1,1715
8002920016903,false,LADORIA עגבניות מרוס,,IT,LADORIA עגבניות מרוסקות שלישיה 400גרם,גרמים,400.00,100 גרם,false,3,16.90,4.2250,true,1,52828
8003207997878,false,וילה ג'ובאני קיאנטי קש כשר,Unknown,IT,יין גובאני קיאנטי קש 750מל,מיליליטרים,750.00,"100 מ""ל",false,1,79.90,10.6533,true,1,50697
8003340091280,false,לינדט לינדור בונבוניירה 60% מוצקי קקאו 200 גרם,לינדט ושפרונגלי קילשברג,IT,לינדט לינדור כדורי שוקולד מריר 200 ג',גרמים,200.00,100 גרם,false,1,35.50,17.7500,true,1,22336
8003340098098,false,בונ.לינדור סטרוברי200גרם,לינדט ושפרונגלי אס.פ,IT,לינדור סטרוברי 200 ג,גרמים,200.00,100 גרם,false,1,35.50,17.7500,true,1,32771
8003385312104,false,עגבניות קוביות אנטונ,אנטונלה,IT,עגבניות קוביות אנטונלה שלישייה 400גרם,גרמים,400.00,100 גרם,false,3,15.90,3.9750,true,1,52100
8003385401501,false,אנטונלה עגבניות טחון,אנטונלה,IT,אנטונלה עגבניות טחון דק 680 גרם,גרמים,680.00,100 גרם,false,1,14.90,2.1912,true,1,52094
8003753158556,false,אילי קפסולות אספרסו קלאסיקו 10 יח' 57 גרם,ג'ייקובס דאו אגרבטס פר א,FR,קפסולות אספרסו קלאסיקו ILLY 10יח 57גרם,גרמים,57.00,100 גרם,false,1,19.90,34.9123,true,1,45093
8003753158617,false,אילי קפסולות אספרסו לונגו קלאסיקו 10 יח' 57 גרם,ג'ייקובס דאו אגרבטס פר א,FR,קפסולות קפה לונגו,גרמים,57.00,100 גרם,false,1,19.90,34.9123,true,1,45096
8003753158648,false,אילי קפסולות אספרסו אינטנסו 10 יח' 57 גרם,ג'ייקובס דאו אגרבטס פר א,FR,קפסולות קפה אינטנסו,גרמים,57.00,100 גרם,false,1,19.90,34.9123,true,1,45094
8004030022010,false,ירקות גינה עם טונה ריו מרה אינסלטיסימי 160 ג',"בולטון אלימנטרי בע""\מ",IT,ריו מר ירקות גינה עם טונה 160 גרם,גרמים,160.00,100 גרם,false,1,19.50,12.1875,true,1,32529
8004030026018,false,"מקסיקני עם טונה ריו מרה אינסלטיסימי, 160 ג'","בולטון אלימנטרי בע""\מ",IT,ריו מרה ירקות בנוסח מקסיקני עם טונה 160 גרם,גרמים,160.00,100 גרם,false,1,19.50,12.1875,true,1,32528
8004030044005,false,נתחי טונה בהירה בשמן זית ריו מרה 112גרם,"בולטון אלימנטרי בע""\מ",IT,ריו מרה טונה בשמן זית 160 ג,גרמים,160.00,100 גרם,false,1,18.90,11.8125,true,1,4198
8004030081024,false,נתחי טונה עם שום ופלפל אדום ריו מרה 160 ג',"בולטון אלימנטרי בע""\מ",IT,ריו מר נתחי טונה בהירה בשמן זית ופלפל 160 גרם,גרמים,160.00,100 גרם,false,1,18.90,11.8125,true,1,1717
8004030102033,false,טונה בשמן זית עם מיץ לימון ופלפל שחור - מארז 3 יח',בולטון אלימנטרי,IT,ריו מרה טונה בשמן עם לימון ופלפל 80*3 ג,גרמים,240.00,100 גרם,false,3,29.90,12.4583,true,1,41080
8004030180000,false,ריו מרה טונה בשמן זית כתית מעולה 3*80 גרם,"בולטון אלימנטרי בע""\מ",IT,טונה בשמן זית ריו מרה שלישיה 240גרם,גרמים,240.00,100 גרם,false,3,29.90,12.4583,true,1,54029
8004030344938,false,"ריו מרה טונה בשמן זית 3X80 גרם מתכון חדש כשל""פ","בולטון אלימנטרי בע""\מ",IT,ריו מרה נתחי טונה בהירה בשמן זית 240 גרם,גרמים,240.00,100 גרם,false,1,29.90,12.4583,true,1,34677
8004030845046,false,טונה עם ירקות בתוספת עם אורז ריו מרה אינסלטיסימי 160 ג',בולטון אלימנטרי,IT,טונה ריו מרה ירקות ו אינסלטיסימי 160 גרם,גרמים,160.00,100 גרם,false,1,19.50,12.1875,true,1,41820
8004030860001,false,ירקות עם קוקוס וטונה ריו מרה אינסלטיסימי 160 ג',"בולטון אלימנטרי בע""\מ",IT,ריו מר ירקות עם קוסקוס וטונה 160 גרם,גרמים,160.00,100 גרם,false,1,19.50,12.1875,true,1,34620
8004400001089,false,"פרנה ברנקה משקה כהלי 35% איטלקי 700 מ""ל",ברנקה איטליה,IT,"פרנה ברנקה משקה כהלי איטלקי 700 מ""ל 35%",מיליליטרים,700.00,"100 מ""ל",false,1,109.90,15.7000,true,1,51695
8004690050507,false,L.M פסטה איטלקית פטוצ'יני 500 גרם,לה מוליסנה,IT,פסטה איטלקית פטוציני 500 גרם LM,גרמים,500.00,100 גרם,false,1,8.90,1.7800,true,1,42627
8004690051573,false,ספגטי לה מוליזנה 500 גרם,לה מוליזנה קמפובאסן,IT,ספגטי למוליזנה 500 גרם,גרמים,500.00,100 גרם,false,1,8.90,1.7800,true,1,28181
8004690052044,false,פסטה פנה ריגטה 500 גרם,לה מוליזנה קמפובאסן,IT,פסטה איטלקית פנה זיטי ריגטה 500 גרם LM,גרמים,500.00,100 גרם,false,1,8.90,1.7800,true,1,28182
8004690052846,false,L.M פסטה איטלקית פוזילי 500 גרם,לה מוליסנה,IT,פסטה איטלקית פוזילי 500 גרם LM,גרמים,500.00,100 גרם,false,1,8.90,1.7800,true,1,28183
8004690053195,false,L.M פסטה איטלקית ריגטוני 500 גרם,לה מוליזנה קמפובאסן,IT,פסטה איטלקית ריגטוני 500 גרם LM,גרמים,500.00,100 גרם,false,1,8.90,1.7800,true,1,28184
8004690057308,false,פסטה רדיאטורי מוליסא,לה מוליסנה,IT,פסטה איטלקית רדיאטורי 500 גרם LM,גרמים,500.00,100 גרם,false,1,8.90,1.7800,true,1,43189
8004690058008,false,L.M פסטה איטלקית ג'מלי 500 גרם,לה מוליזנה קמפובאסן,IT,פסטה איטלקית גמלי 500 גרם LM,גרמים,500.00,100 גרם,false,1,8.90,1.7800,true,1,43188
8004690106600,false,פרפלה לה מוליזינה 500 גר,לה מוליזנה קמפובאסן,IT,פסטה איטלקית פרפאלה 500 גרם LM,גרמים,500.00,100 גרם,false,1,8.90,1.7800,true,1,28297
8004690203002,false,ניוקי איטלקי מוליסאנ,למוליזנה,IT,פסטה איטלקית ניוקי תפוחי אדמה 500 גרם,גרמים,500.00,100 גרם,false,1,7.90,1.5800,true,1,46469
8004690470039,false,לה מוליזנה ללא גלוטן,למוליזנה,IT,פסטה פנה ללג LM גרם400,גרמים,400.00,100 גרם,false,1,13.90,3.4750,true,1,49408
8004800005502,false,וופל מיני רול גלילי ופל במילוי קרם קקאו- 125 ג' לאגו,לגו גרופ ס.פ.א.,IT,לאגו מיני רול גלילי ופל במילוי קרם קקאו,גרמים,125.00,100 גרם,false,1,12.90,10.3200,true,1,53962
8004800005519,false,וופל רול גלילי במילוי קרם אגוזי לוז- 125 ג' לאגו,לגו גרופ ס.פ.א.,IT,לאגו מיני רול גלילי ופל במילוי קרם אגוזי,גרמים,125.00,100 גרם,false,1,12.90,10.3200,true,1,53963
8004800005526,false,וופל מיני רול גלילי ופל במילוי קרם קוקוס- 125 ג' לאגו,לגו גרופ ס.פ.א.,IT,לאגו מיני רול גלילי ופל במילוי קרם קוקוס,גרמים,125.00,100 גרם,false,1,12.90,10.3200,true,1,53964
8005110001413,false,מארז זוג רסק עגבניות 140 ג' MUTTI,"איי, בי, אינבוו",IT,MUTTI רסק עגבניות מארז זוג 140X2 גרם,גרמים,280.00,100 גרם,false,1,8.90,3.1786,true,1,43944
8005110002243,false,רכז עגבניות Doppio Concentr בשפופרת 185 ג' MUTTI,"איי, בי, אינבוו",IT,רכז עגבניות בשפורפרת Doppio MUTTI 185,גרמים,185.00,100 גרם,false,1,9.90,5.3514,true,1,49309
8005110170300,false,עגבניות חתוכות דק Polpa - מארז שלישייה,מוטי Mutti,IT,שלישיית עגבניות מרוסקות 400 גר MUTTI,גרמים,400.00,100 גרם,false,1,19.90,4.9750,true,1,41277
8005110171215,false,עגבניות חתוכות 690 POLPAPEZZI ג' (כחול) MUTTI,"איי, בי, אינבוו",IT,קוביות עגבניות מקולפות במיץ,גרמים,690.00,100 גרם,false,1,16.90,2.4493,true,1,41283
8005110191015,false,רסק עגבניות ובזיליקום MUTTI{ירוק } 700 גרם,"איי, בי, אינבוו",IT,מחית עגבניות קלה עם בזיליקום בתוספת מלח,גרמים,700.00,100 גרם,false,1,14.90,2.1286,true,1,43596
8005110200014,false,רסק עגבניות 210 ג' CONCENTRATO MUTTI,"איי, בי, אינבוו",IT,רסק עגבניות בתוספת מלח 22Bx ללא תוספת סוכר,גרמים,210.00,100 גרם,false,1,7.90,3.7619,true,1,41280
8005110550508,true,שימורי עגבניות שרי,,,שימורי עגבניות שרי,Unknown,0.00,Unknown,false,1,10.90,0.0000,true,1,41284
8005110551253,false,רוטב לפיצה להכנת פיצה איטלקית קלאסית,"איי, בי, אינבוו",IT,רוטב לפיצה 400 גרם MUTTI,גרמים,400.00,100 גרם,false,1,9.90,2.4750,true,1,45724
8005360002185,false,דה לה נונה-רוטב עגבניות אורגני-בזיליקום 350 גרם,אף.סי תבליני בגליל ב,IT,רוטב עגבניות אורגני עם בזיליקום 350 גרם,גרמים,350.00,100 גרם,false,1,13.50,3.8571,true,1,40584
8005360004622,false,רוטב עגבניות אורגני ראגו 350 גרם,אף.סי תבליני בגליל ב,IT,רוטב עגבניות אורגני 350 גרם,גרמים,350.00,100 גרם,false,1,13.50,3.8571,true,1,40752
8005360004639,false,דה לה נונה-רוטב עגבניות אורגני-עם פלפלים 350 גרם,אף.סי תבליני בגליל ב,IT,רוטב עגבניות אורגני עם פלפלים 350 גרם,גרמים,350.00,100 גרם,false,1,13.50,3.8571,true,1,40586
8005469981602,false,פילה אנשובי איטלקי בשמן חמניות 75 גרם,בנדטו סקילה,,פילה אנשובי איטלקי שמן חמניות 75 גרם,גרמים,75.00,100 גרם,false,1,15.90,21.2000,true,1,32329
8005803010357,false,גריסיני קלאסי - מקלות אפויים עם שמן זית ומלח,"אינסטנטה בע""מ",IT,גריסיני קלאסי 125 גרם,גרמים,125.00,100 גרם,false,1,9.90,7.9200,true,1,34985
8005803010371,false,"גריסיני רוזמרין - מקלות אפויים עם שמן זית, מלח ורוזמרין","אינסטנטה בע""מ",IT,גריסיני רוזמרין 125 גרם,גרמים,125.00,100 גרם,false,1,9.90,7.9200,true,1,34988
8005803010586,false,"מקלות אפויים עם שמן זית, מלח, עגבניות ואורגנו, 125 גרם, אמור די פאן","הוסטה איטליה, ס.ר.ל.",IT,מקלות אפויים בטעם פיצה,גרמים,125.00,100 גרם,false,1,9.90,7.9200,true,1,34986
8006050090239,false,"חומץ בלסמי ממודנה מאצטי אורגני 500 מ""ל",יבואן ומשווק: ש. שסט,IT,מאצטי אורגינל חומץ בלסמי ממודנה 500 מל,מיליליטרים,500.00,"100 מ""ל",false,1,29.90,5.9800,true,1,38512
8006227001372,false,סמנצאטו – לחם מחמצת לבן עם שמן זית ללא קשה 1400 גרם,רו. מאר ס.ר.ל,IT,סמנצאטו לחם מחמצת לבן משמן זית 400 גרם ל,גרמים,250.00,100 גרם,false,1,19.90,7.9600,true,1,51856
8006227001389,false,סמנצאטו – לחם מחמצת עם שמן זית ללא קשה 1400 גרם,רו. מאר ס.ר.ל,IT,סמנצאטו לחם מחמצת קמח לבן משמן זית 400 ג,גרמים,250.00,100 גרם,false,1,19.90,7.9600,true,1,51857
8006540019672,false,נוזל כלים פיירי פלטי,פרוקטר & גמבל,GB,נוזל כלים פיירי פלטינום 700 מל,מיליליטרים,700.00,"100 מ""ל",false,1,11.90,1.7000,true,1,53935
8006540027042,false,"לנור מרכך כביסה מרוכז ורוד""פרח בר"" 897 מ""ל",פרוקטר אנד גמבל,FR,לנור מרכך כביסה פרחי בר 897 מל,מיליליטרים,897.00,"100 מ""ל",false,1,17.90,1.9955,true,1,51142
8006540112823,false,"לנור מרכך כביסה מרוכז בניחוח האוקיינוס 900 מ""ל",פרוקטר אנד גמבל,FR,לנור מרכך מרוכז אוקיינוס 900מל,מיליליטרים,900.00,"100 מ""ל",false,1,17.90,1.9889,true,1,51140
8006540221068,false,מגן תחתון אולוויז וליופק לונג פלוס 40 יח,פרוקטר & גמבל,DE,מגן תחתון אולוויז וליופק לונג פלוס 40 יחידות,יחידה,40.00,יחידה,false,1,21.90,0.5475,true,1,53978
8006540221341,false,אולוויז מגן תחתון וליופק לארג' 48 יחידות,,DE,מגן תחתון אולוויז לארג 48 יח,יחידה,1.00,יחידה,false,1,21.90,21.9000,true,1,52794
8006540358498,false,טמפקס פרל סופר-פלוס 18 יחידות חדש,פרוקטר אנד גמבל,HU,פרל טמפונים סופר פלוס 18 יחידות,לא מנהל יחידת מידה,0.00,לא מנהל יחידת מידה,false,1,24.90,0.0000,true,1,51753
8006540425930,false,אריאל קפסולות לכביסה ג'ל 24 יח' לכתמים קשים,פרוקטר אנד גמבל,FR,אריאל קפסולות לכביסה לכמים קשים 24 יחיד,לא מנהל יחידת מידה,0.00,לא מנהל יחידת מידה,false,1,39.90,0.0000,true,1,52283
8006540592434,true,תחבושות אולוויז נורמ,פרוקטר,DE,תחבושות אולוויז נורמל פלוס 28 יח,יחידה,28.00,יחידה,false,1,21.90,0.7821,true,1,53255
8006540592465,false,אולוויז תחבושות לונג 24 יח,פרוקטר & גמבל,HU,תחבושות אולוייז כפול לונג פלוס 24 יח,יחידה,24.00,יחידה,false,1,21.90,0.9125,true,1,53238
8006540592496,false,תחבושות אולוויז אולטרא כפול לילה 20 יח,פרוקטר & גמבל,HU,תחבושות אולוייז כפול לילה 20,יחידה,20.00,יחידה,false,1,21.90,1.0950,true,1,53239
8007178120310,false,חומץ בלסמי ד'מודנה Giacobazzi,פטורייה ג'יאקובאזי ס,IT,"חומץ בלסמי ממודנה 500 מ""ל",מיליליטרים,500.00,"100 מ""ל",false,1,24.90,4.9800,true,1,25474
8007227000570,false,סליל סרט קשירה דק כס,STAR PENNSYLVANIA,,סליל סרט קשירה דק כסוף,Unknown,0.00,Unknown,false,1,24.90,0.0000,true,1,31570
8007227053460,false,סליל סרט קשירה דק ור,STAR PENNSYLVANIA,,סליל סרט קשירה דק ורוד,Unknown,0.00,Unknown,false,1,24.90,0.0000,true,1,31573
8007270999012,false,שמן גרעיני ענבים 1 ליטר,קוסטה דיאורו,IT,שמן גרעיני ענבים 1 ליטר קוסטה דאורו,ליטרים,1.00,ליטר,false,1,44.90,44.9000,true,1,36556
8008245004847,false,ממרח אגוזי לוז וקקאו מובנפיק 300 גרם,נאטקו,IT,מובנפיק ממרח שוקולד ואגוזי לוז 300 גרם,גרמים,300.00,100 גרם,false,1,16.90,5.6333,true,1,50454
8008245004861,false,ממרח אגוזי לוז עם חלב מובנפיק 300 גרם,יבואן ומשווק: ש. שסט,IT,מובנפיק ממרח חלב עם אגוזי לוז 300 גרם,גרמים,300.00,100 גרם,false,1,16.90,5.6333,true,1,50455
8008698002049,false,קרקרים עגולים 175 גרם ללא גלוטן,ס.ר.ל פוסטל,IT,קרקר ללא גלוטן ללא לקטוז,גרמים,175.00,100 גרם,false,1,24.90,14.2286,true,1,27854
8008698003503,false,עוגיות שיבולת שועל עם צימוקים 250 גר,"דר שר ס.ר.ל פוסטל, א",IT,"ליב, קרקר ללא גלוטן",גרמים,210.00,100 גרם,false,1,26.90,12.8095,true,1,37760
8008698005231,false,עוגיות סנדוויץ בטעם שוקולד ממולאות קרם חלב ללא גלוט,שר Schar,IT,עוגיות שוקולד שר ללג 165גרם,גרמים,165.00,100 גרם,false,1,22.90,13.8788,true,1,45861
8008698005347,false,"ביסקוויט מצופות שוקולד מריר לל""ג 150 גר",שר Schar,IT,ביסקוטי שוקולד שר ללג 150גרם,גרמים,150.00,100 גרם,false,1,16.90,11.2667,true,1,45862
8008698008157,false,שר עוגיות שוקולד במילוי קרם שמנת ללא גלוטן 100 גר',דר שר ס.ר.ל פוסטל,IT,עוגיות ממולאות קרם וניל ללא גלוטן 100 גר,גרמים,100.00,100 גרם,false,1,12.90,12.9000,true,1,27901
8008698013021,false,עוגיות ללא גלוטן עם שבבי שוקולד מריר,דר שר פוסטל,IT,עוגיות ללא גלוטן עם שבבי שוקולד מריר,גרמים,100.00,100 גרם,false,1,13.90,13.9000,true,1,37187
8008698024065,false,פאן בלנקו-לחם ללא גלוטן 250 גרם,schar,IT,"פאן בלנקו לחם לל""ג 250 גרם שר",גרמים,250.00,100 גרם,false,1,19.90,7.9600,true,1,40830
8009149000119,false,"קמח תירס מולינו פיילה - פולנטה 1 ק""ג",פוקולוקו,IT,"קמח תירס פולנטה 1 ק""ג",קילוגרמים,1.00,"ק""ג",false,1,16.90,16.9000,true,1,27658
8010024006010,false,השקד-100% חמאת שקדים נטורפוד 350 גרם,תות תעשיות מזון (201,IT,חמאת שקדים,גרמים,350.00,100 גרם,false,1,42.90,12.2571,true,1,36549
8017938005122,false,חומץ תפוחים אורגני 750מל,מריה לוצ'יה מלצ'יורי,IT,חומץ תפוחים אורגני 750 מל,מיליליטרים,750.00,"100 מ""ל",false,1,19.90,2.6533,true,1,27851
8017938005764,false,נטורפוד-מיץ תפוחים 100% אורגני 1 ליטר,לוצ'ה מריה,IT,נטור פוד מיץ תפוחים אורגני 100% טבעי 1 ליטר,ליטרים,1.00,ליטר,false,1,23.20,23.2000,true,1,38412
8024985000062,false,מחית תפוח אורגני 100% פרי 200 גר נטורה,"נטורפוד בע""מ",IT,נטורה נובה מחית תפוח 100% אורגני 200 גרם,גרמים,200.00,100 גרם,false,1,10.90,5.4500,true,1,28784
8024985000079,false,מחית תפוח משמש 100% פרי 200 ג נטורה נובה,נטורה נובה,IT,נטור נובה ביו מחית תפוח משמש 100% אורגני 200 גרם,גרמים,200.00,100 גרם,false,1,10.90,5.4500,true,1,28785
8024985000086,false,נטורה נובה - מחית תפוח בננה אורגנית 100% פרי,"נטורפוד בע""מ",IT,נטורה נובה מחית תפוח בננה 100% אורגני 200 גרם,גרמים,200.00,100 גרם,false,1,10.90,5.4500,true,1,27861
8024985000093,false,מחית תפוח שזיף 100% פרי 200 ג נטורה נובה,"נטורפוד בע""מ",IT,מחית תפוח שזיף 100% אורגני,גרמים,200.00,100 גרם,false,1,10.90,5.4500,true,1,28786
8024985000109,false,נטורה נובה מחית אגס אורגנית 100% פרי 200 גרם,נטורה נובה,IT,נטור נובה ביו מחית אגס 100% טבעי 200 גרם,גרמים,200.00,100 גרם,false,1,10.90,5.4500,true,1,27862
8024985000116,false,מחית תפוח אוכמ 100% פרי 200 ג נטורה נובה,"נטורפוד בע""מ",IT,נטורה נובה מחית תפוח אוכמניות 100% אורגני 200 גרם,גרמים,200.00,100 גרם,false,1,10.90,5.4500,true,1,27863
8024985002783,true,מחית סמוזי גזר דלעת,נטורה נובה,IT,מחית סמוזי גזר דלעת 100 גרם,גרמים,100.00,100 גרם,false,1,6.20,6.2000,true,1,38513
8024985002912,false,סמוזי אגס בטטה 100 גר נטורה נובה,נטורה נובה,IT,סמוזי תפוח אגס בטטה אורגני נטורה 100 גרם,גרמים,100.00,100 גרם,false,1,6.20,6.2000,true,1,40582
8024985002943,false,סמוזי נטורה נובה תפוח אננס קוקוס 100 גרם,נטורה נובה,IT,סמוצ'י תפוח אננס קוקוס אורגניים,גרמים,100.00,100 גרם,false,1,6.20,6.2000,true,1,42046
8024985002950,false,נטורה נובה-סמוזי שזיף אורגני 100 גרם,נטורה נובה,IT,סמוצ'י תפוח בננה תרד אורגניים,גרמים,100.00,100 גרם,false,1,6.20,6.2000,true,1,42045
8024985002967,false,סמוזי נטורה נובה בננה תרד 100 גרם,נטורה נובה,IT,נטורה נובה סמוזי בננה תרד 100 גרם,גרמים,100.00,100 גרם,false,1,6.20,6.2000,true,1,42047
8024985003988,false,סמוזי תפוח בננה 100 גר נטורה נובה,נטורה נובה,IT,סמוצ'י תפוח בננה אורגניים 100 גרם,גרמים,100.00,100 גרם,false,1,6.20,6.2000,true,1,37085
8024985004282,true,סמוזי אגס - רביעייה,נטורה נובה,IT,נטורה נובה מארז סמוצ'י אגסים אורגניים 400 גרם,גרמים,400.00,100 גרם,false,1,22.90,5.7250,true,1,42074
8024985004305,false,סמוזי תפוח רביעיה 400 גר נטורה נובה,נטורה נובה,IT,נטורה נובה מארז סמוצ'י תפוחים אורגניים 400 גרם,גרמים,400.00,100 גרם,false,1,22.90,5.7250,true,1,42076
8024985004695,false,נטורה נובה סמוזי בננה רביעייה 100 גרם,נטורה נובה,IT,מארז סמוצ'י תפוח בננה אורגניים,גרמים,400.00,100 גרם,false,1,22.90,5.7250,true,1,42077
8024985005234,false,סמוזי נטורה נובה סמוצי תפוח מנגו 100 גרם,נטורה נובה,IT,סמוצ'י תפוח אפרסק מנגו אורגניים 100 גרם,גרמים,100.00,100 גרם,false,1,6.20,6.2000,true,1,37086
8024985005296,true,מחית סמוזי אגס בננה,נטורה נובה,IT,סמוצ'י אגס בננה תפוח וקינואה 120 גרם,גרמים,120.00,100 גרם,false,1,7.20,6.0000,true,1,38471
8024985005302,true,נטורה נובה סמוזי תפ,נטורה נובה,IT,סמוצ'י תפוח רימון פטל אוכמניות ואסאי 120 גרם,גרמים,120.00,100 גרם,false,1,7.20,6.0000,true,1,38472
8024985006309,false,סמוזי מנגו רביעיה 400 גר נטורה נובה,נטורה נובה,IT,נטורה נובה סמוזי מנגו רביעייה 400 גרם,גרמים,400.00,100 גרם,false,1,22.90,5.7250,true,1,42044
8024985008037,false,סמוזי נטורה נובה סמוצי תפוח 100 גרם,"נטורפוד בע""מ",IT,סמוצ'י תפוחים אורגניים 100 גרם,גרמים,100.00,100 גרם,false,1,6.50,6.5000,true,1,28783
8024985008044,false,נטורה משקה סמודי אגסים אורגני 100 גר,"נטורפוד בע""מ",IT,סמוצ'י אגסים אורגניים 100 גרם,גרמים,100.00,100 גרם,false,1,6.50,6.5000,true,1,28782
8024985008051,false,נטורה סמודי פירות אדומים אורגניים 100מל,"נטורפוד בע""מ",IT,סמוצ'י פירות אדומים אורגניים 100 גרם,גרמים,100.00,100 גרם,false,1,6.50,6.5000,true,1,28781
8024985011204,false,נטורה נובה-סמוזי תפוח תות בננה 100 גרם,נטורה נובה,IT,נטורה נובה - סמוזי תפוח תות בננה 100 גרם,גרמים,350.00,100 גרם,false,1,6.20,1.7714,true,1,52798
8032804430501,false,פליסיה פסטה פוזילי אפונה אורגני 250 גרם,אף.סי תבליני בגליל ב,IT,פסטה מקמח אפונה ירוקה פליסיה 250 גרם,גרמים,250.00,100 גרם,false,1,13.90,5.5600,true,1,36552
8032804430761,false,לזניה עדשים צהובות פליסיה 250 גרם,אף.סי תבליני בגליל ב,IT,לזניה עדשים צהובות אורגני פליסיה 250גרם,גרמים,250.00,100 גרם,false,1,19.90,7.9600,true,1,40570
8032804430846,false,פליסיה פוזילי חומוס אורגני 250 גרם,אנדריאני,IT,100% חומוס אורגני בצורת אטריות 250 גרם,גרמים,250.00,100 גרם,false,1,15.90,6.3600,true,1,42056
8032804432024,true,לזניה אורז תירס אורג,אף.סי תבליני בגליל ב,IT,לזניה אורז תירס אורגני 250 גרם,גרמים,250.00,100 גרם,false,1,20.90,8.3600,true,1,38474
8033020445973,false,"PIVETTI קמח 00 לכל מטרה 1 ק""ג",פיווטי Pivetti,IT,"קמח\ Antigrumi 1 ק""ג PIVETTI",קילוגרמים,1.00,"ק""ג",false,1,7.90,7.9000,true,1,43946
8033020445980,false,"קמח לפסטה 1 pasta fresca ק""ג 00 PIVETTI",PIVETTI,IT,"קמח לפסטה 1 pasta fresca ק""ג 00 PIVETTI",קילוגרמים,1.00,"ק""ג",false,1,13.90,13.9000,true,1,43949
8033020445997,false,"קמח איטלקי ללחמים 1 ק""ג 0 PIVETTI",PIVETTI,IT,"קמח איטלקי ללחמים 1 ק""ג 0 PIVETTI",קילוגרמים,1.00,"ק""ג",false,1,12.50,12.5000,true,1,43948
8033020446000,false,"קמח איטלקי לפיצה ופוקצה 1 ק""ג 00 PIVETTI",פיווטי Pivetti,IT,"קמח איטלקי לפיצה ופוקצה 1 ק""ג 00 PIVETTI",קילוגרמים,1.00,"ק""ג",false,1,10.90,10.9000,true,1,43947
8033275522368,false,יין מונטרו קיאנטי כש,סרסטר,IT,קיאנטי,מיליליטרים,750.00,"100 מ""ל",false,1,59.90,7.9867,true,1,43966
8076800195019,false,ברילה - צ.א ספגטי מס1 קפליני 500 גרם,ברילה גי.אי.אר פרטלי ס.פ,IT,ברילה קפליני ספגטי מס' 1 500 גרם,גרמים,500.00,100 גרם,false,1,7.90,1.5800,true,1,45336
8076800195033,false,ברילה - צ.א ספגטיני מס3 חדש 500 גרם,ברילה גי.אי.אר פרטלי ס.פ,IT,ברילה ספגטי מספר 3 500 גרם,גרמים,500.00,100 גרם,false,1,7.90,1.5800,true,1,1737
8076800195057,false,ברילה - צ.א ספגטי מס5 חדש 500 גרם,ברילה גי.אי.אר פרטלי ס.פ,IT,ברילה ספגטי מס' 5 500 גרם,גרמים,500.00,100 גרם,false,1,7.90,1.5800,true,1,1738
8076800195132,false,ברילה - צ.א בבטה מס13 500 גרם,ברילה גי.אי.אר פרטלי ס.פ,IT,ברילה ספגטי בבטה מספר 13,גרמים,500.00,100 גרם,false,1,7.90,1.5800,true,1,45335
8076800315097,false,פסטה מקרוני בוקטיני מספר 9 ברילה 500 גרם,ברילה גי.אי.אר פרטלי ס.פ,IT,ברילה בוקטיני- מקרוני מס' 9 500 גרם,גרמים,500.00,100 גרם,false,1,7.90,1.5800,true,1,1739
8076802085738,false,ברילה צ.ק פנה רגטה מס' 73 500 גרם,ברילה גי.אי.אר פרטלי ס.פ,IT,ברילה פנה רגטה מס 73 500 גרם,גרמים,500.00,100 גרם,false,1,7.90,1.5800,true,1,1741
8076802085837,false,ברילה - צ.ק טורטליוני מס83 500 גרם,הנסיך- מפעל לייצור ט,IT,פסטה ברילה טורטיליוני מס 83 500 גרם,גרמים,500.00,100 גרם,false,1,7.90,1.5800,true,1,1742
8076802085936,false,ברילה - פסטה קונצילה ריגטה 500 גרם,ברילה גי.אי.אר פרטלי ס.פ,IT,ברילה פסטה פתיתים - קונצילה ריגטה 500 גרם,גרמים,500.00,100 גרם,false,1,7.90,1.5800,true,1,1743
8076802085981,false,ברילה - צ.ק פוזילי חדש 500 גרם,ברילה גי.אי.אר פרטלי ס.פ,IT,ברילה פסטה פתיתים פוזילי 500 גרם,גרמים,500.00,100 גרם,false,1,7.90,1.5800,true,1,1744
8076808060654,false,פסטה פרפלה מספר 65 ברילה 500 גרם,ברילה גי.אי.אר פרטלי ס.פ,IT,ברילה פסטה פתיתים פרפלה 500 גרם,גרמים,500.00,100 גרם,false,1,7.90,1.5800,true,1,1747
8076808070882,false,קנלוני מספר 88 ברילה 250 גרם,פאסטיפיקו ריגו אס.אר,IT,פסטה ברילה קנלוני מס 88 250 גרם,גרמים,250.00,100 גרם,false,1,15.90,6.3600,true,1,1748
8076808150072,false,ברילה - צ.א ספגטוני מס7 חדש 500 גרם,ברילה גי.אי.אר פרטלי ס.פ,IT,ברילה ספגטי מספר 7 500 גרם,גרמים,500.00,100 גרם,false,1,7.90,1.5800,true,1,1749
8076809512268,false,פסטה גירנדולה טורסדס מספר 34 ברילה 500 גרם,ברילה גי.אי.אר פרטלי ס.פ,IT,ברילה פסטה פתיתים- גירנדולה 500 גרם,גרמים,500.00,100 גרם,false,1,7.90,1.5800,true,1,1750
8076809513395,false,ברילה פומודורו רוטב עגבניות קלאסי 400 גר,ברילה גי.אי.אר פרטלי ס.פ,IT,ברילה רוטב עגבניות קלאסי 400 גרם,גרמים,400.00,100 גרם,false,1,15.90,3.9750,true,1,1752
8076809513654,false,בסיס רוטב עגבניות לבולונז ברילה 400 גרם,ברילה גי.אי.אר פרטלי ס.פ,IT,ברילה רוטב בסיס לפסטה בולונז 400 גרם,גרמים,400.00,100 גרם,false,1,15.90,3.9750,true,1,2645
8076809513692,false,רוטב עגבניות נפולטנה בתוספת ירקות,ברילה גי.אי.אר פרטלי ס.פ,IT,ברילה רוטב עגבניות עם ירקות שורש לפסטה 400 גרם,גרמים,400.00,100 גרם,false,1,15.90,3.9750,true,1,1753
8076809513739,false,ברילה רוטב עגבניות עם בזיליקום 400 גרם,ברילה גי.אי.אר פרטלי ס.פ,IT,ברילה רוטב עגבניות עם בזיליקום לפסטה 400 גרם,גרמים,400.00,100 גרם,false,1,15.90,3.9750,true,1,3470
8076809514774,false,ברילה איטריות ביצים פפרדלה 250ג',ברילה גי.אי.אר פרטלי ס.פ,IT,"פסטה ברילה פרפנדלה 250 גר """,גרמים,250.00,100 גרם,false,1,18.90,7.5600,true,1,1754
8076809523561,false,רוטב עגבניות עם עשבי תיבול 400 ג' ברילה,ברילה גי.אי.אר פרטלי ס.פ,IT,ברילה רוטב טוסקנה לפסטה 400 גרם,גרמים,400.00,100 גרם,false,1,15.90,3.9750,true,1,19638
8076809523714,false,איטריות טליאטלה ברילה 500 גרם,"ש. שסטוביץ בע""\מ",IT,פסטה ברילה טליאטלה 500 גרם,גרמים,500.00,100 גרם,false,1,26.90,5.3800,true,1,2695
8076809523738,false,דפי לזניה ברילה 500 גרם,ברילה גי.אי.אר פרטלי ס.פ,IT,לזניה ברילה 500 גרם,גרמים,500.00,100 גרם,false,1,25.90,5.1800,true,1,2249
8076809529419,false,ספגטי מחיטה מלאה מס' 5 500 ג' ברילה,ברילה גי. אי. אר פרט,IT,ספגטי מחיטה מלאה 500 גרם,גרמים,500.00,100 גרם,false,1,15.90,3.1800,true,1,8010
8076809529433,false,פסטה פנה ריגטה חיטה מלאה ברילה 500 גרם,"ש. שסטוביץ בע""\מ",IT,פסטה ברילה פנה רגטה מחיטה מלאה 500 גרם,גרמים,500.00,100 גרם,false,1,15.90,3.1800,true,1,8011
8076809545457,false,ברילה אטריות ללא גלוטן 400 ג' צינורות 400 ג',ברילה ג'.אי.אר פרטלי,IT,ללא גלוטן - אריזה חדשה,גרמים,400.00,100 גרם,false,1,15.90,3.9750,true,1,32115
8076809545464,false,ברילה פסטה ללא גלוטן צורת ספירלי 400 גר,מולינו אנדריאני אס.א,IT,ברילה פוזילי על בסיס קמח תירס ללא גלוטן 400 גרם,גרמים,400.00,100 גרם,false,1,15.90,3.9750,true,1,32116
8076809547956,false,ברילה - צ.ק קיפרי 500 גרם,ברילה ג'.אי.אר פרטלי,IT,פסטה ברילה קיפרי 500 גרם,גרמים,500.00,100 גרם,false,1,7.90,1.5800,true,1,45331
8076809576352,false,ברילה לזניה ללא גלוטן 250 גרם,ברילה גי.אי.אר פרטלי,IT,ברילה לזניה ללא גלוטן 250 גרם,גרמים,250.00,100 גרם,false,1,23.90,9.5600,true,1,50793
8410076600622,false,חטיפי גרנולה קראנצ'י עם שוקולד מריר נייצ'ר ואלי 210 גרם,ג'נרל מילס סאן אדריאן,ES,קראנצי שבבי שוקולד מריר 210 גר,גרמים,210.00,100 גרם,false,1,14.90,7.0952,true,1,32101
8410076610379,false,"חטיף בוטנים, חלבון סויה ושוקולד מריר עם ציפוי בטעם שוקולד",סריילטו ספיין פודס,ES,מאג חטיף פרוטאין בוטנים ושבבי שוקולד120,גרמים,120.00,100 גרם,false,1,18.90,15.7500,true,1,37482
8410076610386,false,נייטשר ואלי פרוטאין בוטנים עם ציפוי בטעם קרמל מלוח 160 ג',ג'\נרל מילס סאן אדריאן S,ES,נייטשר ואלי פרוטאין בוטנים בטעם קרמל מלוח,גרמים,120.00,100 גרם,false,1,18.90,15.7500,true,1,37483
8410076621047,false,עוגות אישיות בטעם שוקולד עם חתיכות בטעם שוקולד,"גלאטס סירו בע""\מ",ES,פייבר 1 עוגות אישיות בראוניז בטעם שוקולד פאדג',גרמים,120.00,100 גרם,false,1,14.90,12.4167,true,1,49682
8410076801067,false,חטיף נייטצר ואלי דבש,סאן אדריאן,ES,חטיף נייטצר ואלי דבש 21 גרם,גרמים,21.00,100 גרם,false,1,2.90,13.8095,true,1,53561
8410076801074,false,חטיף נייטצר ואלי שוק,סאן אדריאן,ES,חטיף נייטצר ואלי שוקולד 21 גרם,גרמים,21.00,100 גרם,false,1,2.90,13.8095,true,1,53562
8410104039134,false,"מנקה ומחדש מדיח כלים פיניש 250 מ""ל",הדקלאים אגודת שיתופי,PL,"מנקה מדיח כלים פיניש 250 מ""ל",מיליליטרים,250.00,"100 מ""ל",false,1,17.90,7.1600,true,1,26428
8410104045111,false,"פיניש מלח למדיח כלים 2ק""ג",רקיט בנקיזר,IL,פיניש מלח למדיח כלים 2 קג,קילוגרמים,2.00,"ק""ג",false,1,16.90,8.4500,true,1,1809
8410179100043,false,שמן זית בורחס מעולה750מל,PONTU BORGES ACEITES,ES,"BORGES שמן זית כתית מעולה 750 מ""ל",מיליליטרים,750.00,"100 מ""ל",false,1,37.90,5.0533,true,1,42405
8410182420114,false,"בצלצלי פנינה בחומץ 370 מ""ל",דליסיאס,,בצלצלי פנינה בחומץ 370 גרם,גרמים,370.00,100 גרם,false,1,12.90,3.4865,true,1,26841
8410376010701,false,"ביסקוויט ללת""ס גולון גלטה מריה 400 גר",תות תעשיות מזון (201,ES,גולון מריה בסקוויט ללא תוספת סוכר 400גרם,גרמים,400.00,100 גרם,false,1,21.90,5.4750,true,1,30100
8410376037784,false,גולון ביסקויט סנדויץ שוקו ללא סוכר 250ג,תות תעשיות מזון (201,ES,ביסקוויט שוקו ללא סוכר גולון 250 גרם,גרמים,250.00,100 גרם,false,1,16.90,6.7600,true,1,30101
8410376047509,false,גולון ביסקויט ללא תוספת סוכר 400 גרם,גלטס גולון,ES,ביסקוויט ללא תוספת סוכר גולון 400 גרם,גרמים,400.00,100 גרם,false,1,18.90,4.7250,true,1,38185
8410644611203,false,יין קאווה איבריקה לבן יבש Cava Iberica,יוסף מסאקס ס.ל.,ES,"קאווה איבריקה לבן יבש 750 מ""ל",מיליליטרים,750.00,"100 מ""ל",false,1,44.90,5.9867,true,1,24019
8410793262936,false,"אסטרייה דאם דאורה ללא גלוטן 330 מ""ל","סי סי דאם, אס.אל, בר",ES,"דאורה דאם ללא גלוטן בקבוק בודד 330 מ""ל",מיליליטרים,330.00,"100 מ""ל",false,1,14.90,4.5152,true,1,40485
8410793263834,false,שישיית אסטרייה דאם דאורה ללא גלוטן 6*330,"סי סי דאם, אס.אל, בר",ES,"6 דאורה דאם ללא גלוטן 330 מ""ל",מיליליטרים,330.00,"100 מ""ל",false,6,74.90,22.6970,true,1,50087
8412168002529,false,מחייה 13 משקה כוהלי בטעם לימונים,דיסטילריאס לה הורטנה,ES,מחייה 13 משקה אלכוהולי בטעם לימונים 700 מל,מיליליטרים,700.00,"100 מ""ל",false,1,59.90,8.5571,true,1,33994
8412168008903,false,מחייה 13 משקה כוהלי בטעם אשכולית אדומה,דיסטיליארס לה הורטנה,ES,מחייה 13 משקה כוהלי בטעם אשכולית אדומה 700 מל,מיליליטרים,700.00,"100 מ""ל",false,1,59.90,8.5571,true,1,33993
8420708012822,false,"גבינת קשקבל ספרדי, 200 גרם",מיוצר עי קונדיטוריית,ES,קשקבל צאן בשלה 200 גר נני,גרמים,200.00,100 גרם,false,1,27.90,13.9500,true,1,41529
8420708018817,false,גב.מנצ'גו כבשים36% 150גר,האי נאם סי או אל.טי.,ES,מנצגו בשלה 150 גרם נני,גרמים,150.00,100 גרם,false,1,25.90,17.2667,true,1,41577
8423207206488,false,סלים דליס חטיף דגנים מצופה שוקולד חלב מרבה 6*20 גרם,אף.סי תבליני בגליל ב,ES,חטיף דגנים סלים דליס שוקולד חלב 120 גרם,גרמים,120.00,100 גרם,false,1,14.90,12.4167,true,1,29977
8423207206495,false,סלים דליס חטיף דגנים מצופה שוקולד מריר מרבה 6*20 גרם,אף.סי תבליני בגליל ב,ES,חטיף דגנים סלים דליס שוקולד מריר 120 גרם,גרמים,120.00,100 גרם,false,1,14.90,12.4167,true,1,29978
8423207208680,false,חטיף דגנים שוקולד סלים דליס לילדים מרבה 6 יחידות,ביסנצ'ורי אס.אל.יו,ES,סלים דליס קידס חטיף דגנים מצופה שוקולד חלב 120 גר',גרמים,182.00,100 גרם,false,1,14.90,8.1868,true,1,32710
8423207208703,false,חטיפי סלים דליס שוקולד מריר מרבה 6 יחידות,ביסנצ'ורי אס.אל.יו,ES,סלים דליס חטיף דגנים שוקולד מריר 120 גרם,גרמים,182.00,100 גרם,false,1,14.90,8.1868,true,1,32696
8423371002312,false,בוטנים צילי סאליסול 150 גרם,סאליסול,ES,סאליסול פיצוחים בפחית בוטנים צילי 150 ג,גרמים,150.00,100 גרם,false,1,11.90,7.9333,true,1,52011
8423371002725,false,סאליסול- קוקטייל מיקס 100 גרם,גלוברנדס,ES,סאליסול משפחתי קוקטיל מיקס,גרמים,100.00,100 גרם,false,1,11.90,11.9000,true,1,50558
8423371002749,false,סאליסול- בוטנים ושקדים מקורמלים 135 גרם,גלוברנדס,ES,סאליסול משפחתי בוטנים ושקדים מקורמלים,גרמים,135.00,100 גרם,false,1,11.90,8.8148,true,1,54113
8423371005085,false,סאליסול- מיקס פיקנטי 100 גרם,גלוברנדס,ES,סאליסול טו גו מיקס פיקנטי,גרמים,100.00,100 גרם,false,1,11.90,11.9000,true,1,50559
8423371007089,false,סאליסול- בוטנים מלוחים בדבש 150 גרם,גלוברנדס,ES,סאליסול משפחתי בוטנים עם דבש ומלח,גרמים,150.00,100 גרם,false,1,11.90,7.9333,true,1,50560
8424465344301,false,מאפין תפוחים,פילסברי,IL,"מאפינס תפו""ע מ.א א.ק",יחידה,1.00,יחידה,false,1,10.90,10.9000,true,1,54479
8424465609301,false,מאפין שוקולד,פילסברי,IL,מאפין שוקולד,יחידה,1.00,יחידה,false,1,10.90,10.9000,true,1,54478
8445290341587,false,פנסי פיסט פטה דג לבן ועוף 85 ג,נסטלה פורינה USA ג',US,פנסי פיסט פטה דג לבן ועוף 24*85גרם,גרמים,85.00,100 גרם,false,1,5.90,6.9412,true,1,53657
8445290341617,false,פנסי פיסט פטה עוף וסלמון 85 גרם,נסטלה פורינה USA סט,US,פנסי פיסט פטה עוף וסלמון 85 גרם,גרמים,85.00,100 גרם,false,1,5.90,6.9412,true,1,53656
8445290341655,false,פנסי פיסט פטה עוף 85 גרם,נסטלה פורינה USA ג',US,פנסי פיסט פטה עוף 24*85גרם,גרמים,85.00,100 גרם,false,1,5.90,6.9412,true,1,53658
8593868006014,false,בירה בלו מון פחית 50,"איי, בי, אינבוו",CZ,"בירה בלומון 5.4% כוהל בפחית 500 מ""ל",מיליליטרים,500.00,"100 מ""ל",false,1,14.90,2.9800,true,1,50125
8595134503487,false,פילטרים לגילגול 5.3 ארוך PIH,U 4 ROLL,CZ,פילטר 5.3 ארוך,יחידה,1.00,יחידה,false,1,4.90,4.9000,true,1,46363
8595134503975,false,נייר גלגול בינוני כולל פילטר PIH,,CZ,נייר בינוני כולל פילטר,לא מנהל יחידת מידה,0.00,לא מנהל יחידת מידה,false,1,6.00,0.0000,false,1,46368
8606018615827,false,גלידת וניל עם שברי עוגיות אוראו 480 גרם,פרונרי סרביה,RS,פיינט אוראו 480גרם,גרמים,480.00,100 גרם,false,1,23.90,4.9792,true,1,52695
8606018615841,false,גלידה וניל עם ליבת שוקולד חלב מעולה 480 גרם,פרונרי סרביה,RS,פיינט מילקה וניל ליבת שוקולד 480גרם,גרמים,480.00,100 גרם,false,1,23.90,4.9792,true,1,52696
8606018615865,false,פיינט מילקה קרמל ליבת שוקולד 480 גרם,פרונרי סרביה,RS,פיינט מילקה קרמל ליבת שוקולד 480גרם,גרמים,480.00,100 גרם,false,1,23.90,4.9792,true,1,52697
8606109023593,false,"פרוויטה - מיץ תפוחי עץ ואגסים 750 מ""ל",פרובישקה,RS,מיץ פרוויטה תפוחי עץ ואגסים 750 מל,מיליליטרים,750.00,"100 מ""ל",false,1,14.90,1.9867,true,1,46180
8606109023609,false,"פרוויטה - מיץ תפוחי עץ ודובדבנים חמוצים 750 מ""ל",,IL,מיץ פרוויטה תפוחי עץ ודובדבנים 750 מל,מיליליטרים,750.00,"100 מ""ל",false,1,14.90,1.9867,true,1,46181
8606109023623,false,"פרוויטה - מיץ תפוחי עץ ולימון ליים 750 מ""ל",פרובישקה,RS,מיץ פרוויטה תפוחי עץ ולימון ליים 750 מל,מיליליטרים,750.00,"100 מ""ל",false,1,14.90,1.9867,true,1,46183
8606109023647,false,"פרוויטה - מיץ סלק ותפוחי עץ 750 מ""ל",פרובישקה,RS,מיץ פרוויטה סלק ותפוחי עץ 750 מל,מיליליטרים,750.00,"100 מ""ל",false,1,14.90,1.9867,true,1,46184
8683130008355,false,מיונז שום לחיץ אמיתי הלמנס 400 גרם,יוניליוור ישראל שיווק בע,TR,הלמנס מיונז עם שום 400 גרם,גרמים,400.00,100 גרם,false,1,17.90,4.4750,true,1,51902
8683130012666,false,שלגון מגנום דאבל לבן עוגיות 72 גרם,"מיוצר ע""\י יונילוור סנאי",TR,מגנום דאבל לבן עוגיות 74 גרם,גרמים,74.00,100 גרם,false,1,12.90,17.4324,true,1,52830
8690504081913,false,מקוויטיס טינס מצופה שוקולד חלב 150 גרם,שוורצקוף& הנקל דיסלד,TR,עוגיות טינס מצופה שוקולד חלב 150 גרם,גרמים,150.00,100 גרם,false,1,14.90,9.9333,true,1,38109
8690504081920,false,מקוויטיס טינס מצופה שוקולד מריר 150 גרם,"אולקר ביסקווי סנאי, א.ס.",TR,טינס מצופה שוקולד מריר 150 גרם,גרמים,150.00,100 גרם,false,1,14.90,9.9333,true,1,38108
8690504081937,false,מקוויטיס טינס שוקולד חלב וקפוצינו 150 גר,שוורצקוף& הנקל דיסלד,TR,טינס חלב וקפוצינו,גרמים,150.00,100 גרם,false,1,14.90,9.9333,true,1,38110
8690504153740,false,גודייבה שוקולד מריר במילוי קרם גנאש 86 גרם,ביסקוט ביסקווי סילבר,TR,שוקולד מריר במילוי קרם בטעם גנאש שוקולד מריר,גרמים,86.00,100 גרם,false,1,15.90,18.4884,true,1,39558
8690504156543,false,טבלת שוקלד חלב ממולא בקרם גנאש שוקולד חלב 88 גר',ביסקוט ביסקווי סילברי,TR,טבלת שוקולד חלב מעולה,גרמים,86.00,100 גרם,false,1,15.90,18.4884,true,1,41827
8690637505607,false,בדין אקסטרה מרכך כביסה בניחוח פינוק כחול,יוניליוור סנאיי וי טיקאר,TR,"מרכך בדין אקסטרה פינוק קלאסי960 מ""ל",מיליליטרים,960.00,"100 מ""ל",false,1,22.90,2.3854,true,1,51254
8690637555084,false,"מרכך כביסה מרוכז אקסטרה פריחת התפוז בדין 960 מ""ל",יוניליוור סנאיי וי טיקאר,TR,בדין מרכך כביסה אקסטרה פריחת התפוז,מיליליטרים,960.00,"100 מ""ל",false,1,22.90,2.3854,true,1,21664
8690637835643,false,"תה ירוק לימונית ולאויזה 30 גרם ""ליפטון""",יונילוור - תורכיה,TR,תה ליפטון תה ירוק לואיזה ולימונית 30 גרם,גרמים,30.00,100 גרם,false,1,21.50,71.6667,true,1,37104
8690637842382,false,מגנום דאבל פרי יער שטראוס 82 גר,"מיוצר ע""\י יונילוור סנאי",TR,מגנום וניל פירות יער,גרמים,85.00,100 גרם,false,1,12.90,15.1765,true,1,38210
8690637842399,false,מאגדת מגנום מיני דאבל פרי יער שוקולד 6 יח' נסטלה,יוניליוור סנאי וי סי,TR,מאגדת מיני מגנום 1/6 329 גרם דאבל פרי יע,גרמים,379.00,100 גרם,false,1,34.90,9.2084,true,1,37854
8690637858734,false,גל לנ.כללי סיף אקונומיקה בנ.לימון 750 מל,יוניליוור ניקיון,IL,"אקונומיקה פנטסטיק ג""ל 750 מ""ל",מיליליטרים,750.00,"100 מ""ל",false,1,14.90,1.9867,true,1,39957
8690637865596,false,דאב תחליב רחצה לידיים 500 הזנה עמוקה,קוסטר אירוסול ולף סנ,TR,דאב תחליב רחצה לידיים מזין 500 מל,מיליליטרים,500.00,"100 מ""ל",false,1,18.90,3.7800,true,1,45641
8690637871245,true,הלמנס מיונז אמיתי לח,יוניליוור גידה סאנ.,TR,הלמנס מיונז אמיתי לחיץ 395 גר,גרמים,395.00,100 גרם,false,1,15.90,4.0253,true,1,42588
8690637890666,false,מאגדת מגנום מיני דאבל פיסטוק 6 יח' שטראוס,יוניליוור סנאיי וי ט,TR,מאגדת מיני מגנום 1/6 329 גרם דאבל פיסטוק,גרמים,282.00,100 גרם,false,1,32.90,11.6667,true,1,41415
8690637946301,false,"בדין - מרכך כביסה אקסטרא בייביי כחול 960 מ""ל",יוניליוור סנאיי וי טיקאר,TR,Badin מרכך כביסה 960 ML,מיליליטרים,960.00,"100 מ""ל",false,1,22.90,2.3854,true,1,45646
8690637946318,false,"מרכך כביסה בדין מרוכז אקסטרה בייבי טלק 960 מ""ל",יוניליוור סנאיי וי טיקאר,TR,Badin מרכך כביסה 960 ML,מיליליטרים,960.00,"100 מ""ל",false,1,22.90,2.3854,true,1,45647
8690637989612,false,שלגון שמנת בטעם וניל עם ריפל בטעם שוקולד 246 גרם,יונילוור סנאיי וי טיג'\,TR,מגנום מיני דאבל דולצה גולד 246גרם,גרמים,246.00,100 גרם,false,1,34.90,14.1870,true,1,50641
8690637989629,false,מגנום דאבל דולצ'ה גולד בטעם וניל עם ריפל בטעם שוקולד 246 גרם,יונילוור סנאיי וי טיג'\,TR,מגנום שלגון מגנום דאבל דולצ'ה גולד 63 גרם,גרמים,63.00,100 גרם,false,1,12.90,20.4762,true,1,50409
8690637997914,false,גלידת מגנום וניל שקדים בכוס אישית 76 גרם,יונילוור סנאיי וי טיג'\,TR,מגנום כוס אישי שמנת ונ.שקדים 76גרם,גרמים,76.00,100 גרם,false,1,9.90,13.0263,true,1,51414
8690637997921,false,גלידת שמנת וניל קלאסיק בכוס אישית 63 גרם,יונילוור סנאיי וי טיג'\,TR,מגנום כוס אישי שמנת וניל 81 גרם,גרמים,81.00,100 גרם,false,1,9.90,12.2222,true,1,51415
8690766156367,false,גודייבה שוקולד חלב מעולה 90 גרם,"אולקר מקבוצת פלאדיס,",TR,טבלת שוקולד חלב מעולה,גרמים,90.00,100 גרם,false,1,15.90,17.6667,true,1,45280
8690766156374,false,גודייבה שוקולד מריר מעולה 72% מוצקי קקאו 72גרם,"אולקר מקבוצת פלאדיס,",TR,טבלת שוקולד מריר מעולה 72% מוצקי קקאו,גרמים,90.00,100 גרם,false,1,15.90,17.6667,true,1,45283
8690766156381,false,גודייבה שוקולד מריר 90% מוצקי קקאו 90 גרם,"אולקר מקבוצת פלאדיס,",TR,טבלת שוקולד מריר מעולה 90% מוצקי קקאו,גרמים,90.00,100 גרם,false,1,15.90,17.6667,true,1,45281
8690766156398,false,"שוקולד חלב מעולה בתוספת שברי שקדים קלויים,דבש ומלח 90 גרם","אולקר מקבוצת פלאדיס, ציק",TR,שוקולד חלב מעולה בתוספת שברי שקדים קלויי,גרמים,90.00,100 גרם,false,1,15.90,17.6667,true,1,49813
8690766156411,false,שוקולד מריר מעולה בטעם פלפל ורוד עם חתיכות תות מסוכר 90 גרם,"אולקר מקבוצת פלאדיס,",TR,טבלאת שוקולד גודאייבה מריר בטעם פלפל 90,גרמים,90.00,100 גרם,false,1,15.90,17.6667,true,1,45282
8690777204071,false,פלפלים כבושים חריפים סרה 320 גרם,יוליניבר,TR,פלפל חריף 640גרם SERA,גרמים,640.00,100 גרם,false,1,13.90,2.1719,true,1,21841
8690777206051,false,חציל קלוי על האש סרה ויליפוד 650 גרם,קוראהן פזלרמה וי דיס,TR,סרה חציל קלוי על האש 650 גרם,גרמים,650.00,100 גרם,false,1,13.90,2.1385,true,1,19754
8690777221405,false,פלפל אדום קלוי סרה ויליפוד 650 גרם,קוראהן פזלרמה וי דיס,TR,סרה פלפלים אדומים קלויים על האש 650 גרם,גרמים,650.00,100 גרם,false,1,13.90,2.1385,true,1,21842
8691530924670,false,סירופ רימונים נאטרסן345ג,נטורסן,TR,סירופ רימונים נטורסאן 345 גרם,גרמים,345.00,100 גרם,false,1,21.90,6.3478,true,1,26868
8691900172175,false,קוטקס תחב.לילה אולטרה18י,חוגלה קימברלי,CZ,תחבושות קוטקס לילה 18 יח,יחידה,18.00,יחידה,false,1,17.90,0.9944,true,1,53937
8693357293991,false,שישיית כוס לונג איסטנבול,,,מארז 6 יח כוס מים לונג 290 מל,יחידה,1.00,יחידה,false,1,29.90,29.9000,true,1,52805
8697530910743,false,סיגריות פאל מאל כחול קצר מטאליק,Unknown,TR,סיגריות פאל מל כחול חפיסה בודד,יחידה,1.00,יחידה,false,1,30.50,30.5000,false,1,14385
8697530910750,false,סיגריות פאל מאל כחול ארוך האוס,Unknown,TR,סיגריות פאל מל כחול ארוך חפיסה בודד,יחידה,0.00,יחידה,false,1,30.50,0.0000,false,1,14386
8697530910767,false,סיגריות פאל מאל מנטול מטאליק,Unknown,TR,סיגריות פאל מאל מנטול חפיסה בודד,יחידה,1.00,יחידה,false,1,30.50,30.5000,false,1,17015
8697530910781,false,סיגריות פאל מאל אדום מטאליק,גלוברנדס,TR,סיגריות פאל מל אדום חפיסה בודד,יחידה,1.00,יחידה,false,1,30.50,30.5000,false,1,14387
8697530911276,false,סיגריות קנט קצר חפיס,גלוברנדס,TR,סיגריות קנט קצר חפיסה בודד,יחידה,1.00,יחידה,false,1,37.80,37.8000,false,1,16052
8697826469092,false,טורטיה קטנה שקדיה 540 גרם 12 יחידות,דין שיווק,TR,עלי טורטייה 540 גרם,גרמים,540.00,100 גרם,false,1,11.90,2.2037,true,1,27987
8710447320662,false,דאודורנט ספריי בניחוח אפרסק ולימון ללא אלומיניום,"פרמול איטליה, קומון",GB,DOVE דאו ספריי 50 ML,מיליליטרים,150.00,"100 מ""ל",false,1,19.90,13.2667,true,1,45640
8710502060021,false,מרבה פטיסרי עוגיות מאפין רכות 210 גרם,"מרבה בע""\מ",NL,מרבה פטיסרי עוגיות מאפין רכות 200 גרם,גרמים,200.00,100 גרם,false,1,12.90,6.4500,true,1,53581
8710502100864,false,עוגיות מרבה פטיסרי דאבל שוקולד 200 גרם,"מרבה בע""\מ",NL,מרבה פטיסרי עוגיות דאבל שוקולד 200 גרם,גרמים,200.00,100 גרם,false,1,12.90,6.4500,true,1,53580
8710502139017,false,עוגיות מרבה טריפל שוקולד שוקוצ'יפס 180ג',בנקטבקריי מרבה בי.וי,NL,מרבה עוגיות טריפל שוקולד ציפס,גרמים,180.00,100 גרם,false,1,10.90,6.0556,true,1,22593
8710502194801,false,"עוגיות שוקלד ציפס רכה פירות יער ""מרבה"" 175 גרם",בנקטבקריי מרבה בי.וי,NL,מרבה עוגיות שוקולד צ'יפס במרקם רך עם פירות יער,גרמים,175.00,100 גרם,false,1,10.90,6.2286,true,1,33772
8710502231018,false,מרבה מיני עוגיות שוקולד צ'יפס 175 גרם,"מרבה בע""\מ",NL,מיני עוגיות מרבה ש ציפס 175 גרם,גרמים,175.00,100 גרם,false,1,10.90,6.2286,true,1,50385
8710502279010,false,מרבה עוגיות שוקולד צ'יפס מצופות שוקולד 175 גרם,"י.מרבה ישראל בע""מ",NL,מרבה עוגיות שוקולד ציפס מצופות שוקולד,גרמים,175.00,100 גרם,false,1,10.90,6.2286,true,1,49982
8710502405204,false,עוגיות שוקולד צ'יפס עם קרם שוקולד מרבה 175 גרם,קריניציה ויטמינה אס,NL,מרבה עוגיות ממולאות קרם שוקולד,גרמים,175.00,100 גרם,false,1,10.90,6.2286,true,1,24752
8710502470028,false,עוגיות שוקולד צ'יפס ממולאות בקרם נוגט,קריניציה ויטמינה אס,NL,עוגיות שוקולד ציפס נוגטלי מרבה 160 גרם,גרמים,160.00,100 גרם,false,1,10.90,6.8125,true,1,22595
8710502470035,false,מרבה פטיסרי עוגיות נוגטלי אגוזים 200 גרם,"מרבה בע""\מ",NL,מרבה פטיסרי עוגיות נוגטלי במילוי קרם אגו,גרמים,200.00,100 גרם,false,1,12.90,6.4500,true,1,53582
8710847908446,false,אקס דאודורנט ספריי בלאק לגבר 150 מל,ארנסט. רחוב קומבינצק,RU,אקס דאודורנט ספריי אנטיפרספירנט בלאק 150,מיליליטרים,150.00,"100 מ""ל",false,1,13.90,9.2667,true,1,43297
8710847962592,false,אקס דאודורנט בודי ספריי פינק פפר,"יוניליוור אנגליה, דרך קו",GB,אקס דאודורנט ספריי פינק פפר150 מל,מיליליטרים,150.00,"100 מ""ל",false,1,13.90,9.2667,true,1,45643
8711327475618,false,"מגנום פיינט וניל קלאסיק 440 מ""ל","מפעל גלידות בווספרם, רחו",HU,מגנום גלידת שמנת בטעם וניל 440 מל,גרמים,260.00,100 גרם,false,1,27.90,10.7308,true,1,50010
8711327475663,false,מגנום פיינט וניל שוקולד לבן 260 גרם,"מפעל גלידות בווספרם, רחו",HU,גלידת שמנת בטעם וניל עם שוקולד לבן,גרמים,260.00,100 גרם,false,1,27.90,10.7308,true,1,50009
8711327475717,false,מגנום פיינט וניל שקדים 260 גרם,"מפעל גלידות בווספרם, רחו",HU,מגנום גלידת שמנת בטעם וניל עם שקדים 440 מל,גרמים,260.00,100 גרם,false,1,27.90,10.7308,true,1,50011
8711327475762,false,מגנום פיינט שוקולד לבן עוגיות 260 גרם,"מפעל גלידות בווספרם, רחו",HU,מגנום גלידת שמנת שוקולד לבן ועוגיות 440 מל,גרמים,260.00,100 גרם,false,1,27.90,10.7308,true,1,50012
8712000050146,false,"בירה היינקן 0% אלכוהול בקבוק 330 מ""ל","מבשלת היינקן, ריטבלד",NL,"בירה הייניקן ללא אלכוהול בקבוק 330 מ""ל",מיליליטרים,330.00,"100 מ""ל",false,1,7.90,2.3939,true,1,41772
8712000051099,false,"שישיית בירה היינקן 0% אלכוהל בקבוק 330 מ""ל","מבשלת היינקן, ריטבלדנברג",NL,היינקן בירה לאגר ללא אלכוהול מארז שישייה,ליטרים,1.98,ליטר,false,1,39.90,20.1515,true,1,41771
8712100859939,false,גלידת WICH בצקעוגיות,אווגה,GR,קסטה WICH בצק עוגיות,גרמים,80.00,100 גרם,false,1,11.90,14.8750,true,1,33666
8712561594240,false,דאב תחליב רחצה להזנה עמוקה 500 מל חדש,"יוניליוור גרמניה, Gmbh &",DE,דאב תחליב רחצה להזנה עמוקה 500 מל,מיליליטרים,500.00,"100 מ""ל",false,1,19.90,3.9800,true,1,30990
8712561611183,false,דאב סבון נוזלי 500 תמציות מלפפונים ותה,"יוניליוור גרמניה, Gmbh &",DE,דאב תחליב רחצה מלפפון ותה ירוק 500 מל,מיליליטרים,500.00,"100 מ""ל",false,1,19.90,3.9800,true,1,30989
8714443620030,false,מרק ירקות אורגני 200 גרם,תות תעשיות מזון (201,NL,מרק ירקות,גרמים,200.00,100 גרם,false,1,32.90,16.4500,true,1,43255
8714599512159,false,קפה נמס ג'קובס מונארך190,"אל.אל.סי ""גייקובס דא",RU,גייקובס מגורען 190 גרם,גרמים,190.00,100 גרם,false,1,28.90,15.2105,true,1,53186
8714789218465,false,מברשת שיניים 360 סופט קולגייט 2 יחידות,הנסיך- מפעל לייצור ט,CN,זוג מברשות שיניים קולגייט 360 סופט,לא מנהל יחידת מידה,0.00,לא מנהל יחידת מידה,false,1,33.90,0.0000,true,1,8008
8714789582764,false,אג'קס ספריי לניקוי חלונות ומשטחים,קולגייט-פלמוליב,GR,"אגקס לניקוי חלונות טריגר 750 מ""ל",מיליליטרים,750.00,"100 מ""ל",false,1,16.90,2.2533,true,1,30214
8714789740058,false,מברשת שיניים טוויסטר סופט קולגייט 2 יחידות,הנסיך- מפעל לייצור ט,CN,קולגייט מברשת טוויסטר זוג סופט,יחידה,1.00,יחידה,false,1,19.90,19.9000,true,1,25766
8715035150300,false,"רוטב סויה קיקומן ללא מ""ל 250 גלוטן",קיקומן פודז יורופ בי,NL,רוטב סויה קיקומן ללא גלוטן 250 מל,מיליליטרים,250.00,"100 מ""ל",false,1,23.90,9.5600,true,1,41081
8715300238306,false,פריקו חמאה ללא מלח 200 גרם,פריזלנד קמפינה,NL,חמאה הולנדית פריקו 200גרם,גרמים,200.00,100 גרם,false,1,14.90,7.4500,true,1,54038
8715700115344,false,"מתבל עגבניות היינץ 460 גר' כשל""פ",אייץ'. ג'יי. היינץ פ,ES,מתבל עגבניות היינץ 460 גרם,גרמים,460.00,100 גרם,false,1,8.90,1.9348,true,1,35381
8715700419695,true,רוטב ברביקיו מתוק,ה.י.היינץ הולדינג בי,NL,היינץ רוטב ברביקיו מתוק 500 גרם,גרמים,500.00,100 גרם,false,1,21.90,4.3800,true,1,42215
8715700419732,false,מתבל עגבניות היינץ 700 גרם,ה.י. היינץ,NL,היינץ מתבל עגבניות 700 גרם,גרמים,700.00,100 גרם,false,1,13.90,1.9857,true,1,28064
8715700421322,true,רוטב ברביקיו צילי,ה.י היינץ הולדינג בי,NL,היינץ רוטב ברביקיו צ'ילי 490 גרם,יחידה,1.00,יחידה,false,1,21.90,21.9000,true,1,42214
8715700422367,false,היינץ מיונז לייט 420 גרם כשלפ,היינץ מנופקצ'רינג ספ,ES,"מיונז לייט היינץ 420 גרם כשל""פ",גרמים,420.00,100 גרם,false,1,14.50,3.4524,true,1,33823
8715700423906,false,היינץ מתבל עגבניות מופחת סוכר ומלח 50/50 550 גרם,היינץ צפון אמריקה מק,NL,היינץ מתבל עגבניות 50/50 550 גרם,גרמים,555.00,100 גרם,false,1,11.90,2.1441,true,1,38357
8717163658314,true,תחליב רחצה דאב sensi,יוניליוור גרמניה Gmb,DE,תחליב רחצה דאב sensitive skin עם מים מיס,Unknown,0.00,Unknown,false,1,19.90,0.0000,true,1,41702
8717163842669,false,"תחליב רחצה חימר ירוק purifing דאב 500 מ""ל",יוניליוור גרמניה,DE,DOVE ג'ל רחצה 500 ML,מיליליטרים,500.00,"100 מ""ל",false,1,19.90,3.9800,true,1,44707
8717163842676,false,"תחליב רחצה חימר ורוד renewing glow דאב 500 מ""ל",יוניליוור גרמניה Gmb,DE,DOVE ג'ל רחצה 500 ML,מיליליטרים,500.00,"100 מ""ל",false,1,19.90,3.9800,true,1,44502
8717644390566,false,סבון מוצר רביעיה תמצית מלפפון ותה ירוק,יוניליוור גרמניה (בו,DE,סבון מוצק תמצית מלפפון דאב רביעייה,גרמים,400.00,100 גרם,false,1,21.90,5.4750,true,1,22410
8717677336616,false,שוקולד מריר עם שקדים ומלח טוניס' שוקולונלי 180 גרם,טוניס/שוקולונלי,NL,שוקולד מריר עם שקדים ומלח טוניס,גרמים,180.00,100 גרם,false,1,19.90,11.0556,true,1,52464
8717677336630,false,שוקולד חלב עם שקדים ודבש טוניס' שוקולונלי 180 גרם,טוניס/שוקולונלי,NL,שוקולד חלב עם שקדים ודבש טוניס,גרמים,180.00,100 גרם,false,1,19.90,11.0556,true,1,52462
8717677336654,false,טוניס - שוקולד חלב מעולה עם שברי קרמל מלוח,טוניס/שוקולונלי,NL,שוקולד חלב מעולה עם שברי קרמל מלוח 180 ג,גרמים,180.00,100 גרם,false,1,19.90,11.0556,true,1,53966
8717677336661,false,שוקולד מריר 70% טוניס' שוקולונלי 180 גרם,טוניס/שוקולונלי,NL,טוניס' שוקולונלי - שוקולד מריר מעולה 70%,גרמים,180.00,100 גרם,false,1,19.90,11.0556,true,1,52463
8717677338436,false,שוקולד חלב עם אגוזי לוז טוניס' שוקולונלי 180 גרם,טוניס/שוקולונלי,NL,שוקולד חלב עם אגוזי לוז קצוצים טוניס,גרמים,180.00,100 גרם,false,1,19.90,11.0556,true,1,52461
8718114724485,false,מיונז לחיץ הלמנס 705,יוניליוור,GB,מיונז הלמנס לחיץ 750 גרם,גרמים,750.00,100 גרם,false,1,24.90,3.3200,true,1,54284
8718951030206,false,"קולגייט סנסיטיב פרוטקשן משחת שיניים לשיניים רגישות 75 מ""ל",קולגייט-פלמוליב,PL,"קולגייט סנסטיב מולטי פרוטקשן 75 מ""ל",מיליליטרים,75.00,"100 מ""ל",false,1,19.90,26.5333,true,1,45554
8718951166288,false,"משחת שיניים קולגייט מקס וייט 125 מ""ל",הנסיך- מפעל לייצור ט,PL,קולגייט משחת שיניים מקס וייט 125 מל,מיליליטרים,100.00,"100 מ""ל",false,1,16.90,16.9000,true,1,40156
8718951222779,false,"מרידול פור משחה לשיניים וחניכיים בריאות 75 מ""ל",קולגייט פלמוליב,PL,"מרידול פור משחת שיניים וחניכיים 75 מ""ל",יחידה,1.00,יחידה,false,1,26.90,26.9000,true,1,43867
8718951236790,false,"קולגייט טוטאל משחת שיניים קלין מינט לפה בריא 100 מ""ל",קולגייט פלמוליב,PL,"משחת שיניים קולגייט טוטל משפחתי 100 מ""ל",מיליליטרים,100.00,"100 מ""ל",false,1,17.90,17.9000,true,1,41520
8718951264618,false,"קולגייט אופטיק וייט פחם צ'רקול משחת שיניים, 75 מ""ל",קולגייט-פלמוליב,PL,"קולגייט אופטיק וייט פחם פעיל 75 מ""ל",מיליליטרים,75.00,"100 מ""ל",false,1,29.90,39.8667,true,1,45553
8718951313927,false,"סבון ידיים משאבה פלמוליב חימר טונוס 300 מ""ל",פלמוליב Palmolive,TR,"פלמוליב סבון ידיים חימר טונוס 300 מ""ל",מיליליטרים,300.00,"100 מ""ל",false,1,11.90,3.9667,true,1,49389
8718951333048,false,"פלמוליב סבון לידיים למטבח, 300 מ""ל",הנסיך- מפעל לייצור ט,IT,פלמוליב סבון ידיים למנרטל ריחות למטבח 300 מל,מיליליטרים,300.00,"100 מ""ל",false,1,11.90,3.9667,true,1,50696
8718951385290,false,נוזל לניקוי כללי ורצפות אג'קס 2 ליטר,קולגייט פלמוליב,GR,נוזל לניקוי כללי ורצפות אג'קס 2 ליטר,ליטרים,2.00,ליטר,false,1,22.90,11.4500,true,1,50146
8718951443358,false,"סבון ידיים פלמוליב מארז שלישייה 900 מ""ל",CP - Turkey+60,TR,פלמוליב סבון ידיים היגיינה שלישייה,יחידה,1.00,יחידה,false,1,27.90,27.9000,true,1,51063
8719200998001,false,מרגרינה לאפיה ובישול בלי מלח 200 ג' בלו בנד,יוניליוור ישראל מזון בע\,IL,בלו בנד עם מלח 200 גרם,גרמים,200.00,100 גרם,false,1,4.70,2.3500,true,1,44539
8719200998018,false,מחמאה מרגרינה בטעם חמאה בלובנד 200 גרם,"מיוצר ע""\י יוניליוור ישר",IL,מרגרינה בטעם חמאה מחמאה 200 גרם,גרמים,200.00,100 גרם,false,1,5.30,2.6500,true,1,24
8720100012445,false,וופל טוסט בלגי 6 יח 250 גרם בקרסלנד,דה בנקט גרופ,NL,ופל טוסט בלגי 12 יחידות 250 גרם,גרמים,250.00,100 גרם,false,1,12.90,5.1600,true,1,18634
8720181045639,false,"דאב דאו ספריי א.פ טלק סופט 150 מ""ל","יוניליוור אנגליה, דרך קו",RU,דאב דאודורנט ספריי טלק סופט 150 מל,מיליליטרים,150.00,"100 מ""ל",false,1,19.90,13.2667,true,1,51143
8720181114489,false,"אקס - דאודורנט ספריי לגבר בלק 150 מ""ל",יוניליוור,GB,"ספריי אקס שחור 150 מ""ל",מיליליטרים,150.00,"100 מ""ל",false,1,13.90,9.2667,true,1,53329
8720181114496,false,"אקס - דאודורנט ספריי לגבר שוקולד 150 מ""ל",יוניליוור,GB,"ספרי גוף אקס שוקולד 150 מ""ל",מיליליטרים,150.00,"100 מ""ל",false,1,13.90,9.2667,true,1,53330
8720182990396,false,תה ליפטון שחור קלאסי,ליפטון,GB,"תה ליפטון שחור קלאסיק, 180 גרם",גרמים,180.00,100 גרם,false,1,14.90,8.2778,true,1,54120
8801055707010,false,נסקפה קפוצינו קלאסיק 10*12.5 גרם,נסטלה קוריאה - קפה,KR,נסקפה קפוצ'ינו קלאסיק 12 10*12.5גרם,גרמים,125.00,100 גרם,false,1,20.00,16.0000,true,1,26225
8801055707966,false,קפה טייסטר צו'יס נס קפה בריסטה 180ג',נסטלה קוריאה - קפה,KR,נסקפה טייסטר צויס בריסטה 180 גרם,גרמים,180.00,100 גרם,false,1,35.90,19.9444,true,1,33604
8801055709465,false,אבקה להכנת משקה קפה בטעם קפוצ'ינו וניל,נסטלה קוריאה - קפה,KR,אבקה להכנת משקה קפה בטעם וניל 18.5 גרם,גרמים,19.00,100 גרם,false,1,21.90,115.2632,true,1,53059
8801055709472,false,נסטלה - נסקפה קפוצ'ינו קלאסי 12.50 גרם * 10,נסטלה קוריאה - קפה,KR,אבקה להכנת משקה קפה בטעם קפוצינו 125 גר,גרמים,125.00,100 גרם,false,1,21.90,17.5200,true,1,53060
8802241132821,false,חטיף אצות קלויות עם מלח 3 * 13.5 ג',"מאן גו'ן פוד בע""מ",KR,חטיף אצות 3 יח,גרמים,14.00,100 גרם,false,1,12.90,92.1429,true,1,38284
8850161160851,false,"קוקו מקס 100% מי קוקוס 350 מ""ל",טויו סייקאן קו.אל.טי.די,TH,"קוקו מקס 100% מי קוקוס 350 מ""ל",מיליליטרים,350.00,"100 מ""ל",false,1,9.50,2.7143,true,1,41956
8850161166204,false,"קרם קוקוס 17-19% 500 מ""ל - AMPAWA",אמפווה קוקונט פרודקט,TH,"אמפווה קרם קוקוס 500 מ""ל",מיליליטרים,500.00,"100 מ""ל",false,1,12.90,2.5800,true,1,43942
8850161167041,false,"קוקו וואי משקה קוקוס 270 מ""ל",טויו טייקאן קו.אל.טי.די,TH,"קוקו וואי משקה קוקוס 270 מ""ל",מיליליטרים,270.00,"100 מ""ל",false,1,9.50,3.5185,true,1,41957
8850206250592,false,רוטב צ'ילי סריראצ'ה 540 גרם,יאן וואל יון קו.לטד,TH,רוטב צילי סריראצה 540 גרם,גרמים,540.00,100 גרם,false,1,19.90,3.6852,true,1,53337
8850367994021,false,"רוטב צ'ילי מתוק ללא סוכר מזרח ומערב ללא גלוטן 280 מ""ל",c coconut Theppadungporn,TH,"רוטב צילי מתוק ללא סוכר 280 מ""ל (כ)(ללא גלוטן)",מיליליטרים,280.00,"100 מ""ל",false,1,11.90,4.2500,true,1,52662
8850389103111,false,סאפי משקה אלוורה בטעם ענבים 300מל,סאפה פובליק קומפני ל,TH,"סאפה אלוורה ענבים בקבוק 300 מ""ל",מיליליטרים,300.00,"100 מ""ל",false,1,7.90,2.6333,true,1,7214
8850389103128,false,סאפי משקה אלוורה בטעם תפוח 300מל,סאפה פובליק קומפני ל,TH,"סאפה תפוח בקבוק 300 מ""ל 24 יח",מיליליטרים,300.00,"100 מ""ל",false,1,7.90,2.6333,true,1,7215
8850389103159,false,"משקה ליצ'י עם חתיכות גלי קוקוס 320 מ""ל מוגו מוגו",סאפה פובליק קומפני לימיט,TH,מוגו מוגו ליצ'י עם חתיכות ג'לי קוקוס,מיליליטרים,320.00,"100 מ""ל",false,1,7.90,2.4687,true,1,52574
8850389104637,false,"משקה קל סאפה אלוורה אפרסק 300 מ""ל",סאפה פובליק קומפני ל,TH,"סאפה אלוורה אפרסק בקבוק 300 מ""ל",מיליליטרים,300.00,"100 מ""ל",false,1,7.90,2.6333,true,1,20537
8850389105825,false,משקה אלוורה בטעם ענבים סאפה 1 ליטר,סאפה פובליק קומפני לימיט,TH,סאפה משקה אלוורה בטעם ענבים,ליטרים,1.00,ליטר,false,1,15.90,15.9000,true,1,22322
8850389105832,false,סאפה משקה אלוורה בטעם תפוח עם קוביות אלוורה 1 ליטר,סאפה פובליק קומפני לימיט,TH,סאפה תפוח אלוורה בקבוק ליטר,ליטרים,1.00,ליטר,false,1,15.90,15.9000,true,1,22777
8850389105849,false,סאפה משקה אלוורה מופחת קלוריות בטעם אפרסק 1 ליטר,סאפה פובליק קומפני לימיט,TH,סאפה אפרסק אלוורה בקבוק ליטר,ליטרים,1.00,ליטר,false,1,15.90,15.9000,true,1,22323
8850389111352,false,"משקה מלון עם חתיכות גלי קוקוס 320 מ""ל מוגו מוגו",סאפה פובליק קומפני לימיט,TH,מוגו מוגו מלון עם חתיכות ג'לי קוקוס,מיליליטרים,320.00,"100 מ""ל",false,1,7.90,2.4687,true,1,52575
8850389115312,false,"סאפה אלוורה מלון בקבוק 300 מ""ל",סאפה פובליק קומפני ל,TH,"סאפה אלוורה מלון בקבוק 300 מ""ל",מיליליטרים,330.00,"100 מ""ל",false,1,7.90,2.3939,true,1,38102
8850389115336,false,משקה אלוורה בטעם מלון סאפה 1 ליטר,סאפה פובליק קומפני לימיט,TH,סאפה משקה אלוורה בטעם מלון,ליטרים,1.00,ליטר,false,1,15.90,15.9000,true,1,38103
8850632604259,false,"יוגטה, חיספוסים, ממתק חמוץ בצורת מקלות בטעם תות שדה,50 גרם",ג'נרל קנדי בעמ,TH,ממתק תות שדה בצורת מקלות יוגטה 50 גרם,גרמים,50.00,100 גרם,false,1,5.90,11.8000,true,1,21511
8850632604266,false,"יוגטה, ממתק חמוץ בצורת מקלות בטעם קולה, 50 גרם",ג'נרל קנדי בעמ,TH,"יוגטה, ממתק חמוץ בצורת מקלות בטעם קולה, 50 גרם",גרמים,50.00,100 גרם,false,1,5.90,11.8000,true,1,21500
8850632604372,false,"יוגטה, חיספוסים בצורת שטיח בטעם תות שדה 50 גרם",ג'נרל קנדי בעמ,TH,ממתק תות שדה בצורת שטיח יוגטה 50 גרם,גרמים,50.00,100 גרם,false,1,5.90,11.8000,true,1,21501
8850632604402,false,יוגטה חיספוסים בטעם מעורב תות שדה אבטיח ענבים בננה 50 גרם,"ג'נרל קנדי בע""מ",TH,ממתק תות ענבים בצורת שטיח יוגטה 50 גרם,גרמים,50.00,100 גרם,false,1,5.90,11.8000,true,1,21502
8852633020403,false,פניני טפיוקה 500 גרם (כשר),super j internationa,TH,פניני טפיוקה 500 ג,גרמים,500.00,100 גרם,false,1,12.90,2.5800,true,1,52656
8858271002870,false,רוטב פאד תאי 250 מ'ל - מקסצ'אפ,"ייאן וואל יון בע""מ",TH,מזרח ומערב רוטב פאד תאי 250 מל,מיליליטרים,250.00,"100 מ""ל",false,1,13.90,5.5600,true,1,52640
8858271002887,false,רוטב טריאקי 250 מ'ל - מקסצ'אפ,דאנינג יוה פודס קו,TH,מזרח ומערב רוטב טריאקי 250 מל,מיליליטרים,250.00,"100 מ""ל",false,1,12.90,5.1600,true,1,52644
8858271003921,false,רוטב קארי אדום 250 מ'ל - מקסצ'אפ,יאן וואל יאן,TH,רוטב קארי אדום 250 מל,מיליליטרים,250.00,"100 מ""ל",false,1,13.90,5.5600,true,1,52658
8858271003938,false,רוטב קארי ירוק 250 מ'ל - מקסצ'אפ,"ייאן וואל יון בע""מ",TH,מזרח ומערב רוטב קארי ירוק 250 מל,מיליליטרים,250.00,"100 מ""ל",false,1,13.90,5.5600,true,1,52657
8858271004034,false,רוטב צ'ילי חריף 700 מ'ל מקסצ'אפ,דאנינג יוה פודס קו,TH,מזרח ומערב רוטב צ'ילי חריף 700 מל,מיליליטרים,700.00,"100 מ""ל",false,1,16.90,2.4143,true,1,52847
8858271004300,false,רוטב טריאקי 700 מ'ל מקסצ'אפ,דאנינג יוה פודס קו,TH,רוטב טריאקי 700 מל מקסצאפ,מיליליטרים,700.00,"100 מ""ל",false,1,21.90,3.1286,true,1,52653
8858271005451,false,"רוטב סויה פורמולה 1 - 250 מ""ל מקסצ'אפ",yan wal yun corpara,TH,"רוטב סויה פורמולה 1 - 250 מ""ל מקסצאפ",מיליליטרים,250.00,"100 מ""ל",false,1,12.90,5.1600,true,1,52661
8888021200256,false,סוללות אנרג'ייזר AA מקס 8 יחידות,יצרן: אנרג'ייזר סינג,SG,סוללת אנרג'ייזר AA,Unknown,0.00,Unknown,false,1,28.90,0.0000,true,1,2907
8888021200720,false,סוללות אנרג'ייזר AAA מקס 8 יחידות,יצרן: אנרג'ייזר סינג,SG,סוללת אנרג'ייזר AAA,Unknown,0.00,Unknown,false,1,28.90,0.0000,true,1,2223
8901537024014,false,DAAWAT אורז בסמטי מובחר ויליפוד 1 קג,הנסיך- מפעל לייצור ט,IN,אורז בסמטי 1 DAAWAT קג,קילוגרמים,1.00,"ק""ג",false,1,14.90,14.9000,true,1,21702
8901571011018,false,סנסודיין שלישייה מב.שיניים סנסטיב סופט,הנקל,DE,מברשת שיניים סנסודיין שלישייה,יחידה,3.00,יחידה,false,1,13.90,4.6333,true,1,53443
8906059700385,false,תבשיל הודי צאנה מסאלה עם חומוס 300 גרם,טייסט'ל פיין פוד פי,IN,טייסטל תבשיל הודי צאנה מסאלה עם חומוס 3,גרמים,300.00,100 גרם,false,1,19.90,6.6333,true,1,53644
8906059700408,false,תבשיל הודי דאל מקאני עם שעועית 300 גרם,טייסט'ל פיין פוד פי,IN,טייסטל תבשיל הודי דאל מקאני עם שעועית 300 גרם,גרמים,300.00,100 גרם,false,1,19.90,6.6333,true,1,53646
8906059700507,false,תבשיל הודי דאל טדקה עם עדשים 300 גרם,טייסט'ל פיין פוד פי,IN,טייסטל תבשיל הודי דאל טדקה עם עדשים 300,גרמים,300.00,100 גרם,false,1,19.90,6.6333,true,1,53645
8994692446296,false,קונוס 40 חום *,מירה פרואין,ID,קונוס 40 חום,יחידה,1.00,יחידה,false,1,29.90,29.9000,false,1,46365
9002975393836,false,סוכריות גילי הריבו האפי קולה 70 גרם,"האריבו , ג'\י.אם.בי.אייץ",AT,סוכריות גומי בטעם קולה 70 גרם,גרמים,70.00,100 גרם,false,1,8.90,12.7143,true,1,50914
9002975393843,false,סוכריות גילי הריבו גולדברס 70 גרם,"האריבו , ג'\י.אם.בי.אייץ",AT,סוכריות גומי בטעמי פירות דובונים 70 גרם,גרמים,70.00,100 גרם,false,1,8.90,12.7143,true,1,50915
9002975393850,false,סוכריות גילי הריבו וורמס 70 גרם,"האריבו , ג'\י.אם.בי.אייץ",AT,סוכריות גומי בטעמי פירות נחשים 70 גרם,גרמים,70.00,100 גרם,false,1,8.90,12.7143,true,1,50916
9044400841000,false,בובת פז Pez + שלוש יחידות סוכריות למילוי,פז Pez,HU,סוכריות פז בובה,גרמים,26.00,100 גרם,false,1,13.90,53.4615,true,1,1970
9044400851672,false,סוכריות פז סוגים שונים + 3 מילויים,פז פרודקשיין יורו,HU,סוכריות פז בובה,גרמים,26.00,100 גרם,false,1,13.90,53.4615,true,1,53034
9120025834723,false,חטיף אוראו מצונן 120 גרם,בובארד איטליה אס.פי.,IT,חטיפי אוראו מצונן 120גרם מאגדת,גרמים,120.00,100 גרם,false,1,15.90,13.2500,true,1,53954
9120025839896,false,חטיף מילקה מצונן 128 גרם,בובארד איטליה אס.פי.,IT,חטיפי מילקה מצונן 128גרם מאגדת,גרמים,128.00,100 גרם,false,1,15.90,12.4219,true,1,53955
9310072028743,false,טים טם ביסקוויט במילוי שוקולד 200 גרם,"ארנוטס ביסקוויטס בע""",AU,טים טם אורגינל 200 גר,גרמים,200.00,100 גרם,false,1,21.90,10.9500,true,1,32959
9310072028750,false,טים טם Tim Tam וופל שוקולד ציפוי כפול,"ארנוטס ביסקוויטס בע""",AU,טים טם דאבל 200 גר,גרמים,200.00,100 גרם,false,1,21.90,10.9500,true,1,32781
9322969000015,false,פריכיות תירס בטעם אורגינל ריל פודס 150 ג',אף.סי תבליני בגליל ב,AU,רילפוד- פריכיות תירס בטעם טבעי 150 גר',גרמים,150.00,100 גרם,false,1,14.90,9.9333,true,1,22306
9322969000022,false,"ריל פוד פריכיות תירס עם סויה וזרעי פשתן, ללא גלוטן 150 גרם",אף.סי תבליני בגליל ב,AU,פריכיות תירס עם סויה וזרעי פשת 150 גרם,גרמים,150.00,100 גרם,false,1,14.90,9.9333,true,1,22307
9322969000039,true,פריכיות תירס עם 4 דג,אף.סי תבליני בגליל ב,AU,פריכיות תירס עם 4 דגנים מלאים,גרמים,150.00,100 גרם,false,1,14.90,9.9333,true,1,39812
9322969000046,false,פריכיות תירס שומשום אורגני ריל פודס 150 ג',אף.סי תבליני בגליל ב,AU,ריל פוד פריכיות תירס עם שומשום 150 גרם,גרמים,150.00,100 גרם,false,1,14.90,9.9333,true,1,22308
9421018071508,false,מאד האוס סובינ.בלאן750מל,קוואליטי ווין,NZ,מאד האוס כשר סוביניון בלאן כשר,מיליליטרים,750.00,"100 מ""ל",false,1,64.90,8.6533,true,1,43967
9720188050109,false,ממרח על בסיס סויה בסגנון גבינה טופוטי 225 גרם,טופוטי ברנדס אינק.ג',IL,טופוטי - ממרח טופו בטעם גבינה - 225 גר,גרמים,225.00,100 גרם,false,1,24.90,11.0667,true,1,1978
9720188060108,false,ממרח על בסיס סויה בסגון שמנת טופוטי 340 גרם,טופוטי ברנדס אינק.ג',IL,טופוטי - ממרח טופו בטעם שמנת - 340 גר',גרמים,360.00,100 גרם,false,1,24.90,6.9167,true,1,51432
