code,internal_code,name,manufacturer_name,manufacture_country,manufacturer_item_description,unit_qty,quantity,unit_of_measure,weighted,qty_in_package,price,unit_of_measure_price,allow_discount,status,item_id
40434230,false,מברשת כלים 105 ק,המברשת רוחמה,IL,מברשת כלים,יחידה,1.00,יחידה,false,0,11.10,11.10,true,1,
40434995,false,מברשת כלים רגילה ק55,המברשת רוחמה,IL,מברשת כלים רגי,יחידה,1.00,יחידה,false,0,6.00,6.00,true,1,
42102021,false,מסטיק אורביט פרופשונל10י,ריגלי,PL,מסטיק אורביט,יחידה,1.00,יחידה,false,0,3.80,3.80,true,1,
42123873,false,אורביט פרופשיונל ספירמיט,ריגלי,PL,מסטיק אורביט,יחידה,1.00,יחידה,false,0,3.80,3.80,true,1,
42124351,false,סוכ.מינטס ט.מנטה קלאסי18,ריגלי,PL,סוכריות מינטס,גרמים,18.00,100 גרם,false,0,3.30,18.33,true,1,
42138105,false,וינסטון סופר סלימס כחול,jti,CH,וינסטון סופר חפ.,יחידה,1.00,יחידה,false,0,32.00,32.00,false,1,
42149996,false,"בירה בקס בקבוק 275 מ""ל",CO AND BECK,DE,בירה בקס בקבוק,מיליליטרים,275.00,"100 מ""ל",false,1,8.90,3.24,true,1,
42154662,false,אורביט בטעם ספירמינט 27ג,ריגלי,FR,מסטיק אורביט,גרמים,27.00,100 גרם,false,0,6.30,23.33,true,1,
42155461,false,סוכ.מינטס פירות יער18גרם,ריגלי,PL,סוכריות מינטס,גרמים,18.00,100 גרם,false,0,3.30,18.33,true,1,
42247722,false,פייב אסנשיאל אבטיח19גרם,ריגלי,FR,מסטיק פייב,גרמים,19.00,100 גרם,false,0,5.00,26.32,true,1,
42247746,false,פייב אסנשיאל אגס+ליים19ג,ריגלי,FR,מסטיק פייב,גרמים,19.00,100 גרם,false,1,5.00,26.32,true,1,
42268246,false,פייב אסנשיאל פירות יער19,ריגלי,FR,מסטיק פייב,גרמים,19.00,100 גרם,false,1,5.00,26.32,true,1,
42268253,false,אורביט בליסטר אוכמניות14,ריגלי,PL,אורביט בליסטר,גרמים,14.00,100 גרם,false,0,3.80,27.14,true,1,
42268413,false,פייב אסנשיאל פ.טרופיים19,ריגלי,FR,מסטיק פייב,גרמים,19.00,100 גרם,false,1,5.00,26.32,true,1,
42268451,false,אורביט מעטפה וויט לימון,ריגלי,FR,אורביט מעטפה,גרמים,27.00,100 גרם,false,1,6.30,23.33,true,1,
46024817,false,נקסט חפיסה,פיליפ מוריס,,נקסט יח',יחידה,1.00,יחידה,false,0,29.00,29.00,false,1,
46024824,false,נקסט חפיסה,פיליפ מוריס,,נקסט יח',יחידה,1.00,יחידה,false,0,29.00,29.00,false,1,
54051140,false,אלפרו מעדן ט.וניל 125X4ג,אלפרו,BE,מעדן סויה 4יח',גרמים,500.00,100 גרם,false,0,19.80,3.96,true,1,
72917275,false,ופל טורטית 40 גרם,עלית,IL,וופל טורטית,גרמים,40.00,100 גרם,false,0,4.50,11.25,true,1,
72917367,false,חטיף טעמי 40 גרם,עלית,IL,חטיף טעמי,גרמים,40.00,100 גרם,false,0,4.50,11.25,true,1,
72917589,false,מקופלת חלב 25 גרם,עלית,IL,מקופלת חלב,גרמים,25.00,100 גרם,false,0,4.50,18.00,true,1,
72918388,false,חטיף טויסט 28 גרם,עלית,IL,חטיף טוויסט,גרמים,28.00,100 גרם,false,0,4.50,16.07,true,1,
72940754,false,"מילקי בטעם וניל 170 מ""ל",שטראוס,IL,מילקי טעם וניל,מיליליטרים,170.00,"100 מ""ל",false,0,2.80,1.65,true,1,
72940761,false,"מילקי בטעם שוקולד 170מ""ל",שטראוס,IL,מילקי טעם שוקולד,מיליליטרים,170.00,"100 מ""ל",false,0,2.80,1.65,true,1,
72945308,false,קוביות שמרים לחים אפיה50,פאקא,IL,קוביות שמרים,גרמים,50.00,100 גרם,false,0,3.60,7.20,true,1,
72961506,false,פרילי תות 1.5% 125 גרם,תנובה,IL,פרילי תות,גרמים,125.00,100 גרם,false,0,3.60,2.88,true,1,
72961513,false,"פרילי משמש 125 מ""ל",תנובה,IL,פרילי משמש,מיליליטרים,125.00,"100 מ""ל",false,0,3.60,2.88,true,1,
72961520,false,פרילי אננס 1.5% 125 גרם,תנובה,IL,פרילי אננס 1.5%,גרמים,125.00,100 גרם,false,0,3.60,2.88,true,1,
72961544,false,באדי תות 3% 125 גרם,תנובה,IL,מעדן באדי תות 3%,גרמים,125.00,100 גרם,false,0,2.80,2.24,true,1,
72963104,false,חמאה 100 גרם,תנובה,IL,חמאה,גרמים,100.00,100 גרם,false,0,3.80,3.80,true,1,
72963753,false,שמ.של פעם חמוצה27% 200ג,תנובה,IL,שמנת חמוצה תנובה,גרמים,200.00,100 גרם,false,0,3.90,1.95,true,1,
72964132,false,פרילי טבע גרנולה 200 גרם,תנובה,IL,פרילי טבע גרנולה,גרמים,200.00,100 גרם,false,0,4.90,2.45,true,1,
72964422,false,"יוגורט תנובה 4.5% 200מ""ל",תנובה,IL,יוגורט תנובה4.5%,מיליליטרים,200.00,"100 מ""ל",false,0,2.80,1.40,true,1,
72983225,false,מעדן מילקי הפוך 11% 170מ,שטראוס,IL,מעדן מילקי הפוך,מיליליטרים,170.00,"100 מ""ל",false,0,4.00,2.35,true,1,
72983416,false,ל.מ. בלו ארוך בוקס חפ,פיליפ מוריס,,ל.מ בלו חפ.,יחידה,1.00,יחידה,false,0,33.00,33.00,false,1,
72983454,false,גולף סלימס,,,גולף סלימס,יחידה,1.00,יחידה,false,0,29.00,29.00,false,1,
72983997,false,גולף גולד,,,גולף גולד,יחידה,1.00,יחידה,false,0,29.00,29.00,false,1,
72984000,false,גולף סילבר,,,גולף סילבר,יחידה,1.00,יחידה,false,0,29.00,29.00,false,1,
72991428,false,ברודווי 100 יח,,IL,ברודווי 100 יח,יחידה,1.00,יחידה,false,0,28.00,28.00,false,1,
72991510,false,מונטנה פילטר חפיסה,"דובק בע""מ",IL,מונטנה פילטר,יחידה,1.00,יחידה,false,0,29.00,29.00,false,1,
72993477,false,ל.מ וייב סלימס חפיסה,פיליפ מוריס,,ל.מ וייב חפ.,יחידה,1.00,יחידה,false,0,33.00,33.00,false,1,
72993637,false,דני שוקולד 1.5% 125 גרם,שטראוס,IL,דני שוקולד 1.5%,גרמים,125.00,100 גרם,false,0,2.70,2.16,true,1,
72993927,false,נקסט 100 חפיסה,פיליפ מוריס,,נקסט 100 חפיסה,יחידה,1.00,יחידה,false,0,29.00,29.00,false,1,
76136184,false,פאל מאל סופר סלים בלו חפ,bat,CH,פאל מאל חפיסה,יחידה,1.00,יחידה,false,0,29.00,29.00,false,1,
76136191,false,פאל מאל סופר סלים אורנג',bat,CH,פאל מאל חפיסה,יחידה,1.00,יחידה,false,0,29.00,29.00,false,1,
78009226,false,דאו.דאב סטיק אורגינל50ג,יוניליוור,PH,דאו.דאב,גרמים,50.00,100 גרם,false,0,32.70,65.40,true,1,
80042556,false,עגבניות מרוסקות,,,עגבניות מרוסקות,גרמים,400.00,100 גרם,false,0,6.80,1.70,true,1,
80042563,false,רסק עגבניות,,,רסק עגבניות,גרמים,700.00,100 גרם,false,0,12.80,1.83,true,1,
80050124,false,טיק טק סוכריות מנטה16גרם,פררו - אלבה,EC,סוכריות טיק טק,גרמים,16.00,100 גרם,false,0,3.50,21.88,true,1,
80177616,false,אצבעות שוקולד קינדר100גר,פררו - אלבה,IT,שוקולד קינדר,גרמים,100.00,100 גרם,false,0,9.00,9.00,true,1,
80761761,false,קינדר בואנו לבן 19.5*2גר,פררו - אלבה,,קינדר בואנו לבן,גרמים,39.00,100 גרם,false,0,5.50,14.10,true,1,
80769699,false,מנטוס וויט פירות מנטה60ג,פרפטי ואן מלה,TR,מנטוס וויט,גרמים,60.00,100 גרם,false,0,10.90,18.17,true,1,
80828174,false,מנטוס וויט מנטה מתוקה60ג,פרפטי ואן מלה,TR,מנטוס וויט,גרמים,60.00,100 גרם,false,0,10.90,18.17,true,1,
80828266,false,מסטיק מנטוס מנטה 90 גרם,פרפטי ואן מלה,TR,מסטיק מנטוס,גרמים,90.00,100 גרם,false,0,18.60,20.67,true,1,
80850885,false,מנטוס וויט מנטה עדינה60ג,פרפטי ואן מלה,TR,מנטוס וויט,גרמים,60.00,100 גרם,false,0,10.90,18.17,true,1,
80859741,false,מסטיק מנטוס בקב.פירות60ג,פרפטי ואן מלה,TR,מנטוס בקבוק,גרמים,60.00,100 גרם,false,1,10.80,18.00,true,1,
80927679,false,מסטיק מנטוס בקבוק מנטה60,פרפטי ואן מלה,TR,מנטוס בקבוק,גרמים,60.00,100 גרם,false,1,10.80,18.00,true,1,
80949411,false,מסט.מנטוס בק.מנטה עדינ60,פרפטי ואן מלה,TR,מנטוס בקבוק,גרמים,60.00,100 גרם,false,1,10.80,18.00,true,1,
80949466,false,מנטוס בקבוק פירות מנטה60,פרפטי ואן מלה,TR,מנטוס בקבוק,גרמים,60.00,100 גרם,false,1,10.80,18.00,true,1,
87108651,false,מנטוס מנטה 4יח37.5X'גרם,פרפטי ואן מלה ברדה,NL,מנטוס מנטה 4 יח',גרמים,150.00,100 גרם,false,0,11.30,7.53,true,1,
87108712,false,מנטוס טעם פירות4יח37.5Xג,פרפטי ואן מלה ברדה,NL,מנטוס פירות 4,גרמים,150.00,100 גרם,false,0,11.30,7.53,true,1,
87304787,false,מנטוס BOX פירות 64 גרם,פרפטי ואן מלה ברדה,NL,סוכריות מנטוס,גרמים,64.00,100 גרם,false,0,7.20,11.25,true,1,
11210000094,false,"רוטב טבסקו 60 מ""ל",ניצן,US,רוטב טבסקו,מיליליטרים,60.00,"100 מ""ל",false,0,12.80,21.33,true,1,
13495113506,false,קליק ביסקוויט 75 גרם,יוניליוור,IL,קליק ביסקוויט,גרמים,75.00,100 גרם,false,0,6.40,8.53,true,1,
13495113513,false,קליק שוקולד חלב 75 גרם,יוניליוור,IL,קליק שוקולד,גרמים,75.00,100 גרם,false,0,6.40,8.53,true,1,
13495113537,false,קליק חום לבן מעורב 75 גר,יוניליוור,IL,קליק מעורב,גרמים,75.00,100 גרם,false,0,6.40,8.53,true,1,
13495113582,false,קליק כריות 75 גרם,יוניליוור,IL,קליק כריות,גרמים,75.00,100 גרם,false,0,6.40,8.53,true,1,
16000548404,false,חטיף נייטשר ואלי ש.שועל5,ג'נרל מילס,US,חטיף נייטשר ואלי,גרמים,210.00,100 גרם,false,0,21.90,10.43,true,1,
16000548909,false,נייטשר וואלי גרנולה 5יח',ג'נרל מילס,US,חטיף נייטשר ואלי,גרמים,210.00,100 גרם,false,0,21.90,10.43,true,1,
18000701223,false,תערובת לעוגת שוקולד500גר,ג'נרל מילס,IL,תערובת לעוגה,גרמים,500.00,100 גרם,false,0,15.00,3.00,true,1,
22200956932,false,ספיד סטיק ג'ל 24/7 כחול,קולגייט-פלמוליב,US,דאודורנט ג'ל,גרמים,85.00,100 גרם,false,0,35.00,41.18,true,1,
24000154617,false,אננס שלם בסירופ,,,אננס שלם בסירופ,גרמים,825.00,100 גרם,false,0,10.40,1.26,true,1,
24000170013,false,אננס חתוך,,,אננס חתוך,גרמים,825.00,100 גרם,false,0,10.80,1.31,true,1,
25675120020,false,םרג 100 לטפ םעטב םיצוצמח,ירוג,BE,חמצוצים פטל,גרמים,100.00,100 גרם,false,0,9.30,9.30,true,1,
28200106902,false,מרלבורו גולד קצר בוקס10י,פיליפ מוריס,US,מרלבורו גולד ק,יחידה,1.00,יחידה,false,0,340.00,340.00,false,1,
33617340610,false,פת פריכה שיפון,,IL,פת פריכה שיפון,גרמים,250.00,100 גרם,false,0,14.40,5.76,true,1,
34000146208,false,נטיפי שוקולד לאפייה283גר,הרשי שוקולד,US,נטיפי שוקולד,גרמים,283.00,100 גרם,false,1,15.90,5.62,true,1,
36000258660,false,קלינקס לושן,,IL,קלינקס לושן,יחידה,1.00,יחידה,false,0,17.70,17.70,true,1,
37600110754,false,חמאת בוטנים קלאסיק462גרם,סקיפי פודס ל.ל.סי.,US,חמאת בוטנים,גרמים,462.00,100 גרם,false,1,17.90,3.87,true,1,
37600207188,false,חמאת בוטנים קלאסי 462גרם,הורמל,US,חמאת בוטנים,גרמים,462.00,100 גרם,false,0,17.90,3.87,true,1,
37600207256,false,חמאת בוטנים+שברי בוטנ462,הורמל,US,חמאת בוטנים,גרמים,462.00,100 גרם,false,0,17.90,3.87,true,1,
38000844966,false,חטיף פרינגלס אורגינל161ג,פרוקטר & גמבל,IL,חטיף פרינגלס,גרמים,161.00,100 גרם,false,0,10.90,6.77,true,1,
38000844973,false,חטיף פרינגלס ברביקיו169ג,פרוקטר & גמבל,IL,חטיף פרינגלס,גרמים,169.00,100 גרם,false,0,10.90,6.45,true,1,
38000845000,false,פרינגלס שמנת בצל 169 גר,פרוקטר & גמבל,US,פרינגלס שמנת בצל,גרמים,169.00,100 גרם,false,0,10.90,6.45,true,1,
41390000027,false,"רוטב סויה קיקומן 296 מ""ל",קיקומן פודז אינק,US,רוטב סויה קיקומן,מיליליטרים,296.00,"100 מ""ל",false,0,15.90,5.37,true,1,
46214731552,false,עוגיות שוקולד צ'יפס225גר,מרבה,NL,עוגיות ש.צ'יפס,גרמים,225.00,100 גרם,false,0,12.00,5.33,true,1,
50000225224,false,פריסקיז פריים הודו 156גר,נסטלה פורינה,US,פריסקיז הודו,גרמים,156.00,100 גרם,false,1,6.60,4.23,true,1,
50000429042,false,פנסי פיסט כבד ועוף 85גרם,נסטלה פורינה,US,פנסי פיסט חתול,גרמים,85.00,100 גרם,false,0,6.30,7.41,true,1,
50000429646,false,פנסי פיסט דג אוקיאנוס85ג,נסטלה פורינה,US,פנסי פיסט לחתול,גרמים,85.00,100 גרם,false,0,6.30,7.41,true,1,
50000429844,false,פנסי פיסט הודו ועוף 85גר,נסטלה פורינה,US,פנסי פיסט לחתול,גרמים,85.00,100 גרם,false,0,6.30,7.41,true,1,
52100070865,false,"תמצית וניל טהור 29 מ""ל",מקורמיק האנט ואלי,US,תמצית וניל,מיליליטרים,29.00,"100 מ""ל",false,0,17.90,61.72,true,1,
55500012046,false,כלורקס מרסס,,US,כלורקס מרסס,מיליליטרים,946.00,"100 מ""ל",false,0,18.00,1.90,true,1,
64144090020,false,תרסיס שמן זית 141 גרם,קונגרה,IL,תרסיס שמן זית,גרמים,141.00,100 גרם,false,0,13.90,9.86,true,1,
64144090051,false,"תרסיס שמן קנולה 148 מ""ל",קונגרה,US,תרסיס שמן קנולה,מיליליטרים,148.00,"100 מ""ל",false,0,13.90,9.39,true,1,
77245110597,false,סוכריות מאסט לימון 80גרם,עלית,PL,סוכריות מאסט,גרמים,80.00,100 גרם,false,0,8.50,10.63,true,1,
77245110610,false,סוכריות מאסט מנטה 80 גרם,עלית,PL,סוכריות מאסט,גרמים,80.00,100 גרם,false,0,8.50,10.63,true,1,
77245111136,false,סוכ.מאסט ריבת חלב 80 גרם,עלית,PL,סוכריות מאסט,גרמים,80.00,100 גרם,false,0,8.50,10.63,true,1,
77975091524,false,שברי בייגלה קרמל-מלוח100,סניידרס,US,שברי בייגלה קרמל,גרמים,100.00,100 גרם,false,1,7.80,7.80,true,1,
77975091791,false,טורטיות צ'יפס מסעדות354ג,סניידרס,US,טורטיות צ'יפס,גרמים,354.00,100 גרם,false,1,13.90,3.93,true,1,
639138513238,false,פילה הרינג,,DE,פילה הרינג,גרמים,190.00,100 גרם,false,0,14.50,7.63,true,1,
645692555935,false,עוג.מצה עשירה מדליון350ג,"אחים פפושדו ובניהם בע""מ",IL,עוג.מצה מדליון,גרמים,350.00,100 גרם,false,0,13.90,3.97,true,1,
645692555959,false,עוג.מצה עשירה פרח קטן400,"אחים פפושדו ובניהם בע""מ",IL,עוג.מצה עשירה,גרמים,400.00,100 גרם,false,0,13.90,3.48,true,1,
724353783822,false,"תמר מג'הול 1 ק""ג",מהדרין תנופורט,IL,"תמר מג'הול 1 ק""ג",קילוגרמים,1.00,"ק""ג",false,0,30.90,30.90,true,1,
769904000997,false,שקדי מרק,,IL,שקדי מרק,גרמים,200.00,100 גרם,false,0,13.80,6.90,true,1,
830296000466,false,אבקה להכנת פנקייק 400 גר,מצות ראשון לציון,IL,אבקה לפנקייק,גרמים,400.00,100 גרם,false,0,12.00,3.00,true,1,
830296000596,false,מצה מצופה שוק+סוכריות200,אם החיטה,IL,מצות מצופות,גרמים,200.00,100 גרם,false,1,12.90,6.45,true,1,
830296000602,false,מצה מצופה שוק+קוקוס200גר,אם החיטה,IL,מצות מצופות,גרמים,200.00,100 גרם,false,1,12.90,6.45,true,1,
835811006053,false,קורנפלור 200 גרם,הנמל,IL,קורנפלור 200 גרם,גרמים,200.00,100 גרם,false,0,4.60,2.30,true,1,
839762000658,false,נקטר גויאבה איילנד 1 ל',אדיר,EG,נקטר איילנד,ליטרים,1.00,ליטר,false,0,10.80,10.80,true,1,
852273003048,false,בירה סטארופמן,,CZ,בירה סטארופמן,מיליליטרים,500.00,"100 מ""ל",false,0,9.90,1.98,true,1,
856591000062,false,עוגיות מזרחיות מלח400גרם,עבאדי,IL,עוגיות מזרחיות,גרמים,400.00,100 גרם,false,0,13.90,3.48,true,1,
856591000109,false,עוגיות מזרחיות פריכות400,עבאדי,IL,עוגיות מזרחיות,גרמים,400.00,100 גרם,false,0,13.90,3.48,true,1,
884912014252,false,פוסט הני בנצ'ס אלמונד411,פוסט,US,דגני הני בנצ'ס,גרמים,411.00,100 גרם,false,0,25.70,6.25,true,1,
3046920028363,false,שוק.לינדט אקסלנס85% 100ג,לינדט ושפרונגלי קילשברג,FR,שוקולד לינדט 85%,גרמים,100.00,100 גרם,false,0,17.40,17.40,true,1,
3059940007768,false,אירויק ספריי וניל 240 מל,רקיט בנקיזר,GB,אירויק ספריי,מיליליטרים,240.00,"100 מ""ל",false,0,10.00,4.17,true,1,
3059943016507,false,אירויק ספריי לבנדר 240מל,רקיט בנקיזר,GB,אירויק ספריי,מיליליטרים,240.00,"100 מ""ל",false,0,10.00,4.17,true,1,
3068320017846,false,מים מינרליים,,IL,מים מינרליים,ליטרים,1.00,ליטר,false,0,15.10,15.10,true,1,
3147699100639,false,"וויסקי לייבל 5 750 מ""ל",BLENDING FIRST,GB,וויסקי לייבל 5,מיליליטרים,750.00,"100 מ""ל",false,1,79.90,10.65,true,1,
3179732348913,false,מים מינרליים פרייה 1ליטר,'פרייה ורגז,FR,פרייה מים מינרל.,ליטרים,1.00,ליטר,false,1,9.90,9.90,true,1,
3228022910023,false,חמאה פרזידנט 200 גרם,פרזידנט,FR,חמאה פרזידנט,גרמים,200.00,100 גרם,false,0,10.90,5.45,true,1,
3387390320244,false,דגני בוקר פיטנס+פירות375,נסטלה,FR,דגני פיטנס,גרמים,375.00,100 גרם,false,0,18.90,5.04,true,1,
3387390525960,false,קראנץ' דגני בוקר 500 גרם,נסטלה,FR,קראנץ דגני בוקר,גרמים,500.00,100 גרם,false,0,25.00,5.00,true,1,
3563490014898,false,חרדל דיזון לחיץ ריין265ג,ריין דיג'ון,FR,חרדל דיז'ון,גרמים,265.00,100 גרם,false,0,12.50,4.72,true,1,
3574660026887,false,ג'ונסון בייבי טלק 200גרם,ג'ונסון,IT,טלק ג'ונסון,גרמים,200.00,100 גרם,false,0,23.10,11.55,true,1,
3574660115154,false,32 טמפוני או בה סופר,ג'ונסון,DE,טמפוני או בה,יחידה,1.00,יחידה,false,0,36.80,36.80,true,1,
3574660235197,false,32 או בה פרוקומפורט סופר,ג'ונסון,AT,טמפוני או בה,יחידה,1.00,יחידה,false,0,38.20,38.20,true,1,
3574660322651,false,קרפרי רגיל טנגה לבן 58יח,ג'ונסון,IT,קרפרי רגיל טנגה לבן 58יח,יחידה,1.00,יחידה,false,0,23.40,23.40,true,1,
3574660322675,false,קרפרי טנגה מבושם 58 יח',ג'ונסון,IT,קרפרי טנגה פרש,יחידה,1.00,יחידה,false,0,23.40,23.40,true,1,
3574660514643,false,"קרם ר""ש ניוטרוג'ינה 300מ",ג'ונסון,IL,"קרם ר""ש ניוטרוגי",מיליליטרים,300.00,"100 מ""ל",false,0,19.90,6.63,true,1,
3574660619652,false,אלסבון ג'ונסון +לחות750מ,ג'ונסון,IT,אל סבון ג'ונסון,מיליליטרים,750.00,"100 מ""ל",false,0,23.40,3.12,true,1,
3574660620436,false,אלסב.ג'ונסון לפני שינ750,ג'ונסון,IT,אל סבון ג'ונסון,מיליליטרים,750.00,"100 מ""ל",false,0,23.40,3.12,true,1,
3600522050278,false,סובלים פרש ג'ל ניקוי 150,קלסרואה,FR,ג'ל ניקוי פנים,מיליליטרים,150.00,"100 מ""ל",false,0,30.00,20.00,true,1,
3600522713364,false,מרכך אלביב 6 שמנים 400 מ,קוסמטיקס,TR,מרכך אלביב,מיליליטרים,400.00,"100 מ""ל",false,1,19.90,4.98,true,1,
3600523154814,false,מרכך אלביב טוטל ריפר600מ,קוסמטיקס,TR,מרכך אלביב,מיליליטרים,600.00,"100 מ""ל",false,1,15.90,2.65,true,1,
3600523154838,false,שמפו אלביב קולור פרופ600,קוסמטיקס,TR,שמפו אלביב,מיליליטרים,600.00,"100 מ""ל",false,1,15.90,2.65,true,1,
3600523154869,false,שמפו אלביב רה-נוטרישן600,קוסמטיקס,TR,שמפו אלביב,מיליליטרים,600.00,"100 מ""ל",false,1,15.90,2.65,true,1,
3600523159178,false,מרכך אלביב רה-נוטרישן600,קוסמטיקס,TR,מרכך אלביב,מיליליטרים,600.00,"100 מ""ל",false,1,15.90,2.65,true,1,
3600541126046,false,ק.ידיים גרנייה אלוורה100,סופרויאל,IL,ק.ידיים גרנייה אלוורה100,מיליליטרים,100.00,"100 מ""ל",false,0,10.00,10.00,true,1,
3600541269262,false,לחות עור מעורב מויסט מאץ,סופרויאל,FR,לחות עור מעורב,מיליליטרים,50.00,"100 מ""ל",false,0,35.00,70.00,true,1,
3661163934952,false,דאו.סטיק אדידס אייס 51גר,COTY,MC,דאודורנט אדידס,גרמים,51.00,100 גרם,false,0,28.70,56.27,true,1,
3661163970448,false,דאו.אדידס A3 פרש לגבר200,COLEPCCL,PT,דאודורנט אדידס,מיליליטרים,200.00,"100 מ""ל",false,0,14.90,7.45,true,1,
4000417019004,false,שוקולד ריטר חלב אגוז100ג,ריטר,DE,שוקולד ריטר,גרמים,100.00,100 גרם,false,0,9.80,9.80,true,1,
4000417023001,false,שוקולד ריטר חלב שקד100גר,ריטר,DE,שוקולד ריטר,גרמים,100.00,100 גרם,false,0,9.80,9.80,true,1,
4000417289001,false,שוק.ריטר ספורט אספרסו100,ריטר,DE,שוקולד ריטר,גרמים,100.00,100 גרם,false,0,9.80,9.80,true,1,
4000417294005,false,שוק.ריטר חלב קרם קקאו100,ריטר,DE,שוקולד ריטר,גרמים,100.00,100 גרם,false,0,9.80,9.80,true,1,
4000508037351,false,קפה קרונונג פילטר 250גרם,מונדלייז,DE,קפה קרונונג,גרמים,250.00,100 גרם,false,0,29.20,11.68,true,1,
4002448017684,false,"סיליט באנג ספריי 750 מ""ל",רקיט בנקיזר,IL,סיליט באנג ספריי,מיליליטרים,750.00,"100 מ""ל",false,0,14.90,1.99,true,1,
4005808702169,false,תחליב גוף ניוואה רגיל500,ביירסדורץ,IL,תחליב גוף ניוואה,מיליליטרים,500.00,"100 מ""ל",false,0,25.00,5.00,true,1,
4005808817306,false,ג'ל גילוח ניוואה רגיל200,ביירסדורץ,DE,ג'ל גילוח ניוואה,מיליליטרים,200.00,"100 מ""ל",false,0,17.70,8.85,true,1,
4005808837137,false,קרם לחות אנטי אייג' 50מל,ביירסדורץ,IL,קרם לחות,מיליליטרים,50.00,"100 מ""ל",false,0,49.90,99.80,true,1,
4005808890507,false,"ניוואה סופט 200 מ""ל",ביירסדורץ,ES,קרם ניוואה סופ,מיליליטרים,200.00,"100 מ""ל",false,0,24.90,12.45,true,1,
4005900816108,false,ניוואה רולאון יבש לגבר50,ביירסדורץ,DE,דאודורנט ניוואה,מיליליטרים,50.00,"100 מ""ל",false,0,15.00,30.00,true,1,
4006067060977,false,קפה נמס אספרסו דוידוף100,מ.דוידס,PL,קפה נמס אספרסו,גרמים,100.00,100 גרם,false,0,25.10,25.10,true,1,
4006952005779,false,עוג.סנדוויץ ממולא ל.ג300,קופרנט פיינבק ג'י אם בי,DE,עוגיות סנדוויץ,גרמים,300.00,100 גרם,false,1,14.90,4.97,true,1,
4009300522935,false,תה ירוק לימונית+לואיזה20,טייקנה,DE,תה ירוק לואיזה,גרמים,30.00,100 גרם,false,0,22.00,73.33,true,1,
4009300526438,false,תה ירוק קלאסי 20 שקיקים,טייקנה,DE,תה ירוק פומפדור,גרמים,30.00,100 גרם,false,0,22.00,73.33,true,1,
4009900360937,false,איירווייז מיני אקליפטו42,ריגלי,PL,איירווייז מיני,גרמים,42.00,100 גרם,false,0,6.50,15.48,true,1,
4009900376600,false,איירווייז מיני אוכמניו42,ריגלי,PL,איירווייז מיני,גרמים,42.00,100 גרם,false,0,6.50,15.48,true,1,
4009900405713,false,איירווייז מיני אניס+מנ42,ריגלי,PL,איירווייז מיני,גרמים,42.00,100 גרם,false,0,6.50,15.48,true,1,
4009900420303,false,אורביט פרופשנ.ספירמינ3יח,ריגלי,PL,אורביט שלישייה,גרמים,42.00,100 גרם,false,0,9.30,22.14,true,1,
4009900465304,false,סוכריות סקיטלס חמוץ174גר,ריגלי,CZ,סוכריות סקיטלס,גרמים,174.00,100 גרם,false,0,9.80,5.63,true,1,
4009900479998,false,אורביט אוכמניות בקבוק64ג,ריגלי,PL,אורביט בקבוקון,גרמים,64.00,100 גרם,false,0,10.90,17.03,true,1,
4009900482417,false,אורביט באבל מינט בקבוק64,ריגלי,PL,אורביט באבל מינט,גרמים,64.00,100 גרם,false,0,10.90,17.03,true,1,
4009900484091,false,אורביט בקבוק M ספירמינ84,ריגלי,PL,אורביט בקבוק,גרמים,84.00,100 גרם,false,0,14.90,17.74,true,1,
4009900484305,false,אורביט בקבוקMסוויטמינט84,ריגלי,PL,אורביט בקבוק,גרמים,84.00,100 גרם,false,0,14.90,17.74,true,1,
4009900487283,false,אורביט סטיקס פירות 5יח',ריגלי,FR,מארז אורביט,גרמים,65.00,100 גרם,false,0,10.90,16.77,true,1,
4009900488709,false,מיני וויט מנטה3י14*גרם,ריגלי,PL,אורביט מיני וויט,גרמים,42.00,100 גרם,false,0,6.50,15.48,true,1,
4009900488891,false,מיני וויט פירות3יח14*גרם,ריגלי,PL,אורביט מיני וויט,גרמים,42.00,100 גרם,false,0,6.50,15.48,true,1,
4009900504126,false,אורביט פפרמינט grab&go,ריגלי,PL,מסטיק אורביט,גרמים,56.00,100 גרם,false,1,11.90,21.25,true,1,
4009900504218,false,אורביט תפוז בקבוקון64ג,ריגלי,PL,אורביט בקבוקון,גרמים,64.00,100 גרם,false,1,10.90,17.03,true,1,
4011800251550,false,קונפיטורת דובדבן שחור340,Schwartauer,IL,קונפיטורת דובדבן,גרמים,340.00,100 גרם,false,0,14.90,4.38,true,1,
4011800628512,false,קורני חט.דגנים+שוקולד6יח,Schwartauer,DE,קורני חטיף דגנים,גרמים,150.00,100 גרם,false,0,12.80,8.53,true,1,
4011800630515,false,קורני 6חט.דגנים+שוק+בננה,Schwartauer,DE,קורני חטיף דגנים,גרמים,150.00,100 גרם,false,0,12.80,8.53,true,1,
4014400400007,false,טופיפי 125 גרם,שטורק,DE,טופיפי,גרמים,125.00,100 גרם,false,0,13.90,11.12,true,1,
4014400901191,false,בונבוניירה מרסי 250 גרם,שטורק,DE,בונבוניירת מרסי,גרמים,250.00,100 גרם,false,0,29.60,11.84,true,1,
4014400903409,false,בונ.טופיפי 250 גרם,שטורק,DE,בונבונ. טופיפי,גרמים,250.00,100 גרם,false,0,27.80,11.12,true,1,
4014400907902,false,סוכ.וורטר ל.סוכר בוקס42ג,שטורק,DE,סוכריות וורטר,גרמים,42.00,100 גרם,false,0,6.70,15.95,true,1,
4014400914696,false,סוכ.חמאה וורטר ל.סוכר80ג,שטורק,DE,סוכריות וורטר,גרמים,80.00,100 גרם,false,0,10.00,12.50,true,1,
4014400914924,false,סוכ.וורטר ללא סוכר קפה80,שטורק,DE,סוכריות וורטר,גרמים,80.00,100 גרם,false,0,10.00,12.50,true,1,
4015000280372,false,דאו.רול און FA פור מא50מ,הנקל סוד,DE,דאודורנט FA,מיליליטרים,50.00,"100 מ""ל",false,0,9.90,19.80,true,1,
4015000995122,false,דאו. פה כח המשיכה 200 מל,הנקל סוד,DE,דאודורנט פה,מיליליטרים,200.00,"100 מ""ל",false,0,9.90,4.95,true,1,
4015400057369,false,12 אולוויז עבה לילה,פרוקטר & גמבל,DE,תחבושות אולוויז,יחידה,1.00,יחידה,false,0,16.80,16.80,true,1,
4015400285809,false,20 טמפקס קומפאק רגולר,פרוקטר & גמבל,HU,טמפקס קומפאק,יחידה,1.00,יחידה,false,0,30.10,30.10,true,1,
4015400286059,false,20 טמפקס קומפאק סופר,פרוקטר & גמבל,HU,טמפקס קומפאק,יחידה,1.00,יחידה,false,0,30.10,30.10,true,1,
4015400428657,false,15 אולוויז עבה לונג+,פרוקטר & גמבל,DE,15 אולוויז עבה לונג+,יחידה,1.00,יחידה,false,0,16.80,16.80,true,1,
4015400428688,false,16 אולוויז עבה נורמל+,פרוקטר & גמבל,DE,תחבושות אולוויז,יחידה,1.00,יחידה,false,0,16.80,16.80,true,1,
4015400536857,false,30 פמפרס פרימיום שלב0,פרוקטר & גמבל,IL,פמפרס פרימיום,יחידה,1.00,יחידה,false,0,36.00,36.00,true,1,
4015400598329,false,56אולוויז קוואטרו נורמל+,פרוקטר & גמבל,IL,תחבושות אולוויז,יחידה,1.00,יחידה,false,0,42.50,42.50,true,1,
4015400649724,false,46פמפרס אקטיב בייבי שלב4,פרוקטר & גמבל,IL,חיתולי פמפרס,יחידה,1.00,יחידה,false,0,51.50,51.50,true,1,
4015400649762,false,40פמפרס אקטיבבייבי שלב+4,פרוקטר & גמבל,IL,חיתולי פמפרס,יחידה,1.00,יחידה,false,0,51.50,51.50,true,1,
4015400649809,false,36פמפרס אקטיב בייבי שלב5,פרוקטר & גמבל,IL,חיתולי פמפרס,יחידה,1.00,יחידה,false,0,51.50,51.50,true,1,
4015400669098,false,52 מגן תח.אולוייז דואו N,פרוקטר & גמבל,DE,מגן תחתון אולויז,יחידה,1.00,יחידה,false,1,19.90,19.90,true,1,
4015400675860,false,32 תח.אולוויז דואו נורמל,פרוקטר & גמבל,IL,תחבושות אולוויז,יחידה,1.00,יחידה,false,0,24.90,24.90,true,1,
4015400681670,false,18אולוייז לילה וליו פק,,,תחבושות אולוייז,יחידה,1.00,יחידה,false,0,24.90,24.90,true,1,
4015400699811,false,28תח.אולוייז דואו נורמל+,,,תחבושות אולוייז,יחידה,1.00,יחידה,false,0,24.90,24.90,true,1,
4015400700111,false,24 תח.אולוייז דואו לונג,,,תחבושות אולוייז,יחידה,1.00,יחידה,false,0,24.90,24.90,true,1,
4015400742791,false,42מגן תח.אולוייז דואו L,פרוקטר & גמבל,DE,מגן תחתון אולויז,יחידה,1.00,יחידה,false,1,19.90,19.90,true,1,
4015600581992,false,65טבליות פיירי הכל ב1,פרוקטר & גמבל,GB,טבליות למדיח,יחידה,1.00,יחידה,false,0,49.90,49.90,true,1,
4015600763251,false,שמפו הד&שולדרס קלאסי 600,פרוקטר & גמבל,IL,שמפו הד&שולדרס,מיליליטרים,600.00,"100 מ""ל",false,0,28.70,4.78,true,1,
4015600763299,false,"הד&שולדרס 2ב1- 600 מ""ל",פרוקטר & גמבל,IL,שמפו הד&שולדרס,מיליליטרים,600.00,"100 מ""ל",false,0,28.70,4.78,true,1,
4015600763534,false,הד&שולדרס מגע משי 600מ,פרוקטר & גמבל,IL,שמפו הד&שולדרס,מיליליטרים,600.00,"100 מ""ל",false,0,28.70,4.78,true,1,
4015600768966,false,הד&שולדרס עם לחות 600מ,פרוקטר & גמבל,IL,שמפו הד&שולדרס,מיליליטרים,600.00,"100 מ""ל",false,0,28.70,4.78,true,1,
4015600770488,false,מרכך פנטן שמן משקם 600 מ,פרוקטר & גמבל,FR,מרכך פנטן שמן,מיליליטרים,600.00,"100 מ""ל",false,0,24.90,4.15,true,1,
4015600815318,false,שמפו פנטן מגע קטיפתי600מ,פרוקטר & גמבל,FR,שמפו פנטן,מיליליטרים,600.00,"100 מ""ל",false,0,24.90,4.15,true,1,
4015600815356,false,מרכך פנטן למגע משי 600 מ,פרוקטר & גמבל,FR,מרכך פנטן,מיליליטרים,600.00,"100 מ""ל",false,0,24.90,4.15,true,1,
4015600815394,false,"פנטן 2ב1 מגע משי 600 מ""",פרוקטר & גמבל,FR,פנטן 2ב1 מגע משי,מיליליטרים,600.00,"100 מ""ל",false,0,24.90,4.15,true,1,
4015600815516,false,שמפ.פנטן נוסחה קלאסית600,פרוקטר & גמבל,FR,שמפו פנטן,מיליליטרים,600.00,"100 מ""ל",false,0,24.90,4.15,true,1,
4015600815592,false,שמפו+מרכך פנטן קלאסי600מ,פרוקטר & גמבל,FR,שמפו + מרכך פנטן,מיליליטרים,600.00,"100 מ""ל",false,0,24.90,4.15,true,1,
4015600815639,false,"שמפו פנטן טבע 600 מ""ל",פרוקטר & גמבל,FR,שמפו פנטן טבע,מיליליטרים,600.00,"100 מ""ל",false,0,24.90,4.15,true,1,
4017100291005,false,ביסקוויט שוקולד מריר125ג,באלסן,DE,ביסקוויט שוקולד,גרמים,125.00,100 גרם,false,0,13.90,11.12,true,1,
4017100364112,false,עוג.סנדוויץ היט קקאו220ג,באלסן,PL,עוגיות סנדוויץ,גרמים,220.00,100 גרם,false,1,9.90,4.50,true,1,
4025700001023,false,שוקולד אגוזים מילקה100גר,מונדלייז,DE,שוקולד מילקה,גרמים,100.00,100 גרם,false,0,9.40,9.40,true,1,
4033100014499,false,אל די כחול חפיסה,jti,TR,אל די כחול חפיסה,יחידה,1.00,יחידה,false,0,27.00,27.00,false,1,
4033100014529,false,אל די סלימס חפיסה,jti,TR,אל די סלימס חפ.,יחידה,1.00,יחידה,false,0,27.00,27.00,false,1,
4033100014536,false,אל די סלימס 10 יח',jti,TR,אל די סלימס חב.,יחידה,1.00,יחידה,false,0,265.00,265.00,false,1,
4043400204988,false,מגב לחלונות,המברשת רוחמה,IL,מגב לחלונות,יחידה,1.00,יחידה,false,0,15.20,15.20,true,1,
4046234767650,false,קפה צ'יבו גולד סלקשין200,צ'יבו,PL,קפה צ'יבו,גרמים,200.00,100 גרם,false,1,20.80,10.40,true,1,
4046234794885,false,קפה צ'יבו בלאק נוויט200ג,צ'יבו,PL,קפה צ'יבו,גרמים,200.00,100 גרם,false,1,20.80,10.40,true,1,
4052197000017,false,"בירה בנדיקטינר 500 מ""ל",בנדיקטינר וויצבראו,DE,בירה בנדיקטינר,מיליליטרים,500.00,"100 מ""ל",false,0,12.80,2.56,true,1,
4084500078758,false,אריאל פודס קפסולות 28 יח,פרוקטר & גמבל,IL,אריאל פודס,יחידה,1.00,יחידה,false,0,47.90,47.90,true,1,
4084500078796,false,אריאל פודס קולור 28 יח,פרוקטר & גמבל,IL,אריאל פודס קולור,יחידה,1.00,יחידה,false,0,47.90,47.90,true,1,
4084500513723,false,אריאל ג'ל נח.מרענן2.47ל,פרוקטר & גמבל,IL,אריאל ג'ל נח.מרענן2.47ל,ליטרים,2.47,ליטר,false,0,36.60,14.82,true,1,
4084500853553,false,פיירי אורגינל 650מל,פרוקטר & גמבל,GB,נוזל כלים פיירי,מיליליטרים,650.00,"100 מ""ל",false,1,8.90,1.37,true,1,
4084500853690,false,פיירי תפוז 650מל,פרוקטר & גמבל,GB,נוזל כלים פיירי,מיליליטרים,650.00,"100 מ""ל",false,1,8.90,1.37,true,1,
4084500853836,false,"פיירי ורדים ומשי 515 מ""ל",פרוקטר & גמבל,GB,פיירי נוזל לכלים,מיליליטרים,515.00,"100 מ""ל",false,1,8.90,1.73,true,1,
4084500853898,false,פיירי אלוורה/מלפפונים515,פרוקטר & גמבל,GB,פיירי נוזל לכלים,מיליליטרים,515.00,"100 מ""ל",false,1,11.90,2.31,true,1,
4101730040024,false,שוקולד פיסטוק מוצרט100ג,רבר,DE,שוקולד מוצרט,גרמים,100.00,100 גרם,false,1,15.90,15.90,true,1,
4603400000043,false,וודקה רוסקי,,,וודקה רוסקי,מיליליטרים,700.00,"100 מ""ל",false,0,89.90,12.84,true,1,
4603400000180,false,וודקה רוסקי,,RU,וודקה רוסקי,מיליליטרים,700.00,"100 מ""ל",false,0,89.90,12.84,true,1,
4751005700704,false,פילה מקרל במיץ טבעי170ג,PIEJURA,LV,פילה מקרל במיץ,גרמים,170.00,100 גרם,false,1,10.90,6.41,true,1,
4751005700803,false,פילה סלמון+רוטב עגבנ170ג,PIEJURA,LV,פילה סלמון ברוטב,גרמים,170.00,100 גרם,false,1,12.90,7.59,true,1,
4770209043431,false,חלב מרוכז ממותק,,LE,חלב מרוכז ממותק,גרמים,397.00,100 גרם,false,0,8.50,2.14,true,1,
4800888150103,false,דאו.דאב רול און כחול 50,יוניליוור,IL,דאודורנט דאב,מיליליטרים,50.00,"100 מ""ל",false,0,14.90,29.80,true,1,
4800888176714,false,רולאון רקסונה פריחה50 מל,יוניליוור,PH,דאודורנט רקסונה,מיליליטרים,50.00,"100 מ""ל",false,1,22.70,45.40,true,1,
4801234145125,false,גלייד נ.גז אושן בריז400מ,ג'ונסון,IL,מטהר אוויר גלייד,מיליליטרים,400.00,"100 מ""ל",false,0,12.90,3.23,true,1,
4820060250667,false,חורטיצה פלטינום,,,חורטיצה פלטינום,מיליליטרים,700.00,"100 מ""ל",false,0,59.90,8.56,true,1,
4891228430061,false,10 סכיני גילוח עם אלוורה,שיק,CN,סכיני גילוח,יחידה,1.00,יחידה,false,0,31.10,31.10,true,1,
5000146401568,false,וולייט 10 דפים שומרי צבע,רקיט בנקיזר,US,וולייט דפים,יחידה,1.00,יחידה,false,0,16.90,16.90,true,1,
5000204657913,false,קיווי משחה שחורה50מל,ג'ונסון,FR,קיווי משחה בשחור,מיליליטרים,50.00,"100 מ""ל",false,0,6.90,13.80,true,1,
5000204658064,false,קיווי ספוג הברקה שחור,ג'ונסון,FR,קיווי ספוג הברקה,יחידה,1.00,יחידה,false,0,17.30,17.30,true,1,
5010182997253,false,רייד מקס קוטל ג'וקים300מ,ג'ונסון,NL,רייד מקס,מיליליטרים,300.00,"100 מ""ל",false,0,10.00,3.33,true,1,
5010182997338,false,ט.דאק ג'ל אסלה ירוק55מל,DEOFLOR,GB,דאק ג'ל נוזלי,מיליליטרים,55.00,"100 מ""ל",false,0,7.90,14.36,true,1,
5010677551281,false,"בקרדי בריזר לימון 275מ""ל","בקרדי בע""מ",DE,בקרדי בריזר,מיליליטרים,275.00,"100 מ""ל",false,0,11.50,4.18,true,1,
5010677552387,false,"בקרדי בריזר אננס 275 מ""ל","בקרדי בע""מ",DE,בקרדי בריזר,מיליליטרים,275.00,"100 מ""ל",false,0,11.50,4.18,true,1,
5011417552247,false,אירוויק נטול גז לילך345מ,רקיט בנקיזר,PL,אירוויק מבשם,מיליליטרים,345.00,"100 מ""ל",false,0,14.90,4.32,true,1,
5013965747656,false,מרכך הד&שולדרס קלאסי400מ,פרוקטר & גמבל,IL,מרכך הד&שולדרס,מיליליטרים,400.00,"100 מ""ל",false,0,22.00,5.50,true,1,
5013965747687,false,מרכך הד&שולדרס מ.משי400מ,פרוקטר & גמבל,IL,מרכך הד&שולדרס,מיליליטרים,400.00,"100 מ""ל",false,0,22.00,5.50,true,1,
5014271300429,false,מעד.משמש ל.תוספת סוכר284,סאן דלפור - שמבור,IL,מעדן מישמש,גרמים,284.00,100 גרם,false,0,20.90,7.36,true,1,
5014271310428,false,מעדן דובדבן שחור 284 גרם,סאן דלפור - שמבור,FR,מעדן דובדבן שחור,גרמים,284.00,100 גרם,false,0,20.90,7.36,true,1,
5014271330426,false,מעדן אוכמניות כחולות284ג,סאן דלפור - שמבור,FR,מעדן אוכמניות,גרמים,284.00,100 גרם,false,0,20.90,7.36,true,1,
5014271350424,false,מעדן ארבעה פירות 284 גרם,סאן דלפור - שמבור,FR,מעדן 4 פירות,גרמים,284.00,100 גרם,false,0,20.90,7.36,true,1,
5014271360423,false,מעד.תפוז ללא תוס.סוכר284,סאן דלפור - שמבור,FR,מעדן תפוזים,גרמים,284.00,100 גרם,false,0,20.90,7.36,true,1,
5014271370422,false,מעדן אפרסק 284 גרם,סאן דלפור - שמבור,FR,מעדן אפרסק 284 גרם,גרמים,284.00,100 גרם,false,0,20.90,7.36,true,1,
5014271390420,false,מע.פטל ללא תוספת סוכר284,סאן דלפור - שמבור,FR,מעדן פטל,גרמים,284.00,100 גרם,false,0,20.90,7.36,true,1,
5014271400426,false,מעדן תות שדה 284 גרם,סאן דלפור - שמבור,FR,מעדן תות שדה 284 גרם,גרמים,284.00,100 גרם,false,0,20.90,7.36,true,1,
5014271560427,false,מעדן תפוז+ג'ינג'ר 284גרם,סאן דלפור - שמבור,FR,מעדן תפוז+ג'ינג'ר 284גרם,גרמים,284.00,100 גרם,false,0,20.90,7.36,true,1,
5014271796147,false,מעדן רימון ופטל 284 גרם,סאן דלפור - שמבור,FR,מעדן רימון ופטל,גרמים,284.00,100 גרם,false,0,20.90,7.36,true,1,
5029053002408,false,נ.ט. קלינקס לבן 9 גל.,חוגלה קימברלי,IL,נ.ט. קלינקס לבן 9 גל.,מטרים,276.00,100 מטר,false,0,36.90,13.37,true,1,
5029053002439,false,נ.ט.קלינקס צהוב 9 גל.,חוגלה קימברלי,GB,נ.ט.קלינקס צהוב 9 גל.,מטרים,276.00,100 מטר,false,0,36.90,13.37,true,1,
5029053009834,false,קלינקס קולקשן קוביה 56יח,חוגלה קימברלי,IL,ממחטות קלינקס,יחידה,1.00,יחידה,false,0,7.90,7.90,true,1,
5029053510811,false,28 תח.קוטקס נורמל כנפיים,חוגלה קימברלי,IL,תחבושות קוטקס,יחידה,1.00,יחידה,false,0,18.90,18.90,true,1,
5029053510828,false,24 תח.קוטקס אולטרא סופר,חוגלה קימברלי,IL,תחבושות קוטקס,יחידה,1.00,יחידה,false,0,18.90,18.90,true,1,
5029053534602,false,32 טמפוני קוטקס סופר,חוגלה קימברלי,CZ,טמפוני קוטקס,יחידה,1.00,יחידה,false,0,31.10,31.10,true,1,
5035766044772,false,סיידר תפוח 4 יח,,BE,סיידר תפוח 4 יח,ליטרים,1.32,ליטר,false,0,27.90,21.14,true,1,
5035766060253,false,"בירה מרפיס סטאוט 500 מ""ל",היינקן,IE,בירה מרפיס,מיליליטרים,500.00,"100 מ""ל",false,0,10.90,2.18,true,1,
5050083262548,false,ספיישל K פירות אדומים300,קלוג'ס,DE,קלוגס ספיישל K,גרמים,300.00,100 גרם,false,0,21.90,7.30,true,1,
5099864005202,false,סימילאק אדבנס+שלב 3 400ג,אבוט,IE,סימילאק אדבנס,גרמים,400.00,100 גרם,false,0,43.40,10.85,true,1,
5099864006711,false,סימילאק אדבנס+שלב 2 900ג,אבוט,IE,סימילאק אדבנס,גרמים,900.00,100 גרם,false,0,81.90,9.10,true,1,
5201940010110,false,זיתים שחורים קלמטה454גרם,,,זיתים שחורים קלמטה454גרם,גרמים,454.00,100 גרם,false,0,17.20,3.79,true,1,
5202300014472,false,"וולפלקס ספריי חזק 250מ""ל",פרוקטר & גמבל,DE,וולהפלקס ספריי,מיליליטרים,250.00,"100 מ""ל",false,0,37.70,15.08,true,1,
5400265027265,false,בונ.המלט צ'סטרפילד 125גר,גונץ,BE,בונבוניירה,גרמים,125.00,100 גרם,false,1,29.60,23.68,true,1,
5400265032337,false,בונ.המלט צ'סטפילד קרם125,גונץ,BE,בונבוניירה,גרמים,125.00,100 גרם,false,1,29.60,23.68,true,1,
5410076933129,false,אריאל שושן צחור 3קג,פרוקטר & גמבל,IL,אריאל שושן צחור,קילוגרמים,3.00,"ק""ג",false,0,39.90,13.30,true,1,
5410076933242,false,טייד אלפיין 3קג,פרוקטר & גמבל,IL,אבקת טייד אלפיין,קילוגרמים,3.00,"ק""ג",false,0,38.60,12.87,true,1,
5410126006087,false,ביסקוויט בטעם קרמל 700 ג,לוטוס ביקרי,BE,ביסקוויט לוטוס,גרמים,700.00,100 גרם,false,0,31.60,4.51,true,1,
5410126106183,false,ביסקוויט לוטוס ארוז 50יח,לוטוס ביקרי,BE,ביסקוויט לוטוס,גרמים,312.00,100 גרם,false,0,19.70,6.31,true,1,
5410126716016,false,ביסקוויט לוטוס ט.קרמל250,לוטוס ביקרי,BE,ביסקויט לוטוס,גרמים,250.00,100 גרם,false,0,12.70,5.08,true,1,
5410228142089,false,בירה לף בלונד בקבוק330מל,אינבב.ברוורייליין1,BE,בירה לף בלונד,מיליליטרים,330.00,"100 מ""ל",false,0,9.90,3.00,true,1,
5410316983693,false,"אייס סמירנוף בק275. מ""ל",IBBLS,IT,אייס סמירנוף,מיליליטרים,275.00,"100 מ""ל",false,0,10.90,3.96,true,1,
5411188081852,false,אלפרו סויה וניל 1 ליטר,אלפרו,IL,אלפרו סויה וניל,ליטרים,1.00,ליטר,false,0,16.50,16.50,true,1,
5411188094159,false,אלפרו מעדן ט.שוקולד125X4,אלפרו,IL,מעדן סויה 4יח',גרמים,500.00,100 גרם,false,0,19.80,3.96,true,1,
5411188106159,false,אלפרו סויה לייט טבעי 1 ל,אלפרו,IL,אלפרו סויה לייט,ליטרים,1.00,ליטר,false,0,14.80,14.80,true,1,
5411188110842,false,אלפרו משקה אגוזים 1 ליטר,אלפרו,IL,אלפלרו משקה אגוז,ליטרים,1.00,ליטר,false,0,16.80,16.80,true,1,
5411188300328,false,אלפרו סויה שוקו 1 ליטר,אלפרו,IL,אלפרו סויה שוקו,ליטרים,1.00,ליטר,false,0,16.50,16.50,true,1,
5411281421401,false,מבחר פרלינים,,BE,מבחר פרלינים,גרמים,250.00,100 גרם,false,0,43.60,17.44,true,1,
5411681014005,false,"בירה דובל 330מ""ל",דובל מורטגט,BE,בירה דובל,מיליליטרים,330.00,"100 מ""ל",false,0,16.90,5.12,true,1,
5411681038001,false,"מרדסו מעורפלת מאוד330מ""ל",דובל מורטגט,BE,בירה מרדסו,מיליליטרים,330.00,"100 מ""ל",false,0,16.90,5.12,true,1,
5413548280189,false,קינדר שוקובון 125 גרם,פררו - אלבה,BE,קינדר שוקובון,גרמים,125.00,100 גרם,false,0,14.60,11.68,true,1,
5600395030719,false,סרדין בשמן זית נפטון115ג,קלנג מקנאן,PT,סרדין בשמן זית,גרמים,115.00,100 גרם,false,0,7.90,6.87,true,1,
5601008200444,false,עוג.גודיס שוקולד חלב150ג,מרבה,NL,עוגיות גודיס,גרמים,150.00,100 גרם,false,0,9.80,6.53,true,1,
5701932026964,false,הוט פופ מלוח 100*6גר,פופז,IL,פופקורן הוט פופ,גרמים,600.00,100 גרם,false,0,15.90,2.65,true,1,
5701932026971,false,הוט פופ טעם חמאה100*6גר,פופז,US,פופקורן הוטפופ,גרמים,600.00,100 גרם,false,0,15.90,2.65,true,1,
5701932026995,false,פופקורן לייט הוט פופ510ג,פופז,IL,פופקורן למיקרו,גרמים,510.00,100 גרם,false,0,15.90,3.12,true,1,
5706516031358,false,הוטפופ 100קל' לאריזה160ג,פופז,US,הוט פופ 100 קל',גרמים,160.00,100 גרם,false,0,15.90,9.94,true,1,
5900020012814,false,נסקוויק דגני בוקר 500גרם,נסטלה,PL,דגני נסקוויק,גרמים,500.00,100 גרם,false,0,28.70,5.74,true,1,
5900020015174,false,פיטנס חטיף דגנים שוק6.יח,נסטלה,PL,חטיפי פיטנס 6 יח,גרמים,141.00,100 גרם,false,0,12.90,9.15,true,1,
5900020018908,false,פיטנס חט.דגנים ק.עוגיות6,נסטלה,PL,חטיפי פיטנס 6 יח,גרמים,141.00,100 גרם,false,0,12.90,9.15,true,1,
5900020022325,false,חטיף דגנים סיני מיניס6יח,נסטלה,PL,חטיפי סיני מיניס,גרמים,150.00,100 גרם,false,0,16.80,11.20,true,1,
5900020024817,false,חט.דגנים בר דליס שוק.לבן,.סי.פי,PL,חטיף דגנים פיטנס,גרמים,135.00,100 גרם,false,1,12.90,9.56,true,1,
5900020024848,false,חט.דגנים בר דליס שוק22*6,.סי.פי,PL,חטיף דגנים פיטנס,גרמים,135.00,100 גרם,false,1,12.90,9.56,true,1,
5900020025951,false,חטיף דגנ.גולדן מיניס 6יח,נסטלה,PL,חטיף גולדן מיניס,גרמים,150.00,100 גרם,false,1,16.80,11.20,true,1,
5900020026026,false,פיטנס בר שוקולד 23.5*12ג,.סי.פי,PL,פיטנס בר 12 יח',גרמים,282.00,100 גרם,false,1,22.90,8.12,true,1,
5906485301012,false,משקה אנרגיה XL,,IL,משקה אנרגיה XL,מיליליטרים,250.00,"100 מ""ל",false,0,4.10,1.64,true,1,
5906485301098,false,משקה אנרגיה,,IL,משקה אנרגיה,מיליליטרים,250.00,"100 מ""ל",false,0,4.10,1.64,true,1,
5948530002130,false,ווג ליידי כחול 10 יח',bat,PL,ווג ליידי 10יח,יחידה,1.00,יחידה,false,0,355.00,355.00,false,1,
6001067025122,false,קולגייט מקס פרש וויט100מ,קולגייט-פלמוליב,BR,משחת שיניים,מיליליטרים,100.00,"100 מ""ל",false,0,14.90,14.90,true,1,
6001298987930,false,גלייד לבנדר מילוי 269מל,vaill aerosol coster,TR,גלייד מילוי,מיליליטרים,269.00,"100 מ""ל",false,0,15.00,5.58,true,1,
6111094000013,false,"קוסקוס דארי 1 ק""ג",דארי קוספטה אל-זהרה,MA,קוסקוס דארי,קילוגרמים,1.00,"ק""ג",false,1,15.90,15.90,true,1,
6111094000259,false,קוסקוס דארי בינוני500גרם,דארי קוספטה אל-זהרה,MA,קוסקוס דארי,גרמים,500.00,100 גרם,false,1,9.80,1.96,true,1,
6487111125343,false,אדממה טבעי קלוי 100גרם,שונות,CN,אדממה טבעי קלוי,גרמים,100.00,100 גרם,false,0,9.80,9.80,true,1,
6944683366159,false,ערמונים קלופים קלויים100,צ'נגדה שנליפוד,CN,ערמונים קלופים,גרמים,100.00,100 גרם,false,1,6.90,6.90,true,1,
7290000000022,true,עגבניות חממה,קטיף,IL,עגבניות חממה,קילוגרמים,0.00,"ק""ג",true,0,5.90,5.90,true,1,
7290000000046,true,מלפפונים,קטיף,IL,מלפפונים,קילוגרמים,0.00,"ק""ג",true,0,5.90,5.90,true,1,
7290000000053,true,קישואים,קטיף,IL,קשואים,קילוגרמים,0.00,"ק""ג",true,0,8.90,8.90,true,1,
7290000000084,true,פלפל בהיר,שותפות מזרחי,IL,פלפל בהיר,קילוגרמים,0.00,"ק""ג",true,0,9.90,9.90,true,1,
7290000000091,true,פלפל אדום,קטיף,IL,פלפל אדום,קילוגרמים,0.00,"ק""ג",true,0,8.90,8.90,true,1,
7290000000107,true,פלפל כהה,קטיף,IL,פלפל כהה,קילוגרמים,0.00,"ק""ג",true,0,8.90,8.90,true,1,
7290000000114,true,חצילים,קטיף,IL,חצילים,קילוגרמים,0.00,"ק""ג",true,0,6.90,6.90,true,1,
7290000000121,true,גזר ארוז,קטיף,IL,גזר ארוז,קילוגרמים,0.00,"ק""ג",true,0,4.90,4.90,true,1,
7290000000138,true,כרוב לבן,קטיף,IL,כרוב לבן,קילוגרמים,0.00,"ק""ג",true,0,3.90,3.90,true,1,
7290000000145,true,כרוב אדום,קטיף,IL,כרוב אדום,קילוגרמים,0.00,"ק""ג",true,0,4.90,4.90,true,1,
7290000000176,true,כרובית,קטיף,IL,כרובית,קילוגרמים,0.00,"ק""ג",true,0,7.90,7.90,true,1,
7290000000183,true,סלק,קטיף,IL,סלק,קילוגרמים,0.00,"ק""ג",true,0,4.90,4.90,true,1,
7290000000220,true,קולורבי,קטיף,IL,קולורבי,קילוגרמים,0.00,"ק""ג",true,0,6.90,6.90,true,1,
7290000000282,true,חסה ערבית-יח',קטיף,IL,חסה ערבית-יח',יחידה,1.00,יחידה,false,0,5.90,5.90,true,1,
7290000000299,true,חסה עגולה-יח',קטיף,IL,חסה עגולה-יח',יחידה,1.00,יחידה,false,0,5.90,5.90,true,1,
7290000000374,true,שמפניון-יח',קטיף,IL,שמפניון-יח',יחידה,1.00,יחידה,false,0,9.90,9.90,true,1,
7290000000411,true,שום - רביעייה במארז,קטיף,XX,שום רביעייה,יחידה,1.00,יחידה,false,0,8.90,8.90,true,1,
7290000000428,true,בטטות מובחר,קטיף,IL,בטטות מובחר,קילוגרמים,0.00,"ק""ג",true,0,9.90,9.90,true,1,
7290000000435,true,סלרי עלים -יח',קטיף,IL,סלרי עלים -יח',יחידה,1.00,יחידה,false,0,6.90,6.90,true,1,
7290000000466,true,בצל ירוק יח',קטיף,IL,בצל ירוק-יח',יחידה,1.00,יחידה,false,0,5.90,5.90,true,1,
7290000000480,true,בצל יבש,קטיף,IL,בצל יבש,קילוגרמים,0.00,"ק""ג",true,0,3.90,3.90,true,1,
7290000000510,true,פטרוזיליה יח',קטיף,IL,פטרוזיליה-יח',יחידה,1.00,יחידה,false,0,4.90,4.90,true,1,
7290000000527,true,שמיר יח',קטיף,IL,שמיר יח',יחידה,1.00,יחידה,false,0,4.90,4.90,true,1,
7290000000534,true,סלרי ראש יח',קטיף,IL,סלרי ראש-יח',יחידה,1.00,יחידה,false,0,6.90,6.90,true,1,
7290000000541,true,שורש יח',קטיף,IL,שורש יח',יחידה,1.00,יחידה,false,0,6.90,6.90,true,1,
7290000000558,true,כוסברה יח',קטיף,IL,כוסברה יח',יחידה,1.00,יחידה,false,0,4.90,4.90,true,1,
7290000000565,true,נענע יח',קטיף,IL,נענע יח',יחידה,1.00,יחידה,false,0,4.90,4.90,true,1,
7290000000619,true,פלפל חריף,שותפות מזרחי,IL,פלפל חריף,קילוגרמים,0.00,"ק""ג",true,0,8.90,8.90,true,1,
7290000000824,true,קישוא ירוק,קטיף,IL,קישוא ירוק,קילוגרמים,0.00,"ק""ג",true,0,9.90,9.90,true,1,
7290000000848,true,תירס קלוף ארוז,קטיף,IL,תירס קלוף ארוז,קילוגרמים,0.00,"ק""ג",true,0,10.90,10.90,true,1,
7290000000855,true,פלפל צהוב,קטיף,IL,פלפל צהוב,קילוגרמים,0.00,"ק""ג",true,0,9.90,9.90,true,1,
7290000001036,true,בצל יבש אדום,קטיף,XX,בצל יבש אדום,קילוגרמים,0.00,"ק""ג",true,0,4.90,4.90,true,1,
7290000001692,true,תפוח אדמה אדום ארוז,קטיף,IL,תפוח אדמה אדום ארוז,קילוגרמים,0.00,"ק""ג",true,0,5.50,5.50,true,1,
7290000001715,true,תפוא לבן ארוז,קטיף,IL,תפוא לבן ארוז,קילוגרמים,0.00,"ק""ג",true,0,4.00,4.00,true,1,
7290000001722,true,תפוח אדמה אדום תפזורת,קטיף,IL,"תפו""א אדום תפז'",קילוגרמים,0.00,"ק""ג",true,0,5.90,5.90,true,1,
7290000002026,true,לחם אחיד 750 גרם,מאפית ברמן,IL,לחם אחיד 750 גרם,גרמים,750.00,100 גרם,false,0,5.07,0.68,true,1,
7290000002040,true,חלה רגילה 500 גרם,מאפית ברמן,IL,חלה רגילה,גרמים,500.00,100 גרם,false,0,4.94,0.99,true,1,
7290000024202,false,"ברקן רזרב קברנה 750 מ""ל",יקבי ברקן,IL,ברקן רזרב,מיליליטרים,750.00,"100 מ""ל",false,0,37.90,5.05,true,1,
7290000024264,false,"ברקן רזרב מרלו 750 מ""ל",יקבי ברקן,IL,מרלו רזרב,מיליליטרים,750.00,"100 מ""ל",false,0,37.90,5.05,true,1,
7290000024523,false,תירוש של סגל 1 ליטר,יינות סגל,IL,תירוש של סגל,ליטרים,1.00,ליטר,false,0,14.80,14.80,true,1,
7290000040042,false,יוגורט יופלה תות3% 150גר,תנובה,IL,יופלה תות 3%,גרמים,150.00,100 גרם,false,0,5.20,3.47,true,1,
7290000040066,false,יופלה דובדבן3% 150 גרם,תנובה,IL,יופלה דובדבן3%,גרמים,150.00,100 גרם,false,0,5.20,3.47,true,1,
7290000040080,false,יוגורט יופלה אפרסק3% 150,תנובה,IL,יופלה אפרסק3%,גרמים,150.00,100 גרם,false,0,5.20,3.47,true,1,
7290000040301,false,עין גדי קממבר24% 125 גר,תנובה,IL,עין גדי קממבר,גרמים,125.00,100 גרם,false,0,15.90,12.72,true,1,
7290000040974,false,חלב טרי 2% דל לקטוז 1 ל,תנובה,IL,חלב טרי דל לקטוז,ליטרים,1.00,ליטר,false,0,7.10,7.10,true,1,
7290000041858,false,שמנת חמוצה15% מועשרת200,יטבתה,IL,שמנת חמוצה יטבתה,מיליליטרים,200.00,"100 מ""ל",false,0,2.40,1.20,true,1,
7290000041865,false,לבן יטבתה 4.5% שומן 200מ,יטבתה,IL,לבן יטבתה4.5%,מיליליטרים,200.00,"100 מ""ל",false,0,2.00,1.00,true,1,
7290000042015,false,חלב 3% מהדרין שקית 1 ל',תנובה,IL,חלב 3% שקית,ליטרים,1.00,ליטר,false,0,5.00,5.00,true,1,
7290000042022,false,חלב על הבוקר1%קרט+.פקק1ל,תנובה,IL,חלב על הבוקר 1%,ליטרים,1.00,ליטר,false,0,8.20,8.20,true,1,
7290000042244,false,חלב 3% שומן בכד 2 ליטר,תנובה,IL,חלב 3% כד 2 ליטר,ליטרים,2.00,ליטר,false,0,11.50,5.75,true,1,
7290000042404,false,חלב מועשר3% יטבתה שקית1ל,יטבתה,IL,חלב 3% בשקית,ליטרים,1.00,ליטר,false,0,5.90,5.90,true,1,
7290000042435,false,חלב מפוסטר 1% בקרטון 1 ל,תנובה,IL,חלב %1 בקרטון,ליטרים,1.00,ליטר,false,0,5.40,5.40,true,1,
7290000042442,false,חלב מפוסטר 3% בקרטון 1 ל,תנובה,IL,חלב תנובה 3%,ליטרים,1.00,ליטר,false,0,5.75,5.75,true,1,
7290000042466,false,חלב מועשר 1% בקרטון 1 ל',תנובה,IL,חלב מועשר בקרטון,ליטרים,1.00,ליטר,false,0,8.20,8.20,true,1,
7290000042503,false,חלב עמיד הומוגני 3% 1 ל',תנובה,IL,חלב עמיד הומוגני 3% 1 ל',ליטרים,1.00,ליטר,false,0,6.60,6.60,true,1,
7290000042640,false,"חלב עמיד 3% שומן 250 מ""ל",תנובה,IL,חלב עמיד 3% שומן,מיליליטרים,250.00,"100 מ""ל",false,0,2.60,1.04,true,1,
7290000042732,false,שוקו תנובה כד 2 ליטר,תנובה,IL,שוקו כד 2 ליטר,ליטרים,2.00,ליטר,false,0,21.50,10.75,true,1,
7290000042855,false,"שוקו בשקית יוטבתה 225מ""ל",יטבתה,IL,שוקו בשקית,מיליליטרים,225.00,"100 מ""ל",false,0,2.60,1.16,true,1,
7290000043111,false,חמאה 200 גרם,תנובה,IL,חמאה תנובה,גרמים,200.00,100 גרם,false,0,7.60,3.80,true,1,
7290000043159,false,חמאה מלוחה 200 גרם,תנובה,IL,חמאה מלוחה תנובה,גרמים,200.00,100 גרם,false,0,9.40,4.70,true,1,
7290000043814,false,שמנת עמידה לקצפת38% 250מ,תנובה,IL,שמנת עמידה לקצפת,מיליליטרים,250.00,"100 מ""ל",false,0,5.95,2.38,true,1,
7290000043890,false,רויון 1.5% בקרטון 1ל,תנובה,IL,רויון בקרטון1.5%,ליטרים,1.00,ליטר,false,0,10.90,10.90,true,1,
7290000043944,false,יוגורט בכד 4% 1.5 ל',תנובה,IL,יוגורט בכד 4%,ליטרים,1.50,ליטר,false,0,16.00,10.67,true,1,
7290000044088,false,שלי קלאסיק 3%שומן 200 ג,תנובה,IL,שלי קלאסיק 3%לבן,גרמים,200.00,100 גרם,false,0,3.00,1.50,true,1,
7290000044248,false,רויון בקרטון 1.5% 500מ',תנובה,IL,רויון בקרטון,מיליליטרים,500.00,"100 מ""ל",false,0,6.20,1.24,true,1,
7290000044712,false,פרילי+תות שדה1.5% 500ג,תנובה,IL,פרילי תות-שדה,גרמים,500.00,100 גרם,false,0,10.50,2.10,true,1,
7290000044880,false,באדי מעדן תות 3% 500 גרם,תנובה,IL,מעדן באדי תות 3%,גרמים,500.00,100 גרם,false,0,9.10,1.82,true,1,
7290000045573,false,גבינת נעמה מותכת 25*8 גר,תנובה,IL,גבינת נעמה מותכת,גרמים,200.00,100 גרם,false,0,15.70,7.85,true,1,
7290000045580,false,גב.נעמה חורש מותכת 240ג,תנובה,IL,גבינת נעמה מותכת,גרמים,240.00,100 גרם,false,0,17.30,7.21,true,1,
7290000045917,false,גב.קולאז פרומעז 23% 200ג,תנובה,IL,גבינת פרומעז,גרמים,200.00,100 גרם,false,0,20.90,10.45,true,1,
7290000046327,false,גב.גלבוע פרוסות22% 200גר,תנובה,IL,גבינת גלבוע פרוס,גרמים,200.00,100 גרם,false,0,12.50,6.25,true,1,
7290000047546,false,גב.כנען 5% 500 גרם,תנובה,IL,גבינת כנען 5%,גרמים,500.00,100 גרם,false,0,23.50,4.70,true,1,
7290000047621,false,גב5%.שומן כשר מהדרין250ג,תנובה,IL,גבינה %5 מהדרי,גרמים,250.00,100 גרם,false,0,4.60,1.84,true,1,
7290000048185,false,גב.לבנה רכה 5% שומן 250ג,תנובה,IL,גבינה לבנה 5%,גרמים,250.00,100 גרם,false,0,4.60,1.84,true,1,
7290000048192,false,גב.לבנה רכה 9% 250 גרם,תנובה,IL,גבינה לבנה 9%,גרמים,250.00,100 גרם,false,0,4.60,1.84,true,1,
7290000048307,false,קוטג' 5% עם זיתים 250 גר,תנובה,IL,קוטג' עם זיתים5%,גרמים,250.00,100 גרם,false,0,5.80,2.32,true,1,
7290000048413,false,גב.חמד פיראוס16% 250 גר,תנובה,IL,גבינה מלוחה 16%,גרמים,250.00,100 גרם,false,0,18.20,7.28,true,1,
7290000048437,false,גבי. צפתית פיראוס5% 200ג,תנובה,IL,גבינה צפתית 5%,גרמים,200.00,100 גרם,false,0,15.90,7.95,true,1,
7290000049458,false,פטה עיזים פיראוס16% 250ג,תנובה,IL,פטה עיזים פיראוס,גרמים,250.00,100 גרם,false,0,28.10,11.24,true,1,
7290000050065,false,"יופלה 360 קלאסי 100*6מ""ל",תנובה,IL,יופלה 360 קלאסי,מיליליטרים,600.00,"100 מ""ל",false,0,12.70,2.12,true,1,
7290000050072,false,"יופלה 360 תות 100*6 מ""ל",תנובה,IL,יופלה 360 תות,מיליליטרים,600.00,"100 מ""ל",false,0,12.70,2.12,true,1,
7290000050270,false,פיראוס צפתית עיזים5% 200,תנובה,IL,פיראוס צפתית 5%,גרמים,200.00,100 גרם,false,0,19.00,9.50,true,1,
7290000050300,false,גבינה לבנה 5%,,IL,גבינה לבנה 5%,גרמים,125.00,100 גרם,false,0,2.40,1.92,true,1,
7290000050447,false,יופלה תות 500 גרם,תנובה,IL,יופלה תות,גרמים,500.00,100 גרם,false,0,10.90,2.18,true,1,
7290000050454,false,יופלה אפרסק 500 גרם,תנובה,IL,יופלה אפרסק,גרמים,500.00,100 גרם,false,0,10.90,2.18,true,1,
7290000050997,false,יופלה שטוזים בננה 100*4ג,תנובה,IL,יופלה שטוזים 4יח,גרמים,400.00,100 גרם,false,0,10.50,2.63,true,1,
7290000051024,false,יופלה שטוזים תות 100*4גר,תנובה,IL,יופלה שטוזים 4יח,גרמים,400.00,100 גרם,false,0,10.50,2.63,true,1,
7290000051307,false,מארז הפסקת אוכל עוגי,תנובה,IL,מארז הפסקת אוכל,יחידה,1.00,יחידה,false,0,9.20,9.20,true,1,
7290000051352,false,חלב של פעם מלא3.6%-4% 1ל,תנובה,IL,חלב של פעם מלא,ליטרים,1.00,ליטר,false,0,7.40,7.40,true,1,
7290000051376,false,יופלה דיאט אננס 0% 150גר,תנובה,IL,יופלה דיאט אננס,גרמים,150.00,100 גרם,false,0,5.20,3.47,true,1,
7290000052250,false,יופלהYYYפירות יער3% 500ג,תנובה,IL,יופלה YYY פ.יער,גרמים,500.00,100 גרם,false,0,10.90,2.18,true,1,
7290000052311,false,עמק 15% פרוס בקופסא 200,תנובה,IL,עמק 15% פרוס,גרמים,200.00,100 גרם,false,0,15.80,7.90,true,1,
7290000052649,false,פיראוס לבנה 5% 500 גרם,תנובה,IL,פיראוס לבנה 5%,גרמים,500.00,100 גרם,false,0,20.30,4.06,true,1,
7290000052663,false,גבינה לבנה 5% 250*2 גרם,תנובה,IL,גבינה לבנה 2 יח',גרמים,500.00,100 גרם,false,0,7.30,1.46,true,1,
7290000052717,false,קוטג' +שום שמיר,,IL,קוטג' +שום שמיר,גרמים,250.00,100 גרם,false,0,5.80,2.32,true,1,
7290000055206,false,גבינה לבנה 5%,,IL,גבינה לבנה 5%,גרמים,250.00,100 גרם,false,0,5.40,2.16,true,1,
7290000055329,false,משקה יוגורט תות-מלון250ג,תנובה,IL,משקה יוגורט,גרמים,250.00,100 גרם,false,0,5.90,2.36,true,1,
7290000055336,false,משקה יוגורט בננ.אפרסק250,תנובה,IL,משקה יוגורט,גרמים,250.00,100 גרם,false,0,5.90,2.36,true,1,
7290000055343,false,משקה יוגורט טרופי 250גרם,תנובה,IL,משקה יוגורט,גרמים,250.00,100 גרם,false,0,5.90,2.36,true,1,
7290000055411,false,משקה אורז עמיד 1 ליטר,סויה מג'יק עפולה,IL,משקה אורז עמיד,ליטרים,1.00,ליטר,false,1,13.90,13.90,true,1,
7290000055428,false,משקה שקדים עמיד 1 ליטר,סויה מג'יק עפולה,IL,משקה שקדים עמיד,ליטרים,1.00,ליטר,false,1,13.90,13.90,true,1,
7290000056272,false,גבינה לבנה 5%,,,גבינה לבנה 5%,גרמים,250.00,100 גרם,false,0,5.40,2.16,true,1,
7290000056845,false,חלב טרי הומוגני3% 1.5ל',תנובה,,חלב תנובה 3%,ליטרים,1.50,ליטר,false,0,8.62,5.75,true,1,
7290000056883,false,יופלה 3% טעמים 150*8גרם,תנובה,IL,יופלה 8 יח במארז,קילוגרמים,1.20,"ק""ג",false,0,31.20,26.00,true,1,
7290000056890,false,יופלה אננס/דובד%0 150*8ג,תנובה,IL,יופלה 0% 8 יח,קילוגרמים,1.20,"ק""ג",false,0,31.20,26.00,true,1,
7290000056906,false,יופלה לבן 1.5% 150*8גרם,תנובה,IL,יופלה לבן 1.5%,קילוגרמים,1.20,"ק""ג",false,0,17.90,14.92,true,1,
7290000056951,false,שמנת לבישול 15%,,,שמנת לבישול 15%,מיליליטרים,500.00,"100 מ""ל",false,0,16.00,3.20,true,1,
7290000056968,false,שמנת38%,,,שמנת38%,מיליליטרים,500.00,"100 מ""ל",false,0,11.90,2.38,true,1,
7290000057088,false,גבינת עמק דק 28% 200 גרם,תנובה,IL,גבינת עמק דק 28%,גרמים,200.00,100 גרם,false,0,15.80,7.90,true,1,
7290000057118,false,גבינת עמק פרוסה,,,גבינת עמק פרוסה,גרמים,400.00,100 גרם,false,0,21.90,5.48,true,1,
7290000057132,false,יוגורט תנובה1.5%,,,יוגורט תנובה1.5%,גרמים,200.00,100 גרם,false,0,3.10,1.55,true,1,
7290000057149,false,יוגורט תנובה 3% 200 גרם,תנובה,,יוגורט תנובה 3%,גרמים,200.00,100 גרם,false,0,3.10,1.55,true,1,
7290000057477,false,חלב טרי הומוגני3% 1.5ל',תנובה,IL,חלב טרי הומוגני,ליטרים,1.50,ליטר,false,0,8.62,5.75,true,1,
7290000057552,false,יופלה עוגת גבינה,,IL,יופלה עוגת גבינה,גרמים,150.00,100 גרם,false,0,5.20,3.47,true,1,
7290000057651,false,גבינת קרם שמנת+5%בצל200ג,תנובה,IL,גבינת קרם שמנת,גרמים,200.00,100 גרם,false,0,9.90,4.95,true,1,
7290000058030,false,8שטוזים משקה תות,,IL,8שטוזים משקה תות,מיליליטרים,800.00,"100 מ""ל",false,0,20.90,2.61,true,1,
7290000060088,false,בייגלה מקלות מלוחים400גר,אסם,IL,בייגלה מקלות,גרמים,400.00,100 גרם,false,0,11.10,2.78,true,1,
7290000060163,false,אטריות דקות 400 גרם,אסם,IL,אטריות דקות,גרמים,400.00,100 גרם,false,0,7.50,1.88,true,1,
7290000060217,false,פסטה מקרוני 7 500 גרם,זארה,IT,פסטה מקרוני 7,גרמים,500.00,100 גרם,false,0,6.20,1.24,true,1,
7290000060491,false,פרפקטו קיפרי ריגאטי 500ג,זארה,IT,פסטה קיפרי ריגטי,גרמים,500.00,100 גרם,false,0,8.50,1.70,true,1,
7290000060538,false,פרפקטו צדפים 500 גרם,זארה,IT,פרפקטו צדפים,גרמים,500.00,100 גרם,false,0,8.50,1.70,true,1,
7290000060576,false,"פתיתים אפויים""כוכבים500""",אסם,IL,פתיתים אפויים,גרמים,500.00,100 גרם,false,0,7.80,1.56,true,1,
7290000060828,false,פסטה קרניים בינוניות500ג,זארה,IT,פסטה קרניים,גרמים,500.00,100 גרם,false,0,6.20,1.24,true,1,
7290000060880,false,פסטה ספגטי מס 8 אסם 500ג,זארה,IT,ספגטי מס' 8,גרמים,500.00,100 גרם,false,0,6.20,1.24,true,1,
7290000060903,false,פתיתים אפויים אורז 500 ג,אסם,IL,פתיתים אפויים,גרמים,500.00,100 גרם,false,0,7.80,1.56,true,1,
7290000060958,false,אטריות בינוניות 400 גרם,אסם,IL,אטריות בינוניות,גרמים,400.00,100 גרם,false,0,7.50,1.88,true,1,
7290000060965,false,אטריות רחבות 400 גרם,אסם,IL,אטריות רחבות,גרמים,400.00,100 גרם,false,0,7.50,1.88,true,1,
7290000060972,false,אטריות דקיקות אסם 400 גר,זארה,IT,אטריות דקיקות,גרמים,400.00,100 גרם,false,0,7.50,1.88,true,1,
7290000061085,false,"רוטב צ'ילי מתוק 290 מ""ל",אסם,IL,רוטב צ'ילי אסם,מיליליטרים,290.00,"100 מ""ל",false,0,11.60,4.00,true,1,
7290000061108,false,"רוטב טריאקי אסם 290 מ""ל",אסם,IL,רוטב טריאקי,מיליליטרים,290.00,"100 מ""ל",false,0,11.60,4.00,true,1,
7290000061764,false,נסקפה רד מאג 200 גרם,נסטלה,ES,נסקפה רד מאג,גרמים,200.00,100 גרם,false,0,24.70,12.35,true,1,
7290000062242,false,דובונים שמנת בצל 40 גרם,אסם,IL,דובונים שמנת בצל,גרמים,40.00,100 גרם,false,0,4.90,12.25,true,1,
7290000063027,false,"לחמית ללא גלוטן 1 ק""ג",אסם,IL,לחמית ללא גלוטן,קילוגרמים,1.00,"ק""ג",false,0,31.90,31.90,true,1,
7290000063102,false,קמח תופח מאליו 350 גרם,אסם,IL,קמח תופח מאליו,גרמים,350.00,100 גרם,false,0,5.80,1.66,true,1,
7290000063133,false,שקדי מרק רכיבים טבעי100ג,אסם,IL,שקדי מרק אסם,גרמים,100.00,100 גרם,false,0,6.30,6.30,true,1,
7290000063157,false,"קמח תופח מאליו 1 ק""ג",אסם,IL,קמח תופח מאליו,קילוגרמים,1.00,"ק""ג",false,0,10.30,10.30,true,1,
7290000064505,false,תבשיל פתיתים+ירקות 130גר,אסם,IL,תבשיל פתיתים,גרמים,130.00,100 גרם,false,0,12.50,9.62,true,1,
7290000064758,false,קוסקוס בינוני 350 גרם,קוסקוס מזון,IL,קוסקוס בינוני,גרמים,350.00,100 גרם,false,0,8.80,2.51,true,1,
7290000064871,false,מנה חמה פירה בצל 56 גרם,אסם,IL,מנה חמה פירה,גרמים,56.00,100 גרם,false,0,7.50,13.39,true,1,
7290000065090,false,מיני קרוטונים מתובל400 ג,עינת,IL,מיני קרוטונים,גרמים,400.00,100 גרם,false,0,26.50,6.63,true,1,
7290000065267,false,קראנץ רולס 450 גרם,אסם,IL,קראנץ רולס,גרמים,450.00,100 גרם,false,0,25.00,5.56,true,1,
7290000065717,false,סירופ ויטמינצ'יק פטל 1ל',בית השיטה,IL,ויטמינצ'יק פטל,ליטרים,1.00,ליטר,false,0,13.80,13.80,true,1,
7290000066134,false,ביסלי פלאפל 70 גרם,אסם,IL,ביסלי פלאפל,גרמים,70.00,100 גרם,false,0,4.50,6.43,true,1,
7290000066141,false,ביסלי גריל 70 גרם,אסם,IL,ביסלי גריל,גרמים,70.00,100 גרם,false,0,4.50,6.43,true,1,
7290000066158,false,ביסלי בצל 67 גרם,אסם,IL,ביסלי בטעם בצל,גרמים,67.00,100 גרם,false,0,4.50,6.72,true,1,
7290000066165,false,ביסלי ברביקיו 67 גרם,אסם,IL,ביסלי ברביקיו,גרמים,67.00,100 גרם,false,0,4.50,6.72,true,1,
7290000066172,false,ביסלי פיצה 70 גרם,אסם,IL,ביסלי פיצה,גרמים,70.00,100 גרם,false,0,4.50,6.43,true,1,
7290000066196,false,ביסלי גריל 200 גרם,אסם,IL,ביסלי גריל,גרמים,200.00,100 גרם,false,0,7.50,3.75,true,1,
7290000066219,false,ביסלי ברביקיו 190 גרם,אסם,IL,ביסלי ברביקיו,גרמים,190.00,100 גרם,false,0,7.50,3.95,true,1,
7290000066226,false,ביסלי פיצה 200 גרם,אסם,IL,ביסלי בטעם פיצה,גרמים,200.00,100 גרם,false,0,7.50,3.75,true,1,
7290000066264,false,דובונים-חטיפים מלוחים40ג,אסם,IL,חטיפי דובונים,גרמים,40.00,100 גרם,false,0,4.90,12.25,true,1,
7290000066295,false,במבה מתוקה 30 גרם,אסם,IL,במבה מתוקה,גרמים,30.00,100 גרם,false,0,2.90,9.67,true,1,
7290000066318,false,במבה 80 גרם,אסם,IL,במבה,גרמים,80.00,100 גרם,false,0,4.90,6.13,true,1,
7290000066332,false,אפרופו 50 גרם,אסם,IL,חטיף אפרופו,גרמים,50.00,100 גרם,false,0,5.80,11.60,true,1,
7290000066431,false,פופקו בטעם חמאה ודבש80גר,אסם,IL,חטיף פופקו,גרמים,80.00,100 גרם,false,0,5.50,6.88,true,1,
7290000066950,false,"ויטמינצ'יק סירופ תפו""ע1ל",בית השיטה,IL,"ויטמינצ'יק תפו""ע",ליטרים,1.00,ליטר,false,0,13.80,13.80,true,1,
7290000067544,false,פירורית זהב 200 גרם,עינת,IL,פירורית זהב,גרמים,200.00,100 גרם,false,0,6.90,3.45,true,1,
7290000067568,false,"ביסלי ברביקיו כשל""פ 70גר",אסם,IL,ביסלי ברביקיו,גרמים,70.00,100 גרם,false,0,4.50,6.43,true,1,
7290000067599,false,מנה חמה ספגטי בולונז 65ג,אסם,IL,מנה חמה בולונז,גרמים,65.00,100 גרם,false,0,7.50,11.54,true,1,
7290000067735,false,"ניוקי תפו""א 500 גרם",איטלניוקי,IT,ניוקי פרפקטו,גרמים,500.00,100 גרם,false,0,12.80,2.56,true,1,
7290000068138,false,אינסטנט פודינג וניל 80גר,אסם,IL,אינסטנט פודינג,גרמים,80.00,100 גרם,false,0,5.70,7.13,true,1,
7290000068169,false,אינסטנט פודינג שוקולד95ג,אסם,IL,אינסטנט פודינג,גרמים,95.00,100 גרם,false,0,5.70,6.00,true,1,
7290000068190,false,ג'לי בטעם תות 90 גרם,אסם,IL,ג'לי בטעם תות,גרמים,90.00,100 גרם,false,0,7.50,8.33,true,1,
7290000068237,false,ג'לי בטעם פטל 85 גרם,אסם,IL,ג'לי בטעם פטל,גרמים,85.00,100 גרם,false,0,7.50,8.82,true,1,
7290000068282,false,"מנה חמה פירה כשל""פ 47גר",אסם,IL,מנה חמה פירה,גרמים,47.00,100 גרם,false,0,7.50,15.96,true,1,
7290000068299,false,מנה חמה פירה+פטריות47גר,אסם,IL,מנה חמה פירה,גרמים,47.00,100 גרם,false,0,8.00,17.02,true,1,
7290000068343,false,פריכונים מאורז מלא 140גר,"פרח תעשיות מזון בע""מ",IL,פריכונים מאורז,גרמים,140.00,100 גרם,false,0,8.20,5.86,true,1,
7290000068701,false,שקדי מרק במיכל 400 גרם,אסם,IL,שקדי מרק במיכל,גרמים,400.00,100 גרם,false,0,17.10,4.28,true,1,
7290000068770,false,"במבה יום הולדת 80ג בד""צ",אסם,IL,במבה יום הולדת,גרמים,80.00,100 גרם,false,0,4.90,6.13,true,1,
7290000068787,false,"במבה יום הולדת 25ג בד""צ",אסם,IL,במבה יום הולדת,גרמים,25.00,100 גרם,false,0,2.50,10.00,true,1,
7290000068893,false,במבה נוגט 60*4 גרם,אסם,IL,במבה נוגט 4 יח',גרמים,240.00,100 גרם,false,0,18.30,7.63,true,1,
7290000068923,false,האני נאט צ'יריוס 615*2 ג,ג'נרל מילס,US,דגני צ'ריוס 2 יח,קילוגרמים,1.23,"ק""ג",false,0,37.80,30.73,true,1,
7290000069258,false,פנה ריגאטה פרפקטו 500 גר,זארה,IT,פנה ריגאטה,גרמים,500.00,100 גרם,false,0,8.50,1.70,true,1,
7290000069968,false,"קמח תופח לעוגה כשל""פ200ג",אסם,IL,"קמח תופח כשל""פ",גרמים,200.00,100 גרם,false,0,10.00,5.00,true,1,
7290000070308,false,מרק עוף אמיתי 400 גרם,אסם,IL,מרק עוף אמיתי,גרמים,400.00,100 גרם,false,0,21.70,5.43,true,1,
7290000070353,false,מרק בצל רכיבים טבעיים400,אסם,IL,מרק בצל אסם,גרמים,400.00,100 גרם,false,0,19.90,4.98,true,1,
7290000071596,false,תערוב.תיבול עוף צ'ילי78ג,אסם,IL,תערובת צ'ילי,גרמים,78.00,100 גרם,false,0,6.80,8.72,true,1,
7290000072203,false,רוטב אלף האיים אסם 290מל,אסם,IL,רוטב אלף האיים,מיליליטרים,290.00,"100 מ""ל",false,0,11.50,3.97,true,1,
7290000072623,false,קטשופ בקבוק לחיץ 750 גרם,אסם,IL,קטשופ בקבוק לחיץ,גרמים,750.00,100 גרם,false,0,11.90,1.59,true,1,
7290000072630,false,קטשופ חריף 750 גרם,אסם,IL,קטשופ חריף,גרמים,750.00,100 גרם,false,0,15.80,2.11,true,1,
7290000072753,false,נסקפה טסטר'ס צ'ויס200ג,נסטלה,KR,נסקפה טסטרס צויס,גרמים,200.00,100 גרם,false,0,29.90,14.95,true,1,
7290000072777,false,טסטרס צ'ויס נט.קפאין200,נסטלה,KR,קפה טסטרס צויס,גרמים,200.00,100 גרם,false,0,39.60,19.80,true,1,
7290000072784,false,טסטרס צ'ויס נט.קפאין100ג,נסטלה,KR,קפה טסטרס צויס,גרמים,100.00,100 גרם,false,0,29.60,29.60,true,1,
7290000072791,false,נסקפה גולד בלנד 200 גר,נסטלה,CH,נסקפה גולד בלנד,גרמים,200.00,100 גרם,false,0,53.10,26.55,true,1,
7290000072814,false,נסקפה גולד אספרסו 200ג,נסטלה,FR,נסקפה גולד,גרמים,200.00,100 גרם,false,0,53.10,26.55,true,1,
7290000072890,false,רוטב אלף האיים 2% 290מ,אסם,IL,רוטב אלף האיים,מיליליטרים,290.00,"100 מ""ל",false,0,11.50,3.97,true,1,
7290000072968,false,סיני מיניס 500 גרם,נסטלה,PL,דגני נסטלה,גרמים,500.00,100 גרם,false,0,27.70,5.54,true,1,
7290000073415,false,מ.חמה פסטה ברוטב פיצה,אסם,IL,מנה חמה פסטה,גרמים,61.00,100 גרם,false,0,7.50,12.30,true,1,
7290000073767,false,מ.חמה נודלס טעם בקר70ג,טאי רזידנט,TH,מנה חמה נודלס,גרמים,70.00,100 גרם,false,0,7.80,11.14,true,1,
7290000073835,false,צ'יפסי 4 * 50 גרם,אסם,IL,צ'יפסי 4 יחידות,גרמים,200.00,100 גרם,false,0,12.70,6.35,true,1,
7290000074153,false,פתי בר בטעם שוקולד500גרם,אסם,IL,פתי בר שוקו,גרמים,500.00,100 גרם,false,0,15.00,3.00,true,1,
7290000074245,false,קרם קרקר 250 גרם,אסם,IL,קרם קרקר אסם,גרמים,250.00,100 גרם,false,0,10.40,4.16,true,1,
7290000074252,false,קרקר שומשום 250 גרם,אסם,IL,קרקר שומשום אסם,גרמים,250.00,100 גרם,false,0,10.60,4.24,true,1,
7290000074290,false,לחמית סובין 230 גרם,אסם,IL,לחמית אסם,גרמים,230.00,100 גרם,false,0,9.90,4.30,true,1,
7290000074375,false,קרקר זהב 150 גרם,אסם,IL,קרקר זהב אסם,גרמים,150.00,100 גרם,false,0,8.10,5.40,true,1,
7290000074962,false,עוג.מיני שוקוצ'יפס 225גר,כרמית,IL,עוגיות שוקוצ'יפס,גרמים,225.00,100 גרם,false,0,11.60,5.16,true,1,
7290000075143,false,עוג. שוקוצ'יפס קלאסי200ג,אסם,IL,עוגיות שוקוצ'יפס,גרמים,200.00,100 גרם,false,0,12.70,6.35,true,1,
7290000075693,false,עוגת שמרים בריוש שוקו360,אסם,IL,עוגת בריוש,גרמים,360.00,100 גרם,false,0,18.50,5.14,true,1,
7290000076126,false,בייגלה שמיניות קטנות80גר,אסם,IL,בייגלה שמיניות,גרמים,80.00,100 גרם,false,0,3.50,4.38,true,1,
7290000076133,false,בייגלה שמיניות קטנות400ג,אסם,IL,בייגלה שמיניות,גרמים,400.00,100 גרם,false,0,11.10,2.78,true,1,
7290000076157,false,נסקוויק אבקה להכ.שוקו450,אסם,IL,נסקוויק שוקו,גרמים,450.00,100 גרם,false,0,16.20,3.60,true,1,
7290000076645,false,טוסטעים חיטה מלאה 100גרם,ון דר מולן,NL,טוסטעיםחיטה מלאה,גרמים,100.00,100 גרם,false,0,11.40,11.40,true,1,
7290000077017,false,קרמוגית ממולא שוקו200.גר,אסם,IL,קרמוגית שוקולד,גרמים,200.00,100 גרם,false,0,12.70,6.35,true,1,
7290000077253,false,לחמית כפרית 190 גרם,אסם,IL,לחמית כפרית,גרמים,190.00,100 גרם,false,0,11.60,6.11,true,1,
7290000077925,false,טוסטעים צנימים עגולים125,ון דר מולן,NL,טוסטעים צנימים,גרמים,125.00,100 גרם,false,0,11.40,9.12,true,1,
7290000078762,false,חטיפי פריכונים עם דבש80ג,הרטו,BE,חטיפי פריכונים,גרמים,80.00,100 גרם,false,0,8.20,10.25,true,1,
7290000079233,false,קרם קרקר דל נתרן 250 גרם,אסם,IL,קרם קרקר דיאט,גרמים,250.00,100 גרם,false,0,11.60,4.64,true,1,
7290000080758,false,טוסטעים פת קלויה 100 גרם,ון דר מולן,NL,טוסטעים פת קלוי,גרמים,100.00,100 גרם,false,0,11.40,11.40,true,1,
7290000080765,false,טוסטעים פת קלוי+שומשו100,ון דר מולן,NL,טוסטעים +שומשו,גרמים,100.00,100 גרם,false,0,11.40,11.40,true,1,
7290000081168,false,חטיף צ'יפסי מלוח 50 גרם,אסם,IL,חטיף צ'יפסי,גרמים,50.00,100 גרם,false,0,3.50,7.00,true,1,
7290000081663,false,בייגלה טבעות שומשום300גר,אסם,IL,בייגלה טבעות,גרמים,300.00,100 גרם,false,0,11.10,3.70,true,1,
7290000103471,false,מיני ברוקולי קפוא 600גרם,תנובה,IL,מיני ברוקולי,גרמים,600.00,100 גרם,false,14,19.90,3.32,true,1,
7290000103730,false,לקט להקפצה פסטה פוזילי,סנפרוסט,IL,לקט להקפצה,גרמים,800.00,100 גרם,false,0,26.40,3.30,true,1,
7290000103815,false,לקט להקפצה תאילנדי 800גר,סנפרוסט,IL,לקט תאילנדי,גרמים,800.00,100 גרם,false,0,26.40,3.30,true,1,
7290000103822,false,לקט לעוף 800גרם,סנפרוסט,IL,לקט לעוף 800גרם,גרמים,800.00,100 גרם,false,0,25.20,3.15,true,1,
7290000103877,false,מרק שעועית 644גרם,סנפרוסט,IL,מרק שעועית,גרמים,644.00,100 גרם,false,0,18.90,2.93,true,1,
7290000104072,false,עדשים ירוקות מבושלות 800,סנפרוסט,IL,עדשים ירוקות מבושלות 800,גרמים,800.00,100 גרם,false,0,21.70,2.71,true,1,
7290000104201,false,אפונה עדינה 600 גרם,סנפרוסט,IL,אפונה עדינה קפוא,גרמים,600.00,100 גרם,false,0,19.60,3.27,true,1,
7290000104218,false,במיה מוקפאת 600 גרם,סנפרוסט,IL,במיה מוקפאת,גרמים,600.00,100 גרם,false,0,17.10,2.85,true,1,
7290000104676,false,אפונה ירוקה מוקפאת 800גר,סנפרוסט,IL,אפונה ירוקה קפוא,גרמים,800.00,100 גרם,false,0,19.90,2.49,true,1,
7290000104683,false,שעועית שלמה מוקפאת 800 ג,סנפרוסט,IL,שעועית שלמה-קפוא,גרמים,800.00,100 גרם,false,0,23.00,2.88,true,1,
7290000104690,false,תירס גרעינים מוקפא 800 ג,סנפרוסט,IL,גרעיני תירס קפוא,גרמים,800.00,100 גרם,false,0,19.90,2.49,true,1,
7290000104706,false,גזר גמדי מוקפא 800 גרם,סנפרוסט,IL,גזר גמדי מוקפא,גרמים,800.00,100 גרם,false,0,19.40,2.43,true,1,
7290000104713,false,פול ירוק מוקפא 800 גרם,סנפרוסט,IL,פול ירוק מוקפא,גרמים,800.00,100 גרם,false,0,25.70,3.21,true,1,
7290000104720,false,שעועית ירוקה חתוכה 800 ג,סנפרוסט,IL,שעועית ירוקה חתוכה 800 ג,גרמים,800.00,100 גרם,false,0,20.90,2.61,true,1,
7290000104737,false,שעועית צהובה חתוכה 800 ג,סנפרוסט,IL,שעועית צהובה,גרמים,800.00,100 גרם,false,0,20.60,2.58,true,1,
7290000104751,false,כרוב ניצנים מוקפא 800 גר,סנפרוסט,IL,כרוב ניצנים קפוא,גרמים,800.00,100 גרם,false,0,27.80,3.48,true,1,
7290000104768,false,תרד עלים מוקפא 800 גרם,סנפרוסט,IL,תרד עלים מוקפא,גרמים,800.00,100 גרם,false,0,28.40,3.55,true,1,
7290000104799,false,שעועית לבנה מבושלת 800גר,סנפרוסט,IL,שעועית לבנה,גרמים,800.00,100 גרם,false,0,21.70,2.71,true,1,
7290000104805,false,גרגרי חומוס מבושל 800גרם,סנפרוסט,IL,גרגרי חומוס קפוא,גרמים,800.00,100 גרם,false,0,21.70,2.71,true,1,
7290000104829,false,"קלחוני תירס 1 ק""ג",סנפרוסט,IL,"קלחוני תירס 1 ק""ג",קילוגרמים,1.00,"ק""ג",false,0,22.30,22.30,true,1,
7290000104836,false,שעועית עדינה שלמה 600גרם,סנפרוסט,IL,שעועית שלמה קפוא,גרמים,600.00,100 גרם,false,0,25.90,4.32,true,1,
7290000104911,false,לקט נורמנדי 800 גרם,סנפרוסט,IL,לקט נורמנדי קפוא,גרמים,800.00,100 גרם,false,0,26.70,3.34,true,1,
7290000107165,false,חטיף פולי סויה 400 גרם,סנפרוסט,IL,חטיף פולי סויה 400 גרם,גרמים,400.00,100 גרם,false,0,16.00,4.00,true,1,
7290000107189,false,ארטישוק תחתיות 400 גרם,סנפרוסט,IL,תחתיות ארטישוק,גרמים,400.00,100 גרם,false,0,24.70,6.18,true,1,
7290000107295,false,תפרחות ברוקולי 800 גרם,סנפרוסט,IL,ברוקולי מוקפא,גרמים,800.00,100 גרם,false,0,27.90,3.49,true,1,
7290000107677,false,שעועית צהובה עדינה 600גר,סנפרוסט,IL,שעועית צהובה,גרמים,600.00,100 גרם,false,0,25.20,4.20,true,1,
7290000107691,false,פול ירוק 500 גרם,סנפרוסט,IL,פול ירוק 500גרם,גרמים,500.00,100 גרם,false,0,14.80,2.96,true,1,
7290000110073,false,מרגרינה בטעם חמאה 200גר,יוניליוור,IL,מחמאה מרגרינה,גרמים,200.00,100 גרם,false,0,5.00,2.50,true,1,
7290000111063,false,מיונז תלמה אמיתי250 גרם,יוניליוור,IL,מיונז אמיתי תלמה,גרמים,250.00,100 גרם,false,0,7.50,3.00,true,1,
7290000111360,false,חרדל אמיתי תלמה 250 גרם,יוניליוור,IL,חרדל אמיתי תלמה,גרמים,250.00,100 גרם,false,0,6.90,2.76,true,1,
7290000112220,false,טחינה גולמית 100% 500 גר,רושדי תעשיות מזון,IL,טחינה גולמית,גרמים,500.00,100 גרם,false,0,16.90,3.38,true,1,
7290000112497,false,מ.עשיר עוף איטר.קנור68גר,יוניליוור,IL,מרק עוף איטריות,גרמים,68.00,100 גרם,false,0,10.20,15.00,true,1,
7290000112503,false,מרק עשיר ירקות קנור 61גר,יוניליוור,IL,מרק ירקות קנור,גרמים,61.00,100 גרם,false,0,10.20,16.72,true,1,
7290000112510,false,מרק עשיר פטריות קנור 83ג,יוניליוור,IL,מרק פטריות,גרמים,83.00,100 גרם,false,0,10.20,12.29,true,1,
7290000112619,false,מרק עוף קנור 400 גרם,יוניליוור,IL,מרק עוף אמיתי,גרמים,400.00,100 גרם,false,0,22.90,5.73,true,1,
7290000112770,false,מרק עשיר אפונה קנור117גר,יוניליוור,IL,מרק אפונה קנור,גרמים,117.00,100 גרם,false,0,10.20,8.72,true,1,
7290000116136,false,דאב קרם ידיים עור יבש100,יוניליוור,IL,דאב קרם ידיים,מיליליטרים,100.00,"100 מ""ל",false,0,12.80,12.80,true,1,
7290000116921,false,רוטב צ'ילי מתוק קנור300מ,יוניליוור,IL,רוטב צ'ילי מתוק,מיליליטרים,300.00,"100 מ""ל",false,0,10.00,3.33,true,1,
7290000116945,false,"רוטב סויה קנור 300 מ""ל",יוניליוור,IL,רוטב סויה קלאסי,מיליליטרים,300.00,"100 מ""ל",false,0,10.00,3.33,true,1,
7290000117393,false,חט.דגנים שוקו שוגי 26X8ג,יוניליוור,IL,חטיפי דגנים 8 יח,גרמים,208.00,100 גרם,false,0,19.70,9.47,true,1,
7290000117430,false,חטיפי דגנים קוקומן 21X8ג,יוניליוור,IL,חטיפי דגנים 8 יח,גרמים,168.00,100 גרם,false,0,19.70,11.73,true,1,
7290000117720,false,מרק נמס בכוס פטריות 43גר,יוניליוור,IL,מרק נמס בכוס,גרמים,43.00,100 גרם,false,0,7.80,18.14,true,1,
7290000117799,false,מרק נמס בכוס ברוקולי42גר,יוניליוור,IL,מרק נמס בכוס,גרמים,42.00,100 גרם,false,0,7.80,18.57,true,1,
7290000120836,false,מיונז הלמנס 394 גרם,יוניליוור,US,מיונז הלמנס,גרמים,394.00,100 גרם,false,0,10.00,2.54,true,1,
7290000120874,false,מיונז הלמנס לייט 424 גרם,יוניליוור,US,מיונז הלמנס,גרמים,424.00,100 גרם,false,0,10.00,2.36,true,1,
7290000121093,false,גב.מון בלן ט.שויצרי 120ג,נטו,IL,גבינת מון בלאן,גרמים,120.00,100 גרם,false,0,10.90,9.08,true,1,
7290000121147,false,גבינת מון בלאן פיקנטי120,נטו,IL,גבינת מון בלאן,גרמים,120.00,100 גרם,false,0,10.90,9.08,true,1,
7290000121154,false,מון בלאן לייט +סלמון120ג,נטו,IL,גבינת מון בלאן,גרמים,120.00,100 גרם,false,0,10.90,9.08,true,1,
7290000121239,false,מיוקל5% ללא כולסטרול500ג,יוניליוור,IL,מיוקל 5% שומן,גרמים,500.00,100 גרם,false,0,15.60,3.12,true,1,
7290000121369,false,קונפ778. תות שדה לייט300,יוניליוור,IL,קונפיטורה 778,גרמים,300.00,100 גרם,false,0,12.30,4.10,true,1,
7290000121376,false,קונפ778.אוכמניות לייט300,יוניליוור,IL,קונפיטורה 778,גרמים,300.00,100 גרם,false,0,12.30,4.10,true,1,
7290000122175,false,"תמצית וניל אפיכל 50 מ""ל",יוניליוור,IL,תמצית וניל,מיליליטרים,50.00,"100 מ""ל",false,0,5.10,10.20,true,1,
7290000122243,false,"תמצית רום אפיכל 50 מ""ל",יוניליוור,IL,תמצית רום,מיליליטרים,50.00,"100 מ""ל",false,0,5.10,10.20,true,1,
7290000122687,false,סירופ שוקולד אפיכל 600גר,יוניליוור,IL,סירופ שוקולד,גרמים,600.00,100 גרם,false,0,13.80,2.30,true,1,
7290000122700,false,סירופ מייפל 600 גרם,יוניליוור,IL,סירופ מייפל,גרמים,600.00,100 גרם,false,0,13.80,2.30,true,1,
7290000123158,false,מזולה טעם חמאה 250 גרם,יוניליוור,IL,מזולה טעם חמאה,גרמים,250.00,100 גרם,false,0,10.90,4.36,true,1,
7290000127224,false,קונפיטורה תות 778 340גרם,יוניליוור,IL,קונפיטורת תות,גרמים,340.00,100 גרם,false,0,13.90,4.09,true,1,
7290000129099,false,תיבוליות עשבי תיבול 72גר,יוניליוור,IL,תיבוליות,גרמים,72.00,100 גרם,false,0,8.90,12.36,true,1,
7290000129563,false,קוקומן חום לבן 750 גרם,יוניליוור,IL,קוקומן חום לבן,גרמים,750.00,100 גרם,false,0,33.70,4.49,true,1,
7290000130248,false,קמח מצה חמץ 500 גרם,מצות אביב,IL,קמח מצה חמץ,גרמים,500.00,100 גרם,false,0,7.00,1.40,true,1,
7290000133904,false,דואו פרש פסיפלור.תפוז300,סנו,IL,סנו דואו פרש,מיליליטרים,300.00,"100 מ""ל",false,0,11.90,3.97,true,1,
7290000134987,false,פלפל שחור גרוס במיכל90גר,תבליני טעם וריח,IL,פלפל שחור גרוס,גרמים,90.00,100 גרם,false,0,17.40,19.33,true,1,
7290000136721,false,ג'אמפ תפוזים 1.5 ליטר,טמפו,IL,ג'אמפ תפוזים,ליטרים,1.50,ליטר,false,0,6.80,4.53,true,1,
7290000136738,false,ג'אמפ אשכוליות 1.5 ליטר,טמפו,IL,ג'אמפ אשכוליות,ליטרים,1.50,ליטר,false,0,6.80,4.53,true,1,
7290000136745,false,ג'אמפ תות בננה 1.5 ליטר,טמפו,IL,ג'אמפ תות בננה,ליטרים,1.50,ליטר,false,0,6.80,4.53,true,1,
7290000139104,false,שלווה בשקית 230 גרם,שופרסל,IL,שלווה בשקית,גרמים,230.00,100 גרם,false,0,8.80,3.83,true,1,
7290000139227,false,דגן תפוח ממותק,,IL,דגן תפוח ממותק,גרמים,150.00,100 גרם,false,0,8.80,5.87,true,1,
7290000143200,false,מרכך הוואי לשיער יבש700מ,טרופיקל דגיל,IL,מרכך הוואי לשיער יבש700מ,מיליליטרים,700.00,"100 מ""ל",false,0,9.90,1.41,true,1,
7290000143217,false,שמפו הוואי שיער יבש 700מ,טרופיקל דגיל,IL,שמפו הוואי,מיליליטרים,700.00,"100 מ""ל",false,0,9.90,1.41,true,1,
7290000143279,false,"הוואי שמפו אדום 700 מ""ל",טרופיקל דגיל,IL,"הוואי שמפו אדום 700 מ""ל",מיליליטרים,700.00,"100 מ""ל",false,0,9.90,1.41,true,1,
7290000143286,false,"הוואי מרכך ירוק 700 מ""ל",טרופיקל דגיל,IL,"הוואי מרכך ירוק 700 מ""ל",מיליליטרים,700.00,"100 מ""ל",false,0,9.90,1.41,true,1,
7290000144160,false,שמן זית בטעם מודגש 750מל,שמן תעשיות,IL,שמן זית מודגש,מיליליטרים,750.00,"100 מ""ל",false,0,36.90,4.92,true,1,
7290000144467,false,שמן חמניות+נוגדי חמצון1ל,שמן תעשיות,IL,שמן חמניות,ליטרים,1.00,ליטר,false,0,17.20,17.20,true,1,
7290000144474,false,שמן קנולה מועשר 1 ליטר,שמן תעשיות,IL,שמן קנולה מועשר 1 ליטר,ליטרים,1.00,ליטר,false,0,15.90,15.90,true,1,
7290000144825,false,שמן קנולה פלוס אומגה9 1ל,שמן תעשיות,IL,שמן קנולה מועשר,ליטרים,1.00,ליטר,false,0,17.70,17.70,true,1,
7290000145020,false,א.כביסה פרסיל בקופסא 4קג,הנקל סוד,IL,אבקת כביסה פרסיל,קילוגרמים,4.00,"ק""ג",false,0,32.90,8.23,true,1,
7290000146676,false,סבון הוואי לגבר 100*4גרם,טרופיקל דגיל,PL,סבון הוואי 4 יח,גרמים,400.00,100 גרם,false,0,13.90,3.48,true,1,
7290000146683,false,סבון הוואי לבן 100*4 גרם,טרופיקל דגיל,PL,סבון הוואי 4 יח,גרמים,400.00,100 גרם,false,0,13.90,3.48,true,1,
7290000146713,false,סבון הוואי לגונה 100*4 ג,טרופיקל דגיל,IL,סבון הוואי 4 יח,גרמים,400.00,100 גרם,false,0,13.90,3.48,true,1,
7290000146997,false,משחת טום וג'רי מסטיק 50מ,טרופיקל דגיל,IL,משחת טום וג'רי,מיליליטרים,50.00,"100 מ""ל",false,0,9.60,19.20,true,1,
7290000148298,false,מיץ תפוזים 100%טבעי 2 לי,פריגת,IL,מיץ תפוזים 100%טבעי 2 לי,ליטרים,2.00,ליטר,false,0,20.90,10.45,true,1,
7290000149578,false,סופטקר אל סבון 1 ליטר,נקה,IL,תחליב לחות לרחצה,ליטרים,1.00,ליטר,false,0,20.60,20.60,true,1,
7290000149615,false,סבון נקה 7 לתינוק 100X4ג,נקה,IL,סבון נקה 4X 7,גרמים,400.00,100 גרם,false,0,15.00,3.75,true,1,
7290000149851,false,סינטבון כפול לנקיון 460ג,נקה,IL,סינטבון נקה כפול,גרמים,460.00,100 גרם,false,0,10.80,2.35,true,1,
7290000151281,false,חזה עוף ברביקיו 300 גרם,עוף טוב,IL,חזה עוף ברביקיו,גרמים,300.00,100 גרם,false,0,27.90,9.30,true,1,
7290000152288,false,נקניקיות עוף 400 גרם,עוף טוב,IL,נקניקיות עוף,גרמים,400.00,100 גרם,false,0,16.10,4.03,true,1,
7290000152943,false,פסטרמה + סלמי 2 יח350Xגר,עוף טוב,IL,פסטרמה + סלמי,גרמים,700.00,100 גרם,false,0,30.00,4.29,true,1,
7290000153292,false,פסטרמ.ברביקיו פרוס דק140,עוף טוב,IL,פסטרמה ברביקיו,גרמים,140.00,100 גרם,false,0,15.90,11.36,true,1,
7290000153469,false,קציצות עוף קלאסיות 600גר,עוף טוב,IL,קציצות עוף,גרמים,600.00,100 גרם,false,0,32.00,5.33,true,1,
7290000155661,false,נקניקיות עוף 4יח400X'גרם,עוף טוב,IL,נקניקיות 4 יח,קילוגרמים,1.60,"ק""ג",false,0,39.10,24.44,true,1,
7290000158211,false,שניצל דק ענק 700גרם,עוף טוב,,שניצל דק ענק,גרמים,700.00,100 גרם,false,0,42.90,6.13,true,1,
7290000158235,false,שניצל ע.דק בציפוי 700גרם,עוף טוב,IL,שניצל דק בציפוי,גרמים,700.00,100 גרם,false,0,42.90,6.13,true,1,
7290000158273,false,שניצל אמיתי מעודן 700גרם,עוף טוב,IL,שניצל אמיתי מעוד,גרמים,0.00,100 גרם,false,0,46.50,46.50,true,1,
7290000159010,false,שניצל דובונים 700גרם,עוף טוב,IL,שניצל דובונים,גרמים,700.00,100 גרם,false,0,40.00,5.71,true,1,
7290000160252,false,דאב תרחיץ פנים רגיל180מל,יוניליוור,IL,דאב תרחיץ פנים,מיליליטרים,180.00,"100 מ""ל",false,0,19.60,10.89,true,1,
7290000160467,false,עוף ולתנור גריל 49 גרם,יוניליוור,IL,עוף ולתנור גריל,גרמים,49.00,100 גרם,false,0,7.30,14.90,true,1,
7290000160771,false,"כריות וניל בד""צ 750 גרם",יוניליוור,,כריות וניל,גרמים,750.00,100 גרם,false,0,19.90,2.65,true,1,
7290000161358,false,מיונז משמן קנולה 500 גרם,יוניליוור,IL,מיונז אמיתי תלמה,גרמים,500.00,100 גרם,false,0,14.90,2.98,true,1,
7290000162386,false,רוטב שום לסלט 300 גרם,יוניליוור,IL,רוטב שום לסלט,גרמים,300.00,100 גרם,false,0,10.00,3.33,true,1,
7290000162515,false,"קורנפלקס וניל בד""צ500גרם",יוניליוור,,קורנפלקס וניל,גרמים,500.00,100 גרם,false,0,20.80,4.16,true,1,
7290000162560,false,"קורנפלקס דבש בד""צ 500גרם",יוניליוור,,קורנפלקס דבש,גרמים,500.00,100 גרם,false,0,19.70,3.94,true,1,
7290000162812,false,מיקספלקס פלוס טרופי400גר,דליסר,,מיקספלקס פלוס,גרמים,400.00,100 גרם,false,0,27.70,6.93,true,1,
7290000162829,false,מיקספלקס פלוס אגוזים400ג,דליסר,,מיקספלקס פלוס,גרמים,400.00,100 גרם,false,0,27.70,6.93,true,1,
7290000163024,false,רוטב חרדל דבש לייט305גרם,יוניליוור,IL,רוטב חרדל דבש,גרמים,305.00,100 גרם,false,0,10.00,3.28,true,1,
7290000164793,false,מרכך דאב לשמני הזנה400מ,יוניליוור,TR,מרכך דאב,מיליליטרים,400.00,"100 מ""ל",false,0,19.30,4.83,true,1,
7290000165684,false,"שמפו שמן אבוקדו 700 מ""ל",יוניליוור,IL,שמפו שמן אבוקדו,מיליליטרים,700.00,"100 מ""ל",false,0,10.00,1.43,true,1,
7290000166414,false,מזולה לאפיה ללא מלח200ג,יוניליוור,IL,מזולה ללא מלח,גרמים,200.00,100 גרם,false,0,6.40,3.20,true,1,
7290000166711,false,שוגי 20% פחות סוכר 500גר,יוניליוור,IL,שוגי מופחת סוכר,גרמים,500.00,100 גרם,false,0,23.50,4.70,true,1,
7290000167756,false,קינמונים 500 גרם,דליסר,IL,קינמונים,גרמים,500.00,100 גרם,false,0,23.00,4.60,true,1,
7290000168173,false,ברנפלקס קרנצ'ים 375 גרם,יוניליוור,IL,ברנפלקס קרנצ'ים,גרמים,375.00,100 גרם,false,0,25.10,6.69,true,1,
7290000168289,false,שמפו פינוק שמן מרוקאי700,יוניליוור,IL,שמפו פינוק,מיליליטרים,700.00,"100 מ""ל",false,0,10.00,1.43,true,1,
7290000168296,false,מרכך פינוק שמן מרוקאי700,יוניליוור,IL,מרכך פינוק,מיליליטרים,700.00,"100 מ""ל",false,0,10.00,1.43,true,1,
7290000168302,false,תחליב פינוק שמן מרוקא700,יוניליוור,IL,תחליב רחצה פינוק,מיליליטרים,700.00,"100 מ""ל",false,0,10.00,1.43,true,1,
7290000169071,false,מרק גורמה בטעם בטטה82ג,יוניליוור,IL,מרק גורמה קנור,גרמים,82.00,100 גרם,false,0,10.80,13.17,true,1,
7290000169712,false,קורנפלקס מלא 500 גרם,יוניליוור,IL,קורנפלקס מלא,גרמים,500.00,100 גרם,false,0,16.90,3.38,true,1,
7290000169743,false,קוקומן ח.לבן מופחת סוכר,יוניליוור,IL,קוקומן חום לבן,גרמים,375.00,100 גרם,false,0,25.20,6.72,true,1,
7290000169798,false,עוגי 20% פחות סוכר 500גר,יוניליוור,IL,עוגי מופחת סוכר,גרמים,500.00,100 גרם,false,0,25.40,5.08,true,1,
7290000170053,false,שוקולד פרה חלב 100 גרם,עלית,IL,שוקולד פרה חלב,גרמים,100.00,100 גרם,false,0,6.00,6.00,true,1,
7290000170275,false,שוקולד ממולא קרם נוגט100,עלית,IL,שוקולד ממולא,גרמים,100.00,100 גרם,false,0,6.60,6.60,true,1,
7290000171470,false,כיף כף 45 גרם,עלית,IL,כיף כף,גרמים,45.00,100 גרם,false,0,4.50,10.00,true,1,
7290000174044,false,"בפלות בטעם שוקולד 1 ק""ג",עלית,IL,בפלות טעם שוקולד,קילוגרמים,1.00,"ק""ג",false,0,19.90,19.90,true,1,
7290000174099,false,בפלות בטעם שוקולד 500 גר,עלית,IL,בפלות שוקולד,גרמים,500.00,100 גרם,false,0,13.90,2.78,true,1,
7290000174723,false,שוקולית בפחית עלית 500גר,עלית,IL,שוקולית,גרמים,500.00,100 גרם,false,0,13.90,2.78,true,1,
7290000176062,false,קפה טורקי בצלופן 100 גרם,עלית,IL,קפה טורקי בצלופן,גרמים,100.00,100 גרם,false,0,9.50,9.50,true,1,
7290000176079,false,קפה טורקי עם הל 100 גרם,עלית,IL,קפה טורקי עם הל,גרמים,100.00,100 גרם,false,0,9.40,9.40,true,1,
7290000176093,false,קפה אלדין טורקי ואקום200,עלית,IL,קפה טורקי אלדין,גרמים,200.00,100 גרם,false,0,21.70,10.85,true,1,
7290000176192,false,קפה טורקי האג ואקום200גר,עלית,IL,קפה טורקי האג,גרמים,200.00,100 גרם,false,0,28.90,14.45,true,1,
7290000176413,false,קפה נמס 50 גרם,עלית,IL,קפה נמס,גרמים,50.00,100 גרם,false,0,10.20,20.40,true,1,
7290000176420,false,קפה נמס 200 גרם,עלית,IL,קפה נמס,גרמים,200.00,100 גרם,false,0,20.90,10.45,true,1,
7290000177694,false,קפה טורקי ואקום 200 גרם,עלית,IL,קפה טורקי ואקום,גרמים,200.00,100 גרם,false,0,22.00,11.00,true,1,
7290000178103,false,שוקולד חלב פרה 100*4 גרם,עלית,IL,שוקלד חלב 4 יח,גרמים,400.00,100 גרם,false,0,22.60,5.65,true,1,
7290000178134,false,שוקולד פרה מריר 100*4 ג,עלית,IL,שוקולד מריר 4 יח,גרמים,400.00,100 גרם,false,0,22.60,5.65,true,1,
7290000178707,false,תפוציפס מלוח 50 גרם,עלית,IL,חטיף תפוצ'יפס,גרמים,50.00,100 גרם,false,0,4.10,8.20,true,1,
7290000179445,false,בזוקה בשקית 180 גרם,עלית,IL,בזוקה בשקית,גרמים,180.00,100 גרם,false,0,8.10,4.50,true,1,
7290000180212,false,שוקולד מריר אגוז 100 גרם,עלית,IL,שוקולד מריר,גרמים,100.00,100 גרם,false,0,6.60,6.60,true,1,
7290000181103,false,ביסקויט בשוקולד חלב 200ג,עלית,IL,ביסקויט מצופה,גרמים,200.00,100 גרם,false,0,14.80,7.40,true,1,
7290000184708,false,"בפלות טעם שוק.ללת""ס500גר",עלית,IL,"בפלות ללת""ס",גרמים,500.00,100 גרם,false,0,22.70,4.54,true,1,
7290000186054,false,מטליות לחות לקרצוף 24 יח,,IL,מטליות לחות לקרצוף 24 יח,יחידה,1.00,יחידה,false,0,16.30,16.30,true,1,
7290000187662,false,נייר טואלט לילי,,IL,נייר טואלט לילי,מטרים,662.00,100 מטר,false,0,46.50,7.02,true,1,
7290000187907,false,מגבוני נ.טואלט,,IL,מגבוני נ.טואלט,יחידה,1.00,יחידה,false,0,14.90,14.90,true,1,
7290000187921,false,נ.טואלט לילי קלאסיק 32גל,חוגלה קימברלי,IL,נייר טואלט לילי,מטרים,588.00,100 מטר,false,0,36.90,6.28,true,1,
7290000188270,false,קלינקס אולטרה סופט זוג,חוגלה קימברלי,IL,קלינקס אולטרה,יחידה,1.00,יחידה,false,0,16.80,16.80,true,1,
7290000188355,false,מגבות נייר ניקול 6גלילים,חוגלה קימברלי,IL,מגבות ניקול,מטרים,65.00,מטר,false,0,11.80,0.18,true,1,
7290000188553,false,60מגני תחתון קוטקס סילקN,חוגלה קימברלי,CN,מגן תחתון קוטקס,יחידה,1.00,יחידה,false,0,18.90,18.90,true,1,
7290000188560,false,52מגני תחתון קוטקס סילקL,חוגלה קימברלי,CN,מגן תחתון קוטקס,יחידה,1.00,יחידה,false,0,18.90,18.90,true,1,
7290000188591,false,60מגני תחתון קוטקס סילקY,חוגלה קימברלי,CN,מגן תחתון קוטקס,יחידה,1.00,יחידה,false,0,18.90,18.90,true,1,
7290000189208,false,מטלית הקסם למשטחים 1 יח',חוגלה קימברלי,CN,מטלית הקסם,יחידה,1.00,יחידה,false,0,8.80,8.80,true,1,
7290000189215,false,מטלית הקסם לרצפה ניקול,חוגלה קימברלי,IL,מטלית רצפה ניקול,יחידה,1.00,יחידה,false,0,11.90,11.90,true,1,
7290000189505,false,5 תבניות קרטון אינגליש,חוגלה קימברלי,IL,תבניות קרטון,יחידה,1.00,יחידה,false,0,11.40,11.40,true,1,
7290000189550,false,אשפתון מתכלה ניקול10*2יח,חוגלה קימברלי,IL,זוג אשפתון ענק,יחידה,1.00,יחידה,false,0,27.40,27.40,true,1,
7290000189598,false,"50 מטליות ניקול רב""ש",חוגלה קימברלי,IL,מטליות ניקול,יחידה,1.00,יחידה,false,0,10.00,10.00,true,1,
7290000189659,false,10מטליות רצפה לחות ניקול,חוגלה קימברלי,IL,מטליות רצפה לחות,יחידה,1.00,יחידה,false,0,10.00,10.00,true,1,
7290000189871,false,אשפתון מתכלה ניקול60יח,חוגלה קימברלי,IL,שק. אשפה מתכלות,יחידה,1.00,יחידה,false,0,25.10,25.10,true,1,
7290000190532,false,מפיות דו שכבתי מודפס 50,חוגלה קימברלי,,מפיות דו שכבתי,יחידה,1.00,יחידה,false,0,8.90,8.90,true,1,
7290000190563,false,מפיות חד שכבתי מודפס זוג,חוגלה קימברלי,,מפיות ניקול זוג,יחידה,1.00,יחידה,false,0,13.70,13.70,true,1,
7290000191119,false,דיפנד מגן תחתון,,IL,דיפנד מגן תחתון,יחידה,1.00,יחידה,false,0,29.60,29.60,true,1,
7290000191140,false,נייר טואלט לח 3*,,IL,נייר טואלט לח 3*,יחידה,1.00,יחידה,false,0,14.90,14.90,true,1,
7290000191539,false,לילי צבעוני 100*5 יחידות,חוגלה קימברלי,IL,מגבוני לילי 100,יחידה,1.00,יחידה,false,0,15.80,15.80,true,1,
7290000191546,false,לילי צבעוני 100*3 יחידות,חוגלה קימברלי,IL,לילי צבעוני100*3,יחידה,1.00,יחידה,false,0,11.30,11.30,true,1,
7290000191560,false,מגבות נייר 3 גל,,IL,מגבות נייר 3 גל,מטרים,65.00,מטר,false,0,13.80,0.21,true,1,
7290000191652,false,קלינקס מעוצב 90*3 יחידות,חוגלה קימברלי,,קלינקס מעוצב 3יח,יחידה,1.00,יחידה,false,0,11.30,11.30,true,1,
7290000191720,false,האגיס פרידום,,IL,האגיס פרידום,יחידה,1.00,יחידה,false,0,49.50,49.50,true,1,
7290000193083,false,תחבושות נובה לי 28 יח',חוגלה קימברלי,IL,תחבושות נובה לי,יחידה,1.00,יחידה,false,0,11.40,11.40,true,1,
7290000193410,false,נ.ט מולט קומפקט,,IL,נ.ט מולט קומפקט,מטרים,716.00,100 מטר,false,0,36.90,5.15,true,1,
7290000193472,false,60פדיות לילי נטורל נורמל,חוגלה קימברלי,IL,פדיות לילי,יחידה,1.00,יחידה,false,0,18.50,18.50,true,1,
7290000195537,false,מגב.האגיס ללא בישום 72*4,חוגלה קימברלי,IL,מגבוני האגיס 4יח,יחידה,1.00,יחידה,false,0,25.90,25.90,true,1,
7290000195544,false,מגב.האגיס בישום עדין72*4,חוגלה קימברלי,IL,מגבוני האגיס 4יח,יחידה,1.00,יחידה,false,0,25.90,25.90,true,1,
7290000195773,false,מגבוני האגיס אלוורה 72*4,חוגלה קימברלי,IL,מגבוני האגיס 4יח,יחידה,1.00,יחידה,false,0,25.90,25.90,true,1,
7290000196039,false,מפת שולחן דמוי בד 2 יח 1,חוגלה קימברלי,IL,מפת שולחן,יחידה,1.00,יחידה,false,0,14.30,14.30,true,1,
7290000197432,false,סנדויצ'ון 150*2 יח,חוגלה קימברלי,IL,סנדוויצ'ון זוג,יחידה,1.00,יחידה,false,0,14.50,14.50,true,1,
7290000197456,false,44האגיס פרידום דריי שלב4,חוגלה קימברלי,IL,חיתולי האגיס,יחידה,1.00,יחידה,false,0,42.90,42.90,true,1,
7290000197463,false,42האגיס פרידום דרי שלב+4,חוגלה קימברלי,IL,חיתולי האגיס,יחידה,1.00,יחידה,false,0,42.90,42.90,true,1,
7290000197470,false,"שקיות רב""ש 250 שקיות",חוגלה קימברלי,IL,"שקיות רב""ש מארז",יחידה,1.00,יחידה,false,0,15.20,15.20,true,1,
7290000197548,false,38האגיס פרידום דריי שלב5,חוגלה קימברלי,IL,חיתולי האגיס,יחידה,1.00,יחידה,false,0,42.90,42.90,true,1,
7290000197654,false,ניקול50 אשפתון 70X90ענק,חוגלה קימברלי,IL,אשפתון ניקול,יחידה,1.00,יחידה,false,0,23.10,23.10,true,1,
7290000197753,false,ניילון נצמד ניקול 30*2מ,חוגלה קימברלי,IL,ניילון נצמד זוג,מטרים,60.00,מטר,false,0,13.10,0.22,true,1,
7290000197883,false,4 מגשית 100 מוכספת ניקול,חוגלה קימברלי,IL,4 מגשית 100 מוכספת ניקול,יחידה,1.00,יחידה,false,0,11.20,11.20,true,1,
7290000199313,false,קוטקס יאנג 28 יחידות,חוגלה קימברלי,IL,קוטקס תחבושות,יחידה,1.00,יחידה,false,0,18.90,18.90,true,1,
7290000203188,false,נייר טואלט לילי,,IL,נייר טואלט לילי,מטרים,588.00,100 מטר,false,0,34.90,5.94,true,1,
7290000204215,false,כריות יפניות ניקול 6יח',חוגלה קימברלי,IL,כריות יפניות,יחידה,1.00,יחידה,false,0,12.50,12.50,true,1,
7290000204253,false,9 מטליות רב שימושי.ניקול,חוגלה קימברלי,IL,מטליות ניקול,יחידה,1.00,יחידה,false,0,11.80,11.80,true,1,
7290000204307,false,"40מטלית רב""ש ניקול בגליל",חוגלה קימברלי,IL,מטליות ניקול,יחידה,1.00,יחידה,false,0,22.90,22.90,true,1,
7290000207438,false,עגבניות קוביות 800 גרם,זנלכל,IL,עגבניות קוביות 800 גרם,גרמים,800.00,100 גרם,false,0,8.00,1.00,true,1,
7290000208022,false,עגבניות מרוסקות 800 גרם,זנלכל,IL,עגבניות מרוסקות,גרמים,800.00,100 גרם,false,0,8.00,1.00,true,1,
7290000208077,false,אפונת גינה גדול יכין550ג,זנלכל,IL,אפונת גינה,גרמים,550.00,100 גרם,false,0,6.80,1.24,true,1,
7290000208084,false,אפונה בינונית 550ג' יכין,זנלכל,IL,אפונת גינה,גרמים,550.00,100 גרם,false,0,7.50,1.36,true,1,
7290000208114,false,אפונת גינה וגזר 550 גרם,זנלכל,IL,אפונת גינה וגז,גרמים,550.00,100 גרם,false,0,6.80,1.24,true,1,
7290000208145,false,תירס לייט יכין 550 גרם,זנלכל,IL,תירס לייט יכין,גרמים,550.00,100 גרם,false,0,7.50,1.36,true,1,
7290000208213,false,שעוע.אפויה+רוטב עגב580גר,זנלכל,IL,שעועית ברוטב,גרמים,580.00,100 גרם,false,0,6.80,1.17,true,1,
7290000208312,false,תירס ואקום 340 גרם יכין,זנלכל,IL,תירס ואקום,גרמים,340.00,100 גרם,false,0,6.60,1.94,true,1,
7290000208329,false,גרעיני תירס מתוק 550 גרם,זנלכל,IL,גרעיני תירס מתוק,גרמים,550.00,100 גרם,false,0,6.90,1.25,true,1,
7290000208336,false,רסק עגבניות יכין 260 גרם,זנלכל,IL,רסק עגבניות,גרמים,260.00,100 גרם,false,0,4.60,1.77,true,1,
7290000208404,false,פול מצרי 550 גרם,זנלכל,IL,פול מצרי,גרמים,550.00,100 גרם,false,0,6.30,1.15,true,1,
7290000208428,false,חומוס שלם יכין 550 גרם,זנלכל,IL,חומוס שלם,גרמים,560.00,100 גרם,false,0,6.60,1.18,true,1,
7290000208534,false,תירס קיד 550 גרם,זנלכל,IL,תירס קיד,גרמים,550.00,100 גרם,false,0,7.50,1.36,true,1,
7290000208855,false,רוטב פסטה 260 גרם,זנלכל,IL,רוטב פסטה,גרמים,260.00,100 גרם,false,0,5.20,2.00,true,1,
7290000208947,false,עגבניות מרוסקות 260 גרם,זנלכל,IL,עגבניות מרוסקות,גרמים,260.00,100 גרם,false,0,5.20,2.00,true,1,
7290000208978,false,רסק פריכוז 28% 100 גרם,זנלכל,IL,רסק פריכוז,גרמים,100.00,100 גרם,false,0,2.80,2.80,true,1,
7290000209371,false,תירס גרעינים 165*3 גרם,KFT KECSKEMET,HU,תירס גרעינים 3יח,גרמים,495.00,100 גרם,false,1,11.90,2.40,true,1,
7290000209388,false,תירס לייט 165*3 גרם,KFT KECSKEMET,HU,תירס לייט 3 יח,גרמים,495.00,100 גרם,false,0,11.90,2.40,true,1,
7290000209500,false,סירופ דיאט תפוזים1ל'יכין,זנלכל,IL,סירופ דיאט תפוזי,ליטרים,1.00,ליטר,false,0,8.90,8.90,true,1,
7290000209722,false,ת.עגבניות פריכוז30%-28%,זנלכל,IL,תרכיז עגבניות,גרמים,580.00,100 גרם,false,0,8.50,1.47,true,1,
7290000209951,false,רוטב עגבניות לפיצה260גרם,זנלכל,IL,רוטב עגבניות,גרמים,260.00,100 גרם,false,0,5.20,2.00,true,1,
7290000211169,false,"אורז תאילנדי 1 ק""ג",סוגת,IL,"אורז תאילנדי 1 ק""ג",קילוגרמים,1.00,"ק""ג",false,0,5.00,5.00,true,1,
7290000211312,false,"אורז מלא ארוך ""סוגת"" 1קג",סוגת,IL,אורז מלא ארוך,קילוגרמים,1.00,"ק""ג",false,0,11.80,11.80,true,1,
7290000211374,false,"קמח חיטה מלא סוגת 1 ק""ג",סוגת,IL,קמח חיטה מלא,קילוגרמים,1.00,"ק""ג",false,0,8.10,8.10,true,1,
7290000211381,false,"סוכר חום כהה סוגת 1 ק""ג",סוגת,IL,סוכר חום כהה,קילוגרמים,1.00,"ק""ג",false,0,12.30,12.30,true,1,
7290000211442,false,"אורז פרסי קלאסי 1ק""ג",סוגת,IL,אורז פרסי קלאסי,קילוגרמים,1.00,"ק""ג",false,0,8.90,8.90,true,1,
7290000211985,false,"אורז עגול 1 ק""ג",סוגת,IL,אורז עגול סוגת,קילוגרמים,1.00,"ק""ג",false,0,9.20,9.20,true,1,
7290000238029,false,"בצק עלים 1 ק""ג","מעדנות בע""מ",IL,בצק עלים מרודד,קילוגרמים,1.00,"ק""ג",false,0,24.90,24.90,true,1,
7290000238036,false,מלווח מעדנות 700 גרם,"מעדנות בע""מ",IL,מלווח מעדנית,גרמים,700.00,100 גרם,false,0,18.90,2.70,true,1,
7290000238173,false,בורקס גבינה 800 גרם,"מעדנות בע""מ",IL,בורקס גבינה קפוא,גרמים,800.00,100 גרם,false,0,22.70,2.84,true,1,
7290000238180,false,"בורקס תפו""א 800 גרם","מעדנות בע""מ",IL,"בורקס תפו""א קפוא",גרמים,800.00,100 גרם,false,0,21.70,2.71,true,1,
7290000244143,false,קרם הוואי לאחר גילוח120ג,טרופיקל דגיל,IL,קרם הוואי לאחר גילוח120ג,גרמים,120.00,100 גרם,false,0,24.70,20.58,true,1,
7290000244761,false,"קרם ידיים ולווטה 100 מ""ל",טרופיקל דגיל,IL,קרם ידיים ולווטה,מיליליטרים,100.00,"100 מ""ל",false,0,14.90,14.90,true,1,
7290000245287,false,א.כביסה פרסיל קולור1.25ק,הנקל סוד,IL,אבקת כביסה פרסיל,קילוגרמים,1.25,"ק""ג",false,0,14.80,11.84,true,1,
7290000245294,false,א.כביסה פרסיל סופרה 2.5ק,הנקל סוד,IL,אבקת כביסה פרסיל,קילוגרמים,2.50,"ק""ג",false,0,27.90,11.16,true,1,
7290000245355,false,פרסיל ג'ל לכביסה כחול 3ל,הנקל סוד,IL,פרסיל ג'ל,ליטרים,3.00,ליטר,false,0,29.90,9.97,true,1,
7290000245775,false,פרסיל ג'ל לכביסה ירוק 3ל,הנקל סוד,IL,פרסיל ג'ל 3 ליטר,ליטרים,3.00,ליטר,false,0,29.90,9.97,true,1,
7290000253220,false,שוקולד צ'יפס חום 300 גרם,אופנהיימר,IL,שוקולד צ'יפס,גרמים,300.00,100 גרם,false,0,12.80,4.27,true,1,
7290000253251,false,שוקולד צ'יפס לבן 300 גרם,אופנהיימר,IL,שוקו צ'יפס לבן,גרמים,300.00,100 גרם,false,0,12.80,4.27,true,1,
7290000254197,false,קפה אספרסו זהב 200 גרם,עלית,IL,קפה אספרסו זהב,גרמים,200.00,100 גרם,false,0,28.20,14.10,true,1,
7290000256085,false,רולעדין גלילי ופל 100 גר,עדין,IL,גלילי רולעדין,גרמים,100.00,100 גרם,false,0,7.80,7.80,true,1,
7290000256252,false,פיצפול.אורז תפוח ללתס450,עדין,IL,פיצפולייט,גרמים,450.00,100 גרם,false,0,19.70,4.38,true,1,
7290000260839,false,ספרינג משקה תפוזים 1.5ל',יפאורה שותפות מובגלת לשיווק,IL,ספרינג תפוזים,ליטרים,1.50,ליטר,false,0,6.90,4.60,true,1,
7290000260853,false,ספרינג משקה מנגו 1.5 ל',יפאורה שותפות מובגלת לשיווק,IL,ספרינג מנגו,ליטרים,1.50,ליטר,false,0,6.90,4.60,true,1,
7290000260860,false,ספרינג משקה אפרסק 1.5 ל',יפאורה שותפות מובגלת לשיווק,IL,ספרינג אפרסק,ליטרים,1.50,ליטר,false,0,6.90,4.60,true,1,
7290000260969,false,משקה ספרינג דיאט אשכו1.5,יפאורה שותפות מובגלת לשיווק,IL,ספרינג דיאט,ליטרים,1.50,ליטר,false,0,6.90,4.60,true,1,
7290000264752,false,זוג רדיד.אלומ.מעוצב7*0.3,חוגלה קימברלי,IL,רדיד אלומיניום2*,מטרים,15.00,מטר,false,1,12.50,0.83,true,1,
7290000267036,false,שקד מולבן משובב100גשקדיה,שקדיה,IL,שקד מולבן משובב,גרמים,100.00,100 גרם,false,0,13.80,13.80,true,1,
7290000267043,false,שקד מולבן פרוס100ג'שקדיה,שקדיה,IL,שקד מולבן פרוס,גרמים,100.00,100 גרם,false,0,13.80,13.80,true,1,
7290000267050,false,שקד טבעי טחון100ג-'שקדיה,שקדיה,IL,שקד טבעי טחון,גרמים,100.00,100 גרם,false,0,13.80,13.80,true,1,
7290000267104,false,שקד טבעי גרוס100ג'שקדיה,שקדיה,IL,שקד טבעי גרוס,גרמים,100.00,100 גרם,false,0,13.80,13.80,true,1,
7290000267500,false,קליפות הדר בשוקולד200גרם,שקדיה,IL,קליפות הדר בשוק,גרמים,200.00,100 גרם,false,0,15.80,7.90,true,1,
7290000267548,false,אגוז מלך טחון100ג'שקדיה,שקדיה,IL,אגוז מלך טחון,גרמים,100.00,100 גרם,false,0,13.80,13.80,true,1,
7290000267609,false,פיסטוק חלבי קלוף 150גרם,שקדיה,IL,פיסטוק חלבי קלוף,גרמים,150.00,100 גרם,false,0,29.60,19.73,true,1,
7290000272443,false,סירופ תפוז דיאט 1 ליטר,בית השיטה,IL,סירופ דיאט תפוז,ליטרים,1.00,ליטר,false,0,11.30,11.30,true,1,
7290000272467,false,סירופ פטל דיאט 1 ליטר,בית השיטה,IL,סירופ פטל דיאט,ליטרים,1.00,ליטר,false,0,11.30,11.30,true,1,
7290000272696,false,מיץ לימון משומר-עסיס 1ל',בית השיטה,IL,מיץ לימון משומר,ליטרים,1.00,ליטר,false,0,10.50,10.50,true,1,
7290000272726,false,חומץ 5% 1 ליטר,בית השיטה,IL,חומץ 5%,ליטרים,1.00,ליטר,false,0,7.30,7.30,true,1,
7290000275901,false,חומוסטחינה צנובר צבר400ג,צבר,IL,חומוסטחינה צנובר,גרמים,400.00,100 גרם,false,1,14.90,3.73,true,1,
7290000284316,false,קוקה קולה בקבוק 1.5 ליטר,החברה המרכזית לייצור משקאות,IL,קוקה קולה,ליטרים,1.50,ליטר,false,0,6.80,4.53,true,1,
7290000284347,false,קינלי סודה 1.5 ליטר,החברה המרכזית לייצור משקאות,IL,קינלי סודה,ליטרים,1.50,ליטר,false,0,4.60,3.07,true,1,
7290000284361,false,קולה דיאט בקבוק 1.5 ל',החברה המרכזית לייצור משקאות,IL,קוקה קולה דיאט,ליטרים,1.50,ליטר,false,0,6.80,4.53,true,1,
7290000285849,false,שוופס מי סודה 1.5 ליטר,יפאורה שותפות מובגלת לשיווק,IL,שוופס מי סודה,ליטרים,1.50,ליטר,false,0,3.90,2.60,true,1,
7290000286228,false,סנו סושי 6 כריות יפניות,סנו,IL,ספוגי סנו סושי,יחידה,1.00,יחידה,false,0,10.00,10.00,true,1,
7290000286297,false,סנו אנטיקאלק מסיר אבן700,סנו,IL,סנו מסיר אבן,מיליליטרים,700.00,"100 מ""ל",false,0,12.90,1.84,true,1,
7290000286594,false,סנוX- לימון 600 גרם,סנו,IL,סנוX- קרם לניק,גרמים,600.00,100 גרם,false,0,11.60,1.93,true,1,
7290000286907,false,"סנו מסיר כתמים 170 מ""ל",סנו,IL,סנו מסיר כתמים,מיליליטרים,170.00,"100 מ""ל",false,0,30.10,17.71,true,1,
7290000286921,false,"סנוקל רסס וכבס 750 מ""ל",סנו,IL,סנוקל רסס וכבס,מיליליטרים,750.00,"100 מ""ל",false,0,15.00,2.00,true,1,
7290000287102,false,סנו שמפו לשטיחים 540 גרם,סנו,IL,סנו שמפו לשטיחים,גרמים,540.00,100 גרם,false,0,19.90,3.69,true,1,
7290000287492,false,סנובון נוזלי לימון 750מל,סנו,IL,סנובון נוזלי,מיליליטרים,750.00,"100 מ""ל",false,0,7.90,1.05,true,1,
7290000287607,false,סנו בלו סבון למיכל האסלה,סנו,IL,סנו בלו לאסלה,גרמים,150.00,100 גרם,false,0,23.80,15.87,true,1,
7290000287621,false,סנו אנטי קאלק לאסלות750מ,סנו,IL,סנו מנקה אסלות,מיליליטרים,750.00,"100 מ""ל",false,0,10.00,1.33,true,1,
7290000288017,false,סנו ג'אוול לימון 1 ליטר,סנו,IL,סנו JAVEL,ליטרים,1.00,ליטר,false,0,9.00,9.00,true,1,
7290000288024,false,סנו ג'אוול לימון 4 ליטר,סנו,IL,סנו JAVEL אקונומ,ליטרים,4.00,ליטר,false,0,16.90,4.23,true,1,
7290000288048,false,סנו ג'אוול מרסס לבנדר 1ל,סנו,IL,סנו ג'אוול לבנדר,ליטרים,1.00,ליטר,false,0,18.90,18.90,true,1,
7290000288086,false,סנו ג'אוול אבק,,IL,סנו ג'אוול אבק,גרמים,600.00,100 גרם,false,0,11.80,1.97,true,1,
7290000288109,false,אבקת מקסימה ג'אבל 1.25קג,סנו,IL,א.כביסה מקסימה,קילוגרמים,1.25,"ק""ג",false,0,21.40,17.12,true,1,
7290000288352,false,300-K קוטל חרק/.זוחל630מ,סנו,IL,300-K קוטל חרק,מיליליטרים,630.00,"100 מ""ל",false,0,21.90,3.48,true,1,
7290000288383,false,500-K תרס.נגד נמלים 400מ,סנו,IL,סנו 500-K תרסיס,מיליליטרים,400.00,"100 מ""ל",false,0,22.90,5.73,true,1,
7290000288390,false,600-K יבש קוטל חרקים500מ,סנו,IL,סנו 600-K תרסיס,מיליליטרים,500.00,"100 מ""ל",false,0,22.90,4.58,true,1,
7290000288642,false,מרכך מקסימה סנסטיב 4 ל',סנו,IL,מרכך כביסה,ליטרים,4.00,ליטר,false,0,22.90,5.73,true,1,
7290000289069,false,סנו ג'אוול מרסס לימון 1ל,סנו,IL,סנו ג'אוול מרסס,ליטרים,1.00,ליטר,false,0,18.90,18.90,true,1,
7290000289472,false,סושי 50 שקיות אשפה HD,סנו,IL,50 שקיות אשפה,יחידה,1.00,יחידה,false,0,16.90,16.90,true,1,
7290000289748,false,"סנו פורטה פלוס 750 מ""ל",סנו,IL,סנו פורטה פלוס,מיליליטרים,750.00,"100 מ""ל",false,0,14.80,1.97,true,1,
7290000291932,false,סנובון נוזלי לבנדר 750מל,סנו,IL,סנובון נוזלי,מיליליטרים,750.00,"100 מ""ל",false,0,7.90,1.05,true,1,
7290000292311,false,פוליויקס סחלבים 2 ליטר,סנו,IL,סנו פוליויקס,ליטרים,2.00,ליטר,false,0,23.90,11.95,true,1,
7290000292557,false,סנומט נוזלי45לילות-מילוי,סנו,IL,נוזל מילוי סנו,מיליליטרים,35.00,"100 מ""ל",false,0,18.50,52.86,true,1,
7290000292564,false,"2000-K אינסקטל 750 מ""ל",סנו,IL,סנו 2000-K תרסיס,מיליליטרים,750.00,"100 מ""ל",false,0,30.90,4.12,true,1,
7290000292687,false,סנובון כחול שלישיה55*3גר,סנו,IL,סנובון כחול 3 יח,גרמים,165.00,100 גרם,false,0,17.70,10.73,true,1,
7290000292939,false,אקווה בלו למיכל אסלה100ג,סנו,IL,אקווה בלו לאסלה,גרמים,100.00,100 גרם,false,0,15.00,15.00,true,1,
7290000293943,false,סנו אנטי קאלק מרסס 1 ל',סנו,IL,סנו אנטי קאלק,ליטרים,1.00,ליטר,false,0,17.10,17.10,true,1,
7290000294780,false,סנו ג'אול אקונומ.סמיכה4ל,סנו,IL,סנו ג'אוול 4 ל,ליטרים,4.00,ליטר,false,0,16.90,4.23,true,1,
7290000295336,false,אבקת מקסימה סנסטיב 1.25ק,סנו,IL,אבקת כביסה,קילוגרמים,1.25,"ק""ג",false,0,21.40,17.12,true,1,
7290000295503,false,סושי זוג שקיות אוכל150*2,סנו,IL,שקיות אוכל צמד,יחידה,1.00,יחידה,false,0,13.90,13.90,true,1,
7290000295541,false,סנו סושי 75רב מגבת ג'מבו,סנו,IL,סנו סושי רב מגבת,מטרים,21.00,מטר,false,0,16.90,0.80,true,1,
7290000295558,false,2רדידי אלומיניום0.3*7.5מ,סנו,IL,צמד רדידי אלומינ,מטרים,15.00,מטר,false,0,10.00,0.67,true,1,
7290000295572,false,"מנקה אסלות ""00"" 750*2מל",סנו,IL,צמד מנקה אסלות,ליטרים,1.50,ליטר,false,0,17.90,11.93,true,1,
7290000300689,false,שניצל ברוקולי 750 גרם,טבעול,IL,שניצל ברוקולי,גרמים,750.00,100 גרם,false,0,36.80,4.91,true,1,
7290000300900,false,שניצל תירס 750 גרם,טבעול,IL,שניצל תירס 750 גרם,גרמים,750.00,100 גרם,false,0,27.70,3.69,true,1,
7290000300924,false,שניצל תרד 750 גרם,טבעול,IL,שניצל תרד,גרמים,750.00,100 גרם,false,0,33.20,4.43,true,1,
7290000301778,false,כרובית בציפוי פריך 500גר,טבעול,IL,כרובית בציפוי,גרמים,500.00,100 גרם,false,0,31.10,6.22,true,1,
7290000302041,false,טיים RED 100 10 יח',"דובק בע""מ",IL,טיים 100 חבילה,יחידה,1.00,יחידה,false,0,275.00,275.00,false,1,
7290000302126,false,אירופה 10 יח',"דובק בע""מ",IL,אירופה חבילה,יחידה,1.00,יחידה,false,0,275.00,275.00,false,1,
7290000302409,false,טיים BLUE 10 יח',"דובק בע""מ",IL,טיים BLUE,יחידה,1.00,יחידה,false,0,275.00,275.00,false,1,
7290000302621,false,טיים BLUE 100 10 יח',"דובק בע""מ",IL,טיים BLUE 100,יחידה,1.00,יחידה,false,0,275.00,275.00,false,1,
7290000303598,false,שעועית אפויה+רוטב 570 גר,פרי גליל,IL,שעועית ברוטב,גרמים,570.00,100 גרם,false,0,9.50,1.67,true,1,
7290000303604,false,חומוס שלם 550 גרם,פרי גליל,IL,חומוס שלם,גרמים,550.00,100 גרם,false,0,7.20,1.31,true,1,
7290000304526,false,ממרח סלמון 100 גרם,סטארקיסט,IL,ממרח סלמון,גרמים,100.00,100 גרם,false,0,8.60,8.60,true,1,
7290000304663,false,"סלט טונה פיקנטי""נון160""ג",סטארקיסט,IL,סלט טונה פיקנט,גרמים,160.00,100 גרם,false,0,7.50,4.69,true,1,
7290000305042,false,סרדין סטאר 2-5 120 גרם,.אל.גי.אם.סי,IL,סרדין סטאר,גרמים,120.00,100 גרם,false,0,6.30,5.25,true,1,
7290000305066,false,סרדין סטאר בשמן זית 120ג,.אל.גי.אם.סי,IL,סרדין סטאר,גרמים,120.00,100 גרם,false,0,7.50,6.25,true,1,
7290000305882,false,אס ירקות עם דגים+רוטב120,סטארקיסט,IL,אס דגים+ירקות,גרמים,120.00,100 גרם,false,0,5.80,4.83,true,1,
7290000307015,false,אפונת גינה גדולה 550 גר',פרי גליל,IL,אפונת גינה,גרמים,550.00,100 גרם,false,0,7.90,1.44,true,1,
7290000307046,false,אפונת גינה וגזר 550 גרם,פרי גליל,IL,אפונת גינה וגזר,גרמים,550.00,100 גרם,false,0,7.50,1.36,true,1,
7290000307220,false,גרעיני תירס ואקום 340 גר,פרי גליל,IL,גרעיני תירס,גרמים,340.00,100 גרם,false,0,6.60,1.94,true,1,
7290000307237,false,גרעיני תירס מתוק 550 גרם,פרי גליל,IL,גרעיני תירס,גרמים,550.00,100 גרם,false,0,6.80,1.24,true,1,
7290000307343,false,שעועית ירוקה חתוכה 550 ג,פרי גליל,IL,שעועית ירוקה,גרמים,550.00,100 גרם,false,0,8.00,1.45,true,1,
7290000309675,false,יעה מתקפל,המברשת רוחמה,IL,יעה מתקפל,יחידה,1.00,יחידה,false,0,23.10,23.10,true,1,
7290000315362,false,"קורנפלקס כשל""פ 500 גרם",יוניליוור,IL,"קורנפלקס כשל""פ",גרמים,500.00,100 גרם,false,0,26.10,5.22,true,1,
7290000316444,false,ברנפלקס ל.תוספת סוכר500ג,יוניליוור,IL,"ברנפלקס ללת""ס",גרמים,500.00,100 גרם,false,0,25.70,5.14,true,1,
7290000316833,false,נשנושי ברנפלקס 375 גרם,יוניליוור,IL,נשנושי ברנפלקס,גרמים,375.00,100 גרם,false,0,25.10,6.69,true,1,
7290000318080,false,פסטרמה של פעם 300 גרם,מעדני יחיעם,IL,פסטרמה של פעם,גרמים,300.00,100 גרם,false,0,30.00,10.00,true,1,
7290000318127,false,"נקניקיות ""ביס"" 380 גרם",מעדני יחיעם,IL,"נקניקיות ""ביס""",גרמים,380.00,100 גרם,false,0,12.40,3.26,true,1,
7290000318479,false,פרושוטו עגל 100 גרם,מעדני יחיעם,IL,פרושוטו,גרמים,100.00,100 גרם,false,0,29.10,29.10,true,1,
7290000319131,false,נקניקיות עוף 400 גרם,מעדני יחיעם,IL,נקניקיות עוף,גרמים,400.00,100 גרם,false,0,13.30,3.33,true,1,
7290000319377,false,נקניקיות עגל שויצריות450,מעדני יחיעם,IL,נקניקיות עגל,גרמים,450.00,100 גרם,false,0,23.30,5.18,true,1,
7290000327372,false,ג'אמפ אשכוליות דיאט1.5ל',טמפו,IL,ג'אמפ דיאט,ליטרים,1.50,ליטר,false,0,6.80,4.53,true,1,
7290000327440,false,ג'אמפ מנגו פסיפלורה 1.5ל,טמפו,IL,ג'אמפ מנגו,ליטרים,1.50,ליטר,false,0,6.80,4.53,true,1,
7290000327624,false,מי סודה 1.5 ליטר,טמפו,IL,מי סודה,ליטרים,1.50,ליטר,false,0,3.50,2.33,true,1,
7290000327693,false,סודה פירות יער,,IL,סודה פירות יער,ליטרים,1.50,ליטר,false,0,3.90,2.60,true,1,
7290000327716,false,סודה אננס,,IL,סודה אננס,ליטרים,1.50,ליטר,false,0,3.90,2.60,true,1,
7290000334424,false,שניצל ירקות 750 גרם,תפוגן,IL,שניצל ירקות,גרמים,750.00,100 גרם,false,0,24.70,3.29,true,1,
7290000334431,false,שניצל תירס 750 גרם,תפוגן,IL,שניצל תירס,גרמים,750.00,100 גרם,false,0,22.90,3.05,true,1,
7290000334554,false,חטיפי תירס 600 גרם,תפוגן,IL,חטיפי תירס,גרמים,600.00,100 גרם,false,0,22.90,3.82,true,1,
7290000334684,false,טבעות בצל לתנור 700 גרם,תפוגן,IL,טבעות בצל לתנור,גרמים,700.00,100 גרם,false,0,19.70,2.81,true,1,
7290000339191,false,רן אבקת הלבנה 350 גרם,זוהר דליה,IL,רן אבקת הלבנה,גרמים,350.00,100 גרם,false,0,21.00,6.00,true,1,
7290000339566,false,מרכך כביסה בדין ורוד 4 ל,יוניליוור,IL,מרכך כביסה בדין,ליטרים,4.00,ליטר,false,0,24.70,6.18,true,1,
7290000341071,false,מרכך כביסה בדין בייבי 2ל,יוניליוור,IL,מרכך כביסה בייבי,ליטרים,2.00,ליטר,false,0,16.90,8.45,true,1,
7290000345116,false,תה ירוק עלים 125 גרם,ויסוצקי,IL,תה ירוק עלים,גרמים,125.00,100 גרם,false,0,16.80,13.44,true,1,
7290000345215,false,תה ויסוצקי כחול 100שק1*ג,ויסוצקי,IL,תה ויסוצקי כחול 100שק1*ג,גרמים,100.00,100 גרם,false,0,16.90,16.90,true,1,
7290000345260,false,תה ויסוצקי 25שק1.5*גרם,ויסוצקי,IL,תה ויסוצקי 25שק1.5*גרם,גרמים,37.00,100 גרם,false,0,8.00,21.62,true,1,
7290000345277,false,תה ויסוצקי 50שק1.5* גרם,ויסוצקי,IL,תה ויסוצקי 50שק1.5* גרם,גרמים,75.00,100 גרם,false,0,13.80,18.40,true,1,
7290000345307,false,תה ארל גריי 50 שק1.5*גרם,ויסוצקי,IL,תה ארל גריי 50שק,גרמים,75.00,100 גרם,false,0,23.80,31.73,true,1,
7290000346120,false,חליטת קסם הקינמון2.5X25ג,ויסוצקי,IL,חליטת קינמון,גרמים,62.00,100 גרם,false,0,18.90,30.48,true,1,
7290000346137,false,הילולי פירות הגן 2.5X25ג,ויסוצקי,IL,חליטת פירות,גרמים,62.00,100 גרם,false,0,18.90,30.48,true,1,
7290000346199,false,תה פירות יער 25שק2.7Xג,ויסוצקי,IL,חליטת פירות היער,גרמים,67.00,100 גרם,false,0,18.90,28.21,true,1,
7290000347738,false,תה ירוק עם נענע 25ש1.5Xג,ויסוצקי,IL,תה ירוק נענע,גרמים,37.00,100 גרם,false,0,21.90,59.19,true,1,
7290000347752,false,תה ירוק+לימונ.ולואיזה25ש,ויסוצקי,IL,תה ירוק לימונית,גרמים,37.00,100 גרם,false,0,21.90,59.19,true,1,
7290000355757,false,עגבנ.מרוסקות טל וטרי800ג,מילוז,IL,עגבניות מרוסקות,גרמים,800.00,100 גרם,false,0,8.80,1.10,true,1,
7290000356631,false,עגבנ.מרוסק.טל וטרי300X2ג,מילוז,IL,עגבנ.מרוסקות 2יח,גרמים,600.00,100 גרם,false,0,11.10,1.85,true,1,
7290000364261,false,סלסולי כתף בקר 120 גרם,טירת צבי,IL,דקניקים כתף בקר,גרמים,120.00,100 גרם,false,0,17.30,14.42,true,1,
7290000364285,false,סלסולי פסטרמה הודו 120גר,טירת צבי,IL,דקניקים פסטרמה,גרמים,120.00,100 גרם,false,0,17.30,14.42,true,1,
7290000364292,false,סלסולי פסטרמה גחלים 120ג,טירת צבי,IL,דקמיקים פסטרמה,גרמים,120.00,100 גרם,false,0,17.30,14.42,true,1,
7290000364810,false,נקניקיות עגל 500 גרם,טירת צבי,IL,נקניקיות עגל,גרמים,500.00,100 גרם,false,0,31.10,6.22,true,1,
7290000364858,false,"נקניקיות עוף בואקום 1ק""ג",טירת צבי,IL,נקניקיות עוף,קילוגרמים,1.00,"ק""ג",false,0,32.70,32.70,true,1,
7290000364872,false,נקניקיות עוף 400 גרם,טירת צבי,IL,נקניקיות עוף,גרמים,400.00,100 גרם,false,0,16.10,4.03,true,1,
7290000367590,false,פסטרמה כפרית+סלמי 400*2ג,טירת צבי,IL,צמד כפרי נקניקים,גרמים,800.00,100 גרם,false,0,38.10,4.76,true,1,
7290000377612,false,"מיץ תפוזים סחוט 400 מ""ל",פריגת,IL,מיץ תפוזים,מיליליטרים,400.00,"100 מ""ל",false,0,5.90,1.48,true,1,
7290000379142,false,לחם עינן פרוס וארוז 750ג,מאפיית שלמה א. אנג'ל,IL,לחם עינן פרוס וארוז 750ג,גרמים,750.00,100 גרם,false,0,11.90,1.59,true,1,
7290000379203,false,לחם עינן קל 500 גרם,מאפיית שלמה א. אנג'ל,IL,לחם עינן קל 500 גרם,גרמים,500.00,100 גרם,false,0,11.90,2.38,true,1,
7290000408316,false,יוגורט ביו 3% דנונה 200ג,שטראוס,IL,יוגורט ביו 3%,גרמים,200.00,100 גרם,false,0,3.70,1.85,true,1,
7290000408354,false,דנונה בר פצפוצים 173 גרם,שטראוס,IL,דנונה בר פצפוצים,גרמים,173.00,100 גרם,false,0,4.50,2.60,true,1,
7290000412481,false,"מנקה אסלות ""00"" 1 ליטר",סנו,IL,"מנקה אסלות 00""",ליטרים,1.00,ליטר,false,0,8.70,8.70,true,1,
7290000416021,false,ממרח בטעם שוקולד 500גר,השחר,IL,ממרח השחר,גרמים,500.00,100 גרם,false,0,12.90,2.58,true,1,
7290000416045,false,ממרח מובחר מריחה השחר1קג,השחר,IL,ממרח השחר,קילוגרמים,1.00,"ק""ג",false,0,24.70,24.70,true,1,
7290000416618,false,"ממרח טעם שוקולד בד""ץ400ג",השחר,IL,ממרח בטעם שוקולד,גרמים,400.00,100 גרם,false,0,13.50,3.38,true,1,
7290000419114,false,קפה טחון טורקי לנדור200ג,קפה לנדוור,IL,קפה שחור לנדוור,גרמים,200.00,100 גרם,false,0,18.30,9.15,true,1,
7290000419367,false,קפה לנדוור מקורי 70*4גרם,קפה לנדוור,,קפה לנדוור 4 יח',גרמים,280.00,100 גרם,false,0,22.30,7.96,true,1,
7290000419893,false,קפה לנדור לבוקר טחון100ג,קפה לנדוור,IL,קפה שחור לבוקר,גרמים,100.00,100 גרם,false,0,9.30,9.30,true,1,
7290000419909,false,קפה לנדוור אספרסו טחו100,קפה לנדוור,IL,קפה בטעם אספרסו,גרמים,100.00,100 גרם,false,0,9.30,9.30,true,1,
7290000420332,false,פופקורן חמאה מיקרו100*5ג,פרסטון פארמס,US,פופקורן למיקרו,גרמים,500.00,100 גרם,false,0,16.30,3.26,true,1,
7290000420417,false,גלילונית עם שרוך 65*52סמ,אשפלסט,IL,גלילונית שרוך,יחידה,1.00,יחידה,false,0,16.90,16.90,true,1,
7290000432182,false,נר נשמה בכוס,,IL,נר נשמה בכוס,יחידה,1.00,יחידה,false,0,5.00,5.00,true,1,
7290000432205,false,נר נשמה בכוס,,IL,נר נשמה בכוס,יחידה,1.00,יחידה,false,0,6.40,6.40,true,1,
7290000432335,false,נר נשמה בכוס,,IL,נר נשמה בכוס,יחידה,1.00,יחידה,false,0,6.90,6.90,true,1,
7290000432632,false,נרות שבת,,IL,נרות שבת,יחידה,1.00,יחידה,false,0,4.20,4.20,true,1,
7290000432649,false,נרות שבת,,IL,נרות שבת,יחידה,1.00,יחידה,false,0,4.20,4.20,true,1,
7290000432663,false,נרות שבת,,IL,נרות שבת,יחידה,1.00,יחידה,false,0,4.20,4.20,true,1,
7290000432670,false,נרות שבת,,IL,נרות שבת,יחידה,1.00,יחידה,false,0,4.20,4.20,true,1,
7290000433684,false,פפסי קולה 1.5 ליטר,טמפו,IL,פפסי קולה,ליטרים,1.50,ליטר,false,0,5.90,3.93,true,1,
7290000433714,false,סבן אפ 1.5 ליטר,טמפו,IL,סבן אפ,ליטרים,1.50,ליטר,false,0,6.10,4.07,true,1,
7290000433745,false,מירינדה 1.5 ליטר,טמפו,IL,מירינדה תפוזים,ליטרים,1.50,ליטר,false,0,6.10,4.07,true,1,
7290000433899,false,דיאט סבן אפ 1.5 ליטר,טמפו,IL,דיאט סבן אפ,ליטרים,1.50,ליטר,false,0,6.10,4.07,true,1,
7290000433974,false,פפסי מקס 1.5 ליטר,טמפו,IL,פפסי מקס,ליטרים,1.50,ליטר,false,0,6.10,4.07,true,1,
7290000453019,false,שמרית-שמרים לחים 50 גרם,פאקא,IL,שמרית-שמרים טרי,גרמים,50.00,100 גרם,false,0,4.40,8.80,true,1,
7290000453385,false,שמרים יבשים פאקא,,,שמרים יבשים פאקא,גרמים,500.00,100 גרם,false,0,14.90,2.98,true,1,
7290000461625,false,בייגלה שמיניות מלוח400גר,יוניליוור,IL,בייגלה שמיניות,גרמים,400.00,100 גרם,false,0,7.90,1.98,true,1,
7290000461656,false,בייגל אחד אחד 400 גרם,יוניליוור,IL,בייגלה מקלות,גרמים,400.00,100 גרם,false,0,7.90,1.98,true,1,
7290000461700,false,בייגלה שמינ.גדול.מלוח400,יוניליוור,IL,בייגלה גדול,גרמים,400.00,100 גרם,false,0,15.90,3.98,true,1,
7290000462141,false,זחוק אדום חריף מאוד 150ג,זהבי הכרם,IL,זחוק אדום חריף,גרמים,150.00,100 גרם,false,0,8.10,5.40,true,1,
7290000463490,false,טבעות זיתים ירוקים 560ג,בית השיטה,IL,טבעות זית ירוק,גרמים,560.00,100 גרם,false,0,10.20,1.82,true,1,
7290000466187,false,מלפפונים במלח 13-17 560ג,בית השיטה,IL,מלפפונים במלח,גרמים,560.00,100 גרם,false,0,10.80,1.93,true,1,
7290000466194,false,מלפפונ.במלח18-25 560 גרם,בית השיטה,IL,מלפפונים במלח,גרמים,560.00,100 גרם,false,0,12.60,2.25,true,1,
7290000467153,false,מלך החומוס סמיר הגדול400,צבר,IL,חומוס סמיר הגדול,גרמים,400.00,100 גרם,false,0,13.50,3.38,true,1,
7290000467160,false,מלפפון בחומץ גדול7-9 560,בית השיטה,IL,מלפפונים בחומץ,גרמים,560.00,100 גרם,false,0,7.10,1.27,true,1,
7290000467177,false,מלפפון 12-10 בחומץ 560גר,בית השיטה,IL,מלפפונים בחומץ,גרמים,560.00,100 גרם,false,0,7.60,1.36,true,1,
7290000467184,false,מלפפון חומץ קטן13-17 560,בית השיטה,IL,מלפפונים בחומץ,גרמים,560.00,100 גרם,false,0,10.80,1.93,true,1,
7290000467320,false,מלך חומוס אבו מרוואן400ג,צבר,IL,מלך החומוס צבר,גרמים,400.00,100 גרם,false,0,13.50,3.38,true,1,
7290000468006,false,כרוב כבוש בית השיטה 560ג,בית השיטה,IL,כרוב כבוש,גרמים,560.00,100 גרם,false,0,8.10,1.45,true,1,
7290000469638,false,"מריטו ענק 500 מ""ל",בולטון,IL,מריטו לגיהוץ קל,מיליליטרים,500.00,"100 מ""ל",false,0,24.40,4.88,true,1,
7290000474021,false,חלב מפוסטר שקית 3% 1 ל',טרה,IL,חלב טרה שקית 3%3,ליטרים,1.00,ליטר,false,0,5.00,5.00,true,1,
7290000474076,false,חלב הומוגני בקרטון3% 1ל,טרה,IL,חלב טרי טרה 3%,ליטרים,1.00,ליטר,false,0,5.75,5.75,true,1,
7290000474090,false,חלב הומוגני 1% קרטון 1 ל,טרה,IL,חלב טרי טרה 1%,ליטרים,1.00,ליטר,false,0,5.40,5.40,true,1,
7290000474502,false,גבינה לבנה 5% טרה 250 גר,טרה,IL,גבינה לבנה 5%,גרמים,250.00,100 גרם,false,0,4.60,1.84,true,1,
7290000474540,false,גבי. טוב טעם 3% 250גרם,טרה,IL,גבינת טוב טעם3%,גרמים,250.00,100 גרם,false,0,11.10,4.44,true,1,
7290000480107,false,קואקר ש.שועל פח 500גרם,קואקר אוטס,GB,קואקר שיבולת,גרמים,500.00,100 גרם,false,0,15.00,3.00,true,1,
7290000480329,false,הרמזית 800 טבליות,הרמס סוויטנרס,CH,ממתיק הרמזית,גרמים,9.00,100 גרם,false,0,27.30,303.33,true,1,
7290000480442,false,קואקר באריזת אלומינ500גר,קואקר אוטס,GB,קואקר,גרמים,500.00,100 גרם,false,0,14.80,2.96,true,1,
7290000482071,false,קוקי שקיות אפיה 20 יחי,ש.שסטוביץ,IL,קוקי שקיות אפיה,יחידה,1.00,יחידה,false,0,22.90,22.90,true,1,
7290000484501,false,"אלוף הארק 750 מ""ל",יקב הגליל יוסף גולד ובניו,IL,אלוף הארק,מיליליטרים,750.00,"100 מ""ל",false,0,94.10,12.55,true,1,
7290000490731,false,"גלידל וניל שוקו כשל""פ 90",גלידות פלדמן,IL,גלידל וניל שוקו,ליטרים,1.00,ליטר,false,0,26.20,26.20,true,1,
7290000493183,false,רוטב פטריות לבשר-אבקה30ג,אסם,IL,רוטב פטריות,גרמים,30.00,100 גרם,false,0,4.00,13.33,true,1,
7290000497044,false,לחם ברמן אקטיב 750 גרם,מאפית ברמן,IL,לחם ברמן אקטיב 750 גרם,גרמים,750.00,100 גרם,false,0,14.90,1.99,true,1,
7290000497204,false,פיתות בשקית 100 גרם X 5,מאפית ברמן,IL,פיתות בשקית 100 גרם X 5,גרמים,500.00,100 גרם,false,0,8.80,1.76,true,1,
7290000497228,false,6 לחמניות רגילות בשקית,מאפית ברמן,IL,6 לחמניות רגילות בשקית,גרמים,450.00,100 גרם,false,0,11.80,2.62,true,1,
7290000497303,false,6 לחמניות מקמח מלא בשקית,מאפית ברמן,IL,6 לחמניות מקמח מלא בשקית,גרמים,450.00,100 גרם,false,0,11.80,2.62,true,1,
7290000497426,false,לחם ברמן קל לענין 500גרם,מאפית ברמן,IL,לחם ברמן קל לענין 500גרם,גרמים,500.00,100 גרם,false,0,15.80,3.16,true,1,
7290000497457,false,לחם דגנים 750 גרם,מאפית ברמן,IL,לחם דגנים 750 גרם,גרמים,750.00,100 גרם,false,0,14.80,1.97,true,1,
7290000497532,false,לחם ברמן לענין 750 גרם,מאפית ברמן,IL,לחם ברמן לענין 750 גרם,גרמים,750.00,100 גרם,false,0,15.80,2.11,true,1,
7290000497570,false,לחם דגני קלות פרוס 500גר,מאפית ברמן,IL,לחם דגני קלות פרוס 500גר,גרמים,500.00,100 גרם,false,0,15.80,3.16,true,1,
7290000504025,false,סוכרזית 300 טבליות פטריה,"ביסקול בע""מ",IL,סוכרזית פטריה,גרמים,24.00,100 גרם,false,0,9.90,41.25,true,1,
7290000504049,false,סוכרזית 1200 טבליות,"ביסקול בע""מ",IL,סוכרזית טבליות,גרמים,98.00,100 גרם,false,0,23.90,24.39,true,1,
7290000506111,false,חזרת פיאו 400 גרם,פיאו,IL,חזרת פיאו,גרמים,400.00,100 גרם,false,0,11.80,2.95,true,1,
7290000518169,false,מתוק וקל 1000 טבליות,מתוק וקל,IL,מתוק וקל,גרמים,80.00,100 גרם,false,0,10.40,13.00,true,1,
7290000518176,false,מתוק וקל ענק 250 שקיות,למפדוס,IL,מתוק וקל ענק,גרמים,250.00,100 גרם,false,0,22.30,8.92,true,1,
7290000518251,false,מתוק וקל זהב 100 שקיות,למפדוס,IL,מתוק וקל זהב,יחידה,1.00,יחידה,false,0,12.80,12.80,true,1,
7290000521008,false,יין אדום יבש של סגל750מל,יינות סגל,IL,יין סגל אדום,מיליליטרים,750.00,"100 מ""ל",false,0,16.90,2.25,true,1,
7290000521015,false,"יין לבן יבש של סגל750מ""ל",יינות סגל,IL,יין לבן של סגל,מיליליטרים,750.00,"100 מ""ל",false,0,16.90,2.25,true,1,
7290000521022,false,יין סגל לבן רג.ח.יבש750מ,יינות סגל,IL,יין לבן חצי יבש,מיליליטרים,750.00,"100 מ""ל",false,0,16.90,2.25,true,1,
7290000521404,false,"מרום גליל קברנה 750 מ""ל",יינות סגל,IL,מרום גליל קברנה,מיליליטרים,750.00,"100 מ""ל",false,0,32.90,4.39,true,1,
7290000522166,false,חלב הרים נטול לקטוז3% 1ל,"מחלבות רמה""ג",IL,חלב הרים נטול לקטוז3% 1ל,ליטרים,1.00,ליטר,false,0,10.80,10.80,true,1,
7290000522234,false,"רוטב רוזה שמנת15% 450מ""ל",מחלבות רמת הגולן,IL,רוטב רוזה,מיליליטרים,450.00,"100 מ""ל",false,1,18.70,4.16,true,1,
7290000523118,false,"מלח ים יבש 1 ק""ג",תעשיות מלח לישראל,IL,"מלח ים יבש 1 ק""ג",קילוגרמים,1.00,"ק""ג",false,0,7.90,7.90,true,1,
7290000523224,false,מלח ים יבש 500 גרם,תעשיות מלח לישראל,IL,מלח ים שולחני,גרמים,500.00,100 גרם,false,0,8.40,1.68,true,1,
7290000523521,false,מלח ים מועשר ביוד 250גרם,תעשיות מלח לישראל,IL,מלח ים מועשר,גרמים,250.00,100 גרם,false,0,5.00,2.00,true,1,
7290000523804,false,"מלח הארץ עדין צנצנת 1ק""ג",תעשיות מלח לישראל,,מלח הארץ עדין,קילוגרמים,1.00,"ק""ג",false,0,7.30,7.30,true,1,
7290000523811,false,"מלח הארץ גס צנצנת 1 ק""ג",תעשיות מלח לישראל,IL,"מלח הארץ גס צנצנת 1 ק""ג",קילוגרמים,1.00,"ק""ג",false,0,7.30,7.30,true,1,
7290000525969,false,מיץ תפוזים סחוט 1 ליטר,גניר,IL,מיץ תפוזים סחוט,ליטרים,1.00,ליטר,false,0,10.00,10.00,true,1,
7290000530086,false,נקניק מעושן7000- 600 גרם,זוגלובק,IL,נקניק מעושן,גרמים,600.00,100 גרם,false,0,39.00,6.50,true,1,
7290000530109,false,קבנוס בואקום 180X2 גרם,זוגלובק,IL,זוג קבנוס בואקום,גרמים,360.00,100 גרם,false,0,28.70,7.97,true,1,
7290000530413,false,המבורגר זהב 400 גרם,זוגלובק,IL,המבורגר זהב,גרמים,400.00,100 גרם,false,0,22.70,5.68,true,1,
7290000530703,false,פסטרמה חרמון+תה 400+400ג,זוגלובק,IL,מארז חרמון+תה,גרמים,800.00,100 גרם,false,0,34.40,4.30,true,1,
7290000531601,false,סטייק בורגר 400גר',זוגלובק,IL,סטייק בורגר 00,גרמים,400.00,100 גרם,false,0,22.70,5.68,true,1,
7290000531977,false,בורקס גבינה 800 גרם,זוגלובק,IL,בורקס גבינה,גרמים,800.00,100 גרם,false,0,19.70,2.46,true,1,
7290000533353,false,"בצק עלים 1 ק""ג",זוגלובק,IL,בצק עלים,גרמים,1000.00,100 גרם,false,0,15.80,1.58,true,1,
7290000536316,false,שניצל מן הצומח 1 קג,זוגלובק,IL,שניצל מן הצומח,גרמים,1000.00,100 גרם,false,0,33.00,3.30,true,1,
7290000536743,false,מקלוני תירס 500גרם,זוגלובק,IL,מקלוני תירס,גרמים,500.00,100 גרם,false,0,19.70,3.94,true,1,
7290000537566,false,נקניקיות עוף 400 גרם,זוגלובק,IL,נקניקיות עוף,גרמים,400.00,100 גרם,false,0,15.90,3.98,true,1,
7290000537603,false,"נקניקיות עוף טריות 1 ק""ג",זוגלובק,IL,נקניקיות עוף,קילוגרמים,1.00,"ק""ג",false,0,30.90,30.90,true,1,
7290000540160,false,עוג.ללא סוכ.חיטה מלאה500,האחים,IL,עוגיות ללא סוכר,גרמים,500.00,100 גרם,false,0,22.80,4.56,true,1,
7290000551074,false,פילה מדומה מס6' מוכשר קפ,שונות,XX,פ.מדומה מוכשר,גרמים,0.00,"ק""ג",true,0,57.40,57.40,true,1,
7290000551098,false,בשר זרוע מס8' מוכשר קג,שונות,XX,בשר זרוע מוכשר,קילוגרמים,0.00,"ק""ג",true,0,47.90,47.90,true,1,
7290000551197,false,לשון קפואה קג,טיבון ויל - נטו,PY,לשון קפואה קג,קילוגרמים,0.00,"ק""ג",true,0,39.90,39.90,true,1,
7290000552194,false,קישקע 500 גרם,טיבון ויל - נטו,IL,קישקע,גרמים,500.00,100 גרם,false,0,17.70,3.54,true,1,
7290000552569,false,סטייק בורגר 400 גרם,טיבון ויל - נטו,IL,סטייק בורגר,גרמים,400.00,100 גרם,false,0,24.30,6.08,true,1,
7290000552989,false,בשר טחון מובחר 500 גרם,טיבון ויל - נטו,IL,בשר טחון מובחר,גרמים,500.00,100 גרם,false,0,32.20,6.44,true,1,
7290000560021,false,אדג' פרו ג'ל מונע חתך200,אנרג'ייזר,US,ג'ל אדג' פרו,מיליליטרים,200.00,"100 מ""ל",false,0,17.90,8.95,true,1,
7290000560533,false,"אדג' פרו ג'ל רגיל 200מ""ל",אנרג'ייזר,US,אדג' ג'ל לגילוח,מיליליטרים,200.00,"100 מ""ל",false,0,17.90,8.95,true,1,
7290000591797,false,שוקומצה 200 גרם,מצות ראשון לציון,IL,שוקומצה,גרמים,200.00,100 גרם,false,0,13.90,6.95,true,1,
7290000631035,false,כבד עוף קפוא עטרה מחיר ל,שונות,IL,כבד עוף קפוא עטרה מחיר ל,קילוגרמים,0.00,"ק""ג",true,0,35.60,35.60,true,1,
7290000632209,false,חזה עוף קפוא עטרה מחיר ל,שונות,IL,חזה עוף קפוא,קילוגרמים,0.00,"ק""ג",true,0,34.60,34.60,true,1,
7290000632391,false,כרעיים עוף קפוא עטרה מחי,שונות,IL,כרעיים עוף קפוא עטרה מחי,קילוגרמים,0.00,"ק""ג",true,0,33.60,33.60,true,1,
7290000632698,false,שוקיים עוף קפוא עטרה מחי,שונות,IL,שוקיים עוף קפוא עטרה מחי,קילוגרמים,0.00,"ק""ג",true,0,36.60,36.60,true,1,
7290000644783,false,מנות פילה סלמון קפוא קג,תנובה,IL,פילה סלמון מנות,קילוגרמים,0.00,"ק""ג",true,0,77.90,77.90,true,1,
7290000659312,false,פילה סלמון ממותג קפוא קג,תנובה,IL,פילה סלמון ממותג קפוא קג,קילוגרמים,0.00,"ק""ג",true,0,74.90,74.90,true,1,
7290000688381,false,"מי עדן אישי 500*6 מ""ל",מי עדן,IL,מי עדן אישי 6 בק,ליטרים,3.00,ליטר,false,0,14.60,4.87,true,1,
7290000688732,false,מי עדן 6 * 1.5 ליטר,מי עדן,IL,מי עדן 6 יח,ליטרים,9.00,ליטר,false,0,12.70,1.41,true,1,
7290000692227,false,פלמוליב לשטיפת כלים 1 ל',קולגייט-פלמוליב,GR,פלמוליב לכלים,ליטרים,1.00,ליטר,false,0,14.60,14.60,true,1,
7290000692456,false,אג'קס חלונות750*2מל,קולגייט-פלמוליב,GR,אג'קס לחלונות,ליטרים,1.50,ליטר,false,0,26.60,17.73,true,1,
7290000802909,false,עדינול משחה לתינוק 100גר,אמיליה קוסמטיקס,IL,עדינול לתינוק,גרמים,100.00,100 גרם,false,0,12.90,12.90,true,1,
7290000803180,false,שטיפה דנטלית מרידול 400מ,גאבה,CH,שטיפה מרידול,מיליליטרים,400.00,"100 מ""ל",false,0,24.90,6.23,true,1,
7290000849478,false,"סרקל מרכך 500 מ""ל",פישר מעבדות פרמצבטיות,IL,מרכך שיער סרקל,מיליליטרים,500.00,"100 מ""ל",false,0,20.00,4.00,true,1,
7290000849492,false,"סרקל שמפו 500 מ""ל",פישר מעבדות פרמצבטיות,IL,שמפו לשיער סרק,מיליליטרים,500.00,"100 מ""ל",false,0,20.00,4.00,true,1,
7290000922591,true,עוף שלם טרי תפזורת עצמי,שונות,IL,עוף שלם טרי,קילוגרמים,0.00,"ק""ג",true,0,19.90,19.90,true,1,
7290000928265,true,פילה סלמון קפוא שופרסל,נטו,IL,פילהה סלמון קפוא,קילוגרמים,0.00,"ק""ג",true,0,66.90,66.90,true,1,
7290000929514,true,גרון הודו נ.טרי ת.עצמי,שונות,IL,גרון הודו טרי,קילוגרמים,0.00,"ק""ג",true,0,25.90,25.90,true,1,
7290000961552,true,פלפל כתום,קטיף,IL,פלפל כתום,קילוגרמים,0.00,"ק""ג",true,0,9.90,9.90,true,1,
7290000961804,true,דלעת ארוזה,קטיף,IL,דלעת ארוזה,קילוגרמים,0.00,"ק""ג",true,0,9.90,9.90,true,1,
7290000963136,true,תפוח עץ מוזהב 65,קטיף,XX,תפוח עץ מוזהב,קילוגרמים,0.00,"ק""ג",true,0,9.90,9.90,true,1,
7290000963174,true,תפוח עץ יונתן יבוא,קטיף,XX,תפוח עץ יונתן,קילוגרמים,0.00,"ק""ג",true,0,12.90,12.90,true,1,
7290000963297,true,תפוח עץ סטרקינג 65,קטיף,XX,"ת""ע סטרקינג",קילוגרמים,0.00,"ק""ג",true,0,10.90,10.90,true,1,
7290000963310,true,"תפו""ע קנזי",קטיף,XX,"תפו""ע קנזי",קילוגרמים,0.00,"ק""ג",true,0,13.90,13.90,true,1,
7290000963563,true,תפוח עץ סמיט65,קטיף,XX,תפוח עץ סמיט65,קילוגרמים,0.00,"ק""ג",true,0,9.90,9.90,true,1,
7290000963617,true,תפוח עץ ענה 60,קטיף,IL,"תפו""ע ענה",קילוגרמים,0.00,"ק""ג",true,0,9.90,9.90,true,1,
7290000963686,true,תפוח עץ גאלה יבוא,קטיף,XX,תפוח עץ גאלה,קילוגרמים,0.00,"ק""ג",true,0,13.90,13.90,true,1,
7290000963976,true,נקטרינה 60,קטיף,IL,נקטרינה,קילוגרמים,0.00,"ק""ג",true,0,11.90,11.90,true,1,
7290000964034,true,אפרסק 60,קטיף,IL,אפרסק,קילוגרמים,0.00,"ק""ג",true,0,11.90,11.90,true,1,
7290000964300,true,תפוז,קטיף,IL,תפוז,קילוגרמים,0.00,"ק""ג",true,0,6.90,6.90,true,1,
7290000964348,true,תפוז ברשת למיץ,קטיף,IL,תפוז ברשת למיץ,קילוגרמים,0.00,"ק""ג",true,0,5.90,5.90,true,1,
7290000964379,true,אשכולית לבנה,קטיף,IL,אשכולית לבנה,קילוגרמים,0.00,"ק""ג",true,0,5.90,5.90,true,1,
7290000964461,true,פומלית,קטיף,IL,פומלית,קילוגרמים,0.00,"ק""ג",true,0,6.90,6.90,true,1,
7290000964492,true,לימון תפזורת,קטיף,IL,לימון,קילוגרמים,0.00,"ק""ג",true,0,8.90,8.90,true,1,
7290000964775,true,בננות,קטיף,IL,בננות,קילוגרמים,0.00,"ק""ג",true,0,9.90,9.90,true,1,
7290000964959,true,אגס ספדונה 65 יבוא,קטיף,ES,אגס ספדונה 65,קילוגרמים,0.00,"ק""ג",true,0,11.90,11.90,true,1,
7290000964980,true,אבוקדו,קטיף,IL,אבוקדו,קילוגרמים,0.00,"ק""ג",true,0,19.90,19.90,true,1,
7290000965031,true,אבטיח במיכל,קטיף,IL,אבטיח,קילוגרמים,0.00,"ק""ג",true,0,3.90,3.90,true,1,
7290000965048,true,אבטיח אישי בארגז,קטיף,IL,אבטיח אישי,קילוגרמים,0.00,"ק""ג",true,0,4.90,4.90,true,1,
7290000965079,true,מלון כתום,,IL,מלון כתום,קילוגרמים,0.00,"ק""ג",true,0,5.90,5.90,true,1,
7290000965116,true,משמש,קטיף,IL,משמש,קילוגרמים,0.00,"ק""ג",true,0,16.90,16.90,true,1,
7290000965345,true,שזיף אדום 55,קטיף,IL,שזיף אדום,קילוגרמים,0.00,"ק""ג",true,0,15.90,15.90,true,1,
7290000966038,true,ענב לבן מובחר,קטיף,IL,ענב לבן,קילוגרמים,0.00,"ק""ג",true,0,15.90,15.90,true,1,
7290000966410,true,שסק,קטיף,IL,שסק,קילוגרמים,0.00,"ק""ג",true,0,15.90,15.90,true,1,
7290000966793,true,דובדבן אדום-יחידה,קטיף,IL,דובדבן אדום יח,יחידה,1.00,יחידה,false,0,11.90,11.90,true,1,
7290000982939,true,לוף פרסה-יחידה,קטיף,IL,לוף פרסה-יחידה,יחידה,1.00,יחידה,false,0,8.00,8.00,true,1,
7290000992693,true,כרוב חרוט,קטיף,IL,כרוב חרוט,קילוגרמים,0.00,"ק""ג",true,0,5.90,5.90,true,1,
7290000993195,true,ענב לבן - יחידה,קטיף,XX,ענב לבן -יחידה,יחידה,1.00,יחידה,false,0,9.90,9.90,true,1,
7290001012123,false,פרש וואנס קייר כחול 72*4,על בד,IL,פרש וואנס,יחידה,1.00,יחידה,false,0,17.90,17.90,true,1,
7290001045169,false,מיץ תפוחים צלול בק1.ליטר,גניר,IL,מיץ תפוחים צלול בק1.ליטר,ליטרים,1.00,ליטר,false,0,10.00,10.00,true,1,
7290001045220,false,מיץ תפוזים סחוט 2 ליטר,גניר,IL,מיץ תפוזים סחוט,ליטרים,2.00,ליטר,false,0,25.90,12.95,true,1,
7290001121788,false,נקניקיות עוף טבעיות400גר,מעדני יחיעם,IL,נקניקיות עוף,גרמים,400.00,100 גרם,false,0,17.00,4.25,true,1,
7290001136287,false,"שמפו נקה 7 רגיל 750 מ""ל",אמיליה קוסמטיקס,IL,שמפו נקה 7,מיליליטרים,750.00,"100 מ""ל",false,0,10.00,1.33,true,1,
7290001136294,false,שמפו נקה 7 יבש/צבוע750מל,אמיליה קוסמטיקס,IL,שמפו נקה 7,מיליליטרים,750.00,"100 מ""ל",false,0,10.00,1.33,true,1,
7290001136683,false,"מרכך נקה 7 ס""ש 750 מ""ל",אמיליה קוסמטיקס,IL,קונדישינר נקה 7,מיליליטרים,750.00,"100 מ""ל",false,0,10.00,1.33,true,1,
7290001136799,false,תחליב רחצה נקה7 ורוד 1 ל,אמיליה קוסמטיקס,IL,תחליב רחצה נקה 7,ליטרים,1.00,ליטר,false,0,15.40,15.40,true,1,
7290001136973,false,תחליב רחצה נקה 7 לבן 1 ל,אמיליה קוסמטיקס,IL,תחליב רחצה נקה 7,ליטרים,1.00,ליטר,false,0,15.40,15.40,true,1,
7290001158500,false,כנפי עוף טרי תפזורת עצמי,שונות,IL,כנפיים עוף טרי,קילוגרמים,0.00,"ק""ג",true,0,12.90,12.90,true,1,
7290001158517,false,כרעי עוף טרי תפזורת עצמי,שופרסל,IL,כרעיים עוף טרי,קילוגרמים,0.00,"ק""ג",true,0,29.90,29.90,true,1,
7290001158524,false,שניצל עוף טרי ת עצמי,שונות,IL,שניצל עוף טרי,קילוגרמים,0.00,"ק""ג",true,0,37.90,37.90,true,1,
7290001158531,false,שוקי עוף טרי תפזורת עצמי,שונות,IL,שוקיים עוף טרי,קילוגרמים,0.00,"ק""ג",true,0,34.90,34.90,true,1,
7290001216040,false,טחינה גולמית 500 גרם,אגס ירוק מסחר ושירותים,IL,טחינה גולמית,גרמים,500.00,100 גרם,false,0,16.90,3.38,true,1,
7290001216231,false,טחינה מלאה 500 גרם,אגס ירוק מסחר ושירותים,IL,טחינה מלאה,גרמים,500.00,100 גרם,false,0,18.90,3.78,true,1,
7290001230739,false,כאמל כחול חפיסה חפיסה,jti,CH,כאמל כחול יח',יחידה,1.00,יחידה,false,0,32.00,32.00,false,1,
7290001231932,false,ווינסטון כחול בוקס חפ.,jti,CH,ווינסטון כחול,יחידה,1.00,יחידה,false,0,32.00,32.00,false,1,
7290001235938,false,וינסטון כחול ארוך 100,jti,CH,וינסטון חפ.,יחידה,1.00,יחידה,false,0,32.00,32.00,false,1,
7290001247006,false,גזוז בטעם קולה קריסטל 2ל,יפאורה שותפות מובגלת לשיווק,IL,קריסטל קולה,ליטרים,2.00,ליטר,false,0,3.90,1.95,true,1,
7290001247020,false,קריסטל אורנג' 2 ליטר,יפאורה שותפות מובגלת לשיווק,IL,קריסטל אורנג',ליטרים,2.00,ליטר,false,0,3.90,1.95,true,1,
7290001247037,false,גזוז בטעם מנטה קריסטל 2ל,יפאורה שותפות מובגלת לשיווק,IL,גזוז בטעם מנטה,ליטרים,2.00,ליטר,false,0,3.90,1.95,true,1,
7290001247044,false,קריסטל תות מוגז 2 ליטר,יפאורה שותפות מובגלת לשיווק,IL,קריסטל מוגז תות,ליטרים,2.00,ליטר,false,0,3.90,1.95,true,1,
7290001247051,false,קריסטל למון ליים 2 ליטר,יפאורה שותפות מובגלת לשיווק,IL,גזוז לימון ליים,ליטרים,2.00,ליטר,false,0,3.90,1.95,true,1,
7290001247082,false,נקטר עגבניות ספרינג 1 ל',יפאורה שותפות מובגלת לשיווק,IL,נקטר עגבניות,ליטרים,1.00,ליטר,false,0,5.50,5.50,true,1,
7290001247099,false,נקטר ספרינג מנגו 1 ליטר,יפאורה שותפות מובגלת לשיווק,IL,נקטר ספרינג מנגו,ליטרים,1.00,ליטר,false,0,5.50,5.50,true,1,
7290001247105,false,נקטר ספרינג אפרסק 1 ליטר,יפאורה שותפות מובגלת לשיווק,IL,נקטר אפרסק,ליטרים,1.00,ליטר,false,0,5.50,5.50,true,1,
7290001247112,false,נקטר ספרינג לימונענע 1ל',יפאורה שותפות מובגלת לשיווק,IL,משקה לימונענע,ליטרים,1.00,ליטר,false,0,5.50,5.50,true,1,
7290001247129,false,נקטר ספרינג תפוזים 1ליטר,יפאורה שותפות מובגלת לשיווק,IL,נקטר ספרינג תפוז,ליטרים,1.00,ליטר,false,0,5.50,5.50,true,1,
7290001247143,false,נקטר ספרינג תפוחים 1ליטר,יפאורה שותפות מובגלת לשיווק,IL,נקטר ספרינג תפוח,ליטרים,1.00,ליטר,false,0,5.50,5.50,true,1,
7290001247952,false,"תפוזינה משק""ל ענבים1.5ל",יפאורה שותפות מובגלת לשיווק,IL,תפוזינה ענבים,ליטרים,1.50,ליטר,false,0,6.50,4.33,true,1,
7290001274729,false,גלידל ריבת חלב 900 כשלפ,גלידות פלדמן,IL,גלידל ריבת חלב,מיליליטרים,900.00,"100 מ""ל",false,0,26.20,2.91,true,1,
7290001274934,false,גלידל פרי לימון דייט כשל,גלידות פלדמן,IL,גלידל פרי לימון,גרמים,640.00,100 גרם,false,0,27.30,4.27,true,1,
7290001274941,false,גלידל פרי דיאטטי פטל כשל,גלידות פלדמן,IL,גלידל פרי פטל,גרמים,640.00,100 גרם,false,0,27.30,4.27,true,1,
7290001305058,false,סב.נוז.פלמול.חלב דבש500מ,קולגייט-פלמוליב,IT,סב.נוזלי פלמוליב,מיליליטרים,500.00,"100 מ""ל",false,0,15.00,3.00,true,1,
7290001305188,false,פלמוליב לכלים צהוב 750מל,קולגייט-פלמוליב,GR,פלמוליב לכלים,מיליליטרים,750.00,"100 מ""ל",false,0,11.30,1.51,true,1,
7290001327180,false,קרמיסימו וניל צ'יפ 1.33ל,שטראוס,IL,קרמיסימו וניל צ'יפ 1.33ל,ליטרים,1.33,ליטר,false,0,20.90,15.71,true,1,
7290001327227,false,קרמיסימו ריבת חלב 1.33ל',שטראוס,IL,קרמיסימו ריבת חלב 1.33ל',ליטרים,1.33,ליטר,false,0,20.90,15.71,true,1,
7290001327357,false,גל.קרמיסימו וניל 1.33ל',שטראוס,IL,גל.קרמיסימו וניל 1.33ל',ליטרים,1.33,ליטר,false,0,20.90,15.71,true,1,
7290001327838,false,מאגדת מיני מגנום פולטיפק,שטראוס,IL,מאגדת מיני מגנום פולטיפק,גרמים,250.00,100 גרם,false,0,29.90,11.96,true,1,
7290001407547,false,טחינה שומשום פי6מלא 500ג,רושדי תעשיות מזון,IL,טחינה שומשום מלא,גרמים,500.00,100 גרם,false,1,17.70,3.54,true,1,
7290001407769,false,טחינה שומש.מלא בארכה500ג,רושדי תעשיות מזון,IL,טחינה שומשום,גרמים,500.00,100 גרם,false,0,17.70,3.54,true,1,
7290001407844,false,חלבה וניל בארכה 350 גרם,רושדי תעשיות מזון,IL,חלבה וניל,גרמים,350.00,100 גרם,false,0,9.90,2.83,true,1,
7290001462010,false,אריסה מרוקאית 250 גרם,נטו,IL,אריסה מרוקאית,גרמים,250.00,100 גרם,false,0,15.70,6.28,true,1,
7290001482384,false,לפתן אננס חתוך,,TH,לפתן אננס חתוך,גרמים,227.00,100 גרם,false,0,5.90,2.60,true,1,
7290001491096,false,תה ירוק לימונ+לואיזה50שק,ויסוצקי,IL,תה ירוק לימונית,גרמים,75.00,100 גרם,false,0,43.80,58.40,true,1,
7290001507032,false,וופל חרובים,,IL,וופל חרובים,גרמים,20.00,100 גרם,false,0,4.50,22.50,true,1,
7290001594377,false,"פריגת תפוזים 500 מ""ל",פריגת,IL,פריגת תפוזים,מיליליטרים,500.00,"100 מ""ל",false,0,7.60,1.52,true,1,
7290001594568,false,"בירה קרלסברג בפחית500מ""ל",קרלסברג ישראל,IL,בירה קרלסברג פח,מיליליטרים,500.00,"100 מ""ל",false,0,9.90,1.98,true,1,
7290001648155,false,קפה רג'ואן 100 גרם,רוני רג'ואן ושות,IL,קפה רג'ואן,גרמים,100.00,100 גרם,false,0,7.30,7.30,true,1,
7290001648643,false,קפה טורקי כתר 3 יח100X'ג,רוני רג'ואן ושות,IL,מארז טורקי כתר,גרמים,300.00,100 גרם,false,0,14.70,4.90,true,1,
7290001670194,false,עוגיות מרוקאיות 400 גרם,הנמל,IL,עוגיות מרוקאיות,גרמים,400.00,100 גרם,false,0,17.30,4.33,true,1,
7290001713853,false,אקונומיקה מבושמת 4 ליטר,קומפלקס כימיקלים,IL,אקונומיקה מבושמת,ליטרים,4.00,ליטר,false,0,9.90,2.48,true,1,
7290001727539,false,דלי 12 ליטר,המברשת רוחמה,IL,דלי 12 ליטר,יחידה,1.00,יחידה,false,0,14.00,14.00,true,1,
7290001780428,false,גלידיאט שוקו+ 6יח'כשלפ,נסטלה,IL,מארז גלידיאט,גרמים,360.00,100 גרם,false,0,31.20,8.67,true,1,
7290001791349,false,פיסגה אקונומיקה ריחנית4ל,סנו,IL,אקונומיקה פיסגה,ליטרים,4.00,ליטר,false,0,8.90,2.23,true,1,
7290001791776,false,סנו די רול און אלוורה50מ,סנו,IL,סנו די רול און,מיליליטרים,50.00,"100 מ""ל",false,0,19.90,39.80,true,1,
7290001813881,false,פתי בר בטעם חמאה 500 גרם,עלית,IL,פתי בר עלית,גרמים,500.00,100 גרם,false,0,11.30,2.26,true,1,
7290001814222,false,שוקולד חלב עם עדשים 100ג,עלית,IL,שוקולד עדשים,גרמים,100.00,100 גרם,false,0,6.60,6.60,true,1,
7290001817063,false,סוכ.טופי מזל וברכות850גר,עלית,IL,טופי ברכות פירות,גרמים,850.00,100 גרם,false,0,15.80,1.86,true,1,
7290001817728,false,צ'יטוס כאפה 55 גרם,עלית,IL,צ'יטוס כפאה,גרמים,55.00,100 גרם,false,0,3.60,6.55,true,1,
7290001865453,false,סבון פמלי סגול+משאבה 1ל',אינטרקוסמא,IL,סבון נוזלי פמלי,ליטרים,1.00,ליטר,false,0,14.90,14.90,true,1,
7290001990094,false,"סוכר חום בצנצנת 1 ק""ג",סוגת,IL,"סוכר חום בצנצנת 1 ק""ג",קילוגרמים,1.00,"ק""ג",false,0,12.80,12.80,true,1,
7290001990148,false,"סוכר גולדן קלאסי 1 ק""ג",סוגת,IL,סוכר גולדן,קילוגרמים,1.00,"ק""ג",false,0,12.10,12.10,true,1,
7290001990278,false,"שעועית לבנה 1 ק""ג",סוגת,IL,שעועית לבנה,קילוגרמים,1.00,"ק""ג",false,0,20.90,20.90,true,1,
7290001990391,false,"אפונה 1 ק""ג",סוגת,IL,אפונה,קילוגרמים,1.00,"ק""ג",false,0,10.80,10.80,true,1,
7290001990407,false,"עדשים ירוקות 1 ק""ג",סוגת,IL,עדשים ירוקות,קילוגרמים,1.00,"ק""ג",false,0,13.40,13.40,true,1,
7290001990414,false,"עדשים אדומות 1 ק""ג",סוגת,IL,עדשים אדומות,קילוגרמים,1.00,"ק""ג",false,0,13.40,13.40,true,1,
7290001990421,false,"פופקורן 1 ק""ג",סוגת,IL,"פופקורן 1 ק""ג",קילוגרמים,1.00,"ק""ג",false,0,10.80,10.80,true,1,
7290002000136,false,שעוות הדבש משי מיקרו500ג,ש.שוורץ,IL,שעוות מגע משי,גרמים,500.00,100 גרם,false,0,15.90,3.18,true,1,
7290002002857,false,נייר שעווה 50 יחידות,אלסום ביגנדו,IL,נייר שעווה,יחידה,1.00,יחידה,false,0,19.90,19.90,true,1,
7290002007500,false,קיסמים שיניים במבוק500יח,הנמל,IL,קיסמי שיניים,יחידה,1.00,יחידה,false,0,3.50,3.50,true,1,
7290002008040,false,"מקלות לשיפודים30ס""מ100יח",הנמל,IL,מקלות לשיפודים,יחידה,1.00,יחידה,false,0,3.50,3.50,true,1,
7290002008187,false,קשים מתקפלים 40 יח',הנמל,IL,קשים מתקפלים,יחידה,1.00,יחידה,false,0,1.00,1.00,true,1,
7290002008224,false,מזרה עגול צבעוני צנצ100.,הנמל,IL,סוכריות לקישוט,גרמים,100.00,100 גרם,false,0,6.20,6.20,true,1,
7290002008354,false,מפת שולחן פלסטיק 8 יחידו,הנמל,IL,מפת שולחן פלסטיק,יחידה,1.00,יחידה,false,0,11.00,11.00,true,1,
7290002008460,false,עטרות חום מס' 1.5 קופסא,הנמל,IL,עטרות חום,יחידה,1.00,יחידה,false,0,3.90,3.90,true,1,
7290002008941,false,עוג.מרוקאיות ללא סוכר400,הנמל,IL,עוגיות ללא סוכר,גרמים,400.00,100 גרם,false,0,21.40,5.35,true,1,
7290002019114,false,תרכיז עגבנ.פ.ניר28% 580ג,פרי ניר,IL,תרכיז עגבניות,גרמים,580.00,100 גרם,false,0,6.70,1.16,true,1,
7290002019787,false,רסק עגבניות 22% 260 גרם,פרי ניר,IL,רסק עגבניות,גרמים,260.00,100 גרם,false,0,4.00,1.54,true,1,
7290002019794,false,רסק עגבניות 22% 100 גרם,פרי ניר,IL,רסק עגבניות,גרמים,100.00,100 גרם,false,0,2.10,2.10,true,1,
7290002022046,false,מרשמלו ורוד לבן 180 גרם,כרמית,IL,מרשמלו ורוד לבן,גרמים,180.00,100 גרם,false,0,8.10,4.50,true,1,
7290002037057,false,לחם פרוס לבן 500 גרם,מאפית ברמן,IL,לחם פרוס לבן 500 גרם,גרמים,500.00,100 גרם,false,0,6.04,1.21,true,1,
7290002037248,false,6 לחמנ.דגני קלות,מאפית ברמן,IL,6 לחמנ.דגני קלות,יחידה,1.00,יחידה,false,0,11.80,11.80,true,1,
7290002037309,false,8לחמניות המבורגר ארוז400,מאפית ברמן,IL,8לחמניות המבורגר ארוז400,גרמים,400.00,100 גרם,false,0,11.80,2.95,true,1,
7290002037637,false,חליות מתוקות 4 יח',מאפית ברמן,IL,חליות מתוקות 4 יח',גרמים,350.00,100 גרם,false,0,12.50,3.57,true,1,
7290002057031,false,זית מבוקע בשמן זית 540גר,קבוצת יבנה,IL,זית מבוקע בשמן,גרמים,540.00,100 גרם,false,0,9.00,1.67,true,1,
7290002057048,false,זית סורי מבוקע 540 גרם,קבוצת יבנה,IL,זית סורי מבוקע,גרמים,540.00,100 גרם,false,0,11.60,2.15,true,1,
7290002057055,false,זיתים סורים ירוקים540גרם,קבוצת יבנה,IL,זית סורי ירוק,גרמים,540.00,100 גרם,false,0,11.60,2.15,true,1,
7290002057062,false,זית מנזנילו בינוני 540גר,קבוצת יבנה,IL,זית מנזנילו,גרמים,540.00,100 גרם,false,0,8.80,1.63,true,1,
7290002057123,false,מנזנילו ירוק ל.גלעין540ג,קבוצת יבנה,IL,זית ללא גלעין,גרמים,540.00,100 גרם,false,0,9.50,1.76,true,1,
7290002057161,false,זית חתוך במרינד 540 גרם,קבוצת יבנה,IL,זית חתוך במרינד,גרמים,540.00,100 גרם,false,0,10.80,2.00,true,1,
7290002057185,false,טבעות זיתים ירוקים540גרם,קבוצת יבנה,IL,טבעות זיתים,גרמים,540.00,100 גרם,false,0,6.90,1.28,true,1,
7290002057352,false,מלפפונים 7-9 במלח 540גרם,קבוצת יבנה,IL,מלפפון במלח 7-9,גרמים,540.00,100 גרם,false,0,6.80,1.26,true,1,
7290002057376,false,מלפ. במלח קטן13-17 540גר,קבוצת יבנה,IL,מלפפונים במלח,גרמים,540.00,100 גרם,false,0,9.80,1.81,true,1,
7290002057383,false,מלפפון במלח 18-25 540גרם,קבוצת יבנה,IL,מלפפונים במלח,גרמים,540.00,100 גרם,false,0,11.80,2.19,true,1,
7290002057482,false,מלפפון בחומץ 18-25 540גר,קבוצת יבנה,IL,מלפפונים בחומץ,גרמים,540.00,100 גרם,false,0,11.80,2.19,true,1,
7290002057628,false,טבעות זיתים מושחרים540גר,קבוצת יבנה,IL,טבעות זיתים מושחרים540גר,גרמים,540.00,100 גרם,false,0,10.10,1.87,true,1,
7290002065555,false,לחמניות בשקית 6יח75X'גרם,מאפיית שלמה א. אנג'ל,IL,לחמניות בשקית 6יח75X'גרם,גרמים,450.00,100 גרם,false,0,10.80,2.40,true,1,
7290002065616,false,לחם שיפון גרעינים 750גרם,מאפיית שלמה א. אנג'ל,IL,לחם שיפון גרעינים 750גרם,גרמים,750.00,100 גרם,false,0,12.90,1.72,true,1,
7290002065623,false,לחם שיפון כפרי 750 גרם,מאפיית שלמה א. אנג'ל,IL,לחם שיפון כפרי 750 גרם,גרמים,750.00,100 גרם,false,0,12.90,1.72,true,1,
7290002079217,false,לחם מחמצת שיפון+אגוז650ג,מאפיית דוידוביץ,IL,לחם מחמצת שיפון,גרמים,650.00,100 גרם,false,0,13.60,2.09,true,1,
7290002079316,false,חלה רגילה פרוסה 500 גרם,מאפיית דוידוביץ,IL,חלה רגילה פרוסה,גרמים,500.00,100 גרם,false,0,9.40,1.88,true,1,
7290002079347,false,חלה קלה פרוסה 500 גרם,מאפיית דוידוביץ,IL,חלה קלה פרוסה,גרמים,500.00,100 גרם,false,0,14.90,2.98,true,1,
7290002079583,false,מאפה מיוחד לטוסט פרוס500,מאפיית דוידוביץ,IL,מאפה מיוחד לטוסט פרוס500,גרמים,500.00,100 גרם,false,0,8.80,1.76,true,1,
7290002079613,false,חלה מתוק.קלועה 500ג 250,מאפיית דוידוביץ,IL,חלה מתוקה קלועה,גרמים,500.00,100 גרם,false,0,14.50,2.90,true,1,
7290002079996,false,לחם אחיד פרוס קל 750 גרם,מאפיית דוידוביץ,IL,לחם אחיד פרוס קל,גרמים,750.00,100 גרם,false,0,15.70,2.09,true,1,
7290002107019,false,גב.צפתית מעודנת5% 250גרם,משק צוריאל תבור,IL,צפתית מעודנת5%,גרמים,250.00,100 גרם,false,0,17.00,6.80,true,1,
7290002107071,false,פטה עיזים מעודנת16% 200ג,משק צוריאל תבור,IL,גבינת פטה עיזים,גרמים,200.00,100 גרם,false,0,23.70,11.85,true,1,
7290002109372,false,בורקס פילו גבינה בולגרית,"שגמור בע""מ",IL,בורקס פילו גבינה,גרמים,700.00,100 גרם,false,0,22.90,3.27,true,1,
7290002130567,false,דבש טהור יד מרדכי 350גרם,יד מרדכי,IL,דבש טהור,גרמים,350.00,100 גרם,false,0,21.30,6.09,true,1,
7290002130574,false,דבש מפרחי בר יד מרדכי500,יד מרדכי,IL,דבש מפרחי בר יד מרדכי500,גרמים,500.00,100 גרם,false,0,27.70,5.54,true,1,
7290002132011,false,עוגיות מזרחיות 500 גרם,עבאדי,IL,עוגיות מזרחיות,גרמים,500.00,100 גרם,false,0,14.90,2.98,true,1,
7290002243601,false,פיתה אסלית 100*5 גרם,מאפיית שלמה א. אנג'ל,IL,פיתה אסלית 100*5 גרם,גרמים,500.00,100 גרם,false,0,11.80,2.36,true,1,
7290002304203,false,קונפ.תות שדה לייט 600גרם,ענבי ציון,IL,קונפיטורה תות,גרמים,600.00,100 גרם,false,0,19.90,3.32,true,1,
7290002304241,false,קונפ.פירות יער לייט600גר,ענבי ציון,IL,קונפ.פירות יער,גרמים,600.00,100 גרם,false,0,19.90,3.32,true,1,
7290002304609,false,קונפיטורה תות שדה 600גרם,ענבי ציון,IL,קונפ. תות שדה,גרמים,600.00,100 גרם,false,0,14.90,2.48,true,1,
7290002319054,false,פרג טחון 100 גרם,מיה,IL,פרג טחון,גרמים,100.00,100 גרם,false,0,5.80,5.80,true,1,
7290002323198,false,ספרינג מיץ תפוחים 1.5 ל',יפאורה שותפות מובגלת לשיווק,IL,ספרינג תפוחים,ליטרים,1.50,ליטר,false,0,6.90,4.60,true,1,
7290002323815,false,משקה קל תפוזים קריסטל 2ל,יפאורה שותפות מובגלת לשיווק,IL,משקה קל תפוזים,ליטרים,2.00,ליטר,false,0,4.00,2.00,true,1,
7290002323839,false,משקה קל ענבים קריסטל 2ל',יפאורה שותפות מובגלת לשיווק,IL,משקה קל ענבים,ליטרים,2.00,ליטר,false,0,4.00,2.00,true,1,
7290002323846,false,משקה קל מנגו 2 ליטר,יפאורה שותפות מובגלת לשיווק,IL,קריסטל מנגו,ליטרים,2.00,ליטר,false,0,4.00,2.00,true,1,
7290002327028,false,ג'חנון 650 גרם,אופרה,IL,ג'חנון 650 גרם,גרמים,650.00,100 גרם,false,0,19.70,3.03,true,1,
7290002327042,false,"בורקס תפו""א 800 גרם",אופרה,IL,"בורקס תפו""א",גרמים,800.00,100 גרם,false,0,21.90,2.74,true,1,
7290002327073,false,בורקס גבינה 800 גרם,אופרה,IL,בורקס גבינה,גרמים,800.00,100 גרם,false,0,24.50,3.06,true,1,
7290002331148,false,נביעות+טעם תפוח 1.5 ליטר,נביעות טבע,IL,נביעות+תפוח,ליטרים,1.50,ליטר,false,0,8.80,5.87,true,1,
7290002331179,false,נביעות+טעם אפרסק 1.5ליטר,נביעות טבע,IL,נביעות+אפרסק,ליטרים,1.50,ליטר,false,0,8.80,5.87,true,1,
7290002331322,false,מים מינרל.נביעות 1.5*6ל,נביעות טבע,IL,מים נביעות 6 יח,ליטרים,9.00,ליטר,false,0,11.50,1.28,true,1,
7290002331360,false,נביעות פקק טו גו 6 500*מ,נביעות טבע,IL,נביעות ספורט 6יח,ליטרים,3.00,ליטר,false,0,12.90,4.30,true,1,
7290002331483,false,"נביעות בייבי 320*6 מ""ל",נביעות טבע,IL,נביעות בייבי 6יח,ליטרים,1.92,ליטר,false,0,17.00,8.85,true,1,
7290002331490,false,נביעות מים מינרלים 1 ל,נביעות טבע,IL,מים נביעות,ליטרים,1.00,ליטר,false,0,4.90,4.90,true,1,
7290002331643,false,נביעות מוגז 1.5*6 ליטר,נביעות טבע,IL,נביעות מוגז 1.5*6 ליטר,ליטרים,9.00,ליטר,false,0,12.90,1.43,true,1,
7290002332022,false,נביעות+משמש אננס 1.5ליטר,נביעות טבע,IL,נביעות+משמש אננס,ליטרים,1.50,ליטר,false,0,8.80,5.87,true,1,
7290002353225,false,חרדל עם דבש 210 גרם,מייל,FR,חרדל עם דבש,גרמים,210.00,100 גרם,false,1,19.90,9.48,true,1,
7290002353324,false,עוג.אוראו 176 גרם,מונדלייז,ES,עוגיות אוראו,גרמים,176.00,100 גרם,false,0,10.20,5.80,true,1,
7290002353836,false,סרדינ.בשמן זית רוברט125ג,נטו,PT,סרדינים בשמן זית,גרמים,115.00,100 גרם,false,0,7.80,6.78,true,1,
7290002360285,false,חליטת קמומיל 20 שק1.5Xג,טייקנה,IL,חליטת קמומיל,גרמים,30.00,100 גרם,false,0,18.50,61.67,true,1,
7290002363491,false,"יין קונדיטון 750 מ""ל",הכורמים,IL,יין קונדיטון,מיליליטרים,750.00,"100 מ""ל",false,0,34.70,4.63,true,1,
7290002371540,false,קורנדביף 120 גרם,טירת צבי,IL,קורנדביף,גרמים,120.00,100 גרם,false,0,17.30,14.42,true,1,
7290002371854,false,"נקניקיות עוף חריפות 1ק""ג",טירת צבי,IL,נקניקיות עוף,קילוגרמים,1.00,"ק""ג",false,0,32.70,32.70,true,1,
7290002439080,false,פיצה ביס 100%גבינה 700גר,נטו,IL,פיצה ביס 100%גבי,גרמים,700.00,100 גרם,false,8,28.70,4.10,true,1,
7290002439400,false,פיצה ביס גבינה+זיתים 700,נטו,IL,פיצה ביס זיתים,גרמים,700.00,100 גרם,false,8,29.60,4.23,true,1,
7290002485445,false,טונה עם ירקות 250גרם,סלטי שמיר,IL,סלט טונה+ירקות,גרמים,250.00,100 גרם,false,0,18.70,7.48,true,1,
7290002487425,false,עוג.אוראו שוקולד חלב176ג,מונדלייז,ES,עוגיות אוראו,גרמים,176.00,100 גרם,false,0,10.20,5.80,true,1,
7290002487739,false,עוג.אוראו פאדג שוק.חל246,מונדלייז,ES,עוגיות אוראו,גרמים,246.00,100 גרם,false,0,20.40,8.29,true,1,
7290002487746,false,עוג.אוראו פאדג שוק.לב246,מונדלייז,ES,עוגיות אוראו,גרמים,246.00,100 גרם,false,0,20.40,8.29,true,1,
7290002515371,false,קמיל בלו אל סבון נוזלי1ל,פישר מעבדות פרמצבטיות,IL,קמיל בלו לתינוק,ליטרים,1.00,ליטר,false,0,29.30,29.30,true,1,
7290002517290,false,קינמון טחון 40 גרם,תבליני טעם וריח,IL,קינמון טחון,גרמים,40.00,100 גרם,false,0,7.90,19.75,true,1,
7290002541370,false,משקה סויה אלפרו 1 ליטר,אלפרו,IL,משקה סויה טבעי,ליטרים,1.00,ליטר,false,0,14.80,14.80,true,1,
7290002541479,false,"משקה סויה שוקו 250X3 מ""ל",אלפרו,BE,משקה סויה שוקו,מיליליטרים,750.00,"100 מ""ל",false,0,16.50,2.20,true,1,
7290002543121,false,קלוג'ס סולטנה בראן 500גר,קלוג'ס,GB,קלוגס סולטנה,גרמים,500.00,100 גרם,false,0,22.90,4.58,true,1,
7290002543237,false,קלוג'ס קורנפלקס 750 גרם,קלוג'ס,GB,קורנפלקס קלוגס,גרמים,750.00,100 גרם,false,0,17.90,2.39,true,1,
7290002543381,false,קלוג'ס ספיישל K 375 גרם,קלוג'ס,GB,קלוג'ס ספיישל,גרמים,375.00,100 גרם,false,0,21.90,5.84,true,1,
7290002551010,false,טונה סטארקיסט במים 160 ג,סטארקיסט,IL,טונה סטארקיסט,גרמים,160.00,100 גרם,false,0,7.60,4.75,true,1,
7290002661115,false,"לחם הולנדי 1.200 ק""ג",מאפית ברמן,IL,"לחם הולנדי 1.200 ק""ג",קילוגרמים,1.20,"ק""ג",false,0,17.70,14.75,true,1,
7290002661153,false,"לחם דני קל 1 ק""ג",מאפית ברמן,IL,"לחם דני קל 1 ק""ג",גרמים,1000.00,100 גרם,false,0,17.70,1.77,true,1,
7290002661177,false,לחם כנעני 750 גרם,מאפית ברמן,IL,לחם כנעני 750 גרם,גרמים,750.00,100 גרם,false,0,10.90,1.45,true,1,
7290002661214,false,לחם גלילי קל 750 גרם,מאפית ברמן,IL,לחם גלילי קל 750 גרם,גרמים,750.00,100 גרם,false,0,10.90,1.45,true,1,
7290002663522,false,תפוזינה משקה קל תפוז1.5ל,יפאורה שותפות מובגלת לשיווק,IL,תפוזינה תפוזים,ליטרים,1.50,ליטר,false,0,6.50,4.33,true,1,
7290002663539,false,תפוזינה אשכוליות 1.5ליטר,יפאורה שותפות מובגלת לשיווק,IL,תפוזינה אשכוליות,ליטרים,1.50,ליטר,false,0,6.50,4.33,true,1,
7290002663805,false,שוופס טוניק 1.5 ליטר,יפאורה שותפות מובגלת לשיווק,IL,שוופס מי טוניק,ליטרים,1.50,ליטר,false,0,9.90,6.60,true,1,
7290002663812,false,שוופס ג'ינג'ר 1.5 ליטר,יפאורה שותפות מובגלת לשיווק,IL,שוופס ג'ינג'ר,ליטרים,1.50,ליטר,false,0,9.90,6.60,true,1,
7290002663829,false,שוופס ביטר לימון 1.5ליטר,יפאורה שותפות מובגלת לשיווק,IL,שוופס ביטר לימון,ליטרים,1.50,ליטר,false,0,9.90,6.60,true,1,
7290002663881,false,תפוזינה אשכוליות דיאט1.5,יפאורה שותפות מובגלת לשיווק,IL,אשכולינה דיאט,ליטרים,1.50,ליטר,false,0,6.50,4.33,true,1,
7290002674269,false,"מש.אקווה פרש עדין125מ""ל",ג.' אס.קיו,IL,משחת שיניים,מיליליטרים,125.00,"100 מ""ל",false,0,9.90,7.92,true,1,
7290002692393,false,שמן קנולה מועשר 1 ליטר,שמן תעשיות,IL,שמן קנולה מועשר,ליטרים,1.00,ליטר,false,0,14.80,14.80,true,1,
7290002692553,false,"זיתולה עץ הזית 750 מ""ל",שמן תעשיות,IL,זיתולה עץ הזית,מיליליטרים,750.00,"100 מ""ל",false,0,17.70,2.36,true,1,
7290002706168,false,פיצה טייסט פקטורי 505גרם,נטו,IL,פיצה טייסט פקטור,גרמים,505.00,100 גרם,false,0,25.80,5.11,true,1,
7290002706731,false,"רצועות פילה נילוס בעל""ז",דלידג - נטו,IL,"רצועות פילה נילוס בעל""ז",קילוגרמים,0.00,"ק""ג",true,0,54.90,54.90,true,1,
7290002706915,false,"פילה נסיכת נילוס ק""ג",דלידג - נטו,IL,פילה נסיכת נילוס,קילוגרמים,0.00,"ק""ג",true,0,44.90,44.90,true,1,
7290002730262,false,פלמוליב קלאסי ירוק 750מל,קולגייט-פלמוליב,GR,פלמוליב לכלים,מיליליטרים,750.00,"100 מ""ל",false,0,11.30,1.51,true,1,
7290002730675,false,"משחת קולגייט אדום 100מ""ל",קולגייט-פלמוליב,PL,משחת שיניים,מיליליטרים,100.00,"100 מ""ל",false,0,9.50,9.50,true,1,
7290002730811,false,משחה קולגייט ג'ל 100 גרם,קולגייט-פלמוליב,PL,משחת קולגייט ג'ל,מיליליטרים,100.00,"100 מ""ל",false,0,14.80,14.80,true,1,
7290002741480,false,בייגלה שמיניות שומשום300,יוניליוור,IL,בייגלה שומשום,גרמים,300.00,100 גרם,false,1,7.90,2.63,true,1,
7290002752349,false,סוכ. מנטוס מנטה 37.5 גרם,מנטוס,NL,סוכריות מנטוס,גרמים,37.00,100 גרם,false,0,3.80,10.27,true,1,
7290002757139,false,מלווח 700 גרם,אופרה,IL,מלווח 700 גרם,גרמים,700.00,100 גרם,false,0,15.80,2.26,true,1,
7290002757535,false,בור.פילו אצבעות גב700.גר,"שגמור בע""מ",IL,פילו אצבעות,גרמים,700.00,100 גרם,false,0,22.30,3.19,true,1,
7290002766056,false,שרי לב אדום יחידה,קטיף,IL,שרי לב אדום יח,יחידה,1.00,יחידה,false,1,9.90,9.90,true,1,
7290002771104,false,קפה אל נח'לה עם הל 500גר,קפה אל נח'לה,IL,קפה עם הל,גרמים,500.00,100 גרם,false,0,35.00,7.00,true,1,
7290002771111,false,קפה אל נח'לה עם הל250גרם,קפה אל נח'לה,IL,קפה עם הל,גרמים,250.00,100 גרם,false,0,18.50,7.40,true,1,
7290002775010,false,מיני בורקס פילו גבינה 50,"שגמור בע""מ",IL,מיני בורקס פילו,גרמים,650.00,100 גרם,false,0,22.30,3.43,true,1,
7290002782759,false,"קרם גוף מס2' פנינה340מ""ל",א.ל ארמן,IL,קרם גוף פנינה,מיליליטרים,340.00,"100 מ""ל",false,0,22.90,6.74,true,1,
7290002787693,false,גבינת גאודה עלמה 150 גרם,מלקפול,PL,גבינת גאודה עלמה,גרמים,150.00,100 גרם,false,1,6.00,4.00,true,1,
7290002787709,false,גבינת אדם עלמה 150 גרם,מלקפול,PL,גבינת אדם עלמה,גרמים,150.00,100 גרם,false,1,6.00,4.00,true,1,
7290002787822,false,גב.גאודה עלמה פרוסה 400ג,מלקפול,PL,גבינת גאודה,גרמים,400.00,100 גרם,false,1,15.90,3.98,true,1,
7290002812522,false,פרלמנט ארוך RCB חפיסה,פיליפ מוריס,,פרלמנט ארוך יח,יחידה,1.00,יחידה,false,0,37.50,37.50,false,1,
7290002814078,false,אנטרטיק לניקוי אמבטיה1ל,קומפלקס כימיקלים,IL,אנטרטיק לאמבט,ליטרים,1.00,ליטר,false,0,10.80,10.80,true,1,
7290002814160,false,מסיר שומנים סנט מוריץ 1ל,קומפלקס כימיקלים,IL,מסיר שומנים,ליטרים,1.00,ליטר,false,1,12.90,12.90,true,1,
7290002814528,false,נוזל לאסלה מס' 1 1 ליטר,קומפלקס כימיקלים,IL,נוזל לאסלה מס' 1,ליטרים,1.00,ליטר,false,0,6.80,6.80,true,1,
7290002814928,false,פרלמנט קצר בודד,פיליפ מוריס,IL,פרלמנט קצר בודד,יחידה,1.00,יחידה,false,0,37.50,37.50,false,1,
7290002824183,false,גב.סקי משפחתי5%שומן500ג,שטראוס,IL,גבינת סקי 5%,גרמים,500.00,100 גרם,false,0,9.20,1.84,true,1,
7290002824466,false,יוגורט ביו 0% דנונה 200ג,שטראוס,IL,יוגורט ביו 0%,גרמים,200.00,100 גרם,false,0,3.70,1.85,true,1,
7290002824640,false,גב.סקי5%לבנה מעודנת250ג,שטראוס,IL,גבינת סקי 5%,גרמים,250.00,100 גרם,false,0,4.60,1.84,true,1,
7290002825722,false,כרוב אדום אחלה 500 גרם,שטראוס,IL,סלט כרוב אחלה,גרמים,500.00,100 גרם,false,0,11.90,2.38,true,1,
7290002833525,false,מרלבורו רד קצר בוקס חפ.,פיליפ מוריס,,מרלבורו רד חפיסה,יחידה,1.00,יחידה,false,0,35.00,35.00,false,1,
7290002842002,false,קואקר אנגלי,,GB,קואקר אנגלי,גרמים,500.00,100 גרם,false,0,11.80,2.36,true,1,
7290002852724,false,ל.מ. בלו לייבל קצר,פיליפ מוריס,US,ל.מ. בלו לייבל,יחידה,1.00,יחידה,false,0,33.00,33.00,false,1,
7290002862000,false,אריסה תוניסאית 250 גרם,"הררית מזון בע""מ",IL,אריסה תוניסאית,גרמים,250.00,100 גרם,false,0,12.60,5.04,true,1,
7290002862017,false,שום כתוש 250 גרם,"הררית מזון בע""מ",IL,שום כתוש,גרמים,250.00,100 גרם,false,0,12.60,5.04,true,1,
7290002868446,false,גב.מותכת ניו-יורק 25*4גר,טרה,IL,גב.מותכת ניו-יורק 25*4גר,גרמים,100.00,100 גרם,false,0,4.90,4.90,true,1,
7290002868996,false,קוטג' 5%מועשר בסידן 250ג,טרה,IL,קוטג' 5% מועשר,גרמים,250.00,100 גרם,false,0,5.50,2.20,true,1,
7290002871248,false,"טובורג רד בק.חוזר 500מ""ל",קרלסברג ישראל,IL,בירה טובורג רד,מיליליטרים,500.00,"100 מ""ל",false,0,9.20,1.84,true,1,
7290002871361,false,בירה קרלסברג בק.חוזר500מ,קרלסברג ישראל,IL,בירה קרלסברג,מיליליטרים,500.00,"100 מ""ל",false,0,9.40,1.88,true,1,
7290002871446,false,פריגת ענבים 1.5 ליטר,פריגת,IL,פריגת ענבים,ליטרים,1.50,ליטר,false,0,6.90,4.60,true,1,
7290002871460,false,פריגת תפוזים 1.5 ליטר,פריגת,IL,פריגת תפוזים,ליטרים,1.50,ליטר,false,0,6.90,4.60,true,1,
7290002871477,false,פריגת אשכוליות 1.5 ליטר,פריגת,IL,פריגת אשכוליות,ליטרים,1.50,ליטר,false,0,6.90,4.60,true,1,
7290002876326,false,פרלמנט קצר בלו בודד,פיליפ מוריס,IL,פרלמנט קצר בלו,יחידה,1.00,יחידה,false,0,37.50,37.50,false,1,
7290002881216,false,"רסק תפו""ע דיאט צנצנת700ג",KONSERVENFABRIEK BALTUSSEN,NL,"רסק תפו""ע דיאט",גרמים,700.00,100 גרם,false,0,10.40,1.49,true,1,
7290002881254,false,קוקטייל פירות טרופים820ג,סאנרייז אגריקלטור,VN,קוקטייל פירות,גרמים,820.00,100 גרם,false,1,9.90,1.21,true,1,
7290002881920,false,מרלבורו גולד 100 בוקס,פיליפ מוריס,IL,מרלבורו גולד,יחידה,1.00,יחידה,false,0,35.00,35.00,false,1,
7290002886925,false,מרלבורו גולד קצר בוקס,פיליפ מוריס,US,מרלבורו גולד קצר,יחידה,1.00,יחידה,false,0,35.00,35.00,false,1,
7290002909743,false,פילה אמנון קפוא לקג,.,IL,פילה מושט אמנון,קילוגרמים,0.00,"ק""ג",true,1,42.90,42.90,true,1,
7290002923466,false,בקר טחון קפוא 1קג,טיבון ויל - נטו,IL,בקר טחון קפוא,גרמים,1000.00,100 גרם,false,0,42.50,4.25,true,1,
7290002929536,false,קובה למרק 600 גרם,שלושת האופים,IL,קובה למרק,גרמים,600.00,100 גרם,false,0,16.80,2.80,true,1,
7290002929642,false,טונה בשמן 4 יח,,IL,טונה בשמן 4 יח,גרמים,560.00,100 גרם,false,0,22.90,4.09,true,1,
7290002954200,false,אורז יסמין,,TH,אורז יסמין,קילוגרמים,1.00,"ק""ג",false,0,9.80,9.80,true,1,
7290002954460,false,"אורז אוסטרלי עגול 1 ק""ג",רייס גרוברס,AU,אורז אוסטרלי,קילוגרמים,1.00,"ק""ג",false,0,10.90,10.90,true,1,
7290002987963,false,"חומוס אחלה 1 ק""ג",שטראוס,IL,"חומוס אחלה 1 ק""ג",קילוגרמים,1.00,"ק""ג",false,0,14.50,14.50,true,1,
7290003015467,false,תחליב רחצה בייבי כיף 1ל,קוסמופארם,IL,תחליב רחצה בייבי,ליטרים,1.00,ליטר,false,0,12.90,12.90,true,1,
7290003015627,false,סנו ריצפז פרש אפרסק2ליטר,סנו,IL,ריצפז פרש,ליטרים,2.00,ליטר,false,0,19.70,9.85,true,1,
7290003026036,false,קמיל בלו סנסיטיב ורוד 1ל,פישר מעבדות פרמצבטיות,IL,קמיל בלו סנסיטיב ורוד 1ל,ליטרים,1.00,ליטר,false,0,33.50,33.50,true,1,
7290003026227,false,שמפו קמיל בלו אל דמע 1 ל,פישר מעבדות פרמצבטיות,IL,שמפו קמיל בלו,ליטרים,1.00,ליטר,false,0,33.50,33.50,true,1,
7290003029181,false,שוקו יטבתה בבקבוק 1 ליטר,יטבתה,IL,שוקו יטבתה,ליטרים,1.00,ליטר,false,0,12.00,12.00,true,1,
7290003029433,false,שוקו יטבתה+פקק נשלף 250מ,יטבתה,IL,שוקו יטבתה,מיליליטרים,250.00,"100 מ""ל",false,0,5.40,2.16,true,1,
7290003029532,false,מוקה יטבתה בקבוק 2% 1ל,יטבתה,IL,מוקה יטבתה בקבוק,ליטרים,1.00,ליטר,false,0,12.00,12.00,true,1,
7290003029792,false,מארז שוקו יטבתה 225*8 מל,יטבתה,IL,שקיות שוקו 8 יח',ליטרים,1.80,ליטר,false,0,20.10,11.17,true,1,
7290003029815,false,חלב מועשר יטבתה 3%כד 2ל',יטבתה,IL,חלב מועשר יטבתה,ליטרים,2.00,ליטר,false,0,12.90,6.45,true,1,
7290003029907,false,אייס קפה יטבתה 2% 1ל,יטבתה,IL,אייס קפה יטבתה,ליטרים,1.00,ליטר,false,0,12.00,12.00,true,1,
7290003047635,false,ליפטון ילו לייבל25שק1.5*,יוניליוור,IN,תה ילו לייבל,גרמים,37.00,100 גרם,false,0,7.90,21.35,true,1,
7290003047642,false,ליפטון ילו לייבל100ש1.5*,יוניליוור,IN,תה ילו לייבל,גרמים,150.00,100 גרם,false,0,19.70,13.13,true,1,
7290003054657,false,חרדל אקסטרא פורטה 370גרם,ריין דיג'ון,FR,חרדל דיז'ון,גרמים,370.00,100 גרם,false,0,12.50,3.38,true,1,
7290003069682,false,בצק פילאס 500 גרם,"שגמור בע""מ",IL,בצק פילאס,גרמים,500.00,100 גרם,false,0,19.70,3.94,true,1,
7290003107216,false,"קמח לבן 1 ק""ג",טחנת קמח דגן לישראל,IL,קמח לבן,קילוגרמים,1.00,"ק""ג",false,0,5.90,5.90,true,1,
7290003119110,false,קוקה קולה 1.5*6 ליטר,החברה המרכזית לייצור משקאות,IL,קוקה קולה 1.5*6ל,ליטרים,9.00,ליטר,false,0,37.90,4.21,true,1,
7290003119165,false,קוקה קולה דיאט 1.5*6ל,החברה המרכזית לייצור משקאות,IL,קולה דיאט 6 יח,ליטרים,9.00,ליטר,false,0,37.90,4.21,true,1,
7290003126712,false,יוגורט עיזים ביו 3% 140ג,משק צוריאל תבור,IL,יוגורט ביו 3%,גרמים,140.00,100 גרם,false,0,6.50,4.64,true,1,
7290003133123,false,לחם מקמח שיפון,,IL,לחם מקמח שיפון,גרמים,750.00,100 גרם,false,0,13.60,1.81,true,1,
7290003143146,false,ממרח תמרים גת 450 גרם,טעמי הגליל,IL,ממרח תמרים,גרמים,450.00,100 גרם,false,0,6.40,1.42,true,1,
7290003143276,false,מרשמלו רול יוגטה 180 גרם,תות ממתקי איכות,IL,מרשמלו רול,גרמים,180.00,100 גרם,false,0,8.80,4.89,true,1,
7290003143542,false,אבקת שוקו צ'וקטה 400 גרם,אייברקקאו אס.אי.,ES,אבקת שוקו צ'וקטה,גרמים,400.00,100 גרם,false,1,8.90,2.23,true,1,
7290003144082,false,עוגות אישיות צ'וקטה300גר,קונדיטוריה אס.פי.אי,IT,עוגות אישיות,גרמים,300.00,100 גרם,false,1,10.00,3.33,true,1,
7290003144495,false,אבקת משקה שוקו צ'וקטה850,אייברקקאו אס.אי.,ES,אבקת שוקו צ'וקטה,גרמים,850.00,100 גרם,false,1,14.90,1.75,true,1,
7290003153831,false,שוש חטיף בוטנים 80 גרם,עלית,IL,שוש חטיף בוטנים,גרמים,80.00,100 גרם,false,0,4.00,5.00,true,1,
7290003224128,false,"כיסונים עם תפו""א 800 גרם",מאמא מרי,IL,"כיסונים עם תפו""א",גרמים,800.00,100 גרם,false,0,14.50,1.81,true,1,
7290003229109,false,פסטרמה בפפריקה 400 גרם,טירת צבי,IL,פסטרמה בפפריקה,גרמים,400.00,100 גרם,false,0,36.00,9.00,true,1,
7290003229123,false,פסטרמה על גחלים 400 גרם,טירת צבי,IL,פסטרמה על גחלים,גרמים,400.00,100 גרם,false,0,35.90,8.98,true,1,
7290003229147,false,סלמי איטלקי 300 גרם,טירת צבי,IL,סלמי איטלקי,גרמים,300.00,100 גרם,false,0,32.40,10.80,true,1,
7290003229192,false,כתף בקר מעושן 400 גרם,טירת צבי,IL,כתף בקר מעושן,גרמים,400.00,100 גרם,false,0,37.60,9.40,true,1,
7290003229222,false,סלמי תה משובח 300 גרם,טירת צבי,IL,סלמי תה משובח,גרמים,300.00,100 גרם,false,0,24.00,8.00,true,1,
7290003231508,false,שמפו פינוק עם קרטין 700,יוניליוור,IL,שמפו פינוק,מיליליטרים,700.00,"100 מ""ל",false,0,10.00,1.43,true,1,
7290003231607,false,מרכך פינוק עם קרטין 700,יוניליוור,IL,מרכך פינוק,מיליליטרים,700.00,"100 מ""ל",false,0,10.00,1.43,true,1,
7290003321155,false,דנונה בר פקאן 183 גרם,שטראוס,IL,דנונה בר פקאן,גרמים,183.00,100 גרם,false,0,4.50,2.46,true,1,
7290003321292,false,גב.סקי 9% שומן 250 גרם,שטראוס,IL,גבינת סקי 9%,גרמים,250.00,100 גרם,false,0,4.60,1.84,true,1,
7290003387205,false,דאו.ספיד סטיק לגבר 56 גר,קולגייט-פלמוליב,US,דאודורנט סטיק,גרמים,56.00,100 גרם,false,0,23.70,42.32,true,1,
7290003401369,false,קרם לחות לשיער חוחובה400,קרליין,IL,קרם לחות לשיער,מיליליטרים,400.00,"100 מ""ל",false,0,22.90,5.73,true,1,
7290003411238,false,שמרים יבשים 500 גרם,הנמל,BE,שמרים יבשים,גרמים,500.00,100 גרם,false,0,15.90,3.18,true,1,
7290003411849,false,גרנולה תמרים ושקדים 400ג,הנמל,IL,גרנולה תמרים,גרמים,400.00,100 גרם,false,0,11.50,2.88,true,1,
7290003411993,false,גפרורים 10 יח',הנמל,IL,גפרורים,יחידה,1.00,יחידה,false,0,3.70,3.70,true,1,
7290003414406,false,ריז נטיפים לאפיה 283 גרם,הרשי שוקולד,US,ריז נטיפים,גרמים,283.00,100 גרם,false,1,11.90,4.20,true,1,
7290003423909,false,חטיף שוק.לבן שברי עוג43.,הרשי שוקולד,US,חטיף שוקולד לבן,גרמים,43.00,100 גרם,false,0,4.90,11.40,true,1,
7290003427024,false,שמן זית כת.מעולה זיתא 1ל,זיתא,IL,שמן זית כתית,ליטרים,1.00,ליטר,false,0,52.50,52.50,true,1,
7290003427154,false,"שמן זית כתית מעולה750מ""ל",זיתא,IL,שמן זית כתית,מיליליטרים,750.00,"100 מ""ל",false,0,39.90,5.32,true,1,
7290003438006,false,רוטב פסטו אוליביה 180 גר,אוליביה,IL,רוטב פסטו,גרמים,180.00,100 גרם,false,0,11.90,6.61,true,1,
7290003438020,false,ממרח עגבניות 190 גרם,אוליביה,IL,ממרח עגבניות,גרמים,190.00,100 גרם,false,0,11.90,6.26,true,1,
7290003438617,false,אריסה חריפה 140 גרם,אוליביה,,אריסה חריפה,גרמים,140.00,100 גרם,false,0,8.90,6.36,true,1,
7290003444009,false,חט.שוקו.חלב+חמאת בוטנ42ג,הרשי שוקולד,US,חטיף שוקולד חלב,גרמים,42.00,100 גרם,false,0,3.90,9.29,true,1,
7290003449305,false,חט.ריזס קריספי קראנצ'י48,הרשי שוקולד,US,חטיף ריזס,גרמים,48.00,100 גרם,false,1,4.90,10.21,true,1,
7290003450022,false,מיולייט היינץ 430 גרם,היינץ,IL,מיולייט היינץ,גרמים,430.00,100 גרם,false,0,12.90,3.00,true,1,
7290003450091,false,מיונז אמיתי היינץ 430גרם,היינץ,ES,מיונז היינץ,גרמים,430.00,100 גרם,false,0,12.90,3.00,true,1,
7290003450602,false,חרדל אמיתי היינץ 255 גרם,היינץ,US,חרדל אמיתי,גרמים,255.00,100 גרם,false,0,12.50,4.90,true,1,
7290003457991,false,6חטיפי גל.קורנטו קלאסיקו,שטראוס,IL,6 חטיפי קורנטו,גרמים,300.00,100 גרם,false,0,38.20,12.73,true,1,
7290003514007,false,שקדי מרק 400 גרם,מנה,IL,שקדי מרק מנה,גרמים,400.00,100 גרם,false,0,9.80,2.45,true,1,
7290003514038,false,קראנצ'וס גריל 70 גרם,מנה,IL,קראנצ'וס גריל,גרמים,70.00,100 גרם,false,0,4.00,5.71,true,1,
7290003514045,false,קראנצ'וס ברביקיו 70 גרם,מנה,IL,קראנצ'וס ברביקיו,גרמים,70.00,100 גרם,false,0,4.00,5.71,true,1,
7290003514069,false,קראנצ'וס בצל 70 גרם,מנה,IL,קראנצ'וס בצל,גרמים,70.00,100 גרם,false,0,4.00,5.71,true,1,
7290003514557,false,ציפסונים קלאסי 40 גרם,מנה,IL,ציפסונים קלאסי,גרמים,40.00,100 גרם,false,0,4.50,11.25,true,1,
7290003578177,false,תירס צעיר שלם,,TH,תירס צעיר שלם,גרמים,410.00,100 גרם,false,0,5.70,1.39,true,1,
7290003578412,false,חצאי אפרסק בסירופ 820גרם,,CN,חצאי אפרסק בסירופ 820גרם,גרמים,820.00,100 גרם,false,0,8.00,0.98,true,1,
7290003608089,false,ספרינג תות-בננה 1.5 ליטר,יפאורה שותפות מובגלת לשיווק,IL,ספרינג תות בננה,ליטרים,1.50,ליטר,false,0,6.90,4.60,true,1,
7290003608546,false,תפוזינה תות בננה 1.5ליטר,יפאורה שותפות מובגלת לשיווק,IL,תפוזינה תות בננה,ליטרים,1.50,ליטר,false,0,6.50,4.33,true,1,
7290003608560,false,קולה R.C. 1.5 ליטר,יפאורה שותפות מובגלת לשיווק,IL,R.C קולה,ליטרים,1.50,ליטר,false,0,5.80,3.87,true,1,
7290003608621,false,קולה RC מארז 1.5*6 ליטר,יפאורה שותפות מובגלת לשיווק,IL,RC קולה 6 יח',ליטרים,9.00,ליטר,false,0,27.90,3.10,true,1,
7290003608898,false,תפוזינה דיאט תפוז 1.5ל,יפאורה שותפות מובגלת לשיווק,IL,תפוזינה דיאט,ליטרים,1.50,ליטר,false,0,6.50,4.33,true,1,
7290003643004,false,אורז בסמטי קלאסי בשקית1ק,סוגת,IL,אורז בסמטי קלאסי,קילוגרמים,1.00,"ק""ג",false,0,11.90,11.90,true,1,
7290003643387,false,"סוכר לבן צנצנת 1 ק""ג",סוגת,IL,"סוכר לבן צנצנת 1 ק""ג",קילוגרמים,1.00,"ק""ג",false,0,7.50,7.50,true,1,
7290003643646,false,"סוכר דמררה צנצנת 1 ק""ג",סוגת,IL,"סוכר דמררה צנצנת 1 ק""ג",קילוגרמים,1.00,"ק""ג",false,0,12.80,12.80,true,1,
7290003643752,false,עדשים ירוקות 500 גרם,סוגת,IL,עדשים ירוקות,גרמים,500.00,100 גרם,false,0,6.80,1.36,true,1,
7290003643769,false,עדשים אדומות 500 גרם,סוגת,IL,עדשים אדומות,גרמים,500.00,100 גרם,false,0,6.80,1.36,true,1,
7290003643813,false,שעועית אדומה 500 גרם,סוגת,IL,שעועית אדומה,גרמים,500.00,100 גרם,false,0,12.80,2.56,true,1,
7290003667109,false,פאנטה אורנג' 1.5 ל',החברה המרכזית לייצור משקאות,IL,פאנטה אורנג',ליטרים,1.50,ליטר,false,0,7.60,5.07,true,1,
7290003667369,false,פריגת תות-בננה 1.5ל,פריגת,IL,פריגת תות בננה,ליטרים,1.50,ליטר,false,0,6.90,4.60,true,1,
7290003667673,false,פנטה דיאט אורנג' 1.5ליטר,החברה המרכזית לייצור משקאות,IL,פנטה דיאט אורנג',ליטרים,1.50,ליטר,false,0,7.60,5.07,true,1,
7290003719006,false,לחם ליבו שיפון 80% 750גר,מאפית ברמן,IL,לחם ליבו שיפון 80% 750גר,גרמים,750.00,100 גרם,false,0,15.80,2.11,true,1,
7290003719259,false,לחם אקסקלוסיבי שיפ.מלא1ק,מאפית ברמן,IL,לחם אקסקלוסיבי שיפ.מלא1ק,קילוגרמים,1.00,"ק""ג",false,0,16.80,16.80,true,1,
7290003719280,false,לחם דגנים 750 גרם,מאפית ברמן,IL,לחם דגנים 750 גרם,גרמים,750.00,100 גרם,false,0,17.70,2.36,true,1,
7290003727667,false,"סלט חומוס צבר 1 ק""ג",צבר,IL,סלט חומוס צבר,קילוגרמים,1.00,"ק""ג",false,0,15.90,15.90,true,1,
7290003744428,false,אובלטים+קימל שקית 300 גר,"ברט בע""מ",IL,אובלטים מלוחים,גרמים,300.00,100 גרם,false,0,12.50,4.17,true,1,
7290003744855,false,אובלטים שומשום 300 גרם,"ברט בע""מ",IL,אובלטים שומשום,גרמים,300.00,100 גרם,false,0,12.50,4.17,true,1,
7290003804252,false,תיבול.קנור לאורז-הודי72ג,יוניליוור,IL,תיבוליות קנור,גרמים,72.00,100 גרם,false,0,8.90,12.36,true,1,
7290003804320,false,תיבול.קנור שום+פטרוזיל72,יוניליוור,IL,תיבוליות קנור,גרמים,72.00,100 גרם,false,0,8.90,12.36,true,1,
7290003804344,false,מרק ט.עוף פרווה קנור400ג,יוניליוור,IL,מרק טעם עוף,גרמים,400.00,100 גרם,false,0,16.10,4.03,true,1,
7290003804351,false,"מרק פטריות כשל""פ 400 גרם",יוניליוור,IL,"מרק פטריות כשל""פ",גרמים,400.00,100 גרם,false,0,15.90,3.98,true,1,
7290003804368,false,תיבול.קנור בזיליקום72גרם,יוניליוור,IL,תיבוליות קנור,גרמים,72.00,100 גרם,false,0,8.90,12.36,true,1,
7290003804375,false,תיבולית קנור ניחוח צלי72,יוניליוור,IL,תיבולית קנור,גרמים,72.00,100 גרם,false,0,8.90,12.36,true,1,
7290003804382,false,תיבולית קנור פיטריות72גר,יוניליוור,IL,תיבוליות פטריות,גרמים,72.00,100 גרם,false,0,8.90,12.36,true,1,
7290003805129,false,פירה בטעם ביתי 80X3 גרם,יוניליוור,IL,פירה בטעם ביתי,גרמים,240.00,100 גרם,false,0,12.70,5.29,true,1,
7290003805556,false,"ברנפלקס חיטה מלא בד""ץ500",יוניליוור,IL,ברנפלקס תלמה,גרמים,500.00,100 גרם,false,0,25.10,5.02,true,1,
7290003805716,false,נמס בכוס ט.עוף 24*2 גרם,יוניליוור,IL,נמס בכוס ועוד,גרמים,48.00,100 גרם,false,0,7.80,16.25,true,1,
7290003805730,false,נמס בכוס עגבנ.קנור 32*2ג,יוניליוור,IL,נמס בכוס ועוד,גרמים,64.00,100 גרם,false,0,7.80,12.19,true,1,
7290003806836,false,"בדין אקסטרא לילך 960 מ""ל",יוניליוור,TR,מרכך בדין אקסטרא,מיליליטרים,960.00,"100 מ""ל",false,0,15.90,1.66,true,1,
7290003807178,false,רוטב סויה סגנון סיני300מ,יוניליוור,IL,רוטב סויה,מיליליטרים,300.00,"100 מ""ל",false,0,10.00,3.33,true,1,
7290003807314,false,מרק עוף רכיב.טבעיים 400ג,יוניליוור,,מרק עוף,גרמים,400.00,100 גרם,false,0,29.90,7.48,true,1,
7290003807482,false,"רוטב טריאקי 300 מ""ל",יוניליוור,IL,רוטב טריאקי,מיליליטרים,300.00,"100 מ""ל",false,0,10.00,3.33,true,1,
7290003864478,false,סרדין בשמן צמח,,PH,סרדין בשמן צמח,גרמים,110.00,100 גרם,false,0,5.90,5.36,true,1,
7290003882922,false,עלי גפן ממולאים,,IL,עלי גפן ממולאים,גרמים,400.00,100 גרם,false,0,9.90,2.48,true,1,
7290003903788,false,קפוצ'ינו וניל 200 גרם,עלית,IL,קפוצ'ינו וניל,גרמים,200.00,100 גרם,false,0,27.70,13.85,true,1,
7290003903955,false,שוקולד קרם חלב 100 גרם,עלית,IL,שוקולד קרם חלב,גרמים,100.00,100 גרם,false,0,6.60,6.60,true,1,
7290003904389,false,שוק.פרה מריר ללא סוכר100,עלית,IL,שוקולד פרה דיאט,גרמים,100.00,100 גרם,false,0,9.80,9.80,true,1,
7290003905331,false,שוק.חלב+שברי אגוזים100גר,עלית,IL,שוק.חלב אגוזים,גרמים,100.00,100 גרם,false,0,6.60,6.60,true,1,
7290003905362,false,שוק.חלב ל.תוספת סוכר100ג,עלית,IL,שוקולד פרה דיאט,גרמים,100.00,100 גרם,false,0,9.80,9.80,true,1,
7290003956081,false,כפפות לטקס קלין M 100 יח,קליר כימיקלים,IL,כפפות לטקס,יחידה,1.00,יחידה,false,0,24.90,24.90,true,1,
7290003989096,false,חציל פיקנטי אחלה 500 גרם,שטראוס,IL,חציל פיקנטי אחלה,גרמים,500.00,100 גרם,false,0,11.90,2.38,true,1,
7290003989539,false,רביולי עם גבינה 400 גרם,שטראוס,IL,רביולי גבינה,גרמים,400.00,100 גרם,false,0,15.90,3.98,true,1,
7290003989553,false,טורטליני עם פטריות 400גר,שטראוס,IL,טורטליני פטריות,גרמים,400.00,100 גרם,false,0,15.90,3.98,true,1,
7290004011338,false,"קצפת ריצ' במיכל 250 מ""ל",נטו,IT,קצפת ריצ' במיכל,מיליליטרים,250.00,"100 מ""ל",false,0,9.90,3.96,true,1,
7290004011345,false,קצפת מתוקה,,IT,קצפת מתוקה,גרמים,250.00,100 גרם,false,0,9.90,3.96,true,1,
7290004011819,false,המבורגר ריב אל גאוצ'ו 60,אלגרצ'ו,IL,המבורגר ריב,גרמים,360.00,100 גרם,false,0,25.70,7.14,true,1,
7290004011826,false,מיני המבורגר אלגאוצו320,אלגרצ'ו,IL,מיני המבורגר,גרמים,320.00,100 גרם,false,0,25.70,8.03,true,1,
7290004030216,false,נקטר חמוציות 1 ליטר,פריניב,IL,נקטר חמוציות,ליטרים,1.00,ליטר,false,1,10.00,10.00,true,1,
7290004030414,false,מיץ תפוזים מצונן,,IL,מיץ תפוזים מצונן,ליטרים,2.00,ליטר,false,0,19.90,9.95,true,1,
7290004030445,false,מיץ תפוזים סחוט,,IL,מיץ תפוזים סחוט,ליטרים,1.00,ליטר,false,0,10.00,10.00,true,1,
7290004030834,false,מיץ רימונים,,IL,מיץ רימונים,ליטרים,1.00,ליטר,false,0,19.90,19.90,true,1,
7290004063184,false,מלח הארץ הים האדום 250 ג,תעשיות מלח לישראל,IL,מלח הארץ 250 גרם,גרמים,250.00,100 גרם,false,0,6.70,2.68,true,1,
7290004078270,false,פלמוליב לכלים לימון1ליטר,קולגייט-פלמוליב,GR,פלמוליב לכלים,ליטרים,1.00,ליטר,false,0,14.60,14.60,true,1,
7290004078379,false,קולגייט טוטל פסים מ.ש100,קולגייט-פלמוליב,PL,משחת שיניים,מיליליטרים,100.00,"100 מ""ל",false,0,17.90,17.90,true,1,
7290004119133,false,יוגורט בכד6.5% 1.5 ליטר,תנובה,IL,יוגורט בכד,ליטרים,1.50,ליטר,false,0,17.00,11.33,true,1,
7290004119225,false,יופלה אננס 3% 150 גרם,תנובה,IL,יופלה אננס 3%,גרמים,150.00,100 גרם,false,0,5.20,3.47,true,1,
7290004119522,false,"שוקו תנובה בשקית 225 מ""ל",תנובה,IL,שוקו בשקית,מיליליטרים,225.00,"100 מ""ל",false,0,2.80,1.24,true,1,
7290004119928,false,מעדן קרלו וניל 3% 125 גר,תנובה,IL,מעדן קרלו וניל3%,גרמים,125.00,100 גרם,false,0,2.90,2.32,true,1,
7290004119973,false,מעדן שוקו קרלו3% 125גרם,תנובה,IL,קרלו שוקולדה,גרמים,125.00,100 גרם,false,0,2.90,2.32,true,1,
7290004120061,false,"מעדן קרלו שוניל3% 125מ""ל",תנובה,IL,מעדן קרלו שוניל,גרמים,125.00,100 גרם,false,0,3.00,2.40,true,1,
7290004120108,false,יופלה דובדבן 0% 150 גרם,תנובה,IL,יופלה דיאט 0%,גרמים,150.00,100 גרם,false,0,5.20,3.47,true,1,
7290004120269,false,"שוקו בשקית 225*6מ""ל",תנובה,IL,שוקו 6 שקיות,ליטרים,1.35,ליטר,false,0,16.20,12.00,true,1,
7290004120566,false,גב.בולגרית פיראוס24% 250,תנובה,IL,גבינה בולגרית24%,גרמים,250.00,100 גרם,false,0,23.30,9.32,true,1,
7290004120573,false,גב.בולגרית פיראוס16% 250,תנובה,IL,גבינה בולגרית16%,גרמים,250.00,100 גרם,false,0,23.30,9.32,true,1,
7290004120634,false,גב.בולגרית פיראוס5% 250ג,תנובה,IL,גבינה בולגרית5%,גרמים,250.00,100 גרם,false,0,23.30,9.32,true,1,
7290004120832,false,חלב שתיה 3%,,IL,חלב שתיה 3%,ליטרים,2.00,ליטר,false,0,11.50,5.75,true,1,
7290004121488,false,יופלה דיאט אפרסק 150 גרם,תנובה,IL,יופלה דיאט אפרסק,גרמים,150.00,100 גרם,false,0,5.20,3.47,true,1,
7290004121754,false,יופלה קרם גב.ותות3% 150ג,תנובה,IL,יופלה קרם גבינה,גרמים,150.00,100 גרם,false,0,5.20,3.47,true,1,
7290004121839,false,גבינת פטה פיראוס20% 250ג,תנובה,IL,גבינת פטה כבשים,גרמים,250.00,100 גרם,false,0,28.10,11.24,true,1,
7290004121853,false,פיראוס קוב.בולגרית5% 200,תנובה,IL,קוביות בולגרית5%,גרמים,200.00,100 גרם,false,0,21.20,10.60,true,1,
7290004121945,false,חלב תנובה 2%,,IL,חלב תנובה 2%,ליטרים,1.50,ליטר,false,0,8.50,5.67,true,1,
7290004122089,false,פתיתי גבינת עמק 200 גרם,תנובה,IL,פתיתי גבינת עמק,גרמים,200.00,100 גרם,false,0,14.20,7.10,true,1,
7290004122119,false,פתיתי פרמזן לפסטה 100גרם,תנובה,IL,פתיתי פרמזן,גרמים,100.00,100 גרם,false,0,13.40,13.40,true,1,
7290004122195,false,גוש חלב פרוס28% 200מהדרי,תנובה,IL,גבינה גוש חלב,גרמים,200.00,100 גרם,false,0,14.20,7.10,true,1,
7290004122270,false,עמק פרוס סגירה חוזרת 200,תנובה,IL,גבינת עמק פרוס,גרמים,200.00,100 גרם,false,0,15.80,7.90,true,1,
7290004122348,false,גב.עמק לייט9% שומן 200גר,תנובה,IL,גבינת עמק לייט,גרמים,200.00,100 גרם,false,0,16.10,8.05,true,1,
7290004122676,false,גבינת חמד לייט 5% 250 גר,תנובה,IL,גבינת חמד לייט5%,גרמים,250.00,100 גרם,false,0,17.60,7.04,true,1,
7290004123284,false,גב.לבנה רכה5%ללא מלח250ג,תנובה,IL,גבינה לבנה רכה5%,גרמים,250.00,100 גרם,false,0,4.60,1.84,true,1,
7290004124205,false,יופלה דיאט תות0% 150 גר,תנובה,IL,יופלה דיאט תות0%,גרמים,150.00,100 גרם,false,0,5.20,3.47,true,1,
7290004124847,false,קצפת צמחית השף הלבן500מל,תנובה,IL,קצפת צמחית,מיליליטרים,500.00,"100 מ""ל",false,0,17.60,3.52,true,1,
7290004125370,false,שמנת חמוצה 9% שומן 200מל,תנובה,IL,שמנת חמוצה 9%,מיליליטרים,200.00,"100 מ""ל",false,0,3.60,1.80,true,1,
7290004125400,false,"אשל מהדרין 4.5% 200 מ""ל",תנובה,IL,אשל 4.5% שומן,מיליליטרים,200.00,"100 מ""ל",false,0,1.55,0.78,true,1,
7290004125417,false,"גיל 3% מהדרין 200מ""ל",תנובה,IL,גיל לבן 3%שומן,מיליליטרים,200.00,"100 מ""ל",false,0,1.40,0.70,true,1,
7290004125455,false,שמנת תנובה 15%שומן200מל,תנובה,IL,שמנת תנובה 15%,מיליליטרים,200.00,"100 מ""ל",false,0,2.20,1.10,true,1,
7290004125462,false,שמנת חמוצה 15%שומן500מל,תנובה,IL,שמנת חמוצה 15%,מיליליטרים,500.00,"100 מ""ל",false,0,5.50,1.10,true,1,
7290004125509,false,שמנת חמוצה 15% 100מל,תנובה,IL,שמנת חמוצה,מיליליטרים,100.00,"100 מ""ל",false,0,1.70,1.70,true,1,
7290004125578,false,'משקה סויה מועשר בסידן1ל,תנובה,IL,משקה סויה,ליטרים,1.00,ליטר,false,0,11.90,11.90,true,1,
7290004125585,false,משקה סויה בטעם וניל 1 לי,תנובה,IL,משקה סויה וניל,ליטרים,1.00,ליטר,false,0,11.90,11.90,true,1,
7290004125653,false,מש.סויה עמיד מועשר סידן1,תנובה,IL,משקה סויה עמיד,ליטרים,1.00,ליטר,false,0,11.30,11.30,true,1,
7290004125721,false,שמנת בישול-15%שף לבן250מ,תנובה,IL,שמנת לבישול15%,מיליליטרים,250.00,"100 מ""ל",false,0,8.10,3.24,true,1,
7290004125738,false,שמנת להקצפה-32%שף לבן250,תנובה,IL,שמנת להקצפה32%,מיליליטרים,250.00,"100 מ""ל",false,0,6.70,2.68,true,1,
7290004125776,false,גב.עמק פרוס% 28קופסא400ג,תנובה,IL,גבינת עמק פרוס,גרמים,400.00,100 גרם,false,0,28.70,7.18,true,1,
7290004126674,false,גבינה טל העמק לייט 200גר,תנובה,IL,גבינה טל העמק,גרמים,200.00,100 גרם,false,0,17.90,8.95,true,1,
7290004126759,false,יופלה פירות יער0% 150 גר,תנובה,IL,יופלה דיאט,גרמים,150.00,100 גרם,false,0,5.20,3.47,true,1,
7290004126872,false,"שוקו תנובה בקבוק 250 מ""ל",תנובה,IL,שוקו בקבוק,מיליליטרים,250.00,"100 מ""ל",false,0,5.60,2.24,true,1,
7290004127077,false,קוטג' תנובה 3% שומן 250,תנובה,IL,קוטג' 3% שומן,גרמים,250.00,100 גרם,false,0,5.70,2.28,true,1,
7290004127329,false,קוטג' 5% 250 גרם בעלז,תנובה,IL,קוטג' תנובה 5%,גרמים,250.00,100 גרם,false,0,5.70,2.28,true,1,
7290004127336,false,קוטג' תנובה 9% שומן 250,תנובה,IL,קוטג' תנובה 9%,גרמים,250.00,100 גרם,false,0,5.70,2.28,true,1,
7290004127800,false,גב.לבנה 5% שומן 500 גרם,תנובה,IL,גבינה לבנה 5%,גרמים,500.00,100 גרם,false,0,9.20,1.84,true,1,
7290004127817,false,גב.לבנה 9% שומן 500 גרם,תנובה,IL,גבינה לבנה 9%,גרמים,500.00,100 גרם,false,0,9.20,1.84,true,1,
7290004127862,false,גבינה לבנה 5% 750 גרם,תנובה,IL,גבינה לבנה 5%,גרמים,750.00,100 גרם,false,0,13.80,1.84,true,1,
7290004127916,false,גבינה תנובה0.5%שומן 500ג,תנובה,IL,גבינה 0.5%,גרמים,500.00,100 גרם,false,0,9.20,1.84,true,1,
7290004128333,false,לבנה 9% פיראוס 500 גרם,תנובה,IL,לבנה פיראוס 9%,גרמים,500.00,100 גרם,false,0,20.30,4.06,true,1,
7290004128340,false,גבינת קרם ט.טבעי 5% 200ג,תנובה,IL,גבינת שמנת,גרמים,200.00,100 גרם,false,0,9.90,4.95,true,1,
7290004128364,false,גב.שמנת עם זיתים 5% 200ג,תנובה,IL,גבינת שמנת זיתים,גרמים,200.00,100 גרם,false,0,9.90,4.95,true,1,
7290004128432,false,פתיתי גבינה השף הלבן500ג,תנובה,IL,פתיתי גבינה,גרמים,500.00,100 גרם,false,0,22.50,4.50,true,1,
7290004129101,false,גב.נפולאון טעם טבעי 225ג,תנובה,IL,גבינת נפוליאון,גרמים,225.00,100 גרם,false,0,9.90,4.40,true,1,
7290004129118,false,גב.נפולאון טעם זיתים225ג,תנובה,IL,גבינת נפוליאון,גרמים,225.00,100 גרם,false,0,9.90,4.40,true,1,
7290004129156,false,גב.נפולאון שום-שמיר 225ג,תנובה,IL,גבינת נפוליאון,גרמים,225.00,100 גרם,false,0,9.90,4.40,true,1,
7290004129668,false,יופלה+מכסה פצפוצי שוק167,תנובה,IL,יופלה+פצפוצי שוק,גרמים,167.00,100 גרם,false,0,5.90,3.53,true,1,
7290004129736,false,יופלה לבן מעודן1.5% 200ג,תנובה,IL,יופלהלבן מעודן,גרמים,200.00,100 גרם,false,0,4.20,2.10,true,1,
7290004129767,false,יופלה לבן 3% 150*8גרם,תנובה,IL,יופלה לבן 3%,קילוגרמים,1.20,"ק""ג",false,0,17.90,14.92,true,1,
7290004130794,false,משקה סויה במתיקות מופחתת,תנובה,IL,משקה סויה,ליטרים,1.00,ליטר,false,0,10.90,10.90,true,1,
7290004130916,false,יופלה פירות יער+שמנת150ג,תנובה,IL,יופלה פירות יער,גרמים,150.00,100 גרם,false,0,5.20,3.47,true,1,
7290004131074,false,חלב בקרטון 3% שומן 1 ל',תנובה,IL,חלב בקרטון 3%,ליטרים,1.00,ליטר,false,0,5.75,5.75,true,1,
7290004131432,false,יופלה ביו לבן 3% 200 גרם,תנובה,IL,יופלה לבן 3%,גרמים,200.00,100 גרם,false,0,3.90,1.95,true,1,
7290004131456,false,יופלה לבן 1.5% 200 גרם,תנובה,IL,יופלה לבן 1.5%,גרמים,200.00,100 גרם,false,0,3.90,1.95,true,1,
7290004131531,false,שוקו תנובה בקבוק 1 ליטר,תנובה,IL,שוקו בקבוק,ליטרים,1.00,ליטר,false,0,9.90,9.90,true,1,
7290004131814,false,פיראוס צפתית מעוד5% 200ג,תנובה,IL,פיראוס צפתית5%,גרמים,200.00,100 גרם,false,0,15.90,7.95,true,1,
7290004132231,false,חלב פלוס לקפה 3.5% שומן,תנובה,IL,חלב פלוס לקפה,מיליליטרים,800.00,"100 מ""ל",false,0,6.90,0.86,true,1,
7290004132507,false,יופלה+מכסה דגנים מצופה,תנובה,IL,יופלה עם מכסה,גרמים,167.00,100 גרם,false,0,5.90,3.53,true,1,
7290004132514,false,משקה בננה בקבוק 1 ל',תנובה,IL,משקה שוק בננה,ליטרים,1.00,ליטר,false,0,9.90,9.90,true,1,
7290004132552,false,משקה סויה ט.טבעי לייט 1ל,תנובה,IL,משקה סויה,ליטרים,1.00,ליטר,false,0,11.90,11.90,true,1,
7290004132699,false,ממרחמאה מוקצף 140 גרם,תנובה,IL,ממרחמאה מוקצף,גרמים,140.00,100 גרם,false,0,9.40,6.71,true,1,
7290004133108,false,יופלה לבן+מכסה גרנולה170,תנובה,IL,יופלה עם מכסה,גרמים,170.00,100 גרם,false,0,5.80,3.41,true,1,
7290004133207,false,יופלה לבן 0% שומן 200גרם,תנובה,IL,יופלה לבן 0%שומן,גרמים,200.00,100 גרם,false,0,3.90,1.95,true,1,
7290004133511,false,יופלה לבן מעוד1.5% 150*8,תנובה,IL,יופלה מעודן 8 יח,קילוגרמים,1.20,"ק""ג",false,0,20.30,16.92,true,1,
7290004133900,false,קצפת צמחית השף הלבן250מל,תנובה,IL,קצפת צמחית,מיליליטרים,250.00,"100 מ""ל",false,0,9.40,3.76,true,1,
7290004134198,false,"משקה בננה בקבוק 250 מ""ל",תנובה,IL,משקה בננה בקבוק,מיליליטרים,250.00,"100 מ""ל",false,0,5.60,2.24,true,1,
7290004134945,false,יופלה מוקה 3% שומן 150 ג,תנובה,IL,יופלה מוקה 3%,גרמים,150.00,100 גרם,false,0,5.20,3.47,true,1,
7290004134983,false,פרוסות גבינת עמק 5% 200ג,תנובה,IL,גבינת עמק 5%,גרמים,200.00,100 גרם,false,0,17.20,8.60,true,1,
7290004135072,false,מעדן קרלו מיני שוק100*8ג,תנובה,IL,קרלו מיני 8 יח,גרמים,800.00,100 גרם,false,0,13.40,1.68,true,1,
7290004135119,false,מעדן קרלו מיני וניל100*8,תנובה,IL,קרלו מיני 8 יח,גרמים,800.00,100 גרם,false,0,13.40,1.68,true,1,
7290004135225,false,מעדן דיאט שוקולד 0% 150ג,תנובה,IL,מעדן דיאט שוקולד,גרמים,150.00,100 גרם,false,0,3.80,2.53,true,1,
7290004135232,false,מעדן דיאט וניל0% 150 גרם,תנובה,IL,מעדן דיאט וניל,גרמים,150.00,100 גרם,false,0,3.80,2.53,true,1,
7290004135614,false,בולג.מעוד.פיראוס 5% 250ג,תנובה,IL,בולגרית פיראוס5%,גרמים,250.00,100 גרם,false,0,21.90,8.76,true,1,
7290004135621,false,בולג. מעוד.פיראוס 2503%ג,תנובה,IL,בולגרית פיראוס3%,גרמים,250.00,100 גרם,false,0,21.90,8.76,true,1,
7290004136154,false,משקה אייס קפה בקבוק340מל,תנובה,IL,משקה אייס קפה,מיליליטרים,340.00,"100 מ""ל",false,0,7.30,2.15,true,1,
7290004136192,false,מילק שייק פונץ בננה 250מ,תנובה,IL,מילק שייק פונץ,מיליליטרים,250.00,"100 מ""ל",false,0,6.10,2.44,true,1,
7290004136598,false,מארז הפסקת אוכל,תנובה,IL,חלב עם דגנים,יחידה,1.00,יחידה,false,0,9.20,9.20,true,1,
7290004136857,false,מעדן ג'לי פטל 125 גרם,תנובה,IL,מעדן ג'לי פטל,גרמים,125.00,100 גרם,false,0,2.70,2.16,true,1,
7290004136864,false,מעדן ג'לי אננס+חתיכות125,תנובה,IL,מעדן ג'לי אננס,גרמים,125.00,100 גרם,false,0,2.90,2.32,true,1,
7290004136871,false,מעדן ג'לי אפרסק+חתיכ125.,תנובה,,מעדן ג'לי אפרסק,גרמים,125.00,100 גרם,false,0,2.90,2.32,true,1,
7290004137021,false,שמנת לבישול 10%שומן250מ,תנובה,IL,שמנת לבישול10%,מיליליטרים,250.00,"100 מ""ל",false,0,8.10,3.24,true,1,
7290004137311,false,עמק לייט משפחתית 400 גרם,תנובה,IL,גבינת עמק לייט,גרמים,400.00,100 גרם,false,0,29.80,7.45,true,1,
7290004137809,false,לבנה פיראוס 5% 250 גרם,תנובה,IL,לבנה פיראוס5%,גרמים,250.00,100 גרם,false,0,12.70,5.08,true,1,
7290004198022,false,בקלה צעיר קפוא לקג,שונות,AR,בקלה צעיר קפוא,קילוגרמים,0.00,"ק""ג",true,0,19.90,19.90,true,1,
7290004199173,false,כפפות לטקס איזי טאץ100יח,LTD G.G.CO,TH,כפפות לטקס,יחידה,1.00,יחידה,false,0,25.90,25.90,true,1,
7290004199180,false,כפפות לטקס איזי טאץ100יח,LTD G.G.CO,TH,כפפות לטקס,יחידה,1.00,יחידה,false,0,25.90,25.90,true,1,
7290004219277,false,אנשובי בצנצנת ארוך 80גרם,קמפיאס,ES,פילה אנשובי,גרמים,80.00,100 גרם,false,0,17.20,21.50,true,1,
7290004219819,false,מלבין קפה,,NL,מלבין קפה,גרמים,200.00,100 גרם,false,0,11.20,5.60,true,1,
7290004225872,false,קרם קוקוס ויליגר,,IL,קרם קוקוס ויליגר,מיליליטרים,400.00,"100 מ""ל",false,0,10.80,2.70,true,1,
7290004230074,false,קציצות דג ברוטב עגבניות,שגב,IL,קציצות דג ברוטב,גרמים,800.00,100 גרם,false,0,37.60,4.70,true,1,
7290004230081,false,קציצות עוף ברוטב עגבניות,שגב,IL,קציצות עוף ברוטב,גרמים,800.00,100 גרם,false,0,37.60,4.70,true,1,
7290004230098,false,רוטב בולונז 700 גרם,שגב,IL,רוטב בולנז,גרמים,700.00,100 גרם,false,0,42.90,6.13,true,1,
7290004230104,false,קציצות בקר ברוטב עגבניות,שגב,IL,קציצות בקר ברוטב,גרמים,800.00,100 גרם,false,14,37.60,4.70,true,1,
7290004230272,false,שוארמה ביתי שגב 500גרם,שגב,IL,שוארמה ביתי,גרמים,500.00,100 גרם,false,1,39.60,7.92,true,1,
7290004230326,false,מקלות פילו תפוח עץ 600גר,שגב,IL,מקלות פילו ת.עץ,גרמים,600.00,100 גרם,false,0,22.10,3.68,true,1,
7290004230333,false,"מקלות בורקס פילו תפו""א 6",יוניגד,IL,"מקלות בורקס פילו תפו""א 6",גרמים,600.00,100 גרם,false,0,22.10,3.68,true,1,
7290004230340,false,מקלות בורקס פילו תרד בצל,שגב,IL,מקלות בורקס פילו תרד בצל,גרמים,600.00,100 גרם,false,0,22.10,3.68,true,1,
7290004230364,false,מקלות בורקס פילו צרפתי 6,שגב,IL,מקלות בורקס פילו צרפתי 6,גרמים,600.00,100 גרם,false,0,22.10,3.68,true,1,
7290004230470,false,סופלה שוקולד בלגי 360 גר,שגב,IL,סופלה שוקולד בלגי 360 גר,גרמים,360.00,100 גרם,false,0,19.10,5.31,true,1,
7290004230944,false,מקלות בורקס פילו גבינה 6,שלושת האופים,IL,מקלות בורקס,גרמים,600.00,100 גרם,false,0,22.10,3.68,true,1,
7290004269890,false,עוגת בראוניס עשירה 380גר,לחמי,IL,עוגת בראוניס,גרמים,380.00,100 גרם,false,0,20.80,5.47,true,1,
7290004324858,false,קבב בטעם כבש 500 גרם,טיבון ויל - נטו,IL,קבב בטעם כבש,גרמים,500.00,100 גרם,false,0,21.70,4.34,true,1,
7290004386825,false,שעועית אפויה,,IL,שעועית אפויה,גרמים,420.00,100 גרם,false,0,10.40,2.48,true,1,
7290004492762,false,נישנושים תירס 325 גרם,גוצ'מולר,IL,נישנושים תירס,גרמים,325.00,100 גרם,false,0,10.00,3.08,true,1,
7290004492779,false,נישנושים זעתר 300 גרם,גוצ'מולר,IL,נישנושים זעתר,גרמים,300.00,100 גרם,false,0,10.00,3.33,true,1,
7290004492816,false,נישנושים מלוח 350 גרם,גוצ'מולר,IL,נישנושי קרקר,גרמים,350.00,100 גרם,false,0,10.00,2.86,true,1,
7290004584306,false,סופר גמדים תות בננה100*4,שטראוס,IL,סופר גמדים 4 יח,גרמים,400.00,100 גרם,false,0,11.90,2.98,true,1,
7290004584351,false,גב.סימפוניה 5% 200 גרם,שטראוס,IL,גבינת סימפוניה,גרמים,200.00,100 גרם,false,0,10.00,5.00,true,1,
7290004584528,false,יוגורט ביו 1.7%דנונה200ג,שטראוס,IL,יוגורט ביו 1.7%,גרמים,200.00,100 גרם,false,0,3.70,1.85,true,1,
7290004585907,false,דני וניל 1.5% שומן 125 ג,שטראוס,IL,דני וניל 1.5%,גרמים,125.00,100 גרם,false,0,2.70,2.16,true,1,
7290004603175,false,מלח ים גס 500 גרם,תעשיות מלח לישראל,IL,מלח ים גס,גרמים,500.00,100 גרם,false,0,8.40,1.68,true,1,
7290004658953,false,"סוביניון בלאן P.C 750מ""ל",יקבי כרמל,IL,סוביניון בלאן,מיליליטרים,750.00,"100 מ""ל",false,0,32.90,4.39,true,1,
7290004685010,false,לחם 100% שיפון קל 500 גר,מאפית ברמן,IL,לחם 100% שיפון קל 500 גר,גרמים,500.00,100 גרם,false,0,13.90,2.78,true,1,
7290004685089,false,לחם חמניות 500 גרם,מאפית ברמן,IL,לחם חמניות 500 גרם,גרמים,500.00,100 גרם,false,0,13.90,2.78,true,1,
7290004685140,false,לחם הארץ שיפון 750 גרם,מאפית ברמן,IL,לחם הארץ שיפון 750 גרם,גרמים,750.00,100 גרם,false,0,13.90,1.85,true,1,
7290004685157,false,לחם שיפון 100%פרוס 750ג,מאפית ברמן,IL,לחם שיפון 100%פרוס 750ג,גרמים,750.00,100 גרם,false,0,13.90,1.85,true,1,
7290004685201,false,לחם הארץ שיפון אגוזים500,מאפית ברמן,IL,לחם הארץ שיפון אגוזים500,גרמים,500.00,100 גרם,false,0,13.90,2.78,true,1,
7290004685225,false,לחם פומפרניקל 750 גרם,מאפית ברמן,IL,לחם פומפרניקל 750 גרם,גרמים,750.00,100 גרם,false,0,13.90,1.85,true,1,
7290004731410,false,סנו סושי3כרית קרצוף ירוק,סנו,IL,סנו סושי ענק 3,יחידה,1.00,יחידה,false,0,7.90,7.90,true,1,
7290004731472,false,אלסבון כיף צבעוני 500X3מ,קוסמופארם,IL,שלישית אלסבון,ליטרים,1.50,ליטר,false,0,22.70,15.13,true,1,
7290004731687,false,דואו פרש וניל למון 300מל,סנו,IL,סנו דואו פרש,מיליליטרים,300.00,"100 מ""ל",false,0,11.90,3.97,true,1,
7290004737443,false,קוקטייל פירות,,CN,קוקטייל פירות,גרמים,820.00,100 גרם,false,0,9.30,1.13,true,1,
7290004737900,false,חלב כחוש מרוכז,,LT,חלב כחוש מרוכז,גרמים,397.00,100 גרם,false,0,10.20,2.57,true,1,
7290004810009,false,"טואלט דאק כתום 750*2 מ""ל",ג'ונסון,NL,טואלט דאק זוג,ליטרים,1.50,ליטר,false,0,15.00,10.00,true,1,
7290004869120,false,לחם אחיד קל פרוס 750 גרם,מאפיית שלמה א. אנג'ל,IL,לחם אחיד קל פרוס 750 גרם,גרמים,750.00,100 גרם,false,0,16.80,2.24,true,1,
7290004923099,false,עין גדי מים מינרל. 2*6 ל,עין גדי מיים מינרלים,IL,מים עין גדי 6 יח,ליטרים,12.00,ליטר,false,0,11.90,0.99,true,1,
7290005008153,false,3 מברשות קולגייט זיג זג,קולגייט-פלמוליב,VN,3 מברשות שיניים,יחידה,1.00,יחידה,false,0,23.10,23.10,true,1,
7290005008191,false,פלמולי.נוז.ארומה-סגול500,קולגייט-פלמוליב,IT,סב.נוזלי פלמוליב,מיליליטרים,500.00,"100 מ""ל",false,0,15.00,3.00,true,1,
7290005008481,false,דאו.ספיד סטיק ג'ל ספורט,קולגייט-פלמוליב,US,דאודורנט,גרמים,85.00,100 גרם,false,0,30.20,35.53,true,1,
7290005084355,false,משח.סנסודיין דואל קייר75,דנאגיס,GB,משחת שיניים,מיליליטרים,75.00,"100 מ""ל",false,0,19.70,26.27,true,1,
7290005113222,false,מיקס זיתים,,IL,מיקס זיתים,גרמים,340.00,100 גרם,false,0,10.30,3.03,true,1,
7290005174513,false,חציל במיונז אחלה 500 גרם,שטראוס,IL,סלט חציל מיונז,גרמים,500.00,100 גרם,false,0,11.90,2.38,true,1,
7290005174575,false,טחינה יום יום 125 גרם,שטראוס,IL,טחינה יום יום,גרמים,125.00,100 גרם,false,0,5.30,4.24,true,1,
7290005175428,false,קמח תירס,,AR,קמח תירס,גרמים,500.00,100 גרם,false,0,7.80,1.56,true,1,
7290005182136,false,סוכרה דיאט 100 יחידות80ג,גורי,IL,סוכרה דיאט,גרמים,80.00,100 גרם,false,0,28.70,35.88,true,1,
7290005191602,false,משקה סויה-סידן 3יח250X'ג,אלפרו,IL,משקה סויה 3 יח',מיליליטרים,750.00,"100 מ""ל",false,0,15.10,2.01,true,1,
7290005201455,false,קפה נמס ארומה 200 גרם,עלית,IL,קפה נמס ארומה,גרמים,200.00,100 גרם,false,0,23.90,11.95,true,1,
7290005201479,false,צ'יטוס בוטנים 100 גרם,עלית,IL,צ'יטוס בוטנים,גרמים,100.00,100 גרם,false,0,6.70,6.70,true,1,
7290005201882,false,קפה טורקי בצלופן 200 גרם,עלית,IL,קפה טורקי בצלופן,גרמים,200.00,100 גרם,false,0,17.90,8.95,true,1,
7290005287206,false,טונה סטארקיסט בשמן160*4ג,סטארקיסט,IL,טונה סטארקיסט4יח,גרמים,640.00,100 גרם,false,0,23.90,3.73,true,1,
7290005287251,false,טונה סטארקיסט במים160*4ג,סטארקיסט,IL,טונה סטארקיסט4יח,גרמים,640.00,100 גרם,false,0,23.90,3.73,true,1,
7290005287756,false,טונה5%עם לימון+פלפל160ג,סטארקיסט,IL,טונה+לימון ופלפל,גרמים,160.00,100 גרם,false,0,7.40,4.63,true,1,
7290005418716,false,קר.לחות לתלתלים נטורל400,קרליין,,קרם לחות לשיער,מיליליטרים,400.00,"100 מ""ל",false,0,23.10,5.78,true,1,
7290005423253,false,"מקסימה למייבש פרש 750מ""ל",סנו,IL,מקסימה למייבש,מיליליטרים,750.00,"100 מ""ל",false,0,17.10,2.28,true,1,
7290005423420,false,סנו משמיד עש מבושם 2 יח',סנו,IT,סנו משמיד עש,יחידה,1.00,יחידה,false,0,23.60,23.60,true,1,
7290005423567,false,40מטליות לניקוי סנו סושי,סנו,IL,מטליות לניקוי,יחידה,1.00,יחידה,false,0,22.00,22.00,true,1,
7290005423635,false,ריצפז פלוס דוחה תיקנים2ל,סנו,IL,ריצפז דוחה חרקים,ליטרים,2.00,ליטר,false,0,19.90,9.95,true,1,
7290005424052,false,מן קצף גילוח 2 יחX' 300ג,סנו,IL,צמד מן קצף גיל,גרמים,600.00,100 גרם,false,0,26.20,4.37,true,1,
7290005424311,false,סנו K רב קוטל בריח פרחים,סנו,IL,סנו K רב קוטל,מיליליטרים,500.00,"100 מ""ל",false,0,21.90,4.38,true,1,
7290005424403,false,אל סבון כיף אצות ים1ליטר,קוסמופארם,IL,אל סבון כיף,ליטרים,1.00,ליטר,false,0,10.00,10.00,true,1,
7290005424694,false,קרמה תח.רחצה קלאסיק 750מ,קוסמופארם,IL,קרמה תחליב רחצה,מיליליטרים,750.00,"100 מ""ל",false,0,15.90,2.12,true,1,
7290005424847,false,מפיות נשלפות 30*30 150 י,סנו,IL,מפיות נשלפות,יחידה,1.00,יחידה,false,0,10.90,10.90,true,1,
7290005425011,false,סנו ג'ט 80 מטליות לניקוי,סנו,IL,סנו ג'ט מטליות,יחידה,1.00,יחידה,false,0,15.00,15.00,true,1,
7290005425196,false,אבקת מקסימה סנסיטיב2.5קג,סנו,IL,אבקת כביסה,קילוגרמים,2.50,"ק""ג",false,0,24.90,9.96,true,1,
7290005425646,false,סנוקליר ניקוי חלונות 1ל',סנו,IL,סנוקליר 1 ליטר,ליטרים,1.00,ליטר,false,0,11.10,11.10,true,1,
7290005425783,false,קרם גוף קרמה קלאסי 500מל,קוסמופארם,IL,קרם גוף קרמה,מיליליטרים,500.00,"100 מ""ל",false,0,24.90,4.98,true,1,
7290005426230,false,מטלית הפלא לרצפה ס.סושי,סנו,IL,מטליות הפלא רצפה,יחידה,1.00,יחידה,false,0,10.00,10.00,true,1,
7290005426360,false,קרמה תח.רחצה חלב ודבש750,קוסמופארם,IL,קרמה תחליב רחצ,מיליליטרים,750.00,"100 מ""ל",false,0,15.90,2.12,true,1,
7290005426568,false,ק.לחות קרמה שיער רגיל400,קוסמופארם,IL,קרם לחות קרמה,מיליליטרים,400.00,"100 מ""ל",false,0,15.90,3.98,true,1,
7290005426940,false,300-K פלוס8 קוטל חרקי400,סנו,IL,300-K פלוס,מיליליטרים,400.00,"100 מ""ל",false,0,18.30,4.58,true,1,
7290005427107,false,סנו סושי 6 מגבות הפלא,סנו,IL,מגבות נייר סנו,מטרים,63.00,מטר,false,0,8.90,0.14,true,1,
7290005427497,false,מרכך כיף לשיער רגיל 750מ,קוסמופארם,IL,מרכך כיף,מיליליטרים,750.00,"100 מ""ל",false,0,10.00,1.33,true,1,
7290005427503,false,מרכך כיף לשיער יבש 750מל,קוסמופארם,IL,מרכך כיף לשיער,מיליליטרים,750.00,"100 מ""ל",false,0,10.00,1.33,true,1,
7290005427541,false,תחליב רח.כיף חלב שקד750מ,קוסמופארם,IL,תחליב רחצה כיף,מיליליטרים,750.00,"100 מ""ל",false,0,10.00,1.33,true,1,
7290005427558,false,תחליב רח.כיף חלב ודבש750,קוסמופארם,IL,תחליב רחצה כיף,מיליליטרים,750.00,"100 מ""ל",false,0,10.00,1.33,true,1,
7290005427565,false,שמפו כיף לשיער רגיל 750מ,קוסמופארם,IL,שמפו כיף,מיליליטרים,750.00,"100 מ""ל",false,0,10.00,1.33,true,1,
7290005427572,false,שמפו כיף לשיער יבש 750מל,קוסמופארם,IL,שמפו כיף,מיליליטרים,750.00,"100 מ""ל",false,0,10.00,1.33,true,1,
7290005430602,false,אוקסיג'ן מ.כתמים,,IL,אוקסיג'ן מ.כתמים,מיליליטרים,750.00,"100 מ""ל",false,0,16.90,2.25,true,1,
7290005431364,false,עוגת גבינה 2 יח,,IL,עוגת גבינה 2 יח,גרמים,184.00,100 גרם,false,0,10.90,5.92,true,1,
7290005431371,false,מלבי 2 * 165 גרם,תנובה,IL,מלבי 2 יחידות,גרמים,330.00,100 גרם,false,0,10.90,3.30,true,1,
7290005431630,false,עוגת גב.פירור לייט150*2ג,תנובה,IL,עוגת גבינה 2 יח,גרמים,300.00,100 גרם,false,1,10.90,3.63,true,1,
7290005431692,false,עוג.גבינה אוכמניות90*2גר,תנובה,IL,זוג עוגות גבינה,גרמים,180.00,100 גרם,false,1,10.90,6.06,true,1,
7290005431708,false,עוגת גבינה ושוקולד90*2גר,תנובה,IL,זוג עוגות גבינה,גרמים,180.00,100 גרם,false,1,10.90,6.06,true,1,
7290005559907,false,פיצה משפחתית גבינה 500גר,"מעדנות בע""מ",IL,פיצה משפחתית,גרמים,500.00,100 גרם,false,0,24.70,4.94,true,1,
7290005559914,false,פיצה משפחתית זיתים 550גר,"מעדנות בע""מ",IL,פיצה משפחתית,גרמים,550.00,100 גרם,false,0,26.70,4.85,true,1,
7290005559983,false,חטיפי פיצה גבינה 650 גרם,"מעדנות בע""מ",IL,חטיפי פיצה גבינה,גרמים,650.00,100 גרם,false,0,35.90,5.52,true,1,
7290005559990,false,בצק פילאס תורקי 600 גרם,"מעדנות בע""מ",IL,בצק פילאס תורכי,גרמים,600.00,100 גרם,false,0,27.30,4.55,true,1,
7290005564253,false,ספרינג אגס סברס תפוח1.5ל,יפאורה שותפות מובגלת לשיווק,IL,משקה ספרינג,ליטרים,1.50,ליטר,false,0,6.90,4.60,true,1,
7290005564680,false,תפוזינה לימונדה 1.5 ליטר,יפאורה שותפות מובגלת לשיווק,IL,תפוזינה לימונדה,ליטרים,1.50,ליטר,false,0,6.50,4.33,true,1,
7290005564970,false,"קריסטל תפו""ע מוגז 2 ליטר",יפאורה שותפות מובגלת לשיווק,IL,גזוז בטעם תפוח,ליטרים,2.00,ליטר,false,0,3.90,1.95,true,1,
7290005583568,false,אוריריות כוסמת,,IL,אוריריות כוסמת,גרמים,150.00,100 גרם,false,0,14.90,9.93,true,1,
7290005604133,false,פריגת מנגו 1.5 ליטר,פריגת,IL,פריגת מנגו,ליטרים,1.50,ליטר,false,0,6.90,4.60,true,1,
7290005605901,false,פאנטה אקזוטי 1.5 ליטר,החברה המרכזית לייצור משקאות,IL,פאנטה אקזוטי,ליטרים,1.50,ליטר,false,0,7.60,5.07,true,1,
7290005610509,false,צנונית יחידה,קטיף,IL,צנונית -יח',יחידה,1.00,יחידה,false,0,6.50,6.50,true,1,
7290005780868,false,אנרג'י מיזלי 500 גרם,שטראוס,BE,אנרג'י מוזלי,גרמים,500.00,100 גרם,false,0,17.80,3.56,true,1,
7290005838002,false,"דניאלה מעדן גבינה 150מ""ל",שטראוס,IL,מעדן דניאלה,מיליליטרים,150.00,"100 מ""ל",false,0,4.30,2.87,true,1,
7290005838613,false,סקי מעדן גבינה וניל 125ג,שטראוס,IL,סקי מעדן גבינה,גרמים,125.00,100 גרם,false,0,3.70,2.96,true,1,
7290005839078,false,דנונה ביו 3% 150*8 גרם,שטראוס,IL,דנונה ביו 8 יח,קילוגרמים,1.20,"ק""ג",false,0,17.60,14.67,true,1,
7290005839108,false,גב.סימפוניה +5%זיתים200ג,שטראוס,IL,גבינת סימפוניה,גרמים,200.00,100 גרם,false,0,10.00,5.00,true,1,
7290005839313,false,מילקי טופ שוקול.מגולג170,שטראוס,IL,מילקי טופ,מיליליטרים,170.00,"100 מ""ל",false,0,5.00,2.94,true,1,
7290005896439,false,בירה מכבי,,IL,בירה מכבי,מיליליטרים,500.00,"100 מ""ל",false,0,6.90,1.38,true,1,
7290005896828,false,מים מינרל.סאן בנדטו1.5*6,טמפו,IT,מים סן בנדטו 6יח,ליטרים,9.00,ליטר,false,0,15.90,1.77,true,1,
7290005896972,false,פפסי מקס 1.5*6 ליטר,טמפו,IL,פפסי מקס 6 יח',ליטרים,9.00,ליטר,false,0,29.80,3.31,true,1,
7290005966033,false,"יין לבן הר חרמון 750 מ""ל",יקבי רמת הגולן קצרין,IL,יין לבן חרמון,מיליליטרים,750.00,"100 מ""ל",false,0,32.90,4.39,true,1,
7290005966088,false,יין אדום הר חרמון 750 מל,יקבי רמת הגולן קצרין,IL,יין אדום חרמון,מיליליטרים,750.00,"100 מ""ל",false,0,32.90,4.39,true,1,
7290005966361,false,"גמלא שרדונה 750 מ""ל",יקבי רמת הגולן קצרין,IL,יין גמלא שרדונ,מיליליטרים,750.00,"100 מ""ל",false,0,47.60,6.35,true,1,
7290005966392,false,גולן קברנה סוביניון750מל,יקבי רמת הגולן קצרין,IL,גולן קברנה סוביניון750מל,מיליליטרים,750.00,"100 מ""ל",false,0,32.90,4.39,true,1,
7290005966514,false,"ירדן מוסקט 500 מ""ל",יקבי רמת הגולן קצרין,IL,ירדן מוסקט,מיליליטרים,500.00,"100 מ""ל",false,0,32.90,6.58,true,1,
7290006199027,false,שלגון וניל מצופה תות כשל,פלקו,IL,שלגוני וניל מצופ,גרמים,600.00,100 גרם,false,0,35.30,5.88,true,1,
7290006199331,false,"גלידל אשכול אדום כשל""פ8",גלידות פלדמן,IL,גלידל פרי,גרמים,640.00,100 גרם,false,0,27.30,4.27,true,1,
7290006199942,false,"גלידל דובדבן 8יח כשל""פ",פלקו,IL,פרי דובדבן 8יח,גרמים,640.00,100 גרם,false,0,27.30,4.27,true,1,
7290006241504,false,פריגת תפוזים פריז 280 מל,פריגת,IL,פריגת תפוזים פריז 280 מל,מיליליטרים,280.00,"100 מ""ל",false,0,10.40,3.71,true,1,
7290006241511,false,פריגת נענע פריז 280 מל,פריגת,IL,פריגת נענע פריז 280 מל,מיליליטרים,280.00,"100 מ""ל",false,0,10.40,3.71,true,1,
7290006251107,false,תה מסאלה צ'אי 25שק2*גרם,ויסוצקי,IL,תה מסאלה צ'אי 25שק2*גרם,גרמים,50.00,100 גרם,false,0,19.70,39.40,true,1,
7290006251268,false,תה ירוק תפוח+קינמ25ש1.5X,ויסוצקי,IL,תה ירוק תפוח,גרמים,37.00,100 גרם,false,0,21.90,59.19,true,1,
7290006251275,false,תה ירוק סיני25 שק1.5Xגרם,ויסוצקי,IL,תה ירוק סיני,גרמים,37.00,100 גרם,false,0,21.90,59.19,true,1,
7290006251282,false,חליטת קרנברי ג.קסום3X25ג,ויסוצקי,IL,חליטת חמוציות,גרמים,75.00,100 גרם,false,0,18.90,25.20,true,1,
7290006251374,false,תה ירוק לימונית+ג'ינגר25,ויסוצקי,IL,תה ירוק לימונית,גרמים,37.00,100 גרם,false,0,21.90,59.19,true,1,
7290006271174,false,ג'חנון בצק מעדנות 700גרם,"מעדנות בע""מ",IL,ג'חנון בצק,גרמים,700.00,100 גרם,false,0,20.60,2.94,true,1,
7290006271181,false,ג'חנון אפוי מעדנות 750גר,"מעדנות בע""מ",IL,ג'חנון אפוי,גרמים,750.00,100 גרם,false,0,28.70,3.83,true,1,
7290006271273,false,"מיני בורקס תפו""א 800 גרם","מעדנות בע""מ",IL,"מיני בורקס תפו""א",גרמים,800.00,100 גרם,false,0,26.40,3.30,true,1,
7290006271280,false,מיני בורקס גבינה 800 גרם,"מעדנות בע""מ",IL,מיני בורקס גבינה,גרמים,800.00,100 גרם,false,0,28.90,3.61,true,1,
7290006271761,false,מיני ג'חנון אפוי 600 גרם,"מעדנות בע""מ",IL,מיני גחנון אפו,גרמים,600.00,100 גרם,false,0,25.70,4.28,true,1,
7290006272430,false,בצק עלים חמאה 600 גרם,"מעדנות בע""מ",IL,בצק עלים חמאה,גרמים,600.00,100 גרם,false,0,31.60,5.27,true,1,
7290006273239,false,עוגת שמרים שוקולד 450גרם,לחמי,IL,עוגת שוקולד,גרמים,450.00,100 גרם,false,0,12.90,2.87,true,1,
7290006273246,false,עוגת שמרים קינמון 450גרם,לחמי,IL,עוגת שמרים,גרמים,450.00,100 גרם,false,0,12.90,2.87,true,1,
7290006273284,false,עוגת שמרים אספרסו+שוק450,לחמי,IL,עוגת שמרים,גרמים,450.00,100 גרם,false,0,12.90,2.87,true,1,
7290006306296,false,רביולי גבינה לילדים 400ג,פסטה נונה,,רביולי גבינה,גרמים,400.00,100 גרם,false,0,17.90,4.48,true,1,
7290006306302,false,רביולי פרמזן ריקוטה400גר,פסטה נונה,IL,רביולי גבינה,גרמים,400.00,100 גרם,false,0,17.90,4.48,true,1,
7290006322104,false,לחם רחיים קל 500 גרם,מאפיית דוידוביץ,IL,לחם רחיים קל,גרמים,500.00,100 גרם,false,0,14.40,2.88,true,1,
7290006322111,false,לחמניות רחיים 80X3 גרם,מאפיית דוידוביץ,IL,לחמניות רחיים3יח,גרמים,480.00,100 גרם,false,0,12.40,2.58,true,1,
7290006322128,false,לחמניות קלות 80X6גרם,מאפיית דוידוביץ,IL,לחמניות קלות,גרמים,480.00,100 גרם,false,0,10.80,2.25,true,1,
7290006322142,false,לחם קל כהה 500 גרם,מאפיית דוידוביץ,IL,לחם קל כהה,גרמים,500.00,100 גרם,false,0,11.80,2.36,true,1,
7290006322166,false,לחמניות רגילות 6יח75X'גר,מאפיית דוידוביץ,,מארז 6 לחמניות,גרמים,450.00,100 גרם,false,0,10.80,2.40,true,1,
7290006322470,false,לחם 9 דגנים קל 500 גרם,מאפיית דוידוביץ,IL,לחם 9 דגנים קל,גרמים,500.00,100 גרם,false,0,15.70,3.14,true,1,
7290006374738,false,קונפיטורה תות 340 גרם,יד מרדכי,IL,קונפיטורה תות,גרמים,340.00,100 גרם,false,0,15.80,4.65,true,1,
7290006439444,false,אורז בסמתי,,IL,אורז בסמתי,קילוגרמים,1.00,"ק""ג",false,0,13.80,13.80,true,1,
7290006494535,false,"פודינג וניל ללת""ס 30 גרם",.,IL,פודינג וניל,גרמים,30.00,100 גרם,false,1,7.90,26.33,true,1,
7290006494597,false,תרכיז תפוחים מרמולייט1ל',אשבל,IL,תרכיז תפוחים,ליטרים,1.00,ליטר,false,0,11.80,11.80,true,1,
7290006511157,false,פטריות שלמות,,IN,פטריות שלמות,גרמים,400.00,100 גרם,false,0,8.00,2.00,true,1,
7290006644510,false,"תפוזינה ענבים 500 מ""ל",יפאורה שותפות מובגלת לשיווק,IL,תפוזינה ענבים,מיליליטרים,500.00,"100 מ""ל",false,0,7.10,1.42,true,1,
7290006644589,false,משקה קל אשכוליות דיאט 2ל,יפאורה שותפות מובגלת לשיווק,IL,אשכוליות דיאט,ליטרים,2.00,ליטר,false,0,4.00,2.00,true,1,
7290006644596,false,קריסטל אקזוטי מוגז 2ליטר,יפאורה שותפות מובגלת לשיווק,IL,קריסטל אקזוטי,ליטרים,2.00,ליטר,false,0,3.90,1.95,true,1,
7290006644626,false,ספרינג פירות טרופיים1.5ל,יפאורה שותפות מובגלת לשיווק,IL,משקה ספרינג,ליטרים,1.50,ליטר,false,0,6.90,4.60,true,1,
7290006644732,false,ספרינג פירות טרופיים 1 ל,יפאורה שותפות מובגלת לשיווק,IL,נקטר ספרינג,ליטרים,1.00,ליטר,false,0,5.50,5.50,true,1,
7290006644848,false,ספרינג תפוחים דיאט 1ליטר,יפאורה שותפות מובגלת לשיווק,IL,ספרינג דיאט,ליטרים,1.00,ליטר,false,0,5.50,5.50,true,1,
7290006652027,false,במבה מארז 20 * 15 גרם,אסם,IL,במבה 20 יח',גרמים,300.00,100 גרם,false,0,25.90,8.63,true,1,
7290006653475,false,"רוטב אלף האיים 600 מ""ל",אסם,IL,רוטב אלף האיים,מיליליטרים,600.00,"100 מ""ל",false,0,18.70,3.12,true,1,
7290006653819,false,קוסקוס דק 350 גרם,קוסקוס מזון,IL,קוסקוס דק,גרמים,350.00,100 גרם,false,0,8.80,2.51,true,1,
7290006664037,false,סופר גמדים דגנים 100*4גר,שטראוס,IL,סופר גמדים 4 יח,גרמים,400.00,100 גרם,false,0,11.90,2.98,true,1,
7290006664167,false,סימפוניה+שום שמיר3% 200ג,שטראוס,IL,גבינת סימפוניה3%,גרמים,200.00,100 גרם,false,0,10.00,5.00,true,1,
7290006664631,false,"אקטימל תות 100*8 מ""ל",שטראוס,IL,אקטימל תות 8 יח',מיליליטרים,800.00,"100 מ""ל",false,0,22.70,2.84,true,1,
7290006664655,false,"אקטימל לבן 100*8 מ""ל",שטראוס,IL,אקטימל לבן 8 יח,מיליליטרים,800.00,"100 מ""ל",false,0,22.70,2.84,true,1,
7290006664969,false,יוגורט מת.מעודן2% 150*8ג,שטראוס,IL,יוגורט מעודן 2%,קילוגרמים,1.20,"ק""ג",false,0,18.80,15.67,true,1,
7290006664990,false,דנונה ביו 1.7% 150*8גרם,שטראוס,IL,דנונה ביו 8 יח',קילוגרמים,1.20,"ק""ג",false,0,17.60,14.67,true,1,
7290006681003,false,סורבט תות לימון קרמ1.33.,שטראוס,IL,סורבט תות לימון קרמ1.33.,ליטרים,1.33,ליטר,false,0,20.90,15.71,true,1,
7290006681089,false,גל.לייט מיני סנדוויץ 10י,שטראוס,IL,גלידה לייט,גרמים,250.00,100 גרם,false,0,31.20,12.48,true,1,
7290006681577,false,אסקימו לימון דובדבן 8+2,שטראוס,IL,אסקימו לימון דובדבן 8+2,גרמים,700.00,100 גרם,false,0,18.60,2.66,true,1,
7290006681843,false,גלידה לייט פרי 6 יחידות,שטראוס,IL,מאגדת גלידה לייט,גרמים,300.00,100 גרם,false,0,27.90,9.30,true,1,
7290006681904,false,מאגדת מצופים 8+2יח,שטראוס,IL,מאגדת מצופים 8+2יח,גרמים,600.00,100 גרם,false,0,35.90,5.98,true,1,
7290006704788,false,מלפפון בייבי יח',קטיף,IL,מלפפון בייבי-יח',יחידה,1.00,יחידה,false,0,10.90,10.90,true,1,
7290006732668,false,עוגת שושנים טריפל שוק400,לחמי,IL,עוגת שושנים,גרמים,400.00,100 גרם,false,0,12.90,3.23,true,1,
7290006738103,false,פסטרמה בדבש טהור דק 150ג,זוגלובק,IL,פסטרמה בדבש דק,גרמים,150.00,100 גרם,false,0,16.40,10.93,true,1,
7290006738110,false,פסטרמה ברביקיו דק דק150ג,זוגלובק,IL,פסטרמה ברביקיו,גרמים,150.00,100 גרם,false,0,16.40,10.93,true,1,
7290006738424,false,מיני סלמי פיקנטי 250 גרם,זוגלובק,IL,מיני סלמי פיקנטי,גרמים,250.00,100 גרם,false,0,16.10,6.44,true,1,
7290006738615,false,קבב זהב 400 גרם,זוגלובק,IL,קבב זהב 400 גרם,גרמים,400.00,100 גרם,false,0,22.70,5.68,true,1,
7290006739292,false,פסטרמה חזה תבור מעושן330,זוגלובק,IL,פסטרמה תבור,גרמים,330.00,100 גרם,false,0,31.90,9.67,true,1,
7290006739407,false,שניצל תירס לייט 630 גרם,זוגלובק,IL,שניצל תירס,גרמים,630.00,100 גרם,false,0,31.90,5.06,true,1,
7290006739414,false,סלמי קוניאק 300 גרם,זוגלובק,IL,סלמי קוניאק,גרמים,300.00,100 גרם,false,0,32.70,10.90,true,1,
7290006739445,false,שניצל תירס קלאסי 750 גרם,זוגלובק,IL,שניצל תירס,גרמים,750.00,100 גרם,false,0,28.70,3.83,true,1,
7290006741363,false,"בורקס תפו""א בד""צ 800 גרם",זוגלובק,IL,"בורקס תפו""א",גרמים,800.00,100 גרם,false,0,16.80,2.10,true,1,
7290006742162,false,המבורגר מזרחי 400 גרם,זוגלובק,IL,המבורגר מזרחי,גרמים,400.00,100 גרם,false,0,22.70,5.68,true,1,
7290006742179,false,קבב מזרחי 400 גרם,זוגלובק,IL,קבב מזרחי,גרמים,400.00,100 גרם,false,0,22.70,5.68,true,1,
7290006742278,false,פסטרמה צלוי על לבנים330ג,זוגלובק,IL,פסטרמה צלויה,גרמים,330.00,100 גרם,false,0,31.90,9.67,true,1,
7290006742315,false,חזה הודו ברביקיו 330 גרם,זוגלובק,IL,חזה הודו ברביקיו,גרמים,330.00,100 גרם,false,0,31.90,9.67,true,1,
7290006764058,false,בירה נשר לבן בק.חוזר500מ,טמפו,IL,בירה נשר לבן,מיליליטרים,500.00,"100 מ""ל",false,0,6.00,1.20,true,1,
7290006764072,false,"גולדסטאר בק.חוזר 500 מ""ל",טמפו,IL,בירה גולדסטאר,מיליליטרים,500.00,"100 מ""ל",false,0,7.40,1.48,true,1,
7290006764348,false,מאלטסטאר 1.5 ליטר,טמפו,IL,מאלטסטאר,ליטרים,1.50,ליטר,false,0,7.80,5.20,true,1,
7290006764713,false,מירינדה 1.5*6 ליטר,טמפו,IL,מירינדה 6 יחידות,ליטרים,9.00,ליטר,false,0,26.90,2.99,true,1,
7290006764737,false,נשר מאלט דיאט ב.חוזר500מ,טמפו,IL,נשר מאלט דיאט,מיליליטרים,500.00,"100 מ""ל",false,0,4.90,0.98,true,1,
7290006788009,false,"שמפו ""10"" לשיער רגיל700מ",קרליין,IL,שמפו 10 לשיער,מיליליטרים,700.00,"100 מ""ל",false,0,10.90,1.56,true,1,
7290006788078,false,"מרכך ""10"" לשיער יבש 700מ",קרליין,IL,מרכך 10 לשיער,מיליליטרים,700.00,"100 מ""ל",false,0,10.90,1.56,true,1,
7290006788429,false,דאו.קרליין רולאון כתום75,קרליין,IL,דאודורנט קרליין,מיליליטרים,75.00,"100 מ""ל",false,0,11.90,15.87,true,1,
7290006788689,false,"שמפו ""10"" 2ב1- 700 מ""ל",קרליין,IL,"שמפו ""10"" 2ב1-",מיליליטרים,700.00,"100 מ""ל",false,0,10.90,1.56,true,1,
7290006822840,false,מאלטי 1.5 ליטר,קרלסברג ישראל,IL,בירה מאלטי,ליטרים,1.50,ליטר,false,0,8.40,5.60,true,1,
7290006822857,false,מאלטי דיאט 1.5 ליטר,קרלסברג ישראל,IL,מאלטי דיאט,ליטרים,1.50,ליטר,false,0,8.40,5.60,true,1,
7290006869128,false,לרוויה-לבן 1.5% שומן 1ל',טרה,IL,לרוויה-לבן 1.5%,ליטרים,1.00,ליטר,false,0,11.10,11.10,true,1,
7290006895745,false,קציצות עוף כרישה 600גרם,תנובה,IL,קציצות עוף כרישה 600גרם,גרמים,600.00,100 גרם,false,0,37.60,6.27,true,1,
7290006983176,false,לחמית שיפון 230 גרם,אסם,IL,לחמית שיפון אסם,גרמים,230.00,100 גרם,false,0,9.90,4.30,true,1,
7290006983770,false,עוגת הבית שיש אסם 400 גר,אסם,IL,עוגת שיש,גרמים,400.00,100 גרם,false,0,13.40,3.35,true,1,
7290006983787,false,עוגת שוקולד צ'יפס 400 גר,אסם,IL,עוגת שוקוצ'יפס,גרמים,400.00,100 גרם,false,0,13.40,3.35,true,1,
7290006989079,false,מברשת שטיחים 525,המברשת רוחמה,IL,מברשת שטיחים,יחידה,1.00,יחידה,false,0,22.20,22.20,true,1,
7290006992208,false,דייסת מטרנה 8 דגנים 200ג,נסטלה,IL,דייסת מטרנה,גרמים,200.00,100 גרם,false,0,16.80,8.40,true,1,
7290008021043,false,שמפו פינוק שיער רגיל700מ,יוניליוור,IL,שמפו פינוק,מיליליטרים,700.00,"100 מ""ל",false,0,10.00,1.43,true,1,
7290008021050,false,שמפו פינוק יבש מאוד700מל,יוניליוור,IL,שמפו פינוק,מיליליטרים,700.00,"100 מ""ל",false,0,10.00,1.43,true,1,
7290008021104,false,"מרכך פינוק רגיל 700 מ""ל",יוניליוור,IL,מרכך שיער פינוק,מיליליטרים,700.00,"100 מ""ל",false,0,10.00,1.43,true,1,
7290008021111,false,מרכ.פינוק יבש מאוד 700מל,יוניליוור,IL,מרכך שיער פינוק,מיליליטרים,700.00,"100 מ""ל",false,0,10.00,1.43,true,1,
7290008021135,false,שמפו פינוק 2ב1- רגיל700מ,יוניליוור,IL,שמפו+מרכך פינוק,מיליליטרים,700.00,"100 מ""ל",false,0,10.00,1.43,true,1,
7290008084956,false,בייבי פסטה,,IL,בייבי פסטה,גרמים,120.00,100 גרם,false,0,17.30,14.42,true,1,
7290008175487,false,לורפק ממרח חמאה,,,לורפק ממרח חמאה,גרמים,250.00,100 גרם,false,0,17.60,7.04,true,1,
7290008175494,false,ממרח חמאה,,DK,ממרח חמאה,גרמים,250.00,100 גרם,false,0,17.60,7.04,true,1,
7290008175814,false,פטריות חתוכות,,IL,פטריות חתוכות,גרמים,400.00,100 גרם,false,0,4.60,1.15,true,1,
7290008213493,false,משחה קולגייט להלבנה 100מ,קולגייט-פלמוליב,PL,משחה קולגייט להלבנה 100מ,מיליליטרים,100.00,"100 מ""ל",false,0,17.90,17.90,true,1,
7290008328913,false,סילאן טבעי טהור,,IL,סילאן טבעי טהור,גרמים,900.00,100 גרם,false,0,23.70,2.63,true,1,
7290008333115,false,אבקת ג'לטין טהור 28 גרם,מאיר עזרא ובניו,IL,אבקת ג'לטין,גרמים,28.00,100 גרם,false,0,11.10,39.64,true,1,
7290008335553,false,קובה במילוי בשר 600 גרם,שלושת האופים,IL,קובה בשר 600גר,גרמים,600.00,100 גרם,false,0,16.80,2.80,true,1,
7290008335560,false,סיגרים במילוי בשר 600גרם,שלושת האופים,IL,סיגרים מילוי בשר,גרמים,600.00,100 גרם,false,0,16.80,2.80,true,1,
7290008335577,false,"פסטלים במילוי תפו""א 600ג",שלושת האופים,IL,"פסטלים תפו""א",גרמים,600.00,100 גרם,false,0,16.80,2.80,true,1,
7290008335584,false,"סיגרים במילוי תפו""א 600ג",שלושת האופים,IL,"סיגרים תפו""א",גרמים,600.00,100 גרם,false,0,21.90,3.65,true,1,
7290008343466,false,בצק פילו 500 גרם,"שגמור בע""מ",IL,בצק פילו 500 גרם,גרמים,500.00,100 גרם,false,0,23.10,4.62,true,1,
7290008343473,false,עלי בצק לסיגר 450גרם,נטו,IL,עלי בצק לסיגר,גרמים,450.00,100 גרם,false,20,12.80,2.84,true,1,
7290008344272,false,המבורגר 100% 400 גרם,טיבון ויל - נטו,IL,המבורגר בקר,גרמים,400.00,100 גרם,false,0,24.30,6.08,true,1,
7290008345576,false,איקרה ביתית לבנה 300 גרם,דלידג - נטו,IL,איקרה ביתית לבנה,גרמים,300.00,100 גרם,false,0,18.20,6.07,true,1,
7290008345583,false,איקרה ביתית ורודה 300 גר,דלידג - נטו,IL,איקרה ביתית,גרמים,300.00,100 גרם,false,0,18.20,6.07,true,1,
7290008347877,false,ג'לטין בקר 28 גרם,נטו,IT,ג'לטין טהור,גרמים,28.00,100 גרם,false,0,9.30,33.21,true,1,
7290008409124,false,שניצל ג'ונגל 700 גרם,תנובה,IL,שניצל ג'ונגל 700 גרם,גרמים,700.00,100 גרם,false,0,37.60,5.37,true,1,
7290008409216,false,שניצל דק דק פריך 700 גרם,תנובה,IL,שניצל דק דק פריך 700 גרם,גרמים,700.00,100 גרם,false,0,44.90,6.41,true,1,
7290008409223,false,שניצל דק מתובל 700 גרם,תנובה,IL,שניצל דק מתובל 700 גרם,גרמים,700.00,100 גרם,false,0,44.90,6.41,true,1,
7290008409407,false,שניצל דק בציפוי צ'יפס 00,תנובה,IL,שניצל דק בציפוי צ'יפס 00,גרמים,700.00,100 גרם,false,0,44.90,6.41,true,1,
7290008409551,false,שניצל עוף אמיתי מעודן700,תנובה,IL,שניצל עוף אמיתי מעודן700,גרמים,700.00,100 גרם,false,0,44.50,6.36,true,1,
7290008409568,false,שניצל ציפס אמיתי 700 גרם,תנובה,IL,שניצל ציפס אמיתי 700 גרם,גרמים,700.00,100 גרם,false,0,47.00,6.71,true,1,
7290008409575,false,פילה עוף שומשום 700 גרם,תנובה,IL,פילה עוף שומשום 700 גרם,גרמים,700.00,100 גרם,false,0,46.90,6.70,true,1,
7290008409773,false,קציצות עוף ביתיות 700 גר,תנובה,IL,קציצות עוף ביתיות 700 גר,גרמים,700.00,100 גרם,false,0,36.70,5.24,true,1,
7290008454209,false,עוגת שמרים עם פרג 450גרם,לחמי,IL,עוגת שמרים פרג,גרמים,450.00,100 גרם,false,0,12.90,2.87,true,1,
7290008454810,false,עוגת שמרים עם חלבה450גרם,לחמי,IL,עוגת שמרים,גרמים,450.00,100 גרם,false,0,12.90,2.87,true,1,
7290008462204,false,םרג 380 ןו'זיד לדרח,וטנ,FR,חרדל דיז'ון,גרמים,380.00,100 גרם,false,0,18.50,4.87,true,1,
7290008464000,false,סבן אפ 1.5*6 ליטר,טמפו,IL,סבן אפ 6 יחידות,ליטרים,9.00,ליטר,false,0,26.90,2.99,true,1,
7290008464017,false,סבן אפ דיאט 1.5*6 ליטר,טמפו,IL,סבן אפ דיאט 6 יח,ליטרים,9.00,ליטר,false,0,26.90,2.99,true,1,
7290008464024,false,גולדסטאר בפחית,,IL,גולדסטאר בפחית,מיליליטרים,500.00,"100 מ""ל",false,0,10.70,2.14,true,1,
7290008464130,false,בירה גולדסטאר6יח,,IL,בירה גולדסטאר6יח,ליטרים,1.98,ליטר,false,0,39.90,20.15,true,1,
7290008464222,false,בירה מכבי פחית7.9% 500מ,טמפו,IL,בירה מכבי 7.9%,מיליליטרים,500.00,"100 מ""ל",false,1,8.90,1.78,true,1,
7290008464468,false,בירה גולדסטאר פחית 500מל,טמפו,IL,בירה גולדסטאר,מיליליטרים,500.00,"100 מ""ל",false,0,9.20,1.84,true,1,
7290008464475,false,"בירה מכבי פחית 500 מ""ל",טמפו,IL,בירה מכבי פחית,מיליליטרים,500.00,"100 מ""ל",false,0,8.00,1.60,true,1,
7290008464604,false,"בירה הייניקן פחית 500מ""ל",היינקן,IL,בירה היינקן פחית,מיליליטרים,500.00,"100 מ""ל",false,0,12.90,2.58,true,1,
7290008464741,false,"בירה גולדסטאר בק330*6מ""ל",טמפו,IL,גולדסטאר 6 יח',ליטרים,1.98,ליטר,false,0,32.90,16.62,true,1,
7290008464796,false,"בירה הייניקן בק330*6 מ""ל",היינקן,IL,בירה הייניקן 6יח,ליטרים,1.98,ליטר,false,0,39.90,20.15,true,1,
7290008464987,false,סודה טמפו 1.5*6 ליטר,טמפו,IL,סודה טמפו שישיה,ליטרים,9.00,ליטר,false,0,16.80,1.87,true,1,
7290008470759,false,סטיקס ספירמינט 13*8 גרם,ריגלי,FR,אורביט סטיקס 8יח,גרמים,104.00,100 גרם,false,0,16.10,15.48,true,1,
7290008470766,false,אורביט סטיקס פפרמינ13*8ג,ריגלי,FR,אורביט סטיקס 8יח,גרמים,104.00,100 גרם,false,0,16.10,15.48,true,1,
7290008470889,false,אורביט סטיקס תות 13*8גרם,ריגלי,FR,אורביט סטיקס 8יח,גרמים,104.00,100 גרם,false,1,16.10,15.48,true,1,
7290008493390,false,גריסיני טבעי 200 גרם,מאיר את ביגל,IL,גריסיני טבעי,גרמים,200.00,100 גרם,false,0,7.90,3.95,true,1,
7290008493406,false,גריסיני שומשום 175 גרם,מאיר את ביגל,IL,גריסיני שומשום,גרמים,175.00,100 גרם,false,0,7.90,4.51,true,1,
7290008493482,false,בייגלה גדול שומשום 300גר,מאיר את ביגל,IL,בייגלה שומשום,גרמים,300.00,100 גרם,false,0,8.90,2.97,true,1,
7290008493499,false,בייגלה שטוחל'ה מלח350גרם,מאיר את ביגל,IL,בייגלה שטוחל'ה,גרמים,350.00,100 גרם,false,0,7.50,2.14,true,1,
7290008493505,false,בייגלה שטוחל'ה שומשום300,מאיר את ביגל,IL,בייגלה שטוחלה,גרמים,300.00,100 גרם,false,0,7.50,2.50,true,1,
7290008493574,false,בייגלה שטוחלה פינוקים300,מאיר את ביגל,IL,שטוחלה פינוקים,גרמים,300.00,100 גרם,false,0,7.50,2.50,true,1,
7290008670159,false,רקנאטי יסמין,,IL,רקנאטי יסמין,מיליליטרים,750.00,"100 מ""ל",false,0,42.50,5.67,true,1,
7290008690164,false,ק.קולה לימון דיאט1.5ליטר,החברה המרכזית לייצור משקאות,IL,קולה דיאט לימון,ליטרים,1.50,ליטר,false,0,7.70,5.13,true,1,
7290008690713,false,נקטר חמוציות טבעי 1 ליטר,פריגת,IL,נקטר חמוציות,ליטרים,1.00,ליטר,false,0,8.90,8.90,true,1,
7290008693134,false,דניאלה תות מוקצף5% 150מ,שטראוס,IL,דניאלה תות מוקצף,מיליליטרים,150.00,"100 מ""ל",false,0,4.30,2.87,true,1,
7290008711845,false,קרם גוף קליאו ורוד 400 מ,"ביסקול בע""מ",IL,קרם גוף קליאו,מיליליטרים,400.00,"100 מ""ל",false,0,9.90,2.48,true,1,
7290008713016,false,לחם שבעה דגנים קל 500גרם,מאפיית שלמה א. אנג'ל,IL,לחם שבעה דגנים קל 500גרם,גרמים,500.00,100 גרם,false,0,12.90,2.58,true,1,
7290008713696,false,הלחמניה המלאה 75*6 גרם,מאפיית שלמה א. אנג'ל,IL,הלחמניה המלאה 75*6 גרם,גרמים,450.00,100 גרם,false,0,14.80,3.29,true,1,
7290008713900,false,לחם שיפון עגול 750 גרם,מאפיית שלמה א. אנג'ל,IL,לחם שיפון עגול 750 גרם,גרמים,750.00,100 גרם,false,0,12.90,1.72,true,1,
7290008713917,false,לחם שיפון כהה 750 גרם,מאפיית שלמה א. אנג'ל,IL,לחם שיפון כהה 750 גרם,גרמים,750.00,100 גרם,false,0,12.90,1.72,true,1,
7290008713924,false,לחם שיפון+גרעינ.דלעת750ג,מאפיית שלמה א. אנג'ל,IL,לחם שיפון+גרעינ.דלעת750ג,גרמים,750.00,100 גרם,false,0,12.90,1.72,true,1,
7290008745239,false,תפוצ'יפס קראנצ' טבעי50ג,עלית,IL,תפוצ'יפס קראנצ',גרמים,50.00,100 גרם,false,0,4.10,8.20,true,1,
7290008747424,false,שוקולד במילוי תות 100גרם,עלית,IL,שוקולד במלוי תות,גרמים,100.00,100 גרם,false,0,6.60,6.60,true,1,
7290008747516,false,צ'יטוס איקס עיגול 15*10ג,עלית,IL,צ'יטוס 10 יח',גרמים,150.00,100 גרם,false,0,10.40,6.93,true,1,
7290008748384,false,שוקולד ספלנדיד מריר100גר,עלית,IL,שוקולד ספלנדיד,גרמים,100.00,100 גרם,false,0,11.90,11.90,true,1,
7290008750264,false,מסטיק דובדבן מגדים 28גרם,עלית,IL,מסטיק מאסט,גרמים,28.00,100 גרם,false,0,4.60,16.43,true,1,
7290008752244,false,תפוצ'יפס קראנצ' גריל 50ג,עלית,IL,תפוצ'יפס גריל,גרמים,50.00,100 גרם,false,0,4.10,8.20,true,1,
7290008753111,false,תפוצ'יפס מקסיקני 50 גרם,עלית,IL,תפוצ'יפס קראנצ',גרמים,50.00,100 גרם,false,0,4.10,8.20,true,1,
7290008753982,false,שוקולד חלב אוורירי 85גרם,עלית,IL,שוקולד אוורירי,גרמים,85.00,100 גרם,false,0,6.60,7.76,true,1,
7290008754415,false,מאסט LL עדין ספירמינט28ג,עלית,IL,מסטיק מאסט LL,גרמים,28.00,100 גרם,false,0,4.60,16.43,true,1,
7290008754422,false,LL MUST קלאסי פפרמינט28ג,עלית,IL,מסטיק LL MUST,גרמים,28.00,100 גרם,false,0,4.60,16.43,true,1,
7290008754460,false,קפה ברזילאי 100 גרם,עלית,IL,קפה ברזילאי,גרמים,100.00,100 גרם,false,0,12.50,12.50,true,1,
7290008754613,false,רולדת שוקולד מצופה 350גר,עלית,IL,רולדת שוקולד,גרמים,350.00,100 גרם,false,0,15.70,4.49,true,1,
7290008757737,false,RCQ אורנג' 1.5*4 ליטר,יפאורה שותפות מובגלת לשיווק,IL,RCQ אורנג' 1.5*4 ליטר,ליטרים,6.00,ליטר,false,0,16.90,2.82,true,1,
7290008757980,false,נקטר ספרינג רימונים 1 ל',יפאורה שותפות מובגלת לשיווק,IL,נקטר רימונים,ליטרים,1.00,ליטר,false,0,5.50,5.50,true,1,
7290008775816,false,ערגליות שוקו 300 גרם,אסם,IL,ערגליות שוקו,גרמים,300.00,100 גרם,false,0,11.50,3.83,true,1,
7290008775892,false,פרפקטו לינגוויני500ג,זארה,IT,ספגטי לינגויני,גרמים,500.00,100 גרם,false,0,8.50,1.70,true,1,
7290008801157,false,מרלו סלקטד,,,מרלו סלקטד,מיליליטרים,750.00,"100 מ""ל",false,0,24.90,3.32,true,1,
7290008801454,false,"יין היובל ישן נושן650מ""ל",יקבי כרמל,IL,יין ישן נושן,מיליליטרים,650.00,"100 מ""ל",false,0,18.10,2.78,true,1,
7290008805049,false,"זינפנדל סלקטד 750 מ""ל",יקבי כרמל,IL,זינפנדל סמוק,מיליליטרים,750.00,"100 מ""ל",false,0,24.90,3.32,true,1,
7290008806909,false,גלידה לייט שוקו וניל1.33,שטראוס,IL,גלידה לייט שוקו וניל1.33,ליטרים,1.33,ליטר,false,0,20.90,15.71,true,1,
7290008806961,false,קרמיסימו פרה שוקולד1.33ל,שטראוס,IL,קרמיסימו פרה שוקולד1.33ל,ליטרים,1.33,ליטר,false,0,20.90,15.71,true,1,
7290008858045,false,עלים לקרם שניט 400 גרם,אשבל,IL,עלים לקרם שניט,גרמים,400.00,100 גרם,false,0,23.20,5.80,true,1,
7290008909440,false,פאנטה אורנג' מנגו 1.5 ל',החברה המרכזית לייצור משקאות,IL,פאנטה אורנג',ליטרים,1.50,ליטר,false,0,7.60,5.07,true,1,
7290008909860,false,קוקה קולה ZERO 1.5 ליטר,החברה המרכזית לייצור משקאות,IL,קוקה קולה ZERO,ליטרים,1.50,ליטר,false,0,7.60,5.07,true,1,
7290008909877,false,קוקה קולה זירו 1.5*6 ל',החברה המרכזית לייצור משקאות,IL,קולה זירו 1.5*6ל,ליטרים,9.00,ליטר,false,0,38.90,4.32,true,1,
7290008981279,false,זעטר עם שומשום נחלה100גר,קפה אל נח'לה,IL,זעטר עם שומשום,גרמים,100.00,100 גרם,false,0,11.60,11.60,true,1,
7290009164848,true,קבב מזרחי 840גרם,.,IL,קבב מזרחי 840גרם,גרמים,840.00,100 גרם,false,1,46.90,5.58,true,1,
7290009164916,true,קבב בקר עם כבש 840גרם,.,IL,קבב בקר עם כבש,גרמים,840.00,100 גרם,false,1,46.90,5.58,true,1,
7290009165210,true,נקניקיות סלצ'יצה 1קג,.,IL,נקנקיות סלצ'יצ'ה,גרמים,1000.00,100 גרם,false,1,49.90,4.99,true,1,
7290009165388,true,מיני המבורגר ריב אנטריקו,.,IL,מיני המבורגר,גרמים,840.00,100 גרם,false,1,49.90,5.94,true,1,
7290009168112,true,המבורגר ריב אנטריקוט640ג,.,IL,המבורגר ריבאנטרי,גרמים,640.00,100 גרם,false,1,39.90,6.23,true,1,
7290009395037,true,כבד עוף טרי תפזורת עצמי,שונות,IL,כבד עוף טרי,קילוגרמים,0.00,"ק""ג",true,0,19.90,19.90,true,1,
7290009802146,true,עוף שלם טרי ארוז עצמי,.,IL,עוף שלם טרי,קילוגרמים,0.00,"ק""ג",true,1,19.90,19.90,true,1,
7290009802214,true,כרעי עוף טרי ארוז עצמי,.,IL,כרעי עוף טרי,קילוגרמים,0.00,"ק""ג",true,1,29.90,29.90,true,1,
7290009804010,true,כנפי עוף טרי ארוז עצמי,.,IL,כנפי עוף טרי,קילוגרמים,0.00,"ק""ג",true,1,12.90,12.90,true,1,
7290009806595,true,כבד עוף טרי ארוז עצמי,.,IL,כבד עוף טרי,קילוגרמים,0.00,"ק""ג",true,1,19.90,19.90,true,1,
7290009807646,true,שוקי עוף טרי ארוז עצמי,.,IL,שוקי עוף טרי,קילוגרמים,0.00,"ק""ג",true,1,34.90,34.90,true,1,
7290009811483,true,שניצל עוף טרי ארוז עצמי,.,IL,שניצל עוף טרי,קילוגרמים,0.00,"ק""ג",true,1,37.90,37.90,true,1,
7290009819212,true,גרון הודו נ.טרי א.עצמי,.,IL,גרון הודו טרי,קילוגרמים,0.00,"ק""ג",true,1,25.90,25.90,true,1,
7290009952995,true,מים מינרליים 1.5 ליטר,,,מים מינרליים 1.5 ליטר,ליטרים,1.50,ליטר,false,0,5.10,3.40,true,1,
7290010002108,false,פלפל שחור גרוס גס 90 גרם,א.ל ייצור ושיווק תבלינים,IL,פלפל שחור גרוס,גרמים,90.00,100 גרם,false,0,16.20,18.00,true,1,
7290010002122,false,פפריקה הונגרית מתוקה100ג,א.ל ייצור ושיווק תבלינים,IL,פפריקה הונגרית,גרמים,100.00,100 גרם,false,0,11.30,11.30,true,1,
7290010002207,false,קינמון טחון 100 גרם,א.ל ייצור ושיווק תבלינים,IL,קינמון טחון,גרמים,100.00,100 גרם,false,0,9.80,9.80,true,1,
7290010002214,false,צ'ילי מקסיקני גרוס 80גרם,א.ל ייצור ושיווק תבלינים,IL,צ'ילי מקסיקני,גרמים,80.00,100 גרם,false,0,11.30,14.13,true,1,
7290010002283,false,תבלין על האש 100 גרם,א.ל ייצור ושיווק תבלינים,IL,תבלין על האש,גרמים,100.00,100 גרם,false,0,9.80,9.80,true,1,
7290010002313,false,תבלין ראס אל חנות 100גרם,א.ל ייצור ושיווק תבלינים,IL,תבלין לקציצות,גרמים,100.00,100 גרם,false,0,11.30,11.30,true,1,
7290010002320,false,תבלין גריל עוף 100 גרם,א.ל ייצור ושיווק תבלינים,IL,תבלין גריל עוף,גרמים,100.00,100 גרם,false,0,9.80,9.80,true,1,
7290010002382,false,אורגנו 40 גרם,א.ל ייצור ושיווק תבלינים,IL,אורגנו,גרמים,40.00,100 גרם,false,0,10.20,25.50,true,1,
7290010045051,false,עוגיות מלבן שקדים 280גרם,לחמי,IL,עוגיות שקדים,גרמים,280.00,100 גרם,false,0,20.90,7.46,true,1,
7290010049004,false,תרכיז ענבים מרמולייט 1ל',אשבל,IL,תרכיז ענבים,ליטרים,1.00,ליטר,false,0,11.80,11.80,true,1,
7290010049028,false,תרכיז פטל מרמולייט 1ליטר,אשבל,IL,תרכיז דיט פטל,ליטרים,1.00,ליטר,false,0,11.80,11.80,true,1,
7290010049806,false,"עוג.סנדויץ ללת""ס וניל150",אפיפית,IL,עוגיות סנדוויץ,גרמים,150.00,100 גרם,false,0,8.40,5.60,true,1,
7290010065271,false,פרינוק מחית,,CZ,פרינוק מחית,גרמים,130.00,100 גרם,false,0,5.20,4.00,true,1,
7290010065332,false,"פרינוק ג'ונ.תפו""ע+בננ190",רנדי,IL,פריניוק ג'וניור,גרמים,190.00,100 גרם,false,0,5.90,3.11,true,1,
7290010065349,false,פרינוק ג'ונ.סלט פירות190,רנדי,IL,פריניק ג'וניור,גרמים,190.00,100 גרם,false,0,5.90,3.11,true,1,
7290010065745,false,פרינוק ג'וניור,,CZ,פרינוק ג'וניור,גרמים,190.00,100 גרם,false,0,5.90,3.11,true,1,
7290010066513,false,טונה בשמן צמחי 158*4 גרם,תעשיות פילטונה,IL,טונה בשמן 4 יח,גרמים,632.00,100 גרם,false,0,19.90,3.15,true,1,
7290010066575,false,טונה במי מלח 158*4 גרם,תעשיות פילטונה,IL,טונה במי מלח 4יח,גרמים,632.00,100 גרם,false,0,19.90,3.15,true,1,
7290010066582,false,טונה בשמן קנולה 158*4 גר,תעשיות פילטונה,IL,טונה בשמן 4 יח,גרמים,632.00,100 גרם,false,0,19.90,3.15,true,1,
7290010115938,false,פתיבר שוקו פריך עשיר500ג,עלית,IL,פתיבר שוקו,גרמים,500.00,100 גרם,false,0,11.30,2.26,true,1,
7290010116980,false,שוקולית 850 גרם,עלית,IL,שוקולית עלית,גרמים,850.00,100 גרם,false,0,19.50,2.29,true,1,
7290010129010,false,עוג.כתר במילוי ריבה 600ג,דולצ'ה ויטה,IL,עוגיות כתר ריבה,גרמים,600.00,100 גרם,false,0,19.00,3.17,true,1,
7290010129027,false,עוגיות מרוקאיות 600 גרם,דולצ'ה ויטה,IL,עוגיות מרוקאיות,גרמים,600.00,100 גרם,false,0,19.00,3.17,true,1,
7290010129034,false,עוגיות שוקו ציפס 600 גרם,דולצ'ה ויטה,IL,עוגיות שוקו ציפס,גרמים,600.00,100 גרם,false,0,19.00,3.17,true,1,
7290010129065,false,עוג.מקלות עלים צרפתי600ג,דולצ'ה ויטה,IL,עוג.מקלות עלים,גרמים,600.00,100 גרם,false,0,19.00,3.17,true,1,
7290010129287,false,עוגיות גרנולה 600 גרם,דולצ'ה ויטה,IL,עוגיות גרנולה,גרמים,600.00,100 גרם,false,0,19.00,3.17,true,1,
7290010129317,false,עוג.בצק עלים שטרודל600ג,דולצ'ה ויטה,IL,עוגיות שטרודל,גרמים,600.00,100 גרם,false,0,19.00,3.17,true,1,
7290010129355,false,עוגיות תמרים 600 גרם,דולצ'ה ויטה,IL,עוגיות תמרים,גרמים,600.00,100 גרם,false,0,19.00,3.17,true,1,
7290010154012,false,לימון בלאדי 250 גרם,נטו,IL,לימון בלאדי,גרמים,250.00,100 גרם,false,0,15.70,6.28,true,1,
7290010154029,false,אריסה מתוקה 250 גרם,נטו,IL,אריסה מתוקה,גרמים,250.00,100 גרם,false,0,15.70,6.28,true,1,
7290010154036,false,עמבה 250 גרם,נטו,IL,עמבה,גרמים,250.00,100 גרם,false,0,15.70,6.28,true,1,
7290010154241,false,חזרת 250 גרם,נטו,IL,חזרת ביתית,גרמים,250.00,100 גרם,false,0,15.70,6.28,true,1,
7290010154418,false,סחוג אדום,,IL,סחוג אדום,גרמים,130.00,100 גרם,false,0,9.40,7.23,true,1,
7290010154425,false,סחוג ירוק,,IL,סחוג ירוק,גרמים,130.00,100 גרם,false,0,9.40,7.23,true,1,
7290010163656,false,פקאן טבעי מקולף200גשקדיה,שקדיה,IL,פקאן טבעי מקולף,גרמים,200.00,100 גרם,false,0,28.70,14.35,true,1,
7290010163700,false,שקד קלוף טבעי200ג' שקדיה,שקדיה,IL,שקד טבעי,גרמים,200.00,100 גרם,false,0,24.70,12.35,true,1,
7290010173068,false,גליל קברנה סוביניון750מל,יקב הרי גליל,IL,קברנה הרי גליל,מיליליטרים,750.00,"100 מ""ל",false,0,32.90,4.39,true,1,
7290010196678,false,קוקי שקיות אפיה ענק 10יח,ש.שסטוביץ,IL,קוקי שקיות אפיה ענק 10יח,יחידה,1.00,יחידה,false,0,22.90,22.90,true,1,
7290010237531,false,פפסי בקבוק,,IL,פפסי בקבוק,מיליליטרים,500.00,"100 מ""ל",false,0,4.30,0.86,true,1,
7290010237548,false,פפסי מקס,,IL,פפסי מקס,מיליליטרים,500.00,"100 מ""ל",false,0,4.30,0.86,true,1,
7290010237579,false,סבנ אפ,,IL,סבנ אפ,מיליליטרים,500.00,"100 מ""ל",false,0,4.30,0.86,true,1,
7290010237623,false,בירה נשר מאלט 1.5 ליטר,טמפו,IL,נשר מאלט,ליטרים,1.50,ליטר,false,0,7.90,5.27,true,1,
7290010237630,false,בירה נשר מאלט דיאט 1.5 ל,טמפו,IL,נשר מאלט דיאט,ליטרים,1.50,ליטר,false,0,7.90,5.27,true,1,
7290010237692,false,"בירה הייניקן 250*6 מ""ל",היינקן,IL,בירה הייניקן 6יח,ליטרים,1.50,ליטר,false,0,45.90,30.60,true,1,
7290010237890,false,בירה הייניקן בק.חוזר500מ,היינקן,IL,בירה הייניקן,מיליליטרים,500.00,"100 מ""ל",false,0,9.90,1.98,true,1,
7290010259007,false,בישקוטים,,PT,בישקוטים,גרמים,200.00,100 גרם,false,0,5.00,2.50,true,1,
7290010259045,false,לורפק לייט,,DK,לורפק לייט,גרמים,250.00,100 גרם,false,0,16.90,6.76,true,1,
7290010259311,false,"מי קוקוס 400 מ""ל",טאי קוקונט,TH,מי קוקוס,מיליליטרים,400.00,"100 מ""ל",false,0,9.30,2.33,true,1,
7290010429295,false,מעדן פרי מישמש100% 250ג,יד מרדכי,IL,מעדן מישמש,גרמים,250.00,100 גרם,false,0,14.90,5.96,true,1,
7290010429301,false,מעדן תות 100%פרי 250 גרם,יד מרדכי,IL,מעדן תות,גרמים,250.00,100 גרם,false,0,14.90,5.96,true,1,
7290010429509,false,מעדן שזיף %100 פרי250גרם,יד מרדכי,IL,מעדן שזיף,גרמים,250.00,100 גרם,false,0,14.90,5.96,true,1,
7290010471669,false,דנונה בר תות קורנפ175.גר,שטראוס,IL,דנונה בר תות,גרמים,175.00,100 גרם,false,0,4.50,2.57,true,1,
7290010472031,false,אקטיביה לבן 3% 150 גרם,שטראוס,IL,אקטיביה לבן 3%,גרמים,150.00,100 גרם,false,0,4.00,2.67,true,1,
7290010472307,false,גמדים לשתיה תות בננ100X8,שטראוס,IL,גמדים לשתיה 8 יח,מיליליטרים,800.00,"100 מ""ל",false,0,20.90,2.61,true,1,
7290010472390,false,דני שוקולד 125*8גרם,שטראוס,IL,דני שוקולד 8 יח',קילוגרמים,1.00,"ק""ג",false,0,16.30,16.30,true,1,
7290010650194,false,שורש ג'ינגר טרי ארוז-יח,קטיף,XX,שורש ג'ינגר טרי ארוז-יח,יחידה,1.00,יחידה,false,0,12.90,12.90,true,1,
7290010814589,false,מרשמלו ורוד לבן 33 גרם,כרמית,IL,מרשמלו ורוד לבן,גרמים,33.00,100 גרם,false,1,2.50,7.58,true,1,
7290010814695,false,"שוקולד מריר ללת""ס 85 גרם",כרמית,IL,שוקולד מריר,גרמים,85.00,100 גרם,false,0,7.80,9.18,true,1,
7290010814701,false,"שוקולד חלב ללת""ס 85 גרם",כרמית,IL,שוקולד חלב,גרמים,85.00,100 גרם,false,0,7.80,9.18,true,1,
7290010883370,false,סנו סושי כפפות אלוורה M,סנו,,סנו סוש כפפות,יחידה,1.00,יחידה,false,0,12.10,12.10,true,1,
7290010931330,false,סלט מטבוחה 500 גרם,שטראוס,IL,סלט מטבוחה אחלה,גרמים,500.00,100 גרם,false,0,11.90,2.38,true,1,
7290010945146,false,קוטג' 3%מועשר בסידן 250ג,טרה,IL,קוטג' 3% מועשר,גרמים,250.00,100 גרם,false,0,5.50,2.20,true,1,
7290010945306,false,חלב 3% בקרטון 2 ליטר,טרה,IL,חלב 3% בקרטון,ליטרים,2.00,ליטר,false,0,11.50,5.75,true,1,
7290010945450,false,גבינה לבנה 3% 250 גרם,טרה,IL,גבינה לבנה3%,גרמים,250.00,100 גרם,false,0,4.60,1.84,true,1,
7290010970223,false,"חומץ יין אדום 500 מ""ל",ג.מ.טעם הארץ,IL,חומץ יין אדום,מיליליטרים,500.00,"100 מ""ל",false,0,17.60,3.52,true,1,
7290010970261,false,"חומץ תפוחי עץ 500 מ""ל",ג.מ.טעם הארץ,IL,חומץ תפוחי עץ,מיליליטרים,500.00,"100 מ""ל",false,0,17.60,3.52,true,1,
7290010984015,false,פרוסות מלפפונים בחומץ400,"כד בני דרום בע""מ",IL,פרוסות מלפפונים,גרמים,400.00,100 גרם,false,1,10.00,2.50,true,1,
7290010984107,false,קרם חציל ופלפל קלוי300ג,"כד בני דרום בע""מ",IL,קרם חצילים,גרמים,300.00,100 גרם,false,1,10.00,3.33,true,1,
7290010984114,false,אנטיפסטי פלפל בחומץ320ג,"כד בני דרום בע""מ",IL,אנטיפסטי פלפל,גרמים,320.00,100 גרם,false,1,15.90,4.97,true,1,
7290010984145,false,פלפל שרי מתוק פיקנטי320ג,"כד בני דרום בע""מ",IL,פלפל שרי מתוק,גרמים,320.00,100 גרם,false,1,10.00,3.13,true,1,
7290010984213,false,פסטו בזיליקום ואגוזים155,"כד בני דרום בע""מ",IL,פסטו בזיליקום,גרמים,155.00,100 גרם,false,1,10.00,6.45,true,1,
7290011017866,false,"סליק קוקה קולה 330מ""ל",החברה המרכזית לייצור משקאות,IL,קוקה קולה סליק,מיליליטרים,330.00,"100 מ""ל",false,0,6.40,1.94,true,1,
7290011018252,false,תה מנגו אננס,,IL,תה מנגו אננס,ליטרים,1.50,ליטר,false,0,7.90,5.27,true,1,
7290011018283,false,פיוז תה אפרסק,,IL,פיוז תה אפרסק,ליטרים,1.50,ליטר,false,0,7.90,5.27,true,1,
7290011018306,false,תה אפרסק דיאט,,IL,תה אפרסק דיאט,ליטרים,1.50,ליטר,false,0,7.90,5.27,true,1,
7290011018443,false,"סליק פאנטה אורנג' 330מ""ל",החברה המרכזית לייצור משקאות,IL,פאנטה אורנג',מיליליטרים,330.00,"100 מ""ל",false,0,6.40,1.94,true,1,
7290011018580,false,פיוז טי ענבים,,IL,פיוז טי ענבים,ליטרים,1.50,ליטר,false,0,7.90,5.27,true,1,
7290011018832,false,"קוקה קולה 330*6 מ""ל",החברה המרכזית לייצור משקאות,IL,קוקה קולה 6פחיות,ליטרים,1.98,ליטר,false,0,19.90,10.05,true,1,
7290011018917,false,"קוקה קולה זירו 330*6 מ""ל",החברה המרכזית לייצור משקאות,IL,קוקה קולה זירו6י,ליטרים,1.98,ליטר,false,0,19.90,10.05,true,1,
7290011018924,false,"קוקה קולה דיאט 330*6 מ""ל",החברה המרכזית לייצור משקאות,IL,שישיית קולה דיאט,ליטרים,1.98,ליטר,false,0,19.90,10.05,true,1,
7290011051136,false,שוופס סודה 1.5*4 ליטר,יפאורה שותפות מובגלת לשיווק,IL,שוופס סודה 1.5*4 ליטר,ליטרים,6.00,ליטר,false,0,11.90,1.98,true,1,
7290011051327,false,קריסטל אשכוליות מוגז 2ל',יפאורה שותפות מובגלת לשיווק,IL,גזוז טעם אשכולית,ליטרים,2.00,ליטר,false,0,3.90,1.95,true,1,
7290011051341,false,שוופס סודה לימון 1.5*4 ל,יפאורה שותפות מובגלת לשיווק,IL,שוופס סודה לימון 1.5*4 ל,ליטרים,6.00,ליטר,false,0,11.90,1.98,true,1,
7290011051488,false,תה ספרינג אפרסק 1.5 ליטר,יפאורה שותפות מובגלת לשיווק,IL,ספרינג תה אפרסק,ליטרים,1.50,ליטר,false,0,6.50,4.33,true,1,
7290011051495,false,תה ספרינג ירוק לימון1.5ל,יפאורה שותפות מובגלת לשיווק,IL,תה ספרינג ירוק,ליטרים,1.50,ליטר,false,0,6.50,4.33,true,1,
7290011051525,false,"ספרינג תה אפרסק 500 מ""ל",יפאורה שותפות מובגלת לשיווק,IL,ספרינג תה,מיליליטרים,500.00,"100 מ""ל",false,0,7.10,1.42,true,1,
7290011051655,false,שוופס ריזלינג מוגז 1.5ל',יפאורה שותפות מובגלת לשיווק,IL,שוופס ריזלינג,ליטרים,1.50,ליטר,false,0,6.90,4.60,true,1,
7290011051938,false,תפוזינה תפוח רענן 1.5 ל',יפאורה שותפות מובגלת לשיווק,IL,תפוזינה תפוח,ליטרים,1.50,ליטר,false,0,6.50,4.33,true,1,
7290011051990,false,RC FREE מארז 1.5*6 ל',יפאורה שותפות מובגלת לשיווק,US,FREE RC מארז6יח,ליטרים,9.00,ליטר,false,0,24.90,2.77,true,1,
7290011081492,false,קרמיסימו שלושה שוקולדים,שטראוס,IL,קרמיסימו שלושה שוקולדים,ליטרים,1.33,ליטר,false,0,20.90,15.71,true,1,
7290011115166,false,תחליב רחצה נקה7 לבנדר1ל,אמיליה קוסמטיקס,IL,תחליב רחצה נקה 7,ליטרים,1.00,ליטר,false,0,15.40,15.40,true,1,
7290011115203,false,סבון נקה 7 לילך 100X4גר,נקה,,סבון נקה 4X 7,גרמים,400.00,100 גרם,false,0,15.00,3.75,true,1,
7290011115258,false,סבון נקה 7 ירוק 100*4 גר,נקה,,נקה 7 סבון 4 יח,גרמים,400.00,100 גרם,false,0,15.00,3.75,true,1,
7290011115272,false,סבון מוצק נקה7ירוק100*4ג,נקה,,סבון נקה 4X 7,גרמים,400.00,100 גרם,false,0,15.00,3.75,true,1,
7290011126469,false,חל.קמומיל+דבש גן קסום25ש,ויסוצקי,IL,חליטת קמומיל+דבש,גרמים,37.00,100 גרם,false,0,18.90,51.08,true,1,
7290011131371,false,"מיזלי קראנץ שקדים 1 ק""ג",וויטליה,PL,מיזלי שקדים,קילוגרמים,1.00,"ק""ג",false,0,20.90,20.90,true,1,
7290011131395,false,מיזלי קראנץ 30%פירות 1 ק,וויטליה,PL,מיזלי קראנץ,קילוגרמים,1.00,"ק""ג",false,0,20.90,20.90,true,1,
7290011133375,false,"מכבי שנדי אפרסק 330*6מ""ל",טמפו,IL,מכבי שנדי 6 יח,ליטרים,1.98,ליטר,false,0,29.90,15.10,true,1,
7290011194215,false,דניאלה בננה 100 גרם,שטראוס,IL,דניאלה בננה,גרמים,100.00,100 גרם,false,0,4.30,4.30,true,1,
7290011194246,false,קוטג' 5% שומן 250 גרם,שטראוס,IL,קוטג' 5% שומן,גרמים,250.00,100 גרם,false,0,5.90,2.36,true,1,
7290011210564,false,יוגב קברנה פטי ורדו750מ,יקבי בנימינה,IL,יוגב קברנה,מיליליטרים,750.00,"100 מ""ל",false,1,37.60,5.01,true,1,
7290011223243,false,טואלט דאק ג'ל לבנדר 55מל,DEOFLOR,GB,דאק ג'ל נוזלי,מיליליטרים,55.00,"100 מ""ל",false,0,7.90,14.36,true,1,
7290011308780,false,בייגלה טבעות שומשום300גר,יוניליוור,IL,בייגלה טבעות,גרמים,300.00,100 גרם,false,0,7.90,2.63,true,1,
7290011308858,false,נישנושים ביס שמנת בצל60ג,יוניליוור,IL,נישנושים ביס,גרמים,60.00,100 גרם,false,0,4.60,7.67,true,1,
7290011308872,false,נישנושים ביס בצל 60 גרם,יוניליוור,IL,נישנושים ביס,גרמים,60.00,100 גרם,false,0,4.60,7.67,true,1,
7290011348267,false,קציצות עדשים כתומות 500,טבעול,IL,קציצות עדשים,יחידה,1.00,יחידה,false,0,34.70,34.70,true,1,
7290011378028,false,"חלבה ללת""ס שומ.מלא350",רושדי תעשיות מזון,IL,"חלבה ללת""ס",גרמים,350.00,100 גרם,false,0,17.70,5.06,true,1,
7290011378776,false,חטיפי חלבה פיסטוק 18*7 ג,רושדי תעשיות מזון,IL,חטיפי חלבה 7 יח,גרמים,126.00,100 גרם,false,0,13.40,10.63,true,1,
7290011379018,false,פטריות מארז משפחתי יח',מרינה,IL,פטריות מארז משפחתי יח',יחידה,1.00,יחידה,false,0,15.90,15.90,true,1,
7290011435349,false,מעדן תפוז %100 פרי250גרם,יד מרדכי,IL,מעדן תפוז,גרמים,250.00,100 גרם,false,0,14.90,5.96,true,1,
7290011447250,false,מטרנה חלבי שלב 1 400ג,נסטלה,IL,מטרנה חלבי,גרמים,400.00,100 גרם,false,0,38.90,9.73,true,1,
7290011447267,false,מטרנה חלבי שלב 1 700ג,נסטלה,IL,מטרנה חלבי,גרמים,700.00,100 גרם,false,0,55.90,7.99,true,1,
7290011447281,false,מטרנה חלבי שלב 2 700ג,נסטלה,IL,מטרנה חלבי שלב 2,גרמים,700.00,100 גרם,false,0,55.90,7.99,true,1,
7290011447304,false,מטרנה חלבי שלב 3 700ג,נסטלה,IL,מטרנה חלבי שלב 3,גרמים,700.00,100 גרם,false,0,55.90,7.99,true,1,
7290011468002,false,טחינה גולמית הנסיך500גרם,הנסיך,IL,טחינה הנסיך,גרמים,500.00,100 גרם,false,0,15.90,3.18,true,1,
7290011468026,false,טחינה נסיך שומשום מלא500,הנסיך,IL,טחינה הנסיך,גרמים,500.00,100 גרם,false,0,15.90,3.18,true,1,
7290011501617,false,חמוציות דל סוכר 250גרם,שקדיה,IL,חמוציות דל סוכר,גרמים,250.00,100 גרם,false,0,20.70,8.28,true,1,
7290011570507,false,קמח רב תכליתי ל.גלוטן450,אשבל,IL,קמח רב תכליתי,גרמים,450.00,100 גרם,false,1,19.70,4.38,true,1,
7290011570644,false,קמח לחם ללא גלוטן 500 גר,אשבל,IL,קמח לחם,גרמים,500.00,100 גרם,false,1,19.70,3.94,true,1,
7290011587598,false,פילה אנשובי 45 גרם,אינוורסינס פריסקו,PE,פילה אנשובי,גרמים,45.00,100 גרם,false,0,7.90,17.56,true,1,
7290011598211,false,סנו אנטי קאלק נ.כללי700מ,סנו,IL,סנו אנטי קאלק,מיליליטרים,700.00,"100 מ""ל",false,0,17.90,2.56,true,1,
7290011615314,false,תפוחונים 6 יח,,IL,תפוחונים 6 יח,גרמים,132.00,100 גרם,false,0,21.70,16.44,true,1,
7290011618162,false,ביסקו.שוק.שמנת זביונה180,TAGO,PL,ביסקוויט שוקולד,גרמים,180.00,100 גרם,false,0,11.90,6.61,true,1,
7290011668549,false,קרם גוף וניל פנינה 200מל,א.ל ארמן,IL,קרם גוף פנינה,מיליליטרים,200.00,"100 מ""ל",false,0,24.00,12.00,true,1,
7290011668587,false,גרנולה עשירה 500 גרם,אפקט טבעי,IL,גרנולה עשירה,גרמים,500.00,100 גרם,false,0,25.90,5.18,true,1,
7290011688103,false,פילה סול פוטית לקג,שונות,XX,פילה סול,קילוגרמים,0.00,"ק""ג",true,0,21.90,21.90,true,1,
7290011744885,false,מש.אקווה פרש לשיני חלב50,גלקסוסמיתקליין,GB,משחת שיניים,מיליליטרים,50.00,"100 מ""ל",false,0,14.60,29.20,true,1,
7290011765071,false,ג'ל גילוח קרמה רגיל 200מ,קוסמופארם,IL,ג'ל גילוח קרמה,מיליליטרים,200.00,"100 מ""ל",false,0,13.90,6.95,true,1,
7290011765088,false,ג'ל גילוח קרמה COOL 200מ,קוסמופארם,IL,ג'ל גילוח קרמה,מיליליטרים,200.00,"100 מ""ל",false,0,13.90,6.95,true,1,
7290011765095,false,ג'ל גילוח קרמה דליקט200מ,קוסמופארם,IL,ג'ל גילוח קרמה,מיליליטרים,200.00,"100 מ""ל",false,0,13.90,6.95,true,1,
7290011765446,false,משחה אורביטול ענבים 70 ג,קוסמופארם,IL,משחת שיניים,גרמים,70.00,100 גרם,false,0,7.90,11.29,true,1,
7290011800642,false,סלט מטבוחה רפי כהן 400גר,צבר,IL,סלט מטבוחה,גרמים,400.00,100 גרם,false,0,12.90,3.23,true,1,
7290011800703,false,פלפלים קלויים רפי כהן400,צבר,IL,סלט פלפלים,גרמים,400.00,100 גרם,false,0,12.90,3.23,true,1,
7290011800826,false,חציל בטחינה רפי כהן 400ג,צבר,IL,סלט חציל בטחינה,גרמים,400.00,100 גרם,false,0,12.90,3.23,true,1,
7290011800840,false,טחינה בלאדי רפי כהן 400ג,צבר,IL,סלט טחינה בלאדי,גרמים,400.00,100 גרם,false,0,12.90,3.23,true,1,
7290011800864,false,חציל בשמן זית רפי כהן400,צבר,IL,סלט חציל צבר,גרמים,400.00,100 גרם,false,0,12.90,3.23,true,1,
7290011810252,false,חציל במיונז 250גרם,סלטי שמיר,IL,סלט חציל במיונז,גרמים,250.00,100 גרם,false,0,8.80,3.52,true,1,
7290011860912,false,שניצל דק ביתי 750 גרם,תפוגן,IL,שניצל דק,גרמים,750.00,100 גרם,false,0,22.90,3.05,true,1,
7290011870225,false,4 סוללות פוג'י AAA,פוג'יקום,CN,סוללות פוג'י,יחידה,1.00,יחידה,false,0,16.10,16.10,true,1,
7290011870232,false,8 סוללות פוג'יקום AAA,פוג'יקום,CN,סוללות פוג'יקום,יחידה,1.00,יחידה,false,0,25.20,25.20,true,1,
7290011870256,false,4 סוללות פוג'י AA,פוג'יקום,CN,רביעיית סוללות,יחידה,1.00,יחידה,false,0,16.20,16.20,true,1,
7290011870263,false,8 סוללות פוג'יקום AA,פוג'יקום,CN,סוללות פוג'יקום,יחידה,1.00,יחידה,false,0,25.20,25.20,true,1,
7290011876388,false,קציצות עוף ובקר 600גרם,מאמא עוף,IL,קציצות עוף ובקר,גרמים,600.00,100 גרם,false,0,34.90,5.82,true,1,
7290011877101,false,"סנומוד ניחוח מאסק 150מ""ל",סנו,IL,סנומוד,מיליליטרים,150.00,"100 מ""ל",false,0,12.90,8.60,true,1,
7290011877156,false,"סנו פרש ענק מאסק 375 מ""ל",סנו,,סנו פרש ענק,מיליליטרים,375.00,"100 מ""ל",false,0,11.80,3.15,true,1,
7290011877859,false,סנו אינסטלטור 200 גרם,סנו,IL,סנו אינסטלטור,גרמים,200.00,100 גרם,false,0,14.90,7.45,true,1,
7290011931162,false,"סוכרלייט נוזלי 220 מ""ל","ביסקול בע""מ",IL,סוכרלייט נוזלי,מיליליטרים,220.00,"100 מ""ל",false,0,29.90,13.59,true,1,
7290011947262,false,זית ירוק בתיבול גלילי217,זיתא,,זית ירוק בתיבול,גרמים,217.00,100 גרם,false,0,7.50,3.46,true,1,
7290011947309,false,זית סורי+לימון כבוש 230ג,זיתא,,זית סורי,גרמים,230.00,100 גרם,false,0,7.50,3.26,true,1,
7290011969479,false,כוס יין שקופה עם רגל 10,,IL,כוס יין שקופה עם רגל 10,יחידה,1.00,יחידה,false,0,9.90,9.90,true,1,
7290012019265,false,"רסק תפו""ע ללת""ס 113*4 גר",GROWERS CHERRY,US,"רסק תפו""ע ללת""ס",גרמים,454.00,100 גרם,false,0,11.00,2.42,true,1,
7290012022005,false,קריספיות טבעי,דילייט,IL,קריספיות טבעי,גרמים,60.00,100 גרם,false,0,12.90,21.50,true,1,
7290012022050,false,קריספיות מרובה דגנים 75,דילייט,IL,קריספיות דגנים,גרמים,75.00,100 גרם,false,0,13.90,18.53,true,1,
7290012022067,false,קריספיות קידס 30 גרם,דילייט,IL,קריספיות קידס 30 גרם,גרמים,30.00,100 גרם,false,0,10.90,36.33,true,1,
7290012086113,false,שרי אשכולות מובחר יחידה,קטיף,IL,שרי אשכולות יח,יחידה,1.00,יחידה,false,0,9.90,9.90,true,1,
7290012116551,false,"סנו אנטי קאלק רב""ש 2ליטר",סנו,IL,סנו אנטי קאלק,ליטרים,2.00,ליטר,false,0,22.90,11.45,true,1,
7290012116735,false,נ.טואלט סופט 24גליל כפול,סנו,IL,נייר טואלט סופט,מטרים,900.00,100 מטר,false,0,39.90,4.43,true,1,
7290012117046,false,סושי60שקיות אשפה ירוקות,סנו,IL,שקיות סנו סושי,יחידה,1.00,יחידה,false,0,25.40,25.40,true,1,
7290012117350,false,סנו ריצפז פרש לילך 2ליטר,סנו,,סנו ריצפז,ליטרים,2.00,ליטר,false,0,19.70,9.85,true,1,
7290012117558,false,מרכ.מקסימה ס.מרוכז מסק1ל,סנו,IL,מקסימה ס.מרוכז,ליטרים,1.00,ליטר,false,0,15.90,15.90,true,1,
7290012159404,false,לבבות דקל שלם,,IL,לבבות דקל שלם,גרמים,400.00,100 גרם,false,0,10.30,2.58,true,1,
7290012193323,false,אדג' ג'ל אולטימ.כחול200מ,אנרג'ייזר,US,אדג' ג'ל גילוח,מיליליטרים,200.00,"100 מ""ל",false,0,17.90,8.95,true,1,
7290012226021,false,סלמי מעושן פראג 400 גרם,זוגלובק,IL,סלמי מעושן פראג,גרמים,400.00,100 גרם,false,0,22.90,5.73,true,1,
7290012226120,false,קבנוס 135 גרם,זוגלובק,IL,קבנוס,גרמים,135.00,100 גרם,false,0,12.50,9.26,true,1,
7290012226922,false,קבנוס בטעם שום 135 גרם,זוגלובק,IL,קבנוס בטעם שום,גרמים,135.00,100 גרם,false,0,12.50,9.26,true,1,
7290012226939,false,קבנוס בטעם צ'ילי 135 גרם,זוגלובק,IL,קבנוס בטעם צ'ילי,גרמים,135.00,100 גרם,false,0,12.50,9.26,true,1,
7290012226946,false,קבנוס בטעם בצל 135 גרם,זוגלובק,IL,קבנוס בטעם בצל,גרמים,135.00,100 גרם,false,0,12.50,9.26,true,1,
7290012227509,false,נקניקיית ע.רכיבים טבעיים,זוגלובק,IL,נקניקיית עוף,גרמים,400.00,100 גרם,false,1,18.90,4.73,true,1,
7290012227851,false,קריספי סטיקס פלאפל 500גר,זוגלובק,IL,קריספי סטיקס פלא,גרמים,500.00,100 גרם,false,12,19.90,3.98,true,1,
7290012309328,false,"אורז יסמין 1 ק""ג",שקדיה,IL,אורז יסמין,קילוגרמים,1.00,"ק""ג",false,0,9.80,9.80,true,1,
7290012313660,false,בצל קצוץ מוזהב 425 גרם,אירוסיבולס,ES,בצל קצוץ מוזהב,גרמים,425.00,100 גרם,false,1,14.80,3.48,true,1,
7290012359392,false,סילאן טבעי,,IL,סילאן טבעי,גרמים,900.00,100 גרם,false,0,29.60,3.29,true,1,
7290012404146,false,שוופס מוגז תפוחים1.5ל',יפאורה שותפות מובגלת לשיווק,IL,שוופס תפוחים,ליטרים,1.50,ליטר,false,0,7.00,4.67,true,1,
7290012404160,false,שוופס מוגז אשכולית1.5ל,יפאורה שותפות מובגלת לשיווק,IL,שוופס אשכולית,ליטרים,1.50,ליטר,false,0,7.00,4.67,true,1,
7290012404320,false,ספרינג ענבים 1.5 ליטר,יפאורה שותפות מובגלת לשיווק,IL,ספרינג ענבים,ליטרים,1.50,ליטר,false,0,6.90,4.60,true,1,
7290012404863,false,ספרינג תה מנגו אפרסק1.5ל,יפאורה שותפות מובגלת לשיווק,IL,ספרינג תה מנגו,ליטרים,1.50,ליטר,false,0,6.50,4.33,true,1,
7290012404955,false,ספרינג קולקש.חמוציות1.25,יפאורה שותפות מובגלת לשיווק,IL,ספרינג חמוציות,ליטרים,1.25,ליטר,false,0,10.90,8.72,true,1,
7290012413643,false,תה ירוק קמומיל 25שק1.5*ג,ויסוצקי,IL,תה ירוק קמומיל,גרמים,37.00,100 גרם,false,0,21.90,59.19,true,1,
7290012522734,false,טחון מן הצומח 400גרם,טבעול,IL,טחון מן הצומח,גרמים,400.00,100 גרם,false,0,27.10,6.78,true,1,
7290012522789,false,שניצל ברוקולי מופחת שומן,טבעול,IL,שניצל ברוקולי מופחת שומן,גרמים,630.00,100 גרם,false,0,36.00,5.71,true,1,
7290012665066,false,רביולי במילוי גבינה 400,"אדריה בע""מ",IL,רביולי במילוי גב,גרמים,400.00,100 גרם,false,0,14.90,3.73,true,1,
7290012696206,false,גביעי נייר,,IL,גביעי נייר,יחידה,1.00,יחידה,false,0,6.80,6.80,true,1,
7290012697234,false,סטיוויה סוכרזית 75 טב',"ביסקול בע""מ",IL,סטיוויה סוכרזית,גרמים,6.00,100 גרם,false,0,17.40,290.00,true,1,
7290012697371,false,סוכרלייט 150 טבליות,"ביסקול בע""מ",IL,סוכרלייט,גרמים,150.00,100 גרם,false,0,22.20,14.80,true,1,
7290012803215,false,וופל בלגי בטעם שוקולד200,גילרו,IL,וופל בלגי,גרמים,200.00,100 גרם,false,0,10.90,5.45,true,1,
7290012803468,false,סוכרלוז ממתיק נוזלי200מל,"קיפל טבליות וממתיקים בע""מ",IL,סוכרלוז נוזלי,מיליליטרים,200.00,"100 מ""ל",false,0,30.90,15.45,true,1,
7290012803604,false,ביסקוויט שוקולד+טרימי180,TAGO,PL,ביסקוויט טרמיסו,גרמים,180.00,100 גרם,false,0,11.90,6.61,true,1,
7290012823558,false,10מטליות לחות לרצפה סושי,סנו,IL,מטליות רצפה לחות,יחידה,1.00,יחידה,false,0,11.30,11.30,true,1,
7290012823817,false,תח.רחצה כיף חלב לבנדר750,קוסמופארם,IL,תחליב רחצה כיף,מיליליטרים,750.00,"100 מ""ל",false,0,10.00,1.33,true,1,
7290012851902,false,"מי פה ליסטרין 750ZEROמ""ל",ג'ונסון,IL,מי פה ליסטרין,מיליליטרים,750.00,"100 מ""ל",false,0,48.90,6.52,true,1,
7290012884986,false,"ציפס לתנור 1.5 ק""ג",תפוגן,IL,ציפס לתנור,קילוגרמים,1.50,"ק""ג",false,0,28.90,19.27,true,1,
7290012936944,false,אגוז מוסקט טחון צנצנת40ג,א.ל ייצור ושיווק תבלינים,IL,אגוז מוסקט טחון,גרמים,40.00,100 גרם,false,0,16.20,40.50,true,1,
7290012962448,false,מדליק פחם 250מל,S.C.B.V,NL,מדליק פחם,מיליליטרים,250.00,"100 מ""ל",false,0,9.80,3.92,true,1,
7290012983375,false,תמר לח בשקית 500גרם,ששון,IL,תמר חיאני 500ג,גרמים,500.00,100 גרם,false,1,10.90,2.18,true,1,
7290013027016,false,לחם קמח מלא+100%דגנים750,מאפיית שלמה א. אנג'ל,IL,לחם קמח מלא+100%דגנים750,גרמים,750.00,100 גרם,false,0,13.80,1.84,true,1,
7290013027399,false,לחם מלא+100%שיפון-קל750ג,מאפיית שלמה א. אנג'ל,IL,לחם מלא+100%שיפון-קל750ג,גרמים,750.00,100 גרם,false,0,15.30,2.04,true,1,
7290013027535,false,לחם שיפון קל 750 גרם,מאפיית שלמה א. אנג'ל,IL,לחם שיפון קל,גרמים,750.00,100 גרם,false,0,13.80,1.84,true,1,
7290013027849,false,לחם אנג'ל100קל+שיפון500,מאפיית שלמה א. אנג'ל,IL,לחם אנג'ל100קל+שיפון500,גרמים,500.00,100 גרם,false,0,13.80,2.76,true,1,
7290013038005,false,ג'אמפ תפוחים 1.5 ליטר,טמפו,IL,ג'אמפ תפוחים,ליטרים,1.50,ליטר,false,0,6.80,4.53,true,1,
7290013038234,false,מים אקווה נובה 2*6 ליטר,טמפו,IL,אקווה נובה 6 בקב,ליטרים,12.00,ליטר,false,0,11.30,0.94,true,1,
7290013068361,false,"שמן זית אליעד 750 מ""ל",אליעד בית בד בגולן,IL,שמן זית,מיליליטרים,750.00,"100 מ""ל",false,0,38.90,5.19,true,1,
7290013068460,false,סרדינים בשמן צמחי 120 גר,סוסיאטה דמסה,MA,סרדינים בשמן,גרמים,120.00,100 גרם,false,0,6.90,5.75,true,1,
7290013068477,false,סרדינים בשמן זית 120 גרם,סוסיאטה דמסה,MA,סרדינים בשמן זית,גרמים,120.00,100 גרם,false,0,6.90,5.75,true,1,
7290013068484,false,סרדינים בשמן צמחי חריף 1,סוסיאטה דמסה,MA,סרדינים בשמן,גרמים,120.00,100 גרם,false,0,6.90,5.75,true,1,
7290013083678,false,מטרנה אקסטרה קר שלב2 700,נסטלה,IL,מטרנה אקסטרה קר,גרמים,700.00,100 גרם,false,0,64.90,9.27,true,1,
7290013117212,false,בורקס פילו גבינה 600 גרם,"מעדנות בע""מ",IL,בורקס גבינה,גרמים,600.00,100 גרם,false,0,23.70,3.95,true,1,
7290013117229,false,"בורקס פילו תפו""א 600 גרם","מעדנות בע""מ",IL,"בורקס תפו""א",גרמים,600.00,100 גרם,false,0,23.70,3.95,true,1,
7290013117410,false,בצק פריך מתוק 450X2 900,"מעדנות בע""מ",IL,בצק פריך,גרמים,900.00,100 גרם,false,0,26.40,2.93,true,1,
7290013117427,false,בצק פריך מלוח 450X2גרם 0,"מעדנות בע""מ",IL,בצק פריך,גרמים,900.00,100 גרם,false,0,26.40,2.93,true,1,
7290013144317,false,ג'וני גלילת וופל למילוי,הגביע,IL,ג'וני גלילת וופל,יחידה,1.00,יחידה,false,0,17.90,17.90,true,1,
7290013144980,false,תרסיס שמן קנולה 170 גרם,גאטא קוסמטיקה,TR,תרסיס שמן קנולה,גרמים,170.00,100 גרם,false,1,15.90,9.35,true,1,
7290013144997,false,תרסיס שמן זית 140 גרם,גאטא קוסמטיקה,IL,תרסיס שמן זית,גרמים,140.00,100 גרם,false,1,15.90,11.36,true,1,
7290013267566,false,גל.קרמיסימו בומבה 1.33לי,שטראוס,IL,גל.קרמיסימו בומבה 1.33לי,ליטרים,1.30,ליטר,false,0,20.90,16.08,true,1,
7290013268037,false,מקסימה ס.מרוכז לבנדר 1ל',סנו,IL,מרכך כביסה,ליטרים,1.00,ליטר,false,0,15.90,15.90,true,1,
7290013268235,false,דאו.קרמה רול און פרח 75מ,קוסמופארם,IL,דאודורנט קרמה,מיליליטרים,75.00,"100 מ""ל",false,1,10.00,13.33,true,1,
7290013268884,false,סנו ריצפז פרש מאסק 2ליטר,סנו,IL,ריצפז פרש לרצפות,ליטרים,2.00,ליטר,false,0,19.70,9.85,true,1,
7290013269003,false,מקסימה מרכך בייבי 1 ליטר,סנו,IL,מקסימה מרכך,ליטרים,1.00,ליטר,false,0,17.20,17.20,true,1,
7290013269263,false,מקסימה ג'ל,,IL,מקסימה ג'ל,ליטרים,3.00,ליטר,false,0,26.90,8.97,true,1,
7290013269287,false,ג'ל כביסה מרוכז,,IL,ג'ל כביסה מרוכז,ליטרים,3.00,ליטר,false,0,26.90,8.97,true,1,
7290013269669,false,ריצפז פנטזיה,,IL,ריצפז פנטזיה,ליטרים,3.00,ליטר,false,0,13.60,4.53,true,1,
7290013269911,false,סנו K333,,IL,סנו K333,מיליליטרים,750.00,"100 מ""ל",false,0,34.20,4.56,true,1,
7290013284143,false,מלפפונים במלח,,,מלפפונים במלח,גרמים,560.00,100 גרם,false,0,7.80,1.39,true,1,
7290013284150,false,מלפפונים במלח 13-17 560ג,,,מלפפונים במלח 13-17 560ג,גרמים,560.00,100 גרם,false,0,10.20,1.82,true,1,
7290013284167,false,מלפפונים במלח,,,מלפפונים במלח,גרמים,560.00,100 גרם,false,0,13.30,2.38,true,1,
7290013284181,false,מלפפונים בחומץ,,,מלפפונים בחומץ,גרמים,560.00,100 גרם,false,0,7.80,1.39,true,1,
7290013284662,false,רוטב פיצה פיתה 240 גרם,,IL,רוטב פיצה פיתה 240 גרם,גרמים,240.00,100 גרם,false,0,6.20,2.58,true,1,
7290013284785,false,רוטב פפרונטה 380 גרם,פרי ניר,IL,רוטב פפרונטה,גרמים,380.00,100 גרם,false,1,5.00,1.32,true,1,
7290013284808,false,זיתים ירוקים מבוקעים560ג,פרי ניר,IL,זיתים ירוקים,גרמים,560.00,100 גרם,false,1,9.80,1.75,true,1,
7290013358295,false,קראנצוס גריל 200 גרם,מנה,IL,קראנצוס 200 גרם,גרמים,200.00,100 גרם,false,0,5.90,2.95,true,1,
7290013358301,false,קראנצוס ברביקיו 200 גרם,מנה,IL,קראנצוס 200 גרם,גרמים,200.00,100 גרם,false,0,5.90,2.95,true,1,
7290013358356,false,פירורי לחם מוזהבים350גרם,עינת,IL,פירורי לחם,גרמים,350.00,100 גרם,false,0,8.40,2.40,true,1,
7290013358387,false,"קמח מקצועי מאסטר שף 1ק""ג",שטיבל,IL,קמח מאסטר שף,קילוגרמים,1.00,"ק""ג",false,0,5.90,5.90,true,1,
7290013358394,false,קמח קונדיטור מאסטר שף1ק,שטיבל,IL,קמח מאסטר שף,קילוגרמים,1.00,"ק""ג",false,0,6.90,6.90,true,1,
7290013358462,false,מיני קרוטונים למרק350גרם,עינת,IL,מיני קרוטונים,גרמים,350.00,100 גרם,false,0,20.70,5.91,true,1,
7290013358486,false,פירורי לחם ללא ביצה300ג,עינת,IL,פירורי לחם,גרמים,300.00,100 גרם,false,0,11.60,3.87,true,1,
7290013358493,false,"קרם קוקוס פחית 400 מ""ל",תאי קטקנאט קו לטידי,TH,קרם קוקוס,מיליליטרים,400.00,"100 מ""ל",false,1,10.80,2.70,true,1,
7290013358691,false,קוסקוס מלא 350 גרם,"חטיפים מין הטבע בע""מ",IL,קוסקוס מלא,יחידה,1.00,יחידה,false,1,7.80,7.80,true,1,
7290013358882,false,אייר פופס טורטייה טבעי40,דיאבטיקום,IL,חטיף אייר פופס,גרמים,40.00,100 גרם,false,0,5.50,13.75,true,1,
7290013378071,false,חטיף ג'אקס חלב+שוק.לבן50,דיטי גידה סאן וה טיק אי.,TR,חטיף ג'אקס,גרמים,50.00,100 גרם,false,0,5.50,11.00,true,1,
7290013424358,false,"רוטב סויה קיקומן 296 מ""ל",קיקומן פודז אינק,US,"רוטב סויה קיקומן 296 מ""ל",מיליליטרים,296.00,"100 מ""ל",false,1,15.90,5.37,true,1,
7290013472328,false,מקרלים בשמן צמחי,,PT,מקרלים בשמן צמחי,גרמים,120.00,100 גרם,false,0,6.80,5.67,true,1,
7290013474063,false,בייגלה שמיניות 60 גרם,יוניליוור,IL,בייגלה שמיניות,גרמים,60.00,100 גרם,false,0,3.50,5.83,true,1,
7290013474377,false,בייגלה דקים מלח ים300גרם,יוניליוור,IL,בייגלה דקים,גרמים,300.00,100 גרם,false,0,7.90,2.63,true,1,
7290013474438,false,בייגלה דקים שומשום300גרם,יוניליוור,IL,בייגלה דקים,גרמים,300.00,100 גרם,false,0,7.90,2.63,true,1,
7290013531117,false,רוטב פסטה לילדים 260 גרם,זנלכל,IL,רוטב פסטה,גרמים,260.00,100 גרם,false,0,5.20,2.00,true,1,
7290013531797,false,אפונה קטנה 200*3 גרם,KFT KECSKEMET,HU,אפונה קטנה 3 יח,גרמים,600.00,100 גרם,false,1,11.90,1.98,true,1,
7290013566096,false,פינוקים חטיפי גלידה כשלפ,נסטלה,IL,פינוקים חטיפי גלידה כשלפ,גרמים,570.00,100 גרם,false,0,53.40,9.37,true,1,
7290013566119,false,פינוקים-חטיפי גלידה כשלפ,נסטלה,IL,פינוקים-חטיפי גלידה כשלפ,גרמים,570.00,100 גרם,false,0,53.40,9.37,true,1,
7290013584113,false,"ספרייט פחית סליק 330 מ""ל",החברה המרכזית לייצור משקאות,IL,ספרייט,מיליליטרים,330.00,"100 מ""ל",false,0,6.40,1.94,true,1,
7290013584175,false,ספרייט 1.5*6 ליטר,החברה המרכזית לייצור משקאות,IL,ספרייט שישייה,ליטרים,9.00,ליטר,false,0,33.90,3.77,true,1,
7290013584182,false,ספרייט 1.5 ליטר,החברה המרכזית לייצור משקאות,IL,ספרייט בקבוק,ליטרים,1.50,ליטר,false,0,6.90,4.60,true,1,
7290013584229,false,"בירה קרלסברג 330*3 מ""ל",מבשלות בירה בינלאומיות,IL,בירה קרלסברג 3יח,מיליליטרים,990.00,"100 מ""ל",false,1,23.00,2.32,true,1,
7290013585240,false,ספרייט זירו 1.5 ליטר,החברה המרכזית לייצור משקאות,IL,ספרייט זירו,ליטרים,1.50,ליטר,false,1,6.90,4.60,true,1,
7290013585356,false,פיוז תה פירות יער 1.5ל',מבשלות בירה בינלאומיות,IL,פיוז תה,ליטרים,1.50,ליטר,false,1,7.90,5.27,true,1,
7290013585394,false,קוקה קולה 1 ליטר,החברה המרכזית לייצור משקאות,IL,קוקה קולה,ליטרים,1.00,ליטר,false,1,5.70,5.70,true,1,
7290013585554,false,קינלי סודה 1.5*6 ליטר,החברה המרכזית לייצור משקאות,IL,קינלי סודה 6 יח,ליטרים,9.00,ליטר,false,1,15.00,1.67,true,1,
7290013585967,false,ספרייט זירו פחיות 330*6מ,קוקה קולה,IL,ספרייט זירו 6 פח,ליטרים,1.98,ליטר,false,1,19.90,10.05,true,1,
7290013586117,false,"ספרייט פחיות 330*6 מ""ל",קוקה קולה,IL,ספרייט 6 פחיות,ליטרים,1.98,ליטר,false,1,19.90,10.05,true,1,
7290013586278,false,"בירה טובורג בקב330*8 מ""ל",מבשלות בירה בינלאומיות,IL,בירה טובורג 8 בק,ליטרים,2.64,ליטר,false,1,47.90,18.14,true,1,
7290013652812,false,ק.ידיים נטורל קר רגיל150,פישר מעבדות פרמצבטיות,,קרם ידיים נטורל,מיליליטרים,150.00,"100 מ""ל",false,0,15.70,10.47,true,1,
7290013675095,false,שניצל ביתי אפוי 500גרם,תנובה,IL,שניצל ביתי אפוי 500גרם,גרמים,500.00,100 גרם,false,0,33.60,6.72,true,1,
7290013675163,false,שניצל קריספי מ.עוף 500ג,תנובה,IL,שניצל קריספי מ.עוף 500ג,גרמים,500.00,100 גרם,false,1,33.90,6.78,true,1,
7290013675316,false,אצבעות שניצל ללא גלוטן,מאמא עוף,IL,אצבעות שניצל,גרמים,700.00,100 גרם,false,1,39.40,5.63,true,1,
7290013702005,false,מים טעם פירות יער 1.5 ל,יפאורה שותפות מובגלת לשיווק,IL,מים פירות יער,ליטרים,1.50,ליטר,false,0,6.80,4.53,true,1,
7290013702029,false,שוופס מים טעם אפרסק 1.5ל,יפאורה שותפות מובגלת לשיווק,IL,שוופס מים אפרסק,ליטרים,1.50,ליטר,false,0,6.80,4.53,true,1,
7290013702036,false,"שוופס אפרסק 500 מ""ל",יפאורה שותפות מובגלת לשיווק,IL,שוופס אפרסק,מיליליטרים,500.00,"100 מ""ל",false,0,8.90,1.78,true,1,
7290013702043,false,שוופס מים טעם ענבים 1.5ל,יפאורה שותפות מובגלת לשיווק,IL,מים בטעם ענבים,ליטרים,1.50,ליטר,false,0,6.80,4.53,true,1,
7290013702371,false,שוופס מים בטעם תפוח 1.5ל,יפאורה שותפות מובגלת לשיווק,IL,שוופס מים תפוח,ליטרים,1.50,ליטר,false,0,6.80,4.53,true,1,
7290013702463,false,שוופס מוגז למונייד 1.5 ל,יפאורה שותפות מובגלת לשיווק,IL,שוופס למונייד,ליטרים,1.50,ליטר,false,0,7.00,4.67,true,1,
7290013702470,false,שוופס מוגז לימונדה ורודה,יפאורה שותפות מובגלת לשיווק,IL,שוופס לימונדה,ליטרים,1.50,ליטר,false,0,7.00,4.67,true,1,
7290013702500,false,שוופס דיאט למון ליים1.5ל,יפאורה שותפות מובגלת לשיווק,IL,שוופס למון ליים,ליטרים,1.50,ליטר,false,0,6.90,4.60,true,1,
7290013702852,false,"שוופס ראשן 330 מ""ל",יפאורה שותפות מובגלת לשיווק,IL,שוופס ראשן,מיליליטרים,330.00,"100 מ""ל",false,0,6.50,1.97,true,1,
7290013702883,false,שוופס לימונדה ורודה500מ,יפאורה שותפות מובגלת לשיווק,IL,שוופס לימונדה,מיליליטרים,500.00,"100 מ""ל",false,0,5.30,1.06,true,1,
7290013702999,false,שוופס מוגז גוארנה1.5ל,יפאורה שותפות מובגלת לשיווק,IL,שוופס גוארנה,ליטרים,1.50,ליטר,false,0,7.00,4.67,true,1,
7290013724946,false,שקדים בשוקולד מריר 160גר,שקדיה,IL,שקד בשוקולד מריר,גרמים,160.00,100 גרם,false,0,15.80,9.88,true,1,
7290013724953,false,חמוציות בשוקולד חלב 160ג,שקדיה,IL,חמוציות בשוקולד,גרמים,160.00,100 גרם,false,0,15.80,9.88,true,1,
7290013724977,false,צימוק בשוקולד מריר 160גר,שקדיה,IL,צימוק בשוקולד,גרמים,160.00,100 גרם,false,0,15.80,9.88,true,1,
7290013724984,false,בוטנים בשוקולד מריר 160ג,שקדיה,IL,בוטנים בשוקולד,גרמים,160.00,100 גרם,false,0,15.80,9.88,true,1,
7290013725837,false,שומשום בשוקולד חלב 160גר,שקדיה,IL,שומשום בשוקלד,גרמים,160.00,100 גרם,false,0,15.80,9.88,true,1,
7290013847157,false,טונה שמ.זית כ.מעולה110*4,סטארקיסט,IL,טונה בשמן זית4יח,גרמים,440.00,100 גרם,false,0,24.90,5.66,true,1,
7290013847607,false,סטארקיסט לסלט שמן שום160,סטארקיסט,IL,סטארקיסט לה סלט,גרמים,160.00,100 גרם,false,1,8.80,5.50,true,1,
7290013847614,false,סטארקיסט לסלט ויניגרט160,סטארקיסט,IL,סטארקיסט לה סלט,גרמים,160.00,100 גרם,false,1,8.80,5.50,true,1,
7290013847621,false,סטארקיסט לסלט קייסר160ג,סטארקיסט,IL,סטארקיסט לה סלט,גרמים,160.00,100 גרם,false,1,8.80,5.50,true,1,
7290013847652,false,סטארק.לסנדביץ חמוצים200ג,סטארקיסט,IL,סטארקיסט לסנדביץ,גרמים,200.00,100 גרם,false,1,9.80,4.90,true,1,
7290013847669,false,סטארקיסט לסנדביץ צ'ילי,סטארקיסט,IL,סטארקיסט לסנדביץ,גרמים,200.00,100 גרם,false,1,9.80,4.90,true,1,
7290013847676,false,סטארקיסט לסנדביץ+בצל200ג,סטארקיסט,IL,סטארקיסט לסנדביץ,גרמים,200.00,100 גרם,false,1,9.80,4.90,true,1,
7290013848635,false,קרמה אלפא שמפו רגיל 700,קוסמופארם,IL,שמפו שיער קרמה,מיליליטרים,700.00,"100 מ""ל",false,0,12.90,1.84,true,1,
7290013848642,false,קרמה אלפא שמפו יבש 700 מ,קוסמופארם,IL,שמפו שיער קרמה,מיליליטרים,700.00,"100 מ""ל",false,0,12.90,1.84,true,1,
7290013848680,false,קרמה אלפא מרכך רגיל 700מ,קוסמופארם,IL,מרכך שיער קרמה,מיליליטרים,700.00,"100 מ""ל",false,0,12.90,1.84,true,1,
7290013848758,false,ג'ל לכביסה בייבי,,IL,ג'ל לכביסה בייבי,ליטרים,3.00,ליטר,false,0,41.90,13.97,true,1,
7290013883469,false,אסטוניש קרם אמבט,,IL,אסטוניש קרם אמבט,מיליליטרים,550.00,"100 מ""ל",false,0,13.90,2.53,true,1,
7290013906205,false,פסטרמה שום וצ'ילי 400 גר,טירת צבי,IL,פסטרמה שום+צ'לי,גרמים,400.00,100 גרם,false,0,35.90,8.98,true,1,
7290013906441,false,קבנוס 120 גרם,טירת צבי,IL,קבנוס,גרמים,120.00,100 גרם,false,0,12.30,10.25,true,1,
7290013906687,false,צמד כפרי ברביקיו 600גרם,טירת צבי,IL,צמד כפרי ברביקיו,גרמים,600.00,100 גרם,false,8,31.90,5.32,true,1,
7290013906786,false,נקניקיות וינר לל חומר מש,טירת צבי,IL,נקניקיות וינר,גרמים,700.00,100 גרם,false,1,26.90,3.84,true,1,
7290013906793,false,נקניקיות ע.ללא חומר משמר,טירת צבי,IL,נקניקיות עוף,גרמים,700.00,100 גרם,false,1,26.90,3.84,true,1,
7290013997937,false,מיני המבורגר פטריות טבעו,טבעול,IL,מיני המבורגר פטר,גרמים,540.00,100 גרם,false,0,32.60,6.04,true,1,
7290014002074,false,ויסוצקידס פטל 20 שקיקים,ויסוצקי,IL,ויסוצקידס פטל,גרמים,54.00,100 גרם,false,0,14.90,27.59,true,1,
7290014002197,false,חליטת קמומיל ולימונית25ש,ויסוצקי,IL,חליטת קמומיל,גרמים,75.00,100 גרם,false,0,18.90,25.20,true,1,
7290014002203,false,חליטת לימונים לואיזה 25ש,ויסוצקי,IL,חליטת לימונים,גרמים,75.00,100 גרם,false,0,18.90,25.20,true,1,
7290014002579,false,תה ירוק וניל 25 שקיקים,ויסוצקי,IL,תה ירוק וניל,גרמים,38.00,100 גרם,false,0,21.90,57.63,true,1,
7290014002647,false,תה ירוק לימונ.לואיזה15שק,ויסוצקי,IL,תה ירוק 15 שקיק.,גרמים,22.00,100 גרם,false,0,13.80,62.73,true,1,
7290014059085,false,משחת סנסודיין לשיקום75מ,סמית קליין,SI,משחת סנסודיין,מיליליטרים,75.00,"100 מ""ל",false,0,24.70,32.93,true,1,
7290014066168,false,קפה לבוקר טחון מארז70*4ג,קפה לנדוור,IL,קפה לנדוור 4 יח,גרמים,280.00,100 גרם,false,1,22.30,7.96,true,1,
7290014083424,false,אורז פרסי,,TH,אורז פרסי,קילוגרמים,1.00,"ק""ג",false,0,6.80,6.80,true,1,
7290014083806,false,עוגיות טעם חמאה,,PT,עוגיות טעם חמאה,גרמים,350.00,100 גרם,false,0,10.90,3.11,true,1,
7290014083813,false,שפרוטים,,IL,שפרוטים,גרמים,190.00,100 גרם,false,0,12.70,6.68,true,1,
7290014094079,false,בוטן קלוף קלוי 200גרם,שקדיה,IL,בוטן קלוף קלוי,גרמים,200.00,100 גרם,false,0,10.80,5.40,true,1,
7290014094130,false,גרעין אבטיח קלוי 200גרם,שקדיה,IL,גרעין אבטיח,גרמים,200.00,100 גרם,false,0,16.80,8.40,true,1,
7290014095021,false,אגוז מלך קלוף טבעי 150ג,שקדיה,IL,אגוז מלך קלוף,גרמים,150.00,100 גרם,false,0,16.90,11.27,true,1,
7290014095861,false,שבולת שועל דקה 500 גרם,שקדיה,IL,שיבולת שועל,גרמים,500.00,100 גרם,false,0,7.80,1.56,true,1,
7290014095922,false,"דבש מפרחי הדר 1 ק""ג",שקדיה,IL,דבש מפרחי הדר,קילוגרמים,1.00,"ק""ג",false,0,41.90,41.90,true,1,
7290014095953,false,פקאן בשוקולד חלב,שקדיה,IL,פקאן בשוקולד חלב,גרמים,160.00,100 גרם,false,0,15.80,9.88,true,1,
7290014095960,false,שבולת שועל עבה 500 גרם,שקדיה,IL,שיבולת שועל,גרמים,500.00,100 גרם,false,0,7.80,1.56,true,1,
7290014126077,false,"מר מאסל למטבח 500מ""ל",ג'ונסון,CN,מר מאסל למטבח,מיליליטרים,500.00,"100 מ""ל",false,0,12.90,2.58,true,1,
7290014126312,false,מר מאסל לחדר אמבטיה 750מ,AMBALAJ APS,CN,מר מאסל לאמבטיה,מיליליטרים,750.00,"100 מ""ל",false,0,12.90,1.72,true,1,
7290014126428,false,טבליות סטיביה 150 יחידות,סוראל,CN,טבליות סטיביה,גרמים,9.00,100 גרם,false,0,30.60,340.00,true,1,
7290014126978,false,דאק דוחה כתמים750*2מ,ג'ונסון,IL,דאק פאוור זוג,מיליליטרים,1500.00,"100 מ""ל",false,0,15.00,1.00,true,1,
7290014218130,false,פיצה דקה גבינה 380גרם,תנובה,IL,פיצה דקה גבינה,גרמים,380.00,100 גרם,false,10,17.90,4.71,true,1,
7290014241589,false,מיקס אגוזים 150גרם,פיצוחי הטיב,IL,מיקס אגוזים,גרמים,150.00,100 גרם,false,0,14.80,9.87,true,1,
7290014256897,false,קריניאנו מבעבע באזז750מ,יקבי כרמל,IL,קריניאנו באזז,מיליליטרים,750.00,"100 מ""ל",false,1,24.90,3.32,true,1,
7290014256903,false,"מוסקטו סלקטד 750 מ""ל",יקבי כרמל,IL,מוסקטו סלקטד,מיליליטרים,750.00,"100 מ""ל",false,1,24.90,3.32,true,1,
7290014256910,false,"מוסקטו מבעבע באזז 750מ""ל",יקבי כרמל,IL,מוסקטו באזז,מיליליטרים,750.00,"100 מ""ל",false,1,24.90,3.32,true,1,
7290014397156,false,קרם גוף קרמה פרח וניל500,קוסמופארם,IL,קרם גוף קרמה פרח וניל500,מיליליטרים,500.00,"100 מ""ל",false,0,24.90,4.98,true,1,
7290014397279,false,שקיות מזון,,IL,שקיות מזון,יחידה,1.00,יחידה,false,0,10.90,10.90,true,1,
7290014397453,false,מסיר כתמים 3ליטר,,IL,מסיר כתמים 3ליטר,ליטרים,3.00,ליטר,false,0,30.00,10.00,true,1,
7290014397507,false,סנופרש מאסק מעוד,,IL,סנופרש מאסק מעוד,מיליליטרים,350.00,"100 מ""ל",false,0,14.90,4.26,true,1,
7290014397767,false,ריצפז פרש הום,,IL,ריצפז פרש הום,ליטרים,2.00,ליטר,false,0,20.30,10.15,true,1,
7290014435704,false,סלמון מעושן 100 גרם,סלטי שמיר,IL,סלמון מעושן,גרמים,100.00,100 גרם,false,0,16.80,16.80,true,1,
7290014435803,false,8מטיאס הולנדי עם בצל180ג,סלטי שמיר,IL,מטיאס הולנדי+בצל,גרמים,180.00,100 גרם,false,0,16.80,9.33,true,1,
7290014435810,false,הרינג כבוש עם בצל 180גרם,סלטי שמיר,IL,הרינג כבוש+בצל,גרמים,180.00,100 גרם,false,0,16.80,9.33,true,1,
7290014435841,false,פילה מטיאס הולנדי שמן180,סלטי שמיר,IL,פילה מטיאס בשמן,גרמים,180.00,100 גרם,false,0,16.80,9.33,true,1,
7290014435872,false,סלט הרינג עם מיונז 180גר,סלטי שמיר,IL,סלט הרינג,גרמים,180.00,100 גרם,false,0,16.80,9.33,true,1,
7290014459007,false,"קוביות ת""א 700גרם",תפוגן,IL,"קוביות ת""א",גרמים,700.00,100 גרם,false,0,16.80,2.40,true,1,
7290014459151,false,שניצל תירס לייט תפוגן630,תפוגן,IL,שניצל תירס לייט,גרמים,630.00,100 גרם,false,0,25.10,3.98,true,1,
7290014459267,false,"תפוגן פרוסות סלייס 1.5ק""",תפוגן,IL,תפוגן פרוסות,קילוגרמים,1.50,"ק""ג",false,10,28.90,19.27,true,1,
7290014459366,false,נאגטס תירס ללא מרכיב מחי,תפוגן,IL,נאגטס תירס,גרמים,600.00,100 גרם,false,9,22.90,3.82,true,1,
7290014459373,false,"ציפס קראנצי לתנור 1.5ק""ג",אסם,IL,ציפס קראנצי,יחידה,1.00,יחידה,false,1,28.90,28.90,true,1,
7290014466128,false,"אינדיגו הר חרמון 750 מ""ל",יקבי רמת הגולן קצרין,IL,הר חרמון אינדיגו,מיליליטרים,750.00,"100 מ""ל",false,0,32.90,4.39,true,1,
7290014466463,false,"מוסקטו הר חרמון 750 מ""ל",יקבי רמת הגולן קצרין,IL,הר חרמון מוסקטו,מיליליטרים,750.00,"100 מ""ל",false,0,32.90,4.39,true,1,
7290014501225,false,"הרי גליל אדום 750 מ""ל",יקב הרי גליל,IL,הרי גליל אדום,מיליליטרים,750.00,"100 מ""ל",false,1,32.90,4.39,true,1,
7290014525085,false,עוג.שוקוציפס ללא סוכר200,מרבה,DE,עוגיות ללא סוכר,גרמים,200.00,100 גרם,false,0,18.20,9.10,true,1,
7290014603110,false,קארט דור שוקולד פאדג520,שטראוס,IL,קארט דור שוקולד,מיליליטרים,520.00,"100 מ""ל",false,6,19.70,3.79,true,1,
7290014603547,false,גל.קרמיסימו וניל+שוק1.3.,שטראוס,IL,גל.קרמיסימו וניל+שוק1.3.,מיליליטרים,665.00,"100 מ""ל",false,0,20.90,3.14,true,1,
7290014603554,false,קרמיסימו סנדיי וניל תות,שטראוס,IL,קרמיסימו סנדיי וניל תות,ליטרים,1.33,ליטר,false,0,20.90,15.71,true,1,
7290014603998,false,"קארט דור בראוניז 520 מ""ל",שטראוס,IL,"קארט דור בראוניז 520 מ""ל",מיליליטרים,520.00,"100 מ""ל",false,15,19.70,3.79,true,1,
7290014725294,false,סוכרזית סוכרלוז 100שקיות,"ביסקול בע""מ",IL,סוכרזית סוכרלוז,גרמים,100.00,100 גרם,false,0,21.70,21.70,true,1,
7290014725348,false,סוכרזית קלאסי 100 שקיות,"ביסקול בע""מ",IL,סוכרזית קלאסי,גרמים,130.00,100 גרם,false,0,15.80,12.15,true,1,
7290014745698,false,נקניקיות איכותיות 400גרם,עוף טוב,IL,נקניקיות עוף טוב,גרמים,400.00,100 גרם,false,0,15.80,3.95,true,1,
7290014745919,false,ע. ט. שניצל עוף דק700גרם,עוף טוב,IL,עוף ט. שניצל עוף,גרמים,700.00,100 גרם,false,0,42.90,6.13,true,1,
7290014746565,false,שניצל מעודן מופח מלח ע.ט,אסם,IL,שניצל מעודן,גרמים,700.00,100 גרם,false,1,46.50,6.64,true,1,
7290014747319,false,שניצל עוף LOVE ללא אנטיב,אסם,IL,שניצל עוף LOVE,גרמים,700.00,100 גרם,false,1,40.00,5.71,true,1,
7290014758100,false,יוגורט ביו 8 יח,,IL,יוגורט ביו 8 יח,קילוגרמים,1.20,"ק""ג",false,0,16.10,13.42,true,1,
7290014758162,false,חלב עיזים מלא 1ל,,IL,חלב עיזים מלא 1ל,ליטרים,1.00,ליטר,false,0,15.40,15.40,true,1,
7290014758681,false,קוטג 1% שומן,,IL,קוטג 1% שומן,גרמים,250.00,100 גרם,false,0,5.70,2.28,true,1,
7290014759084,false,גבינת נפוליאון,,IL,גבינת נפוליאון,גרמים,225.00,100 גרם,false,0,9.90,4.40,true,1,
7290014759534,false,בולגרית למריחה5%,,IL,בולגרית למריחה5%,גרמים,200.00,100 גרם,false,0,14.30,7.15,true,1,
7290014759541,false,בולגרית למריחה+5%פלפל200,תנובה,IL,בולגרית למריחה5%,גרמים,200.00,100 גרם,false,0,14.30,7.15,true,1,
7290014759978,false,קולאז' קצ'קבל,,IL,קולאז' קצ'קבל,גרמים,200.00,100 גרם,false,0,20.90,10.45,true,1,
7290014759985,false,קולאז' פרמזן,,IL,קולאז' פרמזן,גרמים,200.00,100 גרם,false,0,20.90,10.45,true,1,
7290014760141,false,משקה שקדים טרי 1 ליטר,סוי מג'יק,IL,משקה שקדים,ליטרים,1.00,ליטר,false,1,14.80,14.80,true,1,
7290014760820,false,יופלה+תוספת פקאן,,IL,יופלה+תוספת פקאן,גרמים,175.00,100 גרם,false,0,5.90,3.37,true,1,
7290014760837,false,יופלה 0% תות בתחתית 150ג,תנובה,IL,יופלה דיאט 0%,גרמים,150.00,100 גרם,false,1,5.20,3.47,true,1,
7290014760844,false,יופלה 0% אפרסק פסיפל150ג,תנובה,IL,יופלה דיאט 0%,גרמים,150.00,100 גרם,false,1,5.20,3.47,true,1,
7290014761056,false,יולו שוקולד חלב,,IL,יולו שוקולד חלב,גרמים,123.00,100 גרם,false,0,4.50,3.66,true,1,
7290014761063,false,יולו שוקולד מריר,,IL,יולו שוקולד מריר,גרמים,123.00,100 גרם,false,0,4.50,3.66,true,1,
7290014761070,false,יולו שוקולד לבן,,IL,יולו שוקולד לבן,גרמים,123.00,100 גרם,false,0,4.50,3.66,true,1,
7290014761193,false,פרילי פירות יער 125 גרם,תנובה,IL,פרילי פירות יער,גרמים,125.00,100 גרם,false,0,3.60,2.88,true,1,
7290014761414,false,יולו שכבות שוקו.,,IL,יולו שכבות שוקו.,גרמים,123.00,100 גרם,false,0,4.50,3.66,true,1,
7290014761612,false,יולו שכבות שוקו.מריר122ג,תנובה,IL,יולו שכבות שוקו.,גרמים,122.00,100 גרם,false,1,4.50,3.69,true,1,
7290014761681,false,בולגרית למריחה ציזיקי200,תנובה,IL,בולגרית למריחה ציזיקי200,גרמים,200.00,100 גרם,false,0,14.30,7.15,true,1,
7290014761766,false,משקה פרילי תות 250 גרם,תנובה,IL,משקה פרילי תות,גרמים,250.00,100 גרם,false,1,4.70,1.88,true,1,
7290014761773,false,משקה פרילי אפרסק 250 גרם,תנובה,IL,משקה פרילי אפרסק,גרמים,250.00,100 גרם,false,1,4.70,1.88,true,1,
7290014761858,false,"שטוזים וניל מוקצף 125מ""ל",תנובה,IL,שטוזים מטקצף,מיליליטרים,125.00,"100 מ""ל",false,1,2.80,2.24,true,1,
7290014761865,false,"שטוזים תות מוקצף 125מ""ל",תנובה,IL,שטוזים מטקצף,מיליליטרים,125.00,"100 מ""ל",false,1,2.80,2.24,true,1,
7290014762626,false,פרוסות עמק 28%רכבת200ג,תנובה,IL,פרוסות עמק 28%,גרמים,200.00,100 גרם,false,1,15.80,7.90,true,1,
7290014762633,false,פרוסות עמק 28%פיל200ג,תנובה,IL,פרוסות עמק 28%,גרמים,200.00,100 גרם,false,1,15.80,7.90,true,1,
7290014762756,false,נפוליאון 16%עם בצל 225ג,תנובה,IL,גבינת נפוליאון,גרמים,225.00,100 גרם,false,1,9.90,4.40,true,1,
7290014762862,false,יופלה4% ט.סיידר תפוח150ג,תנובה,IL,יופלה בטעם סיידר,גרמים,150.00,100 גרם,false,1,5.20,3.47,true,1,
7290014762886,false,יופלה4% ט.עוגת גבינה150ג,תנובה,IL,יופלה עוגת גבינה,גרמים,150.00,100 גרם,false,1,5.20,3.47,true,1,
7290014762909,false,פתיתי מוצרלה 200 גרם,תנובה,IL,פתיתי מוצרלה200ג,גרמים,200.00,100 גרם,false,1,18.50,9.25,true,1,
7290014762930,false,בולגרית פרוס5%פיראוס200ג,תנובה,IL,בולגרית פרוסות,גרמים,200.00,100 גרם,false,1,21.20,10.60,true,1,
7290014763098,false,גב.קרם שמנת5% טוסקנה200ג,תנובה,IL,גבינת קרם שמנת,גרמים,200.00,100 גרם,false,1,9.90,4.95,true,1,
7290014789913,false,עוגיות אוראו 176*3 גרם,מונדלייז,ES,עוגיות אוראו 3יח,גרמים,528.00,100 גרם,false,0,25.70,4.87,true,1,
7290014791077,false,ספרינג תה ענבים 1.5 ליטר,יפאורה שותפות מובגלת לשיווק,IL,ספרינג תה ענבים,ליטרים,1.50,ליטר,false,0,6.50,4.33,true,1,
7290014791091,false,"שוופס לימונייד 500 מ""ל",יפאורה שותפות מובגלת לשיווק,IL,שוופס לימונייד,מיליליטרים,500.00,"100 מ""ל",false,0,5.30,1.06,true,1,
7290014791213,false,שוופס מים 0קלור.תפוח1.5ל,יפאורה שותפות מובגלת לשיווק,IL,שוופס מים תפוח,ליטרים,1.50,ליטר,false,0,6.80,4.53,true,1,
7290014791237,false,שוופס מים 0קלור.אפרסק1.5,יפאורה שותפות מובגלת לשיווק,IL,שוופס מים אפרסק,ליטרים,1.50,ליטר,false,0,6.80,4.53,true,1,
7290014791558,false,שוופס סודה נענע לי1.5*4ל,יפאורה שותפות מובגלת לשיווק,IL,שוופס סודה נענע לי1.5*4ל,ליטרים,6.00,ליטר,false,0,11.90,1.98,true,1,
7290014791565,false,שוופס מוגז ענבים 1.5ליטר,יפאורה שותפות מובגלת לשיווק,IL,שוופס ענבים,ליטרים,1.50,ליטר,false,1,7.00,4.67,true,1,
7290014791589,false,תפוזינה לימונדה נענע1.5ל,יפאורה שותפות מובגלת לשיווק,IL,תפוזינה לימונדה,ליטרים,1.50,ליטר,false,0,6.50,4.33,true,1,
7290014791770,false,פרוט ווטר ענבים 1.5 ליטר,יפאורה שותפות מובגלת לשיווק,IL,פרוט ווטר ענבים,ליטרים,1.50,ליטר,false,1,6.00,4.00,true,1,
7290014791794,false,פרוט ווטר תפוח 1.5 ליטר,יפאורה שותפות מובגלת לשיווק,IL,פרוט ווטר תפוח,ליטרים,1.50,ליטר,false,1,6.00,4.00,true,1,
7290014791800,false,פרוט ווטר אפרסק 1.5 ליטר,יפאורה שותפות מובגלת לשיווק,IL,פרוט ווטר אפרסק,ליטרים,1.50,ליטר,false,1,6.00,4.00,true,1,
7290014791817,false,פרוט ווטר אבטיח 1.5 ליטר,יפאורה שותפות מובגלת לשיווק,IL,פרוט ווטר אבטיח,ליטרים,1.50,ליטר,false,1,6.00,4.00,true,1,
7290014791824,false,פרוט ווטר תות 1.5 ליטר,יפאורה שותפות מובגלת לשיווק,IL,פרוט ווטר תות,ליטרים,1.50,ליטר,false,1,6.00,4.00,true,1,
7290014875074,false,שווארמה מן הצומח טיבעול,טבעול,IL,שווארמה מן הצומח,גרמים,400.00,100 גרם,false,0,27.70,6.93,true,1,
7290014940093,false,הלחמניה הקלה 54*6 גרם,מאפיית שלמה א. אנג'ל,IL,הלחמניה הקלה 54*6 גרם,גרמים,324.00,100 גרם,false,0,13.40,4.14,true,1,
7290014940901,false,לחם פשוט מלא 750 גרם,מאפיית שלמה א. אנג'ל,IL,לחם מלא,גרמים,750.00,100 גרם,false,1,12.80,1.71,true,1,
7290015025584,false,"רסק תפו""ע ללא סוכר100*4ג",אודנוולד,IL,רסק תפוחים,גרמים,400.00,100 גרם,false,0,13.80,3.45,true,1,
7290015081443,false,אולטרסול שקוף ספריSPF30,פישר מעבדות פרמצבטיות,IL,אולטרסול,מיליליטרים,125.00,"100 מ""ל",false,0,19.90,15.92,true,1,
7290015139366,false,עוגיות בטעם חמאה 30 גרם,כרמית,IL,עוגיות טעם חמאה,גרמים,30.00,100 גרם,false,1,2.50,8.33,true,1,
7290015150101,false,ויסוצקידס נענע 20 שקיקים,ויסוצקי,IL,ויסוצקידס נענע,גרמים,54.00,100 גרם,false,0,14.90,27.59,true,1,
7290015150361,false,תה ירוק נענע סטיבייה25שק,ויסוצקי,IL,תה ירוק נענע,גרמים,37.00,100 גרם,false,1,21.90,59.19,true,1,
7290015155335,false,שישיית פרינוק,,IL,שישיית פרינוק,קילוגרמים,1.14,"ק""ג",false,0,24.70,21.67,true,1,
7290015155342,false,שישיית פרינוק,,IL,שישיית פרינוק,קילוגרמים,1.14,"ק""ג",false,0,24.70,21.67,true,1,
7290015257909,false,מפיות תלת שכבתי מודפס,.,CN,מפיות תלת שכבתי,יחידה,1.00,יחידה,false,1,7.90,7.90,true,1,
7290015282000,false,איקרה אדומה 200 גרם,סלטי שמיר,IL,איקרה אדומה,גרמים,200.00,100 גרם,false,0,11.80,5.90,true,1,
7290015282024,false,איקרה לבנה 200 גרם,סלטי שמיר,IL,איקרה לבנה,גרמים,200.00,100 גרם,false,0,11.80,5.90,true,1,
7290015353663,false,מיונז לחיץ היינץ 400 גרם,היינץ,NL,מיונז בקבוק לחיץ,גרמים,400.00,100 גרם,false,1,15.10,3.78,true,1,
7290015353670,false,ממרח במרקם קרמי 425 גרם,היינץ,NL,ממרח במרקם קרמי,גרמים,425.00,100 גרם,false,1,15.10,3.55,true,1,
7290015355834,false,מתבל עגבניות חריף 855גרם,היינץ,US,מתבל עגבניות,גרמים,855.00,100 גרם,false,1,18.90,2.21,true,1,
7290015597036,false,מאגדת מיני מגנום טירמיסו,שטראוס,IL,מאגדת מיני מגנום,גרמים,285.00,100 גרם,false,0,29.90,10.49,true,1,
7290015597265,false,גלידת לוטוס 1 ליטר,שטראוס,IL,גלידת לוטוס,ליטרים,1.00,ליטר,false,1,23.90,23.90,true,1,
7290015597333,false,מאגדת מיני מגנום אגוזי,שטראוס,IL,מאגדת מיני מגנום,יחידה,1.00,יחידה,false,1,29.90,29.90,true,1,
7290015597357,false,מאגדת לייט שוקולד 342 גר,שטראוס,IL,מאגדת לייט שוקול,יחידה,1.00,יחידה,false,8,33.90,33.90,true,1,
7290015626439,false,אגוז מלך קלוף 300גרם,ששון מלוינסקי,IL,אגוז מלך קלוף,גרמים,300.00,100 גרם,false,1,33.90,11.30,true,1,
7290015626460,false,שקד קלוף טבעי 250גרם,ששון מלוינסקי,IL,שקד קלוף טבעי,גרמים,250.00,100 גרם,false,1,31.90,12.76,true,1,
7290015626484,false,חמוציות מיובשות חתוכות,ששון מלוינסקי,IL,חמוציות מיובשות,גרמים,400.00,100 גרם,false,1,18.90,4.73,true,1,
7290015626491,false,צימוק בהיר 500גרם,ששון מלוינסקי,IL,צימוקים בהירים,גרמים,500.00,100 גרם,false,1,26.90,5.38,true,1,
7290015626507,false,צימוק כהה 500גרם,ששון מלוינסקי,IL,צימוקים כהים,גרמים,500.00,100 גרם,false,1,21.90,4.38,true,1,
7290015626613,false,פקאן סיני 250גרם,ששון מלוינסקי,IL,פקאן סיני 250גרם,גרמים,250.00,100 גרם,false,1,29.90,11.96,true,1,
7290015626637,false,תמר מגהול 200גרם,ששון מלוינסקי,IL,תמר מגהול 200גרם,גרמים,200.00,100 גרם,false,1,12.00,6.00,true,1,
7290015626644,false,משמש מיובש 200גרם,ששון מלוינסקי,IL,משמש מיובש,גרמים,200.00,100 גרם,false,1,16.90,8.45,true,1,
7290015652070,false,קשיו קלוי 150גרם,דין שיווק,IL,קשיו קלוי 150גרם,גרמים,150.00,100 גרם,false,1,12.90,8.60,true,1,
7290015652087,false,תערובת פיצוחים קלויים150,דין שיווק,IL,תערובת פיצוחים,גרמים,150.00,100 גרם,false,1,12.90,8.60,true,1,
7290015766005,false,שרי וויטני יח,,IL,שרי וויטני יח,יחידה,1.00,יחידה,false,0,10.90,10.90,true,1,
7290015804080,false,רסק עגבניות טל 100 גרם,מילוז,IL,רסק עגבניות טל,גרמים,100.00,100 גרם,false,1,2.20,2.20,true,1,
7290015804394,false,רסק עגבניות טל 260 גרם,מילוז,IL,רסק עגבניות טל,גרמים,260.00,100 גרם,false,1,4.40,1.69,true,1,
7290016006100,false,תפוזינה מלון נענע 1.5ל',יפאורה שותפות מובגלת לשיווק,IL,תפוזינה מלון,ליטרים,1.50,ליטר,false,1,6.50,4.33,true,1,
7290016006179,false,תפוזינה ליצי נענע 1.5 לי,יפאורה שותפות מובגלת לשיווק,IL,תפוזינה ליצי,ליטרים,1.50,ליטר,false,1,6.50,4.33,true,1,
7290016006292,false,ספרינג מנגו בננה מלון1ל,יפאורה שותפות מובגלת לשיווק,IL,נקטר ספרינג,ליטרים,1.00,ליטר,false,1,5.50,5.50,true,1,
7290016006360,false,שוופס מוגז תות ליים 1.5ל,יפאורה שותפות מובגלת לשיווק,IL,שוופס מוגז תות,ליטרים,1.50,ליטר,false,1,7.00,4.67,true,1,
7290016087000,false,זית ירוק נטולי גלעין560ג,פרי ניר,IL,זיתים ירוקים,גרמים,560.00,100 גרם,false,1,9.90,1.77,true,1,
7290016087062,false,רסק עגבניות 22% 260 גרם,פרי ניר,IL,רסק עגבניות,גרמים,260.00,100 גרם,false,1,3.70,1.42,true,1,
7290016188011,false,"אמרלד ריזלינג P.C 750מ""ל",יקבי כרמל,IL,אמרלד ריזלינג,מיליליטרים,750.00,"100 מ""ל",false,1,32.90,4.39,true,1,
7290016188028,false,יין לבן שרדונה P.C 750 מ,יקבי כרמל,IL,שרדונה P.C,מיליליטרים,750.00,"100 מ""ל",false,1,32.90,4.39,true,1,
7290016188363,false,מרלו סלקטד750מ20%+תוספת,יקבי כרמל,IL,מרלו סלקטד,מיליליטרים,900.00,"100 מ""ל",false,1,24.90,2.77,true,1,
7290016197877,false,שקיות אשפה חזקות 60 יח,חוגלה קימברלי,IL,שקיות אשפה חזקות,יחידה,1.00,יחידה,false,1,24.90,24.90,true,1,
7290016246018,false,חלבה מיקס פינוקיות20*10ג,רושדי תעשיות מזון,IL,חלבה בארכה מיקס,גרמים,200.00,100 גרם,false,1,12.90,6.45,true,1,
7290019297222,false,פולי סויה אדממה 450גרם,שקדיה,IL,פולי סויה אדממה,גרמים,450.00,100 גרם,false,0,9.90,2.20,true,1,
7290055090788,false,כרמית מרשמלו ענבים25ג,כרמית,IL,מרשמלו ענבים,גרמים,25.00,100 גרם,false,0,3.00,12.00,true,1,
7290055090801,false,"שוקולד לבן ללת""ס 85 גרם",כרמית,IL,שוקולד לבן,גרמים,85.00,100 גרם,false,0,7.80,9.18,true,1,
7290100240144,false,בדין תרסיס מייבש ורוד500,זוהר דליה,IL,תרסיס למייבש,מיליליטרים,500.00,"100 מ""ל",false,0,21.70,4.34,true,1,
7290100243664,false,"בדין אקסטרה סגול 960 מ""ל",יוניליוור,TR,מרכך כביסה בדין,מיליליטרים,960.00,"100 מ""ל",false,0,15.90,1.66,true,1,
7290100243671,false,"בדין אקסטרה כחול 960 מ""ל",יוניליוור,TR,מרכך כביסה בדין,מיליליטרים,960.00,"100 מ""ל",false,0,15.90,1.66,true,1,
7290100243688,false,"בדין אקסטרה ורוד 960 מ""ל",יוניליוור,TR,מרכך כביסה בדין,מיליליטרים,960.00,"100 מ""ל",false,0,15.90,1.66,true,1,
7290100244586,false,רוטב אלף האיים לייט290מל,יוניליוור,IL,אלף האיים לייט,מיליליטרים,290.00,"100 מ""ל",false,0,10.00,3.45,true,1,
7290100244609,false,רוטב לסלט אלף האיים290מל,יוניליוור,IL,רוטב אלף האיים,מיליליטרים,290.00,"100 מ""ל",false,0,10.00,3.45,true,1,
7290100246023,false,"כריות כשל""פ 500 גרם",יוניליוור,IL,"כריות כשל""פ",גרמים,500.00,100 גרם,false,0,27.30,5.46,true,1,
7290100247068,false,תחליב פינוק לבנד.וניל700,יוניליוור,IL,תחליב רחצה פינוק,מיליליטרים,700.00,"100 מ""ל",false,0,10.00,1.43,true,1,
7290100247778,false,מרק פטריות מוקרם 79 גרם,יוניליוור,IL,מרק פטריות,גרמים,79.00,100 גרם,false,0,10.20,12.91,true,1,
7290100247815,false,נמס בכוס עגבנ.אקסטרה39גר,יוניליוור,IL,נמס בכוס עגבניות,גרמים,39.00,100 גרם,false,0,4.90,12.56,true,1,
7290100247839,false,נמס בכוס ירקות אקסטרה35ג,יוניליוור,IL,נמס בכוס ירקות,גרמים,35.00,100 גרם,false,0,4.90,14.00,true,1,
7290100249352,false,מרק טעם עוף 400 גרם,יוניליוור,IL,מרק טעם עוף,גרמים,400.00,100 גרם,false,0,16.10,4.03,true,1,
7290100249383,false,מרק פטריות 400 גרם,יוניליוור,IL,מרק פטריות,גרמים,400.00,100 גרם,false,0,15.90,3.98,true,1,
7290100249390,false,מרק טעם עוף ר.טבעיים400ג,יוניליוור,IL,מרק טעם עוף,גרמים,400.00,100 גרם,false,0,19.70,4.93,true,1,
7290100249482,false,נמס בכוס אפונה 25*2 גרם,יוניליוור,IL,נמס בכוס אפונה,גרמים,50.00,100 גרם,false,0,7.80,15.60,true,1,
7290100249512,false,פירה בטעם ביתי 130X2 גרם,יוניליוור,IL,פירה בטעם ביתי,גרמים,260.00,100 גרם,false,0,12.70,4.88,true,1,
7290100249598,false,רוטב לעוף שום ודבש320גרם,יוניליוור,IL,רוטב לעוף,גרמים,320.00,100 גרם,false,0,10.00,3.13,true,1,
7290100249932,false,"דליפקאן בד""ץ 400 גרם",יוניליוור,IL,דליפקאן,גרמים,400.00,100 גרם,false,0,22.70,5.68,true,1,
7290100411711,false,ליסטרין טוטל קר וייט750מ,ג'ונסון,IL,מי פה ליסטרין,מיליליטרים,750.00,"100 מ""ל",false,1,45.00,6.00,true,1,
7290100658338,false,פלמוליב אוקסי כחול 750מל,קולגייט-פלמוליב,GR,פלמוליב לכלים,מיליליטרים,750.00,"100 מ""ל",false,0,11.30,1.51,true,1,
7290100659090,false,חטיף FREE תמר+קינמון 5יח,טבעית,IL,חטיף FREE תמרים,גרמים,100.00,100 גרם,false,0,19.70,19.70,true,1,
7290100680667,false,מנה חמה נודלס סצ'ואן76גר,טאי רזידנט,TH,מנה חמה נודלס,גרמים,76.00,100 גרם,false,0,7.80,10.26,true,1,
7290100680711,false,פירורית זהב 350 גרם,עינת,IL,פירורית זהב אסם,גרמים,350.00,100 גרם,false,0,7.90,2.26,true,1,
7290100680889,false,קרם קרקר חיטה מלאה 300גר,אסם,IL,קרקר חיטה מלאה,גרמים,300.00,100 גרם,false,0,11.60,3.87,true,1,
7290100681138,false,אפרופו 50*3 גרם,אסם,IL,אפרופו 3יח במארז,גרמים,150.00,100 גרם,false,0,13.10,8.73,true,1,
7290100681503,false,סירופ לימונענע דיאט 1 ל',בית השיטה,IL,סירופ דיאט,ליטרים,1.00,ליטר,false,0,11.30,11.30,true,1,
7290100682791,false,פודינג וניל 80*3 גרם,אסם,IL,פודינג וניל 3 יח,גרמים,240.00,100 גרם,false,0,15.80,6.58,true,1,
7290100685136,false,"מרק טעם עוף פרווה 1 ק""ג",אסם,IL,"מרק טעם עוף פרווה 1 ק""ג",קילוגרמים,1.00,"ק""ג",false,0,17.30,17.30,true,1,
7290100686164,false,ביסלי ברביקיו 35*6 גרם,אסם,IL,ביסלי מארז 6 יח,גרמים,210.00,100 גרם,false,0,13.90,6.62,true,1,
7290100686171,false,ביסלי גריל 6 * 35 גרם,אסם,IL,ביסלי מארז 6 יח,גרמים,210.00,100 גרם,false,0,13.90,6.62,true,1,
7290100689264,false,האני נאט צ'יריוס 615 גרם,ג'נרל מילס,US,הני נאט צ'יריוס,גרמים,615.00,100 גרם,false,0,27.90,4.54,true,1,
7290100689301,false,מרק בטעם עוף זך 400גר,אסם,IL,מרק בטעם עוף זך,גרמים,400.00,100 גרם,false,0,15.90,3.98,true,1,
7290100700020,false,גריסי פנינה 500 גרם,סוגת,IL,גריסי פנינה,גרמים,500.00,100 גרם,false,0,6.80,1.36,true,1,
7290100700273,false,קינואה סוגת 500 גרם,סוגת,IL,קינואה סוגת,גרמים,500.00,100 גרם,false,0,22.90,4.58,true,1,
7290100700389,false,"אורז אדום סוגת 1 ק""ג",סוגת,IL,אורז אדום סוגת,קילוגרמים,1.00,"ק""ג",false,0,14.80,14.80,true,1,
7290100700396,false,"אורז יסמין קלאסי 1 ק""ג",סוגת,IL,אורז יסמין סוגת,קילוגרמים,1.00,"ק""ג",false,0,10.00,10.00,true,1,
7290100700433,false,מקלוני סוכר לבן 50יח5Xגר,"שוגארט בע""מ",IL,מקלוני סוכר,גרמים,250.00,100 גרם,false,0,9.90,3.96,true,1,
7290100700587,false,בורגול 500 גרם,סוגת,IL,בורגול 500 גרם,גרמים,500.00,100 גרם,false,0,6.80,1.36,true,1,
7290100702383,false,"קמח תופח 1 ק""ג",שטיבל,IL,"קמח תופח 1 ק""ג",קילוגרמים,1.00,"ק""ג",false,0,8.10,8.10,true,1,
7290100702611,false,פתיתים אפויים אורז500גרם,אסיף תעשיות מזון,IL,פתיתים סוגת,גרמים,500.00,100 גרם,false,0,5.20,1.04,true,1,
7290100702680,false,פתיתים קידס חיות 400 ג,אסיף תעשיות מזון,IL,פתיתים קידס חיות,גרמים,400.00,100 גרם,false,0,5.20,1.30,true,1,
7290100702994,false,סוכר דמררה 500 גרם,סוגת,IL,סוכר דמררה,גרמים,500.00,100 גרם,false,1,6.90,1.38,true,1,
7290100850008,false,שוקולד חלב+סוכ.קופצות85ג,עלית,IL,שוקולד וסוכריות,גרמים,85.00,100 גרם,false,0,6.60,7.76,true,1,
7290100850343,false,מיני מקופלת 200 גרם,עלית,IL,מיני מקופלת,גרמים,200.00,100 גרם,false,0,16.50,8.25,true,1,
7290100850411,false,מיקס חטיפים 190 גרם,עלית,IL,מיקס חטיפים,גרמים,190.00,100 גרם,false,0,16.50,8.68,true,1,
7290100850466,false,מיקס פסק זמן 390 גרם,עלית,IL,מיקס פסק זמן,גרמים,390.00,100 גרם,false,0,24.70,6.33,true,1,
7290100850909,false,דוריטוס נאצ'ו מקסיקני70ג,עלית,IL,דוריטוס נאצ'ו,גרמים,70.00,100 גרם,false,0,3.90,5.57,true,1,
7290100850916,false,דוריטוס חמוץ חריף 70 גרם,עלית,IL,דוריטוס חמוץ ח,גרמים,70.00,100 גרם,false,0,3.90,5.57,true,1,
7290100850923,false,דוריטוס גריל 70 גרם,עלית,IL,דוריטוס גריל,גרמים,70.00,100 גרם,false,0,3.90,5.57,true,1,
7290100850930,false,דוריטוס דיפ טבעי 70 גרם,עלית,IL,חטיף דוריטוס דיפ,גרמים,70.00,100 גרם,false,0,3.90,5.57,true,1,
7290100853689,false,בראוניס שוקולד עשירה380ג,עלית,IL,בראוניס שוקולד,גרמים,380.00,100 גרם,false,0,18.50,4.87,true,1,
7290100854266,false,שוקולד מריר 60%קקאו100ג,עלית,IL,שוקולד מריר,גרמים,100.00,100 גרם,false,0,8.70,8.70,true,1,
7290100857045,false,שוק.ספלנדיד מריר קפה100ג,עלית,IL,שוקולד ספלנדיד,גרמים,100.00,100 גרם,false,0,11.90,11.90,true,1,
7290100858226,false,טבלת פסק זמן קלאסי110גרם,עלית,IL,טבלת פסק זמן,גרמים,110.00,100 גרם,false,0,8.90,8.09,true,1,
7290100858608,false,קקאו עלית 500 גרם,עלית,IL,קקאו עלית,גרמים,500.00,100 גרם,false,0,26.90,5.38,true,1,
7290100858653,false,מיקס חטיפים סגול 390 גרם,עלית,IL,מיקס חטיפים,גרמים,390.00,100 גרם,false,0,24.70,6.33,true,1,
7290100859162,false,שוקולד פרה60% מריר100*2ג,עלית,IL,שוקולד מריר 2 יח,גרמים,200.00,100 גרם,false,0,16.20,8.10,true,1,
7290100859209,false,מסטיק מאסט עלמה אוכמני28,עלית,IL,מסטיק מאסט,גרמים,28.00,100 גרם,false,0,4.60,16.43,true,1,
7290100921517,false,"שמפו הוואי שיאה 700 מ""ל",טרופיקל דגיל,IL,"שמפו הוואי שיאה 700 מ""ל",מיליליטרים,700.00,"100 מ""ל",false,0,9.90,1.41,true,1,
7290100921524,false,"מרכך הוואי שיאה 700 מ""ל",טרופיקל דגיל,IL,מרכך הוואי,מיליליטרים,700.00,"100 מ""ל",false,0,9.90,1.41,true,1,
7290100921623,false,כדוריות לאסלה אקונומיקה,הנקל סוד,IL,סבון אסלה,גרמים,50.00,100 גרם,false,0,10.20,20.40,true,1,
7290100923108,false,תח.הוואי יוגורט וניל750מ,טרופיקל דגיל,IL,תחליב רחצה הוואי,מיליליטרים,750.00,"100 מ""ל",false,0,15.80,2.11,true,1,
7290100923122,false,תח.רחצה הוואי יוגורט 750,טרופיקל דגיל,IL,תחליב רחצה הוואי,מיליליטרים,750.00,"100 מ""ל",false,0,15.80,2.11,true,1,
7290100923146,false,תחליב רחצה הוואי משי750מ,טרופיקל דגיל,IL,תחליב רחצה הוואי,מיליליטרים,750.00,"100 מ""ל",false,0,15.80,2.11,true,1,
7290100924556,false,סוד רצפות בריליאנט כחול,הנקל סוד,ES,בריליאנט לרצפות,מיליליטרים,1250.00,"100 מ""ל",false,1,19.90,1.59,true,1,
7290100924570,false,ג'ל לאסלה הגנה מלכלוך700,הנקל סוד,SI,סוד ג'ל לאסלה,מיליליטרים,700.00,"100 מ""ל",false,1,11.90,1.70,true,1,
7290100924600,false,סוד מרכך מרוכז כחול900מ,הנקל סוד,IL,סוד מרכך כחול,מיליליטרים,900.00,"100 מ""ל",false,1,17.20,1.91,true,1,
7290100924693,false,סבון לאסלה כחול אקנומיקה,הנקל סוד,HU,סבון אסלה,גרמים,50.00,100 גרם,false,1,10.20,20.40,true,1,
7290100924709,false,סבון לאסלה כחול אקליפטוס,הנקל סוד,HU,סבון לאסלה כחול אקליפטוס,גרמים,50.00,100 גרם,false,1,10.20,20.40,true,1,
7290100924778,false,פרסיל סופר קאפס 14יח,הנקל סוד,HU,פרסיל סופר קאפס,יחידה,1.00,יחידה,false,1,21.70,21.70,true,1,
7290100925126,false,מרכך SOFT&OIL זהב 750מל,הנקל סוד,DE,מרכך סוד זהב,מיליליטרים,750.00,"100 מ""ל",false,1,17.90,2.39,true,1,
7290100925966,false,מרכך כב.סוד מרוכז כחול1ל,הנקל סוד,TR,מרכך כביסה סוד,ליטרים,1.00,ליטר,false,0,17.30,17.30,true,1,
7290100925973,false,מרכך כב.סוד מרוכז ורוד1ל,הנקל סוד,,מרכך כביסה סוד,ליטרים,1.00,ליטר,false,0,17.30,17.30,true,1,
7290100928639,false,נוזל לרצפות כחול 2ל,,IL,נוזל לרצפות כחול 2ל,ליטרים,2.00,ליטר,false,0,19.90,9.95,true,1,
7290100928646,false,סוד נוזל לרצפות,,IL,סוד נוזל לרצפות,ליטרים,2.00,ליטר,false,0,19.90,9.95,true,1,
7290100928820,false,שמפו הוואי לברק קורן 700,טרופיקל דגיל,IL,שמפו הוואי,מיליליטרים,700.00,"100 מ""ל",false,0,9.90,1.41,true,1,
7290100928837,false,מרכך הוואי לברק קורן 700,טרופיקל דגיל,IL,מרכך הוואי,מיליליטרים,700.00,"100 מ""ל",false,0,9.90,1.41,true,1,
7290100929728,false,מרכך מרוכז ארומה,,IL,מרכך מרוכז ארומה,מיליליטרים,900.00,"100 מ""ל",false,0,17.20,1.91,true,1,
7290100929735,false,מרכך מרוכז ארומה,,IL,מרכך מרוכז ארומה,מיליליטרים,900.00,"100 מ""ל",false,0,17.20,1.91,true,1,
7290100929766,false,סומט קפסולות,,DE,סומט קפסולות,יחידה,1.00,יחידה,false,0,24.90,24.90,true,1,
7290101112211,false,מאגדת שייק אננס,גלידות פלדמן,IL,מאגדת שייק אננס,גרמים,480.00,100 גרם,false,0,34.90,7.27,true,1,
7290101486688,false,חטיף FREE עם שוקולד 5יח',טבעית,IL,חטיף FREE 5 יח',גרמים,100.00,100 גרם,false,0,19.70,19.70,true,1,
7290101865261,false,"פיניש נוזל הברקה 800 מ""ל",רקיט בנקיזר,PL,פיניש נוזל הברקה,מיליליטרים,800.00,"100 מ""ל",false,0,24.90,3.11,true,1,
7290101866787,false,וניש קליה מסיר כתמים 3ל,רקיט בנקיזר,IL,וניש לכביסה לבנה,ליטרים,3.00,ליטר,false,0,29.90,9.97,true,1,
7290101868514,false,אבקת כביסה קולון 101 3קג,רקיט בנקיזר,IL,אבקת כביסה קולון,קילוגרמים,3.00,"ק""ג",false,0,24.90,8.30,true,1,
7290101868972,false,פיניש AIO הכל ב1 24 טבלי,רקיט בנקיזר,PL,פיניש טבליות,יחידה,1.00,יחידה,false,1,24.90,24.90,true,1,
7290101868989,false,פיניש AIO הכל ב1 48 טבלי,רקיט בנקיזר,PL,פיניש טבליות,יחידה,1.00,יחידה,false,1,39.90,39.90,true,1,
7290101869719,false,"פיניש ג'ל למדיח 600 מ""ל",רקיט בנקיזר,PL,פיניש ג'ל למדיח,מיליליטרים,600.00,"100 מ""ל",false,1,35.90,5.98,true,1,
7290101869849,false,איירוויק מילוי חטא מתוק,רקיט בנקיזר,PL,אירוויק מילוי,מיליליטרים,19.00,"100 מ""ל",false,1,27.70,145.79,true,1,
7290102032334,false,קפה נמס וניל 200 גרם,עלית,IL,קפה נמס וניל,גרמים,200.00,100 גרם,false,0,26.90,13.45,true,1,
7290102035007,false,מסטיק מאסט בטעם בזוקה28ג,עלית,IL,מסטיק מאסט,גרמים,28.00,100 גרם,false,0,4.60,16.43,true,1,
7290102060955,false,משחה מרידול משפחתי 100מל,קולגייט-פלמוליב,DE,משחת שיניים,מיליליטרים,100.00,"100 מ""ל",false,0,14.90,14.90,true,1,
7290102390465,false,יוג.קציפת אפרסק+פסיפל150,טרה,IL,יוגורט מולר,מיליליטרים,150.00,"100 מ""ל",false,0,5.20,3.47,true,1,
7290102392049,false,תבור גבינה לאפיה5% 500ג,משק צוריאל תבור,IL,תבור גבינה לאפיה,גרמים,500.00,100 גרם,false,0,25.00,5.00,true,1,
7290102392094,false,חלב עיזים קרטון4.1% 1ל',משק צוריאל תבור,IL,חלב עיזים קרטון,ליטרים,1.00,ליטר,false,0,16.60,16.60,true,1,
7290102392254,false,חלב 1% בקרטון 2 ליטר,טרה,IL,חלב 1% בקרטון,ליטרים,2.00,ליטר,false,0,10.80,5.40,true,1,
7290102392711,false,יוגורט לבן ביו 1.7% 200ג,טרה,IL,יוגורט ביאנקו,גרמים,200.00,100 גרם,false,0,4.00,2.00,true,1,
7290102393039,false,יוג.מולר מיקס פצפוצים150,טרה,IL,יוגורט מולר מיקס,גרמים,150.00,100 גרם,false,0,5.90,3.93,true,1,
7290102393060,false,יוג.מולר מיקס גליליות150,טרה,IL,יוגורט מולר מיקס,גרמים,150.00,100 גרם,false,0,5.90,3.93,true,1,
7290102393176,false,יוגורט+חתיכ.אפרסק3% 150ג,טרה,IL,יוגורט אפרסק,גרמים,150.00,100 גרם,false,0,4.90,3.27,true,1,
7290102393190,false,יוג.פירות יער+פרי3% 150ג,טרה,IL,יוגורט מולר,גרמים,150.00,100 גרם,false,0,4.90,3.27,true,1,
7290102393299,false,יוגורט עיזים לשתייה500גר,משק צוריאל תבור,IL,יוגורט עיזים,גרמים,500.00,100 גרם,false,0,12.70,2.54,true,1,
7290102393947,false,יוג.סימפלי פרוט קיוי150ג,טרה,IL,יוגורט מולר קיוי,גרמים,150.00,100 גרם,false,0,4.90,3.27,true,1,
7290102394845,false,גב.צהובה נעם דק דק9% 200,טרה,IL,גבינה צהובה דק9%,גרמים,200.00,100 גרם,false,0,16.30,8.15,true,1,
7290102395101,false,ממרח גבינה+שוק.מו16% 200,טרה,IL,ממרח גבינה מו,גרמים,200.00,100 גרם,false,0,8.90,4.45,true,1,
7290102395194,false,בייבי מוצרלה צוריאל 150ג,טרה,IL,בייבי מוצרלה,גרמים,150.00,100 גרם,false,0,15.90,10.60,true,1,
7290102395224,false,יוג.מולר נטורל1.7% 150*8,טרה,IL,יוגורט ביאנקו 8י,קילוגרמים,1.20,"ק""ג",false,0,18.50,15.42,true,1,
7290102395231,false,יוג.מולר נטורל2.8% 150*8,טרה,IL,יוגורט ביאנקו 8י,קילוגרמים,1.20,"ק""ג",false,0,18.50,15.42,true,1,
7290102395378,false,גבינה צהובה28%ואקום 360ג,טרה,IL,גבינה צהובה 28%,גרמים,360.00,100 גרם,false,0,19.90,5.53,true,1,
7290102395446,false,מו וניל וקצפת 123 גרם,טרה,IL,מו וניל וקצפת,גרמים,123.00,100 גרם,false,0,2.90,2.36,true,1,
7290102395477,false,מו שוקולד וקצפת 123 גרם,טרה,IL,מו שוקולד וקצפת,גרמים,123.00,100 גרם,false,0,2.90,2.36,true,1,
7290102396047,false,יוג.סימפלי אננס1.5% 150ג,טרה,IL,יוגורט אננס 1.5%,גרמים,150.00,100 גרם,false,0,4.90,3.27,true,1,
7290102396269,false,יוג.נטורל3% בננה תמר150ג,טרה,IL,יוגורט נטורל,גרמים,150.00,100 גרם,false,1,4.20,2.80,true,1,
7290102396382,false,צפתית עיזים מעודנת 200גר,משק צוריאל תבור,IL,צפתית עיזים 200ג,גרמים,200.00,100 גרם,false,0,20.70,10.35,true,1,
7290102396436,false,מעדן שוקולד מוו1.5% 125ג,טרה,IL,מעדן שוקולד,גרמים,125.00,100 גרם,false,0,2.90,2.32,true,1,
7290102396443,false,מעדן וניל מוו1.5% 125גרם,טרה,IL,מעדן וניל,גרמים,125.00,100 גרם,false,0,2.90,2.32,true,1,
7290102396474,false,יוג.פרופ מלון בננ.תמר150,טרה,IL,יוגורט פרופ פרי,גרמים,150.00,100 גרם,false,0,5.20,3.47,true,1,
7290102396665,false,גב.צהובה נעם דק 15% 200ג,טרה,IL,גבינה צהובה נעם,גרמים,200.00,100 גרם,false,1,15.70,7.85,true,1,
7290102396672,false,גב.צהובה נעם דק9% 360גרם,טרה,IL,גבינה צהובה נעם,גרמים,360.00,100 גרם,false,1,26.80,7.44,true,1,
7290102396719,false,יוגורט0% סימפלי תות 150ג,טרה,IL,יוגורט תות,גרמים,150.00,100 גרם,false,0,4.90,3.27,true,1,
7290102396726,false,יוגורט0%סימפלי אפרסק150ג,טרה,IL,יוגורט אפרסק,גרמים,150.00,100 גרם,false,0,4.90,3.27,true,1,
7290102396757,false,שוקו מוו קרטון 1 ליטר,טרה,IL,שוקו מוו בקרטון,ליטרים,1.00,ליטר,false,0,8.90,8.90,true,1,
7290102396948,false,חלב בקרטון 3% 1 ליטר,טרה,IL,חלב בקרטון 3% 1 ליטר,ליטרים,1.00,ליטר,false,1,5.75,5.75,true,1,
7290102396955,false,חלב 3% בקרטון 2 ליטר,טרה,IL,חלב 3% בקרטון 2 ליטר,ליטרים,2.00,ליטר,false,1,11.50,5.75,true,1,
7290102396979,false,יוגורט סימפלי אננס0% 150,טרה,IL,יוגורט אננס,גרמים,150.00,100 גרם,false,1,4.90,3.27,true,1,
7290102397150,false,משקה יוגsip.אפרסק/פספ250,טרה,IL,משקה יוגורט מולר,מיליליטרים,250.00,"100 מ""ל",false,1,5.40,2.16,true,1,
7290102397334,false,בולגרית גלילת 5% 250 גרם,משק צוריאל תבור,IL,בולגרית גלילית5%,גרמים,250.00,100 גרם,false,1,21.70,8.68,true,1,
7290102397532,false,גבינה לבנה 9% 250 גרם,טרה,IL,גבינה לבנה 9%,גרמים,250.00,100 גרם,false,1,4.60,1.84,true,1,
7290103126674,false,משחה קולגייט הרבל ג'ל100,קולגייט-פלמוליב,BR,משחת שיניים,מיליליטרים,100.00,"100 מ""ל",false,0,14.80,14.80,true,1,
7290103402815,false,אצבעות שוקולד+קרם חלב96ג,עלית,IL,אצבעות שוקולד,גרמים,96.00,100 גרם,false,0,8.10,8.44,true,1,
7290103402839,false,אצבעות שוקולד+עדשים96גרם,עלית,IL,אצבעות שוקולד,גרמים,96.00,100 גרם,false,0,8.10,8.44,true,1,
7290103403874,false,טבלת פסק זמן לבן 110 גרם,עלית,IL,טבלת פסק זמן,גרמים,110.00,100 גרם,false,0,8.90,8.09,true,1,
7290103403997,false,אנרג'י שייפ אגוז+שוק25*6,עלית,IL,חטיפי אנרג'י 6יח,גרמים,156.00,100 גרם,false,0,18.50,11.86,true,1,
7290103404017,false,"אנרג'י שייפ פירות ללת""ס",שטראוס,IL,חטיפי אנרג'י 6יח,גרמים,120.00,100 גרם,false,0,18.50,15.42,true,1,
7290103404024,false,"אנרג'י שייפ אגוז ללת""ס",שטראוס,IL,חטיפי אנרג'י 6יח,גרמים,120.00,100 גרם,false,0,18.50,15.42,true,1,
7290103407223,false,אצבעות שוק+סוכ.קופצות96ג,עלית,IL,אצבעות שוקולד,גרמים,96.00,100 גרם,false,0,8.10,8.44,true,1,
7290103407506,false,חטיף מקופלת XL חלב 33גרם,עלית,IL,חטיף מקופלת XL,גרמים,33.00,100 גרם,false,0,4.50,13.64,true,1,
7290103680022,false,"שיראז הר תבור 750 מ""ל",יקב תבור,IL,שיראז הר תבור,מיליליטרים,750.00,"100 מ""ל",false,0,39.90,5.32,true,1,
7290103680701,false,גוורצטרמינר הר תבור,יקב תבור,IL,יין גוורצטרמינר,מיליליטרים,750.00,"100 מ""ל",false,0,39.90,5.32,true,1,
7290104060403,false,מסטיק מאסט בזוקה ענבים28,עלית,IL,מסטיק מאסט בזוקה,גרמים,28.00,100 גרם,false,0,4.60,16.43,true,1,
7290104061219,false,רבע לשבע אגוזים 120 גרם,עלית,IL,רבע לשבע אגוז,גרמים,120.00,100 גרם,false,0,13.50,11.25,true,1,
7290104061417,false,חומוס עם טחינה אחלה 400ג,שטראוס,IL,חומוס טחינה אחלה,גרמים,400.00,100 גרם,false,0,11.90,2.98,true,1,
7290104061424,false,חומוס עם זעתר אחלה 400 ג,שטראוס,IL,חומוס זעתר אחלה,גרמים,400.00,100 גרם,false,0,11.90,2.98,true,1,
7290104061431,false,חומוס עם צנובר אחלה 400ג,שטראוס,IL,חומוס צנובר אחלה,גרמים,400.00,100 גרם,false,0,11.90,2.98,true,1,
7290104061448,false,חומוס עם חריף אחלה 400 ג,שטראוס,IL,חומוס חריף אחלה,גרמים,400.00,100 גרם,false,0,11.90,2.98,true,1,
7290104062599,false,גמדים תות בננה 100*8 גרם,שטראוס,IL,גמדים תות בננה,גרמים,800.00,100 גרם,false,0,18.90,2.36,true,1,
7290104062681,false,סוכריות מאסט פטל לימון80,עלית,PL,סוכריות מאסט,גרמים,80.00,100 גרם,false,0,8.50,10.63,true,1,
7290104064111,false,אנרג'י שייפ שוק.מריר 6יח,שטראוס,IL,חטיפי אנרג'י 6יח,גרמים,156.00,100 גרם,false,0,18.50,11.86,true,1,
7290104065187,false,קפה נמס מוקה 200 גרם,עלית,IL,קפה נמס מוקה,גרמים,200.00,100 גרם,false,0,26.90,13.45,true,1,
7290104066016,false,"מילקי טופ עדשים 170 מ""ל",שטראוס,IL,מילקי טופ עדשים,מיליליטרים,170.00,"100 מ""ל",false,0,5.00,2.94,true,1,
7290104067198,false,ספלנדיד מריר 70%תפוז100ג,עלית,IL,שוקולד ספלנדיד,גרמים,100.00,100 גרם,false,0,11.90,11.90,true,1,
7290104068539,false,מאסט LL מלון ואבטיח 28גר,עלית,IL,מסטיק מאסט,גרמים,28.00,100 גרם,false,0,4.60,16.43,true,1,
7290104068546,false,מסטיק מאסט פליפ קולה28גר,עלית,IL,מסטיק מאסט,גרמים,28.00,100 גרם,false,0,4.60,16.43,true,1,
7290104068676,false,תפוצ'יפס קידס 45 גרם,עלית,IL,תפוצ'יפס קידס,גרמים,45.00,100 גרם,false,0,3.20,7.11,true,1,
7290104500572,false,אפרופו איטליאנו 50 גרם,אסם,IL,אפרופו איטליאנו,גרמים,50.00,100 גרם,false,0,5.80,11.60,true,1,
7290104504228,false,מיני דובונים 20*5 גרם,אסם,IL,מיני דובונים 5יח,גרמים,100.00,100 גרם,false,0,14.70,14.70,true,1,
7290104506819,false,"קראנץ' רולס כשל""פ 370גרם",אסם,IL,"קראנץ רולס כשל""פ",גרמים,370.00,100 גרם,false,0,25.00,6.76,true,1,
7290104508943,false,במבה חטיף בוטנים 200 גרם,אסם,IL,במבה חטיף בוטנים,גרמים,200.00,100 גרם,false,0,9.10,4.55,true,1,
7290104570162,false,תמר כבוש500גרם,ששון,IL,תמר כבוש500גרם,גרמים,500.00,100 גרם,false,0,17.90,3.58,true,1,
7290104720499,false,דני וניל 125*8 גרם,שטראוס,IL,דני וניל 8 יח',קילוגרמים,1.00,"ק""ג",false,0,16.30,16.30,true,1,
7290104722509,false,רבע לשבע מריר 120 גרם,עלית,IL,רבע לשבע מריר,גרמים,120.00,100 גרם,false,0,13.50,11.25,true,1,
7290104723353,false,מארז קפה טורקי לדרך140גר,עלית,IL,מארז טורקי לדרך,גרמים,140.00,100 גרם,false,0,18.40,13.14,true,1,
7290104724190,false,גב.סימפוניה פימנטה5% 200,שטראוס,IL,גבינת סימפוניה,גרמים,200.00,100 גרם,false,1,10.00,5.00,true,1,
7290104726224,false,לימבו פטל 125 גרם,שטראוס,IL,לימבו פטל,גרמים,125.00,100 גרם,false,0,2.10,1.68,true,1,
7290104726712,false,מארז מילקי ט.שוקולד170*8,שטראוס,IL,מארז מילקי 8 יח',ליטרים,1.36,ליטר,false,0,21.20,15.59,true,1,
7290104728242,false,צ'יקו תחליף קפה 130 גרם,עלית,IL,צ'יקו תחליף קפה,גרמים,130.00,100 גרם,false,0,26.20,20.15,true,1,
7290104728747,false,החומוסיה של אבי חלק400ג,שטראוס,IL,החומוסיה של אבי,גרמים,400.00,100 גרם,false,0,11.90,2.98,true,1,
7290104729539,false,אנרג'י אגוזים+שוק.חלב6יח,שטראוס,IL,חטיפי אנרג'י,גרמים,180.00,100 גרם,false,0,18.50,10.28,true,1,
7290104960246,false,תחליב רח.נקה 7 ורוד 750,אמיליה קוסמטיקס,IL,תחליב רחצה נקה 7,מיליליטרים,750.00,"100 מ""ל",false,0,10.00,1.33,true,1,
7290104962110,false,"דאו.קרליין לנערות150מ""ל",קרליין,IL,ספריי נושם,מיליליטרים,150.00,"100 מ""ל",false,0,11.90,7.93,true,1,
7290105360328,false,קפסולות מס' 10 50 גרם,עלית,IL,קפסולות מס' 10,גרמים,50.00,100 גרם,false,0,14.90,29.80,true,1,
7290105360342,false,קפסולות מס' 8 50 גרם,עלית,IL,קפסולות מס' 8,גרמים,50.00,100 גרם,false,0,14.90,29.80,true,1,
7290105360878,false,תפוצ'יפס 50*4 גרם,שטראוס,IL,תפוצ'יפס 4 יח,גרמים,200.00,100 גרם,false,0,11.70,5.85,true,1,
7290105362339,false,שמנת לבישול15%מהדרין250,יטבתה,IL,שמנת לבישול 15%,מיליליטרים,250.00,"100 מ""ל",false,0,8.60,3.44,true,1,
7290105363602,false,כיף כף מקלות קלאסי 40 גר,עלית,IL,כיף כף מקלות,גרמים,40.00,100 גרם,false,0,5.00,12.50,true,1,
7290105364784,false,שוקולד ביסקוויט לבן 100ג,עלית,IL,שוקולד ביסקוויט,גרמים,100.00,100 גרם,false,0,6.40,6.40,true,1,
7290105366023,false,חציל בטעם כבד 400 גרם,שטראוס,IL,חציל בטעם כבד,גרמים,400.00,100 גרם,false,0,11.90,2.98,true,1,
7290105366054,false,טחינה עם פטרוזיליה 400גר,שטראוס,IL,טחינה+פטרוזיליה,גרמים,400.00,100 גרם,false,0,11.90,2.98,true,1,
7290105367297,false,יוגורט מ.מעודנת2% 150גר,שטראוס,IL,יוגורט דנונה 2%,גרמים,150.00,100 גרם,false,0,3.10,2.07,true,1,
7290105368331,false,"מילקי בטעם תות 170 מ""ל",שטראוס,IL,מילקי טעם תות,מיליליטרים,170.00,"100 מ""ל",false,0,2.80,1.65,true,1,
7290105368959,false,פונץ בננה+פקק מהדרין250מ,יטבתה,IL,משקה פונץ' בננה,מיליליטרים,250.00,"100 מ""ל",false,0,5.40,2.16,true,1,
7290105369147,false,שוק.ספלנדיד פירות יער100,שטראוס,IL,שוקולד ספלנדיד,גרמים,100.00,100 גרם,false,0,11.90,11.90,true,1,
7290105431516,false,חטיפי FREE תמר+בוטנים5יח,טבעית,IL,חטיפי FREE,גרמים,125.00,100 גרם,false,0,19.70,15.76,true,1,
7290105435989,false,"אייר פופס חטיף תפו""א40ג",דיאבטיקום,IL,אייר פופס,גרמים,40.00,100 גרם,false,0,5.50,13.75,true,1,
7290105436023,false,"איר פופס חט.תפו""א גריל40",דיאבטיקום,IL,אייר פופס,גרמים,40.00,100 גרם,false,0,5.50,13.75,true,1,
7290105439499,false,מיונז מאסטר שף 481 גרם,רמיה סי.וי.הולנד,NL,מיונז מאסטר שף,גרמים,481.00,100 גרם,false,1,10.90,2.27,true,1,
7290105439697,false,קולגייט טוטל קלין 75*2מל,קולגייט-פלמוליב,IL,משחת קולגייט,מיליליטרים,150.00,"100 מ""ל",false,1,24.90,16.60,true,1,
7290105474131,false,מעדן בונזו עוף וירקות170,PRODUCTS FOOD HIQ,TH,מעדן בונזו,גרמים,170.00,100 גרם,false,0,8.80,5.18,true,1,
7290105690715,false,מרק נמס תירס 27*2גרם,אסם,IL,מרק נמס תירס,גרמים,54.00,100 גרם,false,0,7.30,13.52,true,1,
7290105691248,false,קריספי טורטיה תירס 60 גר,"פרח תעשיות מזון בע""מ",IL,קריספי טורטיה,גרמים,60.00,100 גרם,false,0,8.10,13.50,true,1,
7290105691415,false,בייגלה שמיניות ללא גלוטן,אסם,IL,בייגלה שמיניות,גרמים,250.00,100 גרם,false,0,15.10,6.04,true,1,
7290105691934,false,"קמח שמרים 1 ק""ג",תחנת קמח המפרץ,IL,"קמח שמרים 1 ק""ג",קילוגרמים,1.00,"ק""ג",false,0,10.80,10.80,true,1,
7290105692771,false,תערובת להכנת לחמניות200ג,אסם,IL,תערובת ללחמניות,גרמים,200.00,100 גרם,false,0,11.60,5.80,true,1,
7290105693341,false,במבה 25*10 גרם,אסם,,במבה 10 יח,גרמים,250.00,100 גרם,false,0,17.60,7.04,true,1,
7290105693457,false,עוגת דמקה שוקו וניל320גר,אסם,IL,עוגת הבית,גרמים,320.00,100 גרם,false,0,13.40,4.19,true,1,
7290105694775,false,טריקס פירות דגני תירס480,ג'נרל מילס,US,טריקס בטעם פירות,גרמים,480.00,100 גרם,false,0,28.90,6.02,true,1,
7290105694928,false,מרק בצל רכיבים טבעיים220,אסם,IL,מרק בצל,גרמים,220.00,100 גרם,false,0,18.50,8.41,true,1,
7290105694966,false,סחוג אדום רפי כהן 150 גר,צבר,IL,סחוג אדום,גרמים,150.00,100 גרם,false,0,11.50,7.67,true,1,
7290105695321,false,עוגת בראוניס פאדג' 380 ג,אסם,IL,עוגת בראוניס,גרמים,380.00,100 גרם,false,0,18.30,4.82,true,1,
7290105961518,false,עוגת שוקו קרם טראפלס330ג,עלית,IL,עוגת שוקו,גרמים,330.00,100 גרם,false,0,17.30,5.24,true,1,
7290105961525,false,שוק.ספלנדיד מריר85% 100ג,שטראוס,IL,שוקולד ספלנדיד,גרמים,100.00,100 גרם,false,0,11.90,11.90,true,1,
7290105964755,false,בונ.ספלנדיד מיקס 216 גרם,שטראוס,IL,בונ.ספלנדיד מיקס,גרמים,216.00,100 גרם,false,0,29.60,13.70,true,1,
7290105964915,false,פופקורן טבעי 80 גרם,עלית,IL,פופקורן טבעי,גרמים,80.00,100 גרם,false,0,5.90,7.38,true,1,
7290105965530,false,בונבוניירה לב לבן קטן50ג,עלית,IL,בונבוניירה לב,גרמים,50.00,100 גרם,false,0,11.50,23.00,true,1,
7290105965738,false,דנונה לשתיה תות בננה267ג,שטראוס,IL,דנונה לשתיה,גרמים,267.00,100 גרם,false,0,5.30,1.99,true,1,
7290105968654,false,רביולי בטטה פרווה 400 גר,שטראוס,IL,רביולי בטטה 400ג,גרמים,400.00,100 גרם,false,0,15.90,3.98,true,1,
7290106504479,false,36 תחבושות אולוויז לילה,פרוקטר & גמבל,ES,תחבושות אולוויז,יחידה,1.00,יחידה,false,1,42.50,42.50,true,1,
7290106504790,false,פמפרס פרימיום מידה5 18*4,פרוקטר & גמבל,IL,רביעיית פמפרס,יחידה,1.00,יחידה,false,1,74.90,74.90,true,1,
7290106520066,false,רבע לשבע 160 גרם,עלית,IL,רבע לשבע 160 גרם,גרמים,160.00,100 גרם,false,0,13.50,8.44,true,1,
7290106520288,false,דנונה פרו תות 150 גרם,שטראוס,IL,דנונה פרו תות,גרמים,150.00,100 גרם,false,1,4.90,3.27,true,1,
7290106520363,false,דנונה לשתיה תות אננס267ג,שטראוס,IL,דנונה לשתיה,גרמים,267.00,100 גרם,false,1,5.30,1.99,true,1,
7290106520462,false,מילקי קייק 4 * 34 גרם,TSC,IT,מילקי קייק 4יח,גרמים,136.00,100 גרם,false,1,11.40,8.38,true,1,
7290106520813,false,תפוצ'יפס טבעי 50*6 גרם,שטראוס,IL,תפוצ'יפס 6 יח,גרמים,300.00,100 גרם,false,0,16.70,5.57,true,1,
7290106521650,false,מאגדת טעמי 40*4 גרם,עלית,IL,טעמי 4 יחידות,גרמים,160.00,100 גרם,false,0,14.10,8.81,true,1,
7290106524231,false,פריכיות ביס תות,,IL,פריכיות ביס תות,גרמים,25.00,100 גרם,false,0,4.50,18.00,true,1,
7290106525320,false,שוקולית לאפיה 500 גרם,עלית,IL,שוקולית לאפיה,גרמים,500.00,100 גרם,false,0,10.00,2.00,true,1,
7290106525689,false,ספלנדיד אגוז.לוז מריר110,שטראוס,IL,ספלנדיד אגוזי לו,גרמים,110.00,100 גרם,false,0,15.80,14.36,true,1,
7290106526327,false,"שמן זית כתית מעולה650מ""ל",יד מרדכי,IL,שמן זית,מיליליטרים,650.00,"100 מ""ל",false,0,32.90,5.06,true,1,
7290106527423,false,אקטיביה שזיף 1.5% 150*4ג,שטראוס,IL,מארז אקטיביה 4יח,גרמים,600.00,100 גרם,false,0,20.40,3.40,true,1,
7290106528864,false,מאסט פפרמינט ממולא25גרם,עלית,IL,מסטיק מאסט,גרמים,25.00,100 גרם,false,1,5.30,21.20,true,1,
7290106570023,false,שטוחים שומשום 250 גרם כש,אסם,IL,"שטוחים כשל""פ",גרמים,250.00,100 גרם,false,0,15.00,6.00,true,1,
7290106570153,false,"לטקס לביבות תפו""א",אסם,IL,לטקס,גרמים,170.00,100 גרם,false,0,13.90,8.18,true,1,
7290106570177,false,בייגלה שטוחים מלח 250 גר,אסם,IL,"שטוחים כשל""פ",גרמים,250.00,100 גרם,false,0,15.00,6.00,true,1,
7290106571662,false,"שקדי מרק טבעות כשל""פ100ג",אסם,IL,"שקדי מרק כשל""פ",גרמים,100.00,100 גרם,false,0,8.00,8.00,true,1,
7290106571921,false,עוגיות חמוציות פיטנס180ג,אסם,IL,עוגיות פיטנס,גרמים,180.00,100 גרם,false,0,12.90,7.17,true,1,
7290106572027,false,לחמית חמישה דגנים 190גרם,אסם,IL,לחמית 5 דגנים,גרמים,190.00,100 גרם,false,0,9.90,5.21,true,1,
7290106572614,false,דובונים פיצה 40 גרם,אסם,IL,דובונים פיצה,גרמים,40.00,100 גרם,false,0,4.90,12.25,true,1,
7290106572652,false,דובונים גן חיות 40 גרם,אסם,IL,דובונים גן חיות,גרמים,40.00,100 גרם,false,0,4.90,12.25,true,1,
7290106572997,false,"קמח שמרים לפיצה 1 ק""ג",תחנת קמח המפרץ,IL,קמח שמרים לפיצה,קילוגרמים,1.00,"ק""ג",false,0,10.80,10.80,true,1,
7290106573024,false,סירופ אננס דיאט 1 ליטר,בית השיטה,IL,סירופ אננס דיאט,ליטרים,1.00,ליטר,false,0,11.30,11.30,true,1,
7290106573277,false,חט.קריספי טאפאס זיתים150,אסם,IL,חטיפי קריספי,גרמים,150.00,100 גרם,false,0,8.90,5.93,true,1,
7290106573574,false,חומוס ירושלמי צבר 400גרם,צבר,IL,חומוס צבר,גרמים,400.00,100 גרם,false,0,12.60,3.15,true,1,
7290106573628,false,חומוס עם טחינה צבר 400גר,צבר,IL,חומוס עם טחינה,גרמים,400.00,100 גרם,false,0,11.90,2.98,true,1,
7290106573642,false,חומוס צנובר צבר 400 גרם,צבר,IL,חומוס צנובר,גרמים,400.00,100 גרם,false,0,12.80,3.20,true,1,
7290106574793,false,עוגת שוקו שוקוצ'יפס350ג,אסם,IL,עוגת הבית,גרמים,350.00,100 גרם,false,0,13.40,3.83,true,1,
7290106574977,false,בייגלה שטוחים מלח300גרם,אסם,IL,בייגלה שטוחים,גרמים,300.00,100 גרם,false,0,11.90,3.97,true,1,
7290106575943,false,אבקה להכנת קניידלך140ג,אסם,IL,קניידלך,גרמים,140.00,100 גרם,false,0,10.20,7.29,true,1,
7290106576209,false,ביסלי אקסטרים מעושן 70 ג,אסם,IL,ביסלי אקסטרים,גרמים,70.00,100 גרם,false,0,4.80,6.86,true,1,
7290106576513,false,חומוס צבר 400 גרם,צבר,IL,חומוס צבר,גרמים,400.00,100 גרם,false,0,10.50,2.63,true,1,
7290106576797,false,"לה קרמריהצמחי וניל כשל""פ",נסטלה,IL,"לה קרמריה כשל""פ",ליטרים,1.40,ליטר,false,0,23.00,16.43,true,1,
7290106576810,false,"לה קרמריהצמחי ריבת כשל""פ",נסטלה,IL,"לה קרמריה צמחי,",ליטרים,1.40,ליטר,false,0,23.00,16.43,true,1,
7290106576834,false,לה קרמריה פונש בננה כשלפ,נסטלה,IL,"לה קרמריה כשל""פ",ליטרים,1.40,ליטר,false,0,23.00,16.43,true,1,
7290106576858,false,"לה קרמריה תותים כשל""פ",נסטלה,IL,"לה קרמריה כשל""פ",ליטרים,1.40,ליטר,false,0,23.00,16.43,true,1,
7290106576896,false,לה קרמריה וניל קוק. כשלפ,נסטלה,IL,"לה קרמריה כשל""פ",ליטרים,1.40,ליטר,false,0,23.00,16.43,true,1,
7290106576919,false,"לה קרמריה סורבה כשל""פ",נסטלה,IL,"לח קרמריה כשל""פ",ליטרים,1.40,ליטר,false,0,23.00,16.43,true,1,
7290106576926,false,לה קרמריה שוקו וניל לייט,נסטלה,IL,לה קרמריה לייט,ליטרים,1.40,ליטר,false,0,23.00,16.43,true,1,
7290106576971,false,לה קרמריה צמחי שוק כשלפ,נסטלה,IL,"לה קרמריה כשל""פ",ליטרים,1.40,ליטר,false,0,23.00,16.43,true,1,
7290106576995,false,לה קרמריה תות מנגו לייט,נסטלה,IL,לה קרמריה לייט,ליטרים,1.40,ליטר,false,0,23.00,16.43,true,1,
7290106577039,false,"לה קרמריה וניל+שוק כשל""פ",נסטלה,IL,"לא קרמריה כשל""פ",ליטרים,1.40,ליטר,false,0,23.00,16.43,true,1,
7290106577282,false,טחינה צבר מרובע 400 גרם,צבר,IL,טחינה צבר,גרמים,400.00,100 גרם,false,0,13.60,3.40,true,1,
7290106577480,false,חציל על האש בטחינה400גר,צבר,IL,חציל על האש צבר,גרמים,400.00,100 גרם,false,0,15.40,3.85,true,1,
7290106577541,false,כרוב אדום מרובע צבר400ג,צבר,IL,כרוב אדום צבר,גרמים,400.00,100 גרם,false,0,12.80,3.20,true,1,
7290106578821,false,עוגת שמרים שוקולד 350גרם,אסם,IL,עוגת שמרים,גרמים,350.00,100 גרם,false,0,18.50,5.29,true,1,
7290106579132,false,פרפקטו ספירלי טריו 450 ג,זארה,IT,ספירלי טריו,גרמים,450.00,100 גרם,false,0,8.50,1.89,true,1,
7290106579156,false,פרפקטו פארפאלה 450 גרם,זארה,IT,פרפקטו פארפאלה,גרמים,450.00,100 גרם,false,0,8.80,1.96,true,1,
7290106579231,false,עוגיות תפוז פיטנס 180גרם,אסם,IL,עוגיות פיטנס,גרמים,180.00,100 גרם,false,0,12.90,7.17,true,1,
7290106651296,false,פריכיות אנרג'י,,IL,פריכיות אנרג'י,גרמים,25.00,100 גרם,false,0,4.50,18.00,true,1,
7290106652484,false,בפלות שוקולד קרנאץ 300גר,עלית,IL,בפלות קראנץ,גרמים,300.00,100 גרם,false,0,6.90,2.30,true,1,
7290106652491,false,בפלות לימון קראנץ 300גר,עלית,IL,בפלות קראנץ,גרמים,300.00,100 גרם,false,0,6.90,2.30,true,1,
7290106652514,false,בפלות וניל קראנץ 300 גרם,עלית,IL,בפלות קראנץ,גרמים,300.00,100 גרם,false,0,6.90,2.30,true,1,
7290106653191,false,פיתה קראנצ' טבעי300 גרם,עלית,IL,פיתה קראנצ',גרמים,300.00,100 גרם,false,0,10.90,3.63,true,1,
7290106654099,false,מילקי קייק 34*8 גרם,שטראוס,IL,מילקי קייק 8 יח',גרמים,272.00,100 גרם,false,1,20.90,7.68,true,1,
7290106654235,false,טופי בטעם בזוקה 290 גרם,עלית,IL,טופי בזוקה,גרמים,290.00,100 גרם,false,0,10.90,3.76,true,1,
7290106654969,false,חומוס כפרי אחלה750גרם,שטראוס,IL,חומוס כפרי אחלה,גרמים,750.00,100 גרם,false,0,13.90,1.85,true,1,
7290106656512,false,בפלות טורטית 360 גרם,עלית,IL,בפלות טורטית,גרמים,360.00,100 גרם,false,0,17.70,4.92,true,1,
7290106656543,false,קפה באלאנס לתחושת שוב180,עלית,IL,קפה באלאנס,גרמים,180.00,100 גרם,false,0,28.80,16.00,true,1,
7290106656727,false,חיוכים שוקולד 600 גרם,עלית,IL,חיוכים שוקולד,גרמים,600.00,100 גרם,false,0,18.70,3.12,true,1,
7290106657137,false,תפוציפס אקסטרא טבעי200ג,שטראוס,IL,תפוצ'יפס אקסטרא,גרמים,200.00,100 גרם,false,0,7.90,3.95,true,1,
7290106657953,false,אקטיביה תות 1.5% 150*4 ג,שטראוס,IL,מארז אקטיביה 4יח,גרמים,600.00,100 גרם,false,0,20.40,3.40,true,1,
7290106661271,false,מיני אנרג'י מצופה 180גרם,שטראוס,IL,מיני אנרג'י,גרמים,180.00,100 גרם,false,0,16.50,9.17,true,1,
7290106661844,false,מילקי קייק קוקוס 34 גרם,שטראוס,IL,מילקי קייק,גרמים,34.00,100 גרם,false,1,3.10,9.12,true,1,
7290106661875,false,גב.סקי פאי לימון3% 125גר,שטראוס,IL,סקי מעדן גבינה,גרמים,125.00,100 גרם,false,1,3.70,2.96,true,1,
7290106662384,false,בונ.איחולים מתוקים 42גרם,עלית,IL,בונ.איחולים מתוק,גרמים,42.00,100 גרם,false,0,10.80,25.71,true,1,
7290106662582,false,JOYמעד.שוקו מריר3.9% 130,שטראוס,IL,JOY מעדן שוקולד,גרמים,130.00,100 גרם,false,1,3.40,2.62,true,1,
7290106662896,false,חטיפי שוקו.חלב+דגנים100ג,שטראוס,IL,חטיפי אנרג'י 4יח,גרמים,100.00,100 גרם,false,1,14.90,14.90,true,1,
7290106662971,false,סוכריות ג'לית 80 גרם,עלית,IL,סוכריות ג'לית,גרמים,80.00,100 גרם,false,1,6.40,8.00,true,1,
7290106663121,false,מילקי קייק 34 גרם,TSC,IT,מילקי קייק,גרמים,34.00,100 גרם,false,1,3.10,9.12,true,1,
7290106663374,false,סוכ.גומי פלצת פנים 80גרם,טופגאם,IL,סוכריות גומי,גרמים,80.00,100 גרם,false,1,5.90,7.38,true,1,
7290106663381,false,סוכריות גומי לב אפרסק80ג,טופגאם,IL,סוכריות גומי,גרמים,80.00,100 גרם,false,1,5.90,7.38,true,1,
7290106663398,false,סוכ.גומי מיקס חמוץ 200ג,עלית,IL,סוכריות גומי,גרמים,200.00,100 גרם,false,1,10.90,5.45,true,1,
7290106663527,false,קונפיטורה משמש לייט250ג,יד מרדכי,IL,קונפיטורה משמש,גרמים,230.00,100 גרם,false,0,14.90,6.48,true,1,
7290106663534,false,"רוטב מנגו קארי 280 מ""ל",בית אל מזון,IL,רוטב מנגו קארי,מיליליטרים,280.00,"100 מ""ל",false,1,15.80,5.64,true,1,
7290106663558,false,"רוטב טריאקי רימון 280מ""ל",בית אל מזון,IL,רוטב טריאקי,מיליליטרים,280.00,"100 מ""ל",false,1,15.80,5.64,true,1,
7290106663718,false,צ'יטוס זיגזג 55 גרם,עלית,IL,צ'יטוס זיגזג,גרמים,55.00,100 גרם,false,0,3.60,6.55,true,1,
7290106666122,false,פריכיות מיני פיצה 45גרם,עלית,IL,פריכיות מיני,גרמים,45.00,100 גרם,false,1,7.00,15.56,true,1,
7290106666139,false,פריכיות מיני ביס בצל 45ג,עלית,IL,פריכיות מיני,גרמים,45.00,100 גרם,false,1,7.00,15.56,true,1,
7290106667952,false,עוגות אישיות מגולגלת 4יח,עלית,IL,עוגות אישיות 4יח,גרמים,140.00,100 גרם,false,1,10.90,7.79,true,1,
7290106668010,false,בפלות מוקצף 800 גרם,שטראוס,IL,בפלות מוקצף,גרמים,800.00,100 גרם,false,1,21.90,2.74,true,1,
7290106720039,false,מאסט ספירמינט ממולא25גרם,עלית,IL,מסטיק מאסט,גרמים,25.00,100 גרם,false,1,5.30,21.20,true,1,
7290106721234,false,בונ.איחולים מתוקים126גרם,עלית,IL,בונבונ.איחולים,גרמים,126.00,100 גרם,false,0,27.70,21.98,true,1,
7290106721531,false,דוריטוס חמוץ מתוק 70 גרם,עלית,IL,דוריטוס חמוץ,גרמים,70.00,100 גרם,false,0,3.90,5.57,true,1,
7290106721906,false,מסטיק בזוקה צ'יקלט 66גרם,עלית,IL,מסטיק בזוקה,גרמים,66.00,100 גרם,false,1,10.90,16.52,true,1,
7290106721920,false,מסטיק ספירמינט צ'יקלט66ג,עלית,IL,מסטיק ספירמינט,גרמים,66.00,100 גרם,false,1,10.90,16.52,true,1,
7290106721937,false,סוכ.גומי בננה מסוכר80גרם,טופגאם,IL,סוכריות גומי,גרמים,80.00,100 גרם,false,1,5.90,7.38,true,1,
7290106721944,false,סוכ.גומי נחש מוברק80גרם,טופגאם,IL,סוכריות גומי,גרמים,80.00,100 גרם,false,1,5.90,7.38,true,1,
7290106722057,false,באגט קראנצ זיתים עגבנ300,עלית,IL,באגט קראנצ זיתים,גרמים,300.00,100 גרם,false,1,10.90,3.63,true,1,
7290106722095,false,באגט קראנצ שום 300 גרם,עלית,IL,באגט קראנצ שום,גרמים,300.00,100 גרם,false,0,10.90,3.63,true,1,
7290106722101,false,באגט קראנצ טבעי 300 גרם,עלית,IL,באגט קראנצ טבעי,גרמים,300.00,100 גרם,false,0,10.90,3.63,true,1,
7290106723597,false,בפלות כדורי שוק.קוקוס350,עלית,IL,בפלות כדורי שוקו,גרמים,350.00,100 גרם,false,1,16.20,4.63,true,1,
7290106725430,false,מסטיק קוב.אננס הדרים63ג,עלית,IL,מסטיק קוביות,גרמים,63.00,100 גרם,false,1,12.80,20.32,true,1,
7290106726161,false,דנונה פרו אפרסק2.4% 150ג,שטראוס,IL,דנונה פרו אפרסק,גרמים,150.00,100 גרם,false,1,4.90,3.27,true,1,
7290106726178,false,דנונה פרו פירות יער150ג,שטראוס,IL,דנונה פרו פ.יער,גרמים,150.00,100 גרם,false,1,4.90,3.27,true,1,
7290106726796,false,דנונה בר עדשים 180 גרם,שטראוס,IL,דנונה בר עדשים,גרמים,180.00,100 גרם,false,1,4.50,2.50,true,1,
7290106727045,false,דנונה פרו אננס2.4% 150ג,שטראוס,IL,דנונה פרו אננס,גרמים,150.00,100 גרם,false,1,4.90,3.27,true,1,
7290106728127,false,חלב טבעי בקבוק3.6% 1ליטר,יטבתה,IL,חלב טבעי בקבוק,ליטרים,1.00,ליטר,false,1,7.80,7.80,true,1,
7290106728288,false,סקי עוגת גבינה+תות 125ג,שטראוס,IL,סקי מעדן גבינה,גרמים,125.00,100 גרם,false,1,3.70,2.96,true,1,
7290106728721,false,מילקי שוקולד ואגוזים133ג,שטראוס,IL,מילקי טעם שוקולד,גרמים,133.00,100 גרם,false,1,2.80,2.11,true,1,
7290106728820,false,מארז קפה נמס+מקציף 200גר,שטראוס,IL,מארז קפה נמס,גרמים,200.00,100 גרם,false,1,20.90,10.45,true,1,
7290106729797,false,פרופיטרול גו'י 500 גרם,שטראוס,IL,פרופיטרול JOY,גרמים,500.00,100 גרם,false,1,27.90,5.58,true,1,
7290107280020,false,מטליות לחות מארז,,IL,מטליות לחות מארז,יחידה,1.00,יחידה,false,0,22.90,22.90,true,1,
7290107280129,false,סושי 20שקיות אשפה XXL,סנו,IL,סושי 20שקיות אשפה XXL,יחידה,1.00,יחידה,false,1,29.60,29.60,true,1,
7290107280167,false,תחליב רחצה קרמה וניל750מ,קוסמופארם,IL,תחליב רחצה קרמה,מיליליטרים,750.00,"100 מ""ל",false,0,15.90,2.12,true,1,
7290107280396,false,מתז ג'ט למטבח,,IL,מתז ג'ט למטבח,מיליליטרים,750.00,"100 מ""ל",false,0,11.90,1.59,true,1,
7290107280488,false,סנובון WAVE פרחים 45גר,סנו,IL,סנובון WAVE,גרמים,45.00,100 גרם,false,0,10.20,22.67,true,1,
7290107280495,false,סנובון WAVE לימון 45גר,סנו,IL,סנובון WAVE,גרמים,45.00,100 גרם,false,0,10.20,22.67,true,1,
7290107280501,false,סנובון WAVE אורנים 45גר,סנו,PL,סנובון WAVE,גרמים,45.00,100 גרם,false,0,10.20,22.67,true,1,
7290107280570,false,ג'ל כביסה,,IL,ג'ל כביסה,ליטרים,3.00,ליטר,false,0,26.90,8.97,true,1,
7290107280709,false,ספארק נוזל הברקה 700מל,סנו,IL,נוזל הברקה למדיח,מיליליטרים,700.00,"100 מ""ל",false,1,15.90,2.27,true,1,
7290107280747,false,"נוזל לכלים קלאסי 700מ""ל",סנו,IL,נוזל לכלים קלאסי,מיליליטרים,700.00,"100 מ""ל",false,0,7.90,1.13,true,1,
7290107280761,false,ספארק לכלים לימון+משאבה,סנו,IL,נוזל כלים לימון,ליטרים,1.00,ליטר,false,0,13.80,13.80,true,1,
7290107536042,false,מארז גיפט קארד מרובע ניי,.,IL,מארז גיפטקארד,יחידה,1.00,יחידה,false,1,4.00,4.00,true,1,
7290107641098,false,פינוק 2ב1 קשקשים 700 מל,יוניליוור,IL,שמפו פינוק,מיליליטרים,700.00,"100 מ""ל",false,1,10.00,1.43,true,1,
7290107641654,false,דליתות 400 גרם,יוניליוור,IL,דליתות,גרמים,400.00,100 גרם,false,1,22.70,5.68,true,1,
7290107642453,false,סוכריות טופי קליק 60 גרם,טיאט,TR,סוכריות טופי,גרמים,60.00,100 גרם,false,1,6.40,10.67,true,1,
7290107870429,false,"רוטב בסיס לבישול 580 מ""ל",אסם,IL,רוטב בסיס לבישול,מיליליטרים,580.00,"100 מ""ל",false,0,18.70,3.22,true,1,
7290107870641,false,גלידת סמרטיס נסטלה 900מל,נסטלה,IL,גלידת סמרטיס נסט,מיליליטרים,900.00,"100 מ""ל",false,0,22.90,2.54,true,1,
7290107871297,false,פריכונים מיני עש.תיבול25,"פרח תעשיות מזון בע""מ",IL,פריכונים מיני,גרמים,25.00,100 גרם,false,0,4.50,18.00,true,1,
7290107871990,false,פסטה צינורות 500 גרם,זארה,IT,פסטה צינורות,גרמים,500.00,100 גרם,false,0,6.20,1.24,true,1,
7290107872188,false,רוטב עגבניות לספגטי420ג,אסם,IL,רוטב עגבניות,גרמים,420.00,100 גרם,false,0,10.00,2.38,true,1,
7290107872805,false,רוטב עגבניות לפסטה 420ג,אסם,IL,רוטב עגבניות,גרמים,420.00,100 גרם,false,1,10.00,2.38,true,1,
7290107873864,false,"ספירלי אורז כשל""פ 250גרם",טאי רזידנט,TH,ספירלי אורז,גרמים,250.00,100 גרם,false,0,6.80,2.72,true,1,
7290107874366,false,ביסלי נאצ'וס חמוץ חריף50,דוגוס,TR,ביסלי נאצ'וס,גרמים,50.00,100 גרם,false,1,3.50,7.00,true,1,
7290107874427,false,פריכונים מיני זעתר 25גרם,"פרח תעשיות מזון בע""מ",IL,פריכונים מיני,גרמים,25.00,100 גרם,false,0,4.50,18.00,true,1,
7290107874700,false,ביסלי נאצ'וס אקסט.צ'יז50,דוגוס,TR,ביסלי נאצ'וס,גרמים,50.00,100 גרם,false,1,3.50,7.00,true,1,
7290107875912,false,מנה חמה פסטה עגבניות62ג,אסם,IL,מנה חמה,גרמים,62.00,100 גרם,false,1,7.50,12.10,true,1,
7290107876032,false,שקדי מרק ואטריות 400 גרם,אסם,IL,שקדי מרק ואטריות,גרמים,400.00,100 גרם,false,1,13.90,3.48,true,1,
7290107876650,false,מלפפונים במלח 7-9 670גרם,בית השיטה,IL,מלפפונים במלח,גרמים,670.00,100 גרם,false,1,7.10,1.06,true,1,
7290107876803,false,זיתים חרוזית 560 גרם,בית השיטה,IL,זיתים חרוזית,גרמים,560.00,100 גרם,false,1,9.90,1.77,true,1,
7290107876841,false,זיתים ירוקים טעם שום560ג,בית השיטה,IL,זיתים טעם שום,גרמים,560.00,100 גרם,false,1,11.70,2.09,true,1,
7290107876933,false,פריכונים 3דגנים שום 23גר,אסם,IL,פריכונים 3 דגנים,גרמים,23.00,100 גרם,false,1,4.50,19.57,true,1,
7290107877169,false,חטיפי קרקר ללא גלוטן 150,אסם,IL,חטיפי קרקר,גרמים,150.00,100 גרם,false,1,9.90,6.60,true,1,
7290107877619,false,במבה מילוי קרם נוגט30*5ג,אסם,IL,במבה נוגט 5 יח,גרמים,150.00,100 גרם,false,1,14.50,9.67,true,1,
7290107877961,false,פרפקטו ספגטי 600 גרם,פסטה זארה,IT,פרפקטו ספגטי,גרמים,600.00,100 גרם,false,1,8.50,1.42,true,1,
7290107877992,false,פרפקטו ספירלי 600 גרם,פסטה זארה,IT,פרפקטו ספירלי,גרמים,600.00,100 גרם,false,1,8.50,1.42,true,1,
7290107878074,false,פייבר וואן שקד+אגוז489גר,ג'נרל מילס,US,דגנים פייבר וואן,גרמים,489.00,100 גרם,false,1,27.50,5.62,true,1,
7290107878456,false,מאגדת ג'ויה פיסטוק קוקוס,נסטלה,IL,מאגדת ג'ויה,יחידה,1.00,יחידה,false,1,31.90,31.90,true,1,
7290107878470,false,מאגדת ג'ויה חלבה ופיסטוק,נסטלה,IL,מאגדת ג'ויה,גרמים,220.00,100 גרם,false,1,31.90,14.50,true,1,
7290107878609,false,פסטה דינוזאורים 350 גרם,לנסי,IT,פסטה דינוזאורים,גרמים,350.00,100 גרם,false,1,6.20,1.77,true,1,
7290107878845,false,עוגת שוק.ציפוי אגוזים320,אסם,IL,עוגת שוקולד הבית,גרמים,380.00,100 גרם,false,1,13.40,3.53,true,1,
7290107878869,false,עוגת שוקולד דאבל ציפס340,אסם,IL,עוגת שוקולד הבית,גרמים,340.00,100 גרם,false,1,13.40,3.94,true,1,
7290107878920,false,קוקטייל זיתים 560 גרם,בית השיטה,IL,קוקטייל זיתים,גרמים,560.00,100 גרם,false,1,11.70,2.09,true,1,
7290107879200,false,"קינוחי כוסות וניל כשל""פ",אסם,IL,קינוחי כוסות,גרמים,185.00,100 גרם,false,1,12.80,6.92,true,1,
7290107930116,false,מילקי מוס 81 גרם,שטראוס,IL,מילקי מוס,גרמים,81.00,100 גרם,false,1,3.70,4.57,true,1,
7290107930963,false,שוק.פרה חלב אוריגמי 100ג,שטראוס,IL,שוקולד פרה,גרמים,100.00,100 גרם,false,1,6.00,6.00,true,1,
7290107931847,false,קפה טורקי קלייה בהירה100,שטראוס,IL,קפה טורקי,גרמים,100.00,100 גרם,false,1,9.40,9.40,true,1,
7290107931854,false,קפה טורקי קלייה איטית100,שטראוס,IL,קפה טורקי,גרמים,100.00,100 גרם,false,1,9.40,9.40,true,1,
7290107932080,false,חלב מועשר3% בקבוק 1ליטר,יטבתה,IL,חלב מועשר 3%,ליטרים,1.00,ליטר,false,1,7.80,7.80,true,1,
7290107932264,false,בזוקה קוביות ממולא25גרם,שטראוס,IL,מסטיק בזוקה,גרמים,25.00,100 גרם,false,1,5.30,21.20,true,1,
7290107932387,false,סוכ.גומי מיקס מבריק200ג,עלית,IL,סוכריות גומי,גרמים,200.00,100 גרם,false,1,10.90,5.45,true,1,
7290107932394,false,סוכ.גומי מיקס מסוכר200גר,עלית,IL,סוכריות גומי,גרמים,200.00,100 גרם,false,1,10.90,5.45,true,1,
7290107932783,false,סוכ.גוג'י ברי אסאי 80גרם,טופגאם,IL,סוכריות מאסט,גרמים,80.00,100 גרם,false,1,8.50,10.63,true,1,
7290107933315,false,חלב דל לקטוז בקבוק2% 1ל,יטבתה,IL,חלבדל לקטוז 2%,ליטרים,1.00,ליטר,false,1,7.80,7.80,true,1,
7290107933520,false,פלאן קרמל קינוח.השמנת500,יטבתה,IL,פלאן קרמל-קינוח,מיליליטרים,500.00,"100 מ""ל",false,1,12.90,2.58,true,1,
7290107933537,false,קרם ברולה קינוח.השמנת500,יטבתה,IL,קרם ברולה-קינוח,מיליליטרים,500.00,"100 מ""ל",false,1,12.90,2.58,true,1,
7290107933544,false,פנקוטה קינוחי השמנת500ג,יטבתה,IL,פנקוטה-קינוח,גרמים,500.00,100 גרם,false,1,12.90,2.58,true,1,
7290107933612,false,מילקשייק תותים ושמנת300מ,שטראוס,IL,מילקשייק,מיליליטרים,300.00,"100 מ""ל",false,1,6.80,2.27,true,1,
7290107933629,false,מילקשייק בננה פאדג 300מל,שטראוס,IL,מילקשייק בננה,מיליליטרים,300.00,"100 מ""ל",false,1,6.80,2.27,true,1,
7290107933643,false,משקה חלב+דגנים ובננה250מ,יטבתה,IL,משקה חלב+דגנים,מיליליטרים,250.00,"100 מ""ל",false,1,5.00,2.00,true,1,
7290107933650,false,משקה חלב+דגנים ותות250מ,יטבתה,IL,משקה חלב+דגנים,מיליליטרים,250.00,"100 מ""ל",false,1,5.00,2.00,true,1,
7290107934367,false,דנונה אקטיביה 0% 150*4מל,שטראוס,IL,אקטביה 0% 4 יח',מיליליטרים,600.00,"100 מ""ל",false,1,12.60,2.10,true,1,
7290107934480,false,דנונה אקטיביה 3% 150*8מ,שטראוס,IL,אקטביה 3% 8 יח,ליטרים,1.20,ליטר,false,1,22.90,19.08,true,1,
7290107934497,false,דנונה אקטיביה1.5% 150*4מ,שטראוס,IL,אקטביה1.5% 4 יח,מיליליטרים,600.00,"100 מ""ל",false,1,12.60,2.10,true,1,
7290107934503,false,דנונה אקטיביה 3% 150*4מל,שטראוס,IL,אקטביה 3% 4 יח,מיליליטרים,600.00,"100 מ""ל",false,1,12.60,2.10,true,1,
7290107936002,false,עד חצות מריר קוקוס 190גר,שטראוס,IL,עד חצות,גרמים,190.00,100 גרם,false,1,14.90,7.84,true,1,
7290107936262,false,דנונה בר בננה+פצפוצים173,שטראוס,IL,דנונה בר בננה,גרמים,173.00,100 גרם,false,1,4.50,2.60,true,1,
7290107937054,false,טרמיסו גו'י 500 גרם,שטראוס,IL,טרמיסו JOY,גרמים,500.00,100 גרם,false,1,27.90,5.58,true,1,
7290107970266,false,פירורי לחם גריסיני300גרם,אפיפית,IL,פירורי לחם גריסי,גרמים,300.00,100 גרם,false,1,8.40,2.80,true,1,
7290107970303,false,תערובת ללחם עם גרעינים1ק,פלאקטורפר מולה,DE,תערובת ללחם,קילוגרמים,1.00,"ק""ג",false,1,11.90,11.90,true,1,
7290107970310,false,"תערובת ללחם שיפון 1 ק""ג",פלאקטורפר מולה,DE,תערובת ללחם שיפו,קילוגרמים,1.00,"ק""ג",false,1,11.90,11.90,true,1,
7290108200188,false,גולד ג'ל מסיר כתמים 940,רקיט בנקיזר,IT,וניש גולד ג'ל,מיליליטרים,940.00,"100 מ""ל",false,1,14.90,1.59,true,1,
7290108200195,false,גולד ג'ל לכב.לבנה 940 מל,רקיט בנקיזר,IT,וניש גולד ג'ל,מיליליטרים,940.00,"100 מ""ל",false,1,14.90,1.59,true,1,
7290108350128,false,40שק.אשפה חזקות אקסטרה,סנו,IL,שקיות אשפה,יחידה,1.00,יחידה,false,1,29.60,29.60,true,1,
7290108350173,false,אקו מגבות נייר 8 גלילים,סנו,IL,אקו מגבות נייר,מטרים,84.00,מטר,false,1,12.90,0.15,true,1,
7290108350210,false,30שקיות אשפה חזקות75*65ס,סנו,IL,שקיות אשפה חזקות,יחידה,1.00,יחידה,false,1,24.90,24.90,true,1,
7290108350258,false,נייר טואלט סנו סופט 12גל,סנו,IL,נייר טואלט סופט,מטרים,662.00,100 מטר,false,1,26.90,4.06,true,1,
7290108350531,false,ספארק לכלים קלאסי+משאבה,סנו,IL,ספארק לכלים,ליטרים,1.00,ליטר,false,1,13.80,13.80,true,1,
7290108350555,false,ספארק לכלים לע.רגיש+משאב,סנו,IL,ספארק לכלים,ליטרים,1.00,ליטר,false,1,13.80,13.80,true,1,
7290108355000,false,שמפו נקה 7 מיניונים 750,אמיליה קוסמטיקס,IL,שמפו נקה7,מיליליטרים,750.00,"100 מ""ל",false,1,14.90,1.99,true,1,
7290108355017,false,מרכך נקה 7 מיניונים750מ,אמיליה קוסמטיקס,IL,מרכך שיער נקה 7,מיליליטרים,750.00,"100 מ""ל",false,1,14.90,1.99,true,1,
7290108355024,false,שמפו+מרכך נקה7מיניוני750,אמיליה קוסמטיקס,IL,שמפו +מרכך נקה7,מיליליטרים,750.00,"100 מ""ל",false,1,14.90,1.99,true,1,
7290109350004,false,קרקר עדשים כתומות 150גרם,אסם,IL,קרקר עדשים כתום,גרמים,150.00,100 גרם,false,1,9.90,6.60,true,1,
7290109350257,false,עוג.שוקו שוקוצ'יפס225ג,אסם,IL,עוגיות מיני שוקו,גרמים,225.00,100 גרם,false,1,11.60,5.16,true,1,
7290109350592,false,מאגדת סמרטיז פופאפ 250גר,נסטלה,IL,מאגדת סמרטיז,יחידה,1.00,יחידה,false,1,29.90,29.90,true,1,
7290109351025,false,חומוסטחינה צבר 400 גרם,צבר,IL,חומוסטחינה צבר,גרמים,400.00,100 גרם,false,1,14.90,3.73,true,1,
7296058000526,false,פרכיות כוסמת,,IL,פרכיות כוסמת,גרמים,130.00,100 גרם,false,0,9.80,7.54,true,1,
7296073001928,false,"נקטר תפ""ע צלול שופרסל 1ל",שופרסל,IL,"נקטר תפו""ע צלול",ליטרים,1.00,ליטר,false,0,4.50,4.50,true,1,
7296073002574,false,50 שקיות אשפה ענק.שופרסל,שופרסל,HK,שקיות אשפה,יחידה,1.00,יחידה,false,0,14.80,14.80,true,1,
7296073002611,false,"100 שקיות להקפאה25X35ס""מ",שופרסל,HK,שקיות להקפאה,יחידה,1.00,יחידה,false,0,6.30,6.30,true,1,
7296073005735,false,עוג.סנדוויץ שוק.שופרס150,שופרסל,IL,עוגיות סנדוויץ,גרמים,150.00,100 גרם,false,0,4.60,3.07,true,1,
7296073005858,false,בורגול שופרסל 500 גרם,מיה,IL,בורגול,גרמים,500.00,100 גרם,false,0,5.20,1.04,true,1,
7296073005865,false,גריסי פנינה שופרסל500גרם,מיה,IL,גריסי פנינה,גרמים,500.00,100 גרם,false,0,5.90,1.18,true,1,
7296073005889,false,חומוס לבן ענק שופרסל500ג,מיה,IL,חומוס לבן ענק,גרמים,500.00,100 גרם,false,0,8.40,1.68,true,1,
7296073005896,false,חיטה שופרסל 500 גרם,מיה,IL,חיטה שופרסל,גרמים,500.00,100 גרם,false,0,5.90,1.18,true,1,
7296073005919,false,עדשים ירוקות שופרסל500ג,מיה,IL,עדשים ירוקות,גרמים,500.00,100 גרם,false,0,5.50,1.10,true,1,
7296073005926,false,עדשים אדומות שופרסל500גר,מיה,IL,עדשים אדומות,גרמים,500.00,100 גרם,false,0,6.10,1.22,true,1,
7296073005957,false,שעועית לבנה שופרסל500גרם,מיה,IL,שעועית לבנה,גרמים,500.00,100 גרם,false,0,10.80,2.16,true,1,
7296073006008,false,"שעועית לבנה שופרסל 1 ק""ג",מיה,IL,שעועית לבנה,קילוגרמים,1.00,"ק""ג",false,0,18.70,18.70,true,1,
7296073006015,false,"חומוס גדול שופרסל 1 ק""ג",מיה,IL,חומוס גדול,קילוגרמים,1.00,"ק""ג",false,0,10.80,10.80,true,1,
7296073006060,false,חומוס לבן ענק שופרסל 1קג,מיה,IL,חומוס לבן ענק,קילוגרמים,1.00,"ק""ג",false,0,13.40,13.40,true,1,
7296073006114,false,"עדשים ירוקות שופרסל 1ק""ג",מיה,IL,עדשים ירוקות,קילוגרמים,1.00,"ק""ג",false,0,10.80,10.80,true,1,
7296073006121,false,"עדשים אדומות שופרסל 1ק""ג",מיה,IL,עדשים אדומות,קילוגרמים,1.00,"ק""ג",false,0,12.10,12.10,true,1,
7296073006176,false,"סוכר שופרסל 1 ק""ג",סוגת,IL,סוכר לבן,קילוגרמים,1.00,"ק""ג",false,0,4.50,4.50,true,1,
7296073006374,false,חרוזי זיתים ירוק.שופר560,שופרסל,,חרוזי זיתים,גרמים,560.00,100 גרם,false,0,9.40,1.68,true,1,
7296073006381,false,מנזנילו בינונ.שופרסל560ג,שופרסל,IL,זיתים ירוקים,גרמים,560.00,100 גרם,false,0,7.30,1.30,true,1,
7296073006404,false,מלפפון במלח7-9 שופר560.ג,שופרסל,IL,מלפפון במלח,גרמים,560.00,100 גרם,false,0,6.20,1.11,true,1,
7296073006411,false,מלפ.במלח 10-12שופרסל560ג,שופרסל,IL,מלפפון במלח12-,גרמים,560.00,100 גרם,false,0,7.10,1.27,true,1,
7296073006428,false,מלפ.במלח 13-17שופרסל560ג,שופרסל,IL,מלפפון במלח,גרמים,560.00,100 גרם,false,0,8.80,1.57,true,1,
7296073006541,false,גריסים שופרסל 500 גרם,מיה,IL,גריסים שופרסל,גרמים,500.00,100 גרם,false,0,5.20,1.04,true,1,
7296073011118,false,קוסקוס דק שופרסל 350 גרם,אסיף תעשיות מזון,IL,קוסקוס דק,גרמים,350.00,100 גרם,false,0,5.20,1.49,true,1,
7296073011217,false,פסטה פנה ריגטה31שופר500ג,שופרסל,IT,פסטה פנה ריגטה,גרמים,500.00,100 גרם,false,0,4.90,0.98,true,1,
7296073011224,false,פסטה פוסילי36שופר 500גרם,שופרסל,IL,פסטה פוסילי,גרמים,500.00,100 גרם,false,0,4.90,0.98,true,1,
7296073011248,false,פסטה פרפלה מס57שופרסל500,שופרסל,IT,פסטה פרפלה,גרמים,500.00,100 גרם,false,0,4.90,0.98,true,1,
7296073012009,false,קוסקוס בינוני שופרסל350ג,אסיף תעשיות מזון,IL,קוסקוס בינוני,גרמים,350.00,100 גרם,false,0,5.20,1.49,true,1,
7296073016960,false,מפיות נשלפות,שופרסל,IL,מפיות נשלפות,יחידה,1.00,יחידה,false,0,3.90,3.90,true,1,
7296073020356,false,"כוסות ח""פ שופרסל 150 יח'",שופרסל,,"כוסות ח""פ",יחידה,1.00,יחידה,false,0,8.90,8.90,true,1,
7296073020370,false,צלחות גדולות שופרסל 100,שופרסל,IL,"צלחות ח""פ גדולות",יחידה,1.00,יחידה,false,0,19.90,19.90,true,1,
7296073020394,false,"קעריות ח""פ שופרסל 50 יח'",שופרסל,IL,"קעריות ח""פ",יחידה,1.00,יחידה,false,0,13.90,13.90,true,1,
7296073020431,false,מפיות חד שכבתי 100 יחידו,שופרסל,IL,מפיות חד שכבתי,יחידה,1.00,יחידה,false,0,7.90,7.90,true,1,
7296073020936,false,פטריות חתוכות שופרסל400ג,פרוצ'אמפ,DE,פטריות חתוכות,גרמים,400.00,100 גרם,false,0,4.60,1.15,true,1,
7296073021568,false,"קמח לבן שופרסל 1 ק""ג",שופרסל,IL,קמח לבן,קילוגרמים,1.00,"ק""ג",false,0,3.80,3.80,true,1,
7296073021575,false,"קמח תופח שופרסל 1 ק""ג",שופרסל,IL,קמח תופח מאיליו,קילוגרמים,1.00,"ק""ג",false,0,6.70,6.70,true,1,
7296073021582,false,"סולת חיטה שופרסל 1 ק""ג",שופרסל,IL,סולת חיטה,קילוגרמים,1.00,"ק""ג",false,0,4.00,4.00,true,1,
7296073027713,false,מפיות חד שכבתי 180 יח,שופרסל,IL,מפיות חד שכבתי,יחידה,1.00,יחידה,false,0,9.90,9.90,true,1,
7296073030027,false,מפיות דו שכבתי,שופרסל,IL,מפיות דו שכבתי,יחידה,1.00,יחידה,false,0,7.90,7.90,true,1,
7296073033752,false,שמן קנולה שופרסל 1 ליטר,NV AOR,BE,שמן קנולה 1 ל',ליטרים,1.00,ליטר,false,0,7.80,7.80,true,1,
7296073036500,false,שמן קנולה שופרסל 3 ל',NV AOR,BE,שמן קנולה 3 ל',ליטרים,3.00,ליטר,false,0,22.90,7.63,true,1,
7296073048954,false,"אורז ריזוטו שופרסל 1 ק""ג",מיה,IL,אורז ריזוטו,קילוגרמים,1.00,"ק""ג",false,0,8.40,8.40,true,1,
7296073048978,false,קרוטונים לסלט שופרסל400ג,שופרסל,IL,קרוטונים לסלט,גרמים,400.00,100 גרם,false,0,16.80,4.20,true,1,
7296073048992,false,פסטרמה בדבש שופרסל 300גר,מעדני יחיעם,IL,פסטרמה בדבש,גרמים,300.00,100 גרם,false,0,21.70,7.23,true,1,
7296073049029,false,כתף בקר שופרסל 300 גרם,מעדני יחיעם,IL,כתף בקר,גרמים,300.00,100 גרם,false,0,29.60,9.87,true,1,
7296073049043,false,פסטרמה ברבקיו שופרסל300ג,שופרסל,IL,פסטרמה ברבקיו,גרמים,300.00,100 גרם,false,0,21.70,7.23,true,1,
7296073049050,false,פסטרמה רומנית שופרסל300ג,שופרסל,IL,פסטרמה רומנית,גרמים,300.00,100 גרם,false,0,27.90,9.30,true,1,
7296073049074,false,סלמי קוניאק שופרסל 300גר,שופרסל,IL,סלמי קוניאק,גרמים,300.00,100 גרם,false,0,22.70,7.57,true,1,
7296073053743,false,פסטה קונקיליוני39 שופרסל,שופרסל,IT,פסטה קונקיליוני,גרמים,500.00,100 גרם,false,0,4.90,0.98,true,1,
7296073053750,false,פסטה לומקה ריגטה 48 שופר,שופרסל,IT,פסטה לומקה,גרמים,500.00,100 גרם,false,0,4.90,0.98,true,1,
7296073053767,false,דפי לזניה שופרסל 500 גרם,שופרסל,IT,דפי לזניה,גרמים,500.00,100 גרם,false,0,10.00,2.00,true,1,
7296073058984,false,גרנולה קראנץ פירות+אג400,שופרסל,DE,גרנולה קראנץ,גרמים,400.00,100 גרם,false,0,15.90,3.98,true,1,
7296073059059,false,ברנפלקס שופרסל 500 גרם,שופרסל,DE,ברנפלקס שופרסל,גרמים,500.00,100 גרם,false,0,14.90,2.98,true,1,
7296073059097,false,25 מגבונים להסרת איפור,שופרסל,IL,מגבונים לאיפור,יחידה,1.00,יחידה,false,0,9.90,9.90,true,1,
7296073059615,false,קרוטונים לסלט שופרסל250ג,שופרסל,IL,קרוטונים לסלט,גרמים,250.00,100 גרם,false,0,10.80,4.32,true,1,
7296073059691,false,"50 צלחות גדול ח""פ שופרסל",שופרסל,IL,"צלחות ח""פ גדולות",יחידה,1.00,יחידה,false,0,11.40,11.40,true,1,
7296073059707,false,"צלחות קטנות ח""פ שופרסל 5",שופרסל,IL,"צלחות קטנות ח""פ",יחידה,1.00,יחידה,false,0,9.10,9.10,true,1,
7296073059745,false,"לפתניות ח""פ שופרסל 50 יח",שופרסל,IL,"לפתניות ח""פ",יחידה,1.00,יחידה,false,0,8.90,8.90,true,1,
7296073059851,false,טחינה שומשום מלא שופ500ג,רושדי תעשיות מזון,IL,טחינה שומשום מלא,גרמים,500.00,100 גרם,false,0,16.80,3.36,true,1,
7296073064367,false,"בורקס תפו""א שופרסל 800 ג",שופרסל,IL,"800 בורקס תפו""א",גרמים,800.00,100 גרם,false,0,15.80,1.98,true,1,
7296073064398,false,בורקס גבינה שופרסל 800 ג,מאפ גדרון,,בורקס גבינה800,גרמים,800.00,100 גרם,false,0,15.80,1.98,true,1,
7296073066354,false,חטיפי חלווה שופרסל 250 ג,"אחדות בע""מ א.ת. ברקן",IL,חטיפי חלווה,גרמים,250.00,100 גרם,false,0,11.20,4.48,true,1,
7296073074441,false,פתי בר שוקו גדול שופר500,שופרסל,IL,פתי בר שוקו,גרמים,500.00,100 גרם,false,0,9.50,1.90,true,1,
7296073074656,false,ירקות מעורב.כבושים 1.65ק,שופרסל,IL,ירקות מעורבים,קילוגרמים,1.65,"ק""ג",false,0,25.90,15.70,true,1,
7296073078555,false,בצק עלים שופרסל 1קג,שופרסל,IL,בצק עלים 1קג,קילוגרמים,1.00,"ק""ג",false,0,15.80,15.80,true,1,
7296073078579,false,דבש טבעי שופרסל 350 גרם,שופרסל,IL,דבש טבעי,גרמים,350.00,100 גרם,false,0,18.50,5.29,true,1,
7296073078586,false,דבש טבעי שופרסל צנצ500גר,שופרסל,IL,דבש טבעי שופרסל,גרמים,500.00,100 גרם,false,0,25.80,5.16,true,1,
7296073078791,false,ממחטות אף בקופסא 150*2יח,שופרסל,IL,מגבוני נייר,יחידה,1.00,יחידה,false,0,13.60,13.60,true,1,
7296073078821,false,4 כריות יפניות שופרסל,פלסטו פוליש,IL,כריות יפניות,יחידה,1.00,יחידה,false,0,8.90,8.90,true,1,
7296073078838,false,6 כריות יפניות שופרסל,פלסטו פוליש,IL,כריות יפניות,יחידה,1.00,יחידה,false,0,9.00,9.00,true,1,
7296073079002,false,פריכ.דקות אורז מלא ש100.,שופרסל,IL,פריכיות דקות,גרמים,100.00,100 גרם,false,0,7.40,7.40,true,1,
7296073079040,false,פריכיות זעתר שופרסל 50גר,שופרסל,IL,פריכיות אורז,גרמים,50.00,100 גרם,false,0,7.90,15.80,true,1,
7296073079057,false,פריכיות מעושן שופרסל50גר,שופרסל,IL,פריכיות שופרסל,גרמים,50.00,100 גרם,false,0,7.90,15.80,true,1,
7296073079354,false,72 מגבונים שופרסל רפיל,שופרסל,IL,מגבונים שופרסל,יחידה,1.00,יחידה,false,0,6.70,6.70,true,1,
7296073079866,false,עגבניות מרוסקות שופר800ג,פריניר,IL,עגבניות מרוסקות,גרמים,800.00,100 גרם,false,0,6.80,0.85,true,1,
7296073079873,false,תרכיז עגבניות28%שופר580ג,פריניר,IL,תרכיז עגבניות,גרמים,580.00,100 גרם,false,0,6.30,1.09,true,1,
7296073079903,false,רסק עגבניות 22%שופר100ג,פריניר,IL,רסק עגבניות,גרמים,100.00,100 גרם,false,0,1.90,1.90,true,1,
7296073080237,false,ופלים ט.שוקולד שופרסל1קג,שופרסל,IL,ופלים שוקולד,קילוגרמים,1.00,"ק""ג",false,0,15.80,15.80,true,1,
7296073080497,false,שעועית אפויה שופרסל 570ג,פרי גליל,IL,שעועית אפויה,גרמים,570.00,100 גרם,false,0,6.60,1.16,true,1,
7296073080503,false,אפונה גדולה שופרסל550גרם,פרי גליל,IL,אפונה גדולה,גרמים,550.00,100 גרם,false,0,6.30,1.15,true,1,
7296073080510,false,חומוס שלם שופרסל 560 גרם,פרי גליל,IL,חומוס שלם,גרמים,560.00,100 גרם,false,0,6.10,1.09,true,1,
7296073080534,false,תירס מתוק שופרסל 550 גרם,פרי גליל,IL,תירס גרעינים,גרמים,550.00,100 גרם,false,0,6.30,1.15,true,1,
7296073080541,false,אפונה וגזר שופרסל 550 גר,פרי גליל,IL,אפונה וגזר,גרמים,550.00,100 גרם,false,0,6.10,1.11,true,1,
7296073080558,false,תירס לייט שופרסל 550 גרם,פרי גליל,IL,תירס לייט,גרמים,550.00,100 גרם,false,0,7.50,1.36,true,1,
7296073080824,false,שקיות אוכל שופרסל150*2יח,שופרסל,IL,שקיות אוכל 2 יח,יחידה,1.00,יחידה,false,0,11.50,11.50,true,1,
7296073080831,false,שקיות הקפאה שופרסל 100X2,שופרסל,HK,שקיות הקפאה,יחידה,1.00,יחידה,false,0,11.30,11.30,true,1,
7296073081241,false,בייגל.שמיניו.מלוח שופ400,שופרסל,IL,בייגלה שמיניות,גרמים,400.00,100 גרם,false,0,9.80,2.45,true,1,
7296073081449,false,פירורי לחם מוזהב שופר200,שופרסל,IL,פירורי לחם,גרמים,200.00,100 גרם,false,0,6.30,3.15,true,1,
7296073081661,false,מזון יבש לכלבים שופר3.קג,סנשיין מילס,US,מזון יבש לכלבים,קילוגרמים,3.00,"ק""ג",false,0,39.60,13.20,true,1,
7296073083771,false,פירורי לחם מתובל.שופר200,שופרסל,IL,פירורי לחם,גרמים,200.00,100 גרם,false,0,5.90,2.95,true,1,
7296073087281,false,קונפ.תות שדה שופרסל 370ג,LTD 99 CIMA,BG,קונפיטורת תות,גרמים,370.00,100 גרם,false,0,12.80,3.46,true,1,
7296073087472,false,טונה בשמן שופרסל 160*4גר,תעשיות פילטונה,IL,טונה בשמן 4 יח,גרמים,640.00,100 גרם,false,0,19.90,3.11,true,1,
7296073091172,false,פופקורן למיקרו ט.טבעי600,שופרסל,US,פופקורן למיקרו,גרמים,600.00,100 גרם,false,0,14.80,2.47,true,1,
7296073091189,false,פופקורן למיקרו ט.חמאה600,שופרסל,IL,פופקורן למיקרו,גרמים,600.00,100 גרם,false,0,14.80,2.47,true,1,
7296073091226,false,פופקורן גרעינים שופר1.קג,מיה,IL,פופקורן גרעינים,קילוגרמים,1.00,"ק""ג",false,0,9.80,9.80,true,1,
7296073091417,false,בוטן קלוי בקליפה400שופרס,ששון,IL,בוטן קלוי בקליפה,גרמים,400.00,100 גרם,false,0,16.80,4.20,true,1,
7296073091462,false,פיסטוק קלוי200ג שופרסל,ששון,IL,פיסטוק חלבי קלוי,גרמים,200.00,100 גרם,false,0,22.90,11.45,true,1,
7296073091479,false,שקד קלוף קלוי200ג שופרסל,ששון,IL,שקד קלוף קלוי,גרמים,200.00,100 גרם,false,0,23.70,11.85,true,1,
7296073091486,false,אגוז קשיו קלוי200גשופרסל,ששון,IL,אגוז קשיו קלוי,גרמים,200.00,100 גרם,false,0,20.90,10.45,true,1,
7296073091493,false,גרעין שחור קלוי200גשופרס,ששון,IL,גרעין שחור קלוי,גרמים,200.00,100 גרם,false,0,7.80,3.90,true,1,
7296073091530,false,שזיף מיובש400גרם שופרסל,ששון,IL,שזיף מיובש,גרמים,400.00,100 גרם,false,0,23.90,5.98,true,1,
7296073091547,false,צימוק בהיר400ג שופרסל,ששון,IL,צימוק בהיר,גרמים,400.00,100 גרם,false,0,21.90,5.48,true,1,
7296073091585,false,שקד קלוף טבעי200ג שופרסל,ששון,IL,שקד קלוף טבעי,גרמים,200.00,100 גרם,false,0,22.90,11.45,true,1,
7296073091608,false,קשיו טבעי 200ג שופרסל,ששון,IL,אגוזי קשיו טבעי,גרמים,200.00,100 גרם,false,0,21.90,10.95,true,1,
7296073091622,false,אגוז ברזיל טבעי 200גשופר,ששון,IL,אגוז ברזיל טבעי,גרמים,200.00,100 גרם,false,0,20.90,10.45,true,1,
7296073091646,false,צנובר 100 גרם שופרסל,ששון,IL,צנובר 100גרם,גרמים,100.00,100 גרם,false,0,25.90,25.90,true,1,
7296073091653,false,בננה צ'יפס 250ג שופרסל,ששון,IL,בננה צ'יפס,גרמים,250.00,100 גרם,false,0,10.90,4.36,true,1,
7296073091677,false,חמוציות 250גרם שופרסל,ששון,IL,חמוציות 250גרם,גרמים,250.00,100 גרם,false,0,12.90,5.16,true,1,
7296073093213,false,אבקת שוקו שופרסל 500 גרם,שופרסל,IL,אבקת שוקו,גרמים,500.00,100 גרם,false,0,11.80,2.36,true,1,
7296073094753,false,חלווה וניל שופרסל 500 גר,"אחדות בע""מ א.ת. ברקן",IL,חלווה וניל,גרמים,500.00,100 גרם,false,0,13.40,2.68,true,1,
7296073095439,false,16 כוסות קפה+מכסה שופרסל,שופרסל,IL,כוסות קפה 16יח',יחידה,1.00,יחידה,false,0,12.90,12.90,true,1,
7296073098270,false,אפונה וגזר מוקפא שופרסל,פרי גליל,IL,אפונה וגזר 800,גרמים,800.00,100 גרם,false,0,14.80,1.85,true,1,
7296073098294,false,ברוקולי מוקפא שופרסל 800,פרי גליל,IL,ברוקולי 800 גר,גרמים,800.00,100 גרם,false,0,23.80,2.98,true,1,
7296073106074,false,טליאטלה שופרסל 500 גרם,שופרסל,IT,פסטה טליאטלה,גרמים,500.00,100 גרם,false,0,5.90,1.18,true,1,
7296073106098,false,פריכיות דק.כוסמת שופר100,שופרסל,IL,פריכיות כוסמת,גרמים,100.00,100 גרם,false,0,7.40,7.40,true,1,
7296073107392,false,גרנולה צימוק שקד תפוח400,שופרסל,DE,גרנולה שופרסל,גרמים,400.00,100 גרם,false,0,15.90,3.98,true,1,
7296073107408,false,גרנולה שוקו.פקאן שופר400,שופרסל,IL,גרנולה שוקולד,גרמים,400.00,100 גרם,false,0,15.90,3.98,true,1,
7296073107828,false,שמן סויה שופרסל 1 ליטר,שופרסל,,שמן סויה,ליטרים,1.00,ליטר,false,0,7.90,7.90,true,1,
7296073107989,false,גרעיני תירס שופרסל 800 ג,פרי גליל,IL,גרעיני תירס,גרמים,800.00,100 גרם,false,0,15.80,1.98,true,1,
7296073108085,false,שעועית צהובה חתוכה שופרס,פרי גליל,IL,שעועית צהובה,גרמים,800.00,100 גרם,false,0,18.20,2.28,true,1,
7296073108245,false,עלי תרד שטופים לאכילה,פרסקו,IL,עלי תרד שטופים,גרמים,200.00,100 גרם,false,0,9.50,4.75,true,1,
7296073108252,false,עלי בייבי שטופים לאכילה,פרסקו,IL,עלי בייבי שטופים,גרמים,110.00,100 גרם,false,0,10.90,9.91,true,1,
7296073108269,false,חסה ערבית שטופה לאכילה,פרסקו,IL,חסה ערבית שטופה,גרמים,250.00,100 גרם,false,0,9.90,3.96,true,1,
7296073108313,false,סלט קולסלאו שטוף לאכילה,פרסקו,IL,סלט קולסלאו שטוף,גרמים,400.00,100 גרם,false,0,8.50,2.13,true,1,
7296073108344,false,לקט קלאסי שטוף לאכילה,פרסקו,IL,לקט קלאסי שטוף,גרמים,350.00,100 גרם,false,0,10.90,3.11,true,1,
7296073108368,false,לקט הגינה שטוף לאכילה,פרסקו,IL,לקט הגינה שטוף,גרמים,300.00,100 גרם,false,0,10.90,3.63,true,1,
7296073108443,false,"קמח מלא שופרסל 1 ק""ג",שופרסל,IL,קמח חיטה מלא,קילוגרמים,1.00,"ק""ג",false,0,6.90,6.90,true,1,
7296073108467,false,תבניות מאורכות שופרסל 5,שופרסל,IL,תבניות 5 יח',יחידה,1.00,יחידה,false,0,6.90,6.90,true,1,
7296073108481,false,תבניות קטנות+מכסה שופרסל,שופרסל,IL,תבניות עם מכסה,יחידה,1.00,יחידה,false,0,9.10,9.10,true,1,
7296073108498,false,תבניות עגולות שופרסל 5 י,שופרסל,IL,תבניות עגולות,יחידה,1.00,יחידה,false,0,9.90,9.90,true,1,
7296073108504,false,תבניות גדולות שופרסל 5 י,שופרסל,IL,תבניות גדולות,יחידה,1.00,יחידה,false,0,9.90,9.90,true,1,
7296073108511,false,3 תבניות ענקיות שופרסל,שופרסל,IL,תבניות ענקיות,יחידה,1.00,יחידה,false,0,8.90,8.90,true,1,
7296073108573,false,קרם קרקר שופרסל 230 גרם,מגדנית הדר,IL,קרם קרקר,גרמים,230.00,100 גרם,false,0,5.90,2.57,true,1,
7296073108610,false,קרקר ח.מלאה+שומש.שופר240,מגדנית הדר,IL,קרקר חיטה מלאה,גרמים,240.00,100 גרם,false,0,5.90,2.46,true,1,
7296073109099,false,"תירוש ענבים טבעי 750מ""ל*",הכורמים,IL,תירוש ענבים,מיליליטרים,750.00,"100 מ""ל",false,0,15.00,2.00,true,1,
7296073109822,false,תמר מג'הול 400ג שופרסל,הדיקלאים,IL,תמר מג'הול 400ג,גרמים,400.00,100 גרם,false,0,17.90,4.48,true,1,
7296073112433,false,צמרונים שופרסל 400 יח',שופרסל,IL,מקלוני צמר גפן,יחידה,1.00,יחידה,false,0,11.70,11.70,true,1,
7296073112464,false,פוזילי חיטה מלא.שופר500ג,שופרסל,IT,פוזילי שופרסל,גרמים,500.00,100 גרם,false,0,8.70,1.74,true,1,
7296073113263,false,חרדל צרפתי שופרסל 370גרם,שופרסל,FR,חרדל צרפתי,גרמים,370.00,100 גרם,false,0,7.50,2.03,true,1,
7296073115724,false,אבקת אפיה שופרסל 10X10גר,שופרסל,IL,אבקת אפיה 10יח,גרמים,100.00,100 גרם,false,0,3.10,3.10,true,1,
7296073115731,false,אבקת סוכר שופרסל 100 גרם,שופרסל,IL,אבקת סוכר,גרמים,100.00,100 גרם,false,0,2.20,2.20,true,1,
7296073115748,false,סוכר וניל שופרסל 10X10גר,שופרסל,IL,סוכר וניל 10יח,גרמים,100.00,100 גרם,false,0,3.10,3.10,true,1,
7296073115762,false,קורנפלור שופרסל 200 גרם,שופרסל,IL,קורנפלור,גרמים,200.00,100 גרם,false,0,4.00,2.00,true,1,
7296073116769,false,קוקוס טחון שופרסל 100גרם,מיה,IL,קוקוס טחון,גרמים,100.00,100 גרם,false,0,4.40,4.40,true,1,
7296073116806,false,שמן סויה שופרסל 3 ליטר,שופרסל,,שמן סויה,ליטרים,3.00,ליטר,false,0,23.30,7.77,true,1,
7296073116813,false,קמח תירס שופרסל 400 גרם,מיה,IL,קמח תירס,גרמים,400.00,100 גרם,false,0,5.90,1.48,true,1,
7296073116820,false,"קמח תפו""א שופרסל 500 גרם",מיה,IL,"קמח תפו""א",גרמים,500.00,100 גרם,false,0,6.90,1.38,true,1,
7296073116837,false,קוואקר שופרסל 500 גרם,שופרסל,DE,קוואקר שופרסל,גרמים,500.00,100 גרם,false,0,10.80,2.16,true,1,
7296073117094,false,שוק.צ'יפס מריר שופרסל300,אופנהיימר,IL,שוקולד צ'יפס,גרמים,300.00,100 גרם,false,0,11.40,3.80,true,1,
7296073117605,false,30 כפפות לטקס שופרסל,שופרסל,IL,כפפות לטקס,יחידה,1.00,יחידה,false,0,13.60,13.60,true,1,
7296073117865,false,טבעות זיתים מושחר 560 גר,שופרסל,IL,טבעות זיתים,גרמים,560.00,100 גרם,false,0,8.80,1.57,true,1,
7296073120018,false,100 נרות חימום בלוק,שופרסל,IL,נרות חימום,יחידה,1.00,יחידה,false,0,20.40,20.40,true,1,
7296073121176,false,תמר חלאוי 400ג שופרסל,הדיקלאים,IL,תמר חלאוי400גרם,גרמים,400.00,100 גרם,false,0,13.90,3.48,true,1,
7296073121190,false,תמר אמרי 400גרם שופרסל,הדיקלאים,IL,תמר אמרי 400 גרם,גרמים,400.00,100 גרם,false,0,13.90,3.48,true,1,
7296073122258,false,תערובת אגוזים 200גשופרסל,ששון,IL,תערובת אגוזים,גרמים,200.00,100 גרם,false,0,22.70,11.35,true,1,
7296073122333,false,שקדי מרק בשקית שופר400.ג,שופרסל,IL,שקדי מרק בשקית,גרמים,400.00,100 גרם,false,0,6.90,1.73,true,1,
7296073123712,false,"תמצית רום שופרסל 50 מ""ל",מיה,,תמצית רום,מיליליטרים,50.00,"100 מ""ל",false,0,4.40,8.80,true,1,
7296073123729,false,"תמצית וניל שופרסל 50 מ""ל",מיה,IL,תמצית וניל,מיליליטרים,50.00,"100 מ""ל",false,0,4.40,8.80,true,1,
7296073124160,false,שום קפוא מגשית שופרסל 80,שופרסל,IL,שום קפוא מגשית,גרמים,80.00,100 גרם,false,0,10.20,12.75,true,1,
7296073124177,false,שום כתוש צנצנת שופרסל200,שופרסל,IL,שום כתוש,גרמים,200.00,100 גרם,false,0,13.80,6.90,true,1,
7296073124375,false,פירורי לחם חיטה מלאה200ג,שופרסל,IL,פירורי לחם,גרמים,200.00,100 גרם,false,0,6.80,3.40,true,1,
7296073124382,false,ספגטיני מספר 3 שופרסל500,שופרסל,IT,ספגטיני מס' 3,גרמים,500.00,100 גרם,false,0,4.90,0.98,true,1,
7296073124399,false,ספגטי מספר 5 שופרסל 500ג,שופרסל,IT,ספגטי מס' 5,גרמים,500.00,100 גרם,false,0,4.90,0.98,true,1,
7296073125303,false,מלפפונים בחומץ 7-9 540גר,שופרסל,,מלפפונים בחומץ,גרמים,540.00,100 גרם,false,0,6.20,1.15,true,1,
7296073125341,false,מלפפונים בחומץ18-25 540ג,שופרסל,IL,מלפפונים בחומץ,גרמים,540.00,100 גרם,false,0,10.80,2.00,true,1,
7296073125525,false,עוגות אישיות קרם שוקו350,שופרסל,IT,עוגות אישיות,גרמים,350.00,100 גרם,false,0,10.00,2.86,true,1,
7296073125532,false,עוגות אישיות ק.חלב350גרם,שופרסל,IT,עוגות אישיות,גרמים,350.00,100 גרם,false,0,10.00,2.86,true,1,
7296073125822,false,שמן חמניות שופרסל 1 ליטר,NV AOR,BE,שמן חמניות,ליטרים,1.00,ליטר,false,0,12.90,12.90,true,1,
7296073125921,false,"5 סכיני גילוח ח""פ לנשים",שופרסל,US,סכיני גילוח,יחידה,1.00,יחידה,false,0,11.80,11.80,true,1,
7296073125945,false,"5 סכיני גילוח ח""פ לגבר",שופרסל,US,סכיני גילוח,יחידה,1.00,יחידה,false,0,11.80,11.80,true,1,
7296073125952,false,"אורז יסמין שופרסל 1 ק""ג",ltd co produce Uthai,TH,אורז יסמין,קילוגרמים,1.00,"ק""ג",false,0,10.40,10.40,true,1,
7296073128236,false,מעדן מישמש שופרסל 284 גר,LTD 99 CIMA,BG,מעדן מישמש,גרמים,284.00,100 גרם,false,0,14.80,5.21,true,1,
7296073128250,false,מעדן אוכמניות כחולות284ג,LTD 99 CIMA,BG,מעדן אוכמניות,גרמים,284.00,100 גרם,false,0,14.80,5.21,true,1,
7296073129431,false,פתיתים קוסקוס שופרסל500ג,אסיף תעשיות מזון,IL,פתיתים קוסקוס,גרמים,500.00,100 גרם,false,0,5.50,1.10,true,1,
7296073129448,false,פתיתים טבעות שופרסל500גר,אסיף תעשיות מזון,IL,פתיתים טבעות,גרמים,500.00,100 גרם,false,0,5.50,1.10,true,1,
7296073129455,false,פתיתים אורז שופרסל 500גר,אסיף תעשיות מזון,IL,פתיתים אורז,גרמים,500.00,100 גרם,false,0,5.50,1.10,true,1,
7296073129462,false,פתיתים לבבות שופרסל500גר,אסיף תעשיות מזון,IL,פתיתים לבבות,גרמים,500.00,100 גרם,false,0,5.50,1.10,true,1,
7296073129479,false,פתיתים כוכבים שופרסל500ג,אסיף תעשיות מזון,IL,פתיתים כוכבים,גרמים,500.00,100 גרם,false,0,5.50,1.10,true,1,
7296073129516,false,נר נשמה 24 שעות שופרסל,שופרסל,IL,נר נשמה,יחידה,1.00,יחידה,false,0,2.20,2.20,true,1,
7296073129523,false,נר נשמה שבועי שופרסל,שופרסל,IL,נר נשמה שבועי,יחידה,1.00,יחידה,false,0,10.90,10.90,true,1,
7296073129530,false,נרות חימום בשקית 50 יח',שופרסל,IL,נרות חימום,יחידה,1.00,יחידה,false,0,10.30,10.30,true,1,
7296073129547,false,קנולה כבישה קרה שופרסל1ל,NV AOR,BE,שמן קנולה,ליטרים,1.00,ליטר,false,0,15.10,15.10,true,1,
7296073130499,false,"מיץ לימון שופרסל 200 מ""ל",סי פרווידר,IT,מיץ לימון שופרסל,מיליליטרים,200.00,"100 מ""ל",false,0,6.00,3.00,true,1,
7296073132165,false,ממרח קרם קקאו+אגוזים350ג,שופרסל,IT,ממרח קרם קקאו,גרמים,350.00,100 גרם,false,0,8.90,2.54,true,1,
7296073132448,false,שמן תירס שופרסל 1 ליטר,NV AOR,BE,שמן תירס שופרסל,ליטרים,1.00,ליטר,false,0,14.80,14.80,true,1,
7296073132462,false,לבבות דקל חתוכ.שופר400.ג,אינדוסטריה אגריקולה,EC,לבבות דקל,גרמים,400.00,100 גרם,false,0,9.30,2.33,true,1,
7296073132479,false,לבבות דקל שלמים שופר400ג,אינדוסטריה אגריקולה,EC,לבבות דקל שלמים,גרמים,400.00,100 גרם,false,0,9.80,2.45,true,1,
7296073132806,false,חרוזי זיתים שופרסל560גרם,קבוצת יבנה,IL,חרוזי זיתים,גרמים,560.00,100 גרם,false,0,9.40,1.68,true,1,
7296073132820,false,סלק בואקום 500 גרם,שופרסל,XX,סלק בואקום 500ג,גרמים,500.00,100 גרם,false,0,9.00,1.80,true,1,
7296073132936,false,עוגת מאפין שיש שופרסל400,גידרון,IL,עוגת מאפין,גרמים,400.00,100 גרם,false,0,8.90,2.23,true,1,
7296073132943,false,עוגת מאפין שוק.שופרסל400,גידרון,IL,עוגת מאפין,גרמים,400.00,100 גרם,false,0,8.90,2.23,true,1,
7296073132950,false,עוגת מאפין וניל שופר400ג,גידרון,IL,עוגת מאפין,גרמים,400.00,100 גרם,false,0,8.90,2.23,true,1,
7296073132974,false,צלחות גדולות לבן שופרסל,שופרסל,,צלחות גדולות,יחידה,1.00,יחידה,false,0,23.00,23.00,true,1,
7296073132981,false,25צלחות בינונ.לבן שופרסל,שופרסל,IL,צלחות בינוניות,יחידה,1.00,יחידה,false,0,14.90,14.90,true,1,
7296073133001,false,קעריות מרק לבן שופרסל 25,שופרסל,,קעריות מרק,יחידה,1.00,יחידה,false,0,11.40,11.40,true,1,
7296073134442,false,קרקר חיטה שופרסל 300 גרם,שופרסל,IL,קרקר חיטה,גרמים,300.00,100 גרם,false,0,13.60,4.53,true,1,
7296073134459,false,קרקר סגנ.שוודי שופרסל300,שופרסל,,קרקר שוודי,גרמים,300.00,100 גרם,false,0,13.60,4.53,true,1,
7296073134534,false,קפה טורקי שופרסל 100 גרם,שופרסל,IL,קפה טורקי שופרסל,גרמים,100.00,100 גרם,false,0,5.60,5.60,true,1,
7296073134541,false,קפה טורקי שופרסל 100*3גר,שופרסל,IL,קפה טורקי 3 יח',גרמים,300.00,100 גרם,false,0,15.80,5.27,true,1,
7296073134930,false,שעועית ארגנטינאית 500גרם,מיה,IL,שעועית ארגנטינאי,גרמים,500.00,100 גרם,false,0,11.30,2.26,true,1,
7296073136859,false,חמאת בוטנים+שבבים שופ510,שופרסל,US,חמאת בוטנים,גרמים,510.00,100 גרם,false,0,12.90,2.53,true,1,
7296073140184,false,עוגת מאפין תפוז שופר400ג,גידרון,IL,עוגת מאפין תפוז,גרמים,400.00,100 גרם,false,0,8.90,2.23,true,1,
7296073140986,false,52מגן תחתון לארג' שופרסל,שופרסל,IL,מגן תחתון שופרסל,יחידה,1.00,יחידה,false,0,10.00,10.00,true,1,
7296073140993,false,28 תחבושות נורמל+ שופרסל,שופרסל,DE,תחבושות שופרסל,יחידה,1.00,יחידה,false,0,9.00,9.00,true,1,
7296073141006,false,24 תחבושות סופר+ שופרסל,שופרסל,DE,תחבושות שופרסל,יחידה,1.00,יחידה,false,0,9.00,9.00,true,1,
7296073141082,false,נרות חימום בשקית,,IL,נרות חימום בשקית,יחידה,1.00,יחידה,false,0,19.90,19.90,true,1,
7296073141143,false,שוקולד חלב שופרסל100 גרם,שופרסל,CH,שוקולד חלב,גרמים,100.00,100 גרם,false,0,5.60,5.60,true,1,
7296073141150,false,שוקולד מריר שוויצרי100ג,שופרסל,CH,שוקולד מריר,גרמים,100.00,100 גרם,false,0,5.60,5.60,true,1,
7296073142041,false,גביעי גלידה שופרסל 24יח',גילרו,IL,גביעי גלידה,גרמים,120.00,100 גרם,false,0,6.90,5.75,true,1,
7296073143437,false,"ברנפלקס ללת""ס שופרסל 500",שופרסל,,"ברנפלקס ללת""ס",גרמים,500.00,100 גרם,false,0,18.10,3.62,true,1,
7296073143758,false,עוגת בראוניס שופרסל400גר,גידרון,IL,עוגת בראוניס,גרמים,400.00,100 גרם,false,0,14.80,3.70,true,1,
7296073146940,false,שוק.אוורירי חלב שופר100ג,שופרסל,CH,שוקולד אוורירי,גרמים,100.00,100 גרם,false,0,5.80,5.80,true,1,
7296073146957,false,שוק.חלב שברי אגוז שופ100,שופרסל,CH,שוקולד חלב אגוז,גרמים,100.00,100 גרם,false,0,5.80,5.80,true,1,
7296073150756,false,שוקולד אגוזים3יח,,CH,שוקולד אגוזים3יח,גרמים,300.00,100 גרם,false,0,15.90,5.30,true,1,
7296073151463,false,פריכיות דקות דל נתרן100ג,שופרסל,IL,פריכיות דקות,גרמים,100.00,100 גרם,false,0,7.40,7.40,true,1,
7296073151470,false,פריכיות קטנות 3דגנים 50ג,שופרסל,IL,פריכיות קטנות,גרמים,50.00,100 גרם,false,0,7.90,15.80,true,1,
7296073151487,false,פריכיות מיני תפוח 50 גרם,שופרסל,IL,פריכיות תפוח,גרמים,50.00,100 גרם,false,0,7.90,15.80,true,1,
7296073151524,false,צנימים שופרסל 320 גרם,שופרסל,IT,צנימים שופרסל,גרמים,320.00,100 גרם,false,0,9.60,3.00,true,1,
7296073151548,false,"מלח בישול שופרסל 1 ק""ג",מלח הארץ אילת,IL,מלח בישול שופרסל,קילוגרמים,1.00,"ק""ג",false,0,2.07,2.07,true,1,
7296073151555,false,"מלח שולחן שופרסל 1 ק""ג",מלח הארץ אילת,IL,מלח שולחן שופרסל,קילוגרמים,1.00,"ק""ג",false,0,2.07,2.07,true,1,
7296073153337,false,מקרוני בוקטיני מס14 500ג,שופרסל,IT,מקרוני בוקטיני,גרמים,500.00,100 גרם,false,0,4.90,0.98,true,1,
7296073153849,false,זוג רדידי אלומינ7.5*0.3מ,שופרסל,IL,זוג רדידי אלומינ,מטרים,15.00,מטר,false,0,11.30,0.75,true,1,
7296073153870,false,זוג רדיד.אלומינ7.5*0.45מ,שופרסל,IL,זוג רדידי אלומינ,מטרים,15.00,מטר,false,0,17.20,1.15,true,1,
7296073153894,false,ניילון נצמד שופרסל 30*2מ,שופרסל,IL,זוג ניילון נצמד,מטרים,60.00,מטר,false,0,9.80,0.16,true,1,
7296073156611,false,שוקולד מריר 60% קקאו100ג,שופרסל,,שוקולד מריר 60%,גרמים,100.00,100 גרם,false,0,7.40,7.40,true,1,
7296073160670,false,פסטה גנצ'טי 3 דקות 500 ג,שופרסל,,פסטה גנצ'ט'י,גרמים,500.00,100 גרם,false,0,6.70,1.34,true,1,
7296073161493,false,שוק.מריר60%שופרסל 100*2ג,שופרסל,,שוקולד מריר זוג,גרמים,200.00,100 גרם,false,0,10.00,5.00,true,1,
7296073161721,false,נייר אפיה שופרסל 50 דפים,שופרסל,NO,נייר אפיה שופרסל,יחידה,1.00,יחידה,false,0,11.90,11.90,true,1,
7296073161806,false,מנצ'ס 400גרם שופרסל,שופרסל,CN,מנצ'ס 400גרם,גרמים,400.00,100 גרם,false,0,12.90,3.23,true,1,
7296073161851,false,מגבונים לחים שופרסל72X3י,שופרסל,IL,מגבונים לחים 3יח,יחידה,1.00,יחידה,false,0,12.80,12.80,true,1,
7296073161981,false,עוג.מילוי קרם שוק.שופ150,שופרסל,,עוגיות קרם שוקו,גרמים,150.00,100 גרם,false,0,8.70,5.80,true,1,
7296073162001,false,עוג.קרם אגוז לוז שופר150,שופרסל,,עוגיות קרם אגוז,גרמים,150.00,100 גרם,false,0,8.70,5.80,true,1,
7296073162520,false,ברזלית בצלינדר שופרסל6יח,פלסטו פוליש,IL,ברזלית בצלינדר,יחידה,1.00,יחידה,false,0,15.20,15.20,true,1,
7296073163084,false,נקניקיות וינר שופרסל400ג,מעדני יחיעם,IL,נקניקיות וינר,גרמים,400.00,100 גרם,false,0,11.90,2.98,true,1,
7296073163107,false,נקניקיות וינר שופרסל1.5ק,שופרסל,IL,נקניקיות וינר,קילוגרמים,1.50,"ק""ג",false,0,29.90,19.93,true,1,
7296073163190,false,גרנולה אגוזים שופרסל400ג,שופרסל,,גרנולה אגוזים,גרמים,400.00,100 גרם,false,0,19.70,4.93,true,1,
7296073169239,false,רוטב עגבניות לשקשוקה260ג,שופרסל,,רוטב לשקשוקה,גרמים,260.00,100 גרם,false,0,4.50,1.73,true,1,
7296073169246,false,רוטב עגבניות לפסטה260גרם,שופרסל,,רוטב לפסטה,גרמים,260.00,100 גרם,false,0,4.50,1.73,true,1,
7296073169260,false,עגבנ.מרוסקות שופרסל260גר,שופרסל,,עגבניות מרוסקות,גרמים,260.00,100 גרם,false,0,4.50,1.73,true,1,
7296073169543,false,40 מטליות רב שימושיות,שופרסל,IL,"מטליות רב""ש",יחידה,1.00,יחידה,false,0,21.30,21.30,true,1,
7296073169550,false,3 מטליות מיקרופייבר שופר,שופרסל,,מטליות מיקרופיבר,יחידה,1.00,יחידה,false,0,14.80,14.80,true,1,
7296073169581,false,ממחטות אף לכיס 10*10 יח,שופרסל,,ממחטות אף לכיס,יחידה,1.00,יחידה,false,0,8.60,8.60,true,1,
7296073169796,false,שוקולד מריר נוגט+שקד100ג,שופרסל,,שוקולד מריר נוגט,גרמים,100.00,100 גרם,false,0,9.00,9.00,true,1,
7296073169802,false,שוק.חלב נוגט+שקד+שופר100,שופרסל,,שוקולד חלב נוגט,גרמים,100.00,100 גרם,false,0,9.00,9.00,true,1,
7296073169840,false,שוק.חלב ל.סוכר שופרסל100,שופרסל,,שוקולד ללא סוכר,גרמים,100.00,100 גרם,false,0,10.20,10.20,true,1,
7296073169857,false,שוק.חלב+אגוז ללא סוכר100,שופרסל,,שוקולד ללא סוכר,גרמים,100.00,100 גרם,false,0,10.20,10.20,true,1,
7296073170143,false,מטליות לניקוי כללי 50יח,שופרסל,,מטליות לחות,יחידה,1.00,יחידה,false,0,9.90,9.90,true,1,
7296073170150,false,דפים למייבש שופרסל 100יח,שופרסל,,דפים למייבש,יחידה,1.00,יחידה,false,0,22.70,22.70,true,1,
7296073170167,false,וופל בלגי מצופה שופרס400,גילרו,IL,ופל בלגי מצופה,גרמים,400.00,100 גרם,false,0,9.90,2.48,true,1,
7296073170839,false,שוקולד לבן שוויצרי 100גר,שופרסל,,שוקולד לבן,גרמים,100.00,100 גרם,false,0,5.60,5.60,true,1,
7296073170884,false,סטייק צ'יפס שופרסל 1.5קג,תפוגן,IL,סטייק צ'יפס,קילוגרמים,1.50,"ק""ג",false,0,26.40,17.60,true,1,
7296073173199,false,אפונה ירוקה עדינה שופרסל,שופרסל,IL,אפונה עדינה,גרמים,600.00,100 גרם,false,0,17.30,2.88,true,1,
7296073173205,false,שעועית ירוקה עדינה שופרס,ARDO,BE,שעועית ירוקה,גרמים,600.00,100 גרם,false,0,20.70,3.45,true,1,
7296073173212,false,שעועית ירוקה שלמה שופרסל,ARDO,BE,שעועית ירוקה,גרמים,800.00,100 גרם,false,0,17.70,2.21,true,1,
7296073173304,false,"קמח חיטה לאפיית לחם 1ק""ג",שופרסל,,קמח לאפית לחם,קילוגרמים,1.00,"ק""ג",false,0,6.80,6.80,true,1,
7296073174196,false,תבניות קרטון,,,תבניות קרטון,יחידה,1.00,יחידה,false,0,10.30,10.30,true,1,
7296073179689,false,עינוגי פקאן שופרסל 400גר,שופרסל,DE,עינוגי פקאן,גרמים,400.00,100 גרם,false,0,18.70,4.68,true,1,
7296073179863,false,דבש טבעי לחיץ שופרסל250ג,שופרסל,,דבש לחיץ,גרמים,250.00,100 גרם,false,0,16.90,6.76,true,1,
7296073179979,false,תחתיות ארטישוק שופרסל 00,LTD ALEX COLD,EG,תחתיות ארטישוק,גרמים,400.00,100 גרם,false,0,20.00,5.00,true,1,
7296073179986,false,במיה שופרסל 600גרם,LTD ALEX COLD,EG,במיה 600גרם,גרמים,600.00,100 גרם,false,0,14.80,2.47,true,1,
7296073180111,false,מעדן דגים וטונה לחתול85ג,שופרסל,,מעדן לחתול,גרמים,85.00,100 גרם,false,0,5.60,6.59,true,1,
7296073180128,false,מעדן עוף וכבד לחתול 85גר,שופרסל,,מעדן לחתול,גרמים,85.00,100 גרם,false,0,5.60,6.59,true,1,
7296073180135,false,מעדן עוף לחתול שופרסל85ג,שופרסל,,מעדן לחתול,גרמים,85.00,100 גרם,false,0,5.60,6.59,true,1,
7296073180265,false,מגבונים נשטפ.לילדים40*3,שופרסל,,מגבונים נשטפים3*,יחידה,1.00,יחידה,false,0,11.30,11.30,true,1,
7296073180432,false,רוטב לפסטה,,,רוטב לפסטה,גרמים,350.00,100 גרם,false,0,11.80,3.37,true,1,
7296073180449,false,רוטב לפסטה,,,רוטב לפסטה,גרמים,350.00,100 גרם,false,0,11.80,3.37,true,1,
7296073180548,false,א.מלך טבעי קלוף150גשופרס,ששון,IL,א.מלך טבעי קלוף,גרמים,150.00,100 גרם,false,0,15.90,10.60,true,1,
7296073180630,false,מטליות לחות לרצפה 10יח,טרופיקל דגיל,IL,מטליות לחות,יחידה,1.00,יחידה,false,0,11.30,11.30,true,1,
7296073180944,false,מטלית רצפה,,CN,מטלית רצפה,יחידה,1.00,יחידה,false,0,9.90,9.90,true,1,
7296073186601,false,נייר טואלט,,IL,נייר טואלט,מטרים,883.00,100 מטר,false,0,36.60,4.14,true,1,
7296073187363,false,פחם דרום אמריקאי,,PY,פחם דרום אמריקאי,קילוגרמים,2.00,"ק""ג",false,0,14.90,7.45,true,1,
7296073188469,false,כפפות M,,IL,כפפות M,יחידה,1.00,יחידה,false,0,19.90,19.90,true,1,
7296073188520,false,נייר סנדביץ,,PL,נייר סנדביץ,יחידה,1.00,יחידה,false,0,13.50,13.50,true,1,
7296073188674,false,חטיפי קרקר,,,חטיפי קרקר,גרמים,350.00,100 גרם,false,0,10.30,2.94,true,1,
7296073188711,false,חטיפי קרקר,,,חטיפי קרקר,גרמים,350.00,100 גרם,false,0,10.30,2.94,true,1,
7296073189558,false,קרקר מלוח,,IL,קרקר מלוח,גרמים,220.00,100 גרם,false,0,7.40,3.36,true,1,
7296073189572,false,פקאן סיני 200גרם שופרסל,שקרצי,IL,פקאן סיני 200גרם,גרמים,200.00,100 גרם,false,0,25.90,12.95,true,1,
7296073189589,false,פקאן טבעי 200גרם שופרסל,שקרצי,IL,פקאן טבעי 200גרם,גרמים,200.00,100 גרם,false,0,26.90,13.45,true,1,
7296073189602,false,בוטן מטוגן 400גרם שופרסל,שקרצי,IL,בוטן מטוגן,גרמים,400.00,100 גרם,false,0,15.90,3.98,true,1,
7296073189671,false,ג.דלעת קלוף 150גרם שופרס,ששון,IL,גרעין דלעת 150ג,גרמים,150.00,100 גרם,false,0,14.80,9.87,true,1,
7296073191162,false,יין אדום מתוק קדרון650מל,הכורמים,IL,יין אדום קדרון,מיליליטרים,650.00,"100 מ""ל",false,0,15.50,2.38,true,1,
7296073191230,false,מפת שולחן פלסטיק,,IL,מפת שולחן פלסטיק,יחידה,1.00,יחידה,false,0,6.10,6.10,true,1,
7296073191452,false,מסיר כתמים מרסס,,IL,מסיר כתמים מרסס,מיליליטרים,750.00,"100 מ""ל",false,0,11.30,1.51,true,1,
7296073192657,false,גרגרי חומוס שופרסל 800גר,פרי גליל,GB,גרגרי חומוס,גרמים,800.00,100 גרם,false,0,18.20,2.28,true,1,
7296073195191,false,טחינה שומשום מלא גרין500,"אחדות בע""מ א.ת. ברקן",IL,טחינה שומשום מלא,גרמים,500.00,100 גרם,false,0,16.90,3.38,true,1,
7296073195207,false,טחינה אורגנית גרין 500גר,"אחדות בע""מ א.ת. ברקן",IL,טחינה אורגנית,גרמים,500.00,100 גרם,false,0,16.90,3.38,true,1,
7296073195894,false,אטריות דקיקות שופרסל400ג,שיבולים בני דרום,IL,אטריות דקיקות,גרמים,400.00,100 גרם,false,0,5.70,1.43,true,1,
7296073195924,false,אטריות רחבות שופרסל400ג,שיבולים בני דרום,IL,אטריות דקות,גרמים,400.00,100 גרם,false,0,5.70,1.43,true,1,
7296073197461,false,שוקולד חלב 3 יח,,CH,שוקולד חלב 3 יח,גרמים,300.00,100 גרם,false,0,10.00,3.33,true,1,
7296073197478,false,שוקולד מריר 3 יח,,CH,שוקולד מריר 3 יח,גרמים,300.00,100 גרם,false,0,10.00,3.33,true,1,
7296073199014,false,נודלס דק להקפצה 400 גרם,INDUSTRY ANLIDA LONGHAI FUJIAN,CN,נודלס דק להקפצה,גרמים,400.00,100 גרם,false,0,11.50,2.88,true,1,
7296073199274,false,קמח חיטה מלאה,,IL,קמח חיטה מלאה,קילוגרמים,1.00,"ק""ג",false,0,9.80,9.80,true,1,
7296073199380,false,רוטב צ'ילי מתוק שופר810ג,תאי פרידה אינדסטרי,TH,רוטב צ'ילי מתוק,גרמים,810.00,100 גרם,false,0,13.80,1.70,true,1,
7296073200987,false,פטריות חתוכות 3 * 400 גר,פרוצ'אמפ,DE,פטריות חתוכות3יח,קילוגרמים,1.20,"ק""ג",false,0,10.90,9.08,true,1,
7296073201410,false,נודלס רחב להקפצה 400ג,פרוצ'אמפ,CN,נודלס רחב להקפצה,גרמים,400.00,100 גרם,false,0,11.50,2.88,true,1,
7296073202479,false,שוקולד מריר 6 יח,,CH,שוקולד מריר 6 יח,גרמים,600.00,100 גרם,false,0,25.20,4.20,true,1,
7296073202493,false,שוקולד חלב 6 יח,,CH,שוקולד חלב 6 יח,גרמים,600.00,100 גרם,false,0,25.20,4.20,true,1,
7296073204640,false,בוטן אמריקאי200ג שופרסל,ששון,IL,בוטנים אמריקאים,גרמים,200.00,100 גרם,false,0,7.80,3.90,true,1,
7296073204879,false,שניצל תירס שופרסל 750גרם,תפוגן,IL,שניצל תירס,גרמים,750.00,100 גרם,false,0,21.70,2.89,true,1,
7296073204886,false,חטיפי תירס שופרסל 600גרם,תפוגן,IL,חטיפי תירס,גרמים,600.00,100 גרם,false,0,21.70,3.62,true,1,
7296073205111,false,"ניוקי תפו""א",,IT,"ניוקי תפו""א",גרמים,500.00,100 גרם,false,0,13.90,2.78,true,1,
7296073205388,false,רסק עגבניות גרין 100*4גר,פרי גליל,IL,רסק עגבניות,גרמים,400.00,100 גרם,false,0,13.80,3.45,true,1,
7296073205395,false,עגבנ.מרוסקות גרין300*2גר,פרי גליל,IL,עגבניות מרוסקות,גרמים,600.00,100 גרם,false,0,13.80,2.30,true,1,
7296073205401,false,קטשופ אורגני גרין 750 גר,פרי גליל,IL,קטשופ אורגני,גרמים,750.00,100 גרם,false,0,17.70,2.36,true,1,
7296073205425,false,פוסילי אורגני,,IT,פוסילי אורגני,גרמים,100.00,100 גרם,false,0,8.80,8.80,true,1,
7296073205487,false,ספגטי מלא אורגני,,IT,ספגטי מלא אורגני,גרמים,500.00,100 גרם,false,0,8.80,1.76,true,1,
7296073206101,false,סירופ אגבה,,MX,סירופ אגבה,גרמים,660.00,100 גרם,false,0,29.90,4.53,true,1,
7296073206354,false,דבש הדרים,,IL,דבש הדרים,גרמים,500.00,100 גרם,false,0,25.70,5.14,true,1,
7296073206682,false,טונה בשמן קנולה 160*4ג,תעשיות פילטונה,IL,טונה בשמן 4 יח,גרמים,640.00,100 גרם,false,0,19.90,3.11,true,1,
7296073207016,false,תח.רחצה לתינוק שופרסל750,אמיליה קוסמטיקס,IL,תחליב רחצה תינוק,מיליליטרים,750.00,"100 מ""ל",false,0,9.00,1.20,true,1,
7296073207078,false,בוטן קלוף קלוי300 שופרסל,ששון,IL,בוטן קלוף קלוי,גרמים,300.00,100 גרם,false,0,12.80,4.27,true,1,
7296073207115,false,מגבונים נשטפים,,IL,מגבונים נשטפים,יחידה,1.00,יחידה,false,0,6.70,6.70,true,1,
7296073207122,false,3 מגבונים נשטפים,,IL,3 מגבונים נשטפים,יחידה,1.00,יחידה,false,0,11.50,11.50,true,1,
7296073208624,false,סילאן לחיץ,,IL,סילאן לחיץ,גרמים,400.00,100 גרם,false,0,13.40,3.35,true,1,
7296073209829,false,פטריות חתוכות דל נתרן400,פרוצ'אמפ,NL,פטריות חתוכות,גרמים,400.00,100 גרם,false,0,6.80,1.70,true,1,
7296073209928,false,בייגלה שטוח,,IL,בייגלה שטוח,גרמים,300.00,100 גרם,false,0,8.50,2.83,true,1,
7296073209935,false,בייגלה שטוח,,IL,בייגלה שטוח,גרמים,300.00,100 גרם,false,0,8.50,2.83,true,1,
7296073211624,false,"פילה אמנון ק""ג",שופרסל,CN,פילה אמנון,קילוגרמים,0.00,"ק""ג",true,0,42.90,42.90,true,1,
7296073211679,false,קורנפלקס,,DK,קורנפלקס,גרמים,500.00,100 גרם,false,0,17.90,3.58,true,1,
7296073211686,false,לחמניות המבורגר,,IL,לחמניות המבורגר,יחידה,1.00,יחידה,false,0,13.90,13.90,true,1,
7296073211969,false,וופל בלגי שופרסל 200 גרם,גילרו,IL,וופל בלגי,גרמים,200.00,100 גרם,false,0,4.60,2.30,true,1,
7296073212089,false,מרק פטריות שופרסל 400גרם,פרי גליל,IL,מרק פטריות,גרמים,400.00,100 גרם,false,0,17.70,4.43,true,1,
7296073212119,false,מרק טעם עוף שופרסל400ג,פרי גליל,IL,מרק טעם עוף,גרמים,400.00,100 גרם,false,0,11.30,2.83,true,1,
7296073213949,false,ג'ל כביסה מרוכז,,IL,ג'ל כביסה מרוכז,ליטרים,3.00,ליטר,false,0,24.70,8.23,true,1,
7296073214113,false,חצאי משמש בסירופ,,CN,חצאי משמש בסירופ,גרמים,820.00,100 גרם,false,0,9.80,1.20,true,1,
7296073214120,false,חתיכות אננס,,TH,חתיכות אננס,גרמים,850.00,100 גרם,false,0,7.20,0.85,true,1,
7296073214137,false,פלחי אפרסקים,,CN,פלחי אפרסקים,גרמים,820.00,100 גרם,false,0,9.00,1.10,true,1,
7296073214144,false,פלחי אפרסקים,,IL,פלחי אפרסקים,גרמים,312.00,100 גרם,false,0,5.90,1.89,true,1,
7296073215820,false,כורכום טחון,,IL,כורכום טחון,גרמים,100.00,100 גרם,false,0,8.90,8.90,true,1,
7296073215851,false,כורכום במיכל,,IL,כורכום במיכל,גרמים,100.00,100 גרם,false,0,11.30,11.30,true,1,
7296073215912,false,קנמון טחון,,IL,קנמון טחון,גרמים,100.00,100 גרם,false,0,7.30,7.30,true,1,
7296073215943,false,אורגנו בשקית,,IL,אורגנו בשקית,גרמים,20.00,100 גרם,false,0,6.00,30.00,true,1,
7296073215967,false,שוםגבישי,,IL,שוםגבישי,גרמים,100.00,100 גרם,false,0,11.00,11.00,true,1,
7296073215974,false,שום גבישי,,IL,שום גבישי,גרמים,120.00,100 גרם,false,0,12.00,10.00,true,1,
7296073216001,false,תערובת תיבול עוף,,IL,תערובת תיבול עוף,גרמים,100.00,100 גרם,false,0,7.90,7.90,true,1,
7296073216018,false,תערובת תיבול,,IL,תערובת תיבול,גרמים,100.00,100 גרם,false,0,8.90,8.90,true,1,
7296073216025,false,תערובת תיבול,,IL,תערובת תיבול,גרמים,100.00,100 גרם,false,0,11.30,11.30,true,1,
7296073216032,false,תערובת גריל עוף,,IL,תערובת גריל עוף,גרמים,150.00,100 גרם,false,0,12.00,8.00,true,1,
7296073216049,false,תערוב תיבול,,IL,תערוב תיבול,גרמים,100.00,100 גרם,false,0,7.30,7.30,true,1,
7296073216056,false,תיבול לשווארמה,,IL,תיבול לשווארמה,גרמים,100.00,100 גרם,false,0,8.90,8.90,true,1,
7296073216070,false,פטרוזיליה תבלין,,IL,פטרוזיליה תבלין,גרמים,20.00,100 גרם,false,0,7.40,37.00,true,1,
7296073216094,false,בהרט,,IL,בהרט,גרמים,100.00,100 גרם,false,0,7.80,7.80,true,1,
7296073216117,false,אבקת קרי,,IL,אבקת קרי,גרמים,100.00,100 גרם,false,0,6.40,6.40,true,1,
7296073216124,false,בזיליקום תבלין,,IL,בזיליקום תבלין,גרמים,30.00,100 גרם,false,0,5.40,18.00,true,1,
7296073216148,false,פלפל שחור טחון,,IL,פלפל שחור טחון,גרמים,100.00,100 גרם,false,0,13.80,13.80,true,1,
7296073216155,false,פלפל שחור,,IL,פלפל שחור,גרמים,40.00,100 גרם,false,0,11.20,28.00,true,1,
7296073216162,false,פלפל שחור,,IL,פלפל שחור,גרמים,100.00,100 גרם,false,0,13.90,13.90,true,1,
7296073216223,false,פפריקה מתוקה,,IL,פפריקה מתוקה,גרמים,80.00,100 גרם,false,0,5.50,6.88,true,1,
7296073216254,false,פפריקה מתוקה,,IL,פפריקה מתוקה,גרמים,400.00,100 גרם,false,0,25.10,6.28,true,1,
7296073216261,false,פפריקה מתוקה,,IL,פפריקה מתוקה,גרמים,80.00,100 גרם,false,0,7.10,8.88,true,1,
7296073216292,false,פפריקה חריפה,,IL,פפריקה חריפה,גרמים,80.00,100 גרם,false,0,5.50,6.88,true,1,
7296073216308,false,פפריקה חריפה,,IL,פפריקה חריפה,גרמים,100.00,100 גרם,false,0,12.00,12.00,true,1,
7296073216315,false,מלח לימון,,IL,מלח לימון,גרמים,100.00,100 גרם,false,0,7.60,7.60,true,1,
7296073216339,false,מלח לימון,,IL,מלח לימון,גרמים,700.00,100 גרם,false,0,24.30,3.47,true,1,
7296073217602,false,נייר טואלט,,IL,נייר טואלט,מטרים,662.00,100 מטר,false,0,36.90,5.57,true,1,
7296073218159,false,תיבול לקציצות,,IL,תיבול לקציצות,גרמים,100.00,100 גרם,false,0,6.40,6.40,true,1,
7296073218166,false,פלפל אנגלי שלם,,IL,פלפל אנגלי שלם,גרמים,25.00,100 גרם,false,0,7.00,28.00,true,1,
7296073218173,false,תיבול גריל דג,,IL,תיבול גריל דג,גרמים,100.00,100 גרם,false,0,6.40,6.40,true,1,
7296073218234,false,סוכר חום אורגני,,IL,סוכר חום אורגני,קילוגרמים,1.00,"ק""ג",false,0,12.80,12.80,true,1,
7296073218661,false,מטליות לרצפה 3יח,,CN,מטליות לרצפה 3יח,יחידה,1.00,יחידה,false,0,22.80,22.80,true,1,
7296073218753,false,פתי בר,,NL,פתי בר,גרמים,500.00,100 גרם,false,0,9.90,1.98,true,1,
7296073218807,false,בישקוטים,,IT,בישקוטים,גרמים,200.00,100 גרם,false,0,5.00,2.50,true,1,
7296073218920,false,לחם אחיד פרוס שופרסל 750,מאפיית שלמה א. אנג'ל,IL,לחם אחיד פרוס,גרמים,750.00,100 גרם,false,0,6.79,0.91,true,1,
7296073219118,false,אבקת כביסה,,IL,אבקת כביסה,קילוגרמים,2.50,"ק""ג",false,0,18.90,7.56,true,1,
7296073219255,false,קפה נמס,,IL,קפה נמס,גרמים,200.00,100 גרם,false,0,13.80,6.90,true,1,
7296073219262,false,קפה טורקי עם הל,,IL,קפה טורקי עם הל,גרמים,100.00,100 גרם,false,0,6.70,6.70,true,1,
7296073219330,false,לחם אחיד פרוס,,IL,לחם אחיד פרוס,גרמים,750.00,100 גרם,false,0,6.79,0.91,true,1,
7296073219347,false,לחם אחיד פרוס750ג שופרסל,מאפית ברמן,IL,לחם אחיד פרוס,גרמים,750.00,100 גרם,false,0,6.79,0.91,true,1,
7296073219576,false,שקיות אשפה,,IL,שקיות אשפה,יחידה,1.00,יחידה,false,0,22.90,22.90,true,1,
7296073219606,false,כדורי דגנים,,IL,כדורי דגנים,גרמים,500.00,100 גרם,false,0,12.90,2.58,true,1,
7296073219668,false,עלי גפן ממולאים 400 גרם,LTD ESME,TR,עלי גפן ממולאים,גרמים,400.00,100 גרם,false,0,8.70,2.18,true,1,
7296073219675,false,פלפל שחור גרוס,,IL,פלפל שחור גרוס,גרמים,80.00,100 גרם,false,0,11.20,14.00,true,1,
7296073219880,false,פודינג שוקולד,,IL,פודינג שוקולד,גרמים,95.00,100 גרם,false,0,5.20,5.47,true,1,
7296073219897,false,פודינג וניל,,IL,פודינג וניל,גרמים,80.00,100 גרם,false,0,5.20,6.50,true,1,
7296073219927,false,ג'לי תות,,IL,ג'לי תות,גרמים,85.00,100 גרם,false,0,5.80,6.82,true,1,
7296073219941,false,חטיף דגנים שוקו+שוק23*6ג,back and Snack,AT,חטיף דגנים,גרמים,138.00,100 גרם,false,0,10.90,7.90,true,1,
7296073219958,false,חט.דגנים שוקו+מריר23*6ג,back and Snack,AT,חטיף דגנים,גרמים,138.00,100 גרם,false,0,10.90,7.90,true,1,
7296073219965,false,חט.דגנים שוק.חלב+בוט23*6,back and Snack,AT,חטיף בוטנים,גרמים,138.00,100 גרם,false,0,10.90,7.90,true,1,
7296073220008,false,ממתיק על בסיס סוכרלוז100,"ביסקול בע""מ",IL,ממתיק סוכרלוז,גרמים,100.00,100 גרם,false,0,17.90,17.90,true,1,
7296073220077,false,שוקולד חלב,,CH,שוקולד חלב,גרמים,100.00,100 גרם,false,0,5.90,5.90,true,1,
7296073220176,false,מרשמלו ורוד לבן,,IL,מרשמלו ורוד לבן,גרמים,180.00,100 גרם,false,0,5.90,3.28,true,1,
7296073220183,false,עוגיות שוקוצ'יפס,,DE,עוגיות שוקוצ'יפס,גרמים,225.00,100 גרם,false,0,8.90,3.96,true,1,
7296073220275,false,וופל ט.שוקולד שופרסל500ג,מנעמים,IL,וופל טעם שוקולד,גרמים,500.00,100 גרם,false,0,9.90,1.98,true,1,
7296073220282,false,וופלים ט.לימון שופרסל500,מנעמים,IL,וופל טעם לימון,גרמים,500.00,100 גרם,false,0,9.90,1.98,true,1,
7296073220404,false,פטל אדום קפוא שופרסל 300,d.o.o Lukowa,YU,פטל אדום,גרמים,300.00,100 גרם,false,0,16.90,5.63,true,1,
7296073220411,false,אוכמניות קפוא שופרסל 300,d.o.o Lukowa,YU,אוכמניות,גרמים,300.00,100 גרם,false,0,16.90,5.63,true,1,
7296073220428,false,חמוציות קפוא שופרסל 300,d.o.o Lukowa,IL,חמוציות,גרמים,300.00,100 גרם,false,0,16.90,5.63,true,1,
7296073220435,false,מיקס פירות יער קפוא 300,d.o.o Lukowa,YU,מיקס פירות יער,גרמים,300.00,100 גרם,false,0,16.90,5.63,true,1,
7296073220442,false,דובדבן קפוא שופרסל 300גר,d.o.o Lukowa,YU,דובדבן,גרמים,300.00,100 גרם,false,0,16.90,5.63,true,1,
7296073221319,false,"כף קרם ח""פ 100 יח'",.,IL,"כף קרם ח""פ",יחידה,1.00,יחידה,false,0,8.90,8.90,true,1,
7296073221326,false,"כפית קרם ח""פ 100 יח'",.,IL,"כפית קרם ח""פ",יחידה,1.00,יחידה,false,0,6.90,6.90,true,1,
7296073221333,false,"מזלג קרם ח""פ 100 יח'",.,IL,"מזלג קרם ח""פ",יחידה,1.00,יחידה,false,0,8.90,8.90,true,1,
7296073221340,false,"סכין קרם ח""פ 100 יח'",.,IL,"סכין קרם ח""פ",יחידה,1.00,יחידה,false,0,8.90,8.90,true,1,
7296073221791,false,וופל בטעם אגוזים 400 גרם,מנעמים,IL,וופל אגוזים,גרמים,400.00,100 גרם,false,0,9.90,2.48,true,1,
7296073222200,false,פסטרמה הודו על גחלים שופ,מעדני יחיעם,IL,פסטרמה הודו,גרמים,300.00,100 גרם,false,0,21.70,7.23,true,1,
7296073222217,false,צמד חמד שופרסל 600 גרם,מעדני יחיעם,IL,צמד חמד נקניק,גרמים,600.00,100 גרם,false,0,22.90,3.82,true,1,
7296073222255,false,סלמי מעושן שופרסל 400 גר,מעדני יחיעם,IL,סלמי מעושן,גרמים,400.00,100 גרם,false,0,22.90,5.73,true,1,
7296073222262,false,קבנוס שופרסל 100 גרם,מעדני יחיעם,IL,קבנוס,גרמים,100.00,100 גרם,false,0,7.90,7.90,true,1,
7296073222279,false,נקניקיות וינר שופרסל 1קג,מעדני יחיעם,IL,נקניקיות וינר,קילוגרמים,1.00,"ק""ג",false,0,24.20,24.20,true,1,
7296073222309,false,ג'חנון קפוא שופרסל 650 ג,אופרה,IL,ג'חנון קפוא שופר,גרמים,650.00,100 גרם,false,0,12.80,1.97,true,1,
7296073222316,false,ג'חנון אפוי שופרסל 650ג,אופרה,IL,ג'חנון אפוי שופר,גרמים,650.00,100 גרם,false,0,15.80,2.43,true,1,
7296073222811,false,סילאן טבעי,,IL,סילאן טבעי,גרמים,340.00,100 גרם,false,0,17.70,5.21,true,1,
7296073223061,false,תה ירוק,,LK,תה ירוק,גרמים,37.00,100 גרם,false,0,15.80,42.70,true,1,
7296073223085,false,תה ירוק,,LK,תה ירוק,גרמים,37.00,100 גרם,false,0,15.80,42.70,true,1,
7296073223115,false,תה קלאסי,,LK,תה קלאסי,גרמים,150.00,100 גרם,false,0,7.90,5.27,true,1,
7296073223993,false,מזון חתולים,,IL,מזון חתולים,גרמים,400.00,100 גרם,false,0,8.00,2.00,true,1,
7296073224013,false,מזון חתולים,,FR,מזון חתולים,גרמים,400.00,100 גרם,false,0,8.00,2.00,true,1,
7296073224020,false,מזון חתולים,,FR,מזון חתולים,גרמים,400.00,100 גרם,false,0,8.00,2.00,true,1,
7296073224037,false,מזון כלבים,,FR,מזון כלבים,גרמים,400.00,100 גרם,false,0,7.90,1.98,true,1,
7296073224044,false,מזון לכלב,,FR,מזון לכלב,גרמים,400.00,100 גרם,false,0,7.90,1.98,true,1,
7296073224051,false,מזון כלבים,,FR,מזון כלבים,גרמים,400.00,100 גרם,false,0,7.90,1.98,true,1,
7296073224365,false,קמח שמרים,,IL,קמח שמרים,קילוגרמים,1.00,"ק""ג",false,0,7.90,7.90,true,1,
7296073224389,false,אורז חום,,IL,אורז חום,גרמים,500.00,100 גרם,false,0,11.80,2.36,true,1,
7296073224402,false,גרגירי חומוס,,IL,גרגירי חומוס,גרמים,500.00,100 גרם,false,0,11.80,2.36,true,1,
7296073224488,false,בורגול אורגני,,IL,בורגול אורגני,גרמים,500.00,100 גרם,false,0,8.80,1.76,true,1,
7296073224600,false,"חומוס שופרסל 1 ק""ג",סלטי שמיר,IL,סלט חומוס,קילוגרמים,1.00,"ק""ג",false,0,10.90,10.90,true,1,
7296073224631,false,"אורז פרסי שופרסל 1 ק""ג",ltd co produce Uthai,TH,אורז פרסי,קילוגרמים,1.00,"ק""ג",false,0,6.80,6.80,true,1,
7296073224754,false,חליטת פירות יער שופרסל25,רפאלס,DE,חליטת פירות יער,גרמים,50.00,100 גרם,false,0,10.00,20.00,true,1,
7296073224761,false,חליטת נענע שופרסל 25שק,רפאלס,DE,חליטת נענע,גרמים,50.00,100 גרם,false,0,10.00,20.00,true,1,
7296073224778,false,חליטת ורד הבר שופרסל25שק,רפאלס,DE,חליטת ורד הבר,גרמים,62.00,100 גרם,false,0,10.00,16.13,true,1,
7296073224785,false,חליטת קמומיל שופרסל 25שק,רפאלס,DE,חליטת קמומיל,גרמים,37.00,100 גרם,false,0,10.00,27.03,true,1,
7296073224815,false,מרכך מרוכז כחול,,IL,מרכך מרוכז כחול,ליטרים,1.00,ליטר,false,0,11.90,11.90,true,1,
7296073224822,false,מרכך מרוכז ורוד,,IL,מרכך מרוכז ורוד,ליטרים,1.00,ליטר,false,0,11.90,11.90,true,1,
7296073224839,false,מרכך מרוכז לבן,,IL,מרכך מרוכז לבן,ליטרים,1.00,ליטר,false,0,11.90,11.90,true,1,
7296073224846,false,מרכך מרוכז סגול,,IL,מרכך מרוכז סגול,ליטרים,1.00,ליטר,false,0,11.90,11.90,true,1,
7296073224884,false,לקט ירקות שופרסל 800גרם,ARDO,BE,לקט ירקות,גרמים,800.00,100 גרם,false,0,18.70,2.34,true,1,
7296073225010,false,ריבועי דגנים+קינמון500גר,פודס,LT,ריבועי דגנים,גרמים,500.00,100 גרם,false,0,12.90,2.58,true,1,
7296073225072,false,לחמניות שופרסל 6יח75*גר,מאפיית שלמה א. אנג'ל,IL,לחמניות 6יחידות,גרמים,450.00,100 גרם,false,0,9.90,2.20,true,1,
7296073225195,false,שמ.זית אורג.כתית גרין750,OLIVENSA,ES,שמן זית אורגני,ליטרים,0.75,ליטר,false,1,46.90,62.53,true,1,
7296073225218,false,משמש מיובש 200גרם שופרסל,SA AKCA OSMAN,IL,משמש מארז 200גרם,גרמים,200.00,100 גרם,false,0,13.90,6.95,true,1,
7296073225249,false,ג.חמניה ללא מלח200ג שופר,ששון,IL,גרעין חמנייה,גרמים,200.00,100 גרם,false,0,7.80,3.90,true,1,
7296073225256,false,ג.חמניה ק.עפולה 200ג שופ,ששון,IL,גרעין חמנייה,גרמים,200.00,100 גרם,false,0,7.80,3.90,true,1,
7296073225287,false,עוגיות חיטה מלאה,,IT,עוגיות חיטה מלאה,גרמים,300.00,100 גרם,false,0,8.90,2.97,true,1,
7296073225454,false,פטל שחור קפוא שופרסל 300,d.o.o Lukowa,YU,פטל שחור קפוא,גרמים,300.00,100 גרם,false,0,16.90,5.63,true,1,
7296073225478,false,פיצה מרגריטה עם זיתים360,SOCICO CON S.R.L AR,IT,פיצה עם זיתים,גרמים,360.00,100 גרם,false,0,16.80,4.67,true,1,
7296073225492,false,רסק עגבניות 22% 260 גרם,פריניר,IL,רסק עגבניות,גרמים,260.00,100 גרם,false,0,3.60,1.38,true,1,
7296073225522,false,כוסות אספרסו חד פעמי 50,.,CN,"כוסות אספרסו ח""פ",יחידה,1.00,יחידה,false,0,6.90,6.90,true,1,
7296073225553,false,תירס בוואקום,,TH,תירס בוואקום,גרמים,340.00,100 גרם,false,0,5.90,1.74,true,1,
7296073225577,false,"וופל בלגי שוקו.ללת""ס200ג",גילרו,IL,וופל בלגי שוקולד,גרמים,200.00,100 גרם,false,0,8.80,4.40,true,1,
7296073225591,false,אורז בסמטי,,IN,אורז בסמטי,קילוגרמים,1.00,"ק""ג",false,0,14.80,14.80,true,1,
7296073225607,false,חטיפי קרקר,,IT,חטיפי קרקר,גרמים,150.00,100 גרם,false,0,8.80,5.87,true,1,
7296073225638,false,חטיפי קרקר,,IT,חטיפי קרקר,גרמים,150.00,100 גרם,false,0,8.80,5.87,true,1,
7296073225652,false,חטיף שוקובול,,FR,חטיף שוקובול,גרמים,124.00,100 גרם,false,0,10.90,8.79,true,1,
7296073225669,false,חטיף וניל פלקס,,FR,חטיף וניל פלקס,גרמים,150.00,100 גרם,false,0,10.90,7.27,true,1,
7296073225720,false,שעועית מש,,IL,שעועית מש,גרמים,500.00,100 גרם,false,0,12.80,2.56,true,1,
7296073225775,false,רצועות סלק שופרסל 400גרם,סלטי שמיר,IL,סלט סלק שופרסל,גרמים,400.00,100 גרם,false,0,8.90,2.23,true,1,
7296073226154,false,ביסקוויט שוקולד מריר125,.,DE,ביסקוויט מצופה,גרמים,125.00,100 גרם,false,0,8.80,7.04,true,1,
7296073226161,false,ביסקוויט שוקולד חלב125גר,.,DE,ביסקוויט מצופה,גרמים,125.00,100 גרם,false,0,8.80,7.04,true,1,
7296073226314,false,חיתולים שופרסל,,IL,חיתולים שופרסל,יחידה,1.00,יחידה,false,0,33.60,33.60,true,1,
7296073226321,false,חיתולים שופרסל,,IL,חיתולים שופרסל,יחידה,1.00,יחידה,false,0,33.60,33.60,true,1,
7296073226338,false,חיתולים שופרסל,,IL,חיתולים שופרסל,יחידה,1.00,יחידה,false,0,33.60,33.60,true,1,
7296073226529,false,וופל קוביות שוקולד 250גר,בלקוני,IT,וופל קוביות,גרמים,250.00,100 גרם,false,0,11.80,4.72,true,1,
7296073226536,false,וופל קוביות קרם אגוז250ג,בלקוני,IT,וופל קוביות,גרמים,250.00,100 גרם,false,0,11.80,4.72,true,1,
7296073226680,false,חט.דגנים שוק.חלב+ביסקויט,back and Snack,IL,חטיף דגנים,גרמים,138.00,100 גרם,false,0,10.90,7.90,true,1,
7296073226703,false,לפתן ליצ'י,,CN,לפתן ליצ'י,גרמים,567.00,100 גרם,false,0,6.90,1.22,true,1,
7296073227069,false,משקה בטעם ענבים,,IL,משקה בטעם ענבים,ליטרים,1.50,ליטר,false,0,5.90,3.93,true,1,
7296073227083,false,משקה בטעם תפוח,,IL,משקה בטעם תפוח,ליטרים,1.50,ליטר,false,0,5.90,3.93,true,1,
7296073227090,false,משקה בטעם אפרסק,,IL,משקה בטעם אפרסק,ליטרים,1.50,ליטר,false,0,5.90,3.93,true,1,
7296073227786,false,ביצים 12 יח,,IL,ביצים 12 יח,יחידה,1.00,יחידה,false,0,10.55,10.55,true,1,
7296073227793,false,ביצים 12 יח,,IL,ביצים 12 יח,יחידה,1.00,יחידה,false,0,11.45,11.45,true,1,
7296073227809,false,12 ביצים XL,,IL,12 ביצים XL,יחידה,1.00,יחידה,false,0,12.50,12.50,true,1,
7296073227823,false,ביצים 30 יח,,IL,ביצים 30 יח,יחידה,1.00,יחידה,false,0,28.62,28.62,true,1,
7296073228851,false,מגבונ.ללא בישום 64*5יח,שופרסל,IL,מגבונים,יחידה,1.00,יחידה,false,0,26.50,26.50,true,1,
7296073229650,false,סירופ טעם שוקולד,,IL,סירופ טעם שוקולד,גרמים,600.00,100 גרם,false,0,8.90,1.48,true,1,
7296073229667,false,סירופ טעם מייפל,,IL,סירופ טעם מייפל,גרמים,600.00,100 גרם,false,0,8.90,1.48,true,1,
7296073229674,false,פטוצ'יני 500 גרם,.,IT,פטוצ'יני,גרמים,500.00,100 גרם,false,1,4.90,0.98,true,1,
7296073229704,false,ג'ל רחצה פפאיה שופרסל750,"טרופיקל דגיל תעשיות קוסמטיקה בע""מ",IL,ג'ל רחצה,מיליליטרים,750.00,"100 מ""ל",false,0,8.80,1.17,true,1,
7296073229711,false,ג'ל רח.פסיפלורה שופרס750,"טרופיקל דגיל תעשיות קוסמטיקה בע""מ",IL,ג'ל רחצה,מיליליטרים,750.00,"100 מ""ל",false,0,8.80,1.17,true,1,
7296073229735,false,תחליב רח.קלאסי שופרסל750,"טרופיקל דגיל תעשיות קוסמטיקה בע""מ",IL,תחליב רחצה,מיליליטרים,750.00,"100 מ""ל",false,0,8.80,1.17,true,1,
7296073229742,false,תחליב רח.מאסק שופרסל750,"טרופיקל דגיל תעשיות קוסמטיקה בע""מ",IL,תחליב רחצה,מיליליטרים,750.00,"100 מ""ל",false,0,8.80,1.17,true,1,
7296073229872,false,קטשופ שופרסל 750 גרם,סוגל,PT,קטשופ,גרמים,750.00,100 גרם,false,0,7.90,1.05,true,1,
7296073229940,false,"אורז בסמטי בצנצנת 1 ק""ג",.,IN,אורז בסמטי,קילוגרמים,1.00,"ק""ג",false,0,10.00,10.00,true,1,
7296073230021,false,מנקה רצפות כחול 2 ליטר,קליר כימיקלים,IL,מנקה רצפות כחול,ליטרים,2.00,ליטר,false,0,11.90,5.95,true,1,
7296073230038,false,מנקה רצפות ורוד 2 ליטר,קליר כימיקלים,IL,מנקה רצפות,ליטרים,2.00,ליטר,false,0,11.90,5.95,true,1,
7296073230045,false,מנקה רצפות סגול 2 ליטר,קליר כימיקלים,IL,מנקה רצפות,ליטרים,2.00,ליטר,false,0,11.90,5.95,true,1,
7296073230069,false,מנקה רצפות פרקט 2 ליטר,קליר כימיקלים,IL,מנקה רצפות,ליטרים,2.00,ליטר,false,0,19.50,9.75,true,1,
7296073230076,false,מנקה רצפות שיש וקרמיקה2ל,קליר כימיקלים,IL,מנקה רצפות,ליטרים,2.00,ליטר,false,0,19.50,9.75,true,1,
7296073230090,false,חומוס 9% שומן שופרסל400ג,סלטי שמיר,IL,חומוס 9% שומן,גרמים,400.00,100 גרם,false,0,8.90,2.23,true,1,
7296073230113,false,לפתן פירות בסירופ קל225ג,.,CN,לפתן פירות,גרמים,225.00,100 גרם,false,0,5.20,2.31,true,1,
7296073230120,false,חתיכות אננס בסירופ קל825,PINEAPPL GIANT P.T.GREAT,ID,חתיכות אננס,גרמים,825.00,100 גרם,false,1,7.20,0.87,true,1,
7296073230410,false,"כוסות קפה ח""פ",,IL,"כוסות קפה ח""פ",יחידה,1.00,יחידה,false,0,7.90,7.90,true,1,
7296073230502,false,ניילון נצמד 60 מטר,אופל אריזות,IL,ניילון נצמד,מטרים,60.00,מטר,false,0,10.00,0.17,true,1,
7296073230601,false,"אורז ארוך מלא 1 ק""ג",ltd co produce Uthai,TH,אורז ארוך מלא,קילוגרמים,1.00,"ק""ג",false,0,9.10,9.10,true,1,
7296073230618,false,"אורז תאילנדי 1 ק""ג",ltd co produce Uthai,TH,אורז תאילנדי,קילוגרמים,1.00,"ק""ג",false,0,4.90,4.90,true,1,
7296073230632,false,דגני טבעות דבש 500 גרם,UAB FOODS CERERA,LT,טבעות דבש,גרמים,500.00,100 גרם,false,0,12.90,2.58,true,1,
7296073230700,false,אקונומיקה מבושמת 4 ליטר,קליר כימיקלים,IL,אקונומיקה מבושמת,ליטרים,4.00,ליטר,false,0,10.90,2.73,true,1,
7296073230724,false,אקונומיקה 4 ליטר,קליר כימיקלים,IL,אקונומיקה 4 ליטר,ליטרים,4.00,ליטר,false,0,9.80,2.45,true,1,
7296073230731,false,נוזל כלים 24% תפוח 750מל,קליר כימיקלים,IL,נוזל לכלים תפוח,מיליליטרים,750.00,"100 מ""ל",false,0,7.90,1.05,true,1,
7296073230755,false,מיץ ענבים תירוש 1 ליטר,יקבי ירושלים,IL,מיץ ענבים תירוש,ליטרים,1.00,ליטר,false,0,13.90,13.90,true,1,
7296073230816,false,נוזל לכלים 24% לימון750מ,קליר כימיקלים,IL,נוזל לכלים לימון,מיליליטרים,750.00,"100 מ""ל",false,0,7.90,1.05,true,1,
7296073230830,false,"בירה אימפורט 4.8% 330מ""ל",בוואריה,NL,בירה אימפורט,מיליליטרים,330.00,"100 מ""ל",false,0,6.20,1.88,true,1,
7296073230885,false,גלילי וופל קרם אגוזים100,מנעמים,IL,גלילי וופל,גרמים,100.00,100 גרם,false,1,5.90,5.90,true,1,
7296073230960,false,קרקר+מלח אורגני גרין250ג,נובה אינדסטריה,IT,קרקר עם מלח,גרמים,250.00,100 גרם,false,1,14.90,5.96,true,1,
7296073230977,false,קרקר+שומשום רוזמרין גרין,נובה אינדסטריה,IT,קרקר שומשום,גרמים,250.00,100 גרם,false,1,14.90,5.96,true,1,
7296073231240,false,חט.פריכיות שוקו חלב18*5ג,בנליין פודס,YU,חטיף פריכיות,גרמים,90.00,100 גרם,false,1,9.90,11.00,true,1,
7296073231264,false,חט.פריכיות שוקו תות18*5,בנליין פודס,YU,חטיף פריכיות,גרמים,90.00,100 גרם,false,1,9.90,11.00,true,1,
7296073231554,false,חלב 3% בקרטון שופרסל 1ל,מחלבות רמת הגולן,IL,חלב 3% קרטון 1ל',ליטרים,1.00,ליטר,false,1,5.40,5.40,true,1,
7296073231561,false,שמנת עמידה לקצפת38% 250ג,מחלבות רמת הגולן,IL,שמנת עמידה 38%,מיליליטרים,250.00,"100 מ""ל",false,1,5.80,2.32,true,1,
7296073231578,false,שוקו בקרטון שופרסל 1 ל',מחלבות רמת הגולן,IL,שוקו קרטון 1ליטר,ליטרים,1.00,ליטר,false,1,7.90,7.90,true,1,
7296073231691,false,חט.פריכיות שוקו תפוז18*5,בנליין פודס,YU,חטיף פריכיות,גרמים,90.00,100 גרם,false,1,9.90,11.00,true,1,
7296073232124,false,גב.פרמז'ן קשה27%שופר200ג,.,IT,משולש פרמז'ן,גרמים,200.00,100 גרם,false,1,21.90,10.95,true,1,
7296073232438,false,משקה חלב מועשר 1% 1ליטר,מחלבות רמת הגולן,IL,משקה חלב מועשר1%,ליטרים,1.00,ליטר,false,1,6.90,6.90,true,1,
7296073232445,false,משקה חלב מועשר 3% 1 ליטר,מחלבות רמת הגולן,IL,משקה חלב מועשר3%,ליטרים,1.00,ליטר,false,1,6.90,6.90,true,1,
7296073232629,false,מרגרינה ללא מלח 200 גרם,בסלר גידה וה קימייה סאן,TR,מרגרינה ללא מלח,גרמים,200.00,100 גרם,false,1,4.00,2.00,true,1,
7296073232636,false,מרגרינה בטעם חמאה 200 גר,בסלר גידה וה קימייה סאן,TR,מרגרינה ט.חמאה,גרמים,200.00,100 גרם,false,1,4.00,2.00,true,1,
7296073233299,false,"משק""ל תפוזים 1.5 ליטר","ס.משלב יזמות בע""מ",IL,"משק""ל תפוזים",ליטרים,1.50,ליטר,false,1,5.90,3.93,true,1,
7296073233305,false,"משק""ל ענבים 1.5 ליטר","ס.משלב יזמות בע""מ",IL,"משק""ל ענבים",ליטרים,1.50,ליטר,false,1,5.90,3.93,true,1,
7296073233329,false,"משק""ל אשכוליות 1.5 ליטר","ס.משלב יזמות בע""מ",IL,"משק""ל אשכוליות",ליטרים,1.50,ליטר,false,1,5.90,3.93,true,1,
7296073234128,false,עוגיות מיני פרפריות 600,גידרון,IL,עוגיות פרפריות,גרמים,600.00,100 גרם,false,1,17.70,2.95,true,1,
7296073234661,false,חטיף בוטנים שופרסל 25 גר,חטיפי העמק,IL,חטיף בוטנים,גרמים,25.00,100 גרם,false,1,1.90,7.60,true,1,
7296073234678,false,חטיף בוטנים שופרסל 80 גר,חטיפי העמק,IL,חטיף בוטנים,גרמים,80.00,100 גרם,false,1,3.80,4.75,true,1,
7296073234685,false,חטיף בוטנים 10 * 25גר,חטיפי העמק,IL,חטיף בוטנים 10יח,גרמים,250.00,100 גרם,false,1,11.90,4.76,true,1,
7296073234692,false,חטיף חיטה בטעם גריל 70ג,מנה,IL,חטיף חיטה גריל,גרמים,70.00,100 גרם,false,1,3.70,5.29,true,1,
7296073234715,false,חטיף חיטה בטעם בצל 70גרם,מנה,IL,חטיף חיטה בצל,גרמים,70.00,100 גרם,false,1,3.70,5.29,true,1,
7296073234722,false,חטיף בטעם בצל 200 גרם,מנה,IL,חטיף בטעם בצל,גרמים,200.00,100 גרם,false,1,5.00,2.50,true,1,
7296073234739,false,חטיף חיטה טעם ברביקיו70ג,מנה,IL,חטיף חיטה ברבקיו,גרמים,70.00,100 גרם,false,1,3.70,5.29,true,1,
7296073234746,false,חטיף בטעם ברביקיו 200גרם,מנה,IL,חטיף חיטה ברבקיו,גרמים,200.00,100 גרם,false,1,5.00,2.50,true,1,
7296073234753,false,חטיף תירס קלאסי 50 גרם,מנה,IL,חטיף תירס קלאסי,גרמים,50.00,100 גרם,false,1,4.70,9.40,true,1,
7296073235613,false,ממרח תמרים 450 גרם,חצר כנרת מוצרי תמר,IL,ממרח תמרים,גרמים,450.00,100 גרם,false,1,5.90,1.31,true,1,
7296073235651,false,רדיד אלומיניום כוכבים30מ,אופל אריזות,IL,רדיד אלומיניום,מטרים,30.00,מטר,false,1,12.90,0.43,true,1,
7296073235750,false,נוזל לניקוי חלונות 750מל,קליר כימיקלים,IL,נוזל לחלונות,מיליליטרים,750.00,"100 מ""ל",false,1,5.90,0.79,true,1,
7296073236221,false,גרעיני תירס ואקום 340ג,"צ'אנג 1959 בע""מ",TH,גרעיני תירס,גרמים,340.00,100 גרם,false,1,5.90,1.74,true,1,
7296073236290,false,חט.קראנצ+'שוקולד מריר5יח,ויטליה ניקול,MK,חטיפי קראנצ' 5יח,גרמים,210.00,100 גרם,false,1,13.80,6.57,true,1,
7296073236313,false,ג'ל אקונומיקה שופרסל 4ל,קליר כימיקלים,IL,ג'ל אקונומיקה,ליטרים,4.00,ליטר,false,1,12.80,3.20,true,1,
7296073236603,false,"שמנת לבישול 15% 250 מ""ל",מחלבת רמת-הגולן,IL,שמנת לבישול 15%,מיליליטרים,250.00,"100 מ""ל",false,1,6.70,2.68,true,1,
7296073236641,false,לקט למרק שופרסל 800גרם,שופרסל,,לקט למרק,גרמים,800.00,100 גרם,false,12,17.90,2.24,true,1,
7296073236658,false,לקט לקוסקוס שופרסל 800גר,שופרסל,IL,לקט לקוסקוס,גרמים,800.00,100 גרם,false,12,17.90,2.24,true,1,
7296073236771,false,סירופ בטעם תפוחים 1 ליטר,"פרי נטו משקאות בע""מ",IL,סירופ תפוחים,ליטרים,1.00,ליטר,false,1,9.90,9.90,true,1,
7296073236887,false,סלט גזר מרוקאי 400 גרם,סלטי שמיר,IL,סלט גזר מרוקאי,גרמים,400.00,100 גרם,false,1,8.90,2.23,true,1,
7296073236931,false,קליונז מופחת קלוריות500ג,מיטב,IL,קליונז,גרמים,500.00,100 גרם,false,1,9.80,1.96,true,1,
7296073237112,false,חט.שוקס כדורי דגנ.שוקו70,שקדיה,IL,חטיף שוקס,גרמים,70.00,100 גרם,false,1,4.90,7.00,true,1,
7296073237129,false,חטיף שוקס וופל חלב70גרם,שקדיה,IL,חטיף שוקס,גרמים,70.00,100 גרם,false,1,4.90,7.00,true,1,
7296073237143,false,חט.שוקס ביסקוויט מיקס70ג,שקדיה,IL,חטיף שוקס,גרמים,70.00,100 גרם,false,1,4.90,7.00,true,1,
7296073237167,false,חט.שוקס קורנפלקס חלב70ג,שקדיה,IL,חטיף שוקס,גרמים,70.00,100 גרם,false,1,4.90,7.00,true,1,
7296073237525,false,קוקטייל פירות בסירופ קל,CANNED QIWWEI LINYI,CN,קוקטייל פירות,גרמים,820.00,100 גרם,false,1,7.90,0.96,true,1,
7296073237631,false,שוק.מריר 81% 100 גרם,פריי )שוקולד(,CH,שוקולד מריר 81%,גרמים,100.00,100 גרם,false,1,11.90,11.90,true,1,
7296073237655,false,שוק.מריר 72% קקאו 100 גר,פריי )שוקולד(,CH,שוקולד מריר 72%,גרמים,100.00,100 גרם,false,1,11.90,11.90,true,1,
7296073237662,false,שוק72%. מריר תפוז 100גרם,פריי )שוקולד(,CH,שוקולד מריר תפוז,גרמים,100.00,100 גרם,false,1,11.90,11.90,true,1,
7296073237747,false,חמאה הולנדית 200 גרם,SPRL MATHOT,BE,חמאה הולנדית,גרמים,200.00,100 גרם,false,1,6.60,3.30,true,1,
7296073237754,false,חמאה הולנדית 100 גרם,SPRL MATHOT,BE,חמאה הולנדית,גרמים,100.00,100 גרם,false,1,3.30,3.30,true,1,
7296073237846,false,"אורז פרסי שופרסל 1 ק""ג",THEPTHUNGATIP,TH,אורז פרסי,קילוגרמים,1.00,"ק""ג",false,1,6.80,6.80,true,1,
7296073237853,false,קפסולות קפה שופרסל סגול,רוני רג'ואן ושות,IL,קפסולות קפה,גרמים,50.00,100 גרם,false,1,15.90,31.80,true,1,
7296073237860,false,קפסולות קפה שופרסל חום,רוני רג'ואן ושות,IL,קפסולות קפה,גרמים,50.00,100 גרם,false,1,15.90,31.80,true,1,
7296073237877,false,קפסולות קפה שופרסל זהב,רוני רג'ואן ושות,IL,קפסולות קפה,גרמים,50.00,100 גרם,false,1,15.90,31.80,true,1,
7296073237884,false,קפסולות קפה שופרסל שחור,רוני רג'ואן ושות,IL,קפסולות קפה,גרמים,50.00,100 גרם,false,1,15.90,31.80,true,1,
7296073237891,false,קפסולות קפה שופרסל אדום,רוני רג'ואן ושות,IL,קפסולות קפה,גרמים,50.00,100 גרם,false,1,15.90,31.80,true,1,
7296073238096,false,עוג.מדליון קפוצ'ינו100גר,מידור,CH,עוגיות קפוצ'ינו,גרמים,100.00,100 גרם,false,1,12.90,12.90,true,1,
7296073238102,false,עוג.מדליון שוק.מריר 100ג,מידור,CH,עוגיות מדליון,גרמים,100.00,100 גרם,false,1,12.90,12.90,true,1,
7296073238119,false,עוגיות ג'פונז שוקו 100גר,מידור,CH,עוגיות ג'פונז,גרמים,100.00,100 גרם,false,1,12.90,12.90,true,1,
7296073238126,false,עוגיות קרם שקדים+שוקו100,מידור,CH,עוגיות קרם שקדים,גרמים,100.00,100 גרם,false,1,12.90,12.90,true,1,
7296073238133,false,עוגיות מרנג קרם קקאו100ג,מידור,CH,עוגיות מרנג,גרמים,100.00,100 גרם,false,1,12.90,12.90,true,1,
7296073239239,false,"כוסות קפה ח""פ שופרסל 50",.,IL,"כוסות קפה ח""פ",יחידה,1.00,יחידה,false,1,6.90,6.90,true,1,
7296073239383,false,מיני פרלין שופרסל 100 גר,דוקדו,BE,מיני פרלין,גרמים,100.00,100 גרם,false,1,12.90,12.90,true,1,
7296073239628,false,תירס גמדי 400 גרם,CORN KARN,TH,תירס גמדי,גרמים,400.00,100 גרם,false,1,5.00,1.25,true,1,
7296073239949,false,שוק.חלב קרמל+מלח ים 100ג,פריי )שוקולד(,CH,שוקולד חלב קרמל,גרמים,100.00,100 גרם,false,1,11.90,11.90,true,1,
7296073239963,false,פיצה מרגריטה בצק עבה,שופרסל,IT,פיצה בצק עבה,גרמים,390.00,100 גרם,false,1,15.80,4.05,true,1,
7296073240228,false,עוגיות סנדוויץ שוקולד250,ויירה דה קסטרו,PT,עוגיות סנדוויץ,גרמים,250.00,100 גרם,false,1,7.90,3.16,true,1,
7296073240891,false,מיני מיקס חטיפ.מתוקים380,נאטרא,ES,מיקס חטיפים,גרמים,380.00,100 גרם,false,1,17.90,4.71,true,1,
7296073241102,false,קרואסון מילוי פודינג50*6,מידי,IT,קרואסונים 6 יח,גרמים,300.00,100 גרם,false,1,10.00,3.33,true,1,
7296073241119,false,קרואסונים מילוי שוקולד6י,מידי,IT,קרואסונים 6 יח,גרמים,300.00,100 גרם,false,1,10.00,3.33,true,1,
7296073241324,false,אננס פרוסות 850 גרם,CANNING FRUIT KUIBURI,TH,אננס פרוסות,גרמים,850.00,100 גרם,false,1,9.60,1.13,true,1,
7296073241386,false,פטרולטום טהור שופרסל100מ,ש.שוורץ,IL,פטרולטום טהור,מיליליטרים,100.00,"100 מ""ל",false,1,9.90,9.90,true,1,
7296073241416,false,פתי בר בטעם שוקו 110 גרם,אפיפית,IL,פתי בר שוקו,גרמים,110.00,100 גרם,false,1,3.50,3.18,true,1,
7296073241423,false,פתי בר בטעם וניל 110 גרם,אפיפית,IL,פתי בר וניל,גרמים,110.00,100 גרם,false,1,3.50,3.18,true,1,
7296073241935,false,נייר טואלט סופר דיל 48גל,שניב,IL,נ.טואלט סופר דיל,מטרים,860.00,100 מטר,false,1,36.90,4.29,true,1,
7296073242277,false,תאנים מיובשות300ג שופרסל,SA AKCA OSMAN,TR,תאנים 300גרם,גרמים,300.00,100 גרם,false,1,13.90,4.63,true,1,
7296073243311,false,שמן זית כתית מעולה 1ליטר,CLEMENTE OLEARIA,ES,שמן זית,ליטרים,1.00,ליטר,false,1,33.90,33.90,true,1,
7296073243328,false,"ניוקי תפו""א עגבנ.ל.ג500ג",צ'יימה,IT,"ניוקי תפו""א",גרמים,500.00,100 גרם,false,1,13.90,2.78,true,1,
7296073243335,false,"ניוקי תפו""א תרד ל.ג500גר",צ'יימה,IT,"ניוקי תפו""א תרד",גרמים,500.00,100 גרם,false,1,13.90,2.78,true,1,
7296073243663,false,קרואסון מילוי חלב+שוק300,מידי,IT,קרואסון חלב+שוקו,גרמים,300.00,100 גרם,false,1,10.00,3.33,true,1,
7296073243731,false,ריבת חלב שופרסל 400 גרם,מיה,IL,ריבת חלב שופרסל,גרמים,400.00,100 גרם,false,1,8.90,2.23,true,1,
7296073244417,false,"קורנפלקס ללא גלוטן כשל""פ",נקסקוב מילס,DK,קורנפלקס,גרמים,500.00,100 גרם,false,1,17.90,3.58,true,1,
7296073244769,false,"סוכר חום דמררה צנצ. 1ק""ג",סוגת,IL,סוכר חום דמררה,קילוגרמים,1.00,"ק""ג",false,1,10.90,10.90,true,1,
7296073245995,false,וופל בטעם שוקולד 200 גרם,מנעמים,IL,וופל שוקולד,גרמים,200.00,100 גרם,false,1,4.50,2.25,true,1,
7296073246107,false,חמאה+מלח ים אטלנטי 250ג,MATHOT ETS,BE,חמאה עם מלח ים,גרמים,250.00,100 גרם,false,1,7.90,3.16,true,1,
7296073247470,false,פטוצ'יני מצונן 300 גרם,מאפיי,IT,פסטה מצוננת,גרמים,300.00,100 גרם,false,1,8.90,2.97,true,1,
7296073247494,false,רביולי גבינה ותרד 300 גר,פסטה נונה,IL,רביולי גבינה תרד,גרמים,300.00,100 גרם,false,1,13.90,4.63,true,1,
7296073247500,false,רביולי גבינה 300 גרם,פסטה נונה,IL,רביולי גבינה,גרמים,300.00,100 גרם,false,1,13.90,4.63,true,1,
7296073247517,false,רביולי בטטה 300 גרם,פסטה נונה,IL,רביולי בטטה,גרמים,300.00,100 גרם,false,1,13.90,4.63,true,1,
7296073247524,false,רביולי גבינה ופטריות300ג,פסטה נונה,IL,רביולי גבינה,גרמים,300.00,100 גרם,false,1,13.90,4.63,true,1,
7501013132052,false,נקטר אפרסק,,MX,נקטר אפרסק,ליטרים,1.00,ליטר,false,0,12.80,12.80,true,1,
7501013132106,false,מיץ אננס טבעי,,IL,מיץ אננס טבעי,מיליליטרים,1000.00,"100 מ""ל",false,0,12.80,1.28,true,1,
7610046125709,false,וופל קאגי מריר 125 גרם,קאגי,CH,וופל קאגי מריר,גרמים,125.00,100 גרם,false,1,10.00,8.00,true,1,
7610046125716,false,וופל קאגי אגוז 125 גרם,קאגי,CH,וופל קאגי,גרמים,100.00,100 גרם,false,1,10.00,10.00,true,1,
7613032045753,false,דגנ.בוקר פיטנס שוקולד375,נסטלה,FR,פיטנס שוקולד,גרמים,375.00,100 גרם,false,0,18.90,5.04,true,1,
7613032416157,false,דגני פיטנס שקדים ודבש355,נסטלה,FR,דגני פיטנס שקדים,גרמים,355.00,100 גרם,false,0,18.90,5.32,true,1,
7613033539107,false,מחית תפוח בננה שלב2 130ג,נסטלה,PL,מחית שלב 2 מטרנה,גרמים,130.00,100 גרם,false,0,5.90,4.54,true,1,
7613033541674,false,מחית תפוח בננה שלב3 190ג,נסטלה,PL,מחית שלב 3 מטרנה,גרמים,190.00,100 גרם,false,0,6.40,3.37,true,1,
7613033548192,false,פיטנס שוקולד מריר 375גרם,נסטלה,FR,פיטנס שוקולד,גרמים,375.00,100 גרם,false,0,18.90,5.04,true,1,
7613033692383,false,"מחית תפו""ע+דגנ.שלב2 130ג",נסטלה,PL,מחית שלב 2 מטרנה,גרמים,130.00,100 גרם,false,0,5.90,4.54,true,1,
7613033975554,false,ביסקוויט מטרנה ט.טבעי180,נסטלה,IL,ביסקוויט מטרנה,גרמים,180.00,100 גרם,false,0,16.20,9.00,true,1,
7613034792785,false,מולטי צ'יריוס 565 גרם,סי.פי אנגליה,GB,מולטי צ'יריוס,גרמים,565.00,100 גרם,false,0,25.90,4.58,true,1,
7613035548374,false,דגני בוקר גולדן מיניס570,נסטלה,FR,דגני גולדן מיניס,גרמים,570.00,100 גרם,false,1,27.70,4.86,true,1,
7613600003796,false,פאל מאל סופר סלים בלו10י,bat,CH,פאל מאל חבילה,יחידה,1.00,יחידה,false,0,285.00,285.00,false,1,
7616500647268,false,שוקולד מריר+אגוזים180גר,פריי )שוקולד(,CH,שוקולד מריר,גרמים,180.00,100 גרם,false,0,19.80,11.00,true,1,
7617014149293,false,קפסולות קפה,,,קפסולות קפה,גרמים,96.00,100 גרם,false,0,25.00,26.04,true,1,
7617014149316,false,קפסולות קפה,,,קפסולות קפה,גרמים,96.00,100 גרם,false,0,25.00,26.04,true,1,
7617014149330,false,קפסולות קפה,,,קפסולות קפה,גרמים,96.00,100 גרם,false,0,25.00,26.04,true,1,
7617014149385,false,קפסולות קפה,,,קפסולות קפה,גרמים,96.00,100 גרם,false,0,25.00,26.04,true,1,
7617014149408,false,קפסולות קפה,,,קפסולות קפה,גרמים,96.00,100 גרם,false,0,25.00,26.04,true,1,
7617014153634,false,קפסולות קפה,,CH,קפסולות קפה,גרמים,96.00,100 גרם,false,0,25.00,26.04,true,1,
7617014154105,false,קפסולות קפה וניל,,CH,קפסולות קפה וניל,גרמים,96.00,100 גרם,false,0,25.00,26.04,true,1,
7622201050757,false,שוקולד מילקה קרמל 100גרם,מונדלייז,DE,שוקולד מילקה,גרמים,100.00,100 גרם,false,0,9.40,9.40,true,1,
7622300617820,false,שוקולד מילקה אוראו 100 ג,מונדלייז,DE,שוקולד מילקה,גרמים,100.00,100 גרם,false,0,9.40,9.40,true,1,
7702018872749,false,ג'ל גילוח פיוז'ן רגיש200,פרוקטר & גמבל,GB,ג'ל גילוח פיוז'ן,מיליליטרים,200.00,"100 מ""ל",false,0,29.20,14.60,true,1,
7702018872770,false,ג'ל ג.פיוז'ן זיפ.קשים200,פרוקטר & גמבל,GB,ג'ל גילוח פיוז'ן,מיליליטרים,200.00,"100 מ""ל",false,0,29.20,14.60,true,1,
7702018978106,false,"דאו.קליר ג'ל A.L 70 מ""ל",פרוקטר & גמבל,CZ,דאו.קליר ג'ל,מיליליטרים,70.00,"100 מ""ל",false,0,34.60,49.43,true,1,
7702018985708,false,דאו.ג'ילט ספריי A.L 150מ,פרוקטר & גמבל,GB,דאודורנט ספריי,מיליליטרים,150.00,"100 מ""ל",false,0,27.90,18.60,true,1,
7702174068826,false,ללקן יוגטה טעם פירות216ג,אלדור,CO,לקקן יוגטה פירות,גרמים,216.00,100 גרם,false,0,11.80,5.46,true,1,
7702174070201,false,לקקן יוגטה מגיק 216גרם,אלדור,CO,לקקן יוגטה מג'יק,גרמים,216.00,100 גרם,false,0,11.80,5.46,true,1,
7790070013644,false,חליטת ג'רבה מטה 500 גרם,מולינוס ריו דה לפלטה,AR,חליטת ג'רבה,גרמים,500.00,100 גרם,false,0,21.70,4.34,true,1,
7804414000860,false,"דון חוליו קברנה 750 מ""ל",צ'ילה לואיס פיליפה אדוארדס,CL,דון חוליו קברנה,מיליליטרים,750.00,"100 מ""ל",false,0,34.90,4.65,true,1,
7891024124826,false,קולגייט אופטיק וייט 75מל,קולגייט-פלמוליב,IL,משחת קולגייט,מיליליטרים,75.00,"100 מ""ל",false,0,24.90,33.20,true,1,
8000113003402,false,קמח תירס,,IT,קמח תירס,קילוגרמים,1.00,"ק""ג",false,0,16.70,16.70,true,1,
8000380001958,false,ממרח אגוזים לואקר 320גרם,לואקר,IT,ממרח אגוזים,גרמים,320.00,100 גרם,false,0,16.90,5.28,true,1,
8000380004676,false,ופלים לואקר וניל 200 גרם,לואקר,IT,ופלים לואקר,גרמים,200.00,100 גרם,false,0,13.60,6.80,true,1,
8000380004911,false,ופלים קואדרטיני אגוז250ג,לואקר,IT,ופל קואדרטיני,גרמים,250.00,100 גרם,false,0,15.20,6.08,true,1,
8000380004966,false,ופלים קואדרטיני קקאו250ג,לואקר,IT,ופל קואדרטיני,גרמים,250.00,100 גרם,false,0,15.20,6.08,true,1,
8000380005598,false,וופל טורטינה מריר 125גרם,לואקר,IT,וופל טורטינה,גרמים,125.00,100 גרם,false,0,13.90,11.12,true,1,
8000380007219,false,ופלים לואקר ט.אגוזים175ג,לואקר,IT,ופלים לואקר,גרמים,175.00,100 גרם,false,0,10.00,5.71,true,1,
8000380007257,false,ופלים גרדנה 200 גרם,לואקר,IT,ופלים גרדנה,גרמים,200.00,100 גרם,false,0,15.10,7.55,true,1,
8000380106028,false,וופל טורטינה אורגינל125ג,לואקר,IT,וופל טורטינה,גרמים,125.00,100 גרם,false,0,13.90,11.12,true,1,
8000500029350,false,קינדר בואנו 43*3 גרם,פררו - אלבה,IT,קינדר בואנו,גרמים,129.00,100 גרם,false,0,12.90,10.00,true,1,
8000500071083,false,שוקולד קינדר 200 גרם,פררו - אלבה,IT,שוקולד חלב קינדר,גרמים,200.00,100 גרם,false,0,15.90,7.95,true,1,
8000500075708,false,ביצי קינדר ג'וי כחול20*3,פררו - אלבה,PL,קינדר ג'וי כחול,גרמים,60.00,100 גרם,false,0,15.50,25.83,true,1,
8000500121436,false,קינדר בואנו לבן 39*3 גרם,פררו - אלבה,PL,קינדר בואנו לבן,גרמים,117.00,100 גרם,false,0,12.90,11.03,true,1,
8000500126325,false,ביצי קינדר ג'וי ורוד20*3,פררו - אלבה,PL,קינדר ג'וי ורוד,גרמים,60.00,100 גרם,false,0,15.50,25.83,true,1,
8000700000050,false,סבון דאב מוצק לבן100X4גר,יוניליוור,DE,סבון דאב רביעייה,גרמים,400.00,100 גרם,false,0,17.80,4.45,true,1,
8001620011935,false,סאן בנדטו 6 יח',,IT,סאן בנדטו 6 יח',ליטרים,3.00,ליטר,false,0,11.90,3.97,true,1,
8002270866524,false,סן פלגרינו,,IL,סן פלגרינו,ליטרים,1.00,ליטר,false,0,7.90,7.90,true,1,
8002450204009,false,"ורדי אפרסק 750 מ""ל",בוסקה,IT,ורדי אפרסק,מיליליטרים,750.00,"100 מ""ל",false,0,24.90,3.32,true,1,
8003440982594,false,מסטיק סטיקס מנטה עדינה4י,פרפטי ואן מלה,TR,מנטוס סטיקס,גרמים,76.00,100 גרם,false,1,11.40,15.00,true,1,
8003440982617,false,מסטיק סטיקס מלון+לימונ4י,פרפטי ואן מלה,TR,מנטוס סטיקס,גרמים,76.00,100 גרם,false,1,11.40,15.00,true,1,
8003440982624,false,מסטיק סטיקס פטל תפוז19*4,פרפטי ואן מלה,TR,מנטוס סטיקס,גרמים,76.00,100 גרם,false,1,11.40,15.00,true,1,
8003535038687,false,בונבונ.ויטורס,,IT,בונבונ.ויטורס,גרמים,270.00,100 גרם,false,0,44.90,16.63,true,1,
8003753900438,false,קפה אספרסו אילי,,IT,קפה אספרסו אילי,גרמים,250.00,100 גרם,false,0,52.50,21.00,true,1,
8004030026018,false,סלט מקסיקני עם טונה 160ג,בולטון,IT,סלט עם טונה,גרמים,160.00,100 גרם,false,1,14.90,9.31,true,1,
8004030044005,false,טונה ריו בשמן זית 160גרם,בולטון,IT,טונה בשמן זית,גרמים,160.00,100 גרם,false,0,14.90,9.31,true,1,
8004030344938,false,טונה בשמן זית 80*3גרם,בולטון,IT,טונה ריו מרה 3יח,גרמים,240.00,100 גרם,false,0,21.90,9.13,true,1,
8005110060007,false,עגבניות מקולפות,,,עגבניות מקולפות,גרמים,400.00,100 גרם,false,0,7.20,1.80,true,1,
8005110170300,false,עגבניות חתוכות דק 400*3ג,,,עגבניות חתוכות דק 400*3ג,קילוגרמים,1.20,"ק""ג",false,0,18.90,15.75,true,1,
8005200036561,false,נסטי מוגז בטעם אפרסק1.5ל,סן-פלגרינו,IT,נסטי מוגז אפרסק,ליטרים,1.50,ליטר,false,1,7.90,5.27,true,1,
8005200176564,false,נסטי מוגז בטעם תפוח1.5ל,סן-פלגרינו,IT,נסטי בטעם תפוח,ליטרים,1.50,ליטר,false,1,7.90,5.27,true,1,
8005200496525,false,נסטי בטעם אפרסק 1.5 ליטר,סן-פלגרינו,IT,נסטי בטעם אפרסק,ליטרים,1.50,ליטר,false,0,7.90,5.27,true,1,
8005200516520,false,נסטי דיאט טעם אפרסק 1.5ל,סן-פלגרינו,IT,נסטי דיאט אפרסק,ליטרים,1.50,ליטר,false,0,7.90,5.27,true,1,
8005200536528,false,נסטי מנגו אננס 1.5 ליטר,סן-פלגרינו,IT,נסטי מנגו אננס,ליטרים,1.50,ליטר,false,0,7.90,5.27,true,1,
8005200556526,false,נסטי בטעם לימון 1.5 ליטר,סן-פלגרינו,IT,נסטי בטעם לימון,ליטרים,1.50,ליטר,false,0,7.90,5.27,true,1,
8005200786527,false,נסטי בטעם תפוח 1.5 ליטר,סן-פלגרינו,IT,נסטי בטעם תפוח,ליטרים,1.50,ליטר,false,0,7.90,5.27,true,1,
8005200826537,false,נסטי מוגז בטעם לימון1.5ל,סן-פלגרינו,IT,נסטי מוגז לימון,ליטרים,1.50,ליטר,false,1,7.90,5.27,true,1,
8007178120310,false,"חומץ בלסמי גקובזי 500מ""ל",ג'אקובזי,IT,חומץ בלסמי,מיליליטרים,500.00,"100 מ""ל",false,0,16.90,3.38,true,1,
8010445003308,false,שמן זית כתית מעולה 750 מ,CLEMENTE OLEARIA,IT,שמן זית,גרמים,750.00,100 גרם,false,0,25.90,3.45,true,1,
8014515330196,false,עגבניות מרוסקות 400 גרם,שופרסל-ייבוא,IT,עגבניות מרוסקות,גרמים,400.00,100 גרם,false,1,6.70,1.68,true,1,
8032880800243,false,פיקניק הפתעה 50 גרם,הוסטה,IT,פיקניק הפתעה,גרמים,50.00,100 גרם,false,0,8.30,16.60,true,1,
8076800195019,false,ספגטי מס' 1 קפליני500גרם,ברילה,IT,ספגטי ברילה,גרמים,500.00,100 גרם,false,0,8.50,1.70,true,1,
8076800195132,false,אטריות בבטה מס13' 500גרם,ברילה,IT,אטריות בבטה,גרמים,500.00,100 גרם,false,0,8.50,1.70,true,1,
8076800315097,false,ספגטי בוקטיני מס9' 500גר,ברילה,IT,ספגטי בוקטיני,גרמים,500.00,100 גרם,false,0,8.50,1.70,true,1,
8076802085738,false,פנה ריגטה מס73' 500 גרם,ברילה,IL,פנה ריגטה ברילה,גרמים,500.00,100 גרם,false,0,8.50,1.70,true,1,
8076802085936,false,קונצ'יליה ריגטי 500 גרם,ברילה,IT,קונצ'יליה,גרמים,500.00,100 גרם,false,0,8.50,1.70,true,1,
8076802085981,false,פסטה פוזילי מס98' 500גרם,ברילה,IT,פוזילי ברילה,גרמים,500.00,100 גרם,false,0,8.50,1.70,true,1,
8076808050440,false,פסטה מקרוני מס44' 500 גר,ברילה,IT,מקרוני ברילה,גרמים,500.00,100 גרם,false,0,8.50,1.70,true,1,
8076808060654,false,פסטה פרפלה מס65' 500 גרם,ברילה,IL,פסטה פרפלה ברילה,גרמים,500.00,100 גרם,false,0,8.50,1.70,true,1,
8076808070882,false,קנלוני ברילה 250 גרם,ברילה,IT,קנלוני ברילה,גרמים,250.00,100 גרם,false,0,10.00,4.00,true,1,
8076809512268,false,פסטה גירנדולה מס34' 500ג,ברילה,IT,פסטה גירנדולה,גרמים,500.00,100 גרם,false,0,8.50,1.70,true,1,
8076809513388,false,רוטב לפסטה ארביאטה400גרם,ברילה,IT,רוטב לפסטה,גרמים,400.00,100 גרם,false,0,10.00,2.50,true,1,
8076809513395,false,רוטב פומודורו ברילה 400ג,ברילה,IT,רוטב עגבניות,גרמים,400.00,100 גרם,false,0,10.00,2.50,true,1,
8076809513654,false,בסיס לרוטב בולונז 400 גר,ברילה,IT,בסיס לרוטב,גרמים,400.00,100 גרם,false,0,10.00,2.50,true,1,
8076809513692,false,רוטב לפסטה נפוליטנה400גר,ברילה,IT,רוטב לפסטה,גרמים,400.00,100 גרם,false,0,10.00,2.50,true,1,
8076809513739,false,רוטב בזיליקום ברילה400גר,ברילה,IT,רוטב בזיליקום,גרמים,400.00,100 גרם,false,0,10.00,2.50,true,1,
8076809523561,false,רוטב עגבניות טוסקנה400ג,ברילה,IT,רוטב עגבניות,גרמים,400.00,100 גרם,false,0,10.00,2.50,true,1,
8076809523738,false,לזניה ברילה 500 גרם,ברילה,IT,לזניה ברילה,גרמים,500.00,100 גרם,false,0,15.00,3.00,true,1,
8076809529433,false,פנטה רגטה מחיטה מלאה500ג,ברילה,IT,פנטה רגטה,גרמים,500.00,100 גרם,false,0,10.00,2.00,true,1,
8076809537100,false,פתיתים סלנטני ברילה500ג,ברילה,IT,פתיתים סלנטיני,גרמים,500.00,100 גרם,false,0,8.50,1.70,true,1,
8410179007496,false,ספגטי בורחס 500 גרם,דה מטיאס אגרו,IT,ספגטי בורחס,גרמים,500.00,100 גרם,false,0,8.80,1.76,true,1,
8410644611203,false,קאווה אימבריקה,,ES,קאווה אימבריקה,מיליליטרים,750.00,"100 מ""ל",false,0,26.90,3.59,true,1,
8411640001043,false,"וודקה ליים ספיריט 275מ""ל",דסטילריאס מ.ג,ES,וודקה ליים,מיליליטרים,275.00,"100 מ""ל",false,0,14.80,5.38,true,1,
8411640001098,false,"וודקה אננס ספיריט 275מ""ל",דסטילריאס מ.ג,ES,וודקה אננס,מיליליטרים,275.00,"100 מ""ל",false,0,14.80,5.38,true,1,
8423207206488,false,סלים דליס מצופה שוקולד6י,סלים דליס,ES,חטיפי דגנים מרבה,גרמים,120.00,100 גרם,false,0,10.00,8.33,true,1,
8423207206495,false,סלים דליס שוקולד מריר6י,סלים דליס,ES,חטיפי דגנים מרבה,גרמים,120.00,100 גרם,false,0,10.00,8.33,true,1,
8423207208260,false,ס.דליס שוק.חלב ל.ג13*6גר,ביסצ'ורי,ES,חטיף דגנים,גרמים,78.00,100 גרם,false,1,16.90,21.67,true,1,
8423207208697,false,סלים דליס ילדים ש.לבן6יח,סלים דליס,ES,סלים דליס 6 יח,גרמים,120.00,100 גרם,false,1,10.00,8.33,true,1,
8423207208703,false,סלים דליס שוקו.מריר 6 יח,סלים דליס,ES,סלים דליס 6 יח,גרמים,120.00,100 גרם,false,1,10.00,8.33,true,1,
8425206000081,false,ריבת חלב,,IL,ריבת חלב,גרמים,450.00,100 גרם,false,0,21.70,4.82,true,1,
8590160891652,false,קפה נמס ג'קובס גולד200ג,מונדלייז,DE,קפה גיקובס גולד,גרמים,200.00,100 גרם,false,0,28.90,14.45,true,1,
8594403110173,false,בדוויזר 6 יח,,,בדוויזר 6 יח,ליטרים,1.98,ליטר,false,0,29.90,15.10,true,1,
8690521016882,false,שמפו דאב לשיער רגיל 400מ,יוניליוור,TR,שמפו דאב,מיליליטרים,400.00,"100 מ""ל",false,0,19.30,4.83,true,1,
8690572775684,false,שמפו גליס לשיער צבוע650מ,הובי קוסמטיקס,TR,שמפו גליס,מיליליטרים,650.00,"100 מ""ל",false,1,28.70,4.42,true,1,
8690632054469,false,וופל פריך פתיתי אורז 35ג,נסטלה,TR,וופל פתיתי אורז,גרמים,35.00,100 גרם,false,0,4.30,12.29,true,1,
8690637041129,false,שמפו דאב לשיער פגום 400מ,יוניליוור,TR,שמפו דאב,מיליליטרים,400.00,"100 מ""ל",false,0,19.30,4.83,true,1,
8690637073496,false,חליטת ליפטון קמומיל20שק',יוניליוור,TR,חליטת ליפטון,גרמים,30.00,100 גרם,false,0,12.50,41.67,true,1,
8690637538858,false,"דאו.אקס שוקולד 150 מ""ל",יוניליוור,TR,דאודורנט אקס,מיליליטרים,150.00,"100 מ""ל",false,0,14.90,9.93,true,1,
8690637555084,false,בדין אקסטרא פריחת התפוז,יוניליוור,TR,מרכך בדין אקסטרא,מיליליטרים,960.00,"100 מ""ל",false,0,15.90,1.66,true,1,
8690777204071,false,פלפל חריף,,TR,פלפל חריף,גרמים,640.00,100 גרם,false,0,15.40,2.41,true,1,
8690777221405,false,פלפל אדום קלוי,,,פלפל אדום קלוי,גרמים,650.00,100 גרם,false,0,15.40,2.37,true,1,
8690784511445,false,דאק לאסלה 5ב1ניחוח לבנדר,דאופלור S.P.I,IT,דאק לאסלה 5ב1,יחידה,1.00,יחידה,false,1,9.90,9.90,true,1,
8690784817110,false,גלייד לבנדר מילוי 269מל,vaill aerosol coster,TR,גלייד מילוי,מיליליטרים,269.00,"100 מ""ל",false,1,15.00,5.58,true,1,
8693323030902,false,מרשמלו ממולא גלי 500 גרם,סאאדת,IL,מרשמלו ממולא גלי,גרמים,500.00,100 גרם,false,0,18.60,3.72,true,1,
8693323031909,false,מרשמלו ממולא גלי 90 גרם,סאאדת,IL,מרשמלו ממולא גלי,גרמים,90.00,100 גרם,false,0,4.60,5.11,true,1,
8693323042028,false,יוגטה מרשמלו מגולגל 432ג,סאאדת,IL,יוגטה מרשמלו,גרמים,432.00,100 גרם,false,0,21.90,5.07,true,1,
8693323690144,false,סוכ. ג'לי תולעים חמוץ100,סאדאט,TR,סוכריות ג'לי,גרמים,100.00,100 גרם,false,1,5.90,5.90,true,1,
8697420502072,false,מיץ רימונים,,IL,מיץ רימונים,ליטרים,1.00,ליטר,false,0,20.00,20.00,true,1,
8697530910743,false,פאל מאל כחול חפיסה,bat,TR,פאל מאל חפ.,יחידה,1.00,יחידה,false,0,29.00,29.00,false,1,
8697530910750,false,פאל מאל כחול ארוך חפ.,bat,TR,פאל מאל חפ.,יחידה,1.00,יחידה,false,0,29.00,29.00,false,1,
8697530910781,false,פאל מאל אדום חפיסה,bat,TR,פאל מאל,יחידה,1.00,יחידה,false,0,29.00,29.00,false,1,
8698720485522,false,תרסיס שמן קנולה 142 גרם,גאטה,TR,תרסיס שמן קנולה,גרמים,142.00,100 גרם,false,1,16.80,11.83,true,1,
8710502139017,false,עוג.טריפל שוקוצ'יפס180גר,מרבה,NL,עוגיות שוקוצ'יפס,גרמים,180.00,100 גרם,false,0,12.00,6.67,true,1,
8710502405204,false,עוג.מרבה ממולאות שוקו175,מרבה,NL,עוגיות מרבה,גרמים,175.00,100 גרם,false,0,12.00,6.86,true,1,
8710502470028,false,עוג.שוקוצ'יפס נוגטלי160ג,מרבה,NL,עוגיות שוקוצ'יפס,גרמים,160.00,100 גרם,false,0,12.00,7.50,true,1,
8710908148293,false,אקס ספריי בלאק נייט 150מ,יוניליוור,GB,אקס ספריי גוף,מיליליטרים,150.00,"100 מ""ל",false,1,14.90,9.93,true,1,
8711600441521,false,ת.רחצה מלפפונים ותה 500,יוניליוור,DE,תחליב רחצה דאב,מיליליטרים,500.00,"100 מ""ל",false,0,19.60,3.92,true,1,
8711700665834,false,סבון מוצק דאב 100*6 גרם,יוניליוור,IL,סבון דאב שישייה,גרמים,600.00,100 גרם,false,0,25.70,4.28,true,1,
8712561594240,false,תח.רחצה דאב הזנה עמוק500,יוניליוור,DE,תחליב רחצה דאב,מיליליטרים,500.00,"100 מ""ל",false,1,19.60,3.92,true,1,
8712561645959,false,תחליב רחצה דאב פיסטוק500,יוניליוור,DE,תחליב רחצה דאב,מיליליטרים,500.00,"100 מ""ל",false,1,19.60,3.92,true,1,
8714599513781,false,קפה נמס ג'קובס גולד 200ג,ג'יי.די.אי.,RU,קפה נמס ג'קובס,גרמים,200.00,100 גרם,false,1,28.90,14.45,true,1,
8714599513866,false,קפה נמס ג'קובס קרוננג200,ג'יי.די.אי.,RU,קפה נמס ג'קובס,גרמים,200.00,100 גרם,false,1,34.90,17.45,true,1,
8714789177229,false,4 מב.קולגייט אקסטרה קלין,קולגייט-פלמוליב,VN,4 מברשות שיניים,יחידה,1.00,יחידה,false,0,11.90,11.90,true,1,
8714789402932,false,אג'קס חגיגת פרחי.ורוד1.5,קולגייט-פלמוליב,GR,אג'קס לניקוי,ליטרים,1.50,ליטר,false,0,23.10,15.40,true,1,
8714789473970,false,קולגייט טוטל אדוונס 100מ,קולגייט-פלמוליב,PL,קולגייט טוטל אדוונס 100מ,מיליליטרים,100.00,"100 מ""ל",false,0,17.90,17.90,true,1,
8714789552897,false,קולגייט טוטל אדוונס 100מ,קולגייט-פלמוליב,PL,משחת קולגייט,מיליליטרים,100.00,"100 מ""ל",false,0,17.90,17.90,true,1,
8715700419732,false,מתבל עגבניות היינץ700גרם,היינץ,NL,מתבל עגבניות,גרמים,700.00,100 גרם,false,0,14.90,2.13,true,1,
8717163559802,false,דאב קרם גוף לעור יבש 400,יוניליוור,DE,דאב קרם גוף,מיליליטרים,400.00,"100 מ""ל",false,0,32.60,8.15,true,1,
8717644256152,false,אקס ספריי גוף שוקולד150מ,יוניליוור,GB,אקס ספריי גוף,מיליליטרים,150.00,"100 מ""ל",false,1,22.70,15.13,true,1,
8717644390566,false,סבון דאב מלפפונים 100X4ג,יוניליוור,DE,סבון דאב רביעי,גרמים,400.00,100 גרם,false,0,17.80,4.45,true,1,
8718951001596,false,אג'קס ספריי לאמבטיה600מל,קולגייט-פלמוליב,GR,אג'קס לאמבטיה,מיליליטרים,600.00,"100 מ""ל",false,1,15.80,2.63,true,1,
8718951001602,false,אג'קס ספריי רב פעולות600,קולגייט-פלמוליב,GR,אג'קס רב פעולות,מיליליטרים,600.00,"100 מ""ל",false,1,15.80,2.63,true,1,
8801055706952,false,נסקפה קפוצ'ינו קרמל170גר,נסטלה,KR,קפוצ'ינו קרמל,גרמים,170.00,100 גרם,false,0,21.10,12.41,true,1,
8801055707010,false,נסקפה קפוצינו קלאסיק125ג,נסטלה,KR,נס קפה קפוצ'ינו,גרמים,125.00,100 גרם,false,0,21.10,16.88,true,1,
8850389105832,false,סאפה אלוורה תפוחים 1ליטר,FOOD GENERAL SAPANAN,TH,סאפה תפוחים,ליטרים,1.00,ליטר,false,0,9.90,9.90,true,1,
8850632604266,false,יוגטה חמוץ מקלות קולה50ג,סאאדת,TH,יוגטה ממתק חמוץ,גרמים,50.00,100 גרם,false,0,5.90,11.80,true,1,
8850632604402,false,יוגטה חמוץ שטיח מעורב50ג,סאאדת,TH,יוגטה ממתק חמוץ,גרמים,50.00,100 גרם,false,0,5.90,11.80,true,1,
8850642315923,false,ליצי שלם בסירופ קל 565 ג,פאנג אינטר פודס,TH,ליצי שלם בסירופ,גרמים,565.00,100 גרם,false,0,7.70,1.36,true,1,
8857101301008,false,רוטב צ'ילי,,TH,רוטב צ'ילי,מיליליטרים,700.00,"100 מ""ל",false,0,10.20,1.46,true,1,
8888021200126,false,סוללות AA אנרג'ייזר 4 יח,אנרג'ייזר,SG,סוללות AA רביעיה,יחידה,1.00,יחידה,false,0,15.90,15.90,true,1,
8888021200256,false,שמינית סוללות AA,אנרג'ייזר,US,שמינית סוללות,יחידה,1.00,יחידה,false,0,29.70,29.70,true,1,
8901537024014,false,אורז בסמטי,,IN,אורז בסמטי,קילוגרמים,1.00,"ק""ג",false,0,14.90,14.90,true,1,
8992760221028,false,עוגיות אוראו 137 גרם,מונדלייז,ID,עוגיות אוראו,גרמים,137.00,100 גרם,false,1,7.90,5.77,true,1,
9000100930628,false,סומט גולד 44טבליות למדיח,הנקל סוד,DE,סומט טבליות,יחידה,1.00,יחידה,false,1,37.60,37.60,true,1,
9001616202186,false,מאמ בקבוק,,,מאמ בקבוק,יחידה,1.00,יחידה,false,0,30.00,30.00,true,1,
9322969000015,false,פריכיות תירס 150 גרם,אלגם גיל,AU,פריכיות תירס,גרמים,150.00,100 גרם,false,0,13.40,8.93,true,1,
9720188050109,false,ממרח טופו בטעם טבעי 225ג,משק צוריאל תבור,US,ממרח טופו בטעם טבעי 225ג,גרמים,225.00,100 גרם,false,0,22.70,10.09,true,1,
