code,internal_code,name,manufacturer_name,manufacture_country,manufacturer_item_description,unit_qty,quantity,unit_of_measure,weighted,qty_in_package,price,unit_of_measure_price,allow_discount,status,item_id
40084107,false,ביצת קינדר הפתעה 20 גרם,פררו אס.פי.אי,IT,ביצת הפתעה,גרמים,20.00,100 גרם,false,1,5.30,26.50,true,1,
42124351,false,סוכ.מינטס ט.מנטה קלאסי18,ריגלי,PL,סוכריות מינטס,גרמים,18.00,100 גרם,false,0,3.00,16.67,true,1,
42155034,false,מסטיק פירות מעטפה 27 גרם,ריגלי,FR,מסטיק אורביט,גרמים,27.00,100 גרם,false,0,5.80,21.48,true,1,
42174479,false,מסטיק תות מעטפה 27 גרם,ריגלי,FR,אורביט מעטפה,גרמים,27.00,100 גרם,false,1,5.80,21.48,true,1,
42247388,false,מסטיק אורביט בבלמינט14יח,ריגלי,PL,אורביט בליסטר,גרמים,14.00,100 גרם,false,0,3.10,22.14,true,1,
42306757,false,מסטיק אורביט תפוח 14 גרם,ריגלי,PL,אורביט בליסטר,גרמים,14.00,100 גרם,false,1,3.10,22.14,true,1,
42306788,false,מסטיק איירוויבז אוכמנ35ג,ריגלי,GB,מסטיק איירווייבז,גרמים,35.00,100 גרם,false,1,5.70,16.29,true,1,
46024817,false,נקסט חפיסה,פיליפ מוריס,,נקסט יח',יחידה,1.00,יחידה,false,0,29.50,29.50,false,1,
54051140,false,אלפרו מעדן ט.וניל 125X4ג,אלפרו,BE,מעדן סויה 4יח',גרמים,500.00,100 גרם,false,0,14.90,2.98,true,1,
72917329,false,אגוזי 45 גרם,שטראוס,IL,חטיף אגוזי,גרמים,45.00,100 גרם,false,0,3.90,8.67,true,1,
72917367,false,חטיף טעמי 40 גרם,שטראוס,IL,חטיף טעמי,גרמים,40.00,100 גרם,false,0,3.90,9.75,true,1,
72917589,false,מקופלת חלב 25 גרם,שטראוס,IL,מקופלת חלב,גרמים,25.00,100 גרם,false,0,3.90,15.60,true,1,
72917893,false,וופל פסק זמן חלב 45 גרם,שטראוס,IL,פסק זמן חלב,גרמים,45.00,100 גרם,false,0,4.90,10.89,true,1,
72918388,false,חטיף טויסט 28 גרם,שטראוס,IL,חטיף טוויסט,גרמים,28.00,100 גרם,false,0,3.90,13.93,true,1,
72940761,false,"מילקי בטעם שוקולד 170מ""ל",שטראוס,IL,מילקי טעם שוקולד,מיליליטרים,170.00,"100 מ""ל",false,0,2.80,1.65,true,1,
72941041,false,מיני מילקי ט.שוקולד90מל,שטראוס,IL,מיני מילקי,מיליליטרים,90.00,"100 מ""ל",false,0,2.00,2.22,true,1,
72961544,false,באדי תות 3% 125 גרם,תנובה,IL,מעדן באדי תות 3%,גרמים,125.00,100 גרם,false,0,2.90,2.32,true,1,
72963104,false,חמאה 100 גרם,תנובה,IL,חמאה,גרמים,100.00,100 גרם,false,0,3.80,3.80,true,1,
72963753,false,שמ.של פעם חמוצה27% 200ג,תנובה,IL,שמנת חמוצה תנובה,גרמים,200.00,100 גרם,false,0,3.90,1.95,true,1,
72982457,false,מילקי קל טעם שוקולד170מל,שטראוס,IL,מילקי קל שוקולד,מיליליטרים,170.00,"100 מ""ל",false,0,3.90,2.29,true,1,
72983416,false,ל.מ. בלו ארוך בוקס חפ,פיליפ מוריס,,ל.מ בלו חפ.,יחידה,1.00,יחידה,false,0,33.50,33.50,false,1,
72983997,false,גולף גולד,,,גולף גולד,יחידה,1.00,יחידה,false,0,29.00,29.00,false,1,
72984000,false,גולף סילבר,,,גולף סילבר,יחידה,1.00,יחידה,false,0,29.00,29.00,false,1,
72991374,false,טיים RED יחידה,,IL,טיים RED יחידה,יחידה,1.00,יחידה,false,0,28.00,28.00,false,1,
72991404,false,אירופה יחידה,,IL,אירופה יחידה,יחידה,1.00,יחידה,false,0,28.00,28.00,false,1,
72991428,false,ברודווי 100 יח,,IL,ברודווי 100 יח,יחידה,1.00,יחידה,false,0,28.00,28.00,false,1,
72991466,false,גולף GOLD 100,,IL,גולף GOLD 100,יחידה,1.00,יחידה,false,0,29.00,29.00,false,1,
72992357,false,פסק זמן BIG-BITE 52 גרם,שטראוס,IL,פסק זמן BIG,גרמים,52.00,100 גרם,false,0,4.90,9.42,true,1,
72993637,false,דני שוקולד 1.5% 125 גרם,שטראוס,IL,דני שוקולד 1.5%,גרמים,125.00,100 גרם,false,0,2.60,2.08,true,1,
72993767,false,פסק זמן גלילית אגוזים40ג,שטראוס,IL,פסק זמן גלילית,גרמים,40.00,100 גרם,false,0,4.90,12.25,true,1,
72994269,false,מרלבורו גולד טאצ' חפיסה,פיליפ מוריס,,מרלבורו גולד חפ.,יחידה,1.00,יחידה,false,0,32.50,32.50,false,1,
72994306,false,רויאל אדום חפיסה,,IL,רויאל אדום חפיסה,יחידה,1.00,יחידה,false,0,22.50,22.50,false,1,
72994313,false,רויאל כחול חפיסה,,IL,רויאל כחול חפיסה,יחידה,1.00,יחידה,false,0,22.50,22.50,false,1,
72994610,false,נקסט100 ריסס חפיסה,פיליפ מוריס,TR,סיגריות נקסט,יחידה,1.00,יחידה,false,1,29.50,29.50,false,1,
72994634,false,סיגריות נקסט פיין אדג' ח,פיליפ מוריס,TR,סיגריות נקסט,יחידה,1.00,יחידה,false,1,26.50,26.50,false,1,
78605039,false,טיק טק דובד+פסיפלורה 16ג,פררו - אלבה,EC,סוכריות טיק טק,גרמים,16.00,100 גרם,false,0,3.30,20.63,true,1,
80042563,false,רסק עגבניות,,,רסק עגבניות,גרמים,700.00,100 גרם,false,0,12.30,1.76,true,1,
80050025,false,סוכריות טיק-טק תפוז16גרם,פררו - אלבה,IT,טיק טק תפוז,גרמים,16.00,100 גרם,false,0,3.30,20.63,true,1,
80050124,false,טיק טק סוכריות מנטה16גרם,פררו - אלבה,EC,סוכריות טיק טק,גרמים,16.00,100 גרם,false,0,3.30,20.63,true,1,
80050278,false,פררו רושה שלשה 38 גרם,פררו - אלבה,PL,פררו רושה שלשה,גרמים,37.00,100 גרם,false,0,5.50,14.86,true,1,
80052487,false,חטיף רפאלו שלשה 30 גרם,פררו - אלבה,PL,חטיף רפאלו שלשה,גרמים,30.00,100 גרם,false,0,4.90,16.33,true,1,
80052760,false,קינדר בואנו 2 * 21.5 גרם,פררו - אלבה,IT,קינדר בואנו זוג,גרמים,43.00,100 גרם,false,0,4.50,10.47,true,1,
80177609,false,אצבעות שוקולד קינדר50גרם,פררו - אלבה,IT,אצבעות קינדר,גרמים,50.00,100 גרם,false,0,4.30,8.60,true,1,
80273592,false,פלפל 4 העונות במטחנה 35ג,דרוגריה ואלימנטרי,IT,פלפל,גרמים,35.00,100 גרם,false,0,12.80,36.57,true,1,
80651000,false,שום וצ'ילי במטחנה 30 גרם,דרוגריה ואלימנטרי,IT,שום וצ'ילי מטח,גרמים,30.00,100 גרם,false,0,12.80,42.67,true,1,
80761761,false,קינדר בואנו לבן 19.5*2גר,פררו - אלבה,,קינדר בואנו לבן,גרמים,39.00,100 גרם,false,0,4.50,11.54,true,1,
80762362,false,מנטוס וויט מנטה אקליפט60,פרפטי ואן מלה,TR,מנטוס וויט,גרמים,60.00,100 גרם,false,1,9.90,16.50,true,1,
80768258,false,ביצת קינדר ג'וי ורוד20גר,פררו - אלבה,PL,קינדר ג'וי ורוד,גרמים,20.00,100 גרם,false,0,5.90,29.50,true,1,
80769699,false,מנטוס וויט פירות מנטה60ג,פרפטי ואן מלה,TR,מנטוס וויט,גרמים,60.00,100 גרם,false,0,9.90,16.50,true,1,
80773443,false,מסטיק מנטה עדינה בקבוק,פרפטי ואן מלה,TR,מסטיק מנטוס,גרמים,60.00,100 גרם,false,1,9.90,16.50,true,1,
80780595,false,מסטיק מנטה עדינה בקבוק90,פרפטי ואן מלה,TR,מסטיק מנטוס,גרמים,90.00,100 גרם,false,1,12.90,14.33,true,1,
80787075,false,מסטיק מנטוס מנטה15.5גרם,פרפטי ואן מלה,TR,מסטיק מנטוס גליל,גרמים,15.00,100 גרם,false,1,2.90,19.33,true,1,
80794233,false,מסטיק מנטוס מנטה בקבוק90,פרפטי ואן מלה,TR,מסטיק מנטוס,גרמים,90.00,100 גרם,false,1,12.90,14.33,true,1,
80798835,false,מסט.מנטוס מנטה עדין15.5ג,פרפטי ואן מלה,TR,מסטיק מנטוס גליל,גרמים,15.00,100 גרם,false,1,2.90,19.33,true,1,
80820079,false,מסטיק מנטוס3Dאוכמנ/תות33,פרפטי ואן מלה,TR,מסטיק מנטוס 3D,גרמים,33.00,100 גרם,false,0,7.50,22.73,true,1,
80831792,false,מסטיק מנטוס מעטפה מנטה33,פרפטי ואן מלה,TR,מסטיק מנטוס מעטפ,גרמים,33.00,100 גרם,false,1,7.90,23.94,true,1,
80936848,false,סוכריות טיק טק תות שדה16,פררו - אלבה,EC,טיק טק תות שדה,גרמים,16.00,100 גרם,false,0,3.30,20.63,true,1,
80938828,false,מסט.מנטוס 3D אבטיח/אננס,פרפטי ואן מלה,TR,מסטיק מנטוס,גרמים,33.00,100 גרם,false,0,7.50,22.73,true,1,
80949411,false,מסט.מנטוס בק.מנטה עדינ60,פרפטי ואן מלה,TR,מנטוס בקבוק,גרמים,60.00,100 גרם,false,1,9.90,16.50,true,1,
80974482,false,ביצת קינדר ג'וי כחול20גר,פררו - אלבה,PL,ביצת הפתעה קינדר,גרמים,20.00,100 גרם,false,0,5.90,29.50,true,1,
87108538,false,מנטוס תות גליל 37.5 גר,פרפטי ואן מלה ברדה,TR,מנטוס תות,גרמים,37.00,100 גרם,false,0,3.50,9.46,true,1,
87108712,false,מנטוס טעם פירות4יח37.5Xג,פרפטי ואן מלה ברדה,NL,מנטוס פירות 4,גרמים,150.00,100 גרם,false,0,11.30,7.53,true,1,
90162602,true,רד בול משקה אנרגיה פח250,רד בול,AT,רד בול,מיליליטרים,250.00,"100 מ""ל",false,0,8.10,3.24,true,1,
90162800,true,רד בול שוגרפרי פחית250מל,רד בול,AT,רד בול ללא סוכר,מיליליטרים,250.00,"100 מ""ל",false,0,8.10,3.24,true,1,
90424038,true,"רד בול טרופי 250 מ""ל",רד בול,AT,רד בול טרופי,מיליליטרים,250.00,"100 מ""ל",false,1,8.10,3.24,true,1,
8112100298,false,שמן שומשום,,,שמן שומשום,מיליליטרים,185.00,"100 מ""ל",false,0,9.90,5.35,true,1,
9800800056,false,ממרח נוטלה טו גו 52 גרם,פררו - אלבה,DE,ממרח נוטלה טו גו,גרמים,52.00,100 גרם,false,1,4.90,9.42,true,1,
11210002500,false,"טבסקו חריף באפאלו 150מ""ל",ניצן,US,טבסקו חריף באפאל,מיליליטרים,150.00,"100 מ""ל",false,0,23.10,15.40,true,1,
11210006508,false,"טבסקו אקסטרה חריף 60 מ""ל",ניצן,US,טבסקו אקסטרה,מיליליטרים,60.00,"100 מ""ל",false,0,15.70,26.17,true,1,
13495113537,false,קליק חום לבן מעורב 75 גר,יוניליוור,IL,קליק מעורב,גרמים,75.00,100 גרם,false,0,5.90,7.87,true,1,
16000423534,false,קראנצי שיבולת ושוקולד5יח,ג'נרל מילס,US,חטיף נייצ'ר ואלי,גרמים,210.00,100 גרם,false,0,19.90,9.48,true,1,
16000548404,false,חטיף נייטשר ואלי ש.שועל5,ג'נרל מילס,US,חטיף נייטשר ואלי,גרמים,210.00,100 גרם,false,0,19.90,9.48,true,1,
16000548503,false,נייטשר וואלי מייפל 5יח,ג'נרל מילס,US,חטיף נייטשר ואלי,גרמים,210.00,100 גרם,false,0,19.90,9.48,true,1,
16000548909,false,נייטשר וואלי גרנולה 5יח',ג'נרל מילס,US,חטיף נייטשר ואלי,גרמים,210.00,100 גרם,false,0,19.90,9.48,true,1,
16000824256,false,נייטשר ואלי חמאת בוטנ5יח,ג'נרל מילס,ES,חטיף נייטשר ואלי,גרמים,210.00,100 גרם,false,0,19.90,9.48,true,1,
18000703494,false,תערובת לעוגת וניל 500גרם,ג'נרל מילס,IL,תערובת לעוגה,גרמים,500.00,100 גרם,false,0,17.90,3.58,true,1,
21723339994,false,"רוטב דגים 300 מ""ל",טאנג סאנג הא,TH,רוטב דגים,גרמים,300.00,100 גרם,false,0,10.80,3.60,true,1,
22200956932,false,ספיד סטיק ג'ל 24/7 כחול,קולגייט-פלמוליב,US,דאודורנט ג'ל,גרמים,85.00,100 גרם,false,0,21.90,25.76,true,1,
24000154617,false,אננס שלם בסירופ,,,אננס שלם בסירופ,גרמים,825.00,100 גרם,false,0,8.90,1.08,true,1,
24000181590,false,חצאי אפרסק,,,חצאי אפרסק,גרמים,825.00,100 גרם,false,0,8.90,1.08,true,1,
33617000026,false,פת פריכה מקמח מל,,IL,פת פריכה מקמח מל,גרמים,260.00,100 גרם,false,0,13.40,5.15,true,1,
34000196173,false,טבלת XL קוקיס&קרים 113ג,הרשי שוקולד,US,טבלת קוקיס&קרים,גרמים,113.00,100 גרם,false,1,9.80,8.67,true,1,
34000239566,false,קוקיס&קרים 5 * 12.60 גרם,הרשי שוקולד,US,קוקיס&קרים,גרמים,63.00,100 גרם,false,1,5.00,7.94,true,1,
35000764522,false,משחה קולגייט מקס פרש100מ,קולגייט-פלמוליב,PL,משחת שיניים,מיליליטרים,100.00,"100 מ""ל",false,0,19.90,19.90,true,1,
36000258295,false,קלינקס לושן,,IL,קלינקס לושן,יחידה,1.00,יחידה,false,0,8.90,8.90,true,1,
36000258660,false,קלינקס לושן,,IL,קלינקס לושן,יחידה,1.00,יחידה,false,0,14.90,14.90,true,1,
38527591121,false,קוואקר קפטן קראנץ 398ג,עלית,IL,קוואקר קראנץ,גרמים,398.00,100 גרם,false,0,19.90,5.00,true,1,
38527591145,false,קפטן קראנצ' בוטנים 355ג,עלית,,קפטן קראנצ' בוטנ,גרמים,355.00,100 גרם,false,0,19.90,5.61,true,1,
38900779238,false,מיץ אננס 4 יח',,PH,מיץ אננס 4 יח',ליטרים,1.00,ליטר,false,0,14.80,14.80,true,1,
40000514510,false,עדשי מ&מ'ס בוטנים 49 גרם,מרס,US,עדשי מ&מ'ס,גרמים,49.00,100 גרם,false,1,5.00,10.20,true,1,
41390000904,false,"רוטב סויה קיקומן 444 מ""ל",קיקומן פודז אינק,US,רוטב סויה קיקומן,מיליליטרים,444.00,"100 מ""ל",false,0,14.90,3.36,true,1,
41390001079,false,"רוטב סויה דל נתרן 444מ""ל",קיקומן פודז אינק,IL,רוטב סויה,מיליליטרים,444.00,"100 מ""ל",false,0,14.90,3.36,true,1,
41390010309,false,רוטב טריאקי קיקומן 444מל,קיקומן פודז אינק,US,רוטב טריאקי,מיליליטרים,444.00,"100 מ""ל",false,0,14.90,3.36,true,1,
46214731552,false,עוגיות שוקולד צ'יפס225גר,מרבה,NL,עוגיות ש.צ'יפס,גרמים,225.00,100 גרם,false,0,10.90,4.84,true,1,
49508006008,false,בייגל דק פריך אורגינל204,סנק פקטורי,US,בייגל דק פריך,גרמים,204.00,100 גרם,false,1,11.90,5.83,true,1,
49508006206,false,בייגל דק פריך מתובל204גר,סנק פקטורי,US,בייגל דק פריך,גרמים,204.00,100 גרם,false,1,11.90,5.83,true,1,
49508100010,false,בייגל דק חרדל דבש בצל204,סנק פקטורי,US,בייגל דק,גרמים,204.00,100 גרם,false,1,11.90,5.83,true,1,
49508100034,false,בייגל דק מלח ופלפל 204גר,סנק פקטורי,US,בייגל דק פריך,גרמים,204.00,100 גרם,false,1,11.90,5.83,true,1,
50000170180,false,פריסקיז עוף ברוטב 156גרם,נסטלה פורינה,US,פריסקיז לחתול,גרמים,156.00,100 גרם,false,0,6.30,4.04,true,1,
50000292592,false,פנסי פיסט סלמון וסול 85ג,נסטלה פורינה,US,פנסי פיסט 85גר,גרמים,85.00,100 גרם,false,1,6.50,7.65,true,1,
50000421541,false,פריסקיז מיקס גריל 156גרם,נסטלה פורינה,US,פריסקיז לחתול,גרמים,156.00,100 גרם,false,0,6.30,4.04,true,1,
50000424948,false,פריסקיז דגי אוקינוס 156ג,נסטלה פורינה,US,פריסקיז לחתול,גרמים,156.00,100 גרם,false,0,6.30,4.04,true,1,
50000429448,false,פנסי פיסט סלמון לחתול85ג,נסטלה פורינה,US,פנסי פיסט לחתול,גרמים,85.00,100 גרם,false,0,6.50,7.65,true,1,
51000002846,false,"V8 מיץ ירקות 946 מ""ל",אדיר,IL,V8 מיץ ירקות,מיליליטרים,946.00,"100 מ""ל",false,0,18.90,2.00,true,1,
51500255377,false,חמאת בוטנים+שברי בוטנ454,ג'יי.אם.סמאקר,US,חמאת בוטנים,גרמים,454.00,100 גרם,false,1,17.90,3.94,true,1,
55500012046,false,כלורקס מרסס,,US,כלורקס מרסס,מיליליטרים,946.00,"100 מ""ל",false,0,18.90,2.00,true,1,
56183200003,false,סירופ מייפל אורג.טבעי250,TREAT L.B.MAPLE,CA,סירופ מייפל,מיליליטרים,250.00,"100 מ""ל",false,1,32.90,13.16,true,1,
64144090051,false,"תרסיס שמן קנולה 148 מ""ל",קונגרה,US,תרסיס שמן קנולה,מיליליטרים,148.00,"100 מ""ל",false,0,19.20,12.97,true,1,
70450020873,false,שזיפים סנסוויט 500גרם,סנסוויט גרוורס אינק,US,שזיפים סנסוויט,גרמים,500.00,100 גרם,false,0,29.90,5.98,true,1,
77245111136,false,סוכ.מאסט ריבת חלב 80 גרם,שטראוס,PL,סוכריות מאסט,גרמים,80.00,100 גרם,false,0,7.50,9.38,true,1,
77975022757,false,בייגלה אמריקאי 382 גרם,יאמאסה,US,בייגלה אמריקאי,גרמים,382.00,100 גרם,false,0,16.90,4.42,true,1,
77975034071,false,שברי בייגל ניבלרס 255גרם,סניידרס,US,שברי בייגל,גרמים,255.00,100 גרם,false,1,16.90,6.63,true,1,
77975091791,false,נאצ'וס צ'יפס מסעדות354ג,סניידרס,US,נאצ'וס צ'יפס,גרמים,354.00,100 גרם,false,1,13.90,3.93,true,1,
96086001536,false,עוגיות וניל ללא סוכר200ג,מצות אביב,IL,עוגיות וניל,גרמים,200.00,100 גרם,false,0,11.00,5.50,true,1,
482562200560,false,מסיר שומנים אסטוניש 750,אסטוניש -לידס,GB,מסיר שומנים,מיליליטרים,750.00,"100 מ""ל",false,0,11.90,1.59,true,1,
621683920159,false,פסטה אורז ספגטי,,CA,פסטה אורז ספגטי,גרמים,454.00,100 גרם,false,0,17.90,3.94,true,1,
621683920555,false,פסטה ללא גלוטן,,IL,פסטה ללא גלוטן,גרמים,454.00,100 גרם,false,0,17.90,3.94,true,1,
645692556864,false,עוגיות גרנולה צימוקים300,"אחים פפושדו ובניהם בע""מ",IL,עוגיות גרנולה,גרמים,300.00,100 גרם,false,1,11.90,3.97,true,1,
728229124771,false,צ'יפס בטטה ברביקיו 110גר,הייו סלסטיאל,US,ציפס טרה בטטה,גרמים,110.00,100 גרם,false,1,15.90,14.45,true,1,
728229130154,false,צ'יפס בטטה סלק 110 גרם,גלובל פרודאכט,US,צ'יפס בטטה סלק,גרמים,110.00,100 גרם,false,0,15.90,14.45,true,1,
728229130444,false,צ'יפס ירקות אקזוטיים טרה,היין סלסטיאל,US,צ'יפס ירקות,גרמים,110.00,100 גרם,false,0,15.90,14.45,true,1,
745092006058,false,סוכ.ג'לי בינס פקטורי100ג,ארן,IE,ג'לי בינס,גרמים,100.00,100 גרם,false,1,9.90,9.90,true,1,
763511009824,false,בי דלישס,,IL,בי דלישס,מיליליטרים,100.00,"100 מ""ל",false,0,279.00,279.00,true,1,
769904000997,false,שקדי מרק,,IL,שקדי מרק,גרמים,200.00,100 גרם,false,0,11.00,5.50,true,1,
777915888299,false,רוטב סויה,,CA,רוטב סויה,מיליליטרים,450.00,"100 מ""ל",false,0,16.90,3.76,true,1,
801541507849,false,תה טולסי אורגינל,,IN,תה טולסי אורגינל,גרמים,32.00,100 גרם,false,0,16.90,52.81,true,1,
810607023124,false,פופקורנרס חלפינו 85 גרם,פיירבנקס,US,פופקורנרס חלפינו,גרמים,85.00,100 גרם,false,1,5.00,5.88,true,1,
810607023148,false,פופקורנרס צילי 85 גרם,פיירבנקס,US,פופקורנרס צילי,גרמים,85.00,100 גרם,false,1,5.00,5.88,true,1,
810607023551,false,פופקורנרס צילי 28 גרם,פיירבנקס,US,פופקורנרס צילי,גרמים,28.00,100 גרם,false,1,2.90,10.36,true,1,
835811004936,false,כף חד פעמי מוכסף 20יחי,.,CN,"כף ח""פ מוכסף",יחידה,1.00,יחידה,false,1,5.90,5.90,true,1,
835811006053,false,קורנפלור 200 גרם,הנמל,IL,קורנפלור 200 גרם,גרמים,200.00,100 גרם,false,0,3.30,1.65,true,1,
835811008231,false,ספוג מג'יק,הנמל,DE,ספוג לבן,יחידה,1.00,יחידה,false,0,9.90,9.90,true,1,
835811009764,false,כפית חד פעמי מוכסף 20יחי,.,CN,"כפית ח""פ מוכסף",יחידה,1.00,יחידה,false,1,5.90,5.90,true,1,
835811009771,false,סכין חד פעמי מוכסף 20יחי,.,CN,"סכין ח""פ מוכסף",יחידה,1.00,יחידה,false,1,5.90,5.90,true,1,
835811009788,false,מזלג חד פעמי מוכסף 20יחי,.,CN,"מזלג ח""פ מוכסף",יחידה,1.00,יחידה,false,1,5.90,5.90,true,1,
852852004008,false,מלפפונים במלח18-25 540ג,.,IL,מלפפונים במלח,גרמים,540.00,100 גרם,false,0,13.90,2.57,true,1,
854693000034,false,רסק עגבניות+בזילקום 700ג,מוטי,IT,רסק עגבניות,גרמים,700.00,100 גרם,false,1,12.90,1.84,true,1,
856591000116,false,עוגיות מזרחיות שומשום350,עבאדי,IL,עוגיות מזרחיות,גרמים,350.00,100 גרם,false,1,10.00,2.86,true,1,
856591000444,false,מיני מזרח.חריף בקטנה200ג,עבאדי,IL,עוגיות מזרחיות,גרמים,200.00,100 גרם,false,0,10.80,5.40,true,1,
856591000451,false,מיני מזרח.מעורב ירושלמי,עבאדי,IL,עוגיות מזרחיות,גרמים,200.00,100 גרם,false,0,10.80,5.40,true,1,
856591000512,false,עוגיות מזרחיות מקלות400ג,עבאדי,IL,עוגיות מזרחיות,גרמים,400.00,100 גרם,false,0,17.40,4.35,true,1,
856591000529,false,עוג.מזרחיות מקמח מלא400ג,עבאדי,IL,עוגיות מזרחיות,גרמים,400.00,100 גרם,false,0,17.40,4.35,true,1,
856591000819,false,קרקר'ס חיטה 140 גרם,עבאדי,,קרקר'ס חיטה,גרמים,140.00,100 גרם,false,0,11.90,8.50,true,1,
884912012791,false,הני בנצ'ס קינמון 411 גרם,פוסט,US,דגני הני בנצ'ס,גרמים,411.00,100 גרם,false,1,17.90,4.36,true,1,
884912014252,false,פוסט הני בנצ'ס אלמונד411,פוסט,US,דגני הני בנצ'ס,גרמים,411.00,100 גרם,false,0,17.90,4.36,true,1,
884912102102,false,גרייט גריינס בלוברי 382ג,פוסט,US,גרייט גריינס,גרמים,382.00,100 גרם,false,1,19.90,5.21,true,1,
884912103703,false,פוסט וופל קריספ 325 גרם,פוסט,,פוסט וופל קריספ,גרמים,325.00,100 גרם,false,0,17.90,5.51,true,1,
884912126115,false,דגני גרייט גריינס דטה453,פוסט,US,דגני גרייט גרינס,גרמים,453.00,100 גרם,false,0,19.90,4.39,true,1,
884912259363,false,הני בנצ'ס פקאן 425 גרם,פוסט,US,דגני הני בנצ'ס,גרמים,425.00,100 גרם,false,1,17.90,4.21,true,1,
884912266156,false,אינסטנט ש.שועל אוכמנ425ג,פוסט,US,אינסטנט אוכמניות,גרמים,425.00,100 גרם,false,1,12.90,3.04,true,1,
884912267337,false,אניסטנט ש.שועל מייפל425ג,פוסט,US,אינסטנט מייפל,גרמים,425.00,100 גרם,false,1,12.90,3.04,true,1,
884912267344,false,אניסטנט ש.שועל טבעי425ג,פוסט,US,אינסטנט ש.שועל,גרמים,425.00,100 גרם,false,1,12.90,3.04,true,1,
893594002037,false,פופקורנרס חלפינו 28 גרם,פיירבנקס,US,פופקורנרס חלפינו,גרמים,28.00,100 גרם,false,0,2.90,10.36,true,1,
893594002051,false,פופקורנרס צ'דר 28 גרם,פיירבנקס,US,פופקורנרס צ'דר,גרמים,28.00,100 גרם,false,0,2.90,10.36,true,1,
960860015432,false,עוג.ללא סוכר מקמח מלא200,מצות אביב,IL,עוגיות ללא סוכר,גרמים,200.00,100 גרם,false,0,11.00,5.50,true,1,
3010470155299,false,פריסקיז פ.בקר וירקות400ק,נסטלה פורינה,IT,פריסקיז פטה בקר,גרמים,400.00,100 גרם,false,1,9.90,2.48,true,1,
3010470158221,false,פריסקיז פ.עוף וירקות400ג,נסטלה פורינה,IT,פריסקיז פטה עוף,גרמים,400.00,100 גרם,false,1,9.90,2.48,true,1,
3014260022082,false,2מברשת פרו אקספורט מס40',פרוקטר & גמבל,IL,מברשת אורל בי,יחידה,1.00,יחידה,false,0,41.90,41.90,true,1,
3014260022730,false,2מברשות אדוונטג' מדיום40,פרוקטר & גמבל,IL,זוג מברשות,יחידה,1.00,יחידה,false,0,22.90,22.90,true,1,
3014260023089,false,3 מברשות קלאסיק 40 מדיום,פרוקטר & גמבל,IL,3 מברשות שיניים,יחידה,1.00,יחידה,false,1,16.50,16.50,true,1,
3014260221614,false,10 סכיני גילוח בלו II +,פרוקטר & גמבל,PL,סכיני גילוח בלו,יחידה,1.00,יחידה,false,0,29.30,29.30,true,1,
3014260836665,false,מברשת אורל בי פרו אקספרט,פרוקטר & גמבל,ES,מברשת אורל בי,יחידה,1.00,יחידה,false,1,41.90,41.90,true,1,
3023470020016,false,עוגיות חמאה 150 גרם,סן מישל,FR,עוגיות חמאה,גרמים,150.00,100 גרם,false,1,12.90,8.60,true,1,
3046920017527,false,שוקולד אקסלנס פיסטוק100ג,לינדט ושפרונגלי קילשברג,FR,שוקולד אקסלנס,גרמים,100.00,100 גרם,false,1,16.00,16.00,true,1,
3046920022538,false,שוק.לינדט קרם בורלה100ג,לינדט ושפרונגלי קילשברג,FR,שוקולד לינדט,גרמים,100.00,100 גרם,false,1,17.90,17.90,true,1,
3046920022569,false,שוקולד לינדט אורנג' 100ג,לינדט ושפרונגלי קילשברג,FR,שוקולד לינדט,גרמים,100.00,100 גרם,false,1,17.90,17.90,true,1,
3046920028004,false,שוק.אקסלנס מריר70% 100גר,לינדט ושפרונגלי קילשברג,FR,שוקולד אקסלנס,גרמים,100.00,100 גרם,false,0,16.00,16.00,true,1,
3046920028370,false,שוק.לינדט אקסלנס תפוז100,לינדט ושפרונגלי קילשברג,CH,שוקולד לינדט,גרמים,100.00,100 גרם,false,0,16.00,16.00,true,1,
3046920028752,false,שוק.לינדט אקסלנס נענע100,לינדט ושפרונגלי קילשברג,FR,שוקולד לינדט,גרמים,100.00,100 גרם,false,0,16.00,16.00,true,1,
3059943015128,false,אירוויק נטול גז לבנדר345,רקיט בנקיזר,PL,אירוויק מבשם,מיליליטרים,345.00,"100 מ""ל",false,0,16.90,4.90,true,1,
3059943016507,false,אירויק ספריי לבנדר 240מל,רקיט בנקיזר,GB,אירויק ספריי,מיליליטרים,240.00,"100 מ""ל",false,0,10.00,4.17,true,1,
3141360050001,false,"קלגון ג'ל 750 מ""ל",רקיט בנקיזר,IT,"קלגון ג'ל 750מ""ל",מיליליטרים,750.00,"100 מ""ל",false,0,29.60,3.95,true,1,
3173282715027,false,שוק.חלב ממולא קרם חלב200,דיפה סאס,FR,שוקולד חלב,גרמים,200.00,100 גרם,false,1,10.90,5.45,true,1,
3178530402278,false,ביסק.גאלט חמאה+קרמל150ג,סן מישל,FR,ביסקוויט גאלט,גרמים,150.00,100 גרם,false,1,14.90,9.93,true,1,
3349666007921,false,פאקו רבאן אדט,,,פאקו רבאן אדט,מיליליטרים,100.00,"100 מ""ל",false,0,299.00,299.00,true,1,
3387390320244,false,דגני בוקר פיטנס+פירות375,נסטלה,FR,דגני פיטנס,גרמים,375.00,100 גרם,false,0,17.90,4.77,true,1,
3387390525960,false,קראנץ' דגני בוקר 500 גרם,נסטלה,FR,קראנץ דגני בוקר,גרמים,500.00,100 גרם,false,0,18.90,3.78,true,1,
3412242508027,false,נאוטיקה בלו א.ד.ט גבר100,.,IL,נאוטיקה בלו אדט,מיליליטרים,100.00,"100 מ""ל",false,0,49.90,49.90,true,1,
3412242610089,false,א.ד.ט אדידס,,IL,א.ד.ט אדידס,מיליליטרים,100.00,"100 מ""ל",false,0,39.90,39.90,true,1,
3563490014898,false,חרדל ריין דיז'ון לחיץ265,ריין דיג'ון,FR,חרדל דיז'ון,גרמים,265.00,100 גרם,false,0,11.90,4.49,true,1,
3574660115154,false,32 טמפוני או בה סופר,ג'ונסון,DE,טמפוני או בה,יחידה,1.00,יחידה,false,0,24.90,24.90,true,1,
3574660239973,false,32או בה פרוקומפורט נורמל,ג'ונסון,DE,טמפוני או בה,יחידה,1.00,יחידה,false,0,24.90,24.90,true,1,
3574660322675,false,קרפרי טנגה מבושם 58 יח',ג'ונסון,IT,קרפרי טנגה פרש,יחידה,1.00,יחידה,false,0,16.90,16.90,true,1,
3574660464399,false,64 קרפרי מגה פאק מקסי L,ג'ונסון,IT,מגן תחתון קרפרי,יחידה,1.00,יחידה,false,0,20.00,20.00,true,1,
3574660514643,false,"קרם ר""ש ניוטרוג'ינה 300מ",ג'ונסון,IL,"קרם ר""ש ניוטרוגי",מיליליטרים,300.00,"100 מ""ל",false,0,24.90,8.30,true,1,
3574660535198,false,30קרפרי מגן תחתון אלוורה,ג'ונסון,IT,קרפרי מגן תחתון,יחידה,1.00,יחידה,false,0,12.90,12.90,true,1,
3574661141022,false,12תחבושות וניה מקסי לילה,ג'ונסון,BE,תחבושות וניה,יחידה,1.00,יחידה,false,1,24.50,24.50,true,1,
3574661324241,false,60קרפרי אולטרה כותנה מבו,ג'ונסון,GB,קרפרי,יחידה,1.00,יחידה,false,1,16.90,16.90,true,1,
3574661325590,false,"ג'ונסונס מתיר קשר200מ""ל",ג'ונסון,GR,ג'ונסונס מתיר קש,מיליליטרים,200.00,"100 מ""ל",false,1,21.90,10.95,true,1,
3600522299875,false,אלביב שמן לטיפוח שיער100,kozmetik canan,FR,שמן לשיער אלביב,מיליליטרים,100.00,"100 מ""ל",false,0,39.60,39.60,true,1,
3600522344032,false,מסכת אלביב טוטל ריפיר300,kozmetik canan,IL,מסכת אלביב,מיליליטרים,300.00,"100 מ""ל",false,0,24.90,8.30,true,1,
3600522344155,false,מסכת אלביב ארג'נין 300 מ,kozmetik canan,IL,מסכת אלביב,מיליליטרים,300.00,"100 מ""ל",false,0,24.90,8.30,true,1,
3600523136155,false,"מסכה אלביב 6 שמנים300מ""ל",קוסמטיקס,TR,מסכה אלביב,מיליליטרים,300.00,"100 מ""ל",false,1,24.90,8.30,true,1,
3600523154685,false,שמפו אלביב טוטל ריפר 2ב1,קוסמטיקס,TR,שמפו אלביב,מיליליטרים,600.00,"100 מ""ל",false,1,18.70,3.12,true,1,
3600523154784,false,שמפו אלביב טוטל ריפר 600,קוסמטיקס,TR,שמפו אלביב,מיליליטרים,600.00,"100 מ""ל",false,1,18.70,3.12,true,1,
3600523165742,false,שמפו אלביב 6 שמנים 600מל,קוסמטיקס,TR,שמפו אלביב,מיליליטרים,600.00,"100 מ""ל",false,1,18.70,3.12,true,1,
3600523193134,false,ספריי לצביעה מג'יק בלונד,ליברמו,BE,ספריי צבע לשיער,מיליליטרים,75.00,"100 מ""ל",false,1,44.90,59.87,true,1,
3600523193158,false,ספריי לצביעה מג'יק חום75,ליברמו,BE,ספריי לצבית שיער,מיליליטרים,75.00,"100 מ""ל",false,1,44.90,59.87,true,1,
3600523323579,false,"שמפו אלביב ארג'נין600מ""ל",קוסמטיקס,TR,שמפו אלביב,מיליליטרים,600.00,"100 מ""ל",false,1,18.70,3.12,true,1,
3600523323593,false,"מרכך אלביב ארג'נין600מ""ל",קוסמטיקס,TR,מרכך אלביב,מיליליטרים,600.00,"100 מ""ל",false,1,18.70,3.12,true,1,
3600523524563,false,שמפו אלביב מרענן 600מ,קוסמטיקס,TR,שמפו אלביב,מיליליטרים,600.00,"100 מ""ל",false,1,18.70,3.12,true,1,
3600540308696,false,צבע קולור נטורלס שחור2.1,קוסמופול,PL,צבע לשיער גרניה,יחידה,1.00,יחידה,false,0,21.60,21.60,true,1,
3600540308863,false,צבע קולור נטורלס 5.52,קוסמופול,PL,צבע לשיער גרנייה,יחידה,1.00,יחידה,false,0,21.60,21.60,true,1,
3600541022072,false,קרם גוף גרנייה מנגו400מל,קוסמופול,PL,קרם גוף גרנייה,מיליליטרים,400.00,"100 מ""ל",false,0,15.00,3.75,true,1,
3608580730231,false,קונפיטורת תות שדה 370גרם,אנדורס,FR,קונפיטורת תות,גרמים,370.00,100 גרם,false,1,14.90,4.03,true,1,
3608580730255,false,קונפיטורת משמש 370 גרם,אנדורס,FR,קונפיטורת משמש,גרמים,370.00,100 גרם,false,1,14.90,4.03,true,1,
3608580730323,false,קונפיטורת פטל 370 גרם,אנדורס,FR,קונפיטורת פטל,גרמים,370.00,100 גרם,false,1,14.90,4.03,true,1,
3800020403631,false,חטיף קיט קט חמ.בוטנים42ג,נסטלה,BG,חטיף קיט קט,גרמים,42.00,100 גרם,false,1,3.90,9.29,true,1,
3800020444580,false,חטיף ליון פופ צ'וק 140 ג,נסטלה,BG,חטיף ליון,גרמים,140.00,100 גרם,false,0,8.90,6.36,true,1,
3838824127583,false,צבע סמי קיט פלטה6-88-,הנקל סוד,DE,צבע לשיער פלטה,יחידה,1.00,יחידה,false,0,19.90,19.90,true,1,
3838824193915,false,צבע סמי קיט פלטה מס1-0',הנקל סוד,IL,צבע סמי קיט פלטה,יחידה,1.00,יחידה,false,0,19.90,19.90,true,1,
4000417023001,false,שוק.ריטר חלב שקד שלם100ג,ריטר,DE,שוקולד ריטר,גרמים,100.00,100 גרם,false,0,8.90,8.90,true,1,
4000417024008,false,שוק.ריטר שברי עוג+אגו100,ריטר,DE,שוקולד ריטר,גרמים,100.00,100 גרם,false,1,9.90,9.90,true,1,
4000522061752,false,בייגלה מקלות מלוחים100גר,INTERSNACK,HU,בייגלה מקלות,גרמים,100.00,100 גרם,false,1,3.90,3.90,true,1,
4001518102961,false,פת חיטה 250 גרם,גריסון,DE,פת חיטה,גרמים,250.00,100 גרם,false,0,11.10,4.44,true,1,
4001518106952,false,פת חיטה מלאה 250 גרם,גריסון,DE,פת חיטה מלאה,גרמים,250.00,100 גרם,false,0,11.10,4.44,true,1,
4002103250487,false,בירה ארדינגר בהירה500מל,מבשלת ארדינגר ארדינג,DE,בירה ארדינגר,מיליליטרים,500.00,"100 מ""ל",false,1,14.40,2.88,true,1,
4002448019480,false,סיליט באנג מסיר שומן750מ,רקיט בנקיזר,IT,סיליט באנג,מיליליטרים,750.00,"100 מ""ל",false,0,10.00,1.33,true,1,
4002720005736,false,קפה פילטר מליטה 250 גרם,Kaffee Melitta,DE,קפה פילטר מליטה,גרמים,250.00,100 גרם,false,0,18.40,7.36,true,1,
4005808366392,false,שפתון לבלו כחול,ביירסדורץ,IL,שפתון לבלו כחול,יחידה,1.00,יחידה,false,1,13.90,13.90,true,1,
4005808817726,false,ניוואה קרם גילוח לגבר100,ביירסדורץ,DE,קרם גילוח לגבר,מיליליטרים,100.00,"100 מ""ל",false,0,13.10,13.10,true,1,
4005808828869,false,דאו.אקווה קול רול און50מ,ביירסדורץ,DE,דאודורנט,מיליליטרים,50.00,"100 מ""ל",false,0,17.90,35.80,true,1,
4005808831951,false,קרם גוף רגיל SHOWER IN,ביירסדורץ,IL,קרם גוף ניוואה,מיליליטרים,400.00,"100 מ""ל",false,1,29.90,7.48,true,1,
4005900816023,false,ניוואה ספרי יבש לגבר150מ,ביירסדורץ,DE,דאודורנט ניוואה,מיליליטרים,150.00,"100 מ""ל",false,0,17.90,11.93,true,1,
4006508123094,false,מליטה40 נייר פילטר מס2',Kaffee Melitta,DE,נייר לקפה פילטר,יחידה,1.00,יחידה,false,1,8.90,8.90,true,1,
4009300522935,false,תה ירוק לימונית+לואיזה20,טייקנה,DE,תה ירוק לואיזה,גרמים,30.00,100 גרם,false,0,14.90,49.67,true,1,
4009300522966,false,תה ירוק עם נענע 20 שק',טייקנה,IL,תה ירוק נענע,גרמים,30.00,100 גרם,false,0,14.90,49.67,true,1,
4009300524588,false,חליטת פירות יער20שקיק3*ג,טייקנה,IL,חליטת פירות יער,גרמים,60.00,100 גרם,false,0,11.90,19.83,true,1,
4009900385824,false,מסטיק סטיקס פפרמינט 5 יח,ריגלי,FR,מסטיק סטיקס,גרמים,65.00,100 גרם,false,0,9.90,15.23,true,1,
4009900402965,false,אורביט וייט פירות 64גרם,ריגלי,PL,אורביט בקבוקון,גרמים,64.00,100 גרם,false,0,9.90,15.47,true,1,
4009900412117,false,אורביט ספירמינט בקבוק64ג,ריגלי,PL,אורביט בקבוקון,גרמים,64.00,100 גרם,false,1,9.90,15.47,true,1,
4009900465304,false,סוכריות סקיטלס חמוץ174גר,ריגלי,CZ,סוכריות סקיטלס,גרמים,174.00,100 גרם,false,0,8.80,5.06,true,1,
4009900480215,false,סוכריות סקיטלס פירות45*4,ריגלי,CZ,סוכריות סקיטלס,גרמים,180.00,100 גרם,false,1,10.00,5.56,true,1,
4009900484305,false,מסטיק בקבוקMסוויטמינט84ג,ריגלי,PL,אורביט בקבוק,גרמים,84.00,100 גרם,false,0,10.00,11.90,true,1,
4009900487283,false,מסטיק סטיקס פירות 5 יח',ריגלי,FR,מסטיק סטיקס,גרמים,65.00,100 גרם,false,0,9.90,15.23,true,1,
4009900487405,false,מסטיק סטיקס טרופי 5 יח',ריגלי,PL,מסטיק סטיקס,גרמים,65.00,100 גרם,false,1,9.90,15.23,true,1,
4009900500166,false,סוכריות סקיטלס פירות125ג,ריגלי,CZ,סוכריות סקיטלס,גרמים,125.00,100 גרם,false,1,8.90,7.12,true,1,
4009900512329,false,מסטיק 5 בוקס ספירמינט69ג,ריגלי,RU,מסטיק פייב,גרמים,69.00,100 גרם,false,1,9.90,14.35,true,1,
4011100001220,false,מיני מרס בשקית 403 גרם,לינדט ושפרונגלי קילשברג,IL,מיני מרס,גרמים,403.00,100 גרם,false,0,22.90,5.68,true,1,
4011800568610,false,קורני סנדוויץ קרם חלב4יח,Schwartauer,IL,קורני סנדוויץ,גרמים,120.00,100 גרם,false,0,16.30,13.58,true,1,
4011800630515,false,קורני 6חט.דגנים+שוק+בננה,Schwartauer,DE,קורני חטיף דגנים,גרמים,150.00,100 גרם,false,0,11.90,7.93,true,1,
4014400907902,false,סוכ.וורטר ל.סוכר בוקס42ג,שטורק,DE,סוכריות וורטר,גרמים,42.00,100 גרם,false,0,6.20,14.76,true,1,
4015000519915,false,דאו.ספריי פינק פשיין 200,הנקל סוד,IL,דאודורנט FA,מיליליטרים,200.00,"100 מ""ל",false,0,10.90,5.45,true,1,
4015000615884,false,"דאו.ספרי FA לימון 200מ""ל",הנקל סוד,DE,דאודורנט FA,מיליליטרים,200.00,"100 מ""ל",false,0,10.90,5.45,true,1,
4015000615921,false,דאו.ספרי FA ספורט גבר200,הנקל סוד,DE,דאודורנט FA,מיליליטרים,200.00,"100 מ""ל",false,0,10.90,5.45,true,1,
4015000976268,false,גליס שמפו מיליון גלוס400,הנקל סוד,DE,שמפו גליס,מיליליטרים,400.00,"100 מ""ל",false,0,11.90,2.98,true,1,
4015400269762,false,טמפקס פרל רגולר 20יחידות,פרוקטר & גמבל,HU,טמפקס פרל,יחידה,1.00,יחידה,false,0,20.90,20.90,true,1,
4015400287223,false,טמפקס פלש לייט 30 יחידות,פרוקטר & גמבל,HU,טמפקס פלאש לייט,יחידה,1.00,יחידה,false,0,31.60,31.60,true,1,
4015400428688,false,16 אולוויז עבה נורמל+,פרוקטר & גמבל,DE,תחבושות אולוויז,יחידה,1.00,יחידה,false,0,14.40,14.40,true,1,
4015400649649,false,66פמפרס ניו בייבי מידה2,פרוקטר & גמבל,IL,חיתולי פמפרס,יחידה,1.00,יחידה,false,0,49.50,49.50,true,1,
4015400687696,false,22 פמפרס פרימיום שלב 1,פרוקטר & גמבל,IL,פמפרס פרימיום,יחידה,1.00,יחידה,false,1,21.90,21.90,true,1,
4015400690405,false,18טמפקס קומפאק פרל סופר,פרוקטר & גמבל,HU,טמפקס,יחידה,1.00,יחידה,false,1,20.90,20.90,true,1,
4015400737070,false,90פמפרס אקטיב בייבי שלב4,פרוקטר & גמבל,PL,חיתולי פמפרס,יחידה,1.00,יחידה,false,1,85.90,85.90,true,1,
4015600766658,false,שמפו הד&שולדרס 2ב1- 600,פרוקטר & גמבל,IL,שמפו הד&שולדרס,מיליליטרים,600.00,"100 מ""ל",false,0,19.90,3.32,true,1,
4015600815271,false,פנטן מרכך לחות מוגברת600,פרוקטר & גמבל,IL,פנטן מרכך,מיליליטרים,600.00,"100 מ""ל",false,0,21.90,3.65,true,1,
4015600815318,false,שמפו פנטן מגע קטיפתי600מ,פרוקטר & גמבל,FR,שמפו פנטן,מיליליטרים,600.00,"100 מ""ל",false,0,21.90,3.65,true,1,
4015600815356,false,מרכך פנטן למגע משי 600 מ,פרוקטר & גמבל,FR,מרכך פנטן,מיליליטרים,600.00,"100 מ""ל",false,0,21.90,3.65,true,1,
4015600815394,false,"פנטן 2ב1 מגע משי 600 מ""",פרוקטר & גמבל,FR,פנטן 2ב1 מגע משי,מיליליטרים,600.00,"100 מ""ל",false,0,21.90,3.65,true,1,
4015600815431,false,שמפו פנטן לשיער צבוע600מ,פרוקטר & גמבל,FR,שמפו פנטן,מיליליטרים,600.00,"100 מ""ל",false,0,21.90,3.65,true,1,
4017100198151,false,עוג.סנדוויץ היט וניל220ג,באלסן,PL,עוגיות סנדוויץ,גרמים,220.00,100 גרם,false,1,8.90,4.05,true,1,
4017100210105,false,גלילי ופל ופלטן מריר100ג,באלסן,DE,בלזן וופלטן מריר,גרמים,100.00,100 גרם,false,1,11.50,11.50,true,1,
4017100219900,false,גלילי ופל חלב וופלטן100ג,באלסן,DE,בלזן וופלטן,גרמים,100.00,100 גרם,false,0,11.50,11.50,true,1,
4017100290008,false,ביסקוויט שוקולד חלב125ג,באלסן,DE,ביסקוויט שוקולד,גרמים,125.00,100 גרם,false,0,11.50,9.20,true,1,
4017100356513,false,היט מיניס שחור לבן 130גר,באלסן,PL,היט מיניס,גרמים,130.00,100 גרם,false,1,6.30,4.85,true,1,
4017100364112,false,עוג.סנדוויץ היט קקאו220ג,באלסן,PL,עוגיות סנדוויץ,גרמים,220.00,100 גרם,false,1,8.90,4.05,true,1,
4017100366758,false,ליבניץ אנד קרים שוקו228ג,בלזן,PL,ליבניץ אנד קרים,גרמים,228.00,100 גרם,false,1,13.90,6.10,true,1,
4017100373114,false,מיניס שוקו ליבניץ 100 גר,באלסן,DE,מיניס ליבניץ,גרמים,100.00,100 גרם,false,0,7.40,7.40,true,1,
4028208000284,false,בריגיטה 80נייר פילטר מ4',Kaffee Melitta,IL,נייר לפילטר,יחידה,1.00,יחידה,false,0,12.00,12.00,true,1,
4033100014529,false,אל די סלימס חפיסה,jti,TR,אל די סלימס חפ.,יחידה,1.00,יחידה,false,0,26.50,26.50,false,1,
4033100066306,false,אל.די קלאב יח,jti,TR,אל.די.קלאב,יחידה,1.00,יחידה,false,1,26.50,26.50,false,1,
4045787068221,false,פרוטאין קולור 1-0שחור 60,הנקל סוד,DE,פרוטאין קולור,יחידה,1.00,יחידה,false,0,11.90,11.90,true,1,
4045787068313,false,פרוטאין קולור מס4.37',הנקל סוד,DE,פרוטאין קולור,יחידה,1.00,יחידה,false,0,11.90,11.90,true,1,
4045787068467,false,פרוטאין קולור מס7',הנקל סוד,DE,פרוטאין קולור,יחידה,1.00,יחידה,false,0,11.90,11.90,true,1,
4052197000017,false,"בירה בנדיקטינר 500 מ""ל",בנדיקטינר וויצבראו,DE,בירה בנדיקטינר,מיליליטרים,500.00,"100 מ""ל",false,0,11.80,2.36,true,1,
4052197000925,false,"בירה בנדיקטינר כהה500מ""ל",בנדיקטינר וויצבראו,DE,בירה בנדיקטינר,מיליליטרים,500.00,"100 מ""ל",false,0,11.80,2.36,true,1,
4052197003254,false,בירה בנדיקטינר לאגר500מ,בנדיקטינר וויצבראו,DE,בירה בנדיקטינר,מיליליטרים,500.00,"100 מ""ל",false,1,11.80,2.36,true,1,
4053700288205,false,קרם להסרת שיער רגיש100מל,רקיט בנקיזר,FR,קרם להסרת שיער,מיליליטרים,100.00,"100 מ""ל",false,0,19.90,19.90,true,1,
4062400543125,false,טקילה סיירה זהב רפסדו700,מזקקת סיארה אונידס,MX,טקילה סיירה,מיליליטרים,700.00,"100 מ""ל",false,0,89.90,12.84,true,1,
4067700014849,false,"ייגרמייסטר 700 מ""ל",יגרמייסטר,DE,יגרמייסטר,מיליליטרים,700.00,"100 מ""ל",false,1,99.90,14.27,true,1,
4072700003649,false,בירה פרנסיסקאנר,,DE,בירה פרנסיסקאנר,מיליליטרים,500.00,"100 מ""ל",false,0,13.80,2.76,true,1,
4084500078796,false,טבליות כביסה אריאל קולור,פרוקטר & גמבל,IL,טבליות לכביסה,יחידה,1.00,יחידה,false,0,39.90,39.90,true,1,
4084500853553,false,פיירי אורגינל 650מל,פרוקטר & גמבל,GB,נוזל כלים פיירי,מיליליטרים,650.00,"100 מ""ל",false,1,10.90,1.68,true,1,
4084500853836,false,"פיירי ורדים ומשי 515 מ""ל",פרוקטר & גמבל,GB,פיירי נוזל לכלים,מיליליטרים,515.00,"100 מ""ל",false,1,10.90,2.12,true,1,
4084500853898,false,פיירי אלוורה/מלפפונים515,פרוקטר & גמבל,GB,פיירי נוזל לכלים,מיליליטרים,515.00,"100 מ""ל",false,1,10.90,2.12,true,1,
4084500854581,false,"פנטן מרכך קצף לחות180מ""ל",פרוקטר & גמבל,PL,פנטן מרכך קצף,מיליליטרים,180.00,"100 מ""ל",false,1,17.90,9.94,true,1,
4084500854703,false,פנטן מרכך קצף ש.צבוע180מ,פרוקטר & גמבל,PL,פנטן מרכך קצף,מיליליטרים,180.00,"100 מ""ל",false,1,17.90,9.94,true,1,
4101730004477,false,בונ.מוצרט שוקיס 100 גרם,רבר,DE,מוצרט שוקיס,גרמים,100.00,100 גרם,false,1,16.90,16.90,true,1,
4210201305590,false,מברשת אורל בי חשמלית+3,פרוקטר & גמבל,IL,מברשת אורל בי,יחידה,1.00,יחידה,false,0,90.20,90.20,true,1,
4607109409619,false,פיניש הכל ב1- 25 טבליות,רקיט בנקיזר,PL,פיניש הכל ב1,יחידה,1.00,יחידה,false,1,24.90,24.90,true,1,
4710964104916,false,שמן שומשום,,IL,שמן שומשום,מיליליטרים,370.00,"100 מ""ל",false,0,26.70,7.22,true,1,
4751005700643,false,פילה הרינג במיץ טבעי170ג,PIEJURA,LV,פילה הרינג,גרמים,170.00,100 גרם,false,1,7.90,4.65,true,1,
4751005700650,false,פילה הרינג+רוטב עגבנ170ג,PIEJURA,LV,פילה הרינג,גרמים,170.00,100 גרם,false,1,7.90,4.65,true,1,
4751005700698,false,פילה מקרל+רוטב עגבנ170גר,PIEJURA,LV,פילה מקרל,גרמים,170.00,100 גרם,false,1,9.90,5.82,true,1,
4800888542854,false,רקסונה רול און לינן דר50,יוניליוור,TR,דאו.רקסונה,מיליליטרים,50.00,"100 מ""ל",false,0,14.90,29.80,true,1,
4891228430047,false,10 ס.גילוח אקסטרא 2 רגיש,שיק,CN,סכיני גילוח,יחידה,1.00,יחידה,false,0,21.90,21.90,true,1,
4891228430061,false,10 סכיני גילוח עם אלוורה,שיק,CN,סכיני גילוח,יחידה,1.00,יחידה,false,0,21.90,21.90,true,1,
4902430614450,false,2 אדוונטג' סופט35 להלבנה,פרוקטר & גמבל,IL,2 מברשות שיניים,יחידה,1.00,יחידה,false,1,22.90,22.90,true,1,
4903001925784,false,רוטב סויה מופחת נתרן500מ,יאמאסה,JP,רוטב סויה,מיליליטרים,500.00,"100 מ""ל",false,0,29.60,5.92,true,1,
5000146401568,false,וולייט 10 דפים שומרי צבע,רקיט בנקיזר,IT,וולייט דפים,יחידה,1.00,יחידה,false,0,14.90,14.90,true,1,
5000159407236,false,חטיף מרס 51 גרם,מרס,NL,חטיף מרס,גרמים,51.00,100 גרם,false,0,3.90,7.65,true,1,
5000159459228,false,חטיף טוויקס 50 גרם,מרס,NL,חטיף טוויקס,גרמים,50.00,100 גרם,false,0,3.90,7.80,true,1,
5000189363069,false,חטיף שוקולד אפטר אייט200,נסטלה,DE,חטיף אפטר אייט,גרמים,200.00,100 גרם,false,0,18.90,9.45,true,1,
5000198285505,false,משחה פרדונטקס ג'ל 50 גרם,גלקסוסמיתקליין,GB,משחת שיניים,מיליליטרים,50.00,"100 מ""ל",false,0,21.90,43.80,true,1,
5000204657913,false,קיווי משחה שחורה50מל,ג'ונסון,FR,קיווי משחה בשחור,מיליליטרים,50.00,"100 מ""ל",false,0,5.90,11.80,true,1,
5000204886566,false,"פלדג' שמן לרהיטים 473מ""ל",ג'ונסון,IL,פלדג' לרהיטים,מיליליטרים,473.00,"100 מ""ל",false,0,26.90,5.69,true,1,
5000267014203,false,וויסקי ג'וני ווקר אדום,ג'וני ווקר,GB,ויסקי ג'וני ווקר,מיליליטרים,700.00,"100 מ""ל",false,0,79.90,11.41,true,1,
5000267024233,false,וויסקי ג'וני ווקר שחור,ג'וני ווקר,GB,ויסקי ג'וני ווקר,מיליליטרים,700.00,"100 מ""ל",false,0,109.00,15.57,true,1,
5000289925440,false,"ג'ין גורדון 700 מ""ל",אלכסנר גורדון,GB,ג'ין גורדון,מיליליטרים,700.00,"100 מ""ל",false,1,79.90,11.41,true,1,
5010029000023,false,ויטביקס-דגני חיטה 430גרם,וויטביקס,GB,וויטביקס דגנים,גרמים,430.00,100 גרם,false,0,30.00,6.98,true,1,
5010103800259,false,וויסקי ג'יי & בי,,IL,וויסקי ג'יי & בי,מיליליטרים,700.00,"100 מ""ל",false,0,79.90,11.41,true,1,
5010182997338,false,דאק ג'ל לאסלה ניחוח רענן,DEOFLOR,GB,דאק ג'ל לאסלה,מיליליטרים,55.00,"100 מ""ל",false,0,8.90,16.18,true,1,
5010182997918,false,דאק ג'ל אסלה ניחוח ים 55,DEOFLOR,IT,דאק ג'ל לאסלה,מיליליטרים,55.00,"100 מ""ל",false,0,8.90,16.18,true,1,
5010677331104,false,בריזר טעם אבטיח פחית250מ,בריזר,DE,בריזר בטעם אבטיח,מיליליטרים,250.00,"100 מ""ל",false,1,12.90,5.16,true,1,
5010677331128,false,בריזר טעם לימון פחית250מ,בריזר,DE,בריזר בטעם לימון,מיליליטרים,250.00,"100 מ""ל",false,1,12.90,5.16,true,1,
5010677552387,false,"בקרדי בריזר אננס 275 מ""ל","בקרדי בע""מ",DE,בקרדי בריזר,מיליליטרים,275.00,"100 מ""ל",false,0,14.50,5.27,true,1,
5010677554602,false,"בקרדי בריזר אפרסק 275מ""ל","בקרדי בע""מ",DE,בקרדי בריזר,מיליליטרים,275.00,"100 מ""ל",false,0,14.50,5.27,true,1,
5011417552247,false,אירוויק נטול גז לילך345מ,רקיט בנקיזר,PL,אירוויק מבשם,מיליליטרים,345.00,"100 מ""ל",false,0,16.90,4.90,true,1,
5011417556832,false,"מבשם בדים לבנדר 345מ""ל",רקיט בנקיזר,PL,מבשם בדים לבנדר,מיליליטרים,345.00,"100 מ""ל",false,0,14.80,4.29,true,1,
5014271796147,false,מעדן רימון ופטל 284 גרם,סאן דלפור - שמבור,FR,מעדן רימון ופטל,גרמים,284.00,100 גרם,false,0,19.90,7.01,true,1,
5026489482897,false,חטיף אגוז ופירות מיובש40,FOODS SNACK COFRESH,GB,חטיף ללא גלוטן,גרמים,40.00,100 גרם,false,1,6.90,17.25,true,1,
5029053032566,false,ממחטות מנטול,,IL,ממחטות מנטול,יחידה,1.00,יחידה,false,0,4.90,4.90,true,1,
5029053510811,false,28 תח.קוטקס נורמל כנפיים,חוגלה קימברלי,IL,תחבושות קוטקס,יחידה,1.00,יחידה,false,0,22.90,22.90,true,1,
5029053523446,false,20 תח.קוטקס אולטרא נייט,חוגלה קימברלי,IL,תחבושות קוטקס,יחידה,1.00,יחידה,false,0,22.90,22.90,true,1,
5029053531250,false,14פול אפס יום בנות מידה5,חוגלה קימברלי,IL,האגיס פול אפס,יחידה,1.00,יחידה,false,0,39.00,39.00,true,1,
5029053535210,false,טמפוני קוטקס,,,טמפוני קוטקס,יחידה,1.00,יחידה,false,0,22.90,22.90,true,1,
5029053535234,false,16טמפונ.קוטקס מוליך סופר,חוגלה קימברלי,,טמפוני קוטקס,יחידה,1.00,יחידה,false,0,22.90,22.90,true,1,
5035766044796,false,סיידר דבש אלכוהולי 330מל,סטאסן ס.א,BE,סיידר דבש,מיליליטרים,330.00,"100 מ""ל",false,1,7.40,2.24,true,1,
5035766060253,false,"בירה מרפיס סטאוט 500 מ""ל",היינקן,IE,בירה מרפיס,מיליליטרים,500.00,"100 מ""ל",false,0,12.80,2.56,true,1,
5050083262548,false,ספיישל K פירות אדומים300,קלוג'ס,DE,קלוגס ספיישל K,גרמים,300.00,100 גרם,false,0,15.00,5.00,true,1,
5052197031416,false,שול מסיכת לילה לרגל 60 מ,רקיט בית מרקחת,DE,מסיכת לילה לרגל,מיליליטרים,60.00,"100 מ""ל",false,1,43.90,73.17,true,1,
5053827173353,false,קלוגס קוקו פופס 510 גרם,קלוג'ס,US,קוקו פופס קלוגס,גרמים,510.00,100 גרם,false,1,19.90,3.90,true,1,
5099864004205,false,סימילאק אדבנס+שלב 1 400ג,אבוט,IE,סימילאק אדבנס,גרמים,400.00,100 גרם,false,0,42.10,10.53,true,1,
5099864005202,false,סימילאק אדבנס+שלב 3 400ג,אבוט,IE,סימילאק אדבנס,גרמים,400.00,100 גרם,false,0,42.10,10.53,true,1,
5099864006780,false,סימילאק טופ2 א.חיסכון900,אבוט,IE,סימילאק טופ 2,גרמים,900.00,100 גרם,false,0,75.70,8.41,true,1,
5099873006504,false,וויסקי ג'ק דניאלס פייר,בראון פורמן,US,וויסקי ג'ק דניאל,מיליליטרים,700.00,"100 מ""ל",false,1,119.90,17.13,true,1,
5200351240017,false,גליליות קרם אגוז+קקאו400,גולדן ברייק,GR,גליליות קרם אגוז,גרמים,400.00,100 גרם,false,0,17.90,4.48,true,1,
5201940010110,false,זיתים שחורים,,,זיתים שחורים,גרמים,454.00,100 גרם,false,0,18.50,4.07,true,1,
5202300043069,false,קולסטון שחור כחול שפופרת,פרוקטר & גמבל,DE,קולסטון שפופרת,יחידה,1.00,יחידה,false,0,26.50,26.50,true,1,
5202300043335,false,קולסטון בלונד זהב שפורפר,פרוקטר & גמבל,DE,קולסטון שפורפרת,יחידה,1.00,יחידה,false,0,26.50,26.50,true,1,
5202795080709,false,"אוזו מטקסה 700 מ""ל",רמי קואנטרו,FR,אוזו מטקסה,מיליליטרים,700.00,"100 מ""ל",false,0,69.90,9.99,true,1,
5203937005949,false,חטיף שומשום ודבש שלישייה,קרטאמל,GR,חטיף שומשום ודבש,יחידה,1.00,יחידה,false,1,11.90,11.90,true,1,
5410126116236,false,ביסקוויט לוטוס קרמל186ג,לוטוס ביקרי,BE,ביסקוויט לוטוס,גרמים,186.00,100 גרם,false,1,12.90,6.94,true,1,
5410126116953,false,ממרח ביסקוויט לוטוס 400ג,לוטוס ביקרי,BE,ממרח ביסקוויט,גרמים,400.00,100 גרם,false,0,19.90,4.98,true,1,
5410126726947,false,ממרח עוג.לוטוס קראנץ380ג,לוטוס ביקרי,BE,ממרח עוגיות,גרמים,380.00,100 גרם,false,0,19.90,5.24,true,1,
5410228141266,false,"בירה סטלה ארטואה 330 מ""ל",קרלסברג יבוא יצוא,IL,בירה סטלה,מיליליטרים,330.00,"100 מ""ל",false,0,10.10,3.06,true,1,
5410228224921,false,"בירה הוגרדן 330 מ""ל",אינבב בלגיה,IL,בירה הוגרדן,מיליליטרים,330.00,"100 מ""ל",false,1,14.10,4.27,true,1,
5410471112068,false,ביסקוויט מצופה שוקולד100,ג'ולס דסטרופר,BE,ביסקוויט מצופה,גרמים,100.00,100 גרם,false,1,10.00,10.00,true,1,
5410769100081,false,"בירה לה שוף בקבוק330מ""ל",דובל מורטגט,BE,בירה לה שוף,מיליליטרים,330.00,"100 מ""ל",false,1,16.80,5.09,true,1,
5411188081852,false,אלפרו סויה וניל 1 ליטר,אלפרו,IL,אלפרו סויה וניל,ליטרים,1.00,ליטר,false,0,12.90,12.90,true,1,
5411188094173,false,מעדן סויה טעם קרמל100*4ג,אלפרו,BE,מעדן סויה 4יח,גרמים,400.00,100 גרם,false,1,14.90,3.73,true,1,
5411188111375,false,משקה אורז וניל 1 ליטר,אלפרו,IL,משקה אורז וניל,ליטרים,1.00,ליטר,false,0,12.50,12.50,true,1,
5411188114666,false,משקה שקדים ט.שוקו.מריר1ל,אלפרו,GB,משקה שקדים,ליטרים,1.00,ליטר,false,1,12.50,12.50,true,1,
5411188116882,false,אלפרו סויה מקיאטו 1 ליטר,אלפרו,IL,אלפרו סויה,ליטרים,1.00,ליטר,false,0,12.90,12.90,true,1,
5411188119074,false,משקה קוקוס ט.שוקולד 1ל',אלפרו,BE,משקה קוקוס שוקו,ליטרים,1.00,ליטר,false,1,12.50,12.50,true,1,
5411188120988,false,"אלפרו שמנת ע""ב אורז250גר",אלפרו,BE,אלפרו שמנת אורז,גרמים,250.00,100 גרם,false,1,9.90,3.96,true,1,
5411188122029,false,משקה סויה ט.בננה 250*3מל,אלפרו,BE,משקה סויה 3 יח,מיליליטרים,750.00,"100 מ""ל",false,1,12.90,1.72,true,1,
5411188122586,false,"משקה שקדים אלפרו 250 מ""ל",אלפרו,BE,משקה שקדים,מיליליטרים,250.00,"100 מ""ל",false,1,6.50,2.60,true,1,
5411681014005,false,"בירה דובל 330 מ""ל",דובל מורטגט,BE,בירה דובל,מיליליטרים,330.00,"100 מ""ל",false,0,16.80,5.09,true,1,
5411681038001,false,"מרדסו מעורפלת מאוד330מ""ל",דובל מורטגט,BE,בירה מרדסו,מיליליטרים,330.00,"100 מ""ל",false,0,16.80,5.09,true,1,
5413121359769,false,בונ.צדפים שוקולד בלגי195,בי סי ג'י אולן,BE,בונבוניירה צדפים,גרמים,195.00,100 גרם,false,0,17.70,9.08,true,1,
5413216991331,false,בונ.צדפות בלגי מריר250גר,נאטראג'אאלי,BE,בונבוניירת צדפות,גרמים,250.00,100 גרם,false,1,16.90,6.76,true,1,
5420047406033,false,קינוחי כוס שוקולד פטל,.,BE,קינוחי כוס,גרמים,208.00,100 גרם,false,1,10.00,4.81,true,1,
5600395030689,false,סרדין בשמן סויה חריף115ג,קלנג מקנאן,IL,סרדין בשמן,גרמים,115.00,100 גרם,false,0,7.00,6.09,true,1,
5600395030719,false,סרדין בשמן זית נפטון115ג,קלנג מקנאן,PT,סרדין בשמן זית,גרמים,115.00,100 גרם,false,0,7.00,6.09,true,1,
5600395030818,false,סרדין בשמן סויה נפטון115,קלנג מקנאן,PT,סרדין בשמן,גרמים,115.00,100 גרם,false,0,7.00,6.09,true,1,
5600395034076,false,נתחי טונה בהיר שמ.זית120,קלנג מקנאן,PT,נתחי טונה בהירה,גרמים,120.00,100 גרם,false,1,9.90,8.25,true,1,
5601008200468,false,עוגי.גודיס שוקולד לבן150,מרבה,PT,עוגיות גודיס,גרמים,150.00,100 גרם,false,0,8.80,5.87,true,1,
5601036205558,false,אקסלנס חום כהה מס4',ליברמו,BE,צבע שיער אקסלנס,יחידה,1.00,יחידה,false,0,39.60,39.60,true,1,
5701051000012,false,עוגיות טעם חמאה,,DK,עוגיות טעם חמאה,גרמים,340.00,100 גרם,false,0,14.80,4.35,true,1,
5701092108708,false,פיניש קוואנטום לימון20טב,רקיט בנקיזר,PL,טבליות קוואנטום,יחידה,1.00,יחידה,false,0,24.90,24.90,true,1,
5706516031358,false,הוטפופ 100קל' לאריזה160ג,פופז,US,הוט פופ 100 קל',גרמים,160.00,100 גרם,false,0,14.50,9.06,true,1,
5900020012814,false,נסקוויק דגני בוקר 500גרם,נסטלה,PL,דגני נסקוויק,גרמים,500.00,100 גרם,false,0,18.90,3.78,true,1,
5900020015174,false,פיטנס חטיף דגנים שוק6.יח,נסטלה,PL,חטיפי פיטנס 6 יח,גרמים,141.00,100 גרם,false,0,15.80,11.21,true,1,
5900020022066,false,פיטנס חט.דגנים קרמל6יח',נסטלה,PL,חטיף דגנים פיטנס,גרמים,141.00,100 גרם,false,0,15.80,11.21,true,1,
5900020022325,false,חטיף דגנים סיני מיניס6יח,נסטלה,PL,חטיפי סיני מיניס,גרמים,150.00,100 גרם,false,0,15.80,10.53,true,1,
5900020024770,false,חט.דגנ.בר דליס שוק.אגוז,.סי.פי,PL,חטיף דגנים פיטנס,גרמים,135.00,100 גרם,false,1,15.80,11.70,true,1,
5900020024817,false,חט.דגנים בר דליס שוק.לבן,.סי.פי,PL,חטיף דגנים פיטנס,גרמים,135.00,100 גרם,false,1,15.80,11.70,true,1,
5900020025975,false,קורנפלקס גו פרי דבש500ג,סי.פי,PL,קורנפלקס גו פרי,גרמים,500.00,100 גרם,false,1,14.90,2.98,true,1,
5900627027259,false,ויט 12 רצועות שעווה רגיש,רקיט בנקיזר,FR,רצועות שעווה ויט,יחידה,1.00,יחידה,false,0,24.90,24.90,true,1,
5900627063233,false,פיניש AIO הכל ב1 50 טב',רקיט בנקיזר,PL,פיניש AIO,יחידה,1.00,יחידה,false,1,45.90,45.90,true,1,
5900907001429,false,תערובת ירקות כבושים920גר,סגל דברים טובים,,תערובת ירקות,גרמים,920.00,100 גרם,false,0,15.60,1.70,true,1,
5901414200411,false,היט מיניס שוקו 130 גרם,באלסן,DE,היט מיניס שוקו,גרמים,130.00,100 גרם,false,0,6.30,4.85,true,1,
5901414203870,false,עוגיות דגנים מצופים143ג,באלסן,PL,עוגיות דגנים,גרמים,143.00,100 גרם,false,1,6.90,4.83,true,1,
5901414203887,false,עוגיות טבעות מצופים155ג,באלסן,PL,עוגיות טבעות,גרמים,155.00,100 גרם,false,1,6.90,4.45,true,1,
5906485301012,false,משקה אנרגיה XL,,IL,משקה אנרגיה XL,מיליליטרים,250.00,"100 מ""ל",false,0,3.80,1.52,true,1,
5908234805642,false,וופל רול מילוי קרם וניל,פליס,PL,וופל רול וניל,גרמים,150.00,100 גרם,false,1,5.80,3.87,true,1,
6001067025122,false,קולגייט מקס פרש וויט100מ,קולגייט-פלמוליב,BR,משחת שיניים,מיליליטרים,100.00,"100 מ""ל",false,0,19.90,19.90,true,1,
6008165271192,false,פאל מאל ארוך אדום,bat,TR,פאל מאל ארוך,יחידה,1.00,יחידה,false,0,28.50,28.50,false,1,
6910191800287,false,אצות ים נורי,,IL,אצות ים נורי,גרמים,28.00,100 גרם,false,0,11.90,42.50,true,1,
6930863251025,false,כף אשפה + מברשת,מרקט וליום,CN,כף אשפה + מברשת,יחידה,1.00,יחידה,false,1,17.90,17.90,true,1,
6935325410118,false,שום יבוא יחידה,קטיף,XX,שום יבוא יחידה,יחידה,1.00,יחידה,false,0,8.90,8.90,true,1,
6937266703038,false,שיק הידרו 5 מכשיר+סכין,שיק,CN,מכשיר שיק הידרו,יחידה,1.00,יחידה,false,0,32.90,32.90,true,1,
6937266703045,false,4סכיני גילוח שיק הידרו 5,שיק,CN,סכיני גילוח שיק,יחידה,1.00,יחידה,false,0,39.90,39.90,true,1,
6937266703052,false,שיק הידרו 3 מכשיר+סכין,שיק,CN,מכשיר שיק הידרו,יחידה,1.00,יחידה,false,0,29.90,29.90,true,1,
7038516140418,false,4מברשת ג'ורדן טוטל מדיום,קלרו,IL,מברשת שיניים,יחידה,1.00,יחידה,false,0,14.90,14.90,true,1,
7290000000022,true,עגבניה חממה,קטיף,IL,עגבניות חממה,קילוגרמים,0.00,"ק""ג",true,0,5.90,5.90,true,1,
7290000000046,true,מלפפון,קטיף,IL,מלפפונים,קילוגרמים,0.00,"ק""ג",true,0,6.90,6.90,true,1,
7290000000053,true,קישוא,קטיף,IL,קשואים,קילוגרמים,0.00,"ק""ג",true,0,8.90,8.90,true,1,
7290000000084,true,פלפל בהיר,שותפות מזרחי,IL,פלפל בהיר,קילוגרמים,0.00,"ק""ג",true,0,8.90,8.90,true,1,
7290000000091,true,פלפל אדום,קטיף,IL,פלפל אדום,קילוגרמים,0.00,"ק""ג",true,0,8.90,8.90,true,1,
7290000000107,true,פלפל כהה,קטיף,IL,פלפל כהה,קילוגרמים,0.00,"ק""ג",true,0,7.90,7.90,true,1,
7290000000114,true,חציל,קטיף,IL,חצילים,קילוגרמים,0.00,"ק""ג",true,0,5.90,5.90,true,1,
7290000000121,true,גזר ארוז,קטיף,IL,גזר ארוז,קילוגרמים,0.00,"ק""ג",true,0,3.90,3.90,true,1,
7290000000138,true,כרוב לבן,קטיף,IL,כרוב לבן,קילוגרמים,0.00,"ק""ג",true,0,4.90,4.90,true,1,
7290000000145,true,כרוב אדום,קטיף,IL,כרוב אדום,קילוגרמים,0.00,"ק""ג",true,0,7.90,7.90,true,1,
7290000000176,true,כרובית,קטיף,IL,כרובית,קילוגרמים,0.00,"ק""ג",true,0,9.90,9.90,true,1,
7290000000183,true,סלק,קטיף,IL,סלק,קילוגרמים,0.00,"ק""ג",true,0,4.90,4.90,true,1,
7290000000220,true,קולורבי,קטיף,IL,קולורבי,קילוגרמים,0.00,"ק""ג",true,0,6.90,6.90,true,1,
7290000000282,true,חסה ערבית יחידה,קטיף,IL,חסה ערבית,יחידה,1.00,יחידה,false,0,4.90,4.90,true,1,
7290000000299,true,חסה עגולה יחידה,קטיף,IL,חסה עגולה,יחידה,1.00,יחידה,false,0,6.90,6.90,true,1,
7290000000350,true,פזיל יחידה,קטיף,IL,פזיל-יח',יחידה,1.00,יחידה,false,0,6.90,6.90,true,1,
7290000000374,true,פטריות שמפניון יחידה,קטיף,IL,שמפניון,יחידה,1.00,יחידה,false,0,9.90,9.90,true,1,
7290000000411,true,שום מארז יחידה,קטיף,XX,שום מארז יחידה,יחידה,1.00,יחידה,false,0,8.90,8.90,true,1,
7290000000428,true,בטטה מובחר,קטיף,IL,בטטה,קילוגרמים,0.00,"ק""ג",true,0,7.90,7.90,true,1,
7290000000435,true,סלרי עלים יחידה,קטיף,IL,סלרי עלים,יחידה,1.00,יחידה,false,0,5.90,5.90,true,1,
7290000000442,true,נבטי סיניים יחידה,קטיף,IL,נבטי סיניים יח',יחידה,1.00,יחידה,false,0,6.50,6.50,true,1,
7290000000459,true,נבטי אלפלפא יחידה,קטיף,IL,נבטי אלפלפא-יח',יחידה,1.00,יחידה,false,0,6.50,6.50,true,1,
7290000000466,true,בצל ירוק יחידה,קטיף,IL,בצל ירוק,יחידה,1.00,יחידה,false,0,5.90,5.90,true,1,
7290000000480,true,בצל יבש,קטיף,IL,בצל יבש,קילוגרמים,0.00,"ק""ג",true,0,3.90,3.90,true,1,
7290000000510,true,פטרוזיליה יחידה,קטיף,IL,פטרוזיליה,יחידה,1.00,יחידה,false,0,3.90,3.90,true,1,
7290000000527,true,שמיר יחידה,קטיף,IL,שמיר,יחידה,1.00,יחידה,false,0,3.90,3.90,true,1,
7290000000534,true,סלרי ראש יחידה,קטיף,IL,סלרי ראש,יחידה,1.00,יחידה,false,0,5.90,5.90,true,1,
7290000000558,true,כוסברה יחידה,קטיף,IL,כוסברה,יחידה,1.00,יחידה,false,0,3.90,3.90,true,1,
7290000000565,true,נענע יחידה,קטיף,IL,נענע,יחידה,1.00,יחידה,false,0,3.90,3.90,true,1,
7290000000572,true,שומר,קטיף,IL,שומר,קילוגרמים,0.00,"ק""ג",true,0,8.90,8.90,true,1,
7290000000596,true,תפוח אדמה לבן תפזורת,קטיף,IL,תפוח אדמה תפזורת,קילוגרמים,0.00,"ק""ג",true,0,5.90,5.90,true,1,
7290000000619,true,פלפל חריף,שותפות מזרחי,IL,פלפל חריף,קילוגרמים,0.00,"ק""ג",true,0,8.90,8.90,true,1,
7290000000626,true,ברוקולי,קטיף,IL,ברוקולי,קילוגרמים,0.00,"ק""ג",true,0,19.90,19.90,true,1,
7290000000824,true,קישוא ירוק,קטיף,IL,קישוא ירוק,קילוגרמים,0.00,"ק""ג",true,0,9.90,9.90,true,1,
7290000000848,true,תירס קלוף ארוז,קטיף,IL,תירס קלוף ארוז,קילוגרמים,0.00,"ק""ג",true,0,9.90,9.90,true,1,
7290000000855,true,פלפל צהוב,קטיף,IL,פלפל צהוב,קילוגרמים,0.00,"ק""ג",true,0,9.90,9.90,true,1,
7290000001036,true,בצל יבש אדום,קטיף,XX,בצל יבש אדום,קילוגרמים,0.00,"ק""ג",true,0,5.90,5.90,true,1,
7290000001050,true,בזילקום יחידה,קטיף,IL,בזילקום יחידה,יחידה,1.00,יחידה,false,0,5.00,5.00,true,1,
7290000001661,true,גזר תפזורת,קטיף,IL,גזר תפזורת,קילוגרמים,0.00,"ק""ג",true,0,4.90,4.90,true,1,
7290000001692,true,תפוח אדמה אדום ארוז,קטיף,IL,תפוא אדום ארוז,קילוגרמים,0.00,"ק""ג",true,0,5.50,5.50,true,1,
7290000001715,true,תפוח אדמה לבן ארוז,קטיף,IL,תפוח אדמה לבן,קילוגרמים,0.00,"ק""ג",true,0,3.90,3.90,true,1,
7290000001722,true,תפוח אדמה אדום תפזורת,קטיף,IL,"תפו""א אדום תפז'",קילוגרמים,0.00,"ק""ג",true,0,5.90,5.90,true,1,
7290000002026,true,לחם אחיד 750 גרם,מאפית ברמן,IL,לחם אחיד,גרמים,750.00,100 גרם,false,0,4.90,0.65,true,1,
7290000002040,true,חלה רגילה 500 גרם,מאפית ברמן,IL,חלה רגילה,גרמים,500.00,100 גרם,false,0,4.90,0.98,true,1,
7290000016030,true,גבינה עזים קשה,,IL,גבינה עזים קשה,קילוגרמים,0.00,"ק""ג",true,0,139.00,139.00,true,1,
7290000024219,false,ברקן רזרב א.ריזלינג750מל,יקבי ברקן,IL,יין ריזלינג ברקן,מיליליטרים,750.00,"100 מ""ל",false,0,34.90,4.65,true,1,
7290000024240,false,"ברקן רזרב שרדונה 750 מ""ל",יקבי ברקן,IL,יין ברקן שרדונה,מיליליטרים,750.00,"100 מ""ל",false,0,34.90,4.65,true,1,
7290000041858,false,שמנת חמוצה15% מועשרת200,יטבתה,IL,שמנת חמוצה יטבתה,מיליליטרים,200.00,"100 מ""ל",false,0,2.40,1.20,true,1,
7290000041872,false,"לבן יטבתה 3% 200 מ""ל",יטבתה,IL,לבן יטבתה 3%,מיליליטרים,200.00,"100 מ""ל",false,0,2.00,1.00,true,1,
7290000042008,false,חלב מפוסטר 3%שקית 1 ל',תנובה,IL,חלב 3% בשקית,ליטרים,1.00,ליטר,false,0,4.90,4.90,true,1,
7290000042022,false,חלב על הבוקר1%קרט+.פקק1ל,תנובה,IL,חלב על הבוקר 1%,ליטרים,1.00,ליטר,false,0,7.90,7.90,true,1,
7290000042244,false,חלב 3% שומן בכד 2 ליטר,תנובה,IL,חלב 3% כד 2 ליטר,ליטרים,2.00,ליטר,false,0,11.50,5.75,true,1,
7290000042435,false,חלב מפוסטר 1% בקרטון 1 ל,תנובה,IL,חלב %1 בקרטון,ליטרים,1.00,ליטר,false,0,5.40,5.40,true,1,
7290000042442,false,חלב מפוסטר 3% בקרטון 1 ל,תנובה,IL,חלב תנובה 3%,ליטרים,1.00,ליטר,false,0,5.75,5.75,true,1,
7290000042541,false,חלב עמיד 1% הומוגני 1 ל',תנובה,IL,חלב עמיד 1%,ליטרים,1.00,ליטר,false,0,7.60,7.60,true,1,
7290000043111,false,חמאה 200 גרם,תנובה,IL,חמאה תנובה,גרמים,200.00,100 גרם,false,0,7.60,3.80,true,1,
7290000043814,false,שמנת עמידה לקצפת38% 250מ,תנובה,IL,שמנת עמידה לקצפת,מיליליטרים,250.00,"100 מ""ל",false,0,5.95,2.38,true,1,
7290000043890,false,רויון 1.5% בקרטון 1ל,תנובה,IL,רויון בקרטון1.5%,ליטרים,1.00,ליטר,false,0,10.90,10.90,true,1,
7290000046327,false,גב.גלבוע פרוסות22% 200גר,תנובה,IL,גבינת גלבוע פרוס,גרמים,200.00,100 גרם,false,0,12.70,6.35,true,1,
7290000046563,false,גב.קולאז' פרמזן 23%במשקל,תנובה,IL,גבינת פרמזן,גרמים,0.00,"ק""ג",true,0,109.00,109.00,true,1,
7290000047027,false,גב.קולאז' גלעד 27% במשקל,תנובה,IL,גבינת גלעד,קילוגרמים,0.00,"ק""ג",true,0,120.00,120.00,true,1,
7290000047034,false,גב.קולאז' רוקפור25%במשקל,תנובה,IL,גבינת רוקפור,קילוגרמים,0.00,"ק""ג",true,0,122.00,122.00,true,1,
7290000047485,false,גב.בולגרית 24%במשקל,תנובה,IL,גבינה בולגרית,קילוגרמים,0.00,"ק""ג",true,0,58.00,58.00,true,1,
7290000048185,false,גב.לבנה רכה 5% שומן 250ג,תנובה,IL,גבינה לבנה 5%,גרמים,250.00,100 גרם,false,0,4.60,1.84,true,1,
7290000048192,false,גב.לבנה רכה 9% 250 גרם,תנובה,IL,גבינה לבנה 9%,גרמים,250.00,100 גרם,false,0,4.60,1.84,true,1,
7290000048307,false,קוטג' 5% עם זיתים 250 גר,תנובה,IL,קוטג' עם זיתים5%,גרמים,250.00,100 גרם,false,0,5.70,2.28,true,1,
7290000051352,false,חלב של פעם מלא3.6%-4% 1ל,תנובה,IL,חלב של פעם מלא,ליטרים,1.00,ליטר,false,0,7.40,7.40,true,1,
7290000051956,false,טל העמק 9%,,,טל העמק 9%,קילוגרמים,0.00,"ק""ג",true,0,79.00,79.00,true,1,
7290000052649,false,לבנה פיראוס 5% 500 גרם,תנובה,IL,לבנה פיראוס 5%,גרמים,500.00,100 גרם,false,0,19.70,3.94,true,1,
7290000052717,false,קוטג' +שום שמיר,,IL,קוטג' +שום שמיר,גרמים,250.00,100 גרם,false,0,5.70,2.28,true,1,
7290000053127,false,גבינת עמק 15%,,IL,גבינת עמק 15%,קילוגרמים,0.00,"ק""ג",true,0,67.00,67.00,true,1,
7290000053219,false,טל העמק חריץ 32% משקל,תנובה,IL,טל העמק 32%,קילוגרמים,0.00,"ק""ג",true,1,57.00,57.00,true,1,
7290000055183,false,צפתית מלבנ.דל קטוז5%משקל,תנובה,IL,צפתית פיראוס,קילוגרמים,0.00,"ק""ג",true,0,45.00,45.00,true,1,
7290000055206,false,גבינה לבנה 5%,,IL,גבינה לבנה 5%,גרמים,250.00,100 גרם,false,0,5.40,2.16,true,1,
7290000055350,false,גבינת עמק 28% חריץ במשקל,תנובה,IL,גבינת עמק 28%,קילוגרמים,0.00,"ק""ג",true,1,41.30,41.30,true,1,
7290000056272,false,גבינה לבנה 5%,,,גבינה לבנה 5%,גרמים,250.00,100 גרם,false,0,5.40,2.16,true,1,
7290000056845,false,חלב טרי הומוגני3% 1.5ל',תנובה,,חלב תנובה 3%,ליטרים,1.50,ליטר,false,0,8.62,5.75,true,1,
7290000056906,false,יופלה לבן 1.5% 150*8גרם,תנובה,IL,יופלה לבן 1.5%,קילוגרמים,1.20,"ק""ג",false,0,17.90,14.92,true,1,
7290000057088,false,גבינת עמק דק 28% 200 גרם,תנובה,IL,גבינת עמק דק 28%,גרמים,200.00,100 גרם,false,0,15.20,7.60,true,1,
7290000057132,false,יוגורט תנובה1.5%,,,יוגורט תנובה1.5%,גרמים,200.00,100 גרם,false,0,3.00,1.50,true,1,
7290000057149,false,יוגורט תנובה 3% 200 גרם,תנובה,,יוגורט תנובה 3%,גרמים,200.00,100 גרם,false,0,3.00,1.50,true,1,
7290000058283,false,גבינת עיזים 5%,,,גבינת עיזים 5%,גרמים,240.00,100 גרם,false,0,15.00,6.25,true,1,
7290000060118,false,פסטה ספגטי מס' 3 250 גר,זארה,IT,ספגטי אסם,גרמים,250.00,100 גרם,false,0,3.90,1.56,true,1,
7290000060163,false,אטריות דקות 400 גרם,אסם,IL,אטריות דקות,גרמים,400.00,100 גרם,false,0,6.90,1.73,true,1,
7290000060200,false,פתיתים אפויים קוסקוס500ג,אסם,IL,פתיתים אפויים,גרמים,500.00,100 גרם,false,0,6.90,1.38,true,1,
7290000060217,false,פסטה מקרוני 7 500 גרם,זארה,IT,פסטה מקרוני 7,גרמים,500.00,100 גרם,false,0,5.70,1.14,true,1,
7290000060248,false,פסטה אסם תלתלים 500 גרם,זארה,IT,פסטה תלתלים,גרמים,500.00,100 גרם,false,0,5.70,1.14,true,1,
7290000060316,false,ספגטי פרפקטו 500 גרם,זארה,IT,ספגטי פרפקטו,גרמים,500.00,100 גרם,false,0,6.90,1.38,true,1,
7290000060323,false,ספגטיני פרפקטו 500 גרם,זארה,IT,ספגטיני פרפקטו,גרמים,500.00,100 גרם,false,0,6.90,1.38,true,1,
7290000060538,false,פרפקטו צדפים 500 גרם,זארה,IT,פרפקטו צדפים,גרמים,500.00,100 גרם,false,0,6.90,1.38,true,1,
7290000060828,false,פסטה קרניים בינוניות500ג,זארה,IT,פסטה קרניים,גרמים,500.00,100 גרם,false,0,5.70,1.14,true,1,
7290000060842,false,פסטה צדפים גדולים 500 גר,זארה,IT,פסטה צדפים אסם,גרמים,500.00,100 גרם,false,0,5.70,1.14,true,1,
7290000060903,false,פתיתים אפויים אורז 500 ג,אסם,IL,פתיתים אפויים,גרמים,500.00,100 גרם,false,0,6.90,1.38,true,1,
7290000060958,false,אטריות בינוניות 400 גרם,אסם,IL,אטריות בינוניות,גרמים,400.00,100 גרם,false,0,6.90,1.73,true,1,
7290000061085,false,"רוטב צ'ילי מתוק 290 מ""ל",אסם,IL,רוטב צ'ילי אסם,מיליליטרים,290.00,"100 מ""ל",false,0,9.90,3.41,true,1,
7290000061214,false,פתיתים אפויים עם בצל500ג,אסם,IL,פתיתים אפויים,גרמים,500.00,100 גרם,false,0,6.90,1.38,true,1,
7290000061245,false,עוג.שוקוצ'יפס ממולאות220,אסם,IL,עוגיות ש.צ'יפס,גרמים,220.00,100 גרם,false,0,10.60,4.82,true,1,
7290000061450,false,פתיתים אפויים 3צבעים500ג,אסם,IL,פתיתים אפויים,גרמים,500.00,100 גרם,false,0,6.90,1.38,true,1,
7290000062952,false,מיני קרוטונים מתובל 250ג,עינת,IL,מיני קרוטונים,גרמים,250.00,100 גרם,false,0,13.90,5.56,true,1,
7290000063140,false,שקדי מרק רכיבים טבעי400ג,אסם,IL,שקדי מרק אסם,גרמים,400.00,100 גרם,false,0,10.00,2.50,true,1,
7290000063300,false,סירופ ויטמינצ'יק פטל 2ל',בית השיטה,IL,ויטמינצ'יק פטל,ליטרים,2.00,ליטר,false,0,23.90,11.95,true,1,
7290000065724,false,סירופ ויטמינצ'יק לימון1ל,בית השיטה,IL,ויטמינצ'יק לימון,ליטרים,1.00,ליטר,false,0,12.90,12.90,true,1,
7290000066134,false,ביסלי פלאפל 70 גרם,אסם,IL,ביסלי פלאפל,גרמים,70.00,100 גרם,false,0,4.20,6.00,true,1,
7290000066158,false,ביסלי בצל 67 גרם,אסם,IL,ביסלי בטעם בצל,גרמים,67.00,100 גרם,false,0,4.20,6.27,true,1,
7290000066172,false,ביסלי פיצה 70 גרם,אסם,IL,ביסלי פיצה,גרמים,70.00,100 גרם,false,0,4.20,6.00,true,1,
7290000066189,false,ביסלי פלאפל 200 גרם,אסם,IL,ביסלי פלאפל,גרמים,200.00,100 גרם,false,0,7.50,3.75,true,1,
7290000066431,false,פופקו בטעם חמאה ודבש80גר,אסם,IL,חטיף פופקו,גרמים,80.00,100 גרם,false,0,5.40,6.75,true,1,
7290000067070,false,עוג.מיני ממולא.שוקולד300,אסם,IL,עוגיות ממולאות,גרמים,300.00,100 גרם,false,0,10.90,3.63,true,1,
7290000067537,false,"ביסלי גריל כשל""פ 70 גרם",אסם,IL,ביסלי גריל,גרמים,70.00,100 גרם,false,0,4.20,6.00,true,1,
7290000068237,false,ג'לי בטעם פטל 85 גרם,אסם,IL,ג'לי בטעם פטל,גרמים,85.00,100 גרם,false,0,6.40,7.53,true,1,
7290000069739,false,חטיפי קרקר שומשום 300גרם,אסם,IL,חטיפי קרקר,גרמים,300.00,100 גרם,false,0,11.50,3.83,true,1,
7290000070308,false,מרק עוף אמיתי 400 גרם,אסם,IL,מרק עוף אמיתי,גרמים,400.00,100 גרם,false,0,18.70,4.68,true,1,
7290000071008,false,בייגלה שטוח מלח 60 גרם,אסם,IL,בייגלה שטוחים,גרמים,60.00,100 גרם,false,0,3.10,5.17,true,1,
7290000072203,false,רוטב אלף האיים אסם 290מל,אסם,IL,רוטב אלף האיים,מיליליטרים,290.00,"100 מ""ל",false,0,10.90,3.76,true,1,
7290000072227,false,"רוטב סויה סיני 290 מ""ל",אסם,IL,רוטב סויה,מיליליטרים,290.00,"100 מ""ל",false,0,9.90,3.41,true,1,
7290000072623,false,קטשופ בקבוק לחיץ 750 גרם,אסם,IL,קטשופ בקבוק לחיץ,גרמים,750.00,100 גרם,false,0,10.00,1.33,true,1,
7290000072630,false,קטשופ חריף 750 גרם,אסם,IL,קטשופ חריף,גרמים,750.00,100 גרם,false,0,13.80,1.84,true,1,
7290000072784,false,טסטרס צ'ויס נט.קפאין100ג,נסטלה,KR,קפה טסטרס צויס,גרמים,100.00,100 גרם,false,0,29.60,29.60,true,1,
7290000072890,false,רוטב אלף האיים 2% 290מ,אסם,IL,רוטב אלף האיים,מיליליטרים,290.00,"100 מ""ל",false,0,10.90,3.76,true,1,
7290000072913,false,"רוטב שום 2% שומן 290 מ""ל",אסם,IL,רוטב שום לייט,מיליליטרים,290.00,"100 מ""ל",false,0,10.90,3.76,true,1,
7290000072968,false,סיני מיניס 500 גרם,נסטלה,PL,דגני נסטלה,גרמים,500.00,100 גרם,false,0,18.90,3.78,true,1,
7290000074276,false,קרקר פיקנטי 250 גרם,אסם,IL,קרקר פיקנטי אסם,גרמים,250.00,100 גרם,false,0,9.90,3.96,true,1,
7290000074290,false,לחמית סובין 230 גרם,אסם,IL,לחמית אסם,גרמים,230.00,100 גרם,false,0,9.50,4.13,true,1,
7290000074962,false,עוג.מיני שוקוצ'יפס 225גר,כרמית,IL,עוגיות שוקוצ'יפס,גרמים,225.00,100 גרם,false,0,9.80,4.36,true,1,
7290000075143,false,עוג. שוקוצ'יפס קלאסי200ג,אסם,IL,עוגיות שוקוצ'יפס,גרמים,200.00,100 גרם,false,0,10.80,5.40,true,1,
7290000075204,false,לחמית חיטה מלאה 250 גרם,אסם,IL,לחמית חיטה מלאה,גרמים,250.00,100 גרם,false,0,9.50,3.80,true,1,
7290000076133,false,בייגלה שמיניות קטנות400ג,אסם,IL,בייגלה שמיניות,גרמים,400.00,100 גרם,false,0,9.90,2.48,true,1,
7290000077017,false,קרמוגית ממולא שוקו200.גר,אסם,IL,קרמוגית שוקולד,גרמים,200.00,100 גרם,false,0,10.90,5.45,true,1,
7290000077253,false,לחמית כפרית 190 גרם,אסם,IL,לחמית כפרית,גרמים,190.00,100 גרם,false,0,9.50,5.00,true,1,
7290000078762,false,חטיפי פריכונים עם דבש80ג,הרטו,BE,חטיפי פריכונים,גרמים,80.00,100 גרם,false,0,7.90,9.88,true,1,
7290000080758,false,טוסטעים פת קלויה 100 גרם,ון דר מולן,NL,טוסטעים פת קלוי,גרמים,100.00,100 גרם,false,0,10.50,10.50,true,1,
7290000080765,false,טוסטעים פת קלוי+שומשו100,ון דר מולן,NL,טוסטעים +שומשו,גרמים,100.00,100 גרם,false,0,10.50,10.50,true,1,
7290000090030,true,מאפה נפולאון מחיר לפי מש,גידרון,IL,מאפה נפוליאון,קילוגרמים,0.00,"ק""ג",true,0,35.00,35.00,true,1,
7290000090832,true,בייגל אמריקאי רגיל,גידרון,IL,בייגל אמריקאי,יחידה,1.00,יחידה,false,0,3.90,3.90,true,1,
7290000092201,true,כיס גבינה משקל,גידרון,IL,מאפה כיס גבינה,קילוגרמים,0.00,"ק""ג",true,0,35.00,35.00,true,1,
7290000092218,true,"כיס תפו""ע מחיר לפי משקל",גידרון,IL,"מאפה כיס תפו""ע",קילוגרמים,0.00,"ק""ג",true,0,35.00,35.00,true,1,
7290000092614,true,טורקי פטריות במשקל,גידרון,IL,טורקי פטריות,קילוגרמים,0.00,"ק""ג",true,0,35.00,35.00,true,1,
7290000094083,true,לחמניה גידרול,גידרון,IL,לחמניה גידרול,יחידה,1.00,יחידה,false,0,4.50,4.50,true,1,
7290000094199,true,לחם חצי ג'בטה,גידרון,IL,חצי ג'בטה לבן,יחידה,1.00,יחידה,false,0,3.90,3.90,true,1,
7290000094373,true,לחם חצי ג'בטה כפרי,גידרון,IL,לחם חצי ג'בטה,יחידה,1.00,יחידה,false,0,3.90,3.90,true,1,
7290000096032,true,חצי בגט,גידרון,IL,חצי בגט,יחידה,1.00,יחידה,false,0,2.90,2.90,true,1,
7290000096520,true,"בורקס טורקי תפו""א במשקל",גידרון,IL,בורקס טורקי תפ,קילוגרמים,0.00,"ק""ג",true,0,35.00,35.00,true,1,
7290000096919,true,טורקי גבינה במשקל,גידרון,IL,טורקי גבינה,קילוגרמים,0.00,"ק""ג",true,0,35.00,35.00,true,1,
7290000096926,true,שנייק פיצה חלבי במשקל,גידרון,IL,שנייק פיצה,קילוגרמים,0.00,"ק""ג",true,0,35.00,35.00,true,1,
7290000097237,true,בגט 280 גרם,גידרון,IL,בגט גדרון,יחידה,1.00,יחידה,false,0,4.20,4.20,true,1,
7290000097596,true,לחמנית 1/3 באגט,גידרון,IL,לחמנית בגט,יחידה,1.00,יחידה,false,0,2.70,2.70,true,1,
7290000097633,true,לחמניית קשר,גידרון,IL,לחמניית קשר,יחידה,1.00,יחידה,false,0,2.90,2.90,true,1,
7290000097657,true,לחמניית חלה,גידרון,IL,לחמניית חלה,יחידה,1.00,יחידה,false,0,3.90,3.90,true,1,
7290000098289,true,בייגלה,גידרון,IL,בייגלה,יחידה,1.00,יחידה,false,0,3.90,3.90,true,1,
7290000098296,true,לחמניית אצבע,גידרון,IL,לחמניית אצבע,יחידה,1.00,יחידה,false,0,2.00,2.00,true,1,
7290000099248,true,בורקס גבינה במשקל,גידרון,IL,בורקס גבינה,קילוגרמים,0.00,"ק""ג",true,0,35.00,35.00,true,1,
7290000099255,true,בורקס תפוח אדמה מחיר לקג,גידרון,IL,"בורקס תפו""א",קילוגרמים,0.00,"ק""ג",true,0,35.00,35.00,true,1,
7290000099385,true,גביניות במשקל,גידרון,IL,גביניות,קילוגרמים,0.00,"ק""ג",true,0,35.00,35.00,true,1,
7290000099415,true,רוגלך במשקל,גידרון,IL,רוגלך,קילוגרמים,0.00,"ק""ג",true,0,35.00,35.00,true,1,
7290000099477,true,קרואסון ביס שוקולד במשקל,גידרון,IL,קרואסון שוקולד,קילוגרמים,0.00,"ק""ג",true,0,35.00,35.00,true,1,
7290000099835,true,קוקיס שוקולד חלב במשקל,גידרון,IL,קוקיס שוקולד,קילוגרמים,0.00,"ק""ג",true,0,49.00,49.00,true,1,
7290000099927,true,בורקיטס במשקל,גידרון,IL,בורקיטס,קילוגרמים,0.00,"ק""ג",true,0,35.00,35.00,true,1,
7290000101132,false,לקט קטניות לחמין 800גרם,סנפרוסט,IL,לקט קטניות לחמין,גרמים,800.00,100 גרם,false,1,21.90,2.74,true,1,
7290000101194,false,סלק אדום שלם קפוא 800גרם,תנובה,IL,סלק אדום שלם,גרמים,800.00,100 גרם,false,1,22.90,2.86,true,1,
7290000101927,false,אוכמניות כחולות קפוא 300,תנובה,IL,אוכמניות קפואות,גרמים,300.00,100 גרם,false,1,17.90,5.97,true,1,
7290000101934,false,מיקס פירות יער,תנובה,IL,מיקס פירות יער,גרמים,300.00,100 גרם,false,1,17.90,5.97,true,1,
7290000101941,false,אננס קפוא 300גרם,תנובה,IL,אננס קפוא,גרמים,300.00,100 גרם,false,1,17.90,5.97,true,1,
7290000101958,false,מנגו קפוא 300גרם,תנובה,IL,מנגו קפוא,גרמים,300.00,100 גרם,false,1,17.90,5.97,true,1,
7290000101965,false,פטל שחור קפוא 300גרם,תנובה,IL,פטל שחור קפוא,גרמים,300.00,100 גרם,false,1,17.90,5.97,true,1,
7290000103341,false,מרק עגבניות 644גרם,סנפרוסט,IL,מרק עגבניות,גרמים,644.00,100 גרם,false,0,17.90,2.78,true,1,
7290000103457,false,מיני כרובית 600 גרם,סנפרוסט,IL,מיני כרובית,גרמים,600.00,100 גרם,false,1,17.90,2.98,true,1,
7290000103488,false,ארטישוק ירושלמי קפוא 400,סנפרוסט,IL,ארטישוק י-ם קפוא,גרמים,400.00,100 גרם,false,1,21.90,5.48,true,1,
7290000104188,false,שעועית אדומה מבושלת 800,סנפרוסט,IL,שעועית אדומה,גרמים,800.00,100 גרם,false,0,18.70,2.34,true,1,
7290000104713,false,פול ירוק מוקפא 800 גרם,סנפרוסט,IL,פול ירוק מוקפא,גרמים,800.00,100 גרם,false,0,23.60,2.95,true,1,
7290000104737,false,שעועית צהובה חתוכה 800 ג,סנפרוסט,IL,שעועית צהובה,גרמים,800.00,100 גרם,false,0,19.00,2.38,true,1,
7290000104744,false,כרובית מוקפאת 800 גרם,סנפרוסט,IL,כרובית מוקפאת,גרמים,800.00,100 גרם,false,0,24.90,3.11,true,1,
7290000104775,false,מדליוני תרד קפוא 800 גרם,סנפרוסט,IL,מדליוני תרד קפ,גרמים,800.00,100 גרם,false,0,26.20,3.28,true,1,
7290000104799,false,שעועית לבנה מבושלת 800גר,סנפרוסט,IL,שעועית לבנה,גרמים,800.00,100 גרם,false,0,19.80,2.48,true,1,
7290000104805,false,גרגרי חומוס מבושל 800גרם,סנפרוסט,IL,גרגרי חומוס קפוא,גרמים,800.00,100 גרם,false,0,19.70,2.46,true,1,
7290000104829,false,"קלחוני תירס 1 ק""ג",סנפרוסט,IL,קלחוני תירס קפוא,קילוגרמים,1.00,"ק""ג",false,0,19.70,19.70,true,1,
7290000107189,false,ארטישוק תחתיות 400 גרם,סנפרוסט,IL,תחתיות ארטישוק,גרמים,400.00,100 גרם,false,0,21.90,5.48,true,1,
7290000107677,false,שעועית צהובה עדינה 600גר,סנפרוסט,IL,שעועית צהובה,גרמים,600.00,100 גרם,false,0,23.80,3.97,true,1,
7290000110035,false,מרגר.בלובנד לבישול 200גר,יוניליוור,IL,מרגרינה בלובנד,גרמים,200.00,100 גרם,false,0,4.30,2.15,true,1,
7290000110059,false,מרגרינה בלי מלח 200 גרם,יוניליוור,IL,מרגרינה בלו-בנד,גרמים,200.00,100 גרם,false,0,4.50,2.25,true,1,
7290000110073,false,מרגרינה בטעם חמאה 200גר,יוניליוור,IL,מחמאה מרגרינה,גרמים,200.00,100 גרם,false,0,4.80,2.40,true,1,
7290000111186,false,מיונז אמיתי תלמה 500 גרם,יוניליוור,IL,מיונז אמיתי תלמה,גרמים,500.00,100 גרם,false,0,9.90,1.98,true,1,
7290000111384,false,חרדל אמיתי תלמה 550 גרם,יוניליוור,IL,חרדל אמיתי תלמה,גרמים,550.00,100 גרם,false,0,8.40,1.53,true,1,
7290000112220,false,טחינה גולמית 100% 500 גר,רושדי תעשיות מזון,IL,טחינה גולמית,גרמים,500.00,100 גרם,false,0,10.90,2.18,true,1,
7290000112237,false,"טחינה גולמית 100% 1 ק""ג",רושדי תעשיות מזון,IL,טחינה גולמית,קילוגרמים,1.00,"ק""ג",false,0,28.60,28.60,true,1,
7290000112503,false,מרק עשיר ירקות קנור 61גר,יוניליוור,IL,מרק ירקות קנור,גרמים,61.00,100 גרם,false,0,9.40,15.41,true,1,
7290000112510,false,מרק עשיר פטריות קנור 83ג,יוניליוור,IL,מרק פטריות,גרמים,83.00,100 גרם,false,0,9.40,11.33,true,1,
7290000112619,false,מרק עוף קנור 400 גרם,יוניליוור,IL,מרק עוף אמיתי,גרמים,400.00,100 גרם,false,0,14.90,3.73,true,1,
7290000112770,false,מרק עשיר אפונה קנור117גר,יוניליוור,IL,מרק אפונה קנור,גרמים,117.00,100 גרם,false,0,9.40,8.03,true,1,
7290000113180,false,"כיפלי צ'יפס בד""צ 50 גרם",יוניליוור,IL,כיפלי צ'יפסים,גרמים,50.00,100 גרם,false,0,4.90,9.80,true,1,
7290000113654,false,נמס בכוס לייט ירקות17*2ג,יוניליוור,IL,נמס בכוס לייט,גרמים,34.00,100 גרם,false,0,6.90,20.29,true,1,
7290000114118,false,סובין שבולת שועל 400 גרם,יוניליוור,IL,סובין שבולת שועל,גרמים,400.00,100 גרם,false,0,21.50,5.38,true,1,
7290000114255,false,קווקר שבולת שועל 500 גרם,יוניליוור,IL,שיבולת שועל,גרמים,500.00,100 גרם,false,0,14.50,2.90,true,1,
7290000116921,false,רוטב צ'ילי מתוק קנור300מ,יוניליוור,IL,רוטב צ'ילי מתוק,מיליליטרים,300.00,"100 מ""ל",false,0,10.90,3.63,true,1,
7290000116945,false,"רוטב סויה קנור 300 מ""ל",יוניליוור,IL,רוטב סויה קלאסי,מיליליטרים,300.00,"100 מ""ל",false,0,10.90,3.63,true,1,
7290000117393,false,חט.דגנים שוקו שוגי 26*8ג,יוניליוור,IL,חטיפי דגנים 8 יח,גרמים,208.00,100 גרם,false,0,16.90,8.13,true,1,
7290000117430,false,חטיפי דגנים קוקומן 21*8ג,יוניליוור,IL,חטיפי דגנים 8 יח,גרמים,168.00,100 גרם,false,0,16.90,10.06,true,1,
7290000117720,false,מרק נמס בכוס פטריות 43גר,יוניליוור,IL,מרק נמס בכוס,גרמים,43.00,100 גרם,false,0,6.90,16.05,true,1,
7290000118277,false,קניידלך כופתאות מצה65*2ג,יוניליוור,IL,אבקה לקניידלך,גרמים,130.00,100 גרם,false,0,9.80,7.54,true,1,
7290000120393,false,סיף ג'ל אקונומ.לימון750מ,יוניליוור,IL,סיף אקונומיקה,מיליליטרים,750.00,"100 מ""ל",false,0,13.50,1.80,true,1,
7290000120836,false,מיונז הלמנס 394 גרם,יוניליוור,US,מיונז הלמנס,גרמים,394.00,100 גרם,false,0,10.00,2.54,true,1,
7290000121031,false,גב.מותכת למריחה 14% 120ג,נטו,IL,גבינה מותכת,גרמים,120.00,100 גרם,false,0,10.00,8.33,true,1,
7290000121055,false,גבינת טעם טוב 7%,,IL,גבינת טעם טוב 7%,גרמים,100.00,100 גרם,false,0,7.90,7.90,true,1,
7290000121079,false,גבינת מון בלאן שמיר 120ג,נטו,IL,גבינת מון בלאן,גרמים,120.00,100 גרם,false,0,10.00,8.33,true,1,
7290000121093,false,גב.מון בלן ט.שויצרי 120ג,נטו,IL,גבינת מון בלאן,גרמים,120.00,100 גרם,false,0,10.00,8.33,true,1,
7290000121154,false,מון בלאן לייט +סלמון120ג,נטו,IL,גבינת מון בלאן,גרמים,120.00,100 גרם,false,0,10.00,8.33,true,1,
7290000121369,false,קונפ778. תות שדה לייט300,יוניליוור,IL,קונפיטורה 778,גרמים,300.00,100 גרם,false,0,11.90,3.97,true,1,
7290000122243,false,"תמצית רום אפיכל 50 מ""ל",יוניליוור,IL,תמצית רום,מיליליטרים,50.00,"100 מ""ל",false,0,4.40,8.80,true,1,
7290000122830,false,רוטב סצ'ואן סיני קנור300,יוניליוור,IL,רוטב סצ'ואן סיני,מיליליטרים,300.00,"100 מ""ל",false,0,10.90,3.63,true,1,
7290000123172,false,מזולה בגביע טעם טבעי250ג,יוניליוור,IL,מזולה בגביע,גרמים,250.00,100 גרם,false,0,9.40,3.76,true,1,
7290000129457,false,רוטב פטריות 28 גרם,יוניליוור,IL,רוטב פטריות,גרמים,28.00,100 גרם,false,0,3.90,13.93,true,1,
7290000130125,false,מצות אביב 400 גרם חמץ,מצות אביב,IL,מצות אביב,גרמים,400.00,100 גרם,false,0,12.40,3.10,true,1,
7290000133645,false,מ.ש.אורביטול סודה145*3ג,קוסמופארם,,משחת שיניים 3 יח,גרמים,435.00,100 גרם,false,0,15.00,3.45,true,1,
7290000134147,false,מוסקט טחון 40 גרם,תבליני טעם וריח,IL,מוסקט טחון,גרמים,40.00,100 גרם,false,0,16.80,42.00,true,1,
7290000134307,false,קינמון טחון 50 גרם,תבליני טעם וריח,IL,קינמון טחון,גרמים,50.00,100 גרם,false,0,6.80,13.60,true,1,
7290000134840,false,כורכום טחון 100 גרם,תבליני טעם וריח,IL,כורכום טחון,גרמים,100.00,100 גרם,false,0,10.80,10.80,true,1,
7290000134871,false,פלפל שחור במיכל 100 גרם,תבליני טעם וריח,IL,פלפל שחור במיכ,גרמים,100.00,100 גרם,false,0,16.40,16.40,true,1,
7290000134970,false,חוואיג' במיכל 100 גרם,תבליני טעם וריח,IL,חוואיג',גרמים,100.00,100 גרם,false,0,13.80,13.80,true,1,
7290000134987,false,פלפל שחור גרוס במיכל90גר,תבליני טעם וריח,IL,פלפל שחור גרוס,גרמים,90.00,100 גרם,false,0,16.40,18.22,true,1,
7290000136004,false,ג'אמפ לימונדה 1.5 ליטר,טמפו,IL,ג'אמפ לימונדה,ליטרים,1.50,ליטר,false,1,5.90,3.93,true,1,
7290000136738,false,ג'אמפ אשכוליות 1.5 ליטר,טמפו,IL,ג'אמפ אשכוליות,ליטרים,1.50,ליטר,false,0,5.90,3.93,true,1,
7290000143187,false,"שמפו הוואי לגבר 700 מ""ל",טרופיקל דגיל,IL,שמפו הוואי לגבר,מיליליטרים,700.00,"100 מ""ל",false,0,8.90,1.27,true,1,
7290000143194,false,"שמפו + מרכך הוואי 700מ""ל",טרופיקל דגיל,IL,שמפו+מרכך הוואי,מיליליטרים,700.00,"100 מ""ל",false,0,8.90,1.27,true,1,
7290000143200,false,מרכך הוואי לשיער יבש700מ,טרופיקל דגיל,IL,מרכך שיער הוואי,מיליליטרים,700.00,"100 מ""ל",false,0,8.90,1.27,true,1,
7290000143217,false,שמפו הוואי שיער יבש 700מ,טרופיקל דגיל,IL,שמפו הוואי,מיליליטרים,700.00,"100 מ""ל",false,0,8.90,1.27,true,1,
7290000143255,false,שמפו הוואי לשיער רגיל700,טרופיקל דגיל,IL,שמפו הוואי,מיליליטרים,700.00,"100 מ""ל",false,0,8.90,1.27,true,1,
7290000143286,false,"הוואי מרכך ירוק 700 מ""ל",טרופיקל דגיל,IL,מרכך הוואי,מיליליטרים,700.00,"100 מ""ל",false,0,8.90,1.27,true,1,
7290000144160,false,שמן זית בטעם מודגש 750מל,שמן תעשיות,IL,שמן זית מודגש,מיליליטרים,750.00,"100 מ""ל",false,0,34.90,4.65,true,1,
7290000144467,false,שמן חמניות+נוגדי חמצון1ל,שמן תעשיות,IL,שמן חמניות,ליטרים,1.00,ליטר,false,0,16.40,16.40,true,1,
7290000144474,false,שמן קנולה מועשר 1 ליטר,שמן תעשיות,IL,שמן קנולה,ליטרים,1.00,ליטר,false,0,15.00,15.00,true,1,
7290000146645,false,סבון הוואי שחור 100*4גרם,טרופיקל דגיל,IL,סבון הוואי 4 יח,גרמים,400.00,100 גרם,false,0,11.90,2.98,true,1,
7290000146652,false,סבון הוואי ורוד 100*4גרם,טרופיקל דגיל,IL,סבון הוואי 4 יח,גרמים,400.00,100 גרם,false,0,11.90,2.98,true,1,
7290000146676,false,סבון הוואי לגבר 100*4גרם,טרופיקל דגיל,PL,סבון הוואי 4 יח,גרמים,400.00,100 גרם,false,0,11.90,2.98,true,1,
7290000146928,false,משחת טום וג'רי ענבים 50מ,טרופיקל דגיל,IL,משחת טום וג'רי,מיליליטרים,50.00,"100 מ""ל",false,0,9.20,18.40,true,1,
7290000146997,false,משחת טום וג'רי מסטיק 50מ,טרופיקל דגיל,IL,משחת טום וג'רי,מיליליטרים,50.00,"100 מ""ל",false,0,9.20,18.40,true,1,
7290000149615,false,סבון נקה 7 לתינוק100*4 ג,נקה,IL,נקה 7 סבון 4 יח,גרמים,400.00,100 גרם,false,0,12.50,3.13,true,1,
7290000149851,false,סינטבון כפול לנקיון 460ג,נקה,IL,סינטבון נקה כפול,גרמים,460.00,100 גרם,false,0,9.60,2.09,true,1,
7290000149905,false,טקסטיל נוזל לכביסה 1ליטר,נקה,IL,נוזל כביס טקסטיל,ליטרים,1.00,ליטר,false,0,14.10,14.10,true,1,
7290000150925,false,נקניק סלמי ירדן 600 גרם,עוף טוב,IL,נקניק סלמי ירדן,גרמים,600.00,100 גרם,false,0,27.90,4.65,true,1,
7290000150956,false,מקלוני קבנוס 160 גרם,עוף טוב,IL,מקלוני קבנוס,גרמים,160.00,100 גרם,false,0,11.60,7.25,true,1,
7290000151281,false,חזה עוף ברביקיו 300 גרם,עוף טוב,IL,חזה עוף ברביקיו,גרמים,300.00,100 גרם,false,0,25.90,8.63,true,1,
7290000151328,false,חזה הודו מעושן 300 גרם,עוף טוב,IL,חזה הודו מעושן,גרמים,300.00,100 גרם,false,0,25.90,8.63,true,1,
7290000151601,false,פסטרמה בדבש 300 גרם,עוף טוב,IL,פסטרמה בדבש,גרמים,300.00,100 גרם,false,0,25.90,8.63,true,1,
7290000153469,false,קציצות עוף קלאסיות 600גר,עוף טוב,IL,קציצות עוף,גרמים,600.00,100 גרם,false,0,27.90,4.65,true,1,
7290000155661,false,נקניקיות עוף 4יח400X'גרם,עוף טוב,IL,נקניקיות 4 יח,קילוגרמים,1.60,"ק""ג",false,0,34.10,21.31,true,1,
7290000156217,false,מקלוני קבנוס יח,עוף טוב,IL,מקלוני קבנוס,גרמים,260.00,100 גרם,false,0,20.90,8.04,true,1,
7290000156545,false,פסטרמה מקסיקנית 300גרם,עוף טוב,IL,פסטרמה מקסיקנית,גרמים,300.00,100 גרם,false,0,25.90,8.63,true,1,
7290000158211,false,שניצל דק ענק 700גרם,עוף טוב,,שניצל דק ענק,גרמים,700.00,100 גרם,false,0,38.90,5.56,true,1,
7290000158235,false,שניצל ע.דק בציפוי 700גרם,עוף טוב,IL,שניצל דק בציפוי,גרמים,700.00,100 גרם,false,0,38.90,5.56,true,1,
7290000159010,false,שניצל דובונים 700גרם,עוף טוב,IL,שניצל דובונים,גרמים,700.00,100 גרם,false,0,37.10,5.30,true,1,
7290000159034,false,שניצל אמיתי קריספי 700גר,עוף טוב,IL,שניצל קריספי בית,גרמים,700.00,100 גרם,false,0,46.00,6.57,true,1,
7290000160252,false,דאב תרחיץ פנים רגיל180מל,יוניליוור,IL,דאב תרחיץ פנים,מיליליטרים,180.00,"100 מ""ל",false,0,10.00,5.56,true,1,
7290000160467,false,עוף ולתנור גריל 49 גרם,יוניליוור,IL,עוף ולתנור גריל,גרמים,49.00,100 גרם,false,0,6.30,12.86,true,1,
7290000160771,false,"כריות וניל בד""צ 750 גרם",יוניליוור,,כריות וניל,גרמים,750.00,100 גרם,false,0,27.90,3.72,true,1,
7290000161167,false,מחמאה גביע 250 גרם,יוניליוור,IL,מחמאה,גרמים,250.00,100 גרם,false,0,8.60,3.44,true,1,
7290000162805,false,בדין אקסטרה סגול 960,יוניליוור,TR,מרכך בדין960מ,מיליליטרים,960.00,"100 מ""ל",false,0,18.90,1.97,true,1,
7290000162829,false,מיקספלקס פלוס אגוזים400ג,דליסר,,מיקספלקס פלוס,גרמים,400.00,100 גרם,false,0,16.90,4.23,true,1,
7290000163024,false,רוטב חרדל דבש לייט305גרם,יוניליוור,IL,רוטב חרדל דבש,גרמים,305.00,100 גרם,false,0,10.90,3.57,true,1,
7290000165219,false,קרם קרקר 210 גרם,אפיפית,IL,קרם קרקר,גרמים,210.00,100 גרם,false,0,7.90,3.76,true,1,
7290000165509,false,תחליב רח.פינוק קמומיל700,יוניליוור,IL,תחליב רחצה פינוק,מיליליטרים,700.00,"100 מ""ל",false,0,9.90,1.41,true,1,
7290000168173,false,ברנפלקס קרנצ'ים 375 גרם,יוניליוור,IL,ברנפלקס קרנצ'ים,גרמים,375.00,100 גרם,false,0,16.90,4.51,true,1,
7290000168418,false,רוטב סויה סיני 25% פחות,יוניליוור,IL,רוטב סויה סיני,מיליליטרים,300.00,"100 מ""ל",false,0,10.90,3.63,true,1,
7290000168425,false,רוטב צ'ילי מתוק 50% פחות,יוניליוור,IL,רוטב צ'ילי מתוק,מיליליטרים,300.00,"100 מ""ל",false,0,10.90,3.63,true,1,
7290000169521,false,נמס בכוס ירקות וקרוטונים,יוניליוור,IL,נמס בכוס,גרמים,56.00,100 גרם,false,0,6.90,12.32,true,1,
7290000170053,false,שוקולד פרה חלב 100 גרם,שטראוס,IL,שוקולד פרה חלב,גרמים,100.00,100 גרם,false,0,5.50,5.50,true,1,
7290000170077,false,שוק.מריר 100 גרם,שטראוס,IL,שוקולד מריר,גרמים,100.00,100 גרם,false,0,5.50,5.50,true,1,
7290000171470,false,כיף כף 45 גרם,שטראוס,IL,כיף כף,גרמים,45.00,100 גרם,false,0,3.90,8.67,true,1,
7290000175027,false,ממרחית שוקולד 500 גרם,שטראוס,IL,ממרחית שוקולד,גרמים,500.00,100 גרם,false,0,9.70,1.94,true,1,
7290000176079,false,קפה טורקי עם הל 100 גרם,עלית,IL,קפה טורקי עם הל,גרמים,100.00,100 גרם,false,0,8.90,8.90,true,1,
7290000176192,false,קפה טורקי האג ואקום200גר,עלית,IL,קפה טורקי האג,גרמים,200.00,100 גרם,false,0,27.10,13.55,true,1,
7290000176413,false,קפה נמס 50 גרם,עלית,IL,קפה נמס,גרמים,50.00,100 גרם,false,0,9.60,19.20,true,1,
7290000176475,false,האג נטול קופאין 200 גרם,עלית,IL,קפה נמס האג,גרמים,200.00,100 גרם,false,0,34.90,17.45,true,1,
7290000184708,false,"בפלות טעם שוק.ללת""ס500גר",שטראוס,IL,"בפלות ללת""ס",גרמים,500.00,100 גרם,false,0,17.00,3.40,true,1,
7290000187860,false,40מגבוני נייר טואלט לילי,חוגלה קימברלי,IL,מגבוני נ.טואלט,יחידה,1.00,יחידה,false,0,7.80,7.80,true,1,
7290000187921,false,נ.טואלט לילי קלאסיק 32גל,חוגלה קימברלי,IL,נייר טואלט לילי,מטרים,588.00,100 מטר,false,0,37.90,6.45,true,1,
7290000188249,false,מגבת ויוה חוזק מוגבר,חוגלה קימברלי,IL,מגבת ויוה,מטרים,16.00,מטר,false,0,14.30,0.89,true,1,
7290000188553,false,60מגני תחתון קוטקס סילקN,חוגלה קימברלי,CN,מגן תחתון קוטקס,יחידה,1.00,יחידה,false,0,19.90,19.90,true,1,
7290000188560,false,52מגני תחתון קוטקס סילקL,חוגלה קימברלי,CN,מגן תחתון קוטקס,יחידה,1.00,יחידה,false,0,19.90,19.90,true,1,
7290000188591,false,60מגני תחתון קוטקס סילקY,חוגלה קימברלי,CN,מגן תחתון קוטקס,יחידה,1.00,יחידה,false,0,19.90,19.90,true,1,
7290000188850,false,מגבוני האגיס 24*3 טו-גו,חוגלה קימברלי,IL,מגבוני האגיס3יח,יחידה,1.00,יחידה,false,0,9.80,9.80,true,1,
7290000188980,false,תחבושות קוטקס,,IL,תחבושות קוטקס,יחידה,1.00,יחידה,false,0,22.60,22.60,true,1,
7290000189192,false,ניקול מגבת רב שימושית,חוגלה קימברלי,,מטליות נייר,מטרים,18.00,מטר,false,0,16.90,0.94,true,1,
7290000189482,false,4 תבניות קרטון מרובעות,חוגלה קימברלי,IL,תבניות קרטון,יחידה,1.00,יחידה,false,0,9.90,9.90,true,1,
7290000189505,false,5 תבניות קרטון אינגליש,חוגלה קימברלי,IL,תבניות קרטון,יחידה,1.00,יחידה,false,0,9.90,9.90,true,1,
7290000189758,false,מגן תחתון,,IL,מגן תחתון,יחידה,1.00,יחידה,false,0,19.90,19.90,true,1,
7290000189871,false,60שקיות אשפה פחים גדולים,חוגלה קימברלי,IL,שק. אשפה לפח,יחידה,1.00,יחידה,false,0,21.90,21.90,true,1,
7290000190150,false,מפיות תלת שכבתי מודפס 20,חוגלה קימברלי,IL,מפיות תלת שכבתי,יחידה,1.00,יחידה,false,0,7.90,7.90,true,1,
7290000190198,false,מטליות ניקוי,,IL,מטליות ניקוי,יחידה,1.00,יחידה,false,0,10.90,10.90,true,1,
7290000190563,false,מפיות חד שכבתי מודפס זוג,חוגלה קימברלי,,מפיות ניקול זוג,יחידה,1.00,יחידה,false,0,11.90,11.90,true,1,
7290000191225,false,46האגיס ליטל בייביס שלב2,חוגלה קימברלי,IL,האגיס ליטל בייבי,יחידה,1.00,יחידה,false,1,35.60,35.60,true,1,
7290000191539,false,לילי צבעוני 100*5 יחידות,חוגלה קימברלי,IL,מגבוני לילי 100,יחידה,1.00,יחידה,false,0,12.90,12.90,true,1,
7290000191546,false,לילי צבעוני 100*3 יחידות,חוגלה קימברלי,IL,לילי צבעוני100*3,יחידה,1.00,יחידה,false,0,8.90,8.90,true,1,
7290000191645,false,36האגיס ניו בורן עד 4 קג,חוגלה קימברלי,IL,חיתולי האגיס,יחידה,1.00,יחידה,false,0,30.90,30.90,true,1,
7290000191652,false,קלינקס מעוצב 90*3 יחידות,חוגלה קימברלי,,קלינקס מעוצב 3יח,יחידה,1.00,יחידה,false,0,9.90,9.90,true,1,
7290000193205,false,20 תחבושות לילי ללילה,חוגלה קימברלי,,תחבושות לילי,יחידה,1.00,יחידה,false,0,16.00,16.00,true,1,
7290000193540,false,52 פדיות לילי נטורל LONG,חוגלה קימברלי,IL,פדיות לילי,יחידה,1.00,יחידה,false,0,16.00,16.00,true,1,
7290000193649,false,24 תחבושות לילי נורמל+,חוגלה קימברלי,IL,תחבושות לילי,יחידה,1.00,יחידה,false,0,16.00,16.00,true,1,
7290000193656,false,24 לילי נטורל אולט.סופר+,חוגלה קימברלי,IL,תחבושות לילי,יחידה,1.00,יחידה,false,0,16.00,16.00,true,1,
7290000194837,false,שקיות מזון,,IL,שקיות מזון,יחידה,1.00,יחידה,false,0,13.90,13.90,true,1,
7290000195544,false,מגב.האגיס בישום עדין72*4,חוגלה קימברלי,IL,מגבוני האגיס 4יח,יחידה,1.00,יחידה,false,0,19.90,19.90,true,1,
7290000197210,false,76 האגיס מגה פק שלב+4,חוגלה קימברלי,IL,חיתולי האגיס,יחידה,1.00,יחידה,false,0,77.90,77.90,true,1,
7290000197227,false,72 האגיס מגה פק שלב5,חוגלה קימברלי,IL,חיתולי האגיס,יחידה,1.00,יחידה,false,0,77.90,77.90,true,1,
7290000197463,false,42האגיס פרידום דרי שלב+4,חוגלה קימברלי,IL,חיתולי האגיס,יחידה,1.00,יחידה,false,0,42.90,42.90,true,1,
7290000197654,false,שקיות אשפה לפחים ענקיים,חוגלה קימברלי,IL,שקיות אשפה,יחידה,1.00,יחידה,false,0,21.80,21.80,true,1,
7290000197753,false,ניילון נצמד ניקול 30*2מ,חוגלה קימברלי,IL,ניילון נצמד זוג,מטרים,60.00,מטר,false,0,10.90,0.18,true,1,
7290000199313,false,קוטקס יאנג 28 יחידות,חוגלה קימברלי,IL,קוטקס תחבושות,יחידה,1.00,יחידה,false,0,22.90,22.90,true,1,
7290000200460,false,60 מגן תחתון קוטקס דקים,חוגלה קימברלי,CN,מגן תחתון קוטקס,יחידה,1.00,יחידה,false,0,16.10,16.10,true,1,
7290000201849,false,42 טיטולים פרימיום שלב 4,חוגלה קימברלי,IL,טיטולים פרימיום,יחידה,1.00,יחידה,false,1,34.90,34.90,true,1,
7290000201870,false,34 טיטולים פרימיום שלב 6,חוגלה קימברלי,IL,טיטולים פרימיום,יחידה,1.00,יחידה,false,1,34.90,34.90,true,1,
7290000204086,false,כריות קרצוף ניקול 3 יח,חוגלה קימברלי,IL,כרית קרצוף 3 יח,יחידה,1.00,יחידה,false,0,10.90,10.90,true,1,
7290000204253,false,9 מטליות רב שימושי.ניקול,חוגלה קימברלי,IL,מטליות ניקול,יחידה,1.00,יחידה,false,0,10.50,10.50,true,1,
7290000205526,false,פיסגה שטיפת רצפות 2 ליטר,סנו,IL,פיסגה ניקוי רצפה,ליטרים,2.00,ליטר,false,0,9.70,4.85,true,1,
7290000205762,false,48 האגיס אקסטרה קר מידה3,חוגלה קימברלי,IL,חיתולי האגיס,יחידה,1.00,יחידה,false,1,55.90,55.90,true,1,
7290000207063,false,רוטב עגבניות פריכוז260גר,זנלכל,IL,רוטב עגבניות,גרמים,260.00,100 גרם,false,0,4.10,1.58,true,1,
7290000208855,false,רוטב פסטה 260 גרם,זנלכל,IL,רוטב פסטה,גרמים,260.00,100 גרם,false,0,4.70,1.81,true,1,
7290000208978,false,רוטב עגבניות פריכוז100גר,זנלכל,IL,רוטב עגבניות,גרמים,100.00,100 גרם,false,0,2.70,2.70,true,1,
7290000209517,false,סירופ דיאט לימון 1 ליטר,זנלכל,IL,סירופ דיאט לימון,ליטרים,1.00,ליטר,false,0,8.00,8.00,true,1,
7290000209524,false,סירופ דיאט פטל 1 ל' יכין,זנלכל,IL,סירופ פטל דיאט,ליטרים,1.00,ליטר,false,0,8.00,8.00,true,1,
7290000209586,false,סירופ דיאט תות 1 ליטר,זנלכל,IL,סירופ דיאט תות,ליטרים,1.00,ליטר,false,0,8.00,8.00,true,1,
7290000209708,false,עגבנ.מרוסקות בזיליקום260,זנלכל,IL,עגבניות מרוסקות,גרמים,260.00,100 גרם,false,0,4.70,1.81,true,1,
7290000209944,false,בסיס לשקשוקה 260גרם,זנלכל,IL,בסיס לשקשוקה,גרמים,260.00,100 גרם,false,0,4.70,1.81,true,1,
7290000211169,false,אורז תאילנדי,סוגת,IL,אורז תאילנדי,קילוגרמים,1.00,"ק""ג",false,0,4.90,4.90,true,1,
7290000211312,false,"אורז מלא ארוך ""סוגת"" 1קג",סוגת,IL,אורז מלא ארוך,קילוגרמים,1.00,"ק""ג",false,0,8.50,8.50,true,1,
7290000211381,false,"סוכר חום כהה סוגת 1 ק""ג",סוגת,IL,סוכר חום כהה,קילוגרמים,1.00,"ק""ג",false,0,10.50,10.50,true,1,
7290000211442,false,"אורז פרסי קלאסי 1ק""ג",סוגת,IL,אורז פרסי קלאסי,קילוגרמים,1.00,"ק""ג",false,0,8.90,8.90,true,1,
7290000211626,false,"חיש אורז 1 ק""ג",סוגת,IL,אורז חיש סוגת,קילוגרמים,1.00,"ק""ג",false,0,9.90,9.90,true,1,
7290000212579,false,ופלים מצופים 20*40 גרם,מנעמים,IL,ופלים מצופים,גרמים,800.00,100 גרם,false,0,15.70,1.96,true,1,
7290000214115,false,מרק עוף בצנצנת ויטה400גר,פרי גליל,IL,מרק עוף צנצנת,גרמים,400.00,100 גרם,false,0,13.80,3.45,true,1,
7290000238029,false,"בצק עלים 1 ק""ג","מעדנות בע""מ",IL,בצק עלים מרודד,קילוגרמים,1.00,"ק""ג",false,0,22.90,22.90,true,1,
7290000238173,false,בורקס גבינה 800 גרם,"מעדנות בע""מ",IL,בורקס גבינה קפוא,גרמים,800.00,100 גרם,false,0,19.90,2.49,true,1,
7290000238180,false,"בורקס תפו""א 800 גרם","מעדנות בע""מ",IL,"בורקס תפו""א קפוא",גרמים,800.00,100 גרם,false,0,19.70,2.46,true,1,
7290000240541,false,ריבועי בצק עלים 800 גרם,"מעדנות בע""מ",IL,ריבועי בצק עלים,גרמים,800.00,100 גרם,false,0,24.80,3.10,true,1,
7290000244082,false,אלסבון הוואי כחול500*3מ,טרופיקל דגיל,IL,סב.נוזלי הוואי,ליטרים,1.50,ליטר,false,0,17.90,11.93,true,1,
7290000244143,false,קרם הוואי לאחר גילוח120ג,טרופיקל דגיל,IL,קרם לאחר גילוח,גרמים,120.00,100 גרם,false,0,23.90,19.92,true,1,
7290000244761,false,"קרם ידיים ולווטה 100 מ""ל",טרופיקל דגיל,IL,קרם ידיים ולווטה,מיליליטרים,100.00,"100 מ""ל",false,0,9.90,9.90,true,1,
7290000253251,false,שוקולד צ'יפס לבן 300 גרם,אופנהיימר,IL,שוקו צ'יפס לבן,גרמים,300.00,100 גרם,false,0,10.80,3.60,true,1,
7290000256085,false,רולעדין גלילי ופל 100 גר,עדין,IL,גלילי רולעדין,גרמים,100.00,100 גרם,false,0,6.80,6.80,true,1,
7290000256207,false,ופלים מצופים עדין 20*25ג,עדין,IL,ופל מצופה 25 יח,גרמים,500.00,100 גרם,false,0,15.30,3.06,true,1,
7290000260860,false,ספרינג משקה אפרסק 1.5 ל',יפאורה שותפות מובגלת לשיווק,IL,ספרינג אפרסק,ליטרים,1.50,ליטר,false,0,6.20,4.13,true,1,
7290000260969,false,משקה ספרינג דיאט אשכו1.5,יפאורה שותפות מובגלת לשיווק,IL,ספרינג דיאט,ליטרים,1.50,ליטר,false,0,6.20,4.13,true,1,
7290000262499,false,מגבוני נייר לח קידס48*3י,חוגלה קימברלי,IL,מגבוני נ.טואלט,יחידה,1.00,יחידה,false,0,15.90,15.90,true,1,
7290000263359,false,40 האגיס ליטל בייביס,חוגלה קימברלי,IL,חיתולי האגיס,יחידה,1.00,יחידה,false,0,34.90,34.90,true,1,
7290000267012,false,שקד מולבן שלם100ג'שקדיה,שקדיה,IL,שקד מולבן שלם,גרמים,100.00,100 גרם,false,0,12.80,12.80,true,1,
7290000267029,false,שקד מולבן חצוי100ג'שקדיה,שקדיה,IL,שקד מולבן חצוי,גרמים,100.00,100 גרם,false,0,12.80,12.80,true,1,
7290000267036,false,שקד מולבן משובב100גשקדיה,שקדיה,IL,שקד מולבן משובב,גרמים,100.00,100 גרם,false,0,12.80,12.80,true,1,
7290000267043,false,שקד מולבן פרוס100ג'שקדיה,שקדיה,IL,שקד מולבן פרוס,גרמים,100.00,100 גרם,false,0,12.80,12.80,true,1,
7290000267050,false,שקד טבעי טחון100ג-'שקדיה,שקדיה,IL,שקד טבעי טחון,גרמים,100.00,100 גרם,false,0,12.80,12.80,true,1,
7290000267104,false,שקד טבעי גרוס100ג'שקדיה,שקדיה,IL,שקד טבעי גרוס,גרמים,100.00,100 גרם,false,0,12.80,12.80,true,1,
7290000267500,false,קליפות הדר בשוקולד200גרם,שקדיה,IL,קליפות הדר בשוק,גרמים,200.00,100 גרם,false,0,14.80,7.40,true,1,
7290000267609,false,פיסטוק חלבי קלוף 150גרם,שקדיה,IL,פיסטוק חלבי קלוף,גרמים,150.00,100 גרם,false,0,28.70,19.13,true,1,
7290000275901,false,חומוסטחינה צנובר צבר400ג,צבר,IL,חומוסטחינה צנובר,גרמים,400.00,100 גרם,false,1,14.90,3.73,true,1,
7290000286549,false,מטליות רב שימוש 9 יח',סנו,IL,מטליות לכל 9 יח,יחידה,1.00,יחידה,false,0,9.50,9.50,true,1,
7290000286594,false,סנוX- לימון 600 גרם,סנו,IL,סנוX- קרם לניק,גרמים,600.00,100 גרם,false,0,9.90,1.65,true,1,
7290000286761,false,ניילון נצמד 30*2 מטר,סנו,IL,צמד ניילון נצמד,מטרים,60.00,מטר,false,0,9.90,0.17,true,1,
7290000286921,false,"סנוקל רסס וכבס 750 מ""ל",סנו,IL,סנוקל רסס וכבס,מיליליטרים,750.00,"100 מ""ל",false,0,10.00,1.33,true,1,
7290000286945,false,"סנו רהיט מרסס 500 מ""ל",סנו,IL,סנו רהיט מרסס,מיליליטרים,500.00,"100 מ""ל",false,0,27.00,5.40,true,1,
7290000287102,false,סנו שמפו לשטיחים 540 גרם,סנו,IL,סנו שמפו לשטיחים,גרמים,540.00,100 גרם,false,0,18.90,3.50,true,1,
7290000288000,false,4 סנו ארון פרש קלאסיק,סנו,IL,סנו ארון פרש,יחידה,1.00,יחידה,false,0,20.90,20.90,true,1,
7290000288024,false,סנו ג'אוול לימון 4 ליטר,סנו,IL,סנו JAVEL אקונומ,ליטרים,4.00,ליטר,false,0,16.50,4.13,true,1,
7290000288048,false,סנו ג'אוול מרסס לבנדר 1ל,סנו,IL,סנו ג'אוול לבנדר,ליטרים,1.00,ליטר,false,0,15.90,15.90,true,1,
7290000288086,false,סנו ג'אוול אבק,,IL,סנו ג'אוול אבק,גרמים,600.00,100 גרם,false,0,10.90,1.82,true,1,
7290000288253,false,400-K קוטל חרקים/זבוב630,סנו,IL,400-K קוטל חרקים,מיליליטרים,630.00,"100 מ""ל",false,0,20.70,3.29,true,1,
7290000288390,false,600-K יבש קוטל חרקים500מ,סנו,IL,סנו 600-K תרסיס,מיליליטרים,500.00,"100 מ""ל",false,0,17.90,3.58,true,1,
7290000288420,false,סנו די תרסיס דוחה יתושים,סנו,IL,תרסיס סנו די,מיליליטרים,175.00,"100 מ""ל",false,0,19.90,11.37,true,1,
7290000288840,false,סנו מים מזוקקים 2 ליטר,סנו,IL,סנו מים מזוקקים,ליטרים,2.00,ליטר,false,0,10.00,5.00,true,1,
7290000289052,false,פוליויקס סחלבים 4 ליטר,סנו,IL,פוליויקס לריצפה,ליטרים,4.00,ליטר,false,0,35.90,8.98,true,1,
7290000289069,false,סנו ג'אוול מרסס לימון 1ל,סנו,IL,סנו ג'אוול מרסס,ליטרים,1.00,ליטר,false,0,15.90,15.90,true,1,
7290000289595,false,אורביטול קיד תות 145 גרם,קוסמופארם,IL,משחת שיניים,גרמים,145.00,100 גרם,false,0,7.40,5.10,true,1,
7290000291932,false,סנובון נוזלי לבנדר 750מל,סנו,IL,סנובון נוזלי,מיליליטרים,750.00,"100 מ""ל",false,0,8.90,1.19,true,1,
7290000292137,false,"סנו לניקוי עור 500 מ""ל",סנו,IL,סנו לניקוי עור,מיליליטרים,500.00,"100 מ""ל",false,0,31.90,6.38,true,1,
7290000292557,false,סנומט נוזלי45לילות-מילוי,סנו,IL,נוזל מילוי סנו,מיליליטרים,35.00,"100 מ""ל",false,0,15.90,45.43,true,1,
7290000292915,false,"סנו רסס ונגב מרסס 750מ""ל",סנו,IL,סנו רסס נגב מרסס,מיליליטרים,750.00,"100 מ""ל",false,0,10.00,1.33,true,1,
7290000293943,false,סנו אנטי קאלק מרסס 1 ל',סנו,IL,סנו אנטי קאלק,ליטרים,1.00,ליטר,false,0,16.50,16.50,true,1,
7290000294391,false,סנו ג'ט לניקוי כללי 4ל,סנו,IL,סנו ג'ט,ליטרים,4.00,ליטר,false,0,15.00,3.75,true,1,
7290000294575,false,רב מגבת סנו סושי 63 דפים,סנו,IL,רב מגבת סנו סושי,מטרים,14.00,מטר,false,0,14.90,1.06,true,1,
7290000295404,false,סושי60שקיות אשפה כחולות,סנו,IL,שקיות אשפה,יחידה,1.00,יחידה,false,0,21.60,21.60,true,1,
7290000295541,false,סנו סושי 75רב מגבת ג'מבו,סנו,IL,סנו סושי רב מגבת,מטרים,21.00,מטר,false,0,12.90,0.61,true,1,
7290000300924,false,שניצל תרד 750 גרם,טבעול,IL,שניצל תרד,גרמים,750.00,100 גרם,false,0,31.30,4.17,true,1,
7290000301662,false,שניצל מןהצומח %5שומן 750,טבעול,IL,שניצל מן הצומח,גרמים,750.00,100 גרם,false,0,33.90,4.52,true,1,
7290000304663,false,"סלט טונה פיקנטי""נון160""ג",סטארקיסט,IL,סלט טונה פיקנט,גרמים,160.00,100 גרם,false,0,7.80,4.88,true,1,
7290000305349,false,פסטרמה טונה מעוש.בשמן120,סטארקיסט,IL,פסטרמה טונה,גרמים,120.00,100 גרם,false,0,14.50,12.08,true,1,
7290000305882,false,אס ירקות עם דגים+רוטב120,סטארקיסט,IL,אס דגים+ירקות,גרמים,120.00,100 גרם,false,0,6.00,5.00,true,1,
7290000307046,false,אפונת גינה וגזר 550 גרם,פרי גליל,IL,אפונת גינה וגזר,גרמים,550.00,100 גרם,false,0,6.50,1.18,true,1,
7290000307220,false,גרעיני תירס ואקום 340 גר,פרי גליל,IL,גרעיני תירס,גרמים,340.00,100 גרם,false,0,6.20,1.82,true,1,
7290000313290,false,נודלס אטריות מסולסל200גר,טאי רזידנט,TH,אטריות נודלס,גרמים,200.00,100 גרם,false,0,11.00,5.50,true,1,
7290000315560,false,מיונז לחיץ לייט 385 גרם,בסט פודס,IL,מיונז לחיץ לייט,גרמים,385.00,100 גרם,false,0,14.80,3.84,true,1,
7290000318868,false,סלמי פפרוני במשקל,מעדני יחיעם,IL,סלמי פפרוני,קילוגרמים,0.00,"ק""ג",true,0,69.00,69.00,true,1,
7290000319834,false,קבנוס פפרוני קלאסי 125גר,מעדני יחיעם,IL,קבנוס פפרוני,גרמים,125.00,100 גרם,false,5,14.90,11.92,true,1,
7290000327372,false,ג'אמפ אשכוליות דיאט1.5ל',טמפו,IL,ג'אמפ דיאט,ליטרים,1.50,ליטר,false,0,5.90,3.93,true,1,
7290000334424,false,שניצל ירקות 750 גרם,תפוגן,IL,שניצל ירקות,גרמים,750.00,100 גרם,false,0,22.90,3.05,true,1,
7290000336275,false,"סיידר תפוח מוגז 330 מ""ל",טמפו,IL,סיידר תפוח מוג,מיליליטרים,330.00,"100 מ""ל",false,1,7.90,2.39,true,1,
7290000345048,false,תה ויסוצקי 74 - 125 גרם,ויסוצקי,IL,תה ויסוצקי 74,גרמים,125.00,100 גרם,false,0,12.90,10.32,true,1,
7290000345055,false,ארל גריי תה עלים 100 גרם,ויסוצקי,IL,תה ארל גריי עלים,גרמים,100.00,100 גרם,false,0,14.00,14.00,true,1,
7290000345116,false,תה ירוק עלים 125 גרם,ויסוצקי,IL,תה ירוק עלים,גרמים,125.00,100 גרם,false,0,14.00,11.20,true,1,
7290000345215,false,תה ויסוצקי כחול 100שק1*ג,ויסוצקי,IL,תה ויסוצקי 100שק,גרמים,100.00,100 גרם,false,0,15.90,15.90,true,1,
7290000345277,false,תה ויסוצקי 50שק1.5* גרם,ויסוצקי,IL,תה ויסוצקי 50 שק,גרמים,75.00,100 גרם,false,0,12.90,17.20,true,1,
7290000345598,false,תה אפרסק 25 שק2* גרם,ויסוצקי,IL,תה אפרסק,גרמים,50.00,100 גרם,false,0,16.50,33.00,true,1,
7290000346021,false,חליטת קמומיל 50 שק* 1.5ג,ויסוצקי,IL,חליטת קמומיל,גרמים,75.00,100 גרם,false,0,32.60,43.47,true,1,
7290000346137,false,הילולי פירות הגן25שק2.5*,ויסוצקי,IL,חליטת פירות,גרמים,62.00,100 גרם,false,0,16.90,27.26,true,1,
7290000346144,false,חליטה עינוגי התפוח25ש3*ג,ויסוצקי,IL,חליטת פירות,גרמים,67.00,100 גרם,false,0,16.90,25.22,true,1,
7290000346151,false,חליטת תות+ורד הבר25ש2.7*,ויסוצקי,IL,חליטת תות שדה,גרמים,67.00,100 גרם,false,0,16.90,25.22,true,1,
7290000346168,false,חליטת שומר 25שק * 1.5גר,ויסוצקי,IL,חליטת שומר,גרמים,37.00,100 גרם,false,0,16.90,45.68,true,1,
7290000346199,false,תה פירות יער 25שק2.7*גר,ויסוצקי,IL,חליטת פירות היער,גרמים,67.00,100 גרם,false,0,16.90,25.22,true,1,
7290000346205,false,חל.קמומיל-גן קסום25ש1.5*,ויסוצקי,IL,חליטת קמומיל,גרמים,37.00,100 גרם,false,0,16.90,45.68,true,1,
7290000346229,false,חליטת ורד הבר והיביס3*25,ויסוצקי,IL,חליטת ורד הבר,גרמים,75.00,100 גרם,false,0,16.90,22.53,true,1,
7290000347738,false,תה ירוק עם נענע 1.5*25גר,ויסוצקי,IL,תה ירוק נענע,גרמים,37.00,100 גרם,false,0,25.90,70.00,true,1,
7290000347752,false,תה ירוק+לימונ.ולואיזה25ש,ויסוצקי,IL,תה ירוק לימונית,גרמים,37.00,100 גרם,false,0,25.90,70.00,true,1,
7290000355757,false,עגבנ.מרוסקות טל וטרי800ג,מילוז,IL,עגבניות מרוסקות,גרמים,800.00,100 גרם,false,0,7.60,0.95,true,1,
7290000356952,false,עגבניה מגורדת 300*2 גרם,מילוז,IL,עגבניה מגורדת2יח,גרמים,600.00,100 גרם,false,0,9.60,1.60,true,1,
7290000364773,false,נקניקיות עוף תפזורת משקל,טירת צבי,IL,נקניקיות עוף,קילוגרמים,0.00,"ק""ג",true,0,23.90,23.90,true,1,
7290000364810,false,נקניקיות עגל 500 גרם,טירת צבי,IL,נקניקיות עגל,גרמים,500.00,100 גרם,false,0,26.90,5.38,true,1,
7290000364858,false,"נקניקיות עוף בואקום 1ק""ג",טירת צבי,IL,נקניקיות עוף,קילוגרמים,1.00,"ק""ג",false,0,29.90,29.90,true,1,
7290000364872,false,נקניקיות עוף 400 גרם,טירת צבי,IL,נקניקיות עוף,גרמים,400.00,100 גרם,false,0,14.10,3.53,true,1,
7290000365749,false,פס.הודו מעושנת ד.שומן קג,טירת צבי,IL,פס.הודו מעושנת,קילוגרמים,0.00,"ק""ג",true,0,84.00,84.00,true,1,
7290000365756,false,"פסטרמה ברביקיו ד.ש ק""ג",טירת צבי,IL,פסטרמה ברביקיו,קילוגרמים,0.00,"ק""ג",true,0,84.00,84.00,true,1,
7290000365954,false,פסטרמה על גחלים משקל,טירת צבי,IL,פסטרמה על גחלי,קילוגרמים,0.00,"ק""ג",true,0,84.00,84.00,true,1,
7290000367590,false,פסטרמה כפרית+סלמי 400*2ג,טירת צבי,IL,צמד כפרי נקניקים,גרמים,800.00,100 גרם,false,0,34.90,4.36,true,1,
7290000379142,false,לחם עינן פרוס וארוז 750ג,מאפיית שלמה א. אנג'ל,IL,לחם עינן פרוס,גרמים,750.00,100 גרם,false,0,15.90,2.12,true,1,
7290000379203,false,לחם עינן קל 500 גרם,מאפיית שלמה א. אנג'ל,IL,לחם עינן קל 500 גרם,גרמים,500.00,100 גרם,false,0,15.90,3.18,true,1,
7290000379357,false,חלה קלה פרוסה 500 גרם,מאפיית שלמה א. אנג'ל,IL,חלה קלה פרוסה 500 גרם,גרמים,500.00,100 גרם,false,0,13.80,2.76,true,1,
7290000408316,false,יוגורט ביו 3% דנונה 200ג,שטראוס,IL,יוגורט ביו 3%,גרמים,200.00,100 גרם,false,0,3.60,1.80,true,1,
7290000412139,false,ריצפז אורנים 3 ליטר,סנו,IL,ריצפז אורנים,ליטרים,3.00,ליטר,false,0,14.80,4.93,true,1,
7290000415215,false,קובה מטפוניה 600 גרם,יסמין,IL,קובה מטפוניה,גרמים,600.00,100 גרם,false,0,24.90,4.15,true,1,
7290000416632,false,ממרח טעם שוקולד פרווה1קג,השחר,IL,ממרח שוקולד השחר,קילוגרמים,1.00,"ק""ג",false,0,23.90,23.90,true,1,
7290000416854,false,קקאו 150 גרם,השחר,IL,קקאו השחר העולה,גרמים,150.00,100 גרם,false,0,9.90,6.60,true,1,
7290000418131,false,טופ פד סופר 18 תחבושות,מוצרי נייר עמיר,IL,תחבושות טופ פד,יחידה,1.00,יחידה,false,0,5.00,5.00,true,1,
7290000418155,false,טופ פד ס.פלוס 16 תחבושות,מוצרי נייר עמיר,IL,תחבושות טופ פד,יחידה,1.00,יחידה,false,0,5.00,5.00,true,1,
7290000419107,false,קפה שחור לנדוור 100 גרם,קפה לנדוור,IL,קפה שחור לנדוור,גרמים,100.00,100 גרם,false,0,8.50,8.50,true,1,
7290000419893,false,קפה לנדור לבוקר טחון100ג,קפה לנדוור,IL,קפה שחור לבוקר,גרמים,100.00,100 גרם,false,0,8.50,8.50,true,1,
7290000419923,false,קפה לנדוור אספרסו טחו200,קפה לנדוור,IL,קפה אספרסו טחון,גרמים,200.00,100 גרם,false,0,20.90,10.45,true,1,
7290000420417,false,גלילונית עם שרוך 65*52סמ,אשפלסט,IL,גלילונית שרוך,יחידה,1.00,יחידה,false,0,17.90,17.90,true,1,
7290000432144,false,נרות שבת אקספורט,,IL,נרות שבת אקספורט,יחידה,1.00,יחידה,false,0,26.90,26.90,true,1,
7290000432182,false,נר נשמה בכוס,,IL,נר נשמה בכוס,יחידה,1.00,יחידה,false,0,4.00,4.00,true,1,
7290000432632,false,נרות שבת,,IL,נרות שבת,יחידה,1.00,יחידה,false,0,4.50,4.50,true,1,
7290000432656,false,נרות שבת,,IL,נרות שבת,יחידה,1.00,יחידה,false,0,4.50,4.50,true,1,
7290000432694,false,נרות שבת,,IL,נרות שבת,יחידה,1.00,יחידה,false,0,4.50,4.50,true,1,
7290000442587,false,גינקו קרם רב שימושי 220מ,כצט,IL,קרם רב שימושי,מיליליטרים,250.00,"100 מ""ל",false,0,20.60,8.24,true,1,
7290000450209,false,טונה פוסידון בשמן 108גרם,פוסידון תעשיות,IL,טונה פוסידון,גרמים,108.00,100 גרם,false,0,5.80,5.37,true,1,
7290000453019,false,שמרית-שמרים לחים 50 גרם,פאקא,IL,שמרית-שמרים טרי,גרמים,50.00,100 גרם,false,0,4.20,8.40,true,1,
7290000453125,false,שמרית+משפר אפיה ביתית100,פאקא,IL,שמרית+ משפר אפיה,גרמים,100.00,100 גרם,false,0,7.40,7.40,true,1,
7290000453934,false,"קמח תופח שמרית 1 ק""ג",פאקא,IL,קמח תופח,קילוגרמים,1.00,"ק""ג",false,1,8.90,8.90,true,1,
7290000461700,false,בייגלה שמינ.גדול.מלוח400,יוניליוור,IL,בייגלה גדול,גרמים,400.00,100 גרם,false,0,10.00,2.50,true,1,
7290000461793,false,בייגל ארוך ארוך 150 גרם,יוניליוור,IL,בייגל ארוך ארוך,גרמים,150.00,100 גרם,false,0,6.30,4.20,true,1,
7290000461922,false,ביג ביג מקלות שומשום150ג,יוניליוור,IL,בייגלה ביג ביג,גרמים,150.00,100 גרם,false,0,6.30,4.20,true,1,
7290000467153,false,מלך החומוס סמיר הגדול400,צבר,IL,חומוס סמיר הגדול,גרמים,400.00,100 גרם,false,0,14.20,3.55,true,1,
7290000467160,false,מלפפון בחומץ גדול7-9 560,בית השיטה,IL,מלפפונים בחומץ,גרמים,560.00,100 גרם,false,0,6.30,1.13,true,1,
7290000467184,false,מלפפון חומץ קטן13-17 560,בית השיטה,IL,מלפפונים בחומץ,גרמים,560.00,100 גרם,false,0,10.00,1.79,true,1,
7290000467191,false,מלפ.בחומץ18-25 560 גרם,בית השיטה,IL,מלפפונים בחומץ,גרמים,560.00,100 גרם,false,0,11.90,2.13,true,1,
7290000467320,false,מלך חומוס אבו מרוואן400ג,צבר,IL,מלך החומוס צבר,גרמים,400.00,100 גרם,false,0,14.90,3.73,true,1,
7290000468006,false,כרוב כבוש בית השיטה 560ג,בית השיטה,IL,כרוב כבוש,גרמים,560.00,100 גרם,false,0,7.60,1.36,true,1,
7290000474021,false,חלב 3% מפוסטר שקית 1 ל',טרה,IL,חלב 3% בשקית 1 ל,ליטרים,1.00,ליטר,false,0,4.80,4.80,true,1,
7290000474076,false,חלב הומוגני בקרטון3% 1ל,טרה,IL,חלב טרי טרה 3%,ליטרים,1.00,ליטר,false,0,5.75,5.75,true,1,
7290000474502,false,גבינה לבנה 5% טרה 250 גר,טרה,IL,גבינה לבנה 5%,גרמים,250.00,100 גרם,false,0,4.60,1.84,true,1,
7290000483139,false,מרציפן גולמי 100 גרם,המרשלג,IL,מרציפן,גרמים,100.00,100 גרם,false,0,9.80,9.80,true,1,
7290000490762,false,גלידל שוקו 8 יחי,גלידות פלדמן,IL,גלידל שוקו 8יח,גרמים,400.00,100 גרם,false,0,33.50,8.38,true,1,
7290000493176,false,רוטב צלי לבשר בשקית22ג,אסם,IL,רוטב צלי לבשר,גרמים,22.00,100 גרם,false,0,4.00,18.18,true,1,
7290000497044,false,לחם ברמן אקטיב 750 גרם,מאפית ברמן,IL,לחם ברמן אקטיב,גרמים,750.00,100 גרם,false,0,10.00,1.33,true,1,
7290000497273,false,לחמניות אקטיב 75*6 גרם,מאפית ברמן,IL,6 לחמניות אקטיב,גרמים,450.00,100 גרם,false,1,13.90,3.09,true,1,
7290000497303,false,לחמניות מקמח מלא 75*6 גר,מאפית ברמן,IL,6לחמניות קמח מלא,גרמים,450.00,100 גרם,false,0,11.50,2.56,true,1,
7290000497426,false,לחם ברמן קל לענין 500גרם,מאפית ברמן,IL,לחם ברמן קל,גרמים,500.00,100 גרם,false,0,13.80,2.76,true,1,
7290000497457,false,לחם דגנים 750 גרם,מאפית ברמן,IL,לחם דגנים,גרמים,750.00,100 גרם,false,0,13.80,1.84,true,1,
7290000497532,false,לחם ברמן לענין 750 גרם,מאפית ברמן,IL,לחם ברמן לענין,גרמים,750.00,100 גרם,false,0,14.30,1.91,true,1,
7290000497570,false,לחם דגני קלות פרוס 500גר,מאפית ברמן,IL,לחם דגני קלות,גרמים,500.00,100 גרם,false,0,10.00,2.00,true,1,
7290000504049,false,סוכרזית 1200 טבליות,"ביסקול בע""מ",IL,סוכרזית טבליות,גרמים,98.00,100 גרם,false,0,17.90,18.27,true,1,
7290000505374,false,דא.קליאו פנינה ורוד 200,"ביסקול בע""מ",IL,דאודורנט קליאו,מיליליטרים,200.00,"100 מ""ל",false,0,10.00,5.00,true,1,
7290000506111,false,חזרת פיאו 400 גרם,פיאו,IL,חזרת פיאו,גרמים,400.00,100 גרם,false,0,11.90,2.98,true,1,
7290000518145,false,ממתיק על בסיס סטיביה50שק,מתוק וקל,IL,ממתיק סטיביה,יחידה,1.00,יחידה,false,1,13.90,13.90,true,1,
7290000518169,false,מתוק וקל 1000 טבליות,מתוק וקל,IL,מתוק וקל,גרמים,80.00,100 גרם,false,0,7.50,9.38,true,1,
7290000518176,false,מתוק וקל ענק 250 שקיות,למפדוס,IL,מתוק וקל ענק,גרמים,250.00,100 גרם,false,0,15.70,6.28,true,1,
7290000518251,false,מתוק וקל זהב 100 שקיות,למפדוס,IL,מתוק וקל זהב,יחידה,1.00,יחידה,false,0,9.50,9.50,true,1,
7290000518398,false,"סוכרה דיאט טיפות 150 מ""ל",מתוק וקל,IL,סוכרה דיאט טיפות,מיליליטרים,150.00,"100 מ""ל",false,1,20.90,13.93,true,1,
7290000521411,false,"מרום גליל מרלו 750 מ""ל",יינות סגל,IL,מרום גליל מרלו,מיליליטרים,750.00,"100 מ""ל",false,0,29.90,3.99,true,1,
7290000522159,false,חלב הרים טהור 1% 1 ליטר,"מחלבות רמה""ג",IL,חלב הרים טהור,מיליליטרים,1000.00,"100 מ""ל",false,0,8.60,0.86,true,1,
7290000523514,false,מלח יבש דל נתרן 250 גרם,תעשיות מלח לישראל,IL,מלח דל נתרן,גרמים,250.00,100 גרם,false,0,8.90,3.56,true,1,
7290000530024,false,נקניק תה מעושן רחב במשקל,זוגלובק,IL,נקניק תה מעושן,קילוגרמים,0.00,"ק""ג",true,0,50.00,50.00,true,1,
7290000530048,false,סלמי פפרוני במשקל,זוגלובק,IL,סלמי פפרוני,גרמים,0.00,"ק""ג",true,0,56.00,56.00,true,1,
7290000530116,false,נקניק תה בשן70- 470 גרם,זוגלובק,IL,נקניק תה בשן70-,גרמים,470.00,100 גרם,false,0,26.90,5.72,true,1,
7290000530178,false,נקניק קוניאק במשקל,זוגלובק,IL,נקניק קוניאק,קילוגרמים,0.00,"ק""ג",true,0,85.00,85.00,true,1,
7290000530369,false,גולן ח.הודו מעוש.שלם משק,זוגלובק,IL,גולן חזה הודו,קילוגרמים,0.00,"ק""ג",true,0,79.00,79.00,true,1,
7290000531977,false,בורקס גבינה 800 גרם,זוגלובק,IL,בורקס גבינה,גרמים,800.00,100 גרם,false,0,17.70,2.21,true,1,
7290000533353,false,"בצק עלים 1 ק""ג",זוגלובק,IL,בצק עלים,גרמים,1000.00,100 גרם,false,0,15.50,1.55,true,1,
7290000534718,false,חזה הודו תבור דל שומן מש,זוגלובק,IL,חזה הודו תבור,קילוגרמים,0.00,"ק""ג",true,0,79.00,79.00,true,1,
7290000534800,false,פסטרמה הודו רומני במשקל,זוגלובק,IL,פסטרמה הודו,קילוגרמים,0.00,"ק""ג",true,0,85.00,85.00,true,1,
7290000536743,false,קריספי סטיקס תירס 500גרם,זוגלובק,IL,קריספי סטיקסתירס,גרמים,500.00,100 גרם,false,0,17.90,3.58,true,1,
7290000538099,false,פסטרמה כפרית במשקל,זוגלובק,IL,פסטרמה כפרית,קילוגרמים,0.00,"ק""ג",true,0,79.00,79.00,true,1,
7290000540290,false,דובשניות,,IL,דובשניות,גרמים,600.00,100 גרם,false,0,13.90,2.32,true,1,
7290000551098,false,בשר זרוע מס8' מוכשר קג,שונות,XX,בשר זרוע מוכשר,קילוגרמים,0.00,"ק""ג",true,0,44.90,44.90,true,1,
7290000554006,false,קשקבל 22% במשקל,מחלבות גד,IL,גבינת קשקבל,קילוגרמים,0.00,"ק""ג",true,0,125.00,125.00,true,1,
7290000554792,false,גבינה בולגרית 5%במשקל,מחלבות גד,IL,גבינה בולגרית 5%,גרמים,0.00,"ק""ג",true,0,58.00,58.00,true,1,
7290000554815,false,מוצרלה נקניק 22% במשקל,מחלבות גד,IL,גבינת מוצרלה,גרמים,0.00,"ק""ג",true,0,78.00,78.00,true,1,
7290000554969,false,גב.שמנת 30%שומן במשקל,מחלבות גד,IL,גבינת שמנת 30%,קילוגרמים,0.00,"ק""ג",true,0,50.00,50.00,true,1,
7290000554976,false,גבינת שמנת זית,,IL,גבינת שמנת זית,גרמים,0.00,"ק""ג",true,0,50.00,50.00,true,1,
7290000560533,false,"אדג' פרו ג'ל רגיל 200מ""ל",אנרג'ייזר,US,אדג' ג'ל לגילוח,מיליליטרים,200.00,"100 מ""ל",false,0,16.90,8.45,true,1,
7290000560540,false,אדג' פרו ג'ל רגיש 200 מל,אנרג'ייזר,US,אדג' ג'ל לגילוח,מיליליטרים,200.00,"100 מ""ל",false,0,16.90,8.45,true,1,
7290000560557,false,אדג' ג'ל לריכוך העור200מ,אנרג'ייזר,US,אדג' ג'ל לריכוך,מיליליטרים,200.00,"100 מ""ל",false,0,16.90,8.45,true,1,
7290000571119,false,גבינה גאודה 30% משקל,תנובה,IL,גבינת גאודה,קילוגרמים,0.00,"ק""ג",true,0,105.00,105.00,true,1,
7290000571188,false,גב.גאודה תום עיזים משקל,תנובה,IL,גבינת עיזים,קילוגרמים,0.00,"ק""ג",true,0,140.00,140.00,true,1,
7290000571294,false,גאודה מעושנת,,IL,גאודה מעושנת,קילוגרמים,0.00,"ק""ג",true,0,105.00,105.00,true,1,
7290000631035,false,כבד עוף קפוא עטרה מחיר ל,שונות,IL,כבד עוף קפוא,קילוגרמים,0.00,"ק""ג",true,0,35.50,35.50,true,1,
7290000652979,false,עוף שלם טרי ארוז דיל,תנובה,IL,עוף שלם טרי,קילוגרמים,0.00,"ק""ג",true,0,18.90,18.90,true,1,
7290000652993,false,קוקטייל טרי ארוז דיל,תנובה,IL,קוקטייל עוף ארוז,קילוגרמים,0.00,"ק""ג",true,0,27.90,27.90,true,1,
7290000653006,false,שוקי עוף טרי ארוז דיל,תנובה,IL,שוקיים עוף טרי,קילוגרמים,0.00,"ק""ג",true,0,32.90,32.90,true,1,
7290000692289,false,קולגייט משאבה אדום 100מל,קולגייט-פלמוליב,PL,משחת שיניים,מיליליטרים,100.00,"100 מ""ל",false,0,21.40,21.40,true,1,
7290000803067,false,"משחת אלמקס ילדים 75 מ""ל",קולגייט-פלמוליב,DE,משחת שיניים,מיליליטרים,75.00,"100 מ""ל",false,0,13.80,18.40,true,1,
7290000804484,false,שטיפה דנטלית אלמקס 400מל,גאבה,CH,מי פה אלמקס,מיליליטרים,400.00,"100 מ""ל",false,0,25.70,6.43,true,1,
7290000805924,false,"לה קט טעם דגים 2.85 ק""ג",ביופט,IL,לה קט לחתול,קילוגרמים,2.85,"ק""ג",false,0,56.90,19.96,true,1,
7290000904993,true,עוגיות פרפריות במשקל,גידרון,IL,עוגיות פרפריות,קילוגרמים,0.00,"ק""ג",true,0,15.00,15.00,true,1,
7290000928609,true,כף טרי )עצמי( מחיר לפי מ,שונות,IL,כף טרי,קילוגרמים,0.00,"ק""ג",true,0,79.90,79.90,true,1,
7290000940694,true,נבטי חמניות יחידה,קטיף,IL,נבטי חמניות יח,יחידה,1.00,יחידה,false,0,8.00,8.00,true,1,
7290000961552,true,פלפל כתום,קטיף,IL,פלפל כתום,קילוגרמים,0.00,"ק""ג",true,0,9.90,9.90,true,1,
7290000961804,true,דלעת ארוזה,קטיף,IL,דלעת ארוזה,קילוגרמים,0.00,"ק""ג",true,0,9.90,9.90,true,1,
7290000962474,true,חציל בלדי,קטיף,IL,חציל בלדי,קילוגרמים,0.00,"ק""ג",true,0,6.90,6.90,true,1,
7290000962535,true,רוזמרין יחידה,קטיף,IL,רוזמרין יחידה,יחידה,1.00,יחידה,false,0,5.00,5.00,true,1,
7290000962559,true,קורנית יחידה,קטיף,IL,קורנית יחידה,יחידה,1.00,יחידה,false,0,5.00,5.00,true,1,
7290000962580,true,מרווה יחידה,קטיף,IL,מרווה יחידה,יחידה,1.00,יחידה,false,0,5.00,5.00,true,1,
7290000963136,true,תפוח עץ מוזהב 65,קטיף,XX,תפוח עץ מוזהב,קילוגרמים,0.00,"ק""ג",true,0,9.90,9.90,true,1,
7290000963228,true,תפוח עץ יונתן 65,קטיף,XX,תפוח יונתן,קילוגרמים,0.00,"ק""ג",true,0,10.90,10.90,true,1,
7290000963297,true,תפוח עץ סטרקינג 65,קטיף,XX,תפוח סטרקינג,קילוגרמים,0.00,"ק""ג",true,0,9.90,9.90,true,1,
7290000963310,true,תפוח עץ קנזי,קטיף,XX,"תפו""ע קנזי",קילוגרמים,0.00,"ק""ג",true,0,14.90,14.90,true,1,
7290000963341,true,אגס אסיאתי,קטיף,CN,אגס אסיאתי,קילוגרמים,0.00,"ק""ג",true,0,13.90,13.90,true,1,
7290000963365,true,תפוח עץ פינקריספי 65,קטיף,XX,"תפו""ע פינקריספי",קילוגרמים,0.00,"ק""ג",true,0,12.90,12.90,true,1,
7290000963419,true,תפוח עץ גאלה65,קטיף,XX,תפוח עץ גאלה,קילוגרמים,0.00,"ק""ג",true,0,9.90,9.90,true,1,
7290000963563,true,תפוח עץ סמיט65,קטיף,XX,תפוח עץ סמיט,קילוגרמים,0.00,"ק""ג",true,0,9.90,9.90,true,1,
7290000964300,true,תפוז,קטיף,IL,תפוז,קילוגרמים,0.00,"ק""ג",true,0,5.90,5.90,true,1,
7290000964348,true,תפוז ברשת למיץ,קטיף,IL,תפוז ברשת למיץ,קילוגרמים,0.00,"ק""ג",true,0,4.90,4.90,true,1,
7290000964362,true,פומלה לבנה,קטיף,IL,פומלה לבנה,קילוגרמים,0.00,"ק""ג",true,0,6.90,6.90,true,1,
7290000964379,true,אשכולית לבנה,קטיף,IL,אשכולית לבנה,קילוגרמים,0.00,"ק""ג",true,0,6.90,6.90,true,1,
7290000964393,true,אשכולית אדומה,קטיף,IL,אשכולית אדומה,קילוגרמים,0.00,"ק""ג",true,0,6.90,6.90,true,1,
7290000964423,true,פומלה אדומה,קטיף,IL,פומלה אדומה,קילוגרמים,0.00,"ק""ג",true,0,6.90,6.90,true,1,
7290000964461,true,פומלית,קטיף,IL,פומלית,קילוגרמים,0.00,"ק""ג",true,0,6.90,6.90,true,1,
7290000964492,true,לימון תפזורת,קטיף,IL,לימון,קילוגרמים,0.00,"ק""ג",true,0,7.90,7.90,true,1,
7290000964560,true,קלמנטינה,קטיף,IL,קלמנטינה,קילוגרמים,0.00,"ק""ג",true,0,5.90,5.90,true,1,
7290000964775,true,בננה,קטיף,IL,בננה,קילוגרמים,0.00,"ק""ג",true,0,6.90,6.90,true,1,
7290000964829,true,אגס ספדונה 55,קטיף,IL,אגס ספדונה,קילוגרמים,0.00,"ק""ג",true,0,9.90,9.90,true,1,
7290000964980,true,אבוקדו,קטיף,IL,אבוקדו,קילוגרמים,0.00,"ק""ג",true,0,11.90,11.90,true,1,
7290000965048,true,אבטיח אישי בארגז,קטיף,IL,אבטיח אישי,קילוגרמים,0.00,"ק""ג",true,0,7.90,7.90,true,1,
7290000966328,true,אפרסמון סיני65,קטיף,IL,אפרסמון סיני,קילוגרמים,0.00,"ק""ג",true,0,10.90,10.90,true,1,
7290000966564,true,רימון,קטיף,IL,רימון,קילוגרמים,0.00,"ק""ג",true,0,7.90,7.90,true,1,
7290000966663,true,קיווי,קטיף,IL,קיווי,קילוגרמים,0.00,"ק""ג",true,0,15.90,15.90,true,1,
7290000966670,true,אנונה,קטיף,IL,אנונה,קילוגרמים,0.00,"ק""ג",true,0,16.90,16.90,true,1,
7290000979700,true,חסה לבבות יחידה,קטיף,IL,חסה לבבות,יחידה,1.00,יחידה,false,0,8.90,8.90,true,1,
7290000982939,true,לוף פרסה-יחידה,קטיף,IL,לוף פרסה-יחידה,יחידה,1.00,יחידה,false,0,9.90,9.90,true,1,
7290000986906,true,חסה עגולה ארוזה,קטיף,IL,חסה עגולה,יחידה,1.00,יחידה,false,0,6.90,6.90,true,1,
7290000993362,true,שום ישראלי יחידה,קטיף,IL,שום ישראלי,יחידה,1.00,יחידה,false,0,8.90,8.90,true,1,
7290000993560,true,עגבניה שרי שוקו יחידה,קטיף,IL,שרי שוקו יח,יחידה,1.00,יחידה,false,0,9.90,9.90,true,1,
7290000998305,true,תות שדה שקיל,קטיף,IL,תות שדה שקיל,גרמים,0.00,"ק""ג",true,1,49.00,49.00,true,1,
7290001012123,false,פרש וואנס קייר כחול 72*4,על בד,IL,פרש וואנס,יחידה,1.00,יחידה,false,0,17.90,17.90,true,1,
7290001052044,false,קציצות בורגול וירקות 500,חמים וטעים,IL,קציצות בורגול,גרמים,500.00,100 גרם,false,1,24.90,4.98,true,1,
7290001121788,false,נקניקיות עוף טבעיות400גר,מעדני יחיעם,IL,נקניקיות עוף,גרמים,400.00,100 גרם,false,0,14.90,3.73,true,1,
7290001136294,false,שמפו נקה 7 יבש/צבוע750מל,אמיליה קוסמטיקס,IL,שמפו נקה 7,מיליליטרים,750.00,"100 מ""ל",false,0,10.00,1.33,true,1,
7290001136362,false,תחליב רחצה נקה7 ירוק 1 ל,אמיליה קוסמטיקס,IL,תחליב רחצה נקה 7,ליטרים,1.00,ליטר,false,0,12.90,12.90,true,1,
7290001136799,false,תחליב רחצה נקה7 ורוד 1 ל,אמיליה קוסמטיקס,IL,תחליב רחצה נקה 7,ליטרים,1.00,ליטר,false,0,12.90,12.90,true,1,
7290001136973,false,תחליב רחצה נקה 7 לבן 1 ל,אמיליה קוסמטיקס,IL,תחליב רחצה נקה 7,ליטרים,1.00,ליטר,false,0,12.90,12.90,true,1,
7290001216040,false,טחינה גולמית 500 גרם,אגס ירוק מסחר ושירותים,IL,טחינה גולמית,גרמים,500.00,100 גרם,false,0,15.90,3.18,true,1,
7290001216057,false,"טחינה גולמית 1ק""ג",אגס ירוק מסחר ושירותים,IL,טחינה גולמית,קילוגרמים,1.00,"ק""ג",false,0,31.60,31.60,true,1,
7290001247006,false,גזוז בטעם קולה קריסטל 2ל,יפאורה שותפות מובגלת לשיווק,IL,קריסטל קולה,ליטרים,2.00,ליטר,false,0,3.90,1.95,true,1,
7290001303016,false,עוף שלם טרי ארוז דיל לקג,עוף עוז,IL,עוף שלם טרי,קילוגרמים,0.00,"ק""ג",true,1,18.90,18.90,true,1,
7290001303047,false,כרעיים עוף טרי ארוז דיל,עוף עוז,IL,כרעיים עוף טרי,קילוגרמים,0.00,"ק""ג",true,1,27.90,27.90,true,1,
7290001303122,false,שניצל עוף טרי ארוז דיל ל,עוף עוז,IL,שניצל עוף טרי,קילוגרמים,0.00,"ק""ג",true,1,34.90,34.90,true,1,
7290001305058,false,סב.נוז.פלמול.חלב דבש500מ,קולגייט-פלמוליב,IT,סב.נוזלי פלמוליב,מיליליטרים,500.00,"100 מ""ל",false,0,13.90,2.78,true,1,
7290001312995,false,בגט 280 גרם,גידרון,IL,באגט,יחידה,1.00,יחידה,false,0,4.20,4.20,true,1,
7290001327029,false,מאגדת מיקס 7 יחידות,שטראוס,IL,מאגדת מיקס,גרמים,440.00,100 גרם,false,0,33.90,7.70,true,1,
7290001407547,false,טחינה פי 6 שומש.מלא 500ג,רושדי תעשיות מזון,IL,טחינה שומשום מלא,גרמים,500.00,100 גרם,false,1,16.60,3.32,true,1,
7290001407769,false,טחינה שומש.מלא בארכה500ג,רושדי תעשיות מזון,IL,טחינה שומשום,גרמים,500.00,100 גרם,false,0,10.90,2.18,true,1,
7290001485026,false,גב.שמנת עם זיתים 5% 200ג,טרה,IL,גבינת שמנת+זיתים,גרמים,200.00,100 גרם,false,0,10.80,5.40,true,1,
7290001485033,false,גב.שמנת שום שמיר5% 200ג,טרה,IL,גבינת שמנת 5%,גרמים,200.00,100 גרם,false,0,10.80,5.40,true,1,
7290001491010,false,תה ירוק יסמין25שק1.5Xגרם,ויסוצקי,IL,תה ירוק יסמין,גרמים,37.00,100 גרם,false,0,25.90,70.00,true,1,
7290001507018,false,גלילית אורגני+ק.חרוב100ג,השדה מוצרים אורגניים,IL,גלילית אורגני,גרמים,100.00,100 גרם,false,0,12.50,12.50,true,1,
7290001507063,false,פתי בר קמח מלא אורגני200,השדה מוצרים אורגניים,IL,פתי בר אורגני,גרמים,200.00,100 גרם,false,0,7.60,3.80,true,1,
7290001507353,false,פתיתים אורגנים-קוסקוס500,השדה מוצרים אורגניים,IL,פתיתים אורגנים,גרמים,500.00,100 גרם,false,0,10.90,2.18,true,1,
7290001552049,false,קוסקוס מרוקאי 800גרם,מטעמי פאר,IL,קוסקוס מרוקאי,גרמים,800.00,100 גרם,false,0,15.90,1.99,true,1,
7290001594858,false,בירה טובורג רד בק330*6מל,קרלסברג ישראל,IL,טובורג רד 6 יח,ליטרים,1.98,ליטר,false,0,38.90,19.65,true,1,
7290001696439,false,קוקטייל פיצה פרימיום,גידרון,IL,קוקטייל פיצה,קילוגרמים,0.00,"ק""ג",true,1,49.00,49.00,true,1,
7290001696460,false,רוגלים שוקולד מ.פרימיום,גידרון,IL,רוגלים שוקולד,קילוגרמים,0.00,"ק""ג",true,1,49.00,49.00,true,1,
7290001710159,false,גולש עגל קפוא קג,לאטי עזרא,IL,גולש עגל קפוא,קילוגרמים,0.00,"ק""ג",true,0,54.90,54.90,true,1,
7290001713853,false,אקונומיקה מבושמת 4 ליטר,קומפלקס כימיקלים,IL,אקונומיקה מבושמת,ליטרים,4.00,ליטר,false,0,9.90,2.48,true,1,
7290001791363,false,סנופרש אוטומטי וניל 250מ,סנו,IL,סנופרש אוטומטי,מיליליטרים,250.00,"100 מ""ל",false,0,12.90,5.16,true,1,
7290001791776,false,סנו די רול און אלוורה50מ,סנו,IL,סנו די רול און,מיליליטרים,50.00,"100 מ""ל",false,0,19.90,39.80,true,1,
7290001855232,false,שמן למאור 1 ליטר,ירושלים שיווק שמן זית וזיתים,IL,שמן למאור,ליטרים,1.00,ליטר,false,0,21.90,21.90,true,1,
7290001902134,false,לחם איטלקי 290 גרם,גידרון,IL,לחם איטלקי,יחידה,1.00,יחידה,false,0,6.20,6.20,true,1,
7290001902301,false,חלה מתוקה קלועה 450 גרם,גידרון,IL,חלה מתוקה קלוע,יחידה,1.00,יחידה,false,0,11.90,11.90,true,1,
7290001902325,false,"חלת ""גדרון""",גידרון,IL,"חלת ""גדרון""",יחידה,1.00,יחידה,false,0,11.90,11.90,true,1,
7290001902776,false,לחמנית עם דגנים קפוא,גידרון,IL,לחמנית עם דגנים,יחידה,1.00,יחידה,false,0,4.50,4.50,true,1,
7290001902783,false,לחמנית המבורגר,גידרון,IL,לחמנית המבורגר,יחידה,1.00,יחידה,false,0,2.90,2.90,true,1,
7290001990261,false,"חומוס 1 ק""ג",סוגת,IL,חומוס,קילוגרמים,1.00,"ק""ג",false,0,14.90,14.90,true,1,
7290001990414,false,"עדשים אדומות 1 ק""ג",סוגת,IL,עדשים אדומות,קילוגרמים,1.00,"ק""ג",false,0,12.00,12.00,true,1,
7290001990421,false,"גרעיני תירס 1 ק""ג",סוגת,IL,"פופקורן 1 ק""ג",קילוגרמים,1.00,"ק""ג",false,0,9.80,9.80,true,1,
7290002000136,false,שעוות הדבש משי מיקרו500ג,ש.שוורץ,IL,שעוות מגע משי,גרמים,500.00,100 גרם,false,0,19.90,3.98,true,1,
7290002000143,false,"פנג'ל קרם ידיים 80 מ""ל",אינטרקוסמא,IL,קרם ידיים פנג'ל,מיליליטרים,80.00,"100 מ""ל",false,0,6.90,8.63,true,1,
7290002002857,false,נייר שעווה 50 יחידות,אלסום ביגנדו,IL,נייר שעווה,יחידה,1.00,יחידה,false,0,19.90,19.90,true,1,
7290002007234,false,אבקת סוכר 100 גרם,הנמל,IL,אבקת סוכר,גרמים,100.00,100 גרם,false,0,1.70,1.70,true,1,
7290002007623,false,כוסות ליין 50 יחידות,הנמל,IL,כוסות יין,יחידה,1.00,יחידה,false,0,3.90,3.90,true,1,
7290002008040,false,"מקלות לשיפודים30ס""מ100יח",הנמל,IL,מקלות לשיפודים,יחידה,1.00,יחידה,false,0,3.00,3.00,true,1,
7290002008187,false,קשים מתקפלים 40 יח',הנמל,IL,קשים מתקפלים,יחידה,1.00,יחידה,false,0,0.90,0.90,true,1,
7290002008224,false,מזרה עגול צבעוני צנצ100.,הנמל,IL,סוכריות לקישוט,גרמים,100.00,100 גרם,false,0,5.70,5.70,true,1,
7290002008750,false,אבקת אפיה 10*10 גרם,הנמל,IL,אבקת אפיה,גרמים,100.00,100 גרם,false,0,3.20,3.20,true,1,
7290002008941,false,עוג.מרוקאיות ללא סוכר400,הנמל,IL,עוגיות ללא סוכר,גרמים,400.00,100 גרם,false,0,15.50,3.88,true,1,
7290002013006,false,פסטרמה מקסיקנית במשקל,זוגלובק,IL,פסטרמה מקסיקנית,קילוגרמים,0.00,"ק""ג",true,0,79.00,79.00,true,1,
7290002013037,false,פסטרמה פרגיות במשקל,זוגלובק,IL,פסטרמה פרגיות,קילוגרמים,0.00,"ק""ג",true,0,79.00,79.00,true,1,
7290002013907,false,סלמי תה ללא חומר משמר,זוגלובק,IL,סלמי תה,קילוגרמים,0.00,"ק""ג",true,1,55.00,55.00,true,1,
7290002016830,false,כרוב כבוש,,IL,כרוב כבוש,גרמים,550.00,100 גרם,false,0,7.40,1.35,true,1,
7290002019763,false,עגבנ.מרוסקות פרי ניר800ג,פרי ניר,IL,עגבניות מרוסקות,גרמים,800.00,100 גרם,false,0,6.70,0.84,true,1,
7290002019787,false,רסק עגבניות 22% 260 גרם,פרי ניר,IL,רסק עגבניות,גרמים,260.00,100 גרם,false,0,3.40,1.31,true,1,
7290002019794,false,רסק עגבניות 22% 100 גרם,פרי ניר,IL,רסק עגבניות,גרמים,100.00,100 גרם,false,0,1.90,1.90,true,1,
7290002020134,false,חלת בריוש,גידרון,IL,חלת בריוש פרווה,יחידה,1.00,יחידה,false,0,14.80,14.80,true,1,
7290002020189,false,מיני סופגניה עם ריבה יח,גידרון,IL,סופגניה מיני,גרמים,35.00,100 גרם,false,0,2.50,7.14,true,1,
7290002020837,false,לחמניות מיני חלה,גידרון,IL,לחמניות מיני חל,יחידה,1.00,יחידה,false,0,3.90,3.90,true,1,
7290002026433,false,ופל בלגי קפוא ופל בלגי ק,מוצרי איכות אמריקאיים,IL,ופל בלגי קפוא,גרמים,220.00,100 גרם,false,0,14.90,6.77,true,1,
7290002037569,false,לחמניות באניס 75*6 גרם,מאפית ברמן,IL,לחמניות באניס,גרמים,450.00,100 גרם,false,0,12.30,2.73,true,1,
7290002040088,false,קוסקוס מלא 350 גרם,קוסקוס מזון,IL,קוסקוס מלא,גרמים,350.00,100 גרם,false,0,6.30,1.80,true,1,
7290002050094,false,מיקס אקזוטי וקפה בשוקולד,זארובי פיצוחי הגליל,IL,מיקס אקזוטי,גרמים,150.00,100 גרם,false,1,16.90,11.27,true,1,
7290002050131,false,קוקטייל טבע וסוכריות150ג,זארובי פיצוחי הגליל,IL,קוקטייל טבע וסוכ,גרמים,150.00,100 גרם,false,1,16.90,11.27,true,1,
7290002050711,false,מיקס אגוזים צימוקבשוקולד,זארובי פיצוחי הגליל,IL,מיקס אגוזים,גרמים,150.00,100 גרם,false,1,16.90,11.27,true,1,
7290002053095,false,אטריות ביצים מס10. 200גר,אוריינט,IL,אטריות ביצים,גרמים,200.00,100 גרם,false,0,7.20,3.60,true,1,
7290002053361,false,נודלס איטריות ביצים400גר,אוריינט,IL,איטריות נודלס,גרמים,400.00,100 גרם,false,0,11.70,2.93,true,1,
7290002057048,false,זית סורי מבוקע 540 גרם,קבוצת יבנה,IL,זית סורי מבוקע,גרמים,540.00,100 גרם,false,0,7.90,1.46,true,1,
7290002057055,false,זיתים סורים ירוקים540גרם,קבוצת יבנה,IL,זית סורי ירוק,גרמים,540.00,100 גרם,false,0,10.50,1.94,true,1,
7290002057062,false,זית מנזנילו בינוני 540גר,קבוצת יבנה,IL,זית מנזנילו,גרמים,540.00,100 גרם,false,0,8.30,1.54,true,1,
7290002057109,false,זית מנזנילו גדול מאד540ג,קבוצת יבנה,IL,זית מנזנילו,גרמים,540.00,100 גרם,false,0,9.30,1.72,true,1,
7290002057383,false,מלפפון במלח 18-25 540גרם,קבוצת יבנה,IL,מלפפונים במלח,גרמים,540.00,100 גרם,false,0,12.30,2.28,true,1,
7290002057468,false,מלפפון בחומץ 10-12 540גר,קבוצת יבנה,IL,מלפפון בחומץ,גרמים,540.00,100 גרם,false,0,7.50,1.39,true,1,
7290002057628,false,טבעות זיתים מושחרים540גר,קבוצת יבנה,IL,טבעות זיתים,גרמים,540.00,100 גרם,false,0,9.50,1.76,true,1,
7290002061137,false,אורנה 19 קרם דפילטור80גר,אלפא קוסמטיקה,IL,קרם להסרת שיער,גרמים,80.00,100 גרם,false,0,14.80,18.50,true,1,
7290002065555,false,לחמניות בשקית 75*6 גרם,מאפיית שלמה א. אנג'ל,IL,6 לחמניות בשקית,גרמים,450.00,100 גרם,false,0,11.50,2.56,true,1,
7290002065616,false,לחם שיפון גרעינים 750גרם,מאפיית שלמה א. אנג'ל,IL,לחם שיפון,גרמים,750.00,100 גרם,false,0,11.50,1.53,true,1,
7290002065623,false,לחם שיפון כפרי 750 גרם,מאפיית שלמה א. אנג'ל,IL,לחם שיפון כפרי 750 גרם,גרמים,750.00,100 גרם,false,0,11.50,1.53,true,1,
7290002079033,false,לחם דגנים לייט 500 גרם,מאפיית דוידוביץ,IL,לחם דגנים לייט,גרמים,500.00,100 גרם,false,0,13.80,2.76,true,1,
7290002079217,false,לחם מחמצת שיפון+אגוז650ג,מאפיית דוידוביץ,IL,לחם מחמצת שיפון,גרמים,650.00,100 גרם,false,0,11.80,1.82,true,1,
7290002079347,false,חלה קלה פרוסה 500 גרם,מאפיית דוידוביץ,IL,חלה קלה פרוסה,גרמים,500.00,100 גרם,false,0,12.90,2.58,true,1,
7290002079583,false,מאפה מיוחד לטוסט פרוס500,מאפיית דוידוביץ,IL,מאפה מיוחד לטוסט,גרמים,500.00,100 גרם,false,0,8.00,1.60,true,1,
7290002079927,false,לחם דגנים מלא 750 גרם,מאפיית דוידוביץ,IL,לחם דגנים מלא,גרמים,750.00,100 גרם,false,0,14.80,1.97,true,1,
7290002079996,false,לחם אחיד פרוס קל 750 גרם,מאפיית דוידוביץ,IL,לחם אחיד פרוס קל,גרמים,750.00,100 גרם,false,0,13.80,1.84,true,1,
7290002107019,false,גב.צפתית מעודנת5% 250גרם,משק צוריאל תבור,IL,צפתית מעודנת5%,גרמים,250.00,100 גרם,false,0,16.90,6.76,true,1,
7290002107422,false,בולגרית גלילית 5% במשקל,משק צוריאל תבור,IL,בולגרית גלילית5%,קילוגרמים,0.00,"ק""ג",true,0,58.00,58.00,true,1,
7290002107743,false,צפתית מעודנת5%משק צוריאל,משק צוריאל תבור,IL,גבינה צפתית 5%,קילוגרמים,0.00,"ק""ג",true,0,45.00,45.00,true,1,
7290002107798,false,בולגרית מעודנת 5% 250 גר,משק צוריאל תבור,IL,גבינה בולגרית 5%,גרמים,250.00,100 גרם,false,0,16.90,6.76,true,1,
7290002109372,false,בורקס פילו גבינה בולגרית,"שגמור בע""מ",IL,בורקס פילו גבינה,גרמים,700.00,100 גרם,false,0,21.40,3.06,true,1,
7290002133070,false,גב.קשקבל טורקי צאן22%משק,מחלבת השומרון,IL,גבינת קשקבל,קילוגרמים,0.00,"ק""ג",true,0,99.00,99.00,true,1,
7290002133094,false,ברינזה צאן 20% במשקל,מחלבת השומרון,IL,גבינה ברינזה צאן,קילוגרמים,0.00,"ק""ג",true,0,69.00,69.00,true,1,
7290002133117,false,בולגרית מעודנת 5% במשקל,מחלבת השומרון,IL,גבינה בולגרית 5%,קילוגרמים,0.00,"ק""ג",true,0,55.00,55.00,true,1,
7290002133193,false,גבינה בולגרית 5% משקל,מחלבת השומרון,IL,גבינה בולגרית 5%,קילוגרמים,0.00,"ק""ג",true,0,44.00,44.00,true,1,
7290002150336,false,פלאפל 800 גרם,"אדריה בע""מ",IL,פאלפל אמיתי,גרמים,800.00,100 גרם,false,0,19.90,2.49,true,1,
7290002150404,false,"סיגר תפו""א 1קג","אדריה בע""מ",IL,"סיגר תפו""א 1קג",יחידה,1.00,יחידה,false,0,25.20,25.20,true,1,
7290002153665,false,קמח מצה חמץ,,IL,קמח מצה חמץ,גרמים,200.00,100 גרם,false,0,4.00,2.00,true,1,
7290002196754,false,"סילאן טבעי ללת""ס 450 גרם",משק לין,IL,"סילאן ללת""ס",גרמים,450.00,100 גרם,false,0,25.90,5.76,true,1,
7290002253006,false,שום כתוש דורות 200 גרם,דורות,IL,שום טרי כתוש,גרמים,200.00,100 גרם,false,0,16.90,8.45,true,1,
7290002253105,false,שום במגשית 80 גרם,דורות,IL,שום כתוש קפוא,גרמים,80.00,100 גרם,false,0,12.90,16.13,true,1,
7290002253181,false,כוסברה קצוצה מגשית 70 גר,דורות,IL,כוסברה קצוצה,גרמים,70.00,100 גרם,false,0,9.90,14.14,true,1,
7290002253198,false,גינג'ר כתוש קפוא מגשית70,דורות,IL,גינג'ר כתוש קפוא,גרמים,70.00,100 גרם,false,0,9.90,14.14,true,1,
7290002253235,false,דורות רוטב פסטו 160גרם,דורות,IL,דורות רוטב פסטו,גרמים,160.00,100 גרם,false,16,11.80,7.38,true,1,
7290002304203,false,קונפ.תות שדה לייט 600גרם,ענבי ציון,IL,קונפיטורה תות,גרמים,600.00,100 גרם,false,0,24.60,4.10,true,1,
7290002304227,false,קונפ.דובדבן לייט 600ג,ענבי ציון,IL,קונפ.דובדבן,גרמים,600.00,100 גרם,false,0,24.60,4.10,true,1,
7290002304609,false,קונפיטורה תות שדה 600גרם,ענבי ציון,IL,קונפ. תות שדה,גרמים,600.00,100 גרם,false,0,20.60,3.43,true,1,
7290002323822,false,מיץ אשכוליות קריסטל2ליטר,יפאורה שותפות מובגלת לשיווק,IL,קריסטל אשכוליות,ליטרים,2.00,ליטר,false,0,3.90,1.95,true,1,
7290002327042,false,"בורקס תפו""א 800 גרם",אופרה,IL,"בורקס תפו""א",גרמים,800.00,100 גרם,false,0,20.00,2.50,true,1,
7290002327066,false,קונכיות למילוי 625 גרם,אופרה,IL,קונכיות למילוי,גרמים,625.00,100 גרם,false,0,25.10,4.02,true,1,
7290002327073,false,בורקס גבינה 800 גרם,אופרה,IL,בורקס גבינה,גרמים,800.00,100 גרם,false,0,21.90,2.74,true,1,
7290002353836,false,סרדינ.בשמן זית רוברט125ג,נטו,PT,סרדינים בשמן זית,גרמים,115.00,100 גרם,false,0,7.20,6.26,true,1,
7290002360285,false,חליטת קמומיל 20 שק1.5*ג,טייקנה,IL,חליטת קמומיל,גרמים,30.00,100 גרם,false,0,11.90,39.67,true,1,
7290002363491,false,"יין קונדיטון 750 מ""ל",הכורמים,IL,יין קונדיטון,מיליליטרים,750.00,"100 מ""ל",false,0,30.00,4.00,true,1,
7290002363811,false,"יין המלכים אדום 750 מ""ל",הכורמים,IL,יין המלכים,מיליליטרים,750.00,"100 מ""ל",false,0,17.80,2.37,true,1,
7290002363873,false,"מיץ ענבים 187 מ""ל",הכורמים,IL,מיץ ענבים,מיליליטרים,187.00,"100 מ""ל",false,0,7.00,3.74,true,1,
7290002385745,false,פקורינו משולשים,,,פקורינו משולשים,קילוגרמים,0.00,"ק""ג",true,0,133.00,133.00,true,1,
7290002410348,false,"רוסטביף עגל ברשת קפוא ק""",לאטי עזרא,IL,רוסטביף עגל,קילוגרמים,0.00,"ק""ג",true,0,67.90,67.90,true,1,
7290002427018,false,קרם גוף פוליגונום 250 מל,מורז,,קרם גוף פוליגו,ליטרים,0.25,ליטר,false,0,49.50,198.00,true,1,
7290002487425,false,עוג.אוראו שוקולד חלב176ג,מונדלייז,ES,עוגיות אוראו,גרמים,176.00,100 גרם,false,0,8.90,5.06,true,1,
7290002487531,false,סטייק טונה,,,סטייק טונה,קילוגרמים,0.00,"ק""ג",true,0,39.90,39.90,true,1,
7290002487739,false,עוג.אוראו פאדג שוק.חל246,מונדלייז,ES,עוגיות אוראו,גרמים,246.00,100 גרם,false,0,19.40,7.89,true,1,
7290002517290,false,קינמון טחון 40 גרם,תבליני טעם וריח,IL,קינמון טחון,גרמים,40.00,100 גרם,false,0,6.80,17.00,true,1,
7290002517337,false,אורגנו עלים 20 גרם,תבליני טעם וריח,IL,אורגנו עלים,גרמים,20.00,100 גרם,false,0,6.80,34.00,true,1,
7290002517726,false,קינמון מקלות 15 גרם,תבליני טעם וריח,IL,קינמון מקלות,גרמים,15.00,100 גרם,false,0,6.80,45.33,true,1,
7290002517825,false,פלפל לבן טחון 40 גרם,תבליני טעם וריח,IL,פלפל לבן,גרמים,40.00,100 גרם,false,0,11.90,29.75,true,1,
7290002541479,false,"משקה סויה שוקו 250*3 מ""ל",אלפרו,BE,משקה סויה שוקו3*,מיליליטרים,750.00,"100 מ""ל",false,0,12.90,1.72,true,1,
7290002543046,false,פרוסטיס 750 גרם,קלוג'ס,GB,פרוסטיס 750 גרם,גרמים,750.00,100 גרם,false,0,22.90,3.05,true,1,
7290002543084,false,קלוגס אול בראן פלקס500גר,קלוג'ס,GB,קלוגס אול בראן,גרמים,500.00,100 גרם,false,0,15.00,3.00,true,1,
7290002543381,false,קלוג'ס ספיישל K 375 גרם,קלוג'ס,GB,קלוג'ס ספיישל,גרמים,375.00,100 גרם,false,0,15.00,4.00,true,1,
7290002651116,false,ג'חנון חמסי 5יח 1קג,חמסי,IL,ג'חנון חמסי,גרמים,1000.00,100 גרם,false,0,15.20,1.52,true,1,
7290002651123,false,מלווח חמסי 5יח 1קג,חמסי,IL,מלווח חמסי,גרמים,1000.00,100 גרם,false,0,15.20,1.52,true,1,
7290002651253,false,גחנון אפוי חמסי 600 גרם,חמסי,IL,גחנון אפוי חמסי,גרמים,600.00,100 גרם,false,1,17.90,2.98,true,1,
7290002661115,false,"לחם הולנדי 1.200 ק""ג",מאפית ברמן,IL,לחם הולנדי,קילוגרמים,1.20,"ק""ג",false,0,16.50,13.75,true,1,
7290002661153,false,"לחם דני קל 1 ק""ג",מאפית ברמן,IL,לחם דני קל,גרמים,1000.00,100 גרם,false,0,16.50,1.65,true,1,
7290002661177,false,לחם כנעני 750 גרם,מאפית ברמן,IL,לחם כנעני 750 גרם,גרמים,750.00,100 גרם,false,0,10.00,1.33,true,1,
7290002661214,false,לחם גלילי קל 750 גרם,מאפית ברמן,IL,לחם גלילי קל 750 גרם,גרמים,750.00,100 גרם,false,0,10.00,1.33,true,1,
7290002663539,false,תפוזינה אשכוליות 1.5ליטר,יפאורה שותפות מובגלת לשיווק,IL,תפוזינה אשכוליות,ליטרים,1.50,ליטר,false,0,5.90,3.93,true,1,
7290002663881,false,תפוזינה אשכוליות דיאט1.5,יפאורה שותפות מובגלת לשיווק,IL,אשכולינה דיאט,ליטרים,1.50,ליטר,false,0,5.90,3.93,true,1,
7290002674238,false,"מ.אקווה פרש מנטול125מ""ל",ג.' אס.קיו,GB,משחת אקווה פרש,מיליליטרים,125.00,"100 מ""ל",false,0,8.90,7.12,true,1,
7290002692409,false,שמן חמניות מועשר ויטמיןE,שמן תעשיות,IL,שמן חמניות,ליטרים,1.00,ליטר,false,0,10.00,10.00,true,1,
7290002692478,false,שמן זית מעודן כ.מעולה750,שמן תעשיות,IL,שמן זית מעודן,מיליליטרים,750.00,"100 מ""ל",false,0,34.90,4.65,true,1,
7290002692553,false,"זיתולה עץ הזית 750 מ""ל",שמן תעשיות,IL,זיתולה עץ הזית,מיליליטרים,750.00,"100 מ""ל",false,0,17.00,2.27,true,1,
7290002692768,false,"תרסיס שמן קנולה 200 מ""ל",שמן תעשיות,US,תרסיס שמן קנולה,מיליליטרים,200.00,"100 מ""ל",false,0,13.90,6.95,true,1,
7290002730262,false,פלמוליב קלאסי ירוק 750מל,קולגייט-פלמוליב,GR,פלמוליב לכלים,מיליליטרים,750.00,"100 מ""ל",false,0,9.90,1.32,true,1,
7290002730316,false,משחת שיניים קולגייט3 75*,קולגייט-פלמוליב,IL,משחת שיניים,מיליליטרים,225.00,"100 מ""ל",false,0,19.90,8.84,true,1,
7290002730668,false,קולגייט טוטל קלין 100מל,קולגייט-פלמוליב,PL,משחת שיניים,מיליליטרים,100.00,"100 מ""ל",false,0,12.90,12.90,true,1,
7290002730675,false,"משחת קולגייט אדום 100מ""ל",קולגייט-פלמוליב,PL,משחת שיניים,מיליליטרים,100.00,"100 מ""ל",false,0,10.50,10.50,true,1,
7290002730811,false,משחה קולגייט ג'ל 100 גרם,קולגייט-פלמוליב,PL,משחת קולגייט ג'ל,מיליליטרים,100.00,"100 מ""ל",false,0,13.10,13.10,true,1,
7290002730941,false,"צמר גפן פרוס ""בלונס100""ג",ספטונה,GR,צמר גפן פרוס,גרמים,100.00,100 גרם,false,0,5.90,5.90,true,1,
7290002741077,false,כריות צוקולדה 750 גרם,יוניליוור,IL,כריות צוקולדה,גרמים,750.00,100 גרם,false,0,27.90,3.72,true,1,
7290002741411,false,"תחליב רחצה דאב 250 מ""ל",יוניליוור,IL,תחליב רחצה דאב,מיליליטרים,250.00,"100 מ""ל",false,1,6.90,2.76,true,1,
7290002753995,false,סט דרז'ה צבעוני קישוט150,וורנר טורנש,DE,סט דרז'ה צבעוני,גרמים,150.00,100 גרם,false,0,18.10,12.07,true,1,
7290002757542,false,אטריות קדאיף 400 גרם,"שגמור בע""מ",IL,אטריות קדאיף,גרמים,400.00,100 גרם,false,0,17.90,4.48,true,1,
7290002759126,false,מארז 10יח מיני פיתהאסלית,מעיין תעשיות מאפה,IL,מיני פיתה,גרמים,500.00,100 גרם,false,0,11.90,2.38,true,1,
7290002759393,false,מארז מיני סופגניות 8 יח',גידרון,IL,סופגניות מיני 8י,יחידה,1.00,יחידה,false,0,18.00,18.00,true,1,
7290002766056,false,עגבניה שרי תמר יחידה,קטיף,IL,עגבניה שרי תמר,יחידה,1.00,יחידה,false,1,9.90,9.90,true,1,
7290002768043,false,מי פה תיאדנט+פלאוריד150מ,קרליין,IL,מי פה תיאדנט,מיליליטרים,150.00,"100 מ""ל",false,0,14.90,9.93,true,1,
7290002771142,false,קפה טורקי 100 גרם,קפה אל נח'לה,IL,קפה טורקי,גרמים,100.00,100 גרם,false,1,7.90,7.90,true,1,
7290002775010,false,מיני בורקס פילו גבינה 50,"שגמור בע""מ",IL,מיני בורקס פילו,גרמים,650.00,100 גרם,false,0,20.70,3.18,true,1,
7290002782131,false,דאודורנט פ.רוזנבלום150מל,"ביסקול בע""מ",IL,דאודורנט פנינה,מיליליטרים,150.00,"100 מ""ל",false,0,24.70,16.47,true,1,
7290002782759,false,"קרם גוף מס2' פנינה340מ""ל",א.ל ארמן,IL,קרם גוף פנינה,מיליליטרים,340.00,"100 מ""ל",false,0,21.90,6.44,true,1,
7290002794422,false,קנט קלאסי ארוך חפיסה,bat,TR,קנט קלאסי יח',יחידה,1.00,יחידה,false,0,35.50,35.50,false,1,
7290002812522,false,פרלמנט ארוך RCB חפיסה,פיליפ מוריס,,פרלמנט ארוך יח,יחידה,1.00,יחידה,false,0,38.00,38.00,false,1,
7290002814023,false,אסלונית לניקוי אסלות750מ,קומפלקס כימיקלים,IL,אסלונית,מיליליטרים,750.00,"100 מ""ל",false,0,7.80,1.04,true,1,
7290002814511,false,סבונומיקה 4 ליטר,קומפלקס כימיקלים,IL,סבונומיקה,ליטרים,4.00,ליטר,false,0,9.80,2.45,true,1,
7290002814928,false,פרלמנט קצר בודד,פיליפ מוריס,IL,פרלמנט קצר בודד,יחידה,1.00,יחידה,false,0,38.00,38.00,false,1,
7290002824183,false,גב.סקי משפחתי5%שומן500ג,שטראוס,IL,גבינת סקי 5%,גרמים,500.00,100 גרם,false,0,9.20,1.84,true,1,
7290002824466,false,יוגורט ביו 0% דנונה 200ג,שטראוס,IL,יוגורט ביו 0%,גרמים,200.00,100 גרם,false,0,3.60,1.80,true,1,
7290002824640,false,גב.סקי5%לבנה מעודנת250ג,שטראוס,IL,גבינת סקי 5%,גרמים,250.00,100 גרם,false,0,4.60,1.84,true,1,
7290002830207,false,גפילטע פיש,,IL,גפילטע פיש,גרמים,520.00,100 גרם,false,0,10.90,2.10,true,1,
7290002833525,false,מרלבורו רד קצר בוקס חפ.,פיליפ מוריס,,מרלבורו רד חפיסה,יחידה,1.00,יחידה,false,0,35.50,35.50,false,1,
7290002842002,false,קואקר אנגלי,,GB,קואקר אנגלי,גרמים,500.00,100 גרם,false,0,7.90,1.58,true,1,
7290002852724,false,ל.מ. בלו לייבל קצר,פיליפ מוריס,US,ל.מ. בלו לייבל,יחידה,1.00,יחידה,false,0,33.50,33.50,false,1,
7290002862857,false,פירורי לחם מתובלים גריל,"הררית מזון בע""מ",ES,פירורי לחם,גרמים,400.00,100 גרם,false,0,6.90,1.73,true,1,
7290002868996,false,קוטג' 5% רכיבים טבעי250ג,טרה,IL,קוטג' 5% 250גרם,גרמים,250.00,100 גרם,false,0,5.20,2.08,true,1,
7290002871248,false,"טובורג רד בק.חוזר 500מ""ל",קרלסברג ישראל,IL,בירה טובורג רד,מיליליטרים,500.00,"100 מ""ל",false,0,6.90,1.38,true,1,
7290002871477,false,פריגת אשכוליות 1.5 ליטר,פריגת,IL,פריגת אשכוליות,ליטרים,1.50,ליטר,false,0,6.50,4.33,true,1,
7290002871491,false,פריגת אשכוליות לייט 1.5,פריגת,IL,פריגת אשכוליות,ליטרים,1.50,ליטר,false,0,6.50,4.33,true,1,
7290002874629,false,פרלמנט ארוך RCB בלו חפ,פיליפ מוריס,,פרלמנט ארוך יח,יחידה,1.00,יחידה,false,0,38.00,38.00,false,1,
7290002876326,false,פרלמנט קצר בלו בודד,פיליפ מוריס,IL,פרלמנט קצר בלו,יחידה,1.00,יחידה,false,0,38.00,38.00,false,1,
7290002881216,false,"רסק תפו""ע דיאט צנצנת700ג",KONSERVENFABRIEK BALTUSSEN,NL,"רסק תפו""ע דיאט",גרמים,700.00,100 גרם,false,0,10.00,1.43,true,1,
7290002881920,false,מרלבורו גולד 100 בוקס,פיליפ מוריס,IL,מרלבורו גולד,יחידה,1.00,יחידה,false,0,35.50,35.50,false,1,
7290002886925,false,מרלבורו גולד קצר בוקס,פיליפ מוריס,US,מרלבורו גולד קצר,יחידה,1.00,יחידה,false,0,35.50,35.50,false,1,
7290002904694,false,דאו.טיטניום תרסיס 180 מל,קרליין,,דאודורנט טיטניום,מיליליטרים,180.00,"100 מ""ל",false,0,14.90,8.28,true,1,
7290002925798,false,גם וגם ירוק,,IL,גם וגם ירוק,מיליליטרים,120.00,"100 מ""ל",false,0,16.00,13.33,true,1,
7290002987963,false,"חומוס אחלה 1 ק""ג",שטראוס,IL,"חומוס אחלה 1 ק""ג",קילוגרמים,1.00,"ק""ג",false,0,13.90,13.90,true,1,
7290003015467,false,תחליב רחצה בייבי כיף 1ל,קוסמופארם,IL,תחליב רחצה בייבי,ליטרים,1.00,ליטר,false,0,12.90,12.90,true,1,
7290003026036,false,קמיל בלו סנסיטיב ורוד 1ל,פישר מעבדות פרמצבטיות,IL,אל סבון קמיל בלו,ליטרים,1.00,ליטר,false,0,29.90,29.90,true,1,
7290003029037,false,שוקו בקרטון יטבתה 0.5 ל',יטבתה,IL,שוקו יטבתה קרטון,מיליליטרים,500.00,"100 מ""ל",false,0,6.60,1.32,true,1,
7290003029181,false,שוקו יטבתה בבקבוק 1 ליטר,יטבתה,IL,שוקו יטבתה,ליטרים,1.00,ליטר,false,0,11.80,11.80,true,1,
7290003029815,false,חלב מועשר יטבתה 3%כד 2ל',יטבתה,IL,חלב מועשר יטבתה,ליטרים,2.00,ליטר,false,0,15.00,7.50,true,1,
7290003047642,false,ליפטון ילו לייבל100ש1.5*,יוניליוור,IN,תה ילו לייבל,גרמים,150.00,100 גרם,false,0,11.90,7.93,true,1,
7290003060061,false,"קמח כוסמין מלא 1 ק""ג",.,IL,קמח כוסמין מלא,קילוגרמים,1.00,"ק""ג",false,1,9.90,9.90,true,1,
7290003107247,false,שמרים יבשים אינסטנט33גרם,שטיבל,IL,שמרים יבשים,גרמים,33.00,100 גרם,false,0,5.00,15.15,true,1,
7290003107353,false,משפר אפייה ביתי 30 גרם,שטיבל,,משפר אפייה ביתי,גרמים,30.00,100 גרם,false,0,5.50,18.33,true,1,
7290003115587,false,שוקי עוף טרי ארוז דיל,מילועוף,IL,שוקיים עוף טרי,קילוגרמים,0.00,"ק""ג",true,0,32.90,32.90,true,1,
7290003120475,false,"מאלטי בקבוק חוזר 500 מ""ל",קרלסברג ישראל,IL,בירה מאלטי,מיליליטרים,500.00,"100 מ""ל",false,0,4.30,0.86,true,1,
7290003121106,false,ארוחת נודלס,,SG,ארוחת נודלס,גרמים,85.00,100 גרם,false,0,3.90,4.59,true,1,
7290003133123,false,לחם מקמח שיפון,,IL,לחם מקמח שיפון,גרמים,750.00,100 גרם,false,0,12.20,1.63,true,1,
7290003133505,false,"לחם ""שיפונטו""",,IL,"לחם ""שיפונטו""",גרמים,750.00,100 גרם,false,0,10.70,1.43,true,1,
7290003141159,false,מרשמלו יוגטה 180 גרם,סאאדת,IL,מרשמלו יוגטה,גרמים,180.00,100 גרם,false,0,7.90,4.39,true,1,
7290003143276,false,מרשמלו רול יוגטה 180 גרם,תות ממתקי איכות,IL,מרשמלו רול,גרמים,180.00,100 גרם,false,0,7.90,4.39,true,1,
7290003144105,false,עוגות אישיות קרמל 300גרם,קונדיטוריה אס.פי.אי,IT,עוגות אישיות,גרמים,300.00,100 גרם,false,1,9.90,3.30,true,1,
7290003144419,false,סילאן טבעי 710 גרם,טעמי הגליל,IL,סילאן טבעי,גרמים,710.00,100 גרם,false,1,25.90,3.65,true,1,
7290003145126,false,הוטפופ מופ.מלח כשלפ100*5,פופז,US,הוטפופ מופחת מלח,גרמים,500.00,100 גרם,false,1,10.00,2.00,true,1,
7290003145195,false,בונ.טראפלס קפה 160 גרם,נאטרא,BE,טראפלס קפה,גרמים,160.00,100 גרם,false,1,17.90,11.19,true,1,
7290003145201,false,בונ.טראפלס טירמיסו 160גר,נאטרא,BE,טראפלס טירמיסו,גרמים,160.00,100 גרם,false,1,17.90,11.19,true,1,
7290003145317,false,תערובת אגוז שקד וחמוציות,פרו מן יו,IL,תע' אגוז שקד וחמ,גרמים,80.00,100 גרם,false,1,11.90,14.88,true,1,
7290003158164,false,פילו ריקוטה פרימיום קג,גידרון,IL,פילו ריקוטה,קילוגרמים,0.00,"ק""ג",true,0,49.00,49.00,true,1,
7290003189199,false,מעדן חריפה 26% במשקל,תעש' מזון יבנה,IL,מעדן חריפה,קילוגרמים,0.00,"ק""ג",true,0,30.00,30.00,true,1,
7290003189205,false,הצהובה לייט 9%קלאסית200ג,כפיר,IL,הצהובה טובה לייט,גרמים,200.00,100 גרם,false,0,10.00,5.00,true,1,
7290003189267,false,הצהובה הטובה קלאס5% 200ג,כפיר,IL,הצהובה טובה לייט,גרמים,200.00,100 גרם,false,0,10.00,5.00,true,1,
7290003189557,false,צהובה טובה מעושנת5% 200ג,כפיר,IL,הצהובה טובה לייט,גרמים,200.00,100 גרם,false,0,10.00,5.00,true,1,
7290003208586,false,מרטיני ביאנקו,,IT,מרטיני ביאנקו,מיליליטרים,750.00,"100 מ""ל",false,0,49.90,6.65,true,1,
7290003220502,false,"מי קוקוס 400 מ""ל",תאי קוקונאט,TH,מי קוקוס,מיליליטרים,400.00,"100 מ""ל",false,0,6.90,1.73,true,1,
7290003220526,false,"רוטב צ'ילי חריף 700 מ""ל",תאי פרידה אינדסטרי,TH,רוטב צ'ילי חריף,מיליליטרים,700.00,"100 מ""ל",false,0,9.90,1.41,true,1,
7290003220595,false,"אורז לסושי 1 ק""ג",מיה,TH,אורז לסושי,קילוגרמים,1.00,"ק""ג",false,0,13.80,13.80,true,1,
7290003220717,false,אצות נורי לסושי 22 גרם,ג'י וואן גלובול נאט,TH,אצות נורי לסושי,גרמים,22.00,100 גרם,false,0,7.90,35.91,true,1,
7290003220724,false,מקלות לסושי,קוסומאי במבוק,TH,מקלות לסושי,יחידה,1.00,יחידה,false,0,6.80,6.80,true,1,
7290003220786,false,מקלות אורז עובי 5 400גרם,אסיאן סופירה פודס,TH,מקלות אורז,גרמים,400.00,100 גרם,false,0,6.90,1.73,true,1,
7290003220830,false,"חומץ אורז 500 מ""ל",דיאמונד פריזרוד פודס,TH,חומץ אורז,מיליליטרים,500.00,"100 מ""ל",false,0,14.80,2.96,true,1,
7290003229109,false,פסטרמה בפפריקה 400 גרם,טירת צבי,IL,פסטרמה בפפריקה,גרמים,400.00,100 גרם,false,0,31.40,7.85,true,1,
7290003229222,false,סלמי תה משובח 300 גרם,טירת צבי,IL,סלמי תה משובח,גרמים,300.00,100 גרם,false,0,21.20,7.07,true,1,
7290003321292,false,גב.סקי 9% שומן 250 גרם,שטראוס,IL,גבינת סקי 9%,גרמים,250.00,100 גרם,false,0,4.60,1.84,true,1,
7290003401635,false,קרם לחות ש.צבוע ברגע 400,קרליין,IL,קרם לחות לשיער,מיליליטרים,400.00,"100 מ""ל",false,0,21.80,5.45,true,1,
7290003401642,false,קר.לחות לתלתלים נטורל400,קרליין,IL,קרם לחות לשיער,מיליליטרים,400.00,"100 מ""ל",false,0,21.80,5.45,true,1,
7290003411238,false,שמרים יבשים 500 גרם,הנמל,BE,שמרים יבשים,גרמים,500.00,100 גרם,false,0,14.60,2.92,true,1,
7290003411566,false,צמרוני עץ לאוזניים 200יח,הנמל,IL,צמרוני אוזניים,יחידה,1.00,יחידה,false,0,4.30,4.30,true,1,
7290003411726,false,קיסמים מלחיה 300 יחידות,הנמל,IL,קיסמי שיניים,יחידה,1.00,יחידה,false,0,3.80,3.80,true,1,
7290003411849,false,גרנולה תמרים ושקדים 400ג,הנמל,IL,גרנולה תמרים,גרמים,400.00,100 גרם,false,0,11.20,2.80,true,1,
7290003414406,false,ריז נטיפים לאפיה 283 גרם,הרשי שוקולד,US,ריז נטיפים,גרמים,283.00,100 גרם,false,1,11.90,4.20,true,1,
7290003423909,false,חטיף שוק.לבן שברי עוג43.,הרשי שוקולד,US,חטיף שוקולד לבן,גרמים,43.00,100 גרם,false,0,4.90,11.40,true,1,
7290003424801,false,ריזס פיסס קרם בוטנים43ג,הרשי שוקולד,US,ריזס פיסס,גרמים,43.00,100 גרם,false,1,4.50,10.47,true,1,
7290003427154,false,"שמן זית כתית מעולה750מ""ל",זיתא,IL,שמן זית כתית,מיליליטרים,750.00,"100 מ""ל",false,0,36.90,4.92,true,1,
7290003438013,false,ממרח זיתים ירוקים 190גרם,אוליביה,IL,ממרח זיתים,גרמים,190.00,100 גרם,false,0,13.70,7.21,true,1,
7290003438020,false,ממרח עגבניות 190 גרם,אוליביה,IL,ממרח עגבניות,גרמים,190.00,100 גרם,false,0,13.70,7.21,true,1,
7290003438082,false,חזרת אולביה 180 גרם,אוליביה,IL,חזרת אולביה,גרמים,180.00,100 גרם,false,0,12.40,6.89,true,1,
7290003444009,false,חט.שוקו.חלב+חמאת בוטנ42ג,הרשי שוקולד,US,חטיף שוקולד חלב,גרמים,42.00,100 גרם,false,0,3.90,9.29,true,1,
7290003450725,false,"חומץ בן יין 5% 355 מ""ל",היינץ,US,חומץ בן יין 5%,מיליליטרים,355.00,"100 מ""ל",false,0,11.90,3.35,true,1,
7290003457991,false,חטיפי גל.קורנטו קלאסיקו,שטראוס,IL,חטיפי קורנטו,גרמים,300.00,100 גרם,false,0,34.90,11.63,true,1,
7290003495030,false,מאפה שקדים במשקל,גידרון,IL,מאפה שקדים,קילוגרמים,0.00,"ק""ג",true,0,35.00,35.00,true,1,
7290003514007,false,שקדי מרק 400 גרם,מנה,IL,שקדי מרק מנה,גרמים,400.00,100 גרם,false,0,7.90,1.98,true,1,
7290003514038,false,קראנצ'וס גריל 70 גרם,מנה,IL,קראנצ'וס גריל,גרמים,70.00,100 גרם,false,0,3.60,5.14,true,1,
7290003514151,false,קראנצ'וס פיצה 70 גרם,מנה,IL,קראנצ'וס פיצה,גרמים,70.00,100 גרם,false,0,3.60,5.14,true,1,
7290003514588,false,פריכיות אורז ללא מלח100ג,מנה,IL,פריכיות אורז,גרמים,100.00,100 גרם,false,0,5.60,5.60,true,1,
7290003514816,false,לבבות גריל 40 גרם,מנה,IL,לבבות גריל,גרמים,40.00,100 גרם,false,0,3.90,9.75,true,1,
7290003521760,false,ג'ל אלוורה אפטרסול 200מל,פישר מעבדות פרמצבטיות,IL,ג'ל אלוורה,מיליליטרים,200.00,"100 מ""ל",false,0,19.90,9.95,true,1,
7290003525461,false,סלט טונה פיקנטי,,IL,סלט טונה פיקנטי,גרמים,160.00,100 גרם,false,0,6.00,3.75,true,1,
7290003525478,false,סלט טונה,,IL,סלט טונה,גרמים,160.00,100 גרם,false,0,6.00,3.75,true,1,
7290003539161,false,תפוח עץ יבש 200גרם,שקדיה,IL,תפוח עץ יבש,גרמים,200.00,100 גרם,false,0,14.80,7.40,true,1,
7290003578412,false,אפרסקים בסירופ,,CN,אפרסקים בסירופ,גרמים,820.00,100 גרם,false,0,7.00,0.85,true,1,
7290003643325,false,קוסקוס בינוני,סוגת,IL,קוסקוס בינוני,גרמים,350.00,100 גרם,false,0,4.90,1.40,true,1,
7290003643776,false,פופקורן 500 גרם,סוגת,IL,פופקורן 500 גרם,גרמים,500.00,100 גרם,false,0,5.90,1.18,true,1,
7290003643813,false,שעועית אדומה 500 גרם,סוגת,IL,שעועית אדומה,גרמים,500.00,100 גרם,false,0,10.70,2.14,true,1,
7290003719259,false,לחם אקסקלוסיבי שיפ.מלא1ק,מאפית ברמן,IL,לחם אקסקלוסיבי,קילוגרמים,1.00,"ק""ג",false,0,15.50,15.50,true,1,
7290003726141,false,טופו אמיתי כפרי,,IL,טופו אמיתי כפרי,גרמים,300.00,100 גרם,false,0,12.90,4.30,true,1,
7290003727667,false,"סלט חומוס צבר 1 ק""ג",צבר,IL,סלט חומוס צבר,קילוגרמים,1.00,"ק""ג",false,0,14.50,14.50,true,1,
7290003744428,false,אובלטים+קימל שקית 300 גר,"ברט בע""מ",IL,אובלטים מלוחים,גרמים,300.00,100 גרם,false,0,10.90,3.63,true,1,
7290003744855,false,אובלטים שומשום 300 גרם,"ברט בע""מ",IL,אובלטים שומשום,גרמים,300.00,100 גרם,false,0,10.90,3.63,true,1,
7290003782147,false,מעדן בטעם לקרדה במשקל,מעדני מיקי,IL,מעד בטעם לקרדה,קילוגרמים,0.00,"ק""ג",true,0,103.00,103.00,true,1,
7290003804320,false,תיבול.קנור שום+פטרוזיל72,יוניליוור,IL,תיבוליות קנור,גרמים,72.00,100 גרם,false,0,8.90,12.36,true,1,
7290003804375,false,תיבולית קנור ניחוח צלי72,יוניליוור,IL,תיבולית קנור,גרמים,72.00,100 גרם,false,0,8.90,12.36,true,1,
7290003804382,false,תיבולית קנור פיטריות72גר,יוניליוור,IL,תיבוליות פטריות,גרמים,72.00,100 גרם,false,0,8.90,12.36,true,1,
7290003804894,false,ריבועים של אלופים500ג בד,יוניליוור,IL,ריבועים אלופים,גרמים,500.00,100 גרם,false,0,17.90,3.58,true,1,
7290003804931,false,תחליב רח.פינוק רימוני700,יוניליוור,IL,תחליב רחצה פינוק,מיליליטרים,700.00,"100 מ""ל",false,0,9.90,1.41,true,1,
7290003805501,false,פתית חסכוני שוודית 300גר,יוניליוור,IL,פתית קרקר שוודי,גרמים,300.00,100 גרם,false,0,17.50,5.83,true,1,
7290003805556,false,"ברנפלקס חיטה מלא בד""ץ500",יוניליוור,IL,ברנפלקס תלמה,גרמים,500.00,100 גרם,false,0,16.90,3.38,true,1,
7290003805587,false,"פתית חיטה מלאה בד""צ250גר",יוניליוור,IL,פתית חיטה מלאה,גרמים,250.00,100 גרם,false,0,17.50,7.00,true,1,
7290003805716,false,נמס בכוס ט.עוף 24*2 גרם,יוניליוור,IL,נמס בכוס ועוד,גרמים,48.00,100 גרם,false,0,6.90,14.38,true,1,
7290003805730,false,נמס בכוס עגבנ.קנור 32*2ג,יוניליוור,IL,נמס בכוס ועוד,גרמים,64.00,100 גרם,false,0,6.90,10.78,true,1,
7290003806423,false,שניצל ולתנור 180 גרם,יוניליוור,IL,שניצל ולתנור,גרמים,180.00,100 גרם,false,0,5.90,3.28,true,1,
7290003806577,false,דאו. דאב אורגינל 150מל,יוניליוור,GB,דאודורנט דאב,מיליליטרים,150.00,"100 מ""ל",false,1,20.90,13.93,true,1,
7290003806669,false,דאב מארז מפנק לגוף,יוניליוור,IL,מארז דאב לגוף,יחידה,1.00,יחידה,false,0,14.90,14.90,true,1,
7290003806836,false,"בדין אקסטרא לילך 960 מ""ל",יוניליוור,TR,מרכך בדין אקסטרא,מיליליטרים,960.00,"100 מ""ל",false,0,18.90,1.97,true,1,
7290003807314,false,מרק עוף רכיב.טבעיים 400ג,יוניליוור,,מרק עוף,גרמים,400.00,100 גרם,false,0,26.90,6.73,true,1,
7290003864478,false,סרדין בשמן צמח,,PH,סרדין בשמן צמח,גרמים,110.00,100 גרם,false,0,4.00,3.64,true,1,
7290003864485,false,סרדינים ברוטב,,PH,סרדינים ברוטב,גרמים,110.00,100 גרם,false,0,4.00,3.64,true,1,
7290003864492,false,סרדין פיקנטי,,IL,סרדין פיקנטי,גרמים,110.00,100 גרם,false,0,4.00,3.64,true,1,
7290003903771,false,קפוצ'ינו פחית 200 גרם,עלית,IL,קפוצ'ינו פחית,גרמים,200.00,100 גרם,false,0,24.20,12.10,true,1,
7290003905331,false,שוק.חלב+שברי אגוזים100גר,שטראוס,IL,שוק.חלב אגוזים,גרמים,100.00,100 גרם,false,0,5.50,5.50,true,1,
7290003905362,false,שוק.חלב ל.תוספת סוכר100ג,שטראוס,IL,שוקולד פרה דיאט,גרמים,100.00,100 גרם,false,0,7.90,7.90,true,1,
7290003989539,false,רביולי עם גבינה 400 גרם,שטראוס,IL,רביולי גבינה,גרמים,400.00,100 גרם,false,0,19.90,4.98,true,1,
7290004011338,false,"קצפת ריצ' במיכל 250 מ""ל",נטו,IT,קצפת ריצ' במיכל,מיליליטרים,250.00,"100 מ""ל",false,0,16.80,6.72,true,1,
7290004011345,false,קצפת מתוקה,,IT,קצפת מתוקה,גרמים,250.00,100 גרם,false,0,16.80,6.72,true,1,
7290004048679,false,קובה למרק 1 קג',שלושת האופים,IL,קובה למרק,גרמים,1000.00,100 גרם,false,0,24.90,2.49,true,1,
7290004064082,false,מטחנה מלח ים טבעי250גרם,מלח הארץ אילת,IL,מטחנה מלח ים,גרמים,250.00,100 גרם,false,1,13.90,5.56,true,1,
7290004064105,false,מטחנה מלח עשבי תיבול250מ,מלח הארץ אילת,IL,מטחנה מלח+תיבול,גרמים,250.00,100 גרם,false,1,16.90,6.76,true,1,
7290004068424,false,גבינת גאודה,,IL,גבינת גאודה,קילוגרמים,0.00,"ק""ג",true,0,114.00,114.00,true,1,
7290004078379,false,קולגייט טוטל פסים מ.ש100,קולגייט-פלמוליב,PL,משחת שיניים,מיליליטרים,100.00,"100 מ""ל",false,0,12.90,12.90,true,1,
7290004119133,false,יוגורט בכד6.5% 1.5 ליטר,תנובה,IL,יוגורט בכד,ליטרים,1.50,ליטר,false,0,16.90,11.27,true,1,
7290004120634,false,גב.בולגרית פיראוס5% 250ג,תנובה,IL,גבינה בולגרית5%,גרמים,250.00,100 גרם,false,0,21.90,8.76,true,1,
7290004121853,false,פיראוס קוב.בולגרית5% 200,תנובה,IL,קוביות בולגרית5%,גרמים,200.00,100 גרם,false,0,20.90,10.45,true,1,
7290004122270,false,עמק פרוס סגירה חוזרת 200,תנובה,IL,גבינת עמק פרוס,גרמים,200.00,100 גרם,false,0,15.20,7.60,true,1,
7290004122348,false,גב.עמק לייט9% שומן 200גר,תנובה,IL,גבינת עמק לייט,גרמים,200.00,100 גרם,false,0,15.90,7.95,true,1,
7290004122607,false,גבינת עמק לייט 9% במשקל,תנובה,IL,גבינת עמק לייט9%,קילוגרמים,0.00,"ק""ג",true,0,69.00,69.00,true,1,
7290004125370,false,שמנת חמוצה 9% שומן 200מל,תנובה,IL,שמנת חמוצה 9%,מיליליטרים,200.00,"100 מ""ל",false,0,3.40,1.70,true,1,
7290004125400,false,"אשל מהדרין 4.5% 200 מ""ל",תנובה,IL,אשל 4.5% שומן,מיליליטרים,200.00,"100 מ""ל",false,0,1.55,0.78,true,1,
7290004125417,false,"גיל 3% מהדרין 200מ""ל",תנובה,IL,גיל לבן 3%שומן,מיליליטרים,200.00,"100 מ""ל",false,0,1.40,0.70,true,1,
7290004125455,false,שמנת תנובה 15%שומן200מל,תנובה,IL,שמנת תנובה 15%,מיליליטרים,200.00,"100 מ""ל",false,0,2.20,1.10,true,1,
7290004125509,false,שמנת חמוצה15% חצי מנה100,תנובה,IL,שמנת חמוצה 15%,מיליליטרים,100.00,"100 מ""ל",false,0,1.70,1.70,true,1,
7290004125578,false,משקה סויה מועשר בסידן1ל,תנובה,IL,משקה סויה,ליטרים,1.00,ליטר,false,0,10.90,10.90,true,1,
7290004125721,false,שמנת בישול-15%שף לבן250מ,תנובה,IL,שמנת לבישול15%,מיליליטרים,250.00,"100 מ""ל",false,0,8.10,3.24,true,1,
7290004126650,false,גבינה צפתית 5% משקל,תנובה,IL,גבינה צפתית 5%,קילוגרמים,0.00,"ק""ג",true,0,45.00,45.00,true,1,
7290004126674,false,גבינה טל העמק לייט 200גר,תנובה,IL,גבינה טל העמק,גרמים,200.00,100 גרם,false,0,17.80,8.90,true,1,
7290004127077,false,קוטג' תנובה 3% שומן 250,תנובה,IL,קוטג' 3% שומן,גרמים,250.00,100 גרם,false,0,5.50,2.20,true,1,
7290004127329,false,קוטג' 5% 250 גרם בעלז,תנובה,IL,קוטג' תנובה 5%,גרמים,250.00,100 גרם,false,0,5.50,2.20,true,1,
7290004127336,false,קוטג' תנובה 9% שומן 250,תנובה,IL,קוטג' תנובה 9%,גרמים,250.00,100 גרם,false,0,5.50,2.20,true,1,
7290004127800,false,גב.לבנה 5% שומן 500 גרם,תנובה,IL,גבינה לבנה 5%,גרמים,500.00,100 גרם,false,0,9.20,1.84,true,1,
7290004129101,false,גב.נפולאון טעם טבעי 225ג,תנובה,IL,גבינת נפוליאון,גרמים,225.00,100 גרם,false,0,13.60,6.04,true,1,
7290004129118,false,גב.נפולאון טעם זיתים225ג,תנובה,IL,גבינת נפוליאון,גרמים,225.00,100 גרם,false,0,13.60,6.04,true,1,
7290004129767,false,יופלה לבן 3% 150*8גרם,תנובה,IL,יופלה לבן 3%,קילוגרמים,1.20,"ק""ג",false,0,17.90,14.92,true,1,
7290004131227,false,גבינה לבנה3% 500 גרם,תנובה,IL,גבינה לבנה 3%,גרמים,500.00,100 גרם,false,0,9.20,1.84,true,1,
7290004131432,false,יופלה ביו לבן 3% 200 גרם,תנובה,IL,יופלה לבן 3%,גרמים,200.00,100 גרם,false,0,3.80,1.90,true,1,
7290004131456,false,יופלה לבן 1.5% 200 גרם,תנובה,IL,יופלה לבן 1.5%,גרמים,200.00,100 גרם,false,0,3.90,1.95,true,1,
7290004132231,false,חלב פלוס לקפה 3.5% שומן,תנובה,IL,חלב פלוס לקפה,מיליליטרים,800.00,"100 מ""ל",false,0,6.50,0.81,true,1,
7290004133511,false,יופלה לבן מעוד1.5% 150*8,תנובה,IL,יופלה מעודן 8 יח,קילוגרמים,1.20,"ק""ג",false,0,19.90,16.58,true,1,
7290004134983,false,פרוסות גבינת עמק 5% 200ג,תנובה,IL,גבינת עמק 5%,גרמים,200.00,100 גרם,false,0,17.20,8.60,true,1,
7290004135058,false,מיני קרלו שוקולד 100*8גר,תנובה,,קרלו שוקולד 8 יח,גרמים,800.00,100 גרם,false,0,13.20,1.65,true,1,
7290004135324,false,פיראוס בולגרית מע5%משקל,תנובה,IL,פיראוס בולגרית,קילוגרמים,0.00,"ק""ג",true,0,49.00,49.00,true,1,
7290004135621,false,בולג. מעוד.פיראוס 2503%ג,תנובה,IL,בולגרית פיראוס3%,גרמים,250.00,100 גרם,false,0,17.90,7.16,true,1,
7290004137021,false,שמנת לבישול 10%שומן250מ,תנובה,IL,שמנת לבישול10%,מיליליטרים,250.00,"100 מ""ל",false,0,8.10,3.24,true,1,
7290004137311,false,עמק לייט משפחתית 400 גרם,תנובה,IL,גבינת עמק לייט,גרמים,400.00,100 גרם,false,0,29.80,7.45,true,1,
7290004137809,false,לבנה פיראוס 5% 250 גרם,תנובה,IL,לבנה פיראוס5%,גרמים,250.00,100 גרם,false,0,12.50,5.00,true,1,
7290004199180,false,כפפות לטקס איזי טאץ100יח,LTD G.G.CO,TH,כפפות לטקס L,יחידה,1.00,יחידה,false,0,25.90,25.90,true,1,
7290004219277,false,אנשובי בצנצנת ארוך 80גרם,קמפיאס,ES,פילה אנשובי,גרמים,80.00,100 גרם,false,0,12.90,16.13,true,1,
7290004225025,false,סגנון פטה,,IL,סגנון פטה,קילוגרמים,0.00,"ק""ג",true,0,29.00,29.00,true,1,
7290004225285,false,בסגנון דנאבלו,,DK,בסגנון דנאבלו,גרמים,100.00,100 גרם,false,0,10.00,10.00,true,1,
7290004230074,false,קציצות דג ברוטב עגבניות,שגב,IL,קציצות דג ברוטב,גרמים,800.00,100 גרם,false,0,34.60,4.33,true,1,
7290004230104,false,קציצות בקר ברוטב עגבניות,שגב,IL,קציצות בקר ברוטב,גרמים,800.00,100 גרם,false,14,34.60,4.33,true,1,
7290004230265,false,שוארמה מזרחית שגב 500גרם,שגב,IL,שוארמה מזרחית,גרמים,500.00,100 גרם,false,1,39.60,7.92,true,1,
7290004230340,false,מקלות בורקס פילו תרד בצל,שגב,IL,מקלות בורקס פילו,גרמים,600.00,100 גרם,false,0,20.90,3.48,true,1,
7290004230944,false,מקלות בורקס פילו גבינה 6,שלושת האופים,IL,מקלות בורקס,גרמים,600.00,100 גרם,false,0,20.70,3.45,true,1,
7290004324605,false,גב.מון בלאן רוקפור7% 120,מאיר עזרא ובניו,IL,גבינת מון בלאן7%,גרמים,120.00,100 גרם,false,0,10.00,8.33,true,1,
7290004492311,false,בייגלה שמיניות לל.מלח400,יוניליוור,IL,בייגלה גדול,גרמים,400.00,100 גרם,false,0,10.00,2.50,true,1,
7290004492762,false,נישנושים תירס 325 גרם,גוצ'מולר,IL,נישנושים תירס,גרמים,325.00,100 גרם,false,0,12.70,3.91,true,1,
7290004492779,false,נישנושים זעתר 300 גרם,גוצ'מולר,IL,נישנושים זעתר,גרמים,300.00,100 גרם,false,0,12.70,4.23,true,1,
7290004492793,false,נישנושים 6 דגנים 325 גרם,גוצ'מולר,IL,נישנושים דגנים,גרמים,325.00,100 גרם,false,0,12.90,3.97,true,1,
7290004492816,false,נישנושים מלוח 350 גרם,גוצ'מולר,IL,נישנושי קרקר,גרמים,350.00,100 גרם,false,0,12.90,3.69,true,1,
7290004492854,false,נישנושים קוקט.שומשום350ג,גוצ'מולר,IL,נישנושים,גרמים,350.00,100 גרם,false,0,12.90,3.69,true,1,
7290004494131,false,"קברנה דלתון D 750 מ""ל",יקב דלתון,IL,קברנה דלתון,מיליליטרים,750.00,"100 מ""ל",false,0,49.90,6.65,true,1,
7290004536008,false,סיליט מסיר אבן/חלודה500מ,רקיט בנקיזר,IL,סיליט מסיר אבנית,מיליליטרים,500.00,"100 מ""ל",false,0,9.00,1.80,true,1,
7290004536039,false,כפפות ספונטקס,,MY,כפפות ספונטקס,יחידה,1.00,יחידה,false,0,6.70,6.70,true,1,
7290004584351,false,גב.סימפוניה 5% 200 גרם,שטראוס,IL,גבינת סימפוניה,גרמים,200.00,100 גרם,false,0,10.90,5.45,true,1,
7290004584528,false,יוגורט ביו 1.7%דנונה200ג,שטראוס,IL,יוגורט ביו 1.7%,גרמים,200.00,100 גרם,false,0,3.60,1.80,true,1,
7290004585907,false,דני וניל 1.5% שומן 125 ג,שטראוס,IL,דני וניל 1.5%,גרמים,125.00,100 גרם,false,0,2.60,2.08,true,1,
7290004603175,false,מלח ים גס 500 גרם,תעשיות מלח לישראל,IL,מלח ים גס,גרמים,500.00,100 גרם,false,0,7.80,1.56,true,1,
7290004685010,false,לחם 100% שיפון קל 500 גר,מאפית ברמן,IL,לחם שיפון קל,גרמים,500.00,100 גרם,false,0,15.50,3.10,true,1,
7290004685027,false,לחם מחיטה מלאה קל 500 גר,מאפית ברמן,IL,לחם מחיטה מלא קל,גרמים,500.00,100 גרם,false,0,15.50,3.10,true,1,
7290004685041,false,לחם הארץ חיטה מלאה750גרם,מאפית ברמן,IL,לחם חיטה מלאה,גרמים,750.00,100 גרם,false,0,15.50,2.07,true,1,
7290004685089,false,לחם חמניות 500 גרם,מאפית ברמן,IL,לחם חמניות,גרמים,500.00,100 גרם,false,0,15.50,3.10,true,1,
7290004685126,false,לחם הארץ חמישה דגנים750ג,מאפית ברמן,IL,לחם הארץ 5 דגנים,גרמים,750.00,100 גרם,false,0,15.50,2.07,true,1,
7290004685133,false,לחם הארץ קל 750 גרם,מאפית ברמן,IL,לחם הארץ קל,גרמים,750.00,100 גרם,false,0,15.50,2.07,true,1,
7290004685140,false,לחם הארץ שיפון 750 גרם,מאפית ברמן,IL,לחם שיפון,גרמים,750.00,100 גרם,false,0,15.50,2.07,true,1,
7290004685157,false,לחם שיפון 100%פרוס 750ג,מאפית ברמן,IL,לחם שיפון פרוס,גרמים,750.00,100 גרם,false,0,15.50,2.07,true,1,
7290004685195,false,לחם 10 דגנים פרוס 750גרם,מאפית ברמן,IL,לחם 10 דגנים,גרמים,750.00,100 גרם,false,0,15.50,2.07,true,1,
7290004685201,false,לחם הארץ שיפון אגוזים500,מאפית ברמן,IL,לחם שיפון אגוזים,גרמים,500.00,100 גרם,false,0,15.50,3.10,true,1,
7290004685225,false,לחם פומפרניקל 750 גרם,מאפית ברמן,IL,לחם פומפרניקל,גרמים,750.00,100 גרם,false,0,15.50,2.07,true,1,
7290004725600,false,גבינה סקנדינבית31% משקל,תנובה,IL,גבינה סקנדינבית,קילוגרמים,0.00,"ק""ג",true,1,73.00,73.00,true,1,
7290004731076,false,אל סבון כיף אלוורה 1ליטר,קוסמופארם,IL,אל סבון כיף,ליטרים,1.00,ליטר,false,0,10.00,10.00,true,1,
7290004731137,false,ק.ידיים קרמה עור יבש100מ,קוסמופארם,IL,קרמה קרם ידיים,מיליליטרים,100.00,"100 מ""ל",false,0,8.90,8.90,true,1,
7290004731281,false,קרמה ספא אלסבון לבנדר500,קוסמופארם,IL,קרמה ספא אלסבו,מיליליטרים,500.00,"100 מ""ל",false,0,10.00,2.00,true,1,
7290004731298,false,קרמה ספא אלסבון וניל500מ,קוסמופארם,IL,קרמה ספא אלסבו,מיליליטרים,500.00,"100 מ""ל",false,0,10.00,2.00,true,1,
7290004731410,false,סנו סושי3כרית קרצוף,סנו,IL,כריות קרצוף,יחידה,1.00,יחידה,false,0,9.60,9.60,true,1,
7290004731519,false,מקסימה למייבש סנסטיב750מ,סנו,IL,מקסימה למייבש,מיליליטרים,750.00,"100 מ""ל",false,0,16.30,2.17,true,1,
7290004731564,false,מקסימה למייבש בלוסום750מ,סנו,IL,מקסימה למייבש,מיליליטרים,750.00,"100 מ""ל",false,1,16.30,2.17,true,1,
7290004731670,false,דואו פרש פצ'ולי לבנדר300,סנו,IL,סנו דואו פרש,מיליליטרים,300.00,"100 מ""ל",false,0,10.90,3.63,true,1,
7290004731687,false,דואו פרש וניל למון 300מל,סנו,IL,סנו דואו פרש,מיליליטרים,300.00,"100 מ""ל",false,0,10.90,3.63,true,1,
7290004810009,false,דאק לאסלה ניחוח הדרים זו,ג'ונסון,NL,דאק לאסלה זוג,ליטרים,1.50,ליטר,false,0,17.90,11.93,true,1,
7290004869120,false,לחם אחיד קל פרוס 750 גרם,מאפיית שלמה א. אנג'ל,IL,לחם אחיד קל פרוס,גרמים,750.00,100 גרם,false,0,15.50,2.07,true,1,
7290004952136,false,קמח כוסמין מלא,,IL,קמח כוסמין מלא,קילוגרמים,1.00,"ק""ג",false,0,18.90,18.90,true,1,
7290005008153,false,3 מברשות קולגייט זיג זג,קולגייט-פלמוליב,VN,3 מברשות שיניים,יחידה,1.00,יחידה,false,0,21.80,21.80,true,1,
7290005079238,false,פטה עיזים מעודנת16% משקל,משק צוריאל תבור,IL,פטה עיזים מעודנת,קילוגרמים,0.00,"ק""ג",true,0,99.00,99.00,true,1,
7290005082979,false,חלת דגנים קלועה 560 גרם,גידרון,IL,חלת דגנים קלועה,גרמים,560.00,100 גרם,false,0,11.90,2.13,true,1,
7290005084355,false,משח.סנסודיין דואל קייר75,דנאגיס,GB,משחת שיניים,מיליליטרים,75.00,"100 מ""ל",false,0,17.90,23.87,true,1,
7290005095597,false,נרות יום הולדת,,CN,נרות יום הולדת,יחידה,1.00,יחידה,false,0,6.90,6.90,true,1,
7290005095801,false,עמבה,,,עמבה,גרמים,500.00,100 גרם,false,0,15.10,3.02,true,1,
7290005111761,false,"בונזו בשר 3 ק""ג",ביופט,IL,בונזו בשר,קילוגרמים,3.00,"ק""ג",false,0,44.90,14.97,true,1,
7290005175428,false,קמח תירס,,AR,קמח תירס,גרמים,500.00,100 גרם,false,0,6.50,1.30,true,1,
7290005199578,false,קפה נ.פלטינום נ.קפאין200,עלית,IL,קפה נ.פלטינום נ.קפאין200,גרמים,200.00,100 גרם,false,0,36.30,18.15,true,1,
7290005270000,false,עלי סיגר 500 גרם,"אדריה בע""מ",IL,עלי סיגר מרוקאי,גרמים,500.00,100 גרם,false,0,12.50,2.50,true,1,
7290005287527,false,טונה בשמן עם לימון160גרם,סטארקיסט,IL,טונה עם לימון,גרמים,160.00,100 גרם,false,0,7.90,4.94,true,1,
7290005287732,false,טונה5% +עשבי תיבול 160ג,סטארקיסט,IL,טונה+עשבי תיבול,גרמים,160.00,100 גרם,false,0,7.90,4.94,true,1,
7290005287749,false,טונה5% בטעם טבעי 160ג,סטארקיסט,IL,טונה 5%טעם טבעי,גרמים,160.00,100 גרם,false,0,7.90,4.94,true,1,
7290005287756,false,טונה5%עם לימון+פלפל160ג,סטארקיסט,IL,טונה+לימון ופלפל,גרמים,160.00,100 גרם,false,0,7.90,4.94,true,1,
7290005326523,false,פסטו פטרוזיליה ונענע180ג,אוליביה,IL,פסטו פטרוזיליה,גרמים,180.00,100 גרם,false,1,13.70,7.61,true,1,
7290005384868,false,בסיגנון דנאבלו,,IL,בסיגנון דנאבלו,קילוגרמים,0.00,"ק""ג",true,0,74.00,74.00,true,1,
7290005423253,false,"מקסימה למייבש פרש 750מ""ל",סנו,IL,מקסימה למייבש,מיליליטרים,750.00,"100 מ""ל",false,0,16.30,2.17,true,1,
7290005423499,false,סנו נירוסטה אירוסול500מל,סנו,IL,סנו נירוסטה,מיליליטרים,500.00,"100 מ""ל",false,0,19.70,3.94,true,1,
7290005423505,false,"מי פה אורביטול 500 מ""ל",קוסמופארם,IL,מי פה אורביטול,מיליליטרים,500.00,"100 מ""ל",false,0,20.00,4.00,true,1,
7290005423635,false,ריצפז פלוס דוחה תיקנים2ל,סנו,IL,ריצפז דוחה חרקים,ליטרים,2.00,ליטר,false,0,21.90,10.95,true,1,
7290005423871,false,משחת אורביטול145*3ג,קוסמופארם,IL,משחת שיניים,גרמים,435.00,100 גרם,false,0,15.00,3.45,true,1,
7290005423918,false,מרכך מקסימה בייבי 4 ל',סנו,IL,מרכך כביסה,ליטרים,4.00,ליטר,false,0,21.90,5.48,true,1,
7290005424694,false,קרמה תח.רחצה קלאסיק 750מ,קוסמופארם,IL,קרמה תחליב רחצה,מיליליטרים,750.00,"100 מ""ל",false,0,16.90,2.25,true,1,
7290005424762,false,ריצפז+דוחה תיקנים+ווקס2ל,סנו,IL,ריצפז פלוס+ווקס,ליטרים,2.00,ליטר,false,0,26.30,13.15,true,1,
7290005424809,false,3כריות קרצוף חזקות,סנו,US,כריות קרצוף,יחידה,1.00,יחידה,false,0,9.60,9.60,true,1,
7290005425073,false,דואו פרש יסמין סנדלווד,סנו,IL,סנו דואו פרש,מיליליטרים,300.00,"100 מ""ל",false,0,10.90,3.63,true,1,
7290005425196,false,אבקת מקסימה סנסיטיב2.5קג,סנו,IL,אבקת כביסה,קילוגרמים,2.50,"ק""ג",false,0,26.90,10.76,true,1,
7290005425202,false,"אבקת מקסימה ביו 2.5 ק""ג",סנו,IL,אבקת כביסה,קילוגרמים,2.50,"ק""ג",false,0,26.90,10.76,true,1,
7290005425585,false,סנו רהיט 20 מטליות ניקוי,סנו,IL,סנו רהיט מטליות,יחידה,1.00,יחידה,false,0,17.00,17.00,true,1,
7290005426193,false,ספוג הפלא סנו סושי 6 יח',סנו,IL,ספוג סנו סושי,יחידה,1.00,יחידה,false,0,9.70,9.70,true,1,
7290005426384,false,סנומוד מיס מיליון 150 מל,סנו,IL,סנמוד מיס מיליון,מיליליטרים,150.00,"100 מ""ל",false,0,9.90,6.60,true,1,
7290005426575,false,ק.לחות קרמה שיער יבש400מ,קוסמופארם,IL,קרם לחות קרמה,מיליליטרים,400.00,"100 מ""ל",false,0,16.90,4.23,true,1,
7290005426865,false,משחה אורביטול מסטיק 70 ג,קוסמופארם,IL,משחת שיניים,גרמים,70.00,100 גרם,false,0,6.90,9.86,true,1,
7290005426940,false,300-K פלוס8 קוטל חרקי400,סנו,IL,300-K פלוס,מיליליטרים,400.00,"100 מ""ל",false,0,19.90,4.98,true,1,
7290005427541,false,תחליב רח.כיף חלב שקד750מ,קוסמופארם,IL,תחליב רחצה כיף,מיליליטרים,750.00,"100 מ""ל",false,0,8.90,1.19,true,1,
7290005427565,false,שמפו כיף לשיער רגיל 750מ,קוסמופארם,IL,שמפו כיף,מיליליטרים,750.00,"100 מ""ל",false,0,8.90,1.19,true,1,
7290005427633,false,ג'ל כיף אקסטרים כחול 1קג,קוסמופארם,IL,ג'ל כיף לשיער,קילוגרמים,1.00,"ק""ג",false,0,19.90,19.90,true,1,
7290005427787,false,ק.לחות קרמה ש.מתולתל400מ,קוסמופארם,IL,קרם לשיער קרמה,מיליליטרים,400.00,"100 מ""ל",false,0,16.90,4.23,true,1,
7290005428852,false,מגבוני סנו סופט 100*5 יח,סנו,IL,מגבוני סנו סופט,יחידה,1.00,יחידה,false,0,12.90,12.90,true,1,
7290005428982,false,בייבי כיף ק.גוף תינוק500,קוסמופארם,IL,קרם גוף לתינוק,מיליליטרים,500.00,"100 מ""ל",false,0,22.90,4.58,true,1,
7290005429279,false,מקסימה קומפקט ג'אוול 6קג,סנו,IL,אבקת כביסה,קילוגרמים,6.00,"ק""ג",false,0,54.90,9.15,true,1,
7290005430480,false,מטלית הפלא מיקרופייבר,סנו,IL,מטלית הפלא,יחידה,1.00,יחידה,false,0,6.90,6.90,true,1,
7290005500558,false,ג'ל לשיער פנינה שקוף 1קג,א.ל ארמן,IL,ג'ל לשיער,קילוגרמים,1.00,"ק""ג",false,0,17.90,17.90,true,1,
7290005500688,false,"מסיכה לשיער פנינה 1 ק""ג",א.ל ארמן,IL,מסיכה לשיער,קילוגרמים,1.00,"ק""ג",false,0,29.90,29.90,true,1,
7290005541087,false,קפסולות אספרסו אדום50גרם,ורנינו,IT,קפסולות אספרסו,גרמים,50.00,100 גרם,false,1,16.90,33.80,true,1,
7290005559587,false,מאפה נקניקיות 800 גרם,"מעדנות בע""מ",IL,מאפה נקניקיות,גרמים,800.00,100 גרם,false,0,28.10,3.51,true,1,
7290005559990,false,בצק פילאס תורקי 600 גרם,"מעדנות בע""מ",IL,בצק פילאס תורכי,גרמים,600.00,100 גרם,false,0,24.00,4.00,true,1,
7290005564680,false,תפוזינה לימונדה 1.5 ליטר,יפאורה שותפות מובגלת לשיווק,IL,תפוזינה לימונדה,ליטרים,1.50,ליטר,false,0,5.90,3.93,true,1,
7290005576041,false,שמיר גלאט יחידה,קטיף,IL,שמיר גלאט,יחידה,1.00,יחידה,false,0,5.90,5.90,true,1,
7290005610059,false,תפוח אדמה לבן ארוז,קטיף,IL,תפוח אדמה לבן,קילוגרמים,0.00,"ק""ג",true,0,3.90,3.90,true,1,
7290005610066,false,תפוח אדמה אדום ארוז,קטיף,IL,תפוח אדמה אדום,קילוגרמים,0.00,"ק""ג",true,0,5.50,5.50,true,1,
7290005610509,false,צנונית יחידה,קטיף,IL,צנונית -יח',יחידה,1.00,יחידה,false,0,4.50,4.50,true,1,
7290005651427,false,מעדני בונזו בשר לכלב 3יח,SAS FIDELE,IT,מעדן בונזו בשר3*,קילוגרמים,1.20,"ק""ג",false,0,18.00,15.00,true,1,
7290005678585,false,ענב סקרלוטה ללא חרצנים,קטיף,IL,ענב סקרלוטה,קילוגרמים,0.00,"ק""ג",true,0,18.90,18.90,true,1,
7290005838002,false,"דניאלה מעדן גבינה 150מ""ל",שטראוס,IL,מעדן דניאלה,מיליליטרים,150.00,"100 מ""ל",false,0,4.30,2.87,true,1,
7290005838613,false,סקי מעדן גבינה וניל 125ג,שטראוס,IL,סקי מעדן גבינה,גרמים,125.00,100 גרם,false,0,3.70,2.96,true,1,
7290005838972,false,גב.סקי 5% 125 גרם,שטראוס,IL,גבינת סקי,גרמים,125.00,100 גרם,false,0,3.10,2.48,true,1,
7290005839078,false,דנונה ביו 3% 150*8 גרם,שטראוס,IL,דנונה ביו 8 יח,קילוגרמים,1.20,"ק""ג",false,0,15.00,12.50,true,1,
7290005839108,false,גב.סימפוניה +5%זיתים200ג,שטראוס,IL,גבינת סימפוניה,גרמים,200.00,100 גרם,false,0,10.90,5.45,true,1,
7290005896453,false,בירה מכבי7.9%בק.חוזר500מ,טמפו,IL,בירה מכבי 7.9%,מיליליטרים,500.00,"100 מ""ל",false,1,6.90,1.38,true,1,
7290005938245,false,פסטו קלאסי 220 גרם,נטו,IL,פסטו קלאסי,גרמים,220.00,100 גרם,false,0,19.90,9.05,true,1,
7290005938832,false,פרסקו פטרוזיליה 180גרם,פרסקו,IL,פרסקו פטרוזיליה,גרמים,180.00,100 גרם,false,0,10.90,6.06,true,1,
7290005938849,false,פרסקו כוסברה 180גרם,פרסקו,IL,פרסקו כוסברה,גרמים,180.00,100 גרם,false,0,10.90,6.06,true,1,
7290005966514,false,"ירדן מוסקט 500 מ""ל",יקבי רמת הגולן קצרין,IL,ירדן מוסקט,מיליליטרים,500.00,"100 מ""ל",false,0,32.90,6.58,true,1,
7290005992575,false,גב.בולגרית למריחה5% 250ג,מחלבות גד,IL,בולגרית למריחה,גרמים,250.00,100 גרם,false,0,15.00,6.00,true,1,
7290005992735,false,גבינת לאבנה 5%שומן 250ג,מחלבות גד,IL,גבינת לאבנה גד5%,גרמים,250.00,100 גרם,false,0,8.90,3.56,true,1,
7290005992858,false,פטה עיזים5% משקל,,IL,פטה עיזים5% משקל,קילוגרמים,0.00,"ק""ג",true,0,119.00,119.00,true,1,
7290005992889,false,גב.שמנת שום שמיר 30%משקל,מחלבות גד,IL,גבינת שמנת שום,קילוגרמים,0.00,"ק""ג",true,0,50.00,50.00,true,1,
7290006199942,false,גלידל דובדבן 8יח,פלקו,IL,פרי דובדבן 8יח,גרמים,640.00,100 גרם,false,0,26.90,4.20,true,1,
7290006229069,false,ג'אמפ ענבים 1.5 ליטר,טמפו,IL,ג'אמפ ענבים,ליטרים,1.50,ליטר,false,0,5.90,3.93,true,1,
7290006251107,false,תה מסאלה צ'אי 25שק2*גרם,ויסוצקי,IL,תה צ'אי מסאלה,גרמים,50.00,100 גרם,false,0,17.50,35.00,true,1,
7290006251275,false,תה ירוק סיני25 שק1.5Xגרם,ויסוצקי,IL,תה ירוק סיני,גרמים,37.00,100 גרם,false,0,25.90,70.00,true,1,
7290006251282,false,חליטת קרנברי ג.קסום25ש3*,ויסוצקי,IL,חליטת חמוציות,גרמים,75.00,100 גרם,false,0,16.90,22.53,true,1,
7290006251343,false,חליטת פסיפלורה+מנגו25ש3*,ויסוצקי,IL,חליטת פסיפלורה,גרמים,62.00,100 גרם,false,0,16.90,27.26,true,1,
7290006267191,false,קברנה טרה רוסו,,IL,קברנה טרה רוסו,מיליליטרים,750.00,"100 מ""ל",false,0,49.90,6.65,true,1,
7290006267733,false,פנינים תבור לבן מבעבע750,יקב תבור,IL,פנינים לבן מבעבע,מיליליטרים,750.00,"100 מ""ל",false,0,34.90,4.65,true,1,
7290006271273,false,"מיני בורקס תפו""א 800 גרם","מעדנות בע""מ",IL,"מיני בורקס תפו""א",גרמים,800.00,100 גרם,false,0,22.70,2.84,true,1,
7290006272430,false,בצק עלים חמאה 600 גרם,"מעדנות בע""מ",IL,בצק עלים חמאה,גרמים,600.00,100 גרם,false,0,28.60,4.77,true,1,
7290006273284,false,עוגת שמרים אספרסו+שוק380,לחמי,IL,עוגת שמרים,גרמים,380.00,100 גרם,false,0,17.00,4.47,true,1,
7290006306302,false,רביולי פרמזן ריקוטה400גר,פסטה נונה,IL,רביולי גבינה,גרמים,400.00,100 גרם,false,0,23.90,5.98,true,1,
7290006306326,false,רביולי פטריות 400 גרם,פסטה נונה,IL,רביולי פטריות,גרמים,400.00,100 גרם,false,0,23.90,5.98,true,1,
7290006322104,false,לחם רחיים קל 500 גרם,מאפיית דוידוביץ,IL,לחם רחיים קל,גרמים,500.00,100 גרם,false,0,13.20,2.64,true,1,
7290006322111,false,לחמניות ריחיים 80*6 גרם,מאפיית דוידוביץ,IL,לחמניות ריחיים,גרמים,480.00,100 גרם,false,0,10.70,2.23,true,1,
7290006322128,false,לחמניות קלות 80*6 גרם,מאפיית דוידוביץ,IL,לחמניות קלות 8יח,גרמים,480.00,100 גרם,false,0,9.90,2.06,true,1,
7290006322142,false,לחם קל כהה 500 גרם,מאפיית דוידוביץ,IL,לחם קל כהה,גרמים,500.00,100 גרם,false,0,10.80,2.16,true,1,
7290006322166,false,לחמניות רגילות 75*6 גרם,מאפיית דוידוביץ,,לחמניות 6 יחידות,גרמים,450.00,100 גרם,false,0,9.80,2.18,true,1,
7290006322197,false,לחמנ.הבית כפולות 125*4 ג,מאפיית דוידוביץ,,4 לחמניות הבית,גרמים,500.00,100 גרם,false,0,12.90,2.58,true,1,
7290006322470,false,לחם 9 דגנים קל 500 גרם,מאפיית דוידוביץ,IL,לחם 9 דגנים קל,גרמים,500.00,100 גרם,false,0,14.00,2.80,true,1,
7290006322487,false,לחם קוביות קמח מלא 750גר,מאפיית דוידוביץ,,לחם קמח מלא,גרמים,750.00,100 גרם,false,0,14.90,1.99,true,1,
7290006322630,false,לחם שפע קל 500 גרם,מאפיית דוידוביץ,IL,לחם שפע קל,גרמים,500.00,100 גרם,false,0,10.70,2.14,true,1,
7290006322838,false,לחם קמח מלא 100% 750 גרם,מאפיית דוידוביץ,IL,לחם קמח מלא,גרמים,750.00,100 גרם,false,0,12.20,1.63,true,1,
7290006374660,false,שמן זית 2 קלאסי1ליטר',יד מרדכי,IL,שמן זית 2 קלאסי,ליטרים,1.00,ליטר,false,0,49.90,49.90,true,1,
7290006385178,false,לחם שאור+אגוז+צימ.ח.א525,גידרון,IL,לחם שאור+אגוזים,גרמים,525.00,100 גרם,false,0,16.90,3.22,true,1,
7290006391025,false,ביגלה ירושלמי,גידרון,IL,ביגלה ירושלמי,יחידה,1.00,יחידה,false,0,5.00,5.00,true,1,
7290006396836,false,בייגל טוסט לבן יח',גידרון,IL,בייגל טוסט לבן,יחידה,1.00,יחידה,false,0,3.90,3.90,true,1,
7290006492616,false,פרוסות גב. בולגר5%. 250ג,מחלבות גד,IL,גבינה בולגרית,גרמים,250.00,100 גרם,false,0,25.60,10.24,true,1,
7290006567048,false,פתיתי קוסקוס 350 גרם,קוסקוס מזון,IL,פתיתי קוסקוס,גרמים,350.00,100 גרם,false,0,8.50,2.43,true,1,
7290006618078,false,אסטוניש מרסס לניקוי 750מ,אסטוניש -לידס,GB,אסטוניש מרסס,מיליליטרים,750.00,"100 מ""ל",false,0,11.90,1.59,true,1,
7290006618146,false,הפי מדליק פחם נוזלי 500מ,פרייק,CH,הפי מדליק פחם,מיליליטרים,500.00,"100 מ""ל",false,0,17.70,3.54,true,1,
7290006653765,false,פטוציני פרפקטו 500 גרם,זארה,IT,פטוציני פרפקטו,גרמים,500.00,100 גרם,false,0,6.90,1.38,true,1,
7290006664051,false,"אקטימל לבן 100*14 מ""ל",שטראוס,IL,אקטימל מארז14יח',ליטרים,1.40,ליטר,false,0,29.90,21.36,true,1,
7290006664310,false,גבינת סקי3% 250 גרם,שטראוס,IL,גבינת סקי 3%,גרמים,250.00,100 גרם,false,0,4.60,1.84,true,1,
7290006664402,false,גבינת סקי5% 750 גרם,שטראוס,IL,גבינת סקי5%,גרמים,750.00,100 גרם,false,0,13.80,1.84,true,1,
7290006664655,false,"אקטימל לבן 100*8 מ""ל",שטראוס,IL,אקטימל לבן 8 יח,מיליליטרים,800.00,"100 מ""ל",false,0,20.90,2.61,true,1,
7290006664969,false,יוגורט מת.מעודן2% 150*8ג,שטראוס,IL,יוגורט מעודן 2%,קילוגרמים,1.20,"ק""ג",false,0,18.30,15.25,true,1,
7290006681904,false,מאגדת מצופים 8+2יח,שטראוס,IL,מאגדת מצופים,גרמים,600.00,100 גרם,false,0,33.70,5.62,true,1,
7290006712981,false,"קולגייט סמיילס +6 50 מ""ל",קולגייט-פלמוליב,IL,משחת שיניים,מיליליטרים,50.00,"100 מ""ל",false,0,9.90,19.80,true,1,
7290006739247,false,פסטרמה איטלקית במשקל,זוגלובק,IL,פסטרמה איטלקית,קילוגרמים,0.00,"ק""ג",true,0,85.00,85.00,true,1,
7290006739414,false,סלמי קוניאק 300 גרם,זוגלובק,IL,סלמי קוניאק,גרמים,300.00,100 גרם,false,0,28.70,9.57,true,1,
7290006741363,false,"בורקס תפו""א בד""צ 800 גרם",זוגלובק,IL,"בורקס תפו""א",גרמים,800.00,100 גרם,false,0,15.50,1.94,true,1,
7290006741387,false,"מלוואח תימני בד""צ 700 גר",זוגלובק,IL,מלוואח תימני,גרמים,700.00,100 גרם,false,0,14.50,2.07,true,1,
7290006742209,false,שניצל תירס 750גרם%33+,זוגלובק,IL,שניצל תירס,גרמים,1000.00,100 גרם,false,0,29.90,2.99,true,1,
7290006748072,false,1 ע צ י ץ,פרחי ליידי דיאן,IL,1 ע צ י ץ,יחידה,1.00,יחידה,false,0,35.00,35.00,true,1,
7290006748119,false,זר פרחים גרברה יחידה,שונות,IL,זר גרברה,יחידה,1.00,יחידה,false,0,59.00,59.00,true,1,
7290006748157,false,זר מיוחד,פרחי ליידי דיאן,IL,זר מיוחד,יחידה,1.00,יחידה,false,0,30.00,30.00,true,1,
7290006755469,false,שניצל תירס לייט 630 גרם,טבעול,IL,שניצל תירס לייט,גרמים,630.00,100 גרם,false,0,26.90,4.27,true,1,
7290006764065,false,בירה נשר מאלט בק.חוזר500,טמפו,IL,בירה נשר מאלט,מיליליטרים,500.00,"100 מ""ל",false,0,4.50,0.90,true,1,
7290006764072,false,"גולדסטאר בק.חוזר 500 מ""ל",טמפו,IL,בירה גולדסטאר,מיליליטרים,500.00,"100 מ""ל",false,0,7.30,1.46,true,1,
7290006784346,false,קצף לניקוי שטיחים 630 מל,קומפלקס כימיקלים,IL,קצף ניקוי שטיחים,מיליליטרים,630.00,"100 מ""ל",false,1,16.90,2.68,true,1,
7290006784544,false,תרסיס קוטל תיקנים 630מל,קומפלקס כימיקלים,IL,תרסיס 360-C,מיליליטרים,630.00,"100 מ""ל",false,0,15.90,2.52,true,1,
7290006788009,false,"שמפו ""10"" לשיער רגיל700מ",קרליין,IL,שמפו 10 לשיער,מיליליטרים,700.00,"100 מ""ל",false,0,9.90,1.41,true,1,
7290006788016,false,"שמפו ""10"" לשיער יבש 700מ",קרליין,IL,שמפו 10 לשיער,מיליליטרים,700.00,"100 מ""ל",false,0,9.90,1.41,true,1,
7290006788023,false,"שמפו ""10"" לשיער צבוע700מ",קרליין,IL,שמפו 10 לשיער,מיליליטרים,700.00,"100 מ""ל",false,0,9.90,1.41,true,1,
7290006788030,false,"שמפו ""10"" לשיער מתותל700",קרליין,IL,שמפו 10 לשיער,מיליליטרים,700.00,"100 מ""ל",false,0,9.90,1.41,true,1,
7290006788054,false,"שמפו""10""לסרוק קל קלאס700",קרליין,IL,שמפו 10 לשיער,מיליליטרים,700.00,"100 מ""ל",false,0,9.90,1.41,true,1,
7290006788061,false,"מרכך ""10"" לשיער רגיל700מ",קרליין,IL,מרכך קרליין,מיליליטרים,700.00,"100 מ""ל",false,0,9.90,1.41,true,1,
7290006788085,false,"מרכך ""10"" לשיער צבוע700מ",קרליין,IL,מרכך 10 לשיער,מיליליטרים,700.00,"100 מ""ל",false,0,9.90,1.41,true,1,
7290006788092,false,"מרכך ""10"" לשיער מתותל700",קרליין,IL,מרכך קרליין,מיליליטרים,700.00,"100 מ""ל",false,0,9.90,1.41,true,1,
7290006788368,false,דאו.קרליין סטיקSUNRICE50,קרליין,IL,דאודורנט קרליין,מיליליטרים,50.00,"100 מ""ל",false,0,13.90,27.80,true,1,
7290006788375,false,דאו.קרליין סטיק PURE 50,קרליין,,דאודורנט קרליין,מיליליטרים,50.00,"100 מ""ל",false,0,13.90,27.80,true,1,
7290006788399,false,דאו.קרליין רולאון נושם75,קרליין,IL,דאודורנט קרליין,גרמים,75.00,100 גרם,false,0,11.90,15.87,true,1,
7290006788405,false,דאו.קרליין רולאון בורדו,קרליין,IL,דאודורנט קרליין,מיליליטרים,75.00,"100 מ""ל",false,0,11.90,15.87,true,1,
7290006788429,false,דאו.קרליין רולאון כתום75,קרליין,IL,דאודורנט קרליין,מיליליטרים,75.00,"100 מ""ל",false,0,11.90,15.87,true,1,
7290006788481,false,דאו.קרליין 200SUNRISE,קרליין,IL,דאודורנט קרליין,מיליליטרים,200.00,"100 מ""ל",false,0,11.90,5.95,true,1,
7290006788498,false,דאו.קרליין ספרי PURE 200,קרליין,IL,דאודורנט קרליין,מיליליטרים,200.00,"100 מ""ל",false,0,11.90,5.95,true,1,
7290006788559,false,דאו.טיטניום בלו ספריי180,קרליין,IL,דאודורנט טיטניום,מיליליטרים,180.00,"100 מ""ל",false,0,14.90,8.28,true,1,
7290006788689,false,"שמפו ""10"" 2ב1- 700 מ""ל",קרליין,IL,"שמפו ""10"" 2ב1-",מיליליטרים,700.00,"100 מ""ל",false,0,9.90,1.41,true,1,
7290006789631,false,"קרם ""10"" שיער רגיל400מ""ל",קרליין,IL,קרם לחות לשיער,מיליליטרים,400.00,"100 מ""ל",false,0,16.90,4.23,true,1,
7290006869449,false,"לבן 3% שומן 150 מ""ל",טרה,IL,לבן 3% שומן טרה,מיליליטרים,150.00,"100 מ""ל",false,0,1.05,0.70,true,1,
7290006936059,false,משחת כלים,,,משחת כלים,קילוגרמים,3.50,"ק""ג",false,0,28.50,8.14,true,1,
7290006983152,false,קרוטונים מתובלים למרק400,עינת,IL,קרוטונים מתובלים,גרמים,400.00,100 גרם,false,0,19.60,4.90,true,1,
7290006984647,false,חטיפי פריכונים מלוח 80גר,"פרח תעשיות מזון בע""מ",IL,חטיפי פריכונים,גרמים,80.00,100 גרם,false,0,7.90,9.88,true,1,
7290006992208,false,דייסת מטרנה 8 דגנים 200ג,נסטלה,IL,דייסת מטרנה,גרמים,200.00,100 גרם,false,0,13.90,6.95,true,1,
7290008018654,false,"שמפו פינוק לילדים 700מ""ל",יוניליוור,IL,שמפו פינוק,מיליליטרים,700.00,"100 מ""ל",false,0,9.90,1.41,true,1,
7290008021111,false,מרכ.פינוק יבש מאוד 700מל,יוניליוור,IL,מרכך שיער פינוק,מיליליטרים,700.00,"100 מ""ל",false,0,9.90,1.41,true,1,
7290008094061,false,משחת שיניים פרודונטקס50ג,"מאסטרפוד אוסטריה בע""מ",GB,משחת פרודונטקס,מיליליטרים,50.00,"100 מ""ל",false,0,21.90,43.80,true,1,
7290008142540,false,"מי פה ליסטרין 750 מ""ל",ג'ונסון,US,מי פה ליסטרין,מיליליטרים,750.00,"100 מ""ל",false,0,40.00,5.33,true,1,
7290008142694,false,"מי פה ליסטרין 750 מ""ל",ג'ונסון,US,מי פה ליסטרין,מיליליטרים,750.00,"100 מ""ל",false,0,40.00,5.33,true,1,
7290008154222,false,שניצלונים 700 גרם,עוף טוב,IL,שניצלונים 700ג,גרמים,700.00,100 גרם,false,0,19.80,2.83,true,1,
7290008175814,false,פטריות חתוכות,,IL,פטריות חתוכות,גרמים,400.00,100 גרם,false,0,4.00,1.00,true,1,
7290008175906,false,גבינת עיזים100%,,,גבינת עיזים100%,קילוגרמים,0.00,"ק""ג",true,0,125.00,125.00,true,1,
7290008213493,false,משחה קולגייט להלבנה 100מ,קולגייט-פלמוליב,PL,משחה קולגייט להלבנה 100מ,מיליליטרים,100.00,"100 מ""ל",false,0,12.90,12.90,true,1,
7290008263443,false,משקה סויה,,IL,משקה סויה,ליטרים,1.00,ליטר,false,0,10.00,10.00,true,1,
7290008263610,false,קורנפלקס אורגני 375 גרם,הרדוף,IL,קורנפלקס אורגני,גרמים,375.00,100 גרם,false,0,18.50,4.93,true,1,
7290008263634,false,ברנפלקס אורגני 375 גרם,הרדוף,IL,ברנפלקס אורגני,גרמים,375.00,100 גרם,false,0,18.50,4.93,true,1,
7290008263719,false,טחינה אורגנית 400 גרם,הרדוף,HU,טחינה אורגנית,גרמים,400.00,100 גרם,false,0,17.90,4.48,true,1,
7290008330398,false,בדין 40 דפי מרכך כחול,קלינטסט,US,בדין דפי מרכך,יחידה,1.00,יחידה,false,0,14.90,14.90,true,1,
7290008333115,false,אבקת ג'לטין טהור 28 גרם,מאיר עזרא ובניו,IL,אבקת ג'לטין,גרמים,28.00,100 גרם,false,0,9.50,33.93,true,1,
7290008343466,false,בצק פילו 500 גרם,"שגמור בע""מ",IL,בצק פילו 500 גרם,גרמים,500.00,100 גרם,false,0,20.70,4.14,true,1,
7290008343503,false,ג'חנון אפוי 650 גרם,אופרה,IL,ג'חנון אפוי,גרמים,650.00,100 גרם,false,0,22.90,3.52,true,1,
7290008343565,false,סיגרים תפו'א 1 ק'ג שלוש,שלושת האופים,IL,"סיגרים תפו""א",קילוגרמים,1.00,"ק""ג",false,0,24.90,24.90,true,1,
7290008343572,false,אגרול סיני 1 ק'ג שלושת,שלושת האופים,IL,אגרול סיני,גרמים,1000.00,100 גרם,false,0,24.90,2.49,true,1,
7290008343626,false,פלאפל 1קג,שלושת האופים,IL,פלאפל 1 ק'ג,גרמים,1000.00,100 גרם,false,0,24.90,2.49,true,1,
7290008380409,false,קפסולות אספרסו כסף 50גרם,ורנינו,IT,קפסולות אספרסו,גרמים,50.00,100 גרם,false,0,16.90,33.80,true,1,
7290008409049,false,מיני דק שניצל שומשום,תנובה,IL,שניצל מיני דק,גרמים,500.00,100 גרם,false,0,27.70,5.54,true,1,
7290008409124,false,שניצל ג'ונגל 700 גרם,תנובה,IL,שניצל ג'ונגל,גרמים,700.00,100 גרם,false,0,36.90,5.27,true,1,
7290008409216,false,שניצל דק דק פריך 700 גרם,תנובה,IL,שניצל דק דק פריך,גרמים,700.00,100 גרם,false,0,42.50,6.07,true,1,
7290008409223,false,שניצל דק מתובל 700 גרם,תנובה,IL,שניצל דק מתובל,גרמים,700.00,100 גרם,false,0,42.50,6.07,true,1,
7290008409315,false,מיני דק שניצלונים 500גרם,תנובה,IL,מיני דק שניצלוני,גרמים,500.00,100 גרם,false,0,27.90,5.58,true,1,
7290008409407,false,שניצל דק בציפוי צ'יפס 00,תנובה,IL,שניצל דק צ'יפס,גרמים,700.00,100 גרם,false,0,42.50,6.07,true,1,
7290008409551,false,שניצל עוף אמיתי מעודן700,תנובה,IL,שניצל עוף אמיתי,גרמים,700.00,100 גרם,false,0,41.70,5.96,true,1,
7290008409568,false,שניצל ציפס אמיתי 700 גרם,תנובה,IL,שניצל ציפס אמיתי,גרמים,700.00,100 גרם,false,0,41.70,5.96,true,1,
7290008409575,false,פילה עוף שומשום 700 גרם,תנובה,IL,פילה עוף שומשום,גרמים,700.00,100 גרם,false,0,41.70,5.96,true,1,
7290008409582,false,שניצל אמיתי ביתי 700 גרם,תנובה,IL,שניצל אמיתי ביתי,גרמים,700.00,100 גרם,false,0,41.70,5.96,true,1,
7290008409667,false,טבעות עוף בציפוי 700 גרם,תנובה,IL,טבעות עוף 700גרם,גרמים,700.00,100 גרם,false,0,36.90,5.27,true,1,
7290008443630,false,שמפו נקה7 שיער מתולתל750,אמיליה קוסמטיקס,IL,שמפו נקה 7,מיליליטרים,750.00,"100 מ""ל",false,0,10.00,1.33,true,1,
7290008461221,false,סרדין רוברט,,PT,סרדין רוברט,גרמים,120.00,100 גרם,false,0,5.90,4.92,true,1,
7290008461283,false,גבינת טריפל צ'דר 200 גרם,שבינגטון,GB,גבינת טריפל צ'דר,גרמים,200.00,100 גרם,false,1,20.90,10.45,true,1,
7290008462204,false,םרג 380 ןו'זיד לדרח,וטנ,FR,חרדל דיז'ון,גרמים,380.00,100 גרם,false,0,14.90,3.92,true,1,
7290008464130,false,בירה גולדסטאר6יח,,IL,בירה גולדסטאר6יח,ליטרים,1.98,ליטר,false,0,45.90,23.18,true,1,
7290008464697,false,בירה מכבי 6 יח,,IL,בירה מכבי 6 יח,ליטרים,1.98,ליטר,false,0,29.90,15.10,true,1,
7290008464703,false,"בירה מכבי 6 בק330* מ""ל",טמפו,IL,בירה מכבי 6 בקב.,ליטרים,1.98,ליטר,false,0,24.90,12.58,true,1,
7290008464734,false,גולדסטארBREW SLOW 330*6,טמפו,IL,בירה גולדסטאר6יח,מיליליטרים,1980.00,"100 מ""ל",false,1,44.90,2.27,true,1,
7290008493390,false,גריסיני טבעי 200 גרם,מאיר את ביגל,IL,גריסיני טבעי,גרמים,200.00,100 גרם,false,0,9.40,4.70,true,1,
7290008493413,false,פירורי גריסיני 200 גרם,מאיר את ביגל,IL,פירורי גריסיני,גרמים,200.00,100 גרם,false,0,6.20,3.10,true,1,
7290008493482,false,בייגלה גדול שומשום 300גר,מאיר את ביגל,IL,בייגלה שומשום,גרמים,300.00,100 גרם,false,0,8.50,2.83,true,1,
7290008493574,false,בייגלה שטוחלה פינוקים300,מאיר את ביגל,IL,שטוחלה פינוקים,גרמים,300.00,100 גרם,false,0,6.90,2.30,true,1,
7290008645935,false,חומוס אחלה 750 גרם,שטראוס,IL,חומוס אחלה,גרמים,750.00,100 גרם,false,0,10.00,1.33,true,1,
7290008670012,false,קברנה סוביניון,,IL,קברנה סוביניון,מיליליטרים,750.00,"100 מ""ל",false,0,49.90,6.65,true,1,
7290008670029,false,יין רקנאטי מרלו,,IL,יין רקנאטי מרלו,מיליליטרים,750.00,"100 מ""ל",false,0,49.90,6.65,true,1,
7290008711845,false,קרם גוף פנינה ורוד400מ,"ביסקול בע""מ",IL,קרם גוף קליאו,מיליליטרים,400.00,"100 מ""ל",false,0,13.40,3.35,true,1,
7290008713016,false,לחם שבעה דגנים קל 500גרם,מאפיית שלמה א. אנג'ל,IL,לחם שבעה דגנים קל 500גרם,גרמים,500.00,100 גרם,false,0,15.50,3.10,true,1,
7290008713900,false,לחם שיפון עגול 750 גרם,מאפיית שלמה א. אנג'ל,IL,לחם שיפון עגול 750 גרם,גרמים,750.00,100 גרם,false,0,11.50,1.53,true,1,
7290008713917,false,לחם שיפון כהה 750 גרם,מאפיית שלמה א. אנג'ל,IL,לחם שיפון כהה,גרמים,750.00,100 גרם,false,0,11.50,1.53,true,1,
7290008713924,false,לחם שיפון+גרעינ.דלעת750ג,מאפיית שלמה א. אנג'ל,IL,לחם שיפון,גרמים,750.00,100 גרם,false,0,11.50,1.53,true,1,
7290008746038,false,בונ.לב בינוני חלב 162גרם,שטראוס,IL,בונבוניירה לב,גרמים,162.00,100 גרם,false,0,28.60,17.65,true,1,
7290008747424,false,שוקולד במילוי תות 100גרם,שטראוס,IL,שוקולד במלוי תות,גרמים,100.00,100 גרם,false,0,5.50,5.50,true,1,
7290008747431,false,שוקולד פרה במילוי תות50ג,שטראוס,IL,שוקולד פרה תות,גרמים,50.00,100 גרם,false,0,3.90,7.80,true,1,
7290008753876,false,בפלות עוגת גבינה+פירו350,שטראוס,IL,בפלות פירורים,גרמים,350.00,100 גרם,false,0,15.40,4.40,true,1,
7290008753883,false,בפלות טרפלס שוק+פרורי350,שטראוס,IL,בפלות טרפלס,גרמים,350.00,100 גרם,false,0,15.40,4.40,true,1,
7290008754415,false,מאסט LL עדין ספירמינט28ג,שטראוס,IL,מסטיק מאסט LL,גרמים,28.00,100 גרם,false,0,4.30,15.36,true,1,
7290008754422,false,LL MUST קלאסי פפרמינט28ג,שטראוס,IL,מסטיק LL MUST,גרמים,28.00,100 גרם,false,0,4.30,15.36,true,1,
7290008754613,false,רולדת שוקולד מצופה 350גר,שטראוס,IL,רולדת שוקולד,גרמים,350.00,100 גרם,false,0,14.90,4.26,true,1,
7290008757546,false,Q RC לימון 1.5 ליטר,יפאורה שותפות מובגלת לשיווק,IL,Q RC לימון,ליטרים,1.50,ליטר,false,0,4.40,2.93,true,1,
7290008775823,false,ערגליות תות 300 גרם,אסם,IL,ערגליות תות,גרמים,300.00,100 גרם,false,0,10.80,3.60,true,1,
7290008802291,false,"מרלו P.C 750 מ""ל",יקבי כרמל,,מרלו P.C,מיליליטרים,750.00,"100 מ""ל",false,0,34.90,4.65,true,1,
7290008802895,false,קברנה סוביניוןP.C. 750מל,יקבי כרמל,IL,קברנה סוביניון,מיליליטרים,750.00,"100 מ""ל",false,0,34.90,4.65,true,1,
7290008804455,false,רוזה הסדרה האזורית 750מל,יקבי כרמל,IL,רוזה,מיליליטרים,750.00,"100 מ""ל",false,0,49.90,6.65,true,1,
7290008804745,false,גוורצטרמינר ס.אזורית750מ,יקבי כרמל,IL,גוורצטרמינר אזור,מיליליטרים,750.00,"100 מ""ל",false,1,49.90,6.65,true,1,
7290008849586,false,רוטב ריבת בצל 310גרם,אוליביה,IL,רוטב ריבת בצל,גרמים,310.00,100 גרם,false,0,13.00,4.19,true,1,
7290008849753,false,"רוטב טריאקי עשיר 290 מ""ל",אוליביה,IL,ר.טריאקי עשיר,מיליליטרים,290.00,"100 מ""ל",false,0,13.90,4.79,true,1,
7290008909723,false,"טובורג 1+5 בק330*6מ""ל",מבשלות בירה בינלאומיות,IL,טובורג 1+5 בקבוק,ליטרים,1.98,ליטר,false,1,34.90,17.63,true,1,
7290008945202,false,50 גלילונית למשרד90*75סמ,קילט ניהול פרוייקטים,IL,גלילונית למשרד,יחידה,1.00,יחידה,false,0,12.90,12.90,true,1,
7290008981279,false,זעטר עם שומשום נחלה100גר,קפה אל נח'לה,IL,זעטר עם שומשום,גרמים,100.00,100 גרם,false,0,11.90,11.90,true,1,
7290009011043,true,פילה אמנון טרי שופרסל קג,דגת הארץ,IL,פילה אמנון טרי,קילוגרמים,0.00,"ק""ג",true,1,86.90,86.90,true,1,
7290009011050,true,פילה בורי טרי שופרסל לקג,דגת הארץ,IL,פילה בורי טרי,קילוגרמים,0.00,"ק""ג",true,1,97.90,97.90,true,1,
7290009011067,true,פילה באס טרי שופרסל לקג,דגת הארץ,IL,פילה באס טרי,קילוגרמים,0.00,"ק""ג",true,1,119.90,119.90,true,1,
7290009011128,true,פילה סלמון טרי שופרסל לק,דגת הארץ,IL,פילה סלמון טרי,קילוגרמים,0.00,"ק""ג",true,1,119.90,119.90,true,1,
7290009398021,true,לחמניית ביס באגט,גידרון,IL,לחמניית ביס באגט,יחידה,1.00,יחידה,false,0,1.50,1.50,true,1,
7290009398618,true,סופגניה עם ריבה יח,גידרון,IL,סופגניה עם ריבה,גרמים,80.00,100 גרם,false,0,3.50,4.38,true,1,
7290009398786,true,מארז פיתות אסלית 5יח100*,מאפיית אנג'ל,IL,חמישיית פיתות,גרמים,500.00,100 גרם,false,0,6.90,1.38,true,1,
7290009399165,true,לחמניה קלה,גידרון,IL,לחמניה קלה,יחידה,1.00,יחידה,false,0,2.90,2.90,true,1,
7290009399431,true,עוגיות שיבולת שועל במשקל,גידרון,IL,עוגיות ש.שועל,קילוגרמים,0.00,"ק""ג",true,0,30.00,30.00,true,1,
7290009399523,true,מעמול תמרים במשקל,גידרון,,מעמול תמרים,קילוגרמים,0.00,"ק""ג",true,0,35.00,35.00,true,1,
7290009401790,true,מארז פיתה קמח מלא 5יח,מאפיית אנג'ל,IL,פיתה קמח מלא 5יח,גרמים,500.00,100 גרם,false,0,7.90,1.58,true,1,
7290009951134,true,מיני שוסון,,IL,מיני שוסון,קילוגרמים,0.00,"ק""ג",true,0,49.00,49.00,true,1,
7290009951899,true,מאפה מלוח משקל,גידרון,IL,מאפה מלוח,קילוגרמים,0.00,"ק""ג",true,0,35.00,35.00,true,1,
7290009955309,true,גב.פרמז'ן27% שופרסל משקל,ז'נטי אס.פי.אי,IT,גבינת פרמז'ן,קילוגרמים,0.00,"ק""ג",true,1,99.00,99.00,true,1,
7290009955743,true,גבינת צהובה28%פולין משקל,MLEKOVITA,PL,גבינת צהובה 28%,קילוגרמים,0.00,"ק""ג",true,1,29.90,29.90,true,1,
7290009956146,true,פסטו ירוק הולנד32% במשקל,ROUVEEN,NL,גבינת פסטו,קילוגרמים,0.00,"ק""ג",true,1,89.00,89.00,true,1,
7290009956184,true,גאודה עגבנ+זיתים32% משקל,ROUVEEN,NL,גבינת גאודה,קילוגרמים,0.00,"ק""ג",true,1,89.00,89.00,true,1,
7290009956245,true,גבינת איבריקו 31% משקל,היגו'ס דה סלבבדור,ES,גבינת איבריקו,קילוגרמים,0.00,"ק""ג",true,1,99.00,99.00,true,1,
7290009956252,true,גבינה צהובה 9% במשקל,MLEKOVITA,PL,גבינה צהובה9%,קילוגרמים,0.00,"ק""ג",true,1,50.00,50.00,true,1,
7290009956351,true,גבינה גרע.דלעת וגזר משקל,VANDERSTERRE,NL,גבינה עם תוספות,קילוגרמים,0.00,"ק""ג",true,1,139.00,139.00,true,1,
7290009956368,true,גאודה מיושנת במשקל,ואנדרסטרה,NL,גאודה מיושנת,קילוגרמים,0.00,"ק""ג",true,1,89.00,89.00,true,1,
7290009956375,true,הרינג הולנדי מלוח משקל,סלטי שמיר,IL,הרינג הולנדי,קילוגרמים,0.00,"ק""ג",true,1,179.00,179.00,true,1,
7290010002023,false,כורכום הודי טחון 100 גרם,א.ל ייצור ושיווק תבלינים,IL,כורכום טחון,גרמים,100.00,100 גרם,false,0,9.70,9.70,true,1,
7290010002078,false,פלפל שחור טחון 100 גרם,א.ל ייצור ושיווק תבלינים,IL,פלפל שחור טחון,גרמים,100.00,100 גרם,false,0,15.10,15.10,true,1,
7290010002092,false,פלפל שחור גרוס דק 90 גרם,א.ל ייצור ושיווק תבלינים,IL,פלפל שחור גרוס,גרמים,90.00,100 גרם,false,0,15.10,16.78,true,1,
7290010002108,false,פלפל שחור גרוס גס 90 גרם,א.ל ייצור ושיווק תבלינים,IL,פלפל שחור גרוס,גרמים,90.00,100 גרם,false,0,15.10,16.78,true,1,
7290010002122,false,פפריקה הונגרית מתוקה100ג,א.ל ייצור ושיווק תבלינים,IL,פפריקה הונגרית,גרמים,100.00,100 גרם,false,0,10.90,10.90,true,1,
7290010002207,false,קינמון טחון 100 גרם,א.ל ייצור ושיווק תבלינים,IL,קינמון טחון,גרמים,100.00,100 גרם,false,0,8.90,8.90,true,1,
7290010002313,false,תבלין ראס אל חנות 100גרם,א.ל ייצור ושיווק תבלינים,IL,תבלין לקציצות,גרמים,100.00,100 גרם,false,0,10.90,10.90,true,1,
7290010002351,false,זעטר ושומשום בלדי 100גרם,א.ל ייצור ושיווק תבלינים,IL,זעטר ושומשום,גרמים,100.00,100 גרם,false,0,8.30,8.30,true,1,
7290010002481,false,שום טחון 100 גרם,א.ל ייצור ושיווק תבלינים,IL,שום טחון,גרמים,100.00,100 גרם,false,0,9.70,9.70,true,1,
7290010002498,false,שום גבישי 120 גרם,א.ל ייצור ושיווק תבלינים,IL,שום גבישי,גרמים,120.00,100 גרם,false,0,9.70,8.08,true,1,
7290010023141,false,חל.לימונענע גן קסום25שק',ויסוצקי,IL,חליטת לימונענע,גרמים,55.00,100 גרם,false,0,16.90,30.73,true,1,
7290010023622,false,תה קלאסי.נגיעות נענע100ש,ויסוצקי,IL,תה קלאסיק+נענע,גרמים,100.00,100 גרם,false,0,17.70,17.70,true,1,
7290010023943,false,תה רויבוש קינמון+וניל25ש,ויסוצקי,IL,תה רויבוש,גרמים,50.00,100 גרם,false,0,24.50,49.00,true,1,
7290010049004,false,תרכיז ענבים מרמולייט 1ל',אשבל,IL,תרכיז ענבים,ליטרים,1.00,ליטר,false,0,10.80,10.80,true,1,
7290010065271,false,פרינוק מחית,,CZ,פרינוק מחית,גרמים,130.00,100 גרם,false,0,4.80,3.69,true,1,
7290010065295,false,פרינוק מחית,,IL,פרינוק מחית,גרמים,130.00,100 גרם,false,0,4.80,3.69,true,1,
7290010065318,false,"פרינוק ג'וניור תפו""ע190ג",רנדי,CZ,פרינוק מחית,גרמים,130.00,100 גרם,false,0,5.50,4.23,true,1,
7290010066513,false,טונה בשמן צמחי 158*4 גרם,תעשיות פילטונה,IL,טונה בשמן 4 יח,גרמים,632.00,100 גרם,false,0,22.90,3.62,true,1,
7290010066940,false,נתחי טונה במי מלח960ג,תעשיות פילטונה,IL,נתחי טונה,גרמים,960.00,100 גרם,false,0,34.60,3.60,true,1,
7290010116898,false,שוקולד אוורירי מריר85גרם,שטראוס,IL,שוקולד אוורירי,גרמים,85.00,100 גרם,false,0,5.50,6.47,true,1,
7290010117864,false,דוריטוס בטעם חריף אש70גר,עלית,IL,דוריטוס חריף,גרמים,70.00,100 גרם,false,0,3.60,5.14,true,1,
7290010129126,false,דובשניות 600 גרם,דולצ'ה ויטה,,דובשניות,גרמים,600.00,100 גרם,false,0,14.40,2.40,true,1,
7290010129348,false,עוגיות שוקולד 600 גרם,דולצ'ה ויטה,IL,עוגיות שוקולד,גרמים,600.00,100 גרם,false,0,17.90,2.98,true,1,
7290010154012,false,לימון בלאדי 250 גרם,נטו,IL,לימון בלאדי,גרמים,250.00,100 גרם,false,0,14.60,5.84,true,1,
7290010154036,false,עמבה 250 גרם,נטו,IL,עמבה,גרמים,250.00,100 גרם,false,0,14.60,5.84,true,1,
7290010173044,false,"מרלו הרי גליל 750 מ""ל",יקב הרי גליל,IL,מרלו הרי גליל,מיליליטרים,750.00,"100 מ""ל",false,0,29.90,3.99,true,1,
7290010173068,false,גליל קברנה סוביניון750מל,יקב הרי גליל,IL,קברנה הרי גליל,מיליליטרים,750.00,"100 מ""ל",false,0,29.90,3.99,true,1,
7290010195756,false,זוג רייד נוזלי 90 לילות,ג'ונסון,CN,זוג רייד נוזלי,יחידה,1.00,יחידה,false,0,29.90,29.90,true,1,
7290010196678,false,קוקי שקיות אפיה ענק 10יח,ש.שסטוביץ,IL,קוקי שקיות,יחידה,1.00,יחידה,false,0,21.60,21.60,true,1,
7290010199891,false,אל סבון סטייל,,IL,אל סבון סטייל,מיליליטרים,500.00,"100 מ""ל",false,0,7.80,1.56,true,1,
7290010199907,false,אל סבון סטייל,,IL,אל סבון סטייל,מיליליטרים,500.00,"100 מ""ל",false,0,7.80,1.56,true,1,
7290010259366,false,נודלס ביצים,,IL,נודלס ביצים,גרמים,200.00,100 גרם,false,0,3.90,1.95,true,1,
7290010314140,false,חזה בגריל מן הצומח 630גר,טבעול,IL,חזה בגריל,גרמים,630.00,100 גרם,false,0,37.60,5.97,true,1,
7290010328505,false,"מיני חלוה ללת""ס15יח10*גר","אחדות בע""מ א.ת. ברקן",IL,מיני חלווה,גרמים,150.00,100 גרם,false,0,10.90,7.27,true,1,
7290010429301,false,מעדן תות 100%פרי 250 גרם,יד מרדכי,IL,מעדן תות,גרמים,250.00,100 גרם,false,0,13.70,5.48,true,1,
7290010429554,false,"שמן זית 2 קלאסי 750מ""ל",יד מרדכי,IL,שמן זית 2 קלאסי,מיליליטרים,750.00,"100 מ""ל",false,0,35.90,4.79,true,1,
7290010627004,false,טחינה ירושלים 500 גרם,"טחינה ירושלים בע""מ",IL,טחינה ירושלים,גרמים,500.00,100 גרם,false,0,13.90,2.78,true,1,
7290010627844,false,טחינה מלאה ירושלים 500 ג,"טחינה ירושליים בע""מ",IL,טחינה מלאה,גרמים,500.00,100 גרם,false,1,13.90,2.78,true,1,
7290010632077,false,2 מוצצי פרימה בינוני,LTD E.L.CO,CN,זוז מוצצים,יחידה,1.00,יחידה,false,0,10.00,10.00,true,1,
7290010650415,false,עגבניה לחה -יחידה,חוות פטריות תקוע,IL,עגבניה לחה,יחידה,1.00,יחידה,false,0,15.00,15.00,true,1,
7290010748860,false,ק.ידיים אפקטיב קר יבש150,פישר מעבדות פרמצבטיות,IL,קרם ידיים,מיליליטרים,150.00,"100 מ""ל",false,0,9.90,6.60,true,1,
7290010748884,false,ק.גוף אפקטיב קר יבש 700מ,פישר מעבדות פרמצבטיות,IL,קרם גוף,מיליליטרים,700.00,"100 מ""ל",false,0,19.90,2.84,true,1,
7290010827718,false,"שמפו לשיער דיסני 400 מ""ל",דינמיק,IL,שמפו לשיער דיסני,מיליליטרים,400.00,"100 מ""ל",false,1,4.00,1.00,true,1,
7290010849505,false,"למברוסקו רוסו 750 מ""ל",קאויקיולי,IT,למברוסקו רוסו,מיליליטרים,750.00,"100 מ""ל",false,0,19.90,2.65,true,1,
7290010945146,false,קוטג' 3%רכיבים טביעי250ג,טרה,IL,קוטג' 3% 250גר,גרמים,250.00,100 גרם,false,0,5.20,2.08,true,1,
7290010945306,false,חלב 3% בקרטון 2 ליטר,טרה,IL,חלב 3% בקרטון,ליטרים,2.00,ליטר,false,0,10.90,5.45,true,1,
7290010945450,false,גבינה לבנה 3% 250 גרם,טרה,IL,גבינה לבנה3%,גרמים,250.00,100 גרם,false,0,4.60,1.84,true,1,
7290010945481,false,גבינה לבנה 5% 500 גרם,טרה,IL,גבינה לבנה 5%,גרמים,500.00,100 גרם,false,0,9.20,1.84,true,1,
7290010965199,false,9 א.ד.משתלות קבוצה,אלכס ודובי משתלות,IL,9 א.ד. קבוצה,יחידה,1.00,יחידה,false,0,9.90,9.90,true,1,
7290010970537,false,תרסיס שמן קנולה 200 גרם,ג.מ.טעם הארץ,IL,תרסיס שמן קנולה,גרמים,200.00,100 גרם,false,0,17.70,8.85,true,1,
7290011018368,false,"בירה ויינשטפן 330*6 מ""ל",ויינשטפן,DE,בירה ויינשטפן,ליטרים,1.98,ליטר,false,0,79.20,40.00,true,1,
7290011051938,false,תפוזינה תפוח רענן 1.5 ל',יפאורה שותפות מובגלת לשיווק,IL,תפוזינה תפוח,ליטרים,1.50,ליטר,false,0,5.90,3.93,true,1,
7290011097431,false,קלין מנקה הכל תרסיס 750מ,קליר כימיקלים,IL,קלין מנקה הכל,מיליליטרים,750.00,"100 מ""ל",false,0,9.40,1.25,true,1,
7290011115173,false,תחליב רחצה נקה7 וניל 1 ל,אמיליה קוסמטיקס,IL,תחליב רחצה נקה 7,ליטרים,1.00,ליטר,false,0,12.90,12.90,true,1,
7290011115258,false,סבון נקה 7 ירוק 100*4 גר,נקה,,נקה 7 סבון 4 יח,גרמים,400.00,100 גרם,false,0,12.50,3.13,true,1,
7290011126209,false,גן קסום תפוח+קינמון 25שק,ויסוצקי,IL,חליטת תפוח קנמון,גרמים,67.00,100 גרם,false,0,16.90,25.22,true,1,
7290011126223,false,חל.רימונים גן קסום 25שק',ויסוצקי,IL,חליטת רימונים,גרמים,62.00,100 גרם,false,0,16.90,27.26,true,1,
7290011126490,false,תה רויאל גריי 25 שק1.7Xג,ויסוצקי,IL,תה רויאל גריי,גרמים,42.00,100 גרם,false,0,15.40,36.67,true,1,
7290011126940,false,תה ירוק מרווה 25שק1.5X'ג,ויסוצקי,IL,תה ירוק מרווה,גרמים,37.00,100 גרם,false,0,25.90,70.00,true,1,
7290011126957,false,תה ירוק ארל גריי25שק1.5X,ויסוצקי,IL,תה ירוק ארל גריי,גרמים,37.00,100 גרם,false,0,25.90,70.00,true,1,
7290011131050,false,"גרנולה פקאן 1 ק""ג",וויטליה,IL,גרנולה פקאן,קילוגרמים,1.00,"ק""ג",false,0,20.00,20.00,true,1,
7290011131203,false,"מיזלי תפוח בדבש 1 ק""ג",.,IL,מיזלי תפוח בדבש,קילוגרמים,1.00,"ק""ג",false,0,27.50,27.50,true,1,
7290011131654,false,"מיזלי ביג מיקס 1 ק""ג",וויטליה,NL,מיזלי ביג מיקס,קילוגרמים,1.00,"ק""ג",false,0,27.50,27.50,true,1,
7290011131968,false,"גרנולה אגוזים 1 ק""ג",וויטליה,IL,גרנולה אגוזים,קילוגרמים,1.00,"ק""ג",false,0,20.00,20.00,true,1,
7290011133368,false,"מכבי שנדי תפוח 330*6 מ""ל",טמפו,IL,מכבי שנדי 6 יח,ליטרים,1.98,ליטר,false,0,29.90,15.10,true,1,
7290011148935,false,מלפפון בייבי יחידה,קטיף,IL,מלפפון טעם,יחידה,1.00,יחידה,false,0,9.90,9.90,true,1,
7290011194215,false,"דניאלה בננה 150 מ""ל",שטראוס,IL,דניאלה בננה,מיליליטרים,150.00,"100 מ""ל",false,0,4.30,2.87,true,1,
7290011194246,false,קוטג' 5% שומן 250 גרם,שטראוס,IL,קוטג' 5% שומן,גרמים,250.00,100 גרם,false,0,5.80,2.32,true,1,
7290011194291,false,דנונה דיאט קפוצינו 150גר,שטראוס,IL,דנונה דיאט 0%,גרמים,150.00,100 גרם,false,0,4.90,3.27,true,1,
7290011194741,false,משקה אקטיביה לבן1.5% 250,שטראוס,IL,משקה אקטיביה לבן,מיליליטרים,250.00,"100 מ""ל",false,0,5.00,2.00,true,1,
7290011223229,false,דאק ג'ל לאסלה ניחוח טל,DEOFLOR,GB,דאק ג'ל לאסלה,מיליליטרים,55.00,"100 מ""ל",false,0,8.90,16.18,true,1,
7290011223243,false,דאק ג'ללאסלה ניחוח לבנדר,DEOFLOR,GB,דאק ג'ל לאסלה,מיליליטרים,55.00,"100 מ""ל",false,0,8.90,16.18,true,1,
7290011223939,false,"עוגת מאפינס שיש ללת""ס300",עבאדי,IL,עוגת מאפינס שיש,גרמים,300.00,100 גרם,false,0,17.90,5.97,true,1,
7290011308780,false,בייגלה טבעות שומשום300גר,יוניליוור,IL,בייגלה טבעות,גרמים,300.00,100 גרם,false,0,7.90,2.63,true,1,
7290011308872,false,נישנושים ביס בצל 60 גרם,יוניליוור,IL,נישנושים ביס,גרמים,60.00,100 גרם,false,0,3.90,6.50,true,1,
7290011349288,false,שניצל דק בטעם חריף D700,טבעול,IL,שניצל דק צ'ילי,גרמים,700.00,100 גרם,false,0,38.00,5.43,true,1,
7290011378769,false,חטיפי חלבה וניל 18*7 גרם,רושדי תעשיות מזון,IL,חטיפי חלבה,גרמים,126.00,100 גרם,false,0,12.40,9.84,true,1,
7290011378776,false,חטיפי חלבה פיסטוק 18*7 ג,רושדי תעשיות מזון,IL,חטיפי חלבה 7 יח,גרמים,126.00,100 גרם,false,0,12.40,9.84,true,1,
7290011447267,false,מטרנה חלבי שלב 1 700ג,נסטלה,IL,מטרנה חלבי,גרמים,700.00,100 גרם,false,0,53.90,7.70,true,1,
7290011468002,false,טחינה גולמית הנסיך500גרם,הנסיך,IL,טחינה הנסיך,גרמים,500.00,100 גרם,false,0,8.90,1.78,true,1,
7290011468347,false,טחינה הנסיך10%תוספת 550ג,הנסיך,IL,טחינה הנסיך,גרמים,550.00,100 גרם,false,1,8.90,1.62,true,1,
7290011499112,false,גבינה בולגרית 16% 250גרם,מחלבות גד,IL,גבינה בולגרית,גרמים,250.00,100 גרם,false,0,21.70,8.68,true,1,
7290011499327,false,גב.בולגרית מעודנת5% 250ג,מחלבות גד,,בולגרית מעודנת5%,גרמים,250.00,100 גרם,false,0,21.70,8.68,true,1,
7290011499525,false,לאבנה דרוזית 9% 500 גרם,מחלבות גד,IL,לאבנה דרוזית 9%,גרמים,500.00,100 גרם,false,0,19.60,3.92,true,1,
7290011515683,false,מאגדת אקסטרים וניל 6יח,נסטלה,IL,מאגדת אקסטרים,גרמים,432.00,100 גרם,false,0,34.90,8.08,true,1,
7290011515911,false,מאגדת לייט ריבת חלב,נסטלה,IL,מאגדת לייט,גרמים,312.00,100 גרם,false,0,27.00,8.65,true,1,
7290011518561,false,"אקטימל תות 100*14 מ""ל",שטראוס,IL,אקטימל מארז14יח',ליטרים,1.40,ליטר,false,0,29.90,21.36,true,1,
7290011587581,false,פילה אנשובי צנצנת 100גרם,אינוורסינס פריסקו,PE,פילה אנשובי,גרמים,100.00,100 גרם,false,1,12.90,12.90,true,1,
7290011598211,false,סנו אנטי קאלק נ.כללי700מ,סנו,IL,סנו אנטי קאלק,מיליליטרים,700.00,"100 מ""ל",false,0,16.90,2.41,true,1,
7290011598259,false,סנו פרש אוטומטי מאסק 250,סנו,IL,סנו פרש מאסק,מיליליטרים,250.00,"100 מ""ל",false,1,12.90,5.16,true,1,
7290011607418,false,מברשת סנסודיין רכה,גלקסוסמיתקליין,,מברשת שיניים,יחידה,1.00,יחידה,false,0,17.90,17.90,true,1,
7290011615314,false,תפוחונים 6 יח,,IL,תפוחונים 6 יח,גרמים,132.00,100 גרם,false,0,18.90,14.32,true,1,
7290011618025,false,בייבי ביס טעם טבעי 50 גר,want-want,CN,בייבי ביס,גרמים,50.00,100 גרם,false,0,12.50,25.00,true,1,
7290011618483,false,רייד בליסטר 2מילוי+מכשיר,ג'ונסון,CN,רייד בליסטר2X,יחידה,1.00,יחידה,false,0,42.50,42.50,true,1,
7290011622459,false,ביסונים חטיף+חלבה14*6 גר,אשבול,IL,ביסונים חטיף,גרמים,84.00,100 גרם,false,1,11.90,14.17,true,1,
7290011668570,false,חגיגת גרנולה פ.יבשים500ג,אפקט טבעי,IL,חגיגת גרנולה,גרמים,500.00,100 גרם,false,0,28.70,5.74,true,1,
7290011668587,false,גרנולה עשירה 500 גרם,אפקט טבעי,IL,גרנולה עשירה,גרמים,500.00,100 גרם,false,0,28.70,5.74,true,1,
7290011668594,false,תוספת בריאה לסלט 550 גרם,אפקט טבעי,IL,תוספת בריאה לסלט,גרמים,550.00,100 גרם,false,0,37.50,6.82,true,1,
7290011723200,false,טחינה הר ברכה 500 גרם,הר ברכה,IL,טחינה הר ברכה,גרמים,500.00,100 גרם,false,1,16.90,3.38,true,1,
7290011744892,false,משחת אקווה פרש ג'וניור50,גלקסוסמיתקליין,,משחת שיניים א.פ,מיליליטרים,50.00,"100 מ""ל",false,0,10.00,20.00,true,1,
7290011765088,false,ג'ל גילוח קרמה COOL 200מ,קוסמופארם,IL,ג'ל גילוח קרמה,מיליליטרים,200.00,"100 מ""ל",false,0,12.90,6.45,true,1,
7290011765095,false,ג'ל גילוח קרמה דליקט200מ,קוסמופארם,IL,ג'ל גילוח קרמה,מיליליטרים,200.00,"100 מ""ל",false,0,12.90,6.45,true,1,
7290011765118,false,קצף גילוח קרמה דליקט200מ,קוסמופארם,IL,קצף גילוח קרמה,מיליליטרים,200.00,"100 מ""ל",false,0,9.70,4.85,true,1,
7290011765200,false,"ג'ל נ.יד.אלוורה 300מ""ל",סנו,IL,ג'ל ניקוי ידים,מיליליטרים,300.00,"100 מ""ל",false,0,19.90,6.63,true,1,
7290011765446,false,משחה אורביטול ענבים 70 ג,קוסמופארם,IL,משחת שיניים,גרמים,70.00,100 גרם,false,0,7.90,11.29,true,1,
7290011800826,false,חציל בטחינה רפי כהן 400ג,צבר,IL,סלט חציל בטחינה,גרמים,400.00,100 גרם,false,0,15.90,3.98,true,1,
7290011800840,false,טחינה בלאדי רפי כהן 400ג,צבר,IL,סלט טחינה בלאדי,גרמים,400.00,100 גרם,false,0,15.90,3.98,true,1,
7290011800864,false,חציל בשמן זית רפי כהן400,צבר,IL,סלט חציל צבר,גרמים,400.00,100 גרם,false,0,15.90,3.98,true,1,
7290011830106,false,דובשניות אורגני,,IL,דובשניות אורגני,גרמים,300.00,100 גרם,false,0,13.60,4.53,true,1,
7290011870720,false,סוללת פוג'י D,פוג'יקום,CN,סוללת פוגי',יחידה,1.00,יחידה,false,0,19.90,19.90,true,1,
7290011876388,false,קציצות עוף ובקר 600גרם,מאמא עוף,IL,קציצות עוף ובקר,גרמים,600.00,100 גרם,false,0,34.40,5.73,true,1,
7290011877101,false,"סנומוד ניחוח מאסק 150מ""ל",סנו,IL,סנומוד,מיליליטרים,150.00,"100 מ""ל",false,0,9.90,6.60,true,1,
7290011877156,false,"סנו פרש ענק מאסק 375 מ""ל",סנו,,סנו פרש ענק,מיליליטרים,375.00,"100 מ""ל",false,0,9.80,2.61,true,1,
7290011877446,false,בייבי כיף קרם נגד גירוד,קוסמופארם,IL,בייבי כיף קרם,מיליליטרים,100.00,"100 מ""ל",false,0,10.90,10.90,true,1,
7290011877927,false,מי פה אורביטול כחול 500מ,קוסמופארם,IL,מי פה אורביטול,מיליליטרים,500.00,"100 מ""ל",false,0,20.00,4.00,true,1,
7290011912635,false,מי פה ליסטרין TAGD 250מל,ג'ונסון,,ליסטרין,מיליליטרים,250.00,"100 מ""ל",false,0,10.90,4.36,true,1,
7290011912680,false,מי פה ליסטרין500+250TAGD,ג'ונסון,,מי פה ליסטרין,מיליליטרים,750.00,"100 מ""ל",false,0,40.00,5.33,true,1,
7290011947262,false,זית ירוק בתיבול גלילי217,זיתא,,זית ירוק בתיבול,גרמים,217.00,100 גרם,false,0,9.90,4.56,true,1,
7290011947309,false,זית סורי+לימון כבוש 230ג,זיתא,,זית סורי,גרמים,230.00,100 גרם,false,0,9.90,4.30,true,1,
7290011947521,false,שמן זית כתית מודגש750מל,זיתא,IL,שמן זית כתית,מיליליטרים,750.00,"100 מ""ל",false,1,36.90,4.92,true,1,
7290011964658,false,מלח לימון 170 גרם,תבליני טעם וריח,IL,מלח לימון,גרמים,170.00,100 גרם,false,0,10.80,6.35,true,1,
7290012001994,false,חרדל דיז'ון ריין 350 גרם,ריין דיג'ון,FR,חרדל דיז'ון ריין,גרמים,350.00,100 גרם,false,0,11.90,3.40,true,1,
7290012052897,false,חטיפי 7דגנים שוקולד20*7ג,רפאלס,IL,חטיפי דגנים,גרמים,140.00,100 גרם,false,1,12.90,9.21,true,1,
7290012052903,false,חטיפי 7 דגנים פירות20*7ג,רפאלס,IL,חטיפי דגנים,גרמים,140.00,100 גרם,false,1,12.90,9.21,true,1,
7290012086007,false,מלפפון בייבי יחידה,קטיף,IL,מלפפון בייבי,יחידה,1.00,יחידה,false,1,9.90,9.90,true,1,
7290012086113,false,עגבניה שרי אשכולות מובחר,קטיף,IL,שרי אשכולות יח,יחידה,1.00,יחידה,false,0,9.90,9.90,true,1,
7290012116360,false,פוליויקס גרניט פורצלן2ל',סנו,IL,סנו פוליויקס,ליטרים,2.00,ליטר,false,0,21.70,10.85,true,1,
7290012116964,false,קרמה תרחיץ פנים לגבר150מ,קוסמופארם,IL,קרמה תרחיץ פנים,מיליליטרים,150.00,"100 מ""ל",false,0,9.90,6.60,true,1,
7290012117039,false,"סנו""00"" לניקוי אמבטיה 1ל",סנו,IL,"סנו ""00"" לאמבטיה",ליטרים,1.00,ליטר,false,0,7.90,7.90,true,1,
7290012117091,false,אב.כביסה מקסימה,,IL,אב.כביסה מקסימה,קילוגרמים,6.00,"ק""ג",false,0,54.90,9.15,true,1,
7290012117350,false,סנו ריצפז פרש לילך 2ליטר,סנו,,סנו ריצפז,ליטרים,2.00,ליטר,false,0,15.90,7.95,true,1,
7290012117466,false,קרמה ת.רחצה פנים אשכולית,קוסמופארם,IL,תרחיץ פנים קרמה,מיליליטרים,180.00,"100 מ""ל",false,0,9.90,5.50,true,1,
7290012117534,false,מרכ.מקסימה ס.מרוכז קול1ל,סנו,IL,מקסימה ס.מרוכז,ליטרים,1.00,ליטר,false,0,15.00,15.00,true,1,
7290012117558,false,מרכ.מקסימה ס.מרוכז מסק1ל,סנו,IL,מקסימה ס.מרוכז,ליטרים,1.00,ליטר,false,0,15.00,15.00,true,1,
7290012117831,false,מברשת אורביטול מס' 808,קוסמופארם,CN,מברשת אורביטול,יחידה,1.00,יחידה,false,0,12.90,12.90,true,1,
7290012139567,false,בונזו ביסקויט עוף 90 גרם,Yang Ping,CN,בונזו ביסקויט,גרמים,90.00,100 גרם,false,1,17.90,19.89,true,1,
7290012226007,false,נקניקיות מרגז 400 גרם,זוגלובק,IL,נקנ' מרגז,גרמים,400.00,100 גרם,false,0,20.90,5.23,true,1,
7290012226021,false,סלמי מעושן פראג 400 גרם,זוגלובק,IL,סלמי מעושן פראג,גרמים,400.00,100 גרם,false,0,21.50,5.38,true,1,
7290012226922,false,קבנוס בטעם שום 135 גרם,זוגלובק,IL,קבנוס בטעם שום,גרמים,135.00,100 גרם,false,0,11.20,8.30,true,1,
7290012226946,false,קבנוס בטעם בצל 135 גרם,זוגלובק,IL,קבנוס בטעם בצל,גרמים,135.00,100 גרם,false,0,11.20,8.30,true,1,
7290012227882,false,קריספי סטיקס תירס גריל 5,זוגלובק,IL,קריסטי תירס גריל,גרמים,500.00,100 גרם,false,1,17.90,3.58,true,1,
7290012228322,false,קריספי סטיקס תירס פיצה 5,זוגלובק,IL,קריספי תירס פיצה,גרמים,500.00,100 גרם,false,1,17.90,3.58,true,1,
7290012244049,false,עוגת מוס שני שוקולדים900,גידרון,IL,עוגת מוס,יחידה,1.00,יחידה,false,0,59.90,59.90,true,1,
7290012244643,false,מארז פיתה תימנית5יח100*ג,מאפיית אנג'ל,IL,פיתה תימנית 5יח,גרמים,500.00,100 גרם,false,0,11.40,2.28,true,1,
7290012313141,false,פרוסות מלפפונים,,,פרוסות מלפפונים,גרמים,540.00,100 גרם,false,0,6.30,1.17,true,1,
7290012359392,false,סילאן טבעי,,IL,סילאן טבעי,גרמים,900.00,100 גרם,false,0,25.90,2.88,true,1,
7290012367717,false,ק.ידיים שיבולת שועל 150מ,פישר מעבדות פרמצבטיות,,קרם ידיים,מיליליטרים,150.00,"100 מ""ל",false,0,9.90,6.60,true,1,
7290012404962,false,ספרינג קולקשן פ.יער 1.25,יפאורה שותפות מובגלת לשיווק,IL,ספרינג פירות יער,ליטרים,1.25,ליטר,false,0,9.90,7.92,true,1,
7290012413636,false,תה ירוק צ'אי מסאלה 25שק',ויסוצקי,,תה ירוק צ'אי,גרמים,38.00,100 גרם,false,0,25.90,68.16,true,1,
7290012413643,false,תה ירוק קמומיל 25שק1.5*ג,ויסוצקי,IL,תה ירוק קמומיל,גרמים,37.00,100 גרם,false,0,25.90,70.00,true,1,
7290012413704,false,חליטת דבש+לימון 25 שק',ויסוצקי,IL,חליטת גן קסום,גרמים,67.00,100 גרם,false,0,16.90,25.22,true,1,
7290012413919,false,תה ירוק תות 1.5גרם25Xשק,ויסוצקי,,תה ירוק תות,גרמים,38.00,100 גרם,false,0,25.90,68.16,true,1,
7290012561405,false,בצל חצי מטוגן 180 גרם,דורות,IL,בצל חצי מטוגן,גרמים,180.00,100 גרם,false,0,10.40,5.78,true,1,
7290012637032,false,זעתר הקברקרולי 130 גרם,תבליני ב.ד.,IL,זעתר הקברקרולי,גרמים,130.00,100 גרם,false,1,13.90,10.69,true,1,
7290012642678,false,אננס חתוך כוס פלסט113X4ג,FOODS HUIZIANG JIANGSU,CN,אננס חתוך 4 יח,גרמים,452.00,100 גרם,false,0,11.80,2.61,true,1,
7290012642692,false,קוקטייל פירות פלסט113*4.,FOODS HUIZIANG JIANGSU,IL,קוקטייל פירות 4י,גרמים,452.00,100 גרם,false,0,11.90,2.63,true,1,
7290012645129,false,יוגורט כבשים בדלי 750גרם,מחלבת סוסיא,IL,יוגורט כבשים,גרמים,750.00,100 גרם,false,0,20.50,2.73,true,1,
7290012803123,false,מגבוני פ.ואנס פרש4*72,על בד,IL,רביעית פרש וואנס,יחידה,1.00,יחידה,false,0,17.90,17.90,true,1,
7290012803604,false,ביסקוויט שוקולד+טרימי180,TAGO,PL,ביסקוויט טרמיסו,גרמים,180.00,100 גרם,false,0,11.90,6.61,true,1,
7290012851902,false,"מי פה ליסטרין 750ZEROמ""ל",ג'ונסון,IL,מי פה ליסטרין,מיליליטרים,750.00,"100 מ""ל",false,0,40.00,5.33,true,1,
7290012899867,false,מלפפונים במלח,,IL,מלפפונים במלח,גרמים,540.00,100 גרם,false,0,5.90,1.09,true,1,
7290012938566,false,מש.אקווה פרש אקסטרים100מ,גלקסוסמיתקליין,,משחת שיניים,מיליליטרים,100.00,"100 מ""ל",false,0,11.80,11.80,true,1,
7290012938580,false,מש.סנסודיין הלבנה עדינ75,גלקסוסמיתקליין,,משחת סנסודיין,מיליליטרים,75.00,"100 מ""ל",false,0,17.90,23.87,true,1,
7290012938597,false,משחת סנסודין רפיד רליף75,גלקסוסמיתקליין,SI,משחת סנסודיין,מיליליטרים,75.00,"100 מ""ל",false,0,19.90,26.53,true,1,
7290012938740,false,משחת סנסודיין פרש מינט75,סמית קליין,GB,משחת סנסודיין,מיליליטרים,75.00,"100 מ""ל",false,0,17.90,23.87,true,1,
7290012983610,false,תמרים דחוסים 500גרם,ששון,IL,תמרים דחוסים,גרמים,500.00,100 גרם,false,1,13.90,2.78,true,1,
7290013027399,false,לחם מלא+100%שיפון-קל750ג,מאפיית שלמה א. אנג'ל,IL,לחם מלא+100%שיפון-קל750ג,גרמים,750.00,100 גרם,false,0,14.90,1.99,true,1,
7290013068682,false,שמן זית כתית מעולה 750 מ,אליעד בית בד בגולן,IL,שמן זית כתית,מיליליטרים,750.00,"100 מ""ל",false,0,36.90,4.92,true,1,
7290013117229,false,"בורקס פילו תפו""א 600 גרם","מעדנות בע""מ",IL,"בורקס תפו""א",גרמים,600.00,100 גרם,false,0,21.90,3.65,true,1,
7290013117410,false,בצק פריך מתוק 450X2 900,"מעדנות בע""מ",IL,בצק פריך,גרמים,900.00,100 גרם,false,0,24.80,2.76,true,1,
7290013117427,false,בצק פריך מלוח 450X2גרם 0,"מעדנות בע""מ",IL,בצק פריך,גרמים,900.00,100 גרם,false,0,24.80,2.76,true,1,
7290013144317,false,ג'וני גלילת וופל למילוי,הגביע,IL,ג'וני גלילת וופל,יחידה,1.00,יחידה,false,0,15.90,15.90,true,1,
7290013144386,false,ג'וני שוקו 18 יח',הגביע,IL,ג'וני שוקו,יחידה,1.00,יחידה,false,0,15.90,15.90,true,1,
7290013144768,false,סירופ בטעם שוקולד 500גרם,גלעם,IL,סירופ טעם שוקולד,גרמים,500.00,100 גרם,false,0,12.80,2.56,true,1,
7290013145109,false,שקד מולבן טחון 100 גרם,א.ל ייצור ושיווק תבלינים,IL,שקד מולבן טחון,גרמים,100.00,100 גרם,false,0,12.50,12.50,true,1,
7290013145178,false,קוקוס טחון לבן 100 גרם,א.ל ייצור ושיווק תבלינים,IL,קוקוס טחון לבן,גרמים,100.00,100 גרם,false,0,4.50,4.50,true,1,
7290013145192,false,שומשום 100 גרם,א.ל ייצור ושיווק תבלינים,IL,שומשום,גרמים,100.00,100 גרם,false,0,3.90,3.90,true,1,
7290013145390,false,שוקולד צ'יפס 250 גרם,אינטרגטה,IL,שוקולד צ'יפס,גרמים,250.00,100 גרם,false,0,8.80,3.52,true,1,
7290013145406,false,שוקולד צ'יפס לבן 250 גרם,אינטרגטה,IL,שוקולד צ'יפס,גרמים,250.00,100 גרם,false,0,9.90,3.96,true,1,
7290013145437,false,שוקולד צ'יפס 48% 250 גרם,אינטרגטה,IL,שוקולד צ'יפס,גרמים,250.00,100 גרם,false,0,10.90,4.36,true,1,
7290013145567,false,מיני מיני עדשים 90 גרם,א.ל ייצור ושיווק תבלינים,,מיני מיני עדשים,גרמים,90.00,100 גרם,false,0,10.30,11.44,true,1,
7290013145628,false,סוכ.צבעוניות לקישוט 200ג,א.ל ייצור ושיווק תבלינים,IL,סוכריות צבעוניות,גרמים,200.00,100 גרם,false,0,8.80,4.40,true,1,
7290013145949,false,אבקת סוכר אריזת פטנט250ג,א.ל ייצור ושיווק תבלינים,IL,אבקת סוכר,גרמים,250.00,100 גרם,false,0,11.90,4.76,true,1,
7290013145956,false,שמרים יבשים בוואקום500ג,אנג'ל איסט,CN,שמרים יבשים,גרמים,500.00,100 גרם,false,0,10.90,2.18,true,1,
7290013145963,false,שמרים יבשים בוואקום125ג,אנג'ל איסט,CN,שמרים יבשים,גרמים,125.00,100 גרם,false,0,4.80,3.84,true,1,
7290013145970,false,קורנפלור 200 גרם,א.ל ייצור ושיווק תבלינים,IL,קורנפלור,גרמים,200.00,100 גרם,false,1,4.90,2.45,true,1,
7290013146069,false,מלית שוקולד 400 גרם,אינטרגטה,IL,מלית שוקולד,גרמים,400.00,100 גרם,false,0,10.80,2.70,true,1,
7290013170934,false,ויטמינצ'יק אבטיח מלון 1ל,בית השיטה,IL,סירופ ויטמינצ'יק,ליטרים,1.00,ליטר,false,0,12.90,12.90,true,1,
7290013215017,false,פטריות דואט -יחידה,מרינה,IL,פטריות דואט,יחידה,1.00,יחידה,false,0,15.90,15.90,true,1,
7290013267665,false,מאגדת מיני סולרו טרופי,שטראוס,IL,מאגדת מיני סולרו,גרמים,295.00,100 גרם,false,0,24.90,8.44,true,1,
7290013268037,false,מקסימה ס.מרוכז לבנדר 1ל',סנו,IL,מרכך כביסה,ליטרים,1.00,ליטר,false,0,15.00,15.00,true,1,
7290013268198,false,תחליב רחצה כיף מאסק 750מ,קוסמופארם,IL,תחליב רחצה כיף,מיליליטרים,750.00,"100 מ""ל",false,0,8.90,1.19,true,1,
7290013268464,false,"קרם גוף קרמה מאסק 500מ""ל",קוסמופארם,IL,קרם גוף קרמה,מיליליטרים,500.00,"100 מ""ל",false,0,19.90,3.98,true,1,
7290013268648,false,"שמפו כיף רומנס 750 מ""ל",קוסמופארם,IL,שמפו כיף,מיליליטרים,750.00,"100 מ""ל",false,0,8.90,1.19,true,1,
7290013268686,false,"מרכך כיף רומנס 750 מ""ל",קוסמופארם,IL,מרכך כיף,מיליליטרים,750.00,"100 מ""ל",false,0,8.90,1.19,true,1,
7290013268891,false,אוקסיג'ן ג'ל 3ליטר,סנו,,אוקסיג'ן ג'ל,ליטרים,3.00,ליטר,false,0,25.00,8.33,true,1,
7290013269003,false,מקסימה מרכך בייבי 1 ליטר,סנו,IL,מקסימה מרכך,ליטרים,1.00,ליטר,false,0,15.90,15.90,true,1,
7290013269287,false,ג'ל כביסה מרוכז,,IL,ג'ל כביסה מרוכז,ליטרים,3.00,ליטר,false,0,25.00,8.33,true,1,
7290013269300,false,ניילון נצמד פלוס,,IL,ניילון נצמד פלוס,מטרים,150.00,מטר,false,0,26.50,0.18,true,1,
7290013269560,false,קרמה תחליב רחצה מאסק750מ,קוסמופארם,,קרמה תחליב רחצה,מיליליטרים,750.00,"100 מ""ל",false,0,16.90,2.25,true,1,
7290013269652,false,פוליויקס מאסק,,IL,פוליויקס מאסק,ליטרים,2.00,ליטר,false,0,21.70,10.85,true,1,
7290013269669,false,ריצפז פנטזיה,,IL,ריצפז פנטזיה,ליטרים,3.00,ליטר,false,0,11.70,3.90,true,1,
7290013269867,false,זוג מפות שולחן,,IL,זוג מפות שולחן,יחידה,1.00,יחידה,false,0,11.80,11.80,true,1,
7290013284105,false,טבעות זיתים,,,טבעות זיתים,גרמים,500.00,100 גרם,false,0,8.80,1.76,true,1,
7290013284143,false,מלפפונים במלח,,,מלפפונים במלח,גרמים,560.00,100 גרם,false,0,6.80,1.21,true,1,
7290013284150,false,מלפפונים במלח,,,מלפפונים במלח,גרמים,560.00,100 גרם,false,0,9.50,1.70,true,1,
7290013284167,false,מלפפונים במלח,,,מלפפונים במלח,גרמים,560.00,100 גרם,false,0,11.70,2.09,true,1,
7290013284174,false,מלפפונים בחומץ,,,מלפפונים בחומץ,גרמים,560.00,100 גרם,false,0,6.10,1.09,true,1,
7290013284181,false,מלפפונים בחומץ,,,מלפפונים בחומץ,גרמים,560.00,100 גרם,false,0,6.80,1.21,true,1,
7290013284303,false,זיתים ירוקים,,IL,זיתים ירוקים,גרמים,560.00,100 גרם,false,0,9.90,1.77,true,1,
7290013284808,false,זיתים ירוקים מבוקעים560ג,פרי ניר,IL,זיתים ירוקים,גרמים,560.00,100 גרם,false,1,8.80,1.57,true,1,
7290013358356,false,פירורי לחם מוזהבים350גרם,עינת,IL,פירורי לחם,גרמים,350.00,100 גרם,false,0,8.50,2.43,true,1,
7290013358370,false,פרורי לחם יפני שום 300גר,עינת,IL,פרורי לחם יפני,גרמים,300.00,100 גרם,false,0,9.80,3.27,true,1,
7290013358417,false,רוטב טריאקי אסייאתי300מ,קי.אר.אס. ספייסי פוד,TH,רוטב טריאקי,מיליליטרים,300.00,"100 מ""ל",false,1,10.00,3.33,true,1,
7290013358424,false,"רוטב סויה בהירה 500 מ""ל",קי.אר.אס. ספייסי פוד,TH,רוטב סויה,מיליליטרים,500.00,"100 מ""ל",false,1,10.00,2.00,true,1,
7290013358509,false,מאסטר שף מיקסלט 200 גרם,עינת,IL,מיקסלט,גרמים,200.00,100 גרם,false,0,14.80,7.40,true,1,
7290013358530,false,"רוטב צ'ילי מתוק 700 מ""ל",קי.אר.אס. ספייסי פוד,TH,רוטב צ'ילי מתוק,מיליליטרים,700.00,"100 מ""ל",false,1,10.00,1.43,true,1,
7290013358547,false,"רוטב צ'ילי חריף 700 מ""ל",קי.אר.אס. ספייסי פוד,TH,רוטב צ'ילי חריף,מיליליטרים,700.00,"100 מ""ל",false,1,10.00,1.43,true,1,
7290013358578,false,"אטריות אורז רחבות 5 מ""מ",ליינג טונג רייספלוור,TH,אטריות אורז,גרמים,400.00,100 גרם,false,1,9.80,2.45,true,1,
7290013378071,false,חטיף ג'אקס חלב+שוק.לבן50,שטראוס,TR,חטיף ג'אקס,גרמים,50.00,100 גרם,false,0,3.80,7.60,true,1,
7290013378088,false,חטיף ג'אקס חלב ק.אגוז50ג,שטראוס,TR,חטיף ג'אקס,גרמים,50.00,100 גרם,false,0,3.80,7.60,true,1,
7290013378101,false,חטיף גאקס מריר ק.אגוז50ג,שטראוס,TR,גאקס שוקולד מריר,גרמים,50.00,100 גרם,false,0,3.80,7.60,true,1,
7290013378125,false,"ג'אקס שוקולד מריר כשל""פ",שטראוס,IL,ג'אקס שוקולד,גרמים,50.00,100 גרם,false,1,4.90,9.80,true,1,
7290013440648,false,מאגדת אבטיח 5יח,נסטלה,IL,מאגדת אבטיח,גרמים,540.00,100 גרם,false,0,25.80,4.78,true,1,
7290013462541,false,שמיכת פעילות לילדים,.,IL,שמיכת פעילות,יחידה,1.00,יחידה,false,1,99.00,99.00,true,1,
7290013472328,false,מקרלים בשמן צמחי,,PT,מקרלים בשמן צמחי,גרמים,120.00,100 גרם,false,0,4.00,3.33,true,1,
7290013474377,false,בייגלה דקים מלח ים300גרם,יוניליוור,IL,בייגלה דקים,גרמים,300.00,100 גרם,false,0,7.90,2.63,true,1,
7290013474384,false,בייגלה דקים שמנת בצל300ג,יוניליוור,IL,בייגלה דקים,גרמים,300.00,100 גרם,false,0,7.90,2.63,true,1,
7290013531117,false,רוטב פסטה לילדים 260 גרם,זנלכל,IL,רוטב פסטה,גרמים,260.00,100 גרם,false,0,4.70,1.81,true,1,
7290013531605,false,רסק עגב.אורגני 100% 100ג,זנלכל,IL,רסק עגבניות,גרמים,100.00,100 גרם,false,1,1.90,1.90,true,1,
7290013531681,false,מיצמיץ סירופ פטל 1 ליטר,זנלכל,IL,מיצמיץ סירופ פטל,ליטרים,1.00,ליטר,false,1,12.90,12.90,true,1,
7290013585448,false,בירה ויינשטפן ויטוס330מ,ויינשטפן,DE,בירה ויינשטפן,מיליליטרים,330.00,"100 מ""ל",false,1,14.40,4.36,true,1,
7290013585493,false,פריגת אננס פסיפלורה1.5ל,מבשלות בירה בינלאומיות,IL,"משק""ל פריגת",ליטרים,1.50,ליטר,false,1,6.50,4.33,true,1,
7290013586872,false,טובורג 6.9% בקבוק 330*4מ,מבשלות בירה בינלאומיות,IL,טובורג 4 בקבוקים,ליטרים,1.32,ליטר,false,1,29.90,22.65,true,1,
7290013608451,false,משקה קל ענבים 1.5 ליטר,גניר,IL,משקה קל ענבים,ליטרים,1.50,ליטר,false,1,6.50,4.33,true,1,
7290013608468,false,משקה קל תות בננה1.5 ליטר,גניר,IL,משקה קל תות בננה,ליטרים,1.50,ליטר,false,1,6.50,4.33,true,1,
7290013608475,false,משקה קל לימונים 1.5 ליטר,גניר,IL,משקה קל לימונים,ליטרים,1.50,ליטר,false,1,6.50,4.33,true,1,
7290013608529,false,משקה קל אשכוליות 1.5ליטר,גניר,IL,משקה קל אשכוליות,ליטרים,1.50,ליטר,false,1,6.50,4.33,true,1,
7290013608536,false,מש.קל דיאט אשכולית1.5ל,גניר,IL,משקה קל אשכוליות,ליטרים,1.50,ליטר,false,1,6.50,4.33,true,1,
7290013608567,false,משקה קל מנגו 1.5 ליטר,גניר,IL,משקה קל מנגו,ליטרים,1.50,ליטר,false,1,6.50,4.33,true,1,
7290013675095,false,שניצל ביתי אפוי 500גרם,תנובה,IL,שניצל ביתי אפוי,גרמים,500.00,100 גרם,false,0,29.60,5.92,true,1,
7290013675316,false,אצבעות שניצל ללא גלוטן,מאמא עוף,IL,אצבעות שניצל,גרמים,700.00,100 גרם,false,1,28.00,4.00,true,1,
7290013675378,false,שניצל לבבות מאמא עוף 700,תנובה,IL,שניצל לבבות מאמא,גרמים,700.00,100 גרם,false,1,36.90,5.27,true,1,
7290013675408,false,שניצל קריספי 700 גרם,תנובה,IL,שניצל קריספי,גרמים,700.00,100 גרם,false,1,41.90,5.99,true,1,
7290013675439,false,שניצל אותיות 700 גרם,תנובה,IL,שניתל אותחות,גרמים,700.00,100 גרם,false,1,36.90,5.27,true,1,
7290013683595,false,עוגת פס שביל החלב 600 גר,גידרון,IL,עוגת פס שביל חלב,גרמים,600.00,100 גרם,false,0,33.00,5.50,true,1,
7290013702494,false,שוופס מוגז למון ליים1.5ל,יפאורה שותפות מובגלת לשיווק,IL,שוופס למון ליים,ליטרים,1.50,ליטר,false,0,6.50,4.33,true,1,
7290013702555,false,שוופס מוגז עדין אננס1.5ל,יפאורה שותפות מובגלת לשיווק,IL,שוופס מוגז עדין,ליטרים,15.00,ליטר,false,0,6.50,0.43,true,1,
7290013702852,false,"שוופס ראשן פחית 330 מ""ל",יפאורה שותפות מובגלת לשיווק,IL,שוופס ראשן פחית,מיליליטרים,330.00,"100 מ""ל",false,0,5.80,1.76,true,1,
7290013724939,false,חמוציות בשוקולד מריר,שקדיה,IL,חמוציות בשוקולד,גרמים,160.00,100 גרם,false,0,14.80,9.25,true,1,
7290013724977,false,צימוק בשוקולד מריר 160גר,שקדיה,IL,צימוק בשוקולד,גרמים,160.00,100 גרם,false,0,14.80,9.25,true,1,
7290013847607,false,סטארקיסט לסלט שמן שום160,סטארקיסט,IL,סטארקיסט לה סלט,גרמים,160.00,100 גרם,false,1,6.90,4.31,true,1,
7290013847614,false,סטארקיסט לסלט ויניגרט160,סטארקיסט,IL,סטארקיסט לה סלט,גרמים,160.00,100 גרם,false,1,6.90,4.31,true,1,
7290013847621,false,סטארקיסט לסלט קייסר160ג,סטארקיסט,IL,סטארקיסט לה סלט,גרמים,160.00,100 גרם,false,1,6.90,4.31,true,1,
7290013847669,false,סטארקיסט לסנדביץ צ'ילי,סטארקיסט,IL,סטארקיסט לסנדביץ,גרמים,200.00,100 גרם,false,1,7.90,3.95,true,1,
7290013848130,false,תחליב רח.כיף אוקיינוס750,קוסמופארם,IL,תחליב רחצה כיף,מיליליטרים,750.00,"100 מ""ל",false,0,8.90,1.19,true,1,
7290013848383,false,קמה מן ג'ל רחצה אקטיב700,קוסמופארם,IL,ג'ל רחצה קרמה מן,מיליליטרים,700.00,"100 מ""ל",false,0,14.90,2.13,true,1,
7290013848758,false,ג'ל לכביסה בייבי,,IL,ג'ל לכביסה בייבי,ליטרים,3.00,ליטר,false,0,29.90,9.97,true,1,
7290013848789,false,סבון מוצק כיף דבש100*4ג,קוסמופארם,IL,רביעיית סבון כיף,גרמים,400.00,100 גרם,false,0,10.80,2.70,true,1,
7290013883445,false,"אסטוניש קרם מטבח 550 מ""ל",אסטוניש -לידס,GB,אסטוניש קרם מטבח,מיליליטרים,550.00,"100 מ""ל",false,0,11.90,2.16,true,1,
7290013906489,false,חטיפי קבנוס 120 גרם,טירת צבי,IL,חטיפי קבנוס,גרמים,120.00,100 גרם,false,0,11.80,9.83,true,1,
7290013906687,false,צמד כפרי ברביקיו 600גרם,טירת צבי,IL,צמד כפרי ברביקיו,גרמים,600.00,100 גרם,false,8,29.90,4.98,true,1,
7290013919359,false,עוגיות מובחרות בדלי 600ג,קונדטוריית אנגל,IL,עוגיות מובחרות,גרמים,600.00,100 גרם,false,0,14.50,2.42,true,1,
7290013919366,false,עוגיות מובחרות בדלי 700ג,קונדטוריית אנגל,IL,עוגיות מובחרות,גרמים,700.00,100 גרם,false,0,14.50,2.07,true,1,
7290013994189,false,משקה אורז,,IT,משקה אורז,ליטרים,1.00,ליטר,false,0,10.00,10.00,true,1,
7290014002173,false,תה ירוק תפוז 25ש1.5*גר,ויסוצקי,IL,תה ירוק תפוז,גרמים,37.00,100 גרם,false,0,25.90,70.00,true,1,
7290014002203,false,חליטת לימונית לואיזה 25ש,ויסוצקי,IL,חליטת לימונית,גרמים,75.00,100 גרם,false,0,16.90,22.53,true,1,
7290014002579,false,תה ירוק וניל 25 שקיקים,ויסוצקי,IL,תה ירוק וניל,גרמים,38.00,100 גרם,false,0,25.90,68.16,true,1,
7290014002609,false,תה ירוק פטל 25שק',ויסוצקי,IL,תה ירוק פטל,גרמים,38.00,100 גרם,false,0,25.90,68.16,true,1,
7290014002982,false,תה ירוק סטיביה+לימונית25,ויסוצקי,IL,תה ירוק סטיביה,גרמים,37.00,100 גרם,false,0,25.90,70.00,true,1,
7290014016279,false,פיצה מרגריטה,,IL,פיצה מרגריטה,גרמים,400.00,100 גרם,false,0,21.00,5.25,true,1,
7290014016286,false,פיצה מרגריטה,,IL,פיצה מרגריטה,גרמים,400.00,100 גרם,false,0,21.00,5.25,true,1,
7290014083806,false,עוגיות טעם חמאה,,PT,עוגיות טעם חמאה,גרמים,350.00,100 גרם,false,0,11.50,3.29,true,1,
7290014094093,false,גרעין לבן קלוי 200גרם,שקדיה,IL,גרעין לבן קלוי,גרמים,200.00,100 גרם,false,0,11.90,5.95,true,1,
7290014094116,false,מנצ'ס 200גרם,שקדיה,IL,מנצ'ס,גרמים,200.00,100 גרם,false,0,10.80,5.40,true,1,
7290014094130,false,גרעין אבטיח קלוי 200גרם,שקדיה,IL,גרעין אבטיח,גרמים,200.00,100 גרם,false,0,15.80,7.90,true,1,
7290014094420,false,סרדין חריף,,PT,סרדין חריף,גרמים,115.00,100 גרם,false,0,4.90,4.26,true,1,
7290014095922,false,"דבש מפרחי הדר 1 ק""ג",שקדיה,IL,דבש מפרחי הדר,קילוגרמים,1.00,"ק""ג",false,0,40.00,40.00,true,1,
7290014126077,false,"מר מאסל למטבח 500מ""ל",ג'ונסון,CN,מר מאסל למטבח,מיליליטרים,500.00,"100 מ""ל",false,0,11.90,2.38,true,1,
7290014126213,false,מר מאסל מסיר אבנית 750מל,AMBALAJ APS,TR,מר מאסל מס.אבנית,מיליליטרים,750.00,"100 מ""ל",false,0,11.90,1.59,true,1,
7290014126220,false,"מר מאסל רסס ונגב 750 מ""ל",AMBALAJ APS,TR,מר מאסל רסס ונגב,מיליליטרים,750.00,"100 מ""ל",false,0,11.90,1.59,true,1,
7290014126718,false,עוג.שוקולד+קרם ברולה180ג,TAGO,PL,עוגיות מואי,גרמים,180.00,100 גרם,false,1,11.90,6.61,true,1,
7290014204713,false,"ספריי לגוף פנינה 250 מ""ל",סאסא קוסמטיקס,IL,ספריי לגוף פנינה,מיליליטרים,250.00,"100 מ""ל",false,1,29.60,11.84,true,1,
7290014204874,false,רוטב לעוף של פנינה 800גר,פוליבה,IL,רוטב לעוף,גרמים,800.00,100 גרם,false,1,13.90,1.74,true,1,
7290014217225,false,גריל עוף במיכל 120 גרם,תבליני טעם וריח,IL,גריל עוף,גרמים,120.00,100 גרם,false,0,10.80,9.00,true,1,
7290014217348,false,צ'ילי כתוש חריף 70 גרם,תבליני טעם וריח,IL,צ'ילי כתוש חריף,גרמים,70.00,100 גרם,false,1,10.90,15.57,true,1,
7290014217485,false,תערובת תיבול קייג'ון100ג,תבליני טעם וריח,IL,תערובת תבלינים,גרמים,100.00,100 גרם,false,1,10.90,10.90,true,1,
7290014218093,false,פיצה משפחתית קמח מלא 500,"מעדנות בע""מ",IL,פיצה משפחתית,גרמים,500.00,100 גרם,false,0,23.60,4.72,true,1,
7290014218154,false,פיצה דקה שום 410גרם,תנובה,IL,פיצה דקה שום,גרמים,410.00,100 גרם,false,10,16.90,4.12,true,1,
7290014256637,false,מוסקטו מבעבע באזז 750 מל,יקבי כרמל,IL,מוסקטו באזז,מיליליטרים,750.00,"100 מ""ל",false,0,24.90,3.32,true,1,
7290014256958,false,"יין אדום יבש וינו 750מ""ל",יקבי כרמל,IL,וינו אדום,מיליליטרים,750.00,"100 מ""ל",false,1,19.70,2.63,true,1,
7290014256965,false,"כרמל אדום עתיק 750 מ""ל",יקבי כרמל,IL,כרמל אדום עתיק,מיליליטרים,750.00,"100 מ""ל",false,1,19.90,2.65,true,1,
7290014256972,false,תירוש לבן 1 ליטר,יקבי כרמל,IL,תירוש לבן,ליטרים,1.00,ליטר,false,1,17.90,17.90,true,1,
7290014397279,false,שקיות מזון,,IL,שקיות מזון,יחידה,1.00,יחידה,false,0,10.00,10.00,true,1,
7290014397507,false,סנופרש מאסק מעוד,,IL,סנופרש מאסק מעוד,מיליליטרים,350.00,"100 מ""ל",false,0,10.90,3.11,true,1,
7290014397767,false,ריצפז פרש הום,,IL,ריצפז פרש הום,ליטרים,2.00,ליטר,false,0,15.00,7.50,true,1,
7290014397781,false,ריצפז פרש הום,,IL,ריצפז פרש הום,ליטרים,2.00,ליטר,false,0,15.00,7.50,true,1,
7290014397897,false,מבשם בגדים,,IL,מבשם בגדים,מיליליטרים,350.00,"100 מ""ל",false,0,12.90,3.69,true,1,
7290014455634,false,יוגורט עיזים +לימון125גר,מחלבות גד,IL,יוגורט עיזים,גרמים,125.00,100 גרם,false,1,5.90,4.72,true,1,
7290014459007,false,"קוביות ת""א 700גרם",תפוגן,IL,"קוביות ת""א",גרמים,700.00,100 גרם,false,0,14.80,2.11,true,1,
7290014466265,false,"גמלא פינו נואר 750 מ""ל",יקבי רמת הגולן קצרין,IL,גמלא פינו נואר,מיליליטרים,750.00,"100 מ""ל",false,0,49.90,6.65,true,1,
7290014503144,false,"כנען לבן גליל 750 מ""ל",יקב דלתון,IL,כנען לבן גליל,מיליליטרים,750.00,"100 מ""ל",false,0,39.90,5.32,true,1,
7290014525085,false,עוג.שוקוציפס ללא סוכר200,מרבה,DE,עוגיות ללא סוכר,גרמים,200.00,100 גרם,false,0,12.90,6.45,true,1,
7290014525368,false,וופל קראנץ מרבה פיורלה60,באלבן גידה סנאי וטיקרט,TR,וופל פיורלה,גרמים,60.00,100 גרם,false,1,5.00,8.33,true,1,
7290014603851,false,קארט דור עוגת גבינה 520,שטראוס,IL,קארט דור,מיליליטרים,520.00,"100 מ""ל",false,15,19.70,3.79,true,1,
7290014692305,false,קממבר קסטלו,,DK,קממבר קסטלו,גרמים,125.00,100 גרם,false,0,16.90,13.52,true,1,
7290014692565,false,גרעיני תירס מתוק,,IL,גרעיני תירס מתוק,גרמים,320.00,100 גרם,false,0,4.00,1.25,true,1,
7290014725348,false,סוכרזית קלאסי 100 שקיות,"ביסקול בע""מ",IL,סוכרזית קלאסי,גרמים,130.00,100 גרם,false,0,14.80,11.38,true,1,
7290014745650,false,חטיפי קבנוס עוף טוב130ג,עוף טוב,IL,חטיפי קבנוס,גרמים,130.00,100 גרם,false,0,11.80,9.08,true,1,
7290014745919,false,ע. ט. שניצל עוף דק700גרם,עוף טוב,IL,עוף ט. שניצל עוף,גרמים,700.00,100 גרם,false,0,38.90,5.56,true,1,
7290014746466,false,שניצל דק מופחת מלח ע.ט.,אסם,IL,שניצל דק מופח מל,גרמים,700.00,100 גרם,false,1,39.60,5.66,true,1,
7290014746480,false,אצבעות שניצל שומשום מופח,אסם,IL,אצבעות שניצל שומ,גרמים,700.00,100 גרם,false,1,32.90,4.70,true,1,
7290014746565,false,שניצל מעודן מופח מלח ע.ט,אסם,IL,שניצל מעודן,גרמים,700.00,100 גרם,false,1,44.50,6.36,true,1,
7290014747043,false,פסטרמה חזה עוף מעושן ע.ט,עוף טוב,IL,פסטרמה חזה עוף,גרמים,250.00,100 גרם,false,1,21.90,8.76,true,1,
7290014758100,false,יוגורט ביו 8 יח,,IL,יוגורט ביו 8 יח,קילוגרמים,1.20,"ק""ג",false,0,16.00,13.33,true,1,
7290014758117,false,יוגורט ביו 8 יח,,IL,יוגורט ביו 8 יח,קילוגרמים,1.20,"ק""ג",false,0,16.00,13.33,true,1,
7290014761858,false,"שטוזים וניל מוקצף 125מ""ל",תנובה,IL,שטוזים מוקצף,מיליליטרים,125.00,"100 מ""ל",false,1,2.70,2.16,true,1,
7290014763494,false,חלב משק 3.5%-3.8% 1 ליטר,תנובה,IL,חלב משק,ליטרים,1.00,ליטר,false,1,5.90,5.90,true,1,
7290014763586,false,ממ.סויה סגנ.גב.טוסקנה250,תנובה,IL,ממרח סויה,גרמים,250.00,100 גרם,false,1,9.90,3.96,true,1,
7290014789838,false,רוטב ברביקיו מעושן538ג,היינץ,US,רוטב ברביקיו,גרמים,538.00,100 גרם,false,0,18.10,3.36,true,1,
7290014791138,false,ספרינג קולקשן דובדבן1.25,יפאורה שותפות מובגלת לשיווק,IL,ספרינג דובדבנים,ליטרים,1.25,ליטר,false,0,9.90,7.92,true,1,
7290014791589,false,תפוזינה לימונדה נענע1.5ל,יפאורה שותפות מובגלת לשיווק,IL,תפוזינה לימונדה,ליטרים,1.50,ליטר,false,0,5.90,3.93,true,1,
7290014860155,false,מחצלת סושי,,CN,מחצלת סושי,יחידה,1.00,יחידה,false,0,7.80,7.80,true,1,
7290014860247,false,שבבי אורז,,TH,שבבי אורז,גרמים,227.00,100 גרם,false,0,9.80,4.32,true,1,
7290014901315,false,סנסודיין אקסטרה פרש 75מל,גלקסוסמיתקליין,IL,משחת סנסודיין,מיליליטרים,75.00,"100 מ""ל",false,0,19.90,26.53,true,1,
7290014901568,false,מברשת סנסודיין הגנה מלאה,גלקסוסמיתקליין,IL,מברשת סנסודיין,יחידה,1.00,יחידה,false,0,17.90,17.90,true,1,
7290014901988,false,משחת סנסודיין פרונמל75מל,גלקסוסמיתקליין,SI,משחת סנסודיין,מיליליטרים,75.00,"100 מ""ל",false,1,19.90,26.53,true,1,
7290014901995,false,משחה אקווה פרש קומפלט100,ג.' אס.קיו,GB,משחה אקווה פרש,מיליליטרים,100.00,"100 מ""ל",false,1,12.90,12.90,true,1,
7290014940093,false,הלחמניה הקלה 54*6 גרם,מאפיית שלמה א. אנג'ל,IL,הלחמניה הקלה 54*6 גרם,גרמים,324.00,100 גרם,false,0,13.20,4.07,true,1,
7290014940901,false,לחם פשוט מלא 750 גרם,מאפיית שלמה א. אנג'ל,IL,לחם מלא,גרמים,750.00,100 גרם,false,1,14.50,1.93,true,1,
7290014945678,false,5 בקבוקים סטרילי חד פעמי,STERIBOTTLE,HU,"בקבוק סטרילי ח""פ",יחידה,1.00,יחידה,false,1,19.90,19.90,true,1,
7290014949737,false,"מר מאסל הדרים 500מ""ל",ג'ונסון,IL,מר מאסל למטבח,מיליליטרים,500.00,"100 מ""ל",false,0,11.90,2.38,true,1,
7290014962521,false,משחת טפטפים ענבים 50מל,כצט,IL,משחת שיניים,מיליליטרים,50.00,"100 מ""ל",false,0,11.90,23.80,true,1,
7290015009294,false,גבינת פרמיזאנו ראזשנו170,ביג גראנה,IT,גבינת פרמיזאנו,גרמים,170.00,100 גרם,false,1,32.90,19.35,true,1,
7290015025942,false,קרם ידיים פנג'ל עם שמן80,אינטרקוסמא,IL,קרם ידיים פנג'ל,מיליליטרים,80.00,"100 מ""ל",false,1,6.90,8.63,true,1,
7290015039253,false,עלי גפן,,TR,עלי גפן,גרמים,620.00,100 גרם,false,0,9.50,1.53,true,1,
7290015138802,false,יין אדום יבש מרסלאן750מ,יקבי ירושלים,IL,יין אדום יבש,מיליליטרים,750.00,"100 מ""ל",false,1,34.90,4.65,true,1,
7290015139229,false,מטבעות שוקולד זהב סגול42,כרמית,IL,מטבעות שוקולד,גרמים,42.00,100 גרם,false,1,5.00,11.90,true,1,
7290015139540,false,וופל קוביות מצופה שוק150,כרמית,IL,וופל קוביות,גרמים,150.00,100 גרם,false,1,6.90,4.60,true,1,
7290015139571,false,ופלים מצופים שוק.חלב25*5,כרמית,IL,ופלים מצופים 5יח,גרמים,125.00,100 גרם,false,1,10.90,8.72,true,1,
7290015150088,false,מחית עגבניות קלה 700 גרם,ויסוצקי,IL,מחית עגבניות,גרמים,700.00,100 גרם,false,1,12.30,1.76,true,1,
7290015150101,false,ויסוצקידס נענע 20 שקיקים,ויסוצקי,IL,ויסוצקידס נענע,גרמים,54.00,100 גרם,false,0,17.70,32.78,true,1,
7290015150118,false,עגבניות חתוכות דק400*3ג,ויסוצקי,IL,עגבניות חתוכות,קילוגרמים,1.20,"ק""ג",false,1,14.90,12.42,true,1,
7290015150361,false,תה ירוק נענע סטיבייה25שק,ויסוצקי,IL,תה ירוק נענע,גרמים,37.00,100 גרם,false,1,25.90,70.00,true,1,
7290015150613,false,חליטת קינמון ליקריץ20שק',ויסוצקי,IL,חליטת חורף,גרמים,48.00,100 גרם,false,1,17.60,36.67,true,1,
7290015150910,false,תה ירוק לימונית ויסמין25,ויסוצקי,IL,תה ירוק ויסוצקי,גרמים,37.00,100 גרם,false,1,25.90,70.00,true,1,
7290015150958,false,חליטת נענע ומנטה 20 שק',ויסוצקי,IL,חליטת נענע,גרמים,48.00,100 גרם,false,1,16.90,35.21,true,1,
7290015155878,false,חטיפטף חטיף אורז טבעי28ג,נאמצואו,TH,חטיפטף חטיף אורז,גרמים,28.00,100 גרם,false,1,7.90,28.21,true,1,
7290015324007,false,פלפל שחור גרוס בשקית80ג,תבליני טעם וריח,IL,פלפל שחור גרוס,גרמים,80.00,100 גרם,false,0,13.20,16.50,true,1,
7290015324038,false,פפריקה בשמן בשקית 80 גרם,תבליני טעם וריח,IL,פפריקה בשמן,גרמים,80.00,100 גרם,false,0,7.80,9.75,true,1,
7290015324076,false,זעתר בשקית 80 גרם,תבליני טעם וריח,IL,זעתר,גרמים,80.00,100 גרם,false,0,7.80,9.75,true,1,
7290015324083,false,מלח לימון בשקית 80 גרם,תבליני טעם וריח,IL,מלח לימון,גרמים,80.00,100 גרם,false,0,5.90,7.38,true,1,
7290015324090,false,כמון בשקית 80 גרם,תבליני טעם וריח,IL,כמון,גרמים,80.00,100 גרם,false,0,7.80,9.75,true,1,
7290015324106,false,כורכום בשקית 80 גרם,תבליני טעם וריח,IL,כורכום,גרמים,80.00,100 גרם,false,0,7.80,9.75,true,1,
7290015324113,false,בהרט בשקית 80 גרם,תבליני טעם וריח,IL,בהרט,גרמים,80.00,100 גרם,false,0,7.80,9.75,true,1,
7290015324281,false,שבבי בצל מטוגן 200 גרם,תבליני טעם וריח,IL,שבבי בצל מטוגן,גרמים,200.00,100 גרם,false,1,9.90,4.95,true,1,
7290015348072,false,למברוסקו אמיליאנו רוסו,גאטטיקו איטליה,IT,למברוסקו,מיליליטרים,750.00,"100 מ""ל",false,1,24.90,3.32,true,1,
7290015348089,false,למברוסקו אמיליאנו ביאנקו,גאטטיקו איטליה,IT,למברוסקו,מיליליטרים,750.00,"100 מ""ל",false,1,24.90,3.32,true,1,
7290015348300,false,"ריחן קברנה 750 מ""ל",יקבי ברקן,IL,ריחן קברנה,מיליליטרים,750.00,"100 מ""ל",false,1,59.90,7.99,true,1,
7290015349918,false,"סנגריה אל סול 750 מ""ל",חואן רמון לוזאנו,ES,סנגריה אל סול,מיליליטרים,750.00,"100 מ""ל",false,1,19.90,2.65,true,1,
7290015355834,false,מתבל עגבניות חריף 855גרם,היינץ,US,מתבל עגבניות,גרמים,855.00,100 גרם,false,1,17.90,2.09,true,1,
7290015366007,false,אקווה פרש קומפלט מלבינה,ג.' אס.קיו,GB,משחה אקווה פרש,מיליליטרים,100.00,"100 מ""ל",false,1,12.90,12.90,true,1,
7290015366632,false,סב.ידיים תה אדום250+500מ,רנקסן סונגר סאן,TR,סבון ידיים סטייל,מיליליטרים,750.00,"100 מ""ל",false,1,9.90,1.32,true,1,
7290015366656,false,סב.ידיים תה מרווה250+500,רנקסן סונגר סאן,TR,סבון ידיים סטייל,מיליליטרים,750.00,"100 מ""ל",false,1,9.90,1.32,true,1,
7290015366830,false,מסכה 16+אמפול.להחלקה200,רנקסן סונגר סאן,TR,מסכה 16+אמפולות,מיליליטרים,200.00,"100 מ""ל",false,1,39.90,19.95,true,1,
7290015395045,false,קינואה 400 גרם,שקדיה,IL,קינואה,גרמים,400.00,100 גרם,false,0,15.90,3.98,true,1,
7290015470988,false,חטיף קמח חומוס+זיתים120ג,יו אנד אס,GR,חטיף קמח חומוס,גרמים,120.00,100 גרם,false,1,9.90,8.25,true,1,
7290015470995,false,חטיף קמח עדשים+מלח 140ג,יו אנד אס,GR,חטיף קמח עדשים,גרמים,140.00,100 גרם,false,1,9.90,7.07,true,1,
7290015596244,false,"אלכוג'ל טבעי 100 מ""ל",פישר מעבדות פרמצבטיות,IL,אלכוג'ל,יחידה,1.00,יחידה,false,0,10.00,10.00,true,1,
7290015597715,false,מאגדת קורנטו לוטוס 315 ג,שטראוס,IL,מאגדת קורנטו לוט,יחידה,1.00,יחידה,false,1,34.90,34.90,true,1,
7290015597739,false,"גלידה מקופלת 1000 מ""ל",שטראוס,IL,גלידה מקופלת,מיליליטרים,1000.00,"100 מ""ל",false,1,21.90,2.19,true,1,
7290015597746,false,"גלידת טורטית 1000 מ""ל",שטראוס,IL,גלידת טורטית,מיליליטרים,1000.00,"100 מ""ל",false,1,21.90,2.19,true,1,
7290015603201,false,איטריות קמח מלא 454 גרם,קסמיאן קסינגשנג פודסטטפס,CN,איטריות קמח מלא,גרמים,454.00,100 גרם,false,1,9.90,2.18,true,1,
7290015626613,false,פקאן סיני 250גרם,ששון מלוינסקי,IL,פקאן סיני 250גרם,גרמים,250.00,100 גרם,false,1,29.90,11.96,true,1,
7290015626668,false,תאנים מיובשות 350גרם,ששון מלוינסקי,IL,תאנים מיובשות,גרמים,350.00,100 גרם,false,1,21.90,6.26,true,1,
7290015626712,false,צימוקים מזן מידנייט 500ג,ששון,IL,צימוקים מידנייט,גרמים,500.00,100 גרם,false,1,22.90,4.58,true,1,
7290015626804,false,גרעין אבטיח קלוי 200גרם,ששון,IL,גרעין אבטיח קלוי,גרמים,200.00,100 גרם,false,1,13.90,6.95,true,1,
7290015626897,false,חמוציות שלמות מיובשות400,ששון מלוינסקי,IL,חמוציות שלמות,גרמים,400.00,100 גרם,false,1,22.90,5.73,true,1,
7290015644297,false,לחמניות פשוט מלא 75*6גרם,מאפיית שלמה א. אנג'ל,IL,לחמניות 6 יח',גרמים,450.00,100 גרם,false,1,10.90,2.42,true,1,
7290015644426,false,לחם צרפתי ח.מלאה+דגנ600ג,מאפיית שלמה א. אנג'ל,IL,לחם צרפתי,גרמים,600.00,100 גרם,false,1,15.90,2.65,true,1,
7290015644433,false,לחם צרפתי100%שיפון600ג,מאפיית שלמה א. אנג'ל,IL,לחם צרפתי,גרמים,600.00,100 גרם,false,1,15.90,2.65,true,1,
7290015644716,false,צרפתי חיטה מלאה+חמנ600.ג,מאפיית שלמה א. אנג'ל,IL,לחם צרפתי,גרמים,600.00,100 גרם,false,1,15.90,2.65,true,1,
7290015766005,false,שרי וויטני יח,,IL,שרי וויטני יח,יחידה,1.00,יחידה,false,0,9.90,9.90,true,1,
7290015781015,false,"יין ויז'ן מלבק 750 מ""ל","יקב טפרברג 1870 בע""מ",IL,יין ויז'ין מלבק,מיליליטרים,750.00,"100 מ""ל",false,1,29.90,3.99,true,1,
7290015781268,false,"מוסקטו אדום מתוק750 מ""ל","יקב טפרברג 1870 בע""מ",IL,מוסקטו אדום מתוק,מיליליטרים,750.00,"100 מ""ל",false,1,24.90,3.32,true,1,
7290015781299,false,"יין ויז'ן שיראז 750 מ""ל","יקב טפרברג 1870 בע""מ",IL,יין ויז'ן שיראז,מיליליטרים,750.00,"100 מ""ל",false,1,29.90,3.99,true,1,
7290015804394,false,רסק עגבניות טל 260 גרם,מילוז,IL,רסק עגבניות טל,גרמים,260.00,100 גרם,false,1,3.90,1.50,true,1,
7290015804400,false,עגבניות מרוסקות טל 250גר,מילוז,IL,עגבניות מרוסקות,גרמים,250.00,100 גרם,false,1,3.90,1.56,true,1,
7290015878159,false,שמיכת פליז דיסני,חוגלה קימברלי,IL,שמיכת פליז דיסני,יחידה,1.00,יחידה,false,1,49.90,49.90,true,1,
7290015889520,false,ערק ליקריץ מברוקה 700 מל,גי'נה ובניו,IL,ערק ליקריץ,מיליליטרים,700.00,"100 מ""ל",false,1,75.00,10.71,true,1,
7290015996594,false,סוכר.סוכרלוז חצי כפית100,"ביסקול בע""מ",IL,סוכרזית סוכרלוז,גרמים,100.00,100 גרם,false,1,27.90,27.90,true,1,
7290016006292,false,ספרינג מנגו בננה מלון1ל,יפאורה שותפות מובגלת לשיווק,IL,נקטר ספרינג,ליטרים,1.00,ליטר,false,1,5.30,5.30,true,1,
7290016006940,false,תפוזינ.בוסט תפוז אדום1.5,יפאורה שותפות מובגלת לשיווק,IL,תפוזינה תפוז,ליטרים,1.50,ליטר,false,1,5.90,3.93,true,1,
7290016087123,false,רוטב עגב.מתובל קלאסי240ג,פריניר,IL,רוטב עגבניות,גרמים,240.00,100 גרם,false,1,5.50,2.29,true,1,
7290016087147,false,רוטב עגב.מתובל לפיצה240ג,פריניר,IL,רוטב עגבניות,גרמים,240.00,100 גרם,false,1,5.50,2.29,true,1,
7290016096378,false,נתחי טונה בשמן זית158גרם,תעשיות פילטונה,IL,נתחי טונה,גרמים,158.00,100 גרם,false,1,9.90,6.27,true,1,
7290016096460,false,טונה בשמן זית 3 * 80 גרם,תעשיות פילטונה,IL,טונה בשמן זית3יח,גרמים,240.00,100 גרם,false,1,10.00,4.17,true,1,
7290016135541,false,פוזילי ביצים 3צבעים 400ג,פ.פ.ה. טאביס,PL,פסטה ביצים,גרמים,400.00,100 גרם,false,1,10.90,2.73,true,1,
7290016135558,false,פסטה ביצים ח.כמרים 3צבע,פ.פ.ה. טאביס,PL,פסטה ביצים,גרמים,400.00,100 גרם,false,1,10.90,2.73,true,1,
7290016136883,false,"ספירה פרש לבנדר 300 מ""ל",רנקסן סונגר סאן,TR,ספירה פרש ספריי,מיליליטרים,300.00,"100 מ""ל",false,1,8.90,2.97,true,1,
7290016136968,false,מבשם נטול גז לבנדר 330מל,רנקסן סונגר סאן,TR,מבשם נטול גז,מיליליטרים,330.00,"100 מ""ל",false,1,7.90,2.39,true,1,
7290016136975,false,מבשם נטול גז פרחים 330מל,רנקסן סונגר סאן,TR,מבשם נטול גז,מיליליטרים,330.00,"100 מ""ל",false,1,7.90,2.39,true,1,
7290016162264,false,עוגת גבינה רנסנס 450 גרם,קפולסקי,IL,עוגת גבינה רנסנס,גרמים,450.00,100 גרם,false,1,35.90,7.98,true,1,
7290016188035,false,קברנה סוביניון P.C 750 מ,יקבי כרמל,IL,קברנה סוביניון,מיליליטרים,750.00,"100 מ""ל",false,1,34.90,4.65,true,1,
7290016188042,false,"קברנה מרלו P.C 750 מ""ל",יקבי כרמל,IL,קברנה מרלו P.C,מיליליטרים,750.00,"100 מ""ל",false,1,34.90,4.65,true,1,
7290016188318,false,"יין טופז זהב 750 מ""ל",יקבי כרמל,IL,יין טופז זהב,מיליליטרים,750.00,"100 מ""ל",false,1,18.90,2.52,true,1,
7290016188585,false,למברוסקו רוזה ח.יבש750מ,ג'אקובאזי,IT,למברוסקו רוזה,מיליליטרים,750.00,"100 מ""ל",false,1,24.90,3.32,true,1,
7290016197457,false,14 תחבושות דיפנד מיני,חוגלה קימברלי,IL,תחבושות דיפנד,יחידה,1.00,יחידה,false,1,15.90,15.90,true,1,
7290016304404,false,לחם כוסמין 600 גרם,מאפיית דוידוביץ,IL,לחם כוסמין,גרמים,600.00,100 גרם,false,1,16.90,2.82,true,1,
7290016319095,false,גלייד ג'ל מוצק ניחוח ים,ג'ונסון,GB,גלייד ג'ל מוצק,גרמים,150.00,100 גרם,false,1,6.90,4.60,true,1,
7290016319330,false,גרנ.דגנ.פ.יבשים ללתס350ג,אפקטיבעי,IL,גרנולה דגנים,גרמים,350.00,100 גרם,false,1,14.90,4.26,true,1,
7290016319378,false,"קרקר חיטה מלאה ללת""ס 150",אפיפית,IL,קרקר חיטה מלאה,גרמים,150.00,100 גרם,false,1,10.90,7.27,true,1,
7290016319385,false,קרקר חיטה מלא ש.שועל150ג,אפיפית,IL,קרקר חיטה מלאה,גרמים,150.00,100 גרם,false,1,10.90,7.27,true,1,
7290016320220,false,ממתיק מצמח הסטיביה1*20ג,"שוגארט בע""מ",IL,ממתיק מסטיביה,גרמים,20.00,100 גרם,false,1,10.90,54.50,true,1,
7290016331851,false,"סכו""ם ח""פ מהודר במארז 95",.,CN,"סכו""ם מהודר",יחידה,1.00,יחידה,false,1,29.90,29.90,true,1,
7290016372007,false,קפסולות תה פירות יער2*10,ויסוצקי,IL,קפסולות תה 10 יח,גרמים,20.00,100 גרם,false,1,16.90,84.50,true,1,
7290016372038,false,קפסולות לימונית ולואיזה,ויסוצקי,IL,קפסולות תה 10 יח,גרמים,20.00,100 גרם,false,1,16.90,84.50,true,1,
7290016372069,false,סוכריות תה ירוק נענע70ג,זילה בונבונס אי.ג'י,CH,סוכריות תה ירוק,גרמים,70.00,100 גרם,false,1,9.90,14.14,true,1,
7290016372076,false,סוכ.תה ירוק לימונית70גרם,זילה בונבונס אי.ג'י,CH,סוכריות תה ירוק,גרמים,70.00,100 גרם,false,1,9.90,14.14,true,1,
7290016408126,false,כעכים בטעם תפוא ורוזמרין,אפוליה פוד,IT,"כעכים בטעם תפו""א",גרמים,225.00,100 גרם,false,1,7.90,3.51,true,1,
7290016408133,false,כעכים בטעם בצל וזיתים225,אפוליה פוד,IT,כעכים בטעם בצל,גרמים,225.00,100 גרם,false,1,7.90,3.51,true,1,
7290016408157,false,כעכים עם קמח מלא 225 גרם,אפוליה פוד,IT,כעכים קמח מלא,גרמים,225.00,100 גרם,false,1,7.90,3.51,true,1,
7290016408515,false,טבלה בטעם שוקולד+שקד85ג,כרמית,IL,טבלה טעם שוקולד,גרמים,85.00,100 גרם,false,1,6.90,8.12,true,1,
7290016408539,false,טבלה טעם שוקולד+קוקוס85ג,כרמית,IL,טבלה טעם שוקולד,גרמים,85.00,100 גרם,false,1,6.90,8.12,true,1,
7290016429992,false,אלכוג'ל סיליקון עם דמו30,פישר מעבדות פרמצבטיות,IL,אלכוג'ל,מיליליטרים,30.00,"100 מ""ל",false,1,19.90,66.33,true,1,
7290016437508,false,נייר טואלט מולט 24ג כפול,חוגלה קימברלי,IL,נייר טואלט מולט,מטרים,860.00,100 מטר,false,1,37.90,4.41,true,1,
7290016437706,false,40 שקי אשפה בניחוח ונילL,חוגלה קימברלי,IL,אשפתון בניחוח,יחידה,1.00,יחידה,false,1,23.90,23.90,true,1,
7290016497526,false,בגט אותנטי 280גרם,מאפ גדרון,IL,בגט אותנטי,גרמים,280.00,100 גרם,false,1,7.90,2.82,true,1,
7290016497731,false,לחם 7 דגנים פרוס 600 גרם,מאפ גדרון,IL,לחם 7 דגנים,גרמים,600.00,100 גרם,false,1,12.90,2.15,true,1,
7290016497755,false,לחם שיפון קל פרוס 600גרם,מאפ גדרון,IL,לחפ שיפון קל,גרמים,600.00,100 גרם,false,1,12.90,2.15,true,1,
7290016497786,false,לחם קמח חיטה מלאה קל 600,מאפ גדרון,IL,לחם חיטה מלאה קל,גרמים,600.00,100 גרם,false,1,12.90,2.15,true,1,
7290016497809,false,לחם בצל אפוי פרוס 600 גר,מאפ גדרון,IL,לחם בצל פרוס,גרמים,600.00,100 גרם,false,1,12.90,2.15,true,1,
7290016509311,false,כדוריות אסלה פיור וויט50,הנקל סוד,HU,כדוריות לאסלה,גרמים,50.00,100 גרם,false,1,8.90,17.80,true,1,
7290016509465,false,פרסיל ג'ל בלו 4.5 ליטר,הנקל סוד,IL,פרסיל ג'ל בלו,ליטרים,4.50,ליטר,false,1,39.90,8.87,true,1,
7290016509502,false,סוד ג'ל כביסה טוטל 4.5ל,הנקל סוד,IL,ג'ל כביסה טוטל,ליטרים,4.50,ליטר,false,1,32.90,7.31,true,1,
7290016510027,false,הוואי קרם רחצה דבש 750 מ,הנקל סוד,IL,קרם רחצה הוואי,מיליליטרים,750.00,"100 מ""ל",false,1,9.90,1.32,true,1,
7290016523454,false,איטריות עם תרד 300 גרם,ZHONGSHI XIAMEN,CN,איטריות עם תרד,גרמים,300.00,100 גרם,false,1,6.90,2.30,true,1,
7290016566987,false,אוהל חוף משפחתי,.,CN,אוהל חוף,יחידה,1.00,יחידה,false,1,79.90,79.90,true,1,
7290016619003,false,מלפפון בייבי יחידה,קטיף,IL,מלפפון בייבי,יחידה,1.00,יחידה,false,1,9.90,9.90,true,1,
7290016621341,false,אל סבון צהוב קמיל בלו1ל,פישר מעבדות פרמצבטיות,IL,אל סבון קמיל בלו,ליטרים,1.00,ליטר,false,1,12.90,12.90,true,1,
7290016621365,false,אל סבון כחול קמיל בלו 1,פישר מעבדות פרמצבטיות,IL,אל סבון קמיל בלו,ליטרים,1.00,ליטר,false,1,12.90,12.90,true,1,
7290016621945,false,תיק חוף פסים אולטרסול יח,.,IL,תיק חוף פסים,יחידה,1.00,יחידה,false,1,39.90,39.90,true,1,
7290016717136,false,ברוט הסדרה האזורית 750 מ,יקבי כרמל,IL,יין ברוט,מיליליטרים,750.00,"100 מ""ל",false,1,49.90,6.65,true,1,
7290016717525,false,"באזז פירות יער 750 מ""ל",יקבי כרמל,IL,באזז פירות יער,מיליליטרים,750.00,"100 מ""ל",false,1,24.90,3.32,true,1,
7290016823189,false,עגבניות מיובשות 125גרם,מרינה,IL,עגבניות מיובשות,גרמים,125.00,100 גרם,false,1,12.90,10.32,true,1,
7290016865943,false,אטריות ביצים פטוצ'יני400,פ.פ.פ טאביט פולין,PL,אטריות ביצים,גרמים,400.00,100 גרם,false,1,11.90,2.98,true,1,
7290016883206,false,קינואה 500 גרם,שקדיה,IL,קינואה,גרמים,500.00,100 גרם,false,1,15.90,3.18,true,1,
7290016912609,false,סרקל מסכת הזנה לילדים200,פישר מעבדות פרמצבטיות,IL,מסכת סרקל,מיליליטרים,200.00,"100 מ""ל",false,1,14.90,7.45,true,1,
7290016912616,false,שמפו סרקל בלונד 1 ליטר,פישר מעבדות פרמצבטיות,IL,שמפו סרקל,ליטרים,1.00,ליטר,false,1,25.60,25.60,true,1,
7290016967074,false,לחם אנג'ל חיטה מלאה750ג,מאפיית שלמה א. אנג'ל,IL,אנג'ל חיטה מלאה,גרמים,750.00,100 גרם,false,1,15.90,2.12,true,1,
7290016980103,false,בייבי בטטה שקיל,קטיף,IL,בייבי בטטה,קילוגרמים,0.00,"ק""ג",true,1,8.90,8.90,true,1,
7290017023021,false,תפוזינה בוסט פומלית1.5ל,יפאורה שותפות מובגלת לשיווק,IL,תפוזינה פומלית,ליטרים,1.50,ליטר,false,1,5.90,3.93,true,1,
7290055090597,false,מטבעות שוקולד לבן 42 גרם,כרמית,IL,מטבעות שוקולד,גרמים,42.00,100 גרם,false,0,5.00,11.90,true,1,
7290067642005,false,גולדסטארBREW330 SLOWמ,טמפו,IL,בירה גולדסטאר,מיליליטרים,330.00,"100 מ""ל",false,1,7.50,2.27,true,1,
7290100240632,false,פתית 6 דגנים 250 גרם,יוניליוור,IL,פתית 6 דגנים,גרמים,250.00,100 גרם,false,0,17.50,7.00,true,1,
7290100240656,false,פתית שיפון 300 גרם,יוניליוור,IL,פתית שיפון,גרמים,300.00,100 גרם,false,0,17.50,5.83,true,1,
7290100243671,false,"בדין אקסטרה כחול 960 מ""ל",יוניליוור,TR,מרכך כביסה בדין,מיליליטרים,960.00,"100 מ""ל",false,0,18.90,1.97,true,1,
7290100243688,false,"בדין אקסטרה ורוד 960 מ""ל",יוניליוור,TR,מרכך כביסה בדין,מיליליטרים,960.00,"100 מ""ל",false,0,18.90,1.97,true,1,
7290100243800,false,גרנולה צימוקים ושקדים400,יוניליוור,IL,גרנולה,גרמים,400.00,100 גרם,false,0,19.90,4.98,true,1,
7290100245231,false,נמס בכוס ט.עוף ש.מרק50גר,יוניליוור,IL,נמס בכוס ט.עוף,גרמים,50.00,100 גרם,false,0,6.90,13.80,true,1,
7290100247051,false,תח.רחצה פינוק קלאסי 700מ,יוניליוור,IL,תחליב רחצה פינוק,מיליליטרים,700.00,"100 מ""ל",false,0,9.90,1.41,true,1,
7290100247068,false,תחליב פינוק לבנד.וניל700,יוניליוור,IL,תחליב רחצה פינוק,מיליליטרים,700.00,"100 מ""ל",false,0,9.90,1.41,true,1,
7290100247808,false,נמס בכוס ט.עוף אקסטרה28ג,יוניליוור,IL,נמס בכוס טעם עוף,גרמים,28.00,100 גרם,false,0,4.50,16.07,true,1,
7290100247815,false,נמס בכוס עגבנ.אקסטרה39גר,יוניליוור,IL,נמס בכוס עגבניות,גרמים,39.00,100 גרם,false,0,4.50,11.54,true,1,
7290100247839,false,נמס בכוס ירקות אקסטרה35ג,יוניליוור,IL,נמס בכוס ירקות,גרמים,35.00,100 גרם,false,0,4.50,12.86,true,1,
7290100249383,false,מרק פטריות 400 גרם,יוניליוור,IL,מרק פטריות,גרמים,400.00,100 גרם,false,0,23.70,5.93,true,1,
7290100249390,false,מרק טעם עוף ר.טבעיים400ג,יוניליוור,IL,מרק טעם עוף,גרמים,400.00,100 גרם,false,0,18.50,4.63,true,1,
7290100249475,false,מרק נמס בכוס תירס22.5*2ג,יוניליוור,IL,נמס בכוס תירס,גרמים,45.00,100 גרם,false,0,6.90,15.33,true,1,
7290100249482,false,נמס בכוס אפונה 25*2 גרם,יוניליוור,IL,נמס בכוס אפונה,גרמים,50.00,100 גרם,false,0,6.90,13.80,true,1,
7290100249659,false,רוטב לעוף צ'ילי שום320גר,יוניליוור,IL,רוטב לעוף,גרמים,320.00,100 גרם,false,0,10.90,3.41,true,1,
7290100411711,false,ליסטרין טוטל קר וייט750מ,ג'ונסון,IL,מי פה ליסטרין,מיליליטרים,750.00,"100 מ""ל",false,1,45.00,6.00,true,1,
7290100613658,false,גרעין חמניה קלוי וממולח,א.ע.ש. קליית ציון,IL,גרעין חמניה קלוי,גרמים,200.00,100 גרם,false,0,7.80,3.90,true,1,
7290100653463,false,סבון פלמוליב ספא מסג500',קולגייט-פלמוליב,IT,סבון פלמוליב,מיליליטרים,500.00,"100 מ""ל",false,0,13.90,2.78,true,1,
7290100653586,false,ליידי ס.סטיק24/7ג'ל ורוד,קולגייט-פלמוליב,US,דאודורנט,גרמים,65.00,100 גרם,false,0,21.90,33.69,true,1,
7290100658338,false,פלמוליב אוקסי כחול 750מל,קולגייט-פלמוליב,GR,פלמוליב לכלים,מיליליטרים,750.00,"100 מ""ל",false,0,9.90,1.32,true,1,
7290100659106,false,חטיף FREE בוטנים 5יחידות,טבעית,IL,חטיף FREE בוטנים,גרמים,120.00,100 גרם,false,0,13.00,10.83,true,1,
7290100680155,false,"אלף האיים לייט2% 600מ""ל",אסם,IL,רוטב אלף האיים,מיליליטרים,600.00,"100 מ""ל",false,0,15.90,2.65,true,1,
7290100680728,false,פירורית רגילה 350 גרם,אסם,IL,פירורית אסם,גרמים,350.00,100 גרם,false,0,7.60,2.17,true,1,
7290100683613,false,ויטמינצ'יק מנגו אפרסק 1ל,בית השיטה,IL,סירופ ויטמינצ'יק,ליטרים,1.00,ליטר,false,0,12.90,12.90,true,1,
7290100684306,false,"רוטב צ'לי מתוק 600 מ""ל",אסם,IL,רוטב צ'לי מתוק,מיליליטרים,600.00,"100 מ""ל",false,0,16.80,2.80,true,1,
7290100685136,false,"מרק טעם עוף פרווה 1 ק""ג",אסם,IL,מרק טעם עוף,קילוגרמים,1.00,"ק""ג",false,0,15.50,15.50,true,1,
7290100686164,false,ביסלי ברביקיו 35*6 גרם,אסם,IL,ביסלי מארז 6 יח,גרמים,210.00,100 גרם,false,0,12.90,6.14,true,1,
7290100689844,false,מרק עוף ואטריות לבישול70,אסם,IL,מרק עוף+אטריות,גרמים,70.00,100 גרם,false,0,8.90,12.71,true,1,
7290100700075,false,פירורי לחם מוזהבים200ג,סוגת,IL,פירורי לחם מוזהב,גרמים,200.00,100 גרם,false,0,4.00,2.00,true,1,
7290100700242,false,"אורז מלא עגול סוגת 1 ק""ג",סוגת,IL,אורז מלא עגול,קילוגרמים,1.00,"ק""ג",false,0,8.80,8.80,true,1,
7290100700273,false,קינואה סוגת 500 גרם,סוגת,IL,קינואה סוגת,גרמים,500.00,100 גרם,false,0,18.90,3.78,true,1,
7290100700372,false,"אורז בסמטי מלא 1 ק""ג",סוגת,IL,אורז בסמטי מלא,קילוגרמים,1.00,"ק""ג",false,0,10.00,10.00,true,1,
7290100700433,false,מקלוני סוכר לבן 50יח5Xגר,"שוגארט בע""מ",IL,מקלוני סוכר,גרמים,250.00,100 גרם,false,0,8.90,3.56,true,1,
7290100701331,false,"קמח רב תכליתי 1 ק""ג",סוגת,IL,קמח רב תכליתי,קילוגרמים,1.00,"ק""ג",false,0,6.90,6.90,true,1,
7290100701577,false,"קמח לחם 1 ק""ג",סוגת,IL,"קמח לחם 1 ק""ג",קילוגרמים,1.00,"ק""ג",false,0,6.90,6.90,true,1,
7290100702260,false,קוסקוס דק,סוגת,IL,קוסקוס דק,גרמים,350.00,100 גרם,false,0,4.90,1.40,true,1,
7290100703458,false,כוסמת לא קלויה 500 גרם,סוגת,IL,כוסמת לא קלויה,גרמים,500.00,100 גרם,false,1,6.90,1.38,true,1,
7290100829639,false,בסט מסיר לק,,CA,בסט מסיר לק,מיליליטרים,295.00,"100 מ""ל",false,0,9.80,3.32,true,1,
7290100850336,false,מיני פסק זמן 195 גרם,שטראוס,IL,מיני פסק זמן,גרמים,195.00,100 גרם,false,0,15.90,8.15,true,1,
7290100850411,false,מיקס חטיפים 190 גרם,שטראוס,IL,מיקס חטיפים,גרמים,190.00,100 גרם,false,0,15.90,8.37,true,1,
7290100850466,false,מיקס פסק זמן 390 גרם,שטראוס,IL,מיקס פסק זמן,גרמים,390.00,100 גרם,false,0,20.90,5.36,true,1,
7290100853689,false,בראוניס שוקולד עשירה380ג,שטראוס,IL,בראוניס שוקולד,גרמים,380.00,100 גרם,false,0,16.00,4.21,true,1,
7290100856253,false,ממרח שוק.ל.תוס.סוכר300ג,שטראוס,IL,ממרח שוקולד פרה,גרמים,300.00,100 גרם,false,0,14.90,4.97,true,1,
7290100858219,false,טבלת פסק זמן טראפלס110גר,שטראוס,IL,טבלת פסק זמן,גרמים,110.00,100 גרם,false,0,8.10,7.36,true,1,
7290100858226,false,טבלת פסק זמן קלאסי110גרם,שטראוס,IL,טבלת פסק זמן,גרמים,110.00,100 גרם,false,0,8.10,7.36,true,1,
7290100858592,false,קקאו עלית 150 גרם,עלית,IL,קקאו עלית,גרמים,150.00,100 גרם,false,0,9.90,6.60,true,1,
7290100859209,false,מסטיק מאסט עלמה אוכמני28,שטראוס,IL,מסטיק מאסט,גרמים,28.00,100 גרם,false,0,4.30,15.36,true,1,
7290100921517,false,שמפו הוואי משקם ומטפח700,טרופיקל דגיל,IL,שמפו הוואי,מיליליטרים,700.00,"100 מ""ל",false,0,8.90,1.27,true,1,
7290100921616,false,כדוריות לאסלה אורנים50ג,הנקל סוד,IL,סבון אסלה,גרמים,50.00,100 גרם,false,0,8.90,17.80,true,1,
7290100922316,false,ג'ל רח.הוואי פינק פשי750,טרופיקל דגיל,IL,ג'ל רחצה הוואי,מיליליטרים,750.00,"100 מ""ל",false,0,9.90,1.32,true,1,
7290100922408,false,תחליב רחצה הוואי נקטר750,טרופיקל דגיל,IL,תחליב רחצה הוואי,מיליליטרים,750.00,"100 מ""ל",false,0,9.90,1.32,true,1,
7290100922514,false,תח.רחצה הוואי שקדים 750,טרופיקל דגיל,IL,תחליב רחצה הוואי,מיליליטרים,750.00,"100 מ""ל",false,0,9.90,1.32,true,1,
7290100922538,false,הוואי סבון יוגורט100*4ג,טרופיקל דגיל,IL,4 סבון הוואי מוצ,גרמים,400.00,100 גרם,false,0,14.80,3.70,true,1,
7290100922620,false,ג'ל רח.הוואי מי קוקוס750,טרופיקל דגיל,IL,ג'ל רחצה הוואי,מיליליטרים,750.00,"100 מ""ל",false,1,9.90,1.32,true,1,
7290100922651,false,הוואי סבון מי קוקוס100*4,פוליבה,IL,סבון הוואי 4 יח,גרמים,400.00,100 גרם,false,1,11.90,2.98,true,1,
7290100923108,false,תח.הוואי יוגורט וניל750מ,טרופיקל דגיל,IL,תחליב רחצה הוואי,מיליליטרים,750.00,"100 מ""ל",false,0,9.90,1.32,true,1,
7290100923122,false,תח.רחצה הוואי יוגורט 750,טרופיקל דגיל,IL,תחליב רחצה הוואי,מיליליטרים,750.00,"100 מ""ל",false,0,9.90,1.32,true,1,
7290100923153,false,תחליב רחצה הוואי קאקא750,טרופיקל דגיל,IL,תחליב רחצה הוואי,מיליליטרים,750.00,"100 מ""ל",false,0,9.90,1.32,true,1,
7290100924457,false,סוד כדוריות לאסלה 50*3גר,הנקל סוד,PL,כדוריות לאסלה,גרמים,150.00,100 גרם,false,1,12.90,8.60,true,1,
7290100924594,false,סוד מרכך מרוכז ורוד900מ,הנקל סוד,IL,סוד מרכך ורוד,מיליליטרים,900.00,"100 מ""ל",false,1,12.90,1.43,true,1,
7290100924600,false,סוד מרכך מרוכז כחול900מ,הנקל סוד,IL,סוד מרכך כחול,מיליליטרים,900.00,"100 מ""ל",false,1,12.90,1.43,true,1,
7290100924617,false,סוד מרכך מרוכז סגול900מ,הנקל סוד,IL,סוד מרכך סגול,מיליליטרים,900.00,"100 מ""ל",false,1,12.90,1.43,true,1,
7290100925089,false,סוד כדוריות לימון 50 גרם,הנקל סוד,HU,סבון אסלה,גרמים,50.00,100 גרם,false,1,8.90,17.80,true,1,
7290100925232,false,סוד רצפות בריליאנט ירוק,הנקל סוד,ES,בריליאנט לרצפות,ליטרים,1.25,ליטר,false,1,10.90,8.72,true,1,
7290100925560,false,פרסיל ג'ל בלו 2.7 ליטר,הנקל סוד,IL,פרסיל ג'ל,ליטרים,2.70,ליטר,false,1,34.10,12.63,true,1,
7290100925669,false,קולור קאצ'ר 10 דפים,הנקל סוד,IE,קולור קאצ'ר,יחידה,1.00,יחידה,false,1,10.00,10.00,true,1,
7290100925676,false,קולור קאצ'ר 20 דפים,הנקל סוד,IE,קולור קאצ'ר,יחידה,1.00,יחידה,false,1,19.90,19.90,true,1,
7290100925775,false,סוד לכלים רימון+תאנים650,הנקל סוד,IL,נוזל כלים רימון,מיליליטרים,650.00,"100 מ""ל",false,1,6.50,1.00,true,1,
7290100925782,false,סוד נוזל כלים לימון 1.25,הנקל סוד,IL,סוד לכלים,ליטרים,1.25,ליטר,false,1,8.90,7.12,true,1,
7290100927717,false,פרסיל קולור,,IL,פרסיל קולור,קילוגרמים,5.00,"ק""ג",false,0,34.90,6.98,true,1,
7290100929681,false,ג'ל רח.הוואי750iresistib,טרופיקל דגיל,IL,ג'ל רחצה הוואי,מיליליטרים,750.00,"100 מ""ל",false,0,9.90,1.32,true,1,
7290100929698,false,ג'ל רח.הוואי for 750full,טרופיקל דגיל,IL,ג'ל רחצה הוואי,מיליליטרים,750.00,"100 מ""ל",false,0,9.90,1.32,true,1,
7290100929728,false,מרכך מרוכז ארומה,,IL,מרכך מרוכז ארומה,מיליליטרים,900.00,"100 מ""ל",false,0,12.90,1.43,true,1,
7290100929742,false,מרכך מרוכז ארומה,,IL,מרכך מרוכז ארומה,מיליליטרים,900.00,"100 מ""ל",false,0,12.90,1.43,true,1,
7290101110163,false,גל.וניל עוגיות 1.3 ליטר,גלידות פלדמן,IL,גל.פלדמן,ליטרים,1.30,ליטר,false,0,21.90,16.85,true,1,
7290101112211,false,מאגדת שייק אננס,גלידות פלדמן,IL,מאגדת שייק אננס,גרמים,480.00,100 גרם,false,0,31.90,6.65,true,1,
7290101112594,false,גל.משפ.שוקולטה ונילה 1.3,גלידות פלדמן,IL,גל.משפ.שוקולטה,מיליליטרים,1300.00,"100 מ""ל",false,1,21.90,1.68,true,1,
7290101480327,false,משחת קולגייט + מברשת,קולגייט-פלמוליב,PL,משחת קולגייט+מבר,יחידה,1.00,יחידה,false,1,9.90,9.90,true,1,
7290101487470,false,לייד ס.סטיק אלוורה כחול,קולגייט-פלמוליב,US,דאודורנט סטיק,גרמים,45.00,100 גרם,false,0,19.90,44.22,true,1,
7290101580089,false,יוגב קברנה סוביניון750מ,יקבי בנימינה,IL,יוגב קברנה,מיליליטרים,750.00,"100 מ""ל",false,1,29.90,3.99,true,1,
7290101581734,false,"מרלו רזרב 750 מ""ל",יקבי בנימינה,IL,מרלו רזרב,מיליליטרים,750.00,"100 מ""ל",false,1,59.90,7.99,true,1,
7290101864127,false,וניש קליה ספריי 750מל,רקיט בנקיזר,PL,וניש קליה ספריי,מיליליטרים,750.00,"100 מ""ל",false,0,15.00,2.00,true,1,
7290101866176,false,קולון101 ג'ל כביסה3ליטר,רקיט בנקיזר,,קולון ג'ל,ליטרים,3.00,ליטר,false,0,25.90,8.63,true,1,
7290101868958,false,פיניש נוזל הברקה 800מל,רקיט בנקיזר,PL,פיניש נוזל הברקה,מיליליטרים,800.00,"100 מ""ל",false,0,19.90,2.49,true,1,
7290101868996,false,פיניש AIO הכל ב1- 60טב,רקיט בנקיזר,PL,פיניש טבליות,יחידה,1.00,יחידה,false,1,49.90,49.90,true,1,
7290101869702,false,"פיניש ג'ל למדיח 600 מ""ל",רקיט בנקיזר,PL,פיניש ג'ל למדיח,מיליליטרים,600.00,"100 מ""ל",false,1,24.90,4.15,true,1,
7290101869771,false,איירוויק מילוי 250מל,רקיט בנקיזר,PL,אירוויק מילוי,מיליליטרים,250.00,"100 מ""ל",false,1,19.90,7.96,true,1,
7290101869788,false,איירוויק מילוי 250מל,רקיט בנקיזר,PL,אירוויק מילוי,מיליליטרים,250.00,"100 מ""ל",false,1,19.90,7.96,true,1,
7290101869900,false,איירוויק מילוי 250מל,רקיט בנקיזר,PL,אירוויק מילוי,מיליליטרים,250.00,"100 מ""ל",false,1,19.90,7.96,true,1,
7290102031276,false,"אקטימל תות בננה 100*8מ""ל",שטראוס,IL,אקטימל 8 יח,מיליליטרים,800.00,"100 מ""ל",false,0,20.90,2.61,true,1,
7290102062195,false,"משחת אלמקס ג'וניור 75מ""ל",קולגייט-פלמוליב,DE,משחת אלמקס,מיליליטרים,75.00,"100 מ""ל",false,0,13.80,18.40,true,1,
7290102067626,false,מב.שיניים אלמקס לילד0-3,גאבה,IL,מברשות אלמקס,יחידה,1.00,יחידה,false,0,18.70,18.70,true,1,
7290102394845,false,גב.צהובה נעם דק דק9% 200,טרה,IL,גבינה צהובה דק9%,גרמים,200.00,100 גרם,false,0,15.90,7.95,true,1,
7290102395224,false,יוג.מולר נטורל1.7% 150*8,טרה,IL,יוגורט ביאנקו 8י,קילוגרמים,1.20,"ק""ג",false,0,17.90,14.92,true,1,
7290102395460,false,מו שוקולד אגוזים+קצפת123,טרה,IL,מו שוקולד אגוזים,גרמים,123.00,100 גרם,false,0,2.80,2.28,true,1,
7290102395477,false,מו שוקולד וקצפת 123 גרם,טרה,IL,מו שוקולד וקצפת,גרמים,123.00,100 גרם,false,0,2.80,2.28,true,1,
7290102396047,false,יוג.סימפלי אננס1.5% 150ג,טרה,IL,יוגורט אננס 1.5%,גרמים,150.00,100 גרם,false,0,4.90,3.27,true,1,
7290102396269,false,יוג.נטורל3% בננה תמר150ג,טרה,IL,יוגורט נטורל,גרמים,150.00,100 גרם,false,1,3.90,2.60,true,1,
7290102396399,false,מעדן שוקולד 100*8גר,טרה,IL,מעדן שוקולד 8 יח,גרמים,800.00,100 גרם,false,0,13.40,1.68,true,1,
7290102396405,false,מעדן וניל 100*8גרם,טרה,IL,מעדן וניל 8 יח,גרמים,800.00,100 גרם,false,0,13.40,1.68,true,1,
7290102396436,false,מעדן שוקולד מוו1.5% 125ג,טרה,IL,מעדן שוקולד,גרמים,125.00,100 גרם,false,0,2.80,2.24,true,1,
7290102396443,false,מעדן וניל מוו1.5% 125גרם,טרה,IL,מעדן וניל,גרמים,125.00,100 גרם,false,0,2.80,2.24,true,1,
7290102396580,false,מעדן מו שוק+.מוס שוק123ג,טרה,IL,מעדן מו שוקולד,גרמים,123.00,100 גרם,false,0,2.80,2.28,true,1,
7290102396597,false,מעדן מו וניל+מוס שוק123ג,טרה,IL,מעדן מו וניל,גרמים,123.00,100 גרם,false,0,2.80,2.28,true,1,
7290102397358,false,יוג.סימפלי אגס1.5% 150ג,טרה,IL,יוגורט אגס 1.5%,גרמים,150.00,100 גרם,false,1,4.90,3.27,true,1,
7290102397532,false,גבינה לבנה 9% 250 גרם,טרה,IL,גבינה לבנה 9%,גרמים,250.00,100 גרם,false,1,4.60,1.84,true,1,
7290102397679,false,קוטג וחצי 5% 375 גרם,טרה,IL,קוטג וחצי 5%,גרמים,375.00,100 גרם,false,1,7.50,2.00,true,1,
7290102397853,false,מיני פצפוצים צבעוני102*3,טרה,IL,מיני מיקס 3 יח',גרמים,306.00,100 גרם,false,1,10.00,3.27,true,1,
7290102397990,false,גבינה צפתית 5% 200 גרם,משק צוריאל תבור,IL,גבינה צפתית,גרמים,200.00,100 גרם,false,1,14.50,7.25,true,1,
7290102398065,false,חלב 3% בקרטון מהדרין 2ל',טרה,IL,חלב 3% בקרטון,ליטרים,2.00,ליטר,false,1,10.90,5.45,true,1,
7290103124601,false,פלמוליב חלב ודבש משאב750,קולגייט-פלמוליב,TH,סבון פלמוליב,מיליליטרים,750.00,"100 מ""ל",false,0,15.90,2.12,true,1,
7290103126797,false,"קולגייט פרו ריליף 75 מ""ל",קולגייט-פלמוליב,BR,משחת קולגייט,מיליליטרים,75.00,"100 מ""ל",false,0,25.90,34.53,true,1,
7290103129231,false,מברשת חשמלית קולגייט 360,קולגייט-פלמוליב,CN,מברשת חשמילית,יחידה,1.00,יחידה,false,0,70.00,70.00,true,1,
7290103401382,false,קפה נמס פרא אפריקאי200גר,עלית,IL,קפה פרא אפריקאי,גרמים,200.00,100 גרם,false,0,24.90,12.45,true,1,
7290103407629,false,גרנולה פקאנים ומייפל400ג,מלדר נטוראל פודס,BE,גרנולה אנרג'י,גרמים,400.00,100 גרם,false,0,13.90,3.48,true,1,
7290103680244,false,פנינים תבור רוזה מבעב750,יקב תבור,IL,פנינים רוזה,מיליליטרים,750.00,"100 מ""ל",false,0,34.90,4.65,true,1,
7290104061219,false,רבע לשבע אגוזים 120 גרם,שטראוס,IL,רבע לשבע אגוז,גרמים,120.00,100 גרם,false,0,10.00,8.33,true,1,
7290104062599,false,גמדים תות בננה 100*8 גרם,שטראוס,IL,גמדים תות בננה,גרמים,800.00,100 גרם,false,0,18.50,2.31,true,1,
7290104066566,false,טחינה אחלה 500 גרם,שטראוס,IL,טחינה אחלה 500גר,גרמים,500.00,100 גרם,false,0,14.90,2.98,true,1,
7290104067198,false,ספלנדיד מריר 70%תפוז100ג,שטראוס,IL,שוקולד ספלנדיד,גרמים,100.00,100 גרם,false,0,10.90,10.90,true,1,
7290104068539,false,מאסט LL מלון ואבטיח 28גר,שטראוס,IL,מסטיק מאסט,גרמים,28.00,100 גרם,false,0,4.30,15.36,true,1,
7290104068546,false,מאסט פליפ קולה מגדים28ג,שטראוס,IL,מסטיק מאסט,גרמים,28.00,100 גרם,false,0,4.30,15.36,true,1,
7290104260575,false,אביזרי שיער,,IL,אביזרי שיער,יחידה,1.00,יחידה,false,0,3.00,3.00,true,1,
7290104570162,false,תמר כבוש500גרם,ששון,IL,תמר כבוש500גרם,גרמים,500.00,100 גרם,false,0,16.90,3.38,true,1,
7290104725326,false,קוטג' 5% 400 גרם,שטראוס,IL,קוטג5%',גרמים,400.00,100 גרם,false,0,9.00,2.25,true,1,
7290104726712,false,מארז מילקי ט.שוקולד170*8,שטראוס,IL,מארז מילקי 8 יח',ליטרים,1.36,ליטר,false,0,20.90,15.37,true,1,
7290104728310,false,שמנת עמידה לקצפת38% 250מ,יטבתה,IL,שמנת עמידה לקצפת,גרמים,250.00,100 גרם,false,0,5.95,2.38,true,1,
7290104960239,false,סבון נקה7 ארומה לבן 750מ,אמיליה קוסמטיקס,IL,תחליב רחצה נקה 7,מיליליטרים,750.00,"100 מ""ל",false,0,10.00,1.33,true,1,
7290104960246,false,תחליב רח.נקה 7 ורוד 750,אמיליה קוסמטיקס,IL,תחליב רחצה נקה 7,מיליליטרים,750.00,"100 מ""ל",false,0,10.00,1.33,true,1,
7290104960253,false,סבון נקה7 ארומה לבנדר750,אמיליה קוסמטיקס,IL,תחליב רחצה נרה 7,מיליליטרים,750.00,"100 מ""ל",false,0,10.00,1.33,true,1,
7290104960338,false,תחליב רח.נקה 7 אלוורה750,אמיליה קוסמטיקס,IL,תחליב רחצה נקה 7,מיליליטרים,750.00,"100 מ""ל",false,0,10.00,1.33,true,1,
7290104961526,false,טיטניום ספריי קלאסי150מ,קרליין,IL,טיטניום ספריי,מיליליטרים,150.00,"100 מ""ל",false,0,9.90,6.60,true,1,
7290104961878,false,"שמפו קרטין נטורל 400 מ""ל",קוסמופארם,IL,שמפו קרטין,מיליליטרים,400.00,"100 מ""ל",false,0,29.90,7.48,true,1,
7290104961885,false,"מרכך קרטין נטורל 400 מ""ל",קוסמופארם,IL,מרכך קרטין,מיליליטרים,400.00,"100 מ""ל",false,0,29.90,7.48,true,1,
7290104962073,false,דאו.טיטניום,,IL,דאו.טיטניום,מיליליטרים,180.00,"100 מ""ל",false,0,14.90,8.28,true,1,
7290104962110,false,"דאו.קרליין לנערות150מ""ל",קרליין,IL,ספריי נושם,מיליליטרים,150.00,"100 מ""ל",false,0,11.90,7.93,true,1,
7290104962127,false,"סטיק נושם 50 מ""ל",קרליין,IL,"סטיק נושם 50 מ""ל",מיליליטרים,50.00,"100 מ""ל",false,0,13.90,27.80,true,1,
7290104962134,false,דאו. קרליין רול און נושם,קרליין,IL,רול און נושם,מיליליטרים,75.00,"100 מ""ל",false,0,11.90,15.87,true,1,
7290104962684,false,דאו.נושם ללא אלומיניום75,קרליין,IL,דאו.קרליין,מיליליטרים,75.00,"100 מ""ל",false,0,11.90,15.87,true,1,
7290104962868,false,"מסכת אמפולה נטורל 350מ""ל",קוסמופארם,IL,מסכת אמפולה,מיליליטרים,350.00,"100 מ""ל",false,1,40.00,11.43,true,1,
7290104963001,false,מגבונים סופטקר עדין72*4,טרופיקל דגיל,IL,מגבונים סופטקר,יחידה,1.00,יחידה,false,1,17.90,17.90,true,1,
7290104963216,false,סופטקר אלסבון עדין 1ליטר,נקה,IL,סופטקר אלסבון,ליטרים,1.00,ליטר,false,1,15.90,15.90,true,1,
7290104964329,false,שמפו ספריי שיער צבוע200מ,קוסמופארם,IL,שמפו נטורל ספריי,מיליליטרים,200.00,"100 מ""ל",false,1,29.90,14.95,true,1,
7290105360250,false,קפסולות מס' 9 50 גרם,עלית,IL,קפסולות מס' 9,גרמים,50.00,100 גרם,false,0,15.90,31.80,true,1,
7290105360342,false,קפסולות מס' 8 50 גרם,עלית,IL,קפסולות מס' 8,גרמים,50.00,100 גרם,false,0,15.90,31.80,true,1,
7290105360755,false,"שמן זית 3 חזק 750 מ""ל",יד מרדכי,IL,שמו זית 3 חזק,מיליליטרים,750.00,"100 מ""ל",false,0,35.90,4.79,true,1,
7290105362339,false,שמנת לבישול15%מהדרין250,יטבתה,IL,שמנת לבישול 15%,מיליליטרים,250.00,"100 מ""ל",false,0,8.40,3.36,true,1,
7290105364791,false,אייס קפה נמס 400 גרם,עלית,IL,אייס קפה נמס,גרמים,400.00,100 גרם,false,0,29.80,7.45,true,1,
7290105366047,false,טחינה לבנה 400 גרם,שטראוס,IL,טחינה לבנה,גרמים,400.00,100 גרם,false,0,15.90,3.98,true,1,
7290105368331,false,"מילקי בטעם תות 170 מ""ל",שטראוס,IL,מילקי טעם תות,מיליליטרים,170.00,"100 מ""ל",false,0,2.80,1.65,true,1,
7290105368904,false,"שמנת מתוקה 32% 250 מ""ל",יטבתה,IL,שמנת מתוקה32%,מיליליטרים,250.00,"100 מ""ל",false,0,7.60,3.04,true,1,
7290105368928,false,שמנת 9% יטבתה מהדרין200מ,יטבתה,IL,שמנת 9% יטבתה,מיליליטרים,200.00,"100 מ""ל",false,0,3.10,1.55,true,1,
7290105369147,false,שוק.ספלנדיד פירות יער100,שטראוס,IL,שוקולד ספלנדיד,גרמים,100.00,100 גרם,false,0,10.90,10.90,true,1,
7290105430441,false,סב.פלמוליב סחלב שחור750מ,קולגייט-פלמוליב,TR,סבון פלמוליב,מיליליטרים,750.00,"100 מ""ל",false,0,15.90,2.12,true,1,
7290105430458,false,סבון פלמוליב שקדים 750 מ,קולגייט-פלמוליב,TR,סבון פלמוליב,מיליליטרים,750.00,"100 מ""ל",false,0,15.90,2.12,true,1,
7290105430489,false,ליידי ס.ס סטיין גארד 50מ,קולגייט-פלמוליב,IL,ליידי ספיד סטיק,מיליליטרים,50.00,"100 מ""ל",false,0,15.00,30.00,true,1,
7290105439581,false,חרדל דיז'ון צרפתי 370גרם,רמיה סי.וי.הולנד,NL,חרדל דיז'ון,גרמים,370.00,100 גרם,false,1,10.00,2.70,true,1,
7290105474131,false,מעדן בונזו עוף וירקות170,PRODUCTS FOOD HIQ,TH,מעדן בונזו,גרמים,170.00,100 גרם,false,0,7.80,4.59,true,1,
7290105474148,false,מעדן בונזו עוף ובקר 170,PRODUCTS FOOD HIQ,TH,מעדן בונזו,גרמים,170.00,100 גרם,false,0,7.80,4.59,true,1,
7290105500625,false,"ג'ין בומביי ספייר 700מ""ל",בומביי ספיריטס,GB,ג'ין בומביי,מיליליטרים,700.00,"100 מ""ל",false,1,99.90,14.27,true,1,
7290105500748,false,וויסקי סקוטי,,IL,וויסקי סקוטי,מיליליטרים,700.00,"100 מ""ל",false,0,79.90,11.41,true,1,
7290105690456,false,מרק נמס אפונה 26*2 גרם,אסם,IL,מרק נמס אפונה,גרמים,52.00,100 גרם,false,0,5.90,11.35,true,1,
7290105691224,false,קריספי טורטיה שום בצל60ג,"פרח תעשיות מזון בע""מ",IL,קריספי טורטיה,גרמים,60.00,100 גרם,false,0,7.80,13.00,true,1,
7290105691699,false,עוג.ביס בטעם חמאה300ג,כרמית,IL,עוגיות ביס חמאה,גרמים,300.00,100 גרם,false,0,10.90,3.63,true,1,
7290105694614,false,ספגטי מהיר הכנה 500 גרם,זארה,IT,ספגטי מהיר הכנה,גרמים,500.00,100 גרם,false,0,5.50,1.10,true,1,
7290105694775,false,טריקס פירות דגני תירס480,ג'נרל מילס,US,טריקס בטעם פירות,גרמים,480.00,100 גרם,false,0,18.90,3.94,true,1,
7290105694904,false,מרק פטריות רכיבים טבעיים,אסם,IL,מרק פטריות,גרמים,220.00,100 גרם,false,0,14.90,6.77,true,1,
7290105694928,false,מרק בצל רכיבים טבעיים220,אסם,IL,מרק בצל,גרמים,220.00,100 גרם,false,0,14.90,6.77,true,1,
7290105695024,false,פתיתים אורז ואטריות500ג,אסם,IL,פתיתים אפויים,גרמים,500.00,100 גרם,false,0,6.90,1.38,true,1,
7290105695994,false,"רוטב סויה טבעי 290 מ""ל",אסם,IL,רוטב סויה טבעי,מיליליטרים,290.00,"100 מ""ל",false,0,14.40,4.97,true,1,
7290105964748,false,בונ.ספלנדיד מריר%70 216ג,שטראוס,IL,בונבונ.ספלנדיד,גרמים,216.00,100 גרם,false,0,27.70,12.82,true,1,
7290105964755,false,בונ.ספלנדיד מיקס 216 גרם,שטראוס,IL,בונ.ספלנדיד מיקס,גרמים,216.00,100 גרם,false,0,27.70,12.82,true,1,
7290105965615,false,אקטיביה בר+גרנולה ושקדים,שטראוס,IL,אקטיביה בר,גרמים,157.00,100 גרם,false,1,4.90,3.12,true,1,
7290106415034,false,וופל שכבות קרם אגוז22ג5*,ס.ספיץ',AT,וופל קרם אגוז5יח,גרמים,110.00,100 גרם,false,1,7.90,7.18,true,1,
7290106504783,false,פמפרס פרימיום מידה4 20*4,פרוקטר & גמבל,IL,רביעיית פמפרס,יחידה,1.00,יחידה,false,1,79.90,79.90,true,1,
7290106506954,false,24 אולוויז רדיאנט נורמל,פרוקטר & גמבל,HU,אולוויז רדיאנט,יחידה,1.00,יחידה,false,1,29.90,29.90,true,1,
7290106520066,false,רבע לשבע 160 גרם,עלית,IL,רבע לשבע 160 גרם,גרמים,160.00,100 גרם,false,0,10.00,6.25,true,1,
7290106520295,false,דנונה פרו לבן 2.9% 150גר,שטראוס,IL,דנונה פרו לבן,גרמים,150.00,100 גרם,false,1,4.90,3.27,true,1,
7290106520387,false,"בזוקה גולים לל""ס 21 גרם",עלית,IL,"בזוקה גולים לל""ס",גרמים,21.00,100 גרם,false,0,4.90,23.33,true,1,
7290106520462,false,מילקי קייק 4 * 34 גרם,TSC,IT,מילקי קייק 4יח,גרמים,136.00,100 גרם,false,1,10.90,8.01,true,1,
7290106520912,false,"שמנת לבישול 9% 250 מ""ל",יטבתה,IL,שמנת לבישול 9%,מיליליטרים,250.00,"100 מ""ל",false,0,8.40,3.36,true,1,
7290106525320,false,שוקולית לאפיה 500 גרם,עלית,IL,שוקולית לאפיה,גרמים,500.00,100 גרם,false,0,15.50,3.10,true,1,
7290106525504,false,טעמי בייגלה 42 גרם,שטראוס,IL,טעמי בייגלה,גרמים,42.00,100 גרם,false,0,3.90,9.29,true,1,
7290106571907,false,עוגיות שוקולד צ'יפס180ג,אסם,IL,עוגיות פיטנס,גרמים,180.00,100 גרם,false,0,11.90,6.61,true,1,
7290106571921,false,עוגיות חמוציות פיטנס180ג,אסם,IL,עוגיות פיטנס,גרמים,180.00,100 גרם,false,0,11.90,6.61,true,1,
7290106571945,false,עוג.שוקולד מריר פיטנס180,אסם,IL,עוגיות פיטנס,גרמים,180.00,100 גרם,false,1,11.90,6.61,true,1,
7290106572027,false,לחמית חמישה דגנים 190גרם,אסם,IL,לחמית 5 דגנים,גרמים,190.00,100 גרם,false,0,9.50,5.00,true,1,
7290106572997,false,"קמח שמרים לפיצה 1 ק""ג",תחנת קמח המפרץ,IL,קמח שמרים לפיצה,קילוגרמים,1.00,"ק""ג",false,0,9.40,9.40,true,1,
7290106573291,false,חט.קריספי טאפאס פלפל150ג,אסם,IL,חטיפי קריספי,גרמים,150.00,100 גרם,false,0,11.80,7.87,true,1,
7290106574977,false,בייגלה שטוחים מלח300גרם,אסם,IL,בייגלה שטוחים,גרמים,300.00,100 גרם,false,0,10.90,3.63,true,1,
7290106575011,false,פתיתים פלוס חיטה מלאה400,אסם,IL,פתיתים פלוס,גרמים,400.00,100 גרם,false,0,6.90,1.73,true,1,
7290106575332,false,פתיתים פלוס בורגול 400 ג,קוסקוס מזון,IL,פתיתים פלוס,גרמים,400.00,100 גרם,false,0,6.90,1.73,true,1,
7290106576209,false,ביסלי אקסטרים מעושן 70 ג,אסם,IL,ביסלי אקסטרים,גרמים,70.00,100 גרם,false,0,4.50,6.43,true,1,
7290106576957,false,לה קרמריה שוקו וניל,נסטלה,IL,לה קרמריה,ליטרים,1.40,ליטר,false,0,21.90,15.64,true,1,
7290106577282,false,טחינה צבר מרובע 400 גרם,צבר,IL,טחינה צבר,גרמים,400.00,100 גרם,false,0,12.10,3.03,true,1,
7290106577480,false,חציל על האש בטחינה400גר,צבר,IL,חציל על האש צבר,גרמים,400.00,100 גרם,false,0,12.90,3.23,true,1,
7290106577503,false,חציל במיונז מרובע 400גרם,צבר,IL,חציל במיונז צבר,גרמים,400.00,100 גרם,false,0,12.10,3.03,true,1,
7290106577961,false,צ'ריוס שיבולת שועל 340גר,ג'נרל מילס,US,דגני צ'יריוס,גרמים,340.00,100 גרם,false,0,15.90,4.68,true,1,
7290106578333,false,חציל על האש מרובע צבר400,צבר,IL,חציל על האש צבר,גרמים,400.00,100 גרם,false,0,11.80,2.95,true,1,
7290106578821,false,עוגת שמרים שוקולד 350גרם,אסם,IL,עוגת שמרים,גרמים,350.00,100 גרם,false,0,17.30,4.94,true,1,
7290106653207,false,פיתה קראנצ' זעתר 300 גרם,עלית,IL,פיתה קראנצ',גרמים,300.00,100 גרם,false,0,13.50,4.50,true,1,
7290106653429,false,פיתה קראנצ מחיטה מלאה300,עלית,IL,פיתה קראנצ',גרמים,300.00,100 גרם,false,0,13.50,4.50,true,1,
7290106656260,false,פופקורן טבעי 65 גרם,שטראוס,IL,פופקורן טבעי,גרמים,65.00,100 גרם,false,1,4.20,6.46,true,1,
7290106658479,false,טורטית מגדים 40 גרם,שטראוס,IL,טורטית מגדים,גרמים,40.00,100 גרם,false,1,3.90,9.75,true,1,
7290106659957,false,דבש טהור מפרחי בר 320גרם,יד מרדכי,IL,דבש טהור,גרמים,320.00,100 גרם,false,1,19.90,6.22,true,1,
7290106660649,false,ציטוס בוטנים 80 גרם,שטראוס,IL,ציטוס בוטנים,גרמים,80.00,100 גרם,false,1,5.10,6.38,true,1,
7290106661547,false,דוריטוס פלאפל 70 גרם,שטראוס,IL,דוריטוס פלאפל,גרמים,70.00,100 גרם,false,1,3.60,5.14,true,1,
7290106662193,false,רולדה טוויסט 350 גרם,עלית,IL,רולדה טוויסט,גרמים,350.00,100 גרם,false,1,14.90,4.26,true,1,
7290106662230,false,"בפלות טוב טעם בד""צ 445גר",שטראוס,IL,בפלות טוב טעם,גרמים,445.00,100 גרם,false,1,16.50,3.71,true,1,
7290106662377,false,רבע לשבע בוטנים 120 גרם,שטראוס,IL,רבע לשבע בוטנים,גרמים,120.00,100 גרם,false,1,10.00,8.33,true,1,
7290106662971,false,סוכריות ג'לית 80 גרם,שטראוס,IL,סוכריות ג'לית,גרמים,80.00,100 גרם,false,1,4.90,6.13,true,1,
7290106663015,false,טורטית נשנושים 130 גרם,עלית,IL,טורטית נשנושים,גרמים,130.00,100 גרם,false,1,10.00,7.69,true,1,
7290106663121,false,מילקי קייק 34 גרם,TSC,IT,מילקי קייק,גרמים,34.00,100 גרם,false,1,3.00,8.82,true,1,
7290106663497,false,ממרח חרדל עם דבש 210 גרם,אי.די.סי,FR,חרדל עם דבש,גרמים,210.00,100 גרם,false,1,12.90,6.14,true,1,
7290106664548,false,רוטב שמנת4+גבינות9% 250מ,שטראוס,IL,רוטב שמנת גבינות,מיליליטרים,250.00,"100 מ""ל",false,1,10.50,4.20,true,1,
7290106664654,false,דוריטוס ט.טבעי 40*6 גרם,עלית,IL,דוריטוס 6 יח,גרמים,240.00,100 גרם,false,1,11.80,4.92,true,1,
7290106666412,false,חטיפי אנרגי שוק.מריר26*6,עלית,IL,חטיפי אנרג'י 6יח,גרמים,156.00,100 גרם,false,1,11.90,7.63,true,1,
7290106667594,false,דנונה אפרסק 0% 150 גרם,שטראוס,IL,דנונה אפרסק 0%,גרמים,150.00,100 גרם,false,1,4.90,3.27,true,1,
7290106668010,false,בפלות מוקצף 800 גרם,שטראוס,IL,בפלות מוקצף,גרמים,800.00,100 גרם,false,1,19.90,2.49,true,1,
7290106668737,false,דנונה לשתיה דיאט תות267ג,שטראוס,IL,דנונה לשתיה,גרמים,267.00,100 גרם,false,1,5.00,1.87,true,1,
7290106669659,false,אנרג'י קידס קארס 23*6גרם,שטראוס,IL,אנרג'י ילדים 6יח,גרמים,138.00,100 גרם,false,1,9.00,6.52,true,1,
7290106720329,false,נישנושי תירס משפחתי 600ג,שטראוס,IL,נישנושי תירס,גרמים,600.00,100 גרם,false,0,15.00,2.50,true,1,
7290106720695,false,מיקס חטיפים צהוב 182גרם,שטראוס,IL,מיקס חטיפים צהוב,גרמים,182.00,100 גרם,false,0,10.00,5.49,true,1,
7290106721913,false,מסטיק מרעננת מגדים 66גרם,שטראוס,IL,מסטיק מרעננת,גרמים,66.00,100 גרם,false,1,9.90,15.00,true,1,
7290106722101,false,באגט קראנצ טבעי 300 גרם,עלית,IL,באגט קראנצ טבעי,גרמים,300.00,100 גרם,false,0,13.50,4.50,true,1,
7290106725423,false,רבע לשבע חלבה 120 גרם,שטראוס,IL,רבע לשבע חלבה,גרמים,120.00,100 גרם,false,1,10.00,8.33,true,1,
7290106725522,false,"רוטב שזיף רימון 280 מ""ל",יד מרדכי,IL,רוטב שזיף רימון,מיליליטרים,280.00,"100 מ""ל",false,1,15.50,5.54,true,1,
7290106725966,false,מטבעות שוקולד חלבי 42גרם,שטראוס,IL,מטבעות שוקולד,גרמים,42.00,100 גרם,false,1,5.00,11.90,true,1,
7290106726482,false,חזרה לבית הספר מיניונים,שטראוס,IL,מארז מיניונים,גרמים,135.00,100 גרם,false,1,12.90,9.56,true,1,
7290106726796,false,דנונה בר עדשים 180 גרם,שטראוס,IL,דנונה בר עדשים,גרמים,180.00,100 גרם,false,1,4.50,2.50,true,1,
7290106727045,false,דנונה פרו אננס2.4% 150ג,שטראוס,IL,דנונה פרו אננס,גרמים,150.00,100 גרם,false,1,4.90,3.27,true,1,
7290106728127,false,חלב טבעי בקבוק3.6% 1ליטר,יטבתה,IL,חלב טבעי בקבוק,ליטרים,1.00,ליטר,false,1,7.70,7.70,true,1,
7290107280037,false,מגבונים לניקוי,,IL,מגבונים לניקוי,יחידה,1.00,יחידה,false,0,9.90,9.90,true,1,
7290107280099,false,מגבוני נייר טואלט48*3יח,סנו,IL,מגבוני נייר לחים,יחידה,1.00,יחידה,false,0,14.90,14.90,true,1,
7290107280129,false,סושי 20שקיות אשפה XXL,סנו,IL,שקיות אשפה,יחידה,1.00,יחידה,false,1,17.90,17.90,true,1,
7290107280167,false,תחליב רחצה קרמה וניל750מ,קוסמופארם,IL,תחליב רחצה קרמה,מיליליטרים,750.00,"100 מ""ל",false,0,16.90,2.25,true,1,
7290107280198,false,תחליב רחצה קרמה פרח750מ,קוסמופארם,IL,תחליב רחצה קרמה,מיליליטרים,750.00,"100 מ""ל",false,1,16.90,2.25,true,1,
7290107280389,false,מתז ג'ט לאמבט,,IL,מתז ג'ט לאמבט,מיליליטרים,750.00,"100 מ""ל",false,0,10.00,1.33,true,1,
7290107280396,false,מתז ג'ט למטבח,,IL,מתז ג'ט למטבח,מיליליטרים,750.00,"100 מ""ל",false,0,10.00,1.33,true,1,
7290107280723,false,נוזל לכלים לימון 700מל,סנו,IL,נוזל לכלים לימון,מיליליטרים,700.00,"100 מ""ל",false,0,9.80,1.40,true,1,
7290107280761,false,ספארק לכלים לימון+משאבה,סנו,IL,נוזל כלים לימון,ליטרים,1.00,ליטר,false,0,10.00,10.00,true,1,
7290107280815,false,"K301 קוטל זוחלים 300 מ""ל",סנו,IL,K301 קוטל זוחלים,מיליליטרים,300.00,"100 מ""ל",false,1,9.90,3.30,true,1,
7290107280822,false,ריצפז פרש הום ספא 2 ליטר,החברה הדרומית,IL,ריצפז פרש הום,ליטרים,2.00,ליטר,false,0,15.00,7.50,true,1,
7290107536042,false,מארז גיפט קארד מרובע ניי,.,IL,מארז גיפטקארד,יחידה,1.00,יחידה,false,1,6.00,6.00,true,1,
7290107642453,false,סוכריות טופי קליק 60 גרם,טיאט,TR,סוכריות טופי,גרמים,60.00,100 גרם,false,1,5.90,9.83,true,1,
7290107643788,false,פינוק רחצה שמני הזנה700מ,יוניליוור,IL,פינוק תחליב רחצה,מיליליטרים,700.00,"100 מ""ל",false,1,9.90,1.41,true,1,
7290107643917,false,ריבועי ברנפלקס קינמון400,יוניליוור,IL,ברנפלקס קינמון,גרמים,400.00,100 גרם,false,1,16.90,4.23,true,1,
7290107643924,false,ריבועי ברנפלקס דבש 400גר,יוניליוור,IL,ברנפלקס דבש,גרמים,400.00,100 גרם,false,1,16.90,4.23,true,1,
7290107644365,false,תיק צידנית יח,שטראוס,IL,תיק צידנית,יחידה,1.00,יחידה,false,1,10.00,10.00,true,1,
7290107644594,false,חט.דגנים שוקולד מריר23*6,ויטליה ניקול,MK,חטיפי דגנים תלמה,גרמים,138.00,100 גרם,false,1,12.60,9.13,true,1,
7290107644617,false,חט.דגנים בטעם יוגורט23*6,ויטליה ניקול,MK,חטיפי דגנים תלמה,גרמים,138.00,100 גרם,false,1,12.60,9.13,true,1,
7290107644723,false,פינוק מרכך שמן קוקוס700מ,יוניליוור,IL,מרכך פינוק,מיליליטרים,700.00,"100 מ""ל",false,1,9.90,1.41,true,1,
7290107644730,false,פינוק רחצה שמן קוקוס700מ,יוניליוור,IL,פינוק תחליב רחצה,מיליליטרים,700.00,"100 מ""ל",false,1,9.90,1.41,true,1,
7290107644815,false,GO TO גרנולה שקדי+דבש115,יוניליוור,IL,גרנולה טו גו,גרמים,115.00,100 גרם,false,1,14.50,12.61,true,1,
7290107644907,false,שוקולד מריר מגנום 90 גרם,יוניליוור,GB,שוקולד מריר,גרמים,90.00,100 גרם,false,1,12.90,14.33,true,1,
7290107644914,false,שוקולד חלב מגנום 90 גרם,יוניליוור,GB,שוקולד חלב,גרמים,90.00,100 גרם,false,1,12.90,14.33,true,1,
7290107644921,false,שוקולד לבן מגנום 90 גרם,יוניליוור,GB,שוקולד לבן,גרמים,90.00,100 גרם,false,1,12.90,14.33,true,1,
7290107644990,false,בייגלה רולים עם מלח280ג,בייגל בייגל,IL,בייגלה רולים,גרמים,280.00,100 גרם,false,1,7.90,2.82,true,1,
7290107645003,false,בייגלה רולים+שומשום280ג,בייגל בייגל,IL,בייגלה רולים,גרמים,280.00,100 גרם,false,1,7.90,2.82,true,1,
7290107645010,false,כריות שוקו בננה 750גרם,יוניליוור,IL,כריות שוקו בננה,גרמים,750.00,100 גרם,false,1,27.90,3.72,true,1,
7290107645706,false,ממרח קקאו קליק 350 גרם,יוניליוור,BE,ממרח קקאו קליק,גרמים,350.00,100 גרם,false,1,10.90,3.11,true,1,
7290107645713,false,ממרח פצפוצים קליק 350 גר,יוניליוור,BE,ממרח עם פצפוצים,גרמים,350.00,100 גרם,false,1,10.90,3.11,true,1,
7290107645744,false,חטיף ברנפלקס+חמוציות138ג,יוניליוור,AT,חטיף ברנפלקס,גרמים,138.00,100 גרם,false,1,10.90,7.90,true,1,
7290107646321,false,נמס בכוס ירק.כתומים24*2ג,יוניליוור,IL,מרק נמס בכוס,גרמים,48.00,100 גרם,false,1,6.90,14.38,true,1,
7290107646376,false,סיף מטליות לניקוי 50יח,יוניליוור,IL,מטליות לניקוי,יחידה,1.00,יחידה,false,1,11.90,11.90,true,1,
7290107646819,false,בייגלה רולים ממולאים80ג,יוניליוור,IL,בייגלה רולים,גרמים,80.00,100 גרם,false,1,6.90,8.63,true,1,
7290107861359,false,מטען לאיפון SIX 5/6,.,CN,מטען לאיפון5/6,יחידה,1.00,יחידה,false,1,20.00,20.00,true,1,
7290107871761,false,לחמית ירקות קלויים 160גר,אסם,IL,לחמית ירקות,גרמים,160.00,100 גרם,false,1,9.50,5.94,true,1,
7290107871990,false,פסטה צינורות 500 גרם,זארה,IT,פסטה צינורות,גרמים,500.00,100 גרם,false,0,5.70,1.14,true,1,
7290107873062,false,פתי בר שוקולד מריר500גרם,אסם,IL,פתיבר שוקולד,גרמים,500.00,100 גרם,false,1,10.90,2.18,true,1,
7290107875196,false,בייגלה עיגולים מלח 300 ג,אסם,IL,בייגלה עיגולים,גרמים,300.00,100 גרם,false,1,9.90,3.30,true,1,
7290107875271,false,ביסלי ברביקיו 55*4 גרם,אסם,IL,ביסלי ברביקיו4יח,גרמים,220.00,100 גרם,false,1,12.50,5.68,true,1,
7290107875493,false,ויטמינצ'יק תות בננה 1 ל',אסם,IL,סירופ ויטמינצ'יק,ליטרים,1.00,ליטר,false,1,12.90,12.90,true,1,
7290107875820,false,קרוטונים תיבול ביתי 180ג,עינת,IL,קרוטונים אפויים,גרמים,180.00,100 גרם,false,1,9.90,5.50,true,1,
7290107876698,false,בייגלה עיגולים שומשום300,אסם,IL,בייגלה עיגולים,גרמים,300.00,100 גרם,false,1,9.90,3.30,true,1,
7290107877527,false,מרק נמס עגבניות 30*2גרם,אסם,IL,מרק נמס עגבניות,גרמים,60.00,100 גרם,false,1,5.90,9.83,true,1,
7290107877541,false,מרק נמס טעם עוף 26*2 גרם,אסם,IL,מרק נמס טעם עוף,גרמים,52.00,100 גרם,false,1,5.90,11.35,true,1,
7290107879118,false,קרקר חומוס+דגנ.מלאים150ג,אסם,IL,קרקר חומוס,גרמים,150.00,100 גרם,false,1,10.90,7.27,true,1,
7290107879583,false,מאגדת לה פרוטה בננה 6יח,נסטלה,IL,מאגדת לה פרוטה,גרמים,350.00,100 גרם,false,1,24.90,7.11,true,1,
7290107932080,false,חלב מועשר3% בקבוק 1ליטר,יטבתה,IL,חלב מועשר 3%,ליטרים,1.00,ליטר,false,1,7.70,7.70,true,1,
7290107932127,false,חלב מועשר2% בקבוק 1ליטר,יטבתה,IL,חלב מועשר 2%,ליטרים,1.00,ליטר,false,1,7.70,7.70,true,1,
7290107932134,false,חלב מועשר1% בקבוק 1ליטר,יטבתה,IL,חלב מועשר 1%,ליטרים,1.00,ליטר,false,1,7.70,7.70,true,1,
7290107932400,false,סוכריות ג'לי ברכות 540 ג,מיה,IL,סוכריות ג'לי,גרמים,540.00,100 גרם,false,1,19.90,3.69,true,1,
7290107932875,false,מאסט לימונענע מגדים 28גר,שטראוס,IL,מאסט לימונענע,גרמים,28.00,100 גרם,false,1,4.30,15.36,true,1,
7290107933193,false,סלק מבושל 500גרם,שטראוס,IL,סלק מבושל 500גרם,גרמים,500.00,100 גרם,false,1,8.90,1.78,true,1,
7290107933315,false,חלב דל לקטוז בקבוק2% 1ל,יטבתה,IL,חלבדל לקטוז 2%,ליטרים,1.00,ליטר,false,1,7.70,7.70,true,1,
7290107934473,false,דנונה אקטיביה1.5% 150*8מ,שטראוס,IL,אקטביה 1.5% 8 יח,ליטרים,1.20,ליטר,false,1,20.50,17.08,true,1,
7290107934480,false,דנונה אקטיביה 3% 150*8מ,שטראוס,IL,אקטביה 3% 8 יח,ליטרים,1.20,ליטר,false,1,20.50,17.08,true,1,
7290107936019,false,בפלות דקיקות וניל צרפ200,שטראוס,IL,בפלות דקיקות,גרמים,200.00,100 גרם,false,1,10.90,5.45,true,1,
7290107936309,false,דנונה יווני לבן 7% 130גר,שטראוס,IL,דנונה יווני,גרמים,130.00,100 גרם,false,1,3.50,2.69,true,1,
7290107936460,false,דנכול בטעם מעודן 100*8גר,שטראוס,IL,דנכול מעודן 8 יח,גרמים,800.00,100 גרם,false,1,29.30,3.66,true,1,
7290107936910,false,עוג.שוק.חלב צ'אנקס162גר,עלית,IL,עוגיות צ'אנקס,גרמים,162.00,100 גרם,false,1,9.90,6.11,true,1,
7290107937498,false,חרדל דיז'ון+גרגירים350ג,אי.די.סי,FR,חרדל דיז'ון,גרמים,350.00,100 גרם,false,1,12.90,3.69,true,1,
7290107937504,false,חרדל דיז'ון חלק 370 גרם,אי.די.סי,FR,חרדל דיז'ון חלק,גרמים,350.00,100 גרם,false,1,12.90,3.69,true,1,
7290107937627,false,קוביות ספירמינט צנצנת58ג,אסקום קונפקשיין,DE,קוביות מסטיק,גרמים,58.00,100 גרם,false,1,9.90,17.07,true,1,
7290107937856,false,קפסולות מס' 11 50 גרם,שטראוס,IL,קפסולות עלית,גרמים,50.00,100 גרם,false,1,15.90,31.80,true,1,
7290107938396,false,"אקטימל תותדיסני 100*8מ""ל",שטראוס,IL,אקטימל תות 8יח',מיליליטרים,800.00,"100 מ""ל",false,1,20.90,2.61,true,1,
7290107939256,false,דני שלוק וניל דיסני125*4,שטראוס,IL,דני וניל לשתייה,גרמים,500.00,100 גרם,false,1,10.90,2.18,true,1,
7290107939942,false,דנ.פרו טריפל זרו אננס150,שטראוס,IL,דנונה פרו,גרמים,150.00,100 גרם,false,1,4.90,3.27,true,1,
7290107939966,false,דנונה פרו לבן 0% 150 גרם,שטראוס,IL,דנונה פרו,גרמים,150.00,100 גרם,false,1,4.90,3.27,true,1,
7290107940450,false,אקטיביה 0% 200 גרם,שטראוס,IL,אקטיביה 0%,גרמים,200.00,100 גרם,false,1,3.80,1.90,true,1,
7290107940474,false,אקטיביה 3% 200 גרם,שטראוס,IL,אקטיביה 3%,גרמים,200.00,100 גרם,false,1,3.80,1.90,true,1,
7290107940498,false,עוגיות שקדים דקיקות100גר,שטראוס,BE,עוגיות שקדים,גרמים,100.00,100 גרם,false,1,12.90,12.90,true,1,
7290107940504,false,עוג.וופל בלגי דקיקים100ג,שטראוס,BE,עוגיות וופל בלגי,גרמים,100.00,100 גרם,false,1,12.90,12.90,true,1,
7290107940801,false,ספלנדיד TREATS שקדים100ג,שטראוס,IL,ספלנדיד TREATS,גרמים,100.00,100 גרם,false,1,11.90,11.90,true,1,
7290107942027,false,דנונה זירו פ.יער 0% 150ג,שטראוס,IL,דנונה זירו,גרמים,150.00,100 גרם,false,1,4.90,3.27,true,1,
7290107942171,false,קפה אינטנס 10% אספרסו125,שטראוס,IL,קפה אינטנס,גרמים,125.00,100 גרם,false,1,19.90,15.92,true,1,
7290107942188,false,קפה אינטנס 15% אספרסו125,שטראוס,IL,קפה אינטנס,גרמים,125.00,100 גרם,false,1,19.90,15.92,true,1,
7290107942218,false,ספלנדיד בר שוקולד+ופל142,שטראוס,IL,מעדן ספלנדיד בר,גרמים,142.00,100 גרם,false,1,4.20,2.96,true,1,
7290107942232,false,מעדן ספלנדיד שוק.חלב130ג,שטראוס,IL,מעדן ספלנדיד,גרמים,130.00,100 גרם,false,1,3.30,2.54,true,1,
7290107942249,false,מעדן ספלנדיד שוק.לבן130ג,שטראוס,IL,מעדן ספלנדיד,גרמים,130.00,100 גרם,false,1,3.30,2.54,true,1,
7290107942263,false,ספלנדיד מוס שוק.חלב75גרם,שטראוס,IL,ספלנדיד מוס,גרמים,75.00,100 גרם,false,1,4.00,5.33,true,1,
7290107942409,false,גמדים שלי 100*4 גרם,שטראוס,IL,גמדים שלי 4 יח',גרמים,400.00,100 גרם,false,1,11.50,2.88,true,1,
7290107942621,false,טבעות בצל 60 גרם,שטראוס,IL,טבעות בצל,גרמים,60.00,100 גרם,false,1,4.90,8.17,true,1,
7290107944366,false,רבע לשבע לבן 120 גרם,עלית,IL,רבע לשבע לבן,גרמים,120.00,100 גרם,false,1,10.00,8.33,true,1,
7290107944380,false,"אגוזי כשל""פ 45 גרם",שטראוס,IL,אגוזי,גרמים,45.00,100 גרם,false,1,3.90,8.67,true,1,
7290107944410,false,חלב מועשר 1% יטבתה כד 2ל,יטבתה,IL,חלב מועשר בכד,ליטרים,2.00,ליטר,false,1,15.00,7.50,true,1,
7290107944540,false,רבע לשבע ארט.שוק.בננה120,שטראוס,IL,וופל רבע לשבע,גרמים,120.00,100 גרם,false,1,10.00,8.33,true,1,
7290107944557,false,רבע לשבע גלידה שמ+תות120,שטראוס,IL,רבע לשבע גלידה,גרמים,120.00,100 גרם,false,1,10.00,8.33,true,1,
7290107944717,false,מיני טורטית 390 גרם,שטראוס,IL,מיני טורטית,גרמים,390.00,100 גרם,false,1,20.90,5.36,true,1,
7290107945042,false,מילקי קייק שוקו 34*4 גר,TSC,IL,מילקי קייק 4 יח,גרמים,136.00,100 גרם,false,1,10.90,8.01,true,1,
7290107945257,false,מילקי אייריש קרים 133גרם,שטראוס,IL,מילקי איירישקרים,גרמים,300.00,100 גרם,false,1,3.90,1.30,true,1,
7290107945325,false,מילקי קייק שוקו 34 גרם,TSC,IL,מילקי קייק,גרמים,34.00,100 גרם,false,1,3.00,8.82,true,1,
7290107950053,false,דנונהתות שתיה דיסני125*4,שטראוס,IL,דנונה לשתיה 4 יח,גרמים,500.00,100 גרם,false,1,12.50,2.50,true,1,
7290107950091,false,"אקטימל רימון 100*8מ""ל",שטראוס,IL,אקטימל רימון8 יח,מיליליטרים,800.00,"100 מ""ל",false,1,20.90,2.61,true,1,
7290107950145,false,דנונה יווני תות5.8% 120ג,שטראוס,IL,דנונה יווני תות,גרמים,120.00,100 גרם,false,1,3.50,2.92,true,1,
7290107950183,false,מעדן דיאט בטעם וניל 130ג,שטראוס,IL,מעדן דיאט וניל,גרמים,130.00,100 גרם,false,1,3.30,2.54,true,1,
7290107950190,false,מעדן דיאט שוקולד מריר130,שטראוס,IL,מעדן דיאט שוקולד,גרמים,130.00,100 גרם,false,1,3.30,2.54,true,1,
7290107950220,false,ספלנדיד מוס 99 48*4 גרם,שטראוס,IL,ספלנדיד מוס 4 יח,גרמים,192.00,100 גרם,false,1,8.90,4.64,true,1,
7290107950299,false,ספלנדיד שכבות מוס שוק95ג,שטראוס,IL,ספלנדיד מוס,גרמים,95.00,100 גרם,false,1,4.00,4.21,true,1,
7290107950459,false,סקי פירות יער 3% 125 גרם,שטראוס,IL,סקי מעדן גבינה,גרמים,125.00,100 גרם,false,1,3.70,2.96,true,1,
7290107950497,false,סימפוניה שמנת25%זיתים200,שטראוס,IL,גבינת סימפוניה,גרמים,200.00,100 גרם,false,1,12.30,6.15,true,1,
7290107950503,false,סימפוניה גב.שמנת25% 200ג,שטראוס,IL,גבינת סימפוניה,גרמים,200.00,100 גרם,false,1,12.30,6.15,true,1,
7290107950527,false,סימפוניה9% קרם שמנת 200ג,שטראוס,IL,גבינת סימפוניה,גרמים,200.00,100 גרם,false,1,10.90,5.45,true,1,
7290107951111,false,בפלות לימון 200 גרם,שטראוס,IL,בפלות לימון,גרמים,200.00,100 גרם,false,1,4.90,2.45,true,1,
7290107951128,false,בפלות וניל 200 גרם,שטראוס,IL,בפלות וניל,גרמים,200.00,100 גרם,false,1,4.90,2.45,true,1,
7290107951500,false,ספלנדיד פרופיטרול 80*2ג,שטראוס,IL,ספלנדיד פרופטרול,גרמים,160.00,100 גרם,false,1,14.90,9.31,true,1,
7290107951524,false,ספלנדיד טרמיסו 80*2 גרם,שטראוס,IL,ספלנדיד טרמיסו,גרמים,160.00,100 גרם,false,1,14.90,9.31,true,1,
7290107951685,false,מסטיק מאסט באבלמינט 66 ג,שטראוס,IL,מסטיק מאסט,גרמים,66.00,100 גרם,false,1,9.90,15.00,true,1,
7290107951739,false,עוג.קרמל שברי שוקולד100ג,שטראוס,IL,עוגיות קרמל,גרמים,100.00,100 גרם,false,1,12.90,12.90,true,1,
7290107951845,false,מסטיק מאסט סורבה לימון21,אסקום קונפקשיין,DE,מסטיק מאסט סורבה,גרמים,21.00,100 גרם,false,1,4.30,20.48,true,1,
7290107953535,false,מרשמלו בזוקה 150 גרם,שטראוס,IL,מרשמלו בזוקה,גרמים,150.00,100 גרם,false,1,6.90,4.60,true,1,
7290107953733,false,פסק זמן קוקוס 45 גרם,שטראוס,IL,פסק זמן קוקוס,גרמים,45.00,100 גרם,false,1,4.90,10.89,true,1,
7290107954310,false,פופקורן קרמל 60 גרם,שטראוס,IL,פופקורן קרמל,גרמים,60.00,100 גרם,false,1,4.20,7.00,true,1,
7290107954471,false,חלב עמיד 1% יטבתה 1 ליטר,יטבתה,IL,חלב עמיד 1%,ליטרים,1.00,ליטר,false,1,7.40,7.40,true,1,
7290107955508,false,דנונה בר גליליות דיסנ171,שטראוס,IL,דנונה בר דיסני,גרמים,171.00,100 גרם,false,1,4.50,2.63,true,1,
7290107956178,false,אקטיביה שזיף אוכמ3% 150,שטראוס,IL,אקטיביה אוכמניו,גרמים,150.00,100 גרם,false,1,4.60,3.07,true,1,
7290107972307,false,קולגייט אופטיק ווטין 75מ,קולגייט-פלמוליב,IL,קולגייט אופטיק,מיליליטרים,75.00,"100 מ""ל",false,1,24.90,33.20,true,1,
7290107973045,false,ג'ל רח.לגבר פלמוליב הדר,קולגייט-פלמוליב,TR,ג'ל רחצה,מיליליטרים,500.00,"100 מ""ל",false,1,13.90,2.78,true,1,
7290107973052,false,פלמוליב סנסיישן DYNAMIC,קולגייט-פלמוליב,TR,פלמוליב,מיליליטרים,500.00,"100 מ""ל",false,1,13.90,2.78,true,1,
7290107973793,false,עגבניות שלמות 400 גרם,פראנו אנריקו ופיגלי,IT,עגבניות שלמות,גרמים,400.00,100 גרם,false,1,5.90,1.48,true,1,
7290107973809,false,קוביות עגבניות 400 גרם,פראנו אנריקו ופיגלי,IT,קוביות עגבניות,גרמים,400.00,100 גרם,false,1,5.90,1.48,true,1,
7290107973861,false,עגבניות קצוצות דק 400*3ג,קונסורזיו קאסאלאסקו,IT,עגבניות קצוצות3י,קילוגרמים,1.20,"ק""ג",false,1,13.90,11.58,true,1,
7290107973915,false,קולגייט טוטל פרו רעננה75,קולגייט-פלמוליב,PL,משחת קולגייט,מיליליטרים,75.00,"100 מ""ל",false,1,21.70,28.93,true,1,
7290107974011,false,קוסקוס דורום בינוני500ג,אגרופוד לייבל,MA,קוסקוס דורום,גרמים,500.00,100 גרם,false,1,8.90,1.78,true,1,
7290107974028,false,קוסקוס קמח מלא 500גרם,אגרופוד לייבל,MA,קוסקוס קמח מלא,גרמים,500.00,100 גרם,false,1,9.90,1.98,true,1,
7290107974578,false,מיני פריכיות אורז שוק60ג,מנה,IL,מיני פריכיות,גרמים,60.00,100 גרם,false,1,6.50,10.83,true,1,
7290107974844,false,פריכיות אורז כוסמת 90גרם,מנה,IL,פריכיות אורז,גרמים,90.00,100 גרם,false,1,8.90,9.89,true,1,
7290107976015,false,תערובת ציפוי נגטס 450גרם,טסט וסנט קו,TH,תערובת ציפוי נגט,גרמים,450.00,100 גרם,false,1,10.90,2.42,true,1,
7290107978330,false,איטריות דקות 400 גרם,פי.פי.איג' ארטלקס,PL,איטריות דקות,גרמים,400.00,100 גרם,false,1,5.90,1.48,true,1,
7290107978637,false,"משחת מרידול 75 מ""ל",גאבה,PL,משחת מרידול,מיליליטרים,75.00,"100 מ""ל",false,1,12.90,17.20,true,1,
7290108200188,false,גולד ג'ל מסיר כתמים 940,רקיט בנקיזר,IT,וניש גולד ג'ל,מיליליטרים,940.00,"100 מ""ל",false,1,19.70,2.10,true,1,
7290108200195,false,גולד ג'ל לכב.לבנה 940 מל,רקיט בנקיזר,IT,וניש גולד ג'ל,מיליליטרים,940.00,"100 מ""ל",false,1,19.70,2.10,true,1,
7290108200454,false,קולון ג'ל כביסה לבנדר5ל,רקיט בנקיזר,IL,ג'ל כביסה קולון,ליטרים,5.00,ליטר,false,1,34.90,6.98,true,1,
7290108200751,false,קולון ג'ל כביסה מאסק 5ל,רקיט בנקיזר,IL,קולון ג'ל מאסק,ליטרים,5.00,ליטר,false,1,34.90,6.98,true,1,
7290108201437,false,"אבקת כביסה קולון 2.5 ק""ג",רקיט בנקיזר,IL,אבקת כביסה קולון,קילוגרמים,2.50,"ק""ג",false,1,20.00,8.00,true,1,
7290108201574,false,גולד אבקה 1.35קג + 20%,רקיט בנקיזר,IT,גולד אבקה + 20%,קילוגרמים,1.62,"ק""ג",false,1,29.90,18.46,true,1,
7290108350128,false,40שק.אשפה חזקות אקסטרה,סנו,IL,שקיות אשפה,יחידה,1.00,יחידה,false,1,23.90,23.90,true,1,
7290108350210,false,30שקיות אשפה חזקות75*65ס,סנו,IL,שקיות אשפה חזקות,יחידה,1.00,יחידה,false,1,24.90,24.90,true,1,
7290108350531,false,ספארק לכלים קלאסי+משאבה,סנו,IL,ספארק לכלים,ליטרים,1.00,ליטר,false,1,10.00,10.00,true,1,
7290108350586,false,ספארק נוזל לכלים 1.5 ל',סנו,IL,ספארק נוזל לכלים,ליטרים,1.50,ליטר,false,1,13.90,9.27,true,1,
7290108350623,false,מרכך מקסימה סופט סילק1ל,סנו,IL,מרכך מקסימה,ליטרים,1.00,ליטר,false,1,15.00,15.00,true,1,
7290108350647,false,כיף פיות קרם מתיר קשר350,קוסמופארם,IL,קרם מתיר קשרים,מיליליטרים,350.00,"100 מ""ל",false,1,14.90,4.26,true,1,
7290108350715,false,מסיר שומן ללא ריח750מל,סנו,IL,פורטה מסיר שומן,מיליליטרים,750.00,"100 מ""ל",false,1,17.90,2.39,true,1,
7290108351071,false,"ג'ל פורטה פלוס 500 מ""ל",סנו,IL,ג'ל פורטה פלוס,מיליליטרים,500.00,"100 מ""ל",false,1,19.90,3.98,true,1,
7290108351088,false,מבשם לבית ספא מרגיע 100,סנו,IL,מבשם לבית,מיליליטרים,100.00,"100 מ""ל",false,1,29.90,29.90,true,1,
7290108351156,false,סנו ג'ט רצפות חומץ 1.5ל,סנו,IL,סנו ג'ט פלוס,ליטרים,1.50,ליטר,false,1,10.00,6.67,true,1,
7290108351507,false,מרכך כביסה סופט סליק 4 ל,סנו,IL,מרכך מקסימה,ליטרים,4.00,ליטר,false,1,19.90,4.98,true,1,
7290108351569,false,מקסימה למייבש בייבי750מל,סנו,IL,מקסימה למייבש,מיליליטרים,750.00,"100 מ""ל",false,1,16.30,2.17,true,1,
7290108351606,false,סנופרש הום סופט סילק 350,סנו,IL,סנופרש הום,מיליליטרים,350.00,"100 מ""ל",false,1,10.90,3.11,true,1,
7290108351644,false,ספארק לכלים מהד.מיוחדת,סנו,IL,ספארק לכלים,ליטרים,1.00,ליטר,false,1,10.00,10.00,true,1,
7290108352641,false,מטלית הפלא 3 יחידות,.,CN,מטליות הפלא 3 יח,יחידה,1.00,יחידה,false,1,14.90,14.90,true,1,
7290108352658,false,מטלית גדולה לניקוי אבק,NSP,CN,מטלית לניקוי אבק,יחידה,1.00,יחידה,false,1,7.90,7.90,true,1,
7290108352689,false,כריות קרצוף לכלוך קשה9י,סנו,US,כריות קרצוף,יחידה,1.00,יחידה,false,1,7.90,7.90,true,1,
7290108355062,false,נטורל פורמולה לחות+קרטין,אמיליה קוסמטיקס,IL,לחות נט.פורמולה,מיליליטרים,400.00,"100 מ""ל",false,1,29.90,7.48,true,1,
7290108355109,false,"מבשם לבית בייבי 100 מ""ל",סנו,IL,מבשם לבית,מיליליטרים,100.00,"100 מ""ל",false,1,29.90,29.90,true,1,
7290109350363,false,קציצות קינואה ברוקולי,טבעול,IL,קציצות קינואה,גרמים,560.00,100 גרם,false,1,34.90,6.23,true,1,
7290109351186,false,אטריות דקיקות25%תוספת500,אסם,IL,אטריות דקיקות,גרמים,500.00,100 גרם,false,1,6.90,1.38,true,1,
7290109351209,false,גל.לה פרוטה אננס תפוז 70,נסטלה,IL,גל.לה פרוטה אננס,יחידה,1.00,יחידה,false,1,7.00,7.00,true,1,
7290109352510,false,מרק נמס תירס 2 * 24 גרם,אסם,IL,מרק נמס תירס,גרמים,48.00,100 גרם,false,1,5.90,12.29,true,1,
7290109352626,false,חומוסטחינה קונפי שום400ג,צבר,IL,חומוסטחינה,גרמים,400.00,100 גרם,false,1,14.90,3.73,true,1,
7290109352916,false,פיטנס פריכיות שוק.לבן84ג,כרמית,IL,פיטנס בר פריכיות,גרמים,84.00,100 גרם,false,1,10.90,12.98,true,1,
7290109353272,false,ספגטי פרפקטו+סיבים 500גר,פסטה זארה,IT,ספגטי פרפקטו,גרמים,500.00,100 גרם,false,1,6.90,1.38,true,1,
7290109353753,false,ספירלי טריו פרפקטו 500גר,פסטה זארה,IT,פסטה ספירלי טריו,גרמים,500.00,100 גרם,false,1,6.90,1.38,true,1,
7290109354972,false,פתי בר ל.גלוטן קלאסי200ג,אסם,IL,פתי בר ללא גלוטן,גרמים,200.00,100 גרם,false,1,10.90,5.45,true,1,
7290109355184,false,לה פרוטה משפחתי תות 680,נסטלה,IL,לה פרוטה,מיליליטרים,680.00,"100 מ""ל",false,1,22.90,3.37,true,1,
7290109358260,false,נקנקיות עם חלבון 600 גרם,אסם,IL,נקניקיות ע.חלבון,גרמים,600.00,100 גרם,false,1,29.90,4.98,true,1,
7290109358284,false,שניצל תירס עם חלבון 664,אסם,IL,שניצל תירס,גרמים,664.00,100 גרם,false,1,29.90,4.50,true,1,
7290109358529,false,אטריות דקיקות פלוס 330גר,אסם,IL,אטריות דקיקות,גרמים,330.00,100 גרם,false,1,6.90,2.09,true,1,
7290109358543,false,פסטה מסולסלים פלוס 400גר,אסם,IL,פסטה מסולסלים,גרמים,400.00,100 גרם,false,1,5.70,1.43,true,1,
7290109358604,false,קוסקוס פלוס סיבים 330גרם,אסם,IL,קוסקוס + סיבים,גרמים,330.00,100 גרם,false,1,8.50,2.58,true,1,
7290109358734,false,קטשופ מופחת סוכר 710 גרם,אסם,IL,קטשופ מופחת סוכר,גרמים,710.00,100 גרם,false,1,10.00,1.41,true,1,
7290109358789,false,מאגדת ג'ויה ריבת חלב יח',נסטלה,IL,מאגדת ג'ויה,יחידה,1.00,יחידה,false,1,27.90,27.90,true,1,
7290110320140,false,ממרח סויה סגנ.גב.טבעי250,תנובה,IL,ממרח סויה,גרמים,250.00,100 גרם,false,1,9.90,3.96,true,1,
7290110320867,false,פתיתי עמק 28% 500גרם,תנובה,IL,פתיתי עמק,גרמים,500.00,100 גרם,false,1,34.90,6.98,true,1,
7290111091001,false,קוויק לניקוי ידיים זהב40,די.פי.אל,IL,מגבונים לידיים,יחידה,1.00,יחידה,false,1,19.90,19.90,true,1,
7290111560101,false,חט.קרקר דגנ.עשבי תיבו150,אסם,IL,חטיפי קרקר,גרמים,150.00,100 גרם,false,1,11.80,7.87,true,1,
7290111560125,false,חטיפי קרקר דגנים+בצל150ג,אסם,IL,חטיפי קרקר,גרמים,150.00,100 גרם,false,1,11.80,7.87,true,1,
7290111560132,false,קרקר פסטו ועגבנ.מיובש150,אסם,IL,קרקר פסטו,גרמים,150.00,100 גרם,false,1,10.90,7.27,true,1,
7290111560156,false,קרקר עדשים דגנ.מלאים150ג,אסם,IL,קרקר עדשים,גרמים,150.00,100 גרם,false,1,10.90,7.27,true,1,
7290111560583,false,"קמח תופח30%+ח.מלאה 1 ק""ג",אסם,IL,קמח תופח פלוס,קילוגרמים,1.00,"ק""ג",false,1,10.90,10.90,true,1,
7290111560798,false,בייגלה פלוס 300 גרם,אסם,IL,בייגלה פלוס,גרמים,300.00,100 גרם,false,1,8.90,2.97,true,1,
7290111561085,false,ביסלי טאקו קיץ 60 גרם,אסם,IL,ביסלי טאקו קיץ,גרמים,60.00,100 גרם,false,1,4.60,7.67,true,1,
7290111562747,false,ערגליות מייפל 300 גרם,אסם,IL,ערגליות מייפל,גרמים,300.00,100 גרם,false,1,10.80,3.60,true,1,
7290111563010,false,מרק נמס עגב.פיקנטי25*2ג,אסם,IL,מרק נמס אסם,גרמים,50.00,100 גרם,false,1,5.90,11.80,true,1,
7290111563515,false,מרק נמס ירקות כתומים22*2,אסם,IL,מרק נמס אסם,גרמים,44.00,100 גרם,false,1,5.90,13.41,true,1,
7290111563607,false,מרק עוף אמיתי25%תוספ500ג,אסם,IL,מרק עוף אמיתי,גרמים,500.00,100 גרם,false,1,18.70,3.74,true,1,
7290111563645,false,מרק טעם עוף10%תוספת1.1קג,אסם,IL,מרק טעם עוף,קילוגרמים,1.10,"ק""ג",false,1,15.50,14.09,true,1,
7290111563775,false,פסטה פארפלה20%תוספת600גר,פסטה זארה,IT,פסטה פארפלה,גרמים,600.00,100 גרם,false,1,6.90,1.15,true,1,
7290111563799,false,פסטה ספירלי20%תוספת600ג,פסטה זארה,IT,פסטה ספירלי,גרמים,600.00,100 גרם,false,1,5.70,0.95,true,1,
7290111563812,false,ספגטי 20% תוספת 600 גרם,אסם,IL,ספגטי אסם,גרמים,600.00,100 גרם,false,1,5.70,0.95,true,1,
7290111563928,false,אפרופו שוקולד 40 גרם,אסם,IL,אפרופו שוקולד,גרמים,40.00,100 גרם,false,1,5.30,13.25,true,1,
7290111564253,false,פסטה צינורות פלוס 400גרם,אסם,IL,פסטה צינורות,גרמים,400.00,100 גרם,false,1,5.70,1.43,true,1,
7290111930102,false,קוקי 25 דפי אפיה מניילון,דקסון,IL,דפי אפיה מניילון,יחידה,1.00,יחידה,false,1,12.90,12.90,true,1,
7290127082161,false,מיקס גוגי ברי 400גרם,י.ח בהאמס,IL,מיקס גוגי ברי,גרמים,400.00,100 גרם,false,1,35.60,8.90,true,1,
7296073002543,false,שקיות אשפה,,TR,שקיות אשפה,יחידה,1.00,יחידה,false,0,19.90,19.90,true,1,
7296073002604,false,200שקיות אוכל19X25סמ גלי,שופרסל,IL,שקיות אוכל,יחידה,1.00,יחידה,false,0,7.80,7.80,true,1,
7296073002611,false,"100 שקיות להקפאה25X35ס""מ",שופרסל,HK,שקיות להקפאה,יחידה,1.00,יחידה,false,0,5.50,5.50,true,1,
7296073005742,false,עוג.סנדוויץ וניל שופרסל,שופרסל,IL,עוגיות סנדוויץ,גרמים,150.00,100 גרם,false,0,4.20,2.80,true,1,
7296073005872,false,חומוס גדול שופרסל 500גרם,מיה,IL,חומוס גדול,גרמים,500.00,100 גרם,false,0,5.90,1.18,true,1,
7296073005889,false,חומוס לבן ענק שופרסל500ג,מיה,IL,חומוס לבן ענק,גרמים,500.00,100 גרם,false,0,7.30,1.46,true,1,
7296073005957,false,שעועית לבנה שופרסל500גרם,מיה,IL,שעועית לבנה,גרמים,500.00,100 גרם,false,0,9.80,1.96,true,1,
7296073005988,false,שעועית בובס שופרסל400גרם,מיה,IL,שעועית בובס,גרמים,400.00,100 גרם,false,0,12.80,3.20,true,1,
7296073006015,false,"חומוס גדול שופרסל 1 ק""ג",מיה,IL,חומוס גדול,קילוגרמים,1.00,"ק""ג",false,0,10.60,10.60,true,1,
7296073006060,false,חומוס לבן ענק שופרסל 1קג,מיה,IL,חומוס לבן ענק,קילוגרמים,1.00,"ק""ג",false,0,13.60,13.60,true,1,
7296073006077,false,שעועית מעורבת שופרסל500ג,מיה,IL,שעועית מעורבת,גרמים,500.00,100 גרם,false,0,12.80,2.56,true,1,
7296073006121,false,"עדשים אדומות שופרסל 1ק""ג",מיה,IL,עדשים אדומות,קילוגרמים,1.00,"ק""ג",false,0,10.50,10.50,true,1,
7296073006176,false,"סוכר שופרסל 1 ק""ג",סוגת,IL,סוכר לבן,קילוגרמים,1.00,"ק""ג",false,0,4.40,4.40,true,1,
7296073006381,false,מנזנילו בינונ.שופרסל560ג,שופרסל,IL,זיתים ירוקים,גרמים,560.00,100 גרם,false,0,6.30,1.13,true,1,
7296073006398,false,מנזנילו גדול ירוק 560 גר,שופרסל,IL,זיתי מנזנילו,גרמים,560.00,100 גרם,false,0,6.80,1.21,true,1,
7296073006435,false,מלפ.במלח 18-25שופרסל560ג,שופרסל,IL,מלפפון במלח,גרמים,560.00,100 גרם,false,0,10.90,1.95,true,1,
7296073011224,false,פסטה פוסילי36שופר 500גרם,שופרסל,IL,פסטה פוסילי,גרמים,500.00,100 גרם,false,0,4.90,0.98,true,1,
7296073011248,false,פסטה פרפלה מס57שופרסל500,שופרסל,IT,פסטה פרפלה,גרמים,500.00,100 גרם,false,0,4.90,0.98,true,1,
7296073012009,false,קוסקוס בינוני שופרסל350ג,אסיף תעשיות מזון,IL,קוסקוס בינוני,גרמים,350.00,100 גרם,false,0,4.50,1.29,true,1,
7296073020370,false,צלחות גדולות שופרסל 100,שופרסל,IL,"צלחות ח""פ גדולות",יחידה,1.00,יחידה,false,0,15.90,15.90,true,1,
7296073020394,false,"קעריות ח""פ שופרסל 50 יח'",שופרסל,IL,"קעריות ח""פ",יחידה,1.00,יחידה,false,0,12.90,12.90,true,1,
7296073020400,false,"קעריות ח""פ אובלית שופרסל",שופרסל,IL,"קעריות ח""פ",יחידה,1.00,יחידה,false,0,7.90,7.90,true,1,
7296073020431,false,מפיות חד שכבתי 100 יחידו,שופרסל,IL,מפיות חד שכבתי,יחידה,1.00,יחידה,false,0,6.90,6.90,true,1,
7296073021568,false,"קמח לבן שופרסל 1 ק""ג",שופרסל,IL,קמח לבן,קילוגרמים,1.00,"ק""ג",false,0,3.60,3.60,true,1,
7296073021582,false,"סולת חיטה שופרסל 1 ק""ג",שופרסל,IL,סולת חיטה,קילוגרמים,1.00,"ק""ג",false,0,4.20,4.20,true,1,
7296073027713,false,מפיות חד שכבתי 180 יח,שופרסל,IL,מפיות חד שכבתי,יחידה,1.00,יחידה,false,0,8.90,8.90,true,1,
7296073030027,false,מפיות דו שכבתי,שופרסל,IL,מפיות דו שכבתי,יחידה,1.00,יחידה,false,0,6.90,6.90,true,1,
7296073049654,false,טבעות זיתים ירוקים 560גר,שופרסל,IL,טבעות זיתים,גרמים,560.00,100 גרם,false,0,8.40,1.50,true,1,
7296073053750,false,פסטה לומקה ריגטה 48 שופר,שופרסל,IT,פסטה לומקה,גרמים,500.00,100 גרם,false,0,4.90,0.98,true,1,
7296073059059,false,ברנפלקס שופרסל 500 גרם,שופרסל,DE,ברנפלקס שופרסל,גרמים,500.00,100 גרם,false,0,15.00,3.00,true,1,
7296073059691,false,"50 צלחות גדול ח""פ שופרסל",שופרסל,IL,"צלחות ח""פ גדולות",יחידה,1.00,יחידה,false,0,9.90,9.90,true,1,
7296073059707,false,"צלחות קטנות ח""פ שופרסל 5",שופרסל,IL,"צלחות קטנות ח""פ",יחידה,1.00,יחידה,false,0,7.90,7.90,true,1,
7296073059745,false,"לפתניות ח""פ שופרסל 50 יח",שופרסל,IL,"לפתניות ח""פ",יחידה,1.00,יחידה,false,0,7.90,7.90,true,1,
7296073064398,false,בורקס גבינה שופרסל 800 ג,מאפ גדרון,,בורקס גבינה800,גרמים,800.00,100 גרם,false,0,15.50,1.94,true,1,
7296073066330,false,חלווה מעודנת שופרסל 400ג,"אחדות בע""מ א.ת. ברקן",IL,חלווה מעודנת,גרמים,400.00,100 גרם,false,0,12.20,3.05,true,1,
7296073066354,false,חטיפי חלווה שופרסל 250 ג,"אחדות בע""מ א.ת. ברקן",IL,חטיפי חלווה,גרמים,250.00,100 גרם,false,0,9.70,3.88,true,1,
7296073066378,false,עוג.סנדביץ' וניל שופר900,שופרסל,IL,עוגיות סנדביץ,גרמים,900.00,100 גרם,false,0,18.50,2.06,true,1,
7296073074656,false,ירקות מעורב.כבושים 1.65ק,שופרסל,IL,ירקות מעורבים,קילוגרמים,1.65,"ק""ג",false,0,25.90,15.70,true,1,
7296073078555,false,בצק עלים שופרסל 1קג,שופרסל,IL,בצק עלים 1קג,קילוגרמים,1.00,"ק""ג",false,0,14.50,14.50,true,1,
7296073078579,false,דבש טבעי שופרסל 350 גרם,שופרסל,IL,דבש טבעי,גרמים,350.00,100 גרם,false,0,16.90,4.83,true,1,
7296073078586,false,דבש טבעי שופרסל צנצ500גר,שופרסל,IL,דבש טבעי שופרסל,גרמים,500.00,100 גרם,false,0,22.80,4.56,true,1,
7296073078821,false,4 כריות יפניות שופרסל,פלסטו פוליש,IL,כריות יפניות,יחידה,1.00,יחידה,false,0,7.70,7.70,true,1,
7296073078838,false,6 כריות יפניות שופרסל,פלסטו פוליש,IL,כריות יפניות,יחידה,1.00,יחידה,false,0,9.50,9.50,true,1,
7296073078883,false,9 מטליות ניקוי כללי שופר,שופרסל,IL,מטליות ניקוי 9יח,יחידה,1.00,יחידה,false,0,7.90,7.90,true,1,
7296073078890,false,15מטליות ניקוי כללי שופר,שופרסל,,מטליות לניקוי,יחידה,1.00,יחידה,false,0,13.80,13.80,true,1,
7296073079866,false,עגבניות מרוסקות שופר800ג,פריניר,IL,עגבניות מרוסקות,גרמים,800.00,100 גרם,false,0,6.20,0.78,true,1,
7296073079903,false,רסק עגבניות 22%שופר100ג,פריניר,IL,רסק עגבניות,גרמים,100.00,100 גרם,false,0,1.70,1.70,true,1,
7296073080534,false,תירס מתוק שופרסל 550 גרם,פרי גליל,IL,תירס גרעינים,גרמים,550.00,100 גרם,false,0,5.80,1.05,true,1,
7296073080541,false,אפונה וגזר שופרסל 550 גר,פרי גליל,IL,אפונה וגזר,גרמים,550.00,100 גרם,false,0,5.80,1.05,true,1,
7296073080558,false,תירס לייט שופרסל 550 גרם,פרי גליל,IL,תירס לייט,גרמים,550.00,100 גרם,false,0,6.50,1.18,true,1,
7296073081241,false,בייגל.שמיניו.מלוח שופ400,שופרסל,IL,בייגלה שמיניות,גרמים,400.00,100 גרם,false,0,8.80,2.20,true,1,
7296073081449,false,פירורי לחם מוזהב שופר200,שופרסל,IL,פירורי לחם,גרמים,200.00,100 גרם,false,0,3.50,1.75,true,1,
7296073081456,false,פירורי לחם לבן שופרסל200,שופרסל,IL,פירורי לחם לבן,גרמים,200.00,100 גרם,false,0,4.70,2.35,true,1,
7296073081470,false,ציפוי לשניצל שום שופר400,שופרסל,IL,ציפוי לשניצל,גרמים,400.00,100 גרם,false,0,8.10,2.03,true,1,
7296073081487,false,ציפוי לשניצל פיקנטי 400ג,שופרסל,IL,ציפוי לשניצל,גרמים,400.00,100 גרם,false,0,8.10,2.03,true,1,
7296073081579,false,צמר גפן נתלש שופרסל100גר,שופרסל,IL,צמר גפן נתלש,גרמים,100.00,100 גרם,false,0,6.90,6.90,true,1,
7296073081685,false,מזון יבש לחתול שופר1.5.ק,Tuffy's,US,מזון לחתולים,קילוגרמים,1.50,"ק""ג",false,0,24.90,16.60,true,1,
7296073083771,false,פירורי לחם מתובל.שופר200,שופרסל,IL,פירורי לחם,גרמים,200.00,100 גרם,false,0,5.20,2.60,true,1,
7296073087175,false,ריבת תות שופרסל 370 גרם,LTD 99 CIMA,BG,ריבת תות שדה,גרמים,370.00,100 גרם,false,0,9.50,2.57,true,1,
7296073087250,false,קונפ.אוכמניות שופרסל370ג,LTD 99 CIMA,BG,קונפ.אוכמניות,גרמים,370.00,100 גרם,false,0,12.10,3.27,true,1,
7296073087281,false,קונפ.תות שדה שופרסל 370ג,LTD 99 CIMA,BG,קונפיטורת תות,גרמים,370.00,100 גרם,false,0,12.10,3.27,true,1,
7296073090496,false,צמר פלדה שופרסל 100 גרם,פלסטו פוליש,IL,צמר פלדה,גרמים,100.00,100 גרם,false,0,5.90,5.90,true,1,
7296073090502,false,צמר פלדה שופרסל 350 גרם,פלסטו פוליש,IL,צמר פלדה,גרמים,350.00,100 גרם,false,0,12.40,3.54,true,1,
7296073091189,false,פופקורן למיקרו ט.חמאה600,שופרסל,IL,פופקורן למיקרו,גרמים,600.00,100 גרם,false,0,13.50,2.25,true,1,
7296073091226,false,פופקורן גרעינים שופר1.קג,מיה,IL,פופקורן גרעינים,קילוגרמים,1.00,"ק""ג",false,0,8.80,8.80,true,1,
7296073091530,false,שזיף מיובש 400ג שופרסל,ששון,IL,שזיף מיובש,גרמים,400.00,100 גרם,false,0,22.90,5.73,true,1,
7296073091554,false,צימוק כהה 400 גרם,ששון,IL,צימוק כהה,גרמים,400.00,100 גרם,false,0,17.90,4.48,true,1,
7296073091653,false,בננה צ'יפס 250ג שופרסל,ששון,IL,בננה צ'יפס,גרמים,250.00,100 גרם,false,0,11.50,4.60,true,1,
7296073094203,false,שעווה טבעית למיקרו 500גר,שופרסל,IL,שעווה דבש טבעית,גרמים,500.00,100 גרם,false,0,13.80,2.76,true,1,
7296073094463,false,חלווה שיש שופרסל 400 גרם,"אחדות בע""מ א.ת. ברקן",IL,חלווה שיש,גרמים,400.00,100 גרם,false,0,12.20,3.05,true,1,
7296073094746,false,חלווה וניל שופרסל 400גרם,"אחדות בע""מ א.ת. ברקן",IL,חלווה וניל,גרמים,400.00,100 גרם,false,0,12.20,3.05,true,1,
7296073095576,false,מסיר לק סגול שופרסל150מל,שופרסל,IL,מסיר לק סגול,מיליליטרים,150.00,"100 מ""ל",false,0,7.80,5.20,true,1,
7296073098263,false,גזר גמדי מוקפא שופרסל800,פרי גליל,IL,גזר גמדי 800גר,גרמים,800.00,100 גרם,false,0,14.50,1.81,true,1,
7296073098287,false,לקט בורגונדי שופרסל 800,פרי גליל,IL,לקט בורגונדי,גרמים,800.00,100 גרם,false,0,18.60,2.33,true,1,
7296073103813,false,תפוח אדמה לבן ארוז,שופרסל,IL,"תפו""א לבן ארוז",קילוגרמים,0.00,"ק""ג",true,0,3.90,3.90,true,1,
7296073103820,false,תפוח אדמה לטיגון ארוז,שופרסל,IL,"תפו""א לטיגון",קילוגרמים,0.00,"ק""ג",true,0,5.50,5.50,true,1,
7296073103844,false,תפוח אדמה למיקרו,קטיף,IL,"תפו""א למיקרו",יחידה,1.00,יחידה,false,0,5.90,5.90,true,1,
7296073106074,false,טליאטלה שופרסל 500 גרם,שופרסל,IT,פסטה טליאטלה,גרמים,500.00,100 גרם,false,0,9.80,1.96,true,1,
7296073107323,false,5 שקיות צליה גדולות שופר,שופרסל,,שקיות צליה,יחידה,1.00,יחידה,false,0,10.80,10.80,true,1,
7296073107408,false,גרנולה שוקו.פקאן שופר400,בריגן קי ג'י,DE,גרנולה שוקולד,גרמים,400.00,100 גרם,false,0,14.50,3.63,true,1,
7296073107828,false,שמן סויה שופרסל 1 ליטר,שופרסל,,שמן סויה,ליטרים,1.00,ליטר,false,0,7.50,7.50,true,1,
7296073108023,false,שעועית ירוקה חתוכה שופרס,פרי גליל,IL,שעועית ירוקה,גרמים,800.00,100 גרם,false,0,15.50,1.94,true,1,
7296073108047,false,שעועית ירוקה שלמה שופרסל,פרי גליל,IL,שעועית ירוקה,גרמים,800.00,100 גרם,false,0,16.60,2.08,true,1,
7296073108061,false,קלחי תירס שופרסל 1 קג,פרי גליל,IL,קלחי תירס 1קג,קילוגרמים,1.00,"ק""ג",false,0,17.70,17.70,true,1,
7296073108085,false,שעועית צהובה חתוכה שופרס,פרי גליל,IL,שעועית צהובה,גרמים,800.00,100 גרם,false,0,16.60,2.08,true,1,
7296073108245,false,עלי תרד שטופים200גרם,פרסקו,IL,עלי תרד שטופים,גרמים,200.00,100 גרם,false,0,9.90,4.95,true,1,
7296073108252,false,עלי בייבי שטופים 110גרם,פרסקו,IL,עלי בייבי שטופים,גרמים,110.00,100 גרם,false,0,9.50,8.64,true,1,
7296073108269,false,חסה ערבית שטופה250גרם,פרסקו,IL,חסה ערבית שטופה,גרמים,250.00,100 גרם,false,0,9.50,3.80,true,1,
7296073108283,false,סלט הגן אישי שטוף לאכילה,פרסקו,IL,סלט הגן אישי,גרמים,300.00,100 גרם,false,0,14.00,4.67,true,1,
7296073108306,false,סלט קלאסי אישי שטוף 300ג,פרסקו,IL,סלט קלאסי אישי,גרמים,300.00,100 גרם,false,0,14.00,4.67,true,1,
7296073108313,false,סלט קולסלאו שטוף 400גרם,פרסקו,IL,סלט קולסלאו שטוף,גרמים,400.00,100 גרם,false,0,8.50,2.13,true,1,
7296073108320,false,שבבי גזר שטופים 400גרם,פרסקו,IL,שבבי גזר שטופים,גרמים,400.00,100 גרם,false,0,8.50,2.13,true,1,
7296073108344,false,לקט קלאסי שטוף350גרם,פרסקו,IL,לקט קלאסי שטוף,גרמים,350.00,100 גרם,false,0,10.50,3.00,true,1,
7296073108351,false,חסה אייסברג שטופה 300גרם,פרסקו,IL,חסה אייסברג שטוף,גרמים,300.00,100 גרם,false,0,9.90,3.30,true,1,
7296073108368,false,לקט הגינה שטוף 300גרם,פרסקו,IL,לקט הגינה שטוף,גרמים,300.00,100 גרם,false,0,10.50,3.50,true,1,
7296073108375,false,כרוב לבן שטוף לאכילה400ג,פרסקו,IL,כרוב לבן שטוף,גרמים,400.00,100 גרם,false,0,8.50,2.13,true,1,
7296073108443,false,"קמח מלא שופרסל 1 ק""ג",שופרסל,IL,קמח חיטה מלא,קילוגרמים,1.00,"ק""ג",false,0,6.30,6.30,true,1,
7296073108573,false,קרם קרקר שופרסל 230 גרם,מגדנית הדר,IL,קרם קרקר,גרמים,230.00,100 גרם,false,0,7.50,3.26,true,1,
7296073109464,false,עוג.ממולאות תות שופר300ג,שופרסל,IL,עוגיות ממולאות,גרמים,300.00,100 גרם,false,0,7.80,2.60,true,1,
7296073112457,false,קוסקוס חיטה מלא.שופר350ג,אסיף תעשיות מזון,IL,קוסקוס,גרמים,350.00,100 גרם,false,0,5.70,1.63,true,1,
7296073112617,false,6 ספוג.לניקוי מופלא שופר,שופרסל,DE,ספוגית ניקוי,יחידה,1.00,יחידה,false,0,8.80,8.80,true,1,
7296073113256,false,חרדל דיז'ון שופרסל 370גר,שופרסל,FR,חרדל דיז'ון,גרמים,370.00,100 גרם,false,0,8.90,2.41,true,1,
7296073113263,false,חרדל צרפתי שופרסל 370גרם,שופרסל,FR,חרדל צרפתי,גרמים,370.00,100 גרם,false,0,6.50,1.76,true,1,
7296073115724,false,אבקת אפיה שופרסל10*10 גר,שופרסל,IL,אבקת אפיה 10יח,גרמים,100.00,100 גרם,false,0,3.00,3.00,true,1,
7296073115762,false,קורנפלור שופרסל 200 גרם,שופרסל,IL,קורנפלור,גרמים,200.00,100 גרם,false,0,3.50,1.75,true,1,
7296073116783,false,שומשום שופרסל 100 גרם,מיה,IL,שומשום שופרסל,גרמים,100.00,100 גרם,false,0,3.50,3.50,true,1,
7296073116790,false,שומשום שופרסל 400 גרם,מיה,IL,שומשום שופרסל,גרמים,400.00,100 גרם,false,0,11.50,2.88,true,1,
7296073116813,false,קמח תירס שופרסל 400 גרם,מיה,IL,קמח תירס,גרמים,400.00,100 גרם,false,0,5.50,1.38,true,1,
7296073118770,false,עלי בייבי שטופים 300גרם,פרסקו,IL,עלי בייבי שטופים,גרמים,300.00,100 גרם,false,0,12.90,4.30,true,1,
7296073119456,false,תע חסה+עלי בייבי350גרם,פרסקו,IL,תע חסה+ע.בייבי,גרמים,350.00,100 גרם,false,0,9.90,2.83,true,1,
7296073119883,false,"20סינרים ח""פ לתינוק שופר",שופרסל,IL,סינרים לתינוק,יחידה,1.00,יחידה,false,0,12.90,12.90,true,1,
7296073120018,false,100 נרות חימום בלוק,שופרסל,IL,נרות חימום,יחידה,1.00,יחידה,false,0,19.90,19.90,true,1,
7296073121176,false,תמר חלאוי 400ג שופרסל,הדיקלאים,IL,תמר חלאוי400גרם,גרמים,400.00,100 גרם,false,0,12.90,3.23,true,1,
7296073123699,false,מגבונ.לח.ללא בישום 64יח,שופרסל,IL,מגבונים לחים,יחידה,1.00,יחידה,false,0,6.80,6.80,true,1,
7296073123729,false,"תמצית וניל שופרסל 50 מ""ל",מיה,IL,תמצית וניל,מיליליטרים,50.00,"100 מ""ל",false,0,4.00,8.00,true,1,
7296073123972,false,ניוקי קטנים שופרסל500גרם,שופרסל,IT,ניוקי קטנים,גרמים,500.00,100 גרם,false,0,9.80,1.96,true,1,
7296073124160,false,שום קפוא מגשית שופרסל 80,שופרסל,IL,שום קפוא מגשית,גרמים,80.00,100 גרם,false,0,11.90,14.88,true,1,
7296073124399,false,ספגטי מספר 5 שופרסל 500ג,שופרסל,IT,ספגטי מס' 5,גרמים,500.00,100 גרם,false,0,4.90,0.98,true,1,
7296073125303,false,מלפפונים בחומץ 7-9 540גר,שופרסל,,מלפפונים בחומץ,גרמים,540.00,100 גרם,false,0,6.30,1.17,true,1,
7296073125334,false,מלפפונים בחומץ13-17 540ג,שופרסל,IL,מלפפונים בחומץ,גרמים,540.00,100 גרם,false,0,9.50,1.76,true,1,
7296073125341,false,מלפפונים בחומץ18-25 540ג,שופרסל,IL,מלפפונים בחומץ,גרמים,540.00,100 גרם,false,0,10.90,2.02,true,1,
7296073125884,false,שמן סויה שופרסל 1 ליטר,NV AOR,BE,שמן סויה,ליטרים,1.00,ליטר,false,0,7.50,7.50,true,1,
7296073125952,false,"אורז יסמין שופרסל 1 ק""ג",ltd co produce Uthai,TH,אורז יסמין,קילוגרמים,1.00,"ק""ג",false,0,9.80,9.80,true,1,
7296073128229,false,מעדן תות שדה שופרסל284גר,LTD 99 CIMA,BG,מעדן תות שדה,גרמים,284.00,100 גרם,false,0,10.00,3.52,true,1,
7296073128236,false,מעדן משמש שופרסל 284 גרם,LTD 99 CIMA,BG,מעדן מישמש,גרמים,284.00,100 גרם,false,0,10.00,3.52,true,1,
7296073128250,false,מעדן אוכמניות כחולות284ג,LTD 99 CIMA,BG,מעדן אוכמניות,גרמים,284.00,100 גרם,false,0,10.00,3.52,true,1,
7296073129431,false,פתיתים קוסקוס שופרסל500ג,אסיף תעשיות מזון,IL,פתיתים קוסקוס,גרמים,500.00,100 גרם,false,0,4.50,0.90,true,1,
7296073129455,false,פתיתים אורז שופרסל 500גר,אסיף תעשיות מזון,IL,פתיתים אורז,גרמים,500.00,100 גרם,false,0,4.50,0.90,true,1,
7296073129462,false,פתיתים לבבות שופרסל500גר,אסיף תעשיות מזון,IL,פתיתים לבבות,גרמים,500.00,100 גרם,false,0,4.50,0.90,true,1,
7296073129479,false,פתיתים כוכבים שופרסל500ג,אסיף תעשיות מזון,IL,פתיתים כוכבים,גרמים,500.00,100 גרם,false,0,4.50,0.90,true,1,
7296073129523,false,נר נשמה שבועי שופרסל,שופרסל,IL,נר נשמה שבועי,יחידה,1.00,יחידה,false,0,9.90,9.90,true,1,
7296073129530,false,נרות חימום בשקית 50 יח',שופרסל,IL,נרות חימום,יחידה,1.00,יחידה,false,0,10.00,10.00,true,1,
7296073130499,false,"מיץ לימון שופרסל 200 מ""ל",סי פרווידר,IT,מיץ לימון שופרסל,מיליליטרים,200.00,"100 מ""ל",false,0,5.90,2.95,true,1,
7296073132400,false,"מיץ לימון שופרסל 500 מ""ל",סי פרווידר,IT,מיץ לימון,מיליליטרים,500.00,"100 מ""ל",false,0,6.20,1.24,true,1,
7296073132448,false,שמן תירס שופרסל 1 ליטר,NV AOR,BE,שמן תירס שופרסל,ליטרים,1.00,ליטר,false,0,13.60,13.60,true,1,
7296073132820,false,סלק בואקום 500 גרם,שופרסל,XX,סלק בואקום 500ג,גרמים,500.00,100 גרם,false,0,8.00,1.60,true,1,
7296073132974,false,צלחות לבן אלגנט ענק 25 י,.,IL,צלחות ענק,יחידה,1.00,יחידה,false,0,14.90,14.90,true,1,
7296073132981,false,25צלחות גדולה לבן שופרסל,.,IL,צלחות גדולה,יחידה,1.00,יחידה,false,0,9.90,9.90,true,1,
7296073132998,false,25צלחות קטנות לבן שופרסל,.,IL,צלחות קטנות,יחידה,1.00,יחידה,false,0,7.90,7.90,true,1,
7296073133056,false,צלחות קרם אלגנט ענק 25 י,.,IL,צלחות קרם ענק,יחידה,1.00,יחידה,false,0,14.90,14.90,true,1,
7296073133063,false,צלחות גדולה קרם שופרסל,.,IL,צלחות גדולות,יחידה,1.00,יחידה,false,0,9.90,9.90,true,1,
7296073133070,false,צלחות קטנות קרם שופרסל 2,.,IL,צלחות קטנות,יחידה,1.00,יחידה,false,0,7.90,7.90,true,1,
7296073134930,false,שעועית ארגנטינאית 500גרם,מיה,IL,שעועית ארגנטינאי,גרמים,500.00,100 גרם,false,0,9.80,1.96,true,1,
7296073140986,false,52מגן תחתון לארג' שופרסל,שופרסל,IL,מגן תחתון שופרסל,יחידה,1.00,יחידה,false,0,11.90,11.90,true,1,
7296073140993,false,28 תחבושות נורמל+ שופרסל,שופרסל,DE,תחבושות שופרסל,יחידה,1.00,יחידה,false,0,12.50,12.50,true,1,
7296073141143,false,שוקולד חלב שופרסל100 גרם,שופרסל,CH,שוקולד חלב,גרמים,100.00,100 גרם,false,0,5.00,5.00,true,1,
7296073141150,false,שוקולד מריר שוויצרי100ג,שופרסל,CH,שוקולד מריר,גרמים,100.00,100 גרם,false,0,5.00,5.00,true,1,
7296073142041,false,גביעי גלידה שופרסל 24יח',גילרו,IL,גביעי גלידה,גרמים,120.00,100 גרם,false,0,9.70,8.08,true,1,
7296073143437,false,"ברנפלקס ללת""ס שופרסל 500",שופרסל,,"ברנפלקס ללת""ס",גרמים,500.00,100 גרם,false,0,10.90,2.18,true,1,
7296073143727,false,פתיתים קוסקוס 3 צבעים500,אסיף תעשיות מזון,IL,פתיתים קוסקוס,גרמים,500.00,100 גרם,false,0,5.90,1.18,true,1,
7296073146933,false,שוק.אוורירי מריר שופר100,שופרסל,CH,שוקולד אוורירי,גרמים,100.00,100 גרם,false,0,5.00,5.00,true,1,
7296073146940,false,שוק.אוורירי חלב שופר100ג,שופרסל,CH,שוקולד אוורירי,גרמים,100.00,100 גרם,false,0,5.00,5.00,true,1,
7296073146957,false,שוק.חלב שברי אגוז שופ100,שופרסל,CH,שוקולד חלב אגוז,גרמים,100.00,100 גרם,false,0,5.00,5.00,true,1,
7296073150527,false,קורנפלקס שופרסל 750 גרם,שופרסל,,קורנפלקס שופרסל,גרמים,750.00,100 גרם,false,0,10.90,1.45,true,1,
7296073150756,false,שוקולד אגוזים3יח,,CH,שוקולד אגוזים3יח,גרמים,300.00,100 גרם,false,0,14.50,4.83,true,1,
7296073151487,false,פריכיות מיני תפוח 50 גרם,שופרסל,IL,פריכיות תפוח,גרמים,50.00,100 גרם,false,0,7.50,15.00,true,1,
7296073151524,false,צנימים שופרסל 320 גרם,שופרסל,IT,צנימים שופרסל,גרמים,320.00,100 גרם,false,0,8.60,2.69,true,1,
7296073152453,false,קפה טורקי ואקום שופר200ג,שופרסל,IL,קפה טורקי בואקום,גרמים,200.00,100 גרם,false,0,14.10,7.05,true,1,
7296073153238,false,גזר ארוז שופרסל,,IL,גזר ארוז שופרסל,קילוגרמים,0.00,"ק""ג",true,0,3.90,3.90,true,1,
7296073153283,false,מזון לחתול מיקס שופר1.5ק,Tuffy's,IL,מזון לחתולים,קילוגרמים,1.50,"ק""ג",false,0,35.80,23.87,true,1,
7296073156246,false,עוגת בראוניס ש.צ'יפס400ג,גידרון,IL,עוגת בראוניס,גרמים,400.00,100 גרם,false,0,13.80,3.45,true,1,
7296073156604,false,שוק.חלב עם אגוזי לוז100ג,שופרסל,CH,שוקולד+אגוזי לוז,גרמים,100.00,100 גרם,false,0,7.20,7.20,true,1,
7296073156611,false,שוקולד מריר 60% קקאו100ג,שופרסל,,שוקולד מריר 60%,גרמים,100.00,100 גרם,false,0,6.80,6.80,true,1,
7296073156628,false,שוק.מריר+אגוזי לוז 100גר,שופרסל,,שוקולד+אגוזי לוז,גרמים,100.00,100 גרם,false,0,7.20,7.20,true,1,
7296073160663,false,פסטה פוזילי 3 דקות 500 ג,שופרסל,,פסטה פוזילי,גרמים,500.00,100 גרם,false,0,6.30,1.26,true,1,
7296073161493,false,שוק.מריר60%שופרסל 100*2ג,שופרסל,,שוקולד מריר זוג,גרמים,200.00,100 גרם,false,0,10.00,5.00,true,1,
7296073161509,false,שוק.חלב אגוזי לוז100*3גר,שופרסל,CH,שוקולד אגוז 3 יח,גרמים,300.00,100 גרם,false,0,15.90,5.30,true,1,
7296073161981,false,עוג.מילוי קרם שוק.שופ150,שופרסל,,עוגיות קרם שוקו,גרמים,150.00,100 גרם,false,0,7.50,5.00,true,1,
7296073162001,false,עוג.קרם אגוז לוז שופר150,שופרסל,,עוגיות קרם אגוז,גרמים,150.00,100 גרם,false,0,7.50,5.00,true,1,
7296073169253,false,רוטב עגבניות עם שום260גר,שופרסל,,רוטב עגבניות,גרמים,260.00,100 גרם,false,0,4.30,1.65,true,1,
7296073169260,false,עגבנ.מרוסקות שופרסל260גר,שופרסל,,עגבניות מרוסקות,גרמים,260.00,100 גרם,false,0,4.30,1.65,true,1,
7296073169543,false,40 מטליות רב שימושיות,שופרסל,IL,"מטליות רב""ש",יחידה,1.00,יחידה,false,0,18.70,18.70,true,1,
7296073169550,false,3 מטליות מיקרופייבר שופר,שופרסל,,מטליות מיקרופיבר,יחידה,1.00,יחידה,false,0,12.80,12.80,true,1,
7296073169581,false,ממחטות אף לכיס 10*10 יח,שופרסל,,ממחטות אף לכיס,יחידה,1.00,יחידה,false,0,7.40,7.40,true,1,
7296073169840,false,שוק.חלב ל.סוכר שופרסל100,שופרסל,,שוקולד ללא סוכר,גרמים,100.00,100 גרם,false,0,6.50,6.50,true,1,
7296073170839,false,שוקולד לבן שוויצרי 100גר,שופרסל,,שוקולד לבן,גרמים,100.00,100 גרם,false,0,5.00,5.00,true,1,
7296073171126,false,שוק.לבן שוויצרי 100*3 גר,שופרסל,,שוקולד לבן 3 יח',גרמים,300.00,100 גרם,false,0,14.50,4.83,true,1,
7296073179689,false,עינוגי פקאן שופרסל 400גר,שופרסל,DE,עינוגי פקאן,גרמים,400.00,100 גרם,false,0,17.90,4.48,true,1,
7296073179863,false,דבש טבעי לחיץ שופרסל250ג,שופרסל,,דבש לחיץ,גרמים,250.00,100 גרם,false,0,15.50,6.20,true,1,
7296073179979,false,תחתיות ארטישוק שופרסל 00,LTD ALEX COLD,EG,תחתיות ארטישוק,גרמים,400.00,100 גרם,false,0,18.20,4.55,true,1,
7296073180203,false,עלי רוקט שטופים 150גרם,פרסקו,IL,עלי רוקט150ג',גרמים,150.00,100 גרם,false,0,9.50,6.33,true,1,
7296073180449,false,רוטב לפסטה,,,רוטב לפסטה,גרמים,350.00,100 גרם,false,0,8.90,2.54,true,1,
7296073180630,false,מטליות לחות לרצפה 10יח,טרופיקל דגיל,IL,מטליות לחות,יחידה,1.00,יחידה,false,0,9.80,9.80,true,1,
7296073180852,false,חטיפי דגנים 5 יח,,,חטיפי דגנים 5 יח,גרמים,210.00,100 גרם,false,0,9.90,4.71,true,1,
7296073180869,false,חטיפי דגנים 5 יח,,,חטיפי דגנים 5 יח,גרמים,210.00,100 גרם,false,0,9.90,4.71,true,1,
7296073187363,false,פחם דרום אמריקאי,,PY,פחם דרום אמריקאי,קילוגרמים,2.00,"ק""ג",false,0,13.90,6.95,true,1,
7296073188674,false,חטיפי קרקר,,,חטיפי קרקר,גרמים,350.00,100 גרם,false,0,8.90,2.54,true,1,
7296073188711,false,חטיפי קרקר,,,חטיפי קרקר,גרמים,350.00,100 גרם,false,0,8.90,2.54,true,1,
7296073189671,false,ג.דלעת קלוף 150גרם שופרס,ששון,IL,גרעין דלעת 150ג,גרמים,150.00,100 גרם,false,0,13.80,9.20,true,1,
7296073191162,false,יין אדום מתוק קדרון650מל,הכורמים,IL,יין אדום קדרון,מיליליטרים,650.00,"100 מ""ל",false,0,14.40,2.22,true,1,
7296073191452,false,מסיר כתמים מרסס,,IL,מסיר כתמים מרסס,מיליליטרים,750.00,"100 מ""ל",false,0,9.80,1.31,true,1,
7296073192633,false,שעועית לבנה שופרסל 800גר,פרי גליל,GB,שעועית לבנה,גרמים,800.00,100 גרם,false,0,17.60,2.20,true,1,
7296073195115,false,דייסת קורנפלור שופרסל200,שופרסל,IL,דייסת קורנפלור,גרמים,200.00,100 גרם,false,0,9.90,4.95,true,1,
7296073195207,false,טחינה אורגנית גרין 500גר,"אחדות בע""מ א.ת. ברקן",IL,טחינה אורגנית,גרמים,500.00,100 גרם,false,0,9.50,1.90,true,1,
7296073195245,false,חלווה אורגנית גרין 300גר,"אחדות בע""מ א.ת. ברקן",IL,חלווה אורגנית,גרמים,300.00,100 גרם,false,0,7.50,2.50,true,1,
7296073195894,false,אטריות דקיקות שופרסל400ג,שיבולים בני דרום,IL,אטריות דקיקות,גרמים,400.00,100 גרם,false,0,4.90,1.23,true,1,
7296073195900,false,אטריות דקות שופרסל 400ג,שיבולים בני דרום,IL,אטריות דקות,גרמים,400.00,100 גרם,false,0,4.90,1.23,true,1,
7296073195924,false,אטריות רחבות שופרסל400ג,שיבולים בני דרום,IL,אטריות דקות,גרמים,400.00,100 גרם,false,0,4.90,1.23,true,1,
7296073197461,false,שוקולד חלב 3 יח,,CH,שוקולד חלב 3 יח,גרמים,300.00,100 גרם,false,0,12.90,4.30,true,1,
7296073197478,false,שוקולד מריר 3 יח,,CH,שוקולד מריר 3 יח,גרמים,300.00,100 גרם,false,0,12.90,4.30,true,1,
7296073199014,false,נודלס דק להקפצה 400 גרם,INDUSTRY ANLIDA LONGHAI FUJIAN,CN,נודלס דק להקפצה,גרמים,400.00,100 גרם,false,0,9.80,2.45,true,1,
7296073199274,false,קמח חיטה מלאה,,IL,קמח חיטה מלאה,קילוגרמים,1.00,"ק""ג",false,0,5.90,5.90,true,1,
7296073199380,false,רוטב צ'ילי מתוק שופר810ג,תאי פרידה אינדסטרי,TH,רוטב צ'ילי מתוק,גרמים,810.00,100 גרם,false,0,12.80,1.58,true,1,
7296073201427,false,סילאן 350 גרם,,IL,סילאן 350 גרם,גרמים,350.00,100 גרם,false,0,8.80,2.51,true,1,
7296073201434,false,סילאן שופרסל,,IL,סילאן שופרסל,גרמים,900.00,100 גרם,false,0,13.80,1.53,true,1,
7296073202479,false,שוקולד מריר 6 יח,,CH,שוקולד מריר 6 יח,גרמים,600.00,100 גרם,false,0,19.90,3.32,true,1,
7296073202493,false,שוקולד חלב 6 יח,,CH,שוקולד חלב 6 יח,גרמים,600.00,100 גרם,false,0,19.90,3.32,true,1,
7296073205081,false,מיונז,,IL,מיונז,גרמים,500.00,100 גרם,false,0,6.90,1.38,true,1,
7296073205111,false,"ניוקי תפו""א",,IT,"ניוקי תפו""א",גרמים,500.00,100 גרם,false,0,12.90,2.58,true,1,
7296073205401,false,קטשופ אורגני גרין 750 גר,פרי גליל,IL,קטשופ אורגני,גרמים,750.00,100 גרם,false,0,16.80,2.24,true,1,
7296073205418,false,פוסילי מלא,,IT,פוסילי מלא,גרמים,500.00,100 גרם,false,0,8.90,1.78,true,1,
7296073205456,false,פנה מלא אורגני,,IT,פנה מלא אורגני,גרמים,500.00,100 גרם,false,0,8.90,1.78,true,1,
7296073205708,false,רוט.פסט.בזיליקום אורג350,אלת'אה אס.פי.איי,IT,רוטב פסטה,גרמים,350.00,100 גרם,false,0,13.90,3.97,true,1,
7296073206989,false,משחה לתינוק שופרסל 110ג,אמיליה קוסמטיקס,IL,משחה לתינוק,גרמים,110.00,100 גרם,false,0,10.00,9.09,true,1,
7296073207016,false,תח.רחצה לתינוק שופרסל750,אמיליה קוסמטיקס,IL,תחליב רחצה תינוק,מיליליטרים,750.00,"100 מ""ל",false,0,10.00,1.33,true,1,
7296073207030,false,אל סבון לתינוק שופרסל750,אמיליה קוסמטיקס,IL,אל סבון לתינוק,מיליליטרים,750.00,"100 מ""ל",false,0,10.00,1.33,true,1,
7296073209225,false,"3ספוגיות קירצוף 9*72 ס""מ",פלסטו פוליש,IL,ספוגיות קירצוף,יחידה,1.00,יחידה,false,0,7.90,7.90,true,1,
7296073209249,false,ספגיות קירצוף 6 יחידות,פלסטו פוליש,IL,ספוגיות קירצוף,יחידה,1.00,יחידה,false,0,4.90,4.90,true,1,
7296073209928,false,בייגלה שטוח,,IL,בייגלה שטוח,גרמים,300.00,100 גרם,false,0,8.50,2.83,true,1,
7296073209935,false,בייגלה שטוח,,IL,בייגלה שטוח,גרמים,300.00,100 גרם,false,0,8.50,2.83,true,1,
7296073211709,false,שליש באגט ללא גלוטן גרין,גידרון,IL,שליש באגט,יחידה,1.00,יחידה,false,0,9.50,9.50,true,1,
7296073211952,false,סירופ מייפל,,CA,סירופ מייפל,מיליליטרים,250.00,"100 מ""ל",false,0,15.00,6.00,true,1,
7296073212089,false,מרק פטריות שופרסל 400גרם,פרי גליל,IL,מרק פטריות,גרמים,400.00,100 גרם,false,0,15.80,3.95,true,1,
7296073212096,false,מרק עוף שופרסל 400 גרם,פרי גליל,IL,מרק עוף,גרמים,400.00,100 גרם,false,0,12.80,3.20,true,1,
7296073212119,false,מרק טעם עוף שופרסל400ג,פרי גליל,IL,מרק טעם עוף,גרמים,400.00,100 גרם,false,0,9.80,2.45,true,1,
7296073212126,false,מרק בצל שופרסל 400 גרם,פרי גליל,IL,מרק בצל,גרמים,400.00,100 גרם,false,0,15.80,3.95,true,1,
7296073214113,false,חצאי משמש בסירופ,,CN,חצאי משמש בסירופ,גרמים,820.00,100 גרם,false,0,8.80,1.07,true,1,
7296073214137,false,פלחי אפרסקים,,CN,פלחי אפרסקים,גרמים,820.00,100 גרם,false,0,7.90,0.96,true,1,
7296073215844,false,כורכום טחון,,IL,כורכום טחון,גרמים,40.00,100 גרם,false,0,5.90,14.75,true,1,
7296073215882,false,כמון טחון,,IL,כמון טחון,גרמים,40.00,100 גרם,false,0,6.90,17.25,true,1,
7296073216124,false,בזיליקום תבלין,,IL,בזיליקום תבלין,גרמים,30.00,100 גרם,false,0,5.10,17.00,true,1,
7296073216209,false,פלפל שחור,,IL,פלפל שחור,גרמים,35.00,100 גרם,false,0,9.40,26.86,true,1,
7296073216230,false,פפריקה מתוקה,,IL,פפריקה מתוקה,גרמים,40.00,100 גרם,false,0,6.90,17.25,true,1,
7296073216254,false,פפריקה מתוקה,,IL,פפריקה מתוקה,גרמים,400.00,100 גרם,false,0,22.70,5.68,true,1,
7296073216285,false,פפריקה מתוקה,,IL,פפריקה מתוקה,גרמים,400.00,100 גרם,false,0,22.80,5.70,true,1,
7296073216292,false,פפריקה חריפה,,IL,פפריקה חריפה,גרמים,80.00,100 גרם,false,0,4.70,5.88,true,1,
7296073216308,false,פפריקה חריפה,,IL,פפריקה חריפה,גרמים,100.00,100 גרם,false,0,10.80,10.80,true,1,
7296073216322,false,מלח לימון,,IL,מלח לימון,גרמים,170.00,100 גרם,false,0,9.80,5.76,true,1,
7296073216339,false,מלח לימון,,IL,מלח לימון,גרמים,700.00,100 גרם,false,0,22.70,3.24,true,1,
7296073218234,false,סוכר חום אורגני,,IL,סוכר חום אורגני,קילוגרמים,1.00,"ק""ג",false,0,7.90,7.90,true,1,
7296073218333,false,פופקורן מופחת,,US,פופקורן מופחת,גרמים,510.00,100 גרם,false,0,13.50,2.65,true,1,
7296073218753,false,פתי בר שופרסל 500 גרם,BV BISCUIT PALLY,NL,פתי בר,גרמים,500.00,100 גרם,false,0,8.90,1.78,true,1,
7296073218807,false,בישקוטים,,IT,בישקוטים,גרמים,200.00,100 גרם,false,0,7.20,3.60,true,1,
7296073218920,false,לחם אחיד פרוס שופרסל 750,מאפיית שלמה א. אנג'ל,IL,לחם אחיד פרוס,גרמים,750.00,100 גרם,false,0,5.90,0.79,true,1,
7296073219088,false,מיונז אמיתי 1 קג,,IL,מיונז אמיתי 1 קג,קילוגרמים,1.00,"ק""ג",false,0,14.50,14.50,true,1,
7296073219101,false,אבקת כביסה,,IL,אבקת כביסה,קילוגרמים,7.00,"ק""ג",false,0,39.60,5.66,true,1,
7296073219330,false,לחם אחיד פרוס,,IL,לחם אחיד פרוס,גרמים,750.00,100 גרם,false,0,5.90,0.79,true,1,
7296073219347,false,לחם אחיד פרוס750ג שופרסל,מאפית ברמן,IL,לחם אחיד פרוס,גרמים,750.00,100 גרם,false,0,5.90,0.79,true,1,
7296073219606,false,כדורי דגנים,,IL,כדורי דגנים,גרמים,500.00,100 גרם,false,0,12.90,2.58,true,1,
7296073219903,false,ג'לי פטל,,IL,ג'לי פטל,גרמים,85.00,100 גרם,false,0,5.00,5.88,true,1,
7296073219910,false,ג'לי משמש,,IL,ג'לי משמש,גרמים,85.00,100 גרם,false,0,5.00,5.88,true,1,
7296073219927,false,ג'לי תות,,IL,ג'לי תות,גרמים,85.00,100 גרם,false,0,5.00,5.88,true,1,
7296073219941,false,חטיף דגנים שוקו+שוק23*6ג,back and Snack,AT,חטיף דגנים,גרמים,138.00,100 גרם,false,0,9.90,7.17,true,1,
7296073219958,false,חט.דגנים שוקו+מריר23*6ג,back and Snack,AT,חטיף דגנים,גרמים,138.00,100 גרם,false,0,9.90,7.17,true,1,
7296073219965,false,חט.דגנים שוק.חלב+בוט23*6,back and Snack,AT,חטיף בוטנים,גרמים,138.00,100 גרם,false,0,9.90,7.17,true,1,
7296073220022,false,אבקת קקאו,,IL,אבקת קקאו,גרמים,150.00,100 גרם,false,0,7.50,5.00,true,1,
7296073220176,false,מרשמלו ורוד לבן,,IL,מרשמלו ורוד לבן,גרמים,180.00,100 גרם,false,0,6.30,3.50,true,1,
7296073220183,false,עוגיות שוקוצ'יפס,,DE,עוגיות שוקוצ'יפס,גרמים,225.00,100 גרם,false,0,8.50,3.78,true,1,
7296073220206,false,חטיף דגנים שוקולד 23 גרם,.,AT,חטיף דגנים,גרמים,23.00,100 גרם,false,0,1.90,8.26,true,1,
7296073220442,false,דובדבן קפוא שופרסל 300גר,d.o.o Lukowa,YU,דובדבן,גרמים,300.00,100 גרם,false,0,16.90,5.63,true,1,
7296073221319,false,"כף קרם ח""פ 100 יח'",.,IL,"כף קרם ח""פ",יחידה,1.00,יחידה,false,0,7.90,7.90,true,1,
7296073221333,false,"מזלג קרם ח""פ 100 יח'",.,IL,"מזלג קרם ח""פ",יחידה,1.00,יחידה,false,0,7.90,7.90,true,1,
7296073222309,false,ג'חנון קפוא שופרסל 650 ג,אופרה,IL,ג'חנון קפוא שופר,גרמים,650.00,100 גרם,false,0,12.90,1.98,true,1,
7296073223009,false,שמן זית,,IT,שמן זית,מיליליטרים,750.00,"100 מ""ל",false,0,29.90,3.99,true,1,
7296073223061,false,תה ירוק,,LK,תה ירוק,גרמים,37.00,100 גרם,false,0,15.50,41.89,true,1,
7296073223078,false,תה ירוק,,LK,תה ירוק,גרמים,37.00,100 גרם,false,0,15.50,41.89,true,1,
7296073223115,false,תה קלאסי,,LK,תה קלאסי,גרמים,150.00,100 גרם,false,0,9.80,6.53,true,1,
7296073224037,false,מזון כלבים,,FR,מזון כלבים,גרמים,400.00,100 גרם,false,0,6.80,1.70,true,1,
7296073224044,false,מזון לכלב,,FR,מזון לכלב,גרמים,400.00,100 גרם,false,0,6.80,1.70,true,1,
7296073224051,false,מזון כלבים,,FR,מזון כלבים,גרמים,400.00,100 גרם,false,0,6.80,1.70,true,1,
7296073224204,false,שמן זית,,IT,שמן זית,ליטרים,1.00,ליטר,false,0,39.90,39.90,true,1,
7296073224464,false,אורז לבן ארוך,,IL,אורז לבן ארוך,גרמים,500.00,100 גרם,false,0,6.90,1.38,true,1,
7296073224471,false,עדשים אדומות,,IL,עדשים אדומות,גרמים,500.00,100 גרם,false,0,11.90,2.38,true,1,
7296073224488,false,בורגול אורגני,,IL,בורגול אורגני,גרמים,500.00,100 גרם,false,0,7.80,1.56,true,1,
7296073224549,false,זרעי פשתן,,IL,זרעי פשתן,גרמים,500.00,100 גרם,false,0,9.80,1.96,true,1,
7296073224563,false,סלט טחינה שופרסל 400 גרם,סלטי שמיר,IL,סלט טחינה,גרמים,400.00,100 גרם,false,0,8.50,2.13,true,1,
7296073224761,false,חליטת נענע שופרסל 25שק,רפאלס,DE,חליטת נענע,גרמים,50.00,100 גרם,false,0,11.80,23.60,true,1,
7296073224778,false,חליטת ורד הבר שופרסל25שק,רפאלס,DE,חליטת ורד הבר,גרמים,62.00,100 גרם,false,0,11.80,19.03,true,1,
7296073224785,false,חליטת קמומיל שופרסל 25שק,רפאלס,DE,חליטת קמומיל,גרמים,37.00,100 גרם,false,0,11.80,31.89,true,1,
7296073224808,false,ג'ל כביסה שופרסל,,IL,ג'ל כביסה שופרסל,יחידה,1.00,יחידה,false,0,19.80,19.80,true,1,
7296073224815,false,מרכך מרוכז כחול,,IL,מרכך מרוכז כחול,ליטרים,1.00,ליטר,false,0,9.90,9.90,true,1,
7296073224822,false,מרכך מרוכז ורוד,,IL,מרכך מרוכז ורוד,ליטרים,1.00,ליטר,false,0,9.90,9.90,true,1,
7296073224839,false,מרכך מרוכז לבן,,IL,מרכך מרוכז לבן,ליטרים,1.00,ליטר,false,0,9.90,9.90,true,1,
7296073225010,false,ריבועי דגנים+קינמון500גר,פודס,LT,ריבועי דגנים,גרמים,500.00,100 גרם,false,0,12.90,2.58,true,1,
7296073225072,false,לחמניות שופרסל 75*6 גרם,מאפיית שלמה א. אנג'ל,IL,לחמניות 6 יחידות,גרמים,450.00,100 גרם,false,0,8.90,1.98,true,1,
7296073225195,false,שמ.זית אורג.כתית גרין750,OLIVENSA,ES,שמן זית אורגני,ליטרים,0.75,ליטר,false,1,34.90,46.53,true,1,
7296073225218,false,משמש מיובש 200ג שופרסל,SA AKCA OSMAN,IL,משמש מארז 200גרם,גרמים,200.00,100 גרם,false,0,12.90,6.45,true,1,
7296073225263,false,עוגיות עם שמנת,,IT,עוגיות עם שמנת,גרמים,300.00,100 גרם,false,0,7.90,2.63,true,1,
7296073225270,false,עוגיות בציפוי,,IT,עוגיות בציפוי,גרמים,300.00,100 גרם,false,0,7.90,2.63,true,1,
7296073225287,false,עוגיות חיטה מלאה,,IT,עוגיות חיטה מלאה,גרמים,300.00,100 גרם,false,0,7.90,2.63,true,1,
7296073225294,false,קוסקוס דורום,,IL,קוסקוס דורום,גרמים,500.00,100 גרם,false,0,5.90,1.18,true,1,
7296073225461,false,פיצה מרגריטה 360גרם,SOCICO CON S.R.L AR,IT,פיצה מרגריטה,גרמים,360.00,100 גרם,false,0,15.90,4.42,true,1,
7296073225492,false,רסק עגבני.מרוכז22% 260ג,פריניר,IL,רסק עגבניות,גרמים,260.00,100 גרם,false,0,3.10,1.19,true,1,
7296073225515,false,"מכסים לכוסות קפה ח""פ 50",.,CN,מכסים לכוסות קפה,יחידה,1.00,יחידה,false,0,5.90,5.90,true,1,
7296073225614,false,חטיפי קרקר,,IT,חטיפי קרקר,גרמים,150.00,100 גרם,false,0,7.80,5.20,true,1,
7296073225621,false,חטיפי קרקר,,IT,חטיפי קרקר,גרמים,150.00,100 גרם,false,0,7.80,5.20,true,1,
7296073226154,false,ביסקוויט שוקולד מריר125,.,DE,ביסקוויט מצופה,גרמים,125.00,100 גרם,false,0,7.80,6.24,true,1,
7296073226307,false,חיתולים שופרסל,,IL,חיתולים שופרסל,יחידה,1.00,יחידה,false,0,29.90,29.90,true,1,
7296073226314,false,חיתולים שופרסל,,IL,חיתולים שופרסל,יחידה,1.00,יחידה,false,0,29.90,29.90,true,1,
7296073226321,false,חיתולים שופרסל,,IL,חיתולים שופרסל,יחידה,1.00,יחידה,false,0,29.90,29.90,true,1,
7296073226338,false,חיתולים שופרסל,,IL,חיתולים שופרסל,יחידה,1.00,יחידה,false,0,29.90,29.90,true,1,
7296073226529,false,וופל קוביות שוקולד 250גר,בלקוני,IT,וופל קוביות,גרמים,250.00,100 גרם,false,0,10.80,4.32,true,1,
7296073227793,false,ביצים 12 יח,,IL,ביצים 12 יח,יחידה,1.00,יחידה,false,0,11.45,11.45,true,1,
7296073227809,false,12 ביצים XL,,IL,12 ביצים XL,יחידה,1.00,יחידה,false,0,12.50,12.50,true,1,
7296073229650,false,סירופ טעם שוקולד,,IL,סירופ טעם שוקולד,גרמים,600.00,100 גרם,false,0,11.50,1.92,true,1,
7296073229674,false,פטוצ'יני ללינגויני 500 ג,.,IT,פטוצ'יני ללינגוי,גרמים,500.00,100 גרם,false,1,4.90,0.98,true,1,
7296073229704,false,ג'ל רחצה פפאיה שופרסל750,"טרופיקל דגיל תעשיות קוסמטיקה בע""מ",IL,ג'ל רחצה,מיליליטרים,750.00,"100 מ""ל",false,0,8.80,1.17,true,1,
7296073229711,false,ג'ל רח.פסיפלורה שופרס750,"טרופיקל דגיל תעשיות קוסמטיקה בע""מ",IL,ג'ל רחצה,מיליליטרים,750.00,"100 מ""ל",false,0,8.80,1.17,true,1,
7296073229728,false,ג'ל רח. אלוורה שופרסל750,"טרופיקל דגיל תעשיות קוסמטיקה בע""מ",IL,ג'ל רחצה,מיליליטרים,750.00,"100 מ""ל",false,0,8.80,1.17,true,1,
7296073229735,false,תחליב רח.קלאסי שופרסל750,"טרופיקל דגיל תעשיות קוסמטיקה בע""מ",IL,תחליב רחצה,מיליליטרים,750.00,"100 מ""ל",false,0,8.90,1.19,true,1,
7296073229759,false,תחליב רח.ונילה שופרסל750,"טרופיקל דגיל תעשיות קוסמטיקה בע""מ",IL,תחליב רחצה,מיליליטרים,750.00,"100 מ""ל",false,0,8.90,1.19,true,1,
7296073229872,false,קטשופ שופרסל 750 גרם,סוגל,PT,קטשופ,גרמים,750.00,100 גרם,false,0,8.90,1.19,true,1,
7296073230052,false,מנקה רצפות דוחה חרקים2ל,קליר כימיקלים,IL,מנקה רצפות,ליטרים,2.00,ליטר,false,0,17.70,8.85,true,1,
7296073230069,false,מנקה רצפות פרקט 2 ליטר,קליר כימיקלים,IL,מנקה רצפות,ליטרים,2.00,ליטר,false,0,17.70,8.85,true,1,
7296073230632,false,דגני טבעות דבש 500 גרם,UAB FOODS CERERA,LT,טבעות דבש,גרמים,500.00,100 גרם,false,0,12.90,2.58,true,1,
7296073230700,false,אקונומיקה מבושמת 4 ליטר,קליר כימיקלים,IL,אקונומיקה מבושמת,ליטרים,4.00,ליטר,false,0,8.90,2.23,true,1,
7296073230724,false,אקונומיקה 4 ליטר,קליר כימיקלים,IL,אקונומיקה 4 ליטר,ליטרים,4.00,ליטר,false,0,8.90,2.23,true,1,
7296073230731,false,נוזל כלים 24% תפוח 750מל,קליר כימיקלים,IL,נוזל לכלים תפוח,מיליליטרים,750.00,"100 מ""ל",false,0,7.50,1.00,true,1,
7296073230816,false,נוזל לכלים 24% לימון750מ,קליר כימיקלים,IL,נוזל לכלים לימון,מיליליטרים,750.00,"100 מ""ל",false,0,7.50,1.00,true,1,
7296073230830,false,"בירה אימפורט 4.8% 330מ""ל",בוואריה,NL,בירה אימפורט,מיליליטרים,330.00,"100 מ""ל",false,0,6.20,1.88,true,1,
7296073230885,false,גלילי וופל קרם אגוזים100,מנעמים,IL,גלילי וופל,גרמים,100.00,100 גרם,false,1,4.90,4.90,true,1,
7296073230953,false,וופל+קר.אגוז לוז גרין125,נובה אינדסטריה,IT,ופלים אגוזי לוז,גרמים,125.00,100 גרם,false,1,11.80,9.44,true,1,
7296073230960,false,קרקר+מלח אורגני גרין250ג,נובה אינדסטריה,IT,קרקר עם מלח,גרמים,250.00,100 גרם,false,1,11.90,4.76,true,1,
7296073231240,false,חט.פריכיות שוקו חלב18*5ג,בנליין פודס,YU,חטיף פריכיות,גרמים,90.00,100 גרם,false,1,9.90,11.00,true,1,
7296073231264,false,חט.פריכיות שוקו תות18*5,בנליין פודס,YU,חטיף פריכיות,גרמים,90.00,100 גרם,false,1,9.90,11.00,true,1,
7296073231288,false,מרכך כביסה סגול 4 ליטר,גליל כימיקלים,IL,מרכך כביסה,ליטרים,4.00,ליטר,false,1,15.50,3.88,true,1,
7296073231295,false,מרכ.כביסה כחול שופרסל 4ל,גליל כימיקלים,IL,מרכך כביסה,ליטרים,4.00,ליטר,false,1,15.50,3.88,true,1,
7296073231554,false,חלב 3% בקרטון שופרסל 1ל,מחלבות רמת הגולן,IL,חלב 3% קרטון 1ל',ליטרים,1.00,ליטר,false,1,5.30,5.30,true,1,
7296073231578,false,שוקו בקרטון שופרסל 1 ל',מחלבות רמת הגולן,IL,שוקו קרטון 1ליטר,ליטרים,1.00,ליטר,false,1,7.90,7.90,true,1,
7296073231691,false,חט.פריכיות שוקו תפוז18*5,בנליין פודס,YU,חטיף פריכיות,גרמים,90.00,100 גרם,false,1,9.90,11.00,true,1,
7296073232377,false,חלב1% נטול לקטוז גרין1ל,מחלבת רמת-הגולן,IL,חלב נטול לקטוז,ליטרים,1.00,ליטר,false,1,7.90,7.90,true,1,
7296073232445,false,משקה חלב מועשר 3% 1 ליטר,מחלבות רמת הגולן,IL,משקה חלב מועשר3%,ליטרים,1.00,ליטר,false,1,6.90,6.90,true,1,
7296073232629,false,מרגרינה ללא מלח 200 גרם,בסלר גידה וה קימייה סאן,TR,מרגרינה ללא מלח,גרמים,200.00,100 גרם,false,1,3.80,1.90,true,1,
7296073235767,false,ג'ל ניקוי אסלות 750מל,קליר כימיקלים,IL,ג'ל לאסלות,מיליליטרים,750.00,"100 מ""ל",false,1,6.90,0.92,true,1,
7296073236122,false,"צלחת ח""פ9"" עבה במיוחד66",.,CN,צלחת חד פעמית,יחידה,1.00,יחידה,false,1,22.90,22.90,true,1,
7296073236313,false,ג'ל אקונומיקה שופרסל 4ל,קליר כימיקלים,IL,ג'ל אקונומיקה,ליטרים,4.00,ליטר,false,1,12.50,3.13,true,1,
7296073236641,false,לקט למרק שופרסל 800גרם,שופרסל,,לקט למרק,גרמים,800.00,100 גרם,false,12,17.90,2.24,true,1,
7296073236658,false,לקט לקוסקוס שופרסל 800גר,שופרסל,IL,לקט לקוסקוס,גרמים,800.00,100 גרם,false,12,17.90,2.24,true,1,
7296073236764,false,סירופ בטעם פטל 1 ליטר,"פרי נטו משקאות בע""מ",IL,סירופ פטל,ליטרים,1.00,ליטר,false,1,8.90,8.90,true,1,
7296073237112,false,חט.שוקס כדורי דגנ.שוקו70,שקדיה,IL,חטיף שוקס,גרמים,70.00,100 גרם,false,1,4.90,7.00,true,1,
7296073237136,false,חט.שוקס ביסקויט שוק.חלב,שקדיה,IL,חטיף שוקולד שוקס,גרמים,70.00,100 גרם,false,1,4.90,7.00,true,1,
7296073237167,false,חט.שוקס קורנפלקס חלב70ג,שקדיה,IL,חטיף שוקס,גרמים,70.00,100 גרם,false,1,4.90,7.00,true,1,
7296073237204,false,"4סכיני גילוח רב""פ שופרסל",אדג'וול,US,"סכין גילוח ר""פ",יחידה,1.00,יחידה,false,1,29.90,29.90,true,1,
7296073237235,false,4 סכיני גילוח 3 להבים,אדג'וול,US,"סכין גילוח ח""פ",יחידה,1.00,יחידה,false,1,12.90,12.90,true,1,
7296073237464,false,תרכובת מזון לתינוק שלב 3,פריגו,US,תרכובת מזון,גרמים,700.00,100 גרם,false,1,39.90,5.70,true,1,
7296073237631,false,שוק.מריר 81% 100 גרם,פריי )שוקולד(,CH,שוקולד מריר 81%,גרמים,100.00,100 גרם,false,1,9.90,9.90,true,1,
7296073237662,false,שוק72%. מריר תפוז 100גרם,פריי )שוקולד(,CH,שוקולד מריר תפוז,גרמים,100.00,100 גרם,false,1,9.90,9.90,true,1,
7296073237686,false,שוקולד חלב+אגוזי לוז100ג,פריי )שוקולד(,CH,שוקולד אגוזי לוז,גרמים,100.00,100 גרם,false,1,9.90,9.90,true,1,
7296073237747,false,חמאה הולנדית 200 גרם,SPRL MATHOT,BE,חמאה הולנדית,גרמים,200.00,100 גרם,false,1,6.80,3.40,true,1,
7296073237853,false,קפסולות קפה שופרסל סגול,רוני רג'ואן ושות,IL,קפסולות קפה,גרמים,50.00,100 גרם,false,1,14.90,29.80,true,1,
7296073237860,false,קפסולות קפה שופרסל חום,רוני רג'ואן ושות,IL,קפסולות קפה,גרמים,50.00,100 גרם,false,1,14.90,29.80,true,1,
7296073237877,false,קפסולות קפה שופרסל זהב,רוני רג'ואן ושות,IL,קפסולות קפה,גרמים,50.00,100 גרם,false,1,14.90,29.80,true,1,
7296073237884,false,קפסולות קפה שופרסל שחור,רוני רג'ואן ושות,IL,קפסולות קפה,גרמים,50.00,100 גרם,false,1,14.90,29.80,true,1,
7296073237891,false,קפסולות קפה שופרסל אדום,רוני רג'ואן ושות,IL,קפסולות קפה,גרמים,50.00,100 גרם,false,1,14.90,29.80,true,1,
7296073238096,false,עוג.מדליון קפוצ'ינו100גר,מידור,CH,עוגיות קפוצ'ינו,גרמים,100.00,100 גרם,false,1,12.50,12.50,true,1,
7296073238102,false,עוג.מדליון שוק.מריר 100ג,מידור,CH,עוגיות מדליון,גרמים,100.00,100 גרם,false,1,12.50,12.50,true,1,
7296073238133,false,עוגיות מרנג קרם קקאו100ג,מידור,CH,עוגיות מרנג,גרמים,100.00,100 גרם,false,1,12.50,12.50,true,1,
7296073238584,false,מטען מיקרומUSB לבית,פוג'יקום,CN,מטען מיקרומUSB,יחידה,1.00,יחידה,false,1,34.90,34.90,true,1,
7296073238621,false,מטען מיקרוUSB לרכב,פוג'יקום,CN,מטען מיקרו USB,יחידה,1.00,יחידה,false,1,24.90,24.90,true,1,
7296073239994,false,משקה סויה אורגני גרין 1,ביוסלים,IT,משקה סויה,ליטרים,1.00,ליטר,false,1,11.90,11.90,true,1,
7296073240013,false,משקה סויה אורגני וניל 1,ביוסלים,IT,משקה סויה וניל,ליטרים,1.00,ליטר,false,1,11.90,11.90,true,1,
7296073240020,false,משקה אורז אורגני גרין 1,ביוסלים,IT,משקה אורז,ליטרים,1.00,ליטר,false,1,11.90,11.90,true,1,
7296073240044,false,משקה שיבולת שועל אורגני,ביוסלים,IT,משקה שיבולת שועל,ליטרים,1.00,ליטר,false,1,11.90,11.90,true,1,
7296073240204,false,"40יח' כוס יהלום 240מ""ל",.,CN,40כוסות יהלום,יחידה,1.00,יחידה,false,1,8.90,8.90,true,1,
7296073240846,false,אורז בסמטי מלא אורגני1קג,קוהינו,IN,אורז בסמטי,קילוגרמים,1.00,"ק""ג",false,1,14.90,14.90,true,1,
7296073241133,false,"עוגיות איטלקיות 1 ק""ג",קריק,IT,עוגיות איטלקיות,קילוגרמים,1.00,"ק""ג",false,1,10.00,10.00,true,1,
7296073242284,false,"קרם ידיים שופרסל 100 מ""ל",ש.שוורץ,IL,קרם ידיים שופרסל,מיליליטרים,100.00,"100 מ""ל",false,1,9.90,9.90,true,1,
7296073242291,false,"קרם רגליים שופרסל 100מ""ל",ש.שוורץ,IL,קרם רגליים,מיליליטרים,100.00,"100 מ""ל",false,1,9.90,9.90,true,1,
7296073242635,false,כוסות שתיה קרה מעוטר כסף,.,IL,50כוסות שתייה,יחידה,1.00,יחידה,false,1,9.90,9.90,true,1,
7296073243076,false,כוס שתיה חמה +9OZ מכסה12,.,IL,כוסות שתיה חמה,יחידה,1.00,יחידה,false,1,7.90,7.90,true,1,
7296073243342,false,עוג.במילוי וניל ל.ג300ג,קופרנט פיינבק ג'י אם בי,DE,עוגיות וניל,גרמים,300.00,100 גרם,false,1,13.90,4.63,true,1,
7296073243854,false,כוסות שתייה מעוטר זהב,.,IL,50כוסות שתייה,יחידה,1.00,יחידה,false,1,9.90,9.90,true,1,
7296073243946,false,פסטה פנה ריגטה 800 גרם,מוטלו מקרנסיליק,TR,פסטה פנה ריגטה,גרמים,800.00,100 גרם,false,1,4.90,0.61,true,1,
7296073243977,false,מסטיק תותי פרוטי 29 גרם,פריי )שוקולד(,CH,מסטיק תותי פרוטי,גרמים,29.00,100 גרם,false,1,3.90,13.45,true,1,
7296073243984,false,מסטיק פפרמינט 29 גרם,פריי )שוקולד(,CH,מסטיק פפרמינט,גרמים,29.00,100 גרם,false,1,3.90,13.45,true,1,
7296073243991,false,מסטיק ספירמינט 29 גרם,פריי )שוקולד(,CH,מסטיק ספירמינט,גרמים,29.00,100 גרם,false,1,3.90,13.45,true,1,
7296073244004,false,מסטיק פירות מרענן 29 גרם,פריי )שוקולד(,CH,מסטיק פירות,גרמים,29.00,100 גרם,false,1,3.90,13.45,true,1,
7296073244196,false,100צלחת אמריקאית קטן קרם,.,IL,צלחות קטנות,יחידה,1.00,יחידה,false,1,19.90,19.90,true,1,
7296073244202,false,צלחת אמריקאית מרק 100 יח,.,IL,צלחת מרק,יחידה,1.00,יחידה,false,1,19.90,19.90,true,1,
7296073244219,false,40 כוסות שתיה קרה פט,.,IL,כוס פט שקופה,יחידה,1.00,יחידה,false,1,8.90,8.90,true,1,
7296073244240,false,צלחת אמריקאית מרק 100 יח,.,IL,צלחת מרק,יחידה,1.00,יחידה,false,1,19.90,19.90,true,1,
7296073244417,false,"קורנפלקס ללא גלוטן כשל""פ",נקסקוב מילס,DK,קורנפלקס,גרמים,500.00,100 גרם,false,1,16.90,3.38,true,1,
7296073244783,false,חמאת בוטנים 510 גרם,ניצה אס.איי.ארגנטינה,AR,חמאת בוטנים,גרמים,510.00,100 גרם,false,1,9.90,1.94,true,1,
7296073245322,false,סרדינים בשמן צמחי חריף,SOCIETE DANSA,MA,סרדינים בשמן,גרמים,125.00,100 גרם,false,1,5.30,4.24,true,1,
7296073245476,false,מסטיק פירות מרענן 64 גרם,פריי )שוקולד(,CH,מסטיק פירות,גרמים,64.00,100 גרם,false,1,8.90,13.91,true,1,
7296073246039,false,כפפות ויניל ללא אבקה L,אינטרסן,CN,כפפות ויניל,יחידה,1.00,יחידה,false,1,18.90,18.90,true,1,
7296073246053,false,כרובית קפואה 800 גרם,פרי גליל,IL,כרובית קפואה,גרמים,800.00,100 גרם,false,1,19.90,2.49,true,1,
7296073246077,false,פולי סויה קלופים 450 גרם,שופרסל,IL,פולי סויה קלופים,גרמים,450.00,100 גרם,false,1,12.90,2.87,true,1,
7296073246084,false,פולי סויה בקליפה 1 קג,שופרסל,IL,פולי סויה 1קג,גרמים,1000.00,100 גרם,false,1,19.70,1.97,true,1,
7296073246909,false,שמן קוקוס אורגני גרין330,נמק אגרו אינדוסט,LK,שמן קוקוס,מיליליטרים,330.00,"100 מ""ל",false,1,28.90,8.76,true,1,
7296073246923,false,קמח קוקוס אורגני גרין1קג,נרה קוקולנד,LK,קמח קוקוס,קילוגרמים,1.00,"ק""ג",false,1,23.90,23.90,true,1,
7296073247951,false,קפסולות וניל שופרסל 50גר,רוני רג'ואן ושות,IL,קפסולות וניל,גרמים,50.00,100 גרם,false,1,14.90,29.80,true,1,
7296073248286,false,בקבוק פיה רחבה גדול,N.R.CO.LTD,CN,בקבוק,יחידה,1.00,יחידה,false,1,24.90,24.90,true,1,
7296073248323,false,בקבוק מעוצב עם ידיות,D.R.PROD,IN,בקבוק מעוצב,יחידה,1.00,יחידה,false,1,12.90,12.90,true,1,
7296073248446,false,סט מברשות ומסרק לתינוק,N.R.CO.LTD,CN,סט מברשות,יחידה,1.00,יחידה,false,1,12.90,12.90,true,1,
7296073248453,false,סינר עם כיס איסוף,LTD CO S.T.O,CN,סינר עם כיס,יחידה,1.00,יחידה,false,1,24.90,24.90,true,1,
7296073248477,false,55 צימרוני שסתום לתינוק,LTD CO S.T.O,CN,צימרוני שסתום,יחידה,1.00,יחידה,false,1,4.90,4.90,true,1,
7296073248637,false,מיכל חלוקה לאבקת חלב,N.R.CO.LTD,CN,מיכל חלוקה,יחידה,1.00,יחידה,false,1,9.90,9.90,true,1,
7296073249177,false,קרם לאחר גילוח שופרסל150,"א.מ.ש.י תעשיות בע""מ",IL,קרם לאר גילוח,מיליליטרים,150.00,"100 מ""ל",false,1,16.90,11.27,true,1,
7296073252276,false,עוג.דגנים שזיף+צימוק40*4,"קסטלין בע""מ",HR,עוגיות דגנים,גרמים,160.00,100 גרם,false,1,9.90,6.19,true,1,
7296073254010,false,6חטיף דגנים+חמוציות גרין,מולינו ניקולו,IT,חטיפי דגנים 6 יח,גרמים,129.00,100 גרם,false,1,18.90,14.65,true,1,
7296073254133,false,"שמן זית פרימיום 750 מ""ל",אליעד בית בד בגולן,IL,שמן זית פרימיום,מיליליטרים,750.00,"100 מ""ל",false,1,35.90,4.79,true,1,
7296073254164,false,דג.בוקר נוגט גרין ל.ג375,נייס פוד,IT,דגני בוקר נוגט,גרמים,375.00,100 גרם,false,1,19.90,5.31,true,1,
7296073254263,false,מיני פיצה מרגריטה 6יח,שופרסל,IT,פיצות אישיות,גרמים,480.00,100 גרם,false,1,19.90,4.15,true,1,
7296073254522,false,אל סבון יסמין שופרסל 1 ל,אס קפקס קימיה,IL,אל סבון שופרסל,ליטרים,1.00,ליטר,false,1,9.90,9.90,true,1,
7296073255468,false,"קרם קוקוס 400 מ""ל",LNDUSTRY AGRO ASIATIC,TH,קרם קוקוס,גרמים,400.00,100 גרם,false,1,6.90,1.73,true,1,
7296073255499,false,אל סבון לבנדר שופרסל 1 ל,אס קפקס קימיה,IL,אל סבון שופרסל,ליטרים,1.00,ליטר,false,1,9.90,9.90,true,1,
7296073255710,false,אל סבון קמומיל שופרסל1ל,אס קפקס קימיה,IL,אל סבון שופרסל,ליטרים,1.00,ליטר,false,1,9.90,9.90,true,1,
7296073255758,false,חטיף דגנ.שוקולד+עוג23*6ג,סנאק אנד בק,AT,חטיף דגנים,גרמים,138.00,100 גרם,false,1,9.90,7.17,true,1,
7296073260530,false,פטריות חתוכות קפואות 450,.,IL,פטריות חתוכות,גרמים,450.00,100 גרם,false,1,12.90,2.87,true,1,
7296073261155,false,קסמי אוזניים פלסטיק400יח,PRODUC UES DAILY JIEYANG,CN,קסמי אוזניים,יחידה,1.00,יחידה,false,1,10.90,10.90,true,1,
7296073261162,false,300 קסמי אוזניים פלסטיק,PRODUC UES DAILY JIEYANG,CN,קסמי אוזניים,יחידה,1.00,יחידה,false,1,8.50,8.50,true,1,
7296073261179,false,200 קסמי אוזניים פלסטיק,PRODUC UES DAILY JIEYANG,CN,קסמי אוזניים,יחידה,1.00,יחידה,false,1,6.50,6.50,true,1,
7296073261193,false,קסמי אוזניים מעץ שופרסל,PRODUC UES DAILY JIEYANG,CN,קסמי אוזניים,יחידה,1.00,יחידה,false,1,2.00,2.00,true,1,
7296073261216,false,פדים חלקים שופרסל 3 * 80,PRODUC UES DAILY JIEYANG,CN,פדים חלקים,יחידה,1.00,יחידה,false,1,11.90,11.90,true,1,
7296073261551,false,קוקטייל פירות טרופי850ג,קיובורי,TH,קוקטייל פירות,גרמים,850.00,100 גרם,false,1,8.40,0.99,true,1,
7296073261612,false,מברשת חשמלית ניקוי עור,מרי יונגקאנג,CN,מברשת חשמלית,יחידה,1.00,יחידה,false,1,49.90,49.90,true,1,
7296073261650,false,100צלח.אמריקאית ענק לבן,.,IL,צלחת ענקית,יחידה,1.00,יחידה,false,1,39.90,39.90,true,1,
7296073262152,false,גרעיני תירס מתוק 340גרם,סזאטמרי קונזרוגיאר,HU,גרעיני תירס מתוק,גרמים,340.00,100 גרם,false,1,5.00,1.47,true,1,
7296073262909,false,תרסיס שמן קנול.ללא גז150,S.L AEROLS FOOD,ES,תרסיס שמן קנולה,מיליליטרים,150.00,"100 מ""ל",false,1,11.90,7.93,true,1,
7296073262916,false,תרסיס שמן זית כתית 150מל,S.L AEROLS FOOD,ES,תרסיס שמן זית,מיליליטרים,150.00,"100 מ""ל",false,1,11.90,7.93,true,1,
7296073262923,false,תרסיס שמן בטעם חמאה150מ,S.L AEROLS FOOD,ES,תרסיס שמן,מיליליטרים,150.00,"100 מ""ל",false,1,11.90,7.93,true,1,
7296073262947,false,פסטה קזרצ'ה 400 גרם,ברוטו,IT,פסטה קזרצ'ה,גרמים,400.00,100 גרם,false,1,6.90,1.73,true,1,
7296073262954,false,פסטה מאפלדה 400 גרם,ברוטו,IT,פסטה מאפלדה,גרמים,400.00,100 גרם,false,1,6.90,1.73,true,1,
7296073262961,false,גרנולה דואט שוקו אגוז400,בריגן,DE,גרנולה פרימיום,גרמים,400.00,100 גרם,false,1,17.90,4.48,true,1,
7296073262992,false,סירופ מייפל פרימיום250מל,.,CA,סירופ מייפל 100%,מיליליטרים,250.00,"100 מ""ל",false,1,29.90,11.96,true,1,
7296073263081,false,וופלים מיקס שופרסל 400 ג,FRITAG HANS,DE,וופלים מיקס,גרמים,400.00,100 גרם,false,1,10.00,2.50,true,1,
7296073263173,false,אבקת כביסה בייבי 2.5 קג,גליל כימיקלים,IL,אבקת כביסה בייבי,קילוגרמים,2.50,"ק""ג",false,1,17.90,7.16,true,1,
7296073263814,false,ממרח שוקולד אורג.גרין350,S.R.L NUTKAO,IT,ממרח שוקולד,גרמים,350.00,100 גרם,false,1,18.90,5.40,true,1,
7296073263838,false,חטיף תירס ל.ג גרין 150גר,S.R.L PATA,IT,חטיף תירס לבן,גרמים,150.00,100 גרם,false,1,4.00,2.67,true,1,
7296073263913,false,לפתן ליצ'י שופרסל 567 גר,זאנגזו גאנגצ'נג,CN,לפתן ליצ'י,גרמים,567.00,100 גרם,false,1,6.90,1.22,true,1,
7296073265122,false,דובשניות 600 גרם,קונדיטוריית אנג'ל,IL,דובשניות,גרמים,600.00,100 גרם,false,1,12.90,2.15,true,1,
7296073265337,false,דובדב.חמוצים מגולענים720,פנון קונסרוו,HU,דובדבנים חמוצים,גרמים,720.00,100 גרם,false,1,11.00,1.53,true,1,
7296073265351,false,ספגטי ללא גלוטן גרין400ג,SPA MENNUCCI PASTIFICI,IT,ספגטי ללא גלוטן,גרמים,400.00,100 גרם,false,1,5.00,1.25,true,1,
7296073265368,false,פנה ללא גלוטן גרין400גר,SPA MENNUCCI PASTIFICI,IT,פנה ללא גלוטן,גרמים,400.00,100 גרם,false,1,5.00,1.25,true,1,
7296073265399,false,רוטב לשקשוקה 400ג,סלטי שמיר,IL,רוטב לשקשוקה,גרמים,400.00,100 גרם,false,1,9.90,2.48,true,1,
7296073265504,false,חט.תירס צהוב ל.ג גרין120,S.R.L PATA,IT,חטיף תירס,גרמים,120.00,100 גרם,false,1,6.90,5.75,true,1,
7296073265795,false,קמח פרימיום שופרסל 750גר,מ.ק. מולינס דה קלינבטינג,LU,קמח פרימיום,גרמים,750.00,100 גרם,false,1,7.90,1.05,true,1,
7296073266235,false,"טחינה גולמית 1 ק""ג",אחדות,IL,טחינה גולמית,קילוגרמים,1.00,"ק""ג",false,1,24.70,24.70,true,1,
7296073266259,false,טחינה מתובלת 500 גרם,אחדות,IL,טחינה מתובלת,גרמים,500.00,100 גרם,false,1,10.00,2.00,true,1,
7296073266266,false,קוקטייל בסירופ קל 113*4ג,FOODS HUIXANG JIANGSU,CN,קיקטייל פירות,גרמים,452.00,100 גרם,false,1,9.90,2.19,true,1,
7296073266273,false,חתיכות אננס בסירופ113*4,FOODS HUIXANG JIANGSU,CN,חתיכות אננס,גרמים,452.00,100 גרם,false,1,9.90,2.19,true,1,
7296073266280,false,אפרסק בג'לי תות113*4ג,FOODS HUIXANG JIANGSU,CN,אפרסק בג'לי תות,גרמים,452.00,100 גרם,false,1,9.90,2.19,true,1,
7296073266297,false,קוקטייל בג'לי דובדב113*4,FOODS HUIXANG JIANGSU,CN,מיקס פירות,גרמים,452.00,100 גרם,false,1,9.90,2.19,true,1,
7296073266303,false,"מחית תפו""ע ללא סוכר113*4",FOODS HUIXANG JIANGSU,CN,מחית תפוח עץ,גרמים,452.00,100 גרם,false,1,9.90,2.19,true,1,
7296073266709,false,רוט.סויה ל.גלוטן גרין300,DEVELOPMENT YI LIAN,CN,רוטב סויה,מיליליטרים,300.00,"100 מ""ל",false,1,11.90,3.97,true,1,
7296073266976,false,חטיף בוטנים ל.ג גרין80גר,סנקי,IL,חטיף בוטנים,גרמים,80.00,100 גרם,false,1,2.50,3.13,true,1,
7296073267065,false,"מסיר שומנים 750 מ""ל",קומפלקס כימיקלים,IL,מסיר שומנים,מיליליטרים,750.00,"100 מ""ל",false,1,9.90,1.32,true,1,
7296073267188,false,צמר גפן רפואי 100 גרם,SANAVI A.P,TR,צמר גפן רפואי,גרמים,100.00,100 גרם,false,1,5.00,5.00,true,1,
7296073267195,false,צמר גפן רפואי שופרס100*2,SANAVI A.P,TR,זוג צמר גפן,גרמים,200.00,100 גרם,false,1,10.00,5.00,true,1,
7296073268925,false,נייר טואלט 16 גליל כפול,שניב תעשיות נייר,IL,נייר טואלט,מטרים,573.00,100 מטר,false,1,28.90,5.04,true,1,
7296073270010,false,חומץ תפוח5%אורג.גרין750מ,אקווניל,ES,חומץ תפוחים,מיליליטרים,750.00,"100 מ""ל",false,1,16.90,2.25,true,1,
7296073270027,false,חומץ יין לבן500אורג.גרין,אקווניל,ES,חומץ יין לבן,מיליליטרים,500.00,"100 מ""ל",false,1,14.90,2.98,true,1,
7296073270287,false,תבנית אינגליש קייק 18 יח,.,IL,תבנית אינגליש,יחידה,1.00,יחידה,false,1,12.90,12.90,true,1,
7296073270294,false,תבניות אלומיניום מלבן 9י,.,IL,תבנית גדולה,יחידה,1.00,יחידה,false,1,12.90,12.90,true,1,
7296073270300,false,תבניות אלומיניום קטנות15,.,IL,תבנית קטנה,יחידה,1.00,יחידה,false,1,12.90,12.90,true,1,
7296073270317,false,תבניות אלומיניום עגולות,.,IL,תבנית עגולה,יחידה,1.00,יחידה,false,1,12.90,12.90,true,1,
7296073270348,false,תבנית קטנה עמוקה 10יח',.,IL,תבנית קטנה,יחידה,1.00,יחידה,false,1,12.90,12.90,true,1,
7296073270461,false,מזלג עבה לבן 100 יח',.,CN,מזלג לבן עבה,יחידה,1.00,יחידה,false,1,12.90,12.90,true,1,
7296073270522,false,"40כוס אלגנט 270מ""ל לבן",.,CN,כוס אלגנט,יחידה,1.00,יחידה,false,1,7.90,7.90,true,1,
7296073270546,false,"כוס אלגנט 270מ""ל קרם 40",.,CN,כוס אלגנט,יחידה,1.00,יחידה,false,1,7.90,7.90,true,1,
7296073270744,false,"צלחת ""7 מעוטרת 50 יח",.,CN,צלחת מעוטרת,יחידה,1.00,יחידה,false,1,5.00,5.00,true,1,
7296073270751,false,"צלחת ""10 מעוטרת 50 יח",.,CN,צלחת מעוטרת,יחידה,1.00,יחידה,false,1,10.00,10.00,true,1,
7296073271420,false,שוק.מריר תאנים+אגוז מלך,פריי )שוקולד(,CH,שוקולד מריר,גרמים,100.00,100 גרם,false,1,9.90,9.90,true,1,
7296073271444,false,שוקולד מריר מנדרינה100ג,פריי )שוקולד(,CH,שוקולד מריר,גרמים,100.00,100 גרם,false,1,9.90,9.90,true,1,
7296073271512,false,סט 5 תבניות אפיה אינגליש,.,IL,תבניות,יחידה,1.00,יחידה,false,1,9.90,9.90,true,1,
7296073271529,false,סט 4 תבניות אפיה מלבניות,.,IL,תבניות,יחידה,1.00,יחידה,false,1,9.90,9.90,true,1,
7296073271550,false,ממרח עגבניות מיובשות190ג,SPA POLLI F.LLI,IT,ממרח עגבניות,גרמים,190.00,100 גרם,false,1,10.90,5.74,true,1,
7296073271567,false,ממרח זיתים ירוקים 190 גר,SPA POLLI F.LLI,IT,ממרח זיתים ירוק,גרמים,190.00,100 גרם,false,1,10.90,5.74,true,1,
7296073271574,false,ממרח זיתים שחורים 190גרם,SPA POLLI F.LLI,IT,ממרח זיתים,גרמים,190.00,100 גרם,false,1,10.90,5.74,true,1,
7296073271581,false,ממרח פסטו ירוק שופרסל190,SPA POLLI F.LLI,IT,ממרח פסטו,גרמים,190.00,100 גרם,false,1,10.90,5.74,true,1,
7296073271628,false,סב.נוזלי קוביה ירקרק500,שופרסל,IL,סבון נוזלי,מיליליטרים,500.00,"100 מ""ל",false,1,9.90,1.98,true,1,
7296073271635,false,סב.נוזלי קוביה סגלגל500,שופרסל,IL,סבון נוזלי,מיליליטרים,500.00,"100 מ""ל",false,1,9.90,1.98,true,1,
7296073272441,false,רוטב אלף האיים שופרסל450,מיטב,IL,רוטב אלף האיים,מיליליטרים,450.00,"100 מ""ל",false,1,11.90,2.64,true,1,
7296073272496,false,נייר טואלט שופרסל 32 גל,שניב תעשיות נייר,IL,נייר טואלט 32גל,מטרים,573.00,100 מטר,false,1,25.90,4.52,true,1,
7296073272557,false,סילאן טבעי שופרסל 900גרם,חצר כנרת מוצרי תמר,IL,סילאן טבעי,גרמים,900.00,100 גרם,false,1,21.90,2.43,true,1,
7296073272885,false,20כוסות שתיה קרה צבעוני,.,CN,כוס צבעוני,יחידה,1.00,יחידה,false,1,12.90,12.90,true,1,
7296073272915,false,טונה בשמן קנולה 160 גרם,טונה ויטנאם,VN,טונה בשמן קנולה,גרמים,160.00,100 גרם,false,1,5.90,3.69,true,1,
7296073272922,false,טונה בשמן קנולה160*4ג,טונה ויטנאם,VN,טונה קנולה 4 יח,גרמים,640.00,100 גרם,false,1,21.90,3.42,true,1,
7296073273387,false,גבינת גאודה 30.4%שופר200,ROUVEEN,NL,גבינת גאודה,גרמים,200.00,100 גרם,false,1,17.90,8.95,true,1,
7296073273455,false,תרסיס אלוורה שופרסל250מל,ש.שוורץ,IL,תרסיס ג'ל אלוורה,מיליליטרים,250.00,"100 מ""ל",false,1,19.90,7.96,true,1,
7296073273462,false,מארז ידית + 12 סכינים,פוג'יקום,CN,מארז ידית+סכינים,יחידה,1.00,יחידה,false,1,92.00,92.00,true,1,
7296073273615,false,נוזל קוקוס אורג.גרין400מ,קונסולידת ביזניס סיסטם,LK,נוזל קוקוס,מיליליטרים,400.00,"100 מ""ל",false,1,5.90,1.48,true,1,
7296073273622,false,קרם קוקוס אורגני גרין400,קונסולידת ביזניס סיסטם,LK,קרם קוקוס אורגני,מיליליטרים,400.00,"100 מ""ל",false,1,5.00,1.25,true,1,
7296073273714,false,סילאן אורג.לחיץ גרין500ג,פוליבה,IL,סילאן אורגני,גרמים,500.00,100 גרם,false,1,18.90,3.78,true,1,
7296073273851,false,סט 2 מפות אל בד מודפס270,.,CN,מפות אל בד,יחידה,1.00,יחידה,false,1,12.90,12.90,true,1,
7296073275053,false,משקפיים דגם צר ידית צבעו,שופרסל,IL,משקפיים דגם צר,יחידה,1.00,יחידה,false,1,19.90,19.90,true,1,
7296073275077,false,משקפיים דגם צר צבע אחד,שופרסל,IL,משקפי קריאה,יחידה,1.00,יחידה,false,1,19.90,19.90,true,1,
7296073275114,false,גבינה גאודה פרוס שופר150,ROUVEEN,NL,גבינה גאודה,גרמים,150.00,100 גרם,false,1,14.90,9.93,true,1,
7296073275121,false,גבינת פסטו אדום פרוס150ג,ROUVEEN,NL,גבינת פסטו אדום,גרמים,150.00,100 גרם,false,1,15.90,10.60,true,1,
7296073275145,false,גאודה זיתים+עגבניה150גרם,ROUVEEN,NL,גבינת גאודה,גרמים,150.00,100 גרם,false,1,15.90,10.60,true,1,
7296073277248,false,מגבונים ללא בישום 64*5יח,דינמיק,IL,מגבונים לחים 5יח,יחידה,1.00,יחידה,false,1,19.90,19.90,true,1,
7296073277477,false,כפפות לטקס S 100 יחידות,LTD T.G.C,TH,כפפות לטקס S,יחידה,1.00,יחידה,false,1,17.90,17.90,true,1,
7296073277507,false,כפפות לטקס XL 100 יחידות,LTD T.G.C,TH,כפפות לטקס XL,יחידה,1.00,יחידה,false,1,17.90,17.90,true,1,
7296073277774,false,פוקאצ'ה עם 3גבינות 220 ג,SOCICO CON S.R.L AR,IT,פוקאצ'ה גבינה,גרמים,220.00,100 גרם,false,1,12.90,5.86,true,1,
7296073277781,false,פוקאצ'ה ירקות קלוים 250,SOCICO CON S.R.L AR,IT,פוקאצ'ה ירקות קל,גרמים,250.00,100 גרם,false,1,12.90,5.16,true,1,
7296073277798,false,פוקאצ'ה עם עגבניות שרי,SOCICO CON S.R.L AR,IT,פוקאצ'ה עגבניות,גרמים,240.00,100 גרם,false,1,12.90,5.38,true,1,
7296073281641,false,"סבון קצף ירוק 400 מ""ל",שופרסל,IL,סבון קצף,מיליליטרים,400.00,"100 מ""ל",false,1,9.90,2.48,true,1,
7296073281658,false,"סבון קצף ורוד 400 מ""ל",שופרסל,IL,סבון קצף,מיליליטרים,400.00,"100 מ""ל",false,1,9.90,2.48,true,1,
7296073281665,false,"סבון קצף סגול 400 מ""ל",שופרסל,IL,סבון קצף,מיליליטרים,400.00,"100 מ""ל",false,1,9.90,2.48,true,1,
7296073281696,false,מגבוני נ.טואלט לילד,שופרסל,IL,"מגבוני נ""ט לילד",יחידה,1.00,יחידה,false,1,9.80,9.80,true,1,
7296073281702,false,מגבוני נ.טואלט למבוגרים,דינמיק תעשיות מגבונים,IL,מגבונ.נייר טואלט,יחידה,1.00,יחידה,false,1,9.90,9.90,true,1,
7296073283164,false,עוג.אישיות פירות אדומ192,מידי,IT,עוגות אישיות,גרמים,192.00,100 גרם,false,1,10.00,5.21,true,1,
7296073283188,false,עוגות אישיות ק.שוקולד192,מידי,IT,עוגות אישיות,גרמים,192.00,100 גרם,false,1,10.00,5.21,true,1,
7296073283812,false,קוביות מנגו קפוא 300 ג,d.o.o Lukowa,YU,קוביות מנגו,גרמים,300.00,100 גרם,false,1,16.90,5.63,true,1,
7296073284970,false,"משק""ל בטעם אשכוליות1.5ל",גניר,IL,"משק""ל בטעם אשכול",ליטרים,1.50,ליטר,false,1,5.50,3.67,true,1,
7296073285007,false,"משק""ל בטעם ענבים 1.5ליטר",גניר,IL,"משק""ל בטעם ענבים",ליטרים,1.50,ליטר,false,1,5.50,3.67,true,1,
7296073285021,false,"משק""ל ט.אשכוליות דיאט1.5",גניר,IL,"משק""ל אשכוליות",ליטרים,1.50,ליטר,false,1,5.50,3.67,true,1,
7296073285427,false,50שקיות 50/45,אשפלסט,IL,שקיות אשפה,יחידה,1.00,יחידה,false,1,11.90,11.90,true,1,
7296073285885,false,16מפיות תלת שכבתי מוטבע,.,CN,מפיות תלת שכבתי,יחידה,1.00,יחידה,false,1,7.90,7.90,true,1,
7296073286165,false,עוגיות בפח שופרסל 280גרם,FRITAG HANS,DE,עוגיות בפח,גרמים,280.00,100 גרם,false,1,11.90,4.25,true,1,
7296073286172,false,וופלים בפח שופרסל 250גרם,FRITAG HANS,DE,וופלים בפח,גרמים,250.00,100 גרם,false,1,11.90,4.76,true,1,
7296073286196,false,וופל מיקס שופרסל400ג25%+,FRITAG HANS,DE,וופלים מיקס,גרמים,500.00,100 גרם,false,1,10.00,2.00,true,1,
7296073286356,false,10שקיות אשפה92/76,אשפלסט,IL,שקיות אשפה,יחידה,1.00,יחידה,false,1,11.80,11.80,true,1,
7296073286363,false,50שקיות אשפה בגליל75/90,אשפלסט,IL,שקיות אשפה HD,יחידה,1.00,יחידה,false,1,12.80,12.80,true,1,
7296073286370,false,שקיות רב שימושיות 100 יח,אשפלסט,IL,שקיות רב שימושי,יחידה,1.00,יחידה,false,1,5.50,5.50,true,1,
7296073286417,false,60שקיות אשפה 52/65,אשפלסט,IL,שקיות אשפה,יחידה,1.00,יחידה,false,1,19.80,19.80,true,1,
7296073286493,false,פטריות מארז משפחתי יח,קטיף,IL,פטריות משפחתי,יחידה,1.00,יחידה,false,1,15.90,15.90,true,1,
7296073287018,false,דלי שטיפה 12ליטר+פיה,המברשת רוחמה,IL,דלי שטיפה עם פיה,יחידה,1.00,יחידה,false,1,14.90,14.90,true,1,
7296073287063,false,"מגב לחלונות 20 ס""מ יחידה",המברשת רוחמה,IL,מגב לחלונות,יחידה,1.00,יחידה,false,1,6.90,6.90,true,1,
7296073287667,false,"צלחת ""7 כסף סדרת רומא 10",.,CN,"צלחת ""7",יחידה,1.00,יחידה,false,1,19.90,19.90,true,1,
7296073287674,false,"צלחת ""7 זהב סדרת רומא 10",.,CN,"צלחת ""7",יחידה,1.00,יחידה,false,1,19.90,19.90,true,1,
7296073287681,false,צלחת מרק כסף סדרת רומא10,.,CN,צלחת מרק,יחידה,1.00,יחידה,false,1,19.90,19.90,true,1,
7296073287698,false,צלחת מרק זהב סדרת רומא10,.,CN,צלחת מרק,יחידה,1.00,יחידה,false,1,19.90,19.90,true,1,
7296073287711,false,קסרול זהב סדרת רומא 10 י,.,CN,קסרול,יחידה,1.00,יחידה,false,1,19.90,19.90,true,1,
7296073287728,false,כוס יין כסף סדרת רומא 10,.,CN,כוס יין,יחידה,1.00,יחידה,false,1,19.90,19.90,true,1,
7296073289173,false,שוקולד 2יח מריר+ 1יח 60%,פריי )שוקולד(,CH,שוקולד מריר 3 יח,גרמים,100.00,100 גרם,false,1,12.90,12.90,true,1,
7296073289180,false,שוקולד 2יח חלב+ 1יח אגוז,פריי )שוקולד(,CH,שוקולד 3 יחידות,גרמים,300.00,100 גרם,false,1,12.90,4.30,true,1,
7296073289746,false,50 מגבונים לניקוי כללי,דינמיק תעשיות מגבונים,IL,מגבונים לניקוי,יחידה,1.00,יחידה,false,1,8.90,8.90,true,1,
7296073290599,false,עוג.אישיות מילוי שוקו97ק,מידי,IT,עוגות אישיות,גרמים,250.00,100 גרם,false,1,10.00,4.00,true,1,
7296073290605,false,עוגות איש.קרם חלב97קל250,מידי,IT,עוגות אישיות,גרמים,250.00,100 גרם,false,1,10.00,4.00,true,1,
7296073290803,false,חציל קלוי על האש שופרסל,בלו גלו,TR,חציל קלוי,גרמים,650.00,100 גרם,false,1,10.00,1.54,true,1,
7296073290902,false,אל סבון תפוח שופרסל 500מ,אקסן קוזמטיק,IL,אל סבון שופרסל,מיליליטרים,500.00,"100 מ""ל",false,1,5.90,1.18,true,1,
7296073290919,false,אל סבון דבש שופרסל 500מ,אקסן קוזמטיק,IL,אל סבון שופרסל,מיליליטרים,500.00,"100 מ""ל",false,1,5.90,1.18,true,1,
7296073291008,false,פקעות טוליפים יחידה,קטיף,IL,צבעוני תערובת,יחידה,1.00,יחידה,false,1,19.90,19.90,true,1,
7296073291381,false,גאודה מיושנת 200 גרם,ואנדרסטרה,NL,גאודה מיושנת,גרמים,200.00,100 גרם,false,1,19.90,9.95,true,1,
7296073291466,false,טחינה טו גו 130 גרם,סלטי שמיר,IL,טחינה טו גו,גרמים,130.00,100 גרם,false,1,6.90,5.31,true,1,
7296073291473,false,חומוס טו גו 9%שומן 130גר,.,IL,חומוס טו גו,גרמים,130.00,100 גרם,false,1,6.90,5.31,true,1,
7296073291992,false,ראשי סלנובה יחידה,קטיף,IL,ראשי סלנובה,יחידה,1.00,יחידה,false,1,12.90,12.90,true,1,
7296073292883,false,הרינג עם דומדמניות 90 גר,סלטי שמיר,IL,הרינג +דומדמניות,גרמים,90.00,100 גרם,false,1,14.90,16.56,true,1,
7296107000026,false,מלפפונים במלח13-17 540ג,פרי חן,IL,מלפפונים במלח,גרמים,540.00,100 גרם,false,1,11.90,2.20,true,1,
7296107000033,false,מלפפונים בחומץ 7-9 670גר,פרי חן,IL,מלפפונים בחומץ,גרמים,670.00,100 גרם,false,1,5.50,0.82,true,1,
7501013132199,false,נקטר תפוחי עץ,,MX,נקטר תפוחי עץ,ליטרים,1.00,ליטר,false,0,11.90,11.90,true,1,
7610008760009,false,שוק.מריר במילוי טראפל100,קמיל בלוך,CH,שוקולד רגוסה,גרמים,100.00,100 גרם,false,1,14.90,14.90,true,1,
7610023050215,false,קרנצ' X 500 גרם,ביו פמיליה,CH,קרנצ' X דגנים,גרמים,500.00,100 גרם,false,0,25.50,5.10,true,1,
7610023050413,false,מיזלי פרוט איקס שקית500ג,ביו פמיליה,CH,פרויט X דגנים,גרמים,500.00,100 גרם,false,0,25.50,5.10,true,1,
7610023051212,false,שוקו X דגנים+שוק.ציפס500,ביו פמיליה,CH,שוקו X דגנים,גרמים,500.00,100 גרם,false,0,25.50,5.10,true,1,
7610400013840,false,שוק.לינדט גולד דארק 300ג,לינדט ושפרונגלי קילשברג,CH,שוקולד לינדט,גרמים,300.00,100 גרם,false,1,20.00,6.67,true,1,
7610400013857,false,שוק.לינדט גולד מילק300ג,לינדט ושפרונגלי קילשברג,CH,שוקולד לינדט,גרמים,300.00,100 גרם,false,1,20.00,6.67,true,1,
7610400075770,false,שוק.לינדט דארק הזלנט150ג,לינדט ושפרונגלי קילשברג,CH,שוקולד לגרנד,גרמים,150.00,100 גרם,false,1,23.90,15.93,true,1,
7613031608850,false,דגני בוקר פיטנס 625 גרם,נסטלה,FR,פיטנס דגני בוקר,גרמים,625.00,100 גרם,false,0,27.90,4.46,true,1,
7613032416157,false,דגני פיטנס שקדים ודבש355,נסטלה,FR,דגני פיטנס שקדים,גרמים,355.00,100 גרם,false,0,17.90,5.04,true,1,
7613033174728,false,קפסולות קפה או לה 160גרם,נסטלה,ES,קפסולות קפה,גרמים,160.00,100 גרם,false,1,28.90,18.06,true,1,
7613033539022,false,"מחית תפו""ע שלב 1 130 גרם",נסטלה,PL,מחית שלב 1 מטרנה,גרמים,130.00,100 גרם,false,0,5.20,4.00,true,1,
7613033539121,false,מחית סלט פירות שלב2 130ג,נסטלה,PL,מחית שלב 2 מטרנה,גרמים,130.00,100 גרם,false,0,5.20,4.00,true,1,
7613033548192,false,פיטנס שוקולד מריר 375גרם,נסטלה,FR,פיטנס שוקולד,גרמים,375.00,100 גרם,false,0,17.90,4.77,true,1,
7613033691843,false,מרק עגבניות שלב 3 190ג,נסטלה,PL,מרק שלב 3 מטרנה,גרמים,190.00,100 גרם,false,1,6.30,3.32,true,1,
7613033692383,false,"מחית תפו""ע+דגנ.שלב2 130ג",נסטלה,PL,מחית שלב 2 מטרנה,גרמים,130.00,100 גרם,false,0,5.20,4.00,true,1,
7613034042170,false,פיטנס שקדים ודבש 585 גרם,נסטלה,FR,פיטנס שקדים ודבש,גרמים,585.00,100 גרם,false,0,27.50,4.70,true,1,
7613035548374,false,דגני בוקר גולדן מיניס570,נסטלה,FR,דגני גולדן מיניס,גרמים,570.00,100 גרם,false,1,18.90,3.32,true,1,
7613035758834,false,גרנולה חמוציות פיטנס300ג,נסטלה,FR,גרנולה פיטנס,גרמים,300.00,100 גרם,false,1,15.00,5.00,true,1,
7613035807778,false,רוטב עגבניות לבולונז400ג,נסטלה,ES,רוטב עגבניות,גרמים,400.00,100 גרם,false,1,9.90,2.48,true,1,
7613035809857,false,רוטב עגבניות לפסטה400ג,נסטלה,ES,רוטב עגבניות,גרמים,400.00,100 גרם,false,1,9.90,2.48,true,1,
7613035885219,false,פריסקיז פאוצ' ברווז100ג,נסטלה פורינה,US,פריסקיז פאוצ',גרמים,100.00,100 גרם,false,1,5.00,5.00,true,1,
7616500553460,false,שוקולד מריר,,CH,שוקולד מריר,גרמים,100.00,100 גרם,false,0,9.90,9.90,true,1,
7617014149330,false,קפסולות קפה,,,קפסולות קפה,גרמים,96.00,100 גרם,false,0,25.00,26.04,true,1,
7617014153634,false,קפסולות קפה,,CH,קפסולות קפה,גרמים,96.00,100 גרם,false,0,25.00,26.04,true,1,
7622300772314,false,עוגיות אוראו 66 גרם,מונדלייז,ES,עוגיות אוראו,גרמים,66.00,100 גרם,false,0,3.90,5.91,true,1,
7702018089864,false,ג'ל גילוח-תחוש.קרירה200מ,פרוקטר & גמבל,GB,ג'ל גילוח פיוז'ן,מיליליטרים,200.00,"100 מ""ל",false,0,25.20,12.60,true,1,
7702018978120,false,"דאו.קליר ג'ל C.W 70 מ""ל",פרוקטר & גמבל,CZ,דאו.קליר ג'ל,מיליליטרים,70.00,"100 מ""ל",false,0,30.00,42.86,true,1,
7702018980833,false,ג'ל גילוח סירייס לחות200,פרוקטר & גמבל,PL,ג'ל גילוח סירייס,מיליליטרים,200.00,"100 מ""ל",false,1,20.90,10.45,true,1,
7702174068833,false,יוגטה אייס קרים בשקית216,אלדור,CO,לקקן יוגטה,גרמים,216.00,100 גרם,false,0,7.90,3.66,true,1,
7702174070201,false,לקקן יוגטה מגיק 216גרם,אלדור,CO,לקקן יוגטה מג'יק,גרמים,216.00,100 גרם,false,0,7.90,3.66,true,1,
7792860006218,false,בייבי דול לקקן 24 גרם,לרטייר,AR,בייבי דול לקקן,גרמים,24.00,100 גרם,false,0,2.20,9.17,true,1,
7891024124826,false,קולגייט אופטיק וייט 75מל,קולגייט-פלמוליב,IL,משחת קולגייט,מיליליטרים,75.00,"100 מ""ל",false,0,16.90,22.53,true,1,
8000070012783,false,קפה לוואצה אורו 250 גרם,לווצה,IT,קפה לוואצה,גרמים,250.00,100 גרם,false,0,42.30,16.92,true,1,
8000070038868,false,קפה לוואצה קרמה גוזסט250,לווצה,,קפה לוואצה,גרמים,250.00,100 גרם,false,0,30.20,12.08,true,1,
8000380000388,false,וופל טורטינה מיני 90 גרם,לואקר,IT,וופל טורטינה מינ,גרמים,90.00,100 גרם,false,0,10.00,11.11,true,1,
8000380003723,false,גראנד פטיסרי אגוז 100גרם,לואקר,IT,גראנד פטיסרי,גרמים,100.00,100 גרם,false,0,12.20,12.20,true,1,
8000380004928,false,וופל קואדרטיני קוקוס250ג,לואקר,AT,וופל קואדרטיני,גרמים,250.00,100 גרם,false,1,13.90,5.56,true,1,
8000380004966,false,ופלים קואדרטיני קקאו250ג,לואקר,IT,ופל קואדרטיני,גרמים,250.00,100 גרם,false,0,13.90,5.56,true,1,
8000380005925,false,וופל קואדרטיני קוקוס125ג,לואקר,IT,וופל קואדרטיני,גרמים,125.00,100 גרם,false,1,8.20,6.56,true,1,
8000380005932,false,וופל קואדרטיני לימון125ג,לואקר,IT,וופל קואדרטיני,גרמים,125.00,100 גרם,false,1,8.20,6.56,true,1,
8000380007219,false,ופלים לואקר ט.אגוזים175ג,לואקר,IT,ופלים לואקר,גרמים,175.00,100 גרם,false,0,10.00,5.71,true,1,
8000380007257,false,ופלים גרדנה 200 גרם,לואקר,IT,ופלים גרדנה,גרמים,200.00,100 גרם,false,0,14.40,7.20,true,1,
8000380007264,false,ופלים לואקר ט.קקאו 175גר,לואקר,IT,ופלים לואקר,גרמים,175.00,100 גרם,false,0,10.00,5.71,true,1,
8000380142484,false,וופל קואדרטיני מריר250גר,לואקר,IT,וופל קואדרטיני,גרמים,250.00,100 גרם,false,0,13.90,5.56,true,1,
8000380156849,false,שוקולד לואקר מריר 87 גרם,לואקר,IT,שוקולד לואקר,גרמים,87.00,100 גרם,false,0,6.90,7.93,true,1,
8000380180721,false,וופל לואקר שוקו חלב175ג,לואקר,AT,וופל לואקר,גרמים,175.00,100 גרם,false,1,10.00,5.71,true,1,
8000380180745,false,ופל קואדרטיני שוק/חלב250,לואקר,AT,וופל קואדרטיני,גרמים,250.00,100 גרם,false,1,13.90,5.56,true,1,
8000380180837,false,גרנד פטיסרי לבן קוקוס 10,לואקר,IT,גרנד פטיסרי,גרמים,100.00,100 גרם,false,1,12.20,12.20,true,1,
8000380185078,false,וופל גרדנה שוקולד 78 גרם,לואקר,IT,וופל גרדנה שוקו,גרמים,78.00,100 גרם,false,1,6.90,8.85,true,1,
8000500026731,false,ביצי הפתעה קינדר 20*3 גר,פררו אס.פי.אי,IT,ביצי הפתעה קינדר,גרמים,60.00,100 גרם,false,1,14.50,24.17,true,1,
8000500121436,false,קינדר בואנו לבן 39*3 גרם,פררו - אלבה,PL,קינדר בואנו לבן,גרמים,117.00,100 גרם,false,0,8.90,7.61,true,1,
8000500126325,false,ביצי קינדר ג'וי ורוד20*3,פררו - אלבה,PL,קינדר ג'וי ורוד,גרמים,60.00,100 גרם,false,0,12.90,21.50,true,1,
8000500244906,false,סוכ.טיק טק דובדבן-קולה29,פררו קנדה,CA,סוכריות טיק טק,גרמים,29.00,100 גרם,false,1,4.90,16.90,true,1,
8001090184375,false,פיירי לכלים אוריגינל 900,פרוקטר & גמבל,GB,פיירי לכלים,מיליליטרים,900.00,"100 מ""ל",false,1,12.50,1.39,true,1,
8001090349019,false,אריאל ג'ל בייבי 2.27ליטר,פרוקטר & גמבל,FR,אריאל ג'ל בייבי,ליטרים,2.27,ליטר,false,1,33.90,14.93,true,1,
8001090458353,false,פיירי אנטי בקטריאלי 515,פרוקטר & גמבל,GB,פיירי א.בקטריאלי,מיליליטרים,515.00,"100 מ""ל",false,1,10.90,2.12,true,1,
8001800070578,false,קפסולות מודו מיו כסף120ג,קאסה דלה קפה,IT,קפסולות מודו מיו,גרמים,120.00,100 גרם,false,1,24.90,20.75,true,1,
8001943543458,false,ביצי שוקולד צ'וקטה20*3 ג,ואל קור קורסניני,IT,ביצי שוקולד 3 יח,גרמים,60.00,100 גרם,false,1,8.90,14.83,true,1,
8003753900469,false,אספרסו טחון קלייה כהה250,קפה לנדוור,,אספרסו אילי,גרמים,250.00,100 גרם,false,0,49.70,19.88,true,1,
8004030026018,false,סלט מקסיקני עם טונה 160ג,בולטון,IT,סלט עם טונה,גרמים,160.00,100 גרם,false,1,14.90,9.31,true,1,
8004030081024,false,טונה בשמן זית ופלפל160גר,בולטון,IT,טונה בשמן זית,גרמים,160.00,100 גרם,false,0,16.80,10.50,true,1,
8005110060007,false,עגבניות מקולפות,,,עגבניות מקולפות,גרמים,400.00,100 גרם,false,0,6.70,1.68,true,1,
8005110171215,false,עגבניות חתוכות 690 גרם,מוטי,IT,עגבניות חתוכות,גרמים,690.00,100 גרם,false,0,14.90,2.16,true,1,
8005110551215,false,רוטב לפיצה 400 גרם,מוטי,IT,רוטב לפיצה,גרמים,400.00,100 גרם,false,1,8.90,2.23,true,1,
8005120203913,false,אננס פרוס חצי מיובש 200ג,NOBERASCO,IT,אננס פרוס מיובש,גרמים,200.00,100 גרם,false,1,18.90,9.45,true,1,
8005120211956,false,שזיף חצי מיובש 200גרם,NOBERASCO,IT,שזיף חצי מיובש,גרמים,200.00,100 גרם,false,1,18.90,9.45,true,1,
8005803010357,false,גריסיני קלאסי 125 גרם,הוסטה איטליה,IT,גריסיני קלאסי,גרמים,125.00,100 גרם,false,1,7.90,6.32,true,1,
8005803010371,false,גריסיני רוזמרין 125 גרם,הוסטה איטליה,IT,גריסיני רוזמרין,גרמים,125.00,100 גרם,false,1,7.90,6.32,true,1,
8005803010586,false,גריסיני פיצה 125 גרם,הוסטה איטליה,IT,גריסיני פיצה,גרמים,125.00,100 גרם,false,1,7.90,6.32,true,1,
8005803010661,false,גריסיני שומשום 125 גרם,הוסטה איטליה,IT,גריסיני שומשום,גרמים,125.00,100 גרם,false,1,7.90,6.32,true,1,
8007178120310,false,"חומץ בלסמי גקובזי 500מ""ל",ג'אקובזי,IT,חומץ בלסמי,מיליליטרים,500.00,"100 מ""ל",false,0,23.20,4.64,true,1,
8008660210014,false,מעדן משמש 300 גרם,מנז אנד גאסר,IT,מעדן משמש,גרמים,300.00,100 גרם,false,1,16.90,5.63,true,1,
8008660210021,false,מעדן דובדבן 300 גרם,מנז אנד גאסר,IT,מעדן דובדבן,גרמים,300.00,100 גרם,false,1,16.90,5.63,true,1,
8008660210045,false,מעדן פירות יער 300 גרם,מנז אנד גאסר,IT,מעדן פירות יער,גרמים,300.00,100 גרם,false,1,16.90,5.63,true,1,
8008920990243,false,למברוסקו לבן,,IT,למברוסקו לבן,מיליליטרים,750.00,"100 מ""ל",false,0,27.70,3.69,true,1,
8010445003308,false,שמן זית כתית מעולה 750 מ,CLEMENTE OLEARIA,IT,שמן זית,גרמים,750.00,100 גרם,false,0,34.60,4.61,true,1,
8014515330059,false,עגבניות שלמות מקולפות400,שופרסל-ייבוא,IT,עגבניות שלמות,גרמים,400.00,100 גרם,false,0,5.90,1.48,true,1,
8014515330738,false,קוביות עגבניות פומו400גר,שופרסל-ייבוא,,קוביות עגבניות,גרמים,400.00,100 גרם,false,0,5.90,1.48,true,1,
8015565030203,false,חטיף קרקר עם רוזמרין175ג,לוריארי אס אל אר,IT,קרקר עם רוזמרין,גרמים,175.00,100 גרם,false,1,8.90,5.09,true,1,
8015565030234,false,חטיף קרקר עם שום 175 גרם,לוריארי אס אל אר,IT,קרקר עם שום,גרמים,175.00,100 גרם,false,1,8.90,5.09,true,1,
8015565030241,false,חטיף קרקר עם מלח ים175ג,לוריארי אס אל אר,IT,קרקר עם מלח ים,גרמים,175.00,100 גרם,false,1,8.90,5.09,true,1,
8015565030258,false,חטיף קרקר טעם פיצה 175 ג,לוריארי אס אל אר,IT,קרקר טעם פיצה,גרמים,175.00,100 גרם,false,1,8.90,5.09,true,1,
8076800195019,false,ספגטי מס' 1 קפליני500גרם,ברילה,IT,ספגטי ברילה,גרמים,500.00,100 גרם,false,0,6.90,1.38,true,1,
8076800195057,false,ספגטיני מס' 5 ברילה500גר,ברילה,IT,ספגטי מס 5 ברילה,גרמים,500.00,100 גרם,false,0,6.90,1.38,true,1,
8076800195132,false,אטריות בבטה מס13' 500גרם,ברילה,IT,אטריות בבטה,גרמים,500.00,100 גרם,false,0,6.90,1.38,true,1,
8076800315097,false,ספגטי בוקטיני מס9' 500גר,ברילה,IT,ספגטי בוקטיני,גרמים,500.00,100 גרם,false,0,6.90,1.38,true,1,
8076802085738,false,פנה ריגטה מס73' 500 גרם,ברילה,IL,פנה ריגטה ברילה,גרמים,500.00,100 גרם,false,0,6.90,1.38,true,1,
8076802085936,false,קונצ'יליה ריגטי 500 גרם,ברילה,IT,קונצ'יליה,גרמים,500.00,100 גרם,false,0,6.90,1.38,true,1,
8076808060654,false,פסטה פרפלה מס65' 500 גרם,ברילה,IL,פסטה פרפלה ברילה,גרמים,500.00,100 גרם,false,0,6.90,1.38,true,1,
8076808070882,false,קנלוני ברילה 250 גרם,ברילה,IT,קנלוני ברילה,גרמים,250.00,100 גרם,false,0,14.50,5.80,true,1,
8076808150072,false,ספגטי מס' 7 500 גרם,ברילה,IT,ספגטי ברילה,גרמים,500.00,100 גרם,false,0,6.90,1.38,true,1,
8076809501415,false,פסטה פנה טריקולור 500גרם,ברילה,IT,פסטה פנה טריקול,גרמים,500.00,100 גרם,false,0,13.80,2.76,true,1,
8076809513388,false,רוטב לפסטה ארביאטה400גרם,ברילה,IT,רוטב לפסטה,גרמים,400.00,100 גרם,false,0,10.00,2.50,true,1,
8076809513654,false,בסיס לרוטב בולונז 400 גר,ברילה,IT,בסיס לרוטב,גרמים,400.00,100 גרם,false,0,10.00,2.50,true,1,
8076809513739,false,רוטב בזיליקום ברילה400גר,ברילה,IT,רוטב בזיליקום,גרמים,400.00,100 גרם,false,0,10.00,2.50,true,1,
8076809523561,false,רוטב עגבניות טוסקנה400ג,ברילה,IT,רוטב עגבניות,גרמים,400.00,100 גרם,false,0,10.00,2.50,true,1,
8076809523714,false,טליאטלה אטריות 500 גרם,ברילה,IT,טליאטלה אטריות,גרמים,500.00,100 גרם,false,0,22.90,4.58,true,1,
8076809523738,false,לזניה ברילה 500 גרם,ברילה,IT,לזניה ברילה,גרמים,500.00,100 גרם,false,0,21.70,4.34,true,1,
8076809529419,false,ספגטי מחיטה מלאה 500 גרם,ברילה,IT,ספגטי חיטה מלא,גרמים,500.00,100 גרם,false,0,10.00,2.00,true,1,
8076809571302,false,"פסטה ברילה פוזילי 1 ק""ג",ברילה,IT,פסטה ברילה,קילוגרמים,1.00,"ק""ג",false,1,10.90,10.90,true,1,
8076809571319,false,פסטה ברילה פנה ריגטה 1קג,ברילה,IT,פסטה ברילה,קילוגרמים,1.00,"ק""ג",false,1,10.90,10.90,true,1,
8410076600622,false,קראנץ שבבי שוקולד 210ג,ג'נרל מילס,GB,נייצר וואלי שוקו,גרמים,210.00,100 גרם,false,0,19.90,9.48,true,1,
8410076600981,false,חטיפי קראנצ'י קוקוס 5 יח,ג'נרל מילס,ES,חטיפי קראנצ'י,גרמים,210.00,100 גרם,false,0,19.90,9.48,true,1,
8410076610492,false,חטיפי צ'ואי בוטנים 30*5ג,ג'נרל מילס,ES,חטיפי צ'ואי 5 יח,גרמים,150.00,100 גרם,false,1,19.90,13.27,true,1,
8410076610508,false,צואי שוקולד בוטנים שקד5י,ג'נרל מילס,ES,חטיפי צ'ואי 5 יח,גרמים,150.00,100 גרם,false,1,19.90,13.27,true,1,
8410076620057,false,חטיפי פייבר1 שוקולד24*5ג,ג'נרל מילס,ES,חטיפי פייבר1 5יח,גרמים,120.00,100 גרם,false,1,19.90,16.58,true,1,
8410076620231,false,חט.פייבר 1 קרמל מלוח24*5,ג'נרל מילס,PT,חטיפי פייבר1 5יח,גרמים,120.00,100 גרם,false,1,19.90,16.58,true,1,
8410104039134,false,"פיניש לניקוי מדיח 250מ""ל",רקיט בנקיזר,PL,פיניש ניקוי מדיח,מיליליטרים,250.00,"100 מ""ל",false,0,14.90,5.96,true,1,
8410179000411,false,שמן צמחי E+Dויטמין 1ל,PONTU BORGES ACEITES,ES,שמן צמחי מועשר,ליטרים,1.00,ליטר,false,1,12.90,12.90,true,1,
8410179004501,false,שמן חמניות+ E ויטמין 1ל,PONTU BORGES ACEITES,ES,שמן חמניות,ליטרים,1.00,ליטר,false,1,12.90,12.90,true,1,
8410179014814,false,שמן צמחיE+ויטמין 1ליטר,PONTU BORGES ACEITES,ES,שמן צמחי מועשר,ליטרים,1.00,ליטר,false,1,12.90,12.90,true,1,
8410179014821,false,שמן קנולה + E ויטמין 1ל,PONTU BORGES ACEITES,ES,שמן קנולה,ליטרים,1.00,ליטר,false,1,12.90,12.90,true,1,
8410179100043,false,שמן זית בורחס מעולה750מל,PONTU BORGES ACEITES,ES,שמן זית בורחס,מיליליטרים,750.00,"100 מ""ל",false,0,36.90,4.92,true,1,
8410376010701,false,"ביסקוויט מרי ללת""ס 400 ג",גולון,ES,"ביסקוויט ללת""ס",גרמים,400.00,100 גרם,false,1,16.90,4.23,true,1,
8410655000423,false,"בירה סאן מיגל 330*4 מ""ל",סאן מיגל,ES,בירה סאן מיגל4יח,ליטרים,1.32,ליטר,false,0,31.60,23.94,true,1,
8411277063049,false,קאווה ג'ום,,ES,קאווה ג'ום,מיליליטרים,750.00,"100 מ""ל",false,0,26.90,3.59,true,1,
8423207206488,false,סלים דליס מצופה שוקולד6י,סלים דליס,ES,חטיפי דגנים מרבה,גרמים,120.00,100 גרם,false,0,10.00,8.33,true,1,
8423207206501,false,סלים דליס רב דגנים חלב6י,סלים דליס,ES,חטיפי דגנים מרבה,גרמים,120.00,100 גרם,false,0,10.00,8.33,true,1,
8423207208260,false,ס.דליס שוק.חלב ל.ג13*6גר,ביסצ'ורי,ES,חטיף דגנים,גרמים,78.00,100 גרם,false,1,11.90,15.26,true,1,
8423207208680,false,סלים דליס ילדים ש.חלב6יח,סלים דליס,ES,סלים דליס 6 יח,גרמים,120.00,100 גרם,false,1,10.00,8.33,true,1,
8425206000081,false,ריבת חלב,,IL,ריבת חלב,גרמים,450.00,100 גרם,false,0,19.70,4.38,true,1,
8690506409869,false,קצף גילוח גיבס רגיל 200מ,אוויאפ,TR,קצף גילוח,מיליליטרים,200.00,"100 מ""ל",false,1,5.00,2.50,true,1,
8690520019907,false,בירה אפס פילזנר,,,בירה אפס פילזנר,מיליליטרים,500.00,"100 מ""ל",false,0,7.90,1.58,true,1,
8690637073496,false,חליטת ליפטון קמומיל20שק',יוניליוור,TR,חליטת ליפטון,גרמים,30.00,100 גרם,false,0,10.00,33.33,true,1,
8690637620751,false,דאו.דאב מן קלין קומפור50,יוניליוור,IL,דאודורנט דאב מן,מיליליטרים,50.00,"100 מ""ל",false,1,27.30,54.60,true,1,
8690637655968,false,סיף ג'ל אקונומיקה 750מל,יוניליוור,IL,סיף ג'ל רוח ים,מיליליטרים,750.00,"100 מ""ל",false,0,13.50,1.80,true,1,
8690637682551,false,בדין אקסטרה שחור960מל,יוניליוור,IL,בדין אקסטרה,מיליליטרים,960.00,"100 מ""ל",false,0,18.90,1.97,true,1,
8690637704376,false,"דאב שמפו יום יומי 600מ""ל",יוניליוור,TR,שמפו דאב,מיליליטרים,600.00,"100 מ""ל",false,0,15.00,2.50,true,1,
8690637704390,false,"דאב מרכך יום יומי 600מ""ל",יוניליוור,TR,דאב מרכך שיער,מיליליטרים,600.00,"100 מ""ל",false,0,15.00,2.50,true,1,
8690637799587,false,תה ירוק ארל גריי 20 שק',יוניליוור,TR,תה ירוק ארל גריי,גרמים,30.00,100 גרם,false,1,16.50,55.00,true,1,
8690770322598,false,שמרים יבשים 125 גרם,הנמל,,שמרים יבשים,גרמים,125.00,100 גרם,false,0,4.60,3.68,true,1,
8690777204071,false,פלפל חריף,,TR,פלפל חריף,גרמים,640.00,100 גרם,false,0,11.90,1.86,true,1,
8690777206051,false,חציל קלוי,,TR,חציל קלוי,גרמים,650.00,100 גרם,false,0,11.90,1.83,true,1,
8690777221405,false,פלפל אדום קלוי,,,פלפל אדום קלוי,גרמים,650.00,100 גרם,false,0,11.90,1.83,true,1,
8690784211505,false,גלייד אירוסול 300 מל,vaill aerosol coster,TR,גלייד מטהר אוויר,מיליליטרים,300.00,"100 מ""ל",false,0,6.90,2.30,true,1,
8690784211802,false,גלייד אירוסול לבנדר 300מ,vaill aerosol coster,TR,גלייד מטהר אוויר,מיליליטרים,300.00,"100 מ""ל",false,0,6.90,2.30,true,1,
8690784211901,false,גלייד מטהר אוויר 300 מל,vaill aerosol coster,TR,גלייד מטהר אוויר,מיליליטרים,300.00,"100 מ""ל",false,0,6.90,2.30,true,1,
8690784511339,false,דאק לאסלה 5ב1ניחוח ים,דאופלור S.P.I,IT,דאק לאסלה 5ב1,יחידה,1.00,יחידה,false,1,9.90,9.90,true,1,
8690784511445,false,דאק לאסלה 5ב1ניחוח לבנדר,דאופלור S.P.I,IT,דאק לאסלה 5ב1,יחידה,1.00,יחידה,false,1,9.90,9.90,true,1,
8693495039420,false,פלמוליב ספא גורמה תות500,קולגייט-פלמוליב,TR,סבון פלמוליב,מיליליטרים,500.00,"100 מ""ל",false,1,13.90,2.78,true,1,
8693495050333,false,פלמוליב לימון ירוק500מ,קולגייט-פלמוליב,TR,פלמוליב,מיליליטרים,500.00,"100 מ""ל",false,1,13.90,2.78,true,1,
8697530910743,false,פאל מאל כחול חפיסה,bat,TR,פאל מאל חפ.,יחידה,1.00,יחידה,false,0,28.50,28.50,false,1,
8697530910781,false,פאל מאל אדום חפיסה,bat,TR,פאל מאל,יחידה,1.00,יחידה,false,0,28.50,28.50,false,1,
8697530910941,false,פאל מאל כחול 10 יח',bat,TR,פאל מאל,יחידה,1.00,יחידה,false,0,269.90,269.90,false,1,
8697530911276,false,קנט קצר חפיסה,bat,TR,קנט קצר חפיסה,יחידה,1.00,יחידה,false,0,35.50,35.50,false,1,
8710103494775,false,2מוצץ אוונט AIRFLOW 6-18,אוונט,IL,מוצץ אוונט,יחידה,1.00,יחידה,false,0,35.90,35.90,true,1,
8710103495284,false,מוצץ אוונט AIRFLOW 0-6,אוונט,GB,מוצץ אוונט,יחידה,1.00,יחידה,false,0,35.90,35.90,true,1,
8710103527770,false,2 מוצצי אוונט טרומן 0-6,אוונט,GB,זוג מוצצי אוונט,יחידה,1.00,יחידה,false,0,35.90,35.90,true,1,
8710428005755,false,סימילאק איזומיל NG 400 ג,אבוט,IL,סימילאק איזומיל,גרמים,400.00,100 גרם,false,0,43.50,10.88,true,1,
8710502405204,false,עוג.מרבה ממולאות שוקו175,מרבה,NL,עוגיות מרבה,גרמים,175.00,100 גרם,false,0,10.90,6.23,true,1,
8710502470028,false,עוג.שוקוצ'יפס נוגטלי160ג,מרבה,NL,עוגיות שוקוצ'יפס,גרמים,160.00,100 גרם,false,0,10.90,6.81,true,1,
8710908160226,false,מרכך טרזמה לפני חפיפה500,יוניליוור,IL,מרכך טרזמה,מיליליטרים,500.00,"100 מ""ל",false,1,22.90,4.58,true,1,
8710908161278,false,שמפו טרזמה לאחר חפיפה500,יוניליוור,IL,שמפו טרזמה,מיליליטרים,500.00,"100 מ""ל",false,1,22.90,4.58,true,1,
8710908181962,false,שמפו טרזמה מראה טבעי 500,יוניליוור,IL,שמפו טרזמה,מיליליטרים,500.00,"100 מ""ל",false,1,22.90,4.58,true,1,
8710908251313,false,רקסונה לגבר ללא סימן150,יוניליוור,IL,דאודורנט רקסונה,מיליליטרים,150.00,"100 מ""ל",false,1,14.90,9.93,true,1,
8710908427596,false,"אקס ספריי גוף150מ""ל YOU",יוניליוור,GB,אקס ספריי גוף,מיליליטרים,150.00,"100 מ""ל",false,1,12.90,8.60,true,1,
8711700633987,false,שמפו טרזמה עם קרטין 500,יוניליוור,IL,שמפו טרזמה,מיליליטרים,500.00,"100 מ""ל",false,1,22.90,4.58,true,1,
8711700634656,false,מסכה טרזמה עם קרטין 300,יוניליוור,IL,מסכה טרזמה,מיליליטרים,300.00,"100 מ""ל",false,1,31.90,10.63,true,1,
8711700665834,false,סבון מוצק דאב 100*6 גרם,יוניליוור,IL,סבון דאב שישייה,גרמים,600.00,100 גרם,false,0,17.90,2.98,true,1,
8712561249232,false,אקס ספריי גוף אנרכי 150מ,יוניליוור,TR,דאודורנט אקס,מיליליטרים,150.00,"100 מ""ל",false,1,14.90,9.93,true,1,
8712561594608,false,תח.רחצה להזנה עמוקה 750מ,יוניליוור,DE,תחליב רחצה דאב,מיליליטרים,750.00,"100 מ""ל",false,1,17.90,2.39,true,1,
8712561626286,false,תחליב רחצה דאב זוהר 750מ,יוניליוור,DE,תחליב רחצה דאב,מיליליטרים,750.00,"100 מ""ל",false,1,17.90,2.39,true,1,
8712561646116,false,תחליב רחצה דאב פיסטוק750,יוניליוור,DE,תחליב רחצה דאב,מיליליטרים,750.00,"100 מ""ל",false,1,17.90,2.39,true,1,
8712561981156,false,תחליב גוף דאב גודנס 200,יוניליוור,IL,תחליב גוף דאב,מיליליטרים,200.00,"100 מ""ל",false,1,19.90,9.95,true,1,
8713276001177,false,פופקורן טבסקו 90 גרם,גימי פרודוכטס בי וי,NL,פופקורן טבסקו,גרמים,90.00,100 גרם,false,1,5.90,6.56,true,1,
8713276001207,false,פופקורן פפריקה 90 גרם,גימי פרודוכטס בי וי,NL,פופקורן פפריקה,גרמים,90.00,100 גרם,false,1,5.90,6.56,true,1,
8713276001238,false,פופקורן מלח 70 גרם,גימי פרודוכטס בי וי,NL,פופקורן מלח,גרמים,90.00,100 גרם,false,1,5.90,6.56,true,1,
8714789132549,false,קולגייט הרבל להלבנה100מל,קולגייט-פלמוליב,BR,משחת שיניים,מיליליטרים,100.00,"100 מ""ל",false,0,13.10,13.10,true,1,
8714789177229,false,4 מב.קולגייט אקסטרה קלין,קולגייט-פלמוליב,VN,4 מברשות שיניים,יחידה,1.00,יחידה,false,0,9.90,9.90,true,1,
8714789303925,false,2 מברשות קולגייט סנסטיב,קולגייט-פלמוליב,CH,2 מברשות שיניים,יחידה,1.00,יחידה,false,0,29.90,29.90,true,1,
8714789402918,false,אג'קס חג.פרחים אדום 1.5ל,קולגייט-פלמוליב,GR,אג'קס לניקוי,ליטרים,1.50,ליטר,false,0,19.90,13.27,true,1,
8714789402932,false,אג'קס חגיגת פרחי.ורוד1.5,קולגייט-פלמוליב,GR,אג'קס לניקוי,ליטרים,1.50,ליטר,false,0,19.90,13.27,true,1,
8714789450315,false,פלמוליב לכלים לימון1.5ל',קולגייט-פלמוליב,IL,פלמוליב לכלים,ליטרים,1.50,ליטר,false,0,13.90,9.27,true,1,
8714789529561,false,קולגייט פרו ריליף+הלבנ75,קולגייט-פלמוליב,BR,משחת קולגייט,מיליליטרים,75.00,"100 מ""ל",false,0,25.90,34.53,true,1,
8714789582764,false,מרסס לניקוי חלונות 750 מ,קולגייט-פלמוליב,IL,מרסס לחלונות,מיליליטרים,750.00,"100 מ""ל",false,0,15.30,2.04,true,1,
8714789767413,false,קולגייט פרו קליניקלC200,קולגייט-פלמוליב,IL,מברשת חשמלית,יחידה,1.00,יחידה,false,0,346.90,346.90,true,1,
8714789797786,false,פלמוליב 4ב1 כתום 750מל,קולגייט-פלמוליב,GR,פלמוליב לכלים,מיליליטרים,750.00,"100 מ""ל",false,0,9.90,1.32,true,1,
8714789834467,false,פלמוליב נוזל לכלים 1.5ל',קולגייט-פלמוליב,GR,פלמוליב לכלים,ליטרים,1.50,ליטר,false,0,13.90,9.27,true,1,
8714789861852,false,קולגייט מקס פרש קלין100מ,קולגייט-פלמוליב,PL,משחת קולגייט,מיליליטרים,100.00,"100 מ""ל",false,1,19.90,19.90,true,1,
8715700419718,false,מתבל עגבניות 700ג+ 30%,היינץ,NL,מתבל עגבניות,גרמים,910.00,100 גרם,false,1,10.00,1.10,true,1,
8715700422381,false,מיונז היינץ אמיתי 420ג,היינץ,ES,מיונז היינץ,גרמים,420.00,100 גרם,false,1,10.00,2.38,true,1,
8715700422473,false,ממרח היינץ מיכל לחיץ395ג,היינץ,NL,ממרח היינץ,גרמים,395.00,100 גרם,false,1,14.90,3.77,true,1,
8715700423777,false,מתבל עגב.מופחת סוכר ומלח,היינץ,NL,מתבל עגבניות,גרמים,555.00,100 גרם,false,1,10.00,1.80,true,1,
8718114047249,false,סבון מוצק דאב 100*6 גרם,יוניליוור,DE,סבון דאב שישייה,גרמים,600.00,100 גרם,false,0,17.90,2.98,true,1,
8718951001596,false,אג'קס ספריי לאמבטיה600מל,קולגייט-פלמוליב,GR,אג'קס לאמבטיה,מיליליטרים,600.00,"100 מ""ל",false,1,14.80,2.47,true,1,
8718951001602,false,אג'קס ספריי רב פעולות600,קולגייט-פלמוליב,GR,אג'קס רב פעולות,מיליליטרים,600.00,"100 מ""ל",false,1,14.80,2.47,true,1,
8718951093331,false,2 מברשות מרידול סופט,UAB FOODS CERERA,CH,זוג מברשות מרידו,יחידה,1.00,יחידה,false,1,33.90,33.90,true,1,
8718951119338,false,אג'קס מסיר שומנים 500מל,קולגייט-פלמוליב,GR,אג'קס ספרי לתנור,מיליליטרים,500.00,"100 מ""ל",false,1,14.80,2.96,true,1,
8723400756552,false,מנטוס ריינבאו 37.50ג4*יח,פרפטי ואן מלה ברדה,NL,מנטוס ריינבאו,גרמים,148.00,100 גרם,false,0,11.30,7.64,true,1,
8850206112029,false,"רוטב צ'ילי חריף 700 מ""ל",יאן ואל יון,IL,רוטב צ'ילי חריף,מיליליטרים,700.00,"100 מ""ל",false,0,13.90,1.99,true,1,
8850206701544,false,"רוטב פאד תאי 250 מ""ל",יאן ואל קורפוריישן גרופ,TH,רוטב פאד תאי,מיליליטרים,250.00,"100 מ""ל",false,0,13.80,5.52,true,1,
8850227010182,false,אטריות אורז 454 גרם,יאן ואל קורפוריישן גרופ,TH,אטריות אורז,גרמים,454.00,100 גרם,false,0,9.80,2.16,true,1,
8850389105849,false,סאפה אלוורה טעם אפרסק 1ל,FOOD GENERAL SAPANAN,TH,סאפה אפרסק,ליטרים,1.00,ליטר,false,0,11.90,11.90,true,1,
8850389111666,false,משקה אלוורה בטעם אננס1ל,FOOD GENERAL SAPANAN,TH,משקה אלוורה,ליטרים,1.00,ליטר,false,1,11.90,11.90,true,1,
8857101301008,false,רוטב צ'ילי,,TH,רוטב צ'ילי,מיליליטרים,700.00,"100 מ""ל",false,0,9.80,1.40,true,1,
8858271003921,false,רוטב קארי אדום,,TH,רוטב קארי אדום,גרמים,250.00,100 גרם,false,0,13.80,5.52,true,1,
8858271003938,false,רוטב קארי ירוק,,TH,רוטב קארי ירוק,גרמים,250.00,100 גרם,false,0,13.80,5.52,true,1,
8888021200256,false,שמינית סוללות AA,אנרג'ייזר,US,שמינית סוללות,יחידה,1.00,יחידה,false,0,24.90,24.90,true,1,
8888021200720,false,שמינית סוללות AAA,אנרג'ייזר,US,8 סוללות AAA,יחידה,1.00,יחידה,false,0,24.90,24.90,true,1,
8934878081811,false,דפים קמח טפיוקה,,VN,דפים קמח טפיוקה,גרמים,400.00,100 גרם,false,0,18.00,4.50,true,1,
8992760221028,false,עוגיות אוראו 137 גרם,מונדלייז,ID,עוגיות אוראו,גרמים,137.00,100 גרם,false,1,6.90,5.04,true,1,
9000100971461,false,"סומט ג'ל גולד 600 מ""ל",הנקל סוד,HU,סומט ג'ל למדיח,מיליליטרים,600.00,"100 מ""ל",false,1,17.90,2.98,true,1,
9000101020380,false,סומט גולד למדיח 40 טב,הנקל סוד,DE,סומט גולד למדיח,יחידה,1.00,יחידה,false,1,32.90,32.90,true,1,
9001616203626,false,מאמ פטמות FAST FOLW,.,HU,מאמ פטמות,יחידה,1.00,יחידה,false,0,29.00,29.00,true,1,
9120025835256,false,עוגות אישיות טעם קקאו420,טי.אס.סי. פוד פרודקטס,AT,עוגות אישיות,גרמים,420.00,100 גרם,false,1,11.90,2.83,true,1,
9310072028743,false,טים טם אורגינל 200 גרם,ספץ תעשיות,AU,טים טם אורגינל,גרמים,200.00,100 גרם,false,1,19.90,9.95,true,1,
9310072028750,false,טים טם דאבל 200 גרם,ספץ תעשיות,AU,טים טם דאבל,גרמים,200.00,100 גרם,false,1,19.90,9.95,true,1,
