code,internal_code,name,manufacturer_name,manufacture_country,manufacturer_item_description,unit_qty,quantity,unit_of_measure,weighted,qty_in_package,price,unit_of_measure_price,allow_discount,status,item_id
16000281684,false,חטיף נייטשר ואלי פקאן5יח,ג'נרל מילס,US,חטיף נייטשר ואלי,גרמים,210.00,100 גרם,false,0,12.90,6.15,true,1,
3574660333466,false,32טמפ. או-בה פרוקומפ.מינ,ג'ונסון,DE,טמפוני או-בה,יחידה,1.00,יחידה,false,0,27.90,27.90,true,1,
3574660696028,false,ק.ידיים ניוטרוג'ינה 50מל,ג'ונסון,FR,קרם ידיים,מיליליטרים,50.00,"100 מ""ל",false,0,24.90,49.80,true,1,
3600522344070,false,"מסכת אלביב קולור 300מ""ל",kozmetik canan,DE,מסכת אלביב,מיליליטרים,300.00,"100 מ""ל",false,0,21.90,7.30,true,1,
3600523782567,false,אלביב שמפו דרים לונג500מ,קוסמטיקס,FR,אלביב שמפו,מיליליטרים,500.00,"100 מ""ל",false,1,12.90,2.58,true,1,
3600523782581,false,אלביב מרכך דרים לונג500מ,קוסמטיקס,FR,אלביב מרכך,מיליליטרים,500.00,"100 מ""ל",false,1,12.90,2.58,true,1,
3600541299382,false,olia חום שחור גוון 3.0 י,ליברמו,BE,צבע שיער גרנייה,יחידה,1.00,יחידה,false,0,29.90,29.90,true,1,
3600541466265,false,דאודורנט פרו5 ורוד150מ,סופרוקוס,FR,דאו.גרנייה,מיליליטרים,150.00,"100 מ""ל",false,1,11.90,7.94,true,1,
3614226761613,false,קולסטון ספריי לכיסוי חום,דיפלומט,DE,קולסטון ספריי,מיליליטרים,75.00,"100 מ""ל",false,1,20.00,26.67,true,1,
3838824127361,false,צבע סמי קיט פלטה מ5-68.,הנקל סוד,SI,צבע לשיער פלטה,יחידה,1.00,יחידה,false,0,27.90,27.90,true,1,
3838824128948,false,צבע לשיער פלטה קיט 3-0,הנקל סוד,DE,צבע לשיער פלטה,יחידה,1.00,יחידה,false,0,20.00,20.00,true,1,
3838824332116,false,צבע סמי קיט פלטה 7-57,הנקל סוד,SI,צבע סמי קיט פלטה,יחידה,1.00,יחידה,false,1,27.90,27.90,true,1,
4002448095262,false,פצירה חשמלית לעור רטוב,רקיט בית מרקחת,CN,פצירה חשמלית שול,יחידה,1.00,יחידה,false,1,237.00,237.00,true,1,
4005808837359,false,דאו.ניוואה B&P רול און50,ביירסדורץ,DE,דאודורנט ניוואה,מיליליטרים,50.00,"100 מ""ל",false,0,17.90,35.80,true,1,
4009900479998,false,אורביט אוכמניות בקבוק64ג,ריגלי,PL,אורביט בקבוקון,גרמים,64.00,100 גרם,false,0,11.90,18.59,true,1,
4009900504218,false,אורביט תפוז בקבוקון64ג,ריגלי,PL,אורביט בקבוקון,גרמים,64.00,100 גרם,false,1,11.90,18.59,true,1,
4009900531122,false,מסטיק אורביט ספירמינט64ג,,PL,אורביט ספירמינט,גרמים,64.00,100 גרם,false,1,11.90,18.59,true,1,
4015400681670,false,18תחב.אולוייז לילה בטוח,פרוקטר אנד גמבל,UA,תחבושות אולוייז,יחידה,1.00,יחידה,false,0,20.00,20.00,true,1,
4015400755241,false,28תח.אולוייז דואו נורמל+,פרוקטר אנד גמבל,UA,תחבושות אולוייז,יחידה,1.00,יחידה,false,1,20.00,20.00,true,1,
4015600763251,false,שמפו הד&שולדרס קלאסי 600,פרוקטר אנד גמבל,RO,שמפו הד&שולדרס,מיליליטרים,600.00,"100 מ""ל",false,0,20.00,3.33,true,1,
4045787068542,false,פרוטאין קולור מס8',הנקל סוד,DE,פרוטאין קולור,יחידה,1.00,יחידה,false,0,22.90,22.90,true,1,
4045787068610,false,פרוטאין קולור9 בלונד טבע,הנקל סוד,DE,פרוטאין קולור,יחידה,1.00,יחידה,false,0,22.90,22.90,true,1,
4056800943791,false,"חמצן וולה 9% 60 מ""ל",פרוקטר & גמבל,FR,חמצן וולה9%,מיליליטרים,60.00,"100 מ""ל",false,0,5.50,9.17,true,1,
4101730040024,false,שוקולד פיסטוק מוצרט100ג,רבר,DE,שוקולד מוצרט,גרמים,100.00,100 גרם,false,1,9.90,9.90,true,1,
4101730040093,false,שוקולד מריר שקד מוצרט100,רבר,DE,שוקולד מוצרט,גרמים,100.00,100 גרם,false,1,9.90,9.90,true,1,
5000159407236,false,חטיף מרס 51 גרם,מרס,NL,חטיף מרס,גרמים,51.00,100 גרם,false,0,3.90,7.65,true,1,
5029053510828,false,22תח.קוטקס אולטרא סופר,חוגלה קימברלי,CN,תחבושות קוטקס,יחידה,1.00,יחידה,false,0,21.90,21.90,true,1,
5029053527574,false,10תח.ספיגה לילה בנים4-7,חוגלה קימברלי,CZ,10 תחתוני ספיגה,יחידה,1.00,יחידה,false,0,35.90,35.90,true,1,
5029053535227,false,16טמפו.קוטקס מוליך נורמ.,חוגלה קימברלי,CZ,טמפוני קוטקס,יחידה,1.00,יחידה,false,0,18.90,18.90,true,1,
5202300014519,false,וולפלקס ספריי ש.צבוע250,פרוקטר & גמבל,DE,וולהפלקס ספריי,מיליליטרים,250.00,"100 מ""ל",false,0,37.90,15.16,true,1,
5202300043038,false,קולסטון 8/73 בלונד דבש ט,פרוקטר & גמבל,DE,קולסטון שפופרת,מיליליטרים,60.00,"100 מ""ל",false,0,13.90,23.17,true,1,
5202300043175,false,קולסטון 6/0 בלונד כהה,פרוקטר & גמבל,DE,קולסטון שפופרת,מיליליטרים,60.00,"100 מ""ל",false,0,13.90,23.17,true,1,
5410091677992,false,ספריי סאיוס מקס הולד400,הנקל סוד,DE,ספרי עיצוב סאיוס,מיליליטרים,400.00,"100 מ""ל",false,0,20.00,5.00,true,1,
5410091678005,false,ספריי סאיוס ווליום 400מל,הנקל סוד,DE,ספרי עיצוב סאיוס,מיליליטרים,400.00,"100 מ""ל",false,0,20.00,5.00,true,1,
5410091678043,false,מוס סאיוס שיער מתותל 250,הנקל סוד,DE,מוס לעיצוב סאיוס,מיליליטרים,250.00,"100 מ""ל",false,0,20.00,8.00,true,1,
5410091708955,false,ספריי סאיוס ווליום 400מל,הנקל סוד,DE,ספרי עיצוב סאיוס,מיליליטרים,400.00,"100 מ""ל",false,0,20.00,5.00,true,1,
7046110030608,false,מארז זוג מברשות טרגט סנס,ג'ורדן,IL,מארז זוג מברשות,יחידה,1.00,יחידה,false,1,24.00,24.00,true,1,
7046110064535,false,2מברשות ג'ורדן לילדים0-2,קלרו,MY,מברשות שיניים,יחידה,1.00,יחידה,false,0,20.00,20.00,true,1,
7046110066034,false,Mמ.שיניים ג'ורדן אינטרדנ,ג'ורדן,IL,Mמ.שיניים ג'ורדן,יחידה,1.00,יחידה,false,0,36.90,36.90,true,1,
7290000193793,false,24 לילי נטורל נורמל,חוגלה קימברלי,ES,תחבושות לילי,יחידה,1.00,יחידה,false,0,10.00,10.00,true,1,
7290000289748,false,"סנו פורטה שומנים 750 מ""ל","סנו מפעלי ברונוס בע""\מ",IL,סנו פורטה,מיליליטרים,750.00,"100 מ""ל",false,0,15.90,2.12,true,1,
7290001013243,false,לק קולור שיין250 יח',סופט טאץ',IL,לק קולור שיין250,יחידה,1.00,יחידה,false,0,9.90,9.90,true,1,
7290002000143,false,"פנג'ל קרם ידיים 80 מ""ל",אינטרקוסמא,IL,קרם ידיים פנג'ל,מיליליטרים,80.00,"100 מ""ל",false,0,6.90,8.63,true,1,
7290002002611,false,שעווה קרה הדבש משי 500גר,ש.שוורץ,IL,שעווה קרה,גרמים,500.00,100 גרם,false,0,24.90,4.98,true,1,
7290002041801,false,"קרם גוף לאב ליין 275 מ""ל",תעשיות שיק,IL,קרם גוף לאב ליין,מיליליטרים,275.00,"100 מ""ל",false,0,39.90,14.51,true,1,
7290002730811,false,משחה קולגייט ג'ל 100 גרם,קולגייט פלמוליב,PL,משחת קולגייט ג'ל,מיליליטרים,100.00,"100 מ""ל",false,0,7.90,7.90,true,1,
7290003227402,false,"קרם גוף מדנייט 275 מ""ל",חלאבין,IL,קרם גוף מידנייט,מיליליטרים,275.00,"100 מ""ל",false,0,28.90,10.51,true,1,
7290008464284,false,"פיקסי אפרסק 275 מ""ל","טמפו משקאות בע""מ",IL,פיקסי אפרסק,מיליליטרים,275.00,"100 מ""ל",false,1,5.00,1.82,true,1,
7290010237548,false,פפסי מקס,,IL,פפסי מקס,מיליליטרים,500.00,"100 מ""ל",false,0,5.00,1.00,true,1,
7290011113926,false,דאו.טיטניום BLACK 200מל,קרליין,IL,דאודורנט טיטניום,מיליליטרים,200.00,"100 מ""ל",false,0,16.90,8.45,true,1,
7290012938580,false,מש.סנסודיין הלבנה עדינ75,MICLEN DE,GB,משחת סנסודיין,מיליליטרים,75.00,"100 מ""ל",false,0,18.90,25.20,true,1,
7290014952935,false,מאמי קר מגבוני אף ופנים,מאמי קר,IL,מאמי קר מגבונים,יחידה,1.00,יחידה,false,1,12.90,12.90,true,1,
7290016866667,false,פרודונטקס ללא פלואוריד75,DEMICLEN,SK,משחה פרודונטקס,מיליליטרים,75.00,"100 מ""ל",false,1,16.90,22.53,true,1,
7290017031613,false,"סטייל בושם לשיער 50 מ""ל",א.ל.ארמן ייצור תמרוקים ב,IL,סטייל בושם לשיער,מיליליטרים,50.00,"100 מ""ל",false,1,20.00,40.00,true,1,
7290017088051,false,52חתולי בייביסיטר מידה 3,די.פי.אל,IL,חיתולי בייביסיטר,יחידה,1.00,יחידה,false,1,35.90,35.90,true,1,
7290017088082,false,36חיתול בייביסיטר מידה5,די.פי.אל,IL,חיתולי בייביסיטר,יחידה,1.00,יחידה,false,1,35.90,35.90,true,1,
7290017142319,false,"שמן קוקוס אורגני 100 מ""ל",יוניקורד,IL,שמן קוקוס אורגני,מיליליטרים,100.00,"100 מ""ל",false,1,10.00,10.00,true,1,
7290017917450,false,אל סבון ושמפו לתינוק 1 ל,פישר מעבדות פרמצבטיות בע,IL,אל סבון ושמפו,ליטרים,1.00,ליטר,false,1,20.00,20.00,true,1,
7290100653586,false,ליידי ס.סטיק24/7ג'ל ורוד,קולגייט פלמוליב,US,דאודורנט,גרמים,65.00,100 גרם,false,0,21.90,33.69,true,1,
7290107280273,false,קרמה ק.ידיים מזין 100מל,,IL,קרמה קרם ידיים,מיליליטרים,100.00,"100 מ""ל",false,0,11.90,11.90,true,1,
7290107280761,false,ספארק לכלים לימון+משאבה,סנו,IL,נוזל כלים לימון,ליטרים,1.00,ליטר,false,0,11.90,11.90,true,1,
7290107543873,false,מארז לגבר 2019 יחידה,ביירסדורץ,IL,מארז לגבר 2019,יחידה,1.00,יחידה,false,1,49.90,49.90,true,1,
7290108201062,false,ויט שעווה לפנים לדיוק מי,רקיט בנקיזר,IT,ויט שעווה לפנים,מיליליטרים,15.00,"100 מ""ל",false,1,56.90,379.33,true,1,
7290108357714,false,כיף שמפו לשיער יבש700מ,קוסמופארם,IL,כיף שמפו,מיליליטרים,700.00,"100 מ""ל",false,1,10.00,1.43,true,1,
7290110452742,false,לק קריסטל גלו 625יח',,IL,לק קריסטל גלו625,יחידה,1.00,יחידה,false,1,22.90,22.90,true,1,
7290112492203,false,פריכיות פתית תירס+ציה25,גוד פוד פרודקטס,PL,פריכיות פתית,גרמים,25.00,100 גרם,false,1,4.50,18.00,true,1,
7296073325123,false,חיתולים בייבי שלב 4 46יח,פיבי ספא,IT,חיתולים שלב 4,יחידה,1.00,יחידה,false,1,34.90,34.90,true,1,
7296073332695,false,קליפסים לבבות מארז שישיי,BE NOW,CN,קליפסים לבבות,יחידה,1.00,יחידה,false,0,14.90,14.90,true,1,
7296073343264,false,פדים להסרת איפור-שלישיה,BE NOW,IL,פדים להסרת איפור,יחידה,1.00,יחידה,false,1,17.90,17.90,true,1,
7296073343462,false,"קרם חמצן 6% 60 מ""ל",,IL,קרם חמצן 6%,מיליליטרים,60.00,"100 מ""ל",false,1,4.90,8.17,true,1,
7296073363309,false,שמפו לשיער מתולתלBE 500,א.משי תעשיות,IL,שמפו לשיער מתולת,מיליליטרים,500.00,"100 מ""ל",false,1,19.90,3.98,true,1,
7296073363316,false,פרל קרם לשיער מתולתל BE,א.משי תעשיות,IL,קרם לשיער מתולתל,מיליליטרים,400.00,"100 מ""ל",false,1,20.00,5.00,true,1,
7296073363712,false,מרכך שיער לילדים BE 700,BE NOW,IL,מרכך שיער לילדים,מיליליטרים,750.00,"100 מ""ל",false,1,14.90,1.99,true,1,
7296073363750,false,מחיר חיסול 50,,IL,מחיר חיסול 50,יחידה,1.00,יחידה,false,1,50.00,50.00,true,1,
7296073363774,false,מחיר חיסול 30,,IL,מחיר חיסול 30,יחידה,1.00,יחידה,false,1,30.00,30.00,true,1,
7296073363798,false,מחיר חיסול 10,,IL,מחיר חיסול 10,יחידה,1.00,יחידה,false,1,10.00,10.00,true,1,
7296073380580,false,אלכוג'ל בניחוח דובדבנים,ש.שוורץ,IL,אלכוג'ל בניחוח ד,מיליליטרים,100.00,"100 מ""ל",false,1,9.90,9.90,true,1,
7296179010312,false,שיק לק עמיד 032,שיק לקים,IL,שיק לק עמיד,יחידה,1.00,יחידה,false,0,11.90,11.90,true,1,
7702018321582,false,"דאו.סטיק מתקדם 45מ""לC.W",פרוקטר אנד גמבל,US,דאודורנט סטיק,מיליליטרים,45.00,"100 מ""ל",false,0,20.00,44.44,true,1,
7891024030974,false,משחת קולגייט טריפל אקש75,קולגייט פלמוליב,BR,משחת שיניים,מיליליטרים,75.00,"100 מ""ל",false,1,6.50,8.67,true,1,
7891024124826,false,קולגייט אופטיק וייט 75מל,קולגייט פלמוליב,BR,משחת קולגייט,מיליליטרים,75.00,"100 מ""ל",false,0,20.00,26.67,true,1,
8000500023976,false,בונ.רפאלו 150 גרם,פררו - אלבה,PL,בונבונ.רפאלו,גרמים,150.00,100 גרם,false,0,15.90,10.60,true,1,
8000500192801,false,בונבוניירה רושה 100 גרם,פררו,IT,בונבוניירה רושה,גרמים,100.00,100 גרם,false,1,14.80,14.80,true,1,
8001090065988,false,דיסקריט 10 תחבושות לונג,פרוקטר אנד גמבל,DE,דיסקריט תחבושות,יחידה,1.00,יחידה,false,1,21.90,21.90,true,1,
8001090832931,false,"מרכך פנטן מגע משי660 מ""ל",פרוקטר אנד גמבל,RO,מרכך פנטן,מיליליטרים,660.00,"100 מ""ל",false,1,20.00,3.03,true,1,
8410104425906,false,"ויט שעווה חמה 250 מ""ל",רקיט בנקיזר,FR,שעווה חמה ויט,מיליליטרים,250.00,"100 מ""ל",false,0,20.00,8.00,true,1,
8712400802536,false,נוטרילון שלב3- 800 גרם,נוטרישיה קאלק,NL,נוטרילון שלב3-,גרמים,800.00,100 גרם,false,0,67.90,8.49,true,1,
8712561611411,false,תח.רחצה דאב תה ירוק 750מ,יוניליוור,DE,תחליב רחצה דאב,מיליליטרים,750.00,"100 מ""ל",false,1,23.90,3.19,true,1,
8717163676943,false,תחליב ר.דאב שמן מרוקא750,יוניליוור,DE,תחליב רחצה דאב,מיליליטרים,750.00,"100 מ""ל",false,1,23.90,3.19,true,1,
8717163714850,false,דאו.דאב ספריי קוקוס 150מ,,GB,דאב דאו.ספריי,מיליליטרים,150.00,"100 מ""ל",false,1,14.90,9.93,true,1,
8718951166288,false,מש.קולגייט מקס וייט125מל,קולגייט פלמוליב,PL,משחת קולגייט מקס,מיליליטרים,125.00,"100 מ""ל",false,1,15.90,12.72,true,1,
9000100590693,false,מוס סאיוס מקס הולד 250,שוורצקופ,DE,מוס לעיצוב סאיוס,מיליליטרים,250.00,"100 מ""ל",false,0,20.00,8.00,true,1,
9000100590938,false,מוס סאיוס ווליום ליפט250,הנקל סוד,DE,מוס לעיצוב סאיוס,מיליליטרים,250.00,"100 מ""ל",false,0,20.00,8.00,true,1,
