code,internal_code,name,manufacturer_name,manufacture_country,manufacturer_item_description,unit_qty,quantity,unit_of_measure,weighted,qty_in_package,price,unit_of_measure_price,allow_discount,status,item_id
2,true,"עמלת החזרת צ ק 14ש""ח",שונות /שרות,,,"י""ח",1,,false,1,14,14,false,1,
4,true,משלוח מוסדות,שונות /שרות,,,"י""ח",1,,false,1,23,23,false,1,
7,true,תוספת למשלוח בקלקר,שונות /שרות,,,"100 ס""מ",1,,false,1,10,10,false,1,
8,true,משלוח פנסיונר,שונות /שרות,,,"י""ח",1,,false,1,25.90,25.90,false,1,
10,true,כרטיס מועדון,שונות /שרות,,,"י""ח",1,,false,1,30,30,false,1,
11,true,חצי משלוח,שונות /שרות,,,"י""ח",1,,false,1,25.30,25.30,false,1,
12,true,שתיה קרה בקבוק חצי ליטר 500,החברה המרכזית להפצת משקאות בעמ,,,"י""ח",1,,false,1,6,6,false,1,
18,true,תרומה חבד,שונות /שרות,,,"י""ח",1,,false,1,5,5,false,1,
20,true,לילות סדר ישראלים,שונות /שרות,,,"י""ח",1,"י""ח",false,1,10,10,false,1,
22,true,נורות חשמל,ח.כהן סוכנות מזון ומשקאות בע,,,"י""ח",1,,false,1,3.10,3.10,false,1,
39,true,ב 39 תו קניה,שונות /שרות,,,"י""ח",1,,false,1,10,10,false,1,
51,true,ורד הצלע}בשר לא מוכשר{,ב ספק בשר קפוא,,,"ק""ג",1,,true,1,69.90,69.90,false,1,
54,true,כתף(בשר לא מוכשר),ב ספק בשר קפוא,,,"ק""ג",1,,true,1,38.40,38.40,false,1,
55,true,צלי כתף בשר לא מוכשר,ב ספק בשר קפוא,,,"ק""ג",10,"ק""ג",true,1,62.90,6.29,false,1,
56,true,פילה מדומה בשר לא מוכשר,ב ספק בשר קפוא,,,"ק""ג",1,,true,1,40.39,40.39,false,1,
59,true,קשתית בשר לא מוכשר,ב ספק בשר קפוא,,,"ק""ג",1,,true,1,27.90,27.90,false,1,
75,true,דג בקלה גדול,ב ספק דגים קפואים,,,"ק""ג",1,,true,1,20.90,20.90,false,1,
85,true,פיזור עובדים,ב מבצעים,,,"י""ח",1,,false,1,0.10,0.10,false,1,
138,true,"תיבה מעץ 26 ש""ח",לפ אליס אריזות מתנה~~~,,,"י""ח",1,,false,1,26,26,false,1,
151,true,עוף טחון טרי {קצביה]**,ח.י. מעדני גורמה בעמ,,,"ק""ג",1,,true,1,49.90,49.90,true,1,
326,true,ערמונים]שקילה[,ח.כהן סוכנות מזון ומשקאות בע,,,"ק""ג",1,,true,1,20.30,20.30,false,1,
334,true,684נקה 7 סבון לכלים,לפ דנאגיס בעמ @@@,,,"י""ח",1,,false,1,4,4,false,1,
350,true,דג פילה מושט טרי כ-100גר,ח.י. מעדני גורמה בעמ,,,"י""ח",1,,false,1,14.90,14.90,true,1,
355,true,דובדבן אדום ארוז,ביכורי השדה צפון 1994 ג.ד. בעמ,,,"י""ח",1,,false,1,14.90,14.90,false,1,
360,true,זנבות סלמון,ח.י. מעדני גורמה בעמ,,,"ק""ג",1,,true,1,64.90,64.90,false,1,
431,true,שזיף גדול,לפ ששון ושות,,,"י""ח",1,"ק""ג",true,1,15.90,15.90,false,1,
443,true,כרטיס להופעה של בני ברדא,שונות /שרות,,,"י""ח",1,,false,1,60,60,false,1,
450,true,אזיקון שחור,שונות /שרות,,,"י""ח",1,,false,1,0.10,0.10,false,1,
465,true,זוג קליה 1 ליטר,ח.כהן סוכנות מזון ומשקאות בע,,,"י""ח",1,,false,1,15.30,15.30,false,1,
504,true,אנונה,ביכורי השדה צפון 1994 ג.ד. בעמ,,,"ק""ג",1,,true,1,24.90,24.90,false,1,
505,true,אבוקדו,ביכורי השדה צפון 1994 ג.ד. בעמ,,,"ק""ג",1,"ק""ג",true,1,10.90,10.90,false,1,
506,true,אבטיח,ביכורי השדה צפון 1994 ג.ד. בעמ,,,"ק""ג",1,"ק""ג",true,1,5.90,5.90,false,1,
507,true,אפרסק מובחר,ביכורי השדה צפון 1994 ג.ד. בעמ,,,"ק""ג",1,"ק""ג",true,1,6.90,6.90,false,1,
508,true,אפרסק צהוב,ביכורי השדה צפון 1994 ג.ד. בעמ,,,"י""ח",1,,true,1,15.90,15.90,false,1,
509,true,קסביה,ביכורי השדה צפון 1994 ג.ד. בעמ,,,"ק""ג",1,"ק""ג",true,1,15.90,15.90,false,1,
510,true,אגסים,ביכורי השדה צפון 1994 ג.ד. בעמ,,,"ק""ג",1,"ק""ג",true,1,12.90,12.90,false,1,
511,true,אגס קטן,ביכורי השדה צפון 1994 ג.ד. בעמ,,,"י""ח",1,,true,1,7.90,7.90,false,1,
512,true,אגס חום,ביכורי השדה צפון 1994 ג.ד. בעמ,,,"ק""ג",1,,true,1,15.90,15.90,false,1,
515,true,אפרסמון,ביכורי השדה צפון 1994 ג.ד. בעמ,,,"ק""ג",1,"ק""ג",true,1,11.90,11.90,false,1,
516,true,קרמבולה,ביכורי השדה צפון 1994 ג.ד. בעמ,,,"ק""ג",1,,true,1,39.90,39.90,false,1,
522,true,אננס.,ביכורי השדה צפון 1994 ג.ד. בעמ,,,"י""ח",1,,false,1,29.90,29.90,false,1,
523,true,אשכולית אדומה,ביכורי השדה צפון 1994 ג.ד. בעמ,,,"ק""ג",1,"ק""ג",true,1,6.90,6.90,false,1,
525,true,אשכולית,ביכורי השדה צפון 1994 ג.ד. בעמ,,,"ק""ג",1,"ק""ג",true,1,5.90,5.90,false,1,
526,true,כרובית סגול/ירוק/צהוב,ביכורי השדה צפון 1994 ג.ד. בעמ,,,"ק""ג",1,,true,1,5.90,5.90,false,1,
527,true,אגס אדום,ביכורי השדה צפון 1994 ג.ד. בעמ,,,"ק""ג",1,,true,1,14.90,14.90,false,1,
530,true,בננה.,ביכורי השדה צפון 1994 ג.ד. בעמ,,,"ק""ג",1,"ק""ג",true,1,7.90,7.90,true,1,
531,true,"תפו""א תפזורת",ביכורי השדה צפון 1994 ג.ד. בעמ,,,"ק""ג",1,,true,1,4.90,4.90,false,1,
532,true,חבושים,ביכורי השדה צפון 1994 ג.ד. בעמ,,,"ק""ג",1,"ק""ג",true,1,24.90,24.90,false,1,
533,true,גויאבה,ביכורי השדה צפון 1994 ג.ד. בעמ,,,"ק""ג",1,"ק""ג",true,1,18.90,18.90,false,1,
535,true,לימון,ביכורי השדה צפון 1994 ג.ד. בעמ,,,"ק""ג",1,"ק""ג",true,1,6.90,6.90,false,1,
536,true,פמלה,ביכורי השדה צפון 1994 ג.ד. בעמ,,,"ק""ג",1,"ק""ג",true,1,6.90,6.90,false,1,
537,true,לימון ברשת,ביכורי השדה צפון 1994 ג.ד. בעמ,,,"ק""ג",1,"ק""ג",true,1,6.90,6.90,false,1,
538,true,העברה מסניף ז`בוטינסקי לסניף ארלוזורוב,שונות /שרות,,,"י""ח",1,,false,1,0.10,0.10,false,1,
540,true,מלון,ביכורי השדה צפון 1994 ג.ד. בעמ,,,"ק""ג",1,"ק""ג",true,1,6.90,6.90,false,1,
542,true,מלון שארנטו,ביכורי השדה צפון 1994 ג.ד. בעמ,,,"י""ח",1,,false,1,9.90,9.90,false,1,
543,true,מנגו,ביכורי השדה צפון 1994 ג.ד. בעמ,,,"ק""ג",1,"ק""ג",true,1,5.90,5.90,false,1,
544,true,משמש,ביכורי השדה צפון 1994 ג.ד. בעמ,,,"ק""ג",1,"ק""ג",true,1,17.90,17.90,false,1,
545,true,נקטרינה,ביכורי השדה צפון 1994 ג.ד. בעמ,,,"ק""ג",1,"ק""ג",true,1,6.90,6.90,false,1,
546,true,פפאיה,ביכורי השדה צפון 1994 ג.ד. בעמ,,,"ק""ג",1,,true,1,19.90,19.90,false,1,
553,true,ענב אדום,ביכורי השדה צפון 1994 ג.ד. בעמ,,,"ק""ג",1,"ק""ג",true,1,16.90,16.90,false,1,
554,true,ענבים לבן .,ביכורי השדה צפון 1994 ג.ד. בעמ,,,"ק""ג",1,"ק""ג",true,1,22.90,22.90,false,1,
557,true,פמלית,ביכורי השדה צפון 1994 ג.ד. בעמ,,,"ק""ג",1,"ק""ג",true,1,8.90,8.90,false,1,
558,true,כוסברה,ביכורי השדה צפון 1994 ג.ד. בעמ,,,"י""ח",1,,false,1,3.50,3.50,true,1,
559,true,"פירות וירקות 4 ש""ח",ביכורי השדה צפון 1994 ג.ד. בעמ,,,"ק""ג",1,,true,1,5.90,5.90,false,1,
560,true,קלמנטינה,ביכורי השדה צפון 1994 ג.ד. בעמ,,,"ק""ג",1,"ק""ג",true,1,5.90,5.90,false,1,
563,true,קיווי.,ביכורי השדה צפון 1994 ג.ד. בעמ,,,"ק""ג",1,"ק""ג",true,1,19.90,19.90,false,1,
564,true,רימונים,ביכורי השדה צפון 1994 ג.ד. בעמ,,,"ק""ג",1,"ק""ג",true,1,7.90,7.90,false,1,
566,true,שזיף אדום.,ביכורי השדה צפון 1994 ג.ד. בעמ,,,"ק""ג",1,"ק""ג",true,1,15.90,15.90,false,1,
567,true,גזר בתפזורת,ביכורי השדה צפון 1994 ג.ד. בעמ,,,"ק""ג",1,,true,1,3.90,3.90,false,1,
568,true,שזיף ירוק,ביכורי השדה צפון 1994 ג.ד. בעמ,,,"ק""ג",0,"ק""ג",true,1,16.90,16.90,false,1,
569,true,שזיף שגיב,ביכורי השדה צפון 1994 ג.ד. בעמ,,,"ק""ג",1,,true,1,19.90,19.90,false,1,
570,true,מגבות מטבח,לפ י.ב.ארגמן בעמ,,,"י""ח",1,,false,1,5.90,5.90,false,1,
575,true,תפוז תבורי.,ביכורי השדה צפון 1994 ג.ד. בעמ,,,"ק""ג",1,"ק""ג",true,1,5.90,5.90,false,1,
577,true,תאנים יבשים}שקילה{,לפ ששון ושות,,,"ק""ג",1,,true,1,22.90,22.90,false,1,
580,true,תפוח אנה,ביכורי השדה צפון 1994 ג.ד. בעמ,,,"ק""ג",1,"ק""ג",true,1,10.90,10.90,false,1,
581,true,תפוח יונתן,ביכורי השדה צפון 1994 ג.ד. בעמ,,,"ק""ג",1,"ק""ג",true,1,11.90,11.90,false,1,
583,true,תפוח סמיט ירוק,ביכורי השדה צפון 1994 ג.ד. בעמ,,,"ק""ג",1,"ק""ג",true,1,10.90,10.90,false,1,
584,true,תפוח עץ ברשת,ביכורי השדה צפון 1994 ג.ד. בעמ,,,"ק""ג",1,,true,1,6.90,6.90,false,1,
585,true,תפוח חרמון,ביכורי השדה צפון 1994 ג.ד. בעמ,,,"ק""ג",1,"ק""ג",true,1,10.90,10.90,false,1,
586,true,תפוז ברשת,ביכורי השדה צפון 1994 ג.ד. בעמ,,,"ק""ג",1,,true,1,4.90,4.90,false,1,
587,true,קלמנטינה ברשת,ביכורי השדה צפון 1994 ג.ד. בעמ,,,"ק""ג",1,,true,1,5.90,5.90,false,1,
588,true,תפוח גלה,ביכורי השדה צפון 1994 ג.ד. בעמ,,,"ק""ג",1,"ק""ג",true,1,13.90,13.90,false,1,
590,true,תפוח זהוב.,ביכורי השדה צפון 1994 ג.ד. בעמ,,,"ק""ג",1,"ק""ג",true,1,10.90,10.90,false,1,
594,true,סברס,ביכורי השדה צפון 1994 ג.ד. בעמ,,,"ק""ג",1,"ק""ג",true,1,29.90,29.90,false,1,
595,true,תמר צהוב,ביכורי השדה צפון 1994 ג.ד. בעמ,,,"ק""ג",1,"ק""ג",true,1,9.90,9.90,false,1,
600,true,לימון בלדי-קטן,ביכורי השדה צפון 1994 ג.ד. בעמ,,,"ק""ג",1,,true,1,13.90,13.90,false,1,
605,true,בצל יבש,ביכורי השדה צפון 1994 ג.ד. בעמ,,,"ק""ג",1,"ק""ג",true,1,2.90,2.90,false,1,
606,true,בצל אדום,ביכורי השדה צפון 1994 ג.ד. בעמ,,,"ק""ג",1,"ק""ג",true,1,6.90,6.90,false,1,
607,true,בצל לבן,ביכורי השדה צפון 1994 ג.ד. בעמ,,,"ק""ג",1,,true,1,2.90,2.90,false,1,
608,true,בצל ירוק,ביכורי השדה צפון 1994 ג.ד. בעמ,,,"י""ח",1,,false,1,5.90,5.90,false,1,
609,true,חצי בגט שחור קל,לפ מאפיית שפע נעמן,,,"י""ח",1,,false,1,3.90,3.90,false,1,
610,true,ברוקולי יחידה,ביכורי השדה צפון 1994 ג.ד. בעמ,,,"י""ח",1,,false,1,12.90,12.90,false,1,
611,true,בטטה למיקרו,ביכורי השדה צפון 1994 ג.ד. בעמ,,,"י""ח",1,,false,1,16.90,16.90,false,1,
612,true,בטטה,ביכורי השדה צפון 1994 ג.ד. בעמ,,,"ק""ג",1,"ק""ג",true,1,9.90,9.90,false,1,
613,true,בצל ירוק לט,ביכורי השדה צפון 1994 ג.ד. בעמ,,,"י""ח",1,,false,1,7.50,7.50,false,1,
620,true,דלעת,ביכורי השדה צפון 1994 ג.ד. בעמ,,,"ק""ג",1,"ק""ג",true,1,12.90,12.90,false,1,
621,true,קרעה,ביכורי השדה צפון 1994 ג.ד. בעמ,,,"ק""ג",1,,true,1,19.90,19.90,false,1,
622,true,דלורית,ביכורי השדה צפון 1994 ג.ד. בעמ,,,"ק""ג",1,"ק""ג",true,1,5.90,5.90,false,1,
623,true,חסה ערבית,ביכורי השדה צפון 1994 ג.ד. בעמ,,,"י""ח",1,,false,1,4.90,4.90,false,1,
625,true,חציל,ביכורי השדה צפון 1994 ג.ד. בעמ,,,"ק""ג",1,"ק""ג",true,1,6.90,6.90,false,1,
628,true,פול ירוק,ביכורי השדה צפון 1994 ג.ד. בעמ,,,"ק""ג",1,"ק""ג",true,1,9.90,9.90,false,1,
629,true,7290113198470ירק בתפזורת,ביכורי השדה צפון 1994 ג.ד. בעמ,,,"י""ח",1,,false,1,3.90,3.90,true,1,
630,true,כרוב לבן,ביכורי השדה צפון 1994 ג.ד. בעמ,,,"ק""ג",1,"ק""ג",true,1,3.90,3.90,false,1,
632,true,חסה לט,ביכורי השדה צפון 1994 ג.ד. בעמ,,,"י""ח",1,,false,1,7.50,7.50,false,1,
633,true,כרוב אדום,ביכורי השדה צפון 1994 ג.ד. בעמ,,,"ק""ג",1,"ק""ג",true,1,4.90,4.90,false,1,
636,true,שמיר רגיל לא ארוז,ביכורי השדה צפון 1994 ג.ד. בעמ,,,"י""ח",1,,false,1,3.90,3.90,true,1,
639,true,לוף ירק,ביכורי השדה צפון 1994 ג.ד. בעמ,,,"י""ח",1,"י""ח",false,1,7.90,7.90,false,1,
643,true,כוסברה רגילה לא ארוז,ביכורי השדה צפון 1994 ג.ד. בעמ,,,"י""ח",1,,false,1,3.90,3.90,true,1,
644,true,חסה אמריקאית,ביכורי השדה צפון 1994 ג.ד. בעמ,,,"י""ח",1,,false,1,6.90,6.90,false,1,
645,true,מלפפון.,ביכורי השדה צפון 1994 ג.ד. בעמ,,,"ק""ג",1,"ק""ג",true,1,4.90,4.90,false,1,
646,true,קוקוס שלם,שושן פירות יבשים בעמ,,,"י""ח",1,,false,1,6.90,6.90,false,1,
650,true,נענע,ביכורי השדה צפון 1994 ג.ד. בעמ,,,"י""ח",1,,false,1,2.90,2.90,true,1,
652,true,כרוב חרוט,ביכורי השדה צפון 1994 ג.ד. בעמ,,,"ק""ג",1,,true,1,4.90,4.90,false,1,
657,true,סלרי,ביכורי השדה צפון 1994 ג.ד. בעמ,,,"י""ח",1,,false,1,5.90,5.90,false,1,
658,true,סלק עלים,ביכורי השדה צפון 1994 ג.ד. בעמ,,,"י""ח",1,,false,1,6.90,6.90,false,1,
659,true,סלק אדום,ביכורי השדה צפון 1994 ג.ד. בעמ,,,"ק""ג",1,"ק""ג",true,1,3.90,3.90,false,1,
660,true,עגבניה.,ביכורי השדה צפון 1994 ג.ד. בעמ,,,"ק""ג",1,"ק""ג",true,1,4.90,4.90,false,1,
661,true,עגבניה שרי תפזורת,ביכורי השדה צפון 1994 ג.ד. בעמ,,,"ק""ג",1,,true,1,18.90,18.90,false,1,
663,true,פלפל חריף ירוק,ביכורי השדה צפון 1994 ג.ד. בעמ,,,"ק""ג",1,"ק""ג",true,1,9.90,9.90,false,1,
665,true,פלפל כהה,ביכורי השדה צפון 1994 ג.ד. בעמ,,,"ק""ג",1,"ק""ג",true,1,8.90,8.90,false,1,
666,true,פלפל צהוב,ביכורי השדה צפון 1994 ג.ד. בעמ,,,"ק""ג",1,"ק""ג",true,1,9.90,9.90,false,1,
667,true,גמבה אדומה,ביכורי השדה צפון 1994 ג.ד. בעמ,,,"ק""ג",1,"ק""ג",true,1,11.90,11.90,false,1,
668,true,פק צ וי,ביכורי השדה צפון 1994 ג.ד. בעמ,,,"י""ח",1,,false,1,13.90,13.90,false,1,
669,true,פלפל בהיר,ביכורי השדה צפון 1994 ג.ד. בעמ,,,"ק""ג",0,"ק""ג",true,1,9.90,9.90,false,1,
676,true,פטריות פורטובלה,ביכורי השדה צפון 1994 ג.ד. בעמ,,,"י""ח",1,,false,1,12.90,12.90,false,1,
677,true,צנון שחור,ביכורי השדה צפון 1994 ג.ד. בעמ,,,"ק""ג",1,,true,1,7.90,7.90,false,1,
678,true,סלט המלך,ביכורי השדה צפון 1994 ג.ד. בעמ,,,"י""ח",1,,false,1,10.90,10.90,false,1,
680,true,צנון,ביכורי השדה צפון 1994 ג.ד. בעמ,,,"ק""ג",1,"ק""ג",true,1,7.90,7.90,false,1,
683,true,צנונית עלים,ביכורי השדה צפון 1994 ג.ד. בעמ,,,"י""ח",1,,false,1,6.90,6.90,false,1,
684,true,זנגביל,ביכורי השדה צפון 1994 ג.ד. בעמ,,,"ק""ג",1,,true,1,29.90,29.90,false,1,
685,true,קישואים.,ביכורי השדה צפון 1994 ג.ד. בעמ,,,"ק""ג",1,"ק""ג",true,1,8.90,8.90,false,1,
687,true,קולורבי,ביכורי השדה צפון 1994 ג.ד. בעמ,,,"ק""ג",1,"ק""ג",true,1,9.90,9.90,false,1,
689,true,7290016150117שום ארוז.,ביכורי השדה צפון 1994 ג.ד. בעמ,,,"י""ח",1,,false,1,7.90,7.90,true,1,
690,true,שומר,ביכורי השדה צפון 1994 ג.ד. בעמ,,,"ק""ג",1,"ק""ג",true,1,8.90,8.90,false,1,
692,true,שום טרי.,ביכורי השדה צפון 1994 ג.ד. בעמ,,,"ק""ג",1,,true,1,19.90,19.90,false,1,
695,true,תירס חסלט,ביכורי השדה צפון 1994 ג.ד. בעמ,,,"ק""ג",1,,true,1,11.90,11.90,false,1,
699,true,תפוח אדמה אדום.,ביכורי השדה צפון 1994 ג.ד. בעמ,,,"ק""ג",1,"ק""ג",true,1,4.90,4.90,false,1,
700,true,תפוח אדמה לבן ארוז,ביכורי השדה צפון 1994 ג.ד. בעמ,,,"ק""ג",1,"ק""ג",true,1,3.90,3.90,false,1,
701,true,ענבים מיקס,ביכורי השדה צפון 1994 ג.ד. בעמ,,,"ק""ג",1,,true,1,22.90,22.90,false,1,
704,true,שום בשק,ביכורי השדה צפון 1994 ג.ד. בעמ,,,"י""ח",1,,false,1,3.90,3.90,false,1,
706,true,פלפל ננסי,ביכורי השדה צפון 1994 ג.ד. בעמ,,,"י""ח",1,,false,1,7.90,7.90,false,1,
708,true,לפת,ביכורי השדה צפון 1994 ג.ד. בעמ,,,"ק""ג",1,,true,1,8.90,8.90,false,1,
709,true,לוביה,ביכורי השדה צפון 1994 ג.ד. בעמ,,,"ק""ג",1,,true,1,29.90,29.90,false,1,
712,true,חציל בלאדי,ביכורי השדה צפון 1994 ג.ד. בעמ,,,"ק""ג",1,,true,1,4,4,false,1,
714,true,נבטי בצל,ביכורי השדה צפון 1994 ג.ד. בעמ,,,"י""ח",1,,false,1,7.90,7.90,false,1,
716,true,פלפל כתום,ביכורי השדה צפון 1994 ג.ד. בעמ,,,"ק""ג",1,"ק""ג",true,1,9.90,9.90,false,1,
720,true,אבוקדו ברשת,ביכורי השדה צפון 1994 ג.ד. בעמ,,,"ק""ג",1,,true,1,10.90,10.90,false,1,
741,true,"תפו""א בתפזורת",ביכורי השדה צפון 1994 ג.ד. בעמ,,,"ק""ג",1,,true,1,5.90,5.90,false,1,
770,true,פלפל שושקה,ביכורי השדה צפון 1994 ג.ד. בעמ,,,"ק""ג",1,,true,1,15.90,15.90,false,1,
817,true,ראש דג לוקוס,לפ ספיר שיווק דגים בעמ,,,"ק""ג",1,,true,1,60,60,false,1,
821,true,תפוח פינק,ביכורי השדה צפון 1994 ג.ד. בעמ,,,"ק""ג",1,"ק""ג",true,1,19.90,19.90,false,1,
825,true,דג מושט גמבו,ח.י. מעדני גורמה בעמ,,,"ק""ג",1,,true,1,30,30,false,1,
837,true,אגס תפוח (נאשי),ביכורי השדה צפון 1994 ג.ד. בעמ,,,"ק""ג",1,,true,1,16.90,16.90,false,1,
845,true,סט לאמבטיה,לפ מרכז הבית ירוחם,,,"י""ח",1,,false,1,96.29,96.29,false,1,
853,true,זיתים מיוחדים,תאסת את אצלן בעמ,,,"ק""ג",1,,true,1,44.90,44.90,false,1,
858,true,שקד עם קליפה,פיצוחי הטיב,IL,,"י""ח",1,,true,1,34.90,34.90,false,1,
861,true,לחמניות שמינייה/ציפור,שונות /שרות,,,"י""ח",1,,false,1,3.20,3.20,false,1,
864,true,עוגות במשקל,לפ זוהר כבתי שיווק מוצרי מאפה,,,"ק""ג",500,ל גרם,true,1,34.90,6.98,false,1,
865,true,לחמניות מקמח מלא,שונות /שרות,,,"י""ח",1,,false,1,3.50,3.50,false,1,
868,true,חצי בגט,שונות /שרות,,,"י""ח",1,,false,1,3,3,false,1,
888,true,"הד שולדרס 500מ""ל",שונות /שרות,,,"י""ח",1,,false,1,19.90,19.90,false,1,
891,true,אפרסמון קרמבו.,ביכורי השדה צפון 1994 ג.ד. בעמ,,,"ק""ג",1,"ק""ג",true,1,11.90,11.90,false,1,
908,true,מיקס ענבים,ביכורי השדה צפון 1994 ג.ד. בעמ,,,"ק""ג",1,,true,1,22.90,22.90,false,1,
958,true,פטיה,ביכורי השדה צפון 1994 ג.ד. בעמ,,,"ק""ג",0,"י""ח",true,1,24.90,24.90,false,1,
978,true,חסה,ביכורי השדה צפון 1994 ג.ד. בעמ,,,"י""ח",1,,false,1,6.90,6.90,false,1,
985,true,פטרוזיליה,ביכורי השדה צפון 1994 ג.ד. בעמ,,,"י""ח",1,,false,1,3.90,3.90,true,1,
1074,true,כרוב אדום,ביכורי השדה צפון 1994 ג.ד. בעמ,,,"ק""ג",1,,true,1,5.90,5.90,false,1,
1429,true,לחמניה המבורגר,ח.כהן סוכנות מזון ומשקאות בע,,,"י""ח",1,,false,1,1.70,1.70,false,1,
1515,true,בירה איגל רבעיה,שונות /שרות,,,"י""ח",1,,false,1,10,10,false,1,
1524,true,תחתון לנשים,ליאור יבוא ושיווק מוצרי הלבשה,,,"י""ח",1,,false,1,4.90,4.90,false,1,
1579,true,סלרי אמריקאי,ביכורי השדה צפון 1994 ג.ד. בעמ,,,"י""ח",1,,false,1,6.90,6.90,false,1,
1616,true,כוסברה,ביכורי השדה צפון 1994 ג.ד. בעמ,,,"י""ח",1,,false,1,6.90,6.90,true,1,
2009,true,מעריב חול/שבת בשקל,שונות /שרות,,,"י""ח",1,,false,1,6.90,6.90,false,1,
2929,true,תרומה( חיילים בודדים),שונות /שרות,,,"י""ח",1,,false,1,10,10,false,1,
2937,true,תרומה וראייטי,שונות /שרות,,,"י""ח",1,,false,1,10,10,false,1,
3416,true,קוקטייל עוף טרי מקוצב,ח.י. מעדני גורמה בעמ,,,"ק""ג",1,,true,1,49.90,49.90,true,1,
3535,true,ממתקים במשקל,לפ אנרבר תעשיות מזון,,,"ק""ג",1,,true,1,20,20,false,1,
3993,true,בגט,לפ קבוצת אלירן בעמ,,,"י""ח",1,,false,1,5,5,false,1,
4018,true,מעורב ירושלמי,ח.י. מעדני גורמה בעמ,,,"ק""ג",1,,true,1,59.90,59.90,false,1,
4443,true,סופגניה רגילה עם ריבה.,שונות /שרות,,,"י""ח",1,,false,1,4.90,4.90,true,1,
4444,true,סופגניה פרימיום מצופות.,ג נרל מילס ישראל בעמ,,,"י""ח",1,,false,1,5.90,5.90,true,1,
4447,true,מארז סופגניות לקוחות מקס,קבוצת אוסם סחר-שות.מוגבלת,,,"י""ח",1,,false,1,14.90,14.90,false,1,
5007,true,קפה ליבר 100 גרם,ח.כהן סוכנות מזון ומשקאות בע,,,"י""ח",1,,false,1,3.50,3.50,false,1,
5015,true,סט כביסה עגול נמ,לפ הום פרפקט ק.ד.מבעמ,,,"י""ח",1,,false,1,5.67,5.67,false,1,
5050,true,2 נסיון אלן,שונות /שרות,,,"י""ח",1,,false,1,20,20,false,1,
5053,true,צלי כתף כשר טרי/מצונן**,ח.י. מעדני גורמה בעמ,,,"ק""ג",1,,true,1,99.90,99.90,false,1,
5066,true,אבטיח אישי,ביכורי השדה צפון 1994 ג.ד. בעמ,,,"ק""ג",1,,true,1,5.90,5.90,false,1,
5071,true,צוואר עגל כשר טרי/מצונן **,ח.י. מעדני גורמה בעמ,,,"ק""ג",1,,true,1,64.90,64.90,false,1,
5300,true,צוואר כבש טרי**,ח.י. מעדני גורמה בעמ,,,"ק""ג",1,,true,1,79.90,79.90,false,1,
5335,true,קופון הנחה לקוחות הוט.,מוצרי איכות אמריקאיים בעמ,,,"י""ח",0,"ס""מ",false,1,0.01,0.01,false,1,
5352,true,המופע המרכזי,שונות /שרות,,,"י""ח",1,,false,1,19.90,19.90,false,1,
5353,true,המופע המרכזי,שונות /שרות,,,"י""ח",1,,false,1,45,45,false,1,
5377,true,מגש פירות חתוכים,שונות /שרות,,,"י""ח",1,,false,1,80,80,false,1,
5378,true,מגש פירות חתוכים,שונות /שרות,,,"י""ח",1,,false,1,100,100,false,1,
5379,true,מגש פירות חתוכים,שונות /שרות,,,"י""ח",1,,false,1,50,50,false,1,
5400,true,כתף כבש טרי חלק**,ח.י. מעדני גורמה בעמ,,,"ק""ג",1,,true,1,119.90,119.90,true,1,
5410,true,כתף כבש מיושן**,ח.י. מעדני גורמה בעמ,,,"ק""ג",1,,true,1,108.80,108.80,false,1,
5432,true,סלסלת טיפוח ראש השנה,לפ בי.פור.יו. ***,,,"י""ח",1,,false,1,49.90,49.90,false,1,
5435,true,"סלסלה לחג ב -120ש""ח",שונות /שרות,,,"י""ח",1,,false,1,120,120,false,1,
5436,true,סלסלה לפורים,שונות /שרות,,,"י""ח",1,,false,1,130,130,false,1,
5445,true,כרטיס למופע של שירי מימון ושמעון בוסקילה,שונות /שרות,,,"י""ח",1,,false,1,49.90,49.90,false,1,
5506,true,אבטיח אישי,ביכורי השדה צפון 1994 ג.ד. בעמ,,,"ק""ג",1,,true,1,5.90,5.90,false,1,
5757,true,תפוז אוצר הארץ,ביכורי השדה צפון 1994 ג.ד. בעמ,,,"ק""ג",1,"ק""ג",true,1,7.90,7.90,false,1,
5858,true,נוגט חלבי חלב נוכרי,השחר העולה תעשית ממתקים,,,"ק""ג",1,"ק""ג",true,1,59,59,false,1,
5863,true,כרטיס טלכרט 20 שיחות,לפ אצל עליזה,,,"י""ח",1,,false,1,18,18,false,1,
5874,true,כרטיס חיוג סלקום 90,לפ אצל עליזה,,,"י""ח",1,,false,1,90,90,false,1,
5901,true,כרטיס הצגה גיבורים,לפ לונה טורס,,,"י""ח",1,,false,1,55,55,false,1,
6068,true,מארז 12 לחמנית המבורגר,שלמה א.אנג ל בעמ,,,"י""ח",1,,false,1,10,10,false,1,
6222,true,קפה 50 גרם,"שטראוס גרופ בע""מ",,,"י""ח",1,,false,1,3.30,3.30,true,1,
6262,true,הפרשי וואלט,שונות /שרות,,,"י""ח",1,,false,1,0.10,0.10,false,1,
6263,true,הפרשי וואלט,שונות /שרות,,,"י""ח",1,,false,1,0.10,0.10,false,1,
6475,true,כרטיס מופע]ליעקב שוואקי[,שונות /שרות,,,"י""ח",1,,false,1,59.90,59.90,false,1,
6590,true,סופגניה מיני.,ג נרל מילס ישראל בעמ,,,"י""ח",55,ל גרם,false,1,3.90,7.09,true,1,
6600,true,עגבניות בישול,ביכורי השדה צפון 1994 ג.ד. בעמ,,,"ק""ג",1,,true,1,3.90,3.90,false,1,
6612,true,עגבניה שרי צבעוני יח,ביכורי השדה צפון 1994 ג.ד. בעמ,,,"י""ח",1,,false,1,12.90,12.90,false,1,
6636,true,סינרים,שונות /שרות,,,"י""ח",1,,false,1,0.10,0.10,false,1,
6660,true,סלסלה לחג,שונות /שרות,,,"י""ח",1,,false,1,180,180,false,1,
6661,true,סלסלה לחג,שונות /שרות,,,"י""ח",1,,false,1,80,80,false,1,
6663,true,קערה ליימן,ליימן שליסל,,,"י""ח",1,,false,1,5.29,5.29,false,1,
6897,true,שום ארוז אוצר הארץ,ביכורי השדה צפון 1994 ג.ד. בעמ,,,"י""ח",1,,false,1,7.90,7.90,true,1,
6959,true,סינר+מגבת,ליאור יבוא ושיווק מוצרי הלבשה,,,"י""ח",1,,false,1,15,15,false,1,
7076,true,הסעות להבים,שונות /שרות,,,"י""ח",1,,false,1,100,100,false,1,
7100,true,מבצע ראש השנה,שונות /שרות,,,"י""ח",1,,false,1,0.10,0.10,false,1,
7505,true,אבוקדו שמיטה,ביכורי השדה צפון 1994 ג.ד. בעמ,,,"ק""ג",1,,true,1,19.90,19.90,false,1,
7554,true,ענבים לבן שמיטה,ביכורי השדה צפון 1994 ג.ד. בעמ,,,"ק""ג",1,,true,1,22.90,22.90,false,1,
7557,true,7290008805520פומלית שמיטה,ביכורי השדה צפון 1994 ג.ד. בעמ,,,"ק""ג",1,,true,1,5.90,5.90,false,1,
7560,true,קלמנטינה שמיטה,ביכורי השדה צפון 1994 ג.ד. בעמ,,,"ק""ג",1,,true,1,5.90,5.90,false,1,
7564,true,רימון שמיטה,ביכורי השדה צפון 1994 ג.ד. בעמ,,,"ק""ג",750,"ל מ""ל",true,1,7.90,1.05,false,1,
7583,true,תפוח סמיט ירוק שמיטה,ביכורי השדה צפון 1994 ג.ד. בעמ,,,"ק""ג",1,,true,1,10.90,10.90,false,1,
7605,true,בצל יבש שמיטה,ביכורי השדה צפון 1994 ג.ד. בעמ,,,"ק""ג",1,,true,1,3.90,3.90,false,1,
7749,true,כרוב לבן מהדרין שמיטה,ביכורי השדה צפון 1994 ג.ד. בעמ,,,"ק""ג",1,,true,1,13.90,13.90,false,1,
8027,true,תרומה ילדים בסיכוי,שונות /שרות,,,"י""ח",1,,false,1,10,10,false,1,
8623,true,6/ניסיון אלן,ב מחסני השוק,,,"י""ח",1,,false,1,35,35,false,1,
8867,true,"קנס""חותמת אדומה""לא פעיל נרמין עזאם",שונות /שרות,,,"י""ח",1,,false,1,200,200,false,1,
8886,true,בושם+ק.גוף+ק.ידיים+דאודורנט,לפ מאי ביוטי - גבריאל אפנג`ר,,,"י""ח",1,,false,1,79.90,79.90,false,1,
8899,true,כרטיס לפסטיגל,שונות /שרות,,,"י""ח",1,,false,1,170,170,false,1,
9341,true,קופון הנחה ביסלי 200ג ב2ש,קבוצת אוסם סחר-שות.מוגבלת,,,"י""ח",1,,false,1,0.01,0.01,false,1,
9342,true,קופון הנחה אדממה 400ג ב2ש,בלדי בעמ,,,"י""ח",1,,false,1,0.01,0.01,false,1,
9343,true,קופון הנחה פיצה שלושת האופים ב5ש,נטו מלינדה סחר בעמ,,,"י""ח",1,,false,1,0.01,0.01,false,1,
18163,true,קישואים,פלאפל הגשר מרכז,,,"ק""ג",0,"ק""ג",true,1,8.90,8.90,false,1,
23809,true,יין קלאסיק ברקן ק. סובניון,טמפו משקאות בעמ,,,"י""ח",750,"ל מ""ל",false,1,32.90,4.35,true,1,
23816,true,יין קלאסיק ברקן אמרלד ריזלינג,טמפו משקאות בעמ,,,"י""ח",750,"ל מ""ל",false,1,32.90,4.35,true,1,
23823,true,יין קלאסיק סוביניון בלאן,טמפו משקאות בעמ,,,"י""ח",750,"ל מ""ל",false,1,32.90,4.35,true,1,
23847,true,קלאסיק ברקן שרדונה,טמפו משקאות בעמ,,,"י""ח",750,"ל מ""ל",false,1,32.90,4.35,true,1,
23977,true,יין קלאסיק מרלו ברקן.,טמפו משקאות בעמ,,,"י""ח",750,"ל מ""ל",false,1,32.90,4.35,true,1,
24202,true,רזרב קברנה סובניון ברקן,טמפו משקאות בעמ,,,"י""ח",750,"ל מ""ל",false,1,44.90,5.95,true,1,
24530,true,"יין אדום מתוק לקידוש של סגל 750מ""ל",טמפו משקאות בעמ,,,"י""ח",750,"ל מ""ל",false,1,14.90,1.95,false,1,
30080,true,משלוח כלא עופר,שונות /שרות,,,"י""ח",1,,false,1,585,585,false,1,
40442,true,עצמות בקר למרק טרי**,ח.י. מעדני גורמה בעמ,,,"ק""ג",1,,true,1,19.90,19.90,false,1,
40974,true,חלב טרי דל לקטוז 1 ליטר,תנובה בעמ ***,,,"י""ח",1,ליטר,false,1,7.50,7.50,false,1,
41012,true,שניצל עגל טרי/מצונן**,ח.י. מעדני גורמה בעמ,,,"ק""ג",1,,true,1,79.90,79.90,false,1,
41118,true,אנטריקוט דק דק**.,ח.י. מעדני גורמה בעמ,,,"ק""ג",1,,true,1,199.90,199.90,false,1,
41124,true,טחון אסאדו טרי **.,ח.י. מעדני גורמה בעמ,,,"ק""ג",1,,true,1,69.90,69.90,false,1,
41129,true,בשר טחון מוזל **.,ח.י. מעדני גורמה בעמ,,,"ק""ג",1,,true,1,44.90,44.90,false,1,
41138,true,טחון כתף טרי**,ח.י. מעדני גורמה בעמ,,,"ק""ג",1,,true,1,64.90,64.90,false,1,
41209,true,נתח קצבים**,ח.י. מעדני גורמה בעמ,,,"ק""ג",1,,true,1,118.80,118.80,false,1,
41211,true,שיפודי פרגיות**.,ח.י. מעדני גורמה בעמ,,,"ק""ג",1,,true,1,79.90,79.90,true,1,
41212,true,סטייק פרגיות עוף טרי**,ח.י. מעדני גורמה בעמ,,,"ק""ג",1,,true,1,79.90,79.90,true,1,
41218,true,גרון עוף טרי **,ח.י. מעדני גורמה בעמ,,,"ק""ג",1,,true,1,14.90,14.90,true,1,
41221,true,עוף ללא עצמות טרי**,ח.י. מעדני גורמה בעמ,,,"ק""ג",1,,true,1,41.90,41.90,false,1,
41229,true,הודו אדום טרי **,ח.י. מעדני גורמה בעמ,,,"ק""ג",1,,true,1,59.90,59.90,false,1,
41230,true,הודו טחון טרי**,ח.י. מעדני גורמה בעמ,,,"ק""ג",1,,true,1,34.90,34.90,false,1,
41231,true,שווארמה הודו עם עצם טרי**,ח.י. מעדני גורמה בעמ,,,"ק""ג",1,,true,1,58.90,58.90,false,1,
41232,true,שניצל הודו טרי**,ח.י. מעדני גורמה בעמ,,,"ק""ג",1,,true,1,34.90,34.90,false,1,
41252,true,לשון עגל טרי,ח.י. מעדני גורמה בעמ,,,"ק""ג",1,,true,1,69.90,69.90,false,1,
41255,true,זנב בקר טרי**,ח.י. מעדני גורמה בעמ,,,"ק""ג",1,,true,1,79.90,79.90,false,1,
41260,true,כתף בקר טרי /מצונן חלק.,ח.י. מעדני גורמה בעמ,,,"ק""ג",1,,true,1,79.90,79.90,false,1,
41263,true,ריאות בקר טרי מחפוד**,ח.י. מעדני גורמה בעמ,,,"ק""ג",1,,true,1,24.90,24.90,false,1,
41265,true,עצמות מח/ברך טרי**,ח.י. מעדני גורמה בעמ,,,"ק""ג",1,,true,1,34.90,34.90,false,1,
41267,true,כבד בקר טרי**,ח.י. מעדני גורמה בעמ,,,"ק""ג",1,,true,1,29.90,29.90,false,1,
41268,true,אסאדו עם עצם טרי**,ח.י. מעדני גורמה בעמ,,,"ק""ג",1,,true,1,79.90,79.90,true,1,
41269,true,גולש עגל טרי/מצונן**,ח.י. מעדני גורמה בעמ,,,"ק""ג",1,,true,1,79.90,79.90,true,1,
41270,true,כנפית עוף **,ח.י. מעדני גורמה בעמ,,,"ק""ג",1,,true,1,21.90,21.90,true,1,
41271,true,אנטריקוט טרי/מצונן**,ח.י. מעדני גורמה בעמ,,,"ק""ג",1,,true,1,199,199,true,1,
41276,true,לשון בקר חלק בדצ טרי**,ח.י. מעדני גורמה בעמ,,,"ק""ג",1,,true,1,69.90,69.90,false,1,
41278,true,שקדי בקר מחפוד טרי**,ח.י. מעדני גורמה בעמ,,,"ק""ג",1,,true,1,198.80,198.80,false,1,
41279,true,צלעות כבש טרי**,ח.י. מעדני גורמה בעמ,,,"ק""ג",1,,true,1,188,188,false,1,
41297,true,חזה הודו מחפוד טרי**,ח.י. מעדני גורמה בעמ,,,"ק""ג",1,,true,1,37.90,37.90,false,1,
41298,true,שוארמה נקבה מחפוד טרי**,ח.י. מעדני גורמה בעמ,,,"ק""ג",1,,true,1,69.90,69.90,false,1,
41299,true,שוקיים הודו מחפוד טרי**,ח.י. מעדני גורמה בעמ,,,"ק""ג",1,,true,1,33.90,33.90,false,1,
41301,true,גרון הודו מחפוד טרי**,ח.י. מעדני גורמה בעמ,,,"ק""ג",1,,true,1,35.90,35.90,false,1,
41302,true,הודו אדום מחפוד טרי**,ח.י. מעדני גורמה בעמ,,,"ק""ג",1,,true,1,59.90,59.90,false,1,
41310,true,נתחי הודו טרי**,ח.י. מעדני גורמה בעמ,,,"ק""ג",1,,true,1,29.90,29.90,false,1,
41311,true,שיפודי אנטריקוט **.,ח.י. מעדני גורמה בעמ,,,"ק""ג",1,,true,1,158.80,158.80,false,1,
41315,true,זוג עופיונים,ח.י. מעדני גורמה בעמ,,,"י""ח",1,,false,1,85,85,true,1,
41324,true,רוסטביף לתנור **,ח.י. מעדני גורמה בעמ,,,קוב,1,,true,1,89.90,89.90,false,1,
41325,true,בשר ראש עגל טרי**,ח.י. מעדני גורמה בעמ,,,"ק""ג",1,,true,1,69.90,69.90,false,1,
41360,true,חזה בקר טרי**,ח.י. מעדני גורמה בעמ,,,"ק""ג",1,,true,1,59.90,59.90,true,1,
41362,true,צלעות בקר טרי/מצונן **,ח.י. מעדני גורמה בעמ,,,"ק""ג",1,,true,1,69.90,69.90,false,1,
41364,true,סינטה טרי**,ח.י. מעדני גורמה בעמ,,,"ק""ג",1,,true,1,148.80,148.80,false,1,
41365,true,שומן טרי,ח.י. מעדני גורמה בעמ,,,"ק""ג",1,,true,1,29.90,29.90,false,1,
41371,true,חזה אסאדו כבש טרי**,ח.י. מעדני גורמה בעמ,,,"ק""ג",1,,true,1,79.90,79.90,false,1,
41373,true,פילה בקר טרי **.,ח.י. מעדני גורמה בעמ,,,"ק""ג",1,,true,1,199,199,false,1,
41374,true,שפיץ **,ח.י. מעדני גורמה בעמ,,,"ק""ג",1,,true,1,138.80,138.80,true,1,
41377,true,שייטל טרי **,ח.י. מעדני גורמה בעמ,,,"ק""ג",1,,true,1,99.90,99.90,false,1,
41379,true,שוקית כנף עוף **,ח.י. מעדני גורמה בעמ,,,"ק""ג",1,,true,1,21.90,21.90,true,1,
41390,true,חזה בקר טרי***עם עצם,ח.י. מעדני גורמה בעמ,,,"ק""ג",1,,true,1,59.90,59.90,false,1,
41414,true,אונטריף טרי/מצונן**,ח.י. מעדני גורמה בעמ,,,"ק""ג",1,,true,1,89.90,89.90,true,1,
41446,true,שישליק הודו,ח.י. מעדני גורמה בעמ,,,"ק""ג",1,,true,1,39.90,39.90,false,1,
41447,true,פרגית עוף לתנור עם עצם טרי**,ח.י. מעדני גורמה בעמ,,,"ק""ג",1,,true,1,59.90,59.90,true,1,
41506,true,קוביות שייטל להקפצה,ח.י. מעדני גורמה בעמ,,,"ק""ג",1,,true,1,99.90,99.90,false,1,
41536,true,צלע עגל לתנור **,ח.י. מעדני גורמה בעמ,,,"ק""ג",1,,true,1,99.90,99.90,false,1,
41545,true,רצועות חזה עוף להקפצה /טחינה**.,ח.י. מעדני גורמה בעמ,,,"ק""ג",1,,true,1,44.90,44.90,true,1,
41638,true,מעורב ישראלי לקציצות טרי **..,ח.י. מעדני גורמה בעמ,,,"ק""ג",1,,true,1,69.90,69.90,true,1,
41659,true,אסאדו בלי עצם טרי**,ח.י. מעדני גורמה בעמ,,,"ק""ג",1,,true,1,79.90,79.90,true,1,
41680,true,דנוור סטייק טרי **.,ח.י. מעדני גורמה בעמ,,,"ק""ג",1,,true,1,118,118,false,1,
41996,true,מעורב ישראלי,ח.י. מעדני גורמה בעמ,,,"ק""ג",1,,true,1,69.90,69.90,true,1,
42209,true,טחון כתף/צלעות טרי **,ח.י. מעדני גורמה בעמ,,,"ק""ג",1,,true,1,59.90,59.90,true,1,
42261,true,סטייק עם עצם טרי**,ח.י. מעדני גורמה בעמ,,,"ק""ג",1,,true,1,119.90,119.90,false,1,
42265,true,צלי כתף טרי/מצונן**,ח.י. מעדני גורמה בעמ,,,"ק""ג",1,,true,1,99.90,99.90,false,1,
42266,true,פילה מדומה טרי/מצונן**,ח.י. מעדני גורמה בעמ,,,"ק""ג",1,,true,1,89.90,89.90,true,1,
42267,true,אוסובוקו טרי**,ח.י. מעדני גורמה בעמ,,,"ק""ג",1,,true,1,69.90,69.90,true,1,
42268,true,שריר טרי/מצונן**,ח.י. מעדני גורמה בעמ,,,"ק""ג",1,"ק""ג",true,1,69.90,69.90,true,1,
42269,true,צוואר טרי/מצונן חלק**,ח.י. מעדני גורמה בעמ,,,"ק""ג",1,"ק""ג",true,1,64.90,64.90,true,1,
42323,true,אצבעות נגיסי עוף טרי**.,ח.י. מעדני גורמה בעמ,,,"ק""ג",1,,true,1,49.90,49.90,true,1,
46006,true,עמק שקילה *,תנובה בעמ ***,,,"ק""ג",1000,ל גרם,true,1,44.79,4.48,false,1,
46501,true,טל העמק שקיל,תנובה בעמ ***,,,"ק""ג",1000,ל גרם,true,1,61.30,6.13,false,1,
46662,true,.גבינה סקנדינבית,תנובה בעמ ***,,,"ק""ג",10,"ק""ג",true,1,79,7.90,false,1,
47485,true,בולגרית פיראוס %24 שקיל,תנובה בעמ ***,,,"ק""ג",1,"ק""ג",true,1,59,59,false,1,
51307,true,מארז הפסקת אוכל עוגי 150 ג`,תנובה בעמ ***,,,"י""ח",150,ל גרם,false,1,9.90,6.60,false,1,
51376,true,יופלה דיאט אננס ספורטיבי 150גר`,תנובה בעמ ***,,,"י""ח",150,ל גרם,false,1,5,3.33,false,1,
51710,true,פיראוס לאבנה עם שמן זית וזעתר 263גר`,תנובה בעמ ***,,,"י""ח",263,ל גרם,false,1,14.60,5.55,false,1,
52311,true,עמק 15% פרוס בקופסא 200גר`,תנובה בעמ ***,,,"י""ח",200,ל גרם,false,1,16.70,8.35,true,1,
52649,true,פיראוס לאבנה 5% 500גר`,תנובה בעמ ***,,,"י""ח",500,ל גרם,false,1,19.90,3.98,false,1,
52946,true,"מאגדת יופלה בד""ץ שמיניה",תנובה בעמ ***,,,"י""ח",1200,"ל מ""ל",false,1,20.90,1.74,false,1,
53219,true,טל עמק 35% שקיל,תנובה בעמ ***,,,"ק""ג",0,ל גרם,true,1,58,58,false,1,
55015,true,פיראוס פטה כבשים 5% 250גרם,תנובה בעמ ***,,,"י""ח",250,ל גרם,false,1,27.70,11.08,false,1,
55329,true,"יופלה משקה יוגורט טעם תות-מלון 250מ""ל",תנובה בעמ ***,,,"י""ח",250,ל גרם,false,1,5.60,2.24,false,1,
55336,true,"יופלה משקה יוגורט טעם בננה-אפרסק 250מ""",תנובה בעמ ***,,,"י""ח",250,ל גרם,false,1,5.70,2.28,false,1,
55343,true,"יופלה משקה יוגורט טעם טרופי 250מ""ל",תנובה בעמ ***,,,"י""ח",250,ל גרם,false,1,5.60,2.24,false,1,
55350,true,"עמק 28% חריץ בד""ץ*",תנובה בעמ ***,,,"ק""ג",1000,ל גרם,true,1,44.79,4.48,false,1,
55893,true,חמאה 200גרם רגיל*תנובה,תנובה בעמ ***,,,"י""ח",200,ל גרם,false,1,7.88,3.94,false,1,
56043,true,עמק חריץ שקיל*,תנובה בעמ ***,,,"ק""ג",1000,ל גרם,true,1,42.50,4.25,false,1,
56081,true,מאגדת פרילי טבע 6 יח,תנובה בעמ ***,,,"י""ח",1.20,"ק""ג",false,1,23.50,19.58,false,1,
56272,true,גבינה לבנה עם זיתים 5% שומן 250גרם,תנובה בעמ ***,,,"י""ח",225,ל גרם,false,1,5.90,2.62,false,1,
56760,true,"עמק פרוס בקופסא 400גר בד""ץ",תנובה בעמ ***,,,"י""ח",400,ל גרם,false,1,29.90,7.48,false,1,
56845,true,חלב תנובה טרי הומוגני 3% 1.5 ליטר*,תנובה בעמ ***,,,"י""ח",1.50,ליטר,false,1,9.34,6.23,false,1,
56883,true,מאגדת יופלה שמיניה פירות 3%,תנובה בעמ ***,,,"י""ח",1.20,ליטר,false,1,31.80,26.50,false,1,
56890,true,מאגדת יופלה שמיניה דיאט 0%,תנובה בעמ ***,,,"י""ח",1.20,ליטר,false,1,31.70,26.42,false,1,
56968,true,"שמנת מתוקה להקצפה (38% תנובה) 500 מ""ל*",תנובה בעמ ***,,,"י""ח",500,"ל מ""ל",false,1,12.94,2.59,false,1,
57118,true,עמק סמי מעדניה 400גרם,תנובה בעמ ***,,,"י""ח",400,ל גרם,false,1,23.90,5.98,false,1,
57453,true,"(עמק 28% חריץ בד""ץ*",תנובה בעמ ***,,,"ק""ג",1000,ל גרם,true,1,44.79,4.48,false,1,
57477,true,חלב טרי הומוגני 3% 1.5 ליטר*,תנובה בעמ ***,,,"י""ח",1.50,ליטר,false,1,9.34,6.23,false,1,
58030,true,"יופלה שטוזים מקה יוגורט תות 800 מ""ל",תנובה בעמ ***,,,"י""ח",800,"ל מ""ל",false,1,21.10,2.64,false,1,
58047,true,"שמנת מתוקה (38%תנובה)עם פקק 500 מ""ל*",תנובה בעמ ***,,,"י""ח",500,"ל מ""ל",false,1,12.94,2.59,false,1,
58979,true,ג לי בטעם תות 125גר,תנובה בעמ ***,,,"י""ח",125,"ל מ""ל",false,1,1.50,1.20,false,1,
60903,true,פתיתים אפויים אורז אוסם,קבוצת אוסם סחר-שות.מוגבלת,,,"י""ח",500,ל גרם,false,1,6.90,1.38,true,1,
61214,true,פתיתים קוסקום עם בצל 500גר`,קבוצת אוסם סחר-שות.מוגבלת,,,"י""ח",500,ל גרם,false,1,7.90,1.58,true,1,
61450,true,פתיתים קוסקוס 3 צבעים 500גר`,קבוצת אוסם סחר-שות.מוגבלת,,,"י""ח",500,ל גרם,false,1,8.60,1.72,true,1,
63142,true,פרגיות עוף טרי[קצביה]**מוזל,ח.י. מעדני גורמה בעמ,,,"ק""ג",1,"ק""ג",true,1,69.90,69.90,true,1,
65248,true,כרעיים עוף מוזל טרי,ח.י. מעדני גורמה בעמ,,,"ק""ג",1,,true,1,29.90,29.90,true,1,
65249,true,שניצל עוף מוזל טרי,ח.י. מעדני גורמה בעמ,,,"ק""ג",1,,true,1,46.80,46.80,true,1,
65250,true,כנפיים עוף מוזל טרי,ח.י. מעדני גורמה בעמ,,,"ק""ג",1,,true,1,16.90,16.90,true,1,
65977,true,חטיפי פריכונים תירס שומשום 80 ג`,קבוצת אוסם סחר-שות.מוגבלת,,,"י""ח",800,ל גרם,false,1,9.30,1.16,false,1,
66660,true,"שקדי מרק כשל""פ",קבוצת אוסם סחר-שות.מוגבלת,,,"י""ח",1,,false,1,14.10,14.10,false,1,
68152,true,"רוטב צ`לי כשל""פ",קבוצת אוסם סחר-שות.מוגבלת,,,"י""ח",1,,false,1,4,4,false,1,
69609,true,חטיפי קרקר זעתר 300גר`,קבוצת אוסם סחר-שות.מוגבלת,,,"י""ח",300,ל גרם,false,1,12.90,4.30,true,1,
69715,true,חטיפי קרקר מלוח 300גר`,קבוצת אוסם סחר-שות.מוגבלת,,,"י""ח",300,ל גרם,false,1,11.90,3.97,true,1,
69739,true,חטיפי קרקר שומשום 300גר`,קבוצת אוסם סחר-שות.מוגבלת,,,"י""ח",300,ל גרם,false,1,12.90,4.30,true,1,
71008,true,שטוחים בייגלה מלח 60גר,קבוצת אוסם סחר-שות.מוגבלת,,,"י""ח",60,ל גרם,false,1,3.10,5.17,false,1,
73699,true,חומוס 150גר צבר,קבוצת אוסם סחר-שות.מוגבלת,,,"י""ח",150,ל גרם,false,1,5.80,3.87,false,1,
74481,true,לחמית אגוזים 230גרם,קבוצת אוסם סחר-שות.מוגבלת,,,"י""ח",230,ל גרם,false,1,9.90,4.30,true,1,
75693,true,עוגת שמרים בריוש שוקולד,קבוצת אוסם סחר-שות.מוגבלת,,,"י""ח",360,ל גרם,false,1,18.50,5.14,false,1,
77253,true,לחמית כפרית עם דגנים מלאים 190 ג`,קבוצת אוסם סחר-שות.מוגבלת,,,"י""ח",190,ל גרם,false,1,9.90,5.21,true,1,
90078,true,"קרטון 10יח קמח חיטה לבן שטיבל 1ק""ג",טחנות קמח שטיבל בש בעמ,,,"י""ח",10,"י""ח",false,1,14.50,1.09,false,1,
98608,true,"קנס""חותמת אדומה""בן דיין",שונות /שרות,,,"י""ח",1,,false,1,200,200,false,1,
99445,true,"קנס""חותמת אדומה""עידן סניף 65",שונות /שרות,,,"י""ח",1,,false,1,200,200,false,1,
103457,true,מיני כרובית 600 גרם}סנפרוסט{,תנובה בשר,,,"י""ח",600,ל גרם,false,1,16.90,2.82,true,1,
103488,true,ארטישוק ירושלמי}סנפרוסט{400גר,תנובה בשר,,,"י""ח",400,ל גרם,false,1,21.90,5.48,true,1,
103495,true,"אפונה גינה בד""ץ 700גר",תנובה בשר,,,"י""ח",700,ל גרם,false,1,16.90,2.41,true,1,
103532,true,"גרעיני תירס בד""ץ",תנובה בשר,,,"י""ח",700,ל גרם,false,1,15.90,2.27,true,1,
104188,true,שעועית אדומה מבושלת 800גר`,תנובה בשר,,,"י""ח",800,ל גרם,false,1,21.90,2.74,true,1,
110004,true,"קנס""חותמת אדומה"" רפאל מימון",שונות /שרות,,,"י""ח",1,,false,1,200,200,false,1,
110851,true,כיפלי חטיף בצל,יוניליוור ישראל שיווק בעמ,,,"י""ח",70,ל גרם,false,1,5.90,8.43,false,1,
113358,true,ערכת אבלים רשות התחרות,שונות /שרות,,,"י""ח",1,,false,1,669.70,669.70,false,1,
113361,true,ערכת אבלים כבאות והצלה,שונות /שרות,,,"י""ח",1,,false,1,900,900,false,1,
116884,true,רוטב ברביקיו-קנור 340גרם,יוניליוור ישראל שיווק בעמ,,,"י""ח",340,ל גרם,false,1,11.90,3.50,true,1,
116945,true,רוטב סויה-קנור 340גרם,יוניליוור ישראל שיווק בעמ,,,"י""ח",340,ל גרם,false,1,11.90,3.50,true,1,
117683,true,"לזניה 5ק""ג",יוניליוור ישראל שיווק בעמ,,,"י""ח",150,ל גרם,false,1,159.90,106.60,false,1,
120874,true,מיונז הלמנס לייט 424גרם,יוניליוור ישראל שיווק בעמ,,,"י""ח",424,ל גרם,false,1,13.90,3.28,false,1,
124749,true,"קורנביף קפוא ארוז חב""ד",בלדי בעמ,,,"ק""ג",1,"ק""ג",true,1,46.90,46.90,false,1,
124756,true,"כתף כבש קפוא חב""ד בלדי",בלדי בעמ,,,"ק""ג",1,"ק""ג",true,1,49.90,49.90,false,1,
135311,true,פפסי מקס ליים 1.5 ליטר,טמפו משקאות בעמ,,,"י""ח",1.50,ליטר,false,1,7.50,4.80,true,1,
135342,true,"סודה טמפו 500 מ""ל בודד",טמפו משקאות בעמ,,,"י""ח",500,"ל מ""ל",false,1,2.90,0.52,true,1,
135465,true,"סודה טמפו 500 מ""ל 12 בק",טמפו משקאות בעמ,,,"י""ח",6,ליטר,false,1,29.90,4.38,true,1,
135595,true,פפסי מקס טעם דובדבן 1.5 ליטר,טמפו משקאות בעמ,,,"י""ח",1.50,ליטר,false,1,7.20,4.60,true,1,
136141,true,פפסי 1.5 ליטר.,טמפו משקאות בעמ,,,"י""ח",150,"ל מ""ל",false,1,7.60,4.87,true,1,
136158,true,פפסי מקס 1.5 ליטר,טמפו משקאות בעמ,,,"י""ח",1.50,ליטר,false,1,7.50,4.80,true,1,
136165,true,מירנדה 1.5 ליטר,טמפו משקאות בעמ,,,"י""ח",1.50,ליטר,false,1,7.60,4.87,true,1,
136172,true,סבן אפ 1.5 ליטר.,טמפו משקאות בעמ,,,"י""ח",1.50,ליטר,false,1,7.60,4.87,true,1,
136189,true,7-UP דיאט 1.5 ליטר,טמפו משקאות בעמ,,,"י""ח",1.50,ליטר,false,1,7.20,4.60,true,1,
136240,true,סודה טמפו 1.5 ל,טמפו משקאות בעמ,,,"י""ח",1.50,ליטר,false,1,4.20,2.60,true,1,
136271,true,סודה לימון ליים 1.5ליטר,טמפו משקאות בעמ,,,"י""ח",1.50,ליטר,false,1,4.50,2.80,true,1,
136288,true,"59סיידר תרכיז 330מ""ל בטעם תפוחים Juicer",טמפו משקאות בעמ,,,"י""ח",330,"ל מ""ל",false,1,13.60,4.12,true,1,
136295,true,"סיידר תרכיז 330מ""ל בטעם פטל Juicer",טמפו משקאות בעמ,,,"י""ח",330,"ל מ""ל",false,1,13.60,4.12,true,1,
136301,true,"סיידר תרכיז 330מ""ל בטעם ענבים Juicer",טמפו משקאות בעמ,,,"י""ח",330,"ל מ""ל",false,1,13.60,4.12,true,1,
136387,true,סודה אננס 1.5ל,טמפו משקאות בעמ,,,"י""ח",1.50,ליטר,false,1,4.50,2.80,true,1,
136394,true,סודה פירות יער 1.5ל,טמפו משקאות בעמ,,,"י""ח",1.50,ליטר,false,1,4.50,2.80,true,1,
136431,true,ג אמפ אפרסק צלול 1.5 ליטר,טמפו משקאות בעמ,,,"י""ח",1.50,ליטר,false,1,7.50,4.80,true,1,
136455,true,ג אמפ אשכוליות 1.5 ליטר,טמפו משקאות בעמ,,,"י""ח",1.50,ליטר,false,1,7.50,4.80,true,1,
136516,true,ג אמפ מנגו פסיפלורה 1.5 ליטר,טמפו משקאות בעמ,,,"י""ח",1.50,ליטר,false,1,7.50,4.80,true,1,
136523,true,ג אמפ ענבים 1.5 ליטר,טמפו משקאות בעמ,,,"י""ח",1.50,ליטר,false,1,7.50,4.80,true,1,
136561,true,ג אמפ תות בננה 1.5 ליטר,טמפו משקאות בעמ,,,"י""ח",1.50,ליטר,false,1,7.50,4.80,true,1,
136608,true,ג אמפ תפוח צלול 1.5 ליטר,טמפו משקאות בעמ,,,"י""ח",1.50,ליטר,false,1,7.50,4.80,true,1,
136691,true,סבן אפ 1.5 שישיה,טמפו משקאות בעמ,,,"י""ח",9,ליטר,false,1,39.90,4.23,false,1,
136752,true,"סבן אפ דיאט, 1.5 ליטר שישייה.",טמפו משקאות בעמ,,,"י""ח",9,ליטר,false,1,37.90,4.01,true,1,
136769,true,פפסי 1.5 ליטר שישיה,טמפו משקאות בעמ,,,"י""ח",9,ליטר,false,1,39.90,4.23,false,1,
136776,true,פפסי מקס 1.5 ליטר שישיה,טמפו משקאות בעמ,,,"י""ח",9,ליטר,false,1,37.90,4.01,false,1,
136783,true,מירנדה 1.5 שישיה,טמפו משקאות בעמ,,,"י""ח",9,ליטר,false,1,39.90,4.23,false,1,
136790,true,סודה 1.5 ליטר שישיה טמפו,טמפו משקאות בעמ,,,"י""ח",9,ליטר,false,1,16.90,1.68,false,1,
136806,true,סודה לימון ליים 1.5ליטר רביעייה,טמפו משקאות בעמ,,,"י""ח",6,ליטר,false,1,12.30,1.85,true,1,
136820,true,סודה פירות יער 1.5ליטר רביעייה.,טמפו משקאות בעמ,,,"י""ח",6,ליטר,false,1,12.30,1.85,true,1,
136837,true,סודה נגיעות אפרסק 1.5ליטר רביעייה.,טמפו משקאות בעמ,,,"י""ח",6,ליטר,false,1,12.30,1.85,true,1,
136875,true,סאן בנדטו מוגז שישיה 1.5 ליטר,טמפו משקאות בעמ,,,"י""ח",9,ליטר,false,1,19.90,2.01,false,1,
143279,true,שמפו הוואי 700 אדום,הנקל סוד בעמ,,,"י""ח",700,"ל מ""ל",false,1,10.90,1.56,false,1,
151151,true,עוף טחון עוף קצביה]**מוזל,ח.י. מעדני גורמה בעמ,,,"ק""ג",1,,true,1,39.90,39.90,true,1,
158105,true,שניצל דינוזאור עוף טוב,קבוצת אוסם סחר-שות.מוגבלת,,,"י""ח",700,ל גרם,false,1,39.90,5.70,true,1,
160078,true,"קוסקוס קנור 10ק""ג",יוניליוור ישראל שיווק בעמ,,,"י""ח",180,ל גרם,false,1,139.90,77.72,false,1,
166605,true,סיף כללי יסמין 4 ליטר,יוניליוור ישראל שיווק בעמ,,,"י""ח",4,ליטר,false,1,19.90,4.98,false,1,
168173,true,ברנפלקס קראנצ`ים 375גרם,יוניליוור ישראל שיווק בעמ,,,"י""ח",500,ל גרם,false,1,19.90,3.98,false,1,
169538,true,נמס בכוס מרק עגבניות עם קרוטונים 62 ג`ב,יוניליוור ישראל שיווק בעמ,,,"י""ח",34,ל גרם,false,1,7.50,22.06,true,1,
169798,true,"עוגי מופחת סוכר 500 ג בד""ץ",יוניליוור ישראל שיווק בעמ,,,"י""ח",500,ל גרם,false,1,19.90,3.98,true,1,
176420,true,111,"שטראוס גרופ בע""מ",,,"י""ח",200,"ל מ""ל",false,1,19.90,9.95,true,1,
185224,true,סילאן בקבוק לחיץ 650ג,תה ויסוצקי (ישראל)בעמ,,,"י""ח",650,ל גרם,false,1,15.90,2.45,false,1,
185293,true,סילאן טבעי 350ג,תה ויסוצקי (ישראל)בעמ,,,"י""ח",350,ל גרם,false,1,13.90,3.97,false,1,
185330,true,סילאן טבעי 900ג,תה ויסוצקי (ישראל)בעמ,,,"י""ח",900,ל גרם,false,1,23.90,2.66,true,1,
185590,true,סילאן 635ג טבעי בקבוק,תה ויסוצקי (ישראל)בעמ,,,"י""ח",635,ל גרם,false,1,19.90,3.13,false,1,
186535,true,נייר טואלט לילי טריו 32 לבן,קימברלי קלארק ישראל שיווק בעמ,,,"י""ח",1788,ל גרם,false,1,42.90,2.40,false,1,
186931,true,כריות קרצוף חתוכות,קימברלי קלארק ישראל שיווק בעמ,,,"י""ח",600,ל גרם,false,1,10,1.67,false,1,
187853,true,נייר טואלט לילי לבן 1/40,קימברלי קלארק ישראל שיווק בעמ,,,"י""ח",40,"י""ח",false,1,43.90,1.10,true,1,
188355,true,מגבות ניקול לבנה 1/6,קימברלי קלארק ישראל שיווק בעמ,,,"י""ח",66.20,מטר,false,1,12.90,0.19,true,1,
188386,true,מגבות ניקול לבנה 1/12,קימברלי קלארק ישראל שיווק בעמ,,,"י""ח",132.40,מארז,false,1,21.90,0.17,false,1,
188553,true,מגני תחתון קוטקס SILK נורמל,קימברלי קלארק ישראל שיווק בעמ,,,"י""ח",1,"י""ח",false,1,22.90,22.90,true,1,
188591,true,מגני תחתון קוטקס SILK יאנג,קימברלי קלארק ישראל שיווק בעמ,,,"י""ח",1,"י""ח",false,1,22.90,22.90,true,1,
189366,true,גבינה צהובה טובה מעושנת 5% שקיל,גבינות הכפר בעמ,,,"ק""ג",1,,true,1,43.90,43.90,false,1,
189598,true,מטליות לחות חד פעמיות ניקול,קימברלי קלארק ישראל שיווק בעמ,,,"י""ח",100,ל גרם,false,1,10.80,10.80,false,1,
189659,true,ניקול מטליות לחות לרצפה,קימברלי קלארק ישראל שיווק בעמ,,,"י""ח",1,"י""ח",false,1,10.90,10.90,false,1,
189680,true,זוג מטליות לחות לרצפה,קימברלי קלארק ישראל שיווק בעמ,,,"י""ח",200,ל גרם,false,1,22.90,11.45,false,1,
189871,true,#ניקול אשפתון פחים גדולים 55יח,קימברלי קלארק ישראל שיווק בעמ,,,"י""ח",55,"י""ח",false,1,23.90,0.43,true,1,
190198,true,מטליות לחות לניקוי נירוסטה,קימברלי קלארק ישראל שיווק בעמ,,,"י""ח",1,,false,1,9.80,9.80,false,1,
190853,true,נייר ט. לילי לבן 30 גליל,קימברלי קלארק ישראל שיווק בעמ,,,"י""ח",552,מטר,false,1,32.90,0.06,false,1,
191225,true,האגיס ליטל בייביס שלב 2 חדש,קימברלי קלארק ישראל שיווק בעמ,,,"י""ח",1,"י""ח",false,1,34.60,34.60,false,1,
192581,true,מגבות ניקול גליל כפול 6=12,קימברלי קלארק ישראל שיווק בעמ,,,"י""ח",6,"י""ח",false,1,21.90,3.65,false,1,
194288,true,משטח החתלה,קימברלי קלארק ישראל שיווק בעמ,,,"י""ח",1,,false,1,25.90,25.90,false,1,
194837,true,שקיות למזון גדולות במיוחד,קימברלי קלארק ישראל שיווק בעמ,,,"י""ח",200,"י""ח",false,1,14.70,0.07,true,1,
196763,true,שקיות אשפה ניקול גדול,קימברלי קלארק ישראל שיווק בעמ,,,"י""ח",1,"י""ח",false,1,24.90,24.90,true,1,
197425,true,האגיס פרידום דריי שלב 3,קימברלי קלארק ישראל שיווק בעמ,,,"י""ח",54,"י""ח",false,1,45.90,0.85,true,1,
197456,true,האגיס פרידום דריי שלב 4,קימברלי קלארק ישראל שיווק בעמ,,,"י""ח",44,"י""ח",false,1,45.90,1.04,true,1,
197463,true,האגיס פרידום דריי שלב 4+,קימברלי קלארק ישראל שיווק בעמ,,,"י""ח",42,"י""ח",false,1,45.90,1.09,true,1,
197548,true,האגיס פרידום דריי שלב 5,קימברלי קלארק ישראל שיווק בעמ,,,"י""ח",38,"י""ח",false,1,45.90,1.21,true,1,
197678,true,18571736האגיס פרידום דריי שלב 6,קימברלי קלארק ישראל שיווק בעמ,,,"י""ח",34,"י""ח",false,1,45.90,1.35,true,1,
201818,true,טיטולים פרמיום שלב 2,קימברלי קלארק ישראל שיווק בעמ,,,"י""ח",1,"י""ח",false,1,36.90,36.90,true,1,
201832,true,טיטולים פרמיום שלב 3,קימברלי קלארק ישראל שיווק בעמ,,,"י""ח",1,"י""ח",false,1,36.90,36.90,true,1,
201849,true,טיטולים פרמיום שלב 4,קימברלי קלארק ישראל שיווק בעמ,,,"י""ח",1,"י""ח",false,1,36.90,36.90,true,1,
201856,true,טיטולים פרמיום שלב 4+,קימברלי קלארק ישראל שיווק בעמ,,,"י""ח",1,"י""ח",false,1,36.90,36.90,true,1,
201863,true,טיטולים פרמיום שלב 5,קימברלי קלארק ישראל שיווק בעמ,,,"י""ח",1,"י""ח",false,1,36.90,36.90,true,1,
201870,true,טיטולים פרמיום שלב 6,קימברלי קלארק ישראל שיווק בעמ,,,"י""ח",1,"י""ח",false,1,36.90,36.90,true,1,
201979,true,מגבוני האגיס,קימברלי קלארק ישראל שיווק בעמ,,,"י""ח",4,"י""ח",false,1,19.90,4.98,true,1,
204512,true,מטליות לחות לרצפה בריח לימון,קימברלי קלארק ישראל שיווק בעמ,,,"י""ח",1,"י""ח",false,1,11,11,false,1,
205762,true,האגיס אקסטרא קר מידה 3,קימברלי קלארק ישראל שיווק בעמ,,,"י""ח",1,"י""ח",false,1,57.90,57.90,true,1,
208800,true,תירס קיד יכין,זנלכל בעמ,,,"י""ח",550,ל גרם,false,1,6.90,1.25,false,1,
209012,true,חומץ 1ליטר]יכין[,זנלכל בעמ,,,"י""ח",600,"ל מ""ל",false,1,6.90,1.15,true,1,
209388,true,תירס לייט 150 ג שלישיה,זנלכל בעמ,,,"י""ח",1,,false,1,14.90,14.90,false,1,
210469,true,עגב. שלמות A2.5 יכין,זנלכל בעמ,,,"י""ח",800,"ל מ""ל",false,1,11.90,1.49,false,1,
210896,true,רוטב בולונז לפסטה 240 גר`פלסטיק,זנלכל בעמ,,,"י""ח",240,ל גרם,false,1,6.50,2.71,false,1,
247804,true,סטייק פרגית קפוא ארוז.,נטו מלינדה סחר בעמ,,,"ק""ג",1,,true,1,59.90,59.90,false,1,
263359,true,האגיס פומלה NB1.,קימברלי קלארק ישראל שיווק בעמ,,,"י""ח",1,"י""ח",false,1,31.90,31.90,false,1,
264752,true,רדיד אלומיניום 7.5 מטר,קימברלי קלארק ישראל שיווק בעמ,,,"י""ח",7.50,מטר,false,1,12.20,1.63,false,1,
290126,true,כנפיים מתובל שקיל,ג`וליה מעדני בשר בעמ,,,"ק""ג",1,"ק""ג",true,1,21.90,21.90,false,1,
311272,true,וופל חלבה 180 גר`מן,ח.כהן סוכנות מזון ומשקאות בע,,,"י""ח",180,ל גרם,false,1,4.70,2.61,false,1,
311746,true,עוגיות קרמל 300ג מן,ח.כהן סוכנות מזון ומשקאות בע,,,"י""ח",300,ל גרם,false,1,6.90,2.30,false,1,
311869,true,וופל שוקולד ללא סוכר 180ג מן,ח.כהן סוכנות מזון ומשקאות בע,,,"י""ח",180,ל גרם,false,1,8.90,4.94,false,1,
311876,true,"וופלים וניל לל""ס 180גר מן",ח.כהן סוכנות מזון ומשקאות בע,,,"י""ח",200,ל גרם,false,1,8.90,4.45,false,1,
315140,true,"קורנפלקס מלאה 500גר בד""ץ",יוניליוור ישראל שיווק בעמ,,,"י""ח",575,ל גרם,false,1,18.90,3.29,false,1,
318189,true,פסטרמה ברביקיו על האש 300גר.,מעדני יחיעם 1993 בעמ,,,"י""ח",300,ל גרם,false,1,29.90,9.97,false,1,
319247,true,נקניק פריזר 600גר,מעדני יחיעם 1993 בעמ,,,"י""ח",600,ל גרם,false,1,15.90,2.65,false,1,
319803,true,קבנוס קלאסי 125ג,מעדני יחיעם 1993 בעמ,,,"י""ח",125,ל גרם,false,1,14.90,11.92,true,1,
319834,true,קבנוס פפרוני קלאסי 125ג,מעדני יחיעם 1993 בעמ,,,"י""ח",125,ל גרם,false,1,14.90,11.92,true,1,
327020,true,"פפסי שישייה פחיות 330מ""ל",טמפו משקאות בעמ,,,"י""ח",1.98,ליטר,false,1,19.90,9.14,false,1,
327044,true,"סבן אפ שישייה פחיות 330מ""ל",טמפו משקאות בעמ,,,"י""ח",1.98,ליטר,false,1,19.90,9.14,false,1,
327082,true,סודה לימון ליים 1.5ליטר,טמפו משקאות בעמ,,,"י""ח",1.50,ליטר,false,1,4.50,2.80,true,1,
364261,true,סלסולי כתף בקר 120גר`,תנובה בשר,,,"י""ח",120,ל גרם,false,1,17.90,14.92,false,1,
369266,true,כיכרות עירוניות 125ג,גבינות עמיר ניצן בעמ,,,"י""ח",125,ל גרם,false,1,19.90,15.92,false,1,
379240,true,חלה רגילה מרובעת 500 גרם*,שלמה א.אנג ל בעמ,,,"י""ח",500,ל גרם,false,1,5.10,1.02,false,1,
416809,true,ממרח שחר חצי חצי מובחר למריחה 350 חלבי,השחר העולה תעשית ממתקים,,,"י""ח",350,ל גרם,false,1,12.90,3.69,false,1,
416922,true,ממרח חלב שחר 350 חלבי,השחר העולה תעשית ממתקים,,,"י""ח",350,ל גרם,false,1,10.90,3.11,false,1,
438008,true,חסה,ביכורי השדה צפון 1994 ג.ד. בעמ,,,"י""ח",1,,false,1,6.90,6.90,false,1,
446752,true,ממרח שומשום בטעם חלבה 350גר.,בטר אנד דיפרנט בעמ,,,"י""ח",350,ל גרם,false,1,13.90,3.97,false,1,
453385,true,שמרים יבשים פאקא אינסטנט שקית 500גר,"שטראוס גרופ בע""מ",,,"י""ח",500,ל גרם,false,1,12.90,2.58,true,1,
453422,true,בצק פילו מוכן לאפיה שמרית 300גר,"שטראוס גרופ ***בע""מ",,,"י""ח",300,ל גרם,false,1,14.90,4.97,true,1,
453446,true,פיצה קראסט שמרית 500גר,"שטראוס גרופ ***בע""מ",,,"י""ח",500,ל גרם,false,1,19.90,3.98,true,1,
453781,true,שמרים יבשים 125ג שמרית.,"שטראוס גרופ בע""מ",,,"י""ח",125,ל גרם,false,1,5.90,4.72,true,1,
453798,true,שמרים אקטיבים 500גר עלית,"שטראוס גרופ בע""מ",,,"י""ח",500,ל גרם,false,1,14.90,2.98,true,1,
453866,true,נטורינה קוקוס 200גר,"שטראוס גרופ ***בע""מ",,,"י""ח",200,ל גרם,false,1,7.90,3.95,true,1,
453880,true,מרגרינה ללא מלח לאפייה ובישול 200גר,"שטראוס גרופ ***בע""מ",,,"י""ח",200,ל גרם,false,1,5.40,2.70,true,1,
453897,true,מרגרינה בטעם חמאה 200גר,"שטראוס גרופ ***בע""מ",,,"י""ח",200,ל גרם,false,1,5.90,2.95,true,1,
467153,true,חומוס סמיר הגדול 400גר,קבוצת אוסם סחר-שות.מוגבלת,,,"י""ח",400,ל גרם,false,1,15.80,3.95,true,1,
467320,true,חומוס אבו מרוואן 400גר,קבוצת אוסם סחר-שות.מוגבלת,,,"י""ח",400,ל גרם,false,1,15.80,3.95,true,1,
480107,true,"קוואקר אוטס פח 500 מ""ל","שטראוס פריטו ליי בע""מ",,,"י""ח",500,ל גרם,false,1,10.90,2.18,true,1,
480509,true,פטרוזיליה,ביכורי השדה צפון 1994 ג.ד. בעמ,,,"י""ח",1,,false,1,5.90,5.90,false,1,
497198,true,פיתות מארז 10יח אסלי ברמן,י.את א. ברמן בעמ,,,"י""ח",1,,false,1,10.90,10.90,false,1,
498034,true,לחם כוסמין 100% E-FREE,י.את א. ברמן בעמ,,,"י""ח",750,ל גרם,false,1,15.90,2.12,false,1,
498102,true,לחמניה שמיניה מתוקה,י.את א. ברמן בעמ,,,"י""ח",1,,false,1,3.60,3.60,false,1,
498157,true,לחמניה שמיניה פרג,י.את א. ברמן בעמ,,,"י""ח",1,,false,1,4.20,4.20,false,1,
518220,true,סוכרה דיאט 100 יח.,מתוק וקל בעמ,,,"י""ח",100,"י""ח",false,1,26.90,0.27,false,1,
521008,true,יין סגל אדום יבש,טמפו משקאות בעמ,,,"י""ח",750,"ל מ""ל",false,1,19.90,2.61,true,1,
521015,true,יין סגל לבן,טמפו משקאות בעמ,,,"י""ח",750,"ל מ""ל",false,1,20.90,2.75,true,1,
523804,true,"מלח עדין 1 ק""ג צנצנת הארץ",סוגת תעשיות בעמ,,,"י""ח",1,"ק""ג",false,1,6.90,6.90,false,1,
523811,true,"מלח גס 1 ק""ג צנצנת הארץ",סוגת תעשיות בעמ,,,"י""ח",1,"ק""ג",false,1,6.90,6.90,false,1,
532479,true,"נקניקיות חריפות 1 ק""ג קפואות",זוגלובק שיווק בעמ,,,"י""ח",1,"ק""ג",false,1,27.90,27.90,true,1,
536743,true,קריספי סטיקס תירס 500 גרם,זוגלובק שיווק בעמ,,,"י""ח",1.50,"ק""ג",false,1,14.90,9.93,false,1,
551067,true,בשר מס `5 מוכשר,נטו מלינדה סחר בעמ,,,"ק""ג",1,,true,1,59.90,59.90,false,1,
551074,true,בשר מס `6 מוכשר,נטו מלינדה סחר בעמ,,,"ק""ג",1,,true,1,39.90,39.90,false,1,
554082,true,מוצרלה מגורדת,מחלבות גד,,,"ק""ג",1,,true,1,70.60,70.60,false,1,
554655,true,מוצרלה נקניק מעושן,מחלבות גד,,,"ק""ג",150,ל גרם,true,1,76.90,51.27,false,1,
554815,true,גבינה מוצרלה משק}גד{,מחלבות גד,,,"ק""ג",1,,true,1,79.90,79.90,false,1,
554952,true,צפתית קשה משקל גד 13% שומן,מחלבות גד,,,"ק""ג",1,,true,1,74.50,74.50,false,1,
555502,true,אריזת פקדון(חוק פקדון),שונות /שרות,,,"י""ח",1,,false,1,0.30,0.30,false,1,
555503,true,פיקדון X 6,שונות /שרות,,,"י""ח",1,,false,1,1.80,1.80,false,1,
555504,true,פיקדון X 4,שונות /שרות,,,"י""ח",1,,false,1,1.20,1.20,false,1,
555505,true,פיקדון X 24,שונות /שרות,,,"י""ח",1,,false,1,7.20,7.20,false,1,
555509,true,פיקדון 12X,שונות /שרות,,,"י""ח",1,,false,1,3.60,3.60,false,1,
555513,true,פיקדון *5בקבוקים,טמפו משקאות בעמ,,,"י""ח",1,,false,1,1.50,1.50,false,1,
570358,true,דונטס מיני בצק קפוא,מאפיית אריאל,,,"י""ח",740,"ל מ""ל",false,1,1.90,0.26,false,1,
570571,true,פיתה פרנה,בית הבאגט כהן בעמ,,,"י""ח",0,"י""ח",false,1,4.50,4.50,false,1,
571003,true,בצל ירוק מהדרין,רגבים עלים ירוקים בעמ,,,"י""ח",1,,false,1,4.90,4.90,false,1,
571017,true,צנונית,רגבים עלים ירוקים בעמ,,,"י""ח",1,,false,1,6.90,6.90,false,1,
571096,true,כרוב לבן קרטון מהדרין,רגבים עלים ירוקים בעמ,,,"י""ח",1,,false,1,57.90,57.90,false,1,
571210,true,כוסברה יחידה מהדרין,רגבים עלים ירוקים בעמ,,,"י""ח",1,,false,1,4.20,4.20,false,1,
576812,true,חסה,ביכורי השדה צפון 1994 ג.ד. בעמ,,,"י""ח",1,,false,1,6.90,6.90,false,1,
603032,true,ביצים אומגה 3 M12,תנובה ביצים,,,"י""ח",12,"י""ח",false,1,21.90,1.83,false,1,
604022,true,ביצים L 12 יח*,תנובה ביצים,,,"י""ח",12,"י""ח",false,1,11.30,0.94,false,1,
604121,true,ביצים L 18יח,תנובה ביצים,,,"י""ח",18,"י""ח",false,1,16.90,0.94,false,1,
604138,true,ביצים M 18יח,תנובה ביצים,,,"י""ח",18,"י""ח",false,1,15.60,0.87,false,1,
611990,true,שווארמה טרי ארוז,ח.י. מעדני גורמה בעמ,,,"ק""ג",1,,true,1,69.90,69.90,false,1,
630519,true,עוף טרי שלם מוכשר(קצביה)**.,ח.י. מעדני גורמה בעמ,,,"ק""ג",1,"ק""ג",true,1,19.90,19.90,false,1,
631059,true,כבד עוף טרי(קצביה) **.,ח.י. מעדני גורמה בעמ,,,"ק""ג",1,"ק""ג",true,1,29.90,29.90,true,1,
631257,true,לב עוף טרי[קצביה ]**.,ח.י. מעדני גורמה בעמ,,,"ק""ג",1,"ק""ג",true,1,34.90,34.90,false,1,
632278,true,שניצל עוף פרימיום נקי ודק דק[קצביה].,ח.י. מעדני גורמה בעמ,,,"ק""ג",1,"ק""ג",true,1,49.90,49.90,true,1,
632280,true,סטייק פרגיות מקוצב טרי,ח.י. מעדני גורמה בעמ,,,"ק""ג",1,,true,1,79.90,79.90,true,1,
632308,true,חזה עוף חצוי נקי טרי(קצביה )**.,ח.י. מעדני גורמה בעמ,,,"ק""ג",1,,true,1,42.80,42.80,false,1,
633800,true,כנפיים פטם עטרה]קפוא[,נטו מלינדה סחר בעמ,,,"ק""ג",1,"ק""ג",true,1,14.90,14.90,false,1,
635104,true,בשר ראש קפוא חלק[,נטו מלינדה סחר בעמ,,,"ק""ג",1,,true,1,59.90,59.90,false,1,
641751,true,חזה הודו טרי נז קצביה**,ח.י. מעדני גורמה בעמ,,,"ק""ג",1,,true,1,34.90,34.90,false,1,
642840,true,שוקיים הודו טרי**,ח.י. מעדני גורמה בעמ,,,"ק""ג",1,,true,1,29.90,29.90,false,1,
643243,true,שווארמה הודו נקבה}קצביה{**,ח.י. מעדני גורמה בעמ,,,"ק""ג",1,,true,1,74.90,74.90,false,1,
643946,true,כנף הודו טרי}קצביה{**,ח.י. מעדני גורמה בעמ,,,"ק""ג",1,,true,1,14.90,14.90,false,1,
644356,true,גרון הודו טרי(קצביה)**,ח.י. מעדני גורמה בעמ,,,"ק""ג",1,,true,1,32.90,32.90,false,1,
644783,true,דג סלמון קפוא מנות תנובה,תנובה בשר,,,"ק""ג",1,"ק""ג",true,1,89.90,89.90,false,1,
645216,true,הודו זנבות(קצביה)**,ח.י. מעדני גורמה בעמ,,,"ק""ג",1,,true,1,7.90,7.90,false,1,
646299,true,פילה נסיכת נילוס 100% דג,תנובה בשר,,,"ק""ג",1,,true,1,54.90,54.90,false,1,
651651,true,עוף טוב רצועות צ`ונגו אמיתי,בלדי בעמ,,,"ק""ג",1,"ק""ג",true,1,47.90,47.90,false,1,
652894,true,סטייק דג טונה 100% דג,תנובה בשר,,,"ק""ג",1,,true,1,44.90,44.90,false,1,
654546,true,פילה אמנון 7-9 100% דג פרמיום,תנובה בשר,,,"ק""ג",1,,true,1,34.90,34.90,false,1,
657657,true,מאפים טריים במשקל אפיה מקומית.,ג נרל מילס ישראל בעמ,,,"ק""ג",1,,true,1,44.90,44.90,true,1,
662817,true,סלמון מעושן 100גר,תנובה בשר,,,"י""ח",100,ל גרם,false,1,19.90,19.90,false,1,
663036,true,פילה אמנון ללא עור קפוא,תנובה בשר,,,"ק""ג",1,,true,1,44.90,44.90,false,1,
666601,true,פיקדון 0.30.,שונות /שרות,,,"י""ח",1,"י""ח",false,1,0.30,0.30,false,1,
688374,true,מי עדן בייבי שישיה 250,יפאורה שותפות מוגבלת לשיווק,,,"י""ח",1.50,ליטר,false,1,15.90,9.40,false,1,
688381,true,מי עדן שישיה 0.5 ליטר,יפאורה שותפות מוגבלת לשיווק,,,"י""ח",3,ליטר,false,1,13.90,4.03,true,1,
688428,true,מי מינרלים בודד חצי ליטר,יפאורה שותפות מוגבלת לשיווק,,,"י""ח",500,"ל מ""ל",false,1,3,0.54,false,1,
688503,true,"מי עדן שישייה ג ים 750 מ""ל",יפאורה שותפות מוגבלת לשיווק,,,"י""ח",4.50,ליטר,false,1,16.50,3.27,true,1,
751345,true,מוח בקר לא מוכשר קפוא,ח.י. מעדני גורמה בעמ,,,"ק""ג",1,,true,1,119.90,119.90,false,1,
900009,true,החלפת מסך אייפון 6,לפ טל-פון שלומי,,,"י""ח",1,,false,1,199,199,false,1,
961804,true,דלעת ארוזה שקיל,ביכורי השדה צפון 1994 ג.ד. בעמ,,,"ק""ג",1,,true,1,12.90,12.90,false,1,
964652,true,קיווי צהוב סאנגולד,ביכורי השדה צפון 1994 ג.ד. בעמ,,,"י""ח",1,,false,1,19.90,19.90,false,1,
986708,true,ענב אדום ארוז,ביכורי השדה צפון 1994 ג.ד. בעמ,,,"ק""ג",1,,true,1,19.90,19.90,false,1,
990261,true,"חומוס 1 ק""ג סוגת.",סוגת תעשיות בעמ,,,"י""ח",1,"ק""ג",false,1,14.90,14.90,true,1,
993621,true,קיווי ירוק סאנגולד,ביכורי השדה צפון 1994 ג.ד. בעמ,,,"י""ח",1,,false,1,16.90,16.90,false,1,
1006580,true,פסטרמה פפריקה שקיל,קבוצת אוסם סחר-שות.מוגבלת,,,"ק""ג",1,"ק""ג",true,1,69.90,69.90,true,1,
1006597,true,עוף טוב סלמי פפרוני,קבוצת אוסם סחר-שות.מוגבלת,,,"ק""ג",1,"ק""ג",true,1,55,55,false,1,
1006603,true,פסטרמה רומנית שקיל,קבוצת אוסם סחר-שות.מוגבלת,,,"ק""ג",1,"ק""ג",true,1,69.90,69.90,true,1,
1006610,true,עוף טוב קורנביף,קבוצת אוסם סחר-שות.מוגבלת,,,"ק""ג",1,"ק""ג",true,1,75,75,false,1,
1041130,true,ממרח תמרים מיה,מיה תעשיות מזון מ.ת.מ בעמ,,,"י""ח",450,ל גרם,false,1,5.90,1.31,false,1,
1053508,true,"סטייק אנטריקוט חב""ד קפוא",בלדי בעמ,,,"ק""ג",1,"ק""ג",true,1,69.90,69.90,false,1,
1053515,true,"סטייק אנטריקוט חב""ד קפוא",בלדי בעמ,,,"ק""ג",1,"ק""ג",true,1,69.90,69.90,false,1,
1053553,true,"צלי כתף מס 5 חב""ד קפוא",בלדי בעמ,,,"ק""ג",1,"ק""ג",true,1,89.90,89.90,false,1,
1053560,true,"פילה מדומה מס `6 חב""ד קפוא",בלדי בעמ,,,"ק""ג",0,"ק""ג",true,1,44.90,44.90,false,1,
1053577,true,"שריר בשר מס `8 חב""ד קפוא",בלדי בעמ,,,"ק""ג",1,"ק""ג",true,1,49.90,49.90,false,1,
1053591,true,"אסאדו מס 9 חב""ד קפוא",בלדי בעמ,,,"ק""ג",1,,true,1,59.90,59.90,false,1,
1053737,true,"צלעות מס2 חב""ד קפוא",בלדי בעמ,,,"ק""ג",1,,true,1,42.90,42.90,false,1,
1053751,true,"כתף מס `4 קפוא חב""ד.",בלדי בעמ,,,"ק""ג",1,,true,1,42.90,42.90,false,1,
1053768,true,"מכסה הצלע מס -7ג. חב""ד קפוא.",בלדי בעמ,,,"ק""ג",1,"ק""ג",true,1,36.90,36.90,false,1,
1111009,true,נקנק צוריסוס תפזורת,בלדי בעמ,,,"ק""ג",1,"י""ח",true,1,50.90,50.90,false,1,
1111012,true,המבורגר מסעדות 220ג תפזורת,בלדי בעמ,,,"ק""ג",1,"י""ח",true,1,49.90,49.90,false,1,
1111213,true,המבורגר ביג בורגר 165ג תפזורת,בלדי בעמ,,,"ק""ג",1,"י""ח",true,1,35.90,35.90,false,1,
1111237,true,קבב בלדי 50ג תפזורת,בלדי בעמ,,,"ק""ג",220,ל גרם,true,1,49.90,22.68,false,1,
1111303,true,טחון בקר תפזורת,בלדי בעמ,,,"ק""ג",1,"י""ח",true,1,33.90,33.90,false,1,
1111322,true,קבב מזרחי תפזורת,בלדי בעמ,,,"ק""ג",220,ל גרם,true,1,27.90,12.68,false,1,
1121048,true,"גולש בקר מעובד 8ק""ג תפזורת",בלדי בעמ,,,"ק""ג",1,"י""ח",true,1,35.90,35.90,false,1,
1121795,true,נקניקיות עוף חריפות 400גרם,מעדני יחיעם 1993 בעמ,,,"י""ח",400,ל גרם,false,1,11.90,2.98,false,1,
1123041,true,בשר 5 חלק,נטו מלינדה סחר בעמ,,,"ק""ג",1,,true,1,59.90,59.90,false,1,
1123058,true,בשר 6 חלק,נטו מלינדה סחר בעמ,,,"ק""ג",2.49,"ק""ג",true,1,39.90,16.02,false,1,
1123072,true,בשר מס8. חלק ריאה,נטו מלינדה סחר בעמ,,,"ק""ג",1,,true,1,29.90,29.90,false,1,
1133439,true,חזה הודו טחון 500ג העדה החרדית,בלדי בעמ,,,"י""ח",0.50,"ק""ג",false,1,24.90,49.80,false,1,
1133682,true,"סלמון נורבגי שלם בד""ץ",בלדי בעמ,,,"ק""ג",1,,true,1,76.90,76.90,false,1,
1134153,true,גרון הודו קפוא ארוז.,נטו מלינדה סחר בעמ,,,"ק""ג",1,,true,1,29.90,29.90,false,1,
1134443,true,גרון הודו קפוא ארוז.,נטו מלינדה סחר בעמ,,,"ק""ג",1,,true,1,29.90,29.90,false,1,
1135082,true,חזה עוף חצוי קפוא ארוז,טל-הל יסכה בעמ,,,"ק""ג",1,,true,1,35.90,35.90,false,1,
1201510,true,ביצים M 30 יח,מ.לסר בעמ,,,"י""ח",30,"י""ח",false,1,27.80,0.93,false,1,
1201589,true,ביצים L 12 יח*,מ.לסר בעמ,,,"י""ח",12,"י""ח",false,1,12.05,1,false,1,
1201596,true,ביצים M 12 יח*,מ.לסר בעמ,,,"י""ח",12,"י""ח",false,1,11.15,0.93,false,1,
1201602,true,ביצים L 18יח,מ.לסר בעמ,,,"י""ח",18,"י""ח",false,1,18,1,false,1,
1201619,true,ביצים M 18יח,מ.לסר בעמ,,,"י""ח",18,"י""ח",false,1,16.70,0.93,false,1,
1201824,true,ביצים 12יח L אורגני,מ.לסר בעמ,,,"י""ח",12,"י""ח",false,1,20.90,1.74,false,1,
1201855,true,ביצים 12יח L אומגה 3,מ.לסר בעמ,,,"י""ח",10,"י""ח",false,1,18.90,1.89,false,1,
1201862,true,ביצים 12יח L חופש,מ.לסר בעמ,,,"י""ח",12,"י""ח",false,1,17.90,1.49,false,1,
1201893,true,ביצים 12יח M אומגה 3,מ.לסר בעמ,,,"י""ח",10,"י""ח",false,1,18.90,1.89,true,1,
1209158,true,שניצל עוף פרוס במגש[עטרה קפוא]~,נטו מלינדה סחר בעמ,,,"ק""ג",1,"ק""ג",true,1,40.90,40.90,false,1,
1209356,true,כרעיים עוף טרי עטרה ארוז,ח.י. מעדני גורמה בעמ,,,"ק""ג",1,"ק""ג",true,1,32.90,32.90,true,1,
1216040,true,"טחינה""אל ארז""רגילה 500גר",סוגת תעשיות בעמ,,,"י""ח",500,ל גרם,false,1,14.60,2.92,false,1,
1216231,true,"טחינה""אל ארז""מלאה 500גר",סוגת תעשיות בעמ,,,"י""ח",500,ל גרם,false,1,17.90,3.58,false,1,
1230331,true,כאמל בוקס בודד.,גלוברנדס בעמ,,,"י""ח",1,,false,1,31,31,false,1,
1230588,true,פילה מדומה מס 6 חלק,נטו מלינדה סחר בעמ,,,"ק""ג",1,,true,1,39.90,39.90,false,1,
1230739,true,קאמל כחול בודד,גלוברנדס בעמ,,,"י""ח",1,,false,1,31,31,false,1,
1231932,true,וינסטון כחול בודד.,גלוברנדס בעמ,,,"י""ח",1,,false,1,32.50,32.50,false,1,
1235938,true,וינסטון כחול ארוך,גלוברנדס בעמ,,,"י""ח",1,,false,1,32.50,32.50,false,1,
1246757,true,נוזל רצפות מלון בוטיק 2ליטר טאצ`,סאסאטק אגשח בעמ,,,"י""ח",2,ליטר,false,1,18.90,9.45,true,1,
1247754,true,"R.C קולה פחית 330מ""ל",יפאורה שותפות מוגבלת לשיווק,,,"י""ח",330,"ל מ""ל",false,1,4.50,1.27,true,1,
1321805,true,גולש הודו ארוז העדה החרדית,בלדי בעמ,,,"ק""ג",1,,true,1,49.90,49.90,false,1,
1321812,true,צוואר לומיטו צרכני העדה החרדית,בלדי בעמ,,,"ק""ג",1,,true,1,99.90,99.90,false,1,
1321829,true,לב הצוואר העדה החרדית,בלדי בעמ,,,"ק""ג",1,,true,1,99.90,99.90,false,1,
1321836,true,צלעות אונטריב צרכני העדה החרדית,בלדי בעמ,,,"ק""ג",1,,true,1,99.90,99.90,false,1,
1407592,true,"טחינה גולמית בארכה פי 6 סידן 1 ק""ג",קבוצת אוסם סחר-שות.מוגבלת,,,"י""ח",1,"ק""ג",false,1,24.90,24.90,false,1,
1407936,true,טחינה בארכה מעודנת 310גר,קבוצת אוסם סחר-שות.מוגבלת,,,"י""ח",310,ל גרם,false,1,13.90,4.48,false,1,
1419618,true,וופל בלגי שוקו 200גר`,ח.כהן סוכנות מזון ומשקאות בע,,,"י""ח",200,ל גרם,false,1,4.30,2.15,true,1,
1419793,true,"גביעי גלידה 12יח בד""צ",ח.כהן סוכנות מזון ומשקאות בע,,,"י""ח",1,,false,1,13.90,13.90,false,1,
1436028,true,בשר לחמין ארוז העדה החרדית,בלדי בעמ,,,"ק""ג",1,,true,1,94.90,94.90,false,1,
1436752,true,עצמות צווארה בקר ארוז העדה החרדית,בלדי בעמ,,,"ק""ג",1,,true,1,22.90,22.90,false,1,
1436950,true,אסאדו מס 9 עם עצם מוכשר,בלדי בעמ,,,"ק""ג",1,,true,1,59.90,59.90,false,1,
1444160,true,"שמן זית כתית מעולה מ עץ הזית 750 מ""ל.",סוגת תעשיות בעמ,,,"י""ח",750,"ל מ""ל",false,1,33.90,4.52,true,1,
1455043,true,כתף מס `4 העדה החרדית,בלדי בעמ,,,"ק""ג",1,,true,1,99.90,99.90,false,1,
1455081,true,שריר בשר מס `8 העדה החרדית,בלדי בעמ,,,"ק""ג",1,,true,1,119.90,119.90,false,1,
1455098,true,פלאנקען מס `9העדה החרדית,בלדי בעמ,,,"ק""ג",1,,true,1,99.90,99.90,false,1,
1455739,true,עצמות מח פרוס העדה החרדית,בלדי בעמ,,,"ק""ג",1,,true,1,64.90,64.90,false,1,
1455746,true,פילה מדומה 6 צרכני העדה החרדית,בלדי בעמ,,,"ק""ג",1,,true,1,119.90,119.90,false,1,
1459676,true,"המבורגר 400גרם חב""ד ארוז",בלדי בעמ,,,"י""ח",400,ל גרם,false,1,17.90,4.48,false,1,
1459683,true,"קבב מזרחי 400גרם חב""ד ארוז",בלדי בעמ,,,"י""ח",400,ל גרם,false,1,17.90,4.48,false,1,
1459690,true,"טחון בקר טהור 1ק""ג חב""ד קפוא",בלדי בעמ,,,"י""ח",1,"ק""ג",false,1,39.90,39.90,false,1,
1459706,true,"טחון בקר 1ק""ג חב""ד קפוא",בלדי בעמ,,,"י""ח",1,"ק""ג",false,1,32.90,32.90,false,1,
1459713,true,"גולש בקר 800גרם חב""ד ארוז",בלדי בעמ,,,"י""ח",400,ל גרם,false,1,36.90,9.23,false,1,
1460092,true,חזה בקר מס 3 מוכשר פולין קפוא,בלדי בעמ,,,"ק""ג",1,,true,1,34.90,34.90,false,1,
1460252,true,פילה מדומה מס `6 מוכשר,בלדי בעמ,,,"ק""ג",1,,true,1,39.90,39.90,false,1,
1460511,true,פילה מדומה מס `6 חלק,בלדי בעמ,,,"ק""ג",1,,true,1,39.90,39.90,false,1,
1461112,true,לחם מחמצת דגנים 530גר,ג נרל מילס ישראל בעמ,,,"י""ח",530,ל גרם,false,1,16.90,3.19,true,1,
1461204,true,דונטס מטוגן קפוא,ג נרל מילס ישראל בעמ,,,"י""ח",1,,false,1,4.90,4.90,false,1,
1461365,true,כריך רוסטיק לבן,ג נרל מילס ישראל בעמ,,,"י""ח",1,,false,1,7.90,7.90,true,1,
1461457,true,בגט רוסטיק,ג נרל מילס ישראל בעמ,,,"י""ח",1,,false,1,7.90,7.90,true,1,
1461860,true,פיתה אסלי}פילסברי {10יח,ג נרל מילס ישראל בעמ,,,"י""ח",1,,false,1,13.90,13.90,true,1,
1482049,true,בולגריה בקוביות עם שמן ותבלינים שקיל,ג.וילי פוד אינטרנשיונל בעמ,,,"ק""ג",1,,true,1,65,65,false,1,
1530839,true,אצבעות אנטריקוט אסאדו חלק,בלדי בעמ,,,"ק""ג",1,"י""ח",true,1,61.90,61.90,false,1,
1567708,true,נקניק וינר 400ג ללא,מעדני יחיעם 1993 בעמ,,,"י""ח",400,ל גרם,false,1,11.90,2.98,true,1,
1567760,true,פסטרמה של פעם 300ג,מעדני יחיעם 1993 בעמ,,,"י""ח",300,ל גרם,false,1,24.90,8.30,false,1,
1567791,true,פסטרמה רומנית 250ג,מעדני יחיעם 1993 בעמ,,,"י""ח",250,ל גרם,false,1,25.90,10.36,false,1,
1567807,true,כתף בקר מעושן 250ג,מעדני יחיעם 1993 בעמ,,,"י""ח",250,ל גרם,false,1,25.90,10.36,false,1,
1567814,true,סלמי מעושן בסגנון איטלקי 300ג,מעדני יחיעם 1993 בעמ,,,"י""ח",300,ל גרם,false,1,19.90,6.63,false,1,
1567937,true,איטלקי מפולפל 200ג,מעדני יחיעם 1993 בעמ,,,"י""ח",200,ל גרם,false,1,12.90,6.45,false,1,
1591505,true,סטייק דג טונה קפוא עם עור מחנה יהודה.,נטו מלינדה סחר בעמ,,,"ק""ג",1,"ק""ג",true,1,39.90,39.90,true,1,
1591512,true,נתחי סלמון ללא עור קפוא מחנה יהודה,נטו מלינדה סחר בעמ,,,"ק""ג",1,"ק""ג",true,1,99.90,99.90,false,1,
1591529,true,פילה סלמון מנות קפוא מחנה יהודה.,נטו מלינדה סחר בעמ,,,"ק""ג",1,"ק""ג",true,1,89.90,89.90,false,1,
1591550,true,פילה אמנון ללא עור מחנה יהודה.,נטו מלינדה סחר בעמ,,,"ק""ג",1,"ק""ג",true,1,37.90,37.90,true,1,
1591567,true,פילה אמנון 100% מחנה יהודה.,נטו מלינדה סחר בעמ,,,"ק""ג",1,"ק""ג",true,1,36.90,36.90,true,1,
1591574,true,פילה אמנון 80% מחנה יהודה.,נטו מלינדה סחר בעמ,,,"ק""ג",1,"ק""ג",true,1,26.90,26.90,true,1,
1591604,true,המבורגר אנגוס מחנה יהודה 600גר,נטו מלינדה סחר בעמ,,,"י""ח",600,ל גרם,false,1,29.90,4.98,true,1,
1591611,true,קבבוני אנגוס עגול מחנה יהודה 500גר,נטו מלינדה סחר בעמ,,,"י""ח",500,ל גרם,false,1,29.90,5.98,true,1,
1591628,true,קבב על מקל מחנה יהודה 500גר,נטו מלינדה סחר בעמ,,,"י""ח",500,ל גרם,false,1,29.90,5.98,true,1,
1591635,true,נקניקיות מרגז סגנון מרוקאי מחנה יהודה,נטו מלינדה סחר בעמ,,,"י""ח",500,ל גרם,false,1,29.90,5.98,true,1,
1591642,true,קבבוני טלה מחנה יהודה 500גר.,נטו מלינדה סחר בעמ,,,"י""ח",500,ל גרם,false,1,29.90,5.98,true,1,
1594087,true,פחית דיאט קולה,החברה המרכזית להפצת משקאות בעמ,,,"י""ח",330,"ל מ""ל",false,1,4.80,1.36,false,1,
1634847,true,סלמון נורבגי מגדלור פרוס 100ג(שמיר),סלטי שמיר2006בעמ,,,"י""ח",100,ל גרם,false,1,21.90,21.90,false,1,
1648995,true,שלישית קפה רגואן 3*100גר,רוני רג ואן,,,"י""ח",300,ל גרם,false,1,19.90,6.63,false,1,
1664056,true,סטייק אנטריקוט פרוס ארוז העדה החרדית,בלדי בעמ,,,"ק""ג",1,,true,1,124.90,124.90,false,1,
1664223,true,רצועות מיני אסאדו ארוז העדה החרדית,בלדי בעמ,,,"ק""ג",1,"ק""ג",true,1,94.90,94.90,false,1,
1664285,true,שווארמה אנטריקוט תפזורת,בלדי בעמ,,,"ק""ג",1,"י""ח",true,1,76.90,76.90,false,1,
1835340,true,פרמיו לבבות 100ג,רנדי בעמ,,,"י""ח",100,ל גרם,false,1,15,15,true,1,
1835364,true,פרמיו חטיפי ברווז 100ג,רנדי בעמ,,,"י""ח",100,ל גרם,false,1,15,15,true,1,
1879627,true,פילה עוף טרי**,ח.י. מעדני גורמה בעמ,,,"ק""ג",1,,true,1,49.90,49.90,true,1,
1946121,true,פפריקה 400גר`,דין שיווק וקליה 2021 בעמ,,,"י""ח",400,ל גרם,false,1,21.90,5.48,false,1,
1989364,true,מקרל פרוס בשמן במשקל,סלטי שמיר2006בעמ,,,"ק""ג",1,,true,1,129.90,129.90,false,1,
1989388,true,מעדן מטיאס הולנדי במשקל.,לפ לפ סלטי שמיר 2006 בעמ,,,"ק""ג",1,,true,1,64.90,64.90,false,1,
1989395,true,הרינג כבוש עם בצל במשקל.,סלטי שמיר2006בעמ,,,"ק""ג",1,,true,1,64.90,64.90,false,1,
2015192,true,מלפפונים במלח ]18/25ב.ד[,קבוצת יבנה מוצרי מזון בעמ,,,"י""ח",560,ל גרם,false,1,11.90,2.13,false,1,
2026440,true,פרצלס קפוא,מוצרי איכות אמריקאיים בעמ,,,"י""ח",400,ל גרם,false,1,16,4,true,1,
2026778,true,"גלידה פיינטים קון סוויט קון 473מ""ל",מוצרי איכות אמריקאיים בעמ,,,"י""ח",473,"ל מ""ל",false,1,25.90,5.48,true,1,
2026884,true,מאגדת צ`אנקי מיקס 294גר,מוצרי איכות אמריקאיים בעמ,,,"י""ח",294,ל גרם,false,1,33.90,11.53,false,1,
2043065,true,מיני פריכיות אורז חום צ. שוקול 70ג,א.ל.יצור ושיווקתבלינים בעמ,,,"י""ח",70,ל גרם,false,1,8.90,12.71,true,1,
2043102,true,פרכיות אורז חום מלא 7 זרעי על 200גר,א.ל.יצור ושיווקתבלינים בעמ,,,"י""ח",200,ל גרם,false,1,15.90,7.95,true,1,
2043188,true,צ`יפס אורז חום מלא צ`ילי חריף 60גר,א.ל.יצור ושיווקתבלינים בעמ,,,"י""ח",60,ל גרם,false,1,6.90,11.50,true,1,
2043218,true,צ`יפס אורז חום מלא מלוח 60גר,א.ל.יצור ושיווקתבלינים בעמ,,,"י""ח",60,ל גרם,false,1,6.90,11.50,true,1,
2043225,true,צ`יפס אורז חום מלא פפריקה 60גר,א.ל.יצור ושיווקתבלינים בעמ,,,"י""ח",60,ל גרם,false,1,6.90,11.50,true,1,
2043331,true,צ`יפס אורז חום מלא כוסמת 60גר,א.ל.יצור ושיווקתבלינים בעמ,,,"י""ח",60,ל גרם,false,1,7.90,13.17,false,1,
2043782,true,צ`יפס אורז חום מלא טקסס ברביקיו 60גר,א.ל.יצור ושיווקתבלינים בעמ,,,"י""ח",60,ל גרם,false,1,6.90,11.50,true,1,
2043850,true,באר אקסטרה בציפוי שוקולד מריר 90גר,א.ל.יצור ושיווקתבלינים בעמ,,,"י""ח",90,ל גרם,false,1,13.90,15.44,true,1,
2043874,true,באר אקסטרה קרמל בציפוי שוקולד לבן 90גר,א.ל.יצור ושיווקתבלינים בעמ,,,"י""ח",90,ל גרם,false,1,13.90,15.44,true,1,
2043898,true,באר אקסטרה קוקוס בציפוי שוקולד לבן 90ג,א.ל.יצור ושיווקתבלינים בעמ,,,"י""ח",90,ל גרם,false,1,13.90,15.44,true,1,
2053538,true,נודלס 400+100ג תוספת,גורי מוצרי צריכה בעמ,,,"י""ח",500,ל גרם,false,1,14.90,2.98,true,1,
2057215,true,מלפפון במלח 10/12 יבנה,קבוצת יבנה מוצרי מזון בעמ,,,"י""ח",1,"י""ח",false,1,7.90,7.90,false,1,
2057246,true,"מלפ בחומץ 10\12 בד""ץ",קבוצת יבנה מוצרי מזון בעמ,,,"י""ח",600,ל גרם,false,1,7.90,1.32,false,1,
2065616,true,לחם שיפון גרעינים 750גר`,שלמה א.אנג ל בעמ,,,"י""ח",750,ל גרם,false,1,12.90,1.72,false,1,
2065623,true,לחם שיפון כפרי 750גר`,שלמה א.אנג ל בעמ,,,"י""ח",750,ל גרם,false,1,12.90,1.72,false,1,
2075271,true,ריקולה שקית 70ג צמחים,שוקוטרייד בעמ,,,"י""ח",70,ל גרם,false,1,11.90,17,false,1,
2077268,true,מיני קציצות דג 500 גרם,נטו מלינדה סחר בעמ,,,"י""ח",500,ל גרם,false,1,22.90,4.58,false,1,
2105008,true,רבע כבש חלק**.,ח.י. מעדני גורמה בעמ,,,"ק""ג",1,,true,1,109.90,109.90,true,1,
2105183,true,צלי כתף 5 בקר קפוא מחפוד,עוף ירושלים שיווק בעמ,,,"ק""ג",0,ל גרם,true,1,99,99,false,1,
2105190,true,פילה מדומה 6 בקר קפאו מחפוד,עוף ירושלים שיווק בעמ,,,"ק""ג",1,"ק""ג",true,1,59.90,59.90,false,1,
2105220,true,שריר הזרוע 8 בקר קפוא מחפוד,עוף ירושלים שיווק בעמ,,,"ק""ג",1,,true,1,54.90,54.90,false,1,
2105312,true,שריר מיוחד מס-8מחפוד,עוף ירושלים שיווק בעמ,,,"ק""ג",1,"ק""ג",true,1,59.90,59.90,false,1,
2105503,true,המבורגר מחפוד 500גר`,עוף ירושלים שיווק בעמ,,,"י""ח",500,ל גרם,false,1,18.90,3.78,false,1,
2105510,true,קבב מזרחי 500גר` מחפוד,עוף ירושלים שיווק בעמ,,,"י""ח",500,ל גרם,false,1,18.90,3.78,false,1,
2105527,true,גולש בקר800 גר`מחפוד,עוף ירושלים שיווק בעמ,,,"י""ח",800,ל גרם,false,1,44.90,5.61,false,1,
2105541,true,סטייק אנטריקוט 800גר`,עוף ירושלים שיווק בעמ,,,"י""ח",800,ל גרם,false,1,44.90,5.61,false,1,
2105565,true,טחון הודו 500גר`מחפוד,עוף ירושלים שיווק בעמ,,,"י""ח",500,ל גרם,false,1,12.90,2.58,false,1,
2105671,true,טחון עוף 500 גר`מחפוד,עוף ירושלים שיווק בעמ,,,"י""ח",500,ל גרם,false,1,12.90,2.58,false,1,
2105749,true,"טחון בקר%100ק""ג קפוא מחפוד",עוף ירושלים שיווק בעמ,,,"י""ח",1,"ק""ג",false,1,39.90,39.90,false,1,
2105756,true,"טחון בקר 1ק""ר קפוא מחפוד",עוף ירושלים שיווק בעמ,,,"י""ח",1,"ק""ג",false,1,34.90,34.90,false,1,
2105770,true,"קבב כבש קציצות ביתי קפוא מחפוד 1ק""ג",עוף ירושלים שיווק בעמ,,,"י""ח",1,"ק""ג",false,1,41.90,41.90,false,1,
2105831,true,שניצל עגל פרוס מחפוד,עוף ירושלים שיווק בעמ,,,"ק""ג",1,"ק""ג",true,1,49.90,49.90,false,1,
2107316,true,טבורוג גבינה,*החברה המרכזית להפצת משקאותבעמ,,,"ק""ג",1,,true,1,43.90,43.90,false,1,
2107385,true,מה עז 180 גרם צוריאל,*החברה המרכזית להפצת משקאותבעמ,,,"י""ח",180,ל גרם,false,1,23.30,12.94,true,1,
2107743,true,צפתית צוריאל מעודנת,*החברה המרכזית להפצת משקאותבעמ,,,"ק""ג",1,,true,1,49.90,49.90,false,1,
2109372,true,בורקס פילו אצבעות בולגרית 700גר`,נטו מלינדה סחר בעמ,,,"י""ח",600,ל גרם,false,1,21.90,3.65,true,1,
2111672,true,רוטב עגבניות 22% מבורך,זנלכל בעמ,,,"י""ח",570,ל גרם,false,1,10.90,1.91,false,1,
2112305,true,בשר מס `6חלק,נטו מלינדה סחר בעמ,,,"ק""ג",1,,true,1,39.90,39.90,false,1,
2129479,true,פיצה איטלקית דקה שלושת האופים 320גר,נטו מלינדה סחר בעמ,,,"י""ח",320,ל גרם,false,1,16.90,5.28,true,1,
2129486,true,פיצה איטלקית דקה שלושת האופים 340גר,נטו מלינדה סחר בעמ,,,"י""ח",340,ל גרם,false,1,16.90,4.97,true,1,
2133216,true,גבינת שמנת %30מעדנה,מחלבות השומרון,,,"ק""ג",1,,true,1,32.90,32.90,false,1,
2157953,true,טונה קנולה 140ג 1/4,נטו מלינדה סחר בעמ,,,"י""ח",560,ל גרם,false,1,20.90,3.73,true,1,
2157960,true,טונה במים 140ג 1/4,נטו מלינדה סחר בעמ,,,"י""ח",560,ל גרם,false,1,20.90,3.73,true,1,
2195856,true,גולש בקר ארוז העדה החרדית,בלדי בעמ,,,"ק""ג",1,,true,1,94.90,94.90,false,1,
2225942,true,חזה הודו מחפוד טרי**,ח.י. מעדני גורמה בעמ,,,"ק""ג",1,,true,1,39.90,39.90,false,1,
2225959,true,שווארמה הודו זכר טרי מחפוד,ח.י. מעדני גורמה בעמ,,,"ק""ג",1,,true,1,69.90,69.90,false,1,
2225966,true,שוקיים הודו מחפוד טרי**,ח.י. מעדני גורמה בעמ,,,"ק""ג",1,,true,1,33.90,33.90,false,1,
2225973,true,גרונות הודו מחפוד טרי**,ח.י. מעדני גורמה בעמ,,,"ק""ג",1,"ק""ג",true,1,35.90,35.90,false,1,
2238452,true,בשר 5 חלק,נטו מלינדה סחר בעמ,,,"ק""ג",1,,true,1,59.90,59.90,false,1,
2263562,true,"רוטב לימון משומר 200מ""ל",א.ל.יצור ושיווקתבלינים בעמ,,,"י""ח",200,"ל מ""ל",false,1,6.70,3.35,false,1,
2263586,true,"מיץ לימון משומר 500מ""ל (מימון)",א.ל.יצור ושיווקתבלינים בעמ,,,"י""ח",500,"ל מ""ל",false,1,11.90,2.38,true,1,
2263661,true,"מיץ לימון 100% טבעי 250מ""ל מימון",א.ל.יצור ושיווקתבלינים בעמ,,,"י""ח",250,"ל מ""ל",false,1,7.90,3.16,false,1,
2277668,true,טונה פוסידון רביעיות,נטו מלינדה סחר בעמ,,,"י""ח",340,ל גרם,false,1,19.90,5.85,false,1,
2278528,true,זוג כריות ניקוי כלים,ח.כהן סוכנות מזון ומשקאות בע,,,"י""ח",2,"י""ח",false,1,7.90,3.95,false,1,
2281405,true,סלט סלמון מעושן 160*2יח,נטו מלינדה סחר בעמ,,,"י""ח",320,ל גרם,false,1,9.90,3.09,false,1,
2281443,true,סטייק דג טונה קפוא עם עור,נטו מלינדה סחר בעמ,,,"ק""ג",1,"ק""ג",true,1,39.90,39.90,true,1,
2281467,true,מארז 3 פיצות טוב טעם,נטו מלינדה סחר בעמ,,,"י""ח",3,"י""ח",false,1,37.90,12.63,false,1,
2281498,true,מגורדת 500ג ריץ,נטו מלינדה סחר בעמ,,,"י""ח",500,ל גרם,false,1,26.90,5.38,false,1,
2281825,true,בשר מס `5 מוכשר,נטו מלינדה סחר בעמ,,,"ק""ג",1,,true,1,59.90,59.90,false,1,
2281832,true,בשר מס `6 מוכשר,נטו מלינדה סחר בעמ,,,"ק""ג",1,,true,1,39.90,39.90,false,1,
2281948,true,צלי כתף 5 חלק.,נטו מלינדה סחר בעמ,,,"ק""ג",1,,true,1,59.90,59.90,false,1,
2281955,true,בשר 6 חלק,נטו מלינדה סחר בעמ,,,"ק""ג",2.49,"ק""ג",true,1,39.90,16.02,false,1,
2281979,true,שריר בשר מס `8 חלק.,נטו מלינדה סחר בעמ,,,"ק""ג",1,,true,1,32.90,32.90,false,1,
2285816,true,שניצל פרמיום טרי ארוז עטרה,ח.י. מעדני גורמה בעמ,,,"ק""ג",1,,true,1,44.90,44.90,false,1,
2291107,true,"אפונה וגזר 2.5ק""ג",בלדי בעמ,,,"ק""ג",2.50,"ק""ג",true,1,10.90,4.36,false,1,
2291121,true,"גזר גמדי 2.5ק""ג",בלדי בעמ,,,"ק""ג",2.50,"ק""ג",true,1,10.90,4.36,false,1,
2291138,true,"לקט ירקות העונה 2.5ק,ג",בלדי בעמ,,,"ק""ג",2.50,"ק""ג",true,1,10.90,4.36,false,1,
2291145,true,"שעועית ירוקה חתוכה 2.5ק""ג",בלדי בעמ,,,"ק""ג",2.50,"ק""ג",true,1,10.90,4.36,false,1,
2291169,true,"שעועית ירוקה שלמה עדינה 2.5ק""ג",בלדי בעמ,,,"ק""ג",2.50,"ק""ג",true,1,10.90,4.36,false,1,
2291206,true,"שעועית צהובה שלמה 2.5ק""ג",בלדי בעמ,,,"ק""ג",2.50,"ק""ג",true,1,10.90,4.36,false,1,
2291244,true,"במיה 2.5ק""ג",בלדי בעמ,,,"ק""ג",2.50,"ק""ג",true,1,10.90,4.36,false,1,
2291275,true,"תחתיות ארטישוק 2ק""ג",בלדי בעמ,,,"ק""ג",2,"ק""ג",true,1,19.90,9.95,false,1,
2291695,true,צוואר מס10 מוכשר ברזיל קפוא,בלדי בעמ,,,"ק""ג",1,,true,1,30.90,30.90,false,1,
2296003,true,"נקניקיות קראנץ 1ק""ג עטרה",נטו מלינדה סחר בעמ,,,"י""ח",1,"ק""ג",false,1,26.90,26.90,false,1,
2298397,true,פילה מדומה 6 בקר קפאו מחפוד,עוף ירושלים שיווק בעמ,,,"ק""ג",48.90,ל גרם,true,1,59.90,122.49,false,1,
2316367,true,בוקסר,אחים וייס ישי ייצור בעמ,,,"י""ח",1,,false,1,14.90,14.90,false,1,
2316671,true,הלבשה תחתונה בנים גופיה,אחים וייס ישי ייצור בעמ,,,"י""ח",1,,false,1,12.90,12.90,false,1,
2327066,true,קונכיות בצק קפוא,נטו מלינדה סחר בעמ,,,"י""ח",500,ל גרם,false,1,21.90,4.38,true,1,
2327073,true,בורקס גבינה 800 גרם,נטו מלינדה סחר בעמ,,,"י""ח",800,ל גרם,false,1,21.90,2.74,true,1,
2329619,true,עוגת שוקו צ`יפס 350גר.,בני פאוזי שמשום (2009) בעמ,,,"י""ח",350,ל גרם,false,1,7.90,2.26,true,1,
2331360,true,נביעות שישיות 500 מייל פקק ספורט,החברה המרכזית להפצת משקאות בעמ,,,"י""ח",3,ליטר,false,1,14.90,4.37,true,1,
2331483,true,"נביעות שישיות בייבי 320מ""ל",החברה המרכזית להפצת משקאות בעמ,,,"י""ח",3,ליטר,false,1,13.80,4,true,1,
2331490,true,נביעות 1ליטר,החברה המרכזית להפצת משקאות בעמ,,,"י""ח",1,ליטר,false,1,3.30,3.30,true,1,
2331582,true,נביעות +1.5 ל אגס תפוח,החברה המרכזית להפצת משקאות בעמ,,,"י""ח",1.50,ליטר,false,1,8.90,5.93,false,1,
2343087,true,נקניק מוצרלה משקל,בידאני נתן***,,,"ק""ג",1,,true,1,74.90,74.90,false,1,
2345015,true,סינטה דקדק 250גר אל גאוצו,נטו מלינדה סחר בעמ,,,"י""ח",250,ל גרם,false,1,16.90,6.76,true,1,
2345022,true,אנטריקוט דקדק 250גר,נטו מלינדה סחר בעמ,,,"י""ח",250,ל גרם,false,1,24.90,9.96,true,1,
2345121,true,אסאדו דקדק 250גר אל גאוצו,נטו מלינדה סחר בעמ,,,"י""ח",250,ל גרם,false,1,27.90,11.16,true,1,
2345282,true,נתחי פילה סלמון נורבגי מנות,נטו מלינדה סחר בעמ,,,"ק""ג",1,"ק""ג",true,1,99,99,false,1,
2345435,true,פילה מרלוזה,נטו מלינדה סחר בעמ,,,"ק""ג",1,"ק""ג",true,1,31.90,31.90,false,1,
2349020,true,מלכודת עש המזון ללא רעלים וחומרי הדברה,נאמן לאורך זמן בעמ,,,"י""ח",1,,false,1,24.90,24.90,false,1,
2349051,true,מלכודת עש הבגדים ללא רעלים וחומרי הדברה,נאמן לאורך זמן בעמ,,,"י""ח",1,,false,1,24.90,24.90,false,1,
2349471,true,מלכודת דבק לעכברים ידידותית לבסיסה,נאמן לאורך זמן בעמ,,,"י""ח",1,,false,1,12.90,12.90,false,1,
2370239,true,גבינה חצי קשה פיקנטית 31%,ג.וילי פוד אינטרנשיונל בעמ,,,"ק""ג",1,"ק""ג",true,1,99,99,false,1,
2370321,true,גבינת שמנת טבעי 24%,ג.וילי פוד אינטרנשיונל בעמ,,,"ק""ג",339,ל גרם,true,1,29.90,8.82,false,1,
2370475,true,גבינה כחולה עם עובש שקיל,ג.וילי פוד אינטרנשיונל בעמ,,,"ק""ג",1,"ק""ג",true,1,99.90,99.90,true,1,
2370680,true,אצבעות מוצרלי במשקל ויליפוד,ג.וילי פוד אינטרנשיונל בעמ,,,"ק""ג",1,,true,1,79.90,79.90,true,1,
2370734,true,צמות גבינה במי מלח 25% שומן שקיל,ג.וילי פוד אינטרנשיונל בעמ,,,"ק""ג",1,"ק""ג",true,1,99,99,true,1,
2370741,true,גבינה מלוחה מחלב עיזים 19% שומןשקיל,ג.וילי פוד אינטרנשיונל בעמ,,,"ק""ג",1,"ק""ג",true,1,99,99,true,1,
2370956,true,גבינת קשקבל גלגל שקיל,ג.וילי פוד אינטרנשיונל בעמ,,,"ק""ג",1,"ק""ג",true,1,109,109,false,1,
2371533,true,סלסולי פסטרמה דבש 120גר`,תנובה בשר,,,"י""ח",120,ל גרם,false,1,17.90,14.92,false,1,
2374640,true,שמן קנולה פלוס אומגה 3 עץ הזית 1ליטר,סוגת תעשיות בעמ,,,"י""ח",1,ליטר,false,1,16.50,16.50,false,1,
2385066,true,בולגרית קוביות 5%,מחלבות גד,,,"י""ח",1,,true,1,61.90,61.90,false,1,
2385301,true,קרם שמנת 5% טבעי,מחלבות גד,,,"ק""ג",1,,true,1,34.90,34.90,false,1,
2385448,true,בולגרית מעודנת גד 5% דלי,מחלבות גד,,,"ק""ג",1,,true,1,56.90,56.90,false,1,
2385455,true,בולגרית מעודנת 24% גד מעדנייה,מחלבות גד,,,"ק""ג",1,,true,1,59,59,false,1,
2385486,true,גבינת שמנת טבעית 30% שקיל גד,מחלבות גד,,,"ק""ג",1,,true,1,44.90,44.90,false,1,
2385493,true,גבינת שמנת זיתים 30% שקיל,מחלבות גד,,,"ק""ג",1,,true,1,44.90,44.90,false,1,
2385509,true,גבינת שמנת שמיר 30% שקיל גד,מחלבות גד,,,"ק""ג",1,,true,1,44.90,44.90,false,1,
2385585,true,גבינה לבנה 5% זיתים,מחלבות גד,,,"ק""ג",1,,true,1,27.90,27.90,false,1,
2390077,true,חלה רגילה}דגנית{,מאפיה מרחבית קרית שמונה,,,"י""ח",500,ל גרם,false,1,4.90,0.98,false,1,
2395408,true,"גבנצ נעם 28% ק""ג *.",*החברה המרכזית להפצת משקאותבעמ,,,"ק""ג",1,,true,1,44.79,44.79,false,1,
2395415,true,חריץ גבינה נעם 9% שקיל,*החברה המרכזית להפצת משקאותבעמ,,,"ק""ג",1,,true,1,70.90,70.90,false,1,
2395422,true,גבינה צהובה נעם 22% שקיל*,*החברה המרכזית להפצת משקאותבעמ,,,"ק""ג",1,,true,1,42.58,42.58,false,1,
2420941,true,אנטריקוט פרוס ארוז זוגות קפוא מחפוד,עוף ירושלים שיווק בעמ,,,"ק""ג",800,ל גרם,true,1,110,13.75,false,1,
2487364,true,בורקס פילו גבינה זיתים 700 גרם,נטו מלינדה סחר בעמ,,,"י""ח",700,ל גרם,false,1,21.90,3.13,true,1,
2487661,true,סטייק עין מוכשר קפוא. מס 1,נטו מלינדה סחר בעמ,,,"ק""ג",800,ל גרם,true,1,54.90,6.86,false,1,
2493058,true,פילה מדומה מס 6 חלק,נטו מלינדה סחר בעמ,,,"ק""ג",1,,true,1,39.90,39.90,false,1,
2505013,true,כרעיים עוף קפוא קהילות,נטו מלינדה סחר בעמ,,,"ק""ג",1,,true,1,37.90,37.90,false,1,
2507451,true,קציצות דג סלמון לבישול 750גרם,נטו מלינדה סחר בעמ,,,"י""ח",7500,ל גרם,false,1,28.90,0.39,true,1,
2507970,true,טונה פוסידון בשמן 960ג,נטו מלינדה סחר בעמ,,,"י""ח",160,ל גרם,false,1,32.90,20.56,false,1,
2511229,true,בולגרית מעודנת 16% המושבה,מחלבות המושבה בעמ,,,"ק""ג",1000,ל גרם,true,1,39.90,3.99,false,1,
2511236,true,בולגרית מעודנת 5% המושבה,מחלבות המושבה בעמ,,,"ק""ג",1,,true,1,39.90,39.90,false,1,
2511243,true,בולגרית פח/רשת שקיל 5%,מחלבות המושבה בעמ,,,"ק""ג",1000,ל גרם,true,1,45.90,4.59,false,1,
2538592,true,קרמבו 8יח טעם וניל/מוקה,גלידות קולורדו בעמ,,,"י""ח",8,"י""ח",false,1,11.90,1.49,false,1,
2538875,true,קרמבו ארטיק 20יח טעם וניל,גלידות קולורדו בעמ,,,"י""ח",8,"י""ח",false,1,21.90,2.74,false,1,
2542780,true,"בירה סטלה ארטואה 330מ""ל 1/6 בקבוק",תימקו בירה בעמ,,,"י""ח",330,"ל מ""ל",false,1,39.90,11.55,true,1,
2542841,true,"לף בלונד בקבוק 330מ""ל 1/6.",תימקו בירה בעמ,,,"י""ח",330,"ל מ""ל",false,1,49.90,14.58,true,1,
2542865,true,"הוגרדן בקבוק 330מ""ל 1/6",תימקו בירה בעמ,,,"י""ח",330,"ל מ""ל",false,1,49.90,14.58,true,1,
2564515,true,קליפות הדר מצופות בשוקולד מריר 100ג,תה ויסוצקי (ישראל)בעמ,,,"י""ח",100,ל גרם,false,1,9.90,9.90,false,1,
2564522,true,דרז`ה פולי קפה בשוקולד מריר 100ג,תה ויסוצקי (ישראל)בעמ,,,"י""ח",100,ל גרם,false,1,9.90,9.90,false,1,
2564539,true,דרז`ה פקאן בשוקולד מריר 100ג,תה ויסוצקי (ישראל)בעמ,,,"י""ח",100,ל גרם,false,1,9.90,9.90,false,1,
2579496,true,"נר נשמה 48ש בזכוכית""שווה""",ח.כהן סוכנות מזון ומשקאות בע,,,"י""ח",1,,false,1,4.90,4.90,false,1,
2579731,true,"נר נשמה שבועי בזכוכית""שווה""",ח.כהן סוכנות מזון ומשקאות בע,,,"י""ח",1,,false,1,9.90,9.90,false,1,
2596677,true,פילה אמנון קפוא,נטו מלינדה סחר בעמ,,,"ק""ג",1,,true,1,29.90,29.90,false,1,
2603351,true,טונה מארז 1/4 בשמן ויליגיר{140גר,נטו מלינדה סחר בעמ,,,"י""ח",560,ל גרם,false,1,20.90,3.73,true,1,
2608363,true,לחמניה המבורגר פרוסה פרמיום,ג נרל מילס ישראל בעמ,,,"י""ח",1,,false,1,3.50,3.50,true,1,
2608509,true,לחם מחמצת זיתי קלמטה 530גר,ג נרל מילס ישראל בעמ,,,"י""ח",530,ל גרם,false,1,16.90,3.19,true,1,
2627098,true,פיצה ביס 350גר שלושת האופים,נטו מלינדה סחר בעמ,,,"י""ח",350,ל גרם,false,1,17.90,5.11,true,1,
2628170,true,צלי כתף מס 5 חלק ג.חול פרגוואי.,בלדי בעמ,,,"ק""ג",1,"ק""ג",true,1,79.90,79.90,true,1,
2657408,true,טונה פוסידון 960גרם,נטו מלינדה סחר בעמ,,,"י""ח",160,ל גרם,false,1,24.60,15.38,false,1,
2661535,true,"פירורי לחם זהוב 1ק""ג",י.את א. ברמן בעמ,,,"י""ח",1,"ק""ג",false,1,12.90,12.90,false,1,
2661931,true,מארז לחמניות פרג שמינייה,י.את א. ברמן בעמ,,,"י""ח",1,,false,1,23.90,23.90,false,1,
2692768,true,תרסיס שמן קנולה מזוכך ללא תוספת גז 200,סוגת תעשיות בעמ,,,"י""ח",200,"ל מ""ל",false,1,14.90,7.45,false,1,
2692775,true,"תרסיס שמן קנולה 200מ""ל עץ הזית",סוגת תעשיות בעמ,,,"י""ח",2,ליטר,false,1,14.90,7.45,false,1,
2692782,true,תרסיס טעם זית כתית מעולה ללא תוספת גז1,סוגת תעשיות בעמ,,,"י""ח",200,"ל מ""ל",false,1,14.90,7.45,false,1,
2706731,true,רצועות פילה נסיכה קפוא 100% דג,נטו מלינדה סחר בעמ,,,"ק""ג",1,"ק""ג",true,1,79.90,79.90,false,1,
2706960,true,פילה ברבוניה מגש 400גר`,נטו מלינדה סחר בעמ,,,"י""ח",400,ל גרם,false,1,28.90,7.23,false,1,
2730903,true,סבון מוצק ורדים פלמוליב 4יח,ש.שסטוביץ בעמ,,,"י""ח",360,ל גרם,false,1,16.90,4.69,true,1,
2750338,true,לחם עגבניות מיובשות 530גר,ג נרל מילס ישראל בעמ,,,"י""ח",530,ל גרם,false,1,16.90,3.19,true,1,
2750789,true,לחמנית ילדים מתוקה,ג נרל מילס ישראל בעמ,,,"י""ח",1,,false,1,1.30,1.30,false,1,
2750963,true,בגט רוסטיק פילסברי,ג נרל מילס ישראל בעמ,,,"י""ח",1,,false,1,7.90,7.90,true,1,
2757139,true,מלוואח 700 גר`שלושת האופים,נטו מלינדה סחר בעמ,,,"י""ח",700,ל גרם,false,1,17.90,2.56,true,1,
2757511,true,קציצת דג לבישול 750גר`,נטו מלינדה סחר בעמ,,,"י""ח",750,"ל מ""ל",false,1,28.90,3.85,true,1,
2757535,true,בורקס פילו-אצבעות גבינה 500גר`,נטו מלינדה סחר בעמ,,,"י""ח",500,ל גרם,false,1,21.90,4.38,true,1,
2757542,true,אטריות קדאיף 400גר,נטו מלינדה סחר בעמ,,,"י""ח",400,ל גרם,false,1,21.90,5.48,false,1,
2757665,true,קבב מזרחי 400גר`,נטו מלינדה סחר בעמ,,,"י""ח",400,ל גרם,false,1,15.60,3.90,false,1,
2757672,true,המבורגר 400גר`,נטו מלינדה סחר בעמ,,,"י""ח",400,ל גרם,false,1,15.60,3.90,false,1,
2757719,true,"בצק עלים 1 ק""ג",נטו מלינדה סחר בעמ,,,"י""ח",1,"ק""ג",false,1,16.90,16.90,false,1,
2757726,true,בורקס גבינה 700 ג`,נטו מלינדה סחר בעמ,,,"י""ח",700,ל גרם,false,1,19.90,2.84,false,1,
2757733,true,ג`חנון 650 ג`,נטו מלינדה סחר בעמ,,,"י""ח",650,ל גרם,false,1,12.90,1.98,false,1,
2757740,true,"בורקס תפו""א 700 ג` סדרה אדומה",נטו מלינדה סחר בעמ,,,"י""ח",700,ל גרם,false,1,14.90,2.13,false,1,
2757757,true,מלאווח 700גר`,נטו מלינדה סחר בעמ,,,"י""ח",700,ל גרם,false,1,13.90,1.99,false,1,
2775034,true,"מיני בורקס פילו תפו""א 650גר`",נטו מלינדה סחר בעמ,,,"י""ח",650,ל גרם,false,1,19.90,3.06,false,1,
2775041,true,בורקס פילו תרד 650גר`,נטו מלינדה סחר בעמ,,,"י""ח",650,ל גרם,false,1,19.90,3.06,true,1,
2787211,true,גאודה שקיל,נטו מלינדה סחר בעמ,,,"ק""ג",1,,true,1,47.90,47.90,false,1,
2787495,true,42209פילה סלמון קפוא,נטו מלינדה סחר בעמ,,,"ק""ג",1,,true,1,79.90,79.90,false,1,
2787570,true,פילה דג סלמון קפוא V,נטו מלינדה סחר בעמ,,,"ק""ג",1,,true,1,69.90,69.90,false,1,
2787884,true,"מקלות בורקס פילו תפו""א 650גר`",נטו מלינדה סחר בעמ,,,"י""ח",650,ל גרם,false,1,21.90,3.37,true,1,
2787891,true,מקלות בורקס פילו תרד 650גר`,נטו מלינדה סחר בעמ,,,"י""ח",650,ל גרם,false,1,21.90,3.37,true,1,
2814603,true,"מסיר שומנים קר מבושם 750מ""ל",קומפלקס כימיקלסבעמ ~~~,,,"י""ח",0.75,ליטר,false,1,14.90,19.87,false,1,
2814887,true,מטליות לחות לניקוי רצפות,קומפלקס כימיקלסבעמ ~~~,,,"י""ח",100,ל גרם,false,1,9.90,9.90,false,1,
2827306,true,נקניקיות עוף 400 גר`מחפוד,עוף ירושלים שיווק בעמ,,,"י""ח",400,ל גרם,false,1,8.90,2.23,true,1,
2827320,true,נקניקיות עוף מרגז 400 גר`מחפוד,עוף ירושלים שיווק בעמ,,,"י""ח",400,ל גרם,false,1,19.90,4.98,false,1,
2827337,true,נקניקיות עוף פיקנטי400 גר`מחפוד,עוף ירושלים שיווק בעמ,,,"י""ח",400,ל גרם,false,1,8.90,2.23,true,1,
2871248,true,טובורג רד 500 חוזר,החברה המרכזית להפצת משקאות בעמ,,,"י""ח",500,"ל מ""ל",false,1,8.20,1.40,true,1,
2871361,true,2542780קרלסברג בירה 500 חוזר,החברה המרכזית להפצת משקאות בעמ,,,"י""ח",500,"ל מ""ל",false,1,8.20,1.40,false,1,
2919179,true,פילה אמנון בלדי,בלדי בעמ,,,"ק""ג",1,"ק""ג",true,1,32.90,32.90,false,1,
2922865,true,קבב מובחר טאק טורו בית יוסף,נטו מלינדה סחר בעמ,,,"י""ח",1,,false,1,17.90,17.90,true,1,
2922872,true,המבורגר מובחר טאק טורו בית יוסף 500ג,נטו מלינדה סחר בעמ,,,"י""ח",500,ל גרם,false,1,17.90,3.58,true,1,
2929284,true,טונה פוסידון 140ג 1/4,נטו מלינדה סחר בעמ,,,"י""ח",560,ל גרם,false,1,19.90,3.55,false,1,
2929512,true,פלאפל כדורי קפוא 500גרם,נטו מלינדה סחר בעמ,,,"י""ח",500,ל גרם,false,1,13.90,2.78,false,1,
2929536,true,קובה למרק 600ג ג,נטו מלינדה סחר בעמ,,,"י""ח",600,ל גרם,false,1,13.90,2.32,false,1,
2929642,true,טונה מארז 4 יח }ויליגיר{ 140גר,נטו מלינדה סחר בעמ,,,"י""ח",560,ל גרם,false,1,20.90,3.73,true,1,
2929734,true,"~גפילטע פיש 570 גר` קציצות קרפיון בד""ץ",נטו מלינדה סחר בעמ,,,"י""ח",570,ל גרם,false,1,12.90,2.26,false,1,
2954217,true,"אורז יסמין מדליה 1ק""ג",בני ג ורג שוקחה (חיפה) בעמ,,,"י""ח",1,"ק""ג",false,1,9.90,9.90,false,1,
2954460,true,"אורז אוסטרלי עגול 1ק""ג",בני ג ורג שוקחה (חיפה) בעמ,,,"י""ח",1,"ק""ג",false,1,10.90,10.90,false,1,
2971191,true,"קמח חיטה לבן שטיבל 1ק""ג",טחנות קמח שטיבל בש בעמ,,,"י""ח",1,"ק""ג",false,1,3.90,3.90,true,1,
2971955,true,"קמח לבן 650 ללא צורך בניפוי 1ק""ג שטיבל",ח.כהן סוכנות מזון ומשקאות בע,,,"י""ח",1,"ק""ג",false,1,8.90,8.90,false,1,
2971962,true,"קמח מלא 100% 1ק""ג ללא צורך בניפוי",ח.כהן סוכנות מזון ומשקאות בע,,,"י""ח",1,"ק""ג",false,1,8.90,8.90,false,1,
2971986,true,קמח שיפון ללא צורך בניפוי,ח.כהן סוכנות מזון ומשקאות בע,,,"י""ח",1,"ק""ג",false,1,8.90,8.90,false,1,
2971993,true,קמח כוסמין מלא ללא צורך בניפוי,ח.כהן סוכנות מזון ומשקאות בע,,,"י""ח",1,"ק""ג",false,1,14.90,14.90,false,1,
2972006,true,"קמח בהיר 405 ללא צורך בניפוי 1ק""ג שטיב",ח.כהן סוכנות מזון ומשקאות בע,,,"י""ח",1,"ק""ג",false,1,8.90,8.90,false,1,
2972365,true,"קמח תופח ללא צורך בניפוי 1ק""ג",ח.כהן סוכנות מזון ומשקאות בע,,,"י""ח",1,"ק""ג",false,1,8.90,8.90,false,1,
2972426,true,"קמח מלא 80% ללא צורך בניפוי 1ק""ג",ח.כהן סוכנות מזון ומשקאות בע,,,"י""ח",1,"ק""ג",false,1,7.90,7.90,false,1,
2973669,true,"קמח לחם שטיבל 2 ללא צורך בניפוי 1ק""ג",טחנות קמח שטיבל בש בעמ,,,"י""ח",1,"ק""ג",false,1,7.90,7.90,false,1,
2973812,true,"קמח כוסמין 80% ללא צורך בניפוי 1ק""ג",ח.כהן סוכנות מזון ומשקאות בע,,,"י""ח",1,"ק""ג",false,1,15.90,15.90,false,1,
2973829,true,"קמח כוסמין לבן ללא צורך בניפוי 1ק""ג.",ח.כהן סוכנות מזון ומשקאות בע,,,"י""ח",1,"ק""ג",false,1,15.90,15.90,false,1,
2974116,true,קמח כפרי שטיבל ללא צ.בניפוי,ח.כהן סוכנות מזון ומשקאות בע,,,"י""ח",1,"ק""ג",false,1,8.90,8.90,false,1,
2974222,true,קמח עוגיות 4 שטיבל ללא צ.בניפוי,ח.כהן סוכנות מזון ומשקאות בע,,,"י""ח",1,"ק""ג",false,1,7.90,7.90,false,1,
2974239,true,קמח עוגיות 5 שטיבל ללא צ.בניפוי,ח.כהן סוכנות מזון ומשקאות בע,,,"י""ח",1,"ק""ג",false,1,7.90,7.90,false,1,
2974314,true,קמח פיצה שטיבל ללא צ.בניפוי,ח.כהן סוכנות מזון ומשקאות בע,,,"י""ח",1,"ק""ג",false,1,10.90,10.90,false,1,
3013128,true,פתיל משושה,צבע ומכחול (2014) בעמ,,,"י""ח",1,,false,1,5.90,5.90,false,1,
3031702,true,"נקנקיות הודו 1 ק""ג מהדרין",תנובה בשר,,,"י""ח",1,"ק""ג",false,1,24.90,24.90,false,1,
3031733,true,פסטרמה על גחלים 400 גרם,תנובה בשר,,,"י""ח",400,ל גרם,false,1,31.90,7.98,false,1,
3031849,true,צמד כפרי ברביקיו ודבש 600ג מחפוד,תנובה בשר,,,"י""ח",600,ל גרם,false,1,24.80,4.13,false,1,
3060283,true,"7290003060283קמח תופח מעושר בחנקן 1ק""ג",טחנות ישראליות בעמ,,,"י""ח",1,"ק""ג",false,1,8.90,8.90,true,1,
3069156,true,פילה דג סלמון קפוא V,נטו מלינדה סחר בעמ,,,"ק""ג",1,"ק""ג",true,1,79.90,79.90,false,1,
3069590,true,"סול פילה ארוז 1ק""ג.",נטו מלינדה סחר בעמ,,,"י""ח",1,"ק""ג",false,1,36.90,36.90,false,1,
3069682,true,בצק פילאס 500ג,נטו מלינדה סחר בעמ,,,"י""ח",500,ל גרם,false,1,21.90,4.38,true,1,
3069705,true,"פיצה אישית גבינה דקה תפזורת בעל""ז",נטו מלינדה סחר בעמ,,,"י""ח",1,"י""ח",false,1,2.90,2.90,true,1,
3072521,true,פסטרמה כתף בקר מעושנת 300ג,תנובה בשר,,,"י""ח",300,ל גרם,false,1,29.90,9.97,false,1,
3072804,true,פסטרמה של פעם 200ג,תנובה בשר,,,"י""ח",200,ל גרם,false,1,21.90,10.95,false,1,
3102136,true,צמר גפן רפואי,אינטרסן (1996) בעמ,,,"י""ח",1,,false,1,5.50,5.50,false,1,
3103285,true,פטינה שקיל שאראוס .,"שטראוס גרופ ***בע""מ",,,"ק""ג",1,"ק""ג",true,1,24.90,24.90,true,1,
3107353,true,משפר אפיה ביתי שמרים יבשים שטיבל 33ג,ח.כהן סוכנות מזון ומשקאות בע,,,"י""ח",33,ל גרם,false,1,5.90,17.88,false,1,
3111034,true,"שיפוד שווארמה עוף מתובל 20ק""ג",בלדי בעמ,,,"ק""ג",1,,true,1,57.90,57.90,false,1,
3122042,true,שניצל הודו מעובד 120ג,בלדי בעמ,,,"ק""ג",1,,true,1,36.90,36.90,false,1,
3122043,true,שניצל הודו מעובד 170ג,בלדי בעמ,,,"ק""ג",1,,true,1,36.90,36.90,false,1,
3122045,true,שניצל הודו מעובד 200ג,בלדי בעמ,,,"ק""ג",1,,true,1,36.90,36.90,false,1,
3140237,true,"סילאן לחיץ 360ג כשל""פ",ליימן שליסל,,,"י""ח",360,ל גרם,false,1,16,4.44,false,1,
3141071,true,פרגיות עוף ארוך בלי עור קפוא ארוז.,בלדי בעמ,,,"ק""ג",1,,true,1,61.90,61.90,false,1,
3141072,true,פרגיות עוף ארוך עם עור קפוא ארוז.,בלדי בעמ,,,"ק""ג",1,,true,1,57.90,57.90,false,1,
3141074,true,"שניצל עוף 120גר קפוא ארוז 10ק""ג",בלדי בעמ,,,"ק""ג",500,ל גרם,true,1,47.90,9.58,false,1,
3141075,true,"שניצל עוף 150גר קפוא ארוז 10ק""ג",בלדי בעמ,,,"ק""ג",500,ל גרם,true,1,49.90,9.98,false,1,
3141076,true,"שניצל עוף 170גר קפוא ארוז 10ק""ג",בלדי בעמ,,,"ק""ג",500,ל גרם,true,1,49.90,9.98,false,1,
3141157,true,שניצל הודו מעובד 150ג,בלדי בעמ,,,"ק""ג",1,,true,1,36.90,36.90,false,1,
3141159,true,יוגטה מרשמלו 180ג,ליימן שליסל,,,"י""ח",180,ל גרם,false,1,9.10,5.06,true,1,
3143139,true,סילאן קליית גת 900גרם,ליימן שליסל,,,"י""ח",900,ל גרם,false,1,18.90,2.10,true,1,
3143146,true,"ממרח תמרים קליית גת 450גרם כשל""פ",ליימן שליסל,,,"י""ח",450,ל גרם,false,1,6.40,1.42,false,1,
3143351,true,"תערובת עוגת וניל כשל""פ 560גר`",ליימן שליסל,,,"י""ח",560,ל גרם,false,1,19.90,3.55,false,1,
3144679,true,הוטפופ 5(בדלי) שקיות עם מלח,ליימן שליסל,,,"י""ח",500,ל גרם,false,1,16.90,3.38,true,1,
3157624,true,שניצל עוף פרוס ארוז טמה שווארץ קפוא~,עוף ירושלים שיווק בעמ,,,"ק""ג",1,"ק""ג",true,1,49.90,49.90,false,1,
3169993,true,מיקס בקלאווה,הלל בן הלל שיווק ומסחר בעמ,,,"י""ח",250,ל גרם,false,1,29.90,11.96,false,1,
3189427,true,צהובה טובה קלאסית 5% בלוק,גבינות הכפר בעמ,,,"ק""ג",1,,true,1,39.90,39.90,false,1,
3192471,true,נקניק פריזר 600גר,מעדני יחיעם 1993 בעמ,,,"י""ח",600,ל גרם,false,1,15.90,2.65,false,1,
3196131,true,לחמניית המבורגר 100ג,****דין שיווק וקליה 2021 בעמ,,,"י""ח",1,,false,1,3.50,3.50,true,1,
3196186,true,דונאטס,****דין שיווק וקליה 2021 בעמ,,,"י""ח",1,,false,1,7.90,7.90,true,1,
3208609,true,מרטיני רוסו,מ.אקרמן בעמ,,,"י""ח",750,"ל מ""ל",false,1,59.90,7.95,true,1,
3229154,true,סלמי קוניאק מובחר,תנובה בשר,,,"י""ח",300,ל גרם,false,1,32.40,10.80,false,1,
3268641,true,חלה מתוקה מיוחדת 500גר,דגנית עין בר ~~~,,,"י""ח",500,ל גרם,false,1,12.90,2.58,false,1,
3287956,true,פילה לברק יפני 5-7 וואקום בלדי.,בלדי בעמ,,,"ק""ג",1,"ק""ג",true,1,49.90,49.90,false,1,
3310555,true,מאגדת טילון קרם עוגיות 400גר,מוצרי איכות אמריקאיים בעמ,,,"י""ח",400,ל גרם,false,1,29.90,7.48,false,1,
3329229,true,פילה מדומה מס `6 מוכשר פרגוואי,בלדי בעמ,,,"ק""ג",1,,true,1,39.90,39.90,false,1,
3329502,true,צלי כתף מס 5 חלק ג.חול פרגוואי.,נטו מלינדה סחר בעמ,,,"ק""ג",1,"ק""ג",true,1,59.90,59.90,true,1,
3400500,true,חטיף קרמל עם בוטנים נטרייג`ס 47גר,ליימן שליסל,,,"י""ח",47,ל גרם,false,1,4.90,10.43,false,1,
3402809,true,חטיף שוקולד לבן ריזס 39גר.,ליימן שליסל,,,"י""ח",39,ל גרם,false,1,3.90,10,false,1,
3423909,true,חטיף שוקולד לבן קוקיז אנד קרים 43גר,ליימן שליסל,,,"י""ח",43,ל גרם,false,1,4.90,11.40,false,1,
3438853,true,אוליביה אריסה חריסה 180גר,תה ויסוצקי (ישראל)בעמ,,,"י""ח",180,ל גרם,false,1,13.90,7.72,true,1,
3444009,true,חטיף שוקולד לבן ריזס 42גר,ליימן שליסל,,,"י""ח",43,ל גרם,false,1,3.90,9.07,false,1,
3468638,true,גבינה צפתית}מחלבנה{,לפ מריו שווק ד.ד בעמ,,,"ק""ג",1,,true,1,39.90,39.90,false,1,
3514007,true,שקדי מרק 400 גר`MANA,ש.שסטוביץ בעמ,,,"י""ח",400,ל גרם,false,1,8.80,2.20,true,1,
3526871,true,פטריות חתוך מארז שלשות,נטו מלינדה סחר בעמ,,,"י""ח",290,ל גרם,false,1,11.90,4.10,false,1,
3550937,true,רגל פרוסה במגש.,נטו מלינדה סחר בעמ,,,"ק""ג",1,,true,1,39.90,39.90,false,1,
3560356,true,מח בקר קפוא,ח.י. מעדני גורמה בעמ,,,"ק""ג",1,,true,1,119.90,119.90,false,1,
3570430,true,טחון עוף קפוא 500גרם ארוז,בלדי בעמ,,,"י""ח",500,ל גרם,false,1,26.90,5.38,false,1,
3570577,true,"גרונות הודו קפוא ארוז בד""ץ העדה החרדית",בלדי בעמ,,,"ק""ג",1,"ק""ג",true,1,44.90,44.90,false,1,
3570591,true,שוקיים הודו קפוא העדה החרדית,בלדי בעמ,,,"ק""ג",1,"ק""ג",true,1,35.90,35.90,false,1,
3570782,true,גרונות הודיות קפוא העדה החרדית,בלדי בעמ,,,"ק""ג",1,"ק""ג",true,1,44.90,44.90,false,1,
3571093,true,עצמות בקר לחמין ארוז העדה החרדית,בלדי בעמ,,,"ק""ג",1,,true,1,21.90,21.90,false,1,
3572267,true,חזה בקר מס 3 מוכשר ברזיל קפוא,בלדי בעמ,,,"ק""ג",1,,true,1,29.90,29.90,false,1,
3579379,true,מרלוזה פילה ללא עור קפוא,בלדי בעמ,,,"ק""ג",1,,true,1,24.90,24.90,false,1,
3579683,true,צלעות מס2 מוכשר ברזיל קפוא,בלדי בעמ,,,"ק""ג",1,,true,1,38.90,38.90,true,1,
3579751,true,בשר ראש מוכשר ברזיל,בלדי בעמ,,,"ק""ג",1,,true,1,70.90,70.90,false,1,
3579775,true,לשון בקר מוכשר ברזיל,בלדי בעמ,,,"ק""ג",1,,true,1,33.90,33.90,false,1,
3579812,true,מכסה הצלע מס7 מוכשר ברזיל קפוא,בלדי בעמ,,,"ק""ג",1,,true,1,30.90,30.90,false,1,
3580252,true,סטייק אנטריקוט פרוס ארוז העדה החרדית,בלדי בעמ,,,"ק""ג",1,,true,1,139.90,139.90,false,1,
3580290,true,מיני אסאדו עם עצם ארוז העדה החרדית,בלדי בעמ,,,"ק""ג",1,,true,1,94.90,94.90,false,1,
3580719,true,פילה מדומה מס `6חלק פרגוואי,בלדי בעמ,,,"ק""ג",1,,true,1,39.90,39.90,false,1,
3581563,true,מכסה הצלע מס -7ג. חלק קפוא.,בלדי בעמ,,,"ק""ג",1,"ק""ג",true,1,31.90,31.90,false,1,
3598038,true,כבד אווז קפוא,בלדי בעמ,,,"ק""ג",1,"ק""ג",true,1,399.90,399.90,false,1,
3598472,true,פילה סלומון מנות בלדי.,בלדי בעמ,,,"ק""ג",1,"ק""ג",true,1,89.90,89.90,false,1,
3598489,true,לשון בקר אשפר קפוא,בלדי בעמ,,,"ק""ג",1,"ק""ג",true,1,46.90,46.90,false,1,
3598519,true,"בשר ראש אשפר בד""ץ",בלדי בעמ,,,"ק""ג",1,,true,1,99.90,99.90,false,1,
3608622,true,RC קולה ב-15.90,שונות /שרות,,,"י""ח",1,,false,1,15.90,15.90,false,1,
3632169,true,פילה מדומה מס `6 מוכשר פרגוואי,בלדי בעמ,,,"ק""ג",1,,true,1,39.90,39.90,false,1,
3633940,true,לשון קפוא חלק[,ח.י. מעדני גורמה בעמ,,,"ק""ג",1,,true,1,41.90,41.90,false,1,
3643325,true,קוסקוס מזרחי 350 גר`סוגת,סוגת תעשיות בעמ,,,"י""ח",350,ל גרם,false,1,4.90,1.40,false,1,
3648207,true,מטיאס שקיל,סלטי שמיר2006בעמ,,,"ק""ג",1,"ק""ג",true,1,55,55,false,1,
3670116,true,עוף מס1 קפוא ארוז עדה החרדית,בלדי בעמ,,,"ק""ג",500,ל גרם,true,1,34.90,6.98,false,1,
3670123,true,עוף מס2 קפוא ארוז עדה החרדית,בלדי בעמ,,,"ק""ג",500,ל גרם,true,1,34.90,6.98,false,1,
3670130,true,עוף מס3 קפוא ארוז עדה החרדית,בלדי בעמ,,,"ק""ג",500,ל גרם,true,1,34.90,6.98,false,1,
3670147,true,עוף מחולק קפוא ארוז עדה החרדית,בלדי בעמ,,,"ק""ג",500,ל גרם,true,1,35.90,7.18,false,1,
3670154,true,כרעיים עוף קפוא ארוז עדה החרדית,בלדי בעמ,,,"ק""ג",1,,true,1,49.90,49.90,false,1,
3670161,true,חזה עוף קפוא ארוז עדה החרדית,בלדי בעמ,,,"ק""ג",1,,true,1,52.90,52.90,false,1,
3670192,true,כנפיים עוף קפוא עדה החרדית,בלדי בעמ,,,"ק""ג",1,,true,1,15.90,15.90,false,1,
3670222,true,ירכיים עוף קפוא ארוז עדה החרדית,בלדי בעמ,,,"ק""ג",1,,true,1,44.90,44.90,false,1,
3670895,true,עוף שלם קפוא ארוז עדה החרדית,בלדי בעמ,,,"ק""ג",500,ל גרם,true,1,34.90,6.98,false,1,
3718719,true,לברק פילה 5/7 עדה חרדית קפוא,בלדי בעמ,,,"ק""ג",1,,true,1,46.80,46.80,false,1,
3726592,true,טופו ויילר 300גר טעם פסטו,"שטראוס גרופ ***בע""מ",,,"י""ח",300,ל גרם,false,1,12,4,true,1,
3726615,true,טופו ויילר 300גר,"שטראוס גרופ ***בע""מ",,,"י""ח",300,ל גרם,false,1,12,4,true,1,
3976607,true,אקונומיקה סמיכה 4 ל` טאצ`לבנדר.,סאסאטק אגשח בעמ,,,"י""ח",4,ליטר,false,1,12.90,3.23,true,1,
3996520,true,כרוב לבן חסלט 750גר כפרי טרי,יעל ירק עלים לשיווק בעמ,,,"י""ח",750,ל גרם,false,1,13.90,1.85,false,1,
4011284,true,"בסיס להכנת קצפת 212מ""ל",נטו מלינדה סחר בעמ,,,"י""ח",212,"ל מ""ל",false,1,9.90,4.67,true,1,
4011338,true,"קצפת 250מ""ל",נטו מלינדה סחר בעמ,,,"י""ח",250,"ל מ""ל",false,1,9.90,3.96,false,1,
4011345,true,"קצפת ריצ`פרווה במיכל 250 מ""ל",נטו מלינדה סחר בעמ,,,"י""ח",250,"ל מ""ל",false,1,15.60,6.24,false,1,
4014407,true,סוכריות M M שוקו,מרס ריגלי ישראל בעמ,,,"י""ח",1,,false,1,4.90,4.90,true,1,
4030100,true,מיץ תפוזים סחוט 1ל פריניב,תנובה בעמ ***,,,"י""ח",1,ליטר,false,1,17.30,17.30,false,1,
4030216,true,מיץ חמוציות 1 ליטר,תנובה בעמ ***,,,"י""ח",1,ליטר,false,1,12.50,12.50,true,1,
4030223,true,מיץ תפוח 1 ליטר סחוט 100%,תנובה בעמ ***,,,"י""ח",1,ליטר,false,1,18.60,18.60,true,1,
4030445,true,מיץ תפוזים 1 ליטר,תנובה בעמ ***,,,"י""ח",1,ליטר,false,1,14.90,14.90,false,1,
4030544,true,מיץ לימונענע 1 ליטר,תנובה בעמ ***,,,"י""ח",1,ליטר,false,1,12.50,12.50,true,1,
4030612,true,"מיץ קיווי אגס 90% מיץ 1ל ללא""ס",תנובה בעמ ***,,,"י""ח",1,ליטר,false,1,14.50,14.50,true,1,
4030728,true,"מיץ לימון 100% 250 מ""ל מחנה יהודה",פריניב סחר והפצה בעמ,,,"י""ח",250,"ל מ""ל",false,1,7.90,3.16,true,1,
4030766,true,"מיץ לימון טבעי 250מ""ל מחנה יהודה",תנובה בעמ ***,,,"י""ח",250,"ל מ""ל",false,1,8.20,3.16,true,1,
4030810,true,שייק 100% בננה פסיפלורה תפוז ללא תוספת,תנובה בעמ ***,,,"י""ח",1,ליטר,false,1,18.60,18.60,true,1,
4030834,true,מיץ רימונים 1 ליטר,תנובה בעמ ***,,,"י""ח",1,ליטר,false,1,23.20,23.20,false,1,
4030865,true,"קווי אגס 500 מ""ל",מאפיית הראשונים מ.ל. בעמ,,,"י""ח",500,"ל מ""ל",false,1,10,2,false,1,
4033705,true,לחמניות המבורגר 6יח,י.את א. ברמן בעמ,,,"י""ח",600,ל גרם,false,1,13.90,2.32,false,1,
4043108,true,MNM שוקו 80ג.,מרס ריגלי ישראל בעמ,,,"י""ח",80,ל גרם,false,1,7.90,9.88,false,1,
4043205,true,MNM פינאטס 92ג,מרס ריגלי ישראל בעמ,,,"י""ח",92,ל גרם,false,1,7.90,8.59,false,1,
4048525,true,פילה אמנון דלידג,נטו מלינדה סחר בעמ,,,"ק""ג",200,ל גרם,true,1,27.90,13.95,false,1,
4063016,true,"מלח שולחן 1 ק""ג*",סוגת תעשיות בעמ,,,"י""ח",1,"ק""ג",false,1,1.70,1.70,false,1,
4064082,true,מטחנה מלח ים טבעי,סוגת תעשיות בעמ,,,"י""ח",400,ל גרם,false,1,12.90,3.23,false,1,
4064099,true,מטחנה מלח מהרי ההימלאיה,סוגת תעשיות בעמ,,,"י""ח",400,ל גרם,false,1,12.90,3.23,false,1,
4064105,true,מטחנה מלח עשבי תיבול,סוגת תעשיות בעמ,,,"י""ח",400,ל גרם,false,1,12.90,3.23,false,1,
4064174,true,"מלח דק 1 ק""ג צנצנת ההימלאיה",סוגת תעשיות בעמ,,,"י""ח",1,"ק""ג",false,1,17.90,17.90,false,1,
4064198,true,מטחנה מלח אקסטרא תבלינים ספייסי,סוגת תעשיות בעמ,,,"י""ח",175,ל גרם,false,1,12.90,7.37,false,1,
4064228,true,מטחנה מלח אקסטרא תבלינים שום פלפל,סוגת תעשיות בעמ,,,"י""ח",175,ל גרם,false,1,12.90,7.37,false,1,
4064297,true,"מלח מאושר ביוד צנצנת 1ק""ג",סוגת תעשיות בעמ,,,"י""ח",1,"ק""ג",false,1,8.90,8.90,false,1,
4064334,true,מלח פלוס שום מלחייה 175ג,סוגת תעשיות בעמ,,,"י""ח",175,ל גרם,false,1,9.90,5.66,false,1,
4064372,true,מטחנה מלח אקסטרא תבלינים איטלקי 105גר,סוגת תעשיות בעמ,,,"י""ח",175,ל גרם,false,1,12.90,7.37,false,1,
4064389,true,מלח הימלאיה דק מלחייה 250 גרם,סוגת תעשיות בעמ,,,"י""ח",2.50,"י""ח",false,1,9.90,3.96,false,1,
4075231,true,סטייק דק דק פרמיום מיט קפוא מחפוד 300ג,עוף ירושלים שיווק בעמ,,,"י""ח",300,ל גרם,false,1,24.90,8.30,false,1,
4075613,true,שווארמה עוף להקפצה פרוס ארוז קפוא מחפו,עוף ירושלים שיווק בעמ,,,"ק""ג",1,,true,1,59.90,59.90,false,1,
4126650,true,צפתית פיראוס 5% שקיל,תנובה בעמ ***,,,מטר,1,"ק""ג",true,1,55,55,false,1,
4128333,true,לבנה פיראוס,תנובה בעמ ***,,,"י""ח",500,ל גרם,false,1,19.90,3.98,false,1,
4129903,true,.גבינת שמנת שקילה 30% תנובה.,תנובה בעמ ***,,,"ק""ג",1,"י""ח",true,1,40,40,false,1,
4131845,true,לאבנה 9% 750 גר`מהדרין,תנובה בעמ ***,,,"י""ח",750,ל גרם,false,1,24.90,3.32,false,1,
4135324,true,בולגרית מעודנת,תנובה בעמ ***,,,"ק""ג",1,"ק""ג",true,1,49,49,false,1,
4136277,true,"עמק 28% פרוס בד""ץ*",תנובה בעמ ***,,,"ק""ג",1,"י""ח",true,1,63,63,false,1,
4136291,true,צפתית מעודנת פיראוס (5%שקיל).,תנובה בעמ ***,,,"ק""ג",1,"ק""ג",true,1,55,55,false,1,
4136833,true,פיראוס בולגרית 16% שקיל.,תנובה בעמ ***,,,"ק""ג",1,,true,1,58,58,false,1,
4150228,true,כרוב אדום פיקנטי פרמיום 300ג,סלטי שמיר2006בעמ,,,"י""ח",300,ל גרם,false,1,15.90,5.30,true,1,
4150266,true,סלט קטניות צבעוני פיקנטי פרמיום 300ג,סלטי שמיר2006בעמ,,,"י""ח",300,ל גרם,false,1,15.90,5.30,true,1,
4150273,true,חומוס גזר פיקנטי פרמיום 300ג,סלטי שמיר2006בעמ,,,"י""ח",300,ל גרם,false,1,15.90,5.30,true,1,
4150358,true,חומוס סלק פיקנטי פרמיום 300ג,סלטי שמיר2006בעמ,,,"י""ח",300,ל גרם,false,1,15.90,5.30,true,1,
4150365,true,חומוס בטטה פיקנטי פרמיום 300ג,סלטי שמיר2006בעמ,,,"י""ח",300,ל גרם,false,1,15.90,5.30,true,1,
4194178,true,עוף מחפוד}קפוא{,עוף ירושלים שיווק בעמ,,,"ק""ג",1,"ק""ג",true,1,23.90,23.90,false,1,
4194185,true,עוף מחפוד}קפוא{,עוף ירושלים שיווק בעמ,,,"ק""ג",1,"ק""ג",true,1,24.90,24.90,false,1,
4194208,true,כרעיים עוף מחפוד קפוא~,עוף ירושלים שיווק בעמ,,,"ק""ג",1,"ק""ג",true,1,31.90,31.90,false,1,
4194239,true,חזה עוף ארוז מחפוד קפוא~,עוף ירושלים שיווק בעמ,,,"ק""ג",1,"ק""ג",true,1,31.90,31.90,false,1,
4194253,true,כנפיים עוף ארוז מחפוד קפוא ~,עוף ירושלים שיווק בעמ,,,"ק""ג",1,"ק""ג",true,1,7.90,7.90,true,1,
4194260,true,שוקיים עוף ארוז מחפוד קפוא,עוף ירושלים שיווק בעמ,,,"ק""ג",1,"ק""ג",true,1,31.90,31.90,false,1,
4194277,true,ירכיים עוף ארוז מחפוד~,עוף ירושלים שיווק בעמ,,,"ק""ג",1,"ק""ג",true,1,31.90,31.90,false,1,
4194314,true,לבבות עוף קפוא מחפוד ארוז,עוף ירושלים שיווק בעמ,,,"ק""ג",1,,true,1,34.90,34.90,false,1,
4194345,true,שניצל עוף פרוס ארוז מחפוד קפוא~,עוף ירושלים שיווק בעמ,,,"ק""ג",1,"ק""ג",true,1,29.90,29.90,false,1,
4194529,true,עוף טרי ארוז מחפוד**,ח.י. מעדני גורמה בעמ,,,"ק""ג",1,"ק""ג",true,1,22.90,22.90,false,1,
4194536,true,חזה עוף טרי שלם ארוז מחפוד**,ח.י. מעדני גורמה בעמ,,,"ק""ג",1,,true,1,34.90,34.90,false,1,
4194543,true,כרעיים עוף טרי ארוז מחפוד**,ח.י. מעדני גורמה בעמ,,,"ק""ג",1,,true,1,34.90,34.90,true,1,
4194550,true,כנפיים עוף טרי ארוז מחפוד**,ח.י. מעדני גורמה בעמ,,,"ק""ג",1,,true,1,17.90,17.90,true,1,
4194567,true,ירכיים טרי ארוז מחפוד**,ח.י. מעדני גורמה בעמ,,,"ק""ג",1,,true,1,34.90,34.90,true,1,
4194574,true,שוקיים עוף טרי ארוז מחפוד**.,ח.י. מעדני גורמה בעמ,,,"ק""ג",1,,true,1,38.90,38.90,true,1,
4194581,true,פרגיות עוף טרי ארוז מחפוד**,ח.י. מעדני גורמה בעמ,,,"ק""ג",1,,true,1,69.90,69.90,false,1,
4194598,true,כבד עוף טרי מחפוד **,ח.י. מעדני גורמה בעמ,,,"ק""ג",1,,true,1,35.90,35.90,false,1,
4194635,true,שניצל עוף פרוס מחפוד טרי**,ח.י. מעדני גורמה בעמ,,,"ק""ג",1,,true,1,43.90,43.90,true,1,
4194642,true,גרון עוף טרי ארוז מחפוד**.,ח.י. מעדני גורמה בעמ,,,"ק""ג",1,,true,1,10.90,10.90,false,1,
4194703,true,כבד עוף צלוי טרי ארוז מחפוד**,עוף ירושלים שיווק בעמ,,,"ק""ג",1,,true,1,29.90,29.90,false,1,
4225285,true,דנאבלו 100גר נטו,נטו מלינדה סחר בעמ,,,"י""ח",100,ל גרם,false,1,11.70,11.70,false,1,
4225872,true,"קרם קוקוס 400מ""ל ויליגר",נטו מלינדה סחר בעמ,,,"י""ח",400,"ל מ""ל",false,1,6.90,1.73,false,1,
4228804,true,עלי בצק למילוי סיגרים 450 ג`,נטו מלינדה סחר בעמ,,,"י""ח",450,ל גרם,false,1,13.90,3.09,false,1,
4230944,true,מקלות בורקס פילו גבינה 600 גרם,נטו מלינדה סחר בעמ,,,"י""ח",600,ל גרם,false,1,21.90,3.65,true,1,
4256753,true,עלי סיגר מרוקאי 450ג לפסטיליה,נטו מלינדה סחר בעמ,,,"י""ח",500,ל גרם,false,1,13.90,2.78,false,1,
4263188,true,שוק טלה עטרה קפוא.,נטו מלינדה סחר בעמ,,,"ק""ג",1,,true,1,89.90,89.90,false,1,
4263201,true,צלעות כבש עטרה.,נטו מלינדה סחר בעמ,,,"ק""ג",1,,true,1,159.90,159.90,false,1,
4263393,true,קישקע ירושלמי עטרה,נטו מלינדה סחר בעמ,,,"י""ח",1,,false,1,12.90,12.90,false,1,
4267049,true,עוגיות מיני ריבועיות 180 ג`ברמן,ח.כהן סוכנות מזון ומשקאות בע,,,"י""ח",300,ל גרם,false,1,5.90,1.97,false,1,
4267087,true,עוגיות מצופות 200 גרם ברמן,ח.כהן סוכנות מזון ומשקאות בע,,,"י""ח",200,ל גרם,false,1,5.90,2.95,false,1,
4267209,true,עוגיות לקפה 200 גרם ברמן,ח.כהן סוכנות מזון ומשקאות בע,,,"י""ח",200,ל גרם,false,1,5.90,2.95,false,1,
4267759,true,עוגיות מיני-עיגוליות 180 ג`ברמן,ח.כהן סוכנות מזון ומשקאות בע,,,"י""ח",180,ל גרם,false,1,5.90,3.28,false,1,
4323363,true,מרגז תפזורת מוכשר,נטו מלינדה סחר בעמ,,,"ק""ג",400,"ל מ""ל",true,1,36.90,9.23,false,1,
4329457,true,רולדה כתף בקר מעובד ארוז העדה החרדית,בלדי בעמ,,,"ק""ג",1,"ק""ג",true,1,94.90,94.90,false,1,
4329686,true,"שיפוד שווארמה עוף מתובל 10ק""ג",בלדי בעמ,,,"ק""ג",1,,true,1,57.90,57.90,false,1,
4456719,true,קבב בקר 400גרם ארוז העדה החרדית,בלדי בעמ,,,"י""ח",400,ל גרם,false,1,24.90,6.23,false,1,
4480431,true,פטה עיזים מסורתית}גד{,מחלבות גד,,,"ק""ג",1,,true,1,120,120,false,1,
4494919,true,"יין כנען קברנה שיראז דלתון 750מ""",הכרם משקאות חריפים בעמ,,,"י""ח",750,"ל מ""ל",false,1,44.90,5.95,true,1,
4603175,true,מלח ים האדום גס 500ג,סוגת תעשיות בעמ,,,"י""ח",500,ל גרם,false,1,8.90,1.78,false,1,
4649159,true,צלי כתף 5 מוכשר=,נטו מלינדה סחר בעמ,,,"ק""ג",1,,true,1,59.90,59.90,false,1,
4649166,true,פילה מדומה בשר מס 6 מוכשר,נטו מלינדה סחר בעמ,,,"ק""ג",1,,true,1,39.90,39.90,false,1,
4652401,true,ג חנון ללא מרגרינה 650גר שגב,נטו מלינדה סחר בעמ,,,"י""ח",650,ל גרם,false,1,19.90,3.06,true,1,
4685089,true,לחם חמניות 750 גר`ברמן,י.את א. ברמן בעמ,,,"י""ח",750,ל גרם,false,1,15.90,2.12,false,1,
4685447,true,לחמניות כוסמין 6 בשקית,י.את א. ברמן בעמ,,,"י""ח",450,ל גרם,false,1,14.50,3.22,false,1,
4725426,true,"עמק 28% חריץ בד""ץ*",תנובה בעמ ***,,,"ק""ג",1000,ל גרם,true,1,44.79,4.48,false,1,
4725600,true,גבינה סקנדינבית שקיל.,תנובה בעמ ***,,,"ק""ג",10,"ק""ג",true,1,75,7.50,false,1,
4725686,true,בולגרית מעודנת 16% מעדניה,תנובה בעמ ***,,,"ק""ג",1,"ק""ג",true,1,49,49,false,1,
4731564,true,מבשם ומרכך למייבש כביסה כחול,החב הדרומית לשיווק,,,"י""ח",750,"ל מ""ל",false,1,17.90,2.39,true,1,
4861056,true,צפתית טבעי המושבה שקילה 5%.,מחלבות המושבה בעמ,,,"ק""ג",1000,ל גרם,true,1,49,4.90,false,1,
4861377,true,בולגרית למריחה שקילה,מחלבות המושבה בעמ,,,"ק""ג",1,,true,1,37.90,37.90,false,1,
4869779,true,סופגניה אנג`ל,שלמה א.אנג ל בעמ,,,"י""ח",1,,false,1,4.90,4.90,false,1,
5079290,true,חריץ גבינה נעם 15% שקיל,*החברה המרכזית להפצת משקאותבעמ,,,"ק""ג",1,,true,1,66.90,66.90,false,1,
5079320,true,בולגרית 24%,*החברה המרכזית להפצת משקאותבעמ,,,"ק""ג",1,,true,1,54.90,54.90,false,1,
5079344,true,מוצרלה נעם שקיל,*החברה המרכזית להפצת משקאותבעמ,,,"ק""ג",1,,true,1,79.90,79.90,false,1,
5079634,true,גליל קשקבל מעדניה.,*החברה המרכזית להפצת משקאותבעמ,,,"ק""ג",1,,true,1,89.90,89.90,false,1,
5095641,true,חיטה תפוחה מתוקה(שלוה),ציון תורגמן בעמ,,,"י""ח",1,"י""ח",false,1,9.30,9.30,false,1,
5095702,true,חיטה תפוחה בדבש(שלוה),ציון תורגמן בעמ,,,"י""ח",1,"י""ח",false,1,9.60,9.60,false,1,
5095801,true,עמבה תמר 500 גרם עם פרי,ציון תורגמן בעמ,,,"י""ח",500,ל גרם,false,1,17.90,3.58,false,1,
5100079,true,לחמניה אצבע שומשום לבנה,ג נרל מילס ישראל בעמ,,,"י""ח",75,ל גרם,false,1,2.90,3.87,false,1,
5100156,true,עוגיות קוקיס לבן,ג נרל מילס ישראל בעמ,,,"ק""ג",1,,true,1,45,45,false,1,
5100598,true,פרנה לחמנייה מרוקאית,ג נרל מילס ישראל בעמ,,,"י""ח",1,,false,1,4.90,4.90,false,1,
5103003,true,לחמניות המבורגר חצויה,ג נרל מילס ישראל בעמ,,,"י""ח",1,,false,1,3.50,3.50,true,1,
5103048,true,סופגניה מצופה,ג נרל מילס ישראל בעמ,,,"י""ח",1,,false,1,5.90,5.90,true,1,
5103292,true,כריך רוסטיק לבן,ג נרל מילס ישראל בעמ,,,"י""ח",1,,false,1,7.90,7.90,true,1,
5103306,true,בגט רוסטיק צ`ילי ותירס,ג נרל מילס ישראל בעמ,,,"י""ח",1,,false,1,7.90,7.90,true,1,
5103369,true,קוקיס חלבי,ג נרל מילס ישראל בעמ,,,"ק""ג",1,,true,1,45,45,false,1,
5113222,true,מיקס זיתים 2 A יבנה,קבוצת יבנה מוצרי מזון בעמ,,,"י""ח",1,,false,1,9.80,9.80,true,1,
5206494,true,בונג`ור סופגניות 50גר,**קבוצת אוסם סחר-שות.מוגבלת,,,"י""ח",500,ל גרם,false,1,3.90,0.78,false,1,
5206661,true,בונג`ור סופגניות מיני עם ריבה 50גר,**קבוצת אוסם סחר-שות.מוגבלת,,,"י""ח",500,ל גרם,false,1,3.90,0.78,false,1,
5271410,true,ביצים גליקסמן 12 יח*`L,גליקסמן שיווק ביצים 1994 בעמ,,,"י""ח",12,"י""ח",false,1,11.30,0.94,false,1,
5271755,true,ביצים L 12 יח חופש,גליקסמן שיווק ביצים 1994 בעמ,,,"י""ח",12,"י""ח",false,1,18.90,1.58,false,1,
5326523,true,אוליביה פסטו פטרוזיליה ונענע 180גר,תה ויסוצקי (ישראל)בעמ,,,"י""ח",180,ל גרם,false,1,13.90,7.72,true,1,
5326585,true,אוליביה פסטו בזיליקום,תנובה בעמ ***,,,"י""ח",180,ל גרם,false,1,13.90,7.72,false,1,
5326677,true,רוטב ברביקיו 350ג,תה ויסוצקי (ישראל)בעמ,,,"י""ח",350,"ל מ""ל",false,1,13.90,3.97,true,1,
5358548,true,בשר מס `5חלק.,נטו מלינדה סחר בעמ,,,"ק""ג",1,,true,1,59.90,59.90,false,1,
5358739,true,בשר ראש קפוא חלק,נטו מלינדה סחר בעמ,,,"ק""ג",1,,true,1,79.90,79.90,false,1,
5358753,true,לשון חלק,נטו מלינדה סחר בעמ,,,"ק""ג",1,,true,1,34.90,34.90,false,1,
5358852,true,צלי כתף 5 חלק.,נטו מלינדה סחר בעמ,,,"ק""ג",1,,true,1,59.90,59.90,false,1,
5358869,true,בשר מס 6 חלק,נטו מלינדה סחר בעמ,,,"ק""ג",1,,true,1,39.90,39.90,false,1,
5358883,true,שריר בשר מס `8 חלק.,נטו מלינדה סחר בעמ,,,"ק""ג",1,,true,1,32.90,32.90,false,1,
5384899,true,בסגנון פטה ים תיכונית 19%שומן שקיל,ג.וילי פוד אינטרנשיונל בעמ,,,"ק""ג",1,,true,1,22.90,22.90,true,1,
5387043,true,צלעות מס 2 חלק רבנות,בלדי בעמ,,,"ק""ג",1,"ק""ג",true,1,34.90,34.90,true,1,
5424021,true,ריפרש מנטרל ריחות פרשם הום,החב הדרומית לשיווק,,,"י""ח",350,"ל מ""ל",false,1,14.90,4.26,false,1,
5425110,true,תרסיס חיטוי משטחים 99.9% סנו,החב הדרומית לשיווק,,,"י""ח",750,"ל מ""ל",false,1,15.90,2.12,false,1,
5425127,true,תרסיס חיטוי ניקוי יסודי 99.9% סנו,החב הדרומית לשיווק,,,"י""ח",750,"ל מ""ל",false,1,15.90,2.12,false,1,
5431883,true,מלבי חלבי 165ג. תנובה,תנובה בעמ ***,,,"י""ח",165,"ל מ""ל",false,1,6.90,4.18,false,1,
5431968,true,מלבי שמנת 150ג,תנובה בעמ ***,,,"י""ח",150,"ל מ""ל",false,1,7.60,5.07,false,1,
5543296,true,שריר הזרוע 8 בקר קפוא מחפוד,עוף ירושלים שיווק בעמ,,,"ק""ג",1,,true,1,54.90,54.90,false,1,
5555501,true,בקבוק ריק,שונות /שרות,,,"י""ח",1,"י""ח",false,1,1.20,1.20,false,1,
5559907,true,פיצה משפחתית גבינה 500 ג מעדנות,תנובה בשר,,,"י""ח",500,ל גרם,false,1,25.50,5.10,true,1,
5559990,true,בצק פילאס טורקי,תנובה בשר,,,"י""ח",600,ל גרם,false,1,22.90,3.82,false,1,
5610448,true,גזר ארוז,ביכורי השדה צפון 1994 ג.ד. בעמ,,,"ק""ג",1,"ק""ג",true,1,3.90,3.90,false,1,
5610509,true,צנונית ארוזה,ביכורי השדה צפון 1994 ג.ד. בעמ,,,"י""ח",1,,false,1,6.90,6.90,false,1,
5678028,true,ענבים טלי לבן,ביכורי השדה צפון 1994 ג.ד. בעמ,,,"ק""ג",1,,true,1,22.90,22.90,false,1,
5678035,true,ענבים זני,ביכורי השדה צפון 1994 ג.ד. בעמ,,,"ק""ג",1,,true,1,22.90,22.90,false,1,
5678202,true,ענבים אדומים,ביכורי השדה צפון 1994 ג.ד. בעמ,,,"ק""ג",1,,true,1,19.90,19.90,false,1,
5678318,true,ענב טלי בוטיק אוטם קריספי,ביכורי השדה צפון 1994 ג.ד. בעמ,,,"ק""ג",1,,true,1,22.90,22.90,false,1,
5678325,true,ענב טלי,ביכורי השדה צפון 1994 ג.ד. בעמ,,,"ק""ג",1,,true,1,22.90,22.90,false,1,
5678387,true,ענב טלי,ביכורי השדה צפון 1994 ג.ד. בעמ,,,"ק""ג",1,,true,1,22.90,22.90,false,1,
5678455,true,ענבים אדומים,ביכורי השדה צפון 1994 ג.ד. בעמ,,,"ק""ג",1,,true,1,19.90,19.90,false,1,
5678585,true,ענב סקרלוטה אדום מארז,ביכורי השדה צפון 1994 ג.ד. בעמ,,,"ק""ג",1,,true,1,16.90,16.90,false,1,
5678608,true,ענבים אדומים טלי,ביכורי השדה צפון 1994 ג.ד. בעמ,,,"ק""ג",1,,true,1,16.90,16.90,false,1,
5678615,true,ענב אדום ארוז,ביכורי השדה צפון 1994 ג.ד. בעמ,,,"ק""ג",1,,true,1,19.90,19.90,false,1,
5678738,true,ענב טלי,ביכורי השדה צפון 1994 ג.ד. בעמ,,,"ק""ג",1,,true,1,22.90,22.90,false,1,
5678745,true,ענב אדום ארוז,ביכורי השדה צפון 1994 ג.ד. בעמ,,,"ק""ג",1,,true,1,19.90,19.90,false,1,
5678806,true,ענב אדום ארוז.,ביכורי השדה צפון 1994 ג.ד. בעמ,,,"ק""ג",1,,true,1,22.90,22.90,false,1,
5678844,true,ענבים לבן טימפסון,ביכורי השדה צפון 1994 ג.ד. בעמ,,,"ק""ג",1,,true,1,22.90,22.90,false,1,
5678905,true,כוסברה,ביכורי השדה צפון 1994 ג.ד. בעמ,,,"י""ח",1,,false,1,3.90,3.90,false,1,
5689475,true,פילה מדומה 6 בקר קפאו מחפוד,עוף ירושלים שיווק בעמ,,,"ק""ג",48.90,ל גרם,true,1,59.90,122.49,false,1,
5692543,true,"נקניקיות מרגז חריפות 1ק""ג מחפוד",עוף ירושלים שיווק בעמ,,,"י""ח",1,"ק""ג",false,1,49.90,49.90,false,1,
5692550,true,"נקניקיות צוריסוס חריפות 1ק""ג מחפוד",עוף ירושלים שיווק בעמ,,,"י""ח",1,"ק""ג",false,1,49.90,49.90,false,1,
5719080,true,פרנה עגולה אפוי קפוא פילסברי,ג נרל מילס ישראל בעמ,,,"י""ח",1,,false,1,4.90,4.90,false,1,
5719998,true,תערובת להכנת עוגיות מאפינס (פילסברי),ליימן שליסל,,,"י""ח",517,ל גרם,false,1,17.90,3.46,false,1,
5734700,true,אקדח סביבונים בלוח,צעצועי דורון ~~~,,,"י""ח",1,,false,1,9.90,9.90,false,1,
5737800,true,סביבון תות,צעצועי דורון ~~~,,,"י""ח",1,,false,1,14.90,14.90,false,1,
5778711,true,מעטפות מכתב,צבע ומכחול (2014) בעמ,,,"י""ח",1,,false,1,5.90,5.90,false,1,
5854040,true,אסקימו משמש,גלידות שטראוס בעמ,,,"י""ח",1,,false,1,2.90,2.90,true,1,
5892889,true,גבינת שמנת 30% גד,מחלבות גד,,,"ק""ג",1,,true,1,34.90,34.90,false,1,
5896439,true,"מכבי בקבוק}חוזר {500מ""ל",טמפו משקאות בעמ,,,"י""ח",500,"ל מ""ל",false,1,6.60,1.08,false,1,
5896453,true,"מכבי 7.9% 500מ""ל בקבוק חוזר",טמפו משקאות בעמ,,,"י""ח",500,"ל מ""ל",false,1,7.30,1.22,false,1,
5966033,true,"יין הר חרמון לבן 750 מ""ל",היכל היין שקד גולן בעמ,,,"י""ח",750,"ל מ""ל",false,1,36.90,4.88,true,1,
5966088,true,"~יין הר חרמון אדום 750 מ""ל.",היכל היין שקד גולן בעמ,,,"י""ח",750,"ל מ""ל",false,1,35.90,4.75,true,1,
5966187,true,יין הר חרמון אדום 375מייל,היכל היין שקד גולן בעמ,,,"י""ח",375,"ל מ""ל",false,1,18.90,4.96,true,1,
5992872,true,צפתית 5% במים}גד {.,מחלבות גד,,,"ק""ג",1,,true,1,57.90,57.90,false,1,
5992909,true,גבינת שמנת %30ירקות.,מחלבות גד,,,"ק""ג",1,,true,1,43.90,43.90,false,1,
5996221,true,פסטרמה של פעם דק דק 120ג,מעדני יחיעם 1993 בעמ,,,"י""ח",120,ל גרם,false,1,13.90,11.58,true,1,
5996238,true,פסטרמה בדבש דק דק 120ג,מעדני יחיעם 1993 בעמ,,,"י""ח",120,ל גרם,false,1,14.90,12.42,true,1,
5996276,true,פסטרמה ברביקיו דק דק 120ג,מעדני יחיעם 1993 בעמ,,,"י""ח",120,ל גרם,false,1,13.90,11.58,true,1,
6065032,true,נגיסי אלסקה פולוק בציפוי טמפורה,***אדום גרופ למזון שיווק***,,,"י""ח",1,,false,1,19.90,19.90,false,1,
6220868,true,טונה אדומה פילה פרוס בוואקום.,בלדי בעמ,,,"ק""ג",1,"ק""ג",true,1,79.90,79.90,false,1,
6271174,true,ג חנון בצק}מעדנות 700 ג,תנובה בשר,,,"י""ח",700,ל גרם,false,1,18.90,2.70,false,1,
6421511,true,"פריגת לימונענע 280מ""ל קפוא",*החברה המרכזית להפצת משקאותבעמ,,,"י""ח",280,ל גרם,false,1,10.90,3.89,false,1,
6459961,true,אובלט קימל תמר 282 גרם,ציון תורגמן בעמ,,,"י""ח",282,ל גרם,false,1,9.90,3.51,false,1,
6459978,true,אובלט שומשום 282 גרם,ציון תורגמן בעמ,,,"י""ח",282,ל גרם,false,1,11.90,4.22,false,1,
6496072,true,"סירופ מלבי 750מ""ל",ציון תורגמן בעמ,,,"י""ח",750,"ל מ""ל",false,1,19.90,2.65,false,1,
6496225,true,"מי ורדים 750מ""ל",ציון תורגמן בעמ,,,"י""ח",750,"ל מ""ל",false,1,12.90,1.72,false,1,
6562906,true,סטיק פרמיו הודו וכבש 15ג,רנדי בעמ,,,"י""ח",15,ל גרם,false,1,7,46.67,true,1,
6562913,true,סטיק פרמיו עוף וברווז 15ג,רנדי בעמ,,,"י""ח",15,ל גרם,false,1,7,46.67,true,1,
6567741,true,נסקפה רד מאג מנה אישית 1.8ג*100,קבוצת אוסם סחר-שות.מוגבלת,,,"י""ח",5,"ק""ג",false,1,35,7,false,1,
6582355,true,סילאן 900 גר`דין שווק,דין שיווק וקליה 2021 בעמ,,,"י""ח",900,ל גרם,false,1,11.90,1.32,false,1,
6640024,true,מגש קרטון קטן,צבע ומכחול (2014) בעמ,,,"י""ח",1,,false,1,4.90,4.90,false,1,
6640031,true,דבק דו צדדי,צבע ומכחול (2014) בעמ,,,"י""ח",1,,false,1,5.50,5.50,false,1,
6660602,true,גרין קוקו מי קוקוס אורגני 1ליטר,נטורפוד בעמ,,,"י""ח",250,ל גרם,false,1,19.90,7.96,false,1,
6660640,true,דגש קמח טף,נטורפוד בעמ,,,"י""ח",1,"ק""ג",false,1,24.90,24.90,false,1,
6681003,true,קרמיסימו 1.33 ל סורבט,גלידות שטראוס בעמ,,,"י""ח",1,,false,1,18.90,18.90,false,1,
6696595,true,מסורת,יקבי טפרברג 1870 בעמ,,,"י""ח",1,ליטר,false,1,21.90,21.90,false,1,
6707468,true,כבד עוף מצונן טרי ארוז,ח.י. מעדני גורמה בעמ,,,"ק""ג",1,,true,1,29.90,29.90,false,1,
6738615,true,קבב זהב 400גר`,זוגלובק שיווק בעמ,,,"י""ח",400,ל גרם,false,1,21.90,5.48,true,1,
6739131,true,בצק פילו 500גר זוגלובק,זוגלובק שיווק בעמ,,,"י""ח",500,ל גרם,false,1,16.90,3.38,true,1,
6739407,true,שניצל תירס לייט 600גר`,זוגלובק שיווק בעמ,,,"י""ח",600,ל גרם,false,1,25.90,4.32,true,1,
6739421,true,מעושן איטלקי 300גר`,זוגלובק שיווק בעמ,,,"י""ח",300,ל גרם,false,1,26.90,8.97,false,1,
6739445,true,שניצל תירס קלאסי 750גר`,זוגלובק שיווק בעמ,,,"י""ח",750,ל גרם,false,1,25.90,3.45,true,1,
6739544,true,כתף בקר 300גר`,זוגלובק שיווק בעמ,,,"י""ח",300,ל גרם,false,1,30.90,10.30,true,1,
6741905,true,בורקס ביס גבינה 800גר`,נקניק נהריה כשר זוגלובק בעמ##,,,"י""ח",800,ל גרם,false,1,18.90,2.36,false,1,
6742278,true,פסטרממיה צלויה על לבנים 330גר`,זוגלובק שיווק בעמ,,,"י""ח",330,ל גרם,false,1,26.90,8.15,false,1,
6742292,true,פסטרממיה בדבש 330גר`,זוגלובק שיווק בעמ,,,"י""ח",330,ל גרם,false,1,26.90,8.15,false,1,
6742315,true,חזה הודו ברביקיו 330גר`,זוגלובק שיווק בעמ,,,"י""ח",330,ל גרם,false,1,33.90,10.27,false,1,
6764065,true,נשר מאלט }500 חוזר{,טמפו משקאות בעמ,,,"י""ח",500,"ל מ""ל",false,1,5,0.76,true,1,
6764072,true,"גולדסטאר 500 מ""ל}חוזר{",טמפו משקאות בעמ,,,"י""ח",500,"ל מ""ל",false,1,7.70,1.30,false,1,
6764157,true,"בירה גולדסטאר לא מסונן חוזר 500מ""ל",טמפו משקאות בעמ,,,"י""ח",500,"ל מ""ל",false,1,7.90,1.34,false,1,
6764270,true,סודה בנגיעות אשכולית אד 1.5ליטר רביעיי,טמפו משקאות בעמ,,,"י""ח",6,ליטר,false,1,12.30,1.85,true,1,
6764485,true,נשר מאלט 330 שישיה,טמפו משקאות בעמ,,,"י""ח",1.98,ליטר,false,1,29.90,14.19,false,1,
6764737,true,נשר מאלט 500 דיאט}חוזר{,טמפו משקאות בעמ,,,"י""ח",500,"ל מ""ל",false,1,5,0.76,true,1,
6766007,true,חבושים 200ג,דין שיווק וקליה 2021 בעמ,,,"י""ח",200,ל גרם,false,1,16.90,8.45,false,1,
6775795,true,עוגת תפוח ממולאת 450גרם אחוה,אחדות בעמ,,,"י""ח",450,ל גרם,false,1,11.90,2.64,false,1,
6775801,true,רוגלך 400גרם,אחדות בעמ,,,"י""ח",400,ל גרם,false,1,13.90,3.48,false,1,
6775894,true,עוגת שיש ללא סוכר,אחדות בעמ,,,"י""ח",450,ל גרם,false,1,11.90,2.64,false,1,
6784360,true,מס 1 לניקוי חלונות 1 ליטר,קומפלקס כימיקלסבעמ ~~~,,,"י""ח",1,ליטר,false,1,5.90,5.90,false,1,
6785572,true,שקית הפתעה,שמחה זה אנחנו,,,"י""ח",1,,false,1,5.90,5.90,false,1,
6805362,true,חצי בגט מאפית אפיה מקומית.,ג נרל מילס ישראל בעמ,,,"י""ח",1,,false,1,3.30,3.30,true,1,
6805911,true,פיתות לבן 10 יח,ג נרל מילס ישראל בעמ,,,"י""ח",1,,false,1,13.90,13.90,true,1,
6822192,true,אושן ספריי דיאט חמוציות 1ליטר,החברה המרכזית להפצת משקאות בעמ,,,"י""ח",1000,"ל מ""ל",false,1,11,1.07,false,1,
6920775,true,מוצרלה נקניק במשקל,גבינות הכפר בעמ,,,"ק""ג",1,,true,1,48.90,48.90,false,1,
6941022,true,סכינים ח.פ100. שווה,ח.כהן סוכנות מזון ומשקאות בע,,,"י""ח",1,,false,1,9.90,9.90,false,1,
6941466,true,שמן קנולה 1 ליטר שווה,ח.כהן סוכנויות מזון ומשקאות***,,,"י""ח",1,ליטר,false,1,9.90,9.90,false,1,
8000239,true,"פמינה עם לחות 220מ""ל",גורי ע.ע.ע. בעמ,,,"י""ח",220,"ל מ""ל",false,1,22.90,10.41,false,1,
8000796,true,סופרמן משחת שיניים לילדים,גורי ע.ע.ע. בעמ,,,"י""ח",1,,false,1,11.90,11.90,false,1,
8101264,true,זרעי צ יה 150ג,א.ל.יצור ושיווקתבלינים בעמ,,,"י""ח",150,ל גרם,false,1,14.50,9.67,false,1,
8101318,true,קריספי פירורי לחם זהוב 300גר,א.ל.יצור ושיווקתבלינים בעמ,,,"י""ח",300,ל גרם,false,1,6.90,2.30,true,1,
8101356,true,קריספי פאנקו זהוב 300גר,א.ל.יצור ושיווקתבלינים בעמ,,,"י""ח",300,ל גרם,false,1,9.90,3.30,true,1,
8102469,true,קריספי פירורי לחם זהוב 800גר,א.ל.יצור ושיווקתבלינים בעמ,,,"י""ח",800,ל גרם,false,1,11.90,1.49,false,1,
8104050,true,לקטופיל פמינה 220,גורי ע.ע.ע. בעמ,,,"י""ח",220,"ל מ""ל",false,1,23.90,10.86,false,1,
8175814,true,"פטריות חתוך 400 גרם 8""",ג.וילי פוד אינטרנשיונל בעמ,,,"י""ח",400,ל גרם,false,1,5.40,1.35,false,1,
8203937,true,מקל בודד למגב/מטאטא,לפ אינטרהום 2000 בעמ,,,"י""ח",1,,false,1,9.90,9.90,false,1,
8268158,true,תפוח מוזהב ארוז,ביכורי השדה צפון 1994 ג.ד. בעמ,,,"ק""ג",1,,true,1,10.90,10.90,false,1,
8336390,true,חזה בקר חלק קפוא,נטו מלינדה סחר בעמ,,,"ק""ג",1,,true,1,39.90,39.90,false,1,
8336796,true,בשר ראש קפוא,נטו מלינדה סחר בעמ,,,"ק""ג",1,,true,1,79.90,79.90,false,1,
8345170,true,מקרל חצאים 2.5 קג שקיל,נטו מלינדה סחר בעמ,,,"ק""ג",1,,true,1,105,105,false,1,
8350150,true,בצק פילו מצונן מרודד השף-שגב,נטו מלינדה סחר בעמ,,,"י""ח",350,ל גרם,false,1,15.90,4.54,false,1,
8350167,true,בצק לפיצה מצונן מרודד השף-שגב,נטו מלינדה סחר בעמ,,,"י""ח",350,ל גרם,false,1,15.90,4.54,false,1,
8350174,true,בצק עלים מצונן מרודד השף-שגב,נטו מלינדה סחר בעמ,,,"י""ח",350,ל גרם,false,1,15.90,4.54,false,1,
8409049,true,מיני מיני שניצלונים בציפוי שומשום,תנובה בשר,,,"י""ח",1,,false,1,29.90,29.90,false,1,
8409216,true,.שניצל דק דק פריך 700גר`,תנובה בשר,,,"י""ח",700,ל גרם,false,1,39.90,5.70,false,1,
8464024,true,"7290002543גולדסטאר פחית 500 מ""ל לט מסונן",טמפו משקאות בעמ,,,"י""ח",500,"ל מ""ל",false,1,9,1.74,false,1,
8464130,true,גולדסטאר UF שישייה לא מסונן,טמפו משקאות בעמ,,,"י""ח",1.98,ליטר,false,1,36.70,17.63,true,1,
8464208,true,"מכבי 7.9% 330מ""ל בקבוק",טמפו משקאות בעמ,,,"י""ח",1.98,ליטר,false,1,7.30,3.54,false,1,
8464222,true,"מכבי 7.9% 500מ""ל פחית",טמפו משקאות בעמ,,,"י""ח",0.50,ליטר,false,1,8,15.40,false,1,
8464406,true,"פחית פפסי מקס 330מ""ל",טמפו משקאות בעמ,,,"י""ח",330,"ל מ""ל",false,1,3.90,1.09,true,1,
8464628,true,"סודה ביטר לימון 275מ""ל",טמפו משקאות בעמ,,,"י""ח",275,"ל מ""ל",false,1,4.30,1.45,false,1,
8464673,true,"גולדסטאר פחית 500 מ""ל Slowbrew 10%",טמפו משקאות בעמ,,,"י""ח",500,"ל מ""ל",false,1,8.50,1.64,false,1,
8464697,true,"מכבי שישייה 7.9% 330מ""ל בקבוק",טמפו משקאות בעמ,,,"י""ח",1.98,ליטר,false,1,35.90,17.22,true,1,
8464703,true,"מכבי שישייה 330מ""ל בקבוק",טמפו משקאות בעמ,,,"י""ח",1.98,ליטר,false,1,35.70,17.12,true,1,
8464741,true,גולדסטאר 330 מייל שישייה.,טמפו משקאות בעמ,,,"י""ח",1980,"ל מ""ל",false,1,33.90,1.62,true,1,
8464796,true,היינקן שישיה}בקבוק 330 מייל,טמפו משקאות בעמ,,,"י""ח",1.98,ליטר,false,1,38.90,18.74,true,1,
8466806,true,מארז שניק וניל 500ג מחנה יהודה,הלל בן הלל שיווק ומסחר בעמ,,,"י""ח",500,ל גרם,false,1,17.90,3.58,true,1,
8470759,true,אורביט סטיקס ספירמינט שמינייה,מרס ריגלי ישראל בעמ,,,"י""ח",8,"י""ח",false,1,15,1.88,false,1,
8493710,true,פירורי גריסיני זהב 200ג,דנשר (1963) בעמ,,,"י""ח",200,ל גרם,false,1,6.90,3.45,false,1,
8496742,true,אצבעות אמנון בציפוי פירורי לחם ושומשום,***אדום גרופ למזון שיווק***,,,"י""ח",1,,false,1,19.90,19.90,true,1,
8500128,true,עוגת שמרים שוקולד,ג נרל מילס ישראל בעמ,,,"י""ח",500,ל גרם,false,1,24.90,4.98,true,1,
8500142,true,"עוגת שמרים תפו""ע",ג נרל מילס ישראל בעמ,,,"י""ח",500,ל גרם,false,1,24.90,4.98,true,1,
8500517,true,עוגת טעם דבש,ג נרל מילס ישראל בעמ,,,"י""ח",350,ל גרם,false,1,19.90,5.69,false,1,
8500975,true,רוגלעך פילסברי,ג נרל מילס ישראל בעמ,,,"ק""ג",1,,true,1,44.90,44.90,false,1,
8618083,true,דג אמנון טרי ארוז,ח.י. מעדני גורמה בעמ,,,"ק""ג",1,,true,1,95,95,false,1,
8670142,true,"יין רקאנטי יסמין אדום 750מ""ל",היכל היין שקד גולן בעמ,,,"י""ח",750,"ל מ""ל",false,1,36.90,4.88,true,1,
8747547,true,"תפוצ יפס קראנץ טבעי 200ג כשל""פ","שטראוס פריטו ליי בע""מ",,,"י""ח",200,ל גרם,false,1,11.20,5.60,true,1,
8757072,true,פחית שוופס תות,יפאורה שותפות מוגבלת לשיווק,,,"י""ח",330,"ל מ""ל",false,1,4.90,1.39,true,1,
8792264,true,מפיות טאצ `100יח`צבעוני,שניב תעשיות נייר בעמ,,,"י""ח",100,"י""ח",false,1,4.90,0.05,true,1,
8801522,true,K.D קונקורד,אגודת הכורמים,,,"י""ח",750,"ל מ""ל",false,1,21.90,2.88,true,1,
8801539,true,K.D כרמל 120.,אגודת הכורמים,,,"י""ח",750,"ל מ""ל",false,1,21.90,2.88,true,1,
8801546,true,K.D מוסקט כרמל 0.75 ל,אגודת הכורמים,,,"י""ח",750,"ל מ""ל",false,1,21.90,2.88,true,1,
8801843,true,סלקטד קברנה סובניון 0.75,אגודת הכורמים,,,"י""ח",750,"ל מ""ל",false,1,29.90,3.95,true,1,
8801850,true,סלקטד ריזלינג 0.75 ל,אגודת הכורמים,,,"י""ח",750,"ל מ""ל",false,1,29.90,3.95,true,1,
8802291,true,"PC מרלו פ.קולקשיין 750מ""ל",אגודת הכורמים,,,"י""ח",750,"ל מ""ל",false,1,39.90,5.28,true,1,
8802512,true,VINO אדום כרמל 750,אגודת הכורמים,,,"י""ח",750,"ל מ""ל",false,1,19.90,2.61,true,1,
8802529,true,VINO לבן כרמל 0.75 ל,אגודת הכורמים,,,"י""ח",750,"ל מ""ל",false,1,21,2.76,true,1,
8802895,true,PC קברנה סובניון 0.75 ל,אגודת הכורמים,,,"י""ח",750,"ל מ""ל",false,1,39.90,5.28,true,1,
8803014,true,"כרמל הוק 750 מ""ל",אגודת הכורמים,,,"י""ח",750,"ל מ""ל",false,1,21.90,2.88,true,1,
8803021,true,יין אדום עתיק 750,אגודת הכורמים,,,"י""ח",750,"ל מ""ל",false,1,23,3.03,true,1,
8803090,true,הסדרה האזורית מרלו 750מייל,אגודת הכורמים,,,"י""ח",750,"ל מ""ל",false,1,49.90,6.61,true,1,
8804189,true,"הסדרה אזורית קברנה סובניון 750מ""ל",אגודת הכורמים,,,"י""ח",750,"ל מ""ל",false,1,59.90,7.95,true,1,
8805049,true,סלקטד רוזה 0.75 ל,אגודת הכורמים,,,"י""ח",750,"ל מ""ל",false,1,29.90,3.95,true,1,
8805384,true,".יין מוסקטו סלקטד 750מ""ל",אגודת הכורמים,,,"י""ח",750,"ל מ""ל",false,1,29.90,3.95,true,1,
8805520,true,סלקטד קברנה מרלו 0.75 ל,אגודת הכורמים,,,"י""ח",750,"ל מ""ל",false,1,29.90,3.95,true,1,
8836395,true,"יין מסורת 33% 750מ""ל",יקבי טפרברג 1870 בעמ,,,"י""ח",750,"ל מ""ל",false,1,21.90,2.88,false,1,
8899321,true,חלה רגילה קלועה (אפיה מקומית).,ג נרל מילס ישראל בעמ,,,"י""ח",570,ל גרם,false,1,10.90,1.91,true,1,
8899345,true,שמינייה כפרית קלועה פילסבר..,ג נרל מילס ישראל בעמ,,,"י""ח",1,,false,1,3.90,3.90,true,1,
8899352,true,לחמניה אצבע לבן,לפ לפ פילסברי,,,"י""ח",1,,false,1,2.50,2.50,false,1,
8899406,true,לחמניית המבורגר,ג נרל מילס ישראל בעמ,,,"י""ח",1,,false,1,3.90,3.90,true,1,
8899451,true,בגט פיסל פילסברי,ג נרל מילס ישראל בעמ,,,"י""ח",1,,false,1,4.80,4.80,false,1,
8899505,true,בגט ארוך לבן (אפיה מקומית),ג נרל מילס ישראל בעמ,,,"י""ח",250,ל גרם,false,1,4.90,1.96,true,1,
8899512,true,בגט כפרי (אפיה מקומית),ג נרל מילס ישראל בעמ,,,"י""ח",1,,false,1,4.50,4.50,true,1,
8899772,true,קוקיס שוקו שוקו שקיל,ג נרל מילס ישראל בעמ,,,"ק""ג",1,,true,1,47,47,false,1,
8989282,true,"שמן פשתן 250מ""ל",בטר אנד דיפרנט בעמ,,,"י""ח",250,"ל מ""ל",false,1,21.90,8.76,false,1,
8989657,true,"קופסאות אחסון 3ליטר פרווה כשל""פ",בטר אנד דיפרנט בעמ,,,"י""ח",1,,false,1,13.90,13.90,false,1,
8989695,true,חיטה תפוחה עם דבש 400 גר(שלווה),בטר אנד דיפרנט בעמ,,,"י""ח",400,ל גרם,false,1,14.90,3.73,false,1,
8989893,true,דייסת כוסמת 200 ג`,בטר אנד דיפרנט בעמ,,,"י""ח",200,ל גרם,false,1,12.90,6.45,false,1,
8989954,true,סירופ תפוזים 1.2ליטר,בטר אנד דיפרנט בעמ,,,"י""ח",1.20,ליטר,false,1,34.90,29.08,false,1,
8989961,true,סירופ מנגו 1.2 ליטר,בטר אנד דיפרנט בעמ,,,"י""ח",1.20,ליטר,false,1,34.90,29.08,false,1,
8989985,true,קופסאות אחסון מלבנית 1ליטר מארז 4יח`,בטר אנד דיפרנט בעמ,,,"י""ח",5,"י""ח",false,1,11.90,2.38,false,1,
8989992,true,קופסאות אחסון 600 גרם 5 יח,בטר אנד דיפרנט בעמ,,,"י""ח",1,,false,1,11.90,11.90,false,1,
9169272,true,פקדון,שונות /שרות,,,"י""ח",1,,false,1,0.30,0.30,false,1,
10672851,true,מאפינס חמישיות שוקו שוקו-צ`יפס,ג נרל מילס ישראל בעמ,,,"י""ח",1,,false,1,11.90,11.90,false,1,
13579867,true,סינטה מס 11 מוכשר,בלדי בעמ,,,"ק""ג",1,"ק""ג",true,1,69.90,69.90,false,1,
13580160,true,אסאדו מס9 מוכשר ברזיל קפוא,בלדי בעמ,,,"ק""ג",1,"ק""ג",true,1,49.90,49.90,false,1,
14205017,true,"צלחת קטנות""שווה""50יח",ח.כהן סוכנות מזון ומשקאות בע,,,"י""ח",30,"י""ח",false,1,10.90,0.36,false,1,
16000247,true,רימון בינוני,לפ חגים נחלים שיווק בעמ,,,"י""ח",1,,false,1,7.90,7.90,false,1,
17724294,true,גרנולה ציפס חמוציות ללא סוכר 200ג,הלל בן הלל שיווק ומסחר בעמ,,,"י""ח",200,ל גרם,false,1,23.90,11.95,false,1,
21610660,true,מלבין טליתות,חן המעיין בעמ,,,,1,,false,1,19.90,19.90,false,1,
40084107,true,קינדר ביצת הפתעה בודד,פרימיום - חברה לדברי מתיקה ולמ,,,"י""ח",1,,false,1,6.20,6.20,false,1,
40111216,true,באונטי חטיף שוקולד 57גר,מרס ריגלי ישראל בעמ,,,"י""ח",57,ל גרם,false,1,4.90,8.60,true,1,
40144016,true,סוכריה וורטר גליל,ליימן שליסל,,,"י""ח",50,ל גרם,false,1,3.90,7.80,false,1,
42101666,true,איירוויבז HP מנטה ואקליפטוס,מרס ריגלי ישראל בעמ,,,"י""ח",30,ל גרם,false,1,5.80,19.33,false,1,
42138129,true,ווינסטון סלים ירוק,גלוברנדס בעמ,,,"י""ח",1,,false,1,32.50,32.50,false,1,
42139430,true,כאמל שחור בודד,גלוברנדס בעמ,,,"י""ח",1,,false,1,31,31,false,1,
42306788,true,איירוויבז HP מנטה ואוכמניות,מרס ריגלי ישראל בעמ,,,"י""ח",30,ל גרם,false,1,5.80,19.33,false,1,
59082637,true,"רקסונה רול אמן אקסטרא קול 50מ""ל",יוניליוור ישראל שיווק בעמ,,,"י""ח",50,"ל מ""ל",false,1,15.90,31.80,true,1,
59085645,true,"דאב דאו רול און אסאי 50מ""ל",יוניליוור ישראל שיווק בעמ,,,"י""ח",1,,false,1,19.90,19.90,true,1,
72940754,true,"מילקי וניל רובין כשל""פ 135גר","שטראוס גרופ ***בע""מ",,,"י""ח",130,"ל מ""ל",false,1,2.90,2.23,true,1,
72940761,true,"מילקי שוקו}שטראוס{רובין כשל""פ","שטראוס גרופ ***בע""מ",,,"י""ח",130,"ל מ""ל",false,1,2.90,2.23,true,1,
72940952,true,מילקי פי2 קצפת 111גר,"שטראוס גרופ ***בע""מ",,,"י""ח",111,ל גרם,false,1,3.90,3.51,true,1,
72941041,true,מיני מילקי שוקו,"שטראוס גרופ ***בע""מ",,,"י""ח",130,"ל מ""ל",false,1,2,1.54,true,1,
72945308,true,שמרים קוביות 50,"שטראוס גרופ ***בע""מ",,,"י""ח",50,ל גרם,false,1,3.60,7.20,true,1,
72961209,true,שמנית*,תנובה בעמ ***,,,"י""ח",200,"ל מ""ל",false,1,2.40,1.20,false,1,
72961223,true,גילה*,תנובה בעמ ***,,,"י""ח",200,"ל מ""ל",false,1,1.51,0.76,false,1,
72961506,true,"פרילי תות 125 מ""ל",תנובה בעמ ***,,,"י""ח",125,"ל מ""ל",false,1,3.50,2.80,false,1,
72961520,true,"פרילי אננס 125 מ""ל",תנובה בעמ ***,,,"י""ח",125,"ל מ""ל",false,1,3.50,2.80,false,1,
72961544,true,באדי תות,תנובה בעמ ***,,,"י""ח",125,"ל מ""ל",false,1,3,2.40,false,1,
72963746,true,ש.שמנית *,תנובה בעמ ***,,,"י""ח",200,"ל מ""ל",false,1,2.40,1.20,false,1,
72963753,true,"שמנת של פעם 27% 200 מ""ל",תנובה בעמ ***,,,"י""ח",200,"ל מ""ל",false,1,4.30,2.15,false,1,
72964132,true,טבעגורט,תנובה בעמ ***,,,"י""ח",200,"ל מ""ל",false,1,5.20,2.60,false,1,
72983225,true,מילקי הפוך שטראוס,"שטראוס גרופ ***בע""מ",,,"י""ח",130,"ל מ""ל",false,1,3.90,3,true,1,
72986370,true,גלידה פיינטים וניל,מוצרי איכות אמריקאיים בעמ,,,"י""ח",500,"ל מ""ל",false,1,19.90,3.98,true,1,
72986424,true,גלידה פיינטים קרם עוגיות,מוצרי איכות אמריקאיים בעמ,,,"י""ח",750,"ל מ""ל",false,1,25.90,3.45,true,1,
72986448,true,גלידה פיינטים טופי קראנץ,מוצרי איכות אמריקאיים בעמ,,,"י""ח",750,"ל מ""ל",false,1,25.90,3.45,true,1,
72986455,true,גלידה פיינטים ניו-יורק סופר,מוצרי איכות אמריקאיים בעמ,,,"י""ח",500,"ל מ""ל",false,1,25.90,5.18,true,1,
72986479,true,גלידה פיינטים צאנקי מנקי,מוצרי איכות אמריקאיים בעמ,,,"י""ח",500,"ל מ""ל",false,1,25.90,5.18,true,1,
72989395,true,טילון קרם עוגיות,מוצרי איכות אמריקאיים בעמ,,,"י""ח",100,"ל מ""ל",false,1,8.90,8.90,false,1,
72989425,true,גלידה פיינטים שוקולד בראוניס,מוצרי איכות אמריקאיים בעמ,,,"י""ח",750,"ל מ""ל",false,1,19.90,2.65,true,1,
72991374,true,טיים בודד,דובק בעמ,,,"י""ח",1,,false,1,29.20,29.20,false,1,
72991381,true,טיים ארוך בודד,דובק בעמ,,,"י""ח",1,,false,1,29.20,29.20,false,1,
72991428,true,ברודווי ארוך,דובק בעמ,,,"י""ח",1,,false,1,29.20,29.20,false,1,
72991497,true,נובלס רגיל בודד,דובק בעמ,,,"י""ח",1,,false,1,29.20,29.20,false,1,
72991886,true,גלידה פיינטים דולציה דה לצ ה,מוצרי איכות אמריקאיים בעמ,,,"י""ח",500,"ל מ""ל",false,1,25.90,5.18,true,1,
72993637,true,דני שוקולד בודד,"שטראוס גרופ ***בע""מ",,,"י""ח",125,"ל מ""ל",false,1,2.70,2.16,true,1,
72994061,true,פסק זמן GOOD 2,"שטראוס גרופ בע""מ",,,"י""ח",40,ל גרם,false,1,4.90,12.25,true,1,
80001027,true,טורטינה חלב,ליימן שליסל,,,"י""ח",200,ל גרם,false,1,4.20,2.10,true,1,
80001287,true,גרדנה 25 יח 38 גרם,ליימן שליסל,,,"י""ח",1,,false,1,4,4,true,1,
80001461,true,גרנד שוקולד 38 גרם,ליימן שליסל,,,"י""ח",38,ל גרם,false,1,4,10.53,true,1,
80001485,true,גרנדה קוקוס 38 גרם.,ליימן שליסל,,,"י""ח",38,ל גרם,false,1,4,10.53,true,1,
80001911,true,גרדנה שוקולד לבן 38 גרם,ליימן שליסל,,,"י""ח",38,ל גרם,false,1,4,10.53,true,1,
80042556,true,עגבניות חתוכות 400ג MUTTI.,רסטרטו יבוא ושיווק בעמ,,,"י""ח",400,ל גרם,false,1,5.90,1.48,true,1,
80042563,true,מחית עגבניות 700ג צהוב MUTTI,רסטרטו יבוא ושיווק בעמ,,,"י""ח",700,ל גרם,false,1,13.90,1.99,false,1,
80050025,true,טיק טק תפוז,פרימיום - חברה לדברי מתיקה ולמ,,,"י""ח",16,ל גרם,false,1,3.50,21.88,true,1,
80050124,true,חטיף טיק טק,פרימיום - חברה לדברי מתיקה ולמ,,,"י""ח",16,ל גרם,false,1,3.50,21.88,true,1,
80052760,true,קינדר בואנו,פרימיום - חברה לדברי מתיקה ולמ,,,"י""ח",1,,false,1,4.90,4.90,false,1,
80052883,true,טיק טק מנטה חזק,פרימיום - חברה לדברי מתיקה ולמ,,,"י""ח",16,ל גרם,false,1,3.50,21.88,true,1,
80083764,true,גנדולה עוגיות דגנים אורגניות עם שיבולת ש,נטורפוד בעמ,,,"י""ח",250,ל גרם,false,1,14.90,5.96,false,1,
80176800,true,נוטלה 750 גרם,פרימיום - חברה לדברי מתיקה ולמ,,,"י""ח",750,ל גרם,false,1,25.90,3.45,false,1,
80177173,true,נוטלה 350 גרם.,פרימיום - חברה לדברי מתיקה ולמ,,,"י""ח",3.50,"י""ח",false,1,14.90,4.26,false,1,
80177609,true,קינדר 50 גרם,פרימיום - חברה לדברי מתיקה ולמ,,,"י""ח",50,ל גרם,false,1,4.20,8.40,false,1,
80310167,true,קינדר אצבעות 126 גר,פרימיום - חברה לדברי מתיקה ולמ,,,"י""ח",126,ל גרם,false,1,9.90,7.86,true,1,
80310891,true,ביצת הפתעה קינדר ג וי 20ג,פרימיום - חברה לדברי מתיקה ולמ,,,"י""ח",200,ל גרם,false,1,6.50,3.25,false,1,
80761761,true,קינדר בואנו לבן בודד,פרימיום - חברה לדברי מתיקה ולמ,,,"י""ח",1,,false,1,3.90,3.90,false,1,
80769545,true,מנטוס טעם לימון בקבוק 60ג,ליימן שליסל,,,"י""ח",60,ל גרם,false,1,9.90,16.50,true,1,
80773429,true,מנטוס טעם תות בקבוק 60ג,ליימן שליסל,,,"י""ח",60,ל גרם,false,1,9.90,16.50,true,1,
80773443,true,מנטוס טעם פירות מנטה בקבוק 60ג,ליימן שליסל,,,"י""ח",60,ל גרם,false,1,9.90,16.50,true,1,
80790990,true,מנטוס טעם מנטה עדין בקבוק 60ג,ליימן שליסל,,,"י""ח",60,ל גרם,false,1,9.90,16.50,true,1,
80831402,true,סוכריות מנטה עדינה ללא סוכר,ליימן שליסל,,,"י""ח",100,ל גרם,false,1,6.90,6.90,true,1,
80843184,true,מנטוס טעם ענבים בקבוק 60ג,ליימן שליסל,,,"י""ח",60,ל גרם,false,1,9.90,16.50,true,1,
80854753,true,סוכריות מנטה ללא סוכר,ליימן שליסל,,,"י""ח",100,ל גרם,false,1,6.90,6.90,true,1,
80862130,true,מנטוס מסטיק קופסא 28ג אבטיח,ליימן שליסל,,,"י""ח",28,ל גרם,false,1,4.90,17.50,true,1,
80862260,true,מסטיק מנטוס XL טעם מנטה מתוקה 150ג,ליימן שליסל,,,"י""ח",150,ל גרם,false,1,16.90,11.27,false,1,
80864295,true,מנטוס בוקס וואיט מנטה עדינה 30 יח`,ליימן שליסל,,,"י""ח",60,ל גרם,false,1,9.90,16.50,true,1,
80896081,true,מנטוס טעם אבטיח בקבוק 60ג,ליימן שליסל,,,"י""ח",60,ל גרם,false,1,9.90,16.50,true,1,
80913467,true,מנטוס טעם מנטה בקבוק 60ג,ליימן שליסל,,,"י""ח",60,ל גרם,false,1,9.90,16.50,true,1,
80929277,true,מסטיק מנטוס XL טעם מנטה עדינה 150ג,ליימן שליסל,,,"י""ח",150,ל גרם,false,1,16.90,11.27,false,1,
80945468,true,מנטוס בוקס וואיט מנטה מתוקה 30 יח`,ליימן שליסל,,,"י""ח",60,ל גרם,false,1,9.90,16.50,true,1,
80954521,true,מנטוס מסטיק קופסא 28ג תות,ליימן שליסל,,,"י""ח",28,ל גרם,false,1,4.90,17.50,true,1,
80957706,true,מסטיק מנטוס XL טעם מנטה 150ג,ליימן שליסל,,,"י""ח",150,ל גרם,false,1,16.90,11.27,false,1,
80977070,true,מנטוס מסטיק קופסא 28ג טרופי,ליימן שליסל,,,"י""ח",28,ל גרם,false,1,4.90,17.50,true,1,
80979128,true,מנטוס טעם דובדבן בקבוק 60ג,ליימן שליסל,,,"י""ח",60,ל גרם,false,1,9.90,16.50,true,1,
80982470,true,מנטוס טעם מנטה חזק בקבוק 60ג,ליימן שליסל,,,"י""ח",60,ל גרם,false,1,9.90,16.50,true,1,
80986348,true,מנטוס בוקס וואיט מנטה 30 יח`,ליימן שליסל,,,"י""ח",60,ל גרם,false,1,9.90,16.50,true,1,
80995128,true,מנטוס טעם הדרים בתוספת ויטמין D,ליימן שליסל,,,"י""ח",60,ל גרם,false,1,9.90,16.50,true,1,
87108019,true,מנטוס גלילים.,ליימן שליסל,,,"י""ח",37.50,ל גרם,false,1,3.30,8.80,true,1,
87108538,true,מנטוס גלילים תות,ליימן שליסל,,,"י""ח",37,ל גרם,false,1,3.30,8.92,true,1,
87108651,true,מנטוס מנטה 1\4,ליימן שליסל,,,"י""ח",1,,false,1,11.30,11.30,false,1,
87108712,true,מנטוס פירות 1\4,ליימן שליסל,,,"י""ח",150,ל גרם,false,1,11.30,7.53,false,1,
87311396,true,מנטוס גלילים מיקס פירות,ליימן שליסל,,,"י""ח",37.50,ל גרם,false,1,3.30,8.80,true,1,
87354041,true,מנטוס גלילים בטעם דובדבן,ליימן שליסל,,,"י""ח",37.50,ל גרם,false,1,3.30,8.80,true,1,
90162602,true,"רד בול פחית 250 מ""ל",דיפלומט מפיצים (1968) בעמ**,,,"י""ח",250,"ל מ""ל",false,1,5.90,2.24,true,1,
90162800,true,"רד בול פחית 250 מ""ל",דיפלומט מפיצים (1968) בעמ**,,,"י""ח",250,"ל מ""ל",false,1,6.20,2.36,true,1,
96137130,true,דאו דאב רול און גו פרש בניחוח אגס,יוניליוור ישראל שיווק בעמ,,,"י""ח",175,"ל מ""ל",false,1,19.90,11.37,true,1,
8888888888,true,2311,לפ הוצ בולט תעשיו,,,"י""ח",1,,false,1,16.11,16.11,false,1,
10900678148,true,רדיד אלומיניום דיימונד נון סטיק,גורי ע.ע.ע. בעמ,,,"י""ח",1,"י""ח",false,1,14.90,14.90,false,1,
11210000032,true,"רוטב טבסקו ענק 350 מ""ל",ציון תורגמן בעמ,,,"י""ח",60,"ל מ""ל",false,1,49.90,83.17,false,1,
11210000094,true,"טבסקו חריף 60 מ""ל",ציון תורגמן בעמ,,,"י""ח",60,"ל מ""ל",false,1,9.90,16.50,true,1,
11210006508,true,רוטב טבסקו חריף אקסטרה,ציון תורגמן בעמ,,,"י""ח",60,"ל מ""ל",false,1,21.90,36.50,false,1,
11210009387,true,טבסקו פלפל ירוק,ציון תורגמן בעמ,,,"י""ח",60,"ל מ""ל",false,1,9.90,16.50,false,1,
11210698055,true,"טבסקו סרירצ`ה 556מ""ל",ציון תורגמן בעמ,,,"י""ח",556,"ל מ""ל",false,1,24.90,4.48,false,1,
12300159135,true,וינסטון כחולארוך 10 יח,גלוברנדס בעמ,,,"י""ח",10,"י""ח",false,1,320.90,32.09,false,1,
16000185517,true,פייבר וואן 555גר.,קבוצת אוסם סחר-שות.מוגבלת,,,"י""ח",460,ל גרם,false,1,24.90,5.41,true,1,
16000423534,true,נייטשר קראנצ`י ש.שועל ושוקולד מריר 1/5,ליימן שליסל,,,"י""ח",210,ל גרם,false,1,19.90,9.48,true,1,
16000548404,true,נייטשר קראנצ`י שיבולת שועל ודבש 1/5,ליימן שליסל,,,"י""ח",210,ל גרם,false,1,19.90,9.48,true,1,
16000548503,true,חטיף ניצ`ר ואלי מייפל בסוכר חום,ליימן שליסל,,,"י""ח",210,ל גרם,false,1,19.90,9.48,true,1,
16000548602,true,נייטשר קראנצ`י קינמון 1/5,ליימן שליסל,,,"י""ח",210,ל גרם,false,1,19.90,9.48,true,1,
16000548909,true,נייטשר קראנצ`י בריאות מעורב 1/5,ליימן שליסל,,,"י""ח",210,ל גרם,false,1,19.90,9.48,true,1,
18000701223,true,תערובת לעוגת שוק(פילסברי),ליימן שליסל,,,"י""ח",517,ל גרם,false,1,17.90,3.46,false,1,
22200956932,true,##ספיד סטיק ג ל-כחול,ש.שסטוביץ בעמ,,,"י""ח",51,ל גרם,false,1,19.90,39.02,true,1,
22200956949,true,ספיד סטיק ג ל-כתום,ש.שסטוביץ בעמ,,,"י""ח",51,ל גרם,false,1,19.90,39.02,true,1,
24000161028,true,עגבניות חתוכות דק במיץ עגב. מארז 3*400,ליימן שליסל,,,"י""ח",1.20,"ק""ג",false,1,12.90,10.75,false,1,
24000161035,true,עגבניות קצוצות דק במיץ עגב. מארז 3*400,ליימן שליסל,,,"י""ח",1.20,"ק""ג",false,1,12.90,10.75,false,1,
25675301108,true,מקלות חמוצות 50 גרם,גורי ע.ע.ע. בעמ,,,"י""ח",50,ל גרם,false,1,4.90,9.80,false,1,
25675301153,true,מקלות חמוצות 50 ג פטל,גורי ע.ע.ע. בעמ,,,"י""ח",50,ל גרם,false,1,4.90,9.80,false,1,
25675301184,true,מקלות חמוצות קולה,גורי ע.ע.ע. בעמ,,,"י""ח",50,ל גרם,false,1,4.90,9.80,false,1,
25675301207,true,מקלות בטעם תפוחי עץ,גורי ע.ע.ע. בעמ,,,"י""ח",50,ל גרם,false,1,4.90,9.80,false,1,
30000315958,true,קוואקר פרוטאין בננה אגוזים 366ג.,"שטראוס פריטו ליי בע""מ",,,"י""ח",366,ל גרם,false,1,21.90,5.98,true,1,
30000315989,true,קוואקר פרוטאין חמוציות ושקדים 372ג.,"שטראוס פריטו ליי בע""מ",,,"י""ח",372,ל גרם,false,1,21.90,5.89,true,1,
33383220291,true,אוכמניות,ביכורי השדה צפון 1994 ג.ד. בעמ,,,"י""ח",1,,false,1,15.90,15.90,true,1,
34000446001,true,חטיפי שוקולד חלב ריזס מיניס 150גר,ליימן שליסל,,,"י""ח",150,ל גרם,false,1,10.90,7.27,false,1,
34000470228,true,חטיפי שוקולד חלב ריזס מיניס 70גר,ליימן שליסל,,,"י""ח",70,ל גרם,false,1,6.50,9.29,false,1,
34000544028,true,ממתק בטעם תות 198ג,ליימן שליסל,,,"י""ח",198,ל גרם,false,1,7.90,3.99,false,1,
34000544431,true,ליקרויץ 198 גרם -דובדבן,ליימן שליסל,,,"י""ח",1,,false,1,7.90,7.90,false,1,
36000183399,true,האגיס ליטל בגד ים ח.פ M,קימברלי קלארק ישראל שיווק בעמ,,,"י""ח",1,,false,1,32.90,32.90,false,1,
37600207188,true,חמאת קלאסי סקיפי,דיפלומט מפיצים (1968) בעמ**,,,"י""ח",462,ל גרם,false,1,19.90,4.31,false,1,
37600207256,true,חמאת בוטנים סקיפי עם שברי בוטנים 462 ג,דיפלומט מפיצים (1968) בעמ**,,,"י""ח",462,ל גרם,false,1,19.90,4.31,false,1,
37600207287,true,חמאת בוטנים סקיפי,דיפלומט מפיצים (1968) בעמ**,,,"י""ח",462,ל גרם,false,1,19.90,4.31,false,1,
37600297943,true,מטבל סלסה חריפה 300ג CHI CHIS,ליימן שליסל,,,"י""ח",300,"ל מ""ל",false,1,18.90,6.30,true,1,
37600297967,true,מטבל סלסה עדינה 300ג CHI CHIS,ליימן שליסל,,,"י""ח",300,"ל מ""ל",false,1,18.90,6.30,true,1,
37977050059,true,זוג מוצצים 0-2בנים ננו סיליקון,אלפא קוסמטיקה,,,"י""ח",1,,false,1,34.90,34.90,false,1,
38000138638,true,פרינגלס פיצה 161 גר`פלקס,דיפלומט מפיצים (1968) בעמ**,,,"י""ח",161,ל גרם,false,1,9.90,6.15,true,1,
38000138720,true,פרינגלס ראנץ 158ג,דיפלומט מפיצים (1968) בעמ**,,,"י""ח",161,ל גרם,false,1,9.90,6.15,true,1,
38000138874,true,פרינגלס חלפיניו 161 גר`פלקס,דיפלומט מפיצים (1968) בעמ**,,,"י""ח",161,ל גרם,false,1,9.90,6.15,true,1,
38000183928,true,פרינגלס חרדל דבש 158ג`,דיפלומט מפיצים (1968) בעמ**,,,"י""ח",158,ל גרם,false,1,9.90,6.27,true,1,
38000202278,true,פרינגלס גלי בטעם אוריגינל 130 גר`,דיפלומט מפיצים (1968) בעמ**,,,"י""ח",130,ל גרם,false,1,9.90,7.62,true,1,
38000232152,true,פרינגלס ברביקיו 161 גר`פלקס,דיפלומט מפיצים (1968) בעמ**,,,"י""ח",161,ל גרם,false,1,9.90,6.15,true,1,
38000232176,true,פרינגלס שמנת בצל 161 גר`פלקס,דיפלומט מפיצים (1968) בעמ**,,,"י""ח",161,ל גרם,false,1,9.90,6.15,true,1,
38000232183,true,7290002929642פרינגלס אוריגינל 149 גר`.,דיפלומט מפיצים (1968) בעמ**,,,"י""ח",149,ל גרם,false,1,9.90,6.64,true,1,
40000512943,true,מ אנ אם שוקולד 272ג,מרס ריגלי ישראל בעמ,,,"י""ח",272,ל גרם,false,1,19.90,7.32,false,1,
40000513568,true,שוקולד M M אריזה גדולה 156ג,מרס ריגלי ישראל בעמ,,,"י""ח",1560,ל גרם,false,1,10.90,0.70,false,1,
40000514480,true,סוכריות M M שוקו.,מרס ריגלי ישראל בעמ,,,"י""ח",1,,false,1,4.90,4.90,true,1,
40000514510,true,סוכריות M M פינאטס 48 ג,מרס ריגלי ישראל בעמ,,,"י""ח",1,,false,1,4.90,4.90,true,1,
40232885518,true,אוכמניות,ביכורי השדה צפון 1994 ג.ד. בעמ,,,"י""ח",1,,false,1,15.90,15.90,true,1,
41390010309,true,"רוטב טריאקי 444מ""ל",דיפלומט מפיצים (1968) בעמ**,,,"י""ח",144,"ל מ""ל",false,1,19.90,13.82,false,1,
41500007007,true,פרנצ יס ממרח חרדל לחיץ צהוב 226גר,ר.ב. מוצרי דגנים בעמ,,,"י""ח",226,ל גרם,false,1,10.90,4.82,false,1,
42400108153,true,דגני בוקר תותיס פרוטיס 354גר,ר.ב. מוצרי דגנים בעמ,,,"י""ח",354,ל גרם,false,1,19.90,5.62,false,1,
44600300580,true,קלין אפ פרש 946 מ``ל,גורי מוצרי צריכה בעמ,,,"י""ח",946,"ל מ""ל",false,1,22.90,2.42,false,1,
46214372250,true,.עוגיות שטרודל 225 גרם תפוח מרבה,ש.שסטוביץ בעמ,,,"י""ח",225,ל גרם,false,1,9.90,4.40,false,1,
46214382259,true,עוגיות בראוניס 225 גרם,ש.שסטוביץ בעמ,,,"י""ח",225,ל גרם,false,1,9.90,4.40,false,1,
46214731552,true,עוגיות שוקו צ יפ מרבה,ש.שסטוביץ בעמ,,,"י""ח",225,ל גרם,false,1,9.90,4.40,false,1,
48256214758,true,"אוקסי אבקת הפלא 1 ק""ג",יעקב יעקבי ובניו בעמ,,,"י""ח",1,"ק""ג",false,1,19.90,19.90,false,1,
50000084500,true,פריסקייז מעדני השף,קבוצת אוסם סחר-שות.מוגבלת,,,"י""ח",1.42,"ק""ג",false,1,40.60,28.59,false,1,
50000100347,true,פריסקייז מעדני החתול,קבוצת אוסם סחר-שות.מוגבלת,,,"י""ח",1.40,"ק""ג",false,1,34.90,24.93,false,1,
50000170180,true,פריסקיז עוף ברוטב 156גר`,קבוצת אוסם סחר-שות.מוגבלת,,,"י""ח",156,ל גרם,false,1,8.40,5.38,false,1,
50000225224,true,פריסקיז פריים פילה הודו ברוטב 156גר`,קבוצת אוסם סחר-שות.מוגבלת,,,"י""ח",156,ל גרם,false,1,7.90,5.06,false,1,
50000237951,true,פריסקיז פארטי מיקס גריל 60גר,קבוצת אוסם סחר-שות.מוגבלת,,,"י""ח",60,ל גרם,false,1,11.90,19.83,false,1,
50000238910,true,פריסקיז פארטי מיקס אוריג`ינל 60גר,קבוצת אוסם סחר-שות.מוגבלת,,,"י""ח",60,ל גרם,false,1,11.90,19.83,false,1,
50000292592,true,פנסי פיסט סלמון וסול ברוטב עשיר 85גר,קבוצת אוסם סחר-שות.מוגבלת,,,"י""ח",85,ל גרם,false,1,7.20,8.47,false,1,
50000292615,true,פנסי פיסט לבבות עוף וכבד רוטב עשיר 85ג,קבוצת אוסם סחר-שות.מוגבלת,,,"י""ח",85,ל גרם,false,1,7.40,8.71,false,1,
50000434640,true,פנסי פיסט טעם כבד,קבוצת אוסם סחר-שות.מוגבלת,,,"י""ח",85,ל גרם,false,1,7.40,8.71,false,1,
50000445691,true,פריסקיז נתחי עוף וסלומון ברוטב 156גר,קבוצת אוסם סחר-שות.מוגבלת,,,"י""ח",156,ל גרם,false,1,7.90,5.06,false,1,
50000571987,true,פריסקיז נתחי עוף ברוטב 156גר,קבוצת אוסם סחר-שות.מוגבלת,,,"י""ח",156,ל גרם,false,1,8.40,5.38,false,1,
50000574414,true,פריסקיז פארטי מיקס פיקניק 60גר,קבוצת אוסם סחר-שות.מוגבלת,,,"י""ח",60,ל גרם,false,1,11.90,19.83,false,1,
50000574438,true,פריסקיז פארטי מיקס מעדני ים 60גר,קבוצת אוסם סחר-שות.מוגבלת,,,"י""ח",60,ל גרם,false,1,11.90,19.83,false,1,
50000578238,true,פריסקיז פארטי מיקס קרייזי צ`יז 60גר,קבוצת אוסם סחר-שות.מוגבלת,,,"י""ח",60,ל גרם,false,1,11.90,19.83,false,1,
50000578450,true,פנסי פיסט עוף ברוטב עשיר 85גר,קבוצת אוסם סחר-שות.מוגבלת,,,"י""ח",85,ל גרם,false,1,6.90,8.12,false,1,
55500012046,true,קלין אפ מרסס+פיין סול כלורוקס,גורי מוצרי צריכה בעמ,,,"י""ח",946,"ל מ""ל",false,1,19.90,2.10,false,1,
64144090013,true,תרסיס שמן בטעם חמאה,ליימן שליסל,,,"י""ח",141,"ל מ""ל",false,1,19.90,14.11,true,1,
64144090020,true,~תרסיס שמן זית 141 ג,ליימן שליסל,,,"י""ח",141,"ל מ""ל",false,1,19.90,14.11,true,1,
64144090051,true,תרסיס שמן פאם קנולה 148 ג,ליימן שליסל,,,"י""ח",148,"ל מ""ל",false,1,19.90,13.45,true,1,
70221011116,true,טובלרון שוק 100 גרם,דיפלומט מפיצים (1968) בעמ**,,,"י""ח",100,ל גרם,false,1,7.90,7.90,true,1,
73490130410,true,מיץ ענבים קונקורד לייט 1.89ל Kedem,טמפו משקאות בעמ,,,"י""ח",1.89,ליטר,false,1,29.90,15.66,false,1,
73490153419,true,מיץ ענבים קונקורד 1.89ל Kedem,טמפו משקאות בעמ,,,"י""ח",1.89,ליטר,false,1,29.90,15.66,false,1,
73490154317,true,מיץ ענבים לבן 1.89ליטר Kedem,טמפו משקאות בעמ,,,"י""ח",1.89,ליטר,false,1,29.90,15.66,false,1,
76840100125,true,מגלידה פיינטים צ אבי האבי,מוצרי איכות אמריקאיים בעמ,,,"י""ח",750,"ל מ""ל",false,1,19.90,2.65,true,1,
76840100156,true,גלידה פיינטים צרי גרסיה,מוצרי איכות אמריקאיים בעמ,,,"י""ח",750,"ל מ""ל",false,1,19.90,2.65,true,1,
76840100583,true,גלידה פיינטים בצק עוגיות 473 מל,מוצרי איכות אמריקאיים בעמ,,,"י""ח",750,"ל מ""ל",false,1,25.90,3.45,true,1,
76840100811,true,"גלידת בן אנד גריס 473מ""ל באטר קאפ",מוצרי איכות אמריקאיים בעמ,,,"י""ח",473,"ל מ""ל",false,1,19.90,4.21,true,1,
76840100989,true,גלידה פיינטים פיש פוד,מוצרי איכות אמריקאיים בעמ,,,"י""ח",750,"ל מ""ל",false,1,19.90,2.65,true,1,
76840101542,true,גלידה פיינטים קרמל סוטרה,מוצרי איכות אמריקאיים בעמ,,,"י""ח",750,"ל מ""ל",false,1,23.90,3.19,true,1,
76840400027,true,גלידה פיינטים שוקולד,מוצרי איכות אמריקאיים בעמ,,,"י""ח",500,"ל מ""ל",false,1,23.90,4.78,true,1,
76840400218,true,"גלידת בן אנד גריס 473מ""לעוגת גבינה עם",מוצרי איכות אמריקאיים בעמ,,,"י""ח",473,"ל מ""ל",false,1,23.90,5.05,true,1,
76840620029,true,גלידה פיינטים ברי נייס,מוצרי איכות אמריקאיים בעמ,,,"י""ח",500,"ל מ""ל",false,1,23.90,4.78,true,1,
77245110610,true,סוכריות מאסט מנטה ללא סוכ,"שטראוס גרופ בע""מ",,,"י""ח",80,ל גרם,false,1,8.90,11.13,true,1,
77975036983,true,סלסה מטבל עגבניות חריפות,ליימן שליסל,,,"י""ח",354,ל גרם,false,1,16.90,4.77,false,1,
77975088234,true,סניידרס שברי בגיילה טעם חלפיניו 340גר,ליימן שליסל,,,"י""ח",340,ל גרם,false,1,15.90,4.68,true,1,
77975093085,true,סניידרס בייגלה בציפוי שוקולד חלב 141ג,ליימן שליסל,,,"י""ח",141,ל גרם,false,1,16.90,11.99,true,1,
77975093108,true,סניידרס בייגלה בציפוי שוקולד לבן 141ג,ליימן שליסל,,,"י""ח",141,ל גרם,false,1,16.90,11.99,true,1,
77975094631,true,סנדוויץ בייגל במילוי קרם צ דר 226ג.,ליימן שליסל,,,"י""ח",226,ל גרם,false,1,15.90,7.04,true,1,
77975094761,true,סניידרס שברי בייגל גבינת צ`דר 340גר,ליימן שליסל,,,"י""ח",340,ל גרם,false,1,15.90,4.68,true,1,
77975094778,true,"סניידרס שברי בייגל בצל,חרדל ודבש 340ג",ליימן שליסל,,,"י""ח",340,ל גרם,false,1,15.90,4.68,true,1,
77975095133,true,סניידרס שברי בייגל 318ג,ליימן שליסל,,,"י""ח",318,ל גרם,false,1,15.90,5,true,1,
77975095164,true,סניידרס שברי בייגל פרמזו ושום 318ג,ליימן שליסל,,,"י""ח",318,ל גרם,false,1,15.90,5,true,1,
77975095263,true,סניידרס שברי בייגל גבינת צ`דר 319גר,ליימן שליסל,,,"י""ח",319,ל גרם,false,1,15.90,4.98,true,1,
79400461704,true,"אקס שמפו לגבר 2ב1ש מנטה 473מ""ל",יוניליוור ישראל שיווק בעמ,,,"י""ח",473,"ל מ""ל",false,1,17.90,3.78,false,1,
80432402931,true,"וויסקי שיבאס רגאל 700מ""ל",טמפו משקאות בעמ,,,"י""ח",700,"ל מ""ל",false,1,119.90,17.09,true,1,
80518532859,true,בלונים 100 יח,שמחה זה אנחנו,,,"י""ח",1,,false,1,21.90,21.90,false,1,
80518810247,true,פרסים,שמחה זה אנחנו,,,"י""ח",1,,false,1,15,15,false,1,
97643011647,true,אצבעות רוזמרי שוקולד נוסטלגי רביעיות,קדמה ירושלים יבוא 2002 בעמ,,,"י""ח",1,,false,1,17.90,17.90,false,1,
97643011913,true,אצבעות רוזמרי רביעיות,קדמה ירושלים יבוא 2002 בעמ,,,"י""ח",1,,false,1,17.90,17.90,false,1,
97643011920,true,אצבעות רוזמרי חלב רביעיות,קדמה ירושלים יבוא 2002 בעמ,,,"י""ח",1,,false,1,17.90,17.90,false,1,
97643011937,true,אצבעות רוזמרי פרווה רביעיות,קדמה ירושלים יבוא 2002 בעמ,,,"י""ח",1,,false,1,17.90,17.90,false,1,
97643044041,true,"שוקולד נובלס בד""ץ",קדמה ירושלים יבוא 2002 בעמ,,,"י""ח",100,ל גרם,false,1,12.90,12.90,false,1,
97643044546,true,"שוקולד מריר 72% בד""ץ",קדמה ירושלים יבוא 2002 בעמ,,,"י""ח",100,ל גרם,false,1,12.90,12.90,false,1,
97643044553,true,"שוקולד שוויצרי 85% אקסטרא מריר בד""ץ",קדמה ירושלים יבוא 2002 בעמ,,,"י""ח",100,ל גרם,false,1,12.90,12.90,false,1,
97643044560,true,"שוקולד מריר מנטה 72% בד""ץ",קדמה ירושלים יבוא 2002 בעמ,,,"י""ח",100,ל גרם,false,1,12.90,12.90,false,1,
97643044584,true,"שוקולד מריר עם חמאת שקדים בד""ץ",קדמה ירושלים יבוא 2002 בעמ,,,"י""ח",100,ל גרם,false,1,12.90,12.90,false,1,
97643051445,true,"שוקולד רוזמרי מוקה בד""ץ",קדמה ירושלים יבוא 2002 בעמ,,,"י""ח",100,ל גרם,false,1,12.90,12.90,false,1,
97643070040,true,"שוקולד לבן שקדים בד""ץ",קדמה ירושלים יבוא 2002 בעמ,,,"י""ח",100,ל גרם,false,1,12.90,12.90,false,1,
97643070248,true,שוקולד רוזמרי שווצרי לבן ממולא,קדמה ירושלים יבוא 2002 בעמ,,,"י""ח",100,ל גרם,false,1,12.90,12.90,false,1,
97643070446,true,"שוקולד אייס קפה שוייצרי 100גר בד""ץ",קדמה ירושלים יבוא 2002 בעמ,,,"י""ח",100,ל גרם,false,1,12.90,12.90,false,1,
97643071542,true,"מינור רבעיות 22גר חלבי בד""ץ",קדמה ירושלים יבוא 2002 בעמ,,,"י""ח",1,,false,1,17.90,17.90,false,1,
97643082142,true,"שוקולד רוזמרי קידס בד""ץ",קדמה ירושלים יבוא 2002 בעמ,,,"י""ח",1,,false,1,12.90,12.90,false,1,
97643082449,true,שוקולד שווצרי מילוי פרלין,קדמה ירושלים יבוא 2002 בעמ,,,"י""ח",100,ל גרם,false,1,12.90,12.90,false,1,
97643082548,true,"שוקולד רוזמרי פרווה בד""ץ",קדמה ירושלים יבוא 2002 בעמ,,,"י""ח",100,ל גרם,false,1,12.90,12.90,false,1,
97643083040,true,שוקולד רוזמרי חלב נוסטלגי,קדמה ירושלים יבוא 2002 בעמ,,,"י""ח",1,,false,1,12.90,12.90,false,1,
97643083859,true,"שוקולד רוזמרי קרמל בד""ץ",קדמה ירושלים יבוא 2002 בעמ,,,"י""ח",100,ל גרם,false,1,12.90,12.90,false,1,
97643084047,true,"שוקולד רוזמרי ספליט בד""ץ",קדמה ירושלים יבוא 2002 בעמ,,,"י""ח",100,ל גרם,false,1,12.90,12.90,false,1,
97643090345,true,שוקולד רוזמרי חלב ללא סוכר,קדמה ירושלים יבוא 2002 בעמ,,,"י""ח",100,ל גרם,false,1,15.90,15.90,false,1,
97643090444,true,"שוקולד רוזמרי פרווה ללא סוכר בד""ץ",קדמה ירושלים יבוא 2002 בעמ,,,"י""ח",100,ל גרם,false,1,15.90,15.90,false,1,
97643098648,true,"שוקולד אגוזים בד""ץ",קדמה ירושלים יבוא 2002 בעמ,,,"י""ח",100,ל גרם,false,1,12.90,12.90,false,1,
183837123408,true,"אורז בסגנון בסמטי אוצרות הודו 5ק""ג",בני ג ורג שוקחה (חיפה) בעמ,,,"י""ח",5,ליטר,false,1,32.90,6.58,false,1,
195480030088,true,בלוק צימקאו מריר 300גר,תה ויסוצקי (ישראל)בעמ,,,"י""ח",300,ל גרם,false,1,8.90,2.97,false,1,
305210043596,true,"וזלין קרם גוף לבנדר 600מ""ל",יוניליוור ישראל שיווק בעמ,,,"י""ח",600,"ל מ""ל",false,1,19.90,3.32,false,1,
305213079004,true,תחליב גוף וזלין צהוב להזנה עמוקה,יוניליוור ישראל שיווק בעמ,,,"י""ח",600,"ל מ""ל",false,1,19.90,3.32,false,1,
608614310456,true,אוכמניות,ביכורי השדה צפון 1994 ג.ד. בעמ,,,"י""ח",1,,false,1,15.90,15.90,true,1,
608614310463,true,אוכמניות,ביכורי השדה צפון 1994 ג.ד. בעמ,,,"י""ח",1,,false,1,15.90,15.90,true,1,
608614310654,true,ענב אדום ארוז,ביכורי השדה צפון 1994 ג.ד. בעמ,,,"ק""ג",1,,true,1,19.90,19.90,false,1,
613008753320,true,"אריזונה ג`נסנג ודבש 450מ""ל",טמפו משקאות בעמ,,,"י""ח",450,"ל מ""ל",false,1,7.40,1.58,true,1,
613008753351,true,"אריזונה רימונים 450מ""ל",טמפו משקאות בעמ,,,"י""ח",450,"ל מ""ל",false,1,7.40,1.58,true,1,
613008753382,true,"אריזונה אוכמניות 450מ""ל",טמפו משקאות בעמ,,,"י""ח",450,"ל מ""ל",false,1,7.40,1.58,true,1,
628154383659,true,דגני בוקר פרוטי פבלס 311גר,ר.ב. מוצרי דגנים בעמ,,,"י""ח",311,ל גרם,false,1,21.90,7.04,false,1,
633016004047,true,כרובית 680 גר`מהדרין,לפ עת-רן (1996 ) בעמ,,,"י""ח",680,ל גרם,false,1,30.90,4.54,false,1,
633824111838,true,"וודקה ואן גוך אננס 750 מ""ל",טמפו משקאות בעמ,,,"י""ח",750,"ל מ""ל",false,1,129.90,17.28,true,1,
633824913432,true,ואן גוך אסאי 750,טמפו משקאות בעמ,,,"י""ח",750,"ל מ""ל",false,1,129.90,17.28,true,1,
634065831295,true,גרביים 39-42 שחור נשים,איי.איקס.אם ישראל בעמ,,,"י""ח",1,,false,1,13.90,13.90,false,1,
634065832940,true,גרביים 23-26 לבן ילדים,איי.איקס.אם ישראל בעמ,,,"י""ח",1,,false,1,13.90,13.90,false,1,
634065835415,true,גרביים 39-42 שחור גברים,איי.איקס.אם ישראל בעמ,,,"י""ח",1,,false,1,13.90,13.90,false,1,
634065835460,true,גרביים 43-46 שחור גברים,איי.איקס.אם ישראל בעמ,,,"י""ח",1,,false,1,13.90,13.90,false,1,
634065837754,true,גרביים 32-36 לבן ילדים,איי.איקס.אם ישראל בעמ,,,"י""ח",1,,false,1,13.90,13.90,false,1,
634065838256,true,גרביים 23-26 שחור ילדים,איי.איקס.אם ישראל בעמ,,,"י""ח",1,,false,1,13.90,13.90,false,1,
634065847258,true,גרביים 27-31 לבן ילדים,איי.איקס.אם ישראל בעמ,,,"י""ח",1,,false,1,13.90,13.90,false,1,
634065847821,true,גרביים 43-46 לבן גברים,איי.איקס.אם ישראל בעמ,,,"י""ח",1,,false,1,13.90,13.90,false,1,
634065849733,true,גרביים 27-31 שחור ילדים,איי.איקס.אם ישראל בעמ,,,"י""ח",1,,false,1,13.90,13.90,false,1,
634065854607,true,גרביים 35-38 שחור נשים,איי.איקס.אם ישראל בעמ,,,"י""ח",1,,false,1,13.90,13.90,false,1,
634065863531,true,גרביים 32-36 שחור ילדים,איי.איקס.אם ישראל בעמ,,,"י""ח",1,,false,1,13.90,13.90,false,1,
634065874773,true,גרביים 39-42 לבן גברים,איי.איקס.אם ישראל בעמ,,,"י""ח",1,,false,1,13.90,13.90,false,1,
634065875046,true,גרביים 35-38 לבן שנים,איי.איקס.אם ישראל בעמ,,,"י""ח",1,,false,1,13.90,13.90,false,1,
634065877156,true,גרביים 39-42 לבן שנים,איי.איקס.אם ישראל בעמ,,,"י""ח",1,,false,1,13.90,13.90,false,1,
649660432020,true,היל ויל שזיפים מיובשים 567 גרם,מור ים מרקטינג בעמ,,,"י""ח",567,"ל מ""ל",false,1,25.90,4.57,false,1,
651080647519,true,פלאקרס פלוסר קיסם+חוט,דנשר (1963) בעמ,,,"י""ח",1,,false,1,10.90,10.90,false,1,
681131129855,true,"בירה שלוס קרוון 500מ""ל",טעמן שווק מזון בעמ,,,"י""ח",500,"ל מ""ל",false,1,5.90,1.12,false,1,
693493002516,true,ענבים אדומים מארז.,ביכורי השדה צפון 1994 ג.ד. בעמ,,,"ק""ג",1,,true,1,19.90,19.90,false,1,
693493136358,true,בייבי בטטה,ביכורי השדה צפון 1994 ג.ד. בעמ,,,"י""ח",1,,false,1,8.90,8.90,false,1,
693493136365,true,שבבי עישון עץ אלדר,סרוסי מפעל לבשר בעמ,,,"י""ח",1,,false,1,29.90,29.90,false,1,
693493136372,true,שבבי עישון עץ תפוח,סרוסי מפעל לבשר בעמ,,,"י""ח",1,,false,1,29.90,29.90,false,1,
693493136389,true,שבבי עישון עץ דובדבן,סרוסי מפעל לבשר בעמ,,,"י""ח",1,,false,1,29.90,29.90,false,1,
693493136396,true,שבבי עישון עץ מייפל,סרוסי מפעל לבשר בעמ,,,"י""ח",1,,false,1,29.90,29.90,false,1,
693493136402,true,שבבי עישון עץ אלון,סרוסי מפעל לבשר בעמ,,,"י""ח",1,,false,1,29.90,29.90,false,1,
693493136419,true,שבבי עישון עץ אגוז,סרוסי מפעל לבשר בעמ,,,"י""ח",1,,false,1,29.90,29.90,false,1,
693493136426,true,שבבי עישון עץ אקציה,סרוסי מפעל לבשר בעמ,,,"י""ח",1,,false,1,29.90,29.90,false,1,
693493136433,true,צאנקים לעישון עץ אלדר,סרוסי מפעל לבשר בעמ,,,"י""ח",1,,false,1,29.90,29.90,false,1,
693493136440,true,צאנקים לעישון עץ תפוח,סרוסי מפעל לבשר בעמ,,,"י""ח",1,,false,1,29.90,29.90,false,1,
693493136457,true,צאנקים לעישון עץ דובדבן,סרוסי מפעל לבשר בעמ,,,"י""ח",1,,false,1,29.90,29.90,false,1,
693493136464,true,צאנקים לעישון עץ מייפל,סרוסי מפעל לבשר בעמ,,,"י""ח",1,,false,1,29.90,29.90,false,1,
693493136471,true,צאנקים לעישון עץ אלון,סרוסי מפעל לבשר בעמ,,,"י""ח",1,,false,1,29.90,29.90,false,1,
693493136488,true,צאנקים לעישון עץ אגוז,סרוסי מפעל לבשר בעמ,,,"י""ח",1,,false,1,29.90,29.90,false,1,
693493136495,true,צאנקים לעישון עץ אקציה,סרוסי מפעל לבשר בעמ,,,"י""ח",1,,false,1,29.90,29.90,false,1,
693493136501,true,פלט טהור אלדר,סרוסי מפעל לבשר בעמ,,,"י""ח",1,,false,1,29.90,29.90,false,1,
693493136518,true,פלט טהור תפוח,סרוסי מפעל לבשר בעמ,,,"י""ח",1,,false,1,29.90,29.90,false,1,
693493136525,true,פלט טהור אלון,סרוסי מפעל לבשר בעמ,,,"י""ח",1,,false,1,29.90,29.90,false,1,
693493136532,true,פלט טהור מייפל,סרוסי מפעל לבשר בעמ,,,"י""ח",1,,false,1,29.90,29.90,false,1,
693493136556,true,מארז פלט פרמיום,סרוסי מפעל לבשר בעמ,,,"י""ח",1,,false,1,29.90,29.90,false,1,
710069006867,true,סנדוויץ עוגיות וניל הדר 150גר,ח.כהן סוכנות מזון ומשקאות בע,,,"י""ח",150,ל גרם,false,1,3.90,2.60,false,1,
710069055452,true,סנדוויץ עוגיות שוקו 150גר הדר,ח.כהן סוכנות מזון ומשקאות בע,,,"י""ח",150,ל גרם,false,1,3.90,2.60,false,1,
728229123811,true,תה רה צי פס מתובל,מ.סידס ובנו בעמ,,,"י""ח",50,ל גרם,false,1,15.90,31.80,true,1,
729001472158,true,לוף מהדרון,ביכורי השדה צפון 1994 ג.ד. בעמ,,,"י""ח",1,,false,1,17.90,17.90,false,1,
729001494562,true,גביעי גלידה 1/24 גילרו,ח.כהן סוכנות מזון ומשקאות בע,,,"י""ח",1,,false,1,8.90,8.90,false,1,
729016400205,true,צלחות 100יח גדול צבעוני שווה,ח.כהן סוכנות מזון ומשקאות בע,,,"י""ח",100,"י""ח",false,1,34.90,0.35,false,1,
731299110919,true,מדרגון מפואר,כוכב נולד פלוס נתיבות בעמ,,,"י""ח",1,,false,1,149.90,149.90,false,1,
731299110926,true,מדרגון מפואר,כוכב נולד פלוס נתיבות בעמ,,,"י""ח",1,,false,1,149.90,149.90,false,1,
731299110933,true,מדרגון מפואר,כוכב נולד פלוס נתיבות בעמ,,,"י""ח",1,,false,1,149.90,149.90,false,1,
734896880308,true,דפי קסם לחנוכה,צעצועי דורון ~~~,,,"י""ח",1,,false,1,12.90,12.90,false,1,
734896880322,true,זירה עם 4 סביבונים מאירים,צעצועי דורון ~~~,,,"י""ח",1,,false,1,49.90,49.90,false,1,
734896880339,true,סביבון מאיר ומנגן בקופסא,צעצועי דורון ~~~,,,"י""ח",1,,false,1,19.90,19.90,false,1,
734896880346,true,אקדח עם זוג סביבוני בליידס,צעצועי דורון ~~~,,,"י""ח",1,,false,1,29.90,29.90,false,1,
748855427961,true,ישבנון קלאסי,כוכב נולד פלוס נתיבות בעמ,,,"י""ח",1,,false,1,129.90,129.90,false,1,
748855429859,true,עגלה משולבת,כוכב נולד פלוס נתיבות בעמ,,,"י""ח",1,,false,1,999,999,false,1,
748855429873,true,עגלת בראבו משולבת,כוכב נולד פלוס נתיבות בעמ,,,"י""ח",1,,false,1,1000,1000,false,1,
748855430251,true,סלקל,כוכב נולד פלוס נתיבות בעמ,,,"י""ח",1,,false,1,249,249,false,1,
748855430268,true,סלקל,כוכב נולד פלוס נתיבות בעמ,,,"י""ח",1,,false,1,249,249,false,1,
748855430619,true,טיולון זום,כוכב נולד פלוס נתיבות בעמ,,,"י""ח",1,,false,1,699,699,false,1,
748855431029,true,ישבנון,כוכב נולד פלוס נתיבות בעמ,,,"י""ח",1,,false,1,149,149,false,1,
748855431036,true,ישבנון,כוכב נולד פלוס נתיבות בעמ,,,"י""ח",1,,false,1,149,149,false,1,
753182231761,true,משקה אנרגיה בלו סיקס ללא סוכר,בני פאוזי שמשום (2009) בעמ,,,"י""ח",250,"ל מ""ל",false,1,4.50,1.68,true,1,
768404001640,true,גלידה פיינטים קפה,מוצרי איכות אמריקאיים בעמ,,,"י""ח",500,"ל מ""ל",false,1,19.90,3.98,true,1,
769904000607,true,.שקדי מרק ברפוד 200גר`,בטר אנד דיפרנט בעמ,,,"י""ח",200,ל גרם,false,1,12.90,6.45,false,1,
786150000281,true,"לף בראון בקבוק 330מ""ל 1/6",תימקו בירה בעמ,,,"י""ח",330,"ל מ""ל",false,1,49.90,14.58,true,1,
800157102302,true,מקל למגב,ח.כהן סוכנות מזון ומשקאות בע,,,"י""ח",1,,false,1,4.30,4.30,false,1,
807250920139,true,סט 12 יח עטים,צבע ומכחול (2014) בעמ,,,"י""ח",1,,false,1,14.90,14.90,false,1,
807251101223,true,פלסטלינה,צבע ומכחול (2014) בעמ,,,"י""ח",1,,false,1,9.90,9.90,false,1,
807253241019,true,גואש אומגה 12יח.,צבע ומכחול (2014) בעמ,,,"י""ח",1,,false,1,14.90,14.90,false,1,
807253930104,true,סט מכחולים,צבע ומכחול (2014) בעמ,,,"י""ח",1,,false,1,9.90,9.90,false,1,
807259201284,true,עפרונות אומגה 12יח,צבע ומכחול (2014) בעמ,,,"י""ח",1,,false,1,7.50,7.50,false,1,
807259441888,true,דבק סטיק 3יח,צבע ומכחול (2014) בעמ,,,"י""ח",1,,false,1,7.90,7.90,false,1,
813724023756,true,"ווטקינס וניל אפיה 59מ""ל",מ.סידס ובנו בעמ,,,"י""ח",59,"ל מ""ל",false,1,29.90,50.68,false,1,
813724025927,true,"ווטקינס וניל ללא אלכוהול 59מ""ל",מ.סידס ובנו בעמ,,,"י""ח",59,"ל מ""ל",false,1,49.90,84.58,false,1,
813724025934,true,"ווטקינס מחית וניל 56מ""ל",מ.סידס ובנו בעמ,,,"י""ח",56,"ל מ""ל",false,1,49.90,89.11,false,1,
835811000495,true,קערה מרובע 1יח 1.8ליטר הנמל,הנמל אריזות ושווק בעמ,,,"י""ח",1,,false,1,7.90,7.90,false,1,
835811001102,true,פרורי לחם מוזהבים עם שומשום 200 גרם הנמל,הנמל אריזות ושווק בעמ,,,"י""ח",200,ל גרם,false,1,4.90,2.45,false,1,
835811004189,true,פרורי לחם מוזהבים 800 גרם הנמל,הנמל אריזות ושווק בעמ,,,"י""ח",800,ל גרם,false,1,13.20,1.65,false,1,
835811004660,true,עטרות אלומיניום לאפיה 100 יח`מס`1,הנמל אריזות ושווק בעמ,,,"י""ח",1,,false,1,4.90,4.90,false,1,
835811004677,true,עטרות אלומי לאפיה 100 יח`מס`4,הנמל אריזות ושווק בעמ,,,"י""ח",1,,false,1,8.90,8.90,false,1,
835811004684,true,עטרות אלומיניום לאפיה 100 יח`מס`3,הנמל אריזות ושווק בעמ,,,"י""ח",1,,false,1,7.90,7.90,false,1,
835811004691,true,עטרות אלומי לאפיה 100 יח`מס`2,הנמל אריזות ושווק בעמ,,,"י""ח",1,,false,1,6.90,6.90,false,1,
835811005100,true,קערה מעוטרת בינונית הנמל,הנמל אריזות ושווק בעמ,,,"י""ח",1,,false,1,9.90,9.90,false,1,
835811005711,true,עטרות אלומיניום לאפיה 100 יח`מס`5,הנמל אריזות ושווק בעמ,,,"י""ח",1,,false,1,9.90,9.90,false,1,
835811006695,true,קוקטים לאפייה 20יח 5OZ הנמל,הנמל אריזות ושווק בעמ,,,"י""ח",1,,false,1,7.20,7.20,false,1,
835811006701,true,קוקטים לאפייה 24יח 3OZ הנמל,הנמל אריזות ושווק בעמ,,,"י""ח",1,,false,1,6.50,6.50,false,1,
835811007166,true,כוסות קפה לדרך+מכסה 16 יחידות הנמל,הנמל אריזות ושווק בעמ,,,"י""ח",16,"י""ח",false,1,13.90,0.87,false,1,
835811008996,true,כוסות קרטון 50יח 10OZ הנמל,הנמל אריזות ושווק בעמ,,,"י""ח",1,,false,1,18.90,18.90,false,1,
839762000641,true,איילנד מנגו 1 ליטר,טמפו משקאות בעמ,,,"י""ח",1,ליטר,false,1,13.20,13.20,true,1,
839762000658,true,איילנד גויאבה 1 ליטר,טמפו משקאות בעמ,,,"י""ח",1,ליטר,false,1,13.20,13.20,true,1,
850006036028,true,מקלונים טעם סלק בצל 400ג,תה ויסוצקי (ישראל)בעמ,,,"י""ח",400,ל גרם,false,1,17.90,4.48,true,1,
856591000055,true,עבאדי עוגיות מזרחיות קריספי -400,תה ויסוצקי (ישראל)בעמ,,,"י""ח",400,ל גרם,false,1,17.90,4.48,false,1,
856591000062,true,עבאדי עוגיות מזרחיות מלח -400,תה ויסוצקי (ישראל)בעמ,,,"י""ח",400,ל גרם,false,1,17.90,4.48,false,1,
856591000109,true,עבאדי עוגיות מזרחיות פריך במיוחד 400גר,תה ויסוצקי (ישראל)בעמ,,,"י""ח",400,ל גרם,false,1,17.90,4.48,false,1,
856591000512,true,עוגיות מזרחיות מקלות לניגוב 400גר`,תה ויסוצקי (ישראל)בעמ,,,"י""ח",400,ל גרם,false,1,17.90,4.48,true,1,
856591000949,true,עבאדי קטנטנים מאפה חיטה מלוח 350גר,תה ויסוצקי (ישראל)בעמ,,,"י""ח",350,ל גרם,false,1,16.90,4.83,true,1,
856591000956,true,עבאדי קטנטנים מאפה גריל 350גר,תה ויסוצקי (ישראל)בעמ,,,"י""ח",350,ל גרם,false,1,16.90,4.83,true,1,
856591000970,true,מקלונים טעם חריף 400ג,תה ויסוצקי (ישראל)בעמ,,,"י""ח",400,ל גרם,false,1,17.90,4.48,true,1,
859547004084,true,ספוג ניקוי SCRUB DADDY LEMON,ר.ב. מוצרי דגנים בעמ,,,"י""ח",1,,false,1,17.90,17.90,false,1,
859547004329,true,ספוג ניקוי SCRUB DADDY,ר.ב. מוצרי דגנים בעמ,,,"י""ח",1,,false,1,17.90,17.90,false,1,
859547004466,true,ספוג ניקוי SCRUB MOMMY,ר.ב. מוצרי דגנים בעמ,,,"י""ח",1,,false,1,17.90,17.90,false,1,
873999000906,true,סוללות קטן,עולם הבית שיווק והפצה בעמ,,,"י""ח",1,,false,1,3.90,3.90,false,1,
884912129512,true,דגני בוקר קוקו פבלס 311 גרם,ר.ב. מוצרי דגנים בעמ,,,"י""ח",1,,false,1,21.90,21.90,false,1,
884912342737,true,דגני בוקר CRISP WAFFLE י326 גרם.,ר.ב. מוצרי דגנים בעמ,,,"י""ח",326,ל גרם,false,1,20.90,6.41,false,1,
884912359155,true,דגני בוקר האני באנצ רוסטד 340ג,ר.ב. מוצרי דגנים בעמ,,,"י""ח",340,ל גרם,false,1,21.90,6.44,true,1,
884912359162,true,דגני בוקר האני באנצ שקדים 340ג,ר.ב. מוצרי דגנים בעמ,,,"י""ח",340,ל גרם,false,1,22.90,6.74,true,1,
884912365200,true,דגני בוקר אוראו 311גר.,ר.ב. מוצרי דגנים בעמ,,,"י""ח",311,ל גרם,false,1,23.90,7.68,true,1,
884912377142,true,דגני בוקר האני באנצ וניל 340ג,ר.ב. מוצרי דגנים בעמ,,,"י""ח",340,ל גרם,false,1,21.90,6.44,true,1,
884912378118,true,דגני בוקר רייזן בראן471גר,ר.ב. מוצרי דגנים בעמ,,,"י""ח",471,ל גרם,false,1,23.90,5.07,false,1,
893594002051,true,חטיף פופקורן צ`יפס טעם גבינת צ`דר 28גר,"שטראוס פריטו ליי בע""מ",,,"י""ח",28,ל גרם,false,1,5.90,21.07,true,1,
893594002068,true,חטיף פופקורן צ`יפס עם מלח ים 28גר,"שטראוס פריטו ליי בע""מ",,,"י""ח",28,ל גרם,false,1,5.90,21.07,true,1,
897285002023,true,נשר מאלט 330 שישיה,טמפו משקאות בעמ,,,"י""ח",1.98,ליטר,false,1,29.90,14.19,false,1,
2348139024008,false,תחתיות ארטישוק 400 גרם,נטו מלינדה סחר בעמ,,,"י""ח",425,ל גרם,false,1,12.10,2.85,false,1,
3014260022730,false,מב.שיניים אדוונטג 40 מדיום אורל בי זוג,דיפלומט מפיצים 1968 בעמ,,,"י""ח",1,,false,1,21.90,21.90,true,1,
3014260228842,false,"קצף גילוח ג'ילט לעור רגיל 200 מ""ל",דיפלומט מפיצים (1968) בעמ,,,"י""ח",200,"ל מ""ל",false,1,16.30,8.15,true,1,
3014260240226,false,"קצף גילוח ג'ילט לעור רגיש 200 מ""ל",דיפלומט מפיצים (1986) בע`מ,,,"י""ח",200,"ל מ""ל",false,1,16.30,8.15,true,1,
3014260262709,false,סכין גילוח ונוס לנשים 4 יחידות,דיפלומט מפיצים (1968) בעמ,,,"י""ח",1,,false,1,49.90,49.90,false,1,
3014260287030,false,ג`ילט סכיני גילוח חדפ לגבר יבוא מקביל,פארמה דיל (פ.א.ב.) שיווק והפצה,,,"י""ח",1,,false,1,6.90,6.90,true,1,
3014260289287,false,סכין גילוח גילט בלו 2 לנשים-חמישייה,דיפלומט מפיצים (1968) בעמ,,,"י""ח",1,,false,1,14.90,14.90,true,1,
3046920028004,false,לינדט שוקולד אקסלנס מריר 70% 100 גר,לינדט ושפרונגלי קילשברג,,,"י""ח",100,ל גרם,false,1,16.90,16.90,true,1,
3046920028363,false,לינדט אקסלנס 85% מוצקי קקאו 100 גרם,לינדט ושפרונגלי קילשברג,,,"י""ח",100,ל גרם,false,1,16.90,16.90,true,1,
3059940007768,false,"מבשם אוויר אירוויק ספריי וניל אורכידאה 240 מ""ל",רקיט בנקיזר (ניר איסט) בעמ,,,"י""ח",300,"ל מ""ל",false,1,9.90,3.30,true,1,
3059943015104,false,"אירוויק מבשם אויר נטול גז בניחוח פריסיה ויסמין 345 מ""ל",רקיט בנקיזר (ניר איסט) בעמ,,,"י""ח",345,"ל מ""ל",false,1,14.90,4.32,true,1,
3059943015128,false,מבשם אוויר נטול גז אקווה מיסט בניחוח לבנדר פראי ואוויר הרים,רקיט בנקיזר (ניר איסט) בעמ,,,"י""ח",345,"ל מ""ל",false,1,11.90,3.45,true,1,
3059943016507,false,"אירוויק ספריי בניחוח לבנדר וקמומיל 240 מ""ל",רקיט בנקיזר (ניר איסט) בעמ,,,"י""ח",300,"ל מ""ל",false,1,9.90,3.30,true,1,
3059943016569,false,"מבשם אוויר אירוויק ספריי פרסיה ויסמין 240 מ""ל",רקיט בנקיזר (ניר איסט) בעמ,,,"י""ח",300,"ל מ""ל",false,1,9.90,3.30,true,1,
3059944021197,false,"ויט קרם להסרת שיער לעור רגיש (אריזת חיסכון) 400 מ""ל",רקיט בנקיזר (ניר איסט) בעמ,,,"י""ח",1,,false,1,49.90,49.90,false,1,
3059944025003,false,Veet רצועות שעווה לעור רגיל אריזת חיסכון (20 יח'),רקיט בנקיזר (ניר איסט) בעמ,,,"י""ח",250,"ל מ""ל",false,1,39.90,15.96,false,1,
3141360054405,false,פיניש מפיץ ריח למדיח בניחוח לימון וליים,רקיט בנקיזר (ניר איסט) בעמ,,,"י""ח",27,ל גרם,false,1,16.90,62.59,true,1,
3178530412703,false,עוגיות חמאה דונאט עם שוקולד 180 גר,א. סיימן סחר בעמ,,,"י""ח",180,ל גרם,false,1,19.90,11.06,false,1,
3178530417340,false,בראוניז שוקולד סאן מישל 210 גרם,א. סיימן סחר בעמ,,,"י""ח",180,ל גרם,false,1,19.90,11.06,true,1,
3178530417357,false,בראוניז שוקולד לבן סנט מישל 210 גרם,א. סיימן סחר בעמ,,,"י""ח",180,ל גרם,false,1,19.90,11.06,true,1,
3178530417418,false,עוגיות חמאה דונאט עם שוקולד ציפס 180 גר,א. סיימן סחר בעמ,,,"י""ח",180,ל גרם,false,1,19.90,11.06,false,1,
3282554138911,false,כפיות לבן 100 יח PP ארקפלסט (40 בק`)*,ח.כהן סוכנות מזון ומשקאות בע,,,"י""ח",100,"י""ח",false,1,6.90,0.07,false,1,
3282554174841,false,מזלגות לבן 100 יח PP ארקפלסט (40 בק`),ח.כהן סוכנות מזון ומשקאות בע,,,"י""ח",100,"י""ח",false,1,9.90,0.10,false,1,
3282554174957,false,כפות לבן 100 יח PP ארקפלסט (40 בק`)*,ח.כהן סוכנות מזון ומשקאות בע,,,"י""ח",100,"י""ח",false,1,9.90,0.10,false,1,
3387390320244,false,פיטנס דגני בוקר מחיטה מלאה עם פירות נסטלה 375 גרם,קבוצת אוסם סחר שותפות מוגבלת,,,"י""ח",375,ל גרם,false,1,22.90,6.11,true,1,
3387390525960,false,קראנץ' דגני בוקר עם שוקולד חלב נסטלה 500 גרם,קבוצת אוסם סחר שותפות מוגבלת,,,"י""ח",500,ל גרם,false,1,25,5,true,1,
3480341002685,false,טרטר אפרטיף בסגנון פרובנס 101 גר,א. סיימן סחר בעמ,,,"י""ח",10000,ל גרם,false,1,19.90,0.20,false,1,
3480341002692,false,טרטר אפרטיף בסגנון איטלקי 100 גר,א. סיימן סחר בעמ,,,"י""ח",100,ל גרם,false,1,19.90,19.90,false,1,
3563490014898,false,ריין דיז'ון חרדל דיז'ון 265 גרם,דיפלומט מפיצים (1968) בעמ**,,,"י""ח",255,ל גרם,false,1,12.90,5.06,false,1,
3574660464337,false,קרפרי מגה פק מגן תחתון אוורירי אלוורה 76,ג'\ונסון אנד ג'\ונסון,,,"י""ח",76,"י""ח",false,1,19.90,0.26,false,1,
3574660464368,false,קרפרי מגה פק מגן תחתון אוורירי מבושם 76,גונסון אנד גונסון,,,"י""ח",1,,false,1,22.90,22.90,false,1,
3574660649895,false,ליסטרין שטיפת פה זירו 500 מל,רותם מיטרו יבוא וסחר,,,"י""ח",1,,false,1,19.90,19.90,false,1,
3574661114637,false,ליסטרין שטיפת פה קול מינט טעם מעודן 500,ג'\ונסון אנד ג'\ונסון,,,"י""ח",500,"ל מ""ל",false,1,17.90,3.58,true,1,
3574661352275,false,"מי פה ליסטרין קידס 250 מ""ל פירות יער",ג'\ונסון אנד ג'\ונסון,,,"י""ח",250,"ל מ""ל",false,1,14.90,5.96,true,1,
3574661487328,false,קרפרי מגני תחתון אורגינל פלוס 56 יח',הדקלאים אגודת שיתופי,,,"י""ח",58,"י""ח",false,1,19.90,0.34,true,1,
3574661487625,false,מגן תחתון קרפרי מקסי לארג 48 יחידות,הדקלאים אגודת שיתופי,,,"י""ח",1,,false,1,16.90,16.90,true,1,
3574661487632,false,מגני תחתון פלוס לארג' בניחוח עדין L,ג'\ונסון אנד ג'\ונסון,,,"י""ח",1,,false,1,22.90,22.90,false,1,
3574661501901,false,שטיפה אינטימית יומיומית מכיל תה ירוק ואלוורה,קולגייט פלמוליב,,,"י""ח",200,"ל מ""ל",false,1,18.90,9.45,false,1,
3574661552804,false,מגן תחתון קרפרי אלוורה 56 יחידות,הדקלאים אגודת שיתופי,,,"י""ח",1,,false,1,16.90,16.90,true,1,
3574661643359,false,ליסטרין נטורלס שטיפת פה אנאמל פרוטקט,ג'\ונסון אנד ג'\ונסון,,,"י""ח",500,"ל מ""ל",false,1,19.90,3.98,true,1,
3574661650029,false,ליסטרין שטיפת פה להגנה על החניכיים בטעם מעודן,ג'\ונסון אנד ג'\ונסון,,,"י""ח",500,"ל מ""ל",false,1,19.90,3.98,true,1,
3574669907682,false,גונסונס בייבי טלק 500 גרם חדש,גונסון אנד גונסון,,,"י""ח",500,ל גרם,false,1,32.90,6.58,false,1,
3574669907729,false,גונסונס בייבי שמפו לתינוק 750 מל,גונסון אנד גונסון,,,"י""ח",750,"ל מ""ל",false,1,24.90,3.32,true,1,
3574669907781,false,גונסונס בייבי שמפו לתינוק 750 מל,גונסון אנד גונסון,,,"י""ח",750,"ל מ""ל",false,1,24.90,3.32,true,1,
3574669908665,false,גונסונס בייבי אל סבון לפני השינה 750 מל,גונסון אנד גונסון,,,"י""ח",750,"ל מ""ל",false,1,20.90,2.79,true,1,
3574669909204,false,גונסונס בייבי שמן לתינוק 300 מל,ג'ונסונס Johnson's,,,"י""ח",300,ל גרם,false,1,19.90,6.63,false,1,
3600520970707,false,אקסלנס חום אפרפר מס5.15',לוריאל ישראל קוסמטיקס בעמ,,,"י""ח",1,,false,1,34.90,34.90,false,1,
3600522344032,false,"אלביב מסכה לשיער פגום טואל ריפר 300מ""ל",לוריאל ישראל קוסמטיקס בעמ,,,"י""ח",300,"ל מ""ל",false,1,34.90,11.63,false,1,
3600522344070,false,אלביב מסכת קולור פרוטקט לוריאל (300 מל),לוריאל ישראל קוסמטיקס בעמ,,,"י""ח",750,"ל מ""ל",false,1,34.90,4.65,false,1,
3600522377870,false,אקסלנס קרם,לוריאל ישראל קוסמטיקס בעמ,,,"י""ח",1,,false,1,34.90,34.90,false,1,
3600522378051,false,לוריאל - אקסלנס קרם 6.32 חום בהיר זהוב מעודן,לוריאל ישראל קוסמטיקס בעמ,,,"י""ח",1,,false,1,34.90,34.90,false,1,
3600522822240,false,אקסלנס אינטנס 6.32,לוריאל ישראל קוסמטיקס בעמ,,,"י""ח",1,,false,1,34.90,34.90,false,1,
3600523136155,false,אלביב מסכה שמנים מופלאים,לוריאל ישראל קוסמטיקס בעמ,,,"י""ח",1,,false,1,34.90,34.90,false,1,
3600523642489,false,מסכת הזנה אינטנסיבית 6 שמנים לשיער יבש,לוריאל ישראל קוסמטיקס בעמ,,,"י""ח",1,,false,1,34.90,34.90,false,1,
3600523652228,false,"לוריאל - אלביב מרכך טוטאל ריפר 550 מ""ל",לוריאל ישראל קוסמטיקס בעמ,,,"י""ח",550,"ל מ""ל",false,1,16.90,3.07,true,1,
3600523652259,false,"לוריאל - אלביב מרכך קולור פרוטקט 550 מ""ל",לוריאל ישראל קוסמטיקס בעמ,,,"י""ח",550,"ל מ""ל",false,1,16.90,3.07,true,1,
3600523782574,false,מסכה לשיער לוריאל אלביב דרים לונג 300 מל,לוריאל ישראל קוסמטיקס בעמ,,,"י""ח",360,"ל מ""ל",false,1,34.90,9.69,false,1,
3600540928863,false,גרניה מיניראל רול און קליר אינויזיבל,לוריאל ישראל קוסמטיקס בעמ,,,"י""ח",50,"ל מ""ל",false,1,15.90,31.80,true,1,
3600541033399,false,"גרנייה אינביזי דאו ספריי קול 150מ""ל",לוריאל ישראל קוסמטיקס בעמ,,,"י""ח",150,"ל מ""ל",false,1,14.90,9.93,true,1,
3600541382930,false,גרנייה - מים מיסלרים לכל סוגי העור,לוריאל ישראל קוסמטיקס בעמ,,,"י""ח",1,,false,1,29.90,29.90,false,1,
3600541928275,false,מי פנים מיסלריים דו-פאזיים מסיר איפור עמיד במים,לוריאל ישראל קוסמטיקס בעמ,,,"י""ח",1,,false,1,29.90,29.90,false,1,
3600541937475,false,גרניה פיור גרגרים מסיכה לעור מעורב עד שמן,לוריאל ישראל קוסמטיקס בעמ,,,"י""ח",1,,false,1,29.90,29.90,false,1,
3600541952720,false,ג'ל גרגירים עם פחם פעיל לטיפול בראשים שחורים,לוריאל ישראל קוסמטיקס בעמ,,,"י""ח",150,ל גרם,false,1,29.90,19.93,false,1,
3600541956223,false,"גרנייה פיור לניקוי וטיפול בסימנים ופגעי עם מברשת 150 מ""ל",לוריאל ישראל קוסמטיקס בעמ,,,"י""ח",1,,false,1,29.90,29.90,false,1,
3600542365710,false,פיור ג`ל ניקוי עור הפנים,לוריאל ישראל קוסמטיקס בעמ,,,"י""ח",150,"ל מ""ל",false,1,29.90,19.93,false,1,
3600542365796,false,בוטניקל ג`ל ניקוי ענבים 200 מל גרניה,לוריאל ישראל קוסמטיקס בעמ,,,"י""ח",200,"ל מ""ל",false,1,24.90,12.45,true,1,
3600542375801,false,קרם גרנייה פיוראקטיב 3ב1 פחם 150 מל,לוריאל ישראל קוסמטיקס בעמ,,,"י""ח",150,"ל מ""ל",false,1,29.90,19.93,false,1,
3607340717635,false,אדידס גל רחצה לגבר אייס דייב 400 מל,דנשר (1963) בעמ,,,"י""ח",400,"ל מ""ל",false,1,10.90,2.73,false,1,
3607343817547,false,"אדידס - דאודורנט ספריי לגבר קליימקול 150 מ""ל",דנשר (1963) בעמ,,,"י""ח",150,"ל מ""ל",false,1,12.90,8.60,true,1,
3608580078319,false,קונפיטורה דומדומניות שחורות 370ג,ר.ב. מוצרי דגנים בעמ,,,"י""ח",370,ל גרם,false,1,19.90,5.38,false,1,
3614221653715,false,"אדידס קליימקול ג'ל רחצה, 400 מ""ל","דנשר (1963) בע,מ",,,"י""ח",400,"ל מ""ל",false,1,10.90,2.73,false,1,
3614223736003,false,"אדידס - דאודורנט ספריי לגבר אדיפיור 150 מ""ל",איגפק אס.איי,,,"י""ח",150,"ל מ""ל",false,1,12.90,8.60,true,1,
3614223736485,false,"אדידס דאודורנט ספריי לגבר אדיפיור 200מ""ל",דנשר (1963) בעמ,,,"י""ח",1,,false,1,19.90,19.90,false,1,
3614224050986,false,"אדידס - דאודורנט ספריי לגבר אדיפאוור 72 שעות 150 מ""ל","ב.א מזון בע""מ",,,"י""ח",150,"ל מ""ל",false,1,12.90,8.60,true,1,
3614224051235,false,אדידס דאודורנט ספריי גברים אדיפוואר 200מל,דנשר (1963) בעמ,,,"י""ח",200,"ל מ""ל",false,1,19.90,9.95,false,1,
3614224056537,false,"דאו ספריי לנשים אדידס אדיפוואר 150 מ""ל",דנשר (1963) בעמ,,,"י""ח",1,,false,1,14.90,14.90,false,1,
3661163970448,false,"אדידס דאודורנט ספריי מקס פרש לגברים 200 מ""ל",מיוצר עי קונדיטוריית,,,"י""ח",200,"ל מ""ל",false,1,15.10,7.55,false,1,
3661163991146,false,"אדידס - דאודורנט ספריי לאישה קול אנד קר פרש 150 מ""ל",מיוצר עי קונדיטוריית,,,"י""ח",200,"ל מ""ל",false,1,14.90,7.45,false,1,
3661163991344,false,"אדידס דאודורנט ספריי מקס פרו-קליר לאישה 150 מ""ל",מיוצר עי קונדיטוריית,,,"י""ח",1,,false,1,14.90,14.90,false,1,
3665468301723,false,אירוויק באז מבשם ומנטרל ריחות בניחוח לילות לבנים 237 מ'ל,רקיט בנקיזר (ניר איסט) בעמ,,,"י""ח",345,"ל מ""ל",false,1,14.90,4.32,true,1,
3800020403570,false,קיט קאט צ`אנקי לוטוס 42 גרם*4,קבוצת אוסם סחר-שות.מוגבלת,,,"י""ח",42,ל גרם,false,1,12.90,30.71,false,1,
3800020403631,false,קיט קט וופל פריך עם קרם בוטנים (19%) בציפוי שוקולד חלב (61.8%),קבוצת אוסם סחר שותפות מוגבלת,,,"י""ח",35,ל גרם,false,1,4.90,14,true,1,
3800020472569,false,חטיף קיט קאט צ`אנקי קרמל מלוח 42 גרם,קבוצת אוסם סחר שותפות מוגבלת,,,"י""ח",43,ל גרם,false,1,3.90,9.07,true,1,
3800020472576,false,קיט קאט צ`אנקי לוטוס 42 גרם,קבוצת אוסם סחר שותפות מוגבלת,,,"י""ח",42,ל גרם,false,1,3.90,9.29,true,1,
3838824127163,false,צבע לשיער פאלטה סמי קיט 1-10 בלונד כסוף,שוורצקופף והנקל,,,"י""ח",1,,false,1,19.90,19.90,true,1,
3838824127200,false,צבע לשיער פאלטה סמי קיט 3-0 חום כהה,שוורצקופף והנקל,,,"י""ח",1,,false,1,19.90,19.90,true,1,
3838824127286,false,צבע לשיער פאלטה סמי קיט 7-0 בלונד בינוני,שוורצקופף והנקל,,,"י""ח",1,,false,1,19.90,19.90,true,1,
3838824127507,false,פלטה סמי קיט חום קטיפתי 4-60 צבע שיער,שוורצקופף והנקל,,,"י""ח",1,,false,1,19.90,19.90,true,1,
3838824193915,false,צבע לשיער 1-0 שחור סמי קיט פאלטה,שוורצקופף והנקל,,,"י""ח",1,,false,1,19.90,19.90,true,1,
3838824367682,false,"גליס מסכת פרוטאין 4ב1 400מ""ל חמאת קקאו",שוורצקופף והנקל,,,"י""ח",400,"ל מ""ל",false,1,42.90,10.73,true,1,
3838824367743,false,"גליס מסכת פרוטאין 4ב1 400מ""ל חמאת שיאה",הנקל סוד בעמ,,,"י""ח",400,"ל מ""ל",false,1,42.90,10.73,true,1,
3838824367781,false,גליס מסכה פרוטאין 4 ב-1 שמן אגוז בבאסו,שוורצקופף והנקל,,,"י""ח",400,"ל מ""ל",false,1,42.90,10.73,true,1,
3856014102448,false,מקלות בייגלה במילוי חמאת בוטנים 120 גר,ציון תורגמן בעמ,,,"י""ח",120,ל גרם,false,1,8.90,7.42,false,1,
4000417025005,false,שוקולד מריר במילוי מרציפן ריטר ספורט 100 גרם,ריטר ספורט Ritter sport,,,"י""ח",100,ל גרם,false,1,8.90,8.90,true,1,
4000417101211,false,גלילי וופל עם קרם אגוזי לוז בציפוי שוקולד חלב,ליימן שליסל בע`מ,,,"י""ח",150,ל גרם,false,1,17.90,11.93,true,1,
4000417101273,false,אמיצ`לי גלילי וופל עם קרם 300ג,ליימן שליסל בעמ,,,"י""ח",300,ל גרם,false,1,34.90,11.63,true,1,
4000417101310,false,אמיצ`לי עם קרם קקאו בציפוי שוקולד גלילי,ליימן שליסל בע`מ,,,"י""ח",150,ל גרם,false,1,17.90,11.93,true,1,
4000417450302,false,שוקולד חלב ומריר ריטר ספורט מונדיאל 183ג,ליימן שליסל בעמ,,,"י""ח",183,ל גרם,false,1,19.90,10.87,false,1,
4000417626417,false,שוקולד חלב חמוציות ממותקות ושברי אגוזי לוז,ליימן שליסל בע`מ,,,"י""ח",100,ל גרם,false,1,8.90,8.90,true,1,
4000417629616,false,ריטר שוקולד שקדים מקורמלים,ליימן שליסל בעמ,,,"י""ח",100,ל גרם,false,1,8.90,8.90,true,1,
4000417692313,false,ריטר ספורט קינמון קריספי לבן 100ג,ליימן שליסל בעמ,,,"י""ח",100,ל גרם,false,1,8.90,8.90,true,1,
4000417694119,false,ריטר ספורט קפה קריספי 100ג,ליימן שליסל בעמ,,,"י""ח",100,ל גרם,false,1,8.90,8.90,true,1,
4000522009747,false,"מקלות בייגלה תפו""א צ'יו 80 גרם",טרופיקל דגיל תעשיות,,,"י""ח",80,ל גרם,false,1,3.90,4.88,false,1,
4000522061752,false,בייגלה צ'יו מקלות מלוחים 100 גרם,ר.ב. מוצרי דגנים בעמ,,,"י""ח",100,ל גרם,false,1,3.90,3.90,false,1,
4001518108642,false,עוגיות סנדוויץ`במילוי קרם וניל 180גר,ר.ב. מוצרי דגנים בעמ,,,"י""ח",180,ל גרם,false,1,6.90,3.83,false,1,
4002448017684,false,"סיליט באנג ספריי ניקוי כללי מסיר אבנית 750 מ""ל",רקיט בנקיזר (ניר איסט) בעמ,,,"י""ח",750,"ל מ""ל",false,1,12.90,1.72,false,1,
4002448019480,false,"סיליט באנג מסיר שומנים רב שימושי 750 מ""ל",רקיט בנקיזר (ניר איסט) בעמ,,,"י""ח",750,"ל מ""ל",false,1,12.90,1.72,false,1,
4002590000022,false,סוכריות קלפני פירות יער אוכמניות 150 ג',ליימן שליסל בע`מ,,,"י""ח",150,ל גרם,false,1,9.50,6.33,false,1,
4002590000046,false,סוכריות בטעם מנטה מרענן קלפני 150 גרם,ליימן שליסל בע`מ,,,"י""ח",150,ל גרם,false,1,9.50,6.33,false,1,
4002590000626,false,סוכריות קלפני דובדבן,ליימן שליסל בעמ,,,"י""ח",150,ל גרם,false,1,8.90,5.93,false,1,
4002590703541,false,סוכריות קלפני תות בפחית 150גר,ליימן שליסל בע`מ,,,"י""ח",150,ל גרם,false,1,9.50,6.33,false,1,
4002720005736,false,מליטה קפה לפילטר פרימיום 250 גרם,המאפיה של הרמן,,,"י""ח",250,ל גרם,false,1,16.90,6.76,false,1,
4004666042004,false,"מלרוד מרסס משמיד עובש יעקבי 500 מ""ל","יעקב יעקבי ובניו בע""מ",,,"י""ח",750,"ל מ""ל",false,1,29.90,3.99,false,1,
4004666107819,false,"מלרוד - מרסס לניקוי וטיהור המזגן 500 מ""ל",יעקב יעקבי ובניו בעמ,,,"י""ח",500,"ל מ""ל",false,1,25.90,5.18,false,1,
4004666111656,false,"ג'ל פעיל להשמדת עובש 250 מ""ל מרלוד",יעקב יעקבי ובניו בעמ,,,"י""ח",250,"ל מ""ל",false,1,29.90,11.96,false,1,
4005808128273,false,ג'ל רחצה לגבר אנרג'י עם תמציות מנטה בניחוח ממריץ,טרופיקל דגיל תעשיות,,,"י""ח",500,"ל מ""ל",false,1,14.90,2.98,true,1,
4005808366392,false,שפתון ליובש כחול קלאסי לבלו 48 גרם,טרופיקל דגיל תעשיות,,,"י""ח",1,,false,1,11.90,11.90,true,1,
4005808368280,false,שפתון ליובש דובדבן לבלו 48 גרם,טרופיקל דגיל תעשיות,,,"י""ח",1,"י""ח",false,1,11.90,11.90,true,1,
4005808502004,false,לבלו שפתון סופט ורוד בליסטר 5.5מל,אלפא- ב.ד.ף בעמ,,,"י""ח",1,"י""ח",false,1,11.90,11.90,true,1,
4005900036483,false,"ניוואה - דאודורנט ספריי לגבר שקוף בלק וווי 150 מ""ל",בטר אנד דיפרנט,,,"י""ח",150,"ל מ""ל",false,1,15.90,10.60,true,1,
4005900036568,false,ניוואה דאודורנט רולאון ספריי לאישה בלק אנד וויט 150 מ''ל,אלפא- ב.ד.ף בעמ,,,"י""ח",150,"ל מ""ל",false,1,15.90,10.60,true,1,
4005900138842,false,"ניוואה - תחליב רחצה סמוט 750 מ""ל",אלפא ב.ד.ף בעמ,,,"י""ח",750,"ל מ""ל",false,1,15.90,2.12,true,1,
4005900488459,false,"ניוואה - דאודורנט רול און לאישה דריי פרש 50 מ""ל",אלפא ב.ד.ף בעמ,,,"י""ח",50,"ל מ""ל",false,1,13.90,27.80,true,1,
4005900555915,false,"ניוואה - תחליב רחצה קוקוס וחוחובה 750 מ""ל",אלפא- ב.ד.ף בעמ,,,"י""ח",750,"ל מ""ל",false,1,15.90,2.12,true,1,
4005900648181,false,"ניוואה - תחליב רחצה אלוורה 750 מ""ל",אלפא- ב.ד.ף בעמ,,,"י""ח",750,"ל מ""ל",false,1,15.90,2.12,true,1,
4005900845733,false,"דאודורנט ספריי קול קיק פרש לגבר ניוואה מן 150 מ""ל",אלפא ב.ד.ף בעמ,,,"י""ח",150,"ל מ""ל",false,1,15.90,10.60,true,1,
4005900978950,false,לבלו - דובדבן שפתון לחות מטפח מהדורת נסיכות דיסני,אלפא- ב.ד.ף בעמ,,,"י""ח",1,"י""ח",false,1,11.90,11.90,true,1,
4005900978967,false,לבלו - וניל שפתון לחות מטפח מהדורת נסיכות דיסני,אלפא- ב.ד.ף בעמ,,,"י""ח",1,"י""ח",false,1,11.90,11.90,true,1,
4005900978974,false,לבלו - סופט רוז שפתון לחות מטפח מהדורת נסיכות דיסני,אלפא- ב.ד.ף בעמ,,,"י""ח",1,"י""ח",false,1,11.90,11.90,true,1,
4008287058161,false,בירה קרומבאכר פילס 4.8% שישיה 6 * 330 מל,אגודת הכורמים -כרמל מזרחי,,,"י""ח",1.98,ליטר,false,1,37.90,18.23,true,1,
4008287905786,false,בירה קרומבאכר חיטה 5.3% פחית 500 מל,אגודת הכורמים -כרמל מזרחי,,,"י""ח",50,"ל מ""ל",false,1,9.90,19.20,true,1,
4009300524748,false,פומפדור חליטה מנטה מרוקאית.,ש.שסטוביץ בעמ,,,"י""ח",44,ל גרם,false,1,15.90,36.14,false,1,
4009300526780,false,פומפדור חליטה תפוז ספרדי,ש.שסטוביץ בעמ,,,"י""ח",44,ל גרם,false,1,15.90,36.14,false,1,
4009300526803,false,פומפדור חליטה תפוח טורקי,ש.שסטוביץ בעמ,,,"י""ח",50,ל גרם,false,1,15.90,31.80,false,1,
4009300530183,false,תה חליטת פומפדור תפוז ספרדי 20 יח,ש.שסטוביץ בעמ,,,"י""ח",44,ל גרם,false,1,15.90,36.14,false,1,
4009300530206,false,תה חליטת פומפדור תפוח טורקי 20 יח,ש.שסטוביץ בעמ,,,"י""ח",44,ל גרם,false,1,15.90,36.14,false,1,
4009300530275,false,תה חליטת פומפדור מנטה מרוקאית 20 יח,ש.שסטוביץ בעמ,,,"י""ח",44,ל גרם,false,1,15.90,36.14,false,1,
4009900379564,false,מסטיק הובה בובה Hubba Bubba טייפ בטעם פירות,מרס ריגלי קונפקשונרי,,,"י""ח",672,ל גרם,false,1,6.60,0.98,false,1,
4009900402965,false,אורביט וויט בטעם פירות בקבוקון 46מלבניות,"מרס ריגלי ישראל בע""מ",,,"י""ח",90,ל גרם,false,1,10.50,11.67,true,1,
4009900403023,false,אורביט וויט בטעם מנטה בקבוקון 46 מלבניות,"מרס ריגלי ישראל בע""מ",,,"י""ח",90,ל גרם,false,1,10.50,11.67,true,1,
4009900420129,false,מסטיק אורביט פרופשנל פפרמינט בקבוקון 64 גר',"מרס ריגלי ישראל בע""מ",,,"י""ח",90,ל גרם,false,1,10.50,11.67,true,1,
4009900455299,false,"סוכרית ג'לי אדומה 174 גרם ""סקיטלס""","מרס ריגלי ישראל בע""מ",,,"י""ח",174,ל גרם,false,1,8.90,5.11,false,1,
4009900465304,false,סוכריות סקיטלס פירות חמוצים 174 גרם,"מרס ריגלי ישראל בע""מ",,,"י""ח",174,ל גרם,false,1,8.90,5.11,false,1,
4009900479998,false,אורביט וויט אוכמניות בקבוקון 46 מלבניות,"מרס ריגלי ישראל בע""מ",,,"י""ח",90,ל גרם,false,1,10.50,11.67,true,1,
4009900482417,false,מסטיק אורביט פירות מנטה בקבוקון באבל מינט 45יח,"מרס ריגלי ישראל בע""מ",,,"י""ח",90,ל גרם,false,1,10.50,11.67,true,1,
4009900484060,false,מסטיק אורביט פרופשיונל בטעם מנטה ללא סוכר,מרס ריגלי ישראל בעמ,,,"י""ח",84,ל גרם,false,1,13,15.48,false,1,
4009900484091,false,מסטיק אורביט פרופשיונל בטעם מנטה ללא סוכר,"מרס ריגלי ישראל בע""מ",,,"י""ח",84,ל גרם,false,1,13,15.48,false,1,
4009900484305,false,מסטיק אורביט פרופשיונל סוויטמינט ביגי לבן 60יח',"מרס ריגלי ישראל בע""מ",,,"י""ח",84,ל גרם,false,1,13,15.48,false,1,
4009900531122,false,"מסטיק בטעם מנטה ספירמינט, 64 ג' פרופשיונל אורפיט","מרס ריגלי ישראל בע""מ",,,"י""ח",90,ל גרם,false,1,10.50,11.67,true,1,
4009900531573,false,סוכריות סקיטלס סמודיס בטעמי יוגורט ופירות,"מרס ריגלי ישראל בע""מ",,,"י""ח",174,ל גרם,false,1,8.90,5.11,false,1,
4009900532327,false,סוכריות סקיטלס סמודיס בטעמי יוגורט ופירות,"מרס ריגלי ישראל בע""מ",,,"י""ח",38,ל גרם,false,1,3,7.89,false,1,
4009900534918,false,סקיטלס גאיינט פירות 141 גרם,מרס ריגלי ישראל בעמ,,,"י""ח",141,ל גרם,false,1,8.90,6.31,false,1,
4009900536257,false,מסטיק אורביט רפרשרס ספירמינט בקבוקון ללא סוכר 67 גר',מרס ריגלי קונפקשונרי,,,"י""ח",67,ל גרם,false,1,11.90,17.76,false,1,
4009900536288,false,מסטיק אורביט רפרשרס פפרמינט בקבוקון ללא סוכר 67 גר',מרס ריגלי קונפקשונרי,,,"י""ח",67,ל גרם,false,1,11.90,17.76,false,1,
4009900536486,false,מסטיק אורביט רפרשרס באבלמינט בקבוקון ללא סוכר 67 גר',מרס ריגלי קונפקשונרי,,,"י""ח",67,ל גרם,false,1,11.90,17.76,false,1,
4009900539401,false,מסטייק אורבייט פייב באונוס מנטה HP,מרס ריגלי ישראל בעמ,,,"י""ח",15,ל גרם,false,1,3.90,26,false,1,
4009900539432,false,מסטייק אורבייט פייב באונוס אבטיח HP,מרס ריגלי ישראל בעמ,,,"י""ח",15,ל גרם,false,1,3.90,26,false,1,
4009900539685,false,"מסטיק פייב באונס בטעם מנטה בקבוקון, 61.8 גרם","מרס ריגלי ישראל בע""מ",,,"י""ח",67,ל גרם,false,1,11.90,17.76,true,1,
4009900539746,false,"מסטיק פייב באונס בטעם אבטיח בקבוקון, 61.8 גרם",מרס ריגלי ישראל בעמ,,,"י""ח",67,ל גרם,false,1,11.90,17.76,true,1,
4009900540551,false,מסטיק אורביט רפרשרס טרופיקל בקבוקון ללא סוכר,מרס ריגלי ישראל בעמ,,,"י""ח",67,ל גרם,false,1,11.90,17.76,false,1,
4011800290078,false,חטיף חלבון עוגיות ללא תוספת סוכר,מ.סידס ובנו בעמ,,,"י""ח",50,ל גרם,false,1,7.90,15.80,false,1,
4011800290092,false,חטיף חלבון וניל ללא תוספת סוכר,מ.סידס ובנו בעמ,,,"י""ח",50,ל גרם,false,1,7.90,15.80,false,1,
4011800567613,false,מאגדת קורני מילק דרק & ואיט 120 גרם,מיוצר עי קונדיטוריית,,,"י""ח",1,,false,1,14.80,14.80,true,1,
4011800628512,false,חטיף קורני שוקולד חלב 6 יח 150 גר,מיוצר עי קונדיטוריית,,,"י""ח",150,ל גרם,false,1,15.50,10.33,true,1,
4011800630515,false,חטיף קורני שוקולד חלב ובננה 6 יח 150 גר,מיוצר עי קונדיטוריית,,,"י""ח",150,ל גרם,false,1,15.50,10.33,true,1,
4011800633516,false,קורני בציפוי שוקולד מריר מעולה 6*23,משה סידס ובנו בעמ,,,"י""ח",6,"י""ח",false,1,11.90,1.98,true,1,
4014400144078,false,וופל קנופרס שלשה,ליימן שליסל בעמ,,,"י""ח",75,ל גרם,false,1,7.90,10.53,true,1,
4014400901191,false,בונבונריית מרסי מבחר ממתקי שוקולד 250 גרם,ליימן שליסל בע`מ,,,"י""ח",250,ל גרם,false,1,25.50,10.20,true,1,
4014400901405,false,בונבונריית מרסי מבחר ממתקי שוקולד חלב 250 גרם,קריניציה ויטמינה אס,,,"י""ח",250,ל גרם,false,1,25.50,10.20,false,1,
4014400901412,false,מרסי בונבוניירה שוק`מריר 250 גר כשלפ,ליימן שליסל בע`מ,,,"י""ח",250,ל גרם,false,1,25.50,10.20,false,1,
4014400901788,false,"סוכריות וורטר חמאה 1ק""ג",ליימן שליסל,,,"י""ח",1,"ק""ג",false,1,29.90,29.90,false,1,
4014400904277,false,סוכריות בטעם מנטה אייס פרש סטורק 425 גרם,ליימן שליסל בע`מ,,,"י""ח",425,ל גרם,false,1,14.90,3.51,true,1,
4014400904376,false,סוכריות טופי בטעם שוקולד סטורק 325 גרם,קריניציה ויטמינה אס,,,"י""ח",325,ל גרם,false,1,14.90,4.58,true,1,
4014400907902,false,"וורטרס אורגינל סוכריות חמאה ללא סוכר בקופסה
42 גרם",ליימן שליסל בע`מ,,,"י""ח",42,ל גרם,false,1,6.30,15,false,1,
4014400909692,false,וורטרס אורגינל סוכריות חמאה ללא סוכר בטעם קפוצי'ינו בקופסה 42 גרם,קריניציה ויטמינה אס,,,"י""ח",42,ל גרם,false,1,6.30,15,false,1,
4014400910063,false,סוכריות חמאה וורטרס אורגינל (135 גרם),ליימן שליסל בע`מ,,,"י""ח",135,ל גרם,false,1,8.90,6.59,true,1,
4014400913910,false,וורטרס אורגינל סוכריות חמאה ממולאות קרם קרמל בשקית,ליימן שליסל בע`מ,,,"י""ח",135,ל גרם,false,1,8.90,6.59,true,1,
4014400914696,false,וורטרס אורגינל סוכריות ללא סוכר 80 גרם,ליימן שליסל בע`מ,,,"י""ח",1,,false,1,8.90,8.90,true,1,
4014400914924,false,"סוכריות בטעם קפה וורטר אורגינל לל""ס 80 גרם",קריניציה ויטמינה אס,,,"י""ח",1,,false,1,8.90,8.90,true,1,
4014400923711,false,בונבוניירה שוקולד אגוזים טופיפי 125 גרם,ליימן שליסל בע`מ,,,"י""ח",125,ל גרם,false,1,14.90,11.92,true,1,
4014400925319,false,וורטרס אורגינל פופקורן קרמל 140 גרם,ליימן שליסל בע`מ,,,"י""ח",140,ל גרם,false,1,15.90,11.36,true,1,
4014400931327,false,ורטרס אורגינל פופקורן עם קרמל זרעי דלעת 1/12,ליימן שליסל בע`מ,,,"י""ח",140,ל גרם,false,1,15.90,11.36,true,1,
4015000031394,false,"ספטיל - משחה להסרת כתמים 200 מ""ל",גורי שיווק בעמ,,,"י""ח",200,ל גרם,false,1,16.80,8.40,false,1,
4015000537032,false,"שמפו גליס משי נוזל 400 מ""ל",הנקל סוד בעמ,,,"י""ח",400,"ל מ""ל",false,1,18.90,4.73,true,1,
4015000537070,false,"שמפו גליס שמן הזנה 400מ""ל",הנקל סוד בעמ,,,"י""ח",400,"ל מ""ל",false,1,18.90,4.73,true,1,
4015000537094,false,גליס שמפו הגנת צבע 30 400 מל,הנקל סוד בעמ,,,"י""ח",400,"ל מ""ל",false,1,18.90,4.73,true,1,
4015000547499,false,"מרכך גליס שמני הזנה 400מ""ל",הנקל סוד בעמ,,,"י""ח",400,"ל מ""ל",false,1,18.90,4.73,true,1,
4015000547536,false,"מרכך גליס הגנת צבע וברק 400מ""ל",הנקל סוד בעמ,,,"י""ח",400,"ל מ""ל",false,1,18.90,4.73,true,1,
4015000615884,false,"פה - דאודורנט ספריי לאישה קריביין לימון 200 מ""ל",שוורצקופף והנקל,,,"י""ח",200,"ל מ""ל",false,1,10.90,5.45,true,1,
4015000615921,false,"פה - דאודורנט ספריי לגבר ספורט 200 מ""ל",שוורצקופף והנקל,,,"י""ח",1,,false,1,10.90,10.90,true,1,
4015000940948,false,מרכך גליס Gliss שיקום נזק קיצוני אולטימט ריפייר,שוורצקוף Schwarzkopf,,,"י""ח",400,"ל מ""ל",false,1,18.90,4.73,true,1,
4015000940955,false,שמפו גליס Gliss שיקום נזק קיצוני אולטימט ריפייר,שוורצקופף והנקל,,,"י""ח",400,"ל מ""ל",false,1,18.90,4.73,true,1,
4015000976268,false,שמפו גליס Gliss למראה שיער מבריק Million Gloss,"הובי קוסמטיק, חברת ייצור",,,"י""ח",400,"ל מ""ל",false,1,18.90,4.73,true,1,
4015000976275,false,מרכך גליס Gliss למראה שיער מבריק Million Gloss,שוורצקופף והנקל,,,"י""ח",400,"ל מ""ל",false,1,18.90,4.73,true,1,
4015000995122,false,"דאודורנט פה ספריי כח המשיכה 200 מ""ל",שוורצקופף והנקל,,,"י""ח",200,"ל מ""ל",false,1,10.90,5.45,true,1,
4015000996204,false,"גליס שמפו אולטימט שמן אלקסייר 400 מ""ל",שוורצקופף והנקל,,,"י""ח",400,"ל מ""ל",false,1,18.90,4.73,true,1,
4015000996273,false,"גליס מרכך אולטימטיב שמן אלקסייר 400 מ""ל","הובי קוסמטיק, חברת ייצור",,,"י""ח",400,"ל מ""ל",false,1,18.90,4.73,true,1,
4015400564034,false,מגן תחתון אולוויז מגה פק לונג פלוס 58 יחידות,דיפלומט מפיצים (1986) בע`מ,,,"י""ח",58,"י""ח",false,1,19.90,0.34,true,1,
4015400564454,false,מגני תחתון אולוויז לארג' עם ניחוח מגה פק,דיפלומט מפיצים (1986) בע`מ,,,"י""ח",1,,false,1,19.90,19.90,true,1,
4015400623663,false,מגבונים לחים ניו בייבי רביעייה ללא בישום,דיפלומט מפיצים 1968 בעמ,,,"י""ח",4,"י""ח",false,1,19.90,4.98,false,1,
4015400681670,false,תחבושות אולוויז וליו פק לילה בטוח 18 יחידות,דיפלומט מפיצים (1986) בע`מ,,,"י""ח",1,,false,1,19.90,19.90,true,1,
4015400731719,false,תחבושות היגייניות אולוויז יום ולילה Day & Night,דיפלומט מפיצים (1986) בע`מ,,,"י""ח",1,,false,1,19.90,19.90,true,1,
4015400746812,false,מגני תחתון אולוויז נורמל עם ניחוח מגה פק,דיפלומט מפיצים (1986) בע`מ,,,"י""ח",80,"י""ח",false,1,19.90,0.25,true,1,
4015400755241,false,תחבושות היגייניות אולוויז אולטרה נורמל - 28 יח',דיפלומט מפיצים (1986) בע`מ,,,"י""ח",1,,false,1,19.90,19.90,true,1,
4015400755487,false,תחבושות היגייניות אולוויז אולטרה לונג - 24 יח',דיפלומט מפיצים (1986) בע`מ,,,"י""ח",1,,false,1,19.90,19.90,true,1,
4015400824725,false,טמפונים סופר עם מוליך טמפקס 30 יחידות,דיפלומט מפיצים 1968 בעמ,,,"י""ח",1,,false,1,34.90,34.90,false,1,
4015400824725,false,טמפונים סופר עם מוליך טמפקס 30 יחידות,דיפלומט מפיצים 1968 בעמ,,,"י""ח",1,,false,1,34.90,34.90,false,1,
4015600762742,false,שמפו יומיומי למניעת קשקשים הנוסחה הקלאסית,דיפלומט מפיצים (1986) בע`מ,,,"י""ח",500,"ל מ""ל",false,1,21.90,4.38,false,1,
4015600762780,false,שמפו וקונדישינר יומיומי למניעת קשקשים הנוסחה הקלאסית 2in1,דיפלומט מפיצים (1986) בע`מ,,,"י""ח",500,"ל מ""ל",false,1,21.90,4.38,false,1,
4015600762902,false,"האד אנד שולדרס שמפו מנטול 500 מ""ל",דיפלומט מפיצים (1986) בע`מ,,,"י""ח",500,"ל מ""ל",false,1,21.90,4.38,false,1,
4015600762940,false,שמפו יומיומי למניעת קשקשים בניחוח תפוח,דיפלומט מפיצים (1986) בע`מ,,,"י""ח",500,"ל מ""ל",false,1,21.90,4.38,false,1,
4015600763022,false,שמפו יומיומי למניעת קשקשים לשיער יבש/פגום לשיער רך כמשי,דיפלומט מפיצים (1986) בע`מ,,,"י""ח",500,"ל מ""ל",false,1,21.90,4.38,false,1,
4015600763251,false,"הד שולדרס שמפו קלאסי 600מ""ל",דיפלומט מפיצים (1968) בעמ,,,"י""ח",600,"ל מ""ל",false,1,24.90,4.15,false,1,
4015600763299,false,"הד שולדרס שמפו קלאסי 2ב1 600מ""ל",דיפלומט מפיצים (1968) בעמ,,,"י""ח",600,"ל מ""ל",false,1,24.90,4.15,false,1,
4015600763411,false,"הד שולדרס שמפו מנטול 600מ""ל",דיפלומט מפיצים (1968) בעמ,,,"י""ח",600,"ל מ""ל",false,1,24.90,4.15,false,1,
4015600763459,false,"הד שולדרס שמפו תפוח 600מ""ל",דיפלומט מפיצים (1968) בעמ,,,"י""ח",600,"ל מ""ל",false,1,24.90,4.15,false,1,
4015600763534,false,"הד שולדרס שמפו מגע משי 600מ""ל",דיפלומט מפיצים (1968) בעמ,,,"י""ח",600,"ל מ""ל",false,1,24.90,4.15,false,1,
4015600766658,false,"הד אנד שולדרס שמפו2 ב 1 מנטול 600 מ""ל",דיפלומט מפיצים (1968) בעמ,,,"י""ח",600,"ל מ""ל",false,1,24.90,4.15,false,1,
4015600766900,false,"שמפו ומרכ ך נגד קשקשים 500 מ""ל הד אנד שולדרס",דיפלומט מפיצים (1986) בע`מ,,,"י""ח",500,"ל מ""ל",false,1,21.90,4.38,false,1,
4017040222930,false,דונאטס טעמים מאפייה,ג.וילי פוד אינטרנשיונל בעמ,,,"י""ח",1,,false,1,6.90,6.90,false,1,
4017100198151,false,בלזן היט ביסקוויט עם מלית קרם בטעם וניל (41%) 220 גרם,הדקלאים אגודת שיתופי,,,"י""ח",220,ל גרם,false,1,7.90,3.59,true,1,
4017100364112,false,בלזן היט בסקוויט סנדביץ עם מלית קרם בטעם שוקולד קקאו (41%) 220 גרם,הדקלאים אגודת שיתופי,,,"י""ח",220,ל גרם,false,1,7.90,3.59,true,1,
4018722343141,false,אלב גולד פנה כוסמין אורגני נייר,נטורפוד בעמ,,,"י""ח",250,ל גרם,false,1,21.90,8.76,false,1,
4022025261002,false,"בלו ווין גוורצטרמינר כשר 750 מ""ל",היכל היין שקד גולן בעמ,,,"י""ח",750,"ל מ""ל",false,1,49.90,6.61,true,1,
4023800012055,false,מרציפן מצופה 50 גרם,שוקוטרייד בעמ,,,"י""ח",50,ל גרם,false,1,5.90,11.80,false,1,
4023800101902,false,טבלאות מרציפן מצופה שוקולד חלב 100ג,שוקוטרייד בעמ,,,"י""ח",100,ל גרם,false,1,10.90,10.90,false,1,
4023800201909,false,טבלאות מרציפן מצופה שוקולד מריר100ג,שוקוטרייד בעמ,,,"י""ח",100,ל גרם,false,1,10.90,10.90,false,1,
4023800592120,false,מרציפן מצופה 125ג אננס,שוקוטרייד בעמ,,,"י""ח",125,ל גרם,false,1,10.90,8.72,false,1,
4023800601907,false,שוקולד חלב קרם קפה שלוקוורדר 100 גר,שוקוטרייד בעמ,,,"י""ח",100,ל גרם,false,1,10.90,10.90,false,1,
4023800792124,false,מרציפן מצופה 125ג אגוזי מלך,שוקוטרייד בעמ,,,"י""ח",125,ל גרם,false,1,10.90,8.72,false,1,
4025700001962,false,מילקה טבלה 100 גר' לבן 1/22 (4248023),דיפלומט מפיצים (1968) בעמ**,,,"י""ח",100,ל גרם,false,1,6.50,6.50,true,1,
4033100013348,false,סיגריות אל די כחול ארוך בודד,גלוברנדס בעמ - שיווק סיגריות,,,"י""ח",1,,false,1,27.50,27.50,false,1,
4033100014468,false,סיגריות אל די אדום בודד,גלוברנדס בעמ - שיווק סיגריות,,,"י""ח",1,,false,1,27.50,27.50,false,1,
4033100014499,false,סיגריות אל די כחול בודד,גלוברנדס בעמ - שיווק סיגריות,,,"י""ח",1,,false,1,27.50,27.50,false,1,
4033100024146,false,סיגריות ווינסטון קוד בודד,גלוברנדס בעמ - שיווק סיגריות,,,"י""ח",1,,false,1,31,31,false,1,
4033100024153,false,סיגריות ווינסטון קוד פאקט,גלוברנדס בעמ - שיווק סיגריות,,,"י""ח",1,,false,1,304.90,304.90,false,1,
4033100024252,false,סיגריות ווינסטון אקווה בודד,גלוברנדס בעמ - שיווק סיגריות,,,"י""ח",1,,false,1,31,31,false,1,
4033100024269,false,סיגריות ווינסטון אקווה פאקט,גלוברנדס בעמ - שיווק סיגריות,,,"י""ח",1,,false,1,304.90,304.90,false,1,
4037719068508,false,קוונדיש סוכריות בפחית תות לימון,שוקוטרייד בעמ,,,"י""ח",200,ל גרם,false,1,10.90,5.45,false,1,
4037719068515,false,קוונדיש סוכריות בפחית אוכמניות תפוח,שוקוטרייד בעמ,,,"י""ח",200,ל גרם,false,1,10.90,5.45,false,1,
4037719068522,false,קוונדיש סוכריות בפחית דובדבן ליים,שוקוטרייד בעמ,,,"י""ח",200,ל גרם,false,1,10.90,5.45,false,1,
4050328191931,false,ענבים אדומים מארז.,ביכורי השדה צפון 1994 ג.ד. בעמ,,,"ק""ג",1,,true,1,19.90,19.90,false,1,
4050328191948,false,ענבים אדומים מארז.,ביכורי השדה צפון 1994 ג.ד. בעמ,,,"ק""ג",1,,true,1,19.90,19.90,false,1,
4052197001281,false,בירה בנדיקטינר 500 מל פחית,לפ א.ג.ת.ד. שיווק והפצה,,,"י""ח",500,"ל מ""ל",false,1,8.90,1.72,true,1,
4065698201173,false,דונאטס בטעם אוראו 73 ג' OREO,פלקו בעמ,,,"י""ח",66,ל גרם,false,1,9.90,15,false,1,
4065698201180,false,דונאטס מילקה יחידה,בלדי בעמ,,,"י""ח",66,ל גרם,false,1,9.90,15,false,1,
4066600999614,false,"בירה פאולנר, בירת חיטה מעוננת, בקבוק 500 מ""ל",טמפו משקאות בע`מ,,,"י""ח",500,"ל מ""ל",false,1,12,2.34,true,1,
4067700014849,false,"ליקר ייגרמייסטר 700מ""ל",הכרם - משקאות חריפים בעמ,,,"י""ח",700,"ל מ""ל",false,1,99.30,14.14,true,1,
4084500065536,false,פנטן קרם לחות מוגברת לעיצוב השיער 300 מ,דיפלומט מפיצים (1968) בעמ,,,"י""ח",300,"ל מ""ל",false,1,17.90,5.97,false,1,
4084500065598,false,"קרם לחות פנטן לתלתלים מושלמים 300 מ""ל",דיפלומט מפיצים (1968) בעמ,,,"י""ח",300,"ל מ""ל",false,1,17.90,5.97,false,1,
4084500149526,false,טייד גל כביסה 2.48 ליטר אלפים רענן,דיפלומט מפיצים (1986) בע`מ,,,"י""ח",2.48,ליטר,false,1,29.90,12.06,false,1,
4084500853836,false,"נוזל כלים פיירי ורדים ומשי 515 מ""ל בד""צ",דיפלומט מפיצים (1986) בע`מ,,,"י""ח",1.24,ליטר,false,1,9.90,7.98,false,1,
4084500853898,false,"נוזל כלים פיירי אלוורה ומלפפונים 515 מ""ל בד""צ",דיפלומט מפיצים (1986) בע`מ,,,"י""ח",515,"ל מ""ל",false,1,9.90,1.92,false,1,
4084500854048,false,נוזל לניקוי כלים לימון פיירי (1.24 ליטר),דיפלומט מפיצים (1968) בעמ,,,"י""ח",1.24,ליטר,false,1,15.90,12.82,true,1,
4084500920880,false,נוזל כלים פיירי אורגינל ירוק 1.24 ליטר,דיפלומט מפיצים (1968) בעמ,,,"י""ח",1.24,ליטר,false,1,15.90,12.82,true,1,
4102430015305,false,"בירה ביטבורגר 5% 330 מ""ל",לפ א.ג.ת.ד. שיווק והפצה,,,"י""ח",33,"ל מ""ל",false,1,7.20,20.91,true,1,
4210201245193,false,אורל בי מברשת שיניים חשמלית נטענת לילדים פרוזן,דיפלומט מפיצים (1968) בעמ,,,"י""ח",1,,false,1,99.90,99.90,true,1,
4210201262183,false,מברשת שיניים חשמלית ויטליטי Vitality נטענת,דיפלומט מפיצים (1968) בעמ,,,"י""ח",1,,false,1,99.90,99.90,true,1,
4600659010854,false,וודקה סטוליצ`יניה (700 מל),הכרם -משקאות חריפים בע`מ,,,"י""ח",700,"ל מ""ל",false,1,70.20,9.99,true,1,
4603928000976,false,"בלוגה נובל וודקה 700 מ""ל+כוס הייבול",מרינסקי ליקרו-וודאצ'\ני,,,"י""ח",700,"ל מ""ל",false,1,129.90,18.51,true,1,
4607109409619,false,פיניש הכל ב-1 טבליות למדיח 25 יח,רקיט בנקיזר (ניר איסט) בעמ,,,"י""ח",25,"י""ח",false,1,29.60,1.18,false,1,
4640018993398,false,פיניש קוואנטום 60 יח' קפסולות ג'ל למדיח כלים,רקיט בנקיזר (ניר איסט) בעמ,,,"י""ח",45,"י""ח",false,1,59.90,1.33,true,1,
4710068001692,false,מאסטר קפה בטעם לאטה בפחית 240מ`ל,תאיט מרקטינג אנד דיסטריב,,,"י""ח",240,"ל מ""ל",false,1,6.60,2.63,true,1,
4710068001715,false,משקה בטעם טירמיסו מאסטר קפה (240 מל),יוני פרזינדנט אנטרפר,,,"י""ח",240,"ל מ""ל",false,1,6.60,2.63,true,1,
4710068001739,false,מאסטר קפה בטעם קולומביאני בפחית 240מ`ל,יוני פרזינדנט אנטרפר,,,"י""ח",1,,false,1,6.60,6.60,true,1,
4800888209405,false,רקסונה - דאודורנט סטיק לגבר קובלט דריי 50 גרם,יוניליוור ישראל שיווק בעמ,,,"י""ח",1,"י""ח",false,1,15.90,15.90,true,1,
4800888210197,false,דאו דאב סטיק אנטיפרספירנט קוקוס ויסמין50,"יוניליוור ישראל שיווק בע""מ",,,"י""ח",50,ל גרם,false,1,19.90,39.80,true,1,
4800888219510,false,דאב - דאודורנט סטיק לאישה פרש מלפפונים 50 גרם,"יוניליוור ישראל שיווק בע""מ",,,"י""ח",50,ל גרם,false,1,14.90,29.80,true,1,
4800888219534,false,דאב - דאודורנט סטיק לאישה אנטי פרספירמט 50 גרם,יוניליוור ישראל שיווק בע`מ,,,"י""ח",76,ל גרם,false,1,14.90,19.61,true,1,
4800888219541,false,רקסונה - דאודורנט סטיק לאישה פאוודר דרי 50 גרם,יוניליוור ישראל שיווק בעמ,,,"י""ח",1,"י""ח",false,1,14.90,14.90,true,1,
4810168000998,false,פילה דג הרינג מלוח מצונן עם בצל בצנצנת חתיכות 260גרם,דילר בי.אם.די. פורמולה בעמ,,,"י""ח",260,ל גרם,false,1,17.90,6.88,false,1,
4810168001056,false,פילה דג הרינג מלוח מצונן בצנצנת חתיכות 260גרם,דילר בי.אם.די. פורמולה בעמ,,,"י""ח",260,ל גרם,false,1,17.90,6.88,false,1,
4810168024512,false,פילה דג הרינג מלוח מצונן עם תבלין בצנצנת חתיכות 260 גרם,דילר בי.אם.די. פורמולה בעמ,,,"י""ח",260,ל גרם,false,1,17.90,6.88,false,1,
4810168045555,false,פילה סלמון מלוח פ.קפוא 100ג מוכן לאכיל,דילר בי.אמ.די פורמולה בעמ,,,"י""ח",100,ל גרם,false,1,22.90,22.90,true,1,
4810168045562,false,פילה סלמון מעושן פ.קפוא 100ג מוכן לאכילה,דילר בי.אמ.די פורמולה בעמ,,,"י""ח",100,ל גרם,false,1,22.90,22.90,true,1,
4810168045579,false,פילה פורל מלוח פ.קפוא 100ג מוכן לאכילה,דילר בי.אמ.די פורמולה בעמ,,,"י""ח",100,ל גרם,false,1,22.90,22.90,true,1,
4810168045586,false,פילה פורל מעושן פ.קפוא 100ג מוכן לאכילה,דילר בי.אמ.די פורמולה בעמ,,,"י""ח",100,ל גרם,false,1,22.90,22.90,true,1,
4810168045593,false,פילה סלמון מלוח קפוא 200ג מוכן לאכילה,דילר בי.אמ.די פורמולה בעמ,,,"י""ח",200,ל גרם,false,1,42.90,21.45,true,1,
4810168045609,false,פילה סלמון מעושן קפוא 200ג מוכן לאכילה,דילר בי.אמ.די פורמולה בעמ,,,"י""ח",200,ל גרם,false,1,42.90,21.45,true,1,
4810168045616,false,פילה פורל מלוח קפוא 200גר מוכן לאכילה,דילר בי.אמ.די פורמולה בעמ,,,"י""ח",200,ל גרם,false,1,42.90,21.45,true,1,
4810168045623,false,פילה פורל מעושן קפוא 200ג מוכן לאכילה,דילר בי.אמ.די פורמולה בעמ,,,"י""ח",200,ל גרם,false,1,42.90,21.45,true,1,
4810168058975,false,חתיכות פילה דג הרינג סקנדינבי מלוח מצונן 260 גר,דילר בי.אם.די. פורמולה בעמ,,,"י""ח",260,ל גרם,false,1,17.90,6.88,false,1,
4810168062125,false,כיסונים פרווה במילוי אוכמניות 45גר קפ,דילר בי.אמ.די פורמולה בעמ,,,"י""ח",450,ל גרם,false,1,22.90,5.09,true,1,
4810168062132,false,כיסונים במילוי גבינת טבורוג מוקפאים 450,דילר בי.אמ.די פורמולה בעמ,,,"י""ח",450,ל גרם,false,1,17.90,3.98,true,1,
4810168062149,false,כיסונים פרווה במילוי דובדבנים 450גר קפ,דילר בי.אמ.די פורמולה בעמ,,,"י""ח",450,ל גרם,false,1,22.90,5.09,true,1,
4810168062156,false,כיסונים במילוי טבורוג וצימוקים 450גר ק,דילר בי.אמ.די פורמולה בעמ,,,"י""ח",450,ל גרם,false,1,17.90,3.98,true,1,
4810168062163,false,"כיסונים פרווה במילוי תפו""א ופטריות מוקפאים 450 גר",דילר בי.אמ.די פורמולה בעמ,,,"י""ח",450,ל גרם,false,1,14.90,3.31,true,1,
4810168062170,false,"כיסונים במילוי תפו""א ובצל מוקפאים 450 גר",דילר בי.אמ.די פורמולה בעמ,,,"י""ח",450,ל גרם,false,1,14.90,3.31,true,1,
4810168062187,false,"בלינצ'ס פרווה במילוי תפו""א ופטריות מוקפא 420 גר",דילר בי.אמ.די פורמולה בעמ,,,"י""ח",420,ל גרם,false,1,15.90,3.79,true,1,
4810168062194,false,בלינצס במילוי גבינת טבורוג מוקפא 360 גר,דילר בי.אמ.די פורמולה בעמ,,,"י""ח",360,ל גרם,false,1,15.90,4.42,true,1,
4810168062200,false,בלינצ`ס פרווה במילוי דובדבן 360גר קפוא,דילר בי.אמ.די פורמולה בעמ,,,"י""ח",360,ל גרם,false,1,15.90,4.42,true,1,
4810168062217,false,"בלינצס במילוי תפו""ע וקינמון מוקפא 360 גר",דילר בי.אמ.די פורמולה בעמ,,,"י""ח",360,ל גרם,false,1,15.90,4.42,true,1,
4810168062224,false,בלינצס במילוי ממרח קקאו אגוזי לוז קפוא,דילר בי.אמ.די פורמולה בעמ,,,"י""ח",360,ל גרם,false,1,15.90,4.42,true,1,
4810168062231,false,עלי בלינצ`ס פרווה 320גר מוקפאים,דילר בי.אמ.די פורמולה בעמ,,,"י""ח",320,ל גרם,false,1,11.90,3.72,true,1,
4810168062279,false,לביבות גבינת טבורוג מוקפאות 450גר,דילר בי.אמ.די פורמולה בעמ,,,"י""ח",450,ל גרם,false,1,22.90,5.09,true,1,
4820034925546,false,"בירה לאגר צאזז לייט בקבוק 500 מ""ל -בודד",בני פאוזי שמשום (2009) בעמ,,,"י""ח",500,"ל מ""ל",false,1,3.90,0.72,true,1,
4823077613630,false,חטיף שוקולד רושן ממולה קרם בורלה 43 גרם,דילר בי.אמ.די.אינטרנשויונל בעמ,,,"י""ח",40,ל גרם,false,1,3.90,9.75,true,1,
4823077614675,false,48230776ביסקוויט לקפה רושן בטעם חלב 18,דילר בי.אמ.די.אינטרנשויונל בעמ,,,"י""ח",185,ל גרם,false,1,3.90,2.11,true,1,
4823077617041,false,חטיף שוקולד רושן ממולה קרם קרמל 43 גרם,דילר בי.אמ.די.אינטרנשויונל בעמ,,,"י""ח",43,ל גרם,false,1,3.90,9.07,true,1,
4823077623684,false,רושן סוכריות ממולאות קרם בטעם חלב סוייט דרופס 150 גרם,דילר בי.אמ.די.אינטרנשויונל בעמ,,,"י""ח",150,ל גרם,false,1,4.90,3.27,true,1,
4823077623714,false,רושן סוכריות טופי ממולאים בטעם חלב מילקי ספלש 150 גרם,דילר בי.אמ.די.אינטרנשויונל בעמ,,,"י""ח",150,ל גרם,false,1,6.90,4.60,true,1,
4823077625589,false,וופל וואפרס חלב רושן 216 גר,דילר בי.אמ.די.אינטרנשויונל בעמ,,,"י""ח",216,ל גרם,false,1,6.90,3.19,true,1,
4823077625626,false,וופל וואפרס אגוז רושן 216 גר,דילר בי.אמ.די.אינטרנשויונל בעמ,,,"י""ח",216,ל גרם,false,1,6.90,3.19,true,1,
4823077626203,false,שוקולד רושן אורירי מריר 80 גרם,דילר בי.אמ.די.אינטרנשויונל בעמ,,,"י""ח",80,ל גרם,false,1,6.90,8.63,true,1,
4823077626227,false,שוקולד רושן אורירי חלב 80 גרם,דילר בי.אמ.די.אינטרנשויונל בעמ,,,"י""ח",80,ל גרם,false,1,6.90,8.63,true,1,
4823077626241,false,שוקולד רושן אורירי לבן קרמל 80 גרם,דילר בי.אמ.די.אינטרנשויונל בעמ,,,"י""ח",80,ל גרם,false,1,6.90,8.63,true,1,
4823077626364,false,שוקולד רושן אורירי לבן 80 גרם,דילר בי.אמ.די.אינטרנשויונל בעמ,,,"י""ח",80,ל גרם,false,1,6.90,8.63,true,1,
4823077629136,false,שוקולד רושן חלב lacmuי 90 גרם,דילר בי.אמ.די.אינטרנשויונל בעמ,,,"י""ח",85,ל גרם,false,1,6.90,8.12,true,1,
4823077630422,false,"סנדוויץ' קרקר חלב וניל רושן 235 גרם "" 2 CRACK """,דילר בי.אמ.די.אינטרנשויונל בעמ,,,"י""ח",235,ל גרם,false,1,9.90,4.21,true,1,
4823077630439,false,"סנדוויץ' קרקר שוקולד רושן 235 גרם "" 2 CRACK """,דילר בי.אמ.די.אינטרנשויונל בעמ,,,"י""ח",235,ל גרם,false,1,9.90,4.21,true,1,
4823077630996,false,"סנדוויץ' קרקר קקאו-אגוז רושן 235 גרם "" 2 CRACK """,דילר בי.אמ.די.אינטרנשויונל בעמ,,,"י""ח",235,ל גרם,false,1,9.90,4.21,true,1,
4823077631856,false,גליליות ופל רושן קונפטו קוקוס 140 גרם,דילר בי.אמ.די.אינטרנשויונל בעמ,,,"י""ח",140,ל גרם,false,1,6.90,4.93,true,1,
4823077632112,false,וופל רושן בטעם קקאו חלב 2.16 גר`,דילר בי.אמ.די.אינטרנשויונל בעמ,,,"י""ח",216,ל גרם,false,1,6.90,3.19,true,1,
4823077632259,false,חטיף שוקולד רושן עם בוטנים 43 גרם,דילר בי.אמ.די.אינטרנשויונל בעמ,,,"י""ח",40,ל גרם,false,1,3.90,9.75,true,1,
4823077632570,false,שוקולד רושן BRUT מריר 85 גרם,דילר בי.אמ.די.אינטרנשויונל בעמ,,,"י""ח",85,ל גרם,false,1,6.90,8.12,true,1,
4823077633034,false,"גליליות וופל רושן ""קונאפטו"" קקאו 140 ג",דילר בי.אמ.די.אינטרנשויונל בעמ,,,"י""ח",140,ל גרם,false,1,6.90,4.93,true,1,
4823077633058,false,"גליליות וופל רושן ""קונאפטו"" אגוז 140 ג",דילר בי.אמ.די.אינטרנשויונל בעמ,,,"י""ח",140,ל גרם,false,1,6.90,4.93,true,1,
4823077633324,false,עוגיות שוקוצ'יפס LOVITA עם חתיכות שוקולד 150 גרם,דילר בי.אמ.די.אינטרנשויונל בעמ,,,"י""ח",150,ל גרם,false,1,6.90,4.60,true,1,
4823077633348,false,עוגיות שוקוצ'יפס LOVITA עם חתיכות בוטנים 150 גרם,דילר בי.אמ.די.אינטרנשויונל בעמ,,,"י""ח",150,ל גרם,false,1,6.90,4.60,true,1,
4823077633508,false,חטיף שוקולד רושן במילוי קרם קקאו מצופה 34 גרם,דילר בי.אמ.די.אינטרנשויונל בעמ,,,"י""ח",34,ל גרם,false,1,3.90,11.47,true,1,
4823077633515,false,חטיף שוקולד רושן במילוי קרם חלבי מצופה 34 גרם,דילר בי.אמ.די.אינטרנשויונל בעמ,,,"י""ח",34,ל גרם,false,1,3.90,11.47,true,1,
4823077634192,false,עוגיות רושן LOVITA במילוי דובדבן וניל 168 גרם,דילר בי.אמ.די.אינטרנשויונל בעמ,,,"י""ח",168,ל גרם,false,1,6.90,4.11,true,1,
4823077634246,false,עוגיות Lovita ממולאות ג'לי פטל מצופות צימקאו,דילר בי.אמ.די.אינטרנשויונל בעמ,,,"י""ח",168,ל גרם,false,1,6.90,4.11,true,1,
4823077634277,false,עוגיות Lovita ממולאות ג'לי תות שדה מצופות צימקאו,דילר בי.אמ.די.אינטרנשויונל בעמ,,,"י""ח",168,ל גרם,false,1,6.90,4.11,true,1,
4823077634369,false,שוקולד רושן חלב אוורירי ופצפוצי אורז 85 גר LACMI CRISP,דילר בי.אמ.די.אינטרנשויונל בעמ,,,"י""ח",85,ל גרם,false,1,6.90,8.12,true,1,
4823077634376,false,שוקולד רושן חלב אוורירי קרם אגוזים 85 גר LACMI NUT,דילר בי.אמ.די.אינטרנשויונל בעמ,,,"י""ח",85,ל גרם,false,1,6.90,8.12,true,1,
4823077634741,false,עוגיות רושן LOVITA במילוי תות שדה 168 גרם,דילר בי.אמ.די.אינטרנשויונל בעמ,,,"י""ח",168,ל גרם,false,1,6.90,4.11,true,1,
4823077635489,false,חטיף וופל רושן קרם קקאו JOHNY KROCKERי 350 גרם,דילר בי.אמ.די.אינטרנשויונל בעמ,,,"י""ח",350,ל גרם,false,1,16.90,4.83,true,1,
4823077635533,false,חטיף וופל רושן קרם חלב JOHNY KROCKERי 350 גרם,דילר בי.אמ.די.אינטרנשויונל בעמ,,,"י""ח",350,ל גרם,false,1,16.90,4.83,true,1,
4823077635793,false,"וופלים דקיקים רושן ""THINS"" בטעם חלב וניל 55 גר",דילר בי.אמ.די.אינטרנשיונל בעמ,,,"י""ח",55,ל גרם,false,1,4.90,8.91,true,1,
4823077635809,false,"וופלים דקיקים רושן ""THINS"" בטעם קקאו 55 גר",דילר בי.אמ.די.אינטרנשיונל בעמ,,,"י""ח",55,ל גרם,false,1,4.90,8.91,true,1,
4823077635816,false,"וופלים דקיקים רושן ""THINS"" בטעם אגוזי לוז 55 גר",דילר בי.אמ.די.אינטרנשיונל בעמ,,,"י""ח",55,ל גרם,false,1,4.90,8.91,true,1,
4823077636332,false,עוגיות רושן במילוי קרם ש. 127גר LOVITA,דילר בי.אמ.די.אינטרנשויונל בעמ,,,"י""ח",127,ל גרם,false,1,6.90,5.43,true,1,
4823077636400,false,עוגיות רושן במילוי קרם חלב 127גר LOVIT,דילר בי.אמ.די.אינטרנשויונל בעמ,,,"י""ח",127,ל גרם,false,1,6.90,5.43,true,1,
4823077636417,false,עוגיות רושן במילוי קרם אגוזים 127 גר`,דילר בי.אמ.די.אינטרנשויונל בעמ,,,"י""ח",127,ל גרם,false,1,6.90,5.43,true,1,
4891199178504,false,סוללות סופר אלקליין(שמינייה) AAA C8,סמיקום לקסיס בעמ,,,"י""ח",1,,false,1,16.90,16.90,true,1,
4891228304119,false,סכיני גילוח שיק אקזק,ש.שסטוביץ בעמ,,,"י""ח",1,,false,1,19.90,19.90,false,1,
4891228304454,false,שיק היידרו 5 סנס מכשיר + סכין,ארץ ייצור סכינים: ארהבn\,,,"י""ח",1,,false,1,44.90,44.90,false,1,
4891228308049,false,שיק היידרו גבר מארז סנס ידית +7 סכינים,ארץ ייצור סכינים: ארהבn\,,,"י""ח",1,,false,1,64.90,64.90,false,1,
4891228430047,false,סכיני גילוח שיק אקזקטה 2 ירוק 10 יח',אנרג'יזר Energizer,,,"י""ח",1,,false,1,24.90,24.90,false,1,
4891228430085,false,סכיני גילוח שיק אקסטרים קומפורט לגבר 3 להבים 4 יחידות,אנרג'יזר Energizer,,,"י""ח",1,,false,1,14.90,14.90,false,1,
4895149077565,false,נורת לד 60W מקבילה אור צהוב,פוגיקום בעמ,,,"י""ח",1,,false,1,14.90,14.90,true,1,
4895149077589,false,נורת לד 75W מקבילה אור צהוב,פוגיקום בעמ,,,"י""ח",1,,false,1,19.90,19.90,true,1,
4895149077602,false,נורת לד GP 100W אור צהוב,פוגיקום בעמ,,,"י""ח",1,,false,1,24.90,24.90,false,1,
4903001904192,false,"רוטב סויה יאמאסה פרימיום 500מ""ל",הדקלאים אגודת שיתופי,,,"י""ח",500,"ל מ""ל",false,1,17.90,3.58,false,1,
4904530589126,false,סוללות אלקליין בליסטר 4 יח' AA LR06 TOSHIBA,עולם הבית שיווק והפצה בעמ,,,"י""ח",1,,false,1,9.90,9.90,false,1,
4904530589133,false,סוללות אלקליין בליסטר 4 יח' AAA LR03 TOSHIBA,עולם הבית שיווק והפצה בעמ,,,"י""ח",1,,false,1,9.90,9.90,false,1,
5000146057710,false,ספריי רב שימושי לחלונות ומשטחים ווינדולין Windolene,רקיט בנקיזר (ניר איסט) בעמ,,,"י""ח",1.50,ליטר,false,1,9.90,6.60,true,1,
5000146401568,false,וולייט דפים למניעת העברת צבע 10 דפים,רקיט בנקיזר (ניר איסט) בעמ,,,"י""ח",1,"י""ח",false,1,14.90,14.90,false,1,
5000157143365,false,מתבל בטעם מיונז וקטשופ היינץ 425 גרם,דיפלומט מפיצים (1968) בעמ**,,,"י""ח",425,ל גרם,false,1,14.90,3.51,false,1,
5000159376655,false,סוכריות SKITTLES פירות קטן 38 גרם אדום,"מרס ריגלי ישראל בע""מ",,,"י""ח",38,ל גרם,false,1,3,7.89,false,1,
5000159376792,false,סוכריות סקיטלס Skittles פירות חמוצים,"מרס ריגלי ישראל בע""מ",,,"י""ח",38,ל גרם,false,1,3,7.89,false,1,
5000159407236,false,מרס חטיף שוקולד עם קרמל 51 גרם,"מרס ריגלי ישראל בע""מ",,,"י""ח",51,ל גרם,false,1,4.90,9.61,true,1,
5000159414197,false,מלטיזרס-כדורים פריכים בציפוי שוולד חלב 135 גרם,מרס שוקולד צ.אמריקה,,,"י""ח",1560,ל גרם,false,1,10.90,0.70,false,1,
5000159452540,false,סניקרס חטיף שוקולד עם בוטנים חמישייה ברי,"מרס ריגלי ישראל בע""מ",,,"י""ח",180,ל גרם,false,1,12.90,7.17,false,1,
5000159452663,false,מרס מארז חטיף 45 גרם חמישייה,"מרס ריגלי ישראל בע""מ",,,"י""ח",180,ל גרם,false,1,12.90,7.17,false,1,
5000159461122,false,סניקרס חטיף שוקולד עם בוטנים 50 גרם,"מרס ריגלי ישראל בע""מ",,,"י""ח",51,ל גרם,false,1,4.90,9.61,true,1,
5000159536400,false,טוויקס סטיקס 99 קלוריות ליחידה 10 יח,מרס ריגלי ישראל בעמ,,,"י""ח",200,ל גרם,false,1,15.90,7.95,false,1,
5000159538626,false,טוויקס מארז חטיף 50 גרם חמישייה,"מרס ריגלי ישראל בע""מ",,,"י""ח",180,ל גרם,false,1,12.90,7.17,false,1,
5000159538640,false,באונטי מארז חטיף 57 גרם חמישייה,"מרס ריגלי ישראל בע""מ",,,"י""ח",180,ל גרם,false,1,12.90,7.17,false,1,
5000159541152,false,חטיף טוויקס לבן 46 גרם.,מרס ריגלי ישראל בעמ,,,"י""ח",50,ל גרם,false,1,4.50,9,true,1,
5000189974579,false,מארז מיני חטיפי קיט קט Kit Kat,קבוצת אוסם סחר שותפות מוגבלת,,,"י""ח",200,ל גרם,false,1,15.40,7.70,true,1,
5000204120745,false,גלייד מוצק בניחוח לבנדר 150 גר',במה פולסקה אספי.זד.או.או,,,"י""ח",1,,false,1,10.90,10.90,true,1,
5000204120776,false,גלייד ג'ל מוצק - מפיץ ריח בניחוח לבנדר 150 גרם,במה פולסקה אספי.זד.או.או,,,"י""ח",1,,false,1,10.90,10.90,true,1,
5000204153729,false,מטהר אוויר גלייד מילוי אוטומטי לבנדר וניל,המאפיה של הרמן,,,"י""ח",269,"ל מ""ל",false,1,15.90,5.91,false,1,
5000204153842,false,גלייד ספריי אוטומטי מילוי (מילוי בניחוח,קוסטר אירוסול ואלף סאן,,,"י""ח",269,"ל מ""ל",false,1,15.90,5.91,false,1,
5000204153903,false,מטהר אוויר גלייד מילוי אוטומטי מרכך כביסה,"קוסטר אירוסול ואלף סאן,",,,"י""ח",269,"ל מ""ל",false,1,15.90,5.91,false,1,
5000204155723,false,"גלייד מארז אוטומטי-בניחות מרכך כביסה 269 מ""ל",קוסטר אירוסול ואלף סאן,,,"י""ח",269,"ל מ""ל",false,1,39.90,14.83,false,1,
5000204167856,false,"מטהר אוויר גלייד מילוי אוטומטי פסטיבל קינמון 269 מ""ל","קוסטר אירוסול ואלף סאן,",,,"י""ח",269,"ל מ""ל",false,1,15.90,5.91,false,1,
5000204220933,false,"קוטל מעופפים אירוסול אקליפטוס 300 מ""ל רייד","דנשר (1963) בע,מ",,,"י""ח",400,"ל מ""ל",false,1,14.90,3.73,false,1,
5000204225655,false,"מטהר אוויר גלייד מילוי אוטומטי מסיבת פטל 269 מ""ל",דנשר (1963) בעמ,,,"י""ח",269,"ל מ""ל",false,1,15.90,5.91,false,1,
5000204227130,false,גלייד מבשם מקלות בניחוח פסגות טיבט 80 מ,דנשר (1963) בעמ,,,"י""ח",80,"ל מ""ל",false,1,29.90,37.38,true,1,
5000204227161,false,"גלייד מבשם ריח מקלות ניחוח הפרדס 80 מ""ל","דנשר (1963) בע,מ",,,"י""ח",80,"ל מ""ל",false,1,29.90,37.38,true,1,
5000204657883,false,קיווי משחת נעליים בקופסא חום 50 מל,ג' אל ראיה בוגור ג'א,,,"י""ח",50,ל גרם,false,1,5.80,11.60,false,1,
5000204657913,false,קיווי משחת נעליים בקופסא שחור 50 מ`ל,ג' אל ראיה בוגור,,,"י""ח",50,ל גרם,false,1,5.80,11.60,false,1,
5000204658125,false,קיווי נוזל לניקוי נעליים חום 75 מל,אס' סי' ג'ונסון במה,,,"י""ח",75,"ל מ""ל",false,1,15.30,20.40,false,1,
5000204661392,false,משחת נעליים שחורה קיווי אקסרא לארג`,המאפיה של הרמן,,,"י""ח",88,"ל מ""ל",false,1,9.90,11.25,false,1,
5000219023772,false,פאקט סיגריות סטרים פילטר פאל מאל) (200,גלוברנדס בעמ - שיווק סיגריות,,,"י""ח",1,,false,1,290,290,false,1,
5000267024233,false,"וויסקי ג'וני בלאק לייבל עם פורר 700מ""ל",החברה המרכזית להפצת משקאות בעמ,,,"י""ח",700,"ל מ""ל",false,1,119.90,17.09,false,1,
5000267117560,false,"וויסקי גוני ווקר גולד לייבל רזרב 750 מ""ל",החברה המרכזית להפצת משקאות בעמ,,,"י""ח",700,"ל מ""ל",false,1,179.90,25.66,false,1,
5000267171654,false,"וויסקי פוקט ג וני ווקר שחור 200מ""ל 40%.",החברה המרכזית להפצת משקאות בעמ,,,"י""ח",200,"ל מ""ל",false,1,49.90,24.80,false,1,
5000299618615,false,"מארז ג`ין ביפאיטר 700מ""ל עם כוס",טמפו משקאות בעמ,,,"י""ח",700,"ל מ""ל",false,1,99.90,14.23,false,1,
5000299622605,false,"מארז שיבאס רגאל 700מ""ל +2כוסות",טמפו משקאות בעמ,,,"י""ח",700,"ל מ""ל",false,1,119.90,17.09,false,1,
5000299629253,false,מארז בלנטיינס פיינסט 700+2 כוס,טמפו משקאות בעמ,,,"י""ח",700,"ל מ""ל",false,1,89.90,12.80,true,1,
5000394098756,false,סוללות שישייה AA פלוס פאור,דיפלומט מפיצים 1968 בעמ,,,"י""ח",1,,false,1,19.90,19.90,false,1,
5000396037531,false,מקוויטיס ביסקוויט מצופה שוקולד חלב 200 גרם,תה ויסוצקי (ישראל)בעמ,,,"י""ח",200,ל גרם,false,1,10.90,5.45,false,1,
5000396037944,false,מקוויטיס ביסקוויט אורגינל 250 גרם,תה ויסוצקי (ישראל)בעמ,,,"י""ח",250,ל גרם,false,1,10.90,4.36,true,1,
5010106113127,false,"וויסקי בלנטיין 700מ""ל",טמפו משקאות בעמ,,,"י""ח",700,"ל מ""ל",false,1,99.90,14.23,true,1,
5010182997253,false,רייד תרסיס קוטל ג'וקים/תיקנים 300 מל,אס.סי.ג'ונסון מידרכט,,,"י""ח",400,"ל מ""ל",false,1,14.90,3.73,false,1,
5010182997338,false,דאק ג'ל לניקוי אסלות בניחוח רענן 55 מל,"איטיליאן פוד, אס.פי.",,,"י""ח",55,ל גרם,false,1,11.90,21.64,false,1,
5010182997680,false,"ארוסול-קוטל זוחלים אדום 400 מ""ל",אס.סי.ג'ונסון מידרכט,,,"י""ח",400,"ל מ""ל",false,1,14.90,3.73,false,1,
5010182997918,false,דאק ג'ל לניקוי אסלות בניחוח ים 55 מל,"איטיליאן פוד, אס.פי.",,,"י""ח",55,ל גרם,false,1,11.90,21.64,false,1,
5010182998847,false,דאק נוזל לניקוי אסלות בניחוח ים 750 מל,מיוצר עי קונדיטוריית,,,"י""ח",750,"ל מ""ל",false,1,8.90,1.19,false,1,
5010182998861,false,דאק נוזל לניקוי אסלות בניחוח רענן 750 מל,מיוצר עי קונדיטוריית,,,"י""ח",750,"ל מ""ל",false,1,8.90,1.19,false,1,
5010327000107,false,"גרנטס וויסקי חצי 375מ""ל",הכרם משקאות חריפים בעמ,,,"י""ח",375,"ל מ""ל",false,1,54.90,14.56,true,1,
5010327105215,false,וויסקי מאנקי שולדר Monkey Shoulder,"וויליאם גראנט ובניו בע""\",,,"י""ח",700,"ל מ""ל",false,1,169.90,24.23,true,1,
5010327305585,false,"וויסקי פידיך פייר אין קיין כשר 700מ""ל",וויליאם גרמט'ס אנד סונסנ,,,"י""ח",700,"ל מ""ל",false,1,179.30,25.57,false,1,
5010677551281,false,בריזר לימון בבקבוק בקרדי (275 מל),בקרדי בריזר Bacardi Breezer,,,"י""ח",275,"ל מ""ל",false,1,14.20,5.05,true,1,
5010677551397,false,"בקרדי בריזר בטעם לימון ליים 275 מ""ל",בקרדי בריזר Bacardi Breezer,,,"י""ח",275,"ל מ""ל",false,1,14.20,5.05,true,1,
5010677552387,false,"בקרדי בריזר אננס 275 מ""ל בקבוק",בקרדי בריזר Bacardi Breezer,,,"י""ח",275,"ל מ""ל",false,1,14.20,5.05,true,1,
5010677554398,false,בריזר אבטיח בבקבוק בקרדי (275 מל),בקרדי בריזר Bacardi Breezer,,,"י""ח",275,"ל מ""ל",false,1,14.20,5.05,true,1,
5010677850100,false,"וודקה צרפתית גריי גוס 700מ""ל",בקרדי מרטיני,,,"י""ח",750,"ל מ""ל",false,1,109.90,14.61,false,1,
5011007003005,false,"וויסקי ג'יימסון אירי מזוקק 700 מ""ל",אייריש דיסטילרז,,,"י""ח",700,"ל מ""ל",false,1,99.90,14.23,true,1,
5011026108033,false,"וויסקי אירי טולומור דיו 700 מ""ל",הכרם - משקאות חריפים בעמ,,,"י""ח",700,"ל מ""ל",false,1,110.90,15.80,false,1,
5011157671222,false,"טילדה אורז בסמטי חום מלא 1 ק""ג",ש.שסטוביץ בעמ,,,"י""ח",1,"ק""ג",false,1,19.90,19.90,false,1,
5011157730271,false,אורז יסמין לבן ארוך טילדה,ש.שסטוביץ בעמ,,,"י""ח",1,"ק""ג",false,1,19.90,19.90,false,1,
5011417547885,false,"אירוויק מקלות ריחניים בניחוח כביסה באוויר 30 מ""ל",רקיט בנקיזר (ניר איסט) בעמ,,,"י""ח",1,,false,1,14.90,14.90,true,1,
5011417549193,false,טבליות למדיח כלים קוואנטום פיניש) (20,רקיט בנקיזר (ניר איסט) בעמ,,,"י""ח",432,ל גרם,false,1,19.90,4.61,false,1,
5011417552247,false,"אירוויק מבשם אויר נטול גז בניחוח פשתן ופרחי לילך 345 מ""ל",רקיט בנקיזר (ניר איסט) בעמ,,,"י""ח",345,"ל מ""ל",false,1,14.90,4.32,true,1,
5011417554760,false,"אירוויק מבשם אויר נטול גז בניחוח ורדים וארכידאה 345 מ""ל",רקיט בנקיזר (ניר איסט) בעמ,,,"י""ח",345,"ל מ""ל",false,1,14.90,4.32,true,1,
5011417565414,false,איירוויק פיור ספריי בניחוח לבנדר וקמומיל,רקיט בנקיזר (ניר איסט) בעמ,,,"י""ח",345,"ל מ""ל",false,1,13.90,4.03,false,1,
5011417565421,false,"אירוויק פיור בהתזה יבשה ספריי לבלוב כותנה 250 מ""ל",רקיט בנקיזר (ניר איסט) בעמ,,,"י""ח",345,"ל מ""ל",false,1,13.90,4.03,false,1,
5014271003979,false,מעדן פרי סופר פרוט אומניות ואסאי 170גרם,א. סיימן סחר בעמ,,,"י""ח",170,ל גרם,false,1,15.90,9.35,false,1,
5014271003986,false,מעדן פרי סופר פרוט משמש וזרעי צ`יה170ג,א. סיימן סחר בעמ,,,"י""ח",170,ל גרם,false,1,15.90,9.35,false,1,
5014271004228,false,מעדן פרי סופר פרוט דובדבן 170ג דלפור,א. סיימן סחר בעמ,,,"י""ח",170,ל גרם,false,1,15.90,9.35,false,1,
5014271310428,false,מעדן דובדבנים שחורים ללא תוספת סוכר 284 גרם,סאן דלפור - שמבור,,,"י""ח",284,ל גרם,false,1,23.90,8.42,true,1,
5014271330426,false,מעדן אוכמניות כחולות ללא תוספת סוכר 284 גרם,סאן דלפור - שמבור,,,"י""ח",284,ל גרם,false,1,23.90,8.42,true,1,
5014271370422,false,מעדן אפרסקים ללא תוספת סוכר 284 גרם,סאן דלפור - שמבור,,,"י""ח",284,ל גרם,false,1,23.90,8.42,true,1,
5014271400426,false,"מעדן בטעם תות שדה לל""ס סאן דלפור 284 גרם",נטו מלינדה סחר בעמ,,,"י""ח",284,ל גרם,false,1,23.90,8.42,true,1,
5014271795980,false,מעדן חמוציות ואוכמניות ללא תוספת סוכר 284 גרם,א. סיימן סחר בעמ,,,"י""ח",284,ל גרם,false,1,23.90,8.42,true,1,
5014379009972,false,בירה לאגר באדוויזר פחית 500 מל,הכרם - משקאות חריפים בעמ,,,"י""ח",500,"ל מ""ל",false,1,7.90,1.52,true,1,
5018357006731,false,תערובת דגנים 40% פירות ואגוזים 560 גרם,אחים טיירי עסקי מזון בעמ,,,"י""ח",560,ל גרם,false,1,27.90,4.98,false,1,
5018357006779,false,תערובת דגנים 50% פירות ואגוז+חמוציות 540,אחים טיירי עסקי מזון בעמ,,,"י""ח",540,ל גרם,false,1,29.90,5.54,false,1,
5018357006816,false,תערובת דגנים 30% פירות ואגוזים 620 גרם,אחים טיירי עסקי מזון בעמ,,,"י""ח",620,ל גרם,false,1,22.90,3.69,false,1,
5029053002408,false,קלינקס - נייר טואולט קליניקס לבן 9 גלילים,קימברלי קלארק ישראל שיווק בעמ,,,"י""ח",1184,ל גרם,false,1,31.90,2.69,false,1,
5029053510811,false,תחבושות נורמל פלוס עם כנפיים קוטקס 28 יחידות,קימברלי קלארק ישראל שיווק בעמ,,,"י""ח",28,"י""ח",false,1,19.90,0.71,true,1,
5029053510828,false,תחבושות סופר פלוס עם כנפיים קוטקס 22יחידות,קימברלי קלארק ישראל שיווק בעמ,,,"י""ח",24,"י""ח",false,1,19.90,0.83,true,1,
5029053523446,false,קוטקס - תחבושות אולטרה נייט + כנפיים 20 יח',קימברלי קלארק ישראל שיווק בעמ,,,"י""ח",20,"י""ח",false,1,19.90,1,true,1,
5029053527574,false,האגיס תחתון ספיגה 4-7 בנים דריי נייטס 10 יחידות,קימברלי קלארק ישראל שיווק בעמ,,,"י""ח",1,"י""ח",false,1,38.90,38.90,false,1,
5029053527581,false,האגיס תחתון ספיגה 4-7 בנות דריי נייטס 10 יחידות,קימברלי קלארק ישראל שיווק בעמ,,,"י""ח",1,"י""ח",false,1,38.90,38.90,false,1,
5029053527598,false,תחתוני ספיגה בנים לתופעת הרטבת לילה 8-15 האגיס,קימברלי קלארק ישראל שיווק בעמ,,,"י""ח",1,"י""ח",false,1,38.90,38.90,false,1,
5029053535210,false,טמפונים מיני עם מוליך קוטקס) (16,קימברלי קלארק ישראל שיווק בעמ,,,"י""ח",1,"י""ח",false,1,27.90,27.90,false,1,
5029053535227,false,קוטקס טמפון עם מוליך נורמל 16 יחידות,קימברלי קלארק ישראל שיווק בעמ,,,"י""ח",1,"י""ח",false,1,27.90,27.90,false,1,
5029053535234,false,טמפונים סופר עם מוליך קוטקס) (16,קימברלי קלארק ישראל שיווק בעמ,,,"י""ח",1,"י""ח",false,1,27.90,27.90,false,1,
5029053538426,false,בגד ים חד פעמי ליטל סווימרס 12-18kg L,קימברלי קלארק ישראל שיווק בעמ,,,"י""ח",1,,false,1,32.90,32.90,false,1,
5029053574103,false,האגיס פול אפס תח.גמילה יום בנות 20 יחידו,קימברלי קלארק ישראל שיווק בעמ,,,"י""ח",1,,false,1,44.90,44.90,false,1,
5029053574110,false,האגיס פול אפס תח.גמילה יום בנים 20 יחידו,קימברלי קלארק ישראל שיווק בעמ,,,"י""ח",1,,false,1,44.90,44.90,false,1,
5029053574141,false,האגיס פול אפס תח.גמילה לילה בנות 18 יחיד,קימברלי קלארק ישראל שיווק בעמ,,,"י""ח",1,,false,1,44.90,44.90,false,1,
5029053574158,false,האגיס פול אפס תח.גמילה לילה בנים 18 יחיד,קימברלי קלארק ישראל שיווק בעמ,,,"י""ח",1,,false,1,44.90,44.90,false,1,
5029054220085,false,האגיס - מגבוני האגיס אקסטרה קר לא מבושם 56 יח' * 4,קימברלי קלארק ישראל שיווק בעמ,,,"י""ח",4,"י""ח",false,1,29.90,7.48,false,1,
5050083559761,false,דגני בוקר קלוגס קוקו פופס שוקוס 500 גרם,קלוגס מניופקטורינג אספנה,,,"י""ח",500,ל גרם,false,1,18.90,3.78,false,1,
5053827193368,false,דגני בוקר קלוגס ברנפלקס 500 גרם,קלוגס קומפני אוף גרייט ב,,,"י""ח",500,ל גרם,false,1,22.90,4.58,false,1,
5059001003713,false,איירוויק - מקלות ריחניים בניחוח תאנה ופירות יער,רקיט בנקיזר (ניר איסט) בעמ,,,"י""ח",1,,false,1,14.90,14.90,true,1,
5060255492154,false,חול חתולים תורכיז6ל ספיגה מוגברת,שחורי אריה ואנסטסיה,,,"י""ח",6,ליטר,false,1,55,9.17,false,1,
5060517886486,false,"משקה אנרגיה מונסטר אנרג'י בפחית 500 מ""ל",החברה המרכזית להפצת משקאות בעמ,,,"י""ח",500,"ל מ""ל",false,1,7,1.34,false,1,
5060517886516,false,"משקה אנרגיה מונסטר אנרג'י זירו בפחית 500 מ""ל",החברה המרכזית להפצת משקאות בעמ,,,"י""ח",500,"ל מ""ל",false,1,7,1.34,false,1,
5060639128051,false,"משקה אנרגיה מונסטר אולטרה בפחית 500 מ""ל",החברה המרכזית להפצת משקאות בעמ,,,"י""ח",500,"ל מ""ל",false,1,7,1.34,false,1,
5060639129102,false,"משקה אנרגיה מונסטר אנרג'י מנגו בפחית 500 מ""ל",החברה המרכזית להפצת משקאות בעמ,,,"י""ח",500,"ל מ""ל",false,1,7,1.34,false,1,
5060751218173,false,"משקה אנרגיה מונסטר אנרג'י piplin punch בפחית 500 מ""ל",החברה המרכזית להפצת משקאות בעמ,,,"י""ח",500,"ל מ""ל",false,1,7.50,1.44,false,1,
5060751219033,false,"משקה אנרגיה מונסטר אנרג'י זירו paradise בפחית 500 מ""ל",החברה המרכזית להפצת משקאות בעמ,,,"י""ח",500,"ל מ""ל",false,1,7,1.34,false,1,
5200133120476,false,גלילות וופלים ממולאים קרם אגוזים וקקאו 400 ג',דיפלומט מפיצים (1968) בעמ**,,,"י""ח",400,ל גרם,false,1,17.30,4.33,false,1,
5200133120483,false,גליליות וופלים גולדן ברייק קרם וניל 400 גרם,דיפלומט מפיצים (1968) בעמ**,,,"י""ח",400,ל גרם,false,1,17.30,4.33,false,1,
5201003110702,false,משקה אוזו 12 700 מל,החברה המרכזית להפצת משקאות בעמ,,,"י""ח",700,"ל מ""ל",false,1,89.90,12.80,false,1,
5201100872640,false,לוריאל - אקסלנס קרם 03בלונד אולטרה בהיר אפור,לוריאל ישראל קוסמטיקס בעמ,,,"י""ח",1,,false,1,34.90,34.90,false,1,
5201178801054,false,"קרם רב שימושי ניוואה 250 מ""ל",טרופיקל דגיל תעשיות,,,"י""ח",250,ל גרם,false,1,29.90,11.96,true,1,
5201246002215,false,"בירה פילס היילס ויליפוד 500 מ""ל",ג. וילי-פוד אינטרנשיונל בע`מ,,,"י""ח",500,"ל מ""ל",false,1,5.90,1.12,true,1,
5201347160326,false,גל לשמירה על חיי מכונת הכביסה קלגון 750מ,רקיט בנקיזר (ניר איסט) בעמ,,,"י""ח",750,"ל מ""ל",false,1,29.90,3.99,false,1,
5201347400545,false,רצועות שעווה מוכנות לשימוש לפנים ולאזורים רגישים,רקיט בנקיזר (ניר איסט) בעמ,,,"י""ח",1,"י""ח",false,1,19.90,19.90,true,1,
5201940010011,false,זיתים שחורים טבעיים בפח ויליפוד 454 גרם,ג. וילי-פוד אינטרנשיונל בע`מ,,,"י""ח",454,ל גרם,false,1,14.30,3.15,false,1,
5201940010110,false,זיתים שחורים קלמטה וילי פוד 250 גרם,ג. וילי-פוד אינטרנשיונל בע`מ,,,"י""ח",454,ל גרם,false,1,16.50,3.63,false,1,
5202390016325,false,גבינה צהובה טבעונית בטעם מעושן ויאו לייף 200ג',דיפלומט מפיצים (1968) בעמ**,,,"י""ח",200,ל גרם,false,1,19.90,9.95,false,1,
5205427014899,false,מיני מאפים במילוי ביונד מיט 300ג,ג.וילי פוד אינטרנשיונל בעמ,,,"י""ח",300,ל גרם,false,1,36.90,12.30,false,1,
5208049006594,false,פאל מאל אקסטרה כחול קופסה,גלוברנדס בעמ - שיווק סיגריות,,,"י""ח",1,,false,1,27.50,27.50,false,1,
5208049006624,false,פאל מאל אקסטרה סילבר חפיסה,גלוברנדס בעמ - שיווק סיגריות,,,"י""ח",1,,false,1,27.50,27.50,false,1,
5208049006655,false,פאל מאל אקסטרה מנדרינה קופסה,גלוברנדס בעמ,,,"י""ח",1,,false,1,28,28,false,1,
5208049006662,false,פאלמאל אקסטרה מנדרינה פק,גלוברנדס בעמ,,,"י""ח",1,,false,1,275,275,false,1,
5391523057929,false,סימילאק גולד שלב 1 תרכובת מזון על בסיס חלב,אבוט מעבדות רפואיות,,,"י""ח",700,ל גרם,false,1,69.90,9.99,false,1,
5391523057936,false,סימילאק גולד שלב 2 תרכובת מזון על בסיס חלב,אבוט מעבדות רפואיות,,,"י""ח",700,ל גרם,false,1,69.90,9.99,false,1,
5391523057943,false,סימילאק גולד שלב 3 תרכובת מזון על בסיס חלב,אבוט מעבדות רפואיות,,,"י""ח",700,ל גרם,false,1,69.90,9.99,false,1,
5391523058063,false,סימילאק אדבנס פלוס 1 תרכובת מזון על בסיס חלב,טרופיקל דגיל תעשיות,,,"י""ח",700,ל גרם,false,1,69.90,9.99,true,1,
5391523058070,false,סימילאק אדבנס פלוס 3 תרכובת מזון על בסיס חלב,אבוט מעבדות רפואיות,,,"י""ח",700,ל גרם,false,1,69.90,9.99,true,1,
5391523058087,false,סימילאק אדבנס פלוס 2 תרכובת מזון על בסיס חלב,טרופיקל דגיל תעשיות,,,"י""ח",700,ל גרם,false,1,69.90,9.99,true,1,
5410076379378,false,אבקת כביסה טייד קולור,דיפלומט מפיצים (1968) בעמ,,,"י""ח",5,"ק""ג",false,1,36.90,7.38,true,1,
5410091733100,false,"סאיוס מוס סרמיד לחיזוק@ 250 מ""ל",שוורצקופף והנקל,,,"י""ח",250,"ל מ""ל",false,1,27.50,11,true,1,
5410126006087,false,ביסקויט ביסקפה לוטוס בטעם קרמל 700גר`ב,דיפלומט מפיצים (1968) בעמ**,,,"י""ח",700,ל גרם,false,1,24.90,3.56,false,1,
5410126106022,false,לוטוס ביסקויט מארז חג 2*250ג.,דיפלומט מפיצים (1968) בעמ**,,,"י""ח",500,ל גרם,false,1,17.90,3.58,true,1,
5410126116953,false,ממרח ביסקוויט קרמל לוטוס (400 גרם),דיפלומט מפיצים (1968) בעמ**,,,"י""ח",312,ל גרם,false,1,22.90,7.34,false,1,
5410126716016,false,"עוגיות לוטוס ביסקויט קרמל בד""צ 250 גרם",דיפלומט מפיצים (1968) בעמ**,,,"י""ח",250,ל גרם,false,1,12.90,5.16,false,1,
5410126726947,false,ממרח ביסקוויט קרמל קראנץ' לוטוס 380 גרם,דיפלומט מפיצים (1968) בעמ**,,,"י""ח",380,ל גרם,false,1,22.90,6.03,false,1,
5410228217732,false,"בירה סטלה ארטואה 440מ""ל פחית.",מנדלז סי.אר. פרודקשן,,,"י""ח",440,"ל מ""ל",false,1,13.90,3.09,true,1,
5410228267515,false,"שישיית בירה לאגר באדוויזר 6*330 מ""ל",הכרם - משקאות חריפים בעמ,,,"י""ח",1.98,ליטר,false,1,31.70,15.10,true,1,
5410291021991,false,ממרח אגוזי לוז עם קקאו צ`וקטה (700 גרם),ש. שסטוביץ בע`מ,,,"י""ח",385,ל גרם,false,1,17.90,4.65,false,1,
5410291022011,false,ממרח אגוזי לוז עם קקאו צ`וקטה (350 גרם),ש. שסטוביץ בע`מ,,,"י""ח",385,ל גרם,false,1,10.90,2.83,true,1,
5410291022738,false,צ'וקטה ממרח חלב ואגוזי לוז עם קקאוי 350ג',ש. שסטוביץ בע`מ,,,"י""ח",350,ל גרם,false,1,10.90,3.11,true,1,
5410291022752,false,צ'וקטה ממרח אגוזי לוז עם קקאו פרווה 350 ג',ש. שסטוביץ בע`מ,,,"י""ח",350,ל גרם,false,1,10.90,3.11,true,1,
5410291022776,false,צ`וקטה ממרח אגוזי לוז עם קקאו 700 גר`,ש. שסטוביץ בע`מ,,,"י""ח",700,ל גרם,false,1,18.90,2.70,false,1,
5410316983693,false,וודקה סמירנוף אייס בודד 275 מ``ל.,החברה המרכזית להפצת משקאות בעמ,,,"י""ח",275,"ל מ""ל",false,1,14,4.98,false,1,
5411188080268,false,משקה סויה אלפרו אורגני אלפרו (1 ליטר),הנסיך- מפעל לייצור ט,,,"י""ח",1,ליטר,false,1,15.90,15.90,true,1,
5411188094173,false,רביעיה מעדן סויה טעם קרמל 125 ג' אלפרו,שטראוס גרופ בע`מ,,,"י""ח",500,ל גרם,false,1,18.90,3.78,true,1,
5411188110835,false,אלפרו חלב סויה שקדים וניל 1ל',הנסיך- מפעל לייצור ט,,,"י""ח",1,ליטר,false,1,13.90,13.90,true,1,
5411188112709,false,"משקה קוקוס אלפרו 1 ליטר משקה שקדים לל""ס",הנסיך- מפעל לייצור ט,,,"י""ח",1,ליטר,false,1,13.90,13.90,true,1,
5411188115366,false,משקה קוקוס אלפרו 1 ליטר משקה שיבולת שועל 1 ליטר,הנסיך- מפעל לייצור ט,,,"י""ח",1,ליטר,false,1,13.90,13.90,true,1,
5411188115434,false,משקה אלפרו בריסטה סויה 1 ליטר,"שטראוס גרופ בע""מ",,,"י""ח",1,ליטר,false,1,15.90,15.90,true,1,
5411188115472,false,משקה סויה 1 ליטר אלפרו,הנסיך- מפעל לייצור ט,,,"י""ח",1,ליטר,false,1,13.90,13.90,true,1,
5411188116905,false,אלפרו משקה סויה בטעם בננה 1 ליטר,"שטראוס גרופ בע""מ",,,"י""ח",1,ליטר,false,1,13.90,13.90,true,1,
5411188118732,false,משקה קוקוס ושקדים אלפרו (1 ליטר),הנסיך- מפעל לייצור ט,,,"י""ח",1,ליטר,false,1,12.90,12.90,true,1,
5411188120742,false,משקה קוקוס אלפרו 1 ליטר שקדים וניל 1 ל',הנסיך- מפעל לייצור ט,,,"י""ח",1,ליטר,false,1,13.90,13.90,true,1,
5411188121923,false,"משקה סויה מועשר סידן אלפרו 3*250 מ""ל",הנסיך- מפעל לייצור ט,,,"י""ח",750,"ל מ""ל",false,1,15.90,2.12,true,1,
5411188122661,false,אלפרו משקה שקדים לא קלויים ללא תוספת סוכר 1 ל',הנסיך- מפעל לייצור ט,,,"י""ח",1,ליטר,false,1,13.90,13.90,true,1,
5411188124689,false,משקה אלפרו שיבולת שועל ללא סוכר 1 ליטר,שטראוס גרופ בע`מ,,,"י""ח",1,ליטר,false,1,13.90,13.90,true,1,
5411188127697,false,אלפרו בריסטה משקה שיבולת שועל 1 ליטר,הנסיך- מפעל לייצור ט,,,"י""ח",1,ליטר,false,1,13.90,13.90,true,1,
5411188129899,false,אלפרו בריסטה משקה שקדים 1 ליטר,הנסיך- מפעל לייצור ט,,,"י""ח",1,ליטר,false,1,13.90,13.90,true,1,
5411188134985,false,אלפרו 3.5% NOT M*LK שיבולת שועל 1 ליטר בית יוסף,שטראוס גרופ בעמ/מצונן,,,"י""ח",1,ליטר,false,1,13.90,13.90,true,1,
5411188135005,false,אלפרו 1.8% NOT M*LK שיבולת שועל 1 ליטר בית יוסף,שטראוס גרופ בעמ/מצונן,,,"י""ח",1,ליטר,false,1,13.90,13.90,true,1,
5411188300328,false,אלפרו משקה סויה עמיד בטעם שוקו 1 ליטר,הנסיך- מפעל לייצור ט,,,"י""ח",1,ליטר,false,1,15.90,15.90,true,1,
5411188543398,false,אלפרו משקה סויה 1 ליטר ללא סוכר,הנסיך- מפעל לייצור ט,,,"י""ח",1,ליטר,false,1,13.90,13.90,true,1,
5413149655522,false,"אבקת כביסה שושן צחור 1.25 ק""ג אריאל",דיפלומט מפיצים (1986) בע`מ,,,"י""ח",2.50,"ק""ג",false,1,19.90,7.96,false,1,
5413149922907,false,"אבקת כביסה קולור וסטייל 5 ק""ג אריאל",דיפלומט מפיצים (1986) בע`מ,,,"י""ח",5,"ק""ג",false,1,44.90,8.98,true,1,
5413149922938,false,"אריאל אבקת כביסה שושן צחור, 5 ק""ג",דיפלומט מפיצים (1986) בע`מ,,,"י""ח",5,"ק""ג",false,1,44.90,8.98,true,1,
5413149930025,false,אבקת כביסה טייד אלפיין פרש,דיפלומט מפיצים (1968) בעמ,,,"י""ח",5,"ק""ג",false,1,36.90,7.38,true,1,
5601008200444,false,עוגיות גודיס טבעות מצופות שוקולד חלב מרבה 150 גרם,הנסיך- מפעל לייצור ט,,,"י""ח",150,ל גרם,false,1,5.90,3.93,true,1,
5601008200451,false,עוגיות גודיס טבעות מצופות שוקולד מריר מרבה 150 גרם,ש. שסטוביץ בע`מ,,,"י""ח",150,ל גרם,false,1,5.90,3.93,true,1,
5601008200468,false,עוגיות גודיס טבעות מצופות שוקולד לבו מרבה 150 גרם,קריניציה ויטמינה אס,,,"י""ח",150,ל גרם,false,1,5.90,3.93,true,1,
5601036205596,false,צבע לשיער אקסלנס קרם - 5.3 חום זהוב,לוריאל ישראל קוסמטיקס בעמ,,,"י""ח",1,,false,1,34.90,34.90,false,1,
5601036205619,false,צבעי אקסלנס בצבעים,לוריאל ישראל קוסמטיקס בעמ,,,"י""ח",1,,false,1,34.90,34.90,false,1,
5601036213577,false,אקסלנס אולטרה קרם מהגוני נחושתי,לוריאל ישראל קוסמטיקס בעמ,,,"י""ח",1,,false,1,34.90,34.90,false,1,
5601036213584,false,צבעי לשיער אקסלנס בצבעים,לוריאל ישראל קוסמטיקס בעמ,,,"י""ח",1,,false,1,34.90,34.90,false,1,
5601217129420,false,וולייט דפים למניעת העברת צבע 20 יחידות,רקיט בנקיזר (ניר איסט) בעמ,,,"י""ח",20,"י""ח",false,1,19.90,1,false,1,
5701092108708,false,פיניש קוואנטום לימון20טב,רקיט בנקיזר (ניר איסט) בעמ,,,"י""ח",432,ל גרם,false,1,19.90,4.61,false,1,
5701932026964,false,"הוטפופ גרעיני תירס להכנת פופקורן במיקרוגל בטעם טבעי, בתוספת מלח, 600 גרם",ליימן שליסל בע`מ,,,"י""ח",600,ל גרם,false,1,16.90,2.82,true,1,
5701932026971,false,הוטפופ גרעיני תירס להכנת פופקורן במיקרוגל בטעם חמאה 600 גרם,ליימן שליסל בע`מ,,,"י""ח",600,ל גרם,false,1,16.90,2.82,true,1,
5701932026995,false,"הוטפופ גרעיני תירס להכנת פופקורן במיקרוגל בטעם טבעי מופחת שומן, 510 גרם",קריניציה ויטמינה אס,,,"י""ח",510,ל גרם,false,1,16.90,3.31,true,1,
5706516031358,false,פופקורן להכנה במיקרוגל בטעם טבעי מופחת שומן 5 שקיות,ליימן שליסל בע`מ,,,"י""ח",1,,false,1,16.90,16.90,true,1,
5710840209437,false,טבק באלי נטורל 40 גר`בודד,סקמדינביין טובקו,,,"י""ח",1,,false,1,94,94,false,1,
5710840210013,false,בא לי שג לבן סופר עדין 40גר,סקמדינביין טובקו,,,"י""ח",1,,false,1,94,94,false,1,
5710840210136,false,בא לי שג אדום-עדין 40גר,סקמדינביין טובקו,,,"י""ח",1,,false,1,94,94,false,1,
5711953106583,false,גבינת שמנת בטעם טבעי 200 גרם ארלה,שטראוס גרופ בעמ/מצונן,,,"י""ח",200,ל גרם,false,1,15.90,7.95,true,1,
5711953106590,false,גבינת שמנת ארלה שמנת שום 200 גרם,שטראוס גרופ בעמ/מצונן,,,"י""ח",200,ל גרם,false,1,15.90,7.95,true,1,
5711953106606,false,גבינת שמנת עם תבלינים ועשבי תיבול 23.5%,שטראוס גרופ בעמ/מצונן,,,"י""ח",200,ל גרם,false,1,15.90,7.95,true,1,
5711953148347,false,גבינת שמנת בטעם טבעי 300 גרם ארלה,שטראוס גרופ בעמ (ח),,,"י""ח",300,ל גרם,false,1,24.90,8.30,true,1,
5740900403215,false,ממרח חמאה דנית לורפק עם מלח 250 גרם,שטראוס גרופ בעמ/מצונן,,,"י""ח",250,ל גרם,false,1,16.90,6.76,true,1,
5740900403222,false,ממרח לורפק חמאה עם מלח מופחת שומן 250 ג,שטראוס גרופ בעמ/מצונן,,,"י""ח",250,ל גרם,false,1,16.90,6.76,true,1,
5740900403239,false,ממרח חמאה דנית לורפק ללא מלח 250 גרם,שטראוס גרופ בעמ/מצונן,,,"י""ח",250,ל גרם,false,1,16.90,6.76,true,1,
5740900403246,false,ממרח לורפק ללא תוספת מלח 500 גר,שטראוס גרופ בעמ/מצונן,,,"י""ח",500,ל גרם,false,1,28.90,5.78,true,1,
5740900403253,false,ממרח מחמאת לורפק עם מלח 500 ג',שטראוס גרופ בעמ/מצונן,,,"י""ח",500,ל גרם,false,1,28.90,5.78,true,1,
5740900403260,false,ממרח מחמאת לורפק ללא מלח 27% פחות שומן,שטראוס גרופ בעמ/מצונן,,,"י""ח",250,ל גרם,false,1,16.90,6.76,true,1,
5740900403284,false,חמאה ללא מלח 200 גרם לורפק כשרות או קיי,שטראוס גרופ בעמ/מצונן,,,"י""ח",200,ל גרם,false,1,11.90,5.95,true,1,
5740900403864,false,חמאה +מלח 200 גרם לורפק כשרות או קיי,שטראוס גרופ בעמ/מצונן,,,"י""ח",200,ל גרם,false,1,11.90,5.95,true,1,
5900017062419,false,"ניוואה - תחליב רחצה ורדים ושמן שקדים 750 מ""ל",אלפא ב.ד.ף בעמ,,,"י""ח",750,"ל מ""ל",false,1,15.90,2.12,true,1,
5900020012814,false,דגנים תפוחים בטעם שוקולד נסקוויק נסטלה 500 גרם,קבוצת אוסם סחר שותפות מוגבלת,,,"י""ח",500,ל גרם,false,1,28.70,5.74,true,1,
5900020015174,false,פיטנס חטיפי אנרגיה דגנים בטעם שוקולד נסטלה 6*23.5 גרם,קבוצת אוסם סחר-שות.מוגבלת,,,"י""ח",141,ל גרם,false,1,16.70,11.84,true,1,
5900020018908,false,פיטנס חטיפי אנרגיה דגנים בטעם קרם עוגיות נסטלה 6*23.5 גרם,קבוצת אוסם סחר-שות.מוגבלת,,,"י""ח",141,ל גרם,false,1,16.70,11.84,true,1,
5900020020710,false,מארז חטיף דגנים קראנץ' בטעם שוקו וניל נסטלה,קבוצת אוסם סחר שותפות מוגבלת,,,"י""ח",150,ל גרם,false,1,15.70,10.47,true,1,
5900020020741,false,חטיפי דגנים נסקוויק בר שוקו שוקו 6*25 גר,קבוצת אוסם סחר שותפות מוגבלת,,,"י""ח",150,ל גרם,false,1,15.70,10.47,true,1,
5900020024770,false,פיטנס - דליס חטיף דגנים שוקולד אגוז 22.50 גרם * 6,קבוצת אוסם סחר שותפות מוגבלת,,,"י""ח",135,ל גרם,false,1,16.70,12.37,true,1,
5900020025647,false,חטיף דגנים פיטנס שוקולד חלב 135 גרם מארז 6 יחידות,קבוצת אוסם סחר שותפות מוגבלת,,,"י""ח",135,ל גרם,false,1,15.90,11.78,true,1,
5900020026552,false,דגני בוקר האני נאט צ'יריוס בטעם דבש ושקדים,קבוצת אוסם סחר שותפות מוגבלת,,,"י""ח",615,ל גרם,false,1,27.90,4.54,true,1,
5900020031877,false,נסטלה האני ציריוס חטיף דגני בוקר שישייה,קבוצת אוסם סחר-שות.מוגבלת,,,"י""ח",176,ל גרם,false,1,18.30,10.40,true,1,
5900020034021,false,פיטנס חטיף דגנים שוקו בננה נסטלה (23.5x6,קבוצת אוסם סחר שותפות מוגבלת,,,"י""ח",141,ל גרם,false,1,16.70,11.84,true,1,
5900020034991,false,דגני בוקר צדפים בטעם שוקולד 450 ג' קראנץ',קבוצת אוסם סחר שותפות מוגבלת,,,"י""ח",450,ל גרם,false,1,24.90,5.53,true,1,
5900020036407,false,ליון דגני בוקר שוקולד וקרמל נסטלה 480 גרם,קבוצת אוסם סחר שותפות מוגבלת,,,"י""ח",410,ל גרם,false,1,26.90,6.56,true,1,
5900020039620,false,פיטנס חטיף דגנים שקדים ודבש פרווה 8 6*23 ג,קבוצת אוסם סחר שותפות מוגבלת,,,"י""ח",141,ל גרם,false,1,16.70,11.84,true,1,
5900020041142,false,קורנפלקס פיטנס 500 ג' אסם,קבוצת אוסם סחר-שות.מוגבלת,,,"י""ח",500,ל גרם,false,1,18.90,3.78,true,1,
5900627027020,false,"ויט קרם להסרת שיער בזמן מקלחת לעור רגיל 150 מ""ל",רקיט בנקיזר (ניר איסט) בעמ,,,"י""ח",150,"ל מ""ל",false,1,29.90,19.93,true,1,
5900627063233,false,טבליות למדיח הכל ב-1 פיניש מקס 50 יחידות,רקיט בנקיזר (ניר איסט) בעמ,,,"י""ח",50,"י""ח",false,1,39.90,0.80,true,1,
5900951283963,false,חטיף סניקרס עם חמאת בוטנים Creamy Peanut Butter,"מרס ריגלי ישראל בע""מ",,,"י""ח",36,ל גרם,false,1,4.50,12.50,true,1,
5901888020546,false,FREEYU חטיף דגנים עם קינואה ומלח ים 70 גרם,"דנשר (1963) בע,מ",,,"י""ח",70,"ל מ""ל",false,1,12.90,18.43,false,1,
5902198160403,false,XL משקה אנרגיה מוגז ללא סוכר עד 10 קלוריות לפחית 250 מל,"טמפו משקאות בע""\מ",,,"י""ח",250,"ל מ""ל",false,1,4,1.48,true,1,
5904941750312,false,"משקה אנרגיה BLU מוחיטו בודד 250 מ""ל",בני פאוזי שמשום (2009) בעמ,,,"י""ח",250,"ל מ""ל",false,1,4.50,1.68,true,1,
5904941751241,false,"משקה אנרגיה BLU דיי סיקס ללא סוכר 250 מ""ל",בני פאוזי שמשום (2009) בעמ,,,"י""ח",250,"ל מ""ל",false,1,4.50,1.68,true,1,
5904941751302,false,משקה אנרגיה בפחית בלו (250 מל),בני פאוזי שמשום (2009) בעמ,,,"י""ח",250,"ל מ""ל",false,1,3.90,1.44,true,1,
5904941751524,false,"משקה אנרגיה BLU DAY אבטיח בודד 250 מ""ל",בני פאוזי שמשום (2009) בעמ,,,"י""ח",250,"ל מ""ל",false,1,4.50,1.68,true,1,
5904941751715,false,משקה אנרגיה Blu פחיתבטעם חמוציות 250מל,בני פאוזי שמשום (2009) בעמ,,,"י""ח",250,"ל מ""ל",false,1,3.90,1.44,true,1,
5904941751913,false,משקה אנרגיה Blu פחית בטעם פסיפלורה250מ,בני פאוזי שמשום (2009) בעמ,,,"י""ח",250,"ל מ""ל",false,1,3.90,1.44,true,1,
5904941751920,false,בלו משקה אנרגיה דיי חצי מכמות הקלו250 מל,בני פאוזי שמשום (2009) בעמ,,,"י""ח",250,"ל מ""ל",false,1,4.50,1.68,true,1,
5904941751975,false,"בלו משקה אנרגיה דיי ענבים 250 מ""ל",בני פאוזי שמשום (2009) בעמ,,,"י""ח",250,"ל מ""ל",false,1,4.50,1.68,true,1,
5904941753115,false,"משקה אנרגיה בלו ארגז 24 יחידות * 250 מ""ל",בני פאוזי שמשום (2009) בעמ,,,"י""ח",24,"י""ח",false,1,67.10,2.50,false,1,
5906485301012,false,משקה אנרגיה XL מוגז פחית 250 מל,"טמפו משקאות בע""מ",,,"י""ח",250,"ל מ""ל",false,1,4,1.48,true,1,
5949152110821,false,"איירוויק מבשם אוויר ומנטרל ריחות – לילות לבנים 237 מ""ל",רקיט בנקיזר (ניר איסט) בעמ,,,"י""ח",345,"ל מ""ל",false,1,14.90,4.32,true,1,
5949152110838,false,"איירוויק מבשם אוויר ומנטרל ריחות - גשמים סגולים 237 מ""ל",רקיט בנקיזר (ניר איסט) בעמ,,,"י""ח",345,"ל מ""ל",false,1,14.90,4.32,true,1,
5997321770307,false,ויט רצועות שעווה מוכנות לעור רגיש 12 יחידות,רקיט בנקיזר (ניר איסט) בעמ,,,"י""ח",1,"י""ח",false,1,19.90,19.90,true,1,
5998623530620,false,"אדלמה שרדונה יין לבן יבש (כשר) 750 מ""ל",מ.אקרמן בעמ,,,"י""ח",750,"ל מ""ל",false,1,44.90,5.95,false,1,
5998623530637,false,"אדלמה קברנה סובניון יין אדום יבש (כשר) 750 מ""ל",מ.אקרמן בעמ,,,"י""ח",750,"ל מ""ל",false,1,44.90,5.95,false,1,
5998623530644,false,אדלמה - פינו גרגיו סמוק - יין רוזה יבש (כשר),מ.אקרמן בעמ,,,"י""ח",750,"ל מ""ל",false,1,44.90,5.95,false,1,
5998710131877,false,בונבונטי חטיף דובדבן בשוקולד 36 גרם,דילר בי.אמ.די.אינטרנשיונל בעמ,,,"י""ח",36,ל גרם,false,1,3.90,10.83,true,1,
6001067017530,false,מברשת שיניים קולגייט לילדים מגיל שנתיים עד חמש 1 יחידה,יבואן ומשווק: ש. שסט,,,"י""ח",1,,false,1,10.90,10.90,true,1,
6008165003984,false,סיגריות פאל מאל כחול סטרים פילט בודד,גלוברנדס בעמ - שיווק סיגריות,,,"י""ח",1,,false,1,29.50,29.50,false,1,
6008165271192,false,סיגריות פאל מל ארוך אדום בודד,גלוברנדס בעמ - שיווק סיגריות,,,"י""ח",1,,false,1,29.50,29.50,false,1,
6009188004828,false,קיט קאט צ`אנקי לבן 40 גר`,קבוצת אוסם סחר שותפות מוגבלת,,,"י""ח",40,ל גרם,false,1,3.90,9.75,true,1,
6009802538029,false,ענבים שחור קופסא לפי יחידה,ביכורי השדה צפון 1994 ג.ד. בעמ,,,"ק""ג",500,ל גרם,true,1,19.90,3.98,false,1,
6009802538395,false,ענבים אדומים מארז.,ביכורי השדה צפון 1994 ג.ד. בעמ,,,"ק""ג",1,,true,1,19.90,19.90,false,1,
6111200000135,false,סרדין מרוקאי מאריה 125 גרם,בני פאוזי שמשום (2009) בעמ,,,"י""ח",125,ל גרם,false,1,3.90,3.12,true,1,
6111200000142,false,סרדין מרוקאי מאריה חריף 125 גרם,בני פאוזי שמשום (2009) בעמ,,,"י""ח",125,ל גרם,false,1,3.90,3.12,true,1,
6118000061090,false,סרדינים מרוקאים בשמן סויה (125 גר`)טנגי,דין שיווק וקליה 2021 בעמ,,,"י""ח",120,ל גרם,false,1,4.30,3.58,false,1,
6201506010010,false,נר הבדלה דקורטיבי פי,צבע ומכחול (2014) בעמ,,,"י""ח",1,,false,1,19.90,19.90,false,1,
6224000485764,false,"שיני שום קפואות 1 ק""ג קהילות",נטו מילנדה סחר בעמ*,,,"י""ח",1,"ק""ג",false,1,19.90,19.90,false,1,
6901022100409,false,ג'ינג'ר כתוש לירון 100 גרם,ביג פוד כחול לבן בעמ*שיק 30 יו,,,"י""ח",1,,false,1,9.90,9.90,false,1,
6901022100416,false,שום כתוש לירון 100 גרם,ביג פוד כחול לבן בעמ*שיק 30 יו,,,"י""ח",1,,false,1,9.90,9.90,false,1,
6910191800287,false,אצות נורי בלו 10 דף (ננגטונג),מזרח ומערב יבוא ושיווק,,,"י""ח",10,"י""ח",false,1,13.90,1.39,true,1,
6920354822223,false,משחת שיניים נטורל גינגר קוקוס קולגייט 90 ג',קולגייט פלמוליב,,,"י""ח",68,"ל מ""ל",false,1,25.60,37.65,false,1,
6921850620368,false,"לד 10W A60 אור יום- אריזת 3 י""ח קופסה OMEGA E27",עולם הבית שיווק והפצה בעמ,,,"י""ח",3,"י""ח",false,1,24.90,8.30,false,1,
6921850620504,false,לד 15W A60 לבן אור יום מארז שלישיה OMEGA E27,עולם הבית שיווק והפצה בעמ,,,"י""ח",3,"י""ח",false,1,24.90,8.30,false,1,
6922276100083,false,מחית וואסבי -חזרת 43 גרם (דליאן),מזרח ומערב יבוא ושיווק,,,"י""ח",500,ל גרם,false,1,11.90,2.38,false,1,
6924485403252,false,טוש 12יח,צבע ומכחול (2014) בעמ,,,"י""ח",1,,false,1,9.90,9.90,false,1,
6924485408103,false,לורד גמבו,צבע ומכחול (2014) בעמ,,,"י""ח",1,,false,1,14.90,14.90,false,1,
6924651182691,false,סביבון מצייר,צבע ומכחול (2014) בעמ,,,"י""ח",1,,false,1,9.90,9.90,false,1,
6930126758636,false,מכשירי כתיבה,צבע ומכחול (2014) בעמ,,,"י""ח",1,,false,1,7.50,7.50,false,1,
6930691021029,false,מרקר זוהר,צבע ומכחול (2014) בעמ,,,"י""ח",1,,false,1,9.90,9.90,false,1,
6934582521216,false,מספריים,צבע ומכחול (2014) בעמ,,,"י""ח",1,,false,1,5.90,5.90,false,1,
6934930849016,false,שמן חמניות אורו 1 לי,ישרא-בר שמנים ותבואות בעמ,,,"י""ח",1,ליטר,false,1,9.90,9.90,true,1,
6934931265266,false,סוללות 10 יח' גדול,עולם הבית שיווק והפצה בעמ,,,"י""ח",1,,false,1,9.90,9.90,false,1,
6934931265334,false,סוללות 14 יח' קטן,עולם הבית שיווק והפצה בעמ,,,"י""ח",1,,false,1,9.90,9.90,false,1,
6934932049728,false,אוכמניות יחידה,ביכורי השדה צפון 1994 ג.ד. בעמ,,,"י""ח",1,,false,1,15.90,15.90,true,1,
6936613888667,false,שום ארוז יבוא,ביכורי השדה צפון 1994 ג.ד. בעמ,,,"י""ח",1,,false,1,7.90,7.90,true,1,
6936745600462,false,"מירין 500 מ""ל (דאניינג)",מזרח ומערב יבוא ושיווק,,,"י""ח",500,"ל מ""ל",false,1,22.90,4.58,false,1,
6936745600783,false,"חומץ אורז מזרח מערב 500 מ""ל",מזרח ומערב יבוא ושיווק,,,"י""ח",500,"ל מ""ל",false,1,16.90,3.38,false,1,
6948015735200,false,מטריה,ביג מול בעמ,,,"י""ח",1,,false,1,34.90,34.90,false,1,
6948015739918,false,מטריה,ביג מול בעמ,,,"י""ח",1,,false,1,39.90,39.90,false,1,
6951546400189,false,כיסא אוכל על כיסא,כוכב נולד פלוס נתיבות בעמ,,,"י""ח",1,,false,1,99,99,false,1,
7038513866304,false,גורדן מברשת בייבי T50 סופט סטפ בי סטפ,דנשר (1963) בעמ,,,"י""ח",1,,false,1,13.20,13.20,true,1,
7038513866311,false,גורדן מברשת ילדים T51 סופט סטפ בי סטפ,דנשר (1963) בעמ,,,"י""ח",1,,false,1,13.20,13.20,true,1,
7038516140357,false,מברשת שיניים ג'ורדן טוטל סופט מארז 4 יחידות,מיוצר במלזיה עבור ג',,,"י""ח",1,,false,1,10.90,10.90,false,1,
7038516140418,false,ג'ורדן מברשת שיניים טוטאל קלין מדיום רביעייה,"דנשר (1963) בע,מ",,,"י""ח",1,,false,1,10.90,10.90,false,1,
7162108014006,false,סט מצעים נטורל יחיד,דהן פרוספר בעמ,,,"י""ח",1,,false,1,79.90,79.90,true,1,
7162108014013,false,סט מצעים נטורל מיטה וחצי,דהן פרוספר בעמ,,,"י""ח",1,,false,1,99.90,99.90,true,1,
7162108014020,false,סט מצעים נטורל זוגי,דהן פרוספר בעמ,,,"י""ח",1,,false,1,109.90,109.90,true,1,
7162108014037,false,סט מצעים נטורל 1.8,דהן פרוספר בעמ,,,"י""ח",1,,false,1,109.90,109.90,true,1,
7162109027005,false,סט מצעים מונקו יחיד,דהן פרוספר בעמ,,,"י""ח",1,,false,1,89.90,89.90,true,1,
7162109027012,false,סט מצעים מונקו מיטה וחצי,דהן פרוספר בעמ,,,"י""ח",1,,false,1,94.90,94.90,true,1,
7162109027029,false,סט מצעים מונקו זוגי,דהן פרוספר בעמ,,,"י""ח",1,,false,1,99.90,99.90,true,1,
7162109027036,false,סט מצעים מונקו 1.8,דהן פרוספר בעמ,,,"י""ח",1,,false,1,99.90,99.90,true,1,
7162109040028,false,סט מצעים דגם גראס זו,דהן פרוספר בעמ,,,"י""ח",1,,false,1,99.90,99.90,true,1,
7162203009006,false,שמיכת חורף פנסי יחיד,דהן פרוספר בעמ,,,"י""ח",1,,false,1,79.90,79.90,false,1,
7162203009013,false,שמיכת חורף פנסי זוגי,דהן פרוספר בעמ,,,"י""ח",1,,false,1,89.90,89.90,false,1,
7162203011009,false,שמיכת חורף דו צדדית טיטניום יחיד,דהן פרוספר בעמ,,,"י""ח",1,,false,1,79.90,79.90,false,1,
7162203011016,false,שמיכת חורף דו צדדית טיטניום זוגי,דהן פרוספר בעמ,,,"י""ח",1,,false,1,89.90,89.90,false,1,
7162203013003,false,כרית שינה LOVE.,דהן פרוספר בעמ,,,"י""ח",1,,false,1,49.90,49.90,false,1,
7162203014000,false,כרית שינה באבא,דהן פרוספר בעמ,,,"י""ח",1,,false,1,49.90,49.90,false,1,
7162203020001,false,פוך חורף רוזה יחיד,דהן פרוספר בעמ,,,"י""ח",1,,false,1,99.90,99.90,false,1,
7162203020018,false,פוך חורף רוזה זוגי,דהן פרוספר בעמ,,,"י""ח",1,,false,1,129.90,129.90,false,1,
7162203022005,false,סט מצעים בנות חולמות יחיד,דהן פרוספר בעמ,,,"י""ח",1,,false,1,79.90,79.90,false,1,
7162203022012,false,סט מצעים בנות חולמות מיטה וחצי,דהן פרוספר בעמ,,,"י""ח",1,,false,1,84.90,84.90,false,1,
7162203023002,false,סט מצעים גוני יחיד,דהן פרוספר בעמ,,,"י""ח",1,,false,1,89.90,89.90,true,1,
7162203023019,false,סט מצעים גוני מיטה וחצי,דהן פרוספר בעמ,,,"י""ח",1,,false,1,94.90,94.90,true,1,
7162203023026,false,סט מצעים גוני זוגי,דהן פרוספר בעמ,,,"י""ח",1,,false,1,99.90,99.90,true,1,
7162203023033,false,סט מצעים גוני 1.8,דהן פרוספר בעמ,,,"י""ח",1,,false,1,99.90,99.90,true,1,
7162203024009,false,סט מצעים אמור יחיד,דהן פרוספר בעמ,,,"י""ח",1,,false,1,89.90,89.90,true,1,
7162203024016,false,סט מצעים אמור מיטה וחצי,דהן פרוספר בעמ,,,"י""ח",1,,false,1,94.90,94.90,true,1,
7162203024023,false,סט מצעים אמור זוגי,דהן פרוספר בעמ,,,"י""ח",1,,false,1,99.90,99.90,true,1,
7162203024030,false,סט מצעים אמור 1.8,דהן פרוספר בעמ,,,"י""ח",1,,false,1,99.90,99.90,true,1,
7162203025006,false,סט מצעים מילאנו יחיד,דהן פרוספר בעמ,,,"י""ח",1,,false,1,89.90,89.90,true,1,
7162203025013,false,סט מצעים מילאנו מיטה וחצי,דהן פרוספר בעמ,,,"י""ח",1,,false,1,94.90,94.90,true,1,
7162203025020,false,סט מצעים מילאנו זוגי,דהן פרוספר בעמ,,,"י""ח",1,,false,1,99.90,99.90,true,1,
7162203025037,false,סט מצעים מילאנו 1.8,דהן פרוספר בעמ,,,"י""ח",1,,false,1,99.90,99.90,true,1,
7162203027000,false,פוך חורף באבא יחיד,דהן פרוספר בעמ,,,"י""ח",1,,false,1,99.90,99.90,false,1,
7162203027017,false,פוך חורף באבא זוגי,דהן פרוספר בעמ,,,"י""ח",1,,false,1,129.90,129.90,false,1,
7162203032004,false,פוף לתינוק 100% כותנה דגם דיאמונד,דהן פרוספר בעמ,,,"י""ח",1,,false,1,99.90,99.90,false,1,
7162203038006,false,סט מצעים קמאו יחיד,דהן פרוספר בעמ,,,"י""ח",1,,false,1,79.90,79.90,true,1,
7162203038013,false,סט מצעים קמאו מיטה וחצי,דהן פרוספר בעמ,,,"י""ח",1,,false,1,99.90,99.90,true,1,
7162203038020,false,סט מצעים נטורל זוגי,דהן פרוספר בעמ,,,"י""ח",1,,false,1,109.90,109.90,true,1,
7162203038037,false,סט מצעים קמאו 1.8,דהן פרוספר בעמ,,,"י""ח",1,,false,1,109.90,109.90,true,1,
7162204035004,false,שמיכת כבש ממולאת פפיטה יחיד,דהן פרוספר בעמ,,,"י""ח",1,,false,1,99.90,99.90,true,1,
7162204035011,false,שמיכת כבש ממולאת פפיטה זוגי,דהן פרוספר בעמ,,,"י""ח",1,,false,1,119.90,119.90,true,1,
7162204036001,false,שמיכת כבש ממולאת טיטניום יחיד,דהן פרוספר בעמ,,,"י""ח",1,,false,1,99.90,99.90,true,1,
7162204036018,false,שמיכת כבש ממולאת פיטניום זוגי,דהן פרוספר בעמ,,,"י""ח",1,,false,1,119.90,119.90,true,1,
7162204037008,false,שמיכת כבש ממולאת קרול יחיד,דהן פרוספר בעמ,,,"י""ח",1,,false,1,99.90,99.90,true,1,
7162204037015,false,שמיכת כבש ממולאת קרול זוגי,דהן פרוספר בעמ,,,"י""ח",1,,false,1,119.90,119.90,true,1,
7162204074003,false,סט מצעים אורלנדו יחיד.,דהן פרוספר בעמ,,,"י""ח",1,,false,1,79.90,79.90,false,1,
7162204074010,false,סט מצעים אורלנדו מיטה וחצי,דהן פרוספר בעמ,,,"י""ח",1,,false,1,84.90,84.90,false,1,
7162204075000,false,סט מצעים דובון בסטייל יחיד,דהן פרוספר בעמ,,,"י""ח",1,,false,1,69.90,69.90,true,1,
7162204075017,false,סט מצעים דובון בסטייל מיטה וחצי,דהן פרוספר בעמ,,,"י""ח",1,,false,1,79.90,79.90,true,1,
7162204075024,false,סט מצעים דובון בסטייל זוגי,דהן פרוספר בעמ,,,"י""ח",1,,false,1,89.90,89.90,true,1,
7162205033009,false,סט מצעים חורף אנגורה יחיד,דהן פרוספר בעמ,,,"י""ח",1,,false,1,109.90,109.90,false,1,
7162205033016,false,סט מצעים חורף אנגורה מיטה וחצי,דהן פרוספר בעמ,,,"י""ח",1,,false,1,129.90,129.90,false,1,
7162205033023,false,סט מצעים חורף אנגורה זוגי,דהן פרוספר בעמ,,,"י""ח",1,,false,1,139.90,139.90,false,1,
7162205073005,false,סט מצעים חורף אלטה יחיד,דהן פרוספר בעמ,,,"י""ח",1,,false,1,109.90,109.90,false,1,
7162205073012,false,סט מצעים חורף אלטה מיטה וחצי,דהן פרוספר בעמ,,,"י""ח",1,,false,1,129.90,129.90,false,1,
7162205073029,false,סט מצעים חורף אלטה זוגי,דהן פרוספר בעמ,,,"י""ח",1,,false,1,139.90,139.90,false,1,
7162205078000,false,סט מצעים חיוכים יחיד,דהן פרוספר בעמ,,,"י""ח",1,,false,1,89.90,89.90,true,1,
7162205078017,false,סט מצעים חיוכים מיטה וחצי,דהן פרוספר בעמ,,,"י""ח",1,,false,1,94.90,94.90,true,1,
7162205078024,false,סט מצעים חיוכים זוגי,דהן פרוספר בעמ,,,"י""ח",1,,false,1,99.90,99.90,true,1,
7162205078031,false,סט מצעים חיוכים 1.8,דהן פרוספר בעמ,,,"י""ח",1,,false,1,99.90,99.90,true,1,
7162205080003,false,סט מצעים סנדי יחיד,דהן פרוספר בעמ,,,"י""ח",1,,false,1,89.90,89.90,true,1,
7162205080010,false,סט מצעים סנדי מיטה וחצי,דהן פרוספר בעמ,,,"י""ח",1,,false,1,94.90,94.90,true,1,
7162205080027,false,סט מצעים כפתורים סנדי זוגי,דהן פרוספר בעמ,,,"י""ח",1,,false,1,99.90,99.90,true,1,
7162205080034,false,סט מצעים כפתורים סנדי 1.8,דהן פרוספר בעמ,,,"י""ח",1,,false,1,99.90,99.90,true,1,
7162205081000,false,סט מצעים לוטוס יחיד,דהן פרוספר בעמ,,,"י""ח",1,,false,1,89.90,89.90,true,1,
7162205081017,false,סט מצעים לוטוס מיטה וחצי,דהן פרוספר בעמ,,,"י""ח",1,,false,1,94.90,94.90,true,1,
7162205081024,false,סט מצעים לוטוס זוגי,דהן פרוספר בעמ,,,"י""ח",1,,false,1,99.90,99.90,true,1,
7162205081031,false,סט מצעים לוטוס 1.8,דהן פרוספר בעמ,,,"י""ח",1,,false,1,99.90,99.90,true,1,
7162205089006,false,סט מצעים מילאנו יחיד,דהן פרוספר בעמ,,,"י""ח",1,,false,1,89.90,89.90,true,1,
7162205089013,false,סט מצעים דיאנה מיטה וחצי,דהן פרוספר בעמ,,,"י""ח",1,,false,1,99.90,99.90,true,1,
7162205089020,false,סט מצעים דיאנה זוגי,דהן פרוספר בעמ,,,"י""ח",1,,false,1,109.90,109.90,true,1,
7162205089037,false,סט מצעים דיאנה 1.8,דהן פרוספר בעמ,,,"י""ח",1,,false,1,109.90,109.90,true,1,
7200029736291,false,"קמח מנופה 1ק""ג שטיבל כחול",ח.כהן סוכנות מזון ומשקאות בע,,,"י""ח",1,"ק""ג",false,1,7.90,7.90,false,1,
7262203013003,false,כרית שינה LOVE,דהן פרוספר בעמ,,,"י""ח",1,,false,1,49.90,49.90,false,1,
7262626088302,false,טייץ גינס מהודר,ביג מול בעמ,,,"י""ח",1,,false,1,39.90,39.90,false,1,
7262626088319,false,כובע חורף נשים פונפון,ביג מול בעמ,,,"י""ח",1,,false,1,29.90,29.90,false,1,
7270137700194,false,מדליק פחמים מוצק 48 קובי,ח.כהן סוכנות מזון ומשקאות בע,,,"י""ח",1,"י""ח",false,1,5.90,5.90,false,1,
7290000000978,false,חסה גוש קטיף ירק הארץ היתר מכירה,ביכורי השדה צפון 1994 ג.ד. בעמ,,,"י""ח",1,,false,1,6.90,6.90,true,1,
7290000000985,false,פטרוזיליה ברכת קטיף ייבול נוכרי בוסתן,ביכורי השדה צפון 1994 ג.ד. בעמ,,,"י""ח",1,,false,1,5.90,5.90,true,1,
7290000001043,false,כרוב לבן מהדרין-ברכת קטיף,ביכורי השדה צפון 1994 ג.ד. בעמ,,,"ק""ג",1,,true,1,14.90,14.90,false,1,
7290000001074,false,כרוב אדום מהדרין-ברכת קטיף,ביכורי השדה צפון 1994 ג.ד. בעמ,,,"ק""ג",1,,true,1,15.90,15.90,false,1,
7290000001524,false,שוק מפורק+חזה הודו (,ביכורי השדה צפון 1994 ג.ד. בעמ,,,"י""ח",1,,false,1,6.90,6.90,true,1,
7290000001579,false,סלרי מהדרין קטיף טרי,ביכורי השדה צפון 1994 ג.ד. בעמ,,,"י""ח",1,,false,1,5.90,5.90,true,1,
7290000001609,false,עלי סלק מהדרין קטיף טרי,ביכורי השדה צפון 1994 ג.ד. בעמ,,,"י""ח",1,,false,1,6.90,6.90,false,1,
7290000001616,false,כוסברה ירק הארץ גוש היתר מכירה,ביכורי השדה צפון 1994 ג.ד. בעמ,,,"י""ח",1,,false,1,5.90,5.90,true,1,
7290000023007,false,"ברנדי שטוק 84 37 % 750 מ""ל",טמפו משקאות בעמ,,,"י""ח",750,ל גרם,false,1,79.90,10.61,true,1,
7290000023083,false,ערק אשקלון בקבוק 700,טמפו משקאות בע`מ,,,"י""ח",700,"ל מ""ל",false,1,55.90,7.94,true,1,
7290000024219,false,יין רזרב אמרלד ריזלינג 750 מל שביעית,טמפו משקאות בע`מ,,,"י""ח",750,"ל מ""ל",false,1,44.90,5.95,true,1,
7290000024240,false,יין רזרב שרדונה 750 מל שביעית,טמפו משקאות בע`מ,,,"י""ח",750,"ל מ""ל",false,1,44.90,5.95,true,1,
7290000024264,false,רזרב מרלו יקבי ברקן (750 מל),"כרמי צבי - אחים סגל בע""\",,,"י""ח",750,"ל מ""ל",false,1,44.90,5.95,true,1,
7290000024523,false,"תירוש של סגל ,מיץ ענבים , 1 ליטר",כרמי צבי - האחים סגל,,,"י""ח",7.50,"י""ח",false,1,15.90,2.08,true,1,
7290000034256,false,ביסקוויט תירוש חצי מצופה 175 ג`הדר*,ח.כהן סוכנות מזון ומשקאות בע,,,"י""ח",175,ל גרם,false,1,5.90,3.37,true,1,
7290000040042,false,יוגורט יופלה תות 3% שומן 150 גרם,"תנובה בע""מ ***",,,"י""ח",150,"ל מ""ל",false,1,5.40,3.60,false,1,
7290000040066,false,יוגורט יופלה דובדבן 3% שומן 150 גרם,תנובה מרכז שיתופי לש,,,"י""ח",150,"ל מ""ל",false,1,5.40,3.60,false,1,
7290000040080,false,יוגורט יופלה אפרסק 3% שומן 150 גרם,"תנובה בע""מ ***",,,"י""ח",150,"ל מ""ל",false,1,5.40,3.60,false,1,
7290000041407,false,"גיל קטן 3% תנובה 125 מ""ל בד""ץ",תנובה מרכז שיתופי לש,,,"י""ח",125,"ל מ""ל",false,1,0.90,0.72,false,1,
7290000041445,false,קוטג תנובה גביע 250 גרם 5% בדצ,מיוצר עי קונדיטוריית,,,"י""ח",275,ל גרם,false,1,5.90,2.15,false,1,
7290000041452,false,גבינת קוטג`9% מהדרין תנובה (250 גרם),תנובה מרכז שיתופי לש,,,"י""ח",250,ל גרם,false,1,5.90,2.36,false,1,
7290000041858,false,"שמנת חמוצה 15% מועשרת יטבתה 200 מ""ל",שטראוס גרופ בעמ/מצונן,,,"י""ח",200,"ל מ""ל",false,1,2.40,1.20,true,1,
7290000042008,false,חלב 3% בשקית תנובה (1 ליטר)פיקוח,"תנובה, מחלבת רחובות",,,"י""ח",1,ליטר,false,1,5.43,5.43,false,1,
7290000042015,false,חלב 3% בשקית בדצ תנובה (1 ליטר)פיקוח,תנובה מרכז שיתופי לש,,,"י""ח",1,ליטר,false,1,5.43,5.43,false,1,
7290000042244,false,חלב 3% תנובה (2 ליטר)פיקו,"תנובה, מחלבת רחובות",,,"י""ח",2,ליטר,false,1,12.46,6.23,false,1,
7290000042367,false,חלב טרי 3% בקבוק תנובה 1 ליטר מהדרין,תנובה מרכז שיתופי לש,,,"י""ח",1,ליטר,false,1,6.23,6.23,false,1,
7290000042411,false,חלב 1 ליטר בקבוק% 3 יוטבתה,"שטראוס גרופ ***בע""מ",,,"י""ח",1,ליטר,false,1,6.23,6.23,true,1,
7290000042435,false,חלב דל שומן 1% בקרטון תנובה (1 ליטר)פיק,תנובה מרכז שיתופי לש,,,"י""ח",1,ליטר,false,1,5.86,5.86,false,1,
7290000042442,false,"חלב תנובה טרי 3% ""תנובה"" - מוצר בפיקוח",תנובה בעמ ***,,,"י""ח",1,ליטר,false,1,6.23,6.23,false,1,
7290000042503,false,חלב עמיד הומוגני 3% תנובה (1 ליטר),תנובה מרכז שיתופי לש,,,"י""ח",1,ליטר,false,1,7.20,7.20,false,1,
7290000042640,false,"חלב תנובה עמיד 3% קרטון 250 מ""ל",תנובה מרכז שיתופי לש,,,"י""ח",250,"ל מ""ל",false,1,3.10,1.24,false,1,
7290000042855,false,"שוקו בשקית 250 מ""ל ""יטבתה""",שטראוס גרופ בעמ/מצונן,,,"י""ח",225,"ל מ""ל",false,1,2.90,1.29,true,1,
7290000043012,false,"שוקו עמיד 2% בקרטון 250 מ""ל תנובה",תנובה מרכז שיתופי לש,,,"י""ח",250,"ל מ""ל",false,1,4.90,1.96,false,1,
7290000043111,false,תנובה חמאה 200 גרם - מוצר בפיקוח,תנובה מרכז שיתופי לש,,,"י""ח",200,ל גרם,false,1,7.88,3.94,false,1,
7290000043814,false,השף הלבן שמנת להקצפה 38% שומן 250 מל - מוצר בפיקוח,תנובה מרכז שיתופי לש,,,"י""ח",250,"ל מ""ל",false,1,6.47,2.59,false,1,
7290000043890,false,תנובה רויון לבן מחלב מפסוטר 1.5%,תנובה מרכז שיתופי לש,,,"י""ח",1.0350,ליטר,false,1,11.90,11.50,false,1,
7290000043944,false,כד יוגורט תנובה 4% שומן 1.5 ליטר,מיוצר עי קונדיטוריית,,,"י""ח",1.50,ליטר,false,1,17.30,11.53,false,1,
7290000044712,false,יוגורט עם תות 1.5% שומן 500 ג' פרילי,מיוצר עי קונדיטוריית,,,"י""ח",500,"ל מ""ל",false,1,10.90,2.18,false,1,
7290000044880,false,יוגורט בטעם תות שדה 3% באדי (500 גרם),מיוצר עי קונדיטוריית,,,"י""ח",500,"ל מ""ל",false,1,9.40,1.88,false,1,
7290000045573,false,גבינת מותכת משולשים 25% שומן 200 ג' נעמה,"תנובה בע""מ ***",,,"י""ח",200,ל גרם,false,1,15.90,7.95,false,1,
7290000045580,false,גבינה מותכת נעמה חורש תנובה 240 גרם,תנובה מרכז שיתופי לש,,,"י""ח",240,ל גרם,false,1,17.90,7.46,false,1,
7290000046020,false,"גלבוע 22% שקילה}גבנ""צ{*.",תנובה מרכז שיתופי לש,,,"ק""ג",1000,ל גרם,true,1,42.58,4.26,false,1,
7290000046624,false,מוצרלה משקל,תנובה בעמ ***,,,"ק""ג",1,"ק""ג",true,1,54.90,54.90,false,1,
7290000047546,false,השף הלבן כנען גבינה לבנה דלת נתרן 5% תנובה 500 גרם,תנובה מרכז שיתופי לש,,,"י""ח",500,ל גרם,false,1,24.90,4.98,false,1,
7290000047621,false,גבינה לבנה רכה 5% תנובה 250ג' מהדרין,תנובה מרכז שיתופי לש,,,"י""ח",250,ל גרם,false,1,4.70,1.88,false,1,
7290000047942,false,**תנובה גבינה לבנה מהדרין 9% 250ג,תנובה מרכז שיתופי לש,,,"י""ח",250,ל גרם,false,1,4.90,1.96,false,1,
7290000048185,false,גבינה לבנה 5% תנובה 250 גרם מהדרין,מיוצר עי קונדיטוריית,,,"י""ח",250,ל גרם,false,1,4.98,1.99,false,1,
7290000048192,false,גבינה לבנה 9% תנובה 250 גרם מהדרין,מחלבת אלון תבור,,,"י""ח",250,ל גרם,false,1,4.90,1.96,false,1,
7290000048307,false,קוטג' 5% עם זתים 250 ג' תנובה,מיוצר עי קונדיטוריית,,,"י""ח",250,ל גרם,false,1,5.90,2.36,false,1,
7290000048413,false,גבינה חמד (25016% גרם)פיראוס תנובה,תנובה מרכז שיתופי לש,,,"י""ח",250,ל גרם,false,1,18.90,7.56,false,1,
7290000048437,false,גבינת צפתית (2005% גרם)פיראוס תנובה,פארייפאבה אגרואינדוס,,,"י""ח",200,ל גרם,false,1,15.40,7.70,false,1,
7290000056951,false,"תנובה, השף הלבן, שמנת לבישול 15% שומן 500 מל",תנובה מרכז שיתופי לש,,,"י""ח",500,"ל מ""ל",false,1,17.50,3.50,false,1,
7290000058580,false,קוקילידה בטעם וניל עם עוגיות שוקולד גלידות נסטלה 80 גרם,נגה גלידות שותפות מוגבלת,,,"י""ח",1,,false,1,8.50,8.50,true,1,
7290000060071,false,אוסם - חטיפי פריכונים מאורז מלא קלוי 80גר,קבוצת אוסם סחר שותפות מוגבלת,,,"י""ח",1,,false,1,9.30,9.30,false,1,
7290000060088,false,בייגלה מקלות עם מלח אסם (400 גרם),קבוצת אוסם סחר שותפות מוגבלת,,,"י""ח",400,ל גרם,false,1,11.70,2.93,false,1,
7290000060163,false,פסטה אסם אטריות דקות 400גר,קבוצת אוסם סחר שותפות מוגבלת,,,"י""ח",400,ל גרם,false,1,7.90,1.98,true,1,
7290000060200,false,פסטה אסם פתיתים אפויים קוסקוס 500גר,קבוצת אוסם סחר שותפות מוגבלת,,,"י""ח",500,ל גרם,false,1,6.90,1.38,true,1,
7290000060248,false,פסטה אסם פתיתים תלתלים 500 גר',קבוצת אוסם סחר שותפות מוגבלת,,,"י""ח",500,ל גרם,false,1,6.90,1.38,true,1,
7290000060330,false,פרפקטו פרפקטו ספיראלי גירף 500 גר,קבוצת אוסם סחר שותפות מוגבלת,,,"י""ח",500,ל גרם,false,1,7.70,1.54,false,1,
7290000060385,false,פודינג וניל אינסטנט מארז רביעיה * 80 ג',קבוצת אוסם סחר שותפות מוגבלת,,,"י""ח",320,ל גרם,false,1,19.90,6.22,false,1,
7290000060408,false,פסטה אסם פתיתים אפויים טבעות 500 גר,קבוצת אוסם סחר שותפות מוגבלת,,,"י""ח",500,ל גרם,false,1,6.90,1.38,true,1,
7290000060415,false,"פסטה פרפקטו לאזניה 500 ג' ""אסם""",קבוצת אוסם סחר שותפות מוגבלת,,,"י""ח",500,ל גרם,false,1,15.90,3.18,false,1,
7290000060576,false,פתיתים אפויים כוכבים אסם (500 גרם),קבוצת אוסם סחר שותפות מוגבלת,,,"י""ח",500,"ל מ""ל",false,1,6.90,1.38,true,1,
7290000060781,false,פרומנטי פתיתים מסולסלים אוסם,קבוצת אוסם סחר שותפות מוגבלת,,,"י""ח",500,ל גרם,false,1,6.90,1.38,true,1,
7290000060811,false,טילון אקסטרים מטבע ענק שוקולד נסטלה 120 גרם,תות תעשיות מזון (201,,,"י""ח",120,ל גרם,false,1,8.30,6.92,true,1,
7290000060828,false,פסטה קרניים בינוניות אסם (500 גרם),קבוצת אוסם סחר שותפות מוגבלת,,,"י""ח",500,ל גרם,false,1,6.90,1.38,true,1,
7290000060842,false,פסטה אסם פתיתים צדפים גדולים 500גר,קבוצת אוסם סחר שותפות מוגבלת,,,"י""ח",500,ל גרם,false,1,6.90,1.38,true,1,
7290000060859,false,פסטה אסם פתיתים צדפים קטנים 500גר,קבוצת אוסם סחר-שות.מוגבלת,,,"י""ח",500,ל גרם,false,1,6.90,1.38,true,1,
7290000060880,false,פסטה ספגטי מספר 8 אסם 500 גרם,קבוצת אוסם סחר שותפות מוגבלת,,,"י""ח",500,ל גרם,false,1,6.90,1.38,true,1,
7290000060958,false,אטריות מובחרות בינוניות אסם (400 גרם),קבוצת אוסם סחר שותפות מוגבלת,,,"י""ח",400,ל גרם,false,1,7.90,1.98,true,1,
7290000060965,false,פסטה אסם אטריות רחבות 400גר,קבוצת אוסם סחר שותפות מוגבלת,,,"י""ח",400,ל גרם,false,1,7.90,1.98,true,1,
7290000061061,false,קרקר חיטה עם בצל אסם,קבוצת אוסם סחר שותפות מוגבלת,,,"י""ח",250,ל גרם,false,1,10.90,4.36,true,1,
7290000061085,false,"רוטב צילי מתוק 290 מ""ל-בקבוק",קבוצת אוסם סחר שותפות מוגבלת,,,"י""ח",290,"ל מ""ל",false,1,11.90,4.10,true,1,
7290000061108,false,"רוטב טריאקי 290 מ""ל-בקבוק",קבוצת אוסם סחר שותפות מוגבלת,,,"י""ח",290,"ל מ""ל",false,1,11.90,4.10,true,1,
7290000061245,false,עוגיות שוקוצ'יפס במילוי שוקולד אסם 220 גרם,קבוצת אוסם סחר-שות.מוגבלת,,,"י""ח",220,ל גרם,false,1,10.90,4.95,true,1,
7290000061283,false,שקדי מרק פלוס 25% תוספת אסם (500 גרם),קבוצת אוסם סחר-שות.מוגבלת,,,"י""ח",500,ל גרם,false,1,12.90,2.58,true,1,
7290000061764,false,קפה נמס מגורען רד מאג 200 גרם,קבוצת אוסם סחר שותפות מוגבלת,,,"י""ח",200,ל גרם,false,1,22.40,11.20,false,1,
7290000063140,false,שקדי מרק רכיבים טבעיים בשקית 400 ג' אסם,קבוצת אוסם סחר שותפות מוגבלת,,,"י""ח",400,ל גרם,false,1,11.90,2.98,true,1,
7290000063157,false,"קמח עוגה תופח מאליו אסם 1 ק""ג",קבוצת אוסם סחר שותפות מוגבלת,,,"י""ח",1,"ק""ג",false,1,9.90,9.90,true,1,
7290000064758,false,קוסקוס בינוני אמיתי אסם 350 ג',קבוצת אוסם סחר שותפות מוגבלת,,,"י""ח",350,ל גרם,false,1,9.20,2.63,false,1,
7290000064871,false,"אוסם - מנה חמה פירה תפו""א עם בצל 56 גרם",קבוצת אוסם סחר שותפות מוגבלת,,,"י""ח",87,ל גרם,false,1,7.90,9.08,true,1,
7290000065090,false,מיני קרוטונים מתובלים למרק ולסלט אסם 400 גרם,קבוצת אוסם סחר שותפות מוגבלת,,,"י""ח",400,ל גרם,false,1,26.50,6.63,false,1,
7290000065335,false,אוסם - מנה חמה פירה עם ירקות 55 גרם,קבוצת אוסם סחר שותפות מוגבלת,,,"י""ח",55,ל גרם,false,1,7.90,14.36,true,1,
7290000065540,false,אוסם - מנה חמה פסטה מוקרמת בטעם עוף 55 גרם,קבוצת אוסם סחר שותפות מוגבלת,,,"י""ח",55,ל גרם,false,1,7.90,14.36,true,1,
7290000065557,false,אוסם - מנה חמה קוסקוס עם ירקות 84 גרם,קבוצת אוסם סחר שותפות מוגבלת,,,"י""ח",50,ל גרם,false,1,7.90,15.80,true,1,
7290000066134,false,ביסלי חטיף בטעם פלאפל אסם (70 גרם),קבוצת אוסם סחר שותפות מוגבלת,,,"י""ח",70,ל גרם,false,1,4.40,6.29,true,1,
7290000066141,false,ביסלי חטיף בטעם גריל אסם (70 גרם),קבוצת אוסם סחר שותפות מוגבלת,,,"י""ח",70,ל גרם,false,1,4.40,6.29,true,1,
7290000066172,false,ביסלי חטיף בטעם פיצה אסם (70 גרם),קבוצת אוסם סחר-שות.מוגבלת,,,"י""ח",70,ל גרם,false,1,4.40,6.29,true,1,
7290000066189,false,ביסלי חטיף בטעם פלאפל אסם (200 גרם),קבוצת אוסם סחר שותפות מוגבלת,,,"י""ח",200,ל גרם,false,1,8.90,4.45,true,1,
7290000066196,false,ביסלי חטיף בטעם גריל אסם (200 גרם),קבוצת אוסם סחר שותפות מוגבלת,,,"י""ח",200,ל גרם,false,1,8.90,4.45,true,1,
7290000066226,false,ביסלי חטיף בטעם פיצה אסם (200 גרם),קבוצת אוסם סחר שותפות מוגבלת,,,"י""ח",200,ל גרם,false,1,8.90,4.45,true,1,
7290000066264,false,דובונים חטיף תפוחי אדמה אסם (40 גרם),קבוצת אוסם סחר שותפות מוגבלת,,,"י""ח",40,ל גרם,false,1,5,12.50,true,1,
7290000066295,false,אסם במבה תות מחומרים טבעיים 30גר,קבוצת אוסם סחר שותפות מוגבלת,,,"י""ח",30,ל גרם,false,1,4.10,13.67,false,1,
7290000066318,false,במבה חטיף בוטנים אסם 80 גרם,קבוצת אוסם סחר שותפות מוגבלת,,,"י""ח",80,ל גרם,false,1,4.30,5.38,true,1,
7290000066332,false,אפרופו חטיף תירס אסם (50 גרם),קבוצת אוסם סחר שותפות מוגבלת,,,"י""ח",50,ל גרם,false,1,5,10,true,1,
7290000066349,false,אפרופו חטיף תירס אסם (100 גרם),קבוצת אוסם סחר-שות.מוגבלת,,,"י""ח",100,ל גרם,false,1,9.30,9.30,true,1,
7290000066431,false,פופקו חטיף פופקורן בטעם חמאה ודבש אסם 80 גרם,קבוצת אוסם סחר שותפות מוגבלת,,,"י""ח",80,ל גרם,false,1,5.50,6.88,true,1,
7290000067407,false,פרורית מתובלת בשקית 200 גרם,קבוצת אוסם סחר שותפות מוגבלת,,,"י""ח",200,ל גרם,false,1,7.40,3.70,false,1,
7290000067544,false,פירורית זהב פירורי לחם אסם 200 גרם,קבוצת אוסם סחר שותפות מוגבלת,,,"י""ח",200,ל גרם,false,1,7.40,3.70,true,1,
7290000067599,false,מנה חמה ספגטי ברוטב בולונז אסם 65 גרם,קבוצת אוסם סחר שותפות מוגבלת,,,"י""ח",55,ל גרם,false,1,7.90,14.36,true,1,
7290000068084,false,"אסם פתי בר 1.75 ק""ג",קבוצת אוסם סחר-שות.מוגבלת,,,"י""ח",1.75,"ק""ג",false,1,26.80,15.31,false,1,
7290000068138,false,אינסטנט פודינג בטעם וניל אסם 80 גרם,קבוצת אוסם סחר שותפות מוגבלת,,,"י""ח",80,ל גרם,false,1,5.90,7.38,true,1,
7290000068190,false,אסם ג'לי תות שדה צבעים טבעיים 90 גרם,קבוצת אוסם סחר שותפות מוגבלת,,,"י""ח",85,ל גרם,false,1,6.90,8.12,false,1,
7290000068206,false,אסם ג'לי משמש צבעים טבעיים 85 גרם,קבוצת אוסם סחר שותפות מוגבלת,,,"י""ח",85,ל גרם,false,1,6.90,8.12,false,1,
7290000068237,false,אבקה להכנת ג`לי בטעם פטל אסם (85 גרם),קבוצת אוסם סחר שותפות מוגבלת,,,"י""ח",85,ל גרם,false,1,6.90,8.12,false,1,
7290000068251,false,אבקה להכנת ג'לי בטעם אננס אסם 85 גרם,קבוצת אוסם סחר שותפות מוגבלת,,,"י""ח",85,ל גרם,false,1,6.90,8.12,false,1,
7290000068770,false,במבה יום הולדת חטיף בוטנים אסם 80 גרם,קבוצת אוסם סחר שותפות מוגבלת,,,"י""ח",80,ל גרם,false,1,4.30,5.38,true,1,
7290000069258,false,פסטה פרפקטו פנה ריגאטה 500 ג' אסם,קבוצת אוסם סחר-שות.מוגבלת,,,"י""ח",500,ל גרם,false,1,7.70,1.54,false,1,
7290000070308,false,אבקת מרק עוף אמיתי בשרי אסם 400 גרם,קבוצת אוסם סחר שותפות מוגבלת,,,"י""ח",400,ל גרם,false,1,17.90,4.48,false,1,
7290000070322,false,אבקת מרק פטריות רכיבים טבעיים אסם 400 גרם,קבוצת אוסם סחר שותפות מוגבלת,,,"י""ח",400,ל גרם,false,1,24.90,6.23,false,1,
7290000070353,false,אבקת מרק בצל רכיבים טבעיים אסם 400 גרם,קבוצת אוסם סחר שותפות מוגבלת,,,"י""ח",400,ל גרם,false,1,24.90,6.23,false,1,
7290000072227,false,רוטב סויה בסגנון סיני אסם (290 מל),קבוצת אוסם סחר-שות.מוגבלת,,,"י""ח",290,"ל מ""ל",false,1,11.90,4.10,true,1,
7290000072241,false,"רוטב פיצה 290 מ""ל-בקבוק",קבוצת אוסם סחר שותפות מוגבלת,,,"י""ח",290,"ל מ""ל",false,1,11.90,4.10,true,1,
7290000072623,false,קטשופ אסם בקבוק לחיץ 750 גרם,קבוצת אוסם סחר שותפות מוגבלת,,,"י""ח",750,ל גרם,false,1,11.90,1.59,true,1,
7290000072630,false,קטשופ אסם חריף 750 גרם-בקבוק,קבוצת אוסם סחר שותפות מוגבלת,,,"י""ח",750,ל גרם,false,1,12.90,1.72,false,1,
7290000072753,false,קפה נמס מגורען טסטרס צ'ויס 200 גרם-,קבוצת אוסם סחר שותפות מוגבלת,,,"י""ח",200,ל גרם,false,1,30.90,15.45,true,1,
7290000072777,false,קפה נמס מגורען נטול קפאין טסטרס צ'ויס 200 גרם,קבוצת אוסם סחר שותפות מוגבלת,,,"י""ח",200,ל גרם,false,1,36.90,18.45,false,1,
7290000072968,false,דגני בוקר סיני מיניס חיטה מלאה וקינמון נסטלה 500 גרם,קבוצת אוסם סחר-שות.מוגבלת,,,"י""ח",375,ל גרם,false,1,27.70,7.39,true,1,
7290000073125,false,מנה חמה פסטה ברוטב עגבניות אסם (62 גרם),קבוצת אוסם סחר שותפות מוגבלת,,,"י""ח",55,ל גרם,false,1,7.90,14.36,true,1,
7290000073415,false,אוסם - מנה חמה פסטה ברוטב פיצה 61 גרם,קבוצת אוסם סחר שותפות מוגבלת,,,"י""ח",61,ל גרם,false,1,7.90,12.95,true,1,
7290000073750,false,מנה חמה נודלס אטר+ירקות טעם עוף 70 גרם,קבוצת אוסם סחר שותפות מוגבלת,,,"י""ח",76,ל גרם,false,1,7.90,10.39,true,1,
7290000073767,false,מנה חמה נודלס אטר.+ירקות טעם בקר 70 גרם,קבוצת אוסם סחר שותפות מוגבלת,,,"י""ח",76,ל גרם,false,1,7.90,10.39,true,1,
7290000073774,false,מנה חמה נודלס אטר+ירקות טעם צילי 70 גרם,קבוצת אוסם סחר שותפות מוגבלת,,,"י""ח",76,ל גרם,false,1,7.90,10.39,true,1,
7290000074153,false,ביסקוויט פתי בר שוקולד אסם (500 גרם),קבוצת אוסם סחר שותפות מוגבלת,,,"י""ח",500,ל גרם,false,1,13.90,2.78,true,1,
7290000074184,false,ביסקוויט פתי בר אסם (500 גרם),קבוצת אוסם סחר שותפות מוגבלת,,,"י""ח",500,ל גרם,false,1,12.90,2.58,true,1,
7290000074245,false,אוסם - קרם קרקר אסם 250 גרם,קבוצת אוסם סחר שותפות מוגבלת,,,"י""ח",250,ל גרם,false,1,10.60,4.24,true,1,
7290000074252,false,אסם קרקר שומשום 250 גרם,קבוצת אוסם סחר שותפות מוגבלת,,,"י""ח",250,ל גרם,false,1,10.60,4.24,true,1,
7290000074276,false,קרקר פיקנטי טבעון 250 ג' אסם,קבוצת אוסם סחר שותפות מוגבלת,,,"י""ח",250,ל גרם,false,1,10.90,4.36,true,1,
7290000074696,false,"קרם קרקר 1 ק""ג אוסם",קבוצת אוסם סחר שותפות מוגבלת,,,"י""ח",1,"ק""ג",false,1,27.90,27.90,true,1,
7290000074764,false,קרקר הזהב אסם 900 גרם,קבוצת אוסם סחר שותפות מוגבלת,,,"י""ח",900,ל גרם,false,1,32.90,3.66,true,1,
7290000075204,false,קרקר לחמית חיטה מלאה אסם (250 גרם),קבוצת אוסם סחר שותפות מוגבלת,,,"י""ח",250,ל גרם,false,1,9.90,3.96,true,1,
7290000076126,false,אוסם - בייגלה שמיניות קטנות 80 גרם,קבוצת אוסם סחר שותפות מוגבלת,,,"י""ח",80,ל גרם,false,1,4.10,5.13,false,1,
7290000076133,false,בייגלה שמיניות קטנות עם מלח אסם 400 גרם,קבוצת אוסם סחר שותפות מוגבלת,,,"י""ח",400,ל גרם,false,1,11.70,2.93,false,1,
7290000077017,false,עוגיות קרמוגית במילוי קרם שוקולד אסם 200 גרם,קבוצת אוסם סחר שותפות מוגבלת,,,"י""ח",200,ל גרם,false,1,11.90,5.95,true,1,
7290000078212,false,קרוטונים מתובלים למרק אסם (250 גרם),קבוצת אוסם סחר שותפות מוגבלת,,,"י""ח",250,ל גרם,false,1,15.90,6.36,false,1,
7290000078762,false,אוסם - חטיפי פריכונים מאורז מלא בטעם דבש 80גר,קבוצת אוסם סחר-שות.מוגבלת,,,"י""ח",100,ל גרם,false,1,8.70,8.70,false,1,
7290000079233,false,קרם קרקר דיאטטי דל נתרן 250 גרם,קבוצת אוסם סחר שותפות מוגבלת,,,"י""ח",250,ל גרם,false,1,10.90,4.36,true,1,
7290000081663,false,"בייגלה טבעות שומשום אסם 300 גרם בד""ץ",קבוצת אוסם סחר שותפות מוגבלת,,,"י""ח",300,ל גרם,false,1,11.70,3.90,false,1,
7290000100272,false,"כרובית קפוא 600 גר' סנפרוסט-תנובה בד""ץ","סנפרוסט בע""\מ",,,"י""ח",600,ל גרם,false,1,29.90,4.98,true,1,
7290000104201,false,אפונה עדינה מוקפאת סנפרוסט (600 גרם),"איי, בי, אינבוו",,,"י""ח",600,ל גרם,false,1,20.70,3.45,true,1,
7290000104218,false,סנפרוסט במיה 600 גרם,תנובה מרכז שיתופי לשיווק תוצרת,,,"י""ח",800,ל גרם,false,1,18.30,2.29,true,1,
7290000104287,false,לקט לפשטידה סנפרוסט 600 גרם,תנובה מרכז שיתופי לשיווק תוצרת,,,"י""ח",800,ל גרם,false,1,21.90,2.74,true,1,
7290000104676,false,אפונה קפואה סנפרוסט 800 גרם,תנובה מרכז שיתופי לשיווק תוצרת,,,"י""ח",800,ל גרם,false,1,17.90,2.24,true,1,
7290000104683,false,שעועית ירוקה שלמה סנפרוסט (800 גרם),תנובה מרכז שיתופי לשיווק תוצרת,,,"י""ח",800,ל גרם,false,1,19.90,2.49,true,1,
7290000104713,false,פול ירוק קפוא סנפורסט 800 גרם,תנובה מרכז שיתופי לשיווק תוצרת,,,"י""ח",800,ל גרם,false,1,23.60,2.95,true,1,
7290000104720,false,שעועית ירוקה חתוכה סנפרוסט (800 גרם),תנובה מרכז שיתופי לשיווק תוצרת,,,"י""ח",800,ל גרם,false,1,19.90,2.49,true,1,
7290000104737,false,שעועית צהובה חתוכה סנפרוסט 800 גרם,תנובה מרכז שיתופי לשיווק תוצרת,,,"י""ח",800,ל גרם,false,1,19.90,2.49,true,1,
7290000104751,false,"כרוב ניצנים 800 גרם ""סנפרוסט""",תנובה מרכז שיתופי לשיווק תוצרת,,,"י""ח",800,ל גרם,false,1,26.40,3.30,true,1,
7290000104768,false,עלי תרד סנפרוסט (800 גרם),תנובה מרכז שיתופי לשיווק תוצרת,,,"י""ח",800,ל גרם,false,1,28.40,3.55,true,1,
7290000104799,false,שעועית לבנה מבושלת סנפרוסט (800 גרם),תנובה מרכז שיתופי לשיווק תוצרת,,,"י""ח",1,"ק""ג",false,1,21.90,21.90,true,1,
7290000104805,false,גרגירי חומוס מבושלים סנפרוסט 800 גרם,תנובה מרכז שיתופי לשיווק תוצרת,,,"י""ח",800,ל גרם,false,1,21.90,2.74,true,1,
7290000104829,false,קלחי תירס חתוכים סנפרוסט 1 קילו,תנובה מרכז שיתופי לשיווק תוצרת,,,"י""ח",1,"ק""ג",false,1,22.40,22.40,true,1,
7290000104836,false,שעועית ירוקה עדינה שלמה סנפרוסט 600 גרם,תנובה מרכז שיתופי לשיווק תוצרת,,,"י""ח",600,ל גרם,false,1,23.90,3.98,true,1,
7290000104874,false,לקט מוקפא לקוסקוס סנפרוסט (800 גרם),תנובה מרכז שיתופי לשיווק תוצרת,,,"י""ח",800,ל גרם,false,1,24.60,3.08,true,1,
7290000107165,false,חטיף סויה אדממה סנפרוסט (400 גרם),תנובה מרכז שיתופי לשיווק תוצרת,,,"י""ח",400,ל גרם,false,1,15.40,3.85,true,1,
7290000107189,false,תחתיות ארטישוק סנפרוסט (400 גרם),תנובה מרכז שיתופי לשיווק תוצרת,,,"י""ח",400,ל גרם,false,1,24.40,6.10,true,1,
7290000107295,false,תפרחות ברוקולי סנפרוסט 800 גרם,תנובה מרכז שיתופי לשיווק תוצרת,,,"י""ח",800,ל גרם,false,1,27.60,3.45,true,1,
7290000110844,false,כיפלי בטעם גריל בד`צ 70 גרם .,יוניליוור ישראל שיווק בע`מ,,,"י""ח",70,ל גרם,false,1,5.90,8.43,false,1,
7290000111063,false,מיונז אמיתי תלמה (250 גרם),"יוניליוור ישראל שיווק בע""מ",,,"י""ח",250,ל גרם,false,1,6.80,2.72,false,1,
7290000111117,false,מרכך כביסה לבן בדין (4 ליטר),"יוניליוור ישראל שיווק בע""מ",,,"י""ח",4,ליטר,false,1,19.90,4.98,false,1,
7290000111186,false,"מיונז אמיתי תלמה 500 גרם בד""צ","יוניליוור ישראל שיווק בע""מ",,,"י""ח",500,ל גרם,false,1,9.90,1.98,false,1,
7290000111353,false,מיונז אמיתי תלמה (1 קג),"יוניליוור ישראל שיווק בע""מ",,,"י""ח",1,"ק""ג",false,1,16.90,16.90,false,1,
7290000111360,false,חרדל אמיתי חריף 250 גרם בצנצנת כשלפ,יוניליוור ישראל שיווק בע`מ,,,"י""ח",250,ל גרם,false,1,5.90,2.36,false,1,
7290000111384,false,חרדל אמיתי בצנצנת 550 ג' תלמה,יוניליוור ישראל שיווק בע`מ,,,"י""ח",550,ל גרם,false,1,8.40,1.53,false,1,
7290000112220,false,טחינה גולמית שומשום טהור בארכה 500 גרם,קבוצת אוסם סחר שותפות מוגבלת,,,"י""ח",500,ל גרם,false,1,14.90,2.98,false,1,
7290000112497,false,מרק עשיר עוף אטריות קנור 75 גרם - שקיות,יוניליוור ישראל שיווק בע`מ,,,"י""ח",68,ל גרם,false,1,9.90,14.56,true,1,
7290000112503,false,מרק עשיר ירקות קנור 69 גרם - שקיות,יוניליוור ישראל שיווק בע`מ,,,"י""ח",61,ל גרם,false,1,9.90,16.23,true,1,
7290000112619,false,אבקת מרק עוף אמיתי קנור 400 ג' כשלפ,יוניליוור ישראל שיווק בע`מ,,,"י""ח",400,ל גרם,false,1,19.90,4.98,true,1,
7290000113180,false,כיפלי צ`יפסים מהדרין תלמה (50 גרם),יוניליוור ישראל שיווק בע`מ,,,"י""ח",50,ל גרם,false,1,4.50,9,false,1,
7290000114187,false,פנטסטיק תרכיז ניקוי כללי אורנים סיף 4 ליטר,יוניליוור ישראל שיווק בע`מ,,,"י""ח",4,ליטר,false,1,19.90,4.98,false,1,
7290000116204,false,"אבקת מרק דגש בטעם עוף 1ק""ג קנור","יוניליוור ישראל שיווק בע""מ",,,"י""ח",1,מטר,false,1,15.90,15.90,true,1,
7290000116921,false,"קנור רוטב צילי מתוק 300 מ""ל כשלפ","יוניליוור ישראל שיווק בע""מ",,,"י""ח",340,"ל מ""ל",false,1,11.90,3.50,true,1,
7290000117171,false,מרק טעם עוף דל קלוריות 48 גרם-קופסא,"יוניליוור ישראל שיווק בע""מ",,,"י""ח",48,ל גרם,false,1,6.70,13.96,false,1,
7290000117720,false,נמס בכוס פטריות קנור 21.5 גרם מארז זוגי,"יוניליוור ישראל שיווק בע""מ",,,"י""ח",43,ל גרם,false,1,7.50,17.44,true,1,
7290000118277,false,כופתאות מצה להכנת מהירה 65 ג' קנור,"יוניליוור ישראל שיווק בע""מ",,,"י""ח",130,ל גרם,false,1,9.90,7.62,false,1,
7290000120836,false,מיונז אמיתי הלמנס (394 גרם),"יוניליוור ישראל שיווק בע""מ",,,"י""ח",394,ל גרם,false,1,13.90,3.53,false,1,
7290000121093,false,גבינה מותכת לייט בטעם שוויצרי 7% מון בלאן 120 גר',האי נאם סי או אל.טי.,,,"י""ח",120,ל גרם,false,1,11.90,9.92,false,1,
7290000122830,false,"רוטב מקסיקני סצ'ואן קנור 300 מ""ל",יוניליוור ישראל שיווק בע`מ,,,"י""ח",370,ל גרם,false,1,11.90,3.22,true,1,
7290000123363,false,"צימקאו לציפוי ואפיה אפיכל 500 גרם בד""צ",יוניליוור ישראל שיווק בע`מ,,,"י""ח",500,ל גרם,false,1,10.90,2.18,false,1,
7290000124841,false,ורד הגליל שוקולד חלב מארז שלישיה 300 גרם,"יוניליוור ישראל שיווק בע""מ",,,"י""ח",300,ל גרם,false,1,16,5.33,true,1,
7290000125251,false,שמפו לכביסה עדינה בדין 2 ליטר,יוניליוור ישראל שיווק בעמ,,,"י""ח",2,ליטר,false,1,23.90,11.95,false,1,
7290000129457,false,אבקת רוטב פטריות קנור 28 ג' שקית,יוניליוור ישראל שיווק בע`מ,,,"י""ח",28,ל גרם,false,1,3.90,13.93,false,1,
7290000129785,false,מרכך כביסה ירוק בדין (4 ליטר),יוניליוור ישראל שיווק בע`מ,,,"י""ח",4,ליטר,false,1,19.90,4.98,false,1,
7290000133645,false,שלישיית משחת שיניים סודה אורביטול 145 גרם,החברה הדרומית לשיווק בעמ,,,"י""ח",435,ל גרם,false,1,19.90,4.57,false,1,
7290000133904,false,"מטהר אוויר דואופרש פסיפלורה תפוז סנו 300 מ""ל",החברה הדרומית לשיווק בעמ,,,"י""ח",300,"ל מ""ל",false,1,12.90,4.30,false,1,
7290000135045,false,"XL TEN משקה אנרגיה פתוח ללא סוכר 250 מ""ל","טמפו משקאות בע""\מ",,,"י""ח",250,"ל מ""ל",false,1,4,1.48,true,1,
7290000135052,false,"XL TEN משקה אנרגיה מנגו ללא סוכר 250 מ""ל","טמפו משקאות בע""\מ",,,"י""ח",250,"ל מ""ל",false,1,4,1.48,true,1,
7290000135113,false,"משקה אנרגיה XL פחית ten נענע ליים 250 מ""ל","טמפו משקאות בע""\מ",,,"י""ח",250,"ל מ""ל",false,1,3.90,1.44,true,1,
7290000135168,false,"פפסי מקס ליים פחית צרה מארז שישייה 330 מ""ל","טמפו משקאות בע""מ",,,"י""ח",1.98,ליטר,false,1,19.90,9.14,true,1,
7290000135175,false,פפסי מקס ליים -משקה קולה מוגז גל קלוריות,פארייפאבה אגרואינדוס,,,"י""ח",330,"ל מ""ל",false,1,3.90,1.09,true,1,
7290000135182,false,"מארז 7 אפ פרי דל קלוריות בטעם לימון ליים פחית צרה 330 מ""ל*6 יח'","טמפו משקאות בע""מ",,,"י""ח",1.98,ליטר,false,1,19.90,9.14,false,1,
7290000135625,false,"רביעיית פחיות בירה גולדסטאר 500 מ""ל",טמפו משקאות בעמ,,,"י""ח",2,ליטר,false,1,29.90,14.35,false,1,
7290000135663,false,"פפסי מקס דובדבן פחית צרה מארז שישייה 330 מ""ל",טמפו משקאות בע''מ,,,"י""ח",1.98,ליטר,false,1,19.90,9.14,false,1,
7290000136585,false,משקה בטעם תפוזים תריסר 1.5 ל' ג'אמפ,"טמפו משקאות בע""\ם.",,,"י""ח",1.50,ליטר,false,1,7,4.47,true,1,
7290000136646,false,בירה נשר מאלט ללא אלכוהול 1.5 ליטר,"טמפו משקאות בע""\מ",,,"י""ח",1.50,ליטר,false,1,9.10,5.87,true,1,
7290000136653,false,בירה שחורה נשר מאלט דיאט בקבוק 1.5ל`,"טמפו משקאות בע""\מ",,,"י""ח",1.50,ליטר,false,1,8.90,5.73,true,1,
7290000136844,false,מארז מים מזוככים אקווה נובה שישיית 2 ליטר,"טמפו משקאות בע""\מ",,,"י""ח",12,ליטר,false,1,11.90,0.84,false,1,
7290000137513,false,גלידונית גלידה וניל בציפוי שוקולד 60 יח' קרמיסימו,"גלידת שטראוס בע""\מ, רחוב",,,"י""ח",700,ל גרם,false,1,49.90,7.13,false,1,
7290000137643,false,שלגוני טעמקור בטעם שוקו וניל שטראוס 8*50 גרם,"גלידת שטראוס בע""\מ, רחוב",,,"י""ח",1,,false,1,34.90,34.90,false,1,
7290000143194,false,שמפו ומרכך לשיער אלוורה הוואי (700 מל),טרופיקל דגיל בעמ,,,"י""ח",700,"ל מ""ל",false,1,10.90,1.56,false,1,
7290000143200,false,"הוואי - מרכך לשיער יבש 700 מ""ל",טרופיקל דגיל קוסמטיק,,,"י""ח",700,"ל מ""ל",false,1,10.90,1.56,false,1,
7290000143217,false,הוואי שמפו לשיער יבש700 מל כחול,שוורצקוף& הנקל דיסלד,,,"י""ח",700,"ל מ""ל",false,1,10.90,1.56,false,1,
7290000143255,false,הוואי שמפו לשיער רגיל 700 מל ירוק,שוורצקוף& הנקל דיסלד,,,"י""ח",700,"ל מ""ל",false,1,10.90,1.56,false,1,
7290000143286,false,הוואי מרכך לשיער רגיל 700 מל ירוק,שוורצקוף& הנקל דיסלד,,,"י""ח",700,"ל מ""ל",false,1,10.90,1.56,false,1,
7290000144467,false,שמן חמניות מועשר בנוגדי חמצון 1 ל' עץ הזית,"נארז ע""י : א.ג. גילר",,,"י""ח",1,ליטר,false,1,16.90,16.90,false,1,
7290000144474,false,שמן עץ הזית קנולה 1 ליטר בריאות מהטבע,סוגת תעשיות בעמ,,,"י""ח",1,ליטר,false,1,15.90,15.90,false,1,
7290000146645,false,הוואי - סבון מוצק שחור מסתורי 100 גרם רביעייה,טרופיקל דגיל קוסמטיק,,,"י""ח",400,ל גרם,false,1,13.90,3.48,true,1,
7290000146652,false,הוואי - סבון מוצק ורוד רומנטי 100 גרם רביעייה,טרופיקל דגיל קוסמטיק,,,"י""ח",400,ל גרם,false,1,13.90,3.48,true,1,
7290000146669,false,הוואי - סבון מוצק שמיים כחולים 100 גרם רביעייה,טרופיקל דגיל קוסמטיק,,,"י""ח",400,ל גרם,false,1,13.90,3.48,true,1,
7290000146676,false,הוואי - סבון מוצק לגבר 100 גרם רביעייה,טרופיקל דגיל קוסמטיק,,,"י""ח",400,ל גרם,false,1,11.90,2.98,true,1,
7290000146683,false,הוואי - סבון מוצק אפקט דאודורנט 100 גרם רביעייה,טרופיקל דגיל קוסמטיק,,,"י""ח",400,ל גרם,false,1,13.90,3.48,true,1,
7290000146928,false,"משחת שיניים לילדים בטעם ענבים טום וג'רי 50 מ""ל",טרופיקל דגיל קוסמטיק,,,"י""ח",75,ל גרם,false,1,8.90,11.87,true,1,
7290000146997,false,משחת שיניים לילדים מסטיק טום וג'רי 50 מל,טרופיקל דגיל קוסמטיק,,,"י""ח",50,ל גרם,false,1,8.90,17.80,true,1,
7290000148380,false,פיסטוקים קלויים קליית גת (200 גרם),ליימן שליסל בעמ,,,"י""ח",200,ל גרם,false,1,23.90,11.95,true,1,
7290000148489,false,"קליית גת גרעיני דלעת קלויים,200 גרם",ליימן שליסל בעמ,,,"י""ח",200,ל גרם,false,1,9.90,4.95,false,1,
7290000148748,false,קליית גת גרעיני חמניה קלויים ומומלחים200,ליימן שליסל בעמ,,,"י""ח",200,ל גרם,false,1,6.90,3.45,true,1,
7290000148939,false,שקדים קלויים קליית גת (200 גרם),ליימן שליסל בעמ,,,"י""ח",200,ל גרם,false,1,19.90,9.95,true,1,
7290000149615,false,רביעיית סבון מוצק קלאסי לתינוק נקה 7 4*100 גרם,החברה הדרומית לשיווק בעמ,,,"י""ח",400,ל גרם,false,1,10.90,2.73,false,1,
7290000149851,false,סבון לניקוי והסרת כתמים סינטבון 460 גרם,החברה הדרומית לשיווק בעמ,,,"י""ח",460,ל גרם,false,1,9.90,2.15,false,1,
7290000149905,false,טקסטיל שמפו נוזלי לאריגים עדינים1ליט,החברה הדרומית לשיווק בעמ,,,"י""ח",1,ליטר,false,1,12.90,12.90,false,1,
7290000161358,false,מיונז אמיתי משמן קנולה תלמה (500 גרם),"יוניליוור ישראל שיווק בע""מ",,,"י""ח",500,ל גרם,false,1,13.80,2.76,false,1,
7290000174723,false,שוקולית אבקה להכנת משקה שוקו 500 גרם,הנסיך- מפעל לייצור ט,,,"י""ח",500,ל גרם,false,1,13.80,2.76,true,1,
7290000176062,false,קפה טורקי בשקית 100 ג' עלית,שטראוס קפה בי.ויn\.,,,"י""ח",100,ל גרם,false,1,9.50,9.50,true,1,
7290000176079,false,קפה טורקי עם הל עלית (100 גרם),הנסיך- מפעל לייצור ט,,,"י""ח",100,ל גרם,false,1,9.90,9.90,true,1,
7290000176413,false,קפה נמס עלית פחית 50 גרם,הנסיך- מפעל לייצור ט,,,"י""ח",50,ל גרם,false,1,9.60,19.20,true,1,
7290000176468,false,קפה נמס נטול קפאין 50 ג' קפה האג,"שטראוס גרופ בע""מ",,,"י""ח",50,ל גרם,false,1,11.40,22.80,true,1,
7290000176475,false,קפה נמס נטול קפאין האג עלית (200 גרם),שטראוס גרופ בע`מ,,,"י""ח",200,ל גרם,false,1,38.90,19.45,true,1,
7290000178707,false,חטיף צ`יפס בטעם טבעי תפוצ`יפס (50 גרם),"שטראוס פריטו ליי בע""\מ )",,,"י""ח",50,ל גרם,false,1,4.50,9,true,1,
7290000178721,false,חטיף צ`יפס בטעם טבעי תפוצ`יפס (200 גרם),"שטראוס פריטו ליי בע""\מ )",,,"י""ח",200,ל גרם,false,1,11.20,5.60,true,1,
7290000187952,false,לילי טריפל קומפורט ורוד נ.טואלט 32 גלילי,קימברלי קלארק ישראל שיווק בעמ,,,"י""ח",537,מטר,false,1,48.90,0.09,false,1,
7290000189550,false,"שקיות אשפה ענקיות עם שרוך 78 * 90 ס""מ ניקול 2 * 10 יחידות",קימברלי קלארק ישראל שיווק בעמ,,,"י""ח",1,"י""ח",false,1,27.40,27.40,true,1,
7290000191393,false,מגבוני טישיו רכים שביעייה מולט 100X7יח',קימברלי קלארק ישראל שיווק בעמ,,,"י""ח",822.50,ל גרם,false,1,21.90,2.66,false,1,
7290000191539,false,חמישיית ממחטות טישו צבועני לילי 100 יחידות,קימברלי קלארק ישראל שיווק בעמ,,,"י""ח",593,ל גרם,false,1,17.90,3.02,false,1,
7290000191652,false,שלישיית ממחטות אולטרה סופט קלינקס 90 יחידות,קימברלי קלארק ישראל שיווק בעמ,,,"י""ח",1,,false,1,13.90,13.90,false,1,
7290000193014,false,מגן תחתון פדיות אינטרלוד לילי 50 יחידות,קימברלי קלארק ישראל שיווק בעמ,,,"י""ח",1,"י""ח",false,1,10.90,10.90,false,1,
7290000193083,false,נובה-לי תחבושות היגייניות לילי 28 יחידות,קימברלי קלארק ישראל שיווק בעמ,,,"י""ח",1,"י""ח",false,1,11.40,11.40,false,1,
7290000193205,false,תחבושות עם כנפיים ללילה נטורל לילי 20 יחידות,קימברלי קלארק ישראל שיווק בעמ,,,"י""ח",1,"י""ח",false,1,16.90,16.90,false,1,
7290000193472,false,מגן תחתון נורמל נטורל לילי 60 יחידות,קימברלי קלארק ישראל שיווק בעמ,,,"י""ח",1,"י""ח",false,1,16.90,16.90,false,1,
7290000193540,false,מגן תחתון ארוך נטורל לילי 52 יחידות,קימברלי קלארק ישראל שיווק בעמ,,,"י""ח",1,"י""ח",false,1,16.90,16.90,false,1,
7290000193618,false,לילי אינטימייט מגן תחתון נורמל 24 יח',קימברלי קלארק ישראל שיווק בעמ,,,"י""ח",1,"י""ח",false,1,16.90,16.90,false,1,
7290000193649,false,תחבושות עם כנפיים נורמל פלוס לילי 24 יחידות,קימברלי קלארק ישראל שיווק בעמ,,,"י""ח",1,"י""ח",false,1,16.90,16.90,false,1,
7290000193793,false,לילי תחבושות אינטימי נורמל אולט' 24 יח',קימברלי קלארק ישראל שיווק בעמ,,,"י""ח",1,"י""ח",false,1,16.90,16.90,false,1,
7290000195537,false,האגיס - מגבוני האגיס דיילי קר לא מבושם 64 יח' * 4,קימברלי קלארק ישראל שיווק בעמ,,,"י""ח",4,"י""ח",false,1,19.90,4.98,true,1,
7290000195773,false,האגיס - מגבוני האגיס סנסטיב קר לא מבושם 64 יח' * 4,קימברלי קלארק ישראל שיווק בעמ,,,"י""ח",1,,false,1,19.90,19.90,true,1,
7290000197326,false,רדיד אלומיניום ניקול זוגות 7.5*2קצר,קימברלי קלארק ישראל שיווק בעמ,,,"י""ח",200,ל גרם,false,1,10.90,5.45,false,1,
7290000197340,false,"רדיד אלומניום ארוך 45 ס""מ רוחב ניקול 7.5 מטר",קימברלי קלארק ישראל שיווק בעמ,,,"י""ח",1,"י""ח",false,1,21.90,21.90,false,1,
7290000197432,false,שקיות אוכל סנדביצ'ון ניקול מארז 150X2יח',קימברלי קלארק ישראל שיווק בעמ,,,"י""ח",2,"י""ח",false,1,12.90,6.45,false,1,
7290000197470,false,שקיות רב שימושיות מתכלות ניקול 250 יחידות,קימברלי קלארק ישראל שיווק בעמ,,,"י""ח",200,"י""ח",false,1,17.90,0.09,false,1,
7290000197753,false,ניילון נצמד אנטי בטקריאלי ניקול 30X2מ',קימברלי קלארק ישראל שיווק בעמ,,,"י""ח",1,"י""ח",false,1,11.90,11.90,false,1,
7290000197982,false,"רדיד אלומיניום עבה 45 ס""מ רוחב ניקול 2 יח' 7.5 מטר",קימברלי קלארק ישראל שיווק בעמ,,,"י""ח",2,"י""ח",false,1,24.90,12.45,false,1,
7290000199313,false,תחבושות עם כנפיים נורמל פלוס קוטקס 30 יחידות,קימברלי קלארק ישראל שיווק בעמ,,,"י""ח",1,"י""ח",false,1,19.90,19.90,true,1,
7290000204086,false,ניקול כרית קרצוף מארז שלישייה,קימברלי קלארק ישראל שיווק בעמ,,,"י""ח",3,"י""ח",false,1,10.90,3.63,false,1,
7290000204147,false,רביעיית כרית יפנית עבה ניקול 4 יחידות,קימברלי קלארק ישראל שיווק בעמ,,,"י""ח",4,"י""ח",false,1,13.40,3.35,false,1,
7290000204215,false,שישיית כרית יפנית ניקול 6 יחידות,קימברלי קלארק ישראל שיווק בעמ,,,"י""ח",600,ל גרם,false,1,10.90,1.82,false,1,
7290000204239,false,ניקול מטליות ריצפה רביעיה,קימברלי קלארק ישראל שיווק בעמ,,,"י""ח",4,"י""ח",false,1,10.90,2.73,false,1,
7290000207063,false,רסק עגבניות פריכוז 28% 240 גרם יכין,היינץ צפון אמריקה מק,,,"י""ח",240,ל גרם,false,1,4.90,2.04,false,1,
7290000207162,false,רוטב עגבניות מרכיב טבעי 100 ג' יכין,זנלכול יכין,,,"י""ח",100,ל גרם,false,1,2.80,2.80,true,1,
7290000207438,false,עגבניות מקולפות חתוכות לקוביות,זנלכול יכין,,,"י""ח",800,ל גרם,false,1,11.90,1.49,false,1,
7290000208008,false,רסק פלפל חריף חריסה A2 יכין 550 ג',זנלכול יכין,,,"י""ח",570,ל גרם,false,1,9.90,1.74,true,1,
7290000208022,false,עגבניות 2.5 A מרוסקות 850 גרם יכין,זנלכול יכין,,,"י""ח",800,ל גרם,false,1,9.90,1.24,false,1,
7290000208077,false,אפונת גינה גדולה יכין (550 גרם),זנלכול יכין,,,"י""ח",550,ל גרם,false,1,10.90,1.98,true,1,
7290000208091,false,אפונה קטנה עדינה יכין 550 גרם,"זנלכל בע""\מ",,,"י""ח",600,ל גרם,false,1,9.90,1.65,false,1,
7290000208114,false,"אפונה וגזר יכין A2 פ""ק בית יוסף",זנלכול יכין,,,"י""ח",550,ל גרם,false,1,10.90,1.98,true,1,
7290000208138,false,סירופ דיאט בטעם ענבים יכין (1 ליטר),זנלכול יכין,,,"י""ח",1,ליטר,false,1,18.90,18.90,false,1,
7290000208145,false,גרעיני תירס מתוק לייט 550 גרם יכין,זנלכול יכין,,,"י""ח",550,ל גרם,false,1,11.90,2.16,false,1,
7290000208176,false,תפוחי אדמה קלופים יכין (550 גרם),"זנלכל בע""מ",,,"י""ח",550,ל גרם,false,1,11.90,2.16,false,1,
7290000208213,false,שעועית לבנה אפויה A2 ברוטב עגבניות יכין 560ג',היינץ צפון אמריקה מק,,,"י""ח",580,ל גרם,false,1,10.90,1.88,true,1,
7290000208220,false,שעועית צ`ילי מקסיקני חריף יכין (550 גרם),היינץ צפון אמריקה מק,,,"י""ח",550,ל גרם,false,1,9.90,1.80,false,1,
7290000208251,false,שעועית ירוקה חתוכה יכין (550 גרם),"זנלכל בע""מ",,,"י""ח",550,ל גרם,false,1,9.90,1.80,false,1,
7290000208268,false,שעועית צהובה 560 גר יכין,"זנלכל בע""מ",,,"י""ח",550,ל גרם,false,1,9.90,1.80,false,1,
7290000208312,false,גרעיני תירס מתוק בואקום יכין 400 גר',"זנלכל בע""\מ",,,"י""ח",325,ל גרם,false,1,7.90,2.43,true,1,
7290000208329,false,גרעיני תירס מתוק יכין (550 גרם),זנלכול יכין,,,"י""ח",550,ל גרם,false,1,10.90,1.98,true,1,
7290000208336,false,רסק יכין 240גר 22% יכין בית יוסף,"זנלכל בע""\מ",,,"י""ח",240,ל גרם,false,1,4.50,1.88,true,1,
7290000208343,false,עגבניות מרוסקות שום יכין A2.5 בית יוסף,היינץ צפון אמריקה מק,,,"י""ח",900,ל גרם,false,1,9.90,1.10,false,1,
7290000208350,false,עגבניות מרוסקות עם בצל יכין (800 גרם),זנלכול יכין,,,"י""ח",900,ל גרם,false,1,9.90,1.10,false,1,
7290000208367,false,עגבניות מרוסקות בזיליקום יכין A2.5 בית יוסף,זנלכול יכין,,,"י""ח",800,ל גרם,false,1,9.90,1.24,false,1,
7290000208404,false,A2 פול מצרי 550 גרם יכין,זנלכול יכין,,,"י""ח",600,ל גרם,false,1,8.90,1.48,false,1,
7290000208428,false,גרגרי חומוס שלם 550 גרם יכין,היינץ צפון אמריקה מק,,,"י""ח",550,ל גרם,false,1,10.90,1.98,true,1,
7290000208459,false,"לקט אפונה, תפוחי אדמה וגזר יכין 550 גרם",זנלכול יכין,,,"י""ח",600,ל גרם,false,1,11.90,1.98,false,1,
7290000208480,false,גרעיני תירס מתוק בטעם חמאה 550 גרם יכין,זנלכול יכין,,,"י""ח",500,ל גרם,false,1,9.90,1.98,false,1,
7290000208534,false,תירס קיד גרעיני תירס מתוק יכין (550 גרם),זנלכול יכין,,,"י""ח",550,ל גרם,false,1,9.90,1.80,false,1,
7290000208855,false,רוטב לפסטה קלאסי יכין (240 גרם),זנלכול יכין,,,"י""ח",240,ל גרם,false,1,6.50,2.71,false,1,
7290000208893,false,גרעיני תירס מתוק לייט 400 גרם יכין,היינץ צפון אמריקה מק,,,"י""ח",340,ל גרם,false,1,7.90,2.32,false,1,
7290000208978,false,רוטב עגבניות (10028% גרם)פריכוז יכין,זנלכול יכין,,,"י""ח",100,ל גרם,false,1,2.90,2.90,false,1,
7290000209043,false,מיץ לימון משומר לתיבול יכין (1 ליטר),היינץ צפון אמריקה מק,,,"י""ח",1,ליטר,false,1,6.90,6.90,true,1,
7290000209517,false,סירופ דיאט בטעם לימון יכין (1 ליטר),היינץ צפון אמריקה מק,,,"י""ח",1,ליטר,false,1,18.90,18.90,false,1,
7290000209524,false,סירופ דיאט בטעם פטל יכין (1 ליטר),זנלכול יכין,,,"י""ח",1,ליטר,false,1,18.90,18.90,false,1,
7290000209531,false,סירופ דיאט בטעם אשכוליות יכין 1 ליטר,"זנלכל בע""\מ",,,"י""ח",1,ליטר,false,1,18.90,18.90,false,1,
7290000209555,false,סירופ דיאט בטעם תפוחים יכין 1 ליטר,זנלכול יכין,,,"י""ח",1,ליטר,false,1,18.90,18.90,false,1,
7290000209708,false,עגבניות מרוסקות עם בזיליקום 240 גרם יכין,היינץ צפון אמריקה מק,,,"י""ח",240,ל גרם,false,1,6.50,2.71,false,1,
7290000209722,false,רוטב עגבניות 28% יכין (580 גרם)פריכוז,"זנלכל בע""\מ",,,"י""ח",580,ל גרם,false,1,10.90,1.88,true,1,
7290000209944,false,רוטב לעגבניות בסיס לשקשוקה 240 ג' יכין,"זנלכל בע""\מ",,,"י""ח",240,ל גרם,false,1,6.50,2.71,false,1,
7290000209951,false,רוטב עגבניות לפיצה 260 גרם יכין,"זנלכל בע""\מ",,,"י""ח",240,"ל מ""ל",false,1,6.50,2.71,false,1,
7290000209968,false,רוטב עגבניות ללזניה 260 גרם יכין,זנלכול יכין,,,"י""ח",240,ל גרם,false,1,6.50,2.71,false,1,
7290000211169,false,"אורז תאילנדי אחד אחד סוגת 1 ק""ג",האי נאם סי או אל.טי.,,,"י""ח",1,"ק""ג",false,1,7.90,7.90,false,1,
7290000211312,false,סוגת אורז מלא פרסי אחד אחד 1 קג,האי נאם סי או אל.טי.,,,"י""ח",1,"ק""ג",false,1,7.90,7.90,false,1,
7290000211442,false,אורז בסגנון פרסי קלאסי סוגת (1 קג),האי נאם סי או אל.טי.,,,"י""ח",1,"ק""ג",false,1,10.90,10.90,false,1,
7290000211503,false,סוכר לבן ארוז בשקית,"סוגת תעשיות בע""\מ",,,"י""ח",1,"ק""ג",false,1,4.30,4.30,false,1,
7290000211626,false,חיש אורז אחד אחד 1 קג,"סוגת תעשיות בע""\מ",,,"י""ח",1,"ק""ג",false,1,7.90,7.90,false,1,
7290000211985,false,אורז עגול ריזוטו אחד אחד 1 קג,"סוגת תעשיות בע""\מ",,,"י""ח",1,"ק""ג",false,1,9.90,9.90,false,1,
7290000226514,false,עוגת דובוש טעם ריבת חלב קפולסקי 450 גרם,תופינים מקבוצת קפולסקי,,,"י""ח",450,ל גרם,false,1,44.90,9.98,false,1,
7290000226545,false,"עוגת טורט היער השחור קפולסקי 1 ק""ג",קפולסקי שיווק וקמעונ,,,"י""ח",1,"ק""ג",false,1,69.90,69.90,false,1,
7290000226552,false,קפולסקי עוגת טורט ריבת חלב+ קוקוס קפוא,קפולסקי שיווק וקמעונ,,,"י""ח",1,"ק""ג",false,1,69.90,69.90,false,1,
7290000226569,false,עוגת טורט קצפת שוקולד קפולסקי (1 קג),תופינים מקבוצת קפולסקי,,,"י""ח",1,"ק""ג",false,1,69.90,69.90,false,1,
7290000226576,false,"עוגת טורט מצופה שוקולד קפולסקי 1 ק""ג",תופינים מקבוצת קפולסקי,,,"י""ח",1,"ק""ג",false,1,69.90,69.90,false,1,
7290000238029,false,"בצק עלים צרפתי מרודד מעדנות 1 ק""ג",תנובה מרכז שיתופי לשיווק תוצרת,,,"י""ח",1,"ק""ג",false,1,21.90,21.90,false,1,
7290000238036,false,מלאווח מעדנות 6 יח`700 גרם קפוא,תנובה מרכז שיתופי לשיווק תוצרת,,,"י""ח",700,ל גרם,false,1,17.90,2.56,true,1,
7290000238173,false,.בורקס במילוי גבינה 800 גרם מעדנות,מיוצר עי קונדיטוריית,,,"י""ח",800,ל גרם,false,1,21.90,2.74,true,1,
7290000238180,false,בורקס במילוי תפוא 800 גרם מעדנות,מיוצר עי קונדיטוריית,,,"י""ח",800,ל גרם,false,1,19.90,2.49,true,1,
7290000240541,false,ריבועי בצק עלים מעדנות 800 גרם,תנובה מרכז שיתופי לשיווק תוצרת,,,"י""ח",800,ל גרם,false,1,24.80,3.10,false,1,
7290000243566,false,שמן קנולה בריאות עץ הזית (750 מל),סוגת תעשיות בעמ,,,"י""ח",0.75,ליטר,false,1,11.90,15.87,false,1,
7290000244082,false,"הוואי שלישיית סבון נוזלי שמיים כחולים 500 מ""ל","הנקל סוד בע""מ",,,"י""ח",1.50,ליטר,false,1,18.80,12.53,true,1,
7290000244143,false,קרם הוואי לאחר גילוח+ לחות 120 מ``ל,טרופיקל דגיל קוסמטיק,,,"י""ח",120,ל גרם,false,1,17.70,14.75,true,1,
7290000244761,false,"קרם ידיים ולווטה 100 מ""ל",טרופיקל דגיל קוסמטיק,,,"י""ח",100,"ל מ""ל",false,1,12.50,12.50,true,1,
7290000245072,false,סוד מרכך כביסה בייבי סנסטיב 4 ליטר,גורי שיווק בעמ,,,"י""ח",4,ליטר,false,1,16.90,4.23,false,1,
7290000245089,false,סוד סופט מרכך כביסה סגול 4 ליטר,גורי שיווק בעמ,,,"י""ח",4,ליטר,false,1,16.90,4.23,false,1,
7290000245157,false,סוד סופט מרכך כביסה סנסיישן 4 ליטר,גורי שיווק בעמ,,,"י""ח",4,ליטר,false,1,16.90,4.23,false,1,
7290000245294,false,"פרסיל אבקת כביסה סופרא 2.5ק""ג",גורי שיווק בעמ,,,"י""ח",2.50,"ק""ג",false,1,24.90,9.96,false,1,
7290000245515,false,"א.כ סוד קומפקט ביואקטיב פרפריום 1.25 ק""ג",גורי שיווק בעמ,,,"י""ח",1.25,"ק""ג",false,1,9.90,7.92,false,1,
7290000245782,false,סוד סופט מרכך כביסה ורוד 4 ליטר,גורי שיווק בעמ,,,"י""ח",4,ליטר,false,1,16.90,4.23,false,1,
7290000245799,false,סוד סופט מרכך כביסה כחול 4 ליטר,גורי שיווק בעמ,,,"י""ח",4,ליטר,false,1,16.90,4.23,false,1,
7290000253220,false,שוקולדצ`יפס לאפייה 260 גר`אופנהיימר,תה ויסוצקי (ישראל) בעמ,,,"י""ח",260,ל גרם,false,1,10.90,4.19,false,1,
7290000262161,false,נייר טואלט לב אדום 40 גלילים מולט,קימברלי קלארק ישראל שיווק בעמ,,,"י""ח",716,מטר,false,1,36.90,0.05,false,1,
7290000262239,false,נייר טואלט מולט 48 גלילים,קימברלי קלארק ישראל שיווק בעמ,,,"י""ח",2770,ל גרם,false,1,41.90,1.51,false,1,
7290000272696,false,מיץ לימון טבעי משומר 1 ליטר עסיס כלפ,קבוצת אוסם סחר שותפות מוגבלת,,,"י""ח",1,ליטר,false,1,11.50,11.50,false,1,
7290000272726,false,חומץ רכיבים רכיבים טבעיים 5% עסיס 1 ליטר,קבוצת אוסם סחר שותפות מוגבלת,,,"י""ח",1,ליטר,false,1,6.50,6.50,false,1,
7290000284392,false,ספרייט דיאט 1.5 ליטר,החברה המרכזית להפצת משקאות בעמ,,,"י""ח",1.50,ליטר,false,1,7,4.67,false,1,
7290000286228,false,ספוגיות לניקוי כללי סנו סושי 6 יחידות,החברה הדרומית לשיווק בעמ,,,"י""ח",6,"י""ח",false,1,11.90,1.98,false,1,
7290000286297,false,"אנטי קאלק מסיר אבנית מקומקום סנו 700 מ""ל",החברה הדרומית לשיווק בעמ,,,"י""ח",700,"ל מ""ל",false,1,10.90,1.56,false,1,
7290000286594,false,אבקה לניקוי במיכל לימון X סנו 600 גרם,החברה הדרומית לשיווק בעמ,,,"י""ח",600,ל גרם,false,1,9.90,1.65,false,1,
7290000286761,false,ניילון נצמד סנו סושי פלסטיק מארז 30X2 מ',החברה הדרומית לשיווק בעמ,,,"י""ח",1,,false,1,11.90,11.90,false,1,
7290000286921,false,סנוקל רסס וכבס תרסיס אקדח 750 מ``ל,החברה הדרומית לשיווק בעמ,,,"י""ח",600,"ל מ""ל",false,1,12.90,2.15,false,1,
7290000286945,false,סנו רהיט נוזלי תרסיס 500 סמק+אקדח,החברה הדרומית לשיווק בעמ,,,"י""ח",500,"ל מ""ל",false,1,25.90,5.18,false,1,
7290000287102,false,סנו שטיחים קצף לניקוי שטיחים 600 סמק,החברה הדרומית לשיווק בעמ,,,"י""ח",600,"ל מ""ל",false,1,19.90,3.32,false,1,
7290000287195,false,"סנו רהיט ספריי עשיר בווקס להברקה 305 מ""ל",החברה הדרומית לשיווק בעמ,,,"י""ח",305,"ל מ""ל",false,1,13.90,4.56,false,1,
7290000287430,false,סנובון צבעוני לאסלה בריח לימון שלישייה,החברה הדרומית לשיווק בעמ,,,"י""ח",165,ל גרם,false,1,12.90,7.82,false,1,
7290000287485,false,"שלישיית סנובון לובר לאסלה ""סנו""",החברה הדרומית לשיווק בעמ,,,"י""ח",165,ל גרם,false,1,12.90,7.82,false,1,
7290000288024,false,סנו - ז'אוול אקונומיקה בריח לימון 4 ליטר,החברה הדרומית לשיווק בעמ,,,"י""ח",4,ליטר,false,1,17.90,4.48,false,1,
7290000288048,false,ז`אוול מרסס לניקוי כללי לבנדר סנו (1 ליט,החברה הדרומית לשיווק בעמ,,,"י""ח",1,ליטר,false,1,19.90,19.90,false,1,
7290000288253,false,"קוטל חרקים מעופפים K-400 סנו 630 מ""ל",החברה הדרומית לשיווק בעמ,,,"י""ח",630,"ל מ""ל",false,1,25.40,4.03,false,1,
7290000288352,false,"קוטל חרקים וזוחלים K-300 סנו 630 מ""ל",החברה הדרומית לשיווק בעמ,,,"י""ח",630,"ל מ""ל",false,1,21.90,3.48,false,1,
7290000288383,false,"קוטל נמלים ותיקנים K-500 סנו 400 מ""ל",החברה הדרומית לשיווק בעמ,,,"י""ח",4.05,ליטר,false,1,25.90,6.40,false,1,
7290000288390,false,קוטל זבובים יתושים קיי 600 סנו (500 מל),החברה הדרומית לשיווק בעמ,,,"י""ח",475,"ל מ""ל",false,1,24.90,5.24,false,1,
7290000288413,false,סנו-די דוחה יתושים כדורי סנו (50 מל),החברה הדרומית לשיווק בעמ,,,"י""ח",50,"ל מ""ל",false,1,24.90,49.80,false,1,
7290000288420,false,"תרסיס דוחה יתושים סנו די 175 מ""ל",החברה הדרומית לשיווק בעמ,,,"י""ח",125,"ל מ""ל",false,1,24.90,19.92,false,1,
7290000288642,false,מקסימה מרכך כביסה סנסיטיב בייבי סנו 4 ליטר,החברה הדרומית לשיווק בעמ,,,"י""ח",4,ליטר,false,1,21.90,5.48,false,1,
7290000289069,false,סנו - ז'אוול מרסס קצף ניקוי בתוספת אקונומיקה בריח לימון 1 ליטר,החברה הדרומית לשיווק בעמ,,,"י""ח",1,ליטר,false,1,19.90,19.90,false,1,
7290000289380,false,ז`אוול מונטבלאן ג`ל לאסלות סנו (750 מל),החברה הדרומית לשיווק בעמ,,,"י""ח",750,ל גרם,false,1,10.90,1.45,true,1,
7290000289472,false,סנו סושי רב שקית שקיות אשפה90*76 50י,החברה הדרומית לשיווק בעמ,,,"י""ח",1,,false,1,18.90,18.90,false,1,
7290000292137,false,"נוזל לניקוי וטיפול מוצרי עור סנו 500 מ""ל",החברה הדרומית לשיווק בעמ,,,"י""ח",500,"ל מ""ל",false,1,29.90,5.98,false,1,
7290000292311,false,פוליויקס נוזל רצפות בניחוח סחלבים סנו 2 ליטר,החברה הדרומית לשיווק בעמ,,,"י""ח",200,"ל מ""ל",false,1,20.90,10.45,true,1,
7290000292502,false,"סנו K 800 תרסיס קוטל חרקים 300מ ""ל",החברה הדרומית לשיווק בעמ,,,"י""ח",630,"ל מ""ל",false,1,15.80,2.51,false,1,
7290000292533,false,סנו גל לניקוי כללי על בסיס שמן אורנים 1ל,החברה הדרומית לשיווק בעמ,,,"י""ח",1,ליטר,false,1,16.90,16.90,false,1,
7290000292557,false,סנומט מלוי נוזלי דוחה יתושים 45 לילות,החברה הדרומית לשיווק בעמ,,,"י""ח",1,,false,1,21.90,21.90,false,1,
7290000292564,false,סנו K-2000 תרסיס מיקרו קפסולרי ללא ריח 750 מ”ל,החברה הדרומית לשיווק בעמ,,,"י""ח",750,"ל מ""ל",false,1,29.90,3.99,false,1,
7290000292687,false,סנובון מוצק לניקוי אסלה קלאסיק כחול סנו 3 יחידות,החברה הדרומית לשיווק בעמ,,,"י""ח",165,ל גרם,false,1,17.90,10.85,true,1,
7290000293073,false,מקסימה מרכך כביסה ביו לבן סנו 4 ליטר,החברה הדרומית לשיווק בעמ,,,"י""ח",4,ליטר,false,1,21.90,5.48,false,1,
7290000293943,false,"מרסס לבן מסיר אבנית 1 ליטר אנטי קאלק ""סנו""",החברה הדרומית לשיווק בעמ,,,"י""ח",1,ליטר,false,1,19.90,19.90,false,1,
7290000294391,false,נוזל לניקוי כללי בניחוח סחלבים סנו ג'ט 4 ליטר,החברה הדרומית לשיווק בעמ,,,"י""ח",4,ליטר,false,1,17.90,4.48,false,1,
7290000294780,false,אקונומיקה סמיכה בריח לימון סנו ז'אוול 4 ליטר,החברה הדרומית לשיווק בעמ,,,"י""ח",4,ליטר,false,1,17.90,4.48,false,1,
7290000295121,false,מטליות זיגזג סנו סושי לניקוי רצפות 3יח',החברה הדרומית לשיווק בעמ,,,"י""ח",1,,false,1,11.90,11.90,false,1,
7290000295299,false,סנו סושי כריות הפלא רב תכלתיות רביעייה,החברה הדרומית לשיווק בעמ,,,"י""ח",1,,false,1,11.90,11.90,false,1,
7290000295367,false,"מקסימה אבקת כביסה אפקט ז'אוול סנו 2.5 ק""ג",החברה הדרומית לשיווק בעמ,,,"י""ח",2.50,"ק""ג",false,1,26.90,10.76,false,1,
7290000295404,false,שקיות אשפה עם שרוך 54 * 65 סנו סושי 60 יחידות,החברה הדרומית לשיווק בעמ,,,"י""ח",1,"י""ח",false,1,22.90,22.90,false,1,
7290000295503,false,זוג שקיות מזון טבע 19*25 סנו סושי 150 יחידות,החברה הדרומית לשיווק בעמ,,,"י""ח",1,,false,1,15.90,15.90,false,1,
7290000295541,false,סנו סושי רב מגבת ג`מבו 75 יחידות,החברה הדרומית לשיווק בעמ,,,"י""ח",390,ל גרם,false,1,24.90,6.38,false,1,
7290000295558,false,"רדיד אלומיניום רוחב 30 ס""מ סנו סושי 2 יח' 7.5 מטר",החברה הדרומית לשיווק בעמ,,,"י""ח",1,,false,1,11.90,11.90,false,1,
7290000295565,false,"רדיד אלומיניום רוחב 45 ס""מ סנו 2 יח' 7.5 מטר",החברה הדרומית לשיווק בעמ,,,"י""ח",1,,false,1,18.90,18.90,false,1,
7290000295589,false,טלק לתינוק בייבי כיף 200 גרם,החברה הדרומית לשיווק בעמ,,,"י""ח",200,ל גרם,false,1,14.90,7.45,false,1,
7290000295824,false,"רדיד אלומיניום 30 ס""מ רוחב סנו סושי 100 מטר",החברה הדרומית לשיווק בעמ,,,"י""ח",1,,false,1,54.90,54.90,false,1,
7290000300900,false,שניצל תירס מרכיבים טבעיים טבעול 750 גרם,קבוצת אוסם סחר שותפות מוגבלת,,,"י""ח",750,ל גרם,false,1,38.90,5.19,true,1,
7290000302027,false,סיגריות טיים אדום פא,"דובק בע""מ",,,"י""ח",200,"י""ח",false,1,285.90,1.43,false,1,
7290000303581,false,פול מצרי פרי הגליל 560 גרם,ויטה -פרי גליל (החדשה) בעמ,,,"י""ח",560,ל גרם,false,1,7.90,1.41,true,1,
7290000303598,false,שעועית לבנה ברוטב עגבניות פרי הגליל 570 גרם,ויטה -פרי גליל (החדשה) בעמ,,,"י""ח",550,ל גרם,false,1,7.90,1.44,true,1,
7290000303604,false,חומוס גרגירים 560 ג' פרי הגליל,ויטה- פרי גליל (החדשה) בעמ,,,"י""ח",600,ל גרם,false,1,7.90,1.32,true,1,
7290000305882,false,אס הרינג עם ירקות ברוטב עגבניות 120 גרם,דיפלומט מפיצים (1968) בעמ**,,,"י""ח",110,ל גרם,false,1,5.90,5.36,false,1,
7290000307046,false,אפונת גינה וגזר פרי הגליל 550 גרם,ויטה -פרי גליל (החדשה) בעמ,,,"י""ח",550,ל גרם,false,1,7.90,1.44,true,1,
7290000307237,false,גרעיני תירס מתוק פרי הגליל 550 גרם,ויטה פרי גליל (החדשה) בע`מ,,,"י""ח",540,ל גרם,false,1,7.90,1.46,true,1,
7290000311128,false,עוגיות מובחרות בטעם חמאה מן (300 גרם),רוקחמן בעמ מפעל לייצור ופלים ו,,,"י""ח",300,ל גרם,false,1,7.90,2.63,false,1,
7290000311135,false,מן עוגיות סטיקס בטעם שוקולד 300 גרם*,ח.כהן סוכנות מזון ומשקאות בע,,,"י""ח",300,ל גרם,false,1,6.90,2.30,false,1,
7290000311203,false,"וופלים בטעם שוקולד ""מן"" 200 גרם",רוקחמן בעמ מפעל לייצור ופלים ו,,,"י""ח",200,ל גרם,false,1,4.70,2.35,false,1,
7290000311210,false,"וופלים בטעם לימון ""מן"" 200 גרם",רוקחמן בעמ מפעל לייצור ופלים ו,,,"י""ח",200,ל גרם,false,1,4.70,2.35,false,1,
7290000311227,false,"וופלים במילוי קרם קפה ""מן"" 200 גרם",ח.כהן סוכנות מזון ומשקאות בע,,,"י""ח",200,ל גרם,false,1,4.90,2.45,false,1,
7290000311234,false,וופל מן בטעם וניל 200 גרם,ח.כהן סוכנות מזון ומשקאות בע,,,"י""ח",200,ל גרם,false,1,4.70,2.35,false,1,
7290000311357,false,מן וופלים בטעם אגוזים 10*28 גר-נ.ל.פ,ח.כהן סוכנות מזון ומשקאות בע,,,"י""ח",280,ל גרם,false,1,11.90,4.25,false,1,
7290000311425,false,ופל מצופה עשיריות מן 220 גרם מארז 10 יחידות,רוקחמן בעמ מפעל לייצור ופלים ו,,,"י""ח",200,ל גרם,false,1,8.90,4.45,false,1,
7290000311708,false,מן עוגיות מחיטה מלאה 300 גרם*נ.ל.פ,רוקחמן בעמ מפעל לייצור ופלים ו,,,"י""ח",300,ל גרם,false,1,6.90,2.30,false,1,
7290000311715,false,מן עוגיות כוכבים בטעם שוקולד 300 גרם*נ.ל.פ,רוקחמן בעמ מפעל לייצור ופלים ו,,,"י""ח",300,ל גרם,false,1,7.90,2.63,false,1,
7290000311722,false,מן עוגיות כוכבים וניל 300 גרם,רוקחמן בעמ מפעל לייצור ופלים ו,,,"י""ח",300,ל גרם,false,1,7.90,2.63,false,1,
7290000313160,false,זהבה ושלושת הדובים עוגיות בטעם שוקולד אסם 350 גרם,קבוצת אוסם סחר שותפות מוגבלת,,,"י""ח",250,ל גרם,false,1,9.60,3.84,false,1,
7290000313184,false,עוגיות חברים גן חיות וניל אסם 250 גר',קבוצת אוסם סחר שותפות מוגבלת,,,"י""ח",250,ל גרם,false,1,9.60,3.84,false,1,
7290000313290,false,אסם נודלס נודלס איטריות מסולסלות 200גר,קבוצת אוסם סחר שותפות מוגבלת,,,"י""ח",200,ל גרם,false,1,12.90,6.45,false,1,
7290000315133,false,קנור ציר בקר משחתי 300ג,יוניליוור ישראל שיווק בע`מ,,,"י""ח",300,ל גרם,false,1,19.90,6.63,false,1,
7290000318127,false,נקניקיות ביס יחיעם (380 גרם),מעדני יחיעם (1993) בעמ,,,"י""ח",380,ל גרם,false,1,11.90,3.13,false,1,
7290000319131,false,נקניקיות עוף יחיעם 400 גרם,מעדני יחיעם (1993) בעמ,,,"י""ח",400,ל גרם,false,1,11.90,2.98,true,1,
7290000319414,false,נקניקיות פרמיום בראטוורסט 280גר,מעדני יחיעם 1993 בעמ,,,"י""ח",400,ל גרם,false,1,21.90,5.48,true,1,
7290000334684,false,תפוגן טבעות בצל לתנור 700 גרם,קבוצת אוסם סחר שותפות מוגבלת,,,"י""ח",700,ל גרם,false,1,17.90,2.56,false,1,
7290000334745,false,"ציפס אמריקאי דקדק תפוגן 1.5 ק""ג",קבוצת אוסם סחר שותפות מוגבלת,,,"י""ח",1.50,"ק""ג",false,1,25.90,17.27,false,1,
7290000336053,false,תרכיז סיידר הגליל מיץ תפוחים מרוכז 330 מל,טמפו משקאות בע`מ,,,"י""ח",330,"ל מ""ל",false,1,13.90,4.12,true,1,
7290000339191,false,רן אבקת הלבנה לכביסה 350 גרם,יוניליוור ישראל שיווק בע`מ,,,"י""ח",350,ל גרם,false,1,18.60,5.31,false,1,
7290000339566,false,מרכך כביסה ורוד בדין (4 ליטר),יוניליוור ישראל שיווק בע`מ,,,"י""ח",4,ליטר,false,1,19.90,4.98,false,1,
7290000339849,false,משחת קלין להדחת כלים ולניקיון כללי בניחוח סמדר,יוניליוור ישראל שיווק בע`מ,,,"י""ח",3.50,"ק""ג",false,1,34.90,9.97,false,1,
7290000339887,false,"משחת כלים סיף קלין לימון 5 3 ק""ג",יוניליוור ישראל שיווק בע`מ,,,"י""ח",3.50,"ק""ג",false,1,34.90,9.97,false,1,
7290000341071,false,בדין - מרכך כביסה בייבי לבן 2 ליטר,"יוניליוור ישראל שיווק בע""מ",,,"י""ח",2,ליטר,false,1,14.90,7.45,false,1,
7290000342832,false,מרכך כביסה צהוב בדין (4 ליטר),"יוניליוור ישראל שיווק בע""מ",,,"י""ח",4,ליטר,false,1,19.90,4.98,false,1,
7290000342856,false,מרכך כביסה כחול בדין (4 ליטר),"יוניליוור ישראל שיווק בע""מ",,,"י""ח",4,ליטר,false,1,19.90,4.98,false,1,
7290000345215,false,תה כחול קלאסיק ויסוצקי 100 יחידות,תה ויסוצקי (ישראל) בעמ,,,"י""ח",100,"י""ח",false,1,17.90,0.18,false,1,
7290000345260,false,תה קלאסיק מעטפות ויסוצקי 25 יחידות,תה ויסוצקי (ישראל) בעמ,,,"י""ח",37.50,ל גרם,false,1,7.90,21.07,false,1,
7290000345277,false,תה קלאסיק מעטפות ויסוצקי 50 יחידות,תה ויסוצקי (ישראל)בעמ,,,"י""ח",75,ל גרם,false,1,14.30,19.07,false,1,
7290000345284,false,תה ויסוצקי קלאסי אריזה ירוקה מרובעת (100 שקיקים),תה ויסוצקי (ישראל) בעמ,,,"י""ח",150,ל גרם,false,1,17.90,11.93,false,1,
7290000345291,false,תה ארל גרי 1.5/ 25 שקיקים ויסוצקי,תה ויסוצקי (ישראל) בעמ,,,"י""ח",37.50,ל גרם,false,1,17,45.33,true,1,
7290000345536,false,תה נענע 1.5/ 25 שקיקים ויסוצקי,תה ויסוצקי (ישראל) בעמ,,,"י""ח",37.50,ל גרם,false,1,16.90,45.07,false,1,
7290000346021,false,חליטת קמומיל הגן הקסום ויסוצקי 50 יחידות,תה ויסוצקי (ישראל) בעמ,,,"י""ח",75,ל גרם,false,1,33.70,44.93,false,1,
7290000346120,false,חליטת קינמון הגן הקסום ויסוצקי 25 יחידות,תה ויסוצקי (ישראל) בעמ,,,"י""ח",62.50,ל גרם,false,1,17.90,28.64,true,1,
7290000346137,false,חליטת הילולי פירות הגן הקסום ויסוצקי 25 יחידות,תה ויסוצקי (ישראל) בעמ,,,"י""ח",62.50,ל גרם,false,1,17.90,28.64,true,1,
7290000346199,false,חליטת פירות יער הגן הקסום ויסוצקי 25 יחידות,תה ויסוצקי (ישראל) בעמ,,,"י""ח",67.50,ל גרם,false,1,17.90,26.52,true,1,
7290000346205,false,חליטת קמומיל הגן הקסום ויסוצקי 25 יחידות,תה ויסוצקי (ישראל) בעמ,,,"י""ח",37.50,ל גרם,false,1,17.90,47.73,true,1,
7290000347738,false,תה ירוק בתוספת עלי נענע 25 שקיקים,תה ויסוצקי (ישראל) בעמ,,,"י""ח",25,"י""ח",false,1,24.90,1,true,1,
7290000347752,false,תה ירוק לימונית ולואיזה 25 שקיקים *1.5 ג'' ויסוצקי,תה ויסוצקי (ישראל) בעמ,,,"י""ח",37.50,ל גרם,false,1,24.90,66.40,true,1,
7290000355399,false,רוטב עגבניות תיבול עדין טל 800 גרם,ויטה פרי גליל (החדשה) בע`מ,,,"י""ח",800,ל גרם,false,1,7.90,0.99,true,1,
7290000355405,false,עגבניות מרוסקות עם בצל טל 800 גרם,ויטה- פרי גליל (החדשה) בעמ,,,"י""ח",800,ל גרם,false,1,7.90,0.99,true,1,
7290000355481,false,רסק עגבניות BX22 טומטו 600ג' A2,ויטה- פרי גליל (החדשה) בעמ,,,"י""ח",600,ל גרם,false,1,5.90,0.98,false,1,
7290000355498,false,רוטב עגבניות A2 BX28 טומטו 580ג',ויטה- פרי גליל (החדשה) בעמ,,,"י""ח",600,ל גרם,false,1,6.90,1.15,false,1,
7290000363899,false,נקניקיות פיקנטיות טירת צבי 400 גרם,תנובה ענף ב.ע.ד,,,"י""ח",400,ל גרם,false,1,14.90,3.73,false,1,
7290000364872,false,נקניקיות עוף טירת צבי (400 גרם),טיב טירת צבי 2000,,,"י""ח",400,ל גרם,false,1,14.90,3.73,true,1,
7290000377209,false,בוטנים מטוגנים קליית גת (200 גרם),ליימן שליסל בעמ,,,"י""ח",200,ל גרם,false,1,7,3.50,false,1,
7290000377445,false,נש צ'אנס קליית גת 200 גרם,ליימן שליסל בעמ,,,"י""ח",200,ל גרם,false,1,9.90,4.95,true,1,
7290000377452,false,גרעיני אבטיח קלויים ומלוחים קלית גת 200,הדקלאים אגודת שיתופי,,,"י""ח",200,ל גרם,false,1,13,6.50,false,1,
7290000379000,false,חלה רגילה/קלועה חדשה 650 גרם *.,שלמה א.אנג ל בעמ,,,"י""ח",650,ל גרם,false,1,6.60,1.02,false,1,
7290000379128,false,חלה פרוס.וארוז500.גרם231,מאפיית שלמה א. אנג'\ל בע,,,"י""ח",500,ל גרם,false,1,9.90,1.98,false,1,
7290000379258,false,"חלה מתוקה קונדטוריה ארוזה ""אנג'ל""",מאפיית שלמה א. אנג'\ל בע,,,"י""ח",500,ל גרם,false,1,15.90,3.18,false,1,
7290000379579,false,לחמניית המבורגר גמבו,שלמה א.אנג ל בעמ,,,"י""ח",1,,false,1,3.30,3.30,false,1,
7290000408316,false,יוגורט דנונה דל לקטוז 200 גרם,שטראוס גרופ בעמ/מצונן,,,"י""ח",200,"ל מ""ל",false,1,3.70,1.85,true,1,
7290000408354,false,יוגורט עם אורז מצופה שוקולד קקאו 175 ג' דנונה,שטראוס גרופ בעמ/מצונן,,,"י""ח",175,"ל מ""ל",false,1,4.60,2.63,true,1,
7290000412481,false,נוזל לניקוי אסלות 00 סנו (1 ליטר),החברה הדרומית לשיווק בעמ,,,"י""ח",1,ליטר,false,1,7.90,7.90,false,1,
7290000412764,false,"פזטוקס קוטל חרקים סנו 630 מ""ל",החברה הדרומית לשיווק בעמ,,,"י""ח",630,"ל מ""ל",false,1,18.90,3,false,1,
7290000416021,false,ממרח בטעם שוקולד השחר העולה (500 גרם),השחר העולה תעשית ממתקים בעמ,,,"י""ח",500,ל גרם,false,1,14.90,2.98,false,1,
7290000416045,false,ממרח בטעם שוקולד השחר העולה (1 קג),השחר העולה תעשית ממתקים בעמ,,,"י""ח",1,"ק""ג",false,1,23.90,23.90,false,1,
7290000416618,false,"ממרח שוקולד פרווה השחר 400 גרם כשל""פ",השחר העולה תעשית ממתקים בעמ,,,"י""ח",400,ל גרם,false,1,13.50,3.38,false,1,
7290000416632,false,"ממרח שוקולד פרווה השחר 1 ק""ג כשל""פ",השחר העולה תעשית ממתקים בעמ,,,"י""ח",1,מטר,false,1,25.20,25.20,false,1,
7290000416854,false,אבקת קקאו השחר העולה (150 גרם),השחר העולה תעשית ממתקים בעמ,,,"י""ח",500,ל גרם,false,1,11.90,2.38,false,1,
7290000418131,false,תחבושות טופ פד מקופלת 18 יח',מוצרי נייר עמיר,,,"י""ח",1,,false,1,7.50,7.50,true,1,
7290000418155,false,תחבושות טופ-פד סופר-פלוס 16 יחידות,מוצרי נייר עמיר,,,"י""ח",1,,false,1,7.50,7.50,true,1,
7290000420325,false,"פופסטאר פופקורן למקירוגל בטעם טבעי 5 שקיות,500 גרם","דנשר (1963) בע,מ",,,"י""ח",500,ל גרם,false,1,13.80,2.76,true,1,
7290000420332,false,פופסטאר פופקורן למיקרוגל בטעם חמאה 5 יחידות 500 גרם,"דנשר (1963) בע,מ",,,"י""ח",500,ל גרם,false,1,13.80,2.76,true,1,
7290000420417,false,גלילונית שקיות אשפה 52X65 עם שרוך 60 יחידות,"איטיליאן פוד, אס.פי.",,,"י""ח",60,"י""ח",false,1,18.90,0.32,false,1,
7290000430102,false,קוביות קרח בשקית מיסטר אייס 2 קילו,אייס קיובס בעמ מיסטר אייס,,,"י""ח",2,"ק""ג",false,1,9.70,4.85,false,1,
7290000436203,false,עוגיות שוקו ציפ'ס בר-מן 200 גרם,ח.כהן סוכנות מזון ומשקאות בע,,,"י""ח",200,ל גרם,false,1,5.90,2.95,false,1,
7290000446257,false,בטר אנד דיפרנט דיסת אורז 200 גר',בטר אנד דיפרנט בעמ,,,"י""ח",200,ל גרם,false,1,12.90,6.45,false,1,
7290000446264,false,בטר אנד דיפרנט דיסת קורנפלור,השדה מוצרים אורגניים,,,"י""ח",200,ל גרם,false,1,12.90,6.45,false,1,
7290000446318,false,בטר אנד דיפרנט דיסת סולת 200 גר',השדה מוצרים אורגניים,,,"י""ח",200,ל גרם,false,1,12.90,6.45,false,1,
7290000446325,false,תרכיז תפוחים בטר אנד דיפרנט 1.2 ליטר,"בטר אנד דיפרנט בע""מ",,,"י""ח",1.20,ליטר,false,1,47.90,39.92,false,1,
7290000446394,false,דייסת שיבולת שועל בטר אנד דיפרנט 200 גרם,בטר אנד דיפרנט בעמ,,,"י""ח",200,ל גרם,false,1,12.90,6.45,false,1,
7290000446530,false,"ממרח בוטנים מתוק בטר אנד דיפרנט 1 ק""ג",בטר אנד דיפרנט בעמ,,,"י""ח",1,"ק""ג",false,1,29.90,29.90,false,1,
7290000446554,false,"חמאת בוטנים טבעית בטר אנד דיפרנט 1 ק""ג",בטר אנד דיפרנט בעמ,,,"י""ח",510,ל גרם,false,1,29.90,5.86,false,1,
7290000446714,false,שמן שומשום כבישה קרה,בטר אנד דיפרנט בעמ,,,"י""ח",500,"ל מ""ל",false,1,42.90,8.58,false,1,
7290000446776,false,פיצפוצי אורז מלא ללא סוכר ומלח בשקית 450 גרם,בטר אנד דיפרנט בעמ,,,"י""ח",500,ל גרם,false,1,19.90,3.98,false,1,
7290000446806,false,דייסת דגנים מעורבים בטר אנד דיפרנט 200 גרם,השדה מוצרים אורגניים,,,"י""ח",200,ל גרם,false,1,12.90,6.45,false,1,
7290000446813,false,ממרח חרובים עם בוטנים 350 גר',בטר אנד דיפרנט בעמ,,,"י""ח",350,ל גרם,false,1,13.90,3.97,false,1,
7290000446851,false,ממרח חלווה ודבש 350 ג' בי&די,בטר אנד דיפרנט בעמ,,,"י""ח",350,ל גרם,false,1,12.90,3.69,false,1,
7290000446936,false,ציפוי עדיף מפתיתי קורנפלקס טחון דק בטר אנד דיפרנט 300 גרם,בטר אנד דיפרנט בעמ,,,"י""ח",300,ל גרם,false,1,10.90,3.63,false,1,
7290000449128,false,סיף פנטסטיק לימון ניקוי רב תכליתי 4ל',יוניליוור ישראל שיווק בע`מ,,,"י""ח",4,ליטר,false,1,21.70,5.43,false,1,
7290000450209,false,נתחי טונה בהירה בשמן פוסידון (108 גרם),"מיוצר עי וליגר בעמ,",,,"י""ח",110,ל גרם,false,1,6,5.45,false,1,
7290000450308,false,פוסידון טונה בהירה במי מלח 77 גרם,ויליגר בעמ עבור נטו,,,"י""ח",110,ל גרם,false,1,6.50,5.91,false,1,
7290000450711,false,טונה פוסידון מארז רביעיה,שונות /שרות,,,"י""ח",440,ל גרם,false,1,18,4.09,false,1,
7290000453019,false,שמרים טריים לאפייה שקית שמרית 50 ג',שטראוס גרופ בעמ/מצונן,,,"י""ח",50,ל גרם,false,1,4.50,9,true,1,
7290000453125,false,שמרית שמרים טריים לאפיה +משפר אפיה 100ג,שטראוס גרופ בעמ/מצונן,,,"י""ח",100,ל גרם,false,1,7.40,7.40,true,1,
7290000461625,false,בייגלה שמיניות מלח בייגל בייגל 400 ג',יוניליוור ישראל שיווק בע`מ,,,"י""ח",400,ל גרם,false,1,11.90,2.98,true,1,
7290000461656,false,בייגלה מקלות מלוחים בייגל בייגל 400 גרם,"יוניליוור ישראל שיווק בע""מ",,,"י""ח",400,ל גרם,false,1,11.90,2.98,true,1,
7290000461700,false,בייגלה שמיניות גדולות מלוחות 400 גרם,יוניליוור ישראל שיווק בע`מ,,,"י""ח",400,ל גרם,false,1,12.90,3.23,false,1,
7290000461724,false,בייגלה שמיניות גדולות שומשום בייגל בייגל,"יוניליוור ישראל שיווק בע""מ",,,"י""ח",400,ל גרם,false,1,14.90,3.73,false,1,
7290000461793,false,בייגלה ארוך ארוך סידרה ירוקה בייגל בייגל 150 גרם,יוניליוור ישראל שיווק בע`מ,,,"י""ח",150,ל גרם,false,1,6.40,4.27,false,1,
7290000468877,false,ביסלי בטעם בצל 55 גרם אסם,"אסם השקעות בע""מ",,,"י""ח",1,,false,1,4.80,4.80,false,1,
7290000469638,false,"ספריי לגיהוץ קל מריטו 500 מ""ל",בולטון מניטובה,,,"י""ח",500,"ל מ""ל",false,1,19.90,3.98,false,1,
7290000474014,false,חלב שקית דל שומן 1% טרה מהדרין*,*החברה המרכזית להפצת משקאותבעמ,,,"י""ח",1,ליטר,false,1,5.04,5.04,false,1,
7290000474021,false,חלב 3% בשקית טרה (1 ליטר)פיקוח,*החברה המרכזית להפצת משקאותבעמ,,,"י""ח",1,ליטר,false,1,5.43,5.43,false,1,
7290000474076,false,"חלב קרטון 3%-1 ליטר ""טרה""-מוצר בפיקוח",החברה המרכזית טלהפצת משקאות בע,,,"י""ח",1,ליטר,false,1,6.23,6.23,false,1,
7290000474090,false,"חלב בקרטון 1%- 1 ליטר בד""צ - מוצר בפיקוח",*החברה המרכזית להפצת משקאותבעמ,,,"י""ח",1,ליטר,false,1,5.86,5.86,false,1,
7290000474373,false,"שמנת חמוצה 15% שומן 200 מ""ל טרה",החברה המרכזית טלהפצת משקאות בע,,,"י""ח",200,"ל מ""ל",false,1,2.40,1.20,false,1,
7290000474502,false,גבינה לבנה טרה 5% מרכיבים טבעיים,*החברה המרכזית להפצת משקאותבעמ,,,"י""ח",250,ל גרם,false,1,4.98,1.99,false,1,
7290000474540,false,גבינה טוב טעם 3% טרה 250ג' מהדרין,החברה המרכזית טלהפצת משקאות בע,,,"י""ח",250,ל גרם,false,1,11.50,4.60,true,1,
7290000474830,false,נעם גבינה צהובה מגורדת 28% טרה 500 גרם,*החברה המרכזית להפצת משקאותבעמ,,,"י""ח",500,ל גרם,false,1,32.90,6.58,true,1,
7290000480442,false,קוואקר שיבולת שועל בשקית 500 גרם,שטראוס פריטו ליי בע`מ,,,"י""ח",500,ל גרם,false,1,14.90,2.98,true,1,
7290000481210,false,לחם אחיד פרוס}דגנית{*900,דגנית עין בר ~~~,,,"י""ח",900,ל גרם,false,1,8.40,0.93,false,1,
7290000484747,false,"ארק עלית 700 מ""ל 40% יקב הגליל*",יקב הגליל יוסף גולד ובניו,,,"י""ח",700,"ל מ""ל",false,1,55.90,7.94,false,1,
7290000490311,false,מנבו וניל פלדמן 6 יחידות,פלקו בעמ,,,"י""ח",6,"י""ח",false,1,12.90,2.15,false,1,
7290000490397,false,מנבו וניל פלדמן 20 יחידות,הגלידות של פלדמן,,,"י""ח",20,"י""ח",false,1,32.90,1.65,false,1,
7290000490779,false,קרמבו מנבו מוקה 6 יח`,פלקו בעמ,,,"י""ח",6,"י""ח",false,1,12.90,2.15,false,1,
7290000493176,false,אסם אבקת רוטב צלי לבשר 22 ג',קבוצת אוסם סחר שותפות מוגבלת,,,"י""ח",22,ל גרם,false,1,5,22.73,false,1,
7290000493183,false,אבקת רוטב פטריות לבשר-30 גרם,קבוצת אוסם סחר שותפות מוגבלת,,,"י""ח",30,ל גרם,false,1,5,16.67,false,1,
7290000497044,false,לחם אקטיב ברמן (750 גרם),מאפית י את א ברמן בע,,,"י""ח",1,,false,1,15.90,15.90,false,1,
7290000497112,false,"לחם כהה פרוס וארוז ""ברמן""-מוצר בפיקוח",מאפית י את א ברמן בע,,,"י""ח",750,ל גרם,false,1,6.90,0.92,false,1,
7290000497204,false,פיתות בשקית חמישיה. ברמן,מאפית י את א ברמן בע,,,"י""ח",500,ל גרם,false,1,7.90,1.58,true,1,
7290000497532,false,לחם ברמן לעניין פרוס ברמן (750 גרם),מאפית י את א ברמן בע,,,"י""ח",750,ל גרם,false,1,14.90,1.99,false,1,
7290000497570,false,לחם דגנים פלוס ברמן 500 גרם,מאפית י את א ברמן בע,,,"י""ח",750,ל גרם,false,1,15.90,2.12,false,1,
7290000498256,false,מארז 10 לחמניות בשקית ברמן,מאפית י את א ברמן בע,,,"י""ח",1,,false,1,12.90,12.90,false,1,
7290000498461,false,סופגניה מאפית ברמן,שונות /שרות,,,"י""ח",80,ל גרם,false,1,3.80,4.75,false,1,
7290000504025,false,ממתיק סוכרזית פטרייה עלית 300 גרם,אף.סי תבליני בגליל ב,,,"י""ח",246,ל גרם,false,1,9.90,4.02,true,1,
7290000504049,false,סוכרזית קלאסי קנקן 1200 טבליות,אף.סי תבליני בגליל ב,,,"י""ח",984,ל גרם,false,1,23.90,2.43,true,1,
7290000504209,false,"סוכרזית דיאט טיפ נוזלי 220 מ""ל",אף.סי תבליני בגליל ב,,,"י""ח",220,"ל מ""ל",false,1,17.90,8.14,true,1,
7290000504278,false,ממתיק סוכרזית אריזת פטנט 700 טבליות,אף.סי תבליני בגליל ב,,,"י""ח",574,ל גרם,false,1,17.90,3.12,true,1,
7290000515106,false,סולת וחבילות באר שבע,טחנות קמח שטיבל בש בעמ,,,"י""ח",1,"ק""ג",false,1,5.20,5.20,false,1,
7290000518169,false,ממתיק מתוק וקל 1000 טבליות,מתוק וקל בע`מ,,,"י""ח",1000,"י""ח",false,1,10.40,0.01,false,1,
7290000518176,false,ממתיק מתוק וקל 250 שקיות,מתוק וקל בע`מ,,,"י""ח",2.50,"י""ח",false,1,16.90,6.76,false,1,
7290000518251,false,ממתיק זהב מתוק וקל 100 יחידות,מתוק וקל בע`מ,,,"י""ח",100,"י""ח",false,1,12.80,0.13,false,1,
7290000521404,false,"יין מרום גליל קברנה סוביניון סינגל 750 מ""ל",תאי פרזידנט פוד פאבל,,,"י""ח",750,"ל מ""ל",false,1,34.90,4.61,true,1,
7290000521411,false,יין מרום גליל סינגל מרלו 750 מל,תאי פרזידנט פוד פאבל,,,"י""ח",750,"ל מ""ל",false,1,34.90,4.61,true,1,
7290000521428,false,"יין שרדונה מרום גליל 750 מ""ל","כרמי צבי-אחים סגל בע""\מ",,,"י""ח",750,"ל מ""ל",false,1,34.90,4.61,true,1,
7290000523125,false,מלח הארץ הים האדום 250 ג' עדין,"חברת מלח הארץ אילת בע""\מ",,,"י""ח",250,ל גרם,false,1,5.40,2.16,false,1,
7290000523224,false,מלח הארץ הים האדום 500 ג' עדין,"חברת מלח הארץ אילת בע""\מ",,,"י""ח",500,ל גרם,false,1,8.90,1.78,false,1,
7290000523514,false,מלח ים יבש מופחת נתרן מלח הארץ (250 גרם),"חברת מלח הארץ אילת בע""\מ",,,"י""ח",250,ל גרם,false,1,9.90,3.96,false,1,
7290000525969,false,מיץ תפוזים סחוט רכיבים טבעיים פרימור 1 ליטר,שטראוס גרופ בעמ/מצונן,,,"י""ח",1,ליטר,false,1,15.90,15.90,true,1,
7290000530086,false,נקניק סלמי מעושן 7000 זוגלובק (600 גרם),נקניק נהריה כשר זוגל,,,"י""ח",800,ל גרם,false,1,29.90,3.74,true,1,
7290000530109,false,קבנוס זוגי בואקום זוגלובק 180ג',נקניק נהריה כשר זוגל,,,"י""ח",400,ל גרם,false,1,24.90,6.23,true,1,
7290000530116,false,נקניק סלמי מעושן בשן 470 ג' זוגלובק,נקניק נהריה כשר זוגל,,,"י""ח",700,ל גרם,false,1,28.90,4.13,true,1,
7290000530291,false,נקניק מבשר הודו קטן זוגלובק 750 גרם,נקניק נהריה כשר זוגל,,,"י""ח",800,ל גרם,false,1,21.90,2.74,true,1,
7290000530413,false,המבורגר זהב זוגלובק 400 גרם,נקניק נהריה כשר זוגל,,,"י""ח",400,ל גרם,false,1,21.90,5.48,true,1,
7290000530468,false,"נקניקיות וינר זוגלובק 1 ק""ג",זוגלובק שיווק בעמ,,,"י""ח",1,"ק""ג",false,1,27.90,27.90,true,1,
7290000530598,false,נקניקיות עוף וינר זוגלובק 500 גרם,נקניק נהריה כשר זוגל,,,"י""ח",500,ל גרם,false,1,18.80,3.76,true,1,
7290000530604,false,נקניקיות וינר חריפות גוליבר 500ג זוגלובק,נקניק נהריה כשר זוגל,,,"י""ח",500,ל גרם,false,1,14.60,2.92,true,1,
7290000530703,false,פסטרמה חרמון כפרית ונקניק תה מעושן זוגלובק 2*400 גרם,נקניק נהריה כשר זוגל,,,"י""ח",800,ל גרם,false,1,26.90,3.36,true,1,
7290000531601,false,סטייק בורגר בקר זהב 400 גרם קפוא,נקניק נהריה כשר זוגל,,,"י""ח",400,ל גרם,false,1,21.90,5.48,true,1,
7290000531977,false,בורקס במילוי גבינה זוגלובק 800 גרם,נקניק נהריה כשר זוגל,,,"י""ח",800,ל גרם,false,1,19.70,2.46,true,1,
7290000533353,false,"בצק עלים מרודד זוגלובק 1 ק""ג",מאפיית אריאל וגידרון,,,"י""ח",1,"ק""ג",false,1,16.90,16.90,true,1,
7290000536316,false,שניצל מן הצומח זוגלובק (1 קג),נקניק נהריה כשר זוגל,,,"י""ח",1,"ק""ג",false,1,32.90,32.90,true,1,
7290000537566,false,נקניקיות עוף טרי 400 ג' זוגלובק,נקניק נהריה כשר זוגל,,,"י""ח",400,ל גרם,false,1,10.90,2.73,true,1,
7290000537603,false,"נקניקיות עוף 1 ק""ג זוגלובק.",זוגלובק שיווק בעמ,,,"י""ח",1,"ק""ג",false,1,24.90,24.90,true,1,
7290000538709,false,נקניק סלמי תה מעושן זוגלובק 200 גרם,נקניק זוגלובק נהריה,,,"י""ח",200,ל גרם,false,1,14.90,7.45,false,1,
7290000540160,false,עוגיות ללא סוכר 500 גרם קמח מלא,ציון תורג`מן בעמ,,,"י""ח",500,ל גרם,false,1,22.50,4.50,false,1,
7290000552569,false,סטייקבורגר בקר טיבון ויל 400 גרם,"טיבון ויל אחזקות בע""\מ",,,"י""ח",400,ל גרם,false,1,20.90,5.23,true,1,
7290000554402,false,מעדן חלב מלבי גד (160 גרם),מחלבות גד שיווק 1992 בעמ,,,"י""ח",160,"ל מ""ל",false,1,6,3.75,false,1,
7290000554624,false,ירח מתוק מעדן חלב עם אורז 3% גד 150 גרם,מחלבות גד שיווק 1992 בעמ,,,"י""ח",150,"ל מ""ל",false,1,6,4,false,1,
7290000554822,false,ריקוטה גבינה לבנה בסגנון איטלקי 5% גד 250 גרם,מחלבות גד שיווק 1992 בעמ,,,"י""ח",250,ל גרם,false,1,15.90,6.36,false,1,
7290000554969,false,גב.שמנת 30%שומן1קג משקל,מחלבות גד,,,"ק""ג",1,,true,1,43.90,43.90,false,1,
7290000560533,false,אדג`פרו ג`ל לגילוח רגיל ירוק 220 מל,אס.סי ג'ונסון ובניו,,,"י""ח",200,ל גרם,false,1,17.90,8.95,false,1,
7290000572055,false,אחוה חלוה ללא סוכר עם סיבים ואגוזים 400 גרם,אחדות ביחר לטחינה חל,,,"י""ח",400,ל גרם,false,1,14.90,3.73,false,1,
7290000572208,false,חלוה בטעם וניל אחווה 100 גרם,שוורצקוף& הנקל דיסלד,,,"י""ח",100,ל גרם,false,1,2.90,2.90,false,1,
7290000572215,false,חלבה``שלגון``מצופה 80 גרם בד``צ,אחדות ביתחרושת לטחינה חלבה,,,"י""ח",80,ל גרם,false,1,2.90,3.63,false,1,
7290000572222,false,חלווה בלוק וניל אחוה 500 גרם,שוורצקוף& הנקל דיסלד,,,"י""ח",500,ל גרם,false,1,10.90,2.18,false,1,
7290000572529,false,חלוה עם פיסטוק אחווה 400 גרם,אחדות ביתחרושת לטחינה חלבה,,,"י""ח",400,ל גרם,false,1,14.90,3.73,false,1,
7290000572536,false,אחווה חלווה ווניל במגש 400 גר,אחדות ביתחרושת לטחינה חלבה,,,"י""ח",400,ל גרם,false,1,14.90,3.73,false,1,
7290000572628,false,חלבה חטיף לייט 25 ג* 11יח קופ`שי אחוה,אחדות ביחר לטחינה חל,,,"י""ח",276,ל גרם,false,1,10.90,3.95,false,1,
7290000572673,false,חלבה וניל קקאו ואגוזים אחוה (25x12 גרם),שוורצקוף& הנקל דיסלד,,,"י""ח",300,ל גרם,false,1,15.90,5.30,false,1,
7290000572819,false,"טחינה גולמית אחווה 1 ק""ג",אחדות ביחר לטחינה חל,,,"י""ח",1,"ק""ג",false,1,21.90,21.90,false,1,
7290000574035,false,לחם אחיד פרוס דגנית עין בר (750 גרם),דגנית עין בר תעשיות מזון ואפיה,,,"י""ח",750,ל גרם,false,1,6.30,0.84,false,1,
7290000599021,false,מקל מתכת,מ.א.ייצור ויבוא מטליות בעמ,,,"י""ח",1,,false,1,4,4,false,1,
7290000599090,false,מקל מטאטא טיטניום,*** מ.א.ייצור ויבוא מטליות,,,"י""ח",1,,false,1,6,6,false,1,
7290000599861,false,"מגב פלסטיק 40 ס""מ + הברגה",מ.א.ייצור ויבוא מטליות בעמ,,,"י""ח",1,,false,1,9,9,false,1,
7290000602134,false,ביצים סופר טרייה 12 L,תנובה ביצים,,,"י""ח",1,,false,1,24.25,24.25,false,1,
7290000611884,false,כבד עוף טרי ארוז לצל,ח.י. מעדני גורמה בעמ,,,"ק""ג",1,,true,1,29.90,29.90,false,1,
7290000611891,false,לבבות עוף טרי ארוז,ח.י. מעדני גורמה בעמ,,,"ק""ג",1,,true,1,29.90,29.90,false,1,
7290000631226,false,כבד עוף טרי עטרה מחיר לפ,ח.י. מעדני גורמה בעמ,,,"ק""ג",1,"ק""ג",true,1,34.90,34.90,false,1,
7290000631424,false,פרגיות עוף טרי[קצביה]**,"ח.י. מעדני גורמה בע""מ",,,"ק""ג",1,"ק""ג",true,1,79.90,79.90,true,1,
7290000632209,false,חזה עוף קפוא עטרה מחיר ל,נטו מלינדה סחר בעמ,,,"ק""ג",1,"ק""ג",true,1,41.90,41.90,false,1,
7290000632391,false,כרעיים עוף קפוא עטרה מחי,נטו מלינדה סחר בעמ,,,"ק""ג",1,"ק""ג",true,1,37.90,37.90,false,1,
7290000632452,false,כרעיים עוף טרי(קצביה )**.,"ח.י. מעדני גורמה בע""מ",,,"ק""ג",1,"ק""ג",true,1,36.90,36.90,true,1,
7290000632551,false,ירכיים טרי]קצביה[**,"ח.י. מעדני גורמה בע""מ",,,"ק""ג",1,"ק""ג",true,1,29.90,29.90,false,1,
7290000632698,false,שוקיים עוף קפוא עטרה מחי,נטו מלינדה סחר בעמ,,,"ק""ג",1,"ק""ג",true,1,38.90,38.90,false,1,
7290000632759,false,שוקיים עוף טרי (קצביה)**,"ח.י. מעדני גורמה בע""מ",,,"ק""ג",1,"ק""ג",true,1,42.90,42.90,true,1,
7290000633855,false,כנפיים עוף טרי מקוצבות[קצביה],"ח.י. מעדני גורמה בע""מ",,,"ק""ג",1,"י""ח",true,1,16.90,16.90,true,1,
7290000640150,false,הודו שלם נקבה}קצביה{**,ח.י. מעדני גורמה בעמ,,,"ק""ג",1,"ק""ג",true,1,29.90,29.90,false,1,
7290000641157,false,קורקבן הודו טרי(קצביה{**,"ח.י. מעדני גורמה בע""מ",,,"ק""ג",1,,true,1,13.90,13.90,false,1,
7290000641386,false,שריר הזרוע מחפוד 8 קפוא,ב ספק בשר קפוא,,,"ק""ג",1,,true,1,37.90,37.90,false,1,
7290000643250,false,עוף טרי מפורק(קצביה)**,"ח.י. מעדני גורמה בע""מ",,,"י""ח",1,,true,1,23.90,23.90,false,1,
7290000659312,false,דגי תנובה פילה סלומון קפוא בוואקום,תנובה בשר,,,"ק""ג",1,"ק""ג",true,1,69.90,69.90,false,1,
7290000663166,false,פילה הייק דרום אפריקאי קפוא,תנובה קפואים,,,"ק""ג",1,,true,1,49,49,false,1,
7290000688077,false,"מי עדן 0.500 מ""ל פקק רגיל",יפאורה שותפות מוגבלת לשיווק,,,"י""ח",500,"ל מ""ל",false,1,3.20,0.58,true,1,
7290000692227,false,נוזל כלים פלמוליב צילינדר קלאסי 1 ליטר,יבואן ומשווק: ש. שסט,,,"י""ח",1,ליטר,false,1,12.90,12.90,false,1,
7290000692456,false,אג'קס חלונות זוג 750*2 מל ספריי ורפיל,הנסיך- מפעל לייצור ט,,,"י""ח",1.50,ליטר,false,1,23.90,15.93,false,1,
7290000692746,false,"קולגייט אדומה הגנה מקסימלית 75 מ""ל כשל""פ",קולגייט-פלמוליב,,,"י""ח",75,ל גרם,false,1,7.90,10.53,true,1,
7290000805368,false,בונזו גורים 3 קג' - אירוז חדש,דיפלומט מפיצים (1968) בעמ**,,,"י""ח",3,"ק""ג",false,1,64.90,21.63,false,1,
7290000805795,false,חול לחתולים יורו קיט,דיפלומט מפיצים (1968) בעמ**,,,"י""ח",10,"ק""ג",false,1,29.90,2.99,false,1,
7290000805900,false,"מזון חתולים לה קט עוף 2.85 ק""ג",דיפלומט מפיצים (1968) בעמ**,,,"י""ח",2.85,"ק""ג",false,1,69.90,24.53,false,1,
7290000805917,false,"מזון חתולים לה קט כבד 2.85 ק""ג",דיפלומט מפיצים (1968) בעמ**,,,"י""ח",2.85,"ק""ג",false,1,69.90,24.53,false,1,
7290000805924,false,"מזון חתולים לה קט דגים 2.85 ק""ג",דיפלומט מפיצים (1968) בעמ**,,,"י""ח",2.85,"ק""ג",false,1,69.90,24.53,false,1,
7290001041260,false,שומשום מיה (400 גרם),מיה תעשיות מזון מ.ת.מ. בעמ,,,"י""ח",400,ל גרם,false,1,11.90,2.98,false,1,
7290001041291,false,לקקן סוכריה על מקל 70יח',מיה תעשיות מזון מ.ת.מ. בעמ,,,"י""ח",100,ל גרם,false,1,19.90,19.90,true,1,
7290001041994,false,"סוכר דמררה בצנצנת מיה 1 ק""ג",מיה תעשיות מזון מ.ת.מ. בעמ,,,"י""ח",1,"ק""ג",false,1,12.50,12.50,false,1,
7290001045169,false,מיץ תפוחי עץ צלול פרימור 1 ליטר,שטראוס גרופ בעמ/מצונן,,,"י""ח",1,ליטר,false,1,15.90,15.90,true,1,
7290001121054,false,צמד חמד פסטרמה וסלמי יחיעם 700 גרם,מעדני יחיעם ( 1993 ) בע`מ,,,"י""ח",850,ל גרם,false,1,24.90,2.93,false,1,
7290001123775,false,שווארמה אמיתית פרגיות טיבון ויל 500 גרם,"טיבול ויל אחזקות בע""",,,"י""ח",500,ל גרם,false,1,24.90,4.98,true,1,
7290001123782,false,שווארמה אמיתית הודו טיבון ויל (500 גרם),נטו מלינדה סחר בע`מ,,,"י""ח",500,ל גרם,false,1,25.90,5.18,true,1,
7290001124611,false,שומן כבש טיבון ויל 200 גרם,טיבון ויל אחזקות בעמ,,,"י""ח",200,ל גרם,false,1,24.60,12.30,false,1,
7290001136287,false,"שמפו לשיער רגיל בבושם פרחים נקה 7 750 מ""ל",החברה הדרומית לשיווק בעמ,,,"י""ח",750,"ל מ""ל",false,1,12.90,1.72,false,1,
7290001136294,false,"שמפו לשיער יבש בבישום פרחים נקה 7 750 מ""ל",החברה הדרומית לשיווק בעמ,,,"י""ח",750,"ל מ""ל",false,1,12.90,1.72,false,1,
7290001136683,false,"מרכך לשיער רגיל בבושם פרחים נקה 7 750 מ""ל",החברה הדרומית לשיווק בעמ,,,"י""ח",750,"ל מ""ל",false,1,12.90,1.72,false,1,
7290001136799,false,נקה 7 תחליב רחצה ארומה ורוד יסמין 1 ל',החברה הדרומית לשיווק בעמ,,,"י""ח",1,ליטר,false,1,12.90,12.90,false,1,
7290001136973,false,נקה 7 תחליב רחצה ארומה קמומיל לבן 1 ל',החברה הדרומית לשיווק בעמ,,,"י""ח",1,ליטר,false,1,12.90,12.90,false,1,
7290001209516,false,סטייק עין עטרה מעובד עטרה 800 גרם,נטו מלינדה סחר - עטרה,,,"י""ח",800,ל גרם,false,1,49.90,6.24,false,1,
7290001245699,false,אקונומיקה סמיכה בניחוח לימון 4 ל' טאצ',סאסאטק אגשח בעמ,,,"י""ח",4,ליטר,false,1,12.90,3.23,true,1,
7290001245705,false,אקונומיקה מבושמת 4 ליטר טאצ',סאסאטק אגשח בעמ,,,"י""ח",4,ליטר,false,1,10.90,2.73,false,1,
7290001245958,false,מרכך כביסה ורוד 4 ליטר טאצ',סאסאטק אגשח בעמ,,,"י""ח",4,ליטר,false,1,15.90,3.98,true,1,
7290001245965,false,מרכך כביסה כחול 4 ליטר טאצ',סאסאטק אגשח בעמ,,,"י""ח",4,ליטר,false,1,15.90,3.98,true,1,
7290001245972,false,מרכך כביסה לבן 4 ליטר טאצ',סאסאטק אגשח בעמ,,,"י""ח",4,ליטר,false,1,15.90,3.98,true,1,
7290001245989,false,מרכך כביסה 4 ליטר טאצ' סגול,סאסאטק אגשח בעמ,,,"י""ח",4,ליטר,false,1,15.90,3.98,true,1,
7290001245996,false,מרכך כביסה 4 ליטר טאצ' צהוב,סאסאטק אגשח בעמ,,,"י""ח",4,ליטר,false,1,15.90,3.98,true,1,
7290001246122,false,"תרסיס ניקוי כללי+ אקונומיקה 750 מ""ל טאצ",סאסאטק אגשח בעמ,,,"י""ח",75,"ל מ""ל",false,1,12.90,17.20,false,1,
7290001247068,false,קרטונית נקטר ספרינג תות בננה 1 ליטר,יפאורה שותפות מוגבלת לשיווק,,,"י""ח",1,ליטר,false,1,6.90,6.90,true,1,
7290001247082,false,מיץ עגבניות רכיבים טבעיים ספרינג 1 ליטר,יפאורה שותפות מובגלת לשיווק,,,"י""ח",1,ליטר,false,1,6.90,6.90,true,1,
7290001247099,false,קרטונית נקטר ספרינג מנגו 1 ליטר,יפאורה שותפות מובגלת לשיווק,,,"י""ח",1,ליטר,false,1,6.90,6.90,true,1,
7290001247105,false,קרטונית נקטר ספרינג אפרסק 1 ליטר,יפאורה שותפות מובגלת לשיווק,,,"י""ח",1,ליטר,false,1,6.90,6.90,true,1,
7290001247112,false,קרטונית נקטר ספרינג לימונענע 1 ליטר,יפאורה שותפות מובגלת לשיווק,,,"י""ח",1,ליטר,false,1,6.90,6.90,true,1,
7290001247129,false,נקטר ספרינג תפוזים קרטונית 1 ל',יפאורה שותפות מובגלת לשיווק,,,"י""ח",1,ליטר,false,1,6.90,6.90,true,1,
7290001247143,false,קרטונית נקטר ספרינג תפוחים 1 ליטר,יפאורה שותפות מובגלת לשיווק,,,"י""ח",1,ליטר,false,1,6.90,6.90,true,1,
7290001265642,false,"מזון חתולים מעדני פטה 1.2 ק""ג מארז 3 יחידות",דיפלומט מפיצים (1968) בעמ**,,,"י""ח",1.20,"ק""ג",false,1,19.90,16.58,false,1,
7290001305058,false,"פלמוליב - נטורלס תחליב רחצה חלב ודבש 500 מ""ל",הנסיך- מפעל לייצור ט,,,"י""ח",500,"ל מ""ל",false,1,15.90,3.18,true,1,
7290001305188,false,"נוזל לניקוי כלים בריח לימון פלמוליב 750 מ""ל",יבואן ומשווק: ש. שסט,,,"י""ח",750,"ל מ""ל",false,1,11.90,1.59,true,1,
7290001327180,false,שטראוס קרמיסימו וניל ציפ 1.33 ליטר,"גלידת שטראוס בע""\מ, רחוב",,,"י""ח",1.33,ליטר,false,1,18.90,14.21,false,1,
7290001327791,false,גלידה קרמיסימו וניל עוגיות 1.33 ליטר,"גלידת שטראוס בע""\מ, רחוב",,,"י""ח",1.33,ליטר,false,1,18.90,14.21,false,1,
7290001407752,false,טחינה גולמית עם פטרוזליה בארכה 500ג',קבוצת אוסם סחר שותפות מוגבלת,,,"י""ח",500,ל גרם,false,1,16.90,3.38,false,1,
7290001407769,false,טחינה גולמית בארכה שומשום מלא 500 גרם,קבוצת אוסם סחר שותפות מוגבלת,,,"י""ח",500,ל גרם,false,1,13.90,2.78,false,1,
7290001482186,false,אננס חתוך בסירופ קל ויליפוד 565 גרם,ג.וילי פוד אינטרנשיונל בעמ,,,"י""ח",567,ל גרם,false,1,5.90,1.04,false,1,
7290001485019,false,גבינת קרם שמנת טבעי 5% טרה 200 גרם,*החברה המרכזית להפצת משקאותבעמ,,,"י""ח",200,ל גרם,false,1,11.90,5.95,false,1,
7290001485026,false,גבינת קרם שמנת זיתים 5% טרה 200 גרם,*החברה המרכזית להפצת משקאותבעמ,,,"י""ח",200,ל גרם,false,1,11.90,5.95,false,1,
7290001485033,false,גבינת קרם שמנת 5% שום שמיר טרה (200 גרם),*החברה המרכזית להפצת משקאותבעמ,,,"י""ח",200,ל גרם,false,1,11.90,5.95,false,1,
7290001491010,false,תה ירוק יסמין ויסוצקי 25 יחידות,תה ויסוצקי (ישראל) בעמ,,,"י""ח",37.50,ל גרם,false,1,24.90,66.40,true,1,
7290001567555,false,פסטרמה מעודנת עם דבש 300 ג' יחיעם,מעדני יחיעם (1993) בעמ,,,"י""ח",300,ל גרם,false,1,19.90,6.63,false,1,
7290001594155,false,"קוקה-קולה בבקבוק אישי 500 מ""ל",החברה המרכזית להפצת משקאות בעמ,,,"י""ח",500,"ל מ""ל",false,1,7.50,1.44,true,1,
7290001594179,false,"פאנטה אורנג' בבקבוק אישי 500 מ""ל",החברה המרכזית להפצת משקאות בעמ,,,"י""ח",500,"ל מ""ל",false,1,7.50,1.44,true,1,
7290001594230,false,קינלי סודה בבקבוק זכוכית,החברה המרכזית להפצת משקאות בעמ,,,"י""ח",250,"ל מ""ל",false,1,3.20,1.16,true,1,
7290001594377,false,פריגת תפוזים 0.5 ליטר חייב בפקדון,החברה המרכזית להפצת משקאות בעמ,,,"י""ח",500,"ל מ""ל",false,1,5.20,0.98,true,1,
7290001594384,false,פריגת אשכוליות 0.5 ליטר חייב בפקדון,החברה המרכזית להפצת משקאות בעמ,,,"י""ח",500,"ל מ""ל",false,1,5.20,0.98,true,1,
7290001594391,false,"פריגת משקה קל ענבים בבקבוק אישי 500 מ""ל",החברה המרכזית להפצת משקאות בעמ,,,"י""ח",500,"ל מ""ל",false,1,5.20,0.98,true,1,
7290001594568,false,בירה בפחית קרלסברג (500 מל),החברה המרכזית להפצת משקאות בעמ,,,"י""ח",500,"ל מ""ל",false,1,9.90,1.92,false,1,
7290001594575,false,בירה בפחית רד טובורג (500 מל),החברה המרכזית להפצת משקאות בעמ,,,"י""ח",500,"ל מ""ל",false,1,9.30,1.80,true,1,
7290001594858,false,מארז שישייה בירה טובורג רד (330x6 מל),החברה המרכזית להפצת משקאות בעמ,,,"י""ח",1.98,ליטר,false,1,41.70,20.15,true,1,
7290001670651,false,מנגל חד פעמי קטן הנמל,הנמל אריזות ושווק בעמ,,,"י""ח",1,,false,1,19.90,19.90,false,1,
7290001723319,false,סינר+סקוטש משובח,אינטרסן (1996) בעמ,,,"י""ח",1,,false,1,9.90,9.90,false,1,
7290001723357,false,מוצץ סיליקון אורטודנטי סימטרי רך בינוני-זוג,הדקלאים אגודת שיתופי,,,"י""ח",1,,false,1,21.80,21.80,true,1,
7290001723364,false,מוצץ סיל' אורט' ידית קצר-זוג-מרכז.,אינטרסן (1996) בעמ,,,"י""ח",1,,false,1,21.80,21.80,true,1,
7290001780428,false,מאגדת גלידת לייט שוקולד נסטלה 6יח' 312ג',נגה גלידות שותפות מוגבלת,,,"י""ח",312,ל גרם,false,1,26.90,8.62,false,1,
7290001780800,false,שלגון קראנץ שוקולד ליבת נוגט נסטלה 100 גרם,נגה גלידות שותפות מוגבלת,,,"י""ח",1,,false,1,10,10,true,1,
7290001791349,false,אקונומיקה פיסגה ריחנית סנו (4 ליטר),החברה הדרומית לשיווק בעמ,,,"י""ח",4,ליטר,false,1,11.90,2.98,false,1,
7290001791356,false,"פרש מבשם אויר אוטומטי בניחוח לבנדר סנו 250 מ""ל",החברה הדרומית לשיווק בעמ,,,"י""ח",165,ל גרם,false,1,13.90,8.42,false,1,
7290001791363,false,"מטהר אויר בניחוח וניל קוקוס מילוי סנו 250 מ""ל",החברה הדרומית לשיווק בעמ,,,"י""ח",165,ל גרם,false,1,13.90,8.42,false,1,
7290001813454,false,"עוגיות חיוכים שוקולד עלית 900 גרם מארז 6 יחידות בד""צ","אפיפית נצרת (1971) בע""\מ",,,"י""ח",900,ל גרם,false,1,21.90,2.43,true,1,
7290001813478,false,"עוגיות חיוכים וניל עלית 900 גרם מארז 6 יחידות בד""צ","אפיפית נצרת (1971) בע""\מ",,,"י""ח",900,ל גרם,false,1,20.30,2.26,true,1,
7290001817377,false,צ`יטוס איקס עיגול בטעם פיצה 60 גרם,"שטראוס פריטו ליי בע""\מ )",,,"י""ח",60,ל גרם,false,1,3.60,6,true,1,
7290001817728,false,צ'יטוס אפוי כאפה בטעם קטשופ 55 גרם,"שטראוס פריטו ליי בע""\מ )",,,"י""ח",0.55,"י""ח",false,1,3.60,6.55,true,1,
7290001855232,false,שמן למאור מרום הגליל,ירושלים שיווק שמן זית וזיתים,,,"י""ח",1,ליטר,false,1,14.90,14.90,false,1,
7290001901243,false,גפילטע פיש ירושלמי בצנצנת קלאסי דג 670 גרם,ח.כהן סוכנות מזון ומשקאות בע,,,"י""ח",8,"י""ח",false,1,19.90,2.49,false,1,
7290001901250,false,גפילטע פיש הונגרי בצנצנת קלאסי דג 670 גרם,ח.כהן סוכנות מזון ומשקאות בע,,,"י""ח",8,"י""ח",false,1,19.90,2.49,false,1,
7290001917527,false,פרש וואנס פדים להסרת איפור 80 יח' *3,דנשר (1963) בעמ,,,"י""ח",1,,false,1,19.20,19.20,false,1,
7290001922231,false,כדורי פלאפל 700גר שף הטבע,קפוא זן תעשיות מזון בעמ,,,"י""ח",700,ל גרם,false,1,15.90,2.27,false,1,
7290001990094,false,"סוכר חום כהה צנצנת קלאסי סוגת 1ק""ג",האי נאם סי או אל.טי.,,,"י""ח",1,"ק""ג",false,1,14.90,14.90,false,1,
7290001990148,false,"סוכר גולדן קלאסי בצנצנת 1 ק""ג סוגת",האי נאם סי או אל.טי.,,,"י""ח",1,"ק""ג",false,1,12.90,12.90,false,1,
7290001990278,false,"שעועית לבנה 1 ק""ג סוגת","סוגת תעשיות בע""\מ",,,"י""ח",1,"ק""ג",false,1,16.90,16.90,true,1,
7290001990407,false,"עדשים ירוקות סוגת 1 ק""ג","סוגת תעשיות בע""\מ",,,"י""ח",1,"ק""ג",false,1,13.90,13.90,true,1,
7290001990414,false,"עדשים אדומות סוגת 1 ק""ג","סוגת תעשיות בע""\מ",,,"י""ח",1,"ק""ג",false,1,14.90,14.90,true,1,
7290001990421,false,"פופקורן גרעינים סוגת 1 ק""ג","סוגת תעשיות בע""\מ",,,"י""ח",1,"ק""ג",false,1,9.90,9.90,true,1,
7290002000136,false,שעווה לחימום במיקרוגל - דבש ופרופוליס,"ש. שוורץ )באר שבע( בע""\מ",,,"י""ח",500,ל גרם,false,1,19.90,3.98,false,1,
7290002000143,false,"חדש -פנג'ל ק.ידיים קלאסיק 80מ""ל",מיוצר עי קונדיטוריית,,,"י""ח",100,"ל מ""ל",false,1,8.90,8.90,false,1,
7290002002857,false,"מגע הדבש, ניירות להסרת שיער בשעווה, 50 יחידות","איטיליאן פוד, אס.פי.",,,"י""ח",1,"י""ח",false,1,19.90,19.90,false,1,
7290002007999,false,צלחות פלסטיק גדולות חד פעמיות 50 יח,הנמל אריזות ושיווק (1984) בעמ,,,"י""ח",1,,false,1,18.90,18.90,false,1,
7290002014201,false,חומוס מעדני מיקי 200 גרם,"סלטי שמיר 2006 בע""\מ",,,"י""ח",200,ל גרם,false,1,7.90,3.95,true,1,
7290002014218,false,טחינה מעדני מיקי 200 גרם,"סלטי שמיר 2006 בע""\מ",,,"י""ח",200,ל גרם,false,1,7.90,3.95,true,1,
7290002014232,false,סלט טורקי 200 גרם מעדני מיקי,סלטי שמיר2006בעמ,,,"י""ח",200,ל גרם,false,1,7.90,3.95,true,1,
7290002014751,false,כרוב אדום 200 גרם מעדני מיקי,"סלטי שמיר 2006 בע""\מ",,,"י""ח",200,ל גרם,false,1,7.90,3.95,true,1,
7290002014799,false,מטבוחה מעדני מיקי 200 גרם,"סלטי שמיר 2006 בע""\מ",,,"י""ח",200,ל גרם,false,1,7.90,3.95,true,1,
7290002019114,false,רוטב עגבניות מרוכז מאד 28-30BX פריניר,ח.כהן סוכנות מזון ומשקאות בע,,,"י""ח",580,ל גרם,false,1,6.90,1.19,false,1,
7290002019183,false,"עגבניות מקולפות 800ג בד""ץ פריניר*",ח.כהן סוכנות מזון ומשקאות בע,,,"י""ח",850,ל גרם,false,1,6.80,0.80,false,1,
7290002019763,false,עגבניות מרוסקות 800ג פריניר ה.מכירה *,ח.כהן סוכנות מזון ומשקאות בע,,,"י""ח",800,ל גרם,false,1,6.90,0.86,false,1,
7290002019787,false,רוטב עגבניות מרוכז מאוד 260 גרם פריניר,ח.כהן סוכנות מזון ומשקאות בע,,,"י""ח",260,ל גרם,false,1,4.10,1.58,false,1,
7290002019794,false,רוטב עגבניות מרוכז מאוד 100 גרם פריניר,ח.כהן סוכנות מזון ומשקאות בע,,,"י""ח",100,ל גרם,false,1,2,2,false,1,
7290002022152,false,מרשמלו ורוד לבן וסטהיים 100ג36X שקיות בקרטון,כרמית תעשיות ממתקים בעמ,,,"י""ח",100,ל גרם,false,1,4.10,4.10,false,1,
7290002026365,false,טבעות בצל אריסטו קראנץ' 500 גרם,מוצרי איכות אמריקאיים בעמ,,,"י""ח",1,"י""ח",false,1,13.90,13.90,false,1,
7290002026587,false,וופל בלגי פרווה בראנץ אנד קראנץ 8 יח',מוצרי איכות אמריקאיים בעמ,,,"י""ח",280,ל גרם,false,1,16,5.71,true,1,
7290002037163,false,לחם אחיד פרוס ודש ברמן (750 גרם),מאפית י.את א. ברמן ב,,,"י""ח",750,ל גרם,false,1,6.80,0.91,false,1,
7290002037309,false,לחמניות המבורגר מאפיית ודש 8),מאפית י את א ברמן בע,,,"י""ח",400,ל גרם,false,1,12.90,3.23,false,1,
7290002040019,false,קוסקוס רגיל מזון קוסקוס (350 גרם),הנמל אריזות ושיווק (1984) בעמ,,,"י""ח",350,ל גרם,false,1,6.90,1.97,false,1,
7290002040064,false,קוסקוס דק להכנה מהירה בשקית 350 גרם,הנמל אריזות ושיווק (1984) בעמ,,,"י""ח",350,ל גרם,false,1,6.90,1.97,false,1,
7290002040071,false,קוסקוס עבה להכנה קלה ומהירה 350 גרם,הנמל אריזות ושיווק (1984) בעמ,,,"י""ח",350,ל גרם,false,1,6.90,1.97,false,1,
7290002040088,false,קוסקוס מלא מזון קוסקוס (350 גרם),הנמל אריזות ושיווק (1984) בעמ,,,"י""ח",350,ל גרם,false,1,8.20,2.34,false,1,
7290002057017,false,זיתים ירוקים נובו קבוצת יבנה (540 גרם),קבוצת יבנה מוצרי מזון אגודה שי,,,"י""ח",560,ל גרם,false,1,8.90,1.59,false,1,
7290002057031,false,זיתים מבוקעים פיקנטי קבוצת יבנה 340 גרם,"קבוצת יבנה מוצרי מזון בע""מ",,,"י""ח",560,ל גרם,false,1,8.90,1.59,false,1,
7290002057048,false,זית סורי מתובל בשמן קבוצת יבנה 560 גרם,"קבוצת יבנה מוצרי מזון בע""מ",,,"י""ח",560,ל גרם,false,1,10.50,1.88,false,1,
7290002057055,false,זית סורי שלם בטעם שום יבנה 340 גרם,קבוצת יבנה מוצרי מזון בעמ,,,"י""ח",560,ל גרם,false,1,10.90,1.95,false,1,
7290002057062,false,זיתים מנזנילו ירוק בינוני קבוצת יבנה 340 גרם,קבוצת יבנה מוצרי מזון בעמ,,,"י""ח",560,ל גרם,false,1,6.90,1.23,false,1,
7290002057109,false,זיתים יבנה ירוקים גדולים מאוד שום מנזלינ,קבוצת יבנה מוצרי מזון בעמ,,,"י""ח",560,ל גרם,false,1,10.90,1.95,false,1,
7290002057123,false,זיתים ירוקים מנזנילו קבוצת יבנה 560 גרם,קבוצת יבנה מוצרי מזון אגודה שי,,,"י""ח",560,ל גרם,false,1,10.90,1.95,true,1,
7290002057147,false,זית מושחר גדול 560 ג' יבנה,קבוצת יבנה מוצרי מזון בעמ,,,"י""ח",560,ל גרם,false,1,9.90,1.77,false,1,
7290002057161,false,זיתים מרינט ביין גדול מאד קבוצת יבנה 340 גרם,קבוצת יבנה מוצרי מזון בעמ,,,"י""ח",560,ל גרם,false,1,8.90,1.59,false,1,
7290002057185,false,טבעות זיתים ירוקים קבוצת יבנה 560 גרם,קבוצת יבנה מוצרי מזון אגודה שי,,,"י""ח",560,ל גרם,false,1,10.90,1.95,false,1,
7290002057239,false,"מלפפונים בחומץ ‏9‏-‏7 קבוצת יבנה 290 גרם בד""ץ",קבוצת יבנה מוצרי מזון בעמ,,,"י""ח",560,ל גרם,false,1,6.90,1.23,false,1,
7290002057352,false,מלפפונים במלח ‏9‏-‏7‏ קבוצת יבנה 320 גרם,"קבוצת יבנה מוצרי מזון בע""מ",,,"י""ח",600,ל גרם,false,1,7.40,1.23,false,1,
7290002057369,false,מלפפונים במלח ‏12‏-‏10‏ קבוצת יבנה 320 גרם,"קבוצת יבנה מוצרי מזון בע""מ",,,"י""ח",600,ל גרם,false,1,7.90,1.32,false,1,
7290002057376,false,מלפפונים במלח ‏17‏-‏13‏ קבוצת יבנה 320 גרם,"קבוצת יבנה מוצרי מזון בע""מ",,,"י""ח",600,ל גרם,false,1,9.90,1.65,false,1,
7290002057383,false,מלפפון יבנה במלח קטנים מאוד 18-25 320 גר יבנה,"קבוצת יבנה מוצרי מזון בע""מ",,,"י""ח",600,ל גרם,false,1,12.90,2.15,true,1,
7290002057451,false,מלפפונים בחומץ ‏9‏-‏7 קבוצת יבנה 290 גרם,קבוצת יבנה מוצרי מזון אגודה שי,,,"י""ח",600,ל גרם,false,1,7.40,1.23,false,1,
7290002057468,false,מלפפון יבנה בחומץ בינוניים 10-12 290 גרם,"קבוצת יבנה מוצרי מזון בע""מ",,,"י""ח",600,ל גרם,false,1,7.90,1.32,false,1,
7290002057475,false,מלפפונים בחומץ ‏17‏-‏13 קבוצת יבנה 290 גרם,קבוצת יבנה מוצרי מזון אגודה שי,,,"י""ח",600,ל גרם,false,1,10.90,1.82,false,1,
7290002057482,false,מלפפונים קטנים בחומץ קבוצת יבנה 560 גרם,קבוצת יבנה מוצרי מזון אגודה שי,,,"י""ח",560,ל גרם,false,1,12.90,2.30,true,1,
7290002057604,false,פלפל חריף שיפקה קבוצת יבנה (540 גרם),קבוצת יבנה מוצרי מזון אגודה שי,,,"י""ח",560,ל גרם,false,1,5.50,0.98,false,1,
7290002057628,false,זיתים מושחרים טבעות קבוצת יבנה (540 גרם),קבוצת יבנה מוצרי מזון אגודה שי,,,"י""ח",540,ל גרם,false,1,10.90,2.02,false,1,
7290002057703,false,חצילים במלח קבוצת יבנה 320 גרם,"קבוצת יבנה מוצרי מזון בע""מ",,,"י""ח",560,ל גרם,false,1,6.90,1.23,false,1,
7290002057734,false,זיתים חרוזית מושחר קבוצת יבנה 275 גרם,קבוצת יבנה מוצרי מזון בעמ,,,"י""ח",540,ל גרם,false,1,7.90,1.46,false,1,
7290002057819,false,גמבה רצועות פלפל אדום A2 יבנה 300 גרם,קבוצת יבנה מוצרי מזון בעמ,,,"י""ח",300,ל גרם,false,1,7.90,2.63,false,1,
7290002065555,false,שישיית לחמנייה הכי רכה בהפסקה אנג'ל 450 גרם,מאפיית שלמה א. אנג'\ל בע,,,"י""ח",1,,false,1,10.50,10.50,false,1,
7290002079682,false,לחמניה שמיניות שומשום 120 גרם,דוידוביץ ובניו שיווק ומכירות,,,"י""ח",1,,false,1,2.60,2.60,false,1,
7290002107071,false,גבינת פטה עיזים מעודנת 16% משק צוריאל 200 גרם,החברה המרכזית טלהפצת משקאות בע,,,"י""ח",200,ל גרם,false,1,24.20,12.10,false,1,
7290002107491,false,גבינה לבנה מחלב עיזים למריחה 5% משק צוריאל 250 גרם,*החברה המרכזית להפצת משקאותבעמ,,,"י""ח",250,ל גרם,false,1,14.90,5.96,true,1,
7290002107798,false,גבינה בולגרית מעודנת 5% משק צוריאל 250 גרם,*החברה המרכזית להפצת משקאותבעמ,,,"י""ח",250,ל גרם,false,1,20.90,8.36,false,1,
7290002107965,false,גבינת טבורוג לאפייה ומילוי %5 500גרם,*החברה המרכזית להפצת משקאותבעמ,,,"י""ח",500,ל גרם,false,1,24.90,4.98,true,1,
7290002111085,false,"רוטב עגבניות 22% ""פרי מבורך"" 100 גרם","זנלכל בע""\מ",,,"י""ח",400,ל גרם,false,1,2.80,0.70,false,1,
7290002111214,false,גרעיני תירס לייט A2 פרי מבורך 550 גר',"זנלכל בע""\מ",,,"י""ח",550,ל גרם,false,1,9.90,1.80,false,1,
7290002111337,false,רוטב עגבניות BX 22% פרי מבורך (240 גרם),"זנלכל בע""\מ",,,"י""ח",240,ל גרם,false,1,4.50,1.88,false,1,
7290002111474,false,אפונה גדולה A2 פרי מבורך 600ג',"זנלכל בע""\מ",,,"י""ח",550,ל גרם,false,1,10.90,1.98,true,1,
7290002111511,false,אפונת גינה וגזר פרי מבורך 550 גרם,"זנלכל בע""\מ",,,"י""ח",550,ל גרם,false,1,10.90,1.98,true,1,
7290002111634,false,חומוס שלם פרי מבורך 290 גרם,"זנלכל בע""\מ",,,"י""ח",600,ל גרם,false,1,10.90,1.82,true,1,
7290002111665,false,עגבניות תרכיז 28% A2 פרי מבורך 600ג',"זנלכל בע""\מ",,,"י""ח",600,ל גרם,false,1,9.90,1.65,false,1,
7290002111764,false,שעועית לבנה ברוטב עגבניות פרי מבורך 580,"זנלכל בע""\מ",,,"י""ח",600,ל גרם,false,1,10.90,1.82,true,1,
7290002111818,false,גרעיני תירס מתוק ואקום פרי מבורך 400ג',"זנלכל בע""\מ",,,"י""ח",325,ל גרם,false,1,6.90,2.12,false,1,
7290002111825,false,גרעיני תירס מתוק 550 גרם פרי מבורך,"זנלכל בע""\מ",,,"י""ח",550,ל גרם,false,1,10.90,1.98,true,1,
7290002130567,false,דבש דבורים טהור פרחי בר יד מרדכי 350 גרם,מכוורת יד מרדכי שטראוס ב,,,"י""ח",3.50,"י""ח",false,1,18.90,5.40,true,1,
7290002130581,false,דבש טהור מפרחי בר יד מרדכי (1 קג),מכוורת יד מרדכי שטראוס ב,,,"י""ח",1,קוב,false,1,48.90,48.90,true,1,
7290002132011,false,עוגיות מזרחיות עם שומשום עבאדי (400 גר),מאפיית יוסף ושמחה עבאדי,,,"י""ח",400,ל גרם,false,1,17.90,4.48,false,1,
7290002243601,false,פיתה אסלית 100*5 גרם,מאפיית שלמה א. אנג'ל,,,"י""ח",400,ל גרם,false,1,9.30,2.33,false,1,
7290002253105,false,שום במגשית 20 שיניים כתושות קפוא 80,קבוצת אוסם סחר-שות.מוגבלת,,,"י""ח",80,ל גרם,false,1,13.90,17.38,false,1,
7290002255055,false,פלאפל חטיפי אלקיאם 7,חטיפי אלקיים בעמ ~~~,,,"י""ח",800,ל גרם,false,1,13.90,1.74,false,1,
7290002255215,false,"עלים לסיגרים מרובע בד""צ",חטיפי אלקיים בעמ ~~~,,,"י""ח",500,ל גרם,false,1,11.90,2.38,false,1,
7290002259640,false,דיימונד רדיד אלומיניום צר 30 ס''מ 7.5 מ'-,ריינולדס מוצרי צריכה,,,"י""ח",1,"י""ח",false,1,11.90,11.90,false,1,
7290002259664,false,רדיד אלומיניום דיימונד גדול 60X0.60מ',ריינולדס מוצרי צריכה,,,"י""ח",1,,false,1,49.90,49.90,false,1,
7290002316084,false,4 זוגות גרבי ברך נשים דינמו,אחים וייס ישי ייצור בעמ,,,"י""ח",1,,false,1,13.90,13.90,false,1,
7290002316251,false,4 זוגות גרבי ברך נשים שקוף קריסטל,אחים וייס ישי ייצור בעמ,,,"י""ח",1,,false,1,13.90,13.90,false,1,
7290002316565,false,סינדרלה גרב מקופלת,אחים וייס ישי ייצור בעמ,,,"י""ח",1,,false,1,5.90,5.90,false,1,
7290002316596,false,גרבי כותנה לגברים,אחים וייס ישי ייצור בעמ,,,"י""ח",1,,false,1,12.90,12.90,false,1,
7290002316770,false,תחתון נשים נועה,אחים וייס ישי ייצור בעמ,,,"י""ח",1,,false,1,22.90,22.90,false,1,
7290002316800,false,קמיליה גרביון רביעיות,אחים וייס ישי ייצור בעמ,,,"י""ח",1,,false,1,30.90,30.90,false,1,
7290002316848,false,קריסטל ירך,אחים וייס ישי ייצור בעמ,,,"י""ח",1,,false,1,13.90,13.90,false,1,
7290002316893,false,גרבונית לילדות,אחים וייס ישי ייצור בעמ,,,"י""ח",1,,false,1,23.90,23.90,false,1,
7290002316916,false,גרבי ירך 6 זוגות 20/40 דנייר,אחים וייס ישי ייצור בעמ,,,"י""ח",1,,false,1,31.90,31.90,false,1,
7290002319023,false,סוכר וניל עשיריות מיה 100 גרם,מיה תבליני החיים ירושלים בע`מ,,,"י""ח",100,ל גרם,false,1,1.90,1.90,false,1,
7290002319030,false,תבלין אבקת בצל מיכל 80 ג' מיה,מיה תעשיות מזון מ.ת.מ בעמ,,,"י""ח",100,ל גרם,false,1,6.30,6.30,false,1,
7290002319061,false,קוקוס טחון מיה (100 גרם),מיה תעשיות מזון מ.ת.מ. בעמ,,,"י""ח",100,ל גרם,false,1,3.70,3.70,false,1,
7290002319078,false,שומשום 100 גרם מיה,מיה תעשיות מזון מ.ת.מ. בעמ,,,"י""ח",100,ל גרם,false,1,3.90,3.90,false,1,
7290002319115,false,חומוס גדול יבש מיה 500 גר',מיה תעשיות מזון מ.ת.מ. בעמ,,,"י""ח",500,ל גרם,false,1,8.90,1.78,true,1,
7290002319122,false,גריסים יבשים מיה 500 גר',מיה תעשיות מזון מ.ת.מ. בעמ,,,"י""ח",500,ל גרם,false,1,6.90,1.38,true,1,
7290002319139,false,שעועית לבנה יבשה מיה 500 ג',מיה תעשיות מזון מ.ת.מ. בעמ,,,"י""ח",500,ל גרם,false,1,6.90,1.38,true,1,
7290002319146,false,שעועית אדומה מיה (500 גרם),מיה תעשיות מזון מ.ת.מ. בעמ,,,"י""ח",500,ל גרם,false,1,10.40,2.08,false,1,
7290002319160,false,אפונה ירוקה יבשה מיה 500 ג',מיה תעשיות מזון מ.ת.מ. בעמ,,,"י""ח",500,ל גרם,false,1,5.70,1.14,true,1,
7290002319177,false,פופקורן גרעינים מיה 500 גר',מיה תעשיות מזון מ.ת.מ. בעמ,,,"י""ח",500,ל גרם,false,1,4.90,0.98,true,1,
7290002319184,false,עדשים אדומים יבשים מיה 500 גר',מיה תעשיות מזון מ.ת.מ. בעמ,,,"י""ח",500,ל גרם,false,1,6.90,1.38,true,1,
7290002319191,false,עדשים ירוקים יבשים מיה 500 גר',מיה תעשיות מזון מ.ת.מ. בעמ,,,"י""ח",500,ל גרם,false,1,6.90,1.38,true,1,
7290002319207,false,כוסמת מיה (500 גרם),מיה תעשיות מזון מ.ת.מ. בעמ,,,"י""ח",500,ל גרם,false,1,8.90,1.78,true,1,
7290002319221,false,חיטה מיה (500 גרם),מיה תעשיות מזון מ.ת.מ. בעמ,,,"י""ח",500,ל גרם,false,1,5.10,1.02,false,1,
7290002319375,false,"קורנפלור 200 ג' בד""ץ מיה",מיה תעשיות מזון מ.ת.מ. בעמ,,,"י""ח",200,ל גרם,false,1,5,2.50,false,1,
7290002319405,false,תבלין קינמון בקופסא 80 גר' מיה,מיה תעשיות מזון מ.ת.מ בעמ,,,"י""ח",100,ל גרם,false,1,6.30,6.30,false,1,
7290002319412,false,פפריקה חריפה בצנצנת מיה 80 גרם,מיה תעשיות מזון מ.ת.מ בעמ,,,"י""ח",100,ל גרם,false,1,6.30,6.30,false,1,
7290002319436,false,פלפל שחור טחון בצנצנת מיה 70 גרם,מיה תעשיות מזון מ.ת.מ בעמ,,,"י""ח",80,ל גרם,false,1,11.90,14.88,false,1,
7290002319443,false,כמון בצנצנת מיה 80 גרם,מיה תעשיות מזון מ.ת.מ בעמ,,,"י""ח",80,ל גרם,false,1,6.30,7.88,false,1,
7290002319450,false,תבלין כרכום צנצנת 80 גר' מיה,מיה תעשיות מזון מ.ת.מ בעמ,,,"י""ח",800,ל גרם,false,1,6.30,0.79,false,1,
7290002319474,false,תבלין אבקת שום מיכל 80 ג' מיה,מיה תעשיות מזון מ.ת.מ בעמ,,,"י""ח",80,ל גרם,false,1,11.90,14.88,false,1,
7290002319580,false,מלח לימון בצנצנת מיה 150 גרם,מיה תעשיות מזון מ.ת.מ בעמ,,,"י""ח",150,ל גרם,false,1,6.30,4.20,false,1,
7290002319825,false,"אבקת סוכר 100 ג`בד""ץ מיה",מיה תעשיות מזון מ.ת.מ. בעמ,,,"י""ח",100,ל גרם,false,1,1.90,1.90,false,1,
7290002323815,false,משקה קל תפוזים קריסטל 2ל,יפאורה שותפות מוגבלת לשיווק,,,"י""ח",2,ליטר,false,1,7.60,3.80,false,1,
7290002323839,false,משקה קל ענבים קריסטל 2ל',יפאורה שותפות מוגבלת לשיווק,,,"י""ח",2,ליטר,false,1,7.60,3.80,false,1,
7290002323846,false,קריסטל מיץ מנגו 2 לי,יפאורה שותפות מוגבלת לשיווק,,,"י""ח",2,ליטר,false,1,7.60,3.80,false,1,
7290002327028,false,ג'חנון תימני 3 האופים 650 גר',נטו מלינדה סחר בעמ,,,"י""ח",650,ל גרם,false,1,17.90,2.75,true,1,
7290002327042,false,"בורקס תפו""א 800 גר' שלושת האופים קהילות",נטו מלינדה סחר בע`מ,,,"י""ח",800,ל גרם,false,1,20,2.50,true,1,
7290002327059,false,"בצק עלים 1 ק""ג שלושת האופים קהילות",נטו מלינדה סחר בע`מ,,,"י""ח",1,"ק""ג",false,1,19.90,19.90,true,1,
7290002327103,false,שלושת האופים ג'חנון תימני 900 גרם,נטו מלינדה סחר בעמ,,,"י""ח",1,"ק""ג",false,1,21.90,21.90,true,1,
7290002329602,false,עוגת שוקולד עוגל'ה 350 גרם,בני פאוזי שמשום (2009) בעמ,,,"י""ח",350,ל גרם,false,1,7.90,2.26,true,1,
7290002329657,false,עוגת תפוז עוגל'ה 350 גרם,בני פאוזי שמשום (2009) בעמ,,,"י""ח",350,ל גרם,false,1,7.90,2.26,true,1,
7290002329961,false,עוגת שוקוצ'ינו עוגל'ה 350 גרם,בני פאוזי שמשום (2009) בעמ,,,"י""ח",350,ל גרם,false,1,7.90,2.26,true,1,
7290002331025,false,"מים מינרלים נביעות ספורט 500 מ""ל פקדון",החברה המרכזית להפצת משקאות בעמ,,,"י""ח",500,"ל מ""ל",false,1,4.60,0.86,false,1,
7290002348238,false,לפתן אננס חתוך 850 ג וויליגר,נטו מלינדה סחר בעמ,,,"י""ח",850,ל גרם,false,1,8.90,1.05,false,1,
7290002348306,false,'קוקטייל פירות ויליגר 850 ג,נטו מילנדה סחר בעמ*,,,"י""ח",850,ל גרם,false,1,11.90,1.40,true,1,
7290002360285,false,חליטת צמחים פומפדור קמומיל 20 יחידות,ש. שסטוביץ בע`מ,,,"י""ח",30,ל גרם,false,1,13.90,46.33,true,1,
7290002374268,false,שמן חמניות מזוכך ללא כולסטרול 1 ליטר,סוגת תעשיות בעמ,,,"י""ח",1,ליטר,false,1,11.90,11.90,false,1,
7290002374312,false,שמן קנולה מזוכך 6% מילומור (1 ליטר),"נארז ע""י : א.ג. גילר",,,"י""ח",1,ליטר,false,1,10.90,10.90,false,1,
7290002403531,false,כבד אווז,לפ פוגרס מוצרי בשראקספורט,,,"ק""ג",1,,true,1,189.90,189.90,false,1,
7290002479505,false,דבש טהור עמק חפר 500 גרם,טעמן שווק מזון בעמ,,,"י""ח",500,ל גרם,false,1,23.90,4.78,false,1,
7290002485025,false,סלט חומוס מסעדות 500 גרם,"סלטי שמיר 2006 בע""מ",,,"י""ח",500,ל גרם,false,1,16.90,3.38,false,1,
7290002485049,false,סלט חומוס מסבחה 500 גרם,"סלטי שמיר 2006 בע""מ",,,"י""ח",500,ל גרם,false,1,16.90,3.38,false,1,
7290002485063,false,סלט חומוס אבו גוש בי,"סלטי שמיר 2006 בע""מ",,,"י""ח",500,ל גרם,false,1,16.90,3.38,false,1,
7290002538882,false,קרמבו ארטיק 20יח טעם מוקה,"גלידות קולורדו בע""מ",,,"י""ח",1,,false,1,21.90,21.90,false,1,
7290002543046,false,דגני בוקר קלוגס פרוסטיס 750 גרם,דיפלומט מפיצים (1968) בעמ**,,,"י""ח",750,ל גרם,false,1,18.90,2.52,false,1,
7290002543237,false,דגני בוקר קלוגס קורנפלקס 750 גרם,קלוגס קומפני אוף גרייט ב,,,"י""ח",750,ל גרם,false,1,17.90,2.39,true,1,
7290002608448,false,לחמניה בורגר,ג נרל מילס ישראל בעמ,,,"י""ח",1,,false,1,2.90,2.90,false,1,
7290002618690,false,שף הים-קציצות דג 700גר,קפוא זן תעשיות מזון בעמ,,,"י""ח",700,ל גרם,false,1,29.90,4.27,false,1,
7290002627210,false,גפילטע פיש קציצות מדגי קרפיון וכסיף בצנצנת 560 גרם,האי נאם סי או אל.טי.,,,"י""ח",520,ל גרם,false,1,9.90,1.90,false,1,
7290002674221,false,"אקווה פרש משחת שינים 100 מ""ל משאבה מנטה",גלקסו סמית קליין,,,"י""ח",100,ל גרם,false,1,13.90,13.90,false,1,
7290002692393,false,שמן קנולה מזוכך מועשר עץ הזית (1 ליטר),סוגת תעשיות בעמ,,,"י""ח",1,ליטר,false,1,15.90,15.90,false,1,
7290002692478,false,"שמן זית כתית מעולה קלאסי מעודן 750 מ""ל עץ הזית","מרקאולאו, ספרד.אבסה,",,,"י""ח",750,"ל מ""ל",false,1,29.90,3.99,true,1,
7290002707134,false,"קמח חיטה לבן בהיר 1ק""ג",טחנות קמח מפרץ בעמ,,,"י""ח",1,"ק""ג",false,1,4.40,4.40,true,1,
7290002715375,false,קבב יווני טיבון ויל 400 גרם,טיבון ויל אחזקות בעמ,,,"י""ח",400,ל גרם,false,1,20.90,5.23,true,1,
7290002715504,false,ארוחת נודלס בטעם עוף מג`יק (70 גרם),נטו מלינדה סחר בע`מ,,,"י""ח",70,ל גרם,false,1,4.90,7,false,1,
7290002715511,false,ארוחת נודלס בטעם בשר מג`יק (70 גרם),נטו מילנדה סחר בעמ*,,,"י""ח",70,ל גרם,false,1,4.90,7,false,1,
7290002715528,false,ארוחת נודלס בטעם ירקות מג`יק (70 גרם),נטו מילנדה סחר בעמ*,,,"י""ח",70,ל גרם,false,1,4.90,7,false,1,
7290002715580,false,ארוחת נודלס בטעם סיני חריף מג'יק 70 גרם,נטו מילנדה סחר בעמ*,,,"י""ח",70,ל גרם,false,1,4.90,7,false,1,
7290002730262,false,נוזל לניקוי כלים קלאסי פלמוליב (750 מל),יבואן ומשווק: ש. שסט,,,"י""ח",750,"ל מ""ל",false,1,11.90,1.59,true,1,
7290002730521,false,צימרוני אוזניים בלונס בקופסא 200 יח',ש. שסטוביץ בע`מ,,,"י""ח",100,ל גרם,false,1,5.90,5.90,false,1,
7290002730675,false,"קולגייט משחת שיניים אדומה משפחתי 100 מ""ל",קולגייט-פלמוליב,,,"י""ח",100,"ל מ""ל",false,1,10.90,10.90,false,1,
7290002730811,false,"משחת שיניים ג'ל פסים מרעננים קולגייט 100 מ""ל",הנסיך- מפעל לייצור ט,,,"י""ח",138,ל גרם,false,1,12.90,9.35,true,1,
7290002730941,false,כדורי צמר גפן בלונס 100 יחידות,הנסיך- מפעל לייצור ט,,,"י""ח",100,ל גרם,false,1,5.90,5.90,false,1,
7290002730958,false,סבון מוצק בניחוח זיתים ואלוורה פלמוליב 4*100 גרם,הנסיך- מפעל לייצור ט,,,"י""ח",360,ל גרם,false,1,16.90,4.69,true,1,
7290002735014,false,מלווח ארוז יינון 800 גר`,קפוא-זן תעשיות מזון בעמ - תפוג,,,"י""ח",800,ל גרם,false,1,13.90,1.74,false,1,
7290002735021,false,ג`חנון ארוז 750 גר`יינון,קפוא-זן תעשיות מזון בעמ - תפוג,,,"י""ח",750,ל גרם,false,1,14.90,1.99,false,1,
7290002735113,false,בורקס גבינה ינון 800 גר`,קפוא-זן תעשיות מזון בעמ - תפוג,,,"י""ח",800,ל גרם,false,1,15.90,1.99,false,1,
7290002735120,false,"בורקס תפו""א ינון 800 גרם",קפוא-זן תעשיות מזון בעמ - תפוג,,,"י""ח",800,ל גרם,false,1,13.90,1.74,false,1,
7290002735274,false,ג'חנון אפוי ינון 600 גרם,קפוא-זן תעשיות מזון בעמ - תפוג,,,"י""ח",600,ל גרם,false,1,16.10,2.68,false,1,
7290002750130,false,חליות פילסברי מארז 80ג',ג נרל מילס ישראל בעמ ~~~,,,"י""ח",1,,false,1,12.90,12.90,false,1,
7290002752332,false,"סוכריות מנטוס פירות בגליל, 37.5 גרם",הדקלאים אגודת שיתופי,,,"י""ח",37.50,ל גרם,false,1,3.90,10.40,true,1,
7290002752349,false,סוכריות מנטוס מנטה 40יח' בגליל 38ג',ליימן שליסל בעמ,,,"י""ח",37.50,ל גרם,false,1,3.90,10.40,true,1,
7290002753223,false,רביעייה סוכריות תפוז 4*16 ג' טיק טק,פרימיום-חברה לדברי מתיקה ולמסח,,,"י""ח",1,,false,1,10.90,10.90,false,1,
7290002771104,false,קפה עם הל אל נחלה 500 גרם,קפה אל נחלה בני רפיק,,,"י""ח",500,ל גרם,false,1,36.90,7.38,false,1,
7290002771111,false,.קפה אלנחילה 250 גר עם הל,קפה אל נחלה בני רפיק,,,"י""ח",2.50,"י""ח",false,1,19.20,7.68,false,1,
7290002771128,false,קפה אלנח'לה בלי הל 250 ג',קפה אל נחלה בני רפיק,,,"י""ח",250,ל גרם,false,1,19.20,7.68,false,1,
7290002782131,false,"פנינה רוזנבלום - דאודורנט ספריי לאישה מס' 1 150 מ""ל","פנינה רוזנבלום בע""מ",,,"י""ח",150,"ל מ""ל",false,1,23.90,15.93,true,1,
7290002782759,false,קרם גוף מספר 2 פנינה רוזנבלום (340 מל),"פנינה רוזנבלום בע""מ",,,"י""ח",500,"ל מ""ל",false,1,23.90,4.78,true,1,
7290002805151,false,סיף פנטסטיק לרצפות בניחוח סחלבים 4ל',"יוניליוור ישראל שיווק בע""מ",,,"י""ח",4,ליטר,false,1,21.30,5.33,false,1,
7290002814016,false,"מסיר שומנים מתז 750 מ""ל סנט מוריץ כשל""פ עד""ח",קומפלקס כימיקלסבעמ ~~~,,,"י""ח",750,"ל מ""ל",false,1,12.90,1.72,false,1,
7290002814054,false,סנט מוריץ מתז אנטרטיק מתז 1 ליטר,קומפלקס כימיקלסבעמ ~~~,,,"י""ח",1,ליטר,false,1,11.90,11.90,false,1,
7290002824183,false,"גבינה לבנה סקי 500 גרם 5% ""שטראוס"" -מוצר בפיקוח",שטראוס גרופ בעמ/מצונן,,,"י""ח",500,ל גרם,false,1,9.50,1.90,true,1,
7290002824466,false,יוגורט דנונה ביו לבן 0% שומן 200 גרם,שטראוס גרופ בעמ/מצונן,,,"י""ח",200,"ל מ""ל",false,1,3.70,1.85,true,1,
7290002824640,false,"גבינת סקי 250 גרם 5% ""שטראוס"" -מוצר בפיקוח",שטראוס גרופ בעמ/מצונן,,,"י""ח",250,ל גרם,false,1,4.97,1.99,true,1,
7290002825722,false,כרוב אדום במיונז אחלה (500 גרם),שטראוס גרופ בעמ/מצונן,,,"י""ח",500,ל גרם,false,1,14.90,2.98,true,1,
7290002842002,false,פתיתי שיבולת שועל קוואקר אנגלי מורנפלייק,ליימן שליסל בעמ,,,"י""ח",500,ל גרם,false,1,11.90,2.38,false,1,
7290002859451,false,כנפי אווז תפזורת קפוא,בלדי בעמ,,,"ק""ג",1,"ק""ג",true,1,29.90,29.90,false,1,
7290002868996,false,"קוטג' 5% שומן, רכיבים טבעיים, 250 גרם",*החברה המרכזית להפצת משקאותבעמ,,,"י""ח",250,ל גרם,false,1,5.70,2.28,true,1,
7290002904694,false,"טיטניום דאודורנט ספריי לגברים 150 מ""ל",החברה הדרומית לשיווק בעמ,,,"י""ח",150,"ל מ""ל",false,1,14.90,9.93,false,1,
7290002905462,false,מקל אלומיניום למטאטא,לפ סולומון סולור,,,"י""ח",1,,false,1,4.30,4.30,false,1,
7290002921165,false,"חלב לניקוי רהיטי עור הזלין יעקבי 400 מ""ל",יעקב יעקבי ובניו בעמ,,,"י""ח",250,"ל מ""ל",false,1,34.90,13.96,false,1,
7290002922117,false,מקלות קינמון וסוכר חום,הלל בן הלל שיווק ומסחר בעמ,,,"י""ח",250,ל גרם,false,1,23.90,9.56,false,1,
7290002930808,false,רבע כבש עטרה מחיר לפי מש,נטו מלינדה סחר בעמ,,,"ק""ג",1,"ק""ג",true,1,79.90,79.90,false,1,
7290002939177,false,גרון הודו זכר ארוז עטרה,ח.י. מעדני גורמה בעמ,,,"ק""ג",1,,true,1,27.90,27.90,false,1,
7290002954026,false,"שמן תירס ""שוקחה"" 3 ליטר",בני ג`ורג` שוקחה (חיפה) בעמ,,,"י""ח",3,ליטר,false,1,44.90,14.97,false,1,
7290002954040,false,שמן תירס שוקחה 1 ליטר,בני ג`ורג` שוקחה (חיפה) בעמ,,,"י""ח",1,ליטר,false,1,14.90,14.90,true,1,
7290002987963,false,"חומוס אחלה 1 ק""ג שטראוס",שטראוס גרופ בעמ/מצונן,,,"י""ח",1,"ק""ג",false,1,13.90,13.90,true,1,
7290003009312,false,בוטן קלוי 200 גרם שקית קליית גת,הדקלאים אגודת שיתופי,,,"י""ח",200,ל גרם,false,1,6.90,3.45,true,1,
7290003009329,false,בוטנים אמריקאיים קליית גת (200 גרם),הדקלאים אגודת שיתופי,,,"י""ח",200,ל גרם,false,1,5.90,2.95,true,1,
7290003009336,false,קבוקים קליית גת (200 גרם),הדקלאים אגודת שיתופי,,,"י""ח",200,ל גרם,false,1,6.90,3.45,true,1,
7290003009640,false,מיץ תפוזים סחוט רכיבים טבעיים פריגת 1 ליטר,*החברה המרכזית להפצת משקאותבעמ,,,"י""ח",1,ליטר,false,1,16.90,16.90,true,1,
7290003013036,false,צינורית זהב תומך,צבע ומכחול (2014) בעמ,,,"י""ח",1,,false,1,6.90,6.90,false,1,
7290003015627,false,"נוזל רצפות אפרסק 2 ליטר ""ריצפז פרש""",החברה הדרומית לשיווק בעמ,,,"י""ח",2,ליטר,false,1,19.90,9.95,false,1,
7290003015641,false,"נוזל רצפות יסמין 2 ליטר ""ריצפז פרש""",החברה הדרומית לשיווק בעמ,,,"י""ח",2,ליטר,false,1,19.90,9.95,false,1,
7290003026029,false,"ד""ר פישר - קמיל בלו סנסיטיב שמפו אלדמע 500 מ""ל","פישר תעשיות פרמצביטות בע""מ",,,"י""ח",500,"ל מ""ל",false,1,15.60,3.12,false,1,
7290003026197,false,"קמיל בלו סנסטיב שמן טיפולי ד""ר פישר 500 מ""ל",פישר תעשיות פרמצבטיות בעמ,,,"י""ח",520,"ל מ""ל",false,1,30,5.77,true,1,
7290003026227,false,"קמיל בלו שמפו לתינוק סנסיטיב אל דמע ד""ר פישר 1 ליטר","פישר תעשיות פרמצביטות בע""מ",,,"י""ח",1,ליטר,false,1,32.90,32.90,true,1,
7290003026319,false,"קמיל בלו משחת החתלה לתינוק ד""ר פישר 120 גרם","פישר תעשיות פרמצביטות בע""מ",,,"י""ח",120,ל גרם,false,1,19.90,16.58,true,1,
7290003029181,false,משקה יטבתה שוקו' בקבוק 1ל מהדרין,שטראוס גרופ בעמ/מצונן,,,"י""ח",1,ליטר,false,1,11.90,11.90,true,1,
7290003029372,false,יטבתה משקה בטעם בננה %3 בקבוק 1 ליטר,שטראוס גרופ בעמ/מצונן,,,"י""ח",1,ליטר,false,1,11.90,11.90,true,1,
7290003029389,false,"משקה חלב בננה פקק ספורט 250 מ""ל יוטבתה",שטראוס גרופ בעמ/מצונן,,,"י""ח",250,"ל מ""ל",false,1,5.50,2.20,true,1,
7290003029433,false,"משקה יטבתה שוקו פקק 250 מ""ל מהדרין",שטראוס גרופ בעמ/מצונן,,,"י""ח",250,"ל מ""ל",false,1,5.50,2.20,true,1,
7290003029532,false,מוקה בבקבוק יטבתה 1 ליטר מהדרין,שטראוס גרופ בעמ/מצונן,,,"י""ח",1,ליטר,false,1,11.90,11.90,true,1,
7290003029617,false,יטבתה שמנת מנה אישית 15% 125מל,שטראוס גרופ בעמ/מצונן,,,"י""ח",125,"ל מ""ל",false,1,1.90,1.52,true,1,
7290003029792,false,"משקה יטבתה שוקו שקיות מהדרין מארז 225X8מ""ל",שטראוס גרופ בעמ/מצונן,,,"י""ח",1.80,ליטר,false,1,18.90,10.50,true,1,
7290003029815,false,חלב מועשר 3% בכד יטבתה 2 ליטר,שטראוס גרופ בעמ/מצונן,,,"י""ח",2,ליטר,false,1,15,7.50,true,1,
7290003029907,false,משקה חלב אייס קפה 2% יטבתה (1 ליטר,שטראוס גרופ בעמ/מצונן,,,"י""ח",1,ליטר,false,1,11.90,11.90,true,1,
7290003031740,false,טירתצבי פסטרמה בדבש קופ. מחפוד 400ג,טיב טירת צבי 2000,,,"י""ח",400,ל גרם,false,1,31.90,7.98,false,1,
7290003031757,false,פסטרמה הודו בפפריקה מחפוד טירת צבי 400 גרם,תנובה מרכז שיתופי לשיווק תוצרת,,,"י""ח",400,ל גרם,false,1,28.90,7.23,false,1,
7290003047642,false,תה שחור יילו לייבל 100*1.5 ג' שקיק ליפטון,"יוניליוור ישראל שיווק בע""מ",,,"י""ח",150,ל גרם,false,1,12.90,8.60,false,1,
7290003054657,false,חרדל ריין דיז'ון אקסטרה פורטה 370 גרם,דיפלומט מפיצים (1968) בעמ**,,,"י""ח",370,ל גרם,false,1,11.50,3.11,false,1,
7290003102044,false,אינטרסן צימרוני אוזניים מעץ 80 יח,אינטרסן (1996) בעמ,,,"י""ח",1,,false,1,2.10,2.10,false,1,
7290003102280,false,צמרוני אוזניים עם שסתום טוליפס) (55,אינטרסן (1996) בעמ,,,"י""ח",1,"י""ח",false,1,4.90,4.90,false,1,
7290003102686,false,מספריים בטיחותיות לתינוק TULIPS,אינטרסן (1996) בעמ,,,"י""ח",1,,false,1,11.90,11.90,false,1,
7290003102976,false,צימרוני אוזניים פלסטיק בקופסה 200 יחידות,הדקלאים אגודת שיתופי,,,"י""ח",20000,ל גרם,false,1,3.70,0.02,false,1,
7290003102990,false,פדים להסרת איפור 80 יח',אינטרסן (1996) בעמ,,,"י""ח",1,,false,1,7.90,7.90,true,1,
7290003119509,false,פקדון בקבוק בירה ריק,שונות /שרות,,,"י""ח",1,"י""ח",false,1,1.20,1.20,false,1,
7290003121083,false,ארוחת נודלס בטעם בשר בשקית מג'יק 85 גרם,נטו מילנדה סחר בעמ*,,,"י""ח",85,ל גרם,false,1,3.90,4.59,false,1,
7290003121090,false,ארוחת נודלס ירקות בשקית מג'יק 85 גרם,נטו מלינדה סחר בעמ,,,"י""ח",85,ל גרם,false,1,3.80,4.47,false,1,
7290003121106,false,ארוחת נודלס טעם עוף בשקית מג'יק 85 גרם,נטו מילנדה סחר בעמ*,,,"י""ח",85,ל גרם,false,1,3.90,4.59,false,1,
7290003126958,false,טופו גבינה גוש בואקום צוריאל 300 ג',*החברה המרכזית להפצת משקאותבעמ,,,"י""ח",300,ל גרם,false,1,13.90,4.63,false,1,
7290003127597,false,שקית שרות קופה גופיה,שונות /שרות,,,"י""ח",1,,false,1,0.10,0.10,false,1,
7290003130382,false,אקווה פרש}מברשת{,גורי ע.ע.ע. בעמ,,,"י""ח",1,,false,1,10.20,10.20,false,1,
7290003145751,false,אגוזי קשיו קלויים קליית גת (200 גרם),הדקלאים אגודת שיתופי,,,"י""ח",200,ל גרם,false,1,22.90,11.45,true,1,
7290003185719,false,קבב רומני טיבון ויל 500 גרם,טיבון ויל אחזקות בעמ,,,"י""ח",500,ל גרם,false,1,20.90,4.18,true,1,
7290003244331,false,עגבניות חתוכות לקוביות 800 גרם פריניר,ח.כהן סוכנות מזון ומשקאות בע,,,"י""ח",800,ל גרם,false,1,6.90,0.86,false,1,
7290003268719,false,לחמניה המבורגר,דגנית עין בר ~~~,,,"י""ח",1,,false,1,3.20,3.20,false,1,
7290003268733,false,לחמניה שמינית 125 גר,דגנית עין בר ~~~,,,"י""ח",125,ל גרם,false,1,3.20,2.56,false,1,
7290003318599,false,וופלים וניל מנעמים 200 גרם,ח.כהן סוכנות מזון ומשקאות בע,,,"י""ח",200,ל גרם,false,1,3.90,1.95,true,1,
7290003321155,false,יוגורט בר עם פקאן מצופה שוקולד 183 ג' דנונה,שטראוס גרופ בעמ/מצונן,,,"י""ח",175,"ל מ""ל",false,1,4.60,2.63,true,1,
7290003321292,false,גבינה לבנה 9% שומן 250 ג' שטראוס,שטראוס גרופ בעמ/מצונן,,,"י""ח",250,ל גרם,false,1,4.80,1.92,true,1,
7290003387205,false,ספיד סטיק - דאודורנט סטיק לגבר רגולר,הנסיך- מפעל לייצור ט,,,"י""ח",63.70,ל גרם,false,1,16.90,26.53,true,1,
7290003411276,false,עמבה הודית מובחרת הנמל 600ג',הנמל אריזות ושיווק (1984) בעמ,,,"י""ח",600,ל גרם,false,1,9.20,1.53,false,1,
7290003411399,false,פרורים לציפוי מוזהבים 200 ג' הנמל,הנמל אריזות ושווק בעמ,,,"י""ח",200,ל גרם,false,1,4.50,2.25,false,1,
7290003411689,false,לפתניות פלסטיק חד פעמיות 25 יח`,הנמל אריזות ושיווק (1984) בעמ,,,"י""ח",1,,false,1,5.20,5.20,false,1,
7290003411696,false,מרקיות פלסטיק חד פעמיות 25 יח`,הנמל אריזות ושיווק (1984) בעמ,,,"י""ח",25,"י""ח",false,1,9.90,0.40,false,1,
7290003411757,false,"צלחות 1 ק""ג הנמל",הנמל אריזות ושווק בעמ,,,"י""ח",1,"ק""ג",false,1,34.90,34.90,false,1,
7290003427154,false,"שמן זית כתית מעולה טעם מעודן זיתא 750 מ""ל",תה ויסוצקי (ישראל) בעמ,,,"י""ח",750,"ל מ""ל",false,1,37.90,5.05,true,1,
7290003438006,false,ממרח אולביה פסטו וצנובר איטלקי 190ג',תה ויסוצקי (ישראל) בעמ,,,"י""ח",190,ל גרם,false,1,13.90,7.32,true,1,
7290003438013,false,7290003אוליביה ממרח זיתים ירוקים 190 גרם,תה ויסוצקי (ישראל) בעמ,,,"י""ח",190,ל גרם,false,1,13.90,7.32,true,1,
7290003438020,false,אוליביה ממרח עגבניות מיובשות (190 גרם),תה ויסוצקי (ישראל) בעמ,,,"י""ח",190,ל גרם,false,1,13.90,7.32,true,1,
7290003438709,false,ממרח אולביה זיתים שחורים וירוקים 190 ג',תה ויסוצקי (ישראל) בעמ,,,"י""ח",190,ל גרם,false,1,13.90,7.32,true,1,
7290003438990,false,עיטורי עגבניות מיובשות וזיתים אוליביה 280 ג',תה ויסוצקי (ישראל) בעמ,,,"י""ח",220,ל גרם,false,1,18.90,8.59,true,1,
7290003450602,false,חרדל אמיתי צהוב בקבוק לחיץ 255 גר,היינץ צפון אמריקה מקבוצת ה.י.היינץ,,,"י""ח",255,ל גרם,false,1,12.90,5.06,false,1,
7290003456208,false,מעדן בונזו עוף 400 גרם,דיפלומט מפיצים (1968) בעמ**,,,"י""ח",400,ל גרם,false,1,6.40,1.60,false,1,
7290003456222,false,בונזו מעדן כבד לכלבים 400גר,דיפלומט מפיצים (1968) בעמ**,,,"י""ח",400,ל גרם,false,1,6.40,1.60,false,1,
7290003457991,false,טילון קורנטו וניל עם וופל ואגוזי לוז מסוכרים,"גלידת שטראוס בע""\מ, רחוב",,,"י""ח",1,,false,1,34.90,34.90,false,1,
7290003461677,false,"חומוס אסלי 1 ק""ג}שמיר{","סלטי שמיר 2006 בע""מ",,,"י""ח",1,"ק""ג",false,1,15.90,15.90,true,1,
7290003461868,false,"חציל במיונז אסלי שמיר 1 ק""ג","סלטי שמיר 2006 בע""מ",,,"י""ח",1,"ק""ג",false,1,15.90,15.90,true,1,
7290003521074,false,סרקל מרכך שיער לילדים דר. פישר (1 ליטר),"פישר תעשיות פרמבצטיות בע""מ",,,"י""ח",1,ליטר,false,1,29.90,29.90,false,1,
7290003521081,false,"סרקל שמפו אל דמע לילדים ד""ר פישר 1 ליטר","פישר תעשיות פרמצביטות בע""מ",,,"י""ח",1,ליטר,false,1,29.90,29.90,false,1,
7290003521166,false,"ד""ר פישר - סרקל קרם רוזמרין לילדים 325 מ""ל","פישר תעשיות פרמבצטיות בע""מ",,,"י""ח",325,ל גרם,false,1,28.20,8.68,false,1,
7290003521197,false,"ד""ר פישר - סרקל תרסיס מתיר קשרים 340 מ""ל","פישר תעשיות פרמצביטות בע""מ",,,"י""ח",340,"ל מ""ל",false,1,28.20,8.29,false,1,
7290003521203,false,"סרקל שמפו לשיער לילדים אל דמע ד""ר פישר 2 ליטר","פישר תעשיות פרמצביטות בע""מ",,,"י""ח",2,ליטר,false,1,41.90,20.95,false,1,
7290003521210,false,סרקל מרכך שיער לילדים דר. פישר (2 ליטר),"פישר תעשיות פרמצביטות בע""מ",,,"י""ח",2,ליטר,false,1,41.90,20.95,false,1,
7290003524297,false,אספרגוס לבן שלם בצנצנת ויליגר 330 גרם,צ'אמפהאוס טרידייג קו,,,"י""ח",330,ל גרם,false,1,11.90,3.61,false,1,
7290003525478,false,סלט טונה ויליגר 160 גרם,נטו מילנדה סחר בעמ*,,,"י""ח",160,ל גרם,false,1,6.40,4,false,1,
7290003525898,false,שלישיית סלט טונה ויליגר 160 גרם,נטו מילנדה סחר בעמ*,,,"י""ח",180,ל גרם,false,1,14.90,8.28,false,1,
7290003525904,false,שלישיית סלט טונה פיקנטי ויליגר 160 גרם,נטו מילנדה סחר בעמ*,,,"י""ח",480,ל גרם,false,1,14.90,3.10,false,1,
7290003526444,false,אננס חתוך ויליגר A2 מהדרין,נטו מלינדה סחר בע`מ,,,"י""ח",1,,false,1,6.10,6.10,false,1,
7290003526864,false,פטריות שמפניון חתוכות ויליגר 290 גרם,נטו מלינדה סחר בעמ,,,"י""ח",290,ל גרם,false,1,5,1.72,false,1,
7290003527380,false,דובדבן ללא חרצן בצנצנת ויליגר 680 גרם,נטו מילנדה סחר בעמ*,,,"י""ח",680,ל גרם,false,1,9.90,1.46,false,1,
7290003550753,false,נתחי טונה בהירה בשמן פוסידון (108x4 גרם),"מיוצר עי וליגר בעמ,",,,"י""ח",340,ל גרם,false,1,21.90,6.44,false,1,
7290003578061,false,לבבות דקל שלמים וילי פוד (400 גרם),ג.וילי-פוד אינטרנשיונל בעמ,,,"י""ח",400,ל גרם,false,1,11.90,2.98,false,1,
7290003578078,false,קוקטייל פירות טרופי בסירופ קל ויליפוד 850 גרם,ג. וילי-פוד אינטרנשיונל בע`מ,,,"י""ח",490,ל גרם,false,1,9.50,1.94,false,1,
7290003578108,false,חתיכות אננס בסירופ קל וילי פוד (850 גרם),ג.וילי פוד אינטרנשיונל בעמ,,,"י""ח",820,ל גרם,false,1,9.90,1.21,false,1,
7290003578177,false,תירס צעיר שלם וילי פוד (410 גרם),ג.וילי-פוד אינטרנשיונל בעמ,,,"י""ח",410,ל גרם,false,1,8.90,2.17,true,1,
7290003578313,false,דובדבנים ללא חרצנים ויליפוד 680 גרם,ג. וילי-פוד אינטרנשיונל בע`מ,,,"י""ח",720,ל גרם,false,1,12.90,1.79,false,1,
7290003643004,false,אורז בסמטי קלאסי סוגת (1 קג),האי נאם סי או אל.טי.,,,"י""ח",1,"ק""ג",false,1,12.90,12.90,false,1,
7290003643387,false,"סוכר אריזת פלסטיק 1 ק""ג סוגת",האי נאם סי או אל.טי.,,,"י""ח",1,"ק""ג",false,1,7.90,7.90,false,1,
7290003643646,false,"סוכר דמררה קלאסי בצנצנת סוגת 1 ק""ג",האי נאם סי או אל.טי.,,,"י""ח",1,"ק""ג",false,1,13.90,13.90,false,1,
7290003643684,false,אפונה יבשה סוגת 500 גר',האי נאם סי או אל.טי.,,,"י""ח",500,ל גרם,false,1,6.90,1.38,true,1,
7290003643707,false,גריסים סוגת (500 גרם),"סוגת תעשיות בע""מ",,,"י""ח",500,ל גרם,false,1,4.90,0.98,true,1,
7290003643714,false,חומוס גרגירים 500 גרם סוגת,האי נאם סי או אל.טי.,,,"י""ח",500,ל גרם,false,1,7.90,1.58,true,1,
7290003643738,false,חיטה סוגת (500 גרם),האי נאם סי או אל.טי.,,,"י""ח",500,ל גרם,false,1,4.90,0.98,true,1,
7290003643745,false,כוסמת סוגת (500 גרם),האי נאם סי או אל.טי.,,,"י""ח",500,ל גרם,false,1,8.90,1.78,true,1,
7290003643752,false,עדשים ירוקים יבש סוגת 500 גר',האי נאם סי או אל.טי.,,,"י""ח",500,ל גרם,false,1,8.90,1.78,true,1,
7290003643769,false,עדשים אדומים יבש סוגת 500 גר',"סוגת תעשיות בע""\מ",,,"י""ח",500,ל גרם,false,1,8.90,1.78,true,1,
7290003643776,false,"פופקורן גרעינים סוגת 500 ג' כשל""פ",האי נאם סי או אל.טי.,,,"י""ח",500,ל גרם,false,1,6.90,1.38,true,1,
7290003643806,false,שעועית לבנה יבשה סוגת (500 גרם),האי נאם סי או אל.טי.,,,"י""ח",500,ל גרם,false,1,9.90,1.98,true,1,
7290003643813,false,שעועית אדומה יבשה סוגת 500 גר',האי נאם סי או אל.טי.,,,"י""ח",500,ל גרם,false,1,11.90,2.38,true,1,
7290003643820,false,חומוס ענק יבש סוגת 500 גרם,"סוגת תעשיות בע""\מ",,,"י""ח",500,ל גרם,false,1,9.90,1.98,true,1,
7290003681174,false,"צימוקים שחורים 200 ג' בד""ץ מיה",מיה תעשיות מזון מ.ת.מ. בעמ,,,"י""ח",200,ל גרם,false,1,8.90,4.45,false,1,
7290003681228,false,תבלין עלי דפנה 10 גר' מיה,מיה תעשיות מזון מ.ת.מ בעמ,,,"י""ח",10,ל גרם,false,1,6.30,63,false,1,
7290003681235,false,פלפל אנגלי בצנצנת מיה 50 גרם,מיה תעשיות מזון מ.ת.מ בעמ,,,"י""ח",50,ל גרם,false,1,6.30,12.60,false,1,
7290003681334,false,"קוקוס 400 גרם מיה בד""צ",מיה תעשיות מזון מ.ת.מ. בעמ,,,"י""ח",400,ל גרם,false,1,8.90,2.23,false,1,
7290003681693,false,חומוס לבן ענק יבש מיה 500 גר',מיה תעשיות מזון מ.ת.מ. בעמ,,,"י""ח",500,ל גרם,false,1,8.90,1.78,false,1,
7290003681716,false,גריסי פנינה מיה (500 גרם),מיה תעשיות מזון מ.ת.מ. בעמ,,,"י""ח",500,ל גרם,false,1,5.90,1.18,false,1,
7290003681761,false,גבישי שום בצנצנת מיה 80 גרם,מיה תעשיות מזון מ.ת.מ בעמ,,,"י""ח",800,ל גרם,false,1,11.90,1.49,false,1,
7290003681792,false,סוכריות טופי פירות מיה (850 גרם),מיה תעשיות מזון מ.ת.מ. בעמ,,,"י""ח",850,ל גרם,false,1,16.90,1.99,true,1,
7290003727667,false,"סלט חומוס צבר 1 ק""ג",קבוצת אוסם סחר-שות.מוגבלת,,,"י""ח",1,"ק""ג",false,1,15.90,15.90,false,1,
7290003781065,false,מלפפונים בחומץ קטנים מאוד וילי פוד 370 גרם,ג. וילי-פוד אינטרנשיונל בע`מ,,,"י""ח",690,ל גרם,false,1,9.90,1.43,false,1,
7290003781652,false,צלפים במי מלח וילי פוד 230 גרם,ג. וילי-פוד אינטרנשיונל בע`מ,,,"י""ח",370,ל גרם,false,1,10.40,2.81,false,1,
7290003804252,false,תיבוליות לאורז בנוסח הודי קנור 80גרם,יוניליוור ישראל שיווק בע`מ,,,"י""ח",72,ל גרם,false,1,8.90,12.36,true,1,
7290003804320,false,תיבולית קנור שום ופטורזיליה 72 גרם,"יוניליוור ישראל שיווק בע""מ",,,"י""ח",72,ל גרם,false,1,8.90,12.36,true,1,
7290003804368,false,תיבוליות בזיליקום קנור (8 יח`- 72 גרם),"יוניליוור ישראל שיווק בע""מ",,,"י""ח",72,ל גרם,false,1,8.90,12.36,true,1,
7290003804382,false,תיבוליות פטריות קנור (8 יח`- 72 גרם),יוניליוור ישראל שיווק בע`מ,,,"י""ח",72,ל גרם,false,1,8.90,12.36,true,1,
7290003805129,false,"קנור פירה בטעם ביתי 260 גרם כשל""פ",יוניליוור ישראל שיווק בעמ,,,"י""ח",240,ל גרם,false,1,11.90,4.96,false,1,
7290003805501,false,"פתית בסגנון שוודי תלמה בד""צ 300 גרם",יוניליוור ישראל שיווק בע`מ,,,"י""ח",300,ל גרם,false,1,16.90,5.63,false,1,
7290003805587,false,"פתית חיטה מלאה בד""צ 250 גרם-קופסא",יוניליוור ישראל שיווק בע`מ,,,"י""ח",250,ל גרם,false,1,16.90,6.76,false,1,
7290003807178,false,"רוטב קנור סויה בסגנון סיני 300 מ""ל","יוניליוור ישראל שיווק בע""מ",,,"י""ח",300,"ל מ""ל",false,1,11.90,3.97,true,1,
7290003807482,false,קנור רוטב טריאקי מופחת נתרן 370 גרם,"יוניליוור ישראל שיווק בע""מ",,,"י""ח",370,"ל מ""ל",false,1,11.90,3.22,true,1,
7290003864478,false,סרדינים בשמן צמחי פתח קל ויליפוד 110 גרם,ג.וילי-פוד אינטרנשיונל בעמ,,,"י""ח",110,ל גרם,false,1,4.90,4.45,true,1,
7290003864485,false,סרדינים ברוטב עגבנ יות ויליפוד 110ג' פתח קל,ג. וילי-פוד אינטרנשיונל בע`מ,,,"י""ח",110,ל גרם,false,1,4.90,4.45,true,1,
7290003896141,false,חטיף ספרדי פיקנטי אלמנדוס 200 גרם,הדקלאים אגודת שיתופי,,,"י""ח",200,ל גרם,false,1,9.90,4.95,true,1,
7290003903771,false,קפה נמס קפוצ'ינו רגיל 200 ג',שטראוס גרופ בע`מ,,,"י""ח",200,ל גרם,false,1,24.20,12.10,true,1,
7290003903788,false,אבקת קפוצ`ינו וניל עלית (200 גרם),שטראוס גרופ בע`מ,,,"י""ח",200,ל גרם,false,1,24.20,12.10,true,1,
7290003989096,false,סלט חצילים פיקנטי אחלה 500 גרם,שטראוס גרופ בעמ/מצונן,,,"י""ח",500,ל גרם,false,1,14.90,2.98,true,1,
7290003989539,false,רביולי עם גבינה שטראוס (400 גרם),שטראוס גרופ בעמ/מצונן,,,"י""ח",400,ל גרם,false,1,19.90,4.98,true,1,
7290003989553,false,פסטה טורטליני גבינה ופטריות 400 גרם,שטראוס גרופ בעמ/מצונן,,,"י""ח",400,ל גרם,false,1,19.90,4.98,true,1,
7290004048679,false,קובה למרק שלושת האופים(כ 18 יח`- 1 קג),נטו מלינדה סחר בעמ,,,"י""ח",1,"ק""ג",false,1,21.90,21.90,false,1,
7290004061449,false,שניצל אמריקאי 700 גר`טופ שוף,קפוא-זן תעשיות מזון בעמ - תפוג,,,"י""ח",700,ל גרם,false,1,15.90,2.27,true,1,
7290004061487,false,טבעות עוף700 גר`טופ שף,קפוא-זן תעשיות מזון בעמ - תפוג,,,"י""ח",700,ל גרם,false,1,16.90,2.41,true,1,
7290004061494,false,נגיסי עוף 700 גר`טופ שף,קפוא-זן תעשיות מזון בעמ - תפוג,,,"י""ח",700,ל גרם,false,1,16.90,2.41,true,1,
7290004063115,false,"מלח מטבח עבה להמלחת בשר ובישול 1 ק""ג 1ק""ג",האי נאם סי או אל.טי.,,,"י""ח",1,"ק""ג",false,1,1.70,1.70,false,1,
7290004078270,false,נוזל לניקוי כלים בריח לימון פלמוליב 1 ליטר,יבואן ומשווק: ש. שסט,,,"י""ח",1,ליטר,false,1,12.90,12.90,false,1,
7290004078942,false,ליידי ספיד סטיק - דאודורנט ג'ל לאישה 65 גרם,קולגייט-פלמוליב,,,"י""ח",63,ל גרם,false,1,19.90,31.59,false,1,
7290004091255,false,ג'ל פטרוליום טהור 100% וזלין 212 גרם,יוניליוור ישראל שיווק בע`מ,,,"י""ח",225,"ל מ""ל",false,1,17.80,7.91,false,1,
7290004119133,false,כד יוגורט תנובה 6.5% שומן 1.5 ליטר,מיוצר עי קונדיטוריית,,,"י""ח",1.50,ליטר,false,1,17.90,11.93,false,1,
7290004119225,false,יוגורט יופלה אננס 3% שומן 150 גרם,תנובה מרכז שיתופי לש,,,"י""ח",150,"ל מ""ל",false,1,5.40,3.60,false,1,
7290004119522,false,"משקה תנובה שוקו 2% קרלו שקית 225מ""ל",תנובה בעמ ***,,,"י""ח",225,"ל מ""ל",false,1,2.80,1.24,false,1,
7290004120061,false,מעדן חלב בטעם שוקו וניל שוניל 2% קרלו 125 גרם,תנובה מרכז שיתופי לש,,,"י""ח",125,"ל מ""ל",false,1,3,2.40,false,1,
7290004120108,false,יוגורט יופלה דיאט דובדבן 0% שומן 150גרם,תנובה מרכז שיתופי לש,,,"י""ח",150,"ל מ""ל",false,1,5,3.33,false,1,
7290004120498,false,מילק שוקו,שונות /שרות,,,"י""ח",200,"ל מ""ל",false,1,2.87,1.44,false,1,
7290004120566,false,גבינה בולגרית (25024% גרם)פיראוס תנובה,"תנובה בע""מ ***",,,"י""ח",250,ל גרם,false,1,23.90,9.56,true,1,
7290004120573,false,גבינה בולגרית (25016% גרם)פיראוס תנובה,תנובה מרכז שיתופי לש,,,"י""ח",250,ל גרם,false,1,23.90,9.56,false,1,
7290004120634,false,גבינה בולגרית (2505% גרם)פיראוס תנובה,תנובה מרכז שיתופי לש,,,"י""ח",250,ל גרם,false,1,23.90,9.56,true,1,
7290004120832,false,"חלב 2 ליטר 3% כד ""תנובה""- מוצר בפיקוח",תנובה מרכז שיתופי לש,,,"י""ח",2,ליטר,false,1,12.46,6.23,false,1,
7290004121488,false,יוגורט ביו דיאט 0% אפרסק יופלה (150 גרם),תנובה מרכז שיתופי לש,,,"י""ח",150,"ל מ""ל",false,1,5,3.33,false,1,
7290004121525,false,יופלה מאגדת פרי 4 תות 4 אפרסק 3% 8 יח'*150 ג',תנובה מרכז שיתופי לש,,,"י""ח",1.20,ליטר,false,1,31.80,26.50,false,1,
7290004121754,false,יוגורט ביו עוגת גבינה ותות 3% יופלה 150 גרם,תנובה בעמ ***,,,"י""ח",150,"ל מ""ל",false,1,5.40,3.60,false,1,
7290004121839,false,גבינת פטה כבשים (25020% גרם)פיראוס בול,תנובה מרכז שיתופי לש,,,"י""ח",250,ל גרם,false,1,27.70,11.08,false,1,
7290004121853,false,גבינה בולגרית קוביות (2005% גרם)פיראוס,תנובה מרכז שיתופי לש,,,"י""ח",200,ל גרם,false,1,23.90,11.95,false,1,
7290004122119,false,פתיתי פרמזן לפסטה 23% השף הלבן 100 גרם,"תנובה בע""מ ***",,,"י""ח",100,ל גרם,false,1,13.10,13.10,false,1,
7290004122195,false,גוש חלב גבינה צהובה פרוסה 28% תנובה 200 גרם,"תנובה בע""מ ***",,,"י""ח",200,ל גרם,false,1,14.90,7.45,false,1,
7290004122270,false,עמק קלאסית פרוסות גבינה חצי קשה 28% 200 גרם,תנובה מרכז שיתופי לש,,,"י""ח",200,ל גרם,false,1,16.70,8.35,true,1,
7290004122348,false,גבינה צהובה מופחתת שומן 9% עמק (200 גרם),תנובה מרכז שיתופי לש,,,"י""ח",200,ל גרם,false,1,17.90,8.95,true,1,
7290004122676,false,גבינה חמד לייט (2505% גרם)פיראוס תנובה,תנובה מרכז שיתופי לש,,,"י""ח",250,ל גרם,false,1,18.50,7.40,true,1,
7290004122683,false,עמק חטיף אצבעות גבינה חצי קשה 28% שומן,תנובה מרכז שיתופי לש,,,"י""ח",172,ל גרם,false,1,16.90,9.83,true,1,
7290004122751,false,"יופלה אפרסק 3% מחית 150מ""ל בד""צ",תנובה בעמ ***,,,"י""ח",150,"ל מ""ל",false,1,5.40,3.60,false,1,
7290004124175,false,יופלה לבן 1.5% גביע 150 גר להחזרות בלבד,תנובה בעמ ***,,,"י""ח",150,"ל מ""ל",false,1,2.60,1.73,false,1,
7290004124205,false,יופלה דיאט יוגורט תות %0 גביע 150 גרם,תנובה מרכז שיתופי לש,,,"י""ח",150,"ל מ""ל",false,1,5,3.33,false,1,
7290004124847,false,"קצפת צמחית השף הלבן 500 מ""ל תנובה",תנובה מרכז שיתופי לש,,,"י""ח",500,"ל מ""ל",false,1,15.90,3.18,true,1,
7290004125370,false,"שמנת חמוצה 9% מופחתת שומן תנובה 200 מ""ל מהדרין",תנובה מרכז שיתופי לש,,,"י""ח",200,"ל מ""ל",false,1,3.90,1.95,false,1,
7290004125400,false,"אשל שלי מהדרין 200 מ""ל 4.5% ""תנובה""- מוצר בפיקוח",פארייפאבה אגרואינדוס,,,"י""ח",200,"ל מ""ל",false,1,1.69,0.85,false,1,
7290004125417,false,"גיל 3% שלי 200 מ""ל ""תנובה"" -מוצר בפיקוח",תנובה מרכז שיתופי לש,,,"י""ח",200,ל גרם,false,1,1.51,0.76,false,1,
7290004125455,false,"שמנת חמוצה 200 מ""ל 15% ""תנובה"" -מוצר בפיקוח",תנובה מרכז שיתופי לש,,,"י""ח",200,"ל מ""ל",false,1,2.40,1.20,false,1,
7290004125462,false,"שמנת חמוצה 15% תנובה 500 מ""ל מהדרין",תנובה מרכז שיתופי לש,,,"י""ח",500,"ל מ""ל",false,1,6,1.20,false,1,
7290004125509,false,"שמנת חמוצה 15% מועשרת תנובה 100 מ""ל",תנובה מרכז שיתופי לש,,,"י""ח",100,"ל מ""ל",false,1,1.80,1.80,false,1,
7290004125578,false,משקה סויה מועשר בסידן 1 ל`תנובה,תנובה מרכז שיתופי לש,,,"י""ח",1,ליטר,false,1,11.90,11.90,true,1,
7290004125585,false,משקה סויה בטעם וניל תנובה 1 ליטר,תנובה מרכז שיתופי לש,,,"י""ח",1,ליטר,false,1,11.90,11.90,true,1,
7290004125721,false,"השף הלבן שמנת עמידה לבישול 15% תנובה 250 מ""ל",תנובה מרכז שיתופי לש,,,"י""ח",250,"ל מ""ל",false,1,8.90,3.56,false,1,
7290004125738,false,שמנת מתוקה להקצפה32% 250מל עמיד השף הלבן,תנובה מרכז שיתופי לש,,,"י""ח",250,"ל מ""ל",false,1,6.80,2.72,false,1,
7290004125776,false,גבינה צהובה קלאסית 28% עמק (400 גרם),"תנובה בע""מ ***",,,"י""ח",400,ל גרם,false,1,27.80,6.95,true,1,
7290004126759,false,דאיט יופלה פירות יער טו יוג פרי 150גר.,"תנובה בע""מ ***",,,"י""ח",150,"ל מ""ל",false,1,5,3.33,false,1,
7290004127077,false,קוטג תנובה 3% גביע 250 גרם מהדרין,מיוצר עי קונדיטוריית,,,"י""ח",250,ל גרם,false,1,5.90,2.36,false,1,
7290004127329,false,קוטג תנובה גביע 250 גרם %5 ו.מהדרין,מיוצר עי קונדיטוריית,,,"י""ח",275,ל גרם,false,1,5.90,2.15,false,1,
7290004127336,false,קוטג תנובה גביע 250 גרם %9 ו.מהדרין,מיוצר עי קונדיטוריית,,,"י""ח",250,ל גרם,false,1,5.90,2.36,false,1,
7290004127800,false,"גבינה לבנה 500 גרם 5% ""תנובה"" -מוצר בפיקוח",מיוצר עי קונדיטוריית,,,"י""ח",500,ל גרם,false,1,9.96,1.99,false,1,
7290004127817,false,גבינה לבנה 9% שומן 500 ג' תנובה,מיוצר עי קונדיטוריית,,,"י""ח",500,ל גרם,false,1,9.80,1.96,false,1,
7290004127862,false,"גבינה לבנה 750 גרם 5% ""תנובה"" - מוצר בפיקוח",תנובה מרכז שיתופי לש,,,"י""ח",750,ל גרם,false,1,14.94,1.99,true,1,
7290004129101,false,גבינת שמנת 25% בטעם טבעי 225 ג' נפוליאון,תנובה מרכז שיתופי לש,,,"י""ח",225,ל גרם,false,1,14.10,6.27,false,1,
7290004129118,false,גבינת שמנת 24% עם זיתים ירוקים 225 ג' נפוליאון,מחלבת אלון תבור,,,"י""ח",225,ל גרם,false,1,14.10,6.27,false,1,
7290004129156,false,גבינת שמנת25% עם שום שמיר 225 ג' נפוליאון,תנובה מרכז שיתופי לש,,,"י""ח",225,ל גרם,false,1,14.10,6.27,false,1,
7290004129736,false,יופלה לבן מעודן 1.5% גביע 200 גרם,תנובה מרכז שיתופי לש,,,"י""ח",200,"ל מ""ל",false,1,4.50,2.25,false,1,
7290004130794,false,משקה סויה במתיקות מופחתת תנובה (1 ליטר),תנובה מרכז שיתופי לש,,,"י""ח",1,ליטר,false,1,11.90,11.90,true,1,
7290004130916,false,יוגורט יופלה פירות יער בשמנת 3% 150 גרם,תנובה מרכז שיתופי לש,,,"י""ח",150,"ל מ""ל",false,1,5.40,3.60,false,1,
7290004131074,false,"חלב 1 ליטר 3% קרטון ""תנובה""- מוצר בפיקוח",תנובה מרכז שיתופי לש,,,"י""ח",1,ליטר,false,1,6.23,6.23,false,1,
7290004131814,false,גבינת צפתית מעודנת (2005% גרם)פיראוס ת,פארייפאבה אגרואינדוס,,,"י""ח",200,ל גרם,false,1,15.40,7.70,false,1,
7290004132170,false,"לבן טבעי 1.5% 150 מ""ל יופלה","תנובה בע""מ ***",,,"י""ח",150,"ל מ""ל",false,1,3.20,2.13,false,1,
7290004132552,false,משקה סויה בטעם טבעי לייט תנובה 1 ליטר,תנובה מרכז שיתופי לש,,,"י""ח",1,ליטר,false,1,11.90,11.90,true,1,
7290004132712,false,חטיף אצבעות גבינת מוצרלה 20% 172 ג' עמק,תנובה מרכז שיתופי לש,,,"י""ח",172,ל גרם,false,1,16.90,9.83,true,1,
7290004132903,false,גבינה לבנה 3% מהדרין תנובה 250 גרם,תנובה מרכז שיתופי לש,,,"י""ח",250,ל גרם,false,1,4.90,1.96,false,1,
7290004133511,false,יופלה מאגדת לבן 1.5% מעודן 8 יח' * 150 ג',מיוצר עי קונדיטוריית,,,"י""ח",1.20,ליטר,false,1,21.10,17.58,false,1,
7290004133900,false,.השף הלבן קצפת צמחית 250 מל פרווה,תנובה בעמ ***,,,"י""ח",250,"ל מ""ל",false,1,9,3.60,false,1,
7290004134945,false,יוגורט ביו 3% בטעם מוקה יופלה (150 גרם),תנובה מרכז שיתופי לש,,,"י""ח",150,"ל מ""ל",false,1,5.40,3.60,false,1,
7290004135614,false,גבינה בולגרית מעודנת 5% פיראוס 250 גרם,"תנובה בע""מ ***",,,"י""ח",250,ל גרם,false,1,23.90,9.56,false,1,
7290004136598,false,מארז הפסקת אוכל עם קורנפלקס ומשקה חלב עמיד בטעם וניל,פארייפאבה אגרואינדוס,,,"י""ח",150,"ל מ""ל",false,1,9.90,6.60,false,1,
7290004136857,false,מעדן ג`לי בטעם פטל תנובה (125 גרם),תנובה מרכז שיתופי לש,,,"י""ח",125,"ל מ""ל",false,1,2.60,2.08,false,1,
7290004136864,false,מעדן ג'לי בטעם אננס עם חתיכות תנובה 125 גרם,תנובה בעמ ***,,,"י""ח",125,"ל מ""ל",false,1,2.90,2.32,false,1,
7290004136871,false,מעדן ג'לי בטעם אפרסק עם חתיכות תנובה 125 גרם,תנובה מרכז שיתופי לש,,,"י""ח",125,"ל מ""ל",false,1,2.90,2.32,false,1,
7290004137311,false,גבינה צהובה מופחתת שומן 9% עמק (400 גרם),"תנובה בע""מ ***",,,"י""ח",400,ל גרם,false,1,31.90,7.98,true,1,
7290004137809,false,לאבנה אסלית 5% גביע (250 גרם)פיראוס תנו,"תנובה, מחלבת אלון תב",,,"י""ח",250,ל גרם,false,1,13.40,5.36,false,1,
7290004146986,false,נקה 7 שמפו לשיער צבוע ומובהר 750 מל,החברה הדרומית לשיווק בעמ,,,"י""ח",750,"ל מ""ל",false,1,12.90,1.72,false,1,
7290004146993,false,נקה 7 מרכך שיער צבוע ומובהר 750 מל,החברה הדרומית לשיווק בעמ,,,"י""ח",750,"ל מ""ל",false,1,12.90,1.72,false,1,
7290004165000,false,רסק תפוחי עץ בתוספת סוכר יכין 560גר,ב ספירת מלאי,,,"י""ח",1,,false,1,8.90,8.90,false,1,
7290004199074,false,סאני פלסטר אינטרסן 5,אינטרסן (1996) בעמ,,,"י""ח",1,,false,1,5.50,5.50,false,1,
7290004199203,false,קיסמי שיניים במבוק מלחיה לב הוסטס (300),הדקלאים אגודת שיתופי,,,"י""ח",1,,false,1,3.90,3.90,true,1,
7290004199777,false,צימרוני אוזניים פלסטיק בכוס 300 יחידות אינטרסאן,אינטרסן (1996) בעמ,,,"י""ח",1,,false,1,7.90,7.90,true,1,
7290004200244,false,פרסים רמה 3,שמחה זה אנחנו,,,"י""ח",1,,false,1,6.90,6.90,false,1,
7290004200282,false,פרסים רמה 7,שמחה זה אנחנו,,,"י""ח",1,,false,1,16.50,16.50,false,1,
7290004219079,false,לבבות דקל פרוסות וילי פוד (400 גרם),ג. וילי-פוד אינטרנשיונל בע`מ,,,"י""ח",400,ל גרם,false,1,10.90,2.73,false,1,
7290004219284,false,אנשובי עגול בצנצנת ויליפוד 80 גרם,ג.וילי פוד אינטרנשיונל בעמ,,,"י""ח",160,ל גרם,false,1,13.90,8.69,false,1,
7290004219819,false,קומפלטה מלבין קפה הולנדי 200ג,ג. וילי-פוד אינטרנשיונל בע`מ,,,"י""ח",200,ל גרם,false,1,10.90,5.45,false,1,
7290004219826,false,מלבין קפה הולנדי קומפלטה 400ג',ג. וילי-פוד אינטרנשיונל בע`מ,,,"י""ח",400,ל גרם,false,1,19.90,4.98,false,1,
7290004263652,false,נקניקיות עוף עטרה (400 גרם),נטו מלינדה סחר - עטרה,,,"י""ח",400,ל גרם,false,1,8.90,2.23,true,1,
7290004267124,false,עוגיות ממולאות בטעם תות שדה בר-מן 200 גרם,ח.כהן סוכנות מזון ומשקאות בע,,,"י""ח",200,ל גרם,false,1,5.90,2.95,false,1,
7290004324858,false,קבב כבש טיבון ויל 500 גרם,"טיבון ויל אחזקות בע""",,,"י""ח",500,ל גרם,false,1,19.90,3.98,true,1,
7290004492274,false,בייגלה טבעות מלוחות בייגל בייגל 400 גרם,"יוניליוור ישראל שיווק בע""מ",,,"י""ח",400,ל גרם,false,1,11.90,2.98,true,1,
7290004492762,false,"נשנושים תירס אפוי טעם טבעי בייגל בייגל 325 גרם בד""צ",יוניליוור ישראל שיווק בע`מ,,,"י""ח",325,ל גרם,false,1,12.70,3.91,false,1,
7290004554293,false,קרחון אסקימו שטראוס ענבים,גלידות שטראוס בעמ,,,"י""ח",1,,false,1,2.90,2.90,true,1,
7290004554330,false,"קרחון בטעם דובדבן ""שטראוס""","מיוצר ע""\י גלידת שטראוס",,,"י""ח",1,,false,1,1.90,1.90,true,1,
7290004554781,false,קרחון אסקימו שטראוס לימון,גלידות שטראוס בעמ,,,"י""ח",1,,false,1,2.30,2.30,true,1,
7290004554903,false,"גלידת פנטזיה שוקו וניל 900 מ""ל שטראוס","גלידת שטראוס בע""\מ, רחוב",,,"י""ח",900,"ל מ""ל",false,1,23.30,2.59,false,1,
7290004575632,false,קרמבו וניל 16 יחידות(ריאו).,ריאו נתניה ביחר לגלידה וממתקים,,,"י""ח",16,"י""ח",false,1,21.90,1.37,false,1,
7290004584306,false,רבעיית גמדים בטעם תות בננה * 100 ג' שטראוס,שטראוס גרופ בעמ/מצונן,,,"י""ח",400,"ל מ""ל",false,1,11.70,2.93,true,1,
7290004584351,false,גבינה לבנה סימפוניה עם תוספות 200 ג' חמישית 200,שטראוס גרופ בעמ/מצונן,,,"י""ח",200,ל גרם,false,1,10.90,5.45,true,1,
7290004584528,false,יוגורט דנונה ביו לבן 1.7% שומן 200 גרם,שטראוס גרופ בעמ/מצונן,,,"י""ח",200,"ל מ""ל",false,1,3.70,1.85,true,1,
7290004585907,false,דני ועדן וניל 1.5% 125ג' שטראוס,שטראוס גרופ בעמ/מצונן,,,"י""ח",130,"ל מ""ל",false,1,2.70,2.08,true,1,
7290004658847,false,"תירוש כרמל מיץ ענבים אדום, 187 מ""ל",אגודת הכורמים בעמ,,,"י""ח",187,"ל מ""ל",false,1,6.50,3.32,false,1,
7290004658960,false,יין אמרלד ריזלינג פרייבט קולקשן יקבי כרמל,אגודת הכורמים הקואופרטיב,,,"י""ח",750,"ל מ""ל",false,1,39.90,5.28,true,1,
7290004685430,false,100% לחם כומסין 500 גר לחם הארץ,מאפית י את א ברמן בע,,,"י""ח",1,,false,1,15.90,15.90,false,1,
7290004731076,false,אל סבון נוזלי עם אלוורה כיף 1 ליטר,החברה הדרומית לשיווק בעמ,,,"י""ח",1,ליטר,false,1,14.90,14.90,false,1,
7290004731083,false,אל סבון נוזלי ג`ינסנג כיף (1 ליטר),החברה הדרומית לשיווק בעמ,,,"י""ח",1,ליטר,false,1,14.90,14.90,false,1,
7290004731472,false,"אל סבון צבעוני כיף שלישיה* 500 מ""ל",החברה הדרומית לשיווק בעמ,,,"י""ח",1.50,ליטר,false,1,18.90,12.60,false,1,
7290004731519,false,"מקסימה מרכך ומבשם כביסה למייבש סנסיטיב סנו 750 מ""ל",החברה הדרומית לשיווק בעמ,,,"י""ח",750,"ל מ""ל",false,1,17.90,2.39,true,1,
7290004731557,false,"מקסימה תרסיס מרכך ומבשם כביסה במייבש מאסק סנו 750 מ""ל",החברה הדרומית לשיווק בעמ,,,"י""ח",750,"ל מ""ל",false,1,17.90,2.39,true,1,
7290004731670,false,"מטהר אוויר דואופרש פצ'ולי לבנדר סנו 300 מ""ל",החברה הדרומית לשיווק בעמ,,,"י""ח",300,"ל מ""ל",false,1,12.90,4.30,false,1,
7290004731687,false,"מטהר אויר בניחוח וניל ולמון גראס סנו 300 מ""ל",סנו מפעלי ברונוס בעמ,,,"י""ח",300,"ל מ""ל",false,1,12.90,4.30,false,1,
7290004737719,false,אספרגוס שלם מקולף בצנצנת ויליפוד 330 גרם,ג.וילי-פוד אינטרנשיונל בעמ,,,"י""ח",330,ל גרם,false,1,11.40,3.45,false,1,
7290004737900,false,חלב כחוש מרוכז וממותק בתוספת שמן צמחי ויליפוד 397 גרם,ג. וילי-פוד אינטרנשיונל בע`מ,,,"י""ח",397,ל גרם,false,1,9.90,2.49,false,1,
7290004829056,false,מלכודת עכברים,נאמן לאורך זמן בעמ,,,"י""ח",1,,false,1,5.90,5.90,false,1,
7290004861261,false,גבינה טובורג צימוקים/דובדבן/אוכמניות,מחלבות המושבה בעמ,,,"ק""ג",1,,true,1,32.90,32.90,false,1,
7290004872069,false,קרחון לימון נסטלה 80 גרם,נגה גלידות שותפות מוגבלת,,,"י""ח",1,,false,1,2.10,2.10,true,1,
7290004872250,false,שלגון שרבט אבטיח נסטלה 108 גרם,נגה גלידות שותפות מוגבלת,,,"י""ח",1,,false,1,4.60,4.60,false,1,
7290004872731,false,טילון וניל אקסטרים נסטלה 72 גרם,גלידות נסטלה,,,"י""ח",1,,false,1,4.70,4.70,true,1,
7290004923051,false,מים מינרלים עין גדי 2 ל',יפאורה שותפות מוגבלת לשיווק,,,"י""ח",2,ליטר,false,1,4.20,2.10,false,1,
7290004944032,false,חומוס אמיתי אסלי שמיר 400 גרם,"סלטי שמיר 2006 בע""מ",,,"י""ח",400,ל גרם,false,1,9.90,2.48,true,1,
7290004944049,false,טחינה אסלי שמיר 400 גרם,"סלטי שמיר 2006 בע""מ",,,"י""ח",400,ל גרם,false,1,9.90,2.48,true,1,
7290004944056,false,סדרת האסלי חציל במיונז שמיר 400 גרם,"סלטי שמיר 2006 בע""מ",,,"י""ח",400,ל גרם,false,1,9.90,2.48,true,1,
7290004944063,false,סלט תורכי אסלי שמיר 400 ג',"סלטי שמיר 2006 בע""מ",,,"י""ח",400,ל גרם,false,1,10.90,2.73,true,1,
7290004944070,false,כרוב אדום אסלי שמיר 400 גרם,"סלטי שמיר 2006 בע""מ",,,"י""ח",400,ל גרם,false,1,10.90,2.73,true,1,
7290005008184,false,"סבון נוזלי בניחוח חלב שקדים פלמוליב 500 מ""ל",הנסיך- מפעל לייצור ט,,,"י""ח",500,"ל מ""ל",false,1,15.90,3.18,true,1,
7290005008191,false,"סבון נוזלי ארומה בניחוח לבנדר פטצ'ולי וילנג ילנג פלמוליב 500 מ""ל",הנסיך- מפעל לייצור ט,,,"י""ח",500,"ל מ""ל",false,1,15.90,3.18,true,1,
7290005008481,false,ספיד סטיק - דאודורנט ג'ל לגבר ספורט 85 גרם,הנסיך- מפעל לייצור ט,,,"י""ח",85,ל גרם,false,1,15.90,18.71,true,1,
7290005084355,false,סנסודין משחת שיניים דואל קר פלואוריד 75,גלקסו סמית קליין,,,"י""ח",75,ל גרם,false,1,22.90,30.53,true,1,
7290005095368,false,סט קופסאות אחסון 3 י,לפ ציון תורג`מן PL בע``מ,,,"י""ח",1,,false,1,9.90,9.90,false,1,
7290005111761,false,"מזון לכלבים בונזו מזון כלבים בשר 3 ק""ג",דיפלומט מפיצים (1968) בעמ**,,,"י""ח",3,"ק""ג",false,1,44.90,14.97,false,1,
7290005174513,false,חציל על האש במיונז אחלה 400 גרם+225גר,שטראוס גרופ בעמ/מצונן,,,"י""ח",500,ל גרם,false,1,14.90,2.98,true,1,
7290005174551,false,סלט חומוס עם צנוברים 125 ג' אחלה,שטראוס גרופ בעמ/מצונן,,,"י""ח",125,ל גרם,false,1,4.90,3.92,true,1,
7290005174568,false,אחלה יום יום חצילים במיונז 125 גרם,שטראוס גרופ בעמ/מצונן,,,"י""ח",125,ל גרם,false,1,4.90,3.92,true,1,
7290005174575,false,טחינה אחלה יום יום משובחת 125ג',שטראוס גרופ בעמ/מצונן,,,"י""ח",125,ל גרם,false,1,4.90,3.92,true,1,
7290005175428,false,"קמח תירס לל""ג ריבארה 500 ג'",ג. וילי-פוד אינטרנשיונל בע`מ,,,"י""ח",500,ל גרם,false,1,6.90,1.38,false,1,
7290005197758,false,"עוגיות חיוכים שוקולד עלית 150 גרם בד""צ",אפיפית נצרת תעשיות ב,,,"י""ח",150,ל גרם,false,1,4.80,3.20,true,1,
7290005199578,false,קפה נמס מיובש בהקפאה נטול קפאין 200ג,שטראוס קפה בי.וי.,,,"י""ח",200,ל גרם,false,1,31.90,15.95,true,1,
7290005199738,false,גומי מאסט בטעם פפרמינט ריח פה נעים פליפטופ 28 ג' עלית,שטראוס גרופ בע`מ,,,"י""ח",28,ל גרם,false,1,4.30,15.36,true,1,
7290005200786,false,תפוצ'יפס בטעם שמנת בצל עלית 50 גרם,"שטראוס פריטו ליי בע""\מ )",,,"י""ח",50,ל גרם,false,1,4.50,9,true,1,
7290005201455,false,קפה נמס מגורען ארומה קלאסי עלית 200 גרם,שטראוס גרופ בע`מ,,,"י""ח",200,ל גרם,false,1,21.90,10.95,true,1,
7290005201882,false,קפה טורקי בצלופן עלית 200 גרם,הנסיך- מפעל לייצור ט,,,"י""ח",200,ל גרם,false,1,17.90,8.95,true,1,
7290005287206,false,רביעיית טונה בשמן סטארקיסט 160 גרם,דיפלומט מפיצים (1968) בעמ**,,,"י""ח",640,ל גרם,false,1,26.90,4.20,true,1,
7290005287213,false,"רביעיית טונה בשמן סטארקיסט 160 גרם בד""צ",דיפלומט מפיצים (1968) בעמ**,,,"י""ח",640,ל גרם,false,1,25.90,4.05,true,1,
7290005287251,false,רביעיית טונה במים סטארקיסט 160 גרם,דיפלומט מפיצים (1968) בעמ**,,,"י""ח",640,ל גרם,false,1,26.90,4.20,true,1,
7290005296246,false,"פותח סתימות דריין אאוט 946 מ""ל יעקבי","יעקב יעקבי ובניו בע""מ",,,"י""ח",946,"ל מ""ל",false,1,31.90,3.37,false,1,
7290005317200,false,קרקר טופז טעמים שונים 110 גר,ח.כהן סוכנות מזון ומשקאות בע,,,"י""ח",110,ל גרם,false,1,2.90,2.64,true,1,
7290005423253,false,"סנו - מקסימה מרסס למייבש כביסה אולטרה פרש 750 מ""ל",החברה הדרומית לשיווק בעמ,,,"י""ח",750,"ל מ""ל",false,1,17.90,2.39,true,1,
7290005423499,false,"תרסיס לניקוי משטחי נירוסטה אירוסל סנו 500 מ""ל",החברה הדרומית לשיווק בעמ,,,"י""ח",476,"ל מ""ל",false,1,19.90,4.18,false,1,
7290005423635,false,ריצפז נוזל רצפות דוחה תיקנים סנו 2 ליטר,החברה הדרומית לשיווק בעמ,,,"י""ח",2,ליטר,false,1,22.90,11.45,false,1,
7290005423734,false,מרכך כביסה מרוכז אולטרא פרש סנו מקסימה 4 ליטר,החברה הדרומית לשיווק בעמ,,,"י""ח",4,ליטר,false,1,21.90,5.48,false,1,
7290005423871,false,שלישיית משחת שיניים מנטול אורביטול 145 גרם,טרופיקל דגיל תעשיות קוסמ,,,"י""ח",435,ל גרם,false,1,19.90,4.57,false,1,
7290005423918,false,סנו - מקסימה מרכך כביסה היפואלרגני אלוורה 4 ליטר,החברה הדרומית לשיווק בעמ,,,"י""ח",4,ליטר,false,1,21.90,5.48,false,1,
7290005424311,false,סנו k רב קוטל זוחלים ומעופפים 475 סמ,החברה הדרומית לשיווק בעמ,,,"י""ח",500,"ל מ""ל",false,1,24.90,4.98,false,1,
7290005424403,false,"אל סבון כיף אצות ים קטיפתי 1ליטר,",החברה הדרומית לשיווק בעמ,,,"י""ח",1,ליטר,false,1,14.90,14.90,false,1,
7290005424700,false,סנו - פורטה פלוס מרסס מסיר שומנים 1 ליטר,החברה הדרומית לשיווק בעמ,,,"י""ח",1,ליטר,false,1,17.90,17.90,false,1,
7290005424847,false,"מפיות נייר 30*30 ס""מ סנו סושי 150 יחידות",החברה הדרומית לשיווק בעמ,,,"י""ח",150,"י""ח",false,1,7.90,0.05,false,1,
7290005424991,false,סנו פרש אוטומטיק בהתזה קצובה ניחוח בייבי פאודר,החברה הדרומית לשיווק בעמ,,,"י""ח",165,ל גרם,false,1,13.90,8.42,false,1,
7290005425196,false,"מקסימה אבקת כביסה סנסיטיב סנו 2.5 ק""ג",החברה הדרומית לשיווק בעמ,,,"י""ח",2.50,"ק""ג",false,1,26.90,10.76,false,1,
7290005425202,false,אבקת כביסה ביו מקסימה לכתמים קשים,החברה הדרומית לשיווק בעמ,,,"י""ח",2.50,"ק""ג",false,1,26.90,10.76,false,1,
7290005425646,false,קליר נוזל לניקוי חלונות רב תכליתי סנו 1 ליטר,החברה הדרומית לשיווק בעמ,,,"י""ח",1,ליטר,false,1,11.90,11.90,false,1,
7290005426193,false,ספוגית הפלא סנו סושי 6 יחידות,החברה הדרומית לשיווק בעמ,,,"י""ח",1,,false,1,11.90,11.90,false,1,
7290005426230,false,מטלית הפלא לרצפה מיקרופייבר סנו 1יח',החברה הדרומית לשיווק בעמ,,,"י""ח",1,,false,1,12.90,12.90,false,1,
7290005426568,false,"קרמה - קרם לחות לשיער רגיל 400 מ""ל",החברה הדרומית לשיווק בעמ,,,"י""ח",400,"ל מ""ל",false,1,19.90,4.98,false,1,
7290005426803,false,מקסימה מרכך כביסה פצ'ולי לבנדר סגול סנו 4 ליטר,החברה הדרומית לשיווק בעמ,,,"י""ח",4,ליטר,false,1,21.90,5.48,false,1,
7290005426940,false,"סנו K-300 מדביר חרקים 475 מ""ל",טרופיקל דגיל תעשיות,,,"י""ח",400,"ל מ""ל",false,1,19.90,4.98,false,1,
7290005426964,false,סנובון סבון לאסלה בניחוח אפרסק סנו 3 יחידות,החברה הדרומית לשיווק בעמ,,,"י""ח",165,ל גרם,false,1,17.90,10.85,true,1,
7290005426971,false,סנובון סבון לאסלה תפוח כחול סנו 3 יחידות,החברה הדרומית לשיווק בעמ,,,"י""ח",165,ל גרם,false,1,17.90,10.85,true,1,
7290005427107,false,סנו - סושי מגבות נייר הפלא 6 יחידות,החברה הדרומית לשיווק בעמ,,,"י""ח",570,ל גרם,false,1,13.90,2.44,false,1,
7290005427121,false,סנו סושי מגבות הפלא 12 גלילים,החברה הדרומית לשיווק בעמ,,,"י""ח",12,"י""ח",false,1,24.90,2.08,false,1,
7290005427633,false,"כיף גל לשיער לשיער חזק במיוחד 1 ק""ג",החברה הדרומית לשיווק בעמ,,,"י""ח",1,"ק""ג",false,1,20.90,20.90,false,1,
7290005427947,false,"קרמה ק.גוף פסיפלורה 500 מ""ל",החב הדרומית לשיווק,,,"י""ח",500,"ל מ""ל",false,1,24.90,4.98,false,1,
7290005427978,false,"תחליב רחצה לפנים פילינג קרמה 180 מ""ל",החברה הדרומית לשיווק בעמ,,,"י""ח",180,"ל מ""ל",false,1,14.90,8.28,false,1,
7290005428845,false,מפיות סנו סופט 33*33 100 יחידות,החב הדרומית לשיווק,,,"י""ח",100,"י""ח",false,1,7.90,0.08,false,1,
7290005428852,false,ממחטות טישו צבעוניים סנו סופט 5 יח' *100דף,החברה הדרומית לשיווק בעמ,,,"י""ח",650,ל גרם,false,1,13.90,2.14,false,1,
7290005429279,false,סנו מקסימה קומפקט קומפקט אפקט גאוול 6 ק,החברה הדרומית לשיווק בעמ,,,"י""ח",6,"ק""ג",false,1,49.90,8.32,true,1,
7290005429286,false,"אבקת כביסה ביו סנו מקסימה 6 ק""ג",החברה הדרומית לשיווק בעמ,,,"י""ח",6,"ק""ג",false,1,49.90,8.32,true,1,
7290005430602,false,"סנו אוקסיג'ן ספריי להסרת כתמים עם חמצן פעיל 750 מ""ל",החברה הדרומית לשיווק בעמ,,,"י""ח",750,"ל מ""ל",false,1,18.90,2.52,false,1,
7290005437830,false,פרוסות אננס במיץ טבעי טעמן 825 גרם,טעמן שיווק מזון בעמ,,,"י""ח",825,ל גרם,false,1,10.90,1.32,false,1,
7290005509445,false,עוגיות מיני קוקיס חמאה בצנצנת כרמית 600 גרם,כרמית תעשיות ממתקים בעמ,,,"י""ח",600,"ס""מ",false,1,16.90,2.82,false,1,
7290005559587,false,מאפה נקניקיה בבצק מעדנות 800ג',תנובה מרכז שיתופי לשיווק תוצרת,,,"י""ח",800,ל גרם,false,1,28.10,3.51,false,1,
7290005559709,false,בורקס פיצה מעדנות 700 גרם,מיוצר עי קונדיטוריית,,,"י""ח",700,ל גרם,false,1,28.90,4.13,false,1,
7290005559914,false,פיצה משפחתית עם 100% גבינה בתוספת זיתים מעדנות 550 גרם,תנובה מרכז שיתופי לשיווק תוצרת,,,"י""ח",550,ל גרם,false,1,24.90,4.53,true,1,
7290005591761,false,דבש טהור מפרחי בר בלחיץ 400 ג' יד מרדכי,מכוורת יד מרדכי שטרא,,,"י""ח",400,ל גרם,false,1,24.90,6.23,true,1,
7290005604584,false,פריגת אשכוליות פאלפ 1.5 ל,החברה המרכזית להפצת משקאות בעמ,,,"י""ח",1.50,ליטר,false,1,9.60,6.40,false,1,
7290005605895,false,פאנטה אקזוטיק 0.5 חייב פקדון,החברה המרכזית להפצת משקאות בעמ,,,"י""ח",500,"ל מ""ל",false,1,6.20,1.18,true,1,
7290005651069,false,"מזון חתולים לה קט מיקס 2.85 ק""ג",דיפלומט מפיצים (1968) בעמ**,,,"י""ח",2.85,"ק""ג",false,1,64.90,22.77,false,1,
7290005651366,false,"מזון לכלבים בונזו מזון כלבים כבד 3 ק""ג",דיפלומט מפיצים (1968) בעמ**,,,"י""ח",3,"ק""ג",false,1,53,17.67,false,1,
7290005651427,false,"בונזו מזון לכלבים מולטיפק 1.2 ק""ג מארז 3 יחידות",דיפלומט מפיצים (1968) בעמ**,,,"י""ח",1.24,"ק""ג",false,1,17.90,14.44,false,1,
7290005678486,false,ענב אדום,ביכורי השדה צפון 1994 ג.ד. בעמ,,,"ק""ג",1,"ק""ג",true,1,19.90,19.90,false,1,
7290005678516,false,ענבים טלי לבן,ביכורי השדה צפון 1994 ג.ד. בעמ,,,"ק""ג",1,,true,1,24.90,24.90,false,1,
7290005680052,false,טמפונים סופר פלוס אובה 32 יחידות,גונסון אנד גונסון,,,"י""ח",1,,false,1,24.90,24.90,false,1,
7290005838002,false,מעדן גבינה ויוגורט בטעם וניל 88 ג' דניאלה,שטראוס גרופ בעמ/מצונן,,,"י""ח",150,"ל מ""ל",false,1,4.10,2.73,true,1,
7290005838613,false,קרם גבינה 3% בטעם וניל סקי (125 גרם),שטראוס גרופ בעמ/מצונן,,,"י""ח",125,ל גרם,false,1,3.90,3.12,true,1,
7290005839078,false,שמיניית יוגורט לבן 3% ביו דנונה 150 גרם,שטראוס גרופ בעמ/מצונן,,,"י""ח",1.20,ליטר,false,1,16.90,14.08,true,1,
7290005839108,false,גבינה לבנה סימפוניה עם תוספות 200 ג'+זיתים 5%,שטראוס גרופ בעמ/מצונן,,,"י""ח",200,ל גרם,false,1,10.90,5.45,true,1,
7290005839313,false,מילקי Top עם שוקולדה מגולגלת 140 גרם,שטראוס גרופ בעמ/מצונן,,,"י""ח",130,"ל מ""ל",false,1,4.90,3.77,true,1,
7290005854606,false,קרחון אסקימו שטראוס אננס,גלידות שטראוס בעמ,,,"י""ח",1,,false,1,2.90,2.90,true,1,
7290005854613,false,שלגון אסקימו תותי פרוט 75 גר',גלידות שטראוס בעמ,,,"י""ח",1,,false,1,2.90,2.90,true,1,
7290005896415,false,"בירה איגל לאגר פרימיום 5% 500 מ""ל פחית",טמפו משקאות בעמ,,,"י""ח",500,"ל מ""ל",false,1,6.20,1.18,false,1,
7290005896460,false,"בירה איגל לאגר חזקה 7.8% 500 מ""ל פחית",טמפו משקאות בעמ,,,"י""ח",330,"ל מ""ל",false,1,6.70,1.94,false,1,
7290005938238,false,ממרח צ'ימצ'ורי פרסקו 220ג' מצונן,נטו מילנדה סחר בעמ*,,,"י""ח",220,ל גרם,false,1,18.90,8.59,false,1,
7290005938245,false,ממרח פסטו קלאסי פרסקו 220ג' מצונן,מיוצר עי פרסקו חצבה,,,"י""ח",220,ל גרם,false,1,15.90,7.23,false,1,
7290005992735,false,לאבנה טבעית 5% 250 גר' - רבנות,מחלבות גד שיווק 1992 בעמ,,,"י""ח",250,ל גרם,false,1,13.30,5.32,false,1,
7290006185501,false,"פנינה רוזנבלום -אל סבון נוזלי ורוד,1 ליטר","פנינה רוזנבלום בע""מ",,,"י""ח",1,ליטר,false,1,10.90,10.90,true,1,
7290006185518,false,אל סבון נוזלי כחול 1 ליטר פנינה רוזנבלום,"פנינה רוזנבלום בע""מ",,,"י""ח",1,ליטר,false,1,10.90,10.90,true,1,
7290006199867,false,קרמבו]פלדמן[מוקה] [20,פלקו בעמ,,,"י""ח",20,"י""ח",false,1,34.90,1.75,false,1,
7290006229427,false,סן בנדטו - מים מינרלים - מארז שישיית 500 מל,טמפו משקאות בע`מ,,,"י""ח",3,ליטר,false,1,11.90,3.97,false,1,
7290006229588,false,בירה איגל לאגר פרימיום חזקה 6.3% 500 מל,טמפו משקאות בעמ,,,"י""ח",330,"ל מ""ל",false,1,6.20,1.79,false,1,
7290006241153,false,אגוזי פקאן סיניים קליית גת (150 גרם),ליימן שליסל בעמ,,,"י""ח",150,ל גרם,false,1,20.90,13.93,false,1,
7290006241191,false,אגוזי מלך טבעיים קליית גת (150 גרם),הדקלאים אגודת שיתופי,,,"י""ח",150,ל גרם,false,1,17.90,11.93,true,1,
7290006241214,false,שקדים טבעיים קליית גת (200 גרם),הדקלאים אגודת שיתופי,,,"י""ח",200,ל גרם,false,1,17.90,8.95,false,1,
7290006241504,false,"משקה תפוזים קפוא פריגת 340 מ""ל",החברה המרכזית טלהפצת משקאות בע,,,"י""ח",280,ל גרם,false,1,10.20,3.54,false,1,
7290006241535,false,"משקה מנגו קפוא פריגת 340 מ""ל",*החברה המרכזית להפצת משקאותבעמ,,,"י""ח",280,ל גרם,false,1,9.90,3.54,false,1,
7290006251107,false,תה מסאלה צ'אי ויסוצקי 25 יחידות,תה ויסוצקי (ישראל) בעמ,,,"י""ח",50,ל גרם,false,1,17.90,35.80,false,1,
7290006251275,false,תה ירוק סיני קלאסי ויסוצקי 25 יחידות,תה ויסוצקי (ישראל) בעמ,,,"י""ח",37.50,ל גרם,false,1,24.90,66.40,true,1,
7290006251343,false,חליטת פסיפלורה מנגו הגן הקסום ויסוצקי 25 יחידות,תה ויסוצקי (ישראל) בעמ,,,"י""ח",62.50,ל גרם,false,1,17.90,28.64,true,1,
7290006251374,false,תה ירוק לימונית וג'ינג'ר ויסוצקי 25 יחידות,תה ויסוצקי (ישראל) בעמ,,,"י""ח",25,ל גרם,false,1,24.90,99.60,true,1,
7290006271181,false,ג'חנון אפוי למיקרוגל מעדנות 750 גרם,תנובה מרכז שיתופי לשיווק תוצרת,,,"י""ח",750,ל גרם,false,1,26.90,3.59,false,1,
7290006271648,false,מיני בורקס תפוח אדמה מעדנות (800 גרם),תנובה מרכז שיתופי לשיווק תוצרת,,,"י""ח",650,ל גרם,false,1,22.70,3.49,false,1,
7290006271655,false,מיני בורקס במילוי גבינה מעדנות (800 גרם),תנובה מרכז שיתופי לשיווק תוצרת,,,"י""ח",800,ל גרם,false,1,28.30,3.54,false,1,
7290006272072,false,חטיפי פיצה גבינה מעדנות 650 גרם,תנובה קפואים,,,"י""ח",650,ל גרם,false,1,33.90,5.22,false,1,
7290006286031,false,חסה,ביכורי השדה צפון 1994 ג.ד. בעמ,,,"י""ח",1,,false,1,4.90,4.90,false,1,
7290006342447,false,גרעיני אבטיח ששון הקולה 200 גרם,דין שיווק וקליה 2021 בעמ,,,"י""ח",200,ל גרם,false,1,14.90,7.45,false,1,
7290006342553,false,קבוקים בשקית ששון הקולה 200 גרם,דין שיווק וקליה 2021 בעמ,,,"י""ח",200,ל גרם,false,1,6.90,3.45,false,1,
7290006342560,false,בוטן אמריקאי 200 גרם ששון הקולה,דין שיווק וקליה 2021 בעמ,,,"י""ח",200,ל גרם,false,1,4.90,2.45,false,1,
7290006374615,false,דבש מזון מלכות מרוכז במיוחד 340 גרם,"שטראוס גרופ בע""מ",,,"י""ח",340,ל גרם,false,1,45.90,13.50,true,1,
7290006374738,false,קונפיטורה תות יד מרדכי בטעם תות,אף.סי תבליני בגליל ב,,,"י""ח",340,ל גרם,false,1,13.60,4,true,1,
7290006380142,false,גזר טרי ארוז,ביכורי השדה צפון 1994 ג.ד. בעמ,,,"ק""ג",1,"ק""ג",true,1,3.90,3.90,false,1,
7290006429506,false,חצאי אפרסקים 820 גרם טעמן,טעמן שיווק מזון בעמ,,,"י""ח",820,ל גרם,false,1,9.90,1.21,false,1,
7290006492432,false,גבינה מוצרלה בייבי 18% גד (150 גרם),מחלבות גד שיווק 1992 בעמ,,,"י""ח",1,,false,1,16.50,16.50,false,1,
7290006494917,false,טוסו וופל קלאסי במילוי שוקולד 200 גרם,"איטיליאן פוד, אס.פי.",,,"י""ח",180,ל גרם,false,1,10,5.56,false,1,
7290006494924,false,טוסו וופל קלאסי במילוי קרם לימון 200 גרם,"דנשר (1963) בע,מ",,,"י""ח",180,ל גרם,false,1,7.80,4.33,false,1,
7290006498052,false,דנונה ביו יוגורט טבעי מהדרין 3% 150 ג',שטראוס גרופ בעמ/מצונן,,,"י""ח",150,"ל מ""ל",false,1,2.60,1.73,true,1,
7290006511157,false,פטריות שמפניון שלמות וילי פוד (400 גרם),ג.וילי-פוד אינטרנשיונל בעמ,,,"י""ח",400,ל גרם,false,1,7.90,1.98,true,1,
7290006511751,false,פטריות שמפניון חתוך ויליפוד 290X3 ג' בד”צ,ג.וילי-פוד אינטרנשיונל בעמ,,,"י""ח",870,ל גרם,false,1,11.90,1.37,false,1,
7290006546524,false,צי'פס מובחר קפוא פרי גליל 800 ג',נטו מלינדה סחר בעמ,,,"י""ח",800,ל גרם,false,1,14.90,1.86,false,1,
7290006550972,false,בשר בקר קפוא טחון מהדרין עטרה (1 קג),טיבון ויל אחזקות בעמ,,,"י""ח",1,"ק""ג",false,1,29.90,29.90,false,1,
7290006618078,false,"מרסס לניקוי יסודי מטבח אסטוניש 750 מ""ל","יעקב יעקבי ובניו בע""מ",,,"י""ח",750,"ל מ""ל",false,1,16.90,2.25,true,1,
7290006618085,false,"אסטוניש תרסיס ניקוי אמבטיה וכיורים יעקבי 750 מ""ל",יעקב יעקבי ובניו בע`מ,,,"י""ח",750,"ל מ""ל",false,1,16.90,2.25,true,1,
7290006618146,false,"מדליק פחמים נוזלי הפי יעקבי 500 מ""ל","יעקב יעקבי ובניו בע""מ",,,"י""ח",1,,false,1,15.90,15.90,false,1,
7290006618610,false,הפי ספוגיות לניקוי כלים חלביים ובשריים יעקבי 6 יחידות,יעקב יעקבי ובניו בעמ,,,"י""ח",1,,false,1,9.30,9.30,false,1,
7290006640598,false,מכשירי כתיבה מגוון,צבע ומכחול (2014) בעמ,,,"י""ח",1,,false,1,5.50,5.50,false,1,
7290006640635,false,מכשירי כתיבה 704,צבע ומכחול (2014) בעמ,,,"י""ח",1,,false,1,4.90,4.90,false,1,
7290006640765,false,ערכת צעצוע לים,צבע ומכחול (2014) בעמ,,,"י""ח",1,,false,1,14.90,14.90,false,1,
7290006640789,false,צעצועים,צבע ומכחול (2014) בעמ,,,"י""ח",1,,false,1,9.90,9.90,false,1,
7290006644411,false,מארז רביעת סודה שוופס,תבורי שותפות מוגבלת לשיווק,,,"י""ח",6,ליטר,false,1,11,1.83,false,1,
7290006644480,false,תפוזינה תפוזים 0.5 ליטר,יפאורה שותפות מובגלת לשיווק,,,"י""ח",500,"ל מ""ל",false,1,4.70,0.88,true,1,
7290006644510,false,"מיץ ענבים 500 מ""ל תפוזינה",יפאורה שותפות מוגבלת לשיווק,,,"י""ח",500,"ל מ""ל",false,1,4.70,0.88,true,1,
7290006644527,false,תפוזינה תות בננה 0.5 ליטר,יפאורה שותפות מוגבלת לשיווק,,,"י""ח",500,"ל מ""ל",false,1,5.90,1.12,true,1,
7290006652027,false,במבה חטיף בוטנים אסם 20*15 גרם,קבוצת אוסם סחר שותפות מוגבלת,,,"י""ח",300,ל גרם,false,1,25.90,8.63,true,1,
7290006653819,false,קוסקוס אמיתי דק בשקית 350 גרם,קבוצת אוסם סחר שותפות מוגבלת,,,"י""ח",350,ל גרם,false,1,9.20,2.63,false,1,
7290006664037,false,גמדים סופר ארוחת בוקר דגנים 4*100גר,שטראוס גרופ בעמ/מצונן,,,"י""ח",400,"ל מ""ל",false,1,11.70,2.93,true,1,
7290006664310,false,גבינה לבנה 3% שומן 250 ג' שטראוס,שטראוס גרופ בעמ/מצונן,,,"י""ח",250,ל גרם,false,1,4.80,1.92,true,1,
7290006664402,false,גבינה לבנה סקי 5% שומן 750 גרם,שטראוס גרופ בעמ/מצונן,,,"י""ח",750,ל גרם,false,1,14.25,1.90,true,1,
7290006664532,false,יוגורט עם תות 3% שומן 150 ג' דנונה,שטראוס גרופ בעמ/מצונן,,,"י""ח",150,"ל מ""ל",false,1,3.90,2.60,true,1,
7290006664655,false,דנונה Actimel יוגורט טבעי 8*100 מ``ל,שטראוס גרופ בעמ/מצונן,,,"י""ח",800,"ל מ""ל",false,1,20.90,2.61,true,1,
7290006664662,false,אקטימל מיקס פירות שמיניה,"שטראוס גרופ ***בע""מ",,,"י""ח",800,"ל מ""ל",false,1,18.90,2.36,true,1,
7290006664693,false,יוגורט עם אפרסק 3% שומן 150 ג' דנונה,שטראוס גרופ בעמ/מצונן,,,"י""ח",150,"ל מ""ל",false,1,3.90,2.60,true,1,
7290006664990,false,"יוגורט דנונה ביו לבן 1.7% שומן 8*150 מ""ל",שטראוס גרופ בעמ/מצונן,,,"י""ח",1.20,ליטר,false,1,16.90,14.08,true,1,
7290006681553,false,קרמבו בטעם וניל שטראוס 8 יחידות,"גלידות שטראוס בע""מ",,,"י""ח",8,"י""ח",false,1,15.90,1.99,true,1,
7290006681560,false,קרמבו בטעם מוקה שטראוס 8 יחידות,"גלידות שטראוס בע""מ",,,"י""ח",8,"י""ח",false,1,15.90,1.99,true,1,
7290006712981,false,"משחת שיניים קולגייט ספיידרמן מגיל שש 50 מ""ל",הנסיך- מפעל לייצור ט,,,"י""ח",50,ל גרם,false,1,11.90,23.80,false,1,
7290006739346,false,נקניקיות פרגיות טרי 400 גרם זוגלובק,נקניק נהריה כשר זוגל,,,"י""ח",400,ל גרם,false,1,17.50,4.38,true,1,
7290006739414,false,נקניק סלמי קוניאק זוגלובק 300 גרם,נקניק נהריה כשר זוגל,,,"י""ח",3.50,"י""ח",false,1,26.90,7.69,false,1,
7290006741363,false,בורקס תפוחי אדמה זוגלובק 800 גרם,מאפיית אריאל וגידרון,,,"י""ח",800,ל גרם,false,1,17.90,2.24,true,1,
7290006741387,false,מלווח תימני זוגלובק בד`צ 700 גרם קפוא,נקניק נהריה כשר זוגל,,,"י""ח",700,ל גרם,false,1,17.90,2.56,true,1,
7290006742162,false,המבורגר מזרחי זוגלובק 400 גרם,נקניק נהריה כשר זוגל,,,"י""ח",400,ל גרם,false,1,21.90,5.48,true,1,
7290006742179,false,קבב מזרחי זוגלובק 400 גרם,נקניק נהריה כשר זוגל,,,"י""ח",400,ל גרם,false,1,21.90,5.48,true,1,
7290006764096,false,"בירה איגל 3.8% בקבוק 500 מ""ל חוזר","טמפו משקאות בע""\מ",,,"י""ח",500,"ל מ""ל",false,1,5.10,0.78,true,1,
7290006770684,false,עוגת מוס גבינה ופרורים קפולסקי 850 גרם,קפולסקי שיווק וקמעונ,,,"י""ח",850,ל גרם,false,1,69.90,8.22,false,1,
7290006775016,false,עוגת תפוז אחוה (450 גרם)אחוה,אחדות ביתחרושת לטחינה חלבה,,,"י""ח",450,ל גרם,false,1,9.90,2.20,false,1,
7290006775023,false,עוגה אנגלית אחוה (450 גרם)אחוה,אחדות ביתחרושת לטחינה חלבה,,,"י""ח",450,ל גרם,false,1,9.90,2.20,false,1,
7290006775030,false,עוגת שוקו צ`יפס אחוה (450 גרם)אחוה,אחדות ביתחרושת לטחינה חלבה,,,"י""ח",450,ל גרם,false,1,9.90,2.20,false,1,
7290006775047,false,עוגת שוקולד אחוה (450 גרם)אחוה,אחדות ביתחרושת לטחינה חלבה,,,"י""ח",450,ל גרם,false,1,9.90,2.20,false,1,
7290006775054,false,עוגת שיש אחוה (450 גרם)אחוה,אחדות ביתחרושת לטחינה חלבה,,,"י""ח",450,ל גרם,false,1,9.90,2.20,false,1,
7290006775078,false,עוגת דבש תשרי אחוה 400 גרם,אחדות בעמ,,,"י""ח",450,ל גרם,false,1,6.90,1.53,false,1,
7290006775085,false,עוגת שמרים במילוי שוקולד אחוה,אחדות ביתחרושת לטחינה חלבה,,,"י""ח",400,ל גרם,false,1,10.90,2.73,false,1,
7290006775191,false,מאפין ממולא בטעם שוקולד 50 גרם אחוה,אחדות ביתחרושת לטחינה חלבה,,,"י""ח",400,ל גרם,false,1,1.50,0.38,true,1,
7290006775337,false,עוגת שמרים במילוי פרג אחווה,אחדות ביחר לטחינה חל,,,"י""ח",400,ל גרם,false,1,10.90,2.73,false,1,
7290006775344,false,עוגת שמרים במילוי קרם קינמון אחוה 400 גרם,אחדות ביתחרושת לטחינה חלבה,,,"י""ח",400,ל גרם,false,1,10.90,2.73,false,1,
7290006775764,false,אחוה עוגת שוק`צ`יפס ללא סוכר 400 גר,אחדות ביתחרושת לטחינה חלבה,,,"י""ח",400,ל גרם,false,1,11.90,2.98,false,1,
7290006785633,false,שקית 10 בלונים מיטלי,שמחה זה אנחנו בע`מ,,,"י""ח",1,,false,1,5,5,false,1,
7290006788405,false,"קרליין - נושם אקטיב דאודורנט רול און לאישה ברודו 75 מ""ל",החברה הדרומית לשיווק בעמ,,,"י""ח",75,ל גרם,false,1,13.90,18.53,false,1,
7290006788429,false,"קרליין - נושם סאן רייס דאודורנט רול און לאישה כתום 75 מ""ל",החברה הדרומית לשיווק בעמ,,,"י""ח",75,ל גרם,false,1,13.90,18.53,false,1,
7290006788436,false,"קרליין - נושם פיור דאודורנט רול און לאישה ורוד 75 מ""ל",החברה הדרומית לשיווק בעמ,,,"י""ח",75,ל גרם,false,1,13.90,18.53,false,1,
7290006788443,false,"קרליין - נושם אוקסיג'ן דאודורנט רול און לאישה סגול 75 מ""ל",החברה הדרומית לשיווק בעמ,,,"י""ח",1,"י""ח",false,1,13.90,13.90,false,1,
7290006788474,false,"קרליין - נושם אקווה דאודורנט ספריי לאישה כחול 200 מ""ל",החברה הדרומית לשיווק בעמ,,,"י""ח",75,ל גרם,false,1,13.90,18.53,false,1,
7290006804907,false,פיתה אסלית אפויה קפואה (חמישיות),קונסיגנציה ג`נרל מילס ישראל בע,,,"י""ח",1,,false,1,7.90,7.90,true,1,
7290006806550,false,פיתה אסלית}פילסברי{,ג נרל מילס ישראל בעמ,,,"י""ח",1,,false,1,1.40,1.40,false,1,
7290006878106,false,כרוב לבן,ביכורי השדה צפון 1994 ג.ד. בעמ,,,"ק""ג",1,,true,1,17.90,17.90,false,1,
7290006983176,false,קרקר לחמית שיפון אסם (230 גרם),קבוצת אוסם סחר שותפות מוגבלת,,,"י""ח",230,ל גרם,false,1,9.90,4.30,true,1,
7290006983527,false,עוגת הבית תפוחי עץ עם פירורים 400 ג' אסם,קבוצת אוסם סחר שותפות מוגבלת,,,"י""ח",400,ל גרם,false,1,18.90,4.73,false,1,
7290006983763,false,עוגת הבית בטעם שוקולד אסם (400 גרם),קבוצת אוסם סחר שותפות מוגבלת,,,"י""ח",400,ל גרם,false,1,13.40,3.35,false,1,
7290006983770,false,עוגת הבית שיש אסם (400 גרם),קבוצת אוסם סחר שותפות מוגבלת,,,"י""ח",400,ל גרם,false,1,13.40,3.35,false,1,
7290006983787,false,עוגת הבית שוקולד צ'יפס אסם 400 גרם,קבוצת אוסם סחר שותפות מוגבלת,,,"י""ח",400,ל גרם,false,1,13.40,3.35,false,1,
7290006983794,false,עוגת הבית בטעם תפוז אסם 400 גרם,קבוצת אוסם סחר שותפות מוגבלת,,,"י""ח",400,ל גרם,false,1,13.40,3.35,false,1,
7290006992161,false,מטרנה - דייסת קורנפלור פרוביוטי 200 גרם,קבוצת אוסם סחר שותפות מוגבלת,,,"י""ח",200,ל גרם,false,1,13.90,6.95,false,1,
7290006992185,false,"מטרנה - דייסת אורז פרוביוטי כשל""פ 200 גרם",קבוצת אוסם סחר שותפות מוגבלת,,,"י""ח",200,ל גרם,false,1,13.90,6.95,false,1,
7290006992192,false,דייסה מטרנה סולת פרוביוטיקה,קבוצת אוסם סחר שותפות מוגבלת,,,"י""ח",200,ל גרם,false,1,13.90,6.95,false,1,
7290006992208,false,מטרנה - דייסת דגנים מעורבים 200 גרם,קבוצת אוסם סחר שותפות מוגבלת,,,"י""ח",200,ל גרם,false,1,13.90,6.95,false,1,
7290006992390,false,"מטרנה - דייסת וניל פרוביוטי כשל""פ 200 גרם",קבוצת אוסם סחר שותפות מוגבלת,,,"י""ח",200,ל גרם,false,1,13.90,6.95,false,1,
7290008000826,false,"משחת שיניים לילדים בטעם פירות לגילאים 2-6 כצט 50 מ""ל",גורי ע.ע.ע. בע`מ,,,"י""ח",50,ל גרם,false,1,10.90,21.80,false,1,
7290008023542,false,שמפו לרצפות בניחוח יסמין סיף פנטסטיק 4 ליטר,יוניליוור ישראל שיווק בע`מ,,,"י""ח",4,ליטר,false,1,18.50,4.63,false,1,
7290008116534,false,ליסטרין שטיפת פה קול מינט 250 מל,ג'\ונסון אנד ג'\ונסון,,,"י""ח",250,"ל מ""ל",false,1,16.90,6.76,true,1,
7290008116541,false,שטיפת פה ליסטרין מנטה קריר 500 מ`ל,ג'\ונסון אנד ג'\ונסון,,,"י""ח",500,"ל מ""ל",false,1,17.90,3.58,true,1,
7290008116558,false,ליסטירין מי פה בטעם מנטה מרענן 250 מל,ג'\ונסון אנד ג'\ונסון,,,"י""ח",250,"ל מ""ל",false,1,16.90,6.76,true,1,
7290008116565,false,שטיפת פה ליסטרין מנטה מרענן 500 מ`ל,ג'\ונסון אנד ג'\ונסון,,,"י""ח",500,"ל מ""ל",false,1,17.90,3.58,true,1,
7290008116862,false,בלנאום שמן רחצה יומיומי לתינוקות וילדים,שקד תבל בעמ,,,"י""ח",200,"ל מ""ל",false,1,69.90,34.95,false,1,
7290008116886,false,בלנאום שמן רחצה טיפולי לתינוקות וילדים 5,שקד תבל בעמ,,,"י""ח",500,"ל מ""ל",false,1,69.90,13.98,false,1,
7290008154222,false,עוף טוב שניצלונים 700 גרם,קבוצת אוסם סחר-שות.מוגבלת,,,"י""ח",700,ל גרם,false,1,15.90,2.27,true,1,
7290008175173,false,חמאה מפינלנד ללא מלח 200 גרם ויליפוד,ג.וילי-פוד אינטרנשיונל **גבינו,,,"י""ח",200,ל גרם,false,1,10.90,5.45,false,1,
7290008175210,false,גבינת פרמזן מגורדת 90ג' ויליפוד,ג.וילי-פוד אינטרנשיונל **גבינו,,,"י""ח",90,ל גרם,false,1,14.90,16.56,false,1,
7290008175692,false,וילי פוד נודלס אטר.ביצים להקפצה בדץ 400ג,ג. וילי-פוד אינטרנשיונל בע`מ,,,"י""ח",400,ל גרם,false,1,7.90,1.98,false,1,
7290008190633,false,לקקן כרמית בטעם תות,כרמית תעשיות ממתקים בעמ,,,"י""ח",110,ל גרם,false,1,34.90,31.73,false,1,
7290008190909,false,עוגיות מיני קוקיס שוקולד צ'יפס בצנצנת כרמית 600 גרם,כרמית תעשיות ממתקים בעמ,,,"י""ח",600,ל גרם,false,1,16.90,2.82,false,1,
7290008190985,false,לקקנים בטעם גלידה 450גר 50יח`,כרמית תעשיות ממתקים בעמ,,,"י""ח",500,ל גרם,false,1,16.90,3.38,true,1,
7290008330107,false,מרכך כביסה סגול בדין (4 ליטר),יוניליוור ישראל שיווק בע`מ,,,"י""ח",4,ליטר,false,1,19.90,4.98,false,1,
7290008333115,false,אבקת ג'לטין טהור נטו 28 גרם,נטו מילנדה סחר בעמ*,,,"י""ח",28,ל גרם,false,1,9.50,33.93,false,1,
7290008335515,false,אגרול+רוטב חמוץ/מתוק600ג,נטו מילנדה סחר בעמ*,,,"י""ח",600,ל גרם,false,1,13.90,2.32,false,1,
7290008335539,false,פלמיני במלית בשר 600 גר`שלושת האופים,נטו מילנדה סחר בעמ*,,,"י""ח",600,ל גרם,false,1,13.90,2.32,false,1,
7290008335546,false,ורניקי במלית תפוא 600 גר` שלושת האופים,נטו מלינדה סחר בע`מ,,,"י""ח",600,ל גרם,false,1,13.90,2.32,false,1,
7290008335553,false,קובה בשר וצנובר 600ג שלושת האופים,נטו מילנדה סחר בעמ*,,,"י""ח",600,ל גרם,false,1,13.90,2.32,false,1,
7290008335560,false,סיגרים עם בשר שלשת האופים,האי נאם סי או אל.טי.,,,"י""ח",600,ל גרם,false,1,13.90,2.32,false,1,
7290008335577,false,"פסטלים במילוי תפו""א 600ג",האי נאם סי או אל.טי.,,,"י""ח",600,ל גרם,false,1,13.90,2.32,false,1,
7290008335584,false,סיגרים עם תפוחי אדמה שלשת האופים,האי נאם סי או אל.טי.,,,"י""ח",600,ל גרם,false,1,13.90,2.32,false,1,
7290008343466,false,בצק פילו שלושת האופים (500 גרם),שלושת האופים שגמור,,,"י""ח",500,ל גרם,false,1,21.90,4.38,true,1,
7290008343503,false,גחנון אפוי 650 גר' שלושת האופים קהילות,נטו מלינדה סחר בע`מ,,,"י""ח",650,ל גרם,false,1,21.90,3.37,true,1,
7290008343510,false,ג'חנון מיני אפוי למיקרו 3 האופים 650 ג',נטו מלינדה סחר בעמ,,,"י""ח",650,ל גרם,false,1,21.90,3.37,false,1,
7290008343558,false,סיגרים במילוי בשר פיקנטי 1 ק``ג קפוא,נטו מלינדה סחר בע`מ,,,"י""ח",1,"ק""ג",false,1,21.90,21.90,false,1,
7290008343565,false,"סיגרים תפו""א 1 ק""ג שלושת האופים",נטו מלינדה סחר בעמ,,,"י""ח",1,"ק""ג",false,1,21.90,21.90,false,1,
7290008343572,false,אגרול סיני 1 קג -שלושת האופים,נטו מלינדה סחר בע`מ,,,"י""ח",1,"ק""ג",false,1,21.90,21.90,false,1,
7290008343602,false,"קובה בשר 1 ק""ג שלושת האופים",נטו מלינדה סחר בעמ,,,"י""ח",1,"ק""ג",false,1,21.90,21.90,false,1,
7290008343619,false,"פסטלים תפו""א שלושת האופים 1 ק""ג",נטו מלינדה סחר בע`מ,,,"י""ח",1,"ק""ג",false,1,21.90,21.90,false,1,
7290008343626,false,"כדורי פלאפל 1 ק""ג שלושת האופים",נטו מלינדה סחר בע`מ,,,"י""ח",1,"ק""ג",false,1,21.90,21.90,false,1,
7290008344272,false,המבורגר 100% טיבון ויל 400 גרם,טיבון ויל אחזקות בעמ,,,"י""ח",400,ל גרם,false,1,20.90,5.23,true,1,
7290008345583,false,סלט איקרה ביתית ורודה דלידג (300 גרם),נטו מלינדה סחר בע`מ,,,"י""ח",300,ל גרם,false,1,21.90,7.30,false,1,
7290008409100,false,אצבעות שניצל בציפוי שומשום מאמא עוף 700 גרם,תנובה גליל שותפות מוגבלת,,,"י""ח",600,ל גרם,false,1,39.40,6.57,false,1,
7290008409124,false,מאמא עוף קפוא שניצל ג'ונגל פריך 700 גרם,תנובה מרכז שיתופי לשיווק תוצרת,,,"י""ח",700,ל גרם,false,1,39.40,5.63,false,1,
7290008409551,false,שניצל עוף אמיתי בציפוי מעודן 700 ג' מאמא עוף,תנובה מרכז שיתופי לשיווק תוצרת,,,"י""ח",700,ל גרם,false,1,45.90,6.56,false,1,
7290008409582,false,שניצל עוף אמיתי בציפוי ביתי מאמא עוף 700 גרם,תנובה מרכז שיתופי לשיווק תוצרת,,,"י""ח",700,ל גרם,false,1,45.90,6.56,false,1,
7290008415071,false,צבר חומוס עם טחינה עגול 150 גרם,קבוצת אוסם סחר שותפות מוגבלת,,,"י""ח",150,ל גרם,false,1,5.80,3.87,false,1,
7290008415514,false,צבר חומוס עם חריף עגול 150 גרם,קבוצת אוסם סחר שותפות מוגבלת,,,"י""ח",150,ל גרם,false,1,5.80,3.87,false,1,
7290008423014,false,פלפל שחור גרוס 100 גרם,תבליני הדור השלישי,,,"י""ח",1,,false,1,14.90,14.90,false,1,
7290008443616,false,"מרכך לשיער יבש אדום 750 מ""ל נקה 7",החברה הדרומית לשיווק בעמ,,,"י""ח",750,"ל מ""ל",false,1,12.90,1.72,false,1,
7290008443630,false,"שמפו לשיער מתולתל סגול נקה 7 750 מ""ל",החברה הדרומית לשיווק בעמ,,,"י""ח",750,"ל מ""ל",false,1,12.90,1.72,false,1,
7290008443647,false,"מרכך לשיער מתולתל סגול, 750 מ""ל נקה 7",החברה הדרומית לשיווק בעמ,,,"י""ח",750,"ל מ""ל",false,1,12.90,1.72,false,1,
7290008464109,false,"בירה גולדסטאר Unfiltered, בירה לא מסוננת, בקבוק 330 מ""ל","טמפו משקאות בע""מ",,,"י""ח",600,"ל מ""ל",false,1,9.30,1.50,false,1,
7290008464338,false,בירה מכבי בקבוק בודד 330 מל,טמפו משקאות בעמ,,,"י""ח",330,"ל מ""ל",false,1,8.60,2.52,false,1,
7290008464345,false,"בירה גולדסטאר, בקבוק 330 מ''ל",פארייפאבה אגרואינדוס,,,"י""ח",330,"ל מ""ל",false,1,7.20,2.09,false,1,
7290008464369,false,"פפסי קולה בפחית 330 מ""ל","טמפו משקאות בע""\מ",,,"י""ח",330,"ל מ""ל",false,1,3.90,1.09,true,1,
7290008464383,false,"סבנ אפ פחית 330 מ""ל",טמפו משקאות בעמ,,,"י""ח",330,"ל מ""ל",false,1,3.90,1.09,true,1,
7290008464390,false,"פחית דיאט סבן אפ 330 מ""ל",טמפו משקאות בעמ,,,"י""ח",330,"ל מ""ל",false,1,3.90,1.09,true,1,
7290008464468,false,בירה בפחית גולדסטאר (500 מל),פארייפאבה אגרואינדוס,,,"י""ח",500,"ל מ""ל",false,1,8.10,1.56,false,1,
7290008464475,false,בירה מכבי פחית 500 מ``ל,"טמפו משקאות בע""\מ",,,"י""ח",500,"ל מ""ל",false,1,7.50,1.44,true,1,
7290008464604,false,"בירה הייניקן פחית 500 מ""ל",טמפו משקאות בע''מ,,,"י""ח",500,"ל מ""ל",false,1,9.90,1.92,false,1,
7290008464734,false,"שישיית בירה גולדסטאר לאגר SLOW BREW בקבוק 330 מ""ל",טמפו משקאות בע''מ,,,"י""ח",1.98,ליטר,false,1,41.90,20.25,true,1,
7290008466660,false,מארז רוגלך מחנה יהודה 500 גר`,הלל בן הלל שיווק ומסחר בעמ,,,"י""ח",500,ל גרם,false,1,17.90,3.58,true,1,
7290008470766,false,מסטיק אורביט פפרמינט מארז שמינייה,מרס ריגלי ישראל בעמ,,,"י""ח",8,"י""ח",false,1,15,1.88,false,1,
7290008493413,false,פירורי לחם מאיר בייגל פירורי גריסיני 200 גרם,"דנשר (1963) בע,מ",,,"י""ח",200,ל גרם,false,1,6.90,3.45,false,1,
7290008634045,false,"פלסטר שקוף 30 יחידות ""SUNNY PLASTER""",אינטרסן (1996) בעמ,,,"י""ח",30,"י""ח",false,1,5.90,0.20,true,1,
7290008634700,false,כפפות XL לטקס עם איבוק עדין 100 יח- SAFE TOUCH,אינטרסן (1996) בעמ,,,"י""ח",1,,false,1,22.90,22.90,true,1,
7290008636919,false,קקאו הולנדי בבשקית מיה 200 גרם,מיה תעשיות מזון מ.ת.מ. בעמ,,,"י""ח",250,ל גרם,false,1,8.90,3.56,false,1,
7290008636926,false,קקאו הולנדי בשקית מיה 500 גרם,מיה תעשיות מזון מ.ת.מ. בעמ,,,"י""ח",500,ל גרם,false,1,13.90,2.78,false,1,
7290008644112,false,אחלה יום יום סלט מטבוחה יום יום 125 גרם,שטראוס גרופ בעמ/מצונן,,,"י""ח",125,ל גרם,false,1,4.90,3.92,true,1,
7290008679428,false,כפפות הנדי לבית ולמטבח בינוני,גורי מוצרי צריכה בעמ,,,"י""ח",1,,false,1,4.90,4.90,false,1,
7290008690713,false,נקטר חמוציות אושן ספריי פריגת (1 ליטר),החברה המרכזית להפצת משקאות בעמ,,,"י""ח",1,ליטר,false,1,11.50,11.50,false,1,
7290008693134,false,מעדן גבינה ויוגורט בטעם תות 5% שומן 88 ג' דניאלה,שטראוס גרופ בעמ/מצונן,,,"י""ח",150,"ל מ""ל",false,1,4.10,2.73,true,1,
7290008713900,false,לחם שיפון עגול פרוס אחדות (750 גרם),מאפיית אנג'\ל אורנים מאפ,,,"י""ח",750,ל גרם,false,1,12.90,1.72,false,1,
7290008745239,false,תפוצ'יפס קראנצ' בטעם טבעי עלית 50 גרם,"שטראוס פריטו ליי בע""\מ )",,,"י""ח",55,ל גרם,false,1,4.50,8.18,true,1,
7290008750264,false,"מסטיק מאסט ציקלס דובדבן 28 גרם לל""ס מגדים",שטראוס גרופ בע`מ,,,"י""ח",28,ל גרם,false,1,4.30,15.36,true,1,
7290008751902,false,"קפה שחור קלוי וטחון 1 ק""ג עילית","שטראוס גרופ בע""מ",,,"י""ח",1,"ק""ג",false,1,49.90,49.90,true,1,
7290008752244,false,תפוצ'יפס קראנץ' בטעם גריל עלית 50 גרם,"שטראוס פריטו ליי בע""\מ )",,,"י""ח",50,ל גרם,false,1,4.50,9,true,1,
7290008752435,false,צ'יטוס קראנצי גבינה עלית 30 ג',"שטראוס פריטו ליי בע""מ",,,"י""ח",30,ל גרם,false,1,1.90,6.33,true,1,
7290008753111,false,תפוצ'יפס קראנץ' בטעם מקסיקני עלית 50 גרם,"שטראוס פריטו ליי בע""\מ )",,,"י""ח",50,ל גרם,false,1,4.50,9,true,1,
7290008753364,false,דוריטוס גריל עלית 55 ג',"שטראוס פריטו ליי בע""מ",,,"י""ח",55,ל גרם,false,1,2.90,5.27,true,1,
7290008754415,false,גומי מאסט בטעם ספירמינט עדין פליפטופ 28 ג' עלית,שטראוס גרופ בע`מ,,,"י""ח",28,ל גרם,false,1,4.30,15.36,true,1,
7290008754422,false,גומי מאסט בטעם פפרמינט קלאסי פליפטופ 28 ג' עלית,שטראוס גרופ בע`מ,,,"י""ח",28,ל גרם,false,1,4.30,15.36,true,1,
7290008757034,false,"שוופס סודה זכוכית 250 מ""ל",יפאורה שותפות מוגבלת לשיווק,,,"י""ח",250,"ל מ""ל",false,1,3.50,1.28,true,1,
7290008757980,false,קרטונית ספרינג נקטר רימונים 1 ליטר,יפאורה שותפות מוגבלת לשיווק,,,"י""ח",1,ליטר,false,1,6.90,6.90,true,1,
7290008775816,false,ערגליות עוגיות במילוי שוקולד אסם 300 גרם,קבוצת אוסם סחר שותפות מוגבלת,,,"י""ח",300,ל גרם,false,1,10.90,3.63,true,1,
7290008775823,false,ערגליות עוגיות תות שדה אסם 300 גרם,קבוצת אוסם סחר שותפות מוגבלת,,,"י""ח",300,ל גרם,false,1,10.90,3.63,true,1,
7290008801010,false,"יין קברנה סוביניון מרלו פרייוט קולקשן 750 מ""ל",אגודת הכורמים -כרמל מזרחי,,,"י""ח",750,"ל מ""ל",false,1,39.90,5.28,true,1,
7290008801119,false,סלקטד סוביניון בלאן יקבי כרמל (750 מל),אגודת הכורמים הקואופרטיב,,,"י""ח",750,"ל מ""ל",false,1,29.90,3.95,true,1,
7290008801157,false,"יין מרלו סלקטד כרמל כרמל 750 מ""ל",אגודת הכורמים -כרמל מזרחי,,,"י""ח",750,"ל מ""ל",false,1,29.90,3.95,true,1,
7290008801461,false,"יין הנצחון כרמל 750 מ""ל",אגודת הכורמים -כרמל מזרחי,,,"י""ח",750,"ל מ""ל",false,1,21,2.76,true,1,
7290008801478,false,יין טופז זהב אדום מתוק ייצוא 750 מל,אגודת הכורמים בעמ,,,"י""ח",750,"ל מ""ל",false,1,21,2.76,true,1,
7290008806961,false,גלידה שוקולד שבבי שוקולד פרה 1.33 ל' קרמיסימו,"גלידת שטראוס בע""\מ, רחוב",,,"י""ח",1.33,ליטר,false,1,18.90,14.21,false,1,
7290008806985,false,נישנושים גלידה שוקו וניל בציפוי שוקולד 60 יח' קרמיסימו,"גלידת שטראוס בע""\מ, רחוב",,,"י""ח",630,ל גרם,false,1,49.90,7.92,false,1,
7290008835084,false,כתף מס 4 מוכשר ארגנטינה קפוא,בלדי בעמ,,,"ק""ג",1,,true,1,38.90,38.90,false,1,
7290008846219,false,"שמן זית כתית מעולה חלוצה 750 מ""ל",האי נאם סי או אל.טי.,,,"י""ח",750,"ל מ""ל",false,1,39,5.20,false,1,
7290008849470,false,ממרח פלפל צ'ומה אוליביה 185 גרם,תה ויסוצקי (ישראל)בעמ,,,"י""ח",185,ל גרם,false,1,13.90,7.51,true,1,
7290008849586,false,רוטב לעוף ריבת בצל אוליביה 310 גרם,תה ויסוצקי (ישראל) בעמ,,,"י""ח",310,ל גרם,false,1,13.90,4.48,true,1,
7290008849739,false,רוטב סויה אמיתי אוליביה 310 גרם,תה ויסוצקי (ישראל)בעמ,,,"י""ח",290,"ל מ""ל",false,1,15.90,5.48,true,1,
7290008849753,false,רוטב טריאקי אוליביה 300 גרם,תה ויסוצקי (ישראל)בעמ,,,"י""ח",300,"ל מ""ל",false,1,13.90,4.63,true,1,
7290008849777,false,רוטב צ'ילי מתוק אוליביה 345 גרם,תה ויסוצקי (ישראל)בעמ,,,"י""ח",350,ל גרם,false,1,13.90,3.97,true,1,
7290008909723,false,טובורג רד שישיה מהדורה חדשה.,החברה המרכזית להפצת משקאות בעמ,,,"י""ח",1.98,ליטר,false,1,36.70,17.63,true,1,
7290008909761,false,"קרלסברג בקבוק יחיד 330מ""ל",החברה המרכזית להפצת משקאות בעמ,,,"י""ח",330,"ל מ""ל",false,1,8.30,2.42,true,1,
7290008909778,false,"קרלסברג שישייה 330מ""ל",החברה המרכזית להפצת משקאות בעמ,,,"י""ח",1.98,ליטר,false,1,42.70,20.66,true,1,
7290008909853,false,"קוקה קולה זירו בקבוק 500 מ""ל.",החברה המרכזית להפצת משקאות בעמ,,,"י""ח",500,"ל מ""ל",false,1,7.50,1.44,true,1,
7290008939768,false,דג דניס שלם טרי ארוז,ח.י. מעדני גורמה בעמ,,,"ק""ג",1,,true,1,82.90,82.90,false,1,
7290008975551,false,תחליף חלב מטרנה מהדרין שלב 3 חלבי 700 גרם,קבוצת אוסם סחר שותפות מוגבלת,,,"י""ח",700,ל גרם,false,1,49.90,7.13,false,1,
7290008975780,false,"מזון לכלבים בונזו מזון כלבים גזע קטן 3 ק""ג",דיפלומט מפיצים (1968) בעמ**,,,"י""ח",3,"ק""ג",false,1,44.90,14.97,false,1,
7290008989015,false,"דייסת אורז בטר אנד דיפרנט 400 גרם כשל""פ",בטר אנד דיפרנט בעמ,,,"י""ח",400,ל גרם,false,1,20.90,5.23,false,1,
7290008989022,false,בטר אנד דיפרנט דייסת סולת 400 גרם,בטר אנד דיפרנט בעמ,,,"י""ח",400,ל גרם,false,1,20.90,5.23,false,1,
7290008989039,false,דייסת קורנפלור בטר אנד דיפרנט 400 גרם,בטר אנד דיפרנט בעמ,,,"י""ח",400,ל גרם,false,1,20.90,5.23,false,1,
7290008989053,false,בטר אנד דיפרנט דייסת דגנים מעורב 400גרם,בטר אנד דיפרנט בעמ,,,"י""ח",400,ל גרם,false,1,20.90,5.23,false,1,
7290008989169,false,"אורז תפוח בשקית בטר אנד דיפרנט 500 גרם לל""ג",בטר אנד דיפרנט בעמ,,,"י""ח",500,ל גרם,false,1,19.90,3.98,false,1,
7290008989305,false,שבבי סויה 55% חלבון 200גר,בטר אנד דיפרנט בעמ,,,"י""ח",200,ל גרם,false,1,7.90,3.95,false,1,
7290008989312,false,גולש סויה 200 גרם 55,בטר אנד דיפרנט בעמ,,,"י""ח",200,ל גרם,false,1,7.90,3.95,false,1,
7290008989473,false,ממרח חרובים בטעם שוקולד בטר אנד דיפרנט 350 גרם,"בטר אנד דיפרנט בע""מ",,,"י""ח",350,ל גרם,false,1,13.90,3.97,false,1,
7290008989480,false,ממרח חרובים עם חלבה 350,בטר אנד דיפרנט בעמ,,,"י""ח",350,ל גרם,false,1,12.90,3.69,false,1,
7290008989565,false,חמאת בוטנים דבש,בטר אנד דיפרנט בעמ,,,"י""ח",350,ל גרם,false,1,13.90,3.97,false,1,
7290008989596,false,דייסת דגנים מעורבים 200 גר מהדרין,השדה מוצרים אורגניים,,,"י""ח",200,ל גרם,false,1,12.90,6.45,false,1,
7290008989602,false,בטר פצפוצי אורז מלא 450 גר`ללא גלוטן,בטר אנד דיפרנט בעמ,,,"י""ח",450,ל גרם,false,1,19.90,4.42,false,1,
7290008989671,false,"ציפוי עדיף פריך ""ללא גלוטן"" בטר אנד דיפרנט 250 גרם",בטר אנד דיפרנט בעמ,,,"י""ח",200,ל גרם,false,1,10.90,5.45,false,1,
7290008989909,false,סירופ תפוחים בטר אנד דיפרנט 1.2 ליטר,בטר אנד דיפרנט בעמ,,,"י""ח",1.20,ליטר,false,1,34.90,29.08,false,1,
7290008989916,false,סירופ אננס בי&די 1.2 ליטר מהדרין,בטר אנד דיפרנט בעמ,,,"י""ח",1.20,ליטר,false,1,34.90,29.08,false,1,
7290008989923,false,סירופ אפרסק בטר אנד דיפרנט 1.2 ליטר,בטר אנד דיפרנט בעמ,,,"י""ח",1.20,ליטר,false,1,34.90,29.08,false,1,
7290008989930,false,סירופ לימון1.2ליטר,בטר אנד דיפרנט בעמ,,,"י""ח",1.20,ליטר,false,1,34.90,29.08,false,1,
7290008989947,false,סירופ דובדבן בי&די 1.2 ליטר,בטר אנד דיפרנט בעמ,,,"י""ח",1.20,ליטר,false,1,34.90,29.08,false,1,
7290009076509,false,חמישיית פיתות אפיה במקום אנג'ל,שלמה א.אנג ל בעמ,,,"י""ח",1,,false,1,7.90,7.90,true,1,
7290010002009,false,תערובת לציפוי מאפים מלוחים מימון 130 גרם,א.ל ייצור ושיווק תבלינים בעמ,,,"י""ח",130,ל גרם,false,1,11.50,8.85,true,1,
7290010002016,false,כוסברה טחונה תבליני מימון 100 גרם,א.ל. ייצור ושיווק תבלינים בע`מ,,,"י""ח",100,ל גרם,false,1,9.50,9.50,false,1,
7290010002023,false,כורכום הודי טחון תבליני מימון 100 גרם,א.ל. ייצור ושיווק תבלינים בע`מ,,,"י""ח",100,ל גרם,false,1,11.50,11.50,false,1,
7290010002030,false,תבלין כמון טחון תבליני מימון 100 גרם,א.ל. ייצור ושיווק תבלינים בע`מ,,,"י""ח",100,ל גרם,false,1,11.50,11.50,false,1,
7290010002047,false,תבלין מלח לימון תבליני מימון 200 גרם,א.ל ייצור ושיווק תבלינים בעמ,,,"י""ח",200,ל גרם,false,1,9.50,4.75,false,1,
7290010002061,false,פלפל לבן טחון תבליני מימון (100 גרם),א.ל. ייצור ושיווק תבלינים בע`מ,,,"י""ח",100,ל גרם,false,1,16.90,16.90,false,1,
7290010002078,false,פלפל שחור טחון תבליני מימון (100 גרם),א.ל. ייצור ושיווק תבלינים בע`מ,,,"י""ח",100,ל גרם,false,1,15.50,15.50,false,1,
7290010002092,false,תבלין פלפל שחור גרוס דק תבליני מימון 90,א.ל. ייצור ושיווק תבלינים בע`מ,,,"י""ח",90,ל גרם,false,1,15.50,17.22,false,1,
7290010002108,false,תבלין פלפל שחור גרוס גס תבליני מימון 90,א.ל. ייצור ושיווק תבלינים בע`מ,,,"י""ח",90,ל גרם,false,1,14.50,16.11,false,1,
7290010002122,false,פפריקה הונגרית מתוקה תבליני מימון 100 גרם,א.ל. ייצור ושיווק תבלינים בע`מ,,,"י""ח",100,ל גרם,false,1,11.50,11.50,false,1,
7290010002139,false,פפריקה הונגרית חריפה תבליני מימון 100 גרם,א.ל. ייצור ושיווק תבלינים בע`מ,,,"י""ח",100,ל גרם,false,1,11.50,11.50,false,1,
7290010002146,false,פפריקה מרוקאית מתוקה תבליני מימון 100 גרם,א.ל. ייצור ושיווק תבלינים בע`מ,,,"י""ח",100,ל גרם,false,1,11.50,11.50,false,1,
7290010002153,false,פפריקה מרוקאית חריפה תבליני מימון 100 גרם,א.ל. ייצור ושיווק תבלינים בע`מ,,,"י""ח",100,ל גרם,false,1,11.50,11.50,false,1,
7290010002177,false,פרימיום פפריקה מעושנת90 גר`מימון*,א.ל.ייצור ושיווק תבלינים בעמ,,,"י""ח",90,ל גרם,false,1,16.90,18.78,true,1,
7290010002191,false,תבלין מקלות קינמון תבליני מימון 50 גרם,א.ל. ייצור ושיווק תבלינים בע`מ,,,"י""ח",500,ל גרם,false,1,11.50,2.30,false,1,
7290010002207,false,תבלין קינמון טחון תבליני מימון 100 גרם,א.ל. ייצור ושיווק תבלינים בע`מ,,,"י""ח",100,ל גרם,false,1,9.50,9.50,false,1,
7290010002214,false,תבלין צ'ילי גרוס תבליני מימון 80 גרם,א.ל. ייצור ושיווק תבלינים בע`מ,,,"י""ח",80,ל גרם,false,1,11.50,14.38,false,1,
7290010002238,false,פרימיום תערובת צ'ילי ודבש לתיבול בשר ועוף 160 גרם,א.ל.ייצור ושיווק תבלינים בעמ,,,"י""ח",160,ל גרם,false,1,16.90,10.56,true,1,
7290010002283,false,תבלין על האש תבליני מימון 100 גרם,א.ל. ייצור ושיווק תבלינים בע`מ,,,"י""ח",100,ל גרם,false,1,11.50,11.50,false,1,
7290010002290,false,תיבול לשווארמה תבליני מימון 100 גרם,א.ל. ייצור ושיווק תבלינים בע`מ,,,"י""ח",100,ל גרם,false,1,11.50,11.50,false,1,
7290010002306,false,תיבול לקציצות תבליני מימון 100 גרם,א.ל. ייצור ושיווק תבלינים בע`מ,,,"י""ח",100,ל גרם,false,1,11.50,11.50,false,1,
7290010002313,false,תבלין ראס אל חנות תבליני מימון 100 גרם,א.ל. ייצור ושיווק תבלינים בע`מ,,,"י""ח",100,ל גרם,false,1,11.50,11.50,false,1,
7290010002320,false,תבלין לגריל עוף תבליני מימון (100 גרם),א.ל. ייצור ושיווק תבלינים בע`מ,,,"י""ח",100,ל גרם,false,1,11.50,11.50,false,1,
7290010002337,false,תיבול לסטייק תבליני מימון 100 גרם,א.ל. ייצור ושיווק תבלינים בע`מ,,,"י""ח",100,ל גרם,false,1,11.50,11.50,false,1,
7290010002344,false,תבלין לדג תבליני מימון 100 גרם.,א.ל ייצור ושיווק תבלינים בעמ,,,"י""ח",100,ל גרם,false,1,11.50,11.50,false,1,
7290010002351,false,זעתר ושומשום בלדי תבליני מימון (100 גרם),א.ל. ייצור ושיווק תבלינים בע`מ,,,"י""ח",110,ל גרם,false,1,11.50,10.45,false,1,
7290010002368,false,תערובת חווויג' תבליני מימון 100 גרם,א.ל. ייצור ושיווק תבלינים בע`מ,,,"י""ח",100,ל גרם,false,1,11.50,11.50,false,1,
7290010002375,false,תבלין מדראס קארי תבליני מימון (100 גרם),א.ל. ייצור ושיווק תבלינים בע`מ,,,"י""ח",100,ל גרם,false,1,11.50,11.50,false,1,
7290010002382,false,תבלין אורגנו תבליני מימון 40 גרם,א.ל. ייצור ושיווק תבלינים בע`מ,,,"י""ח",40,ל גרם,false,1,9.50,23.75,false,1,
7290010002399,false,תבלין בזיליקום תבליני מימון 40 גרם,א.ל. ייצור ושיווק תבלינים בע`מ,,,"י""ח",40,ל גרם,false,1,9.50,23.75,false,1,
7290010002405,false,תבלין טימין הררי תבליני מימון 40 גרם,א.ל. ייצור ושיווק תבלינים בע`מ,,,"י""ח",40,ל גרם,false,1,9.50,23.75,false,1,
7290010002429,false,עלי דפנה תבליני מימון 20 גרם צנצנת,א.ל. ייצור ושיווק תבלינים בע`מ,,,"י""ח",20,ל גרם,false,1,9.50,47.50,false,1,
7290010002436,false,תבלין פטרוזיליה תבליני מימון 25 גרם,א.ל.ייצור ושיווק תבלינים בעמ,,,"י""ח",25,ל גרם,false,1,9.50,38,false,1,
7290010002443,false,תבלין רוזמרין תבליני מימון 40 גרם,א.ל. ייצור ושיווק תבלינים בע`מ,,,"י""ח",40,ל גרם,false,1,9.50,23.75,false,1,
7290010002450,false,שמיר תבליני מימון 25 גרם,א.ל.ייצור ושיווק תבלינים בעמ,,,"י""ח",30,ל גרם,false,1,9.50,31.67,false,1,
7290010002481,false,תבלין שום טחון תבליני מימון 100 גרם,א.ל. ייצור ושיווק תבלינים בע`מ,,,"י""ח",100,ל גרם,false,1,14.50,14.50,false,1,
7290010002498,false,תבלין שום גבישי תבליני מימון 120 גרם,א.ל. ייצור ושיווק תבלינים בע`מ,,,"י""ח",120,ל גרם,false,1,14.50,12.08,false,1,
7290010002597,false,כוסברה ירוקה תבליני מימון (20 גרם),א.ל. ייצור ושיווק תבלינים בע`מ,,,"י""ח",30,ל גרם,false,1,9.50,31.67,false,1,
7290010002658,false,פלפל יבש מתוק תבליני מימון 150 גרם,א.ל.ייצור ושיווק תבלינים בעמ,,,"י""ח",150,ל גרם,false,1,15.50,10.33,false,1,
7290010002696,false,אקסטרה צ'יפס אורז חום מלא שמנת בצל 60 גרם,א.ל ייצור ושיווק תבלינים בעמ,,,"י""ח",60,ל גרם,false,1,7.90,13.17,true,1,
7290010002726,false,תבלין לפרגיות תבליני מימון 100 גרם.,א.ל. ייצור ושיווק תבלינים בע`מ,,,"י""ח",100,ל גרם,false,1,11.50,11.50,false,1,
7290010003051,false,פפריקה הונגרית מתוקה תבליני מימון 400 גרם,א.ל. ייצור ושיווק תבלינים בע`מ,,,"י""ח",400,ל גרם,false,1,24.90,6.23,false,1,
7290010003075,false,פפריקה מרוקאית מתוקה תבליני מימון 400 גרם,א.ל. ייצור ושיווק תבלינים בע`מ,,,"י""ח",400,ל גרם,false,1,24.90,6.23,false,1,
7290010003440,false,שבבי בצל מטוגן תבליני מימון 200 גרם,א.ל.יצור ושיווקתבלינים בעמ,,,"י""ח",200,ל גרם,false,1,11.50,5.75,false,1,
7290010003686,false,עלי דפנה שקית תבליני מימון (20 גרם),א.ל. ייצור ושיווק תבלינים בע`מ,,,"י""ח",20,ל גרם,false,1,5.90,29.50,false,1,
7290010003693,false,פפריקה מתוקה בשקית תבליני מימון 80 גרם,א.ל. ייצור ושיווק תבלינים בע`מ,,,"י""ח",80,ל גרם,false,1,5.90,7.38,false,1,
7290010003709,false,פלפל שחור טחון בשקית תבליני מימון 50 גרם,א.ל. ייצור ושיווק תבלינים בע`מ,,,"י""ח",50,ל גרם,false,1,7.90,15.80,false,1,
7290010003754,false,כמון טחון בשקית תבליני תבליני מימון 50 גרם,א.ל. ייצור ושיווק תבלינים בע`מ,,,"י""ח",50,ל גרם,false,1,5.90,11.80,false,1,
7290010003761,false,כורכום טחון בשקית תבליני מימון 80 גרם,א.ל. ייצור ושיווק תבלינים בע`מ,,,"י""ח",80,ל גרם,false,1,5.90,7.38,false,1,
7290010003778,false,תיבול לגריל עוף בשקית תבליני מימון 80 גרם,א.ל. ייצור ושיווק תבלינים בע`מ,,,"י""ח",80,ל גרם,false,1,5.90,7.38,false,1,
7290010003792,false,מלח לימון בשקית תבליני מימון 100 גרם,א.ל. ייצור ושיווק תבלינים בע`מ,,,"י""ח",100,ל גרם,false,1,5.90,5.90,false,1,
7290010003808,false,זעתר ושומשום בשקית תבליני מימון (80 גרם),א.ל. ייצור ושיווק תבלינים בע`מ,,,"י""ח",80,ל גרם,false,1,5.90,7.38,false,1,
7290010003815,false,פלפל שטה יבש תבליני מימון 150 גרם שקית,א.ל.ייצור ושיווק תבלינים בעמ,,,"י""ח",150,ל גרם,false,1,15.50,10.33,false,1,
7290010003822,false,פפריקה חריפה בשקית תבליני מימון (80 גרם),א.ל. ייצור ושיווק תבלינים בע`מ,,,"י""ח",80,ל גרם,false,1,5.90,7.38,false,1,
7290010003839,false,קינמון טחון בשקית תבליני מימון 80 גרם,א.ל. ייצור ושיווק תבלינים בע`מ,,,"י""ח",80,ל גרם,false,1,5.90,7.38,false,1,
7290010003846,false,אורגנו בשקית תבליני מימון 20 גרם,א.ל. ייצור ושיווק תבלינים בע`מ,,,"י""ח",20,ל גרם,false,1,5.90,29.50,false,1,
7290010003990,false,פטרוזיליה בשקית תבליני מימון 20 גרם,א.ל. ייצור ושיווק תבלינים בע`מ,,,"י""ח",20,ל גרם,false,1,5.90,29.50,false,1,
7290010004348,false,פפריקה מתוקה תבליני מימון 250 גרם,א.ל.יצור ושיווקתבלינים בעמ,,,"י""ח",250,ל גרם,false,1,19.90,7.96,false,1,
7290010023141,false,תה לימונענע הגן הקסום ויסוצקי 25 יחידות,תה ויסוצקי (ישראל) בעמ,,,"י""ח",50,ל גרם,false,1,17.90,35.80,true,1,
7290010051281,false,רוקולה ארוז א.אדמה,ביכורי השדה צפון 1994 ג.ד. בעמ,,,"י""ח",1,,false,1,6.90,6.90,false,1,
7290010060597,false,"סרקל שמפו דר' פישר 1.250 מ""ל","פישר תעשיות פרמבצטיות בע""מ",,,"י""ח",1.25,ליטר,false,1,29.90,23.92,true,1,
7290010060603,false,סרקל מרכך 1.25 25% חינם,"פישר תעשיות פרמבצטיות בע""מ",,,"י""ח",1.25,ליטר,false,1,29.90,23.92,true,1,
7290010065271,false,פרינוק - מחית תפוחי עץ 130 גרם,גורי מוצרי צריכה 1991 בעמ,,,"י""ח",130,ל גרם,false,1,5.50,4.23,false,1,
7290010065295,false,פרינוק - מחית תפוחי עץ ובננה 130 גרם,גורי מוצרי צריכה (1991) בעמ,,,"י""ח",130,ל גרם,false,1,5.50,4.23,false,1,
7290010065301,false,פרינוק - מחית סלט פירות 130 גרם,גורי מוצרי צריכה (1991) בעמ,,,"י""ח",130,ל גרם,false,1,5.50,4.23,false,1,
7290010065332,false,מחית תפוח עץ בננה ג'וניור פרינוק 190 גרם,גורי מוצרי צריכה (1991) בעמ,,,"י""ח",760,ל גרם,false,1,5.90,0.78,true,1,
7290010065349,false,72900פרינוק מחית סלט פירות שלב 3 190 גרם,גורי מוצרי צריכה (1991) בעמ,,,"י""ח",190,ל גרם,false,1,5.90,3.11,true,1,
7290010066001,false,נתחי טונה עם שמן צמחי פילטונה 960 גרם,תעשיות פיל טונה בעמ,,,"י""ח",960,ל גרם,false,1,34.90,3.64,false,1,
7290010066025,false,טונה פילטונה בודד בשמן 160 ג`.,תעשיות פיל טונה בעמ,,,"י""ח",160,ל גרם,false,1,6.90,4.31,true,1,
7290010066513,false,נתחי טונה בשמן צמחי רביעיה *158ג' פילטונה,תעשיות פילטונה בעמ,,,"י""ח",640,ל גרם,false,1,22.90,3.58,false,1,
7290010066575,false,נתחי טונה במים רביעיה *158ג' פילטונה,תעשיות פילטונה בעמ,,,"י""ח",640,ל גרם,false,1,22.90,3.58,false,1,
7290010066582,false,נתחי טונה בשמן קנולה רביעיה * 158 ג' פילטונה,תעשיות פילטונה בעמ,,,"י""ח",640,ל גרם,false,1,22.90,3.58,false,1,
7290010066599,false,רביעיית נתחי טונה בשמן זית פילטונה 158X4 גרם,תעשיות פילטונה בעמ,,,"י""ח",640,ל גרם,false,1,27.90,4.36,false,1,
7290010116980,false,שוקולית אבקה להכנת משקה שוקו שקית 850,הנסיך- מפעל לייצור ט,,,"י""ח",850,ל גרם,false,1,18.90,2.22,true,1,
7290010117864,false,דוריטוס חטיף תירס בטעם חריף אש עלית 70 גרם,"שטראוס פריטו ליי בע""\מ )",,,"י""ח",70,ל גרם,false,1,3.90,5.57,true,1,
7290010119240,false,מארז תפוצ'יפס טבעי 216 גרם 12 יחידות,"שטראוס פריטו ליי בע""\מ )",,,"י""ח",216,ל גרם,false,1,16.90,7.82,true,1,
7290010124084,false,מינוט סטייק 300 גר' איכות למהדרין.,"בלדי בע""\מ",,,"י""ח",300,ל גרם,false,1,49.90,16.63,false,1,
7290010124190,false,אל מטאדור שניצל בקר מלינסה 250 גרם בלדי,בלדי בעמ,,,"י""ח",250,ל גרם,false,1,15.90,6.36,false,1,
7290010124213,false,אל מטאדור סינטה בקר דק דק 250 גרם בלדי,בלדי בעמ,,,"י""ח",250,ל גרם,false,1,21.90,8.76,false,1,
7290010124312,false,שמיניית מרגז קצביה ארוז 500 גרם עדה החרדית,בלדי בעמ,,,"י""ח",500,ל גרם,false,1,36.90,7.38,false,1,
7290010124459,false,צ`וריסוס קצביה ארוז 500גר עדה החרדית,בלדי בעמ,,,"י""ח",500,ל גרם,false,1,36.90,7.38,false,1,
7290010124497,false,"שעועית ירוקה חתוכה 2.5ק""ג",בלדי בעמ,,,"ק""ג",2.50,"ק""ג",true,1,10.90,4.36,false,1,
7290010129300,false,עוגיות רייף 350ג מאפים של אדל,שיבולים יצור ושיווק מוצרי מאפה,,,"י""ח",350,ל גרם,false,1,16.90,4.83,false,1,
7290010129652,false,עוגיות לקפה 350ג מאפים של אדל,שיבולים יצור ושיווק מוצרי מאפה,,,"י""ח",350,ל גרם,false,1,16.90,4.83,false,1,
7290010129676,false,עוגיות מרוקאיות ארוך 350 גרם,שיבולים יצור ושיווק מוצרי מאפה,,,"י""ח",350,ל גרם,false,1,16.90,4.83,false,1,
7290010129720,false,עוגיות שמרים קינמון 400 גרם דולצה ויטה,שיבולים יצור ושיווק מוצרי מאפה,,,"י""ח",400,ל גרם,false,1,13.90,3.48,true,1,
7290010129959,false,עוגיות שמרים 400 גרם דולצה ויטה,שיבולים יצור ושיווק מוצרי מאפה,,,"י""ח",400,ל גרם,false,1,13.90,3.48,true,1,
7290010153503,false,שעועית בובס יבשה מיה 400 גר',מיה תעשיות מזון מ.ת.מ. בעמ,,,"י""ח",400,ל גרם,false,1,7.90,1.98,false,1,
7290010153527,false,ג'ריש מיה 500 גרם,מיה תעשיות מזון מ.ת.מ. בעמ,,,"י""ח",500,ל גרם,false,1,3.90,0.78,false,1,
7290010153534,false,קמח תירס מיה 400 גרם,מיה תעשיות מזון מ.ת.מ. בעמ,,,"י""ח",400,ל גרם,false,1,6,1.50,false,1,
7290010153541,false,שיבולת שועל קוואקר מהיר הכנה מיה 500 גר',מיה תעשיות מזון מ.ת.מ בעמ,,,"י""ח",500,ל גרם,false,1,8.40,1.68,false,1,
7290010153688,false,חומץ רכיבים טבעיים 1 ליטר,מיה תעשיות מזון מ.ת.מ. בעמ,,,"י""ח",1,ליטר,false,1,5.90,5.90,false,1,
7290010153787,false,ציפוי לשניצל עם שומשום 500 גר`מיה,מיה תעשיות מזון מ.ת.מ. בעמ,,,"י""ח",500,ל גרם,false,1,12.90,2.58,false,1,
7290010153848,false,תבלין פפריקה מרוקאי בשמן 80 גר' מיה,מיה תעשיות מזון מ.ת.מ בעמ,,,"י""ח",8000,ל גרם,false,1,6.30,0.08,false,1,
7290010153862,false,פלפל שחור גרוס בצנצנת מיה 70 גרם,מיה תעשיות מזון מ.ת.מ בעמ,,,"י""ח",1,,false,1,11.90,11.90,false,1,
7290010153978,false,קונפיטורה שזיפים מיה 340 גרם,מיה תעשיות מזון מ.ת.מ בעמ,,,"י""ח",450,ל גרם,false,1,13.90,3.09,false,1,
7290010154005,false,סחוג תימני תבליני ביטון יוחאי (250 גרם),תבליני יוחאי ביטון,,,"י""ח",250,ל גרם,false,1,15.90,6.36,false,1,
7290010154012,false,לימון בלאדי תבליני ביטון יוחאי (250 גרם),נטו מלינדה סחר בע`מ,,,"י""ח",250,ל גרם,false,1,15.90,6.36,false,1,
7290010154029,false,אריסה מתוקה תבליני ביטון יוחאי (250 גרם),תבליני ביטון יוחאי,,,"י""ח",250,ל גרם,false,1,15.90,6.36,false,1,
7290010154036,false,עמבה תבליני ביטון יוחאי (250 גרם),נטו מילנדה סחר בעמ*,,,"י""ח",250,ל גרם,false,1,15.90,6.36,false,1,
7290010154050,false,ממרח שיפקה כבוש ביטון יוחאי (250 גרם),תבליני ביטון יוחאי,,,"י""ח",250,ל גרם,false,1,15.90,6.36,false,1,
7290010154241,false,סלט חזרת ביתית תבליני ביטון יוחאי (250 ג,נטו מלינדה סחר בע`מ,,,"י""ח",250,ל גרם,false,1,15.90,6.36,false,1,
7290010154265,false,פלפל צ`ומה תבליני ביטון יוחאי (250 גרם),תבליני יוחאי ביטון,,,"י""ח",250,ל גרם,false,1,15.90,6.36,false,1,
7290010154418,false,סחוג אדום תבליני ביטון 130 גרם,תבליני יוחאי ביטון,,,"י""ח",220,ל גרם,false,1,9.80,4.45,false,1,
7290010154425,false,סחוג ירוק תבליני ביטון 130 גרם,תבליני ביטון יוחאי,,,"י""ח",130,ל גרם,false,1,9.90,7.62,false,1,
7290010154555,false,ממרח לימון כבוש 250 גר' מעדני ביטון!,נטו מילנדה סחר בעמ*,,,"י""ח",235,ל גרם,false,1,15.90,6.77,false,1,
7290010154678,false,אריסה מרוקאית תבליני ביטון 250 גרם,תבליני יוחאי ביטון,,,"י""ח",250,ל גרם,false,1,15.90,6.36,false,1,
7290010154685,false,סלט שום כתוש 250 ג' ביטון יוחאי,תבליני ביטון יוחאי,,,"י""ח",250,ל גרם,false,1,15.90,6.36,false,1,
7290010154692,false,סחוג אדום יוחאי ביטון 250 גרם,תבליני יוחאי ביטון,,,"י""ח",250,ל גרם,false,1,15.90,6.36,false,1,
7290010173037,false,יין הרי גליל רוזה 750 מל,היכל היין שקד גולן בעמ,,,"י""ח",750,"ל מ""ל",false,1,38.90,5.15,true,1,
7290010173044,false,"יין בר הרי גליל מרלו 750 מ""ל",היכל היין שקד גולן בעמ,,,"י""ח",750,"ל מ""ל",false,1,38.90,5.15,true,1,
7290010173068,false,יין בר הרי גליל קברנה סוביניון 750 מל,היכל היין שקד גולן בעמ,,,"י""ח",750,"ל מ""ל",false,1,38.90,5.15,true,1,
7290010173334,false,שיראז יקב הרי גליל (750 מל),היכל היין שקד גולן בעמ,,,"י""ח",750,ל גרם,false,1,38.90,5.15,true,1,
7290010175857,false,פרוסות לבבות דקל במי מלח טעים 400 גרם,טעמן שיווק מזון בעמ,,,"י""ח",400,ל גרם,false,1,11.90,2.98,true,1,
7290010192120,false,צנונית ארוזה יחידה,ביכורי השדה צפון 1994 ג.ד. בעמ,,,"י""ח",1,,false,1,6.90,6.90,false,1,
7290010195268,false,פופקורן פופסטאר חמישייה מופחת שומן טבעי,דנשר (1963) בעמ,,,"י""ח",500,ל גרם,false,1,13.80,2.76,true,1,
7290010237685,false,"הייניקן בירה צואר ארוך 330מ""ל",טמפו משקאות בע''מ,,,"י""ח",330,"ל מ""ל",false,1,8.90,2.61,false,1,
7290010237777,false,"בירה שנדי, בירה בטעם לימון ליים, בקבוק 330 מ""ל",פארייפאבה אגרואינדוס,,,"י""ח",330,"ל מ""ל",false,1,7.20,2.09,false,1,
7290010237784,false,בירה שנדי בתוספת משקה לימון ליים - שישייה,"טמפו משקאות בע""\מ",,,"י""ח",1.98,ליטר,false,1,35.90,17.22,true,1,
7290010237890,false,"בירה הייניקן בקבוק 500 מ""ל חוזר",טמפו משקאות בע''מ,,,"י""ח",500,"ל מ""ל",false,1,8.90,1.54,false,1,
7290010259007,false,"עוגיות איטלקיות מובחרות ויליפוד 1 ק""ג",ג.וילי פוד אינטרנשיונל בעמ,,,"י""ח",200,ל גרם,false,1,6.90,3.45,false,1,
7290010259311,false,מי קוקוס 400 גרם]וויליפו,ג.וילי פוד אינטרנשיונל בעמ,,,"י""ח",400,ל גרם,false,1,7.90,1.98,false,1,
7290010259366,false,וילי פוד נודלס אטר.ביצים מסולסל בדץ 200ג,ג. וילי-פוד אינטרנשיונל בע`מ,,,"י""ח",200,ל גרם,false,1,4.90,2.45,false,1,
7290010259823,false,מנת השף נודלס בטעם עוף וילי פוד (70 גרם),ג. וילי-פוד אינטרנשיונל בע`מ,,,"י""ח",70,ל גרם,false,1,4.90,7,true,1,
7290010259830,false,מנת השף נודלס בסגנון סיני פיקנטי וילי פוד 70 גרם,ג. וילי-פוד אינטרנשיונל בע`מ,,,"י""ח",70,ל גרם,false,1,4.90,7,true,1,
7290010259854,false,מנת השף מרק עם נודלס בטעם פטריות ויליפוד 70 גרם,ג. וילי-פוד אינטרנשיונל בע`מ,,,"י""ח",70,ל גרם,false,1,4.90,7,true,1,
7290010259991,false,צנימים מיוחדים בטעם טבעי 250 ג',ג. וילי-פוד אינטרנשיונל בע`מ,,,"י""ח",250,ל גרם,false,1,8.50,3.40,true,1,
7290010328017,false,עוגה מבית טוב אחווה,לפ מיקי-פוד,,,"י""ח",1,,false,1,13.50,13.50,false,1,
7290010328093,false,ממרח חלווה אחווה 400 ג' מהדרין,אחדות ביחר לטחינה חל,,,"י""ח",400,ל גרם,false,1,15.90,3.98,false,1,
7290010328246,false,טחינה גולמית משומשום מלא אחווה 500 גרם,אחדות ביתחרושת לטחינה חלבה,,,"י""ח",500,ל גרם,false,1,10.90,2.18,false,1,
7290010328253,false,טחינה גולמית משומשום טבעי אחווה 500 גרם,אחדות ביתחרושת לטחינה חלבה,,,"י""ח",500,ל גרם,false,1,10.90,2.18,false,1,
7290010328345,false,חלווה בקופסה אחוה 50 גרם,אחדות ביחר לטחינה חל,,,"י""ח",50,ל גרם,false,1,1.50,3,false,1,
7290010328451,false,אחווה חלווה עם פולי קקאו 400 גר,אחדות ביתחרושת לטחינה חלבה,,,"י""ח",400,ל גרם,false,1,12.90,3.23,false,1,
7290010328468,false,מארז מיני חלווה אחוה בטעמים 18 יחידות 216 גרם,אחדות ביחר לטחינה חל,,,"י""ח",18,"י""ח",false,1,9.90,0.55,false,1,
7290010328505,false,"מארז מיני חלווה 15 יחידות לל""ס אחוה 150 גרם",אחדות ביחר לטחינה חל,,,"י""ח",12,"י""ח",false,1,9.90,0.83,false,1,
7290010328680,false,עוגה בטעם שוקולד עם שוקוצ'יפס מריר ולבן 450 גרם,אחדות ביחר לטחינה חל,,,"י""ח",450,ל גרם,false,1,9.90,2.20,false,1,
7290010328727,false,ממרח טחינה עם שוקולד אחווה 400 גרם,אחדות ביחר לטחינה חל,,,"י""ח",400,ל גרם,false,1,11.90,2.98,false,1,
7290010328734,false,ממרח טחינה עם סילאן משומשום מלא,אחדות ביחר לטחינה חל,,,"י""ח",400,ל גרם,false,1,11.90,2.98,false,1,
7290010328765,false,חלבה חטיף שוקו וניל וחלבה אחווה 50 גרם,אחדות ביחר לטחינה חל,,,"י""ח",50,ל גרם,false,1,1.50,3,false,1,
7290010328819,false,"ממרח טחינה עם שוקולד לל""ס 400 ג' אחדות!.",אחדות ביחר לטחינה חל,,,"י""ח",400,ל גרם,false,1,9.90,2.48,false,1,
7290010329854,false,מיני קוקיס עוגיות בטעם חמאה ללא סוכר כרמית 600 גרם,כרמית תעשיות ממתקים בעמ,,,"י""ח",700,ל גרם,false,1,19.90,2.84,false,1,
7290010429684,false,דבש טהור פרחי בר יד מרדכי 700 גרם מארז זוגי,"שטראוס גרופ בע""מ",,,"י""ח",700,ל גרם,false,1,35.90,5.13,true,1,
7290010471669,false,יוגורט תות עם קורנפלקס מצופה שוקולד ללא גלוטן 3.9%,שטראוס גרופ בעמ/מצונן,,,"י""ח",175,"ל מ""ל",false,1,4.60,2.63,true,1,
7290010472307,false,"שמיניית משקה גמדים תות בננה דיסני 108 מ""ל",שטראוס גרופ בעמ/מצונן,,,"י""ח",800,"ל מ""ל",false,1,20,2.50,true,1,
7290010472390,false,מארז 8 יחידות מעדן דני בטעם שוקולד 1.5%,שטראוס גרופ בעמ/מצונן,,,"י""ח",1,ליטר,false,1,15.90,15.90,true,1,
7290010513703,false,4079400330129צ`ופסטיקס צפצפה 20 יח,מזרח ומערב יבוא ושיווק,,,"י""ח",20,"י""ח",false,1,7.90,0.40,false,1,
7290010513727,false,פנקו פרורי לחם 200 גרם (קינגדאו),מזרח ומערב יבוא ושיווק,,,"י""ח",200,ל גרם,false,1,9.90,4.95,false,1,
7290010609550,false,טרופי קש 20 יח בקופסא,דודו הדיל בעמ,,,"י""ח",20,"י""ח",false,1,24.90,1.25,false,1,
7290010609727,false,פופס קידס משקה להקפאה בטעם פירות 70יח,דודו הדיל בעמ,,,"י""ח",1,,false,1,13.90,13.90,false,1,
7290010609734,false,אייס לי משקה להקפאה בטעמי פירות - מארז 8 יח',דודו הדיל בעמ,,,"י""ח",8,"י""ח",false,1,5.90,0.74,true,1,
7290010609840,false,"טרופית איקס בודד 200מ""ל",דודו הדיל בעמ,,,"י""ח",1,"י""ח",false,1,0.90,0.90,false,1,
7290010609871,false,קרטון טרופיות ענבים 18 יחידות,דודו הדיל בעמ,,,"י""ח",40,"י""ח",false,1,17.90,0.45,false,1,
7290010613984,false,טאצ' מטליות לחות לרצפה בניחוח ורד פראי,סאסאטק אגשח בעמ,,,"י""ח",10,"י""ח",false,1,11.90,1.19,true,1,
7290010613991,false,מטליות רצפה בניחוח מרכך כביסה 10 יח' טאצ',סאסאטק אגשח בעמ,,,"י""ח",10,"י""ח",false,1,11.90,1.19,true,1,
7290010627004,false,טחינה גולמית מסורתית ירושלים 500 ג',תה ויסוצקי (ישראל) בעמ,,,"י""ח",500,ל גרם,false,1,16.90,3.38,true,1,
7290010627844,false,טחינה גולמית שומשום מלא ירושלים 500גרם,תה ויסוצקי (ישראל) בעמ,,,"י""ח",500,ל גרם,false,1,16.90,3.38,true,1,
7290010632084,false,נובי10231 כוס מצויירת עם פיה רכה ומנגנון קליק,אינטרסן (1996) בעמ,,,"י""ח",1,,false,1,29.90,29.90,false,1,
7290010632534,false,כוסות + מכסים - מארז 6 יח',מולינו ניקולי s.p.a,,,"י""ח",1,,false,1,27.90,27.90,false,1,
7290010632565,false,נשכן מחזיק מפתחות,אינטרסן (1996) בעמ,,,"י""ח",1,,false,1,23.90,23.90,false,1,
7290010632572,false,נובי478-נשכן שרשרת חרוזים,מולינו ניקולי s.p.a,,,"י""ח",1,,false,1,35.90,35.90,false,1,
7290010632787,false,צימרוני אוזניים מעץ אינטרסן) (300,הדקלאים אגודת שיתופי,,,"י""ח",300,"י""ח",false,1,3.50,0.01,false,1,
7290010672868,false,מאפין חמישיות וניל שוקו-צ'יפס,ג נרל מילס ישראל בעמ,,,"י""ח",250,ל גרם,false,1,11.90,4.76,false,1,
7290010690015,false,כוסברה ארוז ש.י שדות,ביכורי השדה צפון 1994 ג.ד. בעמ,,,"י""ח",1,,false,1,3.90,3.90,true,1,
7290010718627,false,אל סבון נוזלי ירוק 1 ליטר פנינה רוזנבלום,"פנינה רוזנבלום בע""מ",,,"י""ח",1,ליטר,false,1,10.90,10.90,true,1,
7290010718634,false,"פנינה רוזנבלום -אל סבון נוזלי לבן,1 ליטר","פנינה רוזנבלום בע""מ",,,"י""ח",1,ליטר,false,1,10.90,10.90,true,1,
7290010719013,false,"שמן זית כתית מעולה משק אחיה 750 מ""ל",ח.כהן סוכנות מזון ומשקאות בע,,,"י""ח",750,"ל מ""ל",false,1,38.90,5.19,false,1,
7290010748860,false,"ד""ר פישר - אפקטיב קר קרם ידיים אינטנסיב 150 מ""ל","פישר תעשיות פרמבצטיות בע""מ",,,"י""ח",150,"ל מ""ל",false,1,16.90,11.27,true,1,
7290010748884,false,אפקטיב קר קרם גוף אינטנסיב לעור יבש במיוחד ח 700,"פישר תעשיות פרמבצטיות בע""מ",,,"י""ח",700,"ל מ""ל",false,1,29.90,4.27,true,1,
7290010748891,false,אפקטיב קר קרם גוף מולטי ויטמין לעור רגיל יבש ח 7,פישר תעשיות פרמצבטיות בעמ,,,"י""ח",700,"ל מ""ל",false,1,29.90,4.27,true,1,
7290010766949,false,ממרח תחתיות ארטישוק 180ג' אוליביה,תה ויסוצקי (ישראל)בעמ,,,"י""ח",1,,false,1,13.90,13.90,true,1,
7290010766956,false,ממרח פלפלים מתוקים אדומים אוליביה 180 גרם,תה ויסוצקי (ישראל)בעמ,,,"י""ח",1,,false,1,13.90,13.90,true,1,
7290010791538,false,מזון חתולים לה קט דליקטס עוף גורמה 85 גרם,דיפלומט מפיצים (1968) בעמ**,,,"י""ח",85,ל גרם,false,1,5.90,6.94,false,1,
7290010791545,false,מזון חתולים לה קט דליקטס פטה כבד 85 גרם,דיפלומט מפיצים (1968) בעמ**,,,"י""ח",85,ל גרם,false,1,5.90,6.94,false,1,
7290010791552,false,לה-קט דליקטס טונה ברוטב 85 גר',דיפלומט מפיצים (1968) בעמ**,,,"י""ח",85,ל גרם,false,1,5.90,6.94,false,1,
7290010791576,false,מזון חתולים לה קט דליקטס דגי אוקיאנוס 85 גרם,דיפלומט מפיצים (1968) בעמ**,,,"י""ח",85,ל גרם,false,1,5.90,6.94,false,1,
7290010791644,false,בונזו ג`וי מקלוני עוף פריכים 90גר,דיפלומט מפיצים (1968) בעמ**,,,"י""ח",90,ל גרם,false,1,18.50,20.56,false,1,
7290010814244,false,שלשות שוקולד מריר 85 גרם*3 בלמינט *18 בקרטון,כרמית תעשיות ממתקים בעמ,,,"י""ח",255,ל גרם,false,1,11.90,4.67,true,1,
7290010814251,false,שלשות שוקולד חלב 85 גר*3 בלמינט*18 בקרט בדצ,כרמית תעשיות ממתקים בעמ,,,"י""ח",300,ל גרם,false,1,11.90,3.97,true,1,
7290010814268,false,שלשות שוקולד לבן 85 גר*3 בלמינט * 18 בקרטון,"כרמית תעשיות ממתקים בע""\",,,"י""ח",300,ל גרם,false,1,11.90,3.97,true,1,
7290010814695,false,שוקולד מריר פרווה ללא תוספת סוכר כרמית 85 גרם,"כרמית תעשיות ממתקים בע""\",,,"י""ח",85,ל גרם,false,1,6.90,8.12,true,1,
7290010814701,false,שוקולד חלב ללא תוספת סוכר וסטהיים,"כרמית תעשיות ממתקים בע""\",,,"י""ח",85,ל גרם,false,1,6.90,8.12,true,1,
7290010822362,false,אקווה נובה 0.5 שישיה,טמפו משקאות בעמ,,,"י""ח",3,ליטר,false,1,13.40,4.47,false,1,
7290010828692,false,פיתות 10יח מארז,שרעבי לירון (ירדן דברי מאפה),,,"י""ח",1,,false,1,12.90,12.90,false,1,
7290010838219,false,ממתיק על בסיס צמח הסטיביה - שקיות,"קיפל טבליות וממתיקים בע""מ",,,"י""ח",100,"י""ח",false,1,34.90,0.35,false,1,
7290010838424,false,ג'ל לניקוי מתקדם בניחוח רענן - מארז זוג,"איטיליאן פוד, אס.פי.",,,"י""ח",1.50,ליטר,false,1,16.90,11.27,false,1,
7290010838431,false,ג'ל לניקוי מתקדם בניחוח ים - מארז זוג,מיוצר עי קונדיטוריית,,,"י""ח",1.50,ליטר,false,1,16.90,11.27,false,1,
7290010883356,false,כפפות אלוורה רב שימושיות גדולות L סנו סושי,החברה הדרומית לשיווק בעמ,,,"י""ח",1,,false,1,10.90,10.90,false,1,
7290010883370,false,כפפות אלוורה רב שימושיות בינוניות M סנו סושי,החברה הדרומית לשיווק בעמ,,,"י""ח",1,,false,1,10.90,10.90,false,1,
7290010903917,false,שניצל תירס שף הטבע 1,קפוא-זן תעשיות מזון בעמ - תפוג,,,"י""ח",1,"ק""ג",false,1,21.90,21.90,false,1,
7290010922956,false,סלמון מעושן 500ג הרב אפרתי,בלדי בעמ,,,"י""ח",500,ל גרם,false,1,76.90,15.38,false,1,
7290010931330,false,סלט מטבוחה אחלה 500 גרם,שטראוס גרופ בעמ/מצונן,,,"י""ח",500,ל גרם,false,1,14.90,2.98,true,1,
7290010945306,false,חלב טרה קרטון 2 ליטר מהדרין*%*3,החברה המרכזית טלהפצת משקאות בע,,,"י""ח",2,ליטר,false,1,12.46,6.23,false,1,
7290010945450,false,גבינה לבנה 3% 250 גר מועשר בסידן וויטמין,*החברה המרכזית להפצת משקאותבעמ,,,"י""ח",250,ל גרם,false,1,4.98,1.99,false,1,
7290010945481,false,גבינה לבנה טרה 5% מרכיבים טבעיים,החברה המרכזית טלהפצת משקאות בע,,,"י""ח",500,ל גרם,false,1,9.96,1.99,true,1,
7290011017866,false,פחית קולה סליק קוקה-קולה (330 מל),החברה המרכזית להפצת משקאות בעמ,,,"י""ח",330,"ל מ""ל",false,1,4.50,1.27,true,1,
7290011017873,false,פחית זירו סליק קוקה-קולה (330 מל),החברה המרכזית להפצת משקאות בעמ,,,"י""ח",330,"ל מ""ל",false,1,4.50,1.27,true,1,
7290011017880,false,פחית דיאט קולה סליק קוקה-קולה (330 מל),החברה המרכזית להפצת משקאות בעמ,,,"י""ח",330,"ל מ""ל",false,1,4.50,1.27,true,1,
7290011018184,false,תה קר בטעם אפרסק פיוז-טי (500 מל),החברה המרכזית להפצת משקאות בעמ,,,"י""ח",500,"ל מ""ל",false,1,6.20,1.18,true,1,
7290011018368,false,ויינשטפן בירת חיטה לא מסוננת,החברה המרכזית להפצת משקאות בעמ,,,"י""ח",330,"ל מ""ל",false,1,71.70,21.18,true,1,
7290011018443,false,משקה מוגז אורנג` פאנטה (330 מל),החברה המרכזית להפצת משקאות בעמ,,,"י""ח",330,"ל מ""ל",false,1,4.50,1.27,true,1,
7290011018832,false,"קוקה קולה פרידגפק סליק 330 מ""ל שישייה",החברה המרכזית להפצת משקאות בעמ,,,"י""ח",1.98,ליטר,false,1,23.90,11.16,false,1,
7290011018917,false,ק.קולה זירו פרידגפק סליק 330 מל שישייה,החברה המרכזית להפצת משקאות בעמ,,,"י""ח",330,"ל מ""ל",false,1,21.30,5.91,false,1,
7290011026066,false,"ד""ר פישר - סרקל שמפו + מרכך לילדים 1 ליטר","פישר תעשיות פרמצבטיות בע""מ",,,"י""ח",1,ליטר,false,1,29.90,29.90,false,1,
7290011026523,false,שמפו לתינוק לפני השינה Senstive עם לבנדר וקמומיל,"פישר תעשיות פרמצביטות בע""מ",,,"י""ח",500,"ל מ""ל",false,1,20.90,4.18,false,1,
7290011051358,false,"שוופס סודה לימון זכוכית 250 מ""ל",יפאורה - שותפות מוגבלת לשיווק,,,"י""ח",250,"ל מ""ל",false,1,3.50,1.28,true,1,
7290011051525,false,ספרינג תה קר 0.5 ליטר אפרסק,יפאורה שותפות מוגבלת לשיווק,,,"י""ח",500,"ל מ""ל",false,1,5.90,1.12,true,1,
7290011065416,false,פלפל שחור מטחנה מימונס 60 גרם,"א.ל ייצור ושיווק תבלינים בע""מ",,,"י""ח",60,ל גרם,false,1,17.90,29.83,false,1,
7290011074173,false,קליה מגבונים מארז חסכוני TO GO 4*5,רקיט בנקיזר (ניר איסט) בעמ,,,"י""ח",1,,false,1,19.90,19.90,false,1,
7290011081492,false,גלידה בטעם שלושה שוקולדים 1.33ל' קרמיסימו,"גלידת שטראוס בע""\מ, רחוב",,,"י""ח",1.33,ליטר,false,1,18.90,14.21,false,1,
7290011081690,false,קרמיסימו פרווה שוקו ציפ+וניל ציפ 1.33ל,"גלידת שטראוס בע""\מ, רחוב",,,"י""ח",1.33,ליטר,false,1,18.90,14.21,false,1,
7290011115166,false,נקה 7 ארומה סבון נוזלי לבנדר 1 ל',החברה הדרומית לשיווק בעמ,,,"י""ח",1,ליטר,false,1,12.90,12.90,false,1,
7290011115203,false,אל סבון מוצק מבושם בניחוח עדין קלאסיק - מארז רביעיה,החברה הדרומית לשיווק בעמ,,,"י""ח",400,ל גרם,false,1,10.90,2.73,false,1,
7290011115289,false,אל סבון מוצק מבושם בניחוח עדין קלאסיק - מארז רביעיה,החברה הדרומית לשיווק בעמ,,,"י""ח",400,ל גרם,false,1,10.90,2.73,false,1,
7290011115401,false,אל סבון ארומטי מוצק צהוב קמומיל - רביעייה,החברה הדרומית לשיווק בעמ,,,"י""ח",400,ל גרם,false,1,10.90,2.73,false,1,
7290011126209,false,הגן הקסום תה טעם תפוח וקינמון סיידר ויסוצקי 25 יח',תה ויסוצקי (ישראל)בעמ,,,"י""ח",55,ל גרם,false,1,17.90,32.55,true,1,
7290011126452,false,הגן הקסום תה בטעם קמומיל ונענע ויסוצקי 25 יחידות,תה ויסוצקי (ישראל) בעמ,,,"י""ח",37.50,ל גרם,false,1,17.90,47.73,true,1,
7290011126469,false,חליטת צמחים וקמומיל הגן הקסום ויסוצקי 25 יחידות,תה ויסוצקי (ישראל) בעמ,,,"י""ח",37.50,ל גרם,false,1,17.90,47.73,true,1,
7290011126957,false,תה ירוק ארל גריי ויסוצקי 25 יחידות,תה ויסוצקי (ישראל) בעמ,,,"י""ח",37.50,ל גרם,false,1,24.90,66.40,true,1,
7290011132309,false,"שישיית בירה גולדסטאר 330 מ""ל מהדורת Black roast","טמפו משקאות בע""\מ",,,"י""ח",1980,"ל מ""ל",false,1,35.90,1.72,true,1,
7290011133368,false,בירה שנדי בתוספת משקה תפוח - שישייה,"טמפו משקאות בע""מ",,,"י""ח",1.98,ליטר,false,1,35.90,17.22,true,1,
7290011133375,false,בירה שנדי בתוספת משקה אפרסק - שישייה,"טמפו משקאות בע""מ",,,"י""ח",330,"ל מ""ל",false,1,35.90,10.33,true,1,
7290011133504,false,"בירה שנדי אפרסק 330 מ""ל בקבוק בודד",פארייפאבה אגרואינדוס,,,"י""ח",330,"ל מ""ל",false,1,6.90,2,false,1,
7290011133634,false,"פפסי מקס פחית צרה מארז שישייה 330 מ""ל","טמפו משקאות בע""\מ",,,"י""ח",1.98,ליטר,false,1,19.90,9.14,true,1,
7290011148362,false,כרוב אדום מהדרין ירוק מהכפר,ביכורי השדה צפון 1994 ג.ד. בעמ,,,"ק""ג",1,,true,1,14.90,14.90,false,1,
7290011148607,false,תירס מתוק ארוז,ביכורי השדה צפון 1994 ג.ד. בעמ,,,"ק""ג",1,"ק""ג",true,1,13.90,13.90,false,1,
7290011148805,false,שעועית טריה עד 500 ג,ירקט ירקות צעירים ארוזים בעמ,,,"י""ח",1,,false,1,19.90,19.90,false,1,
7290011148812,false,צנונית ארוזה בשקית,רגבים עלים ירוקים בעמ,,,"י""ח",1,,false,1,6.90,6.90,false,1,
7290011153885,false,נייר אכיל ממותג דיסני,שמחה זה אנחנו בע`מ,,,"י""ח",1,,false,1,14.90,14.90,false,1,
7290011154301,false,ממרח תמרים 450ג ח.סופר טעמי הגליל*,ח.כהן סוכנות מזון ומשקאות בע,,,"י""ח",450,ל גרם,false,1,6.90,1.53,false,1,
7290011174118,false,"חומוס שלם A2 ויטה 550ג' בד""צ",ויטה- פרי גליל (החדשה) בעמ,,,"י""ח",550,ל גרם,false,1,7.90,1.44,true,1,
7290011174156,false,תירס גרעינים ויטה 550גרם,ויטה- פרי גליל (החדשה) בעמ,,,"י""ח",550,ל גרם,false,1,7.90,1.44,true,1,
7290011174163,false,"גרעיני תירס מתוק ויטה 340 גרם בד""צ",ויטה- פרי גליל (החדשה) בעמ,,,"י""ח",450,ל גרם,false,1,7.90,1.76,true,1,
7290011174187,false,אפונה ירוקה 550 גר' ויטה,ויטה- פרי גליל (החדשה) בעמ,,,"י""ח",550,ל גרם,false,1,7.90,1.44,true,1,
7290011174194,false,אפונה גינה וגזר ויטה550ג,ויטה- פרי גליל (החדשה) בעמ,,,"י""ח",550,ל גרם,false,1,7.90,1.44,true,1,
7290011174231,false,עוגת מוס גבינה אוכמניות 850 גרם,קפולסקי שיווק וקמעונ,,,"י""ח",850,ל גרם,false,1,69.90,8.22,false,1,
7290011194215,false,מעדן גבינה ויוגורט בטעם בננה 5% שומן 88 ג' דניאלה,שטראוס גרופ בעמ/מצונן,,,"י""ח",150,"ל מ""ל",false,1,4.10,2.73,true,1,
7290011194246,false,קוטג 5% 250 גרם עם סידן שטראוס,שטראוס גרופ בעמ/מצונן,,,"י""ח",250,ל גרם,false,1,5.80,2.32,true,1,
7290011214340,false,סופגניה גדולה,ג נרל מילס ישראל בעמ,,,"י""ח",1,,false,1,3.90,3.90,false,1,
7290011214739,false,לחמניה המבורגר חצויה אפוי קפוא,ג נרל מילס ישראל בעמ,,,"י""ח",1,,false,1,3.50,3.50,true,1,
7290011215743,false,נוזל ביצים,ג נרל מילס ישראל בעמ,,,"י""ח",12,"י""ח",false,1,30.90,2.58,false,1,
7290011223038,false,בונומי עלים לקרמשניט שכבות אפויות מבצק עלים 300 גרם,דנשר (1963) בעמ,,,"י""ח",400,ל גרם,false,1,16.60,4.15,false,1,
7290011223243,false,"טואלט דאק ג'ל לאסלה בניחוח לבנדר 55 מ""ל","איטיליאן פוד, אס.פי.",,,"י""ח",55,"ל מ""ל",false,1,11.90,21.64,false,1,
7290011239213,false,עמוס חטיפים מתוקים מ,סוכניות עמוס ממתקים בעמ,,,"י""ח",1,,false,1,6.90,6.90,false,1,
7290011239237,false,חטיף אגוזים ישראלי 250גר ללתס,סוכנויות עמוס ממתקים בעמ,,,"י""ח",250,ל גרם,false,1,21.90,8.76,false,1,
7290011239336,false,חלבה ארוז ללא תוספת סוכר 400גר,סוכנויות עמוס ממתקים בעמ,,,"י""ח",400,ל גרם,false,1,24.90,6.23,false,1,
7290011239343,false,חטיף שומשום 330 גרם,סוכניות עמוס ממתקים בעמ,,,"י""ח",400,ל גרם,false,1,24.90,6.23,false,1,
7290011239404,false,חטיפים מתוקים טעמים שונים 330גר,סוכנויות עמוס ממתקים בעמ,,,"י""ח",330,ל גרם,false,1,19.90,6.03,false,1,
7290011239596,false,בקלאווה מעורב 600 גרם,סוכניות עמוס ממתקים בעמ,,,"י""ח",600,ל גרם,false,1,44.90,7.48,false,1,
7290011239657,false,רחת לוקום ארוז קוביות500,סוכנויות עמוס ממתקים בעמ,,,"י""ח",500,ל גרם,false,1,19.90,3.98,false,1,
7290011249212,false,וופל עלמה בלגי לימון 200 גר' ללא סוכר,ח.כהן סוכנות מזון ומשקאות בע,,,"י""ח",200,ל גרם,false,1,3.90,1.95,true,1,
7290011249250,false,גביעי גלידה אמריקה 24יח גילרו *,ח.כהן סוכנות מזון ומשקאות בע,,,"י""ח",24,"י""ח",false,1,11.90,0.50,false,1,
7290011249748,false,רולים גלילי ופל במילוי קרם שוקולד 100 ג' עלמה,ח.כהן סוכנות מזון ומשקאות בע,,,"י""ח",100,ל גרם,false,1,3.90,3.90,false,1,
7290011249755,false,רולים גלילי ופל במילוי קרם אגוזים 100 ג' עלמה,ח.כהן סוכנות מזון ומשקאות בע,,,"י""ח",100,ל גרם,false,1,3.90,3.90,false,1,
7290011254018,false,שעועית מש מיה 500 גר',מיה תעשיות מזון מ.ת.מ בעמ,,,"י""ח",500,ל גרם,false,1,6.90,1.38,false,1,
7290011254032,false,קינואה מיה (500 גרם),מיה תעשיות מזון מ.ת.מ. בעמ,,,"י""ח",500,ל גרם,false,1,9.90,1.98,false,1,
7290011254070,false,תבלין פלפל שחור בשקית 50ג' מיה,מיה תעשיות מזון מ.ת.מ בעמ,,,"י""ח",80,ל גרם,false,1,9.40,11.75,false,1,
7290011254087,false,תבלין קינמון בשקית 80 גר' מיה,מיה תעשיות מזון מ.ת.מ בעמ,,,"י""ח",80,ל גרם,false,1,4.30,5.38,false,1,
7290011254094,false,תבלין כמון 80גר' שקית,מיה תעשיות מזון מ.ת.מ בעמ,,,"י""ח",80,ל גרם,false,1,4.30,5.38,false,1,
7290011254100,false,תבלין כרכום בשקית 80 גר' מיה,מיה תעשיות מזון מ.ת.מ בעמ,,,"י""ח",80,ל גרם,false,1,5.30,6.63,false,1,
7290011254117,false,תבלין פפריקה מתוקה בשקית 80 גר' מיה,מיה תעשיות מזון מ.ת.מ בעמ,,,"י""ח",80,ל גרם,false,1,5,6.25,false,1,
7290011254124,false,תבלין פפריקה חריפה בשקית 80 גר' מיה,מיה תעשיות מזון מ.ת.מ בעמ,,,"י""ח",80,ל גרם,false,1,5.30,6.63,false,1,
7290011254131,false,תבלין אורגנו 20גרם- שקית,מיה תעשיות מזון מ.ת.מ בעמ,,,"י""ח",20,ל גרם,false,1,4.20,21,false,1,
7290011254148,false,אבקת שום בשקית מיה 80 גרם,מיה תעשיות מזון מ.ת.מ בעמ,,,"י""ח",80,ל גרם,false,1,7.90,9.88,false,1,
7290011254155,false,תבלין מלח לימון בשקית 80 גר' מיה,מיה תעשיות מזון מ.ת.מ בעמ,,,"י""ח",100,ל גרם,false,1,4,4,false,1,
7290011254162,false,תבלין פלפל לבן 80 גר' מיה,מיה תעשיות מזון מ.ת.מ בעמ,,,"י""ח",500,ל גרם,false,1,10.90,2.18,false,1,
7290011254209,false,גבישי שום בשקית מיה 80 גרם,מיה תעשיות מזון מ.ת.מ בעמ,,,"י""ח",80,ל גרם,false,1,7.90,9.88,false,1,
7290011254247,false,תן צ'אפ חטיף גלגלים מארז 15X10ג',מיה תעשיות מזון מ.ת.מ בעמ,,,"י""ח",250,ל גרם,false,1,9.90,3.96,false,1,
7290011254476,false,סוכריות ללא תוספת סוכר בטעם תפוז מיה 80 גרם,מיה תעשיות מזון מ.ת.מ. בעמ,,,"י""ח",1,,false,1,6.50,6.50,true,1,
7290011254582,false,חמוציות חתוכות מיה 150 גרם,מיה תעשיות מזון מ.ת.מ. בעמ,,,"י""ח",150,ל גרם,false,1,6.90,4.60,false,1,
7290011254612,false,"לקט תערובת לקדירה 600 גרם ""מיה"" קדירה לקט בריאות",מיה תעשיות מזון מ.ת.מ. בעמ,,,"י""ח",600,ל גרם,false,1,12.90,2.15,false,1,
7290011254759,false,שעועית שחורה יבשה מיה 500 גר',מיה תעשיות מזון מ.ת.מ. בעמ,,,"י""ח",500,ל גרם,false,1,9.90,1.98,false,1,
7290011254766,false,"שעועית לוביה יבשה מיה 400 גר'בד""צ",מיה תעשיות מזון מ.ת.מ. בעמ,,,"י""ח",400,ל גרם,false,1,6.90,1.73,false,1,
7290011254773,false,שעועית ארגנטינאית יבשה מיה 500 גר',מיה תעשיות מזון מ.ת.מ. בעמ,,,"י""ח",500,ל גרם,false,1,7.90,1.58,false,1,
7290011276621,false,שמיר מהדרין,ביכורי השדה צפון 1994 ג.ד. בעמ,,,"י""ח",1,,false,1,6.90,6.90,true,1,
7290011276638,false,פטרוזיליה מהדרין עלי,ביכורי השדה צפון 1994 ג.ד. בעמ,,,"י""ח",1,,false,1,6.90,6.90,true,1,
7290011276669,false,סלרי מהדרין,ביכורי השדה צפון 1994 ג.ד. בעמ,,,"י""ח",1,,false,1,6.90,6.90,true,1,
7290011276690,false,כרוב לבן מהדרין-עלי הבשור,ביכורי השדה צפון 1994 ג.ד. בעמ,,,"ק""ג",1,,true,1,17.90,17.90,false,1,
7290011378257,false,חטיף חלבה בטעם וניל ללא תוספת סוכר בתוספת פיסטוק ופקאן,קבוצת אוסם סחר-שות.מוגבלת,,,"י""ח",7,"י""ח",false,1,11.90,1.70,false,1,
7290011378776,false,חטיף חלווה פיסטוק בארכה 126 גרם מארז 7 יחידות,קבוצת אוסם סחר שותפות מוגבלת,,,"י""ח",6,"י""ח",false,1,11.90,1.98,false,1,
7290011417284,false,שום ישראלי יחידה,ביכורי השדה צפון 1994 ג.ד. בעמ,,,"י""ח",1,,false,1,9.90,9.90,false,1,
7290011435226,false,דבש מפרחי בר לחיץ 650 ג' יד מרדכי,מכוורת יד מרדכי שטראוס ב,,,"י""ח",650,ל גרם,false,1,33.90,5.22,true,1,
7290011438142,false,"משקה יטבתה אייס קפה בבקבוק אישי 350 מ""ל",שטראוס גרופ בעמ/מצונן,,,"י""ח",350,"ל מ""ל",false,1,6.20,1.77,true,1,
7290011447267,false,מטרנה פרימיום חלבי שלב 1 700 גרם חיסכון,קבוצת אוסם סחר-שות.מוגבלת,,,"י""ח",700,ל גרם,false,1,49.90,7.13,false,1,
7290011447281,false,מטרנה פרימיום חלבי שלב 2 700 גרם חיסכון,קבוצת אוסם סחר שותפות מוגבלת,,,"י""ח",700,ל גרם,false,1,49.90,7.13,false,1,
7290011447304,false,מטרנה פרימיום חלבי שלב 3 700 גרם חיסכון,קבוצת אוסם סחר שותפות מוגבלת,,,"י""ח",700,ל גרם,false,1,49.90,7.13,false,1,
7290011447359,false,תחליף חלב מטרנה מהדרין שלב 1 חלבי 700 גרם,קבוצת אוסם סחר שותפות מוגבלת,,,"י""ח",700,ל גרם,false,1,49.90,7.13,false,1,
7290011447373,false,תחליף חלב מטרנה מהדרין שלב 2 חלבי 700 גרם,קבוצת אוסם סחר שותפות מוגבלת,,,"י""ח",700,ל גרם,false,1,49.90,7.13,false,1,
7290011447748,false,"מזון לחתולים יבש עם דגי אוקיינוס וטונה סופר קט 3 ק""ג",דיפלומט מפיצים (1968) בעמ**,,,"י""ח",3,"ק""ג",false,1,44.90,14.97,false,1,
7290011447908,false,"מזון לחתולים מלא טעם עוף וכבד סופר קט 3 ק""ג",דיפלומט מפיצים (1968) בעמ**,,,"י""ח",3,"ק""ג",false,1,44.90,14.97,false,1,
7290011486693,false,מרשמלו ורוד לבן וסטהיים 30ג'48X בקרטון,כרמית תעשיות ממתקים בעמ,,,"י""ח",30,ל גרם,false,1,2,6.67,true,1,
7290011488017,false,"שיני שום קלופות 1ק""ג",ביכורי השדה צפון 1994 ג.ד. בעמ,,,"י""ח",1,,false,1,39.90,39.90,false,1,
7290011488062,false,בצלצלי שאלוט תיבולי הכפר,ביכורי השדה צפון 1994 ג.ד. בעמ,,,"י""ח",350,ל גרם,false,1,13.90,3.97,false,1,
7290011489595,false,קרקר טופז שומשום 110 גרם הדר*,ח.כהן סוכנות מזון ומשקאות בע,,,"י""ח",110,ל גרם,false,1,2.90,2.64,true,1,
7290011489700,false,פירורי ביסקוויט בטעם שוקו 300 ג`הדר,ח.כהן סוכנות מזון ומשקאות בע,,,"י""ח",300,ל גרם,false,1,6.90,2.30,false,1,
7290011501570,false,מיצוי שזיפים 1 ליטר,דין שיווק וקליה 2021 בעמ,,,"י""ח",946,"ל מ""ל",false,1,14.80,1.56,false,1,
7290011505011,false,אטב פרמיום כחול/לבן הוסטס,אינטרסן (1996) בעמ,,,"י""ח",1,,false,1,3.90,3.90,true,1,
7290011505035,false,נובי5364 הנגיסון למזון טרי עם מכסה,אינטרסן (1996) בעמ,,,"י""ח",1,,false,1,32.90,32.90,false,1,
7290011505608,false,"בקבוק נובי טבעי מצויר 180מ""ל שלב 1",אינטרסן (1996) בעמ,,,"י""ח",1,,false,1,24.90,24.90,false,1,
7290011505707,false,"בקבוק 250מ""ל פיה רחבה ללא ביספנול",אינטרסן (1996) בעמ,,,"י""ח",1,"י""ח",false,1,23.90,23.90,false,1,
7290011505714,false,natural touch נובי נשכן רך במיוחד עם קופ,אינטרסן (1996) בעמ,,,"י""ח",1,,false,1,24.90,24.90,false,1,
7290011505806,false,קיסמי שיניים דנטאליים מפלסטיק 200 יחידות בחבית,אינטרסן (1996) בעמ,,,"י""ח",200,"י""ח",false,1,7.90,0.04,false,1,
7290011515911,false,שלגוני לייט ריבת חלב עם סירופ 6*52 גרם,נגה גלידות שותפות מוגבלת,,,"י""ח",1,,false,1,29.90,29.90,false,1,
7290011518561,false,"אקטימל תות 1.51 ק""ג מארז 14 יחידות",שטראוס גרופ בעמ/מצונן,,,"י""ח",1.40,ליטר,false,1,29.90,21.36,true,1,
7290011530464,false,"פול סויה אדממה 1ק""ג",בלדי בעמ,,,"י""ח",1,"ק""ג",false,1,16.90,16.90,false,1,
7290011575007,false,"הפי מרסס שומר ברק למקלחון 750 מ""ל","יעקב יעקבי ובניו בע""מ",,,"י""ח",750,"ל מ""ל",false,1,21.90,2.92,false,1,
7290011575250,false,מברשת הפי מבריק וצובע נעליים שחור יעקבי,"יעקב יעקבי ובניו בע""מ",,,"י""ח",1,,false,1,11,11,false,1,
7290011593087,false,"שמן זית כתית מעולה 750 מ""ל סבא חביב",בני פאוזי שמשום (2009) בעמ,,,"י""ח",750,"ל מ""ל",false,1,29.90,3.99,true,1,
7290011593117,false,זית סורי ירוק מבוקע 800 ג' סבא חביב,בני פאוזי שמשום (2009) בעמ,,,"י""ח",800,ל גרם,false,1,24.90,3.11,false,1,
7290011598211,false,"סנו - אנטי קאלק מרסס ניקוי כללי 4 ב-1 700 מ""ל",החברה הדרומית לשיווק בעמ,,,"י""ח",700,"ל מ""ל",false,1,19.90,2.84,false,1,
7290011598259,false,"פרש מטהר אוויר אוטומטי בניחוח מאסק סנו 250 מ""ל",החברה הדרומית לשיווק בעמ,,,"י""ח",250,ל גרם,false,1,13.90,5.56,false,1,
7290011598402,false,מקסימה מרכך כביסה ארומתרפי מאסק סנו 4 ליטר,החברה הדרומית לשיווק בעמ,,,"י""ח",4,ליטר,false,1,21.90,5.48,false,1,
7290011599836,false,משפר אפיה טבעי 100 ג' רובינפלד,"סופר קמח רובינפלד בע""מ",,,"י""ח",100,ל גרם,false,1,10.90,10.90,false,1,
7290011607180,false,"אבקת כביסה קולון 101 1.25 ק""ג",רקיט בנקיזר (ניר איסט) בעמ,,,"י""ח",1.25,"ק""ג",false,1,14.90,11.92,false,1,
7290011607197,false,"קולון 101 אבקת כביסה 5 ק""ג",רקיט בנקיזר (ניר איסט) בעמ,,,"י""ח",5,"ק""ג",false,1,39.90,7.98,false,1,
7290011615277,false,"עלי טורטיוה קמח חיטה 25ס""מ 12יח' ויליפוד 840 ג'",ג.וילי-פוד אינטרנשיונל בעמ,,,"י""ח",840,ל גרם,false,1,14.90,1.77,true,1,
7290011622817,false,ביסקוויטמינים חטיף דגנים במילוי קרם בטעם,גורי מוצרי צריכה (1991) בעמ,,,"י""ח",80,ל גרם,false,1,16.40,20.50,false,1,
7290011622824,false,חטיף דגנים במילוי קרם שקדים בטעם בננה 70 גרם,גורי מוצרי צריכה (1991) בעמ,,,"י""ח",80,ל גרם,false,1,16.40,20.50,false,1,
7290011725082,false,כרוב חסלט,ביכורי השדה צפון 1994 ג.ד. בעמ,,,"ק""ג",1,,true,1,17.90,17.90,false,1,
7290011732264,false,פרמידה סוכריות בטעם פרי חמצמץ 36 יחידות,גואנגדונג צאואן פוד,,,"י""ח",432,ל גרם,false,1,18.90,4.38,false,1,
7290011732943,false,שקדי מרק 400 גרם טעמן,טעמן שווק מזון בעמ,,,"י""ח",400,ל גרם,false,1,10.90,2.73,false,1,
7290011765392,false,"בוב ספוג שמפו לשיער לסירוק קל כיף 750 מ""ל",החברה הדרומית לשיווק בעמ,,,"י""ח",750,"ל מ""ל",false,1,10.90,1.45,false,1,
7290011765422,false,אל סבון מועשר בלחות ותמצית קמומיל - בוב ספוג,החברה הדרומית לשיווק בעמ,,,"י""ח",750,"ל מ""ל",false,1,10.90,1.45,false,1,
7290011765446,false,משחת שיניים לילדים בוב ספוג בטעם מיץ ענבים עם פלואוריד למניעת עששת,טרופיקל דגיל תעשיות קוסמ,,,"י""ח",70,ל גרם,false,1,8.90,12.71,false,1,
7290011778200,false,**תבנית ביצים ארוזה 30 M,מן הטבע בארותיים בעמ,,,"י""ח",30,"י""ח",false,1,26,0.87,false,1,
7290011778378,false,ביצי אומגהL בארותיים 12 יח`,מן הטבע בארותיים בעמ,,,"י""ח",1,,false,1,17.90,17.90,false,1,
7290011800642,false,מטבוחה מרוקאית רפי כהן צבר (400 גרם),קבוצת אוסם סחר-שות.מוגבלת,,,"י""ח",400,ל גרם,false,1,15.90,3.98,true,1,
7290011800840,false,רפי כהן סלט טחינה בלאדי צבר 400 גרם,קבוצת אוסם סחר שותפות מוגבלת,,,"י""ח",400,ל גרם,false,1,15.90,3.98,true,1,
7290011860271,false,ביסבול כדורי פירה מתפוחי אדמה תפוגן 700 גרם,קבוצת אוסם סחר שותפות מוגבלת,,,"י""ח",700,ל גרם,false,1,16.90,2.41,false,1,
7290011870249,false,סוללות *AAA12 פוגיקום,פוגיקום בעמ,,,"י""ח",1,,false,1,19.90,19.90,true,1,
7290011870270,false,פוג'יקום סוללות מארז 12 יח' AA,פוגיקום בעמ,,,"י""ח",1,,false,1,19.90,19.90,true,1,
7290011876388,false,קציצות עוף ובקר מאמא עוף (600 גרם),תנובה מרכז שיתופי לשיווק תוצרת,,,"י""ח",600,ל גרם,false,1,35.90,5.98,false,1,
7290011877101,false,"סנומוד מטהר אוויר מאסק סנו 150 מ""ל",החברה הדרומית לשיווק בעמ,,,"י""ח",150,"ל מ""ל",false,1,10.90,7.27,false,1,
7290011877859,false,סנו אינסטלטור חדש פותח סתימות 200ג',החברה הדרומית לשיווק בעמ,,,"י""ח",200,"ל מ""ל",false,1,15.90,7.95,false,1,
7290011877866,false,"מקסימה אבקת כביסה בניחוח מאסק סנו 6 ק""ג",החברה הדרומית לשיווק בעמ,,,"י""ח",6,"ק""ג",false,1,49.90,8.32,true,1,
7290011931162,false,סוכרלייט ממתיק נוזלי על בסיס סוכרלוז,אף.סי תבליני בגליל ב,,,"י""ח",220,"ל מ""ל",false,1,27.90,12.68,true,1,
7290011947309,false,זיתים מצוננים סורי מבוקע ולימון כבוש זיתא 230 ג',תה ויסוצקי (ישראל) בעמ,,,"י""ח",560,ל גרם,false,1,14.90,2.66,false,1,
7290011947316,false,זיתא זיתי קלמטה בשמן זית כתית מעולה 215ג,תה ויסוצקי (ישראל) בעמ,,,"י""ח",200,ל גרם,false,1,14.90,7.45,false,1,
7290011947521,false,"שמן זית כתית מעולה 750 מ""ל טעם מודגש זיתא",תה ויסוצקי (ישראל) בעמ,,,"י""ח",750,"ל מ""ל",false,1,37.90,5.05,true,1,
7290011947767,false,"שמן זית כתית מעולה קורנייקי 750 מ""ל זיתא",תה ויסוצקי (ישראל)בעמ,,,"י""ח",750,"ל מ""ל",false,1,36.90,4.92,false,1,
7290011947866,false,זיתא מיקס זיתים בפח 250 גרם,תה ויסוצקי (ישראל) בעמ,,,"י""ח",440,ל גרם,false,1,17.90,4.07,true,1,
7290011947873,false,זית קלמטה בפח זיתא 440 גר,תה ויסוצקי (ישראל) בעמ,,,"י""ח",440,ל גרם,false,1,17.90,4.07,true,1,
7290011952044,false,נקנקיות מרגז,ב ספק בשר קפוא,,,"י""ח",1,,false,1,18.90,18.90,false,1,
7290012001994,false,חרדל דיז'ון גרעינים 350 ג' ריין דיזון,דיפלומט מפיצים (1968) בעמ**,,,"י""ח",370,ל גרם,false,1,11.90,3.22,false,1,
7290012025495,false,"טחינה אסלי שמיר 1 ק""ג","סלטי שמיר 2006 בע""מ",,,"י""ח",1,"ק""ג",false,1,15.90,15.90,true,1,
7290012025822,false,שמיר סלק אסלי 400 גרם,"סלטי שמיר 2006 בע""מ",,,"י""ח",400,ל גרם,false,1,9.90,2.48,true,1,
7290012025839,false,מטבוחה אסלי שמיר 400 גרם,"סלטי שמיר 2006 בע""מ",,,"י""ח",400,ל גרם,false,1,10.90,2.73,true,1,
7290012071003,false,"ד""ר פישר - קמיל בלו משחה לתינוק 200 גרם","פישר תעשיות פרמצביטות בע""מ",,,"י""ח",200,ל גרם,false,1,20,10,false,1,
7290012116025,false,שמפו פיית הפרפרים לסירוק קל מכיל רוזמרין,החברה הדרומית לשיווק בעמ,,,"י""ח",800,ל גרם,false,1,10.90,1.36,false,1,
7290012116063,false,כיף אלסבון פיות מועשר בתמציות קמומיל 750,טרופיקל דגיל תעשיות,,,"י""ח",800,ל גרם,false,1,10.90,1.36,false,1,
7290012116360,false,פוליויקס נוזל לניקוי רצפות גרניט פורצלן סנו 2 ליטר,החברה הדרומית לשיווק בעמ,,,"י""ח",2,ליטר,false,1,22.90,11.45,true,1,
7290012116537,false,"מקסימה אבקת כביסה בניחוח מאסק סנו 2.5 ק""ג",החברה הדרומית לשיווק בעמ,,,"י""ח",2.50,"ק""ג",false,1,26.90,10.76,false,1,
7290012116612,false,אורביטול מברשת שיניים סופט 4 יח`,החברה הדרומית לשיווק בעמ,,,"י""ח",1,,false,1,11.90,11.90,false,1,
7290012117039,false,נוזל לניקוי אמבטיה 00 סנו 1 ליטר,החברה הדרומית לשיווק בעמ,,,"י""ח",1,ליטר,false,1,9.90,9.90,false,1,
7290012117091,false,"אבקת כביסה סנסיטיב סנו מקסימה 6 ק""ג",החברה הדרומית לשיווק בעמ,,,"י""ח",6,קוב,false,1,49.90,8.32,true,1,
7290012117275,false,"קליר שקית מילוי לניקוי חלונות סנו 750 מ""ל",החברה הדרומית לשיווק בעמ,,,"י""ח",750,"ל מ""ל",false,1,5.90,0.79,false,1,
7290012117350,false,"נוזל רצפות לילך 2 ליטר ""ריצפז פרש""",החברה הדרומית לשיווק בעמ,,,"י""ח",2,מארז,false,1,19.90,9.95,false,1,
7290012117428,false,"ג'ל רחצה ושמפו מעיינות מנטה קרמה מן 700 מ""ל",החברה הדרומית לשיווק בעמ,,,"י""ח",700,"ל מ""ל",false,1,19.90,2.84,false,1,
7290012117435,false,"קרמה - שמפו וג'ל רחצה 2 ב-1 אלוורה 700 מ""ל",החברה הדרומית לשיווק בעמ,,,"י""ח",700,"ל מ""ל",false,1,19.90,2.84,false,1,
7290012117534,false,מרכך כביסה מרוכז תכלת קול סנו מקסימה 1 ליטר,החברה הדרומית לשיווק בעמ,,,"י""ח",1,ליטר,false,1,17.90,17.90,false,1,
7290012117541,false,מקסימה מרכך כביסה מרוכז צהוב סנו 1 ליטר,החברה הדרומית לשיווק בעמ,,,"י""ח",1,ליטר,false,1,17.90,17.90,false,1,
7290012117558,false,מקסימה מרכך כביסה מרוכז ורוד בניחוח מאסק סנו 1 ליטר,החברה הדרומית לשיווק בעמ,,,"י""ח",1,ליטר,false,1,17.90,17.90,false,1,
7290012117732,false,מקסימה מרכך כביסה ארומתרפי קול סנו 4 ליטר,החברה הדרומית לשיווק בעמ,,,"י""ח",4,ליטר,false,1,21.90,5.48,false,1,
7290012117916,false,אינסטלטור נוזל לפתיחת סתימות סנו 1 ליטר,החברה הדרומית לשיווק בעמ,,,"י""ח",1,ליטר,false,1,29.90,29.90,false,1,
7290012139482,false,בג עצם לחוצה מעושנת בציפוי עוף 3 מקט ח,דיפלומט מפיצים (1968) בעמ**,,,"י""ח",3,"ק""ג",false,1,18.50,6.17,false,1,
7290012173769,false,תות וניל 100 גרם,זארובי פיצוחי הגליל,,,"י""ח",100,ל גרם,false,1,5.90,5.90,false,1,
7290012193125,false,ממתיק על בסיס סוכרלוז - טבליות,"קיפל טבליות וממתיקים בע""מ",,,"י""ח",150,ל גרם,false,1,26.90,17.93,false,1,
7290012226021,false,נקניק סלמי מעושן פראג זוגלובק (400 גרם),נקניק נהריה כשר זוגל,,,"י""ח",400,ל גרם,false,1,19.90,4.98,true,1,
7290012226120,false,קבנוס זוגלובק (45x3 גרם),נקניק נהריה כשר זוגל,,,"י""ח",135,ל גרם,false,1,11,8.15,true,1,
7290012226922,false,קבנוס בטעם שום זוגלובק (45x3 גרם),נקניק נהריה כשר זוגל,,,"י""ח",135,ל גרם,false,1,11,8.15,true,1,
7290012226939,false,קבנוס עם צ'ילי חריף זוגלובק 135 גרם,נקניק נהריה כשר זוגל,,,"י""ח",135,ל גרם,false,1,11,8.15,true,1,
7290012226991,false,"נקניקיות עוף באריזת ג''מבו 1.5 ק""ג זוגלובק",נקניק נהריה כשר זוגל,,,"י""ח",1.50,"י""ח",false,1,28.90,19.27,true,1,
7290012227172,false,חרמן הודו בדבש וברביקיו זוג במארז 600 ג' זוגלובק,נקניק נהריה כשר זוגל,,,"י""ח",600,ל גרם,false,1,30.90,5.15,true,1,
7290012227325,false,סלמי דק דק מעושן איטלקי 120 ג' זוגלובק,זוגלובק שיווק בעמ,,,"י""ח",120,ל גרם,false,1,13.90,11.58,true,1,
7290012227592,false,פסט' חרמון כפרי וסלמי תה זוגי זוגלובק 300X2ג' מחפוד,זוגלובק שיווק בעמ,,,"י""ח",700,ל גרם,false,1,33.90,4.84,true,1,
7290012227608,false,מארז חרמון 300 גר' +חרמון ברבקיו 300ג' זוגלובק,זוגלובק שיווק בעמ,,,"י""ח",600,ל גרם,false,1,36.90,6.15,true,1,
7290012227615,false,נקניקיות עוף זוגלובק 800 ג' מחפוד,זוגלובק שיווק בעמ,,,"י""ח",800,ל גרם,false,1,24.90,3.11,true,1,
7290012227622,false,פסטרמה חרמון כפרית דבש 400גר מחפוד זוגלובק,זוגלובק שיווק בעמ,,,"י""ח",400,ל גרם,false,1,21.90,5.48,true,1,
7290012227738,false,זוגלובק סלמי תה מעושן מחפוד 370 גרם,זוגלובק שיווק בעמ,,,"י""ח",400,ל גרם,false,1,20.90,5.23,true,1,
7290012227769,false,פסטרמה ברביקיו זוגלובק מחפוד 400 גרם,זוגלובק שיווק בעמ,,,"י""ח",400,ל גרם,false,1,20.90,5.23,true,1,
7290012227776,false,פסטרמה הודו מחפוד 400ג זוגלובק,זוגלובק שיווק בעמ,,,"י""ח",400,ל גרם,false,1,20.90,5.23,true,1,
7290012227783,false,נקניק תה מעושן מחפוד זוגלובק 400ג',זוגלובק שיווק בעמ,,,"י""ח",400,ל גרם,false,1,20.90,5.23,true,1,
7290012227912,false,קבנוס מעודן זוגלובק 135 גרם,נקניק זוגלובק נהריה,,,"י""ח",135,ל גרם,false,1,13.50,10,true,1,
7290012227974,false,פסטרמה הודו בדבש טהור דק דק דק,זוגלובק שיווק בעמ,,,"י""ח",120,ל גרם,false,1,13.90,11.58,true,1,
7290012227981,false,פסטרמה דק דק ברביקיו 120 ג' זוגלובק,זוגלובק שיווק בעמ,,,"י""ח",120,ל גרם,false,1,13.90,11.58,true,1,
7290012227998,false,פסטרמה דק דק חזה בקר 120 ג' זוגלובק,זוגלובק שיווק בעמ,,,"י""ח",120,ל גרם,false,1,13.90,11.58,true,1,
7290012228124,false,קבנוס סטיקס עם נגיעות מלח ים סדרת ריינהולד'ס,זוגלובק שיווק בעמ,,,"י""ח",50,ל גרם,false,1,10.90,21.80,true,1,
7290012228247,false,"המבורגר טקסס 1.4 ק""ג זוגלובק",זוגלובק שיווק בעמ,,,"י""ח",1.40,"ק""ג",false,1,49.90,35.64,true,1,
7290012228261,false,נקנקיות קנקרס הודו ועוף ריינהולד'ס זוגלובק 300 ג',זוגלובק שיווק בעמ,,,"י""ח",310,ל גרם,false,1,19.90,6.42,false,1,
7290012228278,false,נקניקיות בוקוורסט הודו ובקר סדרת ריינהולדס 310 גרם,זוגלובק שיווק בעמ,,,"י""ח",310,ל גרם,false,1,19.90,6.42,false,1,
7290012228407,false,"נקניקיות ג'מבו מחפוד זוגלובק 1.5 ק""ג",זוגלובק שיווק בעמ,,,"י""ח",1.50,"ק""ג",false,1,34.90,23.27,true,1,
7290012228704,false,הספרדיה – נקניקיית עוף ובקר חריפות ריינהולד'ס,זוגלובק שיווק בעמ,,,"י""ח",310,ל גרם,false,1,19.90,6.42,false,1,
7290012228766,false,קבנוס מחפוד זוגלובק 120 גרם,זוגלובק שיווק בעמ,,,"י""ח",120,ל גרם,false,1,10.90,9.08,false,1,
7290012228797,false,"נקניקיות ביג קנקרס 500 גרם , זוגלובק",זוגלובק שיווק בעמ,,,"י""ח",500,ל גרם,false,1,19.90,3.98,true,1,
7290012228971,false,סלמי תה פפרוני 180 גר`זוגלובק,זוגלובק שיווק בעמ,,,"י""ח",180,ל גרם,false,1,14.90,8.28,false,1,
7290012228988,false,חרמון הודו ועוף בדבש זוגלובק 200 ג',זוגלובק שיווק בעמ,,,"י""ח",180,ל גרם,false,1,14.90,8.28,false,1,
7290012228995,false,חרמון הודו ועוף ברביקיו זוגלובק 200 ג',זוגלובק שיווק בעמ,,,"י""ח",180,ל גרם,false,1,14.90,8.28,false,1,
7290012245176,false,וופל ציפס קריספי קפוא 700ג,קפוא זן תעשיות מזון בעמ,,,"י""ח",700,ל גרם,false,1,15.90,2.27,false,1,
7290012245183,false,צ'יפס קריספי קלאסי 700 גרם,קפוא זן תעשיות מזון בעמ,,,"י""ח",700,ל גרם,false,1,14.90,2.13,false,1,
7290012245275,false,"גולד ציפס בטטה קריספי 1 ק""ג",קפוא זן תעשיות מזון בעמ,,,"י""ח",1,"י""ח",false,1,27.90,27.90,false,1,
7290012245312,false,"גולד ציפס אמריקאי 1.5 ק""ג קפוא זן",קפוא-זן תעשיות מזון בעמ - תפוג,,,"י""ח",1.50,"ק""ג",false,1,21.90,14.60,true,1,
7290012245329,false,"גולד צ'יפס קלאסי 1.5 ק""ג קפוא זן",קפוא זן תעשיות מזון בעמ,,,"י""ח",1.50,"ק""ג",false,1,21.90,14.60,true,1,
7290012245336,false,"גולד צ'יפס סטייק 1.5 ק""ג גולד שארית",קפוא-זן תעשיות מזון בעמ - תפוג,,,"י""ח",1.50,"ק""ג",false,1,21.90,14.60,true,1,
7290012245343,false,"צ'יפס זיג זג 1.5 ק""ג גולד שארית",קפוא-זן תעשיות מזון בעמ - תפוג,,,"י""ח",1.50,"ק""ג",false,1,21.90,14.60,true,1,
7290012275401,false,מולר בירה לבנה בקבוק גרמנית 500מל,בני פאוזי שמשום (2009) בעמ,,,"י""ח",210,"ל מ""ל",false,1,4.50,2,true,1,
7290012295034,false,בזיליקום ארוז ברכת קטיף,ביכורי השדה צפון 1994 ג.ד. בעמ,,,"י""ח",1,,false,1,8.90,8.90,false,1,
7290012309311,false,ערמונים קלופים שלמים 100 גר`,דין שיווק וקליה 2021 בעמ,,,"י""ח",1,,false,1,5.90,5.90,false,1,
7290012309939,false,חלווה מסולסלת בקופסא ששון הקולה 500 גרם,דין שיווק וקליה 2021 בעמ,,,"י""ח",1,,false,1,17.90,17.90,false,1,
7290012313073,false,מיקס זיתים מגולענים מרינד קבוצת יבנה 340 גרם,"קבוצת יבנה מוצרי מזון בע""מ",,,"י""ח",1,,false,1,11.90,11.90,true,1,
7290012313264,false,כרוב כבוש קבוצת יבנה,קבוצת יבנה מוצרי מזון בעמ,,,"י""ח",1,,false,1,7.90,7.90,false,1,
7290012313394,false,קוביות מלפפונים במלח 560ג' יבנה,"קבוצת יבנה מוצרי מזון בע""מ",,,"י""ח",100,ל גרם,false,1,6.20,6.20,false,1,
7290012313554,false,עלי גפן ממולא 400 גרםיבנה,קבוצת יבנה מוצרי מזון בעמ,,,"י""ח",400,ל גרם,false,1,9.90,2.48,false,1,
7290012316033,false,לחמנית המבורגר,**קבוצת אוסם סחר-שות.מוגבלת,,,"י""ח",540,ל גרם,false,1,2.90,0.54,false,1,
7290012367717,false,קרם ידיים וציפורניים Intensive relief לעור יבש ומגורה,פישר תעשיות פרמבצטיות בעמ,,,"י""ח",12,ליטר,false,1,16.90,1.41,true,1,
7290012372124,false,"קמח מנופה כוסמין מלא רוביפנלד 1 ק""ג","סופר קמח רובינפלד בע""מ",,,"י""ח",1,"ק""ג",false,1,16.90,16.90,false,1,
7290012372155,false,"קמח מנופה כוסמין 80% רוביפנלד 1 ק""ג","סופר קמח רובינפלד בע""מ",,,"י""ח",1,"ק""ג",false,1,16.90,16.90,false,1,
7290012404955,false,נקטר חמוציות ספרינג קולקשן (1.25 ליטר),יפאורה - שותפות מוגבלת לשיווק,,,"י""ח",1.25,ליטר,false,1,12.90,10.08,true,1,
7290012404993,false,נקטר דיאט חמוציות ספרינג קולקשן 1.25 ליטר,יפאורה - שותפות מוגבלת לשיווק,,,"י""ח",1.25,ליטר,false,1,12.90,10.08,true,1,
7290012413643,false,תה ירוק קמומיל 25 שקיקים ויסוצקי,תה ויסוצקי (ישראל) בעמ,,,"י""ח",37.50,ל גרם,false,1,24.90,66.40,true,1,
7290012454172,false,סוכריות ללא תוספת סוכר בטעם תות מיה 80 גרם,מיה תעשיות מזון מ.ת.מ. בעמ,,,"י""ח",1,,false,1,6.50,6.50,true,1,
7290012454257,false,שזיף מיובש ללא גלעין מיה 200 גרם,מיה תעשיות מזון מ.ת.מ. בעמ,,,"י""ח",200,ל גרם,false,1,11.90,5.95,false,1,
7290012454943,false,חמוציות שלמות מגשית 150 גר' מיה,מיה תעשיות מזון מ.ת.מ. בעמ,,,"י""ח",200,ל גרם,false,1,8.90,4.45,false,1,
7290012483530,false,עגבניות מקולפות חתוכות לקוביות 400גר`,ג.וילי פוד אינטרנשיונל בעמ,,,"י""ח",400,ל גרם,false,1,5.40,1.35,false,1,
7290012483608,false,"אורז בסגנון בסמטי מובחר 5ק""ג DAWAT",ג.וילי-פוד אינטרנשיונל בעמ,,,"י""ח",5,"ק""ג",false,1,49.90,9.98,false,1,
7290012525452,false,טילון אקסטרים נוק אאוט שוקו וניל 70ג',גלידות נסטלה )נגה גלידות,,,"י""ח",1,,false,1,8.90,8.90,true,1,
7290012576348,false,"יין ספיישל ריזרב מרלו 750מ""ל",טמפו משקאות בעמ,,,"י""ח",750,"ל מ""ל",false,1,69.90,9.28,false,1,
7290012576362,false,יין ספיישל רזרב קברנה סוביניון 750 מל,יקבי ברקן שיווק והפצה בע,,,"י""ח",750,"ל מ""ל",false,1,69.90,9.28,false,1,
7290012576379,false,"יין ספיישל רזרב מרלו 750מ""ל",יקבי ברקן שיווק והפצה בע,,,"י""ח",750,"ל מ""ל",false,1,69.90,9.28,false,1,
7290012576591,false,רזרב גוורצטרמינר 750 מל יקבי ברקן,יקבי ברקן שיווק והפצה בע,,,"י""ח",750,"ל מ""ל",false,1,44.90,5.95,true,1,
7290012588242,false,"מים מינרלים מיי וואטר כדורגל מארז 500X6מ""ל",נרה קריטיס אס איי באריפט,,,"י""ח",1.98,ליטר,false,1,12.90,5.61,true,1,
7290012588907,false,"איילנד גויאבה 300מ""ל",טמפו משקאות בעמ,,,"י""ח",350,"ל מ""ל",false,1,5.40,1.46,false,1,
7290012588914,false,"איילנד מנגו 300מ""ל",טמפו משקאות בעמ,,,"י""ח",350,"ל מ""ל",false,1,5.40,1.46,false,1,
7290012645068,false,גבינה מותכת מחלב עיזים 16% שומן ישראלה 180 ג',שטראוס גרופ בעמ/מצונן,,,"י""ח",180,ל גרם,false,1,23.90,13.28,true,1,
7290012645112,false,יוגורט עיזים 2.8% בדלי חלב הארץ 750 גרם,שטראוס גרופ בעמ/מצונן,,,"י""ח",750,"ל מ""ל",false,1,19.90,2.65,true,1,
7290012645389,false,יוגורט עיזים טבעי 1 ליטר בבקבוק חלב האר,שטראוס גרופ בעמ/מצונן,,,"י""ח",1,ליטר,false,1,23,23,true,1,
7290012665967,false,בלינצס בשר,חמים וטעים בעמ,,,"י""ח",1,,false,1,44.90,44.90,false,1,
7290012667497,false,צנונית,ביכורי השדה צפון 1994 ג.ד. בעמ,,,"י""ח",1,,false,1,6.90,6.90,false,1,
7290012697081,false,סוכרזית מהטבע סטיוויה 100שקיות 100גרם,שטראוס גרופ בע`מ,,,"י""ח",100,ל גרם,false,1,32.90,32.90,true,1,
7290012803215,false,טוסו וופל בלגי ללתס בטעם שוקולד 200 גר`,בטר אנד דיפרנט,,,"י""ח",200,ל גרם,false,1,10.90,5.45,false,1,
7290012803222,false,טוסו ופל בסגנון בלגי בטעם לימון ללא תוספת סוכר 200 גרם,בטר אנד דיפרנט,,,"י""ח",200,ל גרם,false,1,10.90,5.45,false,1,
7290012803352,false,רייד תרסיס קוטל יתושים/זבובים 300 מל,אס.סי.ג'ונסון מידרכט,,,"י""ח",400,"ל מ""ל",false,1,14.90,3.73,false,1,
7290012803451,false,טוסו שוקולד מריר 62% מוצקי קקאו ללא תוספת סוכר 100 גרם,"דנשר (1963) בע,מ",,,"י""ח",100,ל גרם,false,1,11.90,11.90,false,1,
7290012803765,false,טוסו שוקולד מריר ללא תוספת סוכר 100 גרם,אלטינמארקה גידה סאן,,,"י""ח",100,ל גרם,false,1,11.90,11.90,false,1,
7290012803772,false,טוסו שוקולד חלב ללא תוספת סוכר 100 גרם,אלטינמארקה גידה סאן,,,"י""ח",100,ל גרם,false,1,11.90,11.90,false,1,
7290012823251,false,אל סבון נוזלי יסמין ולבנדר כיף (1 ליטר),החברה הדרומית לשיווק בעמ,,,"י""ח",1,ליטר,false,1,14.90,14.90,false,1,
7290012823381,false,מקסימה מרכך כביסה מרוכז סנסטיב בייבי סנו 1 ליטר,החברה הדרומית לשיווק בעמ,,,"י""ח",1,ליטר,false,1,17.90,17.90,false,1,
7290012823398,false,מטליות חד פעמיות לניקוי הרצפה בניחוח מרכך כביסה 10יח' סנו,החברה הדרומית לשיווק בעמ,,,"י""ח",1,,false,1,12.90,12.90,false,1,
7290012823589,false,ריצפז פרש בניחוח לימון מרענן,החברה הדרומית לשיווק בעמ,,,"י""ח",2,ליטר,false,1,19.90,9.95,false,1,
7290012823602,false,נייר טואלט סופט סילק לבן 32 גלילים סנו,החברה הדרומית לשיווק בעמ,,,"י""ח",32,"י""ח",false,1,35.90,1.12,false,1,
7290012823657,false,"סנו קל רסס וכבס מילוי 750 מ""ל",החב. הדרומית לשיווק,,,"י""ח",750,"ל מ""ל",false,1,9.90,1.32,false,1,
7290012836183,false,אמבטיה בלי מעמד,כוכב נולד פלוס נתיבות בעמ,,,"י""ח",1,,false,1,59,59,false,1,
7290012836206,false,טפלי,כוכב נולד פלוס נתיבות בעמ,,,"י""ח",1,,false,1,30,30,false,1,
7290012836213,false,אמבטיה בלי מעמד,כוכב נולד פלוס נתיבות בעמ,,,"י""ח",1,,false,1,59,59,false,1,
7290012838026,false,עוגיות מלוחות עבודת יד 350גר,הלל בן הלל שיווק ומסחר בעמ,,,"י""ח",350,ל גרם,false,1,15.90,4.54,false,1,
7290012850011,false,מחית תפוחי עץ שלב 3 בילובד (190 גרם),שקד תבל בע`מ,,,"י""ח",190,"ל מ""ל",false,1,5.90,3.11,true,1,
7290012850035,false,מחית בוליווד תפוח ואפרסק 190 גרם,שקד תבל בע`מ,,,"י""ח",190,"ל מ""ל",false,1,5.90,3.11,true,1,
7290012850073,false,מחית בוליווד סלט פירות 190 גרם,שקד תבל בע`מ,,,"י""ח",190,"ל מ""ל",false,1,5.90,3.11,true,1,
7290012884986,false,צ`יפס לתנור עד 4% שומן תפוגן (1.5 קג),קבוצת אוסם סחר שותפות מוגבלת,,,"י""ח",1.50,"ק""ג",false,1,25.90,17.27,false,1,
7290012936838,false,תבלין הל טחון תבליני מימון 35 גרם,א.ל. ייצור ושיווק תבלינים בע`מ,,,"י""ח",35,ל גרם,false,1,17.90,51.14,false,1,
7290012936845,false,תבלין לקוסקוס תבליני מימון 40 גרם,א.ל.יצור ושיווקתבלינים בעמ,,,"י""ח",50,ל גרם,false,1,11.50,23,false,1,
7290012936890,false,תבלינים קצח בצנצנות זכוכית 50 גרם,א.ל. ייצור ושיווק תבלינים בע`מ,,,"י""ח",50,ל גרם,false,1,11.50,23,false,1,
7290012936906,false,תבלינים ציפורן שלם בצנצנות 25 גרם,א.ל. ייצור ושיווק תבלינים בע`מ,,,"י""ח",25,ל גרם,false,1,19.90,79.60,false,1,
7290012936913,false,תבלין סומק תבליני מימון 45 גרם,א.ל.ייצור ושיווק תבלינים בעמ,,,"י""ח",45,ל גרם,false,1,11.50,25.56,false,1,
7290012936937,false,תבלינים בהרט בצנצנת 40 גרם,א.ל. ייצור ושיווק תבלינים בע`מ,,,"י""ח",40,ל גרם,false,1,11.50,28.75,false,1,
7290012936944,false,אגוז מוסקט טחון תבליני מימון (40 גרם),א.ל. ייצור ושיווק תבלינים בע`מ,,,"י""ח",50,ל גרם,false,1,14.50,29,false,1,
7290012938405,false,"רדיד אלומיניום עבה במיוחד לבישול,אפייה והקפאה.",גורי ע.ע.ע. בע`מ,,,"י""ח",100,ל גרם,false,1,16.90,16.90,false,1,
7290012938580,false,"משחת שיניים סנסודיין להלבנה עדינה 75 מ""ל",גלקסוסמית'\קליין קונסיומ,,,"י""ח",75,ל גרם,false,1,22.90,30.53,true,1,
7290012938740,false,משחת שיניים סנסודיין פרש מינט מנטה 75 מל,גלקסו סמית קליין,,,"י""ח",1,,false,1,22.90,22.90,true,1,
7290012938924,false,אקוהפרש מי פה ללא אלכוהול 500 מל,מולינו ניקולי s.p.a,,,"י""ח",500,ל גרם,false,1,19.70,3.94,true,1,
7290012962349,false,נובי מברשת שיניים מעוצבת לילדים,אינטרסן (1996) בעמ,,,"י""ח",1,,false,1,11.90,11.90,true,1,
7290012962448,false,"מדליק פחם נוזלי 250 מ""ל עם פקק ביטחון EASY LIGHT",איזי לייט Easy light,,,"י""ח",250,"ל מ""ל",false,1,9.80,3.92,false,1,
7290012962561,false,קיסמי שיניים במבוק הוסטס) (500,אינטרסן (1996) בעמ,,,"י""ח",200,"י""ח",false,1,4.90,0.02,true,1,
7290012962578,false,צימרוני אוזניים עץ בקופסא 300 יחידות אינטרסאן,הדקלאים אגודת שיתופי,,,"י""ח",300,"י""ח",false,1,6.90,0.02,true,1,
7290012962592,false,מדליק פחם אקולוגי מוצק 32 יחידות EASY LIGHT,איזי לייט Easy light,,,"י""ח",32,"י""ח",false,1,6.90,0.22,false,1,
7290012962714,false,נובי כוס אולטרא מצויירת עם מנגנון קליק,אינטרסן (1996) בעמ,,,"י""ח",1,,false,1,33.90,33.90,false,1,
7290012962806,false,נשכן סיליקון רך טולי,אינטרסן (1996) בעמ,,,"י""ח",1,,false,1,13.90,13.90,false,1,
7290012962851,false,נוביM5828 מוצץ סיליקון סימטרי בינוני-זוג,אינטרסן (1996) בעמ,,,"י""ח",1,,false,1,24.90,24.90,false,1,
7290012965203,false,חסה,ביכורי השדה צפון 1994 ג.ד. בעמ,,,"י""ח",1,,false,1,6.90,6.90,false,1,
7290012975875,false,כוסות יהלום בנדע שווה 75יח,ח.כהן סוכנות מזון ומשקאות בע,,,"י""ח",1,,false,1,10.90,10.90,true,1,
7290012983153,false,סילאן טבעי בקבוק לחיץ תמר כנרת 400 גר,תה ויסוצקי (ישראל)בעמ,,,"י""ח",400,ל גרם,false,1,16.90,4.23,true,1,
7290012983160,false,סילאן לחיץ 400גר חתם סופר,"חצר כנרת מוצרי תמר אגש""ח",,,"י""ח",400,ל גרם,false,1,11.90,2.98,false,1,
7290012983610,false,תמרים ללא חרצנים תמר כנרת 500 גרם,"חצר כנרת מוצרי תמר אגש""ח",,,"י""ח",500,ל גרם,false,1,15.90,3.18,false,1,
7290012996610,false,טבליות הפלא לניקוי האסלה הפי יעקבי 16 יחידות,יעקב יעקבי ובניו בעמ,,,"י""ח",1,,false,1,13.50,13.50,false,1,
7290012996702,false,הפי ג'ל דוחה עש ומבשם לארון הבגדים,יעקב יעקבי ובניו בעמ,,,"י""ח",500,"ל מ""ל",false,1,10.90,2.18,false,1,
7290013027399,false,לחם קמח מלא קל בתוספת שיפון 750 ג' אנג'ל,מאפיית שלמה א. אנג'\ל בע,,,"י""ח",750,ל גרם,false,1,15.50,2.07,false,1,
7290013027535,false,לחם שיפון קל 750 ג' אנג'ל,מאפיית שלמה א. אנג'ל,,,"י""ח",750,ל גרם,false,1,14.90,1.99,false,1,
7290013038432,false,מים אקווה נובה בקבוק יחיד,אקווה נובה Aqua Nova,,,"י""ח",2,ליטר,false,1,3.60,1.65,false,1,
7290013083661,false,"מטרנה אקסטרה קר שלב 1 חסכון 700 גרם תמ""ל",קבוצת אוסם סחר-שות.מוגבלת,,,"י""ח",700,ל גרם,false,1,59.90,8.56,false,1,
7290013083678,false,"מטרנה אקסטרה קר שלב 2 חסכון 700 גרם תמ""ל",קבוצת אוסם סחר-שות.מוגבלת,,,"י""ח",700,ל גרם,false,1,59.90,8.56,false,1,
7290013083685,false,תחליף חלב מטרנה אקסטרה קר שלב 3 חסכון 700 גרם,קבוצת אוסם סחר-שות.מוגבלת,,,"י""ח",700,ל גרם,false,1,59.90,8.56,false,1,
7290013089120,false,בשר מס `6חלק,נטו מלינדה סחר בעמ,,,"ק""ג",1,,true,1,39.90,39.90,false,1,
7290013116130,false,פרכיות אורז מלא מארז חיסכון,ציון תורגמן בעמ,,,"י""ח",1,,false,1,13.90,13.90,false,1,
7290013117212,false,בורקס פילו במילוי גבינה 600 גר`מעדנות,תנובה מרכז שיתופי לשיווק תוצרת,,,"י""ח",600,ל גרם,false,1,22.20,3.70,false,1,
7290013117229,false,"בורקס פילו במילוי תפו""א מעדנות 600 גר",תנובה מרכז שיתופי לשיווק תוצרת,,,"י""ח",600,ל גרם,false,1,22.20,3.70,false,1,
7290013117236,false,בורקס פילו פיצה מעדנות 600 גרם,תנובה מרכז שיתופי לשיווק תוצרת,,,"י""ח",600,ל גרם,false,1,22.30,3.72,false,1,
7290013117410,false,בצק פריך מרודד למאפים מתוקים 900 ג' מעדנות,תנובה מרכז שיתופי לשיווק תוצרת,,,"י""ח",900,ל גרם,false,1,22.90,2.54,false,1,
7290013117427,false,בצק פריך מרודד למאפים מלוחים מעדנות 2*450 גרם,תנובה מרכז שיתופי לשיווק תוצרת,,,"י""ח",900,ל גרם,false,1,22.90,2.54,false,1,
7290013117526,false,בצק שמרים מרודד למאפים מתוקים מעדנות 900 גרם,תנובה מרכז שיתופי לשיווק תוצרת,,,"י""ח",900,ל גרם,false,1,22.90,2.54,false,1,
7290013121110,false,לחמניות בורגר ללא גלוטן גרין לייט 4 * 87 גרם,אביב קונדיטוריה מעול,,,"י""ח",350,ל גרם,false,1,18.90,5.40,false,1,
7290013128317,false,ענבים ירוקים אוקי דוד חי,ביכורי השדה צפון 1994 ג.ד. בעמ,,,"ק""ג",1,,true,1,22.90,22.90,false,1,
7290013144157,false,תערובת להכנת סחלב 130גרם,א.ל. ייצור ושיווק תבלינים בע`מ,,,"י""ח",130,ל גרם,false,1,10.90,8.38,true,1,
7290013144171,false,"תערובת עוגת שוקולד 560 גרם ""מיימונס""",א.ל.ייצור ושיווק תבלינים בעמ,,,"י""ח",560,ל גרם,false,1,16.90,3.02,true,1,
7290013144188,false,מימונס תערובת להכנת בראוניז 600 גרם,א.ל.יצור ושיווקתבלינים בעמ,,,"י""ח",600,ל גרם,false,1,16.90,2.82,true,1,
7290013144195,false,מיימונס תערובת כדורי שוקולד 500 גרם.,א.ל.ייצור ושיווק תבלינים בעמ,,,"י""ח",500,ל גרם,false,1,16.90,3.38,true,1,
7290013144201,false,תערובת להכנת פנקייק מימונס (400 גרם),א.ל.ייצור ושיווק תבלינים בעמ,,,"י""ח",400,ל גרם,false,1,15.90,3.98,true,1,
7290013144218,false,מיימונס תערובת עוגת וניל 560 גרם.,א.ל.ייצור ושיווק תבלינים בעמ,,,"י""ח",560,ל גרם,false,1,16.90,3.02,true,1,
7290013144225,false,תערובת עוגת שיש מימונס 560 ג',א.ל.יצור ושיווקתבלינים בעמ,,,"י""ח",560,ל גרם,false,1,16.90,3.02,true,1,
7290013144232,false,מיימונס פודינג בטעם וניל 80 גרם,א.ל. ייצור ושיווק תבלינים בע`מ,,,"י""ח",8500,ל גרם,false,1,4.90,0.06,true,1,
7290013144249,false,פודינג בטעם שוקולד 95 גר`מימונס,א.ל. ייצור ושיווק תבלינים בע`מ,,,"י""ח",1,,false,1,4.90,4.90,true,1,
7290013144270,false,תערובת להכנת קרם פטיסייר מיימונס 100 גרם,א.ל. ייצור ושיווק תבלינים בע`מ,,,"י""ח",100,ל גרם,false,1,9.90,9.90,false,1,
7290013144287,false,מיימונס ג'לי תות 85 גרם,א.ל.יצור ושיווקתבלינים בעמ,,,"י""ח",1,,false,1,5.90,5.90,false,1,
7290013144317,false,מימונס ג'וני גלילית וופל למילוי 18 יחידות,א.ל. ייצור ושיווק תבלינים בע`מ,,,"י""ח",1,,false,1,22.90,22.90,false,1,
7290013144393,false,תמצית אפיה בטעם וניל מימונס (50 מל),א.ל. ייצור ושיווק תבלינים בע`מ,,,"י""ח",1,,false,1,4.90,4.90,false,1,
7290013144409,false,תמצית אפיה בטעם רום מימונס (50 מל),א.ל. ייצור ושיווק תבלינים בע`מ,,,"י""ח",1,,false,1,4.90,4.90,false,1,
7290013144416,false,"תמצית בטעם שקדים מימונס 50 מ""ל",א.ל. ייצור ושיווק תבלינים בע`מ,,,"י""ח",1,,false,1,4.90,4.90,false,1,
7290013144447,false,"תמצית בטעם תפוז מימונס 50 מ""ל",א.ל.יצור ושיווקתבלינים בעמ,,,"י""ח",1,,false,1,9.90,9.90,false,1,
7290013144508,false,תמצית אפיה בטעם ורדים 50 מל מימונס,א.ל. ייצור ושיווק תבלינים בע`מ,,,"י""ח",1,,false,1,9.90,9.90,false,1,
7290013144515,false,מיימונס צבע מאכל צהוב 50 גרם,א.ל. ייצור ושיווק תבלינים בע`מ,,,"י""ח",1,,false,1,4.30,4.30,false,1,
7290013144522,false,צבע מאכל ירוק מימונס (50 מל),א.ל. ייצור ושיווק תבלינים בע`מ,,,"י""ח",50,"ל מ""ל",false,1,4.30,8.60,false,1,
7290013144539,false,צבע מאכל אדום מימונס 50 גרם,א.ל. ייצור ושיווק תבלינים בע`מ,,,"י""ח",1,,false,1,4.30,4.30,false,1,
7290013144560,false,מיימונס צבע מאכל כחול 50 גרם,א.ל. ייצור ושיווק תבלינים בע`מ,,,"י""ח",1,,false,1,4.30,4.30,false,1,
7290013144614,false,"מיימונס סירופ מייפל אמיתי 100% מקנדה 236 מ""ל",א.ל.ייצור ושיווק תבלינים בעמ,,,"י""ח",236,"ל מ""ל",false,1,29.90,12.67,false,1,
7290013144751,false,סירופ בטעם מייפל מימונס 500 גרם,א.ל. ייצור ושיווק תבלינים בע`מ,,,"י""ח",500,"ל מ""ל",false,1,13.90,2.78,true,1,
7290013144768,false,סירופ בטעם שוקולד מימונס 500 גרם,א.ל. ייצור ושיווק תבלינים בע`מ,,,"י""ח",500,"ל מ""ל",false,1,13.90,2.78,true,1,
7290013144805,false,אבקת אייס קפה דיאט 320 גרם מימונס,א.ל. ייצור ושיווק תבלינים בע`מ,,,"י""ח",250,ל גרם,false,1,20.90,8.36,true,1,
7290013144812,false,אבקת אייס קפה וניל 320 גרם מימונס,א.ל. ייצור ושיווק תבלינים בע`מ,,,"י""ח",320,ל גרם,false,1,17.90,5.59,true,1,
7290013144911,false,מימונס מיקס שוקולד צ'יפס מריר וחלב 250 גרם,א.ל. ייצור ושיווק תבלינים בע`מ,,,"י""ח",250,"ל מ""ל",false,1,14.90,5.96,true,1,
7290013144980,false,תרסיס שמן קנולה מימונס 170 גרם,א.ל. ייצור ושיווק תבלינים בע`מ,,,"י""ח",170,"ל מ""ל",false,1,15.90,9.35,false,1,
7290013144997,false,מימונס תרסיס שמן זית,א.ל.יצור ושיווקתבלינים בעמ,,,"י""ח",140,"ל מ""ל",false,1,15.90,11.36,false,1,
7290013145017,false,אגוז מלך קלוף מיימונס 100 גרם,א.ל. ייצור ושיווק תבלינים בע`מ,,,"י""ח",100,ל גרם,false,1,12.90,12.90,false,1,
7290013145024,false,מיימונס אגוז מלך טחון 100 גרם,א.ל. ייצור ושיווק תבלינים בע`מ,,,"י""ח",100,ל גרם,false,1,12.90,12.90,false,1,
7290013145031,false,אגוזי לוז מסוכרים מיימונס 100 גרם,א.ל. ייצור ושיווק תבלינים בע`מ,,,"י""ח",100,ל גרם,false,1,12.90,12.90,false,1,
7290013145048,false,צנוברים מימונס (100 גרם),א.ל.ייצור ושיווק תבלינים בעמ,,,"י""ח",100,ל גרם,false,1,26.90,26.90,false,1,
7290013145055,false,פרג שלם מיימונס 100 גרם,א.ל. ייצור ושיווק תבלינים בע`מ,,,"י""ח",100,ל גרם,false,1,6.90,6.90,false,1,
7290013145062,false,"סירופ מייפל אמיתי 100% מימונס 187 מ""ל",א.ל.ייצור ושיווק תבלינים בעמ,,,"י""ח",187,"ל מ""ל",false,1,19.90,10.64,false,1,
7290013145109,false,שקד מולבון טחון מימונס 100 גרם,א.ל. ייצור ושיווק תבלינים בע`מ,,,"י""ח",100,ל גרם,false,1,12.90,12.90,true,1,
7290013145116,false,מיימונס שקד מולבן מקלות 100 גרם.,א.ל. ייצור ושיווק תבלינים בע`מ,,,"י""ח",100,ל גרם,false,1,12.90,12.90,true,1,
7290013145123,false,מיימונס שקד מולבן פרוס 100 גרם,א.ל. ייצור ושיווק תבלינים בע`מ,,,"י""ח",100,ל גרם,false,1,12.90,12.90,true,1,
7290013145161,false,פקאן מסוכר מיימונס 100 גרם.,א.ל. ייצור ושיווק תבלינים בע`מ,,,"י""ח",100,ל גרם,false,1,16.90,16.90,false,1,
7290013145178,false,קוקוס לבן טחון מימונס (100 גרם),א.ל. ייצור ושיווק תבלינים בע`מ,,,"י""ח",100,ל גרם,false,1,4.60,4.60,false,1,
7290013145192,false,שומשום מיימונס 100 גרם,א.ל. ייצור ושיווק תבלינים בע`מ,,,"י""ח",100,ל גרם,false,1,4.60,4.60,false,1,
7290013145215,false,שומשום מימונס (400 גרם),א.ל.ייצור ושיווק תבלינים בעמ,,,"י""ח",400,ל גרם,false,1,14.90,3.73,false,1,
7290013145277,false,עלים לקרמשניט מימונס 300 גרם,א.ל.ייצור ושיווק תבלינים בעמ,,,"י""ח",300,ל גרם,false,1,16.90,5.63,false,1,
7290013145390,false,מימונס שוקולד צ'יפס מהדרין 250 גר,א.ל. ייצור ושיווק תבלינים בע`מ,,,"י""ח",250,ל גרם,false,1,9.30,3.72,false,1,
7290013145406,false,שוקולד צ'יפס לבן מיימונס 250 גרם,א.ל. ייצור ושיווק תבלינים בע`מ,,,"י""ח",250,"ל מ""ל",false,1,9.90,3.96,false,1,
7290013145437,false,שוקולד מריר מעולה ציפס מימונס 250 ג',א.ל. ייצור ושיווק תבלינים בע`מ,,,"י""ח",250,ל גרם,false,1,13.90,5.56,false,1,
7290013145451,false,קקאו 150 גר`שקית מימונס,א.ל. ייצור ושיווק תבלינים בע`מ,,,"י""ח",150,ל גרם,false,1,8.90,5.93,false,1,
7290013145529,false,סוכריות צבעוניות לקישוט מיימונס 90 גרם,א.ל. ייצור ושיווק תבלינים בע`מ,,,"י""ח",1,,false,1,5.90,5.90,false,1,
7290013145536,false,סוכריות לקישוט בטעם שוקולד מיימונס 85 גרם,א.ל. ייצור ושיווק תבלינים בע`מ,,,"י""ח",1,,false,1,5.90,5.90,false,1,
7290013145567,false,מיימונס מיני מיני עדשים 90 גרם.,א.ל.ייצור ושיווק תבלינים בעמ,,,"י""ח",1,,false,1,10.90,10.90,false,1,
7290013145628,false,מימונס סוכריות צבעוניות לקישוט 200 גרם,א.ל. ייצור ושיווק תבלינים בע`מ,,,"י""ח",400,ל גרם,false,1,8.90,2.23,false,1,
7290013145710,false,דובדבנים מסוכרים מימונס (100 גרם),א.ל. ייצור ושיווק תבלינים בע`מ,,,"י""ח",100,ל גרם,false,1,9.60,9.60,false,1,
7290013145796,false,"רביעיית צבעי מאכל גל 4*25 מ""ל",א.ל.יצור ושיווקתבלינים בעמ,,,"י""ח",100,"ל מ""ל",false,1,49.90,49.90,true,1,
7290013145826,false,פודניג בטעם וניל לבן במיוחד מימונס 80 ג',א.ל. ייצור ושיווק תבלינים בע`מ,,,"י""ח",80,ל גרם,false,1,4.90,6.13,true,1,
7290013145833,false,פודינג שוקולד אמיתי מימונס 80 גרם,א.ל.יצור ושיווקתבלינים בעמ,,,"י""ח",80,ל גרם,false,1,4.90,6.13,true,1,
7290013145840,false,סוכר וניל מימונס 10יח בצלופן,א.ל. ייצור ושיווק תבלינים בע`מ,,,"י""ח",10,"י""ח",false,1,2.90,0.29,false,1,
7290013145857,false,אבקת אפיה מימונס 10יח בצלופן,א.ל. ייצור ושיווק תבלינים בע`מ,,,"י""ח",10,"י""ח",false,1,2.90,0.29,false,1,
7290013145864,false,אבקת ג'לטין טהור מיימונס 28 גרם,א.ל. ייצור ושיווק תבלינים בע`מ,,,"י""ח",1,,false,1,11.90,11.90,false,1,
7290013145901,false,"סודה לשתיה 100 גרם ""מיימונס""",א.ל. ייצור ושיווק תבלינים בע`מ,,,"י""ח",100,ל גרם,false,1,2.50,2.50,false,1,
7290013145918,false,אבקת סוכר מיימונס 100 גרם,א.ל. ייצור ושיווק תבלינים בע`מ,,,"י""ח",100,ל גרם,false,1,1.90,1.90,false,1,
7290013145949,false,אבקת סוכר אריזת פטנט 250 גרם,א.ל. ייצור ושיווק תבלינים בע`מ,,,"י""ח",250,ל גרם,false,1,15.90,6.36,true,1,
7290013145956,false,שמרים יבשים בוואקום מיימונס 500 גרם,א.ל. ייצור ושיווק תבלינים בע`מ,,,"י""ח",500,ל גרם,false,1,13.90,2.78,false,1,
7290013145963,false,שמרים יבשים בוואקום מיימונס 125 גרם,א.ל. ייצור ושיווק תבלינים בע`מ,,,"י""ח",125,ל גרם,false,1,5.90,4.72,false,1,
7290013145970,false,קורנפלור מימונס בשקית 200 ג',א.ל. ייצור ושיווק תבלינים בע`מ,,,"י""ח",100,ל גרם,false,1,3.90,3.90,false,1,
7290013146014,false,מלית אוכמניות 70% פרי מיימונס 400 גרם,א.ל.יצור ושיווקתבלינים בעמ,,,"י""ח",400,ל גרם,false,1,15.90,3.98,false,1,
7290013146038,false,מיימונס מלית דובדבנים 70% פרי 400 גרם,א.ל.ייצור ושיווק תבלינים בעמ,,,"י""ח",400,ל גרם,false,1,15.90,3.98,false,1,
7290013146199,false,מלית קרם נוגט 350 גרם מימונס,א.ל ייצור ושיווק תבלינים בעמ,,,"י""ח",350,ל גרם,false,1,15.90,4.54,true,1,
7290013146243,false,פודינג בטעם וניל מימונס 320גר,א.ל.יצור ושיווקתבלינים בעמ,,,"י""ח",255,ל גרם,false,1,11.90,4.67,false,1,
7290013146656,false,כוכבים תכלת ירוק לבן לקישוט 60 גר`מימונ,א.ל ייצור ושיווק תבלינים בעמ,,,"י""ח",60,ל גרם,false,1,11.90,19.83,false,1,
7290013146663,false,אטריות צבעוניות לקישוט מימונס 55 גרם,א.ל ייצור ושיווק תבלינים בעמ,,,"י""ח",55,ל גרם,false,1,11.90,21.64,true,1,
7290013146670,false,סוכריות לב סגול ורוד לבן לקישוט 60 גרם,א.ל ייצור ושיווק תבלינים בעמ,,,"י""ח",60,ל גרם,false,1,11.90,19.83,true,1,
7290013146724,false,אבקת אייס קפה 350 גרם מימונס,א.ל. ייצור ושיווק תבלינים בע`מ,,,"י""ח",350,ל גרם,false,1,17.90,5.11,true,1,
7290013146755,false,קצפת צמחי 24% 500 גרם מימונס,קפוא-זן תעשיות מזון בעמ - תפוג,,,"י""ח",500,"ל מ""ל",false,1,13.90,2.78,true,1,
7290013146762,false,מימונס קצפת מעולה 24% מעודנת 200מל,קפוא-זן תעשיות מזון בעמ - תפוג,,,"י""ח",200,"ל מ""ל",false,1,6.90,3.45,true,1,
7290013146816,false,אבקת סוכר שקית 500 מימונס,א.ל ייצור ושיווק תבלינים בעמ,,,"י""ח",200,ל גרם,false,1,7.20,3.60,false,1,
7290013146854,false,קוקוס לבן טחון מימונס 400 ג',א.ל. ייצור ושיווק תבלינים בע`מ,,,"י""ח",1,,false,1,14.90,14.90,false,1,
7290013153418,false,מיץ סחוט טרי 1ל לימונענע פרי גת,החברה המרכזית טלהפצת משקאות בע,,,"י""ח",1,ליטר,false,1,16.20,16.20,true,1,
7290013153593,false,תפוזים מתקתק 100% פריגת 1 ליטר,*החברה המרכזית להפצת משקאותבעמ,,,"י""ח",1,ליטר,false,1,11.90,11.90,false,1,
7290013156006,false,עוגיות כעכים לקפה מרוקאיות 200גר,הלל בן הלל שיווק ומסחר בעמ,,,"י""ח",300,ל גרם,false,1,16.90,5.63,false,1,
7290013156020,false,מארז עוגות בחושות 350גר,הלל בן הלל שיווק ומסחר בעמ,,,"י""ח",350,ל גרם,false,1,39.90,11.40,false,1,
7290013156808,false,עוגיות מציות רייף 350ג גאקובס,הלל בן הלל שיווק ומסחר בעמ,,,"י""ח",300,ל גרם,false,1,16.90,5.63,false,1,
7290013156822,false,עוגיות רייף 350ג גאקובס,הלל בן הלל שיווק ומסחר בעמ,,,"י""ח",350,ל גרם,false,1,16.90,4.83,false,1,
7290013156914,false,עוגיות כעך טוניסאי 350גר,הלל בן הלל שיווק ומסחר בעמ,,,"י""ח",350,ל גרם,false,1,16.90,4.83,false,1,
7290013156921,false,עוגיות מרוקאיות ללא סוכר,הלל בן הלל שיווק ומסחר בעמ,,,"י""ח",350,ל גרם,false,1,16.90,4.83,false,1,
7290013177360,false,פומלה,ביכורי השדה צפון 1994 ג.ד. בעמ,,,"ק""ג",1,,true,1,8.90,8.90,false,1,
7290013202963,false,מגדל כוסות מספרים 5 חלקים,כוכב נולד פלוס נתיבות בעמ,,,"י""ח",1,,false,1,29.90,29.90,false,1,
7290013202970,false,מגדל כוסות צורות 5 חלקים,כוכב נולד פלוס נתיבות בעמ,,,"י""ח",1,,false,1,29.90,29.90,false,1,
7290013268020,false,מקסימה מרכך כביסה מרוכז בניחוח אולטרא פרש סנו 1 ליטר,החברה הדרומית לשיווק בעמ,,,"י""ח",1,ליטר,false,1,17.90,17.90,false,1,
7290013268037,false,מקסימה מרכך כביסה מרוכז בניחוח לבנדר פצ'ולי סנו 1 ליטר,החברה הדרומית לשיווק בעמ,,,"י""ח",1,ליטר,false,1,17.90,17.90,false,1,
7290013268242,false,תרכיז ריחני לניקוי רצפות בריח מלון מפנק ריצפז פרש,החברה הדרומית לשיווק בעמ,,,"י""ח",1.45,ליטר,false,1,21.90,15.10,false,1,
7290013268440,false,אורביטול צמד מברשות שיניים בובספוג+פיגור,החברה הדרומית לשיווק בעמ,,,"י""ח",1,,false,1,15.90,15.90,false,1,
7290013268464,false,"קרמה קרם גוף מאסק 500 מ""ל",החב הדרומית לשיווק,,,"י""ח",500,"ל מ""ל",false,1,24.90,4.98,false,1,
7290013268884,false,"נוזל רצפות מאסק 2 ליטר ""ריצפז פרש""",החברה הדרומית לשיווק בעמ,,,"י""ח",2,ליטר,false,1,19.90,9.95,false,1,
7290013268891,false,אוקסיג'ן ג'ל ללא אקונומיקה עם חמצן פעיל סנו 3 ליטר,החברה הדרומית לשיווק בעמ,,,"י""ח",3,ליטר,false,1,29.90,9.97,false,1,
7290013268907,false,ג'ל כביסה ביו בטמפרטורות נמוכות,החברה הדרומית לשיווק בעמ,,,"י""ח",3,ליטר,false,1,29.60,9.87,false,1,
7290013268983,false,מרכך כביסה סופר מרוכז בבישום עוצמתי סנו מקסימה 1 ל',החברה הדרומית לשיווק בעמ,,,"י""ח",1,ליטר,false,1,17.90,17.90,false,1,
7290013268990,false,מרכך כביסה מרוכז לבן ביו סנו מקסימה 1 ליטר,החברה הדרומית לשיווק בעמ,,,"י""ח",1,ליטר,false,1,17.90,17.90,false,1,
7290013269003,false,מרכך כביסה סופר מרוכז בייבי לתינוקות ולעור רגיש,החברה הדרומית לשיווק בעמ,,,"י""ח",1,ליטר,false,1,19.90,19.90,false,1,
7290013269157,false,"מרכך מבשם למייבש כביסה לבנדר סנו מקסימה 750 מ""ל",החב הדרומית לשיווק,,,"י""ח",750,"ל מ""ל",false,1,17.90,2.39,true,1,
7290013269263,false,ג'ל כביסה מרוכז מקסימה בבישום קריסטל נואר,החברה הדרומית לשיווק בעמ,,,"י""ח",3,ליטר,false,1,29.60,9.87,false,1,
7290013269287,false,סנו - מקסימה ג'ל כביסה מרוכז מאסק 3 ליטר,החברה הדרומית לשיווק בעמ,,,"י""ח",3,ליטר,false,1,29.60,9.87,false,1,
7290013269621,false,ריצפז פרש לניקוי רצפות בניחוח מלון בוטיק,החברה הדרומית לשיווק בעמ,,,"י""ח",1.45,ליטר,false,1,21.90,15.10,false,1,
7290013269652,false,פוליויקס נוזל לניקוי רצפות גרניט פורצלן סנו 2 ליטר,החברה הדרומית לשיווק בעמ,,,"י""ח",2,ליטר,false,1,22.90,11.45,true,1,
7290013269669,false,ריצפז בניחוח פנטזיה לניקוי הרצפה,החברה הדרומית לשיווק בעמ,,,"י""ח",3,ליטר,false,1,12.90,4.30,false,1,
7290013269751,false,מטליות לחותריצפז פרש לניקוי ריצפה בניחות מלון בוטיק 10 יח' סנו,החברה הדרומית לשיווק בעמ,,,"י""ח",1,,false,1,12.90,12.90,false,1,
7290013269911,false,"סנו K-333 קוטל חרקים ללא ריח 750מ""ל",החברה הדרומית לשיווק בעמ,,,"י""ח",750,"ל מ""ל",false,1,29.90,3.99,false,1,
7290013284310,false,רוטב פסטה לילדים פריניר 240 גרם,ח.כהן סוכנות מזון ומשקאות בע,,,"י""ח",70,ל גרם,false,1,5.90,8.43,false,1,
7290013284662,false,רוטב פיצה פיתה לילדים 240 ג' פריניר,ח.כהן סוכנות מזון ומשקאות בע,,,"י""ח",70,ל גרם,false,1,5.90,8.43,false,1,
7290013302014,false,"אבקה להכנת שוקו 1 ק""ג טעמן",טעמן שווק מזון בעמ,,,"י""ח",1,"ק""ג",false,1,11.90,11.90,false,1,
7290013310101,false,"שיפודי במבוק ג'מבו 50 יח' עובי 5 מ""מ אורך 30 ס""מ",הדקלאים אגודת שיתופי,,,"י""ח",1,,false,1,5.30,5.30,false,1,
7290013310132,false,נובי כוס+מכסה נסיכות 3 יח,אינטרסן (1996) בעמ,,,"י""ח",3,"י""ח",false,1,30.90,10.30,true,1,
7290013310163,false,מדליק פחם מוצק LIGHT EASY 40 יחידות,הדקלאים אגודת שיתופי,,,"י""ח",40,"י""ח",false,1,6.50,0.16,false,1,
7290013310217,false,נובי כוס אימון מצוירת ללא נזילות,אינטרסן (1996) בעמ,,,"י""ח",3,"י""ח",false,1,27.20,9.07,false,1,
7290013310323,false,נובי קליפס עם מחזיק מוצץ,אינטרסן (1996) בעמ,,,"י""ח",1,"י""ח",false,1,19.90,19.90,false,1,
7290013310378,false,כפפות ניטריל S כחולות ללא אבקה 80 יח' EASY TOUCH,אינטרסן (1996) בעמ,,,"י""ח",80,"י""ח",false,1,24.90,0.31,true,1,
7290013310385,false,כפפות ניטריל M כחולות ללא אבקה 80 יח' EASY TOUCH,אינטרסן (1996) בעמ,,,"י""ח",80,"י""ח",false,1,24.90,0.31,true,1,
7290013310392,false,כפפות ניטריל L כחולות ללא אבקה 80 יח' EASY TOUCH,אינטרסן (1996) בעמ,,,"י""ח",80,"י""ח",false,1,24.90,0.31,true,1,
7290013310408,false,כפפות ניטריל XL כחולות ללא אבקה 80 יח' EASY TOUCH,אינטרסן (1996) בעמ,,,"י""ח",80,"י""ח",false,1,24.90,0.31,true,1,
7290013310507,false,מברשת עם פטנט לבקבוק ופיטמה טוליפס פרמיום,אינטרסן (1996) בעמ,,,"י""ח",1,,false,1,9.90,9.90,false,1,
7290013310712,false,כוס אימון עם מכסה מתהפך וידיות רכות טוליפס קידס,אינטרסן (1996) בעמ,,,"י""ח",1,"י""ח",false,1,16.90,16.90,true,1,
7290013310934,false,נובי צלחת האכלה מחולקת,אינטרסן (1996) בעמ,,,"י""ח",1,,false,1,19.90,19.90,false,1,
7290013358356,false,פירורי לחם מוזהבים מאסטר שף (320גרם),ש. שסטוביץ בע`מ,,,"י""ח",320,ל גרם,false,1,6.90,2.16,false,1,
7290013358363,false,מאסטר שף פרורי לחם פנקו עבים בסגנון יפני 300 גר,קריניציה ויטמינה אס,,,"י""ח",300,ל גרם,false,1,9.90,3.30,false,1,
7290013358417,false,מאסטר שף אסייאתי רוטב טריאקי 300 מל כשלפ,קריניציה ויטמינה אס,,,"י""ח",300,"ל מ""ל",false,1,9.90,3.30,false,1,
7290013358431,false,קרוטונים לסלט מאסטר שף בטעם עגבניות ובזיליקום 200 גרם,עינת תעשיות מזון אגו,,,"י""ח",200,ל גרם,false,1,11.90,5.95,true,1,
7290013358448,false,"קרוטונים לסלט אקסטרה ארוכים בתיבול שום, בצל ופטרוזיליה",עינת תעשיות מזון אגו,,,"י""ח",200,ל גרם,false,1,11.90,5.95,true,1,
7290013358462,false,"מיני קרוטונים למרק בתיבול שום, בצל ופטרוזיליה","עינת תעשיות מזון, אגשח ב",,,"י""ח",200,ל גרם,false,1,16.90,8.45,false,1,
7290013358493,false,מאסטר שף אסייאתי קרם קוקוס פחית 400 מל,תאי קוקונט פבליק קומפני,,,"י""ח",400,"ל מ""ל",false,1,9.90,2.48,false,1,
7290013358530,false,מאסטר שף אסייאתי רוטב צ'ילי מתוק 700 מל כשלפ,קריניציה ויטמינה אס,,,"י""ח",700,"ל מ""ל",false,1,11.90,1.70,false,1,
7290013358547,false,מאסטר שף אסייאתי רוטב צ'ילי חריף 700 מל כשלפ,קי.אר.אס. ספייסי פוד,,,"י""ח",700,"ל מ""ל",false,1,11.90,1.70,false,1,
7290013358578,false,מנה אסייאתי אטריות אורז רחבות 400 ג מ.שף,ליינג טונג רייספלוור,,,"י""ח",400,ל גרם,false,1,8.90,2.23,false,1,
7290013358806,false,מנה מאגדת פריכיות אורז עם מלח 264 גרם,ש. שסטוביץ בע`מ,,,"י""ח",264,ל גרם,false,1,10.90,4.13,true,1,
7290013358837,false,מנה מאגדת פריכיות אורז ללא מלח 264 גרם,ש. שסטוביץ בע`מ,,,"י""ח",264,ל גרם,false,1,10.90,4.13,true,1,
7290013412232,false,חיתולי נועם אקו רגולר L,שקד תבל בעמ,,,"י""ח",1,,false,1,43.90,43.90,false,1,
7290013412409,false,טופ פד סופגנית מקסי,שקד תבל בעמ,,,"י""ח",15,"י""ח",false,1,9.90,0.66,true,1,
7290013412966,false,רבעיית מגבונים תולי 72*4 יחידות,שקד תבל בעמ,,,"י""ח",4,"י""ח",false,1,12.90,3.23,true,1,
7290013430083,false,"בירה אלכסנדר בלונד בקבוק 330 מ""ל",מנדלז סי.אר. פרודקשן,,,"י""ח",330,"ל מ""ל",false,1,12.90,3.82,true,1,
7290013472199,false,ערמונים קלופים וקלויים 105 גרם,ג.וילי פוד אינטרנשיונל בעמ,,,"י""ח",100,ל גרם,false,1,6.90,6.90,true,1,
7290013531117,false,רוטב פסטה לילדים יכין (240 גר`),"זנלכל בע""\מ",,,"י""ח",240,ל גרם,false,1,6.50,2.71,false,1,
7290013531346,false,סירופ דיאט בטעם לימונענע יכין 1 ליטר,זנלכול יכין,,,"י""ח",1,ליטר,false,1,18.90,18.90,false,1,
7290013531490,false,שעועית לבנה אפויה יכין,זנלכול יכין,,,"י""ח",550,ל גרם,false,1,9.90,1.80,false,1,
7290013531629,false,רוטב לפסטה פומודורו 240 גרם יכין,היינץ צפון אמריקה מק,,,"י""ח",240,ל גרם,false,1,6.50,2.71,false,1,
7290013531759,false,שעועית לבנה מבושלת במים יכין (550 גרם),זנלכול יכין,,,"י""ח",600,ל גרם,false,1,9.90,1.65,false,1,
7290013534057,false,"צ'יפס בטטה טבעי מיה 100ג' 'כשל""פ",מיה תעשיות מזון מ.ת.מ. בעמ,,,"י""ח",100,ל גרם,false,1,9.90,9.90,true,1,
7290013579522,false,פילה טונה ללא עור פרוס 800 גר`סדרת המאה,בלדי בעמ,,,"י""ח",800,ל גרם,false,1,49.90,6.24,false,1,
7290013585233,false,"ספרייט זירו פחית סליק 330 מ""ל",החברה המרכזית להפצת משקאות בעמ,,,"י""ח",330,"ל מ""ל",false,1,4.50,1.27,true,1,
7290013585387,false,בקבוק זירו קוקה-קולה (1 ליטר),החברה המרכזית להפצת משקאות בעמ,,,"י""ח",1,ליטר,false,1,7.10,7.10,false,1,
7290013585394,false,בקבוק קוקה-קולה (1 ליטר),החברה המרכזית להפצת משקאות בעמ,,,"י""ח",1,ליטר,false,1,7.10,7.10,false,1,
7290013585967,false,מארז ספרייט זירו Fridge Pack פחית 6*33,החברה המרכזית להפצת משקאות בעמ,,,"י""ח",330,"ל מ""ל",false,1,23.90,6.70,false,1,
7290013608260,false,מיץ רימונים 100%מיץ סחוט טרי מצונן 1ליט,שטראוס גרופ בעמ/מצונן,,,"י""ח",1,ליטר,false,1,23.50,23.50,true,1,
7290013608864,false,פרימור משקה פירות הדר 1 ליטר בתוספת ויטמין C,שטראוס גרופ בעמ/מצונן,,,"י""ח",1,ליטר,false,1,15.90,15.90,true,1,
7290013625670,false,סינטטי חומצה אצטית מדוללת למזון 5%,טעמן שיווק מזון בעמ,,,"י""ח",1,ליטר,false,1,3.90,3.90,false,1,
7290013652799,false,נטורל קר קרם לחות לשיער רגיל/יבש- ורדים וחלב רימונים,פישר תעשיות פרמבצטיות בעמ,,,"י""ח",400,"ל מ""ל",false,1,23.90,5.98,true,1,
7290013652805,false,"נטורל קר קרם לחות לשיער יבש צבוע פגום, 400 מ""ל",פישר תעשיות פרמבצטיות בעמ,,,"י""ח",400,"ל מ""ל",false,1,23.90,5.98,true,1,
7290013675194,false,שניצל אמיתי ביתי ללא גלוטן מאמא עוף 700 גרם,תנובה מרכז שיתופי לשיווק תוצרת,,,"י""ח",700,ל גרם,false,1,39.90,5.70,false,1,
7290013675545,false,"שניצל כלי תחבורה ""מאמא עוף"" 700 גרם",תנובה גליל שותפות מוגבלת,,,"י""ח",650,ל גרם,false,1,39.90,6.14,false,1,
7290013677006,false,חומוס גדול באריזת וואקום Selected,מיה תעשיות מזון מ.ת.מ בעמ,,,"י""ח",500,ל גרם,false,1,13.50,2.70,false,1,
7290013677044,false,עדשים אדומים בוואקום מיה 500 גר',מיה תעשיות מזון מ.ת.מ בעמ,,,"י""ח",500,ל גרם,false,1,13.30,2.66,false,1,
7290013677051,false,פופקורן גרגרים בוואקום מיה 500 גר',מיה תעשיות מזון מ.ת.מ בעמ,,,"י""ח",500,ל גרם,false,1,9.90,1.98,false,1,
7290013677082,false,שעועית אדומה בוואקום מיה 500 גר',מיה תעשיות מזון מ.ת.מ בעמ,,,"י""ח",500,ל גרם,false,1,12.40,2.48,false,1,
7290013677099,false,גריסי פנינה בוואקום מיה 500 גר',מיה תעשיות מזון מ.ת.מ בעמ,,,"י""ח",500,ל גרם,false,1,10.80,2.16,false,1,
7290013677105,false,אפונה סלקטד מיה 500 גרם,מיה תעשיות מזון מ.ת.מ בעמ,,,"י""ח",500,ל גרם,false,1,7.90,1.58,false,1,
7290013677112,false,בורגול באריזת וואקום Selected,מיה תעשיות מזון מ.ת.מ בעמ,,,"י""ח",500,ל גרם,false,1,10.40,2.08,false,1,
7290013677228,false,תן צ'אפ כריות בטעם פלאפל 50גרם,מיה תעשיות מזון מ.ת.מ בעמ,,,"י""ח",60,ל גרם,false,1,3.70,6.17,false,1,
7290013677259,false,תבלין זעתר 50 גרם שקית,מיה תעשיות מזון מ.ת.מ בעמ,,,"י""ח",50,ל גרם,false,1,5.50,11,false,1,
7290013677273,false,תבלין גריל דג 80 גרם-שקית,מיה תעשיות מזון מ.ת.מ בעמ,,,"י""ח",80,ל גרם,false,1,5.50,6.88,false,1,
7290013677303,false,חוואיג' תימני בשקית מיה 50 גרם,מיה תעשיות מזון מ.ת.מ בעמ,,,"י""ח",50,ל גרם,false,1,5.50,11,false,1,
7290013677310,false,תבלין גרילבשר 80 גרם שקית,מיה תעשיות מזון מ.ת.מ בעמ,,,"י""ח",80,ל גרם,false,1,5.50,6.88,false,1,
7290013677334,false,תבלין על האש בשקית מיה 50 גרם,מיה תעשיות מזון מ.ת.מ בעמ,,,"י""ח",50,ל גרם,false,1,5.50,11,false,1,
7290013677419,false,תן צ'אפ טבעות בטעם שמנת בצל,מיה תעשיות מזון מ.ת.מ בעמ,,,"י""ח",60,ל גרם,false,1,3.70,6.17,false,1,
7290013677426,false,תן צ'אפ גלגלים צ'ילי 50גרם,מיה תעשיות מזון מ.ת.מ בעמ,,,"י""ח",60,ל גרם,false,1,3.70,6.17,false,1,
7290013677648,false,שמן זית למאור מיה 1 ליטר,מיה תעשיות מזון מ.ת.מ. בעמ,,,"י""ח",100,"ל מ""ל",false,1,18.90,18.90,false,1,
7290013677679,false,סודה לשתיה בשקית מיה 80 גרם,מיה תעשיות מזון מ.ת.מ. בעמ,,,"י""ח",80,ל גרם,false,1,4.70,5.88,false,1,
7290013677686,false,תבלין פפריקה מרוקאית 80 גרם בשקית,מיה תעשיות מזון מ.ת.מ בעמ,,,"י""ח",1,,false,1,5.30,5.30,false,1,
7290013677693,false,תבלין פלפל שחור גרוס שקית 50 גרם,מיה תעשיות מזון מ.ת.מ בעמ,,,"י""ח",1,,false,1,9.40,9.40,false,1,
7290013702036,false,שוופס וואטר אפרסק 500 מל,יפאורה שותפות מוגבלת לשיווק,,,"י""ח",500,"ל מ""ל",false,1,6.50,1.24,true,1,
7290013702050,false,"שוופס וואטר ענבים 500מ""ל",יפאורה שותפות מוגבלת לשיווק,,,"י""ח",500,"ל מ""ל",false,1,6.50,1.24,true,1,
7290013702388,false,"שוופס וואטר תפוח 500מ""ל",יפאורה שותפות מובגלת לשיווק,,,"י""ח",500,"ל מ""ל",false,1,6.50,1.24,true,1,
7290013702883,false,"שוופס מוגז פירות לימונדה ורודה 500 מ""ל",יפאורה - שותפות מוגבלת לשיווק,,,"י""ח",500,"ל מ""ל",false,1,6.50,1.24,true,1,
7290013713049,false,בירה ג`מס בקבוק 8.80% אלכוהול ( 330 מל),אגודת הכורמים -כרמל מזרחי,,,"י""ח",330,"ל מ""ל",false,1,12.90,3.82,true,1,
7290013713124,false,"בירה גמס קראפט אייל בהיר 330 מ""ל",אגודת הכורמים,,,"י""ח",330,"ל מ""ל",false,1,12.90,3.82,true,1,
7290013724946,false,שקדים בשוקולד מריר בקופסא 140 גרם,דין שיווק וקליה 2021 בעמ,,,"י""ח",140,ל גרם,false,1,12.90,9.21,false,1,
7290013724991,false,אגוזי לוז בציפוי שוקולד בקופסא שקדיה 140 גרם,דין שיווק וקליה 2021 בעמ,,,"י""ח",140,ל גרם,false,1,12.90,9.21,false,1,
7290013725691,false,רוטב סויה בסגנון יפני,דין שיווק וקליה 2021 בעמ,,,"י""ח",300,"ל מ""ל",false,1,7.90,2.63,false,1,
7290013725707,false,שמן שומשום סו שף 150,דין שיווק וקליה 2021 בעמ,,,"י""ח",150,"ל מ""ל",false,1,13.90,9.27,false,1,
7290013725769,false,נודלס עבה הכנה מהירה400ג,דין שיווק וקליה 2021 בעמ,,,"י""ח",400,ל גרם,false,1,5.90,1.48,false,1,
7290013843609,false,כפפות לטקס 100יח L עם אבקה,ח.כהן סוכנות מזון ומשקאות בע,,,"י""ח",100,"י""ח",false,1,19.90,0.20,false,1,
7290013847119,false,טונה סטארקיסט בשמן קנולה רביעיות בישול י,דיפלומט מפיצים (1968) בעמ**,,,"י""ח",560,ל גרם,false,1,26.90,4.80,true,1,
7290013847553,false,נתחי טונה בהירה במים דל נתרן - מארז רביעיה,דיפלומט מפיצים (1968) בעמ**,,,"י""ח",1,,false,1,26.90,26.90,true,1,
7290013847867,false,מארז זוגות טונה בשמן סויה 140 ג' סטארקיסט,דיפלומט מפיצים (1968) בעמ**,,,"י""ח",280,ל גרם,false,1,11.90,4.25,true,1,
7290013848581,false,סנו סושי מגבות נייר בגליל ענק.,החברה הדרומית לשיווק בעמ,,,"י""ח",1,"י""ח",false,1,12.90,12.90,false,1,
7290013848758,false,מקסימה גל כביסה מרוכז בייבי 3ליטר סנסטיב,החברה הדרומית לשיווק בעמ,,,"י""ח",3,ליטר,false,1,32.90,10.97,false,1,
7290013861740,false,ניוקי תפוחי אדמה סו שף 500 ג',דין שיווק וקליה 2021 בעמ,,,"י""ח",500,ל גרם,false,1,7.90,1.58,false,1,
7290013883148,false,סופג ריחות במקרר ווליט 40 גרם,יעקב יעקבי ובניו בעמ,,,"י""ח",300,"ל מ""ל",false,1,14,4.67,false,1,
7290013883407,false,"דזיטול מרסס לחיטוי כללי יעקבי 750 מ""ל",יעקב יעקבי ובניו בע`מ,,,"י""ח",1,ליטר,false,1,10.90,10.90,false,1,
7290013883414,false,"מרסס מסיר כתמי חלודה איירון אאוט 473 מ""ל",יעקב יעקבי ובניו בעמ,,,"י""ח",1,"י""ח",false,1,29.90,29.90,false,1,
7290013906052,false,נקניקיות פרגיות טירת צבי 300 גרם,תנובה מרכז שיתופי לשיווק תוצרת,,,"י""ח",300,ל גרם,false,1,15,5,false,1,
7290013906212,false,"נקנקיות וינר טירת 1 ק""ג טירת צבי",תנובה מרכז שיתופי לשיווק תוצרת,,,"י""ח",1.80,"ק""ג",false,1,27.90,15.50,false,1,
7290013906687,false,פסט' צמד כפרית ברביקיו ודבש 300X2ג' טירת צבי,תנובה מרכז שיתופי לשיווק תוצרת,,,"י""ח",600,ל גרם,false,1,29.90,4.98,false,1,
7290013906694,false,נקניקיות שקית קילו וחצי טירת צבי,תנובה מרכז שיתופי לשיווק תוצרת,,,"י""ח",1.50,"ק""ג",false,1,39.90,26.60,false,1,
7290013906700,false,"נקניקיות הודו טירת צבי כשרות הרב מחפוד 1.5 ק""ג",תנובה מרכז שיתופי לשיווק תוצרת,,,"י""ח",1.50,"ק""ג",false,1,29.90,19.93,false,1,
7290013906922,false,"נקניקיות הודו חריפות מחפוד טירת צבי 1 ק""ג",טיב טירת צבי 2000,,,"י""ח",1,"ק""ג",false,1,24.90,24.90,false,1,
7290013906984,false,סלמי תה טירת צבי מחפוד 300 גרם,טיב טירת צבי 2000,,,"י""ח",300,ל גרם,false,1,24.90,8.30,false,1,
7290013906991,false,סלמי מהדרין 400 גרם מחפוד טירת צבי,טיב טירת צבי 2000,,,"י""ח",300,ל גרם,false,1,14.90,4.97,false,1,
7290013927040,false,אחדות עוגיות ממולאות שוקולד במגש 600,אחדות בעמ,,,"י""ח",600,ל גרם,false,1,11.90,1.98,false,1,
7290013927101,false,אחווה עוגה תפוחים ללא תוספת סוכר 450גר,אחדות ביחר לטחינה חל,,,"י""ח",450,ל גרם,false,1,11.90,2.64,false,1,
7290013927156,false,אחוה בטעם פירות יער ללא תוספת סוכר 450 גרם.,אחדות ביחר לטחינה חל,,,"י""ח",450,ל גרם,false,1,11.90,2.64,false,1,
7290013927200,false,עוגיות שוקולד צ`יפס עשירה 400גרם אחוה,אחדות ביחר לטחינה חל,,,"י""ח",450,ל גרם,false,1,10.90,2.42,false,1,
7290013927323,false,אחדות עוגת בראוניס 400 גרם,אחדות ביחר לטחינה חל,,,"י""ח",450,ל גרם,false,1,10.90,2.42,false,1,
7290013927514,false,אחוה רוגעלך קינמון במגש 400 גר,אחדות ביחר לטחינה חל,,,"י""ח",400,ל גרם,false,1,13.90,3.48,false,1,
7290013927583,false,רוגעלך וניל עם שוקולד צ'יפס 400 גר' אחוה,אחדות ביחר לטחינה חל,,,"י""ח",400,ל גרם,false,1,13.90,3.48,false,1,
7290013927613,false,עוגיות רוגעלך שוקו וניל 400 גר' אחדות.,אחדות ביחר לטחינה חל,,,"י""ח",400,ל גרם,false,1,13.90,3.48,false,1,
7290013927637,false,חלוה ללא תוספת סוכר במגש 400 גר' אחוה,אחדות ביחר לטחינה חל,,,"י""ח",400,ל גרם,false,1,12.90,3.23,false,1,
7290013927804,false,"טחינה גולמית משומשום מלא אחוה 1 ק""ג",אחדות ביחר לטחינה חל,,,"י""ח",1,"ק""ג",false,1,21.90,21.90,false,1,
7290013927989,false,מאפין במילוי בטעם קרמל 50 גרם אחוה,אחדות ביחר לטחינה חל,,,"י""ח",400,ל גרם,false,1,1.50,0.38,true,1,
7290013927996,false,עוגת שמרים קרנץ בטעם שוקולד אחוה 400 גרם,אחדות ביחר לטחינה חל,,,"י""ח",400,ל גרם,false,1,10.90,2.73,false,1,
7290013971555,false,סוללות 12יח מעורב פוגיקום,פוגיקום בעמ,,,"י""ח",1,,false,1,19.90,19.90,true,1,
7290014002197,false,חליטת קמומיל ולימונית הגן הקסום ויסוצקי 25 יחידות,תה ויסוצקי (ישראל) בעמ,,,"י""ח",37.50,ל גרם,false,1,17.90,47.73,true,1,
7290014002203,false,חליטת לימונית ולואיזה הגן הקסום ויסוצקי 25 יחידות,תה ויסוצקי (ישראל) בעמ,,,"י""ח",37.50,ל גרם,false,1,17.90,47.73,true,1,
7290014002944,false,גן קסום חליטת פירות וצמחים חמדת שקד 25 שקיקים,תה ויסוצקי (ישראל) בעמ,,,"י""ח",1,,false,1,17.90,17.90,true,1,
7290014046016,false,פסטרמה של פעם דל שומן 2% רכיבים טבעיים,מעדני יחיעם ( 1993 ) בע`מ,,,"י""ח",250,ל גרם,false,1,28.40,11.36,false,1,
7290014046047,false,פסטרמת מעודנת ברביקיו 2יח*300גר,מעדני יחיעם ( 1993 ) בע`מ,,,"י""ח",600,ל גרם,false,1,24.90,4.15,false,1,
7290014046474,false,"נקניקיות עוף 1.5 ק""ג יחיעם",מעדני יחיעם ( 1993 ) בע`מ,,,"י""ח",1.50,"ק""ג",false,1,27.90,18.60,true,1,
7290014046580,false,פסטרמה מעודנת על גחלים יחיעם (300 גרם),מעדני יחיעם (1993) בעמ,,,"י""ח",300,ל גרם,false,1,19.90,6.63,false,1,
7290014046764,false,סלמי פפרוני יחיעם 200 גרם,מעדני יחיעם (1993) בעמ,,,"י""ח",200,ל גרם,false,1,12.90,6.45,false,1,
7290014059085,false,"משחת שיניים סנסודיין 75 מ""ל פרימיום לשיקום והגנה","סמית קליין ביצ'ם בע""",,,"י""ח",75,"ל מ""ל",false,1,25.90,34.53,true,1,
7290014059436,false,"משחת שיניים סנסודיין 75 מ""ל פרימיום לשיקום והגנה מלבינה 75 מ""ל","סמית קליין ביצ'ם בע""",,,"י""ח",75,"ל מ""ל",false,1,25.90,34.53,true,1,
7290014066533,false,לנדוור-קפסולות אספרסו קלייה כפולה(12) - 10יח'12X יח,ש.שסטוביץ בעמ,,,"י""ח",10,"י""ח",false,1,16.90,1.69,true,1,
7290014068353,false,לחם מחמצת,מאפיית הראשונים מ.ל. בעמ,,,"י""ח",1,"י""ח",false,1,18.90,18.90,false,1,
7290014069657,false,בגט רוסטיק,מאפיית הראשונים מ.ל. בעמ,,,"י""ח",1,"י""ח",false,1,8.50,8.50,true,1,
7290014070578,false,קוקה קולה,החברה המרכזית להפצת משקאות בע,,,"י""ח",1,"י""ח",false,1,7,7,false,1,
7290014070622,false,פאנטה,מאפיית הראשונים מ.ל. בעמ,,,"י""ח",1,"י""ח",false,1,7,7,false,1,
7290014072053,false,בצל ירוק י.ש ירקות עלים שארית ישראל,ביכורי השדה צפון 1994 ג.ד. בעמ,,,"י""ח",1,,false,1,17.90,17.90,false,1,
7290014079953,false,פטריות שימאגי חום,ביכורי השדה צפון 1994 ג.ד. בעמ,,,"י""ח",1,,false,1,11.90,11.90,false,1,
7290014083806,false,עוגיות בטעם חמאה 350 גרם בפח,ג. וילי-פוד אינטרנשיונל בע`מ,,,"י""ח",350,ל גרם,false,1,13.90,3.97,false,1,
7290014083813,false,וילי פוד מריגה שפרוטים מעושנים בשמן 190ג,ג. וילי-פוד אינטרנשיונל בע`מ,,,"י""ח",160,ל גרם,false,1,7.90,4.94,false,1,
7290014088603,false,מקל מתכת,מ.א.ייצור ויבוא מטליות בעמ,,,"י""ח",1,,false,1,5.90,5.90,false,1,
7290014090040,false,"אפונה קפואה עת רן 1.5 ק""ג",עת -רן (1996) בעמ,,,"י""ח",1.50,"ק""ג",false,1,21.90,14.60,false,1,
7290014090460,false,שעועית עדינה מאוד קפואה 600 ג',עת -רן (1996) בעמ,,,"י""ח",600,ל גרם,false,1,13.90,2.32,false,1,
7290014090514,false,אפונה עדינה מאוד עת רן 600 ג',עת -רן (1996) בעמ,,,"י""ח",600,ל גרם,false,1,13.90,2.32,false,1,
7290014090576,false,פולי סויה קפואות אדממה עת רן 450 גר',עת -רן (1996) בעמ,,,"י""ח",450,ל גרם,false,1,8.90,1.98,false,1,
7290014090644,false,"חומוס גרגרים יבש 1 ק""ג",עת -רן (1996) בעמ,,,"י""ח",1,"ק""ג",false,1,13.90,13.90,false,1,
7290014094383,false,משמש בקופסא ששון הקולה 250 גר`,דין שיווק וקליה 2021 בעמ,,,"י""ח",250,ל גרם,false,1,20.90,8.36,false,1,
7290014094406,false,צימוק לבן בקופסא ששון הקולה 330 גרם,דין שיווק וקליה 2021 בעמ,,,"י""ח",250,ל גרם,false,1,18.90,7.56,false,1,
7290014094567,false,"שמן זית כתית מעולה 750מ""ל אהרוני",דין שיווק וקליה 2021 בעמ,,,"י""ח",750,"ל מ""ל",false,1,31.90,4.25,false,1,
7290014094628,false,פקאן טבעי ששון הקולה (200 גרם),דין שיווק וקליה 2021 בעמ,,,"י""ח",200,ל גרם,false,1,27.90,13.95,false,1,
7290014094796,false,משמשים מיובשים בשקית ששון הקולה 300 גרם,דין שיווק וקליה 2021 בעמ,,,"י""ח",300,ל גרם,false,1,23.90,7.97,false,1,
7290014094826,false,שזיפים ללא גלעין בשקית ששון הקולה 300 גרם,דין שיווק וקליה 2021 בעמ,,,"י""ח",300,ל גרם,false,1,23.90,7.97,false,1,
7290014094840,false,צימוק חום בשקית ששון הקולה 300 גרם,דין שיווק וקליה 2021 בעמ,,,"י""ח",300,ל גרם,false,1,13.90,4.63,false,1,
7290014094857,false,פקאן סיני מסוכר 150 גרם ששון הקולה,דין שיווק וקליה 2021 בעמ,,,"י""ח",150,ל גרם,false,1,23.90,15.93,false,1,
7290014094895,false,אגוזים קלופים בשקית ששון הקולה 150 גרם,דין שיווק וקליה 2021 בעמ,,,"י""ח",150,ל גרם,false,1,13.90,9.27,false,1,
7290014094901,false,פקאן טבעי 150 גרם ששון הקולה,דין שיווק וקליה 2021 בעמ,,,"י""ח",150,ל גרם,false,1,23.90,15.93,false,1,
7290014095861,false,שיבולת שועל דקה בשקית שקדיה 500 גרם,דין שיווק וקליה 2021 בעמ,,,"י""ח",500,ל גרם,false,1,7.80,1.56,false,1,
7290014095960,false,שיבולת שועל עבה בשקית שקדיה 500 גרם,דין שיווק וקליה 2021 בעמ,,,"י""ח",500,ל גרם,false,1,5.90,1.18,false,1,
7290014204560,false,"פנינהרוזנבלום- סבון נוזלי לידיים שלישיה,3*500 מ""ל","פנינה רוזנבלום בע""מ",,,"י""ח",0.50,ליטר,false,1,14.90,29.80,true,1,
7290014204683,false,אלסבון 1 ליטר משאבה סגול פנינה רוזנבלום,פנינה רוזנבלום בעמ,,,"י""ח",1,ליטר,false,1,13.90,13.90,false,1,
7290014205000,false,צלחות גדולות 50 יחידות,ח.כהן סוכנות מזון ומשקאות בע,,,"י""ח",50,"י""ח",false,1,14.90,0.30,false,1,
7290014205024,false,"קעריות אובלי ח""פ לבן 25 יח!",ח.כהן סוכנות מזון ומשקאות בע,,,"י""ח",30,"י""ח",false,1,5.90,0.20,true,1,
7290014205031,false,"לפתניה לבן 25 יח ""שווה"" *",ח.כהן סוכנות מזון ומשקאות בע,,,"י""ח",25,"י""ח",false,1,4.90,0.20,true,1,
7290014205048,false,disposable plastic 17 cm soup plate 25,ח.כהן סוכנות מזון ומשקאות בע,,,"י""ח",2500,ל גרם,false,1,7.90,0.32,false,1,
7290014205055,false,"צלחת עמוקה""שווה""30יח לבן",ח.כהן סוכנות מזון ומשקאות בע,,,"י""ח",30,"י""ח",false,1,14.90,0.50,false,1,
7290014205062,false,"כוסות ח""פ פלסטיק 100""שווה"".",ח.כהן סוכנות מזון ומשקאות בע,,,"י""ח",100,"י""ח",false,1,8.90,0.09,false,1,
7290014205086,false,כוסות יין 50יח שווה,ח.כהן סוכנות מזון ומשקאות בע,,,,1,,false,1,4.90,4.90,false,1,
7290014205093,false,דבש 350ג שווה,ח.כהן סוכנות מזון ומשקאות בע,,,"י""ח",350,ל גרם,false,1,18.90,5.40,false,1,
7290014205130,false,צלחות גדול קרם / לבן/ בורדו/ זהב 25 יח,ח.כהן סוכנות מזון ומשקאות בע,,,"י""ח",2500,ל גרם,false,1,11.90,0.48,false,1,
7290014205147,false,"צלחת קטן צבעוני 25 יח ""שווה"" *",ח.כהן סוכנות מזון ומשקאות בע,,,"י""ח",25,"י""ח",false,1,6.90,0.28,false,1,
7290014205154,false,קעריות אובלי קרם /בורדו זהב 25 יח,ח.כהן סוכנות מזון ומשקאות בע,,,"י""ח",2500,ל גרם,false,1,5.90,0.24,false,1,
7290014205161,false,disposable plastic 12.5 cm compote plate,ח.כהן סוכנות מזון ומשקאות בע,,,"י""ח",2500,ל גרם,false,1,4.90,0.20,false,1,
7290014205178,false,"מרקיה צבעוני ""שווה"" 25יח",ח.כהן סוכנות מזון ומשקאות בע,,,"י""ח",2500,ל גרם,false,1,8.90,0.36,false,1,
7290014205185,false,"צלחת ענק צבעוני 25 יח ""שווה "" *",ח.כהן סוכנות מזון ומשקאות בע,,,"י""ח",25,"י""ח",false,1,18.90,0.76,false,1,
7290014205208,false,סכינים שקוףשווה צבעוני 50 יחידות יצרןמותג: חכהן,ח.כהן סוכנות מזון ומשקאות בע,,,"י""ח",50,"י""ח",false,1,9.90,0.20,false,1,
7290014205604,false,"פחם 2 ק""ג""שווה"" דרום אמריקאי משובח",ח.כהן סוכנות מזון ומשקאות בע,,,"י""ח",2,"ק""ג",false,1,26.90,13.45,false,1,
7290014205673,false,שמן סויה מזוכך 1 ליטר,ח.כהן סוכנויות מזון ומשקאות***,,,"י""ח",1,ליטר,false,1,9.90,9.90,false,1,
7290014205697,false,אננס חתוך 565 גר` A2 שווה * (24 בקרטו,ח.כהן סוכנות מזון ומשקאות בע,,,"י""ח",600,ל גרם,false,1,7.90,1.32,true,1,
7290014205741,false,"מפה גליל 25 מטר ""שווה""",ח.כהן סוכנות מזון ומשקאות בע,,,"י""ח",25,מטר,false,1,24.90,1,true,1,
7290014205758,false,מפת שולחן 1/6 עבה שווה,ח.כהן סוכנות מזון ומשקאות בע,,,"י""ח",6,"י""ח",false,1,11.90,1.98,false,1,
7290014205772,false,"מפות שולחן 8* עבה שקוף""שווה""",ח.כהן סוכנות מזון ומשקאות בע,,,"י""ח",1,,false,1,7.90,7.90,false,1,
7290014205796,false,"שקיות מזון זוג בקופסה 150*2 יח ""שווה""*",ח.כהן סוכנות מזון ומשקאות בע,,,"י""ח",750,"ל מ""ל",false,1,11.90,1.59,false,1,
7290014205802,false,שקיות הקפאה שווה 200יח זוג,ח.כהן סוכנות מזון ומשקאות בע,,,"י""ח",200,"י""ח",false,1,7.90,0.04,false,1,
7290014205819,false,"שקיות אפור ""75/90 שווה""20 יח`ממוחזר",ח.כהן סוכנות מזון ומשקאות בע,,,"י""ח",20,"י""ח",false,1,17.90,0.90,true,1,
7290014205840,false,"שקיות אשפה 52/65 עם שרון""שווה""",ח.כהן סוכנות מזון ומשקאות בע,,,"י""ח",20,"י""ח",false,1,6.90,0.35,false,1,
7290014205857,false,"שקיות אפור ""75/90 שווה""20 יח`ממוחזר.",ח.כהן סוכנות מזון ומשקאות בע,,,"י""ח",20,"י""ח",false,1,10.90,0.55,true,1,
7290014205864,false,"שקיות כתום 75/90 ""שווה"" 50יח",ח.כהן סוכנות מזון ומשקאות בע,,,"י""ח",50,"י""ח",false,1,11.90,0.24,false,1,
7290014206038,false,מאפינס נייר גדולים 20יח שווה,ח.כהן סוכנות מזון ומשקאות בע,,,"י""ח",12,"י""ח",false,1,7.90,0.66,false,1,
7290014206052,false,מאפינס נייר אלומיניום גדולים 12יח,ח.כהן סוכנות מזון ומשקאות בע,,,"י""ח",12,"י""ח",false,1,7.90,0.66,false,1,
7290014206182,false,תבניות מאפינס גדולים 40יח שווה,ח.כהן סוכנות מזון ומשקאות בע,,,"י""ח",40,"י""ח",false,1,7.90,0.20,false,1,
7290014206199,false,קשיות נייר 25יח שווה,ח.כהן סוכנות מזון ומשקאות בע,,,"י""ח",25,"י""ח",false,1,4.90,0.20,false,1,
7290014206250,false,מפיות נייר 1/80 מעוטרות שווה,ח.כהן סוכנות מזון ומשקאות בע,,,"י""ח",80,"י""ח",false,1,6.90,0.09,true,1,
7290014206410,false,מארז זוג חלונות 2 ל`משאבה+מילוי שווה*,ח.כהן סוכנות מזון ומשקאות בע,,,"י""ח",2,ליטר,false,1,8.90,4.45,false,1,
7290014206526,false,שקיות מזון מרשרש 150יח *3+מדבקות שווה,ח.כהן סוכנות מזון ומשקאות בע,,,"י""ח",1,,false,1,13.90,13.90,true,1,
7290014206533,false,מפת פלנל עם גומי הקפי שווה *,ח.כהן סוכנות מזון ומשקאות בע,,,"י""ח",5,"י""ח",false,1,19.90,3.98,false,1,
7290014206847,false,סרדינים שמן סויה 125גר שווה מרוקו,ח.כהן סוכנות מזון ומשקאות בע,,,"י""ח",125,ל גרם,false,1,4.90,3.92,false,1,
7290014206861,false,סרדינים בשמן זית 125גר שווה,ח.כהן סוכנות מזון ומשקאות בע,,,"י""ח",125,ל גרם,false,1,5.90,4.72,false,1,
7290014206878,false,סרדינים ברוטב עגבניות 125גר שווה מרוק,ח.כהן סוכנות מזון ומשקאות בע,,,"י""ח",125,ל גרם,false,1,5.90,4.72,false,1,
7290014206885,false,אנשובי ארוך בפח בשמן חמניות 77ג שווה,ח.כהן סוכנות מזון ומשקאות בע,,,"י""ח",77,ל גרם,false,1,6.90,8.96,false,1,
7290014206892,false,אנשובי צנצנת 100 ג` שמן חמניות שווה*,ח.כהן סוכנות מזון ומשקאות בע,,,"י""ח",100,ל גרם,false,1,12.90,12.90,false,1,
7290014206908,false,אננס שלם A2 שווה,ח.כהן סוכנות מזון ומשקאות בע,,,"י""ח",227,ל גרם,false,1,7.90,3.48,false,1,
7290014218321,false,בורקס אישי יפו גבינה מעדנות 600 גרם,תנובה מרכז שיתופי לשיווק תוצרת,,,"י""ח",600,ל גרם,false,1,17.90,2.98,false,1,
7290014218338,false,"בורקס אישי יפו תפו""א מעדנות 600 גרם",מיוצר עי קונדיטוריית,,,"י""ח",600,ל גרם,false,1,15.90,2.65,false,1,
7290014218932,false,חטיפי פיצה בתוספ זיתים בשקית מעדנות 710 גרם,מיוצר עי קונדיטוריית,,,"י""ח",710,ל גרם,false,1,33.90,4.77,false,1,
7290014256620,false,"יין מבעבע קריניאנו באזז יקבי כרמל 750 מ""ל",אגודת הכורמים -כרמל מזרחי,,,"י""ח",750,"ל מ""ל",false,1,27.90,3.68,true,1,
7290014256637,false,"יין מבעבע מוסקטו באזז יקבי כרמל 750 מ""ל",אגודת הכורמים -כרמל מזרחי,,,"י""ח",750,"ל מ""ל",false,1,27.90,3.68,true,1,
7290014258716,false,תרכובת מזון צמחי על בסיס חלבון סויה מגיל לידה,קבוצת אוסם סחר שותפות מוגבלת,,,"י""ח",700,ל גרם,false,1,61.90,8.84,true,1,
7290014265912,false,"יין יער יתיר 2019 750 מ""ל",אגודת הכורמים,,,"י""ח",750,"ל מ""ל",false,1,269.90,35.95,false,1,
7290014288058,false,"להבונים 50 שקית ""שווה""",ח.כהן סוכנות מזון ומשקאות בע,,,"י""ח",1,,false,1,10.90,10.90,true,1,
7290014288072,false,כריות יפניות רביעייה שווה,ח.כהן סוכנות מזון ומשקאות בע,,,"י""ח",1,"י""ח",false,1,6.90,6.90,false,1,
7290014288089,false,סרטי קירצוף זוגות שווה איכותי,ח.כהן סוכנות מזון ומשקאות בע,,,"י""ח",10,"י""ח",false,1,5.90,0.59,false,1,
7290014288096,false,מטליות מיקרופייבר 5* ניקוי כלל שווה,ח.כהן סוכנות מזון ומשקאות בע,,,"י""ח",3,"י""ח",false,1,9.90,3.30,false,1,
7290014288119,false,"ממרקות מתכת 4 יח ""שווה"" *",ח.כהן סוכנות מזון ומשקאות בע,,,"י""ח",1,,false,1,5.90,5.90,false,1,
7290014288195,false,מפת שולחן אל בד 1.8/1.1,ח.כהן סוכנות מזון ומשקאות בע,,,"י""ח",1.80,מטר,false,1,6.90,3.83,false,1,
7290014288218,false,מפת שולחן אלבד עם ראנר שווה,ח.כהן סוכנות מזון ומשקאות בע,,,,1,,false,1,8.90,8.90,true,1,
7290014288225,false,"טרופיות טרופיל 40 שווה בד""ץ",ח.כהן סוכנות מזון ומשקאות בע,,,"י""ח",1,,false,1,42.90,42.90,false,1,
7290014288232,false,טרופיל פקק 1/40,ח.כהן סוכנות מזון ומשקאות בע,,,"י""ח",40,"י""ח",false,1,54.90,1.37,false,1,
7290014288270,false,טרופיל 8* ללא צבע מאכל,ח.כהן סוכנות מזון ומשקאות בע,,,"י""ח",8,"י""ח",false,1,5.90,0.74,false,1,
7290014288300,false,עלי טורטייה שווה 8 יח' 320 גרם,ח.כהן סוכנות מזון ומשקאות בע,,,"י""ח",320,ל גרם,false,1,10.90,3.41,true,1,
7290014288317,false,עלי טורטייה שווה 6 יח' 420 גרם,ח.כהן סוכנות מזון ומשקאות בע,,,"י""ח",320,ל גרם,false,1,10.90,3.41,true,1,
7290014288324,false,עלי טורטייה מקמח מלא שווה 8 יח' 320 גרם,ח.כהן סוכנות מזון ומשקאות בע,,,"י""ח",320,ל גרם,false,1,10.90,3.41,true,1,
7290014288331,false,נודלס HOT CUP טעם עוף 60ג שווה*,ח.כהן סוכנות מזון ומשקאות בע,,,"י""ח",60,ל גרם,false,1,4.90,8.17,true,1,
7290014288348,false,נודלס טעם ירקות 60ג שווה,ח.כהן סוכנות מזון ומשקאות בע,,,"י""ח",60,ל גרם,false,1,4.90,8.17,true,1,
7290014288355,false,נודלס HOT CUP טעם בקר 60ג שווה*,ח.כהן סוכנות מזון ומשקאות בע,,,"י""ח",60,ל גרם,false,1,4.90,8.17,true,1,
7290014288393,false,"רוטב סויה 500מ""ל שווה",ח.כהן סוכנות מזון ומשקאות בע,,,"י""ח",700,"ל מ""ל",false,1,9.90,1.41,false,1,
7290014288409,false,"רוטב טריאקי 300מ""ל שווה",ח.כהן סוכנות מזון ומשקאות בע,,,"י""ח",500,"ל מ""ל",false,1,9.90,1.98,false,1,
7290014288416,false,"רוטב צילי חריף 700מ""ל שווה",ח.כהן סוכנות מזון ומשקאות בע,,,"י""ח",700,"ל מ""ל",false,1,11.90,1.70,false,1,
7290014288423,false,נר נשמה 48 שעות בזכוכית שווה,ח.כהן סוכנות מזון ומשקאות בע,,,"י""ח",1,,false,1,4.90,4.90,false,1,
7290014288430,false,"נר נשמה 72ש בזכוכית""שווה""",ח.כהן סוכנות מזון ומשקאות בע,,,"י""ח",1,,false,1,5.90,5.90,false,1,
7290014288447,false,"נרות חנוכה צבעוניים ""שווה"" * -ללא חזרו",ח.כהן סוכנות מזון ומשקאות בע,,,"י""ח",1,,false,1,3.90,3.90,false,1,
7290014288454,false,"נרות חנוכה מיוחדים מהודרים ""שווה"" *",ח.כהן סוכנות מזון ומשקאות בע,,,"י""ח",1,,false,1,5.90,5.90,false,1,
7290014288461,false,נר נשמה שווה 24 שעות,ח.כהן סוכנות מזון ומשקאות בע,,,"י""ח",1,,false,1,2.90,2.90,true,1,
7290014288584,false,נייר אפיה 50 יחידות איכותי שווה*,ח.כהן סוכנות מזון ומשקאות בע,,,"י""ח",50,"י""ח",false,1,9.90,0.20,true,1,
7290014288614,false,רדיד אלומיניום קצר כוכבים גבוה/עבה 16M,ח.כהן סוכנות מזון ומשקאות בע,,,,10,"י""ח",false,1,21.90,2.19,false,1,
7290014288621,false,רדיד אלומיניום כוכבים ארוך 30/45 שווה*,ח.כהן סוכנות מזון ומשקאות בע,,,,10,"י""ח",false,1,26.90,2.69,false,1,
7290014288645,false,מגבונים מגבופיל 72יח שווה,ח.כהן סוכנות מזון ומשקאות בע,,,"י""ח",72,"י""ח",false,1,18.90,0.26,true,1,
7290014288669,false,ניילון נצמד חיתוך קל שווה 60 מטר,ח.כהן סוכנות מזון ומשקאות בע,,,,10,"י""ח",false,1,14.90,1.49,false,1,
7290014288720,false,כוסות וודקה 350CC שווה,ח.כהן סוכנות מזון ומשקאות בע,,,,10,"י""ח",false,1,9.90,0.99,false,1,
7290014288737,false,"כוסות חד פעמי מעוטרות 40יח 285מ""ל שווה",ח.כהן סוכנות מזון ומשקאות בע,,,"י""ח",40,"י""ח",false,1,12.90,0.32,false,1,
7290014288744,false,"נר נשמה שבועי בזכוכית""שווה""",ח.כהן סוכנות מזון ומשקאות בע,,,"י""ח",1,,false,1,9.90,9.90,false,1,
7290014288843,false,נרות שבת מספרים שווה,ח.כהן סוכנות מזון ומשקאות בע,,,"י""ח",1,,false,1,3.90,3.90,false,1,
7290014288980,false,נייר טישו חמישיה (10 יח בקרטון) שווה*,ח.כהן סוכנות מזון ומשקאות בע,,,"י""ח",5,"י""ח",false,1,11.90,2.38,false,1,
7290014325036,false,סוכריות ג'לי עטופות שמחות מיה 600 גרם,מיה תעשיות מזון מ.ת.מ. בעמ,,,"י""ח",750,ל גרם,false,1,19.90,2.65,true,1,
7290014325081,false,מארז תן צ'אפ כריות פלאפל חדש 12גרם,מיה תעשיות מזון מ.ת.מ בעמ,,,"י""ח",250,ל גרם,false,1,9.90,3.96,false,1,
7290014325265,false,תן צ'אפ חטיף טבעות בטעם שמנת בצל מארז 15X8ג',מיה תעשיות מזון מ.ת.מ בעמ,,,"י""ח",250,ל גרם,false,1,9.90,3.96,false,1,
7290014325531,false,"חמאת בוטנים 500ג מיה כשל""פ בד""צ",מיה תעשיות מזון מ.ת.מ בעמ,,,"י""ח",500,ל גרם,false,1,12.90,2.58,false,1,
7290014356061,false,"פסטה ספגטי 500 ג""שדות"" * (20 בקר`)",האחים אגא (א.מ)שיווק בעמ,,,"י""ח",500,ל גרם,false,1,4.90,0.98,true,1,
7290014356078,false,"פסטה פנה 500 ג""שדות"" * (20 בקר`)",האחים אגא (א.מ)שיווק בעמ,,,"י""ח",500,ל גרם,false,1,4.90,0.98,true,1,
7290014356085,false,"פסטה מסולסלת 500 ג""שדות"" (20 בקרטון)",האחים אגא (א.מ)שיווק בעמ,,,"י""ח",500,ל גרם,false,1,4.90,0.98,true,1,
7290014356092,false,פסטה תלתלים שדות 500 ג',אחים אגא (א.מ.) שיווק,,,"י""ח",500,ל גרם,false,1,4.90,0.98,true,1,
7290014356108,false,פסטה קרניים שדות 500 גר',האחים אגא (א.מ)שיווק בעמ,,,"י""ח",500,ל גרם,false,1,4.90,0.98,true,1,
7290014356450,false,"פסטה צדפים 500 גר' ""שדות",אחים אגא (א.מ.) שיווק,,,"י""ח",500,ל גרם,false,1,4.90,0.98,true,1,
7290014356535,false,"פסטה פרפרים 500 ג""שדות"" (20 בקרטון)",האחים אגא (א.מ)שיווק בעמ,,,"י""ח",500,ל גרם,false,1,4.90,0.98,true,1,
7290014356801,false,גרעיני תירס מתוק 340גר שדות בוואקום,אחים אגא (א.מ.) שיווק,,,"י""ח",340,ל גרם,false,1,5.60,1.65,false,1,
7290014356818,false,"סוכר לבן שדות 1ק""ג.",אחים אגא (א.מ.) שיווק,,,"י""ח",1,"ק""ג",false,1,4.30,4.30,false,1,
7290014356863,false,פטריות חתוכות 400 גרם שדות,אחים אגא (א.מ.) שיווק,,,"י""ח",400,ל גרם,false,1,5.90,1.48,false,1,
7290014356887,false,פטריות שלמות 400 גרם שדות,אחים אגא (א.מ.) שיווק,,,"י""ח",400,ל גרם,false,1,7.90,1.98,false,1,
7290014356931,false,"קוסקוס דק 350 גרם ""שדות""",אחים אגא (א.מ.) שיווק,,,"י""ח",500,ל גרם,false,1,4.50,0.90,true,1,
7290014356948,false,קוסקוס בינוני שדות 350 ג',אחים אגא (א.מ.) שיווק,,,"י""ח",500,ל גרם,false,1,4.50,0.90,true,1,
7290014356962,false,פתיתים בצורת קוסקוס 500ג אגא,אחים אגא (א.מ.) שיווק,,,"י""ח",500,ל גרם,false,1,4.50,0.90,true,1,
7290014356979,false,פתיתים בצורת אורז 500ג אגא,אחים אגא (א.מ.) שיווק,,,"י""ח",500,ל גרם,false,1,4.50,0.90,true,1,
7290014397156,false,"קרם גוף קרמה פרח וניל 500 מ""ל",החב הדרומית לשיווק,,,"י""ח",500,"ל מ""ל",false,1,24.90,4.98,false,1,
7290014397286,false,מרכך כביסה מרוכז חלב ודבש סנו מקסימה 1 ליטר,החברה הדרומית לשיווק בעמ,,,"י""ח",1,ליטר,false,1,17.90,17.90,false,1,
7290014397507,false,מבשם אויר סנו פרש הום בניחוח מאסק מעודן 350 מ''ל,מיוצר עי קונדיטוריית,,,"י""ח",350,"ל מ""ל",false,1,11.90,3.40,false,1,
7290014397514,false,"מבשם אויר סנו פרש הום בניחוח כותנה מלטפת 350 מ""ל",החברה הדרומית לשיווק בעמ,,,"י""ח",350,"ל מ""ל",false,1,11.90,3.40,false,1,
7290014397675,false,מקסימה מרכך כביסה חלב ודבש סנו 4 ליטר,החברה הדרומית לשיווק בעמ,,,"י""ח",4,ליטר,false,1,21.90,5.48,false,1,
7290014397767,false,סנו ריצפז פרש הום 2 ליטר בניחוח כותנה-מרכז,החברה הדרומית לשיווק בעמ,,,"י""ח",1.45,ליטר,false,1,21.90,15.10,false,1,
7290014397835,false,סנו - מט דוחה יתושים נוזלי מכשיר + מילוי 45 לילות,החברה הדרומית לשיווק בעמ,,,"י""ח",1,,false,1,44.90,44.90,false,1,
7290014397873,false,מרכך כביסה בבישום עוצמתי ג'נטל בריז,החברה הדרומית לשיווק בעמ,,,"י""ח",4,ליטר,false,1,21.90,5.48,false,1,
7290014426061,false,משחת שיניים הלו קיטי בטעם ענבים לגיל 2-6,גורי ע.ע.ע. בע`מ,,,"י""ח",50,ל גרם,false,1,13.80,27.60,false,1,
7290014435704,false,סלמון מעושן פרוס 100ג(שמיר),שבעת הימים - שמיר,,,"י""ח",100,ל גרם,false,1,21.90,21.90,false,1,
7290014435803,false,מטיאס הולנדי (פרובנציאל) עם בצל בשמן 180 גרם,שבעת הימים - שמיר,,,"י""ח",180,ל גרם,false,1,19.90,11.06,false,1,
7290014435810,false,נתחי הרינג כבוש עם בצל במרינת חמוץ מתוק שמיר 220 גרם,"סלטי שמיר 2006 בע""מ",,,"י""ח",180,ל גרם,false,1,19.90,11.06,false,1,
7290014435834,false,מקרל מעושן פרוס בשמן שמיר 180 גרם,"סלטי שמיר 2006 בע""מ",,,"י""ח",180,ל גרם,false,1,26.90,14.94,false,1,
7290014435841,false,פילה הרינג עם בצל בשמן מטיאס הולנדי שמיר 200 גרם,סלטי שמיר 2006 בעמ,,,"י""ח",180,ל גרם,false,1,19.90,11.06,false,1,
7290014455252,false,גבינת גרנה פדנו מגורדת 29% גד (100 גרם),מחלבות גד שיווק 1992 בעמ,,,"י""ח",100,ל גרם,false,1,12.90,12.90,false,1,
7290014459373,false,"צ'יפס קראנצ'י לתנור קפוא תפוגן 1.5ק""ג",קבוצת אוסם סחר שותפות מוגבלת,,,"י""ח",1.50,"ק""ג",false,1,25.90,17.27,false,1,
7290014459632,false,"צ'יפס טוגן תפוגן 1.5 ק""ג",קבוצת אוסם סחר שותפות מוגבלת,,,"י""ח",1.50,"ק""ג",false,1,17.90,11.93,false,1,
7290014466128,false,"יין הר חרמון אינדיגו 750 מ""ל",מיוצר וממולא על ידי יקב,,,"י""ח",750,"ל מ""ל",false,1,33.90,4.48,true,1,
7290014466463,false,הר חרמון מוסקט יקב רמת הגולן (750 מל),היכל היין שקד גולן בעמ,,,"י""ח",750,"ל מ""ל",false,1,36.90,4.88,true,1,
7290014466609,false,יין גמלא מרלו עברית 2018*,היכל היין שקד גולן בעמ,,,"י""ח",1,,false,1,64.90,64.90,true,1,
7290014471412,false,"מוזלי בוטנים אגוזים ושקדים 1 ק""ג - 412 ירוק שקדיה",דין שיווק וקליה 2021 בעמ,,,"י""ח",0,"ק""ג",false,1,19.90,19.90,true,1,
7290014472136,false,גרעין שחור קלוי ששון הקולה (150 גרם),דין שיווק וקליה 2021 בעמ,,,"י""ח",150,ל גרם,false,1,6.90,4.60,false,1,
7290014472235,false,פקאן סיני מסוכר ששון הקולה (200 גרם),דין שיווק וקליה 2021 בעמ,,,"י""ח",250,ל גרם,false,1,27.90,11.16,false,1,
7290014472426,false,קונפיטורה דובדבן חמוץ 450 ג' שקדיה,דין שיווק וקליה 2021 בעמ,,,"י""ח",450,ל גרם,false,1,13.90,3.09,false,1,
7290014472433,false,קונפיטורה תות שדה 70% פרי 450 גרם,דין שיווק וקליה 2021 בעמ,,,"י""ח",450,ל גרם,false,1,13.90,3.09,false,1,
7290014472464,false,קונפיטורה משמש 70% פרי 450 גרם,דין שיווק וקליה 2021 בעמ,,,"י""ח",450,ל גרם,false,1,13.90,3.09,false,1,
7290014472471,false,גרעיני חמנייה קלוי ענק ששון הקולה 200 גרם,דין שיווק וקליה 2021 בעמ,,,"י""ח",200,ל גרם,false,1,8.90,4.45,false,1,
7290014501232,false,יין בר הרי גליל לבן 750 מל,היכל היין שקד גולן בעמ,,,"י""ח",750,"ל מ""ל",false,1,38.90,5.15,true,1,
7290014503137,false,יין אדום יבש יובלים יקב דלתון (750 מל),הכרם - משקאות חריפים בעמ,,,"י""ח",750,"ל מ""ל",false,1,44.90,5.95,true,1,
7290014503144,false,יין לבן יובלים יקב דלתון (750 מל),הכרם - משקאות חריפים בעמ,,,"י""ח",750,"ל מ""ל",false,1,35.20,4.65,true,1,
7290014525290,false,חטיפי סלים דליס קריספי תות מרבה 125 גרם,סלים דליס Slim Delis,,,"י""ח",120,ל גרם,false,1,12.90,10.75,true,1,
7290014525306,false,חטיפי סלים דליס קריספי אוכמניות מרבה 125 גרם,סלים דליס Slim Delis,,,"י""ח",120,ל גרם,false,1,12.90,10.75,true,1,
7290014525313,false,חטיפי סלים דליס קריספי שוקולד מרבה 125 גרם,סלים דליס Slim Delis,,,"י""ח",120,ל גרם,false,1,12.90,10.75,true,1,
7290014547322,false,סנסודין זוג מברשות שיניים שיקום כחול+תכל,גורי ע.ע.ע. בעמ,,,"י""ח",75,"ל מ""ל",false,1,29.90,39.87,true,1,
7290014562585,false,בטר אנד דיפרנט דייסה טעם וניל 200 גר,בטר אנד דיפרנט B&D,,,"י""ח",200,ל גרם,false,1,12.90,6.45,false,1,
7290014562608,false,תרכיז דובדבנים 250ג 100% טבעי,בטר אנד דיפרנט בעמ,,,"י""ח",250,"ל מ""ל",false,1,27.20,10.76,false,1,
7290014562677,false,תרכיז תפוח דובדבן 650 מ``ל,בטר אנד דיפרנט בעמ,,,"י""ח",650,"ל מ""ל",false,1,29.90,4.60,false,1,
7290014562721,false,"שמן שומשום 250 מ""ל",בטר אנד דיפרנט בעמ,,,"י""ח",250,"ל מ""ל",false,1,22.90,9.16,false,1,
7290014562783,false,"תרכיז רימונים 250מ""ל ללא סוכר",בטר אנד דיפרנט בעמ,,,"י""ח",250,"ל מ""ל",false,1,30.90,12.36,false,1,
7290014562998,false,דייסת דגנים ללא חמשת מיני דגן 200ג,בטר אנד דיפרנט בעמ,,,"י""ח",200,ל גרם,false,1,12.90,6.45,false,1,
7290014673007,false,תערובת עשבי תיבול בסגנון ים תיכוני מימון 40 גרם,א.ל ייצור ושיווק תבלינים בעמ,,,"י""ח",40,ל גרם,false,1,11.50,28.75,true,1,
7290014673014,false,פלפל אנגלי שלם תבליני מימון (90 גרם),א.ל.ייצור ושיווק תבלינים בעמ,,,"י""ח",50,ל גרם,false,1,12.90,25.80,false,1,
7290014673021,false,פלפל שחור שלם תבליני מימון (100 גרם),א.ל.ייצור ושיווק תבלינים בעמ,,,"י""ח",100,ל גרם,false,1,14.50,14.50,false,1,
7290014673038,false,תערובת תיבול טוסקנה מימון 120 גרם,א.ל. ייצור ושיווק תבלינים בע`מ,,,"י""ח",120,ל גרם,false,1,11.50,9.58,true,1,
7290014673045,false,תערובת תיבול לצ'יפס מימון 100 גרם,א.ל. ייצור ושיווק תבלינים בע`מ,,,"י""ח",100,ל גרם,false,1,11.50,11.50,true,1,
7290014673052,false,תערובת תיבול לתפוחי אדמה מימון 120 גרם,א.ל. ייצור ושיווק תבלינים בע`מ,,,"י""ח",120,ל גרם,false,1,11.50,9.58,true,1,
7290014673106,false,פפריקה אדומה גרוסה בשמן מימון 400 גרם,א.ל ייצור ושיווק תבלינים בעמ,,,"י""ח",400,ל גרם,false,1,22.90,5.73,false,1,
7290014673137,false,תערובת תיבול לפיצה מימון 100 גרם,א.ל.יצור ושיווקתבלינים בעמ,,,"י""ח",100,ל גרם,false,1,11.50,11.50,true,1,
7290014673359,false,מלח לימון תבליני מימון (400 גרם),א.ל. ייצור ושיווק תבלינים בע`מ,,,"י""ח",400,ל גרם,false,1,21.90,5.48,false,1,
7290014673366,false,כורכום טחון תבליני מימון (250 גרם),א.ל. ייצור ושיווק תבלינים בע`מ,,,"י""ח",250,ל גרם,false,1,21.90,8.76,false,1,
7290014673380,false,כמון טחון תבליני מימון 250 גרם,א.ל. ייצור ושיווק תבלינים בע`מ,,,"י""ח",250,ל גרם,false,1,21.90,8.76,false,1,
7290014673397,false,תיבול לגריל עוף תבליני מימון 250 גרם,א.ל. ייצור ושיווק תבלינים בע`מ,,,"י""ח",250,ל גרם,false,1,21.90,8.76,false,1,
7290014673403,false,פלפל שחור טחון תבליני מימון (250 גרם),א.ל. ייצור ושיווק תבלינים בע`מ,,,"י""ח",250,ל גרם,false,1,27.90,11.16,false,1,
7290014673410,false,פלפל שחור גרוס דק תבליני מימון 250 גרם,א.ל. ייצור ושיווק תבלינים בע`מ,,,"י""ח",250,ל גרם,false,1,27.90,11.16,false,1,
7290014673434,false,פלפל שחור גרוס דק שקית תבליני מימון 80גרם,א.ל.ייצור ושיווק תבלינים בעמ,,,"י""ח",80,ל גרם,false,1,8.90,11.13,false,1,
7290014673618,false,תבלינים זנגביל בצנצנת 30 גרם,א.ל.ייצור ושיווק תבלינים בעמ,,,"י""ח",40,ל גרם,false,1,11.50,28.75,false,1,
7290014674004,false,קריספ פירורי לחם שומשום ומלח ים 300 גרם מיימונס,א.ל ייצור ושיווק תבלינים בעמ,,,"י""ח",300,ל גרם,false,1,7.90,2.63,true,1,
7290014692305,false,גבינת קממבר EURO CHEESE ויליפוד 125 גרם,ג.וילי-פוד אינטרנשיונל **גבינו,,,"י""ח",125,ל גרם,false,1,15.90,12.72,false,1,
7290014692541,false,פתיתים מגורדת וילי פוד (500 גרם)GOLDEN,ג.וילי-פוד אינטרנשיונל **גבינו,,,"י""ח",500,ל גרם,false,1,19.90,3.98,false,1,
7290014692565,false,גרעיני תירס מתוק וילי פוד (320 גרם),ג.וילי-פוד אינטרנשיונל בעמ,,,"י""ח",320,ל גרם,false,1,5.90,1.84,true,1,
7290014692749,false,"שמן זית כתית מעולה ויליפוד 750 מ""ל",ג. וילי-פוד אינטרנשיונל בע`מ,,,"י""ח",750,"ל מ""ל",false,1,32.90,4.39,false,1,
7290014725294,false,סוכרזית סוכרלוז סטיוויה 100 שקית,"שטראוס גרופ בע""מ",,,"י""ח",100,"י""ח",false,1,21.90,0.22,true,1,
7290014725348,false,ממתיק דל קלוריות קלאסי סוכרזית) (100,שטראוס גרופ בע`מ,,,"י""ח",100,"י""ח",false,1,14.90,0.15,true,1,
7290014731066,false,כוסות נייר גודל 10 שווה,ח.כהן סוכנות מזון ומשקאות בע,,,,10,"י""ח",false,1,11.90,1.19,false,1,
7290014731165,false,"מזלגות ח""פ 100יח לבן שווה",ח.כהן סוכנות מזון ומשקאות בע,,,"י""ח",1,,false,1,8.90,8.90,false,1,
7290014731172,false,"כפות ח""פ 100יח לבן שווה",ח.כהן סוכנות מזון ומשקאות בע,,,"י""ח",1,,false,1,8.90,8.90,false,1,
7290014746145,false,שניצל מקצועי שומשום,בלדי בעמ,,,"י""ח",1,,false,1,29.90,29.90,false,1,
7290014747333,false,שניצל עוף דקענק כשר לפסח,קבוצת אוסם סחר-שות.מוגבלת,,,"י""ח",700,ל גרם,false,1,39.90,5.70,true,1,
7290014749245,false,ספיישל רצועות שניצל שומשום עוף טוב 600 גרם,קבוצת אוסם סחר שותפות מוגבלת,,,"י""ח",700,ל גרם,false,1,39.90,5.70,true,1,
7290014749764,false,עוף טוב שניצל עוף ביתי עדין כזה 700 גרם,קבוצת אוסם סחר שותפות מוגבלת,,,"י""ח",700,ל גרם,false,1,33.90,4.84,true,1,
7290014749801,false,צונגו רצועות שניצל חריף מתוק 600 גר` עוף,קבוצת אוסם סחר-שות.מוגבלת,,,"י""ח",700,ל גרם,false,1,39.90,5.70,true,1,
7290014749887,false,שניצל דק ענק קריספי קלאסי עוף טוב 720 גרם,קבוצת אוסם סחר שותפות מוגבלת,,,"י""ח",720,ל גרם,false,1,44.90,6.24,true,1,
7290014758100,false,מאגדת יוגורט ביו 3% שומן 8 יח' *150ג' תנובה,מיוצר עי קונדיטוריית,,,"י""ח",1.20,ליטר,false,1,17.40,14.50,true,1,
7290014758117,false,מאגדת יוגורט ביו 1.5% שומן 8 יח' *150 ג' תנובה,מיוצר עי קונדיטוריית,,,"י""ח",1.20,ליטר,false,1,17.40,14.50,true,1,
7290014758131,false,יוגורט תנובה 1.5% 150 מל,"תנובה בע""מ ***",,,"י""ח",200,ל גרם,false,1,2.40,1.20,false,1,
7290014758681,false,גבינת קוטג`1% בגביע תנובה (250 גרם),מיוצר עי קונדיטוריית,,,"י""ח",275,ל גרם,false,1,5.90,2.15,false,1,
7290014759084,false,גבינת שמנת נפוליאון 16% מופחת שומן תנובה 225 גרם,תנובה מרכז שיתופי לש,,,"י""ח",225,ל גרם,false,1,14.10,6.27,false,1,
7290014759909,false,פטה עיזים 5% 250 גר`גביע פיראוס תנובה,"תנובה, מחלבת טנא נוג",,,"י""ח",250,ל גרם,false,1,29.90,11.96,false,1,
7290014760134,false,"מעדן סויה בטעם וניל תנובה 125 מ""ל",תנובה Alternative,,,"י""ח",125,"ל מ""ל",false,1,4.20,3.36,false,1,
7290014760141,false,משקה שקדים טרי תנובה (1 ליטר),"תנובה בע""מ ***",,,"י""ח",1,ליטר,false,1,13.90,13.90,true,1,
7290014761018,false,גיל בטעם וניל תנובה 125 גרם,תנובה מרכז שיתופי לש,,,"י""ח",125,"ל מ""ל",false,1,1.50,1.20,false,1,
7290014761056,false,מעדן שוקולד חלב יולו תנובה 123 גרם,מיוצר עי קונדיטוריית,,,"י""ח",123,"ל מ""ל",false,1,4.70,3.82,false,1,
7290014761063,false,מעדן שוקולד מריר יולו תנובה 123 גרם,מיוצר עי קונדיטוריית,,,"י""ח",123,"ל מ""ל",false,1,4.70,3.82,false,1,
7290014761070,false,מעדן שוקולד לבן יולו תנובה 123 גרם,מיוצר עי קונדיטוריית,,,"י""ח",123,"ל מ""ל",false,1,4.70,3.82,false,1,
7290014761193,false,יוגורט עם פירות יער 1.5% שומן 125 ג' פרילי,תנובה מרכז שיתופי לש,,,"י""ח",125,"ל מ""ל",false,1,3.50,2.80,false,1,
7290014761254,false,"שמיניית יוגורט ביו 3% תנובה 150 גרם בד""ץ",תנובה מרכז שיתופי לש,,,"י""ח",1.20,ליטר,false,1,16.90,14.08,true,1,
7290014761414,false,יולו מעדן שכבות שוקולד חלב ולבן 123 גר,מיוצר עי קונדיטוריית,,,"י""ח",123,"ל מ""ל",false,1,4.70,3.82,false,1,
7290014761612,false,מעדן שכבות שוקולד מריר ולבן יולו 122 גרם,מיוצר עי קונדיטוריית,,,"י""ח",123,"ל מ""ל",false,1,4.50,3.66,false,1,
7290014761698,false,"גבינת עמק 28% סמי חצי קשה 600 גרם בד""ץ",תנובה מרכז שיתופי לש,,,"י""ח",600,ל גרם,false,1,30.90,5.15,false,1,
7290014762800,false,מעדן סויה שוקולד גביע 125 גרם אלטרנטיב,תנובה מרכז שיתופי לש,,,"י""ח",125,"ל מ""ל",false,1,4.20,3.36,false,1,
7290014762831,false,גבינת שמנת נפוליאון 16% עם פלפל חלפיניו תנובה 225 גרם,תנובה מרכז שיתופי לש,,,"י""ח",225,ל גרם,false,1,14.10,6.27,false,1,
7290014763272,false,יוגורט סויה BIO לשתיה תות ובננה אלטרנטיב,תות תעשיות מזון (201,,,"י""ח",0.25,ליטר,false,1,5.60,22.40,false,1,
7290014763418,false,"כד יוגרט תנובה 4% שומן 1.5 ליטר, מהדרין",תנובה מרכז שיתופי לש,,,"י""ח",1,ליטר,false,1,16.90,16.90,false,1,
7290014789913,false,עוגיות אוראו קרם בטעם וניל מארז 176 גרם,דיפלומט מפיצים (1968) בעמ**,,,"י""ח",352,ל גרם,false,1,22.90,6.51,true,1,
7290014791091,false,"שוופס מוגז פירות לימונייד 500 מ""ל",יפאורה - שותפות מוגבלת לשיווק,,,"י""ח",500,"ל מ""ל",false,1,6.50,1.24,true,1,
7290014791336,false,מי מינרלים בודד ליטר,יפאורה שותפות מוגבלת לשיווק,,,"י""ח",500,"ל מ""ל",false,1,4.20,0.78,false,1,
7290014791626,false,"שוופס סודה נענע ליים 250 מ""ל זכוכית",יפאורה שותפות מוגבלת לשיווק,,,"י""ח",250,"ל מ""ל",false,1,3.50,1.28,true,1,
7290014791725,false,"שוופס מוגז פירות תפוחים 500 מ""ל",יפאורה - שותפות מוגבלת לשיווק,,,"י""ח",500,"ל מ""ל",false,1,6.50,1.24,true,1,
7290014855434,false,מגבונים בייביסיטר פרפורמנס מבושם רביעיה,בייביסיטר Babysitter,,,"י""ח",1,,false,1,15.90,15.90,true,1,
7290014855458,false,מגבוני בייביסיטר פרפורמנס ללא בישום מארז 72X4יח',בייביסיטר Babysitter,,,"י""ח",1,,false,1,15.90,15.90,true,1,
7290014860070,false,"מקלוני אורז ללא גלוטן 5 מ""מ 454גר' (אור)",מזרח ומערב יבוא ושיווק,,,"י""ח",454,ל גרם,false,1,10.90,2.40,true,1,
7290014860094,false,"מקלוני אורז ללא גלוטן 3מ""מ 454גר' (אור)",מזרח ומערב יבוא ושיווק,,,"י""ח",454,ל גרם,false,1,10.90,2.40,true,1,
7290014901308,false,משחת שיניים לשיניים רגישות Complete protection,"סמית קליין ביצ'ם בע""",,,"י""ח",75,ל גרם,false,1,25.90,34.53,true,1,
7290014901896,false,"מי פה סנסודיין מנטה מרענן 500 מ""ל",גלקסוסמיתקליין,,,"י""ח",300,"ל מ""ל",false,1,19.90,6.63,true,1,
7290014905160,false,"הפי מטהר אוויר פניני ריח בניחוחות, 130 גרם","יעקב יעקבי ובניו בע""מ",,,"י""ח",1,,false,1,10.90,10.90,false,1,
7290014905207,false,"הג'ל הכחול לניקוי האסלה יעקבי 750 מ""ל",יעקב יעקבי ובניו בעמ,,,"י""ח",750,"ל מ""ל",false,1,7.90,1.05,false,1,
7290014905344,false,"הפי תרסיס קצף לניקוי שטיחים יעקביי 623 מ""ל",יעקב יעקבי ובניו בעמ,,,"י""ח",650,"ל מ""ל",false,1,24.20,3.72,false,1,
7290014905498,false,הפי מטליות דו צדדיות בגליל 20 מטליות,"יעקב יעקבי ובניו בע""מ",,,"י""ח",1,,false,1,13.90,13.90,false,1,
7290014905689,false,"נוזל כלים הפי מרוכז 24% תפוח 750 מ""ל","יעקב יעקבי ובניו בע""מ",,,"י""ח",750,"ל מ""ל",false,1,7.90,1.05,false,1,
7290014905696,false,"נוזל כלים הפי מרוכז 24% לימון 750 מ""ל","יעקב יעקבי ובניו בע""מ",,,"י""ח",750,"ל מ""ל",false,1,7.90,1.05,false,1,
7290014905733,false,נוזל לניקוי חלונות הפי (750 מל),"יעקב יעקבי ובניו בע""מ",,,"י""ח",750,"ל מ""ל",false,1,8.90,1.19,true,1,
7290014940901,false,לחם פשוט מלא לילדים פרוס אנג`ל (750 גרם),מאפיית שלמה א. אנג'\ל בע,,,"י""ח",750,ל גרם,false,1,14.90,1.99,false,1,
7290014974593,false,גביעי גלידה 12 מגולגל ללא גלוטן גילרו*,ח.כהן סוכנות מזון ומשקאות בע,,,"י""ח",12,"י""ח",false,1,16.90,1.41,false,1,
7290014986688,false,מבוך צינורות,כוכב נולד פלוס נתיבות בעמ,,,"י""ח",1,,false,1,79.90,79.90,false,1,
7290014986800,false,קוביית פעילות סמארט קידס,כוכב נולד פלוס נתיבות בעמ,,,"י""ח",1,,false,1,119.90,119.90,false,1,
7290015005531,false,פירורי לחם אפויים 200ג,ויטה- פרי גליל (החדשה) בעמ,,,"י""ח",200,ל גרם,false,1,2.60,1.30,false,1,
7290015027021,false,עוגות שמרים פרימיום 500גר,הלל בן הלל שיווק ומסחר בעמ,,,"י""ח",500,ל גרם,false,1,21.90,4.38,false,1,
7290015037102,false,בצל ירוק חסה לט,ביכורי השדה צפון 1994 ג.ד. בעמ,,,"י""ח",1,,false,1,6.90,6.90,false,1,
7290015037273,false,פטרוזיליה אוצר הארץ - מהדרין,יעל ירק עלים לשיווק בעמ,,,"י""ח",1,,false,1,6.90,6.90,false,1,
7290015037280,false,כוסברה אוצר הארץ - מהדרין,יעל ירק עלים לשיווק בעמ,,,"י""ח",400,ל גרם,false,1,6.90,1.73,false,1,
7290015037297,false,שמיר אוצר הארץ - מהדרין,יעל ירק עלים לשיווק בעמ,,,"י""ח",400,ל גרם,false,1,6.80,1.70,false,1,
7290015037488,false,"פטרוזליה כשרה יבול חו""ל",ביכורי השדה צפון 1994 ג.ד. בעמ,,,"י""ח",1,,false,1,6.90,6.90,true,1,
7290015037495,false,"כוסברה כשרה יבול חו""ל יח",ביכורי השדה צפון 1994 ג.ד. בעמ,,,"י""ח",1,,false,1,6.90,6.90,false,1,
7290015037532,false,"סלרי כשר יבול חו""ל יחידה",ביכורי השדה צפון 1994 ג.ד. בעמ,,,"י""ח",1,,false,1,8.90,8.90,true,1,
7290015037655,false,כרובית 600 גרם מהדרין אוצר הארץ י.ע.ל.,ביכורי השדה הצפון בעמ` 1964,,,"י""ח",600,ל גרם,false,1,29.90,4.98,false,1,
7290015039055,false,"רוטב צ'ילי חריף תאילנדי וילי פוד 700 מ""ל",ג.וילי פוד אינטרנשיונל בעמ,,,"י""ח",700,"ל מ""ל",false,1,9.90,1.41,false,1,
7290015039246,false,נתחי טונה בשמן צמחי רביעיה * 160 ג' וילי פוד,ג.וילי פוד אינטרנשיונל בעמ,,,"י""ח",640,ל גרם,false,1,19.90,3.11,false,1,
7290015039338,false,נתחי טונה במי מלח רביעיה * 160 ג' וילי פוד,ג.וילי-פוד אינטרנשיונל בעמ,,,"י""ח",640,ל גרם,false,1,19.90,3.11,false,1,
7290015057202,false,חומץ רכיבים טבעיים 5,טעמן שווק מזון בעמ,,,"י""ח",1,ליטר,false,1,5.90,5.90,false,1,
7290015139250,false,"שוקולד מריר פצפוצי אורז כרמית 85 גרם לל""ס",כרמית תעשיות ממתקים בעמ,,,"י""ח",85,ל גרם,false,1,6.90,8.12,true,1,
7290015139465,false,כרמית מיקסים בייגלה מצופה שוקולד חלב,כרמית תעשיות ממתקים בעמ,,,"י""ח",55,ל גרם,false,1,3.90,7.09,true,1,
7290015139519,false,אגו מיקס קוביות וופל 55 גר',כרמית תעשיות ממתקים בעמ,,,"י""ח",55,ל גרם,false,1,3.90,7.09,true,1,
7290015139526,false,חופשי ופל בציפוי ומילוי שוקו ללא גלוטן כרמית 125 גרם,כרמית תעשיות ממתקים בעמ,,,"י""ח",125,ל גרם,false,1,10.90,8.72,false,1,
7290015139533,false,חופשי ופל לימון ללא ציפוי ללא גלוטן כרמית 200 גרם,כרמית תעשיות ממתקים בעמ,,,"י""ח",200,ל גרם,false,1,10.90,5.45,false,1,
7290015139540,false,חופשי וופל קוביות 150גר ללא גלוטן,כרמית תעשיות ממתקים בעמ,,,"י""ח",150,ל גרם,false,1,10.90,7.27,false,1,
7290015139557,false,חופשי ופל שוקו ללא גלוטן כרמית 200 גרם,כרמית תעשיות ממתקים בעמ,,,"י""ח",200,ל גרם,false,1,10.90,5.45,false,1,
7290015139571,false,חופשי ופל בארים בציפוי שוקולד 25 גר,"כרמית תעשיות ממתקים בע""\",,,"י""ח",25,ל גרם,false,1,10.90,43.60,false,1,
7290015150088,false,מחית עגבניות קלה גרנד איטליה 700 גרם,תה ויסוצקי (ישראל) בעמ,,,"י""ח",700,ל גרם,false,1,12.50,1.79,true,1,
7290015150118,false,שלישיית עגבניות חתוכות דק גרנד איטליה 400 גרם,תה ויסוצקי (ישראל) בעמ,,,"י""ח",400,ל גרם,false,1,18.90,4.73,false,1,
7290015155021,false,פרמיו חטיף דנטלי לכלבים מגזע קטן110ג,שחורי אריה ואנסטסיה,,,"י""ח",110,ל גרם,false,1,10,9.09,false,1,
7290015155243,false,פרמיו חטיף כריות לתמיכה באנטי -היירבול לחתול 60ג',שחורי אריה ואנסטסיה,,,"י""ח",60,ל גרם,false,1,10,16.67,true,1,
7290015155250,false,פרמיו חטיף כריות סלמון 60 גר`,גורי מוצרי צריכה (1991) בעמ,,,"י""ח",60,ל גרם,false,1,10,16.67,true,1,
7290015155274,false,פרמיו כריות ביוטי לחתול 60ג,שחורי אריה ואנסטסיה,,,"י""ח",60,ל גרם,false,1,10,16.67,true,1,
7290015155410,false,חטיף לחתולים דנטל עם עוף פרמיו 60ג,גורי מוצרי צריכה (1991) בעמ,,,"י""ח",60,ל גרם,false,1,10,16.67,true,1,
7290015155427,false,מעדן פרמיו עוף וכבד 15ג,פרמיו Premio,,,"י""ח",15,ל גרם,false,1,7,46.67,true,1,
7290015155434,false,מעדן פרמיו סלמון ופורל 15ג,רנדי בעמ,,,"י""ח",15,ל גרם,false,1,7,46.67,true,1,
7290015155557,false,פרמיו מקלוני ברווז מובחרים 100ג,רנדי בעמ,,,"י""ח",100,ל גרם,false,1,15,15,true,1,
7290015155823,false,מחית תפוחי עץ חטיפטף ללא תוספת סוכר,גורי מוצרי צריכה (1991) בעמ,,,"י""ח",120,ל גרם,false,1,6.60,5.50,true,1,
7290015155830,false,מחית תפוחי עץ ובננה חטיפטף ללא תוספת סוכר,גורי מוצרי צריכה (1991) בעמ,,,"י""ח",120,ל גרם,false,1,6.60,5.50,true,1,
7290015155847,false,מחית סלט פירות חטיפטף ללא תוספת סוכר,גורי מוצרי צריכה (1991) בעמ,,,"י""ח",120,ל גרם,false,1,6.60,5.50,true,1,
7290015155892,false,חטיף אורז אפוי לתינוקות בננה חטיפטף 28גר,גורי מוצרי צריכה (1991) בעמ,,,"י""ח",1,,false,1,6.90,6.90,false,1,
7290015156653,false,חטיף פרמיו אוהבי ברווז 100 גרם,רנדי בעמ,,,"י""ח",100,ל גרם,false,1,15,15,true,1,
7290015156776,false,מחית פירות טרופיים חטיפטף ללא תוספת סוכר,גורי מוצרי צריכה (1991) בעמ,,,"י""ח",120,ל גרם,false,1,6.60,5.50,true,1,
7290015156790,false,מחית לפתן פירות חטיפטף ללא תוספת סוכר,גורי מוצרי צריכה (1991) בעמ,,,"י""ח",120,ל גרם,false,1,6.60,5.50,true,1,
7290015176385,false,מברשת שיניים חשמלית לילדים בצבע כחול,פוגיקום בעמ,,,"י""ח",1,,false,1,39.90,39.90,true,1,
7290015176781,false,מכונת גילוח פוגיקום,פוגיקום בעמ,,,"י""ח",1,,false,1,99.90,99.90,true,1,
7290015178266,false,אוליביה רוטב פלפלת שחורה 270 גרם,תה ויסוצקי (ישראל)בעמ,,,"י""ח",480,"ל מ""ל",false,1,13.90,2.90,true,1,
7290015178273,false,רוטב מרינדה לעוף בגריל אוליביה 270 גר,תה ויסוצקי (ישראל)בעמ,,,"י""ח",530,"ל מ""ל",false,1,13.90,2.62,true,1,
7290015282000,false,איקרא אדומה SEVEN SEAS 200 גרם,שבעת הימים - שמיר,,,"י""ח",200,ל גרם,false,1,14.90,7.45,false,1,
7290015282024,false,איקרא לבנה SEVEN SEAS 200 גרם,"סלטי שמיר 2006 בע""מ",,,"י""ח",200,ל גרם,false,1,14.90,7.45,false,1,
7290015282390,false,סלט תורכי 200 גרם שמיר,"סלטי שמיר 2006 בע""מ",,,"י""ח",200,ל גרם,false,1,12.90,6.45,true,1,
7290015282581,false,חומוס אבו גוש עם חריף שמיר 200 גרם,"סלטי שמיר 2006 בע""מ",,,"י""ח",200,ל גרם,false,1,11.90,5.95,true,1,
7290015282598,false,חומוס מסעדות גורמה שמיר 200 גרם,"סלטי שמיר 2006 בע""מ",,,"י""ח",200,ל גרם,false,1,11.90,5.95,true,1,
7290015282604,false,טחינה מיוחדת גורמה שמיר 200 גרם,"סלטי שמיר 2006 בע""מ",,,"י""ח",200,ל גרם,false,1,11.90,5.95,true,1,
7290015282628,false,חציל בטעם כבד גורמה שמיר 200 גרם,"סלטי שמיר 2006 בע""מ",,,"י""ח",200,ל גרם,false,1,12.90,6.45,true,1,
7290015282635,false,חומוס מסבחה גורמה שמיר 200 גרם,"סלטי שמיר 2006 בע""מ",,,"י""ח",200,ל גרם,false,1,11.90,5.95,true,1,
7290015282642,false,חומוס אבו גוש גורמה שמיר 200 גרם,"סלטי שמיר 2006 בע""מ",,,"י""ח",200,ל גרם,false,1,11.90,5.95,true,1,
7290015282673,false,חציל במיונז ביתי גורמה שמיר 200 גרם,"סלטי שמיר 2006 בע""מ",,,"י""ח",200,ל גרם,false,1,11.90,5.95,true,1,
7290015282680,false,קישוא בטעם כבד גורמה שמיר 200 גרם,"סלטי שמיר 2006 בע""מ",,,"י""ח",200,ל גרם,false,1,12.90,6.45,true,1,
7290015282697,false,כרוב אדום שמיר גורמה 200גר,"סלטי שמיר 2006 בע""מ",,,"י""ח",200,ל גרם,false,1,12.90,6.45,true,1,
7290015282710,false,קוביות סלק גורמה שמיר 200 גרם,"סלטי שמיר 2006 בע""מ",,,"י""ח",200,ל גרם,false,1,11.90,5.95,true,1,
7290015282727,false,גזר מרוקאי ברוטב פיקנטי אסלי שמיר 200 ג',"סלטי שמיר 2006 בע""מ",,,"י""ח",200,ל גרם,false,1,12.90,6.45,true,1,
7290015282734,false,מטבוחה ביתית גורמה שמיר 200 גרם,"סלטי שמיר 2006 בע""מ",,,"י""ח",200,ל גרם,false,1,12.90,6.45,true,1,
7290015282741,false,חציל תאילנדי אסלי שמיר 200 ג',"סלטי שמיר 2006 בע""מ",,,"י""ח",200,ל גרם,false,1,12.90,6.45,true,1,
7290015282758,false,סלט תירס 200גרם גורמה,"סלטי שמיר 2006 בע""מ",,,"י""ח",200,ל גרם,false,1,12.90,6.45,true,1,
7290015282772,false,סלטי שמיר פלפל רצועות קלוי/מטוגן 200 גר,"סלטי שמיר 2006 בע""מ",,,"י""ח",200,ל גרם,false,1,12.90,6.45,true,1,
7290015282789,false,סלט טונה טוניסאית 200ג,סלטי שמיר2006בעמ,,,"י""ח",200,ל גרם,false,1,14.90,7.45,false,1,
7290015282796,false,"סלט תפו""א שמיר במיונז 200ג'","סלטי שמיר 2006 בע""מ",,,"י""ח",200,ל גרם,false,1,12.90,6.45,true,1,
7290015339568,false,פסטה פתיתים אורז טעמן 500 גר',מוטלו מקרנה גזאנטפ,,,"י""ח",500,ל גרם,false,1,4.90,0.98,false,1,
7290015347174,false,"אורז בסגנון פרסי סלקטד 1ק""ג מיה כשל""פ",מיה תעשיות מזון מ.ת.מ בעמ,,,"י""ח",1,"ק""ג",false,1,11.90,11.90,false,1,
7290015347181,false,"שעועית לבנה סלקטד ק'ג מיה 1 ק""ג",מיה תעשיות מזון מ.ת.מ בעמ,,,"י""ח",1,"ק""ג",false,1,20.90,20.90,false,1,
7290015347259,false,פירורי לחם מוזהבים מיה 400 גרם,מיה תעשיות מזון מ.ת.מ בעמ,,,"י""ח",400,ל גרם,false,1,7.90,1.98,false,1,
7290015347358,false,סודה לשתיה בקרטונית מיה 50 גרם,מיה תעשיות מזון מ.ת.מ. בעמ,,,"י""ח",150,ל גרם,false,1,1.90,1.27,false,1,
7290015347488,false,"סוכר דמררה חום שקית מיה 1 ק""ג",מיה תעשיות מזון מ.ת.מ. בעמ,,,"י""ח",1,"ק""ג",false,1,10.40,10.40,false,1,
7290015347532,false,צ'יפס בטטה עם שמן זית ועשבי תיבול מיה 100 גרם,מיה תעשיות מזון מ.ת.מ. בעמ,,,"י""ח",80,ל גרם,false,1,9.90,12.38,true,1,
7290015347679,false,"תבלין צ'ילי גרוס 70 גר' צנצנת כשל""פ",מיה תעשיות מזון מ.ת.מ בעמ,,,"י""ח",70,ל גרם,false,1,13.90,19.86,false,1,
7290015348423,false,מיץ ענבים סגל משפחות 1 ליטר,טמפו משקאות בעמ,,,"י""ח",7.50,"י""ח",false,1,15.90,2.08,true,1,
7290015350136,false,"יין קברנה סוביניון 750מ""ל Free Run",טמפו משקאות בעמ,,,"י""ח",750,"ל מ""ל",false,1,59.90,7.95,true,1,
7290015350402,false,"יין רזרב מוסקטו ורוד חצי יבש ברקן 750 מ""ל",טמפו משקאות בעמ,,,"י""ח",750,"ל מ""ל",false,1,44.90,5.95,true,1,
7290015366373,false,ספירה אנתוש דוחה יתושים לילדים ותינוקות,סאסא קוסמטיקס,,,"י""ח",50,"ל מ""ל",false,1,12.90,25.80,false,1,
7290015366663,false,"משחת שיניים מנטה עדין אקווה פרש 100 מ""ל",גלקסוסמיתקליין,,,"י""ח",100,ל גרם,false,1,8.90,8.90,true,1,
7290015366670,false,משחת שיניים בטעם מנטה אקוהפרש (100 מל),גלקסוסמיתקליין,,,"י""ח",100,ל גרם,false,1,8.90,8.90,true,1,
7290015374279,false,"סיגר במילוי בשר בד""צ 400גר",חטיפי אלקיים בעמ ~~~,,,"י""ח",400,ל גרם,false,1,11.90,2.98,false,1,
7290015374286,false,"סיגר במילוי תפו""א בד""צ 400גר",חטיפי אלקיים בעמ ~~~,,,"י""ח",400,ל גרם,false,1,11.90,2.98,false,1,
7290015374309,false,"פסטל במילוי תפו""א בד""צ 400גר",חטיפי אלקיים בעמ ~~~,,,"י""ח",400,ל גרם,false,1,11.90,2.98,false,1,
7290015374316,false,"אגרול סיני בד""צ 400גר",חטיפי אלקיים בעמ ~~~,,,"י""ח",400,ל גרם,false,1,11.90,2.98,false,1,
7290015374323,false,"קובה ביתי במילוי בשר בד""צ 400גר",חטיפי אלקיים בעמ ~~~,,,"י""ח",400,ל גרם,false,1,11.90,2.98,false,1,
7290015374330,false,"קובה מרק בד""צ 400גר",חטיפי אלקיים בעמ ~~~,,,"י""ח",400,ל גרם,false,1,11.90,2.98,false,1,
7290015374347,false,"קובה חמוסטה בד""צ 400גר",חטיפי אלקיים בעמ ~~~,,,"י""ח",400,ל גרם,false,1,11.90,2.98,false,1,
7290015374354,false,"קרפלך במילוי תפו""א בד""צ 400גר",חטיפי אלקיים בעמ ~~~,,,"י""ח",400,ל גרם,false,1,11.90,2.98,false,1,
7290015374361,false,"קרפלך במילוי בשר בד""צ 400גר",חטיפי אלקיים בעמ ~~~,,,"י""ח",400,ל גרם,false,1,11.90,2.98,false,1,
7290015374378,false,"סמבוסק במילוי חומוס בד""צ 400גר",חטיפי אלקיים בעמ ~~~,,,"י""ח",400,ל גרם,false,1,11.90,2.98,false,1,
7290015374422,false,"שניצלונים תפו""א במילוי בשר בד""צ 400גר",חטיפי אלקיים בעמ ~~~,,,"י""ח",400,ל גרם,false,1,11.90,2.98,false,1,
7290015374439,false,"שניצלונים תפו""א במילוי פטריות בד""צ 400",חטיפי אלקיים בעמ ~~~,,,"י""ח",400,ל גרם,false,1,11.90,2.98,false,1,
7290015470094,false,טבלאות שוקולד טוסו מר`שוקולד תפוז 100ג,דנשר (1963) בעמ,,,"י""ח",100,ל גרם,false,1,11.90,11.90,false,1,
7290015493284,false,"שישיית מים נביעות 500 מ"" ל",החברה המרכזית להפצת משקאות בעמ,,,"י""ח",3,ליטר,false,1,15.70,4.63,false,1,
7290015597937,false,קורנטו קלאסיק וניל עם צימוקים,"מיוצר ע""\י גלידת שטראוס",,,"י""ח",70,ל גרם,false,1,8.90,12.71,false,1,
7290015603188,false,אטריות ביצים 454ג' (כ) (fu),פוגיאן לונגהי אנלידה אינ,,,"י""ח",0.4540,"ק""ג",false,1,10.90,24.01,true,1,
7290015603218,false,אטריות עם עגבניה מזרח מערב 454 גרם,מזרח ומערב יבוא ושיווק,,,"י""ח",454,ל גרם,false,1,10.90,2.40,true,1,
7290015603225,false,איטריות בתוספת גזר 454 גרם,מזרח ומערב יבוא ושיווק,,,"י""ח",454,ל גרם,false,1,10.90,2.40,true,1,
7290015603560,false,"שימורי קרם קוקוס 20-22% 400 מ""ל (ASIATIC)(כ)",אסיאטיק אגרו אינדוסטרי,,,"י""ח",400,"ל מ""ל",false,1,10.90,2.73,false,1,
7290015603584,false,ג'ינגר לבן כבוש ללא מונוסודיום 160 גרם (כ),מזרח ומערב יבוא ושיווק,,,"י""ח",160,ל גרם,false,1,9.50,5.94,false,1,
7290015603591,false,גינגר ורוד כבוש ללא מונוסודיום 160 גרם,מזרח ומערב יבוא ושיווק,,,"י""ח",160,ל גרם,false,1,9.50,5.94,false,1,
7290015603638,false,"אורז קלרוז 1 ק""ג (כ) (Minh)",מזרח ומערב יבוא ושיווק,,,"י""ח",1,"ק""ג",false,1,11.90,11.90,false,1,
7290015644457,false,מארז 9 לחמניות 675גר,שלמה א.אנג ל בעמ,,,"י""ח",675,ל גרם,false,1,12.90,1.91,false,1,
7290015652070,false,קשוי קלוי בשקית ששון הקולה 150 גרם,דין שיווק וקליה 2021 בעמ,,,"י""ח",150,ל גרם,false,1,13.90,9.27,false,1,
7290015652087,false,תערובת פיצוחים בשקית ששון הקולה 150 גרם,דין שיווק וקליה 2021 בעמ,,,"י""ח",150,ל גרם,false,1,14.90,9.93,false,1,
7290015652124,false,"רוטב סריראציה חריף מאוד 450 מ""ל אהרוני",דין שיווק וקליה 2021 בעמ,,,"י""ח",450,"ל מ""ל",false,1,16.90,3.76,false,1,
7290015652254,false,גרעיני חמניה קלויים ששון הקולה (400 גרם),דין שיווק וקליה 2021 בעמ,,,"י""ח",400,ל גרם,false,1,9.90,2.48,false,1,
7290015652261,false,בוטנים קלויים ששון הקולה 350 גרם,דין שיווק וקליה 2021 בעמ,,,"י""ח",300,ל גרם,false,1,9.90,3.30,false,1,
7290015652292,false,קבוקים עם שומשום ששון הקולה 400 גרם,דין שיווק וקליה 2021 בעמ,,,"י""ח",400,ל גרם,false,1,10,2.50,false,1,
7290015652308,false,מנצ'ס ששון הקולה 400 גרם,דין שיווק וקליה 2021 בעמ,,,"י""ח",300,ל גרם,false,1,10,3.33,false,1,
7290015652322,false,בוטנים אמריקאיים מצופים 400 גר ששון הקלה,דין שיווק וקליה 2021 בעמ,,,"י""ח",400,ל גרם,false,1,10,2.50,false,1,
7290015652407,false,פיסטוק קלוי ששון הקולה (250 גרם),דין שיווק וקליה 2021 בעמ,,,"י""ח",250,ל גרם,false,1,20,8,false,1,
7290015688482,false,השחלת צורות הנדסיות,כוכב נולד פלוס נתיבות בעמ,,,"י""ח",1,,false,1,69.90,69.90,false,1,
7290015699730,false,סבון דה מארסיי יעקבי 1.5 ליטר *חדש-,"יעקב יעקבי ובניו בע""מ",,,"י""ח",1.50,ליטר,false,1,10.90,7.27,false,1,
7290015710060,false,ביצים 18 יח' גדול מש,ביצי משק דוידי בעמ,,,"י""ח",18,"י""ח",false,1,17.10,0.95,false,1,
7290015719100,false,כרוב לבן מהדרין,ביכורי השדה צפון 1994 ג.ד. בעמ,,,"ק""ג",1,,true,1,17.90,17.90,false,1,
7290015733120,false,מטרנה גולד שלב 1 תרכובת מזון על בסיס חלבי,קבוצת אוסם סחר שותפות מוגבלת,,,"י""ח",700,ל גרם,false,1,75.90,10.84,true,1,
7290015733144,false,מטרנה גולד שלב 2 תרכובת מזון על בסיס חלבי,קבוצת אוסם סחר-שות.מוגבלת,,,"י""ח",700,ל גרם,false,1,75.90,10.84,true,1,
7290015733168,false,מטרנה גולד שלב שלוש 700 ג',קבוצת אוסם סחר-שות.מוגבלת,,,"י""ח",700,ל גרם,false,1,75.90,10.84,true,1,
7290015733205,false,תרכובת מזון לתינוקות חלבי שלב 1 אקסטרה קר מהדרין,קבוצת אוסם סחר שותפות מוגבלת,,,"י""ח",700,ל גרם,false,1,59.90,8.56,false,1,
7290015733229,false,תרכובת מזון לתינוקות חלבי שלב 2 אקסטרה קר מהדרין,קבוצת אוסם סחר שותפות מוגבלת,,,"י""ח",700,ל גרם,false,1,59.90,8.56,false,1,
7290015733243,false,מטרנה אקסטרה קייר מהדרין שלב 3 700 גרם,קבוצת אוסם סחר שותפות מוגבלת,,,"י""ח",700,ל גרם,false,1,59.90,8.56,false,1,
7290015733427,false,מטרנה דייסת גם וגם וניל פרו12*300ג 2019,קבוצת אוסם סחר שותפות מוגבלת,,,"י""ח",300,ל גרם,false,1,20.90,6.97,false,1,
7290015733441,false,מטרנה דייסת גם וגם דגנים פרו 300 גר`,קבוצת אוסם סחר שותפות מוגבלת,,,"י""ח",300,ל גרם,false,1,18.90,6.30,false,1,
7290015733465,false,דייסת מטרנה גם וגם קרנפלור פרו 300 גרם,קבוצת אוסם סחר שותפות מוגבלת,,,"י""ח",300,ל גרם,false,1,18.90,6.30,false,1,
7290015733977,false,תרכובת מזון קומפורט על בסיס חלבי דל לקטוז,קבוצת אוסם סחר שותפות מוגבלת,,,"י""ח",700,ל גרם,false,1,68.90,9.84,false,1,
7290015781008,false,"יין VISION מרלו אדום טפרברג 750 מ""ל",יקב טפרברג 1870 בעמ (יינות ומש,,,"י""ח",750,"ל מ""ל",false,1,39.90,5.28,true,1,
7290015781015,false,יין אדום מלבק ויז`יון טפרברג (750 מל),יקב טפרברג 1870 בעמ (יינות ומש,,,"י""ח",750,"ל מ""ל",false,1,39.90,5.28,true,1,
7290015781046,false,"יין לבן חצי יבש ויזון 750 מ""ל",יקב טפרברג 1870 בעמ (יינות ומש,,,"י""ח",750,"ל מ""ל",false,1,39.90,5.28,true,1,
7290015781091,false,"יין VISION קברנה סוביניון טפרברג 750 מ""ל",יקב טפרברג 1870 בעמ (יינות ומש,,,"י""ח",750,"ל מ""ל",false,1,39.90,5.28,true,1,
7290015781299,false,יין שיראז ויזון יקב טפרברג (750 מל),יקב טפרברג 1870 בעמ (יינות ומש,,,"י""ח",750,"ל מ""ל",false,1,39.90,5.28,true,1,
7290015809214,false,דגש תערובת להכנת פלאפל 180 גר,נטורפוד בעמ,,,"י""ח",250,ל גרם,false,1,11.90,4.76,false,1,
7290015848886,false,"ד""ר פישר - אולטרסול תחליב קידס 250 מ""ל 50SPF",פישר תעשיות פרמבצטיות בעמ,,,"י""ח",250,"ל מ""ל",false,1,59.90,23.96,false,1,
7290015855006,false,לוף ארוז,ביכורי השדה צפון 1994 ג.ד. בעמ,,,"י""ח",1,,false,1,7.90,7.90,false,1,
7290015856508,false,קרקר חטיפית שומשום 180 גרם הדר*,ח.כהן סוכנות מזון ומשקאות בע,,,"י""ח",180,ל גרם,false,1,3.90,2.17,false,1,
7290015856690,false,"קרקר קרם קרקר רגיל 1 ק""ג הדר.",ח.כהן סוכנות מזון ומשקאות בע,,,"י""ח",1,"ק""ג",false,1,18.90,18.90,false,1,
7290015856812,false,הבסקוויט של הקרמבו וניל הדר 200 גרם,ח.כהן סוכנות מזון ומשקאות בע,,,"י""ח",200,ל גרם,false,1,4.90,2.45,false,1,
7290015856874,false,ביסקוויט קסטה רגיל 250גר הדר.,ח.כהן סוכנות מזון ומשקאות בע,,,"י""ח",250,ל גרם,false,1,18.90,7.56,false,1,
7290015856935,false,ביסקויט אקסטרא גליל טעם חמאה 400 גרם,ח.כהן סוכנות מזון ומשקאות בע,,,"י""ח",500,ל גרם,false,1,6.90,1.38,false,1,
7290015858106,false,"ממרח פסטו ביתי 180 גרם ""עללחם""",שטראוס גרופ בעמ/מצונן,,,"י""ח",180,ל גרם,false,1,16.90,9.39,true,1,
7290015858328,false,עללחם ממרח איולי פסטו 295 גרם,"מדשא תעשיות מזון בע""\מ",,,"י""ח",295,ל גרם,false,1,14.90,5.05,true,1,
7290015858427,false,שלישיית ממרחים שמאפשרת לגוון עללחם 240 גרם,שטראוס גרופ בעמ/מצונן,,,"י""ח",240,ל גרם,false,1,24.90,10.38,true,1,
7290015858441,false,עללחם ממרח איולי פלפלים 295 גרם,"מדשא תעשיות מזון בע""\מ",,,"י""ח",295,ל גרם,false,1,14.90,5.05,true,1,
7290015858687,false,עללחם ממרח איולי שום 295 גרם,"מדשא תעשיות מזון בע""\מ",,,"י""ח",295,ל גרם,false,1,14.90,5.05,true,1,
7290015858694,false,עללחם ממרח איולי שום לימון 295 גרם,"מדשא תעשיות מזון בע""\מ",,,"י""ח",295,ל גרם,false,1,14.90,5.05,true,1,
7290015872096,false,חומוס אסלי שמיר 700 גרם,"סלטי שמיר 2006 בע""מ",,,"י""ח",700,ל גרם,false,1,10.90,1.56,true,1,
7290015872553,false,חומוס של מסעדה שמיר 700 גרם,"סלטי שמיר 2006 בע""מ",,,"י""ח",0.70,"ק""ג",false,1,13.90,19.86,true,1,
7290015875189,false,טאצ' פיקס ג'ל פיתיון לנמלים 10 גר',סאסאטק אגשח בעמ,,,"י""ח",1,"י""ח",false,1,44.90,44.90,false,1,
7290015888196,false,שמן חמניות 1 ליטר שוקחה,בני ג`ורג` שוקחה (חיפה) בעמ,,,"י""ח",1,ליטר,false,1,12.80,12.80,false,1,
7290015888202,false,שמן חמניות שוקחה 2 ל,בני ג ורג שוקחה (חיפה) בעמ,,,"י""ח",2,ליטר,false,1,25.20,12.60,false,1,
7290015888301,false,שמן חמניות 3 ליטר שוקחה,בני ג`ורג` שוקחה (חיפה) בעמ,,,"י""ח",3,ליטר,false,1,36.90,12.30,false,1,
7290015889148,false,"וודקה איזקוביץ 700מ""ל",אחים אוחיון משקאות בעמ,,,"י""ח",700,"ל מ""ל",false,1,42.90,6.09,false,1,
7290015951869,false,"יין הר חרמון רוזה 750 מ""ל",מיוצר וממולא על ידי יקב,,,"י""ח",750,"ל מ""ל",false,1,36.90,4.88,true,1,
7290015951890,false,"יין הר חרמון קברנה סוביניון 750 מ""ל.",היכל היין שקד גולן בעמ,,,"י""ח",750,"ל מ""ל",false,1,36.90,4.88,true,1,
7290015968041,false,בקבוק ציבעוני מעוצב שישייה טוליפס,אינטרסן (1996) בעמ,,,"י""ח",1,,false,1,25.90,25.90,false,1,
7290015968102,false,קיסמי שיניים רפויים עם חוט דנטאלי 100 יחידות,אינטרסן (1996) בעמ,,,"י""ח",200,"י""ח",false,1,14.90,0.07,true,1,
7290015968140,false,אטב אחיזה רחבה בעיצוב איטלקי הוסטס 36 יח,אינטרסן (1996) בעמ,,,"י""ח",48,"י""ח",false,1,15.90,0.33,true,1,
7290015968294,false,"נובי כוס הפלא 240מ""ל עם מכסה וידיות",מולינו ניקולי s.p.a,,,"י""ח",240,"ל מ""ל",false,1,39.90,16.63,false,1,
7290015968393,false,נובי נשכן בננה מברשת שיניים,אינטרסן (1996) בעמ,,,"י""ח",1,,false,1,33.90,33.90,false,1,
7290015968782,false,פדים להסרת איפור במארז 80X3 יח',אינטרסן (1996) בעמ,,,"י""ח",3,"י""ח",false,1,16.90,5.63,true,1,
7290015996983,false,סוכרלוז סוכרזית 0 קלוריות 100 שקיות,"שטראוס גרופ בע""מ",,,"י""ח",100,ל גרם,false,1,28.90,28.90,true,1,
7290016006025,false,שוופס סודה 0.50 ליטר בקבוק,יפאורה שותפות מוגבלת לשיווק,,,"י""ח",500,"ל מ""ל",false,1,2.60,0.46,false,1,
7290016006148,false,"שוופס מוגז עדין ענבים בקבוק 500מ""ל",יפאורה שותפות מובגלת לשיווק,,,"י""ח",500,"ל מ""ל",false,1,6.50,1.24,true,1,
7290016006292,false,נקטר מנגו בננה מלון קרטונית 1 ל' ספרינג,יפאורה שותפות מובגלת לשיווק,,,"י""ח",1,ליטר,false,1,6.90,6.90,true,1,
7290016006322,false,מים מינרליים מי עדן,יפאורה שותפות מוגבלת לשיווק,,,"י""ח",9,ליטר,false,1,4.20,0.43,true,1,
7290016006339,false,מים מינרלים מי עדן (1x4 ליטר),יפאורה שותפות מוגבלת לשיווק,,,"י""ח",9,ליטר,false,1,10.90,1.08,false,1,
7290016006346,false,שוופס סודה 0.5 ליטר מארז שישייה,יפאורה שותפות מובגלת לשיווק,,,"י""ח",300,"ל מ""ל",false,1,14.90,4.37,true,1,
7290016035025,false,לחם פשתן 450 גרם (טרי) דל פחמימות,נאמן לאורך זמן בעמ,,,"י""ח",450,ל גרם,false,1,25.90,5.76,false,1,
7290016087476,false,עגבניות חתוכות דק 400ג בודד,ח.כהן סוכנות מזון ומשקאות בע,,,"י""ח",400,ל גרם,false,1,6.90,1.73,false,1,
7290016087499,false,עגבניות חתוכות מארז 400X3ג' אריזות ירושלים,ח.כהן סוכנות מזון ומשקאות בע,,,"י""ח",400,ל גרם,false,1,12.90,3.23,false,1,
7290016094008,false,אולטרסול קרם פנים 50 75 מל,פישר תעשיות פרמבצטיות בעמ,,,"י""ח",1,,false,1,49.90,49.90,false,1,
7290016096491,false,נתחי טונה בהירה בשמן צמחי שלישיה *80ג' פילטונה,תעשיות פיל טונה בעמ,,,"י""ח",240,ל גרם,false,1,11.90,4.96,true,1,
7290016096507,false,טונה בשמן קנולה 80גרם*מארז שלישיה,תעשיות פילטונה בעמ,,,"י""ח",240,ל גרם,false,1,11.90,4.96,true,1,
7290016096934,false,מארז זוגות סלט טונה 2*160 ג' פילטונה,תעשיות פיל טונה בעמ,,,"י""ח",320,ל גרם,false,1,11.90,3.72,true,1,
7290016106411,false,פרוסות מנגו 425 גרם בסירופ קל,לונגהי גואנגפה פוד ב,,,"י""ח",900,ל גרם,false,1,6.90,0.77,false,1,
7290016114300,false,נייר טואלט דו שכבתי אורך כפול לבן לילי 16 גלילים,קימברלי קלארק ישראל שיווק בעמ,,,"י""ח",1953,ל גרם,false,1,42.90,2.20,true,1,
7290016136739,false,GFREE פתיתי פוזילי על בסיס קמח תירס וקמח,גורי מוצרי צריכה (1991) בעמ,,,"י""ח",340,ל גרם,false,1,11.40,3.35,false,1,
7290016136746,false,איטריות מקלונים ללא גלוטן 340 גר גי פרי,גורי מוצרי צריכה בעמ,,,"י""ח",340,ל גרם,false,1,14.90,4.38,false,1,
7290016144017,false,"קמח מלא נפלאות 100% ללא ניפוי 1 ק""ג",תה ויסוצקי (ישראל)בעמ,,,"י""ח",1,"ק""ג",false,1,9.90,9.90,true,1,
7290016144031,false,"נפלאות קמח חיטה לבן מנופה 1 ק""ג",תה ויסוצקי (ישראל)בעמ,,,"י""ח",1,"ק""ג",false,1,6.90,6.90,false,1,
7290016162219,false,כדורי שוקולד פרווה קפולסקי (280 גרם),תופינים מקבוצת קפולסקי,,,"י""ח",280,ל גרם,false,1,29.90,10.68,false,1,
7290016162264,false,עוגת גבינה רנסנס קפולסקי (450 גרם),קפולסקי שיווק וקמעונ,,,"י""ח",450,ל גרם,false,1,44.90,9.98,false,1,
7290016188585,false,GIACOBAZZI למברוסקו רוזה חצי יבש יקבי כרמל,אגודת הכורמים,,,"י""ח",750,"ל מ""ל",false,1,24.90,3.28,true,1,
7290016188592,false,GIACOBAZZI למברוסקו אדום חצי יבש יקבי כרמל,"כד בני דרום בע""מ",,,"י""ח",750,"ל מ""ל",false,1,24.90,3.28,true,1,
7290016188608,false,GIACOBAZZI למברוסקו לבן חצי יבש יקבי כרמל,פרוטרופיק סיה.,,,"י""ח",750,"ל מ""ל",false,1,24.90,3.28,true,1,
7290016197488,false,מטליות מיקרופייבר למשטחים ניקול 3יח',קימברלי קלארק ישראל שיווק בעמ,,,"י""ח",3,"י""ח",false,1,15.50,5.17,false,1,
7290016197600,false,דיפנד - תחבושת לנשים נורמל 12 יח',קימברלי קלארק ישראל שיווק בעמ,,,"י""ח",1,,false,1,19.90,19.90,true,1,
7290016197617,false,תחבושת לנשים אקסטרה דיפנד 10 יחידות,קימברלי קלארק ישראל שיווק בעמ,,,"י""ח",1,,false,1,19.90,19.90,true,1,
7290016197624,false,תחבושות לנשים סופר דיפנד 8 יחידות,קימברלי קלארק ישראל שיווק בעמ,,,"י""ח",1,,false,1,19.90,19.90,true,1,
7290016197839,false,ניקול השקית החזקה 20 יח' XL,קימברלי קלארק ישראל שיווק בעמ,,,"י""ח",1,"י""ח",false,1,23.90,23.90,false,1,
7290016197877,false,שקיות אשפה לפחים בינוניים עם שרוך 50 * 53 ניקול 50 יחידות,קימברלי קלארק ישראל שיווק בעמ,,,"י""ח",1,"י""ח",false,1,22.90,22.90,false,1,
7290016217643,false,חמוצים סיני אסלי שמיר 400 גרם,"סלטי שמיר 2006 בע""מ",,,"י""ח",400,ל גרם,false,1,10.90,2.73,true,1,
7290016217735,false,חציל על האש 200גרם גורמה,"סלטי שמיר 2006 בע""מ",,,"י""ח",200,ל גרם,false,1,11.90,5.95,true,1,
7290016217742,false,חציל בטחינה 200גרם גורמה,"סלטי שמיר 2006 בע""מ",,,"י""ח",200,ל גרם,false,1,11.90,5.95,true,1,
7290016217759,false,חציל מרוקאי 200גרם גורמה,"סלטי שמיר 2006 בע""מ",,,"י""ח",200,ל גרם,false,1,12.90,6.45,true,1,
7290016245929,false,לחם טחינה עשיר בחלבון 450 ג' ביכורים,נאמן לאורך זמן בעמ,,,"י""ח",450,ל גרם,false,1,26.90,5.98,false,1,
7290016246025,false,בארכה מיקס פינוקיות חלווה ללא סוכר 10*20ג,קבוצת אוסם סחר שותפות מוגבלת,,,"י""ח",180,ל גרם,false,1,12.90,7.17,false,1,
7290016246209,false,"חטיף חלבה וניל 100 גרם ""בארכה""",קבוצת אוסם סחר שותפות מוגבלת,,,"י""ח",100,ל גרם,false,1,3.90,3.90,false,1,
7290016273090,false,סוכריה על מקל בטעם תות בננה 31 גרם,אוריגינל גורמה,,,"י""ח",31,ל גרם,false,1,4.90,15.81,false,1,
7290016276763,false,מעדן שזיף 100% רכיבי פרי ללא סוכר שקדיה 284 ג',דין שיווק וקליה 2021 בעמ,,,"י""ח",284,ל גרם,false,1,13.90,4.89,true,1,
7290016276794,false,מעדן תפוז 100% רכיבי פרי ללא תוספת סוכ,דין שיווק וקליה 2021 בעמ,,,"י""ח",284,ל גרם,false,1,13.90,4.89,true,1,
7290016276848,false,תבשיל איטריות בטעם עוף 70 גרם סו שף,דין שיווק וקליה 2021 בעמ,,,"י""ח",70,ל גרם,false,1,4.90,7,false,1,
7290016276855,false,תבשיל אטריות בטעם ירקות 70 גרם סו שף,דין שיווק וקליה 2021 בעמ,,,"י""ח",70,ל גרם,false,1,4.90,7,false,1,
7290016277470,false,שיבולת שועל דקה 350 גר',דין שיווק וקליה 2021 בעמ,,,"י""ח",350,ל גרם,false,1,3.90,1.11,true,1,
7290016277487,false,שיבולת שועל עבה 350 גר',דין שיווק וקליה 2021 בעמ,,,"י""ח",350,ל גרם,false,1,3.90,1.11,true,1,
7290016277654,false,פיסטוק קלוף טבעי 150 גרם ששון- קופסא,דין שיווק וקליה 2021 בעמ,,,"י""ח",150,ל גרם,false,1,32.90,21.93,false,1,
7290016319194,false,טוסו מארז זוג עוגיות סנדוויץ ללא סוכר שוקו וניל 300 ג',דנשר (1963) בעמ,,,"י""ח",300,ל גרם,false,1,17.90,5.97,false,1,
7290016320343,false,"דאק נוזל ג'ל לניקוי מתקדם בניחות לבנדר זוג * 750 מ""ל",אס. סי. ג'\ונסון מידרכט,,,"י""ח",1.50,ליטר,false,1,16.90,11.27,false,1,
7290016321319,false,סבון נוזלי בניחוח אשכליות אדומה 1 ל' פמלי,דנשר (1963) בעמ,,,"י""ח",1,ליטר,false,1,11.90,11.90,false,1,
7290016321548,false,רצועות שעווה לגוף מגע הדבש קמומיל 12+3יח,דנשר (1963) בעמ,,,"י""ח",16,"י""ח",false,1,30.60,1.91,false,1,
7290016321661,false,פרש וואנס SENSITIVE מגבונים ללא בישום רביעייה 72 יחידות,עלבד משואות יצחק,,,"י""ח",4,"י""ח",false,1,19.90,4.98,true,1,
7290016321678,false,מגבונים לחים בניחוח מרענן עם תמציות קמומיל ואלוורה,עלבד משואות יצחק,,,"י""ח",4,"י""ח",false,1,19.90,4.98,true,1,
7290016321883,false,פרשוואנס נייר טואלט מתכלה לילדים -מארז שלישייה,עלבד משואות יצחק בעמ,,,"י""ח",1,,false,1,13.90,13.90,false,1,
7290016321890,false,פרשוואנס נייר טואלט מתכלה למבוגרים -מארז שלישייה,עלבד משואות יצחק בעמ,,,"י""ח",1,,false,1,13.90,13.90,false,1,
7290016329278,false,קמיל בלו מגבונים מילוי 64 יח רביעייה,"פישר תעשיות פרמצביטות בע""מ",,,"י""ח",400,ל גרם,false,1,19.90,4.98,true,1,
7290016334579,false,פטרוזיליה בוסתן,ביכורי השדה צפון 1994 ג.ד. בעמ,,,"י""ח",1,,false,1,3.90,3.90,true,1,
7290016334586,false,כוסברה בוסתן,ביכורי השדה צפון 1994 ג.ד. בעמ,,,"י""ח",1,,false,1,4.90,4.90,true,1,
7290016334616,false,בצל ירוק בוסתן,ביכורי השדה צפון 1994 ג.ד. בעמ,,,"י""ח",1,,false,1,5.90,5.90,false,1,
7290016334623,false,סלרי אמריקאי,ביכורי השדה צפון 1994 ג.ד. בעמ,,,"י""ח",1,"י""ח",false,1,5.90,5.90,false,1,
7290016370065,false,זיתים נובו מבוקע יבנ,קבוצת יבנה מוצרי מזון בעמ,,,"י""ח",560,ל גרם,false,1,9.90,1.77,false,1,
7290016370096,false,זיתים שחורים מיובשים במלח יבנה 340 ג',קבוצת יבנה מוצרי מזון בעמ,,,"י""ח",1,,false,1,12.90,12.90,false,1,
7290016370225,false,תחתיות ארטישוק קבוצת יבנה 430 גרם,"קבוצת יבנה מוצרי מזון בע""מ",,,"י""ח",220,ל גרם,false,1,7.90,3.59,false,1,
7290016370270,false,זית קלמטה מגולען 560 ג' -יבנה,"קבוצת יבנה מוצרי מזון בע""מ",,,"י""ח",560,ל גרם,false,1,11.90,2.13,false,1,
7290016370959,false,חציל קלוי (פירה) בצנצנת קבוצת יבנה 530 גרם,"קבוצת יבנה מוצרי מזון בע""מ",,,"י""ח",58,ל גרם,false,1,9.90,17.07,false,1,
7290016372342,false,עגבניות חתוך קוביות גראנד איטליה מארז 400X3ג',תה ויסוצקי (ישראל) בעמ,,,"י""ח",400,ל גרם,false,1,17.90,4.48,false,1,
7290016372373,false,רסק עגבניות ללא תוספת סוכר ומלח - מארז זוג,תה ויסוצקי (ישראל) בעמ,,,"י""ח",280,ל גרם,false,1,7.90,2.82,false,1,
7290016372489,false,ויסוצקי חליטת ג'ינג'ר ולימון סודות הצמחים 25 שקיקים,תה ויסוצקי (ישראל) בעמ,,,"י""ח",20,"י""ח",false,1,17.90,0.90,true,1,
7290016372496,false,חליטת פירות וצמחים בטעם ג'ינג'ר ודבש -אפקט הג'ינג'ר,תה ויסוצקי (ישראל) בעמ,,,"י""ח",20,"י""ח",false,1,17.90,0.90,true,1,
7290016373035,false,ליצ'י שלם מקולף 567 גרם בסירופ קל,טעמן שיווק מזון בעמ,,,"י""ח",900,ל גרם,false,1,10.90,1.21,false,1,
7290016373721,false,מקלות חמוצים תות וניל טעמן 275 גרם,טעמן שווק מזון בעמ,,,"י""ח",275,ל גרם,false,1,9.90,3.60,false,1,
7290016400014,false,תבניות ארוז 90 R2 עשיריה שווה,ח.כהן סוכנות מזון ומשקאות בע,,,"י""ח",20,"י""ח",false,1,9.90,0.50,false,1,
7290016400076,false,תבניות ארוז עגול גדול) (C10 שווה,ח.כהן סוכנות מזון ומשקאות בע,,,"י""ח",20,"י""ח",false,1,9.90,0.50,false,1,
7290016400168,false,שקיות צליה 10יח שווה,ח.כהן סוכנות מזון ומשקאות בע,,,"י""ח",10,"י""ח",false,1,4.90,0.49,true,1,
7290016400175,false,שקיות צליה ענק 5יח שווה,ח.כהן סוכנות מזון ומשקאות בע,,,"י""ח",10,"י""ח",false,1,4.90,0.49,true,1,
7290016400243,false,מפיות נייר תלת שכבתי מעוטרות 20יח שווה,ח.כהן סוכנות מזון ומשקאות בע,,,"י""ח",10,"י""ח",false,1,6.90,0.69,true,1,
7290016400267,false,"שיפודי יקיטורי 17ס""מ 50 יח שווה*",ח.כהן סוכנות מזון ומשקאות בע,,,"י""ח",1,"י""ח",false,1,6.90,6.90,false,1,
7290016400274,false,"שיפודים קצרים 20 ס""מ 70 יח`שווה*",ח.כהן סוכנות מזון ומשקאות בע,,,"י""ח",70,"י""ח",false,1,2.90,0.04,false,1,
7290016400281,false,שיפודים 70יח שווה,ח.כהן סוכנות מזון ומשקאות בע,,,"י""ח",70,"י""ח",false,1,3.90,0.06,false,1,
7290016400298,false,"שיפודים עבים 30 ס""מ 50 יח` שווה*",ח.כהן סוכנות מזון ומשקאות בע,,,"י""ח",70,"י""ח",false,1,3.90,0.06,false,1,
7290016400304,false,"שיפודים ענקיים 40ס""מ 25 יח`שווה*",ח.כהן סוכנות מזון ומשקאות בע,,,"י""ח",25,"י""ח",false,1,6.90,0.28,false,1,
7290016400311,false,קיסמי שיניים מלחיה 300יח שווה,ח.כהן סוכנות מזון ומשקאות בע,,,"י""ח",1,,false,1,3.90,3.90,false,1,
7290016400328,false,קיסמי שיניים חבת 500יח שווה,ח.כהן סוכנות מזון ומשקאות בע,,,"י""ח",1,,false,1,3.90,3.90,false,1,
7290016400335,false,קיסמי שיניים עטוף אחד אחד 200יח שווה,ח.כהן סוכנות מזון ומשקאות בע,,,"י""ח",1,,false,1,5.90,5.90,false,1,
7290016400380,false,גפרורים ארוך שווה,ח.כהן סוכנות מזון ומשקאות בע,,,"י""ח",10,"י""ח",false,1,6.90,0.69,true,1,
7290016400434,false,אשפתון גופיה 75/90 חזק אפור 25יח שווה,ח.כהן סוכנות מזון ומשקאות בע,,,"י""ח",25,"י""ח",false,1,17.90,0.72,true,1,
7290016400458,false,מפת גליל 45 מטר שווה,ח.כהן סוכנות מזון ומשקאות בע,,,"י""ח",45,מטר,false,1,24.90,0.55,true,1,
7290016400502,false,גפרורים 10 חדש שווה,ח.כהן סוכנות מזון ומשקאות בע,,,"י""ח",10,"י""ח",false,1,4,0.40,false,1,
7290016400601,false,"קינוחיות משולש+מכסה 12יח ""שווה""",ח.כהן סוכנות מזון ומשקאות בע,,,"י""ח",12,"י""ח",false,1,9.90,0.83,false,1,
7290016400618,false,"קינוחיות כדור פתוח+מכסה 12יח ""שווה""",ח.כהן סוכנות מזון ומשקאות בע,,,"י""ח",12,"י""ח",false,1,9.90,0.83,false,1,
7290016400649,false,רשת צלייה X6 (גדולה) שווה*,ח.כהן סוכנות מזון ומשקאות בע,,,"י""ח",1,"י""ח",false,1,24.90,24.90,false,1,
7290016400670,false,מלקחיים ארוכים איכותיים למנגל שווה,ח.כהן סוכנות מזון ומשקאות בע,,,"י""ח",1,"י""ח",false,1,14.90,14.90,false,1,
7290016400694,false,רשת צלייה לכבד משובצת שווה,ח.כהן סוכנות מזון ומשקאות בע,,,"י""ח",1,"י""ח",false,1,29.90,29.90,false,1,
7290016400717,false,סט 3 חלקים איכותי למנגל שווה*,ח.כהן סוכנות מזון ומשקאות בע,,,"י""ח",1,"י""ח",false,1,40.90,40.90,false,1,
7290016400793,false,מפיות נייר 100יח שווה,ח.כהן סוכנות מזון ומשקאות בע,,,"י""ח",100,"י""ח",false,1,5.90,0.06,true,1,
7290016400809,false,מפיות נייר כהה 100יח שווה,ח.כהן סוכנות מזון ומשקאות בע,,,"י""ח",100,"י""ח",false,1,5.90,0.06,true,1,
7290016400922,false,"כפפות ניטריל ""S שווה""100יח",ח.כהן סוכנות מזון ומשקאות בע,,,"י""ח",100,"י""ח",false,1,21.90,0.22,false,1,
7290016400939,false,"כפפות ניטריל ""M שווה""100יח",ח.כהן סוכנות מזון ומשקאות בע,,,"י""ח",100,"י""ח",false,1,21.90,0.22,false,1,
7290016400946,false,"כפפות ניטריל ""L שווה""100יח",ח.כהן סוכנות מזון ומשקאות בע,,,"י""ח",100,"י""ח",false,1,21.90,0.22,false,1,
7290016400953,false,"כפפות ניטריל ""XL שווה""100יח",ח.כהן סוכנות מזון ומשקאות בע,,,"י""ח",100,"י""ח",false,1,21.90,0.22,false,1,
7290016400977,false,מפת פלאנל עם ראנר אטומה לנוזלים שווה,ח.כהן סוכנות מזון ומשקאות בע,,,"י""ח",1,,false,1,8.90,8.90,false,1,
7290016401103,false,טורטיה ענקית 30 ס``מ 6 יח` שווה,ח.כהן סוכנות מזון ומשקאות בע,,,"י""ח",540,ל גרם,false,1,11.90,2.20,true,1,
7290016401141,false,עלי טורטיה תירס שווה 8 יח' 320 גרם,ח.כהן סוכנות מזון ומשקאות בע,,,"י""ח",320,ל גרם,false,1,10.90,3.41,true,1,
7290016401158,false,נודלס 200ג דקות שווה*,ח.כהן סוכנות מזון ומשקאות בע,,,"י""ח",200,ל גרם,false,1,5.90,2.95,false,1,
7290016401165,false,נודלס 200ג רחבות שווה*,ח.כהן סוכנות מזון ומשקאות בע,,,"י""ח",200,ל גרם,false,1,5.90,2.95,false,1,
7290016401172,false,נודלס 400ג דקות שווה*,ח.כהן סוכנות מזון ומשקאות בע,,,"י""ח",400,ל גרם,false,1,7.90,1.98,false,1,
7290016401189,false,נודלס רחבות 400ג שווה,ח.כהן סוכנות מזון ומשקאות בע,,,"י""ח",400,ל גרם,false,1,7.90,1.98,false,1,
7290016401196,false,"שמן קוקוס אורגני 500 מ""ל שווה*",ח.כהן סוכנות מזון ומשקאות בע,,,"י""ח",500,"ל מ""ל",false,1,33.90,6.78,true,1,
7290016401240,false,"נוזל קוקוס 400מ""ל 5-7% שווה",ח.כהן סוכנות מזון ומשקאות בע,,,"י""ח",400,"ל מ""ל",false,1,7.90,1.98,false,1,
7290016401295,false,"רוטב צילי מתוק 700מ""ל שווה",ח.כהן סוכנות מזון ומשקאות בע,,,"י""ח",700,"ל מ""ל",false,1,11.90,1.70,false,1,
7290016401356,false,אננס חתוך 227ג שווה,ח.כהן סוכנות מזון ומשקאות בע,,,"י""ח",227,ל גרם,false,1,4.90,2.16,false,1,
7290016401394,false,פטריות חתוך שווה 400 גרם,ח.כהן סוכנות מזון ומשקאות בע,,,"י""ח",400,ל גרם,false,1,5.90,1.48,false,1,
7290016401400,false,"פטריות שלמות 400 גר` ""שווה""",ח.כהן סוכנות מזון ומשקאות בע,,,"י""ח",400,ל גרם,false,1,8.90,2.23,false,1,
7290016401424,false,אפרסקים 820ג שווה,ח.כהן סוכנות מזון ומשקאות בע,,,"י""ח",820,ל גרם,false,1,10.90,1.33,false,1,
7290016401493,false,רוטב לימון משומר 1ליטר שווה,ח.כהן סוכנות מזון ומשקאות בע,,,"י""ח",1,ליטר,false,1,6.90,6.90,false,1,
7290016401509,false,חומץ 1ליטר 5% שווה,ח.כהן סוכנות מזון ומשקאות בע,,,"י""ח",1,ליטר,false,1,5.90,5.90,false,1,
7290016401585,false,זוג רדיד אלומיניום קצר 7.5/30 שווה *,ח.כהן סוכנות מזון ומשקאות בע,,,"י""ח",1,"י""ח",false,1,10.90,10.90,false,1,
7290016401592,false,זוג ניילון נצמד ביתי שווה,ח.כהן סוכנות מזון ומשקאות בע,,,"י""ח",1,"י""ח",false,1,11.90,11.90,true,1,
7290016401707,false,אטבי כביסה איכותיים 40יח שווה,ח.כהן סוכנות מזון ומשקאות בע,,,"י""ח",40,"י""ח",false,1,11.90,0.30,true,1,
7290016401714,false,קש שחור עבה 125יח שווה,ח.כהן סוכנות מזון ומשקאות בע,,,"י""ח",125,"י""ח",false,1,8.90,0.07,false,1,
7290016401721,false,קשיות מתקפלות 200יח שווה,ח.כהן סוכנות מזון ומשקאות בע,,,"י""ח",200,"י""ח",false,1,9.90,0.05,false,1,
7290016401769,false,רשת למנגל ארוך שווה*,ח.כהן סוכנות מזון ומשקאות בע,,,"י""ח",1,"י""ח",false,1,24.90,24.90,false,1,
7290016401783,false,שקיות לקוביות קרח 12יח שווה,ח.כהן סוכנות מזון ומשקאות בע,,,"י""ח",1,"י""ח",false,1,3.90,3.90,false,1,
7290016401882,false,מטליות מיקרופייבר 1/3 לרצפה,ח.כהן סוכנות מזון ומשקאות בע,,,"י""ח",10,"י""ח",false,1,18.90,1.89,false,1,
7290016401899,false,מטליות מיקרופייבר 1/10 ניקוי כללי,ח.כהן סוכנות מזון ומשקאות בע,,,"י""ח",10,"י""ח",false,1,18.90,1.89,false,1,
7290016401912,false,שקיות מזון XL 300יח,ח.כהן סוכנות מזון ומשקאות בע,,,"י""ח",300,"י""ח",false,1,8.90,0.03,false,1,
7290016401929,false,שקיות אוכל עם ידיות 200יח שווה,ח.כהן סוכנות מזון ומשקאות בע,,,"י""ח",200,"י""ח",false,1,8.90,0.04,false,1,
7290016401998,false,"נר נשמה 26 שעות זכוכית""שווה""",ח.כהן סוכנות מזון ומשקאות בע,,,"י""ח",1,,false,1,2.90,2.90,false,1,
7290016408294,false,"מרשמלו ורוד לבן וסטהיים 150 ג', 26 בקרטון",כרמית תעשיות ממתקים בעמ,,,"י""ח",1,,false,1,5.50,5.50,true,1,
7290016408393,false,חטיף קרקר עם שומשום פניני 130 ג',כרמית תעשיות ממתקים בעמ,,,"י""ח",130,ל גרם,false,1,6.90,5.31,true,1,
7290016408416,false,חטיף קרקר עם צ'ילי פיקנטי 130 גר,כרמית תעשיות ממתקים בעמ,,,"י""ח",130,ל גרם,false,1,6.90,5.31,true,1,
7290016408423,false,חטיף קרקר עם זיתים שחורים ושום 130 גר,כרמית תעשיות ממתקים בעמ,,,"י""ח",130,ל גרם,false,1,6.90,5.31,true,1,
7290016408430,false,קרקר עם תערובת תבלינים כרמית 130 גרם,כרמית תעשיות ממתקים בעמ,,,"י""ח",130,ל גרם,false,1,6.90,5.31,true,1,
7290016408447,false,קרקר עגבניות ובזיליקום כרמית 130 גרם,כרמית תעשיות ממתקים בעמ,,,"י""ח",130,ל גרם,false,1,6.90,5.31,true,1,
7290016408720,false,אגו מיקס בייגלה מצופה שוקולד לבן 55גר* 24 בקר',כרמית תעשיות ממתקים בעמ,,,"י""ח",55,ל גרם,false,1,3.90,7.09,true,1,
7290016408980,false,"מטבעות שוקולד חלב 36 ג' כשל""פ בד""ץ!",כרמית תעשיות ממתקים בעמ,,,"י""ח",36,ל גרם,false,1,3.90,10.83,true,1,
7290016411690,false,בצל ירוק גלאט שמיטה,ביכורי השדה צפון 1994 ג.ד. בעמ,,,"י""ח",1,,false,1,6.90,6.90,false,1,
7290016416992,false,עוגת דובוש בסקוויטים קפולסקי 400 גרם,תופינים מקבוצת קפולסקי,,,"י""ח",400,ל גרם,false,1,44.90,11.23,false,1,
7290016437508,false,מולט נייר טואלט 24 גלילים כפולים=48 גליל,קימברלי קלארק ישראל שיווק בעמ,,,"י""ח",24,"י""ח",false,1,42.90,1.79,false,1,
7290016440652,false,תערובת פרוסות ירקות חמוצים מעדני עופר 500 גרם,קפוא זן תעשיות מזון בעמ,,,"י""ח",500,ל גרם,false,1,21.90,4.38,false,1,
7290016440928,false,מעדני עופר - ירקות כבושים חמוץ מתוק (סיני),קפוא זן תעשיות מזון בעמ,,,"י""ח",500,ל גרם,false,1,21.90,4.38,false,1,
7290016475029,false,חמישיית פיתות אסלי!.^,שרעבי לירון (ירדן דברי מאפה),,,"י""ח",1,,false,1,6.90,6.90,false,1,
7290016496208,false,פתיל צף עגול בינוני מוכן,צבע ומכחול (2014) בעמ,,,"י""ח",1,ליטר,false,1,6.90,6.90,false,1,
7290016509342,false,סוד מארז טריו כדוריות לאסלה כחול אקטיבי אקונומיקה,גורי שיווק בעמ,,,"י""ח",3,"י""ח",false,1,16.90,5.63,false,1,
7290016509786,false,פרסיל גל לכביסה לבנה וצבעונית-ירוק 2.5 ל,גורי שיווק בעמ,,,"י""ח",2.50,ליטר,false,1,34.90,13.96,false,1,
7290016509793,false,ג'ל לכביסה לבנה וצבעונית אריזת XL,גורי שיווק בעמ,,,"י""ח",4,ליטר,false,1,44.90,11.23,false,1,
7290016509809,false,ג'ל מרוכז לכביסה קולור 2.5 ל' פרסיל,גורי שיווק בעמ,,,"י""ח",2.50,ליטר,false,1,34.90,13.96,false,1,
7290016509816,false,ג'ל לכביסה צבעונית אריזת XL,גורי שיווק בעמ,,,"י""ח",4,ליטר,false,1,44.90,11.23,false,1,
7290016509830,false,ג'ל כביסה לבגדי תינוקות ובעלי עור רגיש Sensitive,גורי שיווק בעמ,,,"י""ח",2.50,ליטר,false,1,32.90,13.16,false,1,
7290016510102,false,"הוואי מרכך מי קוקוס 700 מ""ל",טרופיקל דגיל בעמ,,,"י""ח",700,"ל מ""ל",false,1,10.90,1.56,false,1,
7290016510225,false,"תחליב רחצה הוואי יוגורט וניל ודבש 700 מ""ל",תאי פרזידנט פוד פאבל,,,"י""ח",750,"ל מ""ל",false,1,9.90,1.32,false,1,
7290016510232,false,"הוואי - תחליב רחצה יוגורט קוקוס 700 מ""ל",תאי פרזידנט פוד פאבל,,,"י""ח",750,"ל מ""ל",false,1,9.90,1.32,false,1,
7290016510249,false,"הוואי - תחליב רחצה יוגורט שקדים 700 מ""ל",תאי פרזידנט פוד פאבל,,,"י""ח",750,"ל מ""ל",false,1,9.90,1.32,false,1,
7290016510287,false,"תחליב רחצה הוואי דבש אירוס זהוב 700 מ""ל",תאי פרזידנט פוד פאבל,,,"י""ח",750,"ל מ""ל",false,1,10.90,1.45,false,1,
7290016510317,false,"הוואי תחליב רחצה לגבר פול פורס 700 מ""ל-מרכז",טרופיקל דגיל בעמ,,,"י""ח",750,"ל מ""ל",false,1,10.90,1.45,false,1,
7290016510324,false,"הוואי תחליב רחצה לגבר אריסטבבול 700 מ""ל",טרופיקל דגיל בעמ,,,"י""ח",750,"ל מ""ל",false,1,10.90,1.45,false,1,
7290016510430,false,"תחליב רחצה הוואי שמני הזנה מגנוליה 700 מ""ל",טרופיקל דגיל בעמ,,,"י""ח",750,"ל מ""ל",false,1,10.90,1.45,false,1,
7290016510768,false,"הוואי תחליב רחצה יוגורט ואוכמניות 700 מ""ל",טרופיקל דגיל בעמ,,,"י""ח",750,"ל מ""ל",false,1,10.90,1.45,false,1,
7290016510904,false,"הוואי מרכך פריחת הדובדבן 700 מ""ל",שוורצקוף& הנקל דיסלד,,,"י""ח",700,"ל מ""ל",false,1,10.90,1.56,false,1,
7290016517088,false,שקדי מרק שדות 400 ג',אחים אגא (א.מ.) שיווק,,,"י""ח",400,ל גרם,false,1,8.60,2.15,true,1,
7290016517286,false,ספגטי חיטה מלאה 500ג שדות,אחים אגא (א.מ.) שיווק,,,"י""ח",500,ל גרם,false,1,5.90,1.18,false,1,
7290016517293,false,פסטה מסולוסלת חיטה מלאה 500ג שדות,אחים אגא (א.מ.) שיווק,,,"י""ח",500,ל גרם,false,1,5.90,1.18,false,1,
7290016517408,false,"קמח חיטה 1 ק""ג 80% שדות",אחים אגא (א.מ.) שיווק,,,"י""ח",1,"ק""ג",false,1,6.90,6.90,false,1,
7290016517415,false,"קמח חיטה 1 ק""ג 100% שדות",אחים אגא (א.מ.) שיווק,,,"י""ח",1,"ק""ג",false,1,6.90,6.90,false,1,
7290016517422,false,"קמח כוסמין 1 ק""ג 80% שדות",אחים אגא (א.מ.) שיווק,,,"י""ח",1,"ק""ג",false,1,11.90,11.90,false,1,
7290016517439,false,"קמח כוסמין 1 ק""ג 100% שדות",אחים אגא (א.מ.) שיווק,,,"י""ח",1,"ק""ג",false,1,11.90,11.90,false,1,
7290016517446,false,קמח כוסמין לבן מנופה שדו,אחים אגא (א.מ.) שיווק,,,"י""ח",1,"ק""ג",false,1,12.90,12.90,false,1,
7290016517453,false,"קמח לבן מנופה שדות 1ק""ג",אחים אגא (א.מ.) שיווק,,,"י""ח",1,"ק""ג",false,1,6.90,6.90,true,1,
7290016517507,false,"שוקולד למריחה 400 גרם בד""ץ",אחים אגא (א.מ.) שיווק,,,"י""ח",400,ל גרם,false,1,6.90,1.73,false,1,
7290016517538,false,תירס גמדי 410ג שדות,אחים אגא (א.מ.) שיווק,,,"י""ח",410,ל גרם,false,1,7.20,1.76,false,1,
7290016517583,false,פסטה פנה חיטה מלאה .,אחים אגא (א.מ.) שיווק,,,"י""ח",500,ל גרם,false,1,4.30,0.86,false,1,
7290016524871,false,במיה קפוא אקסטרא מינימחפוד 500 גרם,עת -רן (1996) בעמ,,,"י""ח",500,ל גרם,false,1,14.90,2.98,false,1,
7290016548341,false,מגבוני מונו לתינוק 4*72יח,שקד תבל בעמ,,,"י""ח",432,"י""ח",false,1,9.90,0.02,true,1,
7290016564006,false,מבריקל הפלא ספוגיות להסרת כתמים קשים ושומנים 3יח,ח.כהן סוכנות מזון ומשקאות בע,,,"י""ח",1,,false,1,11.90,11.90,false,1,
7290016564266,false,מבריקל הפלא כיסוי הפלא 3,ח.כהן סוכנות מזון ומשקאות בע,,,"י""ח",1,,false,1,9.90,9.90,false,1,
7290016617221,false,פטרוזיליה אדום ירוק,ביכורי השדה צפון 1994 ג.ד. בעמ,,,"י""ח",1,,false,1,3.90,3.90,false,1,
7290016621013,false,"ד""ר פישר - קרם גוף קמיל בלו 500 מ""ל",פישר תעשיות פרמבצטיות בעמ,,,"י""ח",450,"ל מ""ל",false,1,29.90,6.64,true,1,
7290016621341,false,אל סבון היגייני לניקוי יסודי קמיל Clean & Moisture,פישר תעשיות פרמבצטיות בעמ,,,"י""ח",1,ליטר,false,1,15.90,15.90,true,1,
7290016621617,false,"ד""ר פישר - אולטרסול קידס מוגדל ספריי שקוף 300 מ""ל 30SPF",פישר תעשיות פרמבצטיות בעמ,,,"י""ח",300,"ל מ""ל",false,1,59.90,19.97,false,1,
7290016667158,false,חרדל חלק דוז`יון צנצנת 350גר,נאמן לאורך זמן בעמ,,,"י""ח",350,ל גרם,false,1,9.90,2.83,false,1,
7290016667165,false,חרדל דוז`יון גרגרים צנצנת 350גר,נאמן לאורך זמן בעמ,,,"י""ח",350,ל גרם,false,1,9.90,2.83,false,1,
7290016682052,false,"מיץ לימונענע 400 מ""ל ""פריניב""",תנובה - פריניב,,,"י""ח",400,"ל מ""ל",false,1,9.20,2.23,true,1,
7290016682083,false,"פריניב נקטר תות בננה 400 מ""ל",תנובה - פריניב,,,"י""ח",1,,false,1,9.20,9.20,true,1,
7290016682182,false,פריניב שייק תמר בננה מופחת סוכר 1 ליטר,הנסיך- מפעל לייצור ט,,,"י""ח",1,ליטר,false,1,14.70,14.70,true,1,
7290016682199,false,פריניב שייק תות בננה מופחת סוכר 1 ליטר,הנסיך- מפעל לייצור ט,,,"י""ח",1,ליטר,false,1,14.70,14.70,true,1,
7290016682243,false,פריניב מיץ אשכולית אדומה סחוט 1 ליטר,תנובה - פריניב,,,"י""ח",1,ליטר,false,1,14.50,14.50,true,1,
7290016682250,false,מיץ תפוז גזר פרי ניב 1 ליטר,תנובה - פריניב,,,"י""ח",1,ליטר,false,1,16.90,16.90,false,1,
7290016682328,false,מיץ תפוזים 100% עשוי מרכז 2 ל' פריניב,תנובה - פריניב,,,"י""ח",2,ליטר,false,1,20.90,10.30,false,1,
7290016682342,false,מיץ תפוזים וולנסיה פרי ניב 2 ליטר-,תנובה - פריניב,,,"י""ח",2,ליטר,false,1,26.20,12.95,true,1,
7290016682359,false,מיץ תפוזים שמוטי פרי ניב 2 ליטר-,תנובה - פריניב,,,"י""ח",2,ליטר,false,1,26.20,12.95,true,1,
7290016682366,false,פריניב מיץ תפוחים צלול 2 ליטר.,תנובה - פריניב,,,"י""ח",2,ליטר,false,1,23.20,11.45,false,1,
7290016682373,false,משקה קל לימונדה בלאדי 2 ליטר פריניב,תנובה - פריניב,,,"י""ח",2,ליטר,false,1,23.20,11.45,false,1,
7290016682380,false,מיץ טבעי לימונדה ולואיזה פרי ניב 2 ליטר-,תנובה - פריניב,,,"י""ח",2,ליטר,false,1,19.90,9.80,false,1,
7290016682441,false,100% מיץ תפוזים מיוצר מרכז טבעי,תנובה - פריניב,,,"י""ח",1,ליטר,false,1,13.90,13.90,false,1,
7290016717044,false,"יין מוסקטו סלקטד באז כרמל 750 מ""ל",אגודת הכורמים -כרמל מזרחי,,,"י""ח",750,"ל מ""ל",false,1,27.90,3.68,true,1,
7290016717051,false,משקה Buzz מוגז בטעם רימון מבוסס יין אדום מתוק,אגודת הכורמים -כרמל מזרחי,,,"י""ח",750,"ל מ""ל",false,1,27.90,3.68,true,1,
7290016717631,false,יין מוסקטו בעל חוזק אלכוהול נמוך פרייבט קולקשן,אגודת הכורמים הקואופרטיב,,,"י""ח",500,"ל מ""ל",false,1,39.90,7.92,true,1,
7290016717754,false,יין היובל ישן נושן יקבי כרמל (750 מל),אגודת הכורמים -כרמל מזרחי,,,"י""ח",750,"ל מ""ל",false,1,19.50,2.56,true,1,
7290016717976,false,יין ספארקלינג בטעם אפרסק 750 מל BUZZ,אגודת הכורמים בעמ,,,"י""ח",750,"ל מ""ל",false,1,27.90,3.68,true,1,
7290016865943,false,אטריות ביצים פטוציני אוריינט 400 גרם,גורי מוצרי צריכה 1991 בעמ,,,"י""ח",400,ל גרם,false,1,13.90,3.48,true,1,
7290016866643,false,פרודונטקס מ.שיניים אקסטרה פרש 75 מל,פרודונטקס Parodontax,,,"י""ח",75,"ל מ""ל",false,1,30.90,41.20,true,1,
7290016866650,false,"פרודונטקס - משחת שיניים אוריג'ינל 75 מ""ל",פרודונטקס Parodontax,,,"י""ח",75,"ל מ""ל",false,1,30.90,41.20,true,1,
7290016866674,false,"פרודונטקס - משחת שיניים מלבינה 75 מ""ל",פרודונטקס Parodontax,,,"י""ח",75,"ל מ""ל",false,1,30.90,41.20,true,1,
7290016882407,false,מחית חציל קלוי על האש 560 גר`,קונסיגנציה-דין שיווק וקליה 202,,,"י""ח",510,ל גרם,false,1,9.90,1.94,false,1,
7290016882414,false,קונפיטורה שזיף 70% פרי 450 גרם,דין שיווק וקליה 2021 בעמ,,,"י""ח",450,ל גרם,false,1,13.90,3.09,false,1,
7290016882421,false,קונפיטורה אפרסק 70% פרי 450גר,דין שיווק וקליה 2021 בעמ,,,"י""ח",450,ל גרם,false,1,13.90,3.09,false,1,
7290016900194,false,פילה מדומה מס `6 חלק,בלדי בעמ,,,"ק""ג",0,"ק""ג",true,1,39.90,39.90,false,1,
7290016967074,false,לחם חיטה מלאה עם גרעינים ודגנים,מאפיית שלמה א. אנג'\ל בע,,,"י""ח",750,ל גרם,false,1,15.90,2.12,false,1,
7290016967456,false,לחם צרפתי מחמצת 100% כוסמין 600 ג' אנג'ל,"מאפיית אנג'\ל בעמ, מקבוצ",,,"י""ח",600,ל גרם,false,1,16.90,2.82,false,1,
7290017004204,false,טורטיה פנטולה 6יח 360גרם.,אפריקנה ספרד בעמ,,,"י""ח",3.60,"ק""ג",false,1,8.90,2.47,true,1,
7290017004235,false,פחמים אפריקאיים 4 ק``ג פנטולה,אפריקנה ספרד בעמ,,,"י""ח",1,,false,1,29.90,29.90,true,1,
7290017004433,false,7290017004433פתי בר 500גר פינטולה,2121 ייבוא וסחר,,,"י""ח",5,"ק""ג",false,1,8.90,1.78,true,1,
7290017004457,false,תירוש ענבים 100% זהב ליטר,יקבי הכורמים (תשלח) בעמ ~~~,,,"י""ח",1,ליטר,false,1,17.90,17.90,true,1,
7290017004785,false,פסטה קרניים 500גר פנטולה,מ.ר. ניאוברנד בעמ,,,"י""ח",500,ל גרם,false,1,4.90,0.98,true,1,
7290017004792,false,פסטה פנה 500גר פנטולה,מ.ר. ניאוברנד בעמ,,,"י""ח",500,ל גרם,false,1,4.90,0.98,true,1,
7290017004808,false,פסטה פוזילי 500גר פנטולה,מ.ר. ניאוברנד בעמ,,,"י""ח",500,ל גרם,false,1,4.90,0.98,true,1,
7290017004815,false,ספגטי 500גר פנטולה,מ.ר. ניאוברנד בעמ,,,"י""ח",500,ל גרם,false,1,4.90,0.98,true,1,
7290017004877,false,טחינה גולמית 500ג מחנה יהודה,"אחדות בע""מ",,,"י""ח",500,ל גרם,false,1,14.90,2.98,true,1,
7290017023212,false,"שוויפס מוגז פירות תפוח מארז רביעייה* 330 מ""ל",יפאורה שותפות מוגבלת לשיווק,,,"י""ח",1.32,ליטר,false,1,14.70,10.23,true,1,
7290017023229,false,רביעיית פחיות שוופס מוגז פירות תות ליים 330 מל.,יפאורה שותפות מוגבלת לשיווק,,,"י""ח",1.32,ליטר,false,1,14.70,10.23,true,1,
7290017023236,false,רביעיית פחיות שוופס מוגז פירות ענבים 330 מל.,יפאורה שותפות מוגבלת לשיווק,,,"י""ח",1.32,ליטר,false,1,14.70,10.23,true,1,
7290017023663,false,"שוופס מיץ פירות לימונייד פחית מארז 330X4מ""ל",יפאורה שותפות מוגבלת לשיווק,,,"י""ח",1.32,ליטר,false,1,14.70,10.23,true,1,
7290017023809,false,"רביעיית ספרינג 250 מ""ל אגס סברס תפוח",יפאורה שותפות מוגבלת לשיווק,,,"י""ח",1,ליטר,false,1,12.90,12.90,true,1,
7290017023816,false,"ספרינג  פירות טרופיים 250 מ""ל רביעייה",יפאורה שותפות מוגבלת לשיווק,,,"י""ח",1,ליטר,false,1,12.90,12.90,true,1,
7290017023823,false,"רביעיית ספרינג 250 מ""ל תות בננה",יפאורה שותפות מוגבלת לשיווק,,,"י""ח",1,ליטר,false,1,12.90,12.90,true,1,
7290017023854,false,מי סודה בקבוקים אישיים - מארז 4 יח',יפאורה שותפות מוגבלת לשיווק,,,"י""ח",1,ליטר,false,1,13.10,13.10,true,1,
7290017023861,false,סודה בטעם לימון בקבוקים אישיים - מארז 4 יח',יפאורה שותפות מוגבלת לשיווק,,,"י""ח",1,ליטר,false,1,13.10,13.10,true,1,
7290017023878,false,סודה בטעם נענע ליים בקבוקים אישיים - מארז 4 יח',יפאורה שותפות מוגבלת לשיווק,,,"י""ח",1,ליטר,false,1,13.10,13.10,true,1,
7290017031705,false,משחת שיניים סנסודיין הגנה מלאה רגיל,גלקסוס סמית קליין,,,"י""ח",75,ל גרם,false,1,22.90,30.53,true,1,
7290017040028,false,מארז דונאטס טריו מידי 9 יח',"פופאיס ברלידון סאסו, ראו",,,"י""ח",100,ל גרם,false,1,24.90,24.90,false,1,
7290017040035,false,דונאטס מיני מארז 2 טעמים( 8 יח)קרטונית,בלדי בע`מ,,,"י""ח",100,ל גרם,false,1,19.90,19.90,false,1,
7290017040363,false,מארז דונאטס אוראו רביעייה,נטו מלינדה סחר בעמ,,,"י""ח",4,"י""ח",false,1,34.90,8.73,false,1,
7290017040370,false,מארז דונאטס מילקה רביעייה,נטו מלינדה סחר בעמ,,,"י""ח",4,"י""ח",false,1,34.90,8.73,false,1,
7290017062693,false,מרכך כביסה מרוכז לבן 1*5 ליטר טאצ,סאסאטק אגשח בעמ,,,"י""ח",1,ליטר,false,1,13.90,13.90,true,1,
7290017062716,false,מרכך כביסה מרוכז ורוד 1 ל`טאצ`.,סאסאטק אגשח בעמ,,,"י""ח",1,ליטר,false,1,13.90,13.90,true,1,
7290017062723,false,מרכך כביסה מרוכז ירוק 1*5 ליטר טאצ,סאסאטק אגשח בעמ,,,"י""ח",1,ליטר,false,1,13.90,13.90,true,1,
7290017062907,false,"מילוי קצף לכלים בניחוח תפוח פלירוסול 500 מ""ל טאצ",סאסאטק אגשח בעמ,,,"י""ח",500,"ל מ""ל",false,1,11.90,2.38,false,1,
7290017062914,false,"קצף לכלים בניחוח לימון פלירוסול 500 מ""ל טאצ",סאסאטק אגשח בעמ,,,"י""ח",500,"ל מ""ל",false,1,21.90,4.38,false,1,
7290017062921,false,"קצף לכלים בניחוח לימון 500מ""ל פלירוסול",סאסאטק אגשח בעמ,,,"י""ח",500,"ל מ""ל",false,1,11.90,2.38,false,1,
7290017065137,false,ריקוטה למריחה 5% טבעית 200 גר`מחלבות גד,מחלבות גד שיווק 1992 בעמ,,,"י""ח",200,ל גרם,false,1,10.90,5.45,false,1,
7290017065304,false,שמנת 30% ניו יורק טבעי מהדרין 200 גרם רובין,גבינות מדף,,,"י""ח",200,ל גרם,false,1,12.90,6.45,false,1,
7290017065960,false,רוטב פורצ'יני מחלבות גד 200 גרם,מחלבות גד שיווק 1992 בעמ,,,"י""ח",200,ל גרם,false,1,15.90,7.95,false,1,
7290017068350,false,עדשים שחורות בלוגה מיה 500 גרם,מיה תעשיות מזון מ.ת.מ בעמ,,,"י""ח",500,ל גרם,false,1,8.90,1.78,true,1,
7290017068411,false,"אבקת אפייה בד""ץ עדה חרדית",מיה תעשיות מזון מ.ת.מ בעמ,,,"י""ח",100,ל גרם,false,1,2.50,2.50,false,1,
7290017068862,false,חמאת בוטנים קראנץ' מיה 510 גרם,מיה תעשיות מזון מ.ת.מ בעמ,,,"י""ח",510,ל גרם,false,1,9.90,1.94,false,1,
7290017068879,false,חמאת בוטנים טבעית מיה 510 גרם,מיה תעשיות מזון מ.ת.מ בעמ,,,"י""ח",510,ל גרם,false,1,9.90,1.94,false,1,
7290017068978,false,שיבולת שועל מלאה להכנה מהירה 500 גר בזיפ,מיה תעשיות מזון מ.ת.מ. בעמ,,,"י""ח",500,ל גרם,false,1,10,2,true,1,
7290017068985,false,שיבולת שועל מלאה עבה 500 גר בזיפר מיה,מיה תעשיות מזון מ.ת.מ. בעמ,,,"י""ח",500,ל גרם,false,1,10,2,true,1,
7290017079189,false,אננס חתיכות דקות במיץ אננס 825 גר',טעמן שווק מזון בעמ,,,"י""ח",825,ל גרם,false,1,10.90,1.32,false,1,
7290017079769,false,מחית תפוח עץ ובננה בפאוץ פריטוב קידס,פרוטה פודיוין איי.אס,,,"י""ח",120,ל גרם,false,1,4.50,3.75,false,1,
7290017079783,false,מחיות פאוץ' תפוח עץ פריטוב 120 גרם,פרוטה פודיוין איי.אס,,,"י""ח",120,ל גרם,false,1,4.50,3.75,false,1,
7290017079790,false,מחיות פאוץ' פירות מעורבים פריטוב 120 גרם,פרוטה פודיוין איי.אס,,,"י""ח",120,ל גרם,false,1,4.50,3.75,false,1,
7290017088051,false,בייביסיטר - חיתולי סטנדרט מידה 3 - 52 יח',די.פי.אל תעשיות מוצרים ח,,,"י""ח",1,,false,1,34.90,34.90,true,1,
7290017088068,false,בייביסיטר - חיתולי סטנדרט מידה 4 - 42 יח',די.פי.אל תעשיות מוצרים ח,,,"י""ח",1,,false,1,34.90,34.90,true,1,
7290017088075,false,בייביסיטר - חיתולי סטנדרט מידה 4+ - 40 יח',די.פי.אל תעשיות מוצרים ח,,,"י""ח",1,,false,1,34.90,34.90,true,1,
7290017088082,false,בייביסיטר - חיתולי סטנדרט מידה 5 - 36 יח',די.פי.אל תעשיות מוצרים ח,,,"י""ח",1,,false,1,34.90,34.90,true,1,
7290017088099,false,בייביסיטר - חיתולי סטנדרט מידה 6 - 30 יח',די.פי.אל תעשיות מוצרים ח,,,"י""ח",1,,false,1,34.90,34.90,true,1,
7290017088327,false,רבעיית מגבונים בייביסיטר אקסטרא סופט ללא בישום 64 יחידות,די.פי.אל בעמ,,,"י""ח",1,,false,1,15.90,15.90,true,1,
7290017088464,false,תחבושות סופגנית מקסי לונג טופ פד 20 יח',שקד תבל בעמ,,,"י""ח",20,"י""ח",false,1,19.90,1,true,1,
7290017088631,false,רבעיית מגבונים תולי ללא בישום 72*4 יחידות,שקד תבל בעמ,,,"י""ח",4,"י""ח",false,1,12.90,3.23,true,1,
7290017088693,false,קוויק מטליות לחות לניקוי וחיטוי רצפות ניחוח לוונדר 10 יחידות,שקד תבל בעמ,,,"י""ח",10,"י""ח",false,1,11.90,1.19,true,1,
7290017088778,false,"ג'ל לניקוי ידיים אלקו קייר 66% אלכוהול 100 מ""ל",שקד תבל בעמ,,,"י""ח",100,"ל מ""ל",false,1,9.90,9.90,false,1,
7290017088815,false,בריז תחבושות לבריחת שתן נורמל 12 יח,שקד תבל בעמ,,,"י""ח",12,"י""ח",false,1,17.90,1.49,true,1,
7290017088822,false,BREEZE תחבושות לבריחת שתן אקסטרה (10 יח'),שקד תבל בעמ,,,"י""ח",10,"י""ח",false,1,17.90,1.79,true,1,
7290017088969,false,חיתולי בייביסיטר ניו בורן מידה 1 42 יח',די.פי.אל תעשיות מוצרים ח,,,"י""ח",42,"י""ח",false,1,29.90,0.71,true,1,
7290017088983,false,חיתולי בייביסיטר ניו בורן מידה 2 38 יחי',די.פי.אל תעשיות מוצרים ח,,,"י""ח",38,"י""ח",false,1,29.90,0.79,true,1,
7290017094830,false,סלט גזר ברוטב פיקנטי אסלי שמיר 400 ג',"סלטי שמיר 2006 בע""מ",,,"י""ח",400,ל גרם,false,1,10.90,2.73,true,1,
7290017094847,false,סלט תפוחי אדמה אסלי שמיר 400 ג',"סלטי שמיר 2006 בע""מ",,,"י""ח",400,ל גרם,false,1,10.90,2.73,true,1,
7290017094854,false,סלט קולסלאו אסלי( 400 גר`)אסלי,"סלטי שמיר 2006 בע""מ",,,"י""ח",400,ל גרם,false,1,10.90,2.73,true,1,
7290017094861,false,חומוס עם רוטב מסבחה אסלי שמיר 400 ג',"סלטי שמיר 2006 בע""מ",,,"י""ח",400,ל גרם,false,1,9.90,2.48,true,1,
7290017100395,false,"כפפות לטקס 100 יחי' S כשלפ עד""ח פרפקט",ח.כהן סוכנות מזון ומשקאות בע,,,"י""ח",100,"י""ח",false,1,19.90,0.20,true,1,
7290017100401,false,"כפפות לטקס 100 יחי' M כשלפ עד""ח פרפקט",ח.כהן סוכנות מזון ומשקאות בע,,,"י""ח",100,"י""ח",false,1,19.90,0.20,true,1,
7290017100418,false,"כפפות לטקס 100 יחי' L כשלפ עד""ח פרפקט",ח.כהן סוכנות מזון ומשקאות בע,,,"י""ח",100,"י""ח",false,1,19.90,0.20,true,1,
7290017105369,false,סירופ דיאט בטעם תה אפרסק יכין (1 ליטר),זנלכל בעמ,,,"י""ח",1,ליטר,false,1,18.90,18.90,false,1,
7290017105550,false,רביעיית רסק עגבניות 100% יכין 4X100 גרם,היינץ צפון אמריקה מק,,,"י""ח",400,ל גרם,false,1,13.90,3.48,false,1,
7290017105895,false,גרגרי חומוס להכנת חומוס משובח יכין 560 ג,זנלכל בעמ,,,"י""ח",560,ל גרם,false,1,9.90,1.77,true,1,
7290017106069,false,"קוביות סלק יכין, 550 גרם",היינץ צפון אמריקה מק,,,"י""ח",550,ל גרם,false,1,9.90,1.80,false,1,
7290017121093,false,"אריסה חריפה 250 גרם ""עללחם""","מדשא תעשיות מזון בע""\מ",,,"י""ח",250,ל גרם,false,1,14.90,5.96,true,1,
7290017129495,false,אגו מיקס כדורי תירס מצופים שוקולד חלב כרמית 55 גרם,כרמית תעשיות ממתקים בעמ,,,"י""ח",55,ל גרם,false,1,3.90,7.09,true,1,
7290017129501,false,אגו מיקס כדורי תירס מצופים שוקולד לבן כרמית 55 גרם,כרמית תעשיות ממתקים בעמ,,,"י""ח",55,ל גרם,false,1,3.90,7.09,true,1,
7290017129518,false,אגו מיקס כדורי תירס מצופים שוקולד חלב ולבן כרמית 55 גרם,כרמית תעשיות ממתקים בעמ,,,"י""ח",55,ל גרם,false,1,3.90,7.09,true,1,
7290017129617,false,לקקן קולה לימונדה 450 גרם כרמית,כרמית תעשיות ממתקים בעמ,,,"י""ח",450,ל גרם,false,1,16.90,3.76,true,1,
7290017129624,false,כרמית לקקן ענבים תפוח 450 גרם,כרמית תעשיות ממתקים בעמ,,,"י""ח",450,ל גרם,false,1,16.90,3.76,true,1,
7290017129754,false,"שוקולד מריר מעולה 70% מוצקי קקאו 100 גר בד""ץ",כרמית תעשיות ממתקים בעמ,,,"י""ח",100,ל גרם,false,1,7.90,7.90,true,1,
7290017129761,false,שוקולד פרימיום 70% מריר בטעם תפוז כרמית 100 גרם,"כרמית תעשיות ממתקים בע""\",,,"י""ח",100,ל גרם,false,1,7.90,7.90,true,1,
7290017129778,false,שוקולד פרימיום 70% מריר בטעם קפה כרמית 100 גרם,"כרמית תעשיות ממתקים בע""\",,,"י""ח",100,ל גרם,false,1,7.90,7.90,true,1,
7290017129822,false,מטבעות שוקולד מריר 36 גרם כרמית,כרמית תעשיות ממתקים בעמ,,,"י""ח",36,ל גרם,false,1,3.90,10.83,true,1,
7290017129839,false,שוקולד פרימיום 70% מריר בטעם פטל כרמית 100 גרם,כרמית תעשיות ממתקים בעמ,,,"י""ח",100,ל גרם,false,1,7.90,7.90,true,1,
7290017129846,false,עוגיות מיני קוקיס בטעם קרמל בצנצנת כרמית 600 גרם,כרמית תעשיות ממתקים בעמ,,,"י""ח",600,"ס""מ",false,1,16.90,2.82,false,1,
7290017129877,false,מיקס 40 יחידות לקקנים שטוחים כרמית 180 גרם,כרמית תעשיות ממתקים בעמ,,,"י""ח",30000,ל גרם,false,1,11.90,0.04,false,1,
7290017129884,false,חמישיות שוקולד מריר 44% 85 גר*5*12 בקרטון,"כרמית תעשיות ממתקים בע""\",,,"י""ח",85,ל גרם,false,1,16.90,19.88,true,1,
7290017140308,false,קמח שקדים 250 גרם ללא גלוטן,גורי מוצרי צריכה (1991) בעמ,,,"י""ח",500,ל גרם,false,1,24.90,4.98,false,1,
7290017142005,false,"שמן קוקוס אורגני עץ הזית צנצנת 320מ""ל",סוגת תעשיות בעמ,,,"י""ח",320,"ל מ""ל",false,1,25.90,8.09,false,1,
7290017142128,false,"שמן זית כתית מעולה קלאסי עץ הזית 750 מ""ל",סוגת תעשיות בעמ,,,"י""ח",750,"ל מ""ל",false,1,29.90,3.99,true,1,
7290017142166,false,"פילה טונה פרוס עם שמן זית 120 גרם ""עץ הזית""","יוניקורד ח.צ בע""מ",,,"י""ח",120,ל גרם,false,1,14.90,12.42,false,1,
7290017142180,false,פילה טונה בשמן זית בטעם לימון עם פלפל שחור 120 ג',"יוניקורד ח.צ בע""מ",,,"י""ח",120,ל גרם,false,1,14.90,12.42,false,1,
7290017142203,false,"פילה טונה פרוס עם שמן זית בטעם מעושן 120 גרם ""עץ הזית""","יוניקורד ח.צ בע""מ",,,"י""ח",120,ל גרם,false,1,14.90,12.42,false,1,
7290017142340,false,שמן זרעי ענבים מזוכך 1 ליטר עץ הזית*,אף.ג'\יי.סנצ'\ז סוקחורס,,,"י""ח",1,ליטר,false,1,25,25,false,1,
7290017142418,false,"LUNCH TO GO אורז עם עדשים טונה בשמן זית 160 גרם ""עץ הזית""",יוניקורד ח.צ בעמ,,,"י""ח",160,ל גרם,false,1,13.90,8.69,false,1,
7290017142487,false,"LUNCH TO GO בורגול עם חומוס טונה בשמן זית 160 גרם ""עץ הזית""",יוניקורד ח.צ בעמ,,,"י""ח",160,ל גרם,false,1,13.90,8.69,false,1,
7290017161037,false,שמיר מהדרין חסלט,ביכורי השדה צפון 1994 ג.ד. בעמ,,,"י""ח",1,,false,1,6.90,6.90,false,1,
7290017189246,false,מיני פנקייק אפוי קפוא WOOPS,קפוא זן תעשיות מזון בעמ,,,"י""ח",500,ל גרם,false,1,19.90,3.98,false,1,
7290017189253,false,קרפ אפוי קפוא 600 גר`woops,קפוא-זן תעשיות מזון בעמ - תפוג,,,"י""ח",600,ל גרם,false,1,19.90,3.32,false,1,
7290017217031,false,נובי שלישיית כפיות מסיליקון רך,אינטרסן (1996) בעמ,,,"י""ח",1,,false,1,24.90,24.90,false,1,
7290017217062,false,נובי כדור נשכן מסליקון,אינטרסן (1996) בעמ,,,"י""ח",1,"י""ח",false,1,31.90,31.90,false,1,
7290017217086,false,נובי סנר טטרה עם נשכן 2 יח,אינטרסן (1996) בעמ,,,"י""ח",1,"י""ח",false,1,33.90,33.90,false,1,
7290017217307,false,נרות חימום ריחניים בניחות ורדים 50יח',אינטרסן (1996) בעמ,,,"י""ח",50,"י""ח",false,1,13.90,0.28,false,1,
7290017217321,false,נרות חימום ריחניים בניחות לוונדר 50יח',אינטרסן (1996) בעמ,,,"י""ח",50,"י""ח",false,1,13.90,0.28,false,1,
7290017252636,false,"עוגת דבש 270 גרם ""עוגלה""",בני פאוזי שמשום (2009) בעמ,,,"י""ח",270,ל גרם,false,1,5.90,2.19,false,1,
7290017252858,false,עוגת שמרים חלבה עוגל ה 240ג,בני פאוזי שמשום (2009) בעמ,,,"י""ח",240,ל גרם,false,1,8.90,3.71,false,1,
7290017266046,false,מארז וופל קראנצ' אישי 30 יחידות עלמה,ח.כהן סוכנות מזון ומשקאות בע,,,"י""ח",30,"י""ח",false,1,18.90,0.63,false,1,
7290017266053,false,"וופל עלמה לל""ס במילוי קרם טעם לימון 175 גר",ח.כהן סוכנות מזון ומשקאות בע,,,"י""ח",175,ל גרם,false,1,7.90,4.51,false,1,
7290017266060,false,וופל קראנצ`מילוי קרם בטעם שוקולד 175 גר,ח.כהן סוכנות מזון ומשקאות בע,,,"י""ח",175,ל גרם,false,1,7.90,4.51,false,1,
7290017266312,false,וופל מילוי קרם בטעם שוקולד 150 גרם,ח.כהן סוכנות מזון ומשקאות בע,,,"י""ח",15,ל גרם,false,1,3.20,21.33,false,1,
7290017266343,false,וופל קראנץ במילוי קרם שוקולד 150 גרם,ח.כהן סוכנות מזון ומשקאות בע,,,"י""ח",15,ל גרם,false,1,3.20,21.33,false,1,
7290017266527,false,וופל קראנץ בטעם אגוז 150 גרם עלמה.,ח.כהן סוכנות מזון ומשקאות בע,,,"י""ח",15,ל גרם,false,1,3.20,21.33,false,1,
7290017266916,false,וופלים מעולים במילוי קרם בטעם לימון SUNי 200 גרם,ח.כהן סוכנות מזון ומשקאות בע,,,"י""ח",200,ל גרם,false,1,4.90,2.45,false,1,
7290017275130,false,עוגת שמרים אישית במילוי פרג 120 גרם,אחדות בעמ,,,"י""ח",120,ל גרם,false,1,3.90,3.25,true,1,
7290017275147,false,עוגת שמרים אישית דניש קינמון אחוה 120 גרם,"אחדות בע""מ",,,"י""ח",120,ל גרם,false,1,3.90,3.25,true,1,
7290017275154,false,עוגת שמרים אישית שוקולד אחוה 120 גרם,אחדות ביחר לטחינה חל,,,"י""ח",120,ל גרם,false,1,3.90,3.25,true,1,
7290017275338,false,טחינה גולמית 500 טורקיז אחווה*,אחדות ביתחרושת לטחינה חלבה,,,"י""ח",500,ל גרם,false,1,9.90,1.98,false,1,
7290017275352,false,"עוגת שמרים קרנץ תפו""ע וקינמון 400 גר' אחדות",אחדות בעמ,,,"י""ח",400,ל גרם,false,1,10.90,2.73,false,1,
7290017275369,false,טורקיז- טחינה משומשום מלא 500 גרם,אחדות ביתחרושת לטחינה חלבה,,,"י""ח",500,ל גרם,false,1,12.90,2.58,false,1,
7290017275413,false,מיני קצפיות בטעם וניל אחוה 140 גרם,אחדות ביתחרושת לטחינה חלבה,,,"י""ח",140,ל גרם,false,1,8.90,6.36,false,1,
7290017275420,false,מיני קצפיות בטעם תות אחוה 140 גרם,אחדות ביתחרושת לטחינה חלבה,,,"י""ח",140,ל גרם,false,1,8.90,6.36,false,1,
7290017275710,false,חטיפי בננית במגש 12 יח' אחוה,אחדות ביתחרושת לטחינה חלבה,,,"י""ח",12,"י""ח",false,1,10.90,0.91,false,1,
7290017275727,false,חטיפי תותית במגש 12 יח' אחוה,אחדות ביתחרושת לטחינה חלבה,,,"י""ח",12,"י""ח",false,1,10.90,0.91,false,1,
7290017275741,false,חלוה עם אגוזי לוז במגש 400 גרם אחווה,אחדות ביתחרושת לטחינה חלבה,,,"י""ח",400,ל גרם,false,1,12.90,3.23,false,1,
7290017285887,false,אולטרסול ספורט קרם פנים צורני 30/50 גלשן,פישר תעשיות פרמצבטיות בעמ,,,"י""ח",1,,false,1,29.90,29.90,false,1,
7290017285894,false,"ד""ר פישר - אולטרסול קידס קרם פנים צורני 30 מ""ל 50SPF",פישר תעשיות פרמבצטיות בעמ,,,"י""ח",50,"ל מ""ל",false,1,29.90,59.80,false,1,
7290017289175,false,"יין ישראלי פטיט סירה אפרת 750 מ""ל",יקב טפרברג 1870 בעמ (יינות ומש,,,"י""ח",750,"ל מ""ל",false,1,21.90,2.88,false,1,
7290017289205,false,"יין ישראלי קברנה סוביניון אפרת 750 מ""ל",יקב טפרברג 1870 בעמ (יינות ומש,,,"י""ח",750,"ל מ""ל",false,1,21.90,2.88,false,1,
7290017297149,false,גרגירי חומוס להכנת חומוס ביתי פרי הגליל 550 גרם,ויטה- פרי גליל (החדשה) בעמ,,,"י""ח",550,ל גרם,false,1,7.90,1.44,true,1,
7290017297330,false,"טל רוטב עגבניות מרוכז, 240 גרם",ויטה פרי גליל (החדשה) בע`מ,,,"י""ח",600,ל גרם,false,1,3.90,0.65,true,1,
7290017297392,false,תירס קפוא פרי אדמה 800ג,לפ ויטה פרי גליל (החדשה) בעמ,,,"י""ח",800,ל גרם,false,1,12.90,1.61,true,1,
7290017297415,false,אפונה קפואה פרי אדמה 800ג.,לפ ויטה פרי גליל (החדשה) בעמ,,,"י""ח",800,ל גרם,false,1,12.90,1.61,true,1,
7290017297422,false,אפונה וגזר קפוא פרי אדמה 800ג,לפ ויטה פרי גליל (החדשה) בעמ,,,"י""ח",800,ל גרם,false,1,12.90,1.61,true,1,
7290017297453,false,שעועית שלמה קפואה פרי אדמה 800ג,לפ ויטה פרי גליל (החדשה) בעמ,,,"י""ח",800,ל גרם,false,1,12.90,1.61,true,1,
7290017297477,false,פול קפוא פרי אדמה 800ג,ויטה פרי גליל (החדשה) בעמ,,,"י""ח",800,ל גרם,false,1,14.90,1.86,true,1,
7290017297484,false,שעועית אדומה פרי אדמה 800ג,ויטה פרי גליל (החדשה) בעמ,,,"י""ח",800,ל גרם,false,1,16.90,2.11,true,1,
7290017297491,false,חומוס פרי אדמה 800ג,ויטה פרי גליל (החדשה) בעמ,,,"י""ח",800,ל גרם,false,1,14.90,1.86,true,1,
7290017297507,false,גזר גמדי פרי אדמה 800ג,לפ ויטה פרי גליל (החדשה) בעמ,,,"י""ח",800,ל גרם,false,1,12.90,1.61,true,1,
7290017297521,false,ברוקולי פרי אדמה 800ג,ויטה פרי גליל (החדשה) בעמ,,,"י""ח",800,ל גרם,false,1,19.90,2.49,true,1,
7290017297545,false,תחתיות ארטישוק פרי אדמה 400ג,ויטה פרי גליל (החדשה) בעמ,,,"י""ח",400,ל גרם,false,1,10.90,2.73,true,1,
7290017297552,false,במיה פרי אדמה 600ג,לפ ויטה פרי גליל (החדשה) בעמ,,,"י""ח",600,ל גרם,false,1,12.90,2.15,true,1,
7290017297569,false,"פולי סויה פרי אדמה 1ק""ג",ויטה פרי גליל (החדשה) בעמ,,,"י""ח",1,"ק""ג",false,1,19.90,19.90,true,1,
7290017297576,false,פולי סויה פרי אדמה 450ג,ויטה פרי גליל (החדשה) בעמ,,,"י""ח",450,ל גרם,false,1,8.90,1.98,true,1,
7290017297620,false,רסק עגבניות A2 BX22 טל וטרי 570 גר',ויטה- פרי גליל (החדשה) בעמ,,,"י""ח",600,ל גרם,false,1,5.90,0.98,false,1,
7290017297736,false,לקט לקוסקוס פרי אדמה 800ג,ויטה פרי גליל (החדשה) בעמ,,,"י""ח",800,ל גרם,false,1,19.90,2.49,true,1,
7290017304885,false,לחם שיפון מחיטה מלאה ללא תוספת סוכר 750 ג' אנג'ל,מאפיית שלמה א. אנג'\ל בע,,,"י""ח",750,ל גרם,false,1,16.90,2.25,false,1,
7290017440231,false,סרקל שמפו לילדים לשיער מתולתל 1 ליטר,"פישר תעשיות פרמצביטות בע""מ",,,"י""ח",325,ל גרם,false,1,29.90,9.20,false,1,
7290017440248,false,סרקל מרכך לילדים לשיער מתולתל 1 ליטר,"פישר תעשיות פרמצביטות בע""מ",,,"י""ח",325,ל גרם,false,1,29.90,9.20,false,1,
7290017440286,false,"ד""ר פישר - קידס מרכך ויטמינים 750 מ""ל","פישר תעשיות פרמצביטות בע""מ",,,"י""ח",750,"ל מ""ל",false,1,16.90,2.25,false,1,
7290017440309,false,"ד""ר פישר - קידס שמפו ויטמינים 750 מ""ל","פישר תעשיות פרמצביטות בע""מ",,,"י""ח",750,"ל מ""ל",false,1,16.90,2.25,false,1,
7290017457574,false,כדוריות סבון נתלה לאסלה בניחוח פרחים - 3 יח',גורי שיווק בעמ,,,"י""ח",204,"ל מ""ל",false,1,14.90,7.30,false,1,
7290017457703,false,"מרכך כביסה סוד מרוכז ארומתרפי זהב 900 מ""ל",גורי שיווק בעמ,,,"י""ח",90,"ל מ""ל",false,1,11.90,13.22,true,1,
7290017457710,false,"סוד ארומתרפי סגול מרכך כביסה מרוכז20%+בישום 900 מ""ל",גורי שיווק בעמ,,,"י""ח",90,"ל מ""ל",false,1,11.90,13.22,true,1,
7290017457727,false,"סוד כחול מרכך כביסה מרוכז20%+בישום 900 מ""ל",גורי שיווק בעמ,,,"י""ח",90,"ל מ""ל",false,1,11.90,13.22,true,1,
7290017457734,false,"סוד ורוד מרכך כביסה מרוכז20%+בישום 900 מ""ל",גורי שיווק בעמ,,,"י""ח",90,"ל מ""ל",false,1,11.90,13.22,true,1,
7290017457871,false,סוד ג'ל כביסה ירוק טוטאל 4 ליטר,גורי שיווק בעמ,,,"י""ח",2.50,ליטר,false,1,29.90,11.96,false,1,
7290017457888,false,סוד ג'ל כביסה כחול טוטאל 4 ליטר,גורי שיווק בעמ,,,"י""ח",4,ליטר,false,1,29.90,7.48,false,1,
7290017457925,false,סוד מרכך כביסה מרוכז פרש קונטרול ורוד,גורי שיווק בעמ,,,"י""ח",90,"ל מ""ל",false,1,11.90,13.22,true,1,
7290017477169,false,קשיו קלוי 250 גרם ששון הקולה,דין שיווק וקליה 2021 בעמ,,,"י""ח",250,ל גרם,false,1,19.90,7.96,false,1,
7290017477558,false,שמן זית כתית מעולה אספניולה 750 מל,דין שיווק וקליה 2021 בעמ,,,"י""ח",750,"ל מ""ל",false,1,33.90,4.52,false,1,
7290017513485,false,מחית עגבניות רוסטיקה גרנד איטליה 680 גרם,תה ויסוצקי (ישראל) בעמ,,,"י""ח",700,ל גרם,false,1,11.90,1.70,true,1,
7290017513775,false,פליפז בייגלה מצופה שוקולד חלב מקוויטיס 140 גרם,תה ויסוצקי (ישראל) בעמ,,,"י""ח",140,ל גרם,false,1,8.90,6.36,true,1,
7290017586007,false,גזר ארוז,ביכורי השדה צפון 1994 ג.ד. בעמ,,,"ק""ג",1,"ק""ג",true,1,3.90,3.90,false,1,
7290017589565,false,"ברקן, גוורצטרמינר לבן חצי יבש 750 מל",טמפו משקאות בעמ,,,"י""ח",750,"ל מ""ל",false,1,32.90,4.35,true,1,
7290017589633,false,"רזרב גולד אדישיין קברנה סוביניון 750 מ""ל",טמפו משקאות בעמ,,,"י""ח",750,"ל מ""ל",false,1,49.90,6.61,true,1,
7290017599229,false,ממתיק סוכרלוז 200 טבליות סוכרזית,שטראוס גרופ בע`מ,,,"י""ח",200,"י""ח",false,1,20.90,0.10,true,1,
7290017599236,false,סוכרזית סיטיוויה 200 טבליות,סנו מפעלי ברונוס.,,,"י""ח",200,"י""ח",false,1,24.90,0.12,true,1,
7290017599304,false,סוכרזית מהטבע סטיוויה כפית לכפית 400 גרם,שטראוס גרופ בע`מ,,,"י""ח",400,"י""ח",false,1,35.90,0.09,true,1,
7290017617411,false,סטארקיסט מיקס סלמון עם אורז מלא וירקות 160 גרם,דיפלומט מפיצים (1968) בעמ**,,,"י""ח",80,ל גרם,false,1,14.90,18.63,false,1,
7290017641096,false,"שוקולד פרימיום 70% לל""ס 100גרם בדצ *12יח*2 בדיס",כרמית תעשיות ממתקים בעמ,,,"י""ח",100,ל גרם,false,1,8.90,8.90,true,1,
7290017641102,false,שוקולד פרימיום 70% ללא סוכר בטעם תפוז 100 גרם,כרמית תעשיות ממתקים בעמ,,,"י""ח",100,ל גרם,false,1,8.90,8.90,true,1,
7290017641119,false,שוקולד פרימיום 85% מריר כרמית 100 גרם,כרמית תעשיות ממתקים בעמ,,,"י""ח",100,ל גרם,false,1,7.90,7.90,true,1,
7290017641188,false,קרקר עם שיפון מלא וסלק כרמית 130 גרם,כרמית תעשיות ממתקים בעמ,,,"י""ח",130,ל גרם,false,1,6.90,5.31,true,1,
7290017641379,false,חמישיות שוקולד חלב בדצ 85 ג*5 בלמינט*12 בקרט בדצ,כרמית תעשיות ממתקים בעמ,,,"י""ח",85,ל גרם,false,1,16.90,19.88,true,1,
7290017641591,false,"מרשמלו ורוד לבן 30גר` בד""צ",כרמית תעשיות ממתקים בעמ,,,"י""ח",30,ל גרם,false,1,2,6.67,true,1,
7290017641676,false,"שלישיית שוקולד מריר אגוזים אגו כרמית 255 גרם כשל""פ",כרמית תעשיות ממתקים בעמ,,,"י""ח",255,ל גרם,false,1,12.90,5.06,false,1,
7290017641720,false,שוקולד פרימיום 70% שברי שקד כרמית 100 גרם,כרמית תעשיות ממתקים בעמ,,,"י""ח",85,ל גרם,false,1,7.90,9.29,true,1,
7290017641737,false,שוקולד פרימיום 70% שברי אגוז כרמית 100 גרם,כרמית תעשיות ממתקים בעמ,,,"י""ח",85,ל גרם,false,1,7.90,9.29,true,1,
7290017641782,false,טופי אצבעות בטעם תות כרמית 804 גרם,כרמית תעשיות ממתקים בעמ,,,"י""ח",804,ל גרם,false,1,19.90,2.48,false,1,
7290017641812,false,טופי אצבעות בטעם מיקס פירות כרמית 804 גרם,כרמית תעשיות ממתקים בעמ,,,"י""ח",804,ל גרם,false,1,19.90,2.48,false,1,
7290017641829,false,"טופי ממולא בטעמי פירות 600 גר' בד""ץ כרמית",שוגבי סקרלמה גידה אינסט,,,"י""ח",80,ל גרם,false,1,12.90,16.13,false,1,
7290017647425,false,"יין גמלא קברנה סוביניון שנת 2018 750 מ""ל",היכל היין שקד גולן בעמ,,,"י""ח",750,"ל מ""ל",false,1,69.90,9.28,true,1,
7290017647470,false,ירדן-הר חרמון מג`נטה 750 מל,היכל היין שקד גולן בעמ,,,"י""ח",750,"ל מ""ל",false,1,36.90,4.88,true,1,
7290017647852,false,"יין ירדן מרלו 2019 750 מ""ל",היכל היין שקד גולן בעמ,,,"י""ח",750,"ל מ""ל",false,1,99.90,13.28,false,1,
7290017677804,false,"רוטב סויה קיקומן ללא חומרים משמרים 444 מ""ל",דיפלומט מפיצים (1968) בעמ**,,,"י""ח",444,"ל מ""ל",false,1,19.90,4.48,false,1,
7290017677811,false,"רוטב סויה קיקומן ללא חומרים משמרים 296 מ""ל",דיפלומט מפיצים (1968) בעמ**,,,"י""ח",296,"ל מ""ל",false,1,24.90,8.41,true,1,
7290017682099,false,מקל מטאטא טיטניוום,*** מ.א.ייצור ויבוא מטליות,,,"י""ח",1,,false,1,6,6,false,1,
7290017687117,false,"צלחות פלסטיק עבות במיוחד 1ק""ג",שפע טוב סנטר בעמ,,,"י""ח",66,"י""ח",false,1,37.90,0.57,false,1,
7290017712130,false,פרמיו מזון מלא פאוץ עם סלמון ברוטב לחתלת,שחורי אריה ואנסטסיה,,,"י""ח",85,ל גרם,false,1,4,4.71,true,1,
7290017712147,false,פרמיו מזון מלא פאוץ עם עוף ברוטב לחתול 8,שחורי אריה ואנסטסיה,,,"י""ח",85,ל גרם,false,1,4,4.71,true,1,
7290017712161,false,פרמיו מזון מלא פאוץ עם סלמון בג`לי לחתול,שחורי אריה ואנסטסיה,,,"י""ח",85,ל גרם,false,1,4,4.71,true,1,
7290017712192,false,פרמיו שימורי מזון מלא עם נתחי פילה עוף ו,שחורי אריה ואנסטסיה,,,"י""ח",100,ל גרם,false,1,4,4,true,1,
7290017712208,false,פרמיו נתחי פילה עוף וברווז 100 גר,שחורי אריה ואנסטסיה,,,"י""ח",100,ל גרם,false,1,4,4,true,1,
7290017712222,false,פרמיו שימורי מזון מלא עם דגי ים ברוטב לח,שחורי אריה ואנסטסיה,,,"י""ח",100,ל גרם,false,1,4,4,true,1,
7290017712239,false,פרמיו שימורי מזון מלא עם עוף לכלב במקרם,שחורי אריה ואנסטסיה,,,"י""ח",150,ל גרם,false,1,4,2.67,true,1,
7290017712260,false,פרמיו פטה סלמון לכלב 150ג',שחורי אריה ואנסטסיה,,,"י""ח",150,ל גרם,false,1,4,2.67,true,1,
7290017712277,false,פרמיו שימורי מזון מלא עם כבש במרקם פטה פ,שחורי אריה ואנסטסיה,,,"י""ח",150,ל גרם,false,1,4,2.67,true,1,
7290017712611,false,הוריזן פאוץ עוף לחתול 85 גרם,שחורי אריה ואנסטסיה,,,"י""ח",85,ל גרם,false,1,5,5.88,true,1,
7290017712628,false,סלמון לחתול פאוץ 85 ג הורייזן,רנדי בעמ,,,"י""ח",85,ל גרם,false,1,5,5.88,true,1,
7290017712635,false,בקר ברוטב לחתול פאוץ 85 ג הורייזן,רנדי בעמ,,,"י""ח",85,ל גרם,false,1,5,5.88,true,1,
7290017712727,false,פרמיו גור חתולים בקר וכבד,שחורי אריה ואנסטסיה,,,"י""ח",100,ל גרם,false,1,4,4,true,1,
7290017712758,false,פרמיו סלמון לחתול,שחורי אריה ואנסטסיה,,,"י""ח",100,ל גרם,false,1,4,4,true,1,
7290017712765,false,פרימו סלמון ופורל לחתול,שחורי אריה ואנסטסיה,,,"י""ח",100,ל גרם,false,1,4,4,true,1,
7290017712772,false,פרמיו ברק וכבד לחתול,שחורי אריה ואנסטסיה,,,"י""ח",100,ל גרם,false,1,4,4,true,1,
7290017712789,false,פרמיו סטריליז עוף 100 גר`,שחורי אריה ואנסטסיה,,,"י""ח",100,ל גרם,false,1,4,4,true,1,
7290017712864,false,פרמיו מקלות סלמון לכלב,פרמיו Premio,,,"י""ח",100,ל גרם,false,1,15,15,true,1,
7290017712949,false,פרמיו כריות סטרילייז לחתול,שחורי אריה ואנסטסיה,,,"י""ח",60,ל גרם,false,1,10,16.67,true,1,
7290017724157,false,"עוגיות מעדן תפו""ע ללא סוכר אקלר",הלל בן הלל שיווק ומסחר בעמ,,,"י""ח",250,ל גרם,false,1,23.90,9.56,false,1,
7290017724164,false,עוגיות אוזניים ללא סוכר אקלר,הלל בן הלל שיווק ומסחר בעמ,,,"י""ח",250,ל גרם,false,1,23.90,9.56,false,1,
7290017724171,false,עוגיות סנדביץ ריבה ללא סוכר אקלר 200 גרם,הלל בן הלל שיווק ומסחר בעמ,,,"י""ח",250,ל גרם,false,1,23.90,9.56,false,1,
7290017724201,false,עוגיות ואן גוך ללא סוכר אקלר,הלל בן הלל שיווק ומסחר בעמ,,,"י""ח",250,ל גרם,false,1,23.90,9.56,false,1,
7290017724218,false,עוגיות תמר אגוז ללא סוכר אקלר,הלל בן הלל שיווק ומסחר בעמ,,,"י""ח",250,ל גרם,false,1,23.90,9.56,false,1,
7290017724263,false,עוגיות בטוהבן ללא סוכר אקלר,הלל בן הלל שיווק ומסחר בעמ,,,"י""ח",300,ל גרם,false,1,23.90,7.97,false,1,
7290017812052,false,יין שיראז-קברנה סוביניון אקסלנס יקבי כרמל,אגודת הכורמים בעמ,,,"י""ח",750,"ל מ""ל",false,1,24.90,3.28,false,1,
7290017812069,false,יין אמרלד ריזלינג שרדונה אקסלנס Excellence,אגודת הכורמים בעמ,,,"י""ח",750,"ל מ""ל",false,1,24.90,3.28,false,1,
7290017812342,false,יין ספארקלינג מוג ו אדום חצי יבש מוגז,"כד בני דרום בע""מ",,,"י""ח",750,"ל מ""ל",false,1,24.90,3.28,false,1,
7290017812571,false,מיץ ענבים תירוש אדום 100% טבעי כרמל 1 ליטר,אגודת הכורמים -כרמל מזרחי,,,"י""ח",1,ליטר,false,1,19.90,19.90,false,1,
7290017812588,false,מיץ ענבים תירוש לבן 100% טבעי כרמל 1 ליטר,אגודת הכורמים -כרמל מזרחי,,,"י""ח",1,ליטר,false,1,19.90,19.90,false,1,
7290017812595,false,"יין ישן נושן לייט כרמל 3.5% אלכוהל 750 מ""ל",יקבי כרמל Carmel Winery,,,"י""ח",750,"ל מ""ל",false,1,19,2.49,true,1,
7290017812618,false,מיץ ענבים תירוש אדום רוזה כרמל 1 ליטר,אגודת הכורמים -כרמל מזרחי,,,"י""ח",1,ליטר,false,1,19.90,19.90,false,1,
7290017812847,false,"יין כרמל סלקטד פרנץ' גוורצטרמינר, 750 מ""ל","כד בני דרום בע""מ",,,"י""ח",750,"ל מ""ל",false,1,29.90,3.95,true,1,
7290017812861,false,יין לבש יבש ( 750 מל) וינו,אגודת הכורמים בעמ,,,"י""ח",750,"ל מ""ל",false,1,21,2.76,true,1,
7290017812878,false,"אקסלנס וזה -קברנה סוביניון כרמל 750 מ""ל",אגודת הכורמים בעמ,,,"י""ח",750,"ל מ""ל",false,1,24.90,3.28,false,1,
7290017812885,false,"יין P.C סוביניון בלאן גוורצטרמינר כרמל 750 מ""ל",אגודת הכורמים א.ת אל,,,"י""ח",500,"ל מ""ל",false,1,39.90,7.92,true,1,
7290017812977,false,"יין קריניאנו סלקטדאננס באז כרמל 750 מ""ל",אגודת הכורמים -כרמל מזרחי,,,"י""ח",750,"ל מ""ל",false,1,27.90,3.68,true,1,
7290017816111,false,פתי בר הכוסמין המקורי 220 גר`,גורי מוצרי צריכה (1991) בעמ,,,"י""ח",250,ל גרם,false,1,10.90,4.36,false,1,
7290017841151,false,קינוחיות קערית כפית ומכסה 12 יח`שווה,ח.כהן סוכנות מזון ומשקאות בע,,,"י""ח",30,"י""ח",false,1,9.90,0.33,false,1,
7290017841168,false,קינוחיות סיר עם מכסה 12 יח`שווה,ח.כהן סוכנות מזון ומשקאות בע,,,"י""ח",30,"י""ח",false,1,9.90,0.33,false,1,
7290017841250,false,נוזל חלונות 1ליטר שווה,ח.כהן סוכנות מזון ומשקאות בע,,,"י""ח",1,ליטר,false,1,6.90,6.90,false,1,
7290017841267,false,"צלחת קטן 1 ק""ג (132 יח`)שווה *",ח.כהן סוכנות מזון ומשקאות בע,,,"י""ח",1,"י""ח",false,1,39.90,39.90,false,1,
7290017841502,false,נרות שבת ארוך 72 שווה,ח.כהן סוכנות מזון ומשקאות בע,,,"י""ח",1,"י""ח",false,1,28.90,28.90,false,1,
7290017841519,false,פתילונים משושים שווה,ח.כהן סוכנות מזון ומשקאות בע,,,"י""ח",1,,false,1,4.90,4.90,false,1,
7290017841625,false,מטליות מיקרופיבר אנטיבקטריאלי לרצפה *2,ח.כהן סוכנות מזון ומשקאות בע,,,"י""ח",2,"י""ח",false,1,16.90,8.45,true,1,
7290017841632,false,מטליות מיקרופיבר אנטיבקטריאלי כללי 10*,ח.כהן סוכנות מזון ומשקאות בע,,,"י""ח",10,"י""ח",false,1,16.90,1.69,true,1,
7290017841649,false,מארז מטליות מיקרופייבר ניקוי כללי/רצפה,ח.כהן סוכנות מזון ומשקאות בע,,,"י""ח",10,"י""ח",false,1,24.90,2.49,false,1,
7290017841656,false,מטליות מיקרופייבר מקצועי *2 50/80 שוו,ח.כהן סוכנות מזון ומשקאות בע,,,"י""ח",2,"י""ח",false,1,17.90,8.95,false,1,
7290017841663,false,מטליות מיקרופייבר מקצועי *3 30/30 שוו,ח.כהן סוכנות מזון ומשקאות בע,,,"י""ח",3,"י""ח",false,1,9.90,3.30,false,1,
7290017841687,false,ספוג הפלא בלוק איכותי שווה* (24 בקר`),ח.כהן סוכנות מזון ומשקאות בע,,,"י""ח",1,"י""ח",false,1,4.90,4.90,true,1,
7290017841694,false,"כפפות ניטריל ""S שווה""100יח",ח.כהן סוכנות מזון ומשקאות בע,,,"י""ח",100,"י""ח",false,1,21.90,0.22,false,1,
7290017841700,false,"כפפות ניטריל ""M שווה""100יח",ח.כהן סוכנות מזון ומשקאות בע,,,"י""ח",100,"י""ח",false,1,21.90,0.22,false,1,
7290017841717,false,"כפפות ניטריל ""L שווה""100יח",ח.כהן סוכנות מזון ומשקאות בע,,,"י""ח",100,"י""ח",false,1,21.90,0.22,false,1,
7290017841724,false,"כפפות ניטריל ""XL שווה""100יח",ח.כהן סוכנות מזון ומשקאות בע,,,"י""ח",100,"י""ח",false,1,21.90,0.22,false,1,
7290017841731,false,מטליות מיקרופייבר גדולות במיוחד *2 שוו,ח.כהן סוכנות מזון ומשקאות בע,,,"י""ח",2,"י""ח",false,1,14.90,7.45,false,1,
7290017841762,false,"חומץ תפוחי עץ 500מ""ל 5% שווה",ח.כהן סוכנות מזון ומשקאות בע,,,"י""ח",500,"ל מ""ל",false,1,11.90,2.38,false,1,
7290017841779,false,"חומץ בלסמי 6% 500 מ""ל בד""ץ שווה*",פרידמן תעשיות חומץ ומזון בעמ,,,"י""ח",500,"ל מ""ל",false,1,18.90,3.78,false,1,
7290017841830,false,קרטיב פיל 50 יח`שווה,ח.כהן סוכנות מזון ומשקאות בע,,,"י""ח",50,"י""ח",false,1,12.90,0.26,false,1,
7290017841885,false,דלי מגבונים ניקוי כללי 400 יח שווה*,ח.כהן סוכנות מזון ומשקאות בע,,,"י""ח",400,"י""ח",false,1,19.90,0.05,true,1,
7290017841892,false,דלי מגבונים 99% חיטוי 400יח שווה,ח.כהן סוכנות מזון ומשקאות בע,,,"י""ח",400,"י""ח",false,1,23.90,0.06,false,1,
7290017842035,false,תבניות+מכסים מבלנית עמוקה 80A+R64 שווה,ח.כהן סוכנות מזון ומשקאות בע,,,"י""ח",5,"י""ח",false,1,9.90,1.98,false,1,
7290017842110,false,"שקיות נייר מאוירות""שווה"" 50 יחידות*",ח.כהן סוכנות מזון ומשקאות בע,,,"י""ח",50,"י""ח",false,1,8.90,0.18,false,1,
7290017842127,false,"ניירות סנדויץ` מאוירים ""שווה"" 100 יח",ח.כהן סוכנות מזון ומשקאות בע,,,"י""ח",100,"י""ח",false,1,9.90,0.10,false,1,
7290017842158,false,נייר אפייה איכותי 40יח שווה,ח.כהן סוכנות מזון ומשקאות בע,,,"י""ח",1,"י""ח",false,1,9.90,9.90,true,1,
7290017842202,false,נייר טישו כיס מארז 10 יח` שווה,ח.כהן סוכנות מזון ומשקאות בע,,,"י""ח",1,,false,1,6.90,6.90,true,1,
7290017842226,false,פילה סרדין 125 ג בשמן צמחי ללא עור,ח.כהן סוכנות מזון ומשקאות בע,,,"י""ח",125,"ל מ""ל",false,1,5.90,4.72,true,1,
7290017842233,false,מקרל בשמן צמחי 125 גרם שווה,ח.כהן סוכנות מזון ומשקאות בע,,,"י""ח",125,"ל מ""ל",false,1,5.90,4.72,true,1,
7290017842240,false,אנשובי ארוך בפח בשמן זית שווה,ח.כהן סוכנות מזון ומשקאות בע,,,"י""ח",77,ל גרם,false,1,6.90,8.96,false,1,
7290017842318,false,מארז 2 מטליות מיקרופייבר לרצפה שווה*,ח.כהן סוכנות מזון ומשקאות בע,,,"י""ח",2,"י""ח",false,1,15.90,7.95,false,1,
7290017842332,false,פירורי לחם מוזהב 200 גרם שווה.,ח.כהן סוכנות מזון ומשקאות בע,,,"י""ח",200,"ל מ""ל",false,1,3.90,1.95,false,1,
7290017842424,false,סילאן 100% טבעי 700 גר` צנצנת שווה*,ח.כהן סוכנות מזון ומשקאות בע,,,"י""ח",700,ל גרם,false,1,17.90,2.56,true,1,
7290017842431,false,סילאן לחיץ 100% טבעי 470גר` שווה*,ח.כהן סוכנות מזון ומשקאות בע,,,"י""ח",700,ל גרם,false,1,14.90,2.13,true,1,
7290017842448,false,"אננס שלם 227 ג ""שווה"" *",ח.כהן סוכנות מזון ומשקאות בע,,,"י""ח",227,ל גרם,false,1,4.90,2.16,false,1,
7290017842455,false,קוקטייל פירות A2 שווה* (24 בקרטון),ח.כהן סוכנות מזון ומשקאות בע,,,"י""ח",540,ל גרם,false,1,8.90,1.65,false,1,
7290017842493,false,"תירס גמדי 425 גרם ""שווה"" *",ח.כהן סוכנות מזון ומשקאות בע,,,"י""ח",425,"ל מ""ל",false,1,7.90,1.86,false,1,
7290017842530,false,שקיות אוכל ריץ רץ קטנות שווה 15 יחידות,ח.כהן סוכנות מזון ומשקאות בע,,,"י""ח",15,"י""ח",false,1,6.90,0.46,false,1,
7290017842554,false,חמאת בוטנים קראנץ 510גר קלאסית שווה,ח.כהן סוכנות מזון ומשקאות בע,,,"י""ח",510,ל גרם,false,1,10.90,2.14,true,1,
7290017842561,false,חמאת בוטנים קראנץ 510גר קראנץ שווה,ח.כהן סוכנות מזון ומשקאות בע,,,"י""ח",510,ל גרם,false,1,10.90,2.14,true,1,
7290017842578,false,"חמאת בוטנים בד""צ 510 טבעית ""שווה""",ח.כהן סוכנות מזון ומשקאות בע,,,"י""ח",510,ל גרם,false,1,10.90,2.14,true,1,
7290017842806,false,"צלחות ענקיות מעלי דקל 10 יח""שווה""",ח.כהן סוכנות מזון ומשקאות בע,,,"י""ח",1,,false,1,16.90,16.90,false,1,
7290017864228,false,כוסברה ארוז,ביכורי השדה צפון 1994 ג.ד. בעמ,,,"י""ח",1,,false,1,6.90,6.90,true,1,
7290017871950,false,פרשוואנס נייר טואלט לח מתכלה בניחוח לוונדר מארז שלישייה,עלבד משואות יצחק,,,"י""ח",1,,false,1,13.90,13.90,false,1,
7290017872001,false,"קרם החתלה פרשוואנס שמן זית ופרופוליס 100 סמ""ק","דנשר (1963) בע,מ",,,"י""ח",5,"י""ח",false,1,12.50,2.50,false,1,
7290017872063,false,אל סבון ארומתרפי מארז שלישייה 500 מל פמ,אברנסל קוסמטיקס,,,"י""ח",1.50,ליטר,false,1,17.90,11.93,false,1,
7290017872179,false,טוסו - עוגיות טחינה ללא סוכר 200 גרם,"הגביע מוצרי וופלים בע""\מ",,,"י""ח",200,ל גרם,false,1,15.90,7.95,false,1,
7290017872650,false,סבון ידיים פמלי יהלום עם שמן לבנדר 500מל,המאפיה של הרמן,,,"י""ח",500,"ל מ""ל",false,1,9.90,1.98,false,1,
7290017872896,false,גלילונית שקיות אשפה L חזקים 44יח,דנשר (1963) בעמ,,,"י""ח",275,"י""ח",false,1,23.90,0.09,false,1,
7290017873008,false,גלילונית הקפאה זוג 275 יחידות,"אשפלסט תעשיות בע""מ",,,"י""ח",275,"י""ח",false,1,11.90,0.04,false,1,
7290017873015,false,גלילונית גופיה עם ידיות 30יח,דנשר (1963) בעמ,,,"י""ח",30,"י""ח",false,1,14.90,0.50,false,1,
7290017873039,false,מארז זוג שקיות לסנדוויץ גלילונית 2*160 יח',"קינג באג בע""מ",,,"י""ח",320,"י""ח",false,1,11.90,0.04,false,1,
7290017873367,false,קרם ידיים פנג`ל ויטליטי לכל סוגי עור 1,"דנלוג אינטרקוסמא בע""\מ",,,"י""ח",10000,"ל מ""ל",false,1,12.90,0.13,true,1,
7290017873398,false,"תחליב גוף ויטליטי לכל סוגי העור 400 מ""ל פנג'ל","דנלוג אינטרקוסמא בע""\מ",,,"י""ח",400,"ל מ""ל",false,1,26.90,6.73,true,1,
7290017873411,false,"קרם גוף ויטליטי לכל סוגי העור 200 מ""ל פנג'ל","דנלוג אינטרקוסמא בע""\מ",,,"י""ח",200,"ל מ""ל",false,1,29.90,14.95,true,1,
7290017888026,false,"משקה אננס תפוח גזר פרות & ווג 350 מ""ל",יפאורה שותפות מוגבלת לשיווק,,,"י""ח",350,"ל מ""ל",false,1,7.50,2.06,true,1,
7290017888071,false,"שוופס מוגז עדין פירות יער 330 מ""ל פחית",יפאורה שותפות מוגבלת לשיווק,,,"י""ח",330,"ל מ""ל",false,1,5.50,1.58,false,1,
7290017888095,false,"רביעיית פחיות שוופס מוגז עדין פירות יער 330 מ""ל.",יפאורה שותפות מוגבלת לשיווק,,,"י""ח",1.32,ליטר,false,1,13.20,9.09,true,1,
7290017888101,false,"שוויפס מוגז עדין אפרסק מארז רביעייה* 330 מ""ל",יפאורה שותפות מוגבלת לשיווק,,,"י""ח",1.50,ליטר,false,1,13.20,8,true,1,
7290017888354,false,מים מינרליים בקבוק ס,יפאורה שותפות מוגבלת לשיווק,,,"י""ח",750,"ל מ""ל",false,1,4.20,0.52,true,1,
7290017888644,false,"משקה אננס בננה כורכום פרות & ווג 350 מ""ל",יפאורה שותפות מוגבלת לשיווק,,,"י""ח",350,"ל מ""ל",false,1,7.50,2.06,true,1,
7290017888729,false,שוופס סודה בקבוק 1 ל',יפאורה שותפות מוגבלת לשיווק,,,"י""ח",1,ליטר,false,1,4.50,4.50,true,1,
7290017888910,false,"תפוזינה לימונענע 500 מ""ל בודד",יפאורה שותפות מוגבלת לשיווק,,,"י""ח",500,"ל מ""ל",false,1,5.90,1.12,true,1,
7290017888972,false,בקבוק מי עדן פקק ספורט 1 ליטר,יפאורה שותפות מוגבלת לשיווק,,,"י""ח",1,ליטר,false,1,3.90,3.90,false,1,
7290017894102,false,דגש פנה אורז תירס ללא גלוטן,נטורפוד בעמ,,,"י""ח",250,ל גרם,false,1,12.90,5.16,false,1,
7290017894126,false,דגש פוזילי טריקולור ללא גלוטן,נטורפוד בעמ,,,"י""ח",250,ל גרם,false,1,12.90,5.16,false,1,
7290017917283,false,מגבונים מילוי קמיל בלו ללא בישום רביעייה,"פישר תעשיות פרמצביטות בע""מ",,,"י""ח",400,ל גרם,false,1,19.90,4.98,true,1,
7290017917382,false,אל סבון היגייני לניקוי יסודי ולהרגע העור clean & calm,"פישר תעשיות פרמבצטיות בע""מ",,,"י""ח",1,ליטר,false,1,15.90,15.90,true,1,
7290017917627,false,מסרק צפוף שיניים סרק,פישר תעשיות פרמבצטיות בעמ,,,"י""ח",1,ליטר,false,1,49.90,49.90,false,1,
7290017917986,false,"ד""ר פישר - אולטרסול בייבינטורל תחליב גוף 125 מ""ל 50SPF+",פישר תעשיות פרמבצטיות בעמ,,,"י""ח",125,"ל מ""ל",false,1,59.90,47.92,false,1,
7290017918020,false,ענבים אדומים מארז.,ביכורי השדה צפון 1994 ג.ד. בעמ,,,"ק""ג",1,,true,1,19.90,19.90,false,1,
7290017925363,false,"בירה נגב פאטה מורגנה 330מ""ל",הכרם משקאות חריפים בעמ,,,"י""ח",330,"ל מ""ל",false,1,13.20,3.91,true,1,
7290017925554,false,"חמישיית בירה לאגר באדוויזר 5*330 מ""ל+כוס",הכרם משקאות חריפים בעמ,,,"י""ח",1.65,ליטר,false,1,24.90,14.18,true,1,
7290017928036,false,מאיר בייגל מקלות גריסיני שומשום 175 גרם,מאיר את בייגל,,,"י""ח",175,ל גרם,false,1,12.90,7.37,true,1,
7290017928043,false,מקלות גריסיני קראנץ' מלח מאיר בייגל 175 גרם,מאיר את בייגל,,,"י""ח",175,ל גרם,false,1,12.90,7.37,true,1,
7290017928098,false,בייגלה שטוח מלח 330 גר` מאיר בייגל,מאיר את בייגל,,,"י""ח",300,ל גרם,false,1,11.90,3.97,true,1,
7290017928128,false,בייגלה מקלות מלח מאיר בייגל 400 גרם.,"דנשר (1963) בע,מ",,,"י""ח",400,ל גרם,false,1,11.90,2.98,true,1,
7290017928210,false,בייגלה גדול שומשום מאיר בייגל 250 גרם,מאיר את בייגל,,,"י""ח",250,ל גרם,false,1,10.90,4.36,true,1,
7290017928227,false,"בייגלה שטוח'לה פינוקים שומשום, קצח, שום ובצל",מאיר את בייגל,,,"י""ח",300,ל גרם,false,1,11.90,3.97,true,1,
7290017928296,false,שברי בייגלה בטעם דבש חרדל ובצל 300 גר' מאיר את בייגל,"דנשר (1963) בע,מ",,,"י""ח",300,"ל מ""ל",false,1,10.90,3.63,false,1,
7290017928432,false,מקלות גריסיני קראנץ' פרג מאיר בייגל 175 גרם,מאיר את בייגל,,,"י""ח",175,ל גרם,false,1,12.90,7.37,true,1,
7290017928494,false,שברי בייגלה בטעם צדר 300 גר' מאיר את בייגל,"דנשר (1963) בע,מ",,,"י""ח",300,"ל מ""ל",false,1,10.90,3.63,false,1,
7290017928524,false,בייגלה שטוח ניגובים מלח 330 ג' מאיר בייגל,מאיר את בייגל,,,"י""ח",300,ל גרם,false,1,12.90,4.30,true,1,
7290017928609,false,בייגלה טבעות שומשום מאיר בייגל 300 גרם,מאיר את בייגל,,,"י""ח",300,ל גרם,false,1,10.90,3.63,true,1,
7290017928616,false,בייגלה שטוחלה שומשום 300 גר` מאיר בייגל,מאיר את בייגל,,,"י""ח",300,ל גרם,false,1,11.90,3.97,true,1,
7290017928661,false,מאיר בייגל -סמאש-שבורים בטעם צ'דר 300 גרם,"דנשר (1963) בע,מ",,,"י""ח",300,"ל מ""ל",false,1,10.90,3.63,true,1,
7290017928685,false,בייגלה שמיניות מלוח מאיר בייגל 400 גרם.,מאיר את בייגל,,,"י""ח",330,ל גרם,false,1,12.90,3.91,true,1,
7290017928722,false,בייגלה שטוח ניגובים שומשום 300 ג' מאיר בייגל,מאיר את בייגל,,,"י""ח",300,ל גרם,false,1,11.90,3.97,true,1,
7290017928746,false,פירורי בייגלה מאיר בייגל 200 גרם,דנשר (1963) בעמ,,,"י""ח",200,ל גרם,false,1,6.90,3.45,false,1,
7290017928807,false,בייגלה אצבעות שומשום מאיר בייגל 300 גרם,מאיר את בייגל,,,"י""ח",300,ל גרם,false,1,12.90,4.30,true,1,
7290017928821,false,מאיר בייגל מקלות גריסיני קלאסי 200 גרם,מאיר את בייגל,,,"י""ח",200,ל גרם,false,1,12.90,6.45,true,1,
7290017938226,false,ממרח לימון כבוש 200ג גורמה,סלטי שמיר2006בעמ,,,"י""ח",200,ל גרם,false,1,14.90,7.45,false,1,
7290017938264,false,"חומוס בתוספת רוטב פיקנטי, 200 גרם","סלטי שמיר 2006 בע""\מ",,,"י""ח",200,ל גרם,false,1,7.90,3.95,true,1,
7290017946474,false,"הוואי תחליב רחצה סודות פולינזיה 700 מ""ל",טרופיקל דגיל בעמ,,,"י""ח",700,"ל מ""ל",false,1,10.90,1.56,false,1,
7290017946979,false,פרסיל ג'ל כביסה נטרול ריחות לא נעימים 2.4 ליטר,גורי שיווק בעמ,,,"י""ח",1,,false,1,34.90,34.90,false,1,
7290017947105,false,לחם אנג'ל בסגנון אמריקה 500 גרם,מאפיית שלמה א. אנג'\ל בע,,,"י""ח",500,ל גרם,false,1,13.90,2.78,false,1,
7290017947464,false,שמיניית פיתות כוסמין אנג'ל 8*50 גרם,מאפיית שלמה א.אנג'\ל בע\,,,"י""ח",8,"י""ח",false,1,14.90,1.86,true,1,
7290017947495,false,לחמניות כוסמין 6 יח(450 גר`)אנג`ל,"איטיליאן פוד, אס.פי.",,,"י""ח",450,ל גרם,false,1,14.90,3.31,false,1,
7290017947891,false,לחם אנג'ל כוסמין וחיטה מלאה 750 גרם,מאפיית שלמה א. אנג'\ל בע,,,"י""ח",750,ל גרם,false,1,15.90,2.12,false,1,
7290017947921,false,לחמניות המבורגר בסגנון אמריקאי מארז 6 יח',מאפיית שלמה א. אנג'\ל בע,,,"י""ח",450,ל גרם,false,1,12.90,2.87,false,1,
7290017947938,false,מיני לחמניות המבורגר בסגנון אמריקה 400 ג' אנג'ל,מאפיית שלמה א. אנג'\ל בע,,,"י""ח",400,ל גרם,false,1,13.90,3.48,false,1,
7290017969350,false,פתיל צף משושה מוכן 44 יח' איכותי ר.שמאי,צבע ומכחול (2014) בעמ,,,"י""ח",1,,false,1,6.90,6.90,false,1,
7290017978017,false,קרמבו סוכריות 16 יחידות(ריאו),ריאו נתניה ביחר לגלידה,,,"י""ח",16,"י""ח",false,1,21.90,1.37,false,1,
7290017978215,false,"קרמבו מוקה ""ריאו"" 16 יחידות",ריאו נתניה ביחר לגלידה וממתקים,,,"י""ח",16,"י""ח",false,1,21.90,1.37,false,1,
7290018043196,false,פראוד - חטיף חלבון בטעם שוקולד לבן עוגיות 60 גרם,דיפלומט מפיצים (1968) בעמ**,,,"י""ח",60,ל גרם,false,1,13.90,23.17,false,1,
7290018043295,false,חטיף חלבון בטעם ונילה קראנצ 60 גרם,דיפלומט מפיצים (1968) בעמ**,,,"י""ח",60,ל גרם,false,1,13.90,23.17,false,1,
7290018045084,false,BON&BON דגנים במילוי קרם בטעם בראוניז 480 גרם,ר.ב. מוצרי דגנים בעמ,,,"י""ח",750,ל גרם,false,1,21.90,2.92,true,1,
7290018045312,false,זוג ספוגי ניקוי סקראב דדי,ר.ב. מוצרי דגנים בעמ,,,"י""ח",1,,false,1,17.90,17.90,false,1,
7290018045497,false,בון בון דגנים במילוי קרם שוקולד 480 גרם,ר.ב. מוצרי דגנים בעמ,,,"י""ח",750,ל גרם,false,1,21.90,2.92,true,1,
7290018045503,false,דגנ בוקר הלו קיטי לבבות 311גר,ר.ב. מוצרי דגנים בעמ,,,"י""ח",311,ל גרם,false,1,23.90,7.68,false,1,
7290018045695,false,דגני בוקר בון בון במילוי קרם בטעם קרמל מ,ר.ב. מוצרי דגנים בעמ,,,"י""ח",750,ל גרם,false,1,21.90,2.92,true,1,
7290018045893,false,דגני בוקר בון בון במילוי קרם נוגט 480 גר,ר.ב. מוצרי דגנים בעמ,,,"י""ח",750,ל גרם,false,1,21.90,2.92,true,1,
7290018071533,false,נר נשמה 48 שעות בכוס זכוכית - נרות חסידים,אינטרסן (1996) בעמ,,,"י""ח",1,,false,1,5.90,5.90,false,1,
7290018071540,false,נר נשמה 72 שעות בכוס זכוכית - נרות חסידים,אינטרסן (1996) בעמ,,,"י""ח",1,,false,1,6.90,6.90,false,1,
7290018071557,false,נר נשמה 7 ימים בכוס זכוכית - נרות חסידים,אינטרסן (1996) בעמ,,,"י""ח",1,,false,1,10.90,10.90,false,1,
7290018091029,false,מקלות פילו תפוחי אדמה מעדנות 450 ג',תנובה ענף ב.ע.ד,,,"י""ח",450,ל גרם,false,1,17.30,3.84,false,1,
7290018091081,false,מאפה פילו תרד וגבינות מעדנות 320 גרם,תנובה מרכז שיתופי לשיווק תוצרת,,,"י""ח",600,ל גרם,false,1,19.90,3.32,false,1,
7290018091272,false,בצק עוגיות קקאו טריפל שוקולד צ'יפס 300 גרם מעדנות,תנובה מרכז שיתופי לשיווק תוצרת,,,"י""ח",300,ל גרם,false,1,16.90,5.63,false,1,
7290018091616,false,מקלות פילו גבינה מעדנות 450 גרם,מיוצר עי קונדיטוריית,,,"י""ח",450,ל גרם,false,1,17.60,3.91,false,1,
7290018091838,false,חטיפי פילאס גבינה 600 גרם מעדנות,תנובה ענף ב.ע.ד,,,"י""ח",600,ל גרם,false,1,23.90,3.98,false,1,
7290018091876,false,מאפה פילו גבינה מעדנות 320 גרם,תנובה מרכז שיתופי לשיווק תוצרת,,,"י""ח",600,ל גרם,false,1,19.90,3.32,false,1,
7290018098233,false,מרק אפונה ירוק מן הצומח 500גר,קפוא זן תעשיות מזון בעמ,,,"י""ח",500,ל גרם,false,1,16.90,3.38,false,1,
7290018098240,false,מרק ירקות ירוק מן הצומח 500גר,קפוא זן תעשיות מזון בעמ,,,"י""ח",500,ל גרם,false,1,16.90,3.38,false,1,
7290018098257,false,מרק שעועית ירוק מן הצומח 500גר,קפוא זן תעשיות מזון בעמ,,,"י""ח",500,ל גרם,false,1,16.90,3.38,false,1,
7290018098264,false,מרק מינסטרונה ירוק מן הצומח 500גר,קפוא זן תעשיות מזון בעמ,,,"י""ח",500,ל גרם,false,1,16.90,3.38,false,1,
7290018098332,false,"תערובת בננה, פסיפלורה, תמר ואסאי מוקפאים 300 ג' פרי שייק",א.ג בחירה חכמה בעמ,,,"י""ח",300,"ל מ""ל",false,1,14.90,4.97,false,1,
7290018098349,false,תערובת פירות יער ואסאי מוקפאים 300 ג' פרי שייק,א.ג בחירה חכמה בעמ,,,"י""ח",300,"ל מ""ל",false,1,14.90,4.97,false,1,
7290018098387,false,"תערובת מנגו, בננה, תמר ואסאי מוקפאים 300 ג' פרי שייק",א.ג בחירה חכמה בעמ,,,"י""ח",300,"ל מ""ל",false,1,14.90,4.97,false,1,
7290018098561,false,"תערובת תות, בננה, תמר ואסאי מוקפאים 300 ג' פרי שייק",א.ג בחירה חכמה בעמ,,,"י""ח",300,"ל מ""ל",false,1,14.90,4.97,false,1,
7290018131251,false,אקסטרים מטבע שוקולד לבן וליבת קרם עוגיות 115ג',נגה גלידות שותפות מוגבלת,,,"י""ח",1,,false,1,9,9,true,1,
7290018131336,false,שלגון ליון בטעם קרמל עם,שוורצקוף& הנקל דיסלד,,,"י""ח",66,ל גרם,false,1,11.90,18.03,true,1,
7290018131640,false,קראנץ בלונד עם ליבת נוגט בוטנים 100 גרם,גלידות נסטלה )נגה גלידות,,,"י""ח",1,,false,1,11.90,11.90,true,1,
7290018131770,false,שלגון נסטלה מצופה וניל תות 60 גרם,גלידות נסטלה (נגה גל,,,"י""ח",1,,false,1,6.90,6.90,true,1,
7290018131978,false,טילון נסטלה אוראו 68.5 גרם,פרונרי סרביה,,,"י""ח",68,ל גרם,false,1,8.90,13.09,true,1,
7290018132340,false,"מטרנה גולד בד""צ שלב 1 700 גר`",קבוצת אוסם סחר שותפות מוגבלת,,,"י""ח",700,ל גרם,false,1,75.90,10.84,true,1,
7290018132388,false,"מטרנה גולד בד""ץ שלב 2 700 גרם",קבוצת אוסם סחר שותפות מוגבלת,,,"י""ח",700,ל גרם,false,1,75.90,10.84,true,1,
7290018132425,false,"מטרנה גולד בד""ץ שלב 3 700 גרם",קבוצת אוסם סחר שותפות מוגבלת,,,"י""ח",700,ל גרם,false,1,75.90,10.84,true,1,
7290018156063,false,"ד""ר פישר - אולטרסול קידס סטיק לפנים לילדים 13 גרם",פישר תעשיות פרמבצטיות בעמ,,,"י""ח",1,,false,1,49.90,49.90,false,1,
7290018156087,false,"ד""ר פישר - סרקל אקטיב שמפו 450 מ""ל",פישר תעשיות פרמבצטיות בעמ,,,"י""ח",450,"ל מ""ל",false,1,34.90,7.76,true,1,
7290018156124,false,"אל סבון קמיל צבעוני ד""ר פישר שלישיה* 500 מ""ל","פישר תעשיות פרמבצטיות בע""מ",,,"י""ח",3,"י""ח",false,1,19.90,6.63,false,1,
7290018165010,false,"יין רזרב GOLD EDITION גווצטרמינר ברקן 750 מ""ל",יקבי ברקן שיווק והפצה בע,,,"י""ח",750,"ל מ""ל",false,1,49.90,6.61,true,1,
7290018165027,false,רזרב גולד אדישיין רוזה 750 מל-יקבי ברק,יקבי ברקן שיווק והפצה בע,,,"י""ח",750,"ל מ""ל",false,1,49.90,6.61,true,1,
7290018165287,false,מארז אלטיטיוד 624 קברנה סוביניון 2018.,טמפו משקאות בעמ,,,"י""ח",750,"ל מ""ל",false,1,119.90,15.95,false,1,
7290018165447,false,רזרב גולד מרלו ( 750 מל) יקבי ברקן,יקבי ברקן שיווק והפצה בע,,,"י""ח",750,"ל מ""ל",false,1,49.90,6.61,true,1,
7290018165461,false,ברקן רזרב קברנה סוביניון חצי יבש 750 מל,ברקן שיווק והפצה בעמ,,,"י""ח",750,"ל מ""ל",false,1,44.90,5.95,true,1,
7290018192023,false,מקלות סלרי ארוז יח',קונס`-מרינה פטריות הגליל בעמ*ש,,,"י""ח",1,,false,1,5.90,5.90,false,1,
7290018194010,false,"ערק ג`בלנא 16% טעם ענבים 700מ""ל",בני פאוזי שמשום (2009) בעמ,,,"י""ח",700,"ל מ""ל",false,1,41.90,5.94,true,1,
7290018194034,false,"ערק ג`בלנא 16% טעם ליצ`י 700מ""ל",בני פאוזי שמשום (2009) בעמ,,,"י""ח",700,"ל מ""ל",false,1,41.90,5.94,true,1,
7290018194058,false,"ערק ג'בלנא 16% בטעם פסיפלורה 700 מ""ל-בודד",בני פאוזי שמשום (2009) בעמ,,,"י""ח",700,"ל מ""ל",false,1,41.90,5.94,true,1,
7290018194102,false,ג`בלנא ערק בטעם אשכולית אדומה 700 מל,בני פאוזי שמשום (2009) בעמ,,,"י""ח",700,"ל מ""ל",false,1,41.90,5.94,true,1,
7290018194201,false,"סודה ספארק בטעם לימון 250 מ""ל-בודד",בני פאוזי שמשום (2009) בעמ,,,"י""ח",250,"ל מ""ל",false,1,2.90,1.04,true,1,
7290018194218,false,"סודה ספארק בטעם נענע ליים 250 מ""ל- בודד",בני פאוזי שמשום (2009) בעמ,,,"י""ח",250,"ל מ""ל",false,1,2.90,1.04,true,1,
7290018194225,false,"סודה ספארק מ""ל 250- בודד",בני פאוזי שמשום (2009) בעמ,,,"י""ח",250,"ל מ""ל",false,1,2.90,1.04,true,1,
7290018194256,false,"ערק ג'בלנא 16% בטעם לימון 700 מ""ל-בודד",בני פאוזי שמשום (2009) בעמ,,,"י""ח",700,"ל מ""ל",false,1,41.90,5.94,true,1,
7290018195031,false,"שמן זית כתית מעולה ישראלי 750 מ""ל",טעמן שווק מזון בעמ,,,"י""ח",750,"ל מ""ל",false,1,34.90,4.65,false,1,
7290018195512,false,ארוחת אורז בסגנון מקסיקני טעמן,טעמן שווק מזון בעמ,,,"י""ח",250,ל גרם,false,1,12.90,5.16,true,1,
7290018195529,false,ארוחת אורז מג'דרה טעים 250 גרם,טעמן שווק מזון בעמ,,,"י""ח",250,ל גרם,false,1,12.90,5.16,true,1,
7290018195536,false,ארוחת אורז בסגנון איטלקי טעים 250 גרם,טעמן שווק מזון בעמ,,,"י""ח",250,ל גרם,false,1,12.90,5.16,true,1,
7290018195543,false,ארוחת אורז בסגנון מקסיקני טעים 250 גרם,טעמן שווק מזון בעמ,,,"י""ח",250,ל גרם,false,1,12.90,5.16,true,1,
7290018198148,false,"תפוגן צ'יפס קריספי קלאסי 1.25 ק""ג",קבוצת אוסם סחר-שות.מוגבלת,,,"י""ח",1.50,"ק""ג",false,1,27.90,18.60,false,1,
7290018198209,false,צ'יפס בטטה קראנצ'י תפוגן 500 גרם,קבוצת אוסם סחר שותפות מוגבלת,,,"י""ח",500,ל גרם,false,1,21.90,4.38,false,1,
7290018198254,false,"תפוגן קריספי צ'יפס פוטטוס 1.25 ק""ג",קבוצת אוסם סחר שותפות מוגבלת,,,"י""ח",1.50,"ק""ג",false,1,27.90,18.60,false,1,
7290018198384,false,תפוגן צ'יפס קריספי פרוסות לתנור אסם 1.25 קג,קבוצת אוסם סחר-שות.מוגבלת,,,"י""ח",1.25,"ק""ג",false,1,27.90,22.32,false,1,
7290018208472,false,"תמר מג`הול 1ק""ג מחנה יהודה.",א.מ. עישבי תיבול תקומה בעמ,,,"י""ח",1,"ק""ג",false,1,19.90,19.90,true,1,
7290018208489,false,תמר מג`הול 800גר פרימים מחנה יהודה,א.מ. עישבי תיבול תקומה בעמ,,,"י""ח",800,ל גרם,false,1,24.90,3.11,true,1,
7290018208496,false,תמר מג`הול 650גר סופר פרימים מחנה יהוד,"בכורי השדה צפון1994 ג.ד. בע""מ",,,"י""ח",650,ל גרם,false,1,24.90,3.83,true,1,
7290018237922,false,שניצלונים ציפוי צ'יפס עוף טוב 700 גרם,קבוצת אוסם סחר שותפות מוגבלת,,,"י""ח",700,ל גרם,false,1,14.90,2.13,true,1,
7290018237939,false,שניצלונים ציפוי שומשום עוף טוב 700 גרם,קבוצת אוסם סחר שותפות מוגבלת,,,"י""ח",700,ל גרם,false,1,14.90,2.13,true,1,
7290018283202,false,חלה קלועה,לפ זוהר כבתי שיווק מוצרי מאפה,,,"י""ח",500,ל גרם,false,1,10.90,2.18,false,1,
7290018294000,false,"יין קינג דויד רוזה כרמל 750 מ""ל",אגודת הכורמים,,,"י""ח",750,"ל מ""ל",false,1,21.90,2.88,true,1,
7290018294192,false,"יין בלנד היינן אדום יבש 750 מ""ל p.c",אגודת הכורמים -כרמל מזרחי,,,"י""ח",750,"ל מ""ל",false,1,39.90,5.28,true,1,
7290018294208,false,"סלקטדאדום ישראלי יבש כרמל 750 מ""ל",אגודת הכורמים בעמ,,,"י""ח",750,"ל מ""ל",false,1,29.90,3.95,true,1,
7290018294352,false,"ארק יקבי כרמל 700 מ""",אגודת הכורמים -כרמל מזרחי,,,"י""ח",700,"ל מ""ל",false,1,59.90,8.51,true,1,
7290018294369,false,"תירוש מיץ ענבים טבעי 700 מ""ל",יקבי כרמל Carmel Winery,,,"י""ח",0.70,ליטר,false,1,16.90,23.71,true,1,
7290018294895,false,"יין מונלייט מוסקטו ורוד מבעבע 750 מ""ל",אגודת הכורמים בעמ,,,"י""ח",750,"ל מ""ל",false,1,45.90,6.08,true,1,
7290018294901,false,"יין מונלייט אדום יבש 750 מ""ל כרמל",יקבי כרמל Carmel Winery,,,"י""ח",750,"ל מ""ל",false,1,45.90,6.08,true,1,
7290018294918,false,"יין מונלייט מוסקטו ורוד מבעבע 750 מ""ל",אגודת הכורמים -כרמל מזרחי,,,"י""ח",750,"ל מ""ל",false,1,45.90,6.08,true,1,
7290018333631,false,גרנולפלקס חלבה ושקדים 500ג כשלפ בית יוסף,כרמית תעשיות ממתקים בעמ,,,"י""ח",500,ל גרם,false,1,25.90,5.18,false,1,
7290018333945,false,חטיף אגוזים רפאלס שקד ווניל בדצ 150 גר *12יח,כרמית תעשיות ממתקים בעמ,,,"י""ח",150,ל גרם,false,1,15.90,10.60,false,1,
7290018333952,false,חטיף אגוזים רפאלס וחמוציות בדצ 150 גר *12יח,כרמית תעשיות ממתקים בעמ,,,"י""ח",150,ל גרם,false,1,15.90,10.60,false,1,
7290018333969,false,חטיף גרנולה רפאלס שקדים וטחינה בדצ 150 גר *12יח,כרמית תעשיות ממתקים בעמ,,,"י""ח",150,ל גרם,false,1,15.90,10.60,false,1,
7290018333976,false,חטיף גרנולה רפאלס קשיו וקוקוס בדצ 150 גר *12יח,כרמית תעשיות ממתקים בעמ,,,"י""ח",150,ל גרם,false,1,15.90,10.60,false,1,
7290018343463,false,"אלכוג`ל פורטה 200מ""ל ד""ר פישר.",פישר תעשיות פרמבצטיות בעמ,,,"י""ח",200,"ל מ""ל",false,1,19.90,9.95,false,1,
7290018359112,false,פאסאטה מחית עגבניות איטלקיות קלה יכין690,אמיליאנה קונסרב,,,"י""ח",690,ל גרם,false,1,9.90,1.43,false,1,
7290018359334,false,רכז עגבניות טבעי פריכוז שף יכין 580 גרם,זנלכל בעמ,,,"י""ח",580,ל גרם,false,1,11.90,2.05,false,1,
7290018359457,false,קראנצ`י בננה חטיף טבעי יכין 19גר,זנלכל בעמ,,,"י""ח",19,ל גרם,false,1,10.90,57.37,true,1,
7290018359464,false,קראנצ`י חטיף בטעם תירס טבעי יכין 27 גר,זנלכול יכין,,,"י""ח",27,ל גרם,false,1,10.90,40.37,true,1,
7290018359495,false,תירס מהשדה בלי תוספת סוכר יכין 550 גרם,היינץ צפון אמריקה מק,,,"י""ח",550,ל גרם,false,1,9.90,1.80,false,1,
7290018359556,false,תירס מהשדה בלי תוספת סוכר יכין 400 גרם,זנלכל בעמ,,,"י""ח",400,ל גרם,false,1,6.90,1.73,false,1,
7290018359679,false,הקיסרית-שעועית לימה יכין 550 גרם,קריות זול,,,"י""ח",520,ל גרם,false,1,9.90,1.90,false,1,
7290018359686,false,יכין חומוס גדול 550 גר A2,היינץ צפון אמריקה מק,,,"י""ח",520,ל גרם,false,1,9.90,1.90,false,1,
7290018359716,false,רוטב עגבניות פיצה טוסקנה 240 גרם יכין,"זנלכל בע""\מ",,,"י""ח",240,"ל מ""ל",false,1,6.50,2.71,false,1,
7290018359860,false,רסק עגבניות ליקופן טבעי 2*200גר יכין .,זנלכל בעמ,,,"י""ח",400,ל גרם,false,1,14.90,3.73,true,1,
7290018359877,false,רסק עגבניות ליקופן טבעי 3*200גר יכין.,זנלכל בעמ,,,"י""ח",400,ל גרם,false,1,14.90,3.73,true,1,
7290018359884,false,פולפה ליקופן טבעית 2*400גר יכין A1.,זנלכול יכין,,,"י""ח",800,ל גרם,false,1,16.90,2.11,true,1,
7290018359938,false,"רוטב עגבניות לשקשוקה יכין, 400 גרם",זנלכול יכין,,,"י""ח",400,ל גרם,false,1,10.90,2.73,false,1,
7290018359945,false,רוטב עגבניות פיקנטי מפלפלים וירקות יכין 400 גרם,זנלכול יכין,,,"י""ח",400,ל גרם,false,1,10.90,2.73,false,1,
7290018359952,false,רוטב עגבניות לפסטה יכין 400 גרם,זנלכול יכין,,,"י""ח",400,ל גרם,false,1,10.90,2.73,false,1,
7290018359969,false,רוטב עגבניות לפיצה 400 גרם יכין,זנלכול יכין,,,"י""ח",400,ל גרם,false,1,10.90,2.73,false,1,
7290018440209,false,פליפז בייגלה בציפוי פאדג' לבן מקוויטיס 140 גרם,תה ויסוצקי (ישראל) בעמ,,,"י""ח",140,ל גרם,false,1,8.90,6.36,true,1,
7290018440223,false,תה צ'אי מסאלה 25 שקיקים ויסוצקי,תה ויסוצקי (ישראל) בעמ,,,"י""ח",25,"י""ח",false,1,19.90,0.80,true,1,
7290018440230,false,תה צ'אי ורדים 25 שקיקים ויסוצקי,תה ויסוצקי (ישראל) בעמ,,,"י""ח",25,"י""ח",false,1,19.90,0.80,true,1,
7290018440384,false,תה ירוק מאטה לימון נענע ויסוצקי 25 יחידות,תה ויסוצקי (ישראל) בעמ,,,"י""ח",25,"י""ח",false,1,24.90,1,true,1,
7290018440391,false,תה ירוק מאטה נענע גוארנה ויסוצקי 25 יחידות,תה ויסוצקי (ישראל) בעמ,,,"י""ח",25,"י""ח",false,1,24.90,1,true,1,
7290018440483,false,פליפז בייגלה מצופה בקרמל מלוח ושוקולד מקוויטיס 140 גרם,תה ויסוצקי (ישראל) בעמ,,,"י""ח",140,ל גרם,false,1,8.90,6.36,true,1,
7290018440490,false,סלט טונה קאלוו עם קוסקוס 150 גר,"קאלוו קונסרבס ס.ל.יו. ,",,,"י""ח",150,ל גרם,false,1,13.90,9.27,true,1,
7290018440513,false,סלט קליפורנייה קאלוו עם טונה 150 גר,"קאלוו קונסרבס ס.ל.יו. ,",,,"י""ח",150,ל גרם,false,1,13.90,9.27,true,1,
7290018440896,false,הגן הקסום חליטה ג'ינגר כורכום ויסוצקי 25 יח,תה ויסוצקי (ישראל) בעמ,,,"י""ח",67.50,ל גרם,false,1,17.90,26.52,true,1,
7290018441626,false,גלידת פיינטים מנטה עוגיות 430 ג' בן וג'ירי,מוצרי איכות אמריקאיים בעמ,,,"י""ח",500,"ל מ""ל",false,1,19.90,3.98,true,1,
7290018443323,false,כוסברה ברכת קטיף מצע מנותק ייבול נוכרי,ביכורי השדה צפון 1994 ג.ד. בעמ,,,"י""ח",1,,false,1,6.90,6.90,true,1,
7290018443330,false,פטרוזילה ברכת קטיף מצע מנותק ייבול נוכרי,ביכורי השדה צפון 1994 ג.ד. בעמ,,,"י""ח",1,,false,1,6.90,6.90,true,1,
7290018443347,false,שמיר ברכת קטיף מצע מנותק ייבול נוכרי,ביכורי השדה צפון 1994 ג.ד. בעמ,,,"י""ח",1,,false,1,6.90,6.90,true,1,
7290018443354,false,נענע ברכת קטיף מצע מנותק ייבול נוכרי,ביכורי השדה צפון 1994 ג.ד. בעמ,,,"י""ח",1,,false,1,6.90,6.90,true,1,
7290018443361,false,סלרי עלים ברכת קטיף מצע מנותק ייבול נוכרי,ביכורי השדה צפון 1994 ג.ד. בעמ,,,"י""ח",1,,false,1,6.90,6.90,true,1,
7290018443378,false,מנגולד ברכת קטיף מצע מנותק ייבול נוכרי,ביכורי השדה צפון 1994 ג.ד. בעמ,,,"י""ח",1,,false,1,6.90,6.90,true,1,
7290018443385,false,חסה ייבול נוכרי ברכת קטיף,ביכורי השדה צפון 1994 ג.ד. בעמ,,,"י""ח",1,,false,1,6.90,6.90,true,1,
7290018443392,false,בצל ירוק ברכת קטיף מצע מנותק ייבול נוכרי,ביכורי השדה צפון 1994 ג.ד. בעמ,,,"י""ח",1,,false,1,6.90,6.90,true,1,
7290018443408,false,כרוב לבן ברכת קטיף מצע מנותק ייבול נוכרי,ביכורי השדה צפון 1994 ג.ד. בעמ,,,"ק""ג",1,,true,1,16.90,16.90,false,1,
7290018443415,false,כרוב אדום בשקית מהדרין שמיטה,ביכורי השדה צפון 1994 ג.ד. בעמ,,,"י""ח",1,,false,1,13.90,13.90,false,1,
7290018443422,false,לבבות חסה ייבול נוכרי ברכת קטיף,ביכורי השדה צפון 1994 ג.ד. בעמ,,,"י""ח",1,,false,1,9.90,9.90,false,1,
7290018443446,false,נבטים סיניים ברכת קטיף,ביכורי השדה צפון 1994 ג.ד. בעמ,,,"י""ח",1,,false,1,8.90,8.90,false,1,
7290018443453,false,נבטי חמניה (בוסתן),ביכורי השדה צפון 1994 ג.ד. בעמ,,,"י""ח",1,,false,1,9.90,9.90,false,1,
7290018443460,false,נבטי אלפלפא (בוסתן),ביכורי השדה צפון 1994 ג.ד. בעמ,,,"י""ח",1,,false,1,8.90,8.90,false,1,
7290018443576,false,כוסברה ארוז רגיל,ביכורי השדה צפון 1994 ג.ד. בעמ,,,"י""ח",1,,false,1,4.90,4.90,true,1,
7290018443583,false,פטרוזיליה שמיטה,ביכורי השדה צפון 1994 ג.ד. בעמ,,,"י""ח",1,,false,1,4.90,4.90,true,1,
7290018443590,false,שמיר בוסתן רגיל מצע מנותק ייבול נוכרי,ביכורי השדה צפון 1994 ג.ד. בעמ,,,"י""ח",1,,false,1,4.90,4.90,true,1,
7290018443606,false,נענע בוסתן רגיל מצע מנותק ייבול נוכרי,ביכורי השדה צפון 1994 ג.ד. בעמ,,,"י""ח",1,,false,1,4.90,4.90,true,1,
7290018443613,false,בצל ירוק בוסתן רגיל מצע מנותק ייבול נוכרי,ביכורי השדה צפון 1994 ג.ד. בעמ,,,"י""ח",1,,false,1,5.90,5.90,false,1,
7290018443620,false,סלרי עלים בוסתן רגיל מצע מנותק ייבול נוכרי,ביכורי השדה צפון 1994 ג.ד. בעמ,,,"י""ח",1,,false,1,5.90,5.90,false,1,
7290018443651,false,לבבות חסה בוסתן רגיל מצע מנותק ייבול נוכרי,ביכורי השדה צפון 1994 ג.ד. בעמ,,,"י""ח",1,,false,1,9.90,9.90,false,1,
7290018443668,false,חסה ערבית שמיטה,ביכורי השדה צפון 1994 ג.ד. בעמ,,,"י""ח",1,,false,1,4.90,4.90,false,1,
7290018443682,false,לוף יבול נכרי,ביכורי השדה צפון 1994 ג.ד. בעמ,,,"י""ח",1,,false,1,12.90,12.90,false,1,
7290018443705,false,לבבות קיסר ברכת קטיף שמיטה,ביכורי השדה צפון 1994 ג.ד. בעמ,,,"י""ח",1,"ק""ג",false,1,11.90,11.90,true,1,
7290018443866,false,חסה לליק,ביכורי השדה צפון 1994 ג.ד. בעמ,,,"י""ח",100,ל גרם,false,1,11.90,11.90,true,1,
7290018449035,false,שיבה בעציץ יחידה,משתלת ברגר בעמ,,,"י""ח",1,,false,1,9.90,9.90,false,1,
7290018468401,false,פסטרמה צמחונית בטעם גריל 100 גר טירת צבי,תנובה מרכז שיתופי לשיווק תוצרת,,,"י""ח",120,ל גרם,false,1,18.90,15.75,false,1,
7290018471029,false,"סודה בטעם לימון - מארז 6 בקבוקים 500 מ""ל",יפאורה שותפות מוגבלת לשיווק,,,"י""ח",300,"ל מ""ל",false,1,13.90,4.03,false,1,
7290018471036,false,"סודה שוופס לימון 500 מ""ל",יפאורה שותפות מוגבלת לשיווק,,,"י""ח",500,"ל מ""ל",false,1,5.20,0.98,false,1,
7290018471180,false,משקה פרוט& ווג' אננס תפוח גזר 1 ליטר,יפאורה שותפות מוגבלת לשיווק,,,"י""ח",1,ליטר,false,1,12.90,12.90,false,1,
7290018471197,false,פרוט אנד ווג` תפוח בננה מלון נענע 1 ליטר,יפאורה שותפות מוגבלת לשיווק,,,"י""ח",1,ליטר,false,1,12.90,12.90,false,1,
7290018471210,false,ספרינג נקטר אגס סברס תפוח 1ליטר קרטוני,יפאורה שותפות מוגבלת לשיווק,,,"י""ח",1,ליטר,false,1,6.90,6.90,true,1,
7290018471302,false,"רביעיית שוופס טוניק בקבוק 4*250 מ""ל",יפאורה שותפות מוגבלת לשיווק,,,"י""ח",1,ליטר,false,1,21.10,21.10,true,1,
7290018471319,false,"מארז רביעייה שוויפס ביטר למון 250מ""ל",יפאורה שותפות מוגבלת לשיווק,,,"י""ח",1,ליטר,false,1,21.10,21.10,true,1,
7290018471395,false,משקה פרוט& ווג' תפוח רימון ג'ינג'ר 1 ליטר,יפאורה שותפות מוגבלת לשיווק,,,"י""ח",1,ליטר,false,1,12.90,12.90,false,1,
7290018471401,false,משקה פרוט& ווג' אננס בננה כורכום 1 ליטר,יפאורה שותפות מוגבלת לשיווק,,,"י""ח",1,ליטר,false,1,12.90,12.90,false,1,
7290018471463,false,תפוזינה נקטר תפוז מנגו קרטונית 1 ליטר,יפאורה שותפות מוגבלת לשיווק,,,"י""ח",1,ליטר,false,1,8.10,8.10,true,1,
7290018471470,false,תפוזינה נקטר תפוז פסיפלורה קרטונית 1 ליטר,יפאורה שותפות מוגבלת לשיווק,,,"י""ח",1,ליטר,false,1,8.10,8.10,true,1,
7290018471487,false,תפוזינה נקטר תפוז אננס קרטונית 1 ליטר,יפאורה שותפות מוגבלת לשיווק,,,"י""ח",1,ליטר,false,1,8.10,8.10,true,1,
7290018471494,false,תפוזינה משקה תפוז גזר קרטונית 1 ליטר,יפאורה שותפות מוגבלת לשיווק,,,"י""ח",1,ליטר,false,1,8.10,8.10,true,1,
7290018471548,false,"רביעיית ספרינג ענבים 250 מ""ל",יפאורה שותפות מוגבלת לשיווק,,,"י""ח",1,ליטר,false,1,12.90,12.90,true,1,
7290018471616,false,שוופס אינדיאן טוניק 1 ליטר,יפאורה שותפות מוגבלת לשיווק,,,"י""ח",1,ליטר,false,1,9.40,9.40,true,1,
7290018471623,false,שוופס טוניק אשכוליות ליצ`י 1 ליטר,יפאורה שותפות מוגבלת לשיווק,,,"י""ח",1,ליטר,false,1,9.40,9.40,true,1,
7290018471630,false,שוופס טוניק מלפפון ליים 1 ליטר,יפאורה שותפות מוגבלת לשיווק,,,"י""ח",1,ליטר,false,1,9.40,9.40,true,1,
7290018471722,false,משקה אלוורה קינג ליצ'י 1 ליטר,יפאורה שותפות מוגבלת לשיווק,,,"י""ח",1,ליטר,false,1,11,11,false,1,
7290018471739,false,משקה אלוורה קינג פטל 1 ליטר פיקדון,יפאורה - שותפות מוגבלת לשיווק,,,"י""ח",1,ליטר,false,1,11,11,false,1,
7290018471906,false,שוופס מוגז פירות לימונדה ורודה 1.5 ליטר פיקדון,יפאורה - שותפות מוגבלת לשיווק,,,"י""ח",1.50,ליטר,false,1,8.80,5.67,true,1,
7290018471913,false,משקה מוגז פירות תפוחים שוופס 1.5 ליטר,יפאורה - שותפות מוגבלת לשיווק,,,"י""ח",1.50,ליטר,false,1,8.80,5.67,true,1,
7290018471920,false,שוופס מוגז פירות ענבים 1.5 ליטר פיקדון,יפאורה - שותפות מוגבלת לשיווק,,,"י""ח",1.50,ליטר,false,1,8.80,5.67,true,1,
7290018471937,false,שוופס מוגז פירות תות ליים 1.5 ליטר פיקדון,יפאורה - שותפות מוגבלת לשיווק,,,"י""ח",1.50,ליטר,false,1,8.80,5.67,true,1,
7290018471944,false,שוופס מוגז פירות לימונייד 1.5 ליטר פיקדון,יפאורה - שותפות מוגבלת לשיווק,,,"י""ח",1.50,ליטר,false,1,8.80,5.67,true,1,
7290018471951,false,שוופס מוגז פירות אשכולית אדומה 1.5 ליטר פיקדון,יפאורה - שותפות מוגבלת לשיווק,,,"י""ח",1.50,ליטר,false,1,8.80,5.67,true,1,
7290018493045,false,"קרם ידיים מועשר בשמן קוקוס ד""ר פישר 100 מ""ל","פישר תעשיות פרמבצטיות בע""מ",,,"י""ח",100,ל גרם,false,1,12.90,12.90,true,1,
7290018493069,false,"אפקטיב קר קרם ידייםמועשר בשמן כותנה ד""ר פישר 100 מ""ל","פישר תעשיות פרמבצטיות בע""מ",,,"י""ח",100,ל גרם,false,1,12.90,12.90,true,1,
7290018493342,false,"שרינק קידס אל סבון ושמפו 2ב1 1500 מ""ל",פישר תעשיות פרמבצטיות בעמ,,,"י""ח",1.50,ליטר,false,1,29.90,19.93,false,1,
7290018493403,false,"ד""ר פישר - קידס קצף אמבט ויטמינים 750 מ""ל",פישר תעשיות פרמבצטיות בעמ,,,"י""ח",750,"ל מ""ל",false,1,16.90,2.25,false,1,
7290018493700,false,"סבון ידיים ויטמינים לילדים כחול 500 מ""ל ד""ר פישר",פישר תעשיות פרמבצטיות בעמ,,,"י""ח",500,"ל מ""ל",false,1,12.90,2.58,true,1,
7290018493878,false,"ד""ר פישר - סרקל שמפו 750 מ""ל",פישר תעשיות פרמבצטיות בעמ,,,"י""ח",750,"ל מ""ל",false,1,19.90,2.65,false,1,
7290018493885,false,"ד""ר פישר - סרקל מרכך 750 מ""ל",פישר תעשיות פרמצבטיות בעמ,,,"י""ח",750,"ל מ""ל",false,1,19.90,2.65,false,1,
7290018493977,false,קמיל לניקוי והרגעת העור מועשר בשיבולת שועל 1 ל',"פישר תעשיות פרמצבטיות בע""מ",,,"י""ח",1,ליטר,false,1,15.90,15.90,true,1,
7290018500231,false,לחם פרוס וויקאנד אנג'ל 750 גרם,מאפיית שלמה א. אנג'\ל בע,,,"י""ח",750,ל גרם,false,1,16.90,2.25,false,1,
7290018500316,false,ארטיזנל לחם כוסמין לבן אנג'ל 750 גרם,מאפיית שלמה א. אנג'ל,,,"י""ח",750,ל גרם,false,1,20.90,2.79,true,1,
7290018500361,false,"לחם שחור פרוס 900 גרם ""אנג'ל"" -מוצר בפיקוח",מאפיית שלמה א. אנג'\ל בע,,,"י""ח",900,ל גרם,false,1,8.53,0.95,false,1,
7290018500460,false,לחם חצי מלא אנג'ל 700 גרם,שלמה א.אנג ל בעמ,,,"י""ח",750,ל גרם,false,1,11.90,1.59,false,1,
7290018507438,false,נתחי חזה עוף בציפוי פריך בטעם קלאסי 600,תנובה גליל שותפות מוגבלת,,,"י""ח",700,ל גרם,false,1,45.40,6.49,false,1,
7290018507445,false,רצועות חזה עוף בציפוי פריך בטעם קלאסי 60,תנובה גליל שותפות מוגבלת,,,"י""ח",700,ל גרם,false,1,41.90,5.99,false,1,
7290018516041,false,פרמיו דליקט עוף לחתול,שחורי אריה ואנסטסיה,,,"י""ח",65,ל גרם,false,1,10,15.38,true,1,
7290018516065,false,פרמיו דליקט טונה וסלמון לחתול,שחורי אריה ואנסטסיה,,,"י""ח",65,ל גרם,false,1,10,15.38,true,1,
7290018516085,false,פרמיו עוף לחתול בוגר במרקם פטה 400ג,רנדי בעמ,,,"י""ח",400,ל גרם,false,1,5.90,1.48,true,1,
7290018516270,false,פרמיו בוגר עוף לחתול,רנדי בעמ,,,"י""ח",100,ל גרם,false,1,4,4,true,1,
7290018516324,false,פאוץ' פרינוק תפוח עץ עם שיבולת שועל 120 גרם,גורי מוצרי צריכה (1991) בעמ,,,"י""ח",120,ל גרם,false,1,6.60,5.50,true,1,
7290018516331,false,פאוץ' פרינוק תפוח בננה ושיבולת שועל 120 גרם,גורי מוצרי צריכה (1991) בעמ,,,"י""ח",120,ל גרם,false,1,6.60,5.50,true,1,
7290018516348,false,פאוץ' פרינוק סלט פירות ושיבולת שועל 120 גרם,גורי מוצרי צריכה (1991) בעמ,,,"י""ח",120,ל גרם,false,1,6.60,5.50,true,1,
7290018516393,false,פרמיו סופרים מיקס לחתול,שחורי אריה ואנסטסיה,,,"י""ח",3,"ק""ג",false,1,59.90,19.97,false,1,
7290018516546,false,פרמיו דליקט טונה לחת,רנדי בעמ,,,"י""ח",65,ל גרם,false,1,10,15.38,true,1,
7290018516560,false,פרמיו דליקטס עוף וסרטנים 56ג,רנדי בעמ,,,"י""ח",65,ל גרם,false,1,10,15.38,true,1,
7290018516577,false,פרמיו דליקט עוף לחתלתול 56 גר',שחורי אריה ואנסטסיה,,,"י""ח",65,ל גרם,false,1,10,15.38,true,1,
7290018516584,false,פרמיו דליקטס טונה לחתלתול 56ג,רנדי בעמ,,,"י""ח",65,ל גרם,false,1,10,15.38,true,1,
7290018516591,false,הורייזן מחית בשר עוף 90 גרם,שחורי אריה ואנסטסיה,,,"י""ח",150,ל גרם,false,1,10,6.67,true,1,
7290018516607,false,הורייזן מחית בשר טונה 90 גרם,שחורי אריה ואנסטסיה,,,"י""ח",150,ל גרם,false,1,10,6.67,true,1,
7290018516614,false,הורייזן מחית בשר סלמון 90 גרם,שחורי אריה ואנסטסיה,,,"י""ח",150,ל גרם,false,1,10,6.67,true,1,
7290018516621,false,הורייזן מחית בשר דג זהבון לחתלתול 90 גרם,שחורי אריה ואנסטסיה,,,"י""ח",150,ל גרם,false,1,10,6.67,true,1,
7290018516737,false,"פרמיו סופרים עוף ובקר 3ק""ג",רנדי בעמ,,,"י""ח",3,"ק""ג",false,1,59.90,19.97,false,1,
7290018516744,false,"פרמיו סופרים עוף וסלמון לחתול בוגר 3 ק""ג",רנדי בעמ,,,"י""ח",3,"ק""ג",false,1,59.90,19.97,false,1,
7290018516751,false,"פרמיו סופרים עוף וסלמון לחתלתול 3ק""ג",שחורי אריה ואנסטסיה,,,"י""ח",3,"ק""ג",false,1,59.90,19.97,false,1,
7290018516768,false,פרמיו עוף לחתלתול בוגר במרקם פטה 400ג,רנדי בעמ,,,"י""ח",400,ל גרם,false,1,5.90,1.48,true,1,
7290018516799,false,פטה עוף וכבד לחתול בוגר פרמיו 400 ג,רנדי בעמ,,,"י""ח",400,ל גרם,false,1,5.90,1.48,true,1,
7290018516805,false,פרמיו פטה עוף לחתול בוגר 400ג,רנדי בעמ,,,"י""ח",400,ל גרם,false,1,5.90,1.48,true,1,
7290018516829,false,פרמיו סלמון לחתול בוגר במרקם פטה 400 ג,רנדי בעמ,,,"י""ח",400,ל גרם,false,1,5.90,1.48,true,1,
7290018516836,false,פרמיו סטרילייז סלמון לחתול בוגר 400ג,רנדי בעמ,,,"י""ח",400,ל גרם,false,1,5.90,1.48,true,1,
7290018516867,false,פרמיו עוף ואורז במרקם פטה לכלב 400ג,רנדי בעמ,,,"י""ח",400,ל גרם,false,1,5.90,1.48,true,1,
7290018516874,false,פרמיו פטה בקר ואורז לכלב בוגר 400ג,רנדי בעמ,,,"י""ח",400,ל גרם,false,1,5.90,1.48,true,1,
7290018516881,false,פטה סלמון ואורז לכלב בוגר פרמיו 400 ג,רנדי בעמ,,,"י""ח",400,ל גרם,false,1,5.90,1.48,true,1,
7290018516911,false,פטה כבש וסלמון לגור פרמיו 400 ג,רנדי בעמ,,,"י""ח",400,ל גרם,false,1,5.90,1.48,true,1,
7290018516942,false,פרמיו סופרים מועשר בעוף לכלב בוגר 3קג,שחורי אריה ואנסטסיה,,,"י""ח",3,"ק""ג",false,1,49.90,16.63,false,1,
7290018516959,false,פרמיו סופרים מועשר בעוף לכלב מגזע ננסי 3,שחורי אריה ואנסטסיה,,,"י""ח",3,"ק""ג",false,1,49.90,16.63,false,1,
7290018516966,false,פרמיו סופרים עם בקר לכלב בוגר 3קג,שחורי אריה ואנסטסיה,,,"י""ח",3,"ק""ג",false,1,49.90,16.63,false,1,
7290018517451,false,ריבה תות 45% פרי 450 גרם,נאמן לאורך זמן בעמ,,,"י""ח",450,ל גרם,false,1,9.90,2.20,false,1,
7290018517468,false,ריבת דובדבן חמוץ 45% פרי 450גר,נאמן לאורך זמן בעמ,,,"י""ח",450,ל גרם,false,1,9.90,2.20,false,1,
7290018517475,false,ריבת משמש 45% פרי 450גר,נאמן לאורך זמן בעמ,,,"י""ח",450,ל גרם,false,1,9.90,2.20,false,1,
7290018517529,false,עוגיות קרם סדנדוויץ חסכוני,נאמן לאורך זמן בעמ,,,"י""ח",900,ל גרם,false,1,16.90,1.88,false,1,
7290018517543,false,עוגיות וניל ממולאות קרם טעם שוקולד 160גר,נאמן לאורך זמן בעמ,,,"י""ח",160,ל גרם,false,1,5.90,3.69,false,1,
7290018517550,false,עוגיות שוקו ממולאות קרם טעם שוקולד 160,נאמן לאורך זמן בעמ,,,"י""ח",160,ל גרם,false,1,5.90,3.69,false,1,
7290018517598,false,אטבי כביסה איכותיים בשקית 30יח,נאמן לאורך זמן בעמ,,,"י""ח",30,"י""ח",false,1,9.90,0.33,false,1,
7290018517772,false,אריסה טוניסאית חריפה 350 גרם,נאמן לאורך זמן בעמ,,,"י""ח",350,ל גרם,false,1,19.90,5.69,false,1,
7290018540329,false,שקית פיתה פיתה בלדי 800 ג' אנג'ל,מאפיית שלמה א. אנג'\ל בע,,,"י""ח",8,"י""ח",false,1,11.90,1.49,false,1,
7290018540817,false,ארטיזנל לחם מחמצת כוסמין אנג'ל 500 גרם,שלמה א. אנג`ל בעמ,,,"י""ח",500,ל גרם,false,1,17.90,3.58,true,1,
7290018540824,false,ארטיזנל לחם מחמצת כפרי אנג'ל 500 גרם,שלמה א. אנג`ל בעמ,,,"י""ח",500,ל גרם,false,1,17.90,3.58,true,1,
7290018540831,false,ארטיזנל לחם מחמצת חיטה מלאה ודגנים אנג'ל 500 גרם,שלמה א. אנג`ל בעמ,,,"י""ח",500,ל גרם,false,1,17.90,3.58,true,1,
7290018556924,false,משקה אלכהלי מחנה יהודה לימון 700 מייל,פיירוואטר בעמ,,,"י""ח",750,"ל מ""ל",false,1,40.20,5.32,true,1,
7290018571064,false,"מקלוני טופי 450 גרם ""מיה""",מיה תעשיות מזון מ.ת.מ. בעמ,,,"י""ח",450,ל גרם,false,1,15.90,3.53,true,1,
7290018571071,false,טופי פספסים 450 גרם כשלפ,מיה תעשיות מזון מ.ת.מ. בעמ,,,"י""ח",450,ל גרם,false,1,15.90,3.53,true,1,
7290018571088,false,טופי חמוצמוץ 600 גרם כשלפ,מיה תעשיות מזון מ.ת.מ. בעמ,,,"י""ח",600,ל גרם,false,1,15.90,2.65,true,1,
7290018571095,false,טופי ממולא בטעמי פירות 600 גרם כשלפ,מיה תעשיות מזון מ.ת.מ. בעמ,,,"י""ח",600,ל גרם,false,1,15.90,2.65,true,1,
7290018571224,false,"סילאן טבעי לחיץ ""מיה"" 470 גרם",מיה תעשיות מזון מ.ת.מ. בעמ,,,"י""ח",470,ל גרם,false,1,17.90,3.81,false,1,
7290018571422,false,מיה-לקקנים מולטיקולור מיקס 65 יחידות,מיה תעשיות מזון מ.ת.מ. בעמ,,,"י""ח",65,"י""ח",false,1,18.90,0.29,true,1,
7290018571491,false,ריבת חלב אמיתי אמיתית בצנצנת 340 גרם,מיה תעשיות מזון מ.ת.מ. בעמ,,,"י""ח",340,ל גרם,false,1,14.90,4.38,true,1,
7290018571507,false,סוכריות ויטמין סי לילדים דובונים יד למעלה 175 גרם מיה פלוס,מיה תעשיות מזון מ.ת.מ בעמ,,,"י""ח",175,ל גרם,false,1,39.90,22.80,false,1,
7290018571514,false,סוכריות ויטמין די ילדים דובונים יד למעלה 175 גרם מיה פלוס,מיה תעשיות מזון מ.ת.מ בעמ,,,"י""ח",175,ל גרם,false,1,39.90,22.80,false,1,
7290018571521,false,סוכריות מולטי ויטמין ילדים דובונים יד למעלה 175 גרם מיה פלוס,מיה תעשיות מזון מ.ת.מ בעמ,,,"י""ח",175,ל גרם,false,1,39.90,22.80,false,1,
7290018571538,false,סוכריות חורף פרופוליס אכיניציה ילדים דובונים יד למעלה 175 גרם מיה פלוס,מיה תעשיות מזון מ.ת.מ בעמ,,,"י""ח",175,ל גרם,false,1,39.90,22.80,false,1,
7290018571545,false,סוכריות ג'לי עם מיצוי כורכומין וג'ינג'ר למבוגרים,מיה תעשיות מזון מ.ת.מ בעמ,,,"י""ח",210,ל גרם,false,1,39.90,19,false,1,
7290018571552,false,סוכריות ג'לי ללא סוכר עם חומצות שומן אומגה 3 למבוגרים,מיה תעשיות מזון מ.ת.מ בעמ,,,"י""ח",240,ל גרם,false,1,39.90,16.63,false,1,
7290018571569,false,תמצית וניל טהורה 30 מ''ל,מיה תעשיות מזון מ.ת.מ בעמ,,,"י""ח",30,ל גרם,false,1,29.90,99.67,false,1,
7290018571613,false,סוכריות אומגה 3 מבוגרים אצבעות מיה פלוס 210 גרם ללס,מיה תעשיות מזון מ.ת.מ בעמ,,,"י""ח",210,ל גרם,false,1,39.90,19,false,1,
7290018571620,false,סוכריות מולטי ויטמין נשים מבוגרים גבעות מיה פלוס 240 גרם,מיה תעשיות מזון מ.ת.מ בעמ,,,"י""ח",240,ל גרם,false,1,39.90,16.63,false,1,
7290018571637,false,סוכריות מולטי ויטמין גברים מבוגרים גבעות  220 גרם מיה פלוס,מיה תעשיות מזון מ.ת.מ בעמ,,,"י""ח",220,ל גרם,false,1,39.90,18.14,false,1,
7290018571644,false,סוכריות ג'לי ללא סוכר מולטי ויטמין בשילוב תוספת ביוטין,מיה תעשיות מזון מ.ת.מ בעמ,,,"י""ח",210,ל גרם,false,1,39.90,19,false,1,
7290018571651,false,סוכריות קולגן למבוגרים אצבעות רחבות 175 גרם מיה,מיה תעשיות מזון מ.ת.מ בעמ,,,"י""ח",210,ל גרם,false,1,39.90,19,false,1,
7290018571668,false,"סוכריות ג'לי עם ויטמינים C, D3 ואבץ לילדים ומבוגרים",מיה תעשיות מזון מ.ת.מ בעמ,,,"י""ח",210,ל גרם,false,1,39.90,19,false,1,
7290018571705,false,"אורז יסמין 1 ק""ג מיה.",מיה תעשיות מזון מ.ת.מ. בעמ,,,"י""ח",1,"ק""ג",false,1,10.90,10.90,true,1,
7290018571712,false,"אורז בסגנון פרסי 1 ק""ג",מיה תעשיות מזון מ.ת.מ. בעמ,,,"י""ח",1,"ק""ג",false,1,9.90,9.90,true,1,
7290018571729,false,"אורז ריזוטו עגול 1 ק""ג מיה.",מיה תעשיות מזון מ.ת.מ. בעמ,,,"י""ח",1,"ק""ג",false,1,8.90,8.90,false,1,
7290018571736,false,אורז בסמטי הודי 1ק''ג,מיה תעשיות מזון מ.ת.מ. בעמ,,,"י""ח",1,"ק""ג",false,1,10.90,10.90,true,1,
7290018571743,false,"אורז פרסי מלא 1 ק""ג",מיה תעשיות מזון מ.ת.מ. בעמ,,,"י""ח",1,"ק""ג",false,1,8.90,8.90,false,1,
7290018571798,false,סוכריות ג'לי שמחות 2 צבעים מיה 540 גרם,מיה תעשיות מזון מ.ת.מ. בעמ,,,"י""ח",540,ל גרם,false,1,19.90,3.69,true,1,
7290018571804,false,סוכריות ג'לי מטבעות מיה 255 גרם,מיה תעשיות מזון מ.ת.מ. בעמ,,,"י""ח",255,ל גרם,false,1,9.90,3.88,true,1,
7290018571811,false,סירופ מייפל טהור 250 גר' מיה,מיה תעשיות מזון מ.ת.מ בעמ,,,"י""ח",250,"ל מ""ל",false,1,32.90,13.16,false,1,
7290018586211,false,לחמניות המבורגר ביס,גיא מאפים שיווק טוב בעמ,,,"י""ח",1,,false,1,10.90,10.90,false,1,
7290018652015,false,נסטלה שלגון סופרולר 75 גרם,פרונרי איברייה,,,"י""ח",66,ל גרם,false,1,9.90,15,false,1,
7290018652039,false,לה קרמריה קרמל מלוח ונוגט בדצ 6*1.4 ליטר,נגה גלידות שותפות מוגבלת,,,"י""ח",1.40,ליטר,false,1,19.90,14.21,false,1,
7290018652053,false,"יסקולידה אקסטרה גלידה בטעמי וניל ושוקולד, 90 גרם",גלידות נסטלה )נגה גלידות,,,"י""ח",68,ל גרם,false,1,8.90,13.09,true,1,
7290018652671,false,"לה קרמריה שוקולד וניל 1.4 ליטר [תו אי""ל]",נגה גלידות שותפות מוגבלת,,,"י""ח",1.40,ליטר,false,1,19.90,14.21,false,1,
7290018652688,false,לה קרמריה פירות טרופיים ופירות יער נסטלה 700 גרם,נגה גלידות שותפות מוגבלת,,,"י""ח",1.40,ליטר,false,1,19.90,14.21,false,1,
7290018652770,false,טילון אקסטרים בייגלה מתוק מלוח 115 גרם,נגה גלידות שותפות מוגבלת,,,"י""ח",115,ל גרם,false,1,9.90,8.61,true,1,
7290018708118,false,חלבה וניל פיסטוק ללא סוכר בארכה 350 גרם,קבוצת אוסם סחר-שות.מוגבלת,,,"י""ח",350,ל גרם,false,1,15.90,4.54,false,1,
7290018708125,false,בארכה חלבה מסולסלת וניל 250 גרם,קבוצת אוסם סחר שותפות מוגבלת,,,"י""ח",350,ל גרם,false,1,15.90,4.54,false,1,
7290018710679,false,"צ`יפס קלאסי 2.5ק""ג מחפוד",***אדום גרופ למזון שיווק***,,,"י""ח",2.50,"ק""ג",false,1,32.90,13.16,false,1,
7290018732205,false,אוכמניות יחידה,ביכורי השדה צפון 1994 ג.ד. בעמ,,,"י""ח",1,,false,1,15.90,15.90,true,1,
7290018792841,false,אבקת קקאו טבעי 150 גר` גאנה,תה ויסוצקי (ישראל) בעמ,,,"י""ח",150,ל גרם,false,1,9.90,6.60,true,1,
7290018792858,false,אבקת קקאו טבעי 500 גר` גאנה,תה ויסוצקי (ישראל) בעמ,,,"י""ח",500,ל גרם,false,1,24.90,4.98,true,1,
7290018818305,false,פיצה אובליינה מרגריטה 400ג,***אדום גרופ למזון שיווק***,,,"י""ח",400,ל גרם,false,1,10.90,2.73,true,1,
7290018835012,false,באר אקסטרה בציפוי שוקולד חלב 5 יח 90 גר,א.ל ייצור ושיווק תבלינים בעמ,,,"י""ח",90,ל גרם,false,1,13.90,15.44,true,1,
7290018835029,false,מרק בטעם עוף פרווה 400 ג,א.ל ייצור ושיווק תבלינים בעמ,,,"י""ח",400,ל גרם,false,1,12.90,3.23,true,1,
7290018835043,false,תערובת תיבול סטייק מונטריאול 140 גרם,א.ל.יצור ושיווקתבלינים בעמ,,,"י""ח",140,ל גרם,false,1,16.90,12.07,false,1,
7290018835227,false,פיצוחה לקריץ תקליט שחור 300ג,א.ל.יצור ושיווקתבלינים בעמ,,,"י""ח",300,ל גרם,false,1,14.90,4.97,false,1,
7290018860991,false,אטריות ביצים רחבות 400 גרם,מזרח ומערב יבוא ושיווק,,,"י""ח",4,"ק""ג",false,1,9.90,2.48,true,1,
7290018878002,false,אגו מיקס קרקר מצופה שוקולד חלב כרמית 55 גרם,כרמית תעשיות ממתקים בעמ,,,"י""ח",55,ל גרם,false,1,3.90,7.09,true,1,
7290018878071,false,"שלישיית שוקולד מריר 47% אגו כרמית 255 גרם כשל""פ",כרמית תעשיות ממתקים בעמ,,,"י""ח",255,ל גרם,false,1,12.90,5.06,false,1,
7290018878088,false,שלשות שוקולד ללס מריר ב.יוסף 85ג*3*18בקרט,"כרמית תעשיות ממתקים בע""\",,,"י""ח",255,ל גרם,false,1,15.90,6.24,false,1,
7290018878095,false,שלישיית שוקולד חלב ללא סוכר 85 גרם,כרמית תעשיות ממתקים בעמ,,,"י""ח",255,ל גרם,false,1,15.90,6.24,false,1,
7290018878125,false,שלישיית שוקולד לבן ללא סוכר 85 גרם,"כרמית תעשיות ממתקים בע""\",,,"י""ח",255,ל גרם,false,1,15.90,6.24,false,1,
7290018878170,false,אגו שוקולד מריר 60% מוצקי קקאו 2*100גר,כרמית תעשיות ממתקים בעמ,,,"י""ח",170,ל גרם,false,1,10.90,6.41,false,1,
7290018878798,false,מטבעות שוקולד חלב צבעוני 36 גרם כרמית,כרמית תעשיות ממתקים בעמ,,,"י""ח",36,ל גרם,false,1,3.90,10.83,true,1,
7290018879825,false,מטבעות שוקולד לבן 36 גרם כרמית,כרמית תעשיות ממתקים בעמ,,,"י""ח",36,ל גרם,false,1,3.90,10.83,true,1,
7290018893005,false,"חטיפי בייגלה אפוי בטעם חרדל ודבש, 160 גרם",ש.שסטוביץ בעמ,,,"י""ח",200,ל גרם,false,1,6.90,3.45,false,1,
7290018893081,false,עוגות מגולגלות במילוי קרם חלבי וציפוי בטעם שוקולד,ש. שסטוביץ בע`מ,,,"י""ח",6,"י""ח",false,1,8.90,1.48,true,1,
7290018893098,false,צ'וקטה עוגויות ביסקוויט מצופה שוקולד חלב 100 גרם,דיסטרופר אוליבייר,,,"י""ח",100,ל גרם,false,1,9.90,9.90,true,1,
7290018893104,false,צ'וקטה עוגויות ביסקוויט מצופה שוקולד מריר 100 גרם,דיסטרופר אוליבייר,,,"י""ח",100,ל גרם,false,1,9.90,9.90,true,1,
7290018893258,false,צ'וקטה עוגות אישיות במילוי קרם קרמל ובציפוי בטעם שוקולד 300 גרם,פרדי קונדיטוריה אס.פ,,,"י""ח",300,ל גרם,false,1,14.90,4.97,false,1,
7290018893265,false,צ'וקטה עוגות אישיות בטעם שוקולד מריר 8 יח 240 גרם,"פרדי קונדיטוריה אס,פי.אי",,,"י""ח",240,ל גרם,false,1,11.90,4.96,true,1,
7290018893296,false,עוגיות חמאה מצופות שוקולד בעיטורי שוקולד לבן 100 ג',דיסטרופר אוליבייר,,,"י""ח",100,ל גרם,false,1,9.90,9.90,true,1,
7290018893425,false,צוקטה ממרח אגוזי לוז וקקאו דואו 700 גר,ש.שסטוביץ בעמ,,,"י""ח",385,ל גרם,false,1,19.90,5.17,false,1,
7290018893456,false,צ'וקטה עוגות אישיות במילוי קרם ובציפוי בטעם שוקולד 300 גרם,"פרדי קונדיטוריה אס,פי.אי",,,"י""ח",300,ל גרם,false,1,14.90,4.97,false,1,
7290018893487,false,צ`וקוטה עוגות אישיות טעם קוקוס 350 גרם,פרדי קונדטוריה אס פי,,,"י""ח",300,ל גרם,false,1,12.90,4.30,false,1,
7290018893500,false,צ'וקטה עוגיות סנדביץ שוקו 180 גרם חלב נכרי,ש.שסטוביץ בעמ,,,"י""ח",180,ל גרם,false,1,4.90,2.72,false,1,
7290018893616,false,מארז צוקטה שוקולד מריר 48% 6*100 גר,ש. שסטוביץ בע`מ,,,"י""ח",600,ל גרם,false,1,19.90,3.32,false,1,
7290018893654,false,חטיפי בייגלה דקיקים ופריכים מלח צ'וקטה 200 ג',ש.שסטוביץ בעמ,,,"י""ח",200,ל גרם,false,1,6.90,3.45,false,1,
7290018893661,false,עוגות אישיות במילוי קרם קקאו ציפוי בטעם שוקולד מריר,"פרדי קונדיטוריה אס,פי.אי",,,"י""ח",240,ל גרם,false,1,11.90,4.96,true,1,
7290018893746,false,צוקטה בייגלה עגבניות ועשבי תיבול 180 גרם,ש.שסטוביץ בעמ,,,"י""ח",180,ל גרם,false,1,6.90,3.83,false,1,
7290018893814,false,צ'וקטה חמישיית שוקולד מריר 48%,הדקלאים אגודת שיתופי,,,"י""ח",500,"ל מ""ל",false,1,15.90,3.18,false,1,
7290018893852,false,חטיפי בייגלה דקיקים ופריכים שומשום צ'וקטה 200 ג',ש. שסטוביץ בע`מ,,,"י""ח",200,ל גרם,false,1,6.90,3.45,false,1,
7290018893876,false,עוגות אישיות רכות עם מילוי קרם בטעם וניל,פרדי קונדיטוריה אס.פ,,,"י""ח",240,ל גרם,false,1,11.90,4.96,true,1,
7290018893913,false,"צ`וקטה ממרח אגוזי לוז עם מקלות גריסיני קקאו, 52 גרם",ש.שסטוביץ בעמ,,,"י""ח",52,ל גרם,false,1,7.90,15.19,true,1,
7290018893920,false,לוקיטוס סוכריות ג'לי בטעמי פירות 700 גרם,ש. שסטוביץ בע`מ,,,"י""ח",700,ל גרם,false,1,19.90,2.84,false,1,
7290018893937,false,לוקיטוס סוכריות ג'לי בטעמי פירות 300 גרם,ש. שסטוביץ בע`מ,,,"י""ח",300,ל גרם,false,1,9.90,3.30,true,1,
7290018894002,false,קוביות וופל במילוי קרם קקאו - חלבי,ש. שסטוביץ בע`מ,,,"י""ח",250,ל גרם,false,1,11.90,4.76,true,1,
7290018894040,false,צ'וקטה שוקולד שוקולד חלב 5*100 גרם,ש. שסטוביץ בע`מ,,,"י""ח",500,"ל מ""ל",false,1,19.90,3.98,false,1,
7290018894248,false,צ'וקטה - שוקולד חלב שלישייה 3 * 100 גרם,ש. שסטוביץ בע`מ,,,"י""ח",300,"ל מ""ל",false,1,13.90,4.63,true,1,
7290018894446,false,שוקולד חלב במילוי קרם בוטנים 126 גרם,ש. שסטוביץ בע`מ,,,"י""ח",123,ל גרם,false,1,11.90,9.67,false,1,
7290018894590,false,מארז סביבון לחנוכה 225 גרם צ`וקטה,ש. שסטוביץ בע`מ,,,"י""ח",225,ל גרם,false,1,16.90,7.51,true,1,
7290018894606,false,בלקוני וופל קקאו 175 גרם חלבי OU,ש. שסטוביץ בע`מ,,,"י""ח",175,ל גרם,false,1,7.90,4.51,true,1,
7290018904008,false,מארז עוגיות שבקייה ושומשומית 350גר,הלל בן הלל שיווק ומסחר בעמ,,,"י""ח",350,ל גרם,false,1,29.90,8.54,false,1,
7290018904404,false,שערות קדאיף מזאווי 4,א.ג בחירה חכמה בעמ,,,"י""ח",450,ל גרם,false,1,13.90,3.09,false,1,
7290018921029,false,"ד""ר פישר - קמיל בלו מגבוני סנסיטיב 64 יח' * 4","פישר תעשיות פרמבצטיות בע""מ",,,"י""ח",4,"י""ח",false,1,21.90,5.48,true,1,
7290018921067,false,"ד""ר פישר - אפקטיב קר תחליב רחצה שמן שקדים 700 מ""ל","פישר תעשיות פרמצביטות בע""מ",,,"י""ח",700,"ל מ""ל",false,1,16.90,2.41,true,1,
7290018921166,false,קמיל אל סבון להזנת העור מועשר באצות-ים 1 ליטר,פישר תעשיות פרמבצטיות בעמ,,,"י""ח",1,ליטר,false,1,15.90,15.90,true,1,
7290018921203,false,"קמיל בלו קרם החתלה קמומיל 120 ג' ד""ר פישר",פישר תעשיות פרמבצטיות בעמ,,,"י""ח",120,ל גרם,false,1,18.90,15.75,true,1,
7290018921456,false,"ד""ר פישר - אפקטיב קר תחליב רחצה שמן כותנה 700 מ""ל","פישר תעשיות פרמבצטיות בע""מ",,,"י""ח",700,"ל מ""ל",false,1,16.90,2.41,true,1,
7290018921609,false,"ד""ר פישר - קמיל בלו קרם החתלה קלנדולה 120 גרם","פישר תעשיות פרמצבטיות בע""מ",,,"י""ח",120,ל גרם,false,1,21.90,18.25,true,1,
7290018921654,false,"ד""ר פישר - אפקטיב קר תחליב רחצה תמצית לוונדר 700 מ""ל","פישר תעשיות פרמצביטות בע""מ",,,"י""ח",700,"ל מ""ל",false,1,16.90,2.41,true,1,
7290018921753,false,קמיל אל סבון היגייני לניקוי יסודי מועשר בלחות 1 ליטר,פישר תעשיות פרמצבטיות בעמ,,,"י""ח",1,ליטר,false,1,15.90,15.90,true,1,
7290018921807,false,"קמיל בלו משחת החתלה צמחי מרפא 120 ג' ד""ר פישר","פישר תעשיות פרמצבטיות בע""מ",,,"י""ח",120,ל גרם,false,1,21.90,18.25,true,1,
7290018921852,false,"תחליב רחצה מועשר בשמן ארגן 700 מ""ל אפקטיב קר","פישר תעשיות פרמצבטיות בע""מ",,,"י""ח",700,"ל מ""ל",false,1,16.90,2.41,true,1,
7290018925058,false,"פרימור תפוח וחמוציות 750מ""ל",שטראוס גרופ בעמ/מצונן,,,"י""ח",2,ליטר,false,1,11.90,5.80,true,1,
7290018925065,false,מיץ תפוזים סחוט פרימור (2 ליטר),שטראוס גרופ בעמ/מצונן,,,"י""ח",2,ליטר,false,1,26.90,13.30,true,1,
7290018925072,false,פרימור טרי מיץ לימונים עם נענע 2 ליטר,שטראוס גרופ בעמ/מצונן,,,"י""ח",2,ליטר,false,1,26.90,13.30,true,1,
7290018925089,false,"מיץ פרימור תפו""ע צלול סחוט 2 ליטר-",שטראוס גרופ בעמ/מצונן,,,"י""ח",2,ליטר,false,1,26.90,13.30,true,1,
7290018989005,false,שלישיית פולפה עגבניות טבעי יכין 400X3 גרם,זנלכול יכין,,,"י""ח",800,ל גרם,false,1,16.90,2.11,true,1,
7290019014041,false,טאצ' נוזל רצפות 2 ליטר פסגה מושלגת,סאסאטק אגשח בעמ,,,"י""ח",2,ליטר,false,1,18.90,9.45,true,1,
7290019014065,false,טאצ' נוזל רצפות 2 ליטר ערפילי שחר,סאסאטק אגשח בעמ,,,"י""ח",2,ליטר,false,1,18.90,9.45,true,1,
7290019014089,false,טאצ' נוזל רצפות 2 ליטר דיונה פראית,סאסאטק אגשח בעמ,,,"י""ח",2,ליטר,false,1,18.90,9.45,true,1,
7290019014157,false,"מבשם כביסה מיסטרי טאצ' 750 מ""ל",סאסאטק אגשח בעמ,,,"י""ח",750,"ל מ""ל",false,1,16.90,2.25,true,1,
7290019014164,false,"מבשם כביסה פנטזי טאצ' 750 מ""ל",סאסאטק אגשח בעמ,,,"י""ח",750,"ל מ""ל",false,1,16.90,2.25,true,1,
7290019014171,false,"מבשם כביסה 750מ""ל סנשואל טאץ",סאסאטק אגשח בעמ,,,"י""ח",750,"ל מ""ל",false,1,16.90,2.25,true,1,
7290019036005,false,גוואקמולי 200ג,א.ג בחירה חכמה בעמ,,,"י""ח",200,ל גרם,false,1,9.90,4.95,false,1,
7290019036234,false,שיני שום קלופות 200 גרק,ביכורי השדה צפון 1994 ג.ד. בעמ,,,"י""ח",1,,false,1,12.90,12.90,false,1,
7290019038030,false,"אורז לבן בינוני 5ק""ג+1ק""ג HERBA.",בני פאוזי שמשום (2009) בעמ,,,"י""ח",6,"ק""ג",false,1,38.90,6.48,false,1,
7290019038504,false,שמן סויה מזוכך 1 ליטר,שלי בר שיווק והפצה 2020 בעמ,,,"י""ח",1,ליטר,false,1,9.90,9.90,false,1,
7290019038771,false,"ערק ג`בלנא 16% טעם שקדים 700מ""ל",בני פאוזי שמשום (2009) בעמ,,,"י""ח",700,"ל מ""ל",false,1,41.90,5.94,true,1,
7290019056027,false,שוופס מוגז פירות תפוחים ללא סוכר 1.5 ליטר פיקדון,יפאורה - שותפות מוגבלת לשיווק,,,"י""ח",1.50,ליטר,false,1,7.90,5.07,true,1,
7290019056034,false,שוופס מוגז פירות אננס ללא סוכר 1.5 ליטר פיקדון,יפאורה - שותפות מוגבלת לשיווק,,,"י""ח",1.50,ליטר,false,1,7.90,5.07,true,1,
7290019056041,false,שוופס מוגז פירות לימונייד ללא סוכר 1.5 ליטר פיקדון,יפאורה - שותפות מוגבלת לשיווק,,,"י""ח",1.50,ליטר,false,1,7.90,5.07,true,1,
7290019056058,false,שוופס מוגז עדין תפוח ליים 1.5 ליטר פיקדון,יפאורה - שותפות מוגבלת לשיווק,,,"י""ח",1.50,ליטר,false,1,8.60,5.53,true,1,
7290019056065,false,שוופס מוגז עדין פירות יער 1.5 ליטר פיקדון,יפאורה - שותפות מוגבלת לשיווק,,,"י""ח",1.50,ליטר,false,1,8.60,5.53,true,1,
7290019056072,false,שוופס מוגז עדין אננס 1.5 ליטר פיקדון,יפאורה - שותפות מוגבלת לשיווק,,,"י""ח",1.50,ליטר,false,1,8.60,5.53,true,1,
7290019056089,false,שוופס מוגז עדין ענבי ריזלינג 1.5 ליטר פיקדון,יפאורה - שותפות מוגבלת לשיווק,,,"י""ח",1.50,ליטר,false,1,8.60,5.53,true,1,
7290019056096,false,שוופס מוגז עדין אפרסק 1.5 ליטר פיקדון,יפאורה - שותפות מוגבלת לשיווק,,,"י""ח",1.50,ליטר,false,1,8.60,5.53,true,1,
7290019056119,false,שוופס סודה 1.5 ליטר פיקדון,יפאורה שותפות מוגבלת לשיווק,,,"י""ח",1.50,ליטר,false,1,4.30,2.67,true,1,
7290019056133,false,שוופס סודה נענע ליים 1.5 ליטר בק' בודד,יפאורה שותפות מוגבלת לשיווק,,,"י""ח",1.50,ליטר,false,1,4.30,2.67,true,1,
7290019056164,false,שוופס סודה 1.5 ליטר רביעייה פיקדון,יפאורה - שותפות מוגבלת לשיווק,,,"י""ח",6,ליטר,false,1,11.90,1.78,true,1,
7290019056171,false,שוופס סודה לימון 1.5 ליטר רביעייה פיקדון,יפאורה - שותפות מוגבלת לשיווק,,,"י""ח",6,ליטר,false,1,11.90,1.78,true,1,
7290019056188,false,מארז רביעיית סודה בטעם נענע ליים 1.5 ל' שוופס,יפאורה - שותפות מוגבלת לשיווק,,,"י""ח",6,ליטר,false,1,11.90,1.78,true,1,
7290019056201,false,מארז רביעיית סודה בטעם פירות יער 1.5 ל' שוופס,יפאורה - שותפות מוגבלת לשיווק,,,"י""ח",6,ליטר,false,1,11.90,1.78,true,1,
7290019056232,false,משקה מוגז בטעם ליים מוחיטו 1.5 ל' שוופס,יפאורה - שותפות מוגבלת לשיווק,,,"י""ח",1.50,ליטר,false,1,8.60,5.53,true,1,
7290019056249,false,שוופס מים בטעמים ענבים 1.5 ליטר פיקדון,יפאורה - שותפות מוגבלת לשיווק,,,"י""ח",1.50,ליטר,false,1,8.50,5.47,true,1,
7290019056256,false,שוופס מים בטעמים תפוחים 1.5 ליטר פיקדון,יפאורה - שותפות מוגבלת לשיווק,,,"י""ח",1.50,ליטר,false,1,8.50,5.47,true,1,
7290019056263,false,שוופס מים בטעמים אפרסק 1.5 ליטר פיקדון,יפאורה - שותפות מוגבלת לשיווק,,,"י""ח",1.50,ליטר,false,1,8.50,5.47,true,1,
7290019056270,false,שוופס מים בטעמים פירות יער 1.5 ליטר פיקדון,יפאורה - שותפות מוגבלת לשיווק,,,"י""ח",1.50,ליטר,false,1,8.50,5.47,true,1,
7290019056300,false,משקה בטעם ביטר לימון 1.5 ל' שוויפס,יפאורה - שותפות מוגבלת לשיווק,,,"י""ח",1.50,ליטר,false,1,12.50,8.13,false,1,
7290019056355,false,תפוזינה לימונדה מיקס לימונענע 1.5 ליטר,יפאורה - שותפות מוגבלת לשיווק,,,"י""ח",1.50,ליטר,false,1,9.20,5.93,true,1,
7290019056362,false,תפוזינה משקה קל ענבים 1.5 ליטר,יפאורה - שותפות מוגבלת לשיווק,,,"י""ח",1.50,ליטר,false,1,9.20,5.93,true,1,
7290019056379,false,משקה קל תפוזינה 1.5 ליטר תפוזים,יפאורה - שותפות מוגבלת לשיווק,,,"י""ח",1.50,ליטר,false,1,9.20,5.93,true,1,
7290019056386,false,משקה קל תפוזינה 1.5 ליטר אשכוליות,יפאורה - שותפות מוגבלת לשיווק,,,"י""ח",1.50,ליטר,false,1,9.20,5.93,true,1,
7290019056393,false,משקה קל תפוזינה 1.5 ליטר תות בננה,יפאורה - שותפות מוגבלת לשיווק,,,"י""ח",1.50,ליטר,false,1,9.20,5.93,true,1,
7290019056409,false,תפוזינה משקה קל מנגו עסיסי1.5ליטר,יפאורה - שותפות מוגבלת לשיווק,,,"י""ח",1.50,ליטר,false,1,9.20,5.93,true,1,
7290019056416,false,מיץ בטעם לימונדה ורודה 1.5 ל' תפוזינה,יפאורה - שותפות מוגבלת לשיווק,,,"י""ח",1.50,ליטר,false,1,9.20,5.93,true,1,
7290019056423,false,תפוזינה משקה קל תפוח רענן 1.5ליטר,יפאורה - שותפות מוגבלת לשיווק,,,"י""ח",1.50,ליטר,false,1,9.20,5.93,true,1,
7290019056430,false,משקה קל תפוזינה 1.5 ליטר תפוזים לייט,יפאורה - שותפות מוגבלת לשיווק,,,"י""ח",1.50,ליטר,false,1,9.20,5.93,true,1,
7290019056447,false,משקה קל תפוזינה 1.5 ליטר אשכוליות לייט,יפאורה - שותפות מוגבלת לשיווק,,,"י""ח",1.50,ליטר,false,1,9.20,5.93,true,1,
7290019056454,false,משקה מוגז בטעם קולה 1.5 ל' אר סי,יפאורה - שותפות מוגבלת לשיווק,,,"י""ח",1.50,ליטר,false,1,7.50,4.80,false,1,
7290019056461,false,מארז משקה בטעם קולה שישייה * 1.5 ל' אר.סי,יפאורה שותפות מוגבלת לשיווק,,,"י""ח",9,ליטר,false,1,40.90,4.34,true,1,
7290019056478,false,ספרינג טי קר אפרסק 1.5ליטר פיקדון,יפאורה - שותפות מוגבלת לשיווק,,,"י""ח",1.50,ליטר,false,1,7.50,4.80,true,1,
7290019056485,false,ספריג תה ירוק לימון לואיזה 1.5 ליטר פיקדון,יפאורה - שותפות מוגבלת לשיווק,,,"י""ח",1.50,ליטר,false,1,7.50,4.80,true,1,
7290019056492,false,ספרינג תה מנגו אפרסק 1.5 ליטר פיקדון,יפאורה - שותפות מוגבלת לשיווק,,,"י""ח",1.50,ליטר,false,1,7.50,4.80,true,1,
7290019056508,false,פרוט ווטר ענבים 1.5 ליטר פיקדון,יפאורה - שותפות מוגבלת לשיווק,,,"י""ח",1.50,ליטר,false,1,8.50,5.47,true,1,
7290019056515,false,פרוט ווטר אננס 1.5 ליטר פיקדון,יפאורה - שותפות מוגבלת לשיווק,,,"י""ח",1.50,ליטר,false,1,8.50,5.47,true,1,
7290019056522,false,מים בטעם תות 1.5 ל' פרוט וואטר,יפאורה - שותפות מוגבלת לשיווק,,,"י""ח",1.50,ליטר,false,1,8.50,5.47,true,1,
7290019056539,false,fruit water פרוט ווטר אפרסק 1.5 ליטר-,יפאורה שותפות מוגבלת לשיווק,,,"י""ח",1.50,ליטר,false,1,8.50,5.47,true,1,
7290019056546,false,fruit water פרוט ווטר אבטיח 1.5 ליטר-,יפאורה - שותפות מוגבלת לשיווק,,,"י""ח",1.50,ליטר,false,1,8.50,5.47,true,1,
7290019056553,false,שישיית מים מינרלים עין גדי 2 ליטר,יפאורה - שותפות מוגבלת לשיווק,,,"י""ח",12,ליטר,false,1,13.70,0.99,false,1,
7290019056560,false,עין גדי מים מינרלים בקבוק 2 ליטר,יפאורה שותפות מוגבלת לשיווק,,,"י""ח",2,ליטר,false,1,4.50,2.10,false,1,
7290019056577,false,ספרינג קל מנגו 1.5 ליטר פיקדון,יפאורה - שותפות מוגבלת לשיווק,,,"י""ח",1.50,ליטר,false,1,9.10,5.87,true,1,
7290019056584,false,משקה קל תפוזים ספרינג 1.5 ליטר,יפאורה - שותפות מוגבלת לשיווק,,,"י""ח",1.50,ליטר,false,1,9.10,5.87,true,1,
7290019056591,false,משקה קל ענבים ספרינג 1.5 ליטר,יפאורה - שותפות מוגבלת לשיווק,,,"י""ח",1.50,ליטר,false,1,9.10,5.87,true,1,
7290019056607,false,משקה קל תפוחים ספרינג 1.5 ליטר,יפאורה - שותפות מוגבלת לשיווק,,,"י""ח",1.50,ליטר,false,1,9.10,5.87,true,1,
7290019056614,false,משקה קל אפרסק ספרינג 1.5 ליטר,יפאורה - שותפות מוגבלת לשיווק,,,"י""ח",1.50,ליטר,false,1,9.10,5.87,true,1,
7290019056621,false,משקה קל פירות טרופיים ספרינג 1.5 ליטר,יפאורה - שותפות מוגבלת לשיווק,,,"י""ח",1.50,ליטר,false,1,9.10,5.87,true,1,
7290019056638,false,משקה קל ספרינג 1.5 ליטר תות בננה,יפאורה - שותפות מוגבלת לשיווק,,,"י""ח",1.50,ליטר,false,1,9.10,5.87,true,1,
7290019056645,false,משקה קל ספרינג 1.5 ליטר אגס תפוח סברס,יפאורה - שותפות מוגבלת לשיווק,,,"י""ח",1.50,ליטר,false,1,9.10,5.87,true,1,
7290019056652,false,משקה קל ספרינג 1.5 ליטר אננס בננה,יפאורה - שותפות מוגבלת לשיווק,,,"י""ח",1.50,ליטר,false,1,9.10,5.87,true,1,
7290019056669,false,משקה קל ספרינג 1.5 ליטר תפוחים דיאט,יפאורה - שותפות מוגבלת לשיווק,,,"י""ח",1.50,ליטר,false,1,9.20,5.93,true,1,
7290019056676,false,משקה קל אשכולית אננס דיאט ספרינג 1.5 ליטר,יפאורה - שותפות מוגבלת לשיווק,,,"י""ח",1.50,ליטר,false,1,8.80,5.67,true,1,
7290019056720,false,קריסטל מיץ ענבים 2 ליטר פיקדון,יפאורה - שותפות מוגבלת לשיווק,,,"י""ח",2,ליטר,false,1,7.80,3.75,true,1,
7290019056737,false,משקה קל קריסטל (2 ליטר)אשכוליות,יפאורה - שותפות מוגבלת לשיווק,,,"י""ח",2,ליטר,false,1,7.80,3.75,true,1,
7290019056744,false,קריסטל מיץ תפוזים 2 ליטר פיקדון,יפאורה - שותפות מוגבלת לשיווק,,,"י""ח",2,ליטר,false,1,7.80,3.75,true,1,
7290019056751,false,קריסטל מיץ אשכוליות דיאט 2 ליטר פיקדון,יפאורה - שותפות מוגבלת לשיווק,,,"י""ח",2,ליטר,false,1,7.80,3.75,true,1,
7290019056768,false,קריסטל משקה קל מנגו 2 ליטר פיקדון,יפאורה - שותפות מוגבלת לשיווק,,,"י""ח",2,ליטר,false,1,7.80,3.75,true,1,
7290019056775,false,משקה קל קריסטל (2 ליטר)מוגז ענבים,יפאורה - שותפות מוגבלת לשיווק,,,"י""ח",2,ליטר,false,1,7.80,3.75,true,1,
7290019056782,false,משקה קל קריסטל (2 ליטר)מוגז למון ליים,יפאורה - שותפות מוגבלת לשיווק,,,"י""ח",2,ליטר,false,1,7.80,3.75,true,1,
7290019056799,false,משקה קל קריסטל (2 ליטר)מוגז אקזוטי,יפאורה - שותפות מוגבלת לשיווק,,,"י""ח",2,ליטר,false,1,7.80,3.75,true,1,
7290019056805,false,משקה קל קריסטל (2 ליטר)מוגז תפוחים,יפאורה - שותפות מוגבלת לשיווק,,,"י""ח",2,ליטר,false,1,7.80,3.75,true,1,
7290019056812,false,משקה קל קריסטל (2 ליטר)מוגז מנטה,יפאורה - שותפות מוגבלת לשיווק,,,"י""ח",2,ליטר,false,1,7.80,3.75,true,1,
7290019056829,false,משקה קל קריסטל (2 ליטר)מוגז תפוזים,יפאורה - שותפות מוגבלת לשיווק,,,"י""ח",2,ליטר,false,1,7.80,3.75,true,1,
7290019056836,false,משקה קל קריסטל (2 ליטר)מוגז תות,יפאורה - שותפות מוגבלת לשיווק,,,"י""ח",2,ליטר,false,1,7.80,3.75,true,1,
7290019056843,false,משקה קל קריסטל (2 ליטר)מוגז קולה,יפאורה - שותפות מוגבלת לשיווק,,,"י""ח",2,ליטר,false,1,7.80,3.75,true,1,
7290019056850,false,ספרינג תה אפרסק דיאט 1.5 ליטר פיקדון,יפאורה - שותפות מוגבלת לשיווק,,,"י""ח",1.50,ליטר,false,1,7.50,4.80,true,1,
7290019056959,false,מי עדן בקבוק מתכווץ שקט 1.5 מ``ל,יפאורה - שותפות מוגבלת לשיווק,,,"י""ח",1.50,ליטר,false,1,5.50,3.47,false,1,
7290019056973,false,מי עדן שישיה בק `1.5ליטר פיקדון,יפאורה - שותפות מוגבלת לשיווק,,,"י""ח",9,ליטר,false,1,13.90,1.34,false,1,
7290019075295,false,"ד""ר פישר - אפקטיב קר תחליב רחצה עדין לידיים מועשר בש""ש 350 מ""ל","פישר תעשיות פרמבצטיות בע""מ",,,"י""ח",350,ל גרם,false,1,12.90,3.69,true,1,
7290019075400,false,"אפקטיב קר תחליב רחצה מועשר בשיבולת שועל 700 מ""ל","פישר תעשיות פרמבצטיות בע""מ",,,"י""ח",700,"ל מ""ל",false,1,16.90,2.41,true,1,
7290019075479,false,"ד""ר פישר - קמיל בלו קלאסיק שמפו לתינוק 1 ליטר",פישר תעשיות פרמבצטיות בעמ,,,"י""ח",1,ליטר,false,1,32.90,32.90,true,1,
7290019075493,false,"אפקטיב קר אל סבון עדין לידיים מועשר בתה ירוק ויסמין 350 מ""ל","פישר תעשיות פרמבצטיות בע""מ",,,"י""ח",350,ל גרם,false,1,12.90,3.69,true,1,
7290019075608,false,"אפקטיב קר תחליב רחצה מועשר בתה ירוק ויסמין 700 מ""ל","פישר תעשיות פרמבצטיות בע""מ",,,"י""ח",700,"ל מ""ל",false,1,16.90,2.41,true,1,
7290019075691,false,"ד""ר פישר - אפקטיב קר תחליב רחצה עדין לידיים מועשר בלבנדר 350 מ""ל","פישר תעשיות פרמבצטיות בע""מ",,,"י""ח",350,ל גרם,false,1,12.90,3.69,true,1,
7290019101833,false,כוסות קרטון שתיה חמה8-B שווה,ח.כהן סוכנות מזון ומשקאות בע,,,"י""ח",1,"י""ח",false,1,7.90,7.90,false,1,
7290019105022,false,אל סבון נוזלי בניחוח מאסק 1ליטר,טרופיקל דגיל תעשיות קוסמטיקה,,,"י""ח",1,ליטר,false,1,10.90,10.90,true,1,
7290019105220,false,אל סבון נוזלי בניחוח פרש 1ליטר,טרופיקל דגיל תעשיות קוסמטיקה,,,"י""ח",1,ליטר,false,1,10.90,10.90,true,1,
7290019105428,false,אל סבון נוזלי בניחוח פרחים 1ליטר,טרופיקל דגיל תעשיות קוסמטיקה,,,"י""ח",1,ליטר,false,1,10.90,10.90,true,1,
7290019105817,false,אל סבון נוזלי בניחוח וניל ודבש 1ליטר,טרופיקל דגיל תעשיות קוסמטיקה,,,"י""ח",1,ליטר,false,1,10.90,10.90,true,1,
7290019145004,false,משקה אלכהלי מחנה יהודה אשכולית 700 מייל,פיירוואטר בעמ,,,"י""ח",750,"ל מ""ל",false,1,40.20,5.32,true,1,
7290019145813,false,ערק מחנה יהודה 40% 700 מייל,פיירוואטר בעמ,,,"י""ח",700,"ל מ""ל",false,1,49.90,7.09,true,1,
7290019153023,false,אר.סי. קולה ללא סוכר 1.5 ל' מארז רביעייה,יפאורה שותפות מוגבלת לשיווק,,,"י""ח",6,ליטר,false,1,27.30,4.35,true,1,
7290019153085,false,שוופס מוגז ליים מוחיטו ללא סוכר 1.5 ליטר-,יפאורה - שותפות מוגבלת לשיווק,,,"י""ח",1.50,ליטר,false,1,8.80,5.67,true,1,
7290019153214,false,"פחית משקה מוגז מנטה 330 מ""ל שוופס",יפאורה - שותפות מוגבלת לשיווק,,,"י""ח",330,"ל מ""ל",false,1,4.90,1.39,true,1,
7290019153221,false,שוופס סודה בטעם אננס 0.5 ליטר,יפאורה - שותפות מוגבלת לשיווק,,,"י""ח",500,"ל מ""ל",false,1,4.50,0.84,true,1,
7290019153238,false,שוופס סודה בטעם תפוח 0.5 ליטר,יפאורה - שותפות מוגבלת לשיווק,,,"י""ח",500,"ל מ""ל",false,1,4.50,0.84,true,1,
7290019153245,false,שוופס סודה לימון מוגז עדין 0.50,יפאורה - שותפות מוגבלת לשיווק,,,"י""ח",500,"ל מ""ל",false,1,4.50,0.84,true,1,
7290019153252,false,שוופס סודה תפוח 1.5 ליטר רביעייה פיקדון,יפאורה - שותפות מוגבלת לשיווק,,,"י""ח",6,ליטר,false,1,11.90,1.78,true,1,
7290019153269,false,שוופס סודה אננס 1.5 ליטר רביעייה פיקדון,יפאורה - שותפות מוגבלת לשיווק,,,"י""ח",6,ליטר,false,1,11.90,1.78,true,1,
7290019153276,false,שוופס סודה אננס 1.5 ליטר בק' בודד פיקדון,יפאורה שותפות מוגבלת לשיווק,,,"י""ח",1,,false,1,4.30,4.30,true,1,
7290019153344,false,משקה קל תפוזינה 1.5 ליטר סנגרייה,יפאורה - שותפות מוגבלת לשיווק,,,"י""ח",1.50,ליטר,false,1,9.20,5.93,true,1,
7290019153351,false,משקה קל תפוזינה 1.5 ליטר פינק אוזו,יפאורה - שותפות מוגבלת לשיווק,,,"י""ח",1.50,ליטר,false,1,9.20,5.93,true,1,
7290019153375,false,משקה קל תפוזינה 1.5 ליטר מוחיטו,יפאורה - שותפות מוגבלת לשיווק,,,"י""ח",1.50,ליטר,false,1,9.20,5.93,true,1,
7290019153535,false,"רביעיית שוופס מוגז פירות למונייד ללא סוכר 330 מ""ל פחיות",יפאורה - שותפות מוגבלת לשיווק,,,"י""ח",1.32,ליטר,false,1,14.70,10.23,true,1,
7290019153566,false,משקה קל רימון אוכמניות דובדבן ספרינג 1.5 ליטר,יפאורה - שותפות מוגבלת לשיווק,,,"י""ח",1.50,ליטר,false,1,9.10,5.87,true,1,
7290019167020,false,עוגת גבינה עם פירות יער לייט עדן קינוחים 82 גרם,"תנובה בע""מ ***",,,"י""ח",82,"ל מ""ל",false,1,6.90,8.41,false,1,
7290019167037,false,תותים בקצפת 82 גרם עדן קינוחים,תנובה בעמ ***,,,"י""ח",82,"ל מ""ל",false,1,6.90,8.41,false,1,
7290019167044,false,קצפת עם קרם בייגלה מתוק מלוח עדן קינוחים 82 גרם,תנובה בעמ ***,,,"י""ח",82,"ל מ""ל",false,1,6.90,8.41,false,1,
7290019232094,false,חליטת פירות וצמחים אפרסק הגן הקסום ויסוצקי 25 יחידות,תה ויסוצקי (ישראל) בעמ,,,"י""ח",20,"י""ח",false,1,17.90,0.90,true,1,
7290019232155,false,"חליטת ""לילה טוב"" קמומיל לבנדר ו25 שקיקים ויסוצקי",תה ויסוצקי (ישראל) בעמ,,,"י""ח",25,"י""ח",false,1,24.90,1,true,1,
7290019232162,false,"חליטת ""לילה טוב"" קמומיל מליסה 25 שקיקים ויסוצקי",תה ויסוצקי (ישראל) בעמ,,,"י""ח",25,"י""ח",false,1,24.90,1,true,1,
7290019232179,false,ויסוצקי פלוס תה ירוק נענע עם ויטמינים,תה ויסוצקי (ישראל) בעמ,,,"י""ח",25,"י""ח",false,1,24.90,1,true,1,
7290019232186,false,תה ירוק לימונית לואיזהSTAY WELL 25 שקיקים ויסוצקי,תה ויסוצקי (ישראל) בעמ,,,"י""ח",25,"י""ח",false,1,24.90,1,true,1,
7290019232193,false,תה ירוק לימונית ג'ינג'ר STAY WELL שקיקים 25 ויסוצקי,תה ויסוצקי (ישראל) בעמ,,,"י""ח",25,"י""ח",false,1,24.90,1,true,1,
7290019232377,false,חווית צאי וניל הל 25יח,תה ויסוצקי (ישראל)בעמ,,,"י""ח",25,"י""ח",false,1,19.90,0.80,true,1,
7290019232384,false,חווית צאי מוקה 25יח,תה ויסוצקי (ישראל)בעמ,,,"י""ח",25,"י""ח",false,1,19.90,0.80,true,1,
7290019232834,false,פליפז בייגלה מצופה קרם עוגיות ושוקולד מקוויטיס 140 גרם,תה ויסוצקי (ישראל) בעמ,,,"י""ח",140,ל גרם,false,1,8.90,6.36,true,1,
7290019233022,false,רוטב עגבניות עם קוביות ושמן זית 420ג זיתא,תה ויסוצקי (ישראל) בעמ,,,"י""ח",350,"ל מ""ל",false,1,13.90,3.97,true,1,
7290019233039,false,רוטב עגבניות עם קוביות פלפלים ושמן זית 420ג' ויסוצקי,תה ויסוצקי (ישראל) בעמ,,,"י""ח",350,"ל מ""ל",false,1,13.90,3.97,true,1,
7290019274612,false,"משחה לניקוי כלים 3.5ק""ג טאץ",סאסאטק אגשח בעמ,,,"י""ח",3.50,"ק""ג",false,1,21.90,6.26,false,1,
7290019297161,false,טורטיה ראפ מקמח תירס שקדיה 450 גרם,דין שיווק וקליה 2021 בעמ,,,"י""ח",540,ל גרם,false,1,8.90,1.65,false,1,
7290019297239,false,צימוק חום 250 גרם ששון הקולה,דין שיווק וקליה 2021 בעמ,,,"י""ח",250,ל גרם,false,1,13.90,5.56,false,1,
7290019297383,false,מעדן משמש 100% רכיבי פרי ללא תוספת סוכ,דין שיווק וקליה 2021 בעמ,,,"י""ח",284,ל גרם,false,1,13.90,4.89,true,1,
7290019297406,false,מעדן דובדבן 100% רכיבי פרי ללא תוספת ס,דין שיווק וקליה 2021 בעמ,,,"י""ח",284,ל גרם,false,1,13.90,4.89,true,1,
7290019297420,false,מעדן תות שדה 100% רכיבי פרי 284 גר' ללא תוספת סוכר,דין שיווק וקליה 2021 בעמ,,,"י""ח",284,ל גרם,false,1,13.90,4.89,true,1,
7290019297512,false,"רוטב רימונים שקדיה 340 מ""ל בדץ",דין שיווק וקליה 2021 בעמ,,,"י""ח",340,ל גרם,false,1,10.90,3.21,false,1,
7290019297543,false,חמאת בוטנים 510 גר` דין שיווק,דין שיווק וקליה 2021 בעמ,,,"י""ח",510,ל גרם,false,1,10.90,2.14,false,1,
7290019297642,false,גרעין שחור קלוי ללא מלח ששון הקולה 150 ג',דין שיווק וקליה 2021 בעמ,,,"י""ח",150,ל גרם,false,1,6.90,4.60,false,1,
7290019302315,false,יין ספארקלין אבטיח מלון 750 מל BUZZ,אגודת הכורמים בעמ,,,"י""ח",750,"ל מ""ל",false,1,27.90,3.68,true,1,
7290019302636,false,"קרומבכר בירה רביעייה 330 מ""ל",אגודת הכורמים,,,"י""ח",1.32,ליטר,false,1,24.90,17.95,false,1,
7290019513018,false,רינג גדול 6 אליפסה,מ. שלומי שיווק בשר וסחר בעמ,,,"י""ח",1,"י""ח",false,1,199.90,199.90,false,1,
7290019513100,false,בוצ`ר אנדגריין 35*50,מ. שלומי שיווק בשר וסחר בעמ,,,"י""ח",1,"י""ח",false,1,379.90,379.90,false,1,
7290019513162,false,סיסם אירופאי מלח פלפל,מ. שלומי שיווק בשר וסחר בעמ,,,"י""ח",1,"י""ח",false,1,199.90,199.90,false,1,
7290019513209,false,בוצ`ר אשא 30*45,מ. שלומי שיווק בשר וסחר בעמ,,,"י""ח",1,מטר,false,1,69,69,false,1,
7290019513292,false,בוצ`ר סיסם אירופאי 30*40,מ. שלומי שיווק בשר וסחר בעמ,,,"י""ח",1,מטר,false,1,69,69,false,1,
7290022005074,false,רוטב עגבניות שרי קלאסי 400 גרם,א.ל.יצור ושיווקתבלינים בעמ,,,"י""ח",400,"ל מ""ל",false,1,14.90,3.73,true,1,
7290022005081,false,רוטב עגבניות שרי ארביאטה 400 גרם,א.ל ייצור ושיווק תבלינים בעמ,,,"י""ח",400,"ל מ""ל",false,1,14.90,3.73,true,1,
7290022005098,false,רוטב עגבניות שרי לשקשוקה 400 גרם,א.ל.יצור ושיווקתבלינים בעמ,,,"י""ח",400,"ל מ""ל",false,1,14.90,3.73,true,1,
7290022005104,false,רוטב עגבניות שרי בזיליקום 400 גרם,א.ל.יצור ושיווקתבלינים בעמ,,,"י""ח",400,"ל מ""ל",false,1,14.90,3.73,true,1,
7290022005111,false,רוטב עגבניות שרי לפיצה 400 גרם,א.ל.יצור ושיווקתבלינים בעמ,,,"י""ח",400,"ל מ""ל",false,1,14.90,3.73,true,1,
7290022005555,false,תבלין פילדלפיה מימון 120 גרם,א.ל ייצור ושיווק תבלינים בעמ,,,"י""ח",120,ל גרם,false,1,11.50,9.58,false,1,
7290022005562,false,קריספ פירורי לחם שום 300 גרם מיימונס,א.ל.ייצור ושיווק תבלינים בעמ,,,"י""ח",300,ל גרם,false,1,7.90,2.63,true,1,
7290042051921,false,כוסות יהלום שווה 40יח,ח.כהן סוכנות מזון ומשקאות בע,,,"י""ח",40,"י""ח",false,1,10.90,0.27,false,1,
7290055090702,false,"איגלו שלוקים בטעמי פטל, לימון וענבים 60 יח'",כרמית תעשיות ממתקים בעמ,,,"י""ח",120,ל גרם,false,1,13.90,11.58,true,1,
7290055090801,false,כרמית שוקולד לבן ללא תוספת סוכר 85 גרם,כרמית תעשיות ממתקים בעמ,,,"י""ח",85,ל גרם,false,1,6.90,8.12,true,1,
7290100240137,false,"תרסיס ריחני למייבש כחול בדין 500 מ""ל",יוניליוור ישראל שיווק בע`מ,,,"י""ח",500,"ל מ""ל",false,1,16.90,3.38,false,1,
7290100240144,false,בדין תרסיס למייבש הכביסה ורוד 500מל,יוניליוור ישראל שיווק בע`מ,,,"י""ח",500,"ל מ""ל",false,1,16.90,3.38,false,1,
7290100240632,false,קרקר פתית 200-300ג' 6 דגנים 250 גרם,"יוניליוור ישראל שיווק בע""מ",,,"י""ח",250,ל גרם,false,1,16.90,6.76,false,1,
7290100240656,false,"פתית שיפון בד""צ חדש 300X24 גר'",יוניליוור ישראל שיווק בע`מ,,,"י""ח",300,ל גרם,false,1,16.90,5.63,false,1,
7290100242483,false,"פסטה חצי סהר 10ק""ג",יוניליוור ישראל שיווק בעמ,,,"י""ח",10,"ק""ג",false,1,89.90,8.99,false,1,
7290100243671,false,"מרכך כביסה מרוכז אקסטרה כחול בדין 960 מ""ל",יוניליוור ישראל שיווק בע`מ,,,"י""ח",960,"ל מ""ל",false,1,15.90,1.66,true,1,
7290100245231,false,נמס בכוס מרק בטעם עוף עם אטריות ושקדי מרק-2 שקיות,יוניליוור ישראל שיווק בע`מ,,,"י""ח",50,ל גרם,false,1,7.50,15,true,1,
7290100249598,false,רוטב לעוף בטעם שום ודבש קנור (320 גרם),יוניליוור ישראל שיווק בע`מ,,,"י""ח",320,ל גרם,false,1,11.90,3.72,true,1,
7290100249659,false,"רוטב לעוף צ'ילי מתוק ושום קנור 320 גרם בד""צ","יוניליוור ישראל שיווק בע""מ",,,"י""ח",320,ל גרם,false,1,11.90,3.72,true,1,
7290100411254,false,מחית בוליווד תפוח ובננה 190 גרם ללא תוספ,שקד תבל בע`מ,,,"י""ח",190,"ל מ""ל",false,1,5.90,3.11,true,1,
7290100412343,false,קוויק מטליות לחות 99.9% לניקוי כללי בריח לימון 50 יחידות,שקד תבל בע`מ,,,"י""ח",50,"י""ח",false,1,8.90,0.18,true,1,
7290100412459,false,קוויק מטליות לחות 99.9% לניקוי שירותים ומקלחות בריח לוונדר 50 יחידות,שקד תבל בע`מ,,,"י""ח",50,"י""ח",false,1,8.90,0.18,true,1,
7290100412718,false,"תרחיץ פנים קלאסק מאסק דר עור 150 מ""ל","אמיליה קוסמטיקס בע""מ",,,"י""ח",150,ל גרם,false,1,24.90,16.60,true,1,
7290100412732,false,תחליב גוף לעור יבש פרחי בר דר עור 400 מל,"אמיליה קוסמטיקס בע""מ",,,"י""ח",400,"ל מ""ל",false,1,21.90,5.48,true,1,
7290100412763,false,"דר' עור תחליב רחצה קלאסי -לבנדר 700 מ""ל","אמיליה קוסמטיקס בע""מ",,,"י""ח",700,ל גרם,false,1,14.90,2.13,true,1,
7290100412770,false,"ד""ר עור - תחליב רחצה קלאסי בניחוח מאסק 700 מ""ל","אמיליה קוסמטיקס בע""מ",,,"י""ח",700,ל גרם,false,1,14.90,2.13,true,1,
7290100412787,false,"ד""ר עור - תחליב רחצה קלאסי בניחוח פריחת הכותנה 700 מ""ל","אמיליה קוסמטיקס בע""מ",,,"י""ח",700,ל גרם,false,1,14.90,2.13,true,1,
7290100412794,false,דר עור פילינג עדין לפנים קלאסי מאסק 150,"אמיליה קוסמטיקס בע""מ",,,"י""ח",150,ל גרם,false,1,24.90,16.60,true,1,
7290100412817,false,קרם רגליים לעור יבש פרחי בר דר עור 100 מ,"אמיליה קוסמטיקס בע""מ",,,"י""ח",100,ל גרם,false,1,13.90,13.90,true,1,
7290100412831,false,תחליב רחצה אנטי אייג'ינג בניחוח וניל טרופי,"אמיליה קוסמטיקס בע""מ",,,"י""ח",700,ל גרם,false,1,14.90,2.13,true,1,
7290100412848,false,DR OR תחליב גוף אנטי אייגינג וניל מעודן 400 מל,"אמיליה קוסמטיקס בע""מ",,,"י""ח",400,"ל מ""ל",false,1,21.90,5.48,true,1,
7290100413609,false,קוויק מטליות לחות דוחה אבק לימון 50 יחידות,שקד תבל בע`מ,,,"י""ח",40,"י""ח",false,1,8.90,0.22,true,1,
7290100653463,false,"פלמוליב - ארומה ג'ל רחצה מסאז' 500 מ""ל",קולגייט פלמוליב,,,"י""ח",500,"ל מ""ל",false,1,15.90,3.18,true,1,
7290100653586,false,"דאודורנט ג'ל פרש פיוזן 24/7 ליידי ספיד סטיק 65 מ""ל",ליידי ספיד סטיק Lady Speed Stick,,,"י""ח",1,"י""ח",false,1,19.90,19.90,true,1,
7290100680650,false,מנה חמה נודלס-אטריות ירקות טעם תאילנדי אסם 76 ג',קבוצת אוסם סחר שותפות מוגבלת,,,"י""ח",76,ל גרם,false,1,7.90,10.39,true,1,
7290100680667,false,מנה חמה נודלס בסגנון סצ`ואן אסם (76 גרם),קבוצת אוסם סחר שותפות מוגבלת,,,"י""ח",76,ל גרם,false,1,7.90,10.39,true,1,
7290100680711,false,פירורית זהב אסם זהב 350ג',קבוצת אוסם סחר שותפות מוגבלת,,,"י""ח",350,ל גרם,false,1,9.60,2.74,false,1,
7290100680728,false,פירורית רגילה שקית 350 גרם,קבוצת אוסם סחר שותפות מוגבלת,,,"י""ח",350,ל גרם,false,1,8.50,2.43,false,1,
7290100681138,false,מארז אפרופו חטיף תירס 3 יחידות,קבוצת אוסם סחר שותפות מוגבלת,,,"י""ח",150,ל גרם,false,1,14.50,9.67,true,1,
7290100683545,false,סירופ בטעם מייפל,קבוצת אוסם סחר-שות.מוגבלת,,,"י""ח",400,"ל מ""ל",false,1,10.09,2.52,false,1,
7290100684139,false,פסטה מיני מקרוני אסם (500 גרם),קבוצת אוסם סחר שותפות מוגבלת,,,"י""ח",500,ל גרם,false,1,6.90,1.38,true,1,
7290100684306,false,רוטב צ`ילי מתוק אסם (600 מל),קבוצת אוסם סחר-שות.מוגבלת,,,"י""ח",760,"ל מ""ל",false,1,17.40,2.29,false,1,
7290100684764,false,במבה יום הולדת על סרט אסם 25 ג',קבוצת אוסם סחר שותפות מוגבלת,,,"י""ח",25,ל גרם,false,1,3.10,12.40,false,1,
7290100685136,false,"אבקת מרק טעם עוף 1 ק""ג 1/8 אסם",קבוצת אוסם סחר שותפות מוגבלת,,,"י""ח",1,"ק""ג",false,1,14.90,14.90,false,1,
7290100685242,false,במבה מתוקה מחומרים טבעיים סרט 30 גרם,קבוצת אוסם סחר-שות.מוגבלת,,,"י""ח",30,ל גרם,false,1,3.10,10.33,false,1,
7290100685334,false,אבקת מרק עוף אמיתי בשרי רכיבים טבעיים אסם 400 גרם,קבוצת אוסם סחר שותפות מוגבלת,,,"י""ח",400,ל גרם,false,1,25.60,6.40,false,1,
7290100685341,false,אבקת מרק טעם עוף זך רכיבים טבעיים אסם 400 גרם,קבוצת אוסם סחר שותפות מוגבלת,,,"י""ח",400,ל גרם,false,1,16.90,4.23,false,1,
7290100685938,false,עוגת הבית דבש ותפוח עץ עם פירורים 400 גר,קבוצת אוסם סחר-שות.מוגבלת,,,"י""ח",400,ל גרם,false,1,17.90,4.48,false,1,
7290100686164,false,מארז מולטיפק ביסלי ברביקיו 6 יח 35 גר יח,קבוצת אוסם סחר שותפות מוגבלת,,,"י""ח",210,ל גרם,false,1,14.90,7.10,true,1,
7290100686171,false,מארז מולטיפק ביסלי גריל 6 יח 35 גר ליח,קבוצת אוסם סחר שותפות מוגבלת,,,"י""ח",210,ל גרם,false,1,15.90,7.57,true,1,
7290100687109,false,במבה במילוי קרם נוגט 60ג' אסם,קבוצת אוסם סחר-שות.מוגבלת,,,"י""ח",60,ל גרם,false,1,4.30,7.17,true,1,
7290100688618,false,גביעי גלידה שוקולד אסם 95 גרם 24 יחידות,קבוצת אוסם סחר-שות.מוגבלת,,,"י""ח",24,"י""ח",false,1,17.20,0.72,false,1,
7290100689301,false,אבקת מרק בטעם עוף זך עדיף אסם 400 גרם,קבוצת אוסם סחר שותפות מוגבלת,,,"י""ח",400,ל גרם,false,1,16.90,4.23,false,1,
7290100700006,false,"חיטה סוגת 1 ק""ג","סוגת תעשיות בע""\מ",,,"י""ח",1,"ק""ג",false,1,9.90,9.90,true,1,
7290100700020,false,גריסי פנינה סוגת (500 גרם),האי נאם סי או אל.טי.,,,"י""ח",200,ל גרם,false,1,4.90,2.45,true,1,
7290100700075,false,פירורי לחם מוזהבים סוגת (200 גרם),"סוגת תעשיות בע""\מ",,,"י""ח",200,ל גרם,false,1,3.90,1.95,true,1,
7290100700157,false,"אורז סושי 1ק""ג סוגת",סוגת תעשיות בעמ,,,"י""ח",1,"ק""ג",false,1,12.90,12.90,false,1,
7290100700242,false,אורז מלא עגול סוגת (1 קג),"סוגת תעשיות בע""\מ",,,"י""ח",1,"ק""ג",false,1,9.90,9.90,false,1,
7290100700266,false,פירורי לחם לבנים סוגת 200 גרם,"סוגת תעשיות בע""מ",,,"י""ח",200,ל גרם,false,1,3.90,1.95,true,1,
7290100700273,false,קינואה לבנה 500 ג סו,האי נאם סי או אל.טי.,,,"י""ח",500,ל גרם,false,1,12.90,2.58,true,1,
7290100700297,false,עדשים שחורות מנומרות סוגת 500 גרם,"סוגת תעשיות בע""מ",,,"י""ח",500,ל גרם,false,1,7.90,1.58,true,1,
7290100700310,false,"סוגת כוסמת סוגת 1ק""ג","סוגת תעשיות בע""מ",,,"י""ח",1,"ק""ג",false,1,13.90,13.90,true,1,
7290100700334,false,קינואה לבנה 1 קג סוג,"סוגת תעשיות בע""מ",,,"י""ח",1,"ק""ג",false,1,19.90,19.90,true,1,
7290100700372,false,"אורז בסגנון בסמטי מלא 1 ק""ג",האי נאם סי או אל.טי.,,,"י""ח",1,"ק""ג",false,1,13.90,13.90,false,1,
7290100700396,false,"אורז יסמין קלאסי סוגת 1 ק""ג",האי נאם סי או אל.טי.,,,"י""ח",1,"ק""ג",false,1,12.90,12.90,false,1,
7290100700402,false,"חומוס ענק סוגת 1 ק""ג",סוגת תעשיות בעמ,,,"י""ח",1,"ק""ג",false,1,19.90,19.90,true,1,
7290100700587,false,"בורגול ""סוגת"" 500 גרם",האי נאם סי או אל.טי.,,,"י""ח",500,ל גרם,false,1,4.90,0.98,true,1,
7290100701140,false,"אורז ריזוטו ארבוריו 1 ק""ג ""סוגת""","סוגת תעשיות בע""מ",,,"י""ח",1,"ק""ג",false,1,12.90,12.90,false,1,
7290100701300,false,קינואה אדומה סוגת (500 גרם),"סוגת תעשיות בע""\מ",,,"י""ח",500,ל גרם,false,1,12.90,2.58,true,1,
7290100701454,false,בורגול דק גרישה סוגת (500 גרם),"סוגת תעשיות בע""\מ",,,"י""ח",500,ל גרם,false,1,4.90,0.98,true,1,
7290100702260,false,קוסקוס דק סוגת 350 גרם,"אסיף תעשיות מזון בע""\מ",,,"י""ח",350,ל גרם,false,1,4.90,1.40,false,1,
7290100702277,false,סוגת קוסקוס עבה 350 גרם,"אסיף תעשיות מזון בע""",,,"י""ח",350,ל גרם,false,1,4.90,1.40,false,1,
7290100702284,false,קוסקוס מלא סוגת (350 גרם),"אסיף תעשיות מזון בע""",,,"י""ח",350,ל גרם,false,1,4.90,1.40,false,1,
7290100702611,false,פתיתים אפויים אורז 500 גרם סוגת,"אסיף תעשיות מזון בע""\מ",,,"י""ח",500,ל גרם,false,1,5.90,1.18,true,1,
7290100702628,false,פתיתים אפויים קוסקוס סוגת 500 גרם,"אסיף תעשיות מזון בע""\מ",,,"י""ח",500,ל גרם,false,1,5.90,1.18,true,1,
7290100702635,false,פתיתים אפויים כוכבים סוגת 500 גרם,"אסיף תעשיות מזון בע""",,,"י""ח",500,ל גרם,false,1,5.90,1.18,true,1,
7290100702642,false,פתיתים אפויים טבעות סוגת 500 גרם,"אסיף תעשיות מזון בע""",,,"י""ח",500,ל גרם,false,1,5.90,1.18,true,1,
7290100702673,false,פתיתים אפויים 3 צבעים 400 גר גרם סוגת,"אסיף תעשיות מזון בע""",,,"י""ח",400,ל גרם,false,1,5.90,1.48,true,1,
7290100702994,false,סוכר דמררה קלאסי בשקית סוגת 500 גרם,"סוגת תעשיות בע""מ",,,"י""ח",500,ל גרם,false,1,4.90,0.98,false,1,
7290100703007,false,"עדשים שחורות בלוגה 500 גרם ""סוגת""",האי נאם סי או אל.טי.,,,"י""ח",500,ל גרם,false,1,7.90,1.58,true,1,
7290100703458,false,כוסמת לא קלויה 500ג סוגת*,"סוגת תעשיות בע""\מ",,,"י""ח",500,ל גרם,false,1,7.90,1.58,true,1,
7290100703915,false,פופקורן להכנה במיקרוגל בטעם חמאה - מארז 6 שקיות,סוגת תעשיות בעמ,,,"י""ח",6,"י""ח",false,1,10.90,1.82,false,1,
7290100703922,false,פופקורן להכנה במיקרוגל בטעם טבעי - מארז 6 שקיות,סוגת תעשיות בעמ,,,"י""ח",6,"י""ח",false,1,10.90,1.82,false,1,
7290100704493,false,קמח שמרים פיצה ללא צורך בניפוי 1 קג סוגת,"שטיבל בע""\מ - טחנת קמח",,,"י""ח",1,"ק""ג",false,1,8.90,8.90,false,1,
7290100704516,false,חומוס מיני סוגת (500 גרם),"סוגת תעשיות בע""\מ",,,"י""ח",500,ל גרם,false,1,5.90,1.18,true,1,
7290100704608,false,שעועית לבנה עדינה סוגת (500 גרם),"סוגת תעשיות בע""\מ",,,"י""ח",500,ל גרם,false,1,6.90,1.38,true,1,
7290100704615,false,סוכר לבן דק דק בצנצנת סוגת 500 גרם,"סוגת תעשיות בע""\מ",,,"י""ח",500,ל גרם,false,1,7.90,1.58,false,1,
7290100704622,false,סוכר דמררה דק דק בצנצנת סוגת 500 גרם,"סוגת תעשיות בע""\מ",,,"י""ח",500,ל גרם,false,1,7.90,1.58,false,1,
7290100704691,false,אורז אדום סוגת (500גרם),סוגת תעשיות בעמ,,,"י""ח",500,ל גרם,false,1,10.90,2.18,false,1,
7290100704707,false,אורז מיקס סוגת (500גרם),סוגת תעשיות בעמ,,,"י""ח",500,ל גרם,false,1,10.90,2.18,false,1,
7290100850909,false,חטיף תירס נאצ`ו מקסיקני דוריטוס (70 גרם),"שטראוס פריטו ליי בע""\מ",,,"י""ח",70,ל גרם,false,1,3.80,5.43,true,1,
7290100850916,false,דוריטוס חמוץ חריף מעודן 70 גרם כשר לפסח,"שטראוס פריטו ליי בע""\מ )",,,"י""ח",70,ל גרם,false,1,3.80,5.43,true,1,
7290100850923,false,חטיף תירס גריל דוריטוס (70 גרם),"שטראוס פריטו ליי בע""\מ )",,,"י""ח",70,ל גרם,false,1,3.80,5.43,true,1,
7290100850930,false,חטיף תירס בטעם טבעי דוריטוס (70 גרם),"שטראוס פריטו ליי בע""\מ )",,,"י""ח",70,ל גרם,false,1,3.80,5.43,true,1,
7290100851968,false,מארז קפה נמס עלית זוגות,"שטראוס גרופ בע""מ",,,"י""ח",400,ל גרם,false,1,37.90,9.48,true,1,
7290100858592,false,אבקת קקאו עלית שקית 150 ג',הנסיך- מפעל לייצור ט,,,"י""ח",150,ל גרם,false,1,9.90,6.60,true,1,
7290100921401,false,"שמפו הוואי מועשר בקרטין 700מ""ל",טרופיקל דגיל,,,"י""ח",700,"ל מ""ל",false,1,10.90,1.56,false,1,
7290100921418,false,מרכך מועשר בקרטין הוואי (700 מל),תאי פרזידנט פוד פאבל,,,"י""ח",700,"ל מ""ל",false,1,10.90,1.56,false,1,
7290100921593,false,מנקה אסלה סוד 4 כדוריות לאסלה לימון נתלה 50 ג',גורי שיווק בעמ,,,"י""ח",750,"ל מ""ל",false,1,7.90,1.05,false,1,
7290100921760,false,שמפו לשיער ולגוף ספורט הוואי (700 מל),טרופיקל דגיל בעמ,,,"י""ח",700,"ל מ""ל",false,1,10.90,1.56,false,1,
7290100922651,false,הוואי - סבון מוצק מי קוקוס 100 גרם רביעייה,טרופיקל דגיל קוסמטיק,,,"י""ח",400,ל גרם,false,1,11.90,2.98,true,1,
7290100924457,false,שלישיית כדוריות סבון לאסלה לימון סוד 50 גרם,גורי שיווק בעמ,,,"י""ח",750,"ל מ""ל",false,1,16.90,2.25,false,1,
7290100924631,false,מרכך כביסה מרוכז לבגדי תינוקות ובעלי עור רגיש,גורי שיווק בעמ,,,"י""ח",900,"ל מ""ל",false,1,12.90,1.43,true,1,
7290100925669,false,דפים למניעת העברת צבע קולור קאצ`ר) (10,גורי שיווק בעמ,,,"י""ח",10,"י""ח",false,1,12.90,1.29,false,1,
7290100925676,false,קולור קאצר 20 דפים לוכדי צבע למכונת כביס,גורי שיווק בעמ,,,"י""ח",20,"י""ח",false,1,14.90,0.75,false,1,
7290100925775,false,נוזל כלים רימון ותאנים סוד (650 מל),גורי שיווק בעמ,,,"י""ח",650,"ל מ""ל",false,1,6.90,1.06,false,1,
7290100926109,false,סוד לבן חלומי 4 ל מרכך כביסה,גורי שיווק בעמ,,,"י""ח",4,ליטר,false,1,16.90,4.23,false,1,
7290100926598,false,פרסיל א.כביסה סודה אקטיב 5קג,גורי שיווק בעמ,,,"י""ח",5,"ק""ג",false,1,42.90,8.58,false,1,
7290100928516,false,סוד - ג'ל לכביסה ביד 1 ליטר,גורי שיווק בעמ,,,"י""ח",1,ליטר,false,1,13.90,13.90,false,1,
7290100982068,false,פלסטלינה+מערוך,שפע טור (2010)יבוא ושיווק בעמ,,,"י""ח",1,,false,1,9.90,9.90,false,1,
7290101112518,false,שישיית גרניטה חלב אייס קפוצ'ינו פלדמן,פלקו בעמ חברה ישראלית,,,"י""ח",1,,false,1,14.90,14.90,false,1,
7290101112990,false,מאגדת גרניטה קוקוס פלדמן 6 יחידות,פלקו בעמ,,,"י""ח",1,,false,1,14.90,14.90,false,1,
7290101113362,false,מאגדת יופלה יוגורט וסורבה אננס חמישייה,הגלידות של פלדמן,,,"י""ח",1,,false,1,17.90,17.90,false,1,
7290101113379,false,מאגדת גלידה יופלה יוגורט וסורבה תות 5 יח,פלקו בעמ חברה ישראלית,,,"י""ח",1,,false,1,17.90,17.90,false,1,
7290101113386,false,מ.חמישייה גלידה יופלה פריזי סורבה מנגו,פלקו בעמ,,,"י""ח",1,,false,1,17.90,17.90,false,1,
7290101113393,false,גלידה יופלה פריזי יוגורט פירות יער מאגדת 400 ג',פלקו בעמ חברה ישראלית,,,"י""ח",1,,false,1,17.90,17.90,false,1,
7290101113409,false,גלידה יופלה פריזי יוגורט תות מאגדת 400 ג',פלקו בעמ חברה ישראלית,,,"י""ח",1,,false,1,17.90,17.90,false,1,
7290101113416,false,מ.חמישייה גלידה יופלה יוגורט אפרסק,פלקו בעמ,,,"י""ח",1,,false,1,17.90,17.90,false,1,
7290101113904,false,מארז מנבו וניל 12 יח' פלדמן,פלקו בעמ חברה ישראלית,,,"י""ח",12,"י""ח",false,1,25.90,2.16,false,1,
7290101113911,false,מארז מנבו מוקה 12 יח' פלדמן,פלקו בעמ חברה ישראלית,,,"י""ח",12,"י""ח",false,1,25.90,2.16,false,1,
7290101450900,false,נרות ג'מבו כוכבים ממ,שמחה זה אנחנו,,,"י""ח",1,,false,1,7,7,false,1,
7290101451105,false,נרות מטה כוכבים תותים,שמחה זה אנחנו,,,"י""ח",1,,false,1,6,6,false,1,
7290101454151,false,נרות ג'מבו כוכבים - סמי הכבאי,שמחה זה אנחנו,,,"י""ח",1,,false,1,7,7,false,1,
7290101455929,false,"בקבוק נירוסטה מעוצב 500מ""ל מיקי",שמחה זה אנחנו,,,"י""ח",1,,false,1,29.90,29.90,false,1,
7290101488286,false,"ליידי ספיד סטיק - דאודורנט ספריי לאישה 24/7 פרש פיוזן ורוד 150 מ""ל",ליידי ספיד סטיק Lady Speed Stick,,,"י""ח",1,,false,1,15.90,15.90,true,1,
7290101488323,false,ליידי ספיד סטיק - דאודורנט סטיק לאישה ללא סימן ירוק סטיק 65 גרם,ליידי ספיד סטיק Lady Speed Stick,,,"י""ח",65,"ל מ""ל",false,1,21.90,33.69,true,1,
7290101501589,false,שורש ג'ינג'ר טרי יחידה ב,ביכורי השדה צפון 1994 ג.ד. בעמ,,,"י""ח",1,,false,1,11.90,11.90,false,1,
7290101551027,false,קפסולות קפה אספרסו חזק במיוחד 14 עלית 10 יח',הנסיך- מפעל לייצור ט,,,"י""ח",50,ל גרם,false,1,19.90,39.80,true,1,
7290101551263,false,סילאן טבעי 700 גרם יד מרדכי,"שטראוס גרופ בע""מ",,,"י""ח",700,ל גרם,false,1,21.90,3.13,true,1,
7290101551300,false,סילאן טבעי ללא תוספת סוכר בקבוק לחיץ,מכוורת יד מרדכי שטראוס ב,,,"י""ח",380,ל גרם,false,1,14.90,3.92,true,1,
7290101551539,false,יוגורט PRO בטעם אפרסק 0% 20 גרם חלבון בגביע,שטראוס גרופ בעמ/מצונן,,,"י""ח",20,"ל מ""ל",false,1,5.90,29.50,true,1,
7290101551584,false,תפוצ'יפס קידס מארז 10 יח' * 20 ג',"שטראוס פריטו ליי בע""מ )פ",,,"י""ח",10,"י""ח",false,1,13.90,1.39,true,1,
7290101551614,false,חטיף צ'יטוס קראנץ בטעם גבינה - מארז 8 יח',"שטראוס פריטו ליי בע""מ )פ",,,"י""ח",550,ל גרם,false,1,10.90,1.98,true,1,
7290101551638,false,חטיף צ'יטוס כאפה בטעם קטשופ - מארז 10 יח',"שטראוס פריטו ליי בע""מ )פ",,,"י""ח",10,"י""ח",false,1,12.90,1.29,true,1,
7290101551645,false,חטיף צ'יטוס איקס עיגול בטעם פיצה - מארז 10 יח',"שטראוס פריטו ליי בע""מ )פ",,,"י""ח",10,"י""ח",false,1,12.90,1.29,true,1,
7290101863410,false,"סיליט באנג ספריי ניקוי עוצמתי מכיל אקונומיקה 750 מ""ל",רקיט בנקיזר (ניר איסט) בעמ,,,"י""ח",1,,false,1,13.90,13.90,false,1,
7290101864127,false,ספריי להסרת כתמים וניש קליה (750 מל),רקיט בנקיזר (ניר איסט) בעמ,,,"י""ח",750,"ל מ""ל",false,1,16.90,2.25,true,1,
7290101865261,false,נוזל הברקה למדיח כלים פיניש (800 מל),רקיט בנקיזר (ניר איסט) בעמ,,,"י""ח",800,"ל מ""ל",false,1,19.90,2.49,false,1,
7290101866633,false,וניש קליה גל להסרת כתמים 3 ליטר אוקסיפרש,רקיט בנקיזר (ניר איסט) בעמ,,,"י""ח",1.70,ליטר,false,1,29.90,17.59,false,1,
7290101866787,false,וניש קליה נוזל מסיר כתמים לכביסה לבנה 3 ליטר,רקיט בנקיזר (ניר איסט) בעמ,,,"י""ח",3,ליטר,false,1,29.90,9.97,false,1,
7290101868460,false,"אבקת כביסה קולון 101 8 ק""ג",רקיט בנקיזר (ניר איסט) בעמ,,,"י""ח",8,"ק""ג",false,1,54.90,6.86,false,1,
7290101868958,false,פיניש נוזל הברקה למדיח בניחוח לימון,רקיט בנקיזר (ניר איסט) בעמ,,,"י""ח",800,"ל מ""ל",false,1,19.90,2.49,false,1,
7290101869702,false,"ג 'ל פיניש AIO MAX מרוכז למדיח 600מ""ל",רקיט בנקיזר (ניר איסט) בעמ,,,"י""ח",600,"ל מ""ל",false,1,32.90,5.48,false,1,
7290101869719,false,ג'ל מרוכז למדיח פיניש all in one max בניחוח לימון,רקיט בנקיזר (ניר איסט) בעמ,,,"י""ח",600,"ל מ""ל",false,1,32.90,5.48,false,1,
7290101869733,false,פיניש ג'ל למדיח כלים בניחוח לימון 1 ליטר ALL IN 1,רקיט בנקיזר (ניר איסט) בעמ,,,"י""ח",1,ליטר,false,1,42.90,42.90,false,1,
7290101869757,false,מבשם אויר מכשיר אוטומטי חלום אואזיס,רקיט בנקיזר (ניר איסט) בעמ,,,"י""ח",1,,false,1,44.90,44.90,true,1,
7290101869788,false,"אירוויק ספריי אוטומטי מילוי בניחוח אואזיס 250 מ""ל*",רקיט בנקיזר (ניר איסט) בעמ,,,"י""ח",1,,false,1,15.90,15.90,true,1,
7290101869795,false,"אירוויק מילוי מבשם אויר אטומטי חלום ליל קיץ 250 מ""ל",רקיט בנקיזר (ניר איסט) בעמ,,,"י""ח",1,,false,1,15.90,15.90,true,1,
7290101869801,false,"אירוויק מכשיר חשמלי+מילוי בניחוח אואזיס 19 מ""ל",רקיט בנקיזר (ניר איסט) בעמ,,,"י""ח",1,"י""ח",false,1,29.90,29.90,true,1,
7290101869818,false,"אירוויק מכשיר חשמלי+מילוי בניחוח חלום ליל קיץ 19 מ""ל",רקיט בנקיזר (ניר איסט) בעמ,,,"י""ח",1,"י""ח",false,1,29.90,29.90,true,1,
7290101869825,false,"אירוויק מילוי למכשיר חשמלי בניחוח אואזיס 19 מ""ל",רקיט בנקיזר (ניר איסט) בעמ,,,"י""ח",1,,false,1,16.90,16.90,true,1,
7290101869917,false,"אירוויק מילוי מבשם אויר אטומטי היער הקסום 19 מ""ל",רקיט בנקיזר (ניר איסט) בעמ,,,"י""ח",1,,false,1,15.90,15.90,true,1,
7290101869962,false,"אירוויק מקלות ריחניים בניחוח חלום ליל קיץ 30 מ""ל",רקיט בנקיזר (ניר איסט) בעמ,,,"י""ח",1,,false,1,14.90,14.90,true,1,
7290101981787,false,צלחת פולי מבחר מותגים שמחה זה אנחנו,לפ לפ שמחה זה אנחנו,,,"י""ח",1,,false,1,10.40,10.40,false,1,
7290101987413,false,נרות אותיות HB,שמחה זה אנחנו בעמ,,,"י""ח",1,,false,1,9.90,9.90,false,1,
7290101999539,false,נרות גמבו כוכבים-מכוניות,שמחה זה אנחנו,,,"י""ח",1,,false,1,7,7,false,1,
7290102000456,false,"בועות סבון 60מ""ל הלו קיטי",שמחה זה אנחנו,,,"י""ח",1,,false,1,3,3,false,1,
7290102003761,false,נרות ג`מבו מאויירים- מכוניות,שמחה זה אנחנו בעמ,,,"י""ח",1,,false,1,7,7,false,1,
7290102003839,false,נרות ג'מבו מאויירים - נסיכות(1X32),שמחה זה אנחנו,,,"י""ח",1,,false,1,7,7,false,1,
7290102006526,false,נייר אכיל ספיידרמן עיצוב 3,שמחה זה אנחנו,,,"י""ח",1,,false,1,19.90,19.90,false,1,
7290102008933,false,סט בלונים 14 לניפוח עצמי אותיות י.ה. כסף,שמחה זה אנחנו,,,"י""ח",1,,false,1,29.90,29.90,false,1,
7290102030330,false,תפוצ`יפס אקסטרא מקסיקני 200 גרם +20 תו,"שטראוס פריטו ליי בע""\מ )",,,"י""ח",200,ל גרם,false,1,11.20,5.60,true,1,
7290102031276,false,מארז 8 יחידות אקטימל משקה יוגורט בטעם תות בננה,שטראוס גרופ בעמ/מצונן,,,"י""ח",800,"ל מ""ל",false,1,20.90,2.61,true,1,
7290102032334,false,אבקה להכנת משקה קפה בטעם וניל,"שטראוס גרופ בע""מ",,,"י""ח",200,ל גרם,false,1,21.90,10.95,true,1,
7290102060764,false,מארז זוג מברשות שיניים מרידול,יבואן ומשווק: ש. שסט,,,"י""ח",1,,false,1,33.90,33.90,false,1,
7290102062195,false,"משחת שיניים לילדים לגילאי 6-12 אלמקס 75 מ""ל",יבואן ומשווק: ש. שסט,,,"י""ח",1,,false,1,12.90,12.90,true,1,
7290102300822,false,גבינה צ'דר אנגלית כתומה 200 גרם,א. סיימן סחר בעמ,,,"י""ח",200,ל גרם,false,1,25.90,12.95,true,1,
7290102302833,false,גאודה פרוסה 150 גר`הגבינות של נני,קאסמאקרי הנרי ויליך,,,"י""ח",150,ל גרם,false,1,19.90,13.27,false,1,
7290102302840,false,גאודה עיזים פרוסה 150 גר` הגבינות של נני,מיוצר עי קונדיטוריית,,,"י""ח",150,ל גרם,false,1,26.90,17.93,false,1,
7290102303854,false,צ`דר פרוסות מוצרלה טבעונית גאיה 150 ג,נטו מלינדה סחר בע`מ,,,"י""ח",150,ל גרם,false,1,22.90,15.27,true,1,
7290102303861,false,גאיה בסגנון מעושן בפרוסות 150 גרם,א. סיימן סחר בעמ,,,"י""ח",150,ל גרם,false,1,22.90,15.27,true,1,
7290102390427,false,יוגורט ביו עם קציפת תות 3% שומן 150 ג' מולר,החברה המרכזית טלהפצת משקאות בע,,,"י""ח",150,"ל מ""ל",false,1,5.30,3.53,true,1,
7290102390465,false,יוגורט ביו עם קציפת אפרסק ופסיפלורה 3% שומן 150 ג' מולר,החברה המרכזית טלהפצת משקאות בע,,,"י""ח",150,"ל מ""ל",false,1,5.30,3.53,true,1,
7290102390489,false,יוגורט ביו עם קציפת לימון 3% שומן 150 ג' מולר,*החברה המרכזית להפצת משקאותבעמ,,,"י""ח",150,"ל מ""ל",false,1,5.30,3.53,true,1,
7290102391301,false,"מולר ביאנקו נאטורל ביו 1.7% 150 מ""ל",*החברה המרכזית להפצת משקאותבעמ,,,"י""ח",150,"ל מ""ל",false,1,3.20,2.13,false,1,
7290102391844,false,יוגורט ביו עם קציפת פירות יער3% שומן 150 ג' מולר,החברה המרכזית טלהפצת משקאות בע,,,"י""ח",150,"ל מ""ל",false,1,5.30,3.53,true,1,
7290102392049,false,גבינה לאפיה תבור ללא תוספת מלח 5% משק צוריאל 500 גרם,החברה המרכזית טלהפצת משקאות בע,,,"י""ח",500,ל גרם,false,1,24.90,4.98,true,1,
7290102392094,false,חלב עיזים 3.7% בקרטון משק צוריאל 1 ליטר,החברה המרכזית טלהפצת משקאות בע,,,"י""ח",1,ליטר,false,1,15.90,15.90,true,1,
7290102392254,false,"חלב בקרטון 1% 2 ליטר בד""צ - מוצר בפיקוח",*החברה המרכזית להפצת משקאותבעמ,,,"י""ח",2,ליטר,false,1,11.72,5.86,false,1,
7290102393039,false,"יוגורט ביו קרמי מיקס פצפוצי שוקולד 7.6% מולר 170 מ""ל",*החברה המרכזית להפצת משקאותבעמ,,,"י""ח",500,ל גרם,false,1,6,1.20,false,1,
7290102393060,false,"יוגורט ביו קרמי מיקס גלילי ופל ואגוזים 5.9% מולר 170 מ""ל",*החברה המרכזית להפצת משקאותבעמ,,,"י""ח",500,ל גרם,false,1,6,1.20,false,1,
7290102393169,false,"יוגורט סימפלי פרוט בטעם תות 3% מולר 150 מ""ל",*החברה המרכזית להפצת משקאותבעמ,,,"י""ח",150,"ל מ""ל",false,1,5.30,3.53,true,1,
7290102393176,false,סימפלי פרוט יוגורט אפרסק 3% שומן 150 ג' מולר,*החברה המרכזית להפצת משקאותבעמ,,,"י""ח",150,"ל מ""ל",false,1,5.30,3.53,true,1,
7290102393190,false,"יוגורט סימפלי פרוט בטעם פירות יער 3% מולר 150 מ""ל",*החברה המרכזית להפצת משקאותבעמ,,,"י""ח",150,"ל מ""ל",false,1,5.30,3.53,true,1,
7290102393268,false,"גבינה לבנה 5% שומן, רכיבים טבעיים 750 גרם",*החברה המרכזית להפצת משקאותבעמ,,,"י""ח",750,ל גרם,false,1,14.94,1.99,true,1,
7290102393299,false,יוגורט עיזים לשתייה 3% משק צוריאל 500 גרם,*החברה המרכזית להפצת משקאותבעמ,,,"י""ח",500,"ל מ""ל",false,1,11.90,2.38,true,1,
7290102393718,false,גבינת חלומי מחלב בקר 28% משק צוריאל 200 גרם,*החברה המרכזית להפצת משקאותבעמ,,,"י""ח",200,ל גרם,false,1,21.50,10.75,true,1,
7290102393848,false,יוגורט עיזים 2.4% עם תות משק צוריאל 150 גרם,*החברה המרכזית להפצת משקאותבעמ,,,"י""ח",140,"ל מ""ל",false,1,6.30,4.50,true,1,
7290102393855,false,יוגורט עיזים 2.5% עם אפרסק משק צוריאל 150 גרם,*החברה המרכזית להפצת משקאותבעמ,,,"י""ח",140,"ל מ""ל",false,1,6.30,4.50,true,1,
7290102393947,false,סימפלי פרוט יוגורט בטעם קיווי 3% שומן 150 ג' מולר,*החברה המרכזית להפצת משקאותבעמ,,,"י""ח",150,"ל מ""ל",false,1,5.30,3.53,true,1,
7290102394081,false,"יוגורט ביו קרמי מיקס קורנפלקס מצופה שוקולד מולר 170 מ""ל",*החברה המרכזית להפצת משקאותבעמ,,,"י""ח",500,ל גרם,false,1,6,1.20,false,1,
7290102394258,false,גליל גבינת עיזים מה עז 9% משק צוריאל 180 גרם,*החברה המרכזית להפצת משקאותבעמ,,,"י""ח",180,ל גרם,false,1,23.30,12.94,true,1,
7290102394463,false,נעם גבינה צהובה פרוסה ואקום 28% טרה 500 גרם,החברה המרכזית טלהפצת משקאות בע,,,"י""ח",500,ל גרם,false,1,25.90,5.18,false,1,
7290102394821,false,גבינה צהובה 28% דק דק לפתיחה חוזרת 200,החברה המרכזית טלהפצת משקאות בע,,,"י""ח",200,ל גרם,false,1,15.90,7.95,true,1,
7290102394845,false,נעם גבינה צהובה לייט פרוסה דק דק 9% טרה 200 גרם,*החברה המרכזית להפצת משקאותבעמ,,,"י""ח",200,ל גרם,false,1,16.90,8.45,true,1,
7290102395101,false,ממרח גבינה ושוקולד מוו טרה 200 גרם,החברה המרכזית טלהפצת משקאות בע,,,"י""ח",227,ל גרם,false,1,11.90,5.24,false,1,
7290102395217,false,"יוגורט ביאנקו 2% במתיקות מעודנת מולר 1.2 ק""ג",החברה המרכזית טלהפצת משקאות בע,,,"י""ח",900,ל גרם,false,1,17.90,1.99,false,1,
7290102395224,false,שמיניית יוגורט ביו ביאנקו 1.7% מולר 150 גרם,*החברה המרכזית להפצת משקאותבעמ,,,"י""ח",900,ל גרם,false,1,16.90,1.88,false,1,
7290102395231,false,שמיניית יוגורט ביו ביאנקו 2.8% מולר 150 גרם,*החברה המרכזית להפצת משקאותבעמ,,,"י""ח",900,ל גרם,false,1,16.90,1.88,false,1,
7290102395262,false,מארז 8 גביעים יוגורט בטעם תות שדה ואפרסק 3% Simply Fruit,החברה המרכזית טלהפצת משקאות בע,,,"י""ח",150,"ל מ""ל",false,1,30.90,20.60,false,1,
7290102395378,false,נעם גבינה צהובה פרוסה ואקום 28% טרה 360 גרם,*החברה המרכזית להפצת משקאותבעמ,,,"י""ח",360,ל גרם,false,1,20.90,5.81,false,1,
7290102395439,false,מארז 8 גביעים יוגורט בטעם פירות יער וקיווי 3% Simply Fruit,*החברה המרכזית להפצת משקאותבעמ,,,"י""ח",150,"ל מ""ל",false,1,30.90,20.60,false,1,
7290102395446,false,מעדן חלב בטעם וניל עם קצפת 123 ג' טרה,*החברה המרכזית להפצת משקאותבעמ,,,"י""ח",250,ל גרם,false,1,2.90,1.16,false,1,
7290102395477,false,מעדן חלב בטעם שוקולד עם קצפת 123 ג' טרה,*החברה המרכזית להפצת משקאותבעמ,,,"י""ח",250,ל גרם,false,1,2.90,1.16,false,1,
7290102395521,false,"שמנת לבישול 15% שומן 500 מ""ל טרה",החברה המרכזית טלהפצת משקאות בע,,,"י""ח",500,"ל מ""ל",false,1,15.90,3.18,true,1,
7290102396047,false,סימפלי פרויט אננס 1.5% 150גר,*החברה המרכזית להפצת משקאותבעמ,,,"י""ח",150,"ל מ""ל",false,1,5.30,3.53,true,1,
7290102396399,false,מארז 8 יחידות מעדן חלב בטעם שוקולד 1.5%,*החברה המרכזית להפצת משקאותבעמ,,,"י""ח",800,ל גרם,false,1,14.20,1.78,false,1,
7290102396405,false,מארז 8 יחידות מעדן חלב בטעם וניל 1.5%,החברה המרכזית טלהפצת משקאות בע,,,"י""ח",800,ל גרם,false,1,14.20,1.78,false,1,
7290102396436,false,מעדן בטעם שוקולד 1.5% שומן מוו (125 גרם),*החברה המרכזית להפצת משקאותבעמ,,,"י""ח",250,ל גרם,false,1,2.90,1.16,true,1,
7290102396443,false,מעדן בטעם וניל 1.5% שומן מוו (125 גרם),*החברה המרכזית להפצת משקאותבעמ,,,"י""ח",250,ל גרם,false,1,2.90,1.16,true,1,
7290102396580,false,מעדן מוו שוקולד ומוס שוקולד טרה 118 גרם,החברה המרכזית טלהפצת משקאות בע,,,"י""ח",123,ל גרם,false,1,2.90,2.36,false,1,
7290102396597,false,מעדן מוו וניל ומוס שוקולד טרה 118 גרם,*החברה המרכזית להפצת משקאותבעמ,,,"י""ח",123,ל גרם,false,1,2.90,2.36,false,1,
7290102396665,false,צהובה פרוסות דקדק פתח סגור 15% 200 גר`,*החברה המרכזית להפצת משקאותבעמ,,,"י""ח",200,ל גרם,false,1,15.90,7.95,true,1,
7290102396719,false,יוגורט 0% תות סימפלי מולר (150 גרם),*החברה המרכזית להפצת משקאותבעמ,,,"י""ח",150,"ל מ""ל",false,1,5.30,3.53,true,1,
7290102396726,false,יוגורט 0% אפרסק סימפלי מולר (150 גרם),*החברה המרכזית להפצת משקאותבעמ,,,"י""ח",150,"ל מ""ל",false,1,5.30,3.53,true,1,
7290102396733,false,סימפלי פרויט פירות יער 0%,*החברה המרכזית להפצת משקאותבעמ,,,"י""ח",150,"ל מ""ל",false,1,5.30,3.53,true,1,
7290102396740,false,מארז 8 גביעים יוגורט בטעם תות שדה ואפרסק 0% Simply Fruit,החברה המרכזית טלהפצת משקאות בע,,,"י""ח",8,"י""ח",false,1,30.90,3.86,false,1,
7290102396795,false,טרה-מוו שישיית שוקו-מאגדת 6*200מל,החברה המרכזית טלהפצת משקאות בע,,,"י""ח",120,"ל מ""ל",false,1,14.90,12.42,false,1,
7290102396948,false,חלב הומוגוני% }3 טרה{*1ליטר קרטון*,*החברה המרכזית להפצת משקאותבעמ,,,"י""ח",1,ליטר,false,1,6.23,6.23,false,1,
7290102396955,false,טרה חלב קרטון 3% רבנ,*החברה המרכזית להפצת משקאותבעמ,,,"י""ח",2,ליטר,false,1,12.46,6.23,false,1,
7290102396962,false,חלב מפוסטר 3%שקית1ליטר,*החברה המרכזית להפצת משקאותבעמ,,,"י""ח",1,ליטר,false,1,5.43,5.43,false,1,
7290102396979,false,יוגורט סימפלי אננס0% 150,*החברה המרכזית להפצת משקאותבעמ,,,"י""ח",150,"ל מ""ל",false,1,5.30,3.53,true,1,
7290102397075,false,יוגורט בקרטון 4% שומן 1.5ל' טרה,*החברה המרכזית להפצת משקאותבעמ,,,"י""ח",1.50,ליטר,false,1,14.50,9.67,false,1,
7290102397204,false,גבינה צהובה נעם דק דק פתח סגור 200 גר,*החברה המרכזית להפצת משקאותבעמ,,,"י""ח",200,ל גרם,false,1,15.90,7.95,true,1,
7290102397334,false,גבינה בולגרית גלילית 5% משק צוריאל 250 גרם,החברה המרכזית טלהפצת משקאות בע,,,"י""ח",250,ל גרם,false,1,20.90,8.36,false,1,
7290102397341,false,בולגרית גלילת 24% 250 גרם משק צוריאל,*החברה המרכזית להפצת משקאותבעמ,,,"י""ח",250,"ל מ""ל",false,1,20.90,8.36,false,1,
7290102397464,false,יוגורט ביו בתוספת גרעינים אגוזים וחמוציות 170 ג' מולר,החברה המרכזית טלהפצת משקאות בע,,,"י""ח",170,ל גרם,false,1,6,3.53,false,1,
7290102397600,false,מיקס יוגורט בתוספת שקדים ובוטנים מקורמלים 170 ג' מולר,החברה המרכזית טלהפצת משקאות בע,,,"י""ח",170,ל גרם,false,1,6,3.53,false,1,
7290102397617,false,יוגורט ביו קרמי עם כדורים מצופים שוקולד חום לבן,*החברה המרכזית להפצת משקאותבעמ,,,"י""ח",500,ל גרם,false,1,6,1.20,false,1,
7290102397679,false,קוטג' וחצי טרה 5% מרכיבים טבעיים,*החברה המרכזית להפצת משקאותבעמ,,,"י""ח",350,ל גרם,false,1,7.90,2.26,false,1,
7290102397730,false,פרוסות גבינה אמנטל חצי קשה 30% שומן 200 ג' נעם,*החברה המרכזית להפצת משקאותבעמ,,,"י""ח",200,ל גרם,false,1,17.90,8.95,true,1,
7290102397747,false,פרוסות גבינת מוצרלה נעם מחלב בקר 22%,*החברה המרכזית להפצת משקאותבעמ,,,"י""ח",200,ל גרם,false,1,18.90,9.45,true,1,
7290102397891,false,גבינה ניו יורק מותכת %16 4*25 גרם,החברה המרכזית טלהפצת משקאות בע,,,"י""ח",100,"ל מ""ל",false,1,6.90,6.90,false,1,
7290102398058,false,"חלב שקית 3% פיקוח טרה 1 ליטר בד""צ",*החברה המרכזית להפצת משקאותבעמ,,,"י""ח",1,ליטר,false,1,5.43,5.43,false,1,
7290102398065,false,חלב טרה בקרטון 2 ליטר מהדרין 3% - מוצר בפיקוח,*החברה המרכזית להפצת משקאותבעמ,,,"י""ח",2,ליטר,false,1,12.46,6.23,false,1,
7290102398072,false,"חלב קרטון 3%-1 ליטר "" טרה"" -מוצר פיקוח",החברה המרכזית טלהפצת משקאות בע,,,"י""ח",1,ליטר,false,1,6.23,6.23,false,1,
7290102398331,false,חלב מועשר דל לקטוז 2% שומן טרה 1 ליטר,*החברה המרכזית להפצת משקאותבעמ,,,"י""ח",1,ליטר,false,1,7.70,7.70,false,1,
7290102398348,false,מולר מיקס בתוספת כריות FROOP MULLER,*החברה המרכזית להפצת משקאותבעמ,,,"י""ח",150,"ל מ""ל",false,1,6,4,false,1,
7290102398362,false,מולר מיקס עוגת גבינה FROOP MULLER,*החברה המרכזית להפצת משקאותבעמ,,,"י""ח",150,"ל מ""ל",false,1,6,4,false,1,
7290102398416,false,גבינת קרם שמנת בצלים קלויים 5%,*החברה המרכזית להפצת משקאותבעמ,,,"י""ח",200,ל גרם,false,1,11.90,5.95,false,1,
7290102398553,false,משקה שוקו בקבוק 1.5 ליטר בבקבוק,*החברה המרכזית להפצת משקאותבעמ,,,"י""ח",1.50,ליטר,false,1,17.40,11.60,false,1,
7290102398560,false,משקה שוקו מועשר בבקבוק 1 ליטר טרה,החברה המרכזית טלהפצת משקאות בע,,,"י""ח",1,ליטר,false,1,12.10,12.10,true,1,
7290102398577,false,משקה חלב בטעם שוקו 2% בבקבוק אישי,החברה המרכזית טלהפצת משקאות בע,,,"י""ח",250,"ל מ""ל",false,1,5.70,2.28,true,1,
7290102398614,false,משקה חלב טרה ט. בננה 1ליטר בקבוק,*החברה המרכזית להפצת משקאותבעמ,,,"י""ח",1,ליטר,false,1,12.10,12.10,true,1,
7290102398638,false,משקה חלב טרה ט.מוקה 1ליטר בקבוק,החברה המרכזית טלהפצת משקאות בע,,,"י""ח",1,ליטר,false,1,12.10,12.10,true,1,
7290102398669,false,משקה חלב אייס קפוצ'ינו טרה 1 ליטר,החברה המרכזית טלהפצת משקאות בע,,,"י""ח",1,ליטר,false,1,12.10,12.10,true,1,
7290102398782,false,.משקה סויה קלאסי 1ל בקבוק משק צוריא,*החברה המרכזית להפצת משקאותבעמ,,,"י""ח",1,ליטר,false,1,11.90,11.90,false,1,
7290102399635,false,"מולר פרופ יוגורט ביו עם קציפת קוקוס ואננס 150 מ""ל",*החברה המרכזית להפצת משקאותבעמ,,,"י""ח",150,ל גרם,false,1,5.30,3.53,true,1,
7290102399642,false,מולר פרופ פסיפל.תפוז150מ,*החברה המרכזית להפצת משקאותבעמ,,,"י""ח",150,ל גרם,false,1,5.30,3.53,true,1,
7290102399697,false,סימפלי פרוט מנגו 1.5% שומן 150 ג' מולר,*החברה המרכזית להפצת משקאותבעמ,,,"י""ח",150,ל גרם,false,1,5.30,3.53,true,1,
7290102399703,false,מאגדת שמינייה סימפלי 1.5% מנגו ואננס,*החברה המרכזית להפצת משקאותבעמ,,,"י""ח",1.20,ליטר,false,1,30.90,25.75,false,1,
7290102399772,false,מולר ספרדבל-ממרח חמאת מולר במליחות עדינה 250 גרם,החברה המרכזית טלהפצת משקאות בע,,,"י""ח",250,ל גרם,false,1,16.90,6.76,true,1,
7290102399789,false,מולר ספרדבל-ממרח חמאת מולר ללא מלח 250 גרם,החברה המרכזית טלהפצת משקאות בע,,,"י""ח",250,ל גרם,false,1,16.90,6.76,true,1,
7290102399796,false,מעדן יוגורט לבן מועשר בחלבון 200 ג' מולר אקטיב,*החברה המרכזית להפצת משקאותבעמ,,,"י""ח",200,"ל מ""ל",false,1,6,3,true,1,
7290102399802,false,יוגורט עם תות מולר אקטיב מועשר בחלבון 200 גר',החברה המרכזית טלהפצת משקאות בע,,,"י""ח",200,"ל מ""ל",false,1,6,3,true,1,
7290102399819,false,יוגורט עם פירות יער מולר אקטיב מועשר בחלבון 200 גר',החברה המרכזית טלהפצת משקאות בע,,,"י""ח",200,"ל מ""ל",false,1,6,3,true,1,
7290102399857,false,מולר אקטיב לייט 20 גרם חלבון 0% שומן עם תות 200 גרם,החברה המרכזית טלהפצת משקאות בע,,,"י""ח",200,"ל מ""ל",false,1,6,3,true,1,
7290102399864,false,מולר אקטיב לייט יוגורט עם אפרסק 0% 200ג,*החברה המרכזית להפצת משקאותבעמ,,,"י""ח",200,"ל מ""ל",false,1,6,3,true,1,
7290102840175,false,אינסטנט פודינג בטעם וניל מיה (85 גרם),מיה תעשיות מזון מ.ת.מ. בעמ,,,"י""ח",85,ל גרם,false,1,4.90,5.76,false,1,
7290102840199,false,ג`לי בטעם משמש 90 גר`מיה,מיה תעשיות מזון מ.ת.מ. בעמ,,,"י""ח",85,ל גרם,false,1,6.20,7.29,false,1,
7290102840205,false,אבקה להכנת ג'לי בטעם תות מיה 90 גרם,מיה תעשיות מזון מ.ת.מ. בעמ,,,"י""ח",85,ל גרם,false,1,6.20,7.29,false,1,
7290103120658,false,דאודורנט ספיד סטיק גל שחור 85 גרם,הנסיך- מפעל לייצור ט,,,"י""ח",1,"י""ח",false,1,19.90,19.90,true,1,
7290103124601,false,"תחליב רחצה נוזל חלב ודבש משאבה 750מ""ל פלמוליב",הנסיך- מפעל לייצור ט,,,"י""ח",750,"ל מ""ל",false,1,19.90,2.65,true,1,
7290103126797,false,"משחת שיניים סנסטיב פרו ריליף קולגייט 75 מ""ל",הנסיך- מפעל לייצור ט,,,"י""ח",75,"ל מ""ל",false,1,18.90,25.20,true,1,
7290103401429,false,קפה קצב ברזילאי אוריגינס 200 גר,הנסיך- מפעל לייצור ט,,,"י""ח",200,ל גרם,false,1,24.90,12.45,true,1,
7290103404758,false,סלט כרוב אדום במיונז אחלה 120 גרם,שטראוס גרופ בעמ/מצונן,,,"י""ח",120,ל גרם,false,1,4.80,4,true,1,
7290103681173,false,"יין הר קברנה סובניון יקבי תבור 750 מ""ל.",*החברה המרכזית להפצת משקאותבעמ,,,"י""ח",750,"ל מ""ל",false,1,35.90,4.75,false,1,
7290103681180,false,"יין הר מרלו מיתוג תנשמת 750 מ""ל",*החברה המרכזית להפצת משקאותבעמ,,,"י""ח",750,"ל מ""ל",false,1,35.90,4.75,false,1,
7290103681197,false,"יין הר שיראז מיתוג תנשמת 750 מ""ל",*החברה המרכזית להפצת משקאותבעמ,,,"י""ח",750,"ל מ""ל",false,1,35.90,4.75,false,1,
7290103681210,false,"יין הר שרדונה מיתוג תנשמת 750 מ""ל",*החברה המרכזית להפצת משקאותבעמ,,,"י""ח",750,"ל מ""ל",false,1,35.90,4.75,false,1,
7290103681227,false,"יין הר גוורצטרמינר מיתוג תנשמת 750 מ""ל",החברה המרכזית טלהפצת משקאות בע,,,"י""ח",750,"ל מ""ל",false,1,35.90,4.75,false,1,
7290103681630,false,פנינים מבעבע לבן הר750מל,*החברה המרכזית להפצת משקאותבעמ,,,"י""ח",750,"ל מ""ל",false,1,35.90,4.75,true,1,
7290103701017,false,נייר אפיה נשלף טאצ 50 יחידות כשלפ,שניב תעשיות נייר בעמ,,,"י""ח",10,"י""ח",false,1,9.90,0.99,true,1,
7290103702540,false,נייר טואלט מהדרות כדור פורח 30 גלילים טאצ',שניב תעשיות נייר בעמ,,,"י""ח",30,"י""ח",false,1,26.90,0.90,true,1,
7290103703219,false,דלי מטליות לחות לניקוי כללי בניחוח לימון טאצ',סאסאטק אגשח בעמ,,,"י""ח",7,"י""ח",false,1,21.90,3.13,true,1,
7290103704186,false,מגבות מטבח כפול טאצ`מהדורת 2021 6 יחידות,שניב תעשיות נייר בעמ,,,"י""ח",6,"י""ח",false,1,19.90,3.32,true,1,
7290103704650,false,מגבות מטבח כדור פורח שישייה,שניב תעשיות נייר בעמ,,,"י""ח",1,,false,1,10.90,10.90,false,1,
7290103722005,false,נייר טואלט לאבלי 32 ג' לבן-מרכז,שניב תעשיות נייר בעמ,,,"י""ח",588,מטר,false,1,36.90,0.06,false,1,
7290103746001,false,ממחטות טאצ`חמישייה צבעוני 500 דף,שניב תעשיות נייר בעמ,,,"י""ח",1,,false,1,13.90,13.90,true,1,
7290103833411,false,מזוודה קשיחה כתומה,כוכב נולד פלוס נתיבות בעמ,,,"י""ח",1,,false,1,179,179,false,1,
7290104061417,false,סלט חומוס עם טחינה אחלה 400 גרם,שטראוס גרופ בעמ/מצונן,,,"י""ח",400,ל גרם,false,1,10.90,2.73,true,1,
7290104061424,false,סלט חומוס עם זעתר אחלה 400 גרם,שטראוס גרופ בעמ/מצונן,,,"י""ח",400,ל גרם,false,1,10.90,2.73,true,1,
7290104061431,false,סלט חומוס עם צנובר אחלה 400 גרם,שטראוס גרופ בעמ/מצונן,,,"י""ח",400,ל גרם,false,1,10.90,2.73,true,1,
7290104061448,false,סלט חומוס עם חריף אחלה 400 גרם,שטראוס גרופ בעמ/מצונן,,,"י""ח",400,ל גרם,false,1,10.90,2.73,true,1,
7290104062599,false,מארז 8 יחידות מעדן גמדים בטעמי תות ובננה,שטראוס גרופ בעמ/מצונן,,,"י""ח",800,ל גרם,false,1,18.70,2.34,true,1,
7290104064012,false,חטיף פסק זמן GOOD שוקולד לבן גוד 36 גרם,שולן צ'יקולטה גידה ס,,,"י""ח",36,ל גרם,false,1,4.90,13.61,true,1,
7290104065187,false,אבקה להכנת משקה קפה בטעם מוקה,"שטראוס גרופ בע""מ",,,"י""ח",200,ל גרם,false,1,21.90,10.95,true,1,
7290104066566,false,סלט טחינה שומשום מלא 500גר אחלה,שטראוס גרופ בעמ/מצונן,,,"י""ח",500,ל גרם,false,1,14.90,2.98,true,1,
7290104068539,false,מאסט פליפטופ מלון ואבטיח ללא גרעינים,שטראוס גרופ בע`מ,,,"י""ח",28,ל גרם,false,1,4.30,15.36,true,1,
7290104068546,false,גומי מאסט בטעם לימון קולה ללא סוכר 28 ג' עלית,שטראוס גרופ בע`מ,,,"י""ח",28,ל גרם,false,1,4.30,15.36,true,1,
7290104500572,false,אפרופו חטיף תירס איטליאנו אסם 50 גרם,קבוצת אוסם סחר-שות.מוגבלת,,,"י""ח",50,ל גרם,false,1,5,10,true,1,
7290104501661,false,אינסטנט פודינג בטעם וניל צרפתי אסם 80 גרם,קבוצת אוסם סחר-שות.מוגבלת,,,"י""ח",110,ל גרם,false,1,5.90,5.36,true,1,
7290104503184,false,הבית עוגת שבת בראוניס טעם שוקולד ריבת חלב 380 גרם,קבוצת אוסם סחר-שות.מוגבלת,,,"י""ח",380,ל גרם,false,1,18.90,4.97,false,1,
7290104504228,false,מיני דובונים אסם 100 גרם מארז 5 יחידות,קבוצת אוסם סחר-שות.מוגבלת,,,"י""ח",100,ל גרם,false,1,14.60,14.60,true,1,
7290104506819,false,"קראנץ`רולס כשל""פ 370 גר`.",קבוצת אוסם סחר-שות.מוגבלת,,,"י""ח",370,ל גרם,false,1,23.40,6.32,false,1,
7290104508189,false,אסם 24 גביעי גלידה ממותקים 95 גרם,קבוצת אוסם סחר שותפות מוגבלת,,,"י""ח",24,"י""ח",false,1,14,0.58,false,1,
7290104508202,false,גביעי גלידה אמריקאים אסם 120 גרם 24 יחידות,קבוצת אוסם סחר-שות.מוגבלת,,,"י""ח",24,"י""ח",false,1,14,0.58,false,1,
7290104720499,false,מארז 8 יחידות מעדן דני בטעם וניל 1.5%,שטראוס גרופ בעמ/מצונן,,,"י""ח",1,"ק""ג",false,1,15.90,15.90,true,1,
7290104721762,false,מארז שלשות קפה טורקי עלית 85 ג',"שטראוס גרופ בע""מ",,,"י""ח",1,"י""ח",false,1,23.90,23.90,true,1,
7290104722530,false,תפוצ'יפס בטעם שמנת בצל עלית 200 גרם,"שטראוס פריטו ליי בע""\מ )",,,"י""ח",200,ל גרם,false,1,11.20,5.60,true,1,
7290104722608,false,תפוציפס סטיקס טבעי 65גרם,"שטראוס פריטו ליי בע""מ",,,"י""ח",50,ל גרם,false,1,3.80,7.60,true,1,
7290104726262,false,רביעייה מעדן דני שוקולד דיסני לבנים 125 גרם,שטראוס גרופ בעמ/מצונן,,,"י""ח",500,ל גרם,false,1,10.90,2.18,true,1,
7290104726712,false,מארז 8 יחידות מעדן מילקי בטעם שוקולד עם קצפת,שטראוס גרופ בעמ/מצונן,,,"י""ח",868,"ל מ""ל",false,1,19.90,2.29,true,1,
7290104728310,false,"שמנת מתוקה עמידה 38% שומן ""יטבתה"" -מוצר בפיקוח",שטראוס גרופ בעמ/מצונן,,,"י""ח",250,"ל מ""ל",false,1,6.47,2.59,true,1,
7290104729003,false,"יד מרדכי - שמן זית כתית מעולה 2 קלאסי 750 מ""ל",מכוורת יד מרדכי שטרא,,,"י""ח",750,"ל מ""ל",false,1,34.90,4.65,true,1,
7290104960246,false,נקה 7 ארומה תחליב רחצה ורד יסמין 750 מ,טרופיקל דגיל תעשיות קוסמ,,,"י""ח",750,"ל מ""ל",false,1,9.90,1.32,false,1,
7290104961243,false,"נקה 7 תחליב רחצה מגע קטיפה קוקוס ליים 750 מ""ל",טרופיקל דגיל תעשיות קוסמ,,,"י""ח",750,"ל מ""ל",false,1,9.90,1.32,false,1,
7290104961250,false,"נקה 7 תחליב רחצה מגע קטיפה וניל מאסק 750 מ""ל",טרופיקל דגיל תעשיות קוסמ,,,"י""ח",750,"ל מ""ל",false,1,9.90,1.32,false,1,
7290104961489,false,"סקינגארד - ספריי תחליב לילדים 300 מ""ל SPF50",החברה הדרומית לשיווק בעמ,,,"י""ח",300,"ל מ""ל",false,1,42.90,14.30,false,1,
7290104961526,false,דאודורנט ספריי גוף טיטניום קלאסיק Titanium Classic,החברה הדרומית לשיווק בעמ,,,"י""ח",150,"ל מ""ל",false,1,9.90,6.60,false,1,
7290104961540,false,דאודורנט ספריי גוף טיטניום מטאל Titanium Metal,החברה הדרומית לשיווק בעמ,,,"י""ח",150,"ל מ""ל",false,1,9.90,6.60,false,1,
7290104962073,false,דאודורנט ספריי גוף טיטניום גולד Titanium Gold,החברה הדרומית לשיווק בעמ,,,"י""ח",100,ל גרם,false,1,14.90,14.90,false,1,
7290104962080,false,דאודורנט ספריי גוף טיטניום גולד Titanium Gold,החברה הדרומית לשיווק בעמ,,,"י""ח",150,"ל מ""ל",false,1,11.90,7.93,false,1,
7290104963001,false,סופטקר מגבונים לחים רביעייה בניחוח עדין,החברה הדרומית לשיווק בעמ,,,"י""ח",4,"י""ח",false,1,17.90,4.48,false,1,
7290104963018,false,סופטקר מגבונים לחים רביעייה ללא בישום,החברה הדרומית לשיווק בעמ,,,"י""ח",4,"י""ח",false,1,17.90,4.48,false,1,
7290104963162,false,"סופטקר - קרם גוף לתינוקות 500 מ""ל",החברה הדרומית לשיווק בעמ,,,"י""ח",500,"ל מ""ל",false,1,24.90,4.98,false,1,
7290104963223,false,סופטקר - אל סבון עדין לתינוק לעור רגיש 1 ליטר,החברה הדרומית לשיווק בעמ,,,"י""ח",1,ליטר,false,1,19.90,19.90,false,1,
7290104964022,false,סקין גארד ספריי שקוף SPF50 קידס בוב ספוג,מיוצר עי : אמיליה קוסמטי,,,"י""ח",300,"ל מ""ל",false,1,42.90,14.30,false,1,
7290104965661,false,קרליין דאו ספרי נושם סוויט קיס לנערות150,החברה הדרומית לשיווק בעמ,,,"י""ח",1,,false,1,13.90,13.90,false,1,
7290105256324,false,"טרמפולינה עד 18ק""ג ורוד טוויגי",כוכב נולד פלוס נתיבות בעמ,,,"י""ח",1,,false,1,299,299,false,1,
7290105256331,false,"טרמפולינה עד 18ק""ג ירוק טוויגי",כוכב נולד פלוס נתיבות בעמ,,,"י""ח",1,,false,1,299,299,false,1,
7290105258472,false,בובה פיפי,כוכב נולד פלוס נתיבות בעמ,,,"י""ח",1,,false,1,99.90,99.90,false,1,
7290105258533,false,בובה מדברת שותה ועושה פיפי,כוכב נולד פלוס נתיבות בעמ,,,"י""ח",1,,false,1,89.90,89.90,false,1,
7290105360250,false,קפסולות 09 עשיר וארומטי למכונת נספרסו עלית 10יח',הנסיך- מפעל לייצור ט,,,"י""ח",50,ל גרם,false,1,19.90,39.80,true,1,
7290105360328,false,קפסולות אספרסו חזק למכונות נספרסו 10 יח',הנסיך- מפעל לייצור ט,,,"י""ח",50,ל גרם,false,1,19.90,39.80,true,1,
7290105360335,false,קפסולות אספרסו למכונות נספרסו 50 גר,הנסיך- מפעל לייצור ט,,,"י""ח",50,ל גרם,false,1,19.90,39.80,true,1,
7290105360755,false,"שמן זית 3 חזק 750 מ""ל יד מרדכי",מכוורת יד מרדכי שטראוס ב,,,"י""ח",750,"ל מ""ל",false,1,34.90,4.65,true,1,
7290105360878,false,תפוציפס טבעי 50 גרם מארז רביעייה,"שטראוס פריטו ליי בע""\מ )",,,"י""ח",200,ל גרם,false,1,11.90,5.95,true,1,
7290105362339,false,"שמנת לבישול 15% 250 מ""ל יטבתה מהדרין",שטראוס גרופ בעמ/מצונן,,,"י""ח",250,"ל מ""ל",false,1,8.40,3.36,true,1,
7290105363602,false,מקלות כיף כף קלאסי עלית (40 גרם),שולן צ'\יקולטה גידה סאן.,,,"י""ח",40,ל גרם,false,1,4.80,12,true,1,
7290105364289,false,מקלות כיף כף פצפוצים עלית 40 גרם,שולן צ'\יקולטה גידה סאן.,,,"י""ח",40,ל גרם,false,1,4.80,12,true,1,
7290105364302,false,"עלית חטיף שוקולד כיף כף מקלות אגוזים, 40 גרם",שולן צ'\יקולטה גידה סאן.,,,"י""ח",40,ל גרם,false,1,4.80,12,true,1,
7290105364678,false,"אקטיביה משקה יוגורט בטעם אפרסק שטראוס 250 מ""ל",שטראוס גרופ בעמ/מצונן,,,"י""ח",250,"ל מ""ל",false,1,5,2,true,1,
7290105366023,false,סלט חצילים בטעם כבד אחלה 400 גרם,שטראוס גרופ בעמ/מצונן,,,"י""ח",400,ל גרם,false,1,14.90,3.73,true,1,
7290105366047,false,טחינה לבנה אחלה (400 גרם),שטראוס גרופ בעמ/מצונן,,,"י""ח",400,ל גרם,false,1,14.90,3.73,true,1,
7290105366054,false,טחינה ירוקה עם פטרוזיליה טריה 400גרם,"שטראוס גרופ ***בע""מ",,,"י""ח",400,ל גרם,false,1,14.90,3.73,true,1,
7290105366993,false,סימפוניה גבינת שמנת פלפל שיפקה 5% שטראוס 200 גרם,שטראוס גרופ בעמ/מצונן,,,"י""ח",200,ל גרם,false,1,10.90,5.45,true,1,
7290105368225,false,חומוס עם פלפל שיפקה אחלה (400 גרם),שטראוס גרופ בעמ/מצונן,,,"י""ח",400,ל גרם,false,1,10.90,2.73,true,1,
7290105368331,false,מעדן מילקי בטעם תות עם קצפת,שטראוס גרופ בעמ/מצונן,,,"י""ח",130,"ל מ""ל",false,1,2.90,2.23,true,1,
7290105368904,false,"שמנת מתוקה להקצפה 32% שומן 250 מ""ל יוטבתה",שטראוס גרופ בעמ/מצונן,,,"י""ח",250,"ל מ""ל",false,1,7.60,3.04,true,1,
7290105369130,false,סימפוניה גבינת שמנת בצל ירוק 5% שטראוס 200 גרם,שטראוס גרופ בעמ/מצונן,,,"י""ח",200,ל גרם,false,1,10.90,5.45,true,1,
7290105369451,false,צ'יטוס דולפינים חטיף תירס בטעם גבינה עלית 55 גרם,"שטראוס פריטו ליי בע""מ",,,"י""ח",55,ל גרם,false,1,3.60,6.55,true,1,
7290105431516,false,מארז חטיף פריי תמרים ובוטנים ללא גלוטן ותוספת סוכר 125 גרם,טבעית מוצרים מן הטבע בעמ,,,"י""ח",5,"י""ח",false,1,16.90,3.38,false,1,
7290105431868,false,"פלמוליב ספא קוקוס גרגרים נוזלי 500 מ""ל",הנסיך- מפעל לייצור ט,,,"י""ח",500,"ל מ""ל",false,1,15.90,3.18,true,1,
7290105433985,false,ליידי ספיד סטיק פרש אסנס פריחת הדובדבן סטיק 65 גר,ליידי ספיד סטיק Lady Speed Stick,,,"י""ח",65,ל גרם,false,1,22.40,34.46,true,1,
7290105434050,false,ספיד סטיק - דאודורנט סטיק לגבר XL ירוק רגיולר 85 גרם,קולגייט פלמוליב,,,"י""ח",85,ל גרם,false,1,19.90,23.41,true,1,
7290105436382,false,חטיף פרי תמרים קשיו ללא תוספת סוכר וגלוטן 5 יח,טבעית מוצרים מן הטבע בעמ,,,"י""ח",90,ל גרם,false,1,16.90,18.78,false,1,
7290105439499,false,מאסטר שף מאסטר שף מיונז 480 גר כשלפ,רמיה סי.וי. הולנד,,,"י""ח",481,ל גרם,false,1,11.90,2.47,false,1,
7290105439505,false,מאסטר שף קרם בטעם מיונז לייט 479 גר כשלפ,רמיה סי.וי. הולנד,,,"י""ח",521,ל גרם,false,1,11.90,2.28,false,1,
7290105439581,false,מנה מאסטר שף חרדל דיזיון צרפתי 370 גר,רמיה סי.וי.הולנד,,,"י""ח",370,ל גרם,false,1,10.90,2.95,false,1,
7290105439598,false,מאסטר שף חרדל דיז'ון גרגירים 370 גר כשלפ,סאס קווינור צרפת,,,"י""ח",370,ל גרם,false,1,10.90,2.95,false,1,
7290105474124,false,"מזון לכלבים בונזו מזון כלבים בשר 12 ק""ג מחולק",דיפלומט מפיצים (1968) בעמ**,,,"י""ח",12,"ק""ג",false,1,129.90,10.83,false,1,
7290105479679,false,"בונזו בקר וכבד 12ק""ג מחולק",דיפלומט מפיצים (1968) בעמ**,,,"י""ח",12,"ק""ג",false,1,129.90,10.83,false,1,
7290105500151,false,וודקה פינלנדיה רגיל 700,"אלטיה קורפ, הלסינקי,",,,"י""ח",750,"ל מ""ל",false,1,68.90,9.15,true,1,
7290105500236,false,וויסקי ג'ק דניאלס מס' 7 Brand No,ג'ק דניאלס Jack Daniel's,,,"י""ח",700,"ל מ""ל",false,1,119.90,17.09,true,1,
7290105691224,false,אסם חטיפי פריכונים טורטייה שום בצל 60 גרם,קבוצת אוסם סחר-שות.מוגבלת,,,"י""ח",60,ל גרם,false,1,8.10,13.50,false,1,
7290105691248,false,אסם חטיפי פריכונים טורטייה תירס 60 גרם,קבוצת אוסם סחר שותפות מוגבלת,,,"י""ח",60,ל גרם,false,1,8.10,13.50,false,1,
7290105691712,false,אסם עוגיות הפסקת קפה דגנים מלאים 230 גרם,קבוצת אוסם סחר שותפות מוגבלת,,,"י""ח",230,ל גרם,false,1,10.90,4.74,true,1,
7290105691934,false,קמח שמרים אסם 1 קילו,קבוצת אוסם סחר שותפות מוגבלת,,,"י""ח",1,"ק""ג",false,1,10.90,10.90,false,1,
7290105693341,false,מארז עשיריית במבה אסם 25*10 גרם,קבוצת אוסם סחר שותפות מוגבלת,,,"י""ח",250,ל גרם,false,1,17.90,7.16,true,1,
7290105693457,false,עוגת הבית דמקה שוקו וניל 320 גר`בחושות,קבוצת אוסם סחר שותפות מוגבלת,,,"י""ח",400,ל גרם,false,1,12.90,3.23,false,1,
7290105693952,false,פירורית זהב אסם זהב שומשום 200 ג',קבוצת אוסם סחר שותפות מוגבלת,,,"י""ח",200,ל גרם,false,1,7.40,3.70,false,1,
7290105694614,false,פסטה אוסם ספגטי מהיר הכנה 500 גרם,קבוצת אוסם סחר שותפות מוגבלת,,,"י""ח",500,ל גרם,false,1,6.90,1.38,true,1,
7290105695024,false,פתיתים אפויים אורז עם אטריות אסם 500 גרם,קבוצת אוסם סחר שותפות מוגבלת,,,"י""ח",500,ל גרם,false,1,7.90,1.58,true,1,
7290105695321,false,עוגת הבית בראוניז פאדג' אסם 380 גרם,קבוצת אוסם סחר שותפות מוגבלת,,,"י""ח",380,ל גרם,false,1,18.90,4.97,false,1,
7290105695895,false,עוגת הבית דמקה דבש אסם (320 גרם),קבוצת אוסם סחר-שות.מוגבלת,,,"י""ח",320,ל גרם,false,1,12.90,4.03,false,1,
7290105695994,false,"רוטב סויה טבעי 290מ""ל אסם",קבוצת אוסם סחר-שות.מוגבלת,,,"י""ח",290,ל גרם,false,1,11.90,4.10,false,1,
7290105962331,false,סחוג תימני אדום חריף מאוד זהבי הכרם 220 גרם,שטראוס גרופ בעמ/מצונן,,,"י""ח",220,ל גרם,false,1,11.50,5.23,true,1,
7290105963864,false,חזרת אחלה שטראוס 220,שטראוס גרופ בעמ/מצונן,,,"י""ח",220,ל גרם,false,1,12.90,5.86,true,1,
7290105964564,false,חומוס אחלה 400 גרם. שטראוס,שטראוס גרופ בעמ/מצונן,,,"י""ח",400,ל גרם,false,1,8.50,2.13,true,1,
7290105965738,false,יוגורט לשתיה בטעם תות בננה267 ג' דנונה,שטראוס גרופ בעמ/מצונן,,,"י""ח",267,ל גרם,false,1,5,1.87,true,1,
7290105966469,false,חומץ בלסמי ממודנה יד מרדכי (250 מל),אצטייה ג'וזפה קרמוני,,,"י""ח",250,"ל מ""ל",false,1,14.70,5.88,true,1,
7290105968098,false,"סלט קולסלאו 500 גרם ""אחלה""",שטראוס גרופ בעמ/מצונן,,,"י""ח",500,ל גרם,false,1,14.90,2.98,true,1,
7290105968654,false,רביולי עם בטטה פרווה שטראוס (400 גרם),שטראוס גרופ בעמ/מצונן,,,"י""ח",400,ל גרם,false,1,19.90,4.98,true,1,
7290105968777,false,פריכיות 5 דגנים עם תחתית שוקולד מריר 70 גרם,"טחנת האבן תעשיות בע""",,,"י""ח",1,,false,1,8.90,8.90,true,1,
7290106520066,false,"רבע לשבע שוקולד חלב במילוי אגוזים עלית 160 גרם בד""צ","הגביע מוצרי וופלים בע""\מ",,,"י""ח",160,ל גרם,false,1,12.90,8.06,true,1,
7290106520288,false,יוגורט פרו חלבון עם תות 2.4% שומן 150 ג' דנונה,שטראוס גרופ בעמ/מצונן,,,"י""ח",150,"ל מ""ל",false,1,4.90,3.27,true,1,
7290106520905,false,סלט טורקי אחלה (400 גרם),שטראוס גרופ בעמ/מצונן,,,"י""ח",400,ל גרם,false,1,14.90,3.73,true,1,
7290106520912,false,שמנת לבישול 9% שומן 258גר מהדרין יטבתה,שטראוס גרופ בעמ/מצונן,,,"י""ח",258,"ל מ""ל",false,1,8.40,3.26,true,1,
7290106521049,false,אחלה טעמי השוק קוביות סלק 400 גר,שטראוס גרופ בעמ/מצונן,,,"י""ח",500,ל גרם,false,1,14.90,2.98,true,1,
7290106521926,false,קפה טורקי בצלופן עלית 150 גרם,שטראוס קפה בי.ויn\.,,,"י""ח",150,ל גרם,false,1,13.50,9,true,1,
7290106524439,false,חטיף פופס תפוצ`יפס (60 גרם),"שטראוס פריטו ליי בע""\מ )",,,"י""ח",60,ל גרם,false,1,4.50,7.50,true,1,
7290106525320,false,אבקת שוקולית לאפייה קופסא 500ג' עלית,הנסיך- מפעל לייצור ט,,,"י""ח",500,ל גרם,false,1,15.50,3.10,true,1,
7290106525368,false,גלילי וופל רבע לשבע אין סייד אוט 125 גר,"הגביע מוצרי וופלים בע""\מ",,,"י""ח",120,ל גרם,false,1,12.90,10.75,true,1,
7290106525399,false,קפסולות 06 ברזיל למכונות נספרסו עלית 10יח',הנסיך- מפעל לייצור ט,,,"י""ח",50,ל גרם,false,1,19.90,39.80,true,1,
7290106525405,false,קפסולות קפה עלית נטול קפאין אספרסו) (10,שטראוס קפה בי.וי.,,,"י""ח",50,ל גרם,false,1,19.90,39.80,true,1,
7290106526822,false,פריכיות אורז חום מלא תחתית שוקולד חלב 80 גרם,"טחנת האבן תעשיות בע""",,,"י""ח",80,ל גרם,false,1,8.90,11.13,true,1,
7290106528567,false,חטיף תירס גריל דוריטוס (185 גרם),"שטראוס פריטו ליי בע""\מ )",,,"י""ח",185,ל גרם,false,1,6.90,3.73,true,1,
7290106528628,false,חטיף תירס בטעם טבעי דוריטוס (185 גרם),"שטראוס פריטו ליי בע""\מ )",,,"י""ח",185,ל גרם,false,1,6.90,3.73,true,1,
7290106572027,false,קרקר לחמית חמישה דגנים אסם (190 גרם),קבוצת אוסם סחר-שות.מוגבלת,,,"י""ח",230,ל גרם,false,1,9.90,4.30,true,1,
7290106572959,false,אפרופו חטיף קלאסי 5חי*25גר,קבוצת אוסם סחר שותפות מוגבלת,,,"י""ח",150,ל גרם,false,1,14.10,9.40,true,1,
7290106572997,false,"קמח שמרים לפיצה ופוקצ'ה אסם 1 ק""ג",קבוצת אוסם סחר שותפות מוגבלת,,,"י""ח",1,"ק""ג",false,1,10.90,10.90,false,1,
7290106573277,false,חטיף קרקר קריספי עם זיתים כבושים,קבוצת אוסם סחר שותפות מוגבלת,,,"י""ח",150,ל גרם,false,1,12.90,8.60,false,1,
7290106573314,false,אוסם - קריספי טאפאס כפרי 150 גרם,קבוצת אוסם סחר שותפות מוגבלת,,,"י""ח",150,ל גרם,false,1,12.90,8.60,false,1,
7290106573574,false,חומוס ירושלמי צבר 400גרם,קבוצת אוסם סחר-שות.מוגבלת,,,"י""ח",400,ל גרם,false,1,13.70,3.43,true,1,
7290106573598,false,חומוס לבנוני צבר (400 גרם),קבוצת אוסם סחר שותפות מוגבלת,,,"י""ח",400,ל גרם,false,1,13.70,3.43,true,1,
7290106573628,false,חומוס עם טחינה צבר (400 גרם),קבוצת אוסם סחר שותפות מוגבלת,,,"י""ח",400,ל גרם,false,1,13.70,3.43,true,1,
7290106573642,false,חומוס צנובר צבר 400 גרם,קבוצת אוסם סחר-שות.מוגבלת,,,"י""ח",400,ל גרם,false,1,13.70,3.43,true,1,
7290106574120,false,גומי גם קרחון שרבט עם סוכריות 90 גר`נסט,נגה גלידות שותפות מוגבלת,,,"י""ח",1,,false,1,6.90,6.90,true,1,
7290106574793,false,עוגת הבית בטעם שוקו-שוקוצ'יפס 350 ג' אסם,קבוצת אוסם סחר שותפות מוגבלת,,,"י""ח",216,ל גרם,false,1,13.40,6.20,false,1,
7290106574953,false,בייגלה שטוחים כעכים שטוחים עם שומשום,קבוצת אוסם סחר שותפות מוגבלת,,,"י""ח",300,ל גרם,false,1,11.80,3.93,false,1,
7290106574977,false,בייגלה שטוחים טבעות עם מלח אסם (300 גרם),קבוצת אוסם סחר שותפות מוגבלת,,,"י""ח",300,ל גרם,false,1,11.80,3.93,false,1,
7290106575011,false,פתיתים אפויים קוסקוס מחיטה מלאה אסם 400 גרם,קבוצת אוסם סחר שותפות מוגבלת,,,"י""ח",500,ל גרם,false,1,7.60,1.52,false,1,
7290106575257,false,עוגת הבית סופלה בטעם שוקולד 340 ג' אסם,קבוצת אוסם סחר שותפות מוגבלת,,,"י""ח",340,ל גרם,false,1,13.40,3.94,false,1,
7290106575332,false,פתיתים אפויים פלוס בורגול 400 ג' אסם,קבוצת אוסם סחר שותפות מוגבלת,,,"י""ח",500,ל גרם,false,1,7.90,1.58,true,1,
7290106575431,false,עוגת הבית סופלה בטעם שוקולד וניל 340 ג',קבוצת אוסם סחר-שות.מוגבלת,,,"י""ח",340,ל גרם,false,1,12.90,3.79,false,1,
7290106576223,false,אפרופו מצופה שוקולד 40 ג'!,קבוצת אוסם סחר שותפות מוגבלת,,,"י""ח",50,ל גרם,false,1,5,10,true,1,
7290106576513,false,סלט רק חומוס צבר 400 גרם,קבוצת אוסם סחר שותפות מוגבלת,,,"י""ח",400,ל גרם,false,1,11.90,2.98,false,1,
7290106576537,false,חומוס מסעדה צבר (700 גרם),קבוצת אוסם סחר שותפות מוגבלת,,,"י""ח",700,ל גרם,false,1,12.70,1.81,false,1,
7290106576797,false,"לה קרמריה גלידת וניל איטלקי כשל""פ 1.4ל'",נגה גלידות שותפות מוגבלת,,,"י""ח",1.40,ליטר,false,1,19.90,14.21,false,1,
7290106576810,false,גלידה לה קרמריה ריבת חלב 1.4 ל' נסטלה,נגה גלידות שותפות מוגבלת,,,"י""ח",1.40,ליטר,false,1,19.90,14.21,false,1,
7290106576834,false,גלידה לה קרמריה פונטש בננה1.4 ל' נסטלה,נגה גלידות שותפות מוגבלת,,,"י""ח",1.40,ליטר,false,1,19.90,14.21,false,1,
7290106576858,false,גלידה לה קרמריה תותים בשמנת 1.4 ל' נסטלה,נגה גלידות שותפות מוגבלת,,,"י""ח",1.40,ליטר,false,1,19.90,14.21,false,1,
7290106576919,false,"לה קרמריה סורבה תות לימו 1.4 ליטר כשל""פ",נגה גלידות שותפות מוגבלת,,,"י""ח",1.40,ליטר,false,1,19.90,14.21,false,1,
7290106576957,false,"לה קרמריה גלידת שוקו וניל פליק פרווה כשל""פ 1.4",נגה גלידות שותפות מוגבלת,,,"י""ח",1.40,ליטר,false,1,19.90,14.21,false,1,
7290106576971,false,גלידה לה קרמריה שוקולד בלגי 1.4 ל' נסטלה,נגה גלידות שותפות מוגבלת,,,"י""ח",1.40,ליטר,false,1,19.90,14.21,false,1,
7290106576995,false,גלידה סורבה לה קרמריה תות מנגו לייט 1.4 ל' נסטלה,נגה גלידות שותפות מוגבלת,,,"י""ח",1.40,ליטר,false,1,19.90,14.21,false,1,
7290106577039,false,גלידה לה קרמריה שוקו וניל פליק 1.4 ל' נסטלה,נגה גלידות שותפות מוגבלת,,,"י""ח",1.40,ליטר,false,1,19.90,14.21,false,1,
7290106577282,false,טחינה אמיתית מרובע 400 ג' צבר,קבוצת אוסם סחר-שות.מוגבלת,,,"י""ח",400,ל גרם,false,1,13.70,3.43,true,1,
7290106577480,false,צבר חציל על האש בטחינה מרובע 400גרם,קבוצת אוסם סחר-שות.מוגבלת,,,"י""ח",400,ל גרם,false,1,13.70,3.43,true,1,
7290106577503,false,סלט חציל במיונז צבר 400 גרם,קבוצת אוסם סחר-שות.מוגבלת,,,"י""ח",400,ל גרם,false,1,13.70,3.43,true,1,
7290106577527,false,סלט קולסלאו כרוב לבן וגזר 400 ג' צבר,קבוצת אוסם סחר-שות.מוגבלת,,,"י""ח",400,ל גרם,false,1,13.70,3.43,true,1,
7290106577541,false,צבר כרוב אדום מרובע 400גרם,קבוצת אוסם סחר-שות.מוגבלת,,,"י""ח",400,ל גרם,false,1,13.70,3.43,true,1,
7290106577572,false,מטבוחה אמיתית מרובע 400 ג' צבר,קבוצת אוסם סחר-שות.מוגבלת,,,"י""ח",400,ל גרם,false,1,13.70,3.43,true,1,
7290106577848,false,שישיית נסטי אפרסק 1.5 ליטר,טמפו משקאות בעמ,,,"י""ח",1.50,ליטר,false,1,29.90,19.93,false,1,
7290106578241,false,דובונים חטיף תפוחי אדמה אסם (100 גרם),קבוצת אוסם סחר-שות.מוגבלת,,,"י""ח",100,ל גרם,false,1,10.40,10.40,false,1,
7290106578692,false,ביסלי במבה מיקס מהדורת אליפות אסם 80 גרם,קבוצת אוסם סחר שותפות מוגבלת,,,"י""ח",60,ל גרם,false,1,5.20,8.67,true,1,
7290106578821,false,הבית עוגת שמרים קלאסית בטעם שוקולד 350גר.,קבוצת אוסם סחר שותפות מוגבלת,,,"י""ח",350,ל גרם,false,1,18.50,5.29,false,1,
7290106652996,false,כיף כף מקלות קוקוס חלבי 40 גר',סולן בעבור שטראוס,,,"י""ח",40,ל גרם,false,1,4.80,12,true,1,
7290106654099,false,מילקי CAKE עוגות אישיות במילוי קרם חלב,בובארד איטליה אס.פי.איי,,,"י""ח",272,ל גרם,false,1,20,7.35,true,1,
7290106656727,false,"עוגיות חיוכים שוקולד עלית 600 גרם בד""צ","אפיפית נצרת (1971) בע""\מ",,,"י""ח",600,ל גרם,false,1,17.90,2.98,true,1,
7290106656734,false,"עוגיות חיוכים וניל עלית 600 גרם בד""צ",אפיפית נצרת תעשיות ב,,,"י""ח",600,ל גרם,false,1,16.90,2.82,true,1,
7290106662025,false,תפוציפס טבעי מלח ופלפל 50 גרם,שטראוס פריטו ליי בע`מ,,,"י""ח",50,ל גרם,false,1,4.50,9,true,1,
7290106663091,false,"לאבנה 9 % עם שמן זית 500 גר' ""שטראוס""",שטראוס גרופ בעמ/מצונן,,,"י""ח",500,ל גרם,false,1,17.90,3.58,true,1,
7290106663121,false,"עוגה אישית במילוי קרם חלב ""מילקי קייק"" שטראוס",בובארד איטליה אס.פי.איי,,,"י""ח",34,ל גרם,false,1,3,8.82,true,1,
7290106663503,false,קונפיטורת תות לייט יד מרדכי (230 גרם),אף.סי תבליני בגליל ב,,,"י""ח",250,ל גרם,false,1,13.70,5.48,true,1,
7290106663558,false,"רוטב טריאקי ורימון יד מרדכי 280מ""ל",אף.סי תבליני בגליל ב,,,"י""ח",280,"ל מ""ל",false,1,12.90,4.61,true,1,
7290106664555,false,"רוטב שמנת עם עגבניות 9% שומן 250 מ""ל יוטבתה",שטראוס גרופ בעמ/מצונן,,,"י""ח",200,ל גרם,false,1,10.90,5.45,true,1,
7290106664562,false,רוטב שמנת עם פטריות 9% שומן 258 ג' יוטבתה,שטראוס גרופ בעמ/מצונן,,,"י""ח",200,ל גרם,false,1,10.90,5.45,true,1,
7290106666788,false,עלית - סוכריות נוסטלגיה דבש ממולאות 80 גרם,"שטראוס גרופ בע""מ",,,"י""ח",100,ל גרם,false,1,5.90,5.90,true,1,
7290106667266,false,חטיף תירס חמוץ חריף דוריטוס (185 גרם),"שטראוס פריטו ליי בע""\מ )",,,"י""ח",185,ל גרם,false,1,8.30,4.49,true,1,
7290106668577,false,"מיץ לימון טבעי 250 מ""ל ""יד מרדכי""",האי נאם סי או אל.טי.,,,"י""ח",250,"ל מ""ל",false,1,7.80,3.12,true,1,
7290106668713,false,יוגורט עם פירות יער 3% שומן 150 ג' דנונה,שטראוס גרופ בעמ/מצונן,,,"י""ח",150,"ל מ""ל",false,1,3.90,2.60,true,1,
7290106669857,false,קפסולות אספרסו בטעם וניל עלית 10 יחידות,הנסיך- מפעל לייצור ט,,,"י""ח",50,ל גרם,false,1,19.90,39.80,true,1,
7290106720626,false,חטיף תירס בטעם גבינה צ`יטוס (80 גרם),"שטראוס פריטו ליי בע""\מ )",,,"י""ח",80,ל גרם,false,1,4.90,6.13,true,1,
7290106721913,false,מסטיק מאסט MUST ללא סוכר בטעם מנטה מרעננת,שטראוס גרופ בע`מ,,,"י""ח",66,ל גרם,false,1,9.90,15,true,1,
7290106721920,false,צנצנת מסטיק מאסט בטעם ספירמינט עדין 66 ג' עלית,"שטראוס גרופ בע""\מ.",,,"י""ח",66,ל גרם,false,1,9.90,15,true,1,
7290106724419,false,"עוגיות חיוכים וניל 150 גרם ""עלית""",אפיפית נצרת תעשיות ב,,,"י""ח",150,ל גרם,false,1,4.80,3.20,true,1,
7290106725874,false,"סירופ מייפל טבעי 236 מ""ל ""יד מרדכי""","שטראוס גרופ בע""מ",,,"י""ח",236,"ל מ""ל",false,1,41.90,17.75,true,1,
7290106726178,false,יוגורט PRO עם פירות יער 2.4% 10 גרם חלבון בגביע,שטראוס גרופ בעמ/מצונן,,,"י""ח",150,"ל מ""ל",false,1,4.90,3.27,true,1,
7290106727984,false,"כיף כף פצפצים בגביע 135 גרם ""עלית""",שולן צ'\יקולטה גידה סאן.,,,"י""ח",135,ל גרם,false,1,9.90,7.33,true,1,
7290106728127,false,חלב טבעי בקבוק 1ליטר 3.6%,"שטראוס גרופ ***בע""מ",,,"י""ח",1,ליטר,false,1,7.70,7.70,true,1,
7290107280020,false,שלישיית מטליות לחות לניקוי כללי סנו סושי 50 יחידות,החברה הדרומית לשיווק בעמ,,,"י""ח",1,,false,1,18.90,18.90,false,1,
7290107280099,false,שלישיית מגובנים נשטפים באסלה סופט סוד 48 יחידות,החברה הדרומית לשיווק בעמ,,,"י""ח",3,"י""ח",false,1,15.90,5.30,false,1,
7290107280129,false,סנו סושי 20 שקיות אשפה חזקות גדולות XXL,החברה הדרומית לשיווק בעמ,,,"י""ח",1,,false,1,23.90,23.90,false,1,
7290107280341,false,ריצפז מטליות לחות לניקוי הרצפה בניחוח מלון מפנק,החברה הדרומית לשיווק בעמ,,,"י""ח",1,,false,1,12.90,12.90,false,1,
7290107280549,false,"סנו - K400 קוטל זבובים ויתושים 300 מ""ל",החברה הדרומית לשיווק בעמ,,,"י""ח",300,"ל מ""ל",false,1,10.90,3.63,false,1,
7290107280563,false,סנו אוקסיג`ן ג`ל לכביסה בייבי 3 ל`,החברה הדרומית לשיווק בעמ,,,"י""ח",3,ליטר,false,1,29.90,9.97,false,1,
7290107280570,false,סנו - מקסימה ג'ל כביסה מרוכז לכביסה צבעונית 3 ליטר,החברה הדרומית לשיווק בעמ,,,"י""ח",3,ליטר,false,1,29.60,9.87,false,1,
7290107280655,false,אבקת כביסה Baby לתינוקות ולעור רגיש,החברה הדרומית לשיווק בעמ,,,"י""ח",3.25,"ק""ג",false,1,31.90,9.82,false,1,
7290107280716,false,מלח למדיח להגנה מפני אבנית סנו ספארק Spark,החברה הדרומית לשיווק בעמ,,,"י""ח",2,"ק""ג",false,1,12.90,6.45,false,1,
7290107280723,false,נוזל לניקוי כלים סנו ספארק Spark בניחוח לימון רענן,החברה הדרומית לשיווק בעמ,,,"י""ח",700,"ל מ""ל",false,1,10.90,1.56,false,1,
7290107280747,false,נוזל לניקוי כלים סנו ספארק Spark קלאסי,החברה הדרומית לשיווק בעמ,,,"י""ח",700,"ל מ""ל",false,1,10.90,1.56,false,1,
7290107280754,false,נוזל כלים סנו ספארק Spark היפואלרגני פריחת השקד,החברה הדרומית לשיווק בעמ,,,"י""ח",700,"ל מ""ל",false,1,10.90,1.56,false,1,
7290107280761,false,נוזל לניקוי כלים בניחוח לימון רענן סנו ספארק Spark,החברה הדרומית לשיווק בעמ,,,"י""ח",1,ליטר,false,1,12.90,12.90,false,1,
7290107280815,false,"K 301דוחה תיקנים ונמלים 300 מ""ל",החברה הדרומית לשיווק בעמ,,,"י""ח",300,"ל מ""ל",false,1,11.90,3.97,false,1,
7290107469692,false,קומקום חשמלי נירוסטה 1.8 ל`,אוהב ציון בעמ (מבצעים),,,"י""ח",1,,false,1,49.90,49.90,false,1,
7290107644488,false,בייגל בייגל בייגלה שמיניות עם מלח 255 ג,יוניליוור ישראל שיווק בע`מ,,,"י""ח",255,ל גרם,false,1,5.90,2.31,false,1,
7290107645584,false,אבקת מרק עוף אמיתי רכיבים טבעיים 400 גרם - רבנות,יוניליוור ישראל שיווק בע`מ,,,"י""ח",400,ל גרם,false,1,24.90,6.23,true,1,
7290107645591,false,אבקת מרק בטעם עוף 100% רכיבים טבעיים 400 גרם,יוניליוור ישראל שיווק בע`מ,,,"י""ח",400,ל גרם,false,1,14.90,3.73,false,1,
7290107646062,false,אבקת מרק בצל רכיבים טבעיים קנור 400 ג',יוניליוור ישראל שיווק בע`מ,,,"י""ח",400,ל גרם,false,1,22.90,5.73,true,1,
7290107646147,false,"חטיף שוגי קורנפלקס תלמה 156 גרם מארז 6 יחידות בד""צ",יוניליוור ישראל שיווק בע`מ,,,"י""ח",156,ל גרם,false,1,13.90,8.91,false,1,
7290107646154,false,"חטיף קוקומן פצפוצים תלמה 126 גרם מארז 6 יחידות בד""צ","יוניליוור ישראל שיווק בע""מ",,,"י""ח",156,ל גרם,false,1,13.90,8.91,false,1,
7290107646376,false,סיף מטליות לחות לניקוי כללי בניחוח לימון,יוניליוור ישראל שיווק בעמ,,,"י""ח",1,"י""ח",false,1,8,8,false,1,
7290107646383,false,סיף מטליות לחות לניקוי רצפות בניחוח לימו,יוניליוור ישראל שיווק בעמ,,,"י""ח",1,"י""ח",false,1,10,10,false,1,
7290107646826,false,"חטיף שוגי שוקו תלמה 156 גרם מארז 6 יחידות בד""צ","יוניליוור ישראל שיווק בע""מ",,,"י""ח",156,ל גרם,false,1,13.90,8.91,false,1,
7290107646833,false,"חטיף שוגי פצפוצים תלמה 138 גרם מארז 6 יחידות בד""צ",יוניליוור ישראל שיווק בע`מ,,,"י""ח",138,ל גרם,false,1,13.90,10.07,false,1,
7290107646963,false,מיונז מתובל עם פלפל צ`ילי 250 גרם,יוניליוור ישראל שיווק בע`מ,,,"י""ח",250,ל גרם,false,1,9.90,3.96,false,1,
7290107646970,false,"מיונז תלמה איולי שום 273 גר בד""ץ",יוניליוור ישראל שיווק בע`מ,,,"י""ח",250,ל גרם,false,1,9.90,3.96,false,1,
7290107647359,false,דומסטוס סבון אסלה 5 הפועלות בניחות אוקיינוס 3 יח' * 55 ג',יוניליוור ישראל שיווק בע`מ,,,"י""ח",165,"ל מ""ל",false,1,16,9.70,false,1,
7290107647366,false,דומסטוס סבון אסלה 5 הפועלות בניחות ליים 3 יח' * 55 ג',"יוניליוור ישראל שיווק בע""מ",,,"י""ח",165,"ל מ""ל",false,1,16,9.70,false,1,
7290107647731,false,קוקומן חום לבן 20% פחות סוכר 375 גרם ב,יוניליוור ישראל שיווק בע`מ,,,"י""ח",375,ל גרם,false,1,19.90,5.31,true,1,
7290107647816,false,"ברנפלקס ללא תוספת סוכר תלמה בד""ץ 500 גרם","יוניליוור ישראל שיווק בע""מ",,,"י""ח",500,ל גרם,false,1,19.90,3.98,false,1,
7290107647854,false,"שוגי מופחת סוכר תלמה 500 ג' בד""צ",יוניליוור ישראל שיווק בע`מ,,,"י""ח",500,ל גרם,false,1,19.90,3.98,true,1,
7290107648943,false,"ברנפלקס קרנצ'ים מייפל תלמה 375 גרם בד""צ","יוניליוור ישראלשיווק בע""מ",,,"י""ח",400,ל גרם,false,1,19.90,4.98,false,1,
7290107649094,false,בייגלה מקלות ארוכים שומשום ב.בייגל 150 גר',יוניליוור ישראל שיווק בע`מ,,,"י""ח",150,ל גרם,false,1,6.10,4.07,false,1,
7290107649100,false,בייגלה טבעות שומשום 300 גרם.,"יוניליוור ישראל שיווק בע""מ",,,"י""ח",300,ל גרם,false,1,11.90,3.97,true,1,
7290107649605,false,קליק אקסטרא לארג שוקולד חלב עם פתיתי תירס ודגנים,יוניליוור ישראל שיווק בע`מ,,,"י""ח",100,ל גרם,false,1,5.90,5.90,true,1,
7290107649858,false,טילון סופר מגנום וניל ושוקלד לבן,"מיוצר ע""\י גלידת שטראוס",,,"י""ח",85,ל גרם,false,1,10,11.76,true,1,
7290107870047,false,טילון אקסטרים115-120 גרם ענק נסטלה 120 גרם,נגה גלידות שותפות מוגבלת,,,"י""ח",115,ל גרם,false,1,9.90,8.61,true,1,
7290107871297,false,אוסם - מיני פריכונים עשבי תיבול 25 גרם,קבוצת אוסם סחר שותפות מוגבלת,,,"י""ח",25,ל גרם,false,1,5.30,21.20,false,1,
7290107871990,false,פסטה צינורות מהדרין אסם (500 גרם),קבוצת אוסם סחר שותפות מוגבלת,,,"י""ח",500,ל גרם,false,1,6.90,1.38,true,1,
7290107874427,false,מיני פריכונים בטעם זעתר אסם (25 גרם),קבוצת אוסם סחר שותפות מוגבלת,,,"י""ח",25,ל גרם,false,1,5.30,21.20,false,1,
7290107874502,false,ביסלי גריל קדמ. מארז אחיד 10 4*55 גרם,קבוצת אוסם סחר שותפות מוגבלת,,,"י""ח",210,ל גרם,false,1,12.90,6.14,true,1,
7290107875158,false,במבה קלאסי מארז 4 יח' *60ג' אסם,קבוצת אוסם סחר-שות.מוגבלת,,,"י""ח",240,ל גרם,false,1,14.70,6.13,true,1,
7290107875271,false,ביסלי ברביקיו קדמ. מארז אחיד10 4*55 גרם,קבוצת אוסם סחר שותפות מוגבלת,,,"י""ח",210,ל גרם,false,1,12.90,6.14,true,1,
7290107875400,false,גלידה לה קרמריה פיסטוק מוקה 1.4 ל' נסטלה,נגה גלידות שותפות מוגבלת,,,"י""ח",1.40,ליטר,false,1,19.90,14.21,false,1,
7290107875820,false,קרוטונים אפויים בתיבול ביתי אוסם 180 ג',קבוצת אוסם סחר שותפות מוגבלת,,,"י""ח",250,ל גרם,false,1,12.90,5.16,false,1,
7290107877619,false,מארז במבה במילוי קרם נוגט 5*30ג' אסם,קבוצת אוסם סחר שותפות מוגבלת,,,"י""ח",150,ל גרם,false,1,14.90,9.93,true,1,
7290107879132,false,פריכיות פיטנס מיני פריכיות שוקולד חלב 22 ג',קבוצת אוסם סחר שותפות מוגבלת,,,"י""ח",100,ל גרם,false,1,5.90,5.90,false,1,
7290107879620,false,קרחון שרבט מלון תפוח לה פרוטה נסטלה 70 גרם,גלידות נסטלה )נגה גלידות,,,"י""ח",70,ל גרם,false,1,6.90,9.86,true,1,
7290107879668,false,קרחון שרבט תות לה פרוטה נסטלה 70 גרם,נגה גלידות שותפות מוגבלת,,,"י""ח",70,ל גרם,false,1,7.90,11.29,true,1,
7290107879699,false,קרחון שרבט מנגו לה פרוטה נסטלה 70 גרם,גלידות נסטלה )נגה גלידות,,,"י""ח",70,ל גרם,false,1,7.90,11.29,true,1,
7290107879712,false,שלגון לה פרוטה פירות אדומים 70 גרם,גלידות נסטלה,,,"י""ח",70,ל גרם,false,1,6.90,9.86,true,1,
7290107930321,false,קונפיטורת דובדבן יד מרדכי (340 גרם),"שטראוס גרופ בע""מ",,,"י""ח",250,ל גרם,false,1,13.60,5.44,true,1,
7290107931397,false,כיף כף פצפוצים במילוי שוקולד 40 גרם,שולן צ'\יקולטה גידה סאן.,,,"י""ח",40,ל גרם,false,1,4.90,12.25,true,1,
7290107932080,false,חלב 3% מועשר בבקבוק יטבתה (1 ליטר),שטראוס גרופ בעמ/מצונן,,,"י""ח",1,ליטר,false,1,7.70,7.70,true,1,
7290107932134,false,חלב מועשר 1% בבקבוק יטבתה (1 ליטר),שטראוס גרופ בעמ/מצונן,,,"י""ח",1,ליטר,false,1,7.70,7.70,true,1,
7290107932974,false,דוריטוס אמזונס פלאפל 80ג,"שטראוס פריטו ליי בע""מ",,,"י""ח",80,ל גרם,false,1,2.90,3.63,true,1,
7290107933315,false,חלב דל לקטוז 2% בקבוק 1ליטר,"שטראוס גרופ ***בע""מ",,,"י""ח",1,ליטר,false,1,7.70,7.70,true,1,
7290107936958,false,עד חצות ביסקוויט אצבעות שוקולד 125 גרם,ביסקוויטס טור ד'\אלבון,,,"י""ח",66,ל גרם,false,1,9.90,15,true,1,
7290107936965,false,עיגולים עד חצות עם שוקולד חלב 225 גר,ביסקווטרי עוגיות סנט,,,"י""ח",66,ל גרם,false,1,13.90,21.06,true,1,
7290107937542,false,משקה יוגורט אקטיביה עם תות 1.2% שומן,שטראוס גרופ בעמ/מצונן,,,"י""ח",250,"ל מ""ל",false,1,5,2,true,1,
7290107937627,false,מסטיק מאסט Must קוביות ללא סוכר בטעם מנטה עדינה,שטראוס גרופ בע`מ,,,"י""ח",66,ל גרם,false,1,9.90,15,true,1,
7290107937634,false,צנצנית מסטיק מאסט קוביות פפירמינט 58 ג' עלית,"שטראוס גרופ בע""מ",,,"י""ח",66,ל גרם,false,1,9.90,15,true,1,
7290107937641,false,צנצנת קוביות בזוקה גומי לעיסה 58גר,אסקום קונפקשיין,,,"י""ח",66,ל גרם,false,1,9.90,15,true,1,
7290107937856,false,קפסולות 11חזק למכונות נספרסו עלית 10יח',הנסיך- מפעל לייצור ט,,,"י""ח",50,ל גרם,false,1,19.90,39.80,true,1,
7290107940030,false,"חומוס אחלה מופחת שומן 650 גרם ""אחלה""","שטראוס גרופ ***בע""מ",,,"י""ח",500,ל גרם,false,1,8.90,1.78,true,1,
7290107943192,false,"שמנת חמוצה מהערבה 27% שומן 200 מ""ל יטבתה",שטראוס גרופ בעמ/מצונן,,,"י""ח",200,"ל מ""ל",false,1,3.90,1.95,true,1,
7290107943369,false,קוואקר שיבולת שועל ללא גלוטן 511 גר'.,שטראוס פריטו ליי בע`מ,,,"י""ח",511,ל גרם,false,1,18.90,3.70,true,1,
7290107944243,false,אפיפיות בטעם שוקולד 200 גרם כשר לפסח,"שטראוס גרופ בע""\מ",,,"י""ח",200,ל גרם,false,1,9.90,4.95,true,1,
7290107944472,false,סימפוניה גבינה במרקם שמנת 5% שום שמיר,שטראוס גרופ בעמ/מצונן,,,"י""ח",200,ל גרם,false,1,10.90,5.45,true,1,
7290107945165,false,קונפיטורת משמש יד מרדכי 340 גרם,אף.סי תבליני בגליל ב,,,"י""ח",340,ל גרם,false,1,13.60,4,true,1,
7290107951104,false,בפלות ופלים ארוכים בטעם שוקולד,"שטראוס גרופ בע""\מ",,,"י""ח",200,ל גרם,false,1,4.90,2.45,true,1,
7290107951111,false,בפלות ופלים ארוכים בטעם לימון,שטראוס גרופ בע`מ,,,"י""ח",200,ל גרם,false,1,4.90,2.45,true,1,
7290107951715,false,צנצנת מסטיק מאסט קוביות בטעם ענבים 58 ג' עלית,"שטראוס גרופ בע""מ",,,"י""ח",66,ל גרם,false,1,9.90,15,true,1,
7290107953559,false,"מארז קפה טורקי עלית לדרך כשל""פ 168 גרם",הנסיך- מפעל לייצור ט,,,"י""ח",168,ל גרם,false,1,18.90,11.25,true,1,
7290107954709,false,"קונפיטורת פירות יער ""יד מרדכי"" 340 גר'",שטראוס גרופ בע`מ,,,"י""ח",340,ל גרם,false,1,13.60,4,true,1,
7290107954976,false,משקה חלב PRO עם קפה 1.5% 25 גרם חלבון בבקבוק,שטראוס גרופ בעמ/מצונן,,,"י""ח",350,ל גרם,false,1,6.50,1.86,true,1,
7290107956901,false,קפסולות בטעם אגוזים למכונת נספרסו עלית 10 יחידות,שטראוס קפה בי.וי.,,,"י""ח",50,ל גרם,false,1,19.90,39.80,true,1,
7290107956925,false,קפסולות 13 אוגנדה למכונת נספרסו עלית 10יח',שטראוס קפה בי.וי.,,,"י""ח",50,ל גרם,false,1,19.90,39.80,true,1,
7290107957069,false,"מסטיק ע""למה ""בטעם אוכניות 66 גרם צנצנת ""עלית""","שטראוס גרופ בע""\מ",,,"י""ח",66,ל גרם,false,1,9.90,15,true,1,
7290107957076,false,"מסטיק ""עלמה"" בטעם ספירמנט 66 גרם צנצנת ""עלית""","שטראוס גרופ בע""\מ",,,"י""ח",66,ל גרם,false,1,11.40,17.27,true,1,
7290107957229,false,שוקולד צ'יפס מריר מעולה לאפיה עלית 250 ג',"שטראוס גרופ בע""מ",,,"י""ח",180,ל גרם,false,1,12.90,7.17,true,1,
7290107957991,false,מילקי CAKE מיניס קרם חלב בציפוי שוקולד חלב שקית 16X9ג',בובארד איטליה אס.פי.איי,,,"י""ח",144,ל גרם,false,1,13.90,9.65,true,1,
7290107958035,false,יוגורט במתיקות מעודנת 2% ללא תוספת סוכר- מארז 8 יח,שטראוס גרופ בעמ/מצונן,,,"י""ח",1.20,ליטר,false,1,18.50,15.42,true,1,
7290107958639,false,מטבוחה מרוקאית חריפה 400גר,מיוצר עי קונדיטוריית,,,"י""ח",400,ל גרם,false,1,14.90,3.73,true,1,
7290107971751,false,מי פה קולגייט טוטל ללא אלכוהול פפרמינט,יבואן ומשווק: ש. שסט,,,"י""ח",500,"ל מ""ל",false,1,29.90,5.98,true,1,
7290107973311,false,קולגייט מברשת שיניים 360 פחם זהב זוג,הנסיך- מפעל לייצור ט,,,"י""ח",1,,false,1,24.90,24.90,true,1,
7290107973793,false,שימורי עגבניות שלמות 400 ג' מאסטר שף,פראנו אריקו ופיגלי ס,,,"י""ח",400,ל גרם,false,1,5.90,1.48,false,1,
7290107973809,false,שימורי עגבניות קוביות 400 ג' מאסטר שף,פראנו אריקו ופיגלי ס.פ.א,,,"י""ח",400,ל גרם,false,1,5.90,1.48,false,1,
7290107973861,false,מאסטר שף עגבניות קצוצות דק שלישיה 400ג*3 כשלפ,קונסרזיו קאסאלאסקו ד,,,"י""ח",1.20,"ק""ג",false,1,15.90,13.25,false,1,
7290107974066,false,"עלי טורטיה קמח מלא 20ס""מ 8יח' מאסטר שף 320ג'",אלקאטי קורביישיסי גי,,,"י""ח",320,ל גרם,false,1,9.90,3.09,false,1,
7290107974073,false,מנה עלי טורטיה קמח לבן מ.שף 20 סמ 320 גר,אלקאטי קורביישיסי גי,,,"י""ח",320,ל גרם,false,1,10.90,3.41,false,1,
7290107974080,false,עלי טורטיה קמח לבן 744 גר`מנה מאסטר שף,אלקאטי קורביישיסי גי,,,"י""ח",740,ל גרם,false,1,15.90,2.15,false,1,
7290107974806,false,"אורז בסגנון בסמטי 1ק""ג מאסטר שף",דווה סינג שיהם סינג,,,"י""ח",1,"ק""ג",false,1,10.90,10.90,false,1,
7290107974813,false,"אורז יסמין 1 ק""ג מאסטר שף",טאומי אינטרפרייד,,,"י""ח",1,"ק""ג",false,1,10.90,10.90,false,1,
7290107974820,false,ממרח בטעם ספייסי מיונז מאסטר שף 250 גרם,רמיה סי.וי.הולנד,,,"י""ח",253,ל גרם,false,1,7.90,3.12,false,1,
7290107974837,false,ממרח מתובל שום 253 גר מנה מאסטר שף,רמיה סי.וי.הולנד,,,"י""ח",253,ל גרם,false,1,7.90,3.12,false,1,
7290107975346,false,ספיד סטיק - דאודורנט ג'ל לגבר כוח הטבע 85 גרם,קולגייט-פלמוליב,,,"י""ח",1,"י""ח",false,1,24.90,24.90,true,1,
7290107975360,false,ליידי ספיד סטיק פיור פרשנס ג'ל נשים 65ג',ליידי ספיד סטיק Lady Speed Stick,,,"י""ח",1,"י""ח",false,1,19.90,19.90,true,1,
7290107975544,false,"קולגייט משחת שיניים סמיילס ברבי לגילאי 6 50מ""ל",קולגייט- פלמוליב,,,"י""ח",66,ל גרם,false,1,11.90,18.03,false,1,
7290107976848,false,פלמוליב סבון מוצק קמומיל רביעייה 360 ג,קולגייט-פלמוליב,,,"י""ח",360,ל גרם,false,1,16.90,4.69,true,1,
7290107978323,false,איטריות דקיקות מאסטר שף 400 גרם,הדקלאים אגודת שיתופי,,,"י""ח",400,ל גרם,false,1,5.90,1.48,true,1,
7290107978330,false,איטריות דקות מאסטר שף 400 גרם,הדקלאים אגודת שיתופי,,,"י""ח",400,ל גרם,false,1,5.90,1.48,true,1,
7290107978347,false,איטריות בינוניות מאסטר שף 400 גרם,הדקלאים אגודת שיתופי,,,"י""ח",400,ל גרם,false,1,5.90,1.48,true,1,
7290107978453,false,חטיף בטעם גריל קראנצ,ש. שסטוביץ בע`מ,,,"י""ח",55,ל גרם,false,1,3.50,6.36,true,1,
7290107978460,false,קראנצ וס פלאפל 60ג חדש,ש. שסטוביץ בע`מ,,,"י""ח",60,ל גרם,false,1,3.50,5.83,true,1,
7290107978637,false,משחת שיניים לחניכיים רגישות,קולגייט פלמוליב,,,"י""ח",75,"ל מ""ל",false,1,18.90,25.20,false,1,
7290108070309,false,שקית בלונים פסטל מעורב צבעים-100 יח,שמחה זה אנחנו,,,"י""ח",1,,false,1,21.90,21.90,false,1,
7290108079357,false,מארז בלונים על מקל לניפוח עצמי HAPPY BIRTHDAY - כסף,שמחה זה אנחנו בעמ,,,"י""ח",1,,false,1,29.90,29.90,false,1,
7290108090338,false,עגבניה תמר,ביכורי השדה צפון 1994 ג.ד. בעמ,,,"ק""ג",1,,true,1,4.90,4.90,false,1,
7290108201284,false,איירוויק מקלות ריחניים בניחוח לבנדר מתוק,רקיט בנקיזר (ניר איסט) בעמ,,,"י""ח",30,"ל מ""ל",false,1,14.90,49.67,true,1,
7290108201437,false,"אבקת כביסה קולון 101 2.5 ק""ג",רקיט בנקיזר (ניר איסט) בעמ,,,"י""ח",2.50,"ק""ג",false,1,23.90,9.56,false,1,
7290108201802,false,"ספריי דטול לחיטוי בניחוח כביסה 400 מ""ל",רקיט בנקיזר (ניר איסט) בעמ,,,"י""ח",400,"ל מ""ל",false,1,19.90,4.98,true,1,
7290108201871,false,קולון קפסולות גל לכביסה 42 יחידות,רקיט בנקיזר (ניר איסט) בעמ,,,"י""ח",42,"י""ח",false,1,39.90,0.95,false,1,
7290108350203,false,"סנו סושי כריות קרצוף+ספוג מקציף 6 יחידות 12X9 ס""מ",החברה הדרומית לשיווק בעמ,,,"י""ח",1,,false,1,9.90,9.90,false,1,
7290108350210,false,סנו סושי 30 שקיות אשפה XL חזקות במיוחד,החברה הדרומית לשיווק בעמ,,,"י""ח",1,,false,1,24.90,24.90,false,1,
7290108350258,false,נייר טואלט דו שכבתי ארוך פי 3 - מארז 12 גלילים,החברה הדרומית לשיווק בעמ,,,"י""ח",84.64,מטר,false,1,39.90,0.47,false,1,
7290108350531,false,סנו ספארק נוזל כלים בניחוח קלאסי עם משאבה 1 ל',מיוצר עי קונדיטוריית,,,"י""ח",1,ליטר,false,1,12.90,12.90,false,1,
7290108350548,false,סנו ספארק נוזל כלים בניחוח לבנדר עם משאבה 1 ל',החברה הדרומית לשיווק בעמ,,,"י""ח",1,ליטר,false,1,12.90,12.90,false,1,
7290108350555,false,נוזל כלים סנו ספארק Spark היפואלרגני פריחת השקד,החברה הדרומית לשיווק בעמ,,,"י""ח",1,ליטר,false,1,12.90,12.90,false,1,
7290108350586,false,נוזל לניקוי כלים סנו ספארק Spark בניחוח לימון רענן,החברה הדרומית לשיווק בעמ,,,"י""ח",1.50,ליטר,false,1,15.90,10.60,false,1,
7290108350616,false,סנו - מקסימה מרכך כביסה מרוכז פריחה כחולה 1 ליטר,החברה הדרומית לשיווק בעמ,,,"י""ח",1,ליטר,false,1,17.90,17.90,false,1,
7290108350623,false,מרכך כביסה סופר מרוכז סופט סילק מקסימה 1 ל' סנו,החברה הדרומית לשיווק בעמ,,,"י""ח",1,ליטר,false,1,17.90,17.90,false,1,
7290108351149,false,ג'ל ניקוי כללי בתוספת אבקת סודה ריח כביסה סנו ג'ט 1.5 ליטר,החברה הדרומית לשיווק בעמ,,,"י""ח",1.50,ליטר,false,1,15.90,10.60,false,1,
7290108351156,false,ג'ל ניקוי כללי בתוספת חומץ בריח לבנדר סנו ג'ט 1.5 ליטר,החברה הדרומית לשיווק בעמ,,,"י""ח",1.50,ליטר,false,1,15.90,10.60,false,1,
7290108351507,false,מרכך כביסה אינספרישיין סנו מקסימה 4 ליטר,החברה הדרומית לשיווק בעמ,,,"י""ח",4,ליטר,false,1,21.90,5.48,false,1,
7290108351514,false,מרכך כביסה בלו בלוסום סנו מקסימה 4 ליטר,החברה הדרומית לשיווק בעמ,,,"י""ח",4,ליטר,false,1,21.90,5.48,false,1,
7290108351552,false,"סנו - ג'ט לניקוי כללי בתוספת חומץ בניחוח לבנדר 750 מ""ל",החברה הדרומית לשיווק בעמ,,,"י""ח",750,"ל מ""ל",false,1,16.90,2.25,false,1,
7290108351569,false,מבשם ומרכך למייבש כביסה Baby לתינוקות ולעור רגיש,החברה הדרומית לשיווק בעמ,,,"י""ח",750,"ל מ""ל",false,1,17.90,2.39,true,1,
7290108351583,false,"סנו - ג'ט פלוס חומץ ג'ל לניקוי אסלות לבנדר 750 מ""ל",החברה הדרומית לשיווק בעמ,,,"י""ח",750,"ל מ""ל",false,1,9.90,1.32,true,1,
7290108351590,false,"סנופרש הום בלו בלוסון בניחוח מרכך כביסה 350 מ""ל",החברה הדרומית לשיווק בעמ,,,"י""ח",350,"ל מ""ל",false,1,11.90,3.40,false,1,
7290108351613,false,סנו ריצפז פרש הום 2 ליטר בניחוח מלון חלומי,החברה הדרומית לשיווק בעמ,,,"י""ח",1.45,ליטר,false,1,21.90,15.10,false,1,
7290108351804,false,מרכך כביסה סופר מרוכז Gentl Breeze סנו מקסימה 1 ליטר,החברה הדרומית לשיווק בעמ,,,"י""ח",1,ליטר,false,1,17.90,17.90,false,1,
7290108351811,false,מרכך כביסה סופר מרוכז Floral touch סנו מקסימה 1 ליטר,החברה הדרומית לשיווק בעמ,,,"י""ח",1,ליטר,false,1,17.90,17.90,false,1,
7290108351835,false,מרכך כביסה Pure Sensation סנו מקסימה 4 ליטר,החברה הדרומית לשיווק בעמ,,,"י""ח",4,ליטר,false,1,21.90,5.48,false,1,
7290108352009,false,סנו ספארק קפסולות למדיח כלים 50 יחידות,החברה הדרומית לשיווק בעמ,,,"י""ח",50,"י""ח",false,1,39.90,0.80,false,1,
7290108352054,false,אורביטול - צמד מברשות שיניים 980 + חוט דנטלי במתנה,החברה הדרומית לשיווק בעמ,,,"י""ח",1,,false,1,19.90,19.90,false,1,
7290108352061,false,משחת שיניים Go White אורביט 145 גרם עם פחם,טרופיקל דגיל תעשיות קוסמ,,,"י""ח",145,ל גרם,false,1,10.90,7.52,true,1,
7290108352078,false,"אורביטול שטיפת פה 500 מ""ל Protective Salt",החברה הדרומית לשיווק בעמ,,,"י""ח",500,"ל מ""ל",false,1,24.90,4.98,true,1,
7290108352207,false,מקסימה 40 קפסולות לכביסה בניחוח fresh burst,החברה הדרומית לשיווק בעמ,,,"י""ח",40,"י""ח",false,1,39.90,1,false,1,
7290108352214,false,סנו - מקסימה קפסולות כביסה בניחוח בריזה מרעננת 40 יח',החברה הדרומית לשיווק בעמ,,,"י""ח",40,"י""ח",false,1,39.90,1,false,1,
7290108352221,false,סנופרש הום מבשם נוזלי בניחוח מלון מפנק,החברה הדרומית לשיווק בעמ,,,"י""ח",350,"ל מ""ל",false,1,11.90,3.40,false,1,
7290108352320,false,"מבשם אויר סנו פרש הום בניחוח כותנה מלטפת 350 מ""ל",החברה הדרומית לשיווק בעמ,,,"י""ח",350,"ל מ""ל",false,1,11.90,3.40,false,1,
7290108352337,false,"מטהר אויר פרש הום אוטומטיק מלון מפנק 250 מ""ל",החברה הדרומית לשיווק בעמ,,,"י""ח",165,ל גרם,false,1,13.90,8.42,false,1,
7290108352344,false,"פרש מבשם אויר אוטומטי בניחוח לבנדר סנו 250 מ""ל",החברה הדרומית לשיווק בעמ,,,"י""ח",165,ל גרם,false,1,13.90,8.42,false,1,
7290108352368,false,תוסף לחיטוי כביסה 99.9% סנו מקסימה 3 ל',החברה הדרומית לשיווק בעמ,,,"י""ח",3,ליטר,false,1,29.90,9.97,false,1,
7290108352399,false,ריצפז פרש הום בניחוח מרכך כביסה פלורל טאצ',החברה הדרומית לשיווק בעמ,,,"י""ח",1.45,ליטר,false,1,21.90,15.10,false,1,
7290108352443,false,סנובון מוצק לניקוי אסלה כחול סנו 3 יחידות,החברה הדרומית לשיווק בעמ,,,"י""ח",165,ל גרם,false,1,17.90,10.85,true,1,
7290108352450,false,ריצפז פרש הום בניחוח מרכך כביסה בלו בלוסום,החברה הדרומית לשיווק בעמ,,,"י""ח",1.45,ליטר,false,1,21.90,15.10,false,1,
7290108352481,false,מטהר אויר סנומוד נרסיסוס נטול גז 150,החברה הדרומית לשיווק בעמ,,,"י""ח",150,"ל מ""ל",false,1,10.90,7.27,false,1,
7290108352511,false,"מקסימה לניקוי וחיטוי מכונת כביסה שקית 500 מ""ל",החברה הדרומית לשיווק בעמ,,,"י""ח",500,"ל מ""ל",false,1,11.90,2.38,false,1,
7290108352535,false,דפי בישום לחים למייבש הכביסה בניחוח מרכך כביסה 20 יח' מקסימה,החברה הדרומית לשיווק בעמ,,,"י""ח",750,"ל מ""ל",false,1,12.90,1.72,true,1,
7290108352566,false,מרכך כביסה בבישום עוצמתי 4 ל' סנו מקסינה,החברה הדרומית לשיווק בעמ,,,"י""ח",4,ליטר,false,1,21.90,5.48,false,1,
7290108352573,false,מרכך כביסה סנו מקסימה בבישום עוצמתי 4 ליטר,החברה הדרומית לשיווק בעמ,,,"י""ח",4,ליטר,false,1,21.90,5.48,false,1,
7290108352689,false,כריות קרצוף ללכלוך קשה סנו סושי 9 יחידות,החברה הדרומית לשיווק בעמ,,,"י""ח",1,,false,1,9.90,9.90,false,1,
7290108352702,false,סנו סופט שלישיית מגבוני טואלט נשטפים בוב ספוג 48 יחידות,החברה הדרומית לשיווק בעמ,,,"י""ח",3,"י""ח",false,1,16.90,5.63,false,1,
7290108352825,false,ספוג הפלא נירוסטה סנו סושי 3יח',החברה הדרומית לשיווק בעמ,,,"י""ח",1,,false,1,11.90,11.90,false,1,
7290108352849,false,שלישיית מטליות הפלא לניקוי כללי דקור סנו סושי,החברה הדרומית לשיווק בעמ,,,"י""ח",3,"י""ח",false,1,14.90,4.97,false,1,
7290108352863,false,סנו סושי שקיות צלייה 20יח' מידה L,החברה הדרומית לשיווק בעמ,,,"י""ח",10,"י""ח",false,1,7.90,0.79,false,1,
7290108352870,false,סנו סושי שקיות צלייה 10יח' מידה XL,החברה הדרומית לשיווק בעמ,,,"י""ח",10,"י""ח",false,1,7.90,0.79,false,1,
7290108352900,false,מגבות נייר בגליל כפול סנו סושי 12=6 גלילים,החברה הדרומית לשיווק בעמ,,,"י""ח",84.64,מטר,false,1,24.90,0.29,false,1,
7290108353068,false,ספוג הפלא נירוסטה עם סיבי קירצוף סנו סושי 2 יח',החברה הדרומית לשיווק בעמ,,,"י""ח",1,,false,1,11.90,11.90,false,1,
7290108353075,false,מפיות אירוח גדולות ועבות סנו סושי 50 יחידות,החברה הדרומית לשיווק בעמ,,,"י""ח",50,"י""ח",false,1,11.90,0.24,false,1,
7290108353099,false,ממחטות אף במארז ניילון סנו סופט 5 יח' * 100 דף,החברה הדרומית לשיווק בעמ,,,"י""ח",500,"י""ח",false,1,11.90,0.02,false,1,
7290108353426,false,צמד מברשות שיניים לחניכיים ושיניים רגישות,יבואן ומשווק: ש. שסט,,,"י""ח",1,,false,1,19.90,19.90,false,1,
7290108353440,false,אורביטול מברשות שיניים נאנו לחניכיים 2יח,החברה הדרומית לשיווק בעמ,,,"י""ח",1,,false,1,29.90,29.90,false,1,
7290108353495,false,אורביטול - חוט דנטאלי 50 מטר בתוספת שעווה ופלואוריד,החב הדרומית לשיווק,,,"י""ח",50,מטר,false,1,9.90,0.20,false,1,
7290108353501,false,"שקיות אשפה ענקיות עם ידיות ענקיות 75*90 ס""מ סנו סושי 25 יחידות",החברה הדרומית לשיווק בעמ,,,"י""ח",1,,false,1,19.90,19.90,false,1,
7290108353655,false,"סנו סושי - 50 מפיות אירוח איכותיות גדולות ועבות 3 שכבות לבנות """,החברה הדרומית לשיווק בעמ,,,"י""ח",50,"י""ח",false,1,11.90,0.24,false,1,
7290108353716,false,"קרמה - תחליב רחצה חימר פיטאיה 500 מ""ל",החברה הדרומית לשיווק בעמ,,,"י""ח",500,"ל מ""ל",false,1,13.90,2.78,false,1,
7290108353754,false,"קרם גוף קרמה אשכולית ולמון גראס 500 מ""ל",החב הדרומית לשיווק,,,"י""ח",500,"ל מ""ל",false,1,24.90,4.98,false,1,
7290108353792,false,"נקה 7 - תחליב רחצה יפן בניחוח פריחת הדובדבן 750 מ""ל",החברה הדרומית לשיווק בעמ,,,"י""ח",750,"ל מ""ל",false,1,9.90,1.32,false,1,
7290108353808,false,"תחליב רחצה מדגסקר נקה 7 בניחוח אמבר 750 מ""ל",החברה הדרומית לשיווק בעמ,,,"י""ח",750,"ל מ""ל",false,1,9.90,1.32,false,1,
7290108353815,false,"תחליב רחצה מדיטציה בניחוח פצ'ולי לבנדר+משאבה 600 מ""ל",החב. הדרומית לשיווק,,,"י""ח",600,"ל מ""ל",false,1,17.90,2.98,false,1,
7290108353839,false,סושי כפפות ניטריל שחורות 80 יחידות M,החברה הדרומית לשיווק בעמ,,,"י""ח",80,"י""ח",false,1,29.90,0.37,false,1,
7290108353846,false,סושי כפפות ניטריל שחורות 80 יחידות L,החברה הדרומית לשיווק בעמ,,,"י""ח",80,"י""ח",false,1,29.90,0.37,false,1,
7290108353891,false,"קרמה - דאודורנט רול און לאישה קרמה מאסק 75 מ""ל",החברה הדרומית לשיווק בעמ,,,"י""ח",75,"ל מ""ל",false,1,12.90,17.20,false,1,
7290108353907,false,"קרמה - דאודורנט רול און לאישה קרמה קלאסי 75 מ""ל",החברה הדרומית לשיווק בעמ,,,"י""ח",75,"ל מ""ל",false,1,12.90,17.20,false,1,
7290108353983,false,"קרמה - קרם גוף קרמה קלאסי 500 מ""ל",החברה הדרומית לשיווק בעמ,,,"י""ח",500,"ל מ""ל",false,1,24.90,4.98,false,1,
7290108353990,false,"קרמה - קרם גוף קרמה מאסק 500 מ""ל",החברה הדרומית לשיווק בעמ,,,"י""ח",500,"ל מ""ל",false,1,24.90,4.98,false,1,
7290108354034,false,"סבון ידיים קרמה חמאת שיאה וקוקוי 300 מ""ל",החברה הדרומית לשיווק בעמ,,,"י""ח",300,"ל מ""ל",false,1,10.40,3.47,true,1,
7290108354065,false,קרמה מן גל רחצה פילינג 700 מל לגבר,החברה הדרומית לשיווק בעמ,,,"י""ח",700,"ל מ""ל",false,1,19.90,2.84,false,1,
7290108354157,false,קרליין - נושם מגבוני דיאורדורנט סאן רייס כתום,החב הדרומית לשיווק,,,"י""ח",20,"י""ח",false,1,9.90,0.50,false,1,
7290108354164,false,"כיף שלישיית אל סבון קטיפתי מועשר בשמנים 3*500 מ""ל",החברה הדרומית לשיווק בעמ,,,"י""ח",1.50,ליטר,false,1,18.90,12.60,false,1,
7290108354270,false,מרכך כביסה מרוכז בבישום עוצמתי 1 ל' סנו מקסימה,החברה הדרומית לשיווק בעמ,,,"י""ח",1,ליטר,false,1,17.90,17.90,false,1,
7290108354355,false,סנו מגבוני היגיינים לניקוי הידיים 70 % אלכוהול 20 יח',החברה הדרומית לשיווק בעמ,,,"י""ח",1,,false,1,9.90,9.90,false,1,
7290108354430,false,"כיף שמפו לשיקום והזנה,שמן קוקוס וקרטין 700 מ""ל",החברה הדרומית לשיווק בעמ,,,"י""ח",700,"ל מ""ל",false,1,13.90,1.99,false,1,
7290108354461,false,קרליין 10 שמפו חימר לכל סוגי השיער 700 מ,החב הדרומית לשיווק,,,"י""ח",700,"ל מ""ל",false,1,13.90,1.99,true,1,
7290108354478,false,קרליין 10 מרכך חימר לכל סוגי השיער 700 מ,החב הדרומית לשיווק,,,"י""ח",700,"ל מ""ל",false,1,13.90,1.99,true,1,
7290108354492,false,"קרליין שמפו 10 לשיער שמן ארגן 700 מ""ל",החברה הדרומית לשיווק בעמ,,,"י""ח",700,"ל מ""ל",false,1,13.90,1.99,true,1,
7290108354591,false,"תחליב רחצה בניחוח מי קקטוס ושמן באבאסו 750 מ""ל נקה 7",החברה הדרומית לשיווק בעמ,,,"י""ח",750,"ל מ""ל",false,1,11.90,1.59,false,1,
7290108354607,false,"שמפו בניחוח מי קקטוס ושמן באבאסו 750 מ""ל נקה 7",החברה הדרומית לשיווק בעמ,,,"י""ח",750,"ל מ""ל",false,1,11.90,1.59,false,1,
7290108354614,false,"מרכך בניחוח מי קקטוס ושמן באבאסו 750 מ""ל נקה 7",החברה הדרומית לשיווק בעמ,,,"י""ח",750,"ל מ""ל",false,1,11.90,1.59,false,1,
7290108354621,false,"מסיכה לשיער לחות מוגברת עם אפרסק וחמאת מורומורו 500 מ""ל כיף",החברה הדרומית לשיווק בעמ,,,"י""ח",500,"ל מ""ל",false,1,24.90,4.98,false,1,
7290108354720,false,סנו פרש הום מקלות FRESH lady COCO,החב הדרומית לשיווק,,,"י""ח",750,"ל מ""ל",false,1,21.90,2.92,false,1,
7290108354768,false,"קרם גוף קרמה דבש 500 מ""ל",החברה הדרומית לשיווק בעמ,,,"י""ח",500,"ל מ""ל",false,1,24.90,4.98,false,1,
7290108354782,false,"קרם גוף קרמה ג'ינג'ר ולמון גראס 500 מ""ל",החב הדרומית לשיווק,,,"י""ח",500,"ל מ""ל",false,1,24.90,4.98,false,1,
7290108355000,false,שמפו לילדים מיניונים נקה 7 (750 מל),החברה הדרומית לשיווק בעמ,,,"י""ח",750,"ל מ""ל",false,1,10.90,1.45,false,1,
7290108355017,false,מרכך לילדים מיניונים נקה 7 (750 מל),החברה הדרומית לשיווק בעמ,,,"י""ח",750,"ל מ""ל",false,1,10.90,1.45,false,1,
7290108355024,false,"נקה 7 שמפו ומרכך לילדים מיניונים 750 מ""ל",החברה הדרומית לשיווק בעמ,,,"י""ח",750,"ל מ""ל",false,1,10.90,1.45,false,1,
7290108355031,false,"נקה 7 אל סבון לילדים מיניונים 750 מ""ל",החברה הדרומית לשיווק בעמ,,,"י""ח",750,"ל מ""ל",false,1,10.90,1.45,false,1,
7290108355154,false,נקה 7 שמפו לשיער שמני הזנה 750 מל,החברה הדרומית לשיווק בעמ,,,"י""ח",750,"ל מ""ל",false,1,12.90,1.72,false,1,
7290108355161,false,"מרכך שיער שמני הזנה 750 מ""ל נקה 7",החברה הדרומית לשיווק בעמ,,,"י""ח",750,"ל מ""ל",false,1,12.90,1.72,false,1,
7290108355178,false,"קרמה - קרם ידיים חמאת שיאה וקוקוי 100 מ""ל",החברה הדרומית לשיווק בעמ,,,"י""ח",100,"ל מ""ל",false,1,9.90,9.90,true,1,
7290108355802,false,"תחליב רחצה קרמה ורד ווניל 700 מ""ל",החברה הדרומית לשיווק בעמ,,,"י""ח",700,ל גרם,false,1,17.90,2.56,false,1,
7290108356106,false,כיף תחליב רחצה חלב שקדים 700 מל,החברה הדרומית לשיווק בעמ,,,"י""ח",750,"ל מ""ל",false,1,13.90,1.85,false,1,
7290108356113,false,תחליב רחצה כיף ניחוח דבש 700 מל,החברה הדרומית לשיווק בעמ,,,"י""ח",750,"ל מ""ל",false,1,13.90,1.85,false,1,
7290108356137,false,תחליב רחצה כיף ניחוח לבנדר 700 מל,החברה הדרומית לשיווק בעמ,,,"י""ח",750,"ל מ""ל",false,1,13.90,1.85,false,1,
7290108356151,false,תחליב רחצה כיף ניחוחמאסק יסמין 700 מל,החברה הדרומית לשיווק בעמ,,,"י""ח",750,"ל מ""ל",false,1,13.90,1.85,false,1,
7290108356229,false,ג'ל גילוח לכל סוגי העור מועשר בפחם פעיל,החברה הדרומית לשיווק בעמ,,,"י""ח",200,"ל מ""ל",false,1,10.90,5.45,false,1,
7290108356397,false,"כיף תחליב רחצה בניחוח מלבי מפנק 700 מ""ל",החב הדרומית לשיווק,,,"י""ח",700,"ל מ""ל",false,1,13.90,1.99,false,1,
7290108356403,false,"כיף תחליב רחצה בניחוח עוגת חד קרן 700 מ""ל",החברה הדרומית לשיווק בעמ,,,"י""ח",700,"ל מ""ל",false,1,13.90,1.99,false,1,
7290108356489,false,"כיף - תחליב רחצה אפרסק וחמאת מורומורו 700 מ""ל",החברה הדרומית לשיווק בעמ,,,"י""ח",750,"ל מ""ל",false,1,13.90,1.85,false,1,
7290108356519,false,קרליין שמפו 10למניעת קשקשים 700מל,החברה הדרומית לשיווק בעמ,,,"י""ח",700,"ל מ""ל",false,1,14.90,2.13,true,1,
7290108356526,false,"קרליין - שמפו 10 לשיער יבש 700 מ""ל",החברה הדרומית לשיווק בעמ,,,"י""ח",700,"ל מ""ל",false,1,14.90,2.13,true,1,
7290108356540,false,קרוליין 10 שמפו לשיער צבוע 700 מל,החברה הדרומית לשיווק בעמ,,,"י""ח",700,"ל מ""ל",false,1,14.90,2.13,true,1,
7290108356564,false,"קרליין - מרכך 10 לשיער רגיל 700 מ""ל",החברה הדרומית לשיווק בעמ,,,"י""ח",700,"ל מ""ל",false,1,14.90,2.13,true,1,
7290108356571,false,"קרליין - מרכך 10 לשיער יבש 700 מ""ל",החברה הדרומית לשיווק בעמ,,,"י""ח",700,"ל מ""ל",false,1,14.90,2.13,true,1,
7290108356717,false,"כיף לגבר ULTRA POWER שמפו גל רחצה 700מ""",החב הדרומית לשיווק,,,"י""ח",700,"ל מ""ל",false,1,12.90,1.84,false,1,
7290108356724,false,"כיף לגבר COOL SPORT שמפו גל רחצה 700מ""ל",החב הדרומית לשיווק,,,"י""ח",700,"ל מ""ל",false,1,12.90,1.84,false,1,
7290108356809,false,סבון בוטני ורד ומרווה לניקוי וטיפוח הידיים טבעוני 1 ל' כיף,החברה הדרומית לשיווק בעמ,,,"י""ח",1,ליטר,false,1,15.90,15.90,false,1,
7290108356854,false,מגבונים לחים בניחוח עדין - 5 יחידות במארז,החברה הדרומית לשיווק בעמ,,,"י""ח",1,,false,1,19.90,19.90,false,1,
7290108356861,false,מגבוני בייבי כיף ללא בישום מארז חמישייה,החברה הדרומית לשיווק בעמ,,,"י""ח",1,,false,1,19.90,19.90,false,1,
7290108357004,false,כיף שמפו ורד ושמן קוקוי לרכות וברק,החברה הדרומית לשיווק בעמ,,,"י""ח",700,"ל מ""ל",false,1,13.90,1.99,false,1,
7290108357011,false,כיף קונדישינר לשיער שמן קוקוי 700 מל,החברה הדרומית לשיווק בעמ,,,"י""ח",700,"ל מ""ל",false,1,13.90,1.99,false,1,
7290108357028,false,"תחליב רחצה כיף ורד ושמן קוקוי 700 מ""ל",החברה הדרומית לשיווק בעמ,,,"י""ח",700,"ל מ""ל",false,1,13.90,1.99,false,1,
7290108357059,false,"קרליין - נושם ביו דאודורנט רול און 75 מ""ל Secret Garden לאישה",החברה הדרומית לשיווק בעמ,,,"י""ח",75,ל גרם,false,1,12.90,17.20,false,1,
7290108357080,false,"קרליין - נושם ביו דאודורנט ספריי 150 מ""ל Secret Garden לאישה",החברה הדרומית לשיווק בעמ,,,"י""ח",150,"ל מ""ל",false,1,12.90,8.60,false,1,
7290108357097,false,"קרליין - נושם ביו דאודורנט ספריי 150 מ""ל Velvet Rose לאישה",החברה הדרומית לשיווק בעמ,,,"י""ח",150,"ל מ""ל",false,1,12.90,8.60,false,1,
7290108357110,false,"קרליין - נושם ביו דאודורנט רול און 75 מ""ל Valvet Rose לאישה",החברה הדרומית לשיווק בעמ,,,"י""ח",75,ל גרם,false,1,12.90,17.20,false,1,
7290108357189,false,"מבשם ומרכך למייבש הכביסה מקסימה פלורל 750 מ""ל סנו",החברה הדרומית לשיווק בעמ,,,"י""ח",750,"ל מ""ל",false,1,17.90,2.39,true,1,
7290108357202,false,סנוקליר לניקוי בניחוח בלו בלוסום 1 ליטר,החברה הדרומית לשיווק בעמ,,,"י""ח",1,ליטר,false,1,11.90,11.90,false,1,
7290108357226,false,"אוקסיגן POWER אבקה לכביסה לבנה והסרת כתמים 1.4 ק""ג סנו",החברה הדרומית לשיווק בעמ,,,"י""ח",1.40,"ק""ג",false,1,31.90,22.79,false,1,
7290108357233,false,סנו קליר מטליות לחות לניקוי והברקה 50 יח,החברה הדרומית לשיווק בעמ,,,"י""ח",1,,false,1,19.90,19.90,false,1,
7290108357240,false,"אוקסיג'ן פאוור תוסף להסרת כתמים קשים 1.4 ק""ג",החברה הדרומית לשיווק בעמ,,,"י""ח",1.40,"ק""ג",false,1,31.90,22.79,false,1,
7290108357257,false,סנו - פרש מכשיר אוטומטי לבישום אוויר בתוספת מילוי אולטרא פרש,החברה הדרומית לשיווק בעמ,,,"י""ח",350,"ל מ""ל",false,1,44.90,12.83,false,1,
7290108357264,false,"פרש אוטומטי מילוי בניחוח מרכך הכביסה אולטרה 375 מ""ל סנו",החברה הדרומית לשיווק בעמ,,,"י""ח",165,ל גרם,false,1,13.90,8.42,false,1,
7290108357271,false,סנובון ג'ל לניקוי אסלות עם חמצן פעיל לניקוי עוצמתי,החברה הדרומית לשיווק בעמ,,,"י""ח",750,"ל מ""ל",false,1,10.90,1.45,false,1,
7290108357288,false,אקונומיקה ז'אוול בניחוח פריחה לבנה 4 ל' סנו,החברה הדרומית לשיווק בעמ,,,"י""ח",4,ליטר,false,1,17.90,4.48,false,1,
7290108357295,false,"מרסס אוקסיג'ן מסיר כתמים סנו לכביסה לבנה 750 מ""ל",החברה הדרומית לשיווק בעמ,,,"י""ח",750,"ל מ""ל",false,1,17.70,2.36,false,1,
7290108357301,false,"סנו - K300 קוטל חרקים תיקנים ונמלים 300 מ""ל",החברה הדרומית לשיווק בעמ,,,"י""ח",300,"ל מ""ל",false,1,10.90,3.63,false,1,
7290108357318,false,אוקסיגן 540ג אבקה להסרת כתמים,החב הדרומית לשיווק,,,"י""ח",540,ל גרם,false,1,16.90,3.13,false,1,
7290108357325,false,אוקסיגן 540ג אבקה להסרת כתמים,החב הדרומית לשיווק,,,"י""ח",540,ל גרם,false,1,16.90,3.13,false,1,
7290108357417,false,"קרמה - קרם גוף קרמה ורד ווניל 500 מ""ל",החברה הדרומית לשיווק בעמ,,,"י""ח",500,"ל מ""ל",false,1,24.90,4.98,false,1,
7290108357424,false,"קרם גוף קרמה נרולי ומגנוליה 500 מ""ל",החברה הדרומית לשיווק בעמ,,,"י""ח",500,"ל מ""ל",false,1,24.90,4.98,false,1,
7290108357431,false,"קרם גוף קרמה בריזת ים 500 מ""ל",החברה הדרומית לשיווק בעמ,,,"י""ח",500,"ל מ""ל",false,1,24.90,4.98,false,1,
7290108357448,false,"קרמה - קרם גוף קרמה לבנדר ואקליפטוס 500 מ""ל",החברה הדרומית לשיווק בעמ,,,"י""ח",500,"ל מ""ל",false,1,24.90,4.98,false,1,
7290108357493,false,"תחליב רחצה קרמה וניל ופלפל ורוד 700 מ""ל",החברה הדרומית לשיווק בעמ,,,"י""ח",700,ל גרם,false,1,17.90,2.56,false,1,
7290108357509,false,"קרם גוף קרמה וניל ופלפל ורוד 500 מ""ל",החברה הדרומית לשיווק בעמ,,,"י""ח",500,"ל מ""ל",false,1,24.90,4.98,false,1,
7290108357516,false,"קרמה - סבון ידיים וניל ופלפל ורוד 500 מ""ל",החברה הדרומית לשיווק בעמ,,,"י""ח",500,"ל מ""ל",false,1,12.90,2.58,false,1,
7290108357578,false,"קרם ידיים קרמה וניל ופלפל ורוד 100מ""ל",החב הדרומית לשיווק,,,"י""ח",100,"ל מ""ל",false,1,9.90,9.90,true,1,
7290108357653,false,סנובון ג'ל לאסלה שלישיה בניחוח אוקיינוס,החברה הדרומית לשיווק בעמ,,,"י""ח",65,"ל מ""ל",false,1,15.90,24.46,false,1,
7290108357660,false,סנובון Bubbles שלישיית כדוריות ג'ל אסלה ניחוח לבנדר,החברה הדרומית לשיווק בעמ,,,"י""ח",65,"ל מ""ל",false,1,15.90,24.46,false,1,
7290108357707,false,"כיף שמפו לשיער רגיל- תפוח זרעי צ'יה 700 מ""ל",החברה הדרומית לשיווק בעמ,,,"י""ח",700,"ל מ""ל",false,1,13.90,1.99,false,1,
7290108357714,false,"כיף שמפו לשיער יבש -רימונים ושמן ארגן 700 מ""ל",החברה הדרומית לשיווק בעמ,,,"י""ח",700,"ל מ""ל",false,1,13.90,1.99,false,1,
7290108357769,false,"מרכך לשיער רגיל תפוח וזרעי צ'יה 700 מ""ל כיף",החברה הדרומית לשיווק בעמ,,,"י""ח",700,"ל מ""ל",false,1,13.90,1.99,false,1,
7290108357776,false,"כיף מרכך לשיער יבש -רימונים ושמן ארגן 700 מ""ל",החברה הדרומית לשיווק בעמ,,,"י""ח",700,"ל מ""ל",false,1,13.90,1.99,false,1,
7290108357806,false,"כיף מרכך לשיער מעוצב בחום קרטין וחמאה שיאה 700 מ""ל",החברה הדרומית לשיווק בעמ,,,"י""ח",700,"ל מ""ל",false,1,13.90,1.99,false,1,
7290108357868,false,"כיף - ג'ל רחצה אליקסיר אויל מועשר בשמן מקדמיה 700 מ""ל",החברה הדרומית לשיווק בעמ,,,"י""ח",700,"ל מ""ל",false,1,13.90,1.99,false,1,
7290108357875,false,"כיף - שמפו לחות מוגברת עם אפרסק וחמאת מורומורו 700 מ""ל",החברה הדרומית לשיווק בעמ,,,"י""ח",700,"ל מ""ל",false,1,13.90,1.99,false,1,
7290108357882,false,"כיף - מרכך לחות מוגברת עם אפרסק וחמאת מורומורו 700 מ""ל",החברה הדרומית לשיווק בעמ,,,"י""ח",700,"ל מ""ל",false,1,13.90,1.99,false,1,
7290108358087,false,"תחליב רחצה מאסק קרמה 700מ""ל.",החברה הדרומית לשיווק בעמ,,,"י""ח",700,ל גרם,false,1,17.90,2.56,false,1,
7290108358124,false,דפי בישום לחים למייבש הכביסה בניחוח מרכך כביסה 20 יח' מקסימה,טרופיגל דגיל תעשיות קוסמ,,,"י""ח",750,"ל מ""ל",false,1,12.90,1.72,true,1,
7290108359015,false,סושי שקיות זיפר עם סליידר 20 יח מדיום,החברה הדרומית לשיווק בעמ,,,"י""ח",1,,false,1,14.90,14.90,false,1,
7290108359084,false,סנו סושי כיסוי ניילון עם גומי 30 יחידות M,החברה הדרומית לשיווק בעמ,,,"י""ח",1,"י""ח",false,1,10.90,10.90,false,1,
7290108359145,false,סנו סושי דפי ספוג הפלא 12 יח`,החברה הדרומית לשיווק בעמ,,,"י""ח",1,,false,1,10.90,10.90,false,1,
7290108359176,false,סופט ממחטות אף צמד בשקית לושן 3 שכבות,החברה הדרומית לשיווק בעמ,,,"י""ח",650,ל גרם,false,1,13.90,2.14,true,1,
7290108359183,false,שקית אשפה חזקות 70*50 60 יח' סנו סושי,החברה הדרומית לשיווק בעמ,,,"י""ח",1,"י""ח",false,1,22.90,22.90,false,1,
7290108359190,false,סנו סושי מגבות נייר בגליל כפול פי 3,החברה הדרומית לשיווק בעמ,,,"י""ח",126.96,מטר,false,1,24.90,0.20,false,1,
7290108359824,false,"כיף - בייבי כיף קרם 500 מ""ל",החברה הדרומית לשיווק בעמ,,,"י""ח",500,"ל מ""ל",false,1,19.90,3.98,false,1,
7290108359831,false,בייבי שמן לתינוק לעור עדין כיף (500 מל),החברה הדרומית לשיווק בעמ,,,"י""ח",500,"ל מ""ל",false,1,19.90,3.98,false,1,
7290108359855,false,"שמפו אל דמע בייבי כיף+משאבה 750 מ""ל",החברה הדרומית לשיווק בעמ,,,"י""ח",750,"ל מ""ל",false,1,17.90,2.39,false,1,
7290108359879,false,"אלסבון בייבי כיף+משאבה 750 מ""ל",החברה הדרומית לשיווק בעמ,,,"י""ח",750,"ל מ""ל",false,1,17.90,2.39,false,1,
7290108359893,false,"תחליב רחצה בייבי כיף+משאבה 750 מ""ל",החברה הדרומית לשיווק בעמ,,,"י""ח",750,"ל מ""ל",false,1,17.90,2.39,false,1,
7290108359985,false,סנו - ז'אוול מרסס קצף לניקוי וחינו בניחוח פריחה לבנה 1 ליטר,החברה הדרומית לשיווק בעמ,,,"י""ח",1,ליטר,false,1,19.90,19.90,false,1,
7290108500677,false,כבד דג שיבוט בשמן דג וילי פוד 115 גרם,ג. וילי-פוד אינטרנשיונל בע`מ,,,"י""ח",115,ל גרם,false,1,9.50,8.26,true,1,
7290108501346,false,גבינה מגורדת גאודה 28% שומן EURO CHEESE ויליפוד 500 גרם,ג.וילי-פוד אינטרנשיונל **גבינו,,,"י""ח",500,ל גרם,false,1,24.90,4.98,false,1,
7290108501353,false,פילה אנשובי אמיתי ארוך בשמן וילי פוד 45,ג. וילי-פוד אינטרנשיונל בע`מ,,,"י""ח",45,ל גרם,false,1,6.90,15.33,false,1,
7290108501650,false,חתיכות אננס בסירופ קל רביעיה 113ג',ג.וילי פוד אינטרנשיונל בעמ,,,"י""ח",452,ל גרם,false,1,12.90,2.85,false,1,
7290108501827,false,קדאיף שערות בצק ויליפוד 450 גרם,ג.וילי-פוד אינטרנשיונל **גבינו,,,"י""ח",450,ל גרם,false,1,19.90,4.42,false,1,
7290108502268,false,קרקרים במליחות מעודנת ויליפוד 250 גרם,ג. וילי-פוד אינטרנשיונל בע`מ,,,"י""ח",250,ל גרם,false,1,5.90,2.36,false,1,
7290108502329,false,רביעיית טונה בשמן זית ויליפוד 4*160 גרם,ג. וילי-פוד אינטרנשיונל בע`מ,,,"י""ח",640,ל גרם,false,1,26.90,4.20,false,1,
7290108502527,false,קרקרים במליחות מעודנת ויליפוד 500 גרם,ג.וילי פוד אינטרנשיונל בעמ,,,"י""ח",500,ל גרם,false,1,10.90,2.18,false,1,
7290108502725,false,גבינת גאודה פרוסות ויליפוד 400 גרם,ג.וילי-פוד אינטרנשיונל **גבינו,,,"י""ח",120,ל גרם,false,1,20.90,17.42,false,1,
7290108503975,false,פסטה איטליאנה קנלוני ויליפוד 250 גרם,ג. וילי-פוד אינטרנשיונל בע`מ,,,"י""ח",397,ל גרם,false,1,9.90,2.49,false,1,
7290108504699,false,רביעיית טונה בשמן קנולה פתח קל ויליפוד 4*160 גרם,ג.וילי-פוד אינטרנשיונל בעמ,,,"י""ח",1,,false,1,19.90,19.90,false,1,
7290108505490,false,דונאטס קפוא ויליפוד,ג.וילי פוד אינטרנשיונל בעמ,,,"י""ח",1,,false,1,5.90,5.90,true,1,
7290108506495,false,"כנאפה מאפה בצק ""שערות"" קדאיף וגבינה",ג.וילי-פוד אינטרנשיונל **גבינו,,,"י""ח",192,ל גרם,false,1,13.90,7.24,true,1,
7290108506532,false,גליליות וופל במילוי קרם בטעם אגוזי לוז 400ג' ויליפוד,ג. וילי-פוד אינטרנשיונל בע`מ,,,"י""ח",400,ל גרם,false,1,13.90,3.48,true,1,
7290108506549,false,גליליות וופל במילוי קרם וניל פינוקים 400 גרם,ג. וילי-פוד אינטרנשיונל בע`מ,,,"י""ח",400,ל גרם,false,1,13.90,3.48,true,1,
7290108509267,false,ארוחת פסטה עם רוטב גבינה ויליפוד 206 גרם,ג. וילי-פוד אינטרנשיונל בע`מ,,,"י""ח",206,ל גרם,false,1,7.90,3.83,true,1,
7290108509700,false,אורז פרסי 1 קג`DAAWAT וילי פוד,ג. וילי-פוד אינטרנשיונל בע`מ,,,"י""ח",1,"ק""ג",false,1,9.90,9.90,false,1,
7290108509755,false,EURO גבינת חלומי 23% שומן 250 גרם,ג.וילי-פוד אינטרנשיונל **גבינו,,,"י""ח",250,ל גרם,false,1,24.90,9.96,false,1,
7290108509908,false,"מנת השף בשקית-איטריות בטעם ירקות 85 ג' חתם סופר ב""ב",ג. וילי-פוד אינטרנשיונל בע`מ,,,"י""ח",85,ל גרם,false,1,3.90,4.59,true,1,
7290108509915,false,"מנת השף בשקית-איטריות בטעם סיני פיקנטי 85 ג' חתם סופר ב""ב",ג. וילי-פוד אינטרנשיונל בע`מ,,,"י""ח",85,ל גרם,false,1,3.90,4.59,true,1,
7290108509922,false,מנתהשף אטריות להכנה מהירה טעם עוף ויליפוד 85 גרם,ג. וילי-פוד אינטרנשיונל בע`מ,,,"י""ח",85,ל גרם,false,1,3.90,4.59,true,1,
7290108509939,false,פרוסות פילה טונה בשמן זית כתית מעולה,ג. וילי-פוד אינטרנשיונל בע`מ,,,"י""ח",120,ל גרם,false,1,12.90,10.75,true,1,
7290108509984,false,"רוטב סויה 300 מ""ל וילי פוד",ג.וילי-פוד אינטרנשיונל בעמ,,,"י""ח",300,ל גרם,false,1,8.90,2.97,false,1,
7290108509991,false,"רוטב טריאקי 300 מ""ל וילי פוד",ג.וילי-פוד אינטרנשיונל בעמ,,,"י""ח",300,ל גרם,false,1,8.90,2.97,false,1,
7290108970838,false,מטריה לנוער אוטו,ביג מול בעמ,,,"י""ח",1,,false,1,24.90,24.90,false,1,
7290109351025,false,מלך החומוס חומוסטחינה 40% טחינה גולמית,קבוצת אוסם סחר שותפות מוגבלת,,,"י""ח",400,ל גרם,false,1,15.80,3.95,true,1,
7290109351209,false,קרחון שרבט אננס תפוז לה פרוטה נסטלה 70 גרם,נגה גלידות שותפות מוגבלת,,,"י""ח",70,ל גרם,false,1,7.90,11.29,true,1,
7290109351957,false,פריכיות פיטנס מיני גדולות שוקולד חלב 100ג',קבוצת אוסם סחר שותפות מוגבלת,,,"י""ח",100,ל גרם,false,1,9.70,9.70,false,1,
7290109354996,false,פתי בר ללא גלוטן שוקו 200 גרם אסם,קבוצת אוסם סחר שותפות מוגבלת,,,"י""ח",200,ל גרם,false,1,12.90,6.45,true,1,
7290109355504,false,שלגון קראנץ וניל ליבת נוגט נסטלה 100 גרם,נגה גלידות שותפות מוגבלת,,,"י""ח",100,ל גרם,false,1,7,7,true,1,
7290109358482,false,עוגיות קרמוגית במילוי קרם בטעם חלבה,קבוצת אוסם סחר שותפות מוגבלת,,,"י""ח",200,ל גרם,false,1,11.90,5.95,true,1,
7290109358765,false,דגני בוקר קראנץ' רולס נוגט 450 גרם,קבוצת אוסם סחר-שות.מוגבלת,,,"י""ח",500,ל גרם,false,1,24.90,4.98,true,1,
7290109580012,false,המבורגר אנטריקוט קלאסי 360 גר`זוגלובק,זוגלובק שיווק בעמ,,,"י""ח",360,ל גרם,false,1,25.90,7.19,true,1,
7290109580043,false,"שניצל תירס קלאסי זוגלובק 1.75 ק""ג",נקניק זוגלובק נהריה,,,"י""ח",1.75,"ק""ג",false,1,49.90,28.51,false,1,
7290109580098,false,קבנוס בטעם סרירצ'ה זוגלובק 135 גרם,נקניק זוגלובק נהריה,,,"י""ח",135,ל גרם,false,1,12.50,9.26,false,1,
7290109580104,false,זוגלובק פרימיום רוסטביף 150 גרם,נקניק זוגלובק נהריה,,,"י""ח",150,ל גרם,false,1,22.90,15.27,false,1,
7290109580111,false,צלעות אסאדו מעושנות פרימיום זוגלובק 120 גרם,נקניק זוגלובק נהריה,,,"י""ח",120,ל גרם,false,1,22.90,19.08,false,1,
7290109580135,false,זוגלובק פרימיום קורנדביף 180 גרם,נקניק זוגלובק נהריה,,,"י""ח",180,ל גרם,false,1,22.90,12.72,false,1,
7290109580166,false,סרוולד קלאסי פרימיום 150 גרם זוגלובק,נקניק זוגלובק נהריה,,,"י""ח",150,ל גרם,false,1,22.90,15.27,false,1,
7290109580210,false,נקנקיות ריינהולד'ס הצרפתיה זוגלובק 300 ג',נקניק זוגלובק נהריה,,,"י""ח",300,ל גרם,false,1,19.90,6.63,false,1,
7290109580227,false,נקניקיות עוף ובקר בסגנון ברלינאי קאריוורסט,נקניק זוגלובק נהריה,,,"י""ח",300,ל גרם,false,1,19.90,6.63,false,1,
7290109580234,false,"נקניקיות מרגז חריפות וונדרס 0% בשר, טבעוני",זוגלובק שיווק בעמ ו/או וונדרס,,,"י""ח",226,ל גרם,false,1,29.90,13.23,false,1,
7290109580241,false,נאגטס מן הצומח זוגלובק 500 גרם,נקניק זוגלובק נהריה,,,"י""ח",0.50,"ק""ג",false,1,22.90,45.80,false,1,
7290109580272,false,סרוולד איטלקי פרמיום 150ג,זוגלובק שיווק בעמ,,,"י""ח",150,ל גרם,false,1,22.90,15.27,false,1,
7290109580302,false,מארז זוג תה מעושן 350+חזה עוף 350 זוגלובק,זוגלובק שיווק בעמ,,,"י""ח",700,ל גרם,false,1,31.90,4.56,false,1,
7290109580319,false,"בורגר וונדרס 0% בשר , טבעוני",זוגלובק שיווק בעמ ו/או וונדרס,,,"י""ח",280,ל גרם,false,1,29.90,10.68,true,1,
7290109580326,false,נקניקיות עוף זוגלובק 800 גרם בית יוסף,זוגלובק שיווק בעמ,,,"י""ח",800,ל גרם,false,1,24.90,3.11,false,1,
7290109580357,false,מארז זוג חרמון 300 +חרמון ברביקיו 300 גרם זוגלובק,זוגלובק שיווק בעמ,,,"י""ח",600,ל גרם,false,1,35.90,5.98,false,1,
7290109580432,false,פסטרמה חזה הודו מעושן דק דק זוגלובק 120 גרם,נקניק זוגלובק נהריה,,,"י""ח",120,ל גרם,false,1,13.90,11.58,true,1,
7290109580449,false,סלמי בטעם כמהין פרימיום זוגלובק 180 גרם,נקניק זוגלובק נהריה,,,"י""ח",180,ל גרם,false,1,24.90,13.83,false,1,
7290109580463,false,נאגטס פיקנטי 500ג,זוגלובק שיווק בעמ,,,"י""ח",0.50,"ק""ג",false,1,22.90,45.80,false,1,
7290109580470,false,"נאגטס מן הצומח 1ק""ג",זוגלובק שיווק בעמ,,,"י""ח",1,"ק""ג",false,1,37.90,37.90,false,1,
7290109580487,false,"חטיפי תירס 1ק""ג",זוגלובק שיווק בעמ,,,"י""ח",1,"ק""ג",false,1,37.90,37.90,false,1,
7290109840956,false,ציפסר 3 ליטר דגם DF30X ML-035,אליהו שיווק חשמל בעמ,,,"י""ח",1,,false,1,99,99,true,1,
7290109841588,false,מיקסר עומד 1000W,אליהו שיווק חשמל בעמ,,,"י""ח",1,,false,1,200,200,false,1,
7290109842790,false,פלטת שבת זכוכית 4סירים,אליהו שיווק חשמל בעמ,,,"י""ח",1,,false,1,99.90,99.90,false,1,
7290109843476,false,פלטת שבת אמאייל 4סירים,אליהו שיווק חשמל בעמ,,,"י""ח",1,,false,1,79.90,79.90,false,1,
7290109844732,false,מיחם שחור 50 כוסות /10ליטר,אליהו שיווק חשמל בעמ,,,"י""ח",1,,false,1,200,200,false,1,
7290109845036,false,"טלוויזיה 43"" סמארט",אליהו שיווק חשמל בעמ,,,"י""ח",1,,false,1,899,899,true,1,
7290109845043,false,"טלוויזיה 50"" סמארט",אליהו שיווק חשמל בעמ,,,"י""ח",1,,false,1,1200,1200,true,1,
7290109845050,false,"טלוויזיה 65"" סמארט",אליהו שיווק חשמל בעמ,,,"י""ח",1,,false,1,1800,1800,true,1,
7290109920146,false,"דורגול מסיר אבנית מקומקומים 750 מ""ל",יעקב יעקבי ובניו בע`מ,,,"י""ח",750,"ל מ""ל",false,1,19.90,2.65,false,1,
7290109920313,false,"אסטוניש מרסס לניקוי חלונות 750 מ""ל","יעקב יעקבי ובניו בע""מ",,,"י""ח",750,"ל מ""ל",false,1,16.90,2.25,true,1,
7290109920580,false,"מרסס עם אקונומיקה 750 מ""ל אסטוניש",יעקב יעקבי ובניו בע`מ,,,"י""ח",750,"ל מ""ל",false,1,16.90,2.25,true,1,
7290109920603,false,"אסטוניש קרם לניקוי המטבח 500 מ""ל",יעקב יעקבי ובניו בע`מ,,,"י""ח",500,"ל מ""ל",false,1,9.90,1.98,false,1,
7290109920818,false,אסטוניש נוזל לניקוי כללי לימון 1 ליטר,יעקב יעקבי ובניו בעמ,,,"י""ח",1,ליטר,false,1,10.90,10.90,false,1,
7290109920917,false,"ג'ל לניקוי אסלה עם כלור הפי 750 מ""ל","יעקב יעקבי ובניו בע""מ",,,"י""ח",750,"ל מ""ל",false,1,9.90,1.32,true,1,
7290109921075,false,"נוזל דזיטול מחטא בגדים בכביסה 500 מ""ל",יעקב יעקבי ובניו בעמ,,,"י""ח",500,"ל מ""ל",false,1,14.90,2.98,false,1,
7290109921280,false,נוזל ניקוי רצפות הפי גל דה לין 3 ל,יעקב יעקבי ובניו בעמ,,,"י""ח",3,ליטר,false,1,24.90,8.30,false,1,
7290109921372,false,אסטוניש משחה לניקוי תנורים וגריל+ספוג 250 גרם,"יעקב יעקבי ובניו בע""מ",,,"י""ח",250,"ל מ""ל",false,1,16.90,6.76,false,1,
7290109921488,false,"דורגול לניקוי וחיטוי מכונת הכביסה יעקבי 500 מ""ל","יעקב יעקבי ובניו בע""מ",,,"י""ח",500,"ל מ""ל",false,1,29.90,5.98,false,1,
7290109921853,false,אסטוניש המשחה המקורית לניקוי עם עוצמה,"יעקב יעקבי ובניו בע""מ",,,"י""ח",150,"ל מ""ל",false,1,14.90,9.93,false,1,
7290109921952,false,ג'ל כביסה סופרו אקטיב יעקובי ירוק 2.5 ליטר,יעקב יעקבי ובניו בעמ,,,"י""ח",3,ליטר,false,1,24.90,8.30,false,1,
7290109922843,false,האקונומיקה המובילה באירופה נוסחה ייחודית מרוכז 2 ל,יעקב יעקבי ובניו בעמ,,,"י""ח",2,ליטר,false,1,11.90,5.95,false,1,
7290109922867,false,2 in 1 - סופרו - ג'ל כביסה מרוכז עם מרכך יעקבי,"יעקב יעקבי ובניו בע""מ",,,"י""ח",400,"ל מ""ל",false,1,25.90,6.48,false,1,
7290109922881,false,דורגול מרסס מרוכז למטבח 600 מל,יעקב יעקבי ובניו בעמ,,,"י""ח",600,"ל מ""ל",false,1,24.90,4.15,false,1,
7290109923024,false,"אסטוניש - מרסס פרמיום ארומטיק למטבח 750 מ""ל",יעקב יעקבי ובניו בעמ,,,"י""ח",750,"ל מ""ל",false,1,14.90,1.99,false,1,
7290109923031,false,"אסטוניש מרסס פרימיום ארומטיק למקלחון 750 מ""ל","יעקב יעקבי ובניו בע""מ",,,"י""ח",750,"ל מ""ל",false,1,14.90,1.99,false,1,
7290109923048,false,"אסטוניש - מרסס פרמיום ארומטיק לכל הבית 750 מ""ל","יעקב יעקבי ובניו בע""מ",,,"י""ח",750,"ל מ""ל",false,1,14.90,1.99,false,1,
7290109923062,false,הפי מטליות גילדה לניקוי הבית,יעקב יעקבי ובניו בעמ,,,"י""ח",1,,false,1,18.90,18.90,false,1,
7290109923079,false,דזיטול נוזל מרוכז לחיטוי כללי ולרצפות 2 ליטר,יעקב יעקבי ובניו בעמ,,,"י""ח",2,ליטר,false,1,24.90,12.45,true,1,
7290109923109,false,סבון אסלה 5 צדפות +אקונומיקה 2 יח',יעקב יעקבי ובניו בעמ,,,"י""ח",500,"ל מ""ל",false,1,12.90,2.58,false,1,
7290109923147,false,אסטוניש מהדורה פרימיום פלא של אקונומיקה,יעקב יעקבי ובניו בע`מ,,,"י""ח",500,"ל מ""ל",false,1,14.90,2.98,false,1,
7290110001018,false,חמאה בוטנים מלוחה 350 גרם,בטר אנד דיפרנט בעמ,,,"י""ח",350,ל גרם,false,1,13.90,3.97,false,1,
7290110001315,false,קופסאות אחסון מארז 4יח 2ליטר,בטר אנד דיפרנט בעמ,,,"י""ח",4,"י""ח",false,1,14.90,3.73,false,1,
7290110001728,false,נתחי סויה לשווארמה 200ג,בטר אנד דיפרנט בעמ,,,"י""ח",200,ל גרם,false,1,7.90,3.95,false,1,
7290110001735,false,נאגטס סויה 200גר,בטר אנד דיפרנט בעמ,,,"י""ח",200,ל גרם,false,1,7.90,3.95,false,1,
7290110001995,false,קופסאות אחסון מלבנית 1ליטר מארז 4 יח`בשר,בטר אנד דיפרנט בעמ,,,"י""ח",4,"י""ח",false,1,11.90,2.98,false,1,
7290110002008,false,קופסאות אחסון מלבנית 1ל' חמישייה בשרי,בטר אנד דיפרנט בעמ,,,"י""ח",4,"י""ח",false,1,11.90,2.98,false,1,
7290110002039,false,חיטה תפוחה עם קקאו 400 גר(שלווה),בטר אנד דיפרנט בעמ,,,"י""ח",400,ל גרם,false,1,13.90,3.48,false,1,
7290110050467,false,"בקבוק שתייה דגם שקוף 700מ""ל ספיידרמן",שמחה זה אנחנו,,,"י""ח",1,,false,1,29.90,29.90,false,1,
7290110056117,false,מארז בלונים על מקל לניפוח עצמי i love yo,שמחה זה אנחנו בעמ,,,"י""ח",1,,false,1,29.90,29.90,false,1,
7290110110277,false,"סומרסבי סיידר תפוחים אלכוהולי 4*300 מ""ל",החברה המרכזית להפצת משקאות בעמ,,,"י""ח",1.32,ליטר,false,1,31.90,23.26,true,1,
7290110110352,false,בירה קרלסברג 0% אלכוהול בודד,החברה המרכזית להפצת משקאות בעמ,,,"י""ח",1.98,ליטר,false,1,28.90,13.69,false,1,
7290110110369,false,"שישייה בירה קרלסברג LUMA בקבוק 330 מ""ל",החברה המרכזית להפצת משקאות בעמ,,,"י""ח",1.98,ליטר,false,1,39.90,19.24,true,1,
7290110110635,false,ספרייט 0.5 ליים חייב פקדון,החברה המרכזית להפצת משקאות בעמ,,,"י""ח",500,"ל מ""ל",false,1,5.90,1.12,true,1,
7290110110659,false,"ספרייט לימון ליים פחית 330מ""ל",החברה המרכזית להפצת משקאות בעמ,,,"י""ח",330,"ל מ""ל",false,1,4.50,1.27,true,1,
7290110110703,false,מארז ספרייט שישייה פחיות FRIDGE PACK,החברה המרכזית להפצת משקאות בעמ,,,"י""ח",330,"ל מ""ל",false,1,23.90,6.70,false,1,
7290110111557,false,"משקה ספורט איזוטוני בטעם פירות 500 מ""ל פאוורייד",החברה המרכזית להפצת משקאות בעמ,,,"י""ח",500,"ל מ""ל",false,1,9.90,1.92,true,1,
7290110111564,false,"משקה ספורט איזוטוני בטעם הדרים ליין 500 מ""ל פאוורייד",החברה המרכזית להפצת משקאות בעמ,,,"י""ח",500,"ל מ""ל",false,1,9.90,1.92,true,1,
7290110113377,false,קוקה קולה 1 ליטר מארז רביעייה,החברה המרכזית להפצת משקאות בעמ,,,"י""ח",4,ליטר,false,1,29.90,7.18,false,1,
7290110113384,false,קוקה קולה זירו מארז רביעיה 1X4 ליטר,החברה המרכזית להפצת משקאות בעמ,,,"י""ח",4,ליטר,false,1,29.90,7.18,false,1,
7290110113476,false,בירה קרלסברג ללא אלכוהול - שישייה,החברה המרכזית להפצת משקאות בעמ,,,"י""ח",1.98,ליטר,false,1,28.90,13.69,false,1,
7290110114787,false,נביעות+ מים מינרליים בטעם תפוח 1.5 ליטר,החברה המרכזית להפצת משקאות בעמ,,,"י""ח",1.50,ליטר,false,1,9.20,5.93,false,1,
7290110114794,false,נביעות+ מים מינרליים בטעם אפרסק 1.5 ליטר,החברה המרכזית להפצת משקאות בעמ,,,"י""ח",1.50,ליטר,false,1,9.20,5.93,false,1,
7290110114800,false,נביעות+ מים מינרליים בטעם ענבים 1.5 ליטר,החברה המרכזית להפצת משקאות בעמ,,,"י""ח",1.50,ליטר,false,1,9.20,5.93,false,1,
7290110114817,false,נביעות פלוס רכיבי פרי מנגו 1.5 ליטר,החברה המרכזית להפצת משקאות בעמ,,,"י""ח",1.50,ליטר,false,1,9,5.80,false,1,
7290110114824,false,נביעות+רכיבי פרי אבטיח 1.5 ליטר פיקדון,החברה המרכזית להפצת משקאות בעמ,,,"י""ח",1.50,ליטר,false,1,9,5.80,false,1,
7290110114831,false,מים בטעם רכיבי פרי אננס 1.5 ל' נביעות,החברה המרכזית להפצת משקאות בעמ,,,"י""ח",1.50,ליטר,false,1,9,5.80,false,1,
7290110114855,false,"נביעות מים מינרליים, שישיה 6 * 1.5 ליטר פקדון",החברה המרכזית להפצת משקאות בעמ,,,"י""ח",9,ליטר,false,1,13,1.24,false,1,
7290110114893,false,מיץ תפוזים מפוסטר סחוט 2 ליטר,*החברה המרכזית להפצת משקאותבעמ,,,"י""ח",2,ליטר,false,1,28.90,14.30,false,1,
7290110114909,false,פריגת מיץ סחוט צלול 2 ליטר,*החברה המרכזית להפצת משקאותבעמ,,,"י""ח",2,ליטר,false,1,28.90,14.30,false,1,
7290110114916,false,מיץ סחוט לימונענע פריגת 2 ליטר,*החברה המרכזית להפצת משקאותבעמ,,,"י""ח",2,ליטר,false,1,28.90,14.30,false,1,
7290110114961,false,משקה קל בטעם תפוזים פריגת (1.5 ליטר),החברה המרכזית להפצת משקאות בעמ,,,"י""ח",1.50,ליטר,false,1,9,5.80,false,1,
7290110114985,false,משקה קל בטעם אשכוליות פריגת (1.5 ליטר),החברה המרכזית להפצת משקאות בעמ,,,"י""ח",1.50,ליטר,false,1,9,5.80,false,1,
7290110114992,false,משקה קל בטעם אשכוליות לייט פריגת (1.5 לי,החברה המרכזית להפצת משקאות בעמ,,,"י""ח",1.50,ליטר,false,1,8.50,5.47,false,1,
7290110115005,false,משקה קל בטעם ענבים פריגת (1.5 ליטר),החברה המרכזית להפצת משקאות בעמ,,,"י""ח",1.50,ליטר,false,1,9,5.80,false,1,
7290110115029,false,משקה קל בטעם תפוחים פריגת (1.5 ליטר),החברה המרכזית להפצת משקאות בעמ,,,"י""ח",1.50,ליטר,false,1,9,5.80,false,1,
7290110115036,false,משקה קל בטעם מנגו פריגת (1.5 ליטר),החברה המרכזית להפצת משקאות בעמ,,,"י""ח",1.50,ליטר,false,1,9,5.80,false,1,
7290110115043,false,משקה קל בטעם לימונענע פריגת (1.5 ליטר),החברה המרכזית להפצת משקאות בעמ,,,"י""ח",1.50,ליטר,false,1,9,5.80,false,1,
7290110115050,false,משקה קל בטעם תות בננה פריגת (1.5 ליטר),החברה המרכזית להפצת משקאות בעמ,,,"י""ח",1.50,ליטר,false,1,9,5.80,false,1,
7290110115180,false,נביעות מים מינרלים שקט 1.5 ליטר פיקדון,החברה המרכזית להפצת משקאות בעמ,,,"י""ח",1.50,ליטר,false,1,3.10,1.87,false,1,
7290110115203,false,קוקה קולה 1.5 ליטר פיקדון,החברה המרכזית להפצת משקאות בעמ,,,"י""ח",150,"ל מ""ל",false,1,8.90,5.73,false,1,
7290110115210,false,קוקה קולה דיאט 1.5 ליטר פיקדון,החברה המרכזית להפצת משקאות בעמ,,,"י""ח",1.50,ליטר,false,1,8.30,5.33,false,1,
7290110115227,false,קוקה קולה Zero בקבוק 1.5 ליטר פיקדון,החברה המרכזית להפצת משקאות בעמ,,,"י""ח",1.50,ליטר,false,1,8.80,5.67,false,1,
7290110115241,false,קוקה קולה דיאט לימון 1.5 ליטר פיקדון,החברה המרכזית להפצת משקאות בעמ,,,"י""ח",1.50,ליטר,false,1,8.60,5.53,false,1,
7290110115258,false,קוקה קולה זירו מנגו 1.5 ליטר פיקדון,החברה המרכזית להפצת משקאות בעמ,,,"י""ח",1.50,ליטר,false,1,8.30,5.33,false,1,
7290110115265,false,ספרייט לימון ליים 1.5 ליטר-,החברה המרכזית להפצת משקאות בעמ,,,"י""ח",1.50,ליטר,false,1,9,5.80,true,1,
7290110115272,false,ZERO ספרייט 1.5 ליטר פיקדון,החברה המרכזית להפצת משקאות בעמ,,,"י""ח",1.50,ליטר,false,1,9,5.80,true,1,
7290110115296,false,גזוז בטעם תפוז פאנטה 1.5 ליטר פיקדון,החברה המרכזית להפצת משקאות בעמ,,,"י""ח",1.50,ליטר,false,1,8.50,5.47,true,1,
7290110115302,false,משקה מוגז אורנג' זירו פאנטה 1.5 ליטר,החברה המרכזית להפצת משקאות בעמ,,,"י""ח",1.50,ליטר,false,1,8.30,5.33,true,1,
7290110115319,false,פאנטה אקזוטי פירות טרופיים 1.5ל פיקדון,החברה המרכזית להפצת משקאות בעמ,,,"י""ח",1.50,ליטר,false,1,8.50,5.47,true,1,
7290110115326,false,פאנטה אורנג`מנגו מוגז 1.5 ליטר פיקדון,החברה המרכזית להפצת משקאות בעמ,,,"י""ח",1.50,ליטר,false,1,8.50,5.47,true,1,
7290110115333,false,גזוז בטעם תות פאנטה 1.5 ליטר פיקדון,החברה המרכזית להפצת משקאות בעמ,,,"י""ח",1.50,ליטר,false,1,8.50,5.47,true,1,
7290110115340,false,פאנטה ענבים 1.5 ליטר פיקדון,החברה המרכזית להפצת משקאות בעמ,,,"י""ח",1.50,ליטר,false,1,8.50,5.47,true,1,
7290110115357,false,קינלי סודה 1.5 ליטר פיקדון,החברה המרכזית להפצת משקאות בעמ,,,"י""ח",1.50,ליטר,false,1,3.30,2,false,1,
7290110115364,false,קוקה קולה שישיות 1.5 ליטר פיקדון,החברה המרכזית להפצת משקאות בעמ,,,"י""ח",9,ליטר,false,1,49.90,5.34,false,1,
7290110115371,false,דיאט קוקה קולה שישיות 1.5 ליטר פיקדון,החברה המרכזית להפצת משקאות בעמ,,,"י""ח",9,ליטר,false,1,46.70,4.99,false,1,
7290110115388,false,ספרייט לימון ליים 1.5 ליטר מארז שישייה,החברה המרכזית להפצת משקאות בעמ,,,"י""ח",9,ליטר,false,1,49.90,5.34,false,1,
7290110115395,false,ספרייט זירו שישיות 1.5 ליטר פיקדון,החברה המרכזית להפצת משקאות בעמ,,,"י""ח",9,ליטר,false,1,46.90,5.01,false,1,
7290110115401,false,קינלי סודה שישייה 1.5 ליטר פיקדון,החברה המרכזית להפצת משקאות בעמ,,,"י""ח",9,ליטר,false,1,16.90,1.68,true,1,
7290110115418,false,קוקה קולה זירו 1.5 ליטר מארז שישייה,החברה המרכזית להפצת משקאות בעמ,,,"י""ח",9,ליטר,false,1,47.90,5.12,false,1,
7290110115425,false,FUZE TEA גרין לימונענע -נענע 1.5 ליטר פיקדון,החברה המרכזית להפצת משקאות בעמ,,,"י""ח",1.50,ליטר,false,1,9.50,6.13,true,1,
7290110115449,false,פיוז-טי תה מנגו אננס 1.5 ליטר פיקדון,החברה המרכזית להפצת משקאות בעמ,,,"י""ח",1.50,ליטר,false,1,9.50,6.13,true,1,
7290110115456,false,פיוז-טי תה אפרסק 1.5 ליטר 19 קל פיקדון,החברה המרכזית להפצת משקאות בעמ,,,"י""ח",1.50,ליטר,false,1,9.50,6.13,true,1,
7290110115463,false,פיוז-טי תה אפרסק 1.5 ליטר פיקדון,החברה המרכזית להפצת משקאות בעמ,,,"י""ח",1.50,ליטר,false,1,9.50,6.13,true,1,
7290110115487,false,רביעייה פיוז-טי אפרסק 1.5 ליטר פקדון,החברה המרכזית להפצת משקאות בעמ,,,"י""ח",6,ליטר,false,1,34.90,5.62,false,1,
7290110115494,false,תה קר בטעם ענבים פיוז טי 1.5 ליטר,החברה המרכזית להפצת משקאות בעמ,,,"י""ח",1.50,ליטר,false,1,9.50,6.13,true,1,
7290110115531,false,משקה מוגז תפוח זירו פאנטה 1.5 ליטר,החברה המרכזית להפצת משקאות בעמ,,,"י""ח",1.50,ליטר,false,1,8.30,5.33,true,1,
7290110115579,false,מארז רביעייה פאנטה אורנג' 1.5 ל',החברה המרכזית להפצת משקאות בעמ,,,"י""ח",6,ליטר,false,1,33,5.30,false,1,
7290110115586,false,פריגת תפוזים 40% פחות סוכר 1.5 ליטר פיקדון,החברה המרכזית להפצת משקאות בעמ,,,"י""ח",1.50,ליטר,false,1,9,5.80,false,1,
7290110115593,false,פריגת אשכוליות 40% פחות סוכר 1.5 ליטר פיקדון,החברה המרכזית להפצת משקאות בעמ,,,"י""ח",1.50,ליטר,false,1,9,5.80,false,1,
7290110115623,false,פיוז-טי תה אפרסק זירו 1.5 ליטר פיקדון,החברה המרכזית להפצת משקאות בעמ,,,"י""ח",1.50,ליטר,false,1,8.90,5.73,true,1,
7290110115913,false,"משקה ספורט איזוטוני זירו בטעם אננס 500 מ""ל פאוורייד",החברה המרכזית להפצת משקאות בעמ,,,"י""ח",500,"ל מ""ל",false,1,9.90,1.92,true,1,
7290110116040,false,פאנטה זירו פירות כחולים 1.5 ליטר.,החברה המרכזית להפצת משקאות בעמ,,,"י""ח",1.50,ליטר,false,1,8.50,5.47,true,1,
7290110116057,false,פאנטה ZERO פירות כחול 0.5ליטר,החברה המרכזית להפצת משקאות בעמ,,,"י""ח",500,"ל מ""ל",false,1,6.20,1.18,true,1,
7290110116064,false,פאנטה זירו בטעם פירות ירוק 1.5 ל פיקדון,החברה המרכזית להפצת משקאות בעמ,,,"י""ח",1.50,ליטר,false,1,8.50,5.47,true,1,
7290110116071,false,פאנטה ZERO פירות ירוק 0.5ליטר,החברה המרכזית להפצת משקאות בעמ,,,"י""ח",500,"ל מ""ל",false,1,6.20,1.18,true,1,
7290110116132,false,"סירופ פריגת בטעם לימון 750 מ""ל פיקדון",החברה המרכזית להפצת משקאות בעמ,,,"י""ח",750,"ל מ""ל",false,1,23.60,3.15,true,1,
7290110116149,false,"סירופ פריגת בטעם ענבים 750 מ""ל פיקדון",החברה המרכזית להפצת משקאות בעמ,,,"י""ח",750,"ל מ""ל",false,1,23.60,3.15,true,1,
7290110116194,false,נביעות+ סדרת 0 קלוריות לימון-ליים 1.5 ליטר,החברה המרכזית להפצת משקאות בעמ,,,"י""ח",1.50,ליטר,false,1,9.50,6.13,false,1,
7290110116217,false,נביעות+ סדרת 0 קלוריות אשכוליות 1.5 ליטר,החברה המרכזית להפצת משקאות בעמ,,,"י""ח",1.50,ליטר,false,1,9.50,6.13,false,1,
7290110116385,false,"פחיות סטפאני מרשמלו אבטיח תות זירו 330 מ""ל",החברה המרכזית להפצת משקאות בעמ,,,"י""ח",330,"ל מ""ל",false,1,4.50,1.27,true,1,
7290110116392,false,"סירופ פריגת בטעם תפוזים 750 מ""ל פיקדון",החברה המרכזית להפצת משקאות בעמ,,,"י""ח",750,"ל מ""ל",false,1,23.60,3.15,true,1,
7290110116484,false,פריגת סחוט מיקס תות בננה 1ליטר,*החברה המרכזית להפצת משקאותבעמ,,,"י""ח",1,ליטר,false,1,17.90,17.90,false,1,
7290110116491,false,פריגת סחוט מיקס אפרסק משמש 1ליטר,*החברה המרכזית להפצת משקאותבעמ,,,"י""ח",1,ליטר,false,1,17.90,17.90,false,1,
7290110116507,false,פריגת סחוט מיקס אננס בננה אגס 1ליטר,*החברה המרכזית להפצת משקאותבעמ,,,"י""ח",1,ליטר,false,1,17.90,17.90,false,1,
7290110116514,false,פריגת סחוט מיקס תות בננה 400מל,*החברה המרכזית להפצת משקאותבעמ,,,"י""ח",400,"ל מ""ל",false,1,9.90,2.40,false,1,
7290110116521,false,"פריגת סחוט מיקס אפרסק משמש 400 מ""ל",*החברה המרכזית להפצת משקאותבעמ,,,"י""ח",400,"ל מ""ל",false,1,9.90,2.40,false,1,
7290110116552,false,ספרייט לימון היט 1.5 ליטר LIME פיקדון,החברה המרכזית להפצת משקאות בעמ,,,"י""ח",1.50,ליטר,false,1,9,5.80,true,1,
7290110116569,false,ספרייט זירו 1.5 ליטר LEMON HIT פיקדון,החברה המרכזית להפצת משקאות בעמ,,,"י""ח",1.50,ליטר,false,1,9,5.80,true,1,
7290110116576,false,ספרייט זירו לימון היט בקבוק 0.5,החברה המרכזית להפצת משקאות בעמ,,,"י""ח",500,"ל מ""ל",false,1,5.60,1.06,true,1,
7290110320591,false,גבינה בולגרית במרקם מעודן 16% פיראוס,"תנובה בע""מ ***",,,"י""ח",250,ל גרם,false,1,23.90,9.56,false,1,
7290110320683,false,שמיניית משקה יוגורט 1.5% טעם תות יופלה 107 גרם,מיוצר עי קונדיטוריית,,,"י""ח",856,ל גרם,false,1,17.80,2.08,false,1,
7290110320850,false,פתיתים גבינה חצי קשה מגורדת 28% שומן,תנובה מרכז שיתופי לש,,,"י""ח",200,ל גרם,false,1,15.80,7.90,false,1,
7290110320867,false,פתיתים גבינה חצי קשה מגורדת 28% שומן,תנובה מרכז שיתופי לש,,,"י""ח",500,ל גרם,false,1,37.90,7.58,true,1,
7290110321031,false,מעדן חלב GO יוגורט מועשר בחלבון טבעי 200 ג' יופלה,"תנובה, מחלבת אלון תב",,,"י""ח",200,ל גרם,false,1,5.80,2.90,true,1,
7290110321048,false,יופלה GO במתיקות מעודנת 200ג,תנובה בעמ ***,,,"י""ח",200,ל גרם,false,1,5.80,2.90,true,1,
7290110321277,false,קוטג בקטנה 5%. 100 גרם מהדרין תנובה,פארייפאבה אגרואינדוס,,,"י""ח",100,ל גרם,false,1,2.90,2.90,false,1,
7290110321284,false,קוטג' בקטנה 9% תנובה 100 גרם מהדרין,פארייפאבה אגרואינדוס,,,"י""ח",100,ל גרם,false,1,2.90,2.90,false,1,
7290110321604,false,קוביות פיראוס בולגרית מעודנת 5% 200 גרם - רבנות,"תנובה בע""מ ***",,,"י""ח",232,ל גרם,false,1,23.90,10.30,false,1,
7290110321680,false,יוגורט GO בטעם תות 20 גרם חלבון בגביע,מיוצר עי קונדיטוריית,,,"י""ח",200,ל גרם,false,1,5.80,2.90,true,1,
7290110321697,false,יוגורט GO בטעם אפרסק 20 גרם חלבון בגביע,מיוצר עי קונדיטוריית,,,"י""ח",200,ל גרם,false,1,5.80,2.90,true,1,
7290110321703,false,יוגורט עם פירות יער בתוספת חלבוני חלב 2% שומן,מיוצר עי קונדיטוריית,,,"י""ח",200,ל גרם,false,1,5.80,2.90,true,1,
7290110321789,false,גבינת מסקרפונה 38% שומן 250 גר`השף הלבן,"תנובה בע""מ ***",,,"י""ח",250,ל גרם,false,1,20.60,8.24,false,1,
7290110322014,false,טופו בטעם טבעי תנובה ALTERNATIVE,שוורצקוף& הנקל דיסלד,,,"י""ח",300,ל גרם,false,1,12.70,4.23,true,1,
7290110322038,false,טופו בטעם פיקנטי 300 גר`תנובה,תנובה Alternative,,,"י""ח",300,ל גרם,false,1,12.70,4.23,true,1,
7290110323073,false,"משקה יוגורט יופלה גו תות פטל 250 מ""ל - רבנות",מיוצר עי קונדיטוריית,,,"י""ח",250,"ל מ""ל",false,1,6.60,2.64,false,1,
7290110323097,false,מעדן גבינה עם מחית תות-תאומים 80 גר`,תנובה בעמ ***,,,"י""ח",80,ל גרם,false,1,1.90,2.38,false,1,
7290110323202,false,יוגורט יופלה גו בטעם,תנובה בעמ ***,,,"י""ח",200,ל גרם,false,1,5.80,2.90,true,1,
7290110323301,false,טל העמק בסגנון אמנטל 32% שומן 200 גרם,"תנובה בע""מ ***",,,"י""ח",0.80,ליטר,false,1,18.90,23.63,false,1,
7290110323592,false,יוגורט GO לייט בטעם אפרסק 20 גרם חלבון בגביע,תנובה בעמ ***,,,"י""ח",200,ל גרם,false,1,5.80,2.90,true,1,
7290110323608,false,יופלה פירות יער GO 200ג.,תנובה בעמ ***,,,"י""ח",200,ל גרם,false,1,5.80,2.90,true,1,
7290110324025,false,פתיתי מוצרלה 500 גר`תנובה,תנובה בעמ ***,,,"י""ח",500,ל גרם,false,1,35.90,7.18,false,1,
7290110324353,false,יוגורט GO לייט בטעם אננס 20 גרם חלבון בגביע,מיוצר עי קונדיטוריית,,,"י""ח",200,ל גרם,false,1,5.80,2.90,true,1,
7290110324551,false,יופלה טיוב יוגורט במרקם חלק תות כשרות מהדרין,"תנובה בע""מ ***",,,"י""ח",348,"ל מ""ל",false,1,12.90,3.71,false,1,
7290110324872,false,גבינה צהובה גלבוע (5% 200 גר`)תנובה,גלבוע - תנובה,,,"י""ח",200,ל גרם,false,1,18.70,9.35,false,1,
7290110324926,false,משקה סויה ללא תוספת סוכר E אלטרנטיב,תנובה מרכז שיתופי לש,,,"י""ח",1,ליטר,false,1,11.90,11.90,true,1,
7290110325084,false,מאגדת שמינייה מיני קרלו שוניל 8*100גרם,"תנובה בע""מ ***",,,"י""ח",800,"ל מ""ל",false,1,14.30,1.79,false,1,
7290110325114,false,"משקה יוגורט יופלה גו לייט תות בננה 250 מ""ל - רבנות",מיוצר עי קונדיטוריית,,,"י""ח",250,"ל מ""ל",false,1,6.50,2.60,false,1,
7290110325121,false,"משקה יוגורט יופלה גו לייט מנגו אננס 250 מ""ל",תנובה בעמ ***,,,"י""ח",250,"ל מ""ל",false,1,6.50,2.60,false,1,
7290110325619,false,משקה שיבולת שועל תנובה E אלטרנטיב,מיוצר עי קונדיטוריית,,,"י""ח",1,ליטר,false,1,13.90,13.90,true,1,
7290110325695,false,יופלה גו תפוח קינמון 200ג,מיוצר עי קונדיטוריית,,,"י""ח",200,ל גרם,false,1,5.80,2.90,true,1,
7290110325701,false,פיראוס צזיקי יווני 9% שומן בשיטת יצור מסורתית על בסיס יוגורט,גוד פוד פרודקטס S.p,,,"י""ח",250,ל גרם,false,1,12.90,5.16,false,1,
7290110325893,false,משקה חלב GO מועשר בחלבון בטעם אייס קפה,מיוצר עי קונדיטוריית,,,"י""ח",340,"ל מ""ל",false,1,8.40,2.47,false,1,
7290110326210,false,יופלה און טופ פצפוצים תנובה 157 גרם,מיוצר עי קונדיטוריית,,,"י""ח",150,"ל מ""ל",false,1,5.40,3.60,true,1,
7290110326227,false,יופלה און טופ קורנפלקס תנובה 157 גרם,מיוצר עי קונדיטוריית,,,"י""ח",150,"ל מ""ל",false,1,5.40,3.60,true,1,
7290110326234,false,יופלה און טופ כוכבים תנובה 157 גרם,מיוצר עי קונדיטוריית,,,"י""ח",150,"ל מ""ל",false,1,5.40,3.60,true,1,
7290110326333,false,פרוסות גבינה סקנדינבית 170 גר`קולקשיין,"תנובה בע""מ ***",,,"י""ח",175,ל גרם,false,1,18.80,10.74,false,1,
7290110326470,false,יוגורט יופלה גו מועש,תנובה בעמ ***,,,"י""ח",200,ל גרם,false,1,5.80,2.90,true,1,
7290110326487,false,יופלה GO לייט טעם לימון,תנובה בעמ ***,,,"י""ח",200,ל גרם,false,1,5.80,2.90,true,1,
7290110326548,false,קוטג' מיורן+זעתר5% 250גר,תנובה בעמ ***,,,"י""ח",250,ל גרם,false,1,5.70,2.28,false,1,
7290110326876,false,לאבנה עיזים 250 גרם,תנובה בעמ ***,,,"י""ח",250,ל גרם,false,1,15.90,6.36,false,1,
7290110327064,false,משקה אייס קפה שיבולת שועל בטעם קרמל 1 ל' ALTERNATIVE,תנובה מרכז שיתופי לש,,,"י""ח",1,ליטר,false,1,13.90,13.90,true,1,
7290110327156,false,מאגדת שמינייה מיני קרלו שוקולד ובננה,תנובה בעמ ***,,,"י""ח",800,"ל מ""ל",false,1,14.30,1.79,false,1,
7290110327316,false,גבינה לבנה למריחה 5% שומן בתוספת פריכיות,מיוצר עי קונדיטוריית,,,"י""ח",145,ל גרם,false,1,5.50,3.79,false,1,
7290110327514,false,alternative משקה שיבולת שועל בטעם אגוזי לוז תנובה 1 ליטר,תנובה מרכז שיתופי לש,,,"י""ח",1,ליטר,false,1,13.90,13.90,true,1,
7290110327798,false,חטיף חלבון GO - שוקולד 60 ג' חלב נוכרי - רבנות,"בלמונט קונפקציות בע""\מ.",,,"י""ח",1,,false,1,11.90,11.90,false,1,
7290110327811,false,חטיף חלבון GO בטעם בצק קוקוס 20 גר`חלבו,"בלמונט קונפקציות בע""\מ.",,,"י""ח",1,,false,1,11.90,11.90,false,1,
7290110328146,false,פתיתים בסגנון גאודה200ג,"קבוצת מיבל, מיפה א.ג פרנ",,,"י""ח",200,"ל מ""ל",false,1,22.90,11.45,false,1,
7290110328627,false,יוגורט יופלה GO במרקם סמיך בטעם בננה קרמל 0%,מיוצר עי קונדיטוריית,,,"י""ח",200,"ל מ""ל",false,1,5.70,2.85,true,1,
7290110328764,false,יוגורט יופלה GO במרקם סמיך עם תות 0%,מיוצר עי קונדיטוריית,,,"י""ח",200,"ל מ""ל",false,1,5.90,2.95,true,1,
7290110328771,false,יוגורט יופלה GO במרקם סמיך עם פירות יער 0%,מיוצר עי קונדיטוריית,,,"י""ח",200,"ל מ""ל",false,1,5.90,2.95,true,1,
7290110328788,false,יוגורט יופלה GO במרקם סמיך בטעם אפרסק 0%,תנובה מרכז שיתופי לש,,,"י""ח",200,"ל מ""ל",false,1,5.90,2.95,true,1,
7290110328887,false,חלב 3% מהדרין (מוצר בפיקוח) בקבוק 1 ליטר,"תנובה בע""מ ***",,,"י""ח",1,ליטר,false,1,6.23,6.23,false,1,
7290110328955,false,קוביות גבינת עזים בשמן מתובל פיראוס 350 גרם,דודוני תעשיית החלב החקלא,,,"י""ח",350,ל גרם,false,1,23.90,6.83,false,1,
7290110329136,false,מעדן חלב מעושר בחלבון בטעם שוקולד 120 ג' GO,תנובה מרכז שיתופי לש,,,"י""ח",120,"ל מ""ל",false,1,4.90,4.08,false,1,
7290110329143,false,מעדן חלב מעושר בחלבון בטעם וניל גביע 120 ג' GO,תנובה מרכז שיתופי לש,,,"י""ח",120,"ל מ""ל",false,1,4.90,4.08,false,1,
7290110329273,false,יוגורט מחלב עיזים מלא 750 גרם תנובה,תנובה בעמ ***,,,"י""ח",7.50,ליטר,false,1,21.40,2.85,false,1,
7290110329686,false,משקה GO חלב בטעם עוגיות 27 גר`חלבון,מיוצר עי קונדיטוריית,,,"י""ח",340,"ל מ""ל",false,1,7.50,2.21,false,1,
7290110329709,false,יוגורט תנובה 0% 200 גרם,מיוצר עי קונדיטוריית,,,"י""ח",200,ל גרם,false,1,3.20,1.60,false,1,
7290110329716,false,משקה חלב קר בטעם קפוצ'ינו 230 גרם תנובה,תנובה מרכז שיתופי לש,,,"י""ח",230,ל גרם,false,1,6.90,3,false,1,
7290110329723,false,משקה חלב קר בטעם לאטה 230 גרם תנובה,תנובה מרכז שיתופי לש,,,"י""ח",230,ל גרם,false,1,6.90,3,false,1,
7290110329730,false,"משקה חלב עם שוקולד וקפה בסגנון לאטה 2.7%  230 מ""ל תנובה",תנובה מרכז שיתופי לש,,,"י""ח",230,ל גרם,false,1,6.90,3,false,1,
7290110329792,false,יוגורט סויה BIO Alternative אפרסק 150 ג' תנובה,מיוצר עי קונדיטוריית,,,"י""ח",150,"ל מ""ל",false,1,4.80,3.20,false,1,
7290110329808,false,יוגורט סויה BIO Alternative תות 150 ג' תנובה,מיוצר עי קונדיטוריית,,,"י""ח",150,"ל מ""ל",false,1,4.80,3.20,false,1,
7290110329822,false,יוגורט סויה BIO Alternative פירות יער 150 ג' תנובה,מיוצר עי קונדיטוריית,,,"י""ח",150,"ל מ""ל",false,1,4.80,3.20,false,1,
7290110329846,false,יוגורט סויה BIO Alternative בטעם טבעי 150 ג' תנובה,מיוצר עי קונדיטוריית,,,"י""ח",150,"ל מ""ל",false,1,4.80,3.20,false,1,
7290110329952,false,יוגורט גו סמיך 0.4% קוקוס 200ג,תנובה בעמ ***,,,"י""ח",200,"ל מ""ל",false,1,5.90,2.95,true,1,
7290110550219,false,מטבעות שוקולד לבן לאפיה 400 גרם עלית,"שטראוס גרופ בע""מ",,,"י""ח",400,ל גרם,false,1,29.90,7.48,true,1,
7290110550226,false,מטבעות שוקולד מריר לאפיה 400 גרם עלית,שטראוס גרופ בע`מ,,,"י""ח",400,ל גרם,false,1,29.90,7.48,true,1,
7290110550363,false,"פריכיות משולשות תירס, אורז שיבולת שועל, קינואה",אנרג'י Energy - שטראוס,,,"י""ח",65,ל גרם,false,1,9.50,14.62,true,1,
7290110550370,false,פריכיות משולשות קינואה ופלפל שחור 65 גרם,"שטראוס גרופ בע""מ",,,"י""ח",65,ל גרם,false,1,9.50,14.62,true,1,
7290110551254,false,נשנושי תירס 600 גרם טעם הטבע שטראוס,"מיוצר ע""\י או.וי אינטרנש",,,"י""ח",600,ל גרם,false,1,15.90,2.65,true,1,
7290110551261,false,נשנושי תירס 500 גר`טעם הטבע שטראוס,שטראוס גרופ בעמ/מצונן,,,"י""ח",600,ל גרם,false,1,13.90,2.32,true,1,
7290110552121,false,יוגורט 5% בתוספת סידן וויטמין D היוגורט הראשון שלי,שטראוס גרופ בעמ/מצונן,,,"י""ח",100,"ל מ""ל",false,1,2.30,2.30,true,1,
7290110552220,false,יוגורט PRO בטעם תות 0% סוכר לבן 20 גרם חלבון בגביע,שטראוס גרופ בעמ/מצונן,,,"י""ח",20,"ל מ""ל",false,1,5.90,29.50,true,1,
7290110552237,false,יוגורט פרו בטעם אפרסק מנגו ללא סוכר 200 ג' דנונה,שטראוס גרופ בעמ/מצונן,,,"י""ח",20,"ל מ""ל",false,1,5.90,29.50,true,1,
7290110552817,false,צנצנת מסטיק - גלידה לימון 58 גרם וועסטהיים,אסקום קונפקשיין,,,"י""ח",66,ל גרם,false,1,9.90,15,true,1,
7290110553029,false,"אנרג'י קריספס-פריכיות חומוס, עדשים ואפונה עם קייל וסלק","פרח תעשיו מזון בע""מ",,,"י""ח",65,ל גרם,false,1,9.50,14.62,true,1,
7290110553036,false,קריספס-פריכיות עם אפונה ובטטה סגולה בטעם בצל מקורמל,"פרח תעשיו מזון בע""מ",,,"י""ח",65,ל גרם,false,1,9.50,14.62,true,1,
7290110553104,false,נסקפה קפוצ'ינו סטיק קלאסי 130 ג' עלית,שטראוס גרופ בע`מ,,,"י""ח",130,ל גרם,false,1,16.90,13,true,1,
7290110553135,false,נסקפה קפוצ'ינו סטיק וניל 130 ג' עלית,שטראוס גרופ בע`מ,,,"י""ח",130,ל גרם,false,1,16.90,13,true,1,
7290110553173,false,אנרגי פריכיות אורז בטעם קרמל 50 גרם,סאנורייס בלגיום,,,"י""ח",40,ל גרם,false,1,6.90,17.25,true,1,
7290110553180,false,אנרגי פריכיות אורז בטעם תפוח קינמון 50 ג,שטראוס גרופ בע`מ,,,"י""ח",40,ל גרם,false,1,6.90,17.25,true,1,
7290110553340,false,נמס מילקשייק- אבקה להכנת משקה קר בטעם מלבי,"שטראוס גרופ בע""מ",,,"י""ח",200,ל גרם,false,1,19.90,9.95,true,1,
7290110553425,false,קפה נמס 200 גרם +20% תוספת עלית,שטראוס קפה בי.וי,,,"י""ח",200,"ל מ""ל",false,1,19.90,9.95,true,1,
7290110553449,false,מילקי סנאק 6יחידות 123 ג,שטראוס גרופ בעמ/מצונן,,,"י""ח",144,ל גרם,false,1,13.90,9.65,true,1,
7290110553623,false,צ'יטוס קראנצ'י בטעם צ'דר חלפיניו - חלבי,"שטראוס פריטו ליי בע""\מ )",,,"י""ח",80,ל גרם,false,1,5.40,6.75,true,1,
7290110554262,false,חלבית מלבין קפה חלבי 350 ג' עלית,שטראוס גרופ בע`מ,,,"י""ח",350,ל גרם,false,1,21.90,6.26,true,1,
7290110554422,false,פומודורו רוטב עגבניות ופלפלים לשקשוקה לפסטה יד מרדכי 350 גרם,אמיליאנה קונסרב סוסייטה,,,"י""ח",350,ל גרם,false,1,11.90,3.40,true,1,
7290110554477,false,קפסולת אספרסו לאפוגטו טעם מייפל פקאן 50 ג' עלית,שטראוס קפה בי.וי.,,,"י""ח",50,ל גרם,false,1,19.90,39.80,true,1,
7290110554545,false,קפסולת אספרסו לאפוגטו טעם קוקוס 50 ג' עלית,שטראוס קפה בי.וי.,,,"י""ח",50,ל גרם,false,1,19.90,39.80,true,1,
7290110554583,false,מארז חטיפי צ'יטוס פאפס בטעם גבינה - 10 יחידות,"שטראוס פריטו ליי בע""\מ )",,,"י""ח",200,ל גרם,false,1,12.90,6.45,true,1,
7290110554699,false,"קפה עולה קפסולות אספרסו קלייה איטית וכהה מאוד, 10 * 50 ג'",שטראוס קפה בי.וי.,,,"י""ח",50,ל גרם,false,1,19.90,39.80,true,1,
7290110554705,false,קפסולות נספרסו לקפה יוניקו סדרת בתי הקלייה 10יח,שטראוס קפה בי.וי.,,,"י""ח",50,ל גרם,false,1,19.90,39.80,true,1,
7290110554712,false,"קפסולות קפה אספרסו קלייה איטית ובהירה, 10 * 50 ג'",שטראוס קפה בי.וי.,,,"י""ח",50,ל גרם,false,1,19.90,39.80,true,1,
7290110554729,false,קפסולות עלית אספרסו 04 תואמות למכונות NESPRESSO,שטראוס קפה בי.וי.,,,"י""ח",50,ל גרם,false,1,19.90,39.80,true,1,
7290110554798,false,פולי אספרסו עשירים וארומטיים עוצמה 8 עלית 250 גרם,שטראוס קפה בי. וי.,,,"י""ח",250,ל גרם,false,1,21.90,8.76,true,1,
7290110555078,false,לאבנה עם שמן זית ועשבי תיבול שטראוס 250 גרם,שטראוס גרופ בעמ/מצונן,,,"י""ח",250,ל גרם,false,1,10.90,4.36,true,1,
7290110555092,false,לאבנה עם שמן זית וצ'ילי שטראוס 250 גרם,שטראוס גרופ בעמ/מצונן,,,"י""ח",250,ל גרם,false,1,10.90,4.36,true,1,
7290110555146,false,מעדן הגולן מוקה בודד 125גר,שטראוס גרופ בעמ (ח),,,"י""ח",125,ל גרם,false,1,3.20,2.56,true,1,
7290110555306,false,רבע לשבע טבעוני סינמון באן עלית 125 גרם,"הגביע מוצרי וופלים בע""\מ",,,"י""ח",125,ל גרם,false,1,12.90,10.32,true,1,
7290110555368,false,רבע לשבע טבעוני מרשמלו עלית 125 גרם,"הגביע מוצרי וופלים בע""\מ",,,"י""ח",125,ל גרם,false,1,12.90,10.32,true,1,
7290110555603,false,ספלנדיד אבקה להכנת משקה בטעם שוקולטה,"שטראוס גרופ בע""מ",,,"י""ח",220,ל גרם,false,1,24.90,11.32,true,1,
7290110555665,false,קקאו דל שומן עלית בקופסא 220 גרם,"שטראוס גרופ בע""מ",,,"י""ח",220,ל גרם,false,1,19.90,9.05,true,1,
7290110555788,false,נסקפה קפוצ'ינו פחית וניל 200 ג' עלית,"שטראוס גרופ בע""מ",,,"י""ח",200,ל גרם,false,1,21.90,10.95,true,1,
7290110555795,false,נסקפה קפוצ'ינו פחית קלאסי 200 ג' עלית,שטראוס גרופ בע`מ,,,"י""ח",200,ל גרם,false,1,21.90,10.95,true,1,
7290110556150,false,דבש טהור מפרחי בר עם ברכות באריזות אישיות 10 * 20 ג יד מרדכי,מכוורת יד מרדכי שטראוס ב,,,"י""ח",200,ל גרם,false,1,14.90,7.45,true,1,
7290110556242,false,"שוקולד מריר פרווה 100 גר' בד""ץ תוצרת חוץ","שטראוס גרופ בע""מ.",,,"י""ח",100,ל גרם,false,1,5.90,5.90,true,1,
7290110557027,false,חומוס עשיר 50% טחינה גולמית 400 ג' אחלה,שטראוס גרופ בעמ/מצונן,,,"י""ח",400,ל גרם,false,1,14.20,3.55,true,1,
7290110557102,false,מעדן חלב עם שוקולד מועשר בחלבון 150 ג' שטראוס,שטראוס גרופ בעמ/מצונן,,,"י""ח",130,ל גרם,false,1,5,3.85,true,1,
7290110557133,false,מעדן הגולן וניל 125 ג' שטראוס,שטראוס גרופ בעמ/מצונן,,,"י""ח",125,ל גרם,false,1,3.20,2.56,true,1,
7290110557317,false,יוגורט בתוספת סידן וויטמין ד עם שיבולת שועל 100 ג' דנונה,שטראוס גרופ בעמ/מצונן,,,"י""ח",100,"ל מ""ל",false,1,2.30,2.30,true,1,
7290110557478,false,חומוס גלילי במרקם מעודן 600 גרם,שטראוס גרופ בעמ/מצונן,,,"י""ח",600,ל גרם,false,1,11.90,1.98,true,1,
7290110558130,false,יוגורט אקטיביה עם שיבולת שועל ודבש 150 גרם,שטראוס גרופ בעמ/מצונן,,,"י""ח",150,"ל מ""ל",false,1,4.50,3,true,1,
7290110558154,false,דנונה לייט אנד פרי עוגת תפוחים 150ג דנונה,שטראוס גרופ בעמ/מצונן,,,"י""ח",150,"ל מ""ל",false,1,4.50,3,true,1,
7290110558215,false,דנונה קראנצי פיסטוק עם פיצפוץ לבן,"שטראוס בריאות בע""\מ",,,"י""ח",173,"ל מ""ל",false,1,4.60,2.66,true,1,
7290110558222,false,"וואו יוגורט עם שכבה בטעם בנופי פאי 5.4%, 150ג דנונה",שטראוס גרופ בעמ/מצונן,,,"י""ח",150,"ל מ""ל",false,1,4.90,3.27,true,1,
7290110558239,false,"וואו יוגורט עם שכבה בטעם קראק פאי 5.4%, 150 ג דנונה",שטראוס גרופ בעמ/מצונן,,,"י""ח",150,"ל מ""ל",false,1,4.90,3.27,true,1,
7290110558253,false,דנונה שייק נונה ריפרש בננה אננס וצ'יה,שטראוס גרופ בעמ/מצונן,,,"י""ח",250,"ל מ""ל",false,1,5.50,2.20,true,1,
7290110558284,false,דנונה ביו מולטי שטראוס 200 גרם,שטראוס גרופ בעמ/מצונן,,,"י""ח",200,"ל מ""ל",false,1,4.20,2.10,true,1,
7290110558307,false,יוגורט דנונה PRO עם שיבולת שועל במתיקות מעודנת,שטראוס גרופ בעמ/מצונן,,,"י""ח",200,"ל מ""ל",false,1,6.40,3.20,true,1,
7290110558314,false,דנונה פרו 20 גרם חלבון ללא סוכר פיסטוק 200 גרם,שטראוס גרופ בעמ/מצונן,,,"י""ח",20,"ל מ""ל",false,1,5.90,29.50,true,1,
7290110558338,false,דנונה פרו 25 ג' חלבון 200 ג' שטראוס,שטראוס גרופ בעמ/מצונן,,,"י""ח",200,"ל מ""ל",false,1,6.40,3.20,true,1,
7290110558420,false,אלפרו משקה שיבולת שועל בקירור 1ליטר,"שטראוס גרופ ***בע""מ",,,"י""ח",1,ליטר,false,1,13.90,13.90,true,1,
7290110558437,false,אלפרו משקה שקדים בקירור 1ליטר,"שטראוס גרופ ***בע""מ",,,"י""ח",1,ליטר,false,1,13.90,13.90,true,1,
7290110558666,false,מעדן גבינה בטעם תפוח 88 ג' דניאלה,שטראוס גרופ בעמ/מצונן,,,"י""ח",150,"ל מ""ל",false,1,4.10,2.73,true,1,
7290110558710,false,דני מעדן בשכבות בטעמי וניל ושוקולד 125גר,שטראוס גרופ בעמ/מצונן,,,"י""ח",125,"ל מ""ל",false,1,2.60,2.08,true,1,
7290110558741,false,גמדים פאוץ תפוח בננה 100ג,שטראוס גרופ בעמ (ח),,,"י""ח",100,ל גרם,false,1,5.90,5.90,true,1,
7290110559007,false,"שועועית חומה טעם הטבע קופסה, 380 גרם",שטראוס גרופ בע`מ,,,"י""ח",380,ל גרם,false,1,6.90,1.82,true,1,
7290110559014,false,שעועית שחורה מבושלת טעם הטבע 380 גרם,שטראוס גרופ בע`מ,,,"י""ח",380,ל גרם,false,1,6.90,1.82,true,1,
7290110559045,false,"מילקשייק וניל עם סירופ 300מ""ל","שטראוס גרופ ***בע""מ",,,"י""ח",300,ל גרם,false,1,6.90,2.30,true,1,
7290110559755,false,ריל מאגדת בוטנים פיסטוק וחמוציות שטראוס 105 גרם,"ואמואליס פודס אס.איי,",,,"י""ח",105,ל גרם,false,1,15.90,15.14,true,1,
7290110560300,false,"הפריכיות הטעימות חומוס, עדשים שחורות, קינואה ופלפל שחור",אנרג'י Energy - שטראוס,,,"י""ח",30,ל גרם,false,1,5,16.67,true,1,
7290110560317,false,"הפריכיות הטעימות חומוס, עדשים שחורות, קינואה ומלח ים","פרח תעשיו מזון בע""מ",,,"י""ח",30,ל גרם,false,1,5,16.67,true,1,
7290110560324,false,"הפריכיות הטעימות תפו""א, אורז, אפונה ומלח ים","פרח תעשיו מזון בע""מ",,,"י""ח",30,ל גרם,false,1,5,16.67,true,1,
7290110561352,false,דנונה יוגורט ביו פרוביוטי 3% דל לקטוז 150ג',שטראוס גרופ בעמ/מצונן,,,"י""ח",200,"ל מ""ל",false,1,3.70,1.85,true,1,
7290110561604,false,מארז 8 יחידות מעדן גמדים בטעם תות בננה,שטראוס גרופ בעמ/מצונן,,,"י""ח",800,ל גרם,false,1,18.70,2.34,true,1,
7290110563431,false,"משקה קפה קר בסגנון קלאסי 230 מ""ל 1.6% יוטבתה",שטראוס גרופ בעמ/מצונן,,,"י""ח",230,"ל מ""ל",false,1,7.90,3.43,true,1,
7290110563448,false,"משקה קפה קר בסגנון מעודן 230 מ""ל 1.6% יוטבתה",שטראוס גרופ בעמ/מצונן,,,"י""ח",230,"ל מ""ל",false,1,7.90,3.43,true,1,
7290110563462,false,חלב 2% דל לקטוז בבקבוק יטבתה 1 ליטר.,שטראוס גרופ בעמ/מצונן,,,"י""ח",1,ליטר,false,1,7.90,7.90,true,1,
7290110564339,false,חומוס אחלה הסידרה המובחר 30% טחינה 400 גר',שטראוס גרופ בעמ/מצונן,,,"י""ח",400,ל גרם,false,1,14.20,3.55,true,1,
7290110564360,false,חומוס אחלה הסידרה המובחר 40% טחינה 400 גר',שטראוס גרופ בעמ/מצונן,,,"י""ח",400,ל גרם,false,1,14.20,3.55,true,1,
7290110564742,false,"משקה קפה קר בסגנון חזק 230 מ""ל 1.2% יוטבתה",שטראוס גרופ בעמ/מצונן,,,"י""ח",230,"ל מ""ל",false,1,7.90,3.43,true,1,
7290110565435,false,מעדן ג`לי בטעם פטל חלבי שטראוס (125 גרם,שטראוס גרופ בעמ/מצונן,,,"י""ח",125,ל גרם,false,1,2.10,1.68,true,1,
7290110565527,false,יוגורט PRO פרו 1.5% 20 גרם חלבון בגביע,שטראוס גרופ בעמ/מצונן,,,"י""ח",20,"ל מ""ל",false,1,5.90,29.50,true,1,
7290110565572,false,מארז קפה טורקי עלית לדרך עם הל 168 גרם,שטראוס קפה בי.וי.,,,"י""ח",168,ל גרם,false,1,18.90,11.25,true,1,
7290110566623,false,קפסולות קולומביה עלית 08 למכונת נספרסו מארז 5X10ג',שטראוס קפה בי.וי.,,,"י""ח",50,ל גרם,false,1,19.90,39.80,true,1,
7290110566975,false,דנונה פרו יוגורט 0% תות עשיר בחלבון 200ג',שטראוס גרופ בעמ/מצונן,,,"י""ח",20,"ל מ""ל",false,1,5.90,29.50,true,1,
7290110567057,false,צנצנת מסטיק מאסט קוביות מנטה חזקה 66 ג' עלית,אסקום קונפקשיין,,,"י""ח",66,ל גרם,false,1,8.50,12.88,true,1,
7290110568238,false,"קצפת צמחית 21% שומן 250 מ""ל יוטבתה",שטראוס גרופ בעמ/מצונן,,,"י""ח",250,"ל מ""ל",false,1,7.90,3.16,true,1,
7290110568276,false,משקה וניל פרו Pro מועשר בחלבון 1.5%,שטראוס גרופ בעמ/מצונן,,,"י""ח",350,ל גרם,false,1,6.50,1.86,true,1,
7290110568511,false,קונפיטורית פירות יער במתיקות מעודנת 265 גר' יד מרדכי,"שטראוס גרופ בע""מ",,,"י""ח",340,ל גרם,false,1,11.90,3.50,true,1,
7290110568559,false,דוריטוס עלית מארז חמוץ חריף 10 יח' *25 ג',"שטראוס פריטו ליי בע""מ )פ",,,"י""ח",250,ל גרם,false,1,10.90,4.36,true,1,
7290110568566,false,דוריטוס גריל עלית מארז 10 יח' *25 ג',"שטראוס פריטו ליי בע""מ )פ",,,"י""ח",250,ל גרם,false,1,13.90,5.56,true,1,
7290110570125,false,"משקה קפה קר בטעם אייריש קרים 230מ""ל","שטראוס גרופ ***בע""מ",,,"י""ח",230,"ל מ""ל",false,1,7.90,3.43,true,1,
7290110570224,false,משקה קפה קר בטעם עוגיות (230 גר`) יטבתה,שטראוס גרופ בעמ/מצונן,,,"י""ח",230,"ל מ""ל",false,1,7.90,3.43,true,1,
7290110570521,false,חציל פיקנטי 125 גרם אחלה,"שטראוס גרופ ***בע""מ",,,"י""ח",125,ל גרם,false,1,4.80,3.84,true,1,
7290110570576,false,פולי אספרסו עשירים וארומטיים עוצמה 10 עלית 500 גרם,שטראוס גרופ בע`מ,,,"י""ח",500,ל גרם,false,1,40.90,8.18,true,1,
7290110570880,false,פולי אספרסו עשירים וארומטיים עוצמה 14 עלית 250 גרם,"שטראוס גרופ בע""מ",,,"י""ח",250,ל גרם,false,1,21.90,8.76,true,1,
7290110571184,false,עדשים חומות 380 גר` טעם הטבע שטראוס,"שטראוס גרופ בע""מ",,,"י""ח",380,ל גרם,false,1,6.90,1.82,true,1,
7290110571375,false,"אנרג'י מיקס תערובת צימוקים, תמרים, טופי ושברי פקאן",אנרג'י Energy - שטראוס,,,"י""ח",100,ל גרם,false,1,15.90,15.90,true,1,
7290110571382,false,מעדן חלב בטעם וניל מעושר בחלבון 150 ג' שטראוס,שטראוס גרופ בעמ/מצונן,,,"י""ח",130,ל גרם,false,1,5,3.85,true,1,
7290110571405,false,עלית - מיני פינוקיות בגביע פסק זמן 180 גרם,שטראוס גרופ בע`מ,,,"י""ח",200,ל גרם,false,1,10.90,5.45,true,1,
7290110571412,false,מיני פינוקיות - פאדג' שוקולד בגביע 180 גרם,"שטראוס גרופ בע""מ",,,"י""ח",200,ל גרם,false,1,10.90,5.45,true,1,
7290110571474,false,אצבעות רבע לשבע טבעוני פופקורן 125גר`,"הגביע מוצרי וופלים בע""\מ",,,"י""ח",125,ל גרם,false,1,12.90,10.32,true,1,
7290110571481,false,פחית קפה נמס קמפיין משפטים 200 גרם 2022,"שטראוס גרופ בע""מ",,,"י""ח",200,"ל מ""ל",false,1,19.90,9.95,true,1,
7290110571535,false,מארז קפה טורקי הל עלית 300 גרם,שטראוס קפה בי.וי.,,,"י""ח",300,ל גרם,false,1,26.90,8.97,true,1,
7290110572129,false,כיף כף מקלות שוקולד לבן 40 ג' עלית,סולן בעבור שטראוס,,,"י""ח",40,ל גרם,false,1,4.80,12,true,1,
7290110572884,false,"קפסולות קפה מספר 20 למכונת אספרס אספרסו, 50 גרם",שטראוס קפה בי.וי.,,,"י""ח",50,ל גרם,false,1,19.90,39.80,true,1,
7290110572969,false,כיף כף פצפצים עלית קרם לבן (40 גר`),שולן צ'\יקולטה גידה סאן.,,,"י""ח",40,ל גרם,false,1,4.90,12.25,true,1,
7290110574413,false,פופקורן בטעם טעמי 70גר`,"שטראוס גרופ בע""מ",,,"י""ח",70,ל גרם,false,1,7.90,11.29,true,1,
7290110574420,false,פופקורן בטעם פסק זמן 70גר`,"שטראוס גרופ בע""מ",,,"י""ח",70,ל גרם,false,1,7.90,11.29,true,1,
7290110576318,false,מאגדת שלישיית שוקולד אגוז לבן 300 ג' עלית,"שטראוס גרופ בע""מ",,,"י""ח",112,ל גרם,false,1,25.90,23.13,true,1,
7290110576356,false,"שוקולד ספלנדיד מריר 64% - חלבי , מפולי קקאו מפרו",שטראוס גרופ בע`מ,,,"י""ח",105,ל גרם,false,1,8.90,8.48,true,1,
7290110576363,false,"שוקולד ספלנדיד מריר 80% חלבי ,פולי קקאו מאוגנדה",שטראוס גרופ בע`מ,,,"י""ח",105,ל גרם,false,1,8.90,8.48,true,1,
7290110576370,false,מארז שלישייה שוקולד מריר חלבי עם אגוזי לוז,שטראוס גרופ בע`מ,,,"י""ח",112,ל גרם,false,1,25.90,23.13,true,1,
7290110576387,false,מאגדת שלישיית שוקולד אגוז חלב 300 ג' עלית,שטראוס גרופ בע`מ,,,"י""ח",112,ל גרם,false,1,25.90,23.13,true,1,
7290110576752,false,טבלאות שוקולד ספלנדיד מריר 70% 100 ג' עלית,"שטראוס גרופ בע""מ",,,"י""ח",100,ל גרם,false,1,10.20,10.20,true,1,
7290110576776,false,טבלאות שוקולד ספלנדיד מריר 85% 100 ג' עלית,שטראוס גרופ בע`מ,,,"י""ח",100,ל גרם,false,1,10.20,10.20,true,1,
7290110576790,false,סקי בטעם מוקה 3% (125 גר`) דנונה,שטראוס גרופ בעמ/מצונן,,,"י""ח",125,ל גרם,false,1,3.90,3.12,true,1,
7290110576851,false,"גמדים לשתיה סלט פירות 8 יח' *100מ""ל","שטראוס גרופ ***בע""מ",,,"י""ח",800,"ל מ""ל",false,1,19.90,2.49,true,1,
7290110576868,false,רבעיית גמדים סלט פירוט * 100 ג' שטראוס,שטראוס גרופ בעמ/מצונן,,,"י""ח",400,"ל מ""ל",false,1,11.70,2.93,true,1,
7290110577230,false,משקה חלב בטעם פיסטוק בבקבוק יטבתה 1 ליטר,שטראוס גרופ בעמ/מצונן,,,"י""ח",1,ליטר,false,1,11.90,11.90,true,1,
7290110577247,false,"יטבתה משקה חלב-פיסטוק בבקבוק 350 מ""ל",שטראוס גרופ בעמ/מצונן,,,"י""ח",350,"ל מ""ל",false,1,6.50,1.86,true,1,
7290110577711,false,שייק חלבון מי גבינה עם אפרסק ומנגו 350גר,שטראוס גרופ בעמ (ח),,,"י""ח",350,ל גרם,false,1,7.50,2.14,true,1,
7290110577728,false,שייק חלבון מי גבינה עם פירות יער 350גר,שטראוס גרופ בעמ (ח),,,"י""ח",350,ל גרם,false,1,7.50,2.14,true,1,
7290110854324,false,שואב חבית 30ליטר נירוסטה,אליהו שיווק חשמל בעמ,,,"י""ח",1,,false,1,219.90,219.90,false,1,
7290111091520,false,"דר' עור תחליב רחצה קלאסי -קוקוס 700 מ""ל","אמיליה קוסמטיקס בע""מ",,,"י""ח",700,ל גרם,false,1,14.90,2.13,true,1,
7290111092985,false,מארז מגבונים לחים בייביסיטר ללא בישום רביעייה,שקד תבל בע`מ,,,"י""ח",1,,false,1,15.90,15.90,true,1,
7290111093005,false,"I-CARE מג'להסרת איפור, 25 יח בפלופק",די.פי.אל תעשיות מוצר,,,"י""ח",25,"י""ח",false,1,7.90,0.32,true,1,
7290111093470,false,"קוויק מסיר הפלא ספוגית להסרת כתמים, 3 יחידות",שקד תבל בע`מ,,,"י""ח",3,"י""ח",false,1,10.90,3.63,true,1,
7290111093760,false,קוויק מטליות לחות לניקוי רצפות ניחוח מרכך כביסה 10 יחידות,שקד תבל בע`מ,,,"י""ח",1,"י""ח",false,1,11.90,11.90,true,1,
7290111093982,false,"טרופיקל תחליב רחצה פסיפלורה ואינקה אינצ'י 700 מ""ל דר' עור","אמיליה קוסמטיקס בע""\מ",,,"י""ח",700,ל גרם,false,1,14.90,2.13,true,1,
7290111094248,false,"קוויק שקית אשפה חזקה וגדולה במיוחד (90*78), 20 יח'",שקד תבל בע`מ,,,"י""ח",1,"י""ח",false,1,21.90,21.90,true,1,
7290111094361,false,קוויק שקיות אשפה XL עם ידית 20 יח' במארז,שקד תבל בעמ,,,"י""ח",1,"י""ח",false,1,13.90,13.90,true,1,
7290111094392,false,"טרופיקל תחליב רחצה קוקוס וליים 700 מ""ל דר' עור","אמיליה קוסמטיקס בע""\מ",,,"י""ח",700,ל גרם,false,1,14.90,2.13,true,1,
7290111094613,false,מגבונים לניקוי משקפיים 10 יח' I-CARE,שקד תבל בע`מ,,,"י""ח",24,"י""ח",false,1,7.90,0.33,true,1,
7290111094651,false,שקיות אשפה L עם ידית קוויק 40 יח',שקד תבל בעמ,,,"י""ח",1,"י""ח",false,1,13.90,13.90,true,1,
7290111095818,false,קוויק שקיות אשפה L חזקות במיוחד עם שרוך 40 יח',שקד תבל בע`מ,,,"י""ח",1,"י""ח",false,1,21.90,21.90,true,1,
7290111096921,false,קוויק מגבונים לניקוי כללי בתוספת חומץ ומלח לימון 50 יח',שקד תבל בע`מ,,,"י""ח",50,"י""ח",false,1,8.90,0.18,true,1,
7290111097041,false,מגבונים בייביסיטר מבושם שמינייה,קיבוץ עמיר dpl,,,"י""ח",66,"י""ח",false,1,24.90,0.38,true,1,
7290111097546,false,קוויק מגבונים 99.9% לניקוי כללי למשטחים בניחוח מרכך כביסה 50 יחידות,שקד תבל בע`מ,,,"י""ח",50,"י""ח",false,1,8.90,0.18,true,1,
7290111340178,false,מטליות לחות לניקוי כללי בניחוח מרכך כביסה 50 יח' ניקול,קימברלי קלארק ישראל שיווק בעמ,,,"י""ח",100,ל גרם,false,1,11.90,11.90,false,1,
7290111340956,false,ניקול מטליות לחות לרצפה בניחוח פריחה לבנה,קימברלי קלארק ישראל שיווק בעמ,,,"י""ח",10,"י""ח",false,1,9.90,0.99,false,1,
7290111341373,false,נייר טואלט לילי פסטל 30 יחידות,קימברלי קלארק ישראל שיווק בעמ,,,"י""ח",30,"י""ח",false,1,33.90,1.13,false,1,
7290111341830,false,מפת שולחן ניקול גליי עם סליידר 45 מ,קימברלי קלארק ישראל שיווק בעמ,,,"י""ח",1,,false,1,23.90,23.90,false,1,
7290111341984,false,לילי - מגבוני נייר טואלט לח פיור רביעייה,קימברלי קלארק ישראל שיווק בעמ,,,"י""ח",117,ל גרם,false,1,24.90,21.28,true,1,
7290111342042,false,כריות יפניות ניקול לניקוי אנטיבקטריאלי 4,קימברלי קלארק ישראל שיווק בעמ,,,"י""ח",1,"י""ח",false,1,13.90,13.90,true,1,
7290111342059,false,50 מטליות מיקרופייבר לשטחים אנטיבקטריאלי ניקול,קימברלי קלארק ישראל שיווק בעמ,,,"י""ח",100,ל גרם,false,1,13.90,13.90,true,1,
7290111342073,false,מטליות מקרופייבר למשטחים אנטיבקטריאלי ניקול,קימברלי קלארק ישראל שיווק בעמ,,,"י""ח",100,ל גרם,false,1,16.90,16.90,false,1,
7290111343445,false,מגבונים לחים אנטיבקטריאליים לניקוי וחיטוי משטחים 70% אלכוהול ALCO-WIPES,קימברלי קלארק ישראל שיווק בעמ,,,"י""ח",100,ל גרם,false,1,24.90,24.90,false,1,
7290111343827,false,מטליות רב שימושיות לניקוי וקירצוף 6 יחי',קימברלי קלארק ישראל שיווק בעמ,,,"י""ח",3,"י""ח",false,1,10,3.33,false,1,
7290111343841,false,ניקול ספוגית הקסם נירוסטה 3 יחידות,קימברלי קלארק ישראל שיווק בעמ,,,"י""ח",3,"י""ח",false,1,10,3.33,false,1,
7290111344077,false,ניקול שלישיית מטליות לחות למשטחים אנטיבקטריאלי 50 יחידות,קימברלי קלארק ישראל שיווק בעמ,,,"י""ח",150,"י""ח",false,1,24.90,0.17,false,1,
7290111344138,false,שישיית מטליות רב סיבי נחושת אנטיבקטראלי,קימברלי קלארק ישראל שיווק בעמ,,,"י""ח",6,"י""ח",false,1,10.90,1.82,false,1,
7290111344145,false,ניקול זוג מטליות מיקרופייבר אנטיבקטריאליות לרצפה,קימברלי קלארק ישראל שיווק בעמ,,,"י""ח",100,ל גרם,false,1,29.90,29.90,false,1,
7290111344206,false,האגיס נטורל קר מגבונים לחים בבישום עדין רביעייה,קימברלי קלארק ישראל שיווק בעמ,,,"י""ח",4,"י""ח",false,1,19.90,4.98,true,1,
7290111344459,false,קוטוקס תחבושות נייט אקסטרא לונג 20 יח',קימברלי קלארק ישראל שיווק בעמ,,,"י""ח",20,"י""ח",false,1,19.90,1,true,1,
7290111344565,false,ניקול שקיות זיפר מארז משולב מידות,קימברלי קלארק ישראל שיווק בעמ,,,"י""ח",1,"י""ח",false,1,13.90,13.90,true,1,
7290111344572,false,ניקול שקיות אשפה עם ידיות 25 יח',קימברלי קלארק ישראל שיווק בעמ,,,"י""ח",25,"י""ח",false,1,21.90,0.88,false,1,
7290111344626,false,ניקול מגבות מטבח אנטיבקטרילי,קימברלי קלארק ישראל שיווק בעמ,,,"י""ח",33.10,מטר,false,1,20.90,0.63,false,1,
7290111344633,false,ניקול משטח ייבוש כלים אנטיבקטריאלי,קימברלי קלארק ישראל שיווק בעמ,,,"י""ח",33.10,מטר,false,1,20.90,0.63,false,1,
7290111344695,false,נייר טואלט מולט 32 יח' מהדורת חורף,קימברלי קלארק ישראל שיווק בעמ,,,"י""ח",1850,ל גרם,false,1,31.90,1.72,false,1,
7290111344701,false,ניקול שקיות אוכל סנדויצון מניונים 250 יחידות,קימברלי קלארק ישראל שיווק בעמ,,,"י""ח",250,"י""ח",false,1,12.90,0.05,false,1,
7290111344831,false,קוטקס - מגיני יום אקסטרא פרוטקט נורמל ביג 60 יח',קימברלי קלארק ישראל שיווק בעמ,,,"י""ח",1,"י""ח",false,1,22.90,22.90,true,1,
7290111344855,false,קוטקס - מגיני יום אקסטרא פרוטקט לארג' ביג 52 יח',קימברלי קלארק ישראל שיווק בעמ,,,"י""ח",1,"י""ח",false,1,22.90,22.90,true,1,
7290111344930,false,מטליות לחות לרצפה בניחוח כביסה ארומתרפיה ניקול 10 יח',קימברלי קלארק ישראל שיווק בעמ,,,"י""ח",10,"י""ח",false,1,9.90,0.99,false,1,
7290111345050,false,כרית מיקרופייבר דו צדדית לניקוי עדין,קימברלי קלארק ישראל שיווק בעמ,,,"י""ח",10,"י""ח",false,1,12.90,1.29,false,1,
7290111345722,false,ניקול שקיות לשמירה על הטריות 5 יחידות,קימברלי קלארק ישראל שיווק בעמ,,,"י""ח",2,"י""ח",false,1,15.90,7.95,true,1,
7290111345753,false,תחבושות נטורל דואו נורמל 24 יח' קוטקס,קימברלי קלארק ישראל שיווק בעמ,,,"י""ח",1,,false,1,19.90,19.90,true,1,
7290111345760,false,תחבושות נטורל דואו סופר 18 יח' קוטקס,קימברלי קלארק ישראל שיווק בעמ,,,"י""ח",1,,false,1,19.90,19.90,true,1,
7290111345777,false,תחבושת קוטקס כותנה לילה 16 יח' קוטקס,קימברלי קלארק ישראל שיווק בעמ,,,"י""ח",1,,false,1,19.90,19.90,true,1,
7290111345814,false,נייר טואלט לילי נטורל קר 30 גלילים מהדורה,קימברלי קלארק ישראל שיווק בעמ,,,"י""ח",552,מטר,false,1,33.90,0.06,false,1,
7290111345821,false,נייר טואלט לילי נטורל קר 32-16 גלילי כפו,קימברלי קלארק ישראל שיווק בעמ,,,"י""ח",552,מטר,false,1,25.90,0.05,false,1,
7290111345982,false,ניקול דפי ספוגית הקסם 10 יחידות,קימברלי קלארק ישראל שיווק בעמ,,,"י""ח",10,"י""ח",false,1,11.90,1.19,false,1,
7290111346118,false,האגיס מגבונים בישום עדין רביעייה מהדורה,קימברלי קלארק ישראל שיווק בעמ,,,"י""ח",4,"י""ח",false,1,19.90,4.98,true,1,
7290111346293,false,מגבת נייר ניקול 6 יחידות מהדורה חגיגית,קימברלי קלארק ישראל שיווק בעמ,,,"י""ח",66.20,מטר,false,1,13.90,0.21,false,1,
7290111346347,false,מגבוני אף אוריגינל סופט חמישיה קלינקס,קימברלי קלארק ישראל שיווק בעמ,,,"י""ח",5,"י""ח",false,1,15.90,3.18,true,1,
7290111350047,false,תמרים מזן מגהול ללא חרצנים 500 גרם,ליימן שליסל בע`מ,,,"י""ח",500,ל גרם,false,1,13.90,2.78,true,1,
7290111350092,false,מארז מיקס חטיפי מיני לואקר בסט 200 גר,ליימן שליסל בעמ,,,"י""ח",1,"י""ח",false,1,24.90,24.90,true,1,
7290111350665,false,קליית גת דבש לחיץ טהור מפרחי בר 350 גרם,חקלאות עין חרוד מאוח,,,"י""ח",350,"ל מ""ל",false,1,22.90,6.54,false,1,
7290111350672,false,"דבש טהור מפרחי בר ""קליית גת"" 700 גרם",חקלאות עין חרוד מאוח,,,"י""ח",700,"ל מ""ל",false,1,32.90,4.70,false,1,
7290111350740,false,הוט פופ קידס טבעי+מלח 500 ג' +5 גביעים,ליימן שליסל בעמ,,,"י""ח",600,ל גרם,false,1,16.90,2.82,true,1,
7290111351280,false,תערובת אגוזים קלויים ללא מלח 150 גרם קליית גת,ליימן שליסל,,,"י""ח",150,ל גרם,false,1,17.90,11.93,false,1,
7290111352430,false,ממרח תמרים טבעי קליית גת 440 גרם,ליימן שליסל בע`מ,,,"י""ח",440,ל גרם,false,1,11.90,2.70,true,1,
7290111352508,false,סילאן טבעי לחיץ קליית גת 840 גרם,ליימן שליסל בע`מ,,,"י""ח",840,ל גרם,false,1,22.90,2.73,true,1,
7290111352966,false,יוגטה סוכריות ממולאות בטעם פירות 250 גרם ללא ג'לטין,ליימן שליסל בע`מ,,,"י""ח",250,ל גרם,false,1,7.90,3.16,true,1,
7290111352973,false,יוגוטה קוביות חמוצות ממולאות בטעם פירות,ליימן שליסל בע`מ,,,"י""ח",220,ל גרם,false,1,7.90,3.59,true,1,
7290111353055,false,"גומי דובי 200 גר' וסטהיים (כש""לפ בית יוסף)",אפגאם תעשיות ממתקים,,,"י""ח",200,ל גרם,false,1,9.90,4.95,true,1,
7290111353109,false,"גומי נחש מבריק 200 גר' וסטהיים (כש""לפ בית יוסף).",אפגאם תעשיות ממתקים,,,"י""ח",200,ל גרם,false,1,9.90,4.95,true,1,
7290111353123,false,"גומי נחש מסוכר 200 גר' וסטהיים (כש""לפ בית יוסף)",טופגם תעשיות ממתקים,,,"י""ח",200,ל גרם,false,1,9.90,4.95,true,1,
7290111353475,false,שטיחים חמוצים בטעם פירות 200 גר` יוגטה,ליימן שליסל בע`מ,,,"י""ח",200,ל גרם,false,1,7.90,3.95,true,1,
7290111353482,false,מקלות חמוצים ממולאות בטעמי פירות יוגטה 200 גרם,ליימן שליסל בע`מ,,,"י""ח",200,ל גרם,false,1,7.90,3.95,true,1,
7290111353550,false,חמאת בוטנים טבעית קליית גת 300 גרם,ליימן שליסל בע`מ,,,"י""ח",300,ל גרם,false,1,14.90,4.97,true,1,
7290111354045,false,מארז שלישיית עגבניות קצוצות מרקדו טייסט 400 גרם,ליימן שליסל בעמ,,,"י""ח",1.20,"ק""ג",false,1,16.90,14.08,true,1,
7290111354120,false,ממרח חלווה קליית גת 300 גרם,ליימן שליסל,,,"י""ח",300,ל גרם,false,1,15.90,5.30,true,1,
7290111354137,false,ממרח פקאן מסוכר קליית גת 200 גרם,ליימן שליסל בעמ,,,"י""ח",200,ל גרם,false,1,19.90,9.95,false,1,
7290111354144,false,ממרח קוקוס מקורמל קליית גת 200 גרם,ליימן שליסל בעמ,,,"י""ח",200,ל גרם,false,1,15.90,7.95,true,1,
7290111354151,false,ממרח אגוזי לוז קליית גת 200 גר,ליימן שליסל בעמ,,,"י""ח",200,ל גרם,false,1,15.90,7.95,true,1,
7290111354236,false,"טורטיה מקמח חיטה 25 ס""מ צ'וקטה 420 גרם",ליימן שליסל,,,"י""ח",1,,false,1,9.90,9.90,true,1,
7290111354243,false,"טורטיה מקמח חיטה 30 ס""מ צ'וקטה 540 גרם",ליימן שליסל,,,"י""ח",1,,false,1,11.90,11.90,true,1,
7290111354588,false,קלמר מנטוס עם 30 סוכריות בטעם תות 75 גר,ליימן שליסל בעמ,,,"י""ח",1,,false,1,19.90,19.90,false,1,
7290111354687,false,מיני מרשמלו בטעם תות וניל 500 גרם,ליימן שליסל בעמ,,,"י""ח",500,ל גרם,false,1,22.90,4.58,true,1,
7290111354915,false,תינוקלין סל כביסה לתינוק,ליימן שליסל,,,"י""ח",5,"ק""ג",false,1,29.90,5.98,false,1,
7290111430060,false,כדור מעודד זחילה,כוכב נולד פלוס נתיבות בעמ,,,"י""ח",1,,false,1,109.90,109.90,false,1,
7290111430190,false,רעשן מפל כדורים מיקי מאוס,כוכב נולד פלוס נתיבות בעמ,,,"י""ח",1,,false,1,39.90,39.90,false,1,
7290111430565,false,ספר צלילים,כוכב נולד פלוס נתיבות בעמ,,,"י""ח",1,,false,1,109.90,109.90,false,1,
7290111430770,false,דמבו קשקשן,כוכב נולד פלוס נתיבות בעמ,,,"י""ח",1,,false,1,69.90,69.90,false,1,
7290111430787,false,דלמטי תליה,כוכב נולד פלוס נתיבות בעמ,,,"י""ח",1,,false,1,59.90,59.90,false,1,
7290111430800,false,דמבו,כוכב נולד פלוס נתיבות בעמ,,,"י""ח",1,,false,1,49.90,49.90,false,1,
7290111430817,false,קשקשן רעשו דלמטי,כוכב נולד פלוס נתיבות בעמ,,,"י""ח",1,,false,1,49.90,49.90,false,1,
7290111430862,false,רעשן דמבו,כוכב נולד פלוס נתיבות בעמ,,,"י""ח",1,,false,1,49.90,49.90,false,1,
7290111430879,false,קשקשן דלמטי,כוכב נולד פלוס נתיבות בעמ,,,"י""ח",1,,false,1,49.90,49.90,false,1,
7290111430923,false,קסילופון,כוכב נולד פלוס נתיבות בעמ,,,"י""ח",1,,false,1,139.90,139.90,false,1,
7290111431142,false,מובייל מוזיקלי,כוכב נולד פלוס נתיבות בעמ,,,"י""ח",1,,false,1,159.90,159.90,false,1,
7290111431159,false,מובייל מוזיקלי,כוכב נולד פלוס נתיבות בעמ,,,"י""ח",1,,false,1,129.90,129.90,false,1,
7290111531323,false,עוגיות רוגלך טעם וניל 400גרם.,שיבולים יצור ושיווק מוצרי מאפה,,,"י""ח",400,ל גרם,false,1,13.90,3.48,true,1,
7290111560910,false,אוסם וופל טעם שוקולד אקסרט מילוי 200 ג,קבוצת אוסם סחר-שות.מוגבלת,,,"י""ח",200,ל גרם,false,1,5.20,2.60,false,1,
7290111563492,false,סלטי צבר מטבוחה חריפה מרובע 6*400גרם,קבוצת אוסם סחר-שות.מוגבלת,,,"י""ח",400,ל גרם,false,1,13.70,3.43,true,1,
7290111564277,false,פריכיות דקות ונימוחות 3 דגנים פיטנס Fitness,קבוצת אוסם סחר שותפות מוגבלת,,,"י""ח",120,ל גרם,false,1,11.90,9.92,true,1,
7290111564291,false,פריכיות דקות ונימוחות 3 דגנים וקינואה פיטנס Fitness,קבוצת אוסם סחר שותפות מוגבלת,,,"י""ח",120,ל גרם,false,1,11.90,9.92,true,1,
7290111564956,false,"ביסלי במבה מיקס 200 גרם ""אסם""",קבוצת אוסם סחר שותפות מוגבלת,,,"י""ח",200,ל גרם,false,1,9.90,4.95,true,1,
7290111565038,false,"לה קרמריה וניל קוקילידה בד""צ 1.4 ל'",נגה גלידות שותפות מוגבלת,,,"י""ח",1.40,ליטר,false,1,19.90,14.21,false,1,
7290111565502,false,ארטיק אוראו וניל ועוגיות סנדוויץ נסטלה 80 ג',נגה גלידות שותפות מוגבלת,,,"י""ח",80,ל גרם,false,1,10,12.50,true,1,
7290111566240,false,שניצל דק מן הצומח בטעם צ'ילי חריף 700 גרם,קבוצת אוסם סחר שותפות מוגבלת,,,"י""ח",564,ל גרם,false,1,38.90,6.90,true,1,
7290111566271,false,טבעול חטיפי תירס 657 גרם קפוא,קבוצת אוסם סחר שותפות מוגבלת,,,"י""ח",657,ל גרם,false,1,38.90,5.92,true,1,
7290111566776,false,"נקניקיות קוקטייל מן הצומח 680 גרם ""טבעול""",קבוצת אוסם סחר שותפות מוגבלת,,,"י""ח",680,ל גרם,false,1,38.90,5.72,true,1,
7290111568206,false,ביסלי פארטי מיקס אסם 150 גר',קבוצת אוסם סחר שותפות מוגבלת,,,"י""ח",150,ל גרם,false,1,8.90,5.93,true,1,
7290111568275,false,אטריות נודלס אורז רחבות אסם אסייתי 300גרם,קבוצת אוסם סחר שותפות מוגבלת,,,"י""ח",300,ל גרם,false,1,12.90,4.30,false,1,
7290111568466,false,רוטב אסייתי למוקפץ הסדרה האסייתית,קבוצת אוסם סחר שותפות מוגבלת,,,"י""ח",360,ל גרם,false,1,14.90,4.14,false,1,
7290111568961,false,אסם בייגלה טבעות מלוח 400 גר`,קבוצת אוסם סחר שותפות מוגבלת,,,"י""ח",400,ל גרם,false,1,11.70,2.93,false,1,
7290111930799,false,חטיף בטעם בצל קראנצ',ש. שסטוביץ בע`מ,,,"י""ח",55,ל גרם,false,1,3.50,6.36,true,1,
7290111930805,false,קראנצ'וס טעם ברביקיו 55 גר',ש. שסטוביץ בע`מ,,,"י""ח",55,ל גרם,false,1,3.50,6.36,true,1,
7290111930850,false,קראנצ'וס טעם פיצה 55גר',ש. שסטוביץ בע`מ,,,"י""ח",55,ל גרם,false,1,3.50,6.36,true,1,
7290111930898,false,חטיף פוף כוכבים גריל אמריקאי 40 גרם,ש. שסטוביץ בע`מ,,,"י""ח",40,ל גרם,false,1,3.90,9.75,true,1,
7290111930904,false,חטיף פוף כוכבים בצל 40 גרם,ש. שסטוביץ בע`מ,,,"י""ח",40,ל גרם,false,1,3.90,9.75,true,1,
7290111930911,false,חטיף פוף לבבות קלאסי 40 גרם,ש. שסטוביץ בע`מ,,,"י""ח",40,ל גרם,false,1,3.90,9.75,true,1,
7290111930928,false,חטיף פוף לבבות גריל 40 גרם,ש. שסטוביץ בע`מ,,,"י""ח",40,ל גרם,false,1,3.90,9.75,true,1,
7290111930935,false,חטיף פוף טבעות קלאסי 40 גרם,ש. שסטוביץ בע`מ,,,"י""ח",40,ל גרם,false,1,3.90,9.75,true,1,
7290111931338,false,סבון רחצה פלמוליב לומינוס מועשר בשמנים טבעיים,קולגייט פלמוליב,,,"י""ח",500,"ל מ""ל",false,1,15.90,3.18,true,1,
7290111932380,false,"מרידול משחת שיניים מארז 75X2מ""ל כשל""פ",ש.שסטוביץ בעמ,,,"י""ח",1.50,ליטר,false,1,29.90,19.93,false,1,
7290111933462,false,"רוטב צ'ילי מתוק מאסטר שף 300 מ""ל",ש. שסטוביץ בע`מ,,,"י""ח",300,ל גרם,false,1,7.90,2.63,false,1,
7290111933554,false,שלישייה עגבניות קוביות מאסטר שף 400 גרם,קונסוריזיו קאסאלסקו,,,"י""ח",1.20,"ק""ג",false,1,15.90,13.25,false,1,
7290111933561,false,מאסטר שף תערובת ציפוי נגטס 250 גרם,טסט וסנט קו.לטד,,,"י""ח",250,ל גרם,false,1,7.90,3.16,false,1,
7290111935527,false,"מ. שיניים קולגייט טוטל קלין מיניט -זוג כשל""פ2*100 גרם",קולגייט פלמוליב,,,"י""ח",100,"ל מ""ל",false,1,29.90,29.90,true,1,
7290111935961,false,מאסטר שף מחית עגבניות 690 גרם,פראנו אנריקו ופיגלי,,,"י""ח",690,ל גרם,false,1,10.90,1.58,false,1,
7290111937262,false,מארז חמישיית חטיפי תמרים אגוזים ושברי קקאו פרי 125 גרם,"טבעית מוצרים מהטבע בע""\מ",,,"י""ח",125,ל גרם,false,1,16.90,13.52,false,1,
7290111937712,false,קוקי רדיד אלומיניום עטוף בנייר אפייה,ש. שסטוביץ בע`מ,,,"י""ח",1,,false,1,10.20,10.20,true,1,
7290111938481,false,"מאזטר שף רוטב סויה בהירה 300 מ""ל",ש. שסטוביץ בע`מ,,,"י""ח",300,"ל מ""ל",false,1,9.90,3.30,false,1,
7290112000156,false,"איירוויק מילוי מפיץ אדים אוטמטי לבנדר 20 מ""ל",רקיט בנקיזר (ניר איסט) בעמ,,,"י""ח",1,"י""ח",false,1,16.90,16.90,false,1,
7290112000286,false,"גל לניקוי אסלות סיליט באנג לימון 750 מ""ל",רקיט בנקיזר (ניר איסט) בעמ,,,"י""ח",750,"ל מ""ל",false,1,10.90,1.45,false,1,
7290112000293,false,"סיליט באנג ג'ל לחיטוי וניקוי האסלה פרש, 750 מ""ל",רקיט בנקיזר (ניר איסט) בעמ,,,"י""ח",750,"ל מ""ל",false,1,10.90,1.45,false,1,
7290112000408,false,מנקה ומחטא עוצמתי לניקוי כללי בניחוח לימון,רקיט בנקיזר (ניר איסט) בעמ,,,"י""ח",750,"ל מ""ל",false,1,14.90,1.99,true,1,
7290112000712,false,ויט קרם להסרת שיער לגבר למקלחת 150 מל,רקיט בנקיזר (ניר איסט) בעמ,,,"י""ח",150,"ל מ""ל",false,1,39.90,26.60,false,1,
7290112000736,false,פיניש טבליות AIO 80 יח` אריזת חיסכון,רקיט בנקיזר (ניר איסט) בעמ,,,"י""ח",80,"י""ח",false,1,59.90,0.75,true,1,
7290112000828,false,דטול - מגבונים חיטוי וניקוי אנטי בקטריאלי 60 יח',רקיט בנקיזר (ניר איסט) בעמ,,,"י""ח",60,"י""ח",false,1,9.90,0.17,false,1,
7290112000842,false,דטול מגבונים לניקוי כללי בניחות לימון 60 יח',רקיט בנקיזר (ניר איסט) בעמ,,,"י""ח",60,"י""ח",false,1,9.90,0.17,false,1,
7290112000880,false,מטליות לחות למטבח מנקה ומחטא עוצמתי,רקיט בנקיזר (ניר איסט) בעמ,,,"י""ח",60,"י""ח",false,1,9.90,0.17,false,1,
7290112001023,false,"אירוויק ספרי אוטמטי מילוי תענוגות האביב 250 מ""ל",רקיט בנקיזר (ניר איסט) בעמ,,,"י""ח",1,,false,1,15.90,15.90,true,1,
7290112001030,false,"אירוויק ספרי אוטמטי מילוי פריחת הדובדבן 250 מ""ל",רקיט בנקיזר (ניר איסט) בעמ,,,"י""ח",1,,false,1,15.90,15.90,true,1,
7290112001221,false,מנקה מכונת כביסה בניחוח נקי ורענן,רקיט בנקיזר (ניר איסט) בעמ,,,"י""ח",250,"ל מ""ל",false,1,19.90,7.96,true,1,
7290112001238,false,"מנקה מכונת כביסה קולון לימון 250 מ""ל",רקיט בנקיזר (ניר איסט) בעמ,,,"י""ח",250,"ל מ""ל",false,1,19.90,7.96,false,1,
7290112001436,false,"פיניש מנקה מדיח כלים בניחוח לימון 250 מ""ל",רקיט בנקיזר (ניר איסט) בעמ,,,"י""ח",2,ליטר,false,1,14.90,7.45,true,1,
7290112001870,false,"סיליט באנג ספריי ניקוי אמבטיה 750 מ""ל",רקיט בנקיזר (ניר איסט) בעמ,,,"י""ח",1,,false,1,12.90,12.90,false,1,
7290112001917,false,ג`ל למדיח כלים בניחוח מרענן פיניש (1 לי,רקיט בנקיזר (ניר איסט) בעמ,,,"י""ח",1,ליטר,false,1,42.90,42.90,false,1,
7290112002099,false,קולון גל כביסה מרוכז 2.5 ליטר קלאסי,רקיט בנקיזר (ניר איסט) בעמ,,,"י""ח",2.50,ליטר,false,1,24.90,9.96,true,1,
7290112002105,false,קולון גל כביסה מרוכז 2.5 ליטר ניחוח לילך,רקיט בנקיזר (ניר איסט) בעמ,,,"י""ח",2.50,ליטר,false,1,24.90,9.96,true,1,
7290112002112,false,ג'ל כביסה מרוכז קולון 101 בניחוח ורדים,רקיט בנקיזר (ניר איסט) בעמ,,,"י""ח",2.50,ליטר,false,1,24.90,9.96,true,1,
7290112002129,false,ג'ל כביסה מרוכז קולון 101 בניחוח פריחה מרענן,רקיט בנקיזר (ניר איסט) בעמ,,,"י""ח",2.50,ליטר,false,1,24.90,9.96,true,1,
7290112002136,false,ג'ל כביסה מרוכז קולון 101 קלאסי,רקיט בנקיזר (ניר איסט) בעמ,,,"י""ח",4,ליטר,false,1,34.90,8.73,false,1,
7290112002143,false,ג'ל כביסה מרוכז קולון 101 בניחוח לילך,רקיט בנקיזר (ניר איסט) בעמ,,,"י""ח",4,ליטר,false,1,34.90,8.73,false,1,
7290112002150,false,ג'ל כביסה מרוכז קולון 101 בניחוח ורדים,רקיט בנקיזר (ניר איסט) בעמ,,,"י""ח",4,ליטר,false,1,34.90,8.73,false,1,
7290112002167,false,קולון ג'ל כביסה בניחוח פריחה מרענן ירוק 4 ליטר,רקיט בנקיזר (ניר איסט) בעמ,,,"י""ח",4,ליטר,false,1,34.90,8.73,false,1,
7290112002457,false,דטול - שלישיית מגבונים לניקוי וחיטוי בניחוח לימון,רקיט בנקיזר (ניר איסט) בעמ,,,"י""ח",1,,false,1,21.90,21.90,false,1,
7290112002983,false,מרסס סיליט חומצת לימון לניקוי כללי 750מל,רקיט בנקיזר (ניר איסט) בעמ,,,"י""ח",750,"ל מ""ל",false,1,17.90,2.39,false,1,
7290112002990,false,"סיליט ספריי אבקת סודה להסרת שומנים 750 מ""ל",רקיט בנקיזר (ניר איסט) בעמ,,,"י""ח",750,"ל מ""ל",false,1,17.90,2.39,false,1,
7290112003232,false,אבקת כביסה בניחוח לבנדר קולון 5 ק''ג,רקיט בנקיזר (ניר איסט) בעמ,,,"י""ח",5,"ק""ג",false,1,39.90,7.98,false,1,
7290112003249,false,אבקת כביסה בניחוח מאסק קולון 5 ק''ג,רקיט בנקיזר (ניר איסט) בעמ,,,"י""ח",5,"ק""ג",false,1,39.90,7.98,false,1,
7290112003256,false,אבקת כביסה קולון 101 בניחוח לבנדר,רקיט בנקיזר (ניר איסט) בעמ,,,"י""ח",1.25,"ק""ג",false,1,14.90,11.92,false,1,
7290112003263,false,"אבקת כביסה קולון לבנדר 1.25 ק""ג",רקיט בנקיזר (ניר איסט) בעמ,,,"י""ח",1.25,"ק""ג",false,1,14.90,11.92,false,1,
7290112003959,false,וניש מסיר כתמים אבקה לכביסה צבעונית 470 גרם,רקיט בנקיזר (ניר איסט) בעמ,,,"י""ח",470,ל גרם,false,1,19.90,4.23,false,1,
7290112003966,false,"אבקה להסרת כתמים לכביסה לבנה ""וניש גולד""",רקיט בנקיזר (ניר איסט) בעמ,,,"י""ח",470,ל גרם,false,1,19.90,4.23,false,1,
7290112004031,false,ג'ל מסיר כתמים לכביסה צבעונית וניש אוקסי אקשן,רקיט בנקיזר (ניר איסט) בעמ,,,"י""ח",90,"ל מ""ל",false,1,14.90,16.56,false,1,
7290112004109,false,מטליות לחות לניקוי כללי וחיטוי בריח ליים ונענע- מארז,רקיט בנקיזר (ניר איסט) בעמ,,,"י""ח",3,"י""ח",false,1,21.90,7.30,false,1,
7290112004192,false,פיניש טבליות אקולוגי למדיח 70יח,רקיט בנקיזר (ניר איסט) בעמ,,,"י""ח",400,"ל מ""ל",false,1,54.90,13.73,false,1,
7290112004208,false,פיניש טבליות למדיח הכל ב 1 לימון 50 יחידות,רקיט בנקיזר (ניר איסט) בעמ,,,"י""ח",50,"י""ח",false,1,39.90,0.80,true,1,
7290112004314,false,"דטול - תרסיס חיטוי וניקוי בניחוח לימון רימונים 750 מ""ל",רקיט בנקיזר (ניר איסט) בעמ,,,"י""ח",750,"ל מ""ל",false,1,14.90,1.99,true,1,
7290112004413,false,"ספריי וניש קליה להסרת כתמים לבגדים לבנים 750 מ""ל",רקיט בנקיזר (ניר איסט) בעמ,,,"י""ח",750,"ל מ""ל",false,1,16.90,2.25,true,1,
7290112004604,false,דטול - שלישיית מגבונים לניקוי וחיטוי בניחוח לימון רימונים,רקיט בנקיזר (ניר איסט) בעמ,,,"י""ח",1,,false,1,21.90,21.90,false,1,
7290112004611,false,"וניש קליה ג'ל מרוכז לטיפול נקודתי בכתמים 200 מ""ל",רקיט בנקיזר (ניר איסט) בעמ,,,"י""ח",200,"ל מ""ל",false,1,16.90,8.45,true,1,
7290112004703,false,וניש תוסף כביסה גל מרוכז-כביסה צבעונית,רקיט בנקיזר (ניר איסט) בעמ,,,"י""ח",750,"ל מ""ל",false,1,19.90,2.65,false,1,
7290112004710,false,וניש תוסף כביסה גל מרוכז-כביסה לבנה,רקיט בנקיזר (ניר איסט) בעמ,,,"י""ח",750,"ל מ""ל",false,1,19.90,2.65,false,1,
7290112004772,false,אירוויק מילוי מבשם חשמלי כביסה באוויר,רקיט בנקיזר (ניר איסט) בעמ,,,"י""ח",1,,false,1,16.90,16.90,true,1,
7290112004970,false,פיניש אולטימייט קוואנטום 50 טבליות למדיח,רקיט בנקיזר (ניר איסט) בעמ,,,"י""ח",50,"י""ח",false,1,59.90,1.20,true,1,
7290112004987,false,אירוויק פרשמטיק מילוי בניחוח פצ`ולי ויער,רקיט בנקיזר (ניר איסט) בעמ,,,"י""ח",1,,false,1,15.90,15.90,true,1,
7290112004994,false,איירוויק מילוי אוטומטי יסמין מבשם אויר אטומטי,רקיט בנקיזר (ניר איסט) בעמ,,,"י""ח",1,,false,1,15.90,15.90,true,1,
7290112005045,false,וניש מסיר כתמים אבקה לכביסה לבנה 480 גרם,רקיט בנקיזר (ניר איסט) בעמ,,,"י""ח",480,ל גרם,false,1,16.90,3.52,true,1,
7290112005052,false,וניש תוסף כביסה רב תכליתי לבגדים לבנים,רקיט בנקיזר (ניר איסט) בעמ,,,"י""ח",150,ל גרם,false,1,39.90,26.60,true,1,
7290112005083,false,וניש תוסף כביסה רב תכליתי לכביסה צבעונית,רקיט בנקיזר (ניר איסט) בעמ,,,"י""ח",150,ל גרם,false,1,39.90,26.60,true,1,
7290112005144,false,מכשיר פרשמטיק+מילוי יסמין וקטורת התפוח,רקיט בנקיזר (ניר איסט) בעמ,,,"י""ח",1,,false,1,44.90,44.90,true,1,
7290112005168,false,פיניש אולטימייט קוואנטום לימון 60 טבליות למדיח,רקיט בנקיזר (ניר איסט) בעמ,,,"י""ח",45,"י""ח",false,1,59.90,1.33,true,1,
7290112191274,false,"טורטיה מקמח חיטה 780גר 12יח קוטר 25ס""מ",א.ג בחירה חכמה בעמ,,,"י""ח",780,ל גרם,false,1,12.90,1.65,false,1,
7290112192875,false,"סנסודיין - משחת שיניים רגישות וחניכיים 75 מ""ל",סנסודיין Sensodyne,,,"י""ח",75,ל גרם,false,1,31.90,42.53,true,1,
7290112192943,false,"ספירה אנתוש אלוורה 50 מ""ל",גורי ע.ע.ע. בעמ,,,"י""ח",500,"ל מ""ל",false,1,18.90,3.78,false,1,
7290112195647,false,"שמן זית כתית מעולה 750מ""ל הזית",א.ג בחירה חכמה בעמ,,,"י""ח",750,"ל מ""ל",false,1,29.90,3.99,true,1,
7290112195975,false,בטבע שלי שווארמה צמחית 500גר,א.ג בחירה חכמה בעמ,,,"י""ח",500,ל גרם,false,1,19.90,3.98,false,1,
7290112197085,false,"סטייל - סבון מעוצב פריז 500 מ""ל",רנקסאן פלסטיק יאנגר,,,"י""ח",500,"ל מ""ל",false,1,10.90,2.18,true,1,
7290112197092,false,"סטייל - סבון מעוצב ניו יורק 500 מ""ל",רנקסאן פלסטיק יאנגר,,,"י""ח",500,"ל מ""ל",false,1,10.90,2.18,true,1,
7290112197177,false,דגני בוקר במילוי קרם בטעם נוגט ללא גלוטן 375 ג' G FREE,גורי מוצרי צריכה (1991) בעמ,,,"י""ח",375,ל גרם,false,1,19.90,5.31,true,1,
7290112197191,false,דגני בוקר כהים במילוי קרם וניל ללא גלוטן 375 ג' G FREE,גורי מוצרי צריכה (1991) בעמ,,,"י""ח",375,ל גרם,false,1,19.90,5.31,true,1,
7290112197702,false,פיצה משפחתית  מרגריטה 330 ג' ללא גלוטן ג'י פרי,גורי מוצרי צריכה (1991) בעמ,,,"י""ח",330,"ל מ""ל",false,1,27.90,8.45,false,1,
7290112197719,false,פיצה משפחתית  זיתים 330 ג' ללא גלוטן ג'י פרי,גורי מוצרי צריכה (1991) בעמ,,,"י""ח",330,"ל מ""ל",false,1,27.90,8.45,false,1,
7290112330352,false,"יוגורט PRO בטעם וניל 0% , 20 גרם חלבון בגביע",שטראוס גרופ בעמ/מצונן,,,"י""ח",20,"ל מ""ל",false,1,5.90,29.50,true,1,
7290112330390,false,דנונה פרו פירות יער 20 גרם חלבון 0% שומן 200 גרם,שטראוס גרופ בעמ/מצונן,,,"י""ח",200,"ל מ""ל",false,1,5.90,2.95,true,1,
7290112330987,false,"שייק חלבון מי גבינה עם אפרסק ומנגו 350מ""","שטראוס גרופ ***בע""מ",,,"י""ח",350,ל גרם,false,1,7.50,2.14,true,1,
7290112332585,false,פריכיות משולש תפוא אורז בתיבול סלק ומלח ים אנרג'י 30 גרם,"פרח תעשיו מזון בע""מ",,,"י""ח",30,ל גרם,false,1,5,16.67,true,1,
7290112332691,false,פינוקיות עוגיות קרם פסק זמן אגוזים 200 גרם,"הגביע מוצרי וופלים בע""\מ",,,"י""ח",200,ל גרם,false,1,11.90,5.95,true,1,
7290112332875,false,מסטיק מאסט קוביות בטעם מנטה עדינה 86 ג' עלית,שטראוס גרופ בע`מ,,,"י""ח",80,ל גרם,false,1,13.90,17.38,true,1,
7290112332899,false,עלית - צנצנת בזוקה פופים קלאסי 58 גרם,שטראוס גרופ בע`מ,,,"י""ח",58,ל גרם,false,1,11.90,20.52,true,1,
7290112334305,false,סלט כרובית עם טחינה 330גר,"שטראוס גרופ ***בע""מ",,,"י""ח",400,ל גרם,false,1,14.90,3.73,true,1,
7290112334596,false,שוקולית אבקת שוקו עלית,שטראוס קפה בי.וי.,,,"י""ח",850,ל גרם,false,1,17.90,2.11,true,1,
7290112334749,false,קפה טורקי בצלופן עלית 200 גרם+ 10% תוספת,"שטראוס גרופ בע""מ",,,"י""ח",200,ל גרם,false,1,17.90,8.95,true,1,
7290112335043,false,מרשמלו בזוקה עלית 150 גרם ווסטהיים,טופגאם תעשיות ממתקים,,,"י""ח",150,ל גרם,false,1,6.90,4.60,true,1,
7290112335050,false,מרשמלו וניל 150 גרם ווסטהים,טופגאם תעשיות ממתקים,,,"י""ח",150,ל גרם,false,1,5.90,3.93,true,1,
7290112335111,false,מסטיק מאסט קוביות בזוקה ללא גלוטן 86 גר,אסקום קונפקשיין,,,"י""ח",80,ל גרם,false,1,13.90,17.38,true,1,
7290112335487,false,הפריכיות הטעימות קצח ודגנים אנרג'י 135 גרם,אנרג'י Energy - שטראוס,,,"י""ח",135,ל גרם,false,1,12.90,9.56,true,1,
7290112335494,false,הפריכיות הטעימות תפוחי אדמה בטעם פוטטוס,"פרח תעשיות מזון בע""\מ",,,"י""ח",135,ל גרם,false,1,12.90,9.56,true,1,
7290112335500,false,"פרכיות אנרג'י חומוס,אורז,עדשים שחורות וקינואה 135 גרם","פרח תעשיות מזון בע""\מ",,,"י""ח",135,ל גרם,false,1,12.90,9.56,true,1,
7290112336613,false,עד חצות עוגיות סנדוויץ במילוי שוקולד חלב,שטראוס גרופ בע`מ,,,"י""ח",135,ל גרם,false,1,13.90,10.30,true,1,
7290112336637,false,סוכריות מאסט Must ללא סוכר יוגורט תות ואוכניות,"שטראוס גרופ בע""מ",,,"י""ח",80,ל גרם,false,1,8.90,11.13,true,1,
7290112336644,false,סוכריות מאסט ללא סוכר לימון 80 ג' עלית,"שטראוס גרופ בע""מ",,,"י""ח",80,ל גרם,false,1,8.90,11.13,true,1,
7290112336651,false,סוכריות מאסט ללא סוכר ריבת חלב 80 ג' עלית,"שטראוס גרופ בע""מ",,,"י""ח",80,ל גרם,false,1,8.90,11.13,true,1,
7290112336712,false,יוגורט PRO לבן 0% 21 גרם חלבון בגביע,שטראוס גרופ בעמ/מצונן,,,"י""ח",20,"ל מ""ל",false,1,5.90,29.50,true,1,
7290112337474,false,סוכריות מאסט ללא סוכר פטל לימון 80 ג' עלית,שטראוס גרופ בע`מ,,,"י""ח",80,ל גרם,false,1,8.90,11.13,true,1,
7290112337481,false,סוכריות מאסט ללא סוכר קפצ''ינו 80 ג' עלית,שטראוס גרופ בע`מ,,,"י""ח",80,ל גרם,false,1,8.90,11.13,true,1,
7290112338877,false,מעדן גבינה בטעם תות 3% 125ג' סקי,שטראוס גרופ בעמ/מצונן,,,"י""ח",125,ל גרם,false,1,3.90,3.12,true,1,
7290112339171,false,מעדן מוס שוקולד 81 גר`מילקי,שטראוס גרופ בעמ/מצונן,,,"י""ח",81,ל גרם,false,1,3.50,4.32,true,1,
7290112339362,false,דנונה לייט אנד פריי בטעם קפוצ'ינו 150 גרם,שטראוס גרופ בעמ/מצונן,,,"י""ח",150,"ל מ""ל",false,1,4.50,3,true,1,
7290112339867,false,גמדים לדרך גבינה לבנה עם מחית תות,שטראוס גרופ בעמ/מצונן,,,"י""ח",100,ל גרם,false,1,5.90,5.90,true,1,
7290112339874,false,גמדים לדרך גבינה לבנה עם מחיות תות ובננה,שטראוס גרופ בעמ/מצונן,,,"י""ח",100,ל גרם,false,1,5.90,5.90,true,1,
7290112340122,false,הפריכיות הטעימות 3 דגנים אנרג'י 135 גרם,"פרח תעשיות מזון בע""\מ",,,"י""ח",135,ל גרם,false,1,12.90,9.56,true,1,
7290112340245,false,מסטיק מאסט צנצנת בטעם דובדבן 66 גר` מגדי,"שטראוס גרופ בע""\מ",,,"י""ח",66,ל גרם,false,1,9.90,15,true,1,
7290112340252,false,צנצנת מסטיק מאסט בטעם אבטיח מלון 66 ג' עלית,"שטראוס גרופ בע""\מ",,,"י""ח",66,ל גרם,false,1,9.90,15,true,1,
7290112340276,false,פינוקיות עוגיית קרם קפה נמס 200 גרם,"הגביע מוצרי וופלים בע""\מ",,,"י""ח",200,ל גרם,false,1,11.90,5.95,true,1,
7290112340900,false,קפה טורקי האג נטול קפאין 200 גרם,הנסיך- מפעל לייצור ט,,,"י""ח",200,ל גרם,false,1,24.90,12.45,true,1,
7290112341556,false,יוגורט אקטיביה עם צ'יה ותות 150 גרם,שטראוס גרופ בעמ/מצונן,,,"י""ח",150,ל גרם,false,1,4.60,3.07,true,1,
7290112342102,false,סימפוניה גבינה במרקם שמנת בצל מקורמל 5%,שטראוס גרופ בעמ/מצונן,,,"י""ח",200,ל גרם,false,1,10.90,5.45,true,1,
7290112342270,false,קפה פלטינום אינטנס מחוזק ב- 10% אספרסו,שטראוס קפה בי.וי,,,"י""ח",125,ל גרם,false,1,18.20,14.56,true,1,
7290112342508,false,חטיף דוריטוס צ`יזי טוויסט 70 גרם,"שטראוס פריטו ליי בע""\מ",,,"י""ח",70,ל גרם,false,1,3.90,5.57,true,1,
7290112343260,false,"יטבתה רוטב שמנת קלאסי 9% שומן 260 מ""ל",שטראוס גרופ בעמ/מצונן,,,"י""ח",260,ל גרם,false,1,10.90,4.19,true,1,
7290112343420,false,"משקה חלב עם דגנים מלאים ובננה פרו יטבתה 350מ""ל",שטראוס גרופ בעמ/מצונן,,,"י""ח",350,"ל מ""ל",false,1,7.50,2.14,true,1,
7290112343499,false,חטיף צ'יטוס פאפס אפוי בטעם גבינה,"שטראוס פריטו ליי בע""\מ )",,,"י""ח",60,ל גרם,false,1,3.50,5.83,true,1,
7290112343512,false,צ'יטוס puffs בטעם גבינה 180 גרם,"שטראוס פריטו ליי בע""\מ )",,,"י""ח",180,ל גרם,false,1,7.50,4.17,true,1,
7290112344564,false,רביולי גבינה קלאסי שטראוס 400 ג',שטראוס גרופ בעמ/מצונן,,,"י""ח",400,ל גרם,false,1,19.90,4.98,true,1,
7290112344724,false,מילקי בטעם שוקולד בלונדי עם קצפת 133גר,שטראוס גרופ בעמ/מצונן,,,"י""ח",133,ל גרם,false,1,3.40,2.56,true,1,
7290112344755,false,מילקי עם 26% פחות סוכר 135 גר}שטראוס{,שטראוס גרופ בעמ/מצונן,,,"י""ח",130,"ל מ""ל",false,1,2.90,2.23,true,1,
7290112344786,false,קפה פלטינום קלאסיק עלית 200 גרם,הנסיך- מפעל לייצור ט,,,"י""ח",200,ל גרם,false,1,24.90,12.45,true,1,
7290112344953,false,סימפוניה חציל קלוי גבינה במקרם שמנת 5%,שטראוס גרופ בעמ/מצונן,,,"י""ח",200,ל גרם,false,1,10.90,5.45,true,1,
7290112346360,false,בפלות אחת אחת בציפוי שוקולד חלב עלית 180 גרם,הגביע מוצרי וופלים ב,,,"י""ח",180,ל גרם,false,1,13.90,7.72,true,1,
7290112346537,false,עוגיות פינוקיות בטעם טורטית 200 ג' עלית,"הגביע מוצרי ופלים בע""\מ",,,"י""ח",200,ל גרם,false,1,11.90,5.95,true,1,
7290112346629,false,דנונה בר יוגורט+קורנפלקס מצופה שוקולד חלב ולבן 172 גרם,שטראוס גרופ בעמ/מצונן,,,"י""ח",175,"ל מ""ל",false,1,4.60,2.63,true,1,
7290112346773,false,יוגורט בטעם וניל 0% לייט אנד פרי 10 גרם חלבון בגביע,שטראוס גרופ בעמ/מצונן,,,"י""ח",150,"ל מ""ל",false,1,4.50,3,true,1,
7290112346797,false,יוגורט אקטיביה שיבולת שועל ושזיף 150 גרם,שטראוס גרופ בעמ/מצונן,,,"י""ח",150,ל גרם,false,1,4.60,3.07,true,1,
7290112346827,false,אקטימל ויטמין c פטל שמינייה 864 גרם,שטראוס גרופ בעמ/מצונן,,,"י""ח",800,"ל מ""ל",false,1,20.20,2.53,true,1,
7290112347008,false,גמדים לדרך גבינה לבנה עם מחית תות ושיבולת שועל,שטראוס גרופ בעמ/מצונן,,,"י""ח",100,ל גרם,false,1,5.90,5.90,true,1,
7290112348586,false,עלית - קפה נמס מילקשייק אייס קלאסי 200 גרם (2),שטראוס קפה בי.וי,,,"י""ח",200,ל גרם,false,1,19.90,9.95,true,1,
7290112348616,false,עלית - קפה נמס אגוזי לוז 100 גרם,שטראוס גרופ בע`מ,,,"י""ח",100,ל גרם,false,1,19.90,19.90,true,1,
7290112348999,false,הפריכיות הטעימות תירס דקות אנרג'י 135 גרם,שטראוס גרופ בע`מ,,,"י""ח",135,ל גרם,false,1,12.90,9.56,true,1,
7290112349316,false,מסטיק בזוקה פופים ממולא בטעם תות ללא סוכר,"שטראוס גרופ בע""מ",,,"י""ח",80,ל גרם,false,1,11.90,14.88,true,1,
7290112349606,false,מעדן גבינה ויוגורט תות בננה 88 ג' דניאלה,שטראוס גרופ בעמ/מצונן,,,"י""ח",150,"ל מ""ל",false,1,4.10,2.73,true,1,
7290112349644,false,דניאלה מעדן בטעם פירות יער שטראוס (88 גר,שטראוס גרופ בעמ/מצונן,,,"י""ח",150,"ל מ""ל",false,1,4.10,2.73,true,1,
7290112349699,false,פסאטה מחית עגבניות חלקה 350 גר' יד מרדכי,אמיליאנה קונסרב סוסייטה,,,"י""ח",350,ל גרם,false,1,7.90,2.26,true,1,
7290112349705,false,פומודורו רוטב עגבניות קלאסי לפסטה יד מרדכי 350 גרם,אמיליאנה קונסרב סוסייטה,,,"י""ח",350,ל גרם,false,1,11.90,3.40,true,1,
7290112349736,false,בזיליקום רוטב עגבניות לפסטה יד מרדכי 350 גרם,אמיליאנה קונסרב סוסייטה,,,"י""ח",350,ל גרם,false,1,11.90,3.40,true,1,
7290112349750,false,פיצה רוטב עגבניות לפיצה יד מרדכי 350 גרם,אמיליאנה קונסרב סוסייטה,,,"י""ח",350,ל גרם,false,1,11.90,3.40,true,1,
7290112349903,false,רוטב שמנת עם גרגירי וניל 9% שומן 260 ג' יטבתה,שטראוס גרופ בעמ/מצונן,,,"י""ח",200,ל גרם,false,1,10.90,5.45,true,1,
7290112350275,false,קפסולות LUNGO למכונת נספרסו עלית 10 יחידות,שטראוס קפה בי.וי,,,"י""ח",50,ל גרם,false,1,19.90,39.80,true,1,
7290112350312,false,קפסולות 15 קפה יותר למכונות נספרסו עלית 10יח',הנסיך- מפעל לייצור ט,,,"י""ח",50,ל גרם,false,1,19.90,39.80,true,1,
7290112350589,false,צ`יקו להכנת משקה צ`יקוריה עלית (65 גרם),שטראוס קפה בי.וי,,,"י""ח",65,ל גרם,false,1,11.50,17.69,true,1,
7290112351067,false,סילאן טבעי 100% תמר מג'הול ללא תוספת סוכר,שטראוס גרופ בע`מ,,,"י""ח",630,ל גרם,false,1,24.90,3.95,true,1,
7290112351258,false,עוגיית קקאו פינוקיות שחור לבן 200 גר,"הגביע מוצרי ופלים בע""\מ",,,"י""ח",200,ל גרם,false,1,11.90,5.95,true,1,
7290112351463,false,שלישיית סוכריות מאסט FRESH פטל לימון 45 ג' עלית,"הליקון גידה בע""\מ",,,"י""ח",45,ל גרם,false,1,8.90,19.78,true,1,
7290112351470,false,סוכריות ללא סוכר בטעם תות רימון מאסט פרש,"הליקון גידה בע""\מ",,,"י""ח",45,ל גרם,false,1,8.90,19.78,true,1,
7290112353412,false,"פריכיות תפו""א, אורז, תירס, אפונה ירוקה, סלק, מלח ים","פרח תעשיו מזון בע""מ",,,"י""ח",30,ל גרם,false,1,5,16.67,true,1,
7290112353887,false,"משקה קפה קר בטעם אגוזים יטבתה 230 מ""ל",האי נאם סי או אל.טי.,,,"י""ח",230,"ל מ""ל",false,1,7.90,3.43,true,1,
7290112354945,false,תפוצ'יפס WAVY בטעם טבעי 50 גרם,שטראוס פריטו ליי בע`מ,,,"י""ח",50,ל גרם,false,1,4.50,9,true,1,
7290112354952,false,תפוצ`יפס פפריקה (50 גרם)היתר מכירה,שטראוס פריטו ליי בע`מ,,,"י""ח",50,ל גרם,false,1,4.50,9,true,1,
7290112354969,false,תפוצ'יפס בטעם טבעי 200 גרם היתר מכירה,שטראוס פריטו ליי בע`מ,,,"י""ח",200,ל גרם,false,1,10.90,5.45,true,1,
7290112355027,false,דנונה פרו 20 גרם חלבון בטעם קרמל מלוח 200 גרם,שטראוס גרופ בעמ/מצונן,,,"י""ח",20,"ל מ""ל",false,1,5.90,29.50,true,1,
7290112355102,false,גמדים סקוויז 100 גרם פאוץ סלט פירות 100 גרם,שטראוס גרופ בעמ/מצונן,,,"י""ח",100,ל גרם,false,1,5.90,5.90,true,1,
7290112355263,false,רוטב שמנת עם שוקולד 9% שומן 260 ג' יטבתה,שטראוס גרופ בעמ/מצונן,,,"י""ח",200,ל גרם,false,1,10.90,5.45,true,1,
7290112355386,false,יטבתה רוטב שמנת בטעם קרמל מלוח יטבתה 260 גרם,שטראוס גרופ בעמ/מצונן,,,"י""ח",200,ל גרם,false,1,10.90,5.45,true,1,
7290112355393,false,"יטבתה רוטב שמנת+בטטה 9% שומן 250 מ""ל",שטראוס גרופ בעמ/מצונן,,,"י""ח",257,ל גרם,false,1,10.90,4.24,true,1,
7290112355720,false,דנונה WOW קרמל מלוח 2.4% 150גר,"שטראוס בריאות בע""\מ",,,"י""ח",150,"ל מ""ל",false,1,4.90,3.27,true,1,
7290112355775,false,גבינת סימפוניה עם עירית 200 גרם,שטראוס גרופ בעמ/מצונן,,,"י""ח",200,ל גרם,false,1,10.90,5.45,true,1,
7290112355881,false,דנונה לייט אנד פריי טעם תות עם חלבון,"שטראוס בריאות בע""\מ",,,"י""ח",150,"ל מ""ל",false,1,4.50,3,true,1,
7290112356536,false,אבקת קקאו עלית (150 גרם% )+10תוספת,הנסיך- מפעל לייצור ט,,,"י""ח",150,ל גרם,false,1,10.90,7.27,true,1,
7290112357045,false,עגבניות איטלקיות מרוסקות 390 גר' בקופסה טעם הטבע,"שטראוס גרופ בע""מ",,,"י""ח",390,ל גרם,false,1,6.60,1.69,true,1,
7290112357069,false,מחית עגבניות איטלקיות בקופסה 500 גר' טעם הטבע,"שטראוס גרופ בע""מ",,,"י""ח",500,ל גרם,false,1,6.90,1.38,true,1,
7290112357083,false,טעם הטבע אפונה ירוקה 380 גרם קופסה,הדקלאים אגודת שיתופי,,,"י""ח",380,ל גרם,false,1,6.90,1.82,true,1,
7290112357113,false,גרגרי חומוס בקופסה 380 גר' טעם הטבע,"שטראוס גרופ בע""מ",,,"י""ח",380,ל גרם,false,1,6.90,1.82,true,1,
7290112357175,false,קפסולות BOOST למכונת נספרסו עלית 10 יחידות,שטראוס קפה בי.וי,,,"י""ח",50,ל גרם,false,1,19.90,39.80,true,1,
7290112357892,false,שלישיית סוכריות מאסט FRESH מנטה 45 גרם,"הליקון גידה בע""\מ",,,"י""ח",45,ל גרם,false,1,8.90,19.78,true,1,
7290112358127,false,דנונה פרו חלבון+מגנזיום- וניל ועוגיות 200 גרם,שטראוס גרופ בעמ/מצונן,,,"י""ח",200,"ל מ""ל",false,1,6.40,3.20,true,1,
7290112358219,false,רוטב צ`ילי מתוק יד מרדכי (300 גר`),אף.סי תבליני בגליל ב,,,"י""ח",280,"ל מ""ל",false,1,12.90,4.61,true,1,
7290112358233,false,רוטב צ`ילי חריף יד מרדכי (300 גר`),"שטראוס גרופ בע""מ",,,"י""ח",280,"ל מ""ל",false,1,12.90,4.61,true,1,
7290112358240,false,רוטב גריל יד מרדכי 300 גרם,שטראוס גרופ בע`מ,,,"י""ח",300,"ל מ""ל",false,1,12.90,4.30,true,1,
7290112358257,false,רוטב לעוף עם שזיפים יד מרדכי 300 גרם,שטראוס גרופ בע`מ,,,"י""ח",300,"ל מ""ל",false,1,12.90,4.30,true,1,
7290112358431,false,עד חצות דאבל ביסקוויט עם שוקולד חלב -8 אריזות אישיות,ביסקוויטס טור ד'\אלבון,,,"י""ח",200,ל גרם,false,1,13.90,6.95,true,1,
7290112358554,false,מארז קפה נמס מנות אישיות לדרך 50.4 גר,שטראוס גרופ בע`מ,,,"י""ח",50,ל גרם,false,1,10.90,21.80,true,1,
7290112358561,false,קפה נמס פלטינום קלאסי 47 ג' עלית,שטראוס גרופ בע`מ,,,"י""ח",47,ל גרם,false,1,5.90,12.55,true,1,
7290112359353,false,קפה טורקי אלדין ( 200 גר`) עלית,"שטראוס גרופ בע""מ",,,"י""ח",200,ל גרם,false,1,21.90,10.95,true,1,
7290112359384,false,עלית - קפה נמס אלפחורס ריבת חלב 100 גרם,שטראוס גרופ בע`מ,,,"י""ח",200,ל גרם,false,1,19.90,9.95,true,1,
7290112359902,false,"קפה פלטינום ברזיל עלית, 47 גרם",שטראוס גרופ בע`מ,,,"י""ח",47,ל גרם,false,1,5.90,12.55,true,1,
7290112415400,false,עוגיות אלפחורס קפולסקי 280 גרם,תופינים מקבוצת קפולסקי,,,"י""ח",300,ל גרם,false,1,29.90,9.97,false,1,
7290112490032,false,"נמס בכוס טעם תירס קנור 31 גרם מארז זוגי בד""צ",יוניליוור ישראל שיווק בע`מ,,,"י""ח",64,ל גרם,false,1,7.50,11.72,true,1,
7290112490117,false,קליק אקסטרא לארג שוקולד חלב עם וופל ואגוזים,"יוניליוור ישראל שיווק בע""מ",,,"י""ח",85,ל גרם,false,1,5.90,6.94,true,1,
7290112490209,false,נמס בכוס מרק עגבניות עם קרוטונים רכיבים טבעיים,"יוניליוור ישראל שיווק בע""מ",,,"י""ח",56,ל גרם,false,1,7.50,13.39,true,1,
7290112490216,false,מרק נמס בכוס בטעם עוף קנור 100% רכיבים טבעיים,"יוניליוור ישראל שיווק בע""מ",,,"י""ח",48,ל גרם,false,1,7.50,15.63,true,1,
7290112490230,false,מרק נמס בכוס אפונה קנור 100% רכיבים טבעיים,"יוניליוור ישראל שיווק בע""מ",,,"י""ח",50,ל גרם,false,1,7.50,15,true,1,
7290112490582,false,חרדל דיג'וןן צרפתי הלמנס 350 גר,"יוניליוור ישראל שיווק בע""מ",,,"י""ח",350,ל גרם,false,1,11.90,3.40,false,1,
7290112490599,false,חרדל צרפתי עם גרגירים שלמים הלמנס 350 גר,"יוניליוור ישראל שיווק בע""מ",,,"י""ח",350,ל גרם,false,1,9.90,2.83,false,1,
7290112490650,false,קונפיטורה תות שדה 340 גרם-צנצנת,"יוניליוור ישראל שיווק בע""מ",,,"י""ח",340,ל גרם,false,1,12.90,3.79,false,1,
7290112490667,false,קונפיטורה משמש778 50% פרי 340 גר',יוניליוור ישראל שיווק בע`מ,,,"י""ח",340,ל גרם,false,1,12.90,3.79,false,1,
7290112490674,false,קונפיטורה דובדבנים 778 50% פרי 340 גר-,יוניליוור ישראל שיווק בע`מ,,,"י""ח",340,ל גרם,false,1,12.90,3.79,false,1,
7290112490698,false,קונפיטורה תות שדה לייט 300 גרם-צנצנת,יוניליוור ישראל שיווק בע`מ,,,"י""ח",260,ל גרם,false,1,12.90,4.96,false,1,
7290112490728,false,מרק עשיר ירקות עם בורגול רכיבים טבעיים 95 ג' קנור,יוניליוור ישראל שיווק בע`מ,,,"י""ח",74,ל גרם,false,1,11.90,16.08,false,1,
7290112490735,false,מרק עשיר עגבניות עם פסטה ר.טבעיים 105 גרם קנור,יוניליוור ישראל שיווק בע`מ,,,"י""ח",74,ל גרם,false,1,11.90,16.08,false,1,
7290112490759,false,מרק עשיר עוף עם אטריות רכיבים טבעיים 74 ג' קנור,"יוניליוור ישראל שיווק בע""מ",,,"י""ח",74,ל גרם,false,1,11.90,16.08,false,1,
7290112490827,false,תרסיס ריחני למייבש הכביסה בדין בייבי 500,"יוניליוור ישראל שיווק בע""מ",,,"י""ח",500,"ל מ""ל",false,1,16.90,3.38,false,1,
7290112490896,false,"קנור רוטב צ'ילי חריף 370 מ""ל PAL","יוניליוור ישראל שיווק בע""מ",,,"י""ח",300,"ל מ""ל",false,1,11.90,3.97,true,1,
7290112491497,false,"מרק פטריות פרווה 400גרם כשל""פ",יוניליוור ישראל שיווק בעמ,,,"י""ח",400,ל גרם,false,1,24.90,6.23,false,1,
7290112491695,false,קונפיטורה משמש לייט 50%778פרי 260 גר',יוניליוור ישראל שיווק בע`מ,,,"י""ח",260,ל גרם,false,1,12.90,4.96,false,1,
7290112491701,false,ברנפלקס בטעם וניל מעודן 20% חלבון Extra Protein,"יוניליוור ישראל שיווק בע""מ",,,"י""ח",375,ל גרם,false,1,19.90,5.31,false,1,
7290112491770,false,בייגלה דקים דקים מלח ים בייגל בייגל 300 גרם.,יוניליוור ישראל שיווק בע`מ,,,"י""ח",300,ל גרם,false,1,11.90,3.97,true,1,
7290112491787,false,בייגלה דקים דקים עם שומשום בייגל בייגל 300 גרם,יוניליוור ישראל שיווק בע`מ,,,"י""ח",300,ל גרם,false,1,11.90,3.97,true,1,
7290112491794,false,בייגלה דקים דקים בטעם שמנת ובצל בייגל בייגל 300 גרם,"יוניליוור ישראל שיווק בע""מ",,,"י""ח",300,ל גרם,false,1,11.90,3.97,true,1,
7290112492449,false,פינוק שמפו שיער רגיל 700 מל-חדש,"יוניליוור ישראל שיווק בע""מ",,,"י""ח",700,"ל מ""ל",false,1,11.90,1.70,true,1,
7290112492456,false,"שמפו פינוק לשיער יבש/פגום 700 מ""ל",יוניליוור ישראל שיווק בע`מ,,,"י""ח",700,"ל מ""ל",false,1,11.90,1.70,true,1,
7290112492463,false,"שמפו ומרכך 2 ב-1 לשיער רגיל פינוק 700 מ""ל.",יוניליוור ישראל שיווק בע`מ,,,"י""ח",700,"ל מ""ל",false,1,11.90,1.70,true,1,
7290112492470,false,"שמפו ומרכך 2 ב-1 לשיער יבש פינוק 700 מ""ל.",יוניליוור ישראל שיווק בע`מ,,,"י""ח",700,"ל מ""ל",false,1,11.90,1.70,true,1,
7290112492487,false,פינוק שמפו לשיער עם שמן מרוקאי 700 מל,"יוניליוור ישראל שיווק בע""מ",,,"י""ח",700,"ל מ""ל",false,1,11.90,1.70,true,1,
7290112492500,false,פינוק שמפו לשיער עם שמן קוקוס 700 מל,"יוניליוור ישראל שיווק בע""מ",,,"י""ח",700,"ל מ""ל",false,1,11.90,1.70,true,1,
7290112492531,false,"פינוק קונדישנר לשיער רגיל 700מ""ל","יוניליוור ישראל שיווק בע""מ",,,"י""ח",700,"ל מ""ל",false,1,11.90,1.70,true,1,
7290112492548,false,"מרכך פינוק עם שמן חוחובה 700 מ""ל","יוניליוור ישראל שיווק בע""מ",,,"י""ח",700,"ל מ""ל",false,1,11.90,1.70,true,1,
7290112492579,false,פינוק מרכך בתוספת שמן קוקוס 700 מל-חדש,יוניליוור ישראל שיווק בע`מ,,,"י""ח",700,"ל מ""ל",false,1,11.90,1.70,true,1,
7290112492593,false,תחליב רחצה פינוק בניחוח פינוק קלאסי 700,יוניליוור ישראל שיווק בע`מ,,,"י""ח",750,"ל מ""ל",false,1,11.90,1.59,false,1,
7290112492609,false,"פינוק סבון נוזלי לבנדר ווניל 700 מ""ל","יוניליוור ישראל שיווק בע""מ",,,"י""ח",700,"ל מ""ל",false,1,11.90,1.70,false,1,
7290112492630,false,"שמפו ג'ל רחצה וסבון פנים 3 ב-1 לגבר פינוק 700 מ""ל",יוניליוור ישראל שיווק בע`מ,,,"י""ח",700,"ל מ""ל",false,1,11.90,1.70,true,1,
7290112492647,false,"פינוק לגבר 3 ב1 שמפו ג'ל רחצה וסבון פנים 700 מ""ל","יוניליוור ישראל שיווק בע""מ",,,"י""ח",700,"ל מ""ל",false,1,11.90,1.70,true,1,
7290112492678,false,פינוק שמפו לשיער רגיל אריזת נסיעות 100 מ,יוניליוור ישראל שיווק בעמ,,,"י""ח",100,"ל מ""ל",false,1,6.90,6.90,false,1,
7290112492685,false,פינוק מרכך לשיער רגיל אריזת נסיעות 100 מ,יוניליוור ישראל שיווק בעמ,,,"י""ח",100,ל גרם,false,1,4.90,4.90,false,1,
7290112492715,false,"פינוק שמפו ללא דמעות לסירוק קל לילדים 700 מ""ל","יוניליוור ישראל שיווק בע""מ",,,"י""ח",700,"ל מ""ל",false,1,12.90,1.84,false,1,
7290112492722,false,"2ב-1 שמפו ומרכך פינוק אל דמע לסירוק קל לילדים 700 מ""ל",יוניליוור ישראל שיווק בע`מ,,,"י""ח",700,"ל מ""ל",false,1,13.90,1.99,false,1,
7290112492746,false,"פינוק מרכך ללא דמעות לסירוק קל לילדים 700 מ""ל",יוניליוור ישראל שיווק בע`מ,,,"י""ח",700,"ל מ""ל",false,1,13.90,1.99,false,1,
7290112492753,false,"פינוק לילדים אל סבון לרחצה 700 מ""ל","יוניליוור ישראל שיווק בע""מ",,,"י""ח",700,"ל מ""ל",false,1,11.90,1.70,false,1,
7290112492944,false,"קנור אבקת מרק עוף אמיתי 400 גרם כשל""פ",יוניליוור ישראל שיווק בע`מ,,,"י""ח",400,ל גרם,false,1,19.90,4.98,true,1,
7290112492968,false,"אבקת מרק בצל קנור כשל""פ 400 גר'",יוניליוור ישראל שיווק בע`מ,,,"י""ח",400,ל גרם,false,1,23.70,5.93,false,1,
7290112492975,false,"קנור מרק טעם עוף 400 גרם כשל""פ",יוניליוור ישראל שיווק בעמ,,,"י""ח",400,ל גרם,false,1,14.90,3.73,false,1,
7290112492982,false,"אבקת מרק פטריות כשל""פ 100% רכיבים טבעיים 400 גרם",יוניליוור ישראל שיווק בע`מ,,,"י""ח",400,ל גרם,false,1,25,6.25,true,1,
7290112493064,false,"רוטב שזיפים להקפצה, לבישול ולאפיה","יוניליוור ישראל שיווק בע""מ",,,"י""ח",320,ל גרם,false,1,11.90,3.72,true,1,
7290112493088,false,נמס בכוס עדשים מרק רכיבים טבעיים קנור 54 ג',יוניליוור ישראל שיווק בע`מ,,,"י""ח",48,ל גרם,false,1,7.50,15.63,true,1,
7290112493095,false,נמס בכוס מרק עגבניות חריף רכיבים טבעיים קנור 48 ג',יוניליוור ישראל שיווק בע`מ,,,"י""ח",48,ל גרם,false,1,7.50,15.63,true,1,
7290112493293,false,קנור - נמס ירקות וקרוטונים ר.טבעי 44 גרם,"יוניליוור ישראל שיווק בע""מ",,,"י""ח",48,ל גרם,false,1,7.50,15.63,true,1,
7290112493873,false,חטיף אפוי דג דג (400 גרם)בייגל בייגל,יוניליוור ישראל שיווק בע`מ,,,"י""ח",400,ל גרם,false,1,13.50,3.38,false,1,
7290112493927,false,גלידה בטעם ריבת חלב 1.33ל' קרמיסימו,"גלידת שטראוס בע""\מ, רחוב",,,"י""ח",776,"ל מ""ל",false,1,18.90,2.44,false,1,
7290112493934,false,גלידה קרמיסימו וניל צרפתי 1.33 ליטר,"גלידת שטראוס בע""\מ, רחוב",,,"י""ח",776,"ל מ""ל",false,1,18.90,2.44,false,1,
7290112493965,false,קרמיסימו חלבית בטעם מסטיק וניל 665 גר,"גלידת שטראוס בע""\מ, רחוב",,,"י""ח",814,"ל מ""ל",false,1,18.90,2.32,false,1,
7290112494016,false,"מיונז אמיתי מופחת שומן תלמה 500 גרם בד""צ",יוניליוור ישראל שיווק בע`מ,,,"י""ח",500,ל גרם,false,1,9.90,1.98,false,1,
7290112494153,false,תיבוליות ניחוח צלי קנור( 72 גרם),יוניליוור ישראל שיווק בע`מ,,,"י""ח",72,ל גרם,false,1,8.90,12.36,true,1,
7290112494221,false,חטיף ביסקויט שוקולד חלב קליק (65 גרם),יוניליוור ישראל שיווק בע`מ,,,"י""ח",65,ל גרם,false,1,5.90,9.08,false,1,
7290112494238,false,חטיף כדורים שוקולד חלב קליק (65 גרם),יוניליוור ישראל שיווק בע`מ,,,"י""ח",65,ל גרם,false,1,5.90,9.08,false,1,
7290112494276,false,קליק כריות בתפזורת כשר לפסח,יוניליוור ישראל שיווק בע`מ,,,"י""ח",65,ל גרם,false,1,5.90,9.08,false,1,
7290112494283,false,חטיף כדורים מעורב חום לבו 65 גר`קליק,יוניליוור ישראל שיווק בע`מ,,,"י""ח",65,ל גרם,false,1,5.90,9.08,false,1,
7290112494313,false,קליק - קורנפלקס תפזורת 65 גרם,"יוניליוור ישראל שיווק בע""מ",,,"י""ח",65,ל גרם,false,1,5.90,9.08,false,1,
7290112494344,false,קורנפלקס של אלופים תלמה (850 גרם)רבנות,"יוניליוור ישראל שיווק בע""מ",,,"י""ח",850,ל גרם,false,1,17.60,2.07,false,1,
7290112494351,false,קורנפלקס של אלופים תלמה (850 גרם).בדצ,יוניליוור ישראל שיווק בע`מ,,,"י""ח",850,ל גרם,false,1,17.60,2.07,false,1,
7290112494382,false,פירה בטעם ביתי 260 גרם-קופסא,יוניליוור ישראל שיווק בע`מ,,,"י""ח",260,ל גרם,false,1,11.90,4.58,false,1,
7290112494580,false,דומסטוס ג'ל לניקוי וחיטוי אסלות עם אקונומיקה בניחוח פרחים,יוניליוור ישראל שיווק בע`מ,,,"י""ח",750,"ל מ""ל",false,1,13.50,1.80,false,1,
7290112494818,false,בדין-ג'ל לכביסה לבנה וצבעונית בייבי 2.5 ליטר,יוניליוור ישראל שיווק בע`מ,,,"י""ח",2.50,ליטר,false,1,32.90,13.16,false,1,
7290112494825,false,תרחיץ פנים לעור רגיש מכיל 25% קרם לחות,יוניליוור ישראל שיווק בע`מ,,,"י""ח",180,"ל מ""ל",false,1,11.90,6.61,false,1,
7290112494832,false,תרחיץ פנים לכל סוגי העור מכיל 25% קרם לחות,יוניליוור ישראל שיווק בע`מ,,,"י""ח",180,"ל מ""ל",false,1,11.90,6.61,false,1,
7290112494993,false,כריות דגנים במילוי וניל בדצ 686 גרם,"יוניליוור ישראל שיווק בע""מ",,,"י""ח",750,ל גרם,false,1,24.90,3.32,true,1,
7290112495006,false,כריות דגנים במילוי נוגט בדצ 686 גרם,"יוניליוור ישראל שיווק בע""מ",,,"י""ח",750,ל גרם,false,1,24.90,3.32,false,1,
7290112495020,false,כריות צוקולדה בדצ מאוחד 750 גר,יוניליוור ישראל שיווק בע`מ,,,"י""ח",750,ל גרם,false,1,24.90,3.32,true,1,
7290112495037,false,דגני בוקר בטעם שוקולד כדורים 375 ג' קוקומן,יוניליוור ישראל שיווק בע`מ,,,"י""ח",375,ל גרם,false,1,19.90,5.31,true,1,
7290112495044,false,דגני קוקומן פצפוצים תלמה (375 גרם),יוניליוור ישראל שיווק בע`מ,,,"י""ח",375,ל גרם,false,1,19.90,5.31,true,1,
7290112495105,false,נשנושים טעם שמנת בצל בייגל בייגל 260 גרם,"יוניליוור ישראל שיווק בע""מ",,,"י""ח",260,ל גרם,false,1,12.70,4.88,false,1,
7290112495112,false,נשנושים טעם זעתר בייגל בייגל 260 גרם,"יוניליוור ישראל שיווק בע""מ",,,"י""ח",260,ל גרם,false,1,12.70,4.88,false,1,
7290112495143,false,נשנושי קרקר קוקטייל מלוח בייגל בייגל 300 גרם,"יוניליוור ישראל שיווק בע""מ",,,"י""ח",300,ל גרם,false,1,12.90,4.30,false,1,
7290112495150,false,נשנושי קרקר עיגולים מלח בייגל בייגל 300 גרם,"יוניליוור ישראל שיווק בע""מ",,,"י""ח",300,ל גרם,false,1,12.90,4.30,false,1,
7290112495167,false,נשנושי קרקר שומשום בייגל בייגל 350 גרם,יוניליוור ישראל שיווק בע`מ,,,"י""ח",300,ל גרם,false,1,12.90,4.30,false,1,
7290112495174,false,נשנושי קרקר קוקטייל שומשום בייגל בייגל 300 גרם,יוניליוור ישראל שיווק בע`מ,,,"י""ח",300,ל גרם,false,1,12.90,4.30,false,1,
7290112495228,false,קורנפלקס דבש תלמה אלופים 448 גרם,"יוניליוור ישראל שיווק בע""מ",,,"י""ח",448,ל גרם,false,1,18.70,4.17,true,1,
7290112495235,false,ריבועי דגנים של אלופים וניל 488 גר',יוניליוור ישראל שיווק בעמ,,,"י""ח",415,ל גרם,false,1,18.70,4.51,true,1,
7290112495280,false,ברנפלקס ריבועי קינמון תלמה (400 גרם),יוניליוור ישראל שיווק בע`מ,,,"י""ח",400,"ל מ""ל",false,1,19.90,4.98,false,1,
7290112495433,false,דגני דליפקאן תוספת אגוזי פקאן ושקדים 400 גר,יוניליוור ישראל שיווק בע`מ,,,"י""ח",400,ל גרם,false,1,21.90,5.48,false,1,
7290112495488,false,קורנפלקס פתיתי תירס קלויים ללא גלוטן 500,יוניליוור ישראל שיווק בע`מ,,,"י""ח",500,ל גרם,false,1,14.90,2.98,false,1,
7290112495556,false,חטיף שוקולד נוגט שוקולד חלב שלישייה,"יוניליוור ישראל שיווק בע""מ",,,"י""ח",106,ל גרם,false,1,12.90,12.17,true,1,
7290112495594,false,בייגלה שמיניות גדולות ללא מלח בייגל בייגל 400 גרם,יוניליוור ישראל שיווק בע`מ,,,"י""ח",400,ל גרם,false,1,12.90,3.23,false,1,
7290112495662,false,קרקר חיטה מלאה ופשתן בייגל בייגל 300 גרם,יוניליוור ישראל שיווק בע`מ,,,"י""ח",300,ל גרם,false,1,8.90,2.97,false,1,
7290112495686,false,קרקר שומשום בייגל בייגל 220 גרם,יוניליוור ישראל שיווק בע`מ,,,"י""ח",220,"ל מ""ל",false,1,9.90,4.50,false,1,
7290112495747,false,רוטב צ''ילי מתוק כ 70% פחות סוכר 340 ג' קנור,"יוניליוור ישראל שיווק בע""מ",,,"י""ח",340,"ל מ""ל",false,1,11.90,3.50,true,1,
7290112495754,false,רוטב לסלט אלף האיים הלמנס (305 מל),יוניליוור ישראל שיווק בע`מ,,,"י""ח",305,ל גרם,false,1,11.90,3.90,false,1,
7290112495785,false,רוטב לסלט שום (300 גרם)הלמנס,"יוניליוור ישראל שיווק בע""מ",,,"י""ח",300,ל גרם,false,1,11.90,3.97,false,1,
7290112495792,false,רוטב הלמנס שום לייט לסלט 305גר כשלפ,יוניליוור ישראל שיווק בע`מ,,,"י""ח",300,ל גרם,false,1,11.90,3.97,false,1,
7290112495808,false,רוטב לסלט חרדל ודבש הלמנס (305 מל),יוניליוור ישראל שיווק בע`מ,,,"י""ח",305,ל גרם,false,1,11.90,3.90,false,1,
7290112495822,false,כריות BLACK בטעם שוקולד וניל תלמה 686 גרם,"יוניליוור ישראל שיווק בע""מ",,,"י""ח",750,ל גרם,false,1,24.90,3.32,true,1,
7290112495921,false,"מרק דגש בטעם עוף 1 ק""ג כשל""פ",יוניליוור ישראל שיווק בע`מ,,,"י""ח",1,מטר,false,1,14.90,14.90,false,1,
7290112495938,false,"קרקר 6 דגנים בייגל בייגל 250 גרם בד""צ",יוניליוור ישראל שיווק בע`מ,,,"י""ח",250,ל גרם,false,1,8.90,3.56,false,1,
7290112496027,false,"סירופ שוקולד לחיץ 580 מ""ל כשל""פ אפיכל",יוניליוור ישראל שיווק בע`מ,,,"י""ח",580,"ל מ""ל",false,1,12.90,2.22,false,1,
7290112496034,false,"סירופ מייפל לחיץ 580 מ""ל כשל""פ אפיכל",יוניליוור ישראל שיווק בע`מ,,,"י""ח",580,"ל מ""ל",false,1,12.90,2.22,false,1,
7290112496218,false,קנור רוטב טריאקי הפחתה של מעל 50% סוכר ונתרן 310 ג',"יוניליוור ישראל שיווק בע""מ",,,"י""ח",340,ל גרם,false,1,11.90,3.50,true,1,
7290112496331,false,קורנפלקס בננה תלמה אלופים 448 גרם,יוניליוור ישראל שיווק בע`מ,,,"י""ח",448,ל גרם,false,1,18.70,4.17,true,1,
7290112496430,false,קנור נמס בכוס אקסטרה עגבניות+איטריות 37 גרם - רבנות,יוניליוור ישראל שיווק בע`מ,,,"י""ח",39,ל גרם,false,1,3.90,10,false,1,
7290112496447,false,נמס בכוס אקסטרה טעם עוף עם המון אטריות 27ג',"יוניליוור ישראל שיווק בע""מ",,,"י""ח",39,ל גרם,false,1,3.90,10,false,1,
7290112496461,false,נמס בכוס אקסטרה מרק ירקות עם המון אטריות,"יוניליוור ישראל שיווק בע""מ",,,"י""ח",35,ל גרם,false,1,3.90,11.14,false,1,
7290112497000,false,פנטסטיק תרכיז ניקוי רב תכליתי בניחוח לימון,יוניליוור ישראל שיווק בע`מ,,,"י""ח",1,ליטר,false,1,9.90,9.90,false,1,
7290112497123,false,סחלב תערובת להכנת מעדן בטעם סחלב 112גרם,יוניליוור ישראל שיווק בע`מ,,,"י""ח",112,ל גרם,false,1,11.90,10.63,false,1,
7290112497499,false,קליק אקסטרא לארג שוקולד לבן עוגיות 85 גרם,"יוניליוור ישראל שיווק בע""מ",,,"י""ח",100,ל גרם,false,1,4.90,4.90,true,1,
7290112497505,false,"תחליב גוף וזלין ירוק עם אלוורה 600מ""ל",יוניליוור ישראל שיווק בע`מ,,,"י""ח",600,"ל מ""ל",false,1,19.90,3.32,false,1,
7290112497710,false,פינוק בייבי שמפו אל דמע לתינוקות 700 מל,יוניליוור ישראל שיווק בע`מ,,,"י""ח",700,"ל מ""ל",false,1,14.90,2.13,false,1,
7290112497727,false,פינוק בייבי אל סבון אל דמע לתינוקות 700,"יוניליוור ישראל שיווק בע""מ",,,"י""ח",700,"ל מ""ל",false,1,14.90,2.13,false,1,
7290112497864,false,אבקת מרק בטעם עוף רכיבים טבעיים 33% פחות נתרן 400 גרם,"יוניליוור ישראל שיווק בע""מ",,,"י""ח",400,ל גרם,false,1,18.90,4.73,true,1,
7290112497932,false,נשנושים חטיף בטעם שמנת בצל באריזה אישית 60 ג',"יוניליוור ישראל שיווק בע""מ",,,"י""ח",60,ל גרם,false,1,3.90,6.50,false,1,
7290112497994,false,"גרנולה תלמה פרוטאין בתוספת חלבון ואגוזים, 300 גרם",יוניליוור ישראל שיווק בע`מ,,,"י""ח",300,ל גרם,false,1,15.90,5.30,false,1,
7290112498007,false,גרנולה פרוטאין בתוספת חלבון שקדים וחמוציות תלמה 300 ג',"יוניליוור ישראל שיווק בע""מ",,,"י""ח",300,ל גרם,false,1,15.90,5.30,false,1,
7290112498052,false,מארז פתית צ`יפס בטטה בטעם טבעי 84 ג`,יוניליוור ישראל שיווק בע`מ,,,"י""ח",84,ל גרם,false,1,14.90,17.74,false,1,
7290112498069,false,#קוקומן ללא גלוטן כשלפ 375ג - חדש,יוניליוור ישראל שיווק בע`מ,,,"י""ח",375,ל גרם,false,1,19.90,5.31,true,1,
7290112498090,false,מרכך בתוספת שמן חוחבה 700 מ''ל פינוק,יוניליוור ישראל שיווק בעמ,,,"י""ח",700,"ל מ""ל",false,1,11.90,1.70,true,1,
7290112498175,false,"הלמנס גלון חרדל דבש 5ק""ג",יוניליוור ישראל שיווק בעמ,,,"י""ח",180,ל גרם,false,1,139.90,77.72,false,1,
7290112498250,false,קורנפלקס של אלופים ת,יוניליוור ישראל שיווק בעמ,,,"י""ח",410,ל גרם,false,1,12.90,3.15,false,1,
7290112498281,false,"אל סבון לידיים בתוספת שמן קוקוס פינוק 950 מ""ל",יוניליוור ישראל שיווק בע`מ,,,"י""ח",950,"ל מ""ל",false,1,11.90,1.25,false,1,
7290112498441,false,"קנור רוטב אסיאתי למוקפץ 300 מ""ל בד""ץ",יוניליוור ישראל שיווק בע`מ,,,"י""ח",370,"ל מ""ל",false,1,11.90,3.22,true,1,
7290112498748,false,מאגדת מיני סולרו וניל תות שדה 350 גר`,"מיוצר ע""\י גלידת שטראוס",,,"י""ח",325,ל גרם,false,1,23.90,7.35,false,1,
7290112498915,false,מאגדת מיני מגנום שקדים מובחר שטראוס 250 גרם,"מיוצר ע""\י גלידת שטראוס",,,"י""ח",280,ל גרם,false,1,27.90,9.96,false,1,
7290112498922,false,מאגדת מיני מגנום לבן שטראוס 250 גרם,"מיוצר ע""\י גלידת שטראוס",,,"י""ח",280,ל גרם,false,1,27.90,9.96,false,1,
7290112499097,false,מאגדת מיני מגנום מריר Intense Dark! 240 גרם,"מיוצר ע""\י גלידת שטראוס",,,"י""ח",280,ל גרם,false,1,27.90,9.96,false,1,
7290112499127,false,שלגון גלידה שוקולד לבן ותות 77 גרם,"מיוצר ע""\י גלידת שטראוס",,,"י""ח",90,ל גרם,false,1,10,11.11,true,1,
7290112499189,false,"גלידת קרמיסימו חד קרן וניל תות, 1.33 ליטר","גלידת שטראוס בע""\מ, רחוב",,,"י""ח",1.33,ליטר,false,1,18.90,14.21,false,1,
7290112499196,false,גלידה בטעם החלב של הקורנפלקס 1.33 ל' קרמיסימו,"גלידת שטראוס בע""\מ, רחוב",,,"י""ח",1.33,ליטר,false,1,18.90,14.21,false,1,
7290112499226,false,גלידונית פיסטוק ובננהבקלקר 60 יח 700 גרם,"גלידת שטראוס בע""\מ, רחוב",,,"י""ח",700,ל גרם,false,1,49.90,7.13,false,1,
7290112499448,false,"מרכך פינוק בתוספת שמן מרוקאי 700 מ""ל",יוניליוור ישראל שיווק בע`מ,,,"י""ח",700,"ל מ""ל",false,1,11.90,1.70,true,1,
7290112499455,false,פינוק תחליב רחצה 700 בתוספת שמן מרוקאי,"יוניליוור ישראל שיווק בע""מ",,,"י""ח",750,"ל מ""ל",false,1,11.90,1.59,false,1,
7290112499462,false,פינוק תחליב רחצה 700 בתוספת שמן קוקוס,יוניליוור ישראל שיווק בע`מ,,,"י""ח",750,"ל מ""ל",false,1,11.90,1.59,false,1,
7290112499479,false,"פינוק - שמפו בתוספת קרטין 700 מ""ל",יוניליוור ישראל שיווק בע`מ,,,"י""ח",700,"ל מ""ל",false,1,11.90,1.70,true,1,
7290112499486,false,"פינוק - מרכך בתוספת קרטין 700 מ""ל","יוניליוור ישראל שיווק בע""מ",,,"י""ח",700,"ל מ""ל",false,1,11.90,1.70,true,1,
7290112499493,false,"רקסונה - דאודורנט ספריי לאישה אלוורה 150 מ""ל","יוניליוור ישראל שיווק בע""מ",,,"י""ח",150,"ל מ""ל",false,1,16.90,11.27,true,1,
7290112499509,false,"רקסונה - דאודורנט ספריי לאישה בניחוח אפרסק ולמון גראס 150 מ""ל","יוניליוור ישראל שיווק בע""מ",,,"י""ח",150,"ל מ""ל",false,1,14.90,9.93,true,1,
7290112499516,false,"רקסונה - דאודורנט ספריי לגבר וי 8 150 מ""ל",יוניליוור ישראל שיווק בעמ,,,"י""ח",1,"י""ח",false,1,16.90,16.90,true,1,
7290112499523,false,"רקסונה - דאודורנט ספריי לגבר אקטיב 150 מ""ל",יוניליוור ישראל שיווק בעמ,,,"י""ח",1,"י""ח",false,1,16.90,16.90,true,1,
7290112499639,false,טילון סופר מגנום וניל צ'יפ שוקולד 110 גרם,"מיוצר ע""\י גלידת שטראוס",,,"י""ח",110,ל גרם,false,1,10,9.09,true,1,
7290112499646,false,"מעדן קפוא בטעם וניל עם וופל 108 גרם ""קורנטו""","מיוצר ע""\י גלידת שטראוס",,,"י""ח",108,ל גרם,false,1,10,9.26,true,1,
7290112499677,false,מגנום וניל בציפוי שוקולד לבן,"מיוצר ע""\י גלידת שטראוס",,,"י""ח",85,ל גרם,false,1,11,12.94,true,1,
7290112499813,false,קרחון שרבט בטעם אבטיח פרווה 75 גרם,"גלידת שטראוס בע""\מ, רח'",,,"י""ח",1,,false,1,3,3,true,1,
7290112499837,false,מגנום דואט שוקו לד עם נוגט שטראוס,"מיוצר ע""\י גלידת שטראוס",,,"י""ח",90,ל גרם,false,1,11,12.22,true,1,
7290112499929,false,מגנום שוקולד אימפלס פסח 120מל,"מיוצר ע""\י גלידת שטראוס",,,"י""ח",90,ל גרם,false,1,11,12.22,true,1,
7290112499936,false,מגנום שקדים אימפלס פסח 125מל,"מיוצר ע""\י גלידת שטראוס",,,"י""ח",90,ל גרם,false,1,11,12.22,true,1,
7290112499943,false,מיני מאגדת מיני מגנום טעמים שונים וניל+שוקו,"מיוצר ע""\י גלידת שטראוס",,,"י""ח",280,ל גרם,false,1,27.90,9.96,false,1,
7290112706362,false,מארז שלישיית ביצי שוקולד מפרץ ההרפתקאות,שמחה זה אנחנו בע`מ,,,"י""ח",1,,false,1,15,15,false,1,
7290112707246,false,שלישיית ביצי שוקולד(חלב נוכרי)-כוח פי גיי,שמחה זה אנחנו,,,"י""ח",1,,false,1,15,15,false,1,
7290112960856,false,טילון אקסטרים115-120 גרם מטבע שוקולד בטעם לוז נוגט נסטלה 115 גרם,נגה גלידות שותפות מוגבלת,,,"י""ח",115,ל גרם,false,1,12.90,11.22,true,1,
7290112961143,false,טבעול המבורגר חריף טבעוני 470גר,קבוצת אוסם סחר-שות.מוגבלת,,,"י""ח",470,ל גרם,false,1,38.90,8.28,true,1,
7290112961181,false,אסם נודלס אטריות אורז דקיקות 16*300ג,קבוצת אוסם סחר-שות.מוגבלת,,,"י""ח",300,ל גרם,false,1,11.90,3.97,false,1,
7290112961266,false,בייגלה כפיות פיזור איטלקי 300 גרם אסם,קבוצת אוסם סחר שותפות מוגבלת,,,"י""ח",300,ל גרם,false,1,11.80,3.93,false,1,
7290112961327,false,בייגלה כפיות פיזור כפרי אסם 300 גרם,קבוצת אוסם סחר-שות.מוגבלת,,,"י""ח",300,ל גרם,false,1,11.30,3.77,false,1,
7290112961372,false,פיטנס חטיפי פריכיות דקות קינמון 60 גרם,קבוצת אוסם סחר שותפות מוגבלת,,,"י""ח",60,ל גרם,false,1,10.70,17.83,true,1,
7290112961464,false,פיטנס חטיפי פריכיות דגנים וחומוס מתובלות,קבוצת אוסם סחר שותפות מוגבלת,,,"י""ח",60,ל גרם,false,1,10.70,17.83,true,1,
7290112961600,false,ביסלי וחברים מיקס 150גר,קבוצת אוסם סחר-שות.מוגבלת,,,"י""ח",200,ל גרם,false,1,8.90,4.45,true,1,
7290112961853,false,קראנץ וניל שורולד לבן 95ג,נגה גלידות,,,"י""ח",90,ל גרם,false,1,11.90,13.22,false,1,
7290112962003,false,שלגון קראנץ וניל עוגיות עם שוקולד נסטלה 90 גרם,נגה גלידות שותפות מוגבלת,,,"י""ח",90,ל גרם,false,1,11.90,13.22,true,1,
7290112962751,false,מעדן קפוא בטעם וניל עם שברי עוגיות וציפוי,נגה גלידות שותפות מוגבלת,,,"י""ח",80,ל גרם,false,1,12.90,16.13,true,1,
7290112963000,false,"רוטב צ'ילי מתוק פחת נתרן וסוכר 290 מ""ל אסם",קבוצת אוסם סחר שותפות מוגבלת,,,"י""ח",290,"ל מ""ל",false,1,11.90,4.10,true,1,
7290112963918,false,פיטנס חטיפי קרקר דק רוזמרין 140 גרם,קבוצת אוסם סחר שותפות מוגבלת,,,"י""ח",140,ל גרם,false,1,13.90,9.93,true,1,
7290112964052,false,פסטה וזוביוטו 500 גר`פרפקטו אסם,קבוצת אוסם סחר שותפות מוגבלת,,,"י""ח",500,ל גרם,false,1,12,2.40,false,1,
7290112964175,false,אפרופופקו מיקס 100 גרם,קבוצת אוסם סחר-שות.מוגבלת,,,"י""ח",100,ל גרם,false,1,8.90,8.90,true,1,
7290112964410,false,אסם רוטב אלף האיים חדש לסלט 290 גרם,קבוצת אוסם סחר שותפות מוגבלת,,,"י""ח",290,"ל מ""ל",false,1,11.90,4.10,true,1,
7290112964434,false,אסם רוטב קיסר חדש לסלט 295 גרם,קבוצת אוסם סחר שותפות מוגבלת,,,"י""ח",290,"ל מ""ל",false,1,11.90,4.10,true,1,
7290112964458,false,אסם רוטב ויניגרט חדש לסלט 295 גרם,קבוצת אוסם סחר שותפות מוגבלת,,,"י""ח",375,ל גרם,false,1,11.90,3.17,true,1,
7290112964472,false,אסם רוטב שום חדש לסלט 290 גרם,קבוצת אוסם סחר שותפות מוגבלת,,,"י""ח",290,"ל מ""ל",false,1,11.90,4.10,true,1,
7290112964502,false,רוטב אלף האיים לסלט אסם (600 מל),קבוצת אוסם סחר-שות.מוגבלת,,,"י""ח",600,"ל מ""ל",false,1,17.50,2.92,false,1,
7290112964564,false,רוטב אלף האיים לייט לסלט אסם (295 מל),קבוצת אוסם סחר שותפות מוגבלת,,,"י""ח",290,"ל מ""ל",false,1,11.90,4.10,true,1,
7290112964601,false,רוטב בנוסח סצ'ואן הסדרה האסייתית,קבוצת אוסם סחר שותפות מוגבלת,,,"י""ח",360,ל גרם,false,1,14.90,4.14,false,1,
7290112964625,false,רוטב שום לייט לסלט 310 גרם אסם,קבוצת אוסם סחר שותפות מוגבלת,,,"י""ח",290,"ל מ""ל",false,1,11.90,4.10,true,1,
7290112964724,false,המבורגר צמחוני עם המון חלבון 580 גר,קבוצת אוסם סחר שותפות מוגבלת,,,"י""ח",580,ל גרם,false,1,38.90,6.71,true,1,
7290112965165,false,מרק נמס פטריות אסם בדצ 48 גרם מארז זוגי,קבוצת אוסם סחר שותפות מוגבלת,,,"י""ח",34,ל גרם,false,1,6.40,18.82,false,1,
7290112965240,false,מרק נמס בטעם עגבניות זוג * 44 ג' אסם,קבוצת אוסם סחר שותפות מוגבלת,,,"י""ח",60,ל גרם,false,1,6.40,10.67,false,1,
7290112965264,false,אבקת מרק נמס אפונה אסם בדצ 52 גרם מארז זוגי,קבוצת אוסם סחר שותפות מוגבלת,,,"י""ח",30,ל גרם,false,1,6.40,21.33,false,1,
7290112965288,false,מרק נמס ירקות אסם בדצ 56 גרם מארז זוגי,קבוצת אוסם סחר שותפות מוגבלת,,,"י""ח",30,ל גרם,false,1,6.40,21.33,false,1,
7290112965301,false,זוג מרק נמס בטעם עוף עם שקדי מרק רגע חם,קבוצת אוסם סחר שותפות מוגבלת,,,"י""ח",52,ל גרם,false,1,6.40,12.31,false,1,
7290112965660,false,חטיף מולטיגריין מלח פלפל ( 25 גר`) פיטנס,קבוצת אוסם סחר שותפות מוגבלת,,,"י""ח",25,ל גרם,false,1,5,20,true,1,
7290112965684,false,פיטנס - חטיף מולטיגריין עשבי תיבול 25 גרם,קבוצת אוסם סחר שותפות מוגבלת,,,"י""ח",25,ל גרם,false,1,5,20,true,1,
7290112965707,false,פיטנס - חטיף מולטיגריין צילי מעודן 25 גרם,קבוצת אוסם סחר שותפות מוגבלת,,,"י""ח",25,ל גרם,false,1,5,20,true,1,
7290112965745,false,אוסם - ביסלי פריסטייל בצל מעושן 60 גרם,קבוצת אוסם סחר שותפות מוגבלת,,,"י""ח",600,ל גרם,false,1,4.40,0.73,true,1,
7290112965783,false,אוסם - ביסלי פריסטייל על האש 60 גרם,קבוצת אוסם סחר שותפות מוגבלת,,,"י""ח",600,ל גרם,false,1,4.40,0.73,true,1,
7290112965806,false,אוסם - ביסלי פריסטייל חמוץ חריף 60 גרם,קבוצת אוסם סחר שותפות מוגבלת,,,"י""ח",600,ל גרם,false,1,4.40,0.73,true,1,
7290112965868,false,קרם קרקר במליחות מעודנת 250 גרם אסם,קבוצת אוסם סחר שותפות מוגבלת,,,"י""ח",250,ל גרם,false,1,10.60,4.24,true,1,
7290112966025,false,בייגלה כפיות כפרי טוגו אסם 160 גרם,קבוצת אוסם סחר-שות.מוגבלת,,,"י""ח",400,ל גרם,false,1,3.40,0.85,false,1,
7290112966094,false,עוגת הבית בטעם תפוז מופחת סוכראסם (400 ג,קבוצת אוסם סחר שותפות מוגבלת,,,"י""ח",400,ל גרם,false,1,13.40,3.35,false,1,
7290112966124,false,ביסקוויט פתי בר מופחת סוכר אסם (500 גרם),קבוצת אוסם סחר-שות.מוגבלת,,,"י""ח",500,ל גרם,false,1,12.90,2.58,true,1,
7290112966247,false,לחמית כוסמין 200 גרם אסם,קבוצת אוסם סחר שותפות מוגבלת,,,"י""ח",200,ל גרם,false,1,9.90,4.95,true,1,
7290112966445,false,במבה מתוקה אריזה גדולה 100 גר`אסם,קבוצת אוסם סחר שותפות מוגבלת,,,"י""ח",100,ל גרם,false,1,8.90,8.90,true,1,
7290112966728,false,צבר טחינה בלאדי פלפלים חריפים 350 גרם,קבוצת אוסם סחר שותפות מוגבלת,,,"י""ח",350,ל גרם,false,1,17,4.86,true,1,
7290112966780,false,צבר טחינה בלאדי עם חציל קלוי 350 גרם,קבוצת אוסם סחר-שות.מוגבלת,,,"י""ח",350,ל גרם,false,1,17,4.86,true,1,
7290112966803,false,אינסטנט פודינג בטעם שוקולד אסם (88 גרם),קבוצת אוסם סחר שותפות מוגבלת,,,"י""ח",88,ל גרם,false,1,5.90,6.70,true,1,
7290112966841,false,אינסטנט פודינג בטעם שוקולד מריר 95 גרם,קבוצת אוסם סחר שותפות מוגבלת,,,"י""ח",88,ל גרם,false,1,5.90,6.70,true,1,
7290112967572,false,"אסם רוטב ברביקיו 290 מ""ל אסם",קבוצת אוסם סחר שותפות מוגבלת,,,"י""ח",290,"ל מ""ל",false,1,11.90,4.10,true,1,
7290112968203,false,צבר סלט טחינה בלאדי 6*250גרם,קבוצת אוסם סחר שותפות מוגבלת,,,"י""ח",250,ל גרם,false,1,12.90,5.16,false,1,
7290112968340,false,צבר חומוס גרוס גס גס 400 גרם,קבוצת אוסם סחר שותפות מוגבלת,,,"י""ח",400,ל גרם,false,1,15.80,3.95,true,1,
7290112968401,false,צבר חומוס גרגרים רכים 400גר,קבוצת אוסם סחר-שות.מוגבלת,,,"י""ח",400,ל גרם,false,1,15.80,3.95,true,1,
7290112968708,false,"טבעול שניצל תירס עדה חרדית 1.3 ק""ג",קבוצת אוסם סחר שותפות מוגבלת,,,"י""ח",1.30,"ק""ג",false,1,46.10,35.46,true,1,
7290112968807,false,80018416694פיטנס חטיפי קרקר דק סלק 150גר,קבוצת אוסם סחר שותפות מוגבלת,,,"י""ח",150,ל גרם,false,1,13.90,9.27,true,1,
7290112968821,false,חטיפי קרקר דק בטטה 140 גר` פיטנס,קבוצת אוסם סחר שותפות מוגבלת,,,"י""ח",150,ל גרם,false,1,13.90,9.27,true,1,
7290113190375,false,סילאן טבעי שקדיה 900 גרם,דין שיווק וקליה 2021 בעמ,,,"י""ח",900,ל גרם,false,1,14.90,1.66,false,1,
7290113190450,false,ממרח תמרים 450 גרם שקדיה,דין שיווק וקליה 2021 בעמ,,,"י""ח",450,ל גרם,false,1,5.90,1.31,false,1,
7290113190863,false,סילאן טבעי לחיץ 385 גר`שקדיה,דין שיווק וקליה 2021 בעמ,,,"י""ח",385,ל גרם,false,1,14.90,3.87,false,1,
7290113191907,false,טורטיה להכנת פיצה שקדיה 400 גרם,אלקטי קוראבייכיסיגידה טו,,,"י""ח",440,ל גרם,false,1,11.90,2.70,false,1,
7290113192300,false,זיתים חרוזית מושחרים בית השיטה 275 גרם,קבוצת אוסם סחר שותפות מוגבלת,,,"י""ח",275,ל גרם,false,1,11.30,4.11,true,1,
7290113192324,false,זיתים ירוקים שלמים בינוניים בית השיטה,קבוצת אוסם סחר-שות.מוגבלת,,,"י""ח",340,ל גרם,false,1,10.90,3.21,false,1,
7290113192331,false,בית השיטה זיתים ירוקים גדולים 340 גרם*,קבוצת אוסם סחר שותפות מוגבלת,,,"י""ח",340,ל גרם,false,1,11.30,3.32,false,1,
7290113192348,false,בית השיטה זיתים ירוקים גדול מאודבטעם שום,קבוצת אוסם סחר-שות.מוגבלת,,,"י""ח",340,ל גרם,false,1,11.20,3.29,true,1,
7290113192355,false,חרוזית זיתים ירוקים ללא גלעין 275 ג' בית השיטה,קבוצת אוסם סחר שותפות מוגבלת,,,"י""ח",275,ל גרם,false,1,11.10,4.04,true,1,
7290113192362,false,בית השיטה טבעות זיתים ירק.א2 12*280ג חדש,קבוצת אוסם סחר שותפות מוגבלת,,,"י""ח",280,ל גרם,false,1,11.20,4,false,1,
7290113192379,false,בית השיטה זיתים ירוקים מבוקעים א2 340גר',קבוצת אוסם סחר-שות.מוגבלת,,,"י""ח",340,ל גרם,false,1,11.60,3.41,false,1,
7290113192386,false,בית השיטה זיתים ירוקים סורי מבוקע 340גרם,קבוצת אוסם סחר שותפות מוגבלת,,,"י""ח",340,ל גרם,false,1,12.50,3.68,false,1,
7290113192393,false,בית השיטה קוקטייל זיתים א2 336 גרם,קבוצת אוסם סחר שותפות מוגבלת,,,"י""ח",336,ל גרם,false,1,12.60,3.75,false,1,
7290113192478,false,בית השיטה מלפפונים במלח בינוני 10-12 320 גרם,קבוצת אוסם סחר שותפות מוגבלת,,,"י""ח",320,ל גרם,false,1,9.40,2.94,false,1,
7290113192485,false,בית השיטה מלפפונים בחומץ בינוני 10-12 290 גרם,קבוצת אוסם סחר שותפות מוגבלת,,,"י""ח",290,ל גרם,false,1,9.30,3.21,false,1,
7290113192492,false,בית השיטה מלפפונים בחומץ קטנים 1317 290 גרם,קבוצת אוסם סחר שותפות מוגבלת,,,"י""ח",290,ל גרם,false,1,10.90,3.76,false,1,
7290113192508,false,ב.השיטה מלפפון במלח ר.טבע א2 17-13 320 גרם,קבוצת אוסם סחר שותפות מוגבלת,,,"י""ח",320,ל גרם,false,1,10.90,3.41,false,1,
7290113192515,false,בית השיטה מלפפונים במלח קטן מאוד 1825 320 גרם,קבוצת אוסם סחר שותפות מוגבלת,,,"י""ח",320,ל גרם,false,1,13.30,4.16,false,1,
7290113192522,false,בית השיטה מלפפונים בחומץ קטן מאוד 1825 290 גרם,קבוצת אוסם סחר שותפות מוגבלת,,,"י""ח",290,ל גרם,false,1,13.30,4.59,false,1,
7290113192539,false,בית השיטה מלפפונים במלח גדול 79 320 גרם,קבוצת אוסם סחר שותפות מוגבלת,,,"י""ח",320,ל גרם,false,1,7.90,2.47,false,1,
7290113192546,false,"מלפפונים בחומץ רכיבים טבעיים 7-9 ""בית השיטה""",קבוצת אוסם סחר שותפות מוגבלת,,,"י""ח",290,ל גרם,false,1,7.90,2.72,false,1,
7290113192553,false,מלפפונים במלח 13-17 פיקנטי בית השיטה 320 גרם,קבוצת אוסם סחר-שות.מוגבלת,,,"י""ח",320,ל גרם,false,1,10.90,3.41,false,1,
7290113192560,false,פלפל חריף כבוש שיפקה בית השיטה (430 גר`),קבוצת אוסם סחר שותפות מוגבלת,,,"י""ח",230,ל גרם,false,1,7.90,3.43,true,1,
7290113192577,false,בית השיטה כרוב כבוש א2 12*430גרם חדש,קבוצת אוסם סחר שותפות מוגבלת,,,"י""ח",430,ל גרם,false,1,7.90,1.84,false,1,
7290113192881,false,"טורטיה חיטה מופחת קלוריות, קוטר 20 ס""מ - 6 יח'",דין שיווק וקליה 2021 בעמ,,,"י""ח",420,ל גרם,false,1,8.90,2.12,false,1,
7290113192997,false,בית השיטה זית מרוקאי 340 גרם*,קבוצת אוסם סחר שותפות מוגבלת,,,"י""ח",720,ל גרם,false,1,12.90,1.79,false,1,
7290113193000,false,בית השיטה פלפל שיפקונית 230 גרם*,קבוצת אוסם סחר שותפות מוגבלת,,,"י""ח",230,ל גרם,false,1,10.90,4.74,false,1,
7290113193017,false,בית השיטה חרוזית קוקטייל זיתים 275 גרם,קבוצת אוסם סחר שותפות מוגבלת,,,"י""ח",275,ל גרם,false,1,12.90,4.69,false,1,
7290113193031,false,חרוזית קלמטה - זיתים שחורים ללא גלעין קלמטה,קבוצת אוסם סחר שותפות מוגבלת,,,"י""ח",275,ל גרם,false,1,12.90,4.69,false,1,
7290113193369,false,בית השיטה תרסיס שמן קנולה מזוכך 150 מל,קבוצת אוסם סחר שותפות מוגבלת,,,"י""ח",150,"ל מ""ל",false,1,14.90,9.93,false,1,
7290113193406,false,"קוקטייל טבעות זיתים - זיתים ירוקים, שחורים מרינד",קבוצת אוסם סחר שותפות מוגבלת,,,"י""ח",275,ל גרם,false,1,12.90,4.69,false,1,
7290113193666,false,זיתים ירוקים שלמים סדוקים במי מלח 700 גר,דין שיווק וקליה 2021 בעמ,,,"י""ח",700,ל גרם,false,1,14.90,2.13,false,1,
7290113193888,false,בית השיטה חצילים מוחמצים 320 גרם,קבוצת אוסם סחר שותפות מוגבלת,,,"י""ח",320,ל גרם,false,1,10.20,3.19,true,1,
7290113194090,false,בית השיטה טבעות זיתים קלמטה 280 גרם,קבוצת אוסם סחר שותפות מוגבלת,,,"י""ח",280,ל גרם,false,1,10.90,3.89,false,1,
7290113194359,false,זיתים מגולענים בנוסח אנדלוס 215 גרם בית,קבוצת אוסם סחר-שות.מוגבלת,,,"י""ח",215,ל גרם,false,1,11.90,5.53,false,1,
7290113194373,false,עגבניות שרי מוחמצות בית השיטה 215 גרם,קבוצת אוסם סחר-שות.מוגבלת,,,"י""ח",215,ל גרם,false,1,12.90,6,false,1,
7290113194649,false,בית השיטה מלפפונים במלח קוביות 320 גרם,קבוצת אוסם סחר שותפות מוגבלת,,,"י""ח",290,ל גרם,false,1,10.90,3.76,false,1,
7290113195042,false,מלפפון חמוץ במלח כבישה ביתית בית השיטה 750 גר',קבוצת אוסם סחר שותפות מוגבלת,,,"י""ח",750,ל גרם,false,1,29.90,3.99,true,1,
7290113195066,false,חלבה טורקית בטעם וניל שקדיה 400 גרם,דין שיווק וקליה 2021 בעמ,,,"י""ח",400,ל גרם,false,1,13.90,3.48,false,1,
7290113195073,false,חלבה טורקית עם פיסטוקים 400 גר` שקדיה,דין שיווק וקליה 2021 בעמ,,,"י""ח",400,ל גרם,false,1,16.90,4.23,false,1,
7290113195196,false,"רסק תפוחי עץ ללת""ס 710 גרם",דין שיווק וקליה 2021 בעמ,,,"י""ח",1,"י""ח",false,1,13.90,13.90,false,1,
7290113195271,false,ממרח פלפלים פיקנטיים 360 גרם,דין שיווק וקליה 2021 בעמ,,,"י""ח",360,ל גרם,false,1,13.90,3.86,false,1,
7290113195363,false,שמן חמניות מזוכך זית השיטה 1 ליטר,קבוצת אוסם סחר-שות.מוגבלת,,,"י""ח",1,ליטר,false,1,13.90,13.90,false,1,
7290113195479,false,קמח שקדים ( 200 גר`) שקדיה,דין שיווק וקליה 2021 בעמ,,,"י""ח",200,ל גרם,false,1,15.90,7.95,false,1,
7290113195967,false,קוואקר שיבולת שועל פחית שקדיה 500 גרם,דין שיווק וקליה 2021 בעמ,,,"י""ח",500,ל גרם,false,1,9.90,1.98,false,1,
7290113196339,false,מלפפונים קורנישונים שלמים כבושים 680מל,דין שיווק וקליה 2021 בעמ,,,"י""ח",680,"ל מ""ל",false,1,9.90,1.46,false,1,
7290113196414,false,"אורז בסמטי 1 ק""ג - שקדיה כחול מטאלי",דין שיווק וקליה 2021 בעמ,,,"י""ח",1,"ק""ג",false,1,9.80,9.80,false,1,
7290113196490,false,פריכיות כוסמת בתוספת זרעי ציה שקדיה 150 גרם,דין שיווק וקליה 2021 בעמ,,,"י""ח",150,ל גרם,false,1,9.90,6.60,false,1,
7290113196506,false,פריכיות כוסמת ללא מלח שקדיה 150 גרם,דין שיווק וקליה 2021 בעמ,,,"י""ח",150,ל גרם,false,1,9.90,6.60,false,1,
7290113196513,false,פריכיות כוסמת בתוספת שקדים שקדיה 150 גרם,דין שיווק וקליה 2021 בעמ,,,"י""ח",150,ל גרם,false,1,9.90,6.60,false,1,
7290113196520,false,פריכיות כוסמין ללא מלח שקדיה 150 גרם,דין שיווק וקליה 2021 בעמ,,,"י""ח",150,ל גרם,false,1,9.90,6.60,false,1,
7290113196780,false,ב.ה. זיתים ירוקים מבוקעים באלדי 900 גר',קבוצת אוסם סחר-שות.מוגבלת,,,"י""ח",900,ל גרם,false,1,24.90,2.77,false,1,
7290113196896,false,"תרסיס שמן זית שקדיה 170 מ""ל",דין שיווק וקליה 2021 בעמ,,,"י""ח",170,"ל מ""ל",false,1,13.90,8.18,false,1,
7290113196902,false,מנה חמה אטריות אורז בטעם בקר 70 ג' סו שף,דין שיווק וקליה 2021 בעמ,,,"י""ח",70,ל גרם,false,1,7.90,11.29,false,1,
7290113196919,false,מנה חמה אטריות אורז בטעם עוף שקדיה 70 גרם,דין שיווק וקליה 2021 בעמ,,,"י""ח",70,ל גרם,false,1,7.90,11.29,false,1,
7290113196926,false,מנה חמה אטריות אורז בטעם ירקות שקדיה 70 גרם,דין שיווק וקליה 2021 בעמ,,,"י""ח",70,ל גרם,false,1,7.90,11.29,false,1,
7290113196933,false,מנה חמה אטריות אורז בטעם טום יאס שקדיה 70 גרם,דין שיווק וקליה 2021 בעמ,,,"י""ח",70,ל גרם,false,1,7.90,11.29,false,1,
7290113197169,false,שקדיה חמאת בוטנים עם שברי בוטנים 510 גר,דין שיווק וקליה 2021 בעמ,,,"י""ח",510,ל גרם,false,1,15.90,3.12,false,1,
7290113197176,false,חמאת בוטנים טבעית עם שברי בוטנים 450,דין שיווק וקליה 2021 בעמ,,,"י""ח",510,ל גרם,false,1,15.90,3.12,false,1,
7290113197824,false,בית השיטה לבבות דקל 220 דקל,קבוצת אוסם סחר-שות.מוגבלת,,,"י""ח",220,ל גרם,false,1,12.90,5.86,true,1,
7290113197855,false,תירס גמדי 230 גרם בית השיטה,קבוצת אוסם סחר-שות.מוגבלת,,,"י""ח",230,ל גרם,false,1,12.90,5.61,true,1,
7290113197923,false,טונה בשמן קנולה בית השיטה רביעייה,קבוצת אוסם סחר-שות.מוגבלת,,,"י""ח",392,ל גרם,false,1,29.90,7.63,false,1,
7290113198395,false,קשיו ענק 250גר מחנה יהודה,דין שיווק וקליה 2021 בעמ****,,,"י""ח",250,ל גרם,false,1,24.90,9.96,true,1,
7290113198401,false,בוטנים קלויים ג`מבו 300גר מחנה יהודה,דין שיווק וקליה 2021 בעמ****,,,"י""ח",300,ל גרם,false,1,19.90,6.63,true,1,
7290113198418,false,שקד קלוי ענק 250גר מחנה יהודה,דין שיווק וקליה 2021 בעמ****,,,"י""ח",250,ל גרם,false,1,24.90,9.96,true,1,
7290113198425,false,פקאן טבעי 200גר מחנה יהודה,דין שיווק וקליה 2021 בעמ****,,,"י""ח",200,ל גרם,false,1,24.90,12.45,true,1,
7290113198432,false,תערובת פיצוחים מובחרת 250גר מחנה יהודה,דין שיווק וקליה 2021 בעמ****,,,"י""ח",250,ל גרם,false,1,24.90,9.96,true,1,
7290113198449,false,שקד טבעי 300גר מחנה יהודה,דין שיווק וקליה 2021 בעמ****,,,"י""ח",300,ל גרם,false,1,24.90,8.30,true,1,
7290113198456,false,חמוציות 250גר מחנה יהודה,דין שיווק וקליה 2021 בעמ****,,,"י""ח",250,ל גרם,false,1,9.90,3.96,true,1,
7290113198463,false,פקאו סיני 160גר מחנה יהודה,דין שיווק וקליה 2021 בעמ****,,,"י""ח",160,ל גרם,false,1,19.90,12.44,true,1,
7290113198470,false,אגוז מלך 200גר מחנה יהודה,דין שיווק וקליה 2021 בעמ****,,,"י""ח",200,ל גרם,false,1,14.90,7.45,true,1,
7290113198494,false,פיסטוק קלוי גדול 200גר מחנה יהודה,דין שיווק וקליה 2021 בעמ****,,,"י""ח",200,ל גרם,false,1,24.90,12.45,true,1,
7290113198500,false,תמר מג`הול 800גר מחנה יהודה,דין שיווק וקליה 2021 בעמ****,,,"י""ח",800,ל גרם,false,1,39.90,4.99,true,1,
7290113198517,false,שזיף ללא גרעין 330גר מחנה יהודה,דין שיווק וקליה 2021 בעמ****,,,"י""ח",330,ל גרם,false,1,19.90,6.03,true,1,
7290113199699,false,מוזלי שיבולת שועל עם בוטנים אגוזי לוז ושקדים 500ג' שקדיה,דין שיווק וקליה 2021 בעמ,,,"י""ח",500,ל גרם,false,1,12.90,2.58,false,1,
7290113199705,false,מוזלי פירות יבשים 500 גר' 500ג' שקדיה,דין שיווק וקליה 2021 בעמ,,,"י""ח",500,ל גרם,false,1,12.90,2.58,false,1,
7290113199774,false,ממרח בוטנים 300 גרם השקדיה,דין שיווק וקליה 2021 בעמ,,,"י""ח",300,ל גרם,false,1,14.90,4.97,false,1,
7290113199880,false,טורטיה בתוספת קמח כוסמין ושיבול שועל שקדיה 360 גרם,דין שיווק וקליה 2021 בעמ,,,"י""ח",360,ל גרם,false,1,9.90,2.75,false,1,
7290113285101,false,"כפפות לטקס ללא אבקה M ""פרפקט"" כשל""פ*",ח.כהן סוכנות מזון ומשקאות בע,,,"י""ח",80,"י""ח",false,1,22.90,0.29,true,1,
7290113285118,false,"כפפות לטקס ללא אבקה L ""פרפקט"" כשל""פ*",ח.כהן סוכנות מזון ומשקאות בע,,,"י""ח",80,"י""ח",false,1,22.90,0.29,true,1,
7290113285125,false,"כפפות לטקס ללא אבקה XL ""פרפקט"" כשל""פ*",ח.כהן סוכנות מזון ומשקאות בע,,,"י""ח",80,"י""ח",false,1,22.90,0.29,true,1,
7290113300125,false,בונזו מקלות בקר 50 ג,דיפלומט מפיצים (1968) בעמ**,,,"י""ח",50,ל גרם,false,1,8.90,17.80,false,1,
7290113300156,false,בונזו מקלות עוף 50 ג,דיפלומט מפיצים (1968) בעמ**,,,"י""ח",50,ל גרם,false,1,8.90,17.80,false,1,
7290113300194,false,פאוץ מתחוני לה קט עם עוף ברוטב 85ג,דיפלומט מפיצים (1968) בעמ**,,,"י""ח",85,ל גרם,false,1,4.90,5.76,false,1,
7290113300224,false,פאוץ מתחוני לה קט עם סלמון ברוטב 85ג,דיפלומט מפיצים (1968) בעמ**,,,"י""ח",85,ל גרם,false,1,4.90,5.76,false,1,
7290113300231,false,פאוץ מתחוני לה קט עם בקר בגלי 85ג,דיפלומט מפיצים (1968) בעמ**,,,"י""ח",85,ל גרם,false,1,4.90,5.76,false,1,
7290113300262,false,פאוץ מתחוני לה קט עם טונה בגלי 85ג,דיפלומט מפיצים (1968) בעמ**,,,"י""ח",85,ל גרם,false,1,4.90,5.76,false,1,
7290113463684,false,גבינה צהובה גאודה 28% פרוסה 400ג,***אדום גרופ למזון שיווק***,,,"י""ח",400,ל גרם,false,1,13.60,3.40,false,1,
7290113469952,false,גבינה צהובה גאודה 28% מגורדת 300 גרם,אדום גרופ למזון שיווק והפצה בע,,,"י""ח",300,ל גרם,false,1,11.90,3.97,false,1,
7290113560055,false,פרודונטקס מי פה טיפול יומי לחניכיים 500,"מאסטרפוד אוסטריה בע""מ",,,"י""ח",500,ל גרם,false,1,31.90,6.38,true,1,
7290113560260,false,זוג מברשות סנסודיין שיקום,גורי ע.ע.ע. בעמ,,,"י""ח",75,"ל מ""ל",false,1,29.90,39.87,true,1,
7290113560277,false,זוג מברשות שיניים רפיד רליף סנסודיין,גלקסוס סמית קליין,,,"י""ח",75,"ל מ""ל",false,1,29.90,39.87,true,1,
7290113860056,false,מיקס פירות יער מחנה יהודה 350 גר,אביב שלמה השקעות בעמ,,,"י""ח",1,,false,1,12.90,12.90,true,1,
7290113860063,false,פירות קפואים מלון מחנה יהודה 350 גר.,אביב שלמה השקעות בעמ,,,"י""ח",1,,false,1,12.90,12.90,true,1,
7290113860070,false,פירות קפואים תמר מחנה יהודה 350 גר,אביב שלמה השקעות בעמ,,,"י""ח",1,,false,1,12.90,12.90,true,1,
7290113860247,false,עוגות אישיות שכבות עשריה פנטולה,ש.שסטוביץ בעמ,,,"י""ח",400,ל גרם,false,1,12.90,3.23,true,1,
7290113860476,false,מארז אוברול קימונו שרוול קצר 3-6 תכלת,"קבוצת יבנה מוצרי מזון בע""מ",,,"י""ח",600,ל גרם,false,1,6.90,1.15,true,1,
7290113860483,false,מארז אוברול קימונו שרוול קצר 6-12 ורוד,"קבוצת יבנה מוצרי מזון בע""מ",,,"י""ח",600,ל גרם,false,1,10.90,1.82,true,1,
7290113860490,false,מארז אוברול קימונו שרוול קצר 6-12 תכלת,קבוצת יבנה מוצרי מזון בעמ,,,"י""ח",600,ל גרם,false,1,8.90,1.48,true,1,
7290113860506,false,סט בגד גוף שרוול ארוך+מכנס רגלית 0-3 ורו,קבוצת יבנה מוצרי מזון בעמ,,,"י""ח",600,ל גרם,false,1,8.90,1.48,true,1,
7290113860667,false,לייף בייביז תחליב גוף להזנת העור 400 מל,טחנות ישראליות בעמ,,,"י""ח",1,"ק""ג",false,1,7.90,7.90,true,1,
7290113860674,false,לייף בייביז שמפו להרגעת העור 1 ליטר,טחנות ישראליות בעמ,,,"י""ח",1,"ק""ג",false,1,8.90,8.90,true,1,
7290113860681,false,לייף בייביז אלסבון להרגעת העור 1 ליטר,טחנות ישראליות בעמ,,,"י""ח",1,"ק""ג",false,1,8.90,8.90,true,1,
7290113860698,false,לייף בייביז שמפו וסבון יחדיו להרגעת העור,טחנות ישראליות בעמ,,,"י""ח",1,"ק""ג",false,1,15.90,15.90,true,1,
7290113860742,false,"קמח כוסמין מלא 100% 1ק""ג ישראליות",טחנות ישראליות בעמ,,,"י""ח",1,"ק""ג",false,1,15.90,15.90,true,1,
7290113861039,false,"מזרן מתקפל 6*70*180 ס""מ",מחמד זייד,,,"י""ח",4,"י""ח",false,1,99,24.75,false,1,
7290113931145,false,מסלול מכוניות.,שפע טור (2010)יבוא ושיווק בעמ,,,"י""ח",1,,false,1,29.90,29.90,false,1,
7290114310215,false,"שמנת מתוקה 38% רמת הגולן 250 מ""ל ווסטהיים - מוצר בפיקוח",החברה המרכזית טלהפצת משקאות בע,,,"י""ח",250,"ל מ""ל",false,1,6.47,2.59,false,1,
7290114310222,false,חלב מועשר בסידן וויטמין Dי 3% 1.5 ל' טרה,*החברה המרכזית להפצת משקאותבעמ,,,"י""ח",1.50,ליטר,false,1,12.50,8.33,false,1,
7290114310239,false,חלב נטול לקטוז מועשר בוויטמין D י 2% 1.5 ל' טרה,החברה המרכזית טלהפצת משקאות בע,,,"י""ח",1.50,ליטר,false,1,12.50,8.33,false,1,
7290114310253,false,גרנה פדנו מגורדת משק צוריאל 100 גרם,*החברה המרכזית להפצת משקאותבעמ,,,"י""ח",100,ל גרם,false,1,17.90,17.90,false,1,
7290114310338,false,צפתית מעודנת 5% בגביע 225 גרם משק צוריאל,החברה המרכזית טלהפצת משקאות בע,,,"י""ח",250,ל גרם,false,1,16.90,6.76,false,1,
7290114310345,false,מעדן יוגורט בטעם תות 1.5% 125 גרם טרה,*החברה המרכזית להפצת משקאותבעמ,,,"י""ח",250,ל גרם,false,1,2.90,1.16,true,1,
7290114310383,false,קציפת יוגורט בטעם וניל צרפת FROOP MULLER,*החברה המרכזית להפצת משקאותבעמ,,,"י""ח",150,"ל מ""ל",false,1,5.30,3.53,true,1,
7290114310390,false,קציפת יוגורט בטעם בננה לוטי FROOP MULL,*החברה המרכזית להפצת משקאותבעמ,,,"י""ח",150,"ל מ""ל",false,1,5.30,3.53,true,1,
7290114310406,false,קציפת יוגורט תות FROOP MULL,*החברה המרכזית להפצת משקאותבעמ,,,"י""ח",150,"ל מ""ל",false,1,5.30,3.53,true,1,
7290114310475,false,נעם פרוס בטעם פיקנטי200ג,*החברה המרכזית להפצת משקאותבעמ,,,"י""ח",200,ל גרם,false,1,18.90,9.45,false,1,
7290114310482,false,פרוסות גבינת נעם בטעם מעושן 20%,*החברה המרכזית להפצת משקאותבעמ,,,"י""ח",200,ל גרם,false,1,18.90,9.45,true,1,
7290114310505,false,מולר מיקס יוגורט תות בתוספת קורנפלקס,*החברה המרכזית להפצת משקאותבעמ,,,"י""ח",500,ל גרם,false,1,6,1.20,false,1,
7290114310512,false,מולר מיקס יוגורט קרמי עם טבעות מצופות,*החברה המרכזית להפצת משקאותבעמ,,,"י""ח",500,ל גרם,false,1,6,1.20,false,1,
7290114310529,false,מולר מיקס יוגורט קרמי עם טבעות מצופות,*החברה המרכזית להפצת משקאותבעמ,,,"י""ח",500,ל גרם,false,1,6,1.20,false,1,
7290114310536,false,יוגורט לייט מעושר חלבון 25 גרם חלבון וניל MULLER ACTIVE,*החברה המרכזית להפצת משקאותבעמ,,,"י""ח",200,"ל מ""ל",false,1,6,3,true,1,
7290114310550,false,גבינת פטה עיזים מעודנת 5% משק צוריאל 200 גרם,החברה המרכזית טלהפצת משקאות בע,,,"י""ח",200,ל גרם,false,1,23.90,11.95,false,1,
7290114310611,false,"משקה חלב בננה בבקבוק פקק ספורט טרה 250 מ""ל",החברה המרכזית טלהפצת משקאות בע,,,"י""ח",250,"ל מ""ל",false,1,5.70,2.28,true,1,
7290114310628,false,משקה חלב וניל ועוגיות בקבוק 1 ליטר,החברה המרכזית טלהפצת משקאות בע,,,"י""ח",1,ליטר,false,1,12.10,12.10,true,1,
7290114310673,false,לאבנה מחלב בקר 9% שומן 250 גרם,החברה המרכזית טלהפצת משקאות בע,,,"י""ח",250,ל גרם,false,1,11.90,4.76,false,1,
7290114310888,false,מולר סימפלי פרוט תות 1.5% 150 גרם,*החברה המרכזית להפצת משקאותבעמ,,,"י""ח",150,ל גרם,false,1,5.30,3.53,true,1,
7290114310895,false,"סימפלי פרוט יוגורט עם מנגו תות, שמיניה 8 * 150 גרם",*החברה המרכזית להפצת משקאותבעמ,,,"י""ח",150,"ל מ""ל",false,1,30.90,20.60,false,1,
7290114310901,false,גבינה לבנה 5% טרה 250 גרם ווסטהים,*החברה המרכזית להפצת משקאותבעמ,,,"י""ח",250,ל גרם,false,1,4.98,1.99,false,1,
7290114310918,false,גבינת קוטג 5% מועשר,*החברה המרכזית להפצת משקאותבעמ,,,"י""ח",250,ל גרם,false,1,5.70,2.28,true,1,
7290114311014,false,"משקה חלב אייס קפוצ'ינו פקק ספורט טרה 250 מ""ל",החברה המרכזית טלהפצת משקאות בע,,,"י""ח",250,"ל מ""ל",false,1,5.70,2.28,true,1,
7290114311021,false,"משקה חלב וניל עוגיות פקק ספורט טרה 250 מ""ל",*החברה המרכזית להפצת משקאותבעמ,,,"י""ח",250,"ל מ""ל",false,1,5.70,2.28,true,1,
7290114311038,false,"שמנת מתוקה 32% עמידה בבקבוק טרה 250 מ""ל",*החברה המרכזית להפצת משקאותבעמ,,,"י""ח",250,"ל מ""ל",false,1,6.90,2.76,false,1,
7290114311069,false,יוגורט לבן מועשר בחלבון 0% שומן 200 גרם muller active,החברה המרכזית טלהפצת משקאות בע,,,"י""ח",200,"ל מ""ל",false,1,6,3,true,1,
7290114311076,false,"חמאת מולר צהובה עם שום, 200 גרם",*החברה המרכזית להפצת משקאותבעמ,,,"י""ח",200,ל גרם,false,1,11.90,5.95,false,1,
7290114311083,false,חמאת מולר צהובה עם מלח 200 גר`,*החברה המרכזית להפצת משקאותבעמ,,,"י""ח",200,ל גרם,false,1,11.90,5.95,false,1,
7290114311168,false,נעם בטעמים-כמהין 200גר,*החברה המרכזית להפצת משקאותבעמ,,,"י""ח",200,ל גרם,false,1,18.90,9.45,false,1,
7290114311175,false,נעם בטעמים זיתים 200 גר`טרה,*החברה המרכזית להפצת משקאותבעמ,,,"י""ח",200,ל גרם,false,1,18.90,9.45,false,1,
7290114311298,false,יוגורט מולר פרופ בטעם תות בננה מלון 150,החברה המרכזית טלהפצת משקאות בע,,,"י""ח",150,"ל מ""ל",false,1,5.30,3.53,true,1,
7290114311304,false,יוגורט קציפת מנגו פסיפלורה בננה 150 ג' מולר,החברה המרכזית טלהפצת משקאות בע,,,"י""ח",150,"ל מ""ל",false,1,5.30,3.53,true,1,
7290114311328,false,חלב מועשר דל לקטוז מעושר בויטמין Dי 2% שומן טרה 1 ליטר,*החברה המרכזית להפצת משקאותבעמ,,,"י""ח",1,ליטר,false,1,7.90,7.90,false,1,
7290114311358,false,מולר מנגו 3% שומן FROOP MULLER,*החברה המרכזית להפצת משקאותבעמ,,,"י""ח",150,"ל מ""ל",false,1,5.30,3.53,true,1,
7290114311359,false,יוגורט עם קציפת מנגו 3% שומן פרופ 150 ג' מולר,החברה המרכזית טלהפצת משקאות בע,,,"י""ח",150,"ל מ""ל",false,1,5.30,3.53,true,1,
7290114311434,false,מולר אקטיב יוגורט חלבון קרמל מלוח 200 גרם,החברה המרכזית טלהפצת משקאות בע,,,"י""ח",200,"ל מ""ל",false,1,6,3,true,1,
7290114311441,false,מולר אקטיב יוגורט חלבון עוגיות חמאה 200 גרם,החברה המרכזית טלהפצת משקאות בע,,,"י""ח",200,"ל מ""ל",false,1,6,3,true,1,
7290114311458,false,חלב קרטון 3% מועשר ויטמין די 1 ליטר,*החברה המרכזית להפצת משקאותבעמ,,,"י""ח",1,ליטר,false,1,7.70,7.70,false,1,
7290114311472,false,גבינה לבנה 5% מהדרין 500 *,*החברה המרכזית להפצת משקאותבעמ,,,"י""ח",500,ל גרם,false,1,9.96,1.99,false,1,
7290114311489,false,גבינה לבנה 5% למריחה750ג,*החברה המרכזית להפצת משקאותבעמ,,,"י""ח",750,ל גרם,false,1,14.94,1.99,false,1,
7290114311496,false,קרטון חלב מועשר 1% שומן 1 ליטר טרה,החברה המרכזית טלהפצת משקאות בע,,,"י""ח",1,ליטר,false,1,7.70,7.70,false,1,
7290114311502,false,משקה חלב 1ל בקבוק טעם סחלב,*החברה המרכזית להפצת משקאותבעמ,,,"י""ח",1,ליטר,false,1,12.10,12.10,true,1,
7290114311526,false,מולר קצפת תפוז ג`ינג`ר FROOP MULLER,*החברה המרכזית להפצת משקאותבעמ,,,"י""ח",150,"ל מ""ל",false,1,5.30,3.53,true,1,
7290114311533,false,מולר קצפת פרי טעם סנגריה FROOP MULLER,*החברה המרכזית להפצת משקאותבעמ,,,"י""ח",150,"ל מ""ל",false,1,5.30,3.53,true,1,
7290114311557,false,מולר נטורל+גרנולה בתוספת סירופ מייפל 185,*החברה המרכזית להפצת משקאותבעמ,,,"י""ח",185,"ל מ""ל",false,1,6.90,3.73,false,1,
7290114600927,false,מאסטר שף עלי טורטייה חיטה מלאה 320 גרם,אלקאטי קורביישיסי גי,,,"י""ח",320,ל גרם,false,1,9.90,3.09,false,1,
7290114600941,false,מאסטר שף מיונז הולנדי לחיץ 435 גרם,ש. שסטוביץ בע`מ,,,"י""ח",435,ל גרם,false,1,13.90,3.20,false,1,
7290114600996,false,מאסטר שף רוטב שום 256 גרם,ש. שסטוביץ בע`מ,,,"י""ח",250,ל גרם,false,1,10.90,4.36,false,1,
7290114602952,false,פרי מיניס קרקר פריך מאפונה 120ג,ש.שסטוביץ בעמ,,,"י""ח",120,ל גרם,false,1,9.90,8.25,true,1,
7290114602976,false,פרי מיניס קרקר פריך מחומוס 120ג,אפיפית נצרת תעשיות ב,,,"י""ח",120,ל גרם,false,1,9.90,8.25,true,1,
7290114603508,false,"רוטב להקפצה מאסטר שף 300 מ""ל",ש. שסטוביץ בע`מ,,,"י""ח",300,ל גרם,false,1,9.90,3.30,false,1,
7290114603515,false,מאסטר שף רוטב קארי אדום 340 גרם,ש. שסטוביץ בע`מ,,,"י""ח",340,"ל מ""ל",false,1,14.90,4.38,false,1,
7290114603539,false,קרוטונים למרק שום בצל מאסטר שף 350 גרם,"עינת תעשיות מזון, אגשח ב",,,"י""ח",350,ל גרם,false,1,17.90,5.11,false,1,
7290114603591,false,PLAY חטיף פוף בטעם קטשופ 40 גרם,ש. שסטוביץ בע`מ,,,"י""ח",40,ל גרם,false,1,3.90,9.75,true,1,
7290114603607,false,PLAY חטיף פוף בטעם חמוץ חריף 40 גרם,ש. שסטוביץ בע`מ,,,"י""ח",40,ל גרם,false,1,3.90,9.75,true,1,
7290114604840,false,"דפי אורז קוטר 16 כשל""פ מאסטר שף",ש. שסטוביץ בע`מ,,,"י""ח",400,ל גרם,false,1,14.90,3.73,true,1,
7290114604864,false,קוסקוס סולת דק מאסטר שף 350 גרם,ש. שסטוביץ בע`מ,,,"י""ח",350,ל גרם,false,1,6.90,1.97,false,1,
7290114604871,false,קוסקוס סולת בינוני מאסטר שף 350 גרם,ש. שסטוביץ בע`מ,,,"י""ח",350,ל גרם,false,1,6.90,1.97,false,1,
7290114604895,false,מאסטר שף מיונז ספייסי לחיץ 446 גרם,ש. שסטוביץ בע`מ,,,"י""ח",446,ל גרם,false,1,13.90,3.12,false,1,
7290114604901,false,ממרח שום לחיץ מאסטר שף 444 גרם,ש. שסטוביץ בע`מ,,,"י""ח",446,ל גרם,false,1,13.90,3.12,false,1,
7290114604925,false,מנה אסייאתי קרם קוקוס פחית לייט 400 מ`ל,"תאי קוקונאט חברה בע""",,,"י""ח",400,"ל מ""ל",false,1,9.90,2.48,false,1,
7290114604932,false,מאסטר שף רוטב ברביקיו דבש 520 גרם,רמיה סי.וי. הולנד,,,"י""ח",520,ל גרם,false,1,14.90,2.87,false,1,
7290114604949,false,מאסטר שף רוטב ברביקיו 524 גרם,רמיה סי.וי. הולנד,,,"י""ח",524,ל גרם,false,1,12.90,2.46,false,1,
7290114604963,false,מאסטר שף פירורי לחם מתובלים 230 גרם,ש. שסטוביץ בע`מ,,,"י""ח",200,ל גרם,false,1,6.90,3.45,false,1,
7290114605908,false,פרי חטיף חטיף תמרים לוז טעם קפוצינו 40 ג,ש.שסטוביץ בעמ,,,"י""ח",40,ל גרם,false,1,7.11,17.78,true,1,
7290114605915,false,פרי חטיף חטיף תמרים ואגוזי לוז 40 גרם,ש. שסטוביץ בע`מ,,,"י""ח",40,ל גרם,false,1,7.11,17.78,true,1,
7290114606530,false,רוטב בטעם מיונז וקטשופ 515 גרם מאסטר שף,ש. שסטוביץ בע`מ,,,"י""ח",515,ל גרם,false,1,13.90,2.70,false,1,
7290114606547,false,מיונז פטריות כמהין לחיץ מאסטר שף 242 גרם,ש. שסטוביץ בע`מ,,,"י""ח",242,ל גרם,false,1,13.90,5.74,false,1,
7290114606561,false,מאסטר שף אטריות אורז דקות ורמיצ'לי 400 ג,לינג טונג רייס ורמיצ'ילי,,,"י""ח",400,ל גרם,false,1,8.90,2.23,false,1,
7290114606578,false,מאסטר שף שקדי מרק 400 גרם,ש. שסטוביץ בע`מ,,,"י""ח",400,ל גרם,false,1,9.90,2.48,true,1,
7290114606592,false,רוטב סויה מסורתית 46% פולי סויה מאסטר שף 620 ג',קריניציה ויטמינה אס,,,"י""ח",620,"ל מ""ל",false,1,16.90,2.73,false,1,
7290114606608,false,רוטב סויה מסורתי מאסטר שף דל נתרן 40 דל נתרן,קריניציה ויטמינה אס,,,"י""ח",620,"ל מ""ל",false,1,16.90,2.73,false,1,
7290114606653,false,"פוף כדורים בטעם גריל 40גר כשל""פ",ש.שסטוביץ בעמ,,,"י""ח",40,ל גרם,false,1,3.90,9.75,true,1,
7290114607391,false,"קולגייט משחת לילדים ברבי 2-5 שנים, 75 מ""ל",קולגייט פלמוליב,,,"י""ח",100,"ל מ""ל",false,1,14.90,14.90,false,1,
7290114608640,false,מאסטר שף קרוטונים לסלט כוסמין 260 גרם,עינת תעשיות מזון אגו,,,"י""ח",260,ל גרם,false,1,17.90,6.88,false,1,
7290114608657,false,סילאן לחיץ מאסטר שף 700 גרם,ש.שסטוביץ בעמ,,,"י""ח",700,ל גרם,false,1,19.90,2.84,false,1,
7290114608695,false,מיונז עם ווסאבי לחיץ מאסטר שף 241 גרם,ש. שסטוביץ בע`מ,,,"י""ח",435,ל גרם,false,1,13.90,3.20,true,1,
7290114700115,false,סיר גמילה בצורת אסלה כחול,כוכב נולד פלוס נתיבות בעמ,,,"י""ח",1,,false,1,159,159,false,1,
7290114700122,false,סיר גמילה בצורת אסלה אדום,כוכב נולד פלוס נתיבות בעמ,,,"י""ח",1,,false,1,159,159,false,1,
7290114700139,false,בוסטר כיסוי מלא,כוכב נולד פלוס נתיבות בעמ,,,"י""ח",1,,false,1,79.90,79.90,false,1,
7290114700146,false,בוסטר ישיבה,כוכב נולד פלוס נתיבות בעמ,,,"י""ח",1,,false,1,79.90,79.90,false,1,
7290114700153,false,בוסטר ישיבה,כוכב נולד פלוס נתיבות בעמ,,,"י""ח",1,,false,1,79.90,79.90,false,1,
7290114700160,false,בוסטר ישיבה,כוכב נולד פלוס נתיבות בעמ,,,"י""ח",1,,false,1,79.90,79.90,false,1,
7290114701440,false,סט טיפוח לתינוק,כוכב נולד פלוס נתיבות בעמ,,,"י""ח",1,,false,1,29.90,29.90,false,1,
7290114701914,false,טרמפולינה טוויגי,כוכב נולד פלוס נתיבות בעמ,,,"י""ח",1,,false,1,229.90,229.90,false,1,
7290114701990,false,סט טיפוח לתינוק,כוכב נולד פלוס נתיבות בעמ,,,"י""ח",1,,false,1,29.90,29.90,false,1,
7290114702485,false,מושב לאוכל,כוכב נולד פלוס נתיבות בעמ,,,"י""ח",1,,false,1,159.90,159.90,false,1,
7290114702492,false,מושב לאוכל,כוכב נולד פלוס נתיבות בעמ,,,"י""ח",1,,false,1,159.90,159.90,false,1,
7290114702614,false,מושב אמבטיה,כוכב נולד פלוס נתיבות בעמ,,,"י""ח",1,,false,1,79.90,79.90,false,1,
7290114720670,false,פוג'יקום מחליק שיער FUJICOM דגם HS700FJ,פוגיקום בעמ,,,"י""ח",1,,false,1,149.90,149.90,true,1,
7290114750813,false,דאו גילט קליר גל Cool Wave מארז זוג לגברלגבר,דיפלומט מפיצים (1968) בעמ,,,"י""ח",100,ל גרם,false,1,32.90,32.90,true,1,
7290114750820,false,גילט קליר דאורדורנט גל ארטיק אייס 2יח,דיפלומט מפיצים (1986) בע`מ,,,"י""ח",100,ל גרם,false,1,32.90,32.90,true,1,
7290115072266,false,"בקבוק פלסטיק 500 מ""ל עם פיה - מיני",שמחה זה אנחנו,,,"י""ח",1,,false,1,13.90,13.90,false,1,
7290115072280,false,"בקבוק פלסטיק 500 מ""ל עם פיה - סמי הכבאי",שמחה זה אנחנו,,,"י""ח",1,,false,1,13.90,13.90,false,1,
7290115072303,false,"בקבוק פלסטיק 500 מ""ל עם פיה - ברבי.",שמחה זה אנחנו,,,"י""ח",1,,false,1,13.90,13.90,false,1,
7290115073676,false,מסכות כירורגיות צבעוני מארז 50 יח(ש),שמחה זה אנחנו בע`מ,,,"י""ח",50,"י""ח",false,1,9.90,0.20,false,1,
7290115073713,false,שלישיית ביצי שוקולד(חלב נוכרי)-טום וג'רי,שמחה זה אנחנו בעמ,,,"י""ח",1,,false,1,14.90,14.90,false,1,
7290115073720,false,שלישיית ביצי שוקולד(חלב נוכרי)-לוני טונס,שמחה זה אנחנו בעמ,,,"י""ח",1,,false,1,14.90,14.90,false,1,
7290115074772,false,"בקבוק פלסטיק 500 מ""ל עם פיה - נסיכות",שמחה זה אנחנו,,,"י""ח",1,,false,1,13.90,13.90,false,1,
7290115075779,false,קופסת אוכל מחולקת מיניונים,שמחה זה אנחנו,,,"י""ח",1,,false,1,24.90,24.90,false,1,
7290115190007,false,מרלבורו רד פאקט) (10 חדש,פיליפ מוריס בעמ,,,"י""ח",1,,false,1,349,349,false,1,
7290115190014,false,סיגריות מרלבורו רד קצר בוקס,פיליפ מוריס בעמ,,,"י""ח",1,,false,1,34.90,34.90,false,1,
7290115190052,false,סיגריות מרלבורו מדיום פלייבור מיקס,פיליפ מוריס בעמ,,,"י""ח",1,,false,1,34.90,34.90,false,1,
7290115190076,false,סיגריות מרלבורו גולד ארוך 100 בוקס,פיליפ מוריס בעמ,,,"י""ח",1,,false,1,34.90,34.90,false,1,
7290115190090,false,סיגריות מרלבורו קצר בוקס בודד,פיליפ מוריס בעמ,,,"י""ח",1,,false,1,34.90,34.90,false,1,
7290115190137,false,סיגריות מרלבורו טאצ סילבר יחידה,פיליפ מוריס בעמ,,,"י""ח",1,,false,1,30.90,30.90,false,1,
7290115190151,false,סיגריות מרלבורו טאצ גולד,פיליפ מוריס בעמ,,,"י""ח",1,,false,1,30.90,30.90,false,1,
7290115190175,false,פרלמנט סופר סלימס קופסא,פיליפ מוריס בעמ,,,"י""ח",1,,false,1,39.50,39.50,false,1,
7290115190199,false,פרלמנט נייט ארוך חפיסה) (20,פיליפ מוריס בעמ,,,"י""ח",1,,false,1,39.50,39.50,false,1,
7290115190212,false,סיגריות פרלמנט בלו 100 BR בודד,פיליפ מוריס בעמ,,,"י""ח",1,,false,1,39.50,39.50,false,1,
7290115190236,false,סיגריות פרלמנט קצר בלו בודד,פיליפ מוריס בעמ,,,"י""ח",1,,false,1,39.50,39.50,false,1,
7290115190250,false,סיגריות פרלמנט קצר בודד,פיליפ מוריס בעמ,,,"י""ח",1,,false,1,39.50,39.50,false,1,
7290115190274,false,סיגריות פרלמנט סילבר,פיליפ מוריס בעמ,,,"י""ח",1,,false,1,39.50,39.50,false,1,
7290115190335,false,ל.מ.בלו לייבל ארוך בוקס חפיסה,פיליפ מוריס בעמ,,,"י""ח",1,,false,1,30.50,30.50,false,1,
7290115190359,false,אל.אמ בלו לייבל קצר חפיסה) (20,פיליפ מוריס בעמ,,,"י""ח",1,,false,1,30.50,30.50,false,1,
7290115190373,false,סיגריות ל.מ. קפסולהP,פיליפ מוריס בעמ,,,"י""ח",1,,false,1,30.50,30.50,false,1,
7290115190380,false,אל אם רד לייבל פאקט,פיליפ מוריס בעמ,,,"י""ח",1,,false,1,299.90,299.90,false,1,
7290115190397,false,סיגריות L.M קצר רד לייבל בודד,פיליפ מוריס בעמ,,,"י""ח",1,,false,1,30.50,30.50,false,1,
7290115190434,false,סיגריות L.M וייב סלימס בודד,פיליפ מוריס בעמ,,,"י""ח",1,,false,1,30.50,30.50,false,1,
7290115190458,false,סיגריות נקסט פיין אדג' בודד,פיליפ מוריס בעמ,,,"י""ח",1,,false,1,26.50,26.50,true,1,
7290115190465,false,נקסט פיין אדג` פקאט 10 יחידות,פיליפ מוריס בעמ,,,"י""ח",1,,false,1,259.90,259.90,false,1,
7290115190472,false,סיגריות נקסט אדג' בודד,פיליפ מוריס בעמ,,,"י""ח",1,,false,1,26.50,26.50,true,1,
7290115190489,false,נקסט פיין טייסט ארוך פקאט 10 יחידות,פיליפ מוריס בעמ,,,"י""ח",1,,false,1,289.90,289.90,true,1,
7290115190496,false,סיגריות נקסט ארוך בודד,פיליפ מוריס בעמ,,,"י""ח",1,,false,1,29.90,29.90,false,1,
7290115190519,false,סיגריות נקסט פיין חפ,פיליפ מוריס בעמ,,,"י""ח",1,,false,1,29.90,29.90,false,1,
7290115190526,false,נקסט ריסס ארוך פקאט 10 יחידות,פיליפ מוריס בעמ,,,"י""ח",1,,false,1,268.90,268.90,false,1,
7290115190533,false,סיגריות נקסט ריסס 100 בודד,פיליפ מוריס בעמ,,,"י""ח",1,,false,1,26.90,26.90,true,1,
7290115190540,false,נקסט ריסס קצר פקאט 10 יחידות,פיליפ מוריס בעמ,,,"י""ח",1,,false,1,268.90,268.90,false,1,
7290115190557,false,חפיסת סיגריות ריסס פילטר נקסט) (20,פיליפ מוריס בעמ,,,"י""ח",1,,false,1,26.90,26.90,true,1,
7290115190595,false,סיגריות נקסט אוריגינ,פיליפ מוריס בעמ,,,"י""ח",1,,false,1,29.90,29.90,false,1,
7290115190618,false,מרלבורו רד-טבק לגלגול סיגריות בודד,פיליפ מוריס בעמ,,,"י""ח",1,"י""ח",false,1,79.90,79.90,false,1,
7290115190632,false,מרלבורו גולד-טבק לגלגול סיגריות בודד,פיליפ מוריס בעמ,,,"י""ח",1,"י""ח",false,1,79.90,79.90,false,1,
7290115190656,false,נקסט טבק פיין סיגריות חפיסה.,פיליפ מוריס בעמ,,,"י""ח",1,"י""ח",false,1,88.90,88.90,false,1,
7290115190670,false,טבק נקסט אוריג'ינל 40 גרם חפיסה,פיליפ מוריס בעמ,,,"י""ח",1,"י""ח",false,1,88.90,88.90,false,1,
7290115190731,false,טבק צ`סטרפילד אורג`ינל בודד,פיליפ מוריס בעמ,,,"י""ח",1,,false,1,68.90,68.90,false,1,
7290115190892,false,סיגריות מרלבורו פיוז'ן קפסולה בודד,פיליפ מוריס בעמ,,,"י""ח",1,,false,1,28,28,true,1,
7290115190939,false,אל.אם קפסולות קליק חפיסה,פיליפ מוריס בעמ,,,"י""ח",1,,false,1,26.50,26.50,true,1,
7290115190977,false,סיגריות מרלבורו טאץ אדום -בודד,פיליפ מוריס בעמ,,,"י""ח",1,,false,1,30.90,30.90,true,1,
7290115191035,false,מרלבורו סאמר ספלאש קופסא,פיליפ מוריס בעמ,,,"י""ח",1,,false,1,30.90,30.90,true,1,
7290115191066,false,נקסט ריץ פקאט 10 יחידות,פיליפ מוריס בעמ,,,"י""ח",1,,false,1,268.90,268.90,false,1,
7290115191073,false,נקסט ריץ' ריסס חפיסה,פיליפ מוריס בעמ,,,"י""ח",1,,false,1,26.90,26.90,true,1,
7290115200003,false,אסם פתי בר פינוקי וניל 16*220 ג',קבוצת אוסם סחר שותפות מוגבלת,,,"י""ח",220,ל גרם,false,1,10.90,4.95,true,1,
7290115200027,false,אסם פתי בר פינוקים שוקו 220 גרם,קבוצת אוסם סחר שותפות מוגבלת,,,"י""ח",220,ל גרם,false,1,10.90,4.95,true,1,
7290115200676,false,עוגיות קרמוגית במילוי קרם בטעם קרמל מלוח,קבוצת אוסם סחר שותפות מוגבלת,,,"י""ח",200,ל גרם,false,1,11.90,5.95,true,1,
7290115200713,false,במבה קלאסי מארז אחיד 5*50 גר` אסם,קבוצת אוסם סחר שותפות מוגבלת,,,"י""ח",250,ל גרם,false,1,13.90,5.56,true,1,
7290115200829,false,ביסלי בלאגן מיקס 150גר,קבוצת אוסם סחר-שות.מוגבלת,,,"י""ח",150,ל גרם,false,1,8.90,5.93,true,1,
7290115200928,false,ביסלי וחברים מיקס 150גר,קבוצת אוסם סחר-שות.מוגבלת,,,"י""ח",200,ל גרם,false,1,8.90,4.45,true,1,
7290115201031,false,פתי בר פינוקי דובי שוקולד 175גר.,קבוצת אוסם סחר שותפות מוגבלת,,,"י""ח",175,ל גרם,false,1,10.90,6.23,true,1,
7290115201550,false,חטיף ביסלי קרנבל מיקס 150 גר אסם,קבוצת אוסם סחר שותפות מוגבלת,,,"י""ח",200,ל גרם,false,1,8.90,4.45,true,1,
7290115201680,false,ביסלי חטיף בטעם ברביקין אסם (70 גרם),קבוצת אוסם סחר שותפות מוגבלת,,,"י""ח",70,ל גרם,false,1,4.40,6.29,true,1,
7290115201727,false,ביסלי חטיף בטעם בצל אסם (200 גרם),קבוצת אוסם סחר-שות.מוגבלת,,,"י""ח",200,ל גרם,false,1,8.90,4.45,true,1,
7290115201741,false,ביסלי חטיף בטעם בצל אסם (70 גרם),קבוצת אוסם סחר שותפות מוגבלת,,,"י""ח",70,ל גרם,false,1,4.40,6.29,true,1,
7290115202434,false,צבר סלט חומוס עם זעתר 375 גרם,קבוצת אוסם סחר שותפות מוגבלת,,,"י""ח",375,ל גרם,false,1,13.70,3.65,true,1,
7290115202786,false,מנה חמה פאוצ' נדלס.אטר.טעם בקר 70 גרם,קבוצת אוסם סחר שותפות מוגבלת,,,"י""ח",70,ל גרם,false,1,4.90,7,false,1,
7290115202816,false,מנה חמה פאוץ נודלס אטריות טעם עוף 70 גרם,קבוצת אוסם סחר שותפות מוגבלת,,,"י""ח",70,ל גרם,false,1,4.90,7,false,1,
7290115202847,false,מנה חמה פאוצ' נדלס ספייסי אסם 70 ג',קבוצת אוסם סחר שותפות מוגבלת,,,"י""ח",70,ל גרם,false,1,4.90,7,false,1,
7290115202939,false,מנה חמה רייס נודלס עוף פטריות אסם 50 גרם,קבוצת אוסם סחר שותפות מוגבלת,,,"י""ח",50,ל גרם,false,1,8.90,17.80,true,1,
7290115203134,false,חטיף פופקו פופקורן במבה אסם (80 גרם),קבוצת אוסם סחר שותפות מוגבלת,,,"י""ח",80,ל גרם,false,1,4.50,5.63,true,1,
7290115203172,false,במבה PRO מכיל 18 גרם חלבון בשקית,קבוצת אוסם סחר שותפות מוגבלת,,,"י""ח",80,ל גרם,false,1,4.30,5.38,true,1,
7290115203295,false,פרפקטו פסטה ריציאולי מהדורה 12*500גרם,קבוצת אוסם סחר-שות.מוגבלת,,,"י""ח",500,ל גרם,false,1,11.90,2.38,false,1,
7290115203349,false,פתיתים עם עדשים מגדרה מהדורה 400גר`,קבוצת אוסם סחר-שות.מוגבלת,,,"י""ח",400,ל גרם,false,1,7.90,1.98,true,1,
7290115203363,false,פתיתים עם עגבניות מהדורה 400גר`,קבוצת אוסם סחר-שות.מוגבלת,,,"י""ח",400,ל גרם,false,1,7.90,1.98,true,1,
7290115203387,false,פתיתים בסגנון אסייתי מהדורה 400גר`,קבוצת אוסם סחר-שות.מוגבלת,,,"י""ח",400,ל גרם,false,1,7.90,1.98,true,1,
7290115203806,false,"רוטב בסיס לבישול אסם 290 מ""ל",קבוצת אוסם סחר שותפות מוגבלת,,,"י""ח",290,ל גרם,false,1,13,4.48,false,1,
7290115204131,false,צבר סחוג ירוק 6*190גרם חדש,קבוצת אוסם סחר שותפות מוגבלת,,,"י""ח",190,ל גרם,false,1,11.90,6.26,true,1,
7290115204155,false,סחוג אדום המעדנייה ש,קבוצת אוסם סחר שותפות מוגבלת,,,"י""ח",190,ל גרם,false,1,11.90,6.26,true,1,
7290115204186,false,פסטו המעדינה של צבר,קבוצת אוסם סחר שותפות מוגבלת,,,"י""ח",190,ל גרם,false,1,16.90,8.89,true,1,
7290115204261,false,אריסה חריפה המעדנייה,קבוצת אוסם סחר שותפות מוגבלת,,,"י""ח",190,ל גרם,false,1,11.90,6.26,true,1,
7290115204582,false,צבר טחינה ירוקה 350גר,קבוצת אוסם סחר-שות.מוגבלת,,,"י""ח",350,ל גרם,false,1,17,4.86,true,1,
7290115204698,false,בייגלה שטוחים שומשום בטעם ביסלי גריל 300 ג' אסם,קבוצת אוסם סחר-שות.מוגבלת,,,"י""ח",300,ל גרם,false,1,11.80,3.93,false,1,
7290115204957,false,קרקר לחמית איטלקית אסם (190 גרם),קבוצת אוסם סחר-שות.מוגבלת,,,"י""ח",190,ל גרם,false,1,9.90,5.21,true,1,
7290115204995,false,לחמית ים תיכוני 160 גר`אסם,קבוצת אוסם סחר-שות.מוגבלת,,,"י""ח",190,ל גרם,false,1,9.90,5.21,true,1,
7290115205176,false,729001032825פיטנס חטיפי קרקר כפרי 140גר.,קבוצת אוסם סחר שותפות מוגבלת,,,"י""ח",140,ל גרם,false,1,13.90,9.93,true,1,
7290115205251,false,פיטנס בר פירכיות קרמל מלוח 84 גרם,קבוצת אוסם סחר שותפות מוגבלת,,,"י""ח",84,ל גרם,false,1,14.90,17.74,true,1,
7290115205312,false,קרקר פיטנס דק עם זיתי קלמטה ועשבי תיבול,קבוצת אוסם סחר שותפות מוגבלת,,,"י""ח",140,ל גרם,false,1,12.90,9.21,true,1,
7290115205527,false,חטיף מולטיגריין עם עדשים ( 25 גר`) פיטנס,קבוצת אוסם סחר שותפות מוגבלת,,,"י""ח",25,ל גרם,false,1,4.90,19.60,true,1,
7290115205541,false,חטיף מולטיגריין עם חומוס ( 25 גר`) פיטנס,קבוצת אוסם סחר שותפות מוגבלת,,,"י""ח",25,ל גרם,false,1,4.90,19.60,true,1,
7290115205619,false,אסם פתי בר פינוקי עוגת גבינה 220 גרם,קבוצת אוסם סחר שותפות מוגבלת,,,"י""ח",220,ל גרם,false,1,10.90,4.95,true,1,
7290115205633,false,טבעול סנסשיונל/גורמה נקנקיות 350 גר',קבוצת אוסם סחר שותפות מוגבלת,,,"י""ח",350,ל גרם,false,1,29.90,8.54,false,1,
7290115205978,false,פתיבר ואצבעות שוקולד 180 גרם - רבנות,קבוצת אוסם סחר שותפות מוגבלת,,,"י""ח",180,ל גרם,false,1,11.90,6.61,true,1,
7290115206173,false,אסם פתי בר קרמל 12*500 גרם חדש,קבוצת אוסם סחר שותפות מוגבלת,,,"י""ח",500,ל גרם,false,1,12.90,2.58,true,1,
7290115206852,false,ביסלי חטיף בטעם צ`יזי סטיקס 70 גר`,קבוצת אוסם סחר-שות.מוגבלת,,,"י""ח",70,ל גרם,false,1,4.40,6.29,true,1,
7290115206890,false,ביסלי חטיף בטעם המבורגר אסם (70 גרם),קבוצת אוסם סחר-שות.מוגבלת,,,"י""ח",70,ל גרם,false,1,4.40,6.29,true,1,
7290115207118,false,"טבעול שניצל ברוקולי 7ק""ג",קבוצת אוסם סחר-שות.מוגבלת,,,"י""ח",900,ל גרם,false,1,350,38.89,false,1,
7290115207309,false,אינסטנט פודינג בטעם טירמיסו אסם 70 גר`,קבוצת אוסם סחר-שות.מוגבלת,,,"י""ח",70,ל גרם,false,1,5.90,8.43,true,1,
7290115207361,false,ביסקוויט פתיבר בטעם פיסטוק,קבוצת אוסם סחר שותפות מוגבלת,,,"י""ח",500,ל גרם,false,1,12.90,2.58,true,1,
7290115207484,false,צבר סלט חציל על האש היתר 360 גרם,קבוצת אוסם סחר שותפות מוגבלת,,,"י""ח",400,ל גרם,false,1,15.90,3.98,true,1,
7290115207507,false,"סלט טורקי 330 גרם ""צבר""",קבוצת אוסם סחר-שות.מוגבלת,,,"י""ח",360,ל גרם,false,1,15.90,4.42,true,1,
7290115207620,false,"אסם רוטב בסגנון סויה קלאסי 290 מ""ל",קבוצת אוסם סחר שותפות מוגבלת,,,"י""ח",360,ל גרם,false,1,11.90,3.31,false,1,
7290115207668,false,אסם רוטב בסגנון סויה סיני 600מל חדש,קבוצת אוסם סחר-שות.מוגבלת,,,"י""ח",600,"ל מ""ל",false,1,17.40,2.90,false,1,
7290115207682,false,אסם רוטב בסגנון סויה סיני 9*290מל חדש,קבוצת אוסם סחר שותפות מוגבלת,,,"י""ח",290,"ל מ""ל",false,1,11.90,4.10,true,1,
7290115207798,false,טבעול המבורגר חריף טבעוני 420 גרם,קבוצת אוסם סחר שותפות מוגבלת,,,"י""ח",580,ל גרם,false,1,38.90,6.71,true,1,
7290115207941,false,ויטמינצ'יק אננס סירופ 1 ליטר,קבוצת אוסם סחר שותפות מוגבלת,,,"י""ח",1,ליטר,false,1,21.90,21.90,false,1,
7290115207965,false,ויטמינצ'יק תרכיז מנגו אפרסק 1 ליטר,קבוצת אוסם סחר שותפות מוגבלת,,,"י""ח",1,ליטר,false,1,21.90,21.90,false,1,
7290115207989,false,ויטמינצ'יק תרכיז לימון 1 ליטר,קבוצת אוסם סחר שותפות מוגבלת,,,"י""ח",1,ליטר,false,1,21.90,21.90,false,1,
7290115208009,false,ויטמינצ'יק ענבים סירופ 1 ליטר,קבוצת אוסם סחר שותפות מוגבלת,,,"י""ח",1,ליטר,false,1,21.90,21.90,false,1,
7290115208047,false,סירופ פטל ויטמינצ`יק (1 ליטר),קבוצת אוסם סחר שותפות מוגבלת,,,"י""ח",1,ליטר,false,1,21.90,21.90,false,1,
7290115208061,false,ויטמינצ'יק תפוח סירופ 1 ליטר,קבוצת אוסם סחר שותפות מוגבלת,,,"י""ח",1,ליטר,false,1,21.90,21.90,false,1,
7290115208320,false,אפרופו חטיף בטעם ביסלי בצל 50 גרם,קבוצת אוסם סחר שותפות מוגבלת,,,"י""ח",50,ל גרם,false,1,3.90,7.80,true,1,
7290115208344,false,שטוחים בייגלה כפיות שמנת בצל 300גר,קבוצת אוסם סחר שותפות מוגבלת,,,"י""ח",300,ל גרם,false,1,11.80,3.93,false,1,
7290115208566,false,קרמוגית במילוי קרם בייגלה 200 גרם אסם,קבוצת אוסם סחר-שות.מוגבלת,,,"י""ח",200,ל גרם,false,1,11.90,5.95,true,1,
7290115208597,false,אסם קרמוגית מיניס קרמל מלוח 200 גרם,קבוצת אוסם סחר שותפות מוגבלת,,,"י""ח",200,ל גרם,false,1,11.90,5.95,true,1,
7290115208672,false,"צבר שום כתוש מרובע 4*1ק""ג",קבוצת אוסם סחר-שות.מוגבלת,,,"י""ח",5,"ק""ג",false,1,40.90,8.18,false,1,
7290115208801,false,קרקר לחמית דבש ואגוזים אסם (190 גרם),קבוצת אוסם סחר שותפות מוגבלת,,,"י""ח",190,ל גרם,false,1,9.90,5.21,true,1,
7290115208849,false,"מנה חמה פסטה מוקרמת ט.עוף בד""צ 55גר",קבוצת אוסם סחר-שות.מוגבלת,,,"י""ח",51,ל גרם,false,1,7.90,15.49,true,1,
7290115209136,false,טבעול חטיפי עוף צמחי העדה החרדית 6*1.2קג,קבוצת אוסם סחר שותפות מוגבלת,,,"י""ח",1.30,"ק""ג",false,1,46.10,35.46,true,1,
7290115209174,false,במבה אורירית קלאסי 60 גר',קבוצת אוסם סחר-שות.מוגבלת,,,"י""ח",80,ל גרם,false,1,3.90,4.88,true,1,
7290115209198,false,במבה אוורירית אסם 80 גרם,קבוצת אוסם סחר שותפות מוגבלת,,,"י""ח",80,ל גרם,false,1,3.90,4.88,true,1,
7290115209235,false,ביסקוויט פתי בר קפה אסם (500 גרם),קבוצת אוסם סחר שותפות מוגבלת,,,"י""ח",500,ל גרם,false,1,13.90,2.78,true,1,
7290115209273,false,אוסם - במבה במילוי אייס קפה 60 גרם,קבוצת אוסם סחר-שות.מוגבלת,,,"י""ח",60,ל גרם,false,1,4.30,7.17,true,1,
7290115209297,false,במבה במילוי אייסקפה 150 גרם אוסם,קבוצת אוסם סחר-שות.מוגבלת,,,"י""ח",200,ל גרם,false,1,10.90,5.45,false,1,
7290115209358,false,במבה במילוי בראוניז אסם (60 גרם),קבוצת אוסם סחר שותפות מוגבלת,,,"י""ח",600,ל גרם,false,1,4.30,0.72,true,1,
7290115209372,false,במבה במילוי בראוניז 150 גרם אוסם,קבוצת אוסם סחר שותפות מוגבלת,,,"י""ח",200,ל גרם,false,1,10.90,5.45,true,1,
7290115400274,false,מיני דובשניות מתוקות 400 גרם אדל,שיבולים יצור ושיווק מוצרי מאפה,,,"י""ח",400,ל גרם,false,1,11.90,2.98,false,1,
7290115403282,false,עוגיות פיצפוצי שוקו 500ג דל,שיבולים יצור ושיווק מוצרי מאפה,,,"י""ח",500,ל גרם,false,1,15.90,3.18,false,1,
7290115403299,false,עוגיות פרפריות 450ג דל,שיבולים יצור ושיווק מוצרי מאפה,,,"י""ח",450,ל גרם,false,1,15.90,3.53,false,1,
7290115403312,false,עוגיות מלוחות קריספי עגול 450ג דל,שיבולים יצור ושיווק מוצרי מאפה,,,"י""ח",450,ל גרם,false,1,15.90,3.53,false,1,
7290115403329,false,עוגיות רשת קינמון מסוכרות 450ג דל,שיבולים יצור ושיווק מוצרי מאפה,,,"י""ח",450,ל גרם,false,1,15.90,3.53,false,1,
7290115403350,false,עוגיות רשת שוקו מסוכרות 450ג דל,שיבולים יצור ושיווק מוצרי מאפה,,,"י""ח",450,ל גרם,false,1,15.90,3.53,false,1,
7290115403367,false,עוגיות קוואקר פריכות 500ג דל,שיבולים יצור ושיווק מוצרי מאפה,,,"י""ח",500,ל גרם,false,1,15.90,3.18,false,1,
7290115403381,false,עוגיות פיצפוצים לבן 500ג דלי,שיבולים יצור ושיווק מוצרי מאפה,,,"י""ח",500,ל גרם,false,1,15.90,3.18,false,1,
7290115403435,false,עוגיות מעמול תמר 500 גרם,שיבולים יצור ושיווק מוצרי מאפה,,,"י""ח",500,ל גרם,false,1,15.90,3.18,false,1,
7290115403459,false,עוגיות נסיכה בטעם תות 500 גר`,שיבולים יצור ושיווק מוצרי מאפה,,,"י""ח",500,ל גרם,false,1,15.90,3.18,false,1,
7290115403473,false,עוגיות עינוגי שוקולד 500ג דל,שיבולים יצור ושיווק מוצרי מאפה,,,"י""ח",500,ל גרם,false,1,15.90,3.18,false,1,
7290115403480,false,עוגיות בסגנון מרוקאי מיני 500ג דל,שיבולים יצור ושיווק מוצרי מאפה,,,"י""ח",500,ל גרם,false,1,15.90,3.18,false,1,
7290115403510,false,עוגיות מגולגלות תמרים 500ג דל,שיבולים יצור ושיווק מוצרי מאפה,,,"י""ח",500,ל גרם,false,1,15.90,3.18,false,1,
7290115403527,false,עוגיות עינוגי תמרים 500ג דל,שיבולים יצור ושיווק מוצרי מאפה,,,"י""ח",500,ל גרם,false,1,15.90,3.18,false,1,
7290115403565,false,עוגיות קיפל וניל 500 גרם,שיבולים יצור ושיווק מוצרי מאפה,,,"י""ח",500,ל גרם,false,1,15.90,3.18,false,1,
7290115405057,false,פס מוס גבינה אוכמניות 300 גרם קפולסקי,קפולסקי אדל בעמ,,,"י""ח",300,ל גרם,false,1,27.90,9.30,false,1,
7290115405088,false,קינוח אישי קדאיף קפולסקי 200 גרם,קפולסקי אדל בעמ,,,"י""ח",200,ל גרם,false,1,16.90,8.45,false,1,
7290115405118,false,קינוח אישי גבינה תענוג תות קפולסקי 200 ג,תופינים מקבוצת קפולסקי,,,"י""ח",200,ל גרם,false,1,16.90,8.45,false,1,
7290115405651,false,כדורי שוקולד וסוכריות 280 גר,קפולסקי שיווק וקמעונ,,,"י""ח",280,ל גרם,false,1,29.90,10.68,false,1,
7290115405774,false,פחזניות ממולאות בטעם וניל קפולסקי 180 גרם,תופינים מקבוצת קפולס,,,"י""ח",180,ל גרם,false,1,13.90,7.72,false,1,
7290115405798,false,פחזניות ממולאות בטעם ריבת חלב קפולסקי 180 גרם,קפולסקי אדל בעמ,,,"י""ח",180,ל גרם,false,1,13.90,7.72,false,1,
7290115642476,false,מיכלי איחסון 1ליטר.,צבע ומכחול (2014) בעמ,,,"י""ח",5,"י""ח",false,1,9.90,1.98,true,1,
7290115642483,false,מיכלי איחסון 2ליטר.,צבע ומכחול (2014) בעמ,,,"י""ח",5,"י""ח",false,1,9.90,1.98,true,1,
7290115670691,false,גרנולה שיבולת שועל עם פירות יער,אמקו ספול אס. אר.או,,,"י""ח",400,ל גרם,false,1,13.90,3.48,true,1,
7290115671155,false,שלישיית סוכריות מאסט FRESH ענבים 45 גרם,"שטראוס גרופ בע""מ",,,"י""ח",45,ל גרם,false,1,8.90,19.78,true,1,
7290115671223,false,מסטיק מאסט פאן אבטיח מנגו צנצנת 58 גרם,שטראוס גרופ בע`מ,,,"י""ח",58,ל גרם,false,1,9.90,17.07,true,1,
7290115671308,false,מסטיק מאסט פאן בצנצנת תות דובדבן,"שטראוס גרופ בע""מ",,,"י""ח",58,ל גרם,false,1,9.90,17.07,true,1,
7290115671339,false,מיני פינוקיות בראוניז בייגל בוטן עלית 180 ג' עלית,"הגביע מוצרי ופלים בע""\מ",,,"י""ח",200,ל גרם,false,1,10.90,5.45,true,1,
7290115671346,false,מיני פינוקיות טופי קרמל מלוח עלית 180 גרם,"הגביע מוצרי ופלים בע""\מ",,,"י""ח",200,ל גרם,false,1,10.90,5.45,true,1,
7290115671353,false,מיני פינוקיות עוגיות קקאו במילוי קרם בטעם וניל,"הגביע מוצרי ופלים בע""\מ",,,"י""ח",200,ל גרם,false,1,10.90,5.45,true,1,
7290115675764,false,קפסולות 08 100% אתיופיה למכונות NESPRESSO,הנסיך- מפעל לייצור ט,,,"י""ח",50,ל גרם,false,1,19.90,39.80,true,1,
7290115675986,false,דנונה יוגורט בר עם אגוזים מקורמלים 173 גרם,שטראוס גרופ בעמ/מצונן,,,"י""ח",173,"ל מ""ל",false,1,4.60,2.66,true,1,
7290115676037,false,דנונה ריפרש יוגורט עם תות ודומדמניות 1.6% שומן,שטראוס גרופ בעמ/מצונן,,,"י""ח",250,"ל מ""ל",false,1,5.90,2.36,true,1,
7290115676051,false,"משקה אקטיביה שיבולת שועל במתיקות מעודנת 250 מ""ל",שטראוס גרופ בעמ/מצונן,,,"י""ח",265,"ל מ""ל",false,1,5,1.89,true,1,
7290115676082,false,משקה דנונה פרו 20 יוגורט תות 255 ג' רבנות,שטראוס גרופ בעמ/מצונן,,,"י""ח",265,"ל מ""ל",false,1,6.90,2.60,true,1,
7290115676099,false,משקה דנונה פרו 20 יוגורט וניל 255 ג' רבנות,שטראוס גרופ בעמ/מצונן,,,"י""ח",265,"ל מ""ל",false,1,6.90,2.60,true,1,
7290115676273,false,אבקת קקאו עלית 500 גרם+ 10% תוספת,שטראוס קפה בי.וי.,,,"י""ח",500,ל גרם,false,1,23.90,4.78,true,1,
7290115676341,false,אריזות דבש אישיות טו גו 18 * 162 ג' יד מרדכי,מכוורת יד מרדכי שטראוס ב,,,"י""ח",162,ל גרם,false,1,19.90,12.28,true,1,
7290115676990,false,תפוצ'יפס מלח&חומץ 50 גרם,"שטראוס פריטו ליי בע""\מ )",,,"י""ח",50,ל גרם,false,1,4.50,9,true,1,
7290115677140,false,תפוצ'יפס בטעם פפריקה 200 גרם היתר מכירה,"שטראוס פריטו ליי בע""מ",,,"י""ח",200,ל גרם,false,1,10.90,5.45,true,1,
7290115677959,false,ממרח אבוקדו גוואקמולי 220 ג' אחלה,"שטראוס גרופ ***בע""מ",,,"י""ח",220,ל גרם,false,1,16.90,7.68,true,1,
7290115678376,false,מעדן הגולן שוקולד 125 גרם,שטראוס גרופ בעמ/מצונן,,,"י""ח",125,ל גרם,false,1,3.20,2.56,true,1,
7290115678383,false,מעדן הגולן שוקולד מריר בודד 125גר,שטראוס גרופ בעמ/מצונן,,,"י""ח",125,ל גרם,false,1,3.20,2.56,true,1,
7290115678888,false,"אבקת שוקולית טופי וקרמל פחית, 500 גרם עלית",שטראוס קפה בי.וי.,,,"י""ח",500,ל גרם,false,1,15.50,3.10,true,1,
7290115678970,false,מארז סוכריות FRESH בטעם בזוקה עלית 3*15 ג',"הליקון גידה בע""\מ",,,"י""ח",45,ל גרם,false,1,7.90,17.56,true,1,
7290115679397,false,מארז רטבי עגבניות 1.,"שטראוס גרופ בע""מ",,,"י""ח",125,ל גרם,false,1,27.90,22.32,true,1,
7290115679960,false,ציטוס פופקורן בטעם טבעי 60 ג 24 יח,"שטראוס פריטו ליי בע""\מ )",,,"י""ח",40,ל גרם,false,1,3.90,9.75,true,1,
7290116530000,false,"דאב - תרחיץ פנים מרענן בניחוח מלפפון ותה ירוק 180 מ""ל",יוניליוור ישראל שיווק בע`מ,,,"י""ח",180,"ל מ""ל",false,1,11.90,6.61,false,1,
7290116530161,false,"תחליב רחצה בניחוח שייק אננס, מלון וחלב שיבולת שועל",יוניליוור ישראל שיווק בע`מ,,,"י""ח",750,"ל מ""ל",false,1,11.90,1.59,false,1,
7290116530185,false,"קורנפלקס דלישקד קרמל מלוח 400 גרם בד""ץ",יוניליוור ישראל שיווק בע`מ,,,"י""ח",400,ל גרם,false,1,21.90,5.48,false,1,
7290116530239,false,אקס דאו סטיק לגבר בלאק 7 גרם,יוניליוור ישראל שיווק בע`מ,,,"י""ח",77,ל גרם,false,1,14.90,19.35,false,1,
7290116530260,false,דגני בוקר שוגי קקאו400גר,יוניליוור ישראל שיווק בעמ,,,"י""ח",375,ל גרם,false,1,19.90,5.31,true,1,
7290116530482,false,תלמה מארז קורנפלקס אלופים 30 גרם*5 יחידו,יוניליוור ישראל שיווק בע`מ,,,"י""ח",150,ל גרם,false,1,10,6.67,false,1,
7290116530796,false,הלמנס מיונז מנות 900*9גר,יוניליוור ישראל שיווק בעמ,,,"י""ח",5,"ק""ג",false,1,299,59.80,false,1,
7290116530871,false,נשנושים מיקס בייגל בייגל 240 גרם,יוניליוור ישראל שיווק בע`מ,,,"י""ח",240,ל גרם,false,1,12.90,5.38,false,1,
7290116530888,false,ג'ל לכביסה לבנה וצבעונית פינוק כחול בדין 2.5 ל',יוניליוור ישראל שיווק בע`מ,,,"י""ח",2.50,ליטר,false,1,32.90,13.16,false,1,
7290116530895,false,"תרסיס ריחני למייבש כביסה פינוק כחול בדין 500 מ""ל",יוניליוור ישראל שיווק בע`מ,,,"י""ח",500,"ל מ""ל",false,1,16.90,3.38,false,1,
7290116531021,false,"שוקולד חלב ורד הגליל 100 גרם כשל""פ",יוניליוור ישראל שיווק בע`מ,,,"י""ח",100,ל גרם,false,1,4.90,4.90,false,1,
7290116531045,false,קורנפלקס דליפקאן 350ג ללא גלוטן,"יוניליוור ישראלשיווק בע""מ",,,"י""ח",400,ל גרם,false,1,21.90,5.48,false,1,
7290116531069,false,קנור מרק בצל 100% רכיבים טבעיים 225 גרם,יוניליוור ישראל שיווק בע`מ,,,"י""ח",225,ל גרם,false,1,16.90,7.51,false,1,
7290116531076,false,מרק פטריות רכיבים טבעיים קטן 225 ג' קנור,יוניליוור ישראל שיווק בע`מ,,,"י""ח",225,ל גרם,false,1,14.90,6.62,false,1,
7290116531090,false,בייגל בייגל דג דג במליחות עדינה 250 גרם,"יוניליוור ישראל שיווק בע""מ",,,"י""ח",250,ל גרם,false,1,9.90,3.96,true,1,
7290116531113,false,נמס בכוס מרק תאילנדי 50 ג,יוניליוור ישראל שיווק בעמ,,,"י""ח",50,ל גרם,false,1,7.50,15,true,1,
7290116531120,false,נמס בכוס מרק ויאטנמי 40גרם,יוניליוור ישראל שיווק בעמ,,,"י""ח",40,ל גרם,false,1,7.50,18.75,true,1,
7290116531243,false,"שמפו ומרכך 2ב-1 למניעת קשקשים 700 מ""ל פינוק","יוניליוור ישראל שיווק בע""מ",,,"י""ח",700,"ל מ""ל",false,1,11.90,1.70,false,1,
7290116531496,false,קינמונים דגנים פריכים מצופים קינמון 375,"יוניליוור ישראל שיווק בע""מ",,,"י""ח",375,ל גרם,false,1,19.90,5.31,true,1,
7290116531557,false,"פריכיות פתית תירס עם מלח 150 גרם כשל""פ",יוניליוור ישראל שיווק בע`מ,,,"י""ח",150,ל גרם,false,1,10.90,7.27,false,1,
7290116531649,false,פינוק שמפו ניחוח תפוח 700 מל{מהדורה מוגב,"יוניליוור ישראל שיווק בע""מ",,,"י""ח",700,"ל מ""ל",false,1,11.90,1.70,true,1,
7290116531762,false,דפים ריחניים למייבש כביסה בדין ורוד 40 יחידות,יוניליוור ישראל שיווק בע`מ,,,"י""ח",40,"י""ח",false,1,15.90,0.40,false,1,
7290116531779,false,דפים ריחניים למייבש כביסה בדין כחול 40 יחידות,"יוניליוור ישראל שיווק בע""מ",,,"י""ח",40,"י""ח",false,1,15.90,0.40,false,1,
7290116531793,false,הלמנ'ס רוטב לסלט קיסר 295 גרם,"יוניליוור ישראל שיווק בע""מ",,,"י""ח",295,ל גרם,false,1,11.90,4.03,false,1,
7290116531830,false,כריות דגנים במילוי קינמון 686 גרם,יוניליוור ישראל שיווק בע`מ,,,"י""ח",750,ל גרם,false,1,24.90,3.32,true,1,
7290116531847,false,"רוטב עגבניות פולפה איטלקי 10ק""ג",יוניליוור ישראל שיווק בעמ,,,"י""ח",1,,false,1,107.90,107.90,false,1,
7290116531854,false,"פינוק תחליב רחצה שייק קיווי, פסיפלורה ואשכולית אדומה",יוניליוור ישראל שיווק בעמ,,,"י""ח",750,"ל מ""ל",false,1,11.90,1.59,false,1,
7290116531861,false,"תחליב רחצה שייק תפוז בננה ואפרסק 700 מ""ל פינוק",יוניליוור ישראל שיווק בעמ,,,"י""ח",750,"ל מ""ל",false,1,11.90,1.59,false,1,
7290116531885,false,"מיונז הלמנס טיבעוני בד""ץ 500 גר",יוניליוור ישראל שיווק בע`מ,,,"י""ח",500,ל גרם,false,1,14.90,2.98,false,1,
7290116531892,false,רוטב ברביקיו מעושן יום עצמאות קנור 350 גרם,יוניליוור ישראל שיווק בעמ,,,"י""ח",340,ל גרם,false,1,10.90,3.21,true,1,
7290116531908,false,רוטב מרינדה לגריל יום עצמאות קנור 340 גרם,יוניליוור ישראל שיווק בעמ,,,"י""ח",340,ל גרם,false,1,10.90,3.21,true,1,
7290116531939,false,גלידה בשומן צמחי בטעם תות שדה בציפוי מכיל שוקולד,"גלידת שטראוס בע""\מ, רח'",,,"י""ח",700,ל גרם,false,1,49.90,7.13,false,1,
7290116531977,false,אקס דאודורנט בודי ספריי סקייטבורד וורדים,יוניליוור ישראל שיווק בע`מ,,,"י""ח",150,"ל מ""ל",false,1,11.90,7.93,true,1,
7290116532011,false,קליק אוקיי נוגט בציפוי שוקולד חלב 35 גרם,יוניליוור ישראל שיווק בע`מ,,,"י""ח",35,ל גרם,false,1,3.90,11.14,true,1,
7290116532080,false,הלמנס צ`יפוטלה מנות 498*9גר,יוניליוור ישראל שיווק בעמ,,,"י""ח",5,"ק""ג",false,1,179.90,35.98,false,1,
7290116532219,false,קורנפלקס תות תלמה אלופים 448 גרם,"יוניליוור ישראל שיווק בע""מ",,,"י""ח",448,ל גרם,false,1,17.90,4,true,1,
7290116532240,false,קליק טבלה שוקולד חלב פצפוצי דגנים ועוגי 85 גרם רבנות,"יוניליוור ישראל שיווק בע""מ",,,"י""ח",100,ל גרם,false,1,4.90,4.90,true,1,
7290116532394,false,"אל סבון ידיים נוזלי חמאת קקאו 950 מ""ל פינוק",יוניליוור ישראל שיווק בע`מ,,,"י""ח",950,ל גרם,false,1,9.90,1.04,false,1,
7290116532400,false,בייגל בייגל בייגלה מקלות עם מלח 235ג,"יוניליוור ישראל שיווק בע""מ",,,"י""ח",235,ל גרם,false,1,5.90,2.51,false,1,
7290116532462,false,גלידת שמנת קליק בטעמי שוקולד בננה 384 ג' שטראוס,"גלידת שטראוס בע""\מ, רחוב",,,"י""ח",260,ל גרם,false,1,21.90,8.42,false,1,
7290116532486,false,גלידת שמנת קליק בטעמי וניל קרמל מלוח 384 ג' שטראוס,"גלידת שטראוס בע""\מ, רחוב",,,"י""ח",260,ל גרם,false,1,21.90,8.42,false,1,
7290116532585,false,דגני בוקר ברנפלקס קרנצ'ים בטעם דבש וקינמון,יוניליוור ישראל שיווק בע`מ,,,"י""ח",500,ל גרם,false,1,19.90,3.98,false,1,
7290116532615,false,פינוק שמפו לשיער בתוספת גוגי ברי 700 מל,"יוניליוור ישראל שיווק בע""מ",,,"י""ח",700,"ל מ""ל",false,1,11.90,1.70,true,1,
7290116532622,false,"פינוק קונדישנר בתוספת תמצית גוג`י 700מ""ל","יוניליוור ישראל שיווק בע""מ",,,"י""ח",700,"ל מ""ל",false,1,11.90,1.70,true,1,
7290116532721,false,רוטב הלמנס ישראלי לסלט לימון וזעתר 305 ג,יוניליוור ישראל שיווק בע`מ,,,"י""ח",295,ל גרם,false,1,9.90,3.36,false,1,
7290116532738,false,רוטב איטלקי לסלט בזיליקום ואורגנו 305 גרם,יוניליוור ישראל שיווק בע`מ,,,"י""ח",295,ל גרם,false,1,9.90,3.36,false,1,
7290116532769,false,גרנולה פרוטאין גרנולה חלבון תפוח וקינמון תלמה 300 גרם,יוניליוור ישראל שיווק בע`מ,,,"י""ח",300,ל גרם,false,1,15.90,5.30,false,1,
7290116532868,false,פינוק בייבי שמפו אל דמע לתינוקות 900 מל,יוניליוור ישראל שיווק בע`מ,,,"י""ח",900,"ל מ""ל",false,1,19.90,2.21,false,1,
7290116532875,false,פינוק בייבי אל סבון לתינוקות 970 מל-משאבה,יוניליוור ישראל שיווק בע`מ,,,"י""ח",900,"ל מ""ל",false,1,19.90,2.21,false,1,
7290116532882,false,נישנושים איירביס טעם בצל 155 גר`,יוניליוור ישראל שיווק בע`מ,,,"י""ח",150,ל גרם,false,1,11.90,7.93,false,1,
7290116532899,false,נישנושים איירביס טעם פלאפל 155 גר`,"יוניליוור ישראל שיווק בע""מ",,,"י""ח",150,ל גרם,false,1,11.90,7.93,false,1,
7290116532905,false,נישנושים איירביס טעם ברביקיו 155 גר`,יוניליוור ישראל שיווק בע`מ,,,"י""ח",150,ל גרם,false,1,11.90,7.93,false,1,
7290116533063,false,דגני בוקר שוגי קרטיב ענבים 400 גרם,יוניליוור ישראל שיווק בע`מ,,,"י""ח",400,ל גרם,false,1,19.90,4.98,true,1,
7290116533094,false,"פינוק שמפו שיער בניחוח ורדים לבנים 700 מ""ל",יוניליוור ישראל שיווק בע`מ,,,"י""ח",700,"ל מ""ל",false,1,11.90,1.70,true,1,
7290116533100,false,"פינוק מרכך שיער בניחוח ורדים לבנים 700 מ""ל",יוניליוור ישראל שיווק בע`מ,,,"י""ח",700,"ל מ""ל",false,1,11.90,1.70,true,1,
7290116533117,false,"פינוק - תחליב רחצה בניחוח ורדים לבנים 700 מ""ל",יוניליוור ישראל שיווק בע`מ,,,"י""ח",750,"ל מ""ל",false,1,11.90,1.59,false,1,
7290116533216,false,"קנור מרק תיבול ירקות 235 מ""ל",יוניליוור ישראל שיווק בע`מ,,,"י""ח",235,ל גרם,false,1,14.90,6.34,false,1,
7290116533230,false,דליאגוז 400ג אגוזי לוז שלמים,יוניליוור ישראל שיווק בע`מ,,,"י""ח",400,ל גרם,false,1,21.90,5.48,false,1,
7290116533247,false,הלמנס צ יפוטלה מנות 900*9ג,יוניליוור ישראל שיווק בעמ,,,"י""ח",1,,false,1,280.90,280.90,false,1,
7290116930282,false,ארוחה בקטנה לאבנה עם קרקרים 150ג' תנובה,"תנובה בע""מ ***",,,"י""ח",150,ל גרם,false,1,7.90,5.27,false,1,
7290116930435,false,יופלה גו במרקם סמיך עם דובדבן 0% 200מל,תנובה מרכז שיתופי לש,,,"י""ח",200,"ל מ""ל",false,1,5.90,2.95,true,1,
7290116930459,false,"יופלה שייק מנגו בננה אננס וקוקוס 230 מ""ל",קבוצת המזון אקטשלאר,,,"י""ח",230,"ל מ""ל",false,1,7.90,3.43,false,1,
7290116930480,false,"משקה SHAKE בננה קיווי תפוח 230 מ""ל יופלה",קבוצת המזון אקטשלאר,,,"י""ח",230,"ל מ""ל",false,1,7.90,3.43,false,1,
7290116930626,false,ארוחה בקטנה ציזיקי עם קרקרים 150ג' תנובה,"תנובה בע""מ ***",,,"י""ח",150,ל גרם,false,1,7.90,5.27,false,1,
7290116930633,false,יולו שוקולד בלונדי בתוספת שברי בייגלה בייגלס 120 גרם,תנובה בעמ ***,,,"י""ח",120,"ל מ""ל",false,1,4.90,4.08,false,1,
7290116930657,false,"משקה חלב גו בטעם בננה תמר בתוספת שיבולת שועל במרקם חלק 340 מ""ל",תנובה מרכז שיתופי לש,,,"י""ח",340,"ל מ""ל",false,1,7.50,2.21,false,1,
7290116930701,false,מעדן חלב GO מועשר בחלבון בטעם קרמל מלוח,תנובה מרכז שיתופי לש,,,"י""ח",120,"ל מ""ל",false,1,5.20,4.33,false,1,
7290116930725,false,סויה BIO קוקוס גביע 150 גרם אלטרנטיב,תנובה בעמ ***,,,"י""ח",150,"ל מ""ל",false,1,4.50,3,false,1,
7290116930954,false,יוגורט טעם פאי תפוחים 3% 150 ג' יופלה,תנובה בעמ ***,,,"י""ח",150,"ל מ""ל",false,1,5,3.33,false,1,
7290116931012,false,יופלה דיאט יוגורט תפוח וקינמו %0 150 ג,תנובה בעמ ***,,,"י""ח",150,"ל מ""ל",false,1,5,3.33,false,1,
7290116931074,false,פרוסות טל העמק 32% שומן 300 גרם,"תנובה בע""מ ***",,,"י""ח",300,ל גרם,false,1,25.90,8.63,false,1,
7290116931081,false,מעדן סויה - טופי קרמל 125 גרם אלטרנטיב,תנובה מרכז שיתופי לש,,,"י""ח",125,"ל מ""ל",false,1,3.70,2.96,false,1,
7290116931104,false,יופלה GO במרקם סמיך עם אננס 0% תנובה 200 גרם,תנובה בעמ ***,,,"י""ח",200,"ל מ""ל",false,1,5.90,2.95,true,1,
7290116931159,false,יופלה דיאט יוגורט תות בננה %0 150 גרם,תנובה בעמ ***,,,"י""ח",150,"ל מ""ל",false,1,5,3.33,false,1,
7290116931289,false,יוגורט גו סמיך 0% אלפחורס 200 גרם,תנובה בעמ ***,,,"י""ח",200,"ל מ""ל",false,1,5.90,2.95,true,1,
7290116931463,false,מאגדת צפתית 2* 200 גרק,תנובה בעמ ***,,,"י""ח",400,ל גרם,false,1,25.90,6.48,false,1,
7290117030363,false,"כוסות מעוטרות ""האומן"" 40 יח ""שווה""",ח.כהן סוכנות מזון ומשקאות בע,,,,40,"י""ח",false,1,8.90,0.22,true,1,
7290117030530,false,"אשפתון גופיה נשלף אחד אחד XL ""שווה""",ח.כהן סוכנות מזון ומשקאות בע,,,"י""ח",25,"י""ח",false,1,18.90,0.76,false,1,
7290117030547,false,כוסות חד פעמי שתיה קרה 80יח,ח.כהן סוכנות מזון ומשקאות בע,,,"י""ח",1,"י""ח",false,1,5.90,5.90,true,1,
7290117030561,false,תבניות זהב ומכסה לבבות שווה,ח.כהן סוכנות מזון ומשקאות בע,,,"י""ח",10,"י""ח",false,1,13.90,1.39,false,1,
7290117030615,false,תבניות שחור זהב אינגליש גבוהה שווה,ח.כהן סוכנות מזון ומשקאות בע,,,"י""ח",4,"י""ח",false,1,13.90,3.48,false,1,
7290117030639,false,תבניות 10יח זהב פאי גדולות שווה,ח.כהן סוכנות מזון ומשקאות בע,,,"י""ח",10,"י""ח",false,1,13.90,1.39,false,1,
7290117030745,false,ניירות אפייה מתאים לתבנית אינגליש 20 י,ח.כהן סוכנות מזון ומשקאות בע,,,"י""ח",20,"י""ח",false,1,9.90,0.50,true,1,
7290117030752,false,תבניות ארוז *7 (R31/105) מרובעות שווה,ח.כהן סוכנות מזון ומשקאות בע,,,"י""ח",7,"י""ח",false,1,7.90,1.13,true,1,
7290117030769,false,תבניות ארוז (R2/90)*7 מלבן ארוך שווה ח,ח.כהן סוכנות מזון ומשקאות בע,,,"י""ח",7,"י""ח",false,1,7.90,1.13,true,1,
7290117030776,false,תבניות ארוז מלבן עמוק *7 (R64/80A) שוו,ח.כהן סוכנות מזון ומשקאות בע,,,"י""ח",7,"י""ח",false,1,7.90,1.13,true,1,
7290117030783,false,תבניות ארוז *4 (R99/210) ענקיות חדש ש,ח.כהן סוכנות מזון ומשקאות בע,,,"י""ח",4,"י""ח",false,1,7.90,1.98,true,1,
7290117030790,false,תבניות ארוז *10 R88 אינגליש שווה חדש,ח.כהן סוכנות מזון ומשקאות בע,,,"י""ח",10,"י""ח",false,1,7.90,0.79,true,1,
7290117030806,false,תבניות ארוז *10 טוסטר (R29 B8) שווה חד,ח.כהן סוכנות מזון ומשקאות בע,,,"י""ח",10,"י""ח",false,1,7.90,0.79,true,1,
7290117030813,false,תבניות ארוז *4 C60 עגול עמוק שווה חדש,ח.כהן סוכנות מזון ומשקאות בע,,,"י""ח",4,"י""ח",false,1,7.90,1.98,true,1,
7290117030820,false,תבניות ארוז *4 C10 עגול גדול שווה חדש,ח.כהן סוכנות מזון ומשקאות בע,,,"י""ח",4,"י""ח",false,1,7.90,1.98,true,1,
7290117031001,false,כפפות ניטריל סינטטי S כחול 80יח שווה*,ח.כהן סוכנות מזון ומשקאות בע,,,"י""ח",80,"י""ח",false,1,24.90,0.31,true,1,
7290117031032,false,כפפות ניטריל סינטטי XL שחור 80יח שווה*,ח.כהן סוכנות מזון ומשקאות בע,,,"י""ח",80,"י""ח",false,1,24.90,0.31,true,1,
7290117031049,false,צלחות דקל מרובעות ענקיות 10 יח`שווה*,ח.כהן סוכנות מזון ומשקאות בע,,,,10,"י""ח",false,1,17.90,1.79,true,1,
7290117031490,false,כריות מיקרופיבר לקרצוף וניקוי שווה,ח.כהן סוכנות מזון ומשקאות בע,,,"י""ח",3,"י""ח",false,1,8.90,2.97,true,1,
7290117031520,false,כוסות נייר גודל 12 שווה 40 יח (25 בקר,ח.כהן סוכנות מזון ומשקאות בע,,,"י""ח",40,"י""ח",false,1,13.90,0.35,true,1,
7290117031544,false,כוסות נייר גודל 4 שווה 40 יח (25 בקר,ח.כהן סוכנות מזון ומשקאות בע,,,"י""ח",40,"י""ח",false,1,6.90,0.17,true,1,
7290117031551,false,כוסות נייר גודל 2.5 שווה 40 יח (25 בקר,ח.כהן סוכנות מזון ומשקאות בע,,,"י""ח",40,"י""ח",false,1,4.90,0.12,true,1,
7290117032008,false,מזלגונים איכותי 40יח קרם שווה,ח.כהן סוכנות מזון ומשקאות בע,,,"י""ח",40,"י""ח",false,1,6.90,0.17,true,1,
7290117032015,false,מזלגות איכותים 40יח שקוף שווה *,ח.כהן סוכנות מזון ומשקאות בע,,,"י""ח",40,"י""ח",false,1,6.90,0.17,true,1,
7290117032039,false,סכינים איכותיות 40יח קרם שווה*,ח.כהן סוכנות מזון ומשקאות בע,,,"י""ח",40,"י""ח",false,1,6.90,0.17,true,1,
7290117032046,false,72901170320סכינים איכותי 40יח שקוף שווה,ח.כהן סוכנות מזון ומשקאות בע,,,"י""ח",40,"י""ח",false,1,6.90,0.17,true,1,
7290117032060,false,כפות איכותיות 40יח קרם שווה*,ח.כהן סוכנות מזון ומשקאות בע,,,"י""ח",40,"י""ח",false,1,6.90,0.17,true,1,
7290117032077,false,כפות איכותיות 40יח שקוף שווה*,ח.כהן סוכנות מזון ומשקאות בע,,,"י""ח",40,"י""ח",false,1,6.90,0.17,true,1,
7290117032091,false,כפיות איכותיות 40יח קרם שווה*,ח.כהן סוכנות מזון ומשקאות בע,,,"י""ח",40,"י""ח",false,1,6.90,0.17,true,1,
7290117032107,false,כפיות איכותיות 40יח שקוף שווה*,ח.כהן סוכנות מזון ומשקאות בע,,,"י""ח",40,"י""ח",false,1,6.90,0.17,true,1,
7290117032114,false,כפיות איכותי 40יח צבעוני שווה,ח.כהן סוכנות מזון ומשקאות בע,,,"י""ח",40,"י""ח",false,1,6.90,0.17,true,1,
7290117033005,false,מארז פופקורן למיקרו מלח 5*100 ג`שווה*,ח.כהן סוכנות מזון ומשקאות בע,,,"י""ח",500,ל גרם,false,1,10.90,2.18,true,1,
7290117033012,false,מארז פופקורן למיקרו חמאה 5*100 ג`שווה*,ח.כהן סוכנות מזון ומשקאות בע,,,"י""ח",500,ל גרם,false,1,10.90,2.18,true,1,
7290117260487,false,ניוקי תפוא מצונן 500 גר ויליפוד,ג.וילי-פוד אינטרנשיונל **גבינו,,,"י""ח",500,ל גרם,false,1,12.90,2.58,false,1,
7290117260494,false,"ניוקי תפו""א מצונן 3 צבעים 500 גרם ויליפוד",ג.וילי-פוד אינטרנשיונל **גבינו,,,"י""ח",500,ל גרם,false,1,12.90,2.58,false,1,
7290117260500,false,מיני ניוקי תפוחי אדמה מצונן 500 גרם קהילות,ג.וילי-פוד אינטרנשיונל **גבינו,,,"י""ח",500,ל גרם,false,1,12.90,2.58,false,1,
7290117260562,false,חמאה כפרית מסורתית בגביע,ג.וילי-פוד אינטרנשיונל **גבינו,,,"י""ח",225,ל גרם,false,1,16.90,7.51,false,1,
7290117260920,false,קרקרים ללא גלוטן 125 גרם ויליפוד,ג.וילי פוד אינטרנשיונל בעמ,,,"י""ח",125,ל גרם,false,1,9.90,7.92,true,1,
7290117260951,false,ביסקוויטים ללא גלוטן ופירות הדר ויליפוד 125 גרם,ג. וילי-פוד אינטרנשיונל בע`מ,,,"י""ח",125,ל גרם,false,1,9.90,7.92,true,1,
7290117260975,false,זיתי קלמטה מגולענים במי מלח 300 גרם ויליפוד,ג. וילי-פוד אינטרנשיונל בע`מ,,,"י""ח",300,ל גרם,false,1,8.90,2.97,true,1,
7290117261033,false,זיתים שחורים מיובשים בסגנון טאסוס 200 גרם,ג.וילי פוד אינטרנשיונל בעמ,,,"י""ח",200,ל גרם,false,1,8.90,4.45,true,1,
7290117261248,false,חטיף מוקצף בטעם שוקולד חלב 180ג' תן בו,ג.וילי פוד אינטרנשיונל בעמ,,,"י""ח",180,ל גרם,false,1,17.90,9.94,false,1,
7290117261255,false,חטיף מוקצף בטעם שוקולד לבן 180ג' תן בו,ג.וילי פוד אינטרנשיונל בעמ,,,"י""ח",180,ל גרם,false,1,17.90,9.94,false,1,
7290117261262,false,חטיף מוקצף בטעם שוקולד מריר ושבבי קוקוס 180ג' תן בו,ג.וילי פוד אינטרנשיונל בעמ,,,"י""ח",180,ל גרם,false,1,17.90,9.94,false,1,
7290117261514,false,סלמון אטלנטי בשמן קנולה ולימון 120 גרם ויליפוד,ג.וילי פוד אינטרנשיונל בעמ,,,"י""ח",120,ל גרם,false,1,11.90,9.92,true,1,
7290117261576,false,סרדינים בריסלינג מעושנים ברוטב עגבניות 185 גרם צנצנת,ג. וילי-פוד אינטרנשיונל בע`מ,,,"י""ח",185,ל גרם,false,1,13.90,7.51,false,1,
7290117261583,false,סרדינים בריסלינג מעושנים בשמן קנולה 129 גרם (צנצנת),ג. וילי-פוד אינטרנשיונל בע`מ,,,"י""ח",185,ל גרם,false,1,13.90,7.51,false,1,
7290117261590,false,סרדינים בריסלינג מעושנים בשמן זית 185 גרם צנצנת,ג.וילי-פוד אינטרנשיונל בעמ,,,"י""ח",185,ל גרם,false,1,13.90,7.51,false,1,
7290117261712,false,מלבי קינוח על בסיס חלב 154 גרם,ג. וילי-פוד אינטרנשיונל בע`מ,,,"י""ח",154,ל גרם,false,1,5.90,3.83,false,1,
7290117262252,false,"קוביות בטעם אפרסק מצופה שוקולד 125 גרם בעל""ז",ג.וילי פוד אינטרנשיונל בעמ,,,"י""ח",125,ל גרם,false,1,11.90,9.52,false,1,
7290117262269,false,"קוביות טעם דובדבן מצופה שוקולד 125 גרם בעל""ז",ג.וילי פוד אינטרנשיונל בעמ,,,"י""ח",125,ל גרם,false,1,11.90,9.52,false,1,
7290117262276,false,"קוביות טעם תות שדה מצופה שוקולד 125 גרם בעל""ז",ג.וילי פוד אינטרנשיונל בעמ,,,"י""ח",125,ל גרם,false,1,11.90,9.52,false,1,
7290117262290,false,פרלינים אגוזים במילוי פצפוצי דגנים פריכים מצופים שוקולד חלב 50 גרם,ג. וילי-פוד אינטרנשיונל בע`מ,,,"י""ח",50,ל גרם,false,1,4.90,9.80,false,1,
7290117262306,false,"קורנפלקס מצופה שוקולד חלב ד, 50 גרם",ג. וילי-פוד אינטרנשיונל בע`מ,,,"י""ח",50,ל גרם,false,1,4.90,9.80,false,1,
7290117262313,false,פצפוצי דגנים פריכים מצופים שוקולד חלב 50 גרם,ג. וילי-פוד אינטרנשיונל בע`מ,,,"י""ח",50,ל גרם,false,1,4.90,9.80,false,1,
7290117262320,false,ביסקוויט מצופה שוקולד חלב 50 גר JAZZY,ג. וילי-פוד אינטרנשיונל בע`מ,,,"י""ח",40,ל גרם,false,1,4.90,12.25,false,1,
7290117262542,false,מאפה דונאטס 45ג ויליפוד פרווה,ג.וילי פוד אינטרנשיונל בעמ,,,"י""ח",45,ל גרם,false,1,5.90,13.11,true,1,
7290117262559,false,מאפה דונאטס מצופה סוכר 50ג פרווה,ג. וילי-פוד אינטרנשיונל בע`מ,,,"י""ח",50,ל גרם,false,1,5.90,11.80,true,1,
7290117262566,false,מאפה דונאטס בציפוי שוקולד חלב 56 גר`,ג.וילי-פוד אינטרנשיונל **גבינו,,,"י""ח",56,ל גרם,false,1,5.90,10.54,true,1,
7290117262573,false,מאפה דונאטס בציפוי טעם תות ושוקולד לבן 5,ג.וילי-פוד אינטרנשיונל **גבינו,,,"י""ח",56,ל גרם,false,1,5.90,10.54,true,1,
7290117262580,false,מאפה דונאטס בציפוי טעם שוקולד וסוכריות 5,ג.וילי-פוד אינטרנשיונל **גבינו,,,"י""ח",58,ל גרם,false,1,5.90,10.17,true,1,
7290117262597,false,מאפה דונאטס בציפוי עוגיות קרמל פרווה,ג.וילי-פוד אינטרנשיונל **גבינו,,,"י""ח",57,ל גרם,false,1,5.90,10.35,true,1,
7290117262603,false,מאפה דונאטס בעיטור קקאו ובראוניס 58 גר`,ג.וילי-פוד אינטרנשיונל **גבינו,,,"י""ח",58,ל גרם,false,1,5.90,10.17,true,1,
7290117262610,false,מאפה דונאטס בציפוי שוק. מריר ואגוזים,ג.וילי פוד אינטרנשיונל בעמ,,,"י""ח",59,ל גרם,false,1,5.90,10,true,1,
7290117262627,false,מאפה דונאטס בציפוי ומילוי טעם שוקולד 71,ג.וילי-פוד אינטרנשיונל **גבינו,,,"י""ח",71,ל גרם,false,1,5.90,8.31,true,1,
7290117262634,false,מאפה דונאטס בציפוי ומילוי תות ומרציפן,ג.וילי פוד אינטרנשיונל בעמ,,,"י""ח",71,ל גרם,false,1,5.90,8.31,true,1,
7290117262641,false,מאפה דונאטס בציפוי שוק. וקרם עוגיות,ג.וילי פוד אינטרנשיונל בעמ,,,"י""ח",75,ל גרם,false,1,5.90,7.87,true,1,
7290117262658,false,מאפה דונאטס בציפוי ומילוי קרם קרמל,ג.וילי פוד אינטרנשיונל בעמ,,,"י""ח",74,ל גרם,false,1,5.90,7.97,true,1,
7290117262665,false,מאפה דונאטס בציפוי שוקולד ומילוי וניל 71,ג.וילי-פוד אינטרנשיונל **גבינו,,,"י""ח",71,ל גרם,false,1,5.90,8.31,true,1,
7290117262672,false,מאפה דונאטס בציפוי שוק. לבן קרם תות,ג.וילי פוד אינטרנשיונל בעמ,,,"י""ח",71,ל גרם,false,1,5.90,8.31,true,1,
7290117262689,false,מאפה דונאטס בציפוי ומילוי פיסטוק ופסי שו,ג.וילי-פוד אינטרנשיונל **גבינו,,,"י""ח",77,ל גרם,false,1,5.90,7.66,true,1,
7290117262696,false,מאפה דונאטס בציפוי שוק. חלב ופטל,ג.וילי פוד אינטרנשיונל בעמ,,,"י""ח",74,ל גרם,false,1,5.90,7.97,true,1,
7290117262702,false,מאפה דונאטס בציפוי שוק. לבן וקוקוס,ג.וילי פוד אינטרנשיונל בעמ,,,"י""ח",74,ל גרם,false,1,5.90,7.97,true,1,
7290117262719,false,מאפה דונאטס בציפוי סוכר קינמון ותפוחים,ג. וילי-פוד אינטרנשיונל בע`מ,,,"י""ח",65,ל גרם,false,1,5.90,9.08,true,1,
7290117262726,false,מאפה דונאטס בציפוי שוק. ושבבי קקאו,ג.וילי פוד אינטרנשיונל בעמ,,,"י""ח",65,ל גרם,false,1,5.90,9.08,true,1,
7290117262764,false,בצק להכנת עוגיות רד וולווט 300ג קפוא,ג.וילי פוד אינטרנשיונל בעמ,,,"י""ח",300,ל גרם,false,1,16.90,5.63,false,1,
7290117262771,false,בצק להכנת עוגיות קרמל מלוח 300ג קפוא,ג.וילי פוד אינטרנשיונל בעמ,,,"י""ח",300,ל גרם,false,1,16.90,5.63,false,1,
7290117262788,false,בצק להכנת עוגיות פטל שוק. ל. 300ג קפוא,ג.וילי פוד אינטרנשיונל בעמ,,,"י""ח",300,ל גרם,false,1,16.90,5.63,false,1,
7290117262795,false,בצק להכנת עוגיות טעם שוקולד 300ג קפו,ג.וילי פוד אינטרנשיונל בעמ,,,"י""ח",300,ל גרם,false,1,16.90,5.63,false,1,
7290117262801,false,בצק להכנת עוגיות שוק. ציפס 300ג קפוא,ג.וילי פוד אינטרנשיונל בעמ,,,"י""ח",300,ל גרם,false,1,16.90,5.63,false,1,
7290117262931,false,קינוח בטעם מנגו 85ג,ג.וילי פוד אינטרנשיונל בעמ,,,"י""ח",85,ל גרם,false,1,8.40,9.88,false,1,
7290117262948,false,קינוח בטעם טירמיסו 85ג,ג.וילי פוד אינטרנשיונל בעמ,,,"י""ח",85,ל גרם,false,1,8.40,9.88,false,1,
7290117262955,false,קינוח בטעם שוקולד בלגי 85ג,ג.וילי פוד אינטרנשיונל בעמ,,,"י""ח",85,ל גרם,false,1,8.40,9.88,false,1,
7290117262962,false,קינוח בטעם שוקולד קרמל 85ג,ג.וילי פוד אינטרנשיונל בעמ,,,"י""ח",85,ל גרם,false,1,8.40,9.88,false,1,
7290117262979,false,קינוח בטעם שוקולד ופירות יער 85ג,ג.וילי פוד אינטרנשיונל בעמ,,,"י""ח",85,ל גרם,false,1,8.40,9.88,false,1,
7290117263020,false,"משקה יוגורט פרוביוטי פירות יער 2.3% 200 מ""ל",ג.וילי-פוד אינטרנשיונל **גבינו,,,"י""ח",200,ל גרם,false,1,4.90,2.45,true,1,
7290117263037,false,מאפה דונאטס בציפוי טעם וניל 55גר,ג.וילי פוד אינטרנשיונל בעמ,,,"י""ח",55,ל גרם,false,1,5.90,10.73,true,1,
7290117263044,false,מאפה דונאטס בציפוי טעם שוקולד 55גר,ג.וילי פוד אינטרנשיונל בעמ,,,"י""ח",55,ל גרם,false,1,5.90,10.73,true,1,
7290117263051,false,מאפה דונאטס במילוי קרם טעם קרמל 75גר,ג.וילי-פוד אינטרנשיונל **גבינו,,,"י""ח",75,ל גרם,false,1,5.90,7.87,true,1,
7290117263068,false,מאפה דונאטס בציפוי טעם קרמל 55גר,ג.וילי-פוד אינטרנשיונל **גבינו,,,"י""ח",55,ל גרם,false,1,5.90,10.73,true,1,
7290117263075,false,מאפה דונאטס במילוי קרם אגוזים וציפוי שוק,ג.וילי-פוד אינטרנשיונל **גבינו,,,"י""ח",70,ל גרם,false,1,5.90,8.43,true,1,
7290117263082,false,מאפה דונאטס 45 גר`,ג.וילי-פוד אינטרנשיונל **גבינו,,,"י""ח",45,ל גרם,false,1,5.90,13.11,true,1,
7290117263112,false,מאפה דונאטס בציפוי סוכריות מסטיק 55גר,ג.וילי פוד אינטרנשיונל בעמ,,,"י""ח",55,ל גרם,false,1,5.90,10.73,true,1,
7290117263129,false,מאפה דונאטס במילוי מנגו וציפוי שבבי תפוז,ג.וילי-פוד אינטרנשיונל **גבינו,,,"י""ח",70,ל גרם,false,1,5.90,8.43,true,1,
7290117301199,false,טורטיה על גחלים,דין שיווק וקליה 2021 בעמ,,,"י""ח",360,ל גרם,false,1,9.90,2.75,false,1,
7290117380147,false,"רוטב לסלט חרדל ודבש מאסטר שף 260 מ""ל",ש. שסטוביץ בע`מ,,,"י""ח",260,ל גרם,false,1,10.90,4.19,false,1,
7290117380154,false,ררוטב אסיאתי עם סויה ושומשום 260 גר`מאס,ש. שסטוביץ בע`מ,,,"י""ח",264,ל גרם,false,1,10.90,4.13,false,1,
7290117380178,false,סוויט פוף חטיף מצופה שוקולד חלב,"טחנת האבן תעשיות בע""",,,"י""ח",40,ל גרם,false,1,5.20,13,true,1,
7290117380185,false,סוויט פוף חטיף מצופה שוקולד חלב ולבן,"טחנת האבן תעשיות בע""",,,"י""ח",40,ל גרם,false,1,5.20,13,true,1,
7290117380192,false,חטיף פוף קראנץ בטעם גריל 60 גרם,ש. שסטוביץ בע`מ,,,"י""ח",40,ל גרם,false,1,3.90,9.75,true,1,
7290117380208,false,חטיף פוף קראנץ בטעם חמוץ חריף 60 גרם,ש. שסטוביץ בע`מ,,,"י""ח",40,ל גרם,false,1,3.90,9.75,true,1,
7290117380215,false,חטיף פוף קראנץ בטעם טאקו 60 גרם,ש. שסטוביץ בע`מ,,,"י""ח",40,ל גרם,false,1,3.90,9.75,true,1,
7290117380864,false,סלים דליס פייבר עוגות בראוניס אישיות בטעם שוקולד 120 גרם,ש.שסטוביץ בעמ,,,"י""ח",120,ל גרם,false,1,12.90,10.75,true,1,
7290117380871,false,סלים דליס פייבר עוגות אישיות בטעם אוכמניות 120 גרם,ש.שסטוביץ בעמ,,,"י""ח",120,ל גרם,false,1,12.90,10.75,true,1,
7290117380888,false,עוגיות סנדוויץ' עם 45% שוקולד חלב בלגי,ש.שסטוביץ בעמ,,,"י""ח",150,ל גרם,false,1,9.90,6.60,false,1,
7290117381205,false,"מאסטר שף שמן שומשום 370 מ""ל",ש.שסטוביץ בעמ,,,"י""ח",370,"ל מ""ל",false,1,19.90,5.38,false,1,
7290117382219,false,קולגייט מארז ילדים מיניונים 6+ 50מל,"מעצמה בקהילה בע""\מ",,,"י""ח",100,"ל מ""ל",false,1,29.90,29.90,true,1,
7290117382264,false,"משחת שיניים טוטאל עם פחם 2 *75 מ""ל קולגייט",ש.שסטוביץ בעמ,,,"י""ח",68,"ל מ""ל",false,1,39.90,58.68,false,1,
7290117382578,false,"קולגיט טוטול קלין מינט 75 מ""ל+ מברשת",ש.שסטוביץ בעמ,,,"י""ח",100,"ל מ""ל",false,1,21.90,21.90,true,1,
7290117383711,false,"מארז זוג תחליב רחצה חלב ודבש *750 מ""ל פלמוליב",קולגייט פלמוליב,,,"י""ח",1.50,ליטר,false,1,31.90,21.27,true,1,
7290117383728,false,"מארז זוג תחליב רחצה לומינוס  אבוקדו 750 מ""ל פלמוליב",קולגייט פלמוליב,,,"י""ח",1.50,ליטר,false,1,31.90,21.27,true,1,
7290117383735,false,"מארז זוג תחליב רחצה חימר ורדים *750 מ""ל פלמוליב",קולגייט פלמוליב,,,"י""ח",1.50,ליטר,false,1,31.90,21.27,true,1,
7290117383742,false,"מארז זוג ג'ל רחצה לגבר 750 מ""ל פלמוליב",קולגייט פלמוליב,,,"י""ח",1.50,ליטר,false,1,31.90,21.27,true,1,
7290117383780,false,מארז זוג סבון גוף ארומה מסאז' גרגירי פילינג,קולגייט פלמוליב,,,"י""ח",1.50,ליטר,false,1,31.90,21.27,true,1,
7290117821497,false,סוכריות גלי טחנת רוח LOL,שמחה זה אנחנו,,,"י""ח",1,,false,1,2.90,2.90,false,1,
7290117821503,false,סוכריות ג'לי טחנת רוח 30 יח' בדיספליי - מיניונים,שמחה זה אנחנו,,,"י""ח",1,,false,1,2.90,2.90,false,1,
7290117821510,false,סוכריות ג'לי טחנת רוח 30 יח' בדיספליי - כח פיג'יי,שמחה זה אנחנו,,,"י""ח",1,,false,1,2.90,2.90,false,1,
7290117821527,false,סוכריות גלי טחנת רוח הלו קיטי,שמחה זה אנחנו,,,"י""ח",1,,false,1,2.90,2.90,false,1,
7290117821534,false,סוכריות גלי טחנת רוח סמי הכבאי,שמחה זה אנחנו,,,"י""ח",1,,false,1,2.90,2.90,false,1,
7290117823958,false,בצק משחק-ברבי שמחה זה אנחנו,שמחה זה אנחנו,,,"י""ח",1,,false,1,24.90,24.90,false,1,
7290117823965,false,בצק משחק סמי הכבאי,שמחה זה אנחנו,,,"י""ח",1,,false,1,24.90,24.90,false,1,
7290117823972,false,בצק משחק - מפרץ ההרפתקאות,שמחה זה אנחנו,,,"י""ח",1,,false,1,24.90,24.90,false,1,
7290117823989,false,בצק משחק חד קרן,שמחה זה אנחנו,,,"י""ח",1,,false,1,24.90,24.90,false,1,
7290117829585,false,צמר גפן מתוק בדלי מיניונים 50 גרם,שמחה זה אנחנו,,,"י""ח",1,,false,1,9.90,9.90,false,1,
7290117829592,false,צמר גפן מתוק בדלי 50ג פיגיי,שמחה זה אנחנו,,,"י""ח",1,,false,1,9.90,9.90,false,1,
7290117829608,false,צמר גפן מתוק בדלי 50ג הפוני הקטן שלי,שמחה זה אנחנו,,,"י""ח",1,,false,1,9.90,9.90,false,1,
7290117829615,false,צמר גפן מתוק בדלי ריינבוקרן 50 גרם,שמחה זה אנחנו,,,"י""ח",1,,false,1,9.90,9.90,false,1,
7290117829622,false,צמר גפן מתוק בדלי ליצנים 50 גרם,שמחה זה אנחנו,,,"י""ח",1,,false,1,9.90,9.90,false,1,
7290117860038,false,"הוואי - תחליב רחצה יוגורט בניחוח אוכמניות 700 מ""ל","טרופיקל דגיל בע""\מ",,,"י""ח",700,"ל מ""ל",false,1,14.90,2.13,true,1,
7290117860045,false,שמפו תמציות אלוורה ותה ירוק לשיער רגיל,"טרופיקל גליל בע""מ",,,"י""ח",700,"ל מ""ל",false,1,14.90,2.13,true,1,
7290117860083,false,"הוואי קרם רחצה יוגורט בניחוח אירוס זהוב ודבש 700 מ""ל","טרופיקל דגיל בע""\מ",,,"י""ח",700,"ל מ""ל",false,1,14.90,2.13,true,1,
7290117860090,false,מרכך תמציות אלוורה ותה ירוק לשיער רגיל,"טרופיקל דגיל בע""\מ",,,"י""ח",700,"ל מ""ל",false,1,14.90,2.13,true,1,
7290117860137,false,"הוואי קרם רחצה יוגורט בניחוח פרח הקמליה 700 מ""ל","טרופיקל גליל בע""מ",,,"י""ח",700,"ל מ""ל",false,1,14.90,2.13,true,1,
7290117860144,false,הוואי שמפו פירות אקזוטיים וקלנדולה 700,"טרופיקל גליל בע""מ",,,"י""ח",700,"ל מ""ל",false,1,14.90,2.13,true,1,
7290117860182,false,"הוואי - תחליב רחצה בניחוח מגנוליה ושמן שקדים 700 מ""ל","טרופיקל דגיל בע""\מ",,,"י""ח",700,"ל מ""ל",false,1,14.90,2.13,true,1,
7290117860199,false,שמפו שמן ורד הבר ושמן מקדמיה לשיער יבש,"טרופיקל דגיל בע""\מ",,,"י""ח",700,"ל מ""ל",false,1,14.90,2.13,true,1,
7290117860236,false,"הוואי - קרם רחצה בניחוח ויולה ורודה 700 מ""ל","טרופיקל דגיל בע""\מ",,,"י""ח",700,"ל מ""ל",false,1,14.90,2.13,true,1,
7290117860243,false,"הוואי - מרכך מעניק לחות לשיער יבש 700 מ""ל","טרופיקל גליל בע""מ",,,"י""ח",700,"ל מ""ל",false,1,14.90,2.13,true,1,
7290117860281,false,"הוואי - ג'ל רחצה לגבר בניחוח עוצמתי 700 מ""ל","טרופיקל דגיל בע""\מ",,,"י""ח",700,"ל מ""ל",false,1,14.90,2.13,true,1,
7290117860298,false,שמפו קומפלקס קרטין לשיער עדין או חלש,"טרופיקל גליל בע""מ",,,"י""ח",700,"ל מ""ל",false,1,14.90,2.13,true,1,
7290117860335,false,"הוואי ג'ל רחצה לגבר בניחוח מעורר 700 מ""ל","טרופיקל דגיל בע""\מ",,,"י""ח",700,"ל מ""ל",false,1,14.90,2.13,true,1,
7290117860342,false,מרכך קומפלקס קרטין לשיער עדין או חלש,"טרופיקל גליל בע""מ",,,"י""ח",700,"ל מ""ל",false,1,14.90,2.13,true,1,
7290117860380,false,"תחליב רחצה יוגורט בניחוח אלוורה 700 מ""ל הוואי","טרופיקל דגיל בע""\מ",,,"י""ח",700,"ל מ""ל",false,1,14.90,2.13,true,1,
7290117860397,false,שמפו תמצית פריחת הדובדבן לשיער רגיל,"טרופיקל גליל בע""מ",,,"י""ח",700,"ל מ""ל",false,1,14.90,2.13,true,1,
7290117860441,false,הוואי מרכך פריחת הדובדבן 700 מ`ל,"טרופיקל גליל בע""מ",,,"י""ח",700,"ל מ""ל",false,1,14.90,2.13,true,1,
7290117860496,false,"הוואי שמפו + מרכך 2 ב-1 לגבר 700 מ""ל-חדש","טרופיקל גליל בע""מ",,,"י""ח",700,"ל מ""ל",false,1,14.90,2.13,true,1,
7290117860540,false,הוואי שמפו לילדים רוזמרין מנגו ומשמש 700,"טרופיקל דגיל בע""\מ",,,"י""ח",700,"ל מ""ל",false,1,14.90,2.13,true,1,
7290117860595,false,הוואי מרכך לילדים רוזמרין מנגו ומשמש 700,"טרופיקל גליל בע""מ",,,"י""ח",700,"ל מ""ל",false,1,14.90,2.13,true,1,
7290117860649,false,הוואי שמפו קרטין קיק ללא סולפטים 700 מל,"טרופיקל גליל בע""מ",,,"י""ח",700,"ל מ""ל",false,1,14.90,2.13,true,1,
7290117860694,false,הוואי מרכך קרטין קיק ללא סולפטים 700 מל,"טרופיקל גליל בע""מ",,,"י""ח",700,"ל מ""ל",false,1,14.90,2.13,true,1,
7290117860748,false,הוואי שמפו תמצית יסמין מעניק נפח 700 מל,"טרופיקל גליל בע""מ",,,"י""ח",700,"ל מ""ל",false,1,14.90,2.13,true,1,
7290117860793,false,הוואי מרכך תמצית יסמין מעניק נפח 700 מל,"טרופיקל דגיל בע""\מ",,,"י""ח",700,"ל מ""ל",false,1,14.90,2.13,true,1,
7290117860847,false,"הוואי רעננות מושלמת לגבר לשיער, גוף, פנים וזקן","טרופיקל גליל בע""מ",,,"י""ח",700,"ל מ""ל",false,1,14.90,2.13,true,1,
7290117860892,false,"הוואי - תחליב רחצה יוגורט בניחוח וניל ודבש 700 מ""ל","טרופיקל דגיל בע""\מ",,,"י""ח",700,"ל מ""ל",false,1,14.90,2.13,true,1,
7290117860946,false,"הוואי תחליב רחצה יוגורט בניחוח קוקוס 700 מ""ל","טרופיקל דגיל בע""\מ",,,"י""ח",700,"ל מ""ל",false,1,14.90,2.13,true,1,
7290117860991,false,"תחליב רחצה יוגורט בניחוח שקדים 700 מ""ל הוואי","טרופיקל דגיל בע""\מ",,,"י""ח",700,"ל מ""ל",false,1,14.90,2.13,true,1,
7290117901168,false,מיקס אגוזים וחמוציות 250 גרם ששון הקולה,דין שיווק וקליה 2021 בעמ,,,"י""ח",250,ל גרם,false,1,20,8,false,1,
7290117901182,false,בוטן קליפה קלוי 350 גרם ששון הקלה,דין שיווק וקליה 2021 בעמ,,,"י""ח",350,ל גרם,false,1,10,2.86,false,1,
7290117901199,false,טורטיה על גחלים שקדיה 520 גרם,דין שיווק וקליה 2021 בעמ,,,"י""ח",360,ל גרם,false,1,9.90,2.75,false,1,
7290117901205,false,טורטיה דגנים בתוספת שומשום ופשתן שקדיה 420 גרם,דין שיווק וקליה 2021 בעמ,,,"י""ח",360,ל גרם,false,1,9.90,2.75,false,1,
7290117901762,false,בוטן רביולי 200גר מחנה יהודה,דין שיווק וקליה 2021 בעמ****,,,"י""ח",200,ל גרם,false,1,24.90,12.45,true,1,
7290117901786,false,גרעיני דלעת קלופים 250גר מחנה יהודה,דין שיווק וקליה 2021 בעמ****,,,"י""ח",250,ל גרם,false,1,19.90,7.96,true,1,
7290117901793,false,גרעיני חמניה קלופים 250גר מחנה יהודה,דין שיווק וקליה 2021 בעמ****,,,"י""ח",250,ל גרם,false,1,14.90,5.96,true,1,
7290117901809,false,צנובר 130גר מחנה יהודה,דין שיווק וקליה 2021 בעמ****,,,"י""ח",130,ל גרם,false,1,39.90,30.69,true,1,
7290117901816,false,אגוז קשיו טבעי 250גר מחנה יהודה,דין שיווק וקליה 2021 בעמ****,,,"י""ח",250,ל גרם,false,1,29.90,11.96,true,1,
7290117901823,false,שקד מולבן פרוס 250גר מחנה יהודה,דין שיווק וקליה 2021 בעמ****,,,"י""ח",250,ל גרם,false,1,29.90,11.96,true,1,
7290118420071,false,במבה ביסלי ברביקיו מיקס 80גר אסם{,קבוצת אוסם סחר שותפות מוגבלת,,,"י""ח",80,ל גרם,false,1,4.30,5.38,true,1,
7290118420378,false,פתיבר פינוקים בטעם תותים בשמנת - חלבי,קבוצת אוסם סחר שותפות מוגבלת,,,"י""ח",220,ל גרם,false,1,10.90,4.95,true,1,
7290118420477,false,אסם בייגלה שטוחים בטעם ביסלי בצל 300 גרם,קבוצת אוסם סחר שותפות מוגבלת,,,"י""ח",300,ל גרם,false,1,10.90,3.63,false,1,
7290118420514,false,אינסטנט פודינג בטעם נוגט אסם 75 גרם,קבוצת אוסם סחר שותפות מוגבלת,,,"י""ח",75,ל גרם,false,1,5.90,7.87,true,1,
7290118820000,false,מארז שקדי עגל טרי 4יח,אחים דובקין בעמ,,,"י""ח",1,,false,1,69,69,false,1,
7290118820031,false,שקדי עגל טרי 3 שיפודים,אחים דובקין בעמ,,,"י""ח",1,,false,1,59,59,false,1,
7290118820048,false,מארז שקדי עגל טרי 6יח.,אחים דובקין בעמ,,,"י""ח",1,,false,1,99,99,false,1,
7290118820055,false,מארז שקדי עגל טרי 7יח,אחים דובקין בעמ,,,"י""ח",1,,false,1,109,109,false,1,
7290118820062,false,מארז שישליק טלה טרי 6יח,אחים דובקין בעמ,,,"י""ח",1,,false,1,55,55,false,1,
7290118820079,false,מארז שישליק טלה טרי 4יח.,אחים דובקין בעמ,,,"י""ח",1,,false,1,39,39,false,1,
7290118820086,false,מארז שיפודי שייטל+שומן בקר 4יח.,אחים דובקין בעמ,,,"י""ח",1,,false,1,49,49,false,1,
7290118820123,false,מארז שיפודי פילה בקר טרי 4יח.,אחים דובקין בעמ,,,"י""ח",1,,false,1,89,89,false,1,
7290118820130,false,שיפודי סושי בשר 5 יח`במארז,אחים דובקין בעמ,,,"י""ח",1,,false,1,79,79,false,1,
7290118820208,false,מארז צלעות טלה 4יח,אחים דובקין בעמ,,,"י""ח",1,,false,1,99,99,false,1,
7290118820215,false,מארז צלעות טלה 2יח.,אחים דובקין בעמ,,,"י""ח",1,,false,1,55,55,false,1,
7290118820338,false,מארז נתח קבציה משופד טרי חלק 6יח.,אחים דובקין בעמ,,,"י""ח",1,,false,1,79,79,false,1,
7290118820406,false,מארז דנבר סטייק אנגוס בקר טרי 3יח,אחים דובקין בעמ,,,"י""ח",1,,false,1,69,69,false,1,
7290118820413,false,מארז דנבר סטייק אנגוס בקר טרי 2יח.,אחים דובקין בעמ,,,"י""ח",1,,false,1,49,49,false,1,
7290118820543,false,מארז שיפודי אנטריקוט עגלה טרי 6יח.,אחים דובקין בעמ,,,"י""ח",1,,false,1,79,79,false,1,
7290118820550,false,מארז שיפודי אנטריקוט עגלה טרי 4יח,אחים דובקין בעמ,,,"י""ח",1,,false,1,59,59,false,1,
7290118820574,false,מארז נשנושי אסאדו עגלה.,אחים דובקין בעמ,,,"י""ח",1,,false,1,39,39,false,1,
7290118820697,false,שיפודי סושי בשר 3 יח`במארז,אחים דובקין בעמ,,,"י""ח",1,,false,1,49,49,false,1,
7290118820703,false,מארז אנטריקוט עגלה סטייק 1יח.,אחים דובקין בעמ,,,"י""ח",1,,false,1,49,49,false,1,
7290118820710,false,אנטריקוט עגלה- סטייק טרי ארוז,אחים דובקין בעמ,,,"י""ח",1,,false,1,95,95,false,1,
7290118820727,false,מארז נתח קבציה משופד טרי חלק 3יח.,אחים דובקין בעמ,,,"י""ח",1,,false,1,49,49,false,1,
7290118820734,false,מארז נתח קבציה משופד טרי חלק 4יח,אחים דובקין בעמ,,,"י""ח",1,,false,1,59,59,false,1,
7290118820741,false,מארז שיפודי אנטריקוט עגלה טרי 3יח.,אחים דובקין בעמ,,,"י""ח",1,,false,1,49,49,false,1,
7290118820758,false,"מארז סטייק""פריים ריב""עגלה מיושן 700ג.",אחים דובקין בעמ,,,"י""ח",700,ל גרם,false,1,130,18.57,false,1,
7290118820765,false,"מארז סטייק""פריים ריב""עגלה מיושן 600ג.",אחים דובקין בעמ,,,"י""ח",600,ל גרם,false,1,115,19.17,false,1,
7290118820772,false,"מארז סטייק""פריים ריב""עגלה מיושן 500ג.",אחים דובקין בעמ,,,"י""ח",500,ל גרם,false,1,99,19.80,false,1,
7290118820789,false,מארז סטייק פיקניה אנגוס טרי 1יח.,אחים דובקין בעמ,,,"י""ח",1,,false,1,49,49,false,1,
7290118820796,false,מארז סטייק פיקניה אנגוס טרי 2יח,אחים דובקין בעמ,,,"י""ח",1,,false,1,69,69,false,1,
7290118820819,false,מארז סינטה עגלה טרי סטייקים 2יח,אחים דובקין בעמ,,,"י""ח",1,,false,1,69,69,false,1,
7290118820826,false,מארז פילה בקר טרי פרוסות 2יח,אחים דובקין בעמ,,,"י""ח",1,,false,1,59,59,false,1,
7290118820833,false,מארז פילה בקר טרי פרוסות 3יח,אחים דובקין בעמ,,,"י""ח",1,,false,1,79,79,false,1,
7290119041312,false,עוגיות ממולאות טעם שוקולד מצופה אדל,שיבולים ייצור ושיווק מאפה בעמ,,,"י""ח",350,ל גרם,false,1,15.90,4.54,false,1,
7290119041367,false,עוגיות סהרונים פרווה מצופה אדל,שיבולים ייצור ושיווק מאפה בעמ,,,"י""ח",350,ל גרם,false,1,15.90,4.54,false,1,
7290119041411,false,עוגיות נסיכה טעם תות מצופות אדל,שיבולים ייצור ושיווק מאפה בעמ,,,"י""ח",350,ל גרם,false,1,15.90,4.54,false,1,
7290119041466,false,עוגיות סגנון מרוקאי עגולות מצופות אדל,שיבולים ייצור ושיווק מאפה בעמ,,,"י""ח",350,ל גרם,false,1,15.90,4.54,false,1,
7290119041510,false,עוגיות סגנון מרוקאי עבות מצופות אדל,שיבולים ייצור ושיווק מאפה בעמ,,,"י""ח",350,ל גרם,false,1,15.90,4.54,false,1,
7290119041565,false,עוגיות פיצפוצי שוקו מצופות אדל,שיבולים ייצור ושיווק מאפה בעמ,,,"י""ח",350,ל גרם,false,1,15.90,4.54,false,1,
7290119041619,false,עוגיות פסים עלים מסוכרות מצופות אדל,שיבולים ייצור ושיווק מאפה בעמ,,,"י""ח",350,ל גרם,false,1,15.90,4.54,false,1,
7290119041664,false,עוגיות רשת שוקו מסוכרות מצופות אדל,שיבולים ייצור ושיווק מאפה בעמ,,,"י""ח",350,ל גרם,false,1,15.90,4.54,false,1,
7290119041718,false,עוגיות קוואקר ופצפוצי שוקו מצופות אדל,שיבולים ייצור ושיווק מאפה בעמ,,,"י""ח",350,ל גרם,false,1,15.90,4.54,false,1,
7290128600067,false,ענב אדום ארוז,ביכורי השדה צפון 1994 ג.ד. בעמ,,,"ק""ג",1,,true,1,19.90,19.90,false,1,
7291044061581,false,סדין חשמלי בודד 60W,סמיקום לקסיס בעמ,,,"י""ח",1,,false,1,119.90,119.90,false,1,
7291044061598,false,סדין חשמלי בפול 60W,סמיקום לקסיס בעמ,,,"י""ח",1,,false,1,149.90,149.90,false,1,
7291044077674,false,מפזר חום לאמבטיה 2600W,סמיקום לקסיס בעמ,,,"י""ח",1,,false,1,199.90,199.90,false,1,
7291044081305,false,זוג נורות לד DL 12W E27 A60 SAFETY,סמיקום לקסיס בעמ,,,"י""ח",1,,false,1,16.90,16.90,false,1,
7291044081312,false,זוג נורת לד WW 12W E27 A60 SAFETY,סמיקום לקסיס בעמ,,,"י""ח",1,,false,1,16.90,16.90,false,1,
7291044093155,false,תנור קוורץ יונדאי 1600W,סמיקום לקסיס בעמ,,,"י""ח",1,,false,1,129.90,129.90,false,1,
7291044101478,false,תנור קיר לאמבט 3 דרגות חום 1500W,סמיקום לקסיס בעמ,,,"י""ח",1,,false,1,69.90,69.90,true,1,
7291044101669,false,פנס קיר 30 G5 3W לדים לבן,סמיקום לקסיס בעמ,,,"י""ח",1,,false,1,39.90,39.90,false,1,
7291044125078,false,"פנס קיר 12W סאן 120 לדים 585מ""מ",סמיקום לקסיס בעמ,,,"י""ח",1,,false,1,89,89,false,1,
7291044125085,false,"פנס קיר 6W סאן 60 לדים 393מ""מ.",סמיקום לקסיס בעמ,,,"י""ח",1,,false,1,59,59,false,1,
7291044125948,false,רדיאטור 9 צלעות 2000W יונדאי,סמיקום לקסיס בעמ,,,"י""ח",1,,false,1,269.90,269.90,false,1,
7291044125955,false,רדיאטור 7 צלעות 1500W יונדאי,סמיקום לקסיס בעמ,,,"י""ח",1,,false,1,249.90,249.90,false,1,
7291044125962,false,רדיאטור 11 צלעות 2500W יונדאי,סמיקום לקסיס בעמ,,,"י""ח",1,,false,1,299.90,299.90,false,1,
7291044126112,false,תנור עומד קוורץ *32000W IP34,סמיקום לקסיס בעמ,,,"י""ח",1,,false,1,269.90,269.90,false,1,
7291044126716,false,תנור קיר לאמבט INTZ-1500,סמיקום לקסיס בעמ,,,"י""ח",1,,false,1,69.90,69.90,true,1,
7291045000404,false,פחם אפריקאי 4 קג,מחמד זייד,,,"י""ח",4,"ק""ג",false,1,34.90,8.73,true,1,
7291045000442,false,פחם אלשאם 2 ק``ג,מחמד זייד,,,"י""ח",1,,false,1,13.90,13.90,false,1,
7296001021035,false,בלוק ציור קטן,צבע ומכחול (2014) בעמ,,,"י""ח",1,,false,1,6.90,6.90,false,1,
7296049018400,false,קומקום חשמלי זכוכית 1.7 ל שחור/אדום,אוהב ציון בעמ,,,"י""ח",1,,false,1,99,99,false,1,
7296049018417,false,קוברה קומקום זכוכית 1.7ל' לבן/שחור HHB1792 2000W,אוהב ציון בעמ,,,"י""ח",1,,false,1,99,99,false,1,
7296058000069,false,פריכיות אורז אריזת חיסכון 310 גרם,א.ג בחירה חכמה בעמ,,,"י""ח",310,ל גרם,false,1,13.90,4.48,false,1,
7296058000373,false,פריכיות דקות אורז מלא פרח 100גר,א.ג בחירה חכמה בעמ,,,"י""ח",100,ל גרם,false,1,6.90,6.90,false,1,
7296058110010,false,"פריכיות אורז פרח כשל""פ 110 גר'",מ.ד אטיאס סוכנויות מזון בע`מ,,,"י""ח",110,ל גרם,false,1,5.50,5,false,1,
7296058110041,false,פריכיות תירס ואורז פרח 110 גר',א.ג בחירה חכמה בעמ,,,"י""ח",110,ל גרם,false,1,5.50,5,false,1,
7297028107962,false,גרבי ספורט פולו אפור,ביג מול בעמ,,,"י""ח",1,,false,1,24.90,24.90,false,1,
7297028185861,false,קרסוליות גבר שלישייה שחור,ביג מול בעמ,,,"י""ח",1,,false,1,19.90,19.90,false,1,
7297028185878,false,קרסוליות גבר שלישייה לבן,ביג מול בעמ,,,"י""ח",1,,false,1,19.90,19.90,false,1,
7297028188800,false,גרבי ספורט פולו לבן,ביג מול בעמ,,,"י""ח",1,,false,1,24.90,24.90,false,1,
7297028188817,false,גרבי ספורט פולו שחור,ביג מול בעמ,,,"י""ח",1,,false,1,24.90,24.90,false,1,
7297028190308,false,קרסוליות ספורט נשים,ביג מול בעמ,,,"י""ח",1,,false,1,19.90,19.90,false,1,
7297028190315,false,קרסוליות ספורט נשים,ביג מול בעמ,,,"י""ח",1,,false,1,19.90,19.90,false,1,
7297070000051,false,גרבי ברך דינמו*3זוגות,אחים וייס י.ש.י.ייצור ושווק בע,,,"י""ח",1,,false,1,13.90,13.90,false,1,
7297070000082,false,גרבי מכנס נשים אופטימה *3,אחים וייס ישי ייצור בעמ,,,"י""ח",1,,false,1,30.90,30.90,false,1,
7297070000327,false,גרבי ירך לייקרה לנשים ג'ורג'יו 20 דנייר,אחים וייס י.ש.י.ייצור ושווק בע,,,"י""ח",1,,false,1,12.90,12.90,false,1,
7297070000334,false,גרבי ירך לייקרה לנשים ג'ורג'יו 40 דנייר,אחים וייס י.ש.י.ייצור ושווק בע,,,"י""ח",1,,false,1,15.90,15.90,false,1,
7297070000341,false,גרבי ברך לייקרה לנשים גלוריה,אחים וייס י.ש.י.ייצור ושווק בע,,,"י""ח",1,,false,1,9.90,9.90,false,1,
7297070000358,false,גרבי ברך 40 דנייר לייקרה וייס,אחים וייס י.ש.י.ייצור ושווק בע,,,"י""ח",1,,false,1,11.90,11.90,false,1,
7297070000365,false,אלכנסדרה - גרביון נשים 15 דנ' ג'ורג'יו,אחים וייס י.ש.י.ייצור ושווק בע,,,"י""ח",1,,false,1,16.90,16.90,false,1,
7297070000372,false,אנדראה - גרביון נשים 20 דנ' ג'ורג'יו,אחים וייס י.ש.י.ייצור ושווק בע,,,"י""ח",1,,false,1,17.90,17.90,false,1,
7297070000389,false,קלאודיה - גרביון נשים 40 דנ' ג'ורג'יו,אחים וייס י.ש.י.ייצור ושווק בע,,,"י""ח",1,,false,1,20.90,20.90,false,1,
7297070000396,false,קמליה 40*3 - גרביון 40 דנ' S/M-L/XL,אחים וייס ישי ייצור בעמ,,,"י""ח",1,,false,1,30.90,30.90,false,1,
7297070000402,false,גרבי גברים כותנה,אחים וייס ישי ייצור בעמ,,,"י""ח",1,,false,1,14.90,14.90,false,1,
7297070000419,false,גרבי ברך מולטי 50 דנייר לייקרה,אחים וייס ישי ייצור בעמ,,,"י""ח",1,,false,1,11.90,11.90,false,1,
7297070000426,false,גרבי ירך 50 דנייר לייקרה מיקרופייבר וייס,אחים וייס ישי ייצור בעמ,,,"י""ח",1,,false,1,17.90,17.90,false,1,
7297070000440,false,גורגיו מיקרו 70 - גרביון נשים מיקרופייבר חלק,אחים וייס ישי ייצור בעמ,,,"י""ח",1,,false,1,16.90,16.90,false,1,
7297070000655,false,טוסקני תחתון בנים,אחים וייס ישי ייצור בעמ,,,"י""ח",1,,false,1,16.90,16.90,false,1,
7297070000662,false,מירן תחתון בנות,אחים וייס ישי ייצור בעמ,,,"י""ח",1,,false,1,16.90,16.90,false,1,
7297070000778,false,גרביון אקרילן,אחים וייס ישי ייצור בעמ,,,"י""ח",1,,false,1,10.90,10.90,false,1,
7297070000860,false,גרביון נשים פואלינה 80,אחים וייס ישי ייצור בעמ,,,"י""ח",1,,false,1,25.90,25.90,false,1,
7297070000921,false,גרבי מכנס לנשים,אחים וייס ישי ייצור בעמ,,,"י""ח",1,,false,1,30.90,30.90,false,1,
7297070000938,false,גרבי מכנס נשים,אחים וייס ישי ייצור בעמ,,,"י""ח",1,,false,1,30.90,30.90,false,1,
7297070000945,false,גופיית בנות תחרה וייס קידס,אחים וייס ישי ייצור בעמ,,,"י""ח",3,"י""ח",false,1,12.90,4.30,false,1,
7297070000952,false,תחתוני בנות 3יח וייס קידס מודפס/לבן,אחים וייס ישי ייצור בעמ,,,"י""ח",3,"י""ח",false,1,19.90,6.63,false,1,
7297070000969,false,טישרט בנים לבן חצי שרוול וייס,אחים וייס ישי ייצור בעמ,,,"י""ח",1,"י""ח",false,1,14.90,14.90,false,1,
7297070000976,false,תחתוני בנים 3יח וייס קידס לבן,אחים וייס ישי ייצור בעמ,,,"י""ח",3,"י""ח",false,1,22.90,7.63,false,1,
7297070001003,false,גרייס - ברך נשים 20 דנ' מדיצ'י,אחים וייס ישי ייצור בעמ,,,"י""ח",1,,false,1,7.90,7.90,false,1,
7297070001010,false,גרבי ברך נשים 40 דניר מדיצ'י פטריצה,אחים וייס י.ש.י.ייצור ושווק בע,,,"י""ח",1,,false,1,8.90,8.90,false,1,
7297070001027,false,ג'ולייטה - ירך נשים 20 מדיצ'י,אחים וייס ישי ייצור בעמ,,,"י""ח",1,,false,1,10.90,10.90,false,1,
7297070001034,false,פלומה - ירך נשים 40 מדיצ'י,אחים וייס ישי ייצור בעמ,,,"י""ח",1,,false,1,12.90,12.90,false,1,
7297070001065,false,כותניון אליזי - גרביון כותנה ילדות,אחים וייס ישי ייצור בעמ,,,"י""ח",1,,false,1,12.90,12.90,false,1,
7297070001133,false,"גרביון נשים 100דנ""",אחים וייס ישי ייצור בעמ,,,"י""ח",1,,false,1,39.90,39.90,false,1,
7297070001140,false,אליזי 70 - גרביון חלק מיקרופיברה ילדות,אחים וייס י.ש.י.ייצור ושווק בע,,,"י""ח",1,,false,1,15.90,15.90,false,1,
7297070001140,false,אליזי 70 - גרביון חלק מיקרופיברה ילדות,אחים וייס י.ש.י.ייצור ושווק בע,,,"י""ח",1,,false,1,14.90,14.90,false,1,
7297070001232,false,ג'סיקה גרביון נשים 20 דנ' מדיצ'י,אחים וייס י.ש.י.ייצור ושווק בע,,,"י""ח",1,,false,1,13.90,13.90,false,1,
7297070001249,false,ויאולה - גרביון נשים 40 דנ' מדיצ'י,אחים וייס י.ש.י.ייצור ושווק בע,,,"י""ח",1,,false,1,17.90,17.90,false,1,
7297070001287,false,דונליט גרבי גברים עקביות*3,אחים וייס י.ש.י.ייצור ושווק בע,,,"י""ח",1,,false,1,12.90,12.90,false,1,
7297070001294,false,פיונה גרבי נשים עקביות*3,אחים וייס י.ש.י.ייצור ושווק בע,,,"י""ח",1,,false,1,12.90,12.90,false,1,
7297070001423,false,תחתון נשים ללא תפר,אחים וייס ישי ייצור בעמ,,,"י""ח",1,,false,1,19.90,19.90,false,1,
7297070001461,false,אופטימה 40*2 לייקרה,אחים וייס ישי ייצור בעמ,,,"י""ח",1,,false,1,30.90,30.90,false,1,
7297070001478,false,ספליט קליפסו 4*20,אחים וייס ישי ייצור בעמ,,,"י""ח",1,,false,1,27.90,27.90,false,1,
7297070001485,false,אופטימה 20*2 לייקרה,אחים וייס ישי ייצור בעמ,,,"י""ח",1,,false,1,30.90,30.90,false,1,
7297070001492,false,ג'ובאני *3 - גרבי גבר מארז,אחים וייס ישי ייצור בעמ,,,"י""ח",1,,false,1,14.90,14.90,false,1,
7297070001522,false,גרביון \ טייץ תרמו נשים 150 דנ',אחים וייס ישי ייצור בעמ,,,"י""ח",1,,false,1,15.90,15.90,false,1,
7297070001546,false,גרביון נשים מיקרופייבר 80דינר,אחים וייס ישי ייצור בעמ,,,"י""ח",1,,false,1,15.90,15.90,false,1,
7297070001553,false,גרביון נשים מיקרופייבר 120דינר לגינג,אחים וייס ישי ייצור בעמ,,,"י""ח",1,,false,1,22.90,22.90,false,1,
7297070001614,false,תחתון נשים ללא תפר,אחים וייס ישי ייצור בעמ,,,"י""ח",1,,false,1,19.90,19.90,false,1,
7297070001669,false,לורה - תחתון בנות *5 כותנה לייקרה,אחים וייס י.ש.י.ייצור ושווק בע,,,"י""ח",1,,false,1,26.90,26.90,false,1,
7297070001676,false,ג'רי - תחתון בנים חלק *5 כותנה לייקרה,אחים וייס י.ש.י.ייצור ושווק בע,,,"י""ח",1,,false,1,25.90,25.90,false,1,
7297070001690,false,אליזי 60 מחורר - גרביון ילדות דיגום מחורר,אחים וייס ישי ייצור בעמ,,,"י""ח",1,,false,1,19.90,19.90,false,1,
7297070001706,false,אליזי 70 אטום - גרביון ילדות דיגום אטום,אחים וייס ישי ייצור בעמ,,,"י""ח",1,,false,1,17.90,17.90,false,1,
7297070001713,false,גרביון ילדות,אחים וייס ישי ייצור בעמ,,,"י""ח",1,,false,1,12.90,12.90,false,1,
7297070001744,false,ג'ין - תחתון בנות *5 כותנה לייקרה,אחים וייס ישי ייצור בעמ,,,"י""ח",1,,false,1,25.90,25.90,false,1,
7297070001768,false,תחתוני בנים *5 אדמונד,אחים וייס ישי ייצור בעמ,,,"י""ח",1,,false,1,25.90,25.90,false,1,
7297070001799,false,ג'ובאני ילד *3 - גרבי בנים כותנה 23/26-39/41,אחים וייס ישי ייצור בעמ,,,"י""ח",1,,false,1,14.90,14.90,false,1,
7297070001805,false,תחתון גבר גובאני *3,אחים וייס ישי ייצור בעמ,,,"י""ח",2,"י""ח",false,1,29.90,14.95,false,1,
7297070001829,false,אמילי *5 - תחתון נשים כותנה לייקרה,אחים וייס י.ש.י.ייצור ושווק בע,,,"י""ח",1,,false,1,35.90,35.90,false,1,
7297070001850,false,שון בוקסר בנים כותנה לייקרה *2,אחים וייס ישי ייצור בעמ,,,"י""ח",2,"י""ח",false,1,21.90,10.95,false,1,
7297070001867,false,רוקי - בוקסר גבר *2 חלק כותנה לייקרה,אחים וייס ישי ייצור בעמ,,,"י""ח",1,,false,1,26.90,26.90,false,1,
7297070001898,false,קארלה - ירך נשים 60 מדיצ'י,אחים וייס ישי ייצור בעמ,,,"י""ח",1,,false,1,16.90,16.90,false,1,
7297070001904,false,גרביון נשים 60 דניר מדיצ'י ביאנקה,אחים וייס ישי ייצור בעמ,,,"י""ח",1,,false,1,21.90,21.90,false,1,
7297070002116,false,גרביון נשים 20 דניר קונטרול טופ,אחים וייס ישי ייצור בעמ,,,"י""ח",2,"י""ח",false,1,23.90,11.95,false,1,
7297070002130,false,גרביון נשים מיקרופ 120 ד,אחים וייס ישי ייצור בעמ,,,"י""ח",2,"י""ח",false,1,22.90,11.45,false,1,
7297070002307,false,קרסוליות גבר כותנה SHORT,אחים וייס ישי ייצור בעמ,,,"י""ח",1,,false,1,14.90,14.90,false,1,
7297070002314,false,עיקביות גבר כותנה NO SHOW,אחים וייס ישי ייצור בעמ,,,"י""ח",1,,false,1,14.90,14.90,false,1,
7297070002321,false,עיקביות נשים כותנה NO SHOW,אחים וייס י.ש.י.ייצור ושווק בע,,,"י""ח",1,,false,1,14.90,14.90,false,1,
7297070002338,false,קרסוליות נשים כותנה SHORT,אחים וייס י.ש.י.ייצור ושווק בע,,,"י""ח",1,,false,1,14.90,14.90,false,1,
7297070002345,false,גרבי בריאות נשים,אחים וייס ישי ייצור בעמ,,,"י""ח",1,,false,1,12.90,12.90,false,1,
7297070002352,false,גרבי גברים *3 בריאות,אחים וייס ישי ייצור בעמ,,,"י""ח",1,,false,1,23.90,23.90,false,1,
7297070003137,false,כותניון חורף,אחים וייס ישי ייצור בעמ,,,"י""ח",1,,false,1,12.90,12.90,false,1,
7297070003274,false,2זוגות גרבי מכנס ילדות,אחים וייס ישי ייצור בעמ,,,"י""ח",1,,false,1,19.90,19.90,false,1,
7297070003342,false,אליזי 40*2 גרביון לייקרה ילדות 40 דנ',אחים וייס ישי ייצור בעמ,,,"י""ח",1,,false,1,19.90,19.90,false,1,
7297070003359,false,אליזי 60 - גרביון לייקרה ילדות 40 דנ',אחים וייס ישי ייצור בעמ,,,"י""ח",1,,false,1,12.90,12.90,false,1,
7297070003687,false,ג'ג *3-גרבי גבר כותנה סרוקה ללא תפר,אחים וייס ישי ייצור בעמ,,,"י""ח",1,,false,1,19.90,19.90,false,1,
7297070003717,false,גרבי ירך נשים קליפסו 6*20,אחים וייס ישי ייצור בעמ,,,"י""ח",1,,false,1,31.90,31.90,false,1,
7297070003724,false,לונג 6*40 ירך ילדות,אחים וייס ישי ייצור בעמ,,,"י""ח",1,,false,1,32.90,32.90,false,1,
7297070012696,false,שון בוקסר בנים כותנה לייקרה *2,אחים וייס ישי ייצור בעמ,,,"י""ח",2,"י""ח",false,1,21.90,10.95,false,1,
7297082100145,false,שמיכת פוך,לפ יום יומי,,,"י""ח",1,"י""ח",false,1,29.90,29.90,false,1,
7297094014553,false,כרית שינה,"רומנטקס בע""מ",,,"י""ח",1,,false,1,24.90,24.90,true,1,
7297094020622,false,סט תחרה 6 חלקים זוגי,"רומנטקס בע""מ",,,"י""ח",1,,false,1,99.90,99.90,true,1,
7297094021155,false,סט מפה עם ראנר 240,"רומנטקס בע""מ",,,"י""ח",1,,false,1,49.90,49.90,true,1,
7297174000001,false,גרב קצרה במבוק רשת גברים*3,אחים וייס ישי ייצור בעמ,,,"י""ח",1,,false,1,28.90,28.90,false,1,
7297174000018,false,ביאטריס - גרביון נשים 50 דנ' מיקרו ג'ורג'יו,אחים וייס ישי ייצור בעמ,,,"י""ח",1,,false,1,24.90,24.90,false,1,
7297174000049,false,קרסוליות במבוק רשת ילדים *3,אחים וייס ישי ייצור בעמ,,,"י""ח",1,,false,1,25.90,25.90,false,1,
7297174000056,false,קרסוליות במבוק נשים *3,אחים וייס ישי ייצור בעמ,,,"י""ח",1,,false,1,29.90,29.90,false,1,
7297174000063,false,גרבי תינוקות *3,אחים וייס ישי ייצור בעמ,,,"י""ח",1,,false,1,13.90,13.90,false,1,
7297174000094,false,גורגיו מיקרו 50 - גרביון נשים מיקרופייבר חלק,אחים וייס ישי ייצור בעמ,,,"י""ח",1,,false,1,16.90,16.90,false,1,
7297174000148,false,גורגיו מיקרו דונה 50 - ירך נשים,אחים וייס ישי ייצור בעמ,,,"י""ח",1,,false,1,13.90,13.90,false,1,
7297174000155,false,גורגיו מיקרו דונה 70 - ירך נשים,אחים וייס ישי ייצור בעמ,,,"י""ח",1,,false,1,13.90,13.90,false,1,
7297174000162,false,2זוגות גרבי מכנס ילדות,אחים וייס ישי ייצור בעמ,,,"י""ח",1,,false,1,23.90,23.90,false,1,
7297174000230,false,רומריו - גרבי גבר 90% כותנה,אחים וייס ישי ייצור בעמ,,,"י""ח",1,,false,1,8.90,8.90,false,1,
7297174000353,false,קרסוליות במבוק גברים רשת*3,אחים וייס ישי ייצור בעמ,,,"י""ח",1,,false,1,28.90,28.90,false,1,
7297174000360,false,גרב קצרה במבוק RIB גברים *3,אחים וייס ישי ייצור בעמ,,,"י""ח",1,,false,1,28.90,28.90,false,1,
7297174000377,false,טישרט גבר V & O,אחים וייס ישי ייצור בעמ,,,"י""ח",1,,false,1,18.90,18.90,false,1,
7297174000384,false,גופיה גבר rib 1:1,אחים וייס ישי ייצור בעמ,,,"י""ח",1,,false,1,15.90,15.90,false,1,
7297174000391,false,גרב קצרה במבוק רשת ילדים *3,אחים וייס ישי ייצור בעמ,,,"י""ח",1,,false,1,25.90,25.90,false,1,
7297174000407,false,גרב קצרה במבוק ילדים,אחים וייס ישי ייצור בעמ,,,"י""ח",1,,false,1,25.90,25.90,false,1,
7297174000438,false,קרסוליות במבוק רשת בנות *3,אחים וייס ישי ייצור בעמ,,,"י""ח",1,,false,1,25.90,25.90,false,1,
7297174000445,false,גרביון מיקרו נשים 100דינר,אחים וייס ישי ייצור בעמ,,,"י""ח",1,,false,1,14.90,14.90,false,1,
7297174000476,false,גרביון נשים 15דנ. מידות גדולות,אחים וייס ישי ייצור בעמ,,,"י""ח",1,,false,1,16.90,16.90,false,1,
7297174000490,false,"גרביון נשים 20 דנ""מידות גדולות",אחים וייס ישי ייצור בעמ,,,"י""ח",1,,false,1,17.90,17.90,false,1,
7297174000544,false,בוקסר גבר 100% כותנה מודפס M-528,אחים וייס י.ש.י.ייצור ושווק בע,,,"י""ח",1,,false,1,13.90,13.90,false,1,
7297174000629,false,דינמו 40*3 לייקרה - ברך 40 דנ',אחים וייס ישי ייצור בעמ,,,"י""ח",1,,false,1,16.90,16.90,false,1,
7297174000636,false,"דינמו לייקרה ברך 20דנ""",אחים וייס ישי ייצור בעמ,,,"י""ח",1,,false,1,16.90,16.90,false,1,
7297174000643,false,גרבונית 40*4 ספליט - גרביון ילדות לייקרה,אחים וייס ישי ייצור בעמ,,,"י""ח",1,,false,1,32.90,32.90,false,1,
7297174000650,false,4 זוגות גרבי ירך,אחים וייס ישי ייצור בעמ,,,"י""ח",1,,false,1,27.90,27.90,false,1,
7297174000667,false,4 זוגות גרבי ירך לנשים,אחים וייס ישי ייצור בעמ,,,"י""ח",1,,false,1,27.90,27.90,false,1,
7297174000674,false,3 זוגות גרבי מכנס לנשים,אחים וייס ישי ייצור בעמ,,,"י""ח",1,,false,1,30.90,30.90,false,1,
7297174000681,false,3זוגות גרבי מכנס לנשים,אחים וייס ישי ייצור בעמ,,,"י""ח",1,,false,1,30.90,30.90,false,1,
7297174000698,false,גרבי מכנס נשים קלודיה 40,אחים וייס ישי ייצור בעמ,,,"י""ח",1,,false,1,20.90,20.90,false,1,
7297174000704,false,דינמו 70*2 לייקרה - ברך 70 דנ',אחים וייס ישי ייצור בעמ,,,"י""ח",1,,false,1,16.90,16.90,false,1,
7297174000711,false,קליפסו 70*3 לייקרה - ירך 70 דנ',אחים וייס ישי ייצור בעמ,,,"י""ח",1,,false,1,27.90,27.90,false,1,
7297174000728,false,2 זוגות גרבי מכנס לנשים,אחים וייס ישי ייצור בעמ,,,"י""ח",1,,false,1,30.90,30.90,false,1,
7297174000735,false,גרבונית 70*3 ספליט - גרביון ילדות לייקרה,אחים וייס ישי ייצור בעמ,,,"י""ח",1,,false,1,32.90,32.90,false,1,
7297174000773,false,גרבי מכנס נשים ביאטריס 50 מידות גדולות,אחים וייס ישי ייצור בעמ,,,"י""ח",1,,false,1,24.90,24.90,false,1,
7297174000810,false,"גרביון נשים 15 דנ""מידות גדולות",אחים וייס ישי ייצור בעמ,,,"י""ח",1,,false,1,12.90,12.90,false,1,
7297174000827,false,"גרביון נשים 20 דנ""מידות גדולות",אחים וייס ישי ייצור בעמ,,,"י""ח",1,,false,1,13.90,13.90,false,1,
7297174000834,false,גרבי בריאות - 100% כותנה סרוקה,אחים וייס ישי ייצור בעמ,,,"י""ח",1,,false,1,12.90,12.90,false,1,
7297174000896,false,גרביון אנבל נשים 10דנר,אחים וייס ישי ייצור בעמ,,,"י""ח",1,,false,1,12.90,12.90,false,1,
7297174000919,false,"גרביון נשים 40 דנ""מידות גדולות",אחים וייס ישי ייצור בעמ,,,"י""ח",1,,false,1,17.90,17.90,false,1,
7297174000926,false,"גרביון נשים 60 דנ""מידות גדולות",אחים וייס ישי ייצור בעמ,,,"י""ח",1,,false,1,21.90,21.90,false,1,
7297174000995,false,גרבי ילדים *3,אחים וייס ישי ייצור בעמ,,,"י""ח",1,,false,1,13.90,13.90,false,1,
7297174001015,false,"אליזי 2*60 גרביון ילדות 50דנ""",אחים וייס ישי ייצור בעמ,,,"י""ח",2,"י""ח",false,1,22.90,11.45,false,1,
7297174001022,false,טישרט גבר טריקו,אחים וייס ישי ייצור בעמ,,,"י""ח",1,,false,1,18.90,18.90,false,1,
7297174001039,false,טייץ נשים 70דינר חלק,אחים וייס ישי ייצור בעמ,,,"י""ח",1,,false,1,16.90,16.90,false,1,
7297174001053,false,טייץ מיקרופייבר נשים 80 דנ׳ חלק,אחים וייס ישי ייצור בעמ,,,"י""ח",1,,false,1,15.90,15.90,false,1,
7297174001077,false,מכנס טייץ נשים מדיצ'י שחור/ צבעוני,אחים וייס ישי ייצור בעמ,,,"י""ח",1,,false,1,22.90,22.90,false,1,
7297174001084,false,מכנס טייץ נשים ג'ורג'יו שחור / מלנז',אחים וייס ישי ייצור בעמ,,,"י""ח",1,,false,1,21.90,21.90,false,1,
7297219532412,false,שמיכת במבוק עם מילוי צבע בג`,כוכב נולד פלוס נתיבות בעמ,,,"י""ח",1,,false,1,89,89,false,1,
7297219532429,false,שמיכת במבוק עם מילוי צבע לבן,כוכב נולד פלוס נתיבות בעמ,,,"י""ח",1,,false,1,89,89,false,1,
7297219532436,false,שמיכת במבוק עם מילוי צבע כחול,כוכב נולד פלוס נתיבות בעמ,,,"י""ח",1,,false,1,89,89,false,1,
7297219532443,false,שמיכת במבוק עם מילוי צבע ורוד,כוכב נולד פלוס נתיבות בעמ,,,"י""ח",1,,false,1,89,89,false,1,
7297219532450,false,שמיכת במבוק עם מילוי צבע אפור,כוכב נולד פלוס נתיבות בעמ,,,"י""ח",1,,false,1,89,89,false,1,
7297395000156,false,מגן תחתון שחור 22יח`,חן המעיין בעמ,,,"י""ח",1,,false,1,11,11,false,1,
7297579000026,false,מגבת פנים 50*90,דהן פרוספר בעמ,,,"י""ח",1,,false,1,14.90,14.90,true,1,
7297579006851,false,מגן מזרון איכותי יחיד,דהן פרוספר בעמ,,,"י""ח",1,,false,1,29.90,29.90,false,1,
7297579006868,false,מגן מזרון איכותי מיטה וחצי,דהן פרוספר בעמ,,,"י""ח",1,,false,1,34.90,34.90,false,1,
7297579006875,false,מגן מזרון איכותי זוגי,דהן פרוספר בעמ,,,"י""ח",1,,false,1,44.90,44.90,false,1,
7297579006882,false,מגן מזרון איכותי 1.80,דהן פרוספר בעמ,,,"י""ח",1,,false,1,49.90,49.90,false,1,
7297579006899,false,זוג מגיני כרית איכותי,דהן פרוספר בעמ,,,"י""ח",1,,false,1,24.90,24.90,false,1,
7297579011121,false,כרית ויסקו ג`ל,דהן פרוספר בעמ,,,"י""ח",1,,false,1,109.90,109.90,false,1,
7297579011312,false,מגבת פנים מדאם,דהן פרוספר בעמ,,,"י""ח",1,,false,1,14.90,14.90,true,1,
7297579011329,false,מגבת גוף מדאם,"דהן פרוספר בע""מ",,,"י""ח",1,,false,1,29.90,29.90,true,1,
7297579011350,false,שמיכת כירבולית לונדון,"דהן פרוספר בע""מ",,,"י""ח",1,,false,1,14.90,14.90,true,1,
7297579011466,false,שמיכת חורף חרמון יחיד,דהן פרוספר בעמ,,,"י""ח",1,,false,1,34.90,34.90,false,1,
7297579011473,false,שמיכת חורף חרמון זוגי,דהן פרוספר בעמ,,,"י""ח",1,,false,1,49.90,49.90,false,1,
7297579011565,false,שלישיית מגבות מטבח גינגר,דניאלה ע.י בעמ,,,"י""ח",1,,false,1,11.90,11.90,false,1,
7297579011572,false,שלישיית מגבות מטבח זיג זג,דניאלה ע.י בעמ,,,"י""ח",1,,false,1,11.90,11.90,false,1,
7297579011589,false,מפת שולחן דגם דיאנה 150/250,דהן פרוספר בעמ,,,"י""ח",1,,false,1,49.90,49.90,false,1,
7297579011596,false,מפת שולחן דגם דיאנה 150/300,דהן פרוספר בעמ,,,"י""ח",1,,false,1,59.90,59.90,false,1,
7297579011602,false,מפת שולחן דגם דיאנה 150/350,דהן פרוספר בעמ,,,"י""ח",1,,false,1,64.90,64.90,false,1,
7297579011619,false,מפת שולחן דגם דיאנה 150/400,דהן פרוספר בעמ,,,"י""ח",1,,false,1,75.90,75.90,false,1,
7297579011626,false,מפת שולחן דגם דובאי 150/250,דהן פרוספר בעמ,,,"י""ח",1,,false,1,49.90,49.90,false,1,
7297579011633,false,מפת שולחן דגם דובאי 150/300,דהן פרוספר בעמ,,,"י""ח",1,,false,1,54.90,54.90,false,1,
7297579011640,false,מפת שולחן דגם דובאי 150/350,דהן פרוספר בעמ,,,"י""ח",1,,false,1,69.90,69.90,false,1,
7297579011657,false,מפת שולחן דגם דובאי 150/400,דהן פרוספר בעמ,,,"י""ח",1,,false,1,79.90,79.90,false,1,
7297579011664,false,מפת שולחן דגם ויקטוריה 150/250,דהן פרוספר בעמ,,,"י""ח",1,,false,1,49.90,49.90,false,1,
7297579011688,false,מפת שולחן דגם ויקטוריה 150/350,דהן פרוספר בעמ,,,"י""ח",1,,false,1,69.90,69.90,false,1,
7297579011695,false,מפת שולחן דגם ויקטוריה 150/400,דהן פרוספר בעמ,,,"י""ח",1,,false,1,79.90,79.90,false,1,
7297579011701,false,מפת שולחן דגם נאים 150/250,דהן פרוספר בעמ,,,"י""ח",1,,false,1,49.90,49.90,false,1,
7297579011725,false,מפת שולחן דגם נאיה 150/350,דהן פרוספר בעמ,,,"י""ח",1,,false,1,69.90,69.90,false,1,
7297579011732,false,מפת שולחן דגם נאיה 150/400,דהן פרוספר בעמ,,,"י""ח",1,,false,1,79.90,79.90,false,1,
7297579011749,false,מפת שולחן דגם סהרה 150/250,דהן פרוספר בעמ,,,"י""ח",1,,false,1,49.90,49.90,false,1,
7297579011756,false,מפת שולחן דגם סהרה 150/300,דהן פרוספר בעמ,,,"י""ח",1,,false,1,59.90,59.90,false,1,
7297579011770,false,מפת שולחן דגם סהרה 150/400,דהן פרוספר בעמ,,,"י""ח",1,,false,1,79.90,79.90,false,1,
7297579011787,false,כיסוי חלה לשבת ויום טוב,דהן פרוספר בעמ,,,"י""ח",1,,false,1,25.90,25.90,false,1,
7297579011862,false,שטיח אמבטיה דגם פופי 50*80,דהן פרוספר בעמ,,,"י""ח",1,,false,1,25.90,25.90,false,1,
7297579011879,false,שטיח אמבטיה דגם פופי 90*60,דהן פרוספר בעמ,,,"י""ח",1,,false,1,34.90,34.90,false,1,
7297579011886,false,שטיח אמבטיה דגם פופי 120*60,דהן פרוספר בעמ,,,"י""ח",1,,false,1,44.90,44.90,false,1,
7297579012036,false,כיסוי סלון אליזבט,דהן פרוספר בעמ,,,"י""ח",1,,false,1,139.90,139.90,false,1,
7297602300185,false,טיולון פילוט,כוכב נולד פלוס נתיבות בעמ,,,"י""ח",1,,false,1,499,499,false,1,
7297602300284,false,הליכון ישיבה,כוכב נולד פלוס נתיבות בעמ,,,"י""ח",1,,false,1,299.90,299.90,false,1,
7297602300291,false,הליכון ישיבה,כוכב נולד פלוס נתיבות בעמ,,,"י""ח",1,,false,1,299.90,299.90,false,1,
7297602300307,false,הליכון פוגי אייזי בייבי,כוכב נולד פלוס נתיבות בעמ,,,"י""ח",1,,false,1,299.90,299.90,false,1,
7297602300314,false,הליכון פוגי,כוכב נולד פלוס נתיבות בעמ,,,"י""ח",1,,false,1,299.90,299.90,false,1,
7312040017683,false,מארז אבסולוט רגיל(וודקה {}{700 עם כוס,טמפו משקאות בע`מ,,,"י""ח",750,"ל מ""ל",false,1,69.90,9.28,true,1,
7394376123337,false,"משקה שיבולת שועל אורגני מפוקח ע""י סקאל",טרנסומס פוד איי.בי,,,"י""ח",1,ליטר,false,1,13.90,13.90,false,1,
7394376620294,false,אוטלי משקה שיבולת שועל בטעם וניל 1 ליטר,איי אם פי אס איי תעש,,,"י""ח",1,ליטר,false,1,15.90,15.90,false,1,
7450014901344,false,נעלי בית חורף נשים דגם SY001 אפור,ביג מול בעמ,,,"י""ח",1,,false,1,39.90,39.90,false,1,
7450026800505,false,נעלי בית חורף גברים SY013 ירוק,ביג מול בעמ,,,"י""ח",1,,false,1,39.90,39.90,false,1,
7450026800512,false,נעלי בית חורף גברים SY013 אפור,ביג מול בעמ,,,"י""ח",1,,false,1,39.90,39.90,false,1,
7501013101362,false,"נקטר בטעם קוקוס ואננס 500 מ""ל JUMEX",חומקס קומר קומרסאליזדורה,,,"י""ח",473,"ל מ""ל",false,1,8,1.63,true,1,
7501013101393,false,"ג'ומקס אננס בקבוק 473 מ""ל תריסר",חומקס קומר קומרסאליזדורה,,,"י""ח",473,"ל מ""ל",false,1,8,1.63,true,1,
7501013122039,false,ג'ומקס מיץ מנגו קרטונית ליטר תריסר,חומקס קומר קומרסאליזדורה,,,"י""ח",1,ליטר,false,1,9.30,9.30,true,1,
7501013122053,false,נקטר אפרסק ג'ומקס בקרטונית 1 ליטר,חומקס קומר קומרסאליזדורה,,,"י""ח",1,ליטר,false,1,9.50,9.50,true,1,
7501013122114,false,ג'ומקס מיץ אננס קרטונית ליטר תריסר,חומקס קומר קומרסאליזדורה,,,"י""ח",1,ליטר,false,1,9.30,9.30,true,1,
7501013122190,false,ג'ומקס מיץ תפוחים קרטונית ליטר תריסר,חומקס קומר קומרסאליזדורה,,,"י""ח",1,ליטר,false,1,9.30,9.30,true,1,
7501013122992,false,ג'ומקס מיץ קוקוס אננס קרטונית ליטר תריסר,חומקס קומר קומרסאליזדורה,,,"י""ח",1,ליטר,false,1,9.30,9.30,true,1,
7501049936945,false,"בירה סול שישייה בקבוק 330 מ""ל",פארייפאבה אגרואינדוס,,,"י""ח",1.98,ליטר,false,1,39.90,19.24,true,1,
7501064191398,false,שישיית בירה קורונה אקסטרא *355 מל,קריניציה ויטמינה אס,,,"י""ח",6,"י""ח",false,1,39.90,6.35,true,1,
7509546061160,false,"משחת שיניים לילדים מיניונים 2-5 75 מ""ל קולגייט",קולגייט פלמוליב,,,"י""ח",100,"ל מ""ל",false,1,14.90,14.90,false,1,
7509546061665,false,דאודורנט סטיק ג'ל לגבר 24/7 אקסטרים אינטנס,קולגייט פלמוליב,,,"י""ח",1,"י""ח",false,1,19.90,19.90,true,1,
7509546061672,false,דאודורנט סטיק אקסטרים אינטנס,ספיד סטיק Speed Stick,,,"י""ח",70,ל גרם,false,1,16.90,24.14,true,1,
7509546063515,false,ליידי ספיד סטיק -סטיק פרו 5 ספריי 150 מל,קולגייט פלמוליב,,,"י""ח",1,,false,1,18.90,18.90,true,1,
7509546666846,false,"משחת שיניים פחם טוטאל 75 מ""ל קולגייט",קולגייט פלמוליב,,,"י""ח",75,"ל מ""ל",false,1,19.90,26.53,false,1,
7509546678702,false,קולגייט משחת שיניים טוטל אנטי טרטר 100 מ,קולגייט-פלמוליב,,,"י""ח",100,"ל מ""ל",false,1,16.90,16.90,true,1,
7610113000175,false,"רום בקרדי מוחיטו 700 מ""ל",בקרדי מרטיני,,,"י""ח",750,"ל מ""ל",false,1,84.90,11.28,true,1,
7610113011652,false,בריזר - משקה כוהלי מוגז בטעם תפוח,בקרדי בריזר Bacardi Breezer,,,"י""ח",275,"ל מ""ל",false,1,14.20,5.05,true,1,
7610243004463,false,"דורגול - מרסס להסרת אבנית במקלחון 600 מ""ל","יעקב יעקבי ובניו בע""מ",,,"י""ח",500,"ל מ""ל",false,1,19.90,3.98,true,1,
7610700010778,false,סוכריות ריקולה ללא סוכר פטל חמוציות 50 ג,שוקוטרייד בעמ,,,"י""ח",50,ל גרם,false,1,13.90,27.80,false,1,
7610700012642,false,סוכריות ריקולה בשקית בטעם לימון,שוקוטרייד בעמ,,,"י""ח",70,ל גרם,false,1,11.90,17,false,1,
7610928010048,false,"מבריק כלי כסף יעקבי 100 מ""ל",יעקב יעקבי ובניו בעמ,,,"י""ח",100,"ל מ""ל",false,1,30.20,30.20,false,1,
7613030979647,false,דגני בוקר טריקס פירות עולם היורה 480 ג',קבוצת אוסם סחר שותפות מוגבלת,,,"י""ח",4.80,"י""ח",false,1,28.90,6.02,true,1,
7613032045753,false,פיטנס דגנים מחיטה מלאה שוקולד 375גרם,קבוצת אוסם סחר שותפות מוגבלת,,,"י""ח",375,ל גרם,false,1,22.90,6.11,true,1,
7613033548192,false,פיטנס - דגני בוקר שוקולד מריר 375 גרם,קבוצת אוסם סחר שותפות מוגבלת,,,"י""ח",375,ל גרם,false,1,22.90,6.11,true,1,
7613033635571,false,פורינה וואן - חתול סטרילייז סלמון 800 גרם,קבוצת אוסם סחר-שות.מוגבלת,,,"י""ח",800,ל גרם,false,1,43.60,5.45,true,1,
7613035548374,false,דגני בוקר גולדן מיניס מחיטה מלאה ותירס,קבוצת אוסם סחר-שות.מוגבלת,,,"י""ח",500,ל גרם,false,1,24.90,4.98,true,1,
7613035614482,false,מזון לגור חתולים בטעם עוף פורינה ONE,קבוצת אוסם סחר-שות.מוגבלת,,,"י""ח",800,ל גרם,false,1,43.40,5.43,true,1,
7613035619050,false,פירולו חמשושים מפלצות 75 מל,שוורצקוף& הנקל דיסלד,,,"י""ח",1,,false,1,7,7,false,1,
7613035622623,false,פיטנס גרנולה שקדים ודבש נסטלה (300 גרם),קבוצת אוסם סחר-שות.מוגבלת,,,"י""ח",300,ל גרם,false,1,16.70,5.57,false,1,
7613035635845,false,פיטנס גרנולה שוקולד 300 גר`אסם,קבוצת אוסם סחר-שות.מוגבלת,,,"י""ח",300,ל גרם,false,1,16.70,5.57,false,1,
7613035758834,false,פיטנס סופר גרנולה וחמוציות 300 גרם,קבוצת אוסם סחר שותפות מוגבלת,,,"י""ח",300,ל גרם,false,1,16.70,5.57,false,1,
7613035807778,false,פרפקטו רוטב עגבניות לבולונז אסם 400 גרם,קבוצת אוסם סחר שותפות מוגבלת,,,"י""ח",400,ל גרם,false,1,10.70,2.68,true,1,
7613035809109,false,פרפקטו רוטב עגבניות ובזיליקום אסם 400 גרם,קבוצת אוסם סחר שותפות מוגבלת,,,"י""ח",400,ל גרם,false,1,10.70,2.68,true,1,
7613035809123,false,פרפקטו רוטב עגבניות עם פלפלים אסם 400 גרם,קבוצת אוסם סחר שותפות מוגבלת,,,"י""ח",400,ל גרם,false,1,10.70,2.68,true,1,
7613035809857,false,פרפקטו רוטב עגבניות לפסטה ולבישול אסם 400 גרם,קבוצת אוסם סחר שותפות מוגבלת,,,"י""ח",400,ל גרם,false,1,10.70,2.68,true,1,
7613036105576,false,דוגלי עוף לכלבים בוגרים,קבוצת אוסם סחר שותפות מוגבלת,,,"י""ח",3,"ק""ג",false,1,50.20,16.73,false,1,
7613036105606,false,דוגלי בקר לכלבים בוגרים,קבוצת אוסם סחר שותפות מוגבלת,,,"י""ח",3,"ק""ג",false,1,51.50,17.17,false,1,
7613036105637,false,"דוגלי עוף לכלבים בוגרים 12 ק""ג",קבוצת אוסם סחר שותפות מוגבלת,,,"י""ח",12,"ק""ג",false,1,124.60,10.38,false,1,
7613036520492,false,פרפקטו רוטב עגבניות לפיצה אסם 400 גרם,קבוצת אוסם סחר-שות.מוגבלת,,,"י""ח",400,ל גרם,false,1,10.70,2.68,true,1,
7613036576734,false,קרטיב חמשושים חדש נסטלה 60 גר,נגה גלידות שותפות מוגבלת,,,"י""ח",1,,false,1,10.90,10.90,false,1,
7613036737623,false,דגני בוקר קראנץ מיקס 410גר,קבוצת אוסם סחר שותפות מוגבלת,,,"י""ח",410,ל גרם,false,1,27.90,6.80,true,1,
7613036880534,false,גרבר מחית ירקות מעורבים מטרנה 190 גר',קבוצת אוסם סחר שותפות מוגבלת,,,"י""ח",190,ל גרם,false,1,7.30,3.84,false,1,
7613036976657,false,מזון לחתולים פריסקיז פאוצ' הודו,קבוצת אוסם סחר-שות.מוגבלת,,,"י""ח",100,ל גרם,false,1,5.90,5.90,false,1,
7613036976671,false,פריסקיז פאוצ' עוף ברוטב 26*85גרם,קבוצת אוסם סחר שותפות מוגבלת,,,"י""ח",80,ל גרם,false,1,5.90,7.38,false,1,
7613036976695,false,פריסקיז - פאוץ בקר ברוטב 85 גרם,קבוצת אוסם סחר-שות.מוגבלת,,,"י""ח",80,ל גרם,false,1,5.90,7.38,false,1,
7613036976718,false,פריסקיז פאוצ' ברווז ברוטב 26*85גרם,קבוצת אוסם סחר-שות.מוגבלת,,,"י""ח",80,ל גרם,false,1,5.90,7.38,false,1,
7613037012200,false,גרבר מחית תפו`ע מנגו וגזר פאוץ 90 גר`,קבוצת אוסם סחר שותפות מוגבלת,,,"י""ח",130,ל גרם,false,1,7.90,6.08,true,1,
7613037686906,false,פיטנס - דגני בוקר שקדים ודבש 355 גרם,קבוצת אוסם סחר שותפות מוגבלת,,,"י""ח",355,ל גרם,false,1,22.90,6.45,true,1,
7613038268262,false,דגני בוקר צ'יריוס דבש ושקדים במתיקות מעודנת,קבוצת אוסם סחר שותפות מוגבלת,,,"י""ח",410,ל גרם,false,1,24.90,6.07,true,1,
7613038451954,false,דגני בוקר שוקולד מופחת סוכר 410 ג' קראנץ',קבוצת אוסם סחר-שות.מוגבלת,,,"י""ח",410,ל גרם,false,1,23.90,5.83,true,1,
7613039547731,false,גרבר מחית תפוח עץ ומשמש 90 גרם פאוץ,קבוצת אוסם סחר שותפות מוגבלת,,,"י""ח",90,ל גרם,false,1,6.90,7.67,true,1,
7613039879382,false,מחית תפוח עץ 190 גר` גרבר כשר לפסח,קבוצת אוסם סחר שותפות מוגבלת,,,"י""ח",190,ל גרם,false,1,6.90,3.63,false,1,
7613039880807,false,גרבר מחית תפוח וגזר 190 גרם,קבוצת אוסם סחר שותפות מוגבלת,,,"י""ח",190,ל גרם,false,1,7.30,3.84,false,1,
7613039881965,false,גרבר מחית גזר תפוח ומנגו 190 גרם,קבוצת אוסם סחר שותפות מוגבלת,,,"י""ח",190,ל גרם,false,1,7.30,3.84,false,1,
7613039882030,false,גרבר מחית תפוח גזר בטטה 6*190 גרם,קבוצת אוסם סחר-שות.מוגבלת,,,"י""ח",190,ל גרם,false,1,7.30,3.84,false,1,
7613287121783,false,סמארטיס מיני 16*187 גרם,קבוצת אוסם סחר שותפות מוגבלת,,,"י""ח",187,ל גרם,false,1,15.40,8.24,false,1,
7613287181411,false,ויטמינציק מחית סלט פירות 110 גרם,קבוצת אוסם סחר שותפות מוגבלת,,,"י""ח",110,ל גרם,false,1,5.90,5.36,true,1,
7613287182326,false,ויטמינציק מחית בננה תפוח 110 גרם,קבוצת אוסם סחר-שות.מוגבלת,,,"י""ח",110,ל גרם,false,1,5.90,5.36,true,1,
7613287182357,false,מחית אגס תפוח ופירות יער ויטמינצ'יק 110 ג',קבוצת אוסם סחר שותפות מוגבלת,,,"י""ח",110,ל גרם,false,1,5.90,5.36,true,1,
7613287182425,false,ויטמינציק מחית תפוח בננה ותות 110 גרם,קבוצת אוסם סחר שותפות מוגבלת,,,"י""ח",110,ל גרם,false,1,5.90,5.36,true,1,
7613287182456,false,ויטמינציק מחית אגס בננה תפוח 110 גרם,קבוצת אוסם סחר שותפות מוגבלת,,,"י""ח",110,ל גרם,false,1,5.90,5.36,true,1,
7613287302373,false,סטארבקס קפסולות איטליאן סטייל רוסט 56 גרם,קבוצת אוסם סחר שותפות מוגבלת,,,"י""ח",55,ל גרם,false,1,22.90,41.64,true,1,
7613287325822,false,אוסם - דיפ אנד ספרד מטבל מיקס 295 גרם,קבוצת אוסם סחר שותפות מוגבלת,,,"י""ח",295,"ל מ""ל",false,1,14.90,5.05,true,1,
7613287325952,false,אוסם - דיפ אנד ספרד מטבל ברבקיו 345 גרם,קבוצת אוסם סחר שותפות מוגבלת,,,"י""ח",335,"ל מ""ל",false,1,14.90,4.45,true,1,
7613287394323,false,דגני בוקר מולטי צ'יריוס 600 גרם,קבוצת אוסם סחר שותפות מוגבלת,,,"י""ח",500,ל גרם,false,1,25.90,5.18,true,1,
7613287476494,false,אוסם - דיפ אנד ספרד מיונז בסגנון צרפתי 280 גרם,קבוצת אוסם סחר שותפות מוגבלת,,,"י""ח",295,"ל מ""ל",false,1,14.90,5.05,true,1,
7613287476678,false,דגני בוקר סינימיניס צ'ורוס נסטלה 360 ג',קבוצת אוסם סחר שותפות מוגבלת,,,"י""ח",360,ל גרם,false,1,27.70,7.69,true,1,
7613287525789,false,"שישיית פרייה מים מוגזים 500 מ""ל",טמפו משקאות בעמ,,,"י""ח",3,ליטר,false,1,25.90,8.03,true,1,
7613287855640,false,סטארבקס קפסולות קפה גוואטמלה 10 יחידות,קבוצת אוסם סחר שותפות מוגבלת,,,"י""ח",52,ל גרם,false,1,22.90,44.04,true,1,
7622010001858,false,עוגיות אוראו ממולאות קרם וניל 176 גרם.,דיפלומט מפיצים (1968) בעמ**,,,"י""ח",176,ל גרם,false,1,8.90,5.06,true,1,
7622201050757,false,מילקה שוקולד חלב במילוי קרם קרמל 100 ג,דיפלומט מפיצים (1968) בעמ**,,,"י""ח",100,ל גרם,false,1,6.50,6.50,true,1,
7622201127206,false,מילקה ממרח אגוזי לוז 350 ג',דיפלומט מפיצים (1968) בעמ**,,,"י""ח",350,ל גרם,false,1,14.90,4.26,false,1,
7622201137052,false,אוראו מיני קוקיס - עוגיות שוקולד צ'יפס ותחתית מצופה שוקולד חלב,דיפלומט מפיצים (1968) בעמ**,,,"י""ח",110,ל גרם,false,1,8.60,7.82,true,1,
7622201139278,false,גבינת פילדלפיה שמנת 150 גר`% (27 שומן),מיודלז אספניה פרודוק,,,"י""ח",150,ל גרם,false,1,14.90,9.93,false,1,
7622201400972,false,מילקה ממרח שוקולד ואגוזי לוז 600 גר,דיפלומט מפיצים (1968) בעמ**,,,"י""ח",600,ל גרם,false,1,27.90,4.65,false,1,
7622201401900,false,עוגיות מילקה סנסיישן אוראו 156 גרם,דיפלומט מפיצים (1968) בעמ**,,,"י""ח",156,ל גרם,false,1,10.90,6.99,true,1,
7622201502515,false,עוגיות מילקה קוקי לופ שוקולד צ'יפס,דיפלומט מפיצים (1968) בעמ**,,,"י""ח",132,ל גרם,false,1,10.90,8.26,true,1,
7622201521493,false,גבינת פילדלפיה שום ועשבי תיבול 150 גר` (,מיודלז אספניה פרודוק,,,"י""ח",150,ל גרם,false,1,14.90,9.93,true,1,
7622201801809,false,מילקה שוקולד חלב עם אגוזים 100 גרם חדש,מנדלז דויצ'\לנד סנקס פרו,,,"י""ח",100,ל גרם,false,1,6.50,6.50,true,1,
7622201802363,false,מילקה טבלת שוקולד חלב וצימוקים ואגוזים 100ג',דיפלומט מפיצים (1968) בעמ**,,,"י""ח",100,ל גרם,false,1,6.50,6.50,true,1,
7622201802394,false,שוקולד מילקה חלב מסרונים 100 גרם,מנדלז דויצ'\לנד סנקס פרו,,,"י""ח",100,ל גרם,false,1,6.50,6.50,true,1,
7622201808631,false,אוראו מיני עוגיות ממולאות קרם וניל 67גרם,דיפלומט מפיצים (1968) בעמ**,,,"י""ח",67,"ס""מ",false,1,6.90,10.30,true,1,
7622201809188,false,מילקה ביסקויט מצופה שוקולד 150 גר`,מונדלז פרנס ביסקוויט פרו,,,"י""ח",150,ל גרם,false,1,12.90,8.60,true,1,
7622201819170,false,שוקולד מילקה דרק שקדים 85 גרם.,דיפלומט מפיצים (1968) בעמ**,,,"י""ח",85,ל גרם,false,1,8.90,10.47,true,1,
7622210078131,false,שוקולד חלב עם שבבי קרמל מילקה דיים 100 גרם,מנדלז דויצ'\לנד סנקס פרו,,,"י""ח",100,ל גרם,false,1,6.50,6.50,true,1,
7622210163899,false,שוקולד חלב במילוי סוכריות עדשים,דיפלומט מפיצים (1968) בעמ**,,,"י""ח",100,ל גרם,false,1,6.50,6.50,true,1,
7622210392565,false,טובלרון טייני לבן 200גר`,דיפלומט מפיצים (1968) בעמ**,,,"י""ח",200,ל גרם,false,1,17.30,8.65,false,1,
7622210453327,false,עוגיות שוקוצ'יפס במילוי שוקולד סנסיישן,דיפלומט מפיצים (1968) בעמ**,,,"י""ח",156,ל גרם,false,1,12.90,8.27,true,1,
7622210635105,false,עוגיות אוראו במילוי תות 154 גרם,דיפלומט מפיצים (1968) בעמ**,,,"י""ח",154,"ס""מ",false,1,6.90,4.48,true,1,
7622210637994,false,מיני עוגיות אוראו קראנצ'י בייטס אורגינל,דיפלומט מפיצים (1968) בעמ**,,,"י""ח",110,ל גרם,false,1,7.90,7.18,true,1,
7622210638021,false,מיני עוגיות אוראו קראנצ'י בייטס מצופים,דיפלומט מפיצים (1968) בעמ**,,,"י""ח",110,ל גרם,false,1,7.90,7.18,true,1,
7622210690883,false,מילקה שוקולד חלב-מהדורת מונדיאל 270 גרם,דיפלומט מפיצים (1968) בעמ**,,,"י""ח",300,ל גרם,false,1,14.90,4.97,true,1,
7622210826053,false,מילקה שוקולד אוראו סנדוויץ 100 גרם,דיפלומט מפיצים (1968) בעמ**,,,"י""ח",92,ל גרם,false,1,6.50,7.07,true,1,
7622210835338,false,אוראו עוגיות ממולאות טעם בראוניז 176 גרם,דיפלומט מפיצים (1968) בעמ**,,,"י""ח",176,ל גרם,false,1,8.90,5.06,true,1,
7622300270506,false,מילקה גריינס - עוגיות שיבולת שועל מצופות שוקולד 168 ג',דיפלומט מפיצים (1968) בעמ**,,,"י""ח",168,ל גרם,false,1,10.90,6.49,true,1,
7622300315283,false,אוראו עוגיות ממולאות קרם וניל 154 גרם,דיפלומט מפיצים (1968) בעמ**,,,"י""ח",154,"ס""מ",false,1,6.90,4.48,true,1,
7622300336738,false,אוראו וניל בד``צ 154גרם,דיפלומט מפיצים (1968) בעמ**,,,"י""ח",154,"ס""מ",false,1,6.90,4.48,true,1,
7622300356767,false,מילקה - עוגיות עם גרנולה וחתיכות של שוקולד חלב,דיפלומט מפיצים (1968) בעמ**,,,"י""ח",250,ל גרם,false,1,10.90,4.36,true,1,
7622300489427,false,עוגיות אוראו בציפוי בטעם שוקולד לבן 246 גרם,דיפלומט מפיצים (1968) בעמ**,,,"י""ח",264,ל גרם,false,1,17.90,6.78,true,1,
7622300489434,false,"עוגיות אוראו פאדג' בציפוי שוקולד חלב, 246 גרם",דיפלומט מפיצים (1968) בעמ**,,,"י""ח",264,ל גרם,false,1,17.90,6.78,true,1,
7622300495046,false,מילקה שוקולד חלב עם אקסטרה קקאו 100 גרם,מנדלז דויצ'\לנד סנקס פרו,,,"י""ח",100,ל גרם,false,1,6.50,6.50,true,1,
7622300503079,false,עוגיות ביסקוויט מצופה שוקולד חלב מילקה 200 גרם,דיפלומט מפיצים (1968) בעמ**,,,"י""ח",200,ל גרם,false,1,10.90,5.45,true,1,
7622300617820,false,מילקה שוקולד חלב במילוי קרם חלב ווניל ושבבי עוגיות אוראו 100 גרם,מנדלז דויצ'\לנד סנקס פרו,,,"י""ח",100,ל גרם,false,1,6.50,6.50,true,1,
7622300761363,false,עוגיות מיני אוראו במילוי קרם בטעם שוקולד בכוס,דיפלומט מפיצים (1968) בעמ**,,,"י""ח",67,ל גרם,false,1,6.90,10.30,true,1,
7622300772314,false,עוגיות אוראו ממולאות קרם בטעם וניל 66גר,דיפלומט מפיצים (1968) בעמ**,,,"י""ח",66,ל גרם,false,1,3.70,5.61,true,1,
7630311507016,false,קפסולות קפה סטארבקס סאני דיי 12*57גר`,קבוצת אוסם סחר שותפות מוגבלת,,,"י""ח",57,ל גרם,false,1,21.90,38.42,true,1,
7630477891592,false,סטארבקס קפסולות קפה האוס בלנד 10 יחידות,קבוצת אוסם סחר שותפות מוגבלת,,,"י""ח",57,ל גרם,false,1,21.90,38.42,true,1,
7630477891615,false,סטארבקס קפסולות קפה סומטרה 10 יחידות,קבוצת אוסם סחר שותפות מוגבלת,,,"י""ח",55,ל גרם,false,1,22.90,41.64,true,1,
7630477891639,false,קפסולות קפה סומטרה (10 יח) סטארבקס ( 55,קבוצת אוסם סחר שותפות מוגבלת,,,"י""ח",55,ל גרם,false,1,22.90,41.64,true,1,
7630477891653,false,סטארבקס קפסולות קפה אספרסו נטול 10 יחידו,קבוצת אוסם סחר שותפות מוגבלת,,,"י""ח",57,ל גרם,false,1,22.90,40.18,true,1,
7630477891691,false,סטארבקס קפסולות קפה קולמביה 10 יחידות,קבוצת אוסם סחר שותפות מוגבלת,,,"י""ח",57,ל גרם,false,1,22.90,40.18,true,1,
7630477891714,false,סטארבקס קפסולות קפה אספרסו 10 יחידות,קבוצת אוסם סחר שותפות מוגבלת,,,"י""ח",57,ל גרם,false,1,22.90,40.18,true,1,
7638900426663,false,9 V סוללות אנרג`יזר ריפרש,דנשר (1963) בעמ,,,"י""ח",1,,false,1,28.50,28.50,false,1,
7640166790747,false,מוצרלה מגורדת שקיל,א. סיימן סחר בעמ,,,"ק""ג",250,ל גרם,true,1,54.90,21.96,false,1,
7702018420476,false,מארז ונוס סווירל ידית + 3 סכינים ג'ילט,דיפלומט מפיצים (1968) בעמ,,,"י""ח",1,,false,1,49.90,49.90,true,1,
7702018462032,false,סכיני גילוח גילט מאך 3 רביעייה,דיפלומט מפיצים (1986) בע`מ,,,"י""ח",1,,false,1,34.90,34.90,true,1,
7702018471423,false,גילט פיוזן סטארט סכיני גילוח 4יח,דיפלומט מפיצים {1968}בעמ,,,"י""ח",1,,false,1,49.90,49.90,true,1,
7702018607518,false,גילט מארז פיוזן מכשיר+סכיני גילוח שישייה,דיפלומט מפיצים 1968 בעמ,,,"י""ח",1,"י""ח",false,1,99.90,99.90,false,1,
7702018609130,false,סכיני גילט סקינגארד אלוורה ידני 10 יח,"פרוקטר אנד גמבל, גרמניה",,,"י""ח",1,,false,1,139.90,139.90,true,1,
7702018609154,false,סכיני גילט פרוגלייד ידני 10 יח.,"פרוקטר אנד גמבל, גרמניה",,,"י""ח",1,,false,1,139.90,139.90,true,1,
7702018610280,false,גילט מארז פרוגלייד מכשיר+4 סכינים,דיפלומט מפיצים 1968 בעמ,,,"י""ח",1,"י""ח",false,1,99.90,99.90,false,1,
7702018610303,false,גילט מארז סקינגארד אלוורה מכשיר+4 סכין,דיפלומט מפיצים 1968 בעמ,,,"י""ח",1,"י""ח",false,1,99.90,99.90,false,1,
7702018911912,false,##דאודורנט קליר ג ל,דיפלומט מפיצים 1968 בעמ,,,"י""ח",1,"י""ח",false,1,25.90,25.90,false,1,
7702024074625,false,חטיפי קרקר פיטנס Fitness עם חיטה מלאה,קבוצת אוסם סחר שותפות מוגבלת,,,"י""ח",234,ל גרם,false,1,13.90,5.94,false,1,
7702174066631,false,לקקן יוגטה פין פופ במילוי מסטיק 170 גר,קומסטיבלס לה רוזה אס.איי,,,"י""ח",180,"ל מ""ל",false,1,8.90,4.94,false,1,
7702174068826,false,יוגטה מבחר סוכריות לקקן קשות ממולאות טופי בטעמי יוגורט ופירות 204 גרם,הדקלאים אגודת שיתופי,,,"י""ח",216,ל גרם,false,1,11.90,5.51,false,1,
7702174068833,false,יוגטה סוכריות קשות על מקל ממולאות טופי בטעמי גלידת פירות 12 יח' 204 גרם,הדקלאים אגודת שיתופי,,,"י""ח",216,ל גרם,false,1,9.90,4.58,false,1,
7702174070201,false,יוגטה לקקן בטעם מסטיק ממולא טופי בטעם תות 12 יח' 204 גרם,הדקלאים אגודת שיתופי,,,"י""ח",216,ל גרם,false,1,9.90,4.58,false,1,
7702174073783,false,סוכריות על מקל בטעם קולה במילוי גומי לעיסה,הדקלאים אגודת שיתופי,,,"י""ח",216,ל גרם,false,1,8.90,4.12,false,1,
7798378440018,false,אוכמניות יחידה,ביכורי השדה צפון 1994 ג.ד. בעמ,,,"י""ח",1,,false,1,15.90,15.90,true,1,
7798382150019,false,אוכמניות טריות 125גרם,ביכורי השדה צפון 1994 ג.ד. בעמ,,,"י""ח",1,,false,1,15.90,15.90,true,1,
7804651030026,false,אוכמניות טריות יחידה,איגל טרייטדינג שיווק חקלאי בעמ,,,"י""ח",1,,false,1,15.90,15.90,true,1,
7809530602189,false,אוכמניות יחידה,ביכורי השדה צפון 1994 ג.ד. בעמ,,,"י""ח",1,,false,1,15.90,15.90,true,1,
7891024027998,false,קולגייט מי פה טוטאל הגנה מפני אבן 500 מל,קולגייט- פלמוליב,,,"י""ח",500,"ל מ""ל",false,1,29.90,5.98,true,1,
7891024030974,false,"קולגייט משחת שיניים טריפל אקשן 75 מ""ל",הנסיך- מפעל לייצור ט,,,"י""ח",75,"ל מ""ל",false,1,5.90,7.87,false,1,
7891024124826,false,"משחת שיניים קולגייט אופטייק וויט 75 מ""ל",הנסיך- מפעל לייצור ט,,,"י""ח",75,"ל מ""ל",false,1,19.90,26.53,true,1,
7891024179482,false,קולגייט שטיפת פה אופטיק וויט 500 מל,יבואן ומשווק: ש. שסט,,,"י""ח",500,"ל מ""ל",false,1,29.90,5.98,true,1,
8000040001106,false,קמפרי ביטר אפרטיף 700מל,החברה המרכזית להפצת משקאות-אלכ,,,"י""ח",700,"ל מ""ל",false,1,89.90,12.80,false,1,
8000070038868,false,קפה לוואצה קלוי וטחון חוזק 8 קלאסיקו 250 גר,לאוג'י לוואצה אס.פי.אי,,,"י""ח",250,ל גרם,false,1,29.90,11.96,true,1,
8000070041813,false,מכונת אספרסו טייני אדומה לוואצה,ליימן שליסל,,,"י""ח",1,"י""ח",false,1,499,499,false,1,
8000070041837,false,מכונת אספרסו טייני לבנה לוואצה,ליימן שליסל,,,"י""ח",1,"י""ח",false,1,499,499,false,1,
8000070041851,false,מכונת אספרסו טייני שחורה לוואצה,ליימן שליסל,,,"י""ח",1,"י""ח",false,1,499,499,false,1,
8000070053465,false,קפסולות לוואצה למכונת אספרסו חוזק 8,לאוג'י לוואצה אס.פי.אי,,,"י""ח",55,ל גרם,false,1,19.90,36.18,true,1,
8000070053472,false,לוואצה קרמה גוסטו קלאסיקו מס' 12 קפסולות לקפה 55 גרם,לאוג'י לוואצה אס.פי.אי,,,"י""ח",55,ל גרם,false,1,19.90,36.18,true,1,
8000070053502,false,קפסולות קפה אספרסו ריקו נטול קפאין דרגת חוזק 7,לווצה טורינו,,,"י""ח",55,ל גרם,false,1,19.90,36.18,true,1,
8000070053526,false,קפסולות לוואצה למכונת אספרסו חוזק 10,לאוג'י לוואצה אס.פי.אי,,,"י""ח",55,ל גרם,false,1,19.90,36.18,true,1,
8000070055254,false,לוואצה קרמה גוסטו פורטה מס' 13 קפסולות לקפה 55 גרם,ליימן שליסל בע`מ,,,"י""ח",55,ל גרם,false,1,19.90,36.18,true,1,
8000070059832,false,לוואצה קרמה גוסטו ריקו מס' 11 קפסולות לקפה 55 גרם,לואיג'י לוואצה,,,"י""ח",55,ל גרם,false,1,19.90,36.18,true,1,
8000113003402,false,"קמח תירס בוואקום 1 ק""ג",גורי מוצרי צריכה (1991) בעמ,,,"י""ח",1,"ק""ג",false,1,16.10,16.10,false,1,
8000320010088,false,"רוטב עגבניות במרקם גס 680 מ""ל MUTTI",דיפלומט מפיצים (1968) בעמ**,,,"י""ח",680,"ל מ""ל",false,1,12.90,1.90,false,1,
8000380003723,false,וופלים גרנד פטיסרי במילוי קרם אגוזים 100,קריניציה ויטמינה אס,,,"י""ח",1,,false,1,12.90,12.90,true,1,
8000380003754,false,וופל גראן פטיסרי Gran Pasticceria קפוצ'ינו,ליימן שליסל בעמ,,,"י""ח",100,ל גרם,false,1,12.90,12.90,true,1,
8000380003761,false,וופל גרנד פטיסרי שוקולד וקוקוס לואקר 100 גרם,קריניציה ויטמינה אס,,,"י""ח",100,ל גרם,false,1,12.90,12.90,true,1,
8000380004669,false,וופל לואקר סנדוויץ קוביות ושוקולד 200ג',"א. לואקר, קונפקט ג'י",,,"י""ח",200,ל גרם,false,1,12.90,6.45,true,1,
8000380004676,false,קוביות וופל סנדוויץ Sandwich עם וניל וחלב,"א. לואקר, קונפקט ג'י",,,"י""ח",200,ל גרם,false,1,12.90,6.45,true,1,
8000380004911,false,קוביות וופל קואדרטיני Quadratini קרם אגוזים,קריניציה ויטמינה אס,,,"י""ח",250,ל גרם,false,1,13.90,5.56,true,1,
8000380004966,false,וופל קוארדטיני לואקר קוביות שוקולד 250ג',קריניציה ויטמינה אס,,,"י""ח",250,ל גרם,false,1,13.90,5.56,true,1,
8000380005918,false,וופל קוביות קואדרטיני אגוזים לואקר 125 גרם,ליימן שליסל בע`מ,,,"י""ח",125,ל גרם,false,1,7,5.60,true,1,
8000380005963,false,וופל קוארדטיני שוקולד לואקר 125 גרם,ליימן שליסל בע`מ,,,"י""ח",125,ל גרם,false,1,7,5.60,true,1,
8000380007219,false,וופל לואקר ממולא קרם אגוזים 175 גרם,ליימן שליסל בע`מ,,,"י""ח",175,ל גרם,false,1,11.80,6.74,true,1,
8000380007257,false,וופל גרדנה במילוי קרם אגוזים מצופה,קריניציה ויטמינה אס,,,"י""ח",200,ל גרם,false,1,14.50,7.25,true,1,
8000380007264,false,וופל לואקר ממולא קרם קקאו 175 גרם,קריניציה ויטמינה אס,,,"י""ח",175,ל גרם,false,1,11.80,6.74,true,1,
8000380007271,false,וופל במילוי קרם חלב לואקר (175 גרם),ליימן שליסל בע`מ,,,"י""ח",175,ל גרם,false,1,11.80,6.74,true,1,
8000380106028,false,טורטינה לואקר וופל שוקולד ואגוזים שישיה 125ג',קריניציה ויטמינה אס,,,"י""ח",125,ל גרם,false,1,18.90,15.12,true,1,
8000380144044,false,גרדנה וופל מצופה שוקולד חלב לואקר 200 גרם,ליימן שליסל בע`מ,,,"י""ח",200,ל גרם,false,1,14.50,7.25,true,1,
8000380148035,false,וופל אגוזי לוג שוקולד מריר גראן פטיסרי Gran Pasticceria,קריניציה ויטמינה אס,,,"י""ח",100,ל גרם,false,1,12.90,12.90,true,1,
8000380154791,false,לואקר טורטינה שלישייה קלאסיק,קריניציה ויטמינה אס,,,"י""ח",3,"י""ח",false,1,8.90,2.97,false,1,
8000380154814,false,טורטינה שלישיה שוקולד מריר,קריניציה ויטמינה אס,,,"י""ח",3,"י""ח",false,1,8.90,2.97,false,1,
8000380155699,false,שלישיית וופל טורטינה לבן לואקר 21 גרם,קריניציה ויטמינה אס,,,"י""ח",3,"י""ח",false,1,8.90,2.97,false,1,
8000380156009,false,פרלינים ורד הדולומיטים חלב לואקר 150 גרם,קריניציה ויטמינה אס,,,"י""ח",150,ל גרם,false,1,24.90,16.60,true,1,
8000380156573,false,לואקר בונבוניירה ורד הדולמיטים 150 גרם,קריניציה ויטמינה אס,,,"י""ח",150,ל גרם,false,1,23.90,15.93,true,1,
8000380156825,false,שוקולד חלב במילוי קרם חלב וופל לואקר 87 גרם,ליימן שליסל בעמ,,,"י""ח",87,ל גרם,false,1,7.90,9.08,false,1,
8000380156849,false,שוקולד מריר במילוי קרם קקאו וופל לואקר 87 גרם,ליימן שליסל בעמ,,,"י""ח",87,ל גרם,false,1,7.90,9.08,false,1,
8000380156856,false,שוקולד לבן במילוי קרם חלב וופל לואקר 87 גרם,ליימן שליסל בע`מ,,,"י""ח",87,ל גרם,false,1,7.90,9.08,false,1,
8000380157440,false,שוקולד חלב במילוי קרם אגוזי לוז לואקר 87 גרם,ליימן שליסל בע`מ,,,"י""ח",85,ל גרם,false,1,7.90,9.29,false,1,
8000380157570,false,וופלים לואקר קלאסיק אגוז 262.5 גר,ליימן שליסל בע`מ,,,"י""ח",262,ל גרם,false,1,13.90,5.31,true,1,
8000380157587,false,וופלים לואקר קלאסיק קקאו 262.5 גר,ליימן שליסל בע`מ,,,"י""ח",262,ל גרם,false,1,13.90,5.31,true,1,
8000380180721,false,לואקר וופל קקאו במילוי קרם חלבי 175 גר,קריניציה ויטמינה אס,,,"י""ח",175,ל גרם,false,1,11.80,6.74,true,1,
8000380180745,false,וופל קוביות קקאו במילוי קרם חלב לואקר 250 גרם,"א. לואקר, קונפקט ג'י",,,"י""ח",250,ל גרם,false,1,13.90,5.56,true,1,
8000380180783,false,וופל קואדרטיני קקאו וחלב לואקר 125 גרם,ליימן שליסל בע`מ,,,"י""ח",125,ל גרם,false,1,7,5.60,true,1,
8000380180837,false,וופל גרנד פטיסרי קוקוס לבן מצופה שוקולד לבן לואקר 100 גרם,ליימן שליסל בע`מ,,,"י""ח",100,ל גרם,false,1,12.90,12.90,true,1,
8000380192199,false,וופל בטעם דאבל שוקולד לואקר (175 גרם),ליימן שליסל בעמ,,,"י""ח",175,ל גרם,false,1,11.80,6.74,true,1,
8000380192588,false,וופלים קואדרטיני דאבל שוקולד לואקר 250 גרם,קריניציה ויטמינה אס,,,"י""ח",250,ל גרם,false,1,13.90,5.56,true,1,
8000380201396,false,שוקולד חלב ממולא קרם קרמל ועלי וופל פריכ,ליימן שליסל בע`מ,,,"י""ח",125,ל גרם,false,1,18.90,15.12,true,1,
8000380206896,false,וופל גרדנה במילוי חמאת בוטנים 200 גרם,ליימן שליסל בע`מ,,,"י""ח",200,ל גרם,false,1,14.50,7.25,true,1,
8000409354157,false,מקינטה להכנת קפה אספ,ליימן שליסל,,,"י""ח",1,"ק""ג",false,1,19.90,19.90,false,1,
8000500023624,false,חטיפי הפי היפו Happy Hippo במילוי קרם חלב וקקאו,פרימיום-חברה לדברי מתיקה ולמסח,,,"י""ח",90,ל גרם,false,1,12.90,14.33,false,1,
8000500023976,false,בונבוניירת רפאלו פררו (150 גרם),פרימיום-חברה לדברי מתיקה ולמסח,,,"י""ח",150,ל גרם,false,1,16.90,11.27,false,1,
8000500026731,false,ביצי שוקולד קינדר מארז 3 יח סופרייז,פרימיום-חברה לדברי מתיקה ולמסח,,,"י""ח",60,ל גרם,false,1,15.90,26.50,true,1,
8000500029350,false,מארז וופל מצופה 3יח' *43 גרם קינדר בואנו,פרימיום-חברה לדברי מתיקה ולמסח,,,"י""ח",120,ל גרם,false,1,10,8.33,true,1,
8000500037874,false,בונבוניירת פררו רושה 200 גרם,פרימיום חברה לדברי מתיקה ולמסח,,,"י""ח",200,ל גרם,false,1,25.50,12.75,true,1,
8000500071083,false,אצבעות שוקולד קינדר Kinder שש עשרה יחידות,פרימיום-חברה לדברי מתיקה ולמסח,,,"י""ח",200,ל גרם,false,1,12.90,6.45,false,1,
8000500121436,false,מארז קינדר בואנו Kinder Bueno לבן שלוש יחידות,פרימיום חברה לדברי מתיקה ולמסח,,,"י""ח",3,"י""ח",false,1,10,3.33,true,1,
8000500126325,false,ביצי שוקולד הפתעה קינדר ג'וי ורוד בנות שלישיה,פרימיום-חברה לדברי מתיקה ולמסח,,,"י""ח",3,"י""ח",false,1,16.90,5.63,false,1,
8000500167656,false,קינדר שוקולד עם דגנים סיריאל 94 ג',פרימיום חברה לדברי מתיקה ולמסח,,,"י""ח",96,ל גרם,false,1,7.70,8.02,false,1,
8000500172810,false,סוכריות בטעם תות שדה מנטה- מארז רביעייה,פרימיום-חברה לדברי מתיקה ולמסח,,,"י""ח",250,ל גרם,false,1,11.40,4.56,true,1,
8000500227848,false,נוטלה - בי רדי אצבעות ביסקוויט במילוי שוקולד 6 יח' * 22 גרם,פרימיום-חברה לדברי מתיקה ולמסח,,,"י""ח",132,ל גרם,false,1,12.90,9.77,true,1,
8000500267103,false,קינדר דליס עוגת ספוג קקאו במילוי חלבי*10,פרימיום חברה לדברי מתיקה ולמסח,,,"י""ח",4.20,"י""ח",false,1,19.90,4.74,true,1,
8000500269169,false,קינדר קארדס Kinder Cards - חמישייה,פרימיום-חברה לדברי מתיקה ולמסח,,,"י""ח",1.28,"י""ח",false,1,13.90,10.86,false,1,
8000500386941,false,נוטלה ממרח קקאו עם אגוזי לוז 900 גר`,פרימיום חברה לדברי מתיקה ולמסח,,,"י""ח",900,ל גרם,false,1,31.90,3.54,true,1,
8000700000050,false,סבון DOVE מוצק לבן רביעיה 4*100 גרם,יוניליוור ישראל שיווק בע`מ,,,"י""ח",400,ל גרם,false,1,16.90,4.23,false,1,
8000920704967,false,"בן אנד ג'ריס צ'אנקי מנקי 150 מ""ל",מוצרי איכות אמריקאיים בעמ,,,"י""ח",100,"ל מ""ל",false,1,8.90,8.90,false,1,
8001090016003,false,טבליות למדיח קלאסי הכל באחד פיירי,דיפלומט מפיצים (1968) בעמ,,,"י""ח",84,"י""ח",false,1,59.90,0.71,false,1,
8001090184375,false,"נוזל כלים פיירי 900 מ""ל ירוק אורגינל",דיפלומט מפיצים (1968) בעמ,,,"י""ח",900,"ל מ""ל",false,1,14.90,1.66,true,1,
8001090184412,false,"פיירי נוזל לניקוי כלים לימון שקוף, 900 מ""ל",דיפלומט מפיצים (1968) בעמ,,,"י""ח",900,"ל מ""ל",false,1,14.90,1.66,true,1,
8001090222428,false,"הרבל אסנסס - שמפו חלב קוקוס 400 מ""ל",דיפלומט מפיצים 1968 בעמ,,,"י""ח",400,"ל מ""ל",false,1,19.90,4.98,true,1,
8001090222572,false,הרבל אסנסס מרכך תות שדה ומנטה 400 גרם,דיפלומט מפיצים (1968) בעמ,,,"י""ח",400,"ל מ""ל",false,1,19.90,4.98,true,1,
8001090222756,false,"הרבל אסנס מרכך תות שמן מורינגה 400 מ""ל",דיפלומט מפיצים (1968) בעמ,,,"י""ח",400,"ל מ""ל",false,1,19.90,4.98,true,1,
8001090222848,false,"הרבל אסנסס - שמפו שיקום שמן ארגן 400 מ""ל",דיפלומט מפיצים (1968) בעמ,,,"י""ח",400,"ל מ""ל",false,1,19.90,4.98,true,1,
8001090222879,false,"הרבל אסנסס - מרכך שיקום שמן ארגן 400 מ""ל",דיפלומט מפיצים (1968) בעמ,,,"י""ח",400,"ל מ""ל",false,1,19.90,4.98,true,1,
8001090336354,false,חיתולי ביביי דריי מידה 2 ( 46 יח) פמפרס,דיפלומט מפיצים (1986) בע`מ,,,"י""ח",1,,false,1,39.90,39.90,true,1,
8001090336408,false,חיתולי ביביי דריי מידה 3 ( 38 יח) פמפרס,דיפלומט מפיצים (1986) בע`מ,,,"י""ח",1,,false,1,39.90,39.90,true,1,
8001090336446,false,חיתולי ביביי דריי מידה 4 ( 34 יח) פמפרס,דיפלומט מפיצים (1986) בע`מ,,,"י""ח",1,,false,1,39.90,39.90,true,1,
8001090336491,false,פמפרס בייבי דריי חיתולים מידה +4 31 יח,דיפלומט מפיצים (1986) בע`מ,,,"י""ח",1,,false,1,39.90,39.90,true,1,
8001090336521,false,חיתולי פמפרס בייבי דריי מידה 5 30 יח` `,דיפלומט מפיצים (1986) בע`מ,,,"י""ח",1,,false,1,39.90,39.90,true,1,
8001090336606,false,חיתולי ביביי דריי מידה ( 26 יח`) פמפרס,דיפלומט מפיצים (1986) בע`מ,,,"י""ח",1,,false,1,39.90,39.90,true,1,
8001090364104,false,"משחת שיניים אורל בי G&E אורגינל 75 מ""ל",דיפלומט מפיצים (1968) בעמ,,,"י""ח",124,ל גרם,false,1,19.90,16.05,true,1,
8001090364203,false,"משחת שיניים אורל בי G&E להלבנה עדינה 75 מ""ל",דיפלומט מפיצים (1968) בעמ,,,"י""ח",124,ל גרם,false,1,19.90,16.05,true,1,
8001090375186,false,"מרכך מרוכז 200 מ""ל לצבע מלא חיים ""פנטן""",דיפלומט מפיצים (1986) בע`מ,,,"י""ח",200,"ל מ""ל",false,1,21.90,10.95,false,1,
8001090377531,false,"מסכה לשיער פנטן לצבע מלא חיים 300 מ""ל",דיפלומט מפיצים (1968) בעמ,,,"י""ח",300,"ל מ""ל",false,1,33.90,11.30,false,1,
8001090458322,false,"פיירי ורדים ומשי 1015 מ""ל",דיפלומט מפיצים (1968) בעמ,,,"י""ח",1.01,ליטר,false,1,15.90,15.74,true,1,
8001090493637,false,"הד אנד שולדרס שמפו אולטרא טוטאל קר 450 מ""ל",דיפלומט מפיצים (1986) בע`מ,,,"י""ח",450,"ל מ""ל",false,1,21.90,4.87,false,1,
8001090678225,false,"הד אנד שולדרס מרכך סופרים משקם 275 מ""ל",דיפלומט מפיצים 1968 בעמ,,,"י""ח",275,"ל מ""ל",false,1,19.90,7.24,false,1,
8001090721099,false,טבליות ג'ל לכביסה 3 ב-1 בניחוח אביב הרים,דיפלומט מפיצים (1986) בע`מ,,,"י""ח",28,"י""ח",false,1,32.90,1.18,true,1,
8001090721129,false,אריאל קפסולות גל לכביסה 3ב1 קולור 27 יח,דיפלומט מפיצים (1986) בע`מ,,,"י""ח",28,"י""ח",false,1,32.90,1.18,true,1,
8001090734044,false,אולוויז מגן תחתון גיגה פק לארג' אקסטרה פרוטקט 64 יח',דיפלומט מפיצים (1986) בע`מ,,,"י""ח",78,"י""ח",false,1,19.90,0.26,true,1,
8001090737809,false,אולוויז מגן תחתון סינגל טנגה 36 יחידות,דיפלומט מפיצים (1968) בעמ,,,"י""ח",1,,false,1,17.90,17.90,true,1,
8001090740717,false,מגני תחתון אולוויז נורמל עם ניחוח רענן Fresh Scent,פרוקטר אנד גמבל )ראה קוד,,,"י""ח",76,"י""ח",false,1,19.90,0.26,true,1,
8001090802385,false,קפסולות גל לכביסה טייד בניחוח לנור 26 יח,דיפלומט מפיצים (1986) בע`מ,,,"י""ח",26,"י""ח",false,1,29.90,1.15,false,1,
8001090810281,false,"פנטן שמפו שמן מרוקאי משקם 500 מ""ל",דיפלומט מפיצים 1968 בעמ,,,"י""ח",500,"ל מ""ל",false,1,17.90,3.58,false,1,
8001090832450,false,"שמפו פנטן הנוסחה הקלאסית 660 מ""ל",דיפלומט מפיצים (1986) בע`מ,,,"י""ח",660,"ל מ""ל",false,1,22.90,3.47,false,1,
8001090832535,false,"שמפו פנטן שמן מרוקאי משקם 660 מ""ל",דיפלומט מפיצים (1986) בע`מ,,,"י""ח",660,"ל מ""ל",false,1,22.90,3.47,false,1,
8001090832573,false,שמפו שמן לחות מוגברת 660 מל פנטן,דיפלומט מפיצים (1986) בע`מ,,,"י""ח",660,"ל מ""ל",false,1,22.90,3.47,false,1,
8001090832610,false,שמפו שמן למגע רך כמשי 660 מל פנטן,דיפלומט מפיצים (1986) בע`מ,,,"י""ח",660,"ל מ""ל",false,1,22.90,3.47,false,1,
8001090832696,false,"פנטן שמפו לתלתלים מושלמים 660 מ""ל",דיפלומט מפיצים (1986) בע`מ,,,"י""ח",660,"ל מ""ל",false,1,22.90,3.47,false,1,
8001090832771,false,"פנטן שמפו להזנת קרטין 660 מ""ל",דיפלומט מפיצים (1986) בע`מ,,,"י""ח",660,"ל מ""ל",false,1,22.90,3.47,false,1,
8001090832818,false,מרכך פנטן הנוסחה הקלאסית לשיער רגיל ומעורב,דיפלומט מפיצים (1986) בע`מ,,,"י""ח",660,"ל מ""ל",false,1,22.90,3.47,false,1,
8001090832856,false,"פנטן 660 מ""ל קונדישינר מרוקאי משקם",דיפלומט מפיצים (1986) בע`מ,,,"י""ח",660,"ל מ""ל",false,1,22.90,3.47,false,1,
8001090832894,false,מרכך לשיער חלש ופגום לחות מוגברת,דיפלומט מפיצים (1986) בע`מ,,,"י""ח",660,"ל מ""ל",false,1,22.90,3.47,false,1,
8001090832931,false,"פנטן 660 מ""ל קונדישינר למגע רך כמשי",דיפלומט מפיצים (1986) בע`מ,,,"י""ח",660,"ל מ""ל",false,1,22.90,3.47,false,1,
8001090832979,false,"פנטן 660 מ""ל קונדישינר לתלתלים מושלמים",דיפלומט מפיצים (1986) בע`מ,,,"י""ח",660,"ל מ""ל",false,1,22.90,3.47,false,1,
8001090833051,false,"פנטן 660 מ""ל קונדישינר הזנת קרטין",דיפלומט מפיצים (1986) בע`מ,,,"י""ח",660,"ל מ""ל",false,1,22.90,3.47,false,1,
8001090833136,false,אריאל ג`ל כביסה 2.255 ליטר בייבי,דיפלומט מפיצים (1986) בע`מ,,,"י""ח",2.2550,ליטר,false,1,31.90,14.15,false,1,
8001090833167,false,גל כביסה אריאל בניחוח הרים 2.365 ליטר,דיפלומט מפיצים (1986) בע`מ,,,"י""ח",2.36,ליטר,false,1,31.90,13.52,false,1,
8001090833198,false,אריאל נוזל כביסה 2.47 ליטר ניחוח מרענן,דיפלומט מפיצים (1986) בע`מ,,,"י""ח",2.36,ליטר,false,1,31.90,13.52,false,1,
8001090833228,false,אריאל ג'ל כביסה קולור 2.365 ליטר,דיפלומט מפיצים (1986) בע`מ,,,"י""ח",2.36,ליטר,false,1,31.90,13.52,false,1,
8001090886385,false,לנור כדוריות הבושם בניחוח רענן 140 גרם,דיפלומט מפיצים (1968) בעמ,,,"י""ח",180,"ל מ""ל",false,1,19.90,11.06,false,1,
8001090886460,false,לנור כדוריות הבושם בניחוח אביבי 140 גרם,דיפלומט מפיצים (1968) בעמ,,,"י""ח",140,ל גרם,false,1,19.90,14.21,false,1,
8001090899194,false,תחבושות אולוויז פלטינום נורמל 24 יחידות,דיפלומט מפיצים (1986) בע`מ,,,"י""ח",1,,false,1,19.90,19.90,true,1,
8001090899224,false,תחבושות אולוויז פלטינום לונג 20 יחידות,דיפלומט מפיצים (1986) בע`מ,,,"י""ח",1,,false,1,19.90,19.90,true,1,
8001090899255,false,תחבושות אולוויז פלטינום לילה 16 יחידות,דיפלומט מפיצים (1986) בע`מ,,,"י""ח",1,,false,1,19.90,19.90,true,1,
8001090899286,false,אולוויז תחבושות פלטינום לילה בטוח 14 יח',דיפלומט מפיצים (1986) בע`מ,,,"י""ח",1,,false,1,19.90,19.90,true,1,
8001090943095,false,סבון כלים פעולה אנטי-בקטריאלית אקליפטוס,דיפלומט מפיצים (1968) בעמ,,,"י""ח",1.01,ליטר,false,1,15.90,15.74,true,1,
8001620011935,false,"סן בנדטו- מים מינרלים מוגז - מארז שישיית 500 מ""ל",אקווה מינרלה סאן בנד,,,"י""ח",3,ליטר,false,1,13.90,4.03,true,1,
8001620015612,false,"משקה פירות פרוטה-גזר תפוז לימון 400 מ""ל סאן בנדטו",אקווה מינרלה סאן בנדטו ב,,,"י""ח",40,"ל מ""ל",false,1,6.90,16.50,true,1,
8001620015629,false,"משקה פירות בטעם תפוז ותפוז אדום 400 מ""ל פרוטה",אקווה מינרלה סאן בנדטו ב,,,"י""ח",40,"ל מ""ל",false,1,6.90,16.50,true,1,
8001620015636,false,"משקה פירות פרוטה-מיקס פירות 400 מ""ל סאן בנדטו",אקווה מינרלה סאן בנדטו ב,,,"י""ח",40,"ל מ""ל",false,1,6.90,16.50,true,1,
8001620018408,false,"משקה פירות בטעם מנגו תפוח 400 מ""ל פרוטה",אקווה מינרלה סאן בנדטו ב,,,"י""ח",40,"ל מ""ל",false,1,6.90,16.50,true,1,
8001620019160,false,"סן בנדטו מים מינרלים בטעם אפרסק 500 מ""ל",אקווה מינרלה סאן בנדטו ב,,,"י""ח",40,"ל מ""ל",false,1,5.90,14,false,1,
8001620019177,false,"סן בנדטו מים מינרלים בטעם ענבים 500 מ""ל",אקווה מינרלה סאן בנדטו ב,,,"י""ח",40,"ל מ""ל",false,1,5.90,14,false,1,
8001841019291,false,קפסולות לכביסה בניחוח לנור אריאל 16 יחידות,דיפלומט מפיצים (1968) בעמ,,,"י""ח",16,"י""ח",false,1,21.90,1.37,false,1,
8001841053684,false,תחבושות אולוויז עבה לונג פלוס 12 יחידות,פרוקטר אנד גמבל )ראה קוד,,,"י""ח",1,,false,1,12.90,12.90,false,1,
8001841053806,false,תחבושות היגייניות אולוויז מקסי עבה לילה,דיפלומט מפיצים (1968) בעמ,,,"י""ח",1,,false,1,12.90,12.90,false,1,
8001841096889,false,"נוזל לניקוי כלים לימון קלאסי 900 מ""ל",דיפלומט מפיצים (1968) בעמ,,,"י""ח",900,"ל מ""ל",false,1,9.90,1.10,true,1,
8001841137179,false,קונדישינר הד&שולדרס הנוסחה הקלאסית 275מל,דיפלומט מפיצים (1986) בע`מ,,,"י""ח",275,"ל מ""ל",false,1,19.90,7.24,false,1,
8001841410524,false,"הד שולדרס שמפו קוקוס 600מ""ל",דיפלומט מפיצים (1968) בעמ,,,"י""ח",600,"ל מ""ל",false,1,24.90,4.15,false,1,
8001841427126,false,מגן תחתון אולוויז מגה פק פרו פרש נורמל 64 יחי,דיפלומט מפיצים (1986) בע`מ,,,"י""ח",80,"י""ח",false,1,23.90,0.30,true,1,
8001841625188,false,סבון כלים פלטינום לימון X3 פעולות להסרת שומנים,דיפלומט מפיצים (1986) בע`מ,,,"י""ח",500,"ל מ""ל",false,1,9.90,1.98,false,1,
8001841625287,false,סבון כלים פלטינום לימון X3 פעולות להסרת שומנים,דיפלומט מפיצים (1968) בעמ,,,"י""ח",1.01,ליטר,false,1,15.90,15.74,true,1,
8001841625362,false,"נוזל כלים בניחוח לימון פלטינום 780 מ""ל פיירי",דיפלומט מפיצים (1968) בעמ,,,"י""ח",780,"ל מ""ל",false,1,14.90,1.91,true,1,
8001841625508,false,"נוזל כלים פיירי פלטינום אורגינל 1.015 ליטר בד""צ",דיפלומט מפיצים (1968) בעמ,,,"י""ח",1.01,ליטר,false,1,15.90,15.74,true,1,
8001841660530,false,קרם לחות מינרלס במבוק + חלבון משקם לשיער ארוך,דיפלומט מפיצים (1968) בעמ,,,"י""ח",270,"ל מ""ל",false,1,17.90,6.63,false,1,
8001841669465,false,קפסולות לכביסה אריאל בניחוח לנור 24 יחידות,דיפלומט מפיצים (1986) בע`מ,,,"י""ח",24,"י""ח",false,1,32.90,1.37,true,1,
8001841669519,false,קפסולות לכביסה ALL IN ONE אריאל 55 יחידות,דיפלומט מפיצים (1986) בע`מ,,,"י""ח",55,"י""ח",false,1,59.90,1.09,true,1,
8001841680989,false,מגן תחתון אולוויז מגה פק פרו פרש לארג' 60 יחי,דיפלומט מפיצים (1968) בעמ,,,"י""ח",80,"י""ח",false,1,23.90,0.30,true,1,
8001841715957,false,"ג'ל רחצה ושמפו ניקוי אינטנסיסי האד אנד שולדרס 360 מ""ל",דיפלומט מפיצים (1968) בעמ,,,"י""ח",500,"ל מ""ל",false,1,19.90,3.98,false,1,
8001841716596,false,"ג'ל רחצה ושמפו מרענן האד אנד שולדרס 360 מ""ל",דיפלומט מפיצים (1986) בע`מ,,,"י""ח",500,"ל מ""ל",false,1,19.90,3.98,false,1,
8002200141837,false,קפה קימבו נאופלי אלומינ עוצמה 10 - 10 קפ,טמפו משקאות בעמ,,,"י""ח",50,ל גרם,false,1,15.90,31.80,true,1,
8002200143206,false,קפה קימבו ריסטרטו אלומינ עוצמה 12 -10 קפ,טמפו משקאות בעמ,,,"י""ח",50,ל גרם,false,1,15.90,31.80,true,1,
8002200143213,false,קפה קימבו בריסטה אלומינ עוצמה 9 - 10 קפ,טמפו משקאות בעמ,,,"י""ח",50,ל גרם,false,1,15.90,31.80,true,1,
8002205319835,false,מזון לחתולים בוגרים בטעם סלמון פורינה ONE,קבוצת אוסם סחר-שות.מוגבלת,,,"י""ח",800,ל גרם,false,1,43.10,5.39,true,1,
8002270206818,false,"משקה תפוז מוגז *2004מ""ל סן פליגרינו",טמפו משקאות בעמ,,,"י""ח",80,"ל מ""ל",false,1,20.90,24.63,false,1,
8002270206832,false,משקה תפוזים מוגז אורגני סן פליגרינו 20,טמפו משקאות בעמ,,,"י""ח",200,"ל מ""ל",false,1,5.50,2.60,false,1,
8002270226816,false,"משקה לימון מוגז *2004מ""ל סן פליגרינו",טמפו משקאות בעמ,,,"י""ח",80,"ל מ""ל",false,1,20.90,24.63,false,1,
8002270226823,false,משקה לימון מוגז אורגני סן פליגרינו 200,טמפו משקאות בעמ,,,"י""ח",200,"ל מ""ל",false,1,5.50,2.60,false,1,
8002270236792,false,אסנזה משקה מוגז בטעם לימון גרידת לימון- שישייה,סן פלגרינו San Pellegrino,,,"י""ח",3,ליטר,false,1,29.90,9.37,true,1,
8002270256790,false,"שישייה סן פלגרינו אסנזה תפוז אדום 500 מ""ל",סן פלגרינו San Pellegrino,,,"י""ח",3,ליטר,false,1,29.90,9.37,true,1,
8002450203002,false,"משקה כהלי ורדי רימונים ספרקלטיני 750מ"".",הכרם - משקאות חריפים בעמ,,,"י""ח",750,"ל מ""ל",false,1,26.20,3.45,true,1,
8002450204009,false,משקה כהלי וורדי רספברי אפרסק,הכרם - משקאות חריפים בעמ,,,"י""ח",1,,false,1,26.20,26.20,true,1,
8002450205006,false,"משקה כהלי וורדי תות ספרקלטיני 750מ""ל",הכרם - משקאות חריפים בעמ,,,"י""ח",750,"ל מ""ל",false,1,26.20,3.45,true,1,
8003440997833,false,מסטיק פיור פרש 100 יח בשקית בטעם פירות מנטה,פרפטי ואן מלה ברדה,,,"י""ח",100,"י""ח",false,1,19.90,0.20,false,1,
8003440997871,false,מסטיק מנטוס פיור פרש אריזה 100יח טעם תות,פרפטי ואן מלה ברדה,,,"י""ח",100,"י""ח",false,1,19.90,0.20,false,1,
8004030022010,false,ירקות גינה עם טונה ריו מרה אינסלטיסימי 160 ג',"בולטון אלימנטרי בע""\מ",,,"י""ח",160,ל גרם,false,1,15.90,9.94,false,1,
8004030026018,false,"מקסיקני עם טונה ריו מרה אינסלטיסימי, 160 ג'","בולטון אלימנטרי בע""\מ",,,"י""ח",160,ל גרם,false,1,15.90,9.94,false,1,
8004030044005,false,נתחי טונה בהירה בשמן זית ריו מרה 112גרם,"בולטון אלימנטרי בע""\מ",,,"י""ח",160,ל גרם,false,1,17.90,11.19,false,1,
8004030102033,false,טונה בשמן זית עם מיץ לימון ופלפל שחור - מארז 3 יח',בולטון אלימנטרי,,,"י""ח",240,ל גרם,false,1,24.90,10.38,false,1,
8004030177000,false,טונה בשמן זית וצ'ילי ריו מרה מארז 80X3 גר',ש. שסטוביץ בע`מ,,,"י""ח",240,ל גרם,false,1,24.90,10.38,false,1,
8004030344938,false,"ריו מרה טונה בשמן זית 3X80 גרם מתכון חדש כשל""פ","בולטון אלימנטרי בע""\מ",,,"י""ח",240,ל גרם,false,1,24.90,10.38,false,1,
8004030381681,false,ריו מרה נתחי טונה בהירה בשמן זית זוג 160 גר,ש. שסטוביץ בע`מ,,,"י""ח",320,ל גרם,false,1,29.90,9.34,false,1,
8004800000064,false,לאגו פלאסיר- גלילי ופל קרם קקאו בציפוי ש.חלב - 100 ג',תה ויסוצקי (ישראל) בעמ,,,"י""ח",100,ל גרם,false,1,11.90,11.90,true,1,
8004800000071,false,לאגו פלאסיר- גלילי ופל במילוי קרם אגוזי לוז שוקולד חלב - 100 ג',תה ויסוצקי (ישראל) בעמ,,,"י""ח",100,ל גרם,false,1,11.90,11.90,true,1,
8004800004802,false,לאגו פלאסיר גליליוופל קרם דומדמניות 100 גרם,תה ויסוצקי (ישראל) בעמ,,,"י""ח",100,ל גרם,false,1,11.90,11.90,true,1,
8004800004819,false,לאגו פלאסיר גלילי וופל קרם פסיפלורה 100 גרם,תה ויסוצקי (ישראל) בעמ,,,"י""ח",100,ל גרם,false,1,11.90,11.90,true,1,
8004800005519,false,וופל רול גלילי במילוי קרם אגוזי לוז- 125 ג' לאגו,תה ויסוצקי (ישראל) בעמ,,,"י""ח",125,ל גרם,false,1,9.90,7.92,true,1,
8004800005526,false,וופל מיני רול גלילי ופל במילוי קרם קוקוס- 125 ג' לאגו,תה ויסוצקי (ישראל) בעמ,,,"י""ח",125,ל גרם,false,1,9.90,7.92,true,1,
8005110001413,false,מארז זוג רוטב עגבניות 140ג MUTTI,רסטרטו יבוא ושיווק בעמ,,,"י""ח",140,ל גרם,false,1,9.90,7.07,false,1,
8005110002243,false,רכז עגבניות Doppio Concentr בשפופרת 185 ג' MUTTI,רסטרטו יבוא ושיווק בעמ*אין החז,,,"י""ח",200,ל גרם,false,1,8.90,4.45,false,1,
8005110170300,false,עגבניות מרוסקות חתוכות מוטי MUTTI שלישיה *400,רסטרטו יבוא ושיווק בעמ*אין החז,,,"י""ח",400,ל גרם,false,1,18.90,4.73,false,1,
8005110171215,false,עגבניות חתוכות 690 POLPAPEZZI ג' (כחול) MUTTI,רסטרטו יבוא ושיווק בעמ,,,"י""ח",690,ל גרם,false,1,14.90,2.16,false,1,
8005110200014,false,רסק עגבניות 210 ג' CONCENTRATO MUTTI,רסטרטו יבוא ושיווק בעמ,,,"י""ח",200,ל גרם,false,1,7.90,3.95,false,1,
8005110551253,false,רוטב לפיצה להכנת פיצה איטלקית קלאסית,רסטרטו יבוא ושיווק בעמ*אין החז,,,"י""ח",400,ל גרם,false,1,9.90,2.48,false,1,
8005200256587,false,נסטי - תה קר בטעם אפרסק 1.5 ליטר,פארייפאבה אגרואינדוס,,,"י""ח",1.50,ליטר,false,1,8.50,5.47,true,1,
8005200286584,false,תה קר נסטי מנגו אננס 1.5 ליטר פיקדון,פארייפאבה אגרואינדוס,,,"י""ח",1.50,ליטר,false,1,8.50,5.47,true,1,
8005200316588,false,תה קר נסטי אפרסק דיאט 1.5 ליטר פיקדון,פארייפאבה אגרואינדוס,,,"י""ח",1.50,ליטר,false,1,8.50,5.47,true,1,
8005803010357,false,גריסיני קלאסי - מקלות אפויים עם שמן זית ומלח,ליימן שליסל בע`מ,,,"י""ח",125,ל גרם,false,1,7.90,6.32,true,1,
8005803010371,false,"גריסיני רוזמרין - מקלות אפויים עם שמן זית, מלח ורוזמרין",ליימן שליסל בע`מ,,,"י""ח",125,ל גרם,false,1,7.90,6.32,true,1,
8006540091906,false,לנור כדוריות הבושם בניחוח אריאל 140 גרם,פטר קרמר עבור פרוקטור אנ,,,"י""ח",140,ל גרם,false,1,19.90,14.21,false,1,
8006540091937,false,לנור כדוריות הבושם בניחוח אריאל 210 גרם,פטר קרמר עבור פרוקטור אנ,,,"י""ח",210,ל גרם,false,1,33.90,16.14,false,1,
8006540112793,false,"מרכך כביסה מרוכז בניחוח יסמין לנור 900 מ""ל",דיפלומט מפיצים (1986) בע`מ,,,"י""ח",900,"ל מ""ל",false,1,15.90,1.77,true,1,
8006540112823,false,"לנור מרכך כביסה מרוכז בניחוח האוקיינוס 900 מ""ל",דיפלומט מפיצים (1968) בעמ,,,"י""ח",900,"ל מ""ל",false,1,15.90,1.77,true,1,
8006540112854,false,"מרכך כביסה מרוכז בניחוח סחלב לנור 900 מ""ל",דיפלומט מפיצים (1986) בע`מ,,,"י""ח",900,"ל מ""ל",false,1,15.90,1.77,true,1,
8006540163986,false,אריאל קפסולות לכביסה 35 יח`,דיפלומט מפיצים (1968) בעמ,,,"י""ח",35,"י""ח",false,1,44.90,1.28,false,1,
8006540404850,false,דיסקריט תחבושות לבריחת שתן לונג 10 יח,דיפלומט מפיצים (1968) בעמ,,,"י""ח",1,,false,1,19.90,19.90,false,1,
8006540404898,false,אולוויז דיסקריט לבריחת שתן לונג פלוס 8יח,דיפלומט מפיצים (1968) בעמ,,,"י""ח",1,,false,1,19.90,19.90,false,1,
8006540404935,false,אולוויז דיסקריט לבריחת שתן נורמל 12 יח,דיפלומט מפיצים (1968) בעמ,,,"י""ח",1,,false,1,19.90,19.90,false,1,
8006540405031,false,דיסקריט תחבושות לבריחת שתן סמול פלוס 16,דיפלומט מפיצים (1968) בעמ,,,"י""ח",1,,false,1,19.90,19.90,false,1,
8006540405062,false,תחבושות אולוויז דיסקרט סמול 20יח,דיפלומט מפיצים 1968 בעמ,,,"י""ח",1,,false,1,19.90,19.90,false,1,
8006540425930,false,אריאל קפסולות לכביסה ג'ל 24 יח' לכתמים קשים,דיפלומט מפיצים (1986) בע`מ,,,"י""ח",24,"י""ח",false,1,32.90,1.37,false,1,
8006540452110,false,אולוייז עבה נורמל 16יח,דיפלומט מפיצים 1968 בעמ,,,"י""ח",1,,false,1,12.90,12.90,false,1,
8006540468081,false,טמפקס קומפאק סופר פלוס 18יח,דיפלומט מפיצים 1968 בעמ,,,"י""ח",1,,false,1,26.90,26.90,false,1,
8006540491539,false,"נוזל כלים פיירי פלטינום אוריגינל 780 מ""ל",דיפלומט מפיצים (1986) בע`מ,,,"י""ח",780,"ל מ""ל",false,1,14.90,1.91,true,1,
8006540495186,false,לנור מרכך כביסה מרוכז רגיש בייבי 900 מל,דיפלומט מפיצים (1986) בע`מ,,,"י""ח",900,"ל מ""ל",false,1,15.90,1.77,true,1,
8006540495216,false,"לנור מרכך כביסה מרוכז בניחוח אמאטיסט 900 מ""ל",דיפלומט מפיצים (1968) בעמ,,,"י""ח",900,"ל מ""ל",false,1,15.90,1.77,true,1,
8007178120310,false,"חומץ בלסמי 500 מ""ל (דיפלומט)",דיפלומט מפיצים (1968) בעמ**,,,"י""ח",500,"ל מ""ל",false,1,21.90,4.38,false,1,
8008660210014,false,מעדן משמש מנז אנד גאסר ויסוצקי 300 גרם,תה ויסוצקי (ישראל) בעמ,,,"י""ח",300,ל גרם,false,1,14.90,4.97,true,1,
8008660210021,false,מעדן ריבה מנץ אנד גאססר דובדבן 300 גר,תה ויסוצקי (ישראל) בעמ,,,"י""ח",300,ל גרם,false,1,14.90,4.97,true,1,
8008743002536,false,שוקולד מטבעות ברשת 5,שוקוטרייד בעמ,,,"י""ח",500,ל גרם,false,1,4.90,0.98,false,1,
8008743015611,false,מכוניות פרצופים ברשת 85ג,שוקוטרייד בעמ,,,"י""ח",85,ל גרם,false,1,8.90,10.47,false,1,
8008743026389,false,פרלי דובדבן בליקר 450ג,שוקוטרייד בעמ,,,"י""ח",400,ל גרם,false,1,29.90,7.48,false,1,
8008743038993,false,פרלינים מעורב 450ג,שוקוטרייד בעמ,,,"י""ח",450,ל גרם,false,1,25.90,5.76,false,1,
8008743048824,false,פרלינים לייקה דובדבן,שוקוטרייד בעמ,,,"י""ח",90,ל גרם,false,1,9.90,11,false,1,
8008743055266,false,פרלינים לייקה שוקולד,שוקוטרייד בעמ,,,"י""ח",90,ל גרם,false,1,9.90,11,false,1,
8008743055334,false,פרלינים לייקה שוקולד,שוקוטרייד בעמ,,,"י""ח",90,ל גרם,false,1,9.90,11,false,1,
8008743055341,false,פרלי אגוז שקית 90ג,שוקוטרייד בעמ,,,"י""ח",90,ל גרם,false,1,9.90,11,false,1,
8008912010034,false,ליגורי- ספגטי מספר 3 500גר,תה ויסוצקי (ישראל)בעמ,,,"י""ח",500,ל גרם,false,1,7.90,1.58,true,1,
8008912010072,false,ליגורי- לינגוויני מספר 7 500גר,תה ויסוצקי (ישראל)בעמ,,,"י""ח",500,ל גרם,false,1,7.90,1.58,true,1,
8008912010300,false,LIGUORI פסטה פרפלה 500 גרם מספר 30,תה ויסוצקי (ישראל)בעמ,,,"י""ח",500,ל גרם,false,1,7.90,1.58,true,1,
8008912010317,false,פסטה פוזילי מס (31 500 גר`)ליגורי,תה ויסוצקי (ישראל) בעמ,,,"י""ח",500,ל גרם,false,1,7.90,1.58,true,1,
8008912010423,false,פסטה פנה ריגטה מס (42 500 גר`)ליגורי,תה ויסוצקי (ישראל) בעמ,,,"י""ח",500,ל גרם,false,1,7.90,1.58,true,1,
8008940225004,false,גנדולה עוגיות קקאו אורגניות 350 גרם,גנדולה ביסקוטי,,,"י""ח",250,ל גרם,false,1,16.90,6.76,false,1,
8008940228005,false,גנדולה עוגיות כוסמין אורגניות 350 גרם,תות תעשיות מזון (201,,,"י""ח",250,ל גרם,false,1,16.90,6.76,false,1,
8009470009348,false,(סימבה פאוץ בשר 100 גרם(9345,נאמן לאורך זמן בעמ,,,"י""ח",100,ל גרם,false,1,5.50,5.50,false,1,
8009470009355,false,סימבה פאוץ עוף 100 גר`,נאמן לאורך זמן בעמ,,,"י""ח",100,ל גרם,false,1,5.50,5.50,false,1,
8009470009362,false,(סימבה פאוץ דג 100 גרם(9369,נאמן לאורך זמן בעמ,,,"י""ח",100,ל גרם,false,1,5.50,5.50,false,1,
8009470009379,false,(סימבה פאוץ סלמון 100 גרם(9376,נאמן לאורך זמן בעמ,,,"י""ח",100,ל גרם,false,1,5.50,5.50,false,1,
8010024006003,false,חמאת שקדים 100% 250 גרם השקד,נטורפוד בעמ,,,"י""ח",250,ל גרם,false,1,32.90,13.16,false,1,
8011033011279,false,קוסקוס אמיתי 1 קג מר,דין שיווק וקליה 2021 בעמ,,,"י""ח",1,"ק""ג",false,1,11.90,11.90,false,1,
8013399145278,false,דיאטורל סוכריות סטיביה ליקוריץ רך 70 גרם,גורי מוצרי צריכה בעמ,,,"י""ח",50,ל גרם,false,1,10,20,false,1,
8024985006309,false,נטורה נובה סמוזי מנגו רביעייה 100 גרם,נטורפוד בעמ,,,"י""ח",400,ל גרם,false,1,21.90,5.48,false,1,
8032793344520,false,תרכיז עגבניות רסק עגבניות מרוכז מאוד,גורי מוצרי צריכה (1991) בעמ,,,"י""ח",200,ל גרם,false,1,7.90,3.95,true,1,
8032804430853,false,"טליאטלה אורז מלא לל""ג אורגני פליסיה 250",נטורפוד בעמ,,,"י""ח",250,"ל מ""ל",false,1,15.90,6.36,false,1,
8032880800243,false,פיקניק הפתעה - אגוזי לוז ומקלות אפויים,"הוסטה איטליה, ס.ר.ל.",,,"י""ח",50,ל גרם,false,1,7.40,14.80,true,1,
8032880800472,false,סטנד פיקניק הפתעה 50 גרם,ליימן שליסל,,,"י""ח",50,ל גרם,false,1,7.40,14.80,false,1,
8056646800124,false,"צנונית ארוזה חו""ל יחידה",ביכורי השדה צפון 1994 ג.ד. בעמ,,,"י""ח",1,,false,1,7.90,7.90,false,1,
8076800105988,false,ברילה פוזילי בקופסה 1 קג,ברילה גי.אי.אר פרטלי ס.פ,,,"י""ח",1,"ק""ג",false,1,12.90,12.90,true,1,
8076800195033,false,ברילה - צ.א ספגטיני מס3 חדש 500 גרם,ברילה גי.אי.אר פרטלי ס.פ,,,"י""ח",500,ל גרם,false,1,6.90,1.38,false,1,
8076800195057,false,ברילה - צ.א ספגטי מס5 חדש 500 גרם,ברילה גי.אי.אר פרטלי ס.פ,,,"י""ח",500,ל גרם,false,1,6.90,1.38,false,1,
8076802085738,false,ברילה - צ.ק פנה רגטה חדש 500 גרם,ברילה גי.אי.אר פרטלי ס.פ,,,"י""ח",500,ל גרם,false,1,6.90,1.38,false,1,
8076802085936,false,ברילה פסטה צ.ק. קונצילה ריגטה חדש,ברילה גי.אי.אר פרטלי ס.פ,,,"י""ח",500,ל גרם,false,1,6.90,1.38,false,1,
8076802085981,false,ברילה - צ.ק פוזילי חדש 500 גרם,ברילה גי.אי.אר פרטלי ס.פ,,,"י""ח",500,ל גרם,false,1,6.90,1.38,false,1,
8076808060654,false,פסטה פרפלה מספר 65 ברילה 500 גרם,ברילה גי.אי.אר פרטלי ס.פ,,,"י""ח",500,ל גרם,false,1,6.90,1.38,false,1,
8076808070882,false,קנלוני מספר 88 ברילה (250 גרם),פאסטיפיקו ריגו אס.אר,,,"י""ח",500,ל גרם,false,1,14.90,2.98,false,1,
8076808150072,false,ברילה - צ.א ספגטוני מס7 חדש 500 גרם,ברילה גי.אי.אר פרטלי ס.פ,,,"י""ח",500,ל גרם,false,1,6.90,1.38,false,1,
8076809512268,false,פסטה גירנדולה טורסדס מספר 34 ברילה 500 גרם,ברילה גי.אי.אר פרטלי ס.פ,,,"י""ח",500,ל גרם,false,1,6.90,1.38,false,1,
8076809513654,false,בסיס רוטב עגבניות לבולונז 400 גרם ברילה,ברילה גי.אי.אר פרטלי ס.פ,,,"י""ח",400,ל גרם,false,1,14.90,3.73,true,1,
8076809513692,false,רוטב עגבניות נפולטנה בתוספת ירקות,ברילה גי.אי.אר פרטלי ס.פ,,,"י""ח",400,ל גרם,false,1,14.90,3.73,true,1,
8076809513739,false,ברילה רוטב עגבניות עם בזיליקום 400 גרם,ברילה גי.אי.אר פרטלי ס.פ,,,"י""ח",400,ל גרם,false,1,14.90,3.73,true,1,
8076809519977,false,ברילה אורקייטה 500 גר`ברילה,ברילה גי.אי.אר פרטלי ס.פ,,,"י""ח",500,ל גרם,false,1,13.90,2.78,false,1,
8076809523707,false,פסטה קסטלנה ברילה 500 גר,ברילה גי.אי.אר פרטלי ס.פ,,,"י""ח",500,ל גרם,false,1,13.90,2.78,false,1,
8076809523714,false,איטריות טליאטלה ברילה 500 גרם,"ש. שסטוביץ בע""\מ",,,"י""ח",500,ל גרם,false,1,24.90,4.98,false,1,
8076809523738,false,דפי לזניה ברילה 500 גרם,ברילה גי.אי.אר פרטלי ס.פ,,,"י""ח",500,ל גרם,false,1,24.90,4.98,false,1,
8076809545440,false,ספגטי מספר 5 ללא גלוטן ברילה (400 גרם),ברילה ג'.אי.אר פרטלי,,,"י""ח",500,ל גרם,false,1,14.90,2.98,false,1,
8076809545464,false,ברילה פסטה ללא גלוטן צורת ספירלי 400 גר,מולינו אנדריאני אס.א,,,"י""ח",500,ל גרם,false,1,14.90,2.98,false,1,
8076809576352,false,ברילה לזניה ללא גלוטן 250 גר`כשלפ,ברילה גי.אי.אר פרטלי,,,"י""ח",250,ל גרם,false,1,24.90,9.96,false,1,
8121300208780,false,טרוביה תחליף סוכר לכל מטרה 360 גרם,גורי ע.ע.ע. בעמ,,,"י""ח",360,"ל מ""ל",false,1,34.90,9.69,true,1,
8410076600622,false,חטיפי גרנולה קראנצ'י עם שוקולד מריר נייצ'ר ואלי 210 גרם,ג'נרל מילס סאן אדריאן,,,"י""ח",210,ל גרם,false,1,19.90,9.48,true,1,
8410076620354,false,נ.וואלי נאט קרים שיבולת שועל וחמאת בוטני,"סרלטו סינטרה מזון בע""מ",,,"י""ח",210,ל גרם,false,1,19.90,9.48,true,1,
8410076620507,false,נייטשר ואלי נאט קרים שיבולת שועל אגוזי לוז וקקאו,"סרלטו סינטרה מזון בע""\מ",,,"י""ח",210,ל גרם,false,1,19.90,9.48,true,1,
8410104045111,false,"פיניש מלח למדיח כלים 2ק""ג",רקיט בנקיזר (ניר איסט) בעמ,,,"י""ח",1,"י""ח",false,1,14.90,14.90,false,1,
8410104437268,false,מפיג ריח רגיל למדיח פיניש 1 יחידה,רקיט בנקיזר (ניר איסט) בעמ,,,"י""ח",27,ל גרם,false,1,14.90,55.19,true,1,
8410128785734,false,משקה סויה ויוה סוי בריסטה 1 ליטר.,טמפו משקאות בעמ,,,"י""ח",1,ליטר,false,1,11.90,11.90,true,1,
8410644611210,false,יין קאווה איבריקה לבן חצי יבש Cava Iberica,טמפו משקאות בע`מ,,,"י""ח",750,"ל מ""ל",false,1,29.90,3.95,true,1,
8412168002543,false,מחייה 13 רוזטה משקה כוהלי בטעם שקדים,אגודת הכורמים בעמ,,,"י""ח",700,"ל מ""ל",false,1,59.90,8.51,true,1,
8412300801072,false,"ניוואה קרם רב שימושי 400 מ""ל",אלפא- ב.ד.ף בעמ,,,"י""ח",400,"ל מ""ל",false,1,39.90,9.98,false,1,
8412497913992,false,"בקבוק פלסטיק גדול 600מ""ל פרוזן",שמחה זה אנחנו,,,"י""ח",1,,false,1,29.90,29.90,false,1,
8413376022965,false,גבינת עיזים רכה 29% ויליפוד 110 גרם,ג.וילי-פוד אינטרנשיונל **גבינו,,,"י""ח",110,ל גרם,false,1,14.90,13.55,false,1,
8413376024839,false,גבינת עיזים רכה עם עשבי תיבול 29% ויליפוד 110 גרם,ג.וילי-פוד אינטרנשיונל **גבינו,,,"י""ח",110,ל גרם,false,1,14.90,13.55,false,1,
8420822130600,false,"ספריי סופר מסיר שומנים 750מ""ל יעקבי","יעקב יעקבי ובניו בע""מ",,,"י""ח",750,ל גרם,false,1,15.90,2.12,true,1,
8420822130624,false,"ספריי סופר מסיר כתמים 750מ""ל יעקבי","יעקב יעקבי ובניו בע""מ",,,"י""ח",750,ל גרם,false,1,15.90,2.12,false,1,
8422443005213,false,יין המרכבה גראנד סלקשיין ק.סוביניון,היכל היין שקד גולן בעמ,,,"י""ח",750,"ל מ""ל",false,1,34.90,4.61,true,1,
8423207206488,false,סלים דליס חטיף דגנים מצופה שוקולד חלב מרבה 6*20 גרם,אף.סי תבליני בגליל ב,,,"י""ח",283,ל גרם,false,1,12.90,4.56,true,1,
8423207207362,false,חטיפי סלים דליס שוקולד לבן מרבה 6 יחידות,ביסנצ'ורי אס.אל.יו,,,"י""ח",120,ל גרם,false,1,12.90,10.75,true,1,
8423207208680,false,חטיף דגנים שוקולד סלים דליס לילדים מרבה 6 יחידות,ביסנצ'ורי אס.אל.יו,,,"י""ח",283,ל גרם,false,1,12.90,4.56,true,1,
8423207208697,false,חטיפי סלים דליס לילדים שוקולד לבן מרבה 6 יחידות,ביסנצ'ורי אס.אל.יו,,,"י""ח",283,ל גרם,false,1,12.90,4.56,true,1,
8423207208703,false,חטיפי סלים דליס שוקולד מריר מרבה 6 יחידות,ביסנצ'ורי אס.אל.יו,,,"י""ח",283,ל גרם,false,1,12.90,4.56,true,1,
8423207209885,false,מרבה חטיפי סלים דליס מהדורה מיוחדת שוקולד חלב,סלים דליס Slim Delis,,,"י""ח",283,ל גרם,false,1,12.90,4.56,true,1,
8424842050016,false,צ'יפס בטעם כמהין 125 גרם רביו,א. סיימן סחר בעמ,,,"י""ח",125,ל גרם,false,1,12.90,10.32,true,1,
8424842050030,false,צ'יפס בטעם מלח הימלאי 125 גרם רביו,א. סיימן סחר בעמ,,,"י""ח",125,ל גרם,false,1,12.90,10.32,true,1,
8424842050085,false,צ'יפס בטעם חרדל ודבש 125 גרם רביו,א. סיימן סחר בעמ,,,"י""ח",125,ל גרם,false,1,12.90,10.32,true,1,
8424842201340,false,צ'יפס בטעם מסורתי פרימיום 130 גרם רביו,א. סיימן סחר בעמ,,,"י""ח",130,ל גרם,false,1,12.90,9.92,true,1,
8425206000081,false,ריבת חלב מרדל 450 גרם,גורי מוצרי צריכה (1991) בעמ,,,"י""ח",1,,false,1,19.90,19.90,false,1,
8425206000272,false,מרדל סירופ בטעם ריבת חלב 550 ג',גורי מוצרי צריכה בעמ,,,"י""ח",450,ל גרם,false,1,20.90,4.64,false,1,
8435495805106,false,"ביומט אבקת כביסה בניחוח רענן 5ק""ג",ליימן שליסל בעמ,,,"י""ח",5,"ק""ג",false,1,33.90,6.78,true,1,
8435495805168,false,"תינוקלין לכביסה לעור רגיש אולימפיק 1.25ק""ג",מולינו ניקולי s.p.a,,,"י""ח",1.25,"ק""ג",false,1,24.90,19.92,false,1,
8435495805199,false,אבקת כביסה תינוקלין- 66 כביסות (3 קג),מולינו ניקולי s.p.a,,,"י""ח",3,"ק""ג",false,1,43.90,14.63,false,1,
8445290427120,false,דגני פיטנס Fitness שוקולד מריר ובננה,קבוצת אוסם סחר שותפות מוגבלת,,,"י""ח",330,ל גרם,false,1,22.90,6.94,true,1,
8606018615827,false,גלידת וניל עם שברי עוגיות אוראו 480 גרם,נגה גלידות שותפות מוגבלת,,,"י""ח",480,ל גרם,false,1,21.90,4.56,false,1,
8606018615865,false,פיינט מילקה קרמל ליבת שוקולד 480 גרם,נגה גלידות שותפות מוגבלת,,,"י""ח",480,ל גרם,false,1,21.90,4.56,false,1,
8680913060685,false,קופסת איחסון.,שפע טוב סנטר בעמ,,,"י""ח",10,"י""ח",false,1,13.90,1.39,false,1,
8680913060692,false,קופסת איחסון,שפע טוב סנטר בעמ,,,"י""ח",10,"י""ח",false,1,9.90,0.99,false,1,
8683130008355,false,מיונז שום לחיץ אמיתי הלמנס 400 גרם,יוניליוור ישראל שיווק בע`מ,,,"י""ח",400,ל גרם,false,1,13.90,3.48,false,1,
8683130008935,false,"הלמנס קטשיונז 425 גר{הרב רלב""ג}",יוניליוור ישראל שיווק בע`מ,,,"י""ח",425,ל גרם,false,1,13.90,3.27,false,1,
8683130025574,false,"מרכך כביסה מרוכז אקסטרה לבנדר בדין 960 מ""ל",יוניליוור ישראל שיווק בע`מ,,,"י""ח",960,"ל מ""ל",false,1,15.90,1.66,true,1,
8683130025581,false,"מרכך כביסה מרוכז אקסטרה ענבר בדין 960 מ""ל",יוניליוור ישראל שיווק בע`מ,,,"י""ח",960,"ל מ""ל",false,1,15.90,1.66,true,1,
8683323063024,false,יוגטה שטיחים בטעם תותי פרוטי 220 גרם,ליימן שליסל בע`מ,,,"י""ח",220,ל גרם,false,1,7.90,3.59,true,1,
8686868600037,false,המותג אביזרי שיער,אל האופק שיווק וסחר,,,"י""ח",1,,false,1,5.90,5.90,false,1,
8686868600051,false,המותג אביזרי שיער,אל האופק שיווק וסחר,,,"י""ח",1,,false,1,7.90,7.90,false,1,
8686868600068,false,אביזרי שיער סרטים וקשתות,אל האופק שיווק וסחר,,,"י""ח",1,,false,1,8.90,8.90,false,1,
8686868600075,false,אביזרי שיער סיכות פפיון גדולות,אל האופק שיווק וסחר,,,"י""ח",1,,false,1,9.90,9.90,false,1,
8686868600099,false,המותג אביזרי שיער,אל האופק שיווק וסחר,,,"י""ח",1,,false,1,11.90,11.90,false,1,
8686868600105,false,אביזרי שיער מברשות ה,אל האופק שיווק וסחר,,,"י""ח",1,,false,1,12.90,12.90,false,1,
8686868600129,false,המותג אביזרי שיער,אל האופק שיווק וסחר,,,"י""ח",1,,false,1,12.90,12.90,false,1,
8686868600136,false,המותג אביזרי שיער,אל האופק שיווק וסחר,,,"י""ח",1,,false,1,15.90,15.90,false,1,
8686868600150,false,המותג אביזרי שיער,אל האופק שיווק וסחר,,,"י""ח",1,,false,1,17.90,17.90,false,1,
8686868600174,false,המותג אביזרי שיער,אל האופק שיווק וסחר,,,"י""ח",1,,false,1,19.90,19.90,false,1,
8686868600235,false,אביזרי מניקור טל טל,אל האופק שיווק וסחר,,,"י""ח",1,,false,1,12.90,12.90,false,1,
8690504081913,false,מקוויטיס טינס מצופה שוקולד חלב 150 גרם,תה ויסוצקי (ישראל) בעמ,,,"י""ח",150,ל גרם,false,1,9.90,6.60,true,1,
8690504081920,false,מקוויטיס טינס מצופה שוקולד מריר 150 גרם,"אולקר ביסקווי סנאי, א.ס.",,,"י""ח",150,ל גרם,false,1,9.90,6.60,true,1,
8690504081937,false,מקוויטיס טינס שוקולד חלב וקפוצינו 150 גר,תה ויסוצקי (ישראל) בעמ,,,"י""ח",150,ל גרם,false,1,9.90,6.60,true,1,
8690526009278,false,אי טי אי - חטיף קרמל מצופה שוקולד וחלב כדורוני דגנים 126 גרם,"GIDA ETI , טורקיה n\",,,"י""ח",126,ל גרם,false,1,8.90,7.06,true,1,
8690526016207,false,אי טי אי - מיני עוגה מצופה במילוי קרמל 144 גרם,גורי ע.ע.ע. בעמ,,,"י""ח",1.44,"י""ח",false,1,8.90,6.18,false,1,
8690572775264,false,שמפו גליס סרום משקם 400,הנקל סוד בעמ,,,"י""ח",400,"ל מ""ל",false,1,18.90,4.73,true,1,
8690572775288,false,"גליס מרכך סרום שיקום עמוק 400 מ""ל",שוורצקוף Schwarzkopf,,,"י""ח",400,"ל מ""ל",false,1,18.90,4.73,true,1,
8690572778210,false,"שוורצקוף שמפו גליס כוח מופלא, 400 מ""ל",הובי קוסמטיקס,,,"י""ח",400,"ל מ""ל",false,1,18.90,4.73,true,1,
8690572778234,false,"גליס מרכך כוח מופלא 400 מ""ל",הנקל סוד בעמ,,,"י""ח",400,"ל מ""ל",false,1,18.90,4.73,true,1,
8690572786222,false,מרכך גליס Gliss לשיער ארוך Supreme Length,שוורצקופף והנקל,,,"י""ח",400,"ל מ""ל",false,1,18.90,4.73,true,1,
8690572788851,false,"גליס - שמפו ביו טק 400 מ""ל",שוורצקופף והנקל,,,"י""ח",400,"ל מ""ל",false,1,18.90,4.73,true,1,
8690572788912,false,"גליס - ביו טק מרכך 400 מ""ל",שוורצקופף והנקל,,,"י""ח",400,"ל מ""ל",false,1,18.90,4.73,true,1,
8690572794692,false,"גליס - שמפו לאיזון והזנת הקרקפת 400 מ""ל","הובי קוסמטיק, חברת ייצור",,,"י""ח",400,"ל מ""ל",false,1,18.90,4.73,true,1,
8690572794715,false,"גליס - מרכך לאיזון והזנת הקרקפת 400 מ""ל","הובי קוסמטיק, חברת ייצור",,,"י""ח",400,"ל מ""ל",false,1,18.90,4.73,true,1,
8690637073434,false,תה ארל גריי בטעם ברגמוט ללא שקית100ש,"יוניליוור ישראל שיווק בע""מ",,,"י""ח",200,ל גרם,false,1,24.90,12.45,false,1,
8690637503856,false,ממרח הלמנס כ- 40% פחות שומן לעומת מיונז,יוניליוור ישראל שיווק בע`מ,,,"י""ח",789,ל גרם,false,1,13.90,1.76,false,1,
8690637505607,false,מרכך כביסה מרוכז בדין אקסטרה בניחוח פינוק כחול,יוניליוור ישראל שיווק בע`מ,,,"י""ח",960,"ל מ""ל",false,1,15.90,1.66,true,1,
8690637505935,false,דאב תחליב רחצה לידיים שמן אבוקדו ותמצית קלנדולה,יוניליוור ישראל שיווק בעמ,,,"י""ח",500,"ל מ""ל",false,1,12.90,2.58,false,1,
8690637555084,false,"מרכך כביסה מרוכז אקסטרה פריחת התפוז בדין 960 מ""ל","יוניליוור ישראל שיווק בע""מ",,,"י""ח",960,"ל מ""ל",false,1,15.90,1.66,true,1,
8690637688195,false,"תה ירוק קלאסי ליפטון 20 יחידות בד""צ",יוניליוור ישראל שיווק בע`מ,,,"י""ח",32,ל גרם,false,1,16.90,52.81,true,1,
8690637704277,false,"שמפו ומרכך לשיער רגיל 600 מ""ל דאב","יוניליוור ישראל שיווק בע""מ",,,"י""ח",600,"ל מ""ל",false,1,16.90,2.82,true,1,
8690637704376,false,"שמפו לטיפוח יום יומי דאב 600 מ""ל","יוניליוור ישראל שיווק בע""מ",,,"י""ח",600,"ל מ""ל",false,1,16.90,2.82,true,1,
8690637704390,false,"מרכך שיער לטיפוח יום יומי דאב 600 מ""ל","יוניליוור ישראל שיווק בע""מ",,,"י""ח",600,"ל מ""ל",false,1,16.90,2.82,true,1,
8690637799594,false,תה ירוק ליפטון נענע בסגנון מרוקאי 20יח',"יוניליוור ישראל שיווק בע""מ",,,"י""ח",150,ל גרם,false,1,16.90,11.27,true,1,
8690637835643,false,"תה ירוק לימונית ולאויזה 30 גרם ""ליפטון""","יוניליוור ישראל שיווק בע""מ",,,"י""ח",32,ל גרם,false,1,16.90,52.81,true,1,
8690637842399,false,מאגדת מגנום מיני דאבל פרי יער שוקולד 6 יח' נסטלה,יוניליוור סנאי וי סי,,,"י""ח",379,ל גרם,false,1,27.90,7.36,false,1,
8690637866685,false,"קרם לניקוי כללי לימון עם מיקרו קריסטלים סיף 500 מ""ל",יוניליוור ישראל שיווק בעמ,,,"י""ח",500,"ל מ""ל",false,1,11.90,2.38,false,1,
8690637871108,false,הלמנ'ס ממרח חרדל 250 גרם,יוניליוור ישראל שיווק בע`מ,,,"י""ח",285,ל גרם,false,1,12.90,4.53,false,1,
8690637871245,false,הלמנס מיונז אמיתי 395 גר' בקבוק לחיץ.,יוניליוור ישראל שיווק בע`מ,,,"י""ח",789,ל גרם,false,1,14.90,1.89,false,1,
8690637946301,false,"בדין - מרכך כביסה אקסטרא בייביי כחול 960 מ""ל","יוניליוור ישראל שיווק בע""מ",,,"י""ח",960,"ל מ""ל",false,1,15.90,1.66,false,1,
8690637946318,false,"מרכך כביסה בדין מרוכז אקסטרה בייבי טלק 960 מ""ל",יוניליוור ישראל שיווק בע`מ,,,"י""ח",960,"ל מ""ל",false,1,15.90,1.66,false,1,
8690637971310,false,"מרכך כביסה מרוכז אקסטרה בניחוח יערת הדבש בדין 960 מ""ל",יוניליוור ישראל שיווק בע`מ,,,"י""ח",960,"ל מ""ל",false,1,15.90,1.66,true,1,
8690637976995,false,"מרכך כביסה מרוכז אקסטרה ורוד סחלבים פראי בדין 960 מ""ל","יוניליוור ישראל שיווק בע""מ",,,"י""ח",960,"ל מ""ל",false,1,15.90,1.66,true,1,
8690637994029,false,מרכך כביסה אקסטרה בניחוח סחלבים פראי,"יוניליוור ישראל שיווק בע""מ",,,"י""ח",1.44,ליטר,false,1,19.90,13.82,false,1,
8690637994036,false,בדין אקסטרא יסמין אריזה גדולה 1.44 ליטר,"יוניליוור ישראלשיווק בע""מ",,,"י""ח",1.44,ליטר,false,1,19.90,13.82,false,1,
8690766156367,false,טבלת שוקולד חלב מעולה 90 גר` גודייבה,תה ויסוצקי (ישראל) בעמ,,,"י""ח",90,ל גרם,false,1,14.90,16.56,true,1,
8690766156374,false,גודייבה שוקולד מריר מעולה 72% מוצקי קקאו 72גרם,תה ויסוצקי (ישראל) בעמ,,,"י""ח",90,ל גרם,false,1,14.90,16.56,true,1,
8690766156381,false,גודייבה שוקולד מריר 90% מוצקי קקאו 90 גרם,תה ויסוצקי (ישראל) בעמ,,,"י""ח",90,ל גרם,false,1,14.90,16.56,true,1,
8690777204071,false,פלפלים כבושים חריפים סרה 320 גרם,ג. וילי-פוד אינטרנשיונל בע`מ,,,"י""ח",640,ל גרם,false,1,13.90,2.17,false,1,
8690777206051,false,חציל קלוי על האש סרה ויליפוד 650 גרם,ג. וילי-פוד אינטרנשיונל בע`מ,,,"י""ח",650,ל גרם,false,1,13.90,2.14,false,1,
8690777221405,false,פלפל אדום קלוי על האש 650 גר` ויליפוד,ג. וילי-פוד אינטרנשיונל בע`מ,,,"י""ח",650,ל גרם,false,1,13.90,2.14,false,1,
8690784614665,false,דאק סבון ניקוי לאסלה 5ב1 בניחוח ים,דאופלור אס פי אי כונ,,,"י""ח",30,"ל מ""ל",false,1,8.90,29.67,true,1,
8693495050333,false,"פלמוליב סבון נוזלי לגבר לימון ירוק 500 מ""ל",קולגייט פלמוליב,,,"י""ח",500,"ל מ""ל",false,1,15.90,3.18,true,1,
8693495051002,false,מברשת שיניים לילדים מיניונים קולגייט 6+,קולגייט פלמוליב,,,"י""ח",1,,false,1,10.90,10.90,true,1,
8693495052177,false,פלמוליב נטורלס תחליב רחצה זיתים 750 מל,קולגייט פלמוליב,,,"י""ח",750,"ל מ""ל",false,1,19.90,2.65,true,1,
8693495052931,false,זוג מברשות שיניים אדוונסט 360 לניקוי כל חלל הפה,קולגייט פלמוליב,,,"י""ח",1,,false,1,29.90,29.90,false,1,
8697530910743,false,סיגריות פאל מאל כחול קצר מטאליק,גלוברנדס בעמ - שיווק סיגריות,,,"י""ח",1,,false,1,29.50,29.50,false,1,
8697530910750,false,סיגריות פאל מאל כחול ארוך האוס,גלוברנדס בעמ - שיווק סיגריות,,,"י""ח",1,,false,1,29.50,29.50,false,1,
8697530910781,false,סיגריות פאל מאל אדום מטאליק,גלוברנדס בעמ - שיווק סיגריות,,,"י""ח",0,"י""ח",false,1,29.50,29.50,false,1,
8697530910941,false,פאל מאל כחול קצר האוס עשירייה,גלוברנדס בעמ - שיווק סיגריות,,,"י""ח",1,,false,1,290,290,false,1,
8710447224175,false,טרזמה שמפו משקם בתוספת ביוטין 400 מל,יוניליוור ישראל שיווק בעמ,,,"י""ח",400,"ל מ""ל",false,1,14.90,3.73,true,1,
8710447224205,false,"מרכך טרזמה משקם בתוספת ביוטין 400 מ""ל",יוניליוור ישראל שיווק בעמ,,,"י""ח",400,"ל מ""ל",false,1,14.90,3.73,true,1,
8710447224342,false,"שמפו קרטין קרטין400מ""ל טרזמה",יוניליוור ישראל שיווק בע`מ,,,"י""ח",400,"ל מ""ל",false,1,14.90,3.73,true,1,
8710447224366,false,טרזמה מרכך קרטין לשיער 400 מל,יוניליוור ישראל שיווק בע`מ,,,"י""ח",400,"ל מ""ל",false,1,14.90,3.73,true,1,
8710447275306,false,דאב קרם ידיים שמן אבוקדו ותמצית קלנדולה,יוניליוור ישראל שיווק בעמ,,,"י""ח",79,"ל מ""ל",false,1,9.90,12.53,false,1,
8710447275313,false,דאב קרם ידיים שמן קוקוס וחלב שקדים,יוניליוור ישראל שיווק בעמ,,,"י""ח",79,"ל מ""ל",false,1,9.90,12.53,false,1,
8710447284117,false,"ג'ל רחצה אקס בלאק 400 מ""ל",יוניליוור ישראל שיווק בע`מ,,,"י""ח",400,"ל מ""ל",false,1,10,2.50,false,1,
8710447320662,false,דאודורנט ספריי בניחוח אפרסק ולימון ללא אלומיניום,יוניליוור ישראל שיווק בע`מ,,,"י""ח",90,"ל מ""ל",false,1,14.90,16.56,true,1,
8710502064814,false,עוגיות מרבה שוקולד ציפס במרקם רך 175 גר,בנקטבקריי מרבה בי.וי,,,"י""ח",225,ל גרם,false,1,9.90,4.40,false,1,
8710502139017,false,עוגיות טריפל שוקולד צ`יפס מרבה (180 גרם),בנקטבקריי מרבה בי.וי,,,"י""ח",180,ל גרם,false,1,9.90,5.50,false,1,
8710502194801,false,"עוגיות שוקלד ציפס רכה פירות יער ""מרבה"" 175 גרם",בנקטבקריי מרבה בי.וי,,,"י""ח",175,ל גרם,false,1,9.90,5.66,false,1,
8710502194825,false,מרבה - עוגיות שוקוצ'יפס כשר למהדרין 150 גרם,ש.שסטוביץ בעמ,,,"י""ח",150,ל גרם,false,1,6.90,4.60,true,1,
8710502260032,false,מרבה עוגיות שוקוצ'יפס 150גרם,בנקטבקריי מרבה בי.וי,,,"י""ח",160,ל גרם,false,1,5.10,3.19,false,1,
8710502405204,false,עוגיות שוקולד צ'יפס עם קרם שוקולד מרבה 175 גרם,קריניציה ויטמינה אס,,,"י""ח",225,ל גרם,false,1,9.90,4.40,false,1,
8710502470028,false,עוגיות שוקולד צ'יפס ממולאות בקרם נוגט,קריניציה ויטמינה אס,,,"י""ח",160,ל גרם,false,1,9.90,6.19,false,1,
8710552274614,false,שמפו קצף לנ.שטיחים וניש קליה גולד 600 מל,רקיט בנקיזר (ניר איסט) בעמ,,,"י""ח",600,"ל מ""ל",false,1,29.90,4.98,true,1,
8710679018917,false,"צ`יפס קלאסי 2.5ק""ג",***אדום גרופ למזון שיווק***,,,"י""ח",2.50,"ק""ג",false,1,27.90,11.16,false,1,
8710800961310,false,סוכריות בטעם תות מנטוס 4*375 גרם,פרפטי ואן מלה ברדה,,,"י""ח",150,ל גרם,false,1,11.90,7.93,false,1,
8710847898853,false,דאודורנט ספריי אקסטרה קול רקסונה מן,יוניליוור ישראל שיווק בעמ,,,"י""ח",1,"י""ח",false,1,16.90,16.90,true,1,
8710847908446,false,אקס דאודורנט ספריי בלאק לגבר 150 מל,יוניליוור ישראל שיווק בעמ,,,"י""ח",150,"ל מ""ל",false,1,16.90,11.27,true,1,
8710847942679,false,טרזמה שמפו לשיער יבש בתוספת שמן המפ,"יוניליוור ישראלשיווק בע""מ",,,"י""ח",400,"ל מ""ל",false,1,14.90,3.73,true,1,
8710847942693,false,טרזמה מרכך לשיער יבש שמן המפ 400 מל,יוניליוור ישראל שיווק בעמ,,,"י""ח",400,"ל מ""ל",false,1,14.90,3.73,true,1,
8710847973970,false,"תחליב רחצה דאב אלוורה מי עץ שדר, 750 מ""ל",יוניליוור ישראל שיווק בע`מ,,,"י""ח",750,"ל מ""ל",false,1,19.90,2.65,true,1,
8710908404184,false,דאודורנט ספריי 0% אלומיניום אורגינל דאב,יוניליוור ישראל שיווק בע`מ,,,"י""ח",90,"ל מ""ל",false,1,14.90,16.56,true,1,
8711000362556,false,לור קפסולות קפה אספרסו פורזה 52 גר,דיפלומט מפיצים (1968) בעמ**,,,"י""ח",52,ל גרם,false,1,19.90,38.27,true,1,
8711000362570,false,קפסולות קפה תואמות נספרסו פורזה 9 ל'אור 10 יחידות,דיפלומט מפיצים (1968) בעמ**,,,"י""ח",52,ל גרם,false,1,19.90,38.27,true,1,
8711000362617,false,לור קפסולות קפה אספרסו לונגו פרופונדו 8,דיפלומט מפיצים (1968) בעמ**,,,"י""ח",52,ל גרם,false,1,19.90,38.27,true,1,
8711000362631,false,קפסולות קפה תואמות נספרסו אוניקס 12 ל'אור 10 יחידות,דיפלומט מפיצים (1968) בעמ**,,,"י""ח",52,ל גרם,false,1,19.90,38.27,true,1,
8711000362655,false,קפסולות קפה אספרסו אבסולו) (9 52 גר`לור,דיפלומט מפיצים (1968) בעמ**,,,"י""ח",52,ל גרם,false,1,19.90,38.27,true,1,
8711000362747,false,קפסולות קפה תואמות נספרסו ריסטרטו 11 ל'אור 10 יחידות,דיפלומט מפיצים (1968) בעמ**,,,"י""ח",52,ל גרם,false,1,19.90,38.27,true,1,
8711000371176,false,ג'ייקובס קפסולות קפה אספרסו קלאסיקו עוצמה 7,ג'ייקובס דאו אגברטס צרפת,,,"י""ח",52,ל גרם,false,1,16.90,32.50,true,1,
8711000371183,false,ג'ייקובס קפסולות קפה אספרסו אינטסו עוצמה 10,ג'ייקובס דאו אגברטס צרפת,,,"י""ח",52,ל גרם,false,1,16.90,32.50,true,1,
8711000371206,false,ג'ייקובס קפסולות קפה אספרסו ריסטרטו עוצמה 12,ג'ייקובס דאו אגברטס צרפת,,,"י""ח",52,ל גרם,false,1,16.90,32.50,true,1,
8711000371244,false,"ג'ייקובס קפסולות אספרסו (8) 10 יח', 52ג' לונגו",דיפלומט מפיצים (1968) בעמ**,,,"י""ח",52,ל גרם,false,1,16.90,32.50,true,1,
8711000472040,false,קפסולות קפה אספרסו סלקשיין גייקובס 52 גר,דיפלומט מפיצים (1968) בעמ**,,,"י""ח",52,ל גרם,false,1,16.90,32.50,true,1,
8711000545652,false,גייקובס קרוננג 160ג שקית,דיפלומט מפיצים (1968) בעמ**,,,"י""ח",160,ל גרם,false,1,19.90,12.44,true,1,
8711327475618,false,מגנום פיינט וניל קלאסיק 260 גר`,"מפעל גלידות בווספרם, רחו",,,"י""ח",260,ל גרם,false,1,21.90,8.42,false,1,
8711327475663,false,מגנום פיינט וניל שוקולד לבן 260 גרם,"מפעל גלידות בווספרם, רחו",,,"י""ח",260,ל גרם,false,1,21.90,8.42,false,1,
8711327475762,false,מגנום פיינט שוקולד לבן עוגיות 260 גרם,"מפעל גלידות בווספרם, רחו",,,"י""ח",260,ל גרם,false,1,21.90,8.42,false,1,
8712000051099,false,"שישיית בירה היינקן 0% אלכוהל בקבוק 330 מ""ל","מבשלת היינקן, ריטבלדנברג",,,"י""ח",1.98,ליטר,false,1,31.90,15.20,true,1,
8712400802499,false,תרכובת מזון המשך לפעוטות על בסיס חלב שלב 1,דיפלומט מפיצים (1968) בעמ**,,,"י""ח",800,ל גרם,false,1,64.90,8.11,false,1,
8712400802512,false,תרכובת מזון המשך לפעוטות על בסיס חלב שלב 2,דיפלומט מפיצים (1968) בעמ**,,,"י""ח",800,ל גרם,false,1,64.90,8.11,false,1,
8712400802536,false,תרכובת מזון המשך לפעוטות על בסיס חלב שלב 3,דיפלומט מפיצים (1968) בעמ**,,,"י""ח",800,ל גרם,false,1,64.90,8.11,false,1,
8712561594608,false,"דאב תחליב רחיצה להזנה עמוקה 750 מ""ל",יוניליוור ישראל שיווק בע`מ,,,"י""ח",750,"ל מ""ל",false,1,19.90,2.65,true,1,
8712561626286,false,תחליב רחצה זוהר כמשי דאב (750 מל),יוניליוור ישראל שיווק בע`מ,,,"י""ח",750,"ל מ""ל",false,1,19.90,2.65,true,1,
8714443620030,false,מרק ירקות אורגני 200 גרם,תות תעשיות מזון (201,,,"י""ח",150,ל גרם,false,1,29.90,19.93,false,1,
8714599410530,false,קפה ג`ייקובס קרוננג מיובש בהקפאה 200 ג,דיפלומט מפיצים (1968) בעמ**,,,"י""ח",200,ל גרם,false,1,21.90,10.95,false,1,
8714599410578,false,ג'ייקובס גולד מיובש בהקפאה 47.5 גרם צנ,דיפלומט מפיצים (1968) בעמ**,,,"י""ח",47,ל גרם,false,1,6.90,14.68,true,1,
8714599410806,false,ג'ייקובס קרוננג מיובש בהקפאה 160 גרם סגירה חוזרת,דיפלומט מפיצים (1968) בעמ**,,,"י""ח",160,ל גרם,false,1,19.90,12.44,true,1,
8714599513781,false,"קפה נמס מיובש בהקפאה זהב צנצנת ג'ייקובס 200 גרם לל""ס",דיפלומט מפיצים (1968) בעמ**,,,"י""ח",200,ל גרם,false,1,25.90,12.95,false,1,
8714599513835,false,גי'קובס קרונונג נייט אנד דיי - נטול קופיאין,דיפלומט מפיצים (1968) בעמ**,,,"י""ח",200,ל גרם,false,1,36.90,18.45,false,1,
8714599513866,false,"קפה נמס מיובש בהקפאה קרונג צנצנת ג'ייקובס 200 גרם לל""ס",דיפלומט מפיצים (1968) בעמ**,,,"י""ח",200,ל גרם,false,1,23.90,11.95,true,1,
8714789177229,false,רבעיית מברשות שיניים קולגייט אקסטרה קלין 1 יחידה,הנסיך- מפעל לייצור ט,,,"י""ח",1,,false,1,9.90,9.90,false,1,
8714789218465,false,מברשת שיניים 360 סופט קולגייט 2 יחידות,הנסיך- מפעל לייצור ט,,,"י""ח",1,,false,1,29.90,29.90,true,1,
8714789303925,false,מברשת שיניים 360 סנסטיב רכה במיוחד קולגייט 2 יחידות,קולגייט- פלמוליב,,,"י""ח",1,,false,1,29.90,29.90,true,1,
8714789402918,false,נוזל לניקוי כללי ורצפות בניחוח פרחי בר אג'קס 1.5 ליטר,הנסיך- מפעל לייצור ט,,,"י""ח",1.50,ליטר,false,1,19.90,13.27,true,1,
8714789402970,false,נוזל לניקוי כללי ורצפות בניחוח פרחי אביב אגק'ס 1.5 ליטר,הנסיך- מפעל לייצור ט,,,"י""ח",1.50,ליטר,false,1,19.90,13.27,true,1,
8714789450315,false,פלמוליב כלים שקוף לימון 1.5 ליטר,הנסיך- מפעל לייצור ט,,,"י""ח",1.50,ליטר,false,1,15.90,10.60,true,1,
8714789831275,false,מברשת שיניים 360 אופטיק ווייט קולגייט 2 יחידות,קולגייט-פלמוליב,,,"י""ח",500,"ל מ""ל",false,1,24.90,4.98,true,1,
8714789834467,false,פלמוליב נוזל לניקוי כלים קלאסי 1.5 ליטר,קולגייט-פלמוליב,,,"י""ח",1.50,ליטר,false,1,15.90,10.60,true,1,
8714789930848,false,"משחת שיניים אופטיק וייט הלבנה מיידית קולגייט 75 מ""ל",איינשטיין-צור יבוא-יצוא וסחר ב,,,"י""ח",750,"ל מ""ל",false,1,19.90,2.65,true,1,
8714789966403,false,ליידי ספיד סטיק פרו 5 ג`ל 65 גרם,קולגייט פלמוליב,,,"י""ח",1,"י""ח",false,1,23.10,23.10,true,1,
8715300238306,false,חמאה הולנדית ללא מלח 200 גרם,בני ג`ורג` שוקחה (חיפה) בעמ,,,"י""ח",200,ל גרם,false,1,12.90,6.45,false,1,
8715700110141,false,מיונז קרמי היינץ צנצנת 460ג',דיפלומט מפיצים (1968) בעמ**,,,"י""ח",460,ל גרם,false,1,11.90,2.59,false,1,
8715700115344,false,היינץ מתבל עגבניות 460 גרם כשלפ,דיפלומט מפיצים (1968) בעמ**,,,"י""ח",460,ל גרם,false,1,7.90,1.72,false,1,
8715700117805,false,"קטשופ היינץ מתבל עגבניות ללא תוספת סוכר ומלח 425 מ""ל",דיפלומט מפיצים (1968) בעמ**,,,"י""ח",400,ל גרם,false,1,10.90,2.73,false,1,
8715700120874,false,מתבל עגבניות היינץ בתוספת שום,דיפלומט מפיצים (1968) בעמ**,,,"י""ח",460,ל גרם,false,1,12.90,2.80,false,1,
8715700419732,false,מתבל עגבניות היינץ (700 גרם),דיפלומט מפיצים (1968) בעמ**,,,"י""ח",700,ל גרם,false,1,12.90,1.84,true,1,
8715700422367,false,מיונז מופחת שומן היינץ (420 גרם),דיפלומט מפיצים (1968) בעמ**,,,"י""ח",420,ל גרם,false,1,11.90,2.83,false,1,
8715700422381,false,מיונז אמיתי היינץ 420 גרם,דיפלומט מפיצים (1968) בעמ**,,,"י""ח",420,ל גרם,false,1,11.90,2.83,false,1,
8715700422473,false,ממרח לכריכים וסלטים ללא ח. משמרים היינץ 395 גרם,דיפלומט מפיצים (1968) בעמ**,,,"י""ח",395,ל גרם,false,1,14.90,3.77,false,1,
8717163607305,false,דאב סבון מוצק גרגירים לעיסוי עדין *4,יוניליוור ישראל שיווק בע`מ,,,"י""ח",400,ל גרם,false,1,16.90,4.23,false,1,
8717163628355,false,"מרכך טרזמה להחלקה וצביעה 400 מ""ל",יוניליוור ישראל שיווק בעמ,,,"י""ח",400,"ל מ""ל",false,1,21.90,5.48,false,1,
8717163630105,false,"שמפו טרזמה להחלקה וצבע 400 מ""ל",יוניליוור ישראל שיווק בע`מ,,,"י""ח",400,"ל מ""ל",false,1,21.90,5.48,false,1,
8717163647226,false,"אקס דאודורנט ספריי גוף בלאק 150 מ""ל","יוניליוור ישראל שיווק בע""מ",,,"י""ח",150,"ל מ""ל",false,1,16.90,11.27,true,1,
8717163647233,false,"אקס דאודורנט ספריי גוף בלאק נייט 150 מ""ל",יוניליוור ישראל שיווק בע`מ,,,"י""ח",150,"ל מ""ל",false,1,16.90,11.27,true,1,
8717163647240,false,"אקס דאודורנט ספריי גוף לגבר שוקולד 150 מ""ל",יוניליוור ישראל שיווק בע`מ,,,"י""ח",150,"ל מ""ל",false,1,16.90,11.27,true,1,
8717163647301,false,"אקס ספריי אנטיפרספרנט גולדן 150 מ""ל",יוניליוור ישראל שיווק בע`מ,,,"י""ח",150,"ל מ""ל",false,1,16.90,11.27,true,1,
8717163648667,false,"אקס ג'ל רחצה לגבר אייס צ'יל 400 מ""ל",יוניליוור ישראל שיווק בע`מ,,,"י""ח",400,"ל מ""ל",false,1,10,2.50,false,1,
8717163655764,false,"רקסונה - דאודורנט ספריי לאישה שוואר פרש 150 מ""ל",יוניליוור ישראל שיווק בעמ,,,"י""ח",150,"ל מ""ל",false,1,16.90,11.27,true,1,
8717163655825,false,"רקסונה דאו' ספריי לנשים בניחוח כותנה, 150 מ""ל","יוניליוור ישראל שיווק בע""מ",,,"י""ח",150,"ל מ""ל",false,1,16.90,11.27,true,1,
8717163663493,false,"רקסונה - דאודורנט ספריי לגבר קובלט דריי 150 מ""ל","יוניליוור ישראל שיווק בע""מ",,,"י""ח",1,"י""ח",false,1,16.90,16.90,true,1,
8717163714850,false,דאודורנט ספריי קוקוס ויסמין( 150 מל),"יוניליוור ישראל שיווק בע""מ",,,"י""ח",90,"ל מ""ל",false,1,14.90,16.56,true,1,
8717163859759,false,"דאו ספריי וורקאאוט נשים רקסונה 150 מ""ל",יוניליוור ישראל שיווק בעמ,,,"י""ח",150,"ל מ""ל",false,1,16.90,11.27,true,1,
8717644390566,false,דאב סבון מוצק רביעייה- מלפפונים ותה ירו,יוניליוור ישראל שיווק בע`מ,,,"י""ח",400,ל גרם,false,1,16.90,4.23,false,1,
8717677336593,false,טוניס שוקולד חלב 180 גרם רבנות - נוכרי,טוניס/שוקולונלי,,,"י""ח",180,ל גרם,false,1,18.90,10.50,true,1,
8717677336616,false,שוקולד מריר עם שקדים ומלח טוניס' שוקולונלי 180 גרם,טוניס/שוקולונלי,,,"י""ח",180,ל גרם,false,1,18.90,10.50,true,1,
8717677336630,false,שוקולד חלב עם שקדים ודבש טוניס' שוקולונלי 180 גרם,ליימן שליסל בע`מ,,,"י""ח",180,ל גרם,false,1,18.90,10.50,true,1,
8717677336661,false,טוניס שוקולד מריר מעולה 70% 180 גרם רבנות - נוכרי,ליימן שליסל בע`מ,,,"י""ח",180,ל גרם,false,1,18.90,10.50,true,1,
8717677338436,false,שוקולד חלב עם אגוזי לוז טוניס' שוקולונלי 180 גרם,טוניס/שוקולונלי,,,"י""ח",180,ל גרם,false,1,18.90,10.50,true,1,
8718114047249,false,שישיית סבון מוצק דאב 100 גרם ליח',יוניליוור ישראל שיווק בעמ,,,"י""ח",6,"י""ח",false,1,22.90,3.82,false,1,
8718879000145,false,ענב אדום,ביכורי השדה צפון 1994 ג.ד. בעמ,,,"ק""ג",1,,true,1,19.90,19.90,false,1,
8718879000336,false,ענבים אדומים מארז,ביכורי השדה צפון 1994 ג.ד. בעמ,,,"ק""ג",1,,true,1,19.90,19.90,false,1,
8718951001596,false,ספריי אמבטיות אג`קס (600 מל)-יבוא מקביל,הנסיך- מפעל לייצור ט,,,"י""ח",600,"ל מ""ל",false,1,14.90,2.48,true,1,
8718951001602,false,ספריי רב פעולות אג`קס (600 מל)-יבוא מקב,הנסיך- מפעל לייצור ט,,,"י""ח",600,"ל מ""ל",false,1,15.90,2.65,true,1,
8718951093331,false,מרידול זוג מברשות שיניים אקסטרה סופט,קולגייט פלמוליב,,,"י""ח",1,,false,1,27.40,27.40,false,1,
8718951144064,false,מרידול מברשת שיניים פרודונט אקספרט זוג,"ש. שסטוביץ בע""\מ",,,"י""ח",1,,false,1,33.90,33.90,false,1,
8718951159808,false,מברשות שיניים 360 מדיום- מארז שלישייה,קולגייט-פלמוליב,,,"י""ח",1,,false,1,26.90,26.90,false,1,
8718951166288,false,"משחת שיניים קולגייט מקס וייט 125 מ""ל",הנסיך- מפעל לייצור ט,,,"י""ח",125,"ל מ""ל",false,1,17.90,14.32,false,1,
8718951166561,false,משחת שיניים לרעננות מוגברת max fresh cooling crystals,הנסיך- מפעל לייצור ט,,,"י""ח",125,"ל מ""ל",false,1,17.90,14.32,false,1,
8718951170445,false,"קולגייט סמיילס משחת שיניים ילדים גילאי 2-5 50 מ""ל",קולגייט פלמוליב,,,"י""ח",50,"ל מ""ל",false,1,11.90,23.80,false,1,
8718951176874,false,קולגייט שטיפת פה לילדים מיניונים 250 מל,קולגייט-פלמוליב,,,"י""ח",250,"ל מ""ל",false,1,12.90,5.16,false,1,
8718951228801,false,"משחת שיניים קולגייט מקס פרש כחול 125 מ""ל",קולגייט פלמוליב,,,"י""ח",125,"ל מ""ל",false,1,17.90,14.32,false,1,
8718951236790,false,"קולגייט טוטאל משחת שיניים קלין מינט לפה בריא 100 מ""ל",קולגייט פלמוליב,,,"י""ח",100,"ל מ""ל",false,1,16.90,16.90,true,1,
8718951236806,false,"קולגייט טוטאל הלבנה משחת שיניים המסייעת בהסרת כתמים 100 מ""ל",ש. שסטוביץ בע`מ,,,"י""ח",100,"ל מ""ל",false,1,16.90,16.90,true,1,
8718951240742,false,"קולגייט טוטאל משחת שיניים פסים מרעננים 100 מ""ל",איינשטיין-צור יבוא-יצוא וסחר ב,,,"י""ח",100,"ל מ""ל",false,1,16.90,16.90,true,1,
8718951254527,false,קולגייט משחה סנסיטיב פרו רליף חוזק מוגבר,קולגייט פלמוליב,,,"י""ח",125,"ל מ""ל",false,1,18.90,15.12,true,1,
8718951259409,false,"פלמוליב תחליב רחצה נטורלס לעור עדין 750 מ""ל",קולגייט פלמוליב,,,"י""ח",750,"ל מ""ל",false,1,19.90,2.65,true,1,
8718951259430,false,פלמוליב ת.רחצה 1 ליטר חלב פרוטאין,ש.שסטוביץ בעמ,,,"י""ח",1,ליטר,false,1,24.90,24.90,false,1,
8718951286733,false,"קולגייט אופטיק וייט לסטינג וייט משחת שיניים 75 מ""ל",ש. שסטוביץ בע`מ,,,"י""ח",256,ל גרם,false,1,26.90,10.51,true,1,
8718951296794,false,"פלמוליב ג'ל רחצה נורדיק האג 500 מ""ל",ש.שסטוביץ בעמ,,,"י""ח",500,"ל מ""ל",false,1,15.90,3.18,true,1,
8718951297234,false,"פלמוליב ג`ל רחצה קוזי מוד 500מ""ל",ש.שסטוביץ בעמ,,,"י""ח",500,"ל מ""ל",false,1,15.90,3.18,true,1,
8718951315303,false,"קולגייט אדומה משחת שיניים להגנה מפני עששת 2*100 מ""ל",קולגייט-פלמוליב,,,"י""ח",200,"ל מ""ל",false,1,18.90,9.45,false,1,
8718951320093,false,זוג מברשות 360 אדוונס וויט שיניים קולגייט,קולגייט-פלמוליב,,,"י""ח",1,,false,1,34.90,34.90,false,1,
8718951329249,false,ליידי ספיד סטיק פירלס ספריי 150 מל לאשה,קולגייט פלמוליב,,,"י""ח",1,,false,1,15.90,15.90,true,1,
8718951334090,false,"מרכך כביסה מרוכז כחול 650 מ""ל סופלין",ש.שסטוביץ בעמ,,,"י""ח",0.65,ליטר,false,1,9.90,15.23,true,1,
8718951334120,false,"מרכך כביסה סופלין מרוכז לבנדר 650 מ""ל",ש.שסטוביץ בעמ,,,"י""ח",0.65,ליטר,false,1,9.90,15.23,true,1,
8718951334151,false,"מרכך כביסה מרוכז היפואלרגני 650 מ""ל סופלין",ש.שסטוביץ בעמ,,,"י""ח",0.65,ליטר,false,1,9.90,15.23,true,1,
8718951350137,false,"פלמוליב תחליב רחצה מקדמיה וקקאו עם חמאת שיאה 750 מ""ל",קולגייט פלמוליב,,,"י""ח",750,"ל מ""ל",false,1,19.90,2.65,true,1,
8718951354807,false,נוזל רצפות אגקס חגיגת הפרחים יסמין 1.5 ל,קולגייט פלמוליב,,,"י""ח",1.50,ליטר,false,1,19.90,13.27,true,1,
8718951366015,false,"קולגייט - משחת שיניים אופטיק וויט אקס קומפ 75 מ""ל",ש.שסטוביץ בעמ,,,"י""ח",75,"ל מ""ל",false,1,49.90,66.53,true,1,
8718951370135,false,"סבון נוזלי ארומה סנסיישן גלואו 750 מ""ל פלמוליב",קולגייט פלמוליב,,,"י""ח",750,"ל מ""ל",false,1,19.90,2.65,true,1,
8718951382718,false,"פלמוליב ג'ל רחצה חימר התחדשות 750 מ""ל",קולגייט פלמוליב,,,"י""ח",750,"ל מ""ל",false,1,19.90,2.65,true,1,
8718951382787,false,"משחת שיניים אופטיק וויט חימר ומינרלים 75 מ""ל קולגייט",ש.שסטוביץ בעמ,,,"י""ח",256,ל גרם,false,1,29.90,11.68,true,1,
8718951391253,false,אגקס אנטי בקטריאלי רעננות הניקיון 1.5 ל,קולגייט-פלמוליב,,,"י""ח",1.50,ליטר,false,1,19.90,13.27,false,1,
8718951409798,false,זוג מברשות שיניים מקס וויט פחם קולגייט,הנסיך- מפעל לייצור ט,,,"י""ח",1,,false,1,19.90,19.90,false,1,
8718951428492,false,"פלמוליב סבון רחצה לגבר 4ב1 מועשר בפחם 750 מ""ל",ש.שסטוביץ בעמ,,,"י""ח",750,"ל מ""ל",false,1,19.90,2.65,true,1,
8718951428522,false,"פלמוליב סבון רחצה לגבר 4 ב-1 המפ 750 מ""ל",ש.שסטוביץ בעמ,,,"י""ח",750,"ל מ""ל",false,1,19.90,2.65,true,1,
8718951433120,false,קולגייט טוטאל משחת שיניים לילדים לגילאי,קולגייט פלמוליב,,,"י""ח",75,"ל מ""ל",false,1,14.90,19.87,true,1,
8718951443358,false,"סבון ידיים הגיינה פלמוליב מארז 3*300 מ""ל",ש.שסטוביץ בעמ,,,"י""ח",900,"ל מ""ל",false,1,24.90,2.77,false,1,
8718951470538,false,קולגייט משחת שיניים מקס פרש ביטיוב 125*2 כשלפ,קולגייט פלמוליב,,,"י""ח",100,"ל מ""ל",false,1,29.90,29.90,false,1,
8718951498754,false,שישיית מברשות שיניים סופר פלקסי קולגייט,קולגייט פלמוליב,,,"י""ח",1,,false,1,19.90,19.90,false,1,
8718951509627,false,"קולגייט אופטיק וייט לאוהבי קפה ותה משחת שיניים 75 מ""ל",קולגייט פלמוליב,,,"י""ח",256,ל גרם,false,1,26.90,10.51,true,1,
8719200997998,false,מרגרינה למריחה בישול וטיגון 200 ג' בלו בנד,דיפלומט מפיצים (1968) בעמ**,,,"י""ח",200,ל גרם,false,1,4.50,2.25,false,1,
8719200998001,false,מרגרינה לאפיה ובישול בלי מלח 200 ג' בלו בנד,יוניליוור ישראל מזון בע\,,,"י""ח",200,ל גרם,false,1,4.50,2.25,false,1,
8719200998018,false,מחמאה מרגרינה בטעם חמאה בלובנד 200 גרם,"מיוצר ע""\י יוניליוור ישר",,,"י""ח",200,ל גרם,false,1,4.60,2.30,false,1,
8719200998032,false,"מרגרינה מזולה גלורי טעם חמאה 250גר 8 יחידות - כשל""פ","מיוצר ע""\י יוניליוור ישר",,,"י""ח",250,ל גרם,false,1,9.90,3.96,false,1,
8719200998049,false,"מרגרינה מזולה גלורי רגיל 250גר 8 יחידות -כשל""פ","מיוצר ע""\י יוניליוור ישר",,,"י""ח",250,ל גרם,false,1,9.90,3.96,false,1,
8719200998100,false,מרגרינה מזולה לאפיה טעם חמאה 200גר - 40 יח',דיפלומט מפיצים (1968) בעמ**,,,"י""ח",200,ל גרם,false,1,6.50,3.25,false,1,
8719326144108,false,תמר מגהול 908ג,שונות /שרות,,,"י""ח",1,,false,1,19.90,19.90,false,1,
8720181043093,false,"אקס דאודורנט ספריי גוף אפולו 150מ""ל",יוניליוור ישראל שיווק בע`מ,,,"י""ח",150,"ל מ""ל",false,1,16.90,11.27,true,1,
8720181045639,false,"דאב דאו ספריי א.פ טלק סופט 150 מ""ל",יוניליוור ישראל שיווק בעמ,,,"י""ח",90,"ל מ""ל",false,1,14.90,16.56,true,1,
8720181045905,false,אקס דאודורנט ספריי אפריקה לגבר 150 מל,"יוניליוור ישראל שיווק בע""מ",,,"י""ח",150,"ל מ""ל",false,1,16.90,11.27,true,1,
8720181045912,false,"אקס דאודורנט ספריי גוף אפריקה 150 מ""ל",יוניליוור ישראל שיווק בע`מ,,,"י""ח",150,"ל מ""ל",false,1,16.90,11.27,true,1,
8720181046605,false,דאב - דאודורנט ספריי לאישה אורגינל כחול 150מל,"יוניליוור ישראל שיווק בע""מ",,,"י""ח",90,"ל מ""ל",false,1,14.90,16.56,true,1,
8720181046612,false,"דאב - דאודורנט רול און לאישה אורגינל 50 מ""ל","יוניליוור ישראל שיווק בע""מ",,,"י""ח",50,"ל מ""ל",false,1,19.90,39.80,true,1,
8720181074745,false,דאב דאו ספריי בניחוח אסאי 150 מל,יוניליוור ישראל שיווק בעמ,,,"י""ח",90,"ל מ""ל",false,1,14.90,16.56,true,1,
8720181114458,false,אקס דאו ספריי לאישה 150 מל(יבוא מקביל,איינשטיין-צור יבוא-יצוא וסחר ב,,,"י""ח",150,"ל מ""ל",false,1,16.90,11.27,true,1,
8720181114465,false,"אקס - דאודורנט ספריי לגבר אנרכי 150 מ""ל",איינשטיין-צור יבוא-יצוא וסחר ב,,,"י""ח",150,"ל מ""ל",false,1,16.90,11.27,true,1,
8720181114472,false,"אקס - דאודורנט ספריי לגבר אפולו 150 מ""ל",איינשטיין-צור יבוא-יצוא וסחר ב,,,"י""ח",150,"ל מ""ל",false,1,16.90,11.27,true,1,
8720181114489,false,"אקס - דאודורנט ספריי לגבר בלק 150 מ""ל",איינשטיין-צור יבוא-יצוא וסחר ב,,,"י""ח",150,"ל מ""ל",false,1,16.90,11.27,true,1,
8720181114496,false,"אקס - דאודורנט ספריי לגבר שוקולד 150 מ""ל",איינשטיין-צור יבוא-יצוא וסחר ב,,,"י""ח",150,"ל מ""ל",false,1,16.90,11.27,true,1,
8720181123955,false,"אקס - ג'ל רחצה ריצארג קריד 400 מ""ל",יוניליוור ישראל שיווק בעמ,,,"י""ח",400,"ל מ""ל",false,1,9.90,2.48,false,1,
8720181204111,false,"אקס תחליב רחצה אפיק פרש 400 מ""ל",יוניליוור ישראל שיווק בע`מ,,,"י""ח",400,"ל מ""ל",false,1,9.90,2.48,false,1,
8720608014958,false,תה שחור ליפטון ילו לייבל 100 שק 150 ג,יוניליוור ישראל שיווק בעמ,,,"י""ח",150,ל גרם,false,1,12.90,8.60,false,1,
8723400756552,false,מארז סוכריות מנטוס Mentos ריינבואו,פרפטי ואן מלה ברדה,,,"י""ח",1,,false,1,11.90,11.90,false,1,
8723400793922,false,מנטוס גליל בטעם דובדבן אריזת רביעיה 150 ג',פרפטי ואן מלה ברדה,,,"י""ח",1,,false,1,11.90,11.90,false,1,
8801055707966,false,קפה טייסטרס צ`ויס בריסטה נסקפה (180 גרם),קבוצת אוסם סחר שותפות מוגבלת,,,"י""ח",180,ל גרם,false,1,32.90,18.28,false,1,
8801055709427,false,נס קפה טייסטרס צ'ויס אלטה ריקה 100גרם,קבוצת אוסם סחר שותפות מוגבלת,,,"י""ח",100,ל גרם,false,1,25.90,25.90,true,1,
8801055709434,false,קפה נמס טסטר'ס צ'ויס קולומביה 100 גרם,קבוצת אוסם סחר-שות.מוגבלת,,,"י""ח",100,ל גרם,false,1,25.90,25.90,true,1,
8801055709458,false,אבקה להכנת משקה קפה בטעם קפוצ'ינו קרמל,קבוצת אוסם סחר שותפות מוגבלת,,,"י""ח",170,ל גרם,false,1,18.90,11.12,false,1,
8801055709472,false,נסטלה - נסקפה קפוצ'ינו קלאסי 12.50 גרם * 10,קבוצת אוסם סחר שותפות מוגבלת,,,"י""ח",180,ל גרם,false,1,18.90,10.50,false,1,
8801055709489,false,אבקה להכנת משקה קפה בטעם קפוצ'ינו אגוזים,קבוצת אוסם סחר שותפות מוגבלת,,,"י""ח",180,ל גרם,false,1,18.90,10.50,false,1,
8801055709526,false,אבקה להכנת משקה קפה בטעם קפוצ'ינו שוקולד לבן,קבוצת אוסם סחר שותפות מוגבלת,,,"י""ח",180,ל גרם,false,1,18.90,10.50,false,1,
8850006932964,false,חמישיית מברשות שיניים קןלגייט טוויסטר מארז,קולגייט פלמוליב,,,"י""ח",1,,false,1,19.90,19.90,false,1,
8850180040028,false,"טמפורה 500 גרם ""מזרח ומערב""",מזרח ומערב יבוא ושיווק,,,"י""ח",500,"ל מ""ל",false,1,10.90,2.18,false,1,
8850206250592,false,רוטב צ'ילי סריראצ'ה 540 גרם (מזרח ומערב),מזרח ומערב יבוא ושיווק,,,"י""ח",530,ל גרם,false,1,19.90,3.75,false,1,
8850367994021,false,"רוטב צ'ילי מתוק ללא סוכר מזרח ומערב ללא גלוטן 280 מ""ל",מזרח ומערב יבוא ושיווק,,,"י""ח",280,"ל מ""ל",false,1,10.90,3.89,false,1,
8850389103111,false,סאפי משקה אלוורה בטעם ענבים 300מל,פארייפאבה אגרואינדוס,,,"י""ח",300,"ל מ""ל",false,1,7.20,2.30,true,1,
8850389103128,false,"משקה קל סאפה בטעם תפוח 300 מ""ל",פארייפאבה אגרואינדוס,,,"י""ח",300,"ל מ""ל",false,1,7.20,2.30,true,1,
8850389103159,false,"משקה ליצ'י עם חתיכות גלי קוקוס 320 מ""ל מוגו מוגו",סאפה פובליק קומפני לימיט,,,"י""ח",320,"ל מ""ל",false,1,6.90,2.06,true,1,
8850389104637,false,"משקה קל סאפה אלוורה אפרסק 300 מ""ל",פארייפאבה אגרואינדוס,,,"י""ח",300,"ל מ""ל",false,1,7.20,2.30,true,1,
8850389105825,false,משקה אלוורה בטעם ענבים סאפה 1 ליטר,סאפה פובליק קומפני לימיט,,,"י""ח",1,ליטר,false,1,13,13,false,1,
8850389105832,false,סאפה משקה אלוורה בטעם תפוח עם קוביות אלוורה 1 ליטר,סאפה פובליק קומפני לימיט,,,"י""ח",1,ליטר,false,1,13,13,false,1,
8850389105849,false,סאפה משקה אלוורה מופחת קלוריות בטעם אפרסק 1 ליטר,סאפה פובליק קומפני לימיט,,,"י""ח",1,ליטר,false,1,13,13,false,1,
8850389111352,false,"משקה מלון עם חתיכות גלי קוקוס 320 מ""ל מוגו מוגו",סאפה פובליק קומפני לימיט,,,"י""ח",320,"ל מ""ל",false,1,6.90,2.06,true,1,
8850389115312,false,"סאפה אלוורה מלון בקבוק 300 מ""ל",סאפה פובליק קומפני ל,,,"י""ח",300,"ל מ""ל",false,1,7.20,2.30,true,1,
8850389115336,false,משקה אלוורה בטעם מלון סאפה 1 ליטר,סאפה פובליק קומפני לימיט,,,"י""ח",1,ליטר,false,1,13,13,false,1,
8850632604259,false,"יוגטה, חיספוסים, ממתק חמוץ בצורת מקלות בטעם תות שדה,50 גרם",ליימן שליסל בע`מ,,,"י""ח",50,ל גרם,false,1,3.50,7,true,1,
8850632604266,false,"יוגטה, ממתק חמוץ בצורת מקלות בטעם קולה, 50 גרם",ליימן שליסל בע`מ,,,"י""ח",50,ל גרם,false,1,3.50,7,true,1,
8850632604372,false,"יוגטה, חיספוסים בצורת שטיח בטעם תות שדה 50 גרם",ליימן שליסל בע`מ,,,"י""ח",50,ל גרם,false,1,3.50,7,true,1,
8850632604402,false,יוגטה חיספוסים בטעם מעורב תות שדה אבטיח ענבים בננה 50 גרם,ליימן שליסל בע`מ,,,"י""ח",50,ל גרם,false,1,3.50,7,true,1,
8850632605201,false,"יוגטה, חיספוסים, ממתק חמוץ בצורת שטיח, בטעם מעורב- תות בננה, תפוח, תפוז, 50 גרם",הדקלאים אגודת שיתופי,,,"י""ח",50,ל גרם,false,1,3.50,7,true,1,
8850632606390,false,"יוגטה, חיספוסים, ממתק חמוץ בצורת שטיח בטעם אבטיח, 50 גרם",ליימן שליסל בע`מ,,,"י""ח",50,ל גרם,false,1,3.50,7,true,1,
8851613101385,false,"חלב קוקוס ארוי-די קרטון 500מ""ל",גורי מוצרי צריכה (1991) בעמ,,,"י""ח",500,"ל מ""ל",false,1,13.90,2.78,false,1,
8857101301008,false,רוטב צילי מתוק וילי 700 מל יצרןמותג: פאן,ג.וילי פוד אינטרנשיונל בעמ,,,"י""ח",700,"ל מ""ל",false,1,9.90,1.41,false,1,
8858271002887,false,רוטב טריאקי 250 מ'ל - מקסצ'אפ,מזרח ומערב יבוא ושיווק,,,"י""ח",250,"ל מ""ל",false,1,12.90,5.16,true,1,
8858271003068,false,"רוטב סויה מתוקה כהה 250 מ""ל מקסצאפ",מזרח ומערב יבוא ושיווק,,,"י""ח",250,"ל מ""ל",false,1,12.90,5.16,true,1,
8858271004126,false,רוטב חמוץ מתוק 700 מ'ל - מקסצ'אפ,מזרח ומערב יבוא ושיווק,,,"י""ח",700,"ל מ""ל",false,1,16.90,2.41,false,1,
8858271004799,false,"רוטב צילי מתוק אל פורפסיס 700 מ""ל",מזרח ומערב יבוא ושיווק,,,"י""ח",700,"ל מ""ל",false,1,12.90,1.84,false,1,
8858271005451,false,"רוטב סויה פורמולה 1 - 250 מ""ל מקסצ'אפ",מזרח ומערב יבוא ושיווק,,,"י""ח",250,"ל מ""ל",false,1,11.90,4.76,true,1,
8858271005772,false,"רוטב סויה ללא גלוטן (תמרי)300 מ""ל (כ)",מזרח ומערב יבוא ושיווק,,,"י""ח",300,"ל מ""ל",false,1,16.90,5.63,false,1,
8888021200256,false,סוללות אנרג'ייזר AA מקס 8 יחידות,יצרן: אנרג'ייזר סינג,,,"י""ח",1,,false,1,27.90,27.90,true,1,
8888021200720,false,סוללות אנרג'ייזר AAA מקס 8 יחידות,יצרן: אנרג'ייזר סינג,,,"י""ח",1,,false,1,19.90,19.90,false,1,
8888111030053,false,"מיץ אננס SW טבעי מארז 240X4מ""ל פרימיום",בני פאוזי שמשום (2009) בעמ,,,"י""ח",960,"ל מ""ל",false,1,16.90,1.64,true,1,
8888757103005,false,"שמן שומשום טהור 300 מ""ל",אוך אייק גואן פוד אינדוס,,,"י""ח",300,"ל מ""ל",false,1,19,6.33,false,1,
8901138825591,false,"הימלאיה משחת שיניים מלבינה 75 מ""ל",הימלאיה Himalaya,,,"י""ח",1,,false,1,19.90,19.90,true,1,
8901537024014,false,"אורז בסמטי מובחר 1 ק""ג - דוואט) יורה דיעה",ג. וילי-פוד אינטרנשיונל בע`מ,,,"י""ח",1,"ק""ג",false,1,13.90,13.90,true,1,
8938505846019,false,"דפי אורז עגול גדול 22 ס""מ שקדיה 250 גרם",דין שיווק וקליה 2021 בעמ,,,"י""ח",250,ל גרם,false,1,9.90,3.96,false,1,
9000101329742,false,סבון אסלה בניחוח מתחלף אפרסק תפוח 50 ג' ברף,גורי שיווק בעמ,,,"י""ח",50,"ל מ""ל",false,1,9.90,19.80,false,1,
9000101372878,false,קפסולות דיסקס לניקוי כביסה לבנה וצבעונית Deep Clean,גורי שיווק בעמ,,,"י""ח",22,"י""ח",false,1,29.90,1.36,false,1,
9000101418163,false,שלישיית סבון אסלה בניחוח מתחלף תפוח ירוק ברף,גורי שיווק בעמ,,,"י""ח",50,"ל מ""ל",false,1,17.90,35.80,false,1,
9000101512526,false,פרסיל - פאוור קאפס קפסולות ג'ל מרוכזות לכביסה 26 יח',גורי שיווק בעמ,,,"י""ח",26,"י""ח",false,1,32.90,1.27,false,1,
9000101515596,false,קפסולות ג'ל מרוכזות לכביסה צבעונית 56 יח' פרסיל,גורי שיווק בעמ,,,"י""ח",56,"י""ח",false,1,54.90,0.98,true,1,
9000101515817,false,קפסולות ג'ל כביסה לבנה וצבעונית 56 יח' פרסיל,גורי שיווק בעמ,,,"י""ח",56,"י""ח",false,1,54.90,0.98,true,1,
9000101520965,false,שלישיית סבון אסלה בניחוח מתחלף לוטוס עדין ברף,גורי שיווק בעמ,,,"י""ח",50,"ל מ""ל",false,1,17.90,35.80,false,1,
9001616202186,false,"בקבוק לתינוק 330 מ""ל 4+ חודשים Easy Active",טרופיקל דגיל תעשיות,,,"י""ח",260,"ל מ""ל",false,1,38.90,14.96,false,1,
9001616202445,false,מוצץ לתינוק מיני אולטי סיליקון עיגולים מאם 2 יחידות,אלפא קוסמטיקה בעמ,,,"י""ח",1,,false,1,34.90,34.90,false,1,
9001616661099,false,"בקבוק לתינוק 270 מ""ל 2+ חודשים Easy Active",אלפא קוסמטיקה בעמ,,,"י""ח",260,"ל מ""ל",false,1,38.90,14.96,false,1,
9001616680991,false,"בקבוק לתינוק אנטי קוליק מאמ 260 מ""ל",אלפא קוסמטיקה בעמ,,,"י""ח",260,"ל מ""ל",false,1,38.90,14.96,false,1,
9001616681363,false,מאם בקבוק אנטי קוליק 260 מל ורוד,אלפא קוסמטיקה בעמ,,,"י""ח",260,"ל מ""ל",false,1,38.90,14.96,false,1,
9001616702600,false,זוג מוצצים בנות 0-2 ננו סיליקון,אלפא קוסמטיקה בעמ,,,"י""ח",1,,false,1,34.90,34.90,false,1,
9001616702686,false,זוג מוצצים סיליקון אי לאב מאמי מאמ 0-6 ורוד,אלפא קוסמטיקה,,,"י""ח",1,,false,1,34.90,34.90,false,1,
9001616702716,false,זוג מוצצים סיליקון זוהרים בלילה מאמ +6 ורוד,אלפא קוסמטיקה בעמ,,,"י""ח",1,,false,1,34.90,34.90,false,1,
9001616702877,false,זוג מוצצים סיליקון מאמ +16 ורוד,אלפא קוסמטיקה בעמ,,,"י""ח",1,,false,1,34.90,34.90,false,1,
9001616702969,false,"בקבוק 270מ""ל ללא חלקים מתפרקים ורוד",אלפא קוסמטיקה בעמ,,,"י""ח",260,"ל מ""ל",false,1,38.90,14.96,false,1,
9001616703010,false,"בקבוק 330מ""ל ללא חלקים מתפרקים",אלפא קוסמטיקה בעמ,,,"י""ח",260,"ל מ""ל",false,1,38.90,14.96,false,1,
9005835312718,false,"קלרו פירמידה מלח למדיח כלים 1 ק""ג CLARO","יעקב יעקבי ובניו בע""מ",,,"י""ח",1,"י""ח",false,1,13.90,13.90,true,1,
9005835312732,false,"קלרו נוזל הברקה למדיח כלים 500 מ""ל CLARO","יעקב יעקבי ובניו בע""מ",,,"י""ח",1,"י""ח",false,1,13.90,13.90,true,1,
9005835313609,false,קלרו טבליות למדיח כלים 15 יחידות CLARO,יעקב יעקבי ובניו בעמ,,,"י""ח",15,"י""ח",false,1,9.90,0.66,false,1,
9044400820180,false,פז סוכריות דחוסות בטעם פירות,ר.ב. מוצרי דגנים בעמ,,,"י""ח",25.50,ל גרם,false,1,12.90,50.59,true,1,
9044400841000,false,בובת פז Pez + שלוש יחידות סוכריות למילוי,ר.ב. מוצרי דגנים בעמ,,,"י""ח",25.50,ל גרם,false,1,13.50,52.94,false,1,
9044400851672,false,סוכריות פז סוגים שונים + 3 מילויים,ר.ב. מוצרי דגנים בעמ,,,"י""ח",25.50,ל גרם,false,1,11.90,46.67,false,1,
9044400885578,false,סוכ.פז מילוי ט.פירות68גר,ר.ב. מוצרי דגנים בעמ,,,"י""ח",8,"י""ח",false,1,10.90,1.36,false,1,
9044400885745,false,פז סוכריות דחוסות בטעם פירות,ר.ב. מוצרי דגנים בעמ,,,"י""ח",25.50,ל גרם,false,1,12.90,50.59,true,1,
9044400885752,false,פז סוכריות דחוסות בטעם פירות,ר.ב. מוצרי דגנים בעמ,,,"י""ח",25.50,ל גרם,false,1,12.90,50.59,true,1,
9120025834723,false,חטיף אוראו מצונן 120 גרם רבנות,ג.וילי-פוד אינטרנשיונל **גבינו,,,"י""ח",120,ל גרם,false,1,14.90,12.42,false,1,
9120025839896,false,חטיף מילקה מצונן 128 גרם,ג.וילי-פוד אינטרנשיונל **גבינו,,,"י""ח",128,ל גרם,false,1,14.90,11.64,false,1,
9120097310545,false,חטיף מיני מיניונים מצונן 102.5 ג' CHOCO BITE,ג.וילי-פוד אינטרנשיונל **גבינו,,,"י""ח",102,ל גרם,false,1,14.90,14.61,false,1,
9120097310583,false,חטיף שוקו בננה מיניונים מצונן 108 גרם רבנות,ג.וילי-פוד אינטרנשיונל **גבינו,,,"י""ח",108,ל גרם,false,1,14.90,13.80,false,1,
9310088007015,false,דיפנד תחבושות אוברנייט בלילה,קימברלי קלארק ישראל שיווק בעמ,,,"י""ח",1,,false,1,19.90,19.90,true,1,
9770793914006,false,עיתון גירוסלים פוסט יום שישי,ג רוזלם פוסט בעמ,,,"י""ח",1,,false,1,18,18,false,1,
9771565025005,false,עיתון מעריב סוף השבוע,ג רוזלם פוסט בעמ,,,"י""ח",1,,false,1,6,6,true,1,
9771565038319,false,עיתון ידיעות אחרונות,ידיעות אחרונות בעמ,,,"י""ח",1,,false,1,7,7,false,1,
9771565038333,false,עיתון ידיעות אחרונות,ידיעות אחרונות בעמ,,,"י""ח",1,,false,1,7,7,false,1,
9771565038357,false,עיתון ידיעות אחרונות,ידיעות אחרונות בעמ,,,"י""ח",1,,false,1,7,7,false,1,
9771565039125,false,עיתון לאישה יום ב,ידיעות אחרונות בעמ,,,"י""ח",1,,false,1,21.90,21.90,false,1,
9771565039156,false,עיתון לאשה יום ה,ידיעות אחרונות בעמ,,,"י""ח",1,,false,1,21.90,21.90,false,1,
9771565051011,false,עיתון ידיעות אחרונות,ידיעות אחרונות בעמ,,,"י""ח",1,,false,1,20,20,true,1,
9771565051035,false,ידיעות אחרונות שבת ג.,ידיעות אחרונות בעמ,,,"י""ח",1,,false,1,20,20,true,1,
9771565051066,false,עיתון ידיעות אחרונות,ידיעות אחרונות בעמ,,,"י""ח",1,,false,1,20,20,true,1,
72900111108113,true,חסה,ביכורי השדה צפון 1994 ג.ד. בעמ,,,"י""ח",1,,false,1,6.90,6.90,false,1,
72900115334050,true,סלרי,ביכורי השדה צפון 1994 ג.ד. בעמ,,,"י""ח",1,,false,1,6.90,6.90,true,1,
72900150037549,true,חסה חסלט,ביכורי השדה צפון 1994 ג.ד. בעמ,,,"י""ח",1,,false,1,6.90,6.90,false,1,
72901008010259,true,אפרסמון,ביכורי השדה צפון 1994 ג.ד. בעמ,,,"ק""ג",1,"ק""ג",true,1,11.90,11.90,false,1,
