code,internal_code,name,manufacturer_name,manufacture_country,manufacturer_item_description,unit_qty,quantity,unit_of_measure,weighted,qty_in_package,price,unit_of_measure_price,allow_discount,status,item_id
54051140,false,מעדן סויה טעם וניל אלפרו רביעיה * 125 ג',הנסיך- מפעל לייצור ט,BE,מארז מעדן סויה וניל,גרמים,500.00,100 גרם,false,,15.90,0.0318,true,1,6661
54051157,false,מעדן סויה טעם שוקו אלפרו רביעיה 125 ג',קריות זול,BE,מארז מעדן סויה שוקול,גרמים,500.00,100 גרם,false,,15.90,0.0318,true,1,14417
72917367,false,טעמי חטיף במילוי קרם נוגט וקרמל,"שטראוס גרופ בע""מ",IL,טעמי 40 גרם,גרמים,40.00,100 גרם,false,,3.90,0.0975,true,1,61237
72940754,false,"מילקי מעדן וניל עם קצפת שטראוס 133 מ""ל","שטראוס גרופ בע""\מ",IL,מילקי וניל 133 גרם,גרמים,133.00,100 גרם,false,,2.80,0.0211,true,1,2509
72940761,false,"מילקי מעדן שוקולד עם קצפת שטראוס 133 מ""ל",מיוצר עי קונדיטוריית,IL,מילקי שוקולד 133 גרם,מיליליטרים,133.00,"100 מ""ל",false,,2.80,0.0211,true,1,2510
72940952,false,מעדן מילקי בטעם שוקולד עם אקסטרה קצפת,"שטראוס גרופ בע""\מ",IL,מילקי אקסטרה קצפת 17,מיליליטרים,170.00,"100 מ""ל",false,,3.50,0.0206,true,1,25
72961209,false,"שמנת חמוצה 15% 200מל בד""צ תנובה",תנובה מרכז שיתופי לש,IL,שמנית חמוצה 15% תנוב,מיליליטרים,200.00,"100 מ""ל",false,,2.40,0.0120,true,1,2513
72961216,false,**אשד מהדרין 5% 200מל,תנובה מרכז שיתופי לש,IL,"אשל תנובה 200 מ""ל",מיליליטרים,200.00,"100 מ""ל",false,,1.65,0.0082,true,1,2514
72961223,false,"גילה 3% תנובה 200 מ""ל",תנובה מרכז שיתופי לש,IL,"גיל תנובה 200 מ""ל",מיליליטרים,200.00,"100 מ""ל",false,,1.50,0.0075,true,1,2515
72961520,false,"פרילי יוגורט עם אננס 1.5% תנובה 125 מ""ל",מיוצר עי קונדיטוריית,IL,פרילי אננס 125 גרם,מיליליטרים,125.00,"100 מ""ל",false,,3.40,0.0272,true,1,2524
72986370,false,"גלידת בן & ג'ריס פיינטים וניל 500מ""ל",מוצרי איכות אמריקאיים,IL,גלידת שמנת בן אנד גר,מיליליטרים,500.00,"100 מ""ל",false,,16.90,0.0338,true,1,42631
72986424,false,"גלידת בן & ג'ריס פיינטים קרם עוגיות 500מ""ל",מוצרי איכות אמריקאיים בע,IL,גלידת שמנת בן אנד גר,מיליליטרים,500.00,"100 מ""ל",false,,16.90,0.0338,true,1,42633
72989425,false,"גלידת בן & ג'ריס פיינטים שוקולד בראוניז 500מ""ל",מוצרי איכות אמריקאיים בע,IL,גלידת שמנת בן אנד גר,מיליליטרים,500.00,"100 מ""ל",false,,16.90,0.0338,true,1,46056
72991886,false,"גלידת דולצ'ה בטעם ריבת חלב עם פאדג' בן וג'ירי 500 מ""ל",מוצרי איכות אמריקאיים בע,IL,גלידת שמנת בן אנד גר,מיליליטרים,500.00,"100 מ""ל",false,,16.90,0.0338,true,1,42634
80773429,false,מנטוס בקבוק מעוגל - מסטיק ללא סוכר בטעם תות 60 גרם,"פרפטי ואן מלה ג'\ידה,סאן",TR,מסטיק מנטוס צנצנת בט,גרמים,60.00,100 גרם,false,,8.90,0.1483,true,1,42218
80773443,false,מנטוס בקבוק מעוגל - מסטיק ללא סוכר בטעם מנטה 60 גרם,"פרפטי ואן מלה ג'\ידה,סאן",TR,מסטיק מנטוס ספרמנט ב,גרמים,60.00,100 גרם,false,,8.90,0.1483,true,1,31756
80790990,false,מסטיק מנטוס בבקבוק מעוגל בטעם פירות -מנטה 60 ג',"פרפטי ואן מלה ג'\ידה,סאן",TR,מסטיק מנטוס בבלפרש ב,גרמים,60.00,100 גרם,false,,8.90,0.1483,true,1,31755
80843184,false,מנטוס מסטיק פיור פרש בטעם ענבים 60גר,פרפטי ואן מלה הולנד,TR,מסטיק מנטוס פיור פרש,Unknown,0.00,יחידה,false,,8.90,0.0000,true,1,59042
80862260,false,מסטיק מנטוס פיור וויט מנטה מתוקה 150 גר,"פרפטי ואן מלה ג'ידה,סאן",TR,מסטיק מנטוס פיור מנט,גרמים,150.00,100 גרם,false,,15.90,0.1060,true,1,62533
80864295,false,סוכריות פיור וויט טעם מנטה עדינה 60 ג' מנטוס,"פרפטי ואן מלה ג'ידה,סאן",TR,מסטיק מנטוס פיור ווי,גרמים,60.00,100 גרם,false,,8.90,0.1483,true,1,59041
80896081,false,מנטוס בקבוק מעוגל - מסטיק ללא סוכר בטעם אבטיח 60 גרם,"פרפטי ואן מלה ג'\ידה,סאן",TR,מסטיק מנטוס צנצנת בט,גרמים,60.00,100 גרם,false,,8.90,0.1483,true,1,43403
80913467,false,מנטוס בקבוק מעוגל - מסטיק ללא סוכר בטעם מנטה,פרפטי ואן מלה הולנד,TR,מסטיק מנטוס מנטה בבק,גרמים,60.00,100 גרם,false,,8.90,0.1483,true,1,31757
80945468,false,סוכריות פיור וויט טעם מנטה מתוקה 60 ג' מנטוס,"פרפטי ואן מלה ג'ידה,סאן",TR,מסטיק מנטוס פיור ווי,גרמים,60.00,100 גרם,false,,8.90,0.1483,true,1,59043
80979128,false,מנטוס מסטיק בקבוק מעוגל בטעם דובדבן,פרפטי ואן מלה הולנד,TR,מסטיק מנטוס פיור פרש,גרמים,60.00,100 גרם,false,,8.90,0.1483,true,1,59044
80986348,false,סוכריות פיור וויט טעם מנטה 60 ג' מנטוס,"פרפטי ואן מלה ג'ידה,סאן",TR,מסטיק מנטוס פיור ווי,Unknown,0.00,יחידה,false,,8.90,0.0000,true,1,59045
80995128,false,מנטוס בקבוק עגול בטעם הדרים בתוספת ויטמינים 60 גרם,פרפטי ואן מלה הולנד,TR,מסטיק מנטוס צנצנת בט,גרמים,60.00,100 גרם,false,,8.90,0.1483,true,1,64890
87108651,false,סוכריות בטעם מנטה מנטוס 4*37.5 גרם,הדקלאים אגודת שיתופי,NL,מנטוס מנטה 4 יח,גרמים,150.00,100 גרם,false,,9.90,0.0660,true,1,2766
87108712,false,סוכריות בטעם פירות מנטוס 4*37.5 גרם,פרפטי ואן מלה ברדה,NL,מנטוס טעם פירות 4 יח,גרמים,150.00,100 גרם,false,,9.90,0.0660,true,1,2767
11210000155,false,"רוטב טבסקו על בסיס פלפל אדום 150 מ""ל",ניצן,US,רוטב טבסקו אדום 150,מיליליטרים,150.00,"100 מ""ל",false,,17.90,0.1193,true,1,38961
11210007352,false,רוטב טבסקו שום 150 מ,ניצן,US,רוטב טבסקו שום 150 מ,מיליליטרים,150.00,"100 מ""ל",false,,17.90,0.1193,true,1,50809
11210009219,false,רוטב טבסקו ירוק 150,ניצן,US,רוטב טבסקו ירוק 150,מיליליטרים,150.00,"100 מ""ל",false,,17.90,0.1193,true,1,50811
11210698055,false,רוטב טבסקו סרירציה 566 גרם,מקאילהייני קו,US,רוטב סרירצ'ה טבסקו 5,גרמים,566.00,100 גרם,false,,24.90,0.0440,true,1,38960
16000292819,false,מארז נייטשר ואלי ש.ש,גנרל מילס,ES,מארז נייטשר ואלי ש.ש,גרמים,252.00,100 גרם,false,,11.90,0.0472,true,1,63074
18000701223,false,"פילסברי, עוגה בטעם שוקולד, תערובת להכנת עוגה בטעם שוקולד. 500 גרם",הדקלאים אגודת שיתופי,IL,תערובת לעוגת שוקולד,גרמים,500.00,100 גרם,false,,15.90,0.0318,true,1,405
18000703494,false,"פילסברי, עוגה בטעם וניל, תערובת להכנת עוגה בטעם וניל. 500 גרם.",הדקלאים אגודת שיתופי,IL,תערובת לעוגת וניל 50,גרמים,500.00,100 גרם,false,,15.90,0.0318,true,1,406
18176787007,false,שוקולד טורינו מריר פרווה 100 גר',שוקולה קמיל בלוך,IL,שוקולד טורינו 100 גר,גרמים,100.00,100 גרם,false,,9.90,0.0990,true,1,422
21723339994,false,"רוטב דגים 300מ""ל (טיפרוס) (כ)",טאנג סאנג ראר קי,TH,רוטב דגים מזרח ומערב,מיליליטרים,300.00,"100 מ""ל",false,,9.50,0.0317,true,1,49704
21859046162,false,"דגני בוקר מתוקים באנץ' קראנץ' ""קמח"" 453 גרם",גליסטר מארי לי,US,דגני בוקר באנץ קראנץ,גרמים,453.00,100 גרם,false,,27.90,0.0616,true,1,57570
22200956932,false,דאודורנט ספיד סטיק גל 24/7 כחול 85 גר,הנסיך- מפעל לייצור ט,US,דאו גל ספיד סטיק כחו,גרמים,85.00,100 גרם,false,,18.90,0.2224,true,1,9562
22200956949,false,דאודורנט ג'ל כתום לגבר ספיד סטיק 85 גרם,קולגייט-פלמוליב,US,דאו גל ספיד סטיק כתו,גרמים,85.00,100 גרם,false,,18.90,0.2224,true,1,9561
25675094703,false,פשקס לקקן טוטי פרוטי 50 יח' באריזה,DORI ALIMENTOS LTDA,NL,לקקן טופי דובדבן פשק,גרמים,540.00,100 גרם,false,,15.90,0.0294,true,1,4099
25675094710,false,לקקן טופי בטעם יוגורט,DORI ALIMENTOS LTDA,NL,לקקן טופי יוגורט פשק,גרמים,540.00,100 גרם,false,,15.90,0.0294,true,1,9346
25675094727,false,פשקס לקקן תות 50 יח' באריזה,DORI ALIMENTOS LTDA,NL,לקקן טופי תות 50 יח,גרמים,540.00,100 גרם,false,,15.90,0.0294,true,1,4100
25675094741,false,לקקן טופי פטל פשקס 5,DORI ALIMENTOS LTDA,NL,לקקן טופי פטל פשקס 5,גרמים,540.00,100 גרם,false,,15.90,0.0294,true,1,4098
25675705654,false,בצל מטוגן פריך בשקית פשקז 400ג',איסטרוניקס,IL,בצל מטוגן פריך שקית,גרמים,400.00,100 גרם,false,,11.90,0.0298,true,1,17703
25675950313,false,פשקס סוכריות אודלס תות מארז שקית,ג'ודילינג פודס קומפנ,CN,סוכריות אודלס פשקס ב,גרמים,224.00,100 גרם,false,,12.90,0.0576,true,1,24710
25675950351,false,פשקס סוכריות אודלס דובדבן מארז שקית,ג'ודילינג פודס קומפנ,CN,סוכריות אודלס פשקס ב,גרמים,224.00,100 גרם,false,,12.90,0.0576,true,1,24711
25675950382,false,פשקס סוכריות אודלס פטל מארז שקית,ג'ודילינג פודס קומפנ,CN,סוכריות אודלס פשקס ב,גרמים,224.00,100 גרם,false,,12.90,0.0576,true,1,24712
34000544028,false,סוכריות ארוכות בטעם תות טוויזלרס Twizzlers,ליימן מותגים,US,טוויזלרס ממתק בטעם ת,גרמים,198.00,100 גרם,false,,6.90,0.0348,true,1,7624
34000544431,false,ממתקי הרשיז טוויזלרס טעם דובדבן 172 גרם,ליימן מותגים,US,טוויזלרס ממתק בטעם ד,גרמים,170.00,100 גרם,false,,6.90,0.0406,true,1,60030
35000458476,false,קולגייט מברשת שיניים ילדים מארז רביעייה,קולגייט פלמוליב,VN,מברשת קולגייט ילדים,Unknown,0.00,יחידה,false,,17.90,0.0000,true,1,46034
37600207188,false,חמאת בוטנים קלאסי סקיפי 462 גרם,חברת המזון אלגוד,US,חמאת בוטנים קלאסי סק,גרמים,462.00,100 גרם,false,,17.90,0.0387,true,1,56575
37600207256,false,חמאת בוטנים עם שברי בוטנים סקיפי 462 גרם,חברת המזון אלגוד,US,חמאת בוטנים עם שברי,גרמים,462.00,100 גרם,false,,17.90,0.0387,true,1,56576
38000202278,false,חטיף צ'יפס גלי בטעם אורגינל מלוח,פרינגלס מניופקצ'\ורינג ק,US,פרינגלס קלאסי וויבי,גרמים,130.00,100 גרם,false,,7.90,0.0608,true,1,55073
38000232183,false,פרינגלס ביג אורגינל 149 גרם,פרינגלס מנופקצ'ורינג קונ,US,פרינגלס אורגינל 149,גרמים,149.00,100 גרם,false,,7.90,0.0530,true,1,49635
41190007097,false,"חומץ תפוחים שופרייט 946 מ""ל",,,חומץ תפוחים שופרייט,מיליליטרים,946.00,"100 מ""ל",false,,11.90,0.0126,true,1,63066
41390001451,false,רוטב סויה קיקומן 1.2 קילו,קיקומן פודז אינק,US,רוטב סויה קיקומן 1.2,קילוגרמים,1.20,ליטר,false,,29.90,24.9167,true,1,63674
43427199001,false,"חומץ תפוחים אורגני 500 מ""ל ""ליברס""",אקווינאל אס. אל.,ES,חומץ תפוחים אורגני,מיליליטרים,500.00,"100 מ""ל",false,,16.90,0.0338,true,1,61891
43427240017,false,"חומץ בלסמי אורגני כשל""פ 500 מ""ל ""ליברס""",ליברס,IL,חומץ בלסמי אורגני לי,מיליליטרים,500.00,"100 מ""ל",false,,21.90,0.0438,true,1,61233
43427245005,false,"מחית תפוחים ממותק פאוץ 4*90 גרם ֿֿֿֿ""ליברסֿֿֿֿ""",ליברס,IL,"מחית תפו""ע עם פקק לי",גרמים,360.00,100 גרם,false,,11.90,0.0331,true,1,61894
44164102385,false,נרונים 72 יחידות 4 שעות - שרגא,שרגא שווק ויצור נרות,IL,נרונים 4 שעות שרגא 7,Unknown,0.00,יחידה,false,,25.90,0.0000,true,1,1468
44164102453,false,נרונים 72 יחידות 6 שעות - שרגא,שרגא שווק ויצור נרות,IL,נרונים 6 שעות שרגא 7,Unknown,0.00,יחידה,false,,31.90,0.0000,true,1,1469
44164234345,false,שמן פראפין למאור סגו,שרגא שווק ויצור נרות,IL,שמן פראפין למאור סגו,קילוגרמים,1.00,ליטר,false,,19.90,19.9000,true,1,59209
44164236950,false,שמן פראפין למאור כחו,שרגא שווק ויצור נרות,IL,שמן פראפין למאור כחו,קילוגרמים,1.00,ליטר,false,,19.90,19.9000,true,1,59210
44164267695,false,שמן פראפין למאור אדו,שרגא שווק ויצור נרות,IL,שמן פראפין למאור אדו,קילוגרמים,1.00,ליטר,false,,19.90,19.9000,true,1,59211
44164290129,false,שמן פראפין למאור שקו,שרגא שווק ויצור נרות,IL,שמן פראפין למאור שקו,קילוגרמים,1.00,ליטר,false,,19.90,19.9000,true,1,59212
44164290907,false,שמן פראפין למאור צהו,שרגא שווק ויצור נרות,IL,שמן פראפין למאור צהו,קילוגרמים,1.00,ליטר,false,,19.90,19.9000,true,1,59213
44164341142,false,נר זיכרון דולק 7 ימים -פלסטיק,שרגא שווק ויצור נרות,IL,נר זכרון 7 ימים שרגא,Unknown,0.00,יחידה,false,,8.90,0.0000,true,1,26663
44164369962,false,נר זיכרון דולק 9 ימים -פלסטיק,שרגא שווק ויצור נרות,IL,נר זכרון 9 ימים שרגא,Unknown,0.00,יחידה,false,,11.90,0.0000,true,1,26662
44600300580,false,כלורוקס קלין אפ פרש נוזל לניקוי רב תכלית,כלורוקס אוקלנד,US,תרסיס כלורקס קלין אפ,מיליליטרים,946.00,"100 מ""ל",false,,19.90,0.0210,true,1,56518
48256219456,false,תרסיס אסטוניש לניקוי,יעקב יעקובי,IL,תרסיס אסטוניש לניקוי,מיליליטרים,750.00,"100 מ""ל",false,,9.90,0.0132,true,1,60594
48256296181,false,תרסיס אסטוניש לניקוי,יעקב יעקובי,IL,תרסיס אסטוניש לניקוי,מיליליטרים,750.00,"100 מ""ל",false,,9.90,0.0132,true,1,60595
48256297164,false,תרסיס אסטוניש לניקוי,יעקב יעקובי,IL,תרסיס אסטוניש לניקוי,מיליליטרים,750.00,"100 מ""ל",false,,9.90,0.0132,true,1,24240
48256299557,false,תרסיס אסטוניש מסיר ע,יעקב יעקובי,IL,תרסיס אסטוניש מסיר ע,מיליליטרים,750.00,"100 מ""ל",false,,9.90,0.0132,true,1,24241
64144090013,false,פאם תרסיס על בסיס שמן קנולה בטעם חמאה,קונאגרה פודס,US,תרסיס שמן קנולה בטעם,מיליליטרים,148.00,"100 מ""ל",false,,13.90,0.0939,true,1,7468
64144090020,false,"ספריי שמן PAM בטעם שמן זית 141 מ""ל",קונאגרה פודס,US,תרסיס שמן זית פאם 14,מיליליטרים,148.00,"100 מ""ל",false,,13.90,0.0939,true,1,7467
64144090051,false,"ספריי שמן PAM קנולה אורגינל 148 מ""ל",קונאגרה פודס,US,תרסיס שמן קנולה פאם,מיליליטרים,148.00,"100 מ""ל",false,,13.90,0.0939,true,1,15210
70970471261,false,מייק לייק - סוכריות ג'לי בינס קרטונית טרופי אדום 141 גרם,גאסט בורן,US,סוכריות ג'לי טרופי,גרמים,141.00,100 גרם,false,,8.90,0.0631,true,1,54395
70970471278,false,מייק לייק - סוכריות ג'לי בינס קרטונית פירות יער כחול 141 גרם,גאסט בורן,US,סוכריות ג'לי אוכמניו,גרמים,141.00,100 גרם,false,,8.90,0.0631,true,1,54396
70970471285,false,מייק אנד אייק רד רייג'רס 141 גר',גאסט בורן,US,סוכריות ג'לי רד רייג,גרמים,141.00,100 גרם,false,,8.90,0.0631,true,1,55422
70970471308,false,"סוכריות מייק אייק רד רייג'רס, 141 ג'",גאסט בורן,US,סוכריות ג'לי ענבים מ,גרמים,141.00,100 גרם,false,,8.90,0.0631,true,1,56594
70970473562,false,מייק לייק - סוכריות ג'לי בינס קרטונית מגה מיקס 141 גרם,ג'\אסט בורן,US,סוכריות ג'לי מגה מיק,גרמים,141.00,100 גרם,false,,8.90,0.0631,true,1,52895
73490132346,false,משקה ענבים קונקורד ל,קדם,IL,משקה ענבים קונקורד ל,קילוגרמים,2.84,ליטר,false,,38.90,13.6972,true,1,31369
73490153419,false,מיץ ענבים קדם גאולה קונקורד 1.89 ליטר,קדם פוד פרודקטסn\,US,מיץ ענבים קדם 1.89 ל,קילוגרמים,1.89,ליטר,false,,26.90,14.2328,true,1,24691
73490154027,false,מיץ ענבים גאולה 2.84,קדם,IL,מיץ ענבים גאולה 2.84,קילוגרמים,2.84,ליטר,false,,38.90,13.6972,true,1,8872
73490154317,false,מיץ ענבים גאולה לבן 1.89 ל קדם,קדם פוד פרודקטסn\,US,מיץ ענבים לבן גאולה,קילוגרמים,1.89,ליטר,false,,26.90,14.2328,true,1,53715
75442100229,false,בונבונירה מתומן דובדבן 135גרם פינוקים,תות ממתקי איכות,IL,בונבוניירה פרוגרס דו,גרמים,135.00,100 גרם,false,,11.90,0.0881,true,1,2585
75442100250,false,בונבוניירה פרוגרס קפ,תות ממתקי איכות,IL,בונבוניירה פרוגרס קפ,גרמים,135.00,100 גרם,false,,11.90,0.0881,true,1,2587
77245110610,false,סוכריות מאסט ללא סוכר בטעם מנטה 80 ג'עלית,MIESZKO S.A - MS. JO,PL,סוכריות מאסט מנטה 80,גרמים,80.00,100 גרם,false,,6.90,0.0863,true,1,2603
77975036976,false,מטבל עגבניות בחריפות עדינה סניידרס 439 ג',סניידרס אוף האנובר,US,מטבל עגבניות סלסה בח,גרמים,439.00,100 גרם,false,,16.90,0.0385,true,1,60216
78328031303,false,דגני בוקר טבעות דגנים 396 גרם taanug,פוסט פודס,US,דגני בוקר טבעות דגני,גרמים,396.00,100 גרם,false,,26.90,0.0679,true,1,65284
78328171801,false,דגני בוקר ריבועי חיטה מלאה ודגנים 368 גרם,ויטביקס,US,דגני בוקר ריבועי חיט,גרמים,368.00,100 גרם,false,,27.90,0.0758,true,1,36341
80432400432,false,וויסקי שיבאס רגאל 12 שנה - ליטר,מזקקת האחים שיבאס,GB,ויסקי שיבאס 12 שנה 1,קילוגרמים,1.00,ליטר,false,,119.90,119.9000,true,1,36414
80432402825,false,"וויסקי גלגליווט 12 שנה 700 מ""ל",מזקקת גלנליווט,GB,ויסקי גלנליווט 12 שנ,מיליליטרים,700.00,"100 מ""ל",false,,149.90,0.2141,true,1,59697
87752002544,false,יין זינפנדל בר.הרצוג750מ,ברון הרצוג אל אג,US,יין ברון הרצוג זינפנ,מיליליטרים,750.00,"100 מ""ל",false,,34.90,0.0465,true,1,7511
87752005644,false,"יין מוסקטו ברטנורה 750 מ""ל",מיסזקו אס.איי,IT,יין ברטנורא מוסקטו,מיליליטרים,750.00,"100 מ""ל",false,,44.90,0.0599,true,1,5609
87752006481,false,יין ברטנורא גויווין,ארלדיקה קסטלברו אס.ס,IT,יין JOYVIN לבן תוסס,מיליליטרים,750.00,"100 מ""ל",false,,49.90,0.0665,true,1,44045
87752014271,false,"ברטנורא רוסו טוסקנו יין אדום 750 מ""ל",מיסזקו אס.איי,IT,יין ברטנורא רוסו טוס,מיליליטרים,750.00,"100 מ""ל",false,,34.90,0.0465,true,1,7509
87752017227,false,ליקר שוקולד שמרלינג 750מ,שמרלינג,IT,ליקר שמרלינג שוקולד,מיליליטרים,750.00,"100 מ""ל",false,,89.90,0.1199,true,1,15080
87752028551,false,יין אביר יעקב בלנד א,יקב שילה,IL,יין אביר יעקב בלנד א,מיליליטרים,750.00,"100 מ""ל",false,,139.90,0.1865,true,1,56078
96619016273,false,סירופ מייפל 1 ליטר ק,קיקומן פודז אינק,US,סירופ מייפל 1 ליטר ק,קילוגרמים,1.00,ליטר,false,,79.90,79.9000,true,1,64522
96619084104,false,רוטב סלסה אורגניק קי,קוסקו הולסייל,US,רוטב סלסה אורגניק קי,פריט,1.08,"ק""ג",false,,19.90,18.4259,true,1,60801
96619112098,false,מלח דק הימלאיה ורוד,קוסקו הולסייל,US,מלח דק הימלאיה ורוד,פריט,2.27,"ק""ג",false,,24.90,10.9692,true,1,53195
96619115471,false,קפסולות ג'ל כביסה או,מקברייד,BE,קפסולות ג'ל כביסה או,גרמים,882.00,100 גרם,false,,44.90,0.0509,true,1,64272
96619194025,false,נייר אפיה קירקלנד 50,קוסקו הולסייל,US,נייר אפיה קירקלנד 50,מטרים,50.00,מטר,false,,39.90,0.7980,true,1,61384
96619194162,false,נוזל כביסה בניחוח לב,קוסקו הולסייל,US,נוזל כביסה בניחוח לב,קילוגרמים,5.73,ליטר,false,,69.90,12.1990,true,1,55100
96619199914,false,וודקה קירקלנד 1.75 ל,,,וודקה קירקלנד 1.75 ל,קילוגרמים,1.75,ליטר,false,,99.90,57.0857,true,1,18689
96619206841,false,תרסיס שמן קנולה קירק,,,תרסיס שמן קנולה קירק,מיליליטרים,394.00,"100 מ""ל",false,,22.90,0.0581,true,1,48579
96619215645,false,שקיות אשפה ענק קירקל,,,שקיות אשפה ענק קירקל,Unknown,0.00,יחידה,false,,99.90,0.0000,true,1,47370
96619316809,false,נייר אלומניום עבה 30,,,נייר אלומניום עבה 30,מטרים,304.00,מטר,false,,129.90,0.4273,true,1,14401
96619316861,false,דפי נייר אלומניום קי,,,דפי נייר אלומניום קי,Unknown,0.00,יחידה,false,,69.90,0.0000,true,1,49240
96619332700,false,מלח גס הימלאיה ורוד,קוסקו הולסייל,US,מלח גס הימלאיה ורוד,גרמים,737.00,100 גרם,false,,19.90,0.0270,true,1,53172
96619332717,false,מלח גס ים תיכוני עם,קוסקו הולסייל,US,מלח גס ים תיכוני עם,גרמים,737.00,100 גרם,false,,19.90,0.0270,true,1,53173
96619332724,false,פלפל שחור שלם עם מטח,קוסקו הולסייל,US,פלפל שחור שלם עם מטח,גרמים,356.00,100 גרם,false,,39.90,0.1121,true,1,53174
96619338696,false,קמח שקדים קירקלנד 1.,הוגסטון נט אי אן סי,US,קמח שקדים קירקלנד 1.,פריט,1.36,"ק""ג",false,,79.90,58.7500,true,1,64165
96619679133,false,סירופ מייפל אורגני 1,קיקומן פודז אינק,US,סירופ מייפל אורגני 1,קילוגרמים,1.00,ליטר,false,,79.90,79.9000,true,1,16475
97643044546,false,"שוקולד רוזמרי קקאו שמרלינג 100 גרם כשל""פ",,,שוקולד שמרלינג מריר,גרמים,100.00,100 גרם,false,,11.50,0.1150,true,1,5682
97643044553,false,שוקולד טבלה שוויצרי מריר 85% שמרלינג 100ג',,IL,שוקולד שמרלינג מריר,גרמים,100.00,100 גרם,false,,11.50,0.1150,true,1,25831
97643044560,false,שוקולד טבלה שוויצרי מריר מנטה 72% 100 גר',שמרלינג,CH,שוקולד שמרלינג מריר,גרמים,100.00,100 גרם,false,,11.50,0.1150,true,1,50569
97643082449,false,שמרלינגס שוקולד רוזמרי 100ג,שמרלינג,CH,שוקולד שמרלינג פרלין,גרמים,100.00,100 גרם,false,,11.50,0.1150,true,1,5673
97643082548,false,שמרלינגס שוקולד מריר רוזמרי 100ג,שמרלינג,CH,שוקולד שמרלינג מריר,גרמים,100.00,100 גרם,false,,11.50,0.1150,true,1,5674
97643083040,false,שוקולד שמרלינגס רוזמרי חלב 100ג',שמרלינג,CH,שוקולד שמרלינג פרלין,גרמים,100.00,100 גרם,false,,11.50,0.1150,true,1,5671
97643083859,false,שוקולד טבלה שוויצרי רוזמרי קרמל 100 גר',שמרלינג,IL,שוקולד שמרלינג קרמל,גרמים,100.00,100 גרם,false,,11.50,0.1150,true,1,25687
97643084047,false,שוקולד שווצרי במילוי פרלין נוגאט,שמרלינג,,שוקולד שמרלינג פרלין,גרמים,100.00,100 גרם,false,,11.50,0.1150,true,1,5676
97643090345,false,"שוקולד טבלה רוזמרי חלבי לל""ס 100 גר'",,IL,שוקולד שמרלינג חלב ל,גרמים,100.00,100 גרם,false,,13.90,0.1390,true,1,10427
97643090444,false,שוקולד רוזמרי פרווה ללא סוכר 100 גר',,IL,שוקולד שמרלינג פרווה,גרמים,100.00,100 גרם,false,,13.90,0.1390,true,1,10428
194961000398,false,ביסקוויט בציפוי שוקו,שניידרס,FR,ביסקוויט בציפוי שוקו,גרמים,150.00,100 גרם,false,,12.90,0.0860,true,1,59404
194961000404,false,ביסקויט בציפוי שוקולד רו,שניידרס,FR,ביסקוויט בציפוי שוקו,גרמים,150.00,100 גרם,false,,12.90,0.0860,true,1,59405
194961000411,false,ממרח שוקולד וניל שני,SHNEIDER'S,NL,ממרח שוקולד וניל שני,גרמים,700.00,100 גרם,false,,21.90,0.0313,true,1,54467
194961000428,false,ממרח שוקולד חלבי שני,SHNEIDER'S,NL,ממרח שוקולד חלבי שני,גרמים,700.00,100 גרם,false,,21.90,0.0313,true,1,54468
194961001432,false,עוגיות פתיבר חמאה שנ,שניידרס,FR,עוגיות פתיבר חמאה שנ,גרמים,167.00,100 גרם,false,,12.90,0.0772,true,1,62766
194961001524,false,"מחית פרי תפו""ע לל""ס",שניידרס,FR,"מחית פרי תפו""ע לל""ס",גרמים,360.00,100 גרם,false,,12.90,0.0358,true,1,62914
194961001531,false,"מחית פרי תפו""ע ותות",שניידרס,FR,"מחית פרי תפו""ע ותות",גרמים,360.00,100 גרם,false,,12.90,0.0358,true,1,62915
194961001647,false,"עוגיות חמאה ש""צ רובין שי",שניידרס,FR,עוגיות חמאה שוקולד צ,גרמים,167.00,100 גרם,false,,12.90,0.0772,true,1,63206
305215251002,false,צמרוני אוזניים קיו ט,יוניליוור,US,צמרוני אוזניים קיו ט,Unknown,0.00,יחידה,false,,19.90,0.0000,true,1,44813
608614255214,false,מורינגה,,,מורינגה,Unknown,0.00,יחידה,false,,45.90,0.0000,true,1,62939
633016004108,false,מיני כרובית קפואה 680 גר',בסט מייסטר,EC,פרחי כרובית באגן 680,גרמים,680.00,100 גרם,false,,21.90,0.0322,true,1,65173
675470000142,false,נייר אפיה קשת 72 יח,טופ פלסט 2002 בעמ,IL,נייר אפיה קשת 72 יח,Unknown,0.00,יחידה,false,,9.90,0.0000,true,1,19431
681131129855,false,"שלוס בירה בלגית 5% פחית 500 מ""ל",מבשלת מרטנס,BE,בירה פילזנר שלוס קרו,מיליליטרים,500.00,"100 מ""ל",false,,5.90,0.0118,true,1,59030
693493001007,false,"גאון בניקיון תרסיס 350 מ""ל אריסטוקרט",אריסטוקרט,IL,תרסיס ניקוי גאון בני,מיליליטרים,350.00,"100 מ""ל",false,,18.90,0.0540,true,1,44616
693493008686,false,פרוביוטיקה 50B,,,פרוביוטיקה 50B,Unknown,0.00,יחידה,false,,59.90,0.0000,true,1,63003
693493034456,false,סרדין מרוקאי בשמן זי,אטלנטיק הום סרדינס א,MA,סרדין מרוקאי בשמן זי,גרמים,125.00,100 גרם,false,,5.90,0.0472,true,1,50685
693493034470,false,מקרל פילה בשמן חמניות 125 גר,U.P.A,MA,פילה מקרל בשמן סויה,גרמים,125.00,100 גרם,false,,5.90,0.0472,true,1,51497
693493034487,false,פילה סרדין בשמן זית 125גר,יוניון דה פחריס אפרי,MA,פילה סרדין בשמן זית,גרמים,125.00,100 גרם,false,,6.50,0.0520,true,1,50687
693493034494,false,פילה אנשובי בשמן חמנ,פטינה פוד,MA,פילה אנשובי בשמן חמנ,גרמים,100.00,100 גרם,false,,14.90,0.1490,true,1,49646
693493034524,false,מארז פילה אנשובי בשמ,פאטינה פוד,MA,מארז פילה אנשובי בשמ,גרמים,200.00,100 גרם,false,,21.90,0.1095,true,1,59194
693493089319,false,מולטי ויטמין אקסטרה,,,מולטי ויטמין אקסטרה,Unknown,0.00,יחידה,false,,59.90,0.0000,true,1,59010
693493089333,false,"ברזל עדין 30 מ""ג אקס",,,"ברזל עדין 30 מ""ג אקס",Unknown,0.00,יחידה,false,,59.90,0.0000,true,1,59002
693493089340,false,ויטמין C לא חומצי +,,,ויטמין C לא חומצי +,Unknown,0.00,יחידה,false,,59.90,0.0000,true,1,59005
693493089357,false,"סידן ציטראט 500 מ""ג",,,"סידן ציטראט 500 מ""ג",Unknown,0.00,יחידה,false,,59.90,0.0000,true,1,59003
693493089395,false,"ויטמין B12 מק""ג 1000",,,"ויטמין B12 מק""ג 1000",Unknown,0.00,יחידה,false,,59.90,0.0000,true,1,59007
693493089463,false,דובוני ויטמין D לילד,,,דובוני ויטמין D לילד,Unknown,0.00,יחידה,false,,39.90,0.0000,true,1,59033
693493089470,false,דובוני ויטמין C לילד,,,דובוני ויטמין C לילד,Unknown,0.00,יחידה,false,,39.90,0.0000,true,1,59034
693493089487,false,דובוני מולטי ויטמין,,,דובוני מולטי ויטמין,Unknown,0.00,יחידה,false,,39.90,0.0000,true,1,59013
693493089494,false,דגי אומגה 3 לילדים א,,,דגי אומגה 3 לילדים א,Unknown,0.00,יחידה,false,,39.90,0.0000,true,1,59014
693493089562,false,דובונים+ויטמין D אקס,,,דובונים+ויטמין D אקס,Unknown,0.00,יחידה,false,,39.90,0.0000,true,1,62946
693493089586,false,מולטי ויטמין + ברזל,,,מולטי ויטמין + ברזל,Unknown,0.00,יחידה,false,,39.90,0.0000,true,1,61198
693493089661,false,קולגן פלוס ויטל,,,קולגן פלוס ויטל,Unknown,0.00,יחידה,false,,89.90,0.0000,true,1,62940
693493113687,false,מארז פילה אנשובי וצל,,,מארז פילה אנשובי וצל,גרמים,200.00,100 גרם,false,,21.90,0.1095,true,1,64923
693493116657,false,מסכות כירורגיות 50 י,,,מסכות כירורגיות 50 י,Unknown,0.00,יחידה,false,,5.90,0.0000,true,1,57726
693493135474,false,מסכות כירורגיות 50 י,,,מסכות כירורגיות 50 י,Unknown,0.00,יחידה,false,,5.90,0.0000,true,1,57974
693493180771,false,פסטרמה חזה בקר ONEG,"דליקטס ארטיזנל בע""מ",IL,פסטרמה חזה בקר ONEG,גרמים,150.00,100 גרם,false,,24.90,0.1660,true,1,64268
693493192514,false,אבקת חלבון בטעם וניל,,,אבקת חלבון בטעם וניל,גרמים,400.00,100 גרם,false,,69.00,0.1725,true,1,64289
710069305168,false,"רסק תפו""ע + תות בגביע אישי 113גר'*6",,IL,רסק תפוחים תות גפן 6,גרמים,672.00,100 גרם,false,,15.90,0.0237,true,1,6629
710069812017,false,רוטב פסטה עגבניות ובזיליקום 737 גר',,IL,רוטב עגבניות ובזילקו,גרמים,680.00,100 גרם,false,,13.90,0.0204,true,1,11996
710069812031,false,רוטב פיצה עגבניות קלאסי 737 גר',,IL,רוטב פיצה רגיל גפן 7,גרמים,737.00,100 גרם,false,,13.90,0.0189,true,1,11930
710069812048,false,רוטב פיצה עגבניות ואורגנו 737 גרם,,IL,רוטב פיצה אורגנו גפן,גרמים,737.00,100 גרם,false,,13.90,0.0189,true,1,12042
710069812147,false,רסק תפוחים עם סוכר 1.36ק,"כנס פוד ארה""ב",US,"רסק תפו""ע גפן 1.36 ק",פריט,1.36,"ק""ג",false,,19.90,14.6324,true,1,56378
710069812154,false,"רסק תפו""ע לל""ס 1.300 ק""ג","כנס פוד ארה""ב",US,"רסק תפו""ע גפן ללא סו",פריט,1.36,"ק""ג",false,,19.90,14.6324,true,1,58155
710069812161,false,רסק תפוחים בגביע אישי 113גר'*6,"כנס פוד ארה""ב",US,רסק תפוחים גפן 6*112,גרמים,672.00,100 גרם,false,,15.90,0.0237,true,1,58302
710069812178,false,רסק תפוחים ללא תוס' סוכר בגביע אישי 113גר'*6,"כנס פוד ארה""ב",US,רסק תפוחים ללא סוכר,גרמים,672.00,100 גרם,false,,15.90,0.0237,true,1,58303
712963001832,false,"גרוס עלי שוקולד בד""צ חלב 125גר",שקד,IL,עלי שוקולד חלב גרוס,גרמים,125.00,100 גרם,false,,16.90,0.1352,true,1,11560
712963001849,false,גרוס עלי שוקולד חלב אגוזים 125 גרם,שקד,IL,עלי שוקולד חלב אגוזי,גרמים,125.00,100 גרם,false,,16.90,0.1352,true,1,11561
712963001856,false,"גרוס עלי שוקולד בד""צ קרמל 125ג",שקד,IL,עלי שוקולד חלב קרמל,גרמים,125.00,100 גרם,false,,16.90,0.1352,true,1,11562
712963002938,false,"שוקולד נפולטינים מריר שוויצרי 150ג' כשל""פ",,IL,נפוליטנים מריר גרוס,גרמים,150.00,100 גרם,false,,15.90,0.1060,true,1,10676
712963003744,false,שוקולד דקיק במילוי קרם מנטה 200 גר',,IL,בונבוניירה דקיקי מנט,גרמים,200.00,100 גרם,false,,1.90,0.0095,true,1,25070
712963003836,false,מאגדת מיני שוקולד נוגט וקרמל 250 גרם,,HR,חטיף שוקולד עם קרמל,גרמים,250.00,100 גרם,false,,17.90,0.0716,true,1,26186
712963003843,false,מאגדת מיני שוקולד צאי ווי נוגט 250 גרם,,HR,חטיף שוקולד חלבי גרו,גרמים,250.00,100 גרם,false,,17.90,0.0716,true,1,26187
712963003850,false,מאגדת חטיפי קרמל בוטנים קראנץ 250 גרם גרוס,,HR,חטיף שוקולד עם בוטני,גרמים,250.00,100 גרם,false,,17.90,0.0716,true,1,26188
712963003867,false,מאגדת חטיפי קרמל פארדיס 250 גרם גרוס,,HR,חטיף שוקולד עם קוקוס,גרמים,250.00,100 גרם,false,,17.90,0.0716,true,1,26189
712963004482,false,שוקולד עלים חלב קרמל ומלח ים 125 גר',רויאל,BE,עלי שוקולד חלב קרמל,גרמים,125.00,100 גרם,false,,16.90,0.1352,true,1,48981
712963004758,false,שוקולד חלב ממולא קרמל 100 גרם גרוס,זווסקו ד.ד תעשיות מזון,HR,שוקולד גרוס חלב במיל,גרמים,100.00,100 גרם,false,,7.90,0.0790,true,1,62378
712963004772,false,שוקולד חלב ממולא קרם תות 100 גרם גרוס,זווסקו ד.ד תעשיות מזון,HR,שוקולד גרוס חלב במיל,גרמים,100.00,100 גרם,false,,7.90,0.0790,true,1,62379
712963004932,false,שוקולד דקיק מילוי קרם פטל 200 גר',,IL,בונבוניירה דקיקי פטל,גרמים,200.00,100 גרם,false,,1.90,0.0095,true,1,48984
712963004970,false,שוקולד מריר מעולה 60% 90 גרם,זוקו,NO,שוקולד מריר 60% גרוס,גרמים,90.00,100 גרם,false,,6.90,0.0767,true,1,49278
712963005410,false,שוקולד חלב עם ביסקוויט במילוי קרם חלב,גרוסליין,HR,שוקולד GO גרוס במילו,גרמים,80.00,100 גרם,false,,6.80,0.0850,true,1,62431
712963005441,false,שוקו GO במילוי קרם בוטנים 115 גר' גרוסליין,גרוסליין,HR,שוקולד GO גרוס במילו,גרמים,80.00,100 גרם,false,,6.80,0.0850,true,1,62432
712963005472,false,שוקולד חלב עם ביסקוויט במילוי מוס,גרוסליין,HR,שוקולד GO גרוס במילו,גרמים,80.00,100 גרם,false,,6.80,0.0850,true,1,62433
712963005502,false,שוקולד חלב עם ביסקוויט במילוי קרמל,גרוסליין,HR,שוקולד GO גרוס במילו,גרמים,80.00,100 גרם,false,,6.80,0.0850,true,1,62434
712963005557,false,"שוקולד חלב לל""ס 100 גר'",גרוסליין,HR,"שוקולד גרוס חלב ללת""",גרמים,100.00,100 גרם,false,,14.90,0.1490,true,1,62954
712963005564,false,שוקולד גרוס לבן עם ש,גרוסליין,HR,שוקולד גרוס לבן עם ש,גרמים,100.00,100 גרם,false,,14.90,0.1490,true,1,62955
712963005588,false,"שוקולד מריר לל""ס 100 גר'",גרוסליין,HR,שוקולד גרוס מריר ללת,גרמים,100.00,100 גרם,false,,14.90,0.1490,true,1,62956
712963005618,false,"שוקולד חלב ממולא בפרלין לל""ס 100 גר'",גרוסליין,HR,שוקולד גרוס חלב במיל,גרמים,100.00,100 גרם,false,,14.90,0.1490,true,1,62958
712963005625,false,שוקולד מריר ממולא פרלין ללא סוכר,גרוסליין,HR,שוקולד גרוס מריר במי,גרמים,100.00,100 גרם,false,,14.90,0.1490,true,1,62959
712963005755,false,שוקולד חלב ממולא מוס 100 גרם גרוס,גרוסליין,HR,שוקולד גרוס חלב במיל,גרמים,100.00,100 גרם,false,,7.90,0.0790,true,1,62377
722776001509,false,ממתיק ספלנדה 1200 יח,,,ממתיק ספלנדה 1200 יח,פריט,1.20,"ק""ג",false,,129.90,108.2500,true,1,29215
732973006009,false,ווייט פיש אוישן 624 גרם,אושן גורמה,US,קציצות דג וויט פיש א,גרמים,624.00,100 גרם,false,,34.90,0.0559,true,1,5242
744664093083,false,תערובת לציפוי חלות 227 גרם פרימה,פרימה,US,תערובת לחלות פרימה 2,גרמים,227.00,100 גרם,false,,18.90,0.0833,true,1,55241
744985658817,false,סלמי בקר ONEG 200 ג,דליקטס,IL,סלמי בקר ONEG 200 ג,גרמים,200.00,100 גרם,false,,24.90,0.1245,true,1,65172
753182231761,false,"משקה אנרגיה BLU ללא תוספת סוכר 250 מ""ל",אקווה ויט,PL,משקה אנרגיה בלו סיקס,מיליליטרים,250.00,"100 מ""ל",false,,4.50,0.0180,true,1,5084
768404001640,false,"גלידה בן&ג'ריס קפה משפחתית 500מ""ל",מוצרי איכות אמריקאיים בע,IL,גלידת שמנת בן אנד גר,מיליליטרים,500.00,"100 מ""ל",false,,16.90,0.0338,true,1,42632
769904000607,false,שקדי מרק משובח 200 גרם כשלפ,גיי אפ פי ייצור מזון,IL,"שקדי מרק משובח כל""פ",גרמים,200.00,100 גרם,false,,9.90,0.0495,true,1,4525
769904001062,false,פסטה צבעונית משובח 1,גיי אפ פי ייצור מזון,IL,פסטה צבעונית משובח 1,גרמים,180.00,100 גרם,false,,9.90,0.0550,true,1,21410
769904001116,false,פתיתי קוסקוס משובח 200 גרם כשלפ,גיי אפ פי ייצור מזון,IL,פתיתים קוסקוס משובח,גרמים,200.00,100 גרם,false,,9.90,0.0495,true,1,5746
782706222398,false,חזה הודו על גחלים 250 גר,דליקטס,IL,פסטרמה הודו גחלים ON,גרמים,250.00,100 גרם,false,,24.90,0.0996,true,1,64392
782706222404,false,חזה הודו בדבש 250 גרם,"דליקטס ארטיזנל בע""מ",IL,פסטרמה הודו בדבש ONE,גרמים,250.00,100 גרם,false,,24.90,0.0996,true,1,64393
783495814252,false,רוטב פסטה מרינרה 680גר,פי.אל פודס,US,רוטב פסטה מרינרה קלא,גרמים,680.00,100 גרם,false,,14.90,0.0219,true,1,59390
811146030307,false,מארז סוכריות אודלס ס,JUNDILONG FOODS COMP,CN,מארז סוכריות אודלס ס,גרמים,384.00,100 גרם,false,,19.90,0.0518,true,1,53874
811146030666,false,טוויסטי פופ בורג 408 גרם,קיומי שנגיואנג פודס,CN,לקקן טוויסטי פופ בור,גרמים,408.00,100 גרם,false,,29.90,0.0733,true,1,48814
811146030680,false,טוויסטי פופ עגול 408 גרם,קיומי שנגיואנג פודס,CN,לקקן טוויסטי פופ עגו,גרמים,408.00,100 גרם,false,,29.90,0.0733,true,1,48816
811146030697,false,טוויסטי פופ כוכב 408 גרם,קיומי שנגיואנג פודס,CN,לקקן טוויסטי פופ כוכ,Unknown,0.00,יחידה,false,,29.90,0.0000,true,1,48817
811146030741,false,סוכריות לולי פופ חמוץ משפחתי 144 גרם,גואנגדונג צאואן פוד,CN,לקקן בטעם פירות לילו,גרמים,150.00,100 גרם,false,,11.90,0.0793,true,1,55214
811146030758,false,סוכריות פרו זיפס פירות בשקית 255 גרם,גוגרנולא פוד אינדסטר,PK,סוכריות טופי פרוזיפס,גרמים,255.00,100 גרם,false,,9.90,0.0388,true,1,59148
811146030765,false,פרו זיפס כפול פירות בשקית 255 גרם,גוגרנולא פוד אינדסטר,PK,סוכריות טופי פרוזיפס,גרמים,255.00,100 גרם,false,,9.90,0.0388,true,1,59149
835811000068,false,מגבוני טואלט קשת 3*4,עלבד משואות יצחק,IL,מגבוני טואלט קשת 3*4,Unknown,0.00,יחידה,false,,11.90,0.0000,true,1,48141
835811000075,false,עדשים ירוקות הנמל 1.,הנמל,IL,עדשים ירוקות הנמל 1.,פריט,1.20,"ק""ג",false,,13.90,11.5833,true,1,52399
835811000099,false,עדשים אדומות הנמל 1.,הנמל,IL,עדשים אדומות הנמל 1.,פריט,1.20,"ק""ג",false,,13.90,11.5833,true,1,52400
835811000112,false,שעועית לחמין הנמל 1.,הנמל,IL,שעועית לחמין הנמל 1.,פריט,1.20,"ק""ג",false,,14.90,12.4167,true,1,52406
835811000136,false,"כוסמת הנמל 1.2 ק""ג",הנמל,IL,"כוסמת הנמל 1.2 ק""ג",פריט,1.20,"ק""ג",false,,12.90,10.7500,true,1,52401
835811000143,false,מפת ניילון בגליל 40 מטר הנמל,,IL,מפת ניילון בגליל 1.5,Unknown,0.00,יחידה,false,,29.90,0.0000,true,1,61383
835811000150,false,"בורגול הנמל 1.2 ק""ג",הנמל,IL,"בורגול הנמל 1.2 ק""ג",פריט,1.20,"ק""ג",false,,8.90,7.4167,true,1,52402
835811000174,false,שעועית לבנה הנמל 1.2,הנמל,IL,שעועית לבנה הנמל 1.2,פריט,1.20,"ק""ג",false,,13.90,11.5833,true,1,52407
835811000204,false,צמרוני אזניים עץ הנמ,גרנג יוניברס,CN,צמרוני אזניים עץ הנמ,Unknown,0.00,יחידה,false,,4.90,0.0000,true,1,46950
835811000228,false,"חומוס הנמל 1.2 ק""ג",הנמל,IL,"חומוס הנמל 1.2 ק""ג",פריט,1.20,"ק""ג",false,,13.90,11.5833,true,1,52410
835811000266,false,"פופקורן הנמל 1.2 ק""ג",הנמל,IL,"פופקורן הנמל 1.2 ק""ג",פריט,1.20,"ק""ג",false,,10.90,9.0833,true,1,52408
835811000280,false,גריסי פנינה הנמל 1.2,הנמל,IL,גריסי פנינה הנמל 1.2,פריט,1.20,"ק""ג",false,,9.90,8.2500,true,1,52403
835811000303,false,"אפונה הנמל 1.2 ק""ג",הנמל,IL,"אפונה הנמל 1.2 ק""ג",פריט,1.20,"ק""ג",false,,8.90,7.4167,true,1,52404
835811000310,false,ספוג לניקוי קשת 4 יח,,IL,ספוג לניקוי קשת 4 יח,Unknown,0.00,יחידה,false,,10.90,0.0000,true,1,49676
835811000327,false,חומוס ענק הנמל 1.2 ק,הנמל,IL,חומוס ענק הנמל 1.2 ק,פריט,1.20,"ק""ג",false,,21.90,18.2500,true,1,52409
835811000334,false,ספוגיות לניקוי קשת 1,סדובסקי,IL,ספוגיות לניקוי קשת 1,Unknown,0.00,יחידה,false,,10.90,0.0000,true,1,49674
835811000341,false,"חיטה הנמל 1.2 ק""ג",הנמל,IL,"חיטה הנמל 1.2 ק""ג",פריט,1.20,"ק""ג",false,,8.90,7.4167,true,1,52405
835811000358,false,מטליות לניקוי כללי מ,סדובסקי,IL,מטליות לניקוי כללי מ,Unknown,0.00,יחידה,false,,19.90,0.0000,true,1,50263
835811000365,false,מטליות רצפה מיקרופיי,סדובסקי,IL,מטליות רצפה מיקרופיי,Unknown,0.00,יחידה,false,,29.90,0.0000,true,1,50264
835811000372,false,שקיות הקפאה למזון נשלף 100 יח',זמזמ תעשיות פלסטיק,IL,שקיות הקפאה עבות הנמ,Unknown,0.00,יחידה,false,,9.90,0.0000,true,1,45612
835811000389,false,שקיות אוכל למזון נשלף 200 יח',זמזמ תעשיות פלסטיק,IL,שקיות אוכל עבות הנמל,Unknown,0.00,יחידה,false,,9.90,0.0000,true,1,45613
835811000396,false,נייר אפיה לתבנית מוארכת - מארז 30 ניירות,יבוא ושיווק: הנמל אריזות,IL,נייר אפיה לתבנית מאו,Unknown,0.00,יחידה,false,,9.90,0.0000,true,1,48416
835811000464,false,"תמצית מטעם רום 250 מ""ל הנמל",,IL,תמצית רום הנמל 250 מ,מיליליטרים,250.00,"100 מ""ל",false,,8.90,0.0356,true,1,46054
835811000471,false,"תמצית מטעם וניל 250 מ""ל",,IL,תמצית בטעם וניל הנמל,מיליליטרים,250.00,"100 מ""ל",false,,8.90,0.0356,true,1,46055
835811000501,false,סירופ מייפל טהור 100% 250 גר',פרסטייל מייפל,CA,סירופ מייפל 100% דלי,גרמים,250.00,100 גרם,false,,21.90,0.0876,true,1,64153
835811000518,false,תמצית וניל טהור הנמל,,IL,תמצית וניל טהור הנמל,מיליליטרים,29.00,"100 מ""ל",false,,21.90,0.7552,true,1,64257
835811000549,false,מגבוני טואלט מועשר ב,עלבד משואות יצחק,IL,מגבוני טואלט מועשר ב,Unknown,0.00,יחידה,false,,11.90,0.0000,true,1,64659
835811000693,false,כוסיות לחיים מרובעות,ביירט,CN,כוסיות לחיים מרובעות,Unknown,0.00,יחידה,false,,17.90,0.0000,true,1,47385
835811000709,false,מטליות לניקוי רצפה ק,,,מטליות לניקוי רצפה ק,Unknown,0.00,יחידה,false,,6.90,0.0000,true,1,46968
835811000723,false,נרות חימום 100 יח הנ,מולר פבריקה נרות,PL,נרות חימום 100 יח הנ,Unknown,0.00,יחידה,false,,17.90,0.0000,true,1,46958
835811000730,false,גליליות וופל למילוי 15 יח` 150 גר`**ללא החזרות**,גילרו,IL,מארז גליליות הנמל למ,גרמים,150.00,100 גרם,false,,14.90,0.0993,true,1,47711
835811000747,false,מזלגות איכותיות קרם,מיקרו,TR,מזלגות איכותיות קרם,Unknown,0.00,יחידה,false,,26.90,0.0000,true,1,47456
835811000754,false,כפות איכותיות קרם בל,מיקרו,TR,כפות איכותיות קרם בל,Unknown,0.00,יחידה,false,,26.90,0.0000,true,1,47457
835811000761,false,כפיות איכותיות קרם ב,מיקרו,TR,כפיות איכותיות קרם ב,Unknown,0.00,יחידה,false,,26.90,0.0000,true,1,47458
835811000778,false,סכינים איכותיים קרם,מיקרו,TR,סכינים איכותיים קרם,Unknown,0.00,יחידה,false,,26.90,0.0000,true,1,47459
835811000785,false,מזלגות איכותיות שקוף,מיקרו,TR,מזלגות איכותיות שקוף,Unknown,0.00,יחידה,false,,26.90,0.0000,true,1,47460
835811000792,false,כפות איכותיות שקוף ב,מיקרו,TR,כפות איכותיות שקוף ב,Unknown,0.00,יחידה,false,,26.90,0.0000,true,1,47461
835811000808,false,כפיות איכותיות שקוף,מיקרו,TR,כפיות איכותיות שקוף,Unknown,0.00,יחידה,false,,26.90,0.0000,true,1,47462
835811000815,false,סכינים איכותיים שקוף,מיקרו,TR,סכינים איכותיים שקוף,Unknown,0.00,יחידה,false,,26.90,0.0000,true,1,47455
835811000860,false,מפיות מודפסות תלת שכ,דקו פרינט,DE,מפיות מודפסות תלת שכ,Unknown,0.00,יחידה,false,,9.90,0.0000,true,1,49248
835811000907,false,כוסות יין מעוטרות כס,,TR,כוסות יין מעוטרות כס,Unknown,0.00,יחידה,false,,7.90,0.0000,true,1,52930
835811001096,false,סוכריות לקישוט מיני,ממתקי עלה,IL,סוכריות לקישוט מיני,גרמים,400.00,100 גרם,false,,17.90,0.0447,true,1,49920
835811001232,false,"נייר אפיה לתבנית עגולה 26 ס""מ - מארז 10 ניירות",האנג טונג,CN,נייר אפיה לתבנית עגו,Unknown,0.00,יחידה,false,,9.90,0.0000,true,1,55824
835811001300,false,סט אירוח צלחות ונציה,מיקרון מקינה,TR,סט אירוח צלחות ונציה,Unknown,0.00,יחידה,false,,36.90,0.0000,true,1,52748
835811001317,false,סט צלחות שטוחות נצנצ,מיקרון מקינה,TR,סט צלחות שטוחות נצנצ,Unknown,0.00,יחידה,false,,36.90,0.0000,true,1,52749
835811001324,false,סט מרקיות ולפתניות צ,מיקרון מקינה,TR,סט מרקיות ולפתניות צ,Unknown,0.00,יחידה,false,,34.90,0.0000,true,1,53596
835811001355,false,כוסות מרובעות בלו שי,בי רייט,CN,כוסות מרובעות בלו שי,Unknown,0.00,יחידה,false,,29.90,0.0000,true,1,53045
835811001409,false,"תבנית ח""פ עבה רוסטר",אופל אריזות בעמ,IL,"תבנית ח""פ עבה רוסטר",Unknown,0.00,יחידה,false,,19.90,0.0000,true,1,56094
835811001416,false,"תבנית ח""פ עבה לחלה 1",אופל אריזות בעמ,IL,"תבנית ח""פ עבה לחלה 1",Unknown,0.00,יחידה,false,,19.90,0.0000,true,1,56095
835811001423,false,"תבנית ח""פ עבה רוסטר",אופל אריזות בעמ,IL,"תבנית ח""פ עבה רוסטר",Unknown,0.00,יחידה,false,,19.90,0.0000,true,1,56096
835811001430,false,"תבנית ח""פ עבה רוסטר",אופל אריזות בעמ,IL,"תבנית ח""פ עבה רוסטר",Unknown,0.00,יחידה,false,,19.90,0.0000,true,1,56097
835811001454,false,גפרורים ארוך מאוד הנ,נור,SE,גפרורים ארוך מאוד הנ,Unknown,0.00,יחידה,false,,9.90,0.0000,true,1,56380
835811001461,false,גפרורים בינוני הנרות,,IL,גפרורים בינוני הנרות,Unknown,0.00,יחידה,false,,5.90,0.0000,true,1,56855
835811001621,false,"קינואה הנמל 1.2 ק""ג",הנמל,IL,"קינואה הנמל 1.2 ק""ג",פריט,1.20,"ק""ג",false,,19.90,16.5833,true,1,55189
835811001713,false,נילון נצמד 150 מטר רוחב 30 סמ,ווינפאק סחר בעמ,IL,ניילון נצמד הנמל 150,מטרים,150.00,מטר,false,,14.90,0.0993,true,1,19501
835811001782,false,זוג מזלגות הגשה פלסטיק ש,מיקרון מקינה,TR,זוג מזלגות הגשה מפלס,Unknown,0.00,יחידה,false,,2.90,0.0000,true,1,16742
835811001805,false,כוס קינוח אלגנטית 12 יח' +מכסה 120 CC,מיקרו,CN,כוס קינוח אלגנטית +,Unknown,0.00,יחידה,false,,11.90,0.0000,true,1,16746
835811001812,false,כוס קינוח אלגנטית 12 יח' +מכסה 60 CC,,,כוס קינוח אלגנטית +,Unknown,0.00,יחידה,false,,11.90,0.0000,true,1,16747
835811001928,false,קוקטים לאפייה 50 יח 3 אונז (מקרטון צבעוני),בי רייט,CN,תבניות אישיות לאפיה,Unknown,0.00,יחידה,false,,6.90,0.0000,true,1,13794
835811001935,false,קוקטים לאפיה 5.5 אוז 50 יח',בי רייט,CN,תבניות אישיות לאפיה,Unknown,0.00,יחידה,false,,6.90,0.0000,true,1,13795
835811002215,false,מאפינס צבעוני מס' 4 הנמל 200 יח',יונק,IL,מאפינס צבעוני 200 יח,Unknown,0.00,יחידה,false,,9.90,0.0000,true,1,26789
835811002239,false,מאפינס צבעוני מס' 3 הנמל 200 יח',יונק,,מאפינס צבעוני 200 יח,Unknown,0.00,יחידה,false,,8.90,0.0000,true,1,26788
835811002246,false,מאפינס צבעוני מס' 2 הנמל 200 יח',יונק,IL,מאפינס צבעוני 200 יח,Unknown,0.00,יחידה,false,,7.90,0.0000,true,1,26787
835811002253,false,מאפינס צבעוני מס' 1.5 הנמל 200 יח',יונק,,מאפינס צבעוני 200 יח,Unknown,0.00,יחידה,false,,6.90,0.0000,true,1,26786
835811002277,false,"שיפודי במבוק גדול במיוחד ""הנמל""",גרנג יוניברס,CN,שיפודי במבוק עבים הנ,Unknown,0.00,יחידה,false,,5.90,0.0000,true,1,57262
835811002406,false,מטליות רצפה מותאם למ,עופרטקס תעשיות 1997,IL,מטליות רצפה מותאם למ,Unknown,0.00,יחידה,false,,19.90,0.0000,true,1,21374
835811002451,false,נרות צבעוני 6 שעות 2,מולר פבריקה נרות,PL,נרות צבעוני 6 שעות 2,Unknown,0.00,יחידה,false,,12.90,0.0000,true,1,20151
835811002628,false,ופל קראנץ עלמה 60 יח,גילרו,IL,ופל קראנץ עלמה 60 יח,גרמים,720.00,100 גרם,false,,17.90,0.0249,true,1,54514
835811002710,false,סט מרקיות ולפתניות צ,מיקרון מקינה,TR,סט מרקיות ולפתניות צ,Unknown,0.00,יחידה,false,,34.90,0.0000,true,1,55519
835811002987,false,סט אירוח צלחות ונציה,מיקרון מקינה,TR,סט אירוח צלחות ונציה,Unknown,0.00,יחידה,false,,36.90,0.0000,true,1,56641
835811003007,false,סט מרקיות ולפתניות צ,מיקרון מקינה,TR,סט מרקיות ולפתניות צ,Unknown,0.00,יחידה,false,,34.90,0.0000,true,1,56643
835811003090,false,מזלגות הגשה שקוף 10 יח' הנמל,מיקרון מקינה,TR,מזלגות הגשה מפלסטיק,Unknown,0.00,יחידה,false,,12.90,0.0000,true,1,61416
835811003106,false,כפות הגשה שקוף 10 יח' הנמל,מיקרון מקינה,TR,כפות הגשה מפלסטיק שק,Unknown,0.00,יחידה,false,,12.90,0.0000,true,1,61417
835811003113,false,מזלגות איכותיות שקוף,מיקרו,TR,מזלגות איכותיות שקוף,Unknown,0.00,יחידה,false,,26.90,0.0000,true,1,57807
835811003120,false,כפות איכותיות שקוף נ,מיקרו,TR,כפות איכותיות שקוף נ,Unknown,0.00,יחידה,false,,26.90,0.0000,true,1,57804
835811003137,false,כפיות איכותיות שקוף,מיקרו,TR,כפיות איכותיות שקוף,Unknown,0.00,יחידה,false,,26.90,0.0000,true,1,57805
835811003144,false,סכינים איכותיים שקוף,מיקרו,TR,סכינים איכותיים שקוף,Unknown,0.00,יחידה,false,,26.90,0.0000,true,1,57806
835811003199,false,נייר אפיה לתבנית מרובע 6X32 16 יח',יבוא ושיווק: הנמל אריזות,CN,נייר אפיה לתבנית מלב,Unknown,0.00,יחידה,false,,17.90,0.0000,true,1,58684
835811003328,false,"תבנית ח""פ עבות במיוח",,IL,"תבנית ח""פ עבות במיוח",Unknown,0.00,יחידה,false,,44.90,0.0000,true,1,60451
835811003601,false,צימרונים לתינוק 90 יח' הנמל,ספה,TR,צמרוני אוזניים לתינו,Unknown,0.00,יחידה,false,,5.90,0.0000,true,1,37372
835811003656,false,הנמל ריבת שזיף 850 גרם,פוליבה,IL,ממרח בטעם שזיף הנמל,גרמים,850.00,100 גרם,false,,4.90,0.0058,true,1,32497
835811003670,false,סירופ בטעם שוקולד 60,O.S,,סירופ בטעם שוקולד 60,גרמים,600.00,100 גרם,false,,9.90,0.0165,true,1,32955
835811003694,false,מזוודה טישו משי הנמל 140*10 יח',לילה,TR,טישו הנמל 10*140 יח,Unknown,0.00,יחידה,false,,23.90,0.0000,true,1,32587
835811003700,false,סודה לשתיה הנמל 250 גרם,"פוליבה בע""מ",IL,סודה לשתייה הנמל 250,גרמים,250.00,100 גרם,false,,5.90,0.0236,true,1,51448
835811003878,false,שקיות אשפה עם ידיות הנמל 40 יח 50*70,זמזמ תעשיות פלסטיק,IL,שקיות אשפה עם ידיות,Unknown,0.00,יחידה,false,,11.90,0.0000,true,1,30337
835811004189,false,פרורי לחם מוזהבים בתוספת שומשום 800 גר',הנמל,IL,פירורי לחם מוזהבים ה,גרמים,800.00,100 גרם,false,,9.90,0.0124,true,1,64717
835811004226,false,מפת ניילון בגליל 45 מטר,,IL,מפת ניילון בגליל 45,Unknown,0.00,יחידה,false,,29.90,0.0000,true,1,56465
835811004233,false,מפות ניילון 18 יח ה,זמזמ תעשיות פלסטיק,IL,מפות ניילון 18 יח ה,Unknown,0.00,יחידה,false,,16.90,0.0000,true,1,38384
835811004240,false,מפות ניילון 22 יח הנ,זמזמ תעשיות פלסטיק,IL,מפות ניילון 22 יח הנ,Unknown,0.00,יחידה,false,,16.90,0.0000,true,1,38383
835811004257,false,"רדיד אלומיניום 45 ס""מ 30 מטר 16 מיקרון",גי.טי,CN,נייר אלומיניום הנמל,מטרים,30.00,מטר,false,,19.90,0.6633,true,1,36104
835811004271,false,סלטינה אמריקאית 100 יח',ביירט,CN,צלחות סלטינה אמריקאי,Unknown,0.00,יחידה,false,,20.90,0.0000,true,1,44011
835811004417,false,ריבת חלב הנמל 340 גר,,,ריבת חלב הנמל 340 גר,גרמים,340.00,100 גרם,false,,11.90,0.0350,true,1,49396
835811004424,false,חלב מרוכז 340 גר פוליבה,"פוליבה בע""מ",IL,חלב מרוכז הנמל 340 ג,גרמים,340.00,100 גרם,false,,11.90,0.0350,true,1,39058
835811004523,false,קשים מיוחדים לשייק 75 יח הנמל,,CN,קשים לשייק הנמל 75 י,Unknown,0.00,יחידה,false,,6.90,0.0000,true,1,45012
835811004653,false,"תבנית אלומ` עבה משפחתית4 יח` 32X26 ס""מ",,,"תבניות ח""פ הנמל 4 יח",Unknown,0.00,יחידה,false,,8.90,0.0000,true,1,44012
835811004691,false,עטרות אלו' לאפיה 100 יח' מס' 2 כסף/ זהב,הנג טון,CN,מנגטים לאפייה כסף/זה,Unknown,0.00,יחידה,false,,5.90,0.0000,true,1,5711
835811004707,false,פירורי לחם מוזהבים 440 ג' הנמל,ברמן שוקולד ועוגיות,IL,פירורי לחם מוזהבים ה,גרמים,440.00,100 גרם,false,,6.70,0.0152,true,1,5250
835811004943,false,קעריות קסרול שקופות,"אינפלסטיק בע""מ",IL,קסרול שקוף אלגנט 10,Unknown,0.00,יחידה,false,,10.90,0.0000,true,1,5070
835811005025,false,סיר אלומיניום בינוני+מכסה 2יח 3.85 ליטר,קינפויל גאנגזו,CN,סיר אלומיניום בינוני,Unknown,0.00,יחידה,false,,14.90,0.0000,true,1,4894
835811005247,false,קערות מהודרות משובחות ואיכותיות,הנג טונג,CN,קערה שקופה 4 יח 4 או,Unknown,0.00,יחידה,false,,7.90,0.0000,true,1,7004
835811005421,false,"שיפודים עבים 25 ס""מ 75 יח` הנמל",שוורצקוף& הנקל דיסלד,IN,"שיפודים עבים 25 ס""מ",Unknown,0.00,יחידה,false,,2.50,0.0000,true,1,6130
835811005704,false,נייר עטיפה לכריכים הנמל 100 יחידות,טופ פלסט 2002 בעמ,IL,נייר עטיפה לכריכים 1,Unknown,0.00,יחידה,false,,8.90,0.0000,true,1,5306
835811005728,false,עלים לקרמשניט הנמל 400 גרם,"רונית מאפים בע""מ",IL,עלים לקרמשניט 400 גר,גרמים,400.00,100 גרם,false,,14.90,0.0373,true,1,9197
835811005735,false,כריות לכלים הנמל 12,סדובסקי,IL,כריות לכלים הנמל 12,Unknown,0.00,יחידה,false,,9.90,0.0000,true,1,8701
835811005773,false,מטליות לניקוי אבק הנ,מ.א.יצור ויבוא מטליו,IL,מטליות לניקוי אבק הנ,Unknown,0.00,יחידה,false,,19.90,0.0000,true,1,8697
835811005803,false,שקיות אשפה עם ידיות 25 יח' X90-מרכז,תעשיות והשקעה אל רסא,IL,שקיות אשפה עם ידיות,Unknown,0.00,יחידה,false,,11.90,0.0000,true,1,13181
835811006046,false,ליפתן אמרקאיות 5 אונז` 100 יח`,בי רייט,CN,לפתניות אמריקאיות 10,Unknown,0.00,יחידה,false,,17.90,0.0000,true,1,18705
835811006176,false,כוס קינוח קריסטל 24 יח' 60 CC,מיקרון מקינה,TR,כוס קינוח קריסטלי 60,Unknown,0.00,יחידה,false,,14.90,0.0000,true,1,7740
835811006183,false,כוס קינוח קריסטל 24 יח` 120 C,מיקרון מקינה,TR,כוס קינוח קריסטלי 12,Unknown,0.00,יחידה,false,,14.90,0.0000,true,1,7739
835811006497,false,אבקת סוכר 500 גרם הנמל,ר.ס. חברה ליבוא ויצו,IL,אבקת סוכר הנמל 500 ג,גרמים,500.00,100 גרם,false,,6.90,0.0138,true,1,19432
835811006534,false,"כוסות קרטון לשתיה חמה 475 מ""ל",הנמל,CN,כוסות נייר 50 יח 16,Unknown,0.00,יחידה,false,,22.90,0.0000,true,1,12398
835811006596,false,"ליפתן הגשה +6 מכסה, 12 יחידות",מיקרון מקינה,TR,לפתן הגשה 6 אונז + מ,Unknown,0.00,יחידה,false,,11.90,0.0000,true,1,10603
835811006763,false,הנמל תבניות אלומיניום לאפייה אישיות 20 יח,האנוי ואיוין אינטרנש,CN,"תבניות ח""פ לאפיה איש",Unknown,0.00,יחידה,false,,5.90,0.0000,true,1,9928
835811007166,false,כוסות חד פעמיות מקרטון עם מכסה פלסטיק,"צח ייבוא ושיווק בע""מ",IL,כוסות לקפה + מכסה 16,Unknown,0.00,יחידה,false,,12.90,0.0000,true,1,2685
835811007494,false,גלטין טהור מדגים 2 יח` 14 X גר`,גואנגדונג מיניאנג,TW,אבקת גלטין טהור הנמל,גרמים,28.00,100 גרם,false,,8.90,0.3179,true,1,2687
835811007562,false,תבניות קרטון אינגליש קייק 6יח` ארוז 29X9X6,דוקרט תעשיית אריזות,IL,תבניות קרטון אינגליש,Unknown,0.00,יחידה,false,,8.90,0.0000,true,1,2688
835811007661,false,שקיות הקפאה 200 יחידות הנמל 25*35 ס''מ,סאם גלובל תורכיה,CN,שקיות הקפאה הנמל 200,Unknown,0.00,יחידה,false,,6.90,0.0000,true,1,2689
835811007678,false,שקיות אוכל הנמל 200 יח',סאם גלובל תורכיה,CN,שקיות אוכל הנמל 200,Unknown,0.00,יחידה,false,,2.80,0.0000,true,1,2690
835811008132,false,ספוג מתכת בגליל 6 יח`,שוורצקוף& הנקל דיסלד,CN,ספוג מתכת הנמל 6 יח,Unknown,0.00,יחידה,false,,9.90,0.0000,true,1,2693
835811008606,false,"סיר אלומיניום ומכסה ח""פ הנמל 3 יח'",קינפויל/גאנגזו,CN,סיר אלומיניום 3 יחיד,Unknown,0.00,יחידה,false,,12.90,0.0000,true,1,3034
835811008729,false,צלחות ענק אמריקאיות הנמל 100 יח,בי רייט,CN,צלחות אמריקאיות ענק,Unknown,0.00,יחידה,false,,59.90,0.0000,true,1,18704
835811008736,false,"צלחות אמרקאיות גדול ח""פ 100 יח'",בי רייט,CN,צלחות אמריקאיות גדול,Unknown,0.00,יחידה,false,,48.90,0.0000,true,1,18703
835811008774,false,"צלחות אמריקאיות 7"" קטן ח""פ 100 יח'",בי רייט,CN,צלחות אמריקאיות קטנו,Unknown,0.00,יחידה,false,,29.90,0.0000,true,1,18702
835811008781,false,"מרקיות אמריקאיות 12OZ ח""פ 100 יח'",בי רייט,CN,"מרקיות אמריקאיות ח""פ",Unknown,0.00,יחידה,false,,29.90,0.0000,true,1,18701
835811008910,false,ליפתניות הגשה 8יח הנ,בי רייט,CN,לפתניות הגשה 8 יח',Unknown,0.00,יחידה,false,,7.90,0.0000,true,1,3028
835811008927,false,כוס ויסקי גבוהה 10 יח,בי רייט,CN,כוס ויסקי הנמל 10 יח,Unknown,0.00,יחידה,false,,11.50,0.0000,true,1,64718
835811008996,false,"כוסות חד פעמי קרטון 295 מ""ל",הנמל,CN,כוסות נייר 50 יח 300,Unknown,0.00,יחידה,false,,13.90,0.0000,true,1,3025
835811009016,false,כוסות קרטון 50 יח 4 OZ,הנמל,CN,כוסות נייר 50 יח 120,Unknown,0.00,יחידה,false,,6.90,0.0000,true,1,3026
835811009146,false,קערה קטן אובלי אלגנט,מיקרון מקינה,CN,קערה קטן אובלי אלגנט,Unknown,0.00,יחידה,false,,13.90,0.0000,true,1,3042
835811009443,false,מפיות מודפסות תלת שכ,גאט פיפר,DE,מפיות מודפסות תלת שכ,Unknown,0.00,יחידה,false,,5.90,0.0000,true,1,2703
838948000048,false,ממרח שוקולד אגוזים ש,SHNEIDER'S,NL,ממרח שוקולד אגוזים ש,גרמים,700.00,100 גרם,false,,21.90,0.0313,true,1,18971
838948008969,false,קרקר יו מרובע שניידר,שניידרס,FR,קרקר יו מרובע שניידר,גרמים,300.00,100 גרם,false,,9.90,0.0330,true,1,38909
844510012128,false,יין רמת יהודה מרלו 7,יין רמת יהודה א.ג.ת,IL,יין רמת יהודה מרלו,מיליליטרים,750.00,"100 מ""ל",false,,69.90,0.0932,true,1,52684
844510013125,false,"יין ירושלים הילז מרלו 750 מ""ל",אגדת,IL,יין ג'רוזלם הילז מרל,מיליליטרים,750.00,"100 מ""ל",false,,39.90,0.0532,true,1,52669
844510013187,false,יין ירושלים הילס מוס,אנטי פוד משקאות,IL,יין ג'רוזלם הילז מוס,מיליליטרים,750.00,"100 מ""ל",false,,39.90,0.0532,true,1,60633
844510013200,false,"יין ג'רוזלם הילז - רוזה יבש 750 מ""ל",אנטי פוד משקאות,IL,יין ג'רוזלם הילז רוז,מיליליטרים,750.00,"100 מ""ל",false,,39.90,0.0532,true,1,60634
844510013248,false,יין ג'רוזלם הילז - ריזלינג חצי יבש,אנטי פוד משקאות,IL,יין ג'רוזלם הילז ריז,מיליליטרים,750.00,"100 מ""ל",false,,39.90,0.0532,true,1,60635
844510013309,false,יין גרוזלם הילס רזרב,אגדת,IL,יין ג'רוזלם הילז רזר,מיליליטרים,750.00,"100 מ""ל",false,,69.90,0.0932,true,1,52687
844510017406,false,יין תניא עליא קברנה,יקב תניא,IL,יין תניא עליא קברנה,מיליליטרים,750.00,"100 מ""ל",false,,149.90,0.1999,true,1,55280
854928007067,false,שוקולד מריר 41% רוקה,מאונטיין צוקולט ק.פ.,HK,שוקולד מריר 41% רוקה,גרמים,600.00,100 גרם,false,,14.90,0.0248,true,1,53877
856591000055,false,עוגיות מזרחיות קריספי שרוף במיוחד,מאפיית יוסף ושמחה עבאדי,IL,עוגיות מזרחיות קריספ,גרמים,400.00,100 גרם,false,,15.80,0.0395,true,1,48818
856591000062,false,עוגיות מזרחיות עם מלח עבאדי 400 גרם,מאפיית יוסף ושמחה עבאדי,IL,עוגיות מזרחיות מלח ע,גרמים,400.00,100 גרם,false,,15.80,0.0395,true,1,33583
856591000109,false,עוגיות מזרחיות פריך במיוחד עבאדי 400 גרם,מאפיית יוסף ושמחה עבאדי,IL,עוגיות מזרחיות פריכו,גרמים,400.00,100 גרם,false,,15.80,0.0395,true,1,48799
856591000512,false,עוגיות מזרחיות מקלונים עם שומשום עבאדי 400 גרם,מאפיית יוסף ושמחה עבאדי,IL,עוגיות מזרחיות מקלונ,גרמים,400.00,100 גרם,false,,16.90,0.0422,true,1,55197
856591000949,false,"מאפה חיטה מלוח ""קטנטנים"" עבאדי 350 גרם",עבאדי,IL,עוגיות קטנטנים עבאדי,גרמים,350.00,100 גרם,false,,16.90,0.0483,true,1,60085
856591000970,false,מאפה חיטה עבאדי מקלונים בטעם חריף 400 גר,עבאדי,IL,עוגיות מזרחיות מקלונ,גרמים,400.00,100 גרם,false,,16.90,0.0422,true,1,63690
870264001330,false,פתיל צף תפארת,,,פתיל צף תפארת,Unknown,0.00,יחידה,false,,2.90,0.0000,true,1,48678
884912117625,false,דגני שלווה מצופים בדבש Golden Crisp,הנסיך- מפעל לייצור ט,US,דגני בוקר גולדן קריס,גרמים,418.00,100 גרם,false,,19.90,0.0476,true,1,63577
884912359155,false,דגני בוקר האני באנצ'ס האני רוסטד פוסט 340 גרם,פוסט ארצות הברית,US,דגני בוקר האני בנצ',גרמים,340.00,100 גרם,false,,21.90,0.0644,true,1,63580
884912359162,false,האני באנצ' דגני בוקר עם שקדים פוסט 411 גרם,פוסט ארצות הברית,US,דגני בוקר האני בנצ',גרמים,340.00,100 גרם,false,,21.90,0.0644,true,1,63581
884912359421,false,דגני בוקר האני באנצ'ס מייפל ופקאן פוסט 340 גרם,פוסט ארצות הברית,US,דגני בוקר האני בנצ',גרמים,340.00,100 גרם,false,,21.90,0.0644,true,1,63583
884912365200,false,דגני בוקר אוראו שחור ולבן 311 גרם,פוסט ארצות הברית,US,דגני בוקר עם פירורי,גרמים,311.00,100 גרם,false,,17.90,0.0576,true,1,63676
884912378118,false,דגני בוקר רייזן ברן 471 גרם,פוסט לקיוויל,US,דגני בוקר רייזן ברן,גרמים,471.00,100 גרם,false,,22.90,0.0486,true,1,63579
1025675950121,false,מארז סוכריות אודלס ס,JUNDILONG FOODS COMP,CN,מארז סוכריות אודלס ס,גרמים,384.00,100 גרם,false,,19.90,0.0518,true,1,53892
3014260022730,false,מב.שיניים אדוונטג 40 מדיום אורל בי זוג,פרוקטר אנד גמבל,IE,מברשת אורל בי אדוונט,Unknown,0.00,יחידה,false,,16.90,0.0000,true,1,15959
3035542001908,false,ליקר קואנטרו 1 ליטר,קואנטרו,FR,ליקר קואנטרו 1 ליטר,קילוגרמים,1.00,ליטר,false,,119.90,119.9000,true,1,52237
3059944021197,false,"ויט קרם להסרת שיער לעור רגיש (אריזת חיסכון) 400 מ""ל",רקיט בנקיזר צרפת,FR,קרם להסרת שיער ויט 4,מיליליטרים,400.00,"100 מ""ל",false,,39.90,0.0997,true,1,57857
3141360054405,false,פיניש מפיץ ריח למדיח בניחוח לימון וליים,הדקלאים אגודת שיתופי,HU,מפיג ריח פיניש לימון,Unknown,0.00,יחידה,false,,14.90,0.0000,true,1,27205
3267682136176,false,ויסקי היילנד קווין בלנדד 1 ליטר,היילנד קווין קומפני,GB,ויסקי היילנד קווין 1,קילוגרמים,1.00,ליטר,false,,84.90,84.9000,true,1,59090
3281461407172,false,קוניאק ברון רולאנד V,יקב בית אל,IL,קוניאק ברון רולאנד V,מיליליטרים,750.00,"100 מ""ל",false,,199.90,0.2665,true,1,60575
3387390320244,false,פיטנס דגני בוקר מחיטה מלאה עם פירות נסטלה 375 גרם,נסטלה צרפת איטנקורט,FR,דגני בוקר פיטנס עם פ,גרמים,375.00,100 גרם,false,,19.90,0.0531,true,1,48851
3387390525960,false,קראנץ' דגני בוקר עם שוקולד חלב נסטלה 500 גרם,הנסיך- מפעל לייצור ט,FR,דגני בוקר קראנצ 500,גרמים,500.00,100 גרם,false,,19.90,0.0398,true,1,18096
3566761006110,false,יין לה בומון שאבלי ל,יקב לואיס פסקו,FR,יין לה בומון שאבלי ל,מיליליטרים,750.00,"100 מ""ל",false,,99.90,0.1332,true,1,61767
3574660058857,false,גונסונס בייבי שמן 500 מל חדש,גונסון אנד גונסון,IT,שמן גונסונס בייבי 50,גרמים,500.00,100 גרם,false,,29.90,0.0598,true,1,45687
3574660089547,false,טמפונים נורמל קלאסי אובה 32 יחידות,ג'\ונסון אנד ג'\ונסון,GR,טמפונים אובה פרוקומפ,Unknown,0.00,יחידה,false,,19.90,0.0000,true,1,6664
3574660115154,false,או-בה טמפונים קלאסי סופר 32יח',ג'\ונסון אנד ג'\ונסון,GR,טמפונים אובה פרוקומפ,Unknown,0.00,יחידה,false,,19.90,0.0000,true,1,6666
3574660239829,false,קרם ידיים קל סדרה נורבגית נוטרוגינה 50 מ,ניוטרוג'ינה Neutrogena,FR,קרם ידיים ניוטרוג'ינ,מיליליטרים,75.00,"100 מ""ל",false,,24.90,0.3320,true,1,64607
3574660464337,false,מגני תחתון קרפרי נורמל אוורירי מבושם,ג'\ונסון אנד ג'\ונסון,GR,מגן תחתון קרפרי נורמ,Unknown,0.00,יחידה,false,,19.90,0.0000,true,1,15956
3574660464368,false,קרפרי מגן תחתון אוורירי אלוורה 76 יח'',גונסון אנד גונסון,GR,מגן תחתון קרפרי אלוו,Unknown,0.00,יחידה,false,,19.90,0.0000,true,1,15957
3574660514643,false,נטרוגינה קרם לחות מרגיע לגוף ולפנים 300,ניוטרוג'ינה Neutrogena,IT,קרם לחות מרגיע ניוטר,מיליליטרים,300.00,"100 מ""ל",false,,19.90,0.0663,true,1,64610
3574660520132,false,ליסטרין מי פה קולמינט 1 ליטר-מרכז,גונסון אנד גונסון,IT,מי פה ליסטרין מנטה 1,קילוגרמים,1.00,ליטר,false,,29.90,29.9000,true,1,19282
3574661098937,false,נטרוגינה תחליב גוף-יבש סדרה נורווגית,ניוטרוג'ינה Neutrogena,FR,תחליב גוף ניוטרוג'ינ,מיליליטרים,400.00,"100 מ""ל",false,,19.90,0.0497,true,1,64612
3574661226491,false,ליסטרין - מי פה טוטאל קר 1 ליטר,גונסון אנד גונסון,IT,מי פה ליסטרין טוטאל,קילוגרמים,1.00,ליטר,false,,29.90,29.9000,true,1,56585
3574661487632,false,מגני תחתון פלוס לארג' בניחוח עדין L,ג'\ונסון אנד ג'\ונסון,GR,מגן תחתון קרפרי לארג,Unknown,0.00,יחידה,false,,19.90,0.0000,true,1,48624
3574661491950,false,מי פה ליסטרין הלבנה,גונסון אנד גונסון,IT,מי פה ליסטרין הלבנה,קילוגרמים,1.00,ליטר,false,,34.90,34.9000,true,1,60515
3574669907682,false,גונסונס בייבי טלק 500 גרם חדש,גונסון אנד גונסון,IT,טלק גונסונס בייבי 50,גרמים,500.00,100 גרם,false,,29.90,0.0598,true,1,47545
3574669907729,false,גונסונס בייבי שמפו לתינוק 750 מל,גונסון אנד גונסון,IT,שמפו גונסונס בייבי ג,מיליליטרים,750.00,"100 מ""ל",false,,23.90,0.0319,true,1,62207
3574669908665,false,גונסונס בייבי אל סבון לפני השינה 750 מל,גונסון אנד גונסון,IT,אל סבון לפני השינה ג,מיליליטרים,750.00,"100 מ""ל",false,,19.90,0.0265,true,1,47502
3574669908948,false,"גונסונס בייבי אל סבון לרחצה עדינה 750 מ""ל",גונסון אנד גונסון,IT,תחליב רחצה עדין גונס,מיליליטרים,750.00,"100 מ""ל",false,,19.90,0.0265,true,1,47503
3607343817547,false,"אדידס - דאודורנט ספריי לגבר קליימקול 150 מ""ל",קולפ,PT,דאו אדידס ספריי לגבר,מיליליטרים,150.00,"100 מ""ל",false,,11.90,0.0793,true,1,64050
3614223736003,false,"אדידס - דאודורנט ספריי לגבר אדיפיור 150 מ""ל",איגפק אס.איי,PT,דאו אדידס ספריי לגבר,מיליליטרים,150.00,"100 מ""ל",false,,11.90,0.0793,true,1,64052
3661163991146,false,"אדידס - דאודורנט ספריי לאישה קול אנד קר פרש 150 מ""ל",מיוצר עי קונדיטוריית,PT,דאו אדידס ספריי לאיש,מיליליטרים,150.00,"100 מ""ל",false,,11.90,0.0793,true,1,64048
3661163991344,false,"אדידס דאודורנט ספריי מקס פרו-קליר לאישה 150 מ""ל",מיוצר עי קונדיטוריית,PT,דאו אדידס ספריי לאיש,מיליליטרים,150.00,"100 מ""ל",false,,11.90,0.0793,true,1,64049
3760262540009,false,יין נדיב ראשית 2018,יקב רקאנטי,IL,יין נדיב ראשית 2018,מיליליטרים,750.00,"100 מ""ל",false,,89.90,0.1199,true,1,52999
4001432773230,false,בלו ווין מוסקטו 1 ליטר,יקב רמת הגולן,DE,יין בלו ווין מוסקטו,מיליליטרים,750.00,"100 מ""ל",false,,49.90,0.0665,true,1,61352
4002448017684,false,"סיליט באנג ספריי ניקוי כללי מסיר אבנית 750 מ""ל",הדקלאים אגודת שיתופי,PL,תרסיס סיליט באנג 750,מיליליטרים,750.00,"100 מ""ל",false,,12.50,0.0167,true,1,20637
4002448019480,false,"סיליט באנג מסיר שומנים רב שימושי 750 מ""ל",סיליט באנג Cillit Bang,PL,תרסיס סיליט באנג מסי,מיליליטרים,750.00,"100 מ""ל",false,,12.50,0.0167,true,1,20638
4002631025069,false,בירה גרמנית קוניגסבכר Konigsbacher,קרלסברג יבוא יצוא,DE,בירה קוניגסבכר פילס,מיליליטרים,500.00,"100 מ""ל",false,,5.90,0.0118,true,1,58396
4002631025830,false,"בירה קוניגסבאכר חיטה 5.1% 500 מ""ל פחית",קרלסברג יבוא יצוא,DE,בירה קוניגסבכר חיטה,מיליליטרים,500.00,"100 מ""ל",false,,5.90,0.0118,true,1,58397
4008287051032,false,בירה קרומבאכר פילס 0.50 ליטר פחית,מנדלז סי.אר. פרודקשן,DE,בירה קרומבאכר פילס פ,מיליליטרים,500.00,"100 מ""ל",false,,9.90,0.0198,true,1,56434
4008287058161,false,בירה קרומבאכר פילס 4.8% שישיה 6 * 330 מל,מנדלז סי.אר. פרודקשן,DE,מארז בירה קרומבאכר פ,קילוגרמים,1.98,ליטר,false,,36.90,18.6364,true,1,56435
4008287762020,false,בירה קרומבאכר חיטה 0.50 ליטר בקבוק,קרומבכר בראורי,DE,בירה קרומבאכר חיטה ב,מיליליטרים,500.00,"100 מ""ל",false,,9.90,0.0198,true,1,56436
4008287905786,false,בירה קרומבאכר חיטה 5.3% פחית 500 מל,מנדלז סי.אר. פרודקשן,DE,בירה קרומבאכר חיטה פ,מיליליטרים,500.00,"100 מ""ל",false,,9.90,0.0198,true,1,56429
4008496884896,false,מארז 10 סוללות ורטה,,,מארז 10 סוללות ורטה,Unknown,0.00,יחידה,false,,14.90,0.0000,true,1,52372
4008496927364,false,מארז 10 סוללות VARTA AAA -חדש,,,מארז 10 סוללות ורטה,Unknown,0.00,יחידה,false,,14.90,0.0000,true,1,52373
4008535095351,false,בננית חטיף ממולא קרם בטעם בננה בציפוי שוקולד 300 גר',שקדיה,IL,בננית מצופה שוקולד ש,גרמים,300.00,100 גרם,false,,12.90,0.0430,true,1,58361
4009300522935,false,תה ירוק פומפדור לימונית ולואיזה 20 יחידות,"איטיליאן פוד, אס.פי.",DE,תה ירוק פומפדור לימו,גרמים,30.00,100 גרם,false,,14.90,0.4967,true,1,10917
4009300522966,false,תה ירוק עם נענע פומפדור 20 יחידות,"איטיליאן פוד, אס.פי.",DE,תה ירוק פומפדור נענע,גרמים,30.00,100 גרם,false,,14.90,0.4967,true,1,10916
4009300524588,false,חליטת צמחים פומפדור פירות יער 20 יחידות,פומפדור Pompadour,DE,חליטת צמחים פומפדור,גרמים,60.00,100 גרם,false,,11.90,0.1983,true,1,10913
4009300524625,false,תה צ'אי מסאלה פומפדור 20 יחידות,פומפדור Pompadour,DE,תה פומפדר צאי מסאלה,גרמים,40.00,100 גרם,false,,11.90,0.2975,true,1,19553
4009300525011,false,פומפידור תה ירוק עם תפוז וג'ינגר 25 שקיקים,"איטיליאן פוד, אס.פי.",DE,תה ירוק פומפדור תפוז,גרמים,30.00,100 גרם,false,,14.90,0.4967,true,1,19555
4009300525684,false,חליטת צמחים פומפדור ג'ינג'ר ולימון 20 יחידות,פומפדור Pompadour,DE,חליטת פירות פומפדור,גרמים,35.00,100 גרם,false,,11.90,0.3400,true,1,10910
4009300526438,false,תה ירוק פומפדור קלאסי 20 יחידות,"איטיליאן פוד, אס.פי.",DE,תה ירוק פומפדור קלאס,גרמים,30.00,100 גרם,false,,14.90,0.4967,true,1,13892
4009900402965,false,אורביט וויט בטעם פירות בקבוקון 46מלבניות,ריגלי פולין,PL,מסטיק אורביט בבקבוק,Unknown,0.00,יחידה,false,,9.40,0.0000,true,1,19409
4009900403023,false,אורביט וויט בטעם מנטה בקבוקון 46 מלבניות,"ב.א מזון בע""מ",PL,מסטיק אורביט בבקבוק,Unknown,0.00,יחידה,false,,9.40,0.0000,true,1,19405
4009900420129,false,מסטיק אורביט פרופשנל פפרמינט בקבוקון 64 גר',מרס נדרלנד,PL,מסטיק אורביט בבקבוק,גרמים,64.00,100 גרם,false,,9.40,0.1469,true,1,45881
4009900426039,false,מסטיק מנטה אקליפטוס בקבוקון איירווייבס 64 גרם,איירוויבס Airwaves,PL,מסטיק ארוויבז בבקבוק,גרמים,64.00,100 גרם,false,,9.40,0.1469,true,1,28229
4009900455299,false,"סוכרית ג'לי אדומה 174 גרם ""סקיטלס""",ריגלי ממתקים,CZ,סוכריות סקיטלס פירות,גרמים,174.00,100 גרם,false,,7.90,0.0454,true,1,14641
4009900465304,false,סוכריות סקיטלס פירות חמוצים 174 גרם,ריגלי ממתקים,CZ,סוכריות סקיטלס פירות,גרמים,174.00,100 גרם,false,,7.90,0.0454,true,1,14642
4009900479998,false,אורביט וויט אוכמניות בקבוקון 46 מלבניות,ריגלי פולין,PL,מסטיק אורביט בבקבוק,Unknown,0.00,יחידה,false,,9.40,0.0000,true,1,19407
4009900482417,false,מסטיק אורביט פירות מנטה בקבוקון באבל מינט 45יח,ריגלי פולין,PL,מסטיק אורביט בבקבוק,Unknown,0.00,יחידה,false,,9.40,0.0000,true,1,19406
4009900483803,false,מסטיק איירובס מנטה אקליפטוס בקבוקון 60יח',איירוויבס Airwaves,PL,מסטיק אירוובס פרופשי,גרמים,84.00,100 גרם,false,,12.90,0.1536,true,1,45755
4009900484060,false,מסטיק אורביט פרופשיונל בטעם מנטה ללא סוכר,ריגלי פולין,PL,מסטיק אורביט פרופשיו,גרמים,84.00,100 גרם,false,,12.90,0.1536,true,1,14643
4009900491044,false,מסטיק איירובס אוכמניות בקבוקון 60יח',איירוויבס Airwaves,PL,מסטיק אירוובס אוכמנ,גרמים,84.00,100 גרם,false,,12.90,0.1536,true,1,45761
4009900496247,false,"מסטיק אורביט לל""ס מלבניות בקבוק בבלימנט 60 יח",אורביט Orbit,PL,מסטיק אורביט בבלימנט,גרמים,84.00,100 גרם,false,,12.90,0.1536,true,1,45756
4009900531122,false,"מסטיק בטעם מנטה ספירמינט, 64 ג' פרופשיונל אורפיט",מרס נדרלנד,PL,מסטיק אורביט בבקבוק,גרמים,64.00,100 גרם,false,,9.40,0.1469,true,1,45882
4012273123009,false,נטרוגינה קרם ידיים 50 מל הסדרה הנורבגית,גונסון אנד גונסון,FR,קרם ידיים ניוטרוג'ינ,מיליליטרים,50.00,"100 מ""ל",false,,24.90,0.4980,true,1,64608
4015400564454,false,מגני תחתון אולוויז לארג' עם ניחוח מגה פק,פרוקטר אנד גמבל,DE,מגן תחתון אולוויז מג,Unknown,0.00,יחידה,false,,16.90,0.0000,true,1,9103
4015400598329,false,תחבושות אולוויז קוואטרו נורמל פלוס 56 יחידות,פרוקטר אנד גמבל,DE,תחבושות אלוויז קוואט,Unknown,0.00,יחידה,false,,29.90,0.0000,true,1,9528
4015400598411,false,תחבושות היגייניות יום ולילה Day & Night - מארז 40 יח',פרוקטר אנד גמבל,DE,תחבושות אלוויז קוואט,Unknown,0.00,יחידה,false,,29.90,0.0000,true,1,9526
4015400695677,false,פמפרס בייבי דריי מידה 4+ 80 יח,פרוקטר & גמבל,TR,חיתולי פמפרס בייבי ד,Unknown,0.00,יחידה,false,,64.90,0.0000,true,1,61317
4015400695691,false,פמפרס בייבי דריי מידה 5 74 יח,פרוקטר & גמבל,TR,חיתולי פמפרס בייבי ד,Unknown,0.00,יחידה,false,,64.90,0.0000,true,1,61318
4015400746812,false,מגני תחתון אולוויז נורמל עם ניחוח מגה פק,פרוקטר אנד גמבל,UA,מגן תחתון אולוויז מג,Unknown,0.00,יחידה,false,,16.90,0.0000,true,1,24884
4015400990543,false,"אבקת כביסה קולור 8 ק""ג אריאל",פרוקטור אנד גמבל,TR,אבקת כביסה צבעונית א,פריט,8.00,"ק""ג",false,,54.90,6.8625,true,1,20774
4015600762742,false,שמפו יומיומי למניעת קשקשים הנוסחה הקלאסית,פרוקטר אנד גמבל,RO,שמפו הד&שולדרס קלאסי,מיליליטרים,500.00,"100 מ""ל",false,,17.90,0.0358,true,1,10196
4015600762780,false,שמפו וקונדישינר יומיומי למניעת קשקשים הנוסחה הקלאסית 2in1,פרוקטר אנד גמבל,RO,שמפו ומרכך הד&שולדרס,מיליליטרים,500.00,"100 מ""ל",false,,17.90,0.0358,true,1,10197
4015600762902,false,"שמפו האד אנד שולדרס מנטול 500 מ""ל",פרוקטר אנד גמבל,RO,שמפו הד&שולדרס מנטול,מיליליטרים,500.00,"100 מ""ל",false,,17.90,0.0358,true,1,10198
4015600762940,false,שמפו יומיומי למניעת קשקשים בניחוח תפוח,פרוקטר אנד גמבל,RO,שמפו הד&שולדרס תפוח,מיליליטרים,500.00,"100 מ""ל",false,,17.90,0.0358,true,1,41364
4015600763022,false,שמפו יומיומי למניעת קשקשים לשיער יבש/פגום לשיער רך כמשי,פרוקטר אנד גמבל,RO,שמפו הד&שולדרס מגע מ,מיליליטרים,500.00,"100 מ""ל",false,,17.90,0.0358,true,1,10200
4015600810849,false,גילט דאו קליר גל 70 מל פאוור ראש,פרוקטר אנד גמבל,CZ,דאו גל גילט קליר פאו,גרמים,70.00,100 גרם,false,,17.50,0.2500,true,1,22040
4022025001905,false,יין בלו ווין מבעבע זהב כשר 750 מל,היי סישל סוהן טראבן,DE,יין בלו ווין זהב 24K,מיליליטרים,750.00,"100 מ""ל",false,,49.90,0.0665,true,1,61353
4022025261002,false,"בלו ווין גוורצטרמינר 750 מ""ל",לנגוט טראבן,DE,יין לבן בלו ווין גוו,מיליליטרים,750.00,"100 מ""ל",false,,44.90,0.0599,true,1,53961
4053700292455,false,ויט רצועות שעווה מוכנות להסרת שיער לעור רגיל 12 יחידות,רקיט בנקיזר צרפת,FR,רצועות שעווה לעור רג,Unknown,0.00,יחידה,false,,19.90,0.0000,true,1,49453
4062400543125,false,"טקילה סיירה רפוסאדו 700 מ""ל",מזקקת סיארה אונידס,MX,טקילה סיירה זהב רפוס,מיליליטרים,700.00,"100 מ""ל",false,,79.90,0.1141,true,1,59093
4066600999614,false,"בירה פאולנר, בירת חיטה מעוננת, בקבוק 500 מ""ל",מבשלת פאולנר,DE,בירה מעוננת פאולנר 5,מיליליטרים,500.00,"100 מ""ל",false,,10.90,0.0218,true,1,29973
4084500371422,false,"אבקת כביסה אריאל שושן צחור 8 ק""ג",פרוקטר & גמבל,IL,אבקת כביסה אריאל שוש,פריט,8.00,"ק""ג",false,,54.90,6.8625,true,1,14618
4105120623941,false,"בירה ויינשטפן בק' ח""פ 500 מ""ל","ויינשטפן, ת.ד 1155 פרייז",DE,בירה ויינשטפן 5.4% 5,מיליליטרים,500.00,"100 מ""ל",false,,9.90,0.0198,true,1,31179
4105120624412,false,"בירה ויינשטפן ויטוס 500 מ""ל","ויינשטפן, ת.ד 1155 פרייז",DE,בירה ויינשטפן 7.7% 5,מיליליטרים,500.00,"100 מ""ל",false,,9.90,0.0198,true,1,54371
4210201176718,false,אורל בי ראש חשמלי סנסיטיב רביעייה,פרוקטר & גמבל,DE,ראש חשמלי למברשת שינ,Unknown,0.00,יחידה,false,,69.90,0.0000,true,1,52031
4210201245193,false,אורל בי מברשת שיניים חשמלית נטענת לילדים פרוזן,פרוקטר אנד גמבל,DE,מברשת שיניים חשמלית,Unknown,0.00,יחידה,false,,89.90,0.0000,true,1,52250
4210201262183,false,אורל בי מברשת שיניים חשמלית נטענת ויטאליטי,פרוקטר אנד גמבל,DE,מברשת שיניים חשמלית,Unknown,0.00,יחידה,false,,89.90,0.0000,true,1,50527
4210201320111,false,אורל בי מברשת חשמלית נטענת לילדים-ספיידר,"מיוצר עבור בראון, גרמניה",DE,מברשת שיניים חשמלית,Unknown,0.00,יחידה,false,,89.90,0.0000,true,1,60599
4210201360742,false,אורל בי ראש חשמלי פלקסי סופט 4 יחידות,פרוקטר אנד גמבל,DE,ראש חשמלי למברשת שינ,Unknown,0.00,יחידה,false,,69.90,0.0000,true,1,59858
4210201365334,false,אורל בי ראש חשמלי סיבי פחם ארבע יחידות,פרוקטר אנד גמבל,DE,ראש חשמלי למברשת שינ,Unknown,0.00,יחידה,false,,69.90,0.0000,true,1,60600
4210201403319,false,אורל בי מברשת שיניים חשמלית נטענת פחם ויטאליטי,פרוקטר אנד גמבל,DE,מברשת שיניים חשמלית,Unknown,0.00,יחידה,false,,89.90,0.0000,true,1,60601
4260147890711,false,אטריות ביצים מגולגלות שקדיה 500 גרם,דין שיווק,PL,אטריות ביצים מגולגלו,גרמים,500.00,100 גרם,false,,9.90,0.0198,true,1,52236
4602486004426,false,וודקה בלנקאיה אקסטרה 1 ל +כוס קוקטייל,מזקקת גורגיבסקי,RU,וודקה בלנקאיה אקסטרה,קילוגרמים,1.00,ליטר,false,,79.90,79.9000,true,1,62327
4603400000067,false,וודקה רוסקי סטנדרט 1,רוסקי סטנדרט,RU,וודקה רוסקי סטנדרט 1,קילוגרמים,1.00,ליטר,false,,64.90,64.9000,true,1,47329
4603400000203,false,וודקה רוסקי סטנדרט 1 ליטר,,,וודקה רוסקי סטנדרט 1,קילוגרמים,1.00,ליטר,false,,64.90,64.9000,true,1,44424
4603400002542,false,וודקה רוסקי סטנדרט מ,רוסקי סטנדרט,RU,וודקה רוסקי סטנדרט מ,קילוגרמים,1.00,ליטר,false,,64.90,64.9000,true,1,60002
4603928000983,false,בלוגה נובל וודקה 1 ליטר,מרינסקי ליקרו-וודאצ'ני ז,RU,וודקה בלוגה 1 ליטר,קילוגרמים,1.00,ליטר,false,,119.90,119.9000,true,1,31456
4640018993398,false,פיניש קוואנטום 60 יח' קפסולות ג'ל למדיח כלים,רקיט בנקיזר,PL,טבליות פיניש קוואנטו,Unknown,0.00,יחידה,false,,54.90,0.0000,true,1,51172
4710964104916,false,"שמן שומשום טהור 370 מ""ל (כ)",פלייבור פול פודס טיי,TW,שמן שומשום טהור מזרח,מיליליטרים,370.00,"100 מ""ל",false,,22.50,0.0608,true,1,49718
4710964170799,false,שומשום שחור קלוי 91 גרם,פלייבור פול פודס טיי,TW,שומשום שחור קלוי מזר,גרמים,91.00,100 גרם,false,,16.50,0.1813,true,1,49719
4751007730938,false,שפרוטים מעושנים 240 גרם,פודסטוק,LV,שפורט מעושן בשמן דבר,גרמים,240.00,100 גרם,false,,7.90,0.0329,true,1,38694
4791021002789,false,תה ירוק אימפרה 100 ש,IMPERIAL TEA EXPORT,,תה ירוק 100 שקיקים,גרמים,200.00,100 גרם,false,,19.90,0.0995,true,1,16421
4791021003588,false,תה שחור אימפרה 100 ש,IMPERIAL TEA EXPORT,LK,תה שחור אימפרה 100 ש,גרמים,150.00,100 גרם,false,,9.90,0.0660,true,1,14500
4791021004462,false,תה ירוק תפוח 25 שקיק,IMPERIAL TEA EXPORT,,תה ירוק תפוח 25 שקיק,גרמים,50.00,100 גרם,false,,9.90,0.1980,true,1,35072
4791021004554,false,תה ירוק מנטה 25 שקיק,IMPERIAL TEA EXPORT,,תה ירוק מנטה 25 שקיק,גרמים,50.00,100 גרם,false,,9.90,0.1980,true,1,35073
4791021006695,false,תה ירוק יסמין 25 שקי,IMPERIAL TEA EXPORT,,תה ירוק יסמין 25 שקי,גרמים,50.00,100 גרם,false,,9.90,0.1980,true,1,35074
4791021009399,false,תה ירוק קלאסי 25 שקי,IMPERIAL TEA EXPORT,,תה ירוק קלאסי 25 שקי,גרמים,50.00,100 גרם,false,,9.90,0.1980,true,1,35071
4791021901969,false,תה ירוק חמוציות 25 ש,IMPERIAL TEA EXPORT,,תה ירוק חמוציות 25 ש,גרמים,50.00,100 גרם,false,,9.90,0.1980,true,1,35069
4791021901983,false,תה ירוק צאי מסלה 25,IMPERIAL TEA EXPORT,,תה ירוק צאי מסלה 25,גרמים,50.00,100 גרם,false,,9.90,0.1980,true,1,35070
4791021904861,false,תה ירוק גינגר 25 שקי,IMPERIAL TEA EXPORT,,תה ירוק גינגר 25 שקי,גרמים,50.00,100 גרם,false,,9.90,0.1980,true,1,35068
4791021944720,false,תה ארל גריי ספיישל 2,IMPERIAL TEA EXPORT,,תה ארל גריי שחור 10,גרמים,200.00,100 גרם,false,,19.90,0.0995,true,1,36463
4815087000111,false,שמן קנולה מזוכך 1 לי,"אגרופודוקט בע""מ",BY,שמן קנולה אוליס 1 לי,קילוגרמים,1.00,ליטר,false,,8.90,8.9000,true,1,62033
4891228430054,false,סכיני גילוח לנשים שיק אקזקטה 2 5 יח,שיק,CN,סכיני גילוח לנשים שי,Unknown,0.00,יחידה,false,,9.90,0.0000,true,1,27223
4891228430092,false,סכיני גילוח שיק אקסטרים קומפורט לנשים 3 להבים 4 יחידות,אנרג'יזר Energizer,CN,סכיני גילוח לנשים שי,Unknown,0.00,יחידה,false,,14.90,0.0000,true,1,29950
4891228460242,false,שיק קוואטרו חד פעמי לנשים 3 יחידות,אנרג'יזר Energizer,CN,סכיני גילוח לנשים 4,Unknown,0.00,יחידה,false,,19.90,0.0000,true,1,48793
4903001904192,false,"רוטב סויה יאמסה פרימיום 500 מ""ל",הדקלאים אגודת שיתופי,JP,רוטב סויה יאמאסה 500,גרמים,500.00,100 גרם,false,,17.50,0.0350,true,1,62501
4903001925784,false,"רוטב סויה יאמאסה פרמיום דל מלח 500 מ""ל",הדקלאים אגודת שיתופי,JP,רוטב סויה מופחת נתרן,גרמים,500.00,100 גרם,false,,17.50,0.0350,true,1,62502
4903001930993,false,"רוטב טריאקי יאמאסה 500 מ""ל",ליימן מותגים,JP,רוטב טריאקי יאמאסה 5,גרמים,500.00,100 גרם,false,,17.50,0.0350,true,1,62504
5000146048671,false,סילבו משחה לניקוי כלי כסף 75 גרם,רקיט בנקיזר,PT,סילבו מטליות לניקוי,Unknown,0.00,יחידה,false,,12.90,0.0000,true,1,8778
5000157143365,false,מתבל בטעם מיונז וקטשופ היינץ 425 גרם,"פודליצקי ספ.ז.או.או,",PL,רוטב בטעם מיונז וקטש,גרמים,425.00,100 גרם,false,,14.90,0.0351,true,1,55401
5000267102566,false,"וויסקי סקוטי קארדו 12 שנה 700 מ""ל",,,ויסקי סקוטי קארדו 70,מיליליטרים,700.00,"100 מ""ל",false,,179.90,0.2570,true,1,38918
5000267125046,false,וויסקי גו'ני ווקר B&L ליטר,ג'\ון ווקר ובניו,GB,ויסקי בלאק לייבל 1 ל,קילוגרמים,1.00,ליטר,false,,129.90,129.9000,true,1,37451
5000277000982,false,"אברפלדי 12 שנה 700 מ""ל (כשר)",,GB,ויסקי אברפלדי 12 שנה,מיליליטרים,700.00,"100 מ""ל",false,,249.90,0.3570,true,1,62046
5000299211243,false,ויסקי שיבס רויאל סלוט700,שיבס ריגל,GB,ויסקי שיבאס 21 רויאל,מיליליטרים,700.00,"100 מ""ל",false,,349.00,0.4986,true,1,31453
5000299225028,false,ויסקי שיבאס ריגל 18,,,ויסקי שיבאס ריגל 18,מיליליטרים,750.00,"100 מ""ל",false,,189.90,0.2532,true,1,24795
5000299609347,false,"וויסקי גלנליווט פאונדרס ריזרב 700 מ""ל",ג'ורג' וג'יי ג'יי סמית,GB,ויסקי גלנליווט פאונד,מיליליטרים,700.00,"100 מ""ל",false,,139.90,0.1999,true,1,36415
5000394093812,false,סוללות דורסל סימפלי,דורסל,,סוללות דורסל סימפלי,Unknown,0.00,יחידה,false,,24.90,0.0000,true,1,36049
5000394093836,false,סוללות דורסל סימפלי,דורסל,,סוללות דורסל סימפלי,Unknown,0.00,יחידה,false,,24.90,0.0000,true,1,36050
5010106111956,false,וויסקי בלנטיין פיינסט 1 ליטר,בלנטיינ'ס Ballantines,US,ויסקי בלנטיינס 1 ליט,קילוגרמים,1.00,ליטר,false,,89.90,89.9000,true,1,36422
5010327105215,false,וויסקי מאנקי שולדר Monkey Shoulder,"וויליאם גראנט ובניו בע""\",GB,ויסקי מאנקי שולדר 70,מיליליטרים,700.00,"100 מ""ל",false,,109.90,0.1570,true,1,57299
5010391101007,false,ליקר דרמבוי 1 ליטר,גלזגו,GB,ליקר דרמבוי 1 ליטר,קילוגרמים,1.00,ליטר,false,,139.90,139.9000,true,1,58398
5010496003565,false,סינגל מאלט סקוטי אוכנטושן אמריקו הוק 700,מוריסון בואומור,GB,ויסקי אוכנטושן 700 מ,מיליליטרים,700.00,"100 מ""ל",false,,129.90,0.1856,true,1,62171
5010677551281,false,"בקרדי בריזר לימון 275 מ""ל בקבוק",בקרדי בריזר Bacardi Breezer,BE,בקרדי בריזר לימון 27,מיליליטרים,275.00,"100 מ""ל",false,,12.90,0.0469,true,1,36368
5010677551397,false,"בקרדי בריזר לימון ליים 275 מ""ל",בקרדי בריזר Bacardi Breezer,BE,בקרדי בריזר ליים 275,מיליליטרים,275.00,"100 מ""ל",false,,12.90,0.0469,true,1,49547
5010677552387,false,"בקרדי בריזר אננס 275 מ""ל בקבוק",בקרדי בריזר Bacardi Breezer,BE,בקרדי בריזר אננס 275,מיליליטרים,275.00,"100 מ""ל",false,,12.90,0.0469,true,1,36369
5010677554398,false,"בקרדי בריזר אבטיח 275 מ""ל בקבוק",בקרדי בריזר Bacardi Breezer,BE,בקרדי בריזר אבטיח 27,מיליליטרים,275.00,"100 מ""ל",false,,12.90,0.0469,true,1,36367
5011007003227,false,וויסקי גיימיסון 1 ליטר,אייריש דיסטלריז,,ויסקי גיימסון 1 ליטר,קילוגרמים,1.00,ליטר,false,,99.90,99.9000,true,1,36462
5014271001210,false,מעדן סנדלפור ארבע פי,סנדלפור St.dalfour,FR,מעדן 4 פירות סנט דלפ,גרמים,500.00,100 גרם,false,,24.90,0.0498,true,1,30327
5014271001227,false,מעדן פרי סנדלפור משמ,סנדלפור St.dalfour,FR,מעדן משמש סנט דלפור,גרמים,500.00,100 גרם,false,,24.90,0.0498,true,1,30328
5014271001234,false,מעדן פרי דובדבנים שחורים,סנדלפור St.dalfour,FR,מעדן דובדבן סנט דלפו,גרמים,500.00,100 גרם,false,,24.90,0.0498,true,1,30326
5014271001241,false,מעדן פרי סנדלפור תות,סנדלפור St.dalfour,FR,מעדן תות סנט דלפור 5,גרמים,500.00,100 גרם,false,,24.90,0.0498,true,1,30325
5024546356587,false,וויסקי גראנד מקניש 1 ליטר SCOTCH,אגדת,IL,ויסקי גראנד מקניש 1,קילוגרמים,1.00,ליטר,false,,79.90,79.9000,true,1,56864
5024546366630,false,וויסקי לאודרס 1 ליטר SCOTCH,לאודרס,IL,ויסקי לאודרס סקוטי 1,קילוגרמים,1.00,ליטר,false,,89.90,89.9000,true,1,57255
5050083559761,false,דגני בוקר קלוגס קוקו פופס שוקוס 500 גרם,קלוגס מניופקטורינג אספנה,ES,קלוגס קוקו פופס שוקו,גרמים,500.00,100 גרם,false,,14.90,0.0298,true,1,23716
5053827215862,false,קלוגס קוקו פופס שוקו 500ג',קלוגס מניופקטורינג אספנה,GB,קלוגס קוקו פופס שוקו,גרמים,500.00,100 גרם,false,,14.90,0.0298,true,1,56995
5060060210219,false,תרסיס אסטוניש מבריק,יעקב יעקובי,IL,תרסיס אסטוניש מבריק,מיליליטרים,750.00,"100 מ""ל",false,,9.90,0.0132,true,1,24242
5060060211605,false,קרם אסטוניש לניקוי ב,יעקב יעקובי,IL,קרם אסטוניש לניקוי ב,מיליליטרים,500.00,"100 מ""ל",false,,9.90,0.0198,true,1,60596
5060060211612,false,קרם אסטוניש לניקוי ע,יעקב יעקובי,IL,קרם אסטוניש לניקוי ע,מיליליטרים,500.00,"100 מ""ל",false,,9.90,0.0198,true,1,60597
5060809351401,false,כפפות ויניל 100 יח מ,,,כפפות ויניל 100 יח מ,Unknown,0.00,יחידה,false,,14.90,0.0000,true,1,58353
5060809354747,false,כפפות ניטריל 100 יחי,,,כפפות ניטריל 100 יחי,Unknown,0.00,יחידה,false,,21.90,0.0000,true,1,60717
5060809354761,false,כפפות ניטריל 100 יחי,,,כפפות ניטריל 100 יחי,Unknown,0.00,יחידה,false,,21.90,0.0000,true,1,60719
5060809354778,false,כפפות ניטריל 100 יחי,,,כפפות ניטריל 100 יחי,Unknown,0.00,יחידה,false,,21.90,0.0000,true,1,60720
5099864006377,false,תחליף חלב מהדרין שלב 1 סימילאק אדוונס 90,אבוט מעבדות רפואיות,ES,סימילאק מהדרין שלב 1,גרמים,900.00,100 גרם,false,,69.90,0.0777,true,1,5959
5099864006384,false,סימילאק למהדרין שלב 2 אריזת חיסכון 900 ג.,אבוט מעבדות רפואיות,ES,סימילאק מהדרין שלב 2,גרמים,900.00,100 גרם,false,,69.90,0.0777,true,1,5960
5099864006391,false,סימילאק למהדרין שלב 3 אריזת חיסכון 900 ג,אבוט מעבדות רפואיות,ES,סימילאק מהדרין שלב 3,גרמים,900.00,100 גרם,false,,69.90,0.0777,true,1,5961
5201085540084,false,סוכריות ג'ילי מיקס שקית 800 גר',פאלאס אס איי,GR,סוכריות גילו מיקס 70,גרמים,700.00,100 גרם,false,,13.90,0.0199,true,1,17955
5201347400545,false,רצועות שעווה מוכנות לשימוש לפנים ולאזורים רגישים,רקיט בנקיזר צרפת,FR,רצועות שעווה פנים וי,Unknown,0.00,יחידה,false,,19.90,0.0000,true,1,49522
5202175001515,false,נאצ'וס בטעם מלוח 225 גרם,אל סבור מקסיקן פוד,TW,נאצ'וס בטעם מלוח אל,גרמים,225.00,100 גרם,false,,10.50,0.0467,true,1,49696
5202175001546,false,"נאצוס בטעם ברביקיו לל""ג 225 גרם",אל סבור מקסיקן פוד,TW,נאצ'וס בטעם ברביקיו,גרמים,225.00,100 גרם,false,,10.50,0.0467,true,1,49697
5203819013406,false,ארק אוזו מלטמי 700 מ,אגדת,IL,ארק אוזו מלטמי 700 מ,מיליליטרים,700.00,"100 מ""ל",false,,54.90,0.0784,true,1,54015
5203819014205,false,ארק אוזו מלטמי 700 מ,אגדת,IL,ארק אוזו מלטמי 700 מ,מיליליטרים,700.00,"100 מ""ל",false,,54.90,0.0784,true,1,63022
5290074003228,false,FAN מיץ תפוחים 100% טבעי 1 ליטר,קהאן,CY,מיץ תפוחים 100% פאן,קילוגרמים,1.00,ליטר,false,,9.90,9.9000,true,1,63643
5391523062152,false,סימילאק שלב 1 למהדרין 400 גרם,אבוט אירלנד,IE,סימילאק מהדרין שלב 1,גרמים,400.00,100 גרם,false,,29.90,0.0747,true,1,63675
5410126006087,false,עוגיות לוטוס ארוזות בתפזורת 700 גרם,לוטוס ביקרי נ.וי.,BE,ביסקוויט קרמל לוטוס,גרמים,700.00,100 גרם,false,,19.90,0.0284,true,1,12297
5410126006360,false,לוטוס עוגיות סנדוויץ' במילוי לוטוס 150 גר',לוטוס ביקרי בלגיה נ.,BE,עוגיות סנדוויץ בטעם,גרמים,150.00,100 גרם,false,,8.90,0.0593,true,1,59324
5410126106022,false,מארז עוגיות לוטוס 250 גר*2,לוטוס ביקרי נ.וי.,BE,עוגיות לוטוס מארז חג,גרמים,500.00,100 גרם,false,,14.90,0.0298,true,1,63898
5410126116953,false,ממרח ביסקוויט קרמל לוטוס 400 גרם,לוטוס בייקרי בלגיה נ,BE,ממרח עוגיות לוטוס 40,גרמים,400.00,100 גרם,false,,19.90,0.0497,true,1,8665
5410126666038,false,"ביסקוויט קרמל לוטוס 279 גרם בד""צ",לוטוס ביקרי נ.וי,BE,ביסקוויט קרמל לוטוס,גרמים,279.00,100 גרם,false,,9.90,0.0355,true,1,39167
5410126726947,false,ממרח ביסקוויט קרמל קראנץ' לוטוס 380 גרם,לוטוס בייקרי בלגיה נ,BE,ממרח עוגיות קראנצ לו,גרמים,380.00,100 גרם,false,,19.90,0.0524,true,1,13185
5410228141266,false,"בירה סטלה ארטואה בקבוק 330 מ""ל",קרלסברג יבוא יצוא,IL,בירה סטלה ארטואה 5.2,מיליליטרים,330.00,"100 מ""ל",false,,4.90,0.0148,true,1,50368
5410228141785,false,"בירה הוגרדן בקבוק330מ""ל",קרלסברג יבוא יצוא,BE,"בירה הוגרדן 330 מ""ל",מיליליטרים,330.00,"100 מ""ל",false,,6.90,0.0209,true,1,48860
5410228142089,false,בירה לף בלונד בקבוק330מל,אינבב.ברוורייליין1,BE,בירה לף בלונד 6.6%,מיליליטרים,330.00,"100 מ""ל",false,,6.90,0.0209,true,1,14327
5410228144755,false,"בירה סטלה ארטואה שישייה בקבוק 330 מ""ל",מבשלות בירה בינלאומיות ב,IL,מארז בירה סטלה ארטוא,קילוגרמים,1.98,ליטר,false,,29.90,15.1010,true,1,14328
5410228217732,false,"סטלה ארטואה -פחית 440 מ""ל",מנדלז סי.אר. פרודקשן,BE,בירה סטלה ארטואה 5.2,מיליליטרים,440.00,"100 מ""ל",false,,12.90,0.0293,true,1,63112
5410316983693,false,"סמירנוף אייס בקבוק 275 מ""ל",סמירנוף אייס Smirnoff ice,IT,"סמירנוף אייס 275 מ""ל",מיליליטרים,275.00,"100 מ""ל",false,,12.90,0.0469,true,1,53672
5411081003654,false,"קסטיל בירה רוז 330 מ""ל",מבשלת קסטל ואן הונסב,BE,בירה קסטיל רוז 330 מ,מיליליטרים,330.00,"100 מ""ל",false,,11.90,0.0361,true,1,62767
5411188080268,false,"אלפרו סויה אורגני 1 ל מפוקח ע""י סקאל",הנסיך- מפעל לייצור ט,BE,משקה סויה אורגני אלפ,קילוגרמים,1.00,ליטר,false,,11.90,11.9000,true,1,12674
5411188081852,false,אלפרו משקה סויה בטעם וניל 1 ל',הנסיך- מפעל לייצור ט,BE,משקה סויה וניל אלפרו,קילוגרמים,1.00,ליטר,false,,11.90,11.9000,true,1,12673
5411188094159,false,רביעיית מעדן סויה שוקו מריר אלפרו 125 גרם,הנסיך- מפעל לייצור ט,BE,מארז מעדן סויה שוקול,גרמים,500.00,100 גרם,false,,15.90,0.0318,true,1,6662
5411188094173,false,רביעיה מעדן סויה טעם קרמל 125 ג' אלפרו,אלפרו,BE,מארז מעדן סויה בטעם,גרמים,500.00,100 גרם,false,,15.90,0.0318,true,1,64646
5411188096108,false,"שמנת לבישול ע""ב סויה 250 מ""ל אלפרו",אלפרו C.V.A,BE,סויה לבישול 4.7% אלפ,מיליליטרים,250.00,"100 מ""ל",false,,8.90,0.0356,true,1,14414
5411188106159,false,אלפרו סויה לייט מופחת שומן 1.2% 1 ליטר,הנסיך- מפעל לייצור ט,BE,משקה סויה מופחת שומן,קילוגרמים,1.00,ליטר,false,,11.90,11.9000,true,1,14412
5411188110835,false,אלפרו חלב סויה שקדים וניל 1ל',הנסיך- מפעל לייצור ט,BE,משקה שקדים אלפרו 1 ל,קילוגרמים,1.00,ליטר,false,,11.90,11.9000,true,1,14410
5411188112549,false,משקה קוקוס אלפרו 1 ליטר משקה אורז 1 ליטר,הנסיך- מפעל לייצור ט,BE,משקה אורז ללא סוכר א,קילוגרמים,1.00,ליטר,false,,11.90,11.9000,true,1,14408
5411188112709,false,"משקה קוקוס אלפרו 1 ליטר משקה שקדים לל""ס",הנסיך- מפעל לייצור ט,BE,משקה שקדים לא ממותק,קילוגרמים,1.00,ליטר,false,,11.90,11.9000,true,1,38725
5411188115366,false,משקה קוקוס אלפרו 1 ליטר משקה שיבולת שועל 1 ליטר,הנסיך- מפעל לייצור ט,BE,משקה שיבולת שועל אלפ,קילוגרמים,1.00,ליטר,false,,12.90,12.9000,true,1,14407
5411188115434,false,משקה אלפרו בריסטה סויה 1 ליטר,אלפרו C.V.A,BE,משקה בריסטה סויה אלפ,קילוגרמים,1.00,ליטר,false,,12.90,12.9000,true,1,62193
5411188115472,false,משקה סויה אלפרו 1 ליטר,הנסיך- מפעל לייצור ט,BE,משקה סויה אלפרו 1 לי,קילוגרמים,1.00,ליטר,false,,11.90,11.9000,true,1,53770
5411188118732,false,משקה אלפרו קוקוס ושקדים 1 ליטר,הנסיך- מפעל לייצור ט,BE,משקה קוקוס שקדים אלפ,קילוגרמים,1.00,ליטר,false,,12.90,12.9000,true,1,23164
5411188120742,false,משקה קוקוס אלפרו 1 ליטר שקדים וניל 1 ל',הנסיך- מפעל לייצור ט,BE,משקה שקדים וניל אלפר,קילוגרמים,1.00,ליטר,false,,12.90,12.9000,true,1,23165
5411188120957,false,"אלפרו תערובת לבישול על בסיס קוקוס 250 מ""ל",אלפרו C.V.A,BE,קוקוס לבישול 14% אלפ,מיליליטרים,250.00,"100 מ""ל",false,,9.90,0.0396,true,1,61001
5411188124689,false,משקה אלפרו שיבולת שועל ללא סוכר 1 ליטר,אלפרו C.V.A,BE,משקה שיבולת שועל ללא,קילוגרמים,1.00,ליטר,false,,12.90,12.9000,true,1,54670
5411188127697,false,אלפרו משקה בריסטה שיבולת שועל 1 ליטר,הנסיך- מפעל לייצור ט,BE,משקה בריסטה שיבולת ש,קילוגרמים,1.00,ליטר,false,,12.90,12.9000,true,1,54671
5411188134985,false,אלפרו 3.5% NOT M*LK שיבולת שועל 1 ליטר בית יוסף,הנסיך- מפעל לייצור ט,BE,משקה שיבולת שועל 3.5,קילוגרמים,1.00,ליטר,false,,13.90,13.9000,true,1,61002
5411188135005,false,אלפרו 1.8% NOT M*LK שיבולת שועל 1 ליטר בית יוסף,הנסיך- מפעל לייצור ט,BE,משקה שיבולת 1.8% שו,קילוגרמים,1.00,ליטר,false,,13.90,13.9000,true,1,61003
5411188300328,false,אלפרו סויה שוקו 1 ליטר * 8 יחי,הנסיך- מפעל לייצור ט,BE,משקה סויה שוקו אלפרו,קילוגרמים,1.00,ליטר,false,,11.90,11.9000,true,1,12672
5411188513483,false,"סויה לבישול 14% שומן אלפרו 250 מ""ל",אלפרו C.V.A,BE,סויה לבישול 14% אלפר,מיליליטרים,250.00,"100 מ""ל",false,,9.90,0.0396,true,1,61004
5411188543398,false,משקה סויה ללא סוכר אלפרו 1 ליטר,הנסיך- מפעל לייצור ט,BE,משקה סויה ללא תוספת,קילוגרמים,1.00,ליטר,false,,11.90,11.9000,true,1,53098
5604912415058,false,סרדינים פורטוס בשמן חמניות חריף 125 גרם,פורטוס Porthos,PT,סרדין בשמן חמניות חר,גרמים,125.00,100 גרם,false,,5.90,0.0472,true,1,45548
5604912425040,false,מקרלים בשמן חמניה 125 ג' פורטוס,קונסרבס פורטוגל נורט,PT,מקרל בשמן חמניות פור,גרמים,125.00,100 גרם,false,,5.90,0.0472,true,1,45561
5604912425057,false,מקרלים בשמן חמניה חריף פורטוס 125 גרם,קונסרבס פורטוגל נורטה לי,PT,מקרל בשמן חמניות חרי,גרמים,125.00,100 גרם,false,,5.90,0.0472,true,1,45560
5700006007090,false,מארז 10 סביבונים כד,,,מארז 10 סביבונים כד,Unknown,0.00,יחידה,false,,11.90,0.0000,true,1,65510
5700006007113,false,מארז 10 סביבונים סבי,,,מארז 10 סביבונים סבי,Unknown,0.00,יחידה,false,,11.90,0.0000,true,1,65511
5711953106583,false,גבינת שמנת בטעם טבעי 200 גרם ארלה,ארלה פודס אמבה,DK,גבינת שמנת טבעי 24.5,גרמים,200.00,100 גרם,false,,13.90,0.0695,true,1,49211
5711953106590,false,גבינת שמנת ארלה שמנת שום 200 גרם,ארלה פודס אמבה,DK,גבינת שמנת שום 24% א,גרמים,200.00,100 גרם,false,,13.90,0.0695,true,1,49212
5711953106606,false,גבינת שמנת עם תבלינים ועשבי תיבול 23.5%,ארלה פודס אמבה,DK,גבינת שמנת עשבי תיבו,גרמים,200.00,100 גרם,false,,13.90,0.0695,true,1,49213
5800245802613,false,מארז 24 סביבוני פלסט,,,מארז 24 סביבוני פלסט,Unknown,0.00,יחידה,false,,11.90,0.0000,true,1,65512
5900020026552,false,דגני בוקר האני נאט צ'יריוס בטעם דבש ושקדים,נסטלה צרפת איטנקורט,FR,דגני בוקר האני נאט צ,גרמים,625.00,100 גרם,false,,19.90,0.0318,true,1,49975
5900020039590,false,פיטנס חטיף דגנים קלאסי פרווה 8 6*23.5 ג,נסטלה פולין דגני בוק,PL,חטיף דגנים קלאסי פיט,גרמים,141.00,100 גרם,false,,9.60,0.0681,true,1,58868
5900020039620,false,פיטנס חטיף דגנים שקדים ודבש פרווה 8 6*23 ג,נסטלה פולין ברים,PL,חטיף דגנים שקדים ודב,גרמים,141.00,100 גרם,false,,9.60,0.0681,true,1,58869
5900020041142,false,קורנפלקס פיטנס 500 ג' אסם,נסטלה צרפת איטנקורט,PL,קורנפלקס פיטנס 500 ג,גרמים,500.00,100 גרם,false,,12.90,0.0258,true,1,64954
5900907000583,false,מלפפונים שלמים בחומץ900ג,סגל דברים טובים,PL,מלפפון בחומץ בצנצנת,גרמים,920.00,100 גרם,false,,13.90,0.0151,true,1,19448
5900907000835,false,"מלפפונים בחומץ 2.55 ק""ג",סגל דברים טובים,PL,מלפפון בחומץ אורבנק,פריט,2.55,"ק""ג",false,,29.90,11.7255,true,1,19447
5901483010102,false,"חליטת תפו""ע פירות יע",bifix,,"חליטת תפו""ע פירות יע",גרמים,50.00,100 גרם,false,,7.90,0.1580,true,1,14206
5901483020309,false,חליטת פירות יער 25 ש,bifix,,חליטת פירות יער 25 ש,גרמים,50.00,100 גרם,false,,7.90,0.1580,true,1,14298
5901483060022,false,חליטת עלי מרווה ביופ,bifix,,חליטת עלי מרווה 20 ש,גרמים,40.00,100 גרם,false,,7.90,0.1975,true,1,14303
5901483060060,false,חליטת שומר 20 שקיקים,ביופלוייד,PL,חליטת שומר 20 שקיקים,גרמים,40.00,100 גרם,false,,7.90,0.1975,true,1,35075
5901483060206,false,חליטת מנטה 20 שקיקים,bifix,,חליטת מנטה 20 שקיקים,גרמים,40.00,100 גרם,false,,7.90,0.1975,true,1,14301
5901483060404,false,חליטת בבונג 20 שקיקי,bifix,,חליטת בבונג 20 שקיקי,גרמים,35.00,100 גרם,false,,7.90,0.2257,true,1,14204
5901483081027,false,חליטת לואיזה 20 שקיק,bifix,,חליטת לואיזה 20 שקיק,גרמים,35.00,100 גרם,false,,7.90,0.2257,true,1,14851
5902198160403,false,XL משקה אנרגיה מוגז ללא סוכר עד 10 קלוריות לפחית 250 מל,"טמפו משקאות בע""\מ",IL,משקה אנרגיה אקסל ללא,מיליליטרים,250.00,"100 מ""ל",false,,3.90,0.0156,true,1,29413
5904941750312,false,"משקה אנרגיה BLU מוחיטו בודד 250 מ""ל",אקו - ביט,PL,משקה אנרגיה בלו דיי,מיליליטרים,250.00,"100 מ""ל",false,,4.50,0.0180,true,1,9663
5904941751241,false,"משקה אנרגיה BLU דיי סיקס ללא סוכר 250 מ""ל",אקו - ביט,PL,משקה אנרגיה בלו דיי,מיליליטרים,250.00,"100 מ""ל",false,,4.50,0.0180,true,1,53578
5904941751302,false,"משקה אנרגיה בלו 250 מ""ל- בודד",אקו - ביט,PL,משקה אנרגיה בלו 250,מיליליטרים,250.00,"100 מ""ל",false,,4.50,0.0180,true,1,3929
5904941751920,false,בלו משקה אנרגיה דיי חצי מכמות הקלו250 מל,אקו - ביט,PL,משקה אנרגיה בלו דיי,מיליליטרים,250.00,"100 מ""ל",false,,4.50,0.0180,true,1,9450
5906485301012,false,"משקה אנרגיה XL פחית 250 מ""ל","טמפו משקאות בע""מ",IL,משקה אנרגיה אקסל 250,מיליליטרים,250.00,"100 מ""ל",false,,3.90,0.0156,true,1,4818
5997321770307,false,ויט רצועות שעווה מוכנות לעור רגיש 12 יחידות,רקיט בנקיזר צרפת,FR,רצועות שעווה לעור רג,Unknown,0.00,יחידה,false,,19.90,0.0000,true,1,49454
6001067024446,false,קולגייט מברשת אקסטרה קלין שלישיה,COLGATE ($) -PALMOLI,VN,מברשת קולגייט אקסטרה,Unknown,0.00,יחידה,false,,7.90,0.0000,true,1,18844
6009606260218,false,דגני בוקר וויטביקס 450 גרם,ויטביקס,IL,דגני בוקר וויטביקס 4,גרמים,450.00,100 גרם,false,,21.90,0.0487,true,1,62513
6009684861000,false,חטיף דגנים בטעם מייפל 175 גר',,IL,חטיף דגנים בטעם דבש,גרמים,125.00,100 גרם,false,,9.90,0.0792,true,1,3296
6102021100869,false,מארז 19 סוללות כפתור פאואר,,,מארז 19 סוללות כפתור,Unknown,0.00,יחידה,false,,14.90,0.0000,true,1,59718
6102022100202,false,מארז 12 סוללות אלקלי,,,מארז 12 סוללות אלקלי,Unknown,0.00,יחידה,false,,11.90,0.0000,true,1,62887
6102022100219,false,מארז 12 סוללות אלקלי,,,מארז 12 סוללות אלקלי,Unknown,0.00,יחידה,false,,11.90,0.0000,true,1,62886
6102022101506,false,בקבוק הזלפה,,,בקבוק הזלפה,Unknown,0.00,יחידה,false,,5.90,0.0000,true,1,65504
6102022101544,false,סביבון אקדח+פרופלורי,,,סביבון אקדח+פרופלורי,Unknown,0.00,יחידה,false,,9.90,0.0000,true,1,65505
6102022101551,false,סביבון דיסקיות+פרופל,,,סביבון דיסקיות+פרופל,Unknown,0.00,יחידה,false,,5.90,0.0000,true,1,65506
6102022101575,false,קופסא לפתילות,,,קופסא לפתילות,Unknown,0.00,יחידה,false,,6.90,0.0000,true,1,65507
6111049000051,false,סרדין מרוקאי חריף 125 גר,U.P.A,MA,סרדין מרוקאי בשמן סו,גרמים,125.00,100 גרם,false,,4.90,0.0392,true,1,7193
6111049000150,false,סרדין בשמן צמחי ולימון 125גר,אטלנטיק הום סרדינס א,MA,סרדין בשמן ולימון 12,גרמים,125.00,100 גרם,false,,4.90,0.0392,true,1,8960
6111049002055,false,סרדין מרוקאי בשמן קפ,אטלנטיק הום סרדינס א,MA,סרדין מרוקאי בשמן סו,גרמים,125.00,100 גרם,false,,4.90,0.0392,true,1,7194
6111049003106,false,מארז סרדין מרוקאי בש,אטלנטיק הום סרדינס א,MA,מארז סרדין מרוקאי בש,גרמים,500.00,100 גרם,false,,14.90,0.0298,true,1,46960
6111049003113,false,מארז סרדין מרוקאי בש,אטלנטיק הום סרדינס א,MA,מארז סרדין מרוקאי בש,גרמים,500.00,100 גרם,false,,14.90,0.0298,true,1,46961
6111119000011,false,"קוסקוס מרוקאי פרידה 1 ק""ג",אטלס קוסקוס,MA,קוסקוס מרוקאי פרידה,פריט,1.00,"ק""ג",false,,12.90,12.9000,true,1,3110
6111119000028,false,קוסקוס פרידה 500 גרם,,,קוסקוס פרידה 500 גרם,גרמים,500.00,100 גרם,false,,5.90,0.0118,true,1,55413
6112014100301,false,נר הבדלה פמוט פירמיד,,,נר הבדלה פמוט פירמיד,Unknown,0.00,יחידה,false,,14.90,0.0000,true,1,15009
6112014100318,false,נר הבדלה דלוקס,,,נר הבדלה דלוקס,Unknown,0.00,יחידה,false,,5.90,0.0000,true,1,15008
6112015100072,false,ליפה חבלים,,,ליפה חבלים,Unknown,0.00,יחידה,false,,14.90,0.0000,true,1,137
6112017100513,false,נר הבדלה דגם מס 7,,,נר הבדלה דגם מס 7,Unknown,0.00,יחידה,false,,12.90,0.0000,true,1,27335
6112017103811,false,כדוריות אולינהום לאס,yiwu kai yun,CN,כדוריות אולינהום לאס,גרמים,224.00,100 גרם,false,,4.90,0.0219,true,1,40434
6112017103996,false,שקיות הקפאה פסגור או,יואן קאי יון,CN,שקיות הקפאה פסגור או,Unknown,0.00,יחידה,false,,14.90,0.0000,true,1,43382
6112017104016,false,שקיות אוכל פסגור אול,,,שקיות אוכל פסגור אול,Unknown,0.00,יחידה,false,,14.90,0.0000,true,1,44061
6112017104030,false,ספוג מסאג אמבטיה 2 י,,,ספוג מסאג אמבטיה 2 י,Unknown,0.00,יחידה,false,,13.90,0.0000,true,1,40630
6112017105358,false,שקיות הקפאה 30 יח,,,שקיות הקפאה 30 יח,Unknown,0.00,יחידה,false,,14.90,0.0000,true,1,47613
6112017105556,false,כריות קרצוף זוג מסיל,,,כריות קרצוף זוג מסיל,Unknown,0.00,יחידה,false,,16.90,0.0000,true,1,47718
6112017105723,false,חוט דנטלי זוג,,,חוט דנטלי זוג,Unknown,0.00,יחידה,false,,9.90,0.0000,true,1,48159
6112017105860,false,אטבי כביסה מסיליקון,,,אטבי כביסה מסיליקון,Unknown,0.00,יחידה,false,,17.90,0.0000,true,1,49133
6112017105877,false,אטבי כביסה אולינהום,,,אטבי כביסה אולינהום,Unknown,0.00,יחידה,false,,17.90,0.0000,true,1,49134
6112017106256,false,אטבי כביסה אולינהום,,,אטבי כביסה אולינהום,Unknown,0.00,יחידה,false,,17.90,0.0000,true,1,49689
6112017106294,false,כפפות גומי L אולינהו,,,כפפות גומי L אולינהו,Unknown,0.00,יחידה,false,,8.90,0.0000,true,1,49445
6112017106782,false,ספוג למקלחת זוג,,,ספוג למקלחת זוג,Unknown,0.00,יחידה,false,,19.90,0.0000,true,1,54334
6112017106881,false,כפפות גומי 4 יח' S א,,,כפפות גומי 4 יח' S א,Unknown,0.00,יחידה,false,,8.90,0.0000,true,1,52784
6112017106898,false,כפפות גומי 4 יח' M א,,,כפפות גומי 4 יח' M א,Unknown,0.00,יחידה,false,,8.90,0.0000,true,1,52785
6224009175062,false,תחתיות ארטישוק 3-7 1קג,O.K FRUIT,EG,תחתיות ארטישוק קפוא,פריט,1.00,"ק""ג",false,,14.90,14.9000,true,1,49835
6224009175123,false,פול קפוא אינדירה 1,O.K FRUIT,EG,פול קפוא אינדירה 1,פריט,1.00,"ק""ג",false,,9.90,9.9000,true,1,49836
6224009175147,false,"במיה קפואה 1 ק""ג",O.K FRUIT,EG,"במיה קפואה 1 ק""ג",פריט,1.00,"ק""ג",false,,11.90,11.9000,true,1,49837
6224009175192,false,"תות שדה 1 ק""ג קפוא ב",O.K FRUIT,EG,"תות שדה קפוא 1 ק""ג",פריט,1.00,"ק""ג",false,,14.90,14.9000,true,1,49838
6412700021027,false,וודקה פינלנדיה 1 ליט,,,וודקה פינלנדיה 1 ליט,קילוגרמים,1.00,ליטר,false,,64.90,64.9000,true,1,30015
6910191800287,false,אצות נורי בלו 10 דף (ננגטונג),ננטונג היידה אקווטוק,CN,אצות נורי לסושי מזרח,Unknown,0.00,יחידה,false,,10.80,0.0000,true,1,49709
6912977000140,false,אטריות שעועית 250 גר' ( Yantai)ללא גלוטן(כ),יאנטאי ינסידה לנוגקא,CN,אטריות שעועית מזרח ו,גרמים,250.00,100 גרם,false,,8.90,0.0356,true,1,49698
6921052701001,false,אצות וואקמה 40 גרם (רונגצ'אנג)(כ),ננטונג הידה אקוטיק פ,CN,אצות ווקאמה מיובשות,גרמים,40.00,100 גרם,false,,8.50,0.2125,true,1,64782
6922276100083,false,מחית וואסבי -חזרת 43 גרם (דליאן),דליאן ג'ינדה קונדימנ,CN,מחית וואסבי חזרת מזר,גרמים,43.00,100 גרם,false,,9.90,0.2302,true,1,49710
6923634954713,false,מאגדת סטיקס 130 גרם,שנטו ליאנטונג פודס קו,CN,מאגדת סטיקס 130 גרם,גרמים,130.00,100 גרם,false,,9.90,0.0762,true,1,53057
6934731200078,false,אטריות טריות דקות מזרח מערב 200 גרם,יאנטאי ינסידה לנוגקא,CN,אטריות טריות דקות מז,גרמים,200.00,100 גרם,false,,6.90,0.0345,true,1,64777
6934731210138,false,אטריות טריות עבות מזרח מערב 200 גרם,יאנטאי ינסידה לנוגקא,CN,אטריות טריות עבות מז,גרמים,200.00,100 גרם,false,,6.90,0.0345,true,1,64778
6934931807268,false,פסטרמה אילטקית 200 גרם,"דליקטס ארטיזנל בע""מ",IL,פסטרמה איטלקית ONEG,גרמים,200.00,100 גרם,false,,24.90,0.1245,true,1,64261
6934931807336,false,כתף בקר מפולפל ONEG,"דליקטס ארטיזנל בע""מ",IL,כתף בקר מפולפל ONEG,גרמים,150.00,100 גרם,false,,24.90,0.1660,true,1,64262
6934931807404,false,קורנביף ONEG 150 גרם,"דליקטס ארטיזנל בע""מ",IL,קורנביף ONEG 150 גרם,גרמים,150.00,100 גרם,false,,24.90,0.1660,true,1,64269
6934931807640,false,כתף בקר מעושן 150 גרם,"דליקטס ארטיזנל בע""מ",IL,כתף בקר מעושן ONEG 1,גרמים,150.00,100 גרם,false,,24.90,0.1660,true,1,64264
6935487561246,false,מסיכה כירורגית שחורה מארז 50 יח',,IL,מסכות כירורגיות 50 י,Unknown,0.00,יחידה,false,,5.90,0.0000,true,1,55054
6936745600462,false,רוטב מירין לתיבול מז,דאנינג יוה פודס קו,CN,מירין מזרח ומערב 500,מיליליטרים,500.00,"100 מ""ל",false,,17.90,0.0358,true,1,49721
6936745600783,false,"חומץ אורז מזרח מערב 500 מ""ל",דאנינג יוה פודס קו,CN,חומץ אורז מזרח ומערב,מיליליטרים,500.00,"100 מ""ל",false,,14.90,0.0298,true,1,49711
6938475216487,false,מסכות כירורגיות 50 י,,,מסכות כירורגיות 50 י,Unknown,0.00,יחידה,false,,5.90,0.0000,true,1,54899
6952379521317,false,ספוג רחצה 3 יח',,,ספוג רחצה 3 יח',Unknown,0.00,יחידה,false,,12.90,0.0000,true,1,12926
6974800740104,false,"טבעות תפו""ע טבעי עם",היאגואן,CN,"טבעות תפו""ע טבעי עם",גרמים,88.00,100 גרם,false,,12.90,0.1466,true,1,63666
6974800740203,false,"טבעות תפו""ע טבעי עם",היאגואן,CN,"טבעות תפו""ע טבעי עם",גרמים,88.00,100 גרם,false,,12.90,0.1466,true,1,63667
6974800740302,false,"טבעות תפו""ע טבעי עם קינמון",היאגואן,CN,"טבעות תפו""ע טבעי מיו",גרמים,88.00,100 גרם,false,,12.90,0.1466,true,1,63668
6985425120165,false,ליפה לרחצה,,,ליפה לרחצה,Unknown,0.00,יחידה,false,,7.90,0.0000,true,1,5240
7162203029004,false,שמיכת פוך יחיד אינדי,,,שמיכת פוך יחיד אינדי,Unknown,0.00,יחידה,false,,99.90,0.0000,true,1,65098
7162203029011,false,שמיכת פוך זוגי אינדי,,,שמיכת פוך זוגי אינדי,Unknown,0.00,יחידה,false,,119.90,0.0000,true,1,65099
7290000000282,false,חסה ערבית יחידה,אראל תוצרת חקלאית בע,IL,שום 12 ראשים,Unknown,12.00,יחידה,false,,17.90,1.4917,true,1,847
7290000000411,false,שום יבש יבוא רמי לוי,אראל תוצרת חקלאית בע,IL,שום 4 ראשים,Unknown,0.00,יחידה,false,,5.90,0.0000,true,1,21221
7290000000978,false,חסה ברכת קטיף מהדרין,ביכורי השקמה,IL,חסה גלאט ברכת קטיף,Unknown,0.00,יחידה,false,,5.90,0.0000,true,1,3157
7290000000985,false,פטרוזיליה ברכת קטיף ייבול נוכרי בוסתן,ברכת קטיף,IL,פטרוזיליה גלאט ברכת,Unknown,0.00,יחידה,false,,5.90,0.0000,true,1,3158
7290000001043,false,כרוב לבן מהדרין קטיף טרי,ברכת קטיף,IL,כרוב לבן ברכת קטיף,קילוגרמים,1.00,"ק""ג",true,,13.90,13.9000,true,1,3165
7290000001074,false,כרוב אדום מהדרין קטיף טרי.,קרלברג ייצור ושיווק,IL,כרוב אדום ברכת קטיף,קילוגרמים,1.00,"ק""ג",true,,14.90,14.9000,true,1,3167
7290000001524,false,שוק מפורק+חזה הודו (,מעדני מניה תעשיות בש,IL,בצל ירוק,Unknown,0.00,יחידה,false,,6.90,0.0000,true,1,3164
7290000001579,false,סלרי מהדרין קטיף טרי,ביכורי השקמה,IL,סלרי גלאט ברכת קטיף,Unknown,0.00,יחידה,false,,3.90,0.0000,true,1,3162
7290000001609,false,עלי סלק מהדרין קטיף טרי,ביכורי השקמה,IL,עלי סלק גלאט,Unknown,0.00,יחידה,false,,5.90,0.0000,true,1,3163
7290000001616,false,כוסברה ייבול נוכרי בוסתן,ברכת קטיף,IL,כוסברה גלאט ברכת קטי,Unknown,0.00,יחידה,false,,5.90,0.0000,true,1,3159
7290000001982,false,2 סופגניות מיני,אראל תוצרת חקלאית בע,IL,אפרסמון,קילוגרמים,1.00,"ק""ג",true,,9.90,9.9000,true,1,48776
7290000023007,false,"ברנדי שטוק 84 37 % 750 מ""ל","יקבי ברקן בע""ם",IL,"ברנדי שטוק 84 750 מ""",מיליליטרים,750.00,"100 מ""ל",false,,64.90,0.0865,true,1,20911
7290000023083,false,ערק אשקלון בקבוק 700,"יקבי ברקן בע""\מ",IL,ארק אשקלון 40% 700 מ,מיליליטרים,700.00,"100 מ""ל",false,,46.90,0.0670,true,1,12802
7290000023434,false,"ליקר שטוק וישניאק 750מ""ל","יקבי ברקן בע""\מ",IL,ליקר סטוק וישניאק 75,מיליליטרים,750.00,"100 מ""ל",false,,49.90,0.0665,true,1,4870
7290000023809,false,"יין קלאסיק קברנה סוביניון ברקן 750 מ""ל",יקבי ברקן שיווק והפצה בע,IL,יין קלאסיק קברנה,מיליליטרים,750.00,"100 מ""ל",false,,27.90,0.0372,true,1,4558
7290000023816,false,"יין קלאסיק אמרלד ריזלינג ברקן 750 מ""ל",יקבי ברקן שיווק והפצה בע,IL,יין קלאסיק אמרלד ריז,מיליליטרים,750.00,"100 מ""ל",false,,27.90,0.0372,true,1,4458
7290000023977,false,"יין קלאסיק מרלו ברקן 750 מ""ל",יקבי ברקן שיווק והפצה בע,IL,יין קלאסיק מרלו,מיליליטרים,750.00,"100 מ""ל",false,,27.90,0.0372,true,1,3735
7290000024202,false,"יין רזרב קברנה סוביניון ברקן 750 מ""ל",ברקן שיווק והפצה בעמ,IL,יין רזרב קברנה סובני,מיליליטרים,750.00,"100 מ""ל",false,,38.90,0.0519,true,1,10068
7290000024264,false,"יין רזרב מרלו ברקן 750 מ""ל","כרמי צבי - אחים סגל בע""\",IL,יין רזרב מרלו,מיליליטרים,750.00,"100 מ""ל",false,,38.90,0.0519,true,1,10069
7290000024561,false,ברקן איתן יין אדום יבש 2014 750 מל,יקבי ברקן,IL,יין אסמבלאז איתן,מיליליטרים,750.00,"100 מ""ל",false,,49.90,0.0665,true,1,36513
7290000024905,false,"וודקה קגלביץ' קלאסיקה 700 מ""ל","יקבי ברקן בע""\מ",IL,וודקה קגלביץ קלאסיקה,מיליליטרים,700.00,"100 מ""ל",false,,49.90,0.0713,true,1,3541
7290000024912,false,"וודקה קגלביץ' לימון 700 מ""ל","יקבי ברקן בע""מ",IL,וודקה קגלביץ לימון 2,מיליליטרים,700.00,"100 מ""ל",false,,39.90,0.0570,true,1,3542
7290000034256,false,ביסקוויט תירוש חצי מצופה הדר 175ג',אפיפית נצרת תעשיות ב,IL,ביסקוויט חצי מצופה ת,גרמים,175.00,100 גרם,false,,5.90,0.0337,true,1,39210
7290000040301,false,תנובה עין גדי קממבר מחלב בקר 24% שומן,תנובה מרכז שיתופי לש,IL,גבינה קממבר 24% תנוב,גרמים,125.00,100 גרם,false,,17.90,0.1432,true,1,1318
7290000040318,false,גבינת ברי 24% קולאז עדי תנובה 125 ג',תנובה מרכז שיתופי לש,IL,גבינת עדי/ברי תנובה,גרמים,125.00,100 גרם,false,,17.90,0.1432,true,1,1319
7290000040462,false,טוסטי גבינה בסגנון אמריקאי אדם 23% תנובה 200 גרם,תנובה מרכז שיתופי לש,IL,גבינה טעם אמריקאי 22,גרמים,200.00,100 גרם,false,,16.90,0.0845,true,1,1320
7290000040974,false,חלב דל לקטוז 2% תנובה קרטון 1 ליטר,תנובה מרכז שיתופי לש,IL,חלב טרי דל לקטוז 1 ל,קילוגרמים,1.00,ליטר,false,,6.90,6.9000,true,1,6100
7290000041407,false,"גיל קטן 3% תנובה 125 מ""ל בד""ץ",תנובה מרכז שיתופי לש,IL,"גיל תנובה 125 מ""ל",,125.00,,false,,0.90,0.0072,true,1,1402
7290000041445,false,קוטג תנובה גביע 250 גרם 5% בדצ,מיוצר עי קונדיטוריית,IL,קוטג 5% תנובה 250 גר,גרמים,250.00,100 גרם,false,,5.50,0.0220,true,1,1403
7290000041452,false,קוטג תנובה גביע 250 גרם 9% בדצ,תנובה מרכז שיתופי לש,IL,קוטג 9% תנובה 250 גר,גרמים,250.00,100 גרם,false,,5.50,0.0220,true,1,1404
7290000041858,false,"שמנת חמוצה 15% מועשרת יטבתה 200 מ""ל",שטראוס גרופ,IL,שמנת חמוצה 15% יטבתה,מיליליטרים,200.00,"100 מ""ל",false,,2.50,0.0125,true,1,5889
7290000042015,false,"חלב שתייה תנובה בד""צ בשקית 1 ליטר",תנובה מרכז שיתופי לש,IL,חלב שקית 3% תנובה 1,קילוגרמים,1.00,ליטר,false,,5.30,5.3000,true,1,1409
7290000042671,false,חלב עמיד %3 קרטון 1 ל בהכשר בדצ,תנובה מרכז שיתופי לש,IL,חלב עמיד 3% תנובה 1,קילוגרמים,1.00,ליטר,false,,6.90,6.9000,true,1,1450
7290000042855,false,"שוקו בשקית 250 מ""ל ""יטבתה""",שטראוס גרופ,IL,שוקו שקית יטבתה 225,מיליליטרים,225.00,"100 מ""ל",false,,2.50,0.0111,true,1,5516
7290000043012,false,"שוקו עמיד 2% בקרטון 250 מ""ל תנובה",תנובה מרכז שיתופי לש,IL,שוקו עמיד תנובה 250,מיליליטרים,250.00,"100 מ""ל",false,,4.40,0.0176,true,1,1455
7290000043814,false,השף הלבן שמנת להקצפה 38% שומן 250 מל - מוצר בפיקוח,תנובה מרכז שיתופי לש,IL,שמנת להקצפה 38% השף,מיליליטרים,250.00,"100 מ""ל",false,,6.40,0.0256,true,1,1463
7290000043890,false,תנובה רויון לבן מחלב מפסוטר 1.5%,תנובה מרכז שיתופי לש,IL,רויון 1.5% תנובה 1 ל,קילוגרמים,1.00,ליטר,false,,9.90,9.9000,true,1,1464
7290000044712,false,יוגורט עם תות 1.5% שומן 500 ג' פרילי,מיוצר עי קונדיטוריית,IL,פרילי תות 500 גרם,מיליליטרים,500.00,"100 מ""ל",false,,9.90,0.0198,true,1,1488
7290000044880,false,באדי יוגורט תות 3% שומן 500 ג' תנובה,מיוצר עי קונדיטוריית,IL,"באדי תות 500 מ""ל",מיליליטרים,500.00,"100 מ""ל",false,,8.90,0.0178,true,1,1489
7290000045399,false,שמיניית גבינה מותכת 2.6% תנובה 25 גרם,תנובה מרכז שיתופי לש,IL,גבינה מותכת 26% ניר,גרמים,200.00,100 גרם,false,,13.40,0.0670,true,1,1503
7290000045771,false,יוגורט לבן 4% תנובה 3 ליטר,תנובה מרכז שיתופי לש,IL,משקה יוגורט 4% תנובה,קילוגרמים,3.00,ליטר,false,,26.90,8.9667,true,1,3360
7290000047546,false,השף הלבן כנען גבינה לבנה דלת נתרן 5% תנובה 500 גרם,תנובה מרכז שיתופי לש,IL,גבינת כנען 5% 500 גר,גרמים,500.00,100 גרם,false,,22.90,0.0458,true,1,1571
7290000047621,false,גבינה לבנה רכה 5% תנובה 250ג' מהדרין,תנובה מרכז שיתופי לש,IL,גבינה 5% תנובה 250 ג,גרמים,250.00,100 גרם,false,,4.90,0.0196,true,1,1573
7290000047942,false,**תנובה גבינה לבנה מהדרין 9% 250ג,תנובה מרכז שיתופי לש,IL,גבינה 9% תנובה 250 ג,גרמים,250.00,100 גרם,false,,4.90,0.0196,true,1,1574
7290000048185,false,גבינה לבנה 5% תנובה 250 גרם מהדרין,מיוצר עי קונדיטוריית,IL,גבינה 5% תנובה 250 ג,גרמים,250.00,100 גרם,false,,4.90,0.0196,true,1,19238
7290000048307,false,גבינת קוטג' עם זיתים 5% תנובה 250 גרם,מיוצר עי קונדיטוריית,IL,קוטג עם זיתים 5% תנו,גרמים,250.00,100 גרם,false,,5.80,0.0232,true,1,1575
7290000048413,false,פיראוס חמד גבינה מלוחה 16% שומן,תנובה מרכז שיתופי לש,IL,גבינת חמד 16% פיראוס,גרמים,250.00,100 גרם,false,,17.50,0.0700,true,1,1576
7290000048437,false,פיראוס צפתית 5% שומן 200 גרם,פארייפאבה אגרואינדוס,IL,גבינה צפתית 5% פיראו,גרמים,200.00,100 גרם,false,,13.90,0.0695,true,1,1583
7290000048451,false,פיראוס חרמון מלוחה 16% 250גר,תנובה מרכז שיתופי לש,IL,גבינת חרמון 16% פירא,גרמים,250.00,100 גרם,false,,17.90,0.0716,true,1,1585
7290000050447,false,"יוגורט ביו בטעם תות YYY יופלה 500 מ""ל",מיוצר עי קונדיטוריית,IL,יופלה תות 3% 500 גרם,מיליליטרים,500.00,"100 מ""ל",false,,12.60,0.0252,true,1,38519
7290000050454,false,יוגורט יופלה אפרסק 3% שומן 500 גרם,מיוצר עי קונדיטוריית,IL,יופלה אפרסק 3% 500 ג,מיליליטרים,500.00,"100 מ""ל",false,,12.60,0.0252,true,1,38507
7290000051307,false,"מארז הפסקת אוכל עם דגני עוגי ומשקה חלב עמיד בטעם וניל 150 מ""ל",תנובה מרכז שיתופי לש,IL,מארז הפסקת אוכל דגני,מיליליטרים,150.00,"100 מ""ל",false,,8.90,0.0593,true,1,9823
7290000051376,false,יוגורט יופלה דיאט אננס 0% שומן 150 גרם,תנובה מרכז שיתופי לש,IL,יופלה דיאט 0% אננס 1,גרמים,150.00,100 גרם,false,,4.70,0.0313,true,1,47263
7290000052311,false,גבינה צהובה עמק לייט 15% שומן 200 גרם,תנובה מרכז שיתופי לש,IL,גבינה עמק מופחת שומן,גרמים,200.00,100 גרם,false,,14.90,0.0745,true,1,5542
7290000052649,false,גבינת לאבנה 5% שומן 500 ג' פיראוס,תנובה מרכז שיתופי לש,IL,לאבנה על בסיס יוגורט,גרמים,500.00,100 גרם,false,,18.90,0.0378,true,1,4710
7290000052717,false,גבינת קוטג' שום שמיר 5% תנובה 250 גרם,מיוצר עי קונדיטוריית,IL,קוטג עם שום שמיר 5%,גרמים,250.00,100 גרם,false,,5.80,0.0232,true,1,8792
7290000052946,false,מארז יוגורט יופלה לבן מעודן בדצ 8*150,תנובה מרכז שיתופי לש,IL,מארז יופלה וניל במתי,גרמים,800.00,100 גרם,false,,19.90,0.0249,true,1,4852
7290000055015,false,פיראוס גבינת פטה כבשים 5% תנובה 250 גרם,תנובה מרכז שיתופי לש,IL,גבינת פטה כבשים 5% פ,גרמים,250.00,100 גרם,false,,24.90,0.0996,true,1,5761
7290000055329,false,"משקה בוקר יוגורט 1.5% בטעם תות מלון יופלה 250 מ""ל",תנובה מרכז שיתופי לש,IL,משקה יוגורט יופלה תו,גרמים,250.00,100 גרם,false,,5.10,0.0204,true,1,38608
7290000055336,false,"משקה יוגורט 1.5% בטעם בננה אפרסק יופלה 250 מ""ל",תנובה מרכז שיתופי לש,IL,משקה יוגורט יופלה בנ,גרמים,250.00,100 גרם,false,,5.10,0.0204,true,1,38609
7290000055343,false,משקה יוגורט יופלה פירות טרופיים 250 גרם,תנובה מרכז שיתופי לש,IL,משקה יוגורט יופלה טר,גרמים,250.00,100 גרם,false,,5.10,0.0204,true,1,38610
7290000055756,false,גבינה לבנה 5% תנובה מארז 850X2ג' בדץ,תנובה מרכז שיתופי לש,IL,מארז גבינה 5% תנובה,פריט,1.70,"ק""ג",false,,31.90,18.7647,true,1,5762
7290000055893,false,חמאה משמנת מפוסטרת 200גרם 82% כ.מהדרין - מוצר בפיקוח,תנובה מרכז שיתופי לש,IL,חמאה תנובה 200 גרם,גרמים,200.00,100 גרם,false,,7.60,0.0380,true,1,6388
7290000056081,false,מארז יוגורט פרילי טבע 6*200 גרם,מיוצר עי קונדיטוריית,IL,מארז פרילי טבע גרנול,פריט,1.20,"ק""ג",false,,21.90,18.2500,true,1,8568
7290000056883,false,שמיניית יוגורט יופלה 3% טעמים שונים 150 גרם,תנובה מרכז שיתופי לש,IL,מארז יופלה פרי 8*150,פריט,1.20,"ק""ג",false,,27.90,23.2500,true,1,38561
7290000056890,false,שמיניית דיאט יופלה 0% טעמים שונים 150 גרם,מיוצר עי קונדיטוריית,IL,מארז יופלה פרי דיאט,קילוגרמים,1.20,ליטר,false,,27.90,23.2500,true,1,6616
7290000056951,false,"תנובה, השף הלבן, שמנת לבישול 15% שומן 500 מל",תנובה מרכז שיתופי לש,IL,שמנת לבישול 15% השף,מיליליטרים,500.00,"100 מ""ל",false,,15.90,0.0318,true,1,7216
7290000057088,false,עמק גבינה צהובה פרוסה דק דק 28% תנובה 200 גרם,תנובה מרכז שיתופי לש,IL,גבינה עמק דק דק 28%,גרמים,200.00,100 גרם,false,,14.90,0.0745,true,1,10752
7290000057477,false,חלב טרי 3% הומוגני תנובה קרטון 1.5 ל',תנובה מרכז שיתופי לש,IL,חלב 3% תנובה 1.5 ליט,קילוגרמים,1.50,ליטר,false,,9.30,6.2000,true,1,7343
7290000057934,false,"שוקו בבקבוק תנובה 1 ליטר בד""ץ",תנובה מרכז שיתופי לש,IL,משקה שוקו תנובה 1 לי,קילוגרמים,1.00,ליטר,false,,12.30,12.3000,true,1,7575
7290000058047,false,שמנת להקצפה 38% 500מל מהדרין עמיד השף הלבן,תנובה מרכז שיתופי לש,IL,שמנת להקצפה 38% השף,גרמים,500.00,100 גרם,false,,12.80,0.0256,true,1,7681
7290000058979,false,גיל בטעם תות 3% שומן 125 ג' תנובה,תנובה מרכז שיתופי לש,IL,גיל בטעם תות תנובה 1,גרמים,125.00,100 גרם,false,,1.30,0.0104,true,1,8461
7290000060088,false,בייגלה מקלות מלוחים אסם 400 גרם,מיוצר עי קונדיטוריית,IL,בייגלה מקלות מלח אסם,גרמים,400.00,100 גרם,false,,8.90,0.0223,true,1,5527
7290000060163,false,פסטה אסם אטריות דקות 400גר,"אסם תעשיות בע""מ",IL,אטריות דקות אסם 400,גרמים,400.00,100 גרם,false,,4.90,0.0123,true,1,1888
7290000060200,false,פסטה אסם פתיתים אפויים קוסקוס 500גר,"אסם תעשיות בע""מ",IL,פתיתים קוסקוס אסם 50,גרמים,500.00,100 גרם,false,,4.90,0.0098,true,1,1889
7290000060217,false,פסטה מקרוני מספר 7 אסם 500 גרם,קריות זול,IT,מקרוני 7 אסם 500 גרם,גרמים,500.00,100 גרם,false,,4.90,0.0098,true,1,1890
7290000060248,false,פסטה אסם פתיתים תלתלים 500 גר',קריות זול,IT,פסטה תלתלים אסם 500,גרמים,500.00,100 גרם,false,,4.90,0.0098,true,1,1891
7290000060408,false,פסטה אסם פתיתים אפויים טבעות 500 גר,"אסם השקעות בע""\מ",IL,פתיתים טבעות אסם 500,גרמים,500.00,100 גרם,false,,4.90,0.0098,true,1,1893
7290000060415,false,"פסטה פרפקטו לאזניה 500 ג' ""אסם""",אסם פרפקטו,IT,לזניה פרפקטו 500 גרם,גרמים,500.00,100 גרם,false,,9.90,0.0198,true,1,1894
7290000060576,false,פתיתים אפויים כוכבים אסם 500 גרם,"אסם השקעות בע""\מ",IL,פתיתים כוכבים אסם 50,גרמים,500.00,100 גרם,false,,4.90,0.0098,true,1,1896
7290000060781,false,פסטה אסם פתיתים מסולסלים 500גר,קריות זול,IT,פסטה מסולסלת אסם 500,גרמים,500.00,100 גרם,false,,4.90,0.0098,true,1,1898
7290000060828,false,פסטה קרניים בינוניות אסם 500 גרם,קריות זול,IT,פסטה קרניים אסם 500,גרמים,500.00,100 גרם,false,,4.90,0.0098,true,1,1899
7290000060842,false,פסטה אסם פתיתים צדפים גדולים 500גר,קריות זול,IT,פסטה צדפים גדולים אס,גרמים,500.00,100 גרם,false,,4.90,0.0098,true,1,1900
7290000060859,false,פסטה אסם פתיתים צדפים קטנים 500גר,קריות זול,IT,פסטה צדפים קטנים אסם,גרמים,500.00,100 גרם,false,,4.90,0.0098,true,1,1901
7290000060880,false,פסטה ספגטי מספר 8 אסם 500 גרם,קריות זול,IT,ספגטי אסם 500 גרם,גרמים,500.00,100 גרם,false,,4.90,0.0098,true,1,1902
7290000060903,false,פסטה אסם פתיתים אפויים אורז 500גר,"אסם השקעות בע""\מ",IL,פתיתים אורז אסם 500,גרמים,500.00,100 גרם,false,,4.90,0.0098,true,1,1903
7290000060958,false,פסטה אסם אטריות בינוניות 400 גרם,"אסם השקעות בע""\מ",IL,אטריות בינוניות אסם,גרמים,400.00,100 גרם,false,,4.90,0.0123,true,1,1904
7290000060965,false,פסטה אסם אטריות רחבות 400גר,"אסם השקעות בע""\מ",IL,אטריות רחבות אסם 400,גרמים,400.00,100 גרם,false,,4.90,0.0123,true,1,1905
7290000061061,false,קרקר חיטה עם בצל אסם,"אסם השקעות בע""\מ",IL,קרקר בצל אסם 250 גרם,גרמים,250.00,100 גרם,false,,8.90,0.0356,true,1,1909
7290000061085,false,"רוטב צילי מתוק 290 מ""ל-בקבוק","אסם השקעות בע""\מ",IL,רוטב צילי מתוק אסם 2,מיליליטרים,290.00,"100 מ""ל",false,,9.90,0.0341,true,1,1910
7290000061108,false,"רוטב טריאקי 290 מ""ל-בקבוק","אסם השקעות בע""\מ",IL,רוטב טריאקי אסם 360,גרמים,360.00,100 גרם,false,,8.90,0.0247,true,1,1911
7290000061214,false,פתיתים אפויים קוסקוס עם בצל אסם 500 גרם,"אסם השקעות בע""\מ",IL,פתיתים עם בצל אסם 50,גרמים,500.00,100 גרם,false,,4.90,0.0098,true,1,3794
7290000062129,false,"אינסטנט פודינג בטעם וניל אסם 1 ק""ג","אסם תעשיות בע""מ",IL,פודינג אינסטנט וניל,פריט,1.00,"ק""ג",false,,19.90,19.9000,true,1,1919
7290000063140,false,שקדי מרק רכיבים טבעיים בשקית 400 ג' אסם,"אסם תעשיות בע""מ",IL,שקדי מרק אסם 400 גרם,גרמים,400.00,100 גרם,false,,9.60,0.0240,true,1,1945
7290000063157,false,"קמח עוגה תופח מאליו אסם 1 ק""ג","אסם השקעות בע""\מ",IL,"קמח תופח אסם 1 ק""ג",פריט,1.00,"ק""ג",false,,7.90,7.9000,true,1,1946
7290000064871,false,"אוסם - מנה חמה פירה תפו""א עם בצל 56 גרם","אסם תעשיות בע""מ",IL,מנה חמה פירה בצל אסם,גרמים,56.00,100 גרם,false,,4.90,0.0875,true,1,1967
7290000065090,false,מיני קרוטונים מתובלים למרק ולסלט אסם 400 גרם,עינת תעשיות מזון אגו,IL,מיני קרוטונים למרק/ס,גרמים,400.00,100 גרם,false,,20.90,0.0522,true,1,1980
7290000065335,false,אוסם - מנה חמה פירה עם ירקות 55 גרם,"אסם תעשיות בע""מ",IL,מנה חמה פירה עם ירקו,גרמים,55.00,100 גרם,false,,4.90,0.0891,true,1,1987
7290000065557,false,אוסם - מנה חמה קוסקוס עם ירקות 84 גרם,"אסם תעשיות מזון בע""מ",IL,מנה חמה קוסקוס וירקו,גרמים,84.00,100 גרם,false,,4.90,0.0583,true,1,19506
7290000066134,false,ביסלי חטיף בטעם פלאפל אסם 70 גרם,"אסם השקעות בע""\מ",IL,ביסלי פלאפל 70 גרם,גרמים,70.00,100 גרם,false,,3.90,0.0557,true,1,1995
7290000066141,false,ביסלי חטיף בטעם גריל אסם 70 גרם,"אסם השקעות בע""\מ",IL,ביסלי גריל 70 גרם,גרמים,70.00,100 גרם,false,,3.90,0.0557,true,1,1996
7290000066172,false,ביסלי חטיף בטעם פיצה אסם 70 גרם,"אסם השקעות בע""\מ",IL,ביסלי פיצה 70 גרם,גרמים,70.00,100 גרם,false,,3.90,0.0557,true,1,1999
7290000066196,false,ביסלי חטיף בטעם גריל אסם 200 גרם,מיוצר עי קונדיטוריית,IL,ביסלי גריל 200 גרם,גרמים,200.00,100 גרם,false,,6.50,0.0325,true,1,2001
7290000066226,false,ביסלי חטיף בטעם פיצה אסם 200 גרם,מיוצר עי קונדיטוריית,IL,ביסלי פיצה 200 גרם,גרמים,200.00,100 גרם,false,,6.50,0.0325,true,1,2004
7290000066264,false,דובונים חטיף תפוחי אדמה אסם 40 גרם,"אסם השקעות בע""\מ",IL,דובונים 40 גרם,גרמים,40.00,100 גרם,false,,3.90,0.0975,true,1,2005
7290000066318,false,במבה חטיף בוטנים אסם 80 גרם,"אסם השקעות בע""\מ",IL,במבה 80 גרם,גרמים,80.00,100 גרם,false,,3.90,0.0487,true,1,2007
7290000066332,false,אפרופו חטיף תירס אסם 50 גרם,מיוצר עי קונדיטוריית,IL,אפרופו 50 גרם,גרמים,50.00,100 גרם,false,,4.50,0.0900,true,1,2008
7290000066431,false,פופקו חטיף פופקורן בטעם חמאה ודבש אסם 80 גרם,מיוצר עי קונדיטוריית,IL,פופקו 80 גרם,גרמים,80.00,100 גרם,false,,4.50,0.0563,true,1,2009
7290000067599,false,מנה חמה ספגטי ברוטב בולונז אסם 65 גרם,"אסם השקעות בע""\מ",IL,מנה חמה ספגטי בולונז,גרמים,65.00,100 גרם,false,,4.90,0.0754,true,1,2050
7290000068138,false,אינסטנט פודינג בטעם וניל אסם 80 גרם,מיוצר עי קונדיטוריית,IL,פודינג אינסטנט וניל,גרמים,80.00,100 גרם,false,,4.90,0.0613,true,1,2100
7290000068190,false,אסם ג'לי תות שדה צבעים טבעיים 90 גרם,מיוצר עי קונדיטוריית,IL,גלי בטעם תות אסם 85,גרמים,85.00,100 גרם,false,,5.90,0.0694,true,1,2102
7290000068206,false,ג'לי משמש אסם צבע טבעי 85 ג',מיוצר עי קונדיטוריית,IL,גלי בטעם משמש אסם 80,גרמים,85.00,100 גרם,false,,5.90,0.0694,true,1,2103
7290000068251,false,אבקה להכנת ג'לי בטעם אננס אסם 85 גרם,מיוצר עי קונדיטוריית,IL,גלי בטעם אננס אסם 85,גרמים,85.00,100 גרם,false,,5.90,0.0694,true,1,2108
7290000068343,false,אסם פריכונים פרוסות קלויות מלא,"פרח תעשיות מזון בע""מ.",IL,פריכונים מאורז מלא א,גרמים,140.00,100 גרם,false,,6.90,0.0493,true,1,5842
7290000068770,false,במבה יום הולדת חטיף בוטנים אסם 80 גרם,"אסם השקעות בע""\מ",IL,במבה יום הולדת 80 גר,גרמים,80.00,100 גרם,false,,3.90,0.0487,true,1,2113
7290000069739,false,אוסם - חטיפי קרקר שומשום 300 גרם,מיוצר עי קונדיטוריית,IL,חטיפי קרקר שומשום אס,גרמים,300.00,100 גרם,false,,10.90,0.0363,true,1,49363
7290000070308,false,אבקת מרק עוף אמיתי בשרי אסם 400 גרם,"אסם השקעות בע""\מ",IL,מרק עוף אמיתי אסם 40,גרמים,400.00,100 גרם,false,,14.90,0.0373,true,1,2138
7290000070322,false,אבקת מרק פטריות רכיבים טבעיים אסם 400 גרם,"אסם השקעות בע""\מ",IL,מרק פטריות ר.טבעיים,גרמים,400.00,100 גרם,false,,21.90,0.0547,true,1,2139
7290000070353,false,אבקת מרק בצל רכיבים טבעיים אסם 400 גרם,"אסם השקעות בע""\מ",IL,מרק בצל ר.טבעיים אסם,גרמים,400.00,100 גרם,false,,21.90,0.0547,true,1,2140
7290000072241,false,"רוטב פיצה 290 מ""ל-בקבוק","אסם השקעות בע""\מ",IL,רוטב לפיצה אסם 320 מ,מיליליטרים,320.00,"100 מ""ל",false,,8.90,0.0278,true,1,2147
7290000072623,false,קטשופ אסם בקבוק לחיץ 750 גרם,"אסם תעשיות בע""מ",IL,קטשופ לחיץ אסם 750 ג,גרמים,750.00,100 גרם,false,,8.70,0.0116,true,1,2148
7290000072630,false,קטשופ אסם חריף 750 גרם-בקבוק,"אסם תעשיות בע""מ",IL,קטשופ חריף אסם 750 ג,גרמים,750.00,100 גרם,false,,12.90,0.0172,true,1,2149
7290000072753,false,קפה נמס מגורען טסטרס צ'ויס 200 גרם-,נסטלה קוריאה - קפה,KR,קפה נמס טסטרס צויס 2,גרמים,200.00,100 גרם,false,,29.90,0.1495,true,1,2151
7290000072777,false,קפה נמס מגורען נטול קפאין טסטרס צ'ויס 200 גרם,נסטלה קוריאה - קפה,KR,קפה נמס טסטרס צויס נ,גרמים,200.00,100 גרם,false,,35.90,0.1795,true,1,2152
7290000073415,false,אוסם - מנה חמה פסטה ברוטב פיצה 61 גרם,"אסם השקעות בע""\מ",IL,מנה חמה פסטה רוטב פי,גרמים,61.00,100 גרם,false,,4.90,0.0803,true,1,2569
7290000073750,false,מנה חמה נודלס אטר+ירקות טעם עוף 70 גרם,PUB FOODS PRESIDENT THAI,TH,מנה חמה נודלס בטעם ע,גרמים,70.00,100 גרם,false,,4.90,0.0700,true,1,5217
7290000073767,false,מנה חמה נודלס אטר.+ירקות טעם בקר 70 גרם,PUB FOODS PRESIDENT THAI,TH,מנה חמה נודלס בטעם ב,גרמים,71.00,100 גרם,false,,4.90,0.0690,true,1,2570
7290000073774,false,מנה חמה נודלס אטר+ירקות טעם צילי 70 גרם,טאי רזידנט,TH,מנה חמה נודלס פיקנטי,גרמים,76.00,100 גרם,false,,4.90,0.0645,true,1,5218
7290000074153,false,ביסקוויט פתי בר שוקולד אסם 500 גרם,מיוצר עי קונדיטוריית,IL,פתיבר שוקו אסם 500 ג,גרמים,500.00,100 גרם,false,,8.90,0.0178,true,1,22436
7290000074184,false,ביסקוויט פתי בר אסם 500 גרם,"אסם השקעות בע""\מ",IL,פתיבר אסם 500 גרם,גרמים,500.00,100 גרם,false,,7.90,0.0158,true,1,22327
7290000074245,false,אוסם - קרם קרקר אסם 250 גרם,"אסם השקעות בע""\מ",IL,קרם קרקר 250 גרם,גרמים,250.00,100 גרם,false,,7.80,0.0312,true,1,2572
7290000074252,false,קרקר שומשון אסם 250 גרם,"אסם השקעות בע""\מ",IL,קרקר שומשום אסם 250,גרמים,250.00,100 גרם,false,,7.90,0.0316,true,1,2573
7290000074276,false,קרקר פיקנטי טבעון 250 ג' אסם,"אסם השקעות בע""\מ",IL,קרקר קלאסי אסם 250 ג,גרמים,250.00,100 גרם,false,,8.90,0.0356,true,1,2574
7290000074375,false,אוסם - קרקר זהב 150 גרם,"אסם השקעות בע""\מ",IL,קרקר זהב 150 גרם,גרמים,150.00,100 גרם,false,,6.50,0.0433,true,1,2576
7290000074481,false,לחמית אגוזים אסם 160 גרם,"אסם השקעות בע""\מ",IL,לחמית אגוזים 160 גרם,גרמים,160.00,100 גרם,false,,8.90,0.0556,true,1,6785
7290000074696,false,אסם קרם קרקר 4*1קג ח,"אסם השקעות בע""\מ",IL,"קרם קרקר 1 ק""ג",פריט,1.00,"ק""ג",false,,19.90,19.9000,true,1,2577
7290000074764,false,קרקר הזהב אסם 900 גרם,"אסם השקעות בע""\מ",IL,קרקר זהב 900 גרם,גרמים,900.00,100 גרם,false,,19.90,0.0221,true,1,2581
7290000075204,false,אוסם - לחמית חיטה מלאה 250 גרם,"אסם השקעות בע""\מ",IL,לחמית חיטה מלאה 250,גרמים,250.00,100 גרם,false,,7.90,0.0316,true,1,2584
7290000075693,false,עוגת הבית שמרים בריוש שוקולד אסם 360 גרם,מיוצר עי קונדיטוריית,IL,עוגת שמרים בריוש שוק,גרמים,360.00,100 גרם,false,,14.90,0.0414,true,1,6314
7290000076133,false,בייגלה שמיניות קטנות עם מלח אסם 400 גרם,"אסם השקעות בע""\מ",IL,בייגלה שמיניות מלח א,גרמים,300.00,100 גרם,false,,8.90,0.0297,true,1,2588
7290000077017,false,עוגיות קרמוגית במילוי קרם שוקולד אסם 200 גרם,מיוצר עי קונדיטוריית,IL,עוגיות ממולאות שוקול,גרמים,200.00,100 גרם,false,,9.90,0.0495,true,1,2600
7290000077253,false,אוסם - לחמית כפרית עם דגנים מלאים 190 גרם,"אסם השקעות בע""\מ",IL,לחמית כפרית 190 גרם,גרמים,190.00,100 גרם,false,,8.90,0.0468,true,1,4999
7290000078762,false,אוסם - חטיפי פריכונים מאורז מלא בטעם דבש 80גר,סנורייס בלגיום אן. ו,GB,פריכונים אורז מלא וד,גרמים,80.00,100 גרם,false,,6.90,0.0863,true,1,2610
7290000081663,false,"בייגלה טבעות שומשום אסם 300 גרם בד""ץ",מיוצר עי קונדיטוריית,IL,בייגלה טבעות שומשום,גרמים,300.00,100 גרם,false,,8.90,0.0297,true,1,2634
7290000100197,false,לקט אפונה תירס וגזר סנפרוסט 700 גרם,"סנפרוסט בע""\מ",IL,לקט אפונה תירס וגזר,גרמים,700.00,100 גרם,false,,14.90,0.0213,true,1,32101
7290000100289,false,"לקט שדה ירקות קפואים 700 גר' סנפרוסט-תנובה בד""ץ","סנפרוסט בע""\מ",IL,לקט ירקות השדה סנפרו,גרמים,700.00,100 גרם,false,,19.90,0.0284,true,1,40210
7290000100302,false,פול ירוק קלוף סנפרוסט 600 גרם,"סנפרוסט בע""\מ",IL,פול ירוק קלוף סנפרוס,גרמים,600.00,100 גרם,false,,21.90,0.0365,true,1,44763
7290000100593,false,פרוסות אנטיפסטי לתנור סנפרוסט 600 גרם,"סנפרוסט בע""\מ",IL,פרוסות אנטיפסטי לתנו,גרמים,600.00,100 גרם,false,,15.90,0.0265,true,1,50405
7290000100609,false,קוביות אנטיפסטי להקפצה סנפרוסט 600 גרם,"סנפרוסט בע""\מ",IL,קוביות אנטיפסטי להקפ,גרמים,600.00,100 גרם,false,,19.90,0.0332,true,1,50328
7290000100975,false,שעועית ירוקה עדינה שלמה סנפרוסט 600 גרם,"סנפרוסט בע""\מ",IL,שעועית ירוקה עדינה ש,גרמים,600.00,100 גרם,false,,19.90,0.0332,true,1,32102
7290000103495,false,"אפונת גינה בד""ץ סנפרוסט 700 גרם","סנפרוסט בע""\מ",IL,אפונת גינה סנפרוסט 7,גרמים,700.00,100 גרם,false,,15.90,0.0227,true,1,12804
7290000103501,false,"שעועית ירוקה חתוכה סנפרוסט 700 גר' בד""צ","סנפרוסט בע""\מ",IL,שעועית ירוקה חתוכה ס,גרמים,700.00,100 גרם,false,,15.90,0.0227,true,1,12805
7290000103525,false,גזר גמדי -שמיטה 700 גרם סנפרוסט,"סנפרוסט בע""\מ",IL,גזר גמדי סנפרוסט 700,גרמים,700.00,100 גרם,false,,15.90,0.0227,true,1,12807
7290000103532,false,"סנפרוסט גרעיני תירס בד""ץ 700גר","סנפרוסט בע""\מ",IL,גרעיני תירס סנפרוסט,גרמים,700.00,100 גרם,false,,12.90,0.0184,true,1,12808
7290000103549,false,אפונה עדינה קפואה סנפרוסט 600 ג' בדץ,"סנפרוסט בע""\מ",IL,אפונה עדינה סנפרוסט,גרמים,600.00,100 גרם,false,,16.90,0.0282,true,1,12809
7290000103556,false,גרגירי חומוס מבושל סנפרוסט 700ג' בדצ,"סנפרוסט בע""\מ",IL,גרגירי חומוס מבושלים,גרמים,700.00,100 גרם,false,,13.90,0.0199,true,1,12810
7290000104218,false,סנפרוסט במיה 600 גרם,"איי, בי, אינבוו",IL,במיה סנפרוסט 600 גרם,גרמים,600.00,100 גרם,false,,14.90,0.0248,true,1,168
7290000104713,false,פול ירוק סנפרוסט 800 גרם,"איי, בי, אינבוו",IL,פול ירוק סנפרוסט 800,גרמים,800.00,100 גרם,false,,21.90,0.0274,true,1,176
7290000104768,false,תרד עלים סנפרוסט 800 ג ',"איי, בי, אינבוו",IL,עלי תרד סנפרוסט 800,גרמים,800.00,100 גרם,false,,19.90,0.0249,true,1,16142
7290000104775,false,תרד מדליונים סנפרוסט 800 גרם,"איי, בי, אינבוו",IL,מדליוני תרד סנפרוסט,גרמים,800.00,100 גרם,false,,19.90,0.0249,true,1,16143
7290000104799,false,שעועית לבנה מבושלת סנפרוסט 800 גרם,"איי, בי, אינבוו",IL,שעועית לבנה סנפרוסט,גרמים,800.00,100 גרם,false,,14.90,0.0186,true,1,179
7290000107189,false,תחתיות ארטישוק סנפרוסט 400 גרם,"איי, בי, אינבוו",IL,תחתיות ארטישוק סנפרו,גרמים,400.00,100 גרם,false,,19.90,0.0497,true,1,186
7290000111353,false,"מיונז אמיתי תלמה 1 ק""ג",יוניליוור ישראל מזון בע\,IL,"מיונז תלמה 1 ק""ג",פריט,1.00,"ק""ג",false,,16.90,16.9000,true,1,197
7290000112237,false,"טחינה גולמית שומשום טהור בארכה 1 ק""ג","רושדי תעשיות מזון בע""\מ",IL,"טחינה בארכה 1 ק""ג",פריט,1.00,"ק""ג",false,,19.90,19.9000,true,1,19507
7290000121079,false,גבינה מותכת למריחה עם שום שמיר 9% מון בלאן 120 גרם,שלושת האופים,IL,גבינה מותכת שום שמיר,גרמים,120.00,100 גרם,false,,8.90,0.0742,true,1,257
7290000121093,false,גבינה מותכת לייט בטעם שוויצרי 7% מון בלאן 120 גר',האי נאם סי או אל.טי.,IL,גבינה מותכת שוויצרי,גרמים,120.00,100 גרם,false,,8.90,0.0742,true,1,258
7290000121109,false,גבינה מותכת לייט עם זיתים 7% מון בלאן 120 גרם,האי נאם סי או אל.טי.,IL,גבינה מותכת זיתים 7%,גרמים,120.00,100 גרם,false,,8.90,0.0742,true,1,259
7290000133645,false,שלישיית משחת שיניים סודה אורביטול 145 גרם,טרופיקל דגיל תעשיות קוסמ,IL,משחת אורביטול הלבנה,גרמים,435.00,100 גרם,false,,16.50,0.0379,true,1,298
7290000135045,false,"XL TEN משקה אנרגיה פתוח ללא סוכר 250 מ""ל","טמפו משקאות בע""\מ",IL,משקה אנרגיה אקסל תן,מיליליטרים,250.00,"100 מ""ל",false,,3.90,0.0156,true,1,46437
7290000135052,false,"XL TEN משקה אנרגיה מנגו ללא סוכר 250 מ""ל","טמפו משקאות בע""\מ",IL,משקה אנרגיה אקסל תן,מיליליטרים,250.00,"100 מ""ל",false,,3.90,0.0156,true,1,46438
7290000135113,false,"משקה אנרגיה XL פחית ten נענע ליים 250 מ""ל","טמפו משקאות בע""\מ",IL,משקה אנרגיה אקסל נענ,מיליליטרים,250.00,"100 מ""ל",false,,3.90,0.0156,true,1,49488
7290000135311,false,פפסי קולה ליים 1.5 ללא סוכר,"טמפו משקאות בע""\מ",IL,פפסי מקס ליים 1.5 לי,קילוגרמים,1.50,ליטר,false,,6.50,4.3333,true,1,63356
7290000135465,false,"מי סודה 500 מ""ל - מארז 12 בקבוקים","טמפו משקאות בע""\מ",IL,מארז סודה טמפו 12*50,קילוגרמים,6.00,ליטר,false,,24.90,4.1500,true,1,56809
7290000135595,false,פפסי מקס בטעם דובדבן 1.5 ללא סוכר,"טמפו משקאות בע""\מ",IL,פפסי מקס דובדבן 1.5,קילוגרמים,1.50,ליטר,false,,6.50,4.3333,true,1,56810
7290000135625,false,"רביעיית פחיות בירה גולדסטאר 500 מ""ל","טמפו משקות בע""\מ",IL,מארז בירה גולדסטאר 4,קילוגרמים,2.00,ליטר,false,,29.90,14.9500,true,1,58292
7290000135632,false,"רביעיית פחיות גולדסטאר לא מסונן 500 מ""ל","טמפו משקאות בע""\מ",IL,מארז בירה גולדסטאר 4,קילוגרמים,2.00,ליטר,false,,27.90,13.9500,true,1,58293
7290000136141,false,משקה בטעם קולה 1.5ל' פפסי,"טמפו משקאות בע""\מ",IL,פפסי קולה 1.5 ליטר,קילוגרמים,1.50,ליטר,false,,6.90,4.6000,true,1,59581
7290000136158,false,פפסי מקס 1.5 ליטר פיקדון,"טמפו משקאות בע""\מ",IL,פפסי מקס 1.5 ליטר,קילוגרמים,1.50,ליטר,false,,6.50,4.3333,true,1,59582
7290000136165,false,מירינדה בקבוק 1.5 לי,"טמפו משקאות בע""\מ",IL,מירינדה 1.5 ליטר,קילוגרמים,1.50,ליטר,false,,6.90,4.6000,true,1,59577
7290000136172,false,סבן אפ בקבוק 1.5 ליט,"טמפו משקאות בע""\מ",IL,סבן אפ 1.5 ליטר,קילוגרמים,1.50,ליטר,false,,6.90,4.6000,true,1,59583
7290000136189,false,סבן אף דיאט 1.5 ליטר בודד,"טמפו משקאות בע""\ם.",IL,סבן אפ דיאט 1.5 ליטר,קילוגרמים,1.50,ליטר,false,,6.50,4.3333,true,1,59578
7290000136240,false,סודה 1.5 ליטר שישייה בודד,"טמפו משקאות בע""\מ",IL,סודה טמפו 1.5 ליטר,קילוגרמים,1.50,ליטר,false,,2.90,1.9333,true,1,59576
7290000136455,false,משקה בטעם אשכוליות תריסר 1.5 ל' ג'אמפ,"טמפו משקאות בע""\ם.",IL,גאמפ אשכוליות 1.5 לי,קילוגרמים,1.50,ליטר,false,,6.90,4.6000,true,1,59547
7290000136486,false,משקה בטעם אשכוליות דיאט תריסר 1.5 ל' ג'אמפ,"טמפו משקאות בע""\ם.",IL,גאמפ אשכוליות דיאט 1,קילוגרמים,1.50,ליטר,false,,6.90,4.6000,true,1,59548
7290000136516,false,משקה בטעם מנגו פסיפלורה תריסר 1.5 ל' ג'אמפ,טמפו משקאות בעמ,IL,גאמפ מנגו פסיפלורה 1,קילוגרמים,1.50,ליטר,false,,6.90,4.6000,true,1,59544
7290000136523,false,משקה בטעם ענבים תריסר 1.5 ל' ג'אמפ,"טמפו משקאות בע""\ם.",IL,גאמפ ענבים 1.5 ליטר,קילוגרמים,1.50,ליטר,false,,6.90,4.6000,true,1,59549
7290000136561,false,משקה בטעם תות בננה תריסר 1.5 ל' ג'אמפ,"טמפו משקאות בע""\מ",IL,גאמפ תות בננה 1.5 לי,קילוגרמים,1.50,ליטר,false,,6.90,4.6000,true,1,59550
7290000136585,false,משקה בטעם תפוזים תריסר 1.5 ל' ג'אמפ,"טמפו משקאות בע""\ם.",IL,גאמפ תפוז 1.5 ליטר,קילוגרמים,1.50,ליטר,false,,6.90,4.6000,true,1,59545
7290000136608,false,משקה בטעם תפוח צלול תריסר 1.5 ל' ג'אמפ,"טמפו משקאות בע""\ם.",IL,גאמפ תפוח 1.5 ליטר,קילוגרמים,1.50,ליטר,false,,6.90,4.6000,true,1,59572
7290000136646,false,בירה נשר מאלט ללא אלכוהול 1.5 ליטר,"טמפו משקאות בע""\מ",IL,בירה נשר מאלט 1.5 לי,קילוגרמים,1.50,ליטר,false,,8.80,5.8667,true,1,59541
7290000136653,false,דיאט נשר מאלט ללא אלכוהול 1.5 ליטר,"טמפו משקאות בע""\מ",IL,בירה נשר מאלט דיאט 1,קילוגרמים,1.50,ליטר,false,,8.80,5.8667,true,1,59542
7290000136691,false,מארז שישייה סבן אפ 1.5 ל',סבן אפ 7up,IL,מארז סבן אפ 6 *1.5 ל,קילוגרמים,9.00,ליטר,false,,37.90,4.2111,true,1,59584
7290000136752,false,סבן אפ דיאט מארז שישייה 1.5 ל' FREE,"טמפו משקאות בע""\מ",IL,מארז סבן אפ דיאט 6*,קילוגרמים,9.00,ליטר,false,,35.90,3.9889,true,1,59579
7290000136769,false,מארז שישיה בטעם קולה 1.5 ל' פפסי,"טמפו משקאות בע""\מ",IL,מארז פפסי קולה 6*1.5,קילוגרמים,9.00,ליטר,false,,35.90,3.9889,true,1,59585
7290000136776,false,שישיית פפסי מקס דל קלוריות 1.5 ליטר,פפסי Pepsi,IL,מארז פפסי מקס 6*1.5,קילוגרמים,9.00,ליטר,false,,35.90,3.9889,true,1,59586
7290000136783,false,מארז שישייה מרינדה 1.5 ל',"טמפו משקאות בע""\מ",IL,מארז מירינדה 6*1.5 ל,קילוגרמים,9.00,ליטר,false,,37.90,4.2111,true,1,59580
7290000136790,false,שישיית מי סודה טמפו 1.5 ליטר,"טמפו משקאות בע""\מ",IL,מארז סודה טמפו 6*1.5,קילוגרמים,9.00,ליטר,false,,15.90,1.7667,true,1,59574
7290000136806,false,מארז סודה רביעייה לימון ליים 1.5 ל' טמפו,טמפו משקאות בעמ,IL,מארז סודה לימון ליים,קילוגרמים,6.00,ליטר,false,,10.90,1.8167,true,1,60311
7290000136813,false,סודה בטעם אננס מארז רביעייה 1.5 ל' טמפו,טמפו משקאות בע''מn\,IL,מארז סודה אננס טמפו,קילוגרמים,6.00,ליטר,false,,10.90,1.8167,true,1,60313
7290000136820,false,סודה בטעם פירות יער מארז ריבעיה * 1.5 ל' טמפו,טמפו משקאות בע''מn\,IL,מארז סודה פירות יער,קילוגרמים,6.00,ליטר,false,,10.90,1.8167,true,1,60314
7290000136837,false,רביעיית מי סודה נגיעות אפרסק טמפו 1.5 ליטר,טמפו משקאות בע''מn\,IL,מארז סודה אפרסק טמפו,קילוגרמים,6.00,ליטר,false,,10.90,1.8167,true,1,60312
7290000136844,false,מארז מים מזוככים אקווה נובה שישיית 2 ליטר,"טמפו משקאות בע""\מ",IL,מים אקווה נובה 6*2 ל,קילוגרמים,12.00,ליטר,false,,10.90,0.9083,true,1,59543
7290000136868,false,סאן בנדטו - מים מינרלים - מארז שישיית 1.5 ליטר,אקווה מינרלה סאן בנדטו ב,IT,מים סאן בנדטו 6*1.5,קילוגרמים,9.00,ליטר,false,,16.90,1.8778,true,1,59546
7290000136875,false,שישיית מים מינרליים מוגזים סן בנדטו 1.5 ליטר,סאן בנדטו San Benedetto,IT,מים מוגז סאן בנדטו 6,קילוגרמים,9.00,ליטר,false,,18.90,2.1000,true,1,59575
7290000137513,false,גלידונית גלידה וניל בציפוי שוקולד 60 יח' קרמיסימו,"גלידת שטראוס בע""\מ, רחוב",IL,חטיפי גלידה קרמיסימו,גרמים,630.00,100 גרם,false,,38.90,0.0617,true,1,314
7290000139104,false,שלווה חיטה תפוחה מתוקה אשבול 230 גרם,"אשב""ל בע""מ",IL,שלווה חיטה תפוחה ומת,גרמים,230.00,100 גרם,false,,8.70,0.0378,true,1,316
7290000139227,false,דגן לבן משפחתי 150 גר' אשבול,אשבל מזון פונקציונלי,IL,תירס תפוח מתוק אשבול,גרמים,150.00,100 גרם,false,,8.70,0.0580,true,1,317
7290000143187,false,"הוואי שמפו 2 ב 1 לגבר 700 מ""ל",שוורצקוף& הנקל דיסלד,IL,שמפו הוואי לגבר 700,מיליליטרים,700.00,"100 מ""ל",false,,8.90,0.0127,true,1,19825
7290000143262,false,"שמפו הוואי לילדים 700 מ""ל",שוורצקוף& הנקל דיסלד,IL,שמפו הוואי לילדים 70,מיליליטרים,700.00,"100 מ""ל",false,,8.90,0.0127,true,1,4939
7290000143293,false,"הוואי - מרכך ילדים מתיר קשרים 700 מ""ל",טרופיקל דגיל,IL,מרכך הוואי לילדים 70,מיליליטרים,700.00,"100 מ""ל",false,,8.90,0.0127,true,1,323
7290000144467,false,שמן חמניות מועשר בנוגדי חמצון 1 ל' עץ הזית,"נארז ע""י : א.ג. גילר",GR,שמן חמניות בריאות עץ,קילוגרמים,1.00,ליטר,false,,13.90,13.9000,true,1,325
7290000144474,false,שמן עץ הזית קנולה 1 ליטר בריאות מהטבע,שמן תעשיות בעמ,EE,שמן קנולה בריאות עץ,קילוגרמים,1.00,ליטר,false,,14.90,14.9000,true,1,326
7290000149615,false,רביעיית סבון מוצק קלאסי לתינוק נקה 7 4*100 גרם,גליל כימיקלים בעממשו,IL,סבון מוצק נקה 7 לתינ,גרמים,400.00,100 גרם,false,,10.90,0.0273,true,1,337
7290000149851,false,סבון לניקוי והסרת כתמים סינטבון 460 גרם,יבואן ומשווק: ש. שסט,IL,סינטבון כפול לנקיון,גרמים,460.00,100 גרם,false,,9.90,0.0215,true,1,338
7290000149905,false,טקסטיל נוזל לכביסה עדינה נקה 1 ליטר,מיוצר עי קונדיטוריית,IL,טקסטיל שמפו נוזלי 1,קילוגרמים,1.00,ליטר,false,,12.90,12.9000,true,1,339
7290000151885,false,נקניק הודו יחידה עוף טוב 700ג',עוף טוב,IL,נקניק הודו עוף טוב 7,גרמים,700.00,100 גרם,false,,14.90,0.0213,true,1,4849
7290000152288,false,עוף טוב נקניקיות עוף מיס לוסי 400 גרם,מוצרי עוף טוב (2001) בע\,IL,נקניקיות עוף טוב 400,גרמים,400.00,100 גרם,false,,11.90,0.0298,true,1,14469
7290000152943,false,מארז פסטרמה כפרית וסלמי כפרי עוף טוב 2*350 גרם,מוצרי עוף טוב (2001) בע\,IL,מארז פסטרמה/סלמי כפר,גרמים,700.00,100 גרם,false,,18.90,0.0270,true,1,45034
7290000153469,false,קציצות עוף קלאסיות 100% רכיבים טבעיים,"מוצרי עוף טוב (2001) בע""",IL,קציצות עוף קלאסיות ע,גרמים,600.00,100 גרם,false,,24.90,0.0415,true,1,6459
7290000170053,false,"שוקולד פרה חלב 100 גרם בד""צ לל""ג","שטראוס גרופ בע""\מ.",IL,שוקולד פרה חלב 100 ג,גרמים,100.00,100 גרם,false,,4.90,0.0490,true,1,23114
7290000174723,false,שוקולית אבקה להכנת משקה שוקו 500 גרם,הנסיך- מפעל לייצור ט,IL,שוקולית 500 גרם,גרמים,500.00,100 גרם,false,,11.90,0.0238,true,1,44749
7290000176420,false,קפה נמס פחית עלית 200 גרם,שטראוס קפה בי.וי,IL,קפה נמס 200 גרם,גרמים,200.00,100 גרם,false,,18.90,0.0945,true,1,394
7290000176475,false,האג קפה נמס נטול קפאין עלית 200 גרם,שטראוס גרופ,VN,קפה נמס האג נטול קפא,גרמים,200.00,100 גרם,false,,33.90,0.1695,true,1,395
7290000178707,false,תפוצ'יפס בטעם טבעי 50 גרם,"שטראוס פריטו ליי בע""\מ )",IL,תפוציפס טבעי 50 גרם,גרמים,50.00,100 גרם,false,,3.50,0.0700,true,1,20816
7290000178721,false,תפוצ'יפס בטעם טבעי 200 גרם,"שטראוס פריטו ליי בע""\מ )",IL,תפוציפס מלוח 200 גרם,גרמים,200.00,100 גרם,false,,9.90,0.0495,true,1,19358
7290000186337,false,מטליות לחות לניקוי כללי ניקול שלישייה,עלבד משואות יצחק,IL,מטליות לחות לניקוי כ,Unknown,0.00,יחידה,false,,21.90,0.0000,true,1,18080
7290000186535,false,נייר טואלט תלת שכבתי לבן לילי 32 יחידות,לילי נייר טואלט חוגלה,IL,נייר טואלט לילי טריפ,מטרים,537.00,מטר,false,,41.90,0.0780,true,1,53663
7290000187921,false,נייר טואלט דו שכבתי לבן לילי 32 יחידות,לילי נייר טואלט חוגלה,IL,נייר טואלט לבן לילי,מטרים,588.00,מטר,false,,41.50,0.0706,true,1,42756
7290000187938,false,לילי - נייר טואולט נייר טואלט פסטל 32 יח',לילי נייר טואלט חוגלה,IL,נייר טואלט פסטל לילי,מטרים,588.00,מטר,false,,38.90,0.0662,true,1,35175
7290000187952,false,נייר טואלט תלת שכבתי ורוד לילי 32 יחידות,לילי נייר טואלט חוגלה,IL,נייר טואלט לילי טריפ,מטרים,537.00,מטר,false,,41.90,0.0780,true,1,53664
7290000188386,false,מגבת נייר ניקול 12 יחידות,חוגלה קימברלי,IL,מגבות נייר ניקול 12,מטרים,129.00,מטר,false,,22.40,0.1736,true,1,13966
7290000188553,false,קוטקס מגן תחתון יאנג ביג 60 יחידות,קימברלי קלארק,CN,מגן תחתון קוטקס נורמ,Unknown,0.00,יחידה,false,,18.50,0.0000,true,1,13984
7290000188591,false,קוטקס מגן תחתון יאנג ביג 60 יחידות,קימברלי קלארק,CN,מגן תחתון קוטקס יאנג,Unknown,0.00,יחידה,false,,18.50,0.0000,true,1,13985
7290000189680,false,ניקול זוג מטליות לחות לרצפה,חוגלה קימברלי,IL,מטליות לחות לרצפה ני,Unknown,0.00,יחידה,false,,19.90,0.0000,true,1,18079
7290000191225,false,חיתולים ליטל בייביז מידה 2 האגיס 46 יחידות,קימברלי קלארק שיווק,IL,חיתולי האגיס 44 יח ש,Unknown,0.00,יחידה,false,,31.50,0.0000,true,1,17789
7290000191539,false,חמישיית ממחטות טישו צבועני לילי 100 יחידות,חוגלה קימברלי,IL,טישו צבעוני לילי 5*9,Unknown,450.00,יחידה,false,,13.70,0.0304,true,1,440
7290000191645,false,"חיתולים האגיס ליטל בייביס ניו בורן שלב 1 עד 4 ק""ג",קימברלי קלארק ארהב,US,חיתולי האגיס 36 יח נ,Unknown,0.00,יחידה,false,,31.50,0.0000,true,1,12205
7290000191652,false,שלישיית ממחטות אולטרה סופט קלינקס 90 יחידות,חוגלה קימברלי,IL,טישו קלינקס 3*90 יח,Unknown,270.00,יחידה,false,,10.70,0.0396,true,1,13964
7290000193014,false,מגן תחתון פדיות אינטרלוד לילי 50 יחידות,חוגלה קימברלי,CZ,מגן תחתון לילי אינטר,Unknown,0.00,יחידה,false,,9.90,0.0000,true,1,441
7290000193083,false,נובה-לי תחבושות היגייניות לילי 28 יחידות,חוגלה קימברלי,CZ,תחבושות לילי נובה לי,Unknown,0.00,יחידה,false,,8.90,0.0000,true,1,442
7290000193472,false,מגן תחתון נטורל נורמל לילי 60 יחידות,חוגלה קימברלי,ES,מגן תחתון לילי נטורל,Unknown,0.00,יחידה,false,,14.90,0.0000,true,1,446
7290000193540,false,מגן תחתון לונג נטורל לילי 52 יחידות,חוגלה קימברלי,ES,מגן תחתון לילי נטורל,Unknown,0.00,יחידה,false,,14.90,0.0000,true,1,447
7290000193953,false,תחבושות לילי נורמל24*2יח,חוגלה קימברלי,ES,תחבושות ללי נורמל עם,Unknown,0.00,יחידה,false,,24.90,0.0000,true,1,44665
7290000193960,false,תח.לילי סופר פלוס 24*2יח,חוגלה קימברלי,ES,תחבושות לילי סופר +,Unknown,0.00,יחידה,false,,24.90,0.0000,true,1,44666
7290000194172,false,"חטיף אטיאס 250 גרם לל""ס",ממתקי השלום,IL,חטיפים מעורב 250 גרם,גרמים,300.00,100 גרם,false,,12.90,0.0430,true,1,5029
7290000195537,false,האגיס - מגבוני האגיס דיילי קר לא מבושם 64 יח' * 4,חוגלה קימברלי,IL,מגבונים האגיס ללא בי,Unknown,0.00,יחידה,false,,20.70,0.0000,true,1,455
7290000197425,false,חיתולים פרידום דריי שלב 3 האגיס 52 יחידות,קימברלי קלארק ישראל,IL,חיתולי האגיס פרידום,Unknown,0.00,יחידה,false,,43.90,0.0000,true,1,54469
7290000197456,false,חיתולים פרידום דריי שלב 4 האגיס 44 יחידות,קימברלי קלארק ישראל,IL,חיתולי האגיס פרידום,Unknown,0.00,יחידה,false,,43.90,0.0000,true,1,54470
7290000197463,false,חיתולים פרידום דריי שלב +4 האגיס 40 יחידות,קימברלי קלארק ישראל,IL,חיתולי האגיס פרידום,Unknown,0.00,יחידה,false,,43.90,0.0000,true,1,54471
7290000197548,false,חיתולים פרידום דריי שלב 5 האגיס 36 יחידות,קימברלי קלארק ישראל,IL,חיתולי האגיס פרידום,Unknown,0.00,יחידה,false,,43.90,0.0000,true,1,54472
7290000197678,false,חיתולי האגיס פרידום דריי שלב 6 30 יחידות,קימברלי קלארק ישראל,IL,חיתולי האגיס פרידום,Unknown,0.00,יחידה,false,,43.90,0.0000,true,1,54473
7290000201818,false,טיטולים פרימיום שלב 2 64 יחידות,חוגלה קימברלי,IL,חיתולי טיטולים פרימי,Unknown,0.00,יחידה,false,,31.90,0.0000,true,1,47374
7290000201832,false,טיטולים פרימיום שלב 3 50 יחידות,חוגלה קימברלי,IL,חיתולי טיטולים פרימי,Unknown,0.00,יחידה,false,,31.90,0.0000,true,1,47375
7290000201849,false,טיטולים פרימיום שלב 4 42 יח' (8-14),חוגלה קימברלי,IL,חיתולי טיטולים פרימי,Unknown,0.00,יחידה,false,,31.90,0.0000,true,1,47376
7290000201856,false,טיטולים פרימיום שלב4+ 38 יחידות .,חוגלה קימברלי,IL,חיתולי טיטולים פרימי,Unknown,0.00,יחידה,false,,31.90,0.0000,true,1,47377
7290000201863,false,טיטולים פרימיום שלב 5 34 יחידות,חוגלה קימברלי,IL,חיתולי טיטולים פרימי,Unknown,0.00,יחידה,false,,31.90,0.0000,true,1,47378
7290000201870,false,טיטולים פרימיום שלב 6 30 יחידות,חוגלה קימברלי,IL,חיתולי טיטולים פרימי,Unknown,0.00,יחידה,false,,31.90,0.0000,true,1,47379
7290000204086,false,ניקול כרית קרצוף מארז שלישייה,חוגלה קימברלי,US,כריות קרצוף ניקול 3,Unknown,0.00,יחידה,false,,9.90,0.0000,true,1,552
7290000204215,false,שישיית כרית יפנית ניקול 6 יחידות,פלסטו פוליש (ברקן),IL,כריות יפניות ניקול 6,Unknown,0.00,יחידה,false,,9.90,0.0000,true,1,553
7290000204253,false,מטליות רב שימושיות לניקיון ניקול 9 יחידות,נועם אורים-קיבוץ אור,IL,מטליות לניקוי כללי נ,Unknown,0.00,יחידה,false,,9.90,0.0000,true,1,554
7290000205762,false,חיתולי האגיס אקסטרה קר מידה 3 48 יחידות,חוגלה קימברלי,IL,חיתולי האגיס אקסטרא,Unknown,0.00,יחידה,false,,54.90,0.0000,true,1,65219
7290000205915,false,חיתולי האגיס אקסטרה קייר מידה 4 40 יחידות,חוגלה קימברלי,IL,חיתולי האגיס אקסטרא,Unknown,0.00,יחידה,false,,54.90,0.0000,true,1,65220
7290000208077,false,אפונת גינה רגילה 550 גרם יכין,"זנלכל בע""\מ",IL,אפונה גדולה יכין 550,גרמים,550.00,100 גרם,false,,6.90,0.0125,true,1,8111
7290000208114,false,"אפונה וגזר יכין A2 פ""ק בית יוסף","זנלכל בע""\מ",IL,אפונה וגזר יכין 550,גרמים,550.00,100 גרם,false,,6.90,0.0125,true,1,8177
7290000208138,false,סירופ דיאט בטעם ענבים יכין 1 ליטר,"זנלכל בע""\מ",IL,סירופ יכין ענבים דיא,קילוגרמים,1.00,ליטר,false,,16.60,16.6000,true,1,6102
7290000208213,false,שעועית לבנה אפויה A2 ברוטב עגבניות יכין 560ג',היינץ צפון אמריקה מק,IL,שעועית לבנה ברוטב יכ,גרמים,560.00,100 גרם,false,,6.90,0.0123,true,1,564
7290000208220,false,"שעועית צ'לי יכין פ""ק A2 בית יוסף",היינץ צפון אמריקה מק,IL,שעועית צילי חריף יכי,גרמים,580.00,100 גרם,false,,9.90,0.0171,true,1,565
7290000208329,false,גרעיני תירס מתוק 550 גרם יכין,"זנלכל בע""\מ",IL,תירס גרעינים יכין 55,גרמים,550.00,100 גרם,false,,6.90,0.0125,true,1,8176
7290000208428,false,גרגרי חומוס שלם 550 גרם יכין,"זנלכל בע""\מ",IL,חומוס שלם יכין 550 ג,גרמים,550.00,100 גרם,false,,6.90,0.0125,true,1,566
7290000209012,false,חומץ 1ליטר יכין הדרים,"זנלכל בע""\מ",IL,חומץ 5% יכין 1 ליטר,קילוגרמים,1.00,ליטר,false,,6.90,6.9000,true,1,567
7290000209043,false,מיץ לימון לתיבול יכין 1 ליטר,היינץ צפון אמריקה מק,IL,רוטב לימון משומר יכי,קילוגרמים,1.00,ליטר,false,,5.90,5.9000,true,1,568
7290000209524,false,סירופ דיאט בטעם פטל יכין 1 ליטר,"זנלכל בע""\מ",IL,סירופ יכין פטל דיאט,קילוגרמים,1.00,ליטר,false,,16.60,16.6000,true,1,6103
7290000209555,false,סירופ דיאט בטעם תפוחים יכין 1 ליטר,"זנלכל בע""\מ",IL,סירופ יכין תפוע דיאט,קילוגרמים,1.00,ליטר,false,,16.60,16.6000,true,1,6104
7290000209579,false,סירופ דיאט בטעם אננס יכין 1 ליטר,"זנלכל בע""\מ",IL,סירופ יכין אננס דיאט,קילוגרמים,1.00,ליטר,false,,16.60,16.6000,true,1,6108
7290000209722,false,רסק עגבניות 28% פריכוז 580 גרם יכין,"זנלכל בע""\מ",IL,תרכיז עגבניות פריכוז,גרמים,580.00,100 גרם,false,,9.90,0.0171,true,1,569
7290000211442,false,"סוגת אורז פרסי קלאסי שקית 1 ק""ג",האי נאם סי או אל.טי.,IL,"אורז פרסי סוגת 1 ק""ג",פריט,1.00,"ק""ג",false,,9.90,9.9000,true,1,597
7290000211503,false,סוכר לבן ארוז בשקית,"סוגת תעשיות בע""\מ",IL,"סוכר סוגת 1 ק""ג",פריט,1.00,"ק""ג",false,,4.90,4.9000,true,1,598
7290000211985,false,"סוגת אורז עגול ריזוטו 1 ק""ג","סוגת תעשיות בע""\מ",IL,אורז ריזוטו עגול סוג,פריט,1.00,"ק""ג",false,,9.90,9.9000,true,1,600
7290000226514,false,עוגת דובוש טעם ריבת חלב קפולסקי 450 גרם,תופינים מקבוצת קפולסקי,IL,עוגת דובוש ריבת חלב,גרמים,450.00,100 גרם,false,,38.90,0.0864,true,1,27582
7290000226545,false,"עוגת טורט היער השחור קפולסקי 1 ק""ג",קפולסקי שיווק וקמעונ,IL,עוגת טורט היער השחור,פריט,1.00,"ק""ג",false,,63.90,63.9000,true,1,633
7290000226569,false,"עוגת טורט קצפת שוקולד קפולסקי 1 ק""ג",תופינים מקבוצת קפולסקי,IL,עוגת טורט קצפת בטעם,פריט,1.00,"ק""ג",false,,63.90,63.9000,true,1,635
7290000226576,false,"עוגת טורט מצופה שוקולד קפולסקי 1 ק""ג",תופינים מקבוצת קפולסקי,IL,עוגת טורט בטעם שוקול,פריט,1.00,"ק""ג",false,,63.90,63.9000,true,1,636
7290000226613,false,עוגת דובוש מצופה שוקולד קפולסקי 450 גרם,תופינים מקבוצת קפולסקי,IL,עוגת דובוש מצופה שוק,גרמים,400.00,100 גרם,false,,38.90,0.0972,true,1,27583
7290000238029,false,"בצק עלים צרפתי מרודד מעדנות 1 ק""ג",מיוצר עי קונדיטוריית,IL,בצק עלים מרודד מעדנו,פריט,1.00,"ק""ג",false,,17.90,17.9000,true,1,717
7290000238036,false,מלאווח בקופסא מעדנות 700 גרם,מיוצר עי קונדיטוריית,IL,מלוואח מעדנות 700 גר,גרמים,700.00,100 גרם,false,,12.90,0.0184,true,1,718
7290000238173,false,בורקס גבינה מעדנות 800 גרם,מיוצר עי קונדיטוריית,IL,בורקס גבינה מעדנות 8,גרמים,800.00,100 גרם,false,,17.90,0.0224,true,1,719
7290000238180,false,בורקס תפוחי אדמה מעדנות 800 גרם,מיוצר עי קונדיטוריית,IL,בורקס תפוא מעדנות 80,גרמים,800.00,100 גרם,false,,16.90,0.0211,true,1,720
7290000245089,false,סוד סופט מרכך כביסה סגול 4 ליטר,"הנקל סוד בע""מ",IL,מרכך סוד סגול 4 ליטר,קילוגרמים,4.00,ליטר,false,,16.90,4.2250,true,1,748
7290000245157,false,סוד סופט מרכך כביסה סנסיישן 4 ליטר,"הנקל סוד בע""\מ",IL,מרכך סוד לבן 4 ליטר,קילוגרמים,4.00,ליטר,false,,16.90,4.2250,true,1,749
7290000245782,false,סוד סופט מרכך כביסה ורוד 4 ליטר,"הנקל סוד בע""\מ",IL,מרכך סוד ורוד 4 ליטר,קילוגרמים,4.00,ליטר,false,,16.90,4.2250,true,1,751
7290000245799,false,סוד סופט מרכך כביסה כחול 4 ליטר,"הנקל סוד בע""\מ",IL,מרכך סוד כחול 4 ליטר,קילוגרמים,4.00,ליטר,false,,16.90,4.2250,true,1,752
7290000253084,false,שוקולד ציפס חום לבן,אופנהיימר,IL,שוקולד ציפס חום לבן,גרמים,750.00,100 גרם,false,,19.90,0.0265,true,1,16186
7290000253107,false,צמקאו לבישול ואפיה א,אופנהיימר,IL,צמקאו לבישול ואפיה א,גרמים,900.00,100 גרם,false,,16.90,0.0188,true,1,15777
7290000253206,false,שוקולד ציפס אופנהיימ,אופנהיימר,IL,שוקולד ציפס אופנהיימ,גרמים,680.00,100 גרם,false,,19.90,0.0293,true,1,11357
7290000253251,false,שוקולד צ'יפס לבן אופנהיימר 250 גרם,אופנהיימר,IL,שוקולד ציפס לבן אופנ,גרמים,250.00,100 גרם,false,,9.90,0.0396,true,1,5617
7290000253329,false,צמקאו חום/לבן לבישול,אופנהיימר,IL,צמקאו חום/לבן לבישול,גרמים,900.00,100 גרם,false,,16.90,0.0188,true,1,16187
7290000253565,false,מזרה צבעוני ארוך אופ,אופנהיימר,IL,מזרה צבעוני ארוך אופ,גרמים,170.00,100 גרם,false,,6.90,0.0406,true,1,55129
7290000253589,false,מזרה חום ארוך אופנהי,אופנהיימר,IL,מזרה חום ארוך אופנהי,גרמים,200.00,100 גרם,false,,6.90,0.0345,true,1,53106
7290000253596,false,מזרה צבעוני עגול אופ,אופנהיימר,IL,מזרה צבעוני עגול אופ,גרמים,200.00,100 גרם,false,,6.90,0.0345,true,1,53107
7290000262161,false,נייר טואלט לב אדום 40 גלילים מולט,מולט / שמורת טבע,IL,נייר טואלט מולט 40 ג,מטרים,704.00,מטר,false,,34.50,0.0490,true,1,788
7290000262413,false,חיתולי האגיס אקסטרה קייר מידה 5 34 יחידות,חוגלה קימברלי,IL,חיתולי האגיס אקסטרא,Unknown,0.00,יחידה,false,,54.90,0.0000,true,1,65221
7290000263359,false,חיתולים ליטל בייביז מידה 1 האגיס 40 יחידות,קימברלי קלארק שיווק,IL,חיתולי האגיס 40 יח ש,Unknown,0.00,יחידה,false,,31.50,0.0000,true,1,13972
7290000267425,false,שמן זית שקדיה כתית מעולה 750מל,שקדיה,IL,שמן זית כתית שקדיה 7,מיליליטרים,750.00,"100 מ""ל",false,,29.90,0.0399,true,1,25660
7290000272443,false,סירופ דיאט בטעם תפוזים עסיס 1 ליטר,בית-השיטה עסיס תעשיות מז,IL,סירופ עסיס תפוז דיאט,קילוגרמים,1.00,ליטר,false,,15.90,15.9000,true,1,825
7290000272467,false,עסיס פטל דיאט סירופ 1 ליטר,בית-השיטה עסיס תעשיות מז,IL,סירופ עסיס פטל דיאט,קילוגרמים,1.00,ליטר,false,,15.90,15.9000,true,1,826
7290000272696,false,עסיס מיץ לימון טבעי משומר 1 ל' אסם,בית-השיטה עסיס תעשיות מז,IL,מיץ לימון משומר עסיס,קילוגרמים,1.00,ליטר,false,,8.30,8.3000,true,1,827
7290000272726,false,חומץ רכיבים רכיבים טבעיים 5% עסיס 1 ליטר,בית-השיטה עסיס תעשיות מז,IL,חומץ 5% עסיס 1 ליטר,קילוגרמים,1.00,ליטר,false,,5.90,5.9000,true,1,828
7290000286228,false,ספוגיות לניקוי כללי סנו סושי 6 יחידות,סנו מפעלי ברונו בעמ,IL,ספוגיות סנו סושי 6 י,Unknown,0.00,יחידה,false,,9.90,0.0000,true,1,858
7290000286297,false,"אנטי קאלק מסיר אבנית מקומקום סנו 700 מ""ל",סנו מפעלי ברונוס בעמ,IL,נוזל אנטי קאלק מסיר,מיליליטרים,700.00,"100 מ""ל",false,,9.90,0.0141,true,1,859
7290000286488,false,ספוג כיף פיראט 1 יחידה,קוסמופארם,IL,ספוג כיף פיראט,Unknown,0.00,יחידה,false,,6.90,0.0000,true,1,860
7290000286525,false,ספוג כיף רחצה פרינה 1 יח,קוסמופארם,IL,ספוג כיף רחצה פרינה,Unknown,0.00,יחידה,false,,9.90,0.0000,true,1,862
7290000286549,false,מטליות לניקוי כללי סנו סושי 9 יחידות,נועם אורים תעשיות בע,IL,מטליות לניקוי כללי ס,Unknown,0.00,יחידה,false,,9.90,0.0000,true,1,863
7290000286761,false,ניילון נצמד סנו סושי פלסטיק מארז 30X2 מ',מיוצר עי קונדיטוריית,CN,ניילון נצמד סנו סושי,מטרים,60.00,מטר,false,,9.90,0.1650,true,1,865
7290000286921,false,"ספריי להסרת כתמים סנו קל 750 מ""ל",סנו מפעלי ברונוס בעמ,IL,תרסיס רסס כבס סנוקל,מיליליטרים,750.00,"100 מ""ל",false,,10.90,0.0145,true,1,3321
7290000287102,false,"ספריי שמפו לניקוי שטיחים סנו 600 מ""ל",מיוצר עי קונדיטוריית,IL,תרסיס סנו שטיחים איר,מיליליטרים,600.00,"100 מ""ל",false,,19.70,0.0328,true,1,871
7290000287195,false,"סנו רהיט ספריי עשיר בווקס להברקה 305 מ""ל",מיוצר עי קונדיטוריית,IL,תרסיס סנו רהיט 305 מ,מיליליטרים,305.00,"100 מ""ל",false,,13.70,0.0449,true,1,877
7290000287409,false,"שלישיית סנובון תות לאסלה ""סנו""",סנו מפעלי ברונוס בעמ,IL,סבון אסלה סנובון תות,גרמים,165.00,100 גרם,false,,10.70,0.0648,true,1,879
7290000287430,false,סנובון צבעוני לאסלה בריח לימון שלישייה,סנו מפעלי ברונו בעמ,IL,סבון אסלה סנובון צבע,גרמים,165.00,100 גרם,false,,10.70,0.0648,true,1,880
7290000287485,false,סנובון סבון אסלה בריח לובר סנו 3 יחידות,סנו מפעלי ברונו בעמ,IL,סבון אסלה סנובון לוב,גרמים,165.00,100 גרם,false,,10.70,0.0648,true,1,881
7290000287492,false,"סנובון נוזל לניקוי אסלות בריח לימון סנו 750 מ""ל","סנו מפעלי ברונוס בע""מ",IL,סנובון נוזלי לימון 7,מיליליטרים,750.00,"100 מ""ל",false,,8.90,0.0119,true,1,882
7290000288024,false,סנו - ז'אוול אקונומיקה בריח לימון 4 ליטר,"סנו מפעלי ברונוס בע""מ",IL,אקונומיקה סנו גאוול,קילוגרמים,4.00,ליטר,false,,16.90,4.2250,true,1,889
7290000288048,false,סנו זאוול מרסס מונבלאן 1 ליטר,"סנו מפעלי ברונוס בע""מ",IL,תרסיס ניקוי סנו ז'או,קילוגרמים,1.00,ליטר,false,,16.90,16.9000,true,1,891
7290000288086,false,אבקת ניקוי עם אקונומיקה בריח לימון סנו ז'אוול 600 ג',מיוצר עי קונדיטוריית,IL,אבקת ניקוי סנו גאוול,גרמים,600.00,100 גרם,false,,9.90,0.0165,true,1,892
7290000288291,false,סנומט דוחה יתושים לוחיות אידוי 30 יחידות,טרופיקל דגיל תעשיות,IT,סנומט דוחה יתושים 30,Unknown,0.00,יחידה,false,,11.90,0.0000,true,1,894
7290000288352,false,"קוטל חרקים וזוחלים K-300 סנו 630 מ""ל","סנו מפעלי ברונוס בע""מ",IL,"קוטל K300 סנו 630 מ""",,630.00,,false,,19.90,0.0316,true,1,896
7290000288383,false,"קוטל נמלים ותיקנים K-500 סנו 400 מ""ל",מיוצר עי קונדיטוריית,IL,קוטל K500 נמלים סנו,מיליליטרים,400.00,"100 מ""ל",false,,19.90,0.0497,true,1,897
7290000288390,false,"קוטל זבובים ויתושים K-600 סנו 500 מ""ל","סנו מפעלי ברונוס בע""מ",IL,"קוטל K600 סנו 500 מ""",מיליליטרים,500.00,"100 מ""ל",false,,19.90,0.0398,true,1,898
7290000288529,false,"משחת כלים סאן לימון 3.5 ק""ג",סנו,IL,משחת כלים סנוסאן ברי,פריט,3.50,"ק""ג",false,,19.90,5.6857,true,1,901
7290000288642,false,מקסימה מרכך כביסה סנסיטיב בייבי סנו 4 ליטר,"סנו מפעלי ברונוס בע""\מ",IL,מרכך מקסימה סנסטיב 4,קילוגרמים,4.00,ליטר,false,,21.50,5.3750,true,1,902
7290000289052,false,פוליויקס נוזל רצפות בניחוח סחלבים סנו 4 ליטר,סנו פוליויקס,IL,פוליויקס סחלבים 4 לי,קילוגרמים,4.00,ליטר,false,,34.90,8.7250,true,1,904
7290000289069,false,סנו - ז'אוול מרסס קצף ניקוי בתוספת אקונומיקה בריח לימון 1 ליטר,"סנו מפעלי ברונוס בע""מ",IL,תרסיס ניקוי סנו גאוו,קילוגרמים,1.00,ליטר,false,,16.90,16.9000,true,1,905
7290000289236,false,K3 נמלים פיתיון ג'ל - קוטל נמלים בבית ובחצר,"סנו מפעלי ברונוס בע""\מ",IL,ג'ל פיתיון נמלים K3,גרמים,10.00,100 גרם,false,,39.90,3.9900,true,1,51305
7290000289472,false,סנו סושי שקיות אשפה - 50 יחידות,מיוצר עי קונדיטוריית,IL,שקיות אשפה 76*90 סנו,Unknown,0.00,יחידה,false,,16.90,0.0000,true,1,909
7290000289595,false,"אורביטול משחת שיניים לילדים בטעם תות שדה 145 מ""ל",טרופיקל דגיל תעשיות קוסמ,IL,משחת אורביטול ילדים,גרמים,145.00,100 גרם,false,,7.50,0.0517,true,1,910
7290000291932,false,"סנובון נוזל לניקוי אסלה בניחוח לבנדר סנו 750 מ""ל","סנו מפעלי ברונוס בע""מ",IL,סנובון נוזלי לבנדר 7,מיליליטרים,750.00,"100 מ""ל",false,,8.90,0.0119,true,1,917
7290000292137,false,"נוזל לניקוי וטיפול מוצרי עור סנו 500 מ""ל",מיוצר עי קונדיטוריית,IL,תחליב סנו לניקוי עור,מיליליטרים,500.00,"100 מ""ל",false,,29.90,0.0598,true,1,919
7290000292564,false,סנו K-2000 תרסיס מיקרו קפסולרי ללא ריח 750 מ”ל,מיוצר עי קונדיטוריית,IL,קוטל K2000 ללא ריח ס,מיליליטרים,750.00,"100 מ""ל",false,,28.90,0.0385,true,1,927
7290000292595,false,סופר פוליש מבריק רצפות 2לי,סנו,IL,סופר פוליש סנו 2 ליט,קילוגרמים,2.00,ליטר,false,,39.90,19.9500,true,1,928
7290000292687,false,סנובון מוצק לניקוי אסלה קלאסיק כחול סנו 3 יחידות,מיוצר עי קונדיטוריית,IL,סנובון כחול 3 יח,גרמים,165.00,100 גרם,false,,14.90,0.0903,true,1,929
7290000292694,false,מגן קריסטל לרצפות סנו 2 ליטר,סנו,IL,מגן קריסטל סנו 2 ליט,קילוגרמים,2.00,ליטר,false,,39.90,19.9500,true,1,930
7290000292915,false,"תרסיס לניקוי כללי רסס ונגב סנו 750 מ""ל","סנו מפעלי ברונוס בע""\מ",IL,תרסיס סנו רסס ונגב 7,מיליליטרים,750.00,"100 מ""ל",false,,12.90,0.0172,true,1,931
7290000293073,false,מקסימה מרכך כביסה ביו לבן סנו 4 ליטר,"סנו מפעלי ברונוס בע""\מ",IL,מרכך מקסימה ביו 4 לי,קילוגרמים,4.00,ליטר,false,,21.50,5.3750,true,1,932
7290000293943,false,"מרסס לבן מסיר אבנית 1 ליטר אנטי קאלק ""סנו""",מיוצר עי קונדיטוריית,IL,תרסיס אנטי קאלק מסיר,קילוגרמים,1.00,ליטר,false,,16.70,16.7000,true,1,946
7290000294780,false,אקונומיקה סמיכה בריח לימון סנו ז'אוול 4 ליטר,"סנו מפעלי ברונוס בע""מ",IL,אקונומיקה סנו גאוול,קילוגרמים,4.00,ליטר,false,,16.90,4.2250,true,1,963
7290000295503,false,זוג שקיות מזון טבע 19*25 סנו סושי 150 יחידות,"אשפלסט תעשיות בע""מ",CN,שקיות אוכל סנו סושי,Unknown,0.00,יחידה,false,,13.70,0.0000,true,1,970
7290000295558,false,"רדיד אלומיניום רוחב 30 ס""מ סנו סושי 2 יח' 7.5 מטר",מולינו ניקולי s.p.a,TR,נייר אלומיניום סנו ס,מטרים,15.00,מטר,false,,9.90,0.6600,true,1,972
7290000295565,false,"רדיד אלומיניום רוחב 45 ס""מ סנו 2 יח' 7.5 מטר",בורסה פאזרי,TR,נייר אלומניום סנו סו,מטרים,15.00,מטר,false,,14.90,0.9933,true,1,973
7290000295749,false,ספוג סאקי מסאז' כיף 1 יחידה,גוד פוד פרודקטס S.p,IL,ספוג כיף סאקי מסאז,Unknown,0.00,יחידה,false,,9.90,0.0000,true,1,976
7290000295824,false,"רדיד אלומיניום 30 ס""מ רוחב סנו סושי 100 מטר",מולינו ניקולי s.p.a,TR,נייר אלומיניום סנו ס,Unknown,0.00,יחידה,false,,47.90,0.0000,true,1,62983
7290000305882,false,אס הרינג עם ירקות ברוטב עגבניות 120 גרם,"סטארקיסט פודור בע""מ",TR,סלט אס ירקות עם דגים,גרמים,120.00,100 גרם,false,,4.90,0.0408,true,1,1021
7290000311067,false,מן-וופלים קוביות מינימן לא מצופה 200גר,רוקחמן,IL,מיני ופלים בטעם שוקו,גרמים,200.00,100 גרם,false,,6.70,0.0335,true,1,44838
7290000311098,false,ופל מן לימון 3*200 ג,רוקחמן,IL,ופל מן לימון 3*200 ג,גרמים,600.00,100 גרם,false,,12.90,0.0215,true,1,51683
7290000311128,false,מן עוגיות בטעם חמאה 300 גרם*נ.ל.פ,תות ממתקי איכות,IL,עוגיות בטעם חמאה מן,גרמים,300.00,100 גרם,false,,6.70,0.0223,true,1,1037
7290000311135,false,מן עוגיות סטיקס בטעם שוקולד 300 גרם*,"רוקחמן בע""מ",IL,עוגיות סטיקס שוקו מן,גרמים,300.00,100 גרם,false,,6.70,0.0223,true,1,1038
7290000311180,false,ופל ופליתעשיריות מן 250 גרם מארז 10 יחידות,"רוקחמן בע""מ",IL,ופלית מן 10 יח,גרמים,250.00,100 גרם,false,,6.90,0.0276,true,1,1039
7290000311326,false,ופל קפה מן 3*200 גרם,רוקחמן,IL,ופל קפה מן 3*200 גרם,גרמים,600.00,100 גרם,false,,12.90,0.0215,true,1,51684
7290000311357,false,מן וופלים בטעם אגוזים 10*28 גר-נ.ל.פ,"רוקחמן בע""מ",IL,ופל אגוזית מן 10 יח,גרמים,280.00,100 גרם,false,,9.90,0.0354,true,1,1041
7290000311425,false,ופל מצופה עשיריות מן 220 גרם מארז 10 יחידות,תות ממתקי איכות,IL,ופל מצופה מן 10 יח,גרמים,220.00,100 גרם,false,,6.90,0.0314,true,1,1042
7290000311487,false,מאגדת וופל שוקולד מקמח מלא ללא סוכר 20 ג'*7 יח' מן,"רוקחמן בע""מ",IL,ופל בטעם שוקולד קמח,גרמים,140.00,100 גרם,false,,6.90,0.0493,true,1,64677
7290000311500,false,מן וופלים בטעם שוקולד 500 ג-נ.ל.פ,"רוקחמן בע""מ",IL,ופל שוקולד מן 500 גר,גרמים,500.00,100 גרם,false,,8.90,0.0178,true,1,1043
7290000311517,false,מן וופלים בטעם לימון 500 גרם,מן עוגיות,IL,ופל לימון מן 500 גרם,גרמים,500.00,100 גרם,false,,8.90,0.0178,true,1,1044
7290000311708,false,מן עוגיות מחיטה מלאה 300 גרם*נ.ל.פ,תות ממתקי איכות,IL,עוגיות חיטה מלאה מן,גרמים,300.00,100 גרם,false,,6.70,0.0223,true,1,1045
7290000311715,false,מן עוגיות כוכבים בטעם שוקולד 300 גרם*נ.ל.פ,תות ממתקי איכות,IL,עוגיות כוכבים שוקולד,גרמים,300.00,100 גרם,false,,6.70,0.0223,true,1,1046
7290000311722,false,מן עוגיות כוכבים וניל 300 גרם,תות ממתקי איכות,IL,עוגיות כוכבים וניל מ,גרמים,300.00,100 גרם,false,,6.70,0.0223,true,1,1047
7290000311746,false,עוגיות מן בטעם קרמל 300 גר',"רוקחמן בע""מ",IL,עוגיות בטעם קרמל מן,גרמים,300.00,100 גרם,false,,6.70,0.0223,true,1,20522
7290000311753,false,עוגיות חיטה מלאה בטעם חלווה מן 250 גר',"רוקחמן בע""מ",IL,עוגיות חיטה מלאה בטע,גרמים,250.00,100 גרם,false,,6.70,0.0268,true,1,48852
7290000311845,false,מן עוגיות חיטה מלאה ללא תוספת סוכר 200 ג,"רוקחמן בע""מ",IL,עוגיות חיטה ללא סוכר,גרמים,200.00,100 גרם,false,,8.70,0.0435,true,1,20523
7290000311869,false,מן-וופלים בטעם שוק ללא תוספת סוכר 180ג,תות ממתקי איכות,IL,ופל ללא סוכר בטעם שו,גרמים,180.00,100 גרם,false,,7.90,0.0439,true,1,20525
7290000311876,false,מן-וופלים בטעם וניל ללא תוספת סוכר 180ג,"רוקחמן בע""מ",IL,ופל ללא סוכר בטעם ונ,גרמים,180.00,100 גרם,false,,7.90,0.0439,true,1,20524
7290000311883,false,מן עוגיות גרנולה ללא תוספת סוכר 200 גר,תות ממתקי איכות,IL,עוגיות גרנולה ללא סו,גרמים,200.00,100 גרם,false,,8.70,0.0435,true,1,20521
7290000311890,false,ופלים בטעם לימון ללא תוספת סוכר 180 גרם,"רוקחמן בע""מ",IL,ופל ללא סוכר בטעם לי,גרמים,180.00,100 גרם,false,,7.90,0.0439,true,1,53779
7290000311975,false,ופל מן 5 יח' X 200 גרם,רוקחמן,IL,ופל מן 5*200 גרם,פריט,1.00,"ק""ג",false,,19.70,19.7000,true,1,1052
7290000312767,false,מלך הבייגלה שטוח מלוח,מאיר בייגל,IL,בייגלה שטוחים מלוח מ,גרמים,200.00,100 גרם,false,,4.90,0.0245,true,1,11791
7290000312811,false,מלך הבייגלה שמיניות מלח 200גר',מאיר בייגל,IL,בייגלה שמיניות מלך ה,גרמים,200.00,100 גרם,false,,3.90,0.0195,true,1,65623
7290000312842,false,בייגלה שמיניות מלך ה,מאיר בייגל,IL,בייגלה שמיניות מלך ה,גרמים,300.00,100 גרם,false,,5.90,0.0197,true,1,56368
7290000312859,false,גריסיני קלאסי מלך הג,מאיר בייגל,IL,גריסיני קלאסי מלך הג,גרמים,180.00,100 גרם,false,,5.90,0.0328,true,1,56369
7290000312866,false,גריסיני שומשום מלך ה,מאיר בייגל,IL,גריסיני שומשום מלך ה,גרמים,160.00,100 גרם,false,,5.90,0.0369,true,1,56370
7290000312873,false,מלך הבייגלה שטוח שומשום 180 גרם,מאיר בייגל,IL,בייגלה שטוח שומשום מ,גרמים,180.00,100 גרם,false,,4.90,0.0272,true,1,63458
7290000312880,false,מלך הבייגלה שטוח כפרי 180 גרם,מאיר בייגל,IL,בייגלה שטוח כפרי מלך,גרמים,180.00,100 גרם,false,,4.90,0.0272,true,1,63459
7290000313290,false,אסם נודלס נודלס אטריות מסולסלות 200גר,תאי פרזידנט פוד בנגק,TH,נודלס אטריות מסולסלו,גרמים,200.00,100 גרם,false,,8.90,0.0445,true,1,37581
7290000345048,false,תה ויסוצקי 74 - 125 גרם,תה ויסוצקי,IL,תה 74 ויסוצקי 125 גר,גרמים,125.00,100 גרם,false,,12.80,0.1024,true,1,1149
7290000345055,false,תה עלים ארל גריי ויסוצקי 100 גרם,מולינו ניקולי s.p.a,IL,תה ארל גריי תה עלים,גרמים,100.00,100 גרם,false,,12.90,0.1290,true,1,1150
7290000345215,false,תה כחול קלאסיק ויסוצקי 100 יחידות,מולינו ניקולי s.p.a,IL,תה ויסוצקי טעם מעודן,גרמים,100.00,100 גרם,false,,15.90,0.1590,true,1,1152
7290000345307,false,תה ארל גריי ויסוצקי 50 יחידות,מולינו ניקולי s.p.a,IL,תה ארל גריי ויסוצקי,גרמים,75.00,100 גרם,false,,21.90,0.2920,true,1,1155
7290000345536,false,תה נענע ויסוצקי 25 יחידות,מולינו ניקולי s.p.a,IL,תה נענע 1.5 גרם 25 ש,גרמים,38.00,100 גרם,false,,16.50,0.4342,true,1,33191
7290000346205,false,חליטת קמומיל הגן הקסום ויסוצקי 25 יחידות,תה ויסוצקי,IL,תה קמומיל הגן קסום 1,גרמים,38.00,100 גרם,false,,17.50,0.4605,true,1,1164
7290000347738,false,תה ירוק נענע ויסוצקי 25 יחידות,תה ויסוצקי,IL,תה ירוק נענע 25 שקיק,גרמים,38.00,100 גרם,false,,22.90,0.6026,true,1,1168
7290000347752,false,תה ירוק לימונית ולואיזה 25 שקיקים *1.5 ג'' ויסוצקי,תה ויסוצקי,IL,תה ירוק לימון ולואיז,גרמים,38.00,100 גרם,false,,22.90,0.6026,true,1,1169
7290000363363,false,קבנוס נקניק מעושן יבש 160 גרם,הנסיך- מפעל לייצור ט,IL,קבנוס מיוחד טירת צבי,גרמים,160.00,100 גרם,false,,12.90,0.0806,true,1,35178
7290000364261,false,"דקניקים, סלסולי פסטרמה כתף בקר מעושנת 120 גרם",הנסיך- מפעל לייצור ט,IL,סלסולי כתף בקר מעושן,גרמים,120.00,100 גרם,false,,12.90,0.1075,true,1,7080
7290000364292,false,דקניקים סלסולי פסטרמה הודו על גחלים 1% טירת צבי 120 גרם,הנסיך- מפעל לייצור ט,IL,סלסולי פסטרמה הודו ע,גרמים,120.00,100 גרם,false,,12.90,0.1075,true,1,7081
7290000364858,false,"נקניקיות עוף טרי טירת צבי 1 ק""ג",הנסיך- מפעל לייצור ט,IL,נקניקיות עוף טירת צב,פריט,1.00,"ק""ג",false,,22.90,22.9000,true,1,1202
7290000369037,false,סלט קוביות בולגרית גבינות ניצן 200 גרם,גבינות אמיר ניצן בעמ,IL,סלט קוביות בולגרית ב,גרמים,200.00,100 גרם,false,,12.90,0.0645,true,1,27834
7290000369617,false,מעדן כדורי פטה בשמן מתובל ניצן 230 גרם,גבינות אמיר ניצן בעמ,IL,כדורי פטה בשמן ניצן,,150.00,,false,,16.90,0.1127,true,1,27829
7290000396224,false,תפוחי אדמה גורמה שקיל,אראל תוצרת חקלאית בע,IL,תפוח אדמה גורמה,Unknown,0.00,יחידה,false,,17.90,0.0000,true,1,28685
7290000408354,false,יוגורט עם אורז מצופה שוקולד קקאו 175 ג' דנונה,"שטראוס בריאות בע""\מ",IL,דנונה בר פצפוצים,מיליליטרים,175.00,"100 מ""ל",false,,3.90,0.0223,true,1,1326
7290000412481,false,נוזל לניקוי אסלות 00 סנו 1 ליטר,מיוצר עי קונדיטוריית,IL,מנקה אסלות 00 1 ליטר,קילוגרמים,1.00,ליטר,false,,7.50,7.5000,true,1,1343
7290000416632,false,"ממרח שוקולד פרווה השחר 1 ק""ג כשל""פ",השחר העולה תעשית ממת,IL,ממרח בטעם שוקולד השח,פריט,1.00,"ק""ג",false,,19.90,19.9000,true,1,4014
7290000416861,false,"ממרח שוקולד חלבי השחר בד""צ 750 גרם",השחר העולה תעשית ממת,IL,ממרח בטעם שוקולד השח,גרמים,750.00,100 גרם,false,,19.90,0.0265,true,1,51881
7290000418131,false,תחבושות טופ פד מקופלת 18 יח',מוצרי נייר עמיר,IL,תחבושות טופ פד 18 יח,Unknown,0.00,יחידה,false,,5.90,0.0000,true,1,1407
7290000418155,false,תחבושות טופ-פד סופר-פלוס 16 יחידות,מוצרי נייר עמיר,IL,תחבושות טופ פד סופר,Unknown,0.00,יחידה,false,,5.90,0.0000,true,1,1408
7290000419220,false,מארז קפה לנדוור לבוקר 3 יח 100 גרם,קפה לנדוור,IL,מארז קפה טורקי לנדוו,גרמים,300.00,100 גרם,false,,19.90,0.0663,true,1,6404
7290000419374,false,שלישיית קפה טחון טורקי לנדוור 100 גרם,קפה לנדוור,IL,מארז קפה טורקי לנדוו,גרמים,300.00,100 גרם,false,,19.90,0.0663,true,1,6405
7290000426921,false,ברוקולי פרחים בודק קפוא 907 גר,"מטר ארצכם בע""מ",IL,ברוקולי פרחים בודק 9,גרמים,709.00,100 גרם,false,,34.90,0.0492,true,1,58508
7290000432205,false,נר תמיד בכוס פאלאס 4,פאלאס תעשיות נטו (20,CN,נר תמיד בכוס פאלאס 4,Unknown,0.00,יחידה,false,,3.90,0.0000,true,1,18936
7290000432359,false,נר נשמה בכוס שבועי פ,פאלאס,CN,נר נשמה בכוס שבועי פ,Unknown,0.00,יחידה,false,,9.90,0.0000,true,1,18935
7290000436326,false,עוגיות שוקולד ציפס ב,ברמן שוקולד ועוגיות,IL,עוגיות שוקולד ציפס ב,פריט,1.00,"ק""ג",false,,19.90,19.9000,true,1,33786
7290000436340,false,עוגיות במילוי שוקולד,ברמן שוקולד ועוגיות,IL,עוגיות במילוי שוקולד,גרמים,900.00,100 גרם,false,,19.90,0.0221,true,1,33788
7290000436357,false,עוגיות ממולאות בטעם,ברמן שוקולד ועוגיות,IL,עוגיות ממולאות בטעם,פריט,1.00,"ק""ג",false,,19.90,19.9000,true,1,37764
7290000436364,false,עוגיות כתר במילוי תו,ברמן שוקולד ועוגיות,IL,עוגיות כתר במילוי תו,גרמים,900.00,100 גרם,false,,19.90,0.0221,true,1,37765
7290000436371,false,עוגיות סהר בציפוי שו,ברמן שוקולד ועוגיות,IL,עוגיות סהר בציפוי שו,פריט,1.00,"ק""ג",false,,19.90,19.9000,true,1,37763
7290000442310,false,טפטפים בייביסקין משחה לטוסיק מבושם 100,"רצט שקיים בע""מ",IL,משחת החתלה לתינוק 10,גרמים,100.00,100 גרם,false,,10.90,0.1090,true,1,45562
7290000446325,false,תרכיז תפוחים בטר אנד דיפרנט 1.2 ליטר,"בטר אנד דיפרנט בע""מ",IL,תרכיז ב.ד תפוחים טבע,קילוגרמים,1.20,ליטר,false,,41.90,34.9167,true,1,3347
7290000446394,false,דייסת שיבולת שועל בטר אנד דיפרנט 200 גרם,בטר אנד דיפרנט B&D,IL,דייסת שיבולת שועל ב.,גרמים,200.00,100 גרם,false,,9.90,0.0495,true,1,1474
7290000446523,false,ממרח בוטנים מתוק בטר אנד דיפרנט 350 גרם,בטר אנד דיפרנט,IL,חמאת בוטנים מתוקה ב.,גרמים,350.00,100 גרם,false,,13.90,0.0397,true,1,1476
7290000446530,false,"ממרח בוטנים מתוק בטר אנד דיפרנט 1 ק""ג",בטר אנד דיפרנט,IL,חמאת בוטנים מתוקה ב.,פריט,1.00,"ק""ג",false,,26.90,26.9000,true,1,1477
7290000446547,false,חמאת בוטנים טבעית בטר אנד דיפרנט 350 גרם,"בטר אנד דיפרנט בע""מ",IL,חמאת בוטנים טבעית ב.,גרמים,350.00,100 גרם,false,,13.90,0.0397,true,1,1478
7290000446554,false,"חמאת בוטנים טבעית בטר אנד דיפרנט 1 ק""ג",בטר אנד דיפרנט B&D,IL,חמאת בוטנים טבעית ב.,פריט,1.00,"ק""ג",false,,26.90,26.9000,true,1,1479
7290000446721,false,מארז פריכיות אורז ב.,בטר אנד דיפרנט,IL,מארז פריכיות אורז ב.,גרמים,420.00,100 גרם,false,,14.90,0.0355,true,1,1482
7290000446745,false,חמאת שקדים 100% טבעי 350ג' בי&די,בטר אנד דיפרנט,IL,חמאת שקדים ב.ד 350 ג,גרמים,350.00,100 גרם,false,,38.90,0.1111,true,1,8514
7290000446776,false,פיצפוצי אורז מלא ללא סוכר ומלח בשקית 450 גרם,בטר אנד דיפרנט,IL,פצפוצי אורז ללא תוספ,גרמים,450.00,100 גרם,false,,18.90,0.0420,true,1,1483
7290000446936,false,ציפוי עדיף מפתיתי קורנפלקס טחון דק בטר אנד דיפרנט 300 גרם,בטר אנד דיפרנט,IL,פירורי קורנפלקס לציפ,גרמים,250.00,100 גרם,false,,9.90,0.0396,true,1,8535
7290000453385,false,שמרים יבשים פארא אינסטנט 500 גרם עלית,פאקא תעשיות בעמ,GB,שמרים יבשים פאקא 500,גרמים,500.00,100 גרם,false,,11.90,0.0238,true,1,6547
7290000453408,false,בצק פיצה דק מצונן ומוכן לאפייה שמרית 415 גרם,"פאקא תעשיות בע""מ",FR,בצק פיצה מוכן לאפיה,גרמים,415.00,100 גרם,false,,15.80,0.0381,true,1,53747
7290000453415,false,בצק עלים מצונן ומוכן לאפייה שמרית 300 גרם,"פאקא תעשיות בע""מ",FR,בצק עלים מוכן לאפיה,גרמים,300.00,100 גרם,false,,14.80,0.0493,true,1,53748
7290000453422,false,בצק פילו מצונן ומוכן לאפייה שמרית 300 גרם,"פאקא תעשיות בע""מ",GR,בצק פילו מוכן לאפיה,גרמים,300.00,100 גרם,false,,14.80,0.0493,true,1,53749
7290000453484,false,בצק קדאיף לאפייה שמרית 350 גרם,"פאקא תעשיות בע""מ",GR,בצק קדאיף שמרית 350,גרמים,350.00,100 גרם,false,,12.90,0.0369,true,1,62150
7290000453880,false,מרגרינה ללא מלח לאפיה ובישול שמרית 200גר,"פאקא תעשיות בע""מ",IL,מרגרינה ללא מלח שמרי,גרמים,200.00,100 גרם,false,,4.60,0.0230,true,1,22593
7290000462103,false,סחוג תימני אדום חריף עדין זהבי הכרם 150 גרם,קריניסה ויטמין אס אי,IL,סחוג תימני זהבי 150,גרמים,150.00,100 גרם,false,,6.90,0.0460,true,1,3416
7290000462141,false,סחוג אדום תימני מקורי חריף מאוד זהבי 150 גרם,קריניסה ויטמין אס אי,IL,סחוג תימני חריף זהבי,גרמים,150.00,100 גרם,false,,6.90,0.0460,true,1,3417
7290000462172,false,סחוג תימני ירוק חריף זהבי הכרם 150 גרם,קריניסה ויטמין אס אי,IL,סחוג ירוק זהבי 150 ג,גרמים,140.00,100 גרם,false,,6.90,0.0493,true,1,3418
7290000467153,false,מלך החומוס סמיר הגדול 400 גרם צבר,סלטי צבר,IL,חומוס עם המון טחינה,גרמים,400.00,100 גרם,false,,13.90,0.0348,true,1,12551
7290000469638,false,"ספריי לגיהוץ קל מריטו 500 מ""ל",בולטון מניטובה,IT,ספריי לגיהוץ מריטו 5,מיליליטרים,500.00,"100 מ""ל",false,,19.90,0.0398,true,1,6653
7290000474090,false,"חלב בקרטון 1%- 1 ליטר בד""צ - מוצר בפיקוח",מילקו תעשיות בעמ,IL,חלב 1% טרה 1 ליטר,קילוגרמים,1.00,ליטר,false,,5.80,5.8000,true,1,1565
7290000474502,false,גבינה לבנה טרה 5% מרכיבים טבעיים,הפריט בפיקוח,IL,גבינה 5% טרה 250 גרם,גרמים,250.00,100 גרם,false,,4.90,0.0196,true,1,3530
7290000474540,false,טוב טעם גבינה לבנה 3% טרה 250 גרם,קריות זול,IL,גבינה 3% טוב טעם 250,גרמים,250.00,100 גרם,false,,10.20,0.0408,true,1,1568
7290000474830,false,נעם גבינה צהובה מגורדת 28% טרה 500 גרם,מילקו תעשיות בעמ,IL,גבינה מגורדת 28% טרה,גרמים,500.00,100 גרם,false,,19.90,0.0398,true,1,1569
7290000480107,false,קוואקר שיבולת שועל פחית 500 גרם,וולקרס סנקס לימיטד,GB,שיבולת שועל קוואקר 5,גרמים,500.00,100 גרם,false,,10.90,0.0218,true,1,6431
7290000484747,false,עראק עלית 700 מל 40% כהל,יקב הגליל יוסף גולד ובניו,IL,"עלית הארק 40% 700 מ""",מיליליטרים,700.00,"100 מ""ל",false,,49.90,0.0713,true,1,23145
7290000490717,false,מאגדת גלית- שלגון חלבי בטעם וניל עם ציפו,הגלידות של פלדמן,IL,מאגדת גלית 8 יח',גרמים,560.00,100 גרם,false,,15.90,0.0284,true,1,51963
7290000490762,false,גלידל שוקו פלדמן מארז שמינייה,הגלידות של פלדמן,IL,מאגדת גלידל שלגון בט,גרמים,400.00,100 גרם,false,,28.90,0.0722,true,1,64561
7290000493176,false,אסם אבקת רוטב צלי לבשר 22 ג',"אסם השקעות בע""\מ",IL,אבקה להכנת רוטב צלי,גרמים,22.00,100 גרם,false,,3.60,0.1636,true,1,1599
7290000493183,false,אבקת רוטב פטריות לבשר-30 גרם,"אסם השקעות בע""\מ",IL,אבקת רוטב פטריות אסם,גרמים,30.00,100 גרם,false,,3.50,0.1167,true,1,1600
7290000494760,false,קפה טורקי כתר בוואקו,רוני רג'ואן,IL,קפה טורקי בוואקום כת,פריט,1.00,"ק""ג",false,,39.90,39.9000,true,1,44698
7290000497044,false,"לחם אקטיב 750 גרם ""ברמן""",מאפית י את א ברמן בע,IL,לחם אקטיב ברמן 750 ג,גרמים,750.00,100 גרם,false,,15.90,0.0212,true,1,13912
7290000497198,false,מארז פיתות עשירייה אסלי,מאפית י את א ברמן בע,IL,פיתות ברמן 10 יח,פריט,1.00,"ק""ג",false,,11.90,11.9000,true,1,3704
7290000497228,false,לחמניה רגילה בשקית ברמן 6יח',מאפית י את א ברמן בע,IL,לחמניות אצבע ברמן 6,גרמים,450.00,100 גרם,false,,9.90,0.0220,true,1,1612
7290000497273,false,לחמניות ברמן אקטיב 6יח 450גר,מאפית י את א ברמן בע,IL,לחמניות קמח מלא אקטי,גרמים,450.00,100 גרם,false,,13.90,0.0309,true,1,24226
7290000497303,false,"שישיית לחמניות מקמח מלא ""ברמן""",מאפית י את א ברמן בע,IL,לחמניות קמח מלא ברמן,גרמים,450.00,100 גרם,false,,12.90,0.0287,true,1,1613
7290000497426,false,לחם ברמן לענין פלוס 500 גרם,מאפית י את א ברמן בע,IL,לחם לעניין פלוס ברמן,גרמים,500.00,100 גרם,false,,13.90,0.0278,true,1,3709
7290000497532,false,"לחם מקמח מלא""לעניין"" 750 גר'",מאפית י את א ברמן בע,IL,לחם קמח מלא לעניין ב,גרמים,750.00,100 גרם,false,,12.90,0.0172,true,1,1615
7290000497570,false,לחם דגנים פלוס ברמן 500 גרם,מאפית י את א ברמן בע,IL,לחם דגנים פלוס ברמן,גרמים,500.00,100 גרם,false,,13.90,0.0278,true,1,3710
7290000498003,false,לחם מקמח חיטה מלא 750 גר,מאפית י את א ברמן בע,IL,לחם קמח מלא E-FREE ב,גרמים,750.00,100 גרם,false,,14.90,0.0199,true,1,33270
7290000498034,false,לחם אי פרי קמח כוסמין מלא 750 גר',מאפית י את א ברמן בע,IL,לחם קמח מלא כוסמין E,גרמים,750.00,100 גרם,false,,14.90,0.0199,true,1,47995
7290000498058,false,חלה כוסמין חלומית כוסמין חלה מתוקה 500 ג,מאפית י את א ברמן בע,IL,חלה כוסמין חלומית בר,גרמים,500.00,100 גרם,false,,15.90,0.0318,true,1,62293
7290000498300,false,חלה מתוקה ברמן 500 ג,מאפית י את א ברמן בע,IL,חלה מתוקה ברמן 500 ג,גרמים,500.00,100 גרם,false,,10.90,0.0218,true,1,55993
7290000504049,false,סוכרזית קלאסי קנקן 1200 טבליות,אף.סי תבליני בגליל ב,IL,ממתיק קלאסי סוכרזית,Unknown,0.00,יחידה,false,,17.90,0.0000,true,1,1632
7290000504209,false,"סוכרזית דיאט טיפ נוזלי 220 מ""ל",אף.סי תבליני בגליל ב,IL,ממתיק נוזלי קלאסי סו,מיליליטרים,220.00,"100 מ""ל",false,,14.80,0.0673,true,1,1633
7290000504278,false,ממתיק סוכרזית אריזת פטנט 700 טבליות,אף.סי תבליני בגליל ב,IL,ממתיק קלאסי סוכרזית,Unknown,0.00,יחידה,false,,13.90,0.0000,true,1,1634
7290000521008,false,יין אדום יבש של סגל750מל,"כרמי צבי - אחים סגל בע""\",IL,יין סגל אדום יבש,מיליליטרים,750.00,"100 מ""ל",false,,21.50,0.0287,true,1,1655
7290000521022,false,"של סגל, יין לבן חצי יבש 750 מ""ל","מיוצר ע""י כרמי צבי-",IL,יין סגל לבן חצי יבש,מיליליטרים,750.00,"100 מ""ל",false,,21.50,0.0287,true,1,28430
7290000521404,false,"יין מרום גליל קברנה סוביניון סינגל 750 מ""ל",כרמי צבי אחים סגל בע,IL,יין סגל מרום גליל קב,מיליליטרים,750.00,"100 מ""ל",false,,34.90,0.0465,true,1,10066
7290000521428,false,"יין שרדונה מרום גליל 750 מ""ל","כרמי צבי-אחים סגל בע""\מ",IL,יין מרום גליל שרדונה,מיליליטרים,750.00,"100 מ""ל",false,,34.90,0.0465,true,1,35331
7290000523224,false,מלח הארץ הים האדום 500 ג' עדין,"חברת מלח הארץ אילת בע""\מ",IL,מלח עדין הים האדום 5,גרמים,500.00,100 גרם,false,,7.90,0.0158,true,1,1659
7290000523804,false,"מלח עדין צנצנת 1 ק""ג מלח הארץ","חברת מלח הארץ אילת בע""\מ",IL,"מלח עדין 1 ק""ג בצנצנ",פריט,1.00,"ק""ג",false,,6.90,6.9000,true,1,10098
7290000523811,false,"צנצנת מלח גס 1 ק""ג מלח הארץ","חברת מלח הארץ אילת בע""\מ",IL,"מלח גס 1 ק""ג בצנצנת",פריט,1.00,"ק""ג",false,,6.90,6.9000,true,1,10099
7290000530086,false,נקניק סלמי מעושן זוגלובק 600 גרם,נקניק נהריה כשר זוגל,IL,סלמי מעושן 7000 זוגל,גרמים,600.00,100 גרם,false,,24.90,0.0415,true,1,4801
7290000530109,false,קבנוס זוגי בואקום זוגלובק 180ג',נקניק נהריה כשר זוגל,IL,זוג קבנוס זוגלובק 2*,גרמים,360.00,100 גרם,false,,24.90,0.0692,true,1,4803
7290000530116,false,נקניק סלמי מעושן בשן 470 ג' זוגלובק,נקניק נהריה כשר זוגל,IL,סלמי בשן זוגלובק 470,Unknown,0.00,יחידה,false,,24.90,0.0000,true,1,4802
7290000530468,false,"נקניקיות וינר זוגלובק 1 ק""ג",זוגלובק,IL,נקניקיות וינר זוגלוב,פריט,1.00,"ק""ג",false,,23.90,23.9000,true,1,20043
7290000530703,false,פסטרמה חרמון כפרית ונקניק תה מעושן זוגלובק 2*400 גרם,נקניק נהריה כשר זוגל,IL,מארז סלמי תה/חרמון ז,גרמים,800.00,100 גרם,false,,25.90,0.0324,true,1,5083
7290000531977,false,בורקס גבינה זוגלובק 800 גרם,נקניק נהריה כשר זוגל,IL,בורקס גבינה זוגלובק,גרמים,800.00,100 גרם,false,,13.90,0.0174,true,1,4976
7290000533353,false,"בצק עלים צרפתי 1 ק""ג זוגלובק",מאפיית אריאל וגידרון,IL,בצק עלים זוגלובק 1 ק,פריט,1.00,"ק""ג",false,,13.90,13.9000,true,1,1670
7290000536316,false,"שניצל מן הצומח זוגלובק 1 ק""ג",נקניק נהריה כשר זוגל,IL,שניצל מן הצומח זוגלו,פריט,1.00,"ק""ג",false,,23.90,23.9000,true,1,1671
7290000536743,false,שניצלונים קריספי ט. תירס 500 גר' זוגלובק,נקניק נהריה כשר זוגל,IL,קריספי סטיקס טבעי זו,גרמים,500.00,100 גרם,false,,14.90,0.0298,true,1,14098
7290000536774,false,"נקניקיות מן הצומח זוגלובק 1ק""ג בד""צ",זוגלובק טבע,IL,נקניקיות מן הצומח זו,פריט,1.00,"ק""ג",false,,19.90,19.9000,true,1,1673
7290000536781,false,"קבב צמחי זוגלובק 1 ק""ג",זוגלובק,IL,קבב מן הצומח זוגלובק,פריט,1.00,"ק""ג",false,,19.90,19.9000,true,1,1674
7290000537603,false,"נקניקיות עוף זוגלובק 1 ק""ג",זוגלובק,IL,נקניקיות עוף זוגלובק,פריט,1.00,"ק""ג",false,,23.90,23.9000,true,1,4804
7290000551678,false,בשר מס 8 שריר צרכני,קונספסיון פניסקור,IL,בשר מס 8 שריר צרכני,קילוגרמים,1.00,"ק""ג",true,,34.90,34.9000,true,1,1790
7290000554402,false,מעדן חלב מלבי 5% גד 170 גרם,"מיוצר ע""\י קוד יצרן EDNK",IL,מלבי גד 160 גרם,מיליליטרים,160.00,"100 מ""ל",false,,3.90,0.0244,true,1,1791
7290000554471,false,נקניק מוצרלה 22 אחוז 180גרם גד מהדרין,"מחלבות גד בע""\מ",IL,גבינת מוצרלה 22% גד,גרמים,180.00,100 גרם,false,,16.90,0.0939,true,1,1792
7290000554600,false,מוצרלה מגורדת 22 אחוז 300גרם גד מהדרין,מחלבות גד בעמ,IL,גבינת מוצרלה מגורדת,גרמים,300.00,100 גרם,false,,19.90,0.0663,true,1,1793
7290000554624,false,מעדן חלב ירח מתוק עם אורז 3% גד 150 גרם,"מיוצר ע""\י קוד יצרן EDNK",IL,מעדן ירח מתוק 3% גד,מיליליטרים,150.00,"100 מ""ל",false,,3.90,0.0260,true,1,1794
7290000554822,false,ריקוטה גבינה לבנה בסגנון איטלקי 5% גד 250 גרם,מחלבות גד בעמ,IL,גבינת ריקוטה 5% גד 2,גרמים,250.00,100 גרם,false,,13.90,0.0556,true,1,20612
7290000554839,false,מסקרפונה שמנת מתוקה קשה בסגנון איטלקי 40% גד 250 גרם,מחלבות גד בעמ,IL,גבינת מסקרפונה 40% ג,גרמים,250.00,100 גרם,false,,21.90,0.0876,true,1,33263
7290000572055,false,אחוה חלוה ללא סוכר עם סיבים ואגוזים 400 גרם,אחדות ביחר לטחינה חל,IL,חלוה אגוזים ללא סוכר,גרמים,400.00,100 גרם,false,,14.90,0.0373,true,1,1845
7290000572086,false,טחינה אורגנית אחדות 500 גרם,אחדות ביחר לטחינה חל,IL,טחינה אורגנית אחוה 5,גרמים,500.00,100 גרם,false,,10.90,0.0218,true,1,1846
7290000572215,false,חלבה וניל מצופה אחווה 80ג',אחדות ביחר לטחינה חל,IL,חטיף חלוה מצופה אחוה,גרמים,80.00,100 גרם,false,,2.90,0.0362,true,1,5385
7290000572222,false,חלווה בלוק וניל אחוה 500 גרם,שוורצקוף& הנקל דיסלד,IL,חלוה בטעם וניל אחוה,גרמים,500.00,100 גרם,false,,9.80,0.0196,true,1,1847
7290000572529,false,חלוה עם פיסטוק אחווה 400 גרם,אחדות ביחר לטחינה חל,IL,חלוה פיסטוק אחוה 400,גרמים,400.00,100 גרם,false,,11.90,0.0298,true,1,1848
7290000572536,false,אחווה חלווה ווניל במגש 400 גר,אחדות ביחר לטחינה חל,IL,חלוה וניל אחוה 400 ג,גרמים,400.00,100 גרם,false,,9.80,0.0245,true,1,1849
7290000572543,false,חלוה בטעם שוקו וניל אחווה 400 גרם,אחדות ביחר לטחינה חל,IL,חלוה שוקו וניל אחוה,גרמים,400.00,100 גרם,false,,9.80,0.0245,true,1,1850
7290000572628,false,חטיפי חלווה ללא סוכר בקופסא 250 גרם,שוורצקוף& הנקל דיסלד,IL,חטיפי חלוה ללא תוספת,גרמים,275.00,100 גרם,false,,11.90,0.0433,true,1,1852
7290000572673,false,מארז חלווה אחוה 12 יחידות 300 גרם,שוורצקוף& הנקל דיסלד,IL,חטיפי חלוה בטעמים אח,גרמים,300.00,100 גרם,false,,11.90,0.0397,true,1,2962
7290000572819,false,"טחינה גולמית אחווה 1 ק""ג",אחדות ביחר לטחינה חל,IL,"טחינה אחוה 1 ק""ג",פריט,1.00,"ק""ג",false,,18.90,18.9000,true,1,1855
7290000598116,false,"מצות יהודה 1.5 ק""ג חמץ",מצות יהודה,IL,מצות חמץ יהודה 1.5 ק,פריט,1.50,"ק""ג",false,,24.90,16.6000,true,1,1871
7290000598130,false,מצות יהודה 400 ג' חמץ כחול,מצות יהודה,IL,מצות חמץ יהודה 400 ג,גרמים,400.00,100 גרם,false,,15.90,0.0398,true,1,3843
7290000598147,false,קמח מצה חמץ יהודה 50,מצות יהודה,IL,קמח מצה חמץ יהודה 50,גרמים,500.00,100 גרם,false,,6.50,0.0130,true,1,4773
7290000598680,false,"פתי בר 1.8 ק""ג מצות יהודה",מצות יהודה,IL,"פתיבר יהודה 1.8 ק""ג",פריט,1.80,"ק""ג",false,,23.90,13.2778,true,1,1879
7290000598918,false,עוגיות בטעם חמאה יהו,מצות יהודה,IL,עוגיות בטעם חמאה יהו,פריט,1.50,"ק""ג",false,,24.90,16.6000,true,1,1882
7290000630076,false,עוף קפוא מס' 2 עטרה מחיר,עטרה,IL,עוף מס 2 קפוא עטרה,קילוגרמים,1.00,"ק""ג",true,,21.90,21.9000,true,1,1931
7290000631035,false,כבד עוף קפוא עטרה מחיר ל,שונות,IL,כבד עוף קפוא עטרה,קילוגרמים,1.00,"ק""ג",true,,29.90,29.9000,true,1,1940
7290000631226,false,כבד עוף טרי עטרה מחיר לפ,שונות,IL,כבד עוף טרי עטרה,קילוגרמים,1.00,"ק""ג",true,,32.90,32.9000,true,1,1942
7290000631295,false,לבבות עוף טרי עטרה לקג,שונות,IL,לבבות עוף טרי עטרה,קילוגרמים,1.00,"ק""ג",true,,22.90,22.9000,true,1,1944
7290000632209,false,חזה עוף קפוא עטרה מחיר ל,שונות,IL,חזה עוף קפוא עטרה,קילוגרמים,1.00,"ק""ג",true,,28.90,28.9000,true,1,1947
7290000632391,false,כרעיים עוף קפוא עטרה מחי,שונות,IL,כרעיים עוף קפוא עטרה,קילוגרמים,1.00,"ק""ג",true,,29.90,29.9000,true,1,1948
7290000632599,false,ירכיים פטם קפוא עטרה מחי,שונות,IL,ירכיים עוף קפוא עטרה,קילוגרמים,1.00,"ק""ג",true,,29.90,29.9000,true,1,1949
7290000632698,false,שוקיים עוף קפוא עטרה מחי,שונות,IL,שוקיים עוף קפוא עטרה,קילוגרמים,1.00,"ק""ג",true,,28.90,28.9000,true,1,1950
7290000633800,false,כנפיים עוף קפוא עטרה מחי,שונות,IL,כנפיים עוף קפוא עטרה,קילוגרמים,1.00,"ק""ג",true,,11.90,11.9000,true,1,1952
7290000688381,false,שישיית מי עדן פקק ספורט 0.5 ליטר,"מופק ממקור בזלתי עדן ,1",IL,"מים מי עדן 6*500 מ""ל",קילוגרמים,3.00,ליטר,false,,12.90,4.3000,true,1,2114
7290000688503,false,"מים מינרלים פקק ספורט מי עדן 6*750 מ""ל","מופק ממקור בזלתי עדן ,1",IL,מים מי עדן ספורט 6*7,קילוגרמים,4.50,ליטר,false,,13.90,3.0889,true,1,9271
7290000692135,false,ספיד סטיק דאו בסיסי ירוק א.פ פרש פאוור,קולגייט-פלמוליב,TR,דאו ספיד סטיק פאואר,מיליליטרים,51.00,"100 מ""ל",false,,18.90,0.3706,true,1,9569
7290000692203,false,נוזל לניקוי כללי ורצפות בניחוח לימון אג'קס 2 ליטר,הנסיך- מפעל לייצור ט,GR,נוזל אג'קס לימון 2 ל,קילוגרמים,2.00,ליטר,false,,19.90,9.9500,true,1,6650
7290000692210,false,נוזל לניקוי כללי ורצפות בניחוח לבנדר אג'קס 2 ליטר,הנסיך- מפעל לייצור ט,GR,נוזל אג'קס לבנדר 2 ל,קילוגרמים,2.00,ליטר,false,,19.90,9.9500,true,1,6648
7290000692937,false,"קולגייט משחת שיניים אדומה, זוג* 100 מ""ל",קולגייט-פלמוליב,PL,משחת קולגייט מקסימום,גרמים,200.00,100 גרם,false,,15.90,0.0795,true,1,7790
7290000803180,false,מרידול מי פהשטיפה דנטלית 400 מל,קולגייט פלמוליב,CH,"מי פה מרידול 400 מ""ל",מיליליטרים,400.00,"100 מ""ל",false,,24.90,0.0622,true,1,2626
7290000901022,false,פקדון בקבוק/ פחית,,,פקדון בקבוק/ פחית,Unknown,0.00,יחידה,false,,0.30,0.0000,true,1,2852
7290000901046,false,מיחזור אריזה זכוכית,,,מיחזור אריזה,Unknown,0.00,יחידה,false,,0.30,0.0000,true,1,28
7290000901091,false,מיחזור אריזה פלסטיק,,,מיחזור אריזה פלסטיק,Unknown,0.00,יחידה,false,,1.80,0.0000,true,1,2115
7290000901107,false,מיחזור אריזה זכוכית,,,מיחזור אריזה זכוכית,Unknown,0.00,יחידה,false,,1.80,0.0000,true,1,357
7290000901114,false,מיחזור אריזה פחית שי,,,מיחזור אריזה פחית שי,Unknown,0.00,יחידה,false,,1.80,0.0000,true,1,2856
7290000901121,false,צלעות טרי בלי עצם עט,,,צלעות טרי בלי עצם עט,קילוגרמים,1.00,"ק""ג",true,,69.90,69.9000,true,1,3635
7290000901152,false,צלעות כבש טרי עטרה,,,צלעות כבש טרי עטרה,קילוגרמים,1.00,"ק""ג",true,,179.90,179.9000,true,1,3972
7290000902203,false,בשר עגל טחון טרי עטר,,,בשר עגל טחון טרי עטר,קילוגרמים,1.00,"ק""ג",true,,49.90,49.9000,true,1,4271
7290000902241,false,אנטריקוט עגל טרי עטר,,,אנטריקוט עגל טרי עטר,קילוגרמים,1.00,"ק""ג",true,,129.90,129.9000,true,1,4276
7290000902258,false,צלי כתף עגל טרי עטרה,,,צלי כתף עגל טרי עטרה,קילוגרמים,1.00,"ק""ג",true,,99.90,99.9000,true,1,4277
7290000902265,false,פילה מדומה עגל טרי ע,,,פילה מדומה עגל טרי ע,קילוגרמים,1.00,"ק""ג",true,,79.90,79.9000,true,1,4278
7290000902272,false,כתף עגל טרי עטרה,,,כתף עגל טרי עטרה,קילוגרמים,1.00,"ק""ג",true,,79.90,79.9000,true,1,4279
7290000902289,false,אוסובוקו עגל טרי עטר,,,אוסובוקו עגל טרי עטר,קילוגרמים,1.00,"ק""ג",true,,69.90,69.9000,true,1,4280
7290000902296,false,שריר עגל טרי עטרה,,,שריר עגל טרי עטרה,קילוגרמים,1.00,"ק""ג",true,,69.90,69.9000,true,1,4281
7290000902326,false,צוואר עם עצם טרי עטר,,,צוואר עם עצם טרי עטר,קילוגרמים,1.00,"ק""ג",true,,54.90,54.9000,true,1,4286
7290000902357,false,קופון נייר מגבת ניקו,,,אסאדו עם עצם טרי עטר,קילוגרמים,1.00,"ק""ג",true,,74.90,74.9000,true,1,4289
7290000902609,false,מיחזור אריזה בקבוק 1,,,מיחזור אריזה בקבוק 1,Unknown,0.00,יחידה,false,,3.60,0.0000,true,1,4559
7290000902616,false,מיחזור אריזה 4 יח,,,מיחזור אריזה 4 יח,Unknown,0.00,יחידה,false,,1.20,0.0000,true,1,4561
7290000904900,false,מגבת נייר קירקלנד 1,,,מגבת נייר קירקלנד 1,מטרים,24.78,מטר,false,,9.90,0.3995,true,1,9751
7290000909387,false,ניוקי אבאל תפוא 1 קג,Ciemme Alimentari SR,IT,"ניוקי דרומי 1 ק""ג",פריט,1.00,"ק""ג",false,,9.90,9.9000,true,1,22126
7290000916354,false,"ספריבס ע""ע עגל וויל",,,"ספריבס ע""ע עגל וויל",קילוגרמים,1.00,"ק""ג",true,,49.90,49.9000,true,1,30140
7290000961804,false,תבלין עמבה,ברכת קטיף,IL,דלעת,Unknown,0.00,יחידה,false,,8.90,0.0000,true,1,29154
7290000964652,false,קיווי צהוב ייבוא ארו,אראל תוצרת חקלאית בע,IL,קיווי יח,Unknown,0.00,יחידה,false,,14.90,0.0000,true,1,16552
7290000976471,false,גרעיני דלעת קלופים ת,"דין שיווק וקלייה בע""",CN,גרעין דלעת מקולפת במ,קילוגרמים,1.00,"ק""ג",true,,55.00,55.0000,true,1,3294
7290000976785,false,קשיו מסוכר במשקל,"דין שיווק וקלייה בע""",VN,קשיו מסוכר במשקל,קילוגרמים,1.00,"ק""ג",true,,85.00,85.0000,true,1,26144
7290000976846,false,פיסטוק חלבי קלוף תפז,"דין שיווק וקלייה בע""",TR,פיסטוק מקולף,קילוגרמים,1.00,"ק""ג",true,,150.00,150.0000,true,1,4466
7290000977102,false,תערובת פיצוחים מיוחד,דין שיווק,TR,תערובת פיצוחים במשקל,קילוגרמים,1.00,"ק""ג",true,,85.00,85.0000,true,1,3773
7290000978307,false,חמוציות ללא סוכר במש,דין שיווק,US,חמוציות ללא סוכר במש,קילוגרמים,1.00,"ק""ג",true,,69.00,69.0000,true,1,3345
7290000978406,false,אננס רצועות במשקל תפ,דין שיווק,CN,אננס רצועות במשקל תפ,קילוגרמים,1.00,"ק""ג",true,,25.00,25.0000,true,1,3211
7290000978574,false,פרלינים במשקל,דין שיווק,IL,פרלינים במשקל,קילוגרמים,1.00,"ק""ג",true,,75.00,75.0000,true,1,3341
7290000978703,false,סוכריות קשות במשקל,,GB,סוכריות קשות במשקל,קילוגרמים,1.00,"ק""ג",true,,36.00,36.0000,true,1,3256
7290000978734,false,סוכריות גומי במשקל,דין שיווק,IL,סוכריות גומי במשקל,קילוגרמים,1.00,"ק""ג",true,,30.00,30.0000,true,1,3257
7290000978864,false,תבלינים קבוצה 5 שקיל,"דין שיווק וקלייה בע""",CN,תבלינים קבוצה 5,קילוגרמים,1.00,"ק""ג",true,,200.00,200.0000,true,1,3234
7290000989778,false,חמוציות מיובשות בתפז,"דין שיווק וקלייה בע""",US,חמוציות במשקל,קילוגרמים,1.00,"ק""ג",true,,25.00,25.0000,true,1,3343
7290001022153,false,חמאה יורו וילי פוד ב,דותן,IL,חמאה יורו וילי פוד ב,קילוגרמים,1.00,"ק""ג",true,,49.00,49.0000,true,1,64078
7290001041017,false,חוואיג' תימני בצנצנת מיה 50 גרם,מיה תעשיות מזון מ.ת.מ. ב,IL,חוואיג תימני מיה 50,גרמים,50.00,100 גרם,false,,5.80,0.1160,true,1,145
7290001041048,false,תבלין על האש בצנצנת מיה 50 גרם,מיה תעשיות מזון מ.ת.מ. ב,IL,תבלין על האש מיה 50,גרמים,50.00,100 גרם,false,,5.80,0.1160,true,1,148
7290001041260,false,שומשום מיה 400 גרם,מיה תעשיות מזון מ.ת.מ. ב,IL,שומשום מיה 400 גרם,גרמים,400.00,100 גרם,false,,8.90,0.0223,true,1,151
7290001041291,false,לקקן סוכריה על מקל 70יח',מיה תעשיות מזון מ.ת.מ. ב,IL,לקקנים בטעם פירות מי,גרמים,600.00,100 גרם,false,,16.90,0.0282,true,1,153
7290001041482,false,זנגויל בצנצנת מיה 50 גרם,מיה תעשיות מזון מ.ת.מ. ב,IL,זנגוויל מיה 50 גרם,גרמים,50.00,100 גרם,false,,5.80,0.1160,true,1,154
7290001041888,false,פפריקה מתוקה בצנצנת מיה 300 גרם,מיה תעשיות מזון מ.ת.מ. ב,IL,פפריקה מתוקה מיה 300,גרמים,300.00,100 גרם,false,,14.90,0.0497,true,1,159
7290001041895,false,פלפל שחור בצנצנת מיה 300 גרם,מיה תעשיות מזון מ.ת.מ. ב,IL,פלפל שחור מיה 300 גר,גרמים,300.00,100 גרם,false,,27.90,0.0930,true,1,160
7290001072882,false,"שמפו לסירוק קל נובו 700 מ""ל",סאסאטק,IL,שמפו לסירוק קל נובו,מיליליטרים,700.00,"100 מ""ל",false,,5.90,0.0084,true,1,64681
7290001072899,false,"נובו מרכך לסירוק קל 700 מ""ל",סאסאטק,IL,מרכך לסירוק קל נובו,מיליליטרים,700.00,"100 מ""ל",false,,5.90,0.0084,true,1,64682
7290001123041,false,צלי כתף 5 חלק קפוא קג,שונות,XX,בשר מס 5 צלי כתף קפו,קילוגרמים,1.00,"ק""ג",true,,79.90,79.9000,true,1,204
7290001123058,false,פילה מדומה מס6' חלק קפוא,פניסקור בארת,IL,בשר מס 6 פילה מדומה,קילוגרמים,1.00,"ק""ג",true,,39.90,39.9000,true,1,205
7290001123072,false,שריר מס' 8 טאק טורו מחיר,קונספסיון/ פניסקור/,IL,בשר מס 8 שריר קפוא ח,קילוגרמים,1.00,"ק""ג",true,,34.90,34.9000,true,1,206
7290001134146,false,שישליק הודו טרי ארוז,,,שישליק הודו טרי ארוז,קילוגרמים,1.00,"ק""ג",true,,29.90,29.9000,true,1,42241
7290001134153,false,גרונות הודו קפוא כשר,יסכה,IL,גרונות הודו קפוא כשר,קילוגרמים,1.00,"ק""ג",true,,19.90,19.9000,true,1,48340
7290001136287,false,"שמפו לשיער רגיל בבושם פרחים נקה 7 750 מ""ל","אמיליה קוסמטיקס בע""מ",IL,שמפו נקה 7 לשיער רגי,מיליליטרים,750.00,"100 מ""ל",false,,8.70,0.0116,true,1,213
7290001136294,false,"שמפו לשיער יבש בבישום פרחים נקה 7 750 מ""ל","אמיליה קוסמטיקס בע""מ",IL,שמפו נקה 7 לשיער יבש,מיליליטרים,700.00,"100 מ""ל",false,,8.70,0.0124,true,1,214
7290001136362,false,נקה 7 תחליב רחצה אלוורה ארומה ירוק 1 ל',מיוצר בסין.יבוא ושיו,IL,תחליב נקה 7 אלוורה ו,קילוגרמים,1.00,ליטר,false,,12.70,12.7000,true,1,216
7290001136683,false,"מרכך לשיער רגיל בבושם פרחים נקה 7 750 מ""ל","אמיליה קוסמטיקס בע""מ",IL,מרכך נקה 7 לשיער רגי,מיליליטרים,750.00,"100 מ""ל",false,,8.70,0.0116,true,1,218
7290001136799,false,נקה 7 תחליב רחצה ארומה ורוד יסמין 1 ל',מיוצר בסין.יבוא ושיו,IL,תחליב נקה 7 ורד ויסמ,קילוגרמים,1.00,ליטר,false,,12.70,12.7000,true,1,219
7290001136973,false,נקה 7 תחליב רחצה ארומה קמומיל לבן 1 ל',טרופיקל דגיל תעשיות,IL,תחליב נקה 7 קמומיל 1,קילוגרמים,1.00,ליטר,false,,12.70,12.7000,true,1,220
7290001201510,false,תבנית ביצים מדיום 30 יח',לסר,IL,ביצים 30 יח בינוני ל,Unknown,30.00,יחידה,false,,27.80,0.9267,true,1,47169
7290001201602,false,ביצים 18 יח גדול לסר,לסר,IL,ביצים 18 יח גדול לסר,Unknown,18.00,יחידה,false,,18.00,1.0000,true,1,5544
7290001201657,false,ביצים אומגה M/30 בינוני ארוז,לסר,IL,ביצים אומגה 30 יח בי,Unknown,30.00,יחידה,false,,37.90,1.2633,true,1,5546
7290001201671,false,מארז ביצים בינוני 2*,לסר,IL,מארז ביצים בינוני 2*,Unknown,60.00,יחידה,false,,55.50,0.9250,true,1,5545
7290001201824,false,תבנית ביצים 12 יח' לארג' אורגני,מ.לסר,IL,ביצים אורגני 12 יח,Unknown,12.00,יחידה,false,,19.80,1.6500,true,1,50195
7290001201862,false,ביצי חופש לארג' 12 יחידות,מ.לסר,IL,ביצים חופש 12 יח גדו,Unknown,12.00,יחידה,false,,16.90,1.4083,true,1,50190
7290001208403,false,חמצוצים / ליקריץ במש,,ES,חמצוצים / ליקריץ במש,קילוגרמים,1.00,"ק""ג",true,,50.00,50.0000,true,1,3235
7290001209042,false,רוסטביף עגל רשת עטרה לקג,עטרה,IL,רוסטביף מעובד קפוא ע,קילוגרמים,1.00,"ק""ג",true,,56.90,56.9000,true,1,237
7290001209103,false,טחון עוף עטרה 500 גרם,עטרה,IL,עוף טחון עטרה 500 גר,גרמים,500.00,100 גרם,false,,12.90,0.0258,true,1,239
7290001209158,false,שניצל עוף פרוס עטרה קפוא,שונות,IL,שניצל עוף קפוא עטרה,קילוגרמים,1.00,"ק""ג",true,,34.90,34.9000,true,1,240
7290001209189,false,נקניקיות חריפות עטרה 400ג' מהדרין,מעדני הטלה והעגל,IL,נקניקיות חריפות קפוא,גרמים,400.00,100 גרם,false,,9.90,0.0248,true,1,241
7290001209271,false,חזה חצוי טרי ארוז עט,נטו,IL,חזה עוף פרימיום טרי,קילוגרמים,1.00,"ק""ג",true,,34.90,34.9000,true,1,20235
7290001209295,false,פרגיות עוף קפוא עטרה,,IL,פרגיות עוף קפוא עטרה,קילוגרמים,1.00,"ק""ג",true,,64.90,64.9000,true,1,243
7290001209349,false,עוף טרי שלם ארוז עטר,שונות,IL,עוף שלם טרי עטרה,קילוגרמים,1.00,"ק""ג",true,,22.90,22.9000,true,1,244
7290001209356,false,כרעיים עוף טרי ארוז עטרה,שונות,IL,כרעיים עוף טרי עטרה,קילוגרמים,1.00,"ק""ג",true,,34.90,34.9000,true,1,245
7290001209363,false,שניצל עוף טרי ארוז עטרה,שונות,IL,שניצל עוף טרי עטרה,קילוגרמים,1.00,"ק""ג",true,,35.90,35.9000,true,1,246
7290001209370,false,ירכיים עוף טרי ארוז עטרה,שונות,IL,ירכיים עוף טרי עטרה,קילוגרמים,1.00,"ק""ג",true,,32.90,32.9000,true,1,247
7290001209387,false,שוקיים עוף טרי ארוז עטרה,שונות,IL,שוקיים עוף טרי עטרה,קילוגרמים,1.00,"ק""ג",true,,36.90,36.9000,true,1,248
7290001209394,false,כנפיים עוף טרי ארוז עטרה,שונות,IL,כנפיים עוף טרי עטרה,קילוגרמים,1.00,"ק""ג",true,,12.90,12.9000,true,1,249
7290001209516,false,סטייק עין עטרה מעובד עטרה 800 גרם,טיבון ויל אחזקות בעמ,IL,סטייק עין עטרה 800 ג,גרמים,800.00,100 גרם,false,,49.90,0.0624,true,1,252
7290001209547,false,פילה עוף קפוא עטרה,עוף הארץ,IL,פילה עוף קפוא עטרה,קילוגרמים,1.00,"ק""ג",true,,34.90,34.9000,true,1,21517
7290001209585,false,גרון עוף קפוא עטרה במשקל,עוף הארץ,IL,גרונות עוף קפוא עטרה,קילוגרמים,1.00,"ק""ג",true,,5.90,5.9000,true,1,3611
7290001216057,false,"טחינה שומשום טהור אל ארז 1 ק""ג",אגס ירוק מסחר ושירותים,IL,"טחינה אל ארז 1 ק""ג",פריט,1.00,"ק""ג",false,,26.90,26.9000,true,1,36479
7290001216101,false,"טחינה שומשום מלא אל ארז 1 ק""ג",טחינה אל ארז,IL,טחינה מלאה אל ארז 1,פריט,1.00,"ק""ג",false,,28.90,28.9000,true,1,54210
7290001245613,false,מטליות לחות לניקוי כ,סאסאטק,IL,מטליות לחות לניקוי כ,Unknown,0.00,יחידה,false,,14.90,0.0000,true,1,44425
7290001246061,false,מרכך מרוכז פרפיום פנטזי טאצ 1ל',סאסאטק,IL,מרכך מרוכז טאצ' כחול,קילוגרמים,1.00,ליטר,false,,9.90,9.9000,true,1,63479
7290001246078,false,מרכך מרוכז פרפיום סנשואל טאצ' 1 ל',סאסאטק,IL,מרכך מרוכז טאצ' סגול,קילוגרמים,1.00,ליטר,false,,9.90,9.9000,true,1,64588
7290001246498,false,נוזל רצפות מגיק סחלב,סאסאטק,IL,נוזל רצפות מגיק סחלב,קילוגרמים,4.00,ליטר,false,,9.90,2.4750,true,1,5730
7290001246504,false,אקונומיקה מגיק מבושמ,סאסאטק,IL,אקונומיקה מגיק מבושמ,קילוגרמים,4.00,ליטר,false,,7.90,1.9750,true,1,13097
7290001246528,false,מרכך כביסה מרוכז פרפיום מיסטרי טאצ' 1 ל',סאסאטק,IL,מרכך מרוכז טאצ' שחור,קילוגרמים,1.00,ליטר,false,,9.90,9.9000,true,1,63480
7290001247068,false,קרטונית נקטר ספרינג תות בננה 1 ליטר,יפאורה שותפות מובגלת לשיווק,IL,נקטר ספרינג תות בננה,קילוגרמים,1.00,ליטר,false,,6.50,6.5000,true,1,272
7290001247082,false,מיץ עגבניות רכיבים טבעיים ספרינג 1 ליטר,יפאורה שותפות מובגלת לשיווק,IL,נקטר ספרינג עגבניות,קילוגרמים,1.00,ליטר,false,,6.50,6.5000,true,1,273
7290001247099,false,קרטונית נקטר ספרינג מנגו 1 ליטר,יפאורה שותפות מובגלת לשיווק,IL,נקטר ספרינג מנגו 1 ל,קילוגרמים,1.00,ליטר,false,,6.50,6.5000,true,1,274
7290001247105,false,קרטונית נקטר ספרינג אפרסק 1 ליטר,יפאורה שותפות מובגלת לשיווק,IL,נקטר ספרינג אפרסק 1,קילוגרמים,1.00,ליטר,false,,6.50,6.5000,true,1,275
7290001247112,false,קרטונית נקטר ספרינג לימונענע 1 ליטר,יפאורה שותפות מובגלת לשיווק,IL,נקטר ספרינג לימון 1,קילוגרמים,1.00,ליטר,false,,6.50,6.5000,true,1,276
7290001247129,false,נקטר ספרינג תפוזים קרטונית 1 ל',יפאורה שותפות מובגלת לשיווק,IL,נקטר ספרינג תפוז 1 ל,קילוגרמים,1.00,ליטר,false,,6.50,6.5000,true,1,277
7290001247143,false,קרטונית נקטר ספרינג תפוחים 1 ליטר,יפאורה שותפות מובגלת לשיווק,IL,נקטר ספרינג תפוח 1 ל,קילוגרמים,1.00,ליטר,false,,6.50,6.5000,true,1,278
7290001274934,false,"שמיניית גלידל פרי לימון ""פלדמן""",הגלידות של פלדמן,IL,מאגדת גלידל פרי לימו,גרמים,640.00,100 גרם,false,,20.90,0.0327,true,1,51968
7290001274941,false,"שמיניית גלידל פרי פטל ""פלדמן""",הגלידות של פלדמן,IL,מאגדת גלידל פרי פטל,גרמים,640.00,100 גרם,false,,20.90,0.0327,true,1,51969
7290001335895,false,שיפודי כבד עגל ארוז,נתח אדום,IL,שיפודי כבד עגל ארוז,גרמים,500.00,100 גרם,false,,29.90,0.0598,true,1,63517
7290001342183,false,סלמון אפוי על גחלים שקיל,אלדג,IL,סלמון אפוי על גחלים,קילוגרמים,1.00,"ק""ג",true,,230.00,230.0000,true,1,58519
7290001342350,false,מטיאס הולנדי עם בצל 700גר,אלדג,IL,פילה הרינג עם בצל אל,גרמים,700.00,100 גרם,false,,44.90,0.0641,true,1,43086
7290001342565,false,חזרת 380 גר' ללא סוכר אלדג,אלדג,IL,חזרת ללא סוכר אלדג 3,גרמים,300.00,100 גרם,false,,16.90,0.0563,true,1,4724
7290001343845,false,"גרנולה פירות 1 ק""ג - 845 - ורוד שקדיה",הנסיך- מפעל לייצור ט,IL,גרנולה עם פירות יבשי,פריט,1.00,"ק""ג",false,,19.90,19.9000,true,1,304
7290001407936,false,בארכה-טחינה גולמית מעודנת בקבוק לחיץ 310 ג',"רושדי תעשיות מזון בע""\מ",IL,טחינה מעודנת בארכה ל,גרמים,310.00,100 גרם,false,,10.50,0.0339,true,1,23577
7290001476208,false,גבינת ברי פקאן במשקל,מחלבות גד,IL,גבינה ברי פקאן גד במ,קילוגרמים,1.00,"ק""ג",true,,99.00,99.0000,true,1,7305
7290001482094,false,גבינה פרמז'נו משולשים ויליפוד 200ג',זנטי אס. אי לאלין,IT,פרמזנו משולש ויליפוד,גרמים,200.00,100 גרם,false,,17.90,0.0895,true,1,16087
7290001482506,false,וילי פוד חומץ בלסמי בדץ 500מל,וילי פוד,IT,חומץ בלסמי ויליפוד 5,מיליליטרים,500.00,"100 מ""ל",false,,14.90,0.0298,true,1,329
7290001485019,false,גבינת קרם שמנת טבעי 5% טרה 200 גרם,קריות זול,IL,גבינת שמנת טבעי 5% ט,גרמים,200.00,100 גרם,false,,9.90,0.0495,true,1,330
7290001491096,false,תה ירוק בתוספת לימונית ולואיזה 50 שקיקים ויסוצקי,תה ויסוצקי,IL,תה ירוק לימונית לואי,גרמים,75.00,100 גרם,false,,36.90,0.4920,true,1,336
7290001532065,false,טונה מעושנת הרמס במש,"הרמס דגים בע""מ",IL,טונה מעושנת הרמס במש,קילוגרמים,1.00,"ק""ג",true,,109.00,109.0000,true,1,48838
7290001532249,false,מקרל מקרוסקה מעושן ה,"הרמס דגים בע""מ",IL,מקרל מקרוסקה מעושן ה,קילוגרמים,1.00,"ק""ג",true,,109.00,109.0000,true,1,48897
7290001594568,false,"קרלסברג פחית 500 מ""ל פקדון",מבשלות בירה בינלאומיות ב,RO,בירה קרלסברג פחית 5%,מיליליטרים,500.00,"100 מ""ל",false,,9.90,0.0198,true,1,58000
7290001594575,false,"בירה טובורג רד פחית 500 מ""ל",מבשלות בירה בינלאומיות ב,IL,בירה טובורג רד פחית,מיליליטרים,500.00,"100 מ""ל",false,,9.90,0.0198,true,1,58028
7290001594810,false,"בירה שחורה מאלטי בקב' מארז 330X6מ""ל",החברה המרכזית לייצור משקאות,IL,"בירה מאלטי 6*330 מ""ל",קילוגרמים,1.98,ליטר,false,,19.90,10.0505,true,1,34866
7290001594858,false,"שישייה בירה טובורג רד בקבוק 330 מ""ל",מבשלות בירה בינלאומיות ב,IL,מארז בירה טובורג רד,קילוגרמים,1.98,ליטר,false,,29.90,15.1010,true,1,356
7290001594865,false,"שישייה בירה קרלסברג בקבוק 330 מ""ל",מבשלות בירה בינלאומיות ב,IL,מארז בירה קרלסברג 5%,קילוגרמים,1.98,ליטר,false,,29.90,15.1010,true,1,358
7290001648285,false,אבקה להכנת שוקו מוקו,רוני רג'ואן,IL,אבקה להכנת שוקו מוקו,פריט,1.30,"ק""ג",false,,11.90,9.1538,true,1,60148
7290001648643,false,מארז קפה טורקי כתר 100X3 גרם,רוני רג'ואן ושות,IL,מארז קפה טורקי כתר 3,גרמים,300.00,100 גרם,false,,11.90,0.0397,true,1,60147
7290001670514,false,מלית אוכמניות - 400 גרם פוליבה,"פוליבה בע""מ",IL,מלית אוכמניות הנמל 4,גרמים,400.00,100 גרם,false,,9.90,0.0248,true,1,382
7290001670668,false,קרחונית שקיות להכנת קרח הנמל 12 יחידות,"איטיליאן פוד, אס.פי.",TR,שקיות הקפאה לקרח הנמ,Unknown,0.00,יחידה,false,,2.90,0.0000,true,1,384
7290001670859,false,מלית דובדבנים פוליבה 400 ג',קריות זול,IL,מלית דובדבנים הנמל 4,גרמים,400.00,100 גרם,false,,9.90,0.0248,true,1,387
7290001670873,false,"צלחות גדולות לבנות קשיח ח""פ הנמל 66יח'",הנמל אריזות ושיווק ב,IL,צלחות גדולות עבות במ,Unknown,0.00,יחידה,false,,38.90,0.0000,true,1,388
7290001679609,false,מארז עוגיות אוראו 4*,מונדליז,CZ,מארז עוגיות אוראו 4*,גרמים,704.00,100 גרם,false,,24.90,0.0354,true,1,37990
7290001780428,false,גלידיאט שלגון מצופה נסטלה 312 גרם מארז 6 יחידות,גלידות נסטלה )נגה גלידות,IL,שלגוני לייט נסטלה שו,גרמים,312.00,100 גרם,false,,22.90,0.0734,true,1,400
7290001791349,false,פיסגה אקונומיקה ריחנית סנו 4 ליטר,"סנו מפעלי ברונוס בע""מ",IL,אקונומיקה פסגה 4 ליט,קילוגרמים,4.00,ליטר,false,,9.90,2.4750,true,1,401
7290001791356,false,"פרש מבשם אויר אוטומטי בניחוח לבנדר סנו 250 מ""ל",סנו מפעלי ברונוס בעמ,IL,מבשם אויר סנו פרש או,מיליליטרים,250.00,"100 מ""ל",false,,12.90,0.0516,true,1,38704
7290001791776,false,"סנו-די דוחה יתושים רול און עם אלוורה סנו 50 מ""ל",גוד פוד פרודקטס S.p,IL,סנו די רול און אלוור,מיליליטרים,50.00,"100 מ""ל",false,,19.90,0.3980,true,1,3310
7290001813454,false,"עוגיות חיוכים שוקולד עלית 900 גרם מארז 6 יחידות בד""צ",אפיפית נצרת תעשיות ב,IL,עוגיות חיוכים שוקו ע,גרמים,900.00,100 גרם,false,,18.90,0.0210,true,1,410
7290001813478,false,"עוגיות חיוכים וניל עלית 900 גרם מארז 6 יחידות בד""צ",אפיפית נצרת תעשיות ב,IL,עוגיות חיוכים וניל ע,גרמים,900.00,100 גרם,false,,18.90,0.0210,true,1,411
7290001855232,false,שמן למאור מרום הגליל,ירושלים שיווק שמן זית וזיתים,IL,שמן למאור מרום הגליל,קילוגרמים,1.00,ליטר,false,,9.90,9.9000,true,1,8321
7290001867655,false,תפוא לבן פרמיום לאפי,אראל תוצרת חקלאית בע,IL,תפוח אדמה פרימיום,Unknown,0.00,יחידה,false,,17.90,0.0000,true,1,56523
7290001884935,false,כנפיים חצוי עוף קפוא קהילות,קהילות,IL,כנפיים חצוי עוף קפוא,קילוגרמים,1.00,"ק""ג",true,,18.50,18.5000,true,1,64220
7290001901045,false,רולדה גפילטע פיש ירושלמי 600 גר',דג טעים בעמ,IL,רולדה גפילטע פיש ירו,גרמים,600.00,100 גרם,false,,24.90,0.0415,true,1,431
7290001901427,false,רולדה פולני גפילטפיש -הדג המיוחד,דג טעים בעמ,IL,רולדה גפילטע פיש הדג,גרמים,500.00,100 גרם,false,,22.90,0.0458,true,1,4427
7290001901656,false,היימיש פיש הדג המיוחד 7 קציצות 600 גרם,דג טעים בעמ,IL,גפילטע פיש היימיש פי,גרמים,555.00,100 גרם,false,,8.90,0.0160,true,1,24457
7290001901670,false,גפילטע פיש דיאט 4 קציצות בצנצנת הדג המיוחד 670 גרם,דג טעים בעמ,IL,גפילטע פיש קלאסי 4 י,גרמים,510.00,100 גרם,false,,12.90,0.0253,true,1,20772
7290001901724,false,רולדה ווייטפיש דלישס,,IL,רולדה וויט פיש דג דל,גרמים,500.00,100 גרם,false,,22.90,0.0458,true,1,57082
7290001943496,false,כורכומין פוספוליפיד MP30,תרימוורה,IL,כורכומין טרימוורה MP,Unknown,0.00,יחידה,false,,114.90,0.0000,true,1,59103
7290001946121,false,פפריקה מרוקאית מתוקה תבליני ביטון 400 גרם,"דין שיווק וקלייה בע""",IL,פפריקה מרוקאית יוחאי,גרמים,400.00,100 גרם,false,,19.90,0.0497,true,1,5578
7290001970263,false,רחת לוקום במשקל,דין שיווק,IL,רחת לוקום במשקל,קילוגרמים,1.00,"ק""ג",true,,79.00,79.0000,true,1,42706
7290001970492,false,קשיו קלוי על גחלים ב,"דין שיווק וקלייה בע""",CN,קשיו קלוי על גחלים ב,קילוגרמים,1.00,"ק""ג",true,,96.00,96.0000,true,1,31314
7290001970775,false,בוטן קלוי ענק במשקל,דין שיווק,CN,בוטן קלוי ענק במשקל,קילוגרמים,1.00,"ק""ג",true,,35.00,35.0000,true,1,38385
7290001979136,false,פירות קפואים במשקל,,,פירות קפואים במשקל,קילוגרמים,1.00,"ק""ג",true,,24.90,24.9000,true,1,55113
7290002003168,false,קרם ידיים מארז שלישיית פנג'ל 3X80-גרם,אינטרקוסמא 1985 במ,IL,קרם ידיים פנגל 3*80,גרמים,240.00,100 גרם,false,,13.90,0.0579,true,1,4463
7290002007296,false,צמר פלדה הנמל 350 גרם,פלסטו פוליש,IL,צמר פלדה הנמל 350 גר,גרמים,350.00,100 גרם,false,,8.90,0.0254,true,1,468
7290002007357,false,שקיות צליה דליקטס מיקרוגל הנמל 10 יח',הנמל,IL,שקיות לצליה דליקטס 1,Unknown,0.00,יחידה,false,,3.90,0.0000,true,1,470
7290002007487,false,צמר פלדה הנמל 100 גרם,"איטיליאן פוד, אס.פי.",IL,צמר פלדה הנמל 100 גר,Unknown,0.00,יחידה,false,,2.90,0.0000,true,1,471
7290002007500,false,קיסמי שיניים הנמל במבוק 500 יחידות,הנמל אריזות ושיווק בעמ,IL,קיסמי שיניים הנמל 50,Unknown,0.00,יחידה,false,,2.70,0.0000,true,1,472
7290002007623,false,כוסות ליין 50 יחידות,יבוא ושיווק: הנמל אריזות,TR,כוסיות ליין 50 יח,Unknown,0.00,יחידה,false,,3.90,0.0000,true,1,473
7290002007760,false,"פירורי לחם הנמל 1 ק""",הנמל,IL,"פירורי לחם הנמל 1 ק""",פריט,1.00,"ק""ג",false,,9.90,9.9000,true,1,18104
7290002008040,false,שיפודי במבוק הנמל 100 יחידות,"הנמל אריזות ושיווק בע""\מ",IL,שיפודים 100 יח,Unknown,0.00,יחידה,false,,2.50,0.0000,true,1,480
7290002008071,false,גביעי נייר מספר 2 הנמל 1 יחידה,"הנמל אריזות ושיווק בע""\מ",IL,עטרות חום בקופסא מס2,Unknown,0.00,יחידה,false,,3.90,0.0000,true,1,481
7290002008149,false,מדליק פחם מוצק הנמל אריזת 40יח',מ.א.יצור ויבוא מטליו,GB,מדליק פחם מוצק 40 קו,מיליליטרים,300.00,"100 מ""ל",false,,5.90,0.0197,true,1,482
7290002008156,false,גביעי נייר מספר 5 הנמל 1 יחידה,קריות זול,IL,עטרות חום בקופסא מס5,Unknown,0.00,יחידה,false,,4.90,0.0000,true,1,483
7290002008170,false,גביעי נייר מספר 3 הנמל 1 יחידה,הנמל,IL,עטרות מס 3 חום בקופס,Unknown,0.00,יחידה,false,,4.90,0.0000,true,1,484
7290002008309,false,עטרות נייר חום לעוגה מס' 4 הנמל 130יח',"הנמל אריזות ושיווק בע""\מ",IL,עטרות מס 4 חום בקופס,Unknown,0.00,יחידה,false,,4.90,0.0000,true,1,485
7290002008460,false,עטרות חום מספר 1.5 הנמל,"הנמל אריזות ושיווק בע""\מ",IL,עטרות חום מס 1.5 קופ,Unknown,0.00,יחידה,false,,3.30,0.0000,true,1,486
7290002008569,false,מלבין קפה בקופסא הנמל 200 גרם,הנמל אריזות ושיווק ב,IL,מלבין קפה בקופסא,גרמים,200.00,100 גרם,false,,12.90,0.0645,true,1,3032
7290002008903,false,נייר טואלט חתוך עדין ורך הנמל 12 יחידות,הויזהו טאימי פפר,CN,נייר טואלט חתוך הנמל,Unknown,0.00,יחידה,false,,14.90,0.0000,true,1,494
7290002008989,false,קישקשים קשים לשתיה 225יח הנמל,שיווק: הנמל אריזות ושיוו,CN,קישקשים בקופסא 225 י,Unknown,0.00,יחידה,false,,6.90,0.0000,true,1,496
7290002015444,false,זיתים חרוזית א5 בני דרום 1250 גרם,בני דרום,IL,זית חרוזית בני דרום,פריט,1.25,"ק""ג",false,,15.90,12.7200,true,1,531
7290002015451,false,זית מנזלינו בני דרום,בני דרום,IL,זית מנזלינו בני דרום,פריט,1.25,"ק""ג",false,,13.90,11.1200,true,1,532
7290002015475,false,זיתים מנזלינו ירוק א5 בני דרום 1250 גרם,בני דרום,IL,זית מנזלינו בני דרום,פריט,1.25,"ק""ג",false,,13.90,11.1200,true,1,533
7290002015628,false,רצועות פלפל מתוק חומץ540,בני דרום,IL,פלפל אדום בחומץ בני,גרמים,540.00,100 גרם,false,,6.90,0.0128,true,1,538
7290002015765,false,חצילים במלח בני דרום 540גרם,בני דרום,IL,חציל במלח בני דרום 5,גרמים,560.00,100 גרם,false,,5.90,0.0105,true,1,540
7290002015833,false,"זיתים חרוזית ירוק א10 בני דרום 3ק""ג",בני דרום,IL,זית חרוזית בני דרום,פריט,3.00,"ק""ג",false,,29.90,9.9667,true,1,542
7290002024002,false,"שמיר חומוס 3 ק""ג",סלטי שמיר 2006 בעמ,IL,"חומוס שמיר 3 ק""ג",פריט,3.00,"ק""ג",false,,29.90,9.9667,true,1,31132
7290002026341,false,בטטה צ'יפס רגיל אריסטו קראנץ 500 ג',מוצרי איכות אמריקאיים,CA,ציפס בטטה קראנצ 500,גרמים,500.00,100 גרם,false,,15.50,0.0310,true,1,19931
7290002026358,false,צ'יפס אריסטו זיג זג שקיות רשת,מוצרי איכות אמריקאיים,CA,ציפס בטטה זיגזג קראנ,גרמים,500.00,100 גרם,false,,15.50,0.0310,true,1,19930
7290002026365,false,טבעות בצל אריסטו קראנץ' 500 גרם,מוצרי איכות אמריקאיים,BE,טבעות בצל קראנצ 500,גרמים,500.00,100 גרם,false,,8.90,0.0178,true,1,19929
7290002026402,false,בלינצס גבינה בראנץ אנד קראנץ 350 ג',מוצרי איכות אמריקאיים בע,IL,בלינצס גבינה ב.קראנצ,גרמים,350.00,100 גרם,false,,9.90,0.0283,true,1,16301
7290002026440,false,פרצלס בייגלה בראנץ אנד קראנץ 280 ג',מוצרי איכות אמריקאיים בע,IL,פרצל ב.קראנצ 280 גרם,גרמים,280.00,100 גרם,false,,10.90,0.0389,true,1,16299
7290002026587,false,וופל בלגי פרווה בראנץ אנד קראנץ 8 יח',בראנץ' אנד קראנץ Brunch& Crunch,BE,וופל בלגי ב.קראנצ 2,גרמים,280.00,100 גרם,false,,10.90,0.0389,true,1,51056
7290002035138,false,מקרל מעושן בואקום לפי שקילה,אלדג,IL,מקרל שלם אלדג במשקל,קילוגרמים,1.00,"ק""ג",true,,119.00,119.0000,true,1,43091
7290002035169,false,פילה מקרל-מקרוסקה מעושנת בואקום שקיל,אלדג,IL,פילה מקרל מקרוסקה אל,קילוגרמים,1.00,"ק""ג",true,,149.00,149.0000,true,1,43093
7290002035206,false,חזרת בצנצנת אלדג 380גר,אלדג,IL,חזרת אלדג 360 גרם,גרמים,360.00,100 גרם,false,,16.90,0.0469,true,1,546
7290002035312,false,טונה מעושנת פרוסה בואקום שקיל,אלדג,IL,טונה מעושנת אלדג במש,קילוגרמים,1.00,"ק""ג",true,,199.00,199.0000,true,1,43095
7290002035879,false,פילה הרינג כבוש אלדג,אלדג,IL,פילה הרינג כבוש אלדג,גרמים,700.00,100 גרם,false,,44.90,0.0641,true,1,58518
7290002035947,false,מעדן נסיכת הנילוס מעושן פרוס שקיל,אלדג,IL,מעדן נסיכת הנילוס מע,קילוגרמים,1.00,"ק""ג",true,,199.00,199.0000,true,1,58520
7290002037309,false,שמיניית לחמניות המבורגר,מאפית י את א ברמן בע,IL,לחמניות המבורגר ודש,גרמים,400.00,100 גרם,false,,12.90,0.0323,true,1,3798
7290002040064,false,קוסקוס דק הנמל 350 גרם,טרופיקל דגיל תעשיות,IL,קוסקוס דק מזון 350 ג,גרמים,350.00,100 גרם,false,,4.50,0.0129,true,1,549
7290002040071,false,קוסקוס עבה שקית 350 גרם הנמל,"קוסקוס מזון בע""מ",IL,קוסקוס עבה מזון 350,גרמים,350.00,100 גרם,false,,4.50,0.0129,true,1,550
7290002040088,false,קוסקוס מלא הנמל 350 גרם,"קוסקוס מזון בע""מ",IL,קוסקוס מלא מזון 350,גרמים,350.00,100 גרם,false,,6.30,0.0180,true,1,551
7290002040095,false,קוסקוס רגיל מארז 350X3ג' קוסקוס מזון,טרופיקל דגיל תעשיות,IL,מארז קוסקוס מזון 3*3,פריט,1.05,"ק""ג",false,,13.90,13.2381,true,1,3047
7290002044628,false,שומן כבש קפוא עטרה 2,טיבון ויל אחזקות בעמ,IL,שומן כבש קפוא עטרה 2,גרמים,200.00,100 גרם,false,,24.90,0.1245,true,1,5192
7290002065555,false,שישיית לחמנייה הכי רכה בהפסקה אנג'ל 450 גרם,מאפיית שלמה א. אנג'\ל בע,IL,לחמניות רגילות אנגל,גרמים,450.00,100 גרם,false,,7.90,0.0176,true,1,39044
7290002065616,false,לחם שיפון גרעינים פרוס אחדות 750 גרם,מאפיית שלמה א. אנג'\ל בע,IL,לחם שיפון בתוספת גרע,גרמים,750.00,100 גרם,false,,10.90,0.0145,true,1,39023
7290002075035,false,אובלטים מלוחים דקיקים ברט 500 גרם,שוקוטרייד בעמ,IL,אובלטים בשקית 500 גר,גרמים,500.00,100 גרם,false,,16.90,0.0338,true,1,563
7290002077268,false,מיני קציצות דג לבישול 500 גרם קהילות,האי נאם סי או אל.טי.,IL,מיני קציצות דג לבישו,גרמים,500.00,100 גרם,false,,18.90,0.0378,true,1,8178
7290002077725,false,סלומון נורווגי מצונן דלידג 100ג',וי קינג V King,IL,סלמון מעושן ויקינג 1,גרמים,100.00,100 גרם,false,,16.90,0.1690,true,1,7146
7290002107071,false,גבינת פטה עיזים מעודנת 16% משק צוריאל 200 גרם,מחלבת משק צוריאל,IL,גבינת בולגרית עיזים,גרמים,200.00,100 גרם,false,,22.90,0.1145,true,1,3531
7290002107385,false,גליל גבינת עיזים מה עז משק צוריאל 180 גרם,מחלבת משק צוריאל,IL,גבינה מה עז 20% צורי,גרמים,180.00,100 גרם,false,,19.90,0.1106,true,1,3532
7290002107491,false,גבינה לבנה מחלב עיזים למריחה 5% משק צוריאל 250 גרם,מחלבת משק צוריאל,IL,גבינת עיזים 5% למריח,גרמים,250.00,100 גרם,false,,13.90,0.0556,true,1,572
7290002107798,false,גבינה בולגרית מעודנת 5% משק צוריאל 250 גרם,מחלבת משק צוריאל,IL,גבינה בולגרית מעודנת,גרמים,250.00,100 גרם,false,,19.90,0.0796,true,1,573
7290002107965,false,טבורוג גבינה לאפייה 5% צוריאל 500 ג',מחלבת משק צוריאל,IL,גבינה טבורוג 5% צורי,גרמים,500.00,100 גרם,false,,19.90,0.0398,true,1,574
7290002109037,false,טחון עוף נתח בקר 500,טיבון ויל,IL,טחון עוף נתח בקר 500,גרמים,500.00,100 גרם,false,,8.90,0.0178,true,1,6804
7290002109044,false,הודו טחון נתח בקר 50,טיבון ויל,IL,הודו טחון נתח בקר 50,,500.00,,false,,8.90,0.0178,true,1,6803
7290002109051,false,בקר טחון נתח בקר 500,טיבון ויל,IL,בקר טחון נתח בקר 500,,500.00,,false,,10.90,0.0218,true,1,6805
7290002111085,false,"רוטב עגבניות 22% ""פרי מבורך"" 100 גרם","זנלכל בע""\מ",IL,רוטב עגבניות מרוכז מ,גרמים,100.00,100 גרם,false,,2.20,0.0220,true,1,575
7290002111122,false,רסק תפוחי עץ בתוספת סוכר פרי מבורך 560 ג,"זנלכל בע""\מ",IL,"רסק תפו""ע בתוספת סוכ",גרמים,560.00,100 גרם,false,,8.90,0.0159,true,1,576
7290002111139,false,רסק תפוחי עץ טבעי בלי תוספת סוכר פרי מבו,"זנלכל בע""\מ",IL,"רסק תפו""ע ללא תוספת",גרמים,560.00,100 גרם,false,,8.90,0.0159,true,1,577
7290002111214,false,גרעיני תירס לייט A2 פרי מבורך 550 גר',"זנלכל בע""\מ",IL,תירס גרעינים לייט מב,גרמים,550.00,100 גרם,false,,8.90,0.0162,true,1,578
7290002111313,false,עגבניות קוביות A2.5 פרי מבורך 800ג' בדצ,פרי מבורך,IL,עגבניות קוביות מבורך,גרמים,800.00,100 גרם,false,,9.90,0.0124,true,1,579
7290002111337,false,"רוטב עגבניות 22% ""פרי מבורך"" 240 גרם","זנלכל בע""\מ",IL,רוטב עגבניות מרוכז מ,גרמים,240.00,100 גרם,false,,3.90,0.0162,true,1,580
7290002111474,false,אפונה גדולה A2 פרי מבורך 600ג',"זנלכל בע""\מ",IL,אפונה גדולה מבורך 55,גרמים,550.00,100 גרם,false,,6.90,0.0125,true,1,581
7290002111511,false,אפונת גינה וגזר פרי מבורך 550 גרם,"זנלכל בע""\מ",IL,אפונה וגזר מבורך 550,גרמים,550.00,100 גרם,false,,6.90,0.0125,true,1,583
7290002111634,false,חומוס שלם פרי מבורך 290 גרם,"זנלכל בע""\מ",IL,חומוס שלם מבורך 550,גרמים,550.00,100 גרם,false,,5.90,0.0107,true,1,584
7290002111665,false,עגבניות תרכיז 28% A2 פרי מבורך 600ג',"זנלכל בע""\מ",IL,רוטב עגבניות 28% מבו,גרמים,600.00,100 גרם,false,,9.90,0.0165,true,1,585
7290002111672,false,"רסק עגבניות A2 22% פרי מבורך 570ג' בד""צ","זנלכל בע""\מ",IL,רוטב עגבניות 22% מבו,גרמים,570.00,100 גרם,false,,7.90,0.0139,true,1,586
7290002111696,false,עגבניות מרוסקות פרי מבורך 800 גרם,פרי מבורך,IL,עגבניות מרוסקות מבור,גרמים,800.00,100 גרם,false,,9.90,0.0124,true,1,588
7290002111764,false,שעועית לבנה ברוטב עגבניות פרי מבורך 580,"זנלכל בע""\מ",IL,שעועית לבנה ברוטב מב,גרמים,560.00,100 גרם,false,,6.90,0.0123,true,1,590
7290002111818,false,גרעיני תירס מתוק ואקום פרי מבורך 400ג',"זנלכל בע""\מ",IL,תירס גרעינים מבורך 4,גרמים,400.00,100 גרם,false,,5.90,0.0148,true,1,591
7290002111825,false,גרעיני תירס מתוק 550 גרם פרי מבורך,"זנלכל בע""\מ",IL,תירס גרעינים מבורך 5,גרמים,550.00,100 גרם,false,,6.90,0.0125,true,1,592
7290002111948,false,"שעועית ירוקה חתוכה""פרי מבורך"" 550 גרם","זנלכל בע""\מ",IL,שעועית ירוקה מבורך 5,גרמים,550.00,100 גרם,false,,9.90,0.0180,true,1,594
7290002118435,false,צמרוני כותנה ביוטי הנמל 300 יחידות,ספה,TR,צמרוני אוזניים ביוטי,Unknown,0.00,יחידה,false,,4.90,0.0000,true,1,3048
7290002129493,false,מארז פיצה איטלקית דק,,,מארז פיצה איטלקית דק,גרמים,960.00,100 גרם,false,,29.90,0.0311,true,1,27703
7290002131748,false,קשתית בקר עטרה שקיל,,FR,בשר מס 9 קשתית קפוא,קילוגרמים,1.00,"ק""ג",true,,39.90,39.9000,true,1,5058
7290002132011,false,עוגיות מזרחיות מלוחות עבאדי 400 גרם,מאפיית יוסף ושמחה עבאדי,IL,עוגיות מזרחיות עבאדי,גרמים,400.00,100 גרם,false,,15.80,0.0395,true,1,33568
7290002133506,false,יוגורט של פעם חלב עיזים 4% גבינות השומרון 400 גרם,מחלבת השומרון,IL,יוגורט עיזים שומרון,גרמים,400.00,100 גרם,false,,9.90,0.0248,true,1,6879
7290002133551,false,גבינת לאבנה עם שמן זית וזעתר 5% השומרון 500 גרם,מחלבת השומרון,IL,לאבנה עם שמן זית וזע,גרמים,500.00,100 גרם,false,,14.90,0.0298,true,1,6881
7290002133889,false,גבינה בולגרית מעודנת 5% 250 גרם,מחלבת השומרון,IL,גבינה בולגרית מעודנת,גרמים,250.00,100 גרם,false,,15.90,0.0636,true,1,6874
7290002157427,false,סינטה בקר טרי עטרה,,,סינטה בקר טרי עטרה,קילוגרמים,1.00,"ק""ג",true,,79.90,79.9000,true,1,22160
7290002157953,false,מארז נתחי טונה בהירה בשמן קנולה - 4 יחידות,דיאמנט פוד פרודקט,IL,טונה בשמן קנולה וילי,גרמים,560.00,100 גרם,false,,19.90,0.0355,true,1,22897
7290002157960,false,רביעיית טונה במים ויליגר 140 גרם,ויליגר,IL,טונה במים ויליגר 4*1,גרמים,560.00,100 גרם,false,,19.90,0.0355,true,1,21717
7290002206682,false,שניצל פרמיום טרי ארוז קהילות,נטו,IL,שניצל עוף פרימיום טר,קילוגרמים,1.00,"ק""ג",true,,49.90,49.9000,true,1,19762
7290002206729,false,עצמות מח קפוא קהילות,זבישקו,PL,עצמות מח קפוא קהילות,קילוגרמים,1.00,"ק""ג",true,,44.90,44.9000,true,1,13248
7290002253006,false,שום כתוש דורות בצנצנת 200 גרם,עיצובים 2020 (3.8),IL,שום כתוש דורות 200 ג,גרמים,200.00,100 גרם,false,,15.90,0.0795,true,1,625
7290002253013,false,ראשום שום כתוש דורות,מוצרי שום ותיבול דורות,IL,שום כתוש דורות 400 ג,גרמים,400.00,100 גרם,false,,19.90,0.0497,true,1,48803
7290002253105,false,קוביות שום כתוש טרי דורות 80 גרם,עיצובים 2020 (3.8),IL,שום קוביות דורות 80,גרמים,80.00,100 גרם,false,,9.90,0.1238,true,1,627
7290002253150,false,קוביות בזיליקום קצוץ דורות 70 גרם,עיצובים 2020 (3.8),IL,בזיליקום קצוץ דורות,גרמים,70.00,100 גרם,false,,9.50,0.1357,true,1,628
7290002253167,false,פטרוזיליה קצוצה דורות 70 גרם,עיצובים 2020 (3.8),IL,פטרוזיליה קצוצה דורו,גרמים,70.00,100 גרם,false,,9.50,0.1357,true,1,629
7290002253181,false,קוביות כוסברה קצוצה דורות 70 גרם,עיצובים 2020 (3.8),IL,כוסברה קצוצה דורות 7,גרמים,70.00,100 גרם,false,,9.50,0.1357,true,1,631
7290002253198,false,ג'ינג'ר טרי כתוש במגשית 70 ג' דורות,עיצובים 2020 (3.8),IL,גינגר כתוש דורות 70,גרמים,70.00,100 גרם,false,,9.50,0.1357,true,1,632
7290002253235,false,דורות רוטב פסטו 160 גרם,עיצובים 2020 (3.8),IL,רוטב פסטו דורות 160,גרמים,160.00,100 גרם,false,,10.90,0.0681,true,1,48128
7290002255031,false,סיגרים במילוי בשר חט,חטיפי אלקיים בעמ,IL,סיגרים במילוי בשר אל,גרמים,800.00,100 גרם,false,,21.90,0.0274,true,1,4240
7290002255055,false,פלאפל חטיפי אלקיים 7,חטיפי אלקיים בעמ,IL,פלאפל אלקיים 700 גרם,גרמים,700.00,100 גרם,false,,13.90,0.0199,true,1,4248
7290002255086,false,קובה ביתי במילוי בשר,חטיפי אלקיים בעמ,IL,קובה ביתית אלקיים 70,גרמים,700.00,100 גרם,false,,21.90,0.0313,true,1,4245
7290002255116,false,קרפלך במילוי בשר חטי,חטיפי אלקיים בעמ,IL,קרפלך בשר אלקיים 800,גרמים,800.00,100 גרם,false,,21.90,0.0274,true,1,4251
7290002255185,false,סמבוסק חומוס אלקיים,חטיפי אלקיים בעמ,IL,סמבוסק חומוס אלקיים,גרמים,600.00,100 גרם,false,,21.90,0.0365,true,1,4252
7290002255215,false,"עלי סיגר מרובע בד""צ",חטיפי אלקיים בעמ,IL,עלי סיגר אלקיים 500,גרמים,500.00,100 גרם,false,,7.90,0.0158,true,1,4249
7290002255284,false,"קובה חמוסטה בד""צ חטי",חטיפי אלקיים בעמ,IL,קובה חמוסטה אלקיים 8,גרמים,800.00,100 גרם,false,,21.90,0.0274,true,1,4247
7290002255475,false,פסטלים במילוי בשר בד,חטיפי אלקיים בעמ,IL,פסטלים בשר אלקיים 80,גרמים,800.00,100 גרם,false,,21.90,0.0274,true,1,4242
7290002281405,false,זוג סלט סלמון מעושן פיקנטי ויליגר 2*160 גרם,"ויליגר תעשיות בע""\מ",IL,סלט סלמון מעושן וילי,גרמים,320.00,100 גרם,false,,9.90,0.0309,true,1,47497
7290002281436,false,סטייק דג טונה בהירה קפוא ללא עור,בין דין פישרי ויאטנם,VN,סטייק טונה בהירה דלי,קילוגרמים,1.00,"ק""ג",true,,44.90,44.9000,true,1,44381
7290002281443,false,סטייק דג טונה עם עור קג,בון צון פישארי,VN,סטייק טונה דלידג,קילוגרמים,1.00,"ק""ג",true,,39.90,39.9000,true,1,43275
7290002281474,false,חמישיית פיצות שלושת האופים,שלושת האופים,IL,מארז פיצה דקה טעם מה,פריט,2.00,"ק""ג",false,,49.90,24.9500,true,1,45679
7290002281498,false,גבינה צהובה מגורדת על בסיס חלב 500 ג' ריץ,האי נאם סי או אל.טי.,PL,צהובה מגורדת ריצ 500,גרמים,500.00,100 גרם,false,,17.90,0.0358,true,1,43314
7290002281955,false,פ.מדומה מס6' חלק קפוא קג,פניסקור בארת,AR,בשר מס 6 פילה מדומה,קילוגרמים,1.00,"ק""ג",true,,39.90,39.9000,true,1,52633
7290002285069,false,קבב חריף אש עטרה 500 גרם,טיבון ויל אחזקות בעמ,IL,קבב חריף אש עטרה 500,גרמים,500.00,100 גרם,false,,14.90,0.0298,true,1,4079
7290002285816,false,שניצל פרימ' טרי אר' עטרה,נטו,IL,שניצל עוף פרימיום טר,קילוגרמים,1.00,"ק""ג",true,,44.90,44.9000,true,1,19763
7290002285830,false,פילה עוף טרי עטרה,,,פילה עוף טרי עטרה,קילוגרמים,1.00,"ק""ג",true,,38.90,38.9000,true,1,6503
7290002292142,false,קבב אנגוס עטרה 700 גר',טיבון ויל,IL,קבב אנגוס עטרה 700 ג,גרמים,700.00,100 גרם,false,,29.90,0.0427,true,1,60510
7290002292159,false,בורגר אנגוס עטרה 700 גר',טיבון ויל,IL,המבורגר אנגוס עטרה 7,גרמים,700.00,100 גרם,false,,29.90,0.0427,true,1,60511
7290002292166,false,קבבוני טלה עטרה 700 גר',טיבון ויל,IL,קבבוני טלה עטרה 700,גרמים,700.00,100 גרם,false,,29.90,0.0427,true,1,60512
7290002292173,false,שיפודי קבב עטרה 700 גר',טיבון ויל,IL,שיפודי קבב עטרה 700,גרמים,700.00,100 גרם,false,,29.90,0.0427,true,1,60513
7290002292203,false,פילה עוף פרימיום טרי,,,פילה עוף פרימיום טרי,קילוגרמים,1.00,"ק""ג",true,,44.90,44.9000,true,1,60520
7290002292210,false,שניצל פרימיום טרי מה,,,שניצל פרימיום טרי מה,קילוגרמים,1.00,"ק""ג",true,,49.90,49.9000,true,1,60521
7290002292227,false,כנפיים עוף פרימיום ח,,,כנפיים עוף פרימיום ח,קילוגרמים,1.00,"ק""ג",true,,17.90,17.9000,true,1,60522
7290002292234,false,שוקיים עוף פרימיום ב,,,שוקיים עוף פרימיום ב,קילוגרמים,1.00,"ק""ג",true,,39.90,39.9000,true,1,60523
7290002292265,false,"פרגית לתנור ע""ע טרי",,,"פרגית לתנור ע""ע טרי",קילוגרמים,1.00,"ק""ג",true,,44.90,44.9000,true,1,60654
7290002292289,false,"פרגית לתנור ע""ע טרי",,,"פרגית לתנור ע""ע טרי",קילוגרמים,1.00,"ק""ג",true,,48.90,48.9000,true,1,61340
7290002292548,false,כבד צלוי טרי לנדא ארוז,,IL,כבד עוף צלוי טרי לנד,גרמים,200.00,100 גרם,false,,29.90,0.1495,true,1,61613
7290002292982,false,מרגז אמיתי עטרה 700,טיבון ויל,IL,מרגז אמיתי עטרה 700,גרמים,700.00,100 גרם,false,,29.90,0.0427,true,1,63737
7290002292999,false,נקניקיות פיקנטיות 400 גר' קהילות,מעדני הטלה והעגל,IL,נקניקיות עוף פיקנטיו,גרמים,400.00,100 גרם,false,,11.90,0.0298,true,1,63562
7290002296003,false,"נקניקיות קראנץ 1 ק""ג עטרה",עטרה,IL,נקניקיות עוף קראנץ',פריט,1.00,"ק""ג",false,,23.90,23.9000,true,1,63820
7290002296034,false,פילה עוף טרי עוף הכפ,,,פילה עוף טרי עוף הכפ,קילוגרמים,1.00,"ק""ג",true,,38.90,38.9000,true,1,63262
7290002296447,false,פרגית עוף דק דק משק,,,פרגית עוף דק דק משק,קילוגרמים,1.00,"ק""ג",true,,69.90,69.9000,true,1,65579
7290002319016,false,אבקת אפיה עשיריות מיה 100 גרם,מיה תעשיות מזון מ.ת.מ. ב,IL,אבקת אפיה מיה 10 יח,גרמים,100.00,100 גרם,false,,1.90,0.0190,true,1,650
7290002319146,false,שעועית אדומה מיה 500 גרם,מיה תעשיות מזון מ.ת.מ. ב,IL,שעועית אדומה מיה 500,גרמים,500.00,100 גרם,false,,9.90,0.0198,true,1,653
7290002319405,false,תבלין קינמון בקופסא 80 גר' מיה,מיה תעשיות מזון מ.ת.מ. ב,IL,קינמון מיה 80 גרם,גרמים,80.00,100 גרם,false,,5.80,0.0725,true,1,657
7290002319412,false,פפריקה חריפה בצנצנת מיה 80 גרם,מיה תעשיות מזון מ.ת.מ. ב,IL,פפריקה חריפה מיה 80,גרמים,80.00,100 גרם,false,,5.80,0.0725,true,1,658
7290002319429,false,פפריקה מתוקה בצנצנת מיה 80 גרם,מיה תעשיות מזון מ.ת.מ. ב,IL,פפריקה מתוקה מיה 80,גרמים,80.00,100 גרם,false,,5.80,0.0725,true,1,659
7290002319436,false,פלפל שחור טחון בצנצנת מיה 70 גרם,מיה תעשיות מזון מ.ת.מ. ב,IL,פלפל שחור מיה 70 גרם,גרמים,70.00,100 גרם,false,,8.90,0.1271,true,1,660
7290002319443,false,כמון בצנצנת מיה 80 גרם,מיה תעשיות מזון מ.ת.מ. ב,IL,כמון מיה 80 גרם,גרמים,80.00,100 גרם,false,,5.80,0.0725,true,1,661
7290002319450,false,תבלין כרכום צנצנת 80 גר' מיה,מיה תעשיות מזון מ.ת.מ. ב,IL,כורכום מיה 80 גרם,גרמים,80.00,100 גרם,false,,5.80,0.0725,true,1,662
7290002319474,false,תבלין אבקת שום מיכל 80 ג' מיה,מיה תעשיות מזון מ.ת.מ. ב,IL,אבקת שום מיה 80 גרם,גרמים,80.00,100 גרם,false,,7.90,0.0988,true,1,664
7290002319580,false,מלח לימון בצנצנת מיה 150 גרם,מיה תעשיות מזון מ.ת.מ. ב,IL,מלח לימון מיה 100 גר,גרמים,100.00,100 גרם,false,,5.80,0.0580,true,1,665
7290002319597,false,תבלין כוסברה ירוקה בשקית 80 גר' מיה,מיה תעשיות מזון מ.ת.מ. ב,IL,כוסברה מיה 80 גרם,גרמים,80.00,100 גרם,false,,5.80,0.0725,true,1,666
7290002319641,false,תבלין גריל עוף צנצנת 80 גר' מיה,מיה תעשיות מזון מ.ת.מ. ב,IL,גריל עוף מיה 80 גרם,גרמים,80.00,100 גרם,false,,5.80,0.0725,true,1,671
7290002319658,false,תבלין לסטייק בצנצנת מיה 80 גרם,מיה תעשיות מזון מ.ת.מ. ב,IL,תבלין לסטייק מיה 80,גרמים,80.00,100 גרם,false,,5.80,0.0725,true,1,672
7290002319689,false,סודה לשתייה בקופסא 150 גר' מיה,מיה תעשיות מזון מ.ת.מ. ב,IL,סודה לשתיה מיה 150 ג,גרמים,150.00,100 גרם,false,,5.80,0.0387,true,1,673
7290002319696,false,פלפל לבן בצנצנת מיה 70 גרם,מיה תעשיות מזון מ.ת.מ. ב,IL,פלפל לבן מיה 70 גרם,גרמים,70.00,100 גרם,false,,10.90,0.1557,true,1,674
7290002319702,false,ציפורן שלם בצנצנת מיה 40 גרם,מיה תעשיות מזון מ.ת.מ. ב,IL,ציפורן שלם מיה 40 גר,גרמים,40.00,100 גרם,false,,8.90,0.2225,true,1,675
7290002327042,false,"בורקס תפו""א 800 גר' שלושת האופים קהילות",שלושת האופים,IL,בורקס תפוא ש.האופים,גרמים,800.00,100 גרם,false,,16.90,0.0211,true,1,697
7290002327059,false,"בצק עלים 1 ק""ג שלושת האופים קהילות",שלושת האופים,IL,בצק עלים ש.האופים 1,פריט,1.00,"ק""ג",false,,16.90,16.9000,true,1,698
7290002327066,false,קונכיות בצק למילוי 625 גרם שלושת האופים,שלושת האופים,IL,קונכיות בצק למילוי ש,גרמים,625.00,100 גרם,false,,16.90,0.0270,true,1,699
7290002327073,false,בורקס גבינה 800 גר' שלושת האופים קהילות,שלושת האופים,IL,בורקס גבינה ש.האופים,גרמים,800.00,100 גרם,false,,16.90,0.0211,true,1,700
7290002331360,false,"נביעות מים מינרליים טו גו מארז 500X6מ""ל",נביעות טבע,IL,מים נביעות טו גו 6*5,קילוגרמים,3.00,ליטר,false,,14.70,4.9000,true,1,20454
7290002345299,false,פילה סלמון טרי דלידג,,,פילה סלמון טרי דלידג,קילוגרמים,1.00,"ק""ג",true,,74.90,74.9000,true,1,31966
7290002360124,false,חליטת צמחים ורד הבר והיביסקוס פומפדור 20 יחידות,TEEKANNE- POMPADOU,DE,חליטת צמחים פומפדור,גרמים,70.00,100 גרם,false,,11.90,0.1700,true,1,10911
7290002360155,false,חליטת תה פרחי שומר פומפדור 20 שקיקים,TEEKANNE- POMPADOU,DE,חליטת צמחים פומפדור,גרמים,40.00,100 גרם,false,,11.90,0.2975,true,1,10915
7290002360278,false,חליטת צמחים פומפדור מנטה 20 יחידות,"איטיליאן פוד, אס.פי.",DE,חליטת צמחים פומפדור,גרמים,45.00,100 גרם,false,,11.90,0.2644,true,1,10912
7290002360285,false,חליטת צמחים פומפדור קמומיל 20 יחידות,TEEKANNE- POMPADOU,DE,חליטת צמחים פומפדור,גרמים,30.00,100 גרם,false,,11.90,0.3967,true,1,10914
7290002371540,false,דקניקים קורנדביף ללא גלוטן טירת צבי 120 גרם,הנסיך- מפעל לייצור ט,IL,קורנדביף טירת צבי 12,גרמים,120.00,100 גרם,false,,12.90,0.1075,true,1,13172
7290002381808,false,נר נשמה שלהבת 24 שעות,,IL,נר נשמה בפח 24 שעות,Unknown,0.00,יחידה,false,,1.20,0.0000,true,1,3078
7290002385738,false,גבינת מנצ'גו משולשים גד,מחלבות גד,IL,גבינה מנצגו גד במשקל,קילוגרמים,1.00,"ק""ג",true,,99.00,99.0000,true,1,6930
7290002385745,false,גבינת פיקורינו משולשים גד,מחלבות גד,IL,גבינה פקורינו גד במש,קילוגרמים,1.00,"ק""ג",true,,99.00,99.0000,true,1,6931
7290002386834,false,קהילות נקניקיות עוף קפואות 400גר,מעדני הטלה והעגל,IL,נקניקיות עוף קפוא קה,גרמים,400.00,100 גרם,false,,11.90,0.0298,true,1,5543
7290002405757,false,קרקר חיטה מלאה פת בוקר1ק,מצות כרמל,IL,פת בוקר חיטה מלאה 1,פריט,1.00,"ק""ג",false,,19.90,19.9000,true,1,5067
7290002505013,false,כרעיים עוף קהילות מחיר ל,קהילות,IL,כרעיים עוף קפוא קהיל,קילוגרמים,1.00,"ק""ג",true,,37.90,37.9000,true,1,5145
7290002505037,false,ירכיים עוף קהילות מחיר ל,,IL,ירכיים עוף קפוא קהיל,קילוגרמים,1.00,"ק""ג",true,,37.90,37.9000,true,1,5147
7290002505044,false,חזה עוף קהילות מחיר לפי,קהילות,IL,חזה עוף קפוא קהילות,קילוגרמים,1.00,"ק""ג",true,,41.90,41.9000,true,1,5148
7290002505051,false,כנפיים עוף קהילות קפוא מ,קהילות,IL,כנפיים עוף קפוא קהיל,קילוגרמים,1.00,"ק""ג",true,,18.50,18.5000,true,1,5149
7290002505068,false,שניצל עוף פרוס קהילות מח,,,שניצל עוף קפוא קהילו,קילוגרמים,1.00,"ק""ג",true,,43.50,43.5000,true,1,5150
7290002505075,false,גרונות עוף קפוא קהיל,,,גרונות עוף קפוא קהיל,קילוגרמים,1.00,"ק""ג",true,,9.90,9.9000,true,1,5151
7290002505105,false,עוף טרי ארוז קהילות משקל,נטו,IL,עוף שלם טרי קהילות,קילוגרמים,1.00,"ק""ג",true,,25.90,25.9000,true,1,5166
7290002505112,false,שוקיים עוף ארוז קהילות,שונות,IL,שוקיים עוף טרי קהילו,קילוגרמים,1.00,"ק""ג",true,,39.90,39.9000,true,1,5167
7290002505136,false,כנפיים עוף ארוז קהילות,שונות,IL,כנפיים עוף טרי קהילו,קילוגרמים,1.00,"ק""ג",true,,18.90,18.9000,true,1,5169
7290002505198,false,פרגיות עוף קהילות קפוא מ,הוד חפר,IL,פרגיות עוף קפוא קהיל,קילוגרמים,1.00,"ק""ג",true,,69.90,69.9000,true,1,5154
7290002505297,false,עוף מס2' קהילות קפוא מחי,קהילות,IL,עוף מס 2 קפוא קהילות,קילוגרמים,1.00,"ק""ג",true,,25.90,25.9000,true,1,5143
7290002505433,false,כבד עוף צלוי טרי ארוז 200 גר קהילות,שונות,IL,כבד עוף צלוי טרי קהי,גרמים,200.00,100 גרם,false,,28.90,0.1445,true,1,5294
7290002505464,false,כרעיים עוף טרי ארוז קהילות,שונות,IL,כרעיים עוף טרי קהילו,קילוגרמים,1.00,"ק""ג",true,,36.90,36.9000,true,1,5177
7290002507451,false,קציצות דג סלמון דלידג 750 גר',דלידג בעמ,IL,קציצות דג סלמון לביש,גרמים,750.00,100 גרם,false,,24.90,0.0332,true,1,28515
7290002512011,false,צנעני גחנון 900 גרם,צנעני מוצרי בצק,IL,גחנון צנעני 900 גרם,גרמים,900.00,100 גרם,false,,19.90,0.0221,true,1,6372
7290002512509,false,מלוואח אלפא 700 גרם,,,מלוואח אלפא 700 גרם,גרמים,700.00,100 גרם,false,,5.90,0.0084,true,1,25825
7290002512547,false,צנעני בצק עלים אלפא,צנעני,IL,בצק עלים אלפא 750 גר,גרמים,750.00,100 גרם,false,,5.90,0.0079,true,1,55059
7290002512554,false,גחנון אלפא 700 גרם,,,גחנון אלפא 700 גרם,גרמים,700.00,100 גרם,false,,5.90,0.0084,true,1,25826
7290002538110,false,קרמבו-ימבו 32 יח,גלידות קולרדו,IL,קרמבו 32 יח',Unknown,0.00,יחידה,false,,26.90,0.0000,true,1,58931
7290002538158,false,גלידה חמה גביע וופל במילוי קרם 15 יחידות,גלידות קולרדו,IL,גלידה חמה 15 יח',גרמים,225.00,100 גרם,false,,16.90,0.0751,true,1,30144
7290002538899,false,קרמבו קרמבולי 12 יחידות,גלידות קולרדו,IL,קרמבו 12 יח',גרמים,300.00,100 גרם,false,,7.90,0.0263,true,1,30143
7290002542780,false,"שישייה בירה סטלה ארטואה בקבוק 330X6 מ""ל","אינבב, ברוורייפליין",BE,מארז בירה סטלה 5% 6*,קילוגרמים,1.98,ליטר,false,,34.90,17.6263,true,1,59223
7290002542841,false,"שישייה בירה לף בלונד בקבוק 330X6 מ""ל","אינבב, ברוורייפליין",BE,מארז בירה לף בלונד 6,קילוגרמים,1.98,ליטר,false,,49.90,25.2020,true,1,54809
7290002542865,false,"שישייה בירה הוגרדן בקבוק 330X6 מ""ל","אינבב, ברוורייפליין",BE,מארז בירה הוגרדן 4.9,קילוגרמים,1.98,ליטר,false,,49.90,25.2020,true,1,54810
7290002552260,false,"קרחון טעם משמש לל""ס ריאו מארז 90X8ג'","ביח""\ר לגלידה וממתקים בע",IL,קרחוני לייט בטעמי פי,גרמים,720.00,100 גרם,false,,14.50,0.0201,true,1,776
7290002552314,false,מאגדת שלגונים הקוסם 4 *85 ג' ריאו,"גלידות ריאו ביח""ר לג",IL,שלגונים רביעיות הקוס,גרמים,300.00,100 גרם,false,,17.90,0.0597,true,1,41839
7290002552345,false,מאגדת שלגונים גלי גל פרווה 8 יח' ריאו,"גלידות ריאו ביח""ר לג",IL,שלגוני גלי גל 8 יח',גרמים,600.00,100 גרם,false,,12.90,0.0215,true,1,777
7290002552499,false,מאגדת שלגוני שרבט פרווה תות מנגו 8 יח' ריאו,"גלידות ריאו ביח""ר לג",IL,קרחוני ריאו פרי מנגו,גרמים,720.00,100 גרם,false,,14.50,0.0201,true,1,779
7290002552772,false,עשיריית קרחונים טעמים שונים ריאו 90 גרם,"גלידות ריאו ביח""ר לג",IL,קרחוני ריאו בטעמים 1,גרמים,820.00,100 גרם,false,,9.90,0.0121,true,1,780
7290002603474,false,פיצת השף מאיטליה רוטב פטריות בטעם כמהין 256 גרם,סוילה אס.אר.אל,IT,פיצת השף רוטב פטריות,גרמים,200.00,100 גרם,false,,14.90,0.0745,true,1,33795
7290002603481,false,פיצת השף מאיטליה CHEF שגב פסטו ועגבניות 200 גרם,האי נאם סי או אל.טי.,IT,פיצת השף פסטו ועגבני,גרמים,200.00,100 גרם,false,,14.90,0.0745,true,1,33797
7290002603498,false,פיצת השף מאיטליה אנטי פסטי 256 גרם,האי נאם סי או אל.טי.,IT,פיצת השף אנטיפסטי שג,גרמים,200.00,100 גרם,false,,14.90,0.0745,true,1,33798
7290002603504,false,פיצת השף מאיטליה CHEF שגב עגבניות ובצל סגול 200 גרם,סוילה אס.אר.אל,IT,פיצת השף עגבניות שרי,גרמים,200.00,100 גרם,false,,14.90,0.0745,true,1,33796
7290002603634,false,"פיצה משולש תפזורת בד""צ 80ג'",שלושת האופים,IL,משולש פיצה מרגריטה ש,גרמים,80.00,100 גרם,false,,2.80,0.0350,true,1,31246
7290002612360,false,סטייק עם עצם וויל טר,,,סטייק עם עצם וויל טר,קילוגרמים,1.00,"ק""ג",true,,99.90,99.9000,true,1,49381
7290002627210,false,גפילטע פיש קציצות מדגי קרפיון וכסיף בצנצנת 560 גרם,האי נאם סי או אל.טי.,IL,גפילטע פיש דלידג 7 מ,גרמים,520.00,100 גרם,false,,8.90,0.0171,true,1,47990
7290002657408,false,נתחי טונה בשמן 960 ג' פוסידון,ויליגר בעמ,IL,טונה בשמן פוסידון 96,גרמים,960.00,100 גרם,false,,29.90,0.0311,true,1,5536
7290002661115,false,לחם שיפון הולנדי 1.2 מהדרין,מאפית י את א ברמן בע,IL,"לחם הולנדי ברמן 1 ק""",פריט,1.00,"ק""ג",false,,15.90,15.9000,true,1,3781
7290002661153,false,"לחם דני קל ברמן 1 ק""",מאפית י את א ברמן בע,IL,"לחם דני קל ברמן 1 ק""",פריט,1.00,"ק""ג",false,,15.90,15.9000,true,1,3815
7290002661863,false,קרוטונים מתובלים למרק 350 גרם,צ'\וייסר פודס ל.טי.די.,GB,קרוטונים למרק ברמן 3,גרמים,350.00,100 גרם,false,,14.90,0.0426,true,1,48338
7290002661900,false,לחמניה שמיניה שומשום/פרג 6 יח' 720 גר',מאפית י את א ברמן בע,IL,מארז 6 לחמניות 720 ג,גרמים,720.00,100 גרם,false,,10.90,0.0151,true,1,37159
7290002661948,false,לחמניות כפריות ארוכות 6יח בשקית,מאפית י את א ברמן בע,IL,מארז 6 לחמניות כפריו,גרמים,720.00,100 גרם,false,,10.90,0.0151,true,1,38689
7290002692768,false,"תרסיס שמן קנולה מזוכך ללא תוספת גז עץ הזית 200 מ""ל",טרנסומס פוד איי בי,IT,תרסיס שמן קנולה עץ ה,מיליליטרים,200.00,"100 מ""ל",false,,14.90,0.0745,true,1,22042
7290002692782,false,"תרסיס שמן זית כתית מעולה ללא תוספת גז עץ הזית 150 מ""ל",י.ב טכנולוגיות אריזה,IT,תרסיס שמן זית כתית ע,מיליליטרים,150.00,"100 מ""ל",false,,14.90,0.0993,true,1,22043
7290002701026,false,פארפל בתנור 400 גר' משובח,גיי אפ פי ייצור מזון,IL,פערפיל בתנור משובח 4,גרמים,400.00,100 גרם,false,,7.90,0.0198,true,1,804
7290002703068,false,צנצנת דבש עין חרוד 1,עין חרוד,IL,"דבש עין חרוד 1 ק""ג",פריט,1.00,"ק""ג",false,,39.90,39.9000,true,1,3306
7290002703358,false,צנצנת דבש זכוכית 350 גרם,עין חרוד,IL,דבש עין חרוד 350 גרם,גרמים,350.00,100 גרם,false,,14.90,0.0426,true,1,3307
7290002716280,false,שבבי תפוא דרומה 500,דרומה י.א.ט בעמ,IL,שבבי תפוא דרומה 500,גרמים,500.00,100 גרם,false,,11.90,0.0238,true,1,811
7290002730811,false,"משחת שיניים ג'ל פסים מרעננים קולגייט 100 מ""ל",הנסיך- מפעל לייצור ט,PL,משחת קולגייט טריפל ג,גרמים,100.00,100 גרם,false,,11.90,0.1190,true,1,6633
7290002730903,false,פלמוליב סבון מוצק ורדים רביעייה * 125 ג',הנסיך- מפעל לייצור ט,TR,סבון מוצק פלמוליב ור,גרמים,360.00,100 גרם,false,,16.50,0.0458,true,1,17737
7290002730958,false,סבון מוצק בניחוח זיתים ואלוורה פלמוליב 4*100 גרם,הנסיך- מפעל לייצור ט,TR,סבון מוצק פלמוליב יר,גרמים,360.00,100 גרם,false,,16.50,0.0458,true,1,17739
7290002739685,false,נקניקיות מרגז 400ג מוכן עטרה,טיבון ויל אחזקות בעמ,IL,נקניקיות מרגז קפוא ע,גרמים,400.00,100 גרם,false,,19.90,0.0497,true,1,22116
7290002739692,false,נקניקיות צ'וריסוס 500 ג' מוכן עטרה,טיבון ויל אחזקות בעמ,IL,נקניקיות צוריסוס קפו,גרמים,500.00,100 גרם,false,,24.90,0.0498,true,1,22117
7290002739906,false,עצמות עוף קהילות שקיל,,IL,עצמות עוף קפוא קהילו,קילוגרמים,1.00,"ק""ג",true,,7.90,7.9000,true,1,11509
7290002752493,false,רביעיה סוכריות מנטה 4* 16 ג' טיק טק,פררו - אלבה,ZA,סוכריות טיק טק מנטה,גרמים,64.00,100 גרם,false,,9.90,0.1547,true,1,12663
7290002753223,false,רביעייה סוכריות תפוז 4*16 ג' טיק טק,פררו - אלבה,ZA,סוכריות טיק טק תפוז,גרמים,64.00,100 גרם,false,,9.90,0.1547,true,1,18611
7290002757139,false,מלוואח 700 גר' שלושת האופים קהילות,שלושת האופים,IL,מלוואח ש.האופים 700,גרמים,700.00,100 גרם,false,,9.90,0.0141,true,1,4237
7290002757511,false,דלידג קציצות דג לבישול 750 גר קהילות,האי נאם סי או אל.טי.,IL,קציצות דג לבישול דלי,גרמים,750.00,100 גרם,false,,24.90,0.0332,true,1,3936
7290002757535,false,בורקס פילו אצבעות גבינה שלושת האופים 700 גרם,שלושת האופים שגמור,IL,בורקס פילו אצבעות גב,גרמים,700.00,100 גרם,false,,16.90,0.0241,true,1,3934
7290002768036,false,"מי פה תיאדנט ענק מונע עששת 150מ""ל",אמיליה קוסמטיקס,IL,"מי פה תיאדנט 150 מ""ל",מיליליטרים,150.00,"100 מ""ל",false,,14.70,0.0980,true,1,836
7290002768043,false,"תיאדנט מי-פה ענק פלאוריד 150 מ""ל",אמיליה קוסמטיקס בע'\'\מ,IL,מי פה תיאדנט פלואורי,מיליליטרים,150.00,"100 מ""ל",false,,14.70,0.0980,true,1,837
7290002768074,false,אל סבון נוזלי רגיל דרמפון 1 ליטר,"אמיליה קוסמטיקס בע""מ",IL,דרמפון 1 ליטר,קילוגרמים,1.00,ליטר,false,,17.90,17.9000,true,1,838
7290002780007,false,מלפפונים במלח 30-36 בני דרום א10,בני דרום,IL,מלפפון במלח 30-36 בנ,פריט,3.00,"ק""ג",false,,17.90,5.9667,true,1,839
7290002780045,false,מלפפון בחומץ ‏36‏-‏3,בני דרום,IL,מלפפון בחומץ 30-36 ב,פריט,3.00,"ק""ג",false,,17.90,5.9667,true,1,840
7290002780571,false,מלפפון במלח 15-20 בני דרום א5,בני דרום,IL,מלפפון במלח 15-20 בנ,פריט,1.25,"ק""ג",false,,11.90,9.5200,true,1,842
7290002780588,false,זית חרוזית שחור בני דרום 560 גרם,בני דרום,IL,זית חרוזית מושחר בני,גרמים,560.00,100 גרם,false,,7.90,0.0141,true,1,843
7290002780601,false,מלפפון בחומץ בני דרום 15-20 250 גרם,בני דרום,IL,מלפפון בחומץ 15-20 ב,פריט,1.25,"ק""ג",false,,11.90,9.5200,true,1,844
7290002781691,false,ממרח שוקולד 400 גר מיטב בדץ,מיטב,IL,ממרח קקאו בטעם שוקול,גרמים,400.00,100 גרם,false,,4.90,0.0123,true,1,6604
7290002804758,false,"כרעיים עוף קפוא חב""ד קג",,IL,כרעיים עוף קפוא דליק,קילוגרמים,1.00,"ק""ג",true,,29.90,29.9000,true,1,9063
7290002804765,false,חזה עוף קפוא דליקטסו,,,חזה עוף קפוא דליקטסו,קילוגרמים,1.00,"ק""ג",true,,31.90,31.9000,true,1,9064
7290002804772,false,"כנפיים עוף קפוא חב""ד קג",,IL,כנפיים עוף קפוא דליק,קילוגרמים,1.00,"ק""ג",true,,12.90,12.9000,true,1,9065
7290002804796,false,שוקיים עוף קפוא דליק,,,שוקיים עוף קפוא דליק,קילוגרמים,1.00,"ק""ג",true,,32.90,32.9000,true,1,9067
7290002804802,false,ירכיים עוף קפוא דליק,,IL,ירכיים עוף קפוא דליק,קילוגרמים,1.00,"ק""ג",true,,29.90,29.9000,true,1,9068
7290002804819,false,שניצל עוף קפוא דליקטסו ק,עוף הבירה,IL,שניצל עוף קפוא דליקט,קילוגרמים,1.00,"ק""ג",true,,35.90,35.9000,true,1,9069
7290002808527,false,חומץ תפוחים 5% טבעי,אולד דטש,US,חומץ תפוחים 5% טבעי,מיליליטרים,946.00,"100 מ""ל",false,,10.90,0.0115,true,1,57110
7290002814016,false,"מסיר שומנים מתז 750 מ""ל סנט מוריץ כשל""פ עד""ח","קומפלקס כימיקלים בע""",IL,תרסיס סנט מוריץ מסיר,מיליליטרים,750.00,"100 מ""ל",false,,12.90,0.0172,true,1,3928
7290002814603,false,"סנט מוריץ - מרסס מסיר שומנים קר מבושם לימון 750 מ""ל",קומפלקס כימיקלים בעמ,IL,תרסיס סנט מוריץ מסיר,מיליליטרים,750.00,"100 מ""ל",false,,9.90,0.0132,true,1,32586
7290002814870,false,"סנט מוריץ - מרסס מסיר שומנים קר מבושם לוונדר\פרחים 750 מ""ל",קומפלקס כימיקלים בעמ,IL,תרסיס סנט מוריץ מסיר,מיליליטרים,750.00,"100 מ""ל",false,,9.90,0.0132,true,1,50295
7290002824183,false,"גבינה לבנה סקי 500 גרם 5% ""שטראוס"" -מוצר בפיקוח",מיוצר עי קונדיטוריית,IL,גבינה 5% סקי 500 גרם,גרמים,500.00,100 גרם,false,,9.30,0.0186,true,1,848
7290002824466,false,יוגורט דנונה ביו לבן 0% שומן 200 גרם,"שטראוס בריאות בע""\מ",IL,יוגורט ביו דנונה 0%,גרמים,200.00,100 גרם,false,,3.40,0.0170,true,1,16722
7290002824640,false,"גבינת סקי 250 גרם 5% ""שטראוס"" -מוצר בפיקוח",מיוצר עי קונדיטוריית,IL,גבינה 5% סקי 250 גרם,גרמים,250.00,100 גרם,false,,4.90,0.0196,true,1,849
7290002825722,false,סלט כרוב אדום אחלה 500 גרם,מיוצר עי קונדיטוריית,IL,כרוב אדום אחלה 500 ג,,500.00,,false,,12.90,0.0258,true,1,3408
7290002868996,false,"קוטג' 5% שומן, רכיבים טבעיים, 250 גרם",קריות זול,IL,קוטג 5% טרה 250 גרם,גרמים,250.00,100 גרם,false,,5.70,0.0228,true,1,867
7290002871248,false,"בירה טובורג רד בקבוק 500 מ""ל חוזר",מבשלות בירה בינלאומיות ב,IL,בירה טובורג רד ב.חוז,מיליליטרים,500.00,"100 מ""ל",false,,7.50,0.0150,true,1,8263
7290002871361,false,"בירה קרלסברג בקבוק 500 מ""ל חוזר",מבשלות בירה בינלאומיות ב,IL,בירה קרלסברג ב.חוזר,מיליליטרים,500.00,"100 מ""ל",false,,7.50,0.0150,true,1,8262
7290002904694,false,"טיטניום דאודורנט ספריי לגברים 150 מ""ל","אמיליה קוסמטיקס בע""מ",IL,דאו ספריי טיטניום 18,מיליליטרים,180.00,"100 מ""ל",false,,14.90,0.0828,true,1,915
7290002920311,false,גבינת קממבר צאן במשק,מחלבות גד,IL,גבינה קממבר צאן גד ב,קילוגרמים,1.00,"ק""ג",true,,99.00,99.0000,true,1,7306
7290002922797,false,חזה הודו טרי ארוז עטרה,שונות,IL,חזה הודו טרי עטרה,קילוגרמים,1.00,"ק""ג",true,,32.90,32.9000,true,1,3588
7290002922865,false,קבב מובחר 500 גרם טאקטורו,טיבון ויל אחזקות בעמ,IL,קבב מזרחי טאק טורו 5,גרמים,500.00,100 גרם,false,,14.90,0.0298,true,1,3672
7290002922872,false,המבורגר מובחר 500 גרם טאקטורו,,IL,המבורגר טאק טורו 500,גרמים,500.00,100 גרם,false,,14.90,0.0298,true,1,3671
7290002922971,false,חזה עוף חצוי עם עצם,,,חזה עוף חצוי עם עצם,קילוגרמים,1.00,"ק""ג",true,,19.90,19.9000,true,1,4820
7290002929512,false,שלושת האופים פלאפל 5,האי נאם סי או אל.טי.,IL,כדורי פלאפל ש. האופי,גרמים,500.00,100 גרם,false,,6.90,0.0138,true,1,52144
7290002929536,false,קובה למרק ש. האופים,האי נאם סי או אל.טי.,IL,קובה למרק ש. האופים,גרמים,600.00,100 גרם,false,,6.90,0.0115,true,1,52239
7290002929642,false,רביעיית טונה בשמן ויליגר 140 גרם,דיאמנט פוד פרודקט קו,TH,טונה בשמן ויליגר 4*1,גרמים,560.00,100 גרם,false,,19.90,0.0355,true,1,13251
7290002930235,false,בשר לחמין עטרה שקיל,טיבון ויל,IL,בשר לחמין עטרה,קילוגרמים,1.00,"ק""ג",true,,45.90,45.9000,true,1,15384
7290002939108,false,חזה עוף טרי ארוז עטרה לק,שונות,IL,חזה עוף טרי עטרה,קילוגרמים,1.00,"ק""ג",true,,33.90,33.9000,true,1,938
7290002939139,false,כנף הודו טרי ארוז עטרה,שונות,IL,כנפיים הודו טרי עטרה,קילוגרמים,1.00,"ק""ג",true,,19.90,19.9000,true,1,940
7290002939153,false,שווארמה הודו זכר טרי עטר,שונות,IL,שווארמה הודו טרי עטר,קילוגרמים,1.00,"ק""ג",true,,74.90,74.9000,true,1,942
7290002939160,false,בשר אדום עטרה טרי אר,שונות,IL,בשר אדום טרי עטרה,קילוגרמים,1.00,"ק""ג",true,,59.90,59.9000,true,1,943
7290002939498,false,שריר מספר 8 קפוא צרכני עטרה,עטרה,IL,בשר מס 8 שריר קפוא ע,קילוגרמים,1.00,"ק""ג",true,,53.90,53.9000,true,1,949
7290002939511,false,רגל בקר קפוא פרוס עטרה,עטרה,IL,רגל בקר קפוא עטרה,קילוגרמים,1.00,"ק""ג",true,,39.90,39.9000,true,1,4041
7290002939528,false,גידים בקר קפוא עטרה,,IL,גידים בקר קפוא עטרה,קילוגרמים,1.00,"ק""ג",true,,54.90,54.9000,true,1,951
7290002939542,false,לשון בקר קפוא ב.יוסף קג,עטרה,PY,לשון בקר קפוא עטרה,קילוגרמים,1.00,"ק""ג",true,,39.90,39.9000,true,1,953
7290002954477,false,"אורז עגול אוסטרלי 5 ק""ג סנוואיט",בני ג'ורג' שוקחה חיפ,AU,אורז אוסטרלי עגול שו,פריט,5.00,"ק""ג",false,,39.90,7.9800,true,1,30939
7290003015627,false,"נוזל רצפות אפרסק 2 ליטר ""ריצפז פרש""","סנו מפעלי ברונוס בע""",IL,ריצפז פרש אפרסק 2 לי,קילוגרמים,2.00,ליטר,false,,16.90,8.4500,true,1,1001
7290003029181,false,משקה יטבתה שוקו' בקבוק 1ל מהדרין,שטראוס גרופ,IL,משקה שוקו יטבתה 1 לי,קילוגרמים,1.00,ליטר,false,,9.90,9.9000,true,1,1007
7290003029372,false,משקה חלב בטעם בננה יטבתה 1 ליטר,שטראוס גרופ,IL,משקה בננה יטבתה 1 לי,קילוגרמים,1.00,ליטר,false,,9.90,9.9000,true,1,7270
7290003029389,false,"משקה חלב בננה פקק ספורט 250 מ""ל יוטבתה",שטראוס גרופ,IL,משקה בננה בקבוק יטבת,גרמים,250.00,100 גרם,false,,5.20,0.0208,true,1,47628
7290003029433,false,"משקה יטבתה שוקו פקק 250 מ""ל מהדרין",שטראוס גרופ,IL,משקה שוקו בקבוק יטבת,גרמים,250.00,100 גרם,false,,5.20,0.0208,true,1,47627
7290003029532,false,מוקה בבקבוק יטבתה 1 ליטר מהדרין,שטראוס גרופ,IL,משקה מוקה יטבתה 1 לי,קילוגרמים,1.00,ליטר,false,,9.90,9.9000,true,1,7271
7290003029792,false,"משקה יטבתה שוקו שקיות מהדרין מארז 225X8מ""ל",שטראוס גרופ,IL,מארז שוקו שקית יטבתה,קילוגרמים,1.80,ליטר,false,,18.90,10.5000,true,1,5134
7290003029815,false,כד חלב 3% יטבתה 2 ליטר מהדרין,שטראוס גרופ,IL,חלב מועשר 3% יטבתה 2,קילוגרמים,2.00,ליטר,false,,13.90,6.9500,true,1,3413
7290003029907,false,אייס קפה יטבתה 1 ליטר מהדרין,שטראוס גרופ,IL,משקה אייס קפה יטבתה,קילוגרמים,1.00,ליטר,false,,9.90,9.9000,true,1,7269
7290003031689,false,מארז פסטרמה סלמי/כפר,טירת צבי,IL,מארז פסטרמה סלמי/כפר,פריט,1.00,"ק""ג",false,,29.90,29.9000,true,1,55042
7290003031702,false,"נקניקיות הודו מחפוד וואקום 1 ק""ג טירת צבי",טיב טירת צבי 2000,IL,נקניקיות הודו חלק טי,פריט,1.00,"ק""ג",false,,24.90,24.9000,true,1,1008
7290003031733,false,טירת צבי פסטרמה על גחלים קופ. מחפוד 400ג,טיב טירת צבי 2000,IL,פסטרמה גחלים טירת צב,גרמים,400.00,100 גרם,false,,24.90,0.0622,true,1,1010
7290003031740,false,טירתצבי פסטרמה בדבש קופ. מחפוד 400ג,טיב טירת צבי 2000,IL,פסטרמה בדבש טירת צבי,גרמים,400.00,100 גרם,false,,24.90,0.0622,true,1,1011
7290003031757,false,פסטרמה הודו בפפריקה מחפוד טירת צבי 400 גרם,טיב טירת צבי 2000,IL,פסטרמה הודו פפריקה ט,גרמים,400.00,100 גרם,false,,24.90,0.0622,true,1,1012
7290003031788,false,צמד כפרי סלמי+פסטרמה טירת צבי 400X2ג' מחפוד,טיב טירת צבי 2000,IL,מארז פסטרמה הודו+סלמ,גרמים,800.00,100 גרם,false,,24.90,0.0311,true,1,1014
7290003031849,false,"פסטרמה כפרית דבש וברביקיו צמד ט.צבי 300X2ג' בד""ץ",טיב טירת צבי 2000,IL,מארז פסטרמה כפרית דב,גרמים,600.00,100 גרם,false,,24.90,0.0415,true,1,18766
7290003054657,false,חרדל ריין דיז'ון אקסטרה פורטה 370 גרם,מרום את קונפינו,FR,חרדל דיזון אקסטרא פו,גרמים,370.00,100 גרם,false,,9.90,0.0268,true,1,4340
7290003060009,false,"קמח חיטה לבן בהיר טחנות ישראליות 1 ק""ג",טחנות ישראליות,IL,קמח בהיר טחנות ישראל,פריט,1.00,"ק""ג",false,,3.70,3.7000,true,1,3626
7290003060023,false,"סולת חיטה 1 ק""ג מטחנות ישראליות",טחנות ישראליות,IL,סולת טחנות ישראליות,פריט,1.00,"ק""ג",false,,4.90,4.9000,true,1,3627
7290003060047,false,"קמח תופח 1 ק""ג מטחנות ישראליות",טחנות ישראליות,IL,קמח תופח טחנות ישראל,פריט,1.00,"ק""ג",false,,5.90,5.9000,true,1,3628
7290003069682,false,בצק פילאס קפוא 500 גרם שלושת האופים,שלושת האופים שגמור,IL,בצק פילאס תורכי ש.הא,גרמים,500.00,100 גרם,false,,16.90,0.0338,true,1,7250
7290003069705,false,"פיצה אישית גבינה דק 80 ג' תפזורת בד""צ",שגמור ייצור ושווק מוצרי,IL,פיצה מרגריטה ש.האופי,גרמים,80.00,100 גרם,false,,2.80,0.0350,true,1,5565
7290003072521,false,כתף בקר מעושן מחפוד טירת צבי 300 גרם,טיב טירת צבי 2000,IL,פסטרמה כתף בקר מעושנ,גרמים,300.00,100 גרם,false,,24.90,0.0830,true,1,47287
7290003075102,false,לאבנה אסלי מחלבת רגב,מחלבת רג'ב,IL,"לאבנה רגב 1 ק""ג",פריט,1.00,"ק""ג",false,,29.90,29.9000,true,1,32808
7290003075553,false,לבנה רג'ב 11% 500 גרם,מחלבת רג'\ב,IL,לאבנה רגב 500 גרם,גרמים,500.00,100 גרם,false,,16.90,0.0338,true,1,32809
7290003075805,false,גב. ברינזה רג'ב15% 400ג,מחלבת רג'\ב,IL,גבינת ברינזה רגב 400,גרמים,400.00,100 גרם,false,,24.90,0.0622,true,1,32812
7290003075850,false,לאבנה עם שמן וזעתר ר,מחלבת רג'\ב,IL,לאבנה עם שמן וזעתר ר,גרמים,250.00,100 גרם,false,,12.90,0.0516,true,1,32810
7290003078042,false,פרג אריסה חריפה 50ג,תבליני הדור השלישי,IL,אריסה פרג 250 גרם,גרמים,250.00,100 גרם,false,,14.90,0.0596,true,1,1024
7290003078066,false,שום כתוש פרג 250 גרם,תבליני הדור השלישי,IL,שום כתוש פרג 250 גרם,גרמים,250.00,100 גרם,false,,14.90,0.0596,true,1,1026
7290003078073,false,תיבול לשניצל קלאסי שקית 400גר,תבליני הדור השלישי,IL,תיבול לשניצל פרג 400,גרמים,400.00,100 גרם,false,,12.90,0.0323,true,1,1027
7290003078554,false,תיבול לשניצל מקסיקני שקית 400 גר,תבליני הדור השלישי,IL,תיבול לשניצל מקסיקני,גרמים,400.00,100 גרם,false,,12.90,0.0323,true,1,1030
7290003078561,false,תיבול לשניצל אמריקאי שקית 400גר,תבליני הדור השלישי,IL,תיבול לשניצל אמריקאי,גרמים,400.00,100 גרם,false,,12.90,0.0323,true,1,1031
7290003078639,false,פפריקה מתוקה בשמן פר,תבליני הדור השלישי,IL,פפריקה מתוקה בשמן פר,גרמים,500.00,100 גרם,false,,34.90,0.0698,true,1,1033
7290003078684,false,פלפל שחור פרג 400 גר,תבליני הדור השלישי,IL,פלפל שחור פרג 400 גר,גרמים,400.00,100 גרם,false,,39.90,0.0997,true,1,38082
7290003078721,false,פרג סחוג תימני אדום 250גר,תבליני הדור השלישי,IL,סחוג פרג 250 גרם,גרמים,250.00,100 גרם,false,,14.90,0.0596,true,1,1034
7290003078738,false,לימון בלאדי ק 250 גרם,תבליני הדור השלישי,IL,לימון בלאדי פרג 250,גרמים,250.00,100 גרם,false,,14.90,0.0596,true,1,2982
7290003087945,false,חטיף בוטנים בולי בודד 80 גרם,א מ חטיפי העמק בעמ,IL,בולי 80 גרם,גרמים,80.00,100 גרם,false,,2.90,0.0362,true,1,3871
7290003087952,false,בולי חטיף בוטנים 250 גרם מארז 10 יחידות,א מ חטיפי העמק בעמ,IL,מארז בולי 10*25 גרם,גרמים,250.00,100 גרם,false,,7.90,0.0316,true,1,4183
7290003107216,false,קמח 1 קג שימורי איכ,טחנת קמח דגן לישראל,IL,"קמח לבן דגן 1 ק""ג",פריט,1.00,"ק""ג",false,,5.90,5.9000,true,1,6488
7290003107223,false,"סולת לנדא ארוז 1 ק""ג",טחנת קמח דגן לישראל,IL,"סולת דגן 1 ק""ג",פריט,1.00,"ק""ג",false,,6.50,6.5000,true,1,9962
7290003107353,false,שטיבל משפר אפייה ביתי 3 * 10 גרם,ט.ק דגן טכנולוגיות ב,IL,משפר אפיה שטיבל 30 ג,גרמים,30.00,100 גרם,false,,5.90,0.1967,true,1,6141
7290003119509,false,פקדון בקבוק בירה ריק,,,פקדון בקבוק בירה ריק,Unknown,0.00,יחידה,false,,1.20,0.0000,true,1,8261
7290003126712,false,יוגורט עיזים מחלב מלא 3.7% משק צוריאל 150 גרם,מחלבת משק צוריאל,IL,יוגורט עיזים צוריאל,מיליליטרים,150.00,"100 מ""ל",false,,5.90,0.0393,true,1,3533
7290003126958,false,טופו גבינה גוש בואקום צוריאל 300 ג',א.י.ן תעשיות מזון בע,IL,טופו גולמי צוריאל 30,גרמים,300.00,100 גרם,false,,11.90,0.0397,true,1,1054
7290003203086,false,גרונות הודיות-במגש-קפוא,מ ב גלאט עוף למהדרין,IL,גרונות הודיות קפוא ג,קילוגרמים,1.00,"ק""ג",true,,33.90,33.9000,true,1,1071
7290003203369,false,שוקיים עוף-(ב)-במגש-קפוא,גלאט עוף,IL,שוקיים עוף קפוא גלאט,קילוגרמים,1.00,"ק""ג",true,,34.90,34.9000,true,1,23009
7290003203581,false,פלאנקן בקר לחמין-קמעונאי-קפוא,ביראניצקי,PL,בשר מס 9 פלאנקען לחמ,קילוגרמים,1.00,"ק""ג",true,,89.90,89.9000,true,1,63323
7290003222070,false,פיתות חומרים טבעי100*13ג,מאפיית המכבים,IL,פיתות המכבים 13 יח,פריט,1.36,"ק""ג",false,,9.90,7.2794,true,1,24561
7290003222780,false,פיתות מקמח מלא מאפיית המכבים 5 יחידות,מאפיית המכבים,IL,פיתות קמח מלא המכבים,גרמים,500.00,100 גרם,false,,4.90,0.0098,true,1,1078
7290003222797,false,פיתה קמח כוסמין 10 יח' המכבים,מאפיית המכבים,IL,פיתות כוסמין המכבים,גרמים,500.00,100 גרם,false,,12.90,0.0258,true,1,27744
7290003318100,false,וופל בטעם שוקולד מנעמים 200 ג',מנעמים תעשיות מזון,IL,ופל שוקולד מנעמים 20,גרמים,200.00,100 גרם,false,,2.90,0.0145,true,1,4759
7290003318131,false,ופל קלאסיק אגוז 200 גרם מנעמים,מנעמים תעשיות מזון,IL,ופל אגוז מנעמים 200,גרמים,200.00,100 גרם,false,,2.90,0.0145,true,1,4762
7290003318155,false,וופל טעם לימון מנעמים 200 ג',מנעמים תעשיות מזון,IL,ופל לימון מנעמים 200,גרמים,200.00,100 גרם,false,,2.90,0.0145,true,1,4760
7290003318162,false,ופל מצופה בריידמן 80,מנעמים תעשיות מזון,IL,ופל מצופה בריידמן 80,גרמים,800.00,100 גרם,false,,13.90,0.0174,true,1,44615
7290003318599,false,וופלים וניל מנעמים 200 גרם,מנעמים תעשיות מזון,IL,ופל וניל מנעמים 200,גרמים,200.00,100 גרם,false,,2.90,0.0145,true,1,4761
7290003319084,false,גפילטע פיש 12 קציצות בצנצנת הדג המיוחד 670 גרם,דג טעים בעמ,IL,גפילטע פיש הדג המיוח,פריט,1.00,"ק""ג",false,,21.90,21.9000,true,1,5115
7290003319145,false,"גפילטפיש כשל""פ גדולה",דג טעים בעמ,IL,גפילטע פיש הדג המיוח,גרמים,700.00,100 גרם,false,,14.90,0.0213,true,1,20771
7290003321292,false,גבינה לבנה 9% שומן 250 ג' שטראוס,מיוצר עי קונדיטוריית,IL,גבינה 9% סקי 250 גרם,גרמים,250.00,100 גרם,false,,4.90,0.0196,true,1,3420
7290003332014,false,קפה נח'לה אדום עם הל500ג,קפה אל נח'לה,IL,קפה נחלה אדום עם הל,גרמים,500.00,100 גרם,false,,26.90,0.0538,true,1,3913
7290003384341,false,שניצל בקר טרי עטרה,,,שניצל בקר טרי עטרה,קילוגרמים,1.00,"ק""ג",true,,79.90,79.9000,true,1,56619
7290003387410,false,בלונס פדים להסרת איפור שלישייה,ספטונה,GR,פדים להסרת איפור בלו,Unknown,0.00,יחידה,false,,19.90,0.0000,true,1,19777
7290003411054,false,שקיות צליה גדול דליקטס רוסטי הנמל 5יח`,סאדאת איסטנבול,TR,שקיות לצליה רוסטי ענ,Unknown,0.00,יחידה,false,,3.90,0.0000,true,1,1126
7290003411726,false,קיסמי שיניים מלחיה הנמל 300יח',הנמל אריזות ושיווק בעמ,IL,קיסמי שיניים מלחיה ה,Unknown,0.00,יחידה,false,,3.50,0.0000,true,1,1135
7290003411948,false,צמר גפן הנמל 100 יחידות,הנמל,TR,צמר גפן הנמל 100 גרם,Unknown,0.00,יחידה,false,,3.90,0.0000,true,1,1141
7290003411993,false,גפרורים הנמל 10 יחידות,"איטיליאן פוד, אס.פי.",SE,גפרורים 10 יח,Unknown,0.00,יחידה,false,,2.80,0.0000,true,1,1142
7290003424245,false,מרלוזה ארגנטינאית במשקל,,AR,מרלוזה צ'ירינה קפוא,קילוגרמים,1.00,"ק""ג",true,,27.90,27.9000,true,1,63364
7290003424986,false,מנות נסיכת הילוס פרי,,AR,מנות נסיכת הילוס פרי,קילוגרמים,1.00,"ק""ג",true,,39.90,39.9000,true,1,63365
7290003427154,false,"שמן זית כתית מעולה טעם מעודן זיתא 750 מ""ל",זיתא תעשיות שמן זיתt\,IL,שמן זית כתית פיית מז,מיליליטרים,750.00,"100 מ""ל",false,,27.80,0.0371,true,1,9995
7290003438006,false,ממרח אולביה פסטו וצנובר איטלקי 190ג',מיוצר עי קונדיטוריית,IL,ממרח פסטו אוליביה 18,גרמים,180.00,100 גרם,false,,12.90,0.0717,true,1,48088
7290003438013,false,ממרח זיתים ירוקים אוליביה 190 גרם,קריות זול,IL,ממרח זיתים אוליביה 1,גרמים,190.00,100 גרם,false,,12.90,0.0679,true,1,48148
7290003438020,false,ממרח עגבניות מיובשות אוליביה 190 גרם,מיוצר עי קונדיטוריית,IL,ממרח עגבניות מיובשות,גרמים,190.00,100 גרם,false,,12.90,0.0679,true,1,48089
7290003438709,false,ממרח אולביה זיתים שחורים וירוקים 190 ג',גוד פוד פרודקטס S.p,IL,ממרח זיתים שחורים או,גרמים,190.00,100 גרם,false,,12.90,0.0679,true,1,48149
7290003450602,false,חרדל אמיתי צהוב בקבוק לחיץ 255 גר,היינץ צפון אמריקה מקבוצת ה.י.היינץ,US,ממרח חרדל לחיץ היינץ,גרמים,255.00,100 גרם,false,,7.50,0.0294,true,1,16725
7290003521197,false,"ד""ר פישר - סרקל תרסיס מתיר קשרים 340 מ""ל",פישר מעבדות פרמצבטיות בע,IL,סרקל תרסיס מתיר קשרי,מיליליטרים,340.00,"100 מ""ל",false,,22.90,0.0674,true,1,1174
7290003521340,false,"קמיל בלו אל סבון קלאסיק ד""ר פישר 2 ליטר",פישר מעבדות פרמצבטיות בע,IL,"אל סבון קמיל בלו ד""ר",קילוגרמים,2.00,ליטר,false,,35.90,17.9500,true,1,1177
7290003521395,false,"קמיל בלו סנסיטיב אל סבון ד""ר פישר 2 ליטר",פישר מעבדות פרמצבטיות בע,IL,אל סבון קמיל בלו סנס,קילוגרמים,2.00,ליטר,false,,35.90,17.9500,true,1,1178
7290003521463,false,"קמיל בלו שמפו לשיער אל דמע ד""ר פישר 2 ליטר",פישר מעבדות פרמצבטיות בע,IL,שמפו אלדמע קמיל בלו,קילוגרמים,2.00,ליטר,false,,35.90,17.9500,true,1,1179
7290003521760,false,"אפטרסול ג'ל אלוורה שפורפרת ד""ר פישר 200 מ""ל",פישר מעבדות פרמצבטיות בע,IL,ג'ל לחות אלוורה אולט,מיליליטרים,200.00,"100 מ""ל",false,,17.90,0.0895,true,1,62883
7290003550753,false,רביעיית טונה בשמן פוסידון 108 גרם,"מיוצר עי וליגר בעמ,",IL,טונה בשמן פוסידון 4,,432.00,,false,,19.90,0.0461,true,1,1185
7290003578177,false,תירס צעיר שלם וילי פוד 210 גרם,מגסטיק פוד אידסטרי ק,TH,תירס גמדי ויליפוד 41,גרמים,410.00,100 גרם,false,,6.90,0.0168,true,1,1191
7290003578313,false,דובדבנים ללא חרצנים ויליפוד 680 גרם,דל מונטה היילס אס.אי,HR,דובדבנים חמוצים מגול,גרמים,680.00,100 גרם,false,,8.90,0.0131,true,1,1192
7290003578672,false,ויליפוד שמן חמניות 1 ליטר{בית יוסף},וילי פוד,TR,שמן חמניות וילי פוד,קילוגרמים,1.00,ליטר,false,,8.90,8.9000,true,1,38101
7290003643004,false,"סוגת אורז בסמטי קלאסי 1 ק""ג",האי נאם סי או אל.טי.,IL,"אורז בסמטי סוגת 1 ק""",פריט,1.00,"ק""ג",false,,12.90,12.9000,true,1,1198
7290003643646,false,"סוכר דמררה קלאסי בצנצנת סוגת 1 ק""ג",האי נאם סי או אל.טי.,IL,"סוכר דמררה סוגת 1 ק""",פריט,1.00,"ק""ג",false,,9.90,9.9000,true,1,1200
7290003648344,false,מטיאס הולנדי בשמן 550 גר,סלטי שמיר 2006 בעמ,IL,מטיאס הולנדי בשמן שמ,גרמים,550.00,100 גרם,false,,24.90,0.0453,true,1,5041
7290003648351,false,הרינג כבוש שמיר 750,סלטי שמיר 2006 בעמ,IL,הרינג כבוש שמיר 750,גרמים,550.00,100 גרם,false,,24.90,0.0453,true,1,5042
7290003648849,false,מקרל בשמן שמיר 750 ג,סלטי שמיר 2006 בעמ,IL,מקרל בשמן שמיר 750 ג,גרמים,550.00,100 גרם,false,,34.90,0.0635,true,1,4929
7290003648856,false,מעדן הרינג הולנדי בשמן,סלטי שמיר 2006 בעמ,IL,מטיאס הולנדי שמיר 75,גרמים,550.00,100 גרם,false,,24.90,0.0453,true,1,5043
7290003672073,false,פילה אמנון נקי 5-7 ואקום,ג.עופר,CN,פילה אמנון פאר הדג 5,קילוגרמים,1.00,"ק""ג",true,,29.90,29.9000,true,1,25037
7290003681228,false,עלי דפנה בצנצנת מיה 10 גרם,מיה תעשיות מזון מ.ת.מ. ב,IL,עלי דפנה מיה 10 גרם,גרמים,10.00,100 גרם,false,,5.80,0.5800,true,1,1218
7290003681242,false,זעתר בצנצנת מיה 50 גרם,מיה תעשיות מזון מ.ת.מ. ב,IL,זעתר מיה 50 גרם,גרמים,50.00,100 גרם,false,,5.80,0.1160,true,1,1220
7290003681341,false,קונפיטורה תות מיה 340 גרם,מיה תעשיות מזון מ.ת.מ. ב,IL,קונפיטורה תות מיה 34,גרמים,340.00,100 גרם,false,,8.70,0.0256,true,1,1222
7290003681723,false,תבלין לפיצה בצנצנת מיה 80 גרם,מיה תעשיות מזון מ.ת.מ. ב,IL,תבלין לפיצה מיה 80 ג,גרמים,80.00,100 גרם,false,,5.80,0.0725,true,1,1232
7290003681730,false,תבלין לגריל דג מיה 80 גרם,מיה תעשיות מזון מ.ת.מ. ב,IL,תבלין גריל דג מיה 80,גרמים,80.00,100 גרם,false,,5.80,0.0725,true,1,1233
7290003681747,false,תבלין גריל בשר בשקית 80 גר' מיה,מיה תעשיות מזון מ.ת.מ. ב,IL,תבלין גריל בשר מיה 8,גרמים,80.00,100 גרם,false,,5.80,0.0725,true,1,1234
7290003681754,false,אבקת קארי בצנצנת מיה 80 גרם,מיה תעשיות מזון מ.ת.מ. ב,IL,תבלין קארי מיה 80 גר,גרמים,80.00,100 גרם,false,,5.80,0.0725,true,1,1235
7290003681761,false,גבישי שום בצנצנת מיה 80 גרם,מיה תעשיות מזון מ.ת.מ. ב,IL,גבישי שום מיה 80 גרם,גרמים,100.00,100 גרם,false,,7.90,0.0790,true,1,1236
7290003726141,false,טופו אמיתי כפרי בריא 300 גרם,ג'נרל מילס סאן אדריא,IL,טופו גולמי גאיה 300,גרמים,300.00,100 גרם,false,,10.90,0.0363,true,1,3774
7290003726592,false,טופו מתובל בפסטו במרקם קלאסי,"משק ויילר בע""\מ",IL,טופו מתובל בפסטו משק,מיליליטרים,300.00,"100 מ""ל",false,,9.60,0.0320,true,1,60998
7290003726615,false,"טופו ויילר 300 גרם ""שטראוס""",הדקלאים אגודת שיתופי,IL,טופו הבית משק ויילר,מיליליטרים,300.00,"100 מ""ל",false,,9.60,0.0320,true,1,60999
7290003726684,false,טופו חומוס בטעם טבעי 300 ג' משק ויילר,הנסיך- מפעל לייצור ט,IL,טופו חומוס בטעם טבעי,מיליליטרים,300.00,"100 מ""ל",false,,12.90,0.0430,true,1,61000
7290003751105,false,כרעיים עוף-במגש-קפוא,מ ב גלאט עוף למהדרין,IL,כרעיים עוף קפוא גלאט,קילוגרמים,1.00,"ק""ג",true,,44.90,44.9000,true,1,1245
7290003751136,false,כנפיים עוף-במגש-קפוא,מ ב גלאט עוף למהדרין,IL,כנפיים עוף קפוא גלאט,קילוגרמים,1.00,"ק""ג",true,,14.90,14.9000,true,1,1246
7290003751174,false,גולש בקר-קמעונאי-קפוא,מ ב גלאט עוף למהדרין,IL,גולש עגל גלאט עוף,קילוגרמים,1.00,"ק""ג",true,,79.90,79.9000,true,1,1249
7290003751211,false,בשר טחון 500 גרם בדץ קפוא,מ ב גלאט עוף למהדרין,IL,בקר טחון גלאט עוף 50,גרמים,500.00,100 גרם,false,,44.90,0.0898,true,1,1251
7290003751242,false,הודו טחון גלאט 500 גרם,מ ב גלאט עוף למהדרין,IL,הודו טחון גלאט עוף 5,גרמים,500.00,100 גרם,false,,21.90,0.0438,true,1,1253
7290003751716,false,פילה מדומה בקר (6) קמעונאי-קפוא,ביראניצקי,PL,בשר מס 6 פילה מדומה,קילוגרמים,1.00,"ק""ג",true,,99.90,99.9000,true,1,24738
7290003751846,false,ירכיים עוף-6 יחידות במגש-קפוא,מ ב גלאט עוף למהדרין,IL,ירכיים עוף קפוא גלאט,קילוגרמים,1.00,"ק""ג",true,,39.90,39.9000,true,1,1260
7290003751990,false,עוף מס 3 קפוא גלאט ע,גלאט עוף,IL,עוף מס 3 קפוא גלאט ע,קילוגרמים,1.00,"ק""ג",true,,24.90,24.9000,true,1,1262
7290003779499,false,גינגר ארוז 200 גרם,"מרינה פטריות הגליל בע""מ",IL,גינגר ארוז 200 גרם,גרמים,200.00,100 גרם,false,,7.90,0.0395,true,1,15404
7290003882922,false,עלי גפן ממולאים באורז וילי פוד 360 גרם,הזה פלאקספו פוד קו ב,CN,עלי גפן ממולאים וילי,גרמים,400.00,100 גרם,false,,8.50,0.0213,true,1,1285
7290003989096,false,סלט חצילים פיקנטי אחלה 500 גרם,מיוצר עי קונדיטוריית,IL,חציל פיקנטי אחלה 500,,500.00,,false,,14.90,0.0298,true,1,3403
7290003989539,false,לורנצו רביולי במילוי גבינה,מיוצר עי קונדיטוריית,IL,רביולי גבינה קלאסי ש,גרמים,400.00,100 גרם,false,,16.70,0.0417,true,1,1287
7290003989553,false,פסטה טורטליני גבינה ופטריות 400 גרם,מיוצר עי קונדיטוריית,IL,טורטליני פטריות שטרא,גרמים,400.00,100 גרם,false,,16.70,0.0417,true,1,1288
7290003996018,false,חסה ערבית (שקית ) חסלט,נסטלה קוריאה - קפה,IL,חסה ערבית גלאט,Unknown,0.00,יחידה,false,,7.90,0.0000,true,1,1289
7290003996049,false,פטרוזיליה טרי ארוז חסלט,נסטלה שוויץ - רורשאך,IL,פטרוזיליה מהדרין,Unknown,0.00,יחידה,false,,6.90,0.0000,true,1,1290
7290003996056,false,כוסברה טריה מהדרין ח,יעל ירק עלים,IL,כוסברה מהדרין,Unknown,0.00,יחידה,false,,6.90,0.0000,true,1,1291
7290003996063,false,שמיר טרי מהדרין חסלט,יעל ירק עלים,IL,שמיר מהדרין,Unknown,0.00,יחידה,false,,6.90,0.0000,true,1,1292
7290003996087,false,בצל ירוק חסלט כפרי טרי,יעל ירק עלים,IL,בצל ירוק גלאט,Unknown,0.00,יחידה,false,,7.90,0.0000,true,1,1294
7290003996094,false,סלרי אמריקאי חסלט כפרי טרי,יעל ירק עלים,IL,סלרי מהדרין,Unknown,0.00,יחידה,false,,7.90,0.0000,true,1,2861
7290003996117,false,כרוב לבן שלם אפרתי חסלט,יעל ירק עלים,IL,כרוב לבן חסלט,קילוגרמים,1.00,"ק""ג",true,,14.90,14.9000,true,1,1295
7290003996124,false,כרוב אדום שלם חסלט-אפרתי,יעל ירק עלים,IL,כרוב אדום חסלט,קילוגרמים,1.00,"ק""ג",true,,15.90,15.9000,true,1,1296
7290003996186,false,בזיליקום חסלט כפרי טרי,נסטלה קוריאה - קפה,IL,בזיליקום חסלט,Unknown,0.00,יחידה,false,,6.90,0.0000,true,1,1298
7290003996506,false,כרוב לבן קצוץ 400 גרם חסלט,יעל ירק עלים,IL,כרוב לבן 400 גרם,גרמים,400.00,100 גרם,false,,12.90,0.0323,true,1,1301
7290003996513,false,כרוב אדום קצוץ 400 גרם חסלט-כפרי טרי,יעל ירק עלים,IL,כרוב אדום 400 גרם,גרמים,400.00,100 גרם,false,,11.90,0.0298,true,1,1302
7290003996544,false,חסה אייסברג קצוצה 300 גרם חסלט כפרי טרי,יעל ירק עלים,IL,חסה קצוצה 300 גרם,גרמים,310.00,100 גרם,false,,12.90,0.0416,true,1,1304
7290003996551,false,קולסלאו 400 גרם חסלט כפרי טרי,יעל ירק עלים,IL,סלט קולסלאו 400 גרם,גרמים,400.00,100 גרם,false,,12.90,0.0323,true,1,1305
7290003996605,false,לקט ירקות ים תיכוני חסלט 400 גרם,יעל ירק עלים,IL,לקט ים תיכוני 350 גר,גרמים,350.00,100 גרם,false,,12.90,0.0369,true,1,1306
7290004011284,false,ריצ בסיס להכנת קצפת 25% 212מל,ריצ' פרודקטס קורפריי,US,בסיס להכנת קצפת 25%,מיליליטרים,212.00,"100 מ""ל",false,,8.90,0.0420,true,1,4624
7290004011345,false,"ספריי קצפת מתוקה מוכנה פרווה ריץ' 238 מ""ל",האי נאם סי או אל.טי.,IT,תרסיס קצפת צמחית ריץ,מיליליטרים,250.00,"100 מ""ל",false,,8.90,0.0356,true,1,6462
7290004030018,false,"פריניב מיץ לימון סחוט פרי לתיבול 500 מ""ל",הנסיך- מפעל לייצור ט,IL,מיץ לימון טבעי פריני,מיליליטרים,500.00,"100 מ""ל",false,,6.90,0.0138,true,1,5105
7290004030612,false,"מיץ תפוח, קיווי אגס ללא תוספת סוכר 1 ליטר פרי ניב",פריניב בעמ,IL,מיץ תפוח קיווי ואגס,קילוגרמים,1.00,ליטר,false,,13.90,13.9000,true,1,12435
7290004030834,false,מיץ רימונים סחוט 100% רכיבים טבעיים פרי ניב 1 ליטר,פריניב בעמ,IL,מיץ רימונים 100% פרי,קילוגרמים,1.00,ליטר,false,,19.90,19.9000,true,1,6062
7290004033705,false,הבורגריה – 6 לחמניות המבורגר בשקית,מאפית י את א ברמן בע,IL,לחמניות המבורגר הבור,גרמים,600.00,100 גרם,false,,12.90,0.0215,true,1,57595
7290004033712,false,לחם עננים מקמח מלא עם פרוסות עבות,מאפית י את א ברמן בע,IL,לחם עננים קמח חיטה מ,גרמים,750.00,100 גרם,false,,15.50,0.0207,true,1,57597
7290004033729,false,לחם עננים מקמח כוסמין עם פרוסות עבות,מאפית י את א ברמן בע,IL,לחם עננים מקמח כוסמי,גרמים,750.00,100 גרם,false,,16.50,0.0220,true,1,57596
7290004033736,false,"עננים לחם לבן בסגנון בריוש עם פרוסות עבות, 500 גרם",מאפית י את א ברמן בע,IL,לחם עננים לבן בסגנון,גרמים,500.00,100 גרם,false,,13.90,0.0278,true,1,60810
7290004033750,false,לחמניות עננים סגנון בריוש,מאפית י את א ברמן בע,IL,לחמניות עננים מתוקות,גרמים,360.00,100 גרם,false,,13.90,0.0386,true,1,65207
7290004063016,false,מלח שולחן -מוצר בפיקוח,האי נאם סי או אל.טי.,IL,"מלח שולחן 1 ק""ג בד""צ",פריט,1.00,"ק""ג",false,,1.70,1.7000,true,1,1323
7290004063115,false,"מלח מטבח עבה להמלחת בשר ובישול 1 ק""ג 1ק""ג",האי נאם סי או אל.טי.,IL,"מלח בישול 1 ק""ג בד""צ",פריט,1.00,"ק""ג",false,,1.70,1.7000,true,1,1324
7290004064174,false,"תבלין מלח ההימלאיה דק בצנצנת 1 ק""ג","חברת מלח הארץ אילת בע""\מ",PK,"מלח דק הימלאיה 1 ק""ג",פריט,1.00,"ק""ג",false,,14.90,14.9000,true,1,44738
7290004064181,false,"תבלין מלח ההימלאיה גס בצנצנת 1 ק""ג","חברת מלח הארץ אילת בע""\מ",PK,"מלח גס הימלאיה 1 ק""ג",פריט,1.00,"ק""ג",false,,14.90,14.9000,true,1,44739
7290004064280,false,מלח מופחת נתרן בצנצנת מלח הארץ 600 גרם,חברת מלח הארץ אילת ב,IL,מלח מופחת נתרן 600 ג,גרמים,600.00,100 גרם,false,,15.90,0.0265,true,1,46081
7290004064297,false,"מלח מועשר ביוד בצנצנת מלח הארץ 1 ק""ג","חברת מלח הארץ אילת בע""\מ",IL,מלח ים מועשר ביוד 1,פריט,1.00,"ק""ג",false,,8.90,8.9000,true,1,46082
7290004064303,false,מלח אטלנטי בצנצנת מלח הארץ 800 גרם,"חברת מלח הארץ אילת בע""\מ",FR,מלח ים אטלנטי 800 גר,גרמים,800.00,100 גרם,false,,17.90,0.0224,true,1,46083
7290004068172,false,יוגורט עזים בדלי 5% שומן 600 ג' גד,קוד יצרן MKN,IL,יוגורט עיזים ביו גד,גרמים,600.00,100 גרם,false,,13.90,0.0232,true,1,9269
7290004068196,false,מוצרלה מגורדת מיוחדת,מחלבות גד,IL,גבינה מוצרלה לפיצה 2,גרמים,500.00,100 גרם,false,,27.90,0.0558,true,1,9185
7290004068332,false,קממבר בקר משולשים במשקל,מחלבות גד,IL,גבינה קממבר גד במשקל,קילוגרמים,1.00,"ק""ג",true,,99.00,99.0000,true,1,12275
7290004078942,false,ליידי ספיד סטיק - דאודורנט ג'ל לאישה 65 גרם,קולגייט-פלמוליב,US,דאו גל ליידי ספיד סט,גרמים,65.00,100 גרם,false,,18.90,0.2908,true,1,21533
7290004091217,false,"גודרדס, חומר לניקוי והברקת כלי כסף 144 מל",אס סי גונסון פורטוגל,PT,מבריק גודרס לכלי כסף,גרמים,125.00,100 גרם,false,,14.90,0.1192,true,1,1327
7290004091255,false,"ואזלין פטרוליום ג'ל 225מ""ל","יוניליוור ארה""ב, ג'ו",US,וזלין פטרולאום גלי 2,גרמים,212.00,100 גרם,false,,16.90,0.0797,true,1,1328
7290004093006,false,עוף הכפר שלם טרי ארוז,נטו,IL,עוף שלם טרי עוף הכפר,קילוגרמים,1.00,"ק""ג",true,,19.90,19.9000,true,1,25846
7290004093013,false,כרעיים עוף הכפר טרי ארוז,נטו,IL,כרעיים עוף טרי עוף ה,קילוגרמים,1.00,"ק""ג",true,,27.90,27.9000,true,1,25847
7290004093020,false,חזה עוף הכפר טרי ארוז,נטו,IL,חזה עוף טרי עוף הכפר,קילוגרמים,1.00,"ק""ג",true,,29.90,29.9000,true,1,25849
7290004093037,false,כנפיים עוף הכפר טרי ארוז,נטו,IL,כנפיים עוף טרי עוף ה,קילוגרמים,1.00,"ק""ג",true,,12.90,12.9000,true,1,25850
7290004093044,false,שוקיים עוף הכפר טרי ארוז,נטו,IL,שוקיים עוף טרי עוף ה,קילוגרמים,1.00,"ק""ג",true,,29.90,29.9000,true,1,25851
7290004093051,false,ירכיים עוף הכפר טרי ארוז,נטו,IL,ירכיים עוף טרי עוף ה,קילוגרמים,1.00,"ק""ג",true,,26.90,26.9000,true,1,25848
7290004093068,false,שניצל עוף הכפר טרי ארוז,נטו,IL,שניצל עוף טרי עוף הכ,קילוגרמים,1.00,"ק""ג",true,,32.90,32.9000,true,1,25852
7290004093082,false,כבד עוף הכפר טרי ארוז,נטו,IL,כבד עוף טרי עוף הכפר,קילוגרמים,1.00,"ק""ג",true,,14.90,14.9000,true,1,25854
7290004093112,false,כרעיים עוף קפוא עוף,,,כרעיים עוף קפוא עוף,קילוגרמים,1.00,"ק""ג",true,,23.90,23.9000,true,1,27574
7290004093129,false,חזה עוף קפוא עוף הכפ,,,חזה עוף קפוא עוף הכפ,קילוגרמים,1.00,"ק""ג",true,,24.90,24.9000,true,1,27575
7290004093136,false,כנפיים עוף קפוא עוף,,,כנפיים עוף קפוא עוף,קילוגרמים,1.00,"ק""ג",true,,7.90,7.9000,true,1,27576
7290004093143,false,שוקיים עוף קפוא עוף,,,שוקיים עוף קפוא עוף,קילוגרמים,1.00,"ק""ג",true,,26.90,26.9000,true,1,27577
7290004093150,false,ירכיים עוף קפוא עוף,,,ירכיים עוף קפוא עוף,קילוגרמים,1.00,"ק""ג",true,,23.90,23.9000,true,1,27578
7290004093167,false,שניצל עוף קפוא עוף ה,,,שניצל עוף קפוא עוף ה,קילוגרמים,1.00,"ק""ג",true,,27.90,27.9000,true,1,27579
7290004093181,false,סטייק פרגית עוף קפוא,,,סטייק פרגית עוף קפוא,קילוגרמים,1.00,"ק""ג",true,,52.90,52.9000,true,1,27581
7290004093198,false,סטייק פרגית עוף הכפר,נטו,IL,סטייק פרגית עוף טרי,קילוגרמים,1.00,"ק""ג",true,,44.90,44.9000,true,1,25915
7290004093211,false,כבד עוף קפוא עוף הכפ,,,כבד עוף קפוא עוף הכפ,קילוגרמים,1.00,"ק""ג",true,,16.90,16.9000,true,1,48930
7290004093501,false,פילה עוף טרי דליקטס,,,פילה עוף טרי דליקטס,קילוגרמים,1.00,"ק""ג",true,,32.90,32.9000,true,1,45660
7290004119133,false,כד יוגורט תנובה 6.5% שומן 1.5 ליטר,מיוצר עי קונדיטוריית,IL,משקה יוגורט 6.5% תנו,קילוגרמים,1.50,ליטר,false,,15.90,10.6000,true,1,18854
7290004119225,false,יופלה יוגורט אננס %3 גביע 150 גרם,תנובה מרכז שיתופי לש,IL,"יופלה אננס 3% 150 מ""",מיליליטרים,150.00,"100 מ""ל",false,,4.70,0.0313,true,1,38475
7290004119973,false,קרלו מעדן שוקו רביעיה גביע 1.5% 125 גרם,תנובה מרכז שיתופי לש,IL,קרלו שוקולדה 125 גרם,מיליליטרים,125.00,"100 מ""ל",false,,2.80,0.0224,true,1,1331
7290004120061,false,מעדן חלב בטעם שוקו וניל שוניל 2% קרלו 125 גרם,תנובה מרכז שיתופי לש,IL,קרלו שוקולד וניל 125,מיליליטרים,125.00,"100 מ""ל",false,,2.90,0.0232,true,1,1332
7290004120108,false,יופלה דיאט יוגורט דובדבן %0 גביע 150גרם,תנובה מרכז שיתופי לש,IL,יופלה דיאט 0% דובדבן,גרמים,150.00,100 גרם,false,,4.70,0.0313,true,1,38476
7290004120573,false,פיראוס 16% גבינה בולגרית 250 גרם,תנובה מרכז שיתופי לש,IL,גבינה בולגרית 16% פי,גרמים,250.00,100 גרם,false,,19.90,0.0796,true,1,1334
7290004120634,false,גבינה פיראוס בולגרית 5% 250 גרם,תנובה מרכז שיתופי לש,IL,גבינה בולגרית 5% פיר,גרמים,250.00,100 גרם,false,,19.90,0.0796,true,1,1335
7290004120832,false,"חלב 2 ליטר 3% כד ""תנובה""- מוצר בפיקוח",תנובה מרכז שיתופי לש,IL,חלב 3% תנובה 2 ליטר,קילוגרמים,2.00,ליטר,false,,12.40,6.2000,true,1,1336
7290004121488,false,יופלה דיאט אפרסק 0% גביע 150 גרם,תנובה מרכז שיתופי לש,IL,יופלה דיאט 0% אפרסק,גרמים,150.00,100 גרם,false,,4.70,0.0313,true,1,38477
7290004121525,false,יופלה מאגדת פרי 4 תות 4 אפרסק 3% 8 יח'*150 ג',תנובה מרכז שיתופי לש,IL,מארז יופלה אפרסק/תות,קילוגרמים,1.20,ליטר,false,,27.90,23.2500,true,1,38478
7290004121839,false,גבינת פטה כבשים 20% פיראוס 250 גרם,תנובה מרכז שיתופי לש,IL,גבינת פטה כבשים 20%,גרמים,250.00,100 גרם,false,,24.90,0.0996,true,1,1337
7290004121853,false,גבינה בולגרית פיראוס 5% קוביות 200 גרם,תנובה מרכז שיתופי לש,IL,גבינה בולגרית קוביות,גרמים,200.00,100 גרם,false,,19.90,0.0995,true,1,1338
7290004122348,false,גבינת עמק לייט פרוס בקופסא 200 גרם,תנובה מרכז שיתופי לש,IL,גבינה עמק 9% 200 גרם,גרמים,200.00,100 גרם,false,,16.90,0.0845,true,1,29766
7290004122676,false,גבינת חמד לייט 5% פיראוס 250 ג',"תנובה,מחלבת טנא נוגה",IL,גבינת חמד לייט 5% פי,גרמים,250.00,100 גרם,false,,17.50,0.0700,true,1,3782
7290004122683,false,עמק חטיף אצבעות גבינה חצי קשה 28% שומן,תנובה מרכז שיתופי לש,IL,אצבעות גבינת עמק 172,גרמים,172.00,100 גרם,false,,15.90,0.0924,true,1,1340
7290004124205,false,יופלה דיאט יוגורט תות %0 גביע 150 גרם,תנובה מרכז שיתופי לש,IL,יופלה דיאט 0% תות 15,גרמים,150.00,100 גרם,false,,4.70,0.0313,true,1,38480
7290004124847,false,"קצפת צמחית השף הלבן 500 מ""ל תנובה",תנובה מרכז שיתופי לש,IL,קצפת צמחית השף הלבן,מיליליטרים,500.00,"100 מ""ל",false,,13.90,0.0278,true,1,1344
7290004125370,false,"שמנת חמוצה 9% מופחתת שומן תנובה 200 מ""ל מהדרין",תנובה מרכז שיתופי לש,IL,שמנת חמוצה 9% תנובה,מיליליטרים,200.00,"100 מ""ל",false,,3.60,0.0180,true,1,1345
7290004125400,false,"אשל שלי מהדרין 200 מ""ל 4.5% ""תנובה""- מוצר בפיקוח",פארייפאבה אגרואינדוס,IL,"אשל תנובה 200 מ""ל",מיליליטרים,200.00,"100 מ""ל",false,,1.65,0.0082,true,1,1346
7290004125417,false,"גיל 3% שלי 200 מ""ל ""תנובה"" -מוצר בפיקוח",תנובה מרכז שיתופי לש,IL,"גיל תנובה 200 מ""ל",מיליליטרים,206.00,"100 מ""ל",false,,1.50,0.0073,true,1,1347
7290004125455,false,"שמנת חמוצה 200 מ""ל 15% ""תנובה"" -מוצר בפיקוח",תנובה מרכז שיתופי לש,IL,שמנת חמוצה 15% תנובה,מיליליטרים,200.00,"100 מ""ל",false,,2.40,0.0120,true,1,1348
7290004125462,false,"שמנת חמוצה 15% תנובה 500 מ""ל מהדרין",תנובה מרכז שיתופי לש,IL,שמנת חמוצה 15% תנובה,מיליליטרים,500.00,"100 מ""ל",false,,5.90,0.0118,true,1,1349
7290004125509,false,"שמנת חמוצה 15% מועשרת תנובה 100 מ""ל",תנובה מרכז שיתופי לש,IL,שמנת חמוצה 15% תנובה,גרמים,100.00,100 גרם,false,,1.60,0.0160,true,1,1350
7290004125578,false,משקה סויה מעושר בסידן תנובה 1ל',תנובה מרכז שיתופי לש,IL,משקה סויה אלטרנטיב 1,קילוגרמים,1.00,ליטר,false,,9.90,9.9000,true,1,1351
7290004125585,false,משקה סויה בטעם וניל תנובה 1 ליטר,תנובה מרכז שיתופי לש,IL,משקה סויה וניל אלטרנ,קילוגרמים,1.00,ליטר,false,,9.90,9.9000,true,1,1352
7290004125721,false,"השף הלבן שמנת עמידה לבישול 15% תנובה 250 מ""ל",תנובה מרכז שיתופי לש,IL,שמנת לבישול 15% השף,מיליליטרים,250.00,"100 מ""ל",false,,7.90,0.0316,true,1,1353
7290004125738,false,שמנת מתוקה להקצפה32% 250מל עמיד השף הלבן,תנובה מרכז שיתופי לש,IL,שמנת להקצפה 32% השף,מיליליטרים,250.00,"100 מ""ל",false,,5.90,0.0236,true,1,1354
7290004126674,false,טל העמק פרוסות גבינה חצי קשה לייט %9 200 גרם בקופסא,תנובה מרכז שיתופי לש,IL,גבינה עמק בסגנון אמנ,גרמים,200.00,100 גרם,false,,17.90,0.0895,true,1,1355
7290004127077,false,קוטג תנובה 3% גביע 250 גרם מהדרין,מיוצר עי קונדיטוריית,IL,קוטג 3% תנובה 250 גר,גרמים,250.00,100 גרם,false,,5.50,0.0220,true,1,1357
7290004127336,false,קוטג תנובה גביע 250 גרם %9 ו.מהדרין,מיוצר עי קונדיטוריית,IL,קוטג 9% תנובה 250 גר,גרמים,250.00,100 גרם,false,,5.50,0.0220,true,1,1359
7290004127800,false,"גבינה לבנה 500 גרם 5% ""תנובה"" -מוצר בפיקוח",מיוצר עי קונדיטוריית,IL,גבינה 5% תנובה 500 ג,גרמים,500.00,100 גרם,false,,9.70,0.0194,true,1,1362
7290004127817,false,גבינה לבנה 9% שומן 500 ג' תנובה,מיוצר עי קונדיטוריית,IL,גבינה 9% תנובה 500 ג,גרמים,500.00,100 גרם,false,,9.70,0.0194,true,1,1363
7290004127862,false,"גבינה לבנה 750 גרם 5% ""תנובה"" - מוצר בפיקוח",תנובה מרכז שיתופי לש,IL,גבינה 5% תנובה 750 ג,גרמים,750.00,100 גרם,false,,14.50,0.0193,true,1,1364
7290004127916,false,גבינה לבנה 0.5% שומן 500 ג' תנובה,תנובה מרכז שיתופי לש,IL,גבינה 1/2% תנובה 500,גרמים,500.00,100 גרם,false,,9.70,0.0194,true,1,1365
7290004129101,false,גבינת שמנת 25% בטעם טבעי 225 ג' נפוליאון,תנובה מרכז שיתופי לש,IL,גבינת שמנת טבעי 25%,גרמים,225.00,100 גרם,false,,12.50,0.0556,true,1,1367
7290004129118,false,גבינת שמנת 24% עם זיתים ירוקים 225 ג' נפוליאון,תנובה מרכז שיתופי לש,IL,גבינת שמנת זיתים 24%,גרמים,225.00,100 גרם,false,,12.50,0.0556,true,1,1368
7290004129156,false,גבינת שמנת25% עם שום שמיר 225 ג' נפוליאון,תנובה מרכז שיתופי לש,IL,גבינת שמנת שום שמיר,גרמים,225.00,100 גרם,false,,12.50,0.0556,true,1,1369
7290004130695,false,משקאות חלב תנובה אייס קפה בבקבוק 1ל,תנובה מרכז שיתופי לש,IL,משקה אייס קפה תנובה,קילוגרמים,1.00,ליטר,false,,12.30,12.3000,true,1,3465
7290004130794,false,משקה סויה במתיקות מופחתת תנובה 1 ליטר,תנובה מרכז שיתופי לש,IL,משקה סויה במתיקות מו,קילוגרמים,1.00,ליטר,false,,9.90,9.9000,true,1,1370
7290004130916,false,יוגורט יופלה פירות יער בשמנת 3% 150 גרם,תנובה מרכז שיתופי לש,IL,יופלה פירות יער 3% 1,מיליליטרים,150.00,"100 מ""ל",false,,4.70,0.0313,true,1,3362
7290004131074,false,"חלב 1 ליטר 3% קרטון ""תנובה""- מוצר בפיקוח",תנובה מרכז שיתופי לש,IL,חלב 3% תנובה 1 ליטר,קילוגרמים,1.00,ליטר,false,,6.20,6.2000,true,1,1372
7290004131531,false,משקאות חלב תנובה שוקו בקבוק 1ל,תנובה מרכז שיתופי לש,IL,משקה שוקו תנובה 1 לי,קילוגרמים,1.00,ליטר,false,,12.30,12.3000,true,1,1375
7290004131814,false,גבינה צפתית 5% מעודנת 200 ג' פיראוס,פארייפאבה אגרואינדוס,IL,גבינה צפתית מעודנת 5,גרמים,200.00,100 גרם,false,,13.90,0.0695,true,1,1377
7290004131845,false,גבינת לאבנה 9% שומן 750 ג' פיראוס,תנובה מרכז שיתופי לש,IL,לאבנה 9% פיראוס 750,גרמים,750.00,100 גרם,false,,20.90,0.0279,true,1,7005
7290004132552,false,משקה סויה בטעם טבעי לייט תנובה 1 ליטר,תנובה מרכז שיתופי לש,IL,משקה סויה לייט אלטרנ,קילוגרמים,1.00,ליטר,false,,9.90,9.9000,true,1,1381
7290004132606,false,"קרלו מעדן חלב בטעם וניל 2% תנובה 8*100 מ""ל",תנובה מרכז שיתופי לש,IL,מאגדת קרלו מיני שוקו,מיליליטרים,800.00,"100 מ""ל",false,,12.90,0.0161,true,1,1382
7290004132712,false,חטיף אצבעות גבינת מוצרלה 20% 172 ג' עמק,תנובה מרכז שיתופי לש,IL,אצבעות גבינת מוצרלה,גרמים,172.00,100 גרם,false,,15.90,0.0924,true,1,1383
7290004132903,false,גבינה לבנה 3% מהדרין תנובה 250 גרם,תנובה מרכז שיתופי לש,IL,גבינה 3% תנובה 250 ג,גרמים,250.00,100 גרם,false,,4.90,0.0196,true,1,1384
7290004134945,false,יוגורט מוקה 3% שומן 150 ג' יופלה,תנובה מרכז שיתופי לש,IL,יופלה מוקה 3% גביע 1,מיליליטרים,150.00,"100 מ""ל",false,,4.70,0.0313,true,1,38517
7290004135058,false,שמיניית קרלו מיני שוקולד 100 גרם מהדרין,תנובה מרכז שיתופי לש,IL,מאגדת קרלו מיני שוקו,מיליליטרים,800.00,"100 מ""ל",false,,13.20,0.0165,true,1,1390
7290004135072,false,"מעדן חלב מיני שוקולדה 1.5% מהדרין קרלו 8*100 מ""ל",תנובה מרכז שיתופי לש,IL,מארז קרלו מיני שוקול,מיליליטרים,800.00,"100 מ""ל",false,,13.20,0.0165,true,1,1391
7290004135119,false,"שמיניית קרלו מיני וניל 100 גרם בד""ץ",תנובה מרכז שיתופי לש,IL,מארז קרלו מיני וניל,מיליליטרים,800.00,"100 מ""ל",false,,13.20,0.0165,true,1,1392
7290004136598,false,מארז הפסקת אוכל עם קורנפלקס ומשקה חלב עמיד בטעם וניל,פארייפאבה אגרואינדוס,IL,מארז הפסקת אוכל חלב,מיליליטרים,150.00,"100 מ""ל",false,,8.90,0.0593,true,1,3364
7290004136857,false,מעדן גלי פטל תנובה 125 גרם,תנובה מרכז שיתופי לש,IL,גלי פטל תנובה 125 גר,מיליליטרים,125.00,"100 מ""ל",false,,2.30,0.0184,true,1,1397
7290004136871,false,מעדן ג'לי בטעם אפרסק עם חתיכות תנובה 125 גרם,תנובה מרכז שיתופי לש,IL,גלי אפרסק תנובה 125,מיליליטרים,125.00,"100 מ""ל",false,,2.50,0.0200,true,1,1399
7290004137021,false,"שמנת עמידה לבישול מופחת שומן 10% השף הלבן 250 מ""ל",תנובה מרכז שיתופי לש,IL,שמנת לבישול 10% השף,מיליליטרים,250.00,"100 מ""ל",false,,7.90,0.0316,true,1,1401
7290004193850,false,סטייק פרגית עוף טרי,,,סטייק פרגית עוף טרי,קילוגרמים,1.00,"ק""ג",true,,69.90,69.9000,true,1,29211
7290004193980,false,פרגיות עוף קפוא דליק,,,פרגיות עוף קפוא דליק,קילוגרמים,1.00,"ק""ג",true,,64.90,64.9000,true,1,21248
7290004220013,false,"טחון בקר 1 ק""ג קהילות",טיבון ויל אחזקות בעמ,IL,"בקר טחון קהילות 1 ק""",פריט,1.00,"ק""ג",false,,44.90,44.9000,true,1,7616
7290004220044,false,קציצות ביתיות עטרה 400גר,עטרה,IL,קציצות ביתיות עטרה 4,גרמים,400.00,100 גרם,false,,14.90,0.0373,true,1,10633
7290004220105,false,שניצלוני עוף עטרה 600 גרם,טיבון ויל אחזקות בעמ,IL,שניצלוני עוף עטרה 60,גרמים,600.00,100 גרם,false,,24.90,0.0415,true,1,46079
7290004220266,false,כרעיים טרי ארוז דליקטסו,נטו,IL,כרעיים עוף טרי דליקט,קילוגרמים,1.00,"ק""ג",true,,19.90,19.9000,true,1,12817
7290004220273,false,חזה עוף טרי ארוז דליקטסו,נטו,IL,חזה עוף טרי דליקטסו,קילוגרמים,1.00,"ק""ג",true,,29.90,29.9000,true,1,12818
7290004220280,false,כנפיים עוף טרי דליקטסו ש,נטו,IL,כנפיים עוף טרי דליקט,קילוגרמים,1.00,"ק""ג",true,,9.90,9.9000,true,1,12819
7290004220297,false,שוקיים טרי ארוז דליקטסו,נטו,IL,שוקיים עוף טרי דליקט,קילוגרמים,1.00,"ק""ג",true,,29.90,29.9000,true,1,12820
7290004220310,false,ירכיים טרי ארוז דליקטסו,נטו,IL,ירכיים עוף טרי דליקט,קילוגרמים,1.00,"ק""ג",true,,19.90,19.9000,true,1,12821
7290004220327,false,שניצל עוף ארוז דליקטסו,נטו,IL,שניצל עוף טרי דליקטס,קילוגרמים,1.00,"ק""ג",true,,34.90,34.9000,true,1,12822
7290004220761,false,קבב כבש ביתי עטרה 50,טיבון ויל אחזקות בעמ,IL,קבב כבש ביתי עטרה 50,גרמים,500.00,100 גרם,false,,14.90,0.0298,true,1,10632
7290004226619,false,שישליק הודו טרי ארוז,,,שישליק הודו טרי ארוז,קילוגרמים,1.00,"ק""ג",true,,34.90,34.9000,true,1,42641
7290004230944,false,מקלות פילו גבינה 600 גר' שלושת האופים לנדא,שלושת האופים שגמור,IL,מקלות בורקס פילו גבי,גרמים,700.00,100 גרם,false,,16.90,0.0241,true,1,13155
7290004234218,false,ברווז טרי ארוז,"נטו מלינדה סחר בע""מ",IL,ברווז טרי,קילוגרמים,1.00,"ק""ג",true,,48.90,48.9000,true,1,64058
7290004244446,false,פילה סלמון ללא עור ה,"דגי בר אילן בע""מ",IL,פילה סלמון ללא עור ה,קילוגרמים,1.00,"ק""ג",true,,74.90,74.9000,true,1,62703
7290004256883,false,פילה סלמון טרי פרימי,,,פילה סלמון טרי פרימי,קילוגרמים,1.00,"ק""ג",true,,99.90,99.9000,true,1,45628
7290004257101,false,עטרה אנטריקוט דקדק 250 ג,עטרה,IL,אנטריקוט דקדק עטרה 2,גרמים,250.00,100 גרם,false,,29.90,0.1196,true,1,42742
7290004257118,false,מילנסה דקדק 250ג' עטרה,,,מילנסה דק דק עטרה 25,גרמים,250.00,100 גרם,false,,29.90,0.1196,true,1,43172
7290004257125,false,סינטה דקדק 250 גרם עטרה,,,סינטה דק דק עטרה 250,גרמים,250.00,100 גרם,false,,29.90,0.1196,true,1,49144
7290004257477,false,טחון חזה עוף100% עטרה1קג,"טיבון ויל אחזקות בע""\מ",IL,חזה עוף טחון 100% עט,פריט,1.00,"ק""ג",false,,34.90,34.9000,true,1,48202
7290004257484,false,"טחון הודו 100% עטרה 1 ק""","טיבון ויל אחזקות בע""\מ",IL,טחון הודו 100% עטרה,פריט,1.00,"ק""ג",false,,34.90,34.9000,true,1,48203
7290004257491,false,"טחון בקר 100% עטרה 1 ק""ג",טיבון ויל אחזקות בעמ,IL,טחון בקר 100% עטרה 1,פריט,1.00,"ק""ג",false,,39.90,39.9000,true,1,48204
7290004263027,false,קבב בקר בית יוסף 500 גרם,טיבון ויל אחזקות בעמ,IL,קבב מזרחי עטרה 500 ג,גרמים,500.00,100 גרם,false,,18.90,0.0378,true,1,1423
7290004263034,false,בורגר חלק קפוא למהדרין עטרה 500 גרם,טיבון ויל אחזקות בעמ,IL,המבורגר עטרה 500 גרם,,500.00,,false,,18.90,0.0378,true,1,1424
7290004263041,false,גולש בקר מחיר לפי משקל,עטרה,IL,גולש עגל עטרה,קילוגרמים,1.00,"ק""ג",true,,44.90,44.9000,true,1,1425
7290004263096,false,צלי כתף מעובד יוסף מחיר,עטרה,IL,צלי כתף מעובד קפוא ע,קילוגרמים,1.00,"ק""ג",true,,49.90,49.9000,true,1,1427
7290004263393,false,קישקע ירושלמי קפוא ארוז עטרה 500 ג',טיבון ויל אחזקות בעמ,IL,קישקע ירושלמי עטרה 5,גרמים,500.00,100 גרם,false,,12.90,0.0258,true,1,1434
7290004263485,false,בשר מספר 2 צלעות כשרות עטרה,עטרה,IL,בשר מס 2 צלעות קפוא,קילוגרמים,1.00,"ק""ג",true,,39.90,39.9000,true,1,1437
7290004263515,false,מעורב ירושלמי קפוא עטרה 800 גר',,,מעורב ירושלמי קפוא ע,גרמים,800.00,100 גרם,false,,19.90,0.0249,true,1,1438
7290004263553,false,בשר מס3' חזה קפוא עטרה ק,עטרה,IL,בשר מס 3 חזה בקר צרכ,קילוגרמים,1.00,"ק""ג",true,,29.90,29.9000,true,1,1439
7290004263621,false,בשר מס' 4 כתף מרכזי קפוא,עטרה,IL,בשר מס 4 כתף מרכזי צ,קילוגרמים,1.00,"ק""ג",true,,54.90,54.9000,true,1,1441
7290004263652,false,נקניקיות עוף עטרה 400 גרם,מעדני הטלה והעגל,IL,נקניקיות עוף קפוא עט,גרמים,400.00,100 גרם,false,,9.90,0.0248,true,1,1442
7290004263676,false,טחון הודו בית יוסף 500 ג,עטרה,IL,הודו טחון עטרה 500 ג,גרמים,500.00,100 גרם,false,,11.90,0.0238,true,1,1443
7290004263799,false,צלי כתף מס5 עטרה קפוא קג,עטרה,IL,בשר מס 5 צלי כתף קפו,קילוגרמים,1.00,"ק""ג",true,,89.90,89.9000,true,1,1445
7290004263867,false,בשר מס' 6 פילה מדומה עטרה,עטרה,IL,בשר מס 6 פילה מדומה,קילוגרמים,1.00,"ק""ג",true,,39.90,39.9000,true,1,1446
7290004263935,false,בשר בקר מכסה הצלע מספר 7 עטרה,עטרה,IL,בשר מס 7 מכסה הצלע ק,קילוגרמים,1.00,"ק""ג",true,,29.90,29.9000,true,1,1448
7290004367077,false,בקלוואה ארוז 800 גרם,,IL,בקלוואה 800 גרם,גרמים,800.00,100 גרם,false,,29.90,0.0374,true,1,7539
7290004436056,false,גולש לחמין לא מעובד שקיל,א.הקר 2009,IL,גולש לחמין 100% הקר,קילוגרמים,1.00,"ק""ג",true,,74.90,74.9000,true,1,4943
7290004436063,false,עצמות מח קפוא הקר,א.הקר 2009,IL,עצמות מח קפוא הקר,קילוגרמים,1.00,"ק""ג",true,,49.90,49.9000,true,1,48619
7290004436124,false,בקר טחון הקר במשקל,א.הקר 2009,IL,בקר טחון הקר במשקל,קילוגרמים,1.00,"ק""ג",true,,74.90,74.9000,true,1,4942
7290004436742,false,בשר מס 9 אסאדו עם עצ,א.הקר 2009,IL,בשר מס 9 אסאדו עם עצ,קילוגרמים,1.00,"ק""ג",true,,79.90,79.9000,true,1,32605
7290004460846,false,דגני בוקר קורנפלקס תירס קוליים 750 ג',אלטונאן טוריזם,TR,קורנפלקס עוז 750 גרם,גרמים,750.00,100 גרם,false,,7.90,0.0105,true,1,60627
7290004480332,false,גבינת גאודה30%משולש משקל,מחלבות גד,IL,גבינה גאודה משולשים,קילוגרמים,1.00,"ק""ג",true,,89.00,89.0000,true,1,61103
7290004537241,false,אפונת גינה שדה בשקית,בסט מייסטר,IL,אפונת גינה שדה בשקית,גרמים,800.00,100 גרם,false,,8.90,0.0111,true,1,63275
7290004544096,false,עוגיות טבעות עם קוקו,מאפיית ישראל חיפה,IL,עוגיות טבעות עם קוקו,גרמים,500.00,100 גרם,false,,11.50,0.0230,true,1,58924
7290004544577,false,מאפים בסיס לפיצה ללא,מאפיית אריאל,IL,מאפים בסיס לפיצה ללא,גרמים,400.00,100 גרם,false,,21.90,0.0547,true,1,65213
7290004544669,false,מארז סופגניות במילוי,מאפיית ישראל חיפה,IL,מארז סופגניות במילוי,גרמים,660.00,100 גרם,false,,12.90,0.0195,true,1,65326
7290004551193,false,קמח מצה חמץ דרומה 40,דרומה י.א.ט בעמ,IL,קמח מצה חמץ דרומה 40,גרמים,400.00,100 גרם,false,,5.60,0.0140,true,1,1505
7290004551926,false,אבקת פלאפל דרומה 1 ק,דרומה י.א.ט בעמ,IL,אבקת פלאפל דרומה 1 ק,פריט,1.00,"ק""ג",false,,19.90,19.9000,true,1,1510
7290004575007,false,טילון וניל וופך ושברי אגוז ריאו מארז 70X5ג',"גלידות ריאו ביח""ר לג",IL,טילוני ריאו בטעמים 5,גרמים,350.00,100 גרם,false,,14.50,0.0414,true,1,1513
7290004575069,false,גלידה מיניס חטיפים וניל ציפוי שוקו' ופצפוצי נ.חיטה ריאו מארז 32יח',"גלידות ריאו ביח""ר לג",IL,חטיפי גלידה מיניס שו,גרמים,700.00,100 גרם,false,,29.90,0.0427,true,1,1515
7290004575144,false,שלגון הקוסם בודד ריאו,"גלידות ריאו ביח""ר לג",IL,שלגון הקוסם ריאו,Unknown,0.00,יחידה,false,,5.90,0.0000,true,1,51615
7290004575229,false,גלידת סנקור ריאו מארז חמישייה,"ריאו נתניה ביח""\ר לגלידה",IL,מארז קסטה סנקור 5 יח,גרמים,500.00,100 גרם,false,,18.90,0.0378,true,1,20722
7290004575335,false,ארטיק מגיק מיני וניל ציפוי שוקו' ופצפוצי נ.חיטה ריאו מארז 45X8ג'באריזה,"גלידות ריאו ביח""ר לג",IL,שלגוני מיני מגיק 8 י,גרמים,360.00,100 גרם,false,,16.90,0.0469,true,1,1521
7290004575373,false,שלגון מצופים וניל בציפוי שוקולד ריאו מארז 80X8 ג',"גלידות ריאו ביח""ר לג",IL,שלגוני ריאו מצופים ש,גרמים,480.00,100 גרם,false,,14.90,0.0310,true,1,1523
7290004575397,false,גלידה בטעמי מוקה וניל פיסטוק 1.8 ל' ריאו,"גלידות ריאו ביח""ר לג",IL,גלידה טריו 1.8 ליטר,קילוגרמים,1.80,ליטר,false,,14.90,8.2778,true,1,1524
7290004575403,false,טריו גלידת פרווה בטעמים 1.8 ליטר ריאו,"גלידות ריאו ביח""ר לג",IL,גלידה טריו 1.8 ליטר,קילוגרמים,1.80,ליטר,false,,14.90,8.2778,true,1,1525
7290004575502,false,שמיניות גליגל חלבי 600מל,ריאו,IL,שלגוני גלי גל 8 יח,גרמים,600.00,100 גרם,false,,14.90,0.0248,true,1,44710
7290004575632,false,קרמבו ריאו בטעם וניל 16יח',"גלידות ריאו ביח""ר לג",IL,קרמבו בטעם וניל ריאו,גרמים,480.00,100 גרם,false,,21.50,0.0448,true,1,1528
7290004575823,false,קינוחי גלידה ריאו פר,"גלידות ריאו ביח""ר לג",IL,קינוחי גלידה ריאו פר,גרמים,480.00,100 גרם,false,,12.90,0.0269,true,1,6978
7290004584351,false,גבינה לבנה סימפוניה עם תוספות 200 ג' חמישית 200,"שטראוס בריאות בע""\מ",IL,גבינת שמנת 5% סימפונ,גרמים,200.00,100 גרם,false,,9.70,0.0485,true,1,1529
7290004603175,false,מלח הים האדום גס מלח הארץ 500 גרם,"חברת מלח הארץ אילת בע""\מ",IL,מלח גס הים האדום 500,גרמים,500.00,100 גרם,false,,7.90,0.0158,true,1,11773
7290004645069,false,דג הליבוט פרוס בלי עור ל,"ש.רוזנרס בע""מ",NO,הליבוט פרוס ל.עור רו,קילוגרמים,1.00,"ק""ג",true,,79.90,79.9000,true,1,19790
7290004645106,false,סלמון פילה מנות לפי משקל,,IL,מנות סלמון 100% רוזנ,קילוגרמים,1.00,"ק""ג",true,,94.90,94.9000,true,1,15378
7290004645137,false,טונה אלבקור קפוא (וואקום),,IL,פילה טונה אלבקור ללא,קילוגרמים,1.00,"ק""ג",true,,59.90,59.9000,true,1,25597
7290004645175,false,פילה טונה פרוס רוזנר,,IL,פילה טונה פרוס רוזנר,קילוגרמים,1.00,"ק""ג",true,,39.90,39.9000,true,1,47369
7290004645267,false,דג נילוס פרוס (וואקום),,IL,מנות נסיכת הנילוס רו,קילוגרמים,1.00,"ק""ג",true,,49.90,49.9000,true,1,15375
7290004645274,false,פילה נסיכת הנילוס ע.,,TZ,פילה נסיכת הנילוס ע.,קילוגרמים,1.00,"ק""ג",true,,44.90,44.9000,true,1,61980
7290004645328,false,פילה סלמון שלם לפי משקל,,IL,פילה סלמון 100% רוזנ,קילוגרמים,1.00,"ק""ג",true,,89.90,89.9000,true,1,15377
7290004645403,false,נתחי פילה סלמון רוזנ,,,נתחי פילה סלמון רוזנ,קילוגרמים,1.00,"ק""ג",true,,39.90,39.9000,true,1,53291
7290004645571,false,פילה נסיכת הנילוס ל.,,,פילה נסיכת הנילוס ל.,קילוגרמים,1.00,"ק""ג",true,,39.90,39.9000,true,1,60489
7290004645649,false,מנות פילה פורל ים רו,,,מנות פילה פורל ים רו,קילוגרמים,1.00,"ק""ג",true,,79.90,79.9000,true,1,52814
7290004645748,false,פילה אמנון ללא עור קהילות,רוזנרס,IL,פילה אמנון רוזנרס לל,קילוגרמים,1.00,"ק""ג",true,,39.90,39.9000,true,1,56564
7290004645854,false,פילה פורל ים רוזנרס,,NO,פילה פורל ים רוזנרס,קילוגרמים,1.00,"ק""ג",true,,69.90,69.9000,true,1,61399
7290004645885,false,"מושט עם פס עור 100% דג בד""ץ",,CN,פילה אמנון רוזנרס עם,קילוגרמים,1.00,"ק""ג",true,,39.90,39.9000,true,1,61400
7290004645915,false,מנות סלמון ל.עור רוז,,,מנות סלמון ל.עור רוז,קילוגרמים,1.00,"ק""ג",true,,99.90,99.9000,true,1,64921
7290004652517,false,פילה בורי טרי אושר פ,,,פילה בורי טרי אושר פ,גרמים,400.00,100 גרם,false,,49.90,0.1247,true,1,56066
7290004652524,false,פילה אמנון טרי אושר,,,פילה אמנון טרי אושר,גרמים,400.00,100 גרם,false,,39.90,0.0997,true,1,56067
7290004652531,false,פילה דניס טרי אושר פ,,,פילה דניס טרי אושר פ,גרמים,400.00,100 גרם,false,,59.90,0.1497,true,1,56068
7290004652579,false,פילה אדמונית טרי אוש,,,פילה אדמונית טרי אוש,גרמים,400.00,100 גרם,false,,39.90,0.0997,true,1,56069
7290004652593,false,אמנון שלם טרי אושר פ,,,אמנון שלם טרי אושר פ,גרמים,400.00,100 גרם,false,,21.90,0.0547,true,1,56074
7290004652609,false,קרפיון פרוס טרי אושר,,,קרפיון פרוס טרי אושר,גרמים,750.00,100 גרם,false,,39.90,0.0532,true,1,56075
7290004652616,false,דניס שלם טרי אושר פי,,,דניס שלם טרי אושר פי,גרמים,450.00,100 גרם,false,,39.90,0.0887,true,1,56076
7290004652623,false,פילה ברמונדי טרי אוש,,,פילה ברמונדי טרי אוש,גרמים,400.00,100 גרם,false,,59.90,0.1497,true,1,57526
7290004652852,false,סטייק טומהוק טרי עטרה,ויאול פרסס שאטובריאן,FR,טומהוק סטייק טרי עטר,קילוגרמים,1.00,"ק""ג",true,,129.90,129.9000,true,1,62370
7290004658953,false,יין סוביניון בלאן פרייבט קולקשן יקבי כרמל,"כד בני דרום בע""מ",IL,יין פ.קולקשיין סובינ,מיליליטרים,750.00,"100 מ""ל",false,,32.30,0.0431,true,1,18420
7290004658960,false,יין אמרלד ריזלינג פרייבט קולקשן יקבי כרמל,אגודת הכורמים הקואופרטיב,IL,יין פ. קולקשיין אמרל,מיליליטרים,750.00,"100 מ""ל",false,,32.30,0.0431,true,1,1541
7290004685010,false,לחם 100% שיפון פלוס לחם הארץ 500 גר',מאפית י את א ברמן בע,IL,לחם שיפון קל לחם האר,גרמים,500.00,100 גרם,false,,15.90,0.0318,true,1,7620
7290004685027,false,לחם חיטה מלאה פלוס לחם הארץ 500 גרם,מאפית י את א ברמן בע,IL,לחם חיטה מלאה קל לחם,גרמים,500.00,100 גרם,false,,15.90,0.0318,true,1,7621
7290004685089,false,לחם הארץ לחם חמניות 500 גר',מאפית י את א ברמן בע,IL,לחם חמניות לחם הארץ,גרמים,500.00,100 גרם,false,,15.90,0.0318,true,1,7622
7290004685126,false,לחם פומפרניקל לחם הארץ 750 גרם,מאפית י את א ברמן בע,IL,לחם 5 דגנים לחם הארץ,גרמים,750.00,100 גרם,false,,15.90,0.0212,true,1,1543
7290004685157,false,לחם שיפון 100% 750 גרם לחם הארץ,מאפית י את א ברמן בע,IL,לחם שיפון לחם הארץ 7,גרמים,750.00,100 גרם,false,,15.90,0.0212,true,1,1545
7290004685195,false,לחם 10 דגנים לחם הארץ 750 גרם,מאפית י את א ברמן בע,IL,לחם 10 דגנים לחם האר,גרמים,750.00,100 גרם,false,,15.90,0.0212,true,1,3820
7290004685225,false,לחם שיפון פומפרניקל מקמח שיפון,מאפית י את א ברמן בע,IL,לחם פומפרניקל לחם הא,גרמים,750.00,100 גרם,false,,15.90,0.0212,true,1,1547
7290004685430,false,לחם הארץ כוסמין 100% 500 גרם,מאפית י את א ברמן בע,IL,לחם כוסמין לחם הארץ,גרמים,500.00,100 גרם,false,,15.90,0.0318,true,1,27640
7290004685447,false,לחמניות כוסמין 6 בשקית 450 גרם,מאפית ברמן מקבוצת י. את,IL,לחמניות כוסמין לחם ה,גרמים,450.00,100 גרם,false,,13.90,0.0309,true,1,47996
7290004685454,false,לחם שיבולת שועל 500 גר'.,מאפית י את א ברמן בע,IL,לחם שיבולת שועל לחם,גרמים,500.00,100 גרם,false,,15.90,0.0318,true,1,52468
7290004685478,false,פיתות כוסמין 100% כוסמין 550 גרם,"מאפיית אורן משי בע""\מ",IL,פיתות ברמן 100% כוסמ,גרמים,550.00,100 גרם,false,,15.90,0.0289,true,1,62426
7290004731472,false,"שלישיית אלסבון צבעוני כיף 500 מ""ל",טרופיקל דגיל תעשיות,IL,אל סבון כיף מעורב 3*,קילוגרמים,1.50,ליטר,false,,16.90,11.2667,true,1,1553
7290004731557,false,"מקסימה תרסיס מרכך ומבשם כביסה במייבש מאסק סנו 750 מ""ל",סנו מקסימה,IL,תרסיס מקסימה למייבש,מיליליטרים,750.00,"100 מ""ל",false,,16.90,0.0225,true,1,1555
7290004731564,false,"מקסימה מבשם ומרכך למייבש הכביסה בלו בלוסום 750 מ""ל",סנו מקסימה,IL,תרסיס מקסימה למייבש,מיליליטרים,750.00,"100 מ""ל",false,,16.90,0.0225,true,1,31113
7290004731670,false,"מטהר אוויר דואופרש פצ'ולי לבנדר סנו 300 מ""ל","סנו מפעלי ברונוס בע""\מ",IL,מטהר סנו דאופרש לבנד,מיליליטרים,300.00,"100 מ""ל",false,,10.70,0.0357,true,1,1557
7290004731687,false,"מטהר אויר בניחוח וניל ולמון גראס סנו 300 מ""ל",סנו מפעלי ברונוס בעמ,IL,מטהר סנו דאופרש וניל,מיליליטרים,300.00,"100 מ""ל",false,,10.70,0.0357,true,1,1558
7290004737719,false,אספרגוס שלם מקולף בצנצנת ויליפוד 330 גרם,קריות זול,CN,אספרגוס שלם ויליפוד,גרמים,330.00,100 גרם,false,,8.90,0.0270,true,1,1560
7290004758028,false,אנטריקוט פרימיום טרי,,,אנטריקוט פרימיום טרי,קילוגרמים,1.00,"ק""ג",true,,169.90,169.9000,true,1,45519
7290004758172,false,בריסקט טרי עטרה,,,בריסקט טרי עטרה,קילוגרמים,1.00,"ק""ג",true,,49.90,49.9000,true,1,49466
7290004758493,false,שריר מוזה פולי טרי ע,,,שריר מוזה פולי טרי ע,קילוגרמים,1.00,"ק""ג",true,,69.90,69.9000,true,1,52424
7290004758905,false,עצמות עגל וויל טרי ע,,,עצמות עגל וויל טרי ע,קילוגרמים,1.00,"ק""ג",true,,49.90,49.9000,true,1,52460
7290004944032,false,חומוס אמיתי אסלי שמיר 400 גרם,"סלטי שמיר 2006 בע""מ",IL,חומוס אסלי 400 גרם,גרמים,400.00,100 גרם,false,,10.90,0.0273,true,1,4362
7290004944049,false,טחינה אסלי שמיר 400 גרם,"סלטי שמיר 2006 בע""מ",IL,טחינה אסלי 400 גרם,גרמים,400.00,100 גרם,false,,10.90,0.0273,true,1,4365
7290004944056,false,סדרת האסלי חציל במיונז שמיר 400 גרם,"סלטי שמיר 2006 בע""מ",IL,חציל במיונז אסלי 400,גרמים,400.00,100 גרם,false,,10.90,0.0273,true,1,4363
7290004944063,false,סלט תורכי אסלי שמיר 400 ג',"סלטי שמיר 2006 בע""מ",IL,סלט טורקי אסלי 400 ג,גרמים,400.00,100 גרם,false,,10.90,0.0273,true,1,4366
7290005008481,false,ספיד סטיק - דאודורנט ג'ל לגבר ספורט 85 גרם,הנסיך- מפעל לייצור ט,US,דאו גל ספיד סטיק ספו,Unknown,0.00,יחידה,false,,18.90,0.0000,true,1,9251
7290005011405,false,עמבה עם פרי 500 גרם,תבליני שמש בעמ,IL,עמבה עם פרי 500 גרם,גרמים,500.00,100 גרם,false,,8.90,0.0178,true,1,1627
7290005017483,false,שיפודי פרגית מתובל ק,נתח אדום,IL,שיפודי פרגית מתובל ק,גרמים,600.00,100 גרם,false,,49.90,0.0832,true,1,53219
7290005017742,false,חזה טלה לתנור ולמעשנ,נתח אדום,IL,חזה טלה לתנור ולמעשנ,קילוגרמים,1.00,"ק""ג",true,,59.90,59.9000,true,1,51565
7290005017889,false,קציצות ריב אנטריקוט,נתח אדום,IL,קציצות ריב אנטריקוט,גרמים,600.00,100 גרם,false,,29.90,0.0498,true,1,53223
7290005017902,false,נקניקיות מרגז פרימיום,נתח אדום,IL,נקניקיות מרגז פרימיו,גרמים,600.00,100 גרם,false,,29.90,0.0498,true,1,53224
7290005017919,false,המבורגר אנטריקוט XL 600,נתח אדום,IL,המבורגר אנטריקוט XL,גרמים,600.00,100 גרם,false,,29.90,0.0498,true,1,53225
7290005017926,false,המבורגר טלה XL 600 גרם,נתח אדום,IL,המבורגר טלה XL פרימ,גרמים,600.00,100 גרם,false,,29.90,0.0498,true,1,53226
7290005017933,false,טחול ממולא ביתי 400 גרם,נתח אדום,IL,טחול ממולא נתח אדום,גרמים,400.00,100 גרם,false,,39.90,0.0997,true,1,53218
7290005017940,false,נקניקיות מרגז כבד 600 גר,נתח אדום,IL,נקניקיות מרגז כבד פר,גרמים,600.00,100 גרם,false,,29.90,0.0498,true,1,53227
7290005017957,false,קבב בקר פרימיום 600 גרם,נתח אדום,IL,קבב בקר פרימיום בית,גרמים,600.00,100 גרם,false,,29.90,0.0498,true,1,53228
7290005017964,false,קבב טלה פרימיום 600 גרם,נתח אדום,IL,קבב טלה פרימיום בית,גרמים,600.00,100 גרם,false,,29.90,0.0498,true,1,53231
7290005017971,false,קבב עירקי פרימיום 600 גר,א.ג.ש מלכה,IL,קבב עיראקי פרימיום ב,גרמים,600.00,100 גרם,false,,29.90,0.0498,true,1,53229
7290005017988,false,נקניקיות צ'וריסוס 600 גר,נתח אדום,IL,נקניקיות צ'וריסוס פר,גרמים,600.00,100 גרם,false,,29.90,0.0498,true,1,53221
7290005017995,false,שיפודי פרגית קפוא נת,נתח אדום,IL,שיפודי פרגית קפוא נת,גרמים,600.00,100 גרם,false,,49.90,0.0832,true,1,53222
7290005040702,false,שורש חזרת,אראל תוצרת חקלאית בע,IL,שורש חזרת,קילוגרמים,1.00,"ק""ג",true,,19.90,19.9000,true,1,32646
7290005168284,false,"יין גן עדן יקבי ציון 750 מ""ל",יקבי ציון,IL,יין גן עדן עתיק,מיליליטרים,750.00,"100 מ""ל",false,,19.90,0.0265,true,1,1641
7290005168420,false,מיץ ענבים בית סבא יקבי ציון 1 ליטר,יקבי ציון,IL,מיץ ענבים אדום בית ס,קילוגרמים,1.00,ליטר,false,,16.90,16.9000,true,1,35356
7290005168475,false,מיץ ענבים מובחר אדום 100% טבעי 1 ליטר,יקבי ציון,IL,מיץ ענבים תירוש אדום,קילוגרמים,1.00,ליטר,false,,16.90,16.9000,true,1,51501
7290005174513,false,סלט חצילים במיונז אחלה 500 גרם,מיוצר עי קונדיטוריית,IL,חציל במיונז אחלה 500,גרמים,500.00,100 גרם,false,,14.90,0.0298,true,1,3405
7290005200786,false,תפוצ'יפס בטעם שמנת בצל עלית 50 גרם,"שטראוס פריטו ליי בע""\מ )",IL,תפוציפס שמנת בצל 50,גרמים,50.00,100 גרם,false,,3.50,0.0700,true,1,4531
7290005287527,false,"סטארקיסט טונה בשמן עם לימון 160 גרם בד""צ",תאי יוניון גרופ,TH,טונה בשמן לימון ס.ק,גרמים,160.00,100 גרם,false,,6.90,0.0431,true,1,9785
7290005287534,false,"סטארקיסט טונה בשמן עישון טבעי 160 גרם בד""צ",תאי יוניון גרופ,IL,טונה בשמן עישון טבעי,גרמים,160.00,100 גרם,false,,6.90,0.0431,true,1,9783
7290005287657,false,"סטארקיסט ממרח טונה 160 גרם בד""צ","סטארקיסט פודור בע""מ",TH,ממרח טונה סטארקיסט 1,גרמים,160.00,100 גרם,false,,6.90,0.0431,true,1,3922
7290005317125,false,ביסקוויט חצי מצופה 175 גרם,אפיפית נצרת תעשיות ב,IL,ביסקויט חצי מצופה בט,גרמים,175.00,100 גרם,false,,5.50,0.0314,true,1,39226
7290005325045,false,פקעלך ענק,קינד,IL,פקעלך ענק,Unknown,0.00,יחידה,false,,14.90,0.0000,true,1,11407
7290005325052,false,מארז ממתקים סביבון ק,,,מארז ממתקים סביבון ק,Unknown,0.00,יחידה,false,,4.90,0.0000,true,1,8248
7290005325403,false,מארז ממתקים סביבון ג,,,מארז ממתקים סביבון ג,Unknown,0.00,יחידה,false,,7.90,0.0000,true,1,8249
7290005325465,false,פקעלך,קינד,IL,פקעלך,Unknown,0.00,יחידה,false,,3.90,0.0000,true,1,9976
7290005325557,false,מארז ממתקים ענק,,,מארז ממתקים ענק,Unknown,0.00,יחידה,false,,9.90,0.0000,true,1,24428
7290005325618,false,מארז ממתקים ביג בול,,,מארז ממתקים ביג בול,Unknown,0.00,יחידה,false,,9.90,0.0000,true,1,31553
7290005325656,false,פקעלך גדול,קינד,IL,פקעלך גדול,גרמים,140.00,100 גרם,false,,7.90,0.0564,true,1,39164
7290005358739,false,בשר ראש קפוא חלק במש,פריגוצאקו,IL,בשר ראש קפוא חלק,קילוגרמים,1.00,"ק""ג",true,,64.90,64.9000,true,1,49014
7290005358753,false,לשון בקר קפוא חלק קג,נטו,BR,לשון בקר קפוא חלק,קילוגרמים,1.00,"ק""ג",true,,29.90,29.9000,true,1,48059
7290005416019,false,חלב עיזים מלא 3% 1 ל' מחלבת טל,"ל.ד בר אל בע""מ",IL,חלב עיזים מחלבת טל 1,קילוגרמים,1.00,ליטר,false,,14.90,14.9000,true,1,4712
7290005416033,false,מחלבת טל יוגורט עיזים טבעי 3% 500מל,"ל.ד בר אל בע""מ",IL,משקה יוגורט עיזים טל,מיליליטרים,500.00,"100 מ""ל",false,,14.80,0.0296,true,1,4715
7290005416095,false,מחלבת טל גבינת עיזים טבעית 5% 200ג,"ל.ד בר אל בע""מ",IL,גבינה עיזים 5% טל 20,גרמים,200.00,100 גרם,false,,14.80,0.0740,true,1,4714
7290005416262,false,מחלבת טל יוגורט עיזים בטעם תות 500מל,"ל.ד בר אל בע""מ",IL,משקה יוגורט עיזים תו,גרמים,200.00,100 גרם,false,,14.80,0.0740,true,1,4717
7290005416279,false,מחלבת טל יוגורט עיזים בטעם פירות יער 500מל,"ל.ד בר אל בע""מ",IL,משקה יוגורט עיזים פי,גרמים,500.00,100 גרם,false,,14.80,0.0296,true,1,4716
7290005416286,false,מחלבת טל יוגורט עיזים בטעם אננס 500מל,"ל.ד בר אל בע""מ",IL,משקה יוגורט עיזים אנ,מיליליטרים,500.00,"100 מ""ל",false,,14.80,0.0296,true,1,4718
7290005416293,false,מחלבת טל יוגורט עיזים בטעם אפרסק 500מל,"ל.ד בר אל בע""מ",IL,משקה יוגורט עיזים מש,גרמים,200.00,100 גרם,false,,14.80,0.0740,true,1,4719
7290005416491,false,משקה יוגורט עיזים טל,מחלבת טל טלה,IL,משקה יוגורט עיזים טל,גרמים,750.00,100 גרם,false,,12.90,0.0172,true,1,16099
7290005418709,false,"נטורל קרם לחות לקיבוע תלתלים גלי 400 מ""ל",מיוצר עי אמיליה קוסמ,IL,קרם לחות נטורל לשיער,מיליליטרים,400.00,"100 מ""ל",false,,20.70,0.0517,true,1,1685
7290005418716,false,"קרם לחות לבניית תלתלים עגולים נטורל פורמולה 400 מ""ל",מיוצר עי אמיליה קוסמ,IL,קרם לחות נטורל לשיער,מיליליטרים,400.00,"100 מ""ל",false,,20.70,0.0517,true,1,1686
7290005423055,false,סנו פורטה פלוס מתז בניחות לימון 1 ל',"סנו מפעלי ברונוס בע""\מ",IL,תרסיס פורטה פלוס לימ,קילוגרמים,1.00,ליטר,false,,16.90,16.9000,true,1,44586
7290005423253,false,"סנו - מקסימה מרסס למייבש כביסה אולטרה פרש 750 מ""ל","סנו מפעלי ברונוס בע""\מ",IL,תרסיס מקסימה למייבש,מיליליטרים,750.00,"100 מ""ל",false,,16.90,0.0225,true,1,1687
7290005423567,false,מטליות ניקוי רב שימושיות בגליל סנו סושי 40 יחידות,אסותא תעשיות אלבד בע,IL,מטליות לניקוי כללי ב,Unknown,0.00,יחידה,false,,18.90,0.0000,true,1,1694
7290005423734,false,מרכך כביסה מרוכז אולטרא פרש סנו מקסימה 4 ליטר,"סנו מפעלי ברונוס בע""\מ",IL,מרכך מקסימה אולטרא פ,קילוגרמים,4.00,ליטר,false,,21.50,5.3750,true,1,1695
7290005423871,false,שלישיית משחת שיניים מנטול אורביטול 145 גרם,טרופיקל דגיל תעשיות קוסמ,IL,משחת אורביטול פלואור,גרמים,435.00,100 גרם,false,,16.50,0.0379,true,1,1697
7290005423918,false,סנו - מקסימה מרכך כביסה היפואלרגני אלוורה 4 ליטר,"סנו מפעלי ברונוס בע""\מ",IL,מרכך מקסימה בייבי אל,קילוגרמים,4.00,ליטר,false,,21.50,5.3750,true,1,1698
7290005424205,false,ריצפז פלוס נוזל לניקוי רצפה דוחה תיקנים סנו 4 ליטר,סנו,IL,ריצפז + דוחה תיקנים,קילוגרמים,4.00,ליטר,false,,39.90,9.9750,true,1,1701
7290005424472,false,אורביטול מי פה להלבנת שיניים 1 ל',סנו,IL,מי פה אורביטול הלבנה,קילוגרמים,1.00,ליטר,false,,26.90,26.9000,true,1,26781
7290005424700,false,סנו - פורטה פלוס מרסס מסיר שומנים 1 ליטר,"סנו מפעלי ברונוס בע""\מ",IL,תרסיס פורטה פלוס מסי,קילוגרמים,1.00,ליטר,false,,16.90,16.9000,true,1,37384
7290005424762,false,ריצפז פלוס ווקס נוזל להברקת רצפות דוחה תיקנים סנו 2 ליטר,"סנו מפעלי ברונוס בע""\מ",IL,ריצפז + דוחה תיקנים,קילוגרמים,2.00,ליטר,false,,25.90,12.9500,true,1,1704
7290005424991,false,סנו פרש אוטומטיק בהתזה קצובה ניחוח בייבי פאודר,סנו מפעלי ברונוס בעמ,IL,מבשם אויר סנו פרש או,מיליליטרים,250.00,"100 מ""ל",false,,12.90,0.0516,true,1,48957
7290005425073,false,"מטהר אויר בניחוח יסמין ועץ סאנדלווד סנו 300 מ""ל","סנו מפעלי ברונוס בע""\מ",IL,מטהר סנו דאופרש יסמי,גרמים,300.00,100 גרם,false,,10.70,0.0357,true,1,1710
7290005425110,false,"חיטוי משטחים 99.9% מתז מחטא ומשמיד 750 מ""ל","סנו מפעלי ברונוס בע""\מ",IL,תרסיס סנו 99.9 חיטוי,מיליליטרים,750.00,"100 מ""ל",false,,14.90,0.0199,true,1,45311
7290005425127,false,"חיטוי משטחים 99.9% מתז לשומנים ואבנית 750 מ""ל","סנו מפעלי ברונוס בע""\מ",IL,תרסיס סנו 99.9 חיטוי,מיליליטרים,750.00,"100 מ""ל",false,,14.90,0.0199,true,1,45312
7290005425646,false,קליר נוזל לניקוי חלונות רב תכליתי סנו 1 ליטר,"סנו מפעלי ברונוס בע""\מ",IL,תרסיס סנוקליר 1 ליטר,קילוגרמים,1.00,ליטר,false,,9.90,9.9000,true,1,1714
7290005425912,false,אוקסיג'ן ג'ל להסרת כתמים עם חמצן פעיל סנו 4 ליטר,סנו אוקסיג'ן,IL,גל אוקסיגן 4 ליטר,קילוגרמים,4.00,ליטר,false,,29.90,7.4750,true,1,1718
7290005426018,false,אל סבון בייבי כיף 2 ליטר,קוסמופארם בע'\'\מ,IL,אל סבון בייבי כיף 2,קילוגרמים,2.00,ליטר,false,,24.90,12.4500,true,1,1719
7290005426193,false,ספוגית הפלא סנו סושי 6 יחידות,טרופיקל דגיל תעשיות,IL,ספוג הפלא סנו סושי 6,Unknown,0.00,יחידה,false,,9.90,0.0000,true,1,1721
7290005426230,false,מטלית הפלא לרצפה מיקרופייבר סנו 1יח',קריות זול,CN,מטלית רצפה מיקרופייב,Unknown,0.00,יחידה,false,,11.70,0.0000,true,1,1722
7290005426568,false,"קרמה - קרם לחות לשיער רגיל 400 מ""ל",טרופיקל דגיל תעשיות,IL,קרם לחות קרמה לשיער,מיליליטרים,400.00,"100 מ""ל",false,,16.90,0.0422,true,1,1727
7290005426575,false,"קרמה לחות לשיער יבש ללא שטיפה 400 מ""ל",טרופיקל דגיל תעשיות,IL,קרם לחות קרמה לשיער,מיליליטרים,400.00,"100 מ""ל",false,,16.90,0.0422,true,1,1728
7290005426629,false,"סנו דואופרש אורן לוטוס ופרחי מים ודובדבן, 300 מ""ל",סנו fresh,IL,מטהר סנו דאופרש דובד,מיליליטרים,300.00,"100 מ""ל",false,,10.70,0.0357,true,1,1729
7290005426803,false,מקסימה מרכך כביסה פצ'ולי לבנדר סגול סנו 4 ליטר,סנו מקסימה,IL,מ.כביסה מקסימה פצולי,קילוגרמים,4.00,ליטר,false,,21.50,5.3750,true,1,1733
7290005426940,false,"סנו K-300 מדביר חרקים 475 מ""ל",טרופיקל דגיל תעשיות,IL,קוטל K300 פלוס 8 סנו,מיליליטרים,400.00,"100 מ""ל",false,,19.90,0.0497,true,1,1735
7290005426971,false,סנובון סבון לאסלה תפוח כחול סנו 3 יחידות,סנו מפעלי ברונו בעמ,IL,סנובון כחול תפוח 3 י,גרמים,165.00,100 גרם,false,,14.90,0.0903,true,1,1737
7290005427633,false,"כיף גל לשיער לשיער חזק במיוחד 1 ק""ג",קוסמופארם,IL,גל כיף לעיצוב שיער 1,פריט,1.00,"ק""ג",false,,19.90,19.9000,true,1,1752
7290005427732,false,אל סבון נוזלי בניחוח קמומיל כיף 2 ליטר,קוסמופארם,IL,אלסבון כיף קמומיל 2,קילוגרמים,2.00,ליטר,false,,13.90,6.9500,true,1,1754
7290005427749,false,אל סבון נוזלי בניחוח אצות ים עם לחות כיף 2 ליטר,טרופיקל דגיל תעשיות,IL,אלסבון כיף אצות ים 2,קילוגרמים,2.00,ליטר,false,,13.90,6.9500,true,1,1755
7290005427756,false,אל סבון נוזלי אלוורה כיף 2 ליטר,קוסמופארם,IL,אלסבון כיף אלוורה 2,קילוגרמים,2.00,ליטר,false,,13.90,6.9500,true,1,40902
7290005427763,false,אל סבון נוזלי בניחוח גינסינג כיף 2 ליטר,קוסמופארם,IL,אלסבון כיף גינסינג 2,קילוגרמים,2.00,ליטר,false,,13.90,6.9500,true,1,1756
7290005427770,false,"קרמה - קרם לחות לשיער לגבר 400 מ""ל",טרופיקל דגיל תעשיות,IL,קרם לחות קרמה לשיער,מיליליטרים,400.00,"100 מ""ל",false,,16.90,0.0422,true,1,1757
7290005427848,false,מטליות ניקוי רב שימושיות בגליל סנו סושי 40 יחידות,קריות זול,IL,מטליות לניקוי כללי ב,Unknown,0.00,יחידה,false,,18.90,0.0000,true,1,1758
7290005429279,false,סנו מקסימה קומפקט קומפקט אפקט גאוול 6 ק,סנו מפעלי ברונוס בעמ,IL,אבקת מקסימה גאוול 6,פריט,6.00,"ק""ג",false,,39.90,6.6500,true,1,1769
7290005429286,false,"אבקת כביסה מקסימה ביו 6 ק""ג סנו",סנו מקסימה,IL,"אבקת מקסימה ביו 6 ק""",פריט,6.00,"ק""ג",false,,39.90,6.6500,true,1,1770
7290005430602,false,"סנו אוקסיג'ן ספריי להסרת כתמים עם חמצן פעיל 750 מ""ל","סנו מפעלי ברונוס בע""",IL,"תרסיס אוקסיגן 750 מ""",מיליליטרים,750.00,"100 מ""ל",false,,17.70,0.0236,true,1,1772
7290005437069,false,"שמן זית למאור בד""ץ טעמן 1 ליטר",מוצרי יסוד - טעמן,IL,שמן זית למאור טעמן 1,קילוגרמים,1.00,ליטר,false,,19.90,19.9000,true,1,1778
7290005437502,false,פטריות שמפיניון חתוכות 400 גר' טעמן,מוצרי יסוד - טעמן,IL,פטריות חתוכות טעמן 4,גרמים,400.00,100 גרם,false,,4.90,0.0123,true,1,35771
7290005437755,false,פסטה בילאגיו צינורות 500 גרם טעמן,מוצרי יסוד - טעמן,TR,פסטה צינורות טעמן 50,גרמים,500.00,100 גרם,false,,3.90,0.0078,true,1,1782
7290005437762,false,פסטה בילאג'יו ספירלה 500גר' טעמן,מוצרי יסוד - טעמן,TR,פסטה ספירלה טעמן 500,גרמים,500.00,100 גרם,false,,3.90,0.0078,true,1,1783
7290005437830,false,פרוסות אננס במיץ טבעי טעמן 825 גרם,פ.ת גרייט פנאפל,ID,לפתן אננס פרוס טעמן,גרמים,825.00,100 גרם,false,,9.90,0.0120,true,1,1785
7290005437861,false,קוקטייל פירות טרופיים בסירופ קל טעמן 825 גרם,פ.ת גרייט פנאפל,ID,לפתן קוקטייל טעמן 90,גרמים,900.00,100 גרם,false,,11.90,0.0132,true,1,1786
7290005437939,false,פסטה ספגטיני מס' 10 500 גר' טעמן,מוצרי יסוד - טעמן,TR,ספגטיני טעמן 500 גרם,גרמים,500.00,100 גרם,false,,3.90,0.0078,true,1,1787
7290005437946,false,פסטה בילאג'יו ספגטי 500גר טעמן,מוצרי יסוד - טעמן,TR,ספגטי טעמן 500 גרם,גרמים,500.00,100 גרם,false,,3.90,0.0078,true,1,1788
7290005559990,false,בצק פילאס תורכי מעדנות 600 גרם,מיוצר עי קונדיטוריית,IL,בצק פילאס תורכי מעדנ,גרמים,600.00,100 גרם,false,,19.90,0.0332,true,1,1797
7290005576010,false,חסה גלאט עלים - יח',רביבים,IL,חסה ערבית גלאט,Unknown,0.00,יחידה,false,,7.90,0.0000,true,1,1801
7290005576027,false,פטרוזיליה גלאט עלים - יח,רביבים,IL,פטרוזיליה מהדרין,Unknown,0.00,יחידה,false,,5.90,0.0000,true,1,1802
7290005576034,false,כוסברה גלאט עלים - יח',רביבים,IL,כוסברה מהדרין,Unknown,0.00,יחידה,false,,6.90,0.0000,true,1,1803
7290005576041,false,שמיר גלאט יחידה,רביבים,IL,שמיר מהדרין,Unknown,0.00,יחידה,false,,6.90,0.0000,true,1,1804
7290005576065,false,סלרי גלאט יחידה,רביבים,IL,סלרי מהדרין,Unknown,0.00,יחידה,false,,6.90,0.0000,true,1,1806
7290005576072,false,סלק עלים גלאט עלים,רביבים,IL,עלי סלק מהדרין,Unknown,0.00,יחידה,false,,6.90,0.0000,true,1,1807
7290005576089,false,בצל ירוק גלאט עלים,ביכורי השקמה,IL,בצל ירוק גלאט,Unknown,0.00,יחידה,false,,6.90,0.0000,true,1,1808
7290005576096,false,כרוב לבן שלם גלאט עלים,רביבים,IL,כרוב לבן גלאט עלים,קילוגרמים,1.00,"ק""ג",true,,14.90,14.9000,true,1,1809
7290005576164,false,בזיליקום גלאט עלים,רביבים,IL,בזיליקום מהדרין,Unknown,0.00,יחידה,false,,6.90,0.0000,true,1,1812
7290005576195,false,לבבות חסה רביבים 250 גר',רביבים,IL,לבבות חסה גלאט עלים,גרמים,200.00,100 גרם,false,,13.90,0.0695,true,1,20982
7290005678059,false,ענבים ירוקים ענבי טל,,IL,ענבים ירוקים ענבי טל,קילוגרמים,1.00,"ק""ג",true,,17.90,17.9000,true,1,63452
7290005678318,false,ענב לבן אוטם קריספ טלי,אראל תוצרת חקלאית בע,IL,ענבי בוטיק אוטום קרי,קילוגרמים,1.00,"ק""ג",true,,17.90,17.9000,true,1,58573
7290005678646,false,ענבים שחורים ענבי לכ,,IL,ענבים שחורים ענבי לכ,קילוגרמים,1.00,"ק""ג",true,,13.90,13.9000,true,1,63943
7290005678653,false,ענבים אדומים ענבי טל,אראל תוצרת חקלאית בע,IL,ענבים צבעוניים ענבי,קילוגרמים,1.00,"ק""ג",true,,17.90,17.9000,true,1,63531
7290005680052,false,טמפונים סופר פלוס אובה 32 יחידות,גונסון אנד גונסון,GR,טמפונים אובה פרוקומפ,Unknown,0.00,יחידה,false,,19.90,0.0000,true,1,6663
7290005816505,false,אמנון עם פס עור לפי משקל,,IL,פילה אמנון צ'ירינה ל,קילוגרמים,1.00,"ק""ג",true,,24.90,24.9000,true,1,61348
7290005838002,false,מעדן גבינה ויוגורט בטעם וניל 88 ג' דניאלה,"שטראוס בריאות בע""מ",IL,דניאלה וניל 88 גרם,Unknown,0.00,יחידה,false,,3.90,0.0000,true,1,1857
7290005838613,false,"סקי וניל בודד 125 גרם ""שטראוס""","שטראוס בריאות בע""\מ",IL,מעדן גבינה בטעם וניל,גרמים,125.00,100 גרם,false,,3.70,0.0296,true,1,8911
7290005839078,false,שמיניית יוגורט לבן 3% ביו דנונה 150 גרם,מיוצר עי קונדיטוריית,IL,מארז יוגורט פרוביוטי,קילוגרמים,1.20,ליטר,false,,15.90,13.2500,true,1,1858
7290005839108,false,גבינה לבנה סימפוניה עם תוספות 200 ג'+זיתים 5%,"שטראוס בריאות בע""\מ",IL,גבינת שמנת זיתים 5%,גרמים,200.00,100 גרם,false,,9.70,0.0485,true,1,1859
7290005877247,false,סטייק פרגית עוף טרי,,,סטייק פרגית עוף טרי,קילוגרמים,1.00,"ק""ג",true,,59.90,59.9000,true,1,58447
7290005877254,false,פילה עוף טרי עוף גלי,,,פילה עוף טרי עוף גלי,קילוגרמים,1.00,"ק""ג",true,,29.90,29.9000,true,1,58452
7290005877278,false,עוף שלם טרי ארוז,,,עוף שלם טרי כשר,קילוגרמים,1.00,"ק""ג",true,,18.90,18.9000,true,1,58442
7290005877308,false,כנפיים עוף טרי עוף ג,,,כנפיים עוף טרי עוף ג,קילוגרמים,1.00,"ק""ג",true,,6.90,6.9000,true,1,58450
7290005877322,false,חזה עוף טרי חצוי מעו,,,חזה עוף טרי חצוי מעו,קילוגרמים,1.00,"ק""ג",true,,23.90,23.9000,true,1,58443
7290005877339,false,שוקיים עוף טרי ארוז,,,שוקיים עוף טרי כשר,קילוגרמים,1.00,"ק""ג",true,,22.90,22.9000,true,1,58445
7290005877346,false,שניצל עוף פרוס טרי ע,,,שניצל עוף פרוס טרי ע,קילוגרמים,1.00,"ק""ג",true,,24.90,24.9000,true,1,58454
7290005877353,false,כרעיים עוף טרי עוף ג,,,כרעיים עוף טרי עוף ג,קילוגרמים,1.00,"ק""ג",true,,26.90,26.9000,true,1,58446
7290005896439,false,"בירה מכבי, בקבוק חוזר 500 מ''ל","טמפו משקאות בע""מ",IL,בירה מכבי ב.חוזר 5%,מיליליטרים,500.00,"100 מ""ל",false,,6.90,0.0138,true,1,9296
7290006065049,false,בלו פיש פילה באס יפני 5-7 (לברק),,IL,פילה לברק הדייג שלי,קילוגרמים,1.00,"ק""ג",true,,42.90,42.9000,true,1,63585
7290006199218,false,"שמיניית גלידל אייס מוקה ""פלדמן""",הגלידות של פלדמן,IL,מאגדת גלידל שלגון ב,גרמים,400.00,100 גרם,false,,28.90,0.0722,true,1,64565
7290006199942,false,"שמיניית גלידל פרי דובדבן ""פלדמן""",הגלידות של פלדמן,IL,מאגדת גלידל פרי דובד,גרמים,640.00,100 גרם,false,,20.90,0.0327,true,1,51976
7290006214003,false,חלבה ממולאת א.חלב נכ,אל מנאר,IL,חלוה ממולאת במשקל,קילוגרמים,1.00,"ק""ג",true,,59.00,59.0000,true,1,46945
7290006222497,false,פקאן מצופה בטעמים במ,"דין שיווק וקלייה בע""",IL,פקאן מצופה בטעמים במ,קילוגרמים,1.00,"ק""ג",true,,99.00,99.0000,true,1,49692
7290006241504,false,"משקה תפוזים קפוא פריגת 340 מ""ל",פריגת מצוננים,IL,תרכיז תפוזים קפוא פר,גרמים,345.00,100 גרם,false,,11.90,0.0345,true,1,5087
7290006241511,false,"משקה לימונענע מרוכז קפוא פריגת 280 מ""ל",היינץ צפון אמריקה מק,IL,תרכיז לימונענע קפוא,גרמים,340.00,100 גרם,false,,11.90,0.0350,true,1,5086
7290006241535,false,"משקה מנגו קפוא פריגת 340 מ""ל",היינץ צפון אמריקה מק,IL,תרכיז מנגו קפוא פריג,גרמים,350.00,100 גרם,false,,11.90,0.0340,true,1,5085
7290006251275,false,תה ירוק סיני קלאסי ויסוצקי 25 יחידות,תה ויסוצקי,IL,תה ירוק סיני 25 שקיק,גרמים,38.00,100 גרם,false,,22.90,0.6026,true,1,6913
7290006251343,false,חליטת פסיפלורה מנגו הגן הקסום ויסוצקי 25 יחידות,תה ויסוצקי,IL,תה פסיפלורה מנגו הגן,גרמים,63.00,100 גרם,false,,17.50,0.2778,true,1,1924
7290006251589,false,תה ירוק עם עלי נענע 50 שקיקים ויסוצקי,בית ויסוצקי,IL,תה ירוק נענע 50 שקיק,גרמים,75.00,100 גרם,false,,36.90,0.4920,true,1,1925
7290006265500,false,פטריות שמפיניון ארוז מרינה,"מרינה פטריות הגליל בע""מ",IL,פטריות שמפיניון ארוז,Unknown,0.00,יחידה,false,,8.90,0.0000,true,1,7484
7290006265548,false,נבטים סינים מרינה ארוז 360ג',"מרינה פטריות הגליל בע""מ",IL,נבטים סינים יח,Unknown,0.00,יחידה,false,,5.90,0.0000,true,1,8993
7290006265890,false,נבטי גרעיני חמניה יח,"מרינה פטריות הגליל בע""מ",IL,נבטי חמניה יח,Unknown,0.00,יחידה,false,,8.90,0.0000,true,1,8995
7290006271181,false,ג'חנון אפוי למיקרוגל מעדנות 750 גרם,מיוצר עי קונדיטוריית,IL,גחנון אפוי מעדנות 75,גרמים,750.00,100 גרם,false,,21.90,0.0292,true,1,1927
7290006271655,false,מיני בורקס גבינה מעדנות 800 גרם,מיוצר עי קונדיטוריית,IL,מיני בורקס גבינה מעד,גרמים,800.00,100 גרם,false,,19.90,0.0249,true,1,5410
7290006299048,false,יין ג'וזף רזרב 2019,יקב ג'ודואה,IL,יין ג'וזף רזרב 2019,מיליליטרים,750.00,"100 מ""ל",false,,109.90,0.1465,true,1,53777
7290006306296,false,רביולי במילוי גבינה לילדים פסטה נונה גד 400 גרם,דורום תעשיות מזון ופסטה,IL,רביולי גבינה נונה 40,גרמים,400.00,100 גרם,false,,19.90,0.0497,true,1,6385
7290006306302,false,רביולי במילוי גבינות פרמזן ריקוטה 400 ג' פסטה נונה,דורום תעשיות מזון ופסטה,IL,רביולי פרמזן וריקוטה,גרמים,400.00,100 גרם,false,,19.90,0.0497,true,1,1934
7290006306319,false,רביולי במילוי בטטה 400 ג' פסטה נונה,דורום תעשיות מזון ופסטה,IL,רביולי בטטה נונה 400,גרמים,400.00,100 גרם,false,,19.90,0.0497,true,1,1935
7290006306326,false,רביולי במילוי פטריות וגבינת פרמזן פסטה נונה 400 ג',דורום תעשיות מזון ופסטה,IL,רביולי פטריות ופרמזן,גרמים,400.00,100 גרם,false,,19.90,0.0497,true,1,1936
7290006306333,false,רביולי במילוי תרד וגבינת ריקוטה פסטה נונה 400 ג',דורום תעשיות מזון ופסטה,IL,רביולי תרד וריקוטה נ,גרמים,400.00,100 גרם,false,,19.90,0.0497,true,1,1937
7290006306357,false,רביולי במילוי גבינת עיזים 400 ג' פסטה נונה,דורום תעשיות מזון ופסטה,IL,רביולי גבינת עיזים נ,גרמים,400.00,100 גרם,false,,19.90,0.0497,true,1,1939
7290006342072,false,גרעין לבן ששון הקולה 200 גרם,"דין שיווק וקלייה בע""",IL,גרעין לבן 200 גרם יח,גרמים,200.00,100 גרם,false,,6.50,0.0325,true,1,3190
7290006342447,false,גרעיני אבטיח ששון הקולה 200 גרם,"דין שיווק וקלייה בע""",IL,גרעין אבטיח 200 גרם,גרמים,200.00,100 גרם,false,,12.40,0.0620,true,1,3193
7290006342645,false,טורטיה גדולה שקדיה 840 גרם 12 יחידות,אלקטי קוראבייכיסיגיד,TR,טורטיות 12*70 גרם,מיליליטרים,840.00,"100 מ""ל",false,,14.90,0.0177,true,1,8759
7290006374653,false,דבש לייט מופחת קלוריות יד מרדכי 350 ג',מכוורת יד מרדכי שטראוס ב,IL,דבש לייט יד מרדכי 35,גרמים,350.00,100 גרם,false,,24.90,0.0711,true,1,6740
7290006374660,false,שמן זית כתית לתיבול קלאסי יד מרדכי 1 ליטר,מכוורת יד מרדכי שטראוס ב,IL,שמן זית קלאסי יד מרד,קילוגרמים,1.00,ליטר,false,,39.90,39.9000,true,1,20701
7290006374738,false,קונפיטורית תות 340 גר' יד מרדכי,אף.סי תבליני בגליל ב,IL,קונפיטורה תות יד מרד,גרמים,340.00,100 גרם,false,,12.90,0.0379,true,1,29207
7290006429506,false,חצאי אפרסקים 820 גרם טעמן,טעמן,IL,לפתן אפרסק טעמן 820,גרמים,820.00,100 גרם,false,,9.70,0.0118,true,1,1958
7290006449955,false,מלפפון בייבי מארז,"מרינה פטריות הגליל בע""מ",IL,מלפפון בייבי מארז,Unknown,0.00,יחידה,false,,8.90,0.0000,true,1,13906
7290006492432,false,גבינת מוצרלה בייבי 18% גד 150 גרם,מחלבות גד בעמ,IL,גבינת מוצרלה בייבי 1,גרמים,150.00,100 גרם,false,,13.90,0.0927,true,1,1968
7290006492685,false,גבינת לאבנה 5% מחלב עזים גד 250 גרם,מחלבות גד בעמ,IL,לאבנה עיזים 5% גד 25,גרמים,250.00,100 גרם,false,,14.90,0.0596,true,1,1969
7290006492852,false,גבינת עיזים למריחה 5% שומן 250 ג' גד,גבינות מדף,IL,גבינה עיזים 5% גד 25,גרמים,250.00,100 גרם,false,,17.90,0.0716,true,1,1970
7290006497130,false,קישקע פרווה רובינפלד,,IL,קישקע פרווה רובינפלד,גרמים,500.00,100 גרם,false,,17.90,0.0358,true,1,20134
7290006511683,false,פולי סויה מאנצ`ו קפוא 454 ג' וילפוד,קו.אל.טי.די.קיאוניונ,CN,פולי סויה מאנצו 454,גרמים,454.00,100 גרם,false,,7.90,0.0174,true,1,6703
7290006541031,false,נר נשמה בכוס 48 שעות,נרות מאור,IL,נר נשמה בכוס 48 שעות,Unknown,0.00,יחידה,false,,3.90,0.0000,true,1,17194
7290006560964,false,מגש מלבן שקוף 5 יח,בי רייט,CN,מגש מלבן שקוף 5 יח,Unknown,0.00,יחידה,false,,19.90,0.0000,true,1,35833
7290006561022,false,מגש מחולק ל - 4 שקוף,הנג טונג,CN,מגש מחולק ל - 4 שקוף,Unknown,0.00,יחידה,false,,19.90,0.0000,true,1,35832
7290006561039,false,קערה מרובעת שקופה קט,הנג טונג,CN,קערה מרובעת שקופה קט,Unknown,0.00,יחידה,false,,19.90,0.0000,true,1,35829
7290006561121,false,קערה 2 פסים ענקית לס,הנג טונג,CN,קערה 2 פסים ענקית לס,Unknown,0.00,יחידה,false,,19.90,0.0000,true,1,40603
7290006561138,false,קערה 3 פסים קטנות לס,הנג טונג,CN,קערה 3 פסים קטנות לס,Unknown,0.00,יחידה,false,,19.90,0.0000,true,1,40604
7290006582355,false,סילאן סירופ 900 גרם שקדיה,"דין שיווק וקליה בע""מ",TR,סילאן שקדיה 900 גרם,,900.00,,false,,9.90,0.0110,true,1,6495
7290006664037,false,גמדים דגנים ארוחת בוקר מארז 100X4ג',"שטראוס בריאות בע""\מ",IL,מארז גמדים תות/ תפוח,גרמים,400.00,100 גרם,false,,10.90,0.0273,true,1,4092
7290006664051,false,"אקטימל לבן 1.51 ק""ג מארז 14 יחידות",מיוצר עי קונדיטוריית,IL,אקטימל דנונה 14*100,קילוגרמים,1.40,ליטר,false,,28.90,20.6429,true,1,2022
7290006664402,false,גבינה לבנה סקי 5% שומן 750 גרם,מיוצר עי קונדיטוריית,IL,גבינה 5% סקי 750 גרם,גרמים,750.00,100 גרם,false,,12.90,0.0172,true,1,3421
7290006664532,false,יוגורט עם תות 3% שומן 150 ג' דנונה,מיוצר עי קונדיטוריית,IL,דנונה פרי תות 150 גר,גרמים,150.00,100 גרם,false,,3.50,0.0233,true,1,2026
7290006664655,false,"אקטימל לבן טבעי מארז 100X8 מ""ל",מיוצר עי קונדיטוריית,IL,אקטימל דנונה 8*100 מ,מיליליטרים,800.00,"100 מ""ל",false,,19.50,0.0244,true,1,2028
7290006664693,false,יוגורט עם אפרסק 3% שומן 150 ג' דנונה,מיוצר עי קונדיטוריית,IL,דנונה פרי אפרסק 150,מיליליטרים,150.00,"100 מ""ל",false,,3.50,0.0233,true,1,2029
7290006664990,false,"יוגורט דנונה ביו לבן 1.7% שומן 8*150 מ""ל",מיוצר עי קונדיטוריית,IL,מארז יוגורט פרוביוטי,קילוגרמים,1.20,ליטר,false,,15.90,13.2500,true,1,2031
7290006681003,false,גלידה תות לימון סורבה 1.33 ל' קרמיסימו,"גלידת שטראוס בע""\מ, רחוב",IL,שרבט קרמיסימו תות לי,קילוגרמים,1.33,ליטר,false,,17.50,13.1579,true,1,2032
7290006681553,false,קרמבו בטעם וניל שטראוס 8 יחידות,"גלידת שטראוס בע""\מ",IL,קרמבו וניל שטראוס 8,גרמים,200.00,100 גרם,false,,12.90,0.0645,true,1,59125
7290006681560,false,קרמבו בטעם מוקה שטראוס 8 יחידות,"גלידת שטראוס בע""מ",IL,קרמבו מוקה שטראוס 8,גרמים,200.00,100 גרם,false,,12.90,0.0645,true,1,59126
7290006696717,false,יקבי אפרת תירוש מוסקט לבן 1 ליטר,יקב טפרברג 1870 בעמ,IL,תירוש לבן אפרת 1 ליט,קילוגרמים,1.00,ליטר,false,,12.90,12.9000,true,1,2043
7290006704757,false,סלרי ראש יח',"מרינה פטריות הגליל בע""מ",IL,סלרי ראש יח',Unknown,0.00,יחידה,false,,5.90,0.0000,true,1,29071
7290006712981,false,"משחת שיניים קולגייט ספיידרמן מגיל שש 50 מ""ל",הנסיך- מפעל לייצור ט,PL,משחת קולגייט ילדים ב,מיליליטרים,50.00,"100 מ""ל",false,,11.90,0.2380,true,1,14163
7290006730268,false,טרופית עם פקק 40 יח',קלית סיטבון בעמ,IL,טרופיק פקק 40 יח,קילוגרמים,8.00,ליטר,false,,39.90,4.9875,true,1,9053
7290006730398,false,טרופיק קש 40 יחידות,קלית סיטבון בעמ,IL,טרופיק קש 40 יח,קילוגרמים,8.00,ליטר,false,,29.90,3.7375,true,1,7147
7290006739131,false,בצק גולמי פילו זוגלובק 500ג',מאפיית אריאל,IL,בצק פילו זוגלובק 500,גרמים,500.00,100 גרם,false,,11.90,0.0238,true,1,12151
7290006739407,false,שניצל תירס לייט זוגלובק 600 גרם,נקניק נהריה כשר זוגל,IL,שניצל תירס לייט זוגל,גרמים,630.00,100 גרם,false,,19.90,0.0316,true,1,5564
7290006739414,false,נקניק סלמי קוניאק זוגלובק 300 גרם,נקניק נהריה כשר זוגל,IL,סלמי קוניאק זוגלובק,גרמים,300.00,100 גרם,false,,24.90,0.0830,true,1,4796
7290006739421,false,נקניק סלמי מעושן איטלקי זוגלובק 300 גרם,נקניק נהריה כשר זוגל,IL,סלמי מעושן איטלקי זו,גרמים,300.00,100 גרם,false,,24.90,0.0830,true,1,4795
7290006739445,false,שניצל תירס קלאסי 750 ג' זוגלובק,נקניק נהריה כשר זוגל,IL,שניצל תירס זוגלובק 7,גרמים,750.00,100 גרם,false,,21.90,0.0292,true,1,3641
7290006741363,false,בורקס תפוחי אדמה זוגלובק 800 גרם,מאפיית אריאל וגידרון,IL,בורקס תפוא זוגלובק 8,גרמים,800.00,100 גרם,false,,13.90,0.0174,true,1,2045
7290006741387,false,"מלאווח תימני זוגלובק 700 ג' בד""צ",נקניק נהריה כשר זוגל,IL,מלוואח זוגלובק 700 ג,גרמים,700.00,100 גרם,false,,12.90,0.0184,true,1,2046
7290006742278,false,פסטרמה הודו צלויה על לבנים 330 ג' זוגלובק,נקניק נהריה כשר זוגל,IL,פסטרמה צלויה על לבני,גרמים,330.00,100 גרם,false,,25.90,0.0785,true,1,4800
7290006742315,false,פסטרמה חזה הודו ברביקיו 2% זוגלובק 330 גרם,נקניק נהריה כשר זוגל,IL,פסטרמה ברביקיו זוגלו,גרמים,330.00,100 גרם,false,,25.90,0.0785,true,1,4797
7290006764065,false,בירה נשר מאלט ללא אלכוהול 500 מל,"טמפו משקאות בע""\ם.",IL,בירה נשר מאלט ב.חוזר,מיליליטרים,500.00,"100 מ""ל",false,,4.80,0.0096,true,1,6509
7290006764072,false,"בירה גולדסטאר בקבוק 500 מ""ל חוזר","טמפו משקאות בע""\מ",IL,בירה גולדסטאר ב.חוזר,מיליליטרים,500.00,"100 מ""ל",false,,7.90,0.0158,true,1,6508
7290006764157,false,"בירה גולדסטאר Unfiltered, בירה לא מסוננת, בקבוק חוזר 500 מ""ל",טמפו משקאות בע''מ,IL,בירה גולדסטאר לא מסו,מיליליטרים,500.00,"100 מ""ל",false,,7.90,0.0158,true,1,47168
7290006765000,false,טורטיה מקמח מלא שקדיה 540 גרם,אלקטי קוראבייכיסיגיד,TR,טורטיות חיטה מלאה 12,גרמים,540.00,100 גרם,false,,11.90,0.0220,true,1,8760
7290006775016,false,עוגה מבית טוב 450 גרם תפוז,אחדות ביחר לטחינה חל,IL,עוגת תפוז אחוה 450 ג,גרמים,450.00,100 גרם,false,,9.80,0.0218,true,1,2055
7290006775023,false,"עוגה מבית טוב"" 450 גרם אנגלית",אחדות ביחר לטחינה חל,IL,עוגה אנגלית אחוה 450,גרמים,450.00,100 גרם,false,,9.80,0.0218,true,1,2056
7290006775030,false,"עוגה מבית טוב"" 450 גרם שוקו-ציפס",אחדות ביחר לטחינה חל,IL,עוגת שוקולד ציפס אחו,גרמים,450.00,100 גרם,false,,9.80,0.0218,true,1,2057
7290006775047,false,"עוגה מבית טוב"" 450 גרם שוקולד",אחדות ביחר לטחינה חל,IL,עוגת שוקולד אחוה 450,גרמים,450.00,100 גרם,false,,9.80,0.0218,true,1,2058
7290006775054,false,עוגת שיש אחווה 450 ג' אחוה,אחדות ביחר לטחינה חל,IL,עוגת שיש אחוה 450 גר,גרמים,450.00,100 גרם,false,,9.80,0.0218,true,1,2059
7290006775085,false,עוגת שמרים במילוי שוקולד אחוה,אחדות ביחר לטחינה חל,IL,עוגת שמרים שוקולד אח,גרמים,400.00,100 גרם,false,,9.80,0.0245,true,1,2061
7290006775191,false,מאפין ממולא בטעם שוקולד 50 גרם אחוה,אחדות ביחר לטחינה חל,IL,מאפין במילוי שוקולד,גרמים,50.00,100 גרם,false,,1.30,0.0260,true,1,2062
7290006775306,false,מאפינס אישי וניל במילוי תות אחווה 50ג',אחדות ביחר לטחינה חל,IL,מאפין במילוי תות אחו,גרמים,50.00,100 גרם,false,,1.30,0.0260,true,1,2961
7290006775337,false,עוגת שמרים במילוי פרג אחווה,אחדות ביחר לטחינה חל,IL,עוגת שמרים פרג אחוה,גרמים,400.00,100 גרם,false,,9.80,0.0245,true,1,2064
7290006775344,false,עוגת שמרים במילוי קרם קינמון אחוה 400 גרם,אחדות ביחר לטחינה חל,IL,עוגת שמרים במילוי קר,גרמים,400.00,100 גרם,false,,9.80,0.0245,true,1,2065
7290006775405,false,מאפינס שוקוצ'יפס אישי אחווה 45גרם,אחדות ביחר לטחינה חל,IL,מאפין שוקולד ציפס אח,גרמים,45.00,100 גרם,false,,1.30,0.0289,true,1,2066
7290006775764,false,"עוגת שוקוצ'יפס לל""ס אחדות 400 גר'",אחדות ביחר לטחינה חל,IL,עוגת שוקולד ציפס ללא,גרמים,400.00,100 גרם,false,,10.90,0.0273,true,1,2068
7290006775801,false,עוגיות רוגלך שוקולד 400 גר' אחדות,אחדות ביחר לטחינה חל,IL,רוגעלך בטעם שוקולד א,גרמים,400.00,100 גרם,false,,7.90,0.0198,true,1,23254
7290006788429,false,"קרליין - נושם סאן רייס דאודורנט רול און לאישה כתום 75 מ""ל","אמיליה קוסמטיקס בע""מ",IL,דאו רול און קרליין ס,גרמים,75.00,100 גרם,false,,11.70,0.1560,true,1,2084
7290006788436,false,"קרליין - נושם פיור דאודורנט רול און לאישה ורוד 75 מ""ל",משווק: קוסמופארם בעמ,IL,דאו רול און קרליין פ,גרמים,75.00,100 גרם,false,,11.70,0.1560,true,1,2085
7290006788443,false,"קרליין - נושם אוקסיג'ן דאודורנט רול און לאישה סגול 75 מ""ל","אמיליה קוסמטיקס בע""מ",IL,דאו רול און קרליין א,גרמים,75.00,100 גרם,false,,11.70,0.1560,true,1,2086
7290006788498,false,"קרליין - נושם פיור דאודורנט ספריי לאישה ורוד 200 מ""ל",מיוצר עי : אמיליה קוסמטי,IL,דאו ספריי קרליין נוש,מיליליטרים,200.00,"100 מ""ל",false,,11.70,0.0585,true,1,2088
7290006788504,false,"קרליין - נושם אוקסיג'ן דאודורנט ספריי לאישה סגול 200 מ""ל",מיוצר עי : אמיליה קוסמטי,IL,דאו ספריי קרליין נוש,מיליליטרים,200.00,"100 מ""ל",false,,11.70,0.0585,true,1,2089
7290006805850,false,פילסברי פנקייק תערובת להכנת חביתיות,הדקלאים אגודת שיתופי,IL,תערובת להכנת פנקייק,גרמים,500.00,100 גרם,false,,15.90,0.0318,true,1,2093
7290006822192,false,נקטר דיאט חמוציות אושן ספריי פריגת 1 ליטר,מבשלות בירה בינלאומיות ב,IL,נקטר חמוציות דיאט או,קילוגרמים,1.00,ליטר,false,,11.90,11.9000,true,1,3473
7290006983152,false,קרוטונים מתובלים למרק אסם 400 גרם,עינת תעשיות מזון אגו,IL,קרוטונים למרק אסם 40,גרמים,400.00,100 גרם,false,,17.90,0.0447,true,1,2119
7290006983176,false,אוסם - לחמית שיפון 250 גרם,"אסם השקעות בע""\מ",IL,לחמית שיפון 230 גרם,גרמים,230.00,100 גרם,false,,7.90,0.0343,true,1,2120
7290006983206,false,תערובת להכנת פלפל קלי קלות 180 גרם,"אסם השקעות בע""\מ",IL,אבקת פלאפל אסם 180 ג,גרמים,180.00,100 גרם,false,,9.50,0.0528,true,1,5648
7290006983527,false,עוגת הבית תפוחי עץ עם פירורים 400 ג' אסם,מיוצר עי קונדיטוריית,IL,עוגת תפוח עץ פרורים,גרמים,400.00,100 גרם,false,,14.90,0.0373,true,1,2121
7290006983770,false,עוגת הבית שיש אסם 400 גרם,מיוצר עי קונדיטוריית,IL,עוגת שיש אסם 400 גרם,גרמים,400.00,100 גרם,false,,10.90,0.0273,true,1,2122
7290006983787,false,עוגת הבית שוקולד צ'יפס אסם 400 גרם,מיוצר עי קונדיטוריית,IL,עוגת שוקולד ציפס אסם,גרמים,400.00,100 גרם,false,,10.90,0.0273,true,1,2123
7290006983794,false,עוגת הבית בטעם תפוז אסם 400 גרם,מיוצר עי קונדיטוריית,IL,עוגת תפוז אסם 380 גר,גרמים,400.00,100 גרם,false,,10.90,0.0273,true,1,2124
7290006992161,false,מטרנה - דייסת קורנפלור פרוביוטי 200 גרם,מולינו ניקולי s.p.a,IL,דייסת קורנפלור מטרנה,גרמים,200.00,100 גרם,false,,12.90,0.0645,true,1,2126
7290006992185,false,"מטרנה - דייסת אורז פרוביוטי כשל""פ 200 גרם",מולינו ניקולי s.p.a,IL,דייסת אורז מטרנה 200,גרמים,200.00,100 גרם,false,,12.90,0.0645,true,1,2128
7290006992208,false,מטרנה דייסת 8 דגנים מעורבים 200 גרם,מטרנה תעשיות ש.מ,IL,דייסת דגנים מעורבים,גרמים,200.00,100 גרם,false,,12.90,0.0645,true,1,2130
7290006992390,false,"מטרנה - דייסת וניל פרוביוטי כשל""פ 200 גרם",מולינו ניקולי s.p.a,IL,דייסת וניל מטרנה 200,גרמים,200.00,100 גרם,false,,12.90,0.0645,true,1,2132
7290008154222,false,שניצלונים עוף טוב 700 גרם,"מוצרי עוף טוב (2001) בע""",IL,שניצלונים עוף טוב 70,גרמים,700.00,100 גרם,false,,12.70,0.0181,true,1,2631
7290008175692,false,וילי פוד נודלס אטר.ביצים להקפצה בדץ 400ג,פוגיאן לונגאי,CN,נודלס אטריות ביצים ל,גרמים,400.00,100 גרם,false,,6.90,0.0173,true,1,2636
7290008190985,false,לקקן בטעם גלידה 50 יח',כרמית תעשיות ממתקים,IL,סוכריות על מקל בטעם,גרמים,500.00,100 גרם,false,,12.90,0.0258,true,1,2640
7290008194266,false,מארזים מתוקים א.אטיא,ממתקי השלום,IL,חטיפים מעורב 350 גרם,גרמים,350.00,100 גרם,false,,12.90,0.0369,true,1,5209
7290008194839,false,חטיפים מצופים אטיאס,ממתקי השלום,IL,חטיפים מצופים 300 גר,גרמים,300.00,100 גרם,false,,12.90,0.0430,true,1,22683
7290008257008,false,מסרק סמיך שיני נחושת אריסטוקרט,אריסטוקרט,CN,מסרק סמיך אריסטוקרט,Unknown,0.00,יחידה,false,,10.90,0.0000,true,1,30
7290008257138,false,פטמות איקס לבקבוק צר שלישייה,אריסטוקרט,CN,פטמות לבקבוק צר אריס,Unknown,0.00,יחידה,false,,4.90,0.0000,true,1,2642
7290008257169,false,פלסטר בד אלסטי 100 יחידות,אריסטוקרט,CN,פלסטר אריסטוקרט 100,Unknown,0.00,יחידה,false,,6.90,0.0000,true,1,2643
7290008257206,false,מברשת ניקוי בקבוק (206 ),אריסטוקרט,IL,מברשת לניקוי בקבוקים,Unknown,0.00,יחידה,false,,4.90,0.0000,true,1,2645
7290008257244,false,מברשת+מסרק לתינוק (244),אריסטוקרט,IL,מברשת + מסרק לתינוק,Unknown,0.00,יחידה,false,,7.90,0.0000,true,1,2648
7290008257275,false,פטמות רחבות רב שלבי 2 יח,אריסטוקרט,IL,פטמות לבקבוק רחב ארי,Unknown,0.00,יחידה,false,,11.90,0.0000,true,1,2650
7290008257305,false,מוצץ סיליקון אורטודנטי זוג מצוייר קטן,אריסטוקרט,TH,מוצץ סיליקון קטן ארי,Unknown,0.00,יחידה,false,,13.90,0.0000,true,1,2651
7290008257312,false,מוצץ סיליקון אורטודנטי זוג מצוייר איריס גדול,אריסטוקרט,TH,מוצץ סיליקון גדול אר,Unknown,0.00,יחידה,false,,13.90,0.0000,true,1,2652
7290008257411,false,סינר מגבת לתינוק ארי,אריסטוקרט,TH,סינר מגבת לתינוק ארי,Unknown,0.00,יחידה,false,,13.90,0.0000,true,1,9016
7290008257558,false,מבריק / צובע נעליים שחור / שקוף,אריסטוקרט,TR,מבריק נעליים אריסטוק,Unknown,0.00,יחידה,false,,5.90,0.0000,true,1,2657
7290008257688,false,נשכן קרור דוגמאות שונות,אריסטוקרט,CN,נשכן לתינוק אריסטוקר,Unknown,0.00,יחידה,false,,6.90,0.0000,true,1,2658
7290008257718,false,רפידות הנקה זוג במבצע,אריסטוקרט,CN,רפידות הנקה אריסטוקר,Unknown,0.00,יחידה,false,,18.90,0.0000,true,1,2659
7290008257770,false,"בקבוק רחב לתינוק+ידיות 250 מ""ל (770)",אריסטוקרט,TH,בקבוק רחב לתינוק ארי,Unknown,0.00,יחידה,false,,19.90,0.0000,true,1,2660
7290008257909,false,"נוזל צחצוח לנעליים שחור 80 מ""ל",אריסטוקרט,TR,נוזל נעליים אריסטוקר,מיליליטרים,75.00,"100 מ""ל",false,,4.90,0.0653,true,1,2661
7290008335553,false,קובה בשר וצנובר 600ג שלושת האופים,האי נאם סי או אל.טי.,IL,קובה בשר ש. האופים 6,גרמים,600.00,100 גרם,false,,6.90,0.0115,true,1,52146
7290008335560,false,סיגרים במילוי בשר 600גרם,האי נאם סי או אל.טי.,IL,סיגרים בשר ש. האופים,גרמים,600.00,100 גרם,false,,6.90,0.0115,true,1,52147
7290008335577,false,"פסטלים במילוי תפו""א 600ג",האי נאם סי או אל.טי.,IL,פסטלים תפוא ש. האופי,גרמים,600.00,100 גרם,false,,6.90,0.0115,true,1,52148
7290008335584,false,"סיגרים במילוי תפו""א 600ג",האי נאם סי או אל.טי.,IL,סיגרים תפוא ש. האופי,גרמים,600.00,100 גרם,false,,6.90,0.0115,true,1,52149
7290008343466,false,בצק פילו 500 גרם שלושת האופים,שלושת האופים שגמור,IL,בצק פילו ש.האופים 50,גרמים,500.00,100 גרם,false,,16.90,0.0338,true,1,2671
7290008343503,false,גחנון אפוי 650 גר' שלושת האופים קהילות,שלושת האופים,IL,גחנון ש.האופים 650 ג,גרמים,650.00,100 גרם,false,,16.90,0.0260,true,1,2672
7290008343558,false,"סיגרים בשר שלושת האופים 1 ק""ג","שלושת האופים בע""\מ",IL,סיגרים בשר ש.האופים,פריט,1.00,"ק""ג",false,,18.90,18.9000,true,1,2673
7290008343565,false,"סיגרים תפו""א 1 ק""ג שלושת האופים","שלושת האופים בע""\מ",IL,סיגרים תפוא ש.האופים,פריט,1.00,"ק""ג",false,,18.90,18.9000,true,1,2674
7290008343572,false,"אגרול סיני 1 ק""ג שלושת האופים","שלושת האופים בע""\מ",IL,אגרול סיני ש.האופים,פריט,1.00,"ק""ג",false,,18.90,18.9000,true,1,2675
7290008343602,false,"קובה בשר 1 ק""ג שלושת האופים","שלושת האופים בע""\מ",IL,קובה בשר ש.האופים 1,פריט,1.00,"ק""ג",false,,18.90,18.9000,true,1,2676
7290008343619,false,"פסטלים תפו""א שלושת האופים 1 ק""ג","שלושת האופים בע""\מ",IL,פסטלים תפוא ש.האופים,פריט,1.00,"ק""ג",false,,18.90,18.9000,true,1,2677
7290008343626,false,"כדורי פלאפל 1 ק""ג שלושת האופים","שלושת האופים בע""\מ",IL,כדורי פלאפל ש.האופים,פריט,1.00,"ק""ג",false,,18.90,18.9000,true,1,2678
7290008347211,false,אצבעות דג מצופות דלידג 700 גרם,אף.סי תבליני בגליל ב,IL,אצבעות דג מצופות דלי,גרמים,700.00,100 גרם,false,,19.90,0.0284,true,1,2679
7290008409049,false,שניצלונים בציפוי שומשום מיני מיני דק מאמא עוף 500 גרם,תנובה גליל שותפות מוגבלת,IL,שניצלונים מיני מאמא,גרמים,500.00,100 גרם,false,,22.90,0.0458,true,1,8540
7290008409407,false,שניצל דק צ'יפס מאמא עוף 700 גרם,תנובה גליל שותפות מוגבלת,IL,שניצל דק דק ציפס מאמ,גרמים,700.00,100 גרם,false,,29.90,0.0427,true,1,6410
7290008409551,false,שניצל עוף אמיתי בציפוי מעודן 700 ג' מאמא עוף,תנובה גליל שותפות מוגבלת,IL,שניצל מעודן מאמא עוף,גרמים,700.00,100 גרם,false,,29.90,0.0427,true,1,2708
7290008409568,false,שניצל עוף אמיתי בציפוי שבבי ציפס 700 גר,תנובה גליל שותפות מוגבלת,IL,שניצל ציפס מאמא עוף,גרמים,700.00,100 גרם,false,,29.90,0.0427,true,1,2709
7290008409582,false,שניצל עוף אמיתי בציפוי ביתי מאמא עוף 700 גרם,תנובה גליל שותפות מוגבלת,IL,שניצל ביתי מאמא עוף,גרמים,700.00,100 גרם,false,,29.90,0.0427,true,1,2710
7290008423014,false,פלפל שחור גרוס 100 גרם,תבליני הדור השלישי,IL,פלפל שחור גרוס פרג 1,גרמים,100.00,100 גרם,false,,15.90,0.1590,true,1,2719
7290008423021,false,כמון פרג 400 גרם,תבליני הדור השלישי,IL,כמון פרג 400 גרם,גרמים,400.00,100 גרם,false,,34.90,0.0872,true,1,2720
7290008423045,false,תבלין לקציצות פרג 10,תבליני הדור השלישי,IL,תבלין לקציצות פרג 10,גרמים,100.00,100 גרם,false,,16.90,0.1690,true,1,2721
7290008423052,false,עגבניות מיובשות בשמן זית ק 250 גרם,תבליני הדור השלישי,IL,עגבניות מיובשות פרג,גרמים,250.00,100 גרם,false,,14.90,0.0596,true,1,2722
7290008423243,false,מלח שולחן הים האדום,מלח הארץ,IL,מלח שולחן הים האדום,גרמים,650.00,100 גרם,false,,7.50,0.0115,true,1,18088
7290008423250,false,מלח גס הים האדום 630,מלח הארץ,IL,מלח גס הים האדום 630,גרמים,630.00,100 גרם,false,,7.50,0.0119,true,1,18087
7290008426053,false,יין עדולם-חבל יהודה,יקב חבל יהודה,IL,יין עדולם 2017 חבל י,מיליליטרים,750.00,"100 מ""ל",false,,89.00,0.1187,true,1,52732
7290008443265,false,תחליב לחות לרחצה אל סבון נוזלי נקה 7 2 ליטר,אמיליה קוסמטיקס,IL,אל סבון סופטקר 2 ליט,קילוגרמים,2.00,ליטר,false,,24.90,12.4500,true,1,2724
7290008443616,false,"מרכך לשיער יבש אדום נקה 7 750 מ""ל","אמיליה קוסמטיקס בע""מ",IL,מרכך נקה 7 לשיער יבש,מיליליטרים,750.00,"100 מ""ל",false,,8.70,0.0116,true,1,2725
7290008455619,false,אחדות עוף מס' 2 בשקית קפוא,אחד למהדרין,IL,עוף מס 2 קפוא לנדא,קילוגרמים,1.00,"ק""ג",true,,27.90,27.9000,true,1,61931
7290008455626,false,אחדות עוף מס' 3 בשקית קפוא,אחד למהדרין,IL,עוף מס 3 קפוא לנדא,קילוגרמים,1.00,"ק""ג",true,,27.90,27.9000,true,1,61932
7290008455732,false,שניצל עוף פרוס ארוז קפוא לנדא אחדות,אחד למהדרין,IL,שניצל עוף קפוא לנדא,קילוגרמים,1.00,"ק""ג",true,,47.90,47.9000,true,1,61943
7290008455824,false,"כרעיים עוף טרי ארוז ""אחדות"" לנדא",,IL,כרעיים עוף טרי לנדא,קילוגרמים,1.00,"ק""ג",true,,44.90,44.9000,true,1,61480
7290008464024,false,"בירה גולדסטאר Unfiltered, בירה לא מסוננת, פחית 500 מ""ל","טמפו משקאות בע""מ",IL,בירה גולדסטאר פחית 4,מיליליטרים,500.00,"100 מ""ל",false,,7.90,0.0158,true,1,14323
7290008464130,false,"בירה גולדסטאר Unfiltered, בירה לא מסוננת, מארז שישייה, בקבוק 330 מ""ל",טמפו,IL,מארז בירה גולדסטאר 4,קילוגרמים,1.98,ליטר,false,,29.90,15.1010,true,1,9273
7290008464468,false,"בירה גולדסטאר, פחית 500 מ""ל","טמפו משקות בע""\מ",IL,בירה גולדסטאר פחית 4,מיליליטרים,500.00,"100 מ""ל",false,,7.90,0.0158,true,1,14322
7290008464734,false,"שישיית בירה גולדסטאר לאגר SLOW BREW בקבוק 330 מ""ל",טמפו משקאות בע''מ,IL,מארז בירה גולדסטאר 1,קילוגרמים,1.98,ליטר,false,,34.90,17.6263,true,1,28076
7290008464741,false,"בירה גולדסטאר, מארז שישייה, בקבוק 330 מ''ל","טמפו משקאות בע""\מ",IL,מארז בירה גולדסטאר 4,קילוגרמים,1.98,ליטר,false,,35.90,18.1313,true,1,2730
7290008464796,false,"בירה היינקן, מארז שישייה, בקבוק 330 מ''ל",טמפו משקאות בע''מ,IL,מארז בירה היינקן 5%,קילוגרמים,1.98,ליטר,false,,29.90,15.1010,true,1,2731
7290008466523,false,עוגיות גרנולה ללא סו,אנטיקביץ,IL,עוגיות גרנולה ללא סו,גרמים,350.00,100 גרם,false,,11.90,0.0340,true,1,63150
7290008466554,false,עוגיות שומשומיות ללא,אנטיקביץ,IL,עוגיות שומשומיות ללא,גרמים,350.00,100 גרם,false,,11.90,0.0340,true,1,63153
7290008466622,false,עוגיות אוזניים ללא ס,אנטיקביץ,IL,עוגיות אוזניים ללא ס,גרמים,350.00,100 גרם,false,,11.90,0.0340,true,1,63157
7290008466707,false,עוגיות פרימיום 200-250 גרם,דין שיווק,IL,עוגיות פרימיום אנטקו,גרמים,250.00,100 גרם,false,,18.90,0.0756,true,1,63149
7290008466769,false,שנייק קינמון אנטקובי,אנטיקביץ,IL,שנייק קינמון אנטקובי,גרמים,600.00,100 גרם,false,,12.90,0.0215,true,1,63145
7290008466776,false,שנייק וניל אנטקוביץ,אנטיקביץ,IL,שנייק וניל אנטקוביץ,גרמים,600.00,100 גרם,false,,12.90,0.0215,true,1,63146
7290008466783,false,שנייק שוקולד אנטקובי,אנטיקביץ,IL,שנייק שוקולד אנטקובי,גרמים,600.00,100 גרם,false,,12.90,0.0215,true,1,63147
7290008466790,false,רוגלך שוקולד אנטקובי,אנטיקביץ,IL,רוגלך שוקולד אנטקובי,גרמים,600.00,100 גרם,false,,12.90,0.0215,true,1,63148
7290008470759,false,מסטיק אורביט סטיקס ספירמינט שמינייה,אורביט,FR,אורביט סטיקס 8*5 יח,גרמים,124.00,100 גרם,false,,13.90,0.1121,true,1,10568
7290008470766,false,מסטיק אורביט סטיקס פפרמינט שמינייה,ריגלי צרפת,FR,אורביט סטיקס 8*5 יח,גרמים,124.00,100 גרם,false,,13.90,0.1121,true,1,10567
7290008507059,false,קציצות מרוקאיות חריפ,א.ג.ש מלכה,IL,קציצות מרוקאיות חריפ,גרמים,600.00,100 גרם,false,,29.90,0.0498,true,1,60484
7290008507288,false,שווארמה הודו מתובל נ,נתח אדום,IL,שווארמה הודו מתובל נ,גרמים,400.00,100 גרם,false,,29.90,0.0747,true,1,60482
7290008507295,false,שווארמה עגל מתובל נת,נתח אדום,IL,שווארמה עגל מתובל נת,גרמים,400.00,100 גרם,false,,29.90,0.0747,true,1,60483
7290008507301,false,בריסקט עגל מתובל לתנ,נתח אדום,IL,בריסקט עגל מתובל לתנ,קילוגרמים,1.00,"ק""ג",true,,59.90,59.9000,true,1,60501
7290008507448,false,שיפודי אנטריקוט נתח,נתח אדום,IL,שיפודי אנטריקוט נתח,גרמים,400.00,100 גרם,false,,49.90,0.1247,true,1,64230
7290008507486,false,אנטריקוט דקדק נתח אד,נתח אדום,IL,אנטריקוט דקדק נתח אד,גרמים,250.00,100 גרם,false,,29.90,0.1196,true,1,64231
7290008507493,false,נתחי צוואר עגל נתח א,נתח אדום,IL,נתחי צוואר עגל נתח א,גרמים,600.00,100 גרם,false,,49.90,0.0832,true,1,64232
7290008545129,false,שיפודי אנטריקוט טרי,,,שיפודי אנטריקוט טרי,קילוגרמים,1.00,"ק""ג",true,,149.90,149.9000,true,1,57892
7290008545136,false,דנוור קאט סטייק טרי,,,דנוור קאט סטייק טרי,קילוגרמים,1.00,"ק""ג",true,,99.90,99.9000,true,1,57893
7290008545143,false,פלאט איירון סטייק טר,,,פלאט איירון סטייק טר,קילוגרמים,1.00,"ק""ג",true,,119.90,119.9000,true,1,57894
7290008545181,false,בשר עגל טחון דל שומן,,,בשר עגל טחון דל שומן,קילוגרמים,1.00,"ק""ג",true,,69.90,69.9000,true,1,60452
7290008545198,false,אונטריפ צלעות טרי עט,,,אונטריפ צלעות טרי עט,קילוגרמים,1.00,"ק""ג",true,,79.90,79.9000,true,1,62824
7290008545204,false,דלמוניקו סטייק טרי ע,,,דלמוניקו סטייק טרי ע,קילוגרמים,1.00,"ק""ג",true,,89.90,89.9000,true,1,62825
7290008545778,false,גולש דל שומן טרי עטר,,,גולש דל שומן טרי עטר,קילוגרמים,1.00,"ק""ג",true,,69.90,69.9000,true,1,65313
7290008597906,false,אורז יסמין ששון הקול,ששון הקולה,TH,אורז יסמין שקדיה 5 ק,פריט,5.00,"ק""ג",false,,36.90,7.3800,true,1,3555
7290008611008,false,פילה נסיכת הנילוס במ,נטורס פיש לימיטד,TZ,פילה נסיכת הנילוס במ,קילוגרמים,1.00,"ק""ג",true,,32.90,32.9000,true,1,62820
7290008611046,false,פילה סלמון נורווגי ק,באבורד וואפ,NO,פילה סלמון נורווגי,קילוגרמים,1.00,"ק""ג",true,,64.90,64.9000,true,1,56229
7290008611091,false,סלמון מנות נורבגי קפ,סיבורן,NO,מנות פילה סלמון,קילוגרמים,1.00,"ק""ג",true,,69.90,69.9000,true,1,63451
7290008611138,false,טונה אדומה במשקל,,,טונה אדומה במשקל,קילוגרמים,1.00,"ק""ג",true,,49.90,49.9000,true,1,64372
7290008611282,false,סטייק סלמון נורבגי,"צירינה צח סרוסי בע""מ",NO,סטייק סלמון נורבגי,קילוגרמים,1.00,"ק""ג",true,,59.90,59.9000,true,1,65595
7290008611343,false,מנות פילה נסיכת הניל,נטורס פיש לימיטד,UG,מנות פילה נסיכת הניל,קילוגרמים,1.00,"ק""ג",true,,46.90,46.9000,true,1,64155
7290008611350,false,פילה אמנון 5-9 בסט פ,,UG,פילה אמנון 5-9 בסט פ,קילוגרמים,1.00,"ק""ג",true,,24.90,24.9000,true,1,64367
7290008631556,false,אחדות כרעיים עוף במגש קפוא לנדא,,IL,כרעיים עוף קפוא לנדא,קילוגרמים,1.00,"ק""ג",true,,39.90,39.9000,true,1,61936
7290008631563,false,חזה עוף קפוא מחיר לפי מש,,IL,חזה עוף קפוא לנדא,קילוגרמים,1.00,"ק""ג",true,,44.90,44.9000,true,1,61939
7290008631570,false,אחדות שוקיים עוף במגש קפוא,,IL,שוקיים עוף קפוא לנדא,קילוגרמים,1.00,"ק""ג",true,,41.90,41.9000,true,1,61937
7290008631594,false,כנפיים עוף קפוא ארוז לנדא-ממותג,,IL,כנפיים עוף קפוא לנדא,קילוגרמים,1.00,"ק""ג",true,,16.90,16.9000,true,1,61944
7290008631600,false,גרונות עוף קפוא ארוז לנדא במגש,אחד למהדרין,IL,גרון עוף קפוא לנדא,קילוגרמים,1.00,"ק""ג",true,,3.90,3.9000,true,1,61947
7290008631624,false,פילה עוף לנדא קפוא,,IL,פילה עוף טרי לנדא,קילוגרמים,1.00,"ק""ג",true,,34.90,34.9000,true,1,61942
7290008631952,false,כנפיים לחמין לנדא,,IL,כנפיים לחמין לנדא,קילוגרמים,1.00,"ק""ג",true,,9.90,9.9000,true,1,65003
7290008631976,false,טבעות עוף 700 גר' לנדא אחדות,,IL,טבעות עוף לנדא 700 ג,גרמים,700.00,100 גרם,false,,29.90,0.0427,true,1,65005
7290008636193,false,כמון בצנצנת מיה 300 גרם,מיה תעשיות מזון מ.ת.מ. ב,IL,כמון מיה 300 גרם,גרמים,300.00,100 גרם,false,,14.90,0.0497,true,1,2738
7290008636209,false,כורכום בצנצנת מיה 300 גרם,מיה תעשיות מזון מ.ת.מ. ב,IL,כורכום מיה 300 גרם,גרמים,300.00,100 גרם,false,,14.90,0.0497,true,1,2739
7290008636216,false,אבקת שום בצנצנת מיה 300 גרם,מיה תעשיות מזון מ.ת.מ. ב,IL,אבקת שום מיה 300 גרם,גרמים,300.00,100 גרם,false,,24.90,0.0830,true,1,2740
7290008636704,false,קונפיטורה משמש מיה 340 גרם,מיה תעשיות מזון מ.ת.מ. ב,IL,קונפיטורה משמש מיה 3,גרמים,340.00,100 גרם,false,,8.70,0.0256,true,1,2745
7290008645935,false,חומוס לניגוב אחלה 750 ג',"שטראוס גרופ בע""\מ",IL,חומוס אחלה 750 גרם,,750.00,,false,,9.50,0.0127,true,1,20246
7290008670012,false,"יין אדום קברנה סוביניון רקנאטי 750 מ""ל",תות ממתקי איכות,IL,יין רקנאטי קברנה סוב,מיליליטרים,750.00,"100 מ""ל",false,,49.90,0.0665,true,1,26645
7290008670142,false,"יין רקנאטי יסמין אדום 750 מ""ל",יקב רקאנטי,IL,יין רקנאטי יסמין אדו,מיליליטרים,750.00,"100 מ""ל",false,,29.90,0.0399,true,1,26648
7290008670159,false,"יין רקנאטי יסמין לבן 750 מ""ל","יקבי רקנאטי בע""מ",IL,יין רקנאטי יסמין לבן,מיליליטרים,750.00,"100 מ""ל",false,,29.90,0.0399,true,1,26649
7290008670210,false,"יין אדום שירז רקנאטי אחים שקד 750 מ""ל",תות ממתקי איכות,IL,יין רקנאטי שיראז 201,מיליליטרים,750.00,"100 מ""ל",false,,49.90,0.0665,true,1,26647
7290008690713,false,נקטר חמוציות אושן ספריי פריגת 1 ליטר,מבשלות בירה בינלאומיות ב,IL,נקטר חמוציות אושן ספ,קילוגרמים,1.00,ליטר,false,,11.90,11.9000,true,1,2761
7290008693134,false,מעדן גבינה ויוגורט בטעם תות 5% שומן 88 ג' דניאלה,"שטראוס בריאות בע""מ",IL,דניאלה תות 88 גרם,Unknown,0.00,יחידה,false,,3.90,0.0000,true,1,2763
7290008713900,false,לחם שיפון עגול פרוס אנג'ל 750 גרם,מאפיית אנג'\ל אורנים מאפ,IL,לחם שיפון עגול אחדות,גרמים,750.00,100 גרם,false,,10.90,0.0145,true,1,39029
7290008713917,false,לחם שיפון כהה פרוס מאפיית אחדות 750 גרם,מאפיית שלמה א. אנג'\ל בע,IL,לחם שיפון כהה אחדות,גרמים,750.00,100 גרם,false,,10.90,0.0145,true,1,39027
7290008745239,false,תפוצ'יפס קראנצ' בטעם טבעי עלית 50 גרם,"שטראוס פריטו ליי בע""\מ )",IL,תפוציפס אקסטרא טבעי,גרמים,55.00,100 גרם,false,,3.50,0.0636,true,1,20817
7290008747547,false,תפוצ'יפס קראנץ' בטעם טבעי עלית 200 גרם,"שטראוס פריטו ליי בע""\מ )",IL,תפוציפס קראנצ טבעי 2,גרמים,200.00,100 גרם,false,,9.90,0.0495,true,1,20711
7290008753111,false,תפוצ'יפס קראנץ' בטעם מקסיקני עלית 50 גרם,"שטראוס פריטו ליי בע""\מ )",IL,תפוציפס אקסטרא מקסיק,גרמים,50.00,100 גרם,false,,3.50,0.0700,true,1,20818
7290008754040,false,ממרח שוקולד פרה עלית 850 גרם מגדים,שטראוס גרופ,IL,ממרח בטעם שוקולד פרה,גרמים,850.00,100 גרם,false,,13.90,0.0164,true,1,2773
7290008757980,false,קרטונית ספרינג נקטר רימונים 1 ליטר,יפאורה שותפות מובגלת לשיווק,IL,נקטר ספרינג רימון 1,קילוגרמים,1.00,ליטר,false,,6.50,6.5000,true,1,2777
7290008761925,false,"בקר טחון עטרה 1.2 ק""",טיבון ויל,IL,"בקר טחון עטרה 1.2 ק""",פריט,1.20,"ק""ג",false,,29.90,24.9167,true,1,20164
7290008775816,false,ערגליות עוגיות במילוי שוקולד אסם 300 גרם,מיוצר עי קונדיטוריית,IL,ערגליות שוקו אסם 300,גרמים,300.00,100 גרם,false,,7.90,0.0263,true,1,2780
7290008775823,false,ערגליות עוגיות תות שדה אסם 300 גרם,מיוצר עי קונדיטוריית,IL,ערגליות תות אסם 300,גרמים,300.00,100 גרם,false,,7.90,0.0263,true,1,2781
7290008792264,false,מפיות טישיו טאצ' 100יח',"שניב תעשיות נייר בע""",IL,מפיות טאצ 100 יח',Unknown,0.00,יחידה,false,,4.90,0.0000,true,1,58899
7290008801010,false,"יין קברנה סוביניון מרלו פרייוט קולקשן 750 מ""ל",אגודת הכורמים הקאופו,IL,יין פ. קולקשיין קברנ,מיליליטרים,750.00,"100 מ""ל",false,,32.30,0.0431,true,1,2782
7290008801119,false,"יין סוביניון בלאן סלקטד כרמל 750 מ""ל",אגודת הכורמים הקואופרטיב,IL,יין סלקטד סוביניון ב,מיליליטרים,750.00,"100 מ""ל",false,,28.90,0.0385,true,1,2783
7290008801157,false,"יין מרלו סלקטד כרמל כרמל 750 מ""ל",כרמל מזרחי,IL,יין סלקטד מרלו,מיליליטרים,750.00,"100 מ""ל",false,,28.90,0.0385,true,1,2784
7290008801522,false,יין קינג דויד קונקורד אדום מתוק 750 מל,אגודת הכורמים הקואופרטיב,IL,יין קינג דיוויד קונק,מיליליטרים,750.00,"100 מ""ל",false,,18.90,0.0252,true,1,2787
7290008801539,false,יין כרמל 120 קינג דיוויד יקבי כרמל,אגודת הכורמים הקואופרטיב,IL,יין קינג דיוויד 120,מיליליטרים,750.00,"100 מ""ל",false,,18.90,0.0252,true,1,2788
7290008801546,false,יין מוסקט מתוק קינג דיוויד יקבי כרמל,אגודת הכורמים הקואופרטיב,IL,יין קינג דיוויד מוסק,מיליליטרים,750.00,"100 מ""ל",false,,18.90,0.0252,true,1,2789
7290008801843,false,"יין קברנה סוביניון סלקטד כרמל 750 מ""ל","כד בני דרום בע""מ",IL,יין סלקטד קברנה סובי,מיליליטרים,750.00,"100 מ""ל",false,,28.90,0.0385,true,1,2790
7290008801850,false,סלקטד אמרלד ריזלינג לבן חצי יבש 750 מל,אגודת הכורמים הקואופרטיב,IL,יין סלקטד אמרלד ריזל,מיליליטרים,750.00,"100 מ""ל",false,,28.90,0.0385,true,1,2791
7290008802291,false,יין מרלו פרייבט קולקשן יקבי כרמל,אגודת הכורמים הקואופרטיב,IL,יין פ. קולקשיין מרלו,מיליליטרים,750.00,"100 מ""ל",false,,32.30,0.0431,true,1,27
7290008802512,false,"יין וינו אדום ""כרמל מזרחי""","כד בני דרום בע""מ",IL,יין וינו אדום יבש,מיליליטרים,750.00,"100 מ""ל",false,,17.90,0.0239,true,1,2792
7290008802529,false,"יין לבן חצי יבש וינו 750 מ""ל",כרמל מזרחי,IL,יין וינו לבן יבש,מיליליטרים,750.00,"100 מ""ל",false,,17.90,0.0239,true,1,52323
7290008802895,false,יין קברנה סוביניון פרייבט קולקשן יקבי כרמל,אגודת הכורמים הקאופורטיב,IL,יין פ. קולקשיין קברנ,מיליליטרים,750.00,"100 מ""ל",false,,32.30,0.0431,true,1,2793
7290008803090,false,"יין מרלו קולקשיין הסדרה האזורית כרמל 750 מ""ל",אגודת הכורמים הקואופרטיב,IL,יין גליל עליון מרלו,מיליליטרים,750.00,"100 מ""ל",false,,54.90,0.0732,true,1,8675
7290008804189,false,יין קברנה סוביניון גליל עליון סדרה אזורית יקבי כרמל,אגודת הכורמים הקואופרטיב,IL,יין גליל עליון קברנה,מיליליטרים,750.00,"100 מ""ל",false,,54.90,0.0732,true,1,8674
7290008804332,false,שיראז אדום יבש פריווט קולקשיין 750מל,אגודת הכורמים הקואופרטיב,IL,יין פ.קולקשיין שיראז,מיליליטרים,750.00,"100 מ""ל",false,,32.30,0.0431,true,1,3006
7290008805049,false,סלקטד זינפנדל כרמל מזרחי 750 מל,"כד בני דרום בע""מ",IL,יין סלקטד רוזה מתוק,מיליליטרים,750.00,"100 מ""ל",false,,28.90,0.0385,true,1,3007
7290008805384,false,סלקטד מוסקטו לבן מבעבע 750 מל 2016,אגודת הכורמים הקואופרטיב,IL,יין סלקטד לבן מבעבע,מיליליטרים,750.00,"100 מ""ל",false,,28.90,0.0385,true,1,3008
7290008805520,false,"יין קברנה/סוביניון סלקטד כרמל 750 מ""ל","כד בני דרום בע""מ",IL,יין סלקטד קברנה מרלו,מיליליטרים,750.00,"100 מ""ל",false,,28.90,0.0385,true,1,2797
7290008805964,false,יין קברנה שיראז גליל עליון סדרה אזורית יקבי כרמל,אגודת הכורמים הקואופרטיב,IL,יין גליל עליון קברנה,מיליליטרים,750.00,"100 מ""ל",false,,54.90,0.0732,true,1,8676
7290008830690,false,מובחרים מן הטבע יחידה,"דין שיווק וקלייה בע""",IL,מובחרים מן הטבע,Unknown,0.00,יחידה,false,,9.90,0.0000,true,1,16266
7290008836265,false,"נינוה יין לבן מוסקט אלכסנדרוני יקבי אפרת 750 מ""ל",יקב טפרברג 1870 בעמ,IL,יין אלכסנדר נינוה מו,מיליליטרים,750.00,"100 מ""ל",false,,24.90,0.0332,true,1,2805
7290008836272,false,"יין אדום נינוה מוסקט המבורג יקבי אפרת 750 מ""ל",יקב טפרברג 1870 בעמ,IL,יין המבורג נינוה מוס,מיליליטרים,750.00,"100 מ""ל",false,,24.90,0.0332,true,1,2806
7290008836395,false,"יין מסורת אדום מתוק 750 מ""ל",יקב טפרברג 1870 בעמ,IL,יין מסורת אדום מתוק,מיליליטרים,750.00,"100 מ""ל",false,,14.90,0.0199,true,1,65286
7290008836401,false,יין אדום מתוק ישן נושן אפרת 1 ליטר,יקב טפרברג 1870 בעמ,IL,יין ישן נושן אדום אפ,קילוגרמים,1.00,ליטר,false,,16.90,16.9000,true,1,2807
7290008836425,false,יין קל אפרת 1 ליטר,יקב טפרברג 1870 בעמ,IL,יין אפרת קל 1 ליטר,קילוגרמים,1.00,ליטר,false,,16.90,16.9000,true,1,6912
7290008836494,false,מיץ ענבים תירוש אדום אפרת 1 ליטר,יקב טפרברג 1870 בעמ,IL,תירוש אדום אפרת 1 לי,קילוגרמים,1.00,ליטר,false,,12.90,12.9000,true,1,2808
7290008849470,false,פלפל צ'ומה חריף אוליביה 185 גרם,אוליביה גורמה בעמ,IL,פלפל צומה אוליביה 18,גרמים,185.00,100 גרם,false,,12.90,0.0697,true,1,48090
7290008975551,false,תחליף חלב מטרנה מהדרין שלב 3 חלבי 700 גרם,מולינו ניקולי s.p.a,IL,מטרנה מהדרין שלב 3 7,גרמים,700.00,100 גרם,false,,46.90,0.0670,true,1,2836
7290008989015,false,"דייסת אורז בטר אנד דיפרנט 400 גרם כשל""פ",בטר אנד דיפרנט B&D,IL,דייסת אורז ב.ד 400 ג,גרמים,400.00,100 גרם,false,,16.90,0.0422,true,1,2837
7290008989022,false,דייסת סולת בטר אנד דיפרנט 400 גרם,בטר אנד דיפרנט B&D,IL,דייסת סולת ב.ד 400 ג,גרמים,400.00,100 גרם,false,,16.90,0.0422,true,1,2838
7290008989039,false,דייסת קורנפלור בטר אנד דיפרנט 400 גרם,בטר אנד דיפרנט B&D,IL,דייסת קורנפלור ב.ד 4,גרמים,400.00,100 גרם,false,,16.90,0.0422,true,1,2839
7290008989053,false,בטר אנד דיפרנט דייסת דגנים מעורב 400גרם,בטר אנד דיפרנט B&D,IL,דייסת דגנים מעורבים,גרמים,400.00,100 גרם,false,,16.90,0.0422,true,1,2840
7290008989169,false,"אורז תפוח בשקית בטר אנד דיפרנט 500 גרם לל""ג",בטר אנד דיפרנט,IL,פצפוצי אורז ב.ד 500,גרמים,500.00,100 גרם,false,,18.90,0.0378,true,1,2841
7290008989473,false,ממרח חרובים בטעם שוקולד בטר אנד דיפרנט 350 גרם,"בטר אנד דיפרנט בע""מ",IL,ממרח חרובים שוקולד ב,גרמים,350.00,100 גרם,false,,13.90,0.0397,true,1,2842
7290008989671,false,"ציפוי עדיף פריך ""ללא גלוטן"" בטר אנד דיפרנט 250 גרם",בטר אנד דיפרנט,IL,פירורי קורנפלקס פריך,גרמים,250.00,100 גרם,false,,9.90,0.0396,true,1,8536
7290008989695,false,חיטה מלאה תפוחה עם דבש 400 גרם,אורגניק אגרו פודס,IL,שלווה מצופה דבש 400,גרמים,400.00,100 גרם,false,,12.90,0.0323,true,1,5387
7290008989749,false,פריכיות קינואה +אורז מלא 200 גרם,בטר אנד דיפרנט,IL,פריכיות קינואה עם או,גרמים,200.00,100 גרם,false,,9.90,0.0495,true,1,18901
7290008989848,false,ממרח חמאת בוטנים קרנצי בטר אנד דיפרנט 350 גרם,בטר אנד דיפרנט B&D,IL,חמאת בוטנים קרנצ'י ב,גרמים,350.00,100 גרם,false,,13.90,0.0397,true,1,40057
7290008989855,false,"פרכוני אורז בטר אנד דיפרנט 80 גרם כשל""פ",בטר אנד דיפרנט B&D,IL,פריכוני אורז מלא ב.ד,גרמים,80.00,100 גרם,false,,3.90,0.0487,true,1,4791
7290008989893,false,דייסת כוסמת בטר אנד דיפרנט 200 גרם,בטר אנד דיפרנט B&D,IL,דייסת כוסמת ב.ד 200,גרמים,200.00,100 גרם,false,,9.90,0.0495,true,1,15444
7290008989909,false,סירופ תפוחים בטר אנד דיפרנט 1.2 ליטר,בטר אנד דיפרנט,IL,סירופ ב.ד תפוחים 1.2,קילוגרמים,1.20,ליטר,false,,29.90,24.9167,true,1,2846
7290008989916,false,סירופ אננס בי&די 1.2 ליטר מהדרין,בטר אנד דיפרנט,IL,סירופ אננס 1.2 ליטר,קילוגרמים,1.20,ליטר,false,,29.90,24.9167,true,1,2847
7290008989985,false,קופסאות אחסון מלבנית 1ל' חמישייה חלבי,בטר אנד דיפרנט,IL,מארז 4 קופסאות אחסון,Unknown,0.00,יחידה,false,,11.90,0.0000,true,1,4723
7290009000115,false,עגבניות שרי,אראל תוצרת חקלאית בע,IL,עגבניות שרי,קילוגרמים,1.00,"ק""ג",true,,14.90,14.9000,true,1,187
7290009000122,false,עגבניה חממה,אראל תוצרת חקלאית בע,IL,עגבניה,קילוגרמים,1.00,"ק""ג",true,,5.90,5.9000,true,1,232
7290009000207,false,מלפפון חממה,אראל תוצרת חקלאית בע,IL,מלפפון,קילוגרמים,1.00,"ק""ג",true,,4.90,4.9000,true,1,464
7290009000313,false,גזר-ארוז,אראל תוצרת חקלאית בע,IL,גזר ארוז,קילוגרמים,1.00,"ק""ג",true,,3.90,3.9000,true,1,1035
7290009000405,false,סלק אדום,אראל תוצרת חקלאית בע,IL,סלק,קילוגרמים,1.00,"ק""ג",true,,4.90,4.9000,true,1,1313
7290009000504,false,כרוב לבן,אראל תוצרת חקלאית בע,IL,כרוב לבן,קילוגרמים,1.00,"ק""ג",true,,2.90,2.9000,true,1,1624
7290009000511,false,כרוב אדום,אראל תוצרת חקלאית בע,IL,כרוב אדום,קילוגרמים,1.00,"ק""ג",true,,3.90,3.9000,true,1,1639
7290009000535,false,כרוב קייל,אראל תוצרת חקלאית בע,IL,כרוב קייל,Unknown,0.00,יחידה,false,,8.90,0.0000,true,1,19796
7290009000610,false,ברוקולי שקיל,ברכת קטיף,IL,ברוקולי שקיל,קילוגרמים,1.00,"ק""ג",true,,5.90,5.9000,true,1,1907
7290009000627,false,כרובית יחידה,אראל תוצרת חקלאית בע,IL,כרובית יחידה,Unknown,0.00,יחידה,false,,3.90,0.0000,true,1,19738
7290009000641,false,עגבניות מגי,אראל תוצרת חקלאית בע,IL,עגבניות מגי,קילוגרמים,1.00,"ק""ג",true,,9.90,9.9000,true,1,27199
7290009000702,false,לפת,אראל תוצרת חקלאית בע,IL,לפת,קילוגרמים,1.00,"ק""ג",true,,6.90,6.9000,true,1,2134
7290009000719,false,צנון,אראל תוצרת חקלאית בע,IL,צנון,קילוגרמים,1.00,"ק""ג",true,,6.90,6.9000,true,1,2144
7290009000771,false,שקיות הקפאה בינוני ז,,,שקיות הקפאה בינוני ז,Unknown,0.00,יחידה,false,,19.90,0.0000,true,1,21865
7290009000788,false,שקיות אוכל זיפלוק 14,,,שקיות אוכל זיפלוק 14,Unknown,0.00,יחידה,false,,16.90,0.0000,true,1,21864
7290009000801,false,צנונית יח,ברכת קטיף,IL,צנונית יח,Unknown,0.00,יחידה,false,,5.90,0.0000,true,1,2611
7290009000849,false,צנון שחור/לבן,אראל תוצרת חקלאית בע,IL,צנון שחור/לבן,קילוגרמים,1.00,"ק""ג",true,,6.90,6.9000,true,1,27421
7290009000887,false,סלרי ראש שקיל,אראל תוצרת חקלאית בע,IL,סלרי ראש שקיל,קילוגרמים,1.00,"ק""ג",true,,19.90,19.9000,true,1,59460
7290009000900,false,בצל יבש,אראל תוצרת חקלאית בע,IL,בצל,קילוגרמים,1.00,"ק""ג",true,,3.90,3.9000,true,1,2849
7290009000924,false,כרוב אדום ברכת דוד,,IL,כרוב אדום ברכת דוד,קילוגרמים,1.00,"ק""ג",true,,14.90,14.9000,true,1,63335
7290009000931,false,בצל אדום,אראל תוצרת חקלאית בע,IL,בצל אדום,קילוגרמים,1.00,"ק""ג",true,,5.90,5.9000,true,1,2857
7290009000948,false,כרוב לבן ברכת דוד,,IL,כרוב לבן ברכת דוד,קילוגרמים,1.00,"ק""ג",true,,13.90,13.9000,true,1,63336
7290009000962,false,בצל ירוק יח,ברכת קטיף,IL,בצל ירוק יח,Unknown,0.00,יחידה,false,,4.90,0.0000,true,1,2858
7290009001006,false,אפונה,אראל תוצרת חקלאית בע,IL,אפונה,קילוגרמים,1.00,"ק""ג",true,,19.90,19.9000,true,1,144
7290009001105,false,בטטה מובחרת,אראל תוצרת חקלאית בע,IL,בטטה מובחרת,קילוגרמים,1.00,"ק""ג",true,,8.90,8.9000,true,1,188
7290009001310,false,דלורית,אראל תוצרת חקלאית בע,IL,דלורית,קילוגרמים,1.00,"ק""ג",true,,5.90,5.9000,true,1,291
7290009001334,false,דלעת אקזוטי,אראל תוצרת חקלאית בע,IL,דלעת אקזוטי,קילוגרמים,1.00,"ק""ג",true,,9.90,9.9000,true,1,27674
7290009001419,false,חציל חממה,אראל תוצרת חקלאית בע,IL,חציל חממה,קילוגרמים,1.00,"ק""ג",true,,4.90,4.9000,true,1,321
7290009001426,false,חציל ננסי,אראל תוצרת חקלאית בע,IL,חציל ננסי,קילוגרמים,1.00,"ק""ג",true,,9.90,9.9000,true,1,322
7290009001440,false,חציל מנומר/כוכב/נקני,אראל תוצרת חקלאית בע,IL,חציל מנומר/כוכב/נקני,קילוגרמים,1.00,"ק""ג",true,,7.90,7.9000,true,1,10724
7290009001501,false,פלפל אדום,אראל תוצרת חקלאית בע,IL,פלפל אדום,קילוגרמים,1.00,"ק""ג",true,,7.90,7.9000,true,1,341
7290009001518,false,פלפל ירוק בהיר,אראל תוצרת חקלאית בע,IL,פלפל ירוק בהיר,קילוגרמים,1.00,"ק""ג",true,,7.90,7.9000,true,1,342
7290009001525,false,פלפל חריף ירוק,אראל תוצרת חקלאית בע,IL,פלפל חריף,קילוגרמים,1.00,"ק""ג",true,,6.90,6.9000,true,1,344
7290009001532,false,פלפל חריף אדום,אראל תוצרת חקלאית בע,IL,פלפל חריף אדום,קילוגרמים,1.00,"ק""ג",true,,6.90,6.9000,true,1,346
7290009001549,false,פלפל ירוק כהה,אראל תוצרת חקלאית בע,IL,פלפל ירוק כהה,קילוגרמים,1.00,"ק""ג",true,,6.90,6.9000,true,1,347
7290009001556,false,פלפל כתום,אראל תוצרת חקלאית בע,IL,פלפל כתום,קילוגרמים,1.00,"ק""ג",true,,7.90,7.9000,true,1,348
7290009001563,false,פלפל רומרו,אראל תוצרת חקלאית בע,IL,פלפל רומרו,קילוגרמים,1.00,"ק""ג",true,,2.90,2.9000,true,1,351
7290009001570,false,פלפל צהוב,אראל תוצרת חקלאית בע,IL,פלפל צהוב,קילוגרמים,1.00,"ק""ג",true,,7.90,7.9000,true,1,354
7290009001594,false,פלפל שושקה,אראל תוצרת חקלאית בע,IL,פלפל שושקה,קילוגרמים,1.00,"ק""ג",true,,11.90,11.9000,true,1,355
7290009001709,false,קולורבי,אראל תוצרת חקלאית בע,IL,קולורבי,קילוגרמים,1.00,"ק""ג",true,,6.90,6.9000,true,1,390
7290009001808,false,קישוא מעיין,אראל תוצרת חקלאית בע,IL,קישוא מעיין,קילוגרמים,1.00,"ק""ג",true,,5.90,5.9000,true,1,404
7290009001815,false,קישוא עגול,אראל תוצרת חקלאית בע,IL,קישוא עגול,קילוגרמים,1.00,"ק""ג",true,,9.90,9.9000,true,1,409
7290009001822,false,קישוא קרעה,אראל תוצרת חקלאית בע,IL,קישוא קרעה,קילוגרמים,1.00,"ק""ג",true,,1.90,1.9000,true,1,426
7290009001853,false,קישוא זוקיני,אראל תוצרת חקלאית בע,IL,קישוא זוקיני,קילוגרמים,1.00,"ק""ג",true,,9.90,9.9000,true,1,427
7290009001907,false,"שעועית צהובה ק""ג",אראל תוצרת חקלאית בע,IL,"שעועית צהובה ק""ג",קילוגרמים,1.00,"ק""ג",true,,19.90,19.9000,true,1,430
7290009001914,false,שעועית,אראל תוצרת חקלאית בע,IL,שעועית,קילוגרמים,1.00,"ק""ג",true,,19.90,19.9000,true,1,438
7290009002409,false,פול,אראל תוצרת חקלאית בע,IL,פול,קילוגרמים,1.00,"ק""ג",true,,14.90,14.9000,true,1,722
7290009002850,false,שום בתפזורת,אראל תוצרת חקלאית בע,IL,שום בתפזורת,קילוגרמים,1.00,"ק""ג",true,,29.90,29.9000,true,1,856
7290009002898,false,תפוח אדמה לאפייה,אראל תוצרת חקלאית בע,IL,"תפו""א לאפייה",Unknown,0.00,יחידה,false,,19.90,0.0000,true,1,21255
7290009002935,false,"מארז תפו""א לבן כ-4.8",אראל תוצרת חקלאית בע,IL,תפוח אדמה לבן,פריט,5.00,"ק""ג",false,,21.90,4.3800,true,1,21235
7290009002980,false,תפוח אדמה אדום כ-5 ק,אראל תוצרת חקלאית בע,IL,תפוח אדמה אדום,Unknown,0.00,יחידה,false,,25.90,0.0000,true,1,21236
7290009002997,false,תפוח אדמה תפזורת,אראל תוצרת חקלאית בע,IL,תפוח אדמה תפזורת,קילוגרמים,1.00,"ק""ג",true,,6.90,6.9000,true,1,987
7290009003079,false,שומר,אראל תוצרת חקלאית בע,IL,שומר,קילוגרמים,1.00,"ק""ג",true,,5.90,5.9000,true,1,1022
7290009003109,false,מלון,אראל תוצרת חקלאית בע,IL,מלון,קילוגרמים,1.00,"ק""ג",true,,5.90,5.9000,true,1,1036
7290009003246,false,פטריות במשקל,מרינה פטריות,IL,פטריות במשקל,קילוגרמים,1.00,"ק""ג",true,,31.90,31.9000,true,1,1084
7290009003352,false,תות שדה א.מעולה250ג,אראל תוצרת חקלאית בע,IL,מארז תות שדה,Unknown,0.00,יחידה,false,,19.90,0.0000,true,1,1112
7290009003413,false,כוסברה יח,ברכת קטיף,IL,כוסברה יח,Unknown,0.00,יחידה,false,,3.40,0.0000,true,1,1122
7290009003802,false,שורש חזרת,אראל תוצרת חקלאית בע,IL,שורש חזרת,קילוגרמים,1.00,"ק""ג",true,,19.90,19.9000,true,1,1265
7290009004281,false,תירס,אראל תוצרת חקלאית בע,IL,תירס,קילוגרמים,1.00,"ק""ג",true,,10.90,10.9000,true,1,28560
7290009004311,false,מלון גולדן סוויט,אראל תוצרת חקלאית בע,IL,מלון גולדן סוויט,קילוגרמים,1.00,"ק""ג",true,,5.90,5.9000,true,1,28479
7290009004519,false,שום סולו 250 גרם,אראל תוצרת חקלאית בע,IL,שום סולו 250 גרם,גרמים,250.00,100 גרם,false,,9.90,0.0396,true,1,47010
7290009004847,false,תירס טרי,אראל תוצרת חקלאית בע,IL,תירס טרי,Unknown,0.00,יחידה,false,,9.90,0.0000,true,1,60799
7290009005059,false,תפוז ברשת,אראל תוצרת חקלאית בע,IL,תפוז ברשת,קילוגרמים,1.00,"ק""ג",true,,3.90,3.9000,true,1,1635
7290009005080,false,תפוז,אראל תוצרת חקלאית בע,IL,תפוז,קילוגרמים,1.00,"ק""ג",true,,4.90,4.9000,true,1,1637
7290009005165,false,קלמנטינה ברשת,אראל תוצרת חקלאית בע,IL,קלמנטינה ברשת,קילוגרמים,1.00,"ק""ג",true,,4.90,4.9000,true,1,5348
7290009005172,false,קלמנטינה,אראל תוצרת חקלאית בע,IL,קלמנטינה,קילוגרמים,1.00,"ק""ג",true,,4.90,4.9000,true,1,1644
7290009005196,false,אשכולית אדומה,אראל תוצרת חקלאית בע,IL,אשכולית אדומה,קילוגרמים,1.00,"ק""ג",true,,4.90,4.9000,true,1,1647
7290009005202,false,אשכולית לבנה,אראל תוצרת חקלאית בע,IL,אשכולית לבנה,קילוגרמים,1.00,"ק""ג",true,,4.90,4.9000,true,1,1650
7290009005226,false,פומלה,אראל תוצרת חקלאית בע,IL,פומלה,קילוגרמים,1.00,"ק""ג",true,,5.90,5.9000,true,1,1656
7290009005233,false,פומלה אדומה,אראל תוצרת חקלאית בע,IL,פומלה אדומה,קילוגרמים,1.00,"ק""ג",true,,5.90,5.9000,true,1,1657
7290009005257,false,פומלית,אראל תוצרת חקלאית בע,IL,פומלית,קילוגרמים,1.00,"ק""ג",true,,9.90,9.9000,true,1,1660
7290009005301,false,לימון,אראל תוצרת חקלאית בע,IL,לימון,קילוגרמים,1.00,"ק""ג",true,,7.90,7.9000,true,1,1664
7290009005325,false,לימון ברשת,אראל תוצרת חקלאית בע,IL,לימון ברשת,קילוגרמים,1.00,"ק""ג",true,,6.90,6.9000,true,1,3155
7290009005387,false,תפוח עץ גולד רוז,אראל תוצרת חקלאית בע,IL,תפוח עץ גולד רוז,קילוגרמים,1.00,"ק""ג",true,,11.90,11.9000,true,1,31348
7290009005417,false,"בננות ""העמק""",אראל תוצרת חקלאית בע,IL,בננות העמק,קילוגרמים,1.00,"ק""ג",true,,3.90,3.9000,true,1,1679
7290009005615,false,אבוקדו,אראל תוצרת חקלאית בע,IL,אבוקדו,קילוגרמים,1.00,"ק""ג",true,,9.90,9.9000,true,1,1826
7290009005707,false,רימון,אראל תוצרת חקלאית בע,IL,רימון,קילוגרמים,1.00,"ק""ג",true,,7.90,7.9000,true,1,1842
7290009005806,false,חבושים,אראל תוצרת חקלאית בע,IL,חבושים,קילוגרמים,1.00,"ק""ג",true,,5.90,5.9000,true,1,1856
7290009005912,false,"אבוקדו ברשת כ-2.5 ק""",אראל תוצרת חקלאית בע,IL,אבוקדו ברשת,קילוגרמים,1.00,"ק""ג",true,,9.90,9.9000,true,1,10612
7290009006032,false,אגס נאשי,אראל תוצרת חקלאית בע,IL,אגס נאשי,קילוגרמים,1.00,"ק""ג",true,,11.90,11.9000,true,1,3152
7290009006063,false,אגס,אראל תוצרת חקלאית בע,IL,אגס,קילוגרמים,1.00,"ק""ג",true,,9.90,9.9000,true,1,1897
7290009006209,false,גויאבה,אראל תוצרת חקלאית בע,IL,גויאבה,קילוגרמים,1.00,"ק""ג",true,,12.90,12.9000,true,1,1917
7290009006308,false,קיווי,אראל תוצרת חקלאית בע,IL,קיווי,קילוגרמים,1.00,"ק""ג",true,,12.90,12.9000,true,1,1929
7290009006322,false,קוקוס יחידה,אראל תוצרת חקלאית בע,IL,קוקוס יחידה,Unknown,0.00,יחידה,false,,5.90,0.0000,true,1,3149
7290009006803,false,אננס מתוק במיוחד,אראל תוצרת חקלאית בע,IL,אננס יחידה,Unknown,0.00,יחידה,false,,24.90,0.0000,true,1,2091
7290009006810,false,אפרסמון,אראל תוצרת חקלאית בע,IL,אפרסמון,קילוגרמים,1.00,"ק""ג",true,,9.90,9.9000,true,1,2095
7290009007015,false,תפוח עץ סמיט,אראל תוצרת חקלאית בע,IL,תפוח עץ סמיט,קילוגרמים,1.00,"ק""ג",true,,9.90,9.9000,true,1,2135
7290009007022,false,תפוח עץ מוזהב,אראל תוצרת חקלאית בע,IL,תפוח עץ מוזהב,קילוגרמים,1.00,"ק""ג",true,,9.90,9.9000,true,1,2136
7290009007039,false,תפוח עץ יונתן,אראל תוצרת חקלאית בע,IL,תפוח עץ יונתן,קילוגרמים,1.00,"ק""ג",true,,9.90,9.9000,true,1,2137
7290009007046,false,תפוח עץ סטורי,אראל תוצרת חקלאית בע,IL,תפוח עץ חרמון,קילוגרמים,1.00,"ק""ג",true,,9.90,9.9000,true,1,2142
7290009007053,false,תפוח עץ גאלה,אראל תוצרת חקלאית בע,IL,תפוח עץ גאלה,קילוגרמים,1.00,"ק""ג",true,,9.90,9.9000,true,1,2143
7290009007077,false,תפוח עץ ברשת,אראל תוצרת חקלאית בע,IL,תפוח עץ רשת,קילוגרמים,1.00,"ק""ג",true,,5.90,5.9000,true,1,3144
7290009007107,false,תפוח עץ ענה,אראל תוצרת חקלאית בע,IL,תפוח עץ ענה,קילוגרמים,1.00,"ק""ג",true,,9.90,9.9000,true,1,3147
7290009007138,false,תפוח עץ פינק,אראל תוצרת חקלאית בע,IL,"תפו""ע פינק",קילוגרמים,1.00,"ק""ג",true,,9.90,9.9000,true,1,30272
7290009007503,false,ערמונים,אראל תוצרת חקלאית בע,IL,ערמונים,קילוגרמים,1.00,"ק""ג",true,,9.90,9.9000,true,1,2582
7290009007701,false,חזרת יח,אראל תוצרת חקלאית בע,IL,חזרת יח,Unknown,0.00,יחידה,false,,9.90,0.0000,true,1,62121
7290009007787,false,ענבים רד גלוב,אראל תוצרת חקלאית בע,IL,ענבים רד גלוב,קילוגרמים,1.00,"ק""ג",true,,17.90,17.9000,true,1,64012
7290009008302,false,ענבים לבנים,אראל תוצרת חקלאית בע,IL,ענבים לבנים,קילוגרמים,1.00,"ק""ג",true,,17.90,17.9000,true,1,2664
7290009008319,false,ענבים שחורים,אראל תוצרת חקלאית בע,IL,ענבים שחורים,קילוגרמים,1.00,"ק""ג",true,,17.90,17.9000,true,1,2665
7290009008418,false,שזיף אדום,אראל תוצרת חקלאית בע,IL,שזיף אדום,קילוגרמים,1.00,"ק""ג",true,,9.90,9.9000,true,1,2713
7290009008425,false,שזיף שגיב,אראל תוצרת חקלאית בע,IL,שזיף שגיב,קילוגרמים,1.00,"ק""ג",true,,9.90,9.9000,true,1,2718
7290009008500,false,משמש,אראל תוצרת חקלאית בע,IL,משמש,קילוגרמים,1.00,"ק""ג",true,,17.90,17.9000,true,1,3153
7290009008562,false,שיזף,אראל תוצרת חקלאית בע,IL,שיזף,קילוגרמים,1.00,"ק""ג",true,,39.90,39.9000,true,1,18317
7290009008807,false,"מארז לימון כ 2.5 ק""ג",אראל תוצרת חקלאית בע,IL,"מארז לימון כ 2.5 ק""ג",פריט,2.50,"ק""ג",false,,16.90,6.7600,true,1,65160
7290009008821,false,"מארז תפוז כ 2.5 ק""ג",אראל תוצרת חקלאית בע,IL,"מארז תפוז כ 2.5 ק""ג",פריט,2.50,"ק""ג",false,,9.90,3.9600,true,1,65161
7290009028768,false,שקית ענק אושר עד,,,שקית ענק אושר עד,Unknown,0.00,יחידה,false,,0.60,0.0000,true,1,5199
7290009068818,false,אגוז ברזיל טבעי במשק,דין שיווק,IL,אגוז ברזיל טבעי במשק,קילוגרמים,1.00,"ק""ג",true,,75.00,75.0000,true,1,3213
7290009068825,false,אגוז קלוף במשקל,דין שיווק,IL,אגוז קלוף במשקל,קילוגרמים,1.00,"ק""ג",true,,59.00,59.0000,true,1,3214
7290009068849,false,בוטן מסוכר במשקל,דין שיווק,IL,בוטן מסוכר במשקל,קילוגרמים,1.00,"ק""ג",true,,30.00,30.0000,true,1,3215
7290009068856,false,בוטן קלוי במשקל,דין שיווק,CN,בוטן קלוי במשקל,קילוגרמים,1.00,"ק""ג",true,,24.00,24.0000,true,1,3216
7290009068863,false,בונדוק טבעי במשקל,דין שיווק,TR,בונדוק טבעי במשקל,קילוגרמים,1.00,"ק""ג",true,,77.00,77.0000,true,1,3217
7290009068870,false,בונדוק קלוי במשקל,דין שיווק,TR,בונדוק קלוי במשקל,קילוגרמים,1.00,"ק""ג",true,,88.00,88.0000,true,1,3218
7290009068887,false,גרעין אבטיח קלוי במש,דין שיווק,IL,גרעין אבטיח קלוי במש,קילוגרמים,1.00,"ק""ג",true,,55.00,55.0000,true,1,3220
7290009068894,false,גרעין לבן קלוי במשקל,דין שיווק,IL,גרעין לבן קלוי במשקל,קילוגרמים,1.00,"ק""ג",true,,39.00,39.0000,true,1,3221
7290009068917,false,גרעין שחור קלוי במשק,דין שיווק,US,גרעין שחור קלוי במשק,קילוגרמים,1.00,"ק""ג",true,,19.00,19.0000,true,1,3222
7290009068955,false,גרעין חמניה קלוף טבע,"דין שיווק וקלייה בע""",US,גרעין חמניה קלוף טבע,קילוגרמים,1.00,"ק""ג",true,,39.00,39.0000,true,1,3223
7290009068962,false,מנצס במשקל,דין שיווק,CN,מנצס במשקל,קילוגרמים,1.00,"ק""ג",true,,47.00,47.0000,true,1,3224
7290009069006,false,פיסטוק ענק קלוי במשק,דין שיווק,US,פיסטוק ענק קלוי במשק,קילוגרמים,1.00,"ק""ג",true,,69.00,69.0000,true,1,3225
7290009069051,false,פקאן טבעי במשקל,דין שיווק,US,פקאן טבעי במשקל,קילוגרמים,1.00,"ק""ג",true,,119.00,119.0000,true,1,3226
7290009069068,false,פקאן סיני במשקל,דין שיווק,IL,פקאן סיני במשקל,קילוגרמים,1.00,"ק""ג",true,,118.00,118.0000,true,1,3227
7290009069075,false,פיסטוק טבעי במשקל,דין שיווק,CN,צנובר במשקל,קילוגרמים,1.00,"ק""ג",true,,195.00,195.0000,true,1,3228
7290009069112,false,קשיו קלוי במשקל,דין שיווק,VN,קשיו קלוי במשקל,קילוגרמים,1.00,"ק""ג",true,,69.00,69.0000,true,1,3238
7290009069129,false,שקד שבבים במשקל,דין שיווק,US,שקד שבבים במשקל,קילוגרמים,1.00,"ק""ג",true,,115.00,115.0000,true,1,3239
7290009069143,false,שקד טבעי ענק במשקל,דין שיווק,US,שקד טבעי ענק במשקל,קילוגרמים,1.00,"ק""ג",true,,85.00,85.0000,true,1,3241
7290009069174,false,שקד מסוכר במשקל,"דין שיווק וקלייה בע""",IL,שקד מסוכר במשקל,קילוגרמים,1.00,"ק""ג",true,,75.00,75.0000,true,1,3243
7290009069181,false,שקד ספרדי קלוי במשקל,דין שיווק,US,שקד ספרדי קלוי במשקל,קילוגרמים,1.00,"ק""ג",true,,90.00,90.0000,true,1,3242
7290009069235,false,חטיפים יפני במשקל,דין שיווק,TH,חטיפים יפני במשקל,קילוגרמים,1.00,"ק""ג",true,,65.00,65.0000,true,1,3244
7290009069242,false,בוטן אמריקאי במשקל,דין שיווק,IL,בוטן אמריקאי במשקל,קילוגרמים,1.00,"ק""ג",true,,20.00,20.0000,true,1,3245
7290009069259,false,קבוקים במשקל,דין שיווק,IL,קבוקים במשקל,קילוגרמים,1.00,"ק""ג",true,,26.00,26.0000,true,1,3246
7290009069266,false,בוטן בקליפה במשקל,דין שיווק,IL,בוטן בקליפה במשקל,קילוגרמים,1.00,"ק""ג",true,,15.00,15.0000,true,1,3247
7290009069273,false,משמש במשקל,דין שיווק,TR,משמש במשקל,קילוגרמים,1.00,"ק""ג",true,,54.00,54.0000,true,1,3248
7290009069280,false,צימוק חום במשקל,דין שיווק,TR,צימוק חום במשקל,קילוגרמים,1.00,"ק""ג",true,,28.00,28.0000,true,1,3249
7290009069297,false,צימוק לבן ענק במשקל,דין שיווק,US,צימוק לבן ענק במשקל,קילוגרמים,1.00,"ק""ג",true,,44.00,44.0000,true,1,3250
7290009069303,false,צימוק לבן במשקל,דין שיווק,US,צימוק לבן במשקל,קילוגרמים,1.00,"ק""ג",true,,37.00,37.0000,true,1,3251
7290009069327,false,תאנים גדולות במשקל,דין שיווק,TR,תאנים גדולות במשקל,קילוגרמים,1.00,"ק""ג",true,,47.00,47.0000,true,1,3253
7290009069334,false,שזיף ללא גרעין במשקל,דין שיווק,AR,שזיף ללא גרעין במשקל,קילוגרמים,1.00,"ק""ג",true,,25.00,25.0000,true,1,3255
7290009069440,false,בננה ציפס במשקל,דין שיווק,PH,בננה ציפס במשקל,קילוגרמים,1.00,"ק""ג",true,,33.00,33.0000,true,1,3291
7290009069495,false,פאפיה במשקל,דין שיווק,TH,פאפיה במשקל,קילוגרמים,1.00,"ק""ג",true,,29.00,29.0000,true,1,42701
7290009069501,false,תמר מגהול ענק,דין שיווק,IL,תמר מגהול ענק,קילוגרמים,1.00,"ק""ג",true,,45.00,45.0000,true,1,3177
7290009069518,false,ג'ינג'ר דל סוכר שקיל,"דין שיווק וקלייה בע""",TH,גינגר במשקל,קילוגרמים,1.00,"ק""ג",true,,50.00,50.0000,true,1,42702
7290009069990,false,תערובות לאורז - תערו,"דין שיווק וקלייה בע""",IL,תבלינים בקבוצה 2 במש,קילוגרמים,1.00,"ק""ג",true,,50.00,50.0000,true,1,3229
7290009077162,false,מלפפון/ירקות במשקל,דין שיווק,IL,מלפפון/ירקות במשקל,קילוגרמים,1.00,"ק""ג",true,,40.00,40.0000,true,1,5989
7290009077483,false,זית ירוק במשקל,דין שיווק,GR,זית ירוק במשקל,קילוגרמים,1.00,"ק""ג",true,,54.00,54.0000,true,1,5987
7290009077681,false,זית יווני במשקל,דין שיווק,GR,זית יווני במשקל,קילוגרמים,1.00,"ק""ג",true,,59.00,59.0000,true,1,5988
7290009090017,false,תבלינים בקבוצה 4 במש,נפטון,IL,תבלינים בקבוצה 4 במש,קילוגרמים,1.00,"ק""ג",true,,100.00,100.0000,true,1,3230
7290009951431,false,פירות אקזוטיים במשקל,"דין שיווק וקלייה בע""",VN,פירות טרופיים במשקל,קילוגרמים,1.00,"ק""ג",true,,80.00,80.0000,true,1,3293
7290009951455,false,תבלינים / פלפל,"דין שיווק וקלייה בע""",IL,תבלינים / פלפל,קילוגרמים,1.00,"ק""ג",true,,75.00,75.0000,true,1,5259
7290009953527,false,פיסטוק קלוי מיקס שקי,דין שיווק,US,פיסטוק קלוי מיקס שקי,קילוגרמים,1.00,"ק""ג",true,,69.00,69.0000,true,1,20729
7290010045006,false,עוגיות חמאה פריכות 200 גרם לחמי,קונדטוריות לחמי,IL,עוגיות פריכות עם חמא,גרמים,200.00,100 גרם,false,,18.90,0.0945,true,1,60131
7290010066001,false,נתחי טונה בשמן צמחי 960ג,תעשיות פילטונה,IL,טונה בשמן פילטונה 96,גרמים,960.00,100 גרם,false,,29.90,0.0311,true,1,44808
7290010066599,false,מארז רביעיית טונה בשמן זית 4*160 גרם,תעשיות פילטונה,IL,טונה בשמן זית פילטונ,גרמים,640.00,100 גרם,false,,27.90,0.0436,true,1,11873
7290010116980,false,אבקת שוקולית שקית עלית 850 ג',הנסיך- מפעל לייצור ט,IL,שוקולית 850 גרם,גרמים,850.00,100 גרם,false,,14.90,0.0175,true,1,2174
7290010117864,false,דוריטוס חטיף תירס בטעם חריף אש עלית 70 גרם,"שטראוס פריטו ליי בע""\מ )",IL,דוריטוס בטעם חריף אש,גרמים,70.00,100 גרם,false,,3.20,0.0457,true,1,2176
7290010153503,false,שעועית בובס יבשה מיה 400 גר',מיה תעשיות מזון מ.ת.מ. ב,IL,שעועית בובס מיה 400,גרמים,400.00,100 גרם,false,,9.90,0.0248,true,1,2185
7290010153688,false,חומץ רכיבים טבעיים 1 ליטר,פרידמן תעשיות חומץ ו,IL,חומץ טבעי 5% מיה 1 ל,קילוגרמים,1.00,ליטר,false,,4.90,4.9000,true,1,2188
7290010153725,false,קונפיטורה דובדבן מיה 340 גרם,מיה תעשיות מזון מ.ת.מ. ב,IL,קונפיטורה דובדבן מיה,גרמים,340.00,100 גרם,false,,8.70,0.0256,true,1,2190
7290010153817,false,ריבת חלב אמיתי מיה 400 גרם,מיה תעשיות מזון מ.ת.מ. ב,IL,ריבת חלב מיה 400 גרם,גרמים,400.00,100 גרם,false,,9.90,0.0248,true,1,2196
7290010153848,false,תבלין פפריקה מרוקאי בשמן 80 גר' מיה,מיה תעשיות מזון מ.ת.מ. ב,IL,פפריקה מתוקה בשמן מי,גרמים,80.00,100 גרם,false,,5.80,0.0725,true,1,2198
7290010153855,false,פפריקה מרוקאית בשמן 300 גרם צנצנת,מיה תעשיות מזון מ.ת.מ. ב,IL,פפריקה מרוקאית בשמן,גרמים,300.00,100 גרם,false,,14.90,0.0497,true,1,2199
7290010153862,false,פלפל שחור גרוס בצנצנת מיה 70 גרם,מיה תעשיות מזון מ.ת.מ. ב,IL,פלפל שחור גרוס מיה 7,גרמים,70.00,100 גרם,false,,6.90,0.0986,true,1,2200
7290010153879,false,ריבת חלב מרוכזת בטעם שמנת מיה 400 גר',מיה תעשיות מזון מ.ת.מ. ב,IL,ריבת חלב בטעם שמנת מ,גרמים,400.00,100 גרם,false,,9.90,0.0248,true,1,2201
7290010153893,false,ריבת חלב בטעם שוקולד מיה 400 גר',מיה תעשיות מזון מ.ת.מ. ב,IL,ריבת חלב מיה בטעם שו,גרמים,400.00,100 גרם,false,,9.90,0.0248,true,1,2202
7290010153978,false,קונפיטורה שזיפים מיה 340 גרם,מיה תעשיות מזון מ.ת.מ. ב,IL,קונפיטורה שזיף מיה 3,גרמים,340.00,100 גרם,false,,8.70,0.0256,true,1,2204
7290010154005,false,סחוג תימני יוחאי ביטון 250 גרם,תבליני יוחאי ביטון,IL,סחוג תימני ביטון 250,גרמים,250.00,100 גרם,false,,12.90,0.0516,true,1,2205
7290010154012,false,לימון בלאדי כבוש תבליני ביטון 250 גרם,תבליני יוחאי ביטון,IL,לימון בלאדי ביטון 25,גרמים,250.00,100 גרם,false,,12.90,0.0516,true,1,2206
7290010154029,false,אריסה מתוקה יוחאי ביטון 250 גרם,תבליני יוחאי ביטון,IL,אריסה מתוקה ביטון 25,גרמים,250.00,100 גרם,false,,12.90,0.0516,true,1,2207
7290010154265,false,פלפל צ'ומה תבליני ביטון 250 גרם,תבליני יוחאי ביטון,IL,פלפל צומה ביטון 250,גרמים,250.00,100 גרם,false,,12.90,0.0516,true,1,2210
7290010154678,false,אריסה מרוקאית תבליני ביטון 250 גרם,תבליני יוחאי ביטון,IL,אריסה חריף פיקנטי בי,גרמים,250.00,100 גרם,false,,12.90,0.0516,true,1,33546
7290010154685,false,סלט שום כתוש 250 ג' ביטון יוחאי,תבליני יוחאי ביטון,IL,שום כתוש ביטון 250 ג,גרמים,250.00,100 גרם,false,,12.90,0.0516,true,1,33547
7290010175819,false,חמאת בוטנים קלאסית טעמן 510 גרם,ניצה אס סיי,IL,חמאת בוטנים קלאסית ט,גרמים,510.00,100 גרם,false,,11.90,0.0233,true,1,39991
7290010175826,false,חמאת בוטנים עם שברי בוטנים טעמן 510 גרם,ניצה אס סיי,AR,חמאת בוטנים שברי בוט,גרמים,510.00,100 גרם,false,,11.90,0.0233,true,1,39992
7290010175840,false,לבבות דקל שלמים טעים 400 גרם,אינאקספו,UY,לבבות דקל שלם טעים 4,גרמים,400.00,100 גרם,false,,11.50,0.0288,true,1,4332
7290010175857,false,פרוסות לבבות דקל במי מלח טעים 400 גרם,אינאקספו,EC,לבבות דקל פרוס טעים,גרמים,400.00,100 גרם,false,,10.50,0.0263,true,1,4331
7290010176014,false,מיץ לימון טרי 1 ליטר (סחוט מ-32 לימונים),,IT,מיץ לימון משומר טעמן,קילוגרמים,1.00,ליטר,false,,10.90,10.9000,true,1,2217
7290010176212,false,נודלס בטעם עוף בכוס 65 גר' טעמן,זיזיאנג גרין הום פוד,CN,תאי נודלס בטעם עוף ט,גרמים,65.00,100 גרם,false,,3.90,0.0600,true,1,36998
7290010176229,false,נודלס בטעם בקר בכוס 65 גר' טעמן,זיזיאנג גרין הום פוד,CN,תאי נודלס בטעם בקר ט,גרמים,65.00,100 גרם,false,,3.90,0.0600,true,1,37078
7290010176236,false,נודלס בטעם ירקות בכוס 65 גר' טעמן,זיזיאנג גרין הום פוד,CN,תאי נודלס בטעם ירקות,גרמים,65.00,100 גרם,false,,3.90,0.0600,true,1,36999
7290010176243,false,נודלס בטעם סיני בכוס 65 גר' טעמן,זיזיאנג גרין הום פוד,CN,תאי נודלס בטעם סיני,גרמים,65.00,100 גרם,false,,3.90,0.0600,true,1,37077
7290010176793,false,מארז סוכריות סודה 17 יחידות 385 גרם,גואנגדונג צאואן פוד,CN,סוכריות מיני רולים ט,גרמים,375.00,100 גרם,false,,15.90,0.0424,true,1,2220
7290010192120,false,צנונית ארוזה 400 גרם,חקלאי,IL,צנונית ארוזה 400 גרם,גרמים,400.00,100 גרם,false,,5.90,0.0148,true,1,14135
7290010193288,false,קישקע ממולא גלאט עוף 500 גרם,מ ב גלאט עוף למהדרין,IL,קישקע גלאט עוף 500 ג,גרמים,500.00,100 גרם,false,,14.90,0.0298,true,1,3517
7290010193530,false,נקניק קבנוס ג.עוף 18,מ ב גלאט עוף למהדרין,IL,נקניק קבנוס ג.עוף 18,גרמים,180.00,100 גרם,false,,12.90,0.0717,true,1,8346
7290010193608,false,מארז שלישיה נקניקיות עוף 300 גר',מ ב גלאט עוף למהדרין,IL,מארז נקניקיות ג.עוף,גרמים,900.00,100 גרם,false,,19.90,0.0221,true,1,8347
7290010193806,false,נקנקיות עוף 400 גר' ג.ע,גלאט עוף,IL,נקניקיות עוף קפוא גל,גרמים,400.00,100 גרם,false,,9.90,0.0248,true,1,8348
7290010193837,false,נגיסי עוף גלאט עוף 2,מ ב גלאט עוף למהדרין,IL,נגיסי עוף גלאט עוף 2,פריט,2.00,"ק""ג",false,,59.90,29.9500,true,1,9790
7290010193844,false,טבעות עוף גלאט עוף 1,מ ב גלאט עוף למהדרין,IL,טבעות עוף גלאט עוף 1,פריט,1.80,"ק""ג",false,,59.90,33.2778,true,1,9791
7290010193851,false,"שניצל אמריקאי גלאט עוף 2 ק""ג",מ ב גלאט עוף למהדרין,IL,שניצל אמריקאי גלאט ע,פריט,2.00,"ק""ג",false,,59.90,29.9500,true,1,9789
7290010193899,false,קישקע מקמח מלא גלאט עוף 500 גרם,מ ב גלאט עוף למהדרין,IL,קישקע קמח מלא גלאט ע,גרמים,500.00,100 גרם,false,,16.90,0.0338,true,1,10294
7290010193905,false,גלאט עוף נקניקיות עוף 800 ג,מ ב גלאט עוף למהדרין,IL,נקניקיות עוף ג.עוף 8,גרמים,800.00,100 גרם,false,,19.90,0.0249,true,1,11068
7290010193967,false,קישקע ממולא גלאט עוף 600 גרם,מ ב גלאט עוף למהדרין,IL,קישקע גלאט עוף 600 ג,גרמים,600.00,100 גרם,false,,18.90,0.0315,true,1,14444
7290010237890,false,"בירה הייניקן בקבוק 500 מ""ל חוזר",טמפו משקאות בע''מ,IL,בירה היינקן ב.חוזר 5,מיליליטרים,500.00,"100 מ""ל",false,,8.90,0.0178,true,1,6576
7290010259359,false,וילי פוד נודלס אטר.ביצים להקפצה בדץ 200ג,פוג'יאן לונגהאי אנלי,CN,נודלס אטריות ביצים ר,גרמים,200.00,100 גרם,false,,4.50,0.0225,true,1,2231
7290010259366,false,וילי פוד נודלס אטר.ביצים מסולסל בדץ 200ג,פוג'יאן לונגהאי אנלי,CN,נודלס אטריות ביצים מ,גרמים,200.00,100 גרם,false,,4.50,0.0225,true,1,2232
7290010259991,false,צנימים מיוחדים בטעם טבעי 250 ג',קריות זול,GR,צנימים ויליפוד 250 ג,גרמים,250.00,100 גרם,false,,7.90,0.0316,true,1,7970
7290010328093,false,ממרח חלווה אחווה 400 ג' מהדרין,אחדות בית חרושת לטחי,IL,ממרח חלוה אחוה 400 ג,גרמים,400.00,100 גרם,false,,9.90,0.0248,true,1,21250
7290010328178,false,חלבה מסולסלת שערות אחוה 250 ג',אחדות ביחר לטחינה חל,IL,חלוה מסולסלת אחוה 25,גרמים,250.00,100 גרם,false,,10.90,0.0436,true,1,2239
7290010328239,false,טחינה גולמית מתובלת אחווה 500 ג',אחדות ביחר לטחינה חל,IL,טחינה מתובלת אחוה 50,גרמים,500.00,100 גרם,false,,10.90,0.0218,true,1,2240
7290010328345,false,חלווה בקופסה אחוה 50 גרם,אחדות ביחר לטחינה חל,IL,חטיף חלוה וניל אחוה,גרמים,50.00,100 גרם,false,,1.60,0.0320,true,1,5439
7290010328451,false,אחווה חלווה עם פולי קקאו 400 גר,אחדות ביחר לטחינה חל,IL,חלוה פולי קקאו אחוה,גרמים,400.00,100 גרם,false,,11.90,0.0298,true,1,8532
7290010328468,false,מארז מיני חלווה אחוה בטעמים 18 יחידות 216 גרם,שוורצקוף& הנקל דיסלד,IL,חטיפי מיני חלוה אחוה,גרמים,216.00,100 גרם,false,,9.80,0.0454,true,1,13255
7290010328505,false,"מארז מיני חלווה 15 יחידות לל""ס אחוה 150 גרם",אחדות ביחר לטחינה חל,IL,חטיפי מיני חלוה ללא,גרמים,150.00,100 גרם,false,,9.80,0.0653,true,1,13256
7290010328680,false,עוגה בטעם שוקולד עם שוקוצ'יפס מריר ולבן 450 גרם,אחדות ביחר לטחינה חל,IL,עוגת שוקולד ציפס מרי,גרמים,450.00,100 גרם,false,,9.80,0.0218,true,1,15246
7290010328710,false,קיצפיות בטעם וניל תות 18,אחדות ביחר לטחינה חל,IL,קצפיות אחוה 180 גרם,גרמים,180.00,100 גרם,false,,7.90,0.0439,true,1,26941
7290010328727,false,ממרח טחינה עם שוקולד אחווה 400 גרם,אחדות ביחר לטחינה חל,IL,ממרח שומשום עם שוקול,גרמים,400.00,100 גרם,false,,9.90,0.0248,true,1,21708
7290010328734,false,ממרח טחינה עם סילאן משומשום מלא,אחדות ביחר לטחינה חל,IL,ממרח שומשום עם סילאן,גרמים,400.00,100 גרם,false,,9.90,0.0248,true,1,22658
7290010328765,false,חלבה חטיף שוקו וניל וחלבה אחווה 50 גרם,אחדות ביחר לטחינה חל,IL,חטיף חלוה שוקו וניל,גרמים,50.00,100 גרם,false,,1.60,0.0320,true,1,27319
7290010328789,false,עוגה בטעם וניל אחוה 350 גרם,אחדות ביחר לטחינה חל,IL,עוגת וניל אחדות 350,גרמים,350.00,100 גרם,false,,6.50,0.0186,true,1,24932
7290010328796,false,עוגה בטעם שוקולד אחוה 350 גרם,אחדות ביחר לטחינה חל,IL,עוגת שוקולד אחדות 35,גרמים,350.00,100 גרם,false,,6.50,0.0186,true,1,24933
7290010328802,false,עוגה וניל שוקוצ'יפס אחדות 350 גר',אחדות ביחר לטחינה חל,IL,עוגת שוקולד ציפס אחד,גרמים,350.00,100 גרם,false,,6.50,0.0186,true,1,24934
7290010328819,false,ממרח טחינה עם שוקולד משומשום מלא אחווה 400 גרם,אחדות ביחר לטחינה חל,IL,ממרח שומשום עם שוקול,גרמים,400.00,100 גרם,false,,9.90,0.0248,true,1,25693
7290010328895,false,מאפין בטעם שוקולד45 גרם אחוה,אחדות ביחר לטחינה חל,IL,מאפין שוקולד אחוה 45,גרמים,45.00,100 גרם,false,,1.30,0.0289,true,1,26354
7290010328901,false,מאפין בטעם וניל אחוה 45 גרם,אחדות ביחר לטחינה חל,IL,מאפין וניל אחוה 45 ג,גרמים,45.00,100 גרם,false,,1.30,0.0289,true,1,27494
7290010471669,false,יוגורט תות עם קורנפלקס מצופה שוקולד ללא גלוטן 3.9%,"שטראוס בריאות בע""\מ",IL,דנונה בר תות וקורנפל,גרמים,175.00,100 גרם,false,,3.90,0.0223,true,1,3412
7290010472390,false,מארז 8 יחידות מעדן דני בטעם שוקולד 1.5%,מיוצר עי קונדיטוריית,IL,מארז דני שוקולד 8*12,קילוגרמים,1.00,ליטר,false,,14.50,14.5000,true,1,2249
7290010513703,false,מזרח ומערב צ'ופסטיקס צפצפה,גולין פנגזו,IL,צופסטיקס מזרח ומערב,Unknown,0.00,יחידה,false,,6.90,0.0000,true,1,50985
7290010513727,false,פנקו פרורי לחם 200 גרם (קינגדאו),קינגדאו גוניון פודס,CN,פנקו פירורי לחם מזרח,גרמים,200.00,100 גרם,false,,7.90,0.0395,true,1,49699
7290010561148,false,שליש באגט ל.גלוטן בר,"ל.ד בר אל בע""מ",IL,שליש באגט ל.גלוטן בר,גרמים,360.00,100 גרם,false,,9.90,0.0275,true,1,19770
7290010561193,false,לחמניות נקניקיה ל.גל,"ל.ד בר אל בע""מ",IL,לחמניות נקניקיה ל.גל,גרמים,330.00,100 גרם,false,,4.90,0.0148,true,1,19768
7290010561216,false,פיתות ל.גלוטן בראל 5,"ל.ד בר אל בע""מ",IL,פיתות ל.גלוטן בראל 5,גרמים,420.00,100 גרם,false,,9.90,0.0236,true,1,21241
7290010561247,false,לחם ביתי ל.גלוטן ברא,"ל.ד בר אל בע""מ",IL,לחם ביתי ל.גלוטן ברא,גרמים,500.00,100 גרם,false,,4.90,0.0098,true,1,19767
7290010561278,false,לחמניות המבורגר ל.גל,"ל.ד בר אל בע""מ",IL,לחמניות המבורגר ל.גל,גרמים,370.00,100 גרם,false,,4.90,0.0132,true,1,19769
7290010608201,false,יין יפו מלבק 2019,יקב טרנקבל,IL,יין יפו מלבק 2019,מיליליטרים,750.00,"100 מ""ל",false,,89.90,0.1199,true,1,62071
7290010617180,false,"זוג מוצצים סיליקון אורטו-'L""מרכז""",אריסטוקרט,TH,מוצץ גדול סדרת פרחים,Unknown,0.00,יחידה,false,,16.90,0.0000,true,1,3381
7290010617203,false,סינר חולצה לתינוק (203),אריסטוקרט,IL,סינר האכלה לתינוק אר,Unknown,0.00,יחידה,false,,11.90,0.0000,true,1,3385
7290010617241,false,זוג מוצצים סיליקון אורטודנטיים M,אריסטוקרט,TH,מוצץ בינוני סדרת פרח,Unknown,0.00,יחידה,false,,16.90,0.0000,true,1,2258
7290010617258,false,מוצץ סיליקון קטן לרך נולד פרח זוגי,אריסטוקרט,TH,מוצץ קטן סדרת פרחים,Unknown,0.00,יחידה,false,,16.90,0.0000,true,1,2259
7290010617609,false,מוצץ סיליקון אורטודנטי זוג מצוייר איריס בינוני,אריסטוקרט,TH,מוצץ סיליקון בינוני,Unknown,0.00,יחידה,false,,13.90,0.0000,true,1,3380
7290010617906,false,מברשת לניקוי בקבוק יוקרתית (906),אריסטוקרט,IL,מברשת פרימיום לניקוי,Unknown,0.00,יחידה,false,,12.90,0.0000,true,1,4177
7290010617920,false,שרשרת מוצץ יוקרתית מתאימה לרוב המוצצים,אריסטוקרט,TH,מחזיק למוצץ אריסטוקר,Unknown,0.00,יחידה,false,,12.90,0.0000,true,1,4178
7290010650019,false,אנדיב בלגי אמיתי חוות תקוע,מרינה פטריות הגליל,IL,אנדיב - עולש,Unknown,0.00,יחידה,false,,13.90,0.0000,true,1,21826
7290010650828,false,פטריות שימג'י חוות תקוע 150 גרם,שנגחאי פינק פוד קומפני,CN,פטריות שימגי,Unknown,0.00,יחידה,false,,13.90,0.0000,true,1,38795
7290010650996,false,"פטריות שי מג'י חומות, 150 גרם חוות תקוע",שנגחאי פינק פוד קומפני,CN,פטריות שימגי חומות,Unknown,0.00,יחידה,false,,13.90,0.0000,true,1,57160
7290010656592,false,מיץ ענבים תירוש אדום 100% טבעי 1 ליטר,יקב טפרברג 1870 בעמ,IL,מיץ ענבים תירוש אדום,קילוגרמים,1.00,ליטר,false,,16.90,16.9000,true,1,6910
7290010656615,false,מיץ תירוש טהור לבן 100% טבעי אפרת 1 ליטר,יקב טפרברג 1870 בעמ,IL,מיץ ענבים תירוש לבן,קילוגרמים,1.00,ליטר,false,,16.90,16.9000,true,1,6911
7290010676712,false,פילה סול ארוז קפוא,,,פילה סול פאר הדג,פריט,1.00,"ק""ג",false,,27.90,27.9000,true,1,8479
7290010748884,false,אפקטיב קר קרם גוף אינטנסיב לעור יבש במיוחד ח 700,פישר מעבדות פרמצבטיות,IL,קרם גוף אפקטיב קר לע,מיליליטרים,700.00,"100 מ""ל",false,,25.90,0.0370,true,1,52289
7290010748891,false,אפקטיב קר קרם גוף מולטי ויטמין לעור רגיל יבש ח 7,פישר מעבדות פרמצבטיות בע,IL,קרם גוף אפקטיב קר לע,מיליליטרים,700.00,"100 מ""ל",false,,25.90,0.0370,true,1,52287
7290010757893,false,"בורקס תפו""א ללא גלוטן פרווה - מוקפא",מאפיית ישראל חיפה,IL,"בורקס תפו""א ל.גלוטן",גרמים,500.00,100 גרם,false,,19.90,0.0398,true,1,60427
7290010757909,false,בורקס גבינה ללא גלוטן אריאל 500 גרם,מאפיית ישראל חיפה,IL,בורקס גבינה ל.גלוטן,גרמים,500.00,100 גרם,false,,19.90,0.0398,true,1,60428
7290010757916,false,בורקס פיצה ללא גלוטן אריאל 500 גרם,מאפיית ישראל חיפה,IL,בורקס פיצה ל.גלוטן א,גרמים,500.00,100 גרם,false,,19.90,0.0398,true,1,60424
7290010757923,false,ריבועי בצק עלים ללא גלוטן אריאל 450 גרם,מאפיית ישראל חיפה,IL,ריבועי בצק עלים ל.גל,גרמים,450.00,100 גרם,false,,19.90,0.0442,true,1,60425
7290010757930,false,מלאווח ללא גלוטן פרווה - מוקפא,מאפיית ישראל חיפה,IL,מלוואח ל.גלוטן אריאל,גרמים,500.00,100 גרם,false,,19.90,0.0398,true,1,60429
7290010757954,false,זיווה גבינה ללא גלוטן אריאל 500 גרם,מאפיית ישראל חיפה,IL,זיווה גבינה ל.גלוטן,גרמים,500.00,100 גרם,false,,19.90,0.0398,true,1,60430
7290010757961,false,אריאל ללא גלוטן- ג'חנון 500 גר,מאפיית ישראל חיפה,IL,ג'חנון ל.גלוטן אריאל,גרמים,450.00,100 גרם,false,,19.90,0.0442,true,1,60431
7290010766956,false,ממרח פלפלים מתוקים אדומים אוליביה 180 גרם,אוליביה גורמה בעמ,IL,ממרח פלפלים קלויים א,גרמים,180.00,100 גרם,false,,12.90,0.0717,true,1,48093
7290010883356,false,כפפות אלוורה רב שימושיות גדולות L סנו סושי,סנו סושי,CN,כפפות אלוורה L סנו ס,Unknown,0.00,יחידה,false,,8.90,0.0000,true,1,2282
7290010883363,false,כפפות אלוורה רב שימושיות קטנות S סנו סושי,האי נאם סי או אל.טי.,CN,כפפות אלוורה S סנו ס,Unknown,0.00,יחידה,false,,8.90,0.0000,true,1,2283
7290010883370,false,כפפות אלוורה רב שימושיות בינוניות M סנו סושי,האי נאם סי או אל.טי.,CN,כפפות אלוורה M סנו ס,Unknown,0.00,יחידה,false,,8.90,0.0000,true,1,2284
7290010931330,false,סלט מטבוחה אחלה 500 גרם,מיוצר עי קונדיטוריית,IL,מטבוחה אחלה 500 גרם,,500.00,,false,,13.90,0.0278,true,1,3409
7290010945146,false,קוטג' 3% מועשר בסידן טרה 250 ג' מהדרין,קריות זול,IL,קוטג 3% טרה 250 גרם,גרמים,250.00,100 גרם,false,,5.70,0.0228,true,1,2285
7290010945306,false,חלב בקרטון 3% 2 ליטר טרה,הפריט בפיקוח,IL,חלב 3% טרה 2 ליטר,קילוגרמים,2.00,ליטר,false,,12.30,6.1500,true,1,2286
7290010945450,false,גבינה לבנה 3% 250 גר מועשר בסידן וויטמין,הפריט בפיקוח,IL,גבינה 3% טרה 250 גרם,גרמים,250.00,100 גרם,false,,4.90,0.0196,true,1,2287
7290010945481,false,גבינה לבנה טרה 5% מרכיבים טבעיים,הפריט בפיקוח,IL,גבינה 5% טרה 500 גרם,גרמים,500.00,100 גרם,false,,9.70,0.0194,true,1,2288
7290010967988,false,חטיף באגסי בטעם פלאפ,א מ חטיפי העמק בעמ,IL,מארז באגסי פלאפל 20*,גרמים,400.00,100 גרם,false,,8.90,0.0223,true,1,57252
7290010984596,false,זית מנזלינו בני דרום,בני דרום,IL,זית מנזלינו בני דרום,גרמים,820.00,100 גרם,false,,7.90,0.0096,true,1,31509
7290010984602,false,זית סורי מבוקע בני ד,בני דרום,IL,זית סורי מבוקע בני ד,גרמים,820.00,100 גרם,false,,12.90,0.0157,true,1,31510
7290011017866,false,קוקה קולה קלאסי בפחית,החברה המרכזית לייצור משקאות,IL,"קוקה קולה 330 מ""ל",מיליליטרים,330.00,"100 מ""ל",false,,4.90,0.0148,true,1,51200
7290011017873,false,"פחיות קוקה קולה זירו 330 מ""ל",החברה המרכזית לייצור משקאות,IL,קוקה קולה זירו 330 מ,מיליליטרים,330.00,"100 מ""ל",false,,4.90,0.0148,true,1,51201
7290011018443,false,"פנטה אורנג פחית סליק 330 מ""ל",החברה המרכזית לייצור משקאות,IL,"פאנטה אורנג' 330 מ""ל",מיליליטרים,330.00,"100 מ""ל",false,,4.90,0.0148,true,1,51203
7290011022976,false,נייר אלומיניום אור 1,גי.טי,IL,נייר אלומיניום אור 1,מטרים,60.00,מטר,false,,23.90,0.3983,true,1,64621
7290011064099,false,ירקות או פרות ממולאים במעדן גבינה ניצן 125 גרם,גבינות אמיר ניצן בעמ,IL,טאפס פלפלים ממולאים,גרמים,125.00,100 גרם,false,,16.90,0.1352,true,1,27839
7290011091057,false,פפריקה מתוקה 500 ג פרג,תבליני הדור השלישי,IL,פפריקה מתוקה פרג 500,גרמים,500.00,100 גרם,false,,34.90,0.0698,true,1,2988
7290011091071,false,פפריקה חריפה בשמן 500 גרם,תבליני הדור השלישי,IL,פפריקה חריפה בשמן פר,גרמים,500.00,100 גרם,false,,34.90,0.0698,true,1,2987
7290011091088,false,כורכום פרג 500 גרם,תבליני הדור השלישי,IL,כורכום פרג 500 גרם,גרמים,500.00,100 גרם,false,,34.90,0.0698,true,1,2986
7290011091095,false,חוואיג למרק פרג 500,תבליני הדור השלישי,IL,חוואיג למרק פרג 500,גרמים,500.00,100 גרם,false,,34.90,0.0698,true,1,2985
7290011091118,false,גריל עוף פרג 500 גרם,תבליני הדור השלישי,IL,גריל עוף פרג 500 גרם,גרמים,500.00,100 גרם,false,,34.90,0.0698,true,1,2983
7290011091392,false,תבלין בהרט לקובה 100 גרם,תבליני הדור השלישי,IL,בהרט לקובה פרג 120 ג,גרמים,100.00,100 גרם,false,,16.90,0.1690,true,1,3948
7290011091507,false,פלפל שחור טחון 120 גרם,תבליני הדור השלישי,IL,פלפל שחור טחון פרג 1,גרמים,100.00,100 גרם,false,,15.90,0.1590,true,1,2980
7290011091637,false,בהר פלפל אנגלי טחון,תבליני הדור השלישי,IL,פלפל אנגלי פרג 120 ג,גרמים,120.00,100 גרם,false,,15.90,0.1325,true,1,4578
7290011091651,false,שום גבישי פרג 150 גר,תבליני הדור השלישי,IL,שום גבישי פרג 150 גר,גרמים,150.00,100 גרם,false,,16.90,0.1127,true,1,2968
7290011115166,false,נקה 7 ארומה סבון נוזלי לבנדר 1 ל',טרופיקל דגיל תעשיות,IL,תחליב נקה 7 לבנדר 1,קילוגרמים,1.00,ליטר,false,,12.70,12.7000,true,1,2307
7290011115173,false,נקה 7 ארומה סבון נוזלי וניל 1 ל',טרופיקל דגיל תעשיות,IL,תחליב נקה 7 וניל שקד,קילוגרמים,1.00,ליטר,false,,12.70,12.7000,true,1,2308
7290011115203,false,אל סבון מוצק מבושם בניחוח עדין קלאסיק - מארז רביעיה,טרופיקל דגיל תעשיות,IL,סבון מוצק נקה 7 ורוד,גרמים,400.00,100 גרם,false,,10.90,0.0273,true,1,2309
7290011115241,false,אל סבון ארומטי מוצק ורוד ורד ויסמין - מארז רביעיה,"גליל כימיכלים בע""מ",IL,סבון מוצק נקה 7 ורד,גרמים,400.00,100 גרם,false,,10.90,0.0273,true,1,2310
7290011115258,false,אל סבון מוצק מבושם בניחוח עדין קלאסיק - מארז רביעיה,"גליל כימיכלים בע""מ",IL,סבון מוצק נקה 7 ירוק,גרמים,400.00,100 גרם,false,,10.90,0.0273,true,1,2311
7290011115401,false,אל סבון ארומטי מוצק צהוב קמומיל - רביעייה,נקה 7,IL,סבון מוצק נקה 7 קמומ,גרמים,400.00,100 גרם,false,,10.90,0.0273,true,1,3822
7290011126209,false,הגן הקסום תה טעם תפוח וקינמון סיידר ויסוצקי 25 יח',תה ויסוצקי,IL,חליטת תפוח וקינמון ס,גרמים,68.00,100 גרם,false,,17.50,0.2574,true,1,14773
7290011126452,false,הגן הקסום תה בטעם קמומיל ונענע ויסוצקי 25 יחידות,תה ויסוצקי,IL,תה קמומיל נענע הגן ק,גרמים,38.00,100 גרם,false,,17.50,0.4605,true,1,2314
7290011126469,false,חליטת צמחים וקמומיל הגן הקסום ויסוצקי 25 יחידות,תה ויסוצקי,IL,תה קמומיל ודבש הגן ק,גרמים,38.00,100 גרם,false,,17.50,0.4605,true,1,2315
7290011126957,false,תה ירוק ויסוצקי ארל גריי 25 שקיקים,ויסוצקי ירוק,IL,תה ירוק ארל גריי 25,גרמים,38.00,100 גרם,false,,22.90,0.6026,true,1,6915
7290011132583,false,"פפסי מקס ליים 500 מ""ל מארז שישייה","טמפו משקאות בע""\מ",IL,מארז פפסי מקס 6*500,קילוגרמים,3.00,ליטר,false,,16.90,5.6333,true,1,56812
7290011133375,false,בירה שנדי בתוספת משקה אפרסק - שישייה,"טמפו משקאות בע""מ",IL,מארז בירה שנדי אפרסק,קילוגרמים,1.98,ליטר,false,,24.90,12.5758,true,1,4817
7290011133450,false,פקדון בקבוק חוזר 500,,,פקדון בקבוק חוזר 500,Unknown,0.00,יחידה,false,,1.20,0.0000,true,1,6505
7290011148959,false,פלפל טינקרבל יח שמיטה,"מרינה פטריות הגליל בע""מ",IL,פלפל טינקרבל מארז,Unknown,0.00,יחידה,false,,8.90,0.0000,true,1,7685
7290011154028,false,תרכיז סיידר תפוחים טהור טעמי הגליל 1.2 ליטר,טעמי הגליל,IL,סירופ תפוע 1.2 ליטר,קילוגרמים,1.20,ליטר,false,,39.90,33.2500,true,1,2318
7290011154301,false,ממרח תמרים טעמי הגלי,טעמי הגליל,IL,ממרח תמרים טעמי הגלי,,450.00,,false,,5.90,0.0131,true,1,2999
7290011154318,false,סילאן טבעי 900גר טעמי הגליל,טעמי הגליל,IL,סילאן טבעי טעמי הגלי,גרמים,900.00,100 גרם,false,,19.90,0.0221,true,1,21869
7290011164164,false,מארז לקקני סודה 40 יחידות 360 גרם,גואנגדונג צאואן פוד,CN,לקקן סודה טעמן 40 יח,גרמים,310.00,100 גרם,false,,15.90,0.0513,true,1,2323
7290011164539,false,סוכריות טופי ממולא בטעם פירות 120 יחידות 600 גרם,פאסין אס אי,BR,סוכריות פרוטמילה טופ,גרמים,600.00,100 גרם,false,,14.90,0.0248,true,1,2324
7290011164546,false,סוכריות טופי ממולא בטעם חמוץ 120 יחידות 600 גרם,פאסין אס אי,BR,סוכריות פרוטמילה טופ,גרמים,600.00,100 גרם,false,,14.90,0.0248,true,1,2325
7290011164553,false,"טופי בטעם פירות 700 גרם ""טעים""",טעמן,BR,סוכריות פרוטמילה טופ,גרמים,700.00,100 גרם,false,,14.90,0.0213,true,1,2326
7290011194215,false,מעדן גבינה ויוגורט בטעם בננה 5% שומן 88 ג' דניאלה,"שטראוס בריאות בע""מ",IL,דניאלה בננה 88 גרם,Unknown,0.00,יחידה,false,,3.90,0.0000,true,1,2335
7290011194246,false,קוטג' 5% עם סידן 250 ג' שטראוס,מיוצר עי קונדיטוריית,IL,קוטג 5% שטראוס 250 ג,גרמים,250.00,100 גרם,false,,5.80,0.0232,true,1,2336
7290011240868,false,"יין מוסקטו אדום מבעבע יקבי ציון 750 מ""ל",יקבי ציון,IL,יין מוסקטו אדום מבעב,מיליליטרים,750.00,"100 מ""ל",false,,29.90,0.0399,true,1,15082
7290011240905,false,"יין מוסקטו לבן מבעבע יקבי ציון 750 מ""ל",יקבי ציון,IL,יין מוסקטו לבן מבעב,מיליליטרים,750.00,"100 מ""ל",false,,24.90,0.0332,true,1,15083
7290011249212,false,וופל עלמה בלגי לימון 200 גר' ללא סוכר,"גילרו בע""מ",IL,ופלים קראנץ' במילוי,גרמים,200.00,100 גרם,false,,2.90,0.0145,true,1,63749
7290011254070,false,תבלין פלפל שחור בשקית 50ג' מיה,מיה תעשיות מזון מ.ת.מ. ב,IL,פלפל שחור שקית מיה 5,גרמים,50.00,100 גרם,false,,6.90,0.1380,true,1,2339
7290011254087,false,תבלין קינמון בשקית 80 גר' מיה,מיה תעשיות מזון מ.ת.מ. ב,IL,קינמון שקית מיה 80 ג,גרמים,80.00,100 גרם,false,,3.90,0.0487,true,1,2340
7290011254094,false,תבלין כמון 80גר' שקית,מיה תעשיות מזון מ.ת.מ. ב,IL,כמון שקית מיה 80 גרם,גרמים,80.00,100 גרם,false,,3.90,0.0487,true,1,5793
7290011254100,false,תבלין כרכום בשקית 80 גר' מיה,מיה תעשיות מזון מ.ת.מ. ב,IL,כורכום שקית מיה 80 ג,גרמים,80.00,100 גרם,false,,3.90,0.0487,true,1,2341
7290011254117,false,תבלין פפריקה מתוקה בשקית 80 גר' מיה,מיה תעשיות מזון מ.ת.מ. ב,IL,פפריקה מתוקה שקית מי,גרמים,80.00,100 גרם,false,,3.90,0.0487,true,1,2342
7290011254124,false,תבלין פפריקה חריפה בשקית 80 גר' מיה,מיה תעשיות מזון מ.ת.מ. ב,IL,פפריקה חריפה שקית מי,גרמים,80.00,100 גרם,false,,3.90,0.0487,true,1,2343
7290011254131,false,תבלין אורגנו 20גרם- שקית,מיה תעשיות מזון מ.ת.מ. ב,IL,אורגנו שקית מיה 20 ג,גרמים,20.00,100 גרם,false,,3.90,0.1950,true,1,5787
7290011254148,false,אבקת שום בשקית מיה 80 גרם,מיה תעשיות מזון מ.ת.מ. ב,IL,אבקת שום שקית מיה 80,גרמים,80.00,100 גרם,false,,6.90,0.0863,true,1,2344
7290011254155,false,תבלין מלח לימון בשקית 80 גר' מיה,מיה תעשיות מזון מ.ת.מ. ב,IL,מלח לימון שקית מיה 8,גרמים,100.00,100 גרם,false,,3.90,0.0390,true,1,2345
7290011254162,false,פלפל לבן בשקית מיה 50 גרם,מיה תעשיות מזון מ.ת.מ. ב,IL,פלפל לבן שקית מיה 50,גרמים,50.00,100 גרם,false,,6.90,0.1380,true,1,2346
7290011254179,false,תבלין גריל עוף בשקית 80 גר' מיה,מיה תעשיות מזון מ.ת.מ. ב,IL,גריל עוף שקית מיה 80,גרמים,80.00,100 גרם,false,,3.90,0.0487,true,1,2347
7290011254209,false,גבישי שום בשקית מיה 80 גרם,מיה תעשיות מזון מ.ת.מ. ב,IL,גבישי שום שקית מיה 8,גרמים,80.00,100 גרם,false,,6.90,0.0863,true,1,5789
7290011254230,false,תן צ'אפ חטיף טבעות מארז 15X10ג',מיה תעשיות מזון מ.ת.מ. ב,IL,מארז תן צאפ טבעות 8*,גרמים,120.00,100 גרם,false,,7.90,0.0658,true,1,2348
7290011254247,false,תן צ'אפ חטיף גלגלים מארז 15X10ג',מיה תעשיות מזון בעמ,IL,מארז תן צאפ גלגלים 8,גרמים,120.00,100 גרם,false,,7.90,0.0658,true,1,2349
7290011254698,false,"שמן זית כתית מעולה 750מ""ל בד''ץ",מיולאוליבה ספרד,ES,שמן זית כתית מיה 750,מיליליטרים,750.00,"100 מ""ל",false,,27.90,0.0372,true,1,22051
7290011254766,false,"שעועית לוביה יבשה מיה 400 גר'בד""צ",מיה תעשיות מזון מ.ת.מ. ב,IL,שעועית לוביה מיה 400,גרמים,400.00,100 גרם,false,,7.90,0.0198,true,1,3996
7290011254964,false,מאגדת ג'לי טבעי מיה 250 גרם,מיה תעשיות מזון מ.ת.מ. ב,IL,סוכריות גלי טבעי עשי,גרמים,250.00,100 גרם,false,,9.90,0.0396,true,1,2957
7290011312381,false,פטריות חורש למנגל 320 ג',"מרינה פטריות הגליל בע""מ",IL,פטריות סטייק פורטובל,Unknown,0.00,יחידה,false,,12.90,0.0000,true,1,6684
7290011379018,false,פטריות טריות מיקס מרינה זוגי 250X2ג',"מרינה פטריות הגליל בע""מ",IL,מארז פטריות צמד חמד,Unknown,0.00,יחידה,false,,15.90,0.0000,true,1,4360
7290011442309,false,אקונומיקה ריחנית 4 ליטר ר. שמאי,אלמוג דיל בעמ,IL,אקונומיקה קריסטל לימ,קילוגרמים,4.00,ליטר,false,,5.90,1.4750,true,1,12812
7290011447359,false,תחליף חלב מטרנה מהדרין שלב 1 חלבי 700 גרם,מולינו ניקולי s.p.a,IL,מטרנה מהדרין שלב 1 7,גרמים,700.00,100 גרם,false,,46.90,0.0670,true,1,2365
7290011447373,false,תחליף חלב מטרנה מהדרין שלב 2 חלבי 700 גרם,מטרנה תעשיות ש.מ,IL,מטרנה מהדרין שלב 2 7,גרמים,700.00,100 גרם,false,,46.90,0.0670,true,1,2366
7290011489861,false,פתיבר בטעם וניל הדר,מגדנית הדר,IL,פתיבר בטעם וניל הדר,פריט,1.80,"ק""ג",false,,21.90,12.1667,true,1,50694
7290011499051,false,פטה כבשים מסורתית 20% בגביע 250 גרם - רובין,MKN עבור מחלבות גד ב,IL,גבינת פטה כבשים 20%,גרמים,250.00,100 גרם,false,,25.90,0.1036,true,1,2377
7290011499358,false,פטה עיזים מסורתית 20% בגביע מחלבות גד,מיוצר על ידי קוד יצר,IL,גבינת פטה עיזים 20%,גרמים,200.00,100 גרם,false,,21.90,0.1095,true,1,45718
7290011499365,false,גד חלומי 24% 200 גרם רובין,"מחלבות גד בע""\מ",IL,גבינה חלומי 24% גד 2,גרמים,200.00,100 גרם,false,,19.90,0.0995,true,1,3201
7290011499419,false,גבינה במרקם שמנת בטעם טבעי 5% ניו יורק,גבינות מדף,IL,גבינה במרקם שמנת טבע,גרמים,200.00,100 גרם,false,,12.90,0.0645,true,1,6382
7290011499686,false,צפתית מיני 5% 350 גרם מהדרין - רובין,גבינות מדף,IL,גבינה צפתית 5% גד 35,גרמים,350.00,100 גרם,false,,21.90,0.0626,true,1,5390
7290011499723,false,בולגרית פרוסות 5% מהדרין מחלבות גד,גבינות מדף,IL,גבינה בולגרית פרוסות,גרמים,250.00,100 גרם,false,,27.90,0.1116,true,1,5389
7290011499730,false,בולגרית מסורתית 5% גביע 250 גרם מהדרין - רובין,גבינות מדף,IL,גבינה בולגרית 5% גד,גרמים,250.00,100 גרם,false,,23.90,0.0956,true,1,5395
7290011499822,false,בולגרית מעודנת 5% 250 גרם מהדרין - רובין,גבינות מדף,IL,גבינה בולגרית מעודנת,גרמים,250.00,100 גרם,false,,23.90,0.0956,true,1,7311
7290011499846,false,גבינת ריקוטה פרסקה 9% גד 300 גרם,מחלבות גד בעמ,IL,גבינת ריקוטה פרסקה 9,גרמים,300.00,100 גרם,false,,17.90,0.0597,true,1,24294
7290011501570,false,מיץ שזיפים פרון 946,,US,מיץ שזיפים פרון 946,מיליליטרים,946.00,"100 מ""ל",false,,14.90,0.0158,true,1,8749
7290011515683,false,מאגדת טילון אקסטרים וניל נסטלה 6 יחידות,תות תעשיות מזון (201,IL,טילוני אקסטרים וניל,גרמים,432.00,100 גרם,false,,23.90,0.0553,true,1,2380
7290011515911,false,שלגונים מופחתי קלוריות בטעם ריבת חלב - 6 יח',גלידות נסטלה )נגה גלידות,IL,שלגוני לייט נסטלה רי,גרמים,312.00,100 גרם,false,,22.90,0.0734,true,1,4420
7290011518561,false,"אקטימל תות 1.51 ק""ג מארז 14 יחידות",מיוצר עי קונדיטוריית,IL,אקטימל תות דנונה 14*,קילוגרמים,1.40,ליטר,false,,28.90,20.6429,true,1,2382
7290011537371,false,פסטה קונכיות 500 גרם טעמן,מוצרי יסוד - טעמן,TR,פסטה קונכיות טעמן 50,גרמים,500.00,100 גרם,false,,3.90,0.0078,true,1,2386
7290011593117,false,זית סורי ירוק מבוקע 800 ג' סבא חביב,שמן זית סבא חביב,IL,זית סורי מבוקע סבא ח,גרמים,800.00,100 גרם,false,,19.90,0.0249,true,1,60446
7290011598211,false,"סנו - אנטי קאלק מרסס ניקוי כללי 4 ב-1 700 מ""ל",מיוצר עי קונדיטוריית,IL,תרסיס אנטי קאלק 4 ב-,מיליליטרים,700.00,"100 מ""ל",false,,17.70,0.0253,true,1,2387
7290011598402,false,מקסימה מרכך כביסה ארומתרפי מאסק סנו 4 ליטר,"סנו מפעלי ברונוס בע""\מ",IL,מרכך מקסימה מאסק 4 ל,קילוגרמים,4.00,ליטר,false,,21.50,5.3750,true,1,2390
7290011615406,false,בולגרית בקוביות בשמן ותבלינים הבולגריה 325 ג' קוליוס,"קוליוס אס. איי, גריק",GR,בולגרית קוביות בשמן,גרמים,325.00,100 גרם,false,,12.90,0.0397,true,1,48520
7290011623104,false,שקדי מרק 200גר'-12Xאפיקומן - חדש,,,שקדי מרק אפיקומן 200,גרמים,200.00,100 גרם,false,,12.90,0.0645,true,1,8876
7290011725006,false,פטרוזיליה אפרתי ברכת דויד,קונספסיון/ פניסקור/,IL,פטרוזליה ברכת דוד,Unknown,0.00,יחידה,false,,5.90,0.0000,true,1,53123
7290011725013,false,כוסברה אפרתי-ברכת דויד,קונסרבאס פרדו,IL,כוסברה ברכת דוד,Unknown,0.00,יחידה,false,,5.90,0.0000,true,1,38925
7290011725020,false,שמיר אפרתי ברכת דויד,ברכת קטיף,IL,שמיר ברכת דוד,Unknown,0.00,יחידה,false,,5.90,0.0000,true,1,9348
7290011725037,false,נענע אפרתי ברכת דויד,קונסרווס אל.ג'י. זאס,IL,נענע ברכת דוד,Unknown,0.00,יחידה,false,,5.90,0.0000,true,1,53124
7290011725044,false,סלרי עלים אמריקאי אפרתי ברכת דויד,ברכת קטיף,IL,סלרי ברכת דוד,Unknown,0.00,יחידה,false,,6.90,0.0000,true,1,53073
7290011725051,false,חסה אפרתי ברכת דויד/הארץ,קוסטר - תורכיה,IL,חסה ברכת דוד,Unknown,0.00,יחידה,false,,6.90,0.0000,true,1,29141
7290011725068,false,מנגולד אפרתי ברכת דויד,ברכת קטיף,IL,מנגולד ברכת דוד,Unknown,0.00,יחידה,false,,6.90,0.0000,true,1,52980
7290011725136,false,דלעת ברכת דוד,ברכת קטיף,IL,דלעת ברכת דוד,Unknown,0.00,יחידה,false,,8.90,0.0000,true,1,63333
7290011725143,false,לבבות חסה ברכת דוד,קילט ניהול פרוייקטים,IL,לבבות חסה ברכת דוד,Unknown,0.00,יחידה,false,,12.90,0.0000,true,1,53121
7290011725167,false,בצל ירוק אפרתי בירכת דויד,,,בצל ירוק ברכת דוד,Unknown,0.00,יחידה,false,,6.90,0.0000,true,1,8409
7290011732172,false,סוכריות שרשרת סודה 24 יח' משפחתי טעמן,גואנגדונג צאואן פוד,CN,סוכריות שרשרת טעמן 2,גרמים,422.00,100 גרם,false,,15.90,0.0377,true,1,2393
7290011732189,false,"סוכריות צמיד דחוסות בד""ץ טעמן 48 יחידות",גואנגדונג צאואן פוד,CN,סוכריות צמיד טעמן 48,גרמים,422.00,100 גרם,false,,15.90,0.0377,true,1,2394
7290011732202,false,סוכריות בקבוקי סודה מארז משפחתי 375 גר',גואנגדונג צאואן פוד,CN,בקבוקי אבקה בטעם פרי,גרמים,462.00,100 גרם,false,,15.90,0.0344,true,1,2395
7290011732271,false,מארז פירות פלסטיק עם אבקה בטעם פרי חמצמץ 36 יחידות,גואנגדונג צאואן פוד,CN,סוכריות פירות טעמן 3,גרמים,432.00,100 גרם,false,,15.90,0.0368,true,1,2397
7290011765415,false,"כיף - בוב ספוג מרכך שיער 750 מ""ל",קוסמופארם,IL,מרכך כיף רוזמרין בוב,מיליליטרים,750.00,"100 מ""ל",false,,10.70,0.0143,true,1,2414
7290011765446,false,משחת שיניים לילדים בוב ספוג בטעם מיץ ענבים עם פלואוריד למניעת עששת,טרופיקל דגיל תעשיות קוסמ,IL,משחת אורביטול ילדים,גרמים,70.00,100 גרם,false,,7.50,0.1071,true,1,2415
7290011800840,false,רפי כהן סלט טחינה בלאדי צבר 400 גרם,רפי כהן / צבר,IL,טחינה בלאדי רפי 400,גרמים,400.00,100 גרם,false,,14.90,0.0373,true,1,3908
7290011877859,false,סנו אינסטלטור חדש פותח סתימות 200ג',מיוצר עי קונדיטוריית,IL,פותח סתימות סנו אינס,מיליליטרים,200.00,"100 מ""ל",false,,12.90,0.0645,true,1,3320
7290011877866,false,"מקסימה אבקת כביסה בניחוח מאסק סנו 6 ק""ג","סנו מפעלי ברונוס בע""\מ",IL,אבקת מקסימה מאסק 6 ק,פריט,6.00,"ק""ג",false,,39.90,6.6500,true,1,3323
7290011947521,false,"שמן זית כתית מעולה 750 מ""ל טעם מודגש זיתא",זיתא - י.ט.ב תעשיות,IL,שמן זית כתית זיתא טע,מיליליטרים,750.00,"100 מ""ל",false,,27.80,0.0371,true,1,53253
7290011977627,false,סרדינים בשמן צמחי טעים 125 גרם,טעמן,MA,סרדין בשמן טעים 125,גרמים,125.00,100 גרם,false,,3.90,0.0312,true,1,2437
7290011977641,false,סרדינים בשמן קנולה עם לימון טעים 125 גרם,טעמן,IL,סרדין בלימון טעים 12,גרמים,125.00,100 גרם,false,,3.90,0.0312,true,1,2439
7290011977665,false,סרדינים ברוטב עגבניות טעים 125 גרם,טעמן,MA,סרדין ברוטב עגבניות,גרמים,125.00,100 גרם,false,,3.90,0.0312,true,1,2440
7290011977924,false,"פסטה קרניים 100% חיטת דורום בד""ץ טעמן 500 גרם",מוצרי יסוד - טעמן,TR,פסטה קרניים טעמן 500,גרמים,500.00,100 גרם,false,,3.90,0.0078,true,1,3394
7290012001994,false,חרדל דיז'ון גרעינים 350 ג' ריין דיזון,ריין דיז'ון reine dijon,FR,חרדל דיזון גרגירים ר,גרמים,350.00,100 גרם,false,,9.90,0.0283,true,1,4922
7290012025822,false,שמיר סלק אסלי 400 גרם,"סלטי שמיר 2006 בע""מ",IL,סלט סלק אסלי 400 גרם,גרמים,400.00,100 גרם,false,,10.90,0.0273,true,1,22203
7290012025839,false,מטבוחה שמיר אסלי 400 גרם,"סלטי שמיר 2006 בע""מ",IL,מטבוחה אסלי 400 גרם,גרמים,400.00,100 גרם,false,,10.90,0.0273,true,1,4958
7290012071003,false,"ד""ר פישר - קמיל בלו משחה לתינוק 200 גרם",פישר מעבדות פרמצבטיו,IL,"משחה לתינוק ד""ר פישר",גרמים,200.00,100 גרם,false,,18.90,0.0945,true,1,49249
7290012116551,false,אנטי קאלק נוזל לניקוי כללי סנו 2 ליטר,מיוצר עי קונדיטוריית,IL,נוזל אנטי קאלק 4 ב-1,קילוגרמים,2.00,ליטר,false,,17.90,8.9500,true,1,3312
7290012116612,false,אורביטול מברשת שיניים מארז 4 יח',ג'נרל מילס סאן אדריא,CN,מברשת אורביטול סופט,Unknown,0.00,יחידה,false,,9.90,0.0000,true,1,3329
7290012117039,false,נוזל לניקוי אמבטיה 00 סנו 1 ליטר,סנו מפעלי ברונוס בעמ,IL,נוזל 00 לאמבט 1 ליטר,קילוגרמים,1.00,ליטר,false,,7.50,7.5000,true,1,3319
7290012117091,false,"אבקת כביסה סנסיטיב סנו מקסימה 6 ק""ג",סנו מקסימה,IL,אבקת מקסימה סנסטיב 6,פריט,6.00,"ק""ג",false,,44.90,7.4833,true,1,3324
7290012117275,false,"קליר שקית מילוי לניקוי חלונות סנו 750 מ""ל",טרופיקל דגיל תעשיות,IL,"מילוי סנוקליר 750 מ""",מיליליטרים,750.00,"100 מ""ל",false,,5.70,0.0076,true,1,3317
7290012117350,false,"נוזל רצפות לילך 2 ליטר ""ריצפז פרש""","סנו מפעלי ברונוס בע""\מ",IL,ריצפז פרש לילך 2 ליט,קילוגרמים,2.00,ליטר,false,,16.90,8.4500,true,1,3314
7290012117411,false,"שמפו וג'ל רחצה רויבוס 700 מ""ל ""קרמה""",קוסמופארם בע'\'\מ,IL,גל רחצה קרמה מן במבו,מיליליטרים,700.00,"100 מ""ל",false,,16.50,0.0236,true,1,3334
7290012117428,false,"ג'ל רחצה ושמפו מעיינות מנטה קרמה מן 700 מ""ל",טרופיקל דגיל תעשיות,IL,שמפו וגל רחצה לגבר ק,מיליליטרים,700.00,"100 מ""ל",false,,16.50,0.0236,true,1,3335
7290012117435,false,"קרמה - שמפו וג'ל רחצה 2 ב-1 אלוורה 700 מ""ל",טרופיקל דגיל תעשיות,IL,גל רחצה קרמה מן אלוו,מיליליטרים,700.00,"100 מ""ל",false,,16.50,0.0236,true,1,3336
7290012117534,false,מרכך כביסה מרוכז תכלת קול סנו מקסימה 1 ליטר,"סנו מפעלי ברונוס בע""\מ",IL,מרכך מקסימה סופר מרו,קילוגרמים,1.00,ליטר,false,,17.50,17.5000,true,1,4343
7290012117541,false,מרכך כביסה מרוכז צהוב סנו מקסימה 1 ליטר,סנו מפעלי ברונוס בעמ,IL,מרכך מקסימה סופר מרו,קילוגרמים,1.00,ליטר,false,,17.50,17.5000,true,1,35819
7290012117558,false,מקסימה מרכך כביסה מרוכז ורוד בניחוח מאסק סנו 1 ליטר,"סנו מפעלי ברונוס בע""\מ",IL,מרכך מקסימה סופר מרו,קילוגרמים,1.00,ליטר,false,,17.50,17.5000,true,1,4344
7290012117732,false,מקסימה מרכך כביסה ארומתרפי קול סנו 4 ליטר,"סנו מפעלי ברונוס בע""\מ",IL,מרכך מקסימה קול 4 לי,קילוגרמים,4.00,ליטר,false,,21.50,5.3750,true,1,6685
7290012117916,false,אינסטלטור נוזל לפתיחת סתימות סנו 1 ליטר,"סנו מפעלי ברונוס בע""",IL,פותח סתימות סנו אינס,קילוגרמים,1.00,ליטר,false,,26.70,26.7000,true,1,13645
7290012226991,false,"נקניקיות עוף באריזת ג''מבו 1.5 ק""ג זוגלובק",נקניק נהריה כשר זוגל,IL,נקניקיות עוף זוגלובק,פריט,1.50,"ק""ג",false,,26.90,17.9333,true,1,7248
7290012227592,false,פסט' חרמון כפרי וסלמי תה זוגי זוגלובק 300X2ג' מחפוד,זוגלובק,IL,מארז תה מעושן וחרמון,גרמים,700.00,100 גרם,false,,25.90,0.0370,true,1,14351
7290012227608,false,מארז חרמון 300 גר' +חרמון ברבקיו 300ג' זוגלובק,זוגלובק,IL,מארז חרמון וברביקיו,גרמים,600.00,100 גרם,false,,25.90,0.0432,true,1,14350
7290012227615,false,נקניקיות עוף זוגלובק 800 ג' מחפוד,זוגלובק,IL,נקניקיות עוף זוגלובק,גרמים,800.00,100 גרם,false,,23.90,0.0299,true,1,14349
7290012227622,false,פסטרמה חרמון כפרית דבש 400גר מחפוד זוגלובק,זוגלובק,IL,פסטרמה בדבש זוגלובק,גרמים,400.00,100 גרם,false,,18.90,0.0472,true,1,14348
7290012227738,false,זוגלובק סלמי תה מעושן מחפוד 370 גרם,זוגלובק,IL,סלמי תה מעושן זוגלוב,גרמים,370.00,100 גרם,false,,19.90,0.0538,true,1,19844
7290012227769,false,פסטרמה ברביקיו זוגלובק מחפוד 400 גרם,זוגלובק,IL,פסטרמה ברביקיו זוגלו,גרמים,400.00,100 גרם,false,,18.90,0.0472,true,1,15666
7290012227776,false,פסטרמה חרמון הודו מחפוד 400 גר',זוגלובק,IL,פסטרמה הודו זוגלובק,גרמים,400.00,100 גרם,false,,18.90,0.0472,true,1,15667
7290012227783,false,נקניק תה מעושן מחפוד זוגלובק 400ג',זוגלובק,IL,נקניק תה מעושן זוגלו,גרמים,400.00,100 גרם,false,,17.90,0.0447,true,1,15668
7290012228278,false,נקנקיות בוקוורסט עוף ובקר ריינהולד'ס 310 ג' זוגלובק,זוגלובק,IL,נקניקיות ריינהולדס ב,גרמים,300.00,100 גרם,false,,19.90,0.0663,true,1,62014
7290012228407,false,"נקניקיות ג'מבו מחפוד זוגלובק 1.5 ק""ג",זוגלובק,IL,נקניקיות ג'מבו זוגלו,פריט,1.50,"ק""ג",false,,32.90,21.9333,true,1,48377
7290012228612,false,זוג חזה הודו ועוף 300+ח.ברביקיו 300 קהילות.,זוגלובק,IL,מארז חרמון ברביקיו ו,גרמים,600.00,100 גרם,false,,28.90,0.0482,true,1,33259
7290012228629,false,נקניקיות עוף זוגלובק 800 גר' קהילות,זוגלובק,IL,נקניקיות עוף זוגלובק,גרמים,800.00,100 גרם,false,,23.90,0.0299,true,1,33257
7290012228704,false,הספרדיה – נקניקיית עוף ובקר חריפות ריינהולד'ס,זוגלובק,IL,נקניקיות ריינהולדס ה,גרמים,300.00,100 גרם,false,,19.90,0.0663,true,1,62015
7290012228766,false,קבנוס מחפוד זוגלובק 120 גרם,זוגלובק,IL,קבנוס זוגלובק 120 גר,גרמים,120.00,100 גרם,false,,9.00,0.0750,true,1,52473
7290012295034,false,בזיליקום ארוז ברכת קטיף,ברכת קטיף,IL,בזיליקום מהדרין,Unknown,0.00,יחידה,false,,6.90,0.0000,true,1,13849
7290012309311,false,ערמונים קלופים ששון הקולה 100 גרם,"דין שיווק וקליה בע""מ",CN,ערמונים קלופים ששון,גרמים,100.00,100 גרם,false,,4.90,0.0490,true,1,3304
7290012309366,false,"אורז בסמטי הודי שקדיה 5 ק""ג",שקדיה,IN,אורז בסמטי הודי שקדי,פריט,5.00,"ק""ג",false,,39.90,7.9800,true,1,7099
7290012309878,false,חלוה פיסטוק ששון הקולה 500 גרם,ששון הקולה,IL,חלוה פיסטוק ששון הקו,גרמים,500.00,100 גרם,false,,12.90,0.0258,true,1,3301
7290012309939,false,חלווה מסולסלת בקופסא ששון הקולה 500 גרם,אף.סי תבליני בגליל ב,IL,חלוה מסולסלת ששון הק,גרמים,500.00,100 גרם,false,,19.90,0.0398,true,1,3300
7290012312564,false,יין גת שומרון קברנה,יקב גת,IL,יין גת שומרון קברנה,מיליליטרים,750.00,"100 מ""ל",false,,199.90,0.2665,true,1,62471
7290012312595,false,יין גת שומרון 48 פטי,יקב גת,IL,יין גת שומרון 48 פטי,מיליליטרים,750.00,"100 מ""ל",false,,199.90,0.2665,true,1,62474
7290012313585,false,זית טבעות ירוק בני ד,בני דרום,IL,זית טבעות ירוק בני ד,פריט,1.25,"ק""ג",false,,16.90,13.5200,true,1,52763
7290012313820,false,רוטב צ'ילי מתוק בני,בני דרום,IL,רוטב צ'ילי מתוק בני,מיליליטרים,500.00,"100 מ""ל",false,,10.90,0.0218,true,1,64956
7290012313837,false,רוטב סויה בני דרום 5,בני דרום,IL,רוטב סויה בני דרום 5,מיליליטרים,500.00,"100 מ""ל",false,,10.90,0.0218,true,1,64957
7290012313844,false,רוטב אלף האיים בני ד,בני דרום,IL,רוטב אלף האיים בני ד,מיליליטרים,500.00,"100 מ""ל",false,,10.90,0.0218,true,1,64958
7290012335006,false,סוכריות סודה רול מיני מארז משפחתי 375 ג',גואנגדונג צאואן פוד,CN,סוכריות רול מיני טע,גרמים,326.00,100 גרם,false,,15.90,0.0488,true,1,3399
7290012335020,false,סוכריות סודה שעון מארז משפחתי 375 גר',גואנגדונג צאואן פוד,CN,סוכריות סודה שעון ט,גרמים,420.00,100 גרם,false,,15.90,0.0379,true,1,3398
7290012359033,false,"דבש מן הטבע 1.5 ק""ג",מכוורת עמק חפר,IL,"דבש מן הטבע 1.5 ק""ג",פריט,1.50,"ק""ג",false,,49.90,33.2667,true,1,26824
7290012359606,false,דבש מן הטבע 700 גרם,מכוורת עמק חפר,IL,דבש מן הטבע 700 גרם,גרמים,700.00,100 גרם,false,,24.90,0.0356,true,1,26816
7290012359613,false,דבש לחיץ מן הטבע 500,מכוורת עמק חפר,IL,דבש לחיץ מן הטבע 500,גרמים,500.00,100 גרם,false,,19.90,0.0398,true,1,26817
7290012413643,false,תה ירוק קמומיל ויסוצקי 25 יחידות,ויסוצקי ירוק,IL,תה ירוק קמומיל 25 שק,גרמים,38.00,100 גרם,false,,22.90,0.6026,true,1,8019
7290012439155,false,פתיבר צבעוני גלילית,הגביע מוצרי ופלים,IL,פתיבר צבעוני גלילית,פריט,1.75,"ק""ג",false,,21.90,12.5143,true,1,62709
7290012483011,false,"פולי סויה קפואים 1ק""ג (מאנצ'ו)",קו אל טי די קיאוניונ,CN,פולי סויה אדממה וילי,פריט,1.00,"ק""ג",false,,16.90,16.9000,true,1,24456
7290012483608,false,"אורז בסמטי DAAWAT מהדרין 5 ק""ג.",הנסיך- מפעל לייצור ט,IN,אורז בסמטי דוואט 5 ק,פריט,5.00,"ק""ג",false,,49.90,9.9800,true,1,6981
7290012522581,false,טבעול שניצל תירס ללא גלוטן טבעול 664 גרם,עיצובים 2020 (4.8),IL,שניצל תירס ל.גלוטן ט,גרמים,664.00,100 גרם,false,,19.90,0.0300,true,1,6788
7290012561313,false,בצל קצוץ ומטוגן דורות 400 גרם,עיצובים 2020 (3.8),IL,בצל קצוץ מטוגן דורות,גרמים,400.00,100 גרם,false,,16.90,0.0422,true,1,48804
7290012576607,false,"יין קברנה סוביניון פרמייר מלבק אדום ברקן 750 מ""ל","ברקן שיווק והפצה בע""",IL,יין פרימייר קברנה סו,מיליליטרים,750.00,"100 מ""ל",false,,25.90,0.0345,true,1,11919
7290012602832,false,דבש לחיץ טהור מפרחי,מושב צרופה,IL,דבש לחיץ טהור מפרחי,פריט,1.15,"ק""ג",false,,39.90,34.6957,true,1,63935
7290012645112,false,יוגורט עיזים 2.8% בדלי חלב הארץ 750 גרם,מחלבות סוסיא,IL,משקה יוגורט עיזים חל,מיליליטרים,750.00,"100 מ""ל",false,,17.90,0.0239,true,1,38459
7290012645129,false,יוגורט כבשים 5% בדלי חלב הארץ 750 גרם,מחלבות סוסיא,IL,משקה יוגורט כבשים חל,מיליליטרים,750.00,"100 מ""ל",false,,17.90,0.0239,true,1,38460
7290012724817,false,נענע יח בשקית,"מרינה פטריות הגליל בע""מ",IL,נענע יח',Unknown,0.00,יחידה,false,,3.90,0.0000,true,1,48242
7290012724824,false,שמיר יח בשקית,"מרינה פטריות הגליל בע""מ",IL,שמיר יח,Unknown,0.00,יחידה,false,,3.90,0.0000,true,1,48243
7290012724831,false,כוסברה יח בשקית,"מרינה פטריות הגליל בע""מ",IL,כוסברה ארוז,Unknown,0.00,יחידה,false,,3.90,0.0000,true,1,48192
7290012724848,false,פטרוזיליה יח בשקית,"מרינה פטריות הגליל בע""מ",IL,פטרוזיליה יח,Unknown,0.00,יחידה,false,,3.90,0.0000,true,1,48189
7290012738807,false,"ביסקוויט יהודה ספארי 1.2 ק""ג",מצות יהודה,IL,ביסקוויט ספארי יהודה,פריט,1.20,"ק""ג",false,,19.90,16.5833,true,1,6297
7290012738838,false,"ביסקוויט מעורב מצופה 1.2 ק""ג",,IL,ביסקוויט מצופה 1.2 ק,פריט,1.20,"ק""ג",false,,27.90,23.2500,true,1,6298
7290012738845,false,"ביסקויט יהודה טעמים שונים 1.2 ק""ג",מצות יהודה,IL,עוגיות/ביסקויט בטעמי,פריט,1.20,"ק""ג",false,,19.90,16.5833,true,1,6296
7290012779152,false,חסה פאקצ'וי מרינה מה,מרינה פטריות הגליל,IL,חסה פאקצ'וי מרינה מה,Unknown,0.00,יחידה,false,,13.90,0.0000,true,1,51283
7290012803451,false,טוסו שוקולד מריר 62% מוצקי קקאו ללא תוספת סוכר 100 גרם,אלטינמארקה,TR,שוקולד מריר 62% ללא,גרמים,100.00,100 גרם,false,,8.90,0.0890,true,1,60659
7290012823343,false,משחת שיניים אורביטול קידס סטעם סוכריות ג'לי 70 גרם,החברה הדרומית,IL,משחת אורביטול ילדים,גרמים,70.00,100 גרם,false,,7.50,0.1071,true,1,51319
7290012823374,false,אנטי קאלק מטליות לחות לניקוי כללי סנו 50 יחידות,מיוצר עי קונדיטוריית,IL,מטליות לניקוי כללי ס,Unknown,0.00,יחידה,false,,9.90,0.0000,true,1,5098
7290012823381,false,מקסימה מרכך כביסה מרוכז סנסטיב בייבי סנו 1 ליטר,"סנו מפעלי ברונוס בע""\מ",IL,מרכך מקסימה סופר מרו,קילוגרמים,1.00,ליטר,false,,17.50,17.5000,true,1,4843
7290012823558,false,"מטליות לחות לרצפה 40*70 ס""מ סנו סושי 10 יחידות",סנו מפעלי ברונוס בעמ,IL,מטליות לחות לרצפה סנ,Unknown,0.00,יחידה,false,,9.90,0.0000,true,1,4844
7290012823602,false,נייר טואלט סופט סילק לבן - מארז 32 גלילים,טרופיקל דגיל תעשיות,IL,נייר טואלט לבן סופט,מטרים,589.00,מטר,false,,32.90,0.0559,true,1,5509
7290012823794,false,כיף אל סבון יסמין לבנדר 2 ל',קוסמופארם,IL,אלסבון כיף יסמין לבנ,קילוגרמים,2.00,ליטר,false,,13.90,6.9500,true,1,4840
7290012823916,false,סנו מקסימה ג'ל כביסה קריסטל 5 ל',"סנו מפעלי ברונוס בע""\מ",IL,גל מקסימה קריסטל 5 ל,קילוגרמים,5.00,ליטר,false,,41.90,8.3800,true,1,12028
7290012881589,false,מטהר אוויר אורנים 30,סאסאטק,IL,מטהר מגיק אורנים 300,מיליליטרים,300.00,"100 מ""ל",false,,3.90,0.0130,true,1,13023
7290012881787,false,מג'יק מרכך כביסה כחול 4 ל',,,מרכך כביסה כחול 4 לי,קילוגרמים,4.00,ליטר,false,,14.90,3.7250,true,1,5734
7290012881817,false,מטהר אוויר לימון 300,סאסאטק,IL,מטהר מגיק לימון 300,מיליליטרים,300.00,"100 מ""ל",false,,3.90,0.0130,true,1,13025
7290012881824,false,מטהר אוויר אביבי 300,סאסאטק,IL,מטהר מגיק לבנדר 300,מיליליטרים,300.00,"100 מ""ל",false,,3.90,0.0130,true,1,13024
7290012929779,false,פסטה מקמח מלא ספירלה 500גרם טעמן,מוצרי יסוד - טעמן,TR,פסטה ספירלה מחיטה מל,גרמים,500.00,100 גרם,false,,3.90,0.0078,true,1,4833
7290012929786,false,פסטה מקמח מלא צינורות 500 גרם טעמן,מוצרי יסוד - טעמן,TR,פסטה צינורות מחיטה מ,גרמים,500.00,100 גרם,false,,3.90,0.0078,true,1,4834
7290012929793,false,פסטה ספגטי מקמח מלא טעמן 500 גר',מוצרי יסוד - טעמן,TR,ספגטי חיטה מלאה טעמן,גרמים,500.00,100 גרם,false,,3.90,0.0078,true,1,4835
7290012969119,false,"רדיד אלומיניום 200 פיט 30 ס""מ אופל",שניב תעשיות נייר,IL,נייר אלומיניום אופל,Unknown,0.00,יחידה,false,,23.90,0.0000,true,1,5112
7290013010001,false,עגבניות מרוסקות פרי מבורך 260 גרם,"זנלכל בע""\מ",IL,עגבניות מרוסקות מבור,גרמים,240.00,100 גרם,false,,5.50,0.0229,true,1,4376
7290013010018,false,רוטב עגבניות לפסטה פרי מבורך 240 גרם,"זנלכל בע""\מ",IL,רוטב לפסטה מבורך 240,גרמים,240.00,100 גרם,false,,5.50,0.0229,true,1,4379
7290013010025,false,"רוטב עגבניות לפיצה בד""ץ פרי מבורך 240 גרם","זנלכל בע""\מ",IL,רוטב לפיצה מבורך 240,גרמים,240.00,100 גרם,false,,5.50,0.0229,true,1,4378
7290013010032,false,רוטב עגבניות לשקשוקה פרי מבורך 240 גרם,"זנלכל בע""\מ",IL,רוטב לשקשוקה מבורך 2,גרמים,240.00,100 גרם,false,,5.50,0.0229,true,1,4377
7290013010094,false,"רוטב פסטה בולונז ""פרי מבורך"" 240 גרם","זנלכל בע""\מ",IL,רוטב בולונז מבורך 24,גרמים,240.00,100 גרם,false,,5.50,0.0229,true,1,6039
7290013010322,false,עגבניות שלמות פרי מבורך 800 ג' A2.5,זנלכל,IL,עגבניות שלמות מבורך,גרמים,800.00,100 גרם,false,,9.90,0.0124,true,1,25656
7290013010339,false,עגבניות מרוסקות בצל 800 גר' פרי מבורך,זנלכל,IL,עגבניות מרוסקות עם ב,גרמים,800.00,100 גרם,false,,9.90,0.0124,true,1,25659
7290013010353,false,עגבניות מרוסקות בזיליקום פרי מבורך 800 גרם,זנלכל,IL,עגבניות מרוסקות עם ב,גרמים,800.00,100 גרם,false,,9.90,0.0124,true,1,25658
7290013027399,false,לחם קמח מלא קל בתוספת שיפון 750 ג' אנג'ל,מאפיית שלמה א. אנג'\ל בע,IL,לחם קל קמח מלא ושיפו,גרמים,750.00,100 גרם,false,,12.90,0.0172,true,1,39017
7290013080295,false,באגסי חטיף חיטה ברביקיו 400 גרם מארז 20 יחידות,א מ חטיפי העמק בעמ,IL,מארז באגסי ברביקיו 2,גרמים,400.00,100 גרם,false,,8.90,0.0223,true,1,5314
7290013080301,false,באגסי חטיף חיטה גריל 400 גרם מארז 20 יחידות,א מ חטיפי העמק בעמ,IL,מארז באגסי גריל 20*2,גרמים,400.00,100 גרם,false,,8.90,0.0223,true,1,5315
7290013080318,false,באגסי חטיף בטעם פלאפל מארז 20X20ג',א מ חטיפי העמק בעמ,IL,מארז באגסי פלאפל 20*,גרמים,400.00,100 גרם,false,,8.90,0.0223,true,1,5316
7290013080479,false,באגסי חטיף חיטה בצל 400 גרם מארז 20 יחידות,א מ חטיפי העמק בעמ,IL,מארז באגסי בצל 20*20,גרמים,400.00,100 גרם,false,,8.90,0.0223,true,1,8436
7290013080585,false,מקלוני תירס 340 גרם מארז 20 יחידות,א מ חטיפי העמק בעמ,IL,מארז מקלוני תירס 20*,גרמים,340.00,100 גרם,false,,8.90,0.0262,true,1,25727
7290013080653,false,מארז חטיף רינגים בטעם קטשופ 20 יח,א מ חטיפי העמק בעמ,IL,"מארז טבעות תפו""א רינ",גרמים,160.00,100 גרם,false,,8.90,0.0556,true,1,65216
7290013080769,false,רינגים חטיף טבעות תפוחי אדמה 48 גר',א מ חטיפי העמק בעמ,IL,"חטיף תפו""א רינגים בט",גרמים,50.00,100 גרם,false,,2.90,0.0580,true,1,48116
7290013117212,false,בורקס פילו במילוי גבינה מעדנות 600 גר,מיוצר עי קונדיטוריית,IL,בורקס פילו גבינה מעד,גרמים,600.00,100 גרם,false,,19.90,0.0332,true,1,5412
7290013117229,false,"בורקס פילו במילוי תפו""א מעדנות 600 גר",מיוצר עי קונדיטוריית,IL,בורקס פילו תפוא מעדנ,גרמים,600.00,100 גרם,false,,19.90,0.0332,true,1,5413
7290013117410,false,בצק פריך מרודד למאפים מתוקים 900 ג' מעדנות,מיוצר עי קונדיטוריית,IL,בצק פריך מתוק מעדנות,גרמים,900.00,100 גרם,false,,19.90,0.0221,true,1,5719
7290013117427,false,בצק פריך מרודד למאפים מלוחים מעדנות 2*450 גרם,מיוצר עי קונדיטוריית,IL,בצק פריך מלוח מעדנות,גרמים,900.00,100 גרם,false,,19.90,0.0221,true,1,5718
7290013117526,false,בצק שמרים מרודד למאפים מתוקים מעדנות 900 גרם,"מעדנות בע""\מ",IL,בצק שמרים עלים מעדנו,גרמים,900.00,100 גרם,false,,19.90,0.0221,true,1,7613
7290013195272,false,רוזנרס גפילטע פיש הונגרי 500 גר,,IL,רולדה הונגרי 500 גרם,גרמים,500.00,100 גרם,false,,19.90,0.0398,true,1,15382
7290013195289,false,רוזנער'ס גפילטע פיש ירושלמי 500 גר,,IL,רולדה ירושלמי 500 גר,גרמים,500.00,100 גרם,false,,19.90,0.0398,true,1,15383
7290013195296,false,רולדה וויט פיש אמריקאי 500 גרם,,IL,רולדה וייט פיש רוזנר,גרמים,500.00,100 גרם,false,,29.90,0.0598,true,1,15741
7290013220042,false,מיקס טרופי קפוא 500 גרם,א.מ שרון,PL,מיקס טרופי קפוא 500,גרמים,500.00,100 גרם,false,,19.90,0.0398,true,1,45806
7290013220103,false,דובדבן ללא חרצן קפוא500ג,א.מ שרון,PL,דובדבן קפוא 500 גרם,גרמים,500.00,100 גרם,false,,19.90,0.0398,true,1,45819
7290013220127,false,דומדומנית שחורה קפוא500ג,א.מ שרון,PL,דומדמנית שחורה קפוא,גרמים,500.00,100 גרם,false,,19.90,0.0398,true,1,45821
7290013220349,false,דומדמניות אדומות 500,א.מ שרון,PL,דומדמנית קפוא 500 גר,גרמים,500.00,100 גרם,false,,19.90,0.0398,true,1,45809
7290013220899,false,תות שדה קפוא 500 גרם,א.מ שרון,PL,תות שדה קפוא 500 גרם,גרמים,500.00,100 גרם,false,,19.90,0.0398,true,1,45810
7290013220929,false,אוכמניות כחולות 400 גרם,א.צלוביץ,PL,אוכמניות כחולות קפוא,גרמים,400.00,100 גרם,false,,19.90,0.0497,true,1,45811
7290013221001,false,אננס חתוך קפוא 500 גרם,א.מ שרון,PL,חתיכות אננס קפוא 500,גרמים,500.00,100 גרם,false,,19.90,0.0398,true,1,45812
7290013221018,false,מנגו חתוך קפוא 500 גרם,א.צלוביץ,PL,חתיכות מנגו קפוא 500,גרמים,500.00,100 גרם,false,,19.90,0.0398,true,1,45813
7290013221032,false,מלון 500 גרם בקופסא,א.מ.שרון,PL,מלון קפוא 500 גרם,גרמים,500.00,100 גרם,false,,19.90,0.0398,true,1,48395
7290013221056,false,אפרסק פרוסות קפוא 50,א.מ.שרון,PL,אפרסק פרוסות קפוא 50,גרמים,500.00,100 גרם,false,,19.90,0.0398,true,1,54537
7290013221063,false,ליצ'י קפוא 400 גרם,א.מ.שרון,PL,ליצ'י קפוא 400 גרם,גרמים,400.00,100 גרם,false,,19.90,0.0497,true,1,54538
7290013221100,false,מיקס שייק מנגו אננס פיטאיה 500 גרם,א.מ.שרון,PL,שייק מיקס מנגו אננס,גרמים,500.00,100 גרם,false,,19.90,0.0398,true,1,54542
7290013224927,false,אקונומיקה מגיק סמיכה,סאסאטק,IL,אקונומיקה מגיק סמיכה,קילוגרמים,4.00,ליטר,false,,9.90,2.4750,true,1,20608
7290013268020,false,מקסימה מרכך כביסה מרוכז בניחוח אולטרא פרש סנו 1 ליטר,"סנו מפעלי ברונוס בע""\מ",IL,מרכך מקסימה סופר מרו,קילוגרמים,1.00,ליטר,false,,17.50,17.5000,true,1,4841
7290013268440,false,אורביטול צמד מברשות שיניים בובספוג+פיגור,החברה הדרומית,CN,מברשת אורביטול ילדים,Unknown,0.00,יחידה,false,,16.90,0.0000,true,1,18870
7290013268839,false,פוליויקס פרקט-תרכיז ריחני לניקוי רצפות עץ,"סנו מפעלי ברונוס בע""\מ",IL,פוליויקס פרקט מלון ח,קילוגרמים,2.00,ליטר,false,,19.90,9.9500,true,1,38720
7290013268884,false,"נוזל רצפות מאסק 2 ליטר ""ריצפז פרש""",מיוצר עי קונדיטוריית,IL,ריצפז פרש מאסק 2 ליט,קילוגרמים,2.00,ליטר,false,,16.90,8.4500,true,1,5251
7290013268938,false,סנובון סבון אסלה בניחוח מאסק - מארז 3 יח',סנו סנובון,IL,סבון אסלה סנובון סופ,גרמים,165.00,100 גרם,false,,10.70,0.0648,true,1,6056
7290013268983,false,מרכך כביסה סופר מרוכז בבישום עוצמתי סנו מקסימה 1 ל',"סנו מפעלי ברונוס בע""\מ",IL,מרכך מקסימה סופר מרו,קילוגרמים,1.00,ליטר,false,,17.50,17.5000,true,1,58770
7290013268990,false,מרכך כביסה מרוכז לבן ביו סנו מקסימה 1 ליטר,"סנו מפעלי ברונוס בע""\מ",IL,מרכך מקסימה סופר מרו,קילוגרמים,1.00,ליטר,false,,17.50,17.5000,true,1,34514
7290013269003,false,מרכך כביסה סופר מרוכז בייבי לתינוקות ולעור רגיש,"סנו מפעלי ברונוס בע""\מ",IL,מרכך מקסימה סופר מרו,קילוגרמים,1.00,ליטר,false,,17.50,17.5000,true,1,9254
7290013269348,false,K3 תחנת פיתיון קוטל תיקנים (ג'וקים) בבית ובחצר,טרופיקל דגיל תעשיות,IL,תחנת פיתיון לתיקנים,Unknown,0.00,יחידה,false,,39.90,0.0000,true,1,47116
7290013269621,false,ריצפז פרש לניקוי רצפות בניחוח מלון בוטיק,מיוצר עי קונדיטוריית,IL,ריצפז פרש הום בניחוח,קילוגרמים,2.00,ליטר,false,,19.70,9.8500,true,1,42242
7290013269669,false,ריצפז בניחוח פנטזיה לניקוי הרצפה,"סנו מפעלי ברונוס בע""",IL,ריצפז פנטזיה 3 ליטר,קילוגרמים,3.00,ליטר,false,,7.90,2.6333,true,1,7274
7290013269911,false,"סנו K-333 קוטל חרקים ללא ריח 750מ""ל","סנו מפעלי ברונוס בע""",IL,תרסיס קוטל K333 זוחל,מיליליטרים,750.00,"100 מ""ל",false,,26.90,0.0359,true,1,6276
7290013302236,false,פסטה בילאג'יו פרפלה 500 גרם טעמן,מוצרי יסוד - טעמן,IL,פסטה פרפלה טעמן 500,גרמים,500.00,100 גרם,false,,3.90,0.0078,true,1,5231
7290013302243,false,פסטה בילאג'יו מסולסלת 500גרם טעמן,מוצרי יסוד - טעמן,TR,פסטה מסולסלת טעמן 50,גרמים,500.00,100 גרם,false,,3.90,0.0078,true,1,5232
7290013302748,false,סוכריות זיסי טופי ממולא יוגורט טעמן 600 גרם,פאסין אס אי,BR,סוכריות זיסי טופי ממ,גרמים,600.00,100 גרם,false,,14.90,0.0248,true,1,5585
7290013358035,false,שקדי מרק מנה 800 גרם,מנה,IL,שקדי מרק מנה 800 גרם,גרמים,800.00,100 גרם,false,,12.90,0.0161,true,1,5550
7290013358417,false,מאסטר שף אסייאתי רוטב טריאקי 300 מל כשלפ,קריניציה ויטמינה אס,TH,רוטב טריאקי מאסטר שף,גרמים,300.00,100 גרם,false,,7.90,0.0263,true,1,17808
7290013358462,false,"מיני קרוטונים למרק בתיבול שום, בצל ופטרוזיליה","עינת תעשיות מזון, אגשח ב",IL,מיני קרוטונים למרק ש,גרמים,350.00,100 גרם,false,,17.90,0.0511,true,1,17805
7290013358530,false,מאסטר שף אסייאתי רוטב צ'ילי מתוק 700 מל כשלפ,קריניציה ויטמינה אס,TH,רוטב צילי מתוק מאסטר,גרמים,700.00,100 גרם,false,,12.50,0.0179,true,1,17810
7290013358547,false,מאסטר שף אסייאתי רוטב צ'ילי חריף 700 מל כשלפ,קי.אר.אס. ספייסי פוד,TH,רוטב צילי חריף מאסטר,גרמים,700.00,100 גרם,false,,12.50,0.0179,true,1,17811
7290013424822,false,ברוקולי א.ישראל ארוז,נובה אלימנטוס,EC,פרחי ברוקולי קפואים,גרמים,700.00,100 גרם,false,,21.90,0.0313,true,1,64806
7290013424914,false,אפרסק פלחים קפוא פיל,בינזו לונגשינטיאנרן,CN,אפרסק פלחים קפוא פיל,גרמים,500.00,100 גרם,false,,9.90,0.0198,true,1,55999
7290013424921,false,קיווי פרוסות קפוא פי,בינזו לונגשינטיאנרן,PL,קיווי פרוסות קפוא פי,גרמים,500.00,100 גרם,false,,9.90,0.0198,true,1,56000
7290013424938,false,פסיפלורה קוביות קפוא,א.מ שרון,PL,פסיפלורה קוביות קפוא,גרמים,500.00,100 גרם,false,,9.90,0.0198,true,1,56001
7290013424945,false,מנגו קפוא 500 ג' פילד גוד,סאפו דקלאק טריידינג,PL,מנגו קפוא פילד גוד 5,גרמים,500.00,100 גרם,false,,9.90,0.0198,true,1,56505
7290013424952,false,אננס קפוא 500 ג' פילד גוד,סאפו דקלאק טריידינג,PL,אננס קפוא פילד גוד 5,גרמים,500.00,100 גרם,false,,9.90,0.0198,true,1,56986
7290013424969,false,בננה קפואה 500 גרם,א.מ שרון,PL,בננה קפואה 500 גרם,גרמים,500.00,100 גרם,false,,9.90,0.0198,true,1,56985
7290013440648,false,מאגדת שלגוני אבטיח נסטלה 5 יחידות,גלידות נסטלה )נגה גלידות,IL,שלגוני שרבט אבטיח 5,גרמים,468.00,100 גרם,false,,22.90,0.0489,true,1,9300
7290013472908,false,הבולגריה בקוביות ויליפוד 400 גרם,וילי פוד,GR,בולגרית קוביות 22% ה,גרמים,400.00,100 גרם,false,,19.90,0.0497,true,1,48523
7290013492005,false,אמא אדמה תפוח אדמה למיקרו 700 גר',שרווין ווליאמס,IL,תפוח אדמה למיקרוגל,Unknown,0.00,יחידה,false,,5.90,0.0000,true,1,6124
7290013531346,false,סירופ דיאט בטעם לימונענע יכין 1 ליטר,"זנלכל בע""\מ",IL,סירופ יכין לימונענע,קילוגרמים,1.00,ליטר,false,,16.60,16.6000,true,1,10371
7290013536303,false,קמח חיטה מלאה 100% ה,קמח עץ השדה,IL,קמח חיטה מלאה 100% ה,פריט,1.00,"ק""ג",false,,6.90,6.9000,true,1,45049
7290013536310,false,קמח חיטה מלאה 80% הנ,קמח עץ השדה,IL,קמח חיטה מלאה 80% הנ,פריט,1.00,"ק""ג",false,,6.90,6.9000,true,1,45050
7290013536327,false,קמח לבן מנופה הנחתום,קמח עץ השדה,IL,קמח לבן מנופה הנחתום,פריט,1.00,"ק""ג",false,,4.90,4.9000,true,1,45051
7290013536334,false,קמח כוסמין מלא הנחתו,קמח עץ השדה,IL,קמח כוסמין מלא הנחתו,פריט,1.00,"ק""ג",false,,8.90,8.9000,true,1,45052
7290013536341,false,קמח כוסמין 80% הנחתו,קמח עץ השדה,IL,קמח כוסמין 80% הנחתו,פריט,1.00,"ק""ג",false,,11.90,11.9000,true,1,53997
7290013536358,false,קמח כוסמין לבן הנחתו,קמח עץ השדה,IL,קמח כוסמין לבן הנחתו,פריט,1.00,"ק""ג",false,,11.90,11.9000,true,1,45053
7290013536457,false,קמח לחלות הנחתום 1 ק,קמח עץ השדה,IL,קמח לחלות הנחתום 1 ק,פריט,1.00,"ק""ג",false,,5.90,5.9000,true,1,58649
7290013536464,false,קמח חלות כוסמין הנח,קמח עץ השדה,IL,קמח חלות כוסמין הנח,פריט,1.00,"ק""ג",false,,12.90,12.9000,true,1,63822
7290013584328,false,פקדון בקבוק בירה ריק,,,פקדון בקבוק בירה ריק,Unknown,0.00,יחידה,false,,1.20,0.0000,true,1,8264
7290013585233,false,"ספרייט זירו פחית סליק 330 מ""ל",החברה המרכזית לייצור משקאות,IL,"ספרייט זירו 330 מ""ל",מיליליטרים,330.00,"100 מ""ל",false,,4.90,0.0148,true,1,51204
7290013608260,false,מיץ רימונים 100%מיץ סחוט טרי מצונן 1ליט,"גניר (1992) בע""מ",IL,מיץ רימונים פרימור 1,קילוגרמים,1.00,ליטר,false,,20.90,20.9000,true,1,13290
7290013625458,false,פטריות שמפיניון שלמות טעמן 400 גרם,מוצרי יסוד - טעמן,NL,פטריות שלמות טעמן 40,גרמים,400.00,100 גרם,false,,7.50,0.0188,true,1,48348
7290013625922,false,אטריות דקות טעמן 400 גרם,מוטלו,TR,אטריות דקות טעמן 400,גרמים,400.00,100 גרם,false,,4.90,0.0123,true,1,7507
7290013625939,false,"אטריות דקיקות בד""ץ טעמן 400 גרם",מוטלו,TR,אטריות דקיקות טעמן 4,גרמים,400.00,100 גרם,false,,4.90,0.0123,true,1,7508
7290013677006,false,חומוס גדול באריזת וואקום Selected,מיה תעשיות מזון מ.ת.מ. ב,IL,חומוס גדול סלקטד 500,גרמים,500.00,100 גרם,false,,9.90,0.0198,true,1,45
7290013677037,false,עדשים ירוקות באריזת וואקום Selected,מיה תעשיות מזון מ.ת.מ. ב,IL,עדשים ירוקות סלקטד 5,גרמים,500.00,100 גרם,false,,9.50,0.0190,true,1,37
7290013677044,false,עדשים אדומים בוואקום מיה 500 גר',מיה תעשיות מזון מ.ת.מ. ב,IL,עדשים אדומות סלקטד 5,גרמים,500.00,100 גרם,false,,9.90,0.0198,true,1,38
7290013677051,false,פופקורן גרגרים בוואקום מיה 500 גר',מיה תעשיות מזון מ.ת.מ. ב,IL,פופקורן סלקטד 500 גר,גרמים,500.00,100 גרם,false,,9.50,0.0190,true,1,35
7290013677068,false,כוסמת בוואקום מיה 500 גר',מיה תעשיות מזון מ.ת.מ. ב,IL,כוסמת סלקטד 500 גרם,גרמים,500.00,100 גרם,false,,9.90,0.0198,true,1,41
7290013677075,false,חיטה בוואקום מיה 500 גר',מיה תעשיות מזון מ.ת.מ. ב,IL,חיטה סלקטד 500 גרם,גרמים,500.00,100 גרם,false,,8.50,0.0170,true,1,42
7290013677082,false,שעועית אדומה בוואקום מיה 500 גר',מיה תעשיות מזון מ.ת.מ. ב,IL,שעועית אדומה סלקטד 5,גרמים,500.00,100 גרם,false,,9.90,0.0198,true,1,6379
7290013677099,false,גריסי פנינה בוואקום מיה 500 גר',מיה תעשיות מזון מ.ת.מ. ב,IL,גריסי פנינה סלקטד 50,גרמים,500.00,100 גרם,false,,8.50,0.0170,true,1,43
7290013677105,false,אפונה סלקטד מיה 500 גרם,מיה תעשיות מזון מ.ת.מ. ב,IL,אפונה סלקטד 500 גרם,גרמים,500.00,100 גרם,false,,8.50,0.0170,true,1,44
7290013677112,false,בורגול באריזת וואקום Selected,מיה תעשיות מזון מ.ת.מ. ב,IL,בורגול סלקטד 500 גרם,גרמים,500.00,100 גרם,false,,8.50,0.0170,true,1,46
7290013677129,false,שעועית מעורבת בוואקום מיה 500 גר',מיה תעשיות מזון מ.ת.מ. ב,IL,שעועית מעורבת סלקטד,גרמים,500.00,100 גרם,false,,10.90,0.0218,true,1,6380
7290013677259,false,תבלין זעתר 50 גרם שקית,מיה תעשיות מזון מ.ת.מ. ב,IL,זעתר שקית מיה 50 גרם,גרמים,80.00,100 גרם,false,,3.90,0.0487,true,1,8271
7290013677280,false,תבלין ציפורן שלם 40 גרם שקית,מיה תעשיות מזון בעמ,IL,ציפורן שלם שקית מיה,גרמים,80.00,100 גרם,false,,6.90,0.0863,true,1,8277
7290013677303,false,חוואיג' תימני בשקית מיה 50 גרם,מיה תעשיות מזון מ.ת.מ. ב,IL,תבלין חוואיג תימני ש,גרמים,80.00,100 גרם,false,,3.90,0.0487,true,1,8272
7290013677334,false,תבלין על האש בשקית מיה 50 גרם,מיה תעשיות מזון מ.ת.מ. ב,IL,תבלין על האש שקית מי,גרמים,50.00,100 גרם,false,,3.90,0.0780,true,1,8280
7290013677648,false,שמן זית למאור מיה 1 ליטר,מיה תעשיות מזון בעמ,ES,שמן זית למאור מיה 1,קילוגרמים,1.00,ליטר,false,,17.90,17.9000,true,1,8278
7290013677655,false,סודה לשתיה בצנצנת מיה 600 גרם,מיה תעשיות מזון מ.ת.מ. ב,IL,סודה לשתיה מיה 600 ג,גרמים,600.00,100 גרם,false,,14.90,0.0248,true,1,5955
7290013677662,false,מלח לימון בצנצנת מיה 500 גרם,מיה תעשיות מזון מ.ת.מ. ב,IL,מלח לימון מיה 300 גר,גרמים,300.00,100 גרם,false,,14.90,0.0497,true,1,5954
7290013677679,false,סודה לשתיה בשקית מיה 80 גרם,מיה תעשיות מזון מ.ת.מ. ב,IL,סודה לשתיה שקית מיה,גרמים,80.00,100 גרם,false,,3.90,0.0487,true,1,21567
7290013677686,false,תבלין פפריקה מרוקאית 80 גרם בשקית,מיה תעשיות מזון מ.ת.מ. ב,IL,פפריקה מרוקאית שקית,גרמים,100.00,100 גרם,false,,3.90,0.0390,true,1,5788
7290013677693,false,תבלין פלפל שחור גרוס שקית 50 גרם,מיה תעשיות מזון בעמ,IL,פלפל שחור גרוס שקית,גרמים,50.00,100 גרם,false,,6.90,0.1380,true,1,5792
7290013713025,false,"בירה ג'מס פילס בקבוק 330 מ""ל","אביר הבר בע""מ",IL,בירה ג'מס פילס 5% 33,מיליליטרים,330.00,"100 מ""ל",false,,11.00,0.0333,true,1,63340
7290013713049,false,"בירה גמס 8.8 איל בלגי מחוזקת 330 מ""ל","אביר הבר בע""מ",IL,בירה ג'מס 8.8% 330 מ,מיליליטרים,330.00,"100 מ""ל",false,,11.00,0.0333,true,1,63342
7290013724816,false,חטיף גרנולה תמר וצימוק 5 * 35ג',ויטליה ניקולה,MK,חטיפי גרנולה תמר צימ,גרמים,175.00,100 גרם,false,,9.90,0.0566,true,1,49969
7290013724939,false,משוקלדים חמוציות מריר 140 גר' קופסא,"דין שיווק וקלייה בע""",IL,חמוציות בשוקולד שקדי,גרמים,140.00,100 גרם,false,,9.90,0.0707,true,1,6213
7290013724946,false,שקדים בשוקולד מריר 140 גר שקדיה,"דין שיווק וקלייה בע""",IL,שקדים בשוקולד שקדיה,גרמים,140.00,100 גרם,false,,9.90,0.0707,true,1,6217
7290013725639,false,רוטב צילי חריף סו שף 700 גרם,"דין שיווק וקליה בע""מ",TH,רוטב צילי חריף סו שף,מיליליטרים,700.00,"100 מ""ל",false,,9.90,0.0141,true,1,8754
7290013725646,false,רוטב צילי מתוק סו שף 700 גרם,"דין שיווק וקליה בע""מ",TH,רוטב צילי מתוק סו שף,מיליליטרים,700.00,"100 מ""ל",false,,9.90,0.0141,true,1,8755
7290013725653,false,"קרם קוקוס סו שף 400 מ""ל",,TH,קרם קוקוס סו שף 400,מיליליטרים,400.00,"100 מ""ל",false,,6.90,0.0173,true,1,8756
7290013725677,false,חומץ אורז לבן לסושי300מל,,CN,"חומץ אורז 300 מ""ל",מיליליטרים,300.00,"100 מ""ל",false,,11.90,0.0397,true,1,20221
7290013725707,false,"שמן שומשום סו שף 150 מ""ל","דין שיווק וקלייה בע""",CN,שמן שומשום סו שף 150,מיליליטרים,150.00,"100 מ""ל",false,,14.90,0.0993,true,1,20223
7290013725752,false,נודלס דק להכנה מהירה400ג,,CN,נודלס דק סו שף 400 ג,גרמים,400.00,100 גרם,false,,6.60,0.0165,true,1,14279
7290013725769,false,נודלס עבה הכנה מהירה400ג,,CN,נודלס עבה סו שף 400,גרמים,400.00,100 גרם,false,,6.60,0.0165,true,1,14280
7290013725820,false,אגוזי לוז בשוקולד מריר 140 גר שקדיה,"דין שיווק וקלייה בע""",IL,אגוזי לוז בשוקולד שק,גרמים,140.00,100 גרם,false,,9.90,0.0707,true,1,6214
7290013725844,false,חטיף שומשום בשוקולד מריר 160ג,"דין שיווק וקלייה בע""",IL,שומשום בציפוי שוקולד,גרמים,140.00,100 גרם,false,,9.90,0.0707,true,1,6215
7290013771216,false,פטאקי 16% גבינות השומרון,מיוצר עי קונדיטוריית,IL,גבינה פטאקי 16% שומר,גרמים,250.00,100 גרם,false,,12.90,0.0516,true,1,9156
7290013771261,false,בולגרית מעודנת 5% 250גרם,מחלבת השומרון,IL,גבינה בולגרית מעודנת,גרמים,250.00,100 גרם,false,,12.90,0.0516,true,1,15852
7290013771285,false,בולגרית קלאסית 5% 200גרם,מחלבת השומרון,IL,גבינה בולגרית קלאסית,גרמים,200.00,100 גרם,false,,12.90,0.0645,true,1,15850
7290013771292,false,גבינה פטאקי 16% שומר,מחלבת השומרון,IL,גבינה פטאקי 16% שומר,גרמים,250.00,100 גרם,false,,12.90,0.0516,true,1,15853
7290013771308,false,בולגרית קלאסית16%200גרם,מחלבת השומרון,IL,גבינה בולגרית קלאסית,גרמים,200.00,100 גרם,false,,12.90,0.0645,true,1,15851
7290013847379,false,סטארקיסט טונה בשמן סויה בדץ 6*140ג,סטארקיסט,IL,טונה בשמן ס.ק 6*140,גרמים,840.00,100 גרם,false,,29.90,0.0356,true,1,47395
7290013847386,false,סטארקיסט נתחי טונה בהירה במים ושמן קנולה בטעם טבעי 140 גרם,סטארקיסט Starkist,IL,טונה 4% טעם טבעי ס.ק,גרמים,140.00,100 גרם,false,,6.90,0.0493,true,1,44691
7290013847393,false,סטארקיסט לייט נתחי טונה בהירה במים ושמן קנולה עם עשבי תיבול 140 גרם,סטארקיסט Starkist,IL,טונה 4% בעשבי תיבול,גרמים,140.00,100 גרם,false,,6.90,0.0493,true,1,44693
7290013847492,false,סטארקיסט טונה במים מארז 140X6ג',סטארקיסט,IL,טונה במים ס.ק 6*140,גרמים,840.00,100 גרם,false,,29.90,0.0356,true,1,45545
7290013848017,false,תרסיס ניקוי והברקת נירוסטה,"סנו מפעלי ברונוס בע""מ",IL,תרסיס סנו נירוסטה 50,מיליליטרים,500.00,"100 מ""ל",false,,19.90,0.0398,true,1,37385
7290013848345,false,מארז מטליות לחיטוי וניקוי יסודי אנטיבקטריאלי 99.9%,סנו מפעלי ברונוס בעמ,IL,מטליות לחיטוי וניקוי,Unknown,0.00,יחידה,false,,17.90,0.0000,true,1,49970
7290013848727,false,מכשיר אוטומטי לבישום אוויר בתוספת מילוי SOFT HARMONY,"יצרן מכשיר: זובלה, שנזן,",IL,סנו פרש מכשיר אוטומט,Unknown,0.00,יחידה,false,,39.90,0.0000,true,1,37391
7290013848758,false,מקסימה גל כביסה מרוכז בייבי 3ליטר סנסטיב,"סנו מפעלי ברונוס בע""\מ",IL,גל מקסימה בייבי 3 לי,קילוגרמים,3.00,ליטר,false,,32.90,10.9667,true,1,10813
7290013861412,false,המתוקים של ששון קוקוס 250 גרם,קריניציה ויטמינה אס,IL,חטיפי קוקוס 250 גרם,גרמים,250.00,100 גרם,false,,9.90,0.0396,true,1,11649
7290013861429,false,המתוקים של ששון שומשום 250 גרם,קריניציה ויטמינה אס,IL,חטיפי שומשום 250 גרם,גרמים,250.00,100 גרם,false,,9.90,0.0396,true,1,11647
7290013861443,false,המתוקים של ששון בוטנים 250 גרם,קריניציה ויטמינה אס,IL,חטיפי בוטנים / חטיפי,גרמים,250.00,100 גרם,false,,9.90,0.0396,true,1,11648
7290013906311,false,פסטרמה מעושנת קהילות טירת צבי 400 גרם,טיב טירת צבי 2000,IL,פסטרמה מעושנת טירת צ,גרמים,400.00,100 גרם,false,,26.90,0.0672,true,1,9801
7290013906441,false,קבנוס טירת צבי 120 גרם,הנסיך- מפעל לייצור ט,IL,קבנוס טירת צבי 120 ג,גרמים,120.00,100 גרם,false,,8.90,0.0742,true,1,13173
7290013906458,false,קבנוס בטעם פיקנטי טירת צבי 120 גרם,הנסיך- מפעל לייצור ט,IL,קבנוס פיקנטי טירת צב,גרמים,120.00,100 גרם,false,,8.90,0.0742,true,1,13174
7290013906489,false,חטיפי מיני קבנוס טירת צבי 120 גרם,הנסיך- מפעל לייצור ט,IL,חטיפי מיני קבנוס טיר,גרמים,120.00,100 גרם,false,,8.90,0.0742,true,1,13175
7290013906700,false,"נקניקיות הודו טירת צבי כשרות הרב מחפוד 1.5 ק""ג",טיב טירת צבי 2000,IL,נקניקיות הודו טירת צ,פריט,1.50,"ק""ג",false,,29.90,19.9333,true,1,42708
7290013906922,false,"נקניקיות הודו חריפות מחפוד טירת צבי 1 ק""ג",טיב טירת צבי 2000,IL,נקניקיות הודו חריפות,פריט,1.00,"ק""ג",false,,29.90,29.9000,true,1,42709
7290013906939,false,קורנביף טירת צבי מחפוד 120 גרם,טיב טירת צבי 2000,IL,קורנדביף טירת צבי 12,גרמים,120.00,100 גרם,false,,13.90,0.1158,true,1,31304
7290013906946,false,פסטרמה כתף בקר ט.צבי 120 גר' מחפוד,טירת צבי - מדף,IL,פסטרמה כתף בקר מעושנ,גרמים,120.00,100 גרם,false,,13.90,0.1158,true,1,31302
7290013906984,false,סלמי תה טירת צבי מחפוד 300 גרם,טיב טירת צבי 2000,IL,סלמי תה מהדרין טירת,גרמים,300.00,100 גרם,false,,18.90,0.0630,true,1,58168
7290013906991,false,סלמי מהדרין 400 גרם מחפוד טירת צבי,טיב טירת צבי 2000,IL,סלמי מהדרין טירת צבי,גרמים,400.00,100 גרם,false,,18.90,0.0472,true,1,19519
7290013927156,false,אחוה בטעם פירות יער ללא תוספת סוכר 450 גרם.,אחדות ביחר לטחינה חל,IL,עוגת פירות יער ללא ס,גרמים,450.00,100 גרם,false,,11.80,0.0262,true,1,13259
7290013927200,false,עוגת שוקולד צ'יפס עשירה אחווה 400ג',אחדות ביחר לטחינה חל,IL,עוגת שוקולד ציפס אחו,גרמים,400.00,100 גרם,false,,10.90,0.0273,true,1,10604
7290013927323,false,אחדות עוגת בראוניס 400 גרם,אחדות ביחר לטחינה חל,IL,עוגת בראוניס אחוה 40,גרמים,400.00,100 גרם,false,,10.90,0.0273,true,1,12015
7290013927514,false,אחוה רוגעלך קינמון במגש 400 גר,אחדות ביחר לטחינה חל,IL,רוגעלך קינמון אחוה 4,גרמים,400.00,100 גרם,false,,7.90,0.0198,true,1,32089
7290013927804,false,"טחינה גולמית משומשום מלא אחוה 1 ק""ג",אחדות ביחר לטחינה חל,IL,טחינה שומשום מלא אחו,פריט,1.00,"ק""ג",false,,18.90,18.9000,true,1,47260
7290013927996,false,עוגת שמרים קרנץ בטעם שוקולד אחוה 400 גרם,אחדות ביחר לטחינה חל,IL,עוגת שמרים קראנץ שוק,גרמים,400.00,100 גרם,false,,9.80,0.0245,true,1,51093
7290013946089,false,מבריק חלונות מגיק 1ל,סאסאטק,IL,תרסיס מגיק חלונות 1,קילוגרמים,1.00,ליטר,false,,4.90,4.9000,true,1,15353
7290013946171,false,מטהר מגיק פריחה 300,סאסאטק,IL,מטהר מגיק פריחה 300,מיליליטרים,300.00,"100 מ""ל",false,,3.90,0.0130,true,1,13096
7290013946829,false,נוזל כלים 18% מגיק 4 ליט,סאסאטק,IL,נוזל כלים מגיק תפוח,קילוגרמים,4.00,ליטר,false,,17.90,4.4750,true,1,13027
7290014002197,false,חליטת קמומיל ולימונית הגן הקסום ויסוצקי 25 יחידות,תה ויסוצקי,IL,תה קמומיל ולימונית ה,גרמים,38.00,100 גרם,false,,17.50,0.4605,true,1,9057
7290014016118,false,לחמניות סנדויץ 4יח112* ג,נטו מלינדה-בשר,IL,לחמניות ל.גלוטן נטור,גרמים,400.00,100 גרם,false,,15.90,0.0398,true,1,11486
7290014016132,false,לחמניות ביס ל.גלוטן,נטו מלינדה-בשר,IL,לחמניות ביס ל.גלוטן,גרמים,500.00,100 גרם,false,,14.90,0.0298,true,1,41391
7290014016248,false,פיתות ל.גלוטן נטורל,נטורל קייקס,IL,פיתות ל.גלוטן נטורל,גרמים,720.00,100 גרם,false,,14.90,0.0207,true,1,50244
7290014016279,false,פיצה מרגריטה ל.גלוטן400ג,נטו מלינדה-בשר,IL,פיצה מרגריטה ל.גלוטן,גרמים,400.00,100 גרם,false,,19.90,0.0497,true,1,13928
7290014016286,false,פיצה מרגריטה זיתים 400 ג,נטו מלינדה-בשר,IL,פיצה מרגריטה עם זיתי,גרמים,400.00,100 גרם,false,,19.90,0.0497,true,1,13929
7290014016309,false,לחם פרוס ל.גלוטן נטו,נטורל קייקס,IL,לחם פרוס ל.גלוטן נטו,גרמים,450.00,100 גרם,false,,4.90,0.0109,true,1,20551
7290014016316,false,לחם רך במיוחד ל.גלוט,נטורל קייקס,IL,לחם רך במיוחד ל.גלוט,גרמים,450.00,100 גרם,false,,4.90,0.0109,true,1,21387
7290014016323,false,לחמניות ל.גלוטן נטור,נטורל קייקס,IL,לחמניות ל.גלוטן נטור,גרמים,390.00,100 גרם,false,,4.90,0.0126,true,1,20552
7290014017009,false,קמח אורז לבן ללא גלוטן 500 גרם,נטו מלינדה-בשר,IL,קמח אורז ל.גלוטן רי,גרמים,500.00,100 גרם,false,,8.90,0.0178,true,1,7636
7290014017160,false,תערובת לעוגת וניל ל.,מתבל תעשיות מזון,IL,תערובת לעוגת וניל ל.,גרמים,320.00,100 גרם,false,,14.90,0.0466,true,1,7639
7290014017689,false,דגני בוקר בטעם נוגט,נטורל קייקס,IL,דגני בוקר בטעם נוגט,גרמים,750.00,100 גרם,false,,19.90,0.0265,true,1,53443
7290014017696,false,דגני בוקר בטעם שוקול,נטורל קייקס,IL,דגני בוקר בטעם שוקול,גרמים,750.00,100 גרם,false,,19.90,0.0265,true,1,53444
7290014079014,false,לבבות קיסר ארוז נספק,"מרינה פטריות הגליל בע""מ",IL,לבבות קיסר ארוז נספק,Unknown,0.00,יחידה,false,,10.90,0.0000,true,1,9760
7290014079076,false,נבטי אלפלפא מרינה,"מרינה פטריות הגליל בע""מ",IL,נבטי אלפלפא יח,Unknown,0.00,יחידה,false,,5.90,0.0000,true,1,8994
7290014079328,false,פרסה כרישה ארוזה מרי,"מרינה פטריות הגליל בע""מ",IL,לוף ארוז,Unknown,0.00,יחידה,false,,7.90,0.0000,true,1,54369
7290014079540,false,שיני שום קלופות יחידה,"מרינה פטריות הגליל בע""מ",IL,"שום קלוף 1 ק""ג",פריט,1.00,"ק""ג",false,,29.90,29.9000,true,1,50504
7290014079847,false,פטריות בייבי בלה צמד מרינה,"מרינה פטריות הגליל בע""מ",IL,פטריות צמד בייבי בלה,Unknown,0.00,יחידה,false,,15.90,0.0000,true,1,21158
7290014083806,false,וילי פוד עוגיות בטעם חמאה 350ג,וילי פוד,PT,עוגיות בטעם חמאה בקו,גרמים,350.00,100 גרם,false,,11.90,0.0340,true,1,8420
7290014083813,false,וילי פוד מריגה שפרוטים מעושנים בשמן 190ג,הנסיך- מפעל לייצור ט,LV,שפרוט מעושן בשמן מרי,גרמים,190.00,100 גרם,false,,7.90,0.0416,true,1,8483
7290014092532,false,פלחי דלעת מרינה,"מרינה פטריות הגליל בע""מ",IL,דלעת,Unknown,0.00,יחידה,false,,9.90,0.0000,true,1,37525
7290014094505,false,אורז בסמתי טהור אהרוני 1 ק''ג,האי נאם סי או אל.טי.,IL,אורז בסמטי אהרוני 1,פריט,1.00,"ק""ג",false,,10.90,10.9000,true,1,9643
7290014094543,false,"תרסיס שמן קנולה שקדיה 186 מ""ל",שקדיה,TR,תרסיס שמן קנולה שקדי,מיליליטרים,186.00,"100 מ""ל",false,,14.90,0.0801,true,1,27196
7290014094567,false,שמן זית כתית מעולה 750 מל אהרוני,"דין שיווק וקלייה בע""",IL,שמן זית כתית אהרוני,מיליליטרים,750.00,"100 מ""ל",false,,29.90,0.0399,true,1,9641
7290014094864,false,פיסטוק קלוי 170 גר עם קליפה ששון הקולה,"דין שיווק וקלייה בע""",IL,פיסטוק קלוי 170 גרם,גרמים,170.00,100 גרם,false,,13.90,0.0818,true,1,9004
7290014095472,false,חטיף דגנים עם חומציות שוקולד מריר שקדיה 125 גרם,דין שיווק,IL,חטיף דגנים עם חמוציו,גרמים,125.00,100 גרם,false,,9.90,0.0792,true,1,7702
7290014095496,false,חטיף דגנים עם אגוזים ושוקולד מריר 125 גר',דין שיווק,IL,חטיף דגנים עם שקד אג,גרמים,125.00,100 גרם,false,,9.90,0.0792,true,1,7703
7290014095861,false,שיבולת שועל דקה בשקית שקדיה 500 גרם,"דין שיווק וקלייה בע""",IL,שיבולת שועל דקה שקדי,גרמים,500.00,100 גרם,false,,4.90,0.0098,true,1,9650
7290014095946,false,משוקלדים פקאן בשוקולד מריר 140 גרם,"שקדיה גבע תעשיות בע""",IL,פקאן בשוקולד מריר שק,גרמים,140.00,100 גרם,false,,9.90,0.0707,true,1,10092
7290014095960,false,שיבולת שועל עבה בשקית שקדיה 500 גרם,"דין שיווק וקלייה בע""",IL,שיבולת שועל עבה שקדי,גרמים,500.00,100 גרם,false,,4.90,0.0098,true,1,9649
7290014218482,false,"חטיפי פיצה גבינה בד""ץ מעדנות 650 גרם","מעדנות בע""\מ",IL,חטיפי פיצה מעדנות 65,גרמים,650.00,100 גרם,false,,22.90,0.0352,true,1,23182
7290014256620,false,"יין מבעבע קריניאנו באזז יקבי כרמל 750 מ""ל",יקבי כרמל Carmel Winery,IL,יין באז קריניאנו מבע,מיליליטרים,750.00,"100 מ""ל",false,,26.90,0.0359,true,1,15109
7290014256637,false,"יין מבעבע מוסקטו באזז יקבי כרמל 750 מ""ל",יקבי כרמל Carmel Winery,IL,יין באז מוסקטו מבעבע,מיליליטרים,750.00,"100 מ""ל",false,,26.90,0.0359,true,1,15108
7290014308626,false,פלפל שחור גרוס דק 100 גרם,תבליני פרג,,פלפל שחור גרוס פרג 1,גרמים,100.00,100 גרם,false,,15.90,0.1590,true,1,15238
7290014309012,false,אגוז מוסקט טחון 40 גרם,תבליני הדור השלישי,IL,אגוז מוסקט טחון פרג,גרמים,40.00,100 גרם,false,,16.90,0.4225,true,1,15394
7290014309128,false,תבלין קצח פרג 120 גר,תבליני הדור השלישי,IL,תבלין קצח פרג 120 גר,גרמים,120.00,100 גרם,false,,15.90,0.1325,true,1,31416
7290014325036,false,סוכריות ג'לי עטופות שמחות מיה 600 גרם,מיה תעשיות מזון מ.ת.מ. ב,IL,סוכריות גלי שמחות מי,גרמים,600.00,100 גרם,false,,18.50,0.0308,true,1,10786
7290014325043,false,"פודינג וניל 1 ק""ג שקית",מיה תעשיות מזון מ.ת.מ. ב,IL,פודינג בטעם וניל מיה,פריט,1.00,"ק""ג",false,,14.90,14.9000,true,1,32976
7290014325050,false,קורנפלור מיה 500 גרם,מיה תעשיות מזון מ.ת.מ. ב,IL,קורנפלור מיה 500 גרם,גרמים,500.00,100 גרם,false,,3.90,0.0078,true,1,8831
7290014325234,false,קוקוס מיה 800 גרם,מיה תעשיות מזון בעמ,IL,קוקוס מיה 800 גרם,גרמים,800.00,100 גרם,false,,19.90,0.0249,true,1,9774
7290014325241,false,שומשום מיה בשקית 800,מיה תעשיות מזון בעמ,IL,שומשום מיה בשקית 800,גרמים,800.00,100 גרם,false,,17.90,0.0224,true,1,9775
7290014325258,false,אורז פרסי אינדירה 1.,מיה תעשיות מזון בעמ,IL,אורז פרסי אינדירה 1.,פריט,1.40,"ק""ג",false,,9.90,7.0714,true,1,9778
7290014325265,false,תן צ'אפ חטיף טבעות בטעם שמנת בצל מארז 15X8ג',מיה תעשיות מזון בעמ,IL,מארז תן צאפ שמנת 8*1,גרמים,120.00,100 גרם,false,,7.90,0.0658,true,1,17696
7290014325326,false,חומוס גדול אינדירה 1,מיה תעשיות מזון בעמ,IL,חומוס גדול אינדירה 1,פריט,1.40,"ק""ג",false,,14.90,10.6429,true,1,10446
7290014325333,false,שעועית לבנה אינדירה,מיה תעשיות מזון בעמ,IL,שעועית לבנה אינדירה,פריט,1.40,"ק""ג",false,,14.90,10.6429,true,1,10447
7290014325357,false,"חיטה אינדירה 1.4 ק""ג",מיה תעשיות מזון בעמ,IL,"חיטה אינדירה 1.4 ק""ג",פריט,1.40,"ק""ג",false,,8.90,6.3571,true,1,10449
7290014325371,false,"אפונה אינדירה 1.4 ק""",מיה תעשיות מזון בעמ,IL,"אפונה אינדירה 1.4 ק""",פריט,1.40,"ק""ג",false,,9.90,7.0714,true,1,10451
7290014325395,false,עדשים אדומות אינדירה,מיה תעשיות מזון בעמ,IL,עדשים אדומות אינדירה,פריט,1.40,"ק""ג",false,,14.90,10.6429,true,1,10452
7290014325401,false,עדשים ירוקות אינדירה,מיה תעשיות מזון בעמ,IL,עדשים ירוקות אינדירה,פריט,1.40,"ק""ג",false,,14.90,10.6429,true,1,10453
7290014325418,false,חומוס ענק אינדירה 1.,מיה תעשיות מזון בעמ,IL,חומוס ענק אינדירה 1.,פריט,1.40,"ק""ג",false,,24.90,17.7857,true,1,10454
7290014325425,false,בורגול אינדירה 1.4 ק,מיה תעשיות מזון בעמ,IL,בורגול אינדירה 1.4 ק,פריט,1.40,"ק""ג",false,,8.90,6.3571,true,1,10455
7290014325432,false,"כוסמת אינדירה 1.4 ק""",מיה תעשיות מזון בעמ,IL,"כוסמת אינדירה 1.4 ק""",פריט,1.40,"ק""ג",false,,17.90,12.7857,true,1,10456
7290014325562,false,פופקורן אינדירה 1.4,מיה תעשיות מזון בעמ,IL,פופקורן אינדירה 1.4,פריט,1.40,"ק""ג",false,,12.90,9.2143,true,1,10891
7290014355729,false,נקניקיות קנקרס 375 גרם קפוא גלאט עוף,מ ב גלאט עוף למהדרין,IL,נקניקיות קנקרס גלאט,גרמים,375.00,100 גרם,false,,27.90,0.0744,true,1,56509
7290014355781,false,נקניקיות קנקרס חריפות 375 גרם קפוא גלאט עוף,מ ב גלאט עוף למהדרין,IL,נקניקיות קנקרס חריפו,גרמים,375.00,100 גרם,false,,27.90,0.0744,true,1,56510
7290014397279,false,שקיות מזון גדולות XL סנו סושי 300 יחידות,"אשפלסט תעשיות בע""מ",CN,שקיות מזון גדולות סנ,Unknown,0.00,יחידה,false,,9.90,0.0000,true,1,8976
7290014397453,false,סנו אוקסיגן גל מסיר כתמים כביסה לבנה 3 ל,סנו אוקסיג'ן,IL,גל אוקסיגן כביסה לבנ,קילוגרמים,3.00,ליטר,false,,27.90,9.3000,true,1,9255
7290014397491,false,"מבשם אויר סנו פרש הום בניחוח וניל קוקוס 350 מ""ל",סנו פרש Fresh,IL,מבשם סנופרש הום וניל,מיליליטרים,350.00,"100 מ""ל",false,,10.70,0.0306,true,1,8511
7290014397507,false,מבשם אויר סנו פרש הום בניחוח מאסק מעודן 350 מ''ל,מיוצר עי קונדיטוריית,IL,מבשם סנופרש הום יסמי,מיליליטרים,350.00,"100 מ""ל",false,,10.70,0.0306,true,1,8508
7290014397514,false,"מבשם אויר סנו פרש הום בניחוח כותנה מלטפת 350 מ""ל","סנו מפעלי ברונוס בע""",IL,מבשם סנופרש הום כותנ,מיליליטרים,350.00,"100 מ""ל",false,,10.70,0.0306,true,1,8507
7290014397521,false,"מבשם אויר סנו פרש הום בניחוח לבנדר 350 מ""ל",סנו פרש Fresh,IL,מבשם סנופרש הום לבנד,מיליליטרים,350.00,"100 מ""ל",false,,10.70,0.0306,true,1,8510
7290014397538,false,"מבשם אויר סנו פרש הום בניחוח אביב 350 מ""ל",סנו מפעלי ברונוס בעמ,IL,מבשם סנופרש הום בוקר,מיליליטרים,350.00,"100 מ""ל",false,,9.90,0.0283,true,1,8509
7290014397675,false,סנו מקסימה מרכך כביסה חלב ודבש 4 ליטר,סנו מקסימה,IL,מרכך מקסימה חלב ודבש,קילוגרמים,4.00,ליטר,false,,21.50,5.3750,true,1,9256
7290014397699,false,פוליויקס גרניט פורצלן ושיש ניחוח קלאסי 3 ליטר,סנו,IL,פוליויקס גרניט פורצל,קילוגרמים,3.00,ליטר,false,,19.90,6.6333,true,1,21194
7290014397767,false,סנו ריצפז פרש הום 2 ליטר בניחוח כותנה-מרכז,"סנו מפעלי ברונוס בע""",IL,ריצפז פרש הום כותנה,קילוגרמים,2.00,ליטר,false,,19.70,9.8500,true,1,9957
7290014397842,false,סנו - מט דוחה יתושים נוזלי מכשיר + מילוי 90 לילות,General,IT,מכשיר סנומט + מילוי,Unknown,0.00,יחידה,false,,39.90,0.0000,true,1,16269
7290014397873,false,מרכך כביסה בבישום עוצמתי ג'נטל בריז,סנו מפעלי ברונוס בעמ,IL,מרכך מקסימה ג'נטל 4,קילוגרמים,4.00,ליטר,false,,21.50,5.3750,true,1,48940
7290014435803,false,מטיאס הולנדי (פרובנציאל) עם בצל בשמן 180 גרם,שבעת הימים - שמיר,IL,מטיאס הולנדי פרובנצי,גרמים,200.00,100 גרם,false,,16.90,0.0845,true,1,12537
7290014435810,false,נתחי הרינג כבוש עם בצל במרינת חמוץ מתוק שמיר 220 גרם,שבעת הימים - שמיר,IL,הרינג כבוש שמיר 220,גרמים,220.00,100 גרם,false,,16.90,0.0768,true,1,12539
7290014435827,false,פילה מקרל מעושן בשמן ויטהול 180 גר,שבעת הימים - שמיר,IL,פילה מקרל מעושן שמיר,גרמים,180.00,100 גרם,false,,21.90,0.1217,true,1,12535
7290014435834,false,מקרל מעושן פרוס בשמן שמיר 180 גרם,שבעת הימים - שמיר,IL,מקרל מעושן שמיר 180,גרמים,180.00,100 גרם,false,,21.90,0.1217,true,1,12536
7290014435841,false,פילה הרינג עם בצל בשמן מטיאס הולנדי שמיר 200 גרם,סלטי שמיר 2006 בעמ,IL,פילה מטיאס שמיר 200,גרמים,200.00,100 גרם,false,,16.90,0.0845,true,1,12538
7290014435872,false,סלט הרינג עם מיונז שמיר 200 גרם,שבעת הימים - שמיר,IL,סלט הרינג שמיר 200 ג,גרמים,200.00,100 גרם,false,,16.90,0.0845,true,1,12543
7290014435889,false,סלט מטיאס עם מיונז שמיר 200 גרם,שבעת הימים - שמיר,IL,סלט מטיאס שמיר 200 ג,גרמים,200.00,100 גרם,false,,16.90,0.0845,true,1,12544
7290014435896,false,סלט סלמון עם מיונז שמיר 180 גרם,שבעת הימים - שמיר,IL,סלט סלמון שמיר 200,גרמים,200.00,100 גרם,false,,16.90,0.0845,true,1,12542
7290014455245,false,גבינת גרנה פדנו משולש 29% 200 גרם בית יוסף,מחלבת סוציאלה מנטובה,IT,גבינה גרנה פדנו גד 2,גרמים,200.00,100 גרם,false,,23.90,0.1195,true,1,19439
7290014455320,false,גבינה כדורי מוצרלה פרסקה גד 100ג',מחלבות גד בעמ,IL,גבינת מוצרלה פרסקה 1,גרמים,100.00,100 גרם,false,,9.90,0.0990,true,1,33267
7290014459939,false,"טוגן צ'יפס אמריקאי תפוגן 1.7 ק""ג",תפוגן,IL,צ'יפס אמריקאי טוגן 1,פריט,1.70,"ק""ג",false,,19.90,11.7059,true,1,48435
7290014466463,false,"יין הר חרמון מסקטו עברית 750 מ""ל",יקבי רמת הגולן קצרין,IL,יין הר חרמון מוסקטו,מיליליטרים,750.00,"100 מ""ל",false,,29.90,0.0399,true,1,10570
7290014466609,false,יין מרלו גמלא 2020 750 מל,יקבי רמת הגולן קצרין,IL,יין גמלא מרלו,מיליליטרים,750.00,"100 מ""ל",false,,49.90,0.0665,true,1,20576
7290014471412,false,"מוזלי בוטנים אגוזים ושקדים 1 ק""ג - ירוק שקדיה","דין שיווק וקלייה בע""",IL,מוזלי בוטנים אגוזים,פריט,1.00,"ק""ג",false,,19.90,19.9000,true,1,9915
7290014471429,false,"מוזלי עם פירות 1 ק""ג - 429 סגול שקדיה","דין שיווק וקלייה בע""",IL,מוזלי פירות שקדיה 1,פריט,1.00,"ק""ג",false,,19.90,19.9000,true,1,9916
7290014471436,false,"מוזלי צימוקים תפוח קינמון וגרעיני חמניה 1 ק""ג כחול שקדיה","דין שיווק וקלייה בע""",MK,מוזלי צימוקים תפוח ק,פריט,1.00,"ק""ג",false,,19.90,19.9000,true,1,9917
7290014471443,false,"גרנולה צימוקים אגוזים ושקדים1 ק""ג חדש - 443 כתום שקדיה (כתום)","דין שיווק וקלייה בע""",IL,גרנולה אגוזים שקדיה,פריט,1.00,"ק""ג",false,,19.90,19.9000,true,1,9918
7290014472426,false,קונפיטורה דובדבן 70% פרי 450 גרם שקדיה,"דין שיווק וקליה בע""מ",TR,קונפיטורה דובדבן 70%,גרמים,450.00,100 גרם,false,,11.90,0.0264,true,1,28111
7290014472433,false,קונפיטורה תות שדה 70% פרי 450 גרם שקדיה,"דין שיווק וקליה בע""מ",TR,קונפיטורה תות שדה 70,גרמים,450.00,100 גרם,false,,11.90,0.0264,true,1,28112
7290014472440,false,קונפיטורה תפוז 70% פרי 450 גרם שקדיה,"דין שיווק וקליה בע""מ",TR,קונפיטורה תפוז 70% פ,גרמים,450.00,100 גרם,false,,11.90,0.0264,true,1,28113
7290014472990,false,ממרח 100% שקדים שקדיה 300 גרם,ג'\י אנד ג'\י פקאנס בעמ,IL,ממרח שקדים שקדיה 300,גרמים,300.00,100 גרם,false,,27.90,0.0930,true,1,28109
7290014473676,false,חמאת בוטנים 100% טבעית ללא תוספת סוכר טעמן 510 גרם,ניצה אס סיי,AR,חמאת בוטנים טבעית טע,גרמים,510.00,100 גרם,false,,11.90,0.0233,true,1,58902
7290014555013,false,נוזל רצפות מגיק מאסק,סאסאטק,IL,נוזל רצפות מגיק מאסק,קילוגרמים,4.00,ליטר,false,,9.90,2.4750,true,1,13033
7290014555082,false,מים מזוקקים 4 לט מקסול,סאסאטק,IL,מים מזוקקים מקסול 4,קילוגרמים,4.00,ליטר,false,,9.90,2.4750,true,1,8054
7290014555686,false,"שמפו לשיער רגיל 700 מ""ל נובו.",סאסאטק,IL,שמפו נובו לשיער רגיל,מיליליטרים,700.00,"100 מ""ל",false,,5.90,0.0084,true,1,15254
7290014555693,false,"שמפו לשיער יבש צבוע 700 מ""ל נובו",סאסאטק,IL,שמפו נובו לשיער יבש/,מיליליטרים,700.00,"100 מ""ל",false,,5.90,0.0084,true,1,15255
7290014555709,false,"שמפו ומרכך נובו 700 מ""ל.",סאסאטק,IL,שמפו ומרכך נובו 700,מיליליטרים,700.00,"100 מ""ל",false,,5.90,0.0084,true,1,16061
7290014555716,false,"נובו מרכך לכל סוגי שיער 700 מ""ל",סאסאטק,IL,מרכך נובו לכל סוגי ה,מיליליטרים,700.00,"100 מ""ל",false,,5.90,0.0084,true,1,15256
7290014555723,false,"תחליב רחצה אקזוטי 700 מ""ל נובו.",סאסאטק,IL,תחליב נובו אקזוטי 70,מיליליטרים,700.00,"100 מ""ל",false,,5.90,0.0084,true,1,15257
7290014555730,false,"תחליב רחצה דבש 700 מ""ל נובו.",סאסאטק,IL,תחליב נובו דבש 700 מ,מיליליטרים,700.00,"100 מ""ל",false,,5.90,0.0084,true,1,15258
7290014555747,false,"תחליב רחצה הרבל 700 מ""ל נובו",סאסאטק,IL,תחליב נובו הרבל 700,מיליליטרים,700.00,"100 מ""ל",false,,5.90,0.0084,true,1,15259
7290014555754,false,"תחליב רחצה בלוסום 700 מ""ל נובו",סאסאטק,IL,תחליב נובו בלוסום 70,מיליליטרים,700.00,"100 מ""ל",false,,5.90,0.0084,true,1,15260
7290014555778,false,"נובו ג'ל רחצה לגבר בלייז 700מ""ל",סאסאטק,IL,גל רחצה נובו לגבר בל,מיליליטרים,700.00,"100 מ""ל",false,,5.90,0.0084,true,1,15261
7290014555785,false,"נובו ג'ל רחצה לגבר וויב 700מ""ל",סאסאטק,IL,גל רחצה נובו לגבר וו,מיליליטרים,700.00,"100 מ""ל",false,,5.90,0.0084,true,1,15262
7290014562370,false,פרכוני כוסמת בטר אנד דיפרנט 50 גרם,בטר אנד דיפרנט B&D,IL,פריכוני כוסמת ב.ד 50,גרמים,50.00,100 גרם,false,,4.50,0.0900,true,1,12158
7290014581036,false,"פחם למנגל הלהבה כ2- ק""ג",,EG,"פחם דליק 2 ק""ג",פריט,2.00,"ק""ג",false,,10.90,5.4500,true,1,14590
7290014581340,false,"פחם עץ הדרים 9 ק""ג",,,"פחם עץ הדרים 9 ק""ג",פריט,9.00,"ק""ג",false,,49.90,5.5444,true,1,14591
7290014593084,false,יין אהרונוף הריטאג',יקב אהרונוף,IL,יין אהרונוף הריטאג',מיליליטרים,750.00,"100 מ""ל",false,,189.90,0.2532,true,1,62479
7290014692299,false,גבינת ברי EURO CHEESE ויליפוד 125 גרם,יורו צ'יז Euro Cheese,DK,גבינה ברי 25% יורו 1,גרמים,125.00,100 גרם,false,,14.90,0.1192,true,1,15682
7290014692305,false,גבינת קממבר EURO CHEESE ויליפוד 125 גרם,הנסיך- מפעל לייצור ט,DK,גבינה קממבר 25% יורו,גרמים,125.00,100 גרם,false,,14.90,0.1192,true,1,15683
7290014692565,false,גרעיני תירס מתוק וילי פוד 320 גרם,אקו קונסרויפרי קי.אפ,HU,תירס גרעינים ויליפוד,גרמים,320.00,100 גרם,false,,4.90,0.0153,true,1,9541
7290014738935,false,יין בראשית מרלו 202,יקב בראשית,IL,יין בראשית מרלו 202,מיליליטרים,750.00,"100 מ""ל",false,,69.90,0.0932,true,1,61221
7290014738980,false,יין בראשית קברנה 202,יקב בראשית,IL,יין בראשית קברנה 202,מיליליטרים,750.00,"100 מ""ל",false,,69.90,0.0932,true,1,61222
7290014749245,false,ספיישל רצועות שניצל שומשום עוף טוב 600 גרם,מוצרי עוף טוב (2001) בע\,IL,רצועות שניצל שומשום,גרמים,600.00,100 גרם,false,,29.80,0.0497,true,1,51523
7290014749764,false,עוף טוב שניצל עוף ביתי עדין כזה 700 גרם,מוצרי עוף טוב (2001) בע\,IL,שניצל עוף ביתי מעודן,גרמים,700.00,100 גרם,false,,29.90,0.0427,true,1,51068
7290014758117,false,מאגדת יוגורט ביו 1.5% שומן 8 יח' *150 ג' תנובה,מיוצר עי קונדיטוריית,IL,מארז יוגורט ביו תנוב,קילוגרמים,1.20,ליטר,false,,15.90,13.2500,true,1,10432
7290014758162,false,חלב עיזים מלא 3.6% קרטון 1 ל' תנובה,תנובה מרכז שיתופי לש,IL,חלב עיזים תנובה 1 לי,קילוגרמים,1.00,ליטר,false,,14.80,14.8000,true,1,10429
7290014758681,false,קוטג תנובה 1% גביע 250 גרם,מיוצר עי קונדיטוריית,IL,קוטג 1% תנובה 250 גר,גרמים,250.00,100 גרם,false,,5.50,0.0220,true,1,8907
7290014759084,false,גבינת שמנת נפוליאון 16% מופחת שומן תנובה 225 גרם,תנובה מרכז שיתופי לש,IL,גבינת שמנת טבעי 16%,גרמים,225.00,100 גרם,false,,12.50,0.0556,true,1,11429
7290014759701,false,"מאגדת שמינייה יופלה מעודן בד""צ בנגיעות וניל",עדן קינוחים בעמ,IL,מארז יופלה וניל 8*15,פריט,1.20,"ק""ג",false,,19.90,16.5833,true,1,10473
7290014760141,false,משקה שקדים תנובה E אלטרנטיב,תנובה Alternative,IL,משקה שקדים תנובה 1 ל,קילוגרמים,1.00,ליטר,false,,11.60,11.6000,true,1,17708
7290014760912,false,פרוסות גבינה 28% שומן 400 ג' גוש חלב,תנובה מרכז שיתופי לש,IL,גבינה גוש חלב 400 גר,גרמים,400.00,100 גרם,false,,24.90,0.0622,true,1,13064
7290014761018,false,גיל בטעם וניל תנובה 125 גרם,תנובה מרכז שיתופי לש,IL,גיל בטעם וניל תנובה,גרמים,125.00,100 גרם,false,,1.30,0.0104,true,1,13229
7290014761056,false,מעדן שוקולד חלב יולו תנובה 123 גרם,מיוצר עי קונדיטוריית,IL,יולו שוקולד חלב 123,גרמים,123.00,100 גרם,false,,4.30,0.0350,true,1,14935
7290014761070,false,מעדן שוקולד לבן יולו תנובה 123 גרם,מיוצר עי קונדיטוריית,IL,יולו שוקולד לבן 123,גרמים,123.00,100 גרם,false,,4.30,0.0350,true,1,14936
7290014761193,false,יוגורט עם פירות יער 1.5% שומן 125 ג' פרילי,תנובה מרכז שיתופי לש,IL,פרילי פירות יער 125,מיליליטרים,125.00,"100 מ""ל",false,,3.40,0.0272,true,1,15431
7290014761254,false,"שמיניית יוגורט ביו 3% תנובה 150 גרם בד""ץ",תנובה מרכז שיתופי לש,IL,מארז יוגורט ביו תנוב,קילוגרמים,1.20,ליטר,false,,15.90,13.2500,true,1,14260
7290014761414,false,יולו מעדן שכבות שוקולד חלב ולבן 123 גר,מיוצר עי קונדיטוריית,IL,יולו שוקולד לבן וחלב,גרמים,123.00,100 גרם,false,,4.30,0.0350,true,1,14874
7290014761438,false,פיראוס בולגרית קלאסית 24% סמי מעדניה 400,תנובה מרכז שיתופי לש,IL,גבינה בולגרית 24% פי,,200.00,,false,,19.90,0.0995,true,1,14501
7290014761612,false,מעדן שכבות שוקולד מריר ולבן יולו 122 גרם,מיוצר עי קונדיטוריית,IL,יולו שכבות שוקולד לב,גרמים,122.00,100 גרם,false,,4.30,0.0352,true,1,16638
7290014761698,false,"גבינת עמק 28% סמי חצי קשה 600 גרם בד""ץ",תנובה מרכז שיתופי לש,IL,גבינה עמק 28% 600 גר,גרמים,600.00,100 גרם,false,,28.90,0.0482,true,1,25678
7290014762800,false,מעדן סויה שוקולד גביע 125 גרם אלטרנטיב,תנובה מרכז שיתופי לש,IL,מעדן סויה שוקולד אלט,גרמים,125.00,100 גרם,false,,3.90,0.0312,true,1,29963
7290014762831,false,גבינת שמנת נפוליאון 16% עם פלפל חלפיניו תנובה 225 גרם,תנובה מרכז שיתופי לש,IL,גבינת שמנת פלפל חלפי,גרמים,225.00,100 גרם,false,,12.50,0.0556,true,1,22538
7290014763272,false,יוגורט סויה BIO לשתייה תות ובננה אלטרנטיב,תות תעשיות מזון (201,IL,משקה סויה תות בננה א,מיליליטרים,250.00,"100 מ""ל",false,,4.90,0.0196,true,1,30360
7290014763395,false,גבינה צהובה עמק פרוס 28% 600 גרם מהדרין,תנובה מרכז שיתופי לש,IL,גבינה עמק 28% 600 גר,גרמים,600.00,100 גרם,false,,28.90,0.0482,true,1,27806
7290014763418,false,"כד יוגרט תנובה 4% שומן 1.5 ליטר, מהדרין",תנובה מרכז שיתופי לש,IL,משקה יוגורט 4% תנובה,קילוגרמים,1.50,ליטר,false,,16.90,11.2667,true,1,24455
7290014855595,false,מגבוני טואלט סופטי 6,D.P.L,IL,מגבוני טואלט סופטי 6,Unknown,0.00,יחידה,false,,19.90,0.0000,true,1,16097
7290014860070,false,"מקלוני אורז ללא גלוטן 5 מ""מ 454גר' (אור)",ניינטי נודל קו,TH,מקלוני אורז מזרח ומע,גרמים,454.00,100 גרם,false,,10.50,0.0231,true,1,49706
7290014860094,false,"מקלוני אורז ללא גלוטן 3מ""מ 454גר' (אור)",ניינטי נודל קו,TH,מקלוני אורז ללא גלו,גרמים,454.00,100 גרם,false,,9.90,0.0218,true,1,64783
7290014860247,false,שבבי אורז מרובעים ללא גלוטן 227 גרם (Oriental),ליאן תאי רייס,TH,שבבי אורז ללא גלוטן,מיליליטרים,227.00,"100 מ""ל",false,,8.50,0.0374,true,1,64784
7290014940901,false,לחם פשוט מלא אנג'ל 750 גרם,מאפיית שלמה א. אנג'\ל בע,IL,לחם פשוט מלא אנגל 75,גרמים,750.00,100 גרם,false,,11.80,0.0157,true,1,39015
7290014973060,false,סלמון הילטון בוואקום,"הרמס דגים בע""מ",IL,סלמון מעושן הרמס 100,גרמים,100.00,100 גרם,false,,16.90,0.1690,true,1,49644
7290014973329,false,פילה הרינג אדום הרמס,"הרמס דגים בע""מ",IL,פילה הרינג אדום הרמס,גרמים,200.00,100 גרם,false,,16.90,0.0845,true,1,48825
7290014973336,false,פילה הרינג כבוש הרמס,"הרמס דגים בע""מ",IL,פילה הרינג כבוש הרמס,גרמים,200.00,100 גרם,false,,16.90,0.0845,true,1,48826
7290014973381,false,ממרח סלמון הרמס 200,"הרמס דגים בע""מ",IL,ממרח סלמון הרמס 200,גרמים,200.00,100 גרם,false,,19.90,0.0995,true,1,50204
7290014973480,false,הרמס טונה מעושן פרוס,"הרמס דגים בע""מ",IL,טונה מעושן קר פרוס ה,גרמים,200.00,100 גרם,false,,29.90,0.1495,true,1,50429
7290014973558,false,פילה סלמון גרבלקס הר,"הרמס דגים בע""מ",IL,פילה סלמון גרבלקס הר,גרמים,200.00,100 גרם,false,,31.90,0.1595,true,1,48899
7290014973640,false,פילה הרינג לבן הרמס,"הרמס דגים בע""מ",IL,פילה הרינג לבן הרמס,גרמים,200.00,100 גרם,false,,11.90,0.0595,true,1,55810
7290014973657,false,פילה הרינג אדום הרמס,"הרמס דגים בע""מ",IL,פילה הרינג אדום הרמס,גרמים,200.00,100 גרם,false,,11.90,0.0595,true,1,55811
7290015014205,false,תרד ארוז,בוסתן עשבי תיבול,IL,תרד ארוז,Unknown,0.00,יחידה,false,,11.90,0.0000,true,1,15892
7290015014236,false,בייבי מיקס מהדרין,בוסתן עשבי תיבול,IL,בייבי מיקס מהדרין,Unknown,0.00,יחידה,false,,9.90,0.0000,true,1,11300
7290015025829,false,שקיות אחסון בינוניות,אס סי גונסון ראסין,US,שקיות אחסון בינוניות,Unknown,0.00,יחידה,false,,19.90,0.0000,true,1,63318
7290015025836,false,שקיות הקפאה גדולות ז,אס סי גונסון ראסין,US,שקיות הקפאה גדולות ז,Unknown,0.00,יחידה,false,,19.90,0.0000,true,1,63319
7290015025843,false,שקיות סנדוויץ קטנות,תאי גריפיטס,TH,שקיות סנדוויץ קטנות,Unknown,0.00,יחידה,false,,24.90,0.0000,true,1,63320
7290015037549,false,"חסה ערבית כשרה יבול חו""ל",יעל ירק עלים,IL,חסה ערבית גלאט,Unknown,0.00,יחידה,false,,7.90,0.0000,true,1,31252
7290015057110,false,מקלות חמוצים בטעם תות 20גרם טעמן,אלבן מזון תעשיות ומס,TR,מקלות חמוצים בטעם תו,גרמים,20.00,100 גרם,false,,1.50,0.0750,true,1,47305
7290015057127,false,מקלות חמוצים בטעם קולה 20 גרם טעמן,אלבן מזון תעשיות ומס,TR,מקלות חמוצים בטעם קו,גרמים,20.00,100 גרם,false,,1.50,0.0750,true,1,47306
7290015057134,false,מקלות חמוצים בטעם פטל 20 גרם טעמן,אלבן מזון תעשיות ומס,TR,מקלות חמוצים בטעם פט,גרמים,20.00,100 גרם,false,,1.50,0.0750,true,1,47307
7290015139052,false,מרשמלו טוויסטר 500 ג,כרמית,IL,מרשמלו טוויסטר 500 ג,גרמים,500.00,100 גרם,false,,13.90,0.0278,true,1,12119
7290015139519,false,אגו מיקס קוביות וופל 55 גר',כרמית,IL,אגו מיקס קוביות ופל,גרמים,55.00,100 גרם,false,,3.90,0.0709,true,1,19852
7290015139526,false,חופשי ופל בציפוי ומילוי שוקו ללא גלוטן כרמית 125 גרם,כרמית תעשיות ממתקים,IL,אצבעות וופל שוקולד ל,גרמים,125.00,100 גרם,false,,6.90,0.0552,true,1,21092
7290015150361,false,תה ירוק נענע סטיביה ויסוצקי 25 יחידות,ויסוצקי ירוק,IL,תה ירוק נענע סטיביה,גרמים,38.00,100 גרם,false,,22.90,0.6026,true,1,17680
7290015164856,false,רוטב קארי אדומה 400 גרם SUREE כשר,טאפאדונגפורן קוקינט,TH,מחית קארי אדומה מזרח,גרמים,400.00,100 גרם,false,,19.50,0.0488,true,1,49723
7290015258289,false,יין מצודה אחירם מרלו,יקב המצודה,IL,יין מצודה אחירם מרלו,מיליליטרים,750.00,"100 מ""ל",false,,159.90,0.2132,true,1,58347
7290015258951,false,יין עמינדב-חבל יהודה,יקב חבל יהודה,IL,יין עמינדב 2017 חבל,מיליליטרים,750.00,"100 מ""ל",false,,199.00,0.2653,true,1,52735
7290015282581,false,חומוס אבו גוש עם חריף שמיר 200 גרם,"סלטי שמיר 2006 בע""מ",IL,חומוס עם חריף שמיר ג,גרמים,200.00,100 גרם,false,,10.90,0.0545,true,1,13770
7290015282598,false,חומוס מסעדות גורמה שמיר 200 גרם,"סלטי שמיר 2006 בע""מ",IL,חומוס מסעדות שמיר גו,גרמים,200.00,100 גרם,false,,10.90,0.0545,true,1,13771
7290015282604,false,טחינה מיוחדת גורמה שמיר 200 גרם,"סלטי שמיר 2006 בע""מ",IL,טחינה מיוחדת שמיר בי,גרמים,200.00,100 גרם,false,,10.90,0.0545,true,1,13772
7290015282628,false,חציל בטעם כבד גורמה שמיר 200 גרם,"סלטי שמיר 2006 בע""מ",IL,חציל בטעם כבד שמיר ג,גרמים,200.00,100 גרם,false,,10.90,0.0545,true,1,13774
7290015282635,false,חומוס מסבחה גורמה שמיר 200 גרם,"סלטי שמיר 2006 בע""מ",IL,חומוס מסבחה שמיר גור,גרמים,200.00,100 גרם,false,,10.90,0.0545,true,1,13775
7290015282642,false,חומוס אבו גוש גורמה שמיר 200 גרם,"סלטי שמיר 2006 בע""מ",IL,חומוס אבו גוש שמיר ג,גרמים,200.00,100 גרם,false,,10.90,0.0545,true,1,13776
7290015282673,false,חציל במיונז ביתי גורמה שמיר 200 גרם,"סלטי שמיר 2006 בע""מ",IL,חציל במיונז שמיר גור,גרמים,200.00,100 גרם,false,,10.90,0.0545,true,1,13780
7290015282680,false,קישוא בטעם כבד גורמה שמיר 200 גרם,"סלטי שמיר 2006 בע""מ",IL,קישואים בטעם כבד שמי,גרמים,200.00,100 גרם,false,,10.90,0.0545,true,1,13781
7290015282710,false,קוביות סלק גורמה שמיר 200 גרם,"סלטי שמיר 2006 בע""מ",IL,קוביות סלק שמיר גורמ,גרמים,200.00,100 גרם,false,,10.90,0.0545,true,1,13784
7290015282727,false,גזר מרוקאי ברוטב פיקנטי אסלי שמיר 200 ג',"סלטי שמיר 2006 בע""מ",IL,גזר מרוקאי שמיר גורמ,גרמים,200.00,100 גרם,false,,10.90,0.0545,true,1,13785
7290015282734,false,מטבוחה ביתית גורמה שמיר 200 גרם,"סלטי שמיר 2006 בע""מ",IL,מטבוחה שמיר גורמה 20,גרמים,200.00,100 גרם,false,,10.90,0.0545,true,1,13786
7290015282741,false,חציל תאילנדי אסלי שמיר 200 ג',"סלטי שמיר 2006 בע""מ",IL,חציל תאילנדי שמיר גו,גרמים,200.00,100 גרם,false,,10.90,0.0545,true,1,13787
7290015321167,false,פפריקה מתוקה בשמן פר,תבליני הדור השלישי,IL,פפריקה מתוקה בשמן פר,גרמים,250.00,100 גרם,false,,21.90,0.0876,true,1,15920
7290015321174,false,פפריקה מתוקה פרג 300,תבליני הדור השלישי,IL,פפריקה מתוקה פרג 300,גרמים,300.00,100 גרם,false,,21.90,0.0730,true,1,15766
7290015321181,false,פפריקה חריפה בשמן פר,תבליני הדור השלישי,IL,פפריקה חריפה בשמן פר,גרמים,250.00,100 גרם,false,,21.90,0.0876,true,1,15768
7290015321198,false,פפריקה חריפה פרג 300,תבליני הדור השלישי,IL,פפריקה חריפה פרג 300,גרמים,300.00,100 גרם,false,,21.90,0.0730,true,1,15769
7290015321204,false,כורכום פרג 320 גרם,תבליני הדור השלישי,IL,כורכום פרג 320 גרם,גרמים,320.00,100 גרם,false,,21.90,0.0684,true,1,15764
7290015321211,false,כמון פרג 250 גרם,תבליני הדור השלישי,IL,כמון פרג 250 גרם,גרמים,250.00,100 גרם,false,,21.90,0.0876,true,1,15763
7290015321235,false,מקלות קינמון פרג 150,תבליני הדור השלישי,IL,מקלות קינמון פרג 150,גרמים,150.00,100 גרם,false,,21.90,0.1460,true,1,15922
7290015321242,false,קינמון טחון פרג 250,תבליני הדור השלישי,IL,קינמון טחון פרג 250,גרמים,250.00,100 גרם,false,,21.90,0.0876,true,1,15923
7290015321273,false,מלח לימון פרג 500 גר,תבליני הדור השלישי,IL,מלח לימון פרג 500 גר,גרמים,500.00,100 גרם,false,,21.90,0.0438,true,1,15926
7290015321280,false,צילי פרג 230 גרם,תבליני הדור השלישי,IL,צילי פרג 230 גרם,גרמים,230.00,100 גרם,false,,21.90,0.0952,true,1,15927
7290015321297,false,גריל עוף פרג 250 גרם,תבליני הדור השלישי,IL,גריל עוף פרג 250 גרם,גרמים,250.00,100 גרם,false,,21.90,0.0876,true,1,15928
7290015321303,false,תבלין לסטיק פרג 250,תבליני הדור השלישי,IL,תבלין לסטיק פרג 250,גרמים,250.00,100 גרם,false,,21.90,0.0876,true,1,15767
7290015321310,false,תבלין לשווארמה פרג 2,תבליני הדור השלישי,IL,תבלין לשווארמה פרג 2,גרמים,250.00,100 גרם,false,,21.90,0.0876,true,1,15929
7290015321327,false,תבלין לדגים פרג 250,תבליני הדור השלישי,IL,תבלין לדגים פרג 250,גרמים,250.00,100 גרם,false,,21.90,0.0876,true,1,15765
7290015321334,false,קארי פרג 250 גרם,תבליני הדור השלישי,IL,קארי פרג 250 גרם,גרמים,250.00,100 גרם,false,,21.90,0.0876,true,1,15930
7290015321341,false,חוואיג למרק פרג 250,תבליני הדור השלישי,IL,חוואיג למרק פרג 250,גרמים,250.00,100 גרם,false,,21.90,0.0876,true,1,15931
7290015321358,false,חוואיג לקפה פרג 200,תבליני הדור השלישי,IL,חוואיג לקפה פרג 200,גרמים,200.00,100 גרם,false,,21.90,0.1095,true,1,15932
7290015321365,false,זעתר פרג 240 גרם,תבליני הדור השלישי,IL,זעתר פרג 240 גרם,גרמים,240.00,100 גרם,false,,21.90,0.0912,true,1,15933
7290015321372,false,קיטגון פרג 250 גרם,תבליני הדור השלישי,IL,קיטגון פרג 250 גרם,גרמים,250.00,100 גרם,false,,21.90,0.0876,true,1,15934
7290015321389,false,פטרוזיליה פרג 80 גרם,תבליני הדור השלישי,IL,פטרוזיליה פרג 80 גרם,גרמים,80.00,100 גרם,false,,21.90,0.2737,true,1,15935
7290015321396,false,בזיליקום פרג 80 גרם,תבליני הדור השלישי,IL,בזיליקום פרג 80 גרם,גרמים,80.00,100 גרם,false,,21.90,0.2737,true,1,15936
7290015321402,false,כוסברה פרג 60 גרם,תבליני הדור השלישי,IL,כוסברה פרג 60 גרם,גרמים,60.00,100 גרם,false,,21.90,0.3650,true,1,15911
7290015321419,false,שמיר פרג 80 גרם,תבליני הדור השלישי,IL,שמיר פרג 80 גרם,גרמים,80.00,100 גרם,false,,21.90,0.2737,true,1,15910
7290015321426,false,אורגנו פרג 120 גרם,תבליני הדור השלישי,IL,אורגנו פרג 120 גרם,גרמים,120.00,100 גרם,false,,21.90,0.1825,true,1,15940
7290015321433,false,רוזמרין פרג 80 גרם,תבליני הדור השלישי,IL,רוזמרין פרג 80 גרם,גרמים,300.00,100 גרם,false,,21.90,0.0730,true,1,15937
7290015321440,false,עלי דפנה פרג 25 גרם,תבליני הדור השלישי,IL,עלי דפנה פרג 25 גרם,גרמים,25.00,100 גרם,false,,21.90,0.8760,true,1,15939
7290015321457,false,טימין פרג 80 גרם,תבליני הדור השלישי,IL,טימין פרג 80 גרם,גרמים,80.00,100 גרם,false,,21.90,0.2737,true,1,15938
7290015339605,false,"שוקולד לבן חלב ואגוזים בד""ץ טעמן",אלבה שוקולד,,שוקולד טעמן לבן נוגט,גרמים,100.00,100 גרם,false,,7.90,0.0790,true,1,21665
7290015339612,false,שוקולד חלב קרם אגוזים 100 גרם טעמן.,אלבה שוקולד,,שוקולד טעמן חלב אגוז,גרמים,100.00,100 גרם,false,,7.90,0.0790,true,1,21663
7290015339629,false,שוקולד חלב שברי אגוזים 100 גרם טעמן,הלל תעשיות,IL,שוקולד טעמן חלב שברי,גרמים,100.00,100 גרם,false,,7.90,0.0790,true,1,21666
7290015339636,false,"שוקולד מריר עם אגוזים בד""ץ טעמן",הלל תעשיות,IL,שוקולד טעמן מריר אגו,גרמים,100.00,100 גרם,false,,7.90,0.0790,true,1,21664
7290015339643,false,שוקולד מריר 100 גרם טעמן.,הלל תעשיות,CH,שוקולד טעמן מריר 100,גרמים,100.00,100 גרם,false,,7.90,0.0790,true,1,21662
7290015339650,false,"שוקולד חלבי בד""ץ 100 גרם",אלבה שוקולד,CH,שוקולד טעמן חלב 100,גרמים,100.00,100 גרם,false,,7.90,0.0790,true,1,21661
7290015341516,false,עוגת קראנץ שמרים אנטיקוביץ 500 גרם,אנטיקביץ,IL,עוגת קרנץ 500 גרם,גרמים,500.00,100 גרם,false,,10.90,0.0218,true,1,38466
7290015347037,false,קקאו מיה 800 גרם,מיה תעשיות מזון בעמ,IL,קקאו מיה 800 גרם,גרמים,800.00,100 גרם,false,,21.90,0.0274,true,1,11759
7290015347068,false,קוקוס מיה 250 גרם,מיה תעשיות מזון בעמ,IL,קוקוס מיה 250 גרם,גרמים,250.00,100 גרם,false,,7.90,0.0316,true,1,13617
7290015347167,false,קינואה לבנה סלקטד מיה 500 גרם,מיה תעשיות מזון בעמ,IL,קינואה סלקטד 500 גרם,גרמים,500.00,100 גרם,false,,16.90,0.0338,true,1,35020
7290015347181,false,"שעועית לבנה סלקטד ק'ג מיה 1 ק""ג",מיה תעשיות מזון בעמ,IL,שעועית לבנה סלקטד 1,פריט,1.00,"ק""ג",false,,13.90,13.9000,true,1,14916
7290015347204,false,"חומוס גדול סלקטד מיה 1 ק""ג",מיה תעשיות מזון מ.ת.מ. ב,IL,חומוס גדול סלקטד 1 ק,פריט,1.00,"ק""ג",false,,13.90,13.9000,true,1,14915
7290015347211,false,"גריסי פנינה סלקטד 1 ק""ג",מיה תעשיות מזון מ.ת.מ. ב,IL,גריסי פנינה סלקטד 1,פריט,1.00,"ק""ג",false,,14.90,14.9000,true,1,14917
7290015347501,false,אבקת אפיה מיה 36 יח,מיה תעשיות מזון בעמ,IL,אבקת אפיה מיה 36 יח,גרמים,360.00,100 גרם,false,,5.90,0.0164,true,1,25843
7290015347518,false,סוכר וניל מיה 36 יח,מיה תעשיות מזון בעמ,IL,סוכר וניל מיה 36 יח,גרמים,360.00,100 גרם,false,,5.90,0.0164,true,1,25844
7290015347556,false,גבישי שום בצנצנת מיה 300 גרם,מיה תעשיות מזון בעמ,IL,גבישי שום מיה 300 גר,גרמים,300.00,100 גרם,false,,24.90,0.0830,true,1,47251
7290015347563,false,סוכר דמררה שקית בון,מיה תעשיות מזון בעמ,IL,סוכר דמררה שקית בון,פריט,1.40,"ק""ג",false,,11.90,8.5000,true,1,18592
7290015347679,false,"תבלין צ'ילי גרוס 70 גר' צנצנת כשל""פ",מיה תעשיות מזון מ.ת.מ. ב,IL,צילי גרוס מיה 70 גרם,גרמים,70.00,100 גרם,false,,7.90,0.1129,true,1,21568
7290015347686,false,תבלין צ'ילי גרוס 50 גר' שקית,מיה תעשיות מזון מ.ת.מ. ב,IL,צילי שקית מיה 50 גרם,גרמים,50.00,100 גרם,false,,6.90,0.1380,true,1,21569
7290015347709,false,אגוז מוסקט טחון בצנ מיה 70 גרם,מיה תעשיות מזון מ.ת.מ. ב,IL,אגוז מוסקט מיה 70 גר,גרמים,70.00,100 גרם,false,,9.90,0.1414,true,1,21398
7290015347723,false,אורז פרסי סלקטד 1.8,מיה תעשיות מזון בעמ,IL,אורז פרסי סלקטד 1.8,פריט,1.80,"ק""ג",false,,19.90,11.0556,true,1,27226
7290015347969,false,שיבולת שועל דק אינדי,מיה תעשיות מזון בעמ,IL,שיבולת שועל דק אינדי,גרמים,750.00,100 גרם,false,,5.90,0.0079,true,1,31003
7290015347990,false,מארז שמיניית עדשי שוקולד מיה 160 גרם,מיה תעשיות מזון בעמ,IL,מארז 1/8 עדשי שוקול,גרמים,160.00,100 גרם,false,,9.90,0.0619,true,1,30339
7290015374002,false,סיגרים בטעם בשר אלקי,חטיפי אלקיים בעמ,IL,סיגרים בטעם בשר אלקי,פריט,1.00,"ק""ג",false,,21.90,21.9000,true,1,14514
7290015374019,false,סיגרים במילוי תפוא א,חטיפי אלקיים בעמ,IL,סיגרים במילוי תפוא א,פריט,1.00,"ק""ג",false,,21.90,21.9000,true,1,14515
7290015374033,false,פסטלים תפוא אלקיים 1,חטיפי אלקיים בעמ,IL,פסטלים תפוא אלקיים 1,פריט,1.00,"ק""ג",false,,21.90,21.9000,true,1,14516
7290015374040,false,אגרול סיני ירקות אלק,חטיפי אלקיים בעמ,IL,אגרול סיני ירקות אלק,פריט,1.00,"ק""ג",false,,21.90,21.9000,true,1,14517
7290015374071,false,קרפלך תפוא אלקיים 1,חטיפי אלקיים בעמ,IL,קרפלך תפוא אלקיים 1,פריט,1.00,"ק""ג",false,,21.90,21.9000,true,1,14518
7290015374088,false,חטיפי תפוא במילוי פט,חטיפי אלקיים בעמ,IL,חטיפי תפוא במילוי פט,פריט,1.00,"ק""ג",false,,21.90,21.9000,true,1,14519
7290015374262,false,חטיפי תפוא במילוי תי,חטיפי אלקיים בעמ,IL,חטיפי תפוא במילוי תי,פריט,1.00,"ק""ג",false,,21.90,21.9000,true,1,14520
7290015470094,false,טוסו שוקולד מריר תפוז ללא סוכר 100גרם,אלטינמארקה,TR,שוקולד מריר בטעם תפו,גרמים,100.00,100 גרם,false,,8.90,0.0890,true,1,60657
7290015581301,false,צלחות קנה סוכר גדולו,,IN,צלחות קנה סוכר גדולו,Unknown,0.00,יחידה,false,,29.90,0.0000,true,1,61135
7290015581318,false,צלחות קנה סוכר קטנות,,IN,צלחות קנה סוכר קטנות,Unknown,0.00,יחידה,false,,19.90,0.0000,true,1,61136
7290015581325,false,קערות קנה סוכר 80 יח,,IN,קערות קנה סוכר 80 יח,Unknown,0.00,יחידה,false,,25.90,0.0000,true,1,62225
7290015581332,false,לפתניות קנה סוכר 80,,IN,לפתניות קנה סוכר 80,Unknown,0.00,יחידה,false,,19.90,0.0000,true,1,62226
7290015603188,false,אטריות ביצים 454ג' (כ) (fu),פוגיאן לונגהי אנלידה אינ,CN,אטריות ביצים מזרח ומ,גרמים,454.00,100 גרם,false,,10.50,0.0231,true,1,49700
7290015603195,false,איטריות בתוספת תרד 454 גרם,פוגיאן לונגהי אנלידה אינ,CN,אטריות עם תרד מזרח ו,גרמים,454.00,100 גרם,false,,10.50,0.0231,true,1,64779
7290015603201,false,אטריות מחיטה מלאה 454ג' (כ) (fu),קסמיאן קסינגשנג פודסטטפס,CN,אטריות חיטה מלאה מזר,גרמים,454.00,100 גרם,false,,10.50,0.0231,true,1,57098
7290015603218,false,אטריות עם עגבניה מזרח מערב 454 גרם,פוגקן לונגהי אנלידה,CN,אטריות עם עגבניה מזר,גרמים,454.00,100 גרם,false,,10.50,0.0231,true,1,49701
7290015603522,false,"נוזל אגוזי קוקוס 5%-7% 400 מ""ל",אסי אטיק גרו אינדוסט,TH,נוזל קוקוס 5-7% מזרח,מיליליטרים,400.00,"100 מ""ל",false,,5.90,0.0148,true,1,60493
7290015603546,false,"שימורי קרם קוקוס 17-19% 400 מ""ל (ASIATIC)(כ)",אסיאטיק אגרו אינדסטר,TH,קרם קוקוס 17-19% מזר,מיליליטרים,400.00,"100 מ""ל",false,,8.50,0.0213,true,1,49707
7290015603560,false,"שימורי קרם קוקוס 20-22% 400 מ""ל (ASIATIC)(כ)",אסיאטיק אגרו אינדוסטרי,TH,קרם קוקוס 20-22% מזר,מיליליטרים,400.00,"100 מ""ל",false,,9.70,0.0242,true,1,50984
7290015603584,false,ג'ינגר לבן כבוש ללא מונוסודיום 160 גרם (כ),לאיווי איפנג פודס קו,CN,ג'ינגר לבן כבוש מזרח,גרמים,160.00,100 גרם,false,,7.90,0.0494,true,1,49702
7290015603591,false,גינגר ורוד כבוש ללא מונוסודיום 160 גרם,ננטונג הידה אקוטיק פ,CN,ג'ינגר כבוש ורוד מזר,גרמים,160.00,100 גרם,false,,6.90,0.0431,true,1,64785
7290015603638,false,"אורז קלרוז 1 ק""ג (כ) (Minh)",מינה פונג גרין אגריק,VN,אורז קלרוז מזרח ומער,פריט,1.00,"ק""ג",false,,11.50,11.5000,true,1,49712
7290015652070,false,קשוי קלוי בשקית ששון הקולה 150 גרם,"דין שיווק וקלייה בע""",IL,קשיו קלויים 150 גרם,גרמים,150.00,100 גרם,false,,9.90,0.0660,true,1,16631
7290015652087,false,תערובת פיצוחים בשקית ששון הקולה 150 גרם,דין שיווק,IL,תערובת פיצוחים 150 ג,גרמים,150.00,100 גרם,false,,10.00,0.0667,true,1,16630
7290015652254,false,גרעיני חמניה קלויים 400 גרם ששון הקלה,"דין שיווק וקלייה בע""",IL,גרעין שחור 500 גרם,גרמים,500.00,100 גרם,false,,10.00,0.0200,true,1,29569
7290015652261,false,בוטנים קלויים ששון הקולה 350 גרם,"דין שיווק וקלייה בע""",IL,בוטן קלויים 350 גרם,גרמים,350.00,100 גרם,false,,10.00,0.0286,true,1,29568
7290015652278,false,תערובת פיצוחים ששון הקולה 300 גרם,"דין שיווק וקלייה בע""",IL,תערובת פיצוחים 300 ג,גרמים,300.00,100 גרם,false,,20.00,0.0667,true,1,22260
7290015652346,false,פלפלים ירוקים חריפים מוחמצים 680 גרם,קרס סר קאן גידה לטד,TR,פלפלים ירוקים חריפים,גרמים,680.00,100 גרם,false,,11.90,0.0175,true,1,58358
7290015652384,false,"קמח תירס ללא גלוטן עבה ששון הקולה 1 ק""ג",מולינו פיילה גלאסה,IT,קמח תירס עבה ל.גלוטן,פריט,1.00,"ק""ג",false,,9.90,9.9000,true,1,20763
7290015652391,false,"קמח תירס הכנה מהירה ללא גלוטן 1 ק""ג",מולינו פיילה גלאסה,IT,קמח תירס דק ל.גלוטן,פריט,1.00,"ק""ג",false,,9.90,9.9000,true,1,20764
7290015652407,false,פיסטוק קלוי ששון הקולה 250 גרם,"דין שיווק וקלייה בע""",IL,פיסטוק 250 גרם,גרמים,250.00,100 גרם,false,,20.00,0.0800,true,1,29575
7290015652506,false,"נוזל קוקוס דל קלוריות סו שף 400 מ""ל",תאי קוקונט פבליק קומפני,TH,נוזל קוקוס דל קלוריו,מיליליטרים,400.00,"100 מ""ל",false,,6.90,0.0173,true,1,19569
7290015652513,false,תערובת תבלינים לסטייק ובשרים על האש,"דין שיווק וקליה בע""מ",IL,תערובת לסטייק אהרוני,גרמים,150.00,100 גרם,false,,9.90,0.0660,true,1,18633
7290015652520,false,"תערובת השף עשבי תיבול ושום לתיבול דגים, עופות, מאפים ועוד","דין שיווק וקליה בע""מ",IL,תערובת השף אהרוני 70,גרמים,70.00,100 גרם,false,,9.90,0.1414,true,1,18635
7290015652537,false,"תערובת תיבול פלפל, לימון פרסי ושום לבשר ותבשילים","דין שיווק וקליה בע""מ",IL,תבלין פלפל לימון ושו,גרמים,130.00,100 גרם,false,,9.90,0.0762,true,1,18631
7290015652544,false,תבלין גריל עוף ארומטי 130 גרם - אהרוני,"נווה התבלין בע""מ",IL,גריל עוף ארומטי אהרו,גרמים,130.00,100 גרם,false,,9.90,0.0762,true,1,18627
7290015652551,false,תערובת תיבול זעתר ושומשום בלדי,"נווה התבלין בע""מ",IL,זעתר ושומשום בלדי אה,גרמים,150.00,100 גרם,false,,9.90,0.0660,true,1,18630
7290015652568,false,אהרוני עשבי טיבול לדגים 70 גר,"דין שיווק וקליה בע""מ",IL,עשבי תיבול לדג אהרונ,גרמים,70.00,100 גרם,false,,9.90,0.1414,true,1,18634
7290015652575,false,תבלין ראס אל חנות 150 גרם - אהרוני,"דין שיווק וקליה בע""מ",IL,תבלין ראס אל חנות אה,גרמים,150.00,100 גרם,false,,9.90,0.0660,true,1,18629
7290015652582,false,חריימה דג אהרוני 150 גרם,"דין שיווק וקליה בע""מ",IL,תבלין לחריימה דג אהר,גרמים,150.00,100 גרם,false,,9.90,0.0660,true,1,18628
7290015652599,false,תערובת מתובלת להכנת צלי בקר,"דין שיווק וקליה בע""מ",IL,תבלין צלי בקר אהרוני,גרמים,120.00,100 גרם,false,,9.90,0.0825,true,1,18632
7290015733205,false,תרכובת מזון לתינוקות חלבי שלב 1 אקסטרה קר מהדרין,נסטלה,IL,מטרנה אקסטרה קר שלב,גרמים,700.00,100 גרם,false,,56.90,0.0813,true,1,35513
7290015733229,false,תרכובת מזון לתינוקות חלבי שלב 2 אקסטרה קר מהדרין,מטרנה,IL,מטרנה אקסטרה קר שלב,גרמים,700.00,100 גרם,false,,56.90,0.0813,true,1,35512
7290015733243,false,מטרנה אקסטרה קייר מהדרין שלב 3 700 גרם,מטרנה תעשיות ש.מ.,IL,מטרנה אקסטרה קר שלב,גרמים,700.00,100 גרם,false,,56.90,0.0813,true,1,35511
7290015781008,false,"יין VISION מרלו אדום טפרברג 750 מ""ל","יקב טפרברג 1870 בע""מ",IL,יין ויזן מרלו,מיליליטרים,750.00,"100 מ""ל",false,,39.90,0.0532,true,1,16696
7290015781015,false,"יין VISION מלבק טפרברג 750 מ""ל","יקב טפרברג 1870 בע""מ",IL,יין ויזן מלבק,מיליליטרים,750.00,"100 מ""ל",false,,39.90,0.0532,true,1,16697
7290015781046,false,"יין VISION לבן חצי יבש טפרברג 750 מ""ל","יקב טפרברג 1870 בע""מ",IL,יין ויזן לבן חצי יבש,מיליליטרים,750.00,"100 מ""ל",false,,39.90,0.0532,true,1,16699
7290015781091,false,"יין VISION קברנה סוביניון טפרברג 750 מ""ל","יקב טפרברג 1870 בע""מ",IL,יין ויזן קברנה סובינ,מיליליטרים,750.00,"100 מ""ל",false,,39.90,0.0532,true,1,16695
7290015781107,false,"סנגובזה אימפרשיאון 750 מ""ל","יקב טפרברג 1870 בע""מ",IL,יין אימפרשן סנגובזה,מיליליטרים,750.00,"100 מ""ל",false,,49.90,0.0665,true,1,16706
7290015781114,false,"יין IMPRESSION מרלו טפרברג 750 מ""ל","יקב טפרברג 1870 בע""מ",IL,יין אימפרשן מרלו,מיליליטרים,750.00,"100 מ""ל",false,,49.90,0.0665,true,1,16704
7290015781121,false,"יין IMPRESSION קברנה סוביניון יבש טפרברג 750 מ""ל","יקב טפרברג 1870 בע""מ",IL,יין אימפרשן קברנה סו,מיליליטרים,750.00,"100 מ""ל",false,,49.90,0.0665,true,1,16703
7290015781169,false,"יין IMPRESSION קברנה סוביניון חצי יבש טפרברג 750 מ""ל","יקב טפרברג 1870 בע""מ",IL,יין אימפרשן קברנה סו,מיליליטרים,750.00,"100 מ""ל",false,,49.90,0.0665,true,1,16708
7290015781282,false,"יין IMPRESSION גוורצטרמינר טפרברג 750 מ""ל",יקב טפרברג 1870,IL,יין אימפרשן גוורצטרמ,מיליליטרים,750.00,"100 מ""ל",false,,49.90,0.0665,true,1,16709
7290015781299,false,"יין VISION שיראז אדום טפרברג 750 מ""ל","יקב טפרברג 1870 בע""מ",IL,יין ויזן שיראז,מיליליטרים,750.00,"100 מ""ל",false,,39.90,0.0532,true,1,16698
7290015781305,false,"יין אימפרשן סירה 750 מ""ל","יקב טפרברג 1870 בע""מ",IL,יין אימפרשן סירה,מיליליטרים,750.00,"100 מ""ל",false,,49.90,0.0665,true,1,16705
7290015821728,false,נר נשמה 48 פלסטיק מאורות,פאלאס,CN,נר נשמה 48 שעות מאור,Unknown,0.00,יחידה,false,,3.90,0.0000,true,1,64639
7290015856256,false,קרקר עם מלח בריידמן,אפיפית נצרת תעשיות ב,IL,קרקר עם מלח בריידמן,פריט,1.20,"ק""ג",false,,19.90,16.5833,true,1,38690
7290015856263,false,קרקר עם שומשום ברייד,אפיפית נצרת תעשיות ב,IL,קרקר עם שומשום ברייד,פריט,1.20,"ק""ג",false,,19.90,16.5833,true,1,38691
7290015856270,false,קרקר בטעם בצל בריידמ,אפיפית נצרת תעשיות ב,IL,קרקר בטעם בצל בריידמ,פריט,1.20,"ק""ג",false,,19.90,16.5833,true,1,38692
7290015856621,false,ביסקויט תירוש בטעם קרמל[לוטוס]175 גרם,אפיפית נצרת תעשיות ב,IL,ביסקוויט קרמל חצי מצ,גרמים,175.00,100 גרם,false,,5.90,0.0337,true,1,54569
7290015856690,false,"קרם קרקר ""הדר"" 1 ק""ג",אפיפית נצרת תעשיות ב,IL,"קרם קרקר הדר 1 ק""ג",פריט,1.00,"ק""ג",false,,19.90,19.9000,true,1,54945
7290015858106,false,"ממרח פסטו ביתי 180 גרם ""עללחם""","מדשא תעשיות מזון בע""\מ",IL,פסטו ביתי עללחם 180,גרמים,180.00,100 גרם,false,,15.90,0.0883,true,1,48692
7290015858113,false,"ממרח עגבניות מיובשות 180 גרם ""טריטרי""","מדשא תעשיות מזון בע""\מ",IL,ממרח עגבניות מיובשות,גרמים,180.00,100 גרם,false,,15.90,0.0883,true,1,48693
7290015858144,false,ממרח ארטישוק עללחם 180 גרם,"מדשא תעשיות מזון בע""\מ",IL,ממרח ארטישוק עללחם 1,גרמים,180.00,100 גרם,false,,15.90,0.0883,true,1,55530
7290015858151,false,ממרח שום 180 גרם עללחם בית יוסף,מדשא תעשיות מזון בעמ,IL,ממרח שום עללחם 180 ג,גרמים,180.00,100 גרם,false,,15.90,0.0883,true,1,64314
7290015858175,false,ממרח פלפלים קלויים עללחם 180 גרם,"מדשא תעשיות מזון בע""\מ",IL,ממרח פלפלים קלויים ע,גרמים,180.00,100 גרם,false,,15.90,0.0883,true,1,60020
7290015858229,false,"טפנד זיתי קלמטה 180 גרם ""עללחם""","מדשא תעשיות מזון בע""\מ",IL,טפנד זיתי קלמטה עללח,גרמים,180.00,100 גרם,false,,15.90,0.0883,true,1,48694
7290015858328,false,עללחם ממרח איולי פסטו 295 גרם,"מדשא תעשיות מזון בע""\מ",IL,איולי פסטו עללחם לחי,גרמים,295.00,100 גרם,false,,14.90,0.0505,true,1,64640
7290015858441,false,עללחם ממרח איולי פלפלים 295 גרם,"מדשא תעשיות מזון בע""\מ",IL,איולי פלפלים עללחם ל,גרמים,295.00,100 גרם,false,,14.90,0.0505,true,1,64641
7290015858687,false,עללחם ממרח איולי שום 295 גרם,"מדשא תעשיות מזון בע""\מ",IL,איולי שום עללחם לחיץ,גרמים,295.00,100 גרם,false,,14.90,0.0505,true,1,64642
7290015865821,false,ממרח אגוזי לוז וקקאו,ענבי ציון,IL,ממרח אגוזי לוז וקקאו,פריט,1.00,"ק""ג",false,,24.90,24.9000,true,1,62710
7290015865838,false,ממרח עוגיות קרמל ענב,ענבי ציון,IL,ממרח עוגיות קרמל ענב,פריט,1.00,"ק""ג",false,,24.90,24.9000,true,1,62711
7290015865845,false,ממרח בייגלה מתוק מלו,ענבי ציון,IL,ממרח בייגלה מתוק מלו,פריט,1.00,"ק""ג",false,,24.90,24.9000,true,1,62712
7290015879712,false,"תערובת לל""ג לאפיית עוגות",DFS,IT,תערובת איטלקית לעוגו,גרמים,500.00,100 גרם,false,,14.90,0.0298,true,1,54382
7290015879729,false,תערובת לאפיה ללא גלוטן.,DFS,IT,"קמח ללא גלוטן ע""ב עמ",גרמים,500.00,100 גרם,false,,14.90,0.0298,true,1,53851
7290015951227,false,"יין גמלא השמורה סירה 2021 750 מ""ל",מיוצר וממולא על ידי יקב,IL,יין גמלא סירה,מיליליטרים,750.00,"100 מ""ל",false,,54.90,0.0732,true,1,54824
7290015951869,false,"יין הר חרמון רוזה 750 מ""ל",מיוצר וממולא על ידי יקב,IL,יין הר חרמון רוזה,מיליליטרים,750.00,"100 מ""ל",false,,29.90,0.0399,true,1,54825
7290015988919,false,רוטב בטעם לימון משומ,,,רוטב בטעם לימון משומ,קילוגרמים,4.00,ליטר,false,,6.90,1.7250,true,1,34084
7290015988926,false,חומץ סינטטי 4 ליטר,,,חומץ סינטטי 4 ליטר,קילוגרמים,4.00,ליטר,false,,6.90,1.7250,true,1,33913
7290015988933,false,חומץ 4 ליטר,,,חומץ 4 ליטר,קילוגרמים,4.00,ליטר,false,,6.90,1.7250,true,1,33820
7290016006292,false,נקטר מנגו בננה מלון קרטונית 1 ל' ספרינג,יפאורה שותפות מובגלת לשיווק,IL,נקטר ספרינג מנגו בננ,קילוגרמים,1.00,ליטר,false,,6.50,6.5000,true,1,22197
7290016006346,false,שוופס סודה 0.5 ליטר מארז שישייה,יפאורה שותפות מובגלת לשיווק,IL,מארז שוופס סודה 6*50,קילוגרמים,3.00,ליטר,false,,13.90,4.6333,true,1,23702
7290016083125,false,עוגיות בדלי שירה 600,מאפיית ישראל חיפה,IL,עוגיות בדלי שירה 600,גרמים,600.00,100 גרם,false,,11.50,0.0192,true,1,18665
7290016083255,false,בצק עלים בון בייקרי,מאפיית ישראל חיפה,IL,בצק עלים בון בייקרי,פריט,1.50,"ק""ג",false,,16.90,11.2667,true,1,22383
7290016083323,false,מעמול תמרים שקד 500 גרם,מאפיית ישראל חיפה,IL,עוגיות מעמול תמרים,גרמים,500.00,100 גרם,false,,11.50,0.0230,true,1,51716
7290016083347,false,שקד עוגיות רולדה תמרים 500 גרם,מאפיית ישראל חיפה,IL,רולדה תמרים שקד 500,גרמים,500.00,100 גרם,false,,11.50,0.0230,true,1,51718
7290016083378,false,עוגיות במילוי בטעם שוקולד שקד 500 גרם,מאפיית ישראל חיפה,IL,עוגיות במילוי טעם שו,גרמים,500.00,100 גרם,false,,11.50,0.0230,true,1,51720
7290016096354,false,פתיתי טונה בשמן פילט,תעשיות פילטונה,IL,פתיתי טונה בשמן פילט,גרמים,632.00,100 גרם,false,,12.90,0.0204,true,1,22906
7290016096613,false,שישיות פילטונה בשמן צמחי,"תעשיות פילטונה בע""מ",IL,טונה בשמן פילטונה 6*,גרמים,840.00,100 גרם,false,,27.90,0.0332,true,1,35470
7290016096637,false,שישיות פילטונה שמן קנולה,"תעשיות פילטונה בע""מ",IL,טונה בשמן קנולה פילט,גרמים,840.00,100 גרם,false,,27.90,0.0332,true,1,35469
7290016096651,false,שישיות פיל טונה במי מלח,"תעשיות פילטונה בע""מ",IL,טונה במים פילטונה 6*,גרמים,840.00,100 גרם,false,,27.90,0.0332,true,1,35471
7290016096934,false,מארז זוגות סלט טונה 2*160 ג' פילטונה,תעשיות פילטונה,IL,סלט טונה פילטונה 2*1,גרמים,320.00,100 גרם,false,,11.90,0.0372,true,1,56978
7290016102215,false,נריות 4 שעות אדום אחת שתיים שמאי 72 יח',,CN,נריות 4 שעות שמאי 72,Unknown,0.00,יחידה,false,,19.90,0.0000,true,1,64578
7290016102222,false,נריות 6 שעות כחול אחת שתיים שמאי 66 יח',,CN,נריות 6 שעות שמאי 66,Unknown,0.00,יחידה,false,,24.90,0.0000,true,1,64579
7290016106657,false,נתחי טונה בהירה בשמן צמחי - מארז רביעייה,דיאמוד פוד פרודקט סי,IL,טונה בשמן טעמן 4*140,גרמים,560.00,100 גרם,false,,18.90,0.0337,true,1,60218
7290016106664,false,נתחי טונה בהירה במי מלח - מארז רביעייה,דיאמוד פוד פרודקט סי,IL,טונה במים טעמן 4*140,גרמים,560.00,100 גרם,false,,18.90,0.0337,true,1,60219
7290016136869,false,משחת אקווה פרש עדינה,גלקסוס סמית קליין,GB,משחת אקווה פרש עדינה,מיליליטרים,600.00,"100 מ""ל",false,,24.90,0.0415,true,1,60467
7290016144000,false,"קמח חיטה מלאה נפלאות 80% 1 ק""ג","קמח מלכים בע""\מ",IL,קמח חיטה מלאה 80% נפ,פריט,1.00,"ק""ג",false,,9.90,9.9000,true,1,45374
7290016144017,false,"קמח מלא נפלאות 100% ללא ניפוי 1 ק""ג",קמח מלכים,IL,קמח חיטה מלאה 100% נ,פריט,1.00,"ק""ג",false,,9.90,9.9000,true,1,45375
7290016144024,false,"קמח כוסמין מלא נפלאות 100% 1 ק""ג","קמח מלכים בע""מ",IL,קמח כוסמין 100% נפלא,פריט,1.00,"ק""ג",false,,14.90,14.9000,true,1,45377
7290016144031,false,קמח חיטה לבן מנופה נפלאות,קמח מלכים,IL,קמח לבן מנופה נפלאות,פריט,1.00,"ק""ג",false,,6.90,6.9000,true,1,45379
7290016144048,false,"קמח כוסמין לבן נפלאות 1 ק""ג","קמח מלכים בע""מ",IL,קמח כוסמין לבן נפלאו,פריט,1.00,"ק""ג",false,,16.90,16.9000,true,1,45378
7290016144055,false,קמח כוסמין בהיר 80%-נפלאות,קמח מלכים,IL,קמח כוסמין 80% נפלאו,פריט,1.00,"ק""ג",false,,14.90,14.9000,true,1,45376
7290016144062,false,"קמח שיפון מלא נפלאות, 1 ק""ג",קמח מלכים,IL,קמח שיפון מלא נפלאות,פריט,1.00,"ק""ג",false,,8.90,8.9000,true,1,60586
7290016144079,false,"קמח חיטה כפרי נפלאות 1 ק""ג",קמח מלכים,IL,קמח חיטה כפרי נפלאות,פריט,1.00,"ק""ג",false,,8.90,8.9000,true,1,60587
7290016144086,false,נפלאות קמח חלה מנופה 1 ק”ג,קמח מלכים,IL,"קמח חלה נפלאות 1 ק""ג",פריט,1.00,"ק""ג",false,,6.90,6.9000,true,1,60588
7290016144093,false,נפלאות קמח לחם לבן מנופה 1 ק”ג,קמח מלכים,IL,"קמח לחם נפלאות 1 ק""ג",פריט,1.00,"ק""ג",false,,6.90,6.9000,true,1,60589
7290016144109,false,קמח פיצה מנופה נפלאות 1קג,קמח מלכים,IL,"קמח פיצה נפלאות 1 ק""",פריט,1.00,"ק""ג",false,,14.90,14.9000,true,1,60590
7290016144116,false,"קמח תופח נפלאות, 1 ק""ג",קמח מלכים,IL,"קמח תופח נפלאות 1 ק""",פריט,1.00,"ק""ג",false,,8.90,8.9000,true,1,60591
7290016162219,false,כדורי שוקולד קוקוס קפולסקי 280 גר',תופינים מקבוצת קפולסקי,IL,כדורי שוקולד קפולסקי,גרמים,280.00,100 גרם,false,,29.90,0.1068,true,1,27594
7290016162264,false,עוגת גבינה רנסנס קפולסקי 450 גרם,קפולסקי שיווק וקמעונ,IL,עוגת גבינה אפויה קפו,גרמים,450.00,100 גרם,false,,35.90,0.0798,true,1,27591
7290016188585,false,GIACOBAZZI למברוסקו רוזה חצי יבש יקבי כרמל,יקב גאקובזי,IT,למברוסקו רוזה חצי יב,מיליליטרים,750.00,"100 מ""ל",false,,23.90,0.0319,true,1,20189
7290016188592,false,GIACOBAZZI למברוסקו אדום חצי יבש יקבי כרמל,"כד בני דרום בע""מ",IT,למברוסקו אדום חצי יב,מיליליטרים,750.00,"100 מ""ל",false,,23.90,0.0319,true,1,20188
7290016188608,false,GIACOBAZZI למברוסקו לבן חצי יבש יקבי כרמל,יקב גאקובזי,IT,למברוסקו לבן חצי יבש,מיליליטרים,750.00,"100 מ""ל",false,,23.90,0.0319,true,1,20169
7290016197495,false,ניקול זוג מטליות הקסם מיקרופייבר לרצפה,חוגלה קימברלי,CN,מטליות רצפה מיקרופיי,Unknown,0.00,יחידה,false,,15.60,0.0000,true,1,23703
7290016217643,false,חמוצים סיני אסלי שמיר 400 גרם,"סלטי שמיר 2006 בע""מ",IL,חמוצים סיניים אסלי 4,גרמים,400.00,100 גרם,false,,10.90,0.0273,true,1,22204
7290016246445,false,בארכה טחינה גולמית מעודנת שומשום מלא 310 גם,"רושדי תעשיות מזון בע""\מ",IL,טחינה מעודנת משומשום,גרמים,310.00,100 גרם,false,,10.50,0.0339,true,1,60106
7290016255188,false,מבשם אוויר ובדים ירו,סאסאטק,IL,מטהר מגיק ירוק 350 מ,מיליליטרים,350.00,"100 מ""ל",false,,6.90,0.0197,true,1,23437
7290016255195,false,מבשם אוויר ובדים ורו,סאסאטק,IL,מטהר מגיק ורוד 350 מ,מיליליטרים,350.00,"100 מ""ל",false,,6.90,0.0197,true,1,23438
7290016255201,false,מבשם אוויר ובדים סגו,סאסאטק,IL,מטהר מגיק סגול 350 מ,מיליליטרים,350.00,"100 מ""ל",false,,6.90,0.0197,true,1,23439
7290016276534,false,"שמן קוקוס לא מזוכך 500 מ""ל",דין שיווק,LK,שמן קוקוס שקדיה 500,גרמים,500.00,100 גרם,false,,29.90,0.0598,true,1,30258
7290016276763,false,מעדן שזיף 100% רכיבי פרי ללא סוכר שקדיה 284 ג',סיטי פודסטף,CN,מעדן שזיף שקדיה 284,גרמים,284.00,100 גרם,false,,9.90,0.0349,true,1,24670
7290016313055,false,קוגל איטריות משולשים תכלס,תכלית מזון,IL,קוגל אטריות משולשים,גרמים,450.00,100 גרם,false,,14.90,0.0331,true,1,22530
7290016313338,false,קוגל 2 שכבות תכל'ס,,,קוגל 2 שכבות תכל'ס,Unknown,0.00,יחידה,false,,18.90,0.0000,true,1,60102
7290016334135,false,חסה סלנובה מהדרין,בוסתן עשבי תיבול,IL,חסה סלנובה מהדרין,Unknown,0.00,יחידה,false,,12.90,0.0000,true,1,21882
7290016334494,false,חסה ערבית,בוסתן עשבי תיבול,IL,חסה יח,Unknown,0.00,יחידה,false,,3.90,0.0000,true,1,30156
7290016334579,false,פטרוזיליה בוסתן,ברכת קטיף,IL,פטרוזיליה בוסתן,Unknown,0.00,יחידה,false,,3.90,0.0000,true,1,47348
7290016334586,false,כוסברה בוסתן,ברכת קטיף,IL,כוסברה בוסתן,Unknown,0.00,יחידה,false,,3.90,0.0000,true,1,47349
7290016334623,false,סלרי עלים בוסתן,ברכת קטיף,IL,סלרי עלים בוסתן,Unknown,0.00,יחידה,false,,4.90,0.0000,true,1,31467
7290016370072,false,זיתי קלמטה ללא גלעין בני דרום,בני דרום,IL,זית קלמטה ללא גלעין,גרמים,560.00,100 גרם,false,,11.90,0.0213,true,1,58400
7290016370140,false,זית קלמטה בני דרום 8,בני דרום,IL,זית קלמטה בני דרום 8,גרמים,560.00,100 גרם,false,,12.90,0.0230,true,1,58401
7290016370188,false,"תחתיות ארטישוק קבוצת יבנה בד""צ 430 גרם",בני דרום,IL,תחתיות ארטישוק בני ד,גרמים,430.00,100 גרם,false,,7.90,0.0184,true,1,59793
7290016370201,false,זית טבעות מושחרבני ד,בני דרום,IL,זית טבעות מושחרבני ד,גרמים,820.00,100 גרם,false,,10.90,0.0133,true,1,55390
7290016370232,false,מיקס ירקות יווני צנצנת,S.A KOZAT,GR,תערובת ירקות כבושים,גרמים,560.00,100 גרם,false,,9.90,0.0177,true,1,53970
7290016370249,false,חריסה ממרחפלפל חריף 570 גר' בני דרום,בני דרום,IL,חריסה בני דרום 570 ג,גרמים,570.00,100 גרם,false,,5.90,0.0104,true,1,55391
7290016370331,false,פלפל קלוי על האש 560 גר' בני דרום,KOSAT,GR,פלפל קלוי על האש בני,גרמים,540.00,100 גרם,false,,9.90,0.0183,true,1,52904
7290016370348,false,חציל קלוי על האש 530 גר' בני דרום,KOSAT,GR,חציל קלוי על האש בני,גרמים,530.00,100 גרם,false,,9.90,0.0187,true,1,52905
7290016370355,false,פרוסות מלפפון במלח ב,בני דרום,IL,פרוסות מלפפון במלח ב,גרמים,560.00,100 גרם,false,,4.90,0.0088,true,1,51596
7290016372144,false,חליטת קינמון 40 שקיק,ויסוצקי,IL,חליטת קינמון 40 שקיק,גרמים,100.00,100 גרם,false,,21.90,0.2190,true,1,25746
7290016372151,false,חליטת קמומיל 40 שקיק,ויסוצקי,IL,חליטת קמומיל 40 שקיק,Unknown,0.00,יחידה,false,,21.90,0.0000,true,1,25745
7290016372168,false,חליטת לימונית לואיזה,ויסוצקי,IL,חליטת לימונית לואיזה,Unknown,0.00,יחידה,false,,21.90,0.0000,true,1,25747
7290016372397,false,"תה ויסוצקי ירוק תפוז,ג'ינגר וכורכום 25 יח'",ויסוצקי ירוק,IL,תה ירוק תפוז גינגר ו,גרמים,150.00,100 גרם,false,,22.90,0.1527,true,1,30260
7290016372571,false,חליטת פירות יער 40 ש,ויסוצקי,IL,חליטת פירות יער 40 ש,גרמים,108.00,100 גרם,false,,21.90,0.2028,true,1,30289
7290016372588,false,חליטת לימונענע 40 שק,ויסוצקי,IL,חליטת לימונענע 40 שק,גרמים,88.00,100 גרם,false,,21.90,0.2489,true,1,30290
7290016373639,false,פסים חמוצים בטעם תפוח טעמן 275 גרם,אלוון גידה סאן,TR,פסים חמוצים בטעם תפו,גרמים,180.00,100 גרם,false,,7.90,0.0439,true,1,64258
7290016373646,false,פסים חמוצים פטל 275 גרם,אלוון גידה סאן,TR,פסים חמוצים בטעם פטל,גרמים,180.00,100 גרם,false,,7.90,0.0439,true,1,64259
7290016373653,false,מקלות חמוצים בטעם תות 180 ג',אלוון גידה סאן,TR,פסים חמוצים בטעם תות,גרמים,180.00,100 גרם,false,,7.90,0.0439,true,1,59199
7290016373691,false,מקלות חמוצים בטעם תפוח 20 גרם טעמן,אלבן מזון תעשיות ומס,TR,מקלות חמוצים בטעם תפ,גרמים,20.00,100 גרם,false,,1.50,0.0750,true,1,47308
7290016373707,false,מקלות חמוצים בטעם אפרסק 20גרם טעמן,אלבן מזון תעשיות ומס,IL,מקלות חמוצים בטעם אפ,גרמים,20.00,100 גרם,false,,1.50,0.0750,true,1,47309
7290016373721,false,מקלות חמוצים תות וניל 275 גרם,אלוון גידה סאן,TR,פסים חמוצים בטעם תות,גרמים,180.00,100 גרם,false,,7.90,0.0439,true,1,59201
7290016373738,false,מקלות חמוצים תותי פרוטי 180 גרם,אלוון גידה סאן,TR,פסים חמוצים בטעם תות,גרמים,180.00,100 גרם,false,,7.90,0.0439,true,1,59200
7290016408980,false,"מטבעות שוקולד חלב 36 ג' כשל""פ בד""ץ",כרמית תעשיות מזון,IL,מטבעות שוקולד חלב כר,גרמים,36.00,100 גרם,false,,3.90,0.1083,true,1,31060
7290016411188,false,פרחי ברוקלי מוקפאים 600ג,י.ש. ירקות עליים,IL,פרחי ברוקולי מוקפאים,גרמים,600.00,100 גרם,false,,29.90,0.0498,true,1,63497
7290016416961,false,מוס גבינה תות שדה קפולסקי 400 גרם,קפולסקי שיווק וקמעונ,IL,עוגת מוס גבינה קפולס,גרמים,400.00,100 גרם,false,,35.90,0.0897,true,1,27590
7290016416992,false,עוגת דובוש בסקוויטים קפולסקי 400 גרם,תופינים מקבוצת קפולסקי,IL,עוגת דובוש ביסקוויטי,גרמים,400.00,100 גרם,false,,38.90,0.0972,true,1,27588
7290016437690,false,תחבושות קוטקס קווארט,קימברלי קלארק,CZ,תחבושות קוטקס קווארט,Unknown,0.00,יחידה,false,,36.50,0.0000,true,1,47573
7290016437713,false,תחבושות סופר 22*2 יחידות,חוגלה קימברלי,CZ,תחבושות קוטקס קווארט,Unknown,0.00,יחידה,false,,36.50,0.0000,true,1,47574
7290016437720,false,תחבושות קוטקס נורמל זוג,קימברלי קלארק,CZ,תחבושות קוטקס קווארט,Unknown,0.00,יחידה,false,,36.50,0.0000,true,1,47575
7290016475067,false,מארז 4 לאפות במלאכת יד,מאפיית המכבים,IL,לאפות המכבים 4 יח,גרמים,700.00,100 גרם,false,,9.90,0.0141,true,1,24427
7290016492118,false,פפריקה מתוקה מעושנת,תבליני הדור השלישי,IL,פפריקה מעושנת פרג 12,גרמים,120.00,100 גרם,false,,15.90,0.1325,true,1,38708
7290016492125,false,פרג תבלין פילדפיה 120 גר',תבליני הדור השלישי,IL,תבלין פילדלפיה פרג 1,גרמים,120.00,100 גרם,false,,15.90,0.1325,true,1,38707
7290016492132,false,תבלין טוסקנה פרג 160 גר',תבליני הדור השלישי,IL,תבלין טוסקנה פרג 160,גרמים,160.00,100 גרם,false,,15.90,0.0994,true,1,38706
7290016509786,false,פרסיל גל לכביסה לבנה וצבעונית-ירוק 2.5 ל,"הנקל סוד בע""\מ",IL,גל פרסיל 2.5 ליטר,קילוגרמים,2.50,ליטר,false,,34.50,13.8000,true,1,64856
7290016509830,false,ג'ל כביסה לבגדי תינוקות ובעלי עור רגיש Sensitive,"הנקל סוד בע""\מ",IL,גל פרסיל בייבי 2.5 ל,קילוגרמים,2.50,ליטר,false,,34.50,13.8000,true,1,53353
7290016509847,false,פרסיל ג'ל לכביסה כהה בלאק 2.5 ליטר,"הנקל סוד בע""\מ",IL,גל פרסיל בלאק 2.5 לי,קילוגרמים,2.50,ליטר,false,,34.50,13.8000,true,1,48728
7290016510232,false,"תחליב רחצה הוואי יוגורט קוקוס 700 מ""ל",תאי פרזידנט פוד פאבל,IL,תחליב הוואי קוקוס 70,מיליליטרים,700.00,"100 מ""ל",false,,9.90,0.0141,true,1,35459
7290016510768,false,"הוואי תחליב רחצה יוגורט ואוכמניות 700 מ""ל",טרופיקל דגיל בעמ,IL,תחליב הוואי יוגורט א,מיליליטרים,700.00,"100 מ""ל",false,,9.90,0.0141,true,1,48582
7290016682328,false,מיץ תפוזים 100% מרכז פריניב 2 ליטר,פרי ניב,IL,מיץ תפוזים פריניב 2,קילוגרמים,2.00,ליטר,false,,17.90,8.9500,true,1,59467
7290016682342,false,מיץ תפוזים וולנסיה פרי ניב 2 ליטר-,פרי ניב,IL,מיץ תפוזים ולנסיה פר,קילוגרמים,2.00,ליטר,false,,24.90,12.4500,true,1,59468
7290016682359,false,מיץ תפוזים שמוטי פרי ניב 2 ליטר-,פרי ניב,IL,מיץ תפוזים שמוטי פרי,קילוגרמים,2.00,ליטר,false,,24.90,12.4500,true,1,59469
7290016682366,false,מיץ תפוח צלול פרי ניב 2 ליטר-,פריניב,IL,מיץ תפוחים פריניב 2,קילוגרמים,2.00,ליטר,false,,18.90,9.4500,true,1,59470
7290016682373,false,משקה קל לימונדה בלאדי 2 ליטר פריניב,פריניב,IL,מיץ לימונדה בלדי פרי,קילוגרמים,2.00,ליטר,false,,18.90,9.4500,true,1,59471
7290016682380,false,מיץ טבעי לימונדה ולואיזה פרי ניב 2 ליטר-,פרי ניב,IL,מיץ לימונדה לואיזה פ,קילוגרמים,2.00,ליטר,false,,18.90,9.4500,true,1,59472
7290016682397,false,מיץ חמוציות פרי ניב 2 ליטר-,פרי ניב,IL,נקטר חמוציות פריניב,קילוגרמים,2.00,ליטר,false,,14.90,7.4500,true,1,59473
7290016717044,false,"יין מוסקטו סלקטד באז כרמל 750 מ""ל",כרמל מזרחי,IL,יין באז מנגו מבעבע,מיליליטרים,750.00,"100 מ""ל",false,,26.90,0.0359,true,1,43153
7290016717051,false,משקה Buzz מוגז בטעם רימון מבוסס יין אדום מתוק,יקבי כרמל Carmel Winery,IL,יין באז רימון מבעבע,מיליליטרים,750.00,"100 מ""ל",false,,26.90,0.0359,true,1,52324
7290016717099,false,"יין כרמל סלקטד אדום חצי יבש, 750 מ""ל",יקבי כרמל Carmel Winery,IL,יין סלקטד אדום חצי י,מיליליטרים,750.00,"100 מ""ל",false,,28.90,0.0385,true,1,63299
7290016717617,false,תירוש כרמל אדום 1.2 ליטר,יקבי כרמל,IL,מיץ ענבים תירוש אדום,קילוגרמים,1.20,ליטר,false,,20.90,17.4167,true,1,29233
7290016717631,false,יין מוסקטו בעל חוזק אלכוהול נמוך פרייבט קולקשן,אגודת הכורמים הקואופרטיב,IL,יין פ. קולקשיין לבן,מיליליטרים,750.00,"100 מ""ל",false,,32.30,0.0431,true,1,35085
7290016823004,false,בזיליקום יח freshlid,"מרינה פטריות הגליל בע""מ",IL,בזיליקום יח,Unknown,0.00,יחידה,false,,5.90,0.0000,true,1,27686
7290016823028,false,עירית יח freshlid,"מרינה פטריות הגליל בע""מ",IL,עירית יח,Unknown,0.00,יחידה,false,,5.90,0.0000,true,1,27688
7290016823059,false,טימין קורנית ארוז יח,"מרינה פטריות הגליל בע""מ",IL,טימין יח,Unknown,0.00,יחידה,false,,5.90,0.0000,true,1,27690
7290016823066,false,רוזמרין יח freshlid,"מרינה פטריות הגליל בע""מ",IL,רוזמרין יח,Unknown,0.00,יחידה,false,,5.90,0.0000,true,1,27691
7290016823257,false,חסה סלנובה מהדרין יח,"מרינה פטריות הגליל בע""מ",IL,חסה סלנובה מהדרין,Unknown,0.00,יחידה,false,,11.90,0.0000,true,1,27746
7290016823523,false,צנונית יח 500 גרם שמיטה,"מרינה פטריות הגליל בע""מ",IL,צנונית ארוזה 500 גרם,גרמים,500.00,100 גרם,false,,6.90,0.0138,true,1,30930
7290016867008,false,"לחם כוסמין מחמצת ד""ר מרק",המאפה של דר' מארק,IL,לחם מחמצת כוסמין דר,גרמים,750.00,100 גרם,false,,17.90,0.0239,true,1,35749
7290016867039,false,"מארז פיתות קלות כוסמין בתוספת מחמצת 6 יחידות ד""ר מרק",המאפה של דר מרק בריא,IL,פיתות קלות כוסמין בת,גרמים,330.00,100 גרם,false,,14.90,0.0452,true,1,56569
7290016867046,false,"מארז פיתות קלות כוסמין במתיקות מעודנת 6 יחידות ד""ר מרק",המאפה של דר מרק בריא,IL,פיתות קלות כוסמין במ,גרמים,330.00,100 גרם,false,,14.90,0.0452,true,1,56570
7290016867053,false,לחם קל כוסמין בתוספת מחמצת 450 גרם,המאפה של דר מרק בריא,IL,לחם כוסמין בתוספת מח,גרמים,400.00,100 גרם,false,,18.90,0.0472,true,1,56571
7290016867114,false,לחם כוסמין קל מלא 500 גר',המאפה של דר מרק בריא,IL,לחם כוסמין קל דר מרק,גרמים,500.00,100 גרם,false,,17.90,0.0358,true,1,52933
7290016867152,false,"מארז פיתות קלות כוסמין 5 יחידות ד""ר מרק",המאפה של דר מרק בריא,IL,פיתות קלות כוסמין דר,גרמים,330.00,100 גרם,false,,13.90,0.0421,true,1,30198
7290016867176,false,"מארז לחמניות קלות כוסמין שומשום במתיקות מעודמת 5 יחידות ד""ר מרק",המאפה של דר מרק,IL,לחמניות קלות כוסמין,גרמים,351.00,100 גרם,false,,13.90,0.0396,true,1,38814
7290016867244,false,שישיה לחמניות כוסמין בתוספת מחמצת 99 קלוריות,המאפה של דר מרק בריא,IL,לחמניות מחמצת כוסמין,גרמים,321.00,100 גרם,false,,14.90,0.0464,true,1,51351
7290016882407,false,מחית חציל קלוי על האש 560 ג',אונטד גידה,CN,מחית חציל קלוי על הא,גרמים,560.00,100 גרם,false,,9.90,0.0177,true,1,47250
7290016882544,false,זרעי פשתן 300 גרם,דין שיווק וקלייה בעמ,IL,זרעי פשתן 300 גרם,גרמים,300.00,100 גרם,false,,4.90,0.0163,true,1,53018
7290016883091,false,חרדל דיזון שקדיה 350,צרבונוקס בברבנט אסאיי,FR,חרדל דיזון שקדיה 350,גרמים,350.00,100 גרם,false,,7.90,0.0226,true,1,30284
7290016883107,false,חרדל דיז'ון+גרגירים350ג,צרבונוקס בברבנט אסאיי,FR,חרדל עם גרגירים שקדי,גרמים,350.00,100 גרם,false,,7.90,0.0226,true,1,30283
7290016967074,false,לחם חיטה מלאה עם גרעינים ודגנים,מאפיית שלמה א. אנג'\ל בע,IL,לחם חיטה מלאה ודגנים,גרמים,750.00,100 גרם,false,,16.90,0.0225,true,1,39038
7290017023212,false,"שוויפס מוגז פירות תפוח מארז רביעייה* 330 מ""ל",יפאורה תבורי בעמ,IL,מארז שוופס מוגז תפוח,קילוגרמים,1.32,ליטר,false,,11.90,9.0152,true,1,32851
7290017023229,false,רביעיית פחיות שוופס מוגז פירות תות ליים 330 מל.,יפאורה תבורי בעמ,IL,מארז שוופס תות ליים,קילוגרמים,1.32,ליטר,false,,11.90,9.0152,true,1,32853
7290017023236,false,רביעיית פחיות שוופס מוגז פירות ענבים 330 מל.,יפאורה תבורי בעמ,IL,מארז שוופס מוגז ענבי,קילוגרמים,1.32,ליטר,false,,11.90,9.0152,true,1,32852
7290017023663,false,"שוופס מיץ פירות לימונייד פחית מארז 330X4מ""ל",יפאורה תבורי,IL,מארז שוופס מוגז פירו,קילוגרמים,1.32,ליטר,false,,11.90,9.0152,true,1,36326
7290017023809,false,"רביעיית ספרינג אגס סברס תפוח 250 מ""ל","יפאורה תבורי בע""\מ",IL,מארז ספרינג אגס סברס,קילוגרמים,1.00,ליטר,false,,11.90,11.9000,true,1,47352
7290017023816,false,"ספרינג  פירות טרופיים 250 מ""ל רביעייה","יפאורה תבורי בע""\מ",IL,מארז ספרינג פירות טר,קילוגרמים,1.00,ליטר,false,,11.90,11.9000,true,1,47353
7290017023823,false,"רביעיית ספרינג תות בננה 250 מ""ל","יפאורה תבורי בע""\מ",IL,מארז ספרינג תות בננה,קילוגרמים,1.00,ליטר,false,,11.90,11.9000,true,1,47354
7290017023854,false,מי סודה בקבוקים אישיים - מארז 4 יח',יפאורה תבורי בעמ,IL,מארז שוופס סודה 4*25,קילוגרמים,1.00,ליטר,false,,9.90,9.9000,true,1,43168
7290017023861,false,סודה בטעם לימון בקבוקים אישיים - מארז 4 יח',יפאורה תבורי בעמ,IL,מארז שוופס סודה לימו,קילוגרמים,1.00,ליטר,false,,9.90,9.9000,true,1,43170
7290017023878,false,סודה בטעם נענע ליים בקבוקים אישיים - מארז 4 יח',יפאורה תבורי בעמ,IL,מארז שוופס סודה נענע,קילוגרמים,1.00,ליטר,false,,9.90,9.9000,true,1,43169
7290017062686,false,מרכך כביסה מרוכז בייבי טאצ 1ל',סאסאטק,IL,מרכך מרוכז טאצ' בייב,קילוגרמים,1.00,ליטר,false,,9.90,9.9000,true,1,63483
7290017062693,false,מרכך כביסה מרוכז לבן 1*5 ליטר טאצ,סאסאטק,IL,מרכך מרוכז טאצ' לבן,קילוגרמים,1.00,ליטר,false,,9.90,9.9000,true,1,63484
7290017062716,false,מרכך כביסה מרוכז ורוד טאצ 1ל',סאסאטק,IL,מרכך מרוכז טאצ' ורוד,קילוגרמים,1.00,ליטר,false,,9.90,9.9000,true,1,63486
7290017065007,false,פרוסות גבינה מוצרלה חצי קשה 22% שומן 200 ג' גד,מחלבות גד בעמ,IL,גבינת מוצרלה פרוסות,גרמים,200.00,100 גרם,false,,17.90,0.0895,true,1,27667
7290017065137,false,ריקוטה למריחה 5% טבעית 200 גרם - רובין,האי נאם סי או אל.טי.,IL,גבינת ריקוטה 5% גד 2,גרמים,250.00,100 גרם,false,,9.90,0.0396,true,1,31963
7290017065144,false,ריקוטה למריחה בתוספת בזיליקום 5% גד 200 גם,האי נאם סי או אל.טי.,IL,גבינת ריקוטה בזיליקו,גרמים,250.00,100 גרם,false,,9.90,0.0396,true,1,31964
7290017065168,false,גבינה כחולה denish blue cheese 100 גרם,ST.CLEMENS-BOMHOLMWS,DK,גבינה כחולה 30% גד 1,גרמים,100.00,100 גרם,false,,14.90,0.1490,true,1,33265
7290017065175,false,גבינת מנצ'גו פרוסה גד 150 גרם,הנסיך- מפעל לייצור ט,ES,גבינה מנצגו פרוס 39%,גרמים,150.00,100 גרם,false,,13.27,0.0885,true,1,33264
7290017065212,false,גבינת קרם מסקרפונה מחלבות גד 250 גר,מיוצר עי קוד יצרן ED,IL,קרם מסקרפונה 38% גד,גרמים,250.00,100 גרם,false,,19.90,0.0796,true,1,50906
7290017065304,false,שמנת ניו יורק 30% טבעית מהדרין מחלבות גד,גבינות מדף,IL,גבינת שמנת טבעי 30%,גרמים,200.00,100 גרם,false,,14.90,0.0745,true,1,33266
7290017065526,false,קוואטרו פורמאג'י 4 גבינות מגוררות 26%,"מחלבות גד בע""\מ",IL,גבינה קוואטרו פורמאג,גרמים,300.00,100 גרם,false,,25.90,0.0863,true,1,56807
7290017065618,false,גבינת פקורינו פרוס מחלב כבשים,הנסיך- מפעל לייצור ט,ES,גבינת פקורינו פרוס 3,גרמים,150.00,100 גרם,false,,20.90,0.1393,true,1,51042
7290017065762,false,מאנורי גבינה בסגנון יווני לצליה 30% שומן 100 גרם,גבינות מדף,IL,גבינת מאנורי בסגנון,גרמים,100.00,100 גרם,false,,11.90,0.1190,true,1,61981
7290017065786,false,"גבינת צ`דר מחלבות גד , 210 גרם","מחלבות גד בע""\מ",IL,גבינת צ'דר גד 200 גר,גרמים,200.00,100 גרם,false,,19.90,0.0995,true,1,59795
7290017065861,false,קאצ'יו אה פפה - רוטב פקורינו ופלפל שחור 200 גרם בית יוסף,גבינות מדף,IL,קאצ'יו אה פפה רוטב פ,גרמים,200.00,100 גרם,false,,13.60,0.0680,true,1,62638
7290017065878,false,רוטב לפסטה מק אנד צ'יז גד 200 גרם,גבינות מדף,IL,מק אנד צ'יז רוטב לפ,גרמים,200.00,100 גרם,false,,13.60,0.0680,true,1,62553
7290017065960,false,רוטב פורצ'יני מחלבות גד 200 גרם,גבינות מדף,IL,רוטב פורצ'יני ריקוטה,גרמים,200.00,100 גרם,false,,14.90,0.0745,true,1,64906
7290017068213,false,חמוציות חתוכות בקרטון מיה 350 גרם,מיה תעשיות מזון בעמ,IL,חמוציות חתוכות מיה 3,גרמים,350.00,100 גרם,false,,14.90,0.0426,true,1,50026
7290017068374,false,שמרים יבשים בואקום מיה 500 גרם,angle yeast co ltd,IL,שמרים יבשים מיה 500,גרמים,500.00,100 גרם,false,,9.90,0.0198,true,1,45607
7290017068534,false,אגוז טחון מיה 300 גר,מיה תעשיות מזון בעמ,IL,אגוז טחון מיה 300 גר,גרמים,300.00,100 גרם,false,,19.90,0.0663,true,1,44726
7290017068541,false,אגוזים גרוסים מיה 30,מיה תעשיות מזון בעמ,IL,אגוזים גרוסים מיה 30,גרמים,300.00,100 גרם,false,,19.90,0.0663,true,1,44725
7290017068558,false,שקדים טחונים מיה 300,מיה תעשיות מזון בעמ,IL,שקדים טחונים מיה 300,גרמים,300.00,100 גרם,false,,22.90,0.0763,true,1,44730
7290017068596,false,שקד מולבן פרוס מיה 3,מיה תעשיות מזון בעמ,IL,שקד מולבן פרוס מיה 3,גרמים,300.00,100 גרם,false,,24.90,0.0830,true,1,44753
7290017068602,false,שקד מולבן שבבים מיה,מיה תעשיות מזון בעמ,IL,שקד מולבן שבבים מיה,גרמים,300.00,100 גרם,false,,24.90,0.0830,true,1,44762
7290017068626,false,אגוז פקאן טבעי מיה 2,מיה תעשיות מזון בעמ,IL,אגוז פקאן טבעי מיה 2,גרמים,200.00,100 גרם,false,,22.90,0.1145,true,1,44756
7290017068633,false,שקד טבעי מיה 300 גרם,מיה תעשיות מזון בעמ,IL,שקד טבעי מיה 300 גרם,גרמים,300.00,100 גרם,false,,22.90,0.0763,true,1,44729
7290017068640,false,אגוז מלך טבעי מיה 20,מיה תעשיות מזון בעמ,IL,אגוז מלך טבעי מיה 20,גרמים,200.00,100 גרם,false,,14.90,0.0745,true,1,44754
7290017068657,false,פקאן סיני מיה 200 גר,מיה תעשיות מזון בעמ,IL,פקאן סיני מיה 200 גר,גרמים,200.00,100 גרם,false,,22.90,0.1145,true,1,44757
7290017068664,false,גרעין חמניה קלוף מיה,מיה תעשיות מזון בעמ,IL,גרעין חמניה קלוף מיה,גרמים,200.00,100 גרם,false,,6.90,0.0345,true,1,44755
7290017068671,false,צנובר מיה 150 גרם,מיה תעשיות מזון בעמ,IL,צנובר מיה 150 גרם,גרמים,150.00,100 גרם,false,,32.90,0.2193,true,1,44760
7290017068688,false,גרעין דלעת קלוף מיה,מיה תעשיות מזון בעמ,IL,גרעין דלעת קלוף מיה,גרמים,150.00,100 גרם,false,,7.90,0.0527,true,1,44758
7290017068695,false,דובדבנים מסוכרים מיה,מיה תעשיות מזון בעמ,IL,דובדבנים מסוכרים מיה,גרמים,150.00,100 גרם,false,,8.90,0.0593,true,1,44759
7290017068725,false,תערובת קטניות לחמין,מיה תעשיות מזון בעמ,IL,תערובת קטניות לחמין,פריט,1.40,"ק""ג",false,,19.90,14.2143,true,1,48676
7290017068732,false,חטיף תן צאפ גלגלים ב,מיה תעשיות מזון בעמ,IL,חטיף תן צאפ גלגלים ב,גרמים,120.00,100 גרם,false,,4.90,0.0408,true,1,49194
7290017068749,false,חטיף תן צאפ טבעות 12,מיה תעשיות מזון בעמ,IL,חטיף תן צאפ טבעות 12,גרמים,120.00,100 גרם,false,,4.90,0.0408,true,1,49193
7290017068954,false,"אורז בסמטי סלקטד מיה 1 ק""ג",מיה תעשיות מזון בעמ,IL,אורז בסמטי סלקטד 1 ק,פריט,1.00,"ק""ג",false,,11.90,11.9000,true,1,53750
7290017079189,false,אננס חתיכות דקות במיץ אננס 825 גר',פ.ת גרייט פנאפל,ID,לפתן אננס חתוך דק טע,גרמים,825.00,100 גרם,false,,7.90,0.0096,true,1,51669
7290017079677,false,שוקולד חלב 270 גרם טעמן,מילאנו ספולקה זד,PL,שוקולד חלב טעמן 270,גרמים,270.00,100 גרם,false,,11.90,0.0441,true,1,55152
7290017079684,false,שוקולד מריר 270 גרם טעמן,מילאנו ספולקה זד,PL,שוקולד מריר טעמן 270,גרמים,270.00,100 גרם,false,,11.90,0.0441,true,1,55153
7290017079691,false,שוקולד חלב עם אגוזים 270 גרם טעמן,מילאנו ספולקה זד,PL,שוקולד חלב עם אגוזים,גרמים,270.00,100 גרם,false,,11.90,0.0441,true,1,55154
7290017079707,false,שוקולד מריר עם אגוזים 270 גרם טעמן,מילאנו ספולקה זד,PL,שוקולד מריר עם אגוזי,גרמים,270.00,100 גרם,false,,11.90,0.0441,true,1,55155
7290017079714,false,שוקולד חלב עם בוטנים 270 גרם טעמן,מילאנו ספולקה זד,PL,שוקולד חלב עם בוטנים,גרמים,270.00,100 גרם,false,,11.90,0.0441,true,1,55156
7290017079738,false,חמישיית שוקולד מריר,מילאנו ספולקה זד,IL,שוקולד טעמן מריר 5*1,גרמים,500.00,100 גרם,false,,19.90,0.0398,true,1,62428
7290017079813,false,שוקולד מריר בודד 100גר כשלפ,אס.קיי ראיס אינטרנשי,PL,שוקולד טעמן מריר 100,גרמים,100.00,100 גרם,false,,4.90,0.0490,true,1,63032
7290017088402,false,מטליות לחות לניקוי כ,D.P.L,IL,מטליות לחות לניקוי כ,Unknown,0.00,יחידה,false,,19.90,0.0000,true,1,51304
7290017088426,false,מגבונים קשת עבים פרי,D.P.L,IL,מגבונים קשת עבים פרי,Unknown,0.00,יחידה,false,,19.90,0.0000,true,1,51320
7290017088464,false,תחבושות סופגנית מקסי לונג טופ פד 20 יח',D.P.L,IT,תחבושות טופ פד סופגנ,Unknown,0.00,יחידה,false,,15.90,0.0000,true,1,53556
7290017088501,false,תחבושות טופ פד אקסטרה לונג 20 יח',D.P.L,IT,תחבושות טופ פד אקסטר,Unknown,0.00,יחידה,false,,8.90,0.0000,true,1,53558
7290017094830,false,סלט גזר ברוטב פיקנטי אסלי שמיר 400 ג',"סלטי שמיר 2006 בע""מ",IL,סלט גזר פיקנטי אסלי,גרמים,400.00,100 גרם,false,,10.90,0.0273,true,1,40461
7290017094847,false,סלט תפוחי אדמה אסלי שמיר 400 ג',"סלטי שמיר 2006 בע""מ",IL,סלט תפוא אסלי 400 גר,גרמים,400.00,100 גרם,false,,10.90,0.0273,true,1,40460
7290017094854,false,סלט קולסלאו אסלי שמיר 400 ג',"סלטי שמיר 2006 בע""מ",IL,סלט קולסלאו אסלי 400,גרמים,400.00,100 גרם,false,,10.90,0.0273,true,1,40462
7290017094861,false,חומוס עם רוטב מסבחה אסלי שמיר 400 ג',"סלטי שמיר 2006 בע""מ",IL,סלט חומוס מסבחה אסלי,גרמים,400.00,100 גרם,false,,10.90,0.0273,true,1,40459
7290017100395,false,"כפפות לטקס 100 יחי' S כשלפ עד""ח פרפקט",פאלאס,ID,כפפות לטקס עם אבקה מ,Unknown,0.00,יחידה,false,,13.90,0.0000,true,1,64847
7290017100401,false,"כפפות לטקס 100 יחי' M כשלפ עד""ח פרפקט",פאלאס,ID,כפפות לטקס עם אבקה פ,Unknown,0.00,יחידה,false,,16.90,0.0000,true,1,64859
7290017100418,false,"כפפות לטקס 100 יחי' L כשלפ עד""ח פרפקט",פאלאס,ID,כפפות לטקס עם אבקה מ,Unknown,0.00,יחידה,false,,13.90,0.0000,true,1,64848
7290017105369,false,סירופ דיאט בטעם תה אפרסק יכין 1ליטר,זנלכל,IL,סירופ יכין אייס תה ד,קילוגרמים,1.00,ליטר,false,,16.60,16.6000,true,1,45596
7290017105895,false,גרגרי חומוס להכנת חומוס משובח יכין 560 ג,זנלכל,IL,גרגירי חומוס להכנת ח,גרמים,560.00,100 גרם,false,,9.90,0.0177,true,1,55423
7290017121048,false,"פלפל צ'ומה 250 גרם ""עללחם""","מדשא תעשיות מזון בע""\מ",IL,פלפל צ'ומה עללחם 250,גרמים,250.00,100 גרם,false,,12.90,0.0516,true,1,48697
7290017121086,false,"אריסה ביתית מתוקה עללחם, 250 גרם","מדשא תעשיות מזון בע""\מ",IL,אריסה מתוקה עללחם 25,גרמים,250.00,100 גרם,false,,12.90,0.0516,true,1,61304
7290017121093,false,"אריסה חריפה 250 גרם ""עללחם""","מדשא תעשיות מזון בע""\מ",IL,אריסה חריפה עללחם 25,גרמים,250.00,100 גרם,false,,12.90,0.0516,true,1,48695
7290017129495,false,אגו מיקס כדורי תירס מצופים שוקולד חלב כרמית 55 גרם,כרמית תעשיות ממתקים בעמ,IL,אגו מיקס כדורים שוקו,גרמים,55.00,100 גרם,false,,3.90,0.0709,true,1,31375
7290017129501,false,אגו מיקס כדורי תירס מצופים שוקולד לבן כרמית 55 גרם,כרמית,IL,אגו מיקס כדורים שוקו,גרמים,55.00,100 גרם,false,,3.90,0.0709,true,1,31377
7290017129518,false,אגו מיקס כדורי תירס מצופים שוקולד חלב ולבן כרמית 55 גרם,כרמית,IL,אגו מיקס כדורים שוקו,גרמים,55.00,100 גרם,false,,3.90,0.0709,true,1,31376
7290017129761,false,שוקולד פרימיום 70% מריר בטעם תפוז כרמית 100 גרם,"כרמית תעשיות ממתקים בע""\",IL,שוקולד אגו מריר 70%,גרמים,100.00,100 גרם,false,,7.80,0.0780,true,1,62420
7290017129822,false,מטבעות שוקולד מריר כרמית 36 גרם,כרמית,IL,מטבעות שוקולד מריר כ,גרמים,36.00,100 גרם,false,,3.90,0.1083,true,1,39085
7290017129839,false,שוקולד פרימיום 70% מריר בטעם פטל כרמית 100 גרם,"כרמית תעשיות ממתקים בע""\",IL,שוקולד אגו מריר 70%,גרמים,100.00,100 גרם,false,,7.80,0.0780,true,1,62417
7290017129884,false,חמישיות שוקולד מריר 44% 85 גר*5*12 בקרטון,"כרמית תעשיות ממתקים בע""\",IL,שוקולד אגו מריר 5*85,גרמים,425.00,100 גרם,false,,14.90,0.0351,true,1,55788
7290017142166,false,"פילה טונה פרוס עם שמן זית 120 גרם ""עץ הזית""","יוניקורד ח.צ בע""מ",TH,פילה טונה בשמן זית ע,גרמים,120.00,100 גרם,false,,14.90,0.1242,true,1,47533
7290017142180,false,פילה פרוס ושמן זית בנגיעות טעם לימון ופלפל שחור,"יוניקורד ח.צ בע""מ",TH,פילה טונה בשמן זית ו,גרמים,120.00,100 גרם,false,,14.90,0.1242,true,1,47534
7290017142203,false,"פילה טונה פרוס עם שמן זית בטעם מעושן 120 גרם ""עץ הזית""","יוניקורד ח.צ בע""מ",TH,פילה טונה בשמן זית מ,גרמים,120.00,100 גרם,false,,14.90,0.1242,true,1,47535
7290017218380,false,אלטמן - קולגן חומצה היאלורונית כמוסות 60 יח',,,קולגן אלטמן,Unknown,0.00,יחידה,false,,99.90,0.0000,true,1,62942
7290017266398,false,גלילי ופל למילוי גילרו 150 גרם עלמה.,גילרו,IL,מארז גליליות עלמה למ,גרמים,150.00,100 גרם,false,,14.90,0.0993,true,1,64389
7290017266503,false,"גלילי וופל במילוי קרם שוקולד לל""ס 100 גר' עלמה",גילרו,IL,גלילי ופל ללא ת.סוכר,גרמים,100.00,100 גרם,false,,5.70,0.0570,true,1,63099
7290017266886,false,גליליות ופל במילוי ק,עלמה,IL,גליליות ופל במילוי ק,גרמים,500.00,100 גרם,false,,11.90,0.0238,true,1,60474
7290017266893,false,גליליות ופל במילוי ק,עלמה,IL,גליליות ופל במילוי ק,גרמים,500.00,100 גרם,false,,11.90,0.0238,true,1,60475
7290017266909,false,וופלים מעולים במילוי קרם בטעם שוקולד SUNי 200 גרם,"גילרו בע""מ",IL,ופלים בטעם שוקולד עם,גרמים,200.00,100 גרם,false,,3.90,0.0195,true,1,63747
7290017275338,false,טורקיז- טחינה גולמית 500 גרם,אחדות ביחר לטחינה חל,IL,טחינה טורקיז 500 גרם,גרמים,500.00,100 גרם,false,,12.90,0.0258,true,1,59036
7290017275345,false,"טחינה גולמית בבקבוק לחיץ , 350 גרם אחווה",אחדות ביחר לטחינה חל,IL,טחינה אחוה לחיץ 350,גרמים,350.00,100 גרם,false,,8.90,0.0254,true,1,60436
7290017275369,false,טורקיז- טחינה משומשום מלא 500 גרם,אחדות ביחר לטחינה חל,IL,טחינה שומשום מלא טור,גרמים,500.00,100 גרם,false,,12.90,0.0258,true,1,59037
7290017275413,false,מיני קצפיות בטעם וניל אחוה 140 גרם,אחדות ביחר לטחינה חל,IL,מיני קצפיות בטעם וני,גרמים,140.00,100 גרם,false,,9.90,0.0707,true,1,60437
7290017275420,false,מיני קצפיות בטעם תות אחוה 140 גרם,אחדות ביחר לטחינה חל,IL,מיני קצפיות בטעם תות,גרמים,140.00,100 גרם,false,,9.90,0.0707,true,1,60435
7290017275437,false,מיני קצפיות בטעם פירות יער אחוה 140 גרם,אחדות ביחר לטחינה חל,IL,מיני קצפיות בטעם פיר,גרמים,140.00,100 גרם,false,,9.90,0.0707,true,1,60438
7290017275444,false,מיני קצפיות בטעם ענבים אחוה 140 גרם,אחדות ביחר לטחינה חל,IL,מיני קצפיות בטעם ענב,גרמים,140.00,100 גרם,false,,9.90,0.0707,true,1,60439
7290017275482,false,"סירופ בטעם ענבים אחוה 900 מ""ל",אחדות ביחר לטחינה חל,IL,סירופ אחוה בטעם ענבי,מיליליטרים,900.00,"100 מ""ל",false,,14.90,0.0166,true,1,60674
7290017275499,false,"סירופ בטעם אננס אחוה 900 מ""ל",אחדות ביחר לטחינה חל,IL,סירופ אחוה בטעם אננס,מיליליטרים,900.00,"100 מ""ל",false,,14.90,0.0166,true,1,60675
7290017275505,false,"סירופ בטעם פטל אחוה 900 מ""ל",אחדות ביחר לטחינה חל,IL,סירופ אחוה בטעם פטל,מיליליטרים,900.00,"100 מ""ל",false,,14.90,0.0166,true,1,60676
7290017285702,false,"סרקל מתיר קשרים רוזמרין 325 מ""ל ד""ר פישר",פישר מעבדות פרמצבטיות בע,IL,"סרקל קרם רוזמרין ד""ר",גרמים,325.00,100 גרם,false,,22.90,0.0705,true,1,48492
7290017285733,false,סרקל מעצב 2 ליטר מגזרי .ח.,פישר מעבדות פרמצבטיות בע,IL,"מרכך סרקל ד""ר פישר 2",קילוגרמים,2.00,ליטר,false,,35.90,17.9500,true,1,48493
7290017285764,false,"ד""ר פישר - סרקל שמפו לילדים 2 ליטר",פישר מעבדות פרמצבטיות בע,IL,"שמפו סרקל ד""ר פישר 2",קילוגרמים,2.00,ליטר,false,,35.90,17.9500,true,1,48494
7290017289168,false,"יין ישראלי אדום יבש אפרת 750 מ""ל",יקב טפרברג 1870 בעמ,IL,יין ישראלי אדום יבש,מיליליטרים,750.00,"100 מ""ל",false,,19.90,0.0265,true,1,43218
7290017289175,false,"יין ישראלי פטיט סירה אפרת 750 מ""ל",יקב טפרברג 1870 בעמ,IL,יין ישראלי פטיט סירה,מיליליטרים,750.00,"100 מ""ל",false,,19.90,0.0265,true,1,43219
7290017289601,false,"יין בלנד לבן 750 מ""ל אימפרשיאון",יקב טפרברג 1870 בעמ,IL,יין אימפרשן לבנד לבן,מיליליטרים,750.00,"100 מ""ל",false,,49.90,0.0665,true,1,63169
7290017289618,false,"יין IMPRESSION פטיט סירה 150 שנה טפרברג 750 מ""ל",יקב טפרברג 1870 בעמ,IL,יין אימפרשן קברנה פט,מיליליטרים,750.00,"100 מ""ל",false,,49.90,0.0665,true,1,52497
7290017291628,false,אנדיב כרמל 225 גרם,,IL,אנדיב כרמל 225 גרם,גרמים,225.00,100 גרם,false,,9.90,0.0440,true,1,65641
7290017303420,false,"בורקס תפו""א בון בייק",מאפיית אריאל,IL,"בורקס תפו""א בון בייק",פריט,1.40,"ק""ג",false,,16.90,12.0714,true,1,40448
7290017303437,false,בורקס גבינה בון בייק,מאפיית אריאל,IL,בורקס גבינה בון בייק,פריט,1.20,"ק""ג",false,,16.90,14.0833,true,1,40447
7290017303444,false,גחנון בון בייקרי 1.2,מאפיית אריאל,IL,גחנון בון בייקרי 1.2,פריט,1.20,"ק""ג",false,,16.90,14.0833,true,1,40449
7290017303451,false,מלוואח בון בייקרי 1.,מאפיית אריאל,IL,מלוואח בון בייקרי 1.,פריט,1.20,"ק""ג",false,,16.90,14.0833,true,1,40446
7290017304885,false,לחם שיפון מחיטה מלאה ללא תוספת סוכר 750 ג' אנג'ל,מאפיית שלמה א. אנג'\ל בע,IL,לחם שיפון וחיטה מלאה,גרמים,750.00,100 גרם,false,,16.90,0.0225,true,1,47337
7290017339610,false,חלה בריוש 6 כדורים ה,המחמצת,IL,חלה בריוש 6 כדורים ה,גרמים,600.00,100 גרם,false,,15.90,0.0265,true,1,53699
7290017339627,false,חלת בריוש כתר המחמצת,המחמצת,IL,חלת בריוש כתר המחמצת,גרמים,550.00,100 גרם,false,,16.90,0.0307,true,1,53700
7290017396033,false,מארז בייגל רומני שומ,המחמצת,IL,בייגל רומני המחמצת 4,גרמים,450.00,100 גרם,false,,16.90,0.0376,true,1,60995
7290017396163,false,לחם שיפון 70% אובלי,המחמצת,IL,לחם שיפון 70% אובלי,גרמים,560.00,100 גרם,false,,15.90,0.0284,true,1,53644
7290017396170,false,לחם שאור איטלקי המחמ,המחמצת,IL,לחם שאור איטלקי המחמ,גרמים,560.00,100 גרם,false,,15.90,0.0284,true,1,53645
7290017396217,false,לחם דגנים אובלי המחמ,המחמצת,IL,לחם דגנים אובלי המחמ,גרמים,560.00,100 גרם,false,,15.90,0.0284,true,1,53647
7290017396224,false,לחם כוסמין אובלי המח,המחמצת,IL,לחם כוסמין אובלי המח,גרמים,560.00,100 גרם,false,,15.90,0.0284,true,1,53648
7290017396248,false,לחמניות מיני המבורגר,המחמצת,IL,לחמניות מיני המבורגר,גרמים,400.00,100 גרם,false,,15.90,0.0398,true,1,59854
7290017396293,false,לחם כפרי צרפתי אובלי,המחמצת,IL,לחם כפרי צרפתי אובלי,גרמים,560.00,100 גרם,false,,15.90,0.0284,true,1,53649
7290017396415,false,ג'בטה דגנים המחמצת 6,המחמצת,IL,ג'בטה דגנים המחמצת 6,גרמים,600.00,100 גרם,false,,15.90,0.0265,true,1,59176
7290017396439,false,ג'בטה לבן 600 גרם,המחמצת,IL,ג'בטה לבן 600 גרם,גרמים,360.00,100 גרם,false,,15.90,0.0442,true,1,59177
7290017418469,false,קראש גליליות חלב 65 גר',"לבס שוקולד בע""מ",IL,קראש גליליות אגוזים,גרמים,65.00,100 גרם,false,,3.90,0.0600,true,1,44587
7290017418476,false,קראש קוביות נוגט בצי,"לבס שוקולד בע""מ",IL,קראש קוביות נוגט בצי,גרמים,65.00,100 גרם,false,,3.90,0.0600,true,1,44589
7290017418483,false,קראש קורנפלקס בציפוי,"לבס שוקולד בע""מ",IL,קראש קורנפלקס בציפוי,גרמים,65.00,100 גרם,false,,3.90,0.0600,true,1,44588
7290017418599,false,קראש דגן בציפוי שוקו,"לבס שוקולד בע""מ",IL,קראש דגן בציפוי שוקו,גרמים,65.00,100 גרם,false,,3.90,0.0600,true,1,50814
7290017418605,false,קראש כדור מיקס 65 גרם,"לבס שוקולד בע""מ",IL,קראש מיקס דגן / גליל,גרמים,65.00,100 גרם,false,,3.90,0.0600,true,1,50815
7290017457871,false,סוד ג'ל כביסה ירוק טוטאל 4 ליטר,הנקל סוד,IL,גל סוד ווילד רוז 4,קילוגרמים,4.00,ליטר,false,,34.50,8.6250,true,1,51079
7290017457932,false,סוד מרכך כביסה מרוכז פרש קונטרול כחול,הנקל סוד,IL,מרכך סוד פרש קונטרול,מיליליטרים,900.00,"100 מ""ל",false,,11.90,0.0132,true,1,53608
7290017477169,false,קשיו קלוי 250 גרם ששון הקולה,"דין שיווק וקלייה בע""",IL,קשיו 250 גרם,גרמים,250.00,100 גרם,false,,20.00,0.0800,true,1,33133
7290017513393,false,תה ירוק ספירולינה וצמחים ירוקים 25 שקי,תה ויסוצקי,IL,תה ירוק סופר גרין 25,גרמים,38.00,100 גרם,false,,22.90,0.6026,true,1,48510
7290017513409,false,תה ירוק SUPER GREEN 87 גרםבטעם אוכמניות ואסאי,תה ויסוצקי,IL,תה ירוק עם צמחים סגו,גרמים,38.00,100 גרם,false,,22.90,0.6026,true,1,48509
7290017589565,false,"ברקן, גוורצטרמינר לבן חצי יבש 750 מל",יקבי ברקן שיווק והפצ,IL,יין קלאסיק גוורצטרמי,מיליליטרים,750.00,"100 מ""ל",false,,27.90,0.0372,true,1,64869
7290017589633,false,"רזרב גולד אדישיין קברנה סוביניון 750 מ""ל",יקבי ברקן Barkan,IL,יין רזרב גולד קברנה,מיליליטרים,750.00,"100 מ""ל",false,,34.90,0.0465,true,1,44371
7290017599250,false,סוכרזית קלאסי 120 שקיות,ביסקול בע''מ,IL,ממתיק סוכרזית קלאסי,גרמים,120.00,100 גרם,false,,15.50,0.1292,true,1,63701
7290017599267,false,סוכרלוז 120 שקיות ממתיק שולחני,סוכרזית Sucrazit,IL,ממתיק סוכרלוז סוכרזי,גרמים,120.00,100 גרם,false,,24.50,0.2042,true,1,63738
7290017599274,false,סוכרזית סטיוויה 120 שקיות,ביסקול בע''מ,IL,ממתיק סוכרזית סטיווי,גרמים,120.00,100 גרם,false,,29.90,0.2492,true,1,63699
7290017616001,false,שעועית ירוקה שלמה ור,נ.ת.נ.ג.ב החזקות,BE,שעועית ירוקה שלמה ור,גרמים,800.00,100 גרם,false,,6.50,0.0081,true,1,61335
7290017616025,false,שעועית ירוקה חתוכה ו,נ.ת.נ.ג.ב החזקות,BE,שעועית ירוקה חתוכה ו,גרמים,800.00,100 גרם,false,,6.50,0.0081,true,1,61336
7290017616032,false,שעועית צהובה חתוכה ו,נ.ת.נ.ג.ב החזקות,BE,שעועית צהובה חתוכה ו,גרמים,800.00,100 גרם,false,,6.50,0.0081,true,1,61337
7290017616421,false,סטייק טונה קפוא 500,,VN,סטייק טונה קפוא 500,גרמים,500.00,100 גרם,false,,24.90,0.0498,true,1,57576
7290017616490,false,פילה ברבוניה ארוז 40,,,פילה ברבוניה,Unknown,0.00,יחידה,false,,16.90,0.0000,true,1,64448
7290017616506,false,"אפונה אינדירה 1 ק""ג",קי. היג' טיילור,GB,"אפונה אינדירה 1 ק""ג",פריט,1.00,"ק""ג",false,,10.90,10.9000,true,1,56460
7290017616513,false,אפונה עדינה אינדירה,הוראפרוסט,BE,אפונה עדינה אינדירה,פריט,1.00,"ק""ג",false,,17.90,17.9000,true,1,55791
7290017616520,false,"במיה אינדירה 1 ק""ג",גרין האוס,EG,"במיה אינדירה 1 ק""ג",פריט,1.00,"ק""ג",false,,13.90,13.9000,true,1,55192
7290017616544,false,"תירס אינדירה 1 ק""ג",הוראפרוסט,BE,"תירס אינדירה 1 ק""ג",פריט,1.00,"ק""ג",false,,10.90,10.9000,true,1,55896
7290017616551,false,אפונה וגזר אינדירה 1,הוראפרוסט,BE,אפונה וגזר אינדירה 1,פריט,1.00,"ק""ג",false,,10.90,10.9000,true,1,55792
7290017616568,false,לקט העונה אינדירה 1,הוראפרוסט,BE,לקט העונה אינדירה 1,פריט,1.00,"ק""ג",false,,10.90,10.9000,true,1,55793
7290017616575,false,"פול אינדירה 1 ק""ג",ג'קסיאן הינגשינגפודס,CN,"פול אינדירה 1 ק""ג",פריט,1.00,"ק""ג",false,,13.90,13.9000,true,1,55897
7290017616629,false,שעועית ירוקה שלמה עד,הוראפרוסט,BE,שעועית ירוקה שלמה עד,פריט,1.00,"ק""ג",false,,17.90,17.9000,true,1,55794
7290017616643,false,תחתיות ארטישוק אינדי,גרין האוס,EG,תחתיות ארטישוק אינדי,פריט,1.00,"ק""ג",false,,19.90,19.9000,true,1,55193
7290017616650,false,לקט לקוסקוס אינדירה,הוראפרוסט,BE,לקט לקוסקוס אינדירה,פריט,1.00,"ק""ג",false,,10.90,10.9000,true,1,55795
7290017616667,false,שעועית לבנה אינדירה,הוראפרוסט,BE,שעועית לבנה אינדירה,פריט,1.00,"ק""ג",false,,13.90,13.9000,true,1,55880
7290017616674,false,גזר גמדי אינדירה 1 ק,הוראפרוסט,BE,גזר גמדי אינדירה 1 ק,פריט,1.00,"ק""ג",false,,9.90,9.9000,true,1,55796
7290017616896,false,פולי סויה קלופים שדה,פוגיאן יונילנד פודס,CN,פולי סויה קלופים שדה,גרמים,600.00,100 גרם,false,,9.90,0.0165,true,1,65208
7290017616926,false,"ציפס קלאסי פרנץ פרייז 1.5ק""ג",,,ציפס קלאסי פרנץ פריי,פריט,1.50,"ק""ג",false,,19.90,13.2667,true,1,63686
7290017616933,false,"צ'יפס אמריקאי ארוז, 2.5 ק""ג",אקרופרוסט,BE,ציפס אמריקאי פרנץ פר,פריט,1.50,"ק""ג",false,,19.90,13.2667,true,1,63687
7290017617046,false,נתחי טונה בשמן זית כתית מעולה רביעיה * 140 ג',סטארקיסט,TR,טונה בשמן זית ס.ק. 4,גרמים,560.00,100 גרם,false,,24.80,0.0443,true,1,48781
7290017641379,false,חמישיות שוקולד חלב בדצ 85 ג*5 בלמינט*12 בקרט בדצ,"כרמית תעשיות ממתקים בע""\",IL,שוקולד אגו חלב 5*85,גרמים,425.00,100 גרם,false,,14.90,0.0351,true,1,55581
7290017641430,false,מטבעות שוקולד צבעוני,כרמית,IL,מטבעות שוקולד צבעוני,גרמים,360.00,100 גרם,false,,18.90,0.0525,true,1,48391
7290017641720,false,שוקולד פרימיום 70% שברי שקד כרמית 100 גרם,כרמית תעשיות ממתקים בעמ,IL,שוקולד אגו מריר 70%,גרמים,100.00,100 גרם,false,,7.80,0.0780,true,1,62418
7290017641737,false,שוקולד פרימיום 70% שברי אגוז כרמית 100 גרם,כרמית תעשיות ממתקים בעמ,IL,שוקולד אגו מריר 70%,גרמים,100.00,100 גרם,false,,7.80,0.0780,true,1,62422
7290017696393,false,בורגר פטריות מן הצומח 520 גר,מרינה פטריות,IL,בורגר פטריות מן הצומ,גרמים,520.00,100 גרם,false,,34.90,0.0671,true,1,52813
7290017696690,false,כוסברה מהדרין freshlid שמיטה,יבולי הכפר,IL,כוסברה מהדרין,Unknown,0.00,יחידה,false,,5.90,0.0000,true,1,58910
7290017696706,false,פטרוזיליה מהדרין freshlid,,,פטרוזיליה מהדרין,Unknown,0.00,יחידה,false,,5.90,0.0000,true,1,58911
7290017696713,false,שמיר מהדרין freshlid שמיטה,מרינה,IL,שמיר יח,Unknown,0.00,יחידה,false,,6.90,0.0000,true,1,48239
7290017696812,false,שורש פטרוזיליה ארוז,מרינה,IL,שורש פטרוזיליה,Unknown,0.00,יחידה,false,,4.90,0.0000,true,1,54463
7290017712505,false,מחית תפוע רביעייה 19,HME,CZ,"מחית תפו""ע פרינוק 4*",גרמים,760.00,100 גרם,false,,16.90,0.0222,true,1,56651
7290017712536,false,מחית לפתן פירות פרינ,HME,CZ,מחית לפתן פירות פרינ,גרמים,760.00,100 גרם,false,,16.90,0.0222,true,1,56654
7290017715728,false,זית מנזלינו גדול תומר 560 גרם A2,עדן,IL,זית מנזולינו תומר 56,גרמים,560.00,100 גרם,false,,2.90,0.0052,true,1,65202
7290017715735,false,A2 זית סורי מבוקע תומר 560 גרם,עדן,IL,זית סורי מבוקע תומר,גרמים,560.00,100 גרם,false,,2.90,0.0052,true,1,65203
7290017715834,false,A2 זית נובו מבוקע ג.מאוד תומר 560 גרם,"א.א שימורי עדן בע""מ",IL,זית נובו מבוקע תומר,גרמים,560.00,100 גרם,false,,2.90,0.0052,true,1,65206
7290017812052,false,יין שיראז-קברנה סוביניון אקסלנס יקבי כרמל,יקבי כרמל Carmel Winery,IL,יין אקסלנס שיראז קבר,מיליליטרים,750.00,"100 מ""ל",false,,21.90,0.0292,true,1,43304
7290017812069,false,יין אמרלד ריזלינג שרדונה אקסלנס Excellence,יקבי כרמל Carmel Winery,IL,יין אקסלנס ריזלינג ש,מיליליטרים,750.00,"100 מ""ל",false,,21.90,0.0292,true,1,43305
7290017812144,false,יין ישן נושן מתוק 63,יקבי כרמל,IL,יין ישן נושן מתוק 63,מיליליטרים,630.00,"100 מ""ל",false,,12.90,0.0205,true,1,43189
7290017812649,false,תירוש כרמל לבן 1.2 ליטר,יקבי כרמל,IL,מיץ ענבים תירוש לבן,קילוגרמים,1.20,ליטר,false,,20.90,17.4167,true,1,49448
7290017812663,false,"תירוש לבן מיץ ענבים מבעבע כרמל 750 מ""ל",ג'\קובז'\י איי.אי פיגלי,IL,תירוש מבעבע לבן כרמל,מיליליטרים,750.00,"100 מ""ל",false,,19.90,0.0265,true,1,55331
7290017812847,false,"יין פרנץ גוורצטרמינר סלקטד כרמל 750 מ""ל","כד בני דרום בע""מ",IL,יין סלקטד פרנץ גוורצ,מיליליטרים,750.00,"100 מ""ל",false,,28.90,0.0385,true,1,55069
7290017812861,false,יין וינו לבן יקבי כרמל,כרמל מזרחי,IL,יין וינו לבן יבש,מיליליטרים,750.00,"100 מ""ל",false,,17.90,0.0239,true,1,55070
7290017812885,false,"יין P.C סוביניון בלאן גוורצטרמינר כרמל 750 מ""ל",אגודת הכורמים א.ת אל,IL,יין פ.קולקשיין סובינ,מיליליטרים,750.00,"100 מ""ל",false,,32.30,0.0431,true,1,56847
7290017812977,false,"יין קריניאנו סלקטדאננס באז כרמל 750 מ""ל",כרמל מזרחי,IL,יין באז ספארקלינג אנ,מיליליטרים,750.00,"100 מ""ל",false,,26.90,0.0359,true,1,56837
7290017864648,false,כוסברה בוסתן פרימיום,ברכת קטיף,IL,כוסברה בוסתן פרימיום,Unknown,0.00,יחידה,false,,5.90,0.0000,true,1,51585
7290017864655,false,פטרוזיליה בוסתן פרימ,ברכת קטיף,IL,פטרוזיליה בוסתן פרימ,Unknown,0.00,יחידה,false,,5.90,0.0000,true,1,51586
7290017864662,false,שמיר בוסתן פרימיום,ברכת קטיף,IL,שמיר בוסתן פרימיום,Unknown,0.00,יחידה,false,,5.90,0.0000,true,1,51587
7290017864679,false,נענע בוסתן פרימיום,ברכת קטיף,IL,נענע בוסתן פרימיום,Unknown,0.00,יחידה,false,,5.90,0.0000,true,1,51588
7290017864686,false,סלרי עלים ברכת קטיף,ברכת קטיף,IL,סלרי עלים בוסתן,Unknown,0.00,יחידה,false,,6.90,0.0000,true,1,51579
7290017864709,false,עלי מנגולד ברכת קטיף,ברכת קטיף,IL,עלי מנגולד,Unknown,0.00,יחידה,false,,6.90,0.0000,true,1,51581
7290017864730,false,לבבות חסה פרימיום בו,ברכת קטיף,IL,לבבות חסה פרימיום בו,Unknown,0.00,יחידה,false,,10.90,0.0000,true,1,51612
7290017864754,false,בצל ירוק בוסתן,ברכת קטיף,IL,בצל ירוק בוסתן,Unknown,0.00,יחידה,false,,5.90,0.0000,true,1,51582
7290017864839,false,לבבות חסה פרימיום נס,ברכת קטיף,IL,לבבות חסה פרימיום נס,Unknown,0.00,יחידה,false,,12.90,0.0000,true,1,51614
7290017871455,false,חטיף פצפוצי אורז וחמ,הגביע מוצרי ופלים,IL,חטיף פצפוצי אורז וחמ,גרמים,105.00,100 גרם,false,,12.90,0.1229,true,1,60651
7290017871967,false,טוסו אבקת ג'לי טעם אננס 30גרם,אשבל מזון פונקציונלי בע\,IL,ג'לי אננס טוסו ללא ס,גרמים,25.00,100 גרם,false,,8.90,0.3560,true,1,60662
7290017871974,false,טוסו אבקת ג'לי טעם תות 30גרם,אשבל מזון פונקציונלי בע\,IL,ג'לי תות שדה טוסו לל,גרמים,25.00,100 גרם,false,,8.90,0.3560,true,1,60663
7290017872179,false,טוסו - עוגיות טחינה ללא סוכר 200 גרם,"הגביע מוצרי וופלים בע""\מ",IL,עוגיות טחינה טוסו 20,גרמים,200.00,100 גרם,false,,13.90,0.0695,true,1,60656
7290017883106,false,ליקריץ ממולא פטל ליק,תיאס גידה ג'י או אס,TR,ליקריץ ממולא פטל ליק,גרמים,1.00,100 גרם,false,,19.90,19.9000,true,1,58271
7290017884141,false,עוגיות מלוחות קצח שי,מאפיית ישראל חיפה,IL,עוגיות מלוחות קצח שי,גרמים,500.00,100 גרם,false,,11.50,0.0230,true,1,43328
7290017884158,false,עוגיות מלוחות שומשום,מאפיית ישראל חיפה,IL,עוגיות מלוחות שומשום,גרמים,500.00,100 גרם,false,,11.50,0.0230,true,1,43329
7290017884172,false,עוגיות מרוקאיות שירה,מאפיית ישראל חיפה,IL,עוגיות מרוקאיות שירה,גרמים,500.00,100 גרם,false,,11.50,0.0230,true,1,43333
7290017884189,false,כעכים מצופים שירה 50,מאפיית ישראל חיפה,IL,כעכים מצופים שירה 50,גרמים,500.00,100 גרם,false,,11.50,0.0230,true,1,48772
7290017884257,false,עוגיות כתר שירה 600,מאפיית ישראל חיפה,IL,עוגיות כתר שירה 600,גרמים,600.00,100 גרם,false,,11.50,0.0192,true,1,48915
7290017884264,false,עוגיות שוקוציפס שירה,מאפיית ישראל חיפה,IL,עוגיות שוקוציפס שירה,גרמים,600.00,100 גרם,false,,11.50,0.0192,true,1,43334
7290017884271,false,עוגיות שוקוציפס לבן,מאפיית ישראל חיפה,IL,עוגיות שוקוציפס לבן,גרמים,600.00,100 גרם,false,,11.50,0.0192,true,1,43335
7290017884288,false,עוגיות מקלות קינמון,מאפיית ישראל חיפה,IL,עוגיות מקלות קינמון,גרמים,400.00,100 גרם,false,,11.50,0.0288,true,1,43332
7290017884318,false,עוגיות פרפר במילוי ב,מאפיית ישראל חיפה,IL,עוגיות פרפר במילוי ב,גרמים,500.00,100 גרם,false,,11.50,0.0230,true,1,48909
7290017884356,false,עוגיות כעכים מרוקאיו,מאפיית ישראל חיפה,IL,עוגיות כעכים מרוקאיו,גרמים,500.00,100 גרם,false,,11.50,0.0230,true,1,49199
7290017884370,false,עוגיות בטעם חלוה שיר,מאפיית ישראל חיפה,IL,עוגיות בטעם חלוה שיר,גרמים,500.00,100 גרם,false,,11.50,0.0230,true,1,43336
7290017884394,false,עוגיות בישקוטים מסוכ,מאפיית ישראל חיפה,IL,עוגיות בישקוטים מסוכ,גרמים,500.00,100 גרם,false,,11.50,0.0230,true,1,43337
7290017884400,false,עוגיות מצופות טעם שו,מאפיית ישראל חיפה,IL,עוגיות מצופות טעם שו,גרמים,500.00,100 גרם,false,,11.50,0.0230,true,1,48966
7290017884417,false,עוגיות דניות בטעם חמ,מאפיית ישראל חיפה,IL,עוגיות דניות בטעם חמ,גרמים,500.00,100 גרם,false,,11.50,0.0230,true,1,43339
7290017884530,false,בישקוטים מצופים שירה,מאפיית ישראל חיפה,IL,בישקוטים מצופים שירה,גרמים,500.00,100 גרם,false,,11.50,0.0230,true,1,48774
7290017884547,false,עוגיות כתר במילוי תו,מאפיית ישראל חיפה,IL,עוגיות כתר במילוי תו,גרמים,500.00,100 גרם,false,,11.50,0.0230,true,1,48910
7290017888095,false,"רביעיית פחיות שוופס מוגז עדין פירות יער 330 מ""ל.",יפאורה תבורי בעמ,IL,מארז שוופס פירות יער,קילוגרמים,1.32,ליטר,false,,11.90,9.0152,true,1,45787
7290017888101,false,"שוויפס מוגז עדין אפרסק מארז רביעייה* 330 מ""ל",יפאורה תבורי בעמ,IL,מארז שוופס אפרסק 4*3,קילוגרמים,1.32,ליטר,false,,11.90,9.0152,true,1,45788
7290017918730,false,סלק אדום בוואקום 1 ק,אראל תוצרת חקלאית בע,IL,סלק אדום בוואקום 1 ק,פריט,1.00,"ק""ג",false,,9.90,9.9000,true,1,53436
7290017928234,false,מאיר בייגל גריסיני ב,מאיר בייגל,IL,גריסיני בייטס בצל מא,גרמים,175.00,100 גרם,false,,7.90,0.0451,true,1,51481
7290017928296,false,שברי בייגלה בטעם דבש חרדל ובצל 300 גר' מאיר את בייגל,סבימקס,BG,שברי בייגלה בטעם דבש,גרמים,300.00,100 גרם,false,,11.90,0.0397,true,1,63001
7290017928494,false,שברי בייגלה בטעם צדר 300 גר' מאיר את בייגל,מאיר בייגל,BG,שברי בייגלה בטעם צ'ד,גרמים,300.00,100 גרם,false,,11.90,0.0397,true,1,63002
7290017928838,false,בייגל מאיר גריסיני ב,מאיר בייגל,IL,גריסיני בייטס זיתים,גרמים,175.00,100 גרם,false,,7.90,0.0451,true,1,51484
7290017932057,false,תחתית אפויה לפאי 170,הנדריקס פוד,US,תחתית אפויה לפאי 170,גרמים,170.00,100 גרם,false,,6.90,0.0406,true,1,49539
7290017941073,false,סוכר לבן פולסקי 1קג,פולסקי,PL,סוכר לבן אלומות 1 ק,פריט,1.00,"ק""ג",false,,4.50,4.5000,true,1,64593
7290017946375,false,סוד - סבון אסלה בניחוח לימון אוקיינוס רביעיות,הנקל סוד,IL,כדוריות סוד לאסלה לי,גרמים,150.00,100 גרם,false,,19.90,0.1327,true,1,53712
7290017946399,false,"מרכך כביסה מרוכז ארומתרפי אדום 900 מ""ל סוד",הנקל סוד,IL,מרכך סוד ארומתרפי אד,מיליליטרים,900.00,"100 מ""ל",false,,11.90,0.0132,true,1,60091
7290017946573,false,סוד - סבון אסלה בניחוח פרחים רביעיות,הנקל סוד,IL,כדוריות סוד לאסלה פר,גרמים,150.00,100 גרם,false,,19.90,0.1327,true,1,53713
7290017947105,false,לחם אנג'ל בסגנון אמריקה 500 גרם,מאפיית שלמה א. אנג'\ל בע,IL,לחם אנגל בסגנון אמרי,גרמים,500.00,100 גרם,false,,9.90,0.0198,true,1,49671
7290017947464,false,שמיניית פיתות כוסמין אנג'ל 8*50 גרם,מאפיית שלמה א.אנג'\ל בע\,IL,פיתות כוסמין אנג'ל 8,גרמים,400.00,100 גרם,false,,15.90,0.0398,true,1,53670
7290017947495,false,6 לחמניות כוסמין 450 גרם אנג'ל,מאפיית שלמה א.אנג'\ל,IL,לחמניות כוסמין אנגל,גרמים,450.00,100 גרם,false,,15.90,0.0353,true,1,54375
7290017947891,false,לחם אנג'ל כוסמין וחיטה מלאה 750 גרם,מאפיית שלמה א. אנג'\ל בע,IL,לחם כוסמין וחיטה מלא,גרמים,750.00,100 גרם,false,,16.90,0.0225,true,1,49599
7290017947921,false,לחמניות המבורגר בסגנון אמריקאי מארז 6 יח',מאפיית שלמה א. אנג'\ל בע,IL,לחמניות המבורגר אנגל,גרמים,450.00,100 גרם,false,,14.90,0.0331,true,1,49882
7290017947938,false,מיני לחמניות המבורגר בסגנון אמריקה 400 ג' אנג'ל,מאפיית שלמה א. אנג'\ל בע,IL,לחמניות מיני המבורגר,גרמים,400.00,100 גרם,false,,14.90,0.0373,true,1,56997
7290017978215,false,"קרמבו מוקה ""ריאו"" 16 יחידות","גלידות ריאו ביח""ר לג",IL,קרמבו בטעם מוקה ריאו,גרמים,480.00,100 גרם,false,,21.50,0.0448,true,1,52816
7290017978246,false,שמיניות קרח ללא סוכר בטעם תות LIGHTICE,"גלידות ריאו ביח""ר לג",IL,קרחוני לייט בטעם תות,גרמים,720.00,100 גרם,false,,14.50,0.0201,true,1,63665
7290017978437,false,טילוני ריאו וניל 7 י,"גלידות ריאו ביח""ר לג",IL,טילוני ריאו וניל 7 י,גרמים,525.00,100 גרם,false,,19.90,0.0379,true,1,56631
7290017978642,false,טילוני ריאו ריבת חלב,"גלידות ריאו ביח""ר לג",IL,טילוני ריאו ריבת חלב,גרמים,525.00,100 גרם,false,,19.90,0.0379,true,1,56630
7290017978833,false,"ריאו גלידונית חלבית ""שוקולידה"" 32יח","גלידות ריאו ביח""ר לג",IL,חטיפי גלידה שוקולידה,גרמים,700.00,100 גרם,false,,29.90,0.0427,true,1,56946
7290017978857,false,מאגדת שלגונים בטעם וניל קראנצי 6*80 ג' ריאו,"ריאו ביח""\ר לגלידה וממת",IL,שלגוני קרנצ'י מצופרו,גרמים,480.00,100 גרם,false,,18.90,0.0394,true,1,63509
7290018045138,false,דגני בוקר קוקו פאבלס,פוסט לקיוויל,US,דגני בוקר קוקו פאבלס,גרמים,311.00,100 גרם,false,,19.90,0.0640,true,1,63967
7290018045336,false,דגני בוקר פרוטי פאבל,פוסט לקיוויל,US,דגני בוקר פרוטי פאבל,גרמים,311.00,100 גרם,false,,19.90,0.0640,true,1,63968
7290018045534,false,דגני בוקר בטעם פירות,פוסט לקיוויל,US,דגני בוקר בטעם פירות,גרמים,354.00,100 גרם,false,,19.90,0.0562,true,1,63970
7290018045732,false,דגני בוקר עם פירורי,פוסט לקיוויל,US,דגני בוקר עם פירורי,גרמים,311.00,100 גרם,false,,17.90,0.0576,true,1,63969
7290018091029,false,מקלות פילו תפוחי אדמה מעדנות 450 ג',תנובה מעדנות,IL,"מקלות פילו תפו""א מעד",גרמים,450.00,100 גרם,false,,14.90,0.0331,true,1,54005
7290018091609,false,שבלולי שמרים שוקולד,מעדנות,IL,שבלולי שמרים שוקולד,גרמים,350.00,100 גרם,false,,16.90,0.0483,true,1,49521
7290018091616,false,מקלות פילו גבינה מעדנות 450 גרם,מיוצר עי קונדיטוריית,IL,מקלות פילו גבינה מעד,גרמים,450.00,100 גרם,false,,14.90,0.0331,true,1,54007
7290018091876,false,"מאפה פילו גבינה, 320 גרם מעדנות","מעדנות בע""\מ",IL,מאפה פילו גבינה מעדנ,גרמים,320.00,100 גרם,false,,18.90,0.0591,true,1,62617
7290018115039,false,אבוקדו מוכן לאכילה,אראל תוצרת חקלאית בע,IL,אבוקדו מוכן לאכילה,Unknown,0.00,יחידה,false,,5.90,0.0000,true,1,53170
7290018131756,false,מאגדת שלגון וניל מצופה תות נסטלה 440 גרם,גלידות נסטלה )נגה גלידות,IL,שלגוני וניל מצופה תו,גרמים,440.00,100 גרם,false,,22.90,0.0520,true,1,56200
7290018131855,false,אקסטרים טילון בראוניז בדצ מאגדת 6*72 גרם נסטלה,גלידות נסטלה )נגה גלידות,IL,טילוני אקסטרים בראונ,גרמים,432.00,100 גרם,false,,23.90,0.0553,true,1,56998
7290018131879,false,אקסטרים טילון חלב בדצ מאגדת 6*72 גרם נסטלה,גלידות נסטלה )נגה גלידות,IL,טילוני אקסטרים ריבת,גרמים,432.00,100 גרם,false,,23.90,0.0553,true,1,56996
7290018131893,false,אקסטרים טילון פקאן בדצ מאגדת 6*72 גרם נסטלה,גלידות נסטלה )נגה גלידות,IL,טילוני אקסטרים פקאן,גרמים,432.00,100 גרם,false,,23.90,0.0553,true,1,56999
7290018131954,false,קרחון שרבט פרווה לה פרוטה תות שדה ושוקולד מריר,נגה גלידות שותפות מוגבלת,IL,שלגוני לה פרוטה תות,גרמים,350.00,100 גרם,false,,23.50,0.0671,true,1,56201
7290018165010,false,"יין רזרב GOLD EDITION גווצטרמינר ברקן 750 מ""ל",יקבי ברקן שיווק והפצה בע,IL,יין רזרב גולד גוורצט,מיליליטרים,750.00,"100 מ""ל",false,,34.90,0.0465,true,1,64861
7290018165492,false,יין סגל לימיטד אדישן,יינות סגל,IL,יין סגל לימיטד אדישן,מיליליטרים,750.00,"100 מ""ל",false,,119.90,0.1599,true,1,54989
7290018192504,false,מיני המבורגר פטריות 600גר,מרינה פטריות,IL,מיני בורגר פטריות מן,גרמים,600.00,100 גרם,false,,27.90,0.0465,true,1,65528
7290018192658,false,מארז זוג פטריות פורטובלה ושמפיניון מרינה,"מרינה פטריות הגליל בע""מ",IL,פטריות צמד חמד איטלק,Unknown,0.00,יחידה,false,,15.90,0.0000,true,1,52294
7290018192764,false,מיקס נבטי בריאות,מרינה,IL,מיקס נבטים,Unknown,0.00,יחידה,false,,13.90,0.0000,true,1,59396
7290018194393,false,ערק בראשית 40% 700 מ,משקאות ג'בלנא,IL,ערק בראשית 40% 700 מ,מיליליטרים,700.00,"100 מ""ל",false,,39.90,0.0570,true,1,56949
7290018195048,false,"חתיכות אננס בסירופ קל טעמן, 850 גרם",פ.ת גרייט פנאפל,TH,לפתן אננס חתוך טעמן,גרמים,850.00,100 גרם,false,,9.90,0.0116,true,1,61929
7290018195130,false,מארז סרדין פלפל חריף,אינטרנשיונל קנינג קו,MA,מארז סרדין פלפל חריף,גרמים,375.00,100 גרם,false,,9.90,0.0264,true,1,58999
7290018195147,false,מארז סרדין בשמן טעים,אינטרנשיונל קנינג קו,MA,מארז סרדין בשמן טעים,גרמים,375.00,100 גרם,false,,9.90,0.0264,true,1,59000
7290018195178,false,שוקולד מריר 62% קקאו 100 גרם טעמן,אס.קיי ראיס אינטרנשי,PL,שוקולד טעמן מריר 62%,גרמים,100.00,100 גרם,false,,4.90,0.0490,true,1,61626
7290018195321,false,חמישיית שוקולד זהב מריר 100 גרם טעמן,אלבה שוקולד,IL,שוקולד טעמן מריר 5*1,גרמים,500.00,100 גרם,false,,24.90,0.0498,true,1,61794
7290018195895,false,קראנצ' חטיפי שיבולת שועל שוקולד מריר 40X5 גרם,סנטה איי קוולסקי אס,PL,חטיף ש.שועל עם שוקול,גרמים,200.00,100 גרם,false,,12.90,0.0645,true,1,57511
7290018195918,false,קראנצ' חטיפי שיבולת שועל דבש וקינמון 40X5 גרם,סנטה איי קוולסקי אס,PL,חטיף ש.שועל דבש וקינ,גרמים,200.00,100 גרם,false,,12.90,0.0645,true,1,57513
7290018208014,false,תמר מגהול פרימיום 1,אראל תוצרת חקלאית בע,IL,תמר מגהול פרימיום 1,פריט,1.00,"ק""ג",false,,24.90,24.9000,true,1,48208
7290018208021,false,"תמר מגהול ענק 2 ק""ג",אראל תוצרת חקלאית בע,IL,"תמר מגהול ענק 2 ק""ג",פריט,2.00,"ק""ג",false,,39.90,19.9500,true,1,48209
7290018208045,false,ערמונים קלויים וקלופ,אראל תוצרת חקלאית בע,IL,ערמונים קלויים וקלופ,גרמים,100.00,100 גרם,false,,3.90,0.0390,true,1,49000
7290018208168,false,תמרים לחים חיאני 600,אראל תוצרת חקלאית בע,IL,תמרים לחים חיאני 600,גרמים,600.00,100 גרם,false,,9.90,0.0165,true,1,52862
7290018208168,false,תמרים לחים חיאני 600,אראל תוצרת חקלאית בע,IL,תמרים לחים חיאני 600,גרמים,600.00,100 גרם,false,,9.90,0.0165,true,1,52862
7290018208809,false,"תמר מגהול 1 ק""ג",אראל תוצרת חקלאית בע,IL,"תמר מגהול 1 ק""ג",פריט,1.00,"ק""ג",false,,14.90,14.9000,true,1,48197
7290018236635,false,צ'ונגו-פופקורן מצופה עוף טוב 600 גרם,מוצרי עוף טוב (2001) בע\,IL,מיני שניצל פופקורן צ,גרמים,600.00,100 גרם,false,,29.80,0.0497,true,1,54678
7290018237373,false,עוף טוב פסטרמה צרובה על הגריל נתח שלם 8*300 גרם,מוצרי עוף טוב (2001) בע\,IL,פסטרמה מהגריל מנתח ש,גרמים,300.00,100 גרם,false,,26.80,0.0893,true,1,58380
7290018237397,false,עוף טוב פסטרמה מקורמלת נתח שלם 8*300 גרם,מוצרי עוף טוב (2001) בע\,IL,פסטרמה מקורמלת מנתח,גרמים,300.00,100 גרם,false,,26.80,0.0893,true,1,58382
7290018237410,false,עוף טוב פסטרמה במעשנה נתח שלם 8*300 גרם,מוצרי עוף טוב (2001) בע\,IL,פסטרמה מהמעשנה מנתח,גרמים,300.00,100 גרם,false,,26.80,0.0893,true,1,58381
7290018237939,false,שניצלונים ציפוי שומשום עוף טוב 700 גרם,מוצרי עוף טוב (2001) בע\,IL,שניצלונים בציפוי שומ,גרמים,700.00,100 גרם,false,,12.70,0.0181,true,1,63561
7290018294000,false,"יין קינג דויד רוזה כרמל 750 מ""ל",כרמל מזרחי,IL,יין קינג דיוויד רוזה,מיליליטרים,750.00,"100 מ""ל",false,,18.90,0.0252,true,1,57549
7290018294017,false,יין כרמל חבית 148 קב,יקבי כרמל,IL,יין כרמל חבית 148 קב,מיליליטרים,750.00,"100 מ""ל",false,,139.90,0.1865,true,1,55043
7290018294055,false,תירוש כרמל רוזה 1.2 ליטר,יקבי כרמל,IL,מיץ ענבים תירוש רוזה,קילוגרמים,1.20,ליטר,false,,20.90,17.4167,true,1,55416
7290018294192,false,"יין בלנד היינן אדום יבש 750 מ""ל p.c",כרמל מזרחי,IL,יין פ. קולקשיין בלנד,מיליליטרים,750.00,"100 מ""ל",false,,32.30,0.0431,true,1,63298
7290018294208,false,"סלקטדאדום ישראלי יבש כרמל 750 מ""ל","כד בני דרום בע""מ",IL,יין סלקטד אדום ישראל,מיליליטרים,750.00,"100 מ""ל",false,,28.90,0.0385,true,1,57554
7290018294352,false,"ארק יקבי כרמל 700 מ""",יקבי כרמל Carmel Winery,ES,"ארק כרמל 700 מ""ל",מיליליטרים,700.00,"100 מ""ל",false,,54.90,0.0784,true,1,60010
7290018294895,false,"יין מונלייט מוסקטו ורוד מבעבע 750 מ""ל",יקבי כרמל Carmel Winery,IL,יין מוסקטו מבעבע מונ,מיליליטרים,750.00,"100 מ""ל",false,,33.90,0.0452,true,1,63338
7290018294901,false,"יין מונלייט אדום יבש 750 מ""ל כרמל",יקבי כרמל Carmel Winery,IL,יין אדום יבש מונלייט,מיליליטרים,750.00,"100 מ""ל",false,,33.90,0.0452,true,1,63337
7290018294925,false,למברוסקו לבן מגנום 1.5לטיר,יקבי כרמל,IL,למברוסקו לבן מגנום 1,קילוגרמים,1.50,ליטר,false,,49.90,33.2667,true,1,61349
7290018333082,false,אגו מיקס קורנפלקס שוקולד חלב ולבן כרמית 55 גרם,"כרמית תעשיות ממתקים בע""\",IL,אגו מיקס קורנפלקס שו,גרמים,55.00,100 גרם,false,,3.90,0.0709,true,1,63692
7290018333099,false,אגו מיקס קורנפלקס מצופה ש.חלב ולבן 55גר' 24 בקר',"כרמית תעשיות ממתקים בע""\",IL,אגו מיקס קורנפלקס שו,גרמים,55.00,100 גרם,false,,3.90,0.0709,true,1,63693
7290018333181,false,אגו רוקס חטיפי שוקולד חלב עם פתיתי תירס ושברי אגוזי לוז 100 גרם,כרמית,IL,אגו רוקס שוקולד קורנ,גרמים,100.00,100 גרם,false,,8.90,0.0890,true,1,52699
7290018333198,false,"אגו רוקס חטיפי שוקולד חלב עם פתיתי תירס, שברי בוטנים מסוכרים ומלח 100 גרם","כרמית תעשיות ממתקים בע""\",IL,אגו רוקס שוקולד קורנ,גרמים,100.00,100 גרם,false,,8.90,0.0890,true,1,52700
7290018333204,false,"אגו רוקס חטיפי שוקולד לבן עם פתיתי תירס, שבבי קוקוס ושברי פקאן סיני 100 גרם","כרמית תעשיות ממתקים בע""\",IL,אגו רוקס שוקולד לבן,גרמים,100.00,100 גרם,false,,8.90,0.0890,true,1,52698
7290018333419,false,מטבעות שוקולד חלב בצ,כרמית,IL,מטבעות שוקולד חלב בצ,גרמים,900.00,100 גרם,false,,49.90,0.0554,true,1,53414
7290018333426,false,מטבעות שוקולד מריר ב,כרמית,IL,מטבעות שוקולד מריר ב,גרמים,900.00,100 גרם,false,,49.90,0.0554,true,1,53415
7290018333433,false,מטבעות שוקולד חלב צב,כרמית,IL,מטבעות שוקולד חלב צב,גרמים,900.00,100 גרם,false,,49.90,0.0554,true,1,53416
7290018359129,false,פולפה עגבניות חתוכות מקולפות דק יכין 690 גרם,אמיליאנה קונסרב,IT,עגבניות מקולפות חתוכ,גרמים,690.00,100 גרם,false,,8.90,0.0129,true,1,62232
7290018359495,false,תירס מהשדה בלי תוספת סוכר יכין 550 גרם,היינץ צפון אמריקה מק,IL,תירס גרעינים מהשדה ל,גרמים,550.00,100 גרם,false,,8.90,0.0162,true,1,61674
7290018359501,false,קוביות סלק פרי מבורך 550 גרם,זנלכל,IL,קוביות סלק פרי מבורך,גרמים,550.00,100 גרם,false,,8.90,0.0162,true,1,58608
7290018359556,false,תירס מהשדה בלי תוספת סוכר יכין 400 גרם,היינץ צפון אמריקה מק,IL,תירס גרעינים מהשדה י,גרמים,400.00,100 גרם,false,,6.50,0.0163,true,1,55929
7290018359686,false,יכין חומוס גדול 550 גר A2,היינץ צפון אמריקה מק,IL,חומוס ענק יכין 550 ג,גרמים,550.00,100 גרם,false,,9.50,0.0173,true,1,59338
7290018394021,false,ח.תקוע פטריות מלך היער,חוות פטריות תקוע,CN,פטריות מלך היער,Unknown,0.00,יחידה,false,,13.90,0.0000,true,1,57003
7290018440230,false,תה צ'אי ורדים 25 שקיקים ויסוצקי,תה ויסוצקי,IL,תה חווית הצ'אי ורדים,Unknown,0.00,יחידה,false,,17.90,0.0000,true,1,61534
7290018440247,false,תה צ'אי שקדים0 25 שקיקים ויסוצקי,תה ויסוצקי,IL,תה חווית הצ'אי שקדים,Unknown,0.00,יחידה,false,,17.90,0.0000,true,1,61532
7290018440254,false,תה צ'אי קרמל מלוח 25 שקיקים ויסוצקי,תה ויסוצקי,IL,תה חווית הצ'אי קרמל,גרמים,50.00,100 גרם,false,,17.90,0.3580,true,1,61533
7290018440629,false,תה ויסוצקי טעם עשיר,ויסוצקי,IL,תה ויסוצקי טעם עשיר,Unknown,0.00,יחידה,false,,19.90,0.0000,true,1,58372
7290018443217,false,חסה עגולה בוסתן,ברכת קטיף,IL,חסה עגולה בוסתן,Unknown,0.00,יחידה,false,,5.90,0.0000,true,1,59323
7290018443293,false,מיקס נבטים תקומה,בוסתן עשבי תיבול,IL,מיקס נבטים יח,Unknown,0.00,יחידה,false,,12.90,0.0000,true,1,58151
7290018443347,false,שמיר ברכת קטיף מצע מנותק ייבול נוכרי,ברכת קטיף,IL,שמיר ברכת קטיף,Unknown,0.00,יחידה,false,,5.90,0.0000,true,1,58812
7290018443354,false,נענע ברכת קטיף מצע מנותק ייבול נוכרי,ברכת קטיף,IL,נענע ברכת קטיף,Unknown,0.00,יחידה,false,,5.90,0.0000,true,1,58813
7290018443446,false,נבטים סיניים (בוסתן,בוסתן עשבי תיבול,IL,נבטים סינים יח,Unknown,0.00,יחידה,false,,5.90,0.0000,true,1,58206
7290018443590,false,שמיר בוסתן רגיל מצע מנותק ייבול נוכרי,ברכת קטיף,IL,שמיר בוסתן,Unknown,0.00,יחידה,false,,4.90,0.0000,true,1,58785
7290018443606,false,נענע בוסתן רגיל מצע מנותק ייבול נוכרי,ברכת קטיף,IL,נענע בוסתן,Unknown,0.00,יחידה,false,,4.90,0.0000,true,1,58786
7290018443620,false,סלרי עלים בוסתן רגיל מצע מנותק ייבול נוכרי,ברכת קטיף,IL,סלרי עלים בוסתן,Unknown,0.00,יחידה,false,,5.90,0.0000,true,1,58802
7290018443644,false,מנגולד בוסתן,ברכת קטיף,IL,מנגולד בוסתן,Unknown,0.00,יחידה,false,,4.90,0.0000,true,1,58804
7290018443651,false,לבבות חסה בוסתן רגיל מצע מנותק ייבול נוכרי,ברכת קטיף,IL,לבבות חסה בוסתן,Unknown,0.00,יחידה,false,,9.90,0.0000,true,1,58805
7290018443705,false,לבבות חסה בנספק ברכת קטיף,,,לבבות חסה קיסר,Unknown,0.00,יחידה,false,,12.90,0.0000,true,1,59112
7290018443859,false,חסה ליטל ג'ים,ברכת קטיף,IL,חסה ליטל ג'ים,Unknown,0.00,יחידה,false,,12.90,0.0000,true,1,60154
7290018443866,false,חסה לליק,ברכת קטיף,IL,חסה לליק,Unknown,0.00,יחידה,false,,12.90,0.0000,true,1,61602
7290018464052,false,יין תניא עברי בלנד 2,יקב תניא,IL,יין תניא עברי בלנד 2,מיליליטרים,750.00,"100 מ""ל",false,,89.90,0.1199,true,1,60572
7290018468302,false,נקניקיה טבעונית בסגנון מרגז טירת צבי 400 ג,טירת צבי - מדף,IL,נקניקיות צמחוניות בס,גרמים,400.00,100 גרם,false,,32.90,0.0822,true,1,63163
7290018468326,false,נקניקיה טבעונית בסגנון אמריקאי טירת צבי 400 גרם,טיב טירת צבי 2000,IL,נקניקיות צמחוניות בס,גרמים,400.00,100 גרם,false,,32.90,0.0822,true,1,63162
7290018471029,false,"סודה בטעם לימון - מארז 6 בקבוקים 500 מ""ל",יפאורה תבורי בעמ,IL,מארז שוופס סודה לימו,קילוגרמים,3.00,ליטר,false,,13.90,4.6333,true,1,53811
7290018471180,false,משקה פרוט& ווג' אננס תפוח גזר 1 ליטר,פרוט אנד וג' Fruit & Veg,IL,פרוט אנד ווג' אננס ת,קילוגרמים,1.00,ליטר,false,,12.90,12.9000,true,1,56418
7290018471197,false,פרוט & ווג' תפוח בננה מלון נענע 1 ליטר,פרוט אנד וג' Fruit & Veg,IL,פרוט אנד ווג' תפוח ב,קילוגרמים,1.00,ליטר,false,,12.90,12.9000,true,1,56417
7290018471210,false,קרטונית נקטר ספרינג תפוח סברס 1 ליטר,"יפאורה תבורי בע""\מ",IL,נקטר ספרינג אגס תפוח,קילוגרמים,1.00,ליטר,false,,6.50,6.5000,true,1,56416
7290018471395,false,משקה פרוט& ווג' תפוח רימון ג'ינג'ר 1 ליטר,פרוט אנד וג' Fruit & Veg,IL,פרוט אנד ווג' תפוח ר,קילוגרמים,1.00,ליטר,false,,12.90,12.9000,true,1,56456
7290018471401,false,משקה פרוט& ווג' אננס בננה כורכום 1 ליטר,פרוט אנד וג' Fruit & Veg,IL,פרוט אנד ווג' אננס ב,קילוגרמים,1.00,ליטר,false,,12.90,12.9000,true,1,56419
7290018471449,false,קרטונית ספרינג שייק בננה תמר תפוז 1 ליטר,"יפאורה תבורי בע""\מ",IL,ספרינג שייק בננה תמר,קילוגרמים,1.00,ליטר,false,,11.90,11.9000,true,1,57705
7290018471463,false,תפוזינה נקטר תפוז מנגו קרטונית 1 ליטר,"יפאורה תבורי בע""\מ",IL,נקטר תפוזינה ENJOY,קילוגרמים,1.00,ליטר,false,,6.50,6.5000,true,1,56768
7290018471470,false,תפוזינה נקטר תפוז פסיפלורה קרטונית 1 ליטר,"יפאורה תבורי בע""\מ",IL,נקטר תפוזינה ENJOY,קילוגרמים,1.00,ליטר,false,,6.50,6.5000,true,1,56769
7290018471487,false,תפוזינה נקטר תפוז אננס קרטונית 1 ליטר,"יפאורה תבורי בע""\מ",IL,נקטר תפוזינה ENJOY,קילוגרמים,1.00,ליטר,false,,6.50,6.5000,true,1,56770
7290018471494,false,תפוזינה משקה תפוז גזר קרטונית 1 ליטר,"יפאורה תבורי בע""\מ",IL,נקטר תפוזינה ENJOY,קילוגרמים,1.00,ליטר,false,,6.50,6.5000,true,1,56771
7290018471548,false,"רביעיית ספרינג ענבים 250 מ""ל","יפאורה תבורי בע""\מ",IL,מארז ספרינג ענבים 4*,קילוגרמים,1.00,ליטר,false,,11.90,11.9000,true,1,56152
7290018471692,false,ספרינג שייק בננה אננס קוקוס פירות יער קרטונית 1 ליטר,"יפאורה תבורי בע""\מ",IL,ספרינג שייק בננה אננ,קילוגרמים,1.00,ליטר,false,,11.90,11.9000,true,1,57707
7290018471906,false,שוופס מוגז פירות לימונדה ורודה 1.5 ליטר פיקדון,"יפאורה תבורי בע""\מ",IL,שוופס לימונדה ורודה,קילוגרמים,1.50,ליטר,false,,8.20,5.4667,true,1,59655
7290018471913,false,משקה מוגז פירות תפוחים שוופס 1.5 ליטר,"יפאורה תבורי בע""\מ",IL,שוופס תפוח מוגז 1.5,קילוגרמים,1.50,ליטר,false,,8.20,5.4667,true,1,59656
7290018471920,false,שוופס מוגז פירות ענבים 1.5 ליטר פיקדון,"יפאורה תבורי בע""\מ",IL,שוופס ענבים מוגז 1.5,קילוגרמים,1.50,ליטר,false,,8.20,5.4667,true,1,59657
7290018471937,false,שוופס מוגז פירות תות ליים 1.5 ליטר פיקדון,"יפאורה תבורי בע""\מ",IL,שוופס פירות תות ליים,קילוגרמים,1.50,ליטר,false,,8.20,5.4667,true,1,59658
7290018471944,false,שוופס מוגז פירות לימונייד 1.5 ליטר פיקדון,"יפאורה תבורי בע""\מ",IL,שוופס למונייד מוגז 1,קילוגרמים,1.50,ליטר,false,,8.20,5.4667,true,1,59659
7290018471951,false,שוופס מוגז פירות אשכולית אדומה 1.5 ליטר פיקדון,"יפאורה תבורי בע""\מ",IL,שוופס אשכולית אדומה,קילוגרמים,1.50,ליטר,false,,8.20,5.4667,true,1,59660
7290018500231,false,לחם פרוס וויקאנד אנג'ל 750 גרם,מאפיית אנג'ל,IL,לחם פינוקים וויקאנד,גרמים,750.00,100 גרם,false,,12.90,0.0172,true,1,63288
7290018500361,false,"לחם שחור פרוס 900 גרם ""אנג'ל"" -מוצר בפיקוח",מאפיית שלמה א. אנג'\ל בע,IL,לחם אחיד פרוס אנגל 9,גרמים,900.00,100 גרם,false,,8.30,0.0092,true,1,63051
7290018500385,false,"חלה רגילה 650 גרם ""אנגל""-מוצר בפיקוח",מאפיית שלמה א. אנגל,IL,חלה מרובעת אנגל 650,גרמים,650.00,100 גרם,false,,6.50,0.0100,true,1,63100
7290018500392,false,"חלה רגילה 650 גרם ""אנגל""-מוצר בפיקוח",מאפיית שלמה א. אנגל,IL,חלה קלועה אנגל 650 ג,גרמים,650.00,100 גרם,false,,6.50,0.0100,true,1,63101
7290018500477,false,לחם אחיד פרוס אחדות,מאפית אנגל,IL,לחם אחיד פרוס אחדות,גרמים,900.00,100 גרם,false,,7.40,0.0082,true,1,63890
7290018540329,false,שקית פיתה פיתה בלדי 800 ג' אנג'ל,מאפיית שלמה א. אנג'\ל בע,IL,פיתות אנגל בלדי 8 יח,גרמים,800.00,100 גרם,false,,10.90,0.0136,true,1,58572
7290018540817,false,ארטיזנל לחם מחמצת כוסמין אנג'ל 500 גרם,מאפיית אורנים,IL,לחם מחמצת כוסמין אנג,גרמים,500.00,100 גרם,false,,19.90,0.0398,true,1,59807
7290018540824,false,ארטיזנל לחם מחמצת כפרי אנג'ל 500 גרם,מאפיית אורנים,IL,לחם מחמצת כפרי אנגל,גרמים,500.00,100 גרם,false,,18.90,0.0378,true,1,59808
7290018540831,false,ארטיזנל לחם מחמצת חיטה מלאה ודגנים אנג'ל 500 גרם,מאפיית אורנים,IL,לחם מחמצת חיטה מלאה,גרמים,500.00,100 גרם,false,,18.90,0.0378,true,1,59809
7290018556443,false,ארק סאלי לימונענע 75,,IL,ארק סאלי לימונענע 75,מיליליטרים,750.00,"100 מ""ל",false,,29.90,0.0399,true,1,58690
7290018571088,false,"טופי חמוצמוץ 600 גרם ""מיה""",מיה תעשיות מזון בעמ,TR,טופי חמוצמוץ מיה 600,גרמים,600.00,100 גרם,false,,15.90,0.0265,true,1,55775
7290018571163,false,ציפוי לשניצל עשבי תי,מיה תעשיות מזון בעמ,IL,ציפוי לשניצל עשבי תי,גרמים,600.00,100 גרם,false,,9.90,0.0165,true,1,56383
7290018571170,false,ציפוי לשניצל שום מיה,מיה תעשיות מזון בעמ,IL,ציפוי לשניצל שום מיה,גרמים,600.00,100 גרם,false,,9.90,0.0165,true,1,56384
7290018571187,false,ציפוי לשניצל פיקנטי,מיה תעשיות מזון בעמ,IL,ציפוי לשניצל פיקנטי,גרמים,600.00,100 גרם,false,,9.90,0.0165,true,1,56382
7290018571194,false,ציפוי לשניצל בתיבול,מיה תעשיות מזון בעמ,IL,ציפוי לשניצל בתיבול,גרמים,600.00,100 גרם,false,,9.90,0.0165,true,1,56385
7290018571200,false,פירורי לחם מוזהב מיה,מיה תעשיות מזון בעמ,IL,פירורי לחם מוזהב מיה,גרמים,700.00,100 גרם,false,,7.90,0.0113,true,1,58722
7290018571293,false,קשיו קלוי 200 גרם בנאספק,מיה תעשיות מזון בעמ,IL,קשיו קלוי מיה 200 ג',גרמים,200.00,100 גרם,false,,17.90,0.0895,true,1,55363
7290018571439,false,אורז מלא אינדירה 1.4,מיה תעשיות מזון בעמ,IL,אורז מלא אינדירה 1.4,פריט,1.40,"ק""ג",false,,9.90,7.0714,true,1,60499
7290018571446,false,אורז ריזוטו אינדירה,מיה תעשיות מזון בעמ,IL,אורז ריזוטו אינדירה,פריט,1.40,"ק""ג",false,,9.90,7.0714,true,1,60500
7290018571460,false,קורנפלור מיה 800 גרם,מיה תעשיות מזון בעמ,IL,קורנפלור מיה 800 גרם,גרמים,800.00,100 גרם,false,,5.90,0.0074,true,1,58304
7290018571477,false,נטיפים לאפייה מיה 75,מיה תעשיות מזון בעמ,IL,נטיפים לאפייה מיה 75,גרמים,750.00,100 גרם,false,,14.90,0.0199,true,1,58932
7290018571491,false,ריבת חלב אמיתי אמיתית בצנצנת 340 גרם,מיה תעשיות מזון בעמ,IL,ריבת חלב אמיתי מיה 3,גרמים,340.00,100 גרם,false,,12.90,0.0379,true,1,61688
7290018571552,false,סוכריות ג'לי ללא סוכר עם חומצות שומן אומגה 3 למבוגרים,מיה תעשיות מזון בעמ,IL,ס. ג'לי ללא סוכר או,גרמים,210.00,100 גרם,false,,39.90,0.1900,true,1,64116
7290018571576,false,סילאן טבעי לחיץ מיה,אל ברקן דאטס,AE,סילאן טבעי לחיץ מיה,פריט,1.15,"ק""ג",false,,24.90,21.6522,true,1,59403
7290018571606,false,תערובת תבלינים ראס אל חנות 70 גרם מיה,מיה תעשיות מזון בעמ,IL,ראס אל חנות מיה 70 ג,גרמים,70.00,100 גרם,false,,7.90,0.1129,true,1,61983
7290018571613,false,סוכריות אומגה 3 מבוגרים אצבעות מיה פלוס 210 גרם ללס,מיה תעשיות מזון בעמ,IL,דגי ג'לי אומגה 3 בט,גרמים,240.00,100 גרם,false,,39.90,0.1662,true,1,64117
7290018571620,false,סוכריות מולטי ויטמין נשים מבוגרים גבעות מיה פלוס 240 גרם,מיה תעשיות מזון בעמ,IL,ס. ג'לי מולטי ויטמין,גרמים,240.00,100 גרם,false,,39.90,0.1662,true,1,64118
7290018571651,false,סוכריות קולגן מבוגרים אצבעות רחבות 210גרם,מיה תעשיות מזון בעמ,IL,ס. ג'לי בשילוב קולגן,גרמים,210.00,100 גרם,false,,39.90,0.1900,true,1,64126
7290018571699,false,"קמח שקדים 250 גרם כשל""פ עד""ח",מיה תעשיות מזון בעמ,IL,קמח שקדים מיה 250 גר,גרמים,250.00,100 גרם,false,,22.90,0.0916,true,1,61690
7290018571767,false,חומץ בלסמי 500 מ''ל מיה,מיה תעשיות מזון בעמ,IL,חומץ בלסמי מיה 500 מ,מיליליטרים,500.00,"100 מ""ל",false,,17.90,0.0358,true,1,61691
7290018571798,false,סוכריות ג'לי שמחות 2 צבעים מיה 540 גרם,מיה תעשיות מזון בעמ,IL,סוכריות גלי שמחות 2,גרמים,540.00,100 גרם,false,,18.50,0.0343,true,1,63556
7290018652039,false,לה קרמריה קרמל מלוח ונוגט בדצ 6*1.4 ליטר,גלידות נסטלה )נגה גלידות,IL,גלידה לה קרמריה מלוח,קילוגרמים,1.40,ליטר,false,,17.50,12.5000,true,1,56990
7290018652657,false,פרוייקט סער-מאגת לייט מנגו נסטלה 6*52 גרם,גלידות נסטלה,IL,שלגוני לייט נסטלה מנ,גרמים,312.00,100 גרם,false,,22.90,0.0734,true,1,63059
7290018652671,false,"לה קרמריה שוקולד וניל 1.4 ליטר [תו אי""ל]",גלידות נסטלה,IL,גלידה לה קרמריה בטעמ,קילוגרמים,1.40,ליטר,false,,17.50,12.5000,true,1,62897
7290018652886,false,שלגונים בשומן צמחי בטעמי שוקו ובננה מצופים צימקאו,גלידות נסטלה,IL,שלגוני נסטלה שוקו בנ,גרמים,440.00,100 גרם,false,,22.90,0.0520,true,1,63060
7290018795071,false,יין אגלי טל קברנה ס,שאטו מר,IL,יין אגלי טל קברנה ס,מיליליטרים,750.00,"100 מ""ל",false,,129.90,0.1732,true,1,57256
7290018795095,false,יין אגלי טל בלנד 201,שאטו מר,IL,יין אגלי טל בלנד 201,מיליליטרים,750.00,"100 מ""ל",false,,89.90,0.1199,true,1,57257
7290018795385,false,חסה לליק מהדרין קמעונאי,"מרינה פטריות הגליל בע""מ",IL,חסה לליק,Unknown,0.00,יחידה,false,,12.90,0.0000,true,1,60251
7290018795835,false,לקט עלים לסלט מרינה,מרינה,IL,לקט עלים לסלט מרינה,גרמים,150.00,100 גרם,false,,11.90,0.0793,true,1,63251
7290018795842,false,שיני שום קלופות 500ג מרינה,מרינה,IL,שום קלוף מרינה 500 ג,גרמים,500.00,100 גרם,false,,16.90,0.0338,true,1,63238
7290018810071,false,יין בראשית רוזה 2021,יקב בראשית,IL,יין בראשית רוזה 2021,מיליליטרים,750.00,"100 מ""ל",false,,69.90,0.0932,true,1,64587
7290018860717,false,אטריות אורז 454גר ללא גלוטן,סא ג'אנג אוספורט,VN,מקלוני אורז דקות ללא,גרמים,454.00,100 גרם,false,,9.90,0.0218,true,1,60494
7290018878002,false,אגו מיקס קרקר מצופה שוקולד חלב כרמית 55 גרם,"כרמית תעשיות ממתקים בע""\",IL,אגו מיקס קרקר מצופה,גרמים,55.00,100 גרם,false,,3.90,0.0709,true,1,63694
7290018878088,false,שלשות שוקולד ללס מריר ב.יוסף 85ג*3*18בקרט,"כרמית תעשיות ממתקים בע""\",IL,"שוקולד אגו מריר ללת""",גרמים,255.00,100 גרם,false,,14.90,0.0584,true,1,62934
7290018878095,false,שלישיית שוקולד חלב ללא סוכר 85 גרם,"כרמית תעשיות ממתקים בע""\",IL,"שוקולד אגו חלב ללת""ס",גרמים,255.00,100 גרם,false,,14.90,0.0584,true,1,62935
7290018878798,false,מטבעות שוקולד חלב צבעוני 36 גרם כרמית,כרמית,IL,מטבעות שוקולד חלב צב,גרמים,36.00,100 גרם,false,,3.90,0.1083,true,1,64865
7290018879825,false,מטבעות שוקולד לבן 36 גרם כרמית,כרמית,IL,מטבעות שוקולד לבן כר,גרמים,36.00,100 גרם,false,,3.90,0.1083,true,1,64866
7290018886304,false,פת דגנים סגנון שוודי,סונקו,PL,פת דגנים בסגנון שווד,גרמים,340.00,100 גרם,false,,9.90,0.0291,true,1,63246
7290018886328,false,פת דגנים שיפון מאפים,סונקו,PL,פת דגנים שיפון מאפים,גרמים,340.00,100 גרם,false,,9.90,0.0291,true,1,63247
7290018886991,false,שמן קנולה מזוכך 1לי- בית יוסף,סקנולה,EE,שמן קנולה אלומות 1 ל,קילוגרמים,1.00,ליטר,false,,8.90,8.9000,true,1,61972
7290018893005,false,"חטיפי בייגלה אפוי בטעם חרדל ודבש, 160 גרם",צ'וקטה Chocketa,RO,חטיף בייגלה אפוי בטע,גרמים,160.00,100 גרם,false,,6.50,0.0406,true,1,63712
7290018893036,false,צ'וקטה ביסקוויט בטעם שוקוטלד במילוי קרם בטעם וניל 176 גרם,צ'וקטה Chocketa,ES,עוגיות סנדוויץ' בטעם,גרמים,176.00,100 גרם,false,,4.90,0.0278,true,1,63714
7290018893265,false,צ'וקטה עוגות אישיות במילוי קרם עם קקאו 240 גר',פרדי קונדיטוריה אס פ,IT,מארז עוגה אישית מריר,גרמים,240.00,100 גרם,false,,7.90,0.0329,true,1,58588
7290018893326,false,ממרח אגוזי לוז צ'וקט,נאטרא,BE,ממרח אגוזי לוז צ'וקט,גרמים,900.00,100 גרם,false,,19.90,0.0221,true,1,61199
7290018893333,false,צ'וקטה קרקרים במליחות מעודנת 500 גרם,סטרופוופל,PT,קרקרים במליחות מעודנ,גרמים,500.00,100 גרם,false,,9.90,0.0198,true,1,64015
7290018893401,false,שוקולד מריר פרימיום 70% 100 גרם צ'וקטה איגוד רבנים,צ'וקטה Chocketa,ES,שוקולד צ'וקטה מריר 7,גרמים,100.00,100 גרם,false,,6.90,0.0690,true,1,61541
7290018893531,false,קרקרים מלוחים צ'וקטה,סטרופוופל,PT,קרקרים מלוחים סלטי צ,גרמים,500.00,100 גרם,false,,9.90,0.0198,true,1,64016
7290018893616,false,שישיית שוקולד מריר 48% צ'וקטה 100 גרם,איברקקאו,ES,שוקולד צ'וקטה מריר 4,גרמים,600.00,100 גרם,false,,19.90,0.0332,true,1,64672
7290018893654,false,חטיפי בייגלה דקיקים ופריכים מלח צ'וקטה 200 ג',צ'וקטה Chocketa,RO,חטיף בייגלה אפוי בתו,גרמים,200.00,100 גרם,false,,6.50,0.0325,true,1,63713
7290018893746,false,צ'וקטה בייגלה עגבניות ועשבי תיבול 180 גרם,SC ALKA TRADING CO S,RO,חטיף בייגלה אפוי בטע,גרמים,180.00,100 גרם,false,,6.50,0.0361,true,1,63715
7290018893852,false,חטיפי בייגלה דקיקים ופריכים שומשום צ'וקטה 200 ג',צ'וקטה Chocketa,RO,חטיף בייגלה אפוי בתו,גרמים,200.00,100 גרם,false,,6.50,0.0325,true,1,63716
7290018893876,false,עוגות אישיות רכות עם מילוי קרם בטעם וניל,פרדי קונדיטוריה אס.פ,IT,מארז עוגה אישית וניל,גרמים,200.00,100 גרם,false,,7.90,0.0395,true,1,58589
7290018904404,false,שערות קדאיף מזאווי 4,"ממתקי מזוואי בע""מ",IL,שערות קדאיף מזאווי 4,גרמים,450.00,100 גרם,false,,13.90,0.0309,true,1,64843
7290018925065,false,מיץ פרימור תפוזים סחוט 2 ליטר-,"גניר (1992) בע""מ",IL,מיץ תפוזים פרימור 2,קילוגרמים,2.00,ליטר,false,,23.90,11.9500,true,1,59465
7290018928103,false,חלה לשבת ללא גלוטן 500 ג,גידרון תעשיות,IL,חלה ל.גלוטן קמח הארץ,גרמים,500.00,100 גרם,false,,22.90,0.0458,true,1,62457
7290018928110,false,3 לחמניות חלה ללא גלוטן,גידרון תעשיות,IL,לחמניות חלה ל.גלוטן,גרמים,390.00,100 גרם,false,,22.90,0.0587,true,1,62458
7290018928202,false,תערובת איטלקית לאפיי,DFS,IT,תערובת איטלקית לאפיי,גרמים,500.00,100 גרם,false,,14.90,0.0298,true,1,65123
7290018978245,false,דגני בוקר קראנץ נוגט686ג,"נטורל קייקס בע""מ",IL,דגני בוקר קראנץ בטעם,גרמים,686.00,100 גרם,false,,19.90,0.0290,true,1,64678
7290018978269,false,דגני בוקר קראנץ קרם וניל,"נטורל קייקס בע""מ",IL,דגני בוקר קראנץ בטעם,גרמים,686.00,100 גרם,false,,19.90,0.0290,true,1,64679
7290018978276,false,דגני בוקר קראנץ קרמל686ג,"נטורל קייקס בע""מ",IL,דגני בוקר קראנץ בטעם,גרמים,686.00,100 גרם,false,,19.90,0.0290,true,1,64676
7290018989074,false,חומוס ארבעס במלח ופלפל פרי מבורך 550 גרם,זנלכל,IL,חומוס במלח ופלפל ארב,גרמים,550.00,100 גרם,false,,9.90,0.0180,true,1,60063
7290018989098,false,פיקנטס חומוס ברוטב פיקנטיס פרי מבורך 550 גרם,זנלכל,IL,חומוס ברוטב פיקנטי פ,גרמים,550.00,100 גרם,false,,9.90,0.0180,true,1,60064
7290018989128,false,סירופ בטעם ענבים יכין 1 ליטר,"זנלכל בע""\מ",IL,סירופ יכין בטעם ענבי,קילוגרמים,1.00,ליטר,false,,18.90,18.9000,true,1,62732
7290018989135,false,סירופ בטעם פטל יכין 1 ליטר,"זנלכל בע""\מ",IL,סירופ יכין בטעם פטל,קילוגרמים,1.00,ליטר,false,,18.90,18.9000,true,1,62733
7290019031727,false,מטליות לחות לניקוי כ,וינדה פרופשיונל,IL,מטליות לחות לניקוי כ,Unknown,0.00,יחידה,false,,19.90,0.0000,true,1,64950
7290019035053,false,מלון ירוק קוביות קפוא 500 ג' פילד גוד,דה נייל אג'יפטיאן פו,EG,מלון ירוק קפוא פילד,גרמים,500.00,100 גרם,false,,11.90,0.0238,true,1,58715
7290019035060,false,חצאי משמש קפוא פילד,דה נייל אג'יפטיאן פו,PL,חצאי משמש קפוא פילד,גרמים,500.00,100 גרם,false,,11.90,0.0238,true,1,58699
7290019035091,false,רימון קפוא פילד גוד,דה נייל אג'יפטיאן פו,EG,רימון קפוא פילד גוד,גרמים,500.00,100 גרם,false,,6.90,0.0138,true,1,58880
7290019056027,false,שוופס מוגז פירות תפוחים ללא סוכר 1.5 ליטר פיקדון,"יפאורה תבורי בע""\מ",IL,שוופס תפוח ללא סוכר,קילוגרמים,1.50,ליטר,false,,8.20,5.4667,true,1,59664
7290019056034,false,שוופס מוגז פירות אננס ללא סוכר 1.5 ליטר פיקדון,"יפאורה תבורי בע""מ",IL,שוופס אננס ללא סוכר,קילוגרמים,1.50,ליטר,false,,8.20,5.4667,true,1,59665
7290019056041,false,שוופס מוגז פירות לימונייד ללא סוכר 1.5 ליטר פיקדון,"יפאורה תבורי בע""מ",IL,שוופס פירות לימונייד,קילוגרמים,1.50,ליטר,false,,8.20,5.4667,true,1,59666
7290019056058,false,שוופס מוגז עדין תפוח ליים 1.5 ליטר פיקדון,"יפאורה תבורי בע""\מ",IL,שוופס מוגז עדין תפוח,קילוגרמים,1.50,ליטר,false,,8.50,5.6667,true,1,59643
7290019056065,false,שוופס מוגז עדין פירות יער 1.5 ליטר פיקדון,"יפאורה תבורי בע""\מ",IL,שוופס מוגז עדין פירו,קילוגרמים,1.50,ליטר,false,,8.50,5.6667,true,1,59644
7290019056072,false,שוופס מוגז עדין אננס 1.5 ליטר פיקדון,"יפאורה תבורי בע""מ",IL,שוופס מוגז עדין אננס,קילוגרמים,1.50,ליטר,false,,8.50,5.6667,true,1,59645
7290019056089,false,שוופס מוגז עדין ענבי ריזלינג 1.5 ליטר פיקדון,"יפאורה תבורי בע""\מ",IL,שוופס מוגז עדין ריזל,קילוגרמים,1.50,ליטר,false,,8.50,5.6667,true,1,59646
7290019056096,false,שוופס מוגז עדין אפרסק 1.5 ליטר פיקדון,"יפאורה תבורי בע""\מ",IL,שוופס מוגז עדין אפרס,קילוגרמים,1.50,ליטר,false,,8.50,5.6667,true,1,59647
7290019056119,false,שוופס סודה 1.5 ליטר פיקדון,"יפאורה תבורי בע""\מ",IL,שוופס מי סודה 1.5 לי,קילוגרמים,1.50,ליטר,false,,2.90,1.9333,true,1,59958
7290019056164,false,שוופס סודה 1.5 ליטר רביעייה פיקדון,"יפאורה תבורי בע""\מ",IL,מארז שוופס סודה 4* 1,קילוגרמים,6.00,ליטר,false,,7.90,1.3167,true,1,59638
7290019056171,false,שוופס סודה לימון 1.5 ליטר רביעייה פיקדון,"יפאורה תבורי בע""\מ",IL,מארז שוופס סודה לימו,קילוגרמים,6.00,ליטר,false,,7.90,1.3167,true,1,59639
7290019056188,false,שוופס סודה נענע ליים 1.5 ליטר רביעייה פיקדון,"יפאורה תבורי בע""\מ",IL,מארז שוופס סודה נענע,קילוגרמים,6.00,ליטר,false,,7.90,1.3167,true,1,59640
7290019056201,false,שוופס סודה פירות יער 1.5 ליטר רביעייה פיקדון,"יפאורה תבורי בע""\מ",IL,מארז שוופס סודה פירו,קילוגרמים,6.00,ליטר,false,,7.90,1.3167,true,1,59642
7290019056232,false,משקה מוגז בטעם ליים מוחיטו 1.5 ל' שוופס,"יפאורה תבורי בע""\מ",IL,שוופס מוחיטו ליים נע,קילוגרמים,1.50,ליטר,false,,8.90,5.9333,true,1,59648
7290019056249,false,שוופס מים בטעמים ענבים 1.5 ליטר פיקדון,"יפאורה תבורי בע""מ",IL,שוופס מים בטעם ענבים,קילוגרמים,1.50,ליטר,false,,7.80,5.2000,true,1,59633
7290019056256,false,שוופס מים בטעמים תפוחים 1.5 ליטר פיקדון,"יפאורה תבורי בע""מ",IL,שוופס מים בטעם תפוח,קילוגרמים,1.50,ליטר,false,,7.80,5.2000,true,1,59634
7290019056263,false,שוופס מים בטעמים אפרסק 1.5 ליטר פיקדון,"יפאורה תבורי בע""מ",IL,שוופס מים בטעם אפרסק,קילוגרמים,1.50,ליטר,false,,7.80,5.2000,true,1,59635
7290019056270,false,שוופס מים בטעמים פירות יער 1.5 ליטר פיקדון,"יפאורה תבורי בע""\מ",IL,שוופס מים בטעם פירות,קילוגרמים,1.50,ליטר,false,,7.80,5.2000,true,1,59636
7290019056300,false,משקה בטעם ביטר לימון 1.5 ל' שוויפס,"יפאורה תבורי בע""\מ",IL,שוופס ביטר 1.5 ליטר,קילוגרמים,1.50,ליטר,false,,11.90,7.9333,true,1,59667
7290019056317,false,שוופס ראשן 1.5 ליטר פיקדון,"יפאורה תבורי בע""\מ",IL,שוופס ראשן 1.5 ליטר,קילוגרמים,1.50,ליטר,false,,11.90,7.9333,true,1,59668
7290019056324,false,שוופס טוניק 1.5 ליטר פיקדון,"יפאורה תבורי בע""\מ",IL,שוופס טוניק 1.5 ליטר,קילוגרמים,1.50,ליטר,false,,11.90,7.9333,true,1,59669
7290019056331,false,שוופס טוניק ללא סוכר 1.5 ליטר פיקדון,"יפאורה תבורי בע""מ",IL,שוופס טוניק ללא סוכר,קילוגרמים,1.50,ליטר,false,,11.90,7.9333,true,1,59670
7290019056355,false,תפוזינה לימונדה MIX לימונענע 1.5 ליטר,"יפאורה תבורי בע""\מ",IL,תפוזינה לימונענע 1.5,קילוגרמים,1.50,ליטר,false,,7.90,5.2667,true,1,59615
7290019056362,false,תפוזינה ענבים 1.5 ליטר פיקדון,"יפאורה תבורי בע""\מ",IL,תפוזינה ענבים 1.5 לי,קילוגרמים,1.50,ליטר,false,,7.90,5.2667,true,1,59616
7290019056379,false,תפוזינה תפוזים 1.5 ליטר פיקדון,"יפאורה תבורי בע""\מ",IL,תפוזינה תפוזים 1.5 ל,קילוגרמים,1.50,ליטר,false,,7.90,5.2667,true,1,59617
7290019056386,false,פתוזינה אשכולית 1.5 ליטר פיקדון,"יפאורה תבורי בע""\מ",IL,תפוזינה אשכוליות 1.5,קילוגרמים,1.50,ליטר,false,,7.90,5.2667,true,1,59618
7290019056393,false,תפוזינה תות בננה 1.5 ליטר פיקדון,"יפאורה תבורי בע""\מ",IL,תפוזינה תות בננה 1.5,קילוגרמים,1.50,ליטר,false,,7.90,5.2667,true,1,59619
7290019056409,false,תפוזינה מנגו 1.5 ליטר פיקדון,"יפאורה תבורי בע""\מ",IL,תפוזינה מנגו 1.5 ליט,קילוגרמים,1.50,ליטר,false,,7.90,5.2667,true,1,59620
7290019056416,false,מיץ בטעם לימונדה ורודה 1.5 ל' תפוזינה,"יפאורה תבורי בע""\מ",IL,תפוזינה לימונדה ורוד,קילוגרמים,1.50,ליטר,false,,7.90,5.2667,true,1,59621
7290019056423,false,מיץ בטעם תפוח רענן 1.5ל' תפוזינה,"יפאורה תבורי בע""\מ",IL,תפוזינה תפוחים 1.5 ל,קילוגרמים,1.50,ליטר,false,,7.90,5.2667,true,1,59622
7290019056430,false,תפוזינה תפוזים לייט 1.5 ליטר פיקדון,"יפאורה תבורי בע""\מ",IL,תפוזינה תפוזים לייט,קילוגרמים,1.50,ליטר,false,,7.90,5.2667,true,1,59623
7290019056454,false,משקה מוגז בטעם קולה 1.5 ל' אר סי,"יפאורה תבורי בע""\מ",IL,אר.סי קולה 1.5 ליטר,קילוגרמים,1.50,ליטר,false,,7.20,4.8000,true,1,59960
7290019056461,false,מארז משקה בטעם קולה שישייה * 1.5 ל' אר.סי,"יפאורה תבורי בע""\מ",IL,מארז אר.סי קולה 6 *1,קילוגרמים,9.00,ליטר,false,,37.90,4.2111,true,1,59680
7290019056478,false,ספרינג טי קר אפרסק 1.5ליטר פיקדון,"יפאורה תבורי בע""\מ",IL,ספרינג תה אפרסק 1.5,קילוגרמים,1.50,ליטר,false,,7.20,4.8000,true,1,59625
7290019056485,false,ספריג תה ירוק לימון לואיזה 1.5 ליטר פיקדון,"יפאורה תבורי בע""\מ",IL,ספרינג תה ירוק לימון,קילוגרמים,1.50,ליטר,false,,7.20,4.8000,true,1,59626
7290019056492,false,ספרינג תה מנגו אפרסק 1.5 ליטר פיקדון,"יפאורה תבורי בע""\מ",IL,ספרינג תה מנגו אפרסק,קילוגרמים,1.50,ליטר,false,,7.20,4.8000,true,1,59627
7290019056508,false,פרוט ווטר ענבים 1.5 ליטר פיקדון,"יפאורה תבורי בע""\מ",IL,פרוט ווטר בטעם ענבים,קילוגרמים,1.50,ליטר,false,,8.90,5.9333,true,1,59628
7290019056515,false,פרוט ווטר אננס 1.5 ליטר פיקדון,"יפאורה תבורי בע""\מ",IL,פרוט ווטר בטעם אננס,קילוגרמים,1.50,ליטר,false,,8.90,5.9333,true,1,59629
7290019056522,false,פרוט ווטר תות 1.5 ליטר פיקדון,"יפאורה תבורי בע""\מ",IL,פרוט ווטר בטעם תות 1,קילוגרמים,1.50,ליטר,false,,8.90,5.9333,true,1,59631
7290019056539,false,פרוט ווטר אפרסק 1.5 ליטר פיקדון,"יפאורה תבורי בע""\מ",IL,פרוט ווטר בטעם אפרסק,קילוגרמים,1.50,ליטר,false,,8.90,5.9333,true,1,59632
7290019056546,false,פרוט ווטר אבטיח 1.5 ליטר פיקדון,"יפאורה תבורי בע""\מ",IL,פרוט ווטר בטעם אבטיח,קילוגרמים,1.50,ליטר,false,,8.90,5.9333,true,1,59812
7290019056553,false,שישיית מים מינרלים עין גדי 2 ליטר,עין גדי מים מינרליים,IL,מים עין גדי 6*2 ליטר,קילוגרמים,12.00,ליטר,false,,12.90,1.0750,true,1,59683
7290019056577,false,משקה קל מנגו ספרינג 1.5 ליטר,"יפאורה תבורי בע""\מ",IL,ספרינג מנגו 1.5 ליטר,קילוגרמים,1.50,ליטר,false,,7.90,5.2667,true,1,59591
7290019056584,false,משקה קל תפוזים ספרינג 1.5 ליטר,"יפאורה תבורי בע""\מ",IL,ספרינג תפוזים 1.5 לי,קילוגרמים,1.50,ליטר,false,,7.90,5.2667,true,1,59601
7290019056591,false,משקה קל ענבים ספרינג 1.5 ליטר,"יפאורה תבורי בע""\מ",IL,ספרינג ענבים 1.5 ליט,קילוגרמים,1.50,ליטר,false,,7.90,5.2667,true,1,59602
7290019056607,false,משקה קל תפוחים ספרינג 1.5 ליטר,"יפאורה תבורי בע""\מ",IL,ספרינג מיץ תפוחים 1.,קילוגרמים,1.50,ליטר,false,,7.90,5.2667,true,1,59603
7290019056614,false,משקה קל אפרסק ספרינג 1.5 ליטר,"יפאורה תבורי בע""\מ",IL,ספרינג אפרסק 1.5 ליט,קילוגרמים,1.50,ליטר,false,,7.90,5.2667,true,1,59604
7290019056621,false,משקה קל פירות טרופיים ספרינג 1.5 ליטר,"יפאורה תבורי בע""\מ",IL,ספרינג פירות טרופיים,קילוגרמים,1.50,ליטר,false,,7.90,5.2667,true,1,59605
7290019056638,false,משקה קל תות בננה ספרינג 1.5 ליטר,"יפאורה תבורי בע""\מ",IL,ספרינג תות-בננה 1.5,קילוגרמים,1.50,ליטר,false,,7.90,5.2667,true,1,59606
7290019056645,false,משקה קל אגס תפוח סברס ספרינג 1.5 ליטר,"יפאורה תבורי בע""\מ",IL,ספרינג אגס סברס תפוח,קילוגרמים,1.50,ליטר,false,,7.90,5.2667,true,1,59607
7290019056652,false,משקה קל אננס בננה ספרינג 1.5 ליטר,"יפאורה תבורי בע""\מ",IL,ספרינג אננס בננה 1.5,קילוגרמים,1.50,ליטר,false,,7.90,5.2667,true,1,59608
7290019056669,false,משקה קל תפוחים דיאט ספרינג 1.5 ליטר,"יפאורה תבורי בע""\מ",IL,ספרינג תפוחים לייט 1,קילוגרמים,1.50,ליטר,false,,7.90,5.2667,true,1,59609
7290019056676,false,משקה קל אשכולית אננס דיאט ספרינג 1.5 ליטר,"יפאורה תבורי בע""\מ",IL,ספרינג אשכוליות אננס,קילוגרמים,1.50,ליטר,false,,7.90,5.2667,true,1,59611
7290019056720,false,קריסטל מיץ ענבים 2 ליטר פיקדון,"יפאורה תבורי בע""\מ",IL,קריסטל ענבים 2 ליטר,קילוגרמים,2.00,ליטר,false,,6.90,3.4500,true,1,59671
7290019056737,false,קריסטל מיץ אשכוליטרות 2 ליטר,"יפאורה תבורי בע""\מ",IL,קריסטל אשכוליות 2 לי,קילוגרמים,2.00,ליטר,false,,6.90,3.4500,true,1,59672
7290019056744,false,קריסטל מיץ תפוזים 2 ליטר פיקדון,"יפאורה תבורי בע""\מ",IL,קריסטל תפוזים 2 ליטר,קילוגרמים,2.00,ליטר,false,,6.90,3.4500,true,1,59673
7290019056751,false,קריסטל מיץ אשכוליות דיאט 2 ליטר פיקדון,"יפאורה תבורי בע""\מ",IL,קריסטל אשכוליות דיאט,קילוגרמים,2.00,ליטר,false,,6.90,3.4500,true,1,59674
7290019056768,false,קריסטל מיץ מנגו 2 ליטר פיקדון,"יפאורה תבורי בע""\מ",IL,קריסטל מנגו 2 ליטר,קילוגרמים,2.00,ליטר,false,,6.90,3.4500,true,1,59675
7290019056775,false,קריסטל מוגז ענבים 2 ליטר פיקדון,"יפאורה תבורי בע""\מ",IL,קריסטל ענבים מוגז 2,קילוגרמים,2.00,ליטר,false,,6.90,3.4500,true,1,59676
7290019056782,false,משקה מוגז בטעם לימון ליים 2 ל' קריסטל,"יפאורה תבורי בע""\מ",IL,קריסטל למון ליים 2 ל,קילוגרמים,2.00,ליטר,false,,6.90,3.4500,true,1,59677
7290019056799,false,קריסטל מוגז אקזוטי 2 ליטר פיקדון,"יפאורה תבורי בע""\מ",IL,קריסטל אקזוטי מוגז 2,קילוגרמים,2.00,ליטר,false,,6.90,3.4500,true,1,59678
7290019056805,false,קריסטל מוגז תפוחים 2 ליטר פיקדון,"יפאורה תבורי בע""\מ",IL,קריסטל תפוע מוגז 2 ל,קילוגרמים,2.00,ליטר,false,,6.90,3.4500,true,1,59679
7290019056812,false,קריסטל מוגז מנטה 2 ליטר פיקדון,"יפאורה תבורי בע""\מ",IL,קריסטל מנטה 2 ליטר,קילוגרמים,2.00,ליטר,false,,6.90,3.4500,true,1,59681
7290019056836,false,קריסטל מוגז תות 2 ליטר פיקדון,"יפאורה תבורי בע""\מ",IL,קריסטל תות מוגז 2 לי,קילוגרמים,2.00,ליטר,false,,6.90,3.4500,true,1,59682
7290019056850,false,ספרינג תה אפרסק דיאט 1.5 ליטר פיקדון,"יפאורה תבורי בע""\מ",IL,ספרינג תה דיאט אפרסק,קילוגרמים,1.50,ליטר,false,,7.20,4.8000,true,1,59630
7290019056959,false,מי עדן 1.5 ליטר בק' בודד פיקדון,"מופק ממקור בזלתי עדן ,1",IL,מים מי עדן 1.5 ליטר,קילוגרמים,1.50,ליטר,false,,0.90,0.6000,true,1,59962
7290019056973,false,שישיית מי עדן 1.5 ליטר משפחתי,"מופק ממקור בזלתי עדן ,1",IL,מים מי עדן 6*1.5 ליט,קילוגרמים,9.00,ליטר,false,,13.90,1.5444,true,1,59684
7290019074359,false,אפקטיב קר תחליב רחצה,פישר מעבדות פרמצבטיו,IL,תחליב רחצה עדין שמן,מיליליטרים,700.00,"100 מ""ל",false,,14.90,0.0213,true,1,65268
7290019074557,false,"תחליב רחצה שמן כותנה משאבה 700 מ""ל ד""ר פישר",פישר מעבדות פרמצבטיו,IL,תחליב רחצה עדין שמן,מיליליטרים,700.00,"100 מ""ל",false,,14.90,0.0213,true,1,65269
7290019074755,false,"תחליב רחצה שמן שקדים משאבה 700 מ""ל ד""ר פישר",פישר מעבדות פרמצבטיו,IL,תחליב רחצה עדין שמן,מיליליטרים,700.00,"100 מ""ל",false,,14.90,0.0213,true,1,65270
7290019075400,false,"אפקטיב קר תחליב רחצה מועשר בשיבולת שועל 700 מ""ל",פישר מעבדות פרמצבטיות בע,IL,תחליב רחצה עדין שיבו,מיליליטרים,700.00,"100 מ""ל",false,,14.90,0.0213,true,1,65272
7290019075608,false,"אפקטיב קר תחליב רחצה מועשר בתה ירוק ויסמין 700 מ""ל",פישר מעבדות פרמצבטיות בע,IL,תחליב רחצה עדין תה י,מיליליטרים,700.00,"100 מ""ל",false,,14.90,0.0213,true,1,65271
7290019094203,false,חסה אייסברג 300 גר' הרב אפרתי,רביבים,IL,חסה אייסברג 300 גרם,גרמים,300.00,100 גרם,false,,12.90,0.0430,true,1,59815
7290019094210,false,כרוב לבן 400 גר' הרב אפרתי,רביבים,IL,כרוב לבן 400 גרם,גרמים,400.00,100 גרם,false,,11.90,0.0298,true,1,59813
7290019094227,false,כרוב אדום 400 גר' הרב אפרתי,רביבים,IL,כרוב אדום 400 גרם,גרמים,400.00,100 גרם,false,,11.90,0.0298,true,1,59814
7290019094234,false,קולסלאו 400 גר' הרב אפרתי,רביבים,IL,קולסלאו 400 גרם,גרמים,300.00,100 גרם,false,,11.90,0.0397,true,1,59816
7290019094241,false,לקט קלאסי 350 גר' הרב אפרתי,רביבים,IL,לקט 350 גרם,גרמים,350.00,100 גרם,false,,12.90,0.0369,true,1,59817
7290019094258,false,סלט המושבה 400 גר' הרב אפרתי,רביבים,IL,סלט המושבה 400 גרם,גרמים,400.00,100 גרם,false,,12.90,0.0323,true,1,59818
7290019094302,false,עלי חסה שטופים 200 גר' הרב אפרתי,רביבים,IL,עלי חסה שטופים,Unknown,0.00,יחידה,false,,13.90,0.0000,true,1,59825
7290019145264,false,"ארק סאלי 700 מ""ל",,IL,"ארק סאלי 700 מ""ל",מיליליטרים,700.00,"100 מ""ל",false,,29.90,0.0427,true,1,60665
7290019153023,false,מארז קולה ללא סוכר רביעייה *1.5 ל' אר.סי,"יפאורה תבורי בע""\מ",IL,אר סי קולה ללא סוכר,קילוגרמים,6.00,ליטר,false,,23.90,3.9833,true,1,61160
7290019153078,false,"שוופס ביטר למון לייט, 1.5 ליטר פקדון","יפאורה תבורי בע""\מ",IL,שוופס ביטר למון לייט,קילוגרמים,1.50,ליטר,false,,11.90,7.9333,true,1,61158
7290019153085,false,שוופס מוגז ליים מוחיטו ללא סוכר 1.5 ליטר-,"יפאורה תבורי בע""\מ",IL,שוופס מוחיטו מוגז לל,קילוגרמים,1.50,ליטר,false,,8.20,5.4667,true,1,61159
7290019153252,false,שוופס סודה תפוח 1.5 ליטר רביעייה פיקדון,"יפאורה תבורי בע""\מ",IL,מארז שוופס סודה תפוח,קילוגרמים,6.00,ליטר,false,,7.90,1.3167,true,1,62462
7290019153269,false,שוופס סודה אננס 1.5 ליטר רביעייה פיקדון,"יפאורה תבורי בע""\מ",IL,מארז שוופס סודה אננס,קילוגרמים,6.00,ליטר,false,,7.90,1.3167,true,1,62463
7290019153344,false,מיץ בטעם סנגרייה 1.5 ל' תפוזינה,"יפאורה תבורי בע""\מ",IL,תפוזינה סנגרייה 1.5,קילוגרמים,1.50,ליטר,false,,7.90,5.2667,true,1,62738
7290019153351,false,מיץ בטעם פינק אוזו 1.5 ל' תפוזינה,"יפאורה תבורי בע""\מ",IL,תפוזינה פינק אוזו 1.,קילוגרמים,1.50,ליטר,false,,7.90,5.2667,true,1,62739
7290019153375,false,מיץ בטעם מוחיטו 1.5 ל' תפוזינה,"יפאורה תבורי בע""\מ",IL,תפוזינה מוחיטו 1.5 ל,קילוגרמים,1.50,ליטר,false,,3.90,2.6000,true,1,62740
7290019153535,false,"רביעיית שוופס מוגז פירות למונייד ללא סוכר 330 מ""ל פחיות",יפאורה תבורי,IL,מארז שוופס מוגז פירו,קילוגרמים,1.32,ליטר,false,,11.90,9.0152,true,1,63455
7290019230007,false,חלה קמח כוסמין ספיישל בייקרי,ספיישל בייקרי,IL,חלה כוסמין 500 גרם,גרמים,500.00,100 גרם,false,,15.90,0.0318,true,1,59913
7290019230021,false,חלה קונדיטור מאפיית הלמנס,ספיישל בייקרי,IL,חלה חצי מתוקה 500 גר,גרמים,500.00,100 גרם,false,,12.90,0.0258,true,1,59910
7290019230038,false,חצי חלה קונדיטור בייקרי,ספיישל בייקרי,IL,חלה קטנה מתוקה 250 ג,גרמים,250.00,100 גרם,false,,6.90,0.0276,true,1,59911
7290019232148,false,חליטת חמדת השקד הגן,ויסוצקי,IL,חליטת חמדת השקד הגן,Unknown,0.00,יחידה,false,,21.90,0.0000,true,1,61531
7290019232155,false,"חליטת ""לילה טוב"" קמומיל לבנדר ו25 שקיקים ויסוצקי",תה ויסוצקי,IL,חליטת קמומיל ולבנדר,Unknown,0.00,יחידה,false,,24.50,0.0000,true,1,64666
7290019232162,false,"חליטת ""לילה טוב"" קמומיל מליסה 25 שקיקים ויסוצקי",תה ויסוצקי,IL,חליטת קמומיל ומליסה,Unknown,0.00,יחידה,false,,24.50,0.0000,true,1,64667
7290019232186,false,תה ירוק לימונית לואיזהSTAY WELL 25 שקיקים ויסוצקי,תה ויסוצקי,IL,תה ירוק לימונית לואי,Unknown,0.00,יחידה,false,,24.50,0.0000,true,1,64664
7290019232193,false,תה ירוק לימונית ג'ינג'ר STAY WELL שקיקים 25 ויסוצקי,תה ויסוצקי,IL,תה ירוק לימונית ג'ינ,Unknown,0.00,יחידה,false,,24.50,0.0000,true,1,64665
7290019232353,false,תה ירוק סיני 50 שקיקים ויסוצקי,תה ויסוצקי,IL,תה ירוק סיני קלאסי ו,גרמים,75.00,100 גרם,false,,36.90,0.4920,true,1,64175
7290019245001,false,שמן קנולה אלומות 1 ל,סקנולה,EE,שמן קנולה אלומות 1 ל,קילוגרמים,1.00,ליטר,false,,8.90,8.9000,true,1,62384
7290019297161,false,טורטיה ראפ מקמח תירס שקדיה 450 גרם,דין שיווק,TR,טורטיות קמח חיטה ותי,גרמים,450.00,100 גרם,false,,9.90,0.0220,true,1,19309
7290019297192,false,חטיפי גרנולה עם שקדים ושוקולד 5*35 גר,,IL,חטיפי גרנולה עם שקדי,גרמים,175.00,100 גרם,false,,9.90,0.0566,true,1,14285
7290019297208,false,חטיף גרנולה עם פירות יבשים (5 יחידות) 175 גר',,MK,חטיפי גרנולה עם פירו,גרמים,175.00,100 גרם,false,,9.90,0.0566,true,1,14286
7290019297383,false,מעדן משמש ללא סוכר שקדיה 284 ג',לינוי סיטי,CN,מעדן משמש שקדיה 284,גרמים,284.00,100 גרם,false,,9.90,0.0349,true,1,16037
7290019297420,false,מעדן תות שדה 100% רכיבי פרי 284 גר' ללא תוספת סוכר,לינוי סיטי,CN,מעדן תות שקדיה 284 ג,גרמים,284.00,100 גרם,false,,9.90,0.0349,true,1,16040
7290019297437,false,מעדן אוכמניות ללא סוכר שקדיה 284 ג',לינוי סיטי,CN,מעדן אוכמניות שקדיה,גרמים,284.00,100 גרם,false,,9.90,0.0349,true,1,16041
7290019297451,false,מי ורדים שקדיה 500 מ,אף.סי תבליני בגליל ב,BE,"מי ורדים 500 מ""ל",מיליליטרים,500.00,"100 מ""ל",false,,13.90,0.0278,true,1,14378
7290019297505,false,"רוטב רימונים שקדיה 700 מ""ל",קארל קיוחנה,TR,רוטב רימונים שקדיה 7,מיליליטרים,700.00,"100 מ""ל",false,,19.90,0.0284,true,1,14288
7290019297512,false,"רוטב רימונים שקדיה 340 מ""ל בדץ",סיטוגלוגידה,TR,רוטב רימונים שקדיה 3,מיליליטרים,340.00,"100 מ""ל",false,,9.90,0.0291,true,1,14287
7290019302315,false,"ייו buzz אבטיח מלון 750 מ""ל",יקבי כרמל,IL,יין באז אבטיח מלון מ,מיליליטרים,750.00,"100 מ""ל",false,,26.90,0.0359,true,1,62718
7290019302438,false,יין כרמל חבית 148 קב,יקבי כרמל,IL,יין כרמל חבית 148 קב,מיליליטרים,750.00,"100 מ""ל",false,,139.90,0.1865,true,1,63895
7290019302476,false,יין כרמל חבית 248 פט,יקבי כרמל,IL,יין כרמל חבית 248 פט,מיליליטרים,750.00,"100 מ""ל",false,,129.90,0.1732,true,1,63894
7290019302551,false,מיץ ענבים תירוש אדום,יקבי כרמל,IL,מיץ ענבים תירוש אדום,קילוגרמים,1.00,ליטר,false,,11.90,11.9000,true,1,63780
7290019308034,false,פילה ברבוניה פרוסטי,רהואיאן,MA,פילה ברבוניה פרוסטי,גרמים,300.00,100 גרם,false,,9.90,0.0330,true,1,65062
7290019308126,false,פולי סויה אדממה פרוס,ווליאן פוליד פודס,CN,פולי סויה אדממה פרוס,גרמים,400.00,100 גרם,false,,6.90,0.0173,true,1,64158
7290019308157,false,קוביות מנגו קפוא פרו,גרין האוס,EG,קוביות מנגו קפוא פרו,גרמים,300.00,100 גרם,false,,5.90,0.0197,true,1,64684
7290019308188,false,ציפס קלאסי בסט צ'יפס,גרין האוס,EG,ציפס קלאסי בסט צ'יפס,פריט,1.50,"ק""ג",false,,18.90,12.6000,true,1,64293
7290019453024,false,קו'גל ירושלמי איטרי ות 800גרם,תכלית מזון,IL,קוגל אטריות ירושלמי,גרמים,800.00,100 גרם,false,,15.90,0.0199,true,1,63806
7290019453031,false,קוגל תפוחי אדמה 580 גרם,תכלית מזון,IL,"קוגל תפו""א",גרמים,580.00,100 גרם,false,,15.90,0.0274,true,1,63807
7290055090849,false,מרשמלו כרמית 500 גרם,כרמית,IL,מרשמלו כרמית 500 גרם,גרמים,500.00,100 גרם,false,,13.90,0.0278,true,1,9728
7290100680650,false,מנה חמה נודלס-אטריות ירקות טעם תאילנדי אסם 76 ג',PUB FOODS PRESIDENT THAI,TH,מנה חמה נודלס תאילנד,גרמים,76.00,100 גרם,false,,4.90,0.0645,true,1,5219
7290100680667,false,מנה חמה נודלס-אטריות+ירקות טעם סצ'ואן,PUB FOODS PRESIDENT THAI,TH,מנה חמה נודלס סצואן,גרמים,77.00,100 גרם,false,,4.90,0.0636,true,1,5220
7290100680711,false,פירורית זהב אסם זהב 350ג',עינת תעשיות מזון אגו,IL,פירורית זהב אסם 350,גרמים,350.00,100 גרם,false,,7.90,0.0226,true,1,2459
7290100680728,false,פירורית רגילה שקית 350 גרם,מיוצר עי קונדיטוריית,IL,פירורית לבנה אסם 350,גרמים,350.00,100 גרם,false,,6.90,0.0197,true,1,2460
7290100681015,false,אינסטנט פודינג בטעם ריבת חלב אסם 84 גרם,מיוצר עי קונדיטוריית,IL,פודינג אינסטנט ריבת,גרמים,84.00,100 גרם,false,,4.90,0.0583,true,1,2461
7290100681138,false,מארז אפרופו חטיף תירס 3 יחידות,"אסם השקעות בע""\מ",IL,מארז אפרופו 3*50 גרם,גרמים,150.00,100 גרם,false,,11.90,0.0793,true,1,4454
7290100685068,false,אינסטנט פודינג בטעם וניל עם פצפוצי שוקולד אסם 110 גרם,"אסם תעשיות בע""מ",IL,פודינג אינסטנט וניל,גרמים,110.00,100 גרם,false,,4.90,0.0445,true,1,51590
7290100685136,false,"אבקת מרק בטעם עוף אסם 1 ק""ג","אסם השקעות בע""\מ",IL,מרק בטעם עוף אסם 1 ק,פריט,1.00,"ק""ג",false,,12.90,12.9000,true,1,2471
7290100685334,false,אבקת מרק עוף אמיתי בשרי רכיבים טבעיים אסם 400 גרם,"אסם השקעות בע""\מ",IL,מרק עוף אמיתי ר.טבעי,גרמים,400.00,100 גרם,false,,19.90,0.0497,true,1,28057
7290100685341,false,אבקת מרק טעם עוף זך רכיבים טבעיים אסם 400 גרם,"אסם השקעות בע""\מ",IL,מרק בטעם עוף זך ר. ט,גרמים,400.00,100 גרם,false,,14.90,0.0373,true,1,2472
7290100687109,false,במבה במילוי קרם נוגט 60ג' אסם,"אסם השקעות בע""\מ",IL,במבה נוגט 60 גרם,גרמים,60.00,100 גרם,false,,4.50,0.0750,true,1,2476
7290100700396,false,"סוגת אורז יסמין קלאסי 1 ק""ג",האי נאם סי או אל.טי.,IL,"אורז יסמין סוגת 1 ק""",פריט,1.00,"ק""ג",false,,10.90,10.9000,true,1,5670
7290100702741,false,"סוכר חום בהיר בצנצנת סוגת 1 ק""ג",סוגת תעשיות בעמ,IL,סוכר חום בהיר סוגת 1,פריט,1.00,"ק""ג",false,,9.90,9.9000,true,1,12313
7290100850909,false,דוריטוס נאצ'ו מקסיקני 70 גרם,"שטראוס פריטו ליי בע""\מ",IL,דוריטוס נאצו מקסיקני,גרמים,70.00,100 גרם,false,,3.20,0.0457,true,1,2482
7290100850916,false,דוריטוס חמוץ חריף מעודן 70 גרם כשר לפסח,"שטראוס פריטו ליי בע""\מ )",IL,דוריטוס חמוץ חריף 70,גרמים,70.00,100 גרם,false,,3.20,0.0457,true,1,2483
7290100850923,false,דוריטוס בטעם גריל 70 גרם,"שטראוס פריטו ליי בע""\מ )",IL,דוריטוס גריל 70 גרם,גרמים,70.00,100 גרם,false,,3.20,0.0457,true,1,2484
7290100850930,false,דוריטוס בטעם טבעי 70 גרם,"שטראוס פריטו ליי בע""\מ )",IL,דוריטוס טבעי 70 גרם,גרמים,70.00,100 גרם,false,,3.20,0.0457,true,1,2485
7290100858608,false,אבקת קקאו עלית שקית 500 ג',שטראוס קפה בי.ויn\.,IL,קקאו עלית 500 גרם,גרמים,500.00,100 גרם,false,,23.90,0.0478,true,1,2491
7290100921418,false,"הוואי - מרכך קרטין מחזק 700 מ""ל",תאי פרזידנט פוד פאבל,IL,מרכך הוואי קרטין 700,מיליליטרים,700.00,"100 מ""ל",false,,8.90,0.0127,true,1,12506
7290100922569,false,קרם לטיפוח עוד הידיים והגוף- מארז שלישייה,טרופיקל דגיל,IL,קרם ידיים ולווטה 3*1,מיליליטרים,300.00,"100 מ""ל",false,,14.90,0.0497,true,1,14188
7290100925676,false,קולור קאצר 20 דפים לוכדי צבע למכונת כביס,"הנקל סוד בע""\מ",IE,קולור קאצר 20 דפים ל,Unknown,0.00,יחידה,false,,18.90,0.0000,true,1,26389
7290101110811,false,גלידל שלגון בטעם וניל מצופה סורבה פסיפלורה - 8 יח',הגלידות של פלדמן,IL,מאגדת גלידל שלגון ב,גרמים,400.00,100 גרם,false,,28.90,0.0722,true,1,64566
7290101112228,false,גלידל פרי קרחון מופחת קלוריות בטעם אננס - 8 יח',הגלידות של פלדמן,IL,מאגדת גלידל פרי אננס,גרמים,640.00,100 גרם,false,,20.90,0.0327,true,1,51970
7290101112921,false,גלידל פרי קרחון מופחת קלוריות פירות טרופיים - 8 יח',הגלידות של פלדמן,IL,מאגדת גלידל פרי פירו,גרמים,640.00,100 גרם,false,,20.90,0.0327,true,1,51977
7290101113447,false,עשירייה גלידל מיני קסטה בטעמי שוקו ווניל 270 ג' פלדמן,הגלידות של פלדמן,IL,מאגדת גלידל מיני סנד,גרמים,270.00,100 גרם,false,,28.90,0.1070,true,1,64562
7290101113584,false,מאגדת טילונים שוקולד לבן עם ליבת שוקולד יולו 5 יח',הגלידות של פלדמן,IL,טילוני יולו לבן עם ל,גרמים,400.00,100 גרם,false,,19.90,0.0497,true,1,57548
7290101113591,false,מאגדת טילונים יולי 5 יחידות שוקולד לבן ועוגיות,הגלידות של פלדמן,IL,טילוני יולו לבן עם ע,גרמים,400.00,100 גרם,false,,19.90,0.0497,true,1,57547
7290101113751,false,מאגדת שלגון קרמל ושוקולד בלונדי רביעיה * 50 ג' יולו,הגלידות של פלדמן,IL,מאגדת שלגוני יולו בל,גרמים,200.00,100 גרם,false,,18.90,0.0945,true,1,64554
7290101113768,false,מאגדת שלגון עוגיות ושוקולד חלב רביעיה * 50 ג' יולו,הגלידות של פלדמן,IL,מאגדת שלגוני יולו שו,גרמים,200.00,100 גרם,false,,18.90,0.0945,true,1,64568
7290101113812,false,מאגדת גלידה יופלה יוגורט וסורבה אננס 5 י,הגלידות של פלדמן,IL,מאגדת יופלה שרבט אננ,גרמים,350.00,100 גרם,false,,19.90,0.0569,true,1,64557
7290101113829,false,מאגדת (5) יופלה שייק פרי מנגו 70 אחוז פרי 350 גרם,הגלידות של פלדמן,IL,מאגדת יופלה שרבט מנג,גרמים,350.00,100 גרם,false,,19.90,0.0569,true,1,64559
7290101113904,false,מארז מנבו וניל 12 יח' פלדמן,הגלידות של פלדמן,IL,מנבו בטעם וניל 12 יח,גרמים,288.00,100 גרם,false,,19.90,0.0691,true,1,64536
7290101113911,false,מארז מנבו מוקה 12 יח' פלדמן,הגלידות של פלדמן,IL,מנבו בטעם מוקה 12 יח,גרמים,288.00,100 גרם,false,,19.90,0.0691,true,1,64537
7290101488286,false,"ליידי ספיד סטיק - דאודורנט ספריי לאישה 24/7 פרש פיוזן ורוד 150 מ""ל",ליידי ספיד סטיק Lady Speed Stick,RU,דאו ספריי ליידי ספיד,מיליליטרים,150.00,"100 מ""ל",false,,13.90,0.0927,true,1,6639
7290101488323,false,ליידי ספיד סטיק - דאודורנט סטיק לאישה ללא סימן ירוק סטיק 65 גרם,ליידי ספיד סטיק Lady Speed Stick,US,דאו ליידי ספיד סטיק,Unknown,0.00,יחידה,false,,18.90,0.0000,true,1,6644
7290101551027,false,קפסולות קפה אספרסו חזק במיוחד 14 עלית 10 יח',הנסיך- מפעל לייצור ט,IL,קפסולות עלית 14 חזק,גרמים,50.00,100 גרם,false,,15.50,0.3100,true,1,43191
7290101551263,false,סילאן טבעי ללא תוספת סוכר,מכוורת יד מרדכי,IL,סילאן טבעי יד מרדכי,גרמים,700.00,100 גרם,false,,19.90,0.0284,true,1,47619
7290101551539,false,יוגורט PRO בטעם אפרסק 0% 20 גרם חלבון בגביע,"שטראוס בריאות בע""מ",IL,דנונה פרו אפרסק 0% 2,גרמים,200.00,100 גרם,false,,5.90,0.0295,true,1,39000
7290101551584,false,תפוצ'יפס קידס מארז 10 יח' * 20 ג',"שטראוס פריטו ליי בע""מ )פ",IL,מארז תפוציפס קידס 10,גרמים,200.00,100 גרם,false,,12.90,0.0645,true,1,40206
7290101554233,false,מארז ציטוס כאפה 16*2,שטראוס,IL,מארז ציטוס כאפה 16*2,גרמים,320.00,100 גרם,false,,17.90,0.0559,true,1,38445
7290101554240,false,מארז ציטוס איקס עיגו,שטראוס,IL,מארז ציטוס איקס עיגו,גרמים,320.00,100 גרם,false,,17.90,0.0559,true,1,38444
7290101863410,false,"סיליט באנג ספריי ניקוי עוצמתי מכיל אקונומיקה 750 מ""ל",סיליט באנג Cillit Bang,PL,תרסיס סיליט באנג עם,מיליליטרים,750.00,"100 מ""ל",false,,12.50,0.0167,true,1,20639
7290101865261,false,"פיניש נוזל הברקה למדיח 800 מ""ל",רקיט בנקיזר,PL,נוזל הברקה פיניש 800,מיליליטרים,800.00,"100 מ""ל",false,,19.90,0.0249,true,1,6327
7290101866633,false,וניש קליה גל להסרת כתמים 3 ליטר אוקסיפרש,קליה וניש Kalia Vanish,IL,גל וניש קליה 3 ליטר,קילוגרמים,3.00,ליטר,false,,28.90,9.6333,true,1,6632
7290101866787,false,וניש קליה נוזל מסיר כתמים לכביסה לבנה 3 ליטר,קליה וניש Kalia Vanish,IL,גל וניש קליה כביסה ל,קילוגרמים,3.00,ליטר,false,,28.90,9.6333,true,1,11664
7290101868460,false,"קולון 101 אבקת כביסה 8 ק""ג",רקיט בנקיזר,IL,אבקת קולון 8 קג,פריט,8.00,"ק""ג",false,,54.90,6.8625,true,1,31853
7290101868958,false,"פיניש נוזל הברקה למדיח בניחוח לימון 500 מ""ל",רקיט בנקיזר,PL,נוזל הברקה פיניש לימ,מיליליטרים,800.00,"100 מ""ל",false,,19.90,0.0249,true,1,16420
7290101869726,false,ג'ל מרוכז למדיח הכל ב-1 פיניש 1 ליטר,רקיט בנקיזר,PL,גל למדיח פיניש 1 ליט,קילוגרמים,1.00,ליטר,false,,39.90,39.9000,true,1,17775
7290101869733,false,פיניש ג'ל למדיח כלים בניחוח לימון 1 ליטר ALL IN 1,רקיט בנקיזר,PL,גל למדיח פיניש לימון,קילוגרמים,1.00,ליטר,false,,39.90,39.9000,true,1,17776
7290101869757,false,מבשם אויר מכשיר אוטמטי חלום אואזיס,רקיט בנקיזר,PL,מבשם אוטומטי אירוויק,Unknown,0.00,יחידה,false,,37.90,0.0000,true,1,24012
7290101869764,false,אירוויק מכשיר אוטומט+מילוי בניחוח חלום ליל קיץ,רקיט בנקיזר,CN,מבשם אוטומטי אירוויק,Unknown,0.00,יחידה,false,,37.90,0.0000,true,1,24011
7290101869801,false,"אירוויק מכשיר חשמלי+מילוי בניחוח אואזיס 19 מ""ל",רקיט בנקיזר,HU,מטהר חשמלי אירוויק +,Unknown,0.00,יחידה,false,,19.90,0.0000,true,1,51255
7290101869818,false,"אירוויק מכשיר חשמלי+מילוי בניחוח חלום ליל קיץ 19 מ""ל",איירוויק Air Wick,HU,מטהר חשמלי אירוויק +,Unknown,0.00,יחידה,false,,19.90,0.0000,true,1,51256
7290101869825,false,"אירוויק מילוי למכשיר חשמלי בניחוח אואזיס 19 מ""ל",איירוויק Air Wick,HU,מילוי מבשם חשמלי איר,Unknown,0.00,יחידה,false,,15.90,0.0000,true,1,51249
7290101869832,false,"אירוויק מילוי מבשם אויר חשמלי חלום ליל קיץ 19 מ""ל",איירוויק Air Wick,HU,מילוי מבשם חשמלי איר,Unknown,0.00,יחידה,false,,15.90,0.0000,true,1,51250
7290101869924,false,מילוי מבשם אויר חשמלי מסתור אקזוטי בודד,רקיט בנקיזר,PL,מילוי מבשם חשמלי איר,Unknown,0.00,יחידה,false,,15.90,0.0000,true,1,51251
7290102030330,false,תפוצ'יפס קראנצ' בטעם מקסיקני 200 גרם,"שטראוס פריטו ליי בע""\מ )",IL,תפוציפס קראנצ מקסיקנ,גרמים,200.00,100 גרם,false,,9.90,0.0495,true,1,20710
7290102031276,false,מארז 8 יחידות אקטימל משקה יוגורט בטעם תות בננה,מיוצר עי קונדיטוריית,IL,אקטימל תות בננה דנונ,מיליליטרים,800.00,"100 מ""ל",false,,19.50,0.0244,true,1,3411
7290102032334,false,אבקה להכנת משקה קפה בטעם וניל,שטראוס קפה בי.וי,IL,קפה נמס וניל 200 גרם,גרמים,200.00,100 גרם,false,,19.90,0.0995,true,1,2494
7290102060764,false,מרידול מברשת שיניים אריזת זוג,יבואן ומשווק: ש. שסט,CH,מברשת מרידול 2 יח,Unknown,0.00,יחידה,false,,18.90,0.0000,true,1,44031
7290102060979,false,"אלמקס משחת שיניים למניעת עששת 100מ""ל",יבואן ומשווק: ש. שסט,PL,"משחת אלמקס 100 מ""ל",מיליליטרים,100.00,"100 מ""ל",false,,17.90,0.1790,true,1,4462
7290102062195,false,"משחת שיניים לילדים לגילאי 6-12 אלמקס 75 מ""ל",יבואן ומשווק: ש. שסט,PE,משחת אלמקס גוניור 75,גרמים,75.00,100 גרם,false,,9.90,0.1320,true,1,10379
7290102390427,false,יוגורט ביו עם קציפת תות 3% שומן 150 ג' מולר,מולר Muller,IL,מולר פרופ תות 150 גר,מיליליטרים,150.00,"100 מ""ל",false,,4.80,0.0320,true,1,2498
7290102390465,false,יוגורט ביו עם קציפת אפרסק ופסיפלורה 3% שומן 150 ג' מולר,מולר Muller,IL,מולר פרופ אפרסק ופסי,מיליליטרים,150.00,"100 מ""ל",false,,4.80,0.0320,true,1,2499
7290102390489,false,יוגורט ביו עם קציפת לימון 3% שומן 150 ג' מולר,מולר Muller,IL,מולר פרופ לימון 150,מיליליטרים,150.00,"100 מ""ל",false,,4.80,0.0320,true,1,2500
7290102391844,false,יוגורט ביו עם קציפת פירות יער3% שומן 150 ג' מולר,מולר Muller,IL,מולר פרופ פירות יער,מיליליטרים,150.00,"100 מ""ל",false,,4.80,0.0320,true,1,3534
7290102392094,false,חלב עיזים 3.7% בקרטון משק צוריאל 1 ליטר,מילקו תעשיות בעמ,IL,חלב עיזים צוריאל 1 ל,גרמים,250.00,100 גרם,false,,14.90,0.0596,true,1,3772
7290102392254,false,חלב בקרטון 1% 2 ליטר טרה,מילקו תעשיות בעמ,IL,חלב 1% טרה 2 ליטר,קילוגרמים,2.00,ליטר,false,,11.60,5.8000,true,1,4495
7290102393039,false,"יוגורט ביו קרמי מיקס פצפוצי שוקולד 7.6% מולר 170 מ""ל",קריות זול,IL,מולר מיקס פצפוצי שוק,מיליליטרים,150.00,"100 מ""ל",false,,5.60,0.0373,true,1,4747
7290102393060,false,"יוגורט ביו קרמי מיקס גלילי ופל ואגוזים 5.9% מולר 170 מ""ל",קריות זול,IL,מולר מיקס גלילות 170,מיליליטרים,150.00,"100 מ""ל",false,,5.60,0.0373,true,1,4745
7290102393169,false,"יוגורט סימפלי פרוט בטעם תות 3% מולר 150 מ""ל",מולר Muller,IL,מולר סימפלי תות 150,גרמים,150.00,100 גרם,false,,4.80,0.0320,true,1,5323
7290102393176,false,סימפלי פרוט יוגורט אפרסק 3% שומן 150 ג' מולר,מילקו תעשיות בעמ,IL,מולר סימפלי אפרסק 15,גרמים,150.00,100 גרם,false,,4.80,0.0320,true,1,5324
7290102393190,false,"יוגורט סימפלי פרוט בטעם פירות יער 3% מולר 150 מ""ל",מילקו תעשיות בעמ,IL,מולר סימפלי פירות יע,גרמים,150.00,100 גרם,false,,4.80,0.0320,true,1,5325
7290102393268,false,**טרה גבינה לבנה אריזת חיסכון 5% 750ג,הפריט בפיקוח,IL,גבינה 5% טרה 750 גרם,גרמים,750.00,100 גרם,false,,11.90,0.0159,true,1,4839
7290102393947,false,סימפלי פרוט יוגורט בטעם קיווי 3% שומן 150 ג' מולר,מילקו תעשיות בעמ,IL,מולר סימפלי קיווי 15,גרמים,150.00,100 גרם,false,,4.80,0.0320,true,1,5978
7290102394081,false,"יוגורט ביו קרמי מיקס קורנפלקס מצופה שוקולד מולר 170 מ""ל",מילקו תעשייה בעמ,IL,מולר מיקס קורנפלקס מ,גרמים,170.00,100 גרם,false,,5.60,0.0329,true,1,5979
7290102394258,false,גליל גבינת עיזים מה עז 9% משק צוריאל 180 גרם,מחלבת משק צוריאל,IL,גבינה מה עז 9% צוריא,גרמים,180.00,100 גרם,false,,20.90,0.1161,true,1,6387
7290102394463,false,נעם גבינה צהובה פרוסה ואקום 28% טרה 500 גרם,Unknown,IL,גבינה נעם 28% 500 גר,גרמים,500.00,100 גרם,false,,23.90,0.0478,true,1,9612
7290102394821,false,נעם גבינה צהובה פרוסה 28% טרה 200 גרם,מילקו תעשיות בעמ,IL,פרוסות גבינה נעם קלא,גרמים,200.00,100 גרם,false,,15.20,0.0760,true,1,7417
7290102394845,false,נעם גבינה צהובה לייט פרוסה דק דק 9% טרה 200 גרם,מילקו תעשיות בעמ,IL,פרוסות גבינה נעם 9%,גרמים,200.00,100 גרם,false,,16.30,0.0815,true,1,7346
7290102395217,false,מאגדת שמיניה מולר במתיקות מעודנת 1.2% 8*150 ג',מולר Muller,IL,מארז מולר ביאנקו במת,קילוגרמים,1.20,ליטר,false,,17.90,14.9167,true,1,8512
7290102395224,false,שמיניית יוגורט ביו ביאנקו 1.7% מולר 150 גרם,מולר Muller,IL,מארז מולר נטורל 1.7%,קילוגרמים,1.20,ליטר,false,,15.90,13.2500,true,1,8336
7290102395231,false,שמיניית יוגורט ביו ביאנקו 2.8% מולר 150 גרם,מולר Muller,IL,מארז מולר נטורל 2.8%,קילוגרמים,1.20,ליטר,false,,15.90,13.2500,true,1,8337
7290102395262,false,מארז 8 גביעים יוגורט בטעם תות שדה ואפרסק 3% Simply Fruit,מולר Muller,IL,מארז מולר סימפלי תות,קילוגרמים,1.20,ליטר,false,,28.90,24.0833,true,1,8788
7290102395347,false,"יוגורט 6% בכד 3 ק""ג רבנות",טרה,IL,משקה יוגורט 6% טרה 3,קילוגרמים,3.00,ליטר,false,,27.90,9.3000,true,1,27718
7290102395439,false,מארז 8 גביעים יוגורט בטעם פירות יער וקיווי 3% Simply Fruit,מילקו תעשיות בעמ,IL,מארז מולר סימפלי פיר,קילוגרמים,1.20,ליטר,false,,28.90,24.0833,true,1,37980
7290102395446,false,מעדן חלב בטעם וניל עם קצפת 123 ג' טרה,Unknown,IL,מעדן מוו וניל עם קצפ,גרמים,123.00,100 גרם,false,,2.90,0.0236,true,1,8579
7290102395477,false,מעדן חלב בטעם שוקולד עם קצפת 123 ג' טרה,Unknown,IL,מעדן מוו שוקולד עם ק,גרמים,123.00,100 גרם,false,,2.90,0.0236,true,1,8577
7290102395521,false,"שמנת לבישול 15% שומן 500 מ""ל טרה",מילקו תעשיות בעמ,IL,שמנת לבישול 15% טרה,מיליליטרים,500.00,"100 מ""ל",false,,15.90,0.0318,true,1,12312
7290102396399,false,שמיניית מעדן שוקולד מוו 1.5% טרה 100 גרם,Unknown,IL,מארז מעדן מוו שוקולד,גרמים,800.00,100 גרם,false,,12.90,0.0161,true,1,13280
7290102396405,false,שמיניית מעדן וניל מוו 1.5% טרה 100 גרם,Unknown,IL,מארז מעדן מוו וניל 8,גרמים,800.00,100 גרם,false,,12.90,0.0161,true,1,13281
7290102396580,false,מעדן מוו שוקולד ומוס שוקולד טרה 118 גרם,טרה,IL,מעדן מוו מוס שוקו 11,גרמים,123.00,100 גרם,false,,2.90,0.0236,true,1,13278
7290102396597,false,מעדן מוו וניל ומוס שוקולד טרה 118 גרם,טרה,IL,מעדן מוו מוס שוקו ונ,גרמים,123.00,100 גרם,false,,2.90,0.0236,true,1,13279
7290102396665,false,נעם גבינה צהובה דק דק 15% טרה 200 גרם,מילקו תעשיות בעמ,IL,פרוסות גבינה נעם 15%,גרמים,200.00,100 גרם,false,,15.20,0.0760,true,1,18872
7290102396740,false,מארז 8 גביעים יוגורט בטעם תות שדה ואפרסק 0% Simply Fruit,מילקו תעשיות בעמ,IL,מארז מולר סימפלי תות,קילוגרמים,1.20,ליטר,false,,28.90,24.0833,true,1,14737
7290102397075,false,יוגורט בקרטון 4% שומן 1.5ל' טרה,טרה,IL,משקה יוגורט 4% טרה 1,פריט,1.50,"ק""ג",false,,12.90,8.6000,true,1,16625
7290102397204,false,"גבנ""צ דק דק נעם פתיחה חוזרת 22% 200 גרם",מילקו תעשיות בעמ,IL,פרוסות גבינה נעם 22%,גרמים,200.00,100 גרם,false,,15.20,0.0760,true,1,18871
7290102397310,false,מעדן מיני בטעם שוקולד קצפת מוו מאגדת 8 יח' * 70 ג',מילקו תעשיות בעמ,IL,מארז מעדן מוו שוקולד,גרמים,560.00,100 גרם,false,,11.90,0.0213,true,1,22138
7290102397334,false,גבינה בולגרית גלילית 5% משק צוריאל 250 גרם,מחלבת משק צוריאל,IL,גבינה בולגרית 5% צור,גרמים,250.00,100 גרם,false,,19.90,0.0796,true,1,21511
7290102397464,false,יוגורט ביו בתוספת גרעינים אגוזים וחמוציות 170 ג' מולר,מולר Muller,IL,מולר נטורל עם פיצוחי,מיליליטרים,150.00,"100 מ""ל",false,,5.60,0.0373,true,1,27723
7290102397600,false,מיקס יוגורט בתוספת שקדים ובוטנים מקורמלים 170 ג' מולר,מילקו תעשייה בעמ,IL,מולר מיקס שקדים ובוט,מיליליטרים,150.00,"100 מ""ל",false,,5.60,0.0373,true,1,23375
7290102397617,false,יוגורט ביו קרמי עם כדורים מצופים שוקולד חום לבן,מולר Muller,IL,מולר מיקס קליק כדורי,מיליליטרים,150.00,"100 מ""ל",false,,5.60,0.0373,true,1,23374
7290102397679,false,קוטג' וחצי טרה 5% מרכיבים טבעיים,מילקו,IL,קוטג 5% טרה 375 גרם,גרמים,375.00,100 גרם,false,,6.90,0.0184,true,1,26856
7290102397730,false,פרוסות גבינה אמנטל חצי קשה 30% שומן 200 ג' נעם,Unknown,IL,גבינה נעם אמנטל 30%,גרמים,200.00,100 גרם,false,,14.90,0.0745,true,1,29308
7290102397747,false,פרוסות גבינת מוצרלה נעם מחלב בקר 22%,טרה,IL,גבינה נעם מוצרלה פרו,גרמים,200.00,100 גרם,false,,15.90,0.0795,true,1,31782
7290102397891,false,גבינה מותכת משק צוריאל 100 גרם,משק צוריאל,IL,גבינה מותכת צוריאל 1,גרמים,100.00,100 גרם,false,,6.90,0.0690,true,1,27720
7290102398478,false,לאבנה 9% שומן 500 ג' טרה,טרה,IL,לאבנה 9% טרה 500 גרם,גרמים,500.00,100 גרם,false,,15.90,0.0318,true,1,38701
7290102398560,false,שוקו טרה מועשר בבקבוק 1 ליטר,מילקו תעשיות בעמ,IL,משקה שוקו טרה 1 ליטר,קילוגרמים,1.00,ליטר,false,,10.90,10.9000,true,1,38768
7290102398577,false,משקה חלב בטעם שוקו 2% בבקבוק אישי,מילקו תעשיות בעמ,IL,שוקו מועשר טרה 250 מ,מיליליטרים,250.00,"100 מ""ל",false,,5.20,0.0208,true,1,62518
7290102398614,false,משקה חלב בטעם בננה טרה 1 ליטר,מילקו תעשיות בעמ,IL,משקה בננה טרה 1 ליטר,קילוגרמים,1.00,ליטר,false,,10.90,10.9000,true,1,38769
7290102398638,false,משקה חלב בטעם מוקה טרה 1 ליטר,מילקו תעשיות בעמ,IL,משקה מוקה טרה 1 ליטר,קילוגרמים,1.00,ליטר,false,,10.90,10.9000,true,1,38770
7290102398782,false,משקה סויה קלאסי משק צוריאל 1 ליטר,מחלבת משק צוריאל,IT,משקה סויה צוריאל 1 ל,קילוגרמים,1.00,ליטר,false,,9.90,9.9000,true,1,49840
7290102398799,false,משקה סויה במתיקות מופחתת משק צוריאל 1 ליטר,מחלבת משק צוריאל,IT,משקה סויה במתיקות מו,קילוגרמים,1.00,ליטר,false,,9.90,9.9000,true,1,49841
7290102398805,false,משקה סויה בטעם וניל משק צוריאל 1 ליטר,מחלבת משק צוריאל,IT,משקה סויה וניל צוריא,קילוגרמים,1.00,ליטר,false,,9.90,9.9000,true,1,49844
7290102398836,false,משקה שקדים קלאסי משק צוריאל 1 ליטר,מחלבת משק צוריאל,IT,משקה שקדים צוריאל 1,קילוגרמים,1.00,ליטר,false,,11.90,11.9000,true,1,49843
7290102399048,false,פרוסות גבינת קשקבל נעם 200 ג' טרה,מילקו,IL,גבינה נעם קשקבל 200,גרמים,200.00,100 גרם,false,,18.90,0.0945,true,1,45825
7290102399635,false,"מולר פרופ יוגורט ביו עם קציפת קוקוס ואננס 150 מ""ל",מולר Muller,IL,מולר פרופ טרופיקל קו,מיליליטרים,150.00,"100 מ""ל",false,,4.80,0.0320,true,1,52510
7290102399796,false,מעדן יוגורט לבן מועשר בחלבון 200 ג' מולר אקטיב,מולר Muller,IL,מולר אקטיב לבן 25 גר,גרמים,200.00,100 גרם,false,,4.90,0.0245,true,1,51889
7290102399802,false,יוגורט עם תות מולר אקטיב מועשר בחלבון 200 גר',מולר Muller,IL,מולר אקטיב תות 20 גר,גרמים,200.00,100 גרם,false,,5.50,0.0275,true,1,51892
7290102399819,false,יוגורט עם פירות יער מולר אקטיב מועשר בחלבון 200 גר',מולר Muller,IL,מולר אקטיב פירות יער,גרמים,200.00,100 גרם,false,,5.50,0.0275,true,1,51893
7290102399857,false,מולר אקטיב לייט 20 גרם חלבון 0% שומן עם תות 200 גרם,מולר Muller,IL,מולר אקטיב תות לייט,גרמים,200.00,100 גרם,false,,5.50,0.0275,true,1,51898
7290103120658,false,דאודורנט ספיד סטיק גל שחור 85 גרם,הנסיך- מפעל לייצור ט,US,דאו גל ספיד סטיק קול,גרמים,85.00,100 גרם,false,,18.90,0.2224,true,1,6646
7290103124588,false,"סבון נוזלי ארומה בניחוח לבנדר פטצ'ולי פלמוליב 750 מ""ל",הנסיך- מפעל לייצור ט,TR,ג'ל רחצה פלמוליב ארו,מיליליטרים,750.00,"100 מ""ל",false,,19.50,0.0260,true,1,6673
7290103124601,false,"תחליב רחצה נוזל חלב ודבש משאבה 750מ""ל פלמוליב",הנסיך- מפעל לייצור ט,TR,תחליב פלמוליב חלב וד,מיליליטרים,750.00,"100 מ""ל",false,,19.50,0.0260,true,1,6672
7290103126797,false,"משחת שיניים קולגייט סנסיטיב פרו רליף 75 מ""ל",הנסיך- מפעל לייצור ט,BR,משחת קולגייט סנסטיב,מיליליטרים,75.00,"100 מ""ל",false,,21.90,0.2920,true,1,50146
7290103129378,false,ספיד סטיק - דאודורנט ג'ל לגבר איקס 5 85 גרם,הנסיך- מפעל לייצור ט,US,דאו גל ספיד סטיק איק,גרמים,85.00,100 גרם,false,,17.90,0.2106,true,1,37401
7290103129392,false,ליידי ספיד סטיק פרש אסנס פרח הפרזיה סטיק 65 גר,ליידי ספיד סטיק Lady Speed Stick,US,דאו ליידי ספיד סטיק,גרמים,65.00,100 גרם,false,,18.90,0.2908,true,1,9563
7290103129408,false,ליידי ספיד סטיק - דאודורנט סטיק לאישה פרש אסנס פריחת הפרדס 65 גרם,ליידי ספיד סטיק Lady Speed Stick,US,דאו ליידי ספיד סטיק,גרמים,65.00,100 גרם,false,,18.90,0.2908,true,1,9564
7290103150952,false,מפות שולחן עבות לפיד,צח ליין,CN,מפות שולחן עבות לפיד,Unknown,0.00,יחידה,false,,9.90,0.0000,true,1,3081
7290103150969,false,מפות שולחן עבות לפיד,צח ליין,CN,מפות שולחן עבות לפיד,Unknown,0.00,יחידה,false,,9.90,0.0000,true,1,3082
7290103153779,false,מכסה לתבנית R31 גדול לפיד 10 יחידות,אופל אריזות בעמ,IL,מכסים לתבניות גדולות,Unknown,0.00,יחידה,false,,5.90,0.0000,true,1,6432
7290103153786,false,מכסים לתבניות בינוני,אופל אריזות בעמ,IL,מכסים לתבניות בינוני,Unknown,0.00,יחידה,false,,5.90,0.0000,true,1,6433
7290103153793,false,מכסים לתבניות קטנות,אופל אריזות בעמ,IL,מכסים לתבניות קטנות,Unknown,0.00,יחידה,false,,5.90,0.0000,true,1,6434
7290103153823,false,צלחות קטנות נעימות ז,ב פ תעשיות,IL,צלחות קטנות נעימות ז,Unknown,0.00,יחידה,false,,29.90,0.0000,true,1,6936
7290103153830,false,צלחות גדולות נעימות,ב פ תעשיות,IL,צלחות גדולות נעימות,Unknown,0.00,יחידה,false,,49.90,0.0000,true,1,6935
7290103153847,false,צלחות מרק נעימות זהב,ב פ תעשיות,IL,צלחות מרק נעימות זהב,Unknown,0.00,יחידה,false,,32.90,0.0000,true,1,6939
7290103155087,false,שקיות אשפה 75/90 גופייה בורדו שחור לפיד 35 יחידות,רווח,CN,שקיות אשפה עם ידיות,Unknown,0.00,יחידה,false,,19.90,0.0000,true,1,10530
7290103155582,false,מכסים לתבנית בינוני,אופל אריזות בעמ,IL,מכסים לתבנית בינוני,Unknown,0.00,יחידה,false,,5.90,0.0000,true,1,10928
7290103156138,false,מפת אלבד מדוגם גליל,דיספובד,IL,מפת אלבד מדוגם גליל,Unknown,0.00,יחידה,false,,29.90,0.0000,true,1,11026
7290103156480,false,מזלגות חד פעמי 100 י,mazlum,TR,מזלגות חד פעמי 100 י,Unknown,0.00,יחידה,false,,6.90,0.0000,true,1,13660
7290103156930,false,כוסות יהלום לפיד 40 יחידות,LARIPLAST,TR,כוסות יהלום 40 יח,Unknown,0.00,יחידה,false,,10.90,0.0000,true,1,15819
7290103157104,false,מפת אלבד צבעוני 4 יח,פאלאס,CN,מפת אלבד צבעוני 4 יח,Unknown,0.00,יחידה,false,,11.90,0.0000,true,1,24615
7290103157111,false,מפת אלבד גליל 1.2*20,דיספובד,IL,מפת אלבד גליל 1.2*20,Unknown,0.00,יחידה,false,,29.90,0.0000,true,1,25741
7290103203436,false,"ליקר צלו דובדבן 500 מ""ל",ישראליקר,IL,ליקר צאלו דובדבן 500,מיליליטרים,500.00,"100 מ""ל",false,,29.90,0.0598,true,1,45066
7290103203443,false,"ליקר צלו בננה 500 מ""ל",ישראליקר,IL,ליקר צאלו בננה 500 מ,מיליליטרים,500.00,"100 מ""ל",false,,29.90,0.0598,true,1,45040
7290103401429,false,קפה קצב ברזילאי אוריגינס 200 גר,הנסיך- מפעל לייצור ט,IL,קפה פלטינום ברזילאי,גרמים,200.00,100 גרם,false,,24.90,0.1245,true,1,3668
7290103702526,false,קופסת ממחטות טאצ' 100 יח',סאסאטק,IL,ממחטות בקופסא טאצ' 1,Unknown,0.00,יחידה,false,,4.90,0.0000,true,1,64592
7290103702649,false,מארז חמישייה מגבוני טישו דו שכבתי,שניב,IL,טישו עדן 5*100 יח,Unknown,500.00,יחידה,false,,8.90,0.0178,true,1,50245
7290103703899,false,מפיות טאצ 80 יחי' צבעים כהים חד שכבתיות,,IL,מפיות טאצ' חד שכבתי,Unknown,0.00,יחידה,false,,4.90,0.0000,true,1,58900
7290103703974,false,שישיית מגבות נייר עדן,שניב תעשיות נייר,IL,מגבות נייר עדן 6 יח',מטרים,63.00,מטר,false,,7.90,0.1254,true,1,52898
7290103704216,false,מגבות נייר קשת 16 יח,שניב תעשיות נייר,IL,מגבות נייר קשת 16 יח,Unknown,0.00,יחידה,false,,19.90,0.0000,true,1,55414
7290103704650,false,שישיית מגבות נייר כדור פורח,שניב תעשיות נייר,IL,מגבות נייר שניב 6 יח,מטרים,63.00,מטר,false,,5.90,0.0937,true,1,60055
7290103704971,false,נייר טואלט כפול סילק,,,נייר טואלט כפול סילק,מטרים,792.00,מטר,false,,34.90,0.0441,true,1,63249
7290103722005,false,נייר טואלט לבלי 32 גלילים,,,נייר טואלט לאבלי לבן,מטרים,573.50,מטר,false,,28.90,0.0504,true,1,57612
7290104061417,false,סלט חומוס עם טחינה אחלה 400 גרם,"שטראוס גרופ בע""\מ",IL,חומוס עם טחינה אחלה,גרמים,400.00,100 גרם,false,,9.90,0.0248,true,1,4033
7290104061431,false,סלט חומוס עם צנובר אחלה 400 גרם,"שטראוס גרופ בע""\מ",IL,חומוס עם צנוברים אחל,גרמים,400.00,100 גרם,false,,9.90,0.0248,true,1,4034
7290104061448,false,סלט חומוס עם חריף אחלה 400 גרם,מיוצר עי קונדיטוריית,IL,חומוס עם חריף אחלה 4,גרמים,400.00,100 גרם,false,,9.90,0.0248,true,1,4035
7290104062599,false,מארז 8 יחידות מעדן גמדים בטעמי תות ובננה,"שטראוס בריאות בע""\מ",IL,מארז גמדים תות ובננה,גרמים,800.00,100 גרם,false,,17.90,0.0224,true,1,4070
7290104065187,false,אבקה להכנת משקה קפה בטעם מוקה,STRAUSS-ISRAEL,IL,קפה נמס מוקה 200 גרם,גרמים,200.00,100 גרם,false,,19.90,0.0995,true,1,23015
7290104066566,false,טחינה שומשום מלא אחלה 500 גר',מיוצר עי קונדיטוריית,IL,טחינה אחלה 500 גרם,,500.00,,false,,13.90,0.0278,true,1,5189
7290104500572,false,אפרופו חטיף תירס איטליאנו אסם 50 גרם,מיוצר עי קונדיטוריית,IL,אפרופו איטליאנו 50 ג,גרמים,50.00,100 גרם,false,,4.50,0.0900,true,1,7741
7290104501661,false,אינסטנט פודינג בטעם וניל צרפתי אסם 80 גרם,מיוצר עי קונדיטוריית,IL,פודינג אינסטנט קרם צ,גרמים,80.00,100 גרם,false,,4.90,0.0613,true,1,5570
7290104503184,false,הבית עוגת שבת בראוניס טעם שוקולד ריבת חלב 380 גרם,מיוצר עי קונדיטוריית,IL,עוגת בראוניס שוקולד,גרמים,380.00,100 גרם,false,,14.90,0.0392,true,1,6457
7290104504228,false,מיני דובונים אסם 100 גרם מארז 5 יחידות,"אסם השקעות בע""\מ",IL,מארז דובונים 5*20 גר,גרמים,100.00,100 גרם,false,,12.90,0.1290,true,1,6169
7290104508189,false,גביעי וופל ממותקים לגלידה 24 יח',בטר אנד דיפרנט,IL,גביעי גלידה אסם 24 י,גרמים,95.00,100 גרם,false,,1.90,0.0200,true,1,7213
7290104570162,false,תמרים כבושים 500גרם בית שאן,תמר העמקים בית שאן,IL,תמר כבוש 500 גרם,גרמים,500.00,100 גרם,false,,6.90,0.0138,true,1,9351
7290104720499,false,מארז 8 יחידות מעדן דני בטעם וניל 1.5%,מיוצר עי קונדיטוריית,IL,מארז דני וניל 8*125,קילוגרמים,1.00,ליטר,false,,14.50,14.5000,true,1,5063
7290104721533,false,רצועות פלפלים קלויים אחלה 400 ג',מיוצר עי קונדיטוריית,IL,פלפלים קלויים טעמי ה,גרמים,400.00,100 גרם,false,,14.90,0.0373,true,1,5478
7290104721755,false,מארז קפה טורקי עלית,חברת המשקם לתעסוקת ק,IL,מארז קפה טורקי עלית,גרמים,435.00,100 גרם,false,,29.90,0.0687,true,1,5668
7290104722530,false,תפוצ'יפס בטעם שמנת בצל עלית 200 גרם,"שטראוס פריטו ליי בע""\מ )",IL,תפוציפס שמנת בצל 200,גרמים,200.00,100 גרם,false,,9.90,0.0495,true,1,20712
7290104726712,false,מארז 8 יחידות מעדן מילקי בטעם שוקולד עם קצפת,"שטראוס גרופ בע""\מ",IL,מארז מילקי שוקולד 8*,פריט,1.06,"ק""ג",false,,19.90,18.7736,true,1,6273
7290104728310,false,"שמנת מתוקה עמידה 38% שומן ""יטבתה"" -מוצר בפיקוח",שטראוס גרופ,IL,שמנת להקצפה 38% יטבת,מיליליטרים,250.00,"100 מ""ל",false,,6.40,0.0256,true,1,5887
7290104850776,false,מגש אובלי זהב 12 יח,פאלאס,IL,מגש אובלי זהב 12 יח,Unknown,0.00,יחידה,false,,15.90,0.0000,true,1,47467
7290104855368,false,מיכל 1 ליטר 12 יח,פאלאס,CN,מיכל 1 ליטר 12 יח,Unknown,0.00,יחידה,false,,19.90,0.0000,true,1,19245
7290104855375,false,מיכל 2 ליטר 10 יח,סנטר פלאסט,IL,מיכל 2 ליטר 10 יח,Unknown,0.00,יחידה,false,,19.90,0.0000,true,1,19198
7290104855382,false,מיכל 2.5 ליטר 6 יח,סנטר פלאסט,IL,מיכל 2.5 ליטר 6 יח,Unknown,0.00,יחידה,false,,19.90,0.0000,true,1,19199
7290104855399,false,מיכל 4 ליטר 5 יח,סנטר פלאסט,IL,מיכל 4 ליטר 5 יח,Unknown,0.00,יחידה,false,,19.90,0.0000,true,1,19200
7290104855405,false,מיכל 0.5 ליטר 15 יח,סנטר פלאסט,IL,מיכל 0.5 ליטר 15 יח,Unknown,0.00,יחידה,false,,19.90,0.0000,true,1,19201
7290104856839,false,מארז 6 יח נייר אלומי,פאלאס,CN,מארז 6 יח נייר אלומי,מטרים,30.00,מטר,false,,21.90,0.7300,true,1,21383
7290104856846,false,מארז 4 נייר אלומיניו,פאלאס,CN,מארז 4 נייר אלומיניו,מטרים,30.00,מטר,false,,21.90,0.7300,true,1,22567
7290104856853,false,מארז 3 נייר אלומיניו,פאלאס,CN,מארז 3 נייר אלומיניו,מטרים,22.50,מטר,false,,21.90,0.9733,true,1,22568
7290104856914,false,2 אלבד מקופל זהב לבן פאלאס,פאלאס,CN,מפת אלבד מדוגם 2 יח,Unknown,0.00,יחידה,false,,11.90,0.0000,true,1,24613
7290104857041,false,כוסות שתיה קרה טופ ס,פאלאס,CN,"כוסות ח""פ 100 יח",Unknown,0.00,יחידה,false,,5.90,0.0000,true,1,24503
7290104857690,false,קעריות אובלי שקוף כס,פאלאס,CN,קעריות אובלי שקוף כס,Unknown,0.00,יחידה,false,,26.90,0.0000,true,1,24830
7290104858185,false,נרות חימום בפלסטיק 8,פאלאס,CN,נרות חימום בפלסטיק 8,Unknown,0.00,יחידה,false,,23.90,0.0000,true,1,26831
7290104858208,false,נרות חימום בפלסטיק 4,פאלאס,CN,נרות חימום בפלסטיק 4,Unknown,0.00,יחידה,false,,23.90,0.0000,true,1,26830
7290104858215,false,נרות חימום 8 שעות קש,פאלאס,CN,נרות חימום 8 שעות קש,Unknown,0.00,יחידה,false,,23.90,0.0000,true,1,26829
7290104858567,false,מפת אלבד מוטבע גליל,פאלאס,CN,מפת אלבד מוטבע גליל,Unknown,0.00,יחידה,false,,39.90,0.0000,true,1,27121
7290104858598,false,מפיות לבנות חד שכבתי,פאלאס,CN,מפיות לבנות חד שכבתי,Unknown,0.00,יחידה,false,,4.90,0.0000,true,1,28119
7290104858642,false,שקיות אשפה חזקות 90/75 גליל שחור פאלאס 25 יחידות,רווח,CN,שקיות אשפה 75*90 לפי,Unknown,0.00,יחידה,false,,11.90,0.0000,true,1,26077
7290104858703,false,מפיות חג שמח 75יח דו,פאלאס,CN,מפיות חג שמח 75 יח ד,Unknown,0.00,יחידה,false,,6.90,0.0000,true,1,26877
7290104858727,false,טישו קשת 5*140 יח,פאלאס,CN,טישו קשת 5*140 יח,Unknown,0.00,יחידה,false,,11.90,0.0000,true,1,29998
7290104859267,false,שקיות אוכל קשת 3*150,פאלאס,CN,שקיות אוכל קשת 3*150,Unknown,0.00,יחידה,false,,9.90,0.0000,true,1,27998
7290104859410,false,צלחות גדולות חד פעמי,פאלאס תעשיות נטו (20,CN,צלחות גדולות לפיד 1,Unknown,0.00,יחידה,false,,32.90,0.0000,true,1,30155
7290104859779,false,כוסות איכותיות 40 יח,פאלאס,CN,כוסות איכותיות 40 יח,Unknown,0.00,יחידה,false,,10.90,0.0000,true,1,32873
7290104859960,false,מארז 4 יח מגשי קריסט,פאלאס,CN,מארז 4 יח מגשי קריסט,Unknown,0.00,יחידה,false,,12.90,0.0000,true,1,32593
7290104859977,false,מארז 2 יח מגשי קריסט,פאלאס,CN,מארז 2 יח מגשי קריסט,Unknown,0.00,יחידה,false,,19.90,0.0000,true,1,32594
7290104859984,false,קערה ענקית בלו שיין,פאלאס,CN,קערה ענקית בלו שיין,Unknown,0.00,יחידה,false,,19.90,0.0000,true,1,32589
7290104859991,false,קערה גדולה בלו שיין,פאלאס,CN,קערה גדולה בלו שיין,Unknown,0.00,יחידה,false,,19.90,0.0000,true,1,32590
7290104960970,false,דאודורנט ספריי טיטניום מטאל Titanium Metal,אמיליה קוסמטיקס בעמ,IL,דאו ספריי טיטניום מט,מיליליטרים,180.00,"100 מ""ל",false,,14.90,0.0828,true,1,6831
7290104962073,false,דאודורנט ספריי גוף טיטניום גולד Titanium Gold,"אמיליה קוסמטיקס בע""מ",IL,דאו ספריי טיטניום גו,מיליליטרים,150.00,"100 מ""ל",false,,14.90,0.0993,true,1,10750
7290104962134,false,דאודורנט קרליין רול און נושם לנערות ללא אלומיניום,מיוצר עי : אמיליה קוסמטי,IL,דאו רול און קרליין ל,מיליליטרים,75.00,"100 מ""ל",false,,11.70,0.1560,true,1,11023
7290104964756,false,"סקינגארד סטיק הגנה שקוף לפנים 50 אס.פי.אף, 50 מ""ל",אמיליה קוסמטיקס בע'\'\מ,IL,מי פה תיאדנט ענבים ל,מיליליטרים,150.00,"100 מ""ל",false,,14.70,0.0980,true,1,44643
7290104965647,false,קרליין דאו רול און נושם סוויט קיס לנערות,מיוצר עי : אמיליה קוסמטי,IL,דאו רול און קרליין נ,מיליליטרים,75.00,"100 מ""ל",false,,11.70,0.1560,true,1,56827
7290104965661,false,קרליין דאו ספרי נושם סוויט קיס לנערות150,"אמיליה קוסמטיקס בע""מ",IL,דאו ספריי קרליין נוש,מיליליטרים,200.00,"100 מ""ל",false,,11.70,0.0585,true,1,56826
7290105180193,false,בקבוק יחיד ללא ביספינול סדרות שונות,אריסטוקרט,IL,בקבוק צר לתינוק אריס,Unknown,0.00,יחידה,false,,6.90,0.0000,true,1,5862
7290105180209,false,בקבוק שלישיה גדול איכותי ועמיד במיוחד סדרות שונות,אריסטוקרט,IL,בקבוק צר לתינוק אריס,Unknown,0.00,יחידה,false,,16.90,0.0000,true,1,5686
7290105180216,false,פלסטרים שקופים 100 יחידות,אריסטוקרט,CN,פלסטר שקוף אריסטוקרט,Unknown,0.00,יחידה,false,,10.90,0.0000,true,1,7015
7290105180247,false,פלסטרים מיקס 100 יחידות,אריסטוקרט,CN,פלסטר מיקס אריסטוקרט,Unknown,0.00,יחידה,false,,10.90,0.0000,true,1,7013
7290105180261,false,"משחת נעליים 200 מ""ל+ ידית מארז חיסכון",אריסטוקרט,TR,משחת נעליים אריסטוקר,גרמים,200.00,100 גרם,false,,9.90,0.0495,true,1,6324
7290105180353,false,"סכין גילוח- עשירייה, עם פס אלוורה",אריסטוקרט,CN,סכיני גילוח אריסטוקר,Unknown,0.00,יחידה,false,,8.90,0.0000,true,1,7528
7290105180360,false,מוצץ סיליקון צבעוני שלישייה קטן,אריסטוקרט,IL,מוצץ סיליקון קטן לתי,Unknown,0.00,יחידה,false,,15.90,0.0000,true,1,9015
7290105180377,false,מוצץ סיליקון צבעוני רביעייה בינוני-מרכז,אריסטוקרט,TH,מוצץ סיליקון בינוני,Unknown,0.00,יחידה,false,,15.90,0.0000,true,1,9013
7290105180384,false,מוצץ סיליקון צבעוני שלישייה גדול,אריסטוקרט,TH,מוצץ סיליקון גדול לת,Unknown,0.00,יחידה,false,,15.90,0.0000,true,1,9014
7290105180407,false,"בקבוק סטאר רחב, 2+1 מתנה",אריסטוקרט,TH,בקבוק רחב לתינוק ארי,Unknown,0.00,יחידה,false,,29.90,0.0000,true,1,9012
7290105180971,false,מדחום גליום אקולוגי ללא כספית מאושר לשימוש בשבת,אריסטוקרט,CN,מד חום גליום ללא כספ,Unknown,0.00,יחידה,false,,19.90,0.0000,true,1,42423
7290105181343,false,בקבוק צר אריסטוקרט 6,אריסטוקרט,TH,בקבוק צר אריסטוקרט 6,Unknown,0.00,יחידה,false,,24.90,0.0000,true,1,21938
7290105181725,false,צלחת האכלה + כפית רג,אריסטוקרט,CN,צלחת האכלה + כפית רג,Unknown,0.00,יחידה,false,,24.90,0.0000,true,1,42422
7290105181732,false,מוצץ מלכות - זוג בקופסה רב שימושית,אריסטוקרט,IL,מוצצים סדרת מלכות אר,Unknown,0.00,יחידה,false,,19.90,0.0000,true,1,42424
7290105181855,false,"וזלין 100 גרם כשל""פ הרב לנדא אריסטוקרט",הרבל קוסמטיקס,IL,ג'ל פטרוליאום טהור א,מיליליטרים,100.00,"100 מ""ל",false,,7.90,0.0790,true,1,63596
7290105182036,false,מברשות שיניים סיליקון [מאושרת לשבת],אריסטוקרט,CN,מברשת שיניים סיליקון,Unknown,0.00,יחידה,false,,11.90,0.0000,true,1,55324
7290105182050,false,"אצטון 250 מ""ל",גרינפארם ים המלח,IL,"אצטון 250 מ""ל",מיליליטרים,250.00,"100 מ""ל",false,,5.90,0.0236,true,1,56649
7290105182067,false,"אלכוהול 70% 250 מ""ל",אריסטוקרט,IL,"אלכוהול 70% 250 מ""ל",מיליליטרים,250.00,"100 מ""ל",false,,11.90,0.0476,true,1,56650
7290105182111,false,קיסמי שיניים דנטלים,אריסטוקרט,CN,קיסמי שיניים דנטלים,Unknown,0.00,יחידה,false,,14.90,0.0000,true,1,56087
7290105182128,false,מקלוני חוט דנטלי 200,אריסטוקרט,CN,מקלוני חוט דנטלי 200,Unknown,0.00,יחידה,false,,14.90,0.0000,true,1,56088
7290105182258,false,שפתון פטסטיק לריכוך,הרבל קוסמטיקס,IL,שפתון פטסטיק לריכוך,Unknown,0.00,יחידה,false,,14.90,0.0000,true,1,61230
7290105182265,false,מברשת ספינר לניקוי ב,אריסטוקרט,,מברשת ספינר לניקוי ב,Unknown,0.00,יחידה,false,,19.90,0.0000,true,1,63720
7290105360250,false,קפסולות 09 עשיר וארומטי למכונת נספרסו עלית 10יח',הנסיך- מפעל לייצור ט,IL,קפסולות עלית מס 9 למ,Unknown,0.00,יחידה,false,,15.50,0.0000,true,1,10409
7290105360328,false,קפסולות אספרסו חזק למכונות נספרסו 10 יח',הנסיך- מפעל לייצור ט,IL,קפסולות עלית מס 10 ל,Unknown,0.00,יחידה,false,,15.50,0.0000,true,1,10410
7290105362339,false,"שמנת לבישול 15% 250 מ""ל יטבתה מהדרין",שטראוס גרופ,IL,שמנת לבישול 15% יטבת,מיליליטרים,250.00,"100 מ""ל",false,,7.60,0.0304,true,1,7223
7290105364678,false,"אקטיביה משקה יוגורט בטעם אפרסק שטראוס 250 מ""ל",מיוצר עי קונדיטוריית,IL,משקה אקטיביה אפרסק 1,גרמים,250.00,100 גרם,false,,4.80,0.0192,true,1,51619
7290105366023,false,סלט חצילים בטעם כבד אחלה 400 גרם,מיוצר עי קונדיטוריית,IL,חציל בטעם כבד טעמי ה,גרמים,400.00,100 גרם,false,,14.90,0.0373,true,1,6335
7290105366047,false,טחינה לבנה אחלה 400 גרם,מיוצר עי קונדיטוריית,IL,טחינה לבנה טעמי השוק,גרמים,400.00,100 גרם,false,,14.90,0.0373,true,1,6419
7290105366993,false,סימפוניה גבינת שמנת פלפל שיפקה 5% שטראוס 200 גרם,"שטראוס בריאות בע""מ",IL,גבינת שמנת פלפל שיפק,גרמים,200.00,100 גרם,false,,9.70,0.0485,true,1,11165
7290105368331,false,מעדן מילקי בטעם תות עם קצפת,מחלבת אחיהוד,IL,מילקי תות 133 גרם,גרמים,133.00,100 גרם,false,,2.80,0.0211,true,1,7336
7290105368904,false,"שמנת מתוקה להקצפה 32% שומן 250 מ""ל יוטבתה",שטראוס גרופ,IL,שמנת מתוקה להקצפה 32,מיליליטרים,250.00,"100 מ""ל",false,,6.90,0.0276,true,1,7897
7290105368928,false,"שמנת 9% שומן 200 מ""ל יוטבתה",שטראוס גרופ,IL,שמנת חמוצה 9% יטבתה,מיליליטרים,200.00,"100 מ""ל",false,,2.90,0.0145,true,1,7221
7290105369130,false,סימפוניה גבינת שמנת בצל ירוק 5% שטראוס 200 גרם,"שטראוס בריאות בע""\מ",IL,גבינת שמנת בצל ירוק,גרמים,200.00,100 גרם,false,,9.70,0.0485,true,1,8515
7290105430441,false,תחליב רחצה סחלב שחור וקרם לחות Naturals משאבה,הנסיך- מפעל לייצור ט,TR,תחליב פלמוליב סחלב ש,מיליליטרים,750.00,"100 מ""ל",false,,19.50,0.0260,true,1,9081
7290105430458,false,תחליב רחצה מועשר בשקדים וקרם לחות Naturals משאבה,הנסיך- מפעל לייצור ט,TR,תחליב פלמוליב שקדים,מיליליטרים,750.00,"100 מ""ל",false,,19.50,0.0260,true,1,9082
7290105430496,false,ליידי ספיד סטיק סטיינגארד ספריי,קולגייט-פלמוליב,RU,דאו ספריי ספיד סטיק,מיליליטרים,165.00,"100 מ""ל",false,,13.90,0.0842,true,1,9574
7290105431950,false,ליידי ספיד סטיק פרש אסנס דאו ספריי פרפקט,קולגייט-פלמוליב,RU,דאו ספריי ליידי ספיד,מיליליטרים,150.00,"100 מ""ל",false,,13.90,0.0927,true,1,18050
7290105433961,false,"ליידי ספיד סטיק לסס פרש אסנס ספריי דובדבן, 150 מ""ל",קולגייט-פלמוליב,RU,דאו ספריי ליידי ספיד,מיליליטרים,150.00,"100 מ""ל",false,,13.90,0.0927,true,1,12411
7290105434029,false,"ספיד סטיק - דאודורנט ספריי לגבר נוטרו פאואר 150 מ""ל",הנסיך- מפעל לייצור ט,RU,דאו ספריי ספיד סטיק,מיליליטרים,150.00,"100 מ""ל",false,,13.90,0.0927,true,1,17917
7290105434067,false,ספיד סטיק - דאודורנט סטיק לגבר XL אושן סרף 85 גרם,קולגייט פלמוליב,US,דאו ספיד סטיק אושן 8,גרמים,85.00,100 גרם,false,,18.90,0.2224,true,1,18739
7290105439499,false,מאסטר שף מאסטר שף מיונז 480 גר כשלפ,רמיה סי.וי. הולנד,NL,מיונז מאסטר שף 480 ג,גרמים,480.00,100 גרם,false,,9.90,0.0206,true,1,21181
7290105439505,false,מאסטר שף קרם בטעם מיונז לייט 479 גר כשלפ,רמיה סי.וי. הולנד,NL,מיונז לייט מאסטר שף,גרמים,521.00,100 גרם,false,,9.90,0.0190,true,1,49916
7290105439581,false,מנה מאסטר שף חרדל דיזיון צרפתי 370 גר,רמיה סי.וי.הולנד,FR,חרדל דיזון צרפתי מאס,גרמים,370.00,100 גרם,false,,9.90,0.0268,true,1,21183
7290105691248,false,אסם חטיפי פריכונים טורטייה תירס 60 גרם,"פרח תעשיות מזון בע""מ.",IL,חטיפי טורטייה תירס 6,גרמים,60.00,100 גרם,false,,6.90,0.1150,true,1,8235
7290105691934,false,קמח שמרים אסם 1 קילו,תאי פרזידנט פוד פאבל,IL,"קמח שמרים אסם 1 ק""ג",פריט,1.00,"ק""ג",false,,7.90,7.9000,true,1,7931
7290105693457,false,עוגת הבית דמקה שוקו וניל אסם 320 גרם,מיוצר עי קונדיטוריית,IL,עוגת דמקה אסם 320 גר,גרמים,320.00,100 גרם,false,,10.90,0.0341,true,1,7300
7290105694614,false,פסטה ספגטי מהיר הכנה אסם 500 גרם,פסטה זארה,IT,ספגטי אסם מהיר הכנה,גרמים,500.00,100 גרם,false,,4.90,0.0098,true,1,63
7290105695024,false,פתיתים אפויים אורז עם אטריות אסם 500 גרם,"אסם השקעות בע""\מ",IL,פתיתים אורז עם אטריו,גרמים,500.00,100 גרם,false,,4.90,0.0098,true,1,8408
7290105695321,false,עוגת הבית בראוניס פאדג' אסם 380 גרם,מיוצר עי קונדיטוריית,IL,עוגת בראוניס פאדג אס,גרמים,380.00,100 גרם,false,,14.90,0.0392,true,1,7677
7290105962331,false,סחוג תימני אדום חריף מאוד זהבי הכרם 220 גרם,קריניסה ויטמין אס אי,IL,סחוג תימני חריף זהבי,גרמים,220.00,100 גרם,false,,9.90,0.0450,true,1,13752
7290105965738,false,יוגורט לשתיה בטעם תות בננה267 ג' דנונה,מיוצר עי קונדיטוריית,IL,משקה יוגורט תות בננה,גרמים,267.00,100 גרם,false,,4.50,0.0169,true,1,18184
7290105968098,false,"סלט קולסלאו 500 גרם ""אחלה""",שטראוס גרופ סלטים,IL,קולסלאו אחלה 500 גרם,גרמים,500.00,100 גרם,false,,14.90,0.0298,true,1,8023
7290105968654,false,רביולי בטטה פרווה פסטה נונה 400 ג',מיוצר עי קונדיטוריית,IL,רביולי בטטה שטראוס 4,גרמים,400.00,100 גרם,false,,16.70,0.0417,true,1,8405
7290105968777,false,פריכיות 5 דגנים עם תחתית שוקולד מריר 70 גרם,"טחנת האבן תעשיות בע""",IL,פריכיות אנרג'י תחתית,גרמים,70.00,100 גרם,false,,7.50,0.1071,true,1,9602
7290106413924,false,מארז מקלות ביסקוויט,שאנטו קראנצי פרדי,CN,מארז מקלות ביסקוויט,גרמים,150.00,100 גרם,false,,9.90,0.0660,true,1,26163
7290106509825,false,אולוויז קואטרו פלטינום 28 יח,פרוקטר & גמבל,DE,תחבושות אלוויז פלטני,Unknown,0.00,יחידה,false,,29.90,0.0000,true,1,48067
7290106520066,false,"רבע לשבע שוקולד חלב במילוי אגוזים עלית 160 גרם בד""צ","הגביע מוצרי וופלים בע""\מ",IL,גלילי ופל רבע לשבע 1,גרמים,160.00,100 גרם,false,,9.60,0.0600,true,1,8397
7290106520288,false,יוגורט פרו חלבון עם תות 2.4% שומן 150 ג' דנונה,"שטראוס בריאות בע""מ",IL,דנונה WOW תות 150 גר,מיליליטרים,150.00,"100 מ""ל",false,,4.50,0.0300,true,1,21497
7290106520905,false,סלט טורקי אחלה 400 גרם,"שטראוס גרופ בע""\מ",IL,סלט טורקי טעמי השוק,גרמים,400.00,100 גרם,false,,14.90,0.0373,true,1,8822
7290106520912,false,"שמנת 9% לבישול יטבתה 250 מ""ל מהדרין",שטראוס גרופ,IL,שמנת לבישול 9% יטבתה,מיליליטרים,250.00,"100 מ""ל",false,,7.60,0.0304,true,1,9634
7290106524439,false,"תפוצ'יפס פופס 60 גרם ""עלית""","שטראוס פריטו ליי בע""\מ )",IL,"תפוציפס תפו""א אפוי 6",גרמים,60.00,100 גרם,false,,3.50,0.0583,true,1,32184
7290106525399,false,קפסולות 06 ברזיל למכונות נספרסו עלית 10יח',הנסיך- מפעל לייצור ט,IL,קפסולות עלית מס 06 ב,Unknown,0.00,יחידה,false,,15.50,0.0000,true,1,26122
7290106525405,false,קפסולות למכונת נספרסו נטול קפאין,שטראוס קפה בי.וי.,IL,קפסולות עלית נטול מס,גרמים,50.00,100 גרם,false,,15.50,0.3100,true,1,22251
7290106526822,false,פריכיות אורז חום מלא תחתית שוקולד חלב 80 גרם,"טחנת האבן תעשיות בע""",IL,פריכיות אנרג'י תחתית,גרמים,80.00,100 גרם,false,,7.50,0.0938,true,1,14752
7290106527263,false,מארז תפוציפס כפול 16,שטראוס,IL,מארז תפוציפס כפול 16,גרמים,480.00,100 גרם,false,,23.90,0.0498,true,1,10845
7290106572027,false,אוסם - לחמית חמישה דגנים 190 גרם,"אסם השקעות בע""\מ",IL,לחמית חמישה דגנים 20,גרמים,200.00,100 גרם,false,,7.90,0.0395,true,1,8450
7290106572065,false,חטיפי פריכונים טורטיה חמוץ מתוק 60 גרם,"פרח תעשיות מזון בע""מ",IL,חטיפי טורטייה חמוץ מ,גרמים,60.00,100 גרם,false,,6.90,0.1150,true,1,8449
7290106573024,false,סירופ דיאט אננס 1 ליטר עסיס,בית השיטה עסיס תעשיו,IL,סירופ עסיס אננס דיאט,קילוגרמים,1.00,ליטר,false,,15.90,15.9000,true,1,31415
7290106573598,false,צבר חומוס לבנוני 400 גרם,סלטי צבר,IL,חומוס לבנוני 400 גרם,גרמים,400.00,100 גרם,false,,11.30,0.0283,true,1,39788
7290106573642,false,חומוס צנוברים צבר 400 גרם,סלטי צבר,IL,חומוס צנובר צבר 400,גרמים,400.00,100 גרם,false,,11.90,0.0298,true,1,9652
7290106574953,false,בייגלה שטוחים כעכים שטוחים עם שומשום,מיוצר עי קונדיטוריית,IL,בייגלה שטוחים שומשום,גרמים,300.00,100 גרם,false,,9.90,0.0330,true,1,10060
7290106574977,false,בייגלה שטוחים כעכים שטוחים עם מלח,מיוצר עי קונדיטוריית,IL,בייגלה שטוחים מלח 30,גרמים,300.00,100 גרם,false,,9.90,0.0330,true,1,10059
7290106575257,false,עוגת הבית סופלה בטעם שוקולד 340 ג' אסם,מיוצר עי קונדיטוריית,IL,עוגת סופלה שוקולד אס,גרמים,340.00,100 גרם,false,,10.90,0.0321,true,1,10965
7290106575431,false,עוגת הבית סופלה בטעם שוקוניל 340 ג' אסם,מיוצר עי קונדיטוריית,IL,עוגת סופלה שוקו וניל,גרמים,340.00,100 גרם,false,,10.90,0.0321,true,1,10966
7290106576223,false,"אפרופו שוקולד 40 גרם ""אסם""",מיוצר עי קונדיטוריית,IL,אפרופו שוקולד 50 גרם,גרמים,50.00,100 גרם,false,,4.50,0.0900,true,1,30667
7290106576513,false,סלט חומוס צבר 400 גר,סלטי צבר,IL,חומוס 400 גרם צבר,גרמים,400.00,100 גרם,false,,9.90,0.0248,true,1,11862
7290106576537,false,חומוס מסעדות צבר 700 גרם,סלטי צבר,IL,חומוס מסעדה צבר 700,גרמים,700.00,100 גרם,false,,10.80,0.0154,true,1,10983
7290106576797,false,"לה קרמריה גלידת וניל איטלקי כשל""פ 1.4ל'",תות תעשיות מזון (201,IL,גלידה לה קרמריה וניל,קילוגרמים,1.40,ליטר,false,,17.50,12.5000,true,1,11640
7290106576810,false,גלידה לה קרמריה ריבת חלב 1.4 ל' נסטלה,לה קרמריה- נסטלה,IL,גלידה לה קרמריה ריבת,קילוגרמים,1.40,ליטר,false,,17.50,12.5000,true,1,11639
7290106576834,false,גלידה לה קרמריה פונטש בננה1.4 ל' נסטלה,תות תעשיות מזון (201,IL,גלידה לה קרמריה פונט,קילוגרמים,1.40,ליטר,false,,17.50,12.5000,true,1,11644
7290106576858,false,גלידה לה קרמריה תותים בשמנת 1.4 ל' נסטלה,גלידות נסטלה )נגה גלידות,IL,גלידה לה קרמריה תותי,קילוגרמים,1.40,ליטר,false,,17.50,12.5000,true,1,11643
7290106576919,false,גלידה קרמריה סורבה תות לימון 1.4 ליטר,גלידות נסטלה )נגה גלידות,IL,שרבט לה קרמריה תות ל,קילוגרמים,1.40,ליטר,false,,17.50,12.5000,true,1,11642
7290106576957,false,"לה קרמריה גלידת שוקו וניל פליק פרווה כשל""פ 1.4",תות תעשיות מזון (201,IL,גלידה לה קרמריה שוקו,קילוגרמים,1.40,ליטר,false,,17.50,12.5000,true,1,11645
7290106576971,false,גלידה לה קרמריה שוקולד בלגי 1.4 ל' נסטלה,תות תעשיות מזון (201,IL,גלידה לה קרמריה שוקו,קילוגרמים,1.40,ליטר,false,,17.50,12.5000,true,1,11638
7290106576995,false,גלידה סורבה לה קרמריה תות מנגו לייט 1.4 ל' נסטלה,גלידות נסטלה )נגה גלידות,IL,שרבט לה קרמריה תות מ,קילוגרמים,1.40,ליטר,false,,17.50,12.5000,true,1,11992
7290106577039,false,גלידה לה קרמריה שוקו וניל פליק 1.4 ל' נסטלה,תות תעשיות מזון (201,IL,גלידה לה קרמריה וניל,קילוגרמים,1.40,ליטר,false,,17.50,12.5000,true,1,11641
7290106577282,false,טחינה אמיתית מרובע 400 ג' צבר,סלטי צבר,IL,טחינה צבר 400 גרם,גרמים,400.00,100 גרם,false,,11.90,0.0298,true,1,10974
7290106577572,false,מטבוחה אמיתית מרובע 400 ג' צבר,סלטי צבר,IL,מטבוחה צבר 400 גרם,גרמים,400.00,100 גרם,false,,11.90,0.0298,true,1,10973
7290106578692,false,ביסלי במבה מיקס מהדורת אליפות אסם 80 גרם,פרו מן יו פתרונות אר,IL,במבה ביסלי מיקס 80 ג,גרמים,80.00,100 גרם,false,,3.90,0.0487,true,1,12516
7290106578821,false,עוגת הבית שמרים קלאסית שוקולד אסם 350 גרם,מיוצר עי קונדיטוריית,IL,עוגת שמרים שוקולד אס,גרמים,350.00,100 גרם,false,,14.90,0.0426,true,1,12252
7290106658479,false,עלית וופל בטעם טורטית אגוזים 360גר,"שטראוס גרופ בע""\מ",IL,טורטית 40 גרם,גרמים,40.00,100 גרם,false,,3.90,0.0975,true,1,61263
7290106663091,false,"לאבנה 9 % עם שמן זית 500 גר' ""שטראוס""",הדקלאים אגודת שיתופי,IL,לאבנה 9% שטראוס 500,מיליליטרים,500.00,"100 מ""ל",false,,16.90,0.0338,true,1,18183
7290106663503,false,קונפיטורה לייט תות יד מרדכי 230 גרם,אף.סי תבליני בגליל ב,IL,קונפיטורה תות לייט י,גרמים,250.00,100 גרם,false,,11.90,0.0476,true,1,14931
7290106664067,false,לאבנה עם שמן זית וזעתר 10% שטראוס 400 ג',הדקלאים אגודת שיתופי,IL,לאבנה עם שמן זית וזע,גרמים,400.00,100 גרם,false,,13.90,0.0348,true,1,19947
7290106664555,false,"רוטב שמנת עם עגבניות 9% שומן 250 מ""ל יוטבתה",שטראוס גרופ,IL,רוטב שמנת עגבניות 9%,מיליליטרים,250.00,"100 מ""ל",false,,9.80,0.0392,true,1,20548
7290106668713,false,יוגורט עם פירות יער 3% שומן 150 ג' דנונה,מיוצר עי קונדיטוריית,IL,דנונה פרי פירות יער,מיליליטרים,150.00,"100 מ""ל",false,,3.50,0.0233,true,1,18182
7290106669857,false,קפסולות אספרסו בטעם וניל עלית 10 יחידות,הנסיך- מפעל לייצור ט,IL,קפסולות עלית אספרסו,Unknown,0.00,יחידה,false,,15.50,0.0000,true,1,28389
7290106721913,false,מסטיק מאסט MUST ללא סוכר בטעם מנטה מרעננת,"שטראוס גרופ בע""מ",IL,מסטיק בזוקה צנצנת רי,גרמים,66.00,100 גרם,false,,8.90,0.1348,true,1,19179
7290106721920,false,צנצנת מסטיק מאסט בטעם ספירמינט עדין 66 ג' עלית,"שטראוס גרופ בע""\מ.",IL,מסטיק ספירמינט צנצנת,גרמים,66.00,100 גרם,false,,8.90,0.1348,true,1,19178
7290106726178,false,יוגורט PRO עם פירות יער 2.4% 10 גרם חלבון בגביע,מיוצר עי קונדיטוריית,IL,דנונה WOW פירות יער,מיליליטרים,150.00,"100 מ""ל",false,,4.50,0.0300,true,1,19958
7290107280020,false,שלישיית מטליות לחות לניקוי כללי סנו סושי 50 יחידות,טרופיקל דגיל- תעשיות,IL,מטליות לחות סנו סושי,Unknown,0.00,יחידה,false,,16.90,0.0000,true,1,10195
7290107280341,false,ריצפז מטליות לחות לניקוי הרצפה בניחוח מלון מפנק,"סנו מפעלי ברונוס סע""",IL,מטליות לחות לרצפה בנ,Unknown,0.00,יחידה,false,,11.70,0.0000,true,1,49166
7290107280563,false,ג'ל אוקסיג'ן בייבי סנו 3 ליטר,"איי, בי, אינבוו",IL,גל אוקסיגן בייבי 3 ל,קילוגרמים,3.00,ליטר,false,,27.90,9.3000,true,1,14231
7290107280655,false,"אבקת כביסה בייבי סנו מקסימה 3.25 ק""ג",סנו מקסימה,IL,אבקת מקסימה בייבי 3.,פריט,3.25,"ק""ג",false,,29.90,9.2000,true,1,14825
7290107280761,false,נוזל לניקוי כלים בניחוח לימון רענן סנו ספארק Spark,מיוצר עי קונדיטוריית,IL,נוזל כלים ספארק + מש,קילוגרמים,1.00,ליטר,false,,9.90,9.9000,true,1,15251
7290107649605,false,קליק אקסטרא לארג שוקולד חלב עם פתיתי תירס ודגנים,יוניליוור ישראל מזון בעמ,IL,שוקולד קליק קורנפלקס,גרמים,85.00,100 גרם,false,,4.90,0.0576,true,1,35757
7290107871990,false,"פסטה צינורות 500 גרם ""אסם""",פסטה זארה,IT,פסטה צינורות אסם 500,גרמים,500.00,100 גרם,false,,4.90,0.0098,true,1,13629
7290107875400,false,גלידה לה קרמריה פיסטוק מוקה 1.4 ל' נסטלה,גלידות נסטלה )נגה גלידות,IL,גלידה לה קרמריה פיסט,קילוגרמים,1.40,ליטר,false,,17.50,12.5000,true,1,15089
7290107879521,false,קרחוני לה פרוטה La Frutta תות שדה - 5 יח',גלידות נסטלה )נגה גלידות,IL,שלגוני לה פרוטה תות,גרמים,350.00,100 גרם,false,,17.90,0.0511,true,1,22281
7290107879569,false,קרחון לה פרוטה שרבט מנגו מאגדת 5יח',גלידות נסטלה )נגה גלידות,IL,שלגוני לה פרוטה מנגו,גרמים,350.00,100 גרם,false,,17.90,0.0511,true,1,22283
7290107930321,false,קונפיטורת יד מרדכי דובדובן 340 גרם,"בית אל מזון בע""מ",IL,קונפיטורה דובדבן יד,גרמים,340.00,100 גרם,false,,12.90,0.0379,true,1,19174
7290107932080,false,חלב מועשר יוטבתה בבקבוק 3% 1 ליטר,מחלבת יטבתה,IL,חלב מועשר 3% יטבתה 1,קילוגרמים,1.00,ליטר,false,,7.20,7.2000,true,1,25807
7290107932134,false,חלב מועשר יוטבתה בבקבוק 1% 1 ליטר,מחלבת יטבתה,IL,חלב מועשר 1% יטבתה 1,קילוגרמים,1.00,ליטר,false,,7.20,7.2000,true,1,25809
7290107934473,false,שמינייה יוגורט לבן אקטיביה 1.5% דנונה 150 גרם,"שטראוס גרופ בע""\מ",IL,מארז יוגורט אקטיביה,קילוגרמים,1.20,ליטר,false,,19.90,16.5833,true,1,19368
7290107937542,false,משקה יוגורט אקטיביה עם תות 1.2% שומן,מיוצר עי קונדיטוריית,IL,משקה אקטיביה תות 1.2,גרמים,250.00,100 גרם,false,,4.80,0.0192,true,1,51620
7290107937641,false,צנצנת מסטיק בזוקה קוביות ללא סוכר,אסקום קונפקשיין,DE,מסטיק בזוקה קוביות צ,גרמים,58.00,100 גרם,false,,8.90,0.1534,true,1,25819
7290107937856,false,קפסולות 11חזק למכונות נספרסו עלית 10יח',הנסיך- מפעל לייצור ט,IL,קפסולות עלית מס 11 ל,גרמים,50.00,100 גרם,false,,15.50,0.3100,true,1,26121
7290107938396,false,שמיניית אקטימל תות דיסני בנים 108 גרם,מיוצר עי קונדיטוריית,IL,אקטימל תות דנונה 8*1,מיליליטרים,800.00,"100 מ""ל",false,,19.50,0.0244,true,1,43029
7290107940467,false,אקטיביה יוגורט 1.5% שומן 200 ג' דנונה,מיוצר עי קונדיטוריית,IL,יוגורט אקטיביה 1.5%,מיליליטרים,200.00,"100 מ""ל",false,,3.70,0.0185,true,1,24562
7290107944243,false,אפיפיות בטעם שוקולד 200 גרם כשר לפסח,"שטראוס גרופ בע""\מ",IL,ופל אפיפית בטעם שוקו,גרמים,200.00,100 גרם,false,,6.90,0.0345,true,1,56226
7290107944472,false,סימפוניה גבינה במרקם שמנת 5% שום שמיר,"שטראוס בריאות בע""\מ",IL,גבינת שמנת שום שמיר,גרמים,200.00,100 גרם,false,,9.70,0.0485,true,1,26480
7290107945165,false,קונפיטורת משמש יד מרדכי 340 גרם,אף.סי תבליני בגליל ב,IL,קונפיטורה משמש יד מר,גרמים,340.00,100 גרם,false,,12.90,0.0379,true,1,28290
7290107950190,false,מעדן חלב דל קלוריות בטעם שוקולד מריר 0.5% שומן,מיוצר עי קונדיטוריית,IL,מעדן דיאט שוקולד מרי,מיליליטרים,130.00,"100 מ""ל",false,,3.20,0.0246,true,1,25800
7290107950206,false,מעדן חלב דל קלוריות בטעם שוקולד 0% שומן,מיוצר עי קונדיטוריית,IL,מעדן דיאט שוקולד 0%,מיליליטרים,130.00,"100 מ""ל",false,,3.20,0.0246,true,1,25801
7290107951104,false,בפלות ופלים ארוכים בטעם שוקולד,"שטראוס גרופ בע""\מ",IL,בפלות שוקולד 200 גרם,גרמים,200.00,100 גרם,false,,3.90,0.0195,true,1,26131
7290107953559,false,"מארז קפה טורקי עלית לדרך כשל""פ 168 גרם",הנסיך- מפעל לייצור ט,IL,קפה טורקי לדרך 24 יח,גרמים,168.00,100 גרם,false,,16.90,0.1006,true,1,48864
7290107956642,false,"תרסיס שמן זית 150 מ""ל יד מרדכי כשלפ",פארייפאבה אגרואינדוס,ES,תרסיס שמן זית יד מרד,מיליליטרים,150.00,"100 מ""ל",false,,14.90,0.0993,true,1,55041
7290107956710,false,מארז מיני מילקי 70 גרם 16 יחידות,"שטראוס גרופ בע""\מ",IL,מארז מילקי מיני שוקו,פריט,1.12,"ק""ג",false,,19.90,17.7679,true,1,28480
7290107956925,false,קפסולות 13 אוגנדה למכונת נספרסו עלית 10יח',שטראוס קפה בי.וי.,IL,קפסולות עלית מס 13 א,גרמים,50.00,100 גרם,false,,15.50,0.3100,true,1,38784
7290107956963,false,"דנונה וניל 3% תות מארז 12X100מ""ל",שטראוס מחלבות,IL,מארז דנונה פרי תות 1,פריט,1.20,"ק""ג",false,,19.90,16.5833,true,1,30345
7290107958035,false,יוגורט במתיקות מעודנת 2% ללא תוספת סוכר- מארז 8 יח,"שטראוס בריאות בע""\מ",IL,מארז דנונה במתיקות 8,פריט,1.20,"ק""ג",false,,17.90,14.9167,true,1,31485
7290107958639,false,"מטבוחה מרוקאית חריפה 400 גרם ""אחלה""",מיוצר עי קונדיטוריית,IL,מטבוחה מרוקאית חריפה,גרמים,400.00,100 גרם,false,,14.90,0.0373,true,1,60022
7290107970020,false,תרסיס אגקס חלונות 3*,קולגייט פלמוליב,BY,תרסיס אגקס חלונות 3*,קילוגרמים,2.25,ליטר,false,,27.90,12.4000,true,1,17675
7290107971720,false,משחת קולגייט טריפל א,קולגייט פלמוליב,PL,משחת קולגייט טריפל א,גרמים,450.00,100 גרם,false,,24.90,0.0553,true,1,20978
7290107973861,false,מאסטר שף עגבניות קצוצות דק שלישיה 400ג*3 כשלפ,קונסרזיו קאסאלאסקו ד,IT,מארז עגבניות קצוצות,פריט,1.20,"ק""ג",false,,15.90,13.2500,true,1,26524
7290107975346,false,ספיד סטיק - דאודורנט ג'ל לגבר כוח הטבע 85 גרם,קולגייט-פלמוליב,US,דאו גל ספיד סטיק כח,Unknown,0.00,יחידה,false,,17.90,0.0000,true,1,37402
7290107975360,false,ליידי ספיד סטיק פיור פרשנס ג'ל נשים 65ג',ליידי ספיד סטיק Lady Speed Stick,US,דאו גל ליידי ספיד סט,Unknown,0.00,יחידה,false,,18.90,0.0000,true,1,37396
7290107975544,false,"קולגייט משחת שיניים סמיילס ברבי לגילאי 6 50מ""ל",קולגייט- פלמוליב,PL,משחת קולגייט ילדים ב,מיליליטרים,50.00,"100 מ""ל",false,,11.90,0.2380,true,1,38727
7290107976848,false,פלמוליב סבון מוצק קמומיל רביעייה 360 ג,קולגייט-פלמוליב,TR,סבון מוצק פלמוליב קמ,גרמים,360.00,100 גרם,false,,16.50,0.0458,true,1,35565
7290107977456,false,"פלמוליב - ג'ל רחצה ושמפו ספורט לגבר 750 מ""ל",קולגייט פלמוליב,TR,ג'ל רחצה פלמוליב לגב,מיליליטרים,750.00,"100 מ""ל",false,,19.50,0.0260,true,1,48565
7290107978132,false,קולגייט מברשת זיגזג שישייה,קולגייט פלמוליב,PL,מברשת קולגייט זיג זג,Unknown,0.00,יחידה,false,,14.90,0.0000,true,1,51621
7290107978453,false,חטיף בטעם גריל קראנצ,קראנצ'וס,IL,קראנצוס גריל 55 גרם,Unknown,0.00,יחידה,false,,1.90,0.0000,true,1,30388
7290108197129,false,"כהל 95% 500 מ""ל כשל""",ישראליקר,IL,"כהל 95% 500 מ""ל כשל""",מיליליטרים,500.00,"100 מ""ל",false,,74.90,0.1498,true,1,45028
7290108350531,false,סנו ספארק נוזל כלים בניחוח קלאסי עם משאבה 1 ל',מיוצר עי קונדיטוריית,IL,נוזל כלים ספארק + מש,קילוגרמים,1.00,ליטר,false,,9.90,9.9000,true,1,17743
7290108350548,false,סנו ספארק נוזל כלים בניחוח לבנדר עם משאבה 1 ל',מיוצר עי קונדיטוריית,IL,נוזל כלים ספארק + מש,קילוגרמים,1.00,ליטר,false,,9.90,9.9000,true,1,17744
7290108350616,false,סנו - מקסימה מרכך כביסה מרוכז פריחה כחולה 1 ליטר,"סנו מפעלי ברונוס בע""\מ",IL,מרכך מקסימה סופר מרו,קילוגרמים,1.00,ליטר,false,,17.50,17.5000,true,1,23237
7290108350623,false,מרכך כביסה סופר מרוכז סופט סילק מקסימה 1 ל' סנו,"סנו מפעלי ברונוס בע""\מ",IL,מרכך מקסימה סופר מרו,קילוגרמים,1.00,ליטר,false,,17.50,17.5000,true,1,23236
7290108351507,false,מרכך כביסה אינספרישיין סנו מקסימה 4 ליטר,סנו מקסימה,IL,מרכך מקסימה אינספריי,קילוגרמים,4.00,ליטר,false,,21.50,5.3750,true,1,26617
7290108351514,false,מרכך כביסה בלו בלוסום סנו מקסימה 4 ליטר,סנו מקסימה,IL,מרכך מקסימה בלוסום 4,קילוגרמים,4.00,ליטר,false,,21.50,5.3750,true,1,26616
7290108351613,false,סנו ריצפז פרש הום 2 ליטר בניחוח מלון חלומי,"סנו מפעלי ברונוס בע""\מ",IL,ריצפז פרש הום מלון ח,קילוגרמים,2.00,ליטר,false,,19.70,9.8500,true,1,28385
7290108351675,false,גל כביסה סנו מקסימה מיקס אנד ווש 5 ל,סנו מפעלי ברונוס בעמ,IL,גל מקסימה מיקס אנד ו,קילוגרמים,5.00,ליטר,false,,41.90,8.3800,true,1,64235
7290108351682,false,גל כביסה סנו מקסימה ביו קולד ווטר 5 ל,"סנו מפעלי ברונוס בע""\מ",IL,גל מקסימה ביו קולד 5,קילוגרמים,5.00,ליטר,false,,41.90,8.3800,true,1,37383
7290108351804,false,מרכך כביסה סופר מרוכז Gentl Breeze סנו מקסימה 1 ליטר,מיוצר עי קונדיטוריית,IL,מרכך מקסימה סופר מרו,קילוגרמים,1.00,ליטר,false,,17.50,17.5000,true,1,47583
7290108351811,false,מרכך כביסה סופר מרוכז Floral touch סנו מקסימה 1 ליטר,מיוצר עי קונדיטוריית,IL,מרכך מקסימה סופר מרו,קילוגרמים,1.00,ליטר,false,,17.50,17.5000,true,1,47584
7290108351835,false,מרכך כביסה Pure Sensation סנו מקסימה 4 ליטר,מיוצר עי קונדיטוריית,IL,מרכך מקסימה פלורל 4,קילוגרמים,4.00,ליטר,false,,21.50,5.3750,true,1,48941
7290108352047,false,אורביטול - צמד מברשות שיניים 808 + חוט דנטלי במתנה,החברה הדרומית,CN,מברשת אורביטול לחניכ,Unknown,0.00,יחידה,false,,18.90,0.0000,true,1,62984
7290108352054,false,אורביטול - צמד מברשות שיניים 980 + חוט דנטלי במתנה,החברה הדרומית,CN,מברשת אורביטול סיבים,Unknown,0.00,יחידה,false,,18.90,0.0000,true,1,62985
7290108352092,false,משחת שיניים אורביטול פרוטקטיב סולט בטעם מנטה,טרופיקל דגיל תעשיות קוסמ,IL,משחת אורביטול פרוטקט,גרמים,145.00,100 גרם,false,,17.90,0.1234,true,1,52856
7290108352092,false,משחת שיניים אורביטול פרוטקטיב סולט בטעם מנטה,טרופיקל דגיל תעשיות קוסמ,IL,משחת אורביטול פרוטקט,גרמים,145.00,100 גרם,false,,17.90,0.1234,true,1,52856
7290108352115,false,סנובון ווייב לאסלה בתוספת אקונומיקהה 45X3ג',סנו סנובון,IL,סבון אסלה סנובון ז'א,גרמים,165.00,100 גרם,false,,9.90,0.0600,true,1,49375
7290108352146,false,"סנובון נוזלי בניחוח מנגוליה ונרולי סנו 750 מ""ל",סנו מפעלי ברונוס בעמ,IL,סנובון ג'ל מגנוליה ו,מיליליטרים,750.00,"100 מ""ל",false,,8.90,0.0119,true,1,51313
7290108352153,false,"סנובון נוזלי בניחוח לוטוס וסחלב סנו 750 מ""ל",מיוצר עי קונדיטוריית,IL,סנובון ג'ל לוטוס וסח,מיליליטרים,750.00,"100 מ""ל",false,,8.90,0.0119,true,1,51311
7290108352207,false,מקסימה 40 קפסולות לכביסה בניחוח fresh burst,"גליל כימיקלים, א.ת. צפונ",IL,קפסולות ג'ל מקסימה פ,Unknown,0.00,יחידה,false,,28.90,0.0000,true,1,51314
7290108352214,false,סנו - מקסימה קפסולות כביסה בניחוח בריזה מרעננת 40 יח',טרופיקל דגיל תעשיות,IL,קפסולות ג'ל מקסימה ב,Unknown,0.00,יחידה,false,,28.90,0.0000,true,1,51315
7290108352252,false,נוזל לניקוי כלים מתאים לניקוי ירקות ופירות סנו ספארק,"סנו מפעלי ברונוס בע""\מ",IL,נוזל כלים ספארק לחיט,קילוגרמים,1.00,ליטר,false,,9.90,9.9000,true,1,52922
7290108352337,false,"סנו - פרש מילוי למטהר אוויר מלון מפנק 250 מ""ל",מיוצר עי קונדיטוריית,IL,מבשם אויר סנו פרש או,מיליליטרים,250.00,"100 מ""ל",false,,12.90,0.0516,true,1,62996
7290108352344,false,"פרש מבשם אויר אוטומטי בניחוח לבנדר סנו 250 מ""ל",מיוצר עי קונדיטוריית,IL,מבשם אויר סנו פרש או,מיליליטרים,250.00,"100 מ""ל",false,,12.90,0.0516,true,1,62997
7290108352399,false,ריצפז פרש הום בניחוח מרכך כביסה פלורל טאצ',"סנו מפעלי ברונוס בע""\מ",IL,ריצפז פרש הום בניחוח,קילוגרמים,2.00,ליטר,false,,19.70,9.8500,true,1,61501
7290108352498,false,מכשיר אוטומטי מעוצב ואלגנטי עם מילוי מלון בוטיק סנו פרש,"יצרן מכשיר: זובלה, יצרן",IL,סנו פרש מכשיר אוטומט,Unknown,0.00,יחידה,false,,39.90,0.0000,true,1,62994
7290108352535,false,סנו - מקסימה דפי בישום לחים למייבש הכביסה בניחוח מרכך כביסה,טרופיגל דגיל תעשיות קוסמ,IL,דפי בישום לחים מקסימ,Unknown,0.00,יחידה,false,,11.90,0.0000,true,1,62986
7290108352566,false,מרכך כביסה בבישום עוצמתי 4 ל' סנו מקסינה,"סנו מפעלי ברונוס בע""\מ",IL,מרכך מקסימה ג'וי 4 ל,קילוגרמים,4.00,ליטר,false,,21.50,5.3750,true,1,61504
7290108352573,false,מרכך כביסה סנו מקסימה בבישום עוצמתי 4 ליטר,"סנו מפעלי ברונוס בע""\מ",IL,מרכך מקסימה קאלם 4 ל,קילוגרמים,4.00,ליטר,false,,21.50,5.3750,true,1,62982
7290108352672,false,צמד מטליות הפלא לרצפה מיקרפייבר סנו סושי,סנו מפעלי ברונוס.,CN,מטליות רצפה מיקרופיי,Unknown,0.00,יחידה,false,,19.90,0.0000,true,1,29423
7290108352689,false,כריות קרצוף ללכלוך קשה סנו סושי 9 יחידות,טרופיקל דגיל תעשיות,US,כריות קרצוף סנו סושי,Unknown,0.00,יחידה,false,,9.90,0.0000,true,1,23285
7290108352696,false,"סנו סושי- ניילון נצמד+ רחב במיוחד 45 ס""מ",פפין ונטג,IL,ניילון נצמד סנו סושי,מטרים,100.00,מטר,false,,29.90,0.2990,true,1,43066
7290108352825,false,ספוג הפלא נירוסטה סנו סושי 3יח',ltdn s.k.a.tסנו מפעלי בר,CN,ספוג הפלא נירוסטה סנ,Unknown,0.00,יחידה,false,,9.90,0.0000,true,1,37387
7290108352900,false,מגבות נייר בגליל כפול סנו סושי 12=6 גלילים,סנו מפעלי ברונוס בעמ,IL,מגבות נייר סנו סושי,מטרים,126.60,מטר,false,,22.90,0.1809,true,1,47114
7290108353532,false,"שקיות אשפה חזקות עם שרוך לארג' 54 * 65 ס""מ סנו סושי 100 יחידות",סנו סושי,IL,שקיות אשפה עם שרוך 5,Unknown,0.00,יחידה,false,,29.90,0.0000,true,1,49170
7290108353556,false,נייר טואלט סנו סופט שלוש שכבות 32 גלילים,טרופיקל דגיל תעשיות,IL,נייר טואלט תלת שכבתי,מטרים,537.00,מטר,false,,38.90,0.0724,true,1,65006
7290108353815,false,"תחליב רחצה מדיטציה, בניחוח פצ'ולי לבנדר 600 מ""ל קרימה","קוסמופארם בע""\מ",IL,תחליב קרמה + משאבה מ,מיליליטרים,600.00,"100 מ""ל",false,,16.50,0.0275,true,1,64025
7290108353891,false,"קרמה - דאודורנט רול און לאישה קרמה מאסק 75 מ""ל","קוסמופארם בע""\מ",IL,דאו רול און קרמה מאס,מיליליטרים,75.00,"100 מ""ל",false,,11.90,0.1587,true,1,52955
7290108353907,false,"קרמה - דאודורנט רול און לאישה קרמה קלאסי 75 מ""ל","קוסמופארם בע""\מ",IL,דאו רול און קרמה קלא,מיליליטרים,75.00,"100 מ""ל",false,,11.90,0.1587,true,1,52956
7290108353983,false,"קרמה - קרם גוף קרמה קלאסי 500 מ""ל",טרופיקל דגיל תעשיות,IL,קרם גוף קרמה קלאסי 5,מיליליטרים,500.00,"100 מ""ל",false,,19.90,0.0398,true,1,52947
7290108353990,false,"קרמה - קרם גוף קרמה מאסק 500 מ""ל",טרופיקל דגיל תעשיות,IL,קרם גוף קרמה מאסק 50,מיליליטרים,500.00,"100 מ""ל",false,,19.90,0.0398,true,1,52948
7290108354065,false,קרמה מן גל רחצה פילינג 700 מל לגבר,קוסמופארם בע'\'\מ,IL,גל רחצה קרמה מן פילי,מיליליטרים,700.00,"100 מ""ל",false,,16.50,0.0236,true,1,61498
7290108354270,false,מרכך כביסה מרוכז בבישום עוצמתי 1 ל' סנו מקסימה,מיוצר עי קונדיטוריית,IL,מרכך מקסימה סופר מרו,קילוגרמים,1.00,ליטר,false,,17.50,17.5000,true,1,61505
7290108354485,false,"קרליין מרכך 10 לשיער שמן ארגן 700 מ""ל","קוסמופארם בע""\מ",IL,מרכך קרליין 10 ארגן,מיליליטרים,700.00,"100 מ""ל",false,,10.90,0.0156,true,1,64416
7290108354492,false,"קרליין שמפו 10 לשיער שמן ארגן 700 מ""ל","קוסמופארם בע""\מ",IL,שמפו קרליין 10 ארגן,מיליליטרים,700.00,"100 מ""ל",false,,10.90,0.0156,true,1,64417
7290108354607,false,"שמפו בניחוח מי קקטוס ושמן באבאסו 750 מ""ל נקה 7","אמיליה קוסמטיקס בע""מ",IL,שמפו נקה 7 ביו 750,מיליליטרים,750.00,"100 מ""ל",false,,8.70,0.0116,true,1,62980
7290108354614,false,"מרכך בניחוח מי קקטוס ושמן באבאסו 750 מ""ל נקה 7","אמיליה קוסמטיקס בע""מ",IL,מרכך נקה 7 ביו 750,מיליליטרים,750.00,"100 מ""ל",false,,8.70,0.0116,true,1,62981
7290108354850,false,"דאורדוראנט רול און קרמה בריזת ים 75 מ""ל",החברה הדרומית,IL,דאו רול און קרמה ברי,מיליליטרים,75.00,"100 מ""ל",false,,11.90,0.1587,true,1,52957
7290108355154,false,"שמפו שמני הזנה נקה 7 750 מ""ל","אמיליה קוסמטיקס בע""מ",IL,שמפו נקה 7 שמני הזנה,מיליליטרים,750.00,"100 מ""ל",false,,8.70,0.0116,true,1,37388
7290108355161,false,"מרכך שיער שמני הזנה 750 מ""ל נקה 7","אמיליה קוסמטיקס בע""מ",IL,מרכך נקה 7 שמני הזנה,מיליליטרים,750.00,"100 מ""ל",false,,8.70,0.0116,true,1,37389
7290108355468,false,"קרמה דאודורנט רול און נרולי ומגנוליה 75 מ""ל","קוסמופארם בע""\מ",IL,דאו רול און קרמה נרו,מיליליטרים,75.00,"100 מ""ל",false,,11.90,0.1587,true,1,52959
7290108356106,false,כיף תחליב רחצה חלב שקדים 700 מל,החברה הדרומית,IL,תחליב רחצה כיף חלב ש,מיליליטרים,700.00,"100 מ""ל",false,,9.90,0.0141,true,1,40614
7290108356113,false,"כיף תחליב רחצה דבש 700 מ""ל-מרכז",קוסמופארם בעמ,IL,תחליב רחצה כיף חלב ו,מיליליטרים,700.00,"100 מ""ל",false,,9.90,0.0141,true,1,40615
7290108356120,false,"תחליב רחצה כיף קוקוס וניל 700 מ""ל",קוסמופארם,IL,תחליב רחצה כיף קוקוס,מיליליטרים,700.00,"100 מ""ל",false,,9.90,0.0141,true,1,40617
7290108356151,false,"תחליב רחצה כיף מאסק יסמין 700 מ""ל",גוד פוד פרודקטס S.p,IL,תחליב רחצה כיף מאסק,מיליליטרים,700.00,"100 מ""ל",false,,9.90,0.0141,true,1,40613
7290108356168,false,"כיף - תחליב רחצה אוקיינוס 700 מ""ל",גוד פוד פרודקטס S.p,IL,תחליב רחצה כיף אוקיי,מיליליטרים,700.00,"100 מ""ל",false,,9.90,0.0141,true,1,40618
7290108356489,false,"כיף - תחליב רחצה אפרסק וחמאת מורומורו 700 מ""ל",קוסמופארם בעמ,IL,תחליב רחצה כיף אפרסק,מיליליטרים,700.00,"100 מ""ל",false,,9.90,0.0141,true,1,62989
7290108356519,false,קרליין שמפו 10למניעת קשקשים 700מל,"קוסמופארם בע""\מ",IL,שמפו קרליין 10 פרוטא,מיליליטרים,700.00,"100 מ""ל",false,,10.90,0.0156,true,1,64413
7290108356526,false,"קרליין - שמפו 10 לשיער יבש 700 מ""ל","קוסמופארם בע""\מ",IL,שמפו קרליין 10 פרוטא,מיליליטרים,700.00,"100 מ""ל",false,,10.90,0.0156,true,1,64414
7290108356533,false,קרוליין 10 שמפו לשיער מתולתל 700 מל,"קוסמופארם בע""\מ",IL,שמפו קרליין 10 פרוטא,מיליליטרים,700.00,"100 מ""ל",false,,10.90,0.0156,true,1,64415
7290108356540,false,קרוליין 10 שמפו לשיער צבוע 700 מל,"קוסמופארם בע""\מ",IL,שמפו קרליין 10 פרוטא,מיליליטרים,700.00,"100 מ""ל",false,,10.90,0.0156,true,1,64418
7290108356557,false,"שמפו 10 לשיער למניעת קשקשים 700 מ""ל קרליין","קוסמופארם בע""\מ",IL,שמפו קרליין 10 פרוטא,מיליליטרים,700.00,"100 מ""ל",false,,10.90,0.0156,true,1,64419
7290108356564,false,"קרליין - מרכך 10 לשיער רגיל 700 מ""ל","קוסמופארם בע""\מn\",IL,מרכך קרליין 10 פרוטא,מיליליטרים,700.00,"100 מ""ל",false,,10.90,0.0156,true,1,64420
7290108356571,false,"קרליין - מרכך 10 לשיער יבש 700 מ""ל","קוסמופארם בע""\מ",IL,מרכך קרליין 10 פרוטא,מיליליטרים,700.00,"100 מ""ל",false,,10.90,0.0156,true,1,64421
7290108356588,false,קרוליין 10 מרכך לשיער מתולתל 700 מל,"קוסמופארם בע""\מ",IL,מרכך קרליין 10 פרוטא,מיליליטרים,700.00,"100 מ""ל",false,,10.90,0.0156,true,1,64422
7290108356595,false,קרוליין 10 מרכך לשיער צבוע 700 מל,"קוסמופארם בע""\מ",IL,מרכך קרליין 10 פרוטא,מיליליטרים,700.00,"100 מ""ל",false,,10.90,0.0156,true,1,64423
7290108356854,false,מגבוני בייבי כיף בניוח עדין מארז חמישייה,"טרופיקל דגיל בע""\מ",IL,מגבונים בייבי כיף 5*,Unknown,0.00,יחידה,false,,19.90,0.0000,true,1,58769
7290108356861,false,מגבוני בייבי כיף ללא בישום מארז חמישייה,"טרופיקל דגיל בע""\מ",IL,מגבונים בייבי כיף 5*,Unknown,0.00,יחידה,false,,19.90,0.0000,true,1,58778
7290108357189,false,"מבשם ומרכך למייבש הכביסה מקסימה פלורל 750 מ""ל סנו","סנו מפעלי ברונוס בע""\מ",IL,תרסיס מקסימה למייבש,מיליליטרים,750.00,"100 מ""ל",false,,16.90,0.0225,true,1,51309
7290108357202,false,סנוקליר לניקוי בניחוח בלו בלוסום 1 ליטר,"סנו מפעלי ברונוס בע""\מ",IL,תרסיס סנוקליר בלו בל,קילוגרמים,1.00,ליטר,false,,9.90,9.9000,true,1,54978
7290108357226,false,"אוקסיגן POWER אבקה לכביסה לבנה והסרת כתמים 1.4 ק""ג סנו",החברה הדרומית,IL,אבקת אוקסיג'ן לכביסה,פריט,1.40,"ק""ג",false,,27.90,19.9286,true,1,62990
7290108357240,false,"אוקסיג'ן פאוור תוסף להסרת כתמים קשים 1.4 ק""ג",החברה הדרומית,IL,אבקת אוקסיג'ן לכביסה,פריט,1.40,"ק""ג",false,,27.90,19.9286,true,1,62991
7290108357257,false,סנו - פרש מכשיר אוטומטי לבישום אוויר בתוספת מילוי אולטרא פרש,"יצרן מכשיר: זובלה, יצרן",IL,סנו פרש מכשיר אוטומט,Unknown,0.00,יחידה,false,,39.90,0.0000,true,1,62995
7290108357264,false,"פרש אוטומטי מילוי בניחוח מרכך הכביסה אולטרה 375 מ""ל סנו",סנו מפעלי ברונוס בעמ,IL,מבשם אויר סנו פרש או,מיליליטרים,250.00,"100 מ""ל",false,,12.90,0.0516,true,1,62998
7290108357271,false,סנובון ג'ל לניקוי אסלות עם חמצן פעיל לניקוי עוצמתי,סנו מפעלי ברונוס בעמ,IL,סנובון ג'ל אוקסיג'ן,מיליליטרים,750.00,"100 מ""ל",false,,8.90,0.0119,true,1,62987
7290108357288,false,אקונומיקה ז'אוול בניחוח פריחה לבנה 4 ל' סנו,סנו ז'אוול Javel,IL,אקונומיקה סנו גאוול,קילוגרמים,4.00,ליטר,false,,16.90,4.2250,true,1,61502
7290108357295,false,"מרסס אוקסיג'ן מסיר כתמים סנו לכביסה לבנה 750 מ""ל","סנו מפעלי ברונוס בע""\מ",IL,תרסיס אוקסיגן לכביסה,מיליליטרים,750.00,"100 מ""ל",false,,17.70,0.0236,true,1,62988
7290108357394,false,"תחליב רחצה קרמה חלב ודבש 700 מ""ל",קוסמופארם בע'\'\מ,IL,תחליב קרמה חלב ודבש,מיליליטרים,700.00,"100 מ""ל",false,,16.50,0.0236,true,1,56829
7290108357417,false,"קרמה - קרם גוף קרמה ורד ווניל 500 מ""ל",טרופיקל דגיל תעשיות,IL,קרם גוף קרמה ורד וני,מיליליטרים,500.00,"100 מ""ל",false,,19.90,0.0398,true,1,52952
7290108357769,false,"מרכך לשיער רגיל תפוח וזרעי צ'יה 700 מ""ל כיף",גוד פוד פרודקטס S.p,IL,מרכך כיף לשיער רגיל,מיליליטרים,700.00,"100 מ""ל",false,,11.50,0.0164,true,1,45424
7290108357851,false,"כיף - ג'ל רחצה אליקסיר אוילס מועשר בשמן קוקוס 700 מ""ל","קוסמופארם בע""\מ",IL,ג'ל רחצה כיף מועשר ב,מיליליטרים,700.00,"100 מ""ל",false,,9.90,0.0141,true,1,61499
7290108357868,false,"כיף - ג'ל רחצה אליקסיר אויל מועשר בשמן מקדמיה 700 מ""ל","קוסמופארם בע""\מ",IL,ג'ל רחצה כיף מועשר ב,מיליליטרים,700.00,"100 מ""ל",false,,9.90,0.0141,true,1,61500
7290108358070,false,"תחליב רחצה קרמה קלאסי 700 מ""ל",גוד פוד פרודקטס S.p,IL,תחליב קרמה קלאסי 700,מיליליטרים,700.00,"100 מ""ל",false,,16.50,0.0236,true,1,56831
7290108358087,false,"תחליב רחצה קרמה מאסק 700 מ""ל",גוד פוד פרודקטס S.p,IL,תחליב קרמה מאסק 700,מיליליטרים,700.00,"100 מ""ל",false,,16.50,0.0236,true,1,56832
7290108358100,false,"פרש הום מקלות ריחניים לבית בניחוח בייבי 100 מ""ל",סנו fresh,IL,מקלות ריחניים סנו פר,מיליליטרים,100.00,"100 מ""ל",false,,19.90,0.1990,true,1,61497
7290108358117,false,"פרש הום מקלות ריחניים לבית בניחוח כביסה רעננה 100 מ""ל",החברה הדרומית,IL,מקלות ריחניים סנו פר,מיליליטרים,100.00,"100 מ""ל",false,,19.90,0.1990,true,1,61496
7290108358124,false,דפי בישום לחים למייבש הכביסה בניחוח מרכך כביסה 20 יח' מקסימה,טרופיגל דגיל תעשיות קוסמ,IL,דפי בישום לחים מקסימ,Unknown,0.00,יחידה,false,,11.90,0.0000,true,1,64022
7290108359060,false,סנו סושי כריות הפלא רב תכלתיות *4 לשבת,סנו מפעלי ברונו בעמ,IL,כריות ניקוי לשבת סנו,Unknown,0.00,יחידה,false,,9.90,0.0000,true,1,58771
7290108359213,false,"נייר טואלט סנו סופט גלילים כפולים, 18 יח'",סנו סופט,IL,נייר טואלט כפול סופט,מטרים,674.80,מטר,false,,39.90,0.0591,true,1,65391
7290108359824,false,"כיף - בייבי כיף קרם 500 מ""ל",קוסמופארם בעמ,IL,קרם גוף בייבי כיף 50,מיליליטרים,500.00,"100 מ""ל",false,,19.90,0.0398,true,1,40205
7290108359831,false,"כיף - בייבי כיף שמן 500 מ""ל","מיוצר ומשווק ע""י קוס",IL,שמן לתינוק בייבי כיף,מיליליטרים,500.00,"100 מ""ל",false,,19.90,0.0398,true,1,40200
7290108359848,false,שמפו אל דמע בייבי כיף 1 ליטר,בייבי כיף Baby,IL,שמפו בייבי כיף אל דמ,קילוגרמים,1.00,ליטר,false,,17.90,17.9000,true,1,40198
7290108359862,false,בייבי כיף אל סבון 1 ליטר,בייבי כיף Baby,IL,אל סבון בייבי כיף 1,קילוגרמים,1.00,ליטר,false,,17.90,17.9000,true,1,40199
7290108359886,false,תחליב רחצה בייבי כיף 1 ליטר,בייבי כיף Baby,IL,תחליב רחצה בייבי כיף,קילוגרמים,1.00,ליטר,false,,17.90,17.9000,true,1,40197
7290108359985,false,סנו - ז'אוול מרסס קצף לניקוי וחינו בניחוח פריחה לבנה 1 ליטר,סנו ז'אוול Javel,IL,תרסיס ניקוי סנו גאוו,קילוגרמים,1.00,ליטר,false,,16.90,16.9000,true,1,61503
7290108500677,false,כבד דג שיבוט בשמן דג וילי פוד 115 גרם,"איטיליאן פוד, אס.פי.",IS,כבד דג שיבוט וילי פו,גרמים,120.00,100 גרם,false,,9.90,0.0825,true,1,56410
7290108502305,false,גבינת גרנה פדנו משולש ויליפוד 150 גרם,וילי פוד,IT,גבינת גרנה פדנו משול,גרמים,150.00,100 גרם,false,,18.90,0.1260,true,1,48714
7290108502510,false,קרקרים בטעם טבעי ויליפוד 500 גרם,קולוסי אס פי איי,IT,קרקר קלאסי טבעי וילי,גרמים,500.00,100 גרם,false,,9.90,0.0198,true,1,38936
7290108502558,false,גבינת שמנת טעם טבעי לייט ויליפוד 200 גרם,אטלסר&אלפרי קאסורק,DE,גבינה במרקם שמנת ליי,גרמים,200.00,100 גרם,false,,10.90,0.0545,true,1,48716
7290108503067,false,פרמז'נו משולש ויליפוד 150 גרם,וילי פוד,IT,פרמזנו משולש ויליפוד,גרמים,150.00,100 גרם,false,,13.90,0.0927,true,1,64236
7290108503159,false,גבינה כחולה עם עובש 31% ויליפוד 100 גרם,קסוס אל פסטור,ES,גבינה כחולה 31% יורו,גרמים,100.00,100 גרם,false,,13.90,0.1390,true,1,48713
7290108503647,false,"DAAWAT אורז בסמטי מהדרין ויליפוד 1 ק""ג",אל.טי.פודס בעמ,IN,אורז בסמטי דאווט 1 ק,פריט,1.00,"ק""ג",false,,11.90,11.9000,true,1,45347
7290108503654,false,"אורז בסמטי מובחר 5 ק""ג",lt foods,IN,אורז בסמטי דאווט 5 ק,פריט,5.00,"ק""ג",false,,49.90,9.9800,true,1,45325
7290108503975,false,פסטה איטליאנה קנלוני ויליפוד 250 גרם,ויליפוד,IT,קנלוני פסטה איטליאנה,גרמים,250.00,100 גרם,false,,9.90,0.0396,true,1,51000
7290108504392,false,גבינת שמנת לייט עם זיתים 200 ג' - EURO CHEESE,אטלסר&אלפרי קאסורק,DE,גבינת במרקם שמנת עם,גרמים,200.00,100 גרם,false,,10.90,0.0545,true,1,64892
7290108505160,false,יוגורט עם אגסים 4% שומן ויליפוד 150 גרם,Euro יורו מחלבות אירופה,GR,יוגורט יווני עם אגסי,גרמים,150.00,100 גרם,false,,4.80,0.0320,true,1,53209
7290108505207,false,יוגורט עם אוכמניות 0% שומן ויליפוד 150 גרם,Euro יורו מחלבות אירופה,GR,יוגורט יווני עם אוכמ,גרמים,150.00,100 גרם,false,,4.80,0.0320,true,1,53214
7290108505214,false,יוגורט עם אפרסק 0% שומן ויליפוד 150 גרם,Euro יורו מחלבות אירופה,GR,יוגורט יווני עם אפרס,גרמים,150.00,100 גרם,false,,4.80,0.0320,true,1,53212
7290108505689,false,גבינת גרנה פדנו מגורדת ויליפוד 100 גרם,זנאטי,IT,גבינת גרנה פדנו מגור,גרמים,100.00,100 גרם,false,,9.90,0.0990,true,1,48842
7290108505719,false,גבינת מוצרלה מגורדת EURO CHEESE ויליפוד 200 גרם,סאסו פטוראגס קומטויס אף,TR,גבינת מוצרלה מגורדת,גרמים,200.00,100 גרם,false,,12.90,0.0645,true,1,62355
7290108505726,false,אצבעות גבינת חצי קשה EURO CHEESE ויליפוד 200 גרם,סאסו פטוראגס קומטויס אף,TR,אצבעות גבינה 25% יור,גרמים,200.00,100 גרם,false,,12.90,0.0645,true,1,62356
7290108505733,false,צמות-גבינה חצי קשה 25% שומן 200 גרם,סאסו פטוראגס קומטויס אף,TR,צמות גבינה חצי קשה 2,גרמים,200.00,100 גרם,false,,12.90,0.0645,true,1,62357
7290108505740,false,קשקבל גבינה חצי קשה EURO CHEESE ויליפוד 200 גרם,Euro יורו מחלבות אירופה,TR,גבינת קשקבל 25% יורו,גרמים,200.00,100 גרם,false,,12.90,0.0645,true,1,62358
7290108506426,false,בייגלה קראנצ'י טורקי אותנטי - מוקפא,וילי פוד,TR,בייגלה טורקי סימיט ע,גרמים,400.00,100 גרם,false,,12.90,0.0323,true,1,64893
7290108507058,false,ביסקויט פריך בשוקולד חלב 100 גרם -קהילות,מודרן צ'יקולטה,TR,ביסקוויט פריך בשוקול,מיליליטרים,100.00,"100 מ""ל",false,,6.90,0.0690,true,1,60140
7290108507188,false,כנאפה קפוא אריזה משפחתית 657.5 גרם,ארמה גרופ,TR,כנאפה מאפה שערות קדא,גרמים,450.00,100 גרם,false,,14.90,0.0331,true,1,53317
7290108507645,false,ביסקויט פריך בשוקולד מריר 100 גרם -קהילות,מודרן צ'יקולטה,TR,ביסקוויט פריך בשוקול,מיליליטרים,100.00,"100 מ""ל",false,,6.90,0.0690,true,1,60141
7290108507652,false,ביסקויט פריך בשוקולד לבן 100 גרם -קהילות,מודרן צ'יקולטה,TR,ביסקוויט פריך בשוקול,מיליליטרים,100.00,"100 מ""ל",false,,6.90,0.0690,true,1,60139
7290108508451,false,"משקה יוגורט טבעי 3.2% שומן יורו 200 מ""ל",Euro יורו מחלבות אירופה,TR,משקה יוגורט טבעי יור,מיליליטרים,200.00,"100 מ""ל",false,,4.90,0.0245,true,1,56159
7290108508499,false,"איירן משקה יוגורט בסגנון טורקי יורו 293 מ""ל",Euro יורו מחלבות אירופה,TR,משקה איירן יוגורט בס,מיליליטרים,293.00,"100 מ""ל",false,,4.90,0.0167,true,1,56163
7290108508765,false,קונכיות פתיתים ויליפוד 400גרם,וילי פוד,TR,פתיתים קונכיות ויליפ,גרמים,400.00,100 גרם,false,,4.90,0.0123,true,1,58976
7290108508772,false,קונכיות פתיתים עם תרד 400 גרם,וילי פוד,TR,פתיתים קונכיות תרד ו,גרמים,400.00,100 גרם,false,,4.90,0.0123,true,1,58977
7290108508888,false,ביסקוויטים פתי בר ויליפוד 500 ג',ארגון ציקולאטה,TR,פתיבר וילי פוד 500 ג,גרמים,500.00,100 גרם,false,,5.90,0.0118,true,1,60552
7290108508901,false,דלתא יוגורט עם דובדבנים ושקדים 0.6% ויליפוד 150 גרם,Euro יורו מחלבות אירופה,GR,יוגורט יווני עם דובד,גרמים,150.00,100 גרם,false,,4.80,0.0320,true,1,57580
7290108508963,false,קשקבל מגורדת חצי קשה ויליפוד 200 גרם,Euro יורו מחלבות אירופה,TR,גבינת קשקבל מגורדת 2,גרמים,200.00,100 גרם,false,,12.90,0.0645,true,1,62359
7290108509106,false,"גבינה בולגרית מעודנת בקוביות 13% שומן 200 ג' חת""ס פ""ת","היצרן: קוליוס אס. איי, ג",TR,קוביות בולגרית מעודנ,גרמים,250.00,100 גרם,false,,11.90,0.0476,true,1,64894
7290108509113,false,"גבינה בולגרית מעודנת 18% שומן 250 גרם חת""ס פ""ת",Euro יורו מחלבות אירופה,TR,גבינה בולגרית מעודנת,גרמים,250.00,100 גרם,false,,11.90,0.0476,true,1,64895
7290108509144,false,שלישיית עגבניות מרוסקות ויליפוד 3*400,וילי פוד,IT,מארז עגבניות מרוסקות,פריט,1.20,"ק""ג",false,,13.90,11.5833,true,1,58979
7290108509151,false,שלישיית עגבניות שלמות מקולפות ויליפוד 3*400,P.S.U.S,IT,מארז עגבניות קלופות,פריט,1.20,"ק""ג",false,,13.90,11.5833,true,1,58978
7290108509168,false,שלישיית עגבניות קוביות במיץ עגבניות ויליפוד 3*400,וילי פוד,IT,מארז עגבניות קוביות,פריט,1.20,"ק""ג",false,,13.90,11.5833,true,1,58980
7290108509199,false,גבינת פטה 17% שומן יורו 500 ג',מבגל אס.איי,TR,גבינת פטה 17% יורו 5,גרמים,500.00,100 גרם,false,,21.90,0.0438,true,1,64896
7290108509816,false,גבינת בייבי מוצרלה EURO CHEESE ויליפוד 200 גרם,אונטד גידה,TR,גבינת בייבי מוצרלה 2,גרמים,200.00,100 גרם,false,,12.90,0.0645,true,1,62714
7290108509908,false,"מנת השף בשקית-אטריות בטעם ירקות 85 ג' חתם סופר ב""ב",וילי פוד - מנת השף,TH,מנת השף אטריות להכנה,גרמים,85.00,100 גרם,false,,3.50,0.0412,true,1,60805
7290108509915,false,"מנת השף בשקית-אטריות בטעם סיני פיקנטי 85 ג' חתם סופר ב""ב",וילי פוד - מנת השף,TH,מנת השף אטריות להכנה,גרמים,85.00,100 גרם,false,,3.50,0.0412,true,1,60806
7290108620023,false,יין קפיטל קברנה סובניון יבש אדום 750 מל,יקבי ציון,IL,יין קפיטל קברנה סובי,מיליליטרים,750.00,"100 מ""ל",false,,49.90,0.0665,true,1,59955
7290108620030,false,יין קפיטל מרלו יבש אדום 750 מל,יקבי ציון,IL,יין קפיטל מרלו,מיליליטרים,750.00,"100 מ""ל",false,,49.90,0.0665,true,1,59956
7290108620054,false,יין אסטייט קברנה סובניון יבש אדום 750 מל,יקבי ציון,IL,יין אסטייט קברנה סוב,מיליליטרים,750.00,"100 מ""ל",false,,39.90,0.0532,true,1,52484
7290108620108,false,יין אימפריאל קברנה סובניון אדום 750 מל,יקבי ציון,IL,יין אימפריאל קברנה ס,מיליליטרים,700.00,"100 מ""ל",false,,29.90,0.0427,true,1,52480
7290108620115,false,יין אימפריאל מרלו אדום יבש 750 מל,יקבי ציון,IL,יין אימפריאל מרלו,מיליליטרים,750.00,"100 מ""ל",false,,29.90,0.0399,true,1,52481
7290108620153,false,יין אסטייט קברנה סמי חצי מתוק אדום 750 מל,יקבי ציון,IL,יין אסטייט קברנה סמי,מיליליטרים,750.00,"100 מ""ל",false,,34.90,0.0465,true,1,52488
7290108620160,false,יין אימפריאל סובניון בלאן לבן יבש 750 מל,יקבי ציון,IL,יין אימפריאל סוביניו,מיליליטרים,750.00,"100 מ""ל",false,,29.90,0.0399,true,1,52489
7290108620177,false,"יין פאלאס בלנד אדום 750 מ""ל",יקבי ציון,IL,יין פאלאס בלנד אדום,מיליליטרים,750.00,"100 מ""ל",false,,24.90,0.0332,true,1,52482
7290108620191,false,"יין אסטייט מוסקט קינוח 750 מ""ל",יקבי ציון,IL,יין אסטייט מוסקט מתו,מיליליטרים,750.00,"100 מ""ל",false,,34.90,0.0465,true,1,52490
7290108620207,false,"יין ריזלינג גוורצטרמינר אימפריאל 750 מ""ל",יקבי ציון,IL,יין אימפריאל ריזלינג,מיליליטרים,700.00,"100 מ""ל",false,,29.90,0.0427,true,1,52491
7290108620214,false,"יין פאלאס בלנד לבן 750 מ""ל",יקבי ציון,IL,יין פאלאס בלנד לבן י,מיליליטרים,750.00,"100 מ""ל",false,,24.90,0.0332,true,1,52483
7290108620245,false,מיץ ענבים מובחר לבן 100% טבעי 1 ליטר,יקבי ציון,IL,מיץ ענבים תירוש לבן,קילוגרמים,1.00,ליטר,false,,16.90,16.9000,true,1,60556
7290108620368,false,"יין גן עדן מוסקט אלכסנדרוני יקבי ציון 750 מ""ל",יקבי ציון,IL,יין גן עדן מוסקט אלכ,מיליליטרים,750.00,"100 מ""ל",false,,19.90,0.0265,true,1,60554
7290109351025,false,מלך החומוס חומוסטחינה 40% טחינה גולמית,סלטי צבר,IL,חומוסטחינה צבר 400 ג,גרמים,400.00,100 גרם,false,,13.90,0.0348,true,1,20561
7290109351971,false,פריכיות דגנים פיטנס מצופות שוקולד חלב,פרח תעשיות,IL,פריכיות דגנים מצופות,גרמים,84.00,100 גרם,false,,11.90,0.1417,true,1,35166
7290109352916,false,פריכיות דגנים פיטנס מצופות שוקולד לבן,פרח תעשיות,IL,פריכיות דגנים מצופות,גרמים,84.00,100 גרם,false,,11.90,0.1417,true,1,35165
7290109354057,false,קרחוני לה פרוטה La Frutta בטעמי אננס תפוז- 5 יח',תות תעשיות מזון (201,IL,שלגוני לה פרוטה תפוז,גרמים,350.00,100 גרם,false,,17.90,0.0511,true,1,24696
7290109354101,false,"לחמית ללא גלוטן 200 גר' ""אסם""","אסם תעשיות בע""מ",IL,לחמית ל.גלוטן אסם 20,גרמים,200.00,100 גרם,false,,6.90,0.0345,true,1,29243
7290109354972,false,אוסם - פתי בר וניל חלבי ללא גלוטן 200 גרם,מיוצר עי קונדיטוריית,IL,פתיבר וניל ל.גלוטן א,גרמים,200.00,100 גרם,false,,8.90,0.0445,true,1,28704
7290109354996,false,פתי בר ללא גלוטן שוקו 200 גרם אסם,מיוצר עי קונדיטוריית,IL,פתיבר שוקו ל.גלוטן א,גרמים,200.00,100 גרם,false,,8.90,0.0445,true,1,24698
7290109358482,false,עוגיות קרמוגית במילוי קרם בטעם חלבה,"הגביע מוצרי וופלים בע""\מ",IL,עוגיות קרמוגית במילו,גרמים,200.00,100 גרם,false,,9.90,0.0495,true,1,44523
7290109580043,false,"שניצל תירס קלאסי זוגלובק 1.75 ק""ג",זוגלובק,IL,שניצל תירס זוגלובק 1,פריט,1.75,"ק""ג",false,,49.90,28.5143,true,1,53395
7290109580098,false,קבנוס בטעם סרירצ'ה זוגלובק 135 גרם,זוגלובק,IL,קבנוס בטעם סרירצ'ה ז,גרמים,135.00,100 גרם,false,,9.90,0.0733,true,1,61258
7290109580104,false,רוסטביף פרימיום זוגלובק 150 גרם,זוגלובק,IL,רוסטביף זוגלובק 150,גרמים,150.00,100 גרם,false,,24.90,0.1660,true,1,55889
7290109580135,false,קורנדביף פרימיום 180 גרם זוגלובק,זוגלובק,IL,קורנדביף זוגלובק 180,גרמים,180.00,100 גרם,false,,24.90,0.1383,true,1,55891
7290109580142,false,"נקניקיות מן הצומח זוגלובק 1.75 ק""ג בד""ץ",קריות זול,IL,נקניקיות מן הצומח זו,פריט,1.75,"ק""ג",false,,49.90,28.5143,true,1,56859
7290109580166,false,סרוולד קלאסי פרימיום זוגלובק 150 גרם,זוגלובק,IL,סלמי סרוולד זוגלובק,גרמים,150.00,100 גרם,false,,24.90,0.1660,true,1,55893
7290109580227,false,נקניקיות עוף ובקר בסגנון ברלינאי קאריוורסט,זוגלובק,IL,נקניקיות ריינהולדס ק,גרמים,300.00,100 גרם,false,,19.90,0.0663,true,1,62016
7290109580241,false,נאגטס מן הצומח זוגלובק 500 גרם,זוגלובק טבע,IL,נאגטס שניצלונים מן ה,גרמים,500.00,100 גרם,false,,19.90,0.0398,true,1,62924
7290109580258,false,מארז ח.עוף והודו+סלמי תה 600 גרם קהילות,זוגלובק,IL,מארז חרמון כפרית וסל,גרמים,600.00,100 גרם,false,,25.90,0.0432,true,1,62925
7290109580302,false,מארז זוג תה מעושן 350+חזה עוף 350 זוגלובק,זוגלובק,IL,מארז תה מעושן וחרמון,גרמים,700.00,100 גרם,false,,25.90,0.0370,true,1,63659
7290109580326,false,נקניקיות עוף זוגלובק 800 גרם בית יוסף,זוגלובק,IL,נקניקיות עוף זוגלובק,גרמים,800.00,100 גרם,false,,22.90,0.0286,true,1,63660
7290109580449,false,סלמי בטעם כמהין פרימיום זוגלובק 180 גרם,זוגלובק,IL,סלמי בטעם כמהין זוגל,גרמים,180.00,100 גרם,false,,24.90,0.1383,true,1,62797
7290109845012,false,ציפסר חשמלי מולר 5 ל,,,ציפסר חשמלי מולר 5 ל,Unknown,0.00,יחידה,false,,179.90,0.0000,true,1,64991
7290109848488,false,תנור חימום אינפרא ענק 3000 וואט 3 גופי חימום צד + 2 למעלה,,,תנור חימום אינפרא 2,Unknown,0.00,יחידה,false,,249.90,0.0000,true,1,64989
7290109920627,false,"אסטוניש קרם ואקונומיקה לניקוי אמבטיות 500 מ""ל",יעקובי אסטוניש,GB,קרם אסטוניש לאמבט עם,גרמים,500.00,100 גרם,false,,10.90,0.0218,true,1,32467
7290110000479,false,פריכיות אורז ללא מלח,בטר אנד דיפרנט,IL,פריכיות אורז ללא מלח,גרמים,210.00,100 גרם,false,,7.90,0.0376,true,1,41731
7290110000486,false,פריכיות אורז עם כוסמ,בטר אנד דיפרנט,IL,פריכיות אורז עם כוסמ,גרמים,210.00,100 גרם,false,,7.90,0.0376,true,1,41732
7290110000493,false,חמאת בוטנים טבעית קראנצ'י 350 גר',"בטר אנד דיפרנט בע""מ",IL,חמאת בוטנים קראנצ'י,גרמים,350.00,100 גרם,false,,13.90,0.0397,true,1,49853
7290110001315,false,מיכל חלבי 2 ליטר 4 י,בטר אנד דיפרנט,IL,מיכל חלבי 2 ליטר 4 י,Unknown,0.00,יחידה,false,,14.90,0.0000,true,1,57816
7290110001995,false,קופסאות אחסון מלבנית 1ל' חמישייה פרווה,בטר אנד דיפרנט,IL,מארז 4 קופסאות אחסון,Unknown,0.00,יחידה,false,,11.90,0.0000,true,1,64628
7290110002008,false,קופסאות אחסון מלבנית 1ל' חמישייה בשרי,בטר אנד דיפרנט,IL,מארז 4 קופסאות אחסון,Unknown,0.00,יחידה,false,,11.90,0.0000,true,1,64629
7290110002206,false,שמן קוקוס מזוכך בטר אנד דיפרנט 500 מ''ל,"בטר אנד דיפרנט בע""מ",IL,שמן קוקוס מזוכך ב.ד.,מיליליטרים,500.00,"100 מ""ל",false,,19.90,0.0398,true,1,61973
7290110110277,false,"סומרסבי סיידר תפוחים אלכוהולי 4*300 מ""ל","קרלסברג קרואטיה , יב",HR,סיידר תפוחים סומרסבי,קילוגרמים,1.98,ליטר,false,,24.90,12.5758,true,1,57248
7290110110369,false,"שישייה בירה קרלסברג LUMA בקבוק 330 מ""ל",מבשלות בירה בינלאומיות ב,IL,מארז בירה קרלסברג לו,קילוגרמים,1.98,ליטר,false,,34.90,17.6263,true,1,52977
7290110110659,false,"ספרייט לימון ליים פחית 330מ""ל",החברה המרכזית לייצור משק,IL,"ספרייט 330 מ""ל",מיליליטרים,330.00,"100 מ""ל",false,,4.90,0.0148,true,1,51206
7290110110703,false,מארז ספרייט שישייה פחיות FRIDGE PACK,החברה המרכזית לייצור משק,IL,"מארז ספרייט 6*330 מ""",קילוגרמים,1.98,ליטר,false,,21.90,11.0606,true,1,33774
7290110111809,false,"מארז פחיות פאנטה אורנג' שישייה 330 מ""ל",החברה המרכזית לייצור משק,IL,מארז פאנטה אורנג 6*3,קילוגרמים,1.98,ליטר,false,,21.90,11.0606,true,1,45520
7290110114787,false,נביעות+ מים מינרליים בטעם תפוח 1.5 ליטר,נביעות טבע הגליל בעמ,IL,נביעות מים בטעם תפוח,קילוגרמים,1.50,ליטר,false,,8.40,5.6000,true,1,59488
7290110114794,false,נביעות+ מים מינרליים בטעם אפרסק 1.5 ליטר,"נביעות טבע הגליל בע""\מ ,",IL,נביעות מים בטעם אפרס,קילוגרמים,1.50,ליטר,false,,8.40,5.6000,true,1,59489
7290110114800,false,נביעות+ מים מינרליים בטעם ענבים 1.5 ליטר,"נביעות טבע הגליל בע""\מ",IL,נביעות מים בטעם ענבי,קילוגרמים,1.50,ליטר,false,,8.40,5.6000,true,1,59490
7290110114855,false,"נביעות מים מינרליים, שישיה 6 * 1.5 ליטר פקדון",נביעות טבע הגליל בעמ,IL,מים נביעות 6*1.5 ליט,קילוגרמים,9.00,ליטר,false,,12.30,1.3667,true,1,59492
7290110114954,false,מיץ תפוזים מתקתקים פריגת 2 ליטר,פריגת מצוננים,IL,מיץ תפוזים מתקתק פרי,קילוגרמים,2.00,ליטר,false,,19.90,9.9500,true,1,59474
7290110114961,false,משקה קל תפוזים פריגת 1.5 ליטר,מבשלות בירה בינלאומיות ב,IL,פריגת תפוזים 1.5 ליט,קילוגרמים,1.50,ליטר,false,,8.80,5.8667,true,1,59493
7290110114985,false,משקה קל אשכוליות פריגת 1.5 ליטר,מבשלות בירה בינלאומיות ב,IL,פריגת אשכוליות 1.5 ל,קילוגרמים,1.50,ליטר,false,,8.80,5.8667,true,1,59495
7290110114992,false,משקה קל לייט אשכוליות פריגת 1.5 ליטר,מבשלות בירה בינלאומיות ב,IL,פריגת אשכוליות דיאט,קילוגרמים,1.50,ליטר,false,,8.80,5.8667,true,1,59496
7290110115005,false,משקה קל ענבים פריגת 1.5 ליטר,מבשלות בירה בינלאומיות ב,IL,פריגת ענבים 1.5 ליטר,קילוגרמים,1.50,ליטר,false,,8.80,5.8667,true,1,59497
7290110115012,false,מיץ ענבים בניחוח מרלו 1.5 ל' פריגת,פריגת,IL,פריגת ענבי מרלו 1.5,קילוגרמים,1.50,ליטר,false,,8.80,5.8667,true,1,59498
7290110115029,false,"פריגת משק""ל תפוח 1.5 ליטר פיקדון",מבשלות בירה בינלאומיות ב,IL,פריגת תפוח 1.5 ליטר,קילוגרמים,1.50,ליטר,false,,8.80,5.8667,true,1,59499
7290110115036,false,משקה קל מנגו פריגת 1.5 ליטר,מבשלות בירה בינלאומיות ב,IL,פריגת מנגו 1.5 ליטר,קילוגרמים,1.50,ליטר,false,,8.80,5.8667,true,1,59500
7290110115043,false,משקה קל לימונענע פריגת 1.5 ליטר,מבשלות בירה בינלאומיות ב,IL,פריגת לימונענע 1.5 ל,קילוגרמים,1.50,ליטר,false,,8.80,5.8667,true,1,59501
7290110115050,false,פריגת מיקס תות בננה 1.5 ליטר פיקדון,מבשלות בירה בינלאומיות ב,IL,פריגת מיקס תות בננה,קילוגרמים,1.50,ליטר,false,,8.80,5.8667,true,1,59502
7290110115081,false,פריגת צלול ענבים 1.5 ליטר פיקדון,"מבשלות בירה לישראל בע""\מ",IL,פריגת צלול ענבים 1.5,קילוגרמים,1.50,ליטר,false,,8.20,5.4667,true,1,59506
7290110115104,false,פריגת צלול אפרסק 1.5 ליטר פיקדון,מבשלות בירה בינלאומיות ב,IL,פריגת צלול אפרסק 1.5,קילוגרמים,1.50,ליטר,false,,8.20,5.4667,true,1,59507
7290110115111,false,פריגת צלול אננס 1.5 ליטר פיקדון,"מבשלות בירה לישראל בע""\מ",IL,פריגת צלול אננס 1.5,קילוגרמים,1.50,ליטר,false,,8.20,5.4667,true,1,59508
7290110115128,false,פריגת צלול בטעם לימונענע 1.5 ליטר פיקדון,"מבשלות בירה לישראל בע""\מ",IL,פריגת צלול לימונענע,קילוגרמים,1.50,ליטר,false,,8.20,5.4667,true,1,59509
7290110115180,false,מים מינרלים נביעות 1.5 ליטר,"נביעות טבע הגליל בע""",IL,מים נביעות 1.5 ליטר,קילוגרמים,1.50,ליטר,false,,2.90,1.9333,true,1,59957
7290110115203,false,קוקה קולה 1.5 ליטר פיקדון,החברה המרכזית לייצור משק,IL,קוקה קולה 1.5 ליטר,קילוגרמים,1.50,ליטר,false,,8.90,5.9333,true,1,59510
7290110115210,false,דיאט קוקה קולה 1.5 ליטר פיקדון,החברה המרכזית לייצור משק,IL,קוקה קולה דיאט 1.5 ל,קילוגרמים,1.50,ליטר,false,,8.90,5.9333,true,1,59511
7290110115227,false,קוקה-קולה זירו בקבוק 1.5 ליטר,החברה המרכזית לייצור משק,IL,קוקה קולה זירו 1.5 ל,קילוגרמים,1.50,ליטר,false,,8.90,5.9333,true,1,59512
7290110115234,false,קוקה-קולה זירו נטול בקבוק 1.5 ליטר,החברה המרכזית לייצור משק,IL,קוקה קולה זירו נטול,קילוגרמים,1.50,ליטר,false,,8.90,5.9333,true,1,59513
7290110115241,false,קוקה-קולה זירו לימון בקבוק 1.5 ליטר,החברה המרכזית לייצור משק,IL,קוקה קולה זירו לימון,קילוגרמים,1.50,ליטר,false,,4.90,3.2667,true,1,59514
7290110115265,false,ספרייט לימון ליים 1.5 ליטר-,החברה המרכזית לייצור משק,IL,ספרייט למון ליים 1.5,קילוגרמים,1.50,ליטר,false,,8.90,5.9333,true,1,59517
7290110115272,false,ZERO ספרייט זירו 1.5 ליטר פיקדון,החברה המרכזית לייצור משק,IL,ספרייט זירו 1.5 ליטר,קילוגרמים,1.50,ליטר,false,,8.90,5.9333,true,1,59521
7290110115289,false,ספרייט 19 קל' לימון-נענע 1.5 ליטר פיקדון,החברה המרכזית לייצור משק,IL,ספרייט לימון נענע 1.,קילוגרמים,1.50,ליטר,false,,8.90,5.9333,true,1,59522
7290110115296,false,משקה מוגז אורנג' פאנטה 1.5 ליטר,החברה המרכזית לייצור משק,IL,פאנטה אורנג 1.5 ליטר,קילוגרמים,1.50,ליטר,false,,8.20,5.4667,true,1,59523
7290110115302,false,משקה מוגז אורנג' זירו פאנטה 1.5 ליטר,החברה המרכזית לייצור משק,IL,פאנטה אורנג זירו 1.5,קילוגרמים,1.50,ליטר,false,,8.20,5.4667,true,1,59524
7290110115319,false,פאנטה אקזוטיק 1.5 ליטר פיקדון,החברה המרכזית לייצור משק,IL,פאנטה אקזוטיק 1.5 לי,קילוגרמים,1.50,ליטר,false,,8.20,5.4667,true,1,59527
7290110115340,false,פאנטה ענבים 1.5 ליטר פיקדון,החברה המרכזית לייצור משק,IL,פאנטה ענבים 1.5 ליטר,קילוגרמים,1.50,ליטר,false,,8.20,5.4667,true,1,59531
7290110115364,false,שישייה קוקה קולה 1.5 ליטר פיקדון,החברה המרכזית לייצור משק,IL,מארז קוקה קולה 6*1.5,קילוגרמים,9.00,ליטר,false,,49.90,5.5444,true,1,59516
7290110115388,false,ספרייט ליים שישיות 1.5 ליטר פיקדון,החברה המרכזית לייצור משק,IL,מארז ספרייט ליים 6*1,קילוגרמים,9.00,ליטר,false,,44.90,4.9889,true,1,59525
7290110115395,false,ZERO ספרייט שישיות 1.5 ליטר פיקדון,החברה המרכזית לייצור משק,IL,מארז ספרייט זירו 6*1,קילוגרמים,9.00,ליטר,false,,42.90,4.7667,true,1,59526
7290110115401,false,קינלי סודה שישייה 1.5 ליטר פיקדון,החברה המרכזית לייצור משק,IL,מארז סודה קינלי 6 *1,קילוגרמים,9.00,ליטר,false,,14.90,1.6556,true,1,59532
7290110115418,false,מארז שישייה קוקה קולה זירו 1.5 ל',החברה המרכזית לייצור משק,IL,מארז קוקה קולה זירו,קילוגרמים,9.00,ליטר,false,,46.90,5.2111,true,1,59518
7290110115425,false,FUZE TEA גרין לימונענע -נענע 1.5 ליטר פיקדון,מבשלות בירה בינלאומיות ב,IL,פיוז תה ירוק לימון נ,קילוגרמים,1.50,ליטר,false,,8.90,5.9333,true,1,59534
7290110115449,false,אייס תה בטעם מנגו אננס 1.5ל' FUZE TEA,מבשלות בירה בינלאומיות ב,IL,פיוז תה אננס 1.5 ליט,קילוגרמים,1.50,ליטר,false,,8.90,5.9333,true,1,59535
7290110115456,false,"תה קר בטעם אפרסק 19 קלוריות ב- 100 מ""ל",מבשלות בירה בינלאומיות ב,IL,פיוז תה אפרסק מופחת,קילוגרמים,1.50,ליטר,false,,8.90,5.9333,true,1,59536
7290110115463,false,פיוז טי אפרסק 1.5 ליטר פיקדון,מבשלות בירה בינלאומיות ב,IL,פיוז תה אפרסק 1.5 לי,קילוגרמים,1.50,ליטר,false,,8.90,5.9333,true,1,59537
7290110115494,false,תה קר בטעם ענבים פיוז טי 1.5 ליטר,מבשלות בירה בינלאומית בע,IL,פיוז תה ענבים 1.5 לי,קילוגרמים,1.50,ליטר,false,,8.90,5.9333,true,1,59540
7290110115531,false,משקה מוגז תפוח זירו פאנטה 1.5 ליטר,החברה המרכזית לייצור משק,IL,פאנטה תפוח זירו 1.5,קילוגרמים,1.50,ליטר,false,,8.20,5.4667,true,1,59530
7290110115593,false,פריגת אשכוליות 40% פחות סוכר 1.5 ליטר פיקדון,מבשלות בירה בינלאומיות ב,IL,פריגת אשכוליות 40% פ,קילוגרמים,1.50,ליטר,false,,8.80,5.8667,true,1,59504
7290110115609,false,פריגת ענבים 40% פחות סוכר 1.5 ליטר פיקדון,מבשלות בירה בינלאומיות ב,IL,פריגת ענבים 40% פחות,קילוגרמים,1.50,ליטר,false,,8.80,5.8667,true,1,59505
7290110115616,false,FUZE tea zero גרין אננס 1.5 ליטר פיקדון,מבשלות בירה בינלאומיות ב,IL,פיוז תה זירו גרין אנ,קילוגרמים,1.50,ליטר,false,,8.90,5.9333,true,1,60394
7290110115623,false,משקה פיוז טי זירו ZERO בטעם אפרסק,מבשלות בירה בינלאומיות ב,IL,פיוז תה זירו אפרסק 1,קילוגרמים,1.50,ליטר,false,,8.90,5.9333,true,1,60395
7290110116064,false,פאנטה ZERO פירות ירוק 1.5 ליטר פיקדון,החברה המרכזית לייצור משק,IL,פאנטה אננס מנגו זירו,קילוגרמים,1.50,ליטר,false,,8.20,5.4667,true,1,63657
7290110116125,false,"סירופ בטעם פטל פריגת 750 מ""ל",סירופ - גבעת חיים,IL,סירופ בטעם פטל במתיק,מיליליטרים,750.00,"100 מ""ל",false,,24.90,0.0332,true,1,63727
7290110116132,false,"סירופ בטעם לימון פריגת 750 מ""ל",סירופ - גבעת חיים,IL,סירופ בטעם לימון פרי,מיליליטרים,750.00,"100 מ""ל",false,,24.90,0.0332,true,1,63728
7290110116149,false,"סירופ בטעם ענבים פריגת 750 מ""ל",סירופ - גבעת חיים,IL,סירופ בטעם ענבים במת,מיליליטרים,750.00,"100 מ""ל",false,,24.90,0.0332,true,1,63729
7290110116156,false,נביעות+רכיבי פרי מנגו-פסיפלורה 1.5 ליטר-,"נביעות טבע הגליל בע""\מ",IL,נביעות רכיבי פרי מים,קילוגרמים,1.50,ליטר,false,,8.40,5.6000,true,1,63764
7290110116170,false,נביעות+רכיבי פרי אננס-קוקוס 1.5 ליטר-,"נביעות טבע הגליל בע""\מ",IL,נביעות רכיבי פרי מים,קילוגרמים,1.50,ליטר,false,,8.40,5.6000,true,1,63765
7290110116194,false,נביעות+ סדרת 0 קלוריות לימון-ליים 1.5 ליטר,"נביעות טבע הגליל בע""\מ",IL,נביעות 0 קלוריות מים,קילוגרמים,1.50,ליטר,false,,8.40,5.6000,true,1,63763
7290110116385,false,"פחיות סטפאני מרשמלו אבטיח תות זירו 330 מ""ל",החברה המרכזית לייצור משק,IL,קולה זירו מרשמלו 330,מיליליטרים,330.00,"100 מ""ל",false,,4.90,0.0148,true,1,63544
7290110116392,false,"סירופ בטעם תפוזים פריגת 750 מ""ל",סירופ - גבעת חיים,IL,סירופ בטעם תפוזים פר,מיליליטרים,750.00,"100 מ""ל",false,,24.90,0.0332,true,1,63730
7290110116552,false,ספרייט לימון היט 1.5 ליטר LIME פיקדון,החברה המרכזית לייצור משק,IL,ספרייט למון היט 1.5,קילוגרמים,1.50,ליטר,false,,8.90,5.9333,true,1,64585
7290110116569,false,"ספרייט זירו ZERO בק LEMON HIT, 1.5 ליטר",החברה המרכזית לייצור משק,IL,ספרייט זירו לימון הי,קילוגרמים,1.50,ליטר,false,,8.90,5.9333,true,1,64583
7290110320683,false,שמיניית משקה יוגורט 1.5% טעם תות יופלה 107 גרם,מיוצר עי קונדיטוריית,IL,משקה יוגורט תות יופל,גרמים,800.00,100 גרם,false,,15.90,0.0199,true,1,30275
7290110320867,false,פתיתים גבינה חצי קשה מגורדת 28% שומן,תנובה מרכז שיתופי לש,IL,גבינה מגורדת עמק 500,גרמים,500.00,100 גרם,false,,28.90,0.0578,true,1,31184
7290110320935,false,גבינת מוצרלה תנובה 150ג' פרוסות,תנובה מרכז שיתופי לש,IL,גבינת מוצרלה פרוסות,גרמים,150.00,100 גרם,false,,15.90,0.1060,true,1,31186
7290110321277,false,קוטג' בקטנה 5% תנובה 100 גרם מהדרין,פארייפאבה אגרואינדוס,IL,קוטג בקטנה 5% תנובה,גרמים,100.00,100 גרם,false,,2.50,0.0250,true,1,55846
7290110321284,false,קוטג' בקטנה 9% תנובה 100 גרם מהדרין,פארייפאבה אגרואינדוס,IL,קוטג בקטנה 9% תנובה,גרמים,100.00,100 גרם,false,,2.50,0.0250,true,1,55847
7290110321468,false,"מאגדת 12 יח' יופלה תות בד""צ 3% שומן בד""צ עד""ח",תנובה מרכז שיתופי לש,IL,מארז יופלה מחית תות,קילוגרמים,1.20,ליטר,false,,25.90,21.5833,true,1,31995
7290110322014,false,טופו בטעם טבעי תנובה ALTERNATIVE,שוורצקוף& הנקל דיסלד,IL,טופו בטעם טבעי אלטרנ,גרמים,300.00,100 גרם,false,,11.80,0.0393,true,1,53999
7290110322038,false,"תנובה טופו פיקנטי 300 גר' בד""צ",תנובה Alternative,IL,טופו פיקנטי אלטרנטיב,גרמים,300.00,100 גרם,false,,11.80,0.0393,true,1,54001
7290110323097,false,מעדן גבינה עם תות 5% שומן 80 ג' תנובה,תנובה בעמ,IL,תאומים מעדן גבינה עם,גרמים,80.00,100 גרם,false,,1.70,0.0212,true,1,65070
7290110323714,false,משקה קוקוס שקדים תנובה E אלטרנטיב,מיוצר עי קונדיטוריית,IL,משקה קוקוס שקדים אלט,קילוגרמים,1.00,ליטר,false,,11.60,11.6000,true,1,44128
7290110323998,false,מאגדת שמינייה מיני קרלו קצפת 8*77 ג',תנובה מרכז שיתופי לש,IL,מארז קרלו מיני עם קצ,גרמים,616.00,100 גרם,false,,11.90,0.0193,true,1,57525
7290110324070,false,גבינת חלומי מחלב בקר תנובה 200 גרם,"תנובה בע""\מ",IL,גבינת חלומי 30% פירא,גרמים,200.00,100 גרם,false,,16.90,0.0845,true,1,56595
7290110324551,false,יופלה טיוב יוגורט במרקם חלק תות כשרות מהדרין,"תנובה בע""\מ",IL,מארז יופלה טיוב תות,גרמים,348.00,100 גרם,false,,9.90,0.0284,true,1,45710
7290110324711,false,ממרח סויה 9% שומן בטעם טבעי תנובה 250 גרם,מיוצר עי קונדיטוריית,IL,ממרח סויה בטעם טבעי,גרמים,250.00,100 גרם,false,,7.90,0.0316,true,1,48486
7290110324728,false,ממרח סויה 9% שומן עם שום שמיר תנובה 250 גרם,מיוצר עי קונדיטוריית,IL,ממרח סויה עם שום שמי,גרמים,250.00,100 גרם,false,,7.90,0.0316,true,1,48488
7290110324841,false,מעדן שקדים עם שוקולד מריר תנובה 125 גרם,מיוצר עי קונדיטוריית,IL,מעדן שקדים שוקולד מר,גרמים,125.00,100 גרם,false,,3.90,0.0312,true,1,48997
7290110324858,false,מעדן שקדים בטעם אגוזי לוז תנובה 125 גרם,מיוצר עי קונדיטוריית,IL,מעדן שקדים אגוזי לוז,גרמים,125.00,100 גרם,false,,3.90,0.0312,true,1,48998
7290110324926,false,משקה סויה ללא תוספת סוכר E אלטרנטיב,תנובה מרכז שיתופי לש,IL,משקה סויה ללא תוספת,קילוגרמים,1.00,ליטר,false,,9.90,9.9000,true,1,48618
7290110325169,false,פרוסות גאודה תנובה 170 גרם,תנובה חלב,IL,פרוסות גאודה תנובה 1,גרמים,170.00,100 גרם,false,,16.90,0.0994,true,1,50911
7290110325510,false,יופלה טיוב יוגורט במרקם חלק בטעם וניל-יוניקור,"תנובה בע""\מ",IL,מארז יופלה טיוב וניל,גרמים,348.00,100 גרם,false,,9.90,0.0284,true,1,49139
7290110325619,false,משקה שיבולת שועל תנובה E אלטרנטיב,מיוצר עי קונדיטוריית,IL,משקה שיבולת שועל אלט,קילוגרמים,1.00,ליטר,false,,11.60,11.6000,true,1,49239
7290110325893,false,משקה חלב GO מועשר בחלבון בטעם אייס קפה,מיוצר עי קונדיטוריית,IL,משקה GO אייס קפה 27,מיליליטרים,340.00,"100 מ""ל",false,,6.90,0.0203,true,1,52035
7290110326173,false,יולו COOKIES שוקולדלבן בטעם קרם עוגיות+עוגיות ונטיפי שוקולד 120 ג',תנובה חלב,IL,יולו שוקולד לבן בטעם,גרמים,120.00,100 גרם,false,,4.90,0.0408,true,1,51421
7290110326180,false,יולו בטעם נוגט בתוס' עוגיות ונטיפים בטעם שוקולד 120גר',תנובה חלב,IL,יולו ש. חלב בטעם קרם,גרמים,120.00,100 גרם,false,,4.90,0.0408,true,1,51422
7290110326210,false,יופלה און טופ פצפוצים תנובה 157 גרם,מיוצר עי קונדיטוריית,IL,יופלה און טופ פצפוצי,גרמים,157.00,100 גרם,false,,4.70,0.0299,true,1,50914
7290110326227,false,יופלה און טופ קורנפלקס תנובה 157 גרם,מיוצר עי קונדיטוריית,IL,יופלה און טופ קורנפל,גרמים,157.00,100 גרם,false,,4.70,0.0299,true,1,50917
7290110326234,false,יופלה און טופ כוכבים תנובה 157 גרם,מיוצר עי קונדיטוריית,IL,יופלה און טופ כוכבים,גרמים,157.00,100 גרם,false,,4.70,0.0299,true,1,50915
7290110326241,false,יופלה און טופ גרנולה תנובה 157 גרם,מיוצר עי קונדיטוריית,IL,יופלה און טופ גרנולה,גרמים,157.00,100 גרם,false,,4.70,0.0299,true,1,50918
7290110326906,false,חלב נטול לקטוז 3% שומן תנובה 1 ליטר,מיוצר עי קונדיטוריית,IL,חלב נטול לקטוז 3% תנ,קילוגרמים,1.00,ליטר,false,,7.20,7.2000,true,1,54570
7290110327033,false,משקה סויה תנובה גו מועשר בחלבון במתיקות מופחתת,מיוצר עי קונדיטוריית,IL,משקה סויה מועשר בחלב,קילוגרמים,1.00,ליטר,false,,11.60,11.6000,true,1,53334
7290110327514,false,alternative משקה שיבולת שועל בטעם אגוזי לוז תנובה 1 ליטר,תנובה מרכז שיתופי לש,IL,משקה שיבולת שועל בטע,קילוגרמים,1.00,ליטר,false,,11.60,11.6000,true,1,60032
7290110327545,false,יופלה און טופ בטעם תות בתוספת פצפוצים מצופים שוקולד 157 גרם,מיוצר עי קונדיטוריית,IL,יופלה און טופ תות ופ,גרמים,157.00,100 גרם,false,,4.70,0.0299,true,1,54690
7290110328016,false,משקה סויה מועשר בחלבון בטעם אגוזי לוז 250 גרם,תנובה מרכז שיתופי לש,IL,משקה סויה מועשר בטעם,מיליליטרים,250.00,"100 מ""ל",false,,5.90,0.0236,true,1,55973
7290110328023,false,משקה סויה מועשר בחלבון בטעם קפה 250 גרם,תנובה מרכז שיתופי לש,IL,משקה סויה מועשר עם ק,מיליליטרים,250.00,"100 מ""ל",false,,5.90,0.0236,true,1,55974
7290110328504,false,טריו - מיקס גבינות מוצרלה סקנדינבית וגאודה 300 גרם,מיוצר עי קונדיטוריית,IL,טריו פתיתים מיקס 3 ג,גרמים,300.00,100 גרם,false,,18.50,0.0617,true,1,56471
7290110328610,false,משקה אורז ושקדים בריסטה אלטרנטיב 1 ליטר,תנובה Alternative,IL,משקה אורז ושקדים ברי,קילוגרמים,1.00,ליטר,false,,11.60,11.6000,true,1,62972
7290110328627,false,יוגורט יופלה GO במרקם סמיך בטעם בננה קרמל 0%,מיוצר עי קונדיטוריית,IL,יוגורט גו יופלה סמיך,גרמים,200.00,100 גרם,false,,4.70,0.0235,true,1,57602
7290110328641,false,alternative טופו טבעי תנובה 2*250 גרם,תנובה חלב,IL,טופו טבעי אלטרנטיב 2,גרמים,500.00,100 גרם,false,,16.90,0.0338,true,1,63255
7290110328764,false,יוגורט יופלה GO במרקם סמיך עם תות 0%,מיוצר עי קונדיטוריית,IL,יוגורט גו יופלה סמיך,גרמים,200.00,100 גרם,false,,4.70,0.0235,true,1,57603
7290110328771,false,יוגורט יופלה GO במרקם סמיך עם פירות יער 0%,מיוצר עי קונדיטוריית,IL,יוגורט גו יופלה סמיך,גרמים,200.00,100 גרם,false,,4.70,0.0235,true,1,57604
7290110328788,false,יוגורט יופלה GO במרקם סמיך בטעם אפרסק 0%,תנובה מרכז שיתופי לש,IL,יוגורט גו יופלה סמיך,גרמים,200.00,100 גרם,false,,4.70,0.0235,true,1,57605
7290110328931,false,פתיתי גבינה צהובה למאפים 500 גרם השף הלבן,"תנובה בע""\מ",IL,פתיתי גבינה למאפים ה,גרמים,500.00,100 גרם,false,,19.90,0.0398,true,1,65063
7290110329136,false,מעדן חלב מעושר בחלבון בטעם שוקולד 120 ג' GO,תנובה מרכז שיתופי לש,IL,מעדן חלב גו 12 מועשר,גרמים,120.00,100 גרם,false,,4.50,0.0375,true,1,60034
7290110329143,false,מעדן חלב מעושר בחלבון בטעם וניל גביע 120 ג' GO,תנובה מרכז שיתופי לש,IL,מעדן חלב גו 12 מועשר,גרמים,120.00,100 גרם,false,,4.50,0.0375,true,1,60035
7290110329303,false,פרוסות בטעם צהובה קלאסית אלטרנטיב 200 גר,תנובה Alternative,IL,פרוסות צהובה קלאסית,גרמים,200.00,100 גרם,false,,19.90,0.0995,true,1,63253
7290110329600,false,שלישיית שמנת לבישול 15% השף הלבן,תנובה,IL,מארז שמנת לבישול 15%,גרמים,750.00,100 גרם,false,,19.90,0.0265,true,1,65075
7290110329686,false,"משקה חלב גו בטעם עוגיות 340 מ""ל",מיוצר עי קונדיטוריית,IL,משקה GO בטעם עוגיות,מיליליטרים,340.00,"100 מ""ל",false,,6.90,0.0203,true,1,63254
7290110329716,false,משקה חלב קר בטעם קפוצ'ינו 230 גרם תנובה,תנובה מרכז שיתופי לש,IL,משקה קפה קר בטעם קפו,מיליליטרים,230.00,"100 מ""ל",false,,6.90,0.0300,true,1,62577
7290110329723,false,משקה חלב קר בטעם לאטה 230 גרם תנובה,תנובה מרכז שיתופי לש,IL,משקה קפה קר בטעם לאט,מיליליטרים,230.00,"100 מ""ל",false,,6.90,0.0300,true,1,62578
7290110329730,false,"משקה חלב עם שוקולד וקפה בסגנון לאטה 2.7%  230 מ""ל תנובה",תנובה מרכז שיתופי לש,IL,משקה קפה קר בטעם לאט,מיליליטרים,230.00,"100 מ""ל",false,,6.90,0.0300,true,1,62579
7290110329792,false,יוגורט סויה BIO Alternative אפרסק 150 ג' תנובה,מיוצר עי קונדיטוריית,IL,מעדן סויה ביו אפרסק,גרמים,150.00,100 גרם,false,,4.40,0.0293,true,1,60411
7290110329808,false,יוגורט סויה BIO Alternative תות 150 ג' תנובה,מיוצר עי קונדיטוריית,IL,מעדן סויה ביו תות אל,גרמים,150.00,100 גרם,false,,4.40,0.0293,true,1,60412
7290110329815,false,סויה BIO מתיקות מעודנת גביע 150 גרם אלטרנטיב,מיוצר עי קונדיטוריית,IL,מעדן סויה ביו מתיקות,גרמים,150.00,100 גרם,false,,4.40,0.0293,true,1,60413
7290110329822,false,יוגורט סויה BIO Alternative פירות יער 150 ג' תנובה,מיוצר עי קונדיטוריית,IL,מעדן סויה ביו פירות,גרמים,150.00,100 גרם,false,,4.40,0.0293,true,1,60414
7290110329839,false,פרוסות צהובה בטעם זיתים 200 ג' אלטרנטיב אלטרנטיב,מיוצר עי קונדיטוריית,IL,פרוסות צהובה בטעם זי,גרמים,200.00,100 גרם,false,,19.90,0.0995,true,1,63245
7290110329846,false,יוגורט סויה BIO Alternative בטעם טבעי 150 ג' תנובה,תנובה Alternative,IL,מעדן סויה ביו טבעי א,גרמים,150.00,100 גרם,false,,4.40,0.0293,true,1,60415
7290110329914,false,מאגדת משקה שיבולת שועל ושקדים 100 גרם*6 יח' ביו אלטרנטיב,תנובה מרכז שיתופי לש,IL,משקה ביו שיבולת שועל,מיליליטרים,600.00,"100 מ""ל",false,,17.90,0.0298,true,1,63300
7290110550202,false,מטבעות שוקולד חלב לאפיה 400 גרם עלית,"פוליבה בע""\מ",IL,מטבעות שוקולד חלב לא,גרמים,400.00,100 גרם,false,,24.90,0.0622,true,1,62385
7290110550226,false,מטבעות שוקולד מריר לאפיה 400 גרם עלית,"פוליבה בע""\מ",IL,מטבעות שוקולד מריר ל,גרמים,400.00,100 גרם,false,,24.90,0.0622,true,1,62387
7290110550394,false,PERFECT BITE שוקולד חלב במילוי קרם ושברי אגוזי לוז 234 גרם,"שטראוס גרופ בע""\מ",IL,חטיף שוקולד פרפקט בי,גרמים,234.00,100 גרם,false,,17.90,0.0765,true,1,59707
7290110552220,false,יוגורט PRO בטעם תות 0% סוכר לבן 20 גרם חלבון בגביע,"שטראוס בריאות בע""\מ",IL,דנונה פרו 20 תות ללא,גרמים,200.00,100 גרם,false,,5.90,0.0295,true,1,60325
7290110552237,false,יוגורט פרו בטעם אפרסק מנגו ללא סוכר 200 ג' דנונה,"שטראוס בריאות בע""\מ",IL,דנונה פרו 20 אפרסק ו,גרמים,200.00,100 גרם,false,,5.90,0.0295,true,1,60326
7290110554422,false,פומודורו רוטב עגבניות ופלפלים לשקשוקה לפסטה יד מרדכי 350 גרם,אמיליאנה קונסרב סוסייטה,IT,רוטב עגבניות ופלפלים,גרמים,350.00,100 גרם,false,,10.80,0.0309,true,1,63613
7290110554583,false,מארז חטיפי צ'יטוס פאפס בטעם גבינה - 10 יחידות,"שטראוס פריטו ליי בע""\מ )",IL,מארז צ'יטוס בטעם גבי,גרמים,200.00,100 גרם,false,,11.50,0.0575,true,1,60505
7290110554729,false,קפסולות עלית אספרסו 04 תואמות למכונות NESPRESSO,שטראוס קפה בי.וי.,IL,קפסולות עלית מס 04 ל,גרמים,50.00,100 גרם,false,,15.50,0.3100,true,1,62192
7290110555009,false,זוג פסאטה מחית עגבניות חלקה יד מרדכי 700 גרם,אמיליאנה קונסרב ס.פ.,IT,מחית עגבניות פסאטה י,גרמים,700.00,100 גרם,false,,11.90,0.0170,true,1,63305
7290110555306,false,רבע לשבע טבעוני סינמון באן עלית 125 גרם,"הגביע מוצרי וופלים בע""\מ",IL,גלילי ופל רבע לשבע ס,גרמים,125.00,100 גרם,false,,9.60,0.0768,true,1,62973
7290110556242,false,"שוקולד מריר פרווה 100 גר' בד""ץ תוצרת חוץ","שטראוס גרופ בע""מ.",FR,שוקולד פרה מריר 100,גרמים,100.00,100 גרם,false,,5.90,0.0590,true,1,63781
7290110557102,false,מעדן חלב עם שוקולד מועשר בחלבון 150 ג' שטראוס,מיוצר עי קונדיטוריית,IL,מעדן חלב עם שוקולד פ,גרמים,150.00,100 גרם,false,,4.90,0.0327,true,1,58981
7290110557133,false,מעדן הגולן וניל 125 ג' שטראוס,מיוצר עי קונדיטוריית,IL,מעדן הגולן וניל 125,מיליליטרים,125.00,"100 מ""ל",false,,2.80,0.0224,true,1,59316
7290110557478,false,חומוס גלילי במרקם מעודן 600 גרם,"שטראוס גרופ בע""\מ",IL,חומוס גלילי אחלה 600,גרמים,600.00,100 גרם,false,,11.90,0.0198,true,1,61328
7290110558154,false,דנונה לייט אנד פרי עוגת תפוחים 150ג דנונה,"שטראוס בריאות בע""\מ",IL,דנונה לייט אנד פרי ב,גרמים,150.00,100 גרם,false,,4.50,0.0300,true,1,63309
7290110558215,false,"דנונה קראנצ`פיסטוק עם פיצפוץ לבן קראנצי פיסטוק, 173 גרם","שטראוס בריאות בע""\מ",IL,דנונה בר קראנץ פיסטו,מיליליטרים,173.00,"100 מ""ל",false,,4.30,0.0249,true,1,64316
7290110558222,false,"וואו יוגורט עם שכבה בטעם בנופי פאי 5.4%, 150ג דנונה","שטראוס בריאות בע""\מ",IL,דנונה WOW עם שכבה בט,מיליליטרים,150.00,"100 מ""ל",false,,4.50,0.0300,true,1,63311
7290110558239,false,"וואו יוגורט עם שכבה בטעם קראק פאי 5.4%, 150 ג דנונה","שטראוס בריאות בע""\מ",IL,דנונה WOW עם שכבה בט,מיליליטרים,150.00,"100 מ""ל",false,,4.50,0.0300,true,1,63312
7290110558253,false,דנונה שייק נונה ריפרש בננה אננס וצ'יה,"שטראוס בריאות בע""\מ",IL,משקה דנונה ריפרש בננ,גרמים,250.00,100 גרם,false,,5.50,0.0220,true,1,62818
7290110558314,false,דנונה פרו 20 גרם חלבון ללא סוכר פיסטוק 200 גרם,"שטראוס בריאות בע""\מ",IL,דנונה פרו 20 בטעם פי,גרמים,200.00,100 גרם,false,,5.90,0.0295,true,1,63308
7290110558666,false,מעדן גבינה בטעם תפוח 88 ג' דניאלה,"שטראוס בריאות בע""\מ",IL,דניאלה בטעם תפוח 88,גרמים,88.00,100 גרם,false,,3.90,0.0443,true,1,64311
7290110559748,false,ריל מאגדת שקדים קוקוס ושוקולד מריר שטראוס 105 גרם,"ואמואליס פודס אס.איי,",GR,מאגדת ריל אנרג'י שקד,גרמים,105.00,100 גרם,false,,12.90,0.1229,true,1,62977
7290110559755,false,ריל מאגדת בוטנים פיסטוק וחמוציות שטראוס 105 גרם,"ואמואליס פודס אס.איי,",GR,מאגדת ריל אנרג'י בוט,גרמים,105.00,100 גרם,false,,12.90,0.1229,true,1,62978
7290110559762,false,ריל מאגדת אגוזים תמרים קוקוס שטראוס 105 גרם,"ואמואליס פודס אס.איי,",GR,מאגדת ריל אנרג'י אגו,גרמים,105.00,100 גרם,false,,12.90,0.1229,true,1,62979
7290110560300,false,"הפריכיות הטעימות חומוס, עדשים שחורות, קינואה ופלפל שחור",אנרג'י Energy - שטראוס,IL,פריכיות אנרג'י משולש,Unknown,0.00,יחידה,false,,4.90,0.0000,true,1,52908
7290110560317,false,"הפריכיות הטעימות חומוס, עדשים שחורות, קינואה ומלח ים","פרח תעשיו מזון בע""מ",IL,פריכיות אנרג'י משולש,גרמים,30.00,100 גרם,false,,4.90,0.1633,true,1,52909
7290110560324,false,"הפריכיות הטעימות תפו""א, אורז, אפונה ומלח ים","פרח תעשיו מזון בע""מ",IL,פריכיות אנרג'י משולש,גרמים,30.00,100 גרם,false,,4.90,0.1633,true,1,52910
7290110561352,false,דנונה יוגורט ביו פרוביוטי 3% דל לקטוז 150ג',"שטראוס בריאות בע""\מ",IL,דנונה דל לקטוז בתוספ,גרמים,200.00,100 גרם,false,,3.90,0.0195,true,1,57858
7290110561604,false,מארז 8 יחידות מעדן גמדים בטעם תות בננה,"שטראוס בריאות בע""\מ",IL,מארז גמדים תות בננה,גרמים,800.00,100 גרם,false,,17.90,0.0224,true,1,32951
7290110563462,false,חלב 2% דל לקטוז בבקבוק יטבתה 1 ליטר.,מחלבת יטבתה,IL,חלב מועשר נטול לקטוז,קילוגרמים,1.00,ליטר,false,,7.80,7.8000,true,1,49519
7290110564339,false,חומוס אחלה הסידרה המובחר 30% טחינה 400 גר',מיוצר עי קונדיטוריית,IL,חומוס עשיר ב30% טחינ,גרמים,400.00,100 גרם,false,,12.90,0.0323,true,1,32938
7290110564360,false,חומוס אחלה הסידרה המובחר 40% טחינה 400 גר',מיוצר עי קונדיטוריית,IL,חומוס עשיר ב40% טחינ,גרמים,400.00,100 גרם,false,,12.90,0.0323,true,1,32937
7290110564414,false,חומוס אחלה הסידרה המובחר 30% טחינה 600 גר',מיוצר עי קונדיטוריית,IL,חומוס עשיר ב 30% טחי,גרמים,600.00,100 גרם,false,,14.90,0.0248,true,1,32934
7290110565527,false,יוגורט PRO פרו 1.5% 20 גרם חלבון בגביע,"שטראוס בריאות בע""מ",IL,דנונה פרו טבעי 1.5%,גרמים,200.00,100 גרם,false,,5.90,0.0295,true,1,31759
7290110565572,false,מארז קפה טורקי עלית לדרך עם הל 168 גרם,שטראוס קפה בי.וי.,IL,קפה טורקי הל לדרך 2,גרמים,168.00,100 גרם,false,,16.90,0.1006,true,1,63784
7290110566043,false,יוגורט 4.5% שומן 3 ל' שטראוס,"מחלבות בר בכפר בע""מ",IL,משקה יוגורט 4% שטראו,פריט,3.00,"ק""ג",false,,26.90,8.9667,true,1,35999
7290110566623,false,קפסולות קולומביה עלית 08 למכונת נספרסו מארז 5X10ג',שטראוס קפה בי.וי.,IL,קפסולות עלית קולומבי,גרמים,50.00,100 גרם,false,,15.50,0.3100,true,1,36575
7290110566975,false,דנונה פרו יוגורט 0% תות עשיר בחלבון 200ג',"שטראוס בריאות בע""\מ",IL,דנונה פרו תות 0% 200,גרמים,200.00,100 גרם,false,,5.90,0.0295,true,1,35824
7290110568238,false,"קצפת צמחית 21% שומן 250 מ""ל יוטבתה",מחלבת יטבתה,IL,קצפת צמחית במתיקות מ,מיליליטרים,250.00,"100 מ""ל",false,,7.90,0.0316,true,1,55907
7290110568511,false,קונפיטורית פירות יער במתיקות מעודנת 265 גר' יד מרדכי,קריות זול,FR,קונפיטורה פירות יער,גרמים,265.00,100 גרם,false,,12.90,0.0487,true,1,54649
7290110568559,false,דוריטוס עלית מארז חמוץ חריף 10 יח' *25 ג',"שטראוס פריטו ליי בע""מ )פ",IL,מארז דוריטוס חמוץ חר,גרמים,250.00,100 גרם,false,,9.70,0.0388,true,1,36385
7290110568566,false,דוריטוס גריל עלית מארז 10 יח' *25 ג',"שטראוס פריטו ליי בע""מ )פ",IL,מארז דוריטוס גריל 10,גרמים,250.00,100 גרם,false,,9.70,0.0388,true,1,36383
7290110571382,false,מעדן חלב בטעם וניל מעושר בחלבון 150 ג' שטראוס,"שטראוס בריאות בע""\מ",IL,מעדן חלב בטעם וניל פ,גרמים,150.00,100 גרם,false,,4.90,0.0327,true,1,62660
7290110571405,false,עלית - מיני פינוקיות בגביע פסק זמן 180 גרם,"הגביע מוצרי ופלים בע""\מ",IL,עוגיות מיני פינוקיות,גרמים,180.00,100 גרם,false,,9.90,0.0550,true,1,64903
7290110571412,false,מיני פינוקיות - פאדג' שוקולד בגביע 180 גרם,"הגביע מוצרי ופלים בע""\מ",IL,עוגיות מיני פינוקיות,גרמים,180.00,100 גרם,false,,9.90,0.0550,true,1,64904
7290110571535,false,מארז קפה טורקי הל עלית 300 גרם,שטראוס קפה בי.וי.,IL,מארז קפה טורקי הל על,גרמים,300.00,100 גרם,false,,22.90,0.0763,true,1,62389
7290110572884,false,"קפסולות קפה מספר 20 למכונת אספרס אספרסו, 50 גרם",שטראוס קפה בי.וי.,IL,קפסולות עלית מס' 20,גרמים,50.00,100 גרם,false,,15.50,0.3100,true,1,64844
7290110574413,false,עלית - פופקורן בטעם טעמי 70 גרם,סראנו בעבור שטראוס,קפריסין,פופקורן מקורמל מצופה,גרמים,70.00,100 גרם,false,,7.90,0.1129,true,1,64668
7290110574420,false,עלית - פופקורן בטעם פסק זמן 70 גרם,סראנו בעבור שטראוס,קפריסין,פופקורן מקורמל מצופה,גרמים,70.00,100 גרם,false,,7.90,0.1129,true,1,64669
7290110576752,false,טבלאות שוקולד ספלנדיד מריר 70% 100 ג' עלית,קימ'ס גריפלנן,BE,שוקולד ספלנדיד מריר,גרמים,100.00,100 גרם,false,,9.90,0.0990,true,1,64854
7290110576776,false,טבלאות שוקולד ספלנדיד מריר 85% 100 ג' עלית,קימ'ס גריפלנן,BE,שוקולד ספלנדיד מריר,גרמים,100.00,100 גרם,false,,9.90,0.0990,true,1,64855
7290110576790,false,גבינת סקי 3% בטעם מוקה 125 גרם,"שטראוס בריאות בע""\מ",IL,מעדן גבינה בטעם מיקס,גרמים,125.00,100 גרם,false,,3.70,0.0296,true,1,64312
7290110576851,false,"שמיניית משקה גמדים סלט פירות 108 מ""ל","שטראוס בריאות בע""\מ",IL,מארז משקה גמדים סלט,גרמים,864.00,100 גרם,false,,19.90,0.0230,true,1,64313
7290110577230,false,משקה חלב בטעם פיסטוק בבקבוק יטבתה 1 ליטר,שטראוס גרופ,IL,משקה חלב בטעם פיסטוק,קילוגרמים,1.00,ליטר,false,,9.90,9.9000,true,1,64309
7290111341366,false,ניקול מפיות אירוח חד שכבתי 150 יחידות,"משווק ע""י קימברלי קלארק",SK,מפיות ניקול לבנות חד,Unknown,0.00,יחידה,false,,7.70,0.0000,true,1,57608
7290111342042,false,ניקול כריות יפניות אנטיבקטריאלי 4 יחידות,פלסטו פוליש,IL,כריות יפניות אנטיבקט,Unknown,0.00,יחידה,false,,9.90,0.0000,true,1,51908
7290111343858,false,ניקול מטליות לחות לרצפה אנטיבקרטריאלי 10 יחידות,עלבד משואות יצחק,IL,מטליות לחות אנטיבקטר,Unknown,0.00,יחידה,false,,9.90,0.0000,true,1,51910
7290111344077,false,מטליות לחות לחיטוי משטחים אריזת שלישייה,עלבד משואות יצחק,IL,מטליות לחות אנטיבקטר,Unknown,0.00,יחידה,false,,19.90,0.0000,true,1,51911
7290111344206,false,-מגבונים לחים לעור רגיש ללא בישום האגיס 4*64 יחידות,חוגלה קימברלי,IL,מגבונים האגיס 4*64 י,Unknown,0.00,יחידה,false,,20.70,0.0000,true,1,59185
7290111344503,false,חיתולי האגיס אקסטרה קייר מידה +4 36 יח',חוגלה קימברלי,IL,חיתולי האגיס אקסטרא,Unknown,0.00,יחידה,false,,54.90,0.0000,true,1,65222
7290111344558,false,ניקול שקיות אשפה גדולות 100 יח,חוגלה קימברלי,IL,שקיות אשפה לפחים גדו,Unknown,0.00,יחידה,false,,29.90,0.0000,true,1,58355
7290111344831,false,קוטקס - מגיני יום אקסטרא פרוטקט נורמל ביג 60 יח',חוגלה קימברלי,CN,מגן תחתון קוטקס אקסט,Unknown,0.00,יחידה,false,,18.50,0.0000,true,1,59593
7290111344855,false,קוטקס - מגיני יום אקסטרא פרוטקט לארג' ביג 52 יח',חוגלה קימברלי,CN,מגן תחתון קוטקס אקסט,Unknown,0.00,יחידה,false,,18.50,0.0000,true,1,59592
7290111345982,false,ניקול דפי ספוגית הקסם 10 יחידות,חוגלה קימברלי,IL,דפי ספוגית הקסם ניקו,Unknown,0.00,יחידה,false,,9.90,0.0000,true,1,62295
7290111350047,false,תמרים מזן מגהול ללא חרצנים 500 גרם,טעמי הגליל,IL,תמר מגהול כבוש קליית,גרמים,500.00,100 גרם,false,,13.90,0.0278,true,1,27063
7290111351723,false,פופקורן למיקרוגל טבע,פופז,US,פופקורן למיקרוגל טבע,פריט,1.10,"ק""ג",false,,19.90,18.0909,true,1,47293
7290111351754,false,פופקורן למיקרוגל חמא,פופז,US,פופקורן למיקרוגל חמא,פריט,1.10,"ק""ג",false,,19.90,18.0909,true,1,47294
7290111352232,false,"מארז סביבון ממתקים לחנוכה יוגטה בד""צ",1 יחידה,IL,מארז ממתקים סביבון י,Unknown,0.00,יחידה,false,,9.90,0.0000,true,1,64898
7290111352966,false,יוגטה סוכריות ממולאות בטעם פירות 250 גרם ללא ג'לטין,ליימן שליסל,TR,סוכריות גומי ממולאות,גרמים,250.00,100 גרם,false,,5.90,0.0236,true,1,52037
7290111352973,false,יוגוטה קוביות חמוצות ממולאות בטעם פירות,יוגטה yogueta,TR,סוכריות קוביות חמוצו,גרמים,220.00,100 גרם,false,,5.90,0.0268,true,1,52038
7290111353208,false,פופקורן למיקרוגל טבע,פופז,US,פופקורן למיקרוגל טבע,פריט,1.10,"ק""ג",false,,19.90,18.0909,true,1,53821
7290111353376,false,מארז 100 סוכריות מנטוס שמחות בטעם מנטה 250 גרם,פרפטי ואן מלה ברדה,NL,מנטוס מיני בטעם מנטה,גרמים,178.00,100 גרם,false,,13.90,0.0781,true,1,53686
7290111353482,false,מקלות חמוצים ממולאות בטעמי פירות יוגטה 200 גרם,צ'וקטה,TR,סוכריות גומי ממולאות,גרמים,200.00,100 גרם,false,,5.90,0.0295,true,1,55187
7290111354564,false,"לקקן יוגטה טעם פירות 450 גרם בד""צ",טאיס,TR,סוכריות על מקל בטעמי,גרמים,450.00,100 גרם,false,,12.90,0.0287,true,1,64900
7290111355110,false,ממתק חמוץ שטיח בטעם,תיאס גידה ג'י או אס,TR,ממתק חמוץ שטיח בטעם,גרמים,720.00,100 גרם,false,,34.90,0.0485,true,1,65572
7290111355127,false,ממתק חמוץ שטיח בטעם,תיאס גידה ג'י או אס,TR,ממתק חמוץ שטיח בטעם,גרמים,720.00,100 גרם,false,,34.90,0.0485,true,1,65573
7290111534010,false,פס גבינה שמנת פירורים קפולסקי 400 גרם,תופינים מקבוצת קפולסקי,IL,עוגת מוס גבינה פירור,גרמים,450.00,100 גרם,false,,35.90,0.0798,true,1,27619
7290111563492,false,סלטי צבר מטבוחה חריפה מרובע 6*400גרם,סלטי צבר,IL,מטבוחה חריפה צבר 400,גרמים,400.00,100 גרם,false,,11.90,0.0298,true,1,40436
7290111564277,false,פריכיות דקות ונימוחות 3 דגנים פיטנס Fitness,פרח תעשיות בעמ,IL,פריכיות דקות 3 דגנים,גרמים,120.00,100 גרם,false,,9.90,0.0825,true,1,38774
7290111564291,false,פריכיות דקות ונימוחות 3 דגנים וקינואה פיטנס Fitness,פרח תעשיות בעמ,IL,פריכיות דקות עם קינו,גרמים,120.00,100 גרם,false,,9.90,0.0825,true,1,38773
7290111564727,false,עוגיות אסם קרמוגית וקרם אגוזים אסם 200ג',מיוצר עי קונדיטוריית,IL,עוגיות שוקו קרם אגוז,גרמים,200.00,100 גרם,false,,9.90,0.0495,true,1,31889
7290111564956,false,"ביסלי במבה מיקס 200 גרם ""אסם""",פרו מן יו פתרונות אריזה,IL,ביסלי במבה מיקס 200,גרמים,200.00,100 גרם,false,,8.90,0.0445,true,1,35066
7290111565038,false,"לה קרמריה וניל קוקילידה בד""צ 1.4 ל'",גלידות נסטלה )נגה גלידות,IL,גלידה לה קרמריה וניל,קילוגרמים,1.40,ליטר,false,,17.50,12.5000,true,1,34419
7290111565083,false,מארז במבה 15*25 גרם,גבעול,IL,מארז במבה 15*25 גרם,גרמים,375.00,100 גרם,false,,17.90,0.0477,true,1,31178
7290111566240,false,שניצל דק מן הצומח בטעם צ'ילי חריף 700 גרם,עיצובים 2020 (4.8),IL,שניצל דק צמחוני צילי,גרמים,564.00,100 גרם,false,,29.90,0.0530,true,1,31868
7290111566271,false,חטיפי תירס טבעול 657 גרם,עיצובים 2020 (4.8),IL,חטיפי תירס טבעול 657,גרמים,657.00,100 גרם,false,,29.90,0.0455,true,1,31866
7290111566318,false,שניצל דק מן הצומח בטעם ביתי 700 גרם,עיצובים 2020 (4.8),IL,שניצל דק צמחוני ביתי,גרמים,564.00,100 גרם,false,,29.90,0.0530,true,1,31867
7290111566332,false,"נקניקיות וינר מן הצומח 680 גרם ""טבעול""",עיצובים 2020 (4.8),IL,נקניקיות וינר צמחוני,גרמים,680.00,100 גרם,false,,29.90,0.0440,true,1,31869
7290111566417,false,טבעול טחון מן הצומח משופר 400 גרם,עיצובים 2020 (4.8),IL,טחון צמחוני טבעול 50,גרמים,500.00,100 גרם,false,,29.90,0.0598,true,1,31882
7290111566547,false,טבעול חזה בגריל צמחוני 99 קלוריות 560ג',עיצובים 2020 (4.8),IL,חזה בגריל צמחוני טבע,גרמים,560.00,100 גרם,false,,29.90,0.0534,true,1,31880
7290111566561,false,"שניצל ברוקולי 99 קלוריות 560 גר' ""טבעול""",עיצובים 2020 (4.8),IL,שניצל ברוקולי 99 קלו,גרמים,500.00,100 גרם,false,,29.90,0.0598,true,1,31876
7290111566585,false,"שניצל צמחוני 99 קלוריות 650 גר' ""טבעול""",עיצובים 2020 (4.8),IL,שניצל צמחוני טבעול 6,גרמים,650.00,100 גרם,false,,29.90,0.0460,true,1,31879
7290111566714,false,טבעול המבורגר צמחוני 99 קלוריות 600 גרם,עיצובים 2020 (4.8),IL,המבורגר צמחוני טבעול,גרמים,600.00,100 גרם,false,,29.90,0.0498,true,1,31878
7290111566752,false,טבעול שניצל תירס 99 קלוריות 693 גרם,עיצובים 2020 (4.8),IL,שניצל תירס טבעול 693,גרמים,693.00,100 גרם,false,,29.90,0.0431,true,1,31875
7290111566776,false,"נקניקיות קוקטייל מן הצומח 680 גרם ""טבעול""",עיצובים 2020 (4.8),IL,נקניקיות קוקטייל צמח,גרמים,680.00,100 גרם,false,,29.90,0.0440,true,1,31870
7290111568206,false,"מיקס ביסלי, אפרופו ופיצוחים מתובלים",פרו מן יו פתרונות אר,IL,ביסלי פארטי מיקס 150,גרמים,150.00,100 גרם,false,,6.90,0.0460,true,1,35048
7290111568251,false,אטריות נודלס להקפצה אסם אסייתי 350 גר',תאי פרזידנטפוד,TH,נודלס אטריות להקפצה,גרמים,350.00,100 גרם,false,,8.90,0.0254,true,1,35422
7290111568961,false,בייגלה טבעות מלח אסם 400 גרם,אסם,IL,בייגלה טבעות עם מלח,גרמים,400.00,100 גרם,false,,8.90,0.0223,true,1,63457
7290111930805,false,קראנצ'וס טעם ברביקיו 55 גר',חברת מנה בעמ,IL,קראנצוס ברבקיו 55 גר,גרמים,55.00,100 גרם,false,,1.90,0.0345,true,1,30385
7290111930850,false,קראנצ'וס טעם פיצה 55גר',קראנצ'וס,IL,קראנצוס פיצה 55 גרם,גרמים,55.00,100 גרם,false,,1.90,0.0345,true,1,30384
7290111930997,false,פירורי לחם מוזהב מאס,מנה,IL,פירורי לחם מוזהב מאס,גרמים,800.00,100 גרם,false,,11.90,0.0149,true,1,31305
7290111932380,false,"מארז זוגי משחת שיניים מרידול 75 מ""ל",GABA LOER GER,PL,"משחת מרידול 2*75 מ""ל",מיליליטרים,150.00,"100 מ""ל",false,,24.90,0.1660,true,1,32262
7290111933554,false,שלישייה עגבניות קוביות מאסטר שף 400 גרם,קונסוריזיו קאסאלסקו,IT,מארז עגבניות קוביות,פריט,1.20,"ק""ג",false,,15.90,13.2500,true,1,40431
7290111933592,false,פירורי לחם פנקו מאסט,מנה,IL,פירורי לחם פנקו מאסט,גרמים,510.00,100 גרם,false,,11.90,0.0233,true,1,38467
7290111936203,false,"ליידי ספיד סטיק דרמה ספריי ויטמין אי 150 מ""ל",ליידי ספיד סטיק Lady Speed Stick,RU,דאו ספריי ליידי ספיד,מיליליטרים,150.00,"100 מ""ל",false,,13.90,0.0927,true,1,47190
7290111936296,false,"סבון רחצה פלמוליב ארומה סנסיישן מסאז' 750 מ""ל",קולגייט פלמוליב,TR,ג'ל רחצה פלמוליב סנס,מיליליטרים,750.00,"100 מ""ל",false,,19.50,0.0260,true,1,45550
7290111936647,false,"משחת שיניים קולגייט מקס כחול 125 מ""ל*2 כשלפ",קולגייט פלמוליב,PL,משחת קולגייט מקס פרש,מיליליטרים,250.00,"100 מ""ל",false,,28.90,0.1156,true,1,44679
7290111938498,false,"מנה אסייאתי רוטב סויה בהירה 700 מ""ל מ.שף",קי.אר.אס. ספייסי פוד,TH,רוטב סויה בהירה מאסט,גרמים,700.00,100 גרם,false,,12.50,0.0179,true,1,49371
7290111939822,false,משחת קולגייט אופטיק,קולגייט פלמוליב,PL,משחת קולגייט אופטיק,מיליליטרים,225.00,"100 מ""ל",false,,47.90,0.2129,true,1,48433
7290111939846,false,משחת קולגייט אופטיק,קולגייט פלמוליב,PL,משחת קולגייט אופטיק,מיליליטרים,225.00,"100 מ""ל",false,,47.90,0.2129,true,1,48434
7290112000408,false,מנקה ומחטא עוצמתי לניקוי כללי בניחוח לימון,רקיט בנקיזר,US,תרסיס דטול מנקה ומחט,מיליליטרים,750.00,"100 מ""ל",false,,14.90,0.0199,true,1,50356
7290112000798,false,"דיטול תרסיסי חיטוי וניקוי אנטי בקטריאלי 750 מ""ל",רקיט בנקיזר,US,תרסיס דטול מנקה ומחט,מיליליטרים,750.00,"100 מ""ל",false,,14.90,0.0199,true,1,50361
7290112000903,false,פיניש למדיח הכל ב1 120טב,רקיט בנקיזר,PL,טבליות פיניש פאוורבו,פריט,1.92,"ק""ג",false,,64.90,33.8021,true,1,43380
7290112001436,false,"פיניש מנקה מדיח כלים בניחוח לימון 250 מ""ל",רקיט בנקיזר,PL,מנקה מדיח פיניש לימו,מיליליטרים,250.00,"100 מ""ל",false,,14.90,0.0596,true,1,48581
7290112001641,false,"מסיר כתמים קליה 950 מ""ל",רקיט בנקיזר,PL,תרסיס וניש קליה 950,מיליליטרים,950.00,"100 מ""ל",false,,19.90,0.0209,true,1,51058
7290112001870,false,"סיליט באנג ספריי ניקוי אמבטיה 750 מ""ל",רקיט בנקיזר,PL,תרסיס סיליט באנג לני,מיליליטרים,750.00,"100 מ""ל",false,,12.50,0.0167,true,1,49528
7290112002136,false,ג'ל כביסה מרוכז קולון 101 קלאסי,רקיט בנקיזר,IL,ג'ל קולון כחול 4 ליט,קילוגרמים,4.00,ליטר,false,,34.50,8.6250,true,1,48265
7290112002143,false,ג'ל כביסה מרוכז קולון 101 בניחוח לילך,רקיט בנקיזר,IL,ג'ל קולון לילך סגול,קילוגרמים,4.00,ליטר,false,,34.50,8.6250,true,1,48266
7290112002457,false,דטול - שלישיית מגבונים לניקוי וחיטוי בניחוח לימון,רקיט בנקיזר,PL,מטליות לחות דטול לני,Unknown,0.00,יחידה,false,,19.90,0.0000,true,1,53724
7290112003188,false,קולון קפסולות גל לכביסה 60 יחידות,רקיט בנקיזר,IT,קפסולות ג'ל קולון 60,Unknown,0.00,יחידה,false,,49.90,0.0000,true,1,53611
7290112003973,false,וניש מסיר כתמים אבקה לכביסה צבעונית 1350 גרם,רקיט בנקיזר,IT,אבקת וניש מסיר כתמים,פריט,1.35,"ק""ג",false,,34.90,25.8519,true,1,57802
7290112003980,false,וניש תוסף כביסה רב תכליתי לבן 1350 גרם,רקיט בנקיזר,IT,אבקת וניש מסיר כתמים,פריט,1.35,"ק""ג",false,,34.90,25.8519,true,1,57803
7290112004109,false,מטליות לחות לניקוי כללי וחיטוי בריח ליים ונענע- מארז,רקיט בנקיזר,PL,מטליות לחות דטול לחי,Unknown,0.00,יחידה,false,,19.90,0.0000,true,1,53725
7290112004413,false,"ספריי וניש קליה להסרת כתמים לבגדים לבנים 750 מ""ל",רקיט בנקיזר,PL,ספריי וניש להסרת כתמ,מיליליטרים,750.00,"100 מ""ל",false,,16.90,0.0225,true,1,61970
7290112004482,false,אירוויק ספריי וניל 3,,,אירוויק ספריי וניל 3,מיליליטרים,720.00,"100 מ""ל",false,,19.90,0.0276,true,1,55510
7290112004499,false,אירוויק ספריי לבנדר,,,אירוויק ספריי לבנדר,מיליליטרים,720.00,"100 מ""ל",false,,19.90,0.0276,true,1,55511
7290112004505,false,אירוויק ספריי לבנדר,,,אירוויק ספריי לבנדר,מיליליטרים,720.00,"100 מ""ל",false,,19.90,0.0276,true,1,55512
7290112004512,false,מילוי מבשם אוטומטי א,רקיט בנקיזר,PL,מילוי מבשם אוטומטי א,מיליליטרים,750.00,"100 מ""ל",false,,21.90,0.0292,true,1,55506
7290112004529,false,מילוי מבשם אוטומטי א,רקיט בנקיזר,PL,מילוי מבשם אוטומטי א,מיליליטרים,750.00,"100 מ""ל",false,,21.90,0.0292,true,1,55507
7290112004536,false,מילוי מבשם אוטומטי א,רקיט בנקיזר,PL,מילוי מבשם אוטומטי א,מיליליטרים,750.00,"100 מ""ל",false,,21.90,0.0292,true,1,55508
7290112004611,false,"וניש קליה ג'ל מרוכז לטיפול נקודתי בכתמים 200 מ""ל",רקיט בנקיזר,PT,ג'ל וניש גולד מסיר כ,מיליליטרים,200.00,"100 מ""ל",false,,16.50,0.0825,true,1,61495
7290112005052,false,וניש תוסף כביסה רב תכליתי לבגדים לבנים,קליה וניש Kalia Vanish,IT,אבקת וניש מסיר כתמים,פריט,1.50,"ק""ג",false,,34.90,23.2667,true,1,65039
7290112005083,false,וניש תוסף כביסה רב תכליתי לכביסה צבעונית,קליה וניש Kalia Vanish,IT,אבקת וניש מסיר כתמים,פריט,1.50,"ק""ג",false,,34.90,23.2667,true,1,65040
7290112005168,false,פיניש אולטימייט קוואנטום לימון 60 טבליות למדיח,רקיט בנקיזר,PL,טבליות פיניש קוואנטו,Unknown,0.00,יחידה,false,,54.90,0.0000,true,1,63270
7290112120311,false,ממתיק ספלנדה 100 יח,,,ממתיק ספלנדה 100 יח,גרמים,100.00,100 גרם,false,,13.90,0.1390,true,1,31393
7290112120830,false,נפוליטנים שוקולד חלב,"תופינית בע""מ",IL,נפוליטנים שוקולד חלב,גרמים,150.00,100 גרם,false,,11.90,0.0793,true,1,44705
7290112120847,false,נפוליטנים שוקולד מרי,"תופינית בע""מ",IL,נפוליטנים שוקולד מרי,גרמים,150.00,100 גרם,false,,11.90,0.0793,true,1,44706
7290112120861,false,לזניה גלי דורומי 400,Bessan Makarna,TR,לזניה גלי דורומי 400,גרמים,400.00,100 גרם,false,,6.90,0.0173,true,1,38987
7290112121066,false,חומצה אצטית סינטטי א,הלל תעשיות,IL,חומצה אצטית סינטטי א,קילוגרמים,1.00,ליטר,false,,3.90,3.9000,true,1,43986
7290112121073,false,חומץ 5% אינדירה 1 לי,הלל תעשיות,IL,חומץ 5% אינדירה 1 לי,קילוגרמים,1.00,ליטר,false,,4.20,4.2000,true,1,43987
7290112121080,false,מיץ בטעם לימון משומר,הלל תעשיות,IL,מיץ בטעם לימון משומר,קילוגרמים,1.00,ליטר,false,,4.20,4.2000,true,1,43985
7290112121097,false,רוטב לימון אינדירה 1,הלל תעשיות,IL,רוטב לימון אינדירה 1,קילוגרמים,1.00,ליטר,false,,5.20,5.2000,true,1,43988
7290112122629,false,ופל מצופה בטעם שוקול,מנעמים תעשיות מזון,IL,ופל מצופה בטעם שוקול,גרמים,800.00,100 גרם,false,,14.90,0.0186,true,1,49426
7290112123060,false,ספגטי דורומי 900 גרם,Bessan Makarna,TR,ספגטי דורומי 900 גרם,גרמים,900.00,100 גרם,false,,4.90,0.0054,true,1,53160
7290112123077,false,פסטה פנה ריגטה דורומ,Bessan Makarna,TR,פסטה פנה ריגטה דורומ,גרמים,900.00,100 גרם,false,,4.90,0.0054,true,1,52927
7290112123084,false,פסטה פוסילי דורומי 9,Bessan Makarna,TR,פסטה פוסילי דורומי 9,גרמים,900.00,100 גרם,false,,4.90,0.0054,true,1,53058
7290112123107,false,פסטה פרפלה דורומי 90,Bessan Makarna,TR,פסטה פרפלה דורומי 90,גרמים,900.00,100 גרם,false,,4.90,0.0054,true,1,52928
7290112123121,false,שמן זית כתית ארץ זית,Elitagro SL,ES,שמן זית כתית ארץ זית,מיליליטרים,750.00,"100 מ""ל",false,,23.90,0.0319,true,1,53042
7290112124319,false,טורטיה דורום 36*45 ג,מוטלוקאל גידה סאן טי,TR,טורטיה דורום 36*45 ג,פריט,1.62,"ק""ג",false,,19.90,12.2840,true,1,63277
7290112124449,false,דאו ספריי אקס דארק ו,יוניליוור,GB,דאו ספריי אקס דארק ו,מיליליטרים,150.00,"100 מ""ל",false,,9.90,0.0660,true,1,64570
7290112124951,false,דאו ספריי אקס אנרכי,יוניליוור,GB,דאו ספריי אקס אנרכי,מיליליטרים,150.00,"100 מ""ל",false,,9.90,0.0660,true,1,59280
7290112124975,false,דאו ספריי אקס אפולו,יוניליוור,GB,דאו ספריי אקס אפולו,מיליליטרים,150.00,"100 מ""ל",false,,9.90,0.0660,true,1,59281
7290112124982,false,דאו ספריי אקס שחור פ,יוניליוור,GB,דאו ספריי אקס שחור פ,מיליליטרים,150.00,"100 מ""ל",false,,9.90,0.0660,true,1,59283
7290112124999,false,דאו ספריי אקס שחור פ,יוניליוור,GB,דאו ספריי אקס שחור פ,מיליליטרים,150.00,"100 מ""ל",false,,9.90,0.0660,true,1,59282
7290112125019,false,סבון מוצק דאב לבן 4*,,,סבון מוצק דאב לבן 4*,גרמים,400.00,100 גרם,false,,9.90,0.0248,true,1,27485
7290112190857,false,מגבונים סמארט 4*72 י,רנקסן,TR,מגבונים סמארט 4*72 י,Unknown,0.00,יחידה,false,,5.90,0.0000,true,1,59924
7290112192806,false,פרודונטקס זוג מ.שיניים אולטרא קלין 75 מל,גלקסוס סמית קליין,SK,משחת פרודונטקס אולטר,מיליליטרים,150.00,"100 מ""ל",false,,39.90,0.2660,true,1,43159
7290112192813,false,פרודונטקס זוג מ.שיניים אוריגינל 75 מל,גלקסוס סמית קליין,SK,משחת פרודונטקס אורגי,מיליליטרים,150.00,"100 מ""ל",false,,39.90,0.2660,true,1,43160
7290112193469,false,משחת סנסודיין דואלקר,גלקסוס סמית קליין,GB,משחת סנסודיין דואלקר,מיליליטרים,300.00,"100 מ""ל",false,,49.90,0.1663,true,1,48805
7290112195555,false,שמן זית כתית מעולה א,אולאריה קלמנטה,IT,שמן זית כתית מעולה א,מיליליטרים,750.00,"100 מ""ל",false,,23.90,0.0319,true,1,60514
7290112195746,false,שמן זית כתית מעולה א,אסייאס דל סור,ES,שמן זית כתית מעולה א,מיליליטרים,750.00,"100 מ""ל",false,,23.90,0.0319,true,1,61467
7290112195777,false,"פול קפוא 1 ק""ג",O.K FRUIT,EG,"פול קפוא 1 ק""ג",פריט,1.00,"ק""ג",false,,13.90,13.9000,true,1,61379
7290112195784,false,תות שדה קפוא פרוסטי,גרין האוס,EG,תות שדה קפוא פרוסטי,גרמים,300.00,100 גרם,false,,5.90,0.0197,true,1,63787
7290112196712,false,משחת סנסודיין פרש מי,גלקסוס סמית קליין,GB,משחת סנסודיין פרש מי,מיליליטרים,300.00,"100 מ""ל",false,,29.90,0.0997,true,1,56756
7290112196927,false,מארז סנסודיין רביעייה פרש מינט-ירוק,גלקסוס סמית קליין,GB,משחת סנסודיין פרש מי,מיליליטרים,300.00,"100 מ""ל",false,,49.90,0.1663,true,1,60393
7290112198006,false,שמן זית כתית מעולה א,אולאריה קלמנטה,IT,שמן זית כתית מעולה א,מיליליטרים,750.00,"100 מ""ל",false,,13.90,0.0185,true,1,64094
7290112330352,false,"יוגורט PRO בטעם וניל 0% , 20 גרם חלבון בגביע","שטראוס בריאות בע""\מ",IL,דנונה פרו וניל 0% 20,גרמים,200.00,100 גרם,false,,5.90,0.0295,true,1,45907
7290112330390,false,דנונה פרו פירות יער 20 גרם חלבון 0% שומן 200 גרם,"שטראוס בריאות בע""\מ",IL,דנונה פרו פירות יער,גרמים,200.00,100 גרם,false,,5.90,0.0295,true,1,45908
7290112330420,false,דנונה פרו לבן 2.9% שומן 150 גרם,מיוצר עי קונדיטוריית,IL,דנונה פרו לבן עשיר ב,גרמים,150.00,100 גרם,false,,4.50,0.0300,true,1,44982
7290112332585,false,פריכיות משולש תפוא אורז בתיבול סלק ומלח ים אנרג'י 30 גרם,"פרח תעשיו מזון בע""מ",IL,פריכיות אנרג'י משולש,Unknown,0.00,יחידה,false,,4.90,0.0000,true,1,52911
7290112332691,false,פינוקיות עוגיות קרם פסק זמן אגוזים 200 גרם,"הגביע מוצרי וופלים בע""\מ",IL,עוגיות פינוקיות פסק,גרמים,200.00,100 גרם,false,,9.90,0.0495,true,1,47174
7290112334305,false,סלט כרובית בטחינה אחלה 330 ג',"שטראוס גרופ בע""\מ",IL,סלט כרובית בטחינה טע,גרמים,330.00,100 גרם,false,,14.90,0.0452,true,1,44129
7290112334596,false,שוקולית 935 גר עלית,שטראוס קפה בי.וי.,IL,שוקולית 850 גרם+10%,גרמים,935.00,100 גרם,false,,14.90,0.0159,true,1,48145
7290112335487,false,הפריכיות הטעימות קצח ודגנים אנרג'י 135 גרם,אנרג'י Energy - שטראוס,IL,פריכיות 3 דגנים וקצח,גרמים,135.00,100 גרם,false,,7.70,0.0570,true,1,47017
7290112335494,false,הפריכיות הטעימות תפוחי אדמה בטעם פוטטוס,"פרח תעשיות מזון בע""\מ",IL,פריכיות 3 דגנים ותפו,גרמים,135.00,100 גרם,false,,7.70,0.0570,true,1,49810
7290112335500,false,"פרכיות אנרג'י חומוס,אורז,עדשים שחורות וקינואה 135 גרם","פרח תעשיות מזון בע""\מ",IL,פריכיות חומוס אורז ע,גרמים,135.00,100 גרם,false,,7.70,0.0570,true,1,47018
7290112336637,false,סוכריות מאסט Must ללא סוכר יוגורט תות ואוכניות,שטראוס גרופ,PL,סוכריות מאסט תות אוכ,גרמים,80.00,100 גרם,false,,6.90,0.0863,true,1,48399
7290112336644,false,סוכריות מאסט ללא סוכר לימון 80 ג' עלית,שטראוס גרופ,PL,סוכריות מאסט לימון 8,גרמים,80.00,100 גרם,false,,6.90,0.0863,true,1,48396
7290112336651,false,סוכריות מאסט ללא סוכר ריבת חלב 80 ג' עלית,שטראוס גרופ,PL,סוכריות מאסט ריבת חל,גרמים,80.00,100 גרם,false,,6.90,0.0863,true,1,48400
7290112336712,false,יוגורט PRO לבן 0% 21 גרם חלבון בגביע,"שטראוס בריאות בע""מ",IL,דנונה פרו עשיר בחלבו,גרמים,200.00,100 גרם,false,,5.90,0.0295,true,1,44972
7290112337474,false,סוכריות מאסט ללא סוכר פטל לימון 80 ג' עלית,שטראוס גרופ,PL,סוכריות מאסט פטל לימ,גרמים,80.00,100 גרם,false,,6.90,0.0863,true,1,48397
7290112337481,false,סוכריות מאסט ללא סוכר קפצ''ינו 80 ג' עלית,שטראוס גרופ,PL,סוכריות מאסט קפוצ'ינ,גרמים,80.00,100 גרם,false,,6.90,0.0863,true,1,48401
7290112338877,false,מעדן גבינה בטעם תות 3% 125ג' סקי,"שטראוס בריאות בע""\מ",IL,מעדן גבינה בטעם תות,גרמים,125.00,100 גרם,false,,3.70,0.0296,true,1,45723
7290112339171,false,מילקי מוס עם שוקולד וקצפת,מיוצר עי קונדיטוריית,IL,מילקי מוס שוקולד 170,מיליליטרים,170.00,"100 מ""ל",false,,3.40,0.0200,true,1,44127
7290112339362,false,דנונה לייט אנד פריי בטעם קפוצ'ינו 150 גרם,"שטראוס בריאות בע""\מ",IL,דנונה לייט אנד פרי ק,גרמים,150.00,100 גרם,false,,4.50,0.0300,true,1,48959
7290112339867,false,גמדים לדרך גבינה לבנה עם מחית תות,"שטראוס בריאות בע""\מ",IL,גמדים לדרך תות סקווי,גרמים,100.00,100 גרם,false,,5.40,0.0540,true,1,49214
7290112339874,false,גמדים לדרך גבינה לבנה עם מחיות תות ובננה,"שטראוס בריאות בע""\מ",IL,גמדים לדרך תות בננה,גרמים,100.00,100 גרם,false,,5.40,0.0540,true,1,49215
7290112340122,false,הפריכיות הטעימות 3 דגנים אנרג'י 135 גרם,"פרח תעשיות מזון בע""\מ",IL,פריכיות 3 דגנים אנרג,גרמים,135.00,100 גרם,false,,7.70,0.0570,true,1,47019
7290112340245,false,צנצנת מסטיק מאסט בטעם דובדבן 66 ג' עלית,"שטראוס גרופ בע""\מ",IL,מסטיק מאסט צנצנת דוב,גרמים,66.00,100 גרם,false,,8.90,0.1348,true,1,45706
7290112340252,false,צנצנת מסטיק מאסט בטעם אבטיח מלון 66 ג' עלית,"שטראוס גרופ בע""\מ",IL,מסטיק מאסט צנצנת אבט,גרמים,66.00,100 גרם,false,,8.90,0.1348,true,1,45707
7290112340276,false,פינוקיות עוגיות קרם קפה 200 גרם,"הגביע מוצרי וופלים בע""\מ",IL,עוגיות פינוקיות קפה,גרמים,200.00,100 גרם,false,,9.90,0.0495,true,1,47175
7290112341556,false,יוגורט אקטיביה עם צ'יה ותות 150 גרם,"שטראוס בריאות בע""\מ",IL,יוגורט אקטיביה צ'יה,גרמים,150.00,100 גרם,false,,4.50,0.0300,true,1,50899
7290112341679,false,דנונה אקטיביה 3% שומן 200 גרם,מיוצר עי קונדיטוריית,IL,יוגורט אקטיביה 3% 20,מיליליטרים,200.00,"100 מ""ל",false,,3.70,0.0185,true,1,48251
7290112341686,false,שמינייה יוגורט לבן אקטיביה 3% דנונה 150 גרם.,מיוצר עי קונדיטוריית,IL,מארז יוגורט אקטיביה,קילוגרמים,1.20,ליטר,false,,19.90,16.5833,true,1,48252
7290112342102,false,סימפוניה גבינה במרקם שמנת בצל מקורמל 5%,"שטראוס בריאות בע""\מ",IL,גבינת שמנת בצל מקורמ,גרמים,200.00,100 גרם,false,,9.70,0.0485,true,1,49817
7290112342270,false,קפה פלטינום אינטנס מחוזק ב- 10% אספרסו,שטראוס קפה בי.וי,IL,קפה פלטינום אינטנס 1,גרמים,125.00,100 גרם,false,,15.90,0.1272,true,1,48147
7290112342508,false,דוריטוס צ'יזי טוויסט 70 גרם,"שטראוס פריטו ליי בע""\מ",IL,דוריטוס קול ראנצ' 7,גרמים,70.00,100 גרם,false,,3.20,0.0457,true,1,48969
7290112343260,false,"יטבתה רוטב שמנת קלאסי 9% שומן 260 מ""ל",שטראוס גרופ,IL,רוטב שמנת קלאסי 9% י,מיליליטרים,250.00,"100 מ""ל",false,,9.80,0.0392,true,1,50760
7290112344564,false,רביולי גבינה קלאסי שטראוס 400 ג',"שטראוס גרופ בע""\מ",IL,רביולי גבינה קלאסי ש,גרמים,400.00,100 גרם,false,,16.70,0.0417,true,1,51165
7290112344724,false,מעדן בטעם שוקולד בלונדי 170 ג' מילקי,מיוצר עי קונדיטוריית,IL,מעדן חלב בטעם שוקול,מיליליטרים,170.00,"100 מ""ל",false,,3.40,0.0200,true,1,49119
7290112344755,false,מילקי שוקולד 26% פחות סוכר 135 גרם,מיוצר עי קונדיטוריית,IL,מילקי שוקולד 26% פחו,מיליליטרים,135.00,"100 מ""ל",false,,2.80,0.0207,true,1,54422
7290112344786,false,קפה פלטינום קלאסיק עלית 200 גרם,שטראוס קפה בי.וי.,IL,קפה פלטינום קלאסיק 2,גרמים,200.00,100 גרם,false,,24.90,0.1245,true,1,50972
7290112346360,false,בפלות אחת אחת ופל בטעם שוקולד מצופה שוקולד,הגביע מוצרי וופלים ב,GR,בפלות אחת אחת בציפוי,גרמים,180.00,100 גרם,false,,11.90,0.0661,true,1,49350
7290112346537,false,עוגיות פינוקיות בטעם טורטית 200 ג' עלית,"הגביע מוצרי ופלים בע""\מ",IL,עוגיות פינוקיות טורט,גרמים,200.00,100 גרם,false,,9.90,0.0495,true,1,49059
7290112346629,false,דנונה בר יוגורט+קורנפלקס מצופה שוקולד חלב ולבן 172 גרם,"שטראוס בריאות בע""\מ",IL,דנונה בר וקורנפלקס מ,גרמים,172.00,100 גרם,false,,3.90,0.0227,true,1,51791
7290112346773,false,יוגורט בטעם וניל 0% לייט אנד פרי 10 גרם חלבון בגביע,מיוצר עי קונדיטוריית,IL,דנונה לייט אנד פרי ו,גרמים,150.00,100 גרם,false,,4.50,0.0300,true,1,54821
7290112346797,false,יוגורט אקטיביה שיבולת שועל ושזיף 150 גרם,מיוצר עי קונדיטוריית,IL,יוגורט אקטיביה עם שי,גרמים,150.00,100 גרם,false,,4.50,0.0300,true,1,51040
7290112346827,false,שמיניית אקטימל ויטמין C פטל 108 גרם,"שטראוס בריאות בע""\מ",IL,אקטימל פטל ויטמין סי,מיליליטרים,864.00,"100 מ""ל",false,,19.50,0.0226,true,1,54425
7290112347008,false,גמדים לדרך גבינה לבנה עם מחית תות ושיבולת שועל,מיוצר עי קונדיטוריית,IL,גמדים ארוחת בוקר תות,גרמים,100.00,100 גרם,false,,5.40,0.0540,true,1,49114
7290112347473,false,מארז דנונה לייט אנד פריי תות ואפרסק 150 גרם 8 יחידות,מיוצר עי קונדיטוריית,IL,מארז יוגורט לייט אנ,פריט,1.20,"ק""ג",false,,26.90,22.4167,true,1,48711
7290112349606,false,מעדן גבינה ויוגורט תות בננה 88 ג' דניאלה,"שטראוס בריאות בע""\מ",IL,דניאלה תות בננה 88 ג,Unknown,0.00,יחידה,false,,3.90,0.0000,true,1,60319
7290112349705,false,פומודורו רוטב עגבניות קלאסי לפסטה יד מרדכי 350 גרם,אמיליאנה קונסרב סוסייטה,IT,רוטב עגבניות פומודור,גרמים,350.00,100 גרם,false,,10.80,0.0309,true,1,63616
7290112349736,false,בזיליקום רוטב עגבניות לפסטה יד מרדכי 350 גרם,אמיליאנה קונסרב סוסייטה,IT,רוטב עגבניות לפסטה ב,גרמים,350.00,100 גרם,false,,10.80,0.0309,true,1,63614
7290112349743,false,ארביאטה רוטב עגבניות פיקנטי לפסטה 350 ג' יד מרדכי,אמיליאנה קונסרב סוסייטה,IT,רוטב עגבניות פיקנטי,גרמים,350.00,100 גרם,false,,10.80,0.0309,true,1,63617
7290112349750,false,פיצה רוטב עגבניות לפיצה יד מרדכי 350 גרם,אמיליאנה קונסרב סוסייטה,IT,רוטב עגבניות לפיצה י,גרמים,350.00,100 גרם,false,,10.80,0.0309,true,1,63615
7290112350275,false,קפסולות LUNGO למכונת נספרסו עלית 10 יחידות,שטראוס קפה בי.וי,IL,קפסולות עלית לונגו ל,גרמים,50.00,100 גרם,false,,15.50,0.3100,true,1,50261
7290112350312,false,קפסולות 15 קפה יותר למכונות נספרסו עלית 10יח',הנסיך- מפעל לייצור ט,IL,קפסולות עלית מס 15 ע,Unknown,0.00,יחידה,false,,15.50,0.0000,true,1,53236
7290112351104,false,שוקולד פרה ממולא פיצפוצי אורז 100 ג' עלית,"שטראוס גרופ בע""\מ",IL,שוקולד פרה פצפוצי או,גרמים,100.00,100 גרם,false,,4.90,0.0490,true,1,57031
7290112351128,false,שוקולד פרה סוכריות קופצות וועסטהייים,"שטראוס גרופ בע""\מ",IL,שוקולד פרה חלב סוכרי,גרמים,100.00,100 גרם,false,,4.90,0.0490,true,1,57811
7290112355027,false,דנונה פרו 20 גרם חלבון בטעם קרמל מלוח 200 גרם,"שטראוס בריאות בע""\מ",IL,דנונה פרו 20 קרמל מל,גרמים,200.00,100 גרם,false,,5.90,0.0295,true,1,54421
7290112355102,false,גמדים סקוויז 100 גרם פאוץ סלט פירות 100 גרם,"שטראוס בריאות בע""\מ",IL,גמדים לדרך סלט פירות,גרמים,100.00,100 גרם,false,,5.40,0.0540,true,1,54816
7290112355393,false,"יטבתה רוטב שמנת+בטטה 9% שומן 250 מ""ל",שטראוס גרופ,IL,רוטב שמנת עם בטטה 9%,מיליליטרים,257.00,"100 מ""ל",false,,9.80,0.0381,true,1,64310
7290112355812,false,מעדן מילקי עם טופ קורנפלקס מצופה שוקולד,"שטראוס גרופ בע""\מ",IL,מילקי טופ קורנפלקס 1,גרמים,141.00,100 גרם,false,,4.30,0.0305,true,1,62816
7290112355867,false,מילקי קצפת טופ פיצפוצים 86 גרם,"שטראוס גרופ בע""\מ",IL,מילקי קצפת טופ פצפוצ,גרמים,86.00,100 גרם,false,,3.90,0.0453,true,1,59381
7290112357175,false,קפסולות BOOST למכונת נספרסו עלית 10 יחידות,שטראוס קפה בי.וי,IL,קפסולות עלית בוסט למ,גרמים,50.00,100 גרם,false,,15.50,0.3100,true,1,50262
7290112358127,false,דנונה פרו חלבון+מגנזיום- וניל ועוגיות 200 גרם,מיוצר עי קונדיטוריית,IL,דנונה פרו 20 וניל עו,גרמים,200.00,100 גרם,false,,5.90,0.0295,true,1,54427
7290112358462,false,דבש יד מרדכי 700 גרם,שטראוס גרופ,IL,דבש יד מרדכי 700 גרם,גרמים,700.00,100 גרם,false,,29.90,0.0427,true,1,52867
7290112358554,false,מארז קפה נמס מנות אישיות לדרך 50.4 גר,שטראוס רומניה,RO,מארז קפה נמס לדרך על,גרמים,50.40,100 גרם,false,,9.90,0.1964,true,1,62388
7290112415400,false,עוגיות אלפחורס קפולסקי 280 גרם,תופינים מקבוצת קפולסקי,IL,עוגיות אלפחורס תופינ,גרמים,280.00,100 גרם,false,,29.90,0.1068,true,1,48730
7290112480002,false,קערה קטנה בלו שיין 5,פאלאס,CN,קערה קטנה בלו שיין 5,Unknown,0.00,יחידה,false,,19.90,0.0000,true,1,32592
7290112480019,false,קערה אובלית בינוני ב,פאלאס,CN,קערה אובלית בינוני ב,Unknown,0.00,יחידה,false,,19.90,0.0000,true,1,32591
7290112480026,false,מארז 2 יח' מגש יאובל,פאלאס,CN,מארז 2 יח' מגש יאובל,Unknown,0.00,יחידה,false,,19.90,0.0000,true,1,32649
7290112480033,false,מארז 3 יח מגשי אובלי,פאלאס,CN,מארז 3 יח מגשי אובלי,Unknown,0.00,יחידה,false,,19.90,0.0000,true,1,32595
7290112480040,false,מארז 5 יח מגשי אובלי,פאלאס,CN,מארז 5 יח מגשי אובלי,Unknown,0.00,יחידה,false,,19.90,0.0000,true,1,32596
7290112480057,false,מארז 3 יח מגש מחולק,פאלאס,CN,מארז 3 יח מגש מחולק,Unknown,0.00,יחידה,false,,19.90,0.0000,true,1,32597
7290112480361,false,שקיות אשפה LD 76/85 שחור לפיד 50 יחידות,פאלאס,CN,שקיות אשפה שחור 85*7,Unknown,0.00,יחידה,false,,19.90,0.0000,true,1,38363
7290112480378,false,שקיות אשפה 70*50 לפי,פאלאס,CN,שקיות אשפה 70*50 לפי,Unknown,0.00,יחידה,false,,19.90,0.0000,true,1,38364
7290112481023,false,כוסיות יין קריסטל 12,פאלאס,CN,כוסיות יין קריסטל 12,Unknown,0.00,יחידה,false,,17.90,0.0000,true,1,33966
7290112481078,false,"כפות ח""פ 188 יח",פאלאס,TR,"כפות ח""פ 188 יח",Unknown,0.00,יחידה,false,,12.90,0.0000,true,1,42713
7290112481085,false,"כפיות ח""פ 188 יח",פאלאס,TR,"כפיות ח""פ 188 יח",Unknown,0.00,יחידה,false,,12.90,0.0000,true,1,42714
7290112481092,false,"מזלגות ח""פ 188 יח",פאלאס,TR,"מזלגות ח""פ 188 יח",Unknown,0.00,יחידה,false,,12.90,0.0000,true,1,42715
7290112481108,false,"סכינים ח""פ 188 יח",פאלאס,TR,"סכינים ח""פ 188 יח",Unknown,0.00,יחידה,false,,12.90,0.0000,true,1,42716
7290112481115,false,כפות איכותיות בלו שי,פאלאס,TR,כפות איכותיות בלו שי,Unknown,0.00,יחידה,false,,26.90,0.0000,true,1,36593
7290112481122,false,כפיות איכותיות בלו ש,פאלאס,TR,כפיות איכותיות בלו ש,Unknown,0.00,יחידה,false,,26.90,0.0000,true,1,36592
7290112481139,false,מזלגות איכותיים בלו,פאלאס,TR,מזלגות איכותיים בלו,Unknown,0.00,יחידה,false,,26.90,0.0000,true,1,36594
7290112481146,false,סכינים איכותיים בלו,פאלאס,TR,סכינים איכותיים בלו,Unknown,0.00,יחידה,false,,26.90,0.0000,true,1,36591
7290112481153,false,שקיות אשפה כתום 75*9,פאלאס,CN,שקיות אשפה כתום 75*9,Unknown,0.00,יחידה,false,,19.90,0.0000,true,1,38365
7290112481276,false,גביע יין מוכסף סטון,פאלאס,CN,גביע יין מוכסף + תחת,Unknown,0.00,יחידה,false,,16.90,0.0000,true,1,44539
7290112481832,false,מגש יהלום בלו שיין 4,פאלאס,CN,מגש יהלום בלו שיין 4,Unknown,0.00,יחידה,false,,19.90,0.0000,true,1,35980
7290112481900,false,כוסות חד פעמי מעוטרו,LARIPLAST,IL,כוסות מעוטרות לפיד 5,Unknown,0.00,יחידה,false,,17.90,0.0000,true,1,40631
7290112481917,false,קערה ענקית שקוף בלו,a.plast,IL,קערה ענקית שקוף בלו,Unknown,0.00,יחידה,false,,19.90,0.0000,true,1,37314
7290112481931,false,קערה בינונית שקוף בל,a.plast,IL,קערה בינונית שקוף בל,Unknown,0.00,יחידה,false,,19.90,0.0000,true,1,37315
7290112481948,false,מגש עגול 12 בלו שיין,פאלאס,CN,מגש עגול 12 בלו שיין,Unknown,0.00,יחידה,false,,19.90,0.0000,true,1,43311
7290112481955,false,מגש עגול 14 בלו שיין,פאלאס,CN,מגש עגול 14 בלו שיין,Unknown,0.00,יחידה,false,,19.90,0.0000,true,1,43312
7290112481962,false,מגש עגול 16 בלו שיין,פאלאס,CN,מגש עגול 16 בלו שיין,Unknown,0.00,יחידה,false,,19.90,0.0000,true,1,43313
7290112481979,false,גביע איכותי בלו שיין,פאלאס,CN,גביע איכותי בלו שיין,Unknown,0.00,יחידה,false,,19.90,0.0000,true,1,42963
7290112481986,false,גביע איכותי בלו שיין,פאלאס,CN,גביע איכותי בלו שיין,Unknown,0.00,יחידה,false,,19.90,0.0000,true,1,42962
7290112481993,false,גביע איכותי בלו שיין,פאלאס,CN,גביע איכותי בלו שיין,Unknown,0.00,יחידה,false,,19.90,0.0000,true,1,42961
7290112482075,false,שקיות אשפה עם שרוך 5,פאלאס,IL,שקיות אשפה עם שרוך 5,Unknown,0.00,יחידה,false,,19.90,0.0000,true,1,40627
7290112482082,false,שקיות אשפה עם שרוך 7,פאלאס,IL,שקיות אשפה עם שרוך 7,Unknown,0.00,יחידה,false,,19.90,0.0000,true,1,40628
7290112482228,false,שקיות אשפה 75/90 קרם,פאלאס,IL,שקיות אשפה 75/90 קרם,Unknown,0.00,יחידה,false,,19.90,0.0000,true,1,44617
7290112482259,false,צלחות גדולות טופ סטא,פאלאס,TR,צלחות גדולות טופ סטא,Unknown,0.00,יחידה,false,,9.90,0.0000,true,1,45571
7290112482266,false,צלחות ענק טופ סטאר 2,פאלאס,TR,צלחות ענק טופ סטאר 2,Unknown,0.00,יחידה,false,,11.90,0.0000,true,1,45570
7290112482273,false,צלחות מרק טופ סטאר 2,פאלאס,TR,צלחות מרק טופ סטאר 2,Unknown,0.00,יחידה,false,,5.90,0.0000,true,1,45572
7290112482303,false,מגבונים קשת 7*72 יח,פאלאס,IL,מגבונים קשת 7*72 יח,Unknown,0.00,יחידה,false,,15.90,0.0000,true,1,45885
7290112482358,false,צלחת גדולה קיסר לבן כסף,פאלאס,CN,צלחות גדולות קיסר לב,Unknown,0.00,יחידה,false,,21.90,0.0000,true,1,59836
7290112482365,false,צלחת ענק קיסר 10 יחי לבן,פאלאס,CN,צלחות ענקיות קיסר לב,Unknown,0.00,יחידה,false,,27.90,0.0000,true,1,59837
7290112482389,false,צלחת לפתן קיסר לבן כסף,פאלאס,CN,לפתניות קיסר לבן כסף,Unknown,0.00,יחידה,false,,11.90,0.0000,true,1,59829
7290112482419,false,צלחת ענק קיסר שחור כסף,פאלאס,CN,צלחות ענקיות קיסר שח,Unknown,0.00,יחידה,false,,27.90,0.0000,true,1,59840
7290112482440,false,צלחת קטנה לוקה לבן-כסף 10 יח,פאלאס,CN,צלחות קטנות לוקה לבן,Unknown,0.00,יחידה,false,,15.90,0.0000,true,1,59845
7290112482464,false,צלחות חד פעמי ענקיות,פאלאס,CN,צלחות ענק לוקה לבן כ,Unknown,0.00,יחידה,false,,24.90,0.0000,true,1,59851
7290112482471,false,צלחות מרק לוקה לבן כ,פאלאס,CN,צלחות מרק לוקה לבן כ,Unknown,0.00,יחידה,false,,17.90,0.0000,true,1,59848
7290112482495,false,קערית אובלית לוקה לב,פאלאס,CN,קעריות אובליות לוקה,Unknown,0.00,יחידה,false,,14.90,0.0000,true,1,59842
7290112482501,false,צלחות קטנות לוקה לבן,פאלאס,CN,צלחות קטנות לוקה לבן,Unknown,0.00,יחידה,false,,15.90,0.0000,true,1,59846
7290112482556,false,קעריות אובליות חד פע,פאלאס,CN,קעריות אובליות לוקה,Unknown,0.00,יחידה,false,,14.90,0.0000,true,1,59844
7290112482631,false,מגש תחרה בלו שיין 4,פאלאס,CN,מגש תחרה בלו שיין 4,Unknown,0.00,יחידה,false,,19.90,0.0000,true,1,48216
7290112482860,false,מפת אלבד מוטבע גליל,פאלאס,CN,מפת אלבד מוטבע גליל,Unknown,0.00,יחידה,false,,39.90,0.0000,true,1,64469
7290112482891,false,צלחות קטנות פרח זהב,פאלאס,TR,צלחות קטנות פרח זהב,Unknown,0.00,יחידה,false,,14.90,0.0000,true,1,48364
7290112482907,false,צלחות גדולות פרח זהב,פאלאס,TR,צלחות גדולות פרח זהב,Unknown,0.00,יחידה,false,,17.90,0.0000,true,1,48365
7290112482938,false,צלחות קטנות פרח כסף,פאלאס,TR,צלחות קטנות פרח כסף,Unknown,0.00,יחידה,false,,14.90,0.0000,true,1,48366
7290112482945,false,צלחות גדולות פרח כסף,פאלאס,TR,צלחות גדולות פרח כסף,Unknown,0.00,יחידה,false,,17.90,0.0000,true,1,48367
7290112483027,false,צלחת גדול שחור פרח 20 יח,פאלאס,TR,צלחות גדולות פרח שחו,Unknown,0.00,יחידה,false,,17.90,0.0000,true,1,48369
7290112483058,false,צלחת קטנה קרם פרח 20 יחי,פאלאס,TR,צלחות קטנות פרח קרם,Unknown,0.00,יחידה,false,,14.90,0.0000,true,1,48370
7290112483065,false,צלחת גדול קרם פרח 20 יחי,פאלאס,TR,צלחות גדולות פרח קרם,Unknown,0.00,יחידה,false,,17.90,0.0000,true,1,48371
7290112483096,false,מארז נר נשמה הנרות 9,פאלאס,CN,מארז נר נשמה הנרות 9,Unknown,0.00,יחידה,false,,11.90,0.0000,true,1,49128
7290112483195,false,מיכל 3 ליטר 7 יח,NINGBO,CN,מיכל 3 ליטר 7 יח,Unknown,0.00,יחידה,false,,19.90,0.0000,true,1,47538
7290112483362,false,"תבניות ח""פ עגול קשת",פאלאס,CN,"תבניות ח""פ עגול קשת",Unknown,0.00,יחידה,false,,19.90,0.0000,true,1,49060
7290112483379,false,"תבניות ח""פ מלבן קשת",פאלאס,CN,"תבניות ח""פ מלבן קשת",Unknown,0.00,יחידה,false,,19.90,0.0000,true,1,49061
7290112483386,false,"תבניות ח""פ עמוקות קש",פאלאס,CN,"תבניות ח""פ עמוקות קש",Unknown,0.00,יחידה,false,,19.90,0.0000,true,1,49062
7290112483393,false,"תבניות ח""פ בינוניות",פאלאס,CN,"תבניות ח""פ בינוניות",Unknown,0.00,יחידה,false,,19.90,0.0000,true,1,49063
7290112483409,false,"תבניות ח""פ גדולות קש",פאלאס,CN,"תבניות ח""פ גדולות קש",Unknown,0.00,יחידה,false,,19.90,0.0000,true,1,49064
7290112483416,false,"תבניות ח""פ ענק קשת 1",פאלאס,CN,"תבניות ח""פ ענק קשת 1",Unknown,0.00,יחידה,false,,19.90,0.0000,true,1,49065
7290112483423,false,"תבניות ח""פ אינגליש א",פאלאס,CN,"תבניות ח""פ אינגליש א",Unknown,0.00,יחידה,false,,19.90,0.0000,true,1,49066
7290112483430,false,כפות חד פעמי 50יחידו,פאלאס,TR,כפות שקופות לפיד 50,Unknown,0.00,יחידה,false,,1.90,0.0000,true,1,52475
7290112483447,false,כפיות שקופות לפיד 50,פאלאס,TR,כפיות שקופות לפיד 50,Unknown,0.00,יחידה,false,,1.90,0.0000,true,1,52476
7290112483454,false,50 מזלגות שקופות לפיד,פאלאס,TR,מזלגות שקופות לפיד 5,Unknown,0.00,יחידה,false,,1.90,0.0000,true,1,52477
7290112483461,false,50 סכינים שקופים לפיד,פאלאס,TR,סכינים שקופים לפיד 5,Unknown,0.00,יחידה,false,,1.90,0.0000,true,1,52478
7290112483478,false,"תבניות ח""פ אינגליש ק",פאלאס,CN,"תבניות ח""פ אינגליש ק",Unknown,0.00,יחידה,false,,19.90,0.0000,true,1,49067
7290112483560,false,מפיות מודפסות תלת שכ,פאלאס,CN,מפיות מודפסות תלת שכ,Unknown,0.00,יחידה,false,,9.90,0.0000,true,1,49974
7290112483607,false,צלחות גדולות רנסנס ל,פאלאס,TR,צלחות גדולות רנסנס ל,Unknown,0.00,יחידה,false,,59.90,0.0000,true,1,50378
7290112483614,false,צלחות ענק רנסנס לבן,פאלאס,TR,צלחות ענק רנסנס לבן,Unknown,0.00,יחידה,false,,69.90,0.0000,true,1,50379
7290112483638,false,לפתניות רנסנס לבן מו,פאלאס,TR,לפתניות רנסנס לבן מו,Unknown,0.00,יחידה,false,,32.90,0.0000,true,1,50381
7290112483713,false,צלחות קטנות קיסר 30,פאלאס,CN,צלחות קטנות קיסר 30,Unknown,0.00,יחידה,false,,44.90,0.0000,true,1,50335
7290112483720,false,צלחות גדולות קיסר 30,פאלאס,CN,צלחות גדולות קיסר 30,Unknown,0.00,יחידה,false,,54.90,0.0000,true,1,50336
7290112483737,false,צלחות ענק קיסר 30 יח,פאלאס,CN,צלחות ענק קיסר 30 יח,Unknown,0.00,יחידה,false,,64.90,0.0000,true,1,50337
7290112483744,false,צלחות מרק קיסר 30 יח,פאלאס,CN,צלחות מרק קיסר 30 יח,Unknown,0.00,יחידה,false,,44.90,0.0000,true,1,50338
7290112483751,false,לפתניות קיסר בלו שיי,פאלאס,TR,לפתניות קיסר בלו שיי,Unknown,0.00,יחידה,false,,32.90,0.0000,true,1,50331
7290112483775,false,צלחות אובליות קיסר 3,פאלאס,CN,צלחות אובליות קיסר 3,Unknown,0.00,יחידה,false,,39.90,0.0000,true,1,50333
7290112484178,false,צלחות גדולות רוז פני,פאלאס,CN,צלחות גדולות רוז פני,Unknown,0.00,יחידה,false,,49.90,0.0000,true,1,56186
7290112484185,false,צלחות ענק רוז פנינה,פאלאס,CN,צלחות ענק רוז פנינה,Unknown,0.00,יחידה,false,,69.90,0.0000,true,1,56187
7290112484192,false,צלחות מרק רוז פנינה,פאלאס,CN,צלחות מרק רוז פנינה,Unknown,0.00,יחידה,false,,44.90,0.0000,true,1,56188
7290112484208,false,לפתניות רוז פנינה בל,פאלאס,CN,לפתניות רוז פנינה בל,Unknown,0.00,יחידה,false,,14.90,0.0000,true,1,56184
7290112484215,false,קעריות אובליות רוז פ,פאלאס,CN,קעריות אובליות רוז פ,Unknown,0.00,יחידה,false,,32.90,0.0000,true,1,56182
7290112484352,false,צלחות ענק נעימות 50,פאלאס,TR,צלחות ענק נעימות 50,Unknown,0.00,יחידה,false,,39.90,0.0000,true,1,52263
7290112484369,false,צלחות לפתן נעימות 10,פאלאס,TR,צלחות לפתן נעימות 10,Unknown,0.00,יחידה,false,,22.90,0.0000,true,1,52265
7290112484376,false,קעריות אובלי נעימות,פאלאס,TR,קעריות אובלי נעימות,Unknown,0.00,יחידה,false,,22.90,0.0000,true,1,52264
7290112484406,false,"כוסות ח""פ קשת 200 מ""",פאלאס,GR,"כוסות ח""פ קשת 200 מ""",Unknown,0.00,יחידה,false,,34.90,0.0000,true,1,51884
7290112484420,false,כוסות נייר 168 יח 26,פאלאס,CN,כוסות נייר 168 יח 26,Unknown,0.00,יחידה,false,,29.90,0.0000,true,1,54436
7290112484444,false,כוסות נייר 116 יח 35,פאלאס,CN,כוסות נייר 116 יח 35,Unknown,0.00,יחידה,false,,29.90,0.0000,true,1,54003
7290112484505,false,קערית אובלי קיסר לבן 10,פאלאס,CN,קעריות אובלי קיסר לב,Unknown,0.00,יחידה,false,,14.90,0.0000,true,1,59831
7290112484512,false,צלחת אובלי קיסר שחור כסף,פאלאס,CN,קעריות אובלי קיסר שח,Unknown,0.00,יחידה,false,,14.90,0.0000,true,1,59832
7290112484758,false,צלחות גדולות רוז שחו,פאלאס,CN,צלחות גדולות רוז שחו,Unknown,0.00,יחידה,false,,49.90,0.0000,true,1,56189
7290112484819,false,צלחות קטנות נעימות ש,פאלאס,TR,צלחות קטנות נעימות ש,Unknown,0.00,יחידה,false,,24.90,0.0000,true,1,54352
7290112484826,false,צלחות גדולות נעימות,ב פ תעשיות,IL,צלחות גדולות נעימות,Unknown,0.00,יחידה,false,,44.90,0.0000,true,1,53092
7290112484833,false,צלחות ענק נעימות שקו,פאלאס,CN,צלחות ענק נעימות שקו,Unknown,0.00,יחידה,false,,54.90,0.0000,true,1,54361
7290112484840,false,צלחות מרק נעימות שקו,ב פ תעשיות,IL,צלחות מרק נעימות שקו,Unknown,0.00,יחידה,false,,24.90,0.0000,true,1,54353
7290112484857,false,צלחות לפתן נעימות שק,פאלאס,TR,צלחות לפתן נעימות שק,Unknown,0.00,יחידה,false,,22.90,0.0000,true,1,54354
7290112484901,false,תבניות מאפינס קשת 72,פאלאס,CN,תבניות מאפינס קשת 72,Unknown,0.00,יחידה,false,,9.90,0.0000,true,1,58809
7290112484925,false,מפת ניילון סופר עבה,פאלאס,IL,מפת ניילון סופר עבה,מטרים,35.00,מטר,false,,39.90,1.1400,true,1,55340
7290112484970,false,כפות איכותיים רנסנס,פאלאס,TR,כפות איכותיים רנסנס,Unknown,0.00,יחידה,false,,19.90,0.0000,true,1,56003
7290112484987,false,כפיות איכותיים רנסנס,פאלאס,TR,כפיות איכותיים רנסנס,Unknown,0.00,יחידה,false,,19.90,0.0000,true,1,56005
7290112484994,false,מזלגות איכותיים רנסנ,פאלאס,TR,מזלגות איכותיים רנסנ,Unknown,0.00,יחידה,false,,19.90,0.0000,true,1,56004
7290112485007,false,סכינים איכותיים רנסנ,פאלאס,TR,סכינים איכותיים רנסנ,Unknown,0.00,יחידה,false,,19.90,0.0000,true,1,56006
7290112485205,false,מגש מלבן לפיד,פאלאס,CN,מגש מלבן לפיד,Unknown,0.00,יחידה,false,,8.90,0.0000,true,1,58815
7290112485229,false,מגש מרובע לפיד,פאלאס,CN,מגש מרובע לפיד,Unknown,0.00,יחידה,false,,11.90,0.0000,true,1,58817
7290112485267,false,סט סכום מהודר זהב נצ,פאלאס,CN,סט סכום מהודר זהב נצ,Unknown,0.00,יחידה,false,,29.90,0.0000,true,1,61787
7290112485274,false,סט סכום מהודר כסף לפ,פאלאס,CN,סט סכום מהודר כסף לפ,Unknown,0.00,יחידה,false,,29.90,0.0000,true,1,61788
7290112485342,false,צלחות קטנות אמריקאיו,ב פ תעשיות,IL,צלחות קטנות אמריקאיו,Unknown,0.00,יחידה,false,,26.90,0.0000,true,1,58891
7290112485359,false,צלחות גדולות אמריקאי,ב פ תעשיות,IL,צלחות גדולות אמריקאי,Unknown,0.00,יחידה,false,,44.90,0.0000,true,1,58892
7290112485366,false,צלחות ענק אמריקאי לב,פאלאס,TR,צלחות ענק אמריקאי לב,Unknown,0.00,יחידה,false,,59.90,0.0000,true,1,58890
7290112485373,false,מרקיות אמריקאיות בלו,ב פ תעשיות,IL,מרקיות אמריקאיות בלו,Unknown,0.00,יחידה,false,,26.90,0.0000,true,1,58893
7290112485465,false,"תבניות ח""פ מלבן קטן+",,,"תבניות ח""פ מלבן קטן+",Unknown,0.00,יחידה,false,,11.90,0.0000,true,1,60211
7290112485496,false,"תבניות ח""פ עגול נמוך",,,"תבניות ח""פ עגול נמוך",Unknown,0.00,יחידה,false,,11.90,0.0000,true,1,60213
7290112485502,false,סט סכום מהודר כסוף ב,פאלאס,CN,סט סכום מהודר כסוף ב,Unknown,0.00,יחידה,false,,49.90,0.0000,true,1,61786
7290112485519,false,מגש מלבן קיסר לפיד 4,פאלאס,CN,מגש מלבן קיסר לפיד 4,Unknown,0.00,יחידה,false,,11.90,0.0000,true,1,61588
7290112485526,false,מגש חד פעמי מרובע קי,פאלאס,CN,מגש מרובע קיסר לפיד,Unknown,0.00,יחידה,false,,9.90,0.0000,true,1,61583
7290112485557,false,מגש עגול גדול קיסר ל,פאלאס,CN,מגש עגול גדול קיסר ל,Unknown,0.00,יחידה,false,,14.90,0.0000,true,1,61586
7290112485564,false,מגש מלבן ארוך קיסר ל,פאלאס,CN,מגש מלבן ארוך קיסר ל,Unknown,0.00,יחידה,false,,9.90,0.0000,true,1,61587
7290112485571,false,כוסות חד פעמי קיסר ל,פאלאס,CN,כוסות קיסר לפיד 10 י,Unknown,0.00,יחידה,false,,10.90,0.0000,true,1,61589
7290112485588,false,מארז צלחות גדולות +,פאלאס,CN,מארז צלחות גדולות +,Unknown,0.00,יחידה,false,,49.90,0.0000,true,1,61655
7290112485601,false,כוס קריסטל פסים לפיד,פאלאס,CN,כוס קריסטל פסים לפיד,Unknown,0.00,יחידה,false,,24.90,0.0000,true,1,61657
7290112485618,false,כוס קריסטל פסים לפיד,פאלאס,CN,כוס קריסטל פסים לפיד,Unknown,0.00,יחידה,false,,29.90,0.0000,true,1,61658
7290112485625,false,כוסות קרטון 8b 50 יח,פאלאס,TR,כוסות נייר 50 יח 210,Unknown,0.00,יחידה,false,,7.90,0.0000,true,1,58898
7290112485892,false,מפיות חד שכבתי קשת 1,פאלאס,TR,מפיות חד שכבתי קשת 1,Unknown,0.00,יחידה,false,,5.90,0.0000,true,1,63371
7290112485984,false,מארז צלחות רוז ענק+ג,פאלאס,TR,מארז צלחות רוז ענק+ג,Unknown,0.00,יחידה,false,,37.90,0.0000,true,1,61765
7290112486011,false,צלחות לפתן פאלאס 150,פאלאס,IL,צלחות לפתן פאלאס 150,Unknown,0.00,יחידה,false,,19.90,0.0000,true,1,62000
7290112486028,false,צלחות קטנות פאלאס 12,פאלאס,IL,צלחות קטנות פאלאס 12,Unknown,0.00,יחידה,false,,19.90,0.0000,true,1,63236
7290112486035,false,צלחות גדולות פאלאס 8,פאלאס,IL,צלחות גדולות פאלאס 8,Unknown,0.00,יחידה,false,,19.90,0.0000,true,1,62290
7290112486042,false,צלחות מרק 70 יח' פאל,פאלאס,IL,צלחות מרק 70 יח' פאל,Unknown,0.00,יחידה,false,,19.90,0.0000,true,1,62223
7290112486059,false,צלחות ענק פאלאס 70 י,פאלאס,IL,צלחות ענק פאלאס 70 י,Unknown,0.00,יחידה,false,,19.90,0.0000,true,1,62224
7290112486066,false,קערות אובלית פאלאס 8,פאלאס,IL,קערות אובלית פאלאס 8,Unknown,0.00,יחידה,false,,19.90,0.0000,true,1,64302
7290112486516,false,מגש אובלי אלגנט 20 יחי,פאלאס,IL,מגש אובלי צבעוני פאל,Unknown,0.00,יחידה,false,,21.90,0.0000,true,1,65117
7290112491558,false,מאגדת שישייה שוקולד מריר פרווה,אתר צפת טבלאות ותעשי,IL,שוקולד ורד הגליל מרי,גרמים,600.00,100 גרם,false,,16.90,0.0282,true,1,44644
7290112492449,false,פינוק שמפו שיער רגיל 700 מל-חדש,יוניליוור ישראל טיפוח אי,IL,שמפו פינוק לשיער רגי,מיליליטרים,700.00,"100 מ""ל",false,,11.90,0.0170,true,1,50892
7290112492456,false,"שמפו פינוק לשיער יבש/פגום 700 מ""ל",יוניליוור ישראל טיפוח אי,IL,שמפו פינוק לשיער יבש,מיליליטרים,700.00,"100 מ""ל",false,,11.90,0.0170,true,1,50788
7290112493934,false,גלידת וניל צרפתי קרמיסימו 1.33 ל,"גלידת שטראוס בע""\מ, רחוב",IL,גלידה קרמיסימו וניל,קילוגרמים,1.33,ליטר,false,,17.50,13.1579,true,1,49159
7290112494221,false,קליק - ביסקויט תפזורת 65 גרם,יוניליוור ישראל מזון בע\,IL,קליק ביסקוויט 65 גרם,גרמים,65.00,100 גרם,false,,4.90,0.0754,true,1,48269
7290112494238,false,קליק - כדורים חלב תפזורת 65 גרם,יוניליוור ישראל מזון בע\,IL,קליק שוקולד חלב 65 ג,גרמים,65.00,100 גרם,false,,4.90,0.0754,true,1,48271
7290112494276,false,קליק - כריות תפזורת 65 גרם,יוניליוור ישראל מזון בע\,IL,קליק כריות 65 גרם,גרמים,65.00,100 גרם,false,,4.90,0.0754,true,1,48483
7290112494283,false,קליק - מעורב חום לבן תפזורת 65 גרם,יוניליוור ישראל מזון בע\,IL,קליק חום לבן מעורב 6,גרמים,65.00,100 גרם,false,,4.90,0.0754,true,1,48272
7290112494313,false,קליק - קורנפלקס תפזורת 65 גרם,יוניליוור ישראל מזון בע\,IL,קליק קורנפלקס 65 גרם,גרמים,65.00,100 גרם,false,,4.90,0.0754,true,1,48273
7290112494351,false,תלמה קורנפלקס של אלופים 850 ג',"יוניליוור שפע ישראל בע""\",IL,קורנפלקס של אלופים 8,גרמים,850.00,100 גרם,false,,16.90,0.0199,true,1,50061
7290112495006,false,כריות נוגט 686 גרם - קופסא,"יוניליוור ישראל מזון בע""",IL,"כריות נוגט בד""צ 686",גרמים,686.00,100 גרם,false,,23.90,0.0348,true,1,48282
7290112497499,false,קליק אקסטרא לארג שוקולד לבן עוגיות 85 גרם,אתר צפת טבלאות ותעשי,IL,שוקולד קליק לבן עוגי,גרמים,85.00,100 גרם,false,,4.90,0.0576,true,1,57389
7290112498885,false,מאגדת גודי'ז תותים ושוקולד לבן 235 גרם,"גלידת שטראוס בע""\מ, רח'\",IL,שלגוני גודיס תות ושו,גרמים,235.00,100 גרם,false,,18.90,0.0804,true,1,56413
7290112499776,false,גלידת שמנת מופחתת שומן וקלוריות בטעם שוקולד לבן 240 גרם,"גלידת שטראוס בע""\מ, רח'\",IL,שלגוני גודיס שלושת ש,גרמים,235.00,100 גרם,false,,18.90,0.0804,true,1,51394
7290112870247,false,ממרח פסטו בזיליקום 190 ג' צנצנת,בני דרום,IL,ממרח פסטו בזיליקום ב,גרמים,190.00,100 גרם,false,,9.90,0.0521,true,1,38847
7290112870254,false,ממרח עגבניות מיובשות יבנה 190 ג',בני דרום,IL,ממרח עגבניות מיובשות,גרמים,190.00,100 גרם,false,,9.90,0.0521,true,1,38848
7290112870261,false,ממרח ארטישוק יבנה צנצנת 190 ג',בני דרום,IL,ממרח ארטישוק בני דרו,גרמים,190.00,100 גרם,false,,9.90,0.0521,true,1,38849
7290112870278,false,ממרח טפנד זיתים מרינד יבנה 190 ג' צנצנת,בני דרום,IL,ממרח טפנד זיתים מרינ,גרמים,190.00,100 גרם,false,,9.90,0.0521,true,1,38844
7290112870285,false,ממרח טפנד זיתים יבנה 190 ג' צנצנת,בני דרום,IL,ממרח טפנד זיתים בני,גרמים,190.00,100 גרם,false,,9.90,0.0521,true,1,38850
7290112870292,false,ממרח צימיצורי יבנה 190 ג' צנצנת,בני דרום,IL,ממרח צימיצורי בני דר,גרמים,190.00,100 גרם,false,,9.90,0.0521,true,1,38846
7290112870308,false,ממרח פלפל אדום יבנה 190 ג' צנצנת,בני דרום,IL,ממרח פלפל אדום בני ד,גרמים,190.00,100 גרם,false,,9.90,0.0521,true,1,38845
7290112870315,false,זית טבעות ירוק בני ד,בני דרום,IL,זית טבעות ירוק בני ד,פריט,3.00,"ק""ג",false,,29.90,9.9667,true,1,45433
7290112870414,false,ממרח סחוג אדום צנצנת 190ג',בני דרום,IL,ממרח סחוג אדום בני ד,גרמים,190.00,100 גרם,false,,9.90,0.0521,true,1,45704
7290112961266,false,בייגלה כפיות פיזור איטלקי אסם 300 גרם,"אסם תעשיות בע""מ",IL,בייגלה כפיות איטלקי,גרמים,300.00,100 גרם,false,,9.90,0.0330,true,1,45768
7290112961372,false,פיטנס חטיפי פריכיות דקות קינמון 60 גרם,"פרח תעשיות מזון בע""\מ",IL,חטיפי פריכיות קינמון,גרמים,60.00,100 גרם,false,,7.90,0.1317,true,1,43404
7290112961464,false,פיטנס חטיפי פריכיות דגנים וחומוס מתובלות,"פרח תעשיות מזון בע""\מ",IL,חטיפי פריכיות מתובלו,גרמים,60.00,100 גרם,false,,7.90,0.1317,true,1,43405
7290112961754,false,עוגיות שוקולד ציפס עם קרם בטעם אגוזים 220 גר',מיוצר עי קונדיטוריית,IL,עוגיות שוקולד ציפס מ,גרמים,200.00,100 גרם,false,,9.90,0.0495,true,1,44524
7290112963321,false,גריסיני בייגלה שטוח ללא גלוטן אסם 300גרם,מיוצר עי קונדיטוריית,IL,בייגלה שטוח גרפיטי ל,גרמים,300.00,100 גרם,false,,11.90,0.0397,true,1,51416
7290112963918,false,פיטנס חטיפי קרקר דק רוזמרין 140 גרם,נסטלה Nestle,IL,קרקר דק רוזמרין פיטנ,גרמים,140.00,100 גרם,false,,10.90,0.0779,true,1,47199
7290112964410,false,אסם רוטב אלף האיים חדש לסלט 290 גרם,"אסם תעשיות בע""מ",IL,רוטב לסלט אלף האיים,גרמים,290.00,100 גרם,false,,9.90,0.0341,true,1,65315
7290112964434,false,אסם רוטב קיסר חדש לסלט 295 גרם,"אסם תעשיות בע""מ",IL,רוטב לסלט קיסר אסם 2,גרמים,295.00,100 גרם,false,,8.90,0.0302,true,1,47097
7290112964458,false,רוטב ויניגרט חדש לסלט 295 גרם אסם,"אסם תעשיות בע""מ",IL,רוטב לסלט ויניגרט אס,גרמים,295.00,100 גרם,false,,8.90,0.0302,true,1,47098
7290112964472,false,אסם רוטב שום חדש לסלט 290 גרם,"אסם תעשיות בע""מ",IL,רוטב שום אסם 290 גרם,גרמים,290.00,100 גרם,false,,8.90,0.0307,true,1,47099
7290112964564,false,"רוטב אלף האיים לייט לסלט אסם 295 מ""ל","אסם תעשיות בע""מ",IL,רוטב אלף האיים לייט,מיליליטרים,290.00,"100 מ""ל",false,,9.90,0.0341,true,1,65190
7290112964724,false,המבורגר צמחוני עם המון חלבון 580 גר,מיוצר עי קונדיטוריית,IL,המבורגר צמחוני טבעול,גרמים,580.00,100 גרם,false,,29.90,0.0516,true,1,47164
7290112965165,false,מרק נמס פטריות אסם בדצ 48 גרם מארז זוגי,"אסם תעשיות בע""מ",IL,מרק נמס פטריות אסם 2,גרמים,48.00,100 גרם,false,,5.50,0.1146,true,1,49048
7290112965240,false,מרק נמס בטעם עגבניות זוג * 44 ג' אסם,"אסם תעשיות בע""מ",IL,מרק נמס עגבניות אסם,גרמים,60.00,100 גרם,false,,5.50,0.0917,true,1,49049
7290112965301,false,זוג מרק נמס בטעם עוף עם שקדי מרק רגע חם,"אסם תעשיות בע""מ",IL,מרק נמס עוף אסם 2*26,גרמים,52.00,100 גרם,false,,5.50,0.1058,true,1,49050
7290112965660,false,פיטנס - חטיף מולטיגריין מלח פלפל 25 גרם,מיוצר עי קונדיטוריית,IL,חטיף פיטנס מלח פלפל,גרמים,25.00,100 גרם,false,,4.90,0.1960,true,1,54059
7290112965684,false,פיטנס - חטיף מולטיגריין עשבי תיבול 25 גרם,מיוצר עי קונדיטוריית,IL,חטיף פיטנס עשבי תיבו,גרמים,25.00,100 גרם,false,,4.90,0.1960,true,1,54060
7290112965707,false,פיטנס - חטיף מולטיגריין צילי מעודן 25 גרם,"אסם השקעות בע""\מ",IL,חטיף פיטנס צ'ילי מעו,גרמים,25.00,100 גרם,false,,4.90,0.1960,true,1,54061
7290112965745,false,אוסם - ביסלי פריסטייל בצל מעושן 60 גרם,"אסם השקעות בע""\מ",IL,ביסלי פריסטייל בצל מ,גרמים,60.00,100 גרם,false,,3.90,0.0650,true,1,57742
7290112965783,false,אוסם - ביסלי פריסטייל על האש 60 גרם,"אסם השקעות בע""\מ",IL,ביסלי פריסטייל על הא,גרמים,60.00,100 גרם,false,,3.90,0.0650,true,1,57694
7290112965806,false,אוסם - ביסלי פריסטייל חמוץ חריף 60 גרם,"אסם תעשיות בע""מ",IL,ביסלי פריסטייל חמוץ,גרמים,60.00,100 גרם,false,,3.90,0.0650,true,1,57695
7290112965967,false,טבעול נאגטס ירקות כתומים 6*500גרם,"טבעול תעשיות מזון בע""\מ",IL,נאגטס ירקות כתומים ט,גרמים,500.00,100 גרם,false,,29.90,0.0598,true,1,54290
7290112966094,false,עוגת הבית תפוז מופחת סוכר אסם 400 גרם,מיוצר עי קונדיטוריית,IL,עוגת תפוז מופחתת סוכ,גרמים,400.00,100 גרם,false,,10.90,0.0273,true,1,49187
7290112966247,false,לחמית כוסמין אסם 200 גרם,"אסם תעשיות בע""מ",IL,לחמית כוסמין 200 גרם,גרמים,200.00,100 גרם,false,,8.90,0.0445,true,1,53592
7290112967114,false,פיטנס חטיפי פריכיות קטניות ופלפל 60 גרם,"פרח תעשיות מזון בע""\מ",IL,חטיפי פריכיות קטניות,גרמים,60.00,100 גרם,false,,7.90,0.1317,true,1,51411
7290112967138,false,בייגלה שמיניות ללא גלוטן אסם 250 גרם,מיוצר עי קונדיטוריית,IL,בייגלה ל.גלוטן אסם 2,גרמים,250.00,100 גרם,false,,9.90,0.0396,true,1,49052
7290112967152,false,מארז במבה מתוקה 15*,אסם,IL,מארז במבה מתוקה 15*,גרמים,225.00,100 גרם,false,,17.90,0.0796,true,1,49179
7290112967329,false,מארז ביסלי ברביקיו 1,אסם,IL,מארז ביסלי ברביקיו 1,גרמים,300.00,100 גרם,false,,17.90,0.0597,true,1,51956
7290112967343,false,מארז ביסלי גריל 15*,אסם,IL,מארז ביסלי גריל 15*,גרמים,300.00,100 גרם,false,,17.90,0.0597,true,1,49460
7290112967572,false,"אסם רוטב ברביקיו 290 מ""ל אסם",Unknown,IL,רוטב ברביקיו אסם 290,גרמים,290.00,100 גרם,false,,8.90,0.0307,true,1,49053
7290112967848,false,ג'לי תות שדה מופחת סוכר אסם 90 גרם,מיוצר עי קונדיטוריית,IL,גלי בטעם תות מופחת ס,גרמים,85.00,100 גרם,false,,5.90,0.0694,true,1,56772
7290112968340,false,צבר חומוס גרוס גס גס 400 גרם,שוורצקוף& הנקל דיסלד,IL,חומוס גרוס גס גס צבר,גרמים,400.00,100 גרם,false,,13.90,0.0348,true,1,49605
7290112968685,false,חומוס גרגרים רכים בטבילה צבר 400 גרם,שוורצקוף& הנקל דיסלד,IL,חומוס גרגירים בתטביל,גרמים,400.00,100 גרם,false,,13.90,0.0348,true,1,49672
7290112968708,false,"שניצל תירס עדה חרדית טבעול 1.3 ק""ג","טבעול תעשיות מזון בע""\מ",IL,שניצל תירס טבעול 1.3,פריט,1.30,"ק""ג",false,,36.90,28.3846,true,1,50735
7290112968722,false,טבעול נקניקיות מן הצומח עדה חרדית 1.2קג,"טבעול תעשיות מזון בע""\מ",IL,נקניקיות מן הצומח טב,פריט,1.20,"ק""ג",false,,39.90,33.2500,true,1,50736
7290112968807,false,פיטנס - קרקר דק סלק 140 גרם,מפעל אסם יקנעם,IL,קרקר דק סלק פיטנס 14,גרמים,140.00,100 גרם,false,,10.90,0.0779,true,1,54506
7290112968821,false,פיטנס - קרקר דק בטטה 140 גרם,מפעל אסם יקנעם,IL,קרקר דק בטטה פיטנס 1,גרמים,140.00,100 גרם,false,,10.90,0.0779,true,1,54507
7290113190269,false,אגוז מלך קלוף הבסטה,דין שיווק,IL,אגוז מלך קלוף הבסטה,גרמים,280.00,100 גרם,false,,21.90,0.0782,true,1,42407
7290113190276,false,פקאן סיני מסוכר הבסט,דין שיווק,IL,פקאן סיני מסוכר הבסט,גרמים,200.00,100 גרם,false,,23.90,0.1195,true,1,42406
7290113190283,false,שקד טבעי הבסטה 280 ג,דין שיווק,IL,שקד טבעי הבסטה 280 ג,גרמים,280.00,100 גרם,false,,21.90,0.0782,true,1,42405
7290113190313,false,משמש מיובש הבסטה 500,דין שיווק,IL,משמש מיובש הבסטה 500,גרמים,500.00,100 גרם,false,,22.90,0.0458,true,1,42402
7290113190375,false,סילאן טבעי שקדיה 900 גרם,ג.מ. טעם הארץ,TR,סילאן טבעי שקדיה 900,,900.00,,false,,17.90,0.0199,true,1,44861
7290113190382,false,פקאן טבעי הבסטה 200,דין שיווק,IL,פקאן טבעי הבסטה 200,גרמים,200.00,100 גרם,false,,23.90,0.1195,true,1,42707
7290113190450,false,ממרח תמרים 450 גר' שקדיה,"תמר העמקים בע""מ",IL,ממרח תמרים שקדיה 450,גרמים,450.00,100 גרם,false,,6.90,0.0153,true,1,50535
7290113190863,false,סילאן טבעי לחיץ שקדיה 385 גרם,שקדיה,IL,סילאן טבעי לחיץ שקדי,גרמים,385.00,100 גרם,false,,11.90,0.0309,true,1,53187
7290113191006,false,פפריקה מתוקה יוחאי ביטון 250 גרם,נווה התבלין,IL,פפריקה מתוקה יוחאי ב,גרמים,250.00,100 גרם,false,,19.90,0.0796,true,1,45991
7290113191013,false,פפריקה חריפה יוחאי ביטון 250 גרם,נווה התבלין,IL,פפריקה חריפה יוחאי ב,גרמים,250.00,100 גרם,false,,19.90,0.0796,true,1,45992
7290113191020,false,פלפל שחור טחון יוחאי ביטון 250 גרם,נווה התבלין,IL,פלפל שחור טחון יוחאי,גרמים,250.00,100 גרם,false,,19.90,0.0796,true,1,45993
7290113191037,false,פלפל שחור גרוס יוחאי ביטון 250 גרם,נווה התבלין,IL,פלפל שחור גרוס יוחאי,גרמים,250.00,100 גרם,false,,19.90,0.0796,true,1,45994
7290113191044,false,כמון יוחאי ביטון 250 גרם,נווה התבלין,IL,כמון יוחאי ביטון 250,גרמים,250.00,100 גרם,false,,19.90,0.0796,true,1,45995
7290113191051,false,כורכום יוחאי ביטון 250 גרם,נווה התבלין,IL,כורכום יוחאי ביטון 2,גרמים,250.00,100 גרם,false,,19.90,0.0796,true,1,45996
7290113191068,false,גריל עוף יוחאי ביטון 250 גרם,נווה התבלין,IL,גריל עוף יוחאי ביטון,גרמים,250.00,100 גרם,false,,19.90,0.0796,true,1,45997
7290113191099,false,"סירופ מייפל טהור 250 מ""ל","קופרדקס איי פי אם בע""\מ",DK,סירופ מייפל טהור 250,מיליליטרים,250.00,"100 מ""ל",false,,19.90,0.0796,true,1,60677
7290113191921,false,"תרכיז מלבי 750 מ""ל שקדיה","פוליבה בע""ם",IL,"סירופ מלבי 750 מ""ל",מיליליטרים,750.00,"100 מ""ל",false,,16.90,0.0225,true,1,49399
7290113191938,false,"סירופ רוזטה בטעם שקדים 750 מ""ל","פוליבה בע""ם",IL,תרכיז שקדים רוזטה 75,מיליליטרים,750.00,"100 מ""ל",false,,16.90,0.0225,true,1,47720
7290113192072,false,חטיפי בוטנים מצופים בטעם צ'ילי שקדיה 120 גרם,דין שיווק,IL,חטיפי בוטנים מצופים,גרמים,120.00,100 גרם,false,,9.90,0.0825,true,1,56747
7290113192089,false,בוטנים מצופים בטעם תירס ששון הקולה 100 גרם,"יונאן פוד קו, לטד",IL,חטיפי בוטנים מצופים,גרמים,100.00,100 גרם,false,,9.90,0.0990,true,1,56748
7290113192096,false,בוטנים מצופים בטעם וואסבי ששון הקולה 120 גרם,"יונאן פוד קו, לטד",IL,חטיפי בוטנים מצופים,גרמים,120.00,100 גרם,false,,9.90,0.0825,true,1,56749
7290113192218,false,תערובת להכנת מלבי 500 גרם ששון הקולה,"שקדיה גבע תעשיות בע""",IL,אבקה להכנת מלבי שקדי,גרמים,500.00,100 גרם,false,,14.90,0.0298,true,1,49373
7290113192300,false,זיתים מושחרים חרוזית 275 גרם בית השיטה,בית השיטה,IL,זית חרוזית מושחר בית,גרמים,560.00,100 גרם,false,,8.90,0.0159,true,1,49083
7290113192331,false,זיתים ירוקים מנזנילו 340 גר' בית השיטה,בית-השיטה עסיס תעשיות מז,IL,זית מנזלינו בית השיט,גרמים,560.00,100 גרם,false,,9.50,0.0170,true,1,49086
7290113192348,false,בית השיטה זיתים ירוקים גדול מאודבטעם שום,בית-השיטה עסיס תעשיות מז,IL,זית שום בית השיטה 56,גרמים,560.00,100 גרם,false,,9.50,0.0170,true,1,49087
7290113192355,false,חרוזית זיתים ירוקים ללא גלעין 275 ג' בית השיטה,בית-השיטה עסיס תעשיות מז,IL,זית חרוזית בית השיטה,גרמים,560.00,100 גרם,false,,9.50,0.0170,true,1,49088
7290113192362,false,זיתים ירוקים טבעות A2 בית השיטה 280 גרם,בית-השיטה עסיס תעשיות מז,IL,זית טבעות בית השיטה,גרמים,560.00,100 גרם,false,,9.90,0.0177,true,1,49089
7290113192379,false,בית השיטה זיתים ירוקים מבוקעים א2 340גר',"בית-השיטה תעשיות בע""\מ",IL,זית מבוקע בית השיטה,גרמים,560.00,100 גרם,false,,8.90,0.0159,true,1,49090
7290113192393,false,בית השיטה קוקטייל זיתים א2 336 גרם,בית-השיטה עסיס תעשיות מז,IL,זית קוקטייל בית השיט,גרמים,560.00,100 גרם,false,,10.90,0.0195,true,1,49091
7290113192478,false,בית השיטה מלפפונים במלח בינוני 10-12 320 גרם,בית-השיטה עסיס תעשיות מז,IL,מלפפון במלח 10-12 בי,גרמים,560.00,100 גרם,false,,7.90,0.0141,true,1,49092
7290113192485,false,בית השיטה מלפפונים בחומץ בינוני 10-12 290 גרם,בית-השיטה עסיס תעשיות מז,IL,מלפפון בחומץ 10-12 ב,גרמים,560.00,100 גרם,false,,7.90,0.0141,true,1,49093
7290113192492,false,בית השיטה מלפפונים בחומץ קטנים 1317 290 גרם,בית-השיטה עסיס תעשיות מז,IL,מלפפון בחומץ 13-17 ב,גרמים,560.00,100 גרם,false,,10.50,0.0188,true,1,49094
7290113192508,false,בית השיטה מלפפונים במלח קטן 1317 320 גרם,בית-השיטה עסיס תעשיות מז,IL,מלפפון במלח 13-17 בי,גרמים,560.00,100 גרם,false,,10.50,0.0188,true,1,49095
7290113192515,false,בית השיטה מלפפונים במלח קטן מאוד 1825 320 גרם,בית-השיטה עסיס תעשיות מז,IL,מלפפון במלח 18-25 בי,גרמים,560.00,100 גרם,false,,11.50,0.0205,true,1,49096
7290113192522,false,בית השיטה מלפפונים בחומץ קטן מאוד 1825 290 גרם,בית-השיטה עסיס תעשיות מז,IL,מלפפון בחומץ 18-25 ב,גרמים,560.00,100 גרם,false,,11.50,0.0205,true,1,49097
7290113192539,false,בית השיטה מלפפונים במלח גדול 79 320 גרם,בית-השיטה עסיס תעשיות מז,IL,מלפפון במלח 7-9 בית,גרמים,560.00,100 גרם,false,,6.30,0.0112,true,1,49098
7290113192546,false,"מלפפונים בחומץ רכיבים טבעיים 7-9 ""בית השיטה""",בית-השיטה עסיס תעשיות מז,IL,מלפפון בחומץ 7-9 בית,גרמים,560.00,100 גרם,false,,6.30,0.0112,true,1,49099
7290113192560,false,בית השיטה פלפל שיפקה חריף כבוש 230 גרם,בית-השיטה עסיס תעשיות מז,IL,פלפל שיפקה בית השיטה,גרמים,560.00,100 גרם,false,,6.50,0.0116,true,1,49100
7290113192577,false,בית השיטה כרוב כבוש א2 12*430גרם חדש,"בית-השיטה תעשיות בע""\מ",IL,כרוב כבוש בית השיטה,גרמים,560.00,100 גרם,false,,6.90,0.0123,true,1,51534
7290113192997,false,בית השיטה זית מרוקאי 340 גרם*,"בית השיטה תעשיות בע""\מ",IL,זית שחור מרוקאי בית,גרמים,340.00,100 גרם,false,,11.90,0.0350,true,1,59688
7290113193000,false,בית השיטה פלפל שיפקונית 230 גרם*,"בית השיטה תעשיות בע""\מ",IL,פלפל שיפקונית בית הש,גרמים,560.00,100 גרם,false,,9.90,0.0177,true,1,51535
7290113193017,false,בית השיטה חרוזית קוקטייל זיתים 275 גרם,"בית השיטה תעשיות בע""\מ",IL,זית חרוזית קוקטייל ב,גרמים,560.00,100 גרם,false,,11.50,0.0205,true,1,51540
7290113193031,false,חרוזית קלמטה - זיתים שחורים ללא גלעין קלמטה,"בית השיטה תעשיות בע""\מ",IL,זית חרוזית קלמטה בית,גרמים,560.00,100 גרם,false,,11.50,0.0205,true,1,51536
7290113193321,false,"שמן זית כתית מעולה בית השיטה 750 מ""ל",אצטס אבסה אס. איי. יו.,IL,שמן זית כתית מעולה ב,מיליליטרים,750.00,"100 מ""ל",false,,27.90,0.0372,true,1,53957
7290113193406,false,"קוקטייל טבעות זיתים - זיתים ירוקים, שחורים מרינד","בית השיטה תעשיות בע""\מ",IL,זית טבעות קוקטייל בי,גרמים,560.00,100 גרם,false,,11.50,0.0205,true,1,51537
7290113193451,false,מלפפון במלח בינוני ע,בית השיטה,IL,מלפפון במלח בינוני ע,גרמים,820.00,100 גרם,false,,7.90,0.0096,true,1,52072
7290113193468,false,מלפפון במלח קטן עמק,בית השיטה,IL,מלפפון במלח קטן עמק,גרמים,820.00,100 גרם,false,,9.50,0.0116,true,1,52069
7290113193475,false,מלפפון במלח קטן מאוד,בית השיטה,IL,מלפפון במלח קטן מאוד,גרמים,820.00,100 גרם,false,,11.90,0.0145,true,1,52074
7290113193482,false,מלפפון בחומץ גדול עמ,בית השיטה,IL,מלפפון בחומץ גדול עמ,גרמים,820.00,100 גרם,false,,6.90,0.0084,true,1,52070
7290113193499,false,מלפפון בחומץ בינוני,בית השיטה,IL,מלפפון בחומץ בינוני,גרמים,820.00,100 גרם,false,,7.90,0.0096,true,1,52073
7290113193505,false,מלפפון בחומץ קטן עמק,בית השיטה,IL,מלפפון בחומץ קטן עמק,גרמים,820.00,100 גרם,false,,9.50,0.0116,true,1,52071
7290113193512,false,מלפפון בחומץ קטן מאו,בית השיטה,IL,מלפפון בחומץ קטן מאו,גרמים,820.00,100 גרם,false,,11.90,0.0145,true,1,52075
7290113193529,false,מיקס זיתים עמק חרוד,בית השיטה,IL,מיקס זיתים עמק חרוד,גרמים,820.00,100 גרם,false,,11.90,0.0145,true,1,52065
7290113193536,false,זית חרוזית עמק חרוד,בית השיטה,IL,זית חרוזית עמק חרוד,גרמים,820.00,100 גרם,false,,9.90,0.0121,true,1,52066
7290113193543,false,זית טבעות עמק חרוד 8,בית השיטה,IL,זית טבעות עמק חרוד 8,גרמים,820.00,100 גרם,false,,9.90,0.0121,true,1,52067
7290113194601,false,מובחרים מן הטבע 500,דין שיווק,IL,מובחרים מן הטבע 500,גרמים,500.00,100 גרם,false,,9.90,0.0198,true,1,52082
7290113194618,false,קוואקר מובחרים מן הטבע 500 גרם,דין שיווק,IL,קוואקר מובחרים מן הט,גרמים,700.00,100 גרם,false,,4.90,0.0070,true,1,52084
7290113194625,false,מובחרים מן הטבע 300,דין שיווק,IL,מובחרים מן הטבע 300,גרמים,300.00,100 גרם,false,,9.90,0.0330,true,1,52083
7290113194632,false,ממרח שקדים שקדיה 500 גרם,ג'\י אנד ג'\י פקאנס בעמ,IL,ממרח שקדים שקדיה 500,גרמים,500.00,100 גרם,false,,39.90,0.0798,true,1,53295
7290113195837,false,מובחרים מן הטבע 250,דין שיווק,IL,מובחרים מן הטבע 250,גרמים,250.00,100 גרם,false,,9.90,0.0396,true,1,52860
7290113195844,false,מובחרים מן הטבע 400,דין שיווק,IL,מובחרים מן הטבע 400,גרמים,400.00,100 גרם,false,,9.90,0.0248,true,1,52861
7290113195868,false,מובחרים מן הטבע 200,דין שיווק,IL,מובחרים מן הטבע 200,גרמים,200.00,100 גרם,false,,9.90,0.0495,true,1,52863
7290113195943,false,פלפל שיפקה עמק חרוד,בית השיטה,IL,פלפל שיפקה עמק חרוד,גרמים,820.00,100 גרם,false,,7.90,0.0096,true,1,53581
7290113196414,false,"אורז בסמטי 1 ק""ג - שקדיה כחול מטאלי",דאבה סינג שאם סינג,IN,אורז בסמטי שקדיה 1 ק,פריט,1.00,"ק""ג",false,,9.90,9.9000,true,1,58719
7290113196896,false,"תרסיס שמן זית שקדיה 170 מ""ל",שקדיה,TR,תרסיס שמן זית שקדיה,מיליליטרים,170.00,"100 מ""ל",false,,14.90,0.0876,true,1,59158
7290113196957,false,חטיפי תירס [טורטיה]בטעם ברביקיו 300 גרם,אלקטי קוראבייכיסיגידה טו,BE,חטיפי תירס בטעם ברבי,גרמים,300.00,100 גרם,false,,12.90,0.0430,true,1,63029
7290113197152,false,לבבות דקל שלם בצנצנת 410 גרם שקדיה,שקדיה,EC,לבבות דקל שלם בצנצנת,גרמים,410.00,100 גרם,false,,11.90,0.0290,true,1,59187
7290113199323,false,עלי טורטילוס בוריטו150גר,אלקטי קוראבייכיסיגידה טו,TR,מיני טורטיה מקמח חיט,גרמים,150.00,100 גרם,false,,4.90,0.0327,true,1,64694
7290113199590,false,נקטר חמוציות קרנברי,,US,נקטר חמוציות קרנברי,קילוגרמים,1.89,ליטר,false,,19.90,10.5291,true,1,61174
7290113199774,false,ממרח בוטנים 300 גרם השקדיה,פפויאנס,GR,ממרח 100% בוטנים שקד,גרמים,300.00,100 גרם,false,,13.90,0.0463,true,1,63025
7290113199781,false,ממרח אגוזים ובוטנים 200 גרם השקדיה,פפויאנס,GR,ממרח 100% מיקס אגוזי,גרמים,200.00,100 גרם,false,,14.90,0.0745,true,1,63026
7290113199798,false,ממרח אגוזי קשיו100% 200ג,פפויאנס,GR,ממרח 100% אגוזי קשיו,גרמים,200.00,100 גרם,false,,24.90,0.1245,true,1,63023
7290113199866,false,מגש אירוח אגוזים קלויים וחטיפים מלוחים מקל 450 ג',דין שיווק,IL,מיקס פיצוחים 450 גרם,גרמים,450.00,100 גרם,false,,29.90,0.0664,true,1,61243
7290113199880,false,טורטיה בתוספת קמח כוסמין ושיבול שועל שקדיה 360 גרם,אקס ולאו,TR,טורטיות בתוספת קמח כ,גרמים,360.00,100 גרם,false,,12.90,0.0358,true,1,63027
7290113199941,false,"תמר מגהול 1 ק""ג",דין שיווק,IL,"תמר מגהול 1 ק""ג",פריט,1.00,"ק""ג",false,,19.90,19.9000,true,1,61132
7290113469952,false,גבינה צהובה גאודה 28% מגורדת 300 גרם,מלקוויטה,PL,גבינה מגורדת גאודה 2,גרמים,300.00,100 גרם,false,,7.90,0.0263,true,1,64674
7290114310215,false,"שמנת מתוקה 38% רמת הגולן 250 מ""ל ווסטהיים - מוצר בפיקוח",מילקו תעשיות בעמ,IL,שמנת מתוקה 38% בבקב,מיליליטרים,250.00,"100 מ""ל",false,,6.40,0.0256,true,1,51033
7290114310222,false,חלב מועשר בסידן וויטמין Dי 3% 1.5 ל' טרה,מילקו תעשיות בעמ,IL,חלב מועשר 3% טרה 1.5,קילוגרמים,1.50,ליטר,false,,10.90,7.2667,true,1,51929
7290114310239,false,חלב נטול לקטוז מועשר בוויטמין D י 2% 1.5 ל' טרה,מילקו תעשיות בעמ,IL,חלב מועשר נטול לקטוז,קילוגרמים,1.50,ליטר,false,,10.90,7.2667,true,1,51930
7290114310246,false,גרנה פדנו צ'אנק משק צוריאל 125 גרם,מחלבת משק צוריאל,IL,גבינה גרנה פדנו 29%,גרמים,125.00,100 גרם,false,,14.90,0.1192,true,1,56676
7290114310338,false,צפתית מעודנת 5% בגביע 225 גרם משק צוריאל,מחלבת משק צוריאל,IL,גבינה צפתית מעודנת 5,גרמים,225.00,100 גרם,false,,16.30,0.0724,true,1,56568
7290114310536,false,יוגורט לייט מעושר חלבון 25 גרם חלבון וניל MULLER ACTIVE,מולר Muller,IL,מולר אקטיב וניל לייט,גרמים,200.00,100 גרם,false,,5.50,0.0275,true,1,57872
7290114310550,false,גבינת פטה עיזים מעודנת 5% משק צוריאל 200 גרם,מחלבת משק צוריאל,IL,גבינת פטה עיזים מעוד,מיליליטרים,200.00,"100 מ""ל",false,,22.90,0.1145,true,1,56694
7290114310567,false,לאבנה עיזים 5% שומן 200 גרם,מחלבת משק צוריאל,IL,לאבנה עיזים 5% צוריא,גרמים,200.00,100 גרם,false,,13.90,0.0695,true,1,56695
7290114310611,false,"משקה חלב בננה בבקבוק פקק ספורט טרה 250 מ""ל",מילקו תעשיות בעמ,IL,"משקה בננה טרה 250 מ""",מיליליטרים,250.00,"100 מ""ל",false,,5.20,0.0208,true,1,62519
7290114310628,false,משקה חלב וניל ועוגיות בקבוק 1 ליטר,מילקו תעשיות בעמ,IL,משקה וניל עוגיות טרה,קילוגרמים,1.00,ליטר,false,,10.90,10.9000,true,1,57251
7290114310673,false,גבינת לאבנה 9% 250 גרם,Unknown,IL,לאבנה 9% טרה 250 גרם,גרמים,250.00,100 גרם,false,,11.90,0.0476,true,1,56696
7290114310895,false,"סימפלי פרוט יוגורט עם מנגו תות, שמיניה 8 * 150 גרם",מולר Muller,IL,מארז מולר סימפלי תות,קילוגרמים,1.20,ליטר,false,,28.90,24.0833,true,1,63477
7290114311014,false,"משקה חלב אייס קפוצ'ינו פקק ספורט טרה 250 מ""ל",מילקו תעשיות בעמ,IL,משקה אייס קפוצ'ינו ט,מיליליטרים,250.00,"100 מ""ל",false,,5.20,0.0208,true,1,62520
7290114311021,false,"משקה חלב וניל עוגיות פקק ספורט טרה 250 מ""ל",Unknown,IL,משקה וניל עוגיות טרה,מיליליטרים,250.00,"100 מ""ל",false,,5.20,0.0208,true,1,62515
7290114311038,false,"שמנת מתוקה 32% עמידה בבקבוק טרה 250 מ""ל",מילקו תעשיות בעמ,IL,שמנת מתוקה 32% בבקבו,מיליליטרים,250.00,"100 מ""ל",false,,6.70,0.0268,true,1,62317
7290114311069,false,יוגורט לבן מועשר בחלבון 0% שומן 200 גרם muller active,מולר Muller,IL,מולר אקטיב בטעם טבעי,גרמים,200.00,100 גרם,false,,4.90,0.0245,true,1,61985
7290114311076,false,"חמאת מולר צהובה עם שום, 200 גרם",מולר Muller,IL,חמאה עם שום מולר 200,גרמים,200.00,100 גרם,false,,10.90,0.0545,true,1,62311
7290114311298,false,יוגורט מולר פרופ בטעם תות בננה מלון 150,מולר Muller,IL,מולר פרופ קציפת תות,מיליליטרים,150.00,"100 מ""ל",false,,4.80,0.0320,true,1,63070
7290114311304,false,יוגורט קציפת מנגו פסיפלורה בננה 150 ג' מולר,מולר Muller,IL,מולר פרופ קציפת מנגו,מיליליטרים,150.00,"100 מ""ל",false,,4.80,0.0320,true,1,63069
7290114311328,false,חלב מועשר דל לקטוז מעושר בויטמין Dי 2% שומן טרה 1 ליטר,ג'י.אר.אמ.גרופו אלימ,IL,חלב נטול לקטוז 2% טר,קילוגרמים,1.00,ליטר,false,,7.30,7.3000,true,1,63478
7290114311359,false,יוגורט עם קציפת מנגו 3% שומן פרופ 150 ג' מולר,מולר Muller,IL,מולר פרופ קציפת מנגו,מיליליטרים,150.00,"100 מ""ל",false,,4.80,0.0320,true,1,63071
7290114311434,false,מולר אקטיב יוגורט חלבון קרמל מלוח 200 גרם,מולר Muller,IL,מולר אקטיב בטעם קרמל,גרמים,200.00,100 גרם,false,,5.50,0.0275,true,1,64396
7290114311441,false,מולר אקטיב יוגורט חלבון עוגיות חמאה 200 גרם,מולר Muller,IL,מולר אקטיב בטעם עוגי,גרמים,200.00,100 גרם,false,,5.50,0.0275,true,1,64397
7290114311502,false,משקה חלב בטעם סחלב בבקבוק 1 ליטר,מילקו תעשיות בעמ,IL,משקה חלב בטעם סחלב ט,קילוגרמים,1.00,ליטר,false,,10.90,10.9000,true,1,64445
7290114601221,false,אג'קס עם אקונומיקה ל,cp צרפת,FR,אג'קס עם אקונומיקה ל,מיליליטרים,0.00,"100 מ""ל",false,,26.90,0.0000,true,1,48904
7290114602150,false,משחת קולגייט טוטל קל,קולגייט פלמוליב,PL,משחת קולגייט טוטל קל,מיליליטרים,300.00,"100 מ""ל",false,,43.90,0.1463,true,1,51623
7290114602174,false,משחת קולגייט טוטל הל,קולגייט פלמוליב,PL,משחת קולגייט טוטל הל,מיליליטרים,300.00,"100 מ""ל",false,,43.90,0.1463,true,1,51624
7290114602211,false,משחת קולגייט סנסטיב,קולגייט פלמוליב,PL,משחת קולגייט סנסטיב,גרמים,225.00,100 גרם,false,,44.90,0.1996,true,1,52471
7290114604949,false,מאסטר שף רוטב ברביקיו 524 גרם,רמיה סי.וי. הולנד,NL,רוטב ברביקיו מאסטר ש,גרמים,524.00,100 גרם,false,,12.90,0.0246,true,1,58592
7290114605342,false,פירסט סמייל רפידות הנקה גודל מדיום 110,צאנזו שאנג קאר פרודק,CN,רפידות הנקה פירסט סמ,Unknown,0.00,יחידה,false,,23.90,0.0000,true,1,58586
7290114606387,false,"משחת שיניים אופטיק וויט פחם מארז 75 מ""ל",קולגייט פלמוליב,PL,משחת קולגייט אופטיק,מיליליטרים,150.00,"100 מ""ל",false,,39.90,0.2660,true,1,57477
7290114606592,false,רוטב סויה מסורתית 46% פולי סויה מאסטר שף 620 ג',קריניציה ויטמינה אס,TH,רוטב סויה מאסטר שף 6,מיליליטרים,620.00,"100 מ""ל",false,,14.90,0.0240,true,1,61998
7290114607315,false,זוג משחת שיניים מקס וויט,קולגייט- פלמוליב,PL,משחת קולגייט מקס ווי,מיליליטרים,250.00,"100 מ""ל",false,,28.90,0.1156,true,1,57022
7290114608688,false,פירורי לחם מתובלים מ,EinatFood,IL,פירורי לחם מתובלים מ,גרמים,480.00,100 גרם,false,,11.90,0.0248,true,1,58590
7290114751902,false,תחבושות אולוויז קווא,פרוקטר & גמבל,DE,תחבושות אלוויז לילה,Unknown,0.00,יחידה,false,,29.90,0.0000,true,1,57964
7290115200676,false,עוגיות קרמוגית במילוי קרם בטעם קרמל מלוח,"הגביע מוצרי וופלים בע""\מ",IL,עוגיות קרמוגית במילו,גרמים,200.00,100 גרם,false,,9.90,0.0495,true,1,53683
7290115200713,false,במבה קלאסי מארז אחיד 8 50*5 ג',"אסם השקעות בע""\מ",IL,מארז במבה 5*50 גרם,גרמים,250.00,100 גרם,false,,12.90,0.0516,true,1,52464
7290115201550,false,ביסלי קרנבל מיקס 150 ג' אסם,פרו מן יו פתרונות אר,IL,ביסלי קרנבל מיקס 150,גרמים,150.00,100 גרם,false,,6.50,0.0433,true,1,53594
7290115201680,false,ביסלי בטעם ברביקיו אסם 70 גרם,"אסם השקעות בע""\מ",IL,ביסלי ברביקיו 70 גרם,גרמים,70.00,100 גרם,false,,3.90,0.0557,true,1,55090
7290115201703,false,ביסלי ברביקיו גדול אסם 200 גרם,מיוצר עי קונדיטוריית,IL,ביסלי ברביקיו 200 גר,גרמים,200.00,100 גרם,false,,6.50,0.0325,true,1,55400
7290115201727,false,ביסלי חטיף בטעם בצל אסם 200 גרם,מיוצר עי קונדיטוריית,IL,ביסלי בצל 200 גרם,גרמים,200.00,100 גרם,false,,6.50,0.0325,true,1,54657
7290115201741,false,ביסלי בטעם בצל אסם 70 גרם,"אסם השקעות בע""\מ",IL,ביסלי בצל 70 גרם,גרמים,70.00,100 גרם,false,,3.90,0.0557,true,1,54431
7290115202434,false,צבר סלט חומוס עם זעתר 375 גרם,ג'נרל מילס סאן אדריא,IL,חומוס עם זעתר צבר 37,גרמים,375.00,100 גרם,false,,8.90,0.0237,true,1,55820
7290115203134,false,פופקו פופקורן במבה - פופקורן בציפוי קרמל ובוטנים,"אסם השקעות בע""\מ",IL,פופקו פופקורן קרמל,גרמים,80.00,100 גרם,false,,4.50,0.0563,true,1,57868
7290115203172,false,במבה PRO מכיל 18 גרם חלבון בשקית,"אסם השקעות בע""\מ",IL,במבה פרו 80 גרם,גרמים,80.00,100 גרם,false,,3.90,0.0487,true,1,64079
7290115203806,false,"רוטב בסיס לבישול אסם 290 מ""ל","אסם השקעות בע""\מ",IL,רוטב סויה לבישול אסם,גרמים,290.00,100 גרם,false,,10.90,0.0376,true,1,65191
7290115204018,false,מנה חמה איטלקי פסטה בסגנון אלפרדו 60 ג' אסם,"אסם תעשיות בע""מ",IL,מנה חמה פסטה בסגנון,גרמים,60.00,100 גרם,false,,4.90,0.0817,true,1,65114
7290115204056,false,"קטשופ מופחת סוכר אסם 690 גרם כשל""פ","אסם תעשיות בע""מ",IL,קטשופ לחיץ מופחת סוכ,גרמים,690.00,100 גרם,false,,8.70,0.0126,true,1,55789
7290115205176,false,פיטנס - קרקר דק כפרי פיטנס 140 גרם,נסטלה Nestle,IL,קרקר דק כפרי פיטנס 1,גרמים,140.00,100 גרם,false,,10.90,0.0779,true,1,61370
7290115205251,false,פריכיות קרמל מלוח פיטנס בר 84 גרם,פרח תעשיות,IL,פריכיות דגנים מצופות,גרמים,84.00,100 גרם,false,,11.90,0.1417,true,1,65169
7290115205312,false,קרקר פיטנס דק עם זיתי קלמטה ועשבי תיבול,"אסם השקעות בע""\מ",IL,קרקר דק זיתי קלמטה פ,גרמים,140.00,100 גרם,false,,10.90,0.0779,true,1,62443
7290115205695,false,אסם בונזור בצק מצונן לפיצה 460 גרם,נסטלה סוויס )שוויץ(,CH,בצק פיצה מצונן בונז',גרמים,460.00,100 גרם,false,,14.90,0.0324,true,1,60847
7290115205718,false,אסם בונזור בצק מצונן עלים 230 גרם,נסטלה סוויס )שוויץ(,CH,בצק עלים מצונן בונז',גרמים,230.00,100 גרם,false,,11.90,0.0517,true,1,60848
7290115206531,false,אסם קרמוגית במילוי קרם בייגלה 12*200 גרם,אסם-נסטלה,IL,עוגיות במילוי קרם בי,גרמים,200.00,100 גרם,false,,9.90,0.0495,true,1,59108
7290115207682,false,אסם רוטב בסגנון סויה סיני 9*290מל חדש,"אסם השקעות בע""\מ",IL,רוטב בסגנון סויה סינ,מיליליטרים,290.00,"100 מ""ל",false,,9.90,0.0341,true,1,65189
7290115207941,false,סירופ אננס ויטמינצ'יק 1 ליטר,בית-השיטה עסיס תעשיות מז,IL,סירופ ויטמינצ'יק אננ,קילוגרמים,1.00,ליטר,false,,18.90,18.9000,true,1,60843
7290115207965,false,סירופ מנגו אפרסק ויטמינצ'יק 1 ליטר,בית-השיטה עסיס תעשיות מז,IL,סירופ ויטמינצ'יק מנג,קילוגרמים,1.00,ליטר,false,,18.90,18.9000,true,1,60844
7290115207989,false,סירופ לימון ויטמינצ'יק 1 ליטר,בית-השיטה עסיס תעשיות מז,IL,סירופ ויטמינצ'יק לימ,קילוגרמים,1.00,ליטר,false,,18.90,18.9000,true,1,60845
7290115208047,false,סירופ פטל ויטמינצ'יק 1 ליטר,בית-השיטה עסיס תעשיות מז,IL,סירופ ויטמינצ'יק פטל,קילוגרמים,1.00,ליטר,false,,18.90,18.9000,true,1,60846
7290115208061,false,סירופ תפוח ויטמינצ'יק 1 ליטר,בית השיטה עסיס תעשיות מז,IL,סירופ ויטמינצ'יק תפו,קילוגרמים,1.00,ליטר,false,,18.90,18.9000,true,1,60842
7290115208344,false,בייגלה כפיות שמנת בצל אסם 300 גרם,"אסם השקעות בע""\מ",IL,בייגלה כפיות בטעם שמ,גרמים,300.00,100 גרם,false,,9.90,0.0330,true,1,64080
7290115208597,false,קרמוגית מיניס קרמל מלוח אסם 200 גרם,"אסם השקעות בע""\מ",IL,עוגיות קרמוגית מיניס,גרמים,200.00,100 גרם,false,,9.90,0.0495,true,1,63684
7290115208801,false,לחמית דבש ואגוזים אסם 190 גרם,לחמית,IL,לחמית דבש ואגוזים 19,גרמים,190.00,100 גרם,false,,8.90,0.0468,true,1,63888
7290115208849,false,"מנה חמה פסטה מוקרמת ט.עוף בד""צ 55גר","אסם תעשיות בע""מ",IL,מנה חמה פירה עם בטטה,גרמים,51.00,100 גרם,false,,4.90,0.0961,true,1,65115
7290115209136,false,טבעול חטיפי עוף צמחי העדה החרדית 6*1.2קג,"טבעול תעשיות מזון בע""\מ",IL,חטיפים צמחוניים בטעם,פריט,1.20,"ק""ג",false,,39.90,33.2500,true,1,63560
7290115209198,false,במבה אוורירית אסם 80 גרם,"אסם תעשיות בע""מ",IL,במבה אוורירית 80 גרם,גרמים,80.00,100 גרם,false,,3.90,0.0487,true,1,63681
7290115209235,false,ביסקוויט פתי בר קפה אסם 500 גרם,"אסם תעשיות בע""מ",IL,פתיבר בטעם קפה אסם 5,גרמים,500.00,100 גרם,false,,8.90,0.0178,true,1,64851
7290115405774,false,פחזניות ממולאות בטעם וניל קפולסקי 180 גרם,תופינים מקבוצת קפולס,IL,פחזניות במילוי קרם ב,גרמים,180.00,100 גרם,false,,12.90,0.0717,true,1,62507
7290115405781,false,פחזניות ממולאות בטעם שוקולד קפולסקי 180 גרם,קפולסקי אדל בעמ,IL,פחזניות במילוי קרם ב,גרמים,180.00,100 גרם,false,,12.90,0.0717,true,1,62508
7290115405798,false,פחזניות ממולאות בטעם ריבת חלב קפולסקי 180 גרם,קפולסקי אדל בעמ,IL,פחזניות במילוי קרם ב,גרמים,180.00,100 גרם,false,,12.90,0.0717,true,1,62509
7290115405804,false,פחזניות ממולאות בטעם תות קפולסקי 180 גרם,קפולסקי אדל בעמ,IL,פחזניות במילוי קרם ב,גרמים,180.00,100 גרם,false,,12.90,0.0717,true,1,62510
7290115410105,false,כרוב אדום סלטי היום,סלטי היום,IL,כרוב אדום סלטי היום,גרמים,400.00,100 גרם,false,,10.90,0.0273,true,1,60299
7290115410341,false,"חומוס סלטי היום 1 ק""",סלטי היום,IL,"חומוס סלטי היום 1 ק""",פריט,1.00,"ק""ג",false,,13.90,13.9000,true,1,60303
7290115410549,false,המעדניה חומוס ירושלים 250 גר',סלטי היום - קפוא זן,IL,חומוס ירושלים המעדני,גרמים,250.00,100 גרם,false,,9.90,0.0396,true,1,60285
7290115410556,false,המעדניה חומוס מסבחה ירוק 250 גר',סלטי היום - קפוא זן,IL,חומוס מסבחה המעדניה,גרמים,250.00,100 גרם,false,,9.90,0.0396,true,1,60286
7290115410563,false,המעדניה חומוס מסבחה חריף אדום 250 גר',סלטי היום - קפוא זן,IL,חומוס מסבחה חריף המע,גרמים,250.00,100 גרם,false,,9.90,0.0396,true,1,60287
7290115410587,false,טחינה לבנה 250 גרם המעדניה,סלטי היום - קפוא זן,IL,טחינה לבנה המעדניה 2,גרמים,250.00,100 גרם,false,,6.90,0.0276,true,1,60289
7290115410594,false,חציל תאילנדי 250 גרם המעדניה,סלטי היום - קפוא זן,IL,חציל תאילנדי המעדניה,גרמים,250.00,100 גרם,false,,9.90,0.0396,true,1,60290
7290115410600,false,חציל במיונז 250 גרם המעדניה,סלטי היום - קפוא זן,IL,חציל במיונז המעדניה,גרמים,250.00,100 גרם,false,,9.90,0.0396,true,1,60291
7290115410655,false,מטבוחה 250 גרם המעדניה,סלטי היום - קפוא זן,IL,מטבוחה המעדניה 250 ג,גרמים,250.00,100 גרם,false,,9.90,0.0396,true,1,60294
7290115415018,false,חומוס עכו סלטי היום,סלטי היום,IL,חומוס עכו סלטי היום,פריט,3.00,"ק""ג",false,,31.90,10.6333,true,1,61699
7290115415445,false,המעדניה - חומוס אבו גוש גרגירים 250 גרם,סלטי היום,IL,חומוס אבו גוש המעדני,גרמים,250.00,100 גרם,false,,9.90,0.0396,true,1,60288
7290115415452,false,המעדניה - סלט סלק 250 גרם,סלטי היום,IL,סלט סלק המעדניה 250,גרמים,250.00,100 גרם,false,,9.90,0.0396,true,1,60301
7290115415476,false,המעדניה - גזר מרוקאי 250 גרם,סלטי היום,IL,גזר מרוקאי המעדניה 2,גרמים,250.00,100 גרם,false,,9.90,0.0396,true,1,60302
7290115415605,false,חומוס עם מסבחה ירוק סלטי היום 400 גרם,סלטי היום - קפוא זן,IL,חומוס עם מסבחה ירוק,גרמים,400.00,100 גרם,false,,11.90,0.0298,true,1,61700
7290115415629,false,חומוס אבו גוש סלטי היום 400 גרם,סלטי היום - קפוא זן,IL,חומוס אבו גוש סלטי ה,גרמים,400.00,100 גרם,false,,11.90,0.0298,true,1,61702
7290115480009,false,"מרכך כביסה מרוכז פרש קונטרול ירוק 900 מ""ל סוד",הנקל סוד,IL,מרכך סוד פרש קונטרול,מיליליטרים,900.00,"100 מ""ל",false,,11.90,0.0132,true,1,60090
7290115642414,false,ערכת שמן נוזלי הנרות,,,ערכת שמן נוזלי הנרות,Unknown,0.00,יחידה,false,,34.90,0.0000,true,1,65197
7290115671223,false,מסטיק מאסט פאן אבטיח מנגו צנצנת 58 גרם,אסקום קונפקשיין,DE,מסטיק מאסט צנצנת בטע,גרמים,58.00,100 גרם,false,,8.90,0.1534,true,1,60402
7290115671346,false,מיני פינוקיות טופי קרמל מלוח עלית 180 גרם,"הגביע מוצרי ופלים בע""\מ",IL,עוגיות מיני פינוקיות,גרמים,188.00,100 גרם,false,,9.90,0.0527,true,1,59115
7290115675986,false,דנונה יוגורט בר עם אגוזים מקורמלים 173 גרם,"שטראוס בריאות בע""\מ",IL,דנונה בר עם אגוזים מ,גרמים,173.00,100 גרם,false,,3.90,0.0225,true,1,54823
7290115676037,false,דנונה ריפרש יוגורט עם תות ודומדמניות 1.6% שומן,מיוצר עי קונדיטוריית,IL,משקה דנונה ריפרש תות,גרמים,250.00,100 גרם,false,,4.90,0.0196,true,1,57568
7290115676341,false,אריזות דבש אישיות טו גו 18 * 162 ג' יד מרדכי,מכוורת יד מרדכי שטראוס ב,IL,דבש יד מרדכי טו גו 9,גרמים,162.00,100 גרם,false,,9.90,0.0611,true,1,63783
7290115678222,false,מארז 8 גביעים יוגורט Greek בסגנון יווני 6.5% שומן,"שטראוס בריאות בע""\מ",IL,מארז יוגורט דנונה יו,גרמים,0.00,100 גרם,false,,23.90,0.0000,true,1,57825
7290115678376,false,מעדן הגולן שוקולד 125 גרם,מיוצר עי קונדיטוריית,IL,מעדן הגולן שוקולד 12,מיליליטרים,125.00,"100 מ""ל",false,,2.80,0.0224,true,1,58389
7290115678383,false,מעדן הגולן שוקולד מריר 125 גרם,מיוצר עי קונדיטוריית,IL,מעדן הגולן שוקולד מר,מיליליטרים,125.00,"100 מ""ל",false,,2.80,0.0224,true,1,58390
7290115679960,false,ציטוס פופקורן בטעם טבעי 60 ג 24 יח,"שטראוס פריטו ליי בע""\מ )",IL,צ'יטוס פופקורן טבעי,גרמים,60.00,100 גרם,false,,3.20,0.0533,true,1,58930
7290115720280,false,בריקס לגו סוריות בטעם פירות גרוס מארז 18 יחידות,גרוסליין,CN,סוכריות לגו בריקס 18,גרמים,216.00,100 גרם,false,,18.90,0.0875,true,1,57332
7290115720358,false,סוכריות גואל פופ מארז 18 יחי',גרוסליין,CN,סוכריות טבעת ג'ואל פ,גרמים,225.00,100 גרם,false,,18.90,0.0840,true,1,57333
7290115720464,false,סוכריות מוצץ גרוס מארז 18 יחידות,גרוסליין,BE,סוכריות מוצץ גרוסליי,גרמים,105.00,100 גרם,false,,18.90,0.1800,true,1,57854
7290115720471,false,סוכריות משרוקית גרוס מארז 18 יחידות,גרוסליין,BE,סוכריות משרוקית גרוס,גרמים,170.00,100 גרם,false,,18.90,0.1112,true,1,57855
7290115720488,false,סוכריות ליפסטיק מארז 18 יחי',גרוסליין,BE,סוכריות ליפסטיק גרוס,גרמים,170.00,100 גרם,false,,18.90,0.1112,true,1,57856
7290115720648,false,ג'ואל פופ סוכריות סביבון,גואנדונג באישנג פודס,CN,סוכריות סביבון ג'ואל,גרמים,125.00,100 גרם,false,,11.90,0.0952,true,1,65129
7290115720709,false,גואל פופ מארז מארז 18 יחידות,גרוסליין,CN,סוכריות טבעת גרוסליי,גרמים,216.00,100 גרם,false,,18.90,0.0875,true,1,62952
7290115720778,false,מארז סוכריות דיפ אנד ליק מארז 15 יח' גרוסליין,גרוסליין,CN,סוכריות דיפ אנד ליק,גרמים,216.00,100 גרם,false,,18.90,0.0875,true,1,62953
7290115720891,false,סוכריות בטעמי פירות פאזל 18 יח',גרוסליין,CN,סוכריות פאזל מספרים,גרמים,216.00,100 גרם,false,,18.90,0.0875,true,1,64300
7290115720969,false,סוכריות בטעמי פירות טטריס 18 יח',גרוסליין,CN,סוכריות בלוקס בטעמי,גרמים,216.00,100 גרם,false,,18.90,0.0875,true,1,64301
7290116531021,false,"שוקולד חלב ורד הגליל 100 גרם כשל""פ",יוניליוור ישראל מזון,IL,שוקולד ורד הגליל חלב,גרמים,100.00,100 גרם,false,,4.90,0.0490,true,1,62448
7290116850382,false,ניילון לכיסוי מזון א,,,ניילון לכיסוי מזון א,Unknown,0.00,יחידה,false,,14.90,0.0000,true,1,58937
7290116850856,false,נר הבדלה נבל עם בשמי,,,נר הבדלה נבל עם בשמי,Unknown,0.00,יחידה,false,,29.90,0.0000,true,1,61831
7290116850870,false,נר הבדלה שבוע טוב,,,נר הבדלה שבוע טוב,Unknown,0.00,יחידה,false,,19.90,0.0000,true,1,61833
7290116851716,false,מארז 6 כריות קרצוף ש,,,מארז 6 כריות קרצוף ש,Unknown,0.00,יחידה,false,,14.90,0.0000,true,1,61830
7290116853505,false,כדוריות סבון אסלה בנ,TOMIL S.R.O,CZ,כדוריות סבון אסלה בנ,גרמים,105.00,100 גרם,false,,14.90,0.1419,true,1,65076
7290116853512,false,כדוריות סבון אסלה בנ,TOMIL S.R.O,CZ,כדוריות סבון אסלה בנ,גרמים,105.00,100 גרם,false,,14.90,0.1419,true,1,65077
7290116853529,false,כדוריות סבון אסלה בנ,TOMIL S.R.O,CZ,כדוריות סבון אסלה בנ,גרמים,105.00,100 גרם,false,,14.90,0.1419,true,1,65078
7290116853536,false,כדוריות סבון אסלה בנ,TOMIL S.R.O,CZ,כדוריות סבון אסלה בנ,גרמים,105.00,100 גרם,false,,14.90,0.1419,true,1,65079
7290116853574,false,מסננת גבוהה,,,מסננת גבוהה,Unknown,0.00,יחידה,false,,34.90,0.0000,true,1,65299
7290116853598,false,מסננת יוקרתית ביפנס,,,מסננת יוקרתית ביפנס,Unknown,0.00,יחידה,false,,49.90,0.0000,true,1,65300
7290116853635,false,מארז 6 כריות קרצוף ע,,,מארז 6 כריות קרצוף ע,Unknown,0.00,יחידה,false,,19.90,0.0000,true,1,64086
7290116853758,false,מברשת פלדה לניקוי הג,,,מברשת פלדה לניקוי הג,Unknown,0.00,יחידה,false,,13.90,0.0000,true,1,65297
7290116853925,false,פטיש לשניצל יוקרתי ב,,,פטיש לשניצל יוקרתי ב,Unknown,0.00,יחידה,false,,34.90,0.0000,true,1,65304
7290116930244,false,"שמיניית יוגורט תנובה 1.5% בד""צ 150 גרם",תנובה מרכז שיתופי לש,IL,מארז יוגורט ביו תנוב,קילוגרמים,1.20,ליטר,false,,15.90,13.2500,true,1,62575
7290116930435,false,יוגורט יופלה GO במרקם סמיך עם דובדבן 0%,תנובה מרכז שיתופי לש,IL,יוגורט גו יופלה סמיך,גרמים,200.00,100 גרם,false,,4.70,0.0235,true,1,62576
7290116930459,false,"יופלה שייק מנגו בננה אננס וקוקוס 230 מ""ל",קבוצת המזון אקטשלאר,IL,יופלה שייק בננה אננס,מיליליטרים,230.00,"100 מ""ל",false,,7.90,0.0343,true,1,62969
7290116930466,false,"משקה SHAKE בננה מנגן פסיפלורה והל 230 מ""ל יופלה",קבוצת המזון אקטשלאר,IL,יופלה שייק מנגו בננה,מיליליטרים,230.00,"100 מ""ל",false,,7.90,0.0343,true,1,62970
7290116930657,false,"משקה חלב גו בטעם בננה תמר בתוספת שיבולת שועל במרקם חלק 340 מ""ל",תנובה מרכז שיתופי לש,IL,משקה GO בטעם בננה ות,מיליליטרים,340.00,"100 מ""ל",false,,6.90,0.0203,true,1,65071
7290116930701,false,מעדן חלב GO מועשר בחלבון בטעם קרמל מלוח,תנובה מרכז שיתופי לש,IL,מעדן חלב גו 12 מועשר,גרמים,120.00,100 גרם,false,,4.50,0.0375,true,1,62962
7290116931012,false,יופלה דיאט 0% שומן תפוח וקינמון 150 גרם,תנובה מרכז שיתופי לש,IL,יופלה דיאט 0% עם תפו,גרמים,150.00,100 גרם,false,,4.70,0.0313,true,1,65072
7290116931081,false,מעדן סויה - טופי קרמל 125 גרם אלטרנטיב,תנובה מרכז שיתופי לש,IL,מעדן סויה בטעם טופי,גרמים,125.00,100 גרם,false,,3.90,0.0312,true,1,63609
7290116931159,false,יופלה דיאט 0% שומן תות בננה 150 גרם,תנובה מרכז שיתופי לש,IL,יופלה דיאט 0% תות בנ,גרמים,150.00,100 גרם,false,,4.70,0.0313,true,1,65073
7290116931463,false,מאגדת צפתית פיראוס 5% גביע 200X2 גרם,תנובה,IL,מארז גבינה צפתית 5%,גרמים,400.00,100 גרם,false,,19.90,0.0497,true,1,65074
7290116931517,false,מאגדת גבינה לבנה 5% 250 גרם*3 יח',תנובה,IL,מארז גבינה 5% תנובה,גרמים,750.00,100 גרם,false,,11.90,0.0159,true,1,65630
7290117260401,false,גבינת מוצרלה מגורדת 25% שומן 500 ג' יורו,לימבו,TR,גבינת מוצרלה מגורדת,גרמים,500.00,100 גרם,false,,19.90,0.0398,true,1,59475
7290117260562,false,חמאה כפרית מסורתית בגביע,וילי פוד,TR,חמאה כפרית בגביע ויל,גרמים,225.00,100 גרם,false,,14.90,0.0662,true,1,64622
7290117260920,false,קרקרים ללא גלוטן ויליפוד 125 גרם,ארמנדומודיאה אס.אר.א,IT,קרקר ל. גלוטן וילי פ,גרמים,125.00,100 גרם,false,,9.90,0.0792,true,1,62034
7290117260937,false,קרקרים עם עגבניות ואורגנו ללא גלוטן 125 ג' ויליפוד,ארמנדומודיאה אס.אר.א,IT,קרקר ל. גלוטן עם עגב,גרמים,125.00,100 גרם,false,,9.90,0.0792,true,1,62035
7290117261354,false,גבינת ריקוטה 200 גרם 5%שומן מחלבת אירופה,באלבן גידה סנאי,TR,גבינת ריקוטה 5% יורו,גרמים,200.00,100 גרם,false,,9.90,0.0495,true,1,64897
7290117261521,false,סלמון אטלנטי בשמן קנולה 120 גרם ויליפוד,קריות זול,LV,סלמון אטלנטי בשמן קנ,גרמים,120.00,100 גרם,false,,9.90,0.0825,true,1,63788
7290117261538,false,סלמון אטלנטי בשמן קנולה וצילי 120 גרם ויליפוד,קריות זול,LV,סלמון אטלנטי בשמן קנ,גרמים,120.00,100 גרם,false,,9.90,0.0825,true,1,63789
7290117261545,false,סלמון אטלנטי ברוטב טריאקי 120 גרם ויליפוד,קריות זול,LV,סלמון אטלנטי ברוטב ט,גרמים,120.00,100 גרם,false,,9.90,0.0825,true,1,63791
7290117261569,false,סלמון אטלנטי מעושן בשמן קנולה 120 גרם ויליפוד,קריות זול,LV,סלמון אטלנטי מעושן ב,גרמים,120.00,100 גרם,false,,9.90,0.0825,true,1,63790
7290117262221,false,"משקה יוגורט פרוביוטי עם אננס 200מ""ל 2.3%שומן יורו",Euro יורו מחלבות אירופה,TR,משקה יוגורט אננס יור,מיליליטרים,200.00,"100 מ""ל",false,,4.90,0.0245,true,1,63473
7290117262245,false,"משקה יוגורט פרוביוטי עם אפרסק ומשמש 200מ""ל 2.3%שומן יורו",Euro יורו מחלבות אירופה,TR,משקה יוגורט אפרסק ומ,מיליליטרים,200.00,"100 מ""ל",false,,4.90,0.0245,true,1,63472
7290117262290,false,פרלינים אגוזים במילוי פצפוצי דגנים פריכים מצופים שוקולד חלב 50 גרם,מודרן צוקולטה,TR,פרלינים אגוזים פצפוצ,גרמים,50.00,100 גרם,false,,4.50,0.0900,true,1,64634
7290117262306,false,"קורנפלקס מצופה שוקולד חלב ד, 50 גרם",מודרן צוקולטה,TR,קורנפלקס מצופה שוקול,גרמים,50.00,100 גרם,false,,4.50,0.0900,true,1,64635
7290117262313,false,פצפוצי דגנים פריכים מצופים שוקולד חלב 50 גרם,מודרן צוקולטה,TR,פצפוצי דגנים בשוקולד,גרמים,50.00,100 גרם,false,,4.50,0.0900,true,1,64636
7290117262320,false,"ביסקוויט מצופה שוקולד חלב, 40 גרם",מודרן צוקולטה,TR,ביסקוויט מצופה שוקול,גרמים,40.00,100 גרם,false,,4.50,0.1125,true,1,64637
7290117263006,false,צהובה מגורדת ויליפוד,וילי פוד,IL,צהובה מגורדת ויליפוד,פריט,1.20,"ק""ג",false,,39.90,33.2500,true,1,64007
7290117383155,false,משחת קולגייט טוטאל י,קולגייט פלמוליב,PL,משחת קולגייט טוטאל י,מיליליטרים,150.00,"100 מ""ל",false,,29.90,0.1993,true,1,63695
7290117383711,false,"מארז זוג תחליב רחצה חלב ודבש *750 מ""ל פלמוליב",קולגייט פלמוליב,TR,תחליב פלמוליב חלב וד,קילוגרמים,1.50,ליטר,false,,29.90,19.9333,true,1,64470
7290117383735,false,"מארז זוג תחליב רחצה חימר ורדים *750 מ""ל פלמוליב",קולגייט פלמוליב,TR,ג'ל פלמוליב חימר ורד,קילוגרמים,1.50,ליטר,false,,29.90,19.9333,true,1,64472
7290117383742,false,"מארז זוג ג'ל רחצה לגבר 750 מ""ל פלמוליב",קולגייט פלמוליב,TR,ג'ל פלמוליב לגבר 2*7,קילוגרמים,1.50,ליטר,false,,29.90,19.9333,true,1,64473
7290117383780,false,מארז זוג סבון גוף ארומה מסאז' גרגירי פילינג,קולגייט פלמוליב,TR,ג'ל פלמוליב ארומה מס,קילוגרמים,1.50,ליטר,false,,29.90,19.9333,true,1,64474
7290117901328,false,מיקס חלבה ושומשום500גרם,ח. אל עקר,IL,מיקס חלבה וממתקי שומ,גרמים,500.00,100 גרם,false,,29.90,0.0598,true,1,63543
7290117902714,false,פאקן בציפוי שברי בייגלה 130 גרם,,IL,פקאן בציפוי שברי ביי,גרמים,130.00,100 גרם,false,,16.90,0.1300,true,1,64686
7290117922149,false,מצית יוקרתי מתכוונן,,,מצית יוקרתי מתכוונן,Unknown,0.00,יחידה,false,,14.90,0.0000,true,1,65503
7290118420514,false,אינסטנט פודינג בטעם נוגט אסם 75 גרם,"אסם תעשיות בע""מ",IL,פודינג אינסטנט בטעם,גרמים,75.00,100 גרם,false,,4.90,0.0653,true,1,64961
7290119030040,false,פחזניות במילוי קרם ב,קפולסקי אדל בעמ,IL,פחזניות במילוי קרם ב,גרמים,280.00,100 גרם,false,,18.90,0.0675,true,1,65650
7290900010282,false,אורז בסמטי אינדירה 1,Emsons Exim PVT LTD,IN,אורז בסמטי אינדירה 1,פריט,1.40,"ק""ג",false,,11.90,8.5000,true,1,26126
7290900010367,false,טורטייה שמינייה משקל נקי 360 ג' Avel,Turka Invest,PL,טורטיות דורומי 36*45,פריט,1.62,"ק""ג",false,,19.90,12.2840,true,1,22566
7290900010435,false,תערובת לכדורי שוקולד,א.ל. ייצור ושיווק תב,IL,תערובת לכדורי שוקולד,גרמים,400.00,100 גרם,false,,11.90,0.0298,true,1,22726
7290900010442,false,תערובת לעוגת בראוניז,א.ל. ייצור ושיווק תב,IL,תערובת לעוגת בראוניז,גרמים,500.00,100 גרם,false,,11.90,0.0238,true,1,22727
7290900010459,false,תערובת לעוגת וניל בו,א.ל. ייצור ושיווק תב,IL,תערובת לעוגת וניל בו,גרמים,500.00,100 גרם,false,,11.90,0.0238,true,1,22728
7290900010466,false,תערובת לעוגת שוקולד,א.ל. ייצור ושיווק תב,IL,תערובת לעוגת שוקולד,גרמים,500.00,100 גרם,false,,11.90,0.0238,true,1,22729
7290900010480,false,תערובת לפנקייק בון ב,א.ל. ייצור ושיווק תב,IL,תערובת לפנקייק בון ב,גרמים,400.00,100 גרם,false,,11.90,0.0298,true,1,22731
7290900011210,false,פתיתים אורז דורומי 5,Bessan Makarna,TR,פתיתים אורז דורומי 5,גרמים,500.00,100 גרם,false,,4.90,0.0098,true,1,24982
7290900011838,false,זית שחור אוליבסי 1.,Yatagan Zeytincilik,TR,זית שחור אוליבסי 1.,פריט,1.74,"ק""ג",false,,29.90,17.1839,true,1,26320
7290900012552,false,קרוטונים לסלט דורומי,חטיפים מן הטבע,IL,קרוטונים לסלט דורומי,גרמים,500.00,100 גרם,false,,12.90,0.0258,true,1,26948
7293556389962,false,שום לבן מובחר יחידה,אראל תוצרת חקלאית בע,IL,שום 250 גרם,גרמים,250.00,100 גרם,false,,9.90,0.0396,true,1,55258
7296146007796,false,זוג כוסיות המשושים ע,,,זוג כוסיות המשושים ע,Unknown,0.00,יחידה,false,,4.90,0.0000,true,1,3639
7296146007819,false,פתילייט -מילוי לצינו,,IL,פתילייט -מילוי לצינו,Unknown,0.00,יחידה,false,,1.90,0.0000,true,1,2516
7296146077775,false,פתילונים משושים,,IL,פתילונים משושים,Unknown,0.00,יחידה,false,,2.90,0.0000,true,1,2517
7296146077799,false,פתילונר 25קיסמי,,,פתילונר,Unknown,0.00,יחידה,false,,1.90,0.0000,true,1,2518
7296146077867,false,צינולייט -צינוריות+,,,צינולייט -צינוריות+,Unknown,0.00,יחידה,false,,5.90,0.0000,true,1,3636
7297579011329,false,מגבת גוף מדאם,,,מגבת גוף מדאם,Unknown,0.00,יחידה,false,,9.90,0.0000,true,1,65101
7350041950141,false,ליקר שרי הרינג 1 ליט,פיטר הרינג,DK,ליקר שרי הרינג 1 ליט,קילוגרמים,1.00,ליטר,false,,99.90,99.9000,true,1,49270
7501013122039,false,ג'ומקס מיץ מנגו קרטונית ליטר תריסר,חומקס קומר קומרסאליזדורה,MX,נקטר ג'ומקס בטעם מנג,קילוגרמים,1.00,ליטר,false,,9.90,9.9000,true,1,60057
7501013122053,false,ג'ומקס מיץ אפרסק קרטונית ליטר תריסר,חומקס קומר קומרסאליזדורה,MX,נקטר ג'ומקס בטעם אפר,קילוגרמים,1.00,ליטר,false,,9.90,9.9000,true,1,60058
7501013122114,false,"נקטר משקה אננס בקרטונית ג'ומקס, 1 ל'",חומקס קומר קומרסאליזדורה,MX,נקטר ג'ומקס בטעם אננ,קילוגרמים,1.00,ליטר,false,,9.90,9.9000,true,1,60061
7501013122190,false,ג'ומקס מיץ תפוחים קרטונית ליטר תריסר,חומקס קומר קומרסאליזדורה,MX,נקטר ג'ומקס בטעם תפו,קילוגרמים,1.00,ליטר,false,,9.90,9.9000,true,1,60065
7501013122992,false,ג'ומקס מיץ קוקוס אננס קרטונית ליטר תריסר,חומקס קומר קומרסאליזדורה,MX,נקטר ג'ומקס בטעם קוק,קילוגרמים,1.00,ליטר,false,,9.90,9.9000,true,1,60059
7501064191398,false,שישיית בירה קורונה אקסטרא *355 מל,קריניציה ויטמינה אס,MX,מארז בירה קורונה 4.5,קילוגרמים,2.13,ליטר,false,,39.90,18.7324,true,1,45689
7509546057545,false,ליידי ספיד סטיק פרו 5 סטיק 45 גרם,קולגייט פלמוליב,US,דאו ליידי ספיד סטיק,גרמים,45.00,100 גרם,false,,18.90,0.4200,true,1,59428
7509546061672,false,דאודורנט סטיק אקסטרים אינטנס,קולגייט פלמוליב,US,דאו ספיד סטיק אקסטרי,גרמים,50.00,100 גרם,false,,18.90,0.3780,true,1,63853
7509546063515,false,ליידי ספיד סטיק -סטיק פרו 5 ספריי 150 מל,קולגייט פלמוליב,MX,דאו ספריי ליידי ספיד,מיליליטרים,150.00,"100 מ""ל",false,,13.90,0.0927,true,1,63854
7509546666846,false,"קולגייט טוטאל משחת שיניים פחם 75 מ""ל",קולגייט פלמוליב,MX,משחת קולגייט טוטל פח,מיליליטרים,75.00,"100 מ""ל",false,,19.90,0.2653,true,1,57088
7610100034084,false,מיונז טומי בשפורפרת 265 גרם,נסטלה שוויץ ס.א,CH,מיונז בשפורפרת טומי,גרמים,265.00,100 גרם,false,,9.90,0.0374,true,1,26329
7610113011652,false,בריזר - משקה כוהלי מוגז בטעם תפוח,בקרדי בריזר Bacardi Breezer,BE,בקרדי בריזר תפוח 275,מיליליטרים,275.00,"100 מ""ל",false,,12.90,0.0469,true,1,52893
7610700012642,false,סוכריות ריקולה בשקית בטעם לימון,ריקולה,CH,סוכריות צמחים ריקולה,גרמים,75.00,100 גרם,false,,9.90,0.1320,true,1,57208
7613030979647,false,דגני בוקר טריקס פירות עולם היורה 480 ג',ג'נרל מילס סאן אדריא,CL,דגני בוקר טריקס 480,גרמים,480.00,100 גרם,false,,19.90,0.0415,true,1,35344
7613035548374,false,דגני בוקר גולדן מיניס מחיטה מלאה ותירס,נסטלה פולין דגני בוק,FR,דגני בוקר גולדן מיני,גרמים,570.00,100 גרם,false,,19.90,0.0349,true,1,49188
7613036880534,false,גרבר מחית ירקות מעורבים מטרנה 190 גר',נסטלה פולסקה אס.איי,PL,מחית מרק ירקות מעורב,גרמים,190.00,100 גרם,false,,5.50,0.0289,true,1,48907
7613037204797,false,סטארבקס - פולי קפה בלונד אספרסו 450 גרם,נסטלה נספרסו,PT,פולי קפה סטארבקס בלו,גרמים,450.00,100 גרם,false,,39.90,0.0887,true,1,57036
7613037204889,false,סטארבקס - פולי קפה אספרסו 450 גרם,נסטלה נספרסו,PT,פולי קפה סטארבקס אספ,גרמים,450.00,100 גרם,false,,39.90,0.0887,true,1,57037
7613037686906,false,פיטנס שקדים ודבש 355 גרם מופחת סוכר,נסטלה צרפת איטנקורט,FR,דגני בוקר פיטנס שקדי,גרמים,355.00,100 גרם,false,,19.90,0.0561,true,1,48849
7613038268262,false,דגני בוקר צ'יריוס דבש ושקדים במתיקות מעודנת,נסטלה פולין דגני בוק,FR,דגני בוקר האני נאט צ,גרמים,410.00,100 גרם,false,,19.90,0.0485,true,1,49184
7613038451954,false,דגני בוקר שוקולד מופחת סוכר 410 ג' קראנץ',נסטלה צרפת איטנקורט,FR,דגני בוקר קראנצ שוקו,גרמים,410.00,100 גרם,false,,19.90,0.0485,true,1,49185
7613039879382,false,גרבר - מחית תפוחי עץ 190 גרם,נסטלה פולסקה אס.איי,PL,"מחית תפו""ע גרבר 190",גרמים,190.00,100 גרם,false,,5.50,0.0289,true,1,55860
7613039880807,false,גרבר מחית תפוח וגזר 190 גרם,נסטלה פולסקה אס.איי,PL,מחית גזר תפוח גרבר 1,גרמים,190.00,100 גרם,false,,5.50,0.0289,true,1,55856
7613039881521,false,גרבר מחית מרק מנגו 190 גרם,נסטלה פולסקה אס.איי,PL,מחית מנגו גרבר 190 ג,גרמים,190.00,100 גרם,false,,5.50,0.0289,true,1,55857
7613287008497,false,סטארבקס - פולי קפה פייק פלייס 450 גרם,נסטלה נספרסו,PT,פולי קפה סטארבקס פיי,גרמים,450.00,100 גרם,false,,39.90,0.0887,true,1,57038
7613287302373,false,סטארבקס קפסולות איטליאן סטייל רוסט 56 גרם,נסטלה שוויץ - קפה,PT,קפסולות סטארבקס איטל,גרמים,56.00,100 גרם,false,,21.50,0.3839,true,1,55906
7613287325808,false,אוסם - דיפ אנד ספרד מטבל איולי שום 295 גרם,נסטלה פולין,PL,רוטב איולי שום לחיץ,גרמים,295.00,100 גרם,false,,14.90,0.0505,true,1,65318
7613287325822,false,אוסם - דיפ אנד ספרד מטבל מיקס 295 גרם,נסטלה,PL,רוטב מיקס בטעם קטשופ,גרמים,295.00,100 גרם,false,,14.90,0.0505,true,1,65319
7613287325853,false,אוסם - דיפ אנד ספרד מטבל איולי ספייסי 295 גרם,נסטלה פולין,PL,רוטב ספייסי איולי לח,גרמים,295.00,100 גרם,false,,14.90,0.0505,true,1,65320
7613287394323,false,דגני בוקר מולטי צ'יריוס 600 גרם,נסטלה פולין דגני בוק,GB,דגני בוקר מולטי צירי,גרמים,600.00,100 גרם,false,,19.90,0.0332,true,1,57871
7613287476678,false,דגני בוקר סינימיניס צ'ורוס נסטלה 360 ג',נסטלה אוונקה,PT,דגני בוקר סינימיניס,גרמים,360.00,100 גרם,false,,19.90,0.0553,true,1,60447
7613287855640,false,סטארבקס קפסולות קפה גוואטמלה 10 יחידות,נסטלה שוויץ - קפה,CH,קפסולות סטארבקס גווא,גרמים,52.00,100 גרם,false,,21.50,0.4135,true,1,64081
7622201139278,false,גבינת שמנת 27% שומן 150 ג' פילדלפיה,מיודלז אספניה פרודוק,ES,גבינת שמנת 27% פילדל,גרמים,150.00,100 גרם,false,,13.90,0.0927,true,1,50046
7622201521493,false,גבינת פילדלפיה שום ועשבי תיבול 150 גרם,מיודלז אספניה פרודוק,ES,גבינת שמנת 12% פילדל,גרמים,150.00,100 גרם,false,,7.90,0.0527,true,1,62999
7622201798154,false,גבינת שמנת לייט מופחתת שומן 13% שומן,מיודלז אספניה פרודוק,ES,גבינת שמנת לייט 13%,גרמים,150.00,100 גרם,false,,13.90,0.0927,true,1,60031
7622201808631,false,אוראו מיני עוגיות ממולאות קרם וניל 67גרם,פי.טי. מונדלז אינדונ,ID,עוגיות מיני אוראו ונ,גרמים,67.00,100 גרם,false,,6.90,0.1030,true,1,57966
7622300761363,false,אוראו מיני עוגיות ממולאות קרם שוקו 67 גר,פי.טי. מונדלז אינדונ,ID,עוגיות מיני אוראו שו,גרמים,67.00,100 גרם,false,,6.90,0.1030,true,1,48432
7630477891592,false,סטארבקס קפסולות קפה האוס בלנד 10 יחידות,נסטלה שוויץ - קפה,CH,קפסולות סטארבקס האוס,גרמים,57.00,100 גרם,false,,21.50,0.3772,true,1,53006
7630477891615,false,סטארבקס קפסולות קפה סומטרה 10 יחידות,נסטלה שוויץ - קפה,CH,קפסולות סטארבקס סומט,גרמים,55.00,100 גרם,false,,21.50,0.3909,true,1,53007
7630477891653,false,סטארבקס קפסולות קפה אספרסו נטול 10 יחידו,נסטלה שוויץ - קפה,CH,קפסולות סטארבקס נטול,גרמים,57.00,100 גרם,false,,21.50,0.3772,true,1,53009
7630477891677,false,סטארבקס קפסולות קפה פייק פלייס 10 יחידות,נסטלה שוויץ - קפה,CH,קפסולות סטארבקס פייק,גרמים,53.00,100 גרם,false,,21.50,0.4057,true,1,53010
7630477891691,false,סטארבקס קפסולות קפה קולמביה 10 יחידות,נסטלה שוויץ - קפה,CH,קפסולות סטארבקס קולו,גרמים,57.00,100 גרם,false,,21.50,0.3772,true,1,53011
7630477891714,false,סטארבקס קפסולות קפה אספרסו 10 יחידות,נסטלה שוויץ - קפה,CH,קפסולות סטארבקס רוסט,גרמים,57.00,100 גרם,false,,21.50,0.3772,true,1,53012
7630477891738,false,סטארבקס קפסולות קפה אספרסו בלונד 10 יחיד,נסטלה שוויץ - קפה,CH,קפסולות סטארבקס בלונ,גרמים,53.00,100 גרם,false,,21.50,0.4057,true,1,53013
7638900431797,false,מארז 12 סוללות אנרג',אנרגייזר,CN,מארז 12 סוללות אנרג',Unknown,0.00,יחידה,false,,19.90,0.0000,true,1,63594
7638900431803,false,סוללות אנרג'ייזר 12יחAAA,אנרגייזר,CN,מארז 12 סוללות אנרג',Unknown,0.00,יחידה,false,,19.90,0.0000,true,1,63595
7640171030524,false,ויסקי אברפלדי זהב 12,,,ויסקי אברפלדי זהב 12,מיליליטרים,700.00,"100 מ""ל",false,,249.90,0.3570,true,1,62047
7702018271788,false,"דאודורנט קליר ג'ילט בניחוח ספורט 70 מ""ל",פרוקטר אנד גמבל,PL,דאו גל גילט ספורט 70,גרמים,70.00,100 גרם,false,,17.50,0.2500,true,1,22039
7702018321582,false,דאודורנט סטיק לגבר Pro G Cool Wave,פרוקטר אנד גמבל,US,דאו סטיק גילט קול וו,גרמים,45.00,100 גרם,false,,17.90,0.3978,true,1,11078
7702018457762,false,"ג'ל גילוח ג'ילט סירייס תחושה קרירה, 200 מ""ל",פרוקטר & גמבל,GB,גל גילוח גילט סירייס,מיליליטרים,200.00,"100 מ""ל",false,,11.90,0.0595,true,1,55996
7702018978106,false,"ג'ילט - דאודורנט ג'ל לגבר ארטיק אייס 70 מ""ל",פרוקטר אנד גמבל,PL,דאו גל גילט ארקטיק א,גרמים,150.00,100 גרם,false,,17.50,0.1167,true,1,5379
7702018978120,false,"ג'ילט - דאודורנט ג'ל לגבר קול וייב 70 מ""ל",פרוקטר אנד גמבל,PL,דאו גל גילט קליר ווי,גרמים,150.00,100 גרם,false,,17.50,0.1167,true,1,5380
7702018980833,false,"ג'ילט ג'ל גילוח סירייס מועשר בלחות - 200 מ""ל",פרוקטר אנד גמבל,GB,גל גילוח גילט סירייס,מיליליטרים,200.00,"100 מ""ל",false,,12.90,0.0645,true,1,24875
7702018980864,false,קצף גילוח סירייס רגיש גילט 250 מל,פרוקטר & גמבל,PL,קצף גילוח גילט סיריי,מיליליטרים,200.00,"100 מ""ל",false,,14.90,0.0745,true,1,24873
7790580108489,false,ממרח בוטנים בון בון 290 גרם,ארקור,AR,ממרח בון בון 290 גרם,גרמים,290.00,100 גרם,false,,9.90,0.0341,true,1,65285
7798382150019,false,אוכמניות טריות 125גרם,אראל תוצרת חקלאית בע,AR,אוכמניות יח,Unknown,0.00,יחידה,false,,14.90,0.0000,true,1,64927
7891024027998,false,קולגייט מי פה טוטאל הגנה מפני אבן 500 מל,קולגייט- פלמוליב,BR,מי פה קולגייט אנטי ט,מיליליטרים,500.00,"100 מ""ל",false,,24.90,0.0498,true,1,64330
7898679700221,false,אסאי מחית קפואה 400 גרם,אסאי אמזונס,PL,מחית אסאי קפוא 4*100,גרמים,400.00,100 גרם,false,,19.90,0.0497,true,1,57232
8000008022310,false,מארז 18 סביבוני יהלו,,,מארז 18 סביבוני יהלו,Unknown,0.00,יחידה,false,,11.90,0.0000,true,1,65508
8000380192243,false,וופלים לואקר מקסי בטעם אגוז 200 גר',לואקר Loacker,AT,ופל אגוז לואקר 200 ג,גרמים,200.00,100 גרם,false,,9.90,0.0495,true,1,43278
8000380192250,false,וופלים לואקר מקסי בטעם שוקולד 200 גר',לואקר Loacker,AT,ופל שוקולד לואקר 200,גרמים,200.00,100 גרם,false,,9.90,0.0495,true,1,43277
8000380198221,false,"וופל לואקר מקסי דאבל שוקולד 200 גרם בד""צ",לואקר Loacker,AT,ופל דאבל שוקולד לואק,גרמים,200.00,100 גרם,false,,9.90,0.0495,true,1,51016
8000500172810,false,סוכריות בטעם תות שדה מנטה- מארז רביעייה,פררו - אלבה,EC,סוכריות טיק טק תות 4,גרמים,64.00,100 גרם,false,,9.90,0.1547,true,1,18610
8000500353738,false,רביעיה סוכריות בטעם מנטה חזק 4 * 16 ג' טחק טק,פררו,ZA,סוכריות טיק טק מנטה,גרמים,64.00,100 גרם,false,,9.90,0.1547,true,1,54394
8001003100218,false,סוכריות יוגטה ג'לי פירות 800 גר',תות ממתקי איכות,IT,סוכריות גלי יוגוטה 8,גרמים,800.00,100 גרם,false,,15.90,0.0199,true,1,108
8001090156839,false,פמפרס בייבי דריי מידה 4 86 יח,פרוקטר & גמבל,TR,חיתולי פמפרס בייבי ד,Unknown,0.00,יחידה,false,,64.90,0.0000,true,1,61315
8001090268679,false,פמפרס בייבי דריי מידה 3 100 יח,פרוקטר & גמבל,TR,חיתולי פמפרס בייבי ד,Unknown,0.00,יחידה,false,,64.90,0.0000,true,1,61316
8001090336354,false,פמפרס בייבי דריי חיתולים מידה 2 46 יח,פרוקטר אנד גמבל,DE,חיתולי פמפרס בייבי ד,Unknown,0.00,יחידה,false,,29.90,0.0000,true,1,52705
8001090368553,false,פמפרס בייבי דריי מידה 6 68 יח,פרוקטר & גמבל,TR,חיתולי פמפרס בייבי ד,Unknown,0.00,יחידה,false,,64.90,0.0000,true,1,61319
8001090379368,false,פמפרס פרימיום קר חיתולים שלב 4 34 יח VP,פרוקטר אנד גמבל,PL,חיתולים פרימיום קר 8,Unknown,0.00,יחידה,false,,29.90,0.0000,true,1,31125
8001090379399,false,פמפרס פרימיום קר חיתולים שלב 5 30 יח VP,פרוקטר אנד גמבל,PL,חיתולים פרימיום קר 1,Unknown,0.00,יחידה,false,,29.90,0.0000,true,1,31126
8001090458322,false,פיירי ורדים משי 1.015 מלי,פרוקטר אנד גמבל,GB,נוזל כלים פיירי ורדי,קילוגרמים,1.01,ליטר,false,,14.90,14.7525,true,1,53554
8001090493637,false,"הד אנד שולדרס שמפו אולטרא טוטאל קר 450 מ""ל",פרוקטר אנד גמבל,RO,שמפו הד&שולדרס אולטר,מיליליטרים,450.00,"100 מ""ל",false,,17.90,0.0398,true,1,30075
8001090802385,false,קפסולות גל לכביסה טייד בניחוח לנור 26 יח,פרוקטר אנד גמבל,FR,קפסולות ג'ל טייד 26,גרמים,644.00,100 גרם,false,,23.90,0.0371,true,1,46296
8001090832450,false,"שמפו פנטן הנוסחה הקלאסית 660 מ""ל",פרוקטר אנד גמבל,RO,שמפו פנטן קלאסי 660,מיליליטרים,660.00,"100 מ""ל",false,,18.90,0.0286,true,1,51146
8001090832535,false,"שמפו פנטן שמן מרוקאי משקם 660 מ""ל",פרוקטר אנד גמבל,RO,שמפו פנטן שמן מרוקאי,מיליליטרים,660.00,"100 מ""ל",false,,18.90,0.0286,true,1,51147
8001090832573,false,"שמפו פנטן לחות מוגברת 660 מ""ל",פרוקטר אנד גמבל,RO,שמפו פנטן לחות מוגבר,מיליליטרים,660.00,"100 מ""ל",false,,18.90,0.0286,true,1,51239
8001090832818,false,מרכך פנטן הנוסחה הקלאסית לשיער רגיל ומעורב,פרוקטר אנד גמבל,RO,מרכך פנטן קלאסי 660,מיליליטרים,660.00,"100 מ""ל",false,,18.90,0.0286,true,1,51148
8001090832856,false,"פנטן 660 מ""ל קונדישינר מרוקאי משקם",פרוקטר אנד גמבל,RO,מרכך פנטן שמן מרוקאי,מיליליטרים,660.00,"100 מ""ל",false,,18.90,0.0286,true,1,51149
8001090832894,false,מרכך לשיער חלש ופגום לחות מוגברת,פרוקטר אנד גמבל,RO,מרכך פנטן לחות מוגבר,מיליליטרים,660.00,"100 מ""ל",false,,18.90,0.0286,true,1,51150
8001090992338,false,פיירי טבליות למדיח פלטינום פלוס 50 יחידו,פרוקטר אנד גמבל,BE,טבליות פיירי למדיח פ,גרמים,922.00,100 גרם,false,,44.90,0.0487,true,1,48900
8001841006710,false,לנור כדוריות הריח בניחוח רענן 210 גרם,פרוקטר אנד גמבל,US,כדוריות לנור לכביסה,גרמים,210.00,100 גרם,false,,24.90,0.1186,true,1,55643
8001841053684,false,תחבושות אולוויז עבה לונג פלוס 12 יחידות,פרוקטר אנד גמבל )ראה קוד,HU,תחבושות אולוויז עבה,Unknown,0.00,יחידה,false,,9.90,0.0000,true,1,45033
8001841053806,false,תחבושות היגייניות אולוויז מקסי עבה לילה,פרוקטר אנד גמבל,HU,תחבושות אולוויז עבה,Unknown,0.00,יחידה,false,,9.90,0.0000,true,1,45032
8001841062624,false,פמפרס מגבונים לחים ללא בישום רביעייה,פרוקטר אנד גמבל.,DE,מגבונים פמפרס ללא בי,Unknown,0.00,יחידה,false,,15.90,0.0000,true,1,57611
8001841077949,false,מארז מגבוני פמפרס בניחוח מרענן - רביעייה,פרוקטר אנד גמבל,DE,מגבונים פמפרס בניחוח,Unknown,0.00,יחידה,false,,15.90,0.0000,true,1,57610
8001841104751,false,פמפרס פרימיום קר חיתולים שלב 1 52 יח VP,פרוקטר אנד גמבל,PL,חיתולים פרימיום קר 2,Unknown,0.00,יחידה,false,,29.90,0.0000,true,1,59071
8001841216584,false,תחבושות אולוויז אולטרה לילה בטוח,פרוקטר אנד גמבל,UA,תחבושות אלוויז קוואט,Unknown,0.00,יחידה,false,,29.90,0.0000,true,1,48861
8001841427126,false,מגן תחתון אולוויז מגה פק פרו פרש נורמל 64 יחי,פרוקטר אנד גמבל,DE,מגן תחתון אולוויז מג,Unknown,0.00,יחידה,false,,16.90,0.0000,true,1,60038
8001841566771,false,לנור כדוריות בושם בניחוח יסמין 210 גרם,פרוקטר אנד גמבל,US,כדוריות לנור לכביסה,גרמים,210.00,100 גרם,false,,24.90,0.1186,true,1,55644
8001841619026,false,מרכך פנטן לחות מוגבר,פרוקטר & גמבל,RO,מרכך פנטן לחות מוגבר,קילוגרמים,1.00,ליטר,false,,21.90,21.9000,true,1,57319
8001841625287,false,סבון כלים פלטינום לימון X3 פעולות להסרת שומנים,פרוקטר אנד גמבל,GB,נוזל כלים פיירי פלטי,קילוגרמים,1.01,ליטר,false,,14.90,14.7525,true,1,58724
8001841625508,false,"נוזל כלים פיירי פלטינום אורגינל 1.015 ליטר בד""צ",פרוקטר אנד גמבל,GB,נוזל כלים פיירי פלטי,קילוגרמים,1.01,ליטר,false,,14.90,14.7525,true,1,58725
8001841669465,false,קפסולות לכביסה אריאל בניחוח לנור 24 יחידות,פרוקטר אנד גמבל,FR,קפסולות גל אריאל בני,Unknown,0.00,יחידה,false,,29.90,0.0000,true,1,62484
8001841669519,false,קפסולות לכביסה ALL IN ONE אריאל 55 יחידות,פרוקטר אנד גמבל,FR,קפסולות גל אריאל 55,פריט,1.39,"ק""ג",false,,54.90,39.4964,true,1,51572
8001841680989,false,מגן תחתון אולוויז מגה פק פרו פרש לארג' 60 יחי,פרוקטר אנד גמבל,DE,מגן תחתון אולוויז מג,Unknown,0.00,יחידה,false,,16.90,0.0000,true,1,60039
8001841716435,false,"ג'ל רחצה ושמפו לעור רגיש האד אנד שולדרס 360 מ""ל","נארז ע""י : א.ג. גילר",FR,ג'ל רחצה ושמפו הד &,מיליליטרים,360.00,"100 מ""ל",false,,16.90,0.0469,true,1,57616
8001841716596,false,"ג'ל רחצה ושמפו מרענן האד אנד שולדרס 360 מ""ל","נארז ע""י : א.ג. גילר",FR,ג'ל רחצה ושמפו הד &,מיליליטרים,360.00,"100 מ""ל",false,,16.90,0.0469,true,1,57617
8001841780818,false,פיירי - לימון 1.50 ליטר,פרוקטר & גמבל,TR,נוזל כלים פיירי לימו,קילוגרמים,1.50,ליטר,false,,9.90,6.6000,true,1,63065
8001841943961,false,לנור כדוריות בושם בניחוח אוקיינוס 210 גר,פרוקטר אנד גמבל,US,כדוריות לנור לכביסה,גרמים,210.00,100 גרם,false,,24.90,0.1186,true,1,58531
8001841948119,false,"פיירי ארומטיקס תפוח 1050 מ""ל",פרוקטר & גמבל,IL,נוזל כלים פיירי תפוח,קילוגרמים,1.05,ליטר,false,,10.90,10.3810,true,1,56629
8001841982489,false,אבקת כביסה אריאל אוק,פרוקטר אנד גמבל,TR,אבקת אריאל אוקסי 6.8,פריט,6.80,"ק""ג",false,,54.90,8.0735,true,1,56865
8002110383709,false,נוטרוגינה ס.נורבגית ק.ידיים לא מבושם 50מל,ניוטרוג'ינה Neutrogena,FR,קרם ידיים מרוכז ניוט,מיליליטרים,50.00,"100 מ""ל",false,,24.90,0.4980,true,1,64609
8003440997833,false,מסטיק פיור פרש 100 יח בשקית בטעם פירות מנטה,פרפטי ואן מלה ברדה,TR,מסטיק מנטוס פיור פרש,גרמים,200.00,100 גרם,false,,19.90,0.0995,true,1,57818
8003440997857,false,מסטיק פיורפרש מנטה אריזת חיסכון 200 גר,פרפטי ואן מלה ברדה,TR,מסטיק מנטוס פיור פרש,גרמים,200.00,100 גרם,false,,19.90,0.0995,true,1,57819
8003440997871,false,מסטיק פיורפרש תות אריזת חיסכון 200 ג,פרפטי ואן מלה ברדה,TR,מסטיק מנטוס פיור פרש,גרמים,200.00,100 גרם,false,,19.90,0.0995,true,1,57820
8003750001725,false,ליקר ביצרין שוקולד ג,וינסנזי,IT,ליקר ביצ'רין שוקולד,מיליליטרים,700.00,"100 מ""ל",false,,49.90,0.0713,true,1,36535
8003750001756,false,ליקר ביצ'רין קפה 700,וינסנזי,IT,ליקר ביצ'רין קפה 700,מיליליטרים,700.00,"100 מ""ל",false,,49.90,0.0713,true,1,49630
8005200256587,false,נסטי - תה קר בטעם אפרסק 1.5 ליטר,מפעל סאנפלגרינו S.P.A,IT,נסטי בטעם אפרסק 1.5,קילוגרמים,1.50,ליטר,false,,7.90,5.2667,true,1,59588
8005200286584,false,תה קר בטעם מנגו אננס נסטי 1.5 ליטר,מפעל סאנפלגרינו S.P.A,IT,נסטי בטעם מנגו אננס,קילוגרמים,1.50,ליטר,false,,7.90,5.2667,true,1,59589
8005200316588,false,תה קר דיאט בטעם אפרסק נסטי 1.5 ליטר,מפעל סאנפלגרינו s.p.a,IT,נסטי דיאט אפרסק 1.5,קילוגרמים,1.50,ליטר,false,,7.90,5.2667,true,1,59590
8006540091937,false,לנור כדוריות הבושם בניחוח אריאל 210 גרם,פטר קרמר עבור פרוקטור אנ,US,כדוריות לנור לכביסה,גרמים,210.00,100 גרם,false,,24.90,0.1186,true,1,58723
8006540112793,false,"מרכך כביסה מרוכז בניחוח יסמין לנור 900 מ""ל",פרוקטר אנד גמבל,US,מרכך מרוכז לנור יסמי,מיליליטרים,900.00,"100 מ""ל",false,,14.90,0.0166,true,1,57967
8006540112823,false,"לנור מרכך כביסה מרוכז בניחוח האוקיינוס 900 מ""ל",פרוקטר אנד גמבל,FR,מרכך מרוכז לנור אוקי,מיליליטרים,900.00,"100 מ""ל",false,,14.90,0.0166,true,1,57093
8006540112854,false,"מרכך כביסה מרוכז בניחוח סחלב לנור 900 מ""ל",פרוקטר אנד גמבל,US,מרכך מרוכז לנור סחלב,מיליליטרים,900.00,"100 מ""ל",false,,14.90,0.0166,true,1,56818
8006540252468,false,אולוויז פלטינום נורמל 48 יח,פרוקטר & גמבל,HU,תחבושות אלוויז פלטינ,Unknown,0.00,יחידה,false,,29.90,0.0000,true,1,62489
8006540252499,false,אולוויז פלטינום לונג 40 יח,פרוקטר & גמבל,HU,תחבושות אלוויז פלטינ,Unknown,0.00,יחידה,false,,29.90,0.0000,true,1,62490
8006540252529,false,אולוויז פלטינום לילה 32 יח,פרוקטר & גמבל,HU,תחבושות אלוויז פלטינ,Unknown,0.00,יחידה,false,,29.90,0.0000,true,1,62491
8006540352960,false,טמפונים טמפקס פרל רגולר 20 יחידות,פרוקטר אנד גמבל,HU,טמפונים טמפקס פרל רג,Unknown,0.00,יחידה,false,,19.90,0.0000,true,1,59598
8006540353004,false,טמפקס פרל סופר 18 יחידות חדש,פרוקטר אנד גמבל,HU,טמפונים טמפקס פרל סו,Unknown,0.00,יחידה,false,,19.90,0.0000,true,1,59599
8006540358498,false,טמפקס פרל סופר-פלוס 18 יחידות חדש,פרוקטר אנד גמבל,HU,טמפונים טמפקס פרל סו,Unknown,0.00,יחידה,false,,19.90,0.0000,true,1,59600
8006540383087,false,טבליות למדיח פיירי פלטינום פלוס דיפ קלין 42 יחידות,פרוקטר אנד גמבל,BE,טבליות פיירי פלטינום,גרמים,922.00,100 גרם,false,,44.90,0.0487,true,1,62481
8006540404850,false,דיסקריט תחבושות לבריחת שתן לונג 10 יח,פרוקטר & גמבל,DE,תחבושות אלוויז דיסקר,Unknown,0.00,יחידה,false,,13.90,0.0000,true,1,63344
8006540404898,false,אולוויז דיסקריט לבריחת שתן לונג פלוס 8יח,פרוקטר & גמבל,DE,תחבושות אלוויז דיסקר,Unknown,0.00,יחידה,false,,13.90,0.0000,true,1,63345
8006540404935,false,דיסקריט תחבושות לבריחת שתן נורמל 12 יח,פרוקטר & גמבל,DE,תחבושות אלוויז דיסקר,Unknown,0.00,יחידה,false,,13.90,0.0000,true,1,63346
8006540405031,false,דיסקריט תחבושות לבריחת שתן סמול פלוס 16,פרוקטר & גמבל,DE,תחבושות אלוויז דיסקר,Unknown,0.00,יחידה,false,,13.90,0.0000,true,1,63347
8006540425930,false,אריאל קפסולות לכביסה ג'ל 24 יח' לכתמים קשים,פרוקטר אנד גמבל,FR,קפסולות גל אריאל אקס,Unknown,0.00,יחידה,false,,29.90,0.0000,true,1,62482
8006540428368,false,חיתולי פמפרס בייבי דרי מידה 1 40 יחדות,פרוקטר אנד גמבל,TR,חיתולי פמפרס בייבי ד,Unknown,0.00,יחידה,false,,29.90,0.0000,true,1,62087
8006540463550,false,פיירי טבליות למדיח פלטינום 63 יחידות,פרוקטר אנד גמבל,BE,טבליות פיירי פלטינום,גרמים,939.00,100 גרם,false,,44.90,0.0478,true,1,63102
8006540465127,false,אבקת כביסה אריאל 7 ק,פרוקטר & גמבל,TR,"אבקת אריאל 7 ק""ג",פריט,7.00,"ק""ג",false,,47.90,6.8429,true,1,65346
8006540495186,false,לנור מרכך כביסה מרוכז רגיש בייבי 900 מל,פרוקטר אנד גמבל,FR,מרכך מרוכז לנור בייב,מיליליטרים,900.00,"100 מ""ל",false,,14.90,0.0166,true,1,62875
8006540495216,false,"לנור מרכך כביסה מרוכז בניחוח אמאטיסט 900 מ""ל",פרוקטר אנד גמבל,FR,מרכך מרוכז לנור זר פ,מיליליטרים,900.00,"100 מ""ל",false,,14.90,0.0166,true,1,62928
8006540495247,false,"לנור מרכך כביסה מרוכז בניחוח פרחי בר 900 מ""ל",פרוקטר אנד גמבל,FR,מרכך מרוכז לנור בניח,מיליליטרים,900.00,"100 מ""ל",false,,14.90,0.0166,true,1,63918
8007178120310,false,חומץ בלסמי ד'מודנה Giacobazzi,פטורייה ג'יאקובאזי ס,IT,חומץ בלסמי גקובזי 50,מיליליטרים,500.00,"100 מ""ל",false,,17.90,0.0358,true,1,6413
8007178223547,false,קרם מצומצם עם חומץ בלסמי ממודנה,פארייפאבה אגרואינדוס,IT,קרם מצומצם עם חומץ ב,מיליליטרים,250.00,"100 מ""ל",false,,21.90,0.0876,true,1,63043
8008343880039,false,ספגטי ללא גלוטן רומו,רומו,IT,ספגטי ללא גלוטן רומו,גרמים,400.00,100 גרם,false,,12.90,0.0323,true,1,56581
8008343880480,false,פסטה פוזילי ללא גלוט,רומו,IT,פסטה פוזילי ללא גלוט,גרמים,400.00,100 גרם,false,,12.90,0.0323,true,1,56582
8008343880664,false,פסטה פנה ללא גלוטן ר,רומו,IT,פסטה פנה ללא גלוטן ר,גרמים,400.00,100 גרם,false,,12.90,0.0323,true,1,56583
8008660210038,false,מעדן ריבה מנץ אנד גאססר תות שדה 300 גר,קריניציה ויטמינה אס,IT,מעדן פרי תות מנז אנד,גרמים,320.00,100 גרם,false,,14.90,0.0466,true,1,62125
8008660210045,false,מעדן פירות יער מנז אנד גאסר ויסוצקי 300 גרם,שוורצקוף& הנקל דיסלד,IT,מעדן פרי פירות יער מ,גרמים,320.00,100 גרם,false,,14.90,0.0466,true,1,62126
8018068031395,false,נסקוטש 6 יח,YIWU HANGYUE I&E,CN,נסקוטש 6 יח,Unknown,0.00,יחידה,false,,19.90,0.0000,true,1,49691
8034108740454,false,תפוח עץ סטורי בי & ב,אראל תוצרת חקלאית בע,IL,תפוח עץ סטורי בי & ב,פריט,1.00,"ק""ג",false,,9.90,9.9000,true,1,62367
8034108740461,false,תפוח עץ חרמון בי & ב,אראל תוצרת חקלאית בע,IL,תפוח עץ חרמון בי & ב,פריט,1.00,"ק""ג",false,,9.90,9.9000,true,1,62391
8034108740478,false,תפוח עץ מוזהב גולדן,אראל תוצרת חקלאית בע,IL,תפוח עץ מוזהב גולדן,פריט,1.00,"ק""ג",false,,9.90,9.9000,true,1,62360
8034108740485,false,תפוח עץ סמיט בי & בי,אראל תוצרת חקלאית בע,IL,תפוח עץ סמיט בי & בי,פריט,1.00,"ק""ג",false,,9.90,9.9000,true,1,62430
8034108740515,false,תפוח עץ גאלה בי & בי,אראל תוצרת חקלאית בע,IL,תפוח עץ גאלה בי & בי,פריט,1.00,"ק""ג",false,,9.90,9.9000,true,1,64279
8034108740539,false,תפוח עץ גולד רוז,אראל תוצרת חקלאית בע,IL,תפוח עץ גולד רוז,פריט,1.00,"ק""ג",false,,8.90,8.9000,true,1,64582
8076800195057,false,ברילה - צ.א ספגטי מס5 חדש 500 גרם,ברילה גי.אי.אר פרטלי ס.פ,IT,ספגטי ברילה מס 5 500,גרמים,500.00,100 גרם,false,,6.90,0.0138,true,1,9206
8076800195132,false,ברילה - צ.א בבטה מס13 500 גרם,ברילה גי.אי.אר פרטלי ס.פ,IT,פסטה ברילה בבטה מס 1,גרמים,500.00,100 גרם,false,,6.90,0.0138,true,1,49956
8076802085738,false,ברילה צ.ק פנה רגטה מס' 73 500 גרם,ברילה גי.אי.אר פרטלי ס.פ,IT,פסטה ברילה פנה רגטה,גרמים,500.00,100 גרם,false,,6.90,0.0138,true,1,9204
8076802085837,false,ברילה - צ.ק טורטליוני מס83 500 גרם,הנסיך- מפעל לייצור ט,IT,פסטה ברילה טורטליוני,גרמים,500.00,100 גרם,false,,6.90,0.0138,true,1,49958
8076802085936,false,ברילה פסטה צ.ק. קונצילה ריגטה חדש,ברילה גי.אי.אר פרטלי ס.פ,IT,פסטה ברילה קונצילה ר,גרמים,500.00,100 גרם,false,,6.90,0.0138,true,1,16333
8076802085981,false,ברילה - צ.ק פוזילי חדש 500 גרם,ברילה גי.אי.אר פרטלי ס.פ,IT,פסטה ברילה פוזילי 50,גרמים,500.00,100 גרם,false,,6.90,0.0138,true,1,9209
8076808050440,false,פסטה מקרוני מספר 44 ברילה 500 גרם,ברילה Barilla,IT,מקרוני ברילה 500 גרם,גרמים,500.00,100 גרם,false,,6.90,0.0138,true,1,39550
8076808060654,false,פסטה פרפלה מספר 65 ברילה 500 גרם,ברילה גי.אי.אר פרטלי ס.פ,IT,פרפלה ברילה מס 65 50,גרמים,500.00,100 גרם,false,,6.90,0.0138,true,1,9208
8076809512268,false,פסטה גירנדולה טורסדס מספר 34 ברילה 500 גרם,ברילה גי.אי.אר פרטלי ס.פ,IT,פסטה ברילה גירנדולה,גרמים,500.00,100 גרם,false,,6.90,0.0138,true,1,9210
8076809513388,false,רוטב לפסטה ארביאטה ברילה 400 גרם,ברילה גי.אי.אר פרטלי ס.פ,IT,רוטב עגבניות ארביאטה,גרמים,400.00,100 גרם,false,,11.90,0.0298,true,1,10291
8076809513395,false,ברילה פומודורו רוטב עגבניות קלאסי 400 גר,ברילה גי.אי.אר פרטלי ס.פ,IT,רוטב עגבניות פומודור,גרמים,400.00,100 גרם,false,,11.90,0.0298,true,1,10290
8076809513654,false,בסיס רוטב עגבניות לבולונז ברילה 400 גרם,ברילה גי.אי.אר פרטלי ס.פ,IT,רוטב בסיס לבולונז בר,גרמים,400.00,100 גרם,false,,11.90,0.0298,true,1,10289
8076809513692,false,רוטב עגבניות נפולטנה בתוספת ירקות,ברילה גי.אי.אר פרטלי ס.פ,IT,רוטב עגבניות נפולטנה,גרמים,400.00,100 גרם,false,,11.90,0.0298,true,1,10292
8076809513739,false,ברילה רוטב עגבניות עם בזיליקום 400 גרם,ברילה גי.אי.אר פרטלי ס.פ,IT,רוטב עגבניות בזיליקו,גרמים,400.00,100 גרם,false,,11.90,0.0298,true,1,10293
8076809523561,false,רוטב עגבניות עם עשבי תיבול 400 ג' ברילה,ברילה גי.אי.אר פרטלי ס.פ,IT,רוטב עגבניות טוסקנה,גרמים,400.00,100 גרם,false,,11.90,0.0298,true,1,10288
8076809523738,false,דפי לזניה ברילה 500 גרם,ברילה גי.אי.אר פרטלי ס.פ,IT,לזניה ברילה 500 גרם,גרמים,500.00,100 גרם,false,,19.90,0.0398,true,1,9213
8076809545440,false,ברילה איטריות ללא גלוטן 400 גר,ברילה ג'.אי.אר פרטלי,IT,ספגטי ל.גלוטן ברילה,גרמים,500.00,100 גרם,false,,14.90,0.0298,true,1,19453
8076809545457,false,ברילה אטריות ללא גלוטן 400 ג' צינורות 400 ג',ברילה ג'.אי.אר פרטלי,IT,פסטה פנה ל.גלוטן ברי,גרמים,400.00,100 גרם,false,,14.90,0.0373,true,1,19454
8076809545464,false,ברילה פסטה ללא גלוטן צורת ספירלי 400 גר,מולינו אנדריאני אס.א,IT,פסטה פוסילי ל.גלוטן,גרמים,500.00,100 גרם,false,,14.90,0.0298,true,1,19455
8410076600790,false,נייצ'ר ואלי - חטיף שיבולת שועל עם דבש 210 גרם 1/5,ג'נרל מילס,ES,מארז נייטשר ואלי שיב,גרמים,210.00,100 גרם,false,,9.90,0.0471,true,1,25721
8410104039134,false,"מנקה ומחדש מדיח כלים פיניש 250 מ""ל",הדקלאים אגודת שיתופי,PL,מנקה מדיח פיניש 250,מיליליטרים,250.00,"100 מ""ל",false,,14.90,0.0596,true,1,2714
8410104044916,false,פיניש אבקה למדיח 2.7 לימון,רקיט בנקיזר,PL,אבקה למדיח פיניש 2.7,פריט,2.70,"ק""ג",false,,39.90,14.7778,true,1,2715
8410104045111,false,"פיניש מלח למדיח כלים 2ק""ג",רקיט בנקיזר,IL,"מלח למדיח פיניש 2 ק""",פריט,2.00,"ק""ג",false,,13.90,6.9500,true,1,43922
8410104437268,false,מפיג ריח רגיל למדיח פיניש 1 יחידה,רקיט בנקיזר,HU,מפיג ריח פיניש רענן,Unknown,0.00,יחידה,false,,14.90,0.0000,true,1,7352
8410104511340,false,ויט רצועות שעווה מוכנות לעור יבש 12 יחידות,רקיט בנקיזר צרפת,FR,רצועות שעווה לעור יב,Unknown,0.00,יחידה,false,,19.90,0.0000,true,1,52077
8435188458053,false,רפידת ספוג לנעליים,,,רפידת ספוג לנעליים,Unknown,0.00,יחידה,false,,12.90,0.0000,true,1,7793
8436575292205,false,ארטיק חמשושים מאגדת 15*12 גר',גלידות נסטלה )נגה גלידות,IL,שלגוני חמשושים 15 יח,גרמים,180.00,100 גרם,false,,18.90,0.1050,true,1,44766
8445290046284,false,רד מאג נס קפה קלאסיק 220 גרם,נסטלה ספרד קפה,ES,קפה נמס מגורען רד מא,גרמים,220.00,100 גרם,false,,18.90,0.0859,true,1,63889
8681873024519,false,כוסות פלסטיק חד פעמי 100 יח',פאלאס,CN,"כוסות ח""פ 100 יח",Unknown,0.00,יחידה,false,,5.90,0.0000,true,1,64673
8683323040100,false,מקלות יוגטה חיספוסים תותי פרוטי 35 גר,סאהדת,TR,יוגוטה מקלות תותי פר,גרמים,35.00,100 גרם,false,,1.50,0.0429,true,1,23168
8683323041107,false,מקלות יוגטה חיספוסים תות שדה 35 גר,מוטקה החולב,TR,יוגוטה מקלות תות שדה,גרמים,35.00,100 גרם,false,,1.50,0.0429,true,1,23130
8683323063024,false,יוגטה שטיחים בטעם תותי פרוטי 220 גרם,ליימן מותגים,TR,סוכריות גומי שטיחים,גרמים,220.00,100 גרם,false,,5.90,0.0268,true,1,26185
8690120160177,false,מארז וופל נאמבר וואן 24 יחידות,קומרה,TR,ופל מצופה קרם אגוזים,גרמים,840.00,100 גרם,false,,24.90,0.0296,true,1,60009
8690120160405,false,וופל נאמבר וואן ירוק 24 יחידות,קומרה,TR,ופל מצופה שוקולד חלב,גרמים,840.00,100 גרם,false,,24.90,0.0296,true,1,61424
8690120559995,false,וופל מצופה שוקולד מריר 35ג'*24 יח' NO1,קומרה,TR,ופל מצופה שוקולד מרי,גרמים,840.00,100 גרם,false,,24.90,0.0296,true,1,61425
8690120566139,false,וופל מצופה שוקולד מריר 35ג'*24 יח' NO1,קומרה,TR,ופל מצופה שוקולד מרי,גרמים,840.00,100 גרם,false,,24.90,0.0296,true,1,65267
8690531032377,false,פלפלים קטנים חריפים במי מלח 340 גרם,גנגיר גידה,TR,פלפל שיפקונית גורמט,גרמים,340.00,100 גרם,false,,6.80,0.0200,true,1,18623
8690646389274,false,פתיבר קלאסי בריידמן,אוילום,TR,פתיבר קלאסי בריידמן,פריט,2.00,"ק""ג",false,,19.90,9.9500,true,1,65291
8690646389281,false,פתיבר שוקו בריידמן 2,אוילום,TR,פתיבר שוקו בריידמן 2,פריט,2.00,"ק""ג",false,,19.90,9.9500,true,1,65266
8692952052491,false,סט 3 כוסות יין דגם ל,,,סט 3 כוסות יין דגם ל,Unknown,0.00,יחידה,false,,4.90,0.0000,true,1,65111
8693495041461,false,קולגייט זוג מברשות שיניים סלים סופט פחם,הנסיך- מפעל לייצור ט,CN,מברשת קולגייט שחור ס,Unknown,0.00,יחידה,false,,19.90,0.0000,true,1,18743
8693495052177,false,פלמוליב נטורלס תחליב רחצה זיתים 750 מל,קולגייט פלמוליב,TR,תחליב פלמוליב זיתים,מיליליטרים,750.00,"100 מ""ל",false,,19.50,0.0260,true,1,32742
8693495054058,false,פלמוליב ס.נוזלי לומינוס מקדמיה 750 משאבה,קולגייט פלמוליב,TR,ג'ל רחצה פלמוליב לומ,מיליליטרים,750.00,"100 מ""ל",false,,19.50,0.0260,true,1,59186
8693804095192,false,דפי פילו משולשים 40,אונלו מאמולרי,TR,דפי פילו משולשים 40,גרמים,600.00,100 גרם,false,,9.90,0.0165,true,1,62812
8693804095222,false,דפי פילו 44 יח',אונלו מאמולרי,TR,דפי פילו 44 יח',גרמים,800.00,100 גרם,false,,9.90,0.0124,true,1,62813
8697420697914,false,זיתים שחורים יבשים במלח 700 ג',אונטד גידה,TR,זית שחור יבש קרן 700,גרמים,700.00,100 גרם,false,,14.90,0.0213,true,1,38715
8697826469092,false,טורטיה קטנה שקדיה 540 גרם 12 יחידות,דין שיווק,TR,טורטיות 12*45 גרם,גרמים,540.00,100 גרם,false,,9.90,0.0183,true,1,8758
8697893501763,false,אטריות נודלס בנטי 35,אקרסן,TR,אטריות נודלס בנטי 35,גרמים,350.00,100 גרם,false,,4.90,0.0140,true,1,65638
8698829381152,false,טורטיה דורום 18*90 ג,מוטלוקאל גידה סאן טי,TR,טורטיה דורום 18*90 ג,פריט,1.62,"ק""ג",false,,19.90,12.2840,true,1,62784
8698996005783,false,ממחטות טישו 100*7 יחידות,פאלאס,TR,טישו נואה 7*100 יח,Unknown,700.00,יחידה,false,,11.90,0.0170,true,1,58974
8698996006636,false,מפיות גדולות איכותיו,פאלאס,TR,מפיות גדולות איכותיו,Unknown,0.00,יחידה,false,,6.90,0.0000,true,1,65625
8699905720698,false,טופי חמוץ אקסטרים בט,סאדת גידה,TR,טופי חמוץ אקסטרים בט,גרמים,256.00,100 גרם,false,,9.90,0.0387,true,1,61350
8699905720704,false,טופי חמוץ אקסטרים בט,סאדת גידה,TR,טופי חמוץ אקסטרים בט,גרמים,256.00,100 גרם,false,,9.90,0.0387,true,1,61351
8710428005762,false,תרכובת מזון לתינוקות על בסיס חלבון סויה איזומיל טף שלב 2,"אבוט מעבדות רפואיות בע""מ",NL,סימילאק איזומיל טף ש,גרמים,400.00,100 גרם,false,,39.90,0.0997,true,1,10417
8710502194825,false,מרבה - עוגיות שוקוצ'יפס כשר למהדרין 150 גרם,מרבה הולנד,NL,עוגיות שוקולד ציפס מ,גרמים,150.00,100 גרם,false,,4.90,0.0327,true,1,14596
8710800961310,false,סוכריות בטעם תות מנטוס 4*375 גרם,פרפטי ואן מלה ברדה,NL,מנטוס תות 4 יח,גרמים,150.00,100 גרם,false,,9.90,0.0660,true,1,2765
8711000362570,false,קפסולות קפה תואמות נספרסו פורזה 9 ל'אור 10 יחידות,גיקובס דאו אגברטס צר,FR,קפסולות לור פורזה למ,גרמים,52.00,100 גרם,false,,19.90,0.3827,true,1,43536
8711000362617,false,לור קפסולות קפה אספרסו לונגו פרופונדו 8,ג'\קובס דאו אגברטס צרפת,FR,קפסולות לור לונגו פר,גרמים,52.00,100 גרם,false,,19.90,0.3827,true,1,43537
8711000362631,false,קפסולות קפה תואמות נספרסו אוניקס 12 ל'אור 10 יחידות,גיקובס דאו אגברטס צרפת,FR,קפסולות לור אוניקס ל,גרמים,52.00,100 גרם,false,,19.90,0.3827,true,1,43538
8711000371183,false,ג'ייקובס קפסולות קפה אספרסו אינטסו עוצמה 10,ג'ייקובס דאו אגברטס צרפת,FR,קפסולות גייקובס אינט,גרמים,52.00,100 גרם,false,,16.90,0.3250,true,1,43532
8711000371206,false,ג'ייקובס קפסולות קפה אספרסו ריסטרטו עוצמה 12,ג'ייקובס דאו אגברטס צרפת,FR,קפסולות גייקובס ריסט,גרמים,52.00,100 גרם,false,,16.90,0.3250,true,1,43533
8711000515297,false,קפה נמס גייקובס ולוו,,,קפה נמס גייקובס ולוו,גרמים,200.00,100 גרם,false,,12.90,0.0645,true,1,64409
8712924078776,false,בצלצלי שאלוט 350 גרם,,NL,בצלצלי שאלוט 350 גרם,גרמים,350.00,100 גרם,false,,7.90,0.0226,true,1,65620
8714599410530,false,גייקובס קרונינג שקית רפיל 200 גרם,ג'יי.די.אי.,UA,קפה גיקובס קרוננג בש,גרמים,200.00,100 גרם,false,,19.90,0.0995,true,1,31167
8714599513781,false,"קפה נמס מיובש בהקפאה זהב צנצנת ג'ייקובס 200 גרם לל""ס",אל.אל. סי ג''יקובס דאו א,RU,קפה גיקובס קרנט זהב,גרמים,200.00,100 גרם,false,,17.90,0.0895,true,1,20657
8714599513866,false,"קפה נמס מיובש בהקפאה קרונג צנצנת ג'ייקובס 200 גרם לל""ס",אל.אל.סי גייקובס דאו,DE,קפה גיקובס קרוננג 20,גרמים,200.00,100 גרם,false,,17.90,0.0895,true,1,20656
8714789177229,false,רבעיית מברשות שיניים קולגייט אקסטרה קלין 1 יחידה,הנסיך- מפעל לייצור ט,CN,מברשת קולגייט מדיום,Unknown,0.00,יחידה,false,,9.90,0.0000,true,1,7038
8714789402918,false,נוזל לניקוי כללי ורצפות בניחוח פרחי בר אג'קס 1.5 ליטר,הנסיך- מפעל לייצור ט,GR,אגקס חגיגת הפרחים אד,קילוגרמים,1.50,ליטר,false,,18.90,12.6000,true,1,9071
8714789402932,false,נוזל לניקוי כללי ורצפות בניחוח ורדי בוקר אג'קס 1.5 ליטר,הנסיך- מפעל לייצור ט,GR,אגקס חגיגת הפרחים ור,קילוגרמים,1.50,ליטר,false,,18.90,12.6000,true,1,9072
8714789402970,false,נוזל לניקוי כללי ורצפות בניחוח פרחי אביב אגק'ס 1.5 ליטר,הנסיך- מפעל לייצור ט,GR,אגקס חגיגת הפרחים פר,קילוגרמים,1.50,ליטר,false,,18.90,12.6000,true,1,9073
8714789529561,false,"משחת שיניים סנסטיב פרו ריליף להלבנה קולגייט 75 מ""ל",קולגייט-פלמוליב,BR,משחת קולגייט סנסטיב,מיליליטרים,75.00,"100 מ""ל",false,,21.90,0.2920,true,1,50148
8715700115849,false,מתבל עגבניות היינץ1.35קג,היינץ,US,"קטשופ היינץ 1.35 ק""ג",פריט,1.35,"ק""ג",false,,14.90,11.0370,true,1,36016
8715700423906,false,היינץ מתבל עגבניות מופחת סוכר ומלח 50/50 550 גרם,היינץ צפון אמריקה מק,NL,מתבל עגבניות היינץ 5,גרמים,555.00,100 גרם,false,,9.90,0.0178,true,1,58154
8718114724485,false,מיונז לחיץ הלמנס 705,יוניליוור,GB,מיונז לחיץ הלמנס 705,גרמים,705.00,100 גרם,false,,15.90,0.0226,true,1,63893
8718951093331,false,מרידול זוג מברשות שיניים אקסטרה סופט,קולגייט פלמוליב,CH,מברשת מרידול אקסטרה,Unknown,0.00,יחידה,false,,18.90,0.0000,true,1,44015
8718951159808,false,מברשות שיניים 360 מדיום- מארז שלישייה,קולגייט-פלמוליב,CN,מברשת קולגייט 360 מד,Unknown,0.00,יחידה,false,,24.90,0.0000,true,1,35443
8718951259409,false,"פלמוליב תחליב רחצה נטורלס לעור עדין 750 מ""ל",קולגייט פלמוליב,IT,תחליב פלמוליב נטורלס,מיליליטרים,750.00,"100 מ""ל",false,,19.50,0.0260,true,1,64053
8718951264618,false,"קולגייט אופטיק וייט פחם צ'רקול משחת שיניים, 75 מ""ל",קולגייט-פלמוליב,PL,משחת קולגייט אופטיק,גרמים,75.00,100 גרם,false,,28.90,0.3853,true,1,54004
8718951265103,false,מברשת שיניים קולגייט אולטרה סופט זוג,קולגייט פלמוליב,CN,מברשת קולגייט אולטרה,Unknown,0.00,יחידה,false,,29.90,0.0000,true,1,47675
8718951289833,false,פלמוליב סבון מוצק רביעייה לומינוס 360 ג,קולגייט פלמוליב,TR,סבון מוצק פלמוליב לו,גרמים,360.00,100 גרם,false,,16.50,0.0458,true,1,48901
8718951315303,false,"קולגייט אדומה משחת שיניים להגנה מפני עששת 2*100 מ""ל",קולגייט-פלמוליב,PL,משחת קולגייט מקסימום,גרמים,200.00,100 גרם,false,,15.90,0.0795,true,1,55257
8718951370135,false,"סבון נוזלי ארומה סנסיישן גלואו 750 מ""ל פלמוליב",קולגייט פלמוליב,TR,תחליב פלמוליב ארומה,מיליליטרים,750.00,"100 מ""ל",false,,19.50,0.0260,true,1,52079
8718951385290,false,נוזל לניקוי כללי ורצפות אג'קס 2 ליטר,קולגייט פלמוליב,GR,נוזל אג'קס מרענן 2 ל,קילוגרמים,2.00,ליטר,false,,19.90,9.9500,true,1,55092
8718951409798,false,זוג מברשות שיניים מקס וויט פחם קולגייט,הנסיך- מפעל לייצור ט,PL,מברשת קולגייט מקס וו,Unknown,0.00,יחידה,false,,24.90,0.0000,true,1,59709
8718951431614,false,"סבון רחצה סו פירם מינרלים 750 מ""ל פלמוליב",קולגייט פלמוליב,TR,ג'ל רחצה פלמוליב פיר,מיליליטרים,750.00,"100 מ""ל",false,,19.50,0.0260,true,1,59426
8718951433120,false,קולגייט טוטאל משחת שיניים לילדים לגילאי,קולגייט פלמוליב,PL,משחת קולגייט טוטאל ג,מיליליטרים,50.00,"100 מ""ל",false,,14.90,0.2980,true,1,63696
8718951509627,false,"קולגייט אופטיק וייט לאוהבי קפה ותה משחת שיניים 75 מ""ל",קולגייט פלמוליב,PL,משחת קולגייט אופטיק,גרמים,75.00,100 גרם,false,,28.90,0.3853,true,1,62396
8718973062391,false,סט פותחן בקבוקים,,,סט פותחן בקבוקים,Unknown,0.00,יחידה,false,,19.90,0.0000,true,1,65113
8719200998001,false,מרגרינה לאפיה ובישול בלי מלח 200 ג' בלו בנד,יוניליוור ישראל מזון בע\,IL,מרגרינה ללא מלח בלוב,גרמים,200.00,100 גרם,false,,4.30,0.0215,true,1,49650
8719200998018,false,מחמאה מרגרינה בטעם חמאה בלובנד 200 גרם,"מיוצר ע""\י יוניליוור ישר",IL,מחמאה בלובנד 200 גרם,גרמים,200.00,100 גרם,false,,4.30,0.0215,true,1,49223
8719200998049,false,"מרגרינה מזולה גלורי רגיל 250גר 8 יחידות -כשל""פ","מיוצר ע""\י יוניליוור ישר",IL,מרגרינה מזולה 250 גר,גרמים,250.00,100 גרם,false,,9.30,0.0372,true,1,49331
8719200998094,false,"מרגרינה מזולה לאפיה ללא תוספת מלח 200גר - 40 יח' -כשל""פ","מיוצר ע""\י יוניליוור ישר",IL,מרגרינה מזולה 200 גר,גרמים,200.00,100 גרם,false,,6.50,0.0325,true,1,49531
8719200998100,false,מרגרינה מזולה לאפיה טעם חמאה 200גר - 40 יח',פארייפאבה אגרואינדוס,IL,מרגרינה בטעם חמאה מז,גרמים,200.00,100 גרם,false,,6.50,0.0325,true,1,49151
8723400756552,false,מארז סוכריות מנטוס Mentos ריינבואו,פרפטי ואן מלה ברדה,NL,מנטוס צבעי הקשת 4 יח,גרמים,150.00,100 גרם,false,,9.90,0.0660,true,1,7964
8801055707966,false,קפה טייסטר צו'יס נס קפה בריסטה 180ג',נסטלה קוריאה - קפה,KR,קפה נמס טסטרס צויס ב,גרמים,180.00,100 גרם,false,,29.90,0.1661,true,1,22797
8809168840471,false,חטיף אצות מיובשות 9*4.5 גרם,ג'י וואן גלובול נאט,KR,חטיף אצות מיובשות מז,גרמים,40.50,100 גרם,false,,22.90,0.5654,true,1,57097
8850006932964,false,מארז מברשות שיניים טוויסטר קולגייט חמישייה,קולגייט פלמוליב,VN,מברשת קולגייט טוויסט,Unknown,0.00,יחידה,false,,21.90,0.0000,true,1,54489
8850180040028,false,קמח טמפורה להכנת בלי,קרנחם אוטאי פחרה,TH,טמפורה מזרח ומערב 50,גרמים,500.00,100 גרם,false,,10.90,0.0218,true,1,49713
8850206250592,false,רוטב צ'ילי סריראצ'ה 540 גרם (מזרח ומערב),יאן וואל יון קו.לטד,TH,רוטב צ'ילי סרירצ'ה מ,גרמים,540.00,100 גרם,false,,19.50,0.0361,true,1,49724
8850367992164,false,קרם קוקוס 250 מל 20-22% ללא חומר משמר,טאפאדונגפורן קוקנט,TH,קרם קוקוס ל.גלוטן 20,מיליליטרים,250.00,"100 מ""ל",false,,7.90,0.0316,true,1,49703
8850367992171,false,קרם קוקוס 1 ליטר 20-22% ללא חומר משמר,טאפאדונגפורן קוקינט,TH,קרם קוקוס מזרח ומערב,קילוגרמים,1.00,ליטר,false,,18.90,18.9000,true,1,49725
8850367994021,false,"רוטב צ'ילי מתוק ללא סוכר מזרח ומערב ללא גלוטן 280 מ""ל",c coconut Theppadungporn,TH,רוטב צ'ילי מתוק ללא,מיליליטרים,280.00,"100 מ""ל",false,,9.90,0.0354,true,1,64786
8850367994779,false,מחית קארי ירוקה 50 גרם,טאפאדונגפורן קוקינט,TH,מחית קארי ירוקה מאי,גרמים,50.00,100 גרם,false,,4.90,0.0980,true,1,64790
8850367994786,false,מחית קארי אדומה 50 גרם,טאפאדונגפורן קוקינט,TH,מחית קארי אדומה מאי,גרמים,50.00,100 גרם,false,,4.90,0.0980,true,1,64791
8850389105825,false,משקה אלוורה בטעם ענבים סאפה 1 ליטר,סאפה פובליק קומפני לימיט,TH,משקה אלוורה סאפה ענב,קילוגרמים,1.00,ליטר,false,,11.90,11.9000,true,1,20098
8850389105832,false,סאפה משקה אלוורה בטעם תפוח עם קוביות אלוורה 1 ליטר,סאפה פובליק קומפני לימיט,TH,משקה אלוורה סאפה תפו,קילוגרמים,1.00,ליטר,false,,11.90,11.9000,true,1,20095
8850389105849,false,סאפה משקה אלוורה מופחת קלוריות בטעם אפרסק 1 ליטר,סאפה פובליק קומפני לימיט,TH,משקה אלוורה סאפה אפר,קילוגרמים,1.00,ליטר,false,,11.90,11.9000,true,1,20094
8858271002870,false,רוטב פאד תאי 250 מ'ל - מקסצ'אפ,"ייאן וואל יון בע""מ",TH,רוטב פאד תאי מזרח ומ,מיליליטרים,250.00,"100 מ""ל",false,,9.90,0.0396,true,1,49714
8858271002887,false,רוטב טריאקי 250 מ'ל - מקסצ'אפ,דאנינג יוה פודס קו,TH,רוטב טריאקי מזרח ומע,מיליליטרים,250.00,"100 מ""ל",false,,9.90,0.0396,true,1,49715
8858271003020,false,רוטב סויה פורמולה 1 - 700 מ'ל מקסצ'אפ,יאן ונזל יון,TH,רוטב סויה מזרח ומערב,מיליליטרים,700.00,"100 מ""ל",false,,14.90,0.0213,true,1,49726
8858271003075,false,"רוטב סויה מתוקה מקסצ'אפ 700 מ""ל",דאנינג יוה פודס קו,TH,רוטב סויה מתוקה מקסצ,מיליליטרים,700.00,"100 מ""ל",false,,14.90,0.0213,true,1,64787
8858271003921,false,רוטב קארי אדום 250 מ'ל - מקסצ'אפ,יאן וואל יאן,TH,רוטב קארי אדום מקסצ',מיליליטרים,250.00,"100 מ""ל",false,,9.90,0.0396,true,1,57099
8858271003938,false,רוטב קארי ירוק 250 מ'ל - מקסצ'אפ,"ייאן וואל יון בע""מ",TH,רוטב קארי ירוק מקסצ',מיליליטרים,250.00,"100 מ""ל",false,,9.90,0.0396,true,1,57100
8858271004034,false,רוטב צ'ילי חריף 700 מ'ל מקסצ'אפ,דאנינג יוה פודס קו,TH,רוטב צ'ילי חריף מקסצ,מיליליטרים,700.00,"100 מ""ל",false,,14.90,0.0213,true,1,64788
8858271004126,false,רוטב חמוץ מתוק 700 מ'ל - מקסצ'אפ,יאן ונזל יון,TH,רוטב חמוץ מתוק מזרח,מיליליטרים,700.00,"100 מ""ל",false,,14.90,0.0213,true,1,49877
8858271004799,false,"רוטב צילי מתוק אל פורפסיס 700 מ""ל",יאן ונזל יון,TH,רוטב צ'ילי מתוק מזרח,מיליליטרים,700.00,"100 מ""ל",false,,12.50,0.0179,true,1,49716
8858271005772,false,"רוטב סויה ללא גלוטן (תמרי)300 מ""ל (כ)",יאן ונזל יון,TH,רוטב סויה מקסצ'פ ללא,מיליליטרים,300.00,"100 מ""ל",false,,15.90,0.0530,true,1,52474
8888111030053,false,"מיץ אננס SW טבעי מארז 240X4מ""ל פרימיום",אקו - ביט,PH,מארז מיץ אננס 4*240,מיליליטרים,960.00,"100 מ""ל",false,,12.90,0.0134,true,1,25943
8901537024014,false,"אורז בסמטי מובחר 1 ק""ג - דוואט) יורה דיעה",הנסיך- מפעל לייצור ט,IN,אורז בסמטי דאווט 1 ק,פריט,1.00,"ק""ג",false,,11.90,11.9000,true,1,32832
8901537076679,false,"אורז בסמטי חום מהדרין ויליפוד 1 ק""ג",האי נאם סי או אל.טי.,IN,אורז בסמטי חום מלא ד,פריט,1.00,"ק""ג",false,,11.90,11.9000,true,1,47351
8908003972220,false,צנימים דורומי 300 גר,טי.אר.די.פי הפי וורל,IN,צנימים דורומי 300 גר,גרמים,300.00,100 גרם,false,,7.90,0.0263,true,1,65068
8934878081811,false,"דפי אורז 22 ס""מ 400 גר'(Trav) ללא גלוטן",דאנינג יוה פודס קו,VN,דפי אורז ללא גלוטן 2,גרמים,400.00,100 גרם,false,,10.90,0.0273,true,1,49717
8938535541366,false,דפי אורז צבעוניים ללא גלוטן 400 גרם,Ltd Company Khang .Chanh,VN,דפי אורז צבעוניים לל,גרמים,400.00,100 גרם,false,,14.90,0.0373,true,1,57096
9000101536560,false,פרסיל פאוור קפסולות 70 יח,הנקל סוד,RS,קפסולות ג'ל פרסיל 70,Unknown,0.00,יחידה,false,,49.90,0.0000,true,1,63624
9000101548211,false,קולור קאצ'ר לוכד צבעים40,הנקל סוד,IE,קולור קאצר 40 דפים ל,Unknown,0.00,יחידה,false,,29.90,0.0000,true,1,64107
9000101548419,false,דפים למכונת כביסה קאצ'ר מחדש צבע לבן 20 יח' קולור,"הנקל סוד בע""\מ",IE,קולור קאצר 18 דפים מ,Unknown,0.00,יחידה,false,,14.90,0.0000,true,1,64108
9310140006215,false,אורז אוסטרלי 2 ק''ג סנוואיט,קפיטל רייס אל טי די,IN,אורז אוסטרלי עגול 2,פריט,2.00,"ק""ג",false,,19.90,9.9500,true,1,30940
9720188060108,false,ממרח על בסיס סויה בסגון שמנת טופוטי 340 גרם,טופוטי ברנדס אינק.ג',IL,ממרח סויה בסגנון שמנ,גרמים,340.00,100 גרם,false,,18.90,0.0556,true,1,7527
